{"id":"gen9vgc2023regulationc-1855451563","p1":"Ricardo Randorez","p2":"mrbadd","format":"[Gen 9] VGC 2023 Regulation C","log":"|j|\u2606Ricardo Randorez\n|j|\u2606mrbadd\n|t:|1682952690\n|gametype|doubles\n|player|p1|Ricardo Randorez|1|1218\n|player|p2|mrbadd|rocker-gen1rb|1301\n|teamsize|p1|6\n|teamsize|p2|6\n|gen|9\n|tier|[Gen 9] VGC 2023 Regulation C\n|rated|\n|rule|Species Clause: Limit one of each Pok\u00e9mon\n|rule|Item Clause: Limit one of each item\n|clearpoke\n|poke|p1|Glimmora, L50, M|\n|poke|p1|Maushold-Four, L50|\n|poke|p1|Dondozo, L50, M|\n|poke|p1|Tatsugiri, L50, F|\n|poke|p1|Garganacl, L50, F|\n|poke|p1|Wo-Chien, L50|\n|poke|p2|Roaring Moon, L50|\n|poke|p2|Ting-Lu, L50|\n|poke|p2|Iron Bundle, L50|\n|poke|p2|Garganacl, L50, M|\n|poke|p2|Arcanine, L50, F|\n|poke|p2|Amoonguss, L50, F|\n|teampreview|4\n|inactive|Battle timer is ON: inactive players will automatically lose when time's up. (requested by Ricardo Randorez)\n|\n|t:|1682952715\n|start\n|switch|p1a: Glimmora|Glimmora, L50, M, shiny|100\/100\n|switch|p1b: Maushold|Maushold-Four, L50|100\/100\n|switch|p2a: Arcanine|Arcanine, L50, F|100\/100\n|switch|p2b: Roaring Moon|Roaring Moon, L50, shiny|100\/100\n|-ability|p2a: Arcanine|Intimidate|boost\n|-unboost|p1a: Glimmora|atk|1\n|-unboost|p1b: Maushold|atk|1\n|-enditem|p2b: Roaring Moon|Booster Energy\n|-activate|p2b: Roaring Moon|ability: Protosynthesis|[fromitem]\n|-start|p2b: Roaring Moon|protosynthesisatk\n|turn|1\n|inactive|Ricardo Randorez has 30 seconds left.\n|inactive|mrbadd has 30 seconds left.\n|inactive|Ricardo Randorez has 20 seconds left.\n|\n|t:|1682952755\n|switch|p2a: Ting-Lu|Ting-Lu, L50|100\/100\n|-ability|p2a: Ting-Lu|Vessel of Ruin\n|move|p1b: Maushold|Feint|p1a: Glimmora\n|-resisted|p1a: Glimmora\n|-damage|p1a: Glimmora|99\/100\n|-activate|p1a: Glimmora|ability: Toxic Debris\n|-sidestart|p2: mrbadd|move: Toxic Spikes\n|move|p2b: Roaring Moon|Acrobatics|p1b: Maushold\n|-damage|p1b: Maushold|34\/100\n|move|p1a: Glimmora|Mortal Spin|p2b: Roaring Moon|[spread] p2a,p2b\n|-resisted|p2a: Ting-Lu\n|-damage|p2a: Ting-Lu|99\/100\n|-damage|p2b: Roaring Moon|97\/100\n|-status|p2a: Ting-Lu|psn\n|-status|p2b: Roaring Moon|psn\n|\n|-damage|p2b: Roaring Moon|84\/100 psn|[from] psn\n|-damage|p2a: Ting-Lu|87\/100 psn|[from] psn\n|upkeep\n|turn|2\n|inactive|Ricardo Randorez has 30 seconds left.\n|inactive|Ricardo Randorez has 20 seconds left.\n|\n|t:|1682952793\n|move|p2b: Roaring Moon|Acrobatics|p1b: Maushold\n|-damage|p1b: Maushold|0 fnt\n|faint|p1b: Maushold\n|move|p1a: Glimmora|Power Gem|p2b: Roaring Moon\n|-damage|p2b: Roaring Moon|59\/100 psn\n|move|p2a: Ting-Lu|Stomping Tantrum|p1a: Glimmora\n|-supereffective|p1a: Glimmora\n|-damage|p1a: Glimmora|0 fnt\n|-activate|p1a: Glimmora|ability: Toxic Debris\n|-sidestart|p2: mrbadd|move: Toxic Spikes\n|faint|p1a: Glimmora\n|\n|-damage|p2b: Roaring Moon|47\/100 psn|[from] psn\n|-damage|p2a: Ting-Lu|75\/100 psn|[from] psn\n|upkeep\n|\n|t:|1682952809\n|switch|p1b: Garganacl|Garganacl, L50, F|100\/100\n|switch|p1a: Wo-Chien|Wo-Chien, L50|100\/100\n|-ability|p1a: Wo-Chien|Tablets of Ruin\n|turn|3\n|\n|t:|1682952828\n|-terastallize|p1a: Wo-Chien|Fairy\n|move|p2b: Roaring Moon|Acrobatics|p1a: Wo-Chien\n|-damage|p1a: Wo-Chien|67\/100\n|move|p1a: Wo-Chien|Leech Seed|p2a: Ting-Lu\n|-start|p2a: Ting-Lu|move: Leech Seed\n|move|p2a: Ting-Lu|Ruination|p1b: Garganacl\n|-damage|p1b: Garganacl|51\/100\n|move|p1b: Garganacl|Iron Defense|p1b: Garganacl\n|-boost|p1b: Garganacl|def|2\n|\n|-heal|p1a: Wo-Chien|73\/100|[from] item: Leftovers\n|-damage|p2a: Ting-Lu|63\/100 psn|[from] Leech Seed|[of] p1a: Wo-Chien\n|-heal|p1a: Wo-Chien|90\/100|[silent]\n|-damage|p2b: Roaring Moon|35\/100 psn|[from] psn\n|-damage|p2a: Ting-Lu|51\/100 psn|[from] psn\n|upkeep\n|turn|4\n|inactive|Ricardo Randorez has 30 seconds left.\n|inactive|mrbadd has 30 seconds left.\n|inactive|mrbadd has 20 seconds left.\n|inactive|mrbadd has 15 seconds left.\n|inactive|mrbadd has 10 seconds left.\n|\n|t:|1682952877\n|move|p2b: Roaring Moon|Acrobatics|p1a: Wo-Chien\n|-damage|p1a: Wo-Chien|53\/100\n|move|p1a: Wo-Chien|Pollen Puff|p1b: Garganacl\n|-heal|p1b: Garganacl|100\/100\n|move|p2a: Ting-Lu|Ruination|p1a: Wo-Chien\n|-damage|p1a: Wo-Chien|27\/100\n|move|p1b: Garganacl|Body Press|p2a: Ting-Lu\n|-supereffective|p2a: Ting-Lu\n|-damage|p2a: Ting-Lu|0 fnt\n|faint|p2a: Ting-Lu\n|\n|-heal|p1a: Wo-Chien|33\/100|[from] item: Leftovers\n|-damage|p2b: Roaring Moon|23\/100 psn|[from] psn\n|upkeep\n|\n|t:|1682952897\n|switch|p2a: Arcanine|Arcanine, L50, F|100\/100\n|-status|p2a: Arcanine|tox\n|-ability|p2a: Arcanine|Intimidate|boost\n|-unboost|p1a: Wo-Chien|atk|1\n|-unboost|p1b: Garganacl|atk|1\n|turn|5\n|\n|t:|1682952917\n|move|p1a: Wo-Chien|Protect|p1a: Wo-Chien\n|-singleturn|p1a: Wo-Chien|Protect\n|move|p2b: Roaring Moon|Acrobatics|p1a: Wo-Chien\n|-activate|p1a: Wo-Chien|move: Protect\n|move|p2a: Arcanine|Flare Blitz|p1a: Wo-Chien\n|-activate|p1a: Wo-Chien|move: Protect\n|move|p1b: Garganacl|Salt Cure|p2a: Arcanine\n|-supereffective|p2a: Arcanine\n|-damage|p2a: Arcanine|85\/100 tox\n|-start|p2a: Arcanine|Salt Cure\n|\n|-heal|p1a: Wo-Chien|38\/100|[from] item: Leftovers\n|-damage|p2b: Roaring Moon|10\/100 psn|[from] psn\n|-damage|p2a: Arcanine|79\/100 tox|[from] psn\n|-damage|p2a: Arcanine|67\/100 tox|[from] Salt Cure\n|upkeep\n|turn|6\n|l|\u2606Ricardo Randorez\n|inactive|Ricardo Randorez disconnected and has a minute to reconnect!\n|player|p1|\n|j|\u2606Ricardo Randorez\n|inactive|Ricardo Randorez reconnected and has 45 seconds left.\n|player|p1|Ricardo Randorez|1\n|l|\u2606Ricardo Randorez\n|inactive|Ricardo Randorez disconnected and has a minute to reconnect!\n|player|p1|\n|j|\u2606Ricardo Randorez\n|inactive|Ricardo Randorez reconnected and has 35 seconds left.\n|player|p1|Ricardo Randorez|1\n|inactive|Ricardo Randorez has 30 seconds left.\n|inactive|Ricardo Randorez has 20 seconds left.\n|inactive|Ricardo Randorez has 15 seconds left.\n|inactive|Ricardo Randorez has 10 seconds left.\n|\n|t:|1682952964\n|move|p2b: Roaring Moon|Acrobatics|p1a: Wo-Chien\n|-damage|p1a: Wo-Chien|5\/100\n|move|p2a: Arcanine|Flare Blitz|p1a: Wo-Chien\n|-damage|p1a: Wo-Chien|0 fnt\n|faint|p1a: Wo-Chien\n|-damage|p2a: Arcanine|65\/100 tox|[from] Recoil\n|move|p1b: Garganacl|Salt Cure|p2b: Roaring Moon\n|-crit|p2b: Roaring Moon\n|-damage|p2b: Roaring Moon|0 fnt\n|faint|p2b: Roaring Moon\n|-end|p2b: Roaring Moon|Protosynthesis|[silent]\n|\n|-damage|p2a: Arcanine|53\/100 tox|[from] psn\n|-damage|p2a: Arcanine|41\/100 tox|[from] Salt Cure\n|upkeep\n|inactive|mrbadd has 30 seconds left.\n|\n|t:|1682952992\n|switch|p2b: Iron Bundle|Iron Bundle, L50|100\/100\n|-status|p2b: Iron Bundle|tox\n|turn|7\n|\n|t:|1682953016\n|move|p2b: Iron Bundle|Hydro Pump|p1b: Garganacl|[miss]\n|-miss|p2b: Iron Bundle|p1b: Garganacl\n|move|p2a: Arcanine|Flare Blitz|p1b: Garganacl\n|-resisted|p1b: Garganacl\n|-damage|p1b: Garganacl|93\/100\n|-damage|p2a: Arcanine|39\/100 tox|[from] Recoil\n|move|p1b: Garganacl|Salt Cure|p2b: Iron Bundle\n|-supereffective|p2b: Iron Bundle\n|-damage|p2b: Iron Bundle|76\/100 tox\n|-start|p2b: Iron Bundle|Salt Cure\n|\n|-damage|p2b: Iron Bundle|70\/100 tox|[from] psn\n|-damage|p2a: Arcanine|20\/100 tox|[from] psn\n|-damage|p2b: Iron Bundle|45\/100 tox|[from] Salt Cure\n|-damage|p2a: Arcanine|8\/100 tox|[from] Salt Cure\n|upkeep\n|-enditem|p2a: Arcanine|Figy Berry|[eat]\n|-heal|p2a: Arcanine|41\/100 tox|[from] item: Figy Berry\n|turn|8\n|c|\u2606Ricardo Randorez|I body pressed the wrong guy\n|\n|t:|1682953038\n|move|p2b: Iron Bundle|Hydro Pump|p1b: Garganacl\n|-supereffective|p1b: Garganacl\n|-damage|p1b: Garganacl|0 fnt\n|faint|p1b: Garganacl\n|\n|win|mrbadd\n|raw|Ricardo Randorez's rating: 1218 → 1199<\/strong> (-19 for losing)\n|raw|mrbadd's rating: 1301 → 1316<\/strong> (+15 for winning)\n|c|\u2606mrbadd|omg\n|c|\u2606Ricardo Randorez|Wack\n|c|\u2606Ricardo Randorez|I shoulda hit turn roaring moon\n|c|\u2606mrbadd|no spef\n|c|\u2606mrbadd|no tera\n|c|\u2606Ricardo Randorez|but I liked the ting Lu\n|c|\u2606Ricardo Randorez|bad choice by me gg\n|c|\u2606mrbadd|gg\n|c|\u2606mrbadd|nice fight\n|c|\u2606Ricardo Randorez|Oh yeah I shoulda Tera lol\n|c|\u2606mrbadd|i thought u had my pack smoked\n|c|\u2606Ricardo Randorez|I forgot\n|c|\u2606mrbadd|gg\n|c|\u2606Ricardo Randorez|My gf asked a question and molested me\n|l|\u2606Ricardo Randorez\n|c|\u2606mrbadd|fair\n","uploadtime":1682953105,"views":17,"p1id":"ricardorandorez","p2id":"mrbadd","formatid":"gen9vgc2023regulationc","rating":1199,"private":0,"password":""}