{"id":"gen9vgc2023regulationc-1855305279","p1":"haha you rage quit","p2":"Pnutnoob","format":"[Gen 9] VGC 2023 Regulation C","log":"|j|\u2606haha you rage quit\n|j|\u2606Pnutnoob\n|t:|1682933772\n|gametype|doubles\n|player|p1|haha you rage quit|pokemaniac|1257\n|player|p2|Pnutnoob|unknown|1160\n|teamsize|p1|6\n|teamsize|p2|6\n|gen|9\n|tier|[Gen 9] VGC 2023 Regulation C\n|rated|\n|rule|Species Clause: Limit one of each Pok\u00e9mon\n|rule|Item Clause: Limit one of each item\n|clearpoke\n|poke|p1|Indeedee-F, L50, F|\n|poke|p1|Hatterene, L50, F|\n|poke|p1|Kingambit, L50, M|\n|poke|p1|Torkoal, L50, M|\n|poke|p1|Greedent, L50, M|\n|poke|p1|Armarouge, L50, M|\n|poke|p2|Great Tusk, L50|\n|poke|p2|Pelipper, L50, F|\n|poke|p2|Palafin, L50, F|\n|poke|p2|Chien-Pao, L50|\n|poke|p2|Amoonguss, L50, F|\n|poke|p2|Gholdengo, L50|\n|teampreview|4\n|inactive|Battle timer is ON: inactive players will automatically lose when time's up. (requested by Pnutnoob)\n|\n|t:|1682933810\n|start\n|switch|p1a: Greedent|Greedent, L50, M, shiny|100\/100\n|switch|p1b: Indeedee|Indeedee-F, L50, F, shiny|100\/100\n|switch|p2a: Gholdengo|Gholdengo, L50|100\/100\n|switch|p2b: Chien-Pao|Chien-Pao, L50|100\/100\n|-ability|p2b: Chien-Pao|Sword of Ruin\n|-fieldstart|move: Psychic Terrain|[from] ability: Psychic Surge|[of] p1b: Indeedee\n|-enditem|p1b: Indeedee|Psychic Seed\n|-boost|p1b: Indeedee|spd|1|[from] item: Psychic Seed\n|turn|1\n|\n|t:|1682933832\n|move|p1a: Greedent|Protect|p1a: Greedent\n|-singleturn|p1a: Greedent|Protect\n|move|p2b: Chien-Pao|Ice Spinner|p1b: Indeedee\n|-damage|p1b: Indeedee|23\/100\n|-fieldend|move: Psychic Terrain\n|-damage|p2b: Chien-Pao|91\/100|[from] item: Life Orb\n|move|p2a: Gholdengo|Make It Rain|p1a: Greedent|[spread] p1b\n|-activate|p1a: Greedent|move: Protect\n|-damage|p1b: Indeedee|0 fnt\n|-unboost|p2a: Gholdengo|spa|1\n|faint|p1b: Indeedee\n|\n|upkeep\n|\n|t:|1682933844\n|switch|p1b: Hatterene|Hatterene, L50, F|100\/100\n|turn|2\n|\n|t:|1682933866\n|-terastallize|p1b: Hatterene|Water\n|move|p2b: Chien-Pao|Ice Spinner|p1b: Hatterene\n|-resisted|p1b: Hatterene\n|-damage|p1b: Hatterene|61\/100\n|-damage|p2b: Chien-Pao|81\/100|[from] item: Life Orb\n|move|p2a: Gholdengo|Make It Rain|p1b: Hatterene|[spread] p1a,p1b\n|-resisted|p1b: Hatterene\n|-damage|p1a: Greedent|64\/100\n|-damage|p1b: Hatterene|34\/100\n|-unboost|p2a: Gholdengo|spa|1\n|move|p1a: Greedent|Belly Drum|p1a: Greedent\n|-damage|p1a: Greedent|15\/100\n|-setboost|p1a: Greedent|atk|6|[from] move: Belly Drum\n|-enditem|p1a: Greedent|Sitrus Berry|[eat]\n|-heal|p1a: Greedent|39\/100|[from] item: Sitrus Berry\n|-heal|p1a: Greedent|72\/100|[from] ability: Cheek Pouch\n|move|p1b: Hatterene|Trick Room|p1b: Hatterene\n|-fieldstart|move: Trick Room|[of] p1b: Hatterene\n|\n|upkeep\n|turn|3\n|inactive|haha you rage quit has 30 seconds left.\n|inactive|Pnutnoob has 30 seconds left.\n|inactive|Pnutnoob has 20 seconds left.\n|\n|t:|1682933903\n|move|p1b: Hatterene|Protect|p1b: Hatterene\n|-singleturn|p1b: Hatterene|Protect\n|move|p2b: Chien-Pao|Sucker Punch||[still]\n|-fail|p2b: Chien-Pao\n|move|p1a: Greedent|Earthquake|p2b: Chien-Pao|[spread] p2a,p2b\n|-activate|p1b: Hatterene|move: Protect\n|-supereffective|p2a: Gholdengo\n|-damage|p2a: Gholdengo|0 fnt\n|-damage|p2b: Chien-Pao|0 fnt\n|faint|p2a: Gholdengo\n|faint|p2b: Chien-Pao\n|\n|upkeep\n|\n|t:|1682933914\n|switch|p2a: Palafin|Palafin, L50, F|100\/100\n|switch|p2b: Pelipper|Pelipper, L50, F|100\/100\n|-weather|RainDance|[from] ability: Drizzle|[of] p2b: Pelipper\n|turn|4\n|inactive|haha you rage quit has 30 seconds left.\n|\n|t:|1682933941\n|move|p1a: Greedent|Protect|p1a: Greedent\n|-singleturn|p1a: Greedent|Protect\n|move|p2a: Palafin|Protect|p2a: Palafin\n|-singleturn|p2a: Palafin|Protect\n|move|p1b: Hatterene|Psychic|p2a: Palafin\n|-activate|p2a: Palafin|move: Protect\n|move|p2b: Pelipper|Hurricane|p1b: Hatterene\n|-damage|p1b: Hatterene|0 fnt\n|faint|p1b: Hatterene\n|\n|-weather|RainDance|[upkeep]\n|upkeep\n|\n|t:|1682933951\n|switch|p1b: Torkoal|Torkoal, L50, M|100\/100\n|-weather|SunnyDay|[from] ability: Drought|[of] p1b: Torkoal\n|turn|5\n|\n|t:|1682933976\n|-terastallize|p2a: Palafin|Water\n|move|p2b: Pelipper|Helping Hand|p2a: Palafin\n|-singleturn|p2a: Palafin|Helping Hand|[of] p2b: Pelipper\n|move|p2a: Palafin|Jet Punch|p1b: Torkoal\n|-supereffective|p1b: Torkoal\n|-damage|p1b: Torkoal|64\/100\n|move|p1b: Torkoal|Solar Beam||[still]\n|-prepare|p1b: Torkoal|Solar Beam\n|-anim|p1b: Torkoal|Solar Beam|p2a: Palafin\n|-supereffective|p2a: Palafin\n|-damage|p2a: Palafin|16\/100\n|move|p1a: Greedent|Psychic Fangs|p2b: Pelipper\n|-damage|p2b: Pelipper|23\/100\n|\n|-weather|SunnyDay|[upkeep]\n|upkeep\n|turn|6\n|\n|t:|1682933997\n|move|p2a: Palafin|Protect|p2a: Palafin\n|-singleturn|p2a: Palafin|Protect\n|move|p1a: Greedent|Psychic Fangs|p2b: Pelipper\n|-damage|p2b: Pelipper|0 fnt\n|faint|p2b: Pelipper\n|move|p1b: Torkoal|Solar Beam||[still]\n|-prepare|p1b: Torkoal|Solar Beam\n|-anim|p1b: Torkoal|Solar Beam|p2a: Palafin\n|-activate|p2a: Palafin|move: Protect\n|\n|-weather|SunnyDay|[upkeep]\n|-fieldend|move: Trick Room\n|upkeep\n|turn|7\n|\n|t:|1682934007\n|move|p2a: Palafin|Wave Crash|p1b: Torkoal\n|-supereffective|p1b: Torkoal\n|-damage|p1b: Torkoal|17\/100\n|-damage|p2a: Palafin|2\/100|[from] Recoil\n|move|p1a: Greedent|Psychic Fangs|p2a: Palafin\n|-damage|p2a: Palafin|0 fnt\n|faint|p2a: Palafin\n|\n|win|haha you rage quit\n|raw|haha you rage quit's rating: 1257 → 1275<\/strong> (+18 for winning)\n|raw|Pnutnoob's rating: 1160 → 1142<\/strong> (-18 for losing)\n|l|\u2606Pnutnoob\n","uploadtime":1682934028,"views":18,"p1id":"hahayouragequit","p2id":"pnutnoob","formatid":"gen9vgc2023regulationc","rating":1142,"private":0,"password":""}