{"id":"gen9vgc2023regulationc-1855436923","p1":"aed96","p2":"castury24","format":"[Gen 9] VGC 2023 Regulation C","log":"|j|\u2606aed96\n|j|\u2606castury24\n|t:|1682951308\n|gametype|doubles\n|player|p1|aed96|red-masters|\n|player|p2|castury24|pokemaniac|\n|teamsize|p1|6\n|teamsize|p2|6\n|gen|9\n|tier|[Gen 9] VGC 2023 Regulation C\n|rule|Species Clause: Limit one of each Pok\u00e9mon\n|rule|Item Clause: Limit one of each item\n|clearpoke\n|poke|p1|Amoonguss, L50, M|\n|poke|p1|Azumarill, L50, M|\n|poke|p1|Espeon, L50, M|\n|poke|p1|Eelektross, L50, M|\n|poke|p1|Dragapult, L50, M|\n|poke|p1|Dragonite, L50, M|\n|poke|p2|Corviknight, L50, F|\n|poke|p2|Armarouge, L50, F|\n|poke|p2|Sableye, L50, F|\n|poke|p2|Tsareena, L50, F|\n|poke|p2|Ursaring, L50, M|\n|poke|p2|Rotom-Wash, L50|\n|teampreview|4\ncastury24 has agreed to open team sheets.\n|c|\u2606aed96|g2\naed96 has agreed to open team sheets.\n|\n|t:|1682951748\n|start\n|switch|p1a: Dragapult|Dragapult, L50, M|100\/100\n|switch|p1b: Amoonguss|Amoonguss, L50, M, shiny|100\/100\n|switch|p2a: Sableye|Sableye, L50, F|100\/100\n|switch|p2b: Armarouge|Armarouge, L50, F|100\/100\n|turn|1\n|\n|t:|1682951769\n|-terastallize|p1a: Dragapult|Ghost\n|move|p1b: Amoonguss|Rage Powder|p1b: Amoonguss\n|-singleturn|p1b: Amoonguss|move: Rage Powder\n|move|p1a: Dragapult|Tera Blast|p2b: Armarouge\n|-supereffective|p2b: Armarouge\n|-damage|p2b: Armarouge|0 fnt\n|faint|p2b: Armarouge\n|move|p2a: Sableye|Fling|p1b: Amoonguss\n|-damage|p1b: Amoonguss|98\/100\n|-enditem|p2a: Sableye|Choice Scarf|[from] move: Fling\n|\n|upkeep\n|\n|t:|1682951779\n|switch|p2b: Ursaring|Ursaring, L50, M|100\/100\n|turn|2\n|\n|t:|1682951797\n|-terastallize|p2b: Ursaring|Normal\n|move|p2a: Sableye|Trick|p1a: Dragapult\n|-activate|p2a: Sableye|move: Trick|[of] p1a: Dragapult\n|-enditem|p1a: Dragapult|Choice Band|[silent]|[from] move: Trick\n|-item|p2a: Sableye|Choice Band|[from] move: Trick\n|move|p1a: Dragapult|Tera Blast|p2a: Sableye\n|-damage|p2a: Sableye|52\/100\n|move|p2b: Ursaring|Play Rough|p1a: Dragapult\n|-damage|p1a: Dragapult|64\/100\n|move|p1b: Amoonguss|Spore|p2b: Ursaring\n|-status|p2b: Ursaring|slp|[from] move: Spore\n|\n|upkeep\n|turn|3\n|\n|t:|1682951824\n|move|p2a: Sableye|Trick|p1b: Amoonguss\n|-activate|p2a: Sableye|move: Trick|[of] p1b: Amoonguss\n|-item|p1b: Amoonguss|Choice Band|[from] move: Trick\n|-item|p2a: Sableye|Wiki Berry|[from] move: Trick\n|move|p1a: Dragapult|Dragon Darts|p2a: Sableye\n|-damage|p2a: Sableye|30\/100\n|-anim|p1a: Dragapult|Dragon Darts|p2b: Ursaring\n|-damage|p2b: Ursaring|76\/100 slp\n|cant|p2b: Ursaring|slp\n|move|p1b: Amoonguss|Pollen Puff|p2a: Sableye\n|-damage|p2a: Sableye|0 fnt\n|faint|p2a: Sableye\n|\n|upkeep\n|\n|t:|1682951837\n|switch|p2a: Rotom|Rotom-Wash, L50|100\/100\n|turn|4\n|\n|t:|1682951862\n|move|p2a: Rotom|Protect|p2a: Rotom\n|-singleturn|p2a: Rotom|Protect\n|move|p1a: Dragapult|Phantom Force||[still]\n|-prepare|p1a: Dragapult|Phantom Force\n|-curestatus|p2b: Ursaring|slp|[msg]\n|move|p2b: Ursaring|Taunt|p1b: Amoonguss\n|-start|p1b: Amoonguss|move: Taunt\n|move|p1b: Amoonguss|Pollen Puff|p2a: Rotom\n|-activate|p2a: Rotom|move: Protect\n|\n|-status|p2b: Ursaring|brn|[from] item: Flame Orb\n|upkeep\n|turn|5\n|\n|t:|1682951887\n|move|p1a: Dragapult|Phantom Force|p2a: Rotom|[from]lockedmove\n|-damage|p2a: Rotom|39\/100\n|-enditem|p2a: Rotom|Sitrus Berry|[eat]\n|-heal|p2a: Rotom|64\/100|[from] item: Sitrus Berry\n|move|p2a: Rotom|Thunderbolt|p1a: Dragapult\n|-damage|p1a: Dragapult|4\/100\n|move|p2b: Ursaring|Play Rough|p1a: Dragapult\n|-damage|p1a: Dragapult|0 fnt\n|faint|p1a: Dragapult\n|move|p1b: Amoonguss|Pollen Puff|p2b: Ursaring\n|-crit|p2b: Ursaring\n|-damage|p2b: Ursaring|47\/100 brn\n|\n|-damage|p2b: Ursaring|41\/100 brn|[from] brn\n|upkeep\n|\n|t:|1682951898\n|switch|p1a: Espeon|Espeon, L50, M|100\/100\n|turn|6\n|\n|t:|1682951922\n|move|p1a: Espeon|Protect|p1a: Espeon\n|-singleturn|p1a: Espeon|Protect\n|move|p2a: Rotom|Protect|p2a: Rotom\n|-singleturn|p2a: Rotom|Protect\n|move|p2b: Ursaring|Facade|p1a: Espeon\n|-activate|p1a: Espeon|move: Protect\n|move|p1b: Amoonguss|Pollen Puff|p2b: Ursaring\n|-damage|p2b: Ursaring|22\/100 brn\n|\n|-damage|p2b: Ursaring|16\/100 brn|[from] brn\n|-end|p1b: Amoonguss|move: Taunt\n|upkeep\n|turn|7\n|\n|t:|1682951946\n|switch|p1b: Eelektross|Eelektross, L50, M|100\/100\n|move|p1a: Espeon|Psychic|p2b: Ursaring\n|-damage|p2b: Ursaring|0 fnt\n|faint|p2b: Ursaring\n|move|p2a: Rotom|Thunderbolt|p1a: Espeon\n|-damage|p1a: Espeon|53\/100\n|-status|p1a: Espeon|par\n|\n|upkeep\n|turn|8\n|\n|t:|1682951960\n|move|p2a: Rotom|Hydro Pump|p1b: Eelektross\n|-damage|p1b: Eelektross|64\/100\n|move|p1b: Eelektross|Thunderbolt|p2a: Rotom\n|-damage|p2a: Rotom|20\/100\n|move|p1a: Espeon|Psychic|p2a: Rotom\n|-damage|p2a: Rotom|0 fnt\n|faint|p2a: Rotom\n|\n|win|aed96\n|c|\u2606aed96|gg\n|c|\u2606castury24|gg om\n","uploadtime":1682952004,"views":18,"p1id":"aed96","p2id":"castury24","formatid":"gen9vgc2023regulationc","rating":0,"private":0,"password":""}