{"id":"gen9vgc2023regulationc-1854783647","p1":"Icewolf35","p2":"zzc123456","format":"[Gen 9] VGC 2023 Regulation C","log":"|j|\u2606Icewolf35\n|j|\u2606zzc123456\n|t:|1682865533\n|gametype|doubles\n|player|p1|Icewolf35|265|1024\n|player|p2|zzc123456|ghetsis-gen5bw|1000\n|teamsize|p1|6\n|teamsize|p2|6\n|gen|9\n|tier|[Gen 9] VGC 2023 Regulation C\n|rated|\n|rule|Species Clause: Limit one of each Pok\u00e9mon\n|rule|Item Clause: Limit one of each item\n|clearpoke\n|poke|p1|Amoonguss, L50, F|\n|poke|p1|Ceruledge, L50, F|\n|poke|p1|Kingambit, L50, M|\n|poke|p1|Iron Hands, L50|\n|poke|p1|Palafin, L50, F|\n|poke|p1|Flutter Mane, L50|\n|poke|p2|Flutter Mane, L50|\n|poke|p2|Chi-Yu, L50|\n|poke|p2|Chien-Pao, L50|\n|poke|p2|Dragonite, L50, M|\n|poke|p2|Torkoal, L50, F|\n|poke|p2|Iron Bundle, L50|\n|teampreview|4\n|inactive|Battle timer is ON: inactive players will automatically lose when time's up. (requested by zzc123456)\n|\n|t:|1682865589\n|start\n|switch|p1a: Palafin|Palafin, L50, F|100\/100\n|switch|p1b: Flutter Mane|Flutter Mane, L50|100\/100\n|switch|p2a: \u96ea\u8c79\u95ed\u5634|Chien-Pao, L50|100\/100\n|switch|p2b: \u91d1\u9c7c\u59ec|Chi-Yu, L50|100\/100\n|-ability|p2b: \u91d1\u9c7c\u59ec|Beads of Ruin\n|-ability|p2a: \u96ea\u8c79\u95ed\u5634|Sword of Ruin\n|turn|1\n|inactive|zzc123456 has 30 seconds left.\n|\n|t:|1682865614\n|move|p2a: \u96ea\u8c79\u95ed\u5634|Protect|p2a: \u96ea\u8c79\u95ed\u5634\n|-singleturn|p2a: \u96ea\u8c79\u95ed\u5634|Protect\n|move|p2b: \u91d1\u9c7c\u59ec|Snarl|p1b: Flutter Mane|[spread] p1a,p1b\n|-damage|p1a: Palafin|59\/100\n|-damage|p1b: Flutter Mane|68\/100\n|-unboost|p1a: Palafin|spa|1\n|-unboost|p1b: Flutter Mane|spa|1\n|move|p1b: Flutter Mane|Moonblast|p2b: \u91d1\u9c7c\u59ec\n|-damage|p2b: \u91d1\u9c7c\u59ec|66\/100\n|move|p1a: Palafin|Flip Turn|p2b: \u91d1\u9c7c\u59ec\n|-supereffective|p2b: \u91d1\u9c7c\u59ec\n|-damage|p2b: \u91d1\u9c7c\u59ec|0 fnt\n|faint|p2b: \u91d1\u9c7c\u59ec\n|\n|t:|1682865631\n|detailschange|p1a: Palafin|Palafin-Hero, L50, F\n|switch|p1a: Ceruledge|Ceruledge, L50, F|100\/100|[from] Flip Turn\n|\n|upkeep\n|\n|t:|1682865645\n|switch|p2b: \u9e21\u54e5|Iron Bundle, L50|100\/100\n|-enditem|p2b: \u9e21\u54e5|Booster Energy\n|-activate|p2b: \u9e21\u54e5|ability: Quark Drive|[fromitem]\n|-start|p2b: \u9e21\u54e5|quarkdrivespe\n|turn|2\n|\n|t:|1682865669\n|-terastallize|p1b: Flutter Mane|Fairy\n|move|p2b: \u9e21\u54e5|Protect|p2b: \u9e21\u54e5\n|-singleturn|p2b: \u9e21\u54e5|Protect\n|move|p1b: Flutter Mane|Moonblast|p2a: \u96ea\u8c79\u95ed\u5634\n|-supereffective|p2a: \u96ea\u8c79\u95ed\u5634\n|-enditem|p2a: \u96ea\u8c79\u95ed\u5634|Focus Sash\n|-damage|p2a: \u96ea\u8c79\u95ed\u5634|1\/100\n|move|p2a: \u96ea\u8c79\u95ed\u5634|Ice Spinner|p1b: Flutter Mane\n|-damage|p1b: Flutter Mane|0 fnt\n|faint|p1b: Flutter Mane\n|-end|p1b: Flutter Mane|Protosynthesis|[silent]\n|move|p1a: Ceruledge|Bitter Blade|p2a: \u96ea\u8c79\u95ed\u5634\n|-supereffective|p2a: \u96ea\u8c79\u95ed\u5634\n|-damage|p2a: \u96ea\u8c79\u95ed\u5634|0 fnt\n|faint|p2a: \u96ea\u8c79\u95ed\u5634\n|-damage|p1a: Ceruledge|91\/100|[from] item: Life Orb\n|\n|upkeep\n|\n|t:|1682865688\n|switch|p2a: \u632f\u7ffc\u53d1|Flutter Mane, L50|100\/100\n|switch|p1b: Kingambit|Kingambit, L50, M|100\/100\n|turn|3\n|inactive|zzc123456 has 30 seconds left.\n|inactive|zzc123456 has 20 seconds left.\n|inactive|zzc123456 has 15 seconds left.\n|\n|t:|1682865730\n|-terastallize|p2a: \u632f\u7ffc\u53d1|Fairy\n|move|p1a: Ceruledge|Protect|p1a: Ceruledge\n|-singleturn|p1a: Ceruledge|Protect\n|move|p2b: \u9e21\u54e5|Icy Wind|p1a: Ceruledge|[spread] p1b\n|-activate|p1a: Ceruledge|move: Protect\n|-resisted|p1b: Kingambit\n|-damage|p1b: Kingambit|91\/100\n|-unboost|p1b: Kingambit|spe|1\n|-ability|p1b: Kingambit|Defiant|boost\n|-boost|p1b: Kingambit|atk|2\n|move|p2a: \u632f\u7ffc\u53d1|Moonblast|p1b: Kingambit\n|-damage|p1b: Kingambit|0 fnt\n|faint|p1b: Kingambit\n|\n|upkeep\n|\n|t:|1682865745\n|switch|p1b: Palafin|Palafin-Hero, L50, F|59\/100\n|-activate|p1b: Palafin|ability: Zero to Hero\n|turn|4\n|inactive|Icewolf35 has 30 seconds left.\n|inactive|Icewolf35 has 20 seconds left.\n|\n|t:|1682865784\n|move|p2b: \u9e21\u54e5|Freeze-Dry|p1b: Palafin\n|-supereffective|p1b: Palafin\n|-damage|p1b: Palafin|0 fnt\n|faint|p1b: Palafin\n|move|p2a: \u632f\u7ffc\u53d1|Moonblast|p1a: Ceruledge\n|-resisted|p1a: Ceruledge\n|-damage|p1a: Ceruledge|25\/100\n|move|p1a: Ceruledge|Bitter Blade|p2a: \u632f\u7ffc\u53d1\n|-damage|p2a: \u632f\u7ffc\u53d1|0 fnt\n|-heal|p1a: Ceruledge|69\/100|[from] drain|[of] p2a: \u632f\u7ffc\u53d1\n|faint|p2a: \u632f\u7ffc\u53d1\n|-end|p2a: \u632f\u7ffc\u53d1|Protosynthesis|[silent]\n|-damage|p1a: Ceruledge|59\/100|[from] item: Life Orb\n|\n|upkeep\n|turn|5\n|\n|t:|1682865799\n|move|p1a: Ceruledge|Protect|p1a: Ceruledge\n|-singleturn|p1a: Ceruledge|Protect\n|move|p2b: \u9e21\u54e5|Hydro Pump|p1a: Ceruledge\n|-activate|p1a: Ceruledge|move: Protect\n|\n|upkeep\n|turn|6\n|\n|t:|1682865817\n|move|p2b: \u9e21\u54e5|Hydro Pump|p1a: Ceruledge\n|-supereffective|p1a: Ceruledge\n|-damage|p1a: Ceruledge|0 fnt\n|faint|p1a: Ceruledge\n|\n|win|zzc123456\n|raw|Icewolf35's rating: 1024 → 1009<\/strong> (-15 for losing)\n|raw|zzc123456's rating: 1000 → 1043<\/strong> (+43 for winning)\n|l|\u2606Icewolf35\n|n|\u2606zzc123456|zzc123456\n","uploadtime":1682865874,"views":13,"p1id":"icewolf35","p2id":"zzc123456","formatid":"gen9vgc2023regulationc","rating":1009,"private":0,"password":""}