{"id":"gen9vgc2023regulationc-1860496251","p1":"Josuee_29","p2":"dookacola","format":"[Gen 9] VGC 2023 Regulation C","log":"|j|\u2606Josuee_29\n|j|\u2606dookacola\n|t:|1683649223\n|gametype|doubles\n|player|p1|Josuee_29|169|1062\n|player|p2|dookacola|iris-gen5bw2|1004\n|teamsize|p1|6\n|teamsize|p2|6\n|gen|9\n|tier|[Gen 9] VGC 2023 Regulation C\n|rated|\n|rule|Species Clause: Limit one of each Pok\u00e9mon\n|rule|Item Clause: Limit one of each item\n|clearpoke\n|poke|p1|Chien-Pao, L50|\n|poke|p1|Flutter Mane, L50|\n|poke|p1|Arcanine, L50, M|\n|poke|p1|Amoonguss, L50, F|\n|poke|p1|Palafin, L50, M|\n|poke|p1|Dragonite, L50, F|\n|poke|p2|Hatterene, L50, F|\n|poke|p2|Farigiraf, L50, F|\n|poke|p2|Iron Hands, L50|\n|poke|p2|Torkoal, L50, F|\n|poke|p2|Great Tusk, L50|\n|poke|p2|Rotom-Wash, L50|\n|teampreview|4\ndookacola has agreed to open team sheets.\n|inactive|Battle timer is ON: inactive players will automatically lose when time's up. (requested by dookacola)\n|\n|t:|1683649283\n|start\n|switch|p1a: Palafin|Palafin, L50, M|100\/100\n|switch|p1b: Arcanine|Arcanine, L50, M|100\/100\n|switch|p2a: Hatterene|Hatterene, L50, F|100\/100\n|switch|p2b: Rotom|Rotom-Wash, L50|100\/100\n|-ability|p1b: Arcanine|Intimidate|boost\n|-unboost|p2a: Hatterene|atk|1\n|-unboost|p2b: Rotom|atk|1\n|turn|1\n|inactive|Josuee_29 has 30 seconds left.\n|\n|t:|1683649315\n|switch|p1b: Flutter Mane|Flutter Mane, L50|100\/100\n|move|p1a: Palafin|Protect|p1a: Palafin\n|-singleturn|p1a: Palafin|Protect\n|move|p2b: Rotom|Hydro Pump|p1b: Flutter Mane\n|-damage|p1b: Flutter Mane|63\/100\n|move|p2a: Hatterene|Trick Room|p2a: Hatterene\n|-fieldstart|move: Trick Room|[of] p2a: Hatterene\n|\n|upkeep\n|turn|2\n|inactive|Josuee_29 has 30 seconds left.\n|inactive|dookacola has 30 seconds left.\n|\n|t:|1683649342\n|detailschange|p1a: Palafin|Palafin-Hero, L50, M\n|switch|p1a: Arcanine|Arcanine, L50, M|100\/100\n|-ability|p1a: Arcanine|Intimidate|boost\n|-unboost|p2a: Hatterene|atk|1\n|-unboost|p2b: Rotom|atk|1\n|move|p2a: Hatterene|Dazzling Gleam|p1a: Arcanine|[spread] p1a,p1b\n|-resisted|p1a: Arcanine\n|-damage|p1a: Arcanine|87\/100\n|-damage|p1b: Flutter Mane|35\/100\n|move|p2b: Rotom|Volt Switch|p1a: Arcanine\n|-damage|p1a: Arcanine|60\/100\n|\n|t:|1683649352\n|switch|p2b: Torkoal|Torkoal, L50, F|100\/100|[from] Volt Switch\n|-weather|SunnyDay|[from] ability: Drought|[of] p2b: Torkoal\n|-activate|p1b: Flutter Mane|ability: Protosynthesis\n|-start|p1b: Flutter Mane|protosynthesisspe\n|move|p1b: Flutter Mane|Dazzling Gleam|p2b: Torkoal|[spread] p2a,p2b\n|-resisted|p2b: Torkoal\n|-damage|p2a: Hatterene|64\/100\n|-damage|p2b: Torkoal|72\/100\n|\n|-weather|SunnyDay|[upkeep]\n|upkeep\n|turn|3\n|inactive|Josuee_29 has 30 seconds left.\n|inactive|Josuee_29 has 20 seconds left.\n|inactive|Josuee_29 has 15 seconds left.\n|\n|t:|1683649395\n|-end|p1b: Flutter Mane|Protosynthesis|[silent]\n|switch|p1b: Palafin|Palafin-Hero, L50, M|100\/100\n|-activate|p1b: Palafin|ability: Zero to Hero\n|-terastallize|p2b: Torkoal|Fire\n|-terastallize|p1a: Arcanine|Normal\n|move|p1a: Arcanine|Extreme Speed|p2b: Torkoal\n|-damage|p2b: Torkoal|45\/100\n|move|p2b: Torkoal|Eruption|p1b: Palafin|[spread] p1a,p1b\n|-resisted|p1b: Palafin\n|-damage|p1a: Arcanine|0 fnt\n|-damage|p1b: Palafin|69\/100\n|faint|p1a: Arcanine\n|move|p2a: Hatterene|Life Dew|p2a: Hatterene|[spread] p2a,p2b\n|-heal|p2a: Hatterene|89\/100\n|-heal|p2b: Torkoal|69\/100\n|\n|-weather|SunnyDay|[upkeep]\n|upkeep\n|\n|t:|1683649419\n|switch|p1a: Flutter Mane|Flutter Mane, L50|35\/100\n|-activate|p1a: Flutter Mane|ability: Protosynthesis\n|-start|p1a: Flutter Mane|protosynthesisspe\n|turn|4\n|\n|t:|1683649438\n|move|p2b: Torkoal|Eruption|p1b: Palafin|[spread] p1a,p1b\n|-resisted|p1b: Palafin\n|-damage|p1a: Flutter Mane|0 fnt\n|-damage|p1b: Palafin|18\/100\n|faint|p1a: Flutter Mane\n|-end|p1a: Flutter Mane|Protosynthesis|[silent]\n|move|p2a: Hatterene|Life Dew|p2a: Hatterene|[spread] p2a,p2b\n|-heal|p2a: Hatterene|100\/100\n|-heal|p2b: Torkoal|94\/100\n|move|p1b: Palafin|Wave Crash|p2b: Torkoal\n|-supereffective|p2b: Torkoal\n|-damage|p2b: Torkoal|29\/100\n|-damage|p1b: Palafin|0 fnt|[from] Recoil\n|faint|p1b: Palafin\n|\n|-weather|SunnyDay|[upkeep]\n|upkeep\n|c|\u2606dookacola|send out the amoongus\n|inactive|Josuee_29 has 30 seconds left.\n|inactive|Josuee_29 has 20 seconds left.\n|\n|t:|1683649477\n|switch|p1b: Dragonite|Dragonite, L50, F|100\/100\n|turn|5\n|\n|t:|1683649486\n|move|p1b: Dragonite|Extreme Speed|p2b: Torkoal\n|-damage|p2b: Torkoal|0 fnt\n|faint|p2b: Torkoal\n|move|p2a: Hatterene|Dazzling Gleam|p1b: Dragonite\n|-supereffective|p1b: Dragonite\n|-damage|p1b: Dragonite|65\/100\n|\n|-weather|SunnyDay|[upkeep]\n|-fieldend|move: Trick Room\n|upkeep\n|\n|t:|1683649491\n|switch|p2b: Iron Hands|Iron Hands, L50|100\/100\n|turn|6\n|\n|t:|1683649500\n|move|p2b: Iron Hands|Fake Out|p1b: Dragonite\n|-damage|p1b: Dragonite|50\/100\n|cant|p1b: Dragonite|flinch\n|move|p2a: Hatterene|Nuzzle|p1b: Dragonite\n|-damage|p1b: Dragonite|47\/100\n|-status|p1b: Dragonite|par\n|\n|-weather|none\n|upkeep\n|turn|7\n|inactive|dookacola has 30 seconds left.\n|inactive|dookacola has 20 seconds left.\n|inactive|dookacola has 15 seconds left.\n|\n|t:|1683649543\n|move|p1b: Dragonite|Extreme Speed|p2a: Hatterene\n|-damage|p2a: Hatterene|49\/100\n|move|p2b: Iron Hands|Wild Charge|p1b: Dragonite\n|-damage|p1b: Dragonite|0 fnt\n|faint|p1b: Dragonite\n|-damage|p2b: Iron Hands|92\/100|[from] Recoil\n|\n|win|dookacola\n|raw|Josuee_29's rating: 1062 → 1040<\/strong> (-22 for losing)\n|raw|dookacola's rating: 1004 → 1050<\/strong> (+46 for winning)\n|l|\u2606dookacola\n","uploadtime":1683649555,"views":6,"p1id":"josuee29","p2id":"dookacola","formatid":"gen9vgc2023regulationc","rating":1040,"private":0,"password":""}