{"id":"gen9vgc2023regulationc-1862060125","p1":"BrianJortVGC","p2":"mortuto uzumaki","format":"[Gen 9] VGC 2023 Regulation C","log":"|j|\u2606BrianJortVGC\n|j|\u2606mortuto uzumaki\n|t:|1683833037\n|gametype|doubles\n|player|p1|BrianJortVGC|fennel|\n|player|p2|mortuto uzumaki|hilbert-wonderlauncher|\n|teamsize|p1|6\n|teamsize|p2|6\n|gen|9\n|tier|[Gen 9] VGC 2023 Regulation C\n|rule|Species Clause: Limit one of each Pok\u00e9mon\n|rule|Item Clause: Limit one of each item\n|clearpoke\n|poke|p1|Ceruledge, L50, M|\n|poke|p1|Dragonite, L50, F|\n|poke|p1|Ting-Lu, L50|\n|poke|p1|Gastrodon-East, L50, M|\n|poke|p1|Scream Tail, L50|\n|poke|p1|Glimmora, L50, M|\n|poke|p2|Kingambit, L50, F|\n|poke|p2|Dragonite, L50, M|\n|poke|p2|Abomasnow, L50, M|\n|poke|p2|Great Tusk, L50|\n|poke|p2|Iron Bundle, L50|\n|poke|p2|Flutter Mane, L50|\n|teampreview|4\n|c|\u2606mortuto uzumaki|g2\nmortuto uzumaki has agreed to open team sheets.\nBrianJortVGC has agreed to open team sheets.\n|l|\u2606BrianJortVGC\n|player|p1|\n|j|\u2606BrianJortVGC\n|player|p1|BrianJortVGC|fennel\n|j| MortTTL\n|j| GenericName3333\n|c|\u2606BrianJortVGC|GLHF\n|c|\u2606mortuto uzumaki|u2\n|j| SwampCorner\n|\n|t:|1683833724\n|start\n|switch|p1a: In The Meantime|Scream Tail, L50|100\/100\n|switch|p1b: Dog Days Are Over|Ting-Lu, L50|100\/100\n|switch|p2a: Kingambit|Kingambit, L50, F|100\/100\n|switch|p2b: Flutter Mane|Flutter Mane, L50|100\/100\n|-ability|p1b: Dog Days Are Over|Vessel of Ruin\n|-enditem|p2b: Flutter Mane|Booster Energy\n|-activate|p2b: Flutter Mane|ability: Protosynthesis|[fromitem]\n|-start|p2b: Flutter Mane|protosynthesisspe\n|-enditem|p1a: In The Meantime|Booster Energy\n|-activate|p1a: In The Meantime|ability: Protosynthesis|[fromitem]\n|-start|p1a: In The Meantime|protosynthesisspe\n|turn|1\n|j| scotty1vgc\n|\n|t:|1683833791\n|move|p2b: Flutter Mane|Protect|p2b: Flutter Mane\n|-singleturn|p2b: Flutter Mane|Protect\n|move|p1a: In The Meantime|Protect|p1a: In The Meantime\n|-singleturn|p1a: In The Meantime|Protect\n|move|p2a: Kingambit|Low Kick|p1b: Dog Days Are Over\n|-supereffective|p1b: Dog Days Are Over\n|-damage|p1b: Dog Days Are Over|48\/100\n|move|p1b: Dog Days Are Over|Heavy Slam|p2b: Flutter Mane\n|-activate|p2b: Flutter Mane|move: Protect\n|\n|upkeep\n|turn|2\n|\n|t:|1683833842\n|-terastallize|p1a: In The Meantime|Water\n|move|p2b: Flutter Mane|Moonblast|p1b: Dog Days Are Over\n|-supereffective|p1b: Dog Days Are Over\n|-damage|p1b: Dog Days Are Over|0 fnt\n|faint|p1b: Dog Days Are Over\n|move|p1a: In The Meantime|Disable|p2a: Kingambit\n|-start|p2a: Kingambit|Disable|Low Kick\n|move|p2a: Kingambit|Kowtow Cleave|p1a: In The Meantime\n|-crit|p1a: In The Meantime\n|-damage|p1a: In The Meantime|34\/100\n|\n|upkeep\n|\n|t:|1683833849\n|switch|p1b: NoSleepTillBroklyn|Ceruledge, L50, M|100\/100\n|turn|3\n|\n|t:|1683833909\n|-terastallize|p2a: Kingambit|Fire\n|move|p2b: Flutter Mane|Protect|p2b: Flutter Mane\n|-singleturn|p2b: Flutter Mane|Protect\n|move|p1a: In The Meantime|Howl|p1a: In The Meantime|[spread] p1a,p1b\n|-boost|p1a: In The Meantime|atk|1\n|-boost|p1b: NoSleepTillBroklyn|atk|1\n|move|p1b: NoSleepTillBroklyn|Bitter Blade|p2a: Kingambit\n|-resisted|p2a: Kingambit\n|-damage|p2a: Kingambit|74\/100\n|move|p2a: Kingambit|Kowtow Cleave|p1b: NoSleepTillBroklyn\n|-supereffective|p1b: NoSleepTillBroklyn\n|-damage|p1b: NoSleepTillBroklyn|2\/100\n|\n|upkeep\n|turn|4\n|\n|t:|1683833982\n|move|p1b: NoSleepTillBroklyn|Shadow Sneak|p2b: Flutter Mane\n|-supereffective|p2b: Flutter Mane\n|-damage|p2b: Flutter Mane|0 fnt\n|faint|p2b: Flutter Mane\n|-end|p2b: Flutter Mane|Protosynthesis|[silent]\n|move|p1a: In The Meantime|Play Rough|p2a: Kingambit\n|-resisted|p2a: Kingambit\n|-damage|p2a: Kingambit|60\/100\n|move|p2a: Kingambit|Kowtow Cleave|p1b: NoSleepTillBroklyn\n|-supereffective|p1b: NoSleepTillBroklyn\n|-damage|p1b: NoSleepTillBroklyn|0 fnt\n|faint|p1b: NoSleepTillBroklyn\n|\n|upkeep\n|\n|t:|1683834024\n|switch|p2b: Abomasnow|Abomasnow, L50, M, shiny|100\/100\n|switch|p1b: Chasing Rainbows|Gastrodon-East, L50, M|100\/100\n|-weather|Snow|[from] ability: Snow Warning|[of] p2b: Abomasnow\n|turn|5\n|\n|t:|1683834038\n|move|p1a: In The Meantime|Play Rough|p2b: Abomasnow\n|-damage|p2b: Abomasnow|64\/100\n|move|p2b: Abomasnow|Leaf Storm|p1b: Chasing Rainbows\n|-supereffective|p1b: Chasing Rainbows\n|-damage|p1b: Chasing Rainbows|0 fnt\n|-unboost|p2b: Abomasnow|spa|2\n|faint|p1b: Chasing Rainbows\n|move|p2a: Kingambit|Kowtow Cleave|p1a: In The Meantime\n|-damage|p1a: In The Meantime|0 fnt\n|faint|p1a: In The Meantime\n|-end|p1a: In The Meantime|Protosynthesis|[silent]\n|\n|win|mortuto uzumaki\n|c|\u2606BrianJortVGC|GG\n|l| GenericName3333\n|c|\u2606mortuto uzumaki|gg\n|l| scotty1vgc\n|l| SwampCorner\n|l|\u2606BrianJortVGC\n|l| MortTTL\n","uploadtime":1683834565,"views":11,"p1id":"brianjortvgc","p2id":"mortutouzumaki","formatid":"gen9vgc2023regulationc","rating":0,"private":0,"password":""}