{"id":"gen9vgc2023regulationc-1860586852","p1":"TiggelWiggel","p2":"Flipsicle","format":"[Gen 9] VGC 2023 Regulation C","log":"|j|\u2606TiggelWiggel\n|j|\u2606Flipsicle\n|t:|1683656793\n|gametype|doubles\n|player|p1|TiggelWiggel|infielder|\n|player|p2|Flipsicle|elesa-masters|\n|teamsize|p1|6\n|teamsize|p2|6\n|gen|9\n|tier|[Gen 9] VGC 2023 Regulation C\n|rule|Species Clause: Limit one of each Pok\u00e9mon\n|rule|Item Clause: Limit one of each item\n|clearpoke\n|poke|p1|Amoonguss, L50, M|\n|poke|p1|Palafin, L50, M|\n|poke|p1|Gholdengo, L50|\n|poke|p1|Arcanine, L50, M|\n|poke|p1|Iron Hands, L50|\n|poke|p1|Roaring Moon, L50|\n|poke|p2|Chi-Yu, L50|\n|poke|p2|Flutter Mane, L50|\n|poke|p2|Dragonite, L50, F|\n|poke|p2|Chien-Pao, L50|\n|poke|p2|Iron Bundle, L50|\n|poke|p2|Iron Hands, L50|\n|teampreview|4\n|c|\u2606Flipsicle|g1\nFlipsicle has agreed to open team sheets.\nTiggelWiggel has agreed to open team sheets.\n|j| DOUUS Octoto\n|c|\u2606Flipsicle|glhf\n|c|\u2606TiggelWiggel|glhf!\n|\n|t:|1683656895\n|start\n|switch|p1a: Iron Hands|Iron Hands, L50|100\/100\n|switch|p1b: Amoonguss|Amoonguss, L50, M|100\/100\n|switch|p2a: Iron Bundle|Iron Bundle, L50|100\/100\n|switch|p2b: Flutter Mane|Flutter Mane, L50|100\/100\n|-enditem|p2a: Iron Bundle|Booster Energy\n|-activate|p2a: Iron Bundle|ability: Quark Drive|[fromitem]\n|-start|p2a: Iron Bundle|quarkdrivespe\n|turn|1\n|\n|t:|1683656948\n|move|p2a: Iron Bundle|Freeze-Dry|p1b: Amoonguss\n|-supereffective|p1b: Amoonguss\n|-crit|p1b: Amoonguss\n|-damage|p1b: Amoonguss|8\/100\n|-enditem|p1b: Amoonguss|Sitrus Berry|[eat]\n|-heal|p1b: Amoonguss|33\/100|[from] item: Sitrus Berry\n|move|p2b: Flutter Mane|Shadow Ball|p1b: Amoonguss\n|-damage|p1b: Amoonguss|0 fnt\n|faint|p1b: Amoonguss\n|move|p1a: Iron Hands|Volt Switch|p2a: Iron Bundle\n|-supereffective|p2a: Iron Bundle\n|-damage|p2a: Iron Bundle|50\/100\n|\n|t:|1683656972\n|-end|p1a: Iron Hands|Quark Drive|[silent]\n|switch|p1a: Gholdengo|Gholdengo, L50|100\/100|[from] Volt Switch\n|\n|upkeep\n|\n|t:|1683656979\n|switch|p1b: Iron Hands|Iron Hands, L50|100\/100\n|turn|2\n|\n|t:|1683657002\n|move|p2a: Iron Bundle|Protect|p2a: Iron Bundle\n|-singleturn|p2a: Iron Bundle|Protect\n|move|p1a: Gholdengo|Protect|p1a: Gholdengo\n|-singleturn|p1a: Gholdengo|Protect\n|move|p2b: Flutter Mane|Shadow Ball|p1b: Iron Hands\n|-damage|p1b: Iron Hands|72\/100\n|move|p1b: Iron Hands|Wild Charge|p2a: Iron Bundle\n|-activate|p2a: Iron Bundle|move: Protect\n|\n|upkeep\n|turn|3\n|\n|t:|1683657052\n|switch|p1a: Arcanine|Arcanine, L50, M|100\/100\n|-ability|p1a: Arcanine|Intimidate|boost\n|-unboost|p2a: Iron Bundle|atk|1\n|-unboost|p2b: Flutter Mane|atk|1\n|move|p2a: Iron Bundle|Freeze-Dry|p1a: Arcanine\n|-resisted|p1a: Arcanine\n|-damage|p1a: Arcanine|83\/100\n|move|p2b: Flutter Mane|Shadow Ball|p1a: Arcanine\n|-damage|p1a: Arcanine|28\/100\n|move|p1b: Iron Hands|Drain Punch|p2a: Iron Bundle\n|-supereffective|p2a: Iron Bundle\n|-damage|p2a: Iron Bundle|0 fnt\n|-heal|p1b: Iron Hands|86\/100|[from] drain|[of] p2a: Iron Bundle\n|faint|p2a: Iron Bundle\n|-end|p2a: Iron Bundle|Quark Drive|[silent]\n|\n|upkeep\n|\n|t:|1683657070\n|switch|p2a: Chi-Yu|Chi-Yu, L50|100\/100\n|-ability|p2a: Chi-Yu|Beads of Ruin\n|turn|4\n|\n|t:|1683657088\n|-end|p2b: Flutter Mane|Protosynthesis|[silent]\n|switch|p2b: Chien-Pao|Chien-Pao, L50|100\/100\n|-ability|p2b: Chien-Pao|Sword of Ruin\n|-terastallize|p2a: Chi-Yu|Ghost\n|move|p1a: Arcanine|Protect|p1a: Arcanine\n|-singleturn|p1a: Arcanine|Protect\n|move|p2a: Chi-Yu|Heat Wave|p1a: Arcanine|[spread] p1b\n|-activate|p1a: Arcanine|move: Protect\n|-damage|p1b: Iron Hands|60\/100\n|move|p1b: Iron Hands|Volt Switch|p2a: Chi-Yu\n|-damage|p2a: Chi-Yu|87\/100\n|\n|t:|1683657100\n|-end|p1b: Iron Hands|Quark Drive|[silent]\n|switch|p1b: Gholdengo|Gholdengo, L50|100\/100|[from] Volt Switch\n|\n|upkeep\n|turn|5\n|\n|t:|1683657120\n|switch|p1a: Iron Hands|Iron Hands, L50|60\/100\n|-terastallize|p1b: Gholdengo|Water\n|move|p2b: Chien-Pao|Protect|p2b: Chien-Pao\n|-singleturn|p2b: Chien-Pao|Protect\n|move|p2a: Chi-Yu|Heat Wave|p1a: Iron Hands|[spread] p1a,p1b\n|-resisted|p1b: Gholdengo\n|-damage|p1a: Iron Hands|35\/100\n|-damage|p1b: Gholdengo|77\/100\n|move|p1b: Gholdengo|Shadow Ball|p2a: Chi-Yu\n|-supereffective|p2a: Chi-Yu\n|-damage|p2a: Chi-Yu|2\/100\n|\n|-heal|p1b: Gholdengo|83\/100|[from] item: Leftovers\n|upkeep\n|turn|6\n|\n|t:|1683657139\n|move|p2b: Chien-Pao|Protect|p2b: Chien-Pao\n|-singleturn|p2b: Chien-Pao|Protect\n|move|p1a: Iron Hands|Fake Out|p2b: Chien-Pao\n|-activate|p2b: Chien-Pao|move: Protect\n|move|p2a: Chi-Yu|Heat Wave|p1b: Gholdengo|[spread] p1a,p1b\n|-resisted|p1b: Gholdengo\n|-damage|p1a: Iron Hands|9\/100\n|-damage|p1b: Gholdengo|58\/100\n|move|p1b: Gholdengo|Make It Rain|p2b: Chien-Pao|[spread] p2a\n|-activate|p2b: Chien-Pao|move: Protect\n|-crit|p2a: Chi-Yu\n|-damage|p2a: Chi-Yu|0 fnt\n|-unboost|p1b: Gholdengo|spa|1\n|faint|p2a: Chi-Yu\n|\n|-heal|p1b: Gholdengo|64\/100|[from] item: Leftovers\n|upkeep\n|\n|t:|1683657149\n|switch|p2a: Flutter Mane|Flutter Mane, L50|100\/100\n|turn|7\n|\n|t:|1683657173\n|-end|p1a: Iron Hands|Quark Drive|[silent]\n|switch|p1a: Arcanine|Arcanine, L50, M|28\/100\n|-ability|p1a: Arcanine|Intimidate|boost\n|-unboost|p2a: Flutter Mane|atk|1\n|-unboost|p2b: Chien-Pao|atk|1\n|move|p1b: Gholdengo|Protect|p1b: Gholdengo\n|-singleturn|p1b: Gholdengo|Protect\n|move|p2b: Chien-Pao|Sacred Sword|p1b: Gholdengo\n|-activate|p1b: Gholdengo|move: Protect\n|move|p2a: Flutter Mane|Dazzling Gleam|p1b: Gholdengo|[spread] p1a\n|-activate|p1b: Gholdengo|move: Protect\n|-resisted|p1a: Arcanine\n|-damage|p1a: Arcanine|8\/100\n|\n|-heal|p1b: Gholdengo|70\/100|[from] item: Leftovers\n|upkeep\n|turn|8\n|\n|t:|1683657208\n|move|p1a: Arcanine|Extreme Speed|p2b: Chien-Pao\n|-damage|p2b: Chien-Pao|71\/100\n|move|p2b: Chien-Pao|Sucker Punch|p1b: Gholdengo\n|-damage|p1b: Gholdengo|42\/100\n|move|p2a: Flutter Mane|Dazzling Gleam|p1b: Gholdengo|[spread] p1a,p1b\n|-resisted|p1a: Arcanine\n|-damage|p1a: Arcanine|0 fnt\n|-damage|p1b: Gholdengo|4\/100\n|faint|p1a: Arcanine\n|move|p1b: Gholdengo|Make It Rain|p2b: Chien-Pao|[spread] p2a,p2b\n|-supereffective|p2a: Flutter Mane\n|-supereffective|p2b: Chien-Pao\n|-damage|p2a: Flutter Mane|38\/100\n|-damage|p2b: Chien-Pao|0 fnt\n|-unboost|p1b: Gholdengo|spa|1\n|faint|p2b: Chien-Pao\n|\n|-heal|p1b: Gholdengo|10\/100|[from] item: Leftovers\n|upkeep\n|\n|t:|1683657219\n|switch|p1a: Iron Hands|Iron Hands, L50|9\/100\n|turn|9\n|\n|t:|1683657228\n|move|p2a: Flutter Mane|Dazzling Gleam|p1b: Gholdengo|[spread] p1a,p1b\n|-supereffective|p1a: Iron Hands\n|-crit|p1b: Gholdengo\n|-damage|p1a: Iron Hands|0 fnt\n|-damage|p1b: Gholdengo|0 fnt\n|faint|p1a: Iron Hands\n|-end|p1a: Iron Hands|Quark Drive|[silent]\n|faint|p1b: Gholdengo\n|\n|win|Flipsicle\n|c|\u2606Flipsicle|gg\n|c|\u2606TiggelWiggel|gg\n","uploadtime":1683657499,"views":17,"p1id":"tiggelwiggel","p2id":"flipsicle","formatid":"gen9vgc2023regulationc","rating":0,"private":0,"password":""}