{"id":"gen9vgc2023regulationc-1855902884","p1":"test0704","p2":"DinkyDaDuke","format":"[Gen 9] VGC 2023 Regulation C","log":"|j|\u2606test0704\n|j|\u2606DinkyDaDuke\n|t:|1682998309\n|gametype|doubles\n|player|p1|test0704|roxanne|1142\n|player|p2|DinkyDaDuke|interviewers|1057\n|teamsize|p1|6\n|teamsize|p2|6\n|gen|9\n|tier|[Gen 9] VGC 2023 Regulation C\n|rated|\n|rule|Species Clause: Limit one of each Pok\u00e9mon\n|rule|Item Clause: Limit one of each item\n|clearpoke\n|poke|p1|Chien-Pao, L50|\n|poke|p1|Dragonite, L50, M|\n|poke|p1|Abomasnow, L50, M|\n|poke|p1|Iron Bundle, L50|\n|poke|p1|Talonflame, L50, M|\n|poke|p1|Garchomp, L50, F|\n|poke|p2|Palafin, L50, F|\n|poke|p2|Pelipper, L50, M|\n|poke|p2|Dragonite, L50, M|\n|poke|p2|Annihilape, L50, M|\n|poke|p2|Maushold-Four, L50|\n|poke|p2|Chien-Pao, L50|\n|teampreview|4\n|\n|t:|1682998349\n|start\n|switch|p1a: Talonflame|Talonflame, L50, M|100\/100\n|switch|p1b: Garchomp|Garchomp, L50, F|100\/100\n|switch|p2a: Pelipper|Pelipper, L50, M|100\/100\n|switch|p2b: Palafin|Palafin, L50, F|100\/100\n|-weather|RainDance|[from] ability: Drizzle|[of] p2a: Pelipper\n|turn|1\n|inactive|Battle timer is ON: inactive players will automatically lose when time's up. (requested by test0704)\n|\n|t:|1682998383\n|move|p1a: Talonflame|Tailwind|p1a: Talonflame\n|-sidestart|p1: test0704|move: Tailwind\n|move|p2b: Palafin|Jet Punch|p1a: Talonflame\n|-supereffective|p1a: Talonflame\n|-damage|p1a: Talonflame|0 fnt\n|faint|p1a: Talonflame\n|move|p1b: Garchomp|Rock Slide|p2a: Pelipper|[spread] p2a,p2b\n|-supereffective|p2a: Pelipper\n|-damage|p2a: Pelipper|45\/100\n|-damage|p2b: Palafin|77\/100\n|move|p2a: Pelipper|Hurricane|p1b: Garchomp\n|-damage|p1b: Garchomp|54\/100\n|-start|p1b: Garchomp|confusion\n|\n|-weather|RainDance|[upkeep]\n|upkeep\n|\n|t:|1682998398\n|switch|p1a: Abomasnow|Abomasnow, L50, M|100\/100\n|-weather|Snow|[from] ability: Snow Warning|[of] p1a: Abomasnow\n|turn|2\n|inactive|test0704 has 30 seconds left.\n|inactive|test0704 has 20 seconds left.\n|inactive|test0704 has 15 seconds left.\n|\n|t:|1682998440\n|detailschange|p2b: Palafin|Palafin-Hero, L50, F\n|switch|p2b: Annihilape|Annihilape, L50, M, shiny|100\/100\n|switch|p2a: Dragonite|Dragonite, L50, M|100\/100\n|-activate|p1b: Garchomp|confusion\n|-damage|p1b: Garchomp|41\/100|[from] confusion\n|move|p1a: Abomasnow|Blizzard|p2a: Dragonite|[spread] p2a,p2b\n|-supereffective|p2a: Dragonite\n|-damage|p2a: Dragonite|31\/100\n|-damage|p2b: Annihilape|64\/100\n|-status|p2a: Dragonite|frz\n|-enditem|p2a: Dragonite|Lum Berry|[eat]\n|-curestatus|p2a: Dragonite|frz|[msg]\n|\n|-weather|Snow|[upkeep]\n|upkeep\n|turn|3\n|inactive|DinkyDaDuke has 30 seconds left.\n|\n|t:|1682998470\n|-terastallize|p2a: Dragonite|Flying\n|-activate|p1b: Garchomp|confusion\n|move|p1b: Garchomp|Rock Slide|p2a: Dragonite|[spread] p2a,p2b\n|-supereffective|p2a: Dragonite\n|-resisted|p2b: Annihilape\n|-damage|p2a: Dragonite|0 fnt\n|-damage|p2b: Annihilape|53\/100\n|faint|p2a: Dragonite\n|move|p1a: Abomasnow|Blizzard|p2b: Annihilape\n|-damage|p2b: Annihilape|4\/100\n|-status|p2b: Annihilape|frz\n|-enditem|p2b: Annihilape|Sitrus Berry|[eat]\n|-heal|p2b: Annihilape|29\/100 frz|[from] item: Sitrus Berry\n|cant|p2b: Annihilape|frz\n|\n|-weather|Snow|[upkeep]\n|upkeep\n|\n|t:|1682998487\n|switch|p2a: Pelipper|Pelipper, L50, M|45\/100\n|-weather|RainDance|[from] ability: Drizzle|[of] p2a: Pelipper\n|turn|4\n|\n|t:|1682998507\n|switch|p1a: Iron Bundle|Iron Bundle, L50|100\/100\n|-enditem|p1a: Iron Bundle|Booster Energy\n|-activate|p1a: Iron Bundle|ability: Quark Drive|[fromitem]\n|-start|p1a: Iron Bundle|quarkdrivespe\n|-end|p1b: Garchomp|confusion\n|move|p1b: Garchomp|Protect|p1b: Garchomp\n|-singleturn|p1b: Garchomp|Protect\n|cant|p2b: Annihilape|frz\n|move|p2a: Pelipper|Hurricane|p1a: Iron Bundle\n|-damage|p1a: Iron Bundle|0 fnt\n|faint|p1a: Iron Bundle\n|-end|p1a: Iron Bundle|Quark Drive|[silent]\n|\n|-weather|RainDance|[upkeep]\n|-sideend|p1: test0704|move: Tailwind\n|upkeep\n|\n|t:|1682998523\n|switch|p1a: Abomasnow|Abomasnow, L50, M|100\/100\n|-weather|Snow|[from] ability: Snow Warning|[of] p1a: Abomasnow\n|turn|5\n|\n|t:|1682998540\n|switch|p2a: Palafin|Palafin-Hero, L50, F|77\/100\n|-activate|p2a: Palafin|ability: Zero to Hero\n|-curestatus|p2b: Annihilape|frz|[msg]\n|move|p2b: Annihilape|Drain Punch|p1a: Abomasnow\n|-supereffective|p1a: Abomasnow\n|-damage|p1a: Abomasnow|45\/100\n|-heal|p2b: Annihilape|58\/100|[from] drain|[of] p1a: Abomasnow\n|move|p1b: Garchomp|Rock Slide|p2a: Palafin|[spread] p2a,p2b\n|-resisted|p2b: Annihilape\n|-damage|p2a: Palafin|59\/100\n|-damage|p2b: Annihilape|48\/100\n|move|p1a: Abomasnow|Energy Ball|p2a: Palafin\n|-supereffective|p2a: Palafin\n|-damage|p2a: Palafin|0 fnt\n|faint|p2a: Palafin\n|\n|-weather|Snow|[upkeep]\n|upkeep\n|\n|t:|1682998558\n|switch|p2a: Pelipper|Pelipper, L50, M|45\/100\n|-weather|RainDance|[from] ability: Drizzle|[of] p2a: Pelipper\n|turn|6\n|inactive|test0704 has 30 seconds left.\n|\n|t:|1682998590\n|-terastallize|p1a: Abomasnow|Water\n|move|p2b: Annihilape|Drain Punch|p1a: Abomasnow\n|-damage|p1a: Abomasnow|3\/100\n|-heal|p2b: Annihilape|69\/100|[from] drain|[of] p1a: Abomasnow\n|move|p1b: Garchomp|Rock Slide|p2b: Annihilape|[spread] p2a,p2b\n|-supereffective|p2a: Pelipper\n|-resisted|p2b: Annihilape\n|-damage|p2a: Pelipper|0 fnt\n|-damage|p2b: Annihilape|59\/100\n|faint|p2a: Pelipper\n|move|p1a: Abomasnow|Energy Ball|p2b: Annihilape\n|-damage|p2b: Annihilape|14\/100\n|\n|-weather|RainDance|[upkeep]\n|upkeep\n|turn|7\n|\n|t:|1682998613\n|move|p2b: Annihilape|Drain Punch|p1b: Garchomp\n|-damage|p1b: Garchomp|11\/100\n|-heal|p2b: Annihilape|32\/100|[from] drain|[of] p1b: Garchomp\n|-damage|p2b: Annihilape|20\/100|[from] ability: Rough Skin|[of] p1b: Garchomp\n|move|p1b: Garchomp|Earthquake|p2b: Annihilape|[spread] p1a,p2b\n|-damage|p1a: Abomasnow|0 fnt\n|-damage|p2b: Annihilape|0 fnt\n|faint|p1a: Abomasnow\n|faint|p2b: Annihilape\n|\n|win|test0704\n|raw|test0704's rating: 1142 → 1161<\/strong> (+19 for winning)\n|raw|DinkyDaDuke's rating: 1057 → 1043<\/strong> (-14 for losing)\n","uploadtime":1682998625,"views":12,"p1id":"test0704","p2id":"dinkydaduke","formatid":"gen9vgc2023regulationc","rating":1043,"private":0,"password":""}