{"id":"gen9vgc2023regulationc-1854875239","p1":"Keveloper","p2":"GoodUnity-YT","format":"[Gen 9] VGC 2023 Regulation C","log":"|j|\u2606Keveloper\n|j|\u2606GoodUnity-YT\n|t:|1682875922\n|gametype|doubles\n|player|p1|Keveloper|lucas|\n|player|p2|GoodUnity-YT|170|\n|teamsize|p1|6\n|teamsize|p2|6\n|gen|9\n|tier|[Gen 9] VGC 2023 Regulation C\n|rule|Species Clause: Limit one of each Pok\u00e9mon\n|rule|Item Clause: Limit one of each item\n|clearpoke\n|poke|p1|Orthworm, L50, F|\n|poke|p1|Dragonite, L50, F|\n|poke|p1|Ting-Lu, L50|\n|poke|p1|Gyarados, L50, F|\n|poke|p1|Flutter Mane, L50|\n|poke|p1|Chien-Pao, L50|\n|poke|p2|Indeedee-F, L50, F|\n|poke|p2|Armarouge, L50, M|\n|poke|p2|Iron Bundle, L50|\n|poke|p2|Corviknight, L50, M|\n|poke|p2|Iron Hands, L50|\n|poke|p2|Ting-Lu, L50|\n|teampreview|4\n|c|\u2606Keveloper|G2\nKeveloper has agreed to open team sheets.\nGoodUnity-YT has agreed to open team sheets.\n|c|\u2606Keveloper|You ready?\n|c|\u2606GoodUnity-YT|yh\n|c|\u2606Keveloper|glhf\n|c|\u2606Keveloper|oh wait let's wait for smoke\n|j| SirSmokeVGC\n|c|\u2606GoodUnity-YT|sos I'm not ready actually\n|c|\u2606GoodUnity-YT|give me a minutes\n|c|\u2606Keveloper|sure\n|c|\u2606Keveloper|lmk when ready\n|c|\u2606GoodUnity-YT|ready\n|c|\u2606Keveloper|glhf\n|inactive|Battle timer is ON: inactive players will automatically lose when time's up. (requested by Keveloper)\n|inactive|Keveloper has 60 seconds left.\n|inactive|Keveloper has 30 seconds left.\n|\n|t:|1682876438\n|start\n|switch|p1a: Orthworm|Orthworm, L50, F|100\/100\n|switch|p1b: Ting-Lu|Ting-Lu, L50|100\/100\n|switch|p2a: Iron Bundle|Iron Bundle, L50|100\/100\n|switch|p2b: Iron Hands|Iron Hands, L50|100\/100\n|-ability|p1b: Ting-Lu|Vessel of Ruin\n|-enditem|p2a: Iron Bundle|Booster Energy\n|-activate|p2a: Iron Bundle|ability: Quark Drive|[fromitem]\n|-start|p2a: Iron Bundle|quarkdrivespe\n|turn|1\n|\n|t:|1682876463\n|move|p2a: Iron Bundle|Protect|p2a: Iron Bundle\n|-singleturn|p2a: Iron Bundle|Protect\n|move|p1b: Ting-Lu|Earthquake|p2a: Iron Bundle|[spread] p2b\n|-activate|p2a: Iron Bundle|move: Protect\n|-immune|p1a: Orthworm|[from] ability: Earth Eater\n|-supereffective|p2b: Iron Hands\n|-damage|p2b: Iron Hands|50\/100\n|move|p1a: Orthworm|Body Press|p2a: Iron Bundle\n|-activate|p2a: Iron Bundle|move: Protect\n|move|p2b: Iron Hands|Drain Punch|p1b: Ting-Lu\n|-supereffective|p1b: Ting-Lu\n|-damage|p1b: Ting-Lu|51\/100\n|-heal|p2b: Iron Hands|72\/100|[from] drain|[of] p1b: Ting-Lu\n|\n|upkeep\n|turn|2\n|inactive|GoodUnity-YT has 30 seconds left.\n|\n|t:|1682876489\n|-end|p2a: Iron Bundle|Quark Drive|[silent]\n|switch|p2a: Corviknight|Corviknight, L50, M|100\/100\n|-terastallize|p2b: Iron Hands|Grass\n|move|p1b: Ting-Lu|Throat Chop|p2a: Corviknight\n|-crit|p2a: Corviknight\n|-damage|p2a: Corviknight|64\/100\n|-start|p2a: Corviknight|Throat Chop|[silent]\n|move|p1a: Orthworm|Body Press|p2a: Corviknight\n|-damage|p2a: Corviknight|45\/100\n|move|p2b: Iron Hands|Volt Switch|p1a: Orthworm\n|-damage|p1a: Orthworm|89\/100\n|\n|t:|1682876503\n|-end|p2b: Iron Hands|Quark Drive|[silent]\n|switch|p2b: Armarouge|Armarouge, L50, M|100\/100|[from] Volt Switch\n|\n|upkeep\n|turn|3\n|\n|t:|1682876522\n|move|p2b: Armarouge|Aura Sphere|p1b: Ting-Lu\n|-supereffective|p1b: Ting-Lu\n|-damage|p1b: Ting-Lu|25\/100\n|move|p1b: Ting-Lu|Rock Slide|p2a: Corviknight|[spread] p2a,p2b\n|-supereffective|p2b: Armarouge\n|-damage|p2a: Corviknight|33\/100\n|-damage|p2b: Armarouge|57\/100\n|cant|p2a: Corviknight|flinch\n|move|p1a: Orthworm|Shed Tail|p1a: Orthworm\n|-start|p1a: Orthworm|Substitute|[from] move: Shed Tail\n|-damage|p1a: Orthworm|39\/100\n|-enditem|p1a: Orthworm|Sitrus Berry|[eat]\n|-heal|p1a: Orthworm|64\/100|[from] item: Sitrus Berry\n|\n|t:|1682876533\n|switch|p1a: Dragonite|Dragonite, L50, F|100\/100|[from] Shed Tail\n|\n|-end|p2a: Corviknight|Throat Chop|[silent]\n|upkeep\n|turn|4\n|j| flameingpigey2\n|\n|t:|1682876558\n|move|p1a: Dragonite|Dragon Dance|p1a: Dragonite\n|-boost|p1a: Dragonite|atk|1\n|-boost|p1a: Dragonite|spe|1\n|move|p2b: Armarouge|Armor Cannon|p1b: Ting-Lu\n|-damage|p1b: Ting-Lu|0 fnt\n|-unboost|p2b: Armarouge|def|1\n|-unboost|p2b: Armarouge|spd|1\n|faint|p1b: Ting-Lu\n|move|p2a: Corviknight|Roost|p2a: Corviknight\n|-heal|p2a: Corviknight|83\/100\n|-singleturn|p2a: Corviknight|move: Roost\n|\n|upkeep\n|\n|t:|1682876575\n|switch|p1b: Orthworm|Orthworm, L50, F|64\/100\n|turn|5\n|\n|t:|1682876580\n|move|p2b: Armarouge|Protect|p2b: Armarouge\n|-singleturn|p2b: Armarouge|Protect\n|move|p1a: Dragonite|Earthquake|p2a: Corviknight|[spread] \n|-activate|p2b: Armarouge|move: Protect\n|-heal|p1b: Orthworm|89\/100|[from] ability: Earth Eater|[of] p1a: Dragonite\n|-immune|p2a: Corviknight\n|move|p2a: Corviknight|Brave Bird|p1a: Dragonite\n|-activate|p1a: Dragonite|move: Substitute|[damage]\n|-damage|p2a: Corviknight|79\/100|[from] Recoil|[of] p1a: Dragonite\n|move|p1b: Orthworm|Iron Defense|p1b: Orthworm\n|-boost|p1b: Orthworm|def|2\n|\n|upkeep\n|turn|6\n|\n|t:|1682876604\n|move|p2b: Armarouge|Protect|p2b: Armarouge\n|-singleturn|p2b: Armarouge|Protect\n|move|p1a: Dragonite|Earthquake|p2a: Corviknight|[spread] \n|-activate|p2b: Armarouge|move: Protect\n|-heal|p1b: Orthworm|100\/100|[from] ability: Earth Eater|[of] p1a: Dragonite\n|-immune|p2a: Corviknight\n|move|p2a: Corviknight|Tailwind|p2a: Corviknight\n|-sidestart|p2: GoodUnity-YT|move: Tailwind\n|move|p1b: Orthworm|Iron Defense|p1b: Orthworm\n|-boost|p1b: Orthworm|def|2\n|\n|upkeep\n|turn|7\n|\n|t:|1682876620\n|move|p1a: Dragonite|Extreme Speed|p2b: Armarouge\n|-damage|p2b: Armarouge|0 fnt\n|faint|p2b: Armarouge\n|move|p2a: Corviknight|Brave Bird|p1b: Orthworm\n|-resisted|p1b: Orthworm\n|-damage|p1b: Orthworm|96\/100\n|-damage|p2a: Corviknight|78\/100|[from] Recoil\n|move|p1b: Orthworm|Body Press|p2a: Corviknight\n|-damage|p2a: Corviknight|26\/100\n|\n|upkeep\n|\n|t:|1682876634\n|switch|p2b: Iron Bundle|Iron Bundle, L50|100\/100\n|turn|8\n|\n|t:|1682876648\n|move|p2b: Iron Bundle|Protect|p2b: Iron Bundle\n|-singleturn|p2b: Iron Bundle|Protect\n|move|p1a: Dragonite|Earthquake|p2b: Iron Bundle|[spread] \n|-activate|p2b: Iron Bundle|move: Protect\n|-heal|p1b: Orthworm|100\/100|[from] ability: Earth Eater|[of] p1a: Dragonite\n|-immune|p2a: Corviknight\n|move|p2a: Corviknight|Brave Bird|p1a: Dragonite\n|-end|p1a: Dragonite|Substitute\n|-damage|p2a: Corviknight|24\/100|[from] Recoil|[of] p1a: Dragonite\n|move|p1b: Orthworm|Body Press|p2b: Iron Bundle\n|-activate|p2b: Iron Bundle|move: Protect\n|\n|upkeep\n|turn|9\n|inactive|GoodUnity-YT has 30 seconds left.\n|\n|t:|1682876676\n|-terastallize|p1a: Dragonite|Flying\n|move|p2b: Iron Bundle|Hydro Pump|p1b: Orthworm|[miss]\n|-miss|p2b: Iron Bundle|p1b: Orthworm\n|move|p1a: Dragonite|Earthquake|p2b: Iron Bundle|[spread] p2b\n|-immune|p1b: Orthworm|[from] ability: Earth Eater\n|-immune|p2a: Corviknight\n|-damage|p2b: Iron Bundle|58\/100\n|move|p2a: Corviknight|Body Press|p1b: Orthworm\n|-supereffective|p1b: Orthworm\n|-damage|p1b: Orthworm|89\/100\n|move|p1b: Orthworm|Body Press|p2b: Iron Bundle\n|-supereffective|p2b: Iron Bundle\n|-damage|p2b: Iron Bundle|0 fnt\n|faint|p2b: Iron Bundle\n|-end|p2b: Iron Bundle|Quark Drive|[silent]\n|\n|-sideend|p2: GoodUnity-YT|move: Tailwind\n|upkeep\n|\n|t:|1682876687\n|switch|p2b: Iron Hands|Iron Hands, L50, tera:Grass|72\/100\n|turn|10\n|\n|t:|1682876696\n|move|p1a: Dragonite|Tera Blast|p2b: Iron Hands\n|-supereffective|p2b: Iron Hands\n|-damage|p2b: Iron Hands|0 fnt\n|faint|p2b: Iron Hands\n|-end|p2b: Iron Hands|Quark Drive|[silent]\n|move|p2a: Corviknight|Body Press|p1b: Orthworm\n|-supereffective|p1b: Orthworm\n|-damage|p1b: Orthworm|77\/100\n|move|p1b: Orthworm|Body Press|p2a: Corviknight\n|-damage|p2a: Corviknight|0 fnt\n|faint|p2a: Corviknight\n|\n|win|Keveloper\n|c|\u2606Keveloper|ggs\n|l|\u2606GoodUnity-YT\n","uploadtime":1682876710,"views":6,"p1id":"keveloper","p2id":"goodunityyt","formatid":"gen9vgc2023regulationc","rating":0,"private":0,"password":""}