{"id":"gen9vgc2023regulationc-1850762701","p1":"NoahMP3","p2":"DrippnDreepy","format":"[Gen 9] VGC 2023 Regulation C","log":"|j|\u2606NoahMP3\n|j|\u2606DrippnDreepy\n|t:|1682365568\n|gametype|doubles\n|player|p1|NoahMP3|chuck|1254\n|player|p2|DrippnDreepy|pokemaniac|1162\n|teamsize|p1|6\n|teamsize|p2|6\n|gen|9\n|tier|[Gen 9] VGC 2023 Regulation C\n|rated|\n|rule|Species Clause: Limit one of each Pok\u00e9mon\n|rule|Item Clause: Limit one of each item\n|clearpoke\n|poke|p1|Tyranitar, L50, F|\n|poke|p1|Lycanroc, L50, M|\n|poke|p1|Ting-Lu, L50|\n|poke|p1|Maushold-Four, L50|\n|poke|p1|Annihilape, L50, F|\n|poke|p1|Flutter Mane, L50|\n|poke|p2|Flamigo, L50, F|\n|poke|p2|Drednaw, L50, M|\n|poke|p2|Amoonguss, L50, F|\n|poke|p2|Pelipper, L50, F|\n|poke|p2|Scream Tail, L50|\n|poke|p2|Kingambit, L50, F|\n|teampreview|4\n|\n|t:|1682365593\n|start\n|switch|p1a: Maushold|Maushold-Four, L50|100\/100\n|switch|p1b: Ting-Lu|Ting-Lu, L50|100\/100\n|switch|p2a: Scream Tail|Scream Tail, L50|100\/100\n|switch|p2b: Kingambit|Kingambit, L50, F|100\/100\n|-ability|p1b: Ting-Lu|Vessel of Ruin\n|-enditem|p2a: Scream Tail|Booster Energy\n|-activate|p2a: Scream Tail|ability: Protosynthesis|[fromitem]\n|-start|p2a: Scream Tail|protosynthesisspe\n|turn|1\n|\n|t:|1682365608\n|move|p2b: Kingambit|Protect|p2b: Kingambit\n|-singleturn|p2b: Kingambit|Protect\n|move|p2a: Scream Tail|Howl|p2a: Scream Tail|[spread] p2a,p2b\n|-boost|p2a: Scream Tail|atk|1\n|-boost|p2b: Kingambit|atk|1\n|move|p1a: Maushold|Super Fang|p2b: Kingambit\n|-activate|p2b: Kingambit|move: Protect\n|move|p1b: Ting-Lu|Stomping Tantrum|p2b: Kingambit\n|-activate|p2b: Kingambit|move: Protect\n|\n|upkeep\n|turn|2\n|\n|t:|1682365632\n|switch|p1b: Tyranitar|Tyranitar, L50, F|100\/100\n|-weather|Sandstorm|[from] ability: Sand Stream|[of] p1b: Tyranitar\n|move|p2a: Scream Tail|Disable|p1a: Maushold\n|-start|p1a: Maushold|Disable|Super Fang\n|cant|p1a: Maushold|Disable|Super Fang\n|move|p2b: Kingambit|Iron Head|p1a: Maushold\n|-damage|p1a: Maushold|27\/100\n|-damage|p2b: Kingambit|91\/100|[from] item: Life Orb\n|\n|-weather|Sandstorm|[upkeep]\n|-damage|p2a: Scream Tail|95\/100|[from] Sandstorm\n|upkeep\n|turn|3\n|\n|t:|1682365654\n|move|p1a: Maushold|Protect|p1a: Maushold\n|-singleturn|p1a: Maushold|Protect\n|move|p2b: Kingambit|Protect|p2b: Kingambit\n|-singleturn|p2b: Kingambit|Protect\n|move|p2a: Scream Tail|Howl|p2a: Scream Tail|[spread] p2a,p2b\n|-boost|p2a: Scream Tail|atk|1\n|-boost|p2b: Kingambit|atk|1\n|move|p1b: Tyranitar|Rock Slide|p2b: Kingambit|[spread] p2a\n|-activate|p2b: Kingambit|move: Protect\n|-damage|p2a: Scream Tail|69\/100\n|\n|-weather|Sandstorm|[upkeep]\n|-damage|p2a: Scream Tail|63\/100|[from] Sandstorm\n|upkeep\n|turn|4\n|\n|t:|1682365676\n|-terastallize|p1b: Tyranitar|Flying\n|move|p1a: Maushold|Follow Me|p1a: Maushold\n|-singleturn|p1a: Maushold|move: Follow Me\n|move|p2a: Scream Tail|Play Rough|p1a: Maushold\n|-damage|p1a: Maushold|0 fnt\n|faint|p1a: Maushold\n|move|p1b: Tyranitar|Rock Slide|p2b: Kingambit|[spread] p2a\n|-miss|p1b: Tyranitar|p2b: Kingambit\n|-damage|p2a: Scream Tail|36\/100\n|move|p2b: Kingambit|Iron Head|p1b: Tyranitar\n|-damage|p1b: Tyranitar|29\/100\n|-damage|p2b: Kingambit|81\/100|[from] item: Life Orb\n|\n|-weather|Sandstorm|[upkeep]\n|-damage|p2a: Scream Tail|30\/100|[from] Sandstorm\n|-damage|p1b: Tyranitar|23\/100|[from] Sandstorm\n|upkeep\n|\n|t:|1682365693\n|switch|p1a: Annihilape|Annihilape, L50, F|100\/100\n|turn|5\n|\n|t:|1682365705\n|move|p2b: Kingambit|Protect|p2b: Kingambit\n|-singleturn|p2b: Kingambit|Protect\n|move|p2a: Scream Tail|Play Rough|p1b: Tyranitar\n|-damage|p1b: Tyranitar|0 fnt\n|faint|p1b: Tyranitar\n|move|p1a: Annihilape|Drain Punch|p2b: Kingambit\n|-activate|p2b: Kingambit|move: Protect\n|\n|-weather|Sandstorm|[upkeep]\n|-damage|p2a: Scream Tail|24\/100|[from] Sandstorm\n|-damage|p1a: Annihilape|94\/100|[from] Sandstorm\n|-heal|p1a: Annihilape|100\/100|[from] item: Leftovers\n|upkeep\n|\n|t:|1682365717\n|switch|p1b: Ting-Lu|Ting-Lu, L50|100\/100\n|-ability|p1b: Ting-Lu|Vessel of Ruin\n|turn|6\n|\n|t:|1682365735\n|move|p2a: Scream Tail|Disable|p1a: Annihilape\n|-start|p1a: Annihilape|Disable|Drain Punch\n|cant|p1a: Annihilape|Disable|Drain Punch\n|move|p2b: Kingambit|Iron Head|p1a: Annihilape\n|-damage|p1a: Annihilape|21\/100\n|-damage|p2b: Kingambit|72\/100|[from] item: Life Orb\n|move|p1b: Ting-Lu|Payback|p2b: Kingambit\n|-resisted|p2b: Kingambit\n|-damage|p2b: Kingambit|53\/100\n|\n|-weather|none\n|-heal|p1a: Annihilape|27\/100|[from] item: Leftovers\n|upkeep\n|turn|7\n|-message|NoahMP3 forfeited.\n|\n|win|DrippnDreepy\n|raw|NoahMP3's rating: 1254 → 1223<\/strong> (-31 for losing)\n|raw|DrippnDreepy's rating: 1162 → 1193<\/strong> (+31 for winning)\n|l|\u2606NoahMP3\n","uploadtime":1682365846,"views":15,"p1id":"noahmp3","p2id":"drippndreepy","formatid":"gen9vgc2023regulationc","rating":1193,"private":0,"password":""}