{"id":"gen9vgc2023regulationc-1860456351","p1":"Memeva","p2":"vasuvasuvasu","format":"[Gen 9] VGC 2023 Regulation C","log":"|j|\u2606Memeva\n|j|\u203dvasuvasuvasu\n|t:|1683645818\n|gametype|doubles\n|player|p1|Memeva|guitarist|\n|player|p2|vasuvasuvasu|266|\n|teamsize|p1|6\n|teamsize|p2|6\n|gen|9\n|tier|[Gen 9] VGC 2023 Regulation C\n|rule|Species Clause: Limit one of each Pok\u00e9mon\n|rule|Item Clause: Limit one of each item\n|clearpoke\n|poke|p1|Garchomp, L50, M|\n|poke|p1|Houndstone, L50, F|\n|poke|p1|Talonflame, L50, F|\n|poke|p1|Grimmsnarl, L50, M|\n|poke|p1|Tyranitar, L50, F|\n|poke|p1|Oranguru, L50, F|\n|poke|p2|Iron Valiant, L50|\n|poke|p2|Orthworm, L50, M|\n|poke|p2|Meowscarada, L50, F|\n|poke|p2|Annihilape, L50, F|\n|poke|p2|Roaring Moon, L50|\n|poke|p2|Iron Bundle, L50|\n|teampreview|4\n|j| Mlemcorice\n|\n|t:|1683645869\n|start\n|switch|p1a: Tyranitar|Tyranitar, L50, F|100\/100\n|switch|p1b: Oranguru|Oranguru, L50, F|100\/100\n|switch|p2a: Iron Bundle|Iron Bundle, L50|100\/100\n|switch|p2b: Iron Valiant|Iron Valiant, L50|100\/100\n|-weather|Sandstorm|[from] ability: Sand Stream|[of] p1a: Tyranitar\n|-enditem|p2b: Iron Valiant|Booster Energy\n|-activate|p2b: Iron Valiant|ability: Quark Drive|[fromitem]\n|-start|p2b: Iron Valiant|quarkdrivespa\n|turn|1\n|\n|t:|1683645924\n|-terastallize|p1a: Tyranitar|Water\n|move|p2a: Iron Bundle|Freeze-Dry|p1a: Tyranitar\n|-supereffective|p1a: Tyranitar\n|-damage|p1a: Tyranitar|63\/100\n|move|p2b: Iron Valiant|Aura Sphere|p1a: Tyranitar\n|-damage|p1a: Tyranitar|32\/100\n|move|p1a: Tyranitar|Fire Punch|p2b: Iron Valiant\n|-damage|p2b: Iron Valiant|67\/100\n|move|p1b: Oranguru|Yawn|p2a: Iron Bundle\n|-start|p2a: Iron Bundle|move: Yawn|[of] p1b: Oranguru\n|\n|-weather|Sandstorm|[upkeep]\n|-damage|p2a: Iron Bundle|94\/100|[from] Sandstorm\n|-damage|p2b: Iron Valiant|61\/100|[from] Sandstorm\n|-damage|p1a: Tyranitar|27\/100|[from] Sandstorm\n|-damage|p1b: Oranguru|94\/100|[from] Sandstorm\n|upkeep\n|turn|2\n|\n|t:|1683645993\n|move|p2a: Iron Bundle|Freeze-Dry|p1a: Tyranitar\n|-supereffective|p1a: Tyranitar\n|-damage|p1a: Tyranitar|0 fnt\n|faint|p1a: Tyranitar\n|move|p2b: Iron Valiant|Moonblast|p1b: Oranguru\n|-damage|p1b: Oranguru|54\/100\n|move|p1b: Oranguru|Yawn|p2b: Iron Valiant\n|-start|p2b: Iron Valiant|move: Yawn|[of] p1b: Oranguru\n|\n|-weather|Sandstorm|[upkeep]\n|-damage|p2a: Iron Bundle|88\/100|[from] Sandstorm\n|-damage|p2b: Iron Valiant|55\/100|[from] Sandstorm\n|-damage|p1b: Oranguru|48\/100|[from] Sandstorm\n|-end|p2a: Iron Bundle|move: Yawn|[silent]\n|-status|p2a: Iron Bundle|slp\n|upkeep\n|\n|t:|1683646007\n|switch|p1a: Grimmsnarl|Grimmsnarl, L50, M|100\/100\n|turn|3\n|\n|t:|1683646071\n|-end|p2b: Iron Valiant|Quark Drive|[silent]\n|switch|p2b: Roaring Moon|Roaring Moon, L50|100\/100\n|move|p1b: Oranguru|Protect|p1b: Oranguru\n|-singleturn|p1b: Oranguru|Protect\n|cant|p2a: Iron Bundle|slp\n|move|p1a: Grimmsnarl|Spirit Break|p2b: Roaring Moon\n|-supereffective|p2b: Roaring Moon\n|-damage|p2b: Roaring Moon|0 fnt\n|faint|p2b: Roaring Moon\n|-end|p2b: Roaring Moon|Protosynthesis|[silent]\n|\n|-weather|Sandstorm|[upkeep]\n|-damage|p2a: Iron Bundle|82\/100 slp|[from] Sandstorm\n|-damage|p1a: Grimmsnarl|95\/100|[from] Sandstorm\n|-damage|p1b: Oranguru|42\/100|[from] Sandstorm\n|-heal|p1a: Grimmsnarl|100\/100|[from] item: Leftovers\n|upkeep\n|\n|t:|1683646089\n|switch|p2b: Iron Valiant|Iron Valiant, L50|55\/100\n|turn|4\n|\n|t:|1683646113\n|-terastallize|p2b: Iron Valiant|Rock\n|-curestatus|p2a: Iron Bundle|slp|[msg]\n|move|p2a: Iron Bundle|Hydro Pump|p1b: Oranguru\n|-damage|p1b: Oranguru|9\/100\n|move|p2b: Iron Valiant|Moonblast|p1a: Grimmsnarl\n|-supereffective|p1a: Grimmsnarl\n|-damage|p1a: Grimmsnarl|13\/100\n|move|p1a: Grimmsnarl|Spirit Break|p2b: Iron Valiant\n|-damage|p2b: Iron Valiant|17\/100\n|-unboost|p2b: Iron Valiant|spa|1\n|move|p1b: Oranguru|Yawn|p2b: Iron Valiant\n|-start|p2b: Iron Valiant|move: Yawn|[of] p1b: Oranguru\n|\n|-weather|Sandstorm|[upkeep]\n|-damage|p2a: Iron Bundle|76\/100|[from] Sandstorm\n|-damage|p1a: Grimmsnarl|7\/100|[from] Sandstorm\n|-damage|p1b: Oranguru|3\/100|[from] Sandstorm\n|-heal|p1a: Grimmsnarl|13\/100|[from] item: Leftovers\n|upkeep\n|turn|5\n|\n|t:|1683646154\n|-end|p2b: Iron Valiant|Quark Drive|[silent]\n|switch|p2b: Meowscarada|Meowscarada, L50, F|100\/100\n|move|p1b: Oranguru|Protect|p1b: Oranguru\n|-singleturn|p1b: Oranguru|Protect\n|move|p1a: Grimmsnarl|Fake Out||[still]\n|-hint|Fake Out only works on your first turn out.\n|-fail|p1a: Grimmsnarl\n|move|p2a: Iron Bundle|Icy Wind|p1a: Grimmsnarl|[spread] p1a\n|-activate|p1b: Oranguru|move: Protect\n|-damage|p1a: Grimmsnarl|0 fnt\n|faint|p1a: Grimmsnarl\n|\n|-weather|none\n|upkeep\n|\n|t:|1683646166\n|switch|p1a: Houndstone|Houndstone, L50, F|100\/100\n|turn|6\n|\n|t:|1683646216\n|move|p2a: Iron Bundle|Icy Wind|p1a: Houndstone|[spread] p1a,p1b\n|-damage|p1a: Houndstone|77\/100\n|-damage|p1b: Oranguru|0 fnt\n|faint|p1b: Oranguru\n|move|p2b: Meowscarada|Knock Off|p1a: Houndstone\n|-supereffective|p1a: Houndstone\n|-damage|p1a: Houndstone|0 fnt\n|-enditem|p1a: Houndstone|Clear Amulet|[from] move: Knock Off|[of] p2b: Meowscarada\n|faint|p1a: Houndstone\n|\n|win|vasuvasuvasu\n","uploadtime":1683646239,"views":10,"p1id":"memeva","p2id":"vasuvasuvasu","formatid":"gen9vgc2023regulationc","rating":0,"private":0,"password":""}