{"id":"gen9vgc2023regulationc-1856468550","p1":"alt2727","p2":"19402u","format":"[Gen 9] VGC 2023 Regulation C","log":"|j|\u2606alt2727\n|j|\u260619402u\n|t:|1683064822\n|gametype|doubles\n|player|p1|alt2727|266|1465\n|player|p2|19402u|169|1451\n|teamsize|p1|6\n|teamsize|p2|6\n|gen|9\n|tier|[Gen 9] VGC 2023 Regulation C\n|rated|\n|rule|Species Clause: Limit one of each Pok\u00e9mon\n|rule|Item Clause: Limit one of each item\n|clearpoke\n|poke|p1|Ting-Lu, L50|\n|poke|p1|Vivillon, L50, M|\n|poke|p1|Dragonite, L50, M|\n|poke|p1|Kingambit, L50, F|\n|poke|p1|Iron Bundle, L50|\n|poke|p1|Abomasnow, L50, M|\n|poke|p2|Dragonite, L50, M|\n|poke|p2|Iron Hands, L50|\n|poke|p2|Amoonguss, L50, F|\n|poke|p2|Ting-Lu, L50|\n|poke|p2|Chien-Pao, L50|\n|poke|p2|Flutter Mane, L50|\n|teampreview|4\n19402u has agreed to open team sheets.\nalt2727 has agreed to open team sheets.\n|inactive|Battle timer is ON: inactive players will automatically lose when time's up. (requested by alt2727)\n|\n|t:|1683064899\n|start\n|switch|p1a: Iron Bundle|Iron Bundle, L50|100\/100\n|switch|p1b: Abomasnow|Abomasnow, L50, M|100\/100\n|switch|p2a: Dragonite|Dragonite, L50, M, shiny|100\/100\n|switch|p2b: Chien-Pao|Chien-Pao, L50|100\/100\n|-ability|p2b: Chien-Pao|Sword of Ruin\n|-weather|Snow|[from] ability: Snow Warning|[of] p1b: Abomasnow\n|-enditem|p1a: Iron Bundle|Booster Energy\n|-activate|p1a: Iron Bundle|ability: Quark Drive|[fromitem]\n|-start|p1a: Iron Bundle|quarkdrivespe\n|turn|1\n|\n|t:|1683064911\n|switch|p2a: Iron Hands|Iron Hands, L50, shiny|100\/100\n|move|p1a: Iron Bundle|Aurora Veil|p1a: Iron Bundle\n|-sidestart|p1: alt2727|move: Aurora Veil\n|move|p2b: Chien-Pao|Sacred Sword|p1a: Iron Bundle\n|-supereffective|p1a: Iron Bundle\n|-damage|p1a: Iron Bundle|57\/100\n|move|p1b: Abomasnow|Blizzard|p2b: Chien-Pao|[spread] p2a,p2b\n|-resisted|p2b: Chien-Pao\n|-damage|p2a: Iron Hands|78\/100\n|-damage|p2b: Chien-Pao|68\/100\n|-damage|p1b: Abomasnow|91\/100|[from] item: Life Orb\n|\n|-weather|Snow|[upkeep]\n|upkeep\n|turn|2\n|inactive|19402u has 30 seconds left.\n|inactive|19402u has 20 seconds left.\n|\n|t:|1683064949\n|move|p1a: Iron Bundle|Blizzard|p2b: Chien-Pao|[spread] p2a,p2b\n|-resisted|p2b: Chien-Pao\n|-damage|p2a: Iron Hands|61\/100\n|-damage|p2b: Chien-Pao|33\/100\n|move|p2b: Chien-Pao|Sacred Sword|p1b: Abomasnow\n|-supereffective|p1b: Abomasnow\n|-damage|p1b: Abomasnow|51\/100\n|move|p1b: Abomasnow|Blizzard|p2a: Iron Hands|[spread] p2a,p2b\n|-resisted|p2b: Chien-Pao\n|-damage|p2a: Iron Hands|40\/100\n|-damage|p2b: Chien-Pao|0 fnt\n|faint|p2b: Chien-Pao\n|-damage|p1b: Abomasnow|42\/100|[from] item: Life Orb\n|move|p2a: Iron Hands|Drain Punch|p1b: Abomasnow\n|-supereffective|p1b: Abomasnow\n|-damage|p1b: Abomasnow|2\/100\n|-heal|p2a: Iron Hands|55\/100|[from] drain|[of] p1b: Abomasnow\n|\n|-weather|Snow|[upkeep]\n|upkeep\n|inactive|19402u has 30 seconds left.\n|\n|t:|1683064978\n|switch|p2b: Flutter Mane|Flutter Mane, L50, shiny|100\/100\n|-enditem|p2b: Flutter Mane|Booster Energy\n|-activate|p2b: Flutter Mane|ability: Protosynthesis|[fromitem]\n|-start|p2b: Flutter Mane|protosynthesisspa\n|turn|3\n|\n|t:|1683064993\n|move|p1b: Abomasnow|Helping Hand|p1a: Iron Bundle\n|-singleturn|p1a: Iron Bundle|Helping Hand|[of] p1b: Abomasnow\n|move|p1a: Iron Bundle|Blizzard|p2a: Iron Hands|[spread] p2a,p2b\n|-damage|p2a: Iron Hands|27\/100\n|-damage|p2b: Flutter Mane|39\/100\n|move|p2b: Flutter Mane|Moonblast|p1b: Abomasnow\n|-damage|p1b: Abomasnow|0 fnt\n|faint|p1b: Abomasnow\n|move|p2a: Iron Hands|Drain Punch|p1a: Iron Bundle\n|-supereffective|p1a: Iron Bundle\n|-damage|p1a: Iron Bundle|15\/100\n|-heal|p2a: Iron Hands|39\/100|[from] drain|[of] p1a: Iron Bundle\n|\n|-weather|Snow|[upkeep]\n|upkeep\n|\n|t:|1683065007\n|switch|p1b: Dragonite|Dragonite, L50, M|100\/100\n|turn|4\n|\n|t:|1683065024\n|move|p1b: Dragonite|Protect|p1b: Dragonite\n|-singleturn|p1b: Dragonite|Protect\n|move|p1a: Iron Bundle|Blizzard|p2a: Iron Hands|[spread] p2a,p2b\n|-damage|p2a: Iron Hands|20\/100\n|-damage|p2b: Flutter Mane|0 fnt\n|faint|p2b: Flutter Mane\n|-end|p2b: Flutter Mane|Protosynthesis|[silent]\n|move|p2a: Iron Hands|Drain Punch|p1a: Iron Bundle\n|-supereffective|p1a: Iron Bundle\n|-damage|p1a: Iron Bundle|0 fnt\n|-heal|p2a: Iron Hands|24\/100|[from] drain|[of] p1a: Iron Bundle\n|faint|p1a: Iron Bundle\n|-end|p1a: Iron Bundle|Quark Drive|[silent]\n|\n|-weather|Snow|[upkeep]\n|upkeep\n|\n|t:|1683065030\n|switch|p1a: Ting-Lu|Ting-Lu, L50|100\/100\n|switch|p2b: Dragonite|Dragonite, L50, M, shiny|100\/100\n|-ability|p1a: Ting-Lu|Vessel of Ruin\n|turn|5\n|inactive|19402u has 30 seconds left.\n|inactive|alt2727 has 30 seconds left.\n|\n|t:|1683065064\n|-terastallize|p2b: Dragonite|Flying\n|move|p1b: Dragonite|Extreme Speed|p2a: Iron Hands\n|-damage|p2a: Iron Hands|5\/100\n|move|p2b: Dragonite|Outrage|p1b: Dragonite\n|-supereffective|p1b: Dragonite\n|-damage|p1b: Dragonite|36\/100\n|move|p1a: Ting-Lu|Rock Slide|p2b: Dragonite|[spread] p2b\n|-miss|p1a: Ting-Lu|p2a: Iron Hands\n|-supereffective|p2b: Dragonite\n|-damage|p2b: Dragonite|71\/100\n|move|p2a: Iron Hands|Drain Punch|p1a: Ting-Lu\n|-supereffective|p1a: Ting-Lu\n|-damage|p1a: Ting-Lu|70\/100\n|-heal|p2a: Iron Hands|20\/100|[from] drain|[of] p1a: Ting-Lu\n|\n|-weather|none\n|-sideend|p1: alt2727|move: Aurora Veil\n|upkeep\n|turn|6\n|\n|t:|1683065082\n|move|p1b: Dragonite|Extreme Speed|p2a: Iron Hands\n|-damage|p2a: Iron Hands|0 fnt\n|faint|p2a: Iron Hands\n|-end|p2a: Iron Hands|Quark Drive|[silent]\n|move|p2b: Dragonite|Outrage|p1a: Ting-Lu|[from]lockedmove\n|-damage|p1a: Ting-Lu|8\/100\n|-start|p2b: Dragonite|confusion|[fatigue]\n|move|p1a: Ting-Lu|Rock Slide|p2b: Dragonite|[miss]\n|-miss|p1a: Ting-Lu|p2b: Dragonite\n|\n|upkeep\n|turn|7\n|\n|t:|1683065096\n|move|p1b: Dragonite|Extreme Speed|p2b: Dragonite\n|-damage|p2b: Dragonite|37\/100\n|-activate|p2b: Dragonite|confusion\n|-damage|p2b: Dragonite|20\/100|[from] confusion\n|move|p1a: Ting-Lu|Rock Slide|p2b: Dragonite\n|-supereffective|p2b: Dragonite\n|-damage|p2b: Dragonite|0 fnt\n|faint|p2b: Dragonite\n|\n|win|alt2727\n|raw|alt2727's rating: 1465 → 1484<\/strong> (+19 for winning)\n|raw|19402u's rating: 1451 → 1432<\/strong> (-19 for losing)\n|l|\u2606alt2727\n","uploadtime":1683065234,"views":11,"p1id":"alt2727","p2id":"19402u","formatid":"gen9vgc2023regulationc","rating":1432,"private":0,"password":""}