{"id":"gen9vgc2023regulationc-1854477650","p1":"NicoHaxVGC","p2":"SrYopi","format":"[Gen 9] VGC 2023 Regulation C","log":"|j|\u2606NicoHaxVGC\n|j|\u2606SrYopi\n|t:|1682816009\n|gametype|doubles\n|player|p1|NicoHaxVGC|red|1369\n|player|p2|SrYopi|102|1319\n|teamsize|p1|6\n|teamsize|p2|6\n|gen|9\n|tier|[Gen 9] VGC 2023 Regulation C\n|rated|\n|rule|Species Clause: Limit one of each Pok\u00e9mon\n|rule|Item Clause: Limit one of each item\n|clearpoke\n|poke|p1|Corviknight, L50, F|\n|poke|p1|Ting-Lu, L50|\n|poke|p1|Annihilape, L50, M|\n|poke|p1|Amoonguss, L50, F|\n|poke|p1|Iron Bundle, L50|\n|poke|p1|Flutter Mane, L50|\n|poke|p2|Iron Jugulis, L50|\n|poke|p2|Iron Hands, L50|\n|poke|p2|Bellibolt, L50, F|\n|poke|p2|Iron Bundle, L50|\n|poke|p2|Abomasnow, L50, F|\n|poke|p2|Palafin, L50, F|\n|teampreview|4\n|inactive|Battle timer is ON: inactive players will automatically lose when time's up. (requested by NicoHaxVGC)\n|inactive|NicoHaxVGC has 60 seconds left.\n|\n|t:|1682816061\n|start\n|switch|p1a: Robin|Annihilape, L50, M|100\/100\n|switch|p1b: Star fire|Flutter Mane, L50|100\/100\n|switch|p2a: Iron Jugulis|Iron Jugulis, L50|100\/100\n|switch|p2b: Josemi|Iron Hands, L50, shiny|100\/100\n|-enditem|p2a: Iron Jugulis|Booster Energy\n|-activate|p2a: Iron Jugulis|ability: Quark Drive|[fromitem]\n|-start|p2a: Iron Jugulis|quarkdrivespe\n|turn|1\n|\n|t:|1682816076\n|move|p2a: Iron Jugulis|Electric Terrain|p2a: Iron Jugulis\n|-fieldstart|move: Electric Terrain\n|-activate|p2b: Josemi|ability: Quark Drive\n|-start|p2b: Josemi|quarkdriveatk\n|move|p1b: Star fire|Dazzling Gleam|p2a: Iron Jugulis|[spread] p2a,p2b\n|-supereffective|p2a: Iron Jugulis\n|-supereffective|p2b: Josemi\n|-damage|p2a: Iron Jugulis|0 fnt\n|-damage|p2b: Josemi|58\/100\n|faint|p2a: Iron Jugulis\n|-end|p2a: Iron Jugulis|Quark Drive|[silent]\n|move|p1a: Robin|Bulk Up|p1a: Robin\n|-boost|p1a: Robin|atk|1\n|-boost|p1a: Robin|def|1\n|move|p2b: Josemi|Volt Switch|p1b: Star fire\n|-damage|p1b: Star fire|85\/100\n|\n|t:|1682816088\n|-end|p2b: Josemi|Quark Drive|[silent]\n|switch|p2b: Iron Bundle|Iron Bundle, L50|100\/100|[from] Volt Switch\n|-activate|p2b: Iron Bundle|ability: Quark Drive\n|-start|p2b: Iron Bundle|quarkdrivespa\n|\n|upkeep\n|\n|t:|1682816094\n|switch|p2a: Abomasnow|Abomasnow, L50, F|100\/100\n|-weather|Snow|[from] ability: Snow Warning|[of] p2a: Abomasnow\n|turn|2\n|\n|t:|1682816115\n|-terastallize|p2b: Iron Bundle|Ice\n|move|p2a: Abomasnow|Helping Hand|p2b: Iron Bundle\n|-singleturn|p2b: Iron Bundle|Helping Hand|[of] p2a: Abomasnow\n|move|p1b: Star fire|Dazzling Gleam|p2a: Abomasnow|[spread] p2a,p2b\n|-damage|p2a: Abomasnow|52\/100\n|-damage|p2b: Iron Bundle|26\/100\n|move|p2b: Iron Bundle|Blizzard|p1a: Robin|[spread] p1a,p1b\n|-damage|p1a: Robin|0 fnt\n|-damage|p1b: Star fire|0 fnt\n|faint|p1a: Robin\n|faint|p1b: Star fire\n|-end|p1b: Star fire|Protosynthesis|[silent]\n|\n|-weather|Snow|[upkeep]\n|upkeep\n|\n|t:|1682816126\n|switch|p1b: Terra|Amoonguss, L50, F|100\/100\n|switch|p1a: Cyborg|Iron Bundle, L50|100\/100\n|-activate|p1a: Cyborg|ability: Quark Drive\n|-start|p1a: Cyborg|quarkdrivespe\n|turn|3\n|\n|t:|1682816146\n|-terastallize|p1b: Terra|Water\n|move|p1a: Cyborg|Protect|p1a: Cyborg\n|-singleturn|p1a: Cyborg|Protect\n|move|p2b: Iron Bundle|Blizzard|p1b: Terra|[spread] p1b\n|-activate|p1a: Cyborg|move: Protect\n|-resisted|p1b: Terra\n|-damage|p1b: Terra|55\/100\n|move|p2a: Abomasnow|Blizzard|p1a: Cyborg|[spread] p1b\n|-activate|p1a: Cyborg|move: Protect\n|-resisted|p1b: Terra\n|-damage|p1b: Terra|38\/100\n|-enditem|p1b: Terra|Sitrus Berry|[eat]\n|-heal|p1b: Terra|63\/100|[from] item: Sitrus Berry\n|move|p1b: Terra|Spore|p2b: Iron Bundle\n|-activate|p2b: Iron Bundle|move: Electric Terrain\n|\n|-weather|Snow|[upkeep]\n|upkeep\n|turn|4\n|c|\u2606NicoHaxVGC|oooooo\n|c|\u2606NicoHaxVGC|vgc17 memories\n|inactive|NicoHaxVGC has 30 seconds left.\n|\n|t:|1682816174\n|move|p1a: Cyborg|Hydro Pump|p2b: Iron Bundle|[miss]\n|-miss|p1a: Cyborg|p2b: Iron Bundle\n|move|p2b: Iron Bundle|Blizzard|p1a: Cyborg|[spread] p1a,p1b\n|-resisted|p1a: Cyborg\n|-resisted|p1b: Terra\n|-damage|p1a: Cyborg|51\/100\n|-damage|p1b: Terra|12\/100\n|-status|p1b: Terra|frz\n|move|p2a: Abomasnow|Blizzard|p1a: Cyborg|[spread] p1a,p1b\n|-resisted|p1a: Cyborg\n|-resisted|p1b: Terra\n|-damage|p1a: Cyborg|34\/100\n|-damage|p1b: Terra|0 fnt\n|faint|p1b: Terra\n|\n|-weather|Snow|[upkeep]\n|upkeep\n|turn|5\n|\n|t:|1682816190\n|move|p1a: Cyborg|Freeze-Dry|p2b: Iron Bundle\n|-resisted|p2b: Iron Bundle\n|-damage|p2b: Iron Bundle|1\/100\n|move|p2b: Iron Bundle|Blizzard|p1a: Cyborg\n|-resisted|p1a: Cyborg\n|-damage|p1a: Cyborg|0 fnt\n|faint|p1a: Cyborg\n|-end|p1a: Cyborg|Quark Drive|[silent]\n|\n|win|SrYopi\n|raw|NicoHaxVGC's rating: 1369 → 1346<\/strong> (-23 for losing)\n|raw|SrYopi's rating: 1319 → 1342<\/strong> (+23 for winning)\n","uploadtime":1682816195,"views":22,"p1id":"nicohaxvgc","p2id":"sryopi","formatid":"gen9vgc2023regulationc","rating":1342,"private":0,"password":""}