{"id":"gen9vgc2023regulationc-1864090473","p1":"wdpsd","p2":"Sloth diesel","format":"[Gen 9] VGC 2023 Regulation C","log":"|j|\u203dwdpsd\n|j|\u2606Sloth diesel\n|t:|1684116005\n|gametype|doubles\n|player|p1|wdpsd|169|1100\n|player|p2|Sloth diesel|skier|1183\n|teamsize|p1|6\n|teamsize|p2|6\n|gen|9\n|tier|[Gen 9] VGC 2023 Regulation C\n|rated|\n|rule|Species Clause: Limit one of each Pok\u00e9mon\n|rule|Item Clause: Limit one of each item\n|clearpoke\n|poke|p1|Annihilape, L50, M|\n|poke|p1|Gholdengo, L50|\n|poke|p1|Flutter Mane, L50|\n|poke|p1|Skeledirge, L50, F|\n|poke|p1|Maushold, L50|\n|poke|p1|Amoonguss, L50, F|\n|poke|p2|Tauros-Paldea-Blaze, L50, M|\n|poke|p2|Tyranitar, L50, F|\n|poke|p2|Mimikyu, L50, F|\n|poke|p2|Scizor, L50, F|\n|poke|p2|Iron Bundle, L50|\n|poke|p2|Gastrodon-East, L50, F|\n|teampreview|4\n|inactive|Battle timer is ON: inactive players will automatically lose when time's up. (requested by wdpsd)\nwdpsd rejected open team sheets.\n|inactive|wdpsd has 60 seconds left.\n|\n|t:|1684116054\n|start\n|switch|p1a: Annihilape|Annihilape, L50, M|100\/100\n|switch|p1b: Flutter Mane|Flutter Mane, L50|100\/100\n|switch|p2a: Tyranitar|Tyranitar, L50, F, shiny|100\/100\n|switch|p2b: Scizor|Scizor, L50, F, shiny|100\/100\n|-weather|Sandstorm|[from] ability: Sand Stream|[of] p2a: Tyranitar\n|-enditem|p1b: Flutter Mane|Booster Energy\n|-activate|p1b: Flutter Mane|ability: Protosynthesis|[fromitem]\n|-start|p1b: Flutter Mane|protosynthesisspe\n|turn|1\n|\n|t:|1684116076\n|-terastallize|p2a: Tyranitar|Flying\n|move|p2b: Scizor|Bullet Punch|p1b: Flutter Mane\n|-supereffective|p1b: Flutter Mane\n|-damage|p1b: Flutter Mane|0 fnt\n|faint|p1b: Flutter Mane\n|-end|p1b: Flutter Mane|Protosynthesis|[silent]\n|move|p1a: Annihilape|Bulk Up|p1a: Annihilape\n|-boost|p1a: Annihilape|atk|1\n|-boost|p1a: Annihilape|def|1\n|move|p2a: Tyranitar|Tera Blast|p1a: Annihilape\n|-supereffective|p1a: Annihilape\n|-damage|p1a: Annihilape|44\/100\n|\n|-weather|Sandstorm|[upkeep]\n|-damage|p1a: Annihilape|38\/100|[from] Sandstorm\n|-damage|p2a: Tyranitar|95\/100|[from] Sandstorm\n|-heal|p1a: Annihilape|44\/100|[from] item: Leftovers\n|upkeep\n|\n|t:|1684116090\n|switch|p1b: Amoonguss|Amoonguss, L50, F|100\/100\n|turn|2\n|inactive|Sloth diesel has 30 seconds left.\n|inactive|Sloth diesel has 20 seconds left.\n|inactive|Sloth diesel has 15 seconds left.\n|\n|t:|1684116133\n|move|p1b: Amoonguss|Rage Powder|p1b: Amoonguss\n|-singleturn|p1b: Amoonguss|move: Rage Powder\n|move|p1a: Annihilape|Rage Fist|p2a: Tyranitar\n|-damage|p2a: Tyranitar|32\/100\n|move|p2b: Scizor|U-turn|p1b: Amoonguss\n|-damage|p1b: Amoonguss|58\/100\n|\n|t:|1684116150\n|switch|p2b: Mimikyu|Mimikyu, L50, F, shiny|100\/100|[from] U-turn\n|move|p2a: Tyranitar|Rock Slide|p1b: Amoonguss|[spread] p1a,p1b\n|-resisted|p1a: Annihilape\n|-damage|p1a: Annihilape|35\/100\n|-damage|p1b: Amoonguss|22\/100\n|-enditem|p1b: Amoonguss|Sitrus Berry|[eat]\n|-heal|p1b: Amoonguss|47\/100|[from] item: Sitrus Berry\n|\n|-weather|Sandstorm|[upkeep]\n|-damage|p2b: Mimikyu|95\/100|[from] Sandstorm\n|-damage|p1a: Annihilape|29\/100|[from] Sandstorm\n|-damage|p2a: Tyranitar|26\/100|[from] Sandstorm\n|-damage|p1b: Amoonguss|41\/100|[from] Sandstorm\n|-heal|p1a: Annihilape|35\/100|[from] item: Leftovers\n|upkeep\n|turn|3\n|inactive|Sloth diesel has 30 seconds left.\n|\n|t:|1684116183\n|switch|p1b: Skeledirge|Skeledirge, L50, F|100\/100\n|move|p2a: Tyranitar|Protect|p2a: Tyranitar\n|-singleturn|p2a: Tyranitar|Protect\n|move|p2b: Mimikyu|Shadow Sneak|p1a: Annihilape\n|-supereffective|p1a: Annihilape\n|-damage|p1a: Annihilape|1\/100\n|-damage|p2b: Mimikyu|85\/100|[from] item: Life Orb\n|move|p1a: Annihilape|Rage Fist|p2a: Tyranitar\n|-activate|p2a: Tyranitar|move: Protect\n|\n|-weather|Sandstorm|[upkeep]\n|-damage|p2b: Mimikyu|80\/100|[from] Sandstorm\n|-damage|p1a: Annihilape|0 fnt|[from] Sandstorm\n|-damage|p1b: Skeledirge|94\/100|[from] Sandstorm\n|-damage|p2a: Tyranitar|20\/100|[from] Sandstorm\n|faint|p1a: Annihilape\n|upkeep\n|\n|t:|1684116197\n|switch|p1a: Amoonguss|Amoonguss, L50, F|74\/100\n|turn|4\n|\n|t:|1684116214\n|switch|p2a: Tauros|Tauros-Paldea-Blaze, L50, M, shiny|100\/100\n|-ability|p2a: Tauros|Intimidate|boost\n|-unboost|p1a: Amoonguss|atk|1\n|-unboost|p1b: Skeledirge|atk|1\n|move|p2b: Mimikyu|Protect|p2b: Mimikyu\n|-singleturn|p2b: Mimikyu|Protect\n|move|p1b: Skeledirge|Torch Song|p2a: Tauros\n|-resisted|p2a: Tauros\n|-damage|p2a: Tauros|73\/100\n|-boost|p1b: Skeledirge|spa|1\n|move|p1a: Amoonguss|Spore|p2b: Mimikyu\n|-activate|p2b: Mimikyu|move: Protect\n|\n|-weather|Sandstorm|[upkeep]\n|-damage|p2b: Mimikyu|74\/100|[from] Sandstorm\n|-damage|p1b: Skeledirge|88\/100|[from] Sandstorm\n|-damage|p1a: Amoonguss|68\/100|[from] Sandstorm\n|upkeep\n|turn|5\n|inactive|wdpsd has 30 seconds left.\n|inactive|Sloth diesel has 30 seconds left.\n|inactive|wdpsd has 20 seconds left.\n|inactive|wdpsd has 15 seconds left.\n|inactive|wdpsd has 10 seconds left.\n|inactive|wdpsd has 5 seconds left.\n|\n|t:|1684116269\n|move|p2b: Mimikyu|Shadow Sneak|p1b: Skeledirge\n|-supereffective|p1b: Skeledirge\n|-damage|p1b: Skeledirge|47\/100\n|-damage|p2b: Mimikyu|64\/100|[from] item: Life Orb\n|move|p2a: Tauros|Raging Bull|p1a: Amoonguss\n|-supereffective|p1a: Amoonguss\n|-damage|p1a: Amoonguss|0 fnt\n|faint|p1a: Amoonguss\n|move|p1b: Skeledirge|Torch Song|p2a: Tauros\n|-resisted|p2a: Tauros\n|-damage|p2a: Tauros|37\/100\n|-boost|p1b: Skeledirge|spa|1\n|\n|-weather|none\n|upkeep\n|turn|6\n|-message|wdpsd forfeited.\n|\n|win|Sloth diesel\n|raw|wdpsd's rating: 1100 → 1081<\/strong> (-19 for losing)\n|raw|Sloth diesel's rating: 1183 → 1202<\/strong> (+19 for winning)\n|l|\u203dwdpsd\n","uploadtime":1684116402,"views":15,"p1id":"wdpsd","p2id":"slothdiesel","formatid":"gen9vgc2023regulationc","rating":1081,"private":0,"password":""}