{"id":"gen9vgc2023regulationc-1849089076","p1":"uka_aokai","p2":"knowking Trump","format":"[Gen 9] VGC 2023 Regulation C","log":"|j|\u2606uka_aokai\n|j|\u2606knowking Trump\n|t:|1682153188\n|gametype|doubles\n|player|p1|uka_aokai|dawn|1758\n|player|p2|knowking Trump|rosa|1628\n|teamsize|p1|6\n|teamsize|p2|6\n|gen|9\n|tier|[Gen 9] VGC 2023 Regulation C\n|rated|\n|rule|Species Clause: Limit one of each Pok\u00e9mon\n|rule|Item Clause: Limit one of each item\n|clearpoke\n|poke|p1|Flutter Mane, L50|\n|poke|p1|Chi-Yu, L50|\n|poke|p1|Torkoal, L50, F|\n|poke|p1|Roaring Moon, L50|\n|poke|p1|Dondozo, L50, M|\n|poke|p1|Tatsugiri, L50, M|\n|poke|p2|Chien-Pao, L50|\n|poke|p2|Dragonite, L50, M|\n|poke|p2|Arcanine, L50, M|\n|poke|p2|Annihilape, L50, F|\n|poke|p2|Maushold, L50|\n|poke|p2|Flutter Mane, L50|\n|teampreview|4\n|j| MondayXyz\n|\n|t:|1682153225\n|start\n|switch|p1a: Torkoal|Torkoal, L50, F|100\/100\n|switch|p1b: Roaring Moon|Roaring Moon, L50|100\/100\n|switch|p2a: Dragonite|Dragonite, L50, M|100\/100\n|switch|p2b: Chien-Pao|Chien-Pao, L50|100\/100\n|-ability|p2b: Chien-Pao|Sword of Ruin\n|-weather|SunnyDay|[from] ability: Drought|[of] p1a: Torkoal\n|-activate|p1b: Roaring Moon|ability: Protosynthesis\n|-start|p1b: Roaring Moon|protosynthesisspe\n|turn|1\n|\n|t:|1682153280\n|-terastallize|p1b: Roaring Moon|Fire\n|-terastallize|p2a: Dragonite|Flying\n|move|p2a: Dragonite|Extreme Speed|p1a: Torkoal\n|-damage|p1a: Torkoal|42\/100\n|move|p1b: Roaring Moon|Breaking Swipe|p2a: Dragonite|[spread] p2a,p2b\n|-damage|p2a: Dragonite|87\/100\n|-damage|p2b: Chien-Pao|71\/100\n|-unboost|p2a: Dragonite|atk|1\n|-unboost|p2b: Chien-Pao|atk|1\n|move|p2b: Chien-Pao|Ice Spinner|p1b: Roaring Moon\n|-resisted|p1b: Roaring Moon\n|-damage|p1b: Roaring Moon|81\/100\n|move|p1a: Torkoal|Heat Wave|p2a: Dragonite|[spread] p2a,p2b\n|-crit|p2a: Dragonite\n|-supereffective|p2b: Chien-Pao\n|-damage|p2a: Dragonite|29\/100\n|-damage|p2b: Chien-Pao|0 fnt\n|faint|p2b: Chien-Pao\n|\n|-weather|SunnyDay|[upkeep]\n|upkeep\n|j| philmega\n|\n|t:|1682153289\n|switch|p2b: Flutter Mane|Flutter Mane, L50|100\/100\n|-activate|p2b: Flutter Mane|ability: Protosynthesis\n|-start|p2b: Flutter Mane|protosynthesisspa\n|turn|2\n|\n|t:|1682153306\n|switch|p2a: Arcanine|Arcanine, L50, M|100\/100\n|-ability|p2a: Arcanine|Intimidate|boost\n|-unboost|p1a: Torkoal|atk|1\n|-fail|p1b: Roaring Moon|unboost|[from] item: Clear Amulet|[of] p1b: Roaring Moon\n|move|p1b: Roaring Moon|Tailwind|p1b: Roaring Moon\n|-sidestart|p1: uka_aokai|move: Tailwind\n|move|p1a: Torkoal|Heat Wave|p2b: Flutter Mane|[spread] p2a,p2b\n|-resisted|p2a: Arcanine\n|-damage|p2a: Arcanine|78\/100\n|-damage|p2b: Flutter Mane|61\/100\n|move|p2b: Flutter Mane|Shadow Ball|p1a: Torkoal\n|-damage|p1a: Torkoal|0 fnt\n|faint|p1a: Torkoal\n|\n|-weather|SunnyDay|[upkeep]\n|upkeep\n|\n|t:|1682153330\n|switch|p1a: Chi-Yu|Chi-Yu, L50|100\/100\n|-ability|p1a: Chi-Yu|Beads of Ruin\n|turn|3\n|\n|t:|1682153362\n|move|p2b: Flutter Mane|Protect|p2b: Flutter Mane\n|-singleturn|p2b: Flutter Mane|Protect\n|move|p2a: Arcanine|Extreme Speed|p1a: Chi-Yu\n|-damage|p1a: Chi-Yu|62\/100\n|move|p1b: Roaring Moon|Jaw Lock|p2b: Flutter Mane\n|-activate|p2b: Flutter Mane|move: Protect\n|move|p1a: Chi-Yu|Dark Pulse|p2a: Arcanine\n|-damage|p2a: Arcanine|0 fnt\n|faint|p2a: Arcanine\n|-damage|p1a: Chi-Yu|52\/100|[from] item: Life Orb\n|\n|-weather|SunnyDay|[upkeep]\n|upkeep\n|\n|t:|1682153373\n|switch|p2a: Dragonite|Dragonite, L50, M, tera:Flying|29\/100\n|turn|4\n|\n|t:|1682153384\n|switch|p1a: Flutter Mane|Flutter Mane, L50|100\/100\n|-activate|p1a: Flutter Mane|ability: Protosynthesis\n|-start|p1a: Flutter Mane|protosynthesisspa\n|move|p2a: Dragonite|Extreme Speed|p1a: Flutter Mane\n|-immune|p1a: Flutter Mane\n|move|p1b: Roaring Moon|Jaw Lock|p2b: Flutter Mane\n|-damage|p2b: Flutter Mane|4\/100\n|-activate|p1b: Roaring Moon|trapped\n|move|p2b: Flutter Mane|Shadow Ball|p1b: Roaring Moon\n|-damage|p1b: Roaring Moon|31\/100\n|\n|-weather|SunnyDay|[upkeep]\n|upkeep\n|turn|5\n|-message|knowking Trump forfeited.\n|\n|win|uka_aokai\n|raw|uka_aokai's rating: 1758 → 1771<\/strong> (+13 for winning)\n|raw|knowking Trump's rating: 1628 → 1615<\/strong> (-13 for losing)\n|l|\u2606knowking Trump\n|l| philmega\n|l|\u2606uka_aokai\n","uploadtime":1682153439,"views":7,"p1id":"ukaaokai","p2id":"knowkingtrump","formatid":"gen9vgc2023regulationc","rating":1615,"private":0,"password":""}