{"id":"gen9vgc2023regulationc-1854922248","p1":"awesome10billion","p2":"xXxninu2008","format":"[Gen 9] VGC 2023 Regulation C","log":"|j|\u2606awesome10billion\n|j|\u2606xXxninu2008\n|t:|1682881077\n|gametype|doubles\n|player|p1|awesome10billion|170|\n|player|p2|xXxninu2008|2|\n|teamsize|p1|6\n|teamsize|p2|6\n|gen|9\n|tier|[Gen 9] VGC 2023 Regulation C\n|rule|Species Clause: Limit one of each Pok\u00e9mon\n|rule|Item Clause: Limit one of each item\n|clearpoke\n|poke|p1|Iron Hands, L50|\n|poke|p1|Amoonguss, L50, F|\n|poke|p1|Pelipper, L50, M|\n|poke|p1|Palafin, L50, F|\n|poke|p1|Baxcalibur, L50, F|\n|poke|p1|Dragonite, L50, F|\n|poke|p2|Garchomp, L50, F|\n|poke|p2|Murkrow, L50, F|\n|poke|p2|Annihilape, L50, M|\n|poke|p2|Meowscarada, L50, M|\n|poke|p2|Ceruledge, L50, M|\n|poke|p2|Chien-Pao, L50|\n|teampreview|4\n|inactive|Battle timer is ON: inactive players will automatically lose when time's up. (requested by awesome10billion)\nawesome10billion has agreed to open team sheets.\n|j| BumpyBumps\n|j| aquaarmor23\n|\n|t:|1682881112\n|start\n|switch|p1a: Iron Hands|Iron Hands, L50|100\/100\n|switch|p1b: Palafin|Palafin, L50, F|100\/100\n|switch|p2a: pulse|Murkrow, L50, F, shiny|100\/100\n|switch|p2b: Aizen|Ceruledge, L50, M|100\/100\n|turn|1\n|l| aquaarmor23\n|\n|t:|1682881132\n|detailschange|p1b: Palafin|Palafin-Hero, L50, F\n|switch|p1b: Pelipper|Pelipper, L50, M|100\/100\n|-weather|RainDance|[from] ability: Drizzle|[of] p1b: Pelipper\n|move|p2a: pulse|Tailwind|p2a: pulse\n|-sidestart|p2: xXxninu2008|move: Tailwind\n|move|p2b: Aizen|Bulk Up|p2b: Aizen\n|-boost|p2b: Aizen|atk|1\n|-boost|p2b: Aizen|def|1\n|move|p1a: Iron Hands|Volt Switch|p2a: pulse\n|-supereffective|p2a: pulse\n|-crit|p2a: pulse\n|-damage|p2a: pulse|1\/100\n|\n|t:|1682881143\n|-end|p1a: Iron Hands|Quark Drive|[silent]\n|switch|p1a: Palafin|Palafin-Hero, L50, F|100\/100|[from] Volt Switch\n|-activate|p1a: Palafin|ability: Zero to Hero\n|\n|-weather|RainDance|[upkeep]\n|upkeep\n|turn|2\n|\n|t:|1682881159\n|-terastallize|p2b: Aizen|Grass\n|-terastallize|p1a: Palafin|Water\n|move|p2a: pulse|Thunder Wave|p1a: Palafin\n|-status|p1a: Palafin|par\n|move|p2b: Aizen|Tera Blast|p1a: Palafin\n|-supereffective|p1a: Palafin\n|-damage|p1a: Palafin|0 fnt\n|faint|p1a: Palafin\n|move|p1b: Pelipper|Tailwind|p1b: Pelipper\n|-sidestart|p1: awesome10billion|move: Tailwind\n|\n|-weather|RainDance|[upkeep]\n|upkeep\n|\n|t:|1682881173\n|switch|p1a: Dragonite|Dragonite, L50, F|100\/100\n|turn|3\n|\n|t:|1682881185\n|move|p1a: Dragonite|Extreme Speed|p2a: pulse\n|-damage|p2a: pulse|0 fnt\n|faint|p2a: pulse\n|move|p2b: Aizen|Tera Blast|p1b: Pelipper\n|-damage|p1b: Pelipper|20\/100\n|move|p1b: Pelipper|Hurricane|p2b: Aizen\n|-supereffective|p2b: Aizen\n|-damage|p2b: Aizen|0 fnt\n|faint|p2b: Aizen\n|\n|-weather|RainDance|[upkeep]\n|upkeep\n|\n|t:|1682881196\n|switch|p2a: Shinigami|Annihilape, L50, M|100\/100\n|switch|p2b: Katty?|Chien-Pao, L50|100\/100\n|-ability|p2b: Katty?|Sword of Ruin\n|turn|4\n|\n|t:|1682881209\n|move|p1a: Dragonite|Extreme Speed|p2b: Katty?\n|-damage|p2b: Katty?|67\/100\n|move|p2b: Katty?|Ice Spinner|p1a: Dragonite\n|-supereffective|p1a: Dragonite\n|-damage|p1a: Dragonite|22\/100\n|move|p2a: Shinigami|Shadow Claw|p1b: Pelipper\n|-crit|p1b: Pelipper\n|-damage|p1b: Pelipper|0 fnt\n|faint|p1b: Pelipper\n|\n|-weather|RainDance|[upkeep]\n|-sideend|p2: xXxninu2008|move: Tailwind\n|upkeep\n|\n|t:|1682881220\n|switch|p1b: Iron Hands|Iron Hands, L50|100\/100\n|turn|5\n|\n|t:|1682881236\n|move|p1b: Iron Hands|Fake Out|p2b: Katty?\n|-damage|p2b: Katty?|51\/100\n|move|p1a: Dragonite|Ice Spinner|p2a: Shinigami\n|-damage|p2a: Shinigami|64\/100\n|cant|p2b: Katty?|flinch\n|move|p2a: Shinigami|Final Gambit|p1b: Iron Hands\n|-damage|p1b: Iron Hands|45\/100\n|faint|p2a: Shinigami\n|\n|-weather|none\n|-sideend|p1: awesome10billion|move: Tailwind\n|upkeep\n|turn|6\n|\n|t:|1682881253\n|move|p1a: Dragonite|Extreme Speed|p2b: Katty?\n|-damage|p2b: Katty?|15\/100\n|move|p2b: Katty?|Ice Spinner|p1b: Iron Hands\n|-damage|p1b: Iron Hands|13\/100\n|move|p1b: Iron Hands|Close Combat|p2b: Katty?\n|-supereffective|p2b: Katty?\n|-damage|p2b: Katty?|0 fnt\n|-unboost|p1b: Iron Hands|def|1\n|-unboost|p1b: Iron Hands|spd|1\n|faint|p2b: Katty?\n|\n|win|awesome10billion\n|c|\u2606awesome10billion|GG\n","uploadtime":1682881266,"views":7,"p1id":"awesome10billion","p2id":"xxxninu2008","formatid":"gen9vgc2023regulationc","rating":0,"private":0,"password":""}