{"id":"gen9vgc2023regulationc-1845065868","p1":"Luis_sd","p2":"Bardo52","format":"[Gen 9] VGC 2023 Regulation C","log":"|j|\u2606Luis_sd\n|j|\u2606Bardo52\n|t:|1681679625\n|gametype|doubles\n|player|p1|Luis_sd|brawly|1349\n|player|p2|Bardo52|brycenman|1454\n|teamsize|p1|6\n|teamsize|p2|6\n|gen|9\n|tier|[Gen 9] VGC 2023 Regulation C\n|rated|\n|rule|Species Clause: Limit one of each Pok\u00e9mon\n|rule|Item Clause: Limit one of each item\n|clearpoke\n|poke|p1|Breloom, L50, M|\n|poke|p1|Iron Hands, L50|\n|poke|p1|Wo-Chien, L50|\n|poke|p1|Iron Bundle, L50|\n|poke|p1|Espeon, L50, M|\n|poke|p1|Farigiraf, L50, M|\n|poke|p2|Tatsugiri, L50, M|\n|poke|p2|Chien-Pao, L50|\n|poke|p2|Dragonite, L50, M|\n|poke|p2|Dondozo, L50, M|\n|poke|p2|Iron Bundle, L50|\n|poke|p2|Chi-Yu, L50|\n|teampreview|4\nBardo52 has agreed to open team sheets.\n|\n|t:|1681679655\n|start\n|switch|p1a: Iron Hands|Iron Hands, L50|100\/100\n|switch|p1b: Breloom|Breloom, L50, M|100\/100\n|switch|p2a: Iron Bundle|Iron Bundle, L50|100\/100\n|switch|p2b: Chi-Yu|Chi-Yu, L50|100\/100\n|-ability|p2b: Chi-Yu|Beads of Ruin\n|-enditem|p2a: Iron Bundle|Booster Energy\n|-activate|p2a: Iron Bundle|ability: Quark Drive|[fromitem]\n|-start|p2a: Iron Bundle|quarkdrivespe\n|turn|1\n|\n|t:|1681679671\n|-terastallize|p1a: Iron Hands|Fire\n|move|p2a: Iron Bundle|Protect|p2a: Iron Bundle\n|-singleturn|p2a: Iron Bundle|Protect\n|move|p2b: Chi-Yu|Protect|p2b: Chi-Yu\n|-singleturn|p2b: Chi-Yu|Protect\n|move|p1b: Breloom|Protect|p1b: Breloom\n|-singleturn|p1b: Breloom|Protect\n|move|p1a: Iron Hands|Drain Punch|p2a: Iron Bundle\n|-activate|p2a: Iron Bundle|move: Protect\n|\n|upkeep\n|turn|2\n|\n|t:|1681679702\n|switch|p1b: Farigiraf|Farigiraf, L50, M|100\/100\n|move|p2a: Iron Bundle|Hydro Pump|p1a: Iron Hands|[miss]\n|-miss|p2a: Iron Bundle|p1a: Iron Hands\n|move|p2b: Chi-Yu|Heat Wave|p1b: Farigiraf|[spread] p1a,p1b\n|-resisted|p1a: Iron Hands\n|-damage|p1a: Iron Hands|80\/100\n|-damage|p1b: Farigiraf|30\/100\n|-damage|p2b: Chi-Yu|90\/100|[from] item: Life Orb\n|move|p1a: Iron Hands|Drain Punch|p2a: Iron Bundle\n|-supereffective|p2a: Iron Bundle\n|-crit|p2a: Iron Bundle\n|-damage|p2a: Iron Bundle|0 fnt\n|-heal|p1a: Iron Hands|100\/100|[from] drain|[of] p2a: Iron Bundle\n|faint|p2a: Iron Bundle\n|-end|p2a: Iron Bundle|Quark Drive|[silent]\n|\n|upkeep\n|\n|t:|1681679720\n|switch|p2a: Tatsugiri|Tatsugiri, L50, M|100\/100\n|turn|3\n|\n|t:|1681679729\n|move|p2a: Tatsugiri|Hydro Pump|p1a: Iron Hands\n|-supereffective|p1a: Iron Hands\n|-damage|p1a: Iron Hands|19\/100\n|move|p2b: Chi-Yu|Heat Wave|p1b: Farigiraf|[spread] p1a,p1b\n|-resisted|p1a: Iron Hands\n|-damage|p1a: Iron Hands|0 fnt\n|-damage|p1b: Farigiraf|0 fnt\n|faint|p1a: Iron Hands\n|-end|p1a: Iron Hands|Quark Drive|[silent]\n|faint|p1b: Farigiraf\n|-damage|p2b: Chi-Yu|80\/100|[from] item: Life Orb\n|\n|upkeep\n|\n|t:|1681679738\n|switch|p1a: Breloom|Breloom, L50, M|100\/100\n|switch|p1b: Wo-Chien|Wo-Chien, L50|100\/100\n|-ability|p1b: Wo-Chien|Tablets of Ruin\n|turn|4\n|\n|t:|1681679750\n|switch|p2a: Dondozo|Dondozo, L50, M|100\/100\n|move|p2b: Chi-Yu|Protect|p2b: Chi-Yu\n|-singleturn|p2b: Chi-Yu|Protect\n|move|p1a: Breloom|Mach Punch|p2b: Chi-Yu\n|-activate|p2b: Chi-Yu|move: Protect\n|move|p1b: Wo-Chien|Leech Seed|p2a: Dondozo|[miss]\n|-miss|p1b: Wo-Chien|p2a: Dondozo\n|\n|upkeep\n|turn|5\n|\n|t:|1681679784\n|switch|p2b: Tatsugiri|Tatsugiri, L50, M|100\/100\n|-activate|p2b: Tatsugiri|ability: Commander|[of] p2a: Dondozo\n|-boost|p2a: Dondozo|atk|2\n|-boost|p2a: Dondozo|spa|2\n|-boost|p2a: Dondozo|spe|2\n|-boost|p2a: Dondozo|def|2\n|-boost|p2a: Dondozo|spd|2\n|-terastallize|p2a: Dondozo|Flying\n|move|p1a: Breloom|Mach Punch|p2b: Tatsugiri|[miss]\n|-miss|p1a: Breloom|p2b: Tatsugiri\n|move|p2a: Dondozo|Tera Blast|p1a: Breloom\n|-supereffective|p1a: Breloom\n|-enditem|p1a: Breloom|Focus Sash\n|-damage|p1a: Breloom|1\/100\n|move|p1b: Wo-Chien|Leech Seed|p2a: Dondozo\n|-start|p2a: Dondozo|move: Leech Seed\n|\n|-damage|p2a: Dondozo|88\/100|[from] Leech Seed|[of] p1b: Wo-Chien\n|upkeep\n|turn|6\n|\n|t:|1681679804\n|move|p1a: Breloom|Protect|p1a: Breloom\n|-singleturn|p1a: Breloom|Protect\n|move|p2a: Dondozo|Order Up|p1a: Breloom\n|-activate|p1a: Breloom|move: Protect\n|move|p1b: Wo-Chien|Substitute|p1b: Wo-Chien\n|-start|p1b: Wo-Chien|Substitute\n|-damage|p1b: Wo-Chien|75\/100\n|\n|-heal|p1b: Wo-Chien|82\/100|[from] item: Leftovers\n|-damage|p2a: Dondozo|76\/100|[from] Leech Seed|[of] p1b: Wo-Chien\n|-heal|p1b: Wo-Chien|96\/100|[silent]\n|upkeep\n|turn|7\n|\n|t:|1681679818\n|move|p2a: Dondozo|Order Up|p1a: Breloom\n|-damage|p1a: Breloom|0 fnt\n|faint|p1a: Breloom\n|-boost|p2a: Dondozo|atk|1\n|move|p1b: Wo-Chien|Pollen Puff|p1: Breloom|[notarget]\n|-fail|p1b: Wo-Chien\n|\n|-heal|p1b: Wo-Chien|100\/100|[from] item: Leftovers\n|-damage|p2a: Dondozo|63\/100|[from] Leech Seed|[of] p1b: Wo-Chien\n|upkeep\n|turn|8\n|\n|t:|1681679833\n|move|p1b: Wo-Chien|Protect|p1b: Wo-Chien\n|-singleturn|p1b: Wo-Chien|Protect\n|move|p2a: Dondozo|Order Up|p1b: Wo-Chien\n|-activate|p1b: Wo-Chien|move: Protect\n|\n|-damage|p2a: Dondozo|51\/100|[from] Leech Seed|[of] p1b: Wo-Chien\n|upkeep\n|turn|9\n|\n|t:|1681679843\n|move|p2a: Dondozo|Order Up|p1b: Wo-Chien\n|-end|p1b: Wo-Chien|Substitute\n|-boost|p2a: Dondozo|atk|1\n|move|p1b: Wo-Chien|Substitute|p1b: Wo-Chien\n|-start|p1b: Wo-Chien|Substitute\n|-damage|p1b: Wo-Chien|75\/100\n|\n|-heal|p1b: Wo-Chien|82\/100|[from] item: Leftovers\n|-damage|p2a: Dondozo|38\/100|[from] Leech Seed|[of] p1b: Wo-Chien\n|-heal|p1b: Wo-Chien|96\/100|[silent]\n|upkeep\n|turn|10\n|inactive|Battle timer is ON: inactive players will automatically lose when time's up. (requested by Luis_sd)\n|\n|t:|1681679870\n|move|p1b: Wo-Chien|Protect|p1b: Wo-Chien\n|-singleturn|p1b: Wo-Chien|Protect\n|move|p2a: Dondozo|Rest|p2a: Dondozo\n|-status|p2a: Dondozo|slp|[from] move: Rest\n|-heal|p2a: Dondozo|100\/100 slp|[silent]\n|-enditem|p2a: Dondozo|Chesto Berry|[eat]\n|-curestatus|p2a: Dondozo|slp|[msg]\n|\n|-heal|p1b: Wo-Chien|100\/100|[from] item: Leftovers\n|-damage|p2a: Dondozo|88\/100|[from] Leech Seed|[of] p1b: Wo-Chien\n|upkeep\n|turn|11\n|\n|t:|1681679884\n|move|p2a: Dondozo|Tera Blast|p1b: Wo-Chien\n|-supereffective|p1b: Wo-Chien\n|-crit|p1b: Wo-Chien\n|-end|p1b: Wo-Chien|Substitute\n|move|p1b: Wo-Chien|Substitute|p1b: Wo-Chien\n|-start|p1b: Wo-Chien|Substitute\n|-damage|p1b: Wo-Chien|75\/100\n|\n|-heal|p1b: Wo-Chien|82\/100|[from] item: Leftovers\n|-damage|p2a: Dondozo|76\/100|[from] Leech Seed|[of] p1b: Wo-Chien\n|-heal|p1b: Wo-Chien|96\/100|[silent]\n|upkeep\n|turn|12\n|\n|t:|1681679895\n|move|p1b: Wo-Chien|Protect|p1b: Wo-Chien\n|-singleturn|p1b: Wo-Chien|Protect\n|move|p2a: Dondozo|Wave Crash|p1b: Wo-Chien\n|-activate|p1b: Wo-Chien|move: Protect\n|\n|-heal|p1b: Wo-Chien|100\/100|[from] item: Leftovers\n|-damage|p2a: Dondozo|63\/100|[from] Leech Seed|[of] p1b: Wo-Chien\n|upkeep\n|turn|13\n|\n|t:|1681679912\n|move|p2a: Dondozo|Order Up|p1b: Wo-Chien\n|-end|p1b: Wo-Chien|Substitute\n|-boost|p2a: Dondozo|atk|1\n|move|p1b: Wo-Chien|Substitute|p1b: Wo-Chien\n|-start|p1b: Wo-Chien|Substitute\n|-damage|p1b: Wo-Chien|75\/100\n|\n|-heal|p1b: Wo-Chien|82\/100|[from] item: Leftovers\n|-damage|p2a: Dondozo|51\/100|[from] Leech Seed|[of] p1b: Wo-Chien\n|-heal|p1b: Wo-Chien|96\/100|[silent]\n|upkeep\n|turn|14\n|\n|t:|1681679925\n|move|p1b: Wo-Chien|Protect|p1b: Wo-Chien\n|-singleturn|p1b: Wo-Chien|Protect\n|move|p2a: Dondozo|Wave Crash|p1b: Wo-Chien\n|-activate|p1b: Wo-Chien|move: Protect\n|\n|-heal|p1b: Wo-Chien|100\/100|[from] item: Leftovers\n|-damage|p2a: Dondozo|38\/100|[from] Leech Seed|[of] p1b: Wo-Chien\n|upkeep\n|turn|15\n|\n|t:|1681679937\n|move|p2a: Dondozo|Order Up|p1b: Wo-Chien\n|-end|p1b: Wo-Chien|Substitute\n|-boost|p2a: Dondozo|atk|1\n|move|p1b: Wo-Chien|Substitute|p1b: Wo-Chien\n|-start|p1b: Wo-Chien|Substitute\n|-damage|p1b: Wo-Chien|75\/100\n|\n|-heal|p1b: Wo-Chien|82\/100|[from] item: Leftovers\n|-damage|p2a: Dondozo|26\/100|[from] Leech Seed|[of] p1b: Wo-Chien\n|-heal|p1b: Wo-Chien|96\/100|[silent]\n|upkeep\n|turn|16\n|\n|t:|1681679951\n|move|p1b: Wo-Chien|Protect|p1b: Wo-Chien\n|-singleturn|p1b: Wo-Chien|Protect\n|move|p2a: Dondozo|Rest|p2a: Dondozo\n|-status|p2a: Dondozo|slp|[from] move: Rest\n|-heal|p2a: Dondozo|100\/100 slp|[silent]\n|\n|-heal|p1b: Wo-Chien|100\/100|[from] item: Leftovers\n|-damage|p2a: Dondozo|88\/100 slp|[from] Leech Seed|[of] p1b: Wo-Chien\n|upkeep\n|turn|17\n|\n|t:|1681679962\n|cant|p2a: Dondozo|slp\n|move|p1b: Wo-Chien|Pollen Puff|p2a: Dondozo\n|-resisted|p2a: Dondozo\n|-damage|p2a: Dondozo|84\/100 slp\n|\n|-damage|p2a: Dondozo|71\/100 slp|[from] Leech Seed|[of] p1b: Wo-Chien\n|upkeep\n|turn|18\n|\n|t:|1681679973\n|cant|p2a: Dondozo|slp\n|move|p1b: Wo-Chien|Pollen Puff|p2a: Dondozo\n|-resisted|p2a: Dondozo\n|-damage|p2a: Dondozo|66\/100 slp\n|\n|-damage|p2a: Dondozo|53\/100 slp|[from] Leech Seed|[of] p1b: Wo-Chien\n|upkeep\n|turn|19\n|\n|t:|1681679983\n|-curestatus|p2a: Dondozo|slp|[msg]\n|move|p2a: Dondozo|Order Up|p1b: Wo-Chien\n|-end|p1b: Wo-Chien|Substitute\n|-boost|p2a: Dondozo|atk|0\n|move|p1b: Wo-Chien|Substitute|p1b: Wo-Chien\n|-start|p1b: Wo-Chien|Substitute\n|-damage|p1b: Wo-Chien|75\/100\n|\n|-heal|p1b: Wo-Chien|82\/100|[from] item: Leftovers\n|-damage|p2a: Dondozo|41\/100|[from] Leech Seed|[of] p1b: Wo-Chien\n|-heal|p1b: Wo-Chien|96\/100|[silent]\n|upkeep\n|turn|20\n|\n|t:|1681679996\n|move|p1b: Wo-Chien|Protect|p1b: Wo-Chien\n|-singleturn|p1b: Wo-Chien|Protect\n|move|p2a: Dondozo|Wave Crash|p1b: Wo-Chien\n|-activate|p1b: Wo-Chien|move: Protect\n|\n|-heal|p1b: Wo-Chien|100\/100|[from] item: Leftovers\n|-damage|p2a: Dondozo|29\/100|[from] Leech Seed|[of] p1b: Wo-Chien\n|upkeep\n|turn|21\n|\n|t:|1681680014\n|move|p2a: Dondozo|Wave Crash|p1b: Wo-Chien\n|-resisted|p1b: Wo-Chien\n|-end|p1b: Wo-Chien|Substitute\n|-damage|p2a: Dondozo|21\/100|[from] Recoil|[of] p1b: Wo-Chien\n|move|p1b: Wo-Chien|Substitute|p1b: Wo-Chien\n|-start|p1b: Wo-Chien|Substitute\n|-damage|p1b: Wo-Chien|75\/100\n|\n|-heal|p1b: Wo-Chien|82\/100|[from] item: Leftovers\n|-damage|p2a: Dondozo|9\/100|[from] Leech Seed|[of] p1b: Wo-Chien\n|-heal|p1b: Wo-Chien|96\/100|[silent]\n|upkeep\n|turn|22\n|\n|t:|1681680025\n|move|p2a: Dondozo|Rest|p2a: Dondozo\n|-status|p2a: Dondozo|slp|[from] move: Rest\n|-heal|p2a: Dondozo|100\/100 slp|[silent]\n|move|p1b: Wo-Chien|Pollen Puff|p2a: Dondozo\n|-resisted|p2a: Dondozo\n|-damage|p2a: Dondozo|95\/100 slp\n|\n|-heal|p1b: Wo-Chien|100\/100|[from] item: Leftovers\n|-damage|p2a: Dondozo|83\/100 slp|[from] Leech Seed|[of] p1b: Wo-Chien\n|upkeep\n|turn|23\n|\n|t:|1681680038\n|cant|p2a: Dondozo|slp\n|move|p1b: Wo-Chien|Pollen Puff|p2a: Dondozo\n|-resisted|p2a: Dondozo\n|-damage|p2a: Dondozo|78\/100 slp\n|\n|-damage|p2a: Dondozo|66\/100 slp|[from] Leech Seed|[of] p1b: Wo-Chien\n|upkeep\n|turn|24\n|\n|t:|1681680051\n|cant|p2a: Dondozo|slp\n|move|p1b: Wo-Chien|Substitute|p1b: Wo-Chien\n|-fail|p1b: Wo-Chien|move: Substitute\n|\n|-damage|p2a: Dondozo|53\/100 slp|[from] Leech Seed|[of] p1b: Wo-Chien\n|upkeep\n|turn|25\n|\n|t:|1681680060\n|-curestatus|p2a: Dondozo|slp|[msg]\n|move|p2a: Dondozo|Wave Crash|p1b: Wo-Chien\n|-resisted|p1b: Wo-Chien\n|-end|p1b: Wo-Chien|Substitute\n|-damage|p2a: Dondozo|46\/100|[from] Recoil|[of] p1b: Wo-Chien\n|move|p1b: Wo-Chien|Substitute|p1b: Wo-Chien\n|-start|p1b: Wo-Chien|Substitute\n|-damage|p1b: Wo-Chien|75\/100\n|\n|-heal|p1b: Wo-Chien|82\/100|[from] item: Leftovers\n|-damage|p2a: Dondozo|34\/100|[from] Leech Seed|[of] p1b: Wo-Chien\n|-heal|p1b: Wo-Chien|96\/100|[silent]\n|upkeep\n|turn|26\n|\n|t:|1681680074\n|move|p1b: Wo-Chien|Protect|p1b: Wo-Chien\n|-singleturn|p1b: Wo-Chien|Protect\n|move|p2a: Dondozo|Wave Crash|p1b: Wo-Chien\n|-activate|p1b: Wo-Chien|move: Protect\n|\n|-heal|p1b: Wo-Chien|100\/100|[from] item: Leftovers\n|-damage|p2a: Dondozo|21\/100|[from] Leech Seed|[of] p1b: Wo-Chien\n|upkeep\n|turn|27\n|\n|t:|1681680084\n|move|p2a: Dondozo|Wave Crash|p1b: Wo-Chien\n|-resisted|p1b: Wo-Chien\n|-crit|p1b: Wo-Chien\n|-end|p1b: Wo-Chien|Substitute\n|-damage|p2a: Dondozo|14\/100|[from] Recoil|[of] p1b: Wo-Chien\n|move|p1b: Wo-Chien|Substitute|p1b: Wo-Chien\n|-start|p1b: Wo-Chien|Substitute\n|-damage|p1b: Wo-Chien|75\/100\n|\n|-heal|p1b: Wo-Chien|82\/100|[from] item: Leftovers\n|-damage|p2a: Dondozo|2\/100|[from] Leech Seed|[of] p1b: Wo-Chien\n|-heal|p1b: Wo-Chien|96\/100|[silent]\n|upkeep\n|turn|28\n|\n|t:|1681680096\n|move|p1b: Wo-Chien|Protect|p1b: Wo-Chien\n|-singleturn|p1b: Wo-Chien|Protect\n|move|p2a: Dondozo|Rest|p2a: Dondozo\n|-status|p2a: Dondozo|slp|[from] move: Rest\n|-heal|p2a: Dondozo|100\/100 slp|[silent]\n|\n|-heal|p1b: Wo-Chien|100\/100|[from] item: Leftovers\n|-damage|p2a: Dondozo|88\/100 slp|[from] Leech Seed|[of] p1b: Wo-Chien\n|upkeep\n|turn|29\n|\n|t:|1681680107\n|cant|p2a: Dondozo|slp\n|move|p1b: Wo-Chien|Pollen Puff|p2a: Dondozo\n|-resisted|p2a: Dondozo\n|-damage|p2a: Dondozo|83\/100 slp\n|\n|-damage|p2a: Dondozo|70\/100 slp|[from] Leech Seed|[of] p1b: Wo-Chien\n|upkeep\n|turn|30\n|\n|t:|1681680118\n|cant|p2a: Dondozo|slp\n|move|p1b: Wo-Chien|Pollen Puff|p2a: Dondozo\n|-resisted|p2a: Dondozo\n|-damage|p2a: Dondozo|65\/100 slp\n|\n|-damage|p2a: Dondozo|52\/100 slp|[from] Leech Seed|[of] p1b: Wo-Chien\n|upkeep\n|turn|31\n|\n|t:|1681680129\n|-curestatus|p2a: Dondozo|slp|[msg]\n|move|p2a: Dondozo|Wave Crash|p1b: Wo-Chien\n|-resisted|p1b: Wo-Chien\n|-end|p1b: Wo-Chien|Substitute\n|-damage|p2a: Dondozo|45\/100|[from] Recoil|[of] p1b: Wo-Chien\n|move|p1b: Wo-Chien|Substitute|p1b: Wo-Chien\n|-start|p1b: Wo-Chien|Substitute\n|-damage|p1b: Wo-Chien|75\/100\n|\n|-heal|p1b: Wo-Chien|82\/100|[from] item: Leftovers\n|-damage|p2a: Dondozo|33\/100|[from] Leech Seed|[of] p1b: Wo-Chien\n|-heal|p1b: Wo-Chien|96\/100|[silent]\n|upkeep\n|turn|32\n|\n|t:|1681680146\n|move|p1b: Wo-Chien|Protect|p1b: Wo-Chien\n|-singleturn|p1b: Wo-Chien|Protect\n|move|p2a: Dondozo|Order Up|p1b: Wo-Chien\n|-activate|p1b: Wo-Chien|move: Protect\n|\n|-heal|p1b: Wo-Chien|100\/100|[from] item: Leftovers\n|-damage|p2a: Dondozo|20\/100|[from] Leech Seed|[of] p1b: Wo-Chien\n|upkeep\n|turn|33\n|\n|t:|1681680159\n|move|p2a: Dondozo|Order Up|p1b: Wo-Chien\n|-end|p1b: Wo-Chien|Substitute\n|-boost|p2a: Dondozo|atk|0\n|move|p1b: Wo-Chien|Substitute|p1b: Wo-Chien\n|-start|p1b: Wo-Chien|Substitute\n|-damage|p1b: Wo-Chien|75\/100\n|\n|-heal|p1b: Wo-Chien|82\/100|[from] item: Leftovers\n|-damage|p2a: Dondozo|8\/100|[from] Leech Seed|[of] p1b: Wo-Chien\n|-heal|p1b: Wo-Chien|96\/100|[silent]\n|upkeep\n|turn|34\n|\n|t:|1681680170\n|move|p2a: Dondozo|Rest|p2a: Dondozo\n|-status|p2a: Dondozo|slp|[from] move: Rest\n|-heal|p2a: Dondozo|100\/100 slp|[silent]\n|move|p1b: Wo-Chien|Pollen Puff|p2a: Dondozo\n|-resisted|p2a: Dondozo\n|-crit|p2a: Dondozo\n|-damage|p2a: Dondozo|86\/100 slp\n|\n|-heal|p1b: Wo-Chien|100\/100|[from] item: Leftovers\n|-damage|p2a: Dondozo|73\/100 slp|[from] Leech Seed|[of] p1b: Wo-Chien\n|upkeep\n|turn|35\n|\n|t:|1681680185\n|cant|p2a: Dondozo|slp\n|move|p1b: Wo-Chien|Pollen Puff|p2a: Dondozo\n|-resisted|p2a: Dondozo\n|-damage|p2a: Dondozo|68\/100 slp\n|\n|-damage|p2a: Dondozo|56\/100 slp|[from] Leech Seed|[of] p1b: Wo-Chien\n|upkeep\n|turn|36\n|\n|t:|1681680192\n|cant|p2a: Dondozo|slp\n|move|p1b: Wo-Chien|Pollen Puff|p2a: Dondozo\n|-resisted|p2a: Dondozo\n|-damage|p2a: Dondozo|51\/100 slp\n|\n|-damage|p2a: Dondozo|39\/100 slp|[from] Leech Seed|[of] p1b: Wo-Chien\n|upkeep\n|turn|37\n|\n|t:|1681680203\n|-curestatus|p2a: Dondozo|slp|[msg]\n|move|p2a: Dondozo|Order Up|p1b: Wo-Chien\n|-end|p1b: Wo-Chien|Substitute\n|-boost|p2a: Dondozo|atk|0\n|move|p1b: Wo-Chien|Pollen Puff|p2a: Dondozo\n|-resisted|p2a: Dondozo\n|-damage|p2a: Dondozo|34\/100\n|\n|-damage|p2a: Dondozo|21\/100|[from] Leech Seed|[of] p1b: Wo-Chien\n|upkeep\n|turn|38\n|\n|t:|1681680216\n|move|p1b: Wo-Chien|Protect|p1b: Wo-Chien\n|-singleturn|p1b: Wo-Chien|Protect\n|move|p2a: Dondozo|Tera Blast|p1b: Wo-Chien\n|-activate|p1b: Wo-Chien|move: Protect\n|\n|-damage|p2a: Dondozo|9\/100|[from] Leech Seed|[of] p1b: Wo-Chien\n|upkeep\n|turn|39\n|\n|t:|1681680225\n|move|p1b: Wo-Chien|Protect||[still]\n|-fail|p1b: Wo-Chien\n|move|p2a: Dondozo|Tera Blast|p1b: Wo-Chien\n|-supereffective|p1b: Wo-Chien\n|-damage|p1b: Wo-Chien|0 fnt\n|faint|p1b: Wo-Chien\n|\n|win|Bardo52\n|raw|Luis_sd's rating: 1349 → 1335<\/strong> (-14 for losing)\n|raw|Bardo52's rating: 1454 → 1468<\/strong> (+14 for winning)\n|l|\u2606Luis_sd\n|l|\u2606Bardo52\n|j|\u2606Bardo52\n|player|p2|Bardo52|brycenman\n","uploadtime":1681680694,"views":18,"p1id":"luissd","p2id":"bardo52","formatid":"gen9vgc2023regulationc","rating":1335,"private":0,"password":""}