{"id":"gen9vgc2023regulationc-1845992819","p1":"shhh6","p2":"jewbacabra27","format":"[Gen 9] VGC 2023 Regulation C","log":"|j|\u2606shhh6\n|j|\u2606jewbacabra27\n|t:|1681788415\n|gametype|doubles\n|player|p1|shhh6|101|1221\n|player|p2|jewbacabra27|265|1169\n|teamsize|p1|6\n|teamsize|p2|6\n|gen|9\n|tier|[Gen 9] VGC 2023 Regulation C\n|rated|\n|rule|Species Clause: Limit one of each Pok\u00e9mon\n|rule|Item Clause: Limit one of each item\n|clearpoke\n|poke|p1|Torkoal, L50, F|\n|poke|p1|Chi-Yu, L50|\n|poke|p1|Bronzong, L50|\n|poke|p1|Gastrodon, L50, F|\n|poke|p1|Grimmsnarl, L50, M|\n|poke|p1|Skeledirge, L50, M|\n|poke|p2|Talonflame, L50, F|\n|poke|p2|Chien-Pao, L50|\n|poke|p2|Garchomp, L50, F|\n|poke|p2|Gholdengo, L50|\n|poke|p2|Gyarados, L50, F|\n|poke|p2|Gardevoir, L50, F|\n|teampreview|4\n|\n|t:|1681788441\n|start\n|switch|p1a: Grimmsnarl|Grimmsnarl, L50, M|100\/100\n|switch|p1b: Skeledirge|Skeledirge, L50, M|100\/100\n|switch|p2a: Gardevoir|Gardevoir, L50, F|100\/100\n|switch|p2b: Chien-Pao|Chien-Pao, L50|100\/100\n|-ability|p2b: Chien-Pao|Sword of Ruin\n|turn|1\n|\n|t:|1681788470\n|move|p2b: Chien-Pao|Protect|p2b: Chien-Pao\n|-singleturn|p2b: Chien-Pao|Protect\n|move|p1a: Grimmsnarl|Fake Out|p2b: Chien-Pao\n|-activate|p2b: Chien-Pao|move: Protect\n|move|p2a: Gardevoir|Light Screen|p2a: Gardevoir\n|-sidestart|p2: jewbacabra27|move: Light Screen\n|move|p1b: Skeledirge|Torch Song|p2b: Chien-Pao\n|-activate|p2b: Chien-Pao|move: Protect\n|\n|upkeep\n|turn|2\n|inactive|Battle timer is ON: inactive players will automatically lose when time's up. (requested by shhh6)\n|\n|t:|1681788489\n|switch|p1b: Torkoal|Torkoal, L50, F|100\/100\n|-weather|SunnyDay|[from] ability: Drought|[of] p1b: Torkoal\n|move|p2b: Chien-Pao|Throat Chop|p1b: Torkoal\n|-damage|p1b: Torkoal|64\/100\n|-start|p1b: Torkoal|Throat Chop|[silent]\n|move|p2a: Gardevoir|Dazzling Gleam|p1b: Torkoal|[spread] p1a,p1b\n|-supereffective|p1a: Grimmsnarl\n|-resisted|p1b: Torkoal\n|-damage|p1a: Grimmsnarl|44\/100\n|-damage|p1b: Torkoal|46\/100\n|move|p1a: Grimmsnarl|Spirit Break|p2b: Chien-Pao\n|-supereffective|p2b: Chien-Pao\n|-enditem|p2b: Chien-Pao|Focus Sash\n|-damage|p2b: Chien-Pao|1\/100\n|-unboost|p2b: Chien-Pao|spa|1\n|\n|-weather|SunnyDay|[upkeep]\n|upkeep\n|turn|3\n|inactive|shhh6 has 30 seconds left.\n|inactive|jewbacabra27 has 30 seconds left.\n|\n|t:|1681788520\n|switch|p1b: Bronzong|Bronzong, L50|100\/100\n|move|p2b: Chien-Pao|Protect|p2b: Chien-Pao\n|-singleturn|p2b: Chien-Pao|Protect\n|move|p1a: Grimmsnarl|Sucker Punch||[still]\n|-fail|p1a: Grimmsnarl\n|move|p2a: Gardevoir|Dazzling Gleam|p1b: Bronzong|[spread] p1a,p1b\n|-supereffective|p1a: Grimmsnarl\n|-resisted|p1b: Bronzong\n|-damage|p1a: Grimmsnarl|0 fnt\n|-damage|p1b: Bronzong|89\/100\n|faint|p1a: Grimmsnarl\n|\n|-weather|SunnyDay|[upkeep]\n|upkeep\n|\n|t:|1681788527\n|switch|p1a: Skeledirge|Skeledirge, L50, M|100\/100\n|turn|4\n|\n|t:|1681788540\n|move|p1a: Skeledirge|Protect|p1a: Skeledirge\n|-singleturn|p1a: Skeledirge|Protect\n|move|p2b: Chien-Pao|Throat Chop|p1a: Skeledirge\n|-activate|p1a: Skeledirge|move: Protect\n|move|p2a: Gardevoir|Dazzling Gleam|p1a: Skeledirge|[spread] p1b\n|-activate|p1a: Skeledirge|move: Protect\n|-resisted|p1b: Bronzong\n|-damage|p1b: Bronzong|78\/100\n|move|p1b: Bronzong|Trick Room|p1b: Bronzong\n|-fieldstart|move: Trick Room|[of] p1b: Bronzong\n|\n|-weather|SunnyDay|[upkeep]\n|upkeep\n|turn|5\n|\n|t:|1681788561\n|switch|p2b: Gyarados|Gyarados, L50, F|100\/100\n|-ability|p2b: Gyarados|Intimidate|boost\n|-unboost|p1a: Skeledirge|atk|1\n|-unboost|p1b: Bronzong|atk|1\n|-terastallize|p1a: Skeledirge|Fairy\n|move|p1b: Bronzong|Iron Head|p2a: Gardevoir\n|-supereffective|p2a: Gardevoir\n|-damage|p2a: Gardevoir|62\/100\n|move|p1a: Skeledirge|Torch Song|p2a: Gardevoir\n|-damage|p2a: Gardevoir|24\/100\n|-boost|p1a: Skeledirge|spa|1\n|move|p2a: Gardevoir|Dazzling Gleam|p1a: Skeledirge|[spread] p1a,p1b\n|-resisted|p1b: Bronzong\n|-damage|p1a: Skeledirge|76\/100\n|-damage|p1b: Bronzong|68\/100\n|\n|-weather|SunnyDay|[upkeep]\n|-heal|p1a: Skeledirge|82\/100|[from] item: Leftovers\n|upkeep\n|turn|6\n|inactive|jewbacabra27 has 30 seconds left.\n|\n|t:|1681788591\n|move|p2b: Gyarados|Protect|p2b: Gyarados\n|-singleturn|p2b: Gyarados|Protect\n|move|p1b: Bronzong|Iron Head|p2b: Gyarados\n|-activate|p2b: Gyarados|move: Protect\n|move|p1a: Skeledirge|Torch Song|p2a: Gardevoir\n|-damage|p2a: Gardevoir|0 fnt\n|-boost|p1a: Skeledirge|spa|1\n|faint|p2a: Gardevoir\n|\n|-weather|none\n|-heal|p1a: Skeledirge|87\/100|[from] item: Leftovers\n|upkeep\n|\n|t:|1681788599\n|switch|p2a: Garchomp|Garchomp, L50, F|100\/100\n|turn|7\n|\n|t:|1681788619\n|switch|p1b: Torkoal|Torkoal, L50, F|46\/100\n|-weather|SunnyDay|[from] ability: Drought|[of] p1b: Torkoal\n|move|p1a: Skeledirge|Encore|p2b: Gyarados\n|-start|p2b: Gyarados|Encore\n|move|p2b: Gyarados|Protect||[still]\n|-fail|p2b: Gyarados\n|move|p2a: Garchomp|Iron Head|p1a: Skeledirge\n|-supereffective|p1a: Skeledirge\n|-damage|p1a: Skeledirge|49\/100\n|\n|-weather|SunnyDay|[upkeep]\n|-heal|p1a: Skeledirge|55\/100|[from] item: Leftovers\n|upkeep\n|turn|8\n|\n|t:|1681788632\n|switch|p1b: Bronzong|Bronzong, L50|68\/100\n|move|p1a: Skeledirge|Protect|p1a: Skeledirge\n|-singleturn|p1a: Skeledirge|Protect\n|move|p2b: Gyarados|Protect|p2b: Gyarados\n|-singleturn|p2b: Gyarados|Protect\n|move|p2a: Garchomp|Earthquake|p1b: Bronzong|[spread] \n|-activate|p2b: Gyarados|move: Protect\n|-activate|p1a: Skeledirge|move: Protect\n|-immune|p1b: Bronzong|[from] ability: Levitate\n|\n|-weather|SunnyDay|[upkeep]\n|-heal|p1a: Skeledirge|60\/100|[from] item: Leftovers\n|-sideend|p2: jewbacabra27|move: Light Screen\n|-fieldend|move: Trick Room\n|upkeep\n|turn|9\n|\n|t:|1681788652\n|switch|p2b: Chien-Pao|Chien-Pao, L50|1\/100\n|-ability|p2b: Chien-Pao|Sword of Ruin\n|move|p2a: Garchomp|Iron Head|p1a: Skeledirge\n|-supereffective|p1a: Skeledirge\n|-damage|p1a: Skeledirge|7\/100\n|move|p1a: Skeledirge|Tera Blast|p2a: Garchomp\n|-supereffective|p2a: Garchomp\n|-damage|p2a: Garchomp|6\/100\n|move|p1b: Bronzong|Trick Room|p1b: Bronzong\n|-fieldstart|move: Trick Room|[of] p1b: Bronzong\n|\n|-weather|SunnyDay|[upkeep]\n|-heal|p1a: Skeledirge|13\/100|[from] item: Leftovers\n|upkeep\n|turn|10\n|\n|t:|1681788669\n|move|p1a: Skeledirge|Protect|p1a: Skeledirge\n|-singleturn|p1a: Skeledirge|Protect\n|move|p2b: Chien-Pao|Protect|p2b: Chien-Pao\n|-singleturn|p2b: Chien-Pao|Protect\n|move|p1b: Bronzong|Iron Head|p2b: Chien-Pao\n|-activate|p2b: Chien-Pao|move: Protect\n|move|p2a: Garchomp|Earthquake|p1b: Bronzong|[spread] \n|-activate|p2b: Chien-Pao|move: Protect\n|-activate|p1a: Skeledirge|move: Protect\n|-immune|p1b: Bronzong|[from] ability: Levitate\n|\n|-weather|SunnyDay|[upkeep]\n|-heal|p1a: Skeledirge|19\/100|[from] item: Leftovers\n|upkeep\n|turn|11\n|\n|t:|1681788691\n|switch|p2b: Gyarados|Gyarados, L50, F|100\/100\n|-ability|p2b: Gyarados|Intimidate|boost\n|-unboost|p1a: Skeledirge|atk|1\n|-unboost|p1b: Bronzong|atk|1\n|move|p1b: Bronzong|Body Press|p2b: Gyarados\n|-resisted|p2b: Gyarados\n|-damage|p2b: Gyarados|86\/100\n|move|p1a: Skeledirge|Torch Song|p2a: Garchomp\n|-resisted|p2a: Garchomp\n|-damage|p2a: Garchomp|0 fnt\n|-boost|p1a: Skeledirge|spa|1\n|faint|p2a: Garchomp\n|\n|-weather|none\n|-heal|p1a: Skeledirge|25\/100|[from] item: Leftovers\n|upkeep\n|\n|t:|1681788693\n|switch|p2a: Chien-Pao|Chien-Pao, L50|1\/100\n|-ability|p2a: Chien-Pao|Sword of Ruin\n|turn|12\n|\n|t:|1681788700\n|move|p1a: Skeledirge|Protect|p1a: Skeledirge\n|-singleturn|p1a: Skeledirge|Protect\n|move|p2b: Gyarados|Protect|p2b: Gyarados\n|-singleturn|p2b: Gyarados|Protect\n|move|p2a: Chien-Pao|Protect|p2a: Chien-Pao\n|-singleturn|p2a: Chien-Pao|Protect\n|move|p1b: Bronzong|Body Press|p2a: Chien-Pao\n|-activate|p2a: Chien-Pao|move: Protect\n|\n|-heal|p1a: Skeledirge|30\/100|[from] item: Leftovers\n|upkeep\n|turn|13\n|\n|t:|1681788715\n|move|p2a: Chien-Pao|Protect||[still]\n|-fail|p2a: Chien-Pao\n|move|p1b: Bronzong|Body Press|p2a: Chien-Pao\n|-supereffective|p2a: Chien-Pao\n|-damage|p2a: Chien-Pao|0 fnt\n|faint|p2a: Chien-Pao\n|move|p1a: Skeledirge|Encore|p2b: Gyarados\n|-start|p2b: Gyarados|Encore\n|move|p2b: Gyarados|Protect||[still]\n|-fail|p2b: Gyarados\n|\n|-heal|p1a: Skeledirge|36\/100|[from] item: Leftovers\n|-fieldend|move: Trick Room\n|upkeep\n|turn|14\n|-message|jewbacabra27 forfeited.\n|\n|win|shhh6\n|raw|shhh6's rating: 1192 → 1215<\/strong> (+23 for winning)\n|raw|jewbacabra27's rating: 1169 → 1146<\/strong> (-23 for losing)\n|l|\u2606jewbacabra27\n","uploadtime":1681788724,"views":5,"p1id":"shhh6","p2id":"jewbacabra27","formatid":"gen9vgc2023regulationc","rating":1146,"private":0,"password":""}