{"id":"gen9vgc2023regulationc-1846639771","p1":"fo50","p2":"Pokey Rayz","format":"[Gen 9] VGC 2023 Regulation C","log":"|j|\u2606fo50\n|j|\u2606Pokey Rayz\n|t:|1681860333\n|gametype|doubles\n|player|p1|fo50|170|1104\n|player|p2|Pokey Rayz|n|1070\n|teamsize|p1|6\n|teamsize|p2|6\n|gen|9\n|tier|[Gen 9] VGC 2023 Regulation C\n|rated|\n|rule|Species Clause: Limit one of each Pok\u00e9mon\n|rule|Item Clause: Limit one of each item\n|clearpoke\n|poke|p1|Scovillain, L50, M|\n|poke|p1|Dragonite, L50, M|\n|poke|p1|Tinkaton, L50, F|\n|poke|p1|Garchomp, L50, M|\n|poke|p1|Torkoal, L50, M|\n|poke|p1|Scizor, L50, M|\n|poke|p2|Farigiraf, L50, M|\n|poke|p2|Scream Tail, L50|\n|poke|p2|Dragapult, L50, M|\n|poke|p2|Volcarona, L50, F|\n|poke|p2|Annihilape, L50, M|\n|poke|p2|Amoonguss, L50, M|\n|teampreview|4\nPokey Rayz has agreed to open team sheets.\n|\n|t:|1681860373\n|start\n|switch|p1a: Garchomp|Garchomp, L50, M|100\/100\n|switch|p1b: Tinkaton|Tinkaton, L50, F|100\/100\n|switch|p2a: Volcarona|Volcarona, L50, F, shiny|100\/100\n|switch|p2b: Annihilape|Annihilape, L50, M, shiny|100\/100\n|turn|1\n|inactive|Battle timer is ON: inactive players will automatically lose when time's up. (requested by fo50)\n|c|\u2606Pokey Rayz|glhf\n|\n|t:|1681860395\n|move|p1b: Tinkaton|Fake Out|p2a: Volcarona\n|-damage|p2a: Volcarona|91\/100\n|move|p2b: Annihilape|Rain Dance|p2b: Annihilape\n|-weather|RainDance\n|move|p1a: Garchomp|Liquidation|p2a: Volcarona\n|-supereffective|p2a: Volcarona\n|-damage|p2a: Volcarona|0 fnt\n|faint|p2a: Volcarona\n|\n|-weather|RainDance|[upkeep]\n|upkeep\n|\n|t:|1681860407\n|switch|p2a: Amoonguss|Amoonguss, L50, M, shiny|100\/100\n|turn|2\n|\n|t:|1681860420\n|move|p2b: Annihilape|Protect|p2b: Annihilape\n|-singleturn|p2b: Annihilape|Protect\n|move|p1a: Garchomp|Dragon Claw|p2a: Amoonguss\n|-damage|p2a: Amoonguss|54\/100\n|-damage|p1a: Garchomp|84\/100|[from] item: Rocky Helmet|[of] p2a: Amoonguss\n|move|p1b: Tinkaton|Gigaton Hammer|p2a: Amoonguss\n|-damage|p2a: Amoonguss|11\/100\n|move|p2a: Amoonguss|Spore|p1a: Garchomp\n|-status|p1a: Garchomp|slp|[from] move: Spore\n|\n|-weather|RainDance|[upkeep]\n|upkeep\n|turn|3\n|inactive|Pokey Rayz has 30 seconds left.\n|inactive|Pokey Rayz has 20 seconds left.\n|\n|t:|1681860457\n|move|p1b: Tinkaton|Protect|p1b: Tinkaton\n|-singleturn|p1b: Tinkaton|Protect\n|move|p2b: Annihilape|Drain Punch|p1b: Tinkaton\n|-activate|p1b: Tinkaton|move: Protect\n|cant|p1a: Garchomp|slp\n|move|p2a: Amoonguss|Spore|p1b: Tinkaton\n|-activate|p1b: Tinkaton|move: Protect\n|\n|-weather|RainDance|[upkeep]\n|upkeep\n|turn|4\n|inactive|fo50 has 30 seconds left.\n|\n|t:|1681860489\n|switch|p2a: Farigiraf|Farigiraf, L50, M, shiny|100\/100\n|move|p2b: Annihilape|Drain Punch|p1b: Tinkaton\n|-damage|p1b: Tinkaton|69\/100\n|-curestatus|p1a: Garchomp|slp|[msg]\n|move|p1a: Garchomp|Dragon Claw|p2a: Farigiraf\n|-damage|p2a: Farigiraf|69\/100\n|move|p1b: Tinkaton|Knock Off|p2a: Farigiraf\n|-supereffective|p2a: Farigiraf\n|-damage|p2a: Farigiraf|44\/100\n|-enditem|p2a: Farigiraf|Leftovers|[from] move: Knock Off|[of] p1b: Tinkaton\n|\n|-weather|RainDance|[upkeep]\n|-heal|p1b: Tinkaton|75\/100|[from] item: Leftovers\n|upkeep\n|turn|5\n|\n|t:|1681860511\n|switch|p2b: Amoonguss|Amoonguss, L50, M, shiny|45\/100\n|-terastallize|p2a: Farigiraf|Water\n|move|p1a: Garchomp|Dragon Claw|p2a: Farigiraf\n|-damage|p2a: Farigiraf|10\/100\n|move|p1b: Tinkaton|Knock Off|p2b: Amoonguss\n|-damage|p2b: Amoonguss|27\/100\n|-damage|p1b: Tinkaton|59\/100|[from] item: Rocky Helmet|[of] p2b: Amoonguss\n|-enditem|p2b: Amoonguss|Rocky Helmet|[from] move: Knock Off|[of] p1b: Tinkaton\n|move|p2a: Farigiraf|Tera Blast|p1a: Garchomp\n|-damage|p1a: Garchomp|29\/100\n|\n|-weather|RainDance|[upkeep]\n|-heal|p1b: Tinkaton|65\/100|[from] item: Leftovers\n|upkeep\n|turn|6\n|\n|t:|1681860532\n|move|p1b: Tinkaton|Protect|p1b: Tinkaton\n|-singleturn|p1b: Tinkaton|Protect\n|move|p2a: Farigiraf|Protect|p2a: Farigiraf\n|-singleturn|p2a: Farigiraf|Protect\n|move|p1a: Garchomp|Earthquake|p2a: Farigiraf|[spread] p2b\n|-activate|p1b: Tinkaton|move: Protect\n|-activate|p2a: Farigiraf|move: Protect\n|-damage|p2b: Amoonguss|0 fnt\n|faint|p2b: Amoonguss\n|\n|-weather|RainDance|[upkeep]\n|-heal|p1b: Tinkaton|71\/100|[from] item: Leftovers\n|upkeep\n|\n|t:|1681860544\n|switch|p2b: Annihilape|Annihilape, L50, M, shiny|100\/100\n|turn|7\n|\n|t:|1681860559\n|switch|p1b: Dragonite|Dragonite, L50, M|100\/100\n|move|p2b: Annihilape|Drain Punch|p1b: Dragonite\n|-resisted|p1b: Dragonite\n|-damage|p1b: Dragonite|92\/100\n|move|p1a: Garchomp|Earthquake|p2a: Farigiraf|[spread] p2a,p2b\n|-immune|p1b: Dragonite\n|-damage|p2a: Farigiraf|0 fnt\n|-damage|p2b: Annihilape|58\/100\n|faint|p2a: Farigiraf\n|\n|-weather|RainDance|[upkeep]\n|upkeep\n|turn|8\n|\n|t:|1681860584\n|move|p2b: Annihilape|Shadow Claw|p1a: Garchomp\n|-damage|p1a: Garchomp|1\/100\n|-damage|p2b: Annihilape|45\/100|[from] ability: Rough Skin|[of] p1a: Garchomp\n|move|p1a: Garchomp|Dragon Claw|p2b: Annihilape\n|-damage|p2b: Annihilape|0 fnt\n|faint|p2b: Annihilape\n|\n|win|fo50\n|raw|fo50's rating: 1104 → 1127<\/strong> (+23 for winning)\n|raw|Pokey Rayz's rating: 1070 → 1051<\/strong> (-19 for losing)\n","uploadtime":1681860595,"views":9,"p1id":"fo50","p2id":"pokeyrayz","formatid":"gen9vgc2023regulationc","rating":1051,"private":0,"password":""}