{"id":"gen9vgc2023regulationc-1850700349","p1":"That_Leek","p2":"okFreaKVGC","format":"[Gen 9] VGC 2023 Regulation C","log":"|j|\u2606That_Leek\n|j|\u2606okFreaKVGC\n|t:|1682360230\n|gametype|doubles\n|player|p1|That_Leek|blue-masters|1379\n|player|p2|okFreaKVGC|170|1329\n|teamsize|p1|6\n|teamsize|p2|6\n|gen|9\n|tier|[Gen 9] VGC 2023 Regulation C\n|rated|\n|rule|Species Clause: Limit one of each Pok\u00e9mon\n|rule|Item Clause: Limit one of each item\n|clearpoke\n|poke|p1|Gholdengo, L50|\n|poke|p1|Gyarados, L50, M|\n|poke|p1|Tyranitar, L50, M|\n|poke|p1|Maushold-Four, L50|\n|poke|p1|Annihilape, L50, F|\n|poke|p1|Volcarona, L50, M|\n|poke|p2|Indeedee-F, L50, F|\n|poke|p2|Drifblim, L50, M|\n|poke|p2|Wo-Chien, L50|\n|poke|p2|Garchomp, L50, M|\n|poke|p2|Iron Bundle, L50|\n|poke|p2|Sylveon, L50, F|\n|teampreview|4\nThat_Leek has agreed to open team sheets.\nokFreaKVGC has agreed to open team sheets.\n|\n|t:|1682360270\n|start\n|switch|p1a: Maushold|Maushold-Four, L50|100\/100\n|switch|p1b: Tyranitar|Tyranitar, L50, M|100\/100\n|switch|p2a: Garchomp|Garchomp, L50, M|100\/100\n|switch|p2b: Indeedee|Indeedee-F, L50, F|100\/100\n|-fieldstart|move: Psychic Terrain|[from] ability: Psychic Surge|[of] p2b: Indeedee\n|-weather|Sandstorm|[from] ability: Sand Stream|[of] p1b: Tyranitar\n|turn|1\n|\n|t:|1682360305\n|-terastallize|p1b: Tyranitar|Flying\n|move|p2b: Indeedee|Follow Me|p2b: Indeedee\n|-singleturn|p2b: Indeedee|move: Follow Me\n|move|p1a: Maushold|Super Fang|p2b: Indeedee\n|-damage|p2b: Indeedee|51\/100\n|move|p2a: Garchomp|Swords Dance|p2a: Garchomp\n|-boost|p2a: Garchomp|atk|2\n|move|p1b: Tyranitar|Crunch|p2b: Indeedee\n|-supereffective|p2b: Indeedee\n|-damage|p2b: Indeedee|0 fnt\n|faint|p2b: Indeedee\n|\n|-weather|Sandstorm|[upkeep]\n|-damage|p1b: Tyranitar|95\/100|[from] Sandstorm\n|upkeep\n|\n|t:|1682360320\n|switch|p2b: Drifblim|Drifblim, L50, M|100\/100\n|-enditem|p2b: Drifblim|Psychic Seed\n|-boost|p2b: Drifblim|spd|1|[from] item: Psychic Seed\n|turn|2\n|\n|t:|1682360343\n|move|p1a: Maushold|Follow Me|p1a: Maushold\n|-singleturn|p1a: Maushold|move: Follow Me\n|move|p2b: Drifblim|Tailwind|p2b: Drifblim\n|-sidestart|p2: okFreaKVGC|move: Tailwind\n|move|p2a: Garchomp|Dragon Claw|p1a: Maushold\n|-damage|p1a: Maushold|0 fnt\n|faint|p1a: Maushold\n|move|p1b: Tyranitar|Crunch|p2a: Garchomp\n|-crit|p2a: Garchomp\n|-damage|p2a: Garchomp|38\/100\n|-damage|p1b: Tyranitar|83\/100|[from] ability: Rough Skin|[of] p2a: Garchomp\n|\n|-weather|Sandstorm|[upkeep]\n|-damage|p2b: Drifblim|94\/100|[from] Sandstorm\n|-damage|p1b: Tyranitar|77\/100|[from] Sandstorm\n|upkeep\n|\n|t:|1682360352\n|switch|p1a: Volcarona|Volcarona, L50, M|100\/100\n|turn|3\n|\n|t:|1682360374\n|move|p1a: Volcarona|Rage Powder|p1a: Volcarona\n|-singleturn|p1a: Volcarona|move: Rage Powder\n|move|p2b: Drifblim|Will-O-Wisp|p1a: Volcarona\n|-immune|p1a: Volcarona\n|move|p2a: Garchomp|Earthquake|p1a: Volcarona|[spread] p1a\n|-immune|p2b: Drifblim\n|-immune|p1b: Tyranitar\n|-damage|p1a: Volcarona|10\/100\n|move|p1b: Tyranitar|Crunch|p2a: Garchomp\n|-damage|p2a: Garchomp|0 fnt\n|-damage|p1b: Tyranitar|65\/100|[from] ability: Rough Skin|[of] p2a: Garchomp\n|faint|p2a: Garchomp\n|\n|-weather|Sandstorm|[upkeep]\n|-damage|p2b: Drifblim|88\/100|[from] Sandstorm\n|-damage|p1a: Volcarona|4\/100|[from] Sandstorm\n|-damage|p1b: Tyranitar|59\/100|[from] Sandstorm\n|upkeep\n|\n|t:|1682360385\n|switch|p2a: Iron Bundle|Iron Bundle, L50|100\/100\n|-enditem|p2a: Iron Bundle|Booster Energy\n|-activate|p2a: Iron Bundle|ability: Quark Drive|[fromitem]\n|-start|p2a: Iron Bundle|quarkdrivespe\n|turn|4\n|\n|t:|1682360399\n|-terastallize|p2b: Drifblim|Grass\n|move|p2a: Iron Bundle|Protect|p2a: Iron Bundle\n|-singleturn|p2a: Iron Bundle|Protect\n|move|p1a: Volcarona|Rage Powder|p1a: Volcarona\n|-singleturn|p1a: Volcarona|move: Rage Powder\n|move|p2b: Drifblim|Hex|p1a: Volcarona\n|-damage|p1a: Volcarona|0 fnt\n|faint|p1a: Volcarona\n|move|p1b: Tyranitar|Rock Slide|p2b: Drifblim|[spread] p2b\n|-activate|p2a: Iron Bundle|move: Protect\n|-damage|p2b: Drifblim|46\/100\n|\n|-weather|Sandstorm|[upkeep]\n|-damage|p2a: Iron Bundle|94\/100|[from] Sandstorm\n|-damage|p2b: Drifblim|40\/100|[from] Sandstorm\n|-damage|p1b: Tyranitar|53\/100|[from] Sandstorm\n|upkeep\n|\n|t:|1682360403\n|switch|p1a: Gholdengo|Gholdengo, L50|100\/100\n|turn|5\n|\n|t:|1682360437\n|move|p2a: Iron Bundle|Protect|p2a: Iron Bundle\n|-singleturn|p2a: Iron Bundle|Protect\n|move|p2b: Drifblim|Strength Sap|p1b: Tyranitar\n|-unboost|p1b: Tyranitar|atk|1\n|-heal|p2b: Drifblim|100\/100\n|move|p1a: Gholdengo|Make It Rain|p2a: Iron Bundle|[spread] p2b\n|-activate|p2a: Iron Bundle|move: Protect\n|-damage|p2b: Drifblim|45\/100\n|-unboost|p1a: Gholdengo|spa|1\n|-damage|p1a: Gholdengo|91\/100|[from] item: Life Orb\n|move|p1b: Tyranitar|Rock Slide|p2b: Drifblim|[spread] p2b\n|-activate|p2a: Iron Bundle|move: Protect\n|-damage|p2b: Drifblim|17\/100\n|\n|-weather|none\n|-sideend|p2: okFreaKVGC|move: Tailwind\n|upkeep\n|turn|6\n|\n|t:|1682360463\n|move|p2a: Iron Bundle|Hydro Pump|p1a: Gholdengo\n|-damage|p1a: Gholdengo|35\/100\n|move|p2b: Drifblim|Strength Sap|p1b: Tyranitar\n|-unboost|p1b: Tyranitar|atk|1\n|-heal|p2b: Drifblim|65\/100\n|move|p1a: Gholdengo|Make It Rain|p2b: Drifblim|[spread] p2a,p2b\n|-damage|p2a: Iron Bundle|5\/100\n|-damage|p2b: Drifblim|30\/100\n|-unboost|p1a: Gholdengo|spa|1\n|-damage|p1a: Gholdengo|25\/100|[from] item: Life Orb\n|move|p1b: Tyranitar|Rock Slide|p2a: Iron Bundle|[spread] p2a,p2b\n|-supereffective|p2a: Iron Bundle\n|-damage|p2a: Iron Bundle|0 fnt\n|-damage|p2b: Drifblim|10\/100\n|faint|p2a: Iron Bundle\n|-end|p2a: Iron Bundle|Quark Drive|[silent]\n|\n|upkeep\n|turn|7\n|\n|t:|1682360492\n|move|p2b: Drifblim|Strength Sap|p2: Iron Bundle|[notarget]\n|-fail|p2b: Drifblim\n|move|p1a: Gholdengo|Make It Rain|p2b: Drifblim\n|-damage|p2b: Drifblim|0 fnt\n|-unboost|p1a: Gholdengo|spa|1\n|faint|p2b: Drifblim\n|-damage|p1a: Gholdengo|16\/100|[from] item: Life Orb\n|\n|win|That_Leek\n|raw|That_Leek's rating: 1379 → 1396<\/strong> (+17 for winning)\n|raw|okFreaKVGC's rating: 1329 → 1312<\/strong> (-17 for losing)\n|l|\u2606okFreaKVGC\n","uploadtime":1682360511,"views":13,"p1id":"thatleek","p2id":"okfreakvgc","formatid":"gen9vgc2023regulationc","rating":1312,"private":0,"password":""}