{"id":"gen9vgc2023regulationc-1859022385","p1":"chr0me0","p2":"TortuguitaconQueso","format":"[Gen 9] VGC 2023 Regulation C","log":"|j|\u2606chr0me0\n|j|\u203dTortuguitaconQueso\n|t:|1683395357\n|gametype|doubles\n|player|p1|chr0me0|marshal|1160\n|player|p2|TortuguitaconQueso|valerie|1050\n|teamsize|p1|6\n|teamsize|p2|6\n|gen|9\n|tier|[Gen 9] VGC 2023 Regulation C\n|rated|\n|rule|Species Clause: Limit one of each Pok\u00e9mon\n|rule|Item Clause: Limit one of each item\n|clearpoke\n|poke|p1|Florges, L50, F|\n|poke|p1|Slither Wing, L50|\n|poke|p1|Arcanine, L50, F|\n|poke|p1|Gholdengo, L50|\n|poke|p1|Iron Bundle, L50|\n|poke|p1|Flutter Mane, L50|\n|poke|p2|Flutter Mane, L50|\n|poke|p2|Amoonguss, L50, F|\n|poke|p2|Gyarados, L50, F|\n|poke|p2|Chi-Yu, L50|\n|poke|p2|Ting-Lu, L50|\n|poke|p2|Baxcalibur, L50, F|\n|teampreview|4\n|inactive|Battle timer is ON: inactive players will automatically lose when time's up. (requested by chr0me0)\nchr0me0 rejected open team sheets.\n|inactive|chr0me0 has 60 seconds left.\n|inactive|TortuguitaconQueso has 60 seconds left.\n|\n|t:|1683395414\n|start\n|switch|p1a: Florges|Florges, L50, F|100\/100\n|switch|p1b: Slither Wing|Slither Wing, L50|100\/100\n|switch|p2a: Gyarados|Gyarados, L50, F, shiny|100\/100\n|switch|p2b: Ting-Lu|Ting-Lu, L50|100\/100\n|-ability|p2a: Gyarados|Intimidate|boost\n|-unboost|p1a: Florges|atk|1\n|-unboost|p1b: Slither Wing|atk|1\n|-ability|p2b: Ting-Lu|Vessel of Ruin\n|-enditem|p1b: Slither Wing|Booster Energy\n|-activate|p1a: Florges|ability: Symbiosis|Life Orb|[of] p1b: Slither Wing\n|-activate|p1b: Slither Wing|ability: Protosynthesis|[fromitem]\n|-start|p1b: Slither Wing|protosynthesisspe\n|turn|1\n|inactive|chr0me0 has 30 seconds left.\n|inactive|chr0me0 has 20 seconds left.\n|inactive|TortuguitaconQueso has 30 seconds left.\n|inactive|chr0me0 has 15 seconds left.\n|inactive|chr0me0 has 10 seconds left.\n|inactive|chr0me0 has 5 seconds left.\n|\n|t:|1683395465\n|-terastallize|p1b: Slither Wing|Bug\n|move|p1b: Slither Wing|First Impression|p2b: Ting-Lu\n|-supereffective|p2b: Ting-Lu\n|-damage|p2b: Ting-Lu|37\/100\n|-damage|p1b: Slither Wing|90\/100|[from] item: Life Orb\n|move|p2a: Gyarados|Thunder Wave|p1b: Slither Wing\n|-status|p1b: Slither Wing|par\n|move|p1a: Florges|Dazzling Gleam|p2b: Ting-Lu|[spread] p2a,p2b\n|-supereffective|p2b: Ting-Lu\n|-damage|p2a: Gyarados|87\/100\n|-damage|p2b: Ting-Lu|21\/100\n|move|p2b: Ting-Lu|Heavy Slam|p1a: Florges\n|-supereffective|p1a: Florges\n|-damage|p1a: Florges|33\/100\n|\n|upkeep\n|turn|2\n|inactive|chr0me0 has 30 seconds left.\n|inactive|TortuguitaconQueso has 30 seconds left.\n|\n|t:|1683395497\n|move|p1a: Florges|Helping Hand|p1b: Slither Wing\n|-singleturn|p1b: Slither Wing|Helping Hand|[of] p1a: Florges\n|move|p1b: Slither Wing|Leech Life|p2b: Ting-Lu\n|-supereffective|p2b: Ting-Lu\n|-damage|p2b: Ting-Lu|0 fnt\n|-heal|p1b: Slither Wing|100\/100 par|[from] drain|[of] p2b: Ting-Lu\n|faint|p2b: Ting-Lu\n|-damage|p1b: Slither Wing|90\/100 par|[from] item: Life Orb\n|move|p2a: Gyarados|Waterfall|p1a: Florges\n|-damage|p1a: Florges|0 fnt\n|faint|p1a: Florges\n|\n|upkeep\n|\n|t:|1683395515\n|switch|p1a: Iron Bundle|Iron Bundle, L50|100\/100\n|switch|p2b: Chi-Yu|Chi-Yu, L50|100\/100\n|-ability|p2b: Chi-Yu|Beads of Ruin\n|turn|3\n|inactive|chr0me0 has 30 seconds left.\n|inactive|chr0me0 has 20 seconds left.\n|inactive|chr0me0 has 15 seconds left.\n|\n|t:|1683395558\n|-terastallize|p2b: Chi-Yu|Water\n|move|p1a: Iron Bundle|Icy Wind|p2b: Chi-Yu|[spread] p2a\n|-miss|p1a: Iron Bundle|p2b: Chi-Yu\n|-damage|p2a: Gyarados|70\/100\n|-unboost|p2a: Gyarados|spe|1\n|move|p2b: Chi-Yu|Flamethrower|p1b: Slither Wing\n|-supereffective|p1b: Slither Wing\n|-damage|p1b: Slither Wing|0 fnt\n|faint|p1b: Slither Wing\n|-end|p1b: Slither Wing|Protosynthesis|[silent]\n|move|p2a: Gyarados|Thunder Wave|p1a: Iron Bundle\n|-status|p1a: Iron Bundle|par\n|\n|upkeep\n|\n|t:|1683395571\n|switch|p1b: Flutter Mane|Flutter Mane, L50|100\/100\n|turn|4\n|\n|t:|1683395589\n|move|p2b: Chi-Yu|Protect|p2b: Chi-Yu\n|-singleturn|p2b: Chi-Yu|Protect\n|move|p1b: Flutter Mane|Moonblast|p2b: Chi-Yu\n|-activate|p2b: Chi-Yu|move: Protect\n|cant|p1a: Iron Bundle|par\n|move|p2a: Gyarados|Thunder Wave|p1b: Flutter Mane\n|-status|p1b: Flutter Mane|par\n|\n|upkeep\n|turn|5\n|-message|chr0me0 forfeited.\n|\n|win|TortuguitaconQueso\n|raw|chr0me0's rating: 1160 → 1127<\/strong> (-33 for losing)\n|raw|TortuguitaconQueso's rating: 1050 → 1092<\/strong> (+42 for winning)\n|l|\u2606chr0me0\n","uploadtime":1683395607,"views":8,"p1id":"chr0me0","p2id":"tortuguitaconqueso","formatid":"gen9vgc2023regulationc","rating":1092,"private":0,"password":""}