{"id":"gen9vgc2023regulationc-1860708278","p1":"MagicG0at","p2":"AllTheBilgamesh","format":"[Gen 9] VGC 2023 Regulation C","log":"|j|\u2606MagicG0at\n|j|\u2606AllTheBilgamesh\n|t:|1683668537\n|gametype|doubles\n|player|p1|MagicG0at|pokemonbreederf-gen4|1314\n|player|p2|AllTheBilgamesh|n|1367\n|teamsize|p1|6\n|teamsize|p2|6\n|gen|9\n|tier|[Gen 9] VGC 2023 Regulation C\n|rated|\n|rule|Species Clause: Limit one of each Pok\u00e9mon\n|rule|Item Clause: Limit one of each item\n|clearpoke\n|poke|p1|Flutter Mane, L50|\n|poke|p1|Azumarill, L50, F|\n|poke|p1|Chi-Yu, L50|\n|poke|p1|Iron Hands, L50|\n|poke|p1|Glimmora, L50, F|\n|poke|p1|Dragonite, L50, M|\n|poke|p2|Hydreigon, L50, M|\n|poke|p2|Chi-Yu, L50|\n|poke|p2|Flutter Mane, L50|\n|poke|p2|Kingambit, L50, M|\n|poke|p2|Great Tusk, L50|\n|poke|p2|Torkoal, L50, M|\n|teampreview|4\n|inactive|Battle timer is ON: inactive players will automatically lose when time's up. (requested by AllTheBilgamesh)\n|\n|t:|1683668565\n|start\n|switch|p1a: Chi-Yu|Chi-Yu, L50|100\/100\n|switch|p1b: Glimmora|Glimmora, L50, F|100\/100\n|switch|p2a: Chee You|Chi-Yu, L50|100\/100\n|switch|p2b: Voldemort|Flutter Mane, L50|100\/100\n|-ability|p1a: Chi-Yu|Beads of Ruin\n|-ability|p2a: Chee You|Beads of Ruin\n|-item|p1b: Glimmora|Air Balloon\n|turn|1\n|inactive|AllTheBilgamesh has 30 seconds left.\n|\n|t:|1683668593\n|move|p2a: Chee You|Protect|p2a: Chee You\n|-singleturn|p2a: Chee You|Protect\n|move|p2b: Voldemort|Psyshock|p1b: Glimmora\n|-supereffective|p1b: Glimmora\n|-damage|p1b: Glimmora|11\/100\n|-enditem|p1b: Glimmora|Air Balloon\n|move|p1a: Chi-Yu|Snarl|p2a: Chee You|[spread] p2b\n|-activate|p2a: Chee You|move: Protect\n|-damage|p2b: Voldemort|65\/100\n|-unboost|p2b: Voldemort|spa|1\n|-damage|p1a: Chi-Yu|91\/100|[from] item: Life Orb\n|move|p1b: Glimmora|Mortal Spin|p2a: Chee You|[spread] p2b\n|-activate|p2a: Chee You|move: Protect\n|-damage|p2b: Voldemort|59\/100\n|-status|p2b: Voldemort|psn\n|\n|-damage|p2b: Voldemort|47\/100 psn|[from] psn\n|upkeep\n|turn|2\n|inactive|AllTheBilgamesh has 30 seconds left.\n|\n|t:|1683668620\n|-end|p2b: Voldemort|Protosynthesis|[silent]\n|switch|p2b: The Koal|Torkoal, L50, M|100\/100\n|-weather|SunnyDay|[from] ability: Drought|[of] p2b: The Koal\n|switch|p1a: Azumarill|Azumarill, L50, F|100\/100\n|move|p1b: Glimmora|Spiky Shield|p1b: Glimmora\n|-singleturn|p1b: Glimmora|move: Protect\n|move|p2a: Chee You|Heat Wave|p1b: Glimmora|[spread] p1a\n|-activate|p1b: Glimmora|move: Protect\n|-resisted|p1a: Azumarill\n|-crit|p1a: Azumarill\n|-damage|p1a: Azumarill|52\/100\n|-damage|p2a: Chee You|91\/100|[from] item: Life Orb\n|\n|-weather|SunnyDay|[upkeep]\n|upkeep\n|turn|3\n|\n|t:|1683668640\n|-terastallize|p2a: Chee You|Grass\n|move|p2b: The Koal|Protect|p2b: The Koal\n|-singleturn|p2b: The Koal|Protect\n|move|p2a: Chee You|Tera Blast|p1a: Azumarill\n|-supereffective|p1a: Azumarill\n|-damage|p1a: Azumarill|0 fnt\n|faint|p1a: Azumarill\n|-damage|p2a: Chee You|81\/100|[from] item: Life Orb\n|move|p1b: Glimmora|Mortal Spin|p2b: The Koal|[spread] p2a\n|-activate|p2b: The Koal|move: Protect\n|-supereffective|p2a: Chee You\n|-damage|p2a: Chee You|67\/100\n|-status|p2a: Chee You|psn\n|\n|-weather|SunnyDay|[upkeep]\n|-damage|p2a: Chee You|55\/100 psn|[from] psn\n|upkeep\n|\n|t:|1683668655\n|switch|p1a: Dragonite|Dragonite, L50, M|100\/100\n|turn|4\n|\n|t:|1683668673\n|move|p2a: Chee You|Heat Wave|p1a: Dragonite|[spread] p1a,p1b\n|-resisted|p1a: Dragonite\n|-resisted|p1b: Glimmora\n|-damage|p1a: Dragonite|77\/100\n|-damage|p1b: Glimmora|0 fnt\n|-status|p1a: Dragonite|brn\n|faint|p1b: Glimmora\n|-damage|p2a: Chee You|45\/100 psn|[from] item: Life Orb\n|move|p1a: Dragonite|Stomping Tantrum|p2a: Chee You\n|-resisted|p2a: Chee You\n|-damage|p2a: Chee You|33\/100 psn\n|move|p2b: The Koal|Overheat|p1a: Dragonite\n|-resisted|p1a: Dragonite\n|-damage|p1a: Dragonite|41\/100 brn\n|-unboost|p2b: The Koal|spa|2\n|\n|-weather|SunnyDay|[upkeep]\n|-damage|p2a: Chee You|20\/100 psn|[from] psn\n|-damage|p1a: Dragonite|35\/100 brn|[from] brn\n|upkeep\n|\n|t:|1683668689\n|switch|p1b: Chi-Yu|Chi-Yu, L50|91\/100\n|-ability|p1b: Chi-Yu|Beads of Ruin\n|turn|5\n|\n|t:|1683668705\n|-terastallize|p1b: Chi-Yu|Water\n|move|p2a: Chee You|Heat Wave|p1a: Dragonite|[spread] p1a,p1b\n|-resisted|p1a: Dragonite\n|-resisted|p1b: Chi-Yu\n|-damage|p1a: Dragonite|0 fnt\n|-damage|p1b: Chi-Yu|47\/100\n|faint|p1a: Dragonite\n|-damage|p2a: Chee You|10\/100 psn|[from] item: Life Orb\n|move|p1b: Chi-Yu|Heat Wave|p2a: Chee You|[spread] p2a,p2b\n|-supereffective|p2a: Chee You\n|-resisted|p2b: The Koal\n|-damage|p2a: Chee You|0 fnt\n|-damage|p2b: The Koal|56\/100\n|faint|p2a: Chee You\n|-damage|p1b: Chi-Yu|37\/100|[from] item: Life Orb\n|move|p2b: The Koal|Fissure|p1b: Chi-Yu\n|-damage|p1b: Chi-Yu|0 fnt\n|faint|p1b: Chi-Yu\n|-ohko\n|\n|win|AllTheBilgamesh\n|raw|MagicG0at's rating: 1314 → 1297<\/strong> (-17 for losing)\n|raw|AllTheBilgamesh's rating: 1367 → 1384<\/strong> (+17 for winning)\n|l|\u2606MagicG0at\n","uploadtime":1683668730,"views":19,"p1id":"magicg0at","p2id":"allthebilgamesh","formatid":"gen9vgc2023regulationc","rating":1297,"private":0,"password":""}