{"id":"gen9vgc2023regulationc-1863737592","p1":"Arcacagne","p2":"yohjek","format":"[Gen 9] VGC 2023 Regulation C","log":"|j|\u2606Arcacagne\n|j|\u2606yohjek\n|t:|1684069724\n|gametype|doubles\n|player|p1|Arcacagne|265|1331\n|player|p2|yohjek|maylene|1252\n|teamsize|p1|6\n|teamsize|p2|6\n|gen|9\n|tier|[Gen 9] VGC 2023 Regulation C\n|rated|\n|rule|Species Clause: Limit one of each Pok\u00e9mon\n|rule|Item Clause: Limit one of each item\n|clearpoke\n|poke|p1|Chi-Yu, L50|\n|poke|p1|Flutter Mane, L50|\n|poke|p1|Amoonguss, L50, F|\n|poke|p1|Ting-Lu, L50|\n|poke|p1|Iron Hands, L50|\n|poke|p1|Gyarados, L50, M|\n|poke|p2|Baxcalibur, L50, F|\n|poke|p2|Volcarona, L50, F|\n|poke|p2|Glimmora, L50, F|\n|poke|p2|Great Tusk, L50|\n|poke|p2|Flutter Mane, L50|\n|poke|p2|Gholdengo, L50|\n|teampreview|4\n|inactive|Battle timer is ON: inactive players will automatically lose when time's up. (requested by Arcacagne)\n|\n|t:|1684069747\n|start\n|switch|p1a: Ting-Lu|Ting-Lu, L50|100\/100\n|switch|p1b: Iron Hands|Iron Hands, L50|100\/100\n|switch|p2a: Volcarona|Volcarona, L50, F|100\/100\n|switch|p2b: Glimmora|Glimmora, L50, F|100\/100\n|-ability|p1a: Ting-Lu|Vessel of Ruin\n|turn|1\n|\n|t:|1684069761\n|-end|p1b: Iron Hands|Quark Drive|[silent]\n|switch|p1b: Gyarados|Gyarados, L50, M|100\/100\n|-ability|p1b: Gyarados|Intimidate|boost\n|-unboost|p2a: Volcarona|atk|1\n|-unboost|p2b: Glimmora|atk|1\n|-terastallize|p1a: Ting-Lu|Poison\n|move|p2a: Volcarona|Protect|p2a: Volcarona\n|-singleturn|p2a: Volcarona|Protect\n|move|p2b: Glimmora|Spiky Shield|p2b: Glimmora\n|-singleturn|p2b: Glimmora|move: Protect\n|move|p1a: Ting-Lu|Earthquake|p2b: Glimmora|[spread] \n|-activate|p2a: Volcarona|move: Protect\n|-activate|p2b: Glimmora|move: Protect\n|-immune|p1b: Gyarados\n|\n|upkeep\n|turn|2\n|inactive|Arcacagne has 30 seconds left.\n|\n|t:|1684069789\n|-terastallize|p2b: Glimmora|Grass\n|move|p1b: Gyarados|Thunder Wave|p2a: Volcarona\n|-status|p2a: Volcarona|par\n|move|p2b: Glimmora|Ancient Power|p1b: Gyarados\n|-supereffective|p1b: Gyarados\n|-damage|p1b: Gyarados|69\/100\n|move|p1a: Ting-Lu|Earthquake|p2a: Volcarona|[spread] p2a,p2b\n|-immune|p1b: Gyarados\n|-resisted|p2b: Glimmora\n|-damage|p2a: Volcarona|56\/100 par\n|-damage|p2b: Glimmora|77\/100\n|-activate|p2b: Glimmora|ability: Toxic Debris\n|-sidestart|p1: Arcacagne|move: Toxic Spikes\n|cant|p2a: Volcarona|par\n|\n|upkeep\n|turn|3\n|\n|t:|1684069809\n|move|p1b: Gyarados|Thunder Wave|p2b: Glimmora\n|-status|p2b: Glimmora|par\n|move|p1a: Ting-Lu|Earthquake|p2a: Volcarona|[spread] p2a,p2b\n|-immune|p1b: Gyarados\n|-resisted|p2b: Glimmora\n|-crit|p2b: Glimmora\n|-damage|p2a: Volcarona|12\/100 par\n|-damage|p2b: Glimmora|42\/100 par\n|-activate|p2b: Glimmora|ability: Toxic Debris\n|-sidestart|p1: Arcacagne|move: Toxic Spikes\n|move|p2a: Volcarona|Heat Wave|p1b: Gyarados|[spread] p1a,p1b\n|-resisted|p1b: Gyarados\n|-damage|p1a: Ting-Lu|82\/100\n|-damage|p1b: Gyarados|61\/100\n|move|p2b: Glimmora|Ancient Power|p1b: Gyarados\n|-supereffective|p1b: Gyarados\n|-damage|p1b: Gyarados|28\/100\n|-enditem|p1b: Gyarados|Sitrus Berry|[eat]\n|-heal|p1b: Gyarados|53\/100|[from] item: Sitrus Berry\n|\n|upkeep\n|turn|4\n|\n|t:|1684069832\n|cant|p2a: Volcarona|par\n|move|p1b: Gyarados|Waterfall|p2b: Glimmora\n|-resisted|p2b: Glimmora\n|-damage|p2b: Glimmora|25\/100 par\n|-enditem|p2b: Glimmora|Aguav Berry|[eat]\n|-heal|p2b: Glimmora|58\/100 par|[from] item: Aguav Berry\n|move|p1a: Ting-Lu|Earthquake|p2a: Volcarona|[spread] p2a,p2b\n|-immune|p1b: Gyarados\n|-resisted|p2b: Glimmora\n|-damage|p2a: Volcarona|0 fnt\n|-damage|p2b: Glimmora|32\/100 par\n|faint|p2a: Volcarona\n|move|p2b: Glimmora|Ancient Power|p1b: Gyarados\n|-supereffective|p1b: Gyarados\n|-damage|p1b: Gyarados|21\/100\n|\n|upkeep\n|\n|t:|1684069854\n|switch|p2a: Great Tusk|Great Tusk, L50|100\/100\n|turn|5\n|\n|t:|1684069865\n|switch|p1a: Iron Hands|Iron Hands, L50|100\/100\n|-status|p1a: Iron Hands|tox\n|-enditem|p1a: Iron Hands|Lum Berry|[eat]\n|-curestatus|p1a: Iron Hands|tox|[msg]\n|cant|p2b: Glimmora|par\n|move|p2a: Great Tusk|Earthquake|p1a: Iron Hands|[spread] p2b,p1a\n|-immune|p1b: Gyarados\n|-resisted|p2b: Glimmora\n|-supereffective|p1a: Iron Hands\n|-damage|p2b: Glimmora|0 fnt\n|-damage|p1a: Iron Hands|14\/100\n|faint|p2b: Glimmora\n|move|p1b: Gyarados|Waterfall|p2a: Great Tusk\n|-supereffective|p2a: Great Tusk\n|-damage|p2a: Great Tusk|47\/100\n|\n|upkeep\n|\n|t:|1684069880\n|switch|p2b: Baxcalibur|Baxcalibur, L50, F|100\/100\n|turn|6\n|\n|t:|1684069891\n|move|p1a: Iron Hands|Fake Out|p2b: Baxcalibur\n|-damage|p2b: Baxcalibur|89\/100\n|cant|p2b: Baxcalibur|flinch\n|move|p2a: Great Tusk|Earthquake|p1b: Gyarados|[spread] p2b,p1a\n|-immune|p1b: Gyarados\n|-supereffective|p1a: Iron Hands\n|-damage|p2b: Baxcalibur|29\/100\n|-damage|p1a: Iron Hands|0 fnt\n|faint|p1a: Iron Hands\n|-end|p1a: Iron Hands|Quark Drive|[silent]\n|move|p1b: Gyarados|Waterfall|p2a: Great Tusk\n|-supereffective|p2a: Great Tusk\n|-damage|p2a: Great Tusk|0 fnt\n|faint|p2a: Great Tusk\n|-end|p2a: Great Tusk|Protosynthesis|[silent]\n|\n|upkeep\n|\n|t:|1684069903\n|switch|p1a: Ting-Lu|Ting-Lu, L50, tera:Poison|82\/100\n|-sideend|p1: Arcacagne|move: Toxic Spikes|[of] p1a: Ting-Lu\n|-ability|p1a: Ting-Lu|Vessel of Ruin\n|turn|7\n|\n|t:|1684069913\n|move|p1b: Gyarados|Thunder Wave|p2b: Baxcalibur\n|-status|p2b: Baxcalibur|par\n|move|p1a: Ting-Lu|Heavy Slam|p2b: Baxcalibur\n|-supereffective|p2b: Baxcalibur\n|-damage|p2b: Baxcalibur|0 fnt\n|faint|p2b: Baxcalibur\n|\n|win|Arcacagne\n|raw|Arcacagne's rating: 1331 → 1347<\/strong> (+16 for winning)\n|raw|yohjek's rating: 1252 → 1233<\/strong> (-19 for losing)\n|l|\u2606yohjek\n||Ladder isn't responding, score probably updated but might not have (Request timeout).\n","uploadtime":1684072027,"views":18,"p1id":"arcacagne","p2id":"yohjek","formatid":"gen9vgc2023regulationc","rating":1233,"private":0,"password":""}