{"id":"gen9vgc2023regulationc-1864312233","p1":"ckierico","p2":"lollokobra","format":"[Gen 9] VGC 2023 Regulation C","log":"|j|\u2606ckierico\n|j|\u2606lollokobra\n|t:|1684153886\n|gametype|doubles\n|player|p1|ckierico|ninjaboy|1292\n|player|p2|lollokobra|blackbelt-gen4|1205\n|teamsize|p1|6\n|teamsize|p2|6\n|gen|9\n|tier|[Gen 9] VGC 2023 Regulation C\n|rated|\n|rule|Species Clause: Limit one of each Pok\u00e9mon\n|rule|Item Clause: Limit one of each item\n|clearpoke\n|poke|p1|Lycanroc-Dusk, L50, F|\n|poke|p1|Chien-Pao, L50|\n|poke|p1|Palafin, L50, M|\n|poke|p1|Kingambit, L50, M|\n|poke|p1|Amoonguss, L50, F|\n|poke|p1|Flutter Mane, L50|\n|poke|p2|Ting-Lu, L50|\n|poke|p2|Roaring Moon, L50|\n|poke|p2|Kilowattrel, L50, M|\n|poke|p2|Annihilape, L50, F|\n|poke|p2|Arboliva, L50, M|\n|poke|p2|Bombirdier, L50, M|\n|teampreview|4\n|inactive|Battle timer is ON: inactive players will automatically lose when time's up. (requested by ckierico)\nckierico has agreed to open team sheets.\nlollokobra has agreed to open team sheets.\n|inactive|ckierico has 60 seconds left.\n|inactive|ckierico has 30 seconds left.\n|inactive|ckierico has 20 seconds left.\n|inactive|ckierico has 15 seconds left.\n|\n|t:|1684153966\n|start\n|switch|p1a: Flutter Mane|Flutter Mane, L50|100\/100\n|switch|p1b: Palafin|Palafin, L50, M|100\/100\n|switch|p2a: Kilowattrel|Kilowattrel, L50, M|100\/100\n|switch|p2b: Ting-Lu|Ting-Lu, L50|100\/100\n|-ability|p2b: Ting-Lu|Vessel of Ruin\n|turn|1\n|\n|t:|1684153986\n|-terastallize|p1b: Palafin|Water\n|move|p1b: Palafin|Jet Punch|p2b: Ting-Lu\n|-supereffective|p2b: Ting-Lu\n|-damage|p2b: Ting-Lu|62\/100\n|move|p2a: Kilowattrel|Tailwind|p2a: Kilowattrel\n|-sidestart|p2: lollokobra|move: Tailwind\n|-start|p2a: Kilowattrel|Charge|Tailwind|[from] ability: Wind Power\n|move|p1a: Flutter Mane|Moonblast|p2b: Ting-Lu\n|-supereffective|p2b: Ting-Lu\n|-damage|p2b: Ting-Lu|0 fnt\n|faint|p2b: Ting-Lu\n|\n|upkeep\n|\n|t:|1684153997\n|switch|p2b: Bombirdier|Bombirdier, L50, M|100\/100\n|turn|2\n|inactive|ckierico has 30 seconds left.\n|inactive|ckierico has 20 seconds left.\n|inactive|ckierico has 15 seconds left.\n|\n|t:|1684154042\n|-end|p1a: Flutter Mane|Protosynthesis|[silent]\n|switch|p1a: Chien-Pao|Chien-Pao, L50|100\/100\n|-ability|p1a: Chien-Pao|Sword of Ruin\n|move|p2b: Bombirdier|Protect|p2b: Bombirdier\n|-singleturn|p2b: Bombirdier|Protect\n|move|p1b: Palafin|Jet Punch|p2b: Bombirdier\n|-activate|p2b: Bombirdier|move: Protect\n|move|p2a: Kilowattrel|Discharge|p1b: Palafin|[spread] p1a,p1b\n|-activate|p2b: Bombirdier|move: Protect\n|-supereffective|p1b: Palafin\n|-damage|p1a: Chien-Pao|9\/100\n|-damage|p1b: Palafin|0 fnt\n|faint|p1b: Palafin\n|-end|p2a: Kilowattrel|Charge|[silent]\n|\n|upkeep\n|\n|t:|1684154055\n|switch|p1b: Amoonguss|Amoonguss, L50, F|100\/100\n|turn|3\n|\n|t:|1684154065\n|-terastallize|p2b: Bombirdier|Rock\n|move|p2a: Kilowattrel|Protect|p2a: Kilowattrel\n|-singleturn|p2a: Kilowattrel|Protect\n|move|p1a: Chien-Pao|Sucker Punch||[still]\n|-fail|p1a: Chien-Pao\n|move|p2b: Bombirdier|Rock Slide|p1a: Chien-Pao|[spread] p1a,p1b\n|-supereffective|p1a: Chien-Pao\n|-damage|p1a: Chien-Pao|0 fnt\n|-damage|p1b: Amoonguss|41\/100\n|-enditem|p1b: Amoonguss|Sitrus Berry|[eat]\n|-heal|p1b: Amoonguss|66\/100|[from] item: Sitrus Berry\n|faint|p1a: Chien-Pao\n|cant|p1b: Amoonguss|flinch\n|\n|upkeep\n|\n|t:|1684154082\n|switch|p1a: Flutter Mane|Flutter Mane, L50|100\/100\n|turn|4\n|\n|t:|1684154096\n|move|p2b: Bombirdier|Protect|p2b: Bombirdier\n|-singleturn|p2b: Bombirdier|Protect\n|move|p1b: Amoonguss|Rage Powder|p1b: Amoonguss\n|-singleturn|p1b: Amoonguss|move: Rage Powder\n|move|p2a: Kilowattrel|Discharge|p1b: Amoonguss|[spread] p1a,p1b\n|-activate|p2b: Bombirdier|move: Protect\n|-resisted|p1b: Amoonguss\n|-damage|p1a: Flutter Mane|76\/100\n|-damage|p1b: Amoonguss|55\/100\n|-status|p1a: Flutter Mane|par\n|move|p1a: Flutter Mane|Dazzling Gleam|p2a: Kilowattrel|[spread] p2a\n|-activate|p2b: Bombirdier|move: Protect\n|-damage|p2a: Kilowattrel|18\/100\n|\n|-sideend|p2: lollokobra|move: Tailwind\n|upkeep\n|turn|5\n|\n|t:|1684154112\n|move|p2a: Kilowattrel|Tailwind|p2a: Kilowattrel\n|-sidestart|p2: lollokobra|move: Tailwind\n|-start|p2a: Kilowattrel|Charge|Tailwind|[from] ability: Wind Power\n|move|p2b: Bombirdier|Rock Slide|p1a: Flutter Mane|[spread] p1a,p1b\n|-damage|p1a: Flutter Mane|0 fnt\n|-damage|p1b: Amoonguss|17\/100\n|faint|p1a: Flutter Mane\n|-end|p1a: Flutter Mane|Protosynthesis|[silent]\n|move|p1b: Amoonguss|Spore|p2b: Bombirdier\n|-status|p2b: Bombirdier|slp|[from] move: Spore\n|\n|upkeep\n|turn|6\n|-message|ckierico forfeited.\n|\n|win|lollokobra\n|raw|ckierico's rating: 1292 → 1261<\/strong> (-31 for losing)\n|raw|lollokobra's rating: 1205 → 1236<\/strong> (+31 for winning)\n|l|\u2606lollokobra\n","uploadtime":1684154131,"views":9,"p1id":"ckierico","p2id":"lollokobra","formatid":"gen9vgc2023regulationc","rating":1236,"private":0,"password":""}