{"id":"gen9vgc2023regulationc-1847669339","p1":"SeviperGliscor","p2":"Ultra35","format":"[Gen 9] VGC 2023 Regulation C","log":"|j|\u2606SeviperGliscor\n|j|\u2606Ultra35\n|t:|1681990271\n|gametype|doubles\n|player|p1|SeviperGliscor|ethan|1055\n|player|p2|Ultra35|266|1137\n|teamsize|p1|4\n|teamsize|p2|6\n|gen|9\n|tier|[Gen 9] VGC 2023 Regulation C\n|rated|\n|rule|Species Clause: Limit one of each Pok\u00e9mon\n|rule|Item Clause: Limit one of each item\n|clearpoke\n|poke|p1|Houndstone, L50, M|\n|poke|p1|Hippowdon, L50, M|\n|poke|p1|Armarouge, L50, M|\n|poke|p1|Farigiraf, L50, M|\n|poke|p2|Torkoal, L50, M|\n|poke|p2|Scovillain, L50, F|\n|poke|p2|Flutter Mane, L50|\n|poke|p2|Roaring Moon, L50|\n|poke|p2|Chien-Pao, L50|\n|poke|p2|Heracross, L50, F|\n|teampreview|4\n|inactive|Battle timer is ON: inactive players will automatically lose when time's up. (requested by SeviperGliscor)\n|\n|t:|1681990293\n|start\n|switch|p1a: Farigiraf|Farigiraf, L50, M|100\/100\n|switch|p1b: Armarouge|Armarouge, L50, M|100\/100\n|switch|p2a: Chien-Pao|Chien-Pao, L50|100\/100\n|switch|p2b: Heracross|Heracross, L50, F, shiny|100\/100\n|-ability|p2a: Chien-Pao|Sword of Ruin\n|turn|1\n|inactive|SeviperGliscor has 30 seconds left.\n|\n|t:|1681990325\n|-terastallize|p1a: Farigiraf|Fairy\n|move|p2a: Chien-Pao|Protect|p2a: Chien-Pao\n|-singleturn|p2a: Chien-Pao|Protect\n|move|p1a: Farigiraf|Dazzling Gleam|p2a: Chien-Pao|[spread] p2b\n|-activate|p2a: Chien-Pao|move: Protect\n|-supereffective|p2b: Heracross\n|-damage|p2b: Heracross|44\/100\n|move|p1b: Armarouge|Aura Sphere|p2a: Chien-Pao\n|-activate|p2a: Chien-Pao|move: Protect\n|move|p2b: Heracross|Pin Missile|p1a: Farigiraf\n|-resisted|p1a: Farigiraf\n|-damage|p1a: Farigiraf|89\/100\n|-resisted|p1a: Farigiraf\n|-damage|p1a: Farigiraf|77\/100\n|-resisted|p1a: Farigiraf\n|-damage|p1a: Farigiraf|67\/100\n|-resisted|p1a: Farigiraf\n|-damage|p1a: Farigiraf|55\/100\n|-hitcount|p1a: Farigiraf|4\n|\n|upkeep\n|turn|2\n|inactive|Ultra35 has 30 seconds left.\n|inactive|Ultra35 has 20 seconds left.\n|\n|t:|1681990368\n|-terastallize|p2b: Heracross|Rock\n|move|p2a: Chien-Pao|Sucker Punch||[still]\n|cant|p1a: Farigiraf|ability: Armor Tail|Sucker Punch|[of] p2a: Chien-Pao\n|move|p1a: Farigiraf|Dazzling Gleam|p2b: Heracross|[spread] p2a,p2b\n|-supereffective|p2a: Chien-Pao\n|-damage|p2a: Chien-Pao|8\/100\n|-damage|p2b: Heracross|13\/100\n|move|p1b: Armarouge|Aura Sphere|p2a: Chien-Pao\n|-supereffective|p2a: Chien-Pao\n|-damage|p2a: Chien-Pao|0 fnt\n|faint|p2a: Chien-Pao\n|move|p2b: Heracross|Rock Blast|p1b: Armarouge\n|-supereffective|p1b: Armarouge\n|-damage|p1b: Armarouge|67\/100\n|-ability|p1b: Armarouge|Weak Armor|boost\n|-unboost|p1b: Armarouge|def|1\n|-boost|p1b: Armarouge|spe|2\n|-enditem|p1b: Armarouge|Weakness Policy\n|-boost|p1b: Armarouge|atk|2|[from] item: Weakness Policy\n|-boost|p1b: Armarouge|spa|2|[from] item: Weakness Policy\n|-supereffective|p1b: Armarouge\n|-damage|p1b: Armarouge|18\/100\n|-ability|p1b: Armarouge|Weak Armor|boost\n|-unboost|p1b: Armarouge|def|1\n|-boost|p1b: Armarouge|spe|2\n|-supereffective|p1b: Armarouge\n|-damage|p1b: Armarouge|0 fnt\n|faint|p1b: Armarouge\n|-ability|p2b: Heracross|Moxie|boost\n|-boost|p2b: Heracross|atk|1\n|-hitcount|p1: Armarouge|3\n|\n|upkeep\n|\n|t:|1681990380\n|switch|p2a: Torkoal|Torkoal, L50, M, shiny|100\/100\n|switch|p1b: Hippowdon|Hippowdon, L50, M|100\/100\n|-weather|Sandstorm|[from] ability: Sand Stream|[of] p1b: Hippowdon\n|-weather|SunnyDay|[from] ability: Drought|[of] p2a: Torkoal\n|turn|3\n|\n|t:|1681990398\n|move|p1a: Farigiraf|Dazzling Gleam|p2b: Heracross|[spread] p2a,p2b\n|-resisted|p2a: Torkoal\n|-damage|p2a: Torkoal|81\/100\n|-damage|p2b: Heracross|0 fnt\n|faint|p2b: Heracross\n|move|p1b: Hippowdon|Stealth Rock|p2a: Torkoal\n|-sidestart|p2: Ultra35|move: Stealth Rock\n|move|p2a: Torkoal|Overheat|p1a: Farigiraf\n|-damage|p1a: Farigiraf|0 fnt\n|-unboost|p2a: Torkoal|spa|2\n|-enditem|p2a: Torkoal|Eject Pack\n|faint|p1a: Farigiraf\n|\n|t:|1681990400\n|switch|p2a: Roaring Moon|Roaring Moon, L50|100\/100\n|-damage|p2a: Roaring Moon|88\/100|[from] Stealth Rock\n|-activate|p2a: Roaring Moon|ability: Protosynthesis\n|-start|p2a: Roaring Moon|protosynthesisatk\n|\n|-weather|SunnyDay|[upkeep]\n|upkeep\n|\n|t:|1681990406\n|switch|p1a: Houndstone|Houndstone, L50, M|100\/100\n|switch|p2b: Torkoal|Torkoal, L50, M, shiny|81\/100\n|-damage|p2b: Torkoal|56\/100|[from] Stealth Rock\n|turn|4\n|\n|t:|1681990419\n|move|p2b: Torkoal|Helping Hand|p2a: Roaring Moon\n|-singleturn|p2a: Roaring Moon|Helping Hand|[of] p2b: Torkoal\n|move|p1a: Houndstone|Last Respects|p2b: Torkoal\n|-damage|p2b: Torkoal|0 fnt\n|faint|p2b: Torkoal\n|move|p2a: Roaring Moon|Breaking Swipe|p1b: Hippowdon|[spread] p1a,p1b\n|-damage|p1a: Houndstone|47\/100\n|-damage|p1b: Hippowdon|74\/100\n|-unboost|p1a: Houndstone|atk|1\n|-unboost|p1b: Hippowdon|atk|1\n|move|p1b: Hippowdon|Body Press|p2a: Roaring Moon\n|-supereffective|p2a: Roaring Moon\n|-damage|p2a: Roaring Moon|24\/100\n|\n|-weather|SunnyDay|[upkeep]\n|-heal|p1b: Hippowdon|80\/100|[from] item: Leftovers\n|upkeep\n|turn|5\n|\n|t:|1681990437\n|move|p1a: Houndstone|Last Respects|p2a: Roaring Moon\n|-resisted|p2a: Roaring Moon\n|-damage|p2a: Roaring Moon|0 fnt\n|faint|p2a: Roaring Moon\n|-end|p2a: Roaring Moon|Protosynthesis|[silent]\n|\n|win|SeviperGliscor\n|raw|SeviperGliscor's rating: 1055 → 1094<\/strong> (+39 for winning)\n|raw|Ultra35's rating: 1137 → 1106<\/strong> (-31 for losing)\n|l|\u2606Ultra35\n","uploadtime":1681990442,"views":11,"p1id":"sevipergliscor","p2id":"ultra35","formatid":"gen9vgc2023regulationc","rating":1094,"private":0,"password":""}