{"id":"gen9vgc2023regulationc-1857301098","p1":"rawsause w eggos","p2":"HazeOneTrick","format":"[Gen 9] VGC 2023 Regulation C","log":"|j|\u2606rawsause w eggos\n|j|\u2606HazeOneTrick\n|t:|1683169988\n|gametype|doubles\n|player|p1|rawsause w eggos|sina|\n|player|p2|HazeOneTrick|acetrainer-gen6xy|\n|teamsize|p1|6\n|teamsize|p2|6\n|gen|9\n|tier|[Gen 9] VGC 2023 Regulation C\n|rule|Species Clause: Limit one of each Pok\u00e9mon\n|rule|Item Clause: Limit one of each item\n|clearpoke\n|poke|p1|Iron Valiant, L50|\n|poke|p1|Indeedee-F, L50, F|\n|poke|p1|Armarouge, L50, M|\n|poke|p1|Iron Bundle, L50|\n|poke|p1|Tyranitar, L50, M|\n|poke|p1|Corviknight, L50, F|\n|poke|p2|Iron Hands, L50|\n|poke|p2|Gyarados, L50, M|\n|poke|p2|Flutter Mane, L50|\n|poke|p2|Chi-Yu, L50|\n|poke|p2|Amoonguss, L50, M|\n|poke|p2|Bronzong, L50|\n|teampreview|4\n|c|\u2606HazeOneTrick|one sec\n|c|\u2606rawsause w eggos|ok\n|c|\u2606HazeOneTrick|checking a calc\nHazeOneTrick has agreed to open team sheets.\nrawsause w eggos has agreed to open team sheets.\n|c|\u2606HazeOneTrick|back\n|c|\u2606rawsause w eggos|glhf\n|\n|t:|1683170185\n|start\n|switch|p1a: The Hero|Armarouge, L50, M|100\/100\n|switch|p1b: bungle|Iron Bundle, L50|100\/100\n|switch|p2a: Flutter Mane|Flutter Mane, L50|100\/100\n|switch|p2b: Chi-Yu|Chi-Yu, L50|100\/100\n|-ability|p2b: Chi-Yu|Beads of Ruin\n|-enditem|p1b: bungle|Booster Energy\n|-activate|p1b: bungle|ability: Quark Drive|[fromitem]\n|-start|p1b: bungle|quarkdrivespe\n|turn|1\n|\n|t:|1683170220\n|switch|p1a: Gamagoori|Tyranitar, L50, M, shiny|100\/100\n|-weather|Sandstorm|[from] ability: Sand Stream|[of] p1a: Gamagoori\n|-terastallize|p2a: Flutter Mane|Fairy\n|move|p1b: bungle|Protect|p1b: bungle\n|-singleturn|p1b: bungle|Protect\n|move|p2a: Flutter Mane|Dazzling Gleam|p1a: Gamagoori|[spread] p1a\n|-activate|p1b: bungle|move: Protect\n|-supereffective|p1a: Gamagoori\n|-damage|p1a: Gamagoori|34\/100\n|move|p2b: Chi-Yu|Dark Pulse|p1a: Gamagoori\n|-resisted|p1a: Gamagoori\n|-damage|p1a: Gamagoori|23\/100\n|\n|-weather|Sandstorm|[upkeep]\n|-damage|p1b: bungle|95\/100|[from] Sandstorm\n|-damage|p2a: Flutter Mane|94\/100|[from] Sandstorm\n|-damage|p2b: Chi-Yu|94\/100|[from] Sandstorm\n|-heal|p2b: Chi-Yu|100\/100|[from] item: Leftovers\n|upkeep\n|turn|2\n|\n|t:|1683170259\n|switch|p2b: Iron Hands|Iron Hands, L50|100\/100\n|move|p1b: bungle|Icy Wind|p2a: Flutter Mane|[spread] p2a,p2b\n|-damage|p2a: Flutter Mane|76\/100\n|-damage|p2b: Iron Hands|91\/100\n|-unboost|p2a: Flutter Mane|spe|1\n|-unboost|p2b: Iron Hands|spe|1\n|move|p2a: Flutter Mane|Dazzling Gleam|p1a: Gamagoori|[spread] p1a,p1b\n|-supereffective|p1a: Gamagoori\n|-damage|p1a: Gamagoori|0 fnt\n|-damage|p1b: bungle|0 fnt\n|faint|p1a: Gamagoori\n|faint|p1b: bungle\n|-end|p1b: bungle|Quark Drive|[silent]\n|\n|-weather|Sandstorm|[upkeep]\n|-damage|p2a: Flutter Mane|70\/100|[from] Sandstorm\n|-damage|p2b: Iron Hands|85\/100|[from] Sandstorm\n|upkeep\n|\n|t:|1683170270\n|switch|p1b: Indayday|Indeedee-F, L50, F|100\/100\n|switch|p1a: The Hero|Armarouge, L50, M|100\/100\n|-fieldstart|move: Psychic Terrain|[from] ability: Psychic Surge|[of] p1b: Indayday\n|turn|3\n|\n|t:|1683170298\n|move|p2a: Flutter Mane|Dazzling Gleam|p1b: Indayday|[spread] p1a,p1b\n|-resisted|p1a: The Hero\n|-damage|p1a: The Hero|68\/100\n|-damage|p1b: Indayday|39\/100\n|move|p1a: The Hero|Expanding Force|p2b: Iron Hands|[spread] p2a,p2b\n|-supereffective|p2b: Iron Hands\n|-damage|p2a: Flutter Mane|0 fnt\n|-damage|p2b: Iron Hands|0 fnt\n|faint|p2a: Flutter Mane\n|-end|p2a: Flutter Mane|Protosynthesis|[silent]\n|faint|p2b: Iron Hands\n|-end|p2b: Iron Hands|Quark Drive|[silent]\n|-damage|p1a: The Hero|58\/100|[from] item: Life Orb\n|move|p1b: Indayday|Dazzling Gleam|p2: Flutter Mane|[notarget]\n|-fail|p1b: Indayday\n|\n|-weather|Sandstorm|[upkeep]\n|-damage|p1a: The Hero|52\/100|[from] Sandstorm\n|upkeep\n|\n|t:|1683170305\n|switch|p2a: Chi-Yu|Chi-Yu, L50|100\/100\n|switch|p2b: Amoonguss|Amoonguss, L50, M|100\/100\n|-ability|p2a: Chi-Yu|Beads of Ruin\n|turn|4\n|\n|t:|1683170328\n|-terastallize|p1b: Indayday|Fairy\n|move|p1b: Indayday|Follow Me|p1b: Indayday\n|-singleturn|p1b: Indayday|move: Follow Me\n|move|p2b: Amoonguss|Rage Powder|p2b: Amoonguss\n|-singleturn|p2b: Amoonguss|move: Rage Powder\n|move|p2a: Chi-Yu|Dark Pulse|p1b: Indayday\n|-resisted|p1b: Indayday\n|-damage|p1b: Indayday|12\/100\n|move|p1a: The Hero|Expanding Force|p2b: Amoonguss|[spread] p2b\n|-immune|p2a: Chi-Yu\n|-supereffective|p2b: Amoonguss\n|-damage|p2b: Amoonguss|0 fnt\n|faint|p2b: Amoonguss\n|-damage|p1a: The Hero|42\/100|[from] item: Life Orb\n|\n|-weather|Sandstorm|[upkeep]\n|-damage|p2a: Chi-Yu|94\/100|[from] Sandstorm\n|-damage|p1a: The Hero|36\/100|[from] Sandstorm\n|-heal|p2a: Chi-Yu|100\/100|[from] item: Leftovers\n|upkeep\n|turn|5\n|\n|t:|1683170349\n|move|p1b: Indayday|Follow Me|p1b: Indayday\n|-singleturn|p1b: Indayday|move: Follow Me\n|move|p2a: Chi-Yu|Dark Pulse|p1b: Indayday\n|-resisted|p1b: Indayday\n|-damage|p1b: Indayday|0 fnt\n|faint|p1b: Indayday\n|move|p1a: The Hero|Armor Cannon|p2a: Chi-Yu\n|-resisted|p2a: Chi-Yu\n|-damage|p2a: Chi-Yu|61\/100\n|-unboost|p1a: The Hero|def|1\n|-unboost|p1a: The Hero|spd|1\n|-damage|p1a: The Hero|27\/100|[from] item: Life Orb\n|\n|-weather|none\n|-heal|p2a: Chi-Yu|67\/100|[from] item: Leftovers\n|upkeep\n|turn|6\n|\n|t:|1683170354\n|move|p2a: Chi-Yu|Dark Pulse|p1a: The Hero\n|-supereffective|p1a: The Hero\n|-damage|p1a: The Hero|0 fnt\n|faint|p1a: The Hero\n|\n|win|HazeOneTrick\n|c|\u2606HazeOneTrick|gg\n|c|\u2606rawsause w eggos|gg\n|l|\u2606rawsause w eggos\n|j|\u2606rawsause w eggos\n|player|p1|rawsause w eggos|sina\n","uploadtime":1683170636,"views":5,"p1id":"rawsauseweggos","p2id":"hazeonetrick","formatid":"gen9vgc2023regulationc","rating":0,"private":0,"password":""}