{"id":"gen9vgc2023regulationc-1858634524","p1":"Zilluhh","p2":"TrainerRYSA","format":"[Gen 9] VGC 2023 Regulation C","log":"|j|\u2606Zilluhh\n|j|\u2606TrainerRYSA\n|t:|1683335199\n|gametype|doubles\n|player|p1|Zilluhh|pokemaniac|1127\n|player|p2|TrainerRYSA|170|1203\n|teamsize|p1|6\n|teamsize|p2|6\n|gen|9\n|tier|[Gen 9] VGC 2023 Regulation C\n|rated|\n|rule|Species Clause: Limit one of each Pok\u00e9mon\n|rule|Item Clause: Limit one of each item\n|clearpoke\n|poke|p1|Talonflame, L50, M|\n|poke|p1|Toxtricity, L50, M|\n|poke|p1|Tsareena, L50, F|\n|poke|p1|Kingambit, L50, M|\n|poke|p1|Baxcalibur, L50, M|\n|poke|p1|Sableye, L50, F|\n|poke|p2|Flutter Mane, L50|\n|poke|p2|Iron Hands, L50|\n|poke|p2|Dragonite, L50, M|\n|poke|p2|Umbreon, L50, M|\n|poke|p2|Gyarados, L50, F|\n|poke|p2|Ting-Lu, L50|\n|teampreview|4\n|inactive|Battle timer is ON: inactive players will automatically lose when time's up. (requested by Zilluhh)\n|inactive|Zilluhh has 60 seconds left.\n|inactive|TrainerRYSA has 60 seconds left.\n|inactive|Zilluhh has 30 seconds left.\n|inactive|TrainerRYSA has 30 seconds left.\n|inactive|Zilluhh has 20 seconds left.\n|inactive|Zilluhh has 15 seconds left.\n|\n|t:|1683335277\n|start\n|switch|p1a: Kingambit|Kingambit, L50, M|100\/100\n|switch|p1b: Sableye|Sableye, L50, F|100\/100\n|switch|p2a: Dragonite|Dragonite, L50, M, shiny|100\/100\n|switch|p2b: Iron Hands|Iron Hands, L50|100\/100\n|turn|1\n|\n|t:|1683335300\n|switch|p1a: Tsareena|Tsareena, L50, F|100\/100\n|move|p1b: Sableye|Will-O-Wisp|p2a: Dragonite\n|-status|p2a: Dragonite|brn\n|move|p2a: Dragonite|Low Kick|p1a: Tsareena\n|-damage|p1a: Tsareena|89\/100\n|move|p2b: Iron Hands|Drain Punch|p1a: Tsareena\n|-damage|p1a: Tsareena|41\/100\n|\n|-damage|p2a: Dragonite|95\/100 brn|[from] brn\n|upkeep\n|turn|2\n|inactive|TrainerRYSA has 30 seconds left.\n|\n|t:|1683335333\n|switch|p2a: Flutter Mane|Flutter Mane, L50|100\/100\n|-enditem|p2a: Flutter Mane|Booster Energy\n|-activate|p2a: Flutter Mane|ability: Protosynthesis|[fromitem]\n|-start|p2a: Flutter Mane|protosynthesisspa\n|move|p1b: Sableye|Will-O-Wisp|p2b: Iron Hands|[miss]\n|-miss|p1b: Sableye|p2b: Iron Hands\n|move|p1a: Tsareena|Play Rough|p2b: Iron Hands\n|-supereffective|p2b: Iron Hands\n|-damage|p2b: Iron Hands|60\/100\n|move|p2b: Iron Hands|Drain Punch|p1a: Tsareena\n|-damage|p1a: Tsareena|0 fnt\n|-heal|p2b: Iron Hands|73\/100|[from] drain|[of] p1a: Tsareena\n|faint|p1a: Tsareena\n|\n|upkeep\n|inactive|Zilluhh has 30 seconds left.\n|\n|t:|1683335363\n|switch|p1a: Kingambit|Kingambit, L50, M|100\/100\n|turn|3\n|\n|t:|1683335383\n|-terastallize|p2a: Flutter Mane|Steel\n|-terastallize|p1a: Kingambit|Flying\n|move|p1b: Sableye|Quash|p2a: Flutter Mane\n|-activate|p2a: Flutter Mane|move: Quash\n|move|p2b: Iron Hands|Drain Punch|p1a: Kingambit\n|-resisted|p1a: Kingambit\n|-damage|p1a: Kingambit|85\/100\n|-heal|p2b: Iron Hands|80\/100|[from] drain|[of] p1a: Kingambit\n|move|p1a: Kingambit|Iron Head|p2a: Flutter Mane\n|-resisted|p2a: Flutter Mane\n|-damage|p2a: Flutter Mane|63\/100\n|cant|p2a: Flutter Mane|flinch\n|\n|upkeep\n|turn|4\n|inactive|Zilluhh has 30 seconds left.\n|inactive|Zilluhh has 20 seconds left.\n|inactive|Zilluhh has 15 seconds left.\n|\n|t:|1683335424\n|move|p1b: Sableye|Quash|p2b: Iron Hands\n|-activate|p2b: Iron Hands|move: Quash\n|move|p2a: Flutter Mane|Dazzling Gleam|p1a: Kingambit|[spread] p1a,p1b\n|-supereffective|p1b: Sableye\n|-damage|p1a: Kingambit|59\/100\n|-damage|p1b: Sableye|15\/100\n|move|p1a: Kingambit|Brick Break|p2a: Flutter Mane\n|-supereffective|p2a: Flutter Mane\n|-damage|p2a: Flutter Mane|0 fnt\n|faint|p2a: Flutter Mane\n|-end|p2a: Flutter Mane|Protosynthesis|[silent]\n|move|p2b: Iron Hands|Wild Charge|p1a: Kingambit\n|-supereffective|p1a: Kingambit\n|-damage|p1a: Kingambit|0 fnt\n|faint|p1a: Kingambit\n|-damage|p2b: Iron Hands|68\/100|[from] Recoil\n|\n|upkeep\n|\n|t:|1683335438\n|switch|p2a: Dragonite|Dragonite, L50, M, shiny|95\/100 brn\n|switch|p1a: Baxcalibur|Baxcalibur, L50, M|100\/100\n|turn|5\n|inactive|Zilluhh has 30 seconds left.\n|inactive|TrainerRYSA has 30 seconds left.\n|\n|t:|1683335469\n|switch|p2a: Gyarados|Gyarados, L50, F, shiny|100\/100\n|-ability|p2a: Gyarados|Intimidate|boost\n|-unboost|p1a: Baxcalibur|atk|1\n|-unboost|p1b: Sableye|atk|1\n|move|p1a: Baxcalibur|Protect|p1a: Baxcalibur\n|-singleturn|p1a: Baxcalibur|Protect\n|move|p1b: Sableye|Will-O-Wisp|p2b: Iron Hands\n|-status|p2b: Iron Hands|brn\n|move|p2b: Iron Hands|Heavy Slam|p1b: Sableye\n|-damage|p1b: Sableye|0 fnt\n|faint|p1b: Sableye\n|\n|-damage|p2b: Iron Hands|62\/100 brn|[from] brn\n|upkeep\n|turn|6\n|\n|t:|1683335493\n|move|p1a: Baxcalibur|Icicle Spear|p2b: Iron Hands\n|-damage|p2b: Iron Hands|55\/100 brn\n|-damage|p2b: Iron Hands|48\/100 brn\n|-crit|p2b: Iron Hands\n|-damage|p2b: Iron Hands|33\/100 brn\n|-damage|p2b: Iron Hands|27\/100 brn\n|-hitcount|p2b: Iron Hands|4\n|move|p2a: Gyarados|Iron Head|p1a: Baxcalibur\n|-supereffective|p1a: Baxcalibur\n|-damage|p1a: Baxcalibur|39\/100\n|move|p2b: Iron Hands|Drain Punch|p1a: Baxcalibur\n|-supereffective|p1a: Baxcalibur\n|-damage|p1a: Baxcalibur|0 fnt\n|-heal|p2b: Iron Hands|42\/100 brn|[from] drain|[of] p1a: Baxcalibur\n|faint|p1a: Baxcalibur\n|\n|win|TrainerRYSA\n|raw|Zilluhh's rating: 1127 → 1107<\/strong> (-20 for losing)\n|raw|TrainerRYSA's rating: 1203 → 1223<\/strong> (+20 for winning)\n|c|\u2606Zilluhh|gg\n|l|\u2606Zilluhh\n|c|\u2606TrainerRYSA|gg\n|l|\u2606TrainerRYSA\n|j|\u2606TrainerRYSA\n|player|p2|TrainerRYSA|170\n","uploadtime":1683335638,"views":6,"p1id":"zilluhh","p2id":"trainerrysa","formatid":"gen9vgc2023regulationc","rating":1107,"private":0,"password":""}