{"id":"gen9vgc2023regulationc-1862274521","p1":"TheFury777","p2":"stack of pancake","format":"[Gen 9] VGC 2023 Regulation C","log":"|j|\u2606TheFury777\n|j|\u2606stack of pancake\n|t:|1683858282\n|gametype|doubles\n|player|p1|TheFury777|volkner|1387\n|player|p2|stack of pancake|steven|1331\n|teamsize|p1|6\n|teamsize|p2|6\n|gen|9\n|tier|[Gen 9] VGC 2023 Regulation C\n|rated|\n|rule|Species Clause: Limit one of each Pok\u00e9mon\n|rule|Item Clause: Limit one of each item\n|clearpoke\n|poke|p1|Farigiraf, L50, F|\n|poke|p1|Sandy Shocks, L50|\n|poke|p1|Chi-Yu, L50|\n|poke|p1|Iron Hands, L50|\n|poke|p1|Iron Bundle, L50|\n|poke|p1|Amoonguss, L50, M|\n|poke|p2|Murkrow, L50, F|\n|poke|p2|Flutter Mane, L50|\n|poke|p2|Great Tusk, L50|\n|poke|p2|Amoonguss, L50, F|\n|poke|p2|Dragonite, L50, M|\n|poke|p2|Chien-Pao, L50|\n|teampreview|4\nstack of pancake has agreed to open team sheets.\n|\n|t:|1683858320\n|start\n|switch|p1a: Year 3000|Iron Hands, L50|100\/100\n|switch|p1b: Seasons Beatings|Iron Bundle, L50|100\/100\n|switch|p2a: Flutter Mane|Flutter Mane, L50|100\/100\n|switch|p2b: Murkrow|Murkrow, L50, F|100\/100\n|turn|1\n|inactive|Battle timer is ON: inactive players will automatically lose when time's up. (requested by TheFury777)\n|inactive|stack of pancake has 60 seconds left.\n|\n|t:|1683858376\n|-terastallize|p2b: Murkrow|Ghost\n|move|p1a: Year 3000|Fake Out|p2b: Murkrow\n|-immune|p2b: Murkrow\n|move|p2b: Murkrow|Sunny Day|p2b: Murkrow\n|-weather|SunnyDay\n|-activate|p2a: Flutter Mane|ability: Protosynthesis\n|-start|p2a: Flutter Mane|protosynthesisspa\n|move|p1b: Seasons Beatings|Freeze-Dry|p2b: Murkrow\n|-damage|p2b: Murkrow|14\/100\n|move|p2a: Flutter Mane|Dazzling Gleam|p1b: Seasons Beatings|[spread] p1a,p1b\n|-supereffective|p1a: Year 3000\n|-damage|p1a: Year 3000|32\/100\n|-enditem|p1b: Seasons Beatings|Focus Sash\n|-damage|p1b: Seasons Beatings|1\/100\n|\n|-weather|SunnyDay|[upkeep]\n|upkeep\n|turn|2\n|inactive|TheFury777 has 30 seconds left.\n|inactive|TheFury777 has 20 seconds left.\n|\n|t:|1683858412\n|-terastallize|p1a: Year 3000|Grass\n|move|p1b: Seasons Beatings|Protect|p1b: Seasons Beatings\n|-singleturn|p1b: Seasons Beatings|Protect\n|move|p2b: Murkrow|Tailwind|p2b: Murkrow\n|-sidestart|p2: stack of pancake|move: Tailwind\n|move|p2a: Flutter Mane|Dazzling Gleam|p1b: Seasons Beatings|[spread] p1a\n|-activate|p1b: Seasons Beatings|move: Protect\n|-damage|p1a: Year 3000|0 fnt\n|faint|p1a: Year 3000\n|-end|p1a: Year 3000|Quark Drive|[silent]\n|\n|-weather|SunnyDay|[upkeep]\n|upkeep\n|\n|t:|1683858422\n|switch|p1a: Amoong suss|Amoonguss, L50, M|100\/100\n|turn|3\n|\n|t:|1683858429\n|-end|p1b: Seasons Beatings|Quark Drive|[silent]\n|switch|p1b: Tower of Power|Farigiraf, L50, F|100\/100\n|move|p2a: Flutter Mane|Dazzling Gleam|p1b: Tower of Power|[spread] p1a,p1b\n|-resisted|p1a: Amoong suss\n|-damage|p1a: Amoong suss|71\/100\n|-damage|p1b: Tower of Power|49\/100\n|move|p2b: Murkrow|Brave Bird|p1a: Amoong suss\n|-supereffective|p1a: Amoong suss\n|-damage|p1a: Amoong suss|0 fnt\n|-damage|p2b: Murkrow|0 fnt|[from] item: Rocky Helmet|[of] p1a: Amoong suss\n|faint|p1a: Amoong suss\n|faint|p2b: Murkrow\n|\n|-weather|SunnyDay|[upkeep]\n|upkeep\n|\n|t:|1683858441\n|switch|p2b: Great Tusk|Great Tusk, L50|100\/100\n|switch|p1a: Seasons Beatings|Iron Bundle, L50|1\/100\n|-activate|p2b: Great Tusk|ability: Protosynthesis\n|-start|p2b: Great Tusk|protosynthesisatk\n|turn|4\n|\n|t:|1683858456\n|move|p1a: Seasons Beatings|Protect|p1a: Seasons Beatings\n|-singleturn|p1a: Seasons Beatings|Protect\n|move|p2b: Great Tusk|Headlong Rush|p1b: Tower of Power\n|-damage|p1b: Tower of Power|0 fnt\n|-unboost|p2b: Great Tusk|def|1\n|-unboost|p2b: Great Tusk|spd|1\n|faint|p1b: Tower of Power\n|move|p2a: Flutter Mane|Dazzling Gleam|p1a: Seasons Beatings\n|-activate|p1a: Seasons Beatings|move: Protect\n|\n|-weather|SunnyDay|[upkeep]\n|upkeep\n|turn|5\n|\n|t:|1683858463\n|move|p1a: Seasons Beatings|Protect||[still]\n|-fail|p1a: Seasons Beatings\n|move|p2b: Great Tusk|Headlong Rush|p1a: Seasons Beatings\n|-damage|p1a: Seasons Beatings|0 fnt\n|-unboost|p2b: Great Tusk|def|1\n|-unboost|p2b: Great Tusk|spd|1\n|faint|p1a: Seasons Beatings\n|-end|p1a: Seasons Beatings|Quark Drive|[silent]\n|\n|win|stack of pancake\n|raw|TheFury777's rating: 1387 → 1364<\/strong> (-23 for losing)\n|raw|stack of pancake's rating: 1331 → 1354<\/strong> (+23 for winning)\n|l|\u2606TheFury777\n","uploadtime":1683858473,"views":10,"p1id":"thefury777","p2id":"stackofpancake","formatid":"gen9vgc2023regulationc","rating":1354,"private":0,"password":""}