{"id":"gen9vgc2023regulationc-1852593240","p1":"jrmun","p2":"Tilzie","format":"[Gen 9] VGC 2023 Regulation C","log":"|j|\u2606jrmun\n|j|\u2606Tilzie\n|t:|1682582026\n|gametype|doubles\n|player|p1|jrmun|leon-masters|\n|player|p2|Tilzie|170|\n|teamsize|p1|6\n|teamsize|p2|6\n|gen|9\n|tier|[Gen 9] VGC 2023 Regulation C\n|rated|Tournament battle\n|rule|Species Clause: Limit one of each Pok\u00e9mon\n|rule|Item Clause: Limit one of each item\n|clearpoke\n|poke|p1|Baxcalibur, L50, F|\n|poke|p1|Chi-Yu, L50|\n|poke|p1|Corviknight, L50, M|\n|poke|p1|Flutter Mane, L50|\n|poke|p1|Gyarados, L50, M|\n|poke|p1|Ting-Lu, L50|\n|poke|p2|Dondozo, L50, F|\n|poke|p2|Tatsugiri, L50, M|\n|poke|p2|Pelipper, L50, M|\n|poke|p2|Drednaw, L50, M|\n|poke|p2|Chien-Pao, L50|\n|poke|p2|Dragonite, L50, M|\n|teampreview|4\n|raw| Open Team Sheet for jrmun<\/summary>Baxcalibur @ Assault Vest Ability: Thermal Exchange Level: 50 Tera Type: Ground - Earthquake - Icicle Crash - Ice Shard - Glaive Rush Chi-Yu @ Focus Sash Ability: Beads of Ruin Level: 50 Tera Type: Grass - Tera Blast - Heat Wave - Dark Pulse - Protect Corviknight @ Sitrus Berry Ability: Mirror Armor Level: 50 Tera Type: Water - Brave Bird - Roost - Tailwind - Iron Head Flutter Mane @ Booster Energy Ability: Protosynthesis Level: 50 Tera Type: Fairy - Dazzling Gleam - Shadow Ball - Moonblast - Protect Gyarados @ Rocky Helmet Ability: Intimidate Level: 50 Tera Type: Grass - Thunder Wave - Taunt - Waterfall - Helping Hand Ting-Lu @ Choice Band Ability: Vessel of Ruin Level: 50 Tera Type: Fairy - Tera Blast - Earthquake - Throat Chop - Stomping Tantrum <\/details><\/div> Open Team Sheet for Tilzie<\/summary>Dondozo @ Life Orb Ability: Unaware Level: 50 Tera Type: Water - Wave Crash - Surf - Sleep Talk - Protect Tatsugiri @ Choice Scarf Ability: Commander Level: 50 Tera Type: Steel - Muddy Water - Icy Wind - Draco Meteor - Helping Hand Pelipper @ Damp Rock Ability: Drizzle Level: 50 Tera Type: Steel - Hurricane - Hydro Pump - Tailwind - Protect Drednaw @ Choice Band Ability: Swift Swim Level: 50 Tera Type: Grass - Rock Slide - Waterfall - Tera Blast - Earthquake Chien-Pao @ Focus Sash Ability: Sword of Ruin Level: 50 Tera Type: Dark - Ice Spinner - Sucker Punch - Sacred Sword - Protect Dragonite @ Lum Berry Ability: Inner Focus Level: 50 Tera Type: Normal - Extreme Speed - Ice Spinner - Thunder Punch - Protect <\/details><\/div>\n|inactive|Battle timer is ON: inactive players will automatically lose when time's up. (requested by jrmun)\n|c|\u2606Tilzie|glhf\n|j| street train\n|j| metropegao\n|c|\u2606jrmun|u2\n|j| fissure all skill\n|l| metropegao\n|j| metropegao\n|inactive|jrmun has 60 seconds left.\n|\n|t:|1682582070\n|start\n|switch|p1a: Gyarados|Gyarados, L50, M|100\/100\n|switch|p1b: Chi-Yu|Chi-Yu, L50|100\/100\n|switch|p2a: Pelipper|Pelipper, L50, M|100\/100\n|switch|p2b: Drednaw|Drednaw, L50, M|100\/100\n|-ability|p1b: Chi-Yu|Beads of Ruin\n|-ability|p1a: Gyarados|Intimidate|boost\n|-unboost|p2a: Pelipper|atk|1\n|-unboost|p2b: Drednaw|atk|1\n|-weather|RainDance|[from] ability: Drizzle|[of] p2a: Pelipper\n|turn|1\n|j| DefiAntVGC\n|inactive|jrmun has 30 seconds left.\n|inactive|jrmun has 20 seconds left.\n|j| gen5remake\n|inactive|jrmun has 15 seconds left.\n|inactive|jrmun has 10 seconds left.\n|\n|t:|1682582117\n|-terastallize|p2b: Drednaw|Grass\n|move|p1b: Chi-Yu|Protect|p1b: Chi-Yu\n|-singleturn|p1b: Chi-Yu|Protect\n|move|p2b: Drednaw|Rock Slide|p1b: Chi-Yu|[spread] p1a\n|-activate|p1b: Chi-Yu|move: Protect\n|-supereffective|p1a: Gyarados\n|-damage|p1a: Gyarados|41\/100\n|cant|p1a: Gyarados|flinch\n|move|p2a: Pelipper|Hurricane|p1b: Chi-Yu\n|-activate|p1b: Chi-Yu|move: Protect\n|\n|-weather|RainDance|[upkeep]\n|upkeep\n|turn|2\n|l| gen5remake\n|inactive|jrmun has 30 seconds left.\n|inactive|jrmun has 20 seconds left.\n|inactive|jrmun has 15 seconds left.\n|inactive|jrmun has 10 seconds left.\n|\n|t:|1682582165\n|-terastallize|p1b: Chi-Yu|Grass\n|move|p1a: Gyarados|Helping Hand|p1b: Chi-Yu\n|-singleturn|p1b: Chi-Yu|Helping Hand|[of] p1a: Gyarados\n|move|p2b: Drednaw|Rock Slide|p1b: Chi-Yu|[spread] p1a,p1b\n|-supereffective|p1a: Gyarados\n|-damage|p1a: Gyarados|0 fnt\n|-damage|p1b: Chi-Yu|47\/100\n|faint|p1a: Gyarados\n|move|p1b: Chi-Yu|Heat Wave|p2b: Drednaw|[spread] p2a,p2b\n|-resisted|p2a: Pelipper\n|-supereffective|p2b: Drednaw\n|-damage|p2a: Pelipper|74\/100\n|-damage|p2b: Drednaw|0 fnt\n|faint|p2b: Drednaw\n|move|p2a: Pelipper|Hurricane|p1b: Chi-Yu\n|-supereffective|p1b: Chi-Yu\n|-damage|p1b: Chi-Yu|0 fnt\n|faint|p1b: Chi-Yu\n|\n|-weather|RainDance|[upkeep]\n|upkeep\n|\n|t:|1682582182\n|switch|p1b: Baxcalibur|Baxcalibur, L50, F|100\/100\n|switch|p2b: Dondozo|Dondozo, L50, F|100\/100\n|switch|p1a: Flutter Mane|Flutter Mane, L50|100\/100\n|-enditem|p1a: Flutter Mane|Booster Energy\n|-activate|p1a: Flutter Mane|ability: Protosynthesis|[fromitem]\n|-start|p1a: Flutter Mane|protosynthesisspa\n|turn|3\n|\n|t:|1682582196\n|switch|p2a: Tatsugiri|Tatsugiri, L50, M|100\/100\n|-activate|p2a: Tatsugiri|ability: Commander|[of] p2b: Dondozo\n|-boost|p2b: Dondozo|atk|2\n|-boost|p2b: Dondozo|spa|2\n|-boost|p2b: Dondozo|spe|2\n|-boost|p2b: Dondozo|def|2\n|-boost|p2b: Dondozo|spd|2\n|move|p1a: Flutter Mane|Protect|p1a: Flutter Mane\n|-singleturn|p1a: Flutter Mane|Protect\n|move|p2b: Dondozo|Surf|p1b: Baxcalibur|[spread] p1b\n|-miss|p2b: Dondozo|p2a: Tatsugiri\n|-activate|p1a: Flutter Mane|move: Protect\n|-resisted|p1b: Baxcalibur\n|-damage|p1b: Baxcalibur|72\/100\n|-damage|p2b: Dondozo|91\/100|[from] item: Life Orb\n|move|p1b: Baxcalibur|Icicle Crash|p2a: Tatsugiri|[miss]\n|-miss|p1b: Baxcalibur|p2a: Tatsugiri\n|\n|-weather|RainDance|[upkeep]\n|upkeep\n|turn|4\n|inactive|Tilzie has 30 seconds left.\n|\n|t:|1682582223\n|move|p2b: Dondozo|Surf|p1a: Flutter Mane|[spread] p1a,p1b\n|-miss|p2b: Dondozo|p2a: Tatsugiri\n|-resisted|p1b: Baxcalibur\n|-crit|p1b: Baxcalibur\n|-damage|p1a: Flutter Mane|12\/100\n|-damage|p1b: Baxcalibur|35\/100\n|-damage|p2b: Dondozo|81\/100|[from] item: Life Orb\n|move|p1a: Flutter Mane|Moonblast|p2b: Dondozo\n|-damage|p2b: Dondozo|45\/100\n|move|p1b: Baxcalibur|Glaive Rush|p2b: Dondozo\n|-damage|p2b: Dondozo|15\/100\n|-singlemove|p1b: Baxcalibur|Glaive Rush|[silent]\n|\n|-weather|RainDance|[upkeep]\n|upkeep\n|turn|5\n|inactive|jrmun has 30 seconds left.\n|\n|t:|1682582252\n|move|p1a: Flutter Mane|Protect|p1a: Flutter Mane\n|-singleturn|p1a: Flutter Mane|Protect\n|move|p1b: Baxcalibur|Ice Shard|p2b: Dondozo\n|-resisted|p2b: Dondozo\n|-damage|p2b: Dondozo|10\/100\n|move|p2b: Dondozo|Surf|p1a: Flutter Mane|[spread] p1b\n|-miss|p2b: Dondozo|p2a: Tatsugiri\n|-activate|p1a: Flutter Mane|move: Protect\n|-resisted|p1b: Baxcalibur\n|-damage|p1b: Baxcalibur|6\/100\n|-damage|p2b: Dondozo|0 fnt|[from] item: Life Orb\n|faint|p2b: Dondozo\n|\n|-weather|RainDance|[upkeep]\n|upkeep\n|\n|t:|1682582264\n|switch|p2b: Pelipper|Pelipper, L50, M|74\/100\n|turn|6\n|inactive|jrmun has 30 seconds left.\n|inactive|jrmun has 20 seconds left.\n|\n|t:|1682582301\n|move|p2a: Tatsugiri|Muddy Water|p1b: Baxcalibur|[spread] p1a,p1b\n|-resisted|p1b: Baxcalibur\n|-damage|p1a: Flutter Mane|0 fnt\n|-damage|p1b: Baxcalibur|0 fnt\n|faint|p1a: Flutter Mane\n|-end|p1a: Flutter Mane|Protosynthesis|[silent]\n|faint|p1b: Baxcalibur\n|\n|win|Tilzie\n|n|\u2606jrmun|jrmun\n|n|\u2606Tilzie|tilzie\n|n| street train|streettrain\n|n| fissure all skill|fissureallskill\n|n| metropegao|metropegao\n|n| DefiAntVGC|defiantvgc\n","uploadtime":1682582302,"views":12,"p1id":"jrmun","p2id":"tilzie","formatid":"gen9vgc2023regulationc","rating":0,"private":0,"password":""}