{"id":"gen9vgc2023regulationc-1847364413","p1":"KB1107","p2":"Maniiic","format":"[Gen 9] VGC 2023 Regulation C","log":"|j|\u2606KB1107\n|j|\u2606Maniiic\n|t:|1681942808\n|gametype|doubles\n|player|p1|KB1107|hugh|1131\n|player|p2|Maniiic|101|1044\n|teamsize|p1|6\n|teamsize|p2|6\n|gen|9\n|tier|[Gen 9] VGC 2023 Regulation C\n|rated|\n|rule|Species Clause: Limit one of each Pok\u00e9mon\n|rule|Item Clause: Limit one of each item\n|clearpoke\n|poke|p1|Roaring Moon, L50|\n|poke|p1|Flutter Mane, L50|\n|poke|p1|Arcanine, L50, M|\n|poke|p1|Chien-Pao, L50|\n|poke|p1|Dragapult, L50, M|\n|poke|p1|Scizor, L50, M|\n|poke|p2|Flapple, L50, M|\n|poke|p2|Sandy Shocks, L50|\n|poke|p2|Palafin, L50, M|\n|poke|p2|Hawlucha, L50, F|\n|poke|p2|Slaking, L50, F|\n|poke|p2|Espathra, L50, F|\n|teampreview|4\n|\n|t:|1681942833\n|start\n|switch|p1a: Flutter Mane|Flutter Mane, L50|100\/100\n|switch|p1b: Arcanine|Arcanine, L50, M|100\/100\n|switch|p2a: Espathra|Espathra, L50, F|100\/100\n|switch|p2b: Sandy Shocks|Sandy Shocks, L50|100\/100\n|-ability|p1b: Arcanine|Intimidate|boost\n|-unboost|p2a: Espathra|atk|1\n|-unboost|p2b: Sandy Shocks|atk|1\n|turn|1\n|\n|t:|1681942862\n|-terastallize|p1a: Flutter Mane|Ground\n|move|p1a: Flutter Mane|Moonblast|p2a: Espathra\n|-damage|p2a: Espathra|10\/100\n|-unboost|p2a: Espathra|spa|1\n|-damage|p1a: Flutter Mane|90\/100|[from] item: Life Orb\n|move|p1b: Arcanine|Flare Blitz|p2b: Sandy Shocks\n|-damage|p2b: Sandy Shocks|42\/100\n|-damage|p1b: Arcanine|78\/100|[from] Recoil\n|move|p2b: Sandy Shocks|Gravity|p2b: Sandy Shocks\n|-fieldstart|move: Gravity\n|move|p2a: Espathra|Hypnosis|p1a: Flutter Mane\n|-status|p1a: Flutter Mane|slp|[from] move: Hypnosis\n|\n|-ability|p2a: Espathra|Speed Boost|boost\n|-boost|p2a: Espathra|spe|1\n|upkeep\n|turn|2\n|\n|t:|1681942905\n|-end|p2b: Sandy Shocks|Protosynthesis|[silent]\n|switch|p2b: Palafin|Palafin, L50, M|100\/100\n|cant|p1a: Flutter Mane|slp\n|move|p2a: Espathra|Hypnosis|p1b: Arcanine\n|-status|p1b: Arcanine|slp|[from] move: Hypnosis\n|cant|p1b: Arcanine|slp\n|\n|-ability|p2a: Espathra|Speed Boost|boost\n|-boost|p2a: Espathra|spe|1\n|upkeep\n|turn|3\n|\n|t:|1681942930\n|-end|p1a: Flutter Mane|Protosynthesis|[silent]\n|switch|p1a: Chien-Pao|Chien-Pao, L50|100\/100\n|-ability|p1a: Chien-Pao|Sword of Ruin\n|switch|p1b: Roaring Moon|Roaring Moon, L50|100\/100\n|-enditem|p1b: Roaring Moon|Booster Energy\n|-activate|p1b: Roaring Moon|ability: Protosynthesis|[fromitem]\n|-start|p1b: Roaring Moon|protosynthesisatk\n|move|p2a: Espathra|Lumina Crash|p1a: Chien-Pao\n|-immune|p1a: Chien-Pao\n|move|p2b: Palafin|Flip Turn|p1a: Chien-Pao\n|-damage|p1a: Chien-Pao|62\/100\n|\n|t:|1681942959\n|detailschange|p2b: Palafin|Palafin-Hero, L50, M\n|switch|p2b: Flapple|Flapple, L50, M|100\/100|[from] Flip Turn\n|\n|-ability|p2a: Espathra|Speed Boost|boost\n|-boost|p2a: Espathra|spe|1\n|upkeep\n|turn|4\n|\n|t:|1681942985\n|move|p1b: Roaring Moon|Protect|p1b: Roaring Moon\n|-singleturn|p1b: Roaring Moon|Protect\n|move|p2a: Espathra|Hypnosis|p1b: Roaring Moon\n|-activate|p1b: Roaring Moon|move: Protect\n|move|p1a: Chien-Pao|Ice Spinner|p2b: Flapple\n|-supereffective|p2b: Flapple\n|-damage|p2b: Flapple|0 fnt\n|faint|p2b: Flapple\n|\n|-ability|p2a: Espathra|Speed Boost|boost\n|-boost|p2a: Espathra|spe|1\n|upkeep\n|\n|t:|1681942997\n|switch|p2b: Palafin|Palafin-Hero, L50, M|100\/100\n|-activate|p2b: Palafin|ability: Zero to Hero\n|turn|5\n|\n|t:|1681943024\n|move|p1a: Chien-Pao|Sucker Punch|p2b: Palafin\n|-damage|p2b: Palafin|62\/100\n|move|p2a: Espathra|Hypnosis|p1b: Roaring Moon\n|-status|p1b: Roaring Moon|slp|[from] move: Hypnosis\n|cant|p1b: Roaring Moon|slp\n|move|p2b: Palafin|Wave Crash|p1a: Chien-Pao\n|-damage|p1a: Chien-Pao|0 fnt\n|faint|p1a: Chien-Pao\n|-damage|p2b: Palafin|47\/100|[from] Recoil\n|\n|-fieldend|move: Gravity\n|-ability|p2a: Espathra|Speed Boost|boost\n|-boost|p2a: Espathra|spe|1\n|upkeep\n|\n|t:|1681943041\n|switch|p1a: Arcanine|Arcanine, L50, M|78\/100 slp\n|-ability|p1a: Arcanine|Intimidate|boost\n|-unboost|p2a: Espathra|atk|1\n|-unboost|p2b: Palafin|atk|1\n|turn|6\n|\n|t:|1681943058\n|switch|p1a: Flutter Mane|Flutter Mane, L50, tera:Ground|90\/100 slp\n|cant|p1b: Roaring Moon|slp\n|move|p2a: Espathra|Lumina Crash|p1b: Roaring Moon\n|-immune|p1b: Roaring Moon\n|move|p2b: Palafin|Flip Turn|p1a: Flutter Mane\n|-supereffective|p1a: Flutter Mane\n|-crit|p1a: Flutter Mane\n|-damage|p1a: Flutter Mane|0 fnt\n|faint|p1a: Flutter Mane\n|-end|p1a: Flutter Mane|Protosynthesis|[silent]\n|\n|t:|1681943067\n|switch|p2b: Sandy Shocks|Sandy Shocks, L50|42\/100|[from] Flip Turn\n|\n|-ability|p2a: Espathra|Speed Boost|boost\n|-boost|p2a: Espathra|spe|1\n|upkeep\n|\n|t:|1681943076\n|switch|p1a: Arcanine|Arcanine, L50, M|78\/100 slp\n|-ability|p1a: Arcanine|Intimidate|boost\n|-unboost|p2a: Espathra|atk|1\n|-unboost|p2b: Sandy Shocks|atk|1\n|turn|7\n|\n|t:|1681943095\n|move|p2a: Espathra|Hypnosis|p1b: Roaring Moon\n|-fail|p1b: Roaring Moon|slp\n|-curestatus|p1b: Roaring Moon|slp|[msg]\n|move|p1b: Roaring Moon|Acrobatics|p2a: Espathra\n|-damage|p2a: Espathra|0 fnt\n|faint|p2a: Espathra\n|-curestatus|p1a: Arcanine|slp|[msg]\n|move|p1a: Arcanine|Flare Blitz|p2b: Sandy Shocks\n|-damage|p2b: Sandy Shocks|0 fnt\n|faint|p2b: Sandy Shocks\n|-end|p2b: Sandy Shocks|Protosynthesis|[silent]\n|-damage|p1a: Arcanine|63\/100|[from] Recoil\n|\n|upkeep\n|\n|t:|1681943127\n|switch|p2b: Palafin|Palafin-Hero, L50, M|47\/100\n|turn|8\n|\n|t:|1681943141\n|move|p1a: Arcanine|Extreme Speed|p2b: Palafin\n|-damage|p2b: Palafin|24\/100\n|move|p1b: Roaring Moon|Acrobatics|p2b: Palafin\n|-damage|p2b: Palafin|0 fnt\n|faint|p2b: Palafin\n|\n|win|KB1107\n|raw|KB1107's rating: 1131 → 1150<\/strong> (+19 for winning)\n|raw|Maniiic's rating: 1044 → 1031<\/strong> (-13 for losing)\n","uploadtime":1681943152,"views":8,"p1id":"kb1107","p2id":"maniiic","formatid":"gen9vgc2023regulationc","rating":1031,"private":0,"password":""}