{"id":"gen9vgc2023regulationc-1844858769","p1":"zurneus","p2":"FruitJuice148","format":"[Gen 9] VGC 2023 Regulation C","log":"|j|\u2606zurneus\n|j|\u2606FruitJuice148\n|t:|1681657320\n|gametype|doubles\n|player|p1|zurneus|richboy-gen4|\n|player|p2|FruitJuice148|hilbert-wonderlauncher|\n|teamsize|p1|6\n|teamsize|p2|6\n|gen|9\n|tier|[Gen 9] VGC 2023 Regulation C\n|rule|Species Clause: Limit one of each Pok\u00e9mon\n|rule|Item Clause: Limit one of each item\n|clearpoke\n|poke|p1|Arcanine, L50, F|\n|poke|p1|Palafin, L50, M|\n|poke|p1|Chien-Pao, L50|\n|poke|p1|Dragonite, L50, F|\n|poke|p1|Flutter Mane, L50|\n|poke|p1|Amoonguss, L50, M|\n|poke|p2|Flutter Mane, L50|\n|poke|p2|Glimmora, L50, M|\n|poke|p2|Wo-Chien, L50|\n|poke|p2|Ting-Lu, L50|\n|poke|p2|Chi-Yu, L50|\n|poke|p2|Gyarados, L50, M|\n|teampreview|4\nFruitJuice148 has agreed to open team sheets.\nzurneus has agreed to open team sheets.\n|\n|t:|1681657358\n|start\n|switch|p1a: Palafin|Palafin, L50, M|100\/100\n|switch|p1b: Chien-Pao|Chien-Pao, L50|100\/100\n|switch|p2a: Wo-Chien|Wo-Chien, L50|100\/100\n|switch|p2b: Glimmora|Glimmora, L50, M|100\/100\n|-ability|p1b: Chien-Pao|Sword of Ruin\n|-ability|p2a: Wo-Chien|Tablets of Ruin\n|turn|1\n|\n|t:|1681657401\n|-terastallize|p1a: Palafin|Water\n|-terastallize|p2a: Wo-Chien|Poison\n|move|p2b: Glimmora|Spiky Shield|p2b: Glimmora\n|-singleturn|p2b: Glimmora|move: Protect\n|move|p1b: Chien-Pao|Ice Spinner|p2a: Wo-Chien\n|-damage|p2a: Wo-Chien|72\/100\n|move|p1a: Palafin|Wave Crash|p2a: Wo-Chien\n|-damage|p2a: Wo-Chien|27\/100\n|-damage|p1a: Palafin|85\/100|[from] Recoil\n|move|p2a: Wo-Chien|Leech Seed|p1a: Palafin\n|-start|p1a: Palafin|move: Leech Seed\n|\n|-heal|p2a: Wo-Chien|33\/100|[from] item: Leftovers\n|-damage|p1a: Palafin|72\/100|[from] Leech Seed|[of] p2a: Wo-Chien\n|-heal|p2a: Wo-Chien|45\/100|[silent]\n|upkeep\n|turn|2\n|\n|t:|1681657422\n|move|p2a: Wo-Chien|Protect|p2a: Wo-Chien\n|-singleturn|p2a: Wo-Chien|Protect\n|move|p1a: Palafin|Jet Punch|p2b: Glimmora\n|-supereffective|p2b: Glimmora\n|-damage|p2b: Glimmora|12\/100\n|-activate|p2b: Glimmora|ability: Toxic Debris\n|-sidestart|p1: zurneus|move: Toxic Spikes\n|move|p1b: Chien-Pao|Ice Spinner|p2b: Glimmora\n|-damage|p2b: Glimmora|0 fnt\n|-activate|p2b: Glimmora|ability: Toxic Debris\n|-sidestart|p1: zurneus|move: Toxic Spikes\n|faint|p2b: Glimmora\n|\n|-heal|p2a: Wo-Chien|51\/100|[from] item: Leftovers\n|-damage|p1a: Palafin|60\/100|[from] Leech Seed|[of] p2a: Wo-Chien\n|-heal|p2a: Wo-Chien|62\/100|[silent]\n|upkeep\n|\n|t:|1681657442\n|switch|p2b: Gyarados|Gyarados, L50, M|100\/100\n|-ability|p2b: Gyarados|Intimidate|boost\n|-unboost|p1a: Palafin|atk|1\n|-unboost|p1b: Chien-Pao|atk|1\n|turn|3\n|\n|t:|1681657467\n|move|p1b: Chien-Pao|Protect|p1b: Chien-Pao\n|-singleturn|p1b: Chien-Pao|Protect\n|move|p1a: Palafin|Haze|p1a: Palafin\n|-clearallboost\n|move|p2b: Gyarados|Thunder Wave|p1a: Palafin\n|-status|p1a: Palafin|par\n|move|p2a: Wo-Chien|Leech Seed|p1b: Chien-Pao\n|-activate|p1b: Chien-Pao|move: Protect\n|\n|-heal|p2a: Wo-Chien|69\/100|[from] item: Leftovers\n|-damage|p1a: Palafin|48\/100 par|[from] Leech Seed|[of] p2a: Wo-Chien\n|-heal|p2a: Wo-Chien|80\/100|[silent]\n|upkeep\n|turn|4\n|\n|t:|1681657497\n|move|p1b: Chien-Pao|Ice Spinner|p2b: Gyarados\n|-damage|p2b: Gyarados|59\/100\n|move|p2b: Gyarados|Iron Head|p1b: Chien-Pao\n|-supereffective|p1b: Chien-Pao\n|-damage|p1b: Chien-Pao|36\/100\n|move|p2a: Wo-Chien|Leech Seed|p1b: Chien-Pao|[miss]\n|-miss|p2a: Wo-Chien|p1b: Chien-Pao\n|move|p1a: Palafin|Wave Crash|p2b: Gyarados\n|-resisted|p2b: Gyarados\n|-damage|p2b: Gyarados|18\/100\n|-enditem|p2b: Gyarados|Sitrus Berry|[eat]\n|-heal|p2b: Gyarados|43\/100|[from] item: Sitrus Berry\n|-damage|p1a: Palafin|34\/100 par|[from] Recoil\n|\n|-heal|p2a: Wo-Chien|86\/100|[from] item: Leftovers\n|-damage|p1a: Palafin|21\/100 par|[from] Leech Seed|[of] p2a: Wo-Chien\n|-heal|p2a: Wo-Chien|98\/100|[silent]\n|upkeep\n|turn|5\n|\n|t:|1681657535\n|switch|p2b: Ting-Lu|Ting-Lu, L50|100\/100\n|-ability|p2b: Ting-Lu|Vessel of Ruin\n|cant|p1a: Palafin|par\n|move|p1b: Chien-Pao|Ice Spinner|p2b: Ting-Lu\n|-supereffective|p2b: Ting-Lu\n|-damage|p2b: Ting-Lu|54\/100\n|move|p2a: Wo-Chien|Leech Seed|p1b: Chien-Pao\n|-start|p1b: Chien-Pao|move: Leech Seed\n|\n|-heal|p2a: Wo-Chien|100\/100|[from] item: Leftovers\n|-damage|p1b: Chien-Pao|24\/100|[from] Leech Seed|[of] p2a: Wo-Chien\n|-damage|p1a: Palafin|9\/100 par|[from] Leech Seed|[of] p2a: Wo-Chien\n|upkeep\n|turn|6\n|\n|t:|1681657556\n|move|p1a: Palafin|Jet Punch|p2b: Ting-Lu\n|-supereffective|p2b: Ting-Lu\n|-damage|p2b: Ting-Lu|13\/100\n|move|p1b: Chien-Pao|Ice Spinner|p2b: Ting-Lu\n|-supereffective|p2b: Ting-Lu\n|-damage|p2b: Ting-Lu|0 fnt\n|faint|p2b: Ting-Lu\n|move|p2a: Wo-Chien|Pollen Puff|p2: Ting-Lu|[notarget]\n|-fail|p2a: Wo-Chien\n|\n|-damage|p1b: Chien-Pao|12\/100|[from] Leech Seed|[of] p2a: Wo-Chien\n|-damage|p1a: Palafin|0 fnt|[from] Leech Seed|[of] p2a: Wo-Chien\n|faint|p1a: Palafin\n|upkeep\n|\n|t:|1681657577\n|switch|p1a: Dragonite|Dragonite, L50, F|100\/100\n|switch|p2b: Gyarados|Gyarados, L50, M|43\/100\n|-ability|p2b: Gyarados|Intimidate|boost\n|-fail|p1a: Dragonite|unboost|Attack|[from] ability: Inner Focus|[of] p1a: Dragonite\n|-unboost|p1b: Chien-Pao|atk|1\n|turn|7\n|\n|t:|1681657592\n|move|p1a: Dragonite|Extreme Speed|p2b: Gyarados\n|-damage|p2b: Gyarados|6\/100\n|move|p1b: Chien-Pao|Ice Spinner|p2b: Gyarados\n|-damage|p2b: Gyarados|0 fnt\n|faint|p2b: Gyarados\n|move|p2a: Wo-Chien|Leech Seed|p1a: Dragonite\n|-start|p1a: Dragonite|move: Leech Seed\n|\n|-damage|p1b: Chien-Pao|0 fnt|[from] Leech Seed|[of] p2a: Wo-Chien\n|faint|p1b: Chien-Pao\n|-damage|p1a: Dragonite|88\/100|[from] Leech Seed|[of] p2a: Wo-Chien\n|upkeep\n|\n|t:|1681657602\n|switch|p1b: Flutter Mane|Flutter Mane, L50|100\/100\n|-status|p1b: Flutter Mane|tox\n|-enditem|p1b: Flutter Mane|Booster Energy\n|-activate|p1b: Flutter Mane|ability: Protosynthesis|[fromitem]\n|-start|p1b: Flutter Mane|protosynthesisspe\n|turn|8\n|\n|t:|1681657628\n|move|p1a: Dragonite|Extreme Speed|p2a: Wo-Chien\n|-damage|p2a: Wo-Chien|85\/100\n|move|p1b: Flutter Mane|Shadow Ball|p2a: Wo-Chien\n|-damage|p2a: Wo-Chien|57\/100\n|move|p2a: Wo-Chien|Leech Seed|p1b: Flutter Mane\n|-start|p1b: Flutter Mane|move: Leech Seed\n|\n|-heal|p2a: Wo-Chien|63\/100|[from] item: Leftovers\n|-damage|p1b: Flutter Mane|88\/100 tox|[from] Leech Seed|[of] p2a: Wo-Chien\n|-heal|p2a: Wo-Chien|72\/100|[silent]\n|-damage|p1a: Dragonite|76\/100|[from] Leech Seed|[of] p2a: Wo-Chien\n|-heal|p2a: Wo-Chien|84\/100|[silent]\n|-damage|p1b: Flutter Mane|82\/100 tox|[from] psn\n|upkeep\n|turn|9\n|\n|t:|1681657655\n|move|p2a: Wo-Chien|Protect|p2a: Wo-Chien\n|-singleturn|p2a: Wo-Chien|Protect\n|move|p1a: Dragonite|Extreme Speed|p2a: Wo-Chien\n|-activate|p2a: Wo-Chien|move: Protect\n|move|p1b: Flutter Mane|Shadow Ball|p2a: Wo-Chien\n|-activate|p2a: Wo-Chien|move: Protect\n|\n|-heal|p2a: Wo-Chien|91\/100|[from] item: Leftovers\n|-damage|p1b: Flutter Mane|69\/100 tox|[from] Leech Seed|[of] p2a: Wo-Chien\n|-heal|p2a: Wo-Chien|99\/100|[silent]\n|-damage|p1a: Dragonite|64\/100|[from] Leech Seed|[of] p2a: Wo-Chien\n|-heal|p2a: Wo-Chien|100\/100|[silent]\n|-damage|p1b: Flutter Mane|57\/100 tox|[from] psn\n|upkeep\n|turn|10\n|\n|t:|1681657675\n|move|p1a: Dragonite|Extreme Speed|p2a: Wo-Chien\n|-damage|p2a: Wo-Chien|84\/100\n|move|p1b: Flutter Mane|Shadow Ball|p2a: Wo-Chien\n|-damage|p2a: Wo-Chien|53\/100\n|move|p2a: Wo-Chien|Foul Play|p1b: Flutter Mane\n|-damage|p1b: Flutter Mane|27\/100 tox\n|\n|-heal|p2a: Wo-Chien|59\/100|[from] item: Leftovers\n|-damage|p1b: Flutter Mane|14\/100 tox|[from] Leech Seed|[of] p2a: Wo-Chien\n|-heal|p2a: Wo-Chien|68\/100|[silent]\n|-damage|p1a: Dragonite|52\/100|[from] Leech Seed|[of] p2a: Wo-Chien\n|-heal|p2a: Wo-Chien|80\/100|[silent]\n|-damage|p1b: Flutter Mane|0 fnt|[from] psn\n|faint|p1b: Flutter Mane\n|-end|p1b: Flutter Mane|Protosynthesis|[silent]\n|upkeep\n|turn|11\n|\n|t:|1681657692\n|move|p1a: Dragonite|Extreme Speed|p2a: Wo-Chien\n|-damage|p2a: Wo-Chien|66\/100\n|move|p2a: Wo-Chien|Foul Play|p1a: Dragonite\n|-damage|p1a: Dragonite|0 fnt\n|faint|p1a: Dragonite\n|\n|win|FruitJuice148\n","uploadtime":1681657702,"views":18,"p1id":"zurneus","p2id":"fruitjuice148","formatid":"gen9vgc2023regulationc","rating":0,"private":0,"password":""}