{"id":"gen9vgc2023regulationc-1848399396","p1":"andretsai0706","p2":"Seniorhydra","format":"[Gen 9] VGC 2023 Regulation C","log":"|j|\u2606andretsai0706\n|j|\u2606Seniorhydra\n|t:|1682072616\n|gametype|doubles\n|player|p1|andretsai0706|youngster-gen4dp|1415\n|player|p2|Seniorhydra|169|1494\n|teamsize|p1|6\n|teamsize|p2|6\n|gen|9\n|tier|[Gen 9] VGC 2023 Regulation C\n|rated|\n|rule|Species Clause: Limit one of each Pok\u00e9mon\n|rule|Item Clause: Limit one of each item\n|clearpoke\n|poke|p1|Arcanine, L50, F|\n|poke|p1|Ting-Lu, L50|\n|poke|p1|Azumarill, L50, M|\n|poke|p1|Flutter Mane, L50|\n|poke|p1|Bronzong, L50|\n|poke|p1|Amoonguss, L50, M|\n|poke|p2|Baxcalibur, L50, M|\n|poke|p2|Great Tusk, L50|\n|poke|p2|Gyarados, L50, F|\n|poke|p2|Murkrow, L50, M|\n|poke|p2|Iron Moth, L50|\n|poke|p2|Flutter Mane, L50|\n|teampreview|4\n|inactive|Battle timer is ON: inactive players will automatically lose when time's up. (requested by Seniorhydra)\n|inactive|andretsai0706 has 60 seconds left.\n|\n|t:|1682072677\n|start\n|switch|p1a: Safety goggles|Bronzong, L50, shiny|100\/100\n|switch|p1b: Leaf storm|Amoonguss, L50, M|100\/100\n|switch|p2a: Murkrow|Murkrow, L50, M|100\/100\n|switch|p2b: Flutter Mane|Flutter Mane, L50|100\/100\n|turn|1\n|\n|t:|1682072696\n|move|p1b: Leaf storm|Rage Powder|p1b: Leaf storm\n|-singleturn|p1b: Leaf storm|move: Rage Powder\n|move|p2b: Flutter Mane|Substitute|p2b: Flutter Mane\n|-start|p2b: Flutter Mane|Substitute\n|-damage|p2b: Flutter Mane|76\/100\n|move|p2a: Murkrow|Foul Play|p1b: Leaf storm\n|-damage|p1b: Leaf storm|80\/100\n|move|p1a: Safety goggles|Trick Room|p1a: Safety goggles\n|-fieldstart|move: Trick Room|[of] p1a: Safety goggles\n|\n|-heal|p2b: Flutter Mane|82\/100|[from] item: Leftovers\n|upkeep\n|turn|2\n|\n|t:|1682072716\n|switch|p2a: Gyarados|Gyarados, L50, F|100\/100\n|-ability|p2a: Gyarados|Intimidate|boost\n|-unboost|p1a: Safety goggles|atk|1\n|-unboost|p1b: Leaf storm|atk|1\n|move|p1b: Leaf storm|Leaf Storm|p2b: Flutter Mane\n|-end|p2b: Flutter Mane|Substitute\n|-unboost|p1b: Leaf storm|spa|2\n|move|p1a: Safety goggles|Iron Defense|p1a: Safety goggles\n|-boost|p1a: Safety goggles|def|2\n|move|p2b: Flutter Mane|Shadow Ball|p1a: Safety goggles\n|-supereffective|p1a: Safety goggles\n|-damage|p1a: Safety goggles|27\/100\n|\n|-heal|p2b: Flutter Mane|88\/100|[from] item: Leftovers\n|upkeep\n|turn|3\n|inactive|andretsai0706 has 30 seconds left.\n|inactive|andretsai0706 has 20 seconds left.\n|\n|t:|1682072753\n|move|p2b: Flutter Mane|Protect|p2b: Flutter Mane\n|-singleturn|p2b: Flutter Mane|Protect\n|move|p1b: Leaf storm|Spore|p2a: Gyarados\n|-activate|p2a: Gyarados|item: Safety Goggles|Spore\n|move|p1a: Safety goggles|Gyro Ball|p2b: Flutter Mane\n|-activate|p2b: Flutter Mane|move: Protect\n|move|p2a: Gyarados|Taunt|p1b: Leaf storm\n|-start|p1b: Leaf storm|move: Taunt\n|\n|-heal|p2b: Flutter Mane|94\/100|[from] item: Leftovers\n|upkeep\n|turn|4\n|\n|t:|1682072777\n|switch|p1b: Weakness policy|Ting-Lu, L50|100\/100\n|-ability|p1b: Weakness policy|Vessel of Ruin\n|-end|p2b: Flutter Mane|Protosynthesis|[silent]\n|switch|p2b: Murkrow|Murkrow, L50, M|100\/100\n|move|p1a: Safety goggles|Gyro Ball|p2b: Murkrow\n|-damage|p2b: Murkrow|80\/100\n|move|p2a: Gyarados|Waterfall|p1a: Safety goggles\n|-damage|p1a: Safety goggles|15\/100\n|\n|upkeep\n|turn|5\n|\n|t:|1682072795\n|-terastallize|p1b: Weakness policy|Fairy\n|move|p1a: Safety goggles|Gyro Ball|p1b: Weakness policy\n|-supereffective|p1b: Weakness policy\n|-damage|p1b: Weakness policy|90\/100\n|-enditem|p1b: Weakness policy|Weakness Policy\n|-boost|p1b: Weakness policy|atk|2|[from] item: Weakness Policy\n|-boost|p1b: Weakness policy|spa|2|[from] item: Weakness Policy\n|move|p1b: Weakness policy|Rock Slide|p2a: Gyarados|[spread] p2a,p2b\n|-supereffective|p2a: Gyarados\n|-supereffective|p2b: Murkrow\n|-damage|p2a: Gyarados|25\/100\n|-damage|p2b: Murkrow|0 fnt\n|faint|p2b: Murkrow\n|move|p2a: Gyarados|Waterfall|p1a: Safety goggles\n|-damage|p1a: Safety goggles|3\/100\n|\n|-fieldend|move: Trick Room\n|upkeep\n|\n|t:|1682072810\n|switch|p2b: Iron Moth|Iron Moth, L50|100\/100\n|-enditem|p2b: Iron Moth|Booster Energy\n|-activate|p2b: Iron Moth|ability: Quark Drive|[fromitem]\n|-start|p2b: Iron Moth|quarkdrivespa\n|turn|6\n|\n|t:|1682072820\n|-terastallize|p2b: Iron Moth|Grass\n|move|p2b: Iron Moth|Acid Spray|p1b: Weakness policy\n|-supereffective|p1b: Weakness policy\n|-damage|p1b: Weakness policy|59\/100\n|-unboost|p1b: Weakness policy|spd|2\n|move|p2a: Gyarados|Waterfall|p1a: Safety goggles\n|-damage|p1a: Safety goggles|0 fnt\n|faint|p1a: Safety goggles\n|move|p1b: Weakness policy|Rock Slide|p2b: Iron Moth|[spread] p2a\n|-miss|p1b: Weakness policy|p2b: Iron Moth\n|-supereffective|p2a: Gyarados\n|-damage|p2a: Gyarados|0 fnt\n|faint|p2a: Gyarados\n|\n|upkeep\n|\n|t:|1682072837\n|switch|p2a: Flutter Mane|Flutter Mane, L50|94\/100\n|switch|p1a: Imprison|Flutter Mane, L50|100\/100\n|turn|7\n|\n|t:|1682072856\n|move|p1a: Imprison|Imprison|p1a: Imprison\n|-start|p1a: Imprison|move: Imprison\n|move|p2b: Iron Moth|Heat Wave|p1b: Weakness policy|[spread] p1a,p1b\n|-damage|p1a: Imprison|63\/100\n|-damage|p1b: Weakness policy|11\/100\n|move|p2a: Flutter Mane|Substitute|p2a: Flutter Mane\n|-start|p2a: Flutter Mane|Substitute\n|-damage|p2a: Flutter Mane|69\/100\n|move|p1b: Weakness policy|Throat Chop|p2b: Iron Moth\n|-damage|p2b: Iron Moth|0 fnt\n|faint|p2b: Iron Moth\n|-end|p2b: Iron Moth|Quark Drive|[silent]\n|\n|-heal|p2a: Flutter Mane|76\/100|[from] item: Leftovers\n|upkeep\n|turn|8\n|\n|t:|1682072876\n|move|p1a: Imprison|Shadow Ball|p2a: Flutter Mane\n|-supereffective|p2a: Flutter Mane\n|-end|p2a: Flutter Mane|Substitute\n|move|p2a: Flutter Mane|Substitute|p2a: Flutter Mane\n|-start|p2a: Flutter Mane|Substitute\n|-damage|p2a: Flutter Mane|51\/100\n|move|p1b: Weakness policy|Throat Chop|p2a: Flutter Mane\n|-end|p2a: Flutter Mane|Substitute\n|\n|-heal|p2a: Flutter Mane|57\/100|[from] item: Leftovers\n|upkeep\n|turn|9\n|\n|t:|1682072889\n|move|p1a: Imprison|Shadow Ball|p2a: Flutter Mane\n|-supereffective|p2a: Flutter Mane\n|-damage|p2a: Flutter Mane|4\/100\n|move|p2a: Flutter Mane|Substitute|p2a: Flutter Mane\n|-fail|p2a: Flutter Mane|move: Substitute|[weak]\n|move|p1b: Weakness policy|Throat Chop|p2a: Flutter Mane\n|-damage|p2a: Flutter Mane|0 fnt\n|faint|p2a: Flutter Mane\n|-end|p2a: Flutter Mane|Protosynthesis|[silent]\n|\n|win|andretsai0706\n|raw|andretsai0706's rating: 1415 → 1439<\/strong> (+24 for winning)\n|raw|Seniorhydra's rating: 1494 → 1470<\/strong> (-24 for losing)\n|l|\u2606Seniorhydra\n","uploadtime":1682073007,"views":15,"p1id":"andretsai0706","p2id":"seniorhydra","formatid":"gen9vgc2023regulationc","rating":1439,"private":0,"password":""}