{"id":"gen9vgc2023regulationc-1861624090","p1":"JaneRemoverest","p2":"huangyuzhi","format":"[Gen 9] VGC 2023 Regulation C","log":"|j|\u2606JaneRemoverest\n|j|\u2606huangyuzhi\n|t:|1683783490\n|gametype|doubles\n|player|p1|JaneRemoverest|pokemonranger-gen4|1383\n|player|p2|huangyuzhi|steven|1330\n|teamsize|p1|6\n|teamsize|p2|6\n|gen|9\n|tier|[Gen 9] VGC 2023 Regulation C\n|rated|\n|rule|Species Clause: Limit one of each Pok\u00e9mon\n|rule|Item Clause: Limit one of each item\n|clearpoke\n|poke|p1|Scream Tail, L50|\n|poke|p1|Indeedee-F, L50, F|\n|poke|p1|Armarouge, L50, M|\n|poke|p1|Dragapult, L50, F|\n|poke|p1|Chien-Pao, L50|\n|poke|p1|Iron Hands, L50|\n|poke|p2|Chi-Yu, L50|\n|poke|p2|Flutter Mane, L50|\n|poke|p2|Chien-Pao, L50|\n|poke|p2|Murkrow, L50, F|\n|poke|p2|Scyther, L50, F|\n|poke|p2|Great Tusk, L50|\n|teampreview|4\n|inactive|Battle timer is ON: inactive players will automatically lose when time's up. (requested by JaneRemoverest)\n|j| ZonXJ\n|\n|t:|1683783519\n|start\n|switch|p1a: Scream Tail|Scream Tail, L50|100\/100\n|switch|p1b: Iron Hands|Iron Hands, L50|100\/100\n|switch|p2a: Murkrow|Murkrow, L50, F|100\/100\n|switch|p2b: Scyther|Scyther, L50, F, shiny|100\/100\n|-enditem|p1a: Scream Tail|Booster Energy\n|-activate|p1a: Scream Tail|ability: Protosynthesis|[fromitem]\n|-start|p1a: Scream Tail|protosynthesisspe\n|turn|1\n|\n|t:|1683783538\n|move|p2a: Murkrow|Protect|p2a: Murkrow\n|-singleturn|p2a: Murkrow|Protect\n|move|p1b: Iron Hands|Fake Out|p2b: Scyther\n|-damage|p2b: Scyther|88\/100\n|move|p1a: Scream Tail|Encore|p2a: Murkrow\n|-activate|p2a: Murkrow|move: Protect\n|cant|p2b: Scyther|flinch\n|-ability|p2b: Scyther|Steadfast|boost\n|-boost|p2b: Scyther|spe|1\n|\n|upkeep\n|turn|2\n|inactive|JaneRemoverest has 30 seconds left.\n|inactive|huangyuzhi has 30 seconds left.\n|\n|t:|1683783574\n|move|p2a: Murkrow|Tailwind|p2a: Murkrow\n|-sidestart|p2: huangyuzhi|move: Tailwind\n|move|p2b: Scyther|Focus Energy|p2b: Scyther\n|-start|p2b: Scyther|move: Focus Energy\n|move|p1a: Scream Tail|Howl|p1a: Scream Tail|[spread] p1a,p1b\n|-boost|p1a: Scream Tail|atk|1\n|-boost|p1b: Iron Hands|atk|1\n|move|p1b: Iron Hands|Wild Charge|p2a: Murkrow\n|-supereffective|p2a: Murkrow\n|-damage|p2a: Murkrow|0 fnt\n|faint|p2a: Murkrow\n|-damage|p1b: Iron Hands|85\/100|[from] Recoil\n|\n|upkeep\n|\n|t:|1683783584\n|switch|p2a: Chien-Pao|Chien-Pao, L50|100\/100\n|-ability|p2a: Chien-Pao|Sword of Ruin\n|turn|3\n|\n|t:|1683783607\n|move|p2a: Chien-Pao|Ice Spinner|p1b: Iron Hands\n|-damage|p1b: Iron Hands|46\/100\n|move|p2b: Scyther|Baton Pass|p2b: Scyther\n|\n|t:|1683783611\n|switch|p2b: Chi-Yu|Chi-Yu, L50|100\/100|[from] Baton Pass\n|-ability|p2b: Chi-Yu|Beads of Ruin\n|move|p1a: Scream Tail|Disable||[still]\n|-fail|p1a: Scream Tail\n|move|p1b: Iron Hands|Drain Punch|p2a: Chien-Pao\n|-supereffective|p2a: Chien-Pao\n|-enditem|p2a: Chien-Pao|Focus Sash\n|-damage|p2a: Chien-Pao|1\/100\n|-heal|p1b: Iron Hands|76\/100|[from] drain|[of] p2a: Chien-Pao\n|\n|upkeep\n|turn|4\n|inactive|JaneRemoverest has 30 seconds left.\n|\n|t:|1683783637\n|move|p2b: Chi-Yu|Overheat|p1b: Iron Hands\n|-crit|p1b: Iron Hands\n|-damage|p1b: Iron Hands|0 fnt\n|-unboost|p2b: Chi-Yu|spa|2\n|faint|p1b: Iron Hands\n|-end|p1b: Iron Hands|Quark Drive|[silent]\n|move|p2a: Chien-Pao|Ice Spinner|p1a: Scream Tail\n|-damage|p1a: Scream Tail|63\/100\n|move|p1a: Scream Tail|Play Rough|p2a: Chien-Pao\n|-supereffective|p2a: Chien-Pao\n|-damage|p2a: Chien-Pao|0 fnt\n|faint|p2a: Chien-Pao\n|\n|upkeep\n|\n|t:|1683783648\n|switch|p2a: Scyther|Scyther, L50, F, shiny|88\/100\n|switch|p1b: Dragapult|Dragapult, L50, F|100\/100\n|turn|5\n|\n|t:|1683783667\n|move|p1b: Dragapult|Protect|p1b: Dragapult\n|-singleturn|p1b: Dragapult|Protect\n|move|p2b: Chi-Yu|Overheat|p1b: Dragapult\n|-activate|p1b: Dragapult|move: Protect\n|move|p2a: Scyther|Substitute|p2a: Scyther\n|-start|p2a: Scyther|Substitute\n|-damage|p2a: Scyther|64\/100\n|move|p1a: Scream Tail|Howl|p1a: Scream Tail|[spread] p1a,p1b\n|-boost|p1a: Scream Tail|atk|1\n|-boost|p1b: Dragapult|atk|1\n|\n|-sideend|p2: huangyuzhi|move: Tailwind\n|upkeep\n|turn|6\n|inactive|JaneRemoverest has 30 seconds left.\n|inactive|huangyuzhi has 30 seconds left.\n|\n|t:|1683783700\n|-terastallize|p1b: Dragapult|Fire\n|move|p2b: Chi-Yu|Overheat|p1b: Dragapult\n|-resisted|p1b: Dragapult\n|-crit|p1b: Dragapult\n|-damage|p1b: Dragapult|12\/100\n|-unboost|p2b: Chi-Yu|spa|2\n|move|p1a: Scream Tail|Disable|p2b: Chi-Yu\n|-start|p2b: Chi-Yu|Disable|Overheat\n|move|p1b: Dragapult|Phantom Force||[still]\n|-prepare|p1b: Dragapult|Phantom Force\n|move|p2a: Scyther|Focus Energy|p2a: Scyther\n|-start|p2a: Scyther|move: Focus Energy\n|\n|upkeep\n|turn|7\n|inactive|huangyuzhi has 30 seconds left.\n|\n|t:|1683783725\n|move|p2b: Chi-Yu|Protect|p2b: Chi-Yu\n|-singleturn|p2b: Chi-Yu|Protect\n|move|p2a: Scyther|Feint|p1a: Scream Tail\n|-damage|p1a: Scream Tail|59\/100\n|move|p1a: Scream Tail|Play Rough|p2a: Scyther\n|-end|p2a: Scyther|Substitute\n|move|p1b: Dragapult|Phantom Force|p2a: Scyther|[from]lockedmove\n|-damage|p2a: Scyther|9\/100\n|-damage|p1b: Dragapult|2\/100|[from] item: Life Orb\n|\n|upkeep\n|turn|8\n|inactive|JaneRemoverest has 30 seconds left.\n|\n|t:|1683783754\n|move|p1b: Dragapult|Protect|p1b: Dragapult\n|-singleturn|p1b: Dragapult|Protect\n|move|p2a: Scyther|Feint|p1b: Dragapult\n|-activate|p1b: Dragapult|move: Feint\n|-damage|p1b: Dragapult|0 fnt\n|faint|p1b: Dragapult\n|move|p2b: Chi-Yu|Heat Wave|p1a: Scream Tail\n|-crit|p1a: Scream Tail\n|-damage|p1a: Scream Tail|0 fnt\n|faint|p1a: Scream Tail\n|-end|p1a: Scream Tail|Protosynthesis|[silent]\n|\n|upkeep\n|\n|t:|1683783759\n|switch|p1b: Chien-Pao|Chien-Pao, L50|100\/100\n|-ability|p1b: Chien-Pao|Sword of Ruin\n|turn|9\n|\n|t:|1683783770\n|move|p2a: Scyther|Feint|p1b: Chien-Pao\n|-crit|p1b: Chien-Pao\n|-damage|p1b: Chien-Pao|88\/100\n|move|p2b: Chi-Yu|Heat Wave|p1b: Chien-Pao\n|-supereffective|p1b: Chien-Pao\n|-crit|p1b: Chien-Pao\n|-damage|p1b: Chien-Pao|0 fnt\n|faint|p1b: Chien-Pao\n|\n|win|huangyuzhi\n|raw|JaneRemoverest's rating: 1383 → 1360<\/strong> (-23 for losing)\n|raw|huangyuzhi's rating: 1330 → 1353<\/strong> (+23 for winning)\n|l|\u2606JaneRemoverest\n","uploadtime":1683783799,"views":12,"p1id":"janeremoverest","p2id":"huangyuzhi","formatid":"gen9vgc2023regulationc","rating":1353,"private":0,"password":""}