{"id":"gen9vgc2023regulationc-1864151553","p1":"epom158","p2":"saleritofantasma","format":"[Gen 9] VGC 2023 Regulation C","log":"|j|\u2606epom158\n|j|\u2606saleritofantasma\n|t:|1684125592\n|gametype|doubles\n|player|p1|epom158|101|1413\n|player|p2|saleritofantasma|101|1412\n|teamsize|p1|6\n|teamsize|p2|6\n|gen|9\n|tier|[Gen 9] VGC 2023 Regulation C\n|rated|\n|rule|Species Clause: Limit one of each Pok\u00e9mon\n|rule|Item Clause: Limit one of each item\n|clearpoke\n|poke|p1|Farigiraf, L50, F|\n|poke|p1|Flutter Mane, L50|\n|poke|p1|Dragonite, L50, F|\n|poke|p1|Arcanine, L50, F|\n|poke|p1|Palafin, L50, M|\n|poke|p1|Chien-Pao, L50|\n|poke|p2|Iron Hands, L50|\n|poke|p2|Gyarados, L50, M|\n|poke|p2|Amoonguss, L50, F|\n|poke|p2|Ting-Lu, L50|\n|poke|p2|Chi-Yu, L50|\n|poke|p2|Flutter Mane, L50|\n|teampreview|4\nsaleritofantasma has agreed to open team sheets.\n|inactive|Battle timer is ON: inactive players will automatically lose when time's up. (requested by saleritofantasma)\nepom158 has agreed to open team sheets.\n|inactive|saleritofantasma has 60 seconds left.\n|inactive|saleritofantasma has 30 seconds left.\n|\n|t:|1684125658\n|start\n|switch|p1a: Arcanine|Arcanine, L50, F|100\/100\n|switch|p1b: Chien-Pao|Chien-Pao, L50|100\/100\n|switch|p2a: Chi-Yu|Chi-Yu, L50|100\/100\n|switch|p2b: Gyarados|Gyarados, L50, M|100\/100\n|-ability|p1b: Chien-Pao|Sword of Ruin\n|-ability|p2a: Chi-Yu|Beads of Ruin\n|-ability|p2b: Gyarados|Intimidate|boost\n|-unboost|p1a: Arcanine|atk|1\n|-unboost|p1b: Chien-Pao|atk|1\n|-ability|p1a: Arcanine|Intimidate|boost\n|-unboost|p2a: Chi-Yu|atk|1\n|-unboost|p2b: Gyarados|atk|1\n|turn|1\n|inactive|saleritofantasma has 30 seconds left.\n|inactive|epom158 has 30 seconds left.\n|inactive|saleritofantasma has 20 seconds left.\n|inactive|epom158 has 20 seconds left.\n|\n|t:|1684125700\n|switch|p1b: Flutter Mane|Flutter Mane, L50|100\/100\n|-terastallize|p2a: Chi-Yu|Water\n|move|p2a: Chi-Yu|Nasty Plot|p2a: Chi-Yu\n|-boost|p2a: Chi-Yu|spa|2\n|move|p1a: Arcanine|Will-O-Wisp|p2b: Gyarados\n|-status|p2b: Gyarados|brn\n|move|p2b: Gyarados|Waterfall|p1b: Flutter Mane\n|-damage|p1b: Flutter Mane|84\/100\n|\n|-damage|p2b: Gyarados|94\/100 brn|[from] brn\n|upkeep\n|turn|2\n|\n|t:|1684125723\n|switch|p2b: Amoonguss|Amoonguss, L50, F, shiny|100\/100\n|move|p2a: Chi-Yu|Protect|p2a: Chi-Yu\n|-singleturn|p2a: Chi-Yu|Protect\n|move|p1a: Arcanine|Extreme Speed|p2a: Chi-Yu\n|-activate|p2a: Chi-Yu|move: Protect\n|move|p1b: Flutter Mane|Thunderbolt|p2a: Chi-Yu\n|-activate|p2a: Chi-Yu|move: Protect\n|\n|upkeep\n|turn|3\n|\n|t:|1684125745\n|move|p2b: Amoonguss|Rage Powder|p2b: Amoonguss\n|-singleturn|p2b: Amoonguss|move: Rage Powder\n|move|p1b: Flutter Mane|Thunderbolt|p2b: Amoonguss\n|-resisted|p2b: Amoonguss\n|-damage|p2b: Amoonguss|77\/100\n|move|p2a: Chi-Yu|Heat Wave|p1a: Arcanine|[spread] p1a,p1b\n|-resisted|p1a: Arcanine\n|-damage|p1a: Arcanine|47\/100\n|-damage|p1b: Flutter Mane|0 fnt\n|-enditem|p1a: Arcanine|Sitrus Berry|[eat]\n|-heal|p1a: Arcanine|72\/100|[from] item: Sitrus Berry\n|faint|p1b: Flutter Mane\n|-end|p1b: Flutter Mane|Protosynthesis|[silent]\n|move|p1a: Arcanine|Flare Blitz|p2b: Amoonguss\n|-supereffective|p2b: Amoonguss\n|-damage|p2b: Amoonguss|16\/100\n|-enditem|p2b: Amoonguss|Sitrus Berry|[eat]\n|-heal|p2b: Amoonguss|40\/100|[from] item: Sitrus Berry\n|-damage|p1a: Arcanine|49\/100|[from] Recoil\n|\n|upkeep\n|\n|t:|1684125762\n|switch|p1b: Dragonite|Dragonite, L50, F|100\/100\n|turn|4\n|\n|t:|1684125771\n|switch|p2b: Gyarados|Gyarados, L50, M|94\/100 brn\n|-ability|p2b: Gyarados|Intimidate|boost\n|-unboost|p1a: Arcanine|atk|1\n|-unboost|p1b: Dragonite|atk|1\n|move|p2a: Chi-Yu|Heat Wave|p1a: Arcanine|[spread] p1a,p1b\n|-resisted|p1a: Arcanine\n|-resisted|p1b: Dragonite\n|-damage|p1a: Arcanine|0 fnt\n|-damage|p1b: Dragonite|77\/100\n|faint|p1a: Arcanine\n|move|p1b: Dragonite|Tailwind|p1b: Dragonite\n|-sidestart|p1: epom158|move: Tailwind\n|\n|-damage|p2b: Gyarados|88\/100 brn|[from] brn\n|upkeep\n|\n|t:|1684125782\n|switch|p1a: Chien-Pao|Chien-Pao, L50|100\/100\n|-ability|p1a: Chien-Pao|Sword of Ruin\n|turn|5\n|\n|t:|1684125799\n|switch|p2b: Iron Hands|Iron Hands, L50|100\/100\n|-terastallize|p1b: Dragonite|Flying\n|move|p2a: Chi-Yu|Protect|p2a: Chi-Yu\n|-singleturn|p2a: Chi-Yu|Protect\n|move|p1a: Chien-Pao|Sacred Sword|p2a: Chi-Yu\n|-activate|p2a: Chi-Yu|move: Protect\n|move|p1b: Dragonite|Tera Blast|p2a: Chi-Yu\n|-activate|p2a: Chi-Yu|move: Protect\n|\n|upkeep\n|turn|6\n|\n|t:|1684125822\n|move|p1a: Chien-Pao|Protect|p1a: Chien-Pao\n|-singleturn|p1a: Chien-Pao|Protect\n|move|p1b: Dragonite|Protect|p1b: Dragonite\n|-singleturn|p1b: Dragonite|Protect\n|move|p2a: Chi-Yu|Heat Wave|p1b: Dragonite|[spread] \n|-activate|p1a: Chien-Pao|move: Protect\n|-activate|p1b: Dragonite|move: Protect\n|move|p2b: Iron Hands|Wild Charge|p1b: Dragonite\n|-activate|p1b: Dragonite|move: Protect\n|\n|upkeep\n|turn|7\n|\n|t:|1684125838\n|-end|p2b: Iron Hands|Quark Drive|[silent]\n|switch|p2b: Gyarados|Gyarados, L50, M|88\/100 brn\n|-ability|p2b: Gyarados|Intimidate|boost\n|-unboost|p1a: Chien-Pao|atk|1\n|-unboost|p1b: Dragonite|atk|1\n|move|p2a: Chi-Yu|Protect|p2a: Chi-Yu\n|-singleturn|p2a: Chi-Yu|Protect\n|move|p1a: Chien-Pao|Ice Spinner|p2b: Gyarados\n|-damage|p2b: Gyarados|57\/100 brn\n|move|p1b: Dragonite|Tera Blast|p2b: Gyarados\n|-crit|p2b: Gyarados\n|-damage|p2b: Gyarados|0 fnt\n|faint|p2b: Gyarados\n|\n|-sideend|p1: epom158|move: Tailwind\n|upkeep\n|\n|t:|1684125851\n|switch|p2b: Iron Hands|Iron Hands, L50|100\/100\n|turn|8\n|\n|t:|1684125873\n|move|p1b: Dragonite|Protect|p1b: Dragonite\n|-singleturn|p1b: Dragonite|Protect\n|move|p1a: Chien-Pao|Sacred Sword|p2a: Chi-Yu\n|-damage|p2a: Chi-Yu|65\/100\n|move|p2a: Chi-Yu|Heat Wave|p1b: Dragonite|[spread] p1a\n|-activate|p1b: Dragonite|move: Protect\n|-supereffective|p1a: Chien-Pao\n|-enditem|p1a: Chien-Pao|Focus Sash\n|-damage|p1a: Chien-Pao|1\/100\n|move|p2b: Iron Hands|Wild Charge|p1b: Dragonite\n|-activate|p1b: Dragonite|move: Protect\n|\n|upkeep\n|turn|9\n|-message|epom158 forfeited.\n|\n|win|saleritofantasma\n|raw|epom158's rating: 1413 → 1393<\/strong> (-20 for losing)\n|raw|saleritofantasma's rating: 1412 → 1432<\/strong> (+20 for winning)\n|l|\u2606epom158\n","uploadtime":1684125895,"views":7,"p1id":"epom158","p2id":"saleritofantasma","formatid":"gen9vgc2023regulationc","rating":1393,"private":0,"password":""}