{"id":"gen9vgc2023regulationc-1849490005","p1":"Gr4mmar","p2":"pikaMaster200","format":"[Gen 9] VGC 2023 Regulation C","log":"|j|\u2606Gr4mmar\n|j|\u2606pikaMaster200\n|t:|1682204588\n|gametype|doubles\n|player|p1|Gr4mmar|1|1040\n|player|p2|pikaMaster200|lucas|1012\n|teamsize|p1|6\n|teamsize|p2|6\n|gen|9\n|tier|[Gen 9] VGC 2023 Regulation C\n|rated|\n|rule|Species Clause: Limit one of each Pok\u00e9mon\n|rule|Item Clause: Limit one of each item\n|clearpoke\n|poke|p1|Tauros-Paldea-Blaze, L50, M|\n|poke|p1|Froslass, L50, F|\n|poke|p1|Indeedee-F, L50, F|\n|poke|p1|Ditto, L50|\n|poke|p1|Flamigo, L50, M|\n|poke|p1|Espathra, L50, F|\n|poke|p2|Pachirisu, L50, F|\n|poke|p2|Armarouge, L50, F|\n|poke|p2|Appletun, L50, M|\n|poke|p2|Gallade, L50, M|\n|poke|p2|Breloom, L50, F|\n|poke|p2|Ting-Lu, L50|\n|teampreview|4\n|inactive|Battle timer is ON: inactive players will automatically lose when time's up. (requested by pikaMaster200)\n|inactive|Gr4mmar also wants the timer to be on.\nGr4mmar rejected open team sheets.\n|\n|t:|1682204601\n|start\n|switch|p1a: Tauros|Tauros-Paldea-Blaze, L50, M|100\/100\n|switch|p1b: Froslass|Froslass, L50, F|100\/100\n|switch|p2a: Pachirisu|Pachirisu, L50, F|100\/100\n|switch|p2b: Armarouge|Armarouge, L50, F|100\/100\n|turn|1\n|\n|t:|1682204623\n|move|p1a: Tauros|Endure|p1a: Tauros\n|-singleturn|p1a: Tauros|move: Endure\n|move|p1b: Froslass|Frost Breath|p1a: Tauros\n|-resisted|p1a: Tauros\n|-crit|p1a: Tauros\n|-damage|p1a: Tauros|86\/100\n|-setboost|p1a: Tauros|atk|6|[from] ability: Anger Point\n|move|p2a: Pachirisu|Super Fang|p1a: Tauros\n|-damage|p1a: Tauros|44\/100\n|move|p2b: Armarouge|Psychic Terrain|p2b: Armarouge\n|-fieldstart|move: Psychic Terrain\n|\n|upkeep\n|turn|2\n|\n|t:|1682204644\n|move|p2a: Pachirisu|Follow Me|p2a: Pachirisu\n|-singleturn|p2a: Pachirisu|move: Follow Me\n|move|p1b: Froslass|Taunt|p2a: Pachirisu\n|-start|p2a: Pachirisu|move: Taunt\n|move|p1a: Tauros|Earthquake|p2b: Armarouge|[spread] p1b,p2b\n|-miss|p1a: Tauros|p2a: Pachirisu\n|-supereffective|p2b: Armarouge\n|-enditem|p1b: Froslass|Focus Sash\n|-damage|p1b: Froslass|1\/100\n|-damage|p2b: Armarouge|0 fnt\n|faint|p2b: Armarouge\n|\n|upkeep\n|\n|t:|1682204658\n|switch|p2b: Gallade|Gallade, L50, M|100\/100\n|turn|3\n|\n|t:|1682204668\n|move|p2b: Gallade|Wide Guard|p2b: Gallade\n|-singleturn|p2b: Gallade|Wide Guard\n|move|p1b: Froslass|Will-O-Wisp|p2b: Gallade\n|-status|p2b: Gallade|brn\n|move|p1a: Tauros|Earthquake|p2b: Gallade|[spread] p1b\n|-activate|p2a: Pachirisu|move: Wide Guard\n|-activate|p2b: Gallade|move: Wide Guard\n|-damage|p1b: Froslass|0 fnt\n|faint|p1b: Froslass\n|move|p2a: Pachirisu|Gunk Shot|p1a: Tauros\n|-damage|p1a: Tauros|27\/100\n|\n|-damage|p2b: Gallade|94\/100 brn|[from] brn\n|upkeep\n|\n|t:|1682204684\n|switch|p1b: Indeedee|Indeedee-F, L50, F|100\/100\n|turn|4\n|inactive|Gr4mmar has 30 seconds left.\n|c|\u2606Gr4mmar|ah crap brought the wrong moveset\n|inactive|Gr4mmar has 20 seconds left.\n|inactive|Gr4mmar has 15 seconds left.\n|\n|t:|1682204727\n|move|p1a: Tauros|Raging Bull|p2a: Pachirisu\n|-damage|p2a: Pachirisu|0 fnt\n|faint|p2a: Pachirisu\n|move|p2b: Gallade|Stone Edge|p1a: Tauros\n|-damage|p1a: Tauros|9\/100\n|move|p1b: Indeedee|Psyshock|p2b: Gallade\n|-damage|p2b: Gallade|34\/100 brn\n|\n|-damage|p2b: Gallade|28\/100 brn|[from] brn\n|upkeep\n|c|\u2606pikaMaster200|my pachurisu also has the wrong moveset\n|\n|t:|1682204736\n|switch|p2a: Breloom|Breloom, L50, F|100\/100\n|turn|5\n|c|\u2606Gr4mmar|pain lol\n|c|\u2606Gr4mmar|one time i accidentally brought a sap sipper azumarill\n|c|\u2606Gr4mmar|you can tell how that went\n|inactive|Gr4mmar has 30 seconds left.\n|c|\u2606pikaMaster200|it prob failed\n|inactive|pikaMaster200 has 30 seconds left.\n|c|\u2606Gr4mmar|like a wet noodle lmao\n|inactive|Gr4mmar has 20 seconds left.\n|\n|t:|1682204775\n|move|p2b: Gallade|Wide Guard|p2b: Gallade\n|-singleturn|p2b: Gallade|Wide Guard\n|move|p1a: Tauros|Raging Bull|p2a: Breloom\n|-supereffective|p2a: Breloom\n|-damage|p2a: Breloom|0 fnt\n|-damage|p1a: Tauros|0 fnt|[from] item: Rocky Helmet|[of] p2a: Breloom\n|faint|p2a: Breloom\n|faint|p1a: Tauros\n|move|p1b: Indeedee|Psyshock|p2b: Gallade\n|-damage|p2b: Gallade|0 fnt\n|faint|p2b: Gallade\n|\n|win|Gr4mmar\n|raw|Gr4mmar's rating: 1040 → 1071<\/strong> (+31 for winning)\n|raw|pikaMaster200's rating: 1012 → 1001<\/strong> (-11 for losing)\n|c|\u2606Gr4mmar|gg\n|c|\u2606pikaMaster200|gg\n|l|\u2606pikaMaster200\n","uploadtime":1682204793,"views":3,"p1id":"gr4mmar","p2id":"pikamaster200","formatid":"gen9vgc2023regulationc","rating":1001,"private":0,"password":""}