{"id":"gen9vgc2023regulationc-1859464999","p1":"pupulovessixsheep","p2":"Pedroerpro7","format":"[Gen 9] VGC 2023 Regulation C","log":"|j|\u2606pupulovessixsheep\n|j|\u2606Pedroerpro7\n|t:|1683471999\n|gametype|doubles\n|player|p1|pupulovessixsheep|265|1216\n|player|p2|Pedroerpro7|unknown|1296\n|teamsize|p1|6\n|teamsize|p2|6\n|gen|9\n|tier|[Gen 9] VGC 2023 Regulation C\n|rated|\n|rule|Species Clause: Limit one of each Pok\u00e9mon\n|rule|Item Clause: Limit one of each item\n|clearpoke\n|poke|p1|Talonflame, L50, M|\n|poke|p1|Chi-Yu, L50|\n|poke|p1|Flutter Mane, L50|\n|poke|p1|Amoonguss, L50, M|\n|poke|p1|Tyranitar, L50, F|\n|poke|p1|Houndstone, L50, M|\n|poke|p2|Amoonguss, L50, M|\n|poke|p2|Annihilape, L50, M|\n|poke|p2|Palafin, L50, M|\n|poke|p2|Ting-Lu, L50|\n|poke|p2|Arcanine, L50, M|\n|poke|p2|Flutter Mane, L50|\n|teampreview|4\n|inactive|Battle timer is ON: inactive players will automatically lose when time's up. (requested by Pedroerpro7)\nPedroerpro7 has agreed to open team sheets.\n|inactive|pupulovessixsheep has 60 seconds left.\n|\n|t:|1683472062\n|start\n|switch|p1a: Chi-Yu|Chi-Yu, L50|100\/100\n|switch|p1b: Flutter Mane|Flutter Mane, L50|100\/100\n|switch|p2a: Palafin|Palafin, L50, M|100\/100\n|switch|p2b: Amoonguss|Amoonguss, L50, M, shiny|100\/100\n|-ability|p1a: Chi-Yu|Beads of Ruin\n|-enditem|p1b: Flutter Mane|Booster Energy\n|-activate|p1b: Flutter Mane|ability: Protosynthesis|[fromitem]\n|-start|p1b: Flutter Mane|protosynthesisspa\n|turn|1\n|\n|t:|1683472084\n|detailschange|p2a: Palafin|Palafin-Hero, L50, M\n|switch|p2a: Ting-Lu|Ting-Lu, L50|100\/100\n|-ability|p2a: Ting-Lu|Vessel of Ruin\n|-terastallize|p1b: Flutter Mane|Fairy\n|move|p1a: Chi-Yu|Heat Wave|p2a: Ting-Lu|[spread] p2a,p2b\n|-supereffective|p2b: Amoonguss\n|-damage|p2a: Ting-Lu|82\/100\n|-damage|p2b: Amoonguss|34\/100\n|move|p1b: Flutter Mane|Dazzling Gleam|p2a: Ting-Lu|[spread] p2a,p2b\n|-supereffective|p2a: Ting-Lu\n|-resisted|p2b: Amoonguss\n|-damage|p2a: Ting-Lu|34\/100\n|-damage|p2b: Amoonguss|9\/100\n|move|p2b: Amoonguss|Spore|p1a: Chi-Yu\n|-status|p1a: Chi-Yu|slp|[from] move: Spore\n|\n|upkeep\n|turn|2\n|inactive|Pedroerpro7 has 30 seconds left.\n|inactive|Pedroerpro7 has 20 seconds left.\n|\n|t:|1683472119\n|switch|p2b: Arcanine|Arcanine, L50, M|100\/100\n|-ability|p2b: Arcanine|Intimidate|boost\n|-unboost|p1a: Chi-Yu|atk|1\n|-unboost|p1b: Flutter Mane|atk|1\n|-terastallize|p2a: Ting-Lu|Flying\n|cant|p1a: Chi-Yu|slp\n|move|p1b: Flutter Mane|Dazzling Gleam|p2a: Ting-Lu|[spread] p2a,p2b\n|-resisted|p2b: Arcanine\n|-damage|p2a: Ting-Lu|8\/100\n|-damage|p2b: Arcanine|67\/100\n|move|p2a: Ting-Lu|Heavy Slam|p1b: Flutter Mane\n|-supereffective|p1b: Flutter Mane\n|-damage|p1b: Flutter Mane|0 fnt\n|faint|p1b: Flutter Mane\n|-end|p1b: Flutter Mane|Protosynthesis|[silent]\n|\n|upkeep\n|\n|t:|1683472141\n|switch|p1b: Tyranitar|Tyranitar, L50, F, shiny|100\/100\n|-weather|Sandstorm|[from] ability: Sand Stream|[of] p1b: Tyranitar\n|turn|3\n|\n|t:|1683472153\n|switch|p2b: Amoonguss|Amoonguss, L50, M, shiny|42\/100\n|-curestatus|p1a: Chi-Yu|slp|[msg]\n|move|p1a: Chi-Yu|Heat Wave|p2a: Ting-Lu|[spread] p2a,p2b\n|-supereffective|p2b: Amoonguss\n|-damage|p2a: Ting-Lu|0 fnt\n|-damage|p2b: Amoonguss|0 fnt\n|faint|p2a: Ting-Lu\n|faint|p2b: Amoonguss\n|move|p1b: Tyranitar|Dragon Dance|p1b: Tyranitar\n|-boost|p1b: Tyranitar|atk|1\n|-boost|p1b: Tyranitar|spe|1\n|\n|-weather|Sandstorm|[upkeep]\n|-damage|p1a: Chi-Yu|94\/100|[from] Sandstorm\n|upkeep\n|\n|t:|1683472159\n|switch|p2a: Arcanine|Arcanine, L50, M|67\/100\n|switch|p2b: Palafin|Palafin-Hero, L50, M|100\/100\n|-ability|p2a: Arcanine|Intimidate|boost\n|-unboost|p1a: Chi-Yu|atk|1\n|-unboost|p1b: Tyranitar|atk|1\n|-activate|p2b: Palafin|ability: Zero to Hero\n|turn|4\n|\n|t:|1683472176\n|switch|p1a: Amoonguss|Amoonguss, L50, M|100\/100\n|move|p1b: Tyranitar|Protect|p1b: Tyranitar\n|-singleturn|p1b: Tyranitar|Protect\n|move|p2b: Palafin|Jet Punch|p1a: Amoonguss\n|-resisted|p1a: Amoonguss\n|-damage|p1a: Amoonguss|83\/100\n|move|p2a: Arcanine|Will-O-Wisp|p1b: Tyranitar\n|-activate|p1b: Tyranitar|move: Protect\n|\n|-weather|Sandstorm|[upkeep]\n|-damage|p2b: Palafin|95\/100|[from] Sandstorm\n|-damage|p1a: Amoonguss|77\/100|[from] Sandstorm\n|-heal|p1a: Amoonguss|83\/100|[from] item: Leftovers\n|upkeep\n|turn|5\n|\n|t:|1683472194\n|move|p1a: Amoonguss|Rage Powder|p1a: Amoonguss\n|-singleturn|p1a: Amoonguss|move: Rage Powder\n|move|p1b: Tyranitar|Rock Slide|p2a: Arcanine|[spread] p2a,p2b\n|-supereffective|p2a: Arcanine\n|-damage|p2a: Arcanine|6\/100\n|-damage|p2b: Palafin|66\/100\n|move|p2a: Arcanine|Will-O-Wisp|p1b: Tyranitar|[miss]\n|-miss|p2a: Arcanine|p1b: Tyranitar\n|move|p2b: Palafin|Wave Crash|p1a: Amoonguss\n|-resisted|p1a: Amoonguss\n|-damage|p1a: Amoonguss|51\/100\n|-damage|p2b: Palafin|55\/100|[from] Recoil\n|\n|-weather|Sandstorm|[upkeep]\n|-damage|p2b: Palafin|49\/100|[from] Sandstorm\n|-damage|p1a: Amoonguss|45\/100|[from] Sandstorm\n|-heal|p1a: Amoonguss|51\/100|[from] item: Leftovers\n|upkeep\n|turn|6\n|\n|t:|1683472215\n|move|p2a: Arcanine|Protect|p2a: Arcanine\n|-singleturn|p2a: Arcanine|Protect\n|move|p1a: Amoonguss|Rage Powder|p1a: Amoonguss\n|-singleturn|p1a: Amoonguss|move: Rage Powder\n|move|p1b: Tyranitar|Rock Slide|p2a: Arcanine|[spread] p2b\n|-activate|p2a: Arcanine|move: Protect\n|-damage|p2b: Palafin|25\/100\n|cant|p2b: Palafin|flinch\n|\n|-weather|Sandstorm|[upkeep]\n|-damage|p2b: Palafin|20\/100|[from] Sandstorm\n|-damage|p1a: Amoonguss|45\/100|[from] Sandstorm\n|-heal|p1a: Amoonguss|51\/100|[from] item: Leftovers\n|upkeep\n|turn|7\n|-message|Pedroerpro7 forfeited.\n|\n|win|pupulovessixsheep\n|raw|pupulovessixsheep's rating: 1216 → 1247<\/strong> (+31 for winning)\n|raw|Pedroerpro7's rating: 1296 → 1265<\/strong> (-31 for losing)\n|l|\u2606Pedroerpro7\n","uploadtime":1683472238,"views":9,"p1id":"pupulovessixsheep","p2id":"pedroerpro7","formatid":"gen9vgc2023regulationc","rating":1247,"private":0,"password":""}