{"id":"gen9vgc2023regulationc-1859115442","p1":"Topperlecat","p2":"Draxolotl","format":"[Gen 9] VGC 2023 Regulation C","log":"|j|\u2606Topperlecat\n|j|\u2606Draxolotl\n|t:|1683406272\n|gametype|doubles\n|player|p1|Topperlecat|n|\n|player|p2|Draxolotl|iris-gen5bw2|\n|teamsize|p1|6\n|teamsize|p2|6\n|gen|9\n|tier|[Gen 9] VGC 2023 Regulation C\n|rule|Species Clause: Limit one of each Pok\u00e9mon\n|rule|Item Clause: Limit one of each item\n|clearpoke\n|poke|p1|Gastrodon-East, L50, M|\n|poke|p1|Iron Bundle, L50|\n|poke|p1|Indeedee-F, L50, F|\n|poke|p1|Ceruledge, L50, F|\n|poke|p1|Kingambit, L50, M|\n|poke|p1|Ting-Lu, L50|\n|poke|p2|Dondozo, L50, M|\n|poke|p2|Tatsugiri-Stretchy, L50, F|\n|poke|p2|Glimmora, L50, M|\n|poke|p2|Chi-Yu, L50|\n|poke|p2|Flutter Mane, L50|\n|poke|p2|Iron Bundle, L50|\n|teampreview|4\n|inactive|Battle timer is ON: inactive players will automatically lose when time's up. (requested by Draxolotl)\n|c|\u2606Topperlecat|Glhf\nTopperlecat has agreed to open team sheets.\n|c|\u2606Draxolotl|glhf\nDraxolotl has agreed to open team sheets.\n|inactive|Topperlecat has 60 seconds left.\n|\n|t:|1683406330\n|start\n|switch|p1a: oof|Kingambit, L50, M|100\/100\n|switch|p1b: brbrbrbrbr|Gastrodon-East, L50, M|100\/100\n|switch|p2a: Glimmer|Glimmora, L50, M|100\/100\n|switch|p2b: FEEEESH|Chi-Yu, L50|100\/100\n|-ability|p2b: FEEEESH|Beads of Ruin\n|turn|1\n|inactive|Draxolotl has 30 seconds left.\n|inactive|Draxolotl has 20 seconds left.\n|\n|t:|1683406370\n|switch|p1a: THE GOAT|Ting-Lu, L50|100\/100\n|-ability|p1a: THE GOAT|Vessel of Ruin\n|-terastallize|p2a: Glimmer|Grass\n|move|p2b: FEEEESH|Overheat|p1a: THE GOAT\n|-damage|p1a: THE GOAT|52\/100\n|-unboost|p2b: FEEEESH|spa|2\n|move|p2a: Glimmer|Energy Ball|p1b: brbrbrbrbr\n|-supereffective|p1b: brbrbrbrbr\n|-damage|p1b: brbrbrbrbr|0 fnt\n|faint|p1b: brbrbrbrbr\n|\n|-heal|p1a: THE GOAT|58\/100|[from] item: Leftovers\n|upkeep\n|c|\u2606Topperlecat|why do I not see these things\n|c|\u2606Topperlecat|I'm actually blind\n|inactive|Topperlecat has 30 seconds left.\n|c|\u2606Draxolotl|lmao\n|\n|t:|1683406398\n|switch|p1b: happy feet|Iron Bundle, L50|100\/100\n|turn|2\n|\n|t:|1683406412\n|switch|p1a: oof|Kingambit, L50, M|100\/100\n|move|p1b: happy feet|Freeze-Dry|p2a: Glimmer\n|-supereffective|p2a: Glimmer\n|-damage|p2a: Glimmer|33\/100\n|move|p2b: FEEEESH|Dark Pulse|p1b: happy feet\n|-damage|p1b: happy feet|44\/100\n|move|p2a: Glimmer|Energy Ball|p1b: happy feet\n|-supereffective|p1b: happy feet\n|-damage|p1b: happy feet|0 fnt\n|faint|p1b: happy feet\n|-end|p1b: happy feet|Quark Drive|[silent]\n|\n|upkeep\n|c|\u2606Topperlecat|Tera fire was so safe\n|\n|t:|1683406424\n|switch|p1b: THE GOAT|Ting-Lu, L50|58\/100\n|-ability|p1b: THE GOAT|Vessel of Ruin\n|turn|3\n|\n|t:|1683406434\n|switch|p2a: Donbozo|Dondozo, L50, M|100\/100\n|-terastallize|p1a: oof|Flying\n|move|p2b: FEEEESH|Overheat|p1a: oof\n|-damage|p1a: oof|72\/100\n|-unboost|p2b: FEEEESH|spa|2\n|move|p1a: oof|Tera Blast|p2a: Donbozo\n|-damage|p2a: Donbozo|70\/100\n|move|p1b: THE GOAT|Stomping Tantrum|p2b: FEEEESH\n|-supereffective|p2b: FEEEESH\n|-enditem|p2b: FEEEESH|Focus Sash\n|-damage|p2b: FEEEESH|1\/100\n|\n|-heal|p2a: Donbozo|76\/100|[from] item: Leftovers\n|-heal|p1b: THE GOAT|64\/100|[from] item: Leftovers\n|upkeep\n|turn|4\n|\n|t:|1683406453\n|move|p2a: Donbozo|Protect|p2a: Donbozo\n|-singleturn|p2a: Donbozo|Protect\n|move|p2b: FEEEESH|Overheat|p1b: THE GOAT|[miss]\n|-miss|p2b: FEEEESH|p1b: THE GOAT\n|move|p1a: oof|Kowtow Cleave|p2a: Donbozo\n|-activate|p2a: Donbozo|move: Protect\n|move|p1b: THE GOAT|Ruination|p2a: Donbozo\n|-activate|p2a: Donbozo|move: Protect\n|\n|-heal|p2a: Donbozo|82\/100|[from] item: Leftovers\n|-heal|p1b: THE GOAT|70\/100|[from] item: Leftovers\n|upkeep\n|turn|5\n|\n|t:|1683406475\n|switch|p2b: Stretch those toes|Tatsugiri-Stretchy, L50, F|100\/100\n|-activate|p2b: Stretch those toes|ability: Commander|[of] p2a: Donbozo\n|-boost|p2a: Donbozo|atk|2\n|-boost|p2a: Donbozo|spa|2\n|-boost|p2a: Donbozo|spe|2\n|-boost|p2a: Donbozo|def|2\n|-boost|p2a: Donbozo|spd|2\n|move|p2a: Donbozo|Wave Crash|p1b: THE GOAT\n|-supereffective|p1b: THE GOAT\n|-damage|p1b: THE GOAT|0 fnt\n|faint|p1b: THE GOAT\n|-damage|p2a: Donbozo|57\/100|[from] Recoil\n|move|p1a: oof|Kowtow Cleave|p2a: Donbozo\n|-damage|p2a: Donbozo|42\/100\n|\n|-heal|p2a: Donbozo|48\/100|[from] item: Leftovers\n|upkeep\n|turn|6\n|c|\u2606Draxolotl|gg wp\n|\n|t:|1683406491\n|move|p2a: Donbozo|Wave Crash|p1a: oof\n|-damage|p1a: oof|0 fnt\n|faint|p1a: oof\n|-damage|p2a: Donbozo|26\/100|[from] Recoil\n|\n|win|Draxolotl\n|c|\u2606Topperlecat|I am not thinking rn lol\n|c|\u2606Topperlecat|gg wp\n","uploadtime":1683406498,"views":8,"p1id":"topperlecat","p2id":"draxolotl","formatid":"gen9vgc2023regulationc","rating":0,"private":0,"password":""}