{"id":"gen9vgc2023regulationc-1854740482","p1":"Adriiiigg13","p2":"amaan is luffy","format":"[Gen 9] VGC 2023 Regulation C","log":"|j|\u2606Adriiiigg13\n|j|\u2606amaan is luffy\n|t:|1682859705\n|gametype|doubles\n|player|p1|Adriiiigg13|lucas|1211\n|player|p2|amaan is luffy|juan|1113\n|teamsize|p1|6\n|teamsize|p2|6\n|gen|9\n|tier|[Gen 9] VGC 2023 Regulation C\n|rated|\n|rule|Species Clause: Limit one of each Pok\u00e9mon\n|rule|Item Clause: Limit one of each item\n|clearpoke\n|poke|p1|Chi-Yu, L50|\n|poke|p1|Flutter Mane, L50|\n|poke|p1|Gyarados, L50, F|\n|poke|p1|Iron Hands, L50|\n|poke|p1|Kingambit, L50, F|\n|poke|p1|Amoonguss, L50, F|\n|poke|p2|Torkoal, L50, F|\n|poke|p2|Armarouge, L50, F|\n|poke|p2|Indeedee-F, L50, F|\n|poke|p2|Amoonguss, L50, F|\n|poke|p2|Kingambit, L50, M|\n|poke|p2|Chien-Pao, L50|\n|teampreview|4\n|inactive|Battle timer is ON: inactive players will automatically lose when time's up. (requested by amaan is luffy)\n|\n|t:|1682859725\n|start\n|switch|p1a: Chi-Yu|Chi-Yu, L50|100\/100\n|switch|p1b: Flutter Mane|Flutter Mane, L50|100\/100\n|switch|p2a: Armarouge|Armarouge, L50, F|100\/100\n|switch|p2b: Indeedee|Indeedee-F, L50, F|100\/100\n|-ability|p1a: Chi-Yu|Beads of Ruin\n|-fieldstart|move: Psychic Terrain|[from] ability: Psychic Surge|[of] p2b: Indeedee\n|-enditem|p1b: Flutter Mane|Booster Energy\n|-activate|p1b: Flutter Mane|ability: Protosynthesis|[fromitem]\n|-start|p1b: Flutter Mane|protosynthesisspa\n|turn|1\n|\n|t:|1682859742\n|move|p2b: Indeedee|Follow Me|p2b: Indeedee\n|-singleturn|p2b: Indeedee|move: Follow Me\n|move|p1b: Flutter Mane|Shadow Ball|p2b: Indeedee\n|-immune|p2b: Indeedee\n|move|p1a: Chi-Yu|Dark Pulse|p2b: Indeedee\n|-supereffective|p2b: Indeedee\n|-damage|p2b: Indeedee|0 fnt\n|faint|p2b: Indeedee\n|move|p2a: Armarouge|Trick Room|p2a: Armarouge\n|-fieldstart|move: Trick Room|[of] p2a: Armarouge\n|\n|upkeep\n|\n|t:|1682859754\n|switch|p2b: Amoonguss|Amoonguss, L50, F|100\/100\n|turn|2\n|\n|t:|1682859768\n|move|p1b: Flutter Mane|Protect|p1b: Flutter Mane\n|-singleturn|p1b: Flutter Mane|Protect\n|move|p2a: Armarouge|Expanding Force|p1b: Flutter Mane|[spread] \n|-activate|p1b: Flutter Mane|move: Protect\n|-immune|p1a: Chi-Yu\n|move|p2b: Amoonguss|Spore|p1b: Flutter Mane\n|-activate|p1b: Flutter Mane|move: Protect\n|move|p1a: Chi-Yu|Dark Pulse|p2a: Armarouge\n|-supereffective|p2a: Armarouge\n|-damage|p2a: Armarouge|0 fnt\n|faint|p2a: Armarouge\n|\n|upkeep\n|\n|t:|1682859783\n|switch|p2a: Kingambit|Kingambit, L50, M|100\/100\n|turn|3\n|inactive|Adriiiigg13 has 30 seconds left.\n|\n|t:|1682859808\n|-terastallize|p2a: Kingambit|Dark\n|move|p2b: Amoonguss|Spore|p1a: Chi-Yu\n|-status|p1a: Chi-Yu|slp|[from] move: Spore\n|move|p2a: Kingambit|Kowtow Cleave|p1b: Flutter Mane\n|-damage|p1b: Flutter Mane|1\/100\n|cant|p1a: Chi-Yu|slp\n|move|p1b: Flutter Mane|Dazzling Gleam|p2b: Amoonguss|[spread] p2a,p2b\n|-supereffective|p2a: Kingambit\n|-resisted|p2b: Amoonguss\n|-damage|p2a: Kingambit|38\/100\n|-damage|p2b: Amoonguss|77\/100\n|\n|-heal|p2b: Amoonguss|83\/100|[from] item: Leftovers\n|upkeep\n|turn|4\n|inactive|amaan is luffy has 30 seconds left.\n|\n|t:|1682859840\n|move|p2b: Amoonguss|Pollen Puff|p2a: Kingambit\n|-heal|p2a: Kingambit|87\/100\n|move|p2a: Kingambit|Kowtow Cleave|p1b: Flutter Mane\n|-damage|p1b: Flutter Mane|0 fnt\n|faint|p1b: Flutter Mane\n|-end|p1b: Flutter Mane|Protosynthesis|[silent]\n|-curestatus|p1a: Chi-Yu|slp|[msg]\n|move|p1a: Chi-Yu|Heat Wave|p2b: Amoonguss|[spread] p2a,p2b\n|-supereffective|p2b: Amoonguss\n|-damage|p2a: Kingambit|60\/100\n|-damage|p2b: Amoonguss|0 fnt\n|faint|p2b: Amoonguss\n|\n|upkeep\n|\n|t:|1682859855\n|switch|p1b: Amoonguss|Amoonguss, L50, F|100\/100\n|turn|5\n|\n|t:|1682859863\n|move|p1a: Chi-Yu|Protect|p1a: Chi-Yu\n|-singleturn|p1a: Chi-Yu|Protect\n|move|p1b: Amoonguss|Spore|p2a: Kingambit\n|-status|p2a: Kingambit|slp|[from] move: Spore\n|cant|p2a: Kingambit|slp\n|\n|-fieldend|move: Trick Room\n|upkeep\n|turn|6\n|-message|amaan is luffy forfeited.\n|\n|win|Adriiiigg13\n|raw|Adriiiigg13's rating: 1211 → 1229<\/strong> (+18 for winning)\n|raw|amaan is luffy's rating: 1113 → 1095<\/strong> (-18 for losing)\n|l|\u2606amaan is luffy\n","uploadtime":1682859872,"views":8,"p1id":"adriiiigg13","p2id":"amaanisluffy","formatid":"gen9vgc2023regulationc","rating":1095,"private":0,"password":""}