{"id":"gen9vgc2023regulationc-1859846954","p1":"Ciq108","p2":"SpaceCityVGC","format":"[Gen 9] VGC 2023 Regulation C","log":"|j|\u2606Ciq108\n|j|\u2606SpaceCityVGC\n|t:|1683569461\n|gametype|doubles\n|player|p1|Ciq108|266|\n|player|p2|SpaceCityVGC|nemona-v|\n|teamsize|p1|6\n|teamsize|p2|6\n|gen|9\n|tier|[Gen 9] VGC 2023 Regulation C\n|rule|Species Clause: Limit one of each Pok\u00e9mon\n|rule|Item Clause: Limit one of each item\n|clearpoke\n|poke|p1|Garchomp, L50, F|\n|poke|p1|Gardevoir, L50, F|\n|poke|p1|Tauros-Paldea-Blaze, L50, M|\n|poke|p1|Hydreigon, L50, M|\n|poke|p1|Orthworm, L50, M|\n|poke|p1|Kilowattrel, L50, M|\n|poke|p2|Annihilape, L50, M|\n|poke|p2|Arcanine, L50, F|\n|poke|p2|Meowscarada, L50, F|\n|poke|p2|Azumarill, L50, F|\n|poke|p2|Klefki, L50, M|\n|poke|p2|Espeon, L50, F|\n|teampreview|4\n|c|\u2606SpaceCityVGC|g1\n|c|\u2606Ciq108|The infamous espeon\n|c|\u2606SpaceCityVGC|glhfilysm\n|c|\u2606Ciq108|XD\n|c|\u2606Ciq108|Glhf\n|c|\u2606SpaceCityVGC|yeah i had to bring it lol\n|j| EncoreVGC\n|c|\u2606SpaceCityVGC|encore tell me how to win pls\n|j| Dogzie\n|c| EncoreVGC|Did they change espeon\u2019s pose?\n|c| EncoreVGC|sorry these are the more important matters here\n|c|\u2606SpaceCityVGC|maybe?\n|c|\u2606Ciq108|Yeah\n|\n|t:|1683569569\n|start\n|switch|p1a: scawy bull boi|Tauros-Paldea-Blaze, L50, M|100\/100\n|switch|p1b: no burn neck boi|Hydreigon, L50, M|100\/100\n|switch|p2a: Uh Meow?|Meowscarada, L50, F|100\/100\n|switch|p2b: Cocomelon|Klefki, L50, M|100\/100\n|-ability|p1a: scawy bull boi|Intimidate|boost\n|-unboost|p2a: Uh Meow?|atk|1\n|-unboost|p2b: Cocomelon|atk|1\n|turn|1\n|c| Dogzie|Glhf QTs lysm\n|c|\u2606Ciq108|All the eevelutions\n|\n|t:|1683569590\n|move|p1b: no burn neck boi|Protect|p1b: no burn neck boi\n|-singleturn|p1b: no burn neck boi|Protect\n|move|p2b: Cocomelon|Thunder Wave|p1a: scawy bull boi\n|-status|p1a: scawy bull boi|par\n|move|p2a: Uh Meow?|Play Rough|p1b: no burn neck boi\n|-start|p2a: Uh Meow?|typechange|Fairy|[from] ability: Protean\n|-activate|p1b: no burn neck boi|move: Protect\n|move|p1a: scawy bull boi|Raging Bull|p2b: Cocomelon\n|-supereffective|p2b: Cocomelon\n|-damage|p2b: Cocomelon|26\/100\n|\n|upkeep\n|turn|2\n|\n|t:|1683569614\n|switch|p2b: Playboy Bunny|Azumarill, L50, F|100\/100\n|-terastallize|p1b: no burn neck boi|Poison\n|move|p2a: Uh Meow?|Play Rough|p1b: no burn neck boi\n|-resisted|p1b: no burn neck boi\n|-damage|p1b: no burn neck boi|86\/100\n|move|p1b: no burn neck boi|Tera Blast|p2a: Uh Meow?\n|-supereffective|p2a: Uh Meow?\n|-enditem|p2a: Uh Meow?|Focus Sash\n|-damage|p2a: Uh Meow?|1\/100\n|move|p1a: scawy bull boi|Raging Bull|p2b: Playboy Bunny\n|-resisted|p2b: Playboy Bunny\n|-damage|p2b: Playboy Bunny|80\/100\n|\n|upkeep\n|turn|3\n|\n|t:|1683569654\n|switch|p2a: Mucho Angry|Annihilape, L50, M|100\/100\n|switch|p2b: Cocomelon|Klefki, L50, M|26\/100\n|move|p1b: no burn neck boi|Protect|p1b: no burn neck boi\n|-singleturn|p1b: no burn neck boi|Protect\n|cant|p1a: scawy bull boi|par\n|\n|upkeep\n|turn|4\n|\n|t:|1683569678\n|switch|p1b: da waifu boi|Gardevoir, L50, F|100\/100\n|move|p2b: Cocomelon|Light Screen|p2b: Cocomelon\n|-sidestart|p2: SpaceCityVGC|move: Light Screen\n|move|p2a: Mucho Angry|Bulk Up|p2a: Mucho Angry\n|-boost|p2a: Mucho Angry|atk|1\n|-boost|p2a: Mucho Angry|def|1\n|-enditem|p1a: scawy bull boi|Mirror Herb\n|-boost|p1a: scawy bull boi|atk|1|[from] item: Mirror Herb\n|-boost|p1a: scawy bull boi|def|1|[from] item: Mirror Herb\n|move|p1a: scawy bull boi|Raging Bull|p2b: Cocomelon\n|-sideend|p2: SpaceCityVGC|move: Light Screen\n|-supereffective|p2b: Cocomelon\n|-damage|p2b: Cocomelon|0 fnt\n|faint|p2b: Cocomelon\n|\n|upkeep\n|c| Dogzie|imagine getting paralysed turn 3\n|\n|t:|1683569689\n|switch|p2b: Playboy Bunny|Azumarill, L50, F|80\/100\n|turn|5\n|\n|t:|1683569716\n|move|p2a: Mucho Angry|Protect|p2a: Mucho Angry\n|-singleturn|p2a: Mucho Angry|Protect\n|move|p1b: da waifu boi|Encore|p2a: Mucho Angry\n|-activate|p2a: Mucho Angry|move: Protect\n|move|p1a: scawy bull boi|Close Combat|p2b: Playboy Bunny\n|-resisted|p2b: Playboy Bunny\n|-damage|p2b: Playboy Bunny|34\/100\n|-unboost|p1a: scawy bull boi|def|1\n|-unboost|p1a: scawy bull boi|spd|1\n|move|p2b: Playboy Bunny|Liquidation|p1a: scawy bull boi\n|-supereffective|p1a: scawy bull boi\n|-damage|p1a: scawy bull boi|0 fnt\n|faint|p1a: scawy bull boi\n|\n|upkeep\n|\n|t:|1683569728\n|switch|p1a: da chompy boi|Garchomp, L50, F|100\/100\n|turn|6\n|\n|t:|1683569742\n|switch|p2a: Uh Meow?|Meowscarada, L50, F|1\/100\n|move|p2b: Playboy Bunny|Aqua Jet|p1b: da waifu boi\n|-damage|p1b: da waifu boi|52\/100\n|move|p1b: da waifu boi|Encore||[still]\n|-fail|p1b: da waifu boi\n|move|p1a: da chompy boi|Earthquake|p2a: Uh Meow?|[spread] p2a,p2b\n|-activate|p1b: da waifu boi|ability: Telepathy\n|-resisted|p2a: Uh Meow?\n|-damage|p2a: Uh Meow?|0 fnt\n|-damage|p2b: Playboy Bunny|0 fnt\n|faint|p2a: Uh Meow?\n|faint|p2b: Playboy Bunny\n|\n|upkeep\n|\n|t:|1683569751\n|switch|p2b: Mucho Angry|Annihilape, L50, M|100\/100\n|turn|7\n|c|\u2606SpaceCityVGC|alright annihilape\n|c|\u2606SpaceCityVGC|time to game\n|\n|t:|1683569769\n|switch|p1b: no burn neck boi|Hydreigon, L50, M, tera:Poison|86\/100\n|-terastallize|p2b: Mucho Angry|Grass\n|move|p1a: da chompy boi|Substitute|p1a: da chompy boi\n|-start|p1a: da chompy boi|Substitute\n|-damage|p1a: da chompy boi|76\/100\n|move|p2b: Mucho Angry|Rage Fist|p1a: da chompy boi\n|-activate|p1a: da chompy boi|move: Substitute|[damage]\n|\n|upkeep\n|turn|8\n|c|\u2606SpaceCityVGC|sad!\n|\n|t:|1683569782\n|move|p1a: da chompy boi|Iron Head|p2b: Mucho Angry\n|-damage|p2b: Mucho Angry|73\/100\n|move|p1b: no burn neck boi|Tera Blast|p2b: Mucho Angry\n|-supereffective|p2b: Mucho Angry\n|-damage|p2b: Mucho Angry|24\/100\n|move|p2b: Mucho Angry|Rage Fist|p1b: no burn neck boi\n|-crit|p1b: no burn neck boi\n|-damage|p1b: no burn neck boi|0 fnt\n|faint|p1b: no burn neck boi\n|\n|upkeep\n|\n|t:|1683569791\n|switch|p1b: da waifu boi|Gardevoir, L50, F|52\/100\n|turn|9\n|c|\u2606SpaceCityVGC|jesus\n|c| Dogzie|crit mattered\n|\n|t:|1683569797\n|move|p1b: da waifu boi|Moonblast|p2b: Mucho Angry\n|-damage|p2b: Mucho Angry|0 fnt\n|faint|p2b: Mucho Angry\n|\n|win|Ciq108\n|c| Dogzie|Gee Gees\n|c|\u2606Ciq108|Gg\n|c|\u2606SpaceCityVGC|ggs\n|l| Dogzie\n|l|\u2606Ciq108\n|l|\u2606SpaceCityVGC\n|l| EncoreVGC\n|j|\u2606Ciq108\n|player|p1|Ciq108|266\n","uploadtime":1683569804,"views":16,"p1id":"ciq108","p2id":"spacecityvgc","formatid":"gen9vgc2023regulationc","rating":0,"private":0,"password":""}