{"id":"gen9vgc2023regulationc-1856842540","p1":"Bandyzzzz","p2":"Jscoot12","format":"[Gen 9] VGC 2023 Regulation C","log":"|j|\u2606Bandyzzzz\n|j|\u2606Jscoot12\n|t:|1683118407\n|gametype|doubles\n|player|p1|Bandyzzzz|clerk|1263\n|player|p2|Jscoot12|169|1302\n|teamsize|p1|6\n|teamsize|p2|6\n|gen|9\n|tier|[Gen 9] VGC 2023 Regulation C\n|rated|\n|rule|Species Clause: Limit one of each Pok\u00e9mon\n|rule|Item Clause: Limit one of each item\n|clearpoke\n|poke|p1|Iron Moth, L50|\n|poke|p1|Gholdengo, L50|\n|poke|p1|Garchomp, L50, M|\n|poke|p1|Brute Bonnet, L50|\n|poke|p1|Grimmsnarl, L50, M|\n|poke|p1|Chien-Pao, L50|\n|poke|p2|Orthworm, L50, M|\n|poke|p2|Dragonite, L50, F|\n|poke|p2|Flutter Mane, L50|\n|poke|p2|Chi-Yu, L50|\n|poke|p2|Baxcalibur, L50, F|\n|poke|p2|Gyarados, L50, F|\n|teampreview|4\n|inactive|Battle timer is ON: inactive players will automatically lose when time's up. (requested by Bandyzzzz)\n|\n|t:|1683118437\n|start\n|switch|p1a: Grimmsnarl|Grimmsnarl, L50, M|100\/100\n|switch|p1b: Iron Moth|Iron Moth, L50|100\/100\n|switch|p2a: Orthworm|Orthworm, L50, M|100\/100\n|switch|p2b: Gyarados|Gyarados, L50, F|100\/100\n|-ability|p2b: Gyarados|Intimidate|boost\n|-unboost|p1a: Grimmsnarl|atk|1\n|-unboost|p1b: Iron Moth|atk|1\n|-enditem|p1b: Iron Moth|Booster Energy\n|-activate|p1b: Iron Moth|ability: Quark Drive|[fromitem]\n|-start|p1b: Iron Moth|quarkdrivespe\n|turn|1\n|\n|t:|1683118459\n|-terastallize|p1b: Iron Moth|Grass\n|-terastallize|p2a: Orthworm|Fire\n|move|p1a: Grimmsnarl|Reflect|p1a: Grimmsnarl\n|-sidestart|p1: Bandyzzzz|Reflect\n|move|p1b: Iron Moth|Heat Wave|p2b: Gyarados|[spread] p2b\n|-miss|p1b: Iron Moth|p2a: Orthworm\n|-resisted|p2b: Gyarados\n|-damage|p2b: Gyarados|87\/100\n|move|p2b: Gyarados|Waterfall|p1b: Iron Moth\n|-resisted|p1b: Iron Moth\n|-damage|p1b: Iron Moth|83\/100\n|move|p2a: Orthworm|Heavy Slam|p1a: Grimmsnarl\n|-supereffective|p1a: Grimmsnarl\n|-damage|p1a: Grimmsnarl|49\/100\n|\n|upkeep\n|turn|2\n|inactive|Bandyzzzz has 30 seconds left.\n|inactive|Jscoot12 has 30 seconds left.\n|inactive|Jscoot12 has 20 seconds left.\n|\n|t:|1683118496\n|move|p1a: Grimmsnarl|Light Screen|p1a: Grimmsnarl\n|-sidestart|p1: Bandyzzzz|move: Light Screen\n|move|p1b: Iron Moth|Acid Spray|p2b: Gyarados\n|-damage|p2b: Gyarados|69\/100\n|-unboost|p2b: Gyarados|spd|2\n|move|p2b: Gyarados|Bulldoze|p1b: Iron Moth|[spread] p1a,p1b\n|-immune|p2a: Orthworm|[from] ability: Earth Eater\n|-crit|p1a: Grimmsnarl\n|-resisted|p1b: Iron Moth\n|-damage|p1a: Grimmsnarl|28\/100\n|-damage|p1b: Iron Moth|78\/100\n|-unboost|p1a: Grimmsnarl|spe|1\n|-unboost|p1b: Iron Moth|spe|1\n|move|p2a: Orthworm|Body Press|p1b: Iron Moth\n|-damage|p1b: Iron Moth|51\/100\n|\n|upkeep\n|turn|3\n|inactive|Bandyzzzz has 30 seconds left.\n|inactive|Jscoot12 has 30 seconds left.\n|\n|t:|1683118525\n|move|p1b: Iron Moth|Energy Ball|p2b: Gyarados\n|-damage|p2b: Gyarados|0 fnt\n|faint|p2b: Gyarados\n|move|p2a: Orthworm|Shed Tail|p2a: Orthworm\n|-start|p2a: Orthworm|Substitute|[from] move: Shed Tail\n|-damage|p2a: Orthworm|50\/100\n|-enditem|p2a: Orthworm|Sitrus Berry|[eat]\n|-heal|p2a: Orthworm|75\/100|[from] item: Sitrus Berry\n|\n|t:|1683118533\n|switch|p2a: Chi-Yu|Chi-Yu, L50|100\/100|[from] Shed Tail\n|-ability|p2a: Chi-Yu|Beads of Ruin\n|move|p1a: Grimmsnarl|Spirit Break|p2a: Chi-Yu\n|-end|p2a: Chi-Yu|Substitute\n|\n|upkeep\n|\n|t:|1683118544\n|switch|p2b: Orthworm|Orthworm, L50, M, tera:Fire|75\/100\n|turn|4\n|\n|t:|1683118552\n|move|p1b: Iron Moth|Acid Spray|p2b: Orthworm\n|-damage|p2b: Orthworm|41\/100\n|-unboost|p2b: Orthworm|spd|2\n|move|p2a: Chi-Yu|Flamethrower|p1b: Iron Moth\n|-supereffective|p1b: Iron Moth\n|-damage|p1b: Iron Moth|0 fnt\n|faint|p1b: Iron Moth\n|-end|p1b: Iron Moth|Quark Drive|[silent]\n|-damage|p2a: Chi-Yu|91\/100|[from] item: Life Orb\n|move|p2b: Orthworm|Heavy Slam|p1a: Grimmsnarl\n|-supereffective|p1a: Grimmsnarl\n|-damage|p1a: Grimmsnarl|0 fnt\n|faint|p1a: Grimmsnarl\n|\n|upkeep\n|\n|t:|1683118564\n|switch|p1b: Gholdengo|Gholdengo, L50|100\/100\n|switch|p1a: Chien-Pao|Chien-Pao, L50|100\/100\n|-ability|p1a: Chien-Pao|Sword of Ruin\n|turn|5\n|\n|t:|1683118582\n|move|p2a: Chi-Yu|Protect|p2a: Chi-Yu\n|-singleturn|p2a: Chi-Yu|Protect\n|move|p1a: Chien-Pao|Sacred Sword|p2a: Chi-Yu\n|-activate|p2a: Chi-Yu|move: Protect\n|move|p1b: Gholdengo|Nasty Plot|p1b: Gholdengo\n|-boost|p1b: Gholdengo|spa|2\n|move|p2b: Orthworm|Heavy Slam|p1a: Chien-Pao\n|-supereffective|p1a: Chien-Pao\n|-damage|p1a: Chien-Pao|67\/100\n|\n|upkeep\n|turn|6\n|\n|t:|1683118600\n|switch|p2a: Flutter Mane|Flutter Mane, L50|100\/100\n|move|p1a: Chien-Pao|Sacred Sword|p2a: Flutter Mane\n|-immune|p2a: Flutter Mane\n|move|p1b: Gholdengo|Shadow Ball|p2b: Orthworm\n|-damage|p2b: Orthworm|0 fnt\n|faint|p2b: Orthworm\n|-damage|p1b: Gholdengo|91\/100|[from] item: Life Orb\n|\n|upkeep\n|\n|t:|1683118616\n|switch|p2b: Chi-Yu|Chi-Yu, L50|91\/100\n|-ability|p2b: Chi-Yu|Beads of Ruin\n|turn|7\n|\n|t:|1683118631\n|move|p1b: Gholdengo|Protect|p1b: Gholdengo\n|-singleturn|p1b: Gholdengo|Protect\n|move|p1a: Chien-Pao|Sacred Sword|p2b: Chi-Yu\n|-supereffective|p2b: Chi-Yu\n|-damage|p2b: Chi-Yu|0 fnt\n|faint|p2b: Chi-Yu\n|move|p2a: Flutter Mane|Dazzling Gleam|p1b: Gholdengo|[spread] p1a\n|-activate|p1b: Gholdengo|move: Protect\n|-supereffective|p1a: Chien-Pao\n|-damage|p1a: Chien-Pao|0 fnt\n|faint|p1a: Chien-Pao\n|\n|upkeep\n|turn|8\n|\n|t:|1683118645\n|move|p2a: Flutter Mane|Dazzling Gleam|p1b: Gholdengo\n|-resisted|p1b: Gholdengo\n|-damage|p1b: Gholdengo|73\/100\n|move|p1b: Gholdengo|Make It Rain|p2a: Flutter Mane\n|-supereffective|p2a: Flutter Mane\n|-damage|p2a: Flutter Mane|0 fnt\n|-unboost|p1b: Gholdengo|spa|1\n|faint|p2a: Flutter Mane\n|-end|p2a: Flutter Mane|Protosynthesis|[silent]\n|-damage|p1b: Gholdengo|64\/100|[from] item: Life Orb\n|\n|win|Bandyzzzz\n|raw|Bandyzzzz's rating: 1263 → 1291<\/strong> (+28 for winning)\n|raw|Jscoot12's rating: 1302 → 1280<\/strong> (-22 for losing)\n|c|\u2606Bandyzzzz|gg\n|l|\u2606Bandyzzzz\n","uploadtime":1683118658,"views":9,"p1id":"bandyzzzz","p2id":"jscoot12","formatid":"gen9vgc2023regulationc","rating":1280,"private":0,"password":""}