{"id":"gen9vgc2023regulationc-1860799266","p1":"XJ09","p2":"mrkoklock","format":"[Gen 9] VGC 2023 Regulation C","log":"|j|\u2606XJ09\n|j|\u2606mrkoklock\n|t:|1683679309\n|gametype|doubles\n|player|p1|XJ09|dahlia|1317\n|player|p2|mrkoklock|sisandbro|1375\n|teamsize|p1|6\n|teamsize|p2|6\n|gen|9\n|tier|[Gen 9] VGC 2023 Regulation C\n|rated|\n|rule|Species Clause: Limit one of each Pok\u00e9mon\n|rule|Item Clause: Limit one of each item\n|clearpoke\n|poke|p1|Garganacl, L50, F|\n|poke|p1|Ting-Lu, L50|\n|poke|p1|Gyarados, L50, M|\n|poke|p1|Annihilape, L50, M|\n|poke|p1|Roaring Moon, L50|\n|poke|p1|Flutter Mane, L50|\n|poke|p2|Oranguru, L50, F|\n|poke|p2|Torkoal, L50, F|\n|poke|p2|Hariyama, L50, F|\n|poke|p2|Kingambit, L50, F|\n|poke|p2|Brute Bonnet, L50|\n|poke|p2|Ting-Lu, L50|\n|teampreview|4\n|inactive|Battle timer is ON: inactive players will automatically lose when time's up. (requested by mrkoklock)\n|\n|t:|1683679329\n|start\n|switch|p1a: Flutter Mane|Flutter Mane, L50|100\/100\n|switch|p1b: Garganacl|Garganacl, L50, F|100\/100\n|switch|p2a: Hariyama|Hariyama, L50, F|100\/100\n|switch|p2b: Oranguru|Oranguru, L50, F|100\/100\n|turn|1\n|inactive|XJ09 has 30 seconds left.\n|\n|t:|1683679361\n|move|p2a: Hariyama|Fake Out|p1b: Garganacl\n|-resisted|p1b: Garganacl\n|-damage|p1b: Garganacl|96\/100\n|move|p1a: Flutter Mane|Moonblast|p2a: Hariyama\n|-supereffective|p2a: Hariyama\n|-damage|p2a: Hariyama|0 fnt\n|faint|p2a: Hariyama\n|cant|p1b: Garganacl|flinch\n|move|p2b: Oranguru|Trick Room|p2b: Oranguru\n|-fieldstart|move: Trick Room|[of] p2b: Oranguru\n|\n|-heal|p1b: Garganacl|100\/100|[from] item: Leftovers\n|upkeep\n|\n|t:|1683679369\n|switch|p2a: Torkoal|Torkoal, L50, F|100\/100\n|-weather|SunnyDay|[from] ability: Drought|[of] p2a: Torkoal\n|-activate|p1a: Flutter Mane|ability: Protosynthesis\n|-start|p1a: Flutter Mane|protosynthesisspe\n|turn|2\n|\n|t:|1683679386\n|-end|p1a: Flutter Mane|Protosynthesis|[silent]\n|switch|p1a: Ting-Lu|Ting-Lu, L50|100\/100\n|-ability|p1a: Ting-Lu|Vessel of Ruin\n|-terastallize|p2a: Torkoal|Fire\n|move|p2a: Torkoal|Eruption|p1a: Ting-Lu|[spread] p1a,p1b\n|-resisted|p1b: Garganacl\n|-damage|p1a: Ting-Lu|50\/100\n|-damage|p1b: Garganacl|67\/100\n|move|p1b: Garganacl|Salt Cure|p2a: Torkoal\n|-supereffective|p2a: Torkoal\n|-damage|p2a: Torkoal|77\/100\n|-start|p2a: Torkoal|Salt Cure\n|move|p2b: Oranguru|Instruct|p2a: Torkoal\n|-singleturn|p2a: Torkoal|move: Instruct|[of] p2b: Oranguru\n|move|p2a: Torkoal|Eruption|p1a: Ting-Lu|[spread] p1a,p1b\n|-resisted|p1b: Garganacl\n|-damage|p1a: Ting-Lu|11\/100\n|-damage|p1b: Garganacl|39\/100\n|\n|-weather|SunnyDay|[upkeep]\n|-heal|p1b: Garganacl|45\/100|[from] item: Leftovers\n|-damage|p2a: Torkoal|64\/100|[from] Salt Cure\n|upkeep\n|turn|3\n|inactive|XJ09 has 30 seconds left.\n|\n|t:|1683679418\n|move|p1b: Garganacl|Wide Guard|p1b: Garganacl\n|-singleturn|p1b: Garganacl|Wide Guard\n|move|p2a: Torkoal|Earth Power|p1b: Garganacl\n|-supereffective|p1b: Garganacl\n|-damage|p1b: Garganacl|12\/100\n|move|p1a: Ting-Lu|Fissure|p2b: Oranguru\n|-damage|p2b: Oranguru|0 fnt\n|faint|p2b: Oranguru\n|-ohko\n|\n|-weather|SunnyDay|[upkeep]\n|-heal|p1b: Garganacl|18\/100|[from] item: Leftovers\n|-damage|p2a: Torkoal|52\/100|[from] Salt Cure\n|upkeep\n|\n|t:|1683679428\n|switch|p2b: Kingambit|Kingambit, L50, F|100\/100\n|turn|4\n|\n|t:|1683679439\n|-terastallize|p1b: Garganacl|Flying\n|move|p2a: Torkoal|Eruption|p1a: Ting-Lu|[spread] p1a,p1b\n|-damage|p1a: Ting-Lu|0 fnt\n|-damage|p1b: Garganacl|0 fnt\n|faint|p1a: Ting-Lu\n|faint|p1b: Garganacl\n|move|p2b: Kingambit|Swords Dance|p2b: Kingambit\n|-boost|p2b: Kingambit|atk|2\n|\n|-weather|SunnyDay|[upkeep]\n|-damage|p2a: Torkoal|39\/100|[from] Salt Cure\n|upkeep\n|\n|t:|1683679452\n|switch|p1b: Flutter Mane|Flutter Mane, L50|100\/100\n|switch|p1a: Annihilape|Annihilape, L50, M|100\/100\n|-activate|p1b: Flutter Mane|ability: Protosynthesis\n|-start|p1b: Flutter Mane|protosynthesisspe\n|turn|5\n|\n|t:|1683679469\n|move|p1a: Annihilape|Protect|p1a: Annihilape\n|-singleturn|p1a: Annihilape|Protect\n|move|p2a: Torkoal|Eruption|p1a: Annihilape|[spread] p1b\n|-activate|p1a: Annihilape|move: Protect\n|-damage|p1b: Flutter Mane|57\/100\n|move|p2b: Kingambit|Kowtow Cleave|p1a: Annihilape\n|-activate|p1a: Annihilape|move: Protect\n|move|p1b: Flutter Mane|Moonblast|p2b: Kingambit\n|-damage|p2b: Kingambit|19\/100\n|-unboost|p2b: Kingambit|spa|1\n|-ability|p2b: Kingambit|Defiant|boost\n|-boost|p2b: Kingambit|atk|2\n|\n|-weather|SunnyDay|[upkeep]\n|-damage|p2a: Torkoal|27\/100|[from] Salt Cure\n|-fieldend|move: Trick Room\n|upkeep\n|turn|6\n|\n|t:|1683679493\n|move|p2b: Kingambit|Sucker Punch|p1b: Flutter Mane\n|-damage|p1b: Flutter Mane|0 fnt\n|faint|p1b: Flutter Mane\n|-end|p1b: Flutter Mane|Protosynthesis|[silent]\n|move|p1a: Annihilape|Drain Punch|p2b: Kingambit\n|-supereffective|p2b: Kingambit\n|-damage|p2b: Kingambit|0 fnt\n|faint|p2b: Kingambit\n|move|p2a: Torkoal|Eruption|p1a: Annihilape\n|-damage|p1a: Annihilape|70\/100\n|\n|-weather|none\n|-damage|p2a: Torkoal|15\/100|[from] Salt Cure\n|upkeep\n|turn|7\n|\n|t:|1683679517\n|move|p1a: Annihilape|Rage Fist|p2a: Torkoal\n|-damage|p2a: Torkoal|0 fnt\n|faint|p2a: Torkoal\n|\n|win|XJ09\n|raw|XJ09's rating: 1317 → 1340<\/strong> (+23 for winning)\n|raw|mrkoklock's rating: 1375 → 1352<\/strong> (-23 for losing)\n|l|\u2606mrkoklock\n","uploadtime":1683679531,"views":13,"p1id":"xj09","p2id":"mrkoklock","formatid":"gen9vgc2023regulationc","rating":1340,"private":0,"password":""}