{"id":"gen9vgc2023regulationc-1849332126","p1":"Insertable194","p2":"Santiagoht27","format":"[Gen 9] VGC 2023 Regulation C","log":"|j|\u2606Insertable194\n|j|\u2606Santiagoht27\n|t:|1682186815\n|gametype|doubles\n|player|p1|Insertable194|hilbert-wonderlauncher|1316\n|player|p2|Santiagoht27|steven|1373\n|teamsize|p1|6\n|teamsize|p2|6\n|gen|9\n|tier|[Gen 9] VGC 2023 Regulation C\n|rated|\n|rule|Species Clause: Limit one of each Pok\u00e9mon\n|rule|Item Clause: Limit one of each item\n|clearpoke\n|poke|p1|Ting-Lu, L50|\n|poke|p1|Palafin, L50, F|\n|poke|p1|Amoonguss, L50, M|\n|poke|p1|Arcanine, L50, M|\n|poke|p1|Flutter Mane, L50|\n|poke|p1|Iron Hands, L50|\n|poke|p2|Azumarill, L50, M|\n|poke|p2|Farigiraf, L50, F|\n|poke|p2|Amoonguss, L50, M|\n|poke|p2|Iron Hands, L50|\n|poke|p2|Hatterene, L50, F|\n|poke|p2|Kingambit, L50, M|\n|teampreview|4\nInsertable194 has agreed to open team sheets.\n|c|\u2606Insertable194|glhf\n|inactive|Battle timer is ON: inactive players will automatically lose when time's up. (requested by Insertable194)\n|inactive|Insertable194 has 60 seconds left.\n|c|\u2606Santiagoht27|u2\n|\n|t:|1682186866\n|start\n|switch|p1a: Ting-Lu|Ting-Lu, L50|100\/100\n|switch|p1b: Flutter Mane|Flutter Mane, L50|100\/100\n|switch|p2a: GIGI|Farigiraf, L50, F|100\/100\n|switch|p2b: KINO|Kingambit, L50, M|100\/100\n|-ability|p1a: Ting-Lu|Vessel of Ruin\n|turn|1\n|\n|t:|1682186890\n|-end|p1b: Flutter Mane|Protosynthesis|[silent]\n|switch|p1b: Iron Hands|Iron Hands, L50|100\/100\n|-terastallize|p2b: KINO|Fire\n|move|p1a: Ting-Lu|Fissure|p2a: GIGI\n|-damage|p2a: GIGI|0 fnt\n|faint|p2a: GIGI\n|-ohko\n|move|p2b: KINO|Iron Head|p1b: Iron Hands\n|-resisted|p1b: Iron Hands\n|-damage|p1b: Iron Hands|85\/100\n|\n|upkeep\n|\n|t:|1682186901\n|switch|p2a: LA TETO|Hatterene, L50, F|100\/100\n|turn|2\n|inactive|Insertable194 has 30 seconds left.\n|\n|t:|1682186936\n|move|p1b: Iron Hands|Thunder Punch|p2a: LA TETO\n|-crit|p2a: LA TETO\n|-damage|p2a: LA TETO|29\/100\n|move|p1a: Ting-Lu|Heavy Slam|p2a: LA TETO\n|-supereffective|p2a: LA TETO\n|-damage|p2a: LA TETO|0 fnt\n|faint|p2a: LA TETO\n|move|p2b: KINO|Swords Dance|p2b: KINO\n|-boost|p2b: KINO|atk|2\n|\n|upkeep\n|\n|t:|1682186945\n|switch|p2a: GUSS|Amoonguss, L50, M|100\/100\n|turn|3\n|\n|t:|1682186965\n|-terastallize|p1a: Ting-Lu|Grass\n|move|p2a: GUSS|Rage Powder|p2a: GUSS\n|-singleturn|p2a: GUSS|move: Rage Powder\n|move|p1b: Iron Hands|Swords Dance|p1b: Iron Hands\n|-boost|p1b: Iron Hands|atk|2\n|move|p1a: Ting-Lu|Fissure|p2b: KINO|[miss]\n|-miss|p1a: Ting-Lu|p2b: KINO\n|move|p2b: KINO|Low Kick|p1a: Ting-Lu\n|-damage|p1a: Ting-Lu|41\/100\n|\n|upkeep\n|turn|4\n|\n|t:|1682186981\n|move|p1b: Iron Hands|Drain Punch|p2b: KINO\n|-damage|p2b: KINO|32\/100\n|-heal|p1b: Iron Hands|100\/100|[from] drain|[of] p2b: KINO\n|move|p1a: Ting-Lu|Stomping Tantrum|p2b: KINO\n|-supereffective|p2b: KINO\n|-damage|p2b: KINO|0 fnt\n|faint|p2b: KINO\n|move|p2a: GUSS|Spore|p1b: Iron Hands\n|-activate|p1b: Iron Hands|item: Safety Goggles|Spore\n|\n|upkeep\n|turn|5\n|c|\u2606Insertable194|wp\n|c|\u2606Santiagoht27|wp\n|\n|t:|1682187001\n|move|p1b: Iron Hands|Swords Dance|p1b: Iron Hands\n|-boost|p1b: Iron Hands|atk|2\n|move|p1a: Ting-Lu|Fissure|p2a: GUSS|[miss]\n|-miss|p1a: Ting-Lu|p2a: GUSS\n|move|p2a: GUSS|Pollen Puff|p1a: Ting-Lu\n|-supereffective|p1a: Ting-Lu\n|-damage|p1a: Ting-Lu|29\/100\n|\n|upkeep\n|turn|6\n|\n|t:|1682187013\n|move|p1b: Iron Hands|Swords Dance|p1b: Iron Hands\n|-boost|p1b: Iron Hands|atk|2\n|move|p1a: Ting-Lu|Fissure|p2a: GUSS|[miss]\n|-miss|p1a: Ting-Lu|p2a: GUSS\n|move|p2a: GUSS|Pollen Puff|p1a: Ting-Lu\n|-supereffective|p1a: Ting-Lu\n|-damage|p1a: Ting-Lu|16\/100\n|\n|upkeep\n|turn|7\n|-message|Santiagoht27 forfeited.\n|\n|win|Insertable194\n|raw|Insertable194's rating: 1316 → 1339<\/strong> (+23 for winning)\n|raw|Santiagoht27's rating: 1373 → 1350<\/strong> (-23 for losing)\n|l|\u2606Santiagoht27\n","uploadtime":1682187028,"views":5,"p1id":"insertable194","p2id":"santiagoht27","formatid":"gen9vgc2023regulationc","rating":1339,"private":0,"password":""}