{"id":"gen9vgc2023regulationc-1855259363","p1":"Katkip","p2":"LilBadWord","format":"[Gen 9] VGC 2023 Regulation C","log":"|j|\u2606Katkip\n|j|\u2606LilBadWord\n|t:|1682924727\n|gametype|doubles\n|player|p1|Katkip|may-masters2|1031\n|player|p2|LilBadWord|swimmerf|1118\n|teamsize|p1|6\n|teamsize|p2|6\n|gen|9\n|tier|[Gen 9] VGC 2023 Regulation C\n|rated|\n|rule|Species Clause: Limit one of each Pok\u00e9mon\n|rule|Item Clause: Limit one of each item\n|clearpoke\n|poke|p1|Chien-Pao, L50|\n|poke|p1|Breloom, L50, M|\n|poke|p1|Gastrodon, L50, M|\n|poke|p1|Dragapult, L50, F|\n|poke|p1|Sylveon, L50, M|\n|poke|p1|Arcanine, L50, F|\n|poke|p2|Farigiraf, L50, M|\n|poke|p2|Iron Bundle, L50|\n|poke|p2|Mimikyu, L50, M|\n|poke|p2|Golduck, L50, F|\n|poke|p2|Cacturne, L50, F|\n|poke|p2|Iron Treads, L50|\n|teampreview|4\n|\n|t:|1682924768\n|start\n|switch|p1a: Gastrodon|Gastrodon, L50, M|100\/100\n|switch|p1b: Arcanine|Arcanine, L50, F|100\/100\n|switch|p2a: Iron Bundle|Iron Bundle, L50|100\/100\n|switch|p2b: Farigiraf|Farigiraf, L50, M|100\/100\n|-ability|p1b: Arcanine|Intimidate|boost\n|-unboost|p2a: Iron Bundle|atk|1\n|-unboost|p2b: Farigiraf|atk|1\n|turn|1\n|\n|t:|1682924790\n|-terastallize|p1b: Arcanine|Dragon\n|move|p1a: Gastrodon|Helping Hand|p1b: Arcanine\n|-singleturn|p1b: Arcanine|Helping Hand|[of] p1a: Gastrodon\n|move|p2a: Iron Bundle|Fling|p2b: Farigiraf\n|-supereffective|p2b: Farigiraf\n|-damage|p2b: Farigiraf|98\/100\n|-boost|p2b: Farigiraf|spd|2|[from] item: Starf Berry\n|-enditem|p2b: Farigiraf|Weakness Policy\n|-boost|p2b: Farigiraf|atk|2|[from] item: Weakness Policy\n|-boost|p2b: Farigiraf|spa|2|[from] item: Weakness Policy\n|-enditem|p2a: Iron Bundle|Starf Berry|[from] move: Fling\n|move|p1b: Arcanine|Wild Charge|p2a: Iron Bundle\n|-supereffective|p2a: Iron Bundle\n|-damage|p2a: Iron Bundle|22\/100\n|-damage|p1b: Arcanine|81\/100|[from] Recoil\n|move|p2b: Farigiraf|Grass Knot|p1a: Gastrodon\n|-supereffective|p1a: Gastrodon\n|-damage|p1a: Gastrodon|0 fnt\n|faint|p1a: Gastrodon\n|\n|upkeep\n|\n|t:|1682924815\n|switch|p1a: Chien-Pao|Chien-Pao, L50|100\/100\n|-ability|p1a: Chien-Pao|Sword of Ruin\n|turn|2\n|\n|t:|1682924825\n|move|p1b: Arcanine|Protect|p1b: Arcanine\n|-singleturn|p1b: Arcanine|Protect\n|move|p2b: Farigiraf|Protect|p2b: Farigiraf\n|-singleturn|p2b: Farigiraf|Protect\n|move|p2a: Iron Bundle|Icy Wind|p1b: Arcanine|[spread] p1a\n|-activate|p1b: Arcanine|move: Protect\n|-resisted|p1a: Chien-Pao\n|-crit|p1a: Chien-Pao\n|-damage|p1a: Chien-Pao|81\/100\n|-unboost|p1a: Chien-Pao|spe|1\n|move|p1a: Chien-Pao|Haze|p1a: Chien-Pao\n|-clearallboost\n|\n|-activate|p2b: Farigiraf|ability: Cud Chew\n|-enditem|p2b: Farigiraf|Starf Berry|[eat]\n|-boost|p2b: Farigiraf|spe|2|[from] item: Starf Berry\n|upkeep\n|turn|3\n|\n|t:|1682924851\n|switch|p1a: Sylveon|Sylveon, L50, M, shiny|100\/100\n|-terastallize|p2b: Farigiraf|Normal\n|move|p2a: Iron Bundle|Freeze-Dry|p1b: Arcanine\n|-supereffective|p1b: Arcanine\n|-crit|p1b: Arcanine\n|-damage|p1b: Arcanine|0 fnt\n|faint|p1b: Arcanine\n|move|p2b: Farigiraf|Hyper Voice|p1a: Sylveon\n|-damage|p1a: Sylveon|68\/100\n|\n|upkeep\n|\n|t:|1682924861\n|switch|p1b: Chien-Pao|Chien-Pao, L50|81\/100\n|-ability|p1b: Chien-Pao|Sword of Ruin\n|turn|4\n|\n|t:|1682924875\n|move|p1b: Chien-Pao|Protect|p1b: Chien-Pao\n|-singleturn|p1b: Chien-Pao|Protect\n|move|p2a: Iron Bundle|Icy Wind|p1b: Chien-Pao|[spread] p1a\n|-activate|p1b: Chien-Pao|move: Protect\n|-damage|p1a: Sylveon|59\/100\n|-unboost|p1a: Sylveon|spe|1\n|move|p2b: Farigiraf|Hyper Voice|p1b: Chien-Pao|[spread] p1a\n|-activate|p1b: Chien-Pao|move: Protect\n|-damage|p1a: Sylveon|33\/100\n|-enditem|p1a: Sylveon|Sitrus Berry|[eat]\n|-heal|p1a: Sylveon|58\/100|[from] item: Sitrus Berry\n|move|p1a: Sylveon|Hyper Voice|p2a: Iron Bundle|[spread] p2a,p2b\n|-damage|p2a: Iron Bundle|0 fnt\n|-damage|p2b: Farigiraf|69\/100\n|faint|p2a: Iron Bundle\n|-end|p2a: Iron Bundle|Quark Drive|[silent]\n|\n|upkeep\n|\n|t:|1682924896\n|switch|p2a: Iron Treads|Iron Treads, L50|100\/100\n|turn|5\n|\n|t:|1682924914\n|move|p1a: Sylveon|Protect|p1a: Sylveon\n|-singleturn|p1a: Sylveon|Protect\n|move|p1b: Chien-Pao|Sacred Sword|p2b: Farigiraf\n|-supereffective|p2b: Farigiraf\n|-damage|p2b: Farigiraf|0 fnt\n|faint|p2b: Farigiraf\n|move|p2a: Iron Treads|Smart Strike|p1a: Sylveon\n|-activate|p1a: Sylveon|move: Protect\n|\n|upkeep\n|\n|t:|1682924924\n|switch|p2b: Cacturne|Cacturne, L50, F|100\/100\n|turn|6\n|\n|t:|1682924937\n|move|p2b: Cacturne|Spiky Shield|p2b: Cacturne\n|-singleturn|p2b: Cacturne|move: Protect\n|move|p1b: Chien-Pao|Sacred Sword|p2a: Iron Treads\n|-supereffective|p2a: Iron Treads\n|-crit|p2a: Iron Treads\n|-damage|p2a: Iron Treads|0 fnt\n|faint|p2a: Iron Treads\n|-end|p2a: Iron Treads|Quark Drive|[silent]\n|move|p1a: Sylveon|Hyper Voice|p2b: Cacturne\n|-activate|p2b: Cacturne|move: Protect\n|\n|upkeep\n|turn|7\n|-message|LilBadWord forfeited.\n|\n|win|Katkip\n|raw|Katkip's rating: 1031 → 1075<\/strong> (+44 for winning)\n|raw|LilBadWord's rating: 1118 → 1087<\/strong> (-31 for losing)\n|l|\u2606LilBadWord\n","uploadtime":1682924958,"views":22,"p1id":"katkip","p2id":"lilbadword","formatid":"gen9vgc2023regulationc","rating":1075,"private":0,"password":""}