{"id":"gen9vgc2023regulationc-1854899054","p1":"TopoDN","p2":"Betty23333","format":"[Gen 9] VGC 2023 Regulation C","log":"|j|\u2606TopoDN\n|j|\u2606Betty23333\n|t:|1682878540\n|gametype|doubles\n|player|p1|TopoDN|101|1065\n|player|p2|Betty23333|lass-gen4dp|1000\n|teamsize|p1|6\n|teamsize|p2|6\n|gen|9\n|tier|[Gen 9] VGC 2023 Regulation C\n|rated|\n|rule|Species Clause: Limit one of each Pok\u00e9mon\n|rule|Item Clause: Limit one of each item\n|clearpoke\n|poke|p1|Flutter Mane, L50|\n|poke|p1|Dragonite, L50, M|\n|poke|p1|Drednaw, L50, F|\n|poke|p1|Pelipper, L50, M|\n|poke|p1|Chien-Pao, L50|\n|poke|p1|Iron Bundle, L50|\n|poke|p2|Arcanine, L50, M|\n|poke|p2|Glaceon, L50, M|\n|poke|p2|Slowking, L50, M|\n|poke|p2|Mimikyu, L50, F|\n|poke|p2|Amoonguss, L50, M|\n|poke|p2|Abomasnow, L50, F|\n|teampreview|4\n|\n|t:|1682878583\n|start\n|switch|p1a: Pelipper|Pelipper, L50, M, shiny|100\/100\n|switch|p1b: Drednaw|Drednaw, L50, F, shiny|100\/100\n|switch|p2a: Amoonguss|Amoonguss, L50, M|100\/100\n|switch|p2b: Slowking|Slowking, L50, M|100\/100\n|-weather|RainDance|[from] ability: Drizzle|[of] p1a: Pelipper\n|turn|1\n|\n|t:|1682878600\n|-terastallize|p1b: Drednaw|Grass\n|move|p1b: Drednaw|Rock Slide|p2b: Slowking|[spread] p2a,p2b\n|-damage|p2a: Amoonguss|54\/100\n|-damage|p2b: Slowking|56\/100\n|move|p1a: Pelipper|Hurricane|p2a: Amoonguss\n|-supereffective|p2a: Amoonguss\n|-damage|p2a: Amoonguss|0 fnt\n|faint|p2a: Amoonguss\n|move|p2b: Slowking|Chilly Reception|p2b: Slowking\n|-weather|Snow\n|\n|t:|1682878614\n|switch|p2b: Glaceon|Glaceon, L50, M|100\/100|[from] Chilly Reception\n|\n|-weather|Snow|[upkeep]\n|upkeep\n|\n|t:|1682878631\n|switch|p2a: Abomasnow|Abomasnow, L50, F|100\/100\n|turn|2\n|\n|t:|1682878643\n|switch|p1a: Flutter Mane|Flutter Mane, L50|100\/100\n|-terastallize|p2b: Glaceon|Ice\n|move|p1b: Drednaw|Rock Slide|p2b: Glaceon|[spread] p2a\n|-miss|p1b: Drednaw|p2b: Glaceon\n|-supereffective|p2a: Abomasnow\n|-damage|p2a: Abomasnow|45\/100\n|move|p2b: Glaceon|Blizzard|p1a: Flutter Mane|[spread] p1a,p1b\n|-supereffective|p1b: Drednaw\n|-damage|p1a: Flutter Mane|35\/100\n|-damage|p1b: Drednaw|0 fnt\n|faint|p1b: Drednaw\n|move|p2a: Abomasnow|Aurora Veil|p2a: Abomasnow\n|-sidestart|p2: Betty23333|move: Aurora Veil\n|\n|-weather|Snow|[upkeep]\n|upkeep\n|\n|t:|1682878656\n|switch|p1b: Pelipper|Pelipper, L50, M, shiny|100\/100\n|-weather|RainDance|[from] ability: Drizzle|[of] p1b: Pelipper\n|turn|3\n|\n|t:|1682878692\n|switch|p2b: Slowking|Slowking, L50, M|89\/100\n|move|p1a: Flutter Mane|Dazzling Gleam|p2b: Slowking|[spread] p2a,p2b\n|-damage|p2a: Abomasnow|18\/100\n|-damage|p2b: Slowking|65\/100\n|-damage|p1a: Flutter Mane|25\/100|[from] item: Life Orb\n|move|p1b: Pelipper|Hurricane|p2a: Abomasnow\n|-supereffective|p2a: Abomasnow\n|-damage|p2a: Abomasnow|0 fnt\n|faint|p2a: Abomasnow\n|\n|-weather|RainDance|[upkeep]\n|upkeep\n|\n|t:|1682878696\n|switch|p2a: Glaceon|Glaceon, L50, M, tera:Ice|100\/100\n|turn|4\n|\n|t:|1682878721\n|move|p1a: Flutter Mane|Shadow Ball|p2a: Glaceon\n|-damage|p2a: Glaceon|59\/100\n|-damage|p1a: Flutter Mane|15\/100|[from] item: Life Orb\n|move|p1b: Pelipper|Tailwind|p1b: Pelipper\n|-sidestart|p1: TopoDN|move: Tailwind\n|move|p2a: Glaceon|Blizzard|p1a: Flutter Mane|[spread] p1a\n|-miss|p2a: Glaceon|p1b: Pelipper\n|-damage|p1a: Flutter Mane|0 fnt\n|faint|p1a: Flutter Mane\n|-end|p1a: Flutter Mane|Protosynthesis|[silent]\n|move|p2b: Slowking|Chilly Reception|p2b: Slowking\n|-weather|Snow\n|\n|-weather|Snow|[upkeep]\n|-heal|p2a: Glaceon|65\/100|[from] ability: Ice Body\n|-heal|p2a: Glaceon|71\/100|[from] item: Leftovers\n|upkeep\n|\n|t:|1682878737\n|switch|p1a: Dragonite|Dragonite, L50, M|100\/100\n|turn|5\n|\n|t:|1682878756\n|move|p2a: Glaceon|Protect|p2a: Glaceon\n|-singleturn|p2a: Glaceon|Protect\n|move|p1a: Dragonite|Low Kick|p2a: Glaceon\n|-activate|p2a: Glaceon|move: Protect\n|move|p1b: Pelipper|Hurricane|p2b: Slowking|[miss]\n|-miss|p1b: Pelipper|p2b: Slowking\n|move|p2b: Slowking|Trick Room|p2b: Slowking\n|-fieldstart|move: Trick Room|[of] p2b: Slowking\n|\n|-weather|Snow|[upkeep]\n|-heal|p2a: Glaceon|77\/100|[from] ability: Ice Body\n|-heal|p2a: Glaceon|82\/100|[from] item: Leftovers\n|upkeep\n|turn|6\n|\n|t:|1682878779\n|move|p2b: Slowking|Power Gem|p1a: Dragonite\n|-supereffective|p1a: Dragonite\n|-damage|p1a: Dragonite|75\/100\n|move|p2a: Glaceon|Freeze-Dry|p1b: Pelipper\n|-supereffective|p1b: Pelipper\n|-damage|p1b: Pelipper|0 fnt\n|faint|p1b: Pelipper\n|move|p1a: Dragonite|Low Kick|p2a: Glaceon\n|-supereffective|p2a: Glaceon\n|-crit|p2a: Glaceon\n|-damage|p2a: Glaceon|41\/100\n|\n|-weather|Snow|[upkeep]\n|-heal|p2a: Glaceon|46\/100|[from] ability: Ice Body\n|-heal|p2a: Glaceon|52\/100|[from] item: Leftovers\n|-sideend|p2: Betty23333|move: Aurora Veil\n|upkeep\n|turn|7\n|\n|t:|1682878796\n|move|p1a: Dragonite|Extreme Speed|p2a: Glaceon\n|-damage|p2a: Glaceon|31\/100\n|move|p2b: Slowking|Power Gem|p1a: Dragonite\n|-supereffective|p1a: Dragonite\n|-damage|p1a: Dragonite|24\/100\n|move|p2a: Glaceon|Blizzard|p1a: Dragonite\n|-supereffective|p1a: Dragonite\n|-damage|p1a: Dragonite|0 fnt\n|faint|p1a: Dragonite\n|\n|win|Betty23333\n|raw|TopoDN's rating: 1065 → 1042<\/strong> (-23 for losing)\n|raw|Betty23333's rating: 1000 → 1047<\/strong> (+47 for winning)\n","uploadtime":1682878805,"views":9,"p1id":"topodn","p2id":"betty23333","formatid":"gen9vgc2023regulationc","rating":1042,"private":0,"password":""}