{"id":"gen9vgc2023regulationc-1852370619","p1":"pokedot777","p2":"Foolafetti","format":"[Gen 9] VGC 2023 Regulation C","log":"|j|\u2606pokedot777\n|j|\u2606Foolafetti\n|t:|1682549327\n|gametype|doubles\n|player|p1|pokedot777|supernerd|1141\n|player|p2|Foolafetti|brycenman|1066\n|teamsize|p1|6\n|teamsize|p2|6\n|gen|9\n|tier|[Gen 9] VGC 2023 Regulation C\n|rated|\n|rule|Species Clause: Limit one of each Pok\u00e9mon\n|rule|Item Clause: Limit one of each item\n|clearpoke\n|poke|p1|Talonflame, L50, M|\n|poke|p1|Pelipper, L50, M|\n|poke|p1|Palafin, L50, F|\n|poke|p1|Amoonguss, L50, M|\n|poke|p1|Flutter Mane, L50|\n|poke|p1|Dragonite, L50, M|\n|poke|p2|Jumpluff, L50, F|\n|poke|p2|Torkoal, L50, F|\n|poke|p2|Flutter Mane, L50|\n|poke|p2|Chi-Yu, L50|\n|poke|p2|Great Tusk, L50|\n|poke|p2|Slaking, L50, M|\n|teampreview|4\n|\n|t:|1682549346\n|start\n|switch|p1a: Talonflame|Talonflame, L50, M|100\/100\n|switch|p1b: Palafin|Palafin, L50, F|100\/100\n|switch|p2a: Jumpluff|Jumpluff, L50, F|100\/100\n|switch|p2b: Torkoal|Torkoal, L50, F|100\/100\n|-weather|SunnyDay|[from] ability: Drought|[of] p2b: Torkoal\n|turn|1\n|\n|t:|1682549365\n|detailschange|p1b: Palafin|Palafin-Hero, L50, F\n|switch|p1b: Pelipper|Pelipper, L50, M|100\/100\n|-weather|RainDance|[from] ability: Drizzle|[of] p1b: Pelipper\n|move|p1a: Talonflame|Hurricane|p2a: Jumpluff\n|-supereffective|p2a: Jumpluff\n|-enditem|p2a: Jumpluff|Focus Sash\n|-damage|p2a: Jumpluff|1\/100\n|move|p2a: Jumpluff|Tailwind|p2a: Jumpluff\n|-sidestart|p2: Foolafetti|move: Tailwind\n|move|p2b: Torkoal|Eruption|p1a: Talonflame|[spread] p1a,p1b\n|-resisted|p1a: Talonflame\n|-crit|p1a: Talonflame\n|-resisted|p1b: Pelipper\n|-damage|p1a: Talonflame|85\/100\n|-damage|p1b: Pelipper|91\/100\n|\n|-weather|RainDance|[upkeep]\n|upkeep\n|turn|2\n|\n|t:|1682549397\n|switch|p2b: Flutter Mane|Flutter Mane, L50|100\/100\n|move|p2a: Jumpluff|Sleep Powder|p1a: Talonflame\n|-status|p1a: Talonflame|slp|[from] move: Sleep Powder\n|cant|p1a: Talonflame|slp\n|move|p1b: Pelipper|U-turn|p2a: Jumpluff\n|-damage|p2a: Jumpluff|0 fnt\n|faint|p2a: Jumpluff\n|\n|t:|1682549409\n|switch|p1b: Palafin|Palafin-Hero, L50, F|100\/100|[from] U-turn\n|-activate|p1b: Palafin|ability: Zero to Hero\n|\n|-weather|RainDance|[upkeep]\n|upkeep\n|\n|t:|1682549414\n|switch|p2a: Torkoal|Torkoal, L50, F|100\/100\n|-weather|SunnyDay|[from] ability: Drought|[of] p2a: Torkoal\n|-activate|p2b: Flutter Mane|ability: Protosynthesis\n|-start|p2b: Flutter Mane|protosynthesisspe\n|turn|3\n|\n|t:|1682549426\n|switch|p1a: Pelipper|Pelipper, L50, M|91\/100\n|-weather|RainDance|[from] ability: Drizzle|[of] p1a: Pelipper\n|-end|p2b: Flutter Mane|Protosynthesis\n|move|p1b: Palafin|Jet Punch|p2b: Flutter Mane\n|-damage|p2b: Flutter Mane|0 fnt\n|faint|p2b: Flutter Mane\n|-end|p2b: Flutter Mane|Protosynthesis|[silent]\n|move|p2a: Torkoal|Overheat|p1b: Palafin\n|-resisted|p1b: Palafin\n|-crit|p1b: Palafin\n|-damage|p1b: Palafin|83\/100\n|-unboost|p2a: Torkoal|spa|2\n|-enditem|p2a: Torkoal|Eject Pack\n|\n|t:|1682549437\n|switch|p2a: Chi-Yu|Chi-Yu, L50|100\/100\n|-ability|p2a: Chi-Yu|Beads of Ruin\n|\n|-weather|RainDance|[upkeep]\n|upkeep\n|\n|t:|1682549442\n|switch|p2b: Torkoal|Torkoal, L50, F|100\/100\n|-weather|SunnyDay|[from] ability: Drought|[of] p2b: Torkoal\n|turn|4\n|c|\u2606Foolafetti|we are ruining a weathermans day\n|\n|t:|1682549461\n|switch|p1a: Talonflame|Talonflame, L50, M|85\/100 slp\n|-terastallize|p2a: Chi-Yu|Dark\n|move|p1b: Palafin|Protect|p1b: Palafin\n|-singleturn|p1b: Palafin|Protect\n|move|p2a: Chi-Yu|Dark Pulse|p1b: Palafin\n|-activate|p1b: Palafin|move: Protect\n|move|p2b: Torkoal|Eruption|p1b: Palafin|[spread] p1a\n|-activate|p1b: Palafin|move: Protect\n|-resisted|p1a: Talonflame\n|-crit|p1a: Talonflame\n|-damage|p1a: Talonflame|27\/100 slp\n|\n|-weather|SunnyDay|[upkeep]\n|-sideend|p2: Foolafetti|move: Tailwind\n|upkeep\n|turn|5\n|\n|t:|1682549490\n|switch|p1a: Pelipper|Pelipper, L50, M|91\/100\n|-weather|RainDance|[from] ability: Drizzle|[of] p1a: Pelipper\n|move|p1b: Palafin|Jet Punch|p2a: Chi-Yu\n|-damage|p2a: Chi-Yu|0 fnt\n|faint|p2a: Chi-Yu\n|move|p2b: Torkoal|Eruption|p1b: Palafin|[spread] p1a,p1b\n|-resisted|p1a: Pelipper\n|-resisted|p1b: Palafin\n|-damage|p1a: Pelipper|82\/100\n|-damage|p1b: Palafin|75\/100\n|\n|-weather|RainDance|[upkeep]\n|upkeep\n|turn|6\n|\n|t:|1682549505\n|move|p1a: Pelipper|Wide Guard|p1a: Pelipper\n|-singleturn|p1a: Pelipper|Wide Guard\n|move|p1b: Palafin|Wave Crash|p2b: Torkoal\n|-supereffective|p2b: Torkoal\n|-crit|p2b: Torkoal\n|-damage|p2b: Torkoal|0 fnt\n|faint|p2b: Torkoal\n|-damage|p1b: Palafin|42\/100|[from] Recoil\n|\n|win|pokedot777\n|raw|pokedot777's rating: 1141 → 1161<\/strong> (+20 for winning)\n|raw|Foolafetti's rating: 1066 → 1050<\/strong> (-16 for losing)\n|l|\u2606Foolafetti\n|c|\u2606pokedot777|gg\n","uploadtime":1682549636,"views":18,"p1id":"pokedot777","p2id":"foolafetti","formatid":"gen9vgc2023regulationc","rating":1050,"private":0,"password":""}