{"id":"gen9vgc2023regulationc-1849674697","p1":"beekibeeki","p2":"DooT241","format":"[Gen 9] VGC 2023 Regulation C","log":"|j|\u2606beekibeeki\n|j|\u2606DooT241\n|t:|1682230011\n|gametype|doubles\n|player|p1|beekibeeki|102|1175\n|player|p2|DooT241|cynthia|1147\n|teamsize|p1|6\n|teamsize|p2|6\n|gen|9\n|tier|[Gen 9] VGC 2023 Regulation C\n|rated|\n|rule|Species Clause: Limit one of each Pok\u00e9mon\n|rule|Item Clause: Limit one of each item\n|clearpoke\n|poke|p1|Flutter Mane, L50|\n|poke|p1|Chi-Yu, L50|\n|poke|p1|Dachsbun, L50, F|\n|poke|p1|Palafin, L50, F|\n|poke|p1|Amoonguss, L50, M|\n|poke|p1|Arcanine, L50, F|\n|poke|p2|Scream Tail, L50|\n|poke|p2|Torkoal, L50, F|\n|poke|p2|Brute Bonnet, L50|\n|poke|p2|Farigiraf, L50, M|\n|poke|p2|Stonjourner, L50, M|\n|poke|p2|Flutter Mane, L50|\n|teampreview|4\nbeekibeeki has agreed to open team sheets.\n|inactive|Battle timer is ON: inactive players will automatically lose when time's up. (requested by DooT241)\n|\n|t:|1682230042\n|start\n|switch|p1a: Chi-Yu|Chi-Yu, L50|100\/100\n|switch|p1b: Dachsbun|Dachsbun, L50, F|100\/100\n|switch|p2a: Scream Tail|Scream Tail, L50|100\/100\n|switch|p2b: Stonjourner|Stonjourner, L50, M|100\/100\n|-ability|p1a: Chi-Yu|Beads of Ruin\n|turn|1\n|\n|t:|1682230062\n|move|p2b: Stonjourner|Wide Guard|p2b: Stonjourner\n|-singleturn|p2b: Stonjourner|Wide Guard\n|move|p1a: Chi-Yu|Lava Plume|p2a: Scream Tail|[spread] \n|-activate|p2a: Scream Tail|move: Wide Guard\n|-activate|p2b: Stonjourner|move: Wide Guard\n|-ability|p1b: Dachsbun|Well-Baked Body|boost\n|-boost|p1b: Dachsbun|def|2\n|move|p1b: Dachsbun|Body Press|p2b: Stonjourner\n|-supereffective|p2b: Stonjourner\n|-damage|p2b: Stonjourner|47\/100\n|move|p2a: Scream Tail|Trick Room|p2a: Scream Tail\n|-fieldstart|move: Trick Room|[of] p2a: Scream Tail\n|\n|-heal|p2b: Stonjourner|53\/100|[from] item: Leftovers\n|upkeep\n|turn|2\n|\n|t:|1682230079\n|move|p2b: Stonjourner|Rock Slide|p1a: Chi-Yu|[spread] p1b\n|-miss|p2b: Stonjourner|p1a: Chi-Yu\n|-damage|p1b: Dachsbun|92\/100\n|move|p2a: Scream Tail|Dazzling Gleam|p1a: Chi-Yu|[spread] p1a,p1b\n|-damage|p1a: Chi-Yu|80\/100\n|-damage|p1b: Dachsbun|58\/100\n|cant|p1b: Dachsbun|flinch\n|move|p1a: Chi-Yu|Lava Plume|p2a: Scream Tail|[spread] p2a,p2b\n|-ability|p1b: Dachsbun|Well-Baked Body|boost\n|-boost|p1b: Dachsbun|def|2\n|-resisted|p2b: Stonjourner\n|-damage|p2a: Scream Tail|77\/100\n|-damage|p2b: Stonjourner|2\/100\n|-status|p2b: Stonjourner|brn\n|\n|-heal|p2b: Stonjourner|8\/100 brn|[from] item: Leftovers\n|-heal|p1b: Dachsbun|63\/100|[from] item: Leftovers\n|-damage|p2b: Stonjourner|2\/100 brn|[from] brn\n|upkeep\n|turn|3\n|\n|t:|1682230100\n|move|p2b: Stonjourner|Rock Slide|p1b: Dachsbun|[spread] p1a,p1b\n|-supereffective|p1a: Chi-Yu\n|-damage|p1a: Chi-Yu|40\/100\n|-damage|p1b: Dachsbun|61\/100\n|move|p2a: Scream Tail|Dazzling Gleam|p1b: Dachsbun|[spread] p1a,p1b\n|-damage|p1a: Chi-Yu|20\/100\n|-damage|p1b: Dachsbun|25\/100\n|move|p1b: Dachsbun|Body Press|p2a: Scream Tail\n|-resisted|p2a: Scream Tail\n|-damage|p2a: Scream Tail|59\/100\n|move|p1a: Chi-Yu|Lava Plume|p2b: Stonjourner|[spread] p2a,p2b\n|-ability|p1b: Dachsbun|Well-Baked Body|boost\n|-boost|p1b: Dachsbun|def|2\n|-resisted|p2b: Stonjourner\n|-crit|p2b: Stonjourner\n|-damage|p2a: Scream Tail|37\/100\n|-damage|p2b: Stonjourner|0 fnt\n|faint|p2b: Stonjourner\n|\n|-heal|p1b: Dachsbun|31\/100|[from] item: Leftovers\n|upkeep\n|\n|t:|1682230116\n|switch|p2b: Brute Bonnet|Brute Bonnet, L50|100\/100\n|-enditem|p2b: Brute Bonnet|Booster Energy\n|-activate|p2b: Brute Bonnet|ability: Protosynthesis|[fromitem]\n|-start|p2b: Brute Bonnet|protosynthesisatk\n|turn|4\n|\n|t:|1682230135\n|switch|p1a: Amoonguss|Amoonguss, L50, M|100\/100\n|move|p1b: Dachsbun|Protect|p1b: Dachsbun\n|-singleturn|p1b: Dachsbun|Protect\n|move|p2b: Brute Bonnet|Spore|p1b: Dachsbun\n|-activate|p1b: Dachsbun|move: Protect\n|move|p2a: Scream Tail|Dazzling Gleam|p1b: Dachsbun|[spread] p1a\n|-activate|p1b: Dachsbun|move: Protect\n|-resisted|p1a: Amoonguss\n|-damage|p1a: Amoonguss|94\/100\n|\n|-heal|p1b: Dachsbun|37\/100|[from] item: Leftovers\n|upkeep\n|turn|5\n|\n|t:|1682230160\n|move|p1a: Amoonguss|Pollen Puff|p1b: Dachsbun\n|-heal|p1b: Dachsbun|87\/100\n|move|p2b: Brute Bonnet|Spore|p1b: Dachsbun\n|-status|p1b: Dachsbun|slp|[from] move: Spore\n|move|p2a: Scream Tail|Fake Tears|p1a: Amoonguss\n|-unboost|p1a: Amoonguss|spd|2\n|cant|p1b: Dachsbun|slp\n|\n|-heal|p1b: Dachsbun|93\/100 slp|[from] item: Leftovers\n|-fieldend|move: Trick Room\n|upkeep\n|turn|6\n|\n|t:|1682230175\n|move|p2b: Brute Bonnet|Sucker Punch||[still]\n|-fail|p2b: Brute Bonnet\n|cant|p1b: Dachsbun|slp\n|move|p1a: Amoonguss|Spore|p2a: Scream Tail\n|-status|p2a: Scream Tail|slp|[from] move: Spore\n|cant|p2a: Scream Tail|slp\n|\n|-heal|p1b: Dachsbun|99\/100 slp|[from] item: Leftovers\n|upkeep\n|turn|7\n|\n|t:|1682230190\n|-curestatus|p1b: Dachsbun|slp|[msg]\n|move|p1b: Dachsbun|Body Press|p2a: Scream Tail\n|-resisted|p2a: Scream Tail\n|-damage|p2a: Scream Tail|16\/100 slp\n|move|p2b: Brute Bonnet|Seed Bomb|p1b: Dachsbun\n|-damage|p1b: Dachsbun|88\/100\n|move|p1a: Amoonguss|Pollen Puff|p2b: Brute Bonnet\n|-supereffective|p2b: Brute Bonnet\n|-damage|p2b: Brute Bonnet|45\/100\n|cant|p2a: Scream Tail|slp\n|\n|-heal|p1b: Dachsbun|94\/100|[from] item: Leftovers\n|upkeep\n|turn|8\n|\n|t:|1682230208\n|move|p2b: Brute Bonnet|Sucker Punch|p1a: Amoonguss\n|-damage|p1a: Amoonguss|57\/100\n|move|p1b: Dachsbun|Body Press|p2a: Scream Tail\n|-resisted|p2a: Scream Tail\n|-crit|p2a: Scream Tail\n|-damage|p2a: Scream Tail|0 fnt\n|faint|p2a: Scream Tail\n|-end|p2a: Scream Tail|Protosynthesis|[silent]\n|move|p1a: Amoonguss|Pollen Puff|p2b: Brute Bonnet\n|-supereffective|p2b: Brute Bonnet\n|-damage|p2b: Brute Bonnet|0 fnt\n|faint|p2b: Brute Bonnet\n|-end|p2b: Brute Bonnet|Protosynthesis|[silent]\n|\n|-heal|p1b: Dachsbun|99\/100|[from] item: Leftovers\n|upkeep\n|\n|t:|1682230221\n|switch|p2b: Flutter Mane|Flutter Mane, L50|100\/100\n|turn|9\n|\n|t:|1682230232\n|-terastallize|p2b: Flutter Mane|Ghost\n|move|p2b: Flutter Mane|Shadow Ball|p1a: Amoonguss\n|-damage|p1a: Amoonguss|0 fnt\n|faint|p1a: Amoonguss\n|-damage|p2b: Flutter Mane|90\/100|[from] item: Life Orb\n|move|p1b: Dachsbun|Play Rough|p2b: Flutter Mane|[miss]\n|-miss|p1b: Dachsbun|p2b: Flutter Mane\n|\n|-heal|p1b: Dachsbun|100\/100|[from] item: Leftovers\n|upkeep\n|\n|t:|1682230239\n|switch|p1a: Arcanine|Arcanine, L50, F|100\/100\n|-ability|p1a: Arcanine|Intimidate|boost\n|-unboost|p2b: Flutter Mane|atk|1\n|turn|10\n|\n|t:|1682230247\n|move|p1b: Dachsbun|Helping Hand|p1a: Arcanine\n|-singleturn|p1a: Arcanine|Helping Hand|[of] p1b: Dachsbun\n|move|p2b: Flutter Mane|Shadow Ball|p1a: Arcanine\n|-damage|p1a: Arcanine|23\/100\n|-damage|p2b: Flutter Mane|80\/100|[from] item: Life Orb\n|move|p1a: Arcanine|Flare Blitz|p2b: Flutter Mane\n|-damage|p2b: Flutter Mane|0 fnt\n|faint|p2b: Flutter Mane\n|-end|p2b: Flutter Mane|Protosynthesis|[silent]\n|-damage|p1a: Arcanine|6\/100|[from] Recoil\n|\n|win|beekibeeki\n|raw|beekibeeki's rating: 1175 → 1198<\/strong> (+23 for winning)\n|raw|DooT241's rating: 1147 → 1124<\/strong> (-23 for losing)\n|c|\u2606beekibeeki|gg\n|l|\u2606DooT241\n","uploadtime":1682230262,"views":21,"p1id":"beekibeeki","p2id":"doot241","formatid":"gen9vgc2023regulationc","rating":1124,"private":0,"password":""}