{"id":"gen9vgc2023regulationc-1860408123","p1":"wennoboi","p2":"cabraK","format":"[Gen 9] VGC 2023 Regulation C","log":"|j|\u2606wennoboi\n|j|\u2606cabraK\n|t:|1683641595\n|gametype|doubles\n|player|p1|wennoboi|backpacker|1121\n|player|p2|cabraK|cheryl|1142\n|teamsize|p1|6\n|teamsize|p2|6\n|gen|9\n|tier|[Gen 9] VGC 2023 Regulation C\n|rated|\n|rule|Species Clause: Limit one of each Pok\u00e9mon\n|rule|Item Clause: Limit one of each item\n|clearpoke\n|poke|p1|Torkoal, L50, M|\n|poke|p1|Scizor, L50, M|\n|poke|p1|Chi-Yu, L50|\n|poke|p1|Gyarados, L50, M|\n|poke|p1|Amoonguss, L50, F|\n|poke|p1|Talonflame, L50, M|\n|poke|p2|Cyclizar, L50, M|\n|poke|p2|Palafin, L50, F|\n|poke|p2|Iron Hands, L50|\n|poke|p2|Flutter Mane, L50|\n|poke|p2|Amoonguss, L50, F|\n|poke|p2|Arcanine, L50, F|\n|teampreview|4\n|\n|t:|1683641606\n|start\n|switch|p1a: Torkoal|Torkoal, L50, M|100\/100\n|switch|p1b: Scizor|Scizor, L50, M|100\/100\n|switch|p2a: Palafin|Palafin, L50, F|100\/100\n|switch|p2b: Cyclizar|Cyclizar, L50, M|100\/100\n|-weather|SunnyDay|[from] ability: Drought|[of] p1a: Torkoal\n|turn|1\n|\n|t:|1683641623\n|detailschange|p2a: Palafin|Palafin-Hero, L50, F\n|switch|p2a: Arcanine|Arcanine, L50, F|100\/100\n|-ability|p2a: Arcanine|Intimidate|boost\n|-unboost|p1a: Torkoal|atk|1\n|-unboost|p1b: Scizor|atk|1\n|move|p2b: Cyclizar|Shed Tail|p2b: Cyclizar\n|-start|p2b: Cyclizar|Substitute|[from] move: Shed Tail\n|-damage|p2b: Cyclizar|50\/100\n|\n|t:|1683641631\n|switch|p2b: Palafin|Palafin-Hero, L50, F|100\/100|[from] Shed Tail\n|-activate|p2b: Palafin|ability: Zero to Hero\n|move|p1b: Scizor|Close Combat|p2b: Palafin\n|-end|p2b: Palafin|Substitute\n|-unboost|p1b: Scizor|def|1\n|-unboost|p1b: Scizor|spd|1\n|-damage|p1b: Scizor|91\/100|[from] item: Life Orb\n|move|p1a: Torkoal|Heat Wave|p2b: Palafin|[spread] p2a,p2b\n|-resisted|p2a: Arcanine\n|-resisted|p2b: Palafin\n|-damage|p2a: Arcanine|77\/100\n|-damage|p2b: Palafin|73\/100\n|\n|-weather|SunnyDay|[upkeep]\n|upkeep\n|turn|2\n|\n|t:|1683641654\n|switch|p1b: Gyarados|Gyarados, L50, M|100\/100\n|-ability|p1b: Gyarados|Intimidate|boost\n|-unboost|p2a: Arcanine|atk|1\n|-unboost|p2b: Palafin|atk|1\n|move|p2b: Palafin|Wave Crash|p1a: Torkoal\n|-supereffective|p1a: Torkoal\n|-damage|p1a: Torkoal|54\/100\n|-damage|p2b: Palafin|58\/100|[from] Recoil\n|move|p2a: Arcanine|Flare Blitz|p1b: Gyarados\n|-resisted|p1b: Gyarados\n|-damage|p1b: Gyarados|65\/100\n|-damage|p2a: Arcanine|63\/100|[from] Recoil\n|move|p1a: Torkoal|Heat Wave|p2b: Palafin|[spread] p2a,p2b\n|-resisted|p2a: Arcanine\n|-resisted|p2b: Palafin\n|-damage|p2a: Arcanine|36\/100\n|-damage|p2b: Palafin|32\/100\n|\n|-weather|SunnyDay|[upkeep]\n|upkeep\n|turn|3\n|\n|t:|1683641679\n|switch|p2a: Cyclizar|Cyclizar, L50, M|84\/100\n|move|p1a: Torkoal|Protect|p1a: Torkoal\n|-singleturn|p1a: Torkoal|Protect\n|move|p2b: Palafin|Flip Turn|p1a: Torkoal\n|-activate|p1a: Torkoal|move: Protect\n|move|p1b: Gyarados|Thunder Wave|p2b: Palafin\n|-status|p2b: Palafin|par\n|\n|-weather|SunnyDay|[upkeep]\n|upkeep\n|turn|4\n|\n|t:|1683641708\n|move|p2a: Cyclizar|Shed Tail|p2a: Cyclizar\n|-start|p2a: Cyclizar|Substitute|[from] move: Shed Tail\n|-damage|p2a: Cyclizar|33\/100\n|\n|t:|1683641711\n|switch|p2a: Flutter Mane|Flutter Mane, L50|100\/100|[from] Shed Tail\n|-activate|p2a: Flutter Mane|ability: Protosynthesis\n|-start|p2a: Flutter Mane|protosynthesisspe\n|move|p1b: Gyarados|Waterfall|p2a: Flutter Mane\n|-end|p2a: Flutter Mane|Substitute\n|move|p2b: Palafin|Flip Turn|p1a: Torkoal\n|-supereffective|p1a: Torkoal\n|-damage|p1a: Torkoal|27\/100\n|-enditem|p1a: Torkoal|Sitrus Berry|[eat]\n|-heal|p1a: Torkoal|52\/100|[from] item: Sitrus Berry\n|\n|t:|1683641723\n|switch|p2b: Cyclizar|Cyclizar, L50, M|67\/100|[from] Flip Turn\n|move|p1a: Torkoal|Heat Wave|p2a: Flutter Mane|[spread] p2a,p2b\n|-resisted|p2b: Cyclizar\n|-damage|p2a: Flutter Mane|50\/100\n|-damage|p2b: Cyclizar|34\/100\n|\n|-weather|SunnyDay|[upkeep]\n|upkeep\n|turn|5\n|\n|t:|1683641742\n|switch|p2b: Arcanine|Arcanine, L50, F|36\/100\n|-ability|p2b: Arcanine|Intimidate|boost\n|-unboost|p1a: Torkoal|atk|1\n|-unboost|p1b: Gyarados|atk|1\n|move|p1a: Torkoal|Protect|p1a: Torkoal\n|-singleturn|p1a: Torkoal|Protect\n|move|p2a: Flutter Mane|Power Gem|p1b: Gyarados\n|-supereffective|p1b: Gyarados\n|-damage|p1b: Gyarados|0 fnt\n|faint|p1b: Gyarados\n|\n|-weather|none\n|-end|p2a: Flutter Mane|Protosynthesis\n|upkeep\n|\n|t:|1683641759\n|switch|p1b: Chi-Yu|Chi-Yu, L50|100\/100\n|-ability|p1b: Chi-Yu|Beads of Ruin\n|turn|6\n|\n|t:|1683641779\n|-terastallize|p1b: Chi-Yu|Fire\n|move|p1a: Torkoal|Helping Hand|p1b: Chi-Yu\n|-singleturn|p1b: Chi-Yu|Helping Hand|[of] p1a: Torkoal\n|move|p2b: Arcanine|Extreme Speed|p1b: Chi-Yu\n|-damage|p1b: Chi-Yu|61\/100\n|move|p1b: Chi-Yu|Heat Wave|p2b: Arcanine|[spread] p2b\n|-miss|p1b: Chi-Yu|p2a: Flutter Mane\n|-resisted|p2b: Arcanine\n|-damage|p2b: Arcanine|0 fnt\n|faint|p2b: Arcanine\n|move|p2a: Flutter Mane|Power Gem|p1b: Chi-Yu\n|-supereffective|p1b: Chi-Yu\n|-damage|p1b: Chi-Yu|0 fnt\n|faint|p1b: Chi-Yu\n|\n|upkeep\n|\n|t:|1683641807\n|switch|p1b: Scizor|Scizor, L50, M|91\/100\n|switch|p2b: Cyclizar|Cyclizar, L50, M|67\/100\n|turn|7\n|\n|t:|1683641825\n|move|p1b: Scizor|Bullet Punch|p2a: Flutter Mane\n|-supereffective|p2a: Flutter Mane\n|-damage|p2a: Flutter Mane|0 fnt\n|faint|p2a: Flutter Mane\n|-end|p2a: Flutter Mane|Protosynthesis|[silent]\n|-damage|p1b: Scizor|81\/100|[from] item: Life Orb\n|move|p2b: Cyclizar|Shed Tail|p2b: Cyclizar\n|-start|p2b: Cyclizar|Substitute|[from] move: Shed Tail\n|-damage|p2b: Cyclizar|17\/100\n|\n|t:|1683641834\n|switch|p2b: Palafin|Palafin-Hero, L50, F|32\/100 par|[from] Shed Tail\n|move|p1a: Torkoal|Heat Wave|p2b: Palafin\n|-resisted|p2b: Palafin\n|-activate|p2b: Palafin|move: Substitute|[damage]\n|\n|upkeep\n|\n|t:|1683641837\n|switch|p2a: Cyclizar|Cyclizar, L50, M|50\/100\n|turn|8\n|\n|t:|1683641867\n|move|p1b: Scizor|Bullet Punch|p2a: Cyclizar\n|-damage|p2a: Cyclizar|0 fnt\n|faint|p2a: Cyclizar\n|-damage|p1b: Scizor|72\/100|[from] item: Life Orb\n|move|p2b: Palafin|Wave Crash|p1a: Torkoal\n|-supereffective|p1a: Torkoal\n|-damage|p1a: Torkoal|0 fnt\n|faint|p1a: Torkoal\n|-damage|p2b: Palafin|16\/100 par|[from] Recoil\n|\n|upkeep\n|turn|9\n|\n|t:|1683641883\n|-terastallize|p2b: Palafin|Water\n|move|p1b: Scizor|Bullet Punch|p2b: Palafin\n|-resisted|p2b: Palafin\n|-end|p2b: Palafin|Substitute\n|-damage|p1b: Scizor|62\/100|[from] item: Life Orb\n|move|p2b: Palafin|Wave Crash|p1b: Scizor\n|-damage|p1b: Scizor|0 fnt\n|faint|p1b: Scizor\n|-damage|p2b: Palafin|0 fnt|[from] Recoil\n|faint|p2b: Palafin\n|\n|win|cabraK\n|raw|wennoboi's rating: 1121 → 1098<\/strong> (-23 for losing)\n|raw|cabraK's rating: 1142 → 1165<\/strong> (+23 for winning)\n|l|\u2606wennoboi\n","uploadtime":1683641897,"views":8,"p1id":"wennoboi","p2id":"cabrak","formatid":"gen9vgc2023regulationc","rating":1098,"private":0,"password":""}