{"id":"gen9vgc2023regulationc-1862301384","p1":"foiledfeline","p2":"EliteFourWill23","format":"[Gen 9] VGC 2023 Regulation C","log":"|j|\u2606foiledfeline\n|j|\u2606EliteFourWill23\n|t:|1683862090\n|gametype|doubles\n|player|p1|foiledfeline|steven|1320\n|player|p2|EliteFourWill23|lance|1273\n|teamsize|p1|6\n|teamsize|p2|6\n|gen|9\n|tier|[Gen 9] VGC 2023 Regulation C\n|rated|\n|rule|Species Clause: Limit one of each Pok\u00e9mon\n|rule|Item Clause: Limit one of each item\n|clearpoke\n|poke|p1|Chi-Yu, L50|\n|poke|p1|Talonflame, L50, M|\n|poke|p1|Breloom, L50, M|\n|poke|p1|Gyarados, L50, M|\n|poke|p1|Garchomp, L50, F|\n|poke|p1|Flutter Mane, L50|\n|poke|p2|Chien-Pao, L50|\n|poke|p2|Dragonite, L50, F|\n|poke|p2|Great Tusk, L50|\n|poke|p2|Kingambit, L50, F|\n|poke|p2|Flutter Mane, L50|\n|poke|p2|Iron Bundle, L50|\n|teampreview|4\nfoiledfeline has agreed to open team sheets.\nEliteFourWill23 has agreed to open team sheets.\n|\n|t:|1683862161\n|start\n|switch|p1a: Talonflame|Talonflame, L50, M|100\/100\n|switch|p1b: Garchomp|Garchomp, L50, F|100\/100\n|switch|p2a: Great Tusk|Great Tusk, L50|100\/100\n|switch|p2b: Kingambit|Kingambit, L50, F|100\/100\n|turn|1\n|\n|t:|1683862192\n|-terastallize|p2a: Great Tusk|Fire\n|move|p1a: Talonflame|Tailwind|p1a: Talonflame\n|-sidestart|p1: foiledfeline|move: Tailwind\n|move|p1b: Garchomp|Dragon Claw|p2a: Great Tusk\n|-damage|p2a: Great Tusk|65\/100\n|move|p2a: Great Tusk|Ice Spinner|p1b: Garchomp\n|-supereffective|p1b: Garchomp\n|-damage|p1b: Garchomp|0 fnt\n|-damage|p2a: Great Tusk|53\/100|[from] ability: Rough Skin|[of] p1b: Garchomp\n|faint|p1b: Garchomp\n|move|p2b: Kingambit|Assurance|p1a: Talonflame\n|-damage|p1a: Talonflame|43\/100\n|\n|upkeep\n|\n|t:|1683862204\n|switch|p1b: Flutter Mane|Flutter Mane, L50|100\/100\n|-enditem|p1b: Flutter Mane|Booster Energy\n|-activate|p1b: Flutter Mane|ability: Protosynthesis|[fromitem]\n|-start|p1b: Flutter Mane|protosynthesisspa\n|turn|2\n|\n|t:|1683862227\n|move|p2b: Kingambit|Sucker Punch|p1b: Flutter Mane\n|-damage|p1b: Flutter Mane|42\/100\n|move|p1a: Talonflame|Flare Blitz|p2b: Kingambit\n|-supereffective|p2b: Kingambit\n|-damage|p2b: Kingambit|9\/100\n|-status|p2b: Kingambit|brn\n|-damage|p1a: Talonflame|2\/100|[from] Recoil\n|-damage|p1a: Talonflame|0 fnt|[from] item: Life Orb\n|faint|p1a: Talonflame\n|move|p1b: Flutter Mane|Shadow Ball|p2a: Great Tusk\n|-damage|p2a: Great Tusk|0 fnt\n|faint|p2a: Great Tusk\n|-end|p2a: Great Tusk|Protosynthesis|[silent]\n|\n|-damage|p2b: Kingambit|3\/100 brn|[from] brn\n|upkeep\n|\n|t:|1683862241\n|switch|p1a: Breloom|Breloom, L50, M|100\/100\n|switch|p2a: Chien-Pao|Chien-Pao, L50|100\/100\n|-ability|p2a: Chien-Pao|Sword of Ruin\n|turn|3\n|\n|t:|1683862258\n|move|p1b: Flutter Mane|Protect|p1b: Flutter Mane\n|-singleturn|p1b: Flutter Mane|Protect\n|move|p1a: Breloom|Protect|p1a: Breloom\n|-singleturn|p1a: Breloom|Protect\n|move|p2a: Chien-Pao|Protect|p2a: Chien-Pao\n|-singleturn|p2a: Chien-Pao|Protect\n|move|p2b: Kingambit|Sucker Punch||[still]\n|-fail|p2b: Kingambit\n|\n|-damage|p2b: Kingambit|0 fnt|[from] brn\n|faint|p2b: Kingambit\n|upkeep\n|\n|t:|1683862269\n|switch|p2b: Dragonite|Dragonite, L50, F|100\/100\n|turn|4\n|\n|t:|1683862281\n|-terastallize|p1a: Breloom|Water\n|move|p2a: Chien-Pao|Protect|p2a: Chien-Pao\n|-singleturn|p2a: Chien-Pao|Protect\n|move|p1a: Breloom|Mach Punch|p2a: Chien-Pao\n|-activate|p2a: Chien-Pao|move: Protect\n|move|p1b: Flutter Mane|Moonblast|p2b: Dragonite\n|-supereffective|p2b: Dragonite\n|-damage|p2b: Dragonite|0 fnt\n|faint|p2b: Dragonite\n|\n|-sideend|p1: foiledfeline|move: Tailwind\n|upkeep\n|turn|5\n|\n|t:|1683862295\n|move|p1a: Breloom|Mach Punch|p2a: Chien-Pao\n|-supereffective|p2a: Chien-Pao\n|-enditem|p2a: Chien-Pao|Focus Sash\n|-damage|p2a: Chien-Pao|1\/100\n|move|p2a: Chien-Pao|Ice Spinner|p1a: Breloom\n|-resisted|p1a: Breloom\n|-damage|p1a: Breloom|62\/100\n|move|p1b: Flutter Mane|Moonblast|p2a: Chien-Pao\n|-supereffective|p2a: Chien-Pao\n|-damage|p2a: Chien-Pao|0 fnt\n|faint|p2a: Chien-Pao\n|\n|win|foiledfeline\n|raw|foiledfeline's rating: 1320 → 1337<\/strong> (+17 for winning)\n|raw|EliteFourWill23's rating: 1273 → 1251<\/strong> (-22 for losing)\n|l|\u2606EliteFourWill23\n","uploadtime":1683862308,"views":12,"p1id":"foiledfeline","p2id":"elitefourwill23","formatid":"gen9vgc2023regulationc","rating":1251,"private":0,"password":""}