{"id":"gen9vgc2023regulationc-1854925762","p1":"subnori","p2":"pcltr","format":"[Gen 9] VGC 2023 Regulation C","log":"|j|\u2606subnori\n|j|\u2606pcltr\n|t:|1682881459\n|gametype|doubles\n|player|p1|subnori|youngcouple-gen4dp|1030\n|player|p2|pcltr|cynthia-gen4|1153\n|teamsize|p1|6\n|teamsize|p2|6\n|gen|9\n|tier|[Gen 9] VGC 2023 Regulation C\n|rated|\n|rule|Species Clause: Limit one of each Pok\u00e9mon\n|rule|Item Clause: Limit one of each item\n|clearpoke\n|poke|p1|Abomasnow, L50, F|\n|poke|p1|Cetitan, L50, M|\n|poke|p1|Altaria, L50, M|\n|poke|p1|Amoonguss, L50, M|\n|poke|p1|Eiscue, L50, M|\n|poke|p1|Salamence, L50, F|\n|poke|p2|Roaring Moon, L50|\n|poke|p2|Klefki, L50, F|\n|poke|p2|Chi-Yu, L50|\n|poke|p2|Garchomp, L50, F|\n|poke|p2|Iron Bundle, L50|\n|poke|p2|Hatterene, L50, F|\n|teampreview|4\nsubnori has agreed to open team sheets.\n|\n|t:|1682881507\n|start\n|switch|p1a: Abomasnow|Abomasnow, L50, F|100\/100\n|switch|p1b: Salamence|Salamence, L50, F|100\/100\n|switch|p2a: Chi-Yu|Chi-Yu, L50|100\/100\n|switch|p2b: Klefki|Klefki, L50, F|100\/100\n|-ability|p1b: Salamence|Intimidate|boost\n|-unboost|p2a: Chi-Yu|atk|1\n|-unboost|p2b: Klefki|atk|1\n|-ability|p2a: Chi-Yu|Beads of Ruin\n|-weather|Snow|[from] ability: Snow Warning|[of] p1a: Abomasnow\n|turn|1\n|inactive|Battle timer is ON: inactive players will automatically lose when time's up. (requested by pcltr)\n|\n|t:|1682881522\n|move|p2a: Chi-Yu|Protect|p2a: Chi-Yu\n|-singleturn|p2a: Chi-Yu|Protect\n|move|p2b: Klefki|Reflect|p2b: Klefki\n|-sidestart|p2: pcltr|Reflect\n|move|p1b: Salamence|Tailwind|p1b: Salamence\n|-sidestart|p1: subnori|move: Tailwind\n|move|p1a: Abomasnow|Aurora Veil|p1a: Abomasnow\n|-sidestart|p1: subnori|move: Aurora Veil\n|\n|-weather|Snow|[upkeep]\n|upkeep\n|turn|2\n|\n|t:|1682881534\n|move|p1b: Salamence|Rock Slide|p2b: Klefki|[spread] p2a,p2b\n|-supereffective|p2a: Chi-Yu\n|-resisted|p2b: Klefki\n|-damage|p2a: Chi-Yu|75\/100\n|-damage|p2b: Klefki|95\/100\n|move|p1a: Abomasnow|Leech Seed|p2b: Klefki\n|-start|p2b: Klefki|move: Leech Seed\n|cant|p2a: Chi-Yu|flinch\n|move|p2b: Klefki|Foul Play|p1b: Salamence\n|-damage|p1b: Salamence|77\/100\n|\n|-weather|Snow|[upkeep]\n|-heal|p1b: Salamence|83\/100|[from] item: Leftovers\n|-heal|p2a: Chi-Yu|82\/100|[from] item: Leftovers\n|-damage|p2b: Klefki|83\/100|[from] Leech Seed|[of] p1a: Abomasnow\n|upkeep\n|turn|3\n|\n|t:|1682881557\n|move|p1b: Salamence|Rock Slide|p2b: Klefki|[spread] p2a,p2b\n|-supereffective|p2a: Chi-Yu\n|-resisted|p2b: Klefki\n|-damage|p2a: Chi-Yu|54\/100\n|-damage|p2b: Klefki|77\/100\n|move|p1a: Abomasnow|Leech Seed|p2a: Chi-Yu\n|-start|p2a: Chi-Yu|move: Leech Seed\n|cant|p2a: Chi-Yu|flinch\n|cant|p2b: Klefki|flinch\n|\n|-weather|Snow|[upkeep]\n|-heal|p1b: Salamence|89\/100|[from] item: Leftovers\n|-heal|p2a: Chi-Yu|60\/100|[from] item: Leftovers\n|-damage|p2a: Chi-Yu|48\/100|[from] Leech Seed|[of] p1a: Abomasnow\n|-damage|p2b: Klefki|65\/100|[from] Leech Seed|[of] p1a: Abomasnow\n|upkeep\n|turn|4\n|\n|t:|1682881573\n|move|p1b: Salamence|Rock Slide|p2b: Klefki|[spread] p2a,p2b\n|-supereffective|p2a: Chi-Yu\n|-resisted|p2b: Klefki\n|-damage|p2a: Chi-Yu|19\/100\n|-damage|p2b: Klefki|59\/100\n|move|p1a: Abomasnow|Blizzard|p2a: Chi-Yu|[spread] p2a,p2b\n|-resisted|p2a: Chi-Yu\n|-resisted|p2b: Klefki\n|-damage|p2a: Chi-Yu|5\/100\n|-damage|p2b: Klefki|41\/100\n|cant|p2a: Chi-Yu|flinch\n|move|p2b: Klefki|Foul Play|p1a: Abomasnow\n|-damage|p1a: Abomasnow|90\/100\n|\n|-weather|Snow|[upkeep]\n|-heal|p1b: Salamence|95\/100|[from] item: Leftovers\n|-heal|p2a: Chi-Yu|11\/100|[from] item: Leftovers\n|-damage|p2a: Chi-Yu|0 fnt|[from] Leech Seed|[of] p1a: Abomasnow\n|-heal|p1a: Abomasnow|99\/100|[silent]\n|faint|p2a: Chi-Yu\n|-damage|p2b: Klefki|29\/100|[from] Leech Seed|[of] p1a: Abomasnow\n|-heal|p1a: Abomasnow|100\/100|[silent]\n|-sideend|p1: subnori|move: Tailwind\n|upkeep\n|\n|t:|1682881592\n|switch|p2a: Iron Bundle|Iron Bundle, L50|100\/100\n|turn|5\n|\n|t:|1682881605\n|move|p2b: Klefki|Thunder Wave|p1a: Abomasnow\n|-status|p1a: Abomasnow|par\n|move|p2a: Iron Bundle|Freeze-Dry|p1b: Salamence\n|-supereffective|p1b: Salamence\n|-damage|p1b: Salamence|0 fnt\n|faint|p1b: Salamence\n|move|p1a: Abomasnow|Leech Seed|p2a: Iron Bundle\n|-start|p2a: Iron Bundle|move: Leech Seed\n|\n|-weather|none\n|-damage|p2a: Iron Bundle|88\/100|[from] Leech Seed|[of] p1a: Abomasnow\n|-damage|p2b: Klefki|16\/100|[from] Leech Seed|[of] p1a: Abomasnow\n|-sideend|p1: subnori|move: Aurora Veil\n|upkeep\n|\n|t:|1682881622\n|switch|p1b: Cetitan|Cetitan, L50, M|100\/100\n|turn|6\n|\n|t:|1682881641\n|switch|p1a: Amoonguss|Amoonguss, L50, M|100\/100\n|move|p2a: Iron Bundle|Freeze-Dry|p1b: Cetitan\n|-resisted|p1b: Cetitan\n|-damage|p1b: Cetitan|81\/100\n|move|p1b: Cetitan|Earthquake|p2b: Klefki|[spread] p1a,p2a,p2b\n|-supereffective|p2b: Klefki\n|-damage|p1a: Amoonguss|72\/100\n|-damage|p2a: Iron Bundle|60\/100\n|-damage|p2b: Klefki|0 fnt\n|faint|p2b: Klefki\n|\n|-damage|p2a: Iron Bundle|48\/100|[from] Leech Seed|[of] p1a: Amoonguss\n|-heal|p1a: Amoonguss|79\/100|[silent]\n|upkeep\n|\n|t:|1682881652\n|switch|p2b: Roaring Moon|Roaring Moon, L50|100\/100\n|-enditem|p2b: Roaring Moon|Booster Energy\n|-activate|p2b: Roaring Moon|ability: Protosynthesis|[fromitem]\n|-start|p2b: Roaring Moon|protosynthesisspe\n|turn|7\n|\n|t:|1682881661\n|switch|p1b: Abomasnow|Abomasnow, L50, F|100\/100 par\n|-weather|Snow|[from] ability: Snow Warning|[of] p1b: Abomasnow\n|-terastallize|p2b: Roaring Moon|Flying\n|move|p2b: Roaring Moon|Acrobatics|p1a: Amoonguss\n|-supereffective|p1a: Amoonguss\n|-damage|p1a: Amoonguss|0 fnt\n|faint|p1a: Amoonguss\n|move|p2a: Iron Bundle|Encore||[still]\n|-fail|p2a: Iron Bundle\n|\n|-weather|Snow|[upkeep]\n|upkeep\n|\n|t:|1682881669\n|switch|p1a: Cetitan|Cetitan, L50, M|81\/100\n|turn|8\n|\n|t:|1682881690\n|move|p2b: Roaring Moon|Protect|p2b: Roaring Moon\n|-singleturn|p2b: Roaring Moon|Protect\n|move|p1a: Cetitan|Ice Spinner|p2b: Roaring Moon\n|-activate|p2b: Roaring Moon|move: Protect\n|move|p2a: Iron Bundle|Freeze-Dry|p1a: Cetitan\n|-resisted|p1a: Cetitan\n|-damage|p1a: Cetitan|63\/100\n|cant|p1b: Abomasnow|par\n|\n|-weather|Snow|[upkeep]\n|-damage|p2a: Iron Bundle|36\/100|[from] Leech Seed|[of] p1a: Cetitan\n|-heal|p1a: Cetitan|70\/100|[silent]\n|-sideend|p2: pcltr|Reflect\n|upkeep\n|turn|9\n|\n|t:|1682881704\n|move|p2b: Roaring Moon|Throat Chop|p1a: Cetitan\n|-damage|p1a: Cetitan|39\/100\n|-start|p1a: Cetitan|Throat Chop|[silent]\n|move|p1a: Cetitan|Ice Spinner|p2b: Roaring Moon\n|-supereffective|p2b: Roaring Moon\n|-damage|p2b: Roaring Moon|0 fnt\n|faint|p2b: Roaring Moon\n|-end|p2b: Roaring Moon|Protosynthesis|[silent]\n|move|p2a: Iron Bundle|Freeze-Dry|p1a: Cetitan\n|-resisted|p1a: Cetitan\n|-damage|p1a: Cetitan|20\/100\n|move|p1b: Abomasnow|Blizzard|p2a: Iron Bundle\n|-resisted|p2a: Iron Bundle\n|-damage|p2a: Iron Bundle|21\/100\n|\n|-weather|Snow|[upkeep]\n|-damage|p2a: Iron Bundle|8\/100|[from] Leech Seed|[of] p1a: Cetitan\n|-heal|p1a: Cetitan|27\/100|[silent]\n|upkeep\n|turn|10\n|\n|t:|1682881720\n|move|p1a: Cetitan|Ice Spinner|p2a: Iron Bundle\n|-resisted|p2a: Iron Bundle\n|-damage|p2a: Iron Bundle|0 fnt\n|faint|p2a: Iron Bundle\n|-end|p2a: Iron Bundle|Quark Drive|[silent]\n|\n|win|subnori\n|raw|subnori's rating: 1030 → 1078<\/strong> (+48 for winning)\n|raw|pcltr's rating: 1153 → 1120<\/strong> (-33 for losing)\n|l|\u2606pcltr\n","uploadtime":1682881727,"views":7,"p1id":"subnori","p2id":"pcltr","formatid":"gen9vgc2023regulationc","rating":1078,"private":0,"password":""}