{"id":"gen9vgc2023regulationc-1849966008","p1":"TheOrthwormJim","p2":"bleldigs","format":"[Gen 9] VGC 2023 Regulation C","log":"|j|\u2606TheOrthwormJim\n|j|\u2606bleldigs\n|t:|1682273067\n|gametype|doubles\n|player|p1|TheOrthwormJim|n|1266\n|player|p2|bleldigs|buck|1316\n|teamsize|p1|6\n|teamsize|p2|6\n|gen|9\n|tier|[Gen 9] VGC 2023 Regulation C\n|rated|\n|rule|Species Clause: Limit one of each Pok\u00e9mon\n|rule|Item Clause: Limit one of each item\n|clearpoke\n|poke|p1|Maushold, L50|\n|poke|p1|Gholdengo, L50|\n|poke|p1|Glimmora, L50, M|\n|poke|p1|Ceruledge, L50, M|\n|poke|p1|Iron Bundle, L50|\n|poke|p1|Iron Hands, L50|\n|poke|p2|Palafin, L50, F|\n|poke|p2|Arcanine, L50, F|\n|poke|p2|Amoonguss, L50, F|\n|poke|p2|Flutter Mane, L50|\n|poke|p2|Ting-Lu, L50|\n|poke|p2|Glimmora, L50, F|\n|teampreview|4\n|inactive|Battle timer is ON: inactive players will automatically lose when time's up. (requested by TheOrthwormJim)\nbleldigs has agreed to open team sheets.\nTheOrthwormJim has agreed to open team sheets.\n|inactive|TheOrthwormJim has 60 seconds left.\n|inactive|bleldigs has 60 seconds left.\n|inactive|bleldigs has 30 seconds left.\n|inactive|bleldigs has 20 seconds left.\n|inactive|bleldigs has 15 seconds left.\n|inactive|bleldigs has 10 seconds left.\n|\n|t:|1682273152\n|start\n|switch|p1a: Kowalski|Iron Bundle, L50, shiny|100\/100\n|switch|p1b: Glory Hole|Glimmora, L50, M|100\/100\n|switch|p2a: Arcanine|Arcanine, L50, F|100\/100\n|switch|p2b: Ting-Lu|Ting-Lu, L50|100\/100\n|-ability|p2a: Arcanine|Intimidate|boost\n|-unboost|p1a: Kowalski|atk|1\n|-unboost|p1b: Glory Hole|atk|1\n|-ability|p2b: Ting-Lu|Vessel of Ruin\n|-enditem|p1a: Kowalski|Booster Energy\n|-activate|p1a: Kowalski|ability: Quark Drive|[fromitem]\n|-start|p1a: Kowalski|quarkdrivespe\n|turn|1\n|inactive|TheOrthwormJim has 30 seconds left.\n|inactive|bleldigs has 30 seconds left.\n|inactive|bleldigs has 20 seconds left.\n|inactive|bleldigs has 15 seconds left.\n|\n|t:|1682273192\n|-terastallize|p2a: Arcanine|Grass\n|-terastallize|p1b: Glory Hole|Grass\n|move|p1a: Kowalski|Freeze-Dry|p2b: Ting-Lu\n|-supereffective|p2b: Ting-Lu\n|-damage|p2b: Ting-Lu|79\/100\n|move|p2a: Arcanine|Howl|p2a: Arcanine|[spread] p2a,p2b\n|-boost|p2a: Arcanine|atk|1\n|-boost|p2b: Ting-Lu|atk|1\n|move|p1b: Glory Hole|Energy Ball|p2b: Ting-Lu\n|-supereffective|p2b: Ting-Lu\n|-damage|p2b: Ting-Lu|37\/100\n|move|p2b: Ting-Lu|Stomping Tantrum|p1a: Kowalski\n|-damage|p1a: Kowalski|50\/100\n|\n|upkeep\n|turn|2\n|\n|t:|1682273214\n|move|p1a: Kowalski|Freeze-Dry|p2a: Arcanine\n|-supereffective|p2a: Arcanine\n|-damage|p2a: Arcanine|46\/100\n|move|p2a: Arcanine|Flare Blitz|p1b: Glory Hole\n|-supereffective|p1b: Glory Hole\n|-crit|p1b: Glory Hole\n|-damage|p1b: Glory Hole|0 fnt\n|-activate|p1b: Glory Hole|ability: Toxic Debris\n|-sidestart|p2: bleldigs|move: Toxic Spikes\n|faint|p1b: Glory Hole\n|-damage|p2a: Arcanine|17\/100|[from] Recoil\n|move|p2b: Ting-Lu|Bulldoze|p1a: Kowalski|[spread] p2a,p1a\n|-resisted|p2a: Arcanine\n|-damage|p2a: Arcanine|2\/100\n|-damage|p1a: Kowalski|20\/100\n|-unboost|p2a: Arcanine|spe|1\n|-unboost|p1a: Kowalski|spe|1\n|\n|upkeep\n|\n|t:|1682273222\n|switch|p1b: Will Smith|Iron Hands, L50|100\/100\n|turn|3\n|inactive|bleldigs has 30 seconds left.\n|\n|t:|1682273252\n|switch|p2a: Glimmora|Glimmora, L50, F|100\/100\n|-sideend|p2: bleldigs|move: Toxic Spikes|[of] p2a: Glimmora\n|switch|p2b: Flutter Mane|Flutter Mane, L50|100\/100\n|-enditem|p2b: Flutter Mane|Booster Energy\n|-activate|p2b: Flutter Mane|ability: Protosynthesis|[fromitem]\n|-start|p2b: Flutter Mane|protosynthesisspa\n|move|p1b: Will Smith|Fake Out|p2a: Glimmora\n|-resisted|p2a: Glimmora\n|-damage|p2a: Glimmora|91\/100\n|-activate|p2a: Glimmora|ability: Toxic Debris\n|-sidestart|p1: TheOrthwormJim|move: Toxic Spikes\n|move|p1a: Kowalski|Hydro Pump|p2b: Flutter Mane\n|-damage|p2b: Flutter Mane|39\/100\n|\n|upkeep\n|turn|4\n|inactive|bleldigs has 30 seconds left.\n|\n|t:|1682273280\n|-end|p2b: Flutter Mane|Protosynthesis|[silent]\n|switch|p2b: Ting-Lu|Ting-Lu, L50|37\/100\n|-ability|p2b: Ting-Lu|Vessel of Ruin\n|move|p1a: Kowalski|Hydro Pump|p2b: Ting-Lu|[miss]\n|-miss|p1a: Kowalski|p2b: Ting-Lu\n|move|p2a: Glimmora|Mortal Spin|p1b: Will Smith|[spread] p1a,p1b\n|-damage|p1a: Kowalski|15\/100\n|-damage|p1b: Will Smith|97\/100\n|-status|p1a: Kowalski|psn\n|-status|p1b: Will Smith|psn\n|move|p1b: Will Smith|Drain Punch|p2a: Glimmora\n|-damage|p2a: Glimmora|30\/100\n|-heal|p1b: Will Smith|100\/100 psn|[from] drain|[of] p2a: Glimmora\n|-activate|p2a: Glimmora|ability: Toxic Debris\n|-sidestart|p1: TheOrthwormJim|move: Toxic Spikes\n|\n|-damage|p1a: Kowalski|3\/100 psn|[from] psn\n|-damage|p1b: Will Smith|88\/100 psn|[from] psn\n|upkeep\n|turn|5\n|\n|t:|1682273303\n|switch|p2b: Arcanine|Arcanine, L50, F, tera:Grass|2\/100\n|-ability|p2b: Arcanine|Intimidate|boost\n|-unboost|p1a: Kowalski|atk|1\n|-unboost|p1b: Will Smith|atk|1\n|move|p2a: Glimmora|Spiky Shield|p2a: Glimmora\n|-singleturn|p2a: Glimmora|move: Protect\n|move|p1a: Kowalski|Hydro Pump|p2b: Arcanine\n|-resisted|p2b: Arcanine\n|-damage|p2b: Arcanine|0 fnt\n|faint|p2b: Arcanine\n|move|p1b: Will Smith|Drain Punch|p2a: Glimmora\n|-activate|p2a: Glimmora|move: Protect\n|-damage|p1b: Will Smith|76\/100 psn|[from] Spiky Shield|[of] p2a: Glimmora\n|\n|-damage|p1a: Kowalski|0 fnt|[from] psn\n|faint|p1a: Kowalski\n|-end|p1a: Kowalski|Quark Drive|[silent]\n|-damage|p1b: Will Smith|64\/100 psn|[from] psn\n|upkeep\n|\n|t:|1682273323\n|switch|p1a: SICKO MODE|Ceruledge, L50, M|100\/100\n|switch|p2b: Flutter Mane|Flutter Mane, L50|39\/100\n|-status|p1a: SICKO MODE|tox\n|turn|6\n|\n|t:|1682273347\n|move|p1a: SICKO MODE|Shadow Sneak|p2b: Flutter Mane\n|-supereffective|p2b: Flutter Mane\n|-damage|p2b: Flutter Mane|0 fnt\n|faint|p2b: Flutter Mane\n|-end|p2b: Flutter Mane|Protosynthesis|[silent]\n|move|p2a: Glimmora|Power Gem|p1a: SICKO MODE\n|-supereffective|p1a: SICKO MODE\n|-damage|p1a: SICKO MODE|24\/100 tox\n|move|p1b: Will Smith|Drain Punch|p2a: Glimmora\n|-damage|p2a: Glimmora|0 fnt\n|-heal|p1b: Will Smith|74\/100 psn|[from] drain|[of] p2a: Glimmora\n|faint|p2a: Glimmora\n|\n|-heal|p1a: SICKO MODE|30\/100 tox|[from] item: Leftovers\n|-damage|p1a: SICKO MODE|24\/100 tox|[from] psn\n|-damage|p1b: Will Smith|62\/100 psn|[from] psn\n|upkeep\n|\n|t:|1682273361\n|switch|p2b: Ting-Lu|Ting-Lu, L50|37\/100\n|-ability|p2b: Ting-Lu|Vessel of Ruin\n|turn|7\n|\n|t:|1682273372\n|move|p1a: SICKO MODE|Bitter Blade|p2b: Ting-Lu\n|-damage|p2b: Ting-Lu|16\/100\n|-heal|p1a: SICKO MODE|40\/100 tox|[from] drain|[of] p2b: Ting-Lu\n|move|p1b: Will Smith|Drain Punch|p2b: Ting-Lu\n|-supereffective|p2b: Ting-Lu\n|-damage|p2b: Ting-Lu|0 fnt\n|-heal|p1b: Will Smith|71\/100 psn|[from] drain|[of] p2b: Ting-Lu\n|faint|p2b: Ting-Lu\n|\n|win|TheOrthwormJim\n|raw|TheOrthwormJim's rating: 1266 → 1295<\/strong> (+29 for winning)\n|raw|bleldigs's rating: 1316 → 1293<\/strong> (-23 for losing)\n|l|\u2606TheOrthwormJim\n|l|\u2606bleldigs\n","uploadtime":1682273393,"views":7,"p1id":"theorthwormjim","p2id":"bleldigs","formatid":"gen9vgc2023regulationc","rating":1293,"private":0,"password":""}