{"id":"gen9vgc2023regulationc-1863798375","p1":"Gilgamish","p2":"Nicohaxvgc","format":"[Gen 9] VGC 2023 Regulation C","log":"|j|\u2606Gilgamish\n|j|\u2606Nicohaxvgc\n|t:|1684079100\n|gametype|doubles\n|player|p1|Gilgamish|2|1325\n|player|p2|Nicohaxvgc|hilbert-wonderlauncher|1362\n|teamsize|p1|6\n|teamsize|p2|6\n|gen|9\n|tier|[Gen 9] VGC 2023 Regulation C\n|rated|\n|rule|Species Clause: Limit one of each Pok\u00e9mon\n|rule|Item Clause: Limit one of each item\n|clearpoke\n|poke|p1|Palafin, L50, F|\n|poke|p1|Arcanine, L50, F|\n|poke|p1|Glimmora, L50, F|\n|poke|p1|Dragonite, L50, F|\n|poke|p1|Amoonguss, L50, F|\n|poke|p1|Chien-Pao, L50|\n|poke|p2|Flutter Mane, L50|\n|poke|p2|Maushold, L50|\n|poke|p2|Annihilape, L50, M|\n|poke|p2|Iron Bundle, L50|\n|poke|p2|Corviknight, L50, F|\n|poke|p2|Ting-Lu, L50|\n|teampreview|4\n|inactive|Battle timer is ON: inactive players will automatically lose when time's up. (requested by Nicohaxvgc)\n|inactive|Gilgamish has 60 seconds left.\n|\n|t:|1684079136\n|start\n|switch|p1a: Dragonite|Dragonite, L50, F|100\/100\n|switch|p1b: Palafin|Palafin, L50, F, shiny|100\/100\n|switch|p2a: Harley|Flutter Mane, L50|100\/100\n|switch|p2b: AureCorne|Maushold, L50|100\/100\n|turn|1\n|inactive|Gilgamish has 30 seconds left.\n|inactive|Nicohaxvgc has 30 seconds left.\n|\n|t:|1684079170\n|detailschange|p1b: Palafin|Palafin-Hero, L50, F, shiny\n|switch|p1b: Amoonguss|Amoonguss, L50, F|100\/100\n|-terastallize|p1a: Dragonite|Normal\n|move|p2b: AureCorne|Follow Me|p2b: AureCorne\n|-singleturn|p2b: AureCorne|move: Follow Me\n|move|p2a: Harley|Dazzling Gleam|p1b: Amoonguss|[spread] p1a,p1b\n|-resisted|p1b: Amoonguss\n|-damage|p1a: Dragonite|82\/100\n|-damage|p1b: Amoonguss|79\/100\n|move|p1a: Dragonite|Earthquake|p2a: Harley|[spread] p1b,p2a,p2b\n|-damage|p1b: Amoonguss|49\/100\n|-damage|p2a: Harley|50\/100\n|-damage|p2b: AureCorne|54\/100\n|-enditem|p1b: Amoonguss|Sitrus Berry|[eat]\n|-heal|p1b: Amoonguss|74\/100|[from] item: Sitrus Berry\n|\n|upkeep\n|turn|2\n|inactive|Nicohaxvgc has 30 seconds left.\n|inactive|Nicohaxvgc has 20 seconds left.\n|inactive|Nicohaxvgc has 15 seconds left.\n|inactive|Nicohaxvgc has 10 seconds left.\n|\n|t:|1684079218\n|switch|p1a: Palafin|Palafin-Hero, L50, F, shiny|100\/100\n|-activate|p1a: Palafin|ability: Zero to Hero\n|move|p2a: Harley|Dazzling Gleam|p1b: Amoonguss|[spread] p1a,p1b\n|-resisted|p1b: Amoonguss\n|-damage|p1a: Palafin|60\/100\n|-damage|p1b: Amoonguss|52\/100\n|move|p2b: AureCorne|Super Fang|p1b: Amoonguss\n|-damage|p1b: Amoonguss|26\/100\n|move|p1b: Amoonguss|Spore|p2a: Harley\n|-status|p2a: Harley|slp|[from] move: Spore\n|\n|upkeep\n|turn|3\n|inactive|Nicohaxvgc has 30 seconds left.\n|inactive|Nicohaxvgc has 20 seconds left.\n|\n|t:|1684079255\n|move|p2b: AureCorne|Protect|p2b: AureCorne\n|-singleturn|p2b: AureCorne|Protect\n|move|p1a: Palafin|Jet Punch|p2b: AureCorne\n|-activate|p2b: AureCorne|move: Protect\n|cant|p2a: Harley|slp\n|move|p1b: Amoonguss|Pollen Puff|p1a: Palafin\n|-heal|p1a: Palafin|100\/100\n|\n|upkeep\n|turn|4\n|\n|t:|1684079276\n|switch|p2b: Jhoel|Iron Bundle, L50|100\/100\n|-enditem|p2b: Jhoel|Booster Energy\n|-activate|p2b: Jhoel|ability: Quark Drive|[fromitem]\n|-start|p2b: Jhoel|quarkdrivespe\n|switch|p1b: Dragonite|Dragonite, L50, F, tera:Normal|82\/100\n|move|p1a: Palafin|Jet Punch|p2b: Jhoel\n|-resisted|p2b: Jhoel\n|-damage|p2b: Jhoel|77\/100\n|-curestatus|p2a: Harley|slp|[msg]\n|move|p2a: Harley|Dazzling Gleam|p1b: Dragonite|[spread] p1a,p1b\n|-damage|p1a: Palafin|57\/100\n|-damage|p1b: Dragonite|41\/100\n|\n|upkeep\n|turn|5\n|inactive|Nicohaxvgc has 30 seconds left.\n|\n|t:|1684079305\n|-end|p2a: Harley|Protosynthesis|[silent]\n|switch|p2a: AureCorne|Maushold, L50|54\/100\n|-terastallize|p2b: Jhoel|Ghost\n|move|p1b: Dragonite|Extreme Speed|p2b: Jhoel\n|-immune|p2b: Jhoel\n|move|p1a: Palafin|Jet Punch|p2a: AureCorne\n|-damage|p2a: AureCorne|0 fnt\n|faint|p2a: AureCorne\n|move|p2b: Jhoel|Freeze-Dry|p1a: Palafin\n|-supereffective|p1a: Palafin\n|-damage|p1a: Palafin|0 fnt\n|faint|p1a: Palafin\n|\n|upkeep\n|inactive|Nicohaxvgc has 30 seconds left.\n|\n|t:|1684079338\n|switch|p2a: Rocky|Annihilape, L50, M|100\/100\n|switch|p1a: Chien-Pao|Chien-Pao, L50|100\/100\n|-ability|p1a: Chien-Pao|Sword of Ruin\n|turn|6\n|inactive|Gilgamish has 30 seconds left.\n|inactive|Nicohaxvgc has 30 seconds left.\n|\n|t:|1684079371\n|switch|p1b: Amoonguss|Amoonguss, L50, F|60\/100\n|move|p2b: Jhoel|Protect|p2b: Jhoel\n|-singleturn|p2b: Jhoel|Protect\n|move|p1a: Chien-Pao|Protect|p1a: Chien-Pao\n|-singleturn|p1a: Chien-Pao|Protect\n|move|p2a: Rocky|Drain Punch|p1b: Amoonguss\n|-resisted|p1b: Amoonguss\n|-crit|p1b: Amoonguss\n|-damage|p1b: Amoonguss|35\/100\n|\n|upkeep\n|turn|7\n|inactive|Gilgamish has 30 seconds left.\n|inactive|Nicohaxvgc has 30 seconds left.\n|inactive|Gilgamish has 20 seconds left.\n|inactive|Gilgamish has 15 seconds left.\n|\n|t:|1684079412\n|-end|p2b: Jhoel|Quark Drive|[silent]\n|switch|p2b: Harley|Flutter Mane, L50|50\/100\n|move|p1b: Amoonguss|Rage Powder|p1b: Amoonguss\n|-singleturn|p1b: Amoonguss|move: Rage Powder\n|move|p1a: Chien-Pao|Ice Spinner|p2b: Harley\n|-damage|p2b: Harley|0 fnt\n|faint|p2b: Harley\n|-end|p2b: Harley|Protosynthesis|[silent]\n|move|p2a: Rocky|Drain Punch|p1b: Amoonguss\n|-resisted|p1b: Amoonguss\n|-damage|p1b: Amoonguss|19\/100\n|\n|upkeep\n|\n|t:|1684079421\n|switch|p2b: Jhoel|Iron Bundle, L50, tera:Ghost|77\/100\n|turn|8\n|\n|t:|1684079435\n|switch|p1b: Dragonite|Dragonite, L50, F, tera:Normal|41\/100\n|move|p2b: Jhoel|Protect|p2b: Jhoel\n|-singleturn|p2b: Jhoel|Protect\n|move|p1a: Chien-Pao|Protect|p1a: Chien-Pao\n|-singleturn|p1a: Chien-Pao|Protect\n|move|p2a: Rocky|Drain Punch|p1a: Chien-Pao\n|-activate|p1a: Chien-Pao|move: Protect\n|\n|upkeep\n|turn|9\n|\n|t:|1684079454\n|switch|p1a: Amoonguss|Amoonguss, L50, F|52\/100\n|move|p2b: Jhoel|Encore||[still]\n|-fail|p2b: Jhoel\n|move|p2a: Rocky|Drain Punch|p1b: Dragonite\n|-supereffective|p1b: Dragonite\n|-damage|p1b: Dragonite|0 fnt\n|faint|p1b: Dragonite\n|\n|upkeep\n|\n|t:|1684079464\n|switch|p1b: Chien-Pao|Chien-Pao, L50|100\/100\n|-ability|p1b: Chien-Pao|Sword of Ruin\n|turn|10\n|\n|t:|1684079484\n|move|p1b: Chien-Pao|Protect|p1b: Chien-Pao\n|-singleturn|p1b: Chien-Pao|Protect\n|move|p2b: Jhoel|Freeze-Dry|p1a: Amoonguss\n|-supereffective|p1a: Amoonguss\n|-damage|p1a: Amoonguss|0 fnt\n|faint|p1a: Amoonguss\n|move|p2a: Rocky|Drain Punch|p1b: Chien-Pao\n|-activate|p1b: Chien-Pao|move: Protect\n|\n|upkeep\n|turn|11\n|-message|Gilgamish forfeited.\n|\n|win|Nicohaxvgc\n|raw|Gilgamish's rating: 1325 → 1307<\/strong> (-18 for losing)\n|raw|Nicohaxvgc's rating: 1362 → 1380<\/strong> (+18 for winning)\n|l|\u2606Gilgamish\n","uploadtime":1684079525,"views":12,"p1id":"gilgamish","p2id":"nicohaxvgc","formatid":"gen9vgc2023regulationc","rating":1307,"private":0,"password":""}