{"id":"gen9vgc2023regulationc-1851121645","p1":"Crystal RRR","p2":"xingtian888","format":"[Gen 9] VGC 2023 Regulation C","log":"|j|\u2606Crystal RRR\n|j|\u2606xingtian888\n|t:|1682412799\n|gametype|doubles\n|player|p1|Crystal RRR|101|1330\n|player|p2|xingtian888|1|1434\n|teamsize|p1|6\n|teamsize|p2|6\n|gen|9\n|tier|[Gen 9] VGC 2023 Regulation C\n|rated|\n|rule|Species Clause: Limit one of each Pok\u00e9mon\n|rule|Item Clause: Limit one of each item\n|clearpoke\n|poke|p1|Arcanine, L50, F|\n|poke|p1|Palafin, L50, M|\n|poke|p1|Great Tusk, L50|\n|poke|p1|Murkrow, L50, F|\n|poke|p1|Chi-Yu, L50|\n|poke|p1|Flutter Mane, L50|\n|poke|p2|Ting-Lu, L50|\n|poke|p2|Amoonguss, L50, F|\n|poke|p2|Abomasnow, L50, F|\n|poke|p2|Iron Bundle, L50|\n|poke|p2|Baxcalibur, L50, M|\n|poke|p2|Gyarados, L50, M|\n|teampreview|4\n|inactive|Battle timer is ON: inactive players will automatically lose when time's up. (requested by xingtian888)\n|\n|t:|1682412812\n|start\n|switch|p1a: Murkrow|Murkrow, L50, F|100\/100\n|switch|p1b: Chi-Yu|Chi-Yu, L50|100\/100\n|switch|p2a: Ting-Lu|Ting-Lu, L50|100\/100\n|switch|p2b: Gyarados|Gyarados, L50, M, shiny|100\/100\n|-ability|p1b: Chi-Yu|Beads of Ruin\n|-ability|p2b: Gyarados|Intimidate|boost\n|-unboost|p1a: Murkrow|atk|1\n|-unboost|p1b: Chi-Yu|atk|1\n|-ability|p2a: Ting-Lu|Vessel of Ruin\n|turn|1\n|inactive|xingtian888 has 30 seconds left.\n|inactive|xingtian888 has 20 seconds left.\n|\n|t:|1682412852\n|-terastallize|p1b: Chi-Yu|Grass\n|-terastallize|p2b: Gyarados|Electric\n|move|p1a: Murkrow|Sunny Day|p1a: Murkrow\n|-weather|SunnyDay\n|move|p1b: Chi-Yu|Heat Wave|p2a: Ting-Lu|[spread] p2a,p2b\n|-damage|p2a: Ting-Lu|68\/100\n|-damage|p2b: Gyarados|39\/100\n|-status|p2b: Gyarados|brn\n|-damage|p1b: Chi-Yu|91\/100|[from] item: Life Orb\n|move|p2b: Gyarados|Tera Blast|p1b: Chi-Yu\n|-resisted|p1b: Chi-Yu\n|-damage|p1b: Chi-Yu|75\/100\n|-damage|p2b: Gyarados|30\/100 brn|[from] item: Life Orb\n|move|p2a: Ting-Lu|Stomping Tantrum|p1b: Chi-Yu\n|-resisted|p1b: Chi-Yu\n|-crit|p1b: Chi-Yu\n|-damage|p1b: Chi-Yu|42\/100\n|\n|-weather|SunnyDay|[upkeep]\n|-damage|p2b: Gyarados|24\/100 brn|[from] brn\n|upkeep\n|turn|2\n|inactive|xingtian888 has 30 seconds left.\n|\n|t:|1682412877\n|move|p1a: Murkrow|Tailwind|p1a: Murkrow\n|-sidestart|p1: Crystal RRR|move: Tailwind\n|move|p1b: Chi-Yu|Heat Wave|p2a: Ting-Lu|[spread] p2a,p2b\n|-damage|p2a: Ting-Lu|39\/100\n|-damage|p2b: Gyarados|0 fnt\n|faint|p2b: Gyarados\n|-damage|p1b: Chi-Yu|33\/100|[from] item: Life Orb\n|move|p2a: Ting-Lu|Stomping Tantrum|p1b: Chi-Yu\n|-resisted|p1b: Chi-Yu\n|-damage|p1b: Chi-Yu|11\/100\n|\n|-weather|SunnyDay|[upkeep]\n|upkeep\n|\n|t:|1682412890\n|switch|p2b: Iron Bundle|Iron Bundle, L50, shiny|100\/100\n|-enditem|p2b: Iron Bundle|Booster Energy\n|-activate|p2b: Iron Bundle|ability: Quark Drive|[fromitem]\n|-start|p2b: Iron Bundle|quarkdrivespe\n|turn|3\n|\n|t:|1682412911\n|switch|p2a: Abomasnow|Abomasnow, L50, F, shiny|100\/100\n|-weather|Snow|[from] ability: Snow Warning|[of] p2a: Abomasnow\n|move|p1b: Chi-Yu|Overheat|p2a: Abomasnow|[miss]\n|-miss|p1b: Chi-Yu|p2a: Abomasnow\n|move|p2b: Iron Bundle|Icy Wind|p1b: Chi-Yu|[spread] p1b\n|-miss|p2b: Iron Bundle|p1a: Murkrow\n|-supereffective|p1b: Chi-Yu\n|-damage|p1b: Chi-Yu|0 fnt\n|faint|p1b: Chi-Yu\n|move|p1a: Murkrow|Foul Play|p2a: Abomasnow\n|-damage|p2a: Abomasnow|76\/100\n|\n|-weather|Snow|[upkeep]\n|upkeep\n|\n|t:|1682412931\n|switch|p1b: Flutter Mane|Flutter Mane, L50|100\/100\n|-enditem|p1b: Flutter Mane|Booster Energy\n|-activate|p1b: Flutter Mane|ability: Protosynthesis|[fromitem]\n|-start|p1b: Flutter Mane|protosynthesisspe\n|turn|4\n|\n|t:|1682412941\n|switch|p2a: Ting-Lu|Ting-Lu, L50|39\/100\n|-ability|p2a: Ting-Lu|Vessel of Ruin\n|move|p2b: Iron Bundle|Protect|p2b: Iron Bundle\n|-singleturn|p2b: Iron Bundle|Protect\n|move|p1a: Murkrow|Sunny Day|p1a: Murkrow\n|-weather|SunnyDay\n|move|p1b: Flutter Mane|Thunderbolt|p2b: Iron Bundle\n|-activate|p2b: Iron Bundle|move: Protect\n|\n|-weather|SunnyDay|[upkeep]\n|upkeep\n|turn|5\n|\n|t:|1682412966\n|-end|p2b: Iron Bundle|Quark Drive|[silent]\n|switch|p2b: Abomasnow|Abomasnow, L50, F, shiny|76\/100\n|-weather|Snow|[from] ability: Snow Warning|[of] p2b: Abomasnow\n|move|p1a: Murkrow|Sunny Day|p1a: Murkrow\n|-weather|SunnyDay\n|move|p1b: Flutter Mane|Thunderbolt|p2b: Abomasnow\n|-resisted|p2b: Abomasnow\n|-damage|p2b: Abomasnow|63\/100\n|-status|p2b: Abomasnow|par\n|move|p2a: Ting-Lu|Heavy Slam|p1b: Flutter Mane\n|-supereffective|p1b: Flutter Mane\n|-damage|p1b: Flutter Mane|2\/100\n|\n|-weather|SunnyDay|[upkeep]\n|-sideend|p1: Crystal RRR|move: Tailwind\n|upkeep\n|turn|6\n|inactive|Crystal RRR has 30 seconds left.\n|\n|t:|1682412991\n|move|p1b: Flutter Mane|Moonblast|p2a: Ting-Lu\n|-supereffective|p2a: Ting-Lu\n|-damage|p2a: Ting-Lu|4\/100\n|-unboost|p2a: Ting-Lu|spa|1\n|move|p1a: Murkrow|Foul Play|p2a: Ting-Lu\n|-resisted|p2a: Ting-Lu\n|-damage|p2a: Ting-Lu|0 fnt\n|faint|p2a: Ting-Lu\n|move|p2b: Abomasnow|Blizzard|p1b: Flutter Mane|[spread] p1a,p1b\n|-supereffective|p1a: Murkrow\n|-damage|p1a: Murkrow|32\/100\n|-damage|p1b: Flutter Mane|0 fnt\n|faint|p1b: Flutter Mane\n|-end|p1b: Flutter Mane|Protosynthesis|[silent]\n|\n|-weather|SunnyDay|[upkeep]\n|upkeep\n|\n|t:|1682413006\n|switch|p1b: Great Tusk|Great Tusk, L50|100\/100\n|switch|p2a: Iron Bundle|Iron Bundle, L50, shiny|100\/100\n|-activate|p1b: Great Tusk|ability: Protosynthesis\n|-start|p1b: Great Tusk|protosynthesisatk\n|turn|7\n|\n|t:|1682413018\n|move|p1a: Murkrow|Tailwind|p1a: Murkrow\n|-sidestart|p1: Crystal RRR|move: Tailwind\n|move|p1b: Great Tusk|Rock Slide|p2b: Abomasnow|[spread] p2a,p2b\n|-supereffective|p2a: Iron Bundle\n|-supereffective|p2b: Abomasnow\n|-damage|p2a: Iron Bundle|38\/100\n|-damage|p2b: Abomasnow|0 fnt\n|faint|p2b: Abomasnow\n|move|p2a: Iron Bundle|Blizzard|p1b: Great Tusk|[spread] p1b\n|-miss|p2a: Iron Bundle|p1a: Murkrow\n|-supereffective|p1b: Great Tusk\n|-damage|p1b: Great Tusk|0 fnt\n|faint|p1b: Great Tusk\n|-end|p1b: Great Tusk|Protosynthesis|[silent]\n|\n|-weather|SunnyDay|[upkeep]\n|upkeep\n|turn|8\n|\n|t:|1682413034\n|move|p1a: Murkrow|Foul Play|p2a: Iron Bundle\n|-damage|p2a: Iron Bundle|13\/100\n|move|p2a: Iron Bundle|Icy Wind|p1a: Murkrow\n|-supereffective|p1a: Murkrow\n|-damage|p1a: Murkrow|0 fnt\n|faint|p1a: Murkrow\n|\n|win|xingtian888\n|raw|Crystal RRR's rating: 1330 → 1316<\/strong> (-14 for losing)\n|raw|xingtian888's rating: 1434 → 1448<\/strong> (+14 for winning)\n|l|\u2606Crystal RRR\n","uploadtime":1682413056,"views":7,"p1id":"crystalrrr","p2id":"xingtian888","formatid":"gen9vgc2023regulationc","rating":1316,"private":0,"password":""}