{"id":"gen9vgc2023regulationc-1845814293","p1":"asteriorh","p2":"Isaiahwins mAtches","format":"[Gen 9] VGC 2023 Regulation C","log":"|j|\u2606asteriorh\n|j|\u2606Isaiahwins mAtches\n|t:|1681767263\n|gametype|doubles\n|player|p1|asteriorh|hilbert|1105\n|player|p2|Isaiahwins mAtches|lucas|1108\n|teamsize|p1|6\n|teamsize|p2|6\n|gen|9\n|tier|[Gen 9] VGC 2023 Regulation C\n|rated|\n|rule|Species Clause: Limit one of each Pok\u00e9mon\n|rule|Item Clause: Limit one of each item\n|clearpoke\n|poke|p1|Amoonguss, L50, M|\n|poke|p1|Ting-Lu, L50|\n|poke|p1|Arcanine, L50, M|\n|poke|p1|Flutter Mane, L50|\n|poke|p1|Gothitelle, L50, M|\n|poke|p1|Scream Tail, L50|\n|poke|p2|Flutter Mane, L50|\n|poke|p2|Iron Jugulis, L50|\n|poke|p2|Maushold, L50|\n|poke|p2|Annihilape, L50, M|\n|poke|p2|Chi-Yu, L50|\n|poke|p2|Great Tusk, L50|\n|teampreview|4\n|inactive|Battle timer is ON: inactive players will automatically lose when time's up. (requested by Isaiahwins mAtches)\n|inactive|asteriorh has 60 seconds left.\n|\n|t:|1681767297\n|start\n|switch|p1a: Gothitelle|Gothitelle, L50, M|100\/100\n|switch|p1b: Flutter Mane|Flutter Mane, L50|100\/100\n|switch|p2a: Iron Jugulis|Iron Jugulis, L50|100\/100\n|switch|p2b: Great Tusk|Great Tusk, L50|100\/100\n|-enditem|p2a: Iron Jugulis|Booster Energy\n|-activate|p2a: Iron Jugulis|ability: Quark Drive|[fromitem]\n|-start|p2a: Iron Jugulis|quarkdrivespe\n|turn|1\n|inactive|asteriorh has 30 seconds left.\n|\n|t:|1681767332\n|move|p2a: Iron Jugulis|Protect|p2a: Iron Jugulis\n|-singleturn|p2a: Iron Jugulis|Protect\n|move|p2b: Great Tusk|Protect|p2b: Great Tusk\n|-singleturn|p2b: Great Tusk|Protect\n|move|p1a: Gothitelle|Fake Out|p2a: Iron Jugulis\n|-activate|p2a: Iron Jugulis|move: Protect\n|move|p1b: Flutter Mane|Perish Song|p1b: Flutter Mane\n|-start|p1a: Gothitelle|perish3|[silent]\n|-start|p1b: Flutter Mane|perish3|[silent]\n|-start|p2a: Iron Jugulis|perish3|[silent]\n|-start|p2b: Great Tusk|perish3|[silent]\n|-fieldactivate|move: Perish Song\n|\n|-start|p2a: Iron Jugulis|perish3\n|-start|p1b: Flutter Mane|perish3\n|-start|p2b: Great Tusk|perish3\n|-start|p1a: Gothitelle|perish3\n|upkeep\n|turn|2\n|\n|t:|1681767351\n|-terastallize|p2b: Great Tusk|Ground\n|move|p1b: Flutter Mane|Protect|p1b: Flutter Mane\n|-singleturn|p1b: Flutter Mane|Protect\n|move|p1a: Gothitelle|Protect|p1a: Gothitelle\n|-singleturn|p1a: Gothitelle|Protect\n|move|p2a: Iron Jugulis|Tailwind|p2a: Iron Jugulis\n|-sidestart|p2: Isaiahwins mAtches|move: Tailwind\n|move|p2b: Great Tusk|Headlong Rush|p1b: Flutter Mane\n|-activate|p1b: Flutter Mane|move: Protect\n|\n|-start|p2a: Iron Jugulis|perish2\n|-start|p2b: Great Tusk|perish2\n|-start|p1b: Flutter Mane|perish2\n|-start|p1a: Gothitelle|perish2\n|upkeep\n|turn|3\n|inactive|asteriorh has 30 seconds left.\n|\n|t:|1681767385\n|switch|p1a: Amoonguss|Amoonguss, L50, M|100\/100\n|move|p2a: Iron Jugulis|Snarl|p1a: Amoonguss|[spread] p1a,p1b\n|-damage|p1a: Amoonguss|84\/100\n|-damage|p1b: Flutter Mane|79\/100\n|-unboost|p1a: Amoonguss|spa|1\n|-unboost|p1b: Flutter Mane|spa|1\n|-enditem|p1a: Amoonguss|Eject Button\n|\n|t:|1681767393\n|switch|p1a: Gothitelle|Gothitelle, L50, M|100\/100\n|move|p2b: Great Tusk|Earthquake|p1b: Flutter Mane|[spread] p1a,p1b\n|-immune|p2a: Iron Jugulis\n|-damage|p1a: Gothitelle|55\/100\n|-damage|p1b: Flutter Mane|0 fnt\n|faint|p1b: Flutter Mane\n|-end|p1b: Flutter Mane|Protosynthesis|[silent]\n|\n|-start|p2a: Iron Jugulis|perish1\n|-start|p2b: Great Tusk|perish1\n|upkeep\n|\n|t:|1681767410\n|switch|p1b: Amoonguss|Amoonguss, L50, M|100\/100\n|turn|4\n|\n|t:|1681767414\n|move|p1a: Gothitelle|Protect|p1a: Gothitelle\n|-singleturn|p1a: Gothitelle|Protect\n|move|p1b: Amoonguss|Protect|p1b: Amoonguss\n|-singleturn|p1b: Amoonguss|Protect\n|move|p2a: Iron Jugulis|Air Slash|p1b: Amoonguss\n|-activate|p1b: Amoonguss|move: Protect\n|move|p2b: Great Tusk|Headlong Rush|p1a: Gothitelle\n|-activate|p1a: Gothitelle|move: Protect\n|\n|-start|p2a: Iron Jugulis|perish0\n|-start|p2b: Great Tusk|perish0\n|faint|p2a: Iron Jugulis\n|-end|p2a: Iron Jugulis|Quark Drive|[silent]\n|faint|p2b: Great Tusk\n|-end|p2b: Great Tusk|Protosynthesis|[silent]\n|upkeep\n|\n|t:|1681767420\n|switch|p2a: Maushold|Maushold, L50|100\/100\n|switch|p2b: Annihilape|Annihilape, L50, M|100\/100\n|turn|5\n|inactive|asteriorh has 30 seconds left.\n|\n|t:|1681767455\n|move|p2a: Maushold|Beat Up|p2b: Annihilape\n|-damage|p2b: Annihilape|99\/100\n|-damage|p2b: Annihilape|97\/100\n|-hitcount|p2b: Annihilape|2\n|move|p2b: Annihilape|Rage Fist|p1b: Amoonguss\n|-damage|p1b: Amoonguss|37\/100\n|move|p1a: Gothitelle|Psychic|p2b: Annihilape\n|-supereffective|p2b: Annihilape\n|-damage|p2b: Annihilape|55\/100\n|move|p1b: Amoonguss|Spore|p2b: Annihilape\n|-status|p2b: Annihilape|slp|[from] move: Spore\n|-enditem|p2b: Annihilape|Lum Berry|[eat]\n|-curestatus|p2b: Annihilape|slp|[msg]\n|\n|-sideend|p2: Isaiahwins mAtches|move: Tailwind\n|upkeep\n|turn|6\n|\n|t:|1681767479\n|move|p1b: Amoonguss|Rage Powder|p1b: Amoonguss\n|-singleturn|p1b: Amoonguss|move: Rage Powder\n|move|p2a: Maushold|Beat Up|p1b: Amoonguss\n|-damage|p1b: Amoonguss|34\/100\n|-damage|p1b: Amoonguss|31\/100\n|-hitcount|p1b: Amoonguss|2\n|move|p2b: Annihilape|Rage Fist|p1b: Amoonguss\n|-damage|p1b: Amoonguss|0 fnt\n|faint|p1b: Amoonguss\n|move|p1a: Gothitelle|Trick Room|p1a: Gothitelle\n|-fieldstart|move: Trick Room|[of] p1a: Gothitelle\n|\n|upkeep\n|\n|t:|1681767491\n|switch|p1b: Ting-Lu|Ting-Lu, L50|100\/100\n|-ability|p1b: Ting-Lu|Vessel of Ruin\n|turn|7\n|\n|t:|1681767511\n|-terastallize|p1b: Ting-Lu|Poison\n|move|p2a: Maushold|Follow Me|p2a: Maushold\n|-singleturn|p2a: Maushold|move: Follow Me\n|move|p1b: Ting-Lu|Stomping Tantrum|p2a: Maushold\n|-damage|p2a: Maushold|62\/100\n|move|p1a: Gothitelle|Psychic|p2a: Maushold\n|-damage|p2a: Maushold|35\/100\n|-enditem|p2a: Maushold|Sitrus Berry|[eat]\n|-heal|p2a: Maushold|60\/100|[from] item: Sitrus Berry\n|move|p2b: Annihilape|Rage Fist|p1a: Gothitelle\n|-supereffective|p1a: Gothitelle\n|-enditem|p1a: Gothitelle|Kasib Berry|[eat]\n|-enditem|p1a: Gothitelle|Kasib Berry|[weaken]\n|-damage|p1a: Gothitelle|0 fnt\n|faint|p1a: Gothitelle\n|\n|upkeep\n|turn|8\n|\n|t:|1681767531\n|move|p2a: Maushold|Follow Me|p2a: Maushold\n|-singleturn|p2a: Maushold|move: Follow Me\n|move|p1b: Ting-Lu|Fissure|p2a: Maushold\n|-damage|p2a: Maushold|0 fnt\n|faint|p2a: Maushold\n|-ohko\n|move|p2b: Annihilape|Rage Fist|p1b: Ting-Lu\n|-damage|p1b: Ting-Lu|52\/100\n|\n|upkeep\n|turn|9\n|\n|t:|1681767542\n|move|p1b: Ting-Lu|Fissure|p2b: Annihilape\n|-damage|p2b: Annihilape|0 fnt\n|faint|p2b: Annihilape\n|-ohko\n|\n|win|asteriorh\n|raw|asteriorh's rating: 1105 → 1130<\/strong> (+25 for winning)\n|raw|Isaiahwins mAtches's rating: 1108 → 1083<\/strong> (-25 for losing)\n|c|\u2606asteriorh|JAJAJA\n|l|\u2606Isaiahwins mAtches\n","uploadtime":1681767583,"views":9,"p1id":"asteriorh","p2id":"isaiahwinsmatches","formatid":"gen9vgc2023regulationc","rating":1083,"private":0,"password":""}