{"id":"gen9vgc2023regulationc-1851091456","p1":"99jiuli","p2":"ZerimarEsoj","format":"[Gen 9] VGC 2023 Regulation C","log":"|j|\u260699jiuli\n|j|\u2606ZerimarEsoj\n|t:|1682407717\n|gametype|doubles\n|player|p1|99jiuli|101|1179\n|player|p2|ZerimarEsoj|101|1111\n|teamsize|p1|6\n|teamsize|p2|6\n|gen|9\n|tier|[Gen 9] VGC 2023 Regulation C\n|rated|\n|rule|Species Clause: Limit one of each Pok\u00e9mon\n|rule|Item Clause: Limit one of each item\n|clearpoke\n|poke|p1|Klefki, L50, F|\n|poke|p1|Corviknight, L50, F|\n|poke|p1|Chi-Yu, L50|\n|poke|p1|Flutter Mane, L50|\n|poke|p1|Roaring Moon, L50|\n|poke|p1|Annihilape, L50, F|\n|poke|p2|Oricorio-Pom-Pom, L50, M|\n|poke|p2|Volcarona, L50, M|\n|poke|p2|Pelipper, L50, F|\n|poke|p2|Barraskewda, L50, F|\n|poke|p2|Amoonguss, L50, M|\n|poke|p2|Meowscarada, L50, M|\n|teampreview|4\n|inactive|Battle timer is ON: inactive players will automatically lose when time's up. (requested by ZerimarEsoj)\nZerimarEsoj rejected open team sheets.\n|inactive|99jiuli has 60 seconds left.\n|inactive|ZerimarEsoj has 60 seconds left.\n|\n|t:|1682407779\n|start\n|switch|p1a: Klefki|Klefki, L50, F|100\/100\n|switch|p1b: Roaring Moon|Roaring Moon, L50|100\/100\n|switch|p2a: Pelipper|Pelipper, L50, F|100\/100\n|switch|p2b: Barraskewda|Barraskewda, L50, F|100\/100\n|-weather|RainDance|[from] ability: Drizzle|[of] p2a: Pelipper\n|-enditem|p1b: Roaring Moon|Booster Energy\n|-activate|p1b: Roaring Moon|ability: Protosynthesis|[fromitem]\n|-start|p1b: Roaring Moon|protosynthesisatk\n|turn|1\n|inactive|ZerimarEsoj has 30 seconds left.\n|\n|t:|1682407806\n|move|p1a: Klefki|Reflect|p1a: Klefki\n|-sidestart|p1: 99jiuli|Reflect\n|move|p2b: Barraskewda|Close Combat|p1b: Roaring Moon\n|-supereffective|p1b: Roaring Moon\n|-damage|p1b: Roaring Moon|39\/100\n|-unboost|p2b: Barraskewda|def|1\n|-unboost|p2b: Barraskewda|spd|1\n|move|p1b: Roaring Moon|Dragon Dance|p1b: Roaring Moon\n|-boost|p1b: Roaring Moon|atk|1\n|-boost|p1b: Roaring Moon|spe|1\n|move|p2a: Pelipper|Tailwind|p2a: Pelipper\n|-sidestart|p2: ZerimarEsoj|move: Tailwind\n|\n|-weather|RainDance|[upkeep]\n|upkeep\n|turn|2\n|inactive|ZerimarEsoj has 30 seconds left.\n|\n|t:|1682407833\n|move|p1b: Roaring Moon|Protect|p1b: Roaring Moon\n|-singleturn|p1b: Roaring Moon|Protect\n|move|p1a: Klefki|Thunder Wave|p2b: Barraskewda\n|-status|p2b: Barraskewda|par\n|move|p2b: Barraskewda|Liquidation|p1b: Roaring Moon\n|-activate|p1b: Roaring Moon|move: Protect\n|move|p2a: Pelipper|Hurricane|p1a: Klefki\n|-resisted|p1a: Klefki\n|-damage|p1a: Klefki|84\/100\n|-start|p1a: Klefki|confusion\n|\n|-weather|RainDance|[upkeep]\n|upkeep\n|turn|3\n|inactive|99jiuli has 30 seconds left.\n|\n|t:|1682407861\n|-activate|p1a: Klefki|confusion\n|-damage|p1a: Klefki|77\/100|[from] confusion\n|move|p2b: Barraskewda|Liquidation|p1b: Roaring Moon\n|-resisted|p1b: Roaring Moon\n|-damage|p1b: Roaring Moon|14\/100\n|move|p1b: Roaring Moon|Acrobatics|p2b: Barraskewda\n|-enditem|p2b: Barraskewda|Focus Sash\n|-damage|p2b: Barraskewda|1\/100 par\n|move|p2a: Pelipper|Hurricane|p1a: Klefki\n|-resisted|p1a: Klefki\n|-damage|p1a: Klefki|59\/100\n|\n|-weather|RainDance|[upkeep]\n|upkeep\n|turn|4\n|inactive|ZerimarEsoj has 30 seconds left.\n|inactive|ZerimarEsoj has 20 seconds left.\n|\n|t:|1682407896\n|move|p1b: Roaring Moon|Protect|p1b: Roaring Moon\n|-singleturn|p1b: Roaring Moon|Protect\n|-activate|p1a: Klefki|confusion\n|move|p1a: Klefki|Thunder Wave|p2a: Pelipper\n|-status|p2a: Pelipper|par\n|cant|p2b: Barraskewda|par\n|move|p2a: Pelipper|Hurricane|p1b: Roaring Moon\n|-activate|p1b: Roaring Moon|move: Protect\n|\n|-weather|RainDance|[upkeep]\n|-sideend|p2: ZerimarEsoj|move: Tailwind\n|upkeep\n|turn|5\n|inactive|99jiuli has 30 seconds left.\n|inactive|99jiuli has 20 seconds left.\n|inactive|99jiuli has 15 seconds left.\n|\n|t:|1682407938\n|move|p2b: Barraskewda|Protect|p2b: Barraskewda\n|-singleturn|p2b: Barraskewda|Protect\n|-activate|p1a: Klefki|confusion\n|move|p1a: Klefki|Light Screen|p1a: Klefki\n|-sidestart|p1: 99jiuli|move: Light Screen\n|move|p1b: Roaring Moon|Acrobatics|p2b: Barraskewda\n|-activate|p2b: Barraskewda|move: Protect\n|move|p2a: Pelipper|Hurricane|p1b: Roaring Moon\n|-damage|p1b: Roaring Moon|0 fnt\n|faint|p1b: Roaring Moon\n|-end|p1b: Roaring Moon|Protosynthesis|[silent]\n|\n|-weather|RainDance|[upkeep]\n|upkeep\n|\n|t:|1682407957\n|switch|p1b: Corviknight|Corviknight, L50, F|100\/100\n|turn|6\n|inactive|ZerimarEsoj has 30 seconds left.\n|\n|t:|1682407988\n|-terastallize|p2b: Barraskewda|Electric\n|cant|p2b: Barraskewda|par\n|-end|p1a: Klefki|confusion\n|move|p1a: Klefki|Dazzling Gleam|p2a: Pelipper|[spread] p2a,p2b\n|-damage|p2a: Pelipper|74\/100 par\n|-damage|p2b: Barraskewda|0 fnt\n|faint|p2b: Barraskewda\n|move|p1b: Corviknight|Tailwind|p1b: Corviknight\n|-sidestart|p1: 99jiuli|move: Tailwind\n|move|p2a: Pelipper|Tailwind|p2a: Pelipper\n|-sidestart|p2: ZerimarEsoj|move: Tailwind\n|\n|-weather|RainDance|[upkeep]\n|upkeep\n|\n|t:|1682408000\n|switch|p2b: Volcarona|Volcarona, L50, M|100\/100\n|turn|7\n|\n|t:|1682408015\n|switch|p2a: Oricorio|Oricorio-Pom-Pom, L50, M|100\/100\n|move|p2b: Volcarona|Protect|p2b: Volcarona\n|-singleturn|p2b: Volcarona|Protect\n|move|p1a: Klefki|Thunder Wave|p2b: Volcarona\n|-activate|p2b: Volcarona|move: Protect\n|move|p1b: Corviknight|Brave Bird|p2b: Volcarona\n|-activate|p2b: Volcarona|move: Protect\n|\n|-weather|RainDance|[upkeep]\n|upkeep\n|turn|8\n|\n|t:|1682408030\n|move|p1a: Klefki|Thunder Wave|p2b: Volcarona|[miss]\n|-miss|p1a: Klefki|p2b: Volcarona\n|move|p2a: Oricorio|Icy Wind|p1a: Klefki|[spread] p1a,p1b\n|-resisted|p1a: Klefki\n|-damage|p1a: Klefki|55\/100\n|-damage|p1b: Corviknight|92\/100\n|-unboost|p1a: Klefki|spe|1\n|-ability|p1b: Corviknight|Mirror Armor\n|-unboost|p2a: Oricorio|spe|1\n|move|p2b: Volcarona|Quiver Dance|p2b: Volcarona\n|-boost|p2b: Volcarona|spa|1\n|-boost|p2b: Volcarona|spd|1\n|-boost|p2b: Volcarona|spe|1\n|-activate|p2a: Oricorio|ability: Dancer\n|move|p2a: Oricorio|Quiver Dance|p2a: Oricorio|[from]ability: Dancer\n|-boost|p2a: Oricorio|spa|1\n|-boost|p2a: Oricorio|spd|1\n|-boost|p2a: Oricorio|spe|1\n|move|p1b: Corviknight|Bulk Up|p1b: Corviknight\n|-boost|p1b: Corviknight|atk|1\n|-boost|p1b: Corviknight|def|1\n|\n|-weather|none\n|-sideend|p1: 99jiuli|Reflect\n|upkeep\n|turn|9\n|inactive|99jiuli has 30 seconds left.\n|\n|t:|1682408059\n|move|p1a: Klefki|Thunder Wave|p2b: Volcarona\n|-status|p2b: Volcarona|par\n|move|p2a: Oricorio|Revelation Dance|p1b: Corviknight\n|-supereffective|p1b: Corviknight\n|-damage|p1b: Corviknight|17\/100\n|-enditem|p1b: Corviknight|Sitrus Berry|[eat]\n|-heal|p1b: Corviknight|42\/100|[from] item: Sitrus Berry\n|cant|p2b: Volcarona|par\n|move|p1b: Corviknight|Brave Bird|p2b: Volcarona\n|-supereffective|p2b: Volcarona\n|-damage|p2b: Volcarona|0 fnt\n|faint|p2b: Volcarona\n|-damage|p1b: Corviknight|11\/100|[from] Recoil\n|\n|-sideend|p1: 99jiuli|move: Tailwind\n|-sideend|p2: ZerimarEsoj|move: Tailwind\n|upkeep\n|\n|t:|1682408071\n|switch|p2b: Pelipper|Pelipper, L50, F|74\/100 par\n|-weather|RainDance|[from] ability: Drizzle|[of] p2b: Pelipper\n|turn|10\n|inactive|99jiuli has 30 seconds left.\n|inactive|ZerimarEsoj has 30 seconds left.\n|\n|t:|1682408099\n|move|p2a: Oricorio|Icy Wind|p1b: Corviknight|[spread] p1a,p1b\n|-resisted|p1a: Klefki\n|-crit|p1a: Klefki\n|-damage|p1a: Klefki|41\/100\n|-damage|p1b: Corviknight|0 fnt\n|-unboost|p1a: Klefki|spe|1\n|faint|p1b: Corviknight\n|move|p1a: Klefki|Dazzling Gleam|p2b: Pelipper|[spread] p2a,p2b\n|-damage|p2a: Oricorio|81\/100\n|-damage|p2b: Pelipper|47\/100 par\n|cant|p2b: Pelipper|par\n|\n|-weather|RainDance|[upkeep]\n|upkeep\n|\n|t:|1682408112\n|switch|p1b: Flutter Mane|Flutter Mane, L50|100\/100\n|turn|11\n|\n|t:|1682408121\n|cant|p2b: Pelipper|par\n|move|p1b: Flutter Mane|Dazzling Gleam|p2a: Oricorio|[spread] p2a,p2b\n|-damage|p2a: Oricorio|27\/100\n|-damage|p2b: Pelipper|0 fnt\n|faint|p2b: Pelipper\n|move|p2a: Oricorio|Icy Wind|p1b: Flutter Mane|[spread] p1a,p1b\n|-resisted|p1a: Klefki\n|-damage|p1a: Klefki|34\/100\n|-damage|p1b: Flutter Mane|86\/100\n|-unboost|p1a: Klefki|spe|1\n|-unboost|p1b: Flutter Mane|spe|1\n|move|p1a: Klefki|Dazzling Gleam|p2a: Oricorio\n|-damage|p2a: Oricorio|1\/100\n|\n|-weather|RainDance|[upkeep]\n|upkeep\n|turn|12\n|-message|ZerimarEsoj forfeited.\n|\n|win|99jiuli\n|raw|99jiuli's rating: 1179 → 1199<\/strong> (+20 for winning)\n|raw|ZerimarEsoj's rating: 1111 → 1091<\/strong> (-20 for losing)\n|l|\u2606ZerimarEsoj\n","uploadtime":1682408139,"views":14,"p1id":"99jiuli","p2id":"zerimaresoj","formatid":"gen9vgc2023regulationc","rating":1091,"private":0,"password":""}