{"id":"gen9vgc2023regulationc-1863945464","p1":"SadSkoomaCat","p2":"lovely_krow","format":"[Gen 9] VGC 2023 Regulation C","log":"|j|\u2606SadSkoomaCat\n|j|\u2606lovely_krow\n|t:|1684096427\n|gametype|doubles\n|player|p1|SadSkoomaCat|candice|\n|player|p2|lovely_krow|lucy|\n|teamsize|p1|6\n|teamsize|p2|6\n|gen|9\n|tier|[Gen 9] VGC 2023 Regulation C\n|rule|Tera Type Preview: Tera Types are shown at Team Preview\n|rule|Species Clause: Limit one of each Pok\u00e9mon\n|rule|Item Clause: Limit one of each item\n|clearpoke\n|poke|p1|Roaring Moon, L50|\n|poke|p1|Torkoal, L50, M|\n|poke|p1|Indeedee-F, L50, F|\n|poke|p1|Lilligant, L50, F|\n|poke|p1|Annihilape, L50, M|\n|poke|p1|Bronzong, L50|\n|poke|p2|Pachirisu, L50, F|\n|poke|p2|Squawkabilly-Yellow, L50, F|\n|poke|p2|Garchomp, L50, M|\n|poke|p2|Tyranitar, L50, M|\n|poke|p2|Iron Valiant, L50|\n|poke|p2|Dragonite, L50, M|\n|teampreview|4\n|raw|SadSkoomaCat's Tera Types: \/ \/ \/ \/ \/ \n|raw|lovely_krow's Tera Types: \/ \/ \/ \/ \/ \nSadSkoomaCat rejected open team sheets.\n|c|\u2606lovely_krow|g2\n|j| Mogomomo\n|c|\u2606lovely_krow|gl hf\n|j| Wow02\n|\n|t:|1684097239\n|start\n|switch|p1a: Annihilape|Annihilape, L50, M|100\/100\n|switch|p1b: Roaring Moon|Roaring Moon, L50|100\/100\n|switch|p2a: Pachirisu|Pachirisu, L50, F|100\/100\n|switch|p2b: Dragonite|Dragonite, L50, M|100\/100\n|turn|1\n|\n|t:|1684097257\n|-terastallize|p1b: Roaring Moon|Steel\n|move|p2a: Pachirisu|Protect|p2a: Pachirisu\n|-singleturn|p2a: Pachirisu|Protect\n|move|p1a: Annihilape|U-turn|p2a: Pachirisu\n|-activate|p2a: Pachirisu|move: Protect\n|move|p1b: Roaring Moon|Dragon Dance|p1b: Roaring Moon\n|-boost|p1b: Roaring Moon|atk|1\n|-boost|p1b: Roaring Moon|spe|1\n|move|p2b: Dragonite|Tailwind|p2b: Dragonite\n|-sidestart|p2: lovely_krow|move: Tailwind\n|\n|upkeep\n|turn|2\n|l| Wow02\n|\n|t:|1684097295\n|switch|p2a: Squawkabilly|Squawkabilly-Yellow, L50, F|100\/100\n|-ability|p2a: Squawkabilly|Intimidate|boost\n|-unboost|p1a: Annihilape|atk|1\n|-ability|p1a: Annihilape|Defiant|boost\n|-boost|p1a: Annihilape|atk|2\n|-unboost|p1b: Roaring Moon|atk|1\n|-terastallize|p2b: Dragonite|Fire\n|move|p1b: Roaring Moon|Protect|p1b: Roaring Moon\n|-singleturn|p1b: Roaring Moon|Protect\n|move|p1a: Annihilape|U-turn|p2b: Dragonite\n|-resisted|p2b: Dragonite\n|-damage|p2b: Dragonite|93\/100\n|j| Wow02\n|\n|t:|1684097306\n|switch|p1a: Torkoal|Torkoal, L50, M|100\/100|[from] U-turn\n|-weather|SunnyDay|[from] ability: Drought|[of] p1a: Torkoal\n|-activate|p1b: Roaring Moon|ability: Protosynthesis\n|-start|p1b: Roaring Moon|protosynthesisspe\n|move|p2b: Dragonite|Flamethrower|p1b: Roaring Moon\n|-activate|p1b: Roaring Moon|move: Protect\n|\n|-weather|SunnyDay|[upkeep]\n|upkeep\n|turn|3\n|\n|t:|1684097327\n|move|p1b: Roaring Moon|Dragon Claw|p2b: Dragonite\n|-damage|p2b: Dragonite|54\/100\n|move|p2a: Squawkabilly|Final Gambit|p1a: Torkoal\n|-damage|p1a: Torkoal|0 fnt\n|faint|p2a: Squawkabilly\n|faint|p1a: Torkoal\n|move|p2b: Dragonite|Flamethrower|p1b: Roaring Moon\n|-supereffective|p1b: Roaring Moon\n|-damage|p1b: Roaring Moon|0 fnt\n|faint|p1b: Roaring Moon\n|-end|p1b: Roaring Moon|Protosynthesis|[silent]\n|\n|-weather|SunnyDay|[upkeep]\n|upkeep\n|\n|t:|1684097341\n|switch|p1b: Lilligant|Lilligant, L50, F|100\/100\n|switch|p2a: Pachirisu|Pachirisu, L50, F|100\/100\n|switch|p1a: Annihilape|Annihilape, L50, M|100\/100\n|turn|4\n|\n|t:|1684097368\n|move|p1b: Lilligant|Sleep Powder|p2b: Dragonite\n|-status|p2b: Dragonite|slp|[from] move: Sleep Powder\n|-enditem|p2b: Dragonite|Lum Berry|[eat]\n|-curestatus|p2b: Dragonite|slp|[msg]\n|move|p2a: Pachirisu|Nuzzle|p1a: Annihilape\n|-crit|p1a: Annihilape\n|-damage|p1a: Annihilape|94\/100\n|-status|p1a: Annihilape|par\n|move|p2b: Dragonite|Flamethrower|p1b: Lilligant\n|-supereffective|p1b: Lilligant\n|-damage|p1b: Lilligant|0 fnt\n|faint|p1b: Lilligant\n|move|p1a: Annihilape|Rage Fist|p2b: Dragonite\n|-damage|p2b: Dragonite|16\/100\n|\n|-weather|SunnyDay|[upkeep]\n|-sideend|p2: lovely_krow|move: Tailwind\n|upkeep\n|turn|5\n|\n|t:|1684097388\n|move|p2a: Pachirisu|Follow Me|p2a: Pachirisu\n|-singleturn|p2a: Pachirisu|move: Follow Me\n|move|p1a: Annihilape|Rage Fist|p2a: Pachirisu\n|-damage|p2a: Pachirisu|50\/100\n|move|p2b: Dragonite|Flamethrower|p1a: Annihilape\n|-crit|p1a: Annihilape\n|-damage|p1a: Annihilape|9\/100 par\n|\n|-weather|SunnyDay|[upkeep]\n|upkeep\n|turn|6\n|c|\u2606lovely_krow|gg wp\n|\n|t:|1684097404\n|move|p2a: Pachirisu|Follow Me|p2a: Pachirisu\n|-singleturn|p2a: Pachirisu|move: Follow Me\n|move|p1a: Annihilape|Rage Fist|p2a: Pachirisu\n|-damage|p2a: Pachirisu|0 fnt\n|faint|p2a: Pachirisu\n|move|p2b: Dragonite|Flamethrower|p1a: Annihilape\n|-damage|p1a: Annihilape|0 fnt\n|faint|p1a: Annihilape\n|\n|win|lovely_krow\n|c|\u2606SadSkoomaCat|gg\n|l| Mogomomo\n|l|\u2606SadSkoomaCat\n","uploadtime":1684097578,"views":9,"p1id":"sadskoomacat","p2id":"lovelykrow","formatid":"gen9vgc2023regulationc","rating":0,"private":0,"password":""}