{"id":"gen9vgc2023regulationc-1857035338","p1":"Micky2735","p2":"NeuroticTC","format":"[Gen 9] VGC 2023 Regulation C","log":"|j|\u2606Micky2735\n|j|\u2606NeuroticTC\n|t:|1683139169\n|gametype|doubles\n|player|p1|Micky2735|grimsley|\n|player|p2|NeuroticTC|boarder|\n|teamsize|p1|6\n|teamsize|p2|6\n|gen|9\n|tier|[Gen 9] VGC 2023 Regulation C\n|rated|Tournament battle\n|rule|Species Clause: Limit one of each Pok\u00e9mon\n|rule|Item Clause: Limit one of each item\n|clearpoke\n|poke|p1|Roaring Moon, L50|\n|poke|p1|Chien-Pao, L50|\n|poke|p1|Amoonguss, L50, M|\n|poke|p1|Arcanine, L50, M|\n|poke|p1|Garchomp, L50, M|\n|poke|p1|Annihilape, L50, M|\n|poke|p2|Brute Bonnet, L50|\n|poke|p2|Murkrow, L50, M|\n|poke|p2|Farigiraf, L50, F|\n|poke|p2|Chi-Yu, L50|\n|poke|p2|Flutter Mane, L50|\n|poke|p2|Great Tusk, L50|\n|teampreview|4\n|inactive|Battle timer is ON: inactive players will automatically lose when time's up. (requested by NeuroticTC)\n|inactive|Micky2735 has 60 seconds left.\n|inactive|NeuroticTC has 60 seconds left.\n|\n|t:|1683139229\n|start\n|switch|p1a: Roaring Moon|Roaring Moon, L50, shiny|100\/100\n|switch|p1b: Amoonguss|Amoonguss, L50, M, shiny|100\/100\n|switch|p2a: Chi-Yu|Chi-Yu, L50|100\/100\n|switch|p2b: Flutter Mane|Flutter Mane, L50|100\/100\n|-ability|p2a: Chi-Yu|Beads of Ruin\n|-enditem|p2b: Flutter Mane|Booster Energy\n|-activate|p2b: Flutter Mane|ability: Protosynthesis|[fromitem]\n|-start|p2b: Flutter Mane|protosynthesisspe\n|-enditem|p1a: Roaring Moon|Booster Energy\n|-activate|p1a: Roaring Moon|ability: Protosynthesis|[fromitem]\n|-start|p1a: Roaring Moon|protosynthesisspe\n|turn|1\n|\n|t:|1683139251\n|-terastallize|p2a: Chi-Yu|Grass\n|-terastallize|p1b: Amoonguss|Water\n|move|p1a: Roaring Moon|Protect|p1a: Roaring Moon\n|-singleturn|p1a: Roaring Moon|Protect\n|move|p2b: Flutter Mane|Moonblast|p1a: Roaring Moon\n|-activate|p1a: Roaring Moon|move: Protect\n|move|p2a: Chi-Yu|Heat Wave|p1b: Amoonguss|[spread] p1b\n|-activate|p1a: Roaring Moon|move: Protect\n|-resisted|p1b: Amoonguss\n|-damage|p1b: Amoonguss|75\/100\n|-damage|p2a: Chi-Yu|90\/100|[from] item: Life Orb\n|move|p1b: Amoonguss|Spore|p2b: Flutter Mane\n|-status|p2b: Flutter Mane|slp|[from] move: Spore\n|\n|upkeep\n|turn|2\n|j| wildfire2\n|inactive|NeuroticTC has 30 seconds left.\n|\n|t:|1683139277\n|cant|p2b: Flutter Mane|slp\n|move|p1a: Roaring Moon|Acrobatics|p2b: Flutter Mane\n|-damage|p2b: Flutter Mane|13\/100 slp\n|move|p2a: Chi-Yu|Dark Pulse|p1a: Roaring Moon\n|-resisted|p1a: Roaring Moon\n|-damage|p1a: Roaring Moon|67\/100\n|-damage|p2a: Chi-Yu|80\/100|[from] item: Life Orb\n|move|p1b: Amoonguss|Clear Smog|p2a: Chi-Yu\n|-supereffective|p2a: Chi-Yu\n|-damage|p2a: Chi-Yu|39\/100\n|-clearboost|p2a: Chi-Yu\n|\n|upkeep\n|turn|3\n|inactive|Micky2735 has 30 seconds left.\n|\n|t:|1683139307\n|cant|p2b: Flutter Mane|slp\n|move|p2a: Chi-Yu|Protect|p2a: Chi-Yu\n|-singleturn|p2a: Chi-Yu|Protect\n|move|p1a: Roaring Moon|Acrobatics|p2a: Chi-Yu\n|-activate|p2a: Chi-Yu|move: Protect\n|move|p1b: Amoonguss|Giga Drain|p2b: Flutter Mane\n|-damage|p2b: Flutter Mane|0 fnt\n|-heal|p1b: Amoonguss|79\/100|[from] drain|[of] p2b: Flutter Mane\n|faint|p2b: Flutter Mane\n|-end|p2b: Flutter Mane|Protosynthesis|[silent]\n|\n|upkeep\n|j| RiotJuice\n|\n|t:|1683139316\n|switch|p2b: Brute Bonnet|Brute Bonnet, L50|100\/100\n|turn|4\n|\n|t:|1683139329\n|move|p1a: Roaring Moon|Protect|p1a: Roaring Moon\n|-singleturn|p1a: Roaring Moon|Protect\n|move|p2b: Brute Bonnet|Sucker Punch||[still]\n|-fail|p2b: Brute Bonnet\n|move|p2a: Chi-Yu|Tera Blast|p1b: Amoonguss\n|-supereffective|p1b: Amoonguss\n|-damage|p1b: Amoonguss|0 fnt\n|faint|p1b: Amoonguss\n|-damage|p2a: Chi-Yu|29\/100|[from] item: Life Orb\n|\n|upkeep\n|\n|t:|1683139337\n|switch|p1b: Arcanine|Arcanine, L50, M|100\/100\n|-ability|p1b: Arcanine|Intimidate|boost\n|-unboost|p2a: Chi-Yu|atk|1\n|-unboost|p2b: Brute Bonnet|atk|1\n|turn|5\n|\n|t:|1683139357\n|move|p2a: Chi-Yu|Protect|p2a: Chi-Yu\n|-singleturn|p2a: Chi-Yu|Protect\n|move|p2b: Brute Bonnet|Sucker Punch|p1a: Roaring Moon\n|-resisted|p1a: Roaring Moon\n|-damage|p1a: Roaring Moon|49\/100\n|move|p1a: Roaring Moon|Acrobatics|p2a: Chi-Yu\n|-activate|p2a: Chi-Yu|move: Protect\n|move|p1b: Arcanine|Will-O-Wisp|p2b: Brute Bonnet\n|-status|p2b: Brute Bonnet|brn\n|\n|-damage|p2b: Brute Bonnet|95\/100 brn|[from] brn\n|upkeep\n|turn|6\n|j| child Pikachu\n|\n|t:|1683139375\n|move|p1b: Arcanine|Extreme Speed|p2a: Chi-Yu\n|-damage|p2a: Chi-Yu|0 fnt\n|faint|p2a: Chi-Yu\n|move|p1a: Roaring Moon|Breaking Swipe|p2b: Brute Bonnet\n|-crit|p2b: Brute Bonnet\n|-damage|p2b: Brute Bonnet|48\/100 brn\n|-unboost|p2b: Brute Bonnet|atk|1\n|move|p2b: Brute Bonnet|Spore|p1a: Roaring Moon\n|-status|p1a: Roaring Moon|slp|[from] move: Spore\n|\n|-damage|p2b: Brute Bonnet|42\/100 brn|[from] brn\n|upkeep\n|\n|t:|1683139378\n|switch|p2a: Great Tusk|Great Tusk, L50|100\/100\n|turn|7\n|l| RiotJuice\n|\n|t:|1683139400\n|-end|p1a: Roaring Moon|Protosynthesis|[silent]\n|switch|p1a: Chien-Pao|Chien-Pao, L50|100\/100\n|-ability|p1a: Chien-Pao|Sword of Ruin\n|move|p1b: Arcanine|Extreme Speed|p2b: Brute Bonnet\n|-damage|p2b: Brute Bonnet|13\/100 brn\n|move|p2b: Brute Bonnet|Rage Powder|p2b: Brute Bonnet\n|-singleturn|p2b: Brute Bonnet|move: Rage Powder\n|move|p2a: Great Tusk|Headlong Rush|p1b: Arcanine\n|-supereffective|p1b: Arcanine\n|-crit|p1b: Arcanine\n|-damage|p1b: Arcanine|0 fnt\n|-unboost|p2a: Great Tusk|def|1\n|-unboost|p2a: Great Tusk|spd|1\n|faint|p1b: Arcanine\n|\n|-damage|p2b: Brute Bonnet|7\/100 brn|[from] brn\n|upkeep\n|\n|t:|1683139406\n|switch|p1b: Roaring Moon|Roaring Moon, L50, shiny|49\/100 slp\n|turn|8\n|\n|t:|1683139421\n|move|p2b: Brute Bonnet|Sucker Punch|p1a: Chien-Pao\n|-resisted|p1a: Chien-Pao\n|-damage|p1a: Chien-Pao|94\/100\n|move|p2a: Great Tusk|Headlong Rush|p1a: Chien-Pao\n|-crit|p1a: Chien-Pao\n|-damage|p1a: Chien-Pao|0 fnt\n|-unboost|p2a: Great Tusk|def|1\n|-unboost|p2a: Great Tusk|spd|1\n|faint|p1a: Chien-Pao\n|cant|p1b: Roaring Moon|slp\n|\n|-damage|p2b: Brute Bonnet|1\/100 brn|[from] brn\n|upkeep\n|turn|9\n|j| ale cog\n|\n|t:|1683139434\n|cant|p1b: Roaring Moon|slp\n|move|p2b: Brute Bonnet|Rage Powder|p2b: Brute Bonnet\n|-singleturn|p2b: Brute Bonnet|move: Rage Powder\n|move|p2a: Great Tusk|Headlong Rush|p1b: Roaring Moon\n|-crit|p1b: Roaring Moon\n|-damage|p1b: Roaring Moon|0 fnt\n|-unboost|p2a: Great Tusk|def|1\n|-unboost|p2a: Great Tusk|spd|1\n|faint|p1b: Roaring Moon\n|-end|p1b: Roaring Moon|Protosynthesis|[silent]\n|\n|win|NeuroticTC\n|n|\u2606Micky2735|micky2735\n|n|\u2606NeuroticTC|neurotictc\n|n| wildfire2|wildfire2\n|n| child Pikachu|childpikachu\n|n| ale cog|alecog\n|l|\u2606Micky2735\n","uploadtime":1683139463,"views":13,"p1id":"micky2735","p2id":"neurotictc","formatid":"gen9vgc2023regulationc","rating":0,"private":0,"password":""}