{"id":"gen9vgc2023regulationc-1857835991","p1":"Rateder","p2":"Flo Bros Inc.","format":"[Gen 9] VGC 2023 Regulation C","log":"|j|\u2606Rateder\n|j|\u2606Flo Bros Inc.\n|t:|1683236975\n|gametype|doubles\n|player|p1|Rateder|ethan|1304\n|player|p2|Flo Bros Inc.|unknown|1346\n|teamsize|p1|6\n|teamsize|p2|6\n|gen|9\n|tier|[Gen 9] VGC 2023 Regulation C\n|rated|\n|rule|Species Clause: Limit one of each Pok\u00e9mon\n|rule|Item Clause: Limit one of each item\n|clearpoke\n|poke|p1|Annihilape, L50, F|\n|poke|p1|Maushold-Four, L50|\n|poke|p1|Flutter Mane, L50|\n|poke|p1|Ting-Lu, L50|\n|poke|p1|Amoonguss, L50, M|\n|poke|p1|Tatsugiri-Stretchy, L50, M|\n|poke|p2|Mimikyu, L50, M|\n|poke|p2|Iron Hands, L50|\n|poke|p2|Torkoal, L50, M|\n|poke|p2|Arboliva, L50, M|\n|poke|p2|Amoonguss, L50, M|\n|poke|p2|Armarouge, L50, F|\n|teampreview|4\n|inactive|Battle timer is ON: inactive players will automatically lose when time's up. (requested by Rateder)\nRateder rejected open team sheets.\n|inactive|Flo Bros Inc. has 60 seconds left.\n|\n|t:|1683237013\n|start\n|switch|p1a: Annihilape|Annihilape, L50, F|100\/100\n|switch|p1b: Maushold|Maushold-Four, L50|100\/100\n|switch|p2a: MrBdyEvrthng|Mimikyu, L50, M, shiny|100\/100\n|switch|p2b: Iron Hands|Iron Hands, L50|100\/100\n|turn|1\n|inactive|Rateder has 30 seconds left.\n|\n|t:|1683237043\n|-terastallize|p1a: Annihilape|Fire\n|move|p2b: Iron Hands|Fake Out|p1b: Maushold\n|-damage|p1b: Maushold|78\/100\n|cant|p1b: Maushold|flinch\n|move|p1a: Annihilape|Bulk Up|p1a: Annihilape\n|-boost|p1a: Annihilape|atk|1\n|-boost|p1a: Annihilape|def|1\n|move|p2a: MrBdyEvrthng|Trick Room|p2a: MrBdyEvrthng\n|-fieldstart|move: Trick Room|[of] p2a: MrBdyEvrthng\n|\n|upkeep\n|turn|2\n|inactive|Rateder has 30 seconds left.\n|inactive|Flo Bros Inc. has 30 seconds left.\n|inactive|Flo Bros Inc. has 20 seconds left.\n|inactive|Rateder has 20 seconds left.\n|inactive|Flo Bros Inc. has 15 seconds left.\n|inactive|Flo Bros Inc. has 10 seconds left.\n|\n|t:|1683237091\n|move|p2a: MrBdyEvrthng|Shadow Sneak|p1a: Annihilape\n|-damage|p1a: Annihilape|93\/100\n|move|p2b: Iron Hands|Drain Punch|p1b: Maushold\n|-supereffective|p1b: Maushold\n|-damage|p1b: Maushold|0 fnt\n|faint|p1b: Maushold\n|move|p1a: Annihilape|Bulk Up|p1a: Annihilape\n|-boost|p1a: Annihilape|atk|1\n|-boost|p1a: Annihilape|def|1\n|\n|-heal|p1a: Annihilape|99\/100|[from] item: Leftovers\n|upkeep\n|\n|t:|1683237103\n|switch|p1b: Ting-Lu|Ting-Lu, L50|100\/100\n|-ability|p1b: Ting-Lu|Vessel of Ruin\n|turn|3\n|\n|t:|1683237118\n|move|p1a: Annihilape|Protect|p1a: Annihilape\n|-singleturn|p1a: Annihilape|Protect\n|move|p2b: Iron Hands|Drain Punch|p1b: Ting-Lu\n|-supereffective|p1b: Ting-Lu\n|-damage|p1b: Ting-Lu|45\/100\n|-enditem|p1b: Ting-Lu|Weakness Policy\n|-boost|p1b: Ting-Lu|atk|2|[from] item: Weakness Policy\n|-boost|p1b: Ting-Lu|spa|2|[from] item: Weakness Policy\n|move|p1b: Ting-Lu|Fissure|p2b: Iron Hands|[miss]\n|-miss|p1b: Ting-Lu|p2b: Iron Hands\n|move|p2a: MrBdyEvrthng|Play Rough|p1b: Ting-Lu\n|-supereffective|p1b: Ting-Lu\n|-damage|p1b: Ting-Lu|0 fnt\n|faint|p1b: Ting-Lu\n|\n|-heal|p1a: Annihilape|100\/100|[from] item: Leftovers\n|upkeep\n|\n|t:|1683237135\n|switch|p1b: Flutter Mane|Flutter Mane, L50|100\/100\n|turn|4\n|\n|t:|1683237151\n|move|p1b: Flutter Mane|Protect|p1b: Flutter Mane\n|-singleturn|p1b: Flutter Mane|Protect\n|move|p2a: MrBdyEvrthng|Shadow Sneak|p1b: Flutter Mane\n|-activate|p1b: Flutter Mane|move: Protect\n|move|p2b: Iron Hands|Wild Charge|p1b: Flutter Mane\n|-activate|p1b: Flutter Mane|move: Protect\n|move|p1a: Annihilape|Drain Punch|p2b: Iron Hands\n|-damage|p2b: Iron Hands|59\/100\n|\n|upkeep\n|turn|5\n|\n|t:|1683237169\n|move|p2a: MrBdyEvrthng|Shadow Sneak|p1b: Flutter Mane\n|-supereffective|p1b: Flutter Mane\n|-damage|p1b: Flutter Mane|30\/100\n|move|p2b: Iron Hands|Wild Charge|p1b: Flutter Mane\n|-damage|p1b: Flutter Mane|0 fnt\n|faint|p1b: Flutter Mane\n|-end|p1b: Flutter Mane|Protosynthesis|[silent]\n|-damage|p2b: Iron Hands|54\/100|[from] Recoil\n|move|p1a: Annihilape|Bulk Up|p1a: Annihilape\n|-boost|p1a: Annihilape|atk|1\n|-boost|p1a: Annihilape|def|1\n|\n|-fieldend|move: Trick Room\n|upkeep\n|turn|6\n|\n|t:|1683237191\n|move|p1a: Annihilape|Rage Fist|p2b: Iron Hands\n|-damage|p2b: Iron Hands|0 fnt\n|faint|p2b: Iron Hands\n|-end|p2b: Iron Hands|Quark Drive|[silent]\n|move|p2a: MrBdyEvrthng|Trick Room|p2a: MrBdyEvrthng\n|-fieldstart|move: Trick Room|[of] p2a: MrBdyEvrthng\n|\n|upkeep\n|\n|t:|1683237203\n|switch|p2b: Tort|Torkoal, L50, M|100\/100\n|-weather|SunnyDay|[from] ability: Drought|[of] p2b: Tort\n|turn|7\n|\n|t:|1683237214\n|move|p1a: Annihilape|Protect|p1a: Annihilape\n|-singleturn|p1a: Annihilape|Protect\n|move|p2a: MrBdyEvrthng|Shadow Sneak|p1a: Annihilape\n|-activate|p1a: Annihilape|move: Protect\n|move|p2b: Tort|Yawn|p1a: Annihilape\n|-activate|p1a: Annihilape|move: Protect\n|\n|-weather|SunnyDay|[upkeep]\n|upkeep\n|turn|8\n|\n|t:|1683237226\n|move|p2a: MrBdyEvrthng|Shadow Sneak|p1a: Annihilape\n|-damage|p1a: Annihilape|95\/100\n|move|p2b: Tort|Yawn|p1a: Annihilape\n|-start|p1a: Annihilape|move: Yawn|[of] p2b: Tort\n|move|p1a: Annihilape|Rage Fist|p2b: Tort\n|-damage|p2b: Tort|0 fnt\n|faint|p2b: Tort\n|\n|-weather|SunnyDay|[upkeep]\n|-heal|p1a: Annihilape|100\/100|[from] item: Leftovers\n|upkeep\n|\n|t:|1683237236\n|switch|p2b: Arboliva|Arboliva, L50, M|100\/100\n|turn|9\n|\n|t:|1683237247\n|move|p2b: Arboliva|Protect|p2b: Arboliva\n|-singleturn|p2b: Arboliva|Protect\n|move|p2a: MrBdyEvrthng|Shadow Sneak|p1a: Annihilape\n|-damage|p1a: Annihilape|94\/100\n|move|p1a: Annihilape|Rage Fist|p2a: MrBdyEvrthng\n|-activate|p2a: MrBdyEvrthng|ability: Disguise\n|-damage|p2a: MrBdyEvrthng|100\/100\n|detailschange|p2a: MrBdyEvrthng|Mimikyu-Busted, L50, M, shiny\n|-damage|p2a: MrBdyEvrthng|88\/100|[from] pokemon: Mimikyu-Busted\n|\n|-weather|SunnyDay|[upkeep]\n|-heal|p1a: Annihilape|100\/100|[from] item: Leftovers\n|-end|p1a: Annihilape|move: Yawn|[silent]\n|-status|p1a: Annihilape|slp\n|upkeep\n|turn|10\n|\n|t:|1683237266\n|cant|p1a: Annihilape|slp\n|move|p2a: MrBdyEvrthng|Shadow Sneak|p1a: Annihilape\n|-damage|p1a: Annihilape|94\/100 slp\n|move|p2b: Arboliva|Hyper Voice|p1a: Annihilape\n|-damage|p1a: Annihilape|57\/100 slp\n|-enditem|p2b: Arboliva|Throat Spray\n|-boost|p2b: Arboliva|spa|1|[from] item: Throat Spray\n|\n|-weather|SunnyDay|[upkeep]\n|-heal|p1a: Annihilape|63\/100 slp|[from] item: Leftovers\n|-fieldend|move: Trick Room\n|upkeep\n|turn|11\n|\n|t:|1683237283\n|-curestatus|p1a: Annihilape|slp|[msg]\n|move|p1a: Annihilape|Drain Punch|p2b: Arboliva\n|-supereffective|p2b: Arboliva\n|-damage|p2b: Arboliva|0 fnt\n|-heal|p1a: Annihilape|100\/100|[from] drain|[of] p2b: Arboliva\n|-fieldstart|move: Grassy Terrain|[from] ability: Seed Sower|[of] p2b: Arboliva\n|faint|p2b: Arboliva\n|move|p2a: MrBdyEvrthng|Trick Room|p2a: MrBdyEvrthng\n|-fieldstart|move: Trick Room|[of] p2a: MrBdyEvrthng\n|\n|-weather|none\n|-heal|p2a: MrBdyEvrthng|94\/100|[from] Grassy Terrain\n|upkeep\n|turn|12\n|-message|Flo Bros Inc. forfeited.\n|\n|win|Rateder\n|raw|Rateder's rating: 1304 → 1326<\/strong> (+22 for winning)\n|raw|Flo Bros Inc.'s rating: 1346 → 1324<\/strong> (-22 for losing)\n|l|\u2606Flo Bros Inc.\n","uploadtime":1683237297,"views":10,"p1id":"rateder","p2id":"flobrosinc","formatid":"gen9vgc2023regulationc","rating":1324,"private":0,"password":""}