{"id":"gen9vgc2023regulationc-1854126243","p1":"pokemon homo","p2":"xqiht","format":"[Gen 9] VGC 2023 Regulation C","log":"|j|\u2606pokemon homo\n|j|\u2606xqiht\n|t:|1682773392\n|gametype|doubles\n|player|p1|pokemon homo|rosa|\n|player|p2|xqiht|elesa-masters|\n|teamsize|p1|6\n|teamsize|p2|6\n|gen|9\n|tier|[Gen 9] VGC 2023 Regulation C\n|rule|Species Clause: Limit one of each Pok\u00e9mon\n|rule|Item Clause: Limit one of each item\n|clearpoke\n|poke|p1|Chien-Pao, L50|\n|poke|p1|Dragonite, L50, M|\n|poke|p1|Ting-Lu, L50|\n|poke|p1|Gyarados, L50, F|\n|poke|p1|Flutter Mane, L50|\n|poke|p1|Amoonguss, L50, F|\n|poke|p2|Palafin, L50, F|\n|poke|p2|Chien-Pao, L50|\n|poke|p2|Dragapult, L50, F|\n|poke|p2|Amoonguss, L50, M|\n|poke|p2|Arcanine, L50, M|\n|poke|p2|Flutter Mane, L50|\n|teampreview|4\npokemon homo has agreed to open team sheets.\nxqiht has agreed to open team sheets.\n|inactive|Battle timer is ON: inactive players will automatically lose when time's up. (requested by xqiht)\n|\n|t:|1682773467\n|start\n|switch|p1a: Gyarados|Gyarados, L50, F|100\/100\n|switch|p1b: Chien-Pao|Chien-Pao, L50|100\/100\n|switch|p2a: WoChien|Amoonguss, L50, M|100\/100\n|switch|p2b: Dnite|Dragapult, L50, F|100\/100\n|-ability|p1b: Chien-Pao|Sword of Ruin\n|-ability|p1a: Gyarados|Intimidate|boost\n|-unboost|p2a: WoChien|atk|1\n|-fail|p2b: Dnite|unboost|[from] ability: Clear Body|[of] p2b: Dnite\n|turn|1\n|inactive|pokemon homo has 30 seconds left.\n|inactive|xqiht has 30 seconds left.\n|inactive|pokemon homo has 20 seconds left.\n|inactive|pokemon homo has 15 seconds left.\n|\n|t:|1682773511\n|switch|p2a: ChiYu|Arcanine, L50, M|100\/100\n|-ability|p2a: ChiYu|Intimidate|boost\n|-unboost|p1a: Gyarados|atk|1\n|-unboost|p1b: Chien-Pao|atk|1\n|-terastallize|p2b: Dnite|Steel\n|move|p2b: Dnite|Dragon Darts|p1a: Gyarados\n|-damage|p1a: Gyarados|54\/100\n|-anim|p2b: Dnite|Dragon Darts|p1b: Chien-Pao\n|-damage|p1b: Chien-Pao|54\/100\n|move|p1b: Chien-Pao|Ice Spinner|p2b: Dnite\n|-resisted|p2b: Dnite\n|-damage|p2b: Dnite|77\/100\n|move|p1a: Gyarados|Taunt|p2a: ChiYu\n|-start|p2a: ChiYu|move: Taunt\n|\n|upkeep\n|turn|2\n|inactive|pokemon homo has 30 seconds left.\n|\n|t:|1682773543\n|switch|p1a: Flutter Mane|Flutter Mane, L50|100\/100\n|move|p1b: Chien-Pao|Protect|p1b: Chien-Pao\n|-singleturn|p1b: Chien-Pao|Protect\n|move|p2a: ChiYu|Extreme Speed|p1a: Flutter Mane\n|-immune|p1a: Flutter Mane\n|move|p2b: Dnite|Dragon Darts|p1a: Flutter Mane\n|-immune|p1a: Flutter Mane\n|\n|upkeep\n|turn|3\n|\n|t:|1682773566\n|switch|p1b: Gyarados|Gyarados, L50, F|54\/100\n|-ability|p1b: Gyarados|Intimidate|boost\n|-unboost|p2a: ChiYu|atk|1\n|-fail|p2b: Dnite|unboost|[from] ability: Clear Body|[of] p2b: Dnite\n|move|p2b: Dnite|Dragon Darts|p1b: Gyarados\n|-damage|p1b: Gyarados|19\/100\n|-anim|p2b: Dnite|Dragon Darts|p1b: Gyarados\n|-crit|p1b: Gyarados\n|-damage|p1b: Gyarados|0 fnt\n|faint|p1b: Gyarados\n|move|p1a: Flutter Mane|Shadow Ball|p2b: Dnite\n|-damage|p2b: Dnite|0 fnt\n|faint|p2b: Dnite\n|move|p2a: ChiYu|Flare Blitz|p1a: Flutter Mane\n|-damage|p1a: Flutter Mane|47\/100\n|-damage|p2a: ChiYu|87\/100|[from] Recoil\n|\n|-end|p2a: ChiYu|move: Taunt\n|upkeep\n|\n|t:|1682773587\n|switch|p2b: WoChien|Amoonguss, L50, M|100\/100\n|switch|p1b: Dragonite|Dragonite, L50, M|100\/100\n|turn|4\n|inactive|pokemon homo has 30 seconds left.\n|inactive|xqiht has 30 seconds left.\n|inactive|pokemon homo has 20 seconds left.\n|inactive|xqiht has 20 seconds left.\n|inactive|pokemon homo has 15 seconds left.\n|inactive|xqiht has 15 seconds left.\n|inactive|pokemon homo has 10 seconds left.\n|inactive|xqiht has 10 seconds left.\n|inactiveoff|Battle timer is now OFF.\n|\n|t:|1682773657\n|-terastallize|p1a: Flutter Mane|Grass\n|move|p1b: Dragonite|Extreme Speed|p2a: ChiYu\n|-damage|p2a: ChiYu|33\/100\n|move|p1a: Flutter Mane|Shadow Ball|p2a: ChiYu\n|-damage|p2a: ChiYu|0 fnt\n|faint|p2a: ChiYu\n|move|p2b: WoChien|Spore|p1b: Dragonite\n|-status|p1b: Dragonite|slp|[from] move: Spore\n|\n|upkeep\n|\n|t:|1682773664\n|switch|p2a: Bundle|Chien-Pao, L50|100\/100\n|-ability|p2a: Bundle|Sword of Ruin\n|turn|5\n|\n|t:|1682773690\n|cant|p1b: Dragonite|slp\n|move|p2a: Bundle|Ice Spinner|p1b: Dragonite\n|-supereffective|p1b: Dragonite\n|-damage|p1b: Dragonite|0 fnt\n|faint|p1b: Dragonite\n|move|p1a: Flutter Mane|Shadow Ball|p2a: Bundle\n|-resisted|p2a: Bundle\n|-damage|p2a: Bundle|45\/100\n|move|p2b: WoChien|Pollen Puff|p1a: Flutter Mane\n|-supereffective|p1a: Flutter Mane\n|-damage|p1a: Flutter Mane|17\/100\n|\n|upkeep\n|\n|t:|1682773702\n|switch|p1b: Chien-Pao|Chien-Pao, L50|54\/100\n|-ability|p1b: Chien-Pao|Sword of Ruin\n|turn|6\n|inactive|Battle timer is ON: inactive players will automatically lose when time's up. (requested by xqiht)\n|\n|t:|1682773742\n|move|p2a: Bundle|Sucker Punch|p1a: Flutter Mane\n|-damage|p1a: Flutter Mane|0 fnt\n|faint|p1a: Flutter Mane\n|-end|p1a: Flutter Mane|Protosynthesis|[silent]\n|move|p1b: Chien-Pao|Ice Spinner|p2b: WoChien\n|-supereffective|p2b: WoChien\n|-damage|p2b: WoChien|8\/100\n|-enditem|p2b: WoChien|Sitrus Berry|[eat]\n|-heal|p2b: WoChien|33\/100|[from] item: Sitrus Berry\n|move|p2b: WoChien|Spore|p1b: Chien-Pao\n|-status|p1b: Chien-Pao|slp|[from] move: Spore\n|\n|upkeep\n|turn|7\n|-message|pokemon homo forfeited.\n|\n|win|xqiht\n|l|\u2606pokemon homo\n|c|\u2606xqiht|gg\n","uploadtime":1682773756,"views":25,"p1id":"pokemonhomo","p2id":"xqiht","formatid":"gen9vgc2023regulationc","rating":0,"private":0,"password":""}