{"id":"gen9vgc2023regulationc-1855205170","p1":"DoctorTW","p2":"dotcubus","format":"[Gen 9] VGC 2023 Regulation C","log":"|j|\u2606DoctorTW\n|j|\u2606dotcubus\n|t:|1682914854\n|gametype|doubles\n|player|p1|DoctorTW|scientist-gen4dp|1137\n|player|p2|dotcubus|guitarist|1221\n|teamsize|p1|6\n|teamsize|p2|6\n|gen|9\n|tier|[Gen 9] VGC 2023 Regulation C\n|rated|\n|rule|Species Clause: Limit one of each Pok\u00e9mon\n|rule|Item Clause: Limit one of each item\n|clearpoke\n|poke|p1|Glimmora, L50, F|\n|poke|p1|Iron Hands, L50|\n|poke|p1|Palafin, L50, M|\n|poke|p1|Skeledirge, L50, F|\n|poke|p1|Ting-Lu, L50|\n|poke|p1|Wo-Chien, L50|\n|poke|p2|Murkrow, L50, M|\n|poke|p2|Garchomp, L50, M|\n|poke|p2|Gyarados, L50, F|\n|poke|p2|Flutter Mane, L50|\n|poke|p2|Chi-Yu, L50|\n|poke|p2|Amoonguss, L50, F|\n|teampreview|4\n|inactive|Battle timer is ON: inactive players will automatically lose when time's up. (requested by dotcubus)\n|inactive|dotcubus has 60 seconds left.\n|\n|t:|1682914908\n|start\n|switch|p1a: Glimmora|Glimmora, L50, F|100\/100\n|switch|p1b: Wo-Chien|Wo-Chien, L50|100\/100\n|switch|p2a: Murkrow|Murkrow, L50, M|100\/100\n|switch|p2b: Gyarados|Gyarados, L50, F|100\/100\n|-ability|p2b: Gyarados|Intimidate|boost\n|-unboost|p1a: Glimmora|atk|1\n|-unboost|p1b: Wo-Chien|atk|1\n|-ability|p1b: Wo-Chien|Tablets of Ruin\n|turn|1\n|inactive|dotcubus has 30 seconds left.\n|inactive|dotcubus has 20 seconds left.\n|\n|t:|1682914946\n|move|p2a: Murkrow|Tailwind|p2a: Murkrow\n|-sidestart|p2: dotcubus|move: Tailwind\n|move|p2b: Gyarados|Waterfall|p1a: Glimmora\n|-supereffective|p1a: Glimmora\n|-damage|p1a: Glimmora|34\/100\n|-activate|p1a: Glimmora|ability: Toxic Debris\n|-sidestart|p2: dotcubus|move: Toxic Spikes\n|move|p1a: Glimmora|Mortal Spin|p2a: Murkrow|[spread] p2a,p2b\n|-damage|p2a: Murkrow|98\/100\n|-damage|p2b: Gyarados|98\/100\n|-status|p2a: Murkrow|psn\n|-status|p2b: Gyarados|psn\n|move|p1b: Wo-Chien|Ruination|p2a: Murkrow\n|-damage|p2a: Murkrow|50\/100 psn\n|\n|-damage|p2b: Gyarados|86\/100 psn|[from] psn\n|-damage|p2a: Murkrow|38\/100 psn|[from] psn\n|upkeep\n|turn|2\n|inactive|dotcubus has 30 seconds left.\n|\n|t:|1682914971\n|switch|p2a: Chi-Yu|Chi-Yu, L50|100\/100\n|-status|p2a: Chi-Yu|psn\n|-ability|p2a: Chi-Yu|Beads of Ruin\n|move|p1a: Glimmora|Spiky Shield|p1a: Glimmora\n|-singleturn|p1a: Glimmora|move: Protect\n|move|p2b: Gyarados|Waterfall|p1a: Glimmora\n|-activate|p1a: Glimmora|move: Protect\n|-damage|p2b: Gyarados|74\/100 psn|[from] Spiky Shield|[of] p1a: Glimmora\n|move|p1b: Wo-Chien|Leech Seed|p2a: Chi-Yu\n|-start|p2a: Chi-Yu|move: Leech Seed\n|\n|-damage|p2a: Chi-Yu|88\/100 psn|[from] Leech Seed|[of] p1b: Wo-Chien\n|-damage|p2a: Chi-Yu|76\/100 psn|[from] psn\n|-damage|p2b: Gyarados|62\/100 psn|[from] psn\n|upkeep\n|turn|3\n|inactive|dotcubus has 30 seconds left.\n|inactive|dotcubus has 20 seconds left.\n|\n|t:|1682915006\n|switch|p1a: Iron Hands|Iron Hands, L50|100\/100\n|-terastallize|p2a: Chi-Yu|Water\n|-terastallize|p1b: Wo-Chien|Water\n|move|p2a: Chi-Yu|Heat Wave|p1b: Wo-Chien|[spread] p1a,p1b\n|-resisted|p1b: Wo-Chien\n|-damage|p1a: Iron Hands|73\/100\n|-damage|p1b: Wo-Chien|85\/100\n|move|p2b: Gyarados|Waterfall|p1a: Iron Hands\n|-damage|p1a: Iron Hands|48\/100\n|move|p1b: Wo-Chien|Leech Seed|p2b: Gyarados\n|-start|p2b: Gyarados|move: Leech Seed\n|\n|-heal|p2a: Chi-Yu|82\/100 psn|[from] item: Leftovers\n|-heal|p1b: Wo-Chien|91\/100|[from] item: Leftovers\n|-damage|p2a: Chi-Yu|70\/100 psn|[from] Leech Seed|[of] p1b: Wo-Chien\n|-heal|p1b: Wo-Chien|99\/100|[silent]\n|-damage|p2b: Gyarados|50\/100 psn|[from] Leech Seed|[of] p1b: Wo-Chien\n|-heal|p1b: Wo-Chien|100\/100|[silent]\n|-damage|p2a: Chi-Yu|57\/100 psn|[from] psn\n|-damage|p2b: Gyarados|38\/100 psn|[from] psn\n|upkeep\n|turn|4\n|inactive|DoctorTW has 30 seconds left.\n|inactive|dotcubus has 30 seconds left.\n|\n|t:|1682915036\n|switch|p1b: Glimmora|Glimmora, L50, F|34\/100\n|move|p2a: Chi-Yu|Nasty Plot|p2a: Chi-Yu\n|-boost|p2a: Chi-Yu|spa|2\n|move|p2b: Gyarados|Thunder Wave|p1b: Glimmora\n|-status|p1b: Glimmora|par\n|move|p1a: Iron Hands|Thunder Punch|p2a: Chi-Yu\n|-supereffective|p2a: Chi-Yu\n|-damage|p2a: Chi-Yu|0 fnt\n|faint|p2a: Chi-Yu\n|\n|-damage|p2b: Gyarados|25\/100 psn|[from] Leech Seed|[of] p1b: Glimmora\n|-heal|p1b: Glimmora|46\/100 par|[silent]\n|-damage|p2b: Gyarados|13\/100 psn|[from] psn\n|-sideend|p2: dotcubus|move: Tailwind\n|upkeep\n|\n|t:|1682915051\n|switch|p2a: Flutter Mane|Flutter Mane, L50|100\/100\n|-status|p2a: Flutter Mane|psn\n|turn|5\n|\n|t:|1682915062\n|cant|p1b: Glimmora|par\n|move|p2a: Flutter Mane|Dazzling Gleam|p1b: Glimmora|[spread] p1a,p1b\n|-supereffective|p1a: Iron Hands\n|-resisted|p1b: Glimmora\n|-damage|p1a: Iron Hands|0 fnt\n|-damage|p1b: Glimmora|19\/100 par\n|faint|p1a: Iron Hands\n|-end|p1a: Iron Hands|Quark Drive|[silent]\n|move|p2b: Gyarados|Waterfall|p1b: Glimmora\n|-supereffective|p1b: Glimmora\n|-damage|p1b: Glimmora|0 fnt\n|-activate|p1b: Glimmora|ability: Toxic Debris\n|-sidestart|p2: dotcubus|move: Toxic Spikes\n|faint|p1b: Glimmora\n|\n|-damage|p2a: Flutter Mane|88\/100 psn|[from] psn\n|-damage|p2b: Gyarados|1\/100 psn|[from] psn\n|upkeep\n|\n|t:|1682915076\n|switch|p1b: Skeledirge|Skeledirge, L50, F|100\/100\n|switch|p1a: Wo-Chien|Wo-Chien, L50, tera:Water|100\/100\n|-ability|p1a: Wo-Chien|Tablets of Ruin\n|turn|6\n|\n|t:|1682915085\n|move|p2a: Flutter Mane|Dazzling Gleam|p1b: Skeledirge|[spread] p1a,p1b\n|-resisted|p1b: Skeledirge\n|-damage|p1a: Wo-Chien|67\/100\n|-damage|p1b: Skeledirge|79\/100\n|move|p2b: Gyarados|Waterfall|p1b: Skeledirge\n|-supereffective|p1b: Skeledirge\n|-damage|p1b: Skeledirge|29\/100\n|-enditem|p1b: Skeledirge|Sitrus Berry|[eat]\n|-heal|p1b: Skeledirge|53\/100|[from] item: Sitrus Berry\n|move|p1a: Wo-Chien|Leech Seed|p2a: Flutter Mane\n|-start|p2a: Flutter Mane|move: Leech Seed\n|move|p1b: Skeledirge|Shadow Ball|p2a: Flutter Mane\n|-supereffective|p2a: Flutter Mane\n|-damage|p2a: Flutter Mane|19\/100 psn\n|\n|-heal|p1a: Wo-Chien|73\/100|[from] item: Leftovers\n|-damage|p2a: Flutter Mane|7\/100 psn|[from] Leech Seed|[of] p1a: Wo-Chien\n|-heal|p1a: Wo-Chien|82\/100|[silent]\n|-damage|p2b: Gyarados|0 fnt|[from] Leech Seed|[of] p1b: Skeledirge\n|-heal|p1b: Skeledirge|54\/100|[silent]\n|faint|p2b: Gyarados\n|-damage|p2a: Flutter Mane|0 fnt|[from] psn\n|faint|p2a: Flutter Mane\n|-end|p2a: Flutter Mane|Protosynthesis|[silent]\n|upkeep\n|-message|dotcubus forfeited.\n|\n|win|DoctorTW\n|raw|DoctorTW's rating: 1137 → 1168<\/strong> (+31 for winning)\n|raw|dotcubus's rating: 1221 → 1190<\/strong> (-31 for losing)\n|l|\u2606dotcubus\n","uploadtime":1682915114,"views":16,"p1id":"doctortw","p2id":"dotcubus","formatid":"gen9vgc2023regulationc","rating":1168,"private":0,"password":""}