{"id":"gen9vgc2023regulationc-1864407850","p1":"JamStunna","p2":"revocolombia","format":"[Gen 9] VGC 2023 Regulation C","log":"|j|\u2606JamStunna\n|j|\u2606revocolombia\n|t:|1684163971\n|gametype|doubles\n|player|p1|JamStunna|265|1341\n|player|p2|revocolombia|pokemonranger-gen4|1338\n|teamsize|p1|6\n|teamsize|p2|6\n|gen|9\n|tier|[Gen 9] VGC 2023 Regulation C\n|rated|\n|rule|Species Clause: Limit one of each Pok\u00e9mon\n|rule|Item Clause: Limit one of each item\n|clearpoke\n|poke|p1|Gothitelle, L50, M|\n|poke|p1|Sylveon, L50, F|\n|poke|p1|Roaring Moon, L50|\n|poke|p1|Gengar, L50, M|\n|poke|p1|Azumarill, L50, F|\n|poke|p1|Gothorita, L50, M|\n|poke|p2|Flutter Mane, L50|\n|poke|p2|Annihilape, L50, M|\n|poke|p2|Orthworm, L50, M|\n|poke|p2|Chien-Pao, L50|\n|poke|p2|Murkrow, L50, F|\n|poke|p2|Rotom-Wash, L50|\n|teampreview|4\n|inactive|Battle timer is ON: inactive players will automatically lose when time's up. (requested by JamStunna)\n|\n|t:|1684164018\n|start\n|switch|p1a: Roaring Moon|Roaring Moon, L50|100\/100\n|switch|p1b: Gengar|Gengar, L50, M|100\/100\n|switch|p2a: Orthworm|Orthworm, L50, M|100\/100\n|switch|p2b: Annihilape|Annihilape, L50, M|100\/100\n|-enditem|p1a: Roaring Moon|Booster Energy\n|-activate|p1a: Roaring Moon|ability: Protosynthesis|[fromitem]\n|-start|p1a: Roaring Moon|protosynthesisatk\n|turn|1\n|inactive|JamStunna has 30 seconds left.\n|\n|t:|1684164046\n|-terastallize|p2b: Annihilape|Fire\n|move|p1a: Roaring Moon|Protect|p1a: Roaring Moon\n|-singleturn|p1a: Roaring Moon|Protect\n|move|p1b: Gengar|Shadow Ball|p2b: Annihilape\n|-damage|p2b: Annihilape|63\/100\n|move|p2b: Annihilape|Rage Fist|p1b: Gengar\n|-supereffective|p1b: Gengar\n|-enditem|p1b: Gengar|Focus Sash\n|-damage|p1b: Gengar|1\/100\n|move|p2a: Orthworm|Iron Defense|p2a: Orthworm\n|-boost|p2a: Orthworm|def|2\n|\n|-heal|p2b: Annihilape|69\/100|[from] item: Leftovers\n|upkeep\n|turn|2\n|inactive|JamStunna has 30 seconds left.\n|\n|t:|1684164074\n|-terastallize|p1a: Roaring Moon|Flying\n|move|p2b: Annihilape|Protect|p2b: Annihilape\n|-singleturn|p2b: Annihilape|Protect\n|move|p1a: Roaring Moon|Acrobatics|p2b: Annihilape\n|-activate|p2b: Annihilape|move: Protect\n|move|p1b: Gengar|Perish Song|p1b: Gengar\n|-start|p1a: Roaring Moon|perish3|[silent]\n|-start|p1b: Gengar|perish3|[silent]\n|-start|p2a: Orthworm|perish3|[silent]\n|-start|p2b: Annihilape|perish3|[silent]\n|-fieldactivate|move: Perish Song\n|move|p2a: Orthworm|Body Press|p1a: Roaring Moon\n|-resisted|p1a: Roaring Moon\n|-damage|p1a: Roaring Moon|68\/100\n|\n|-heal|p2b: Annihilape|75\/100|[from] item: Leftovers\n|-start|p1a: Roaring Moon|perish3\n|-start|p1b: Gengar|perish3\n|-start|p2b: Annihilape|perish3\n|-start|p2a: Orthworm|perish3\n|upkeep\n|turn|3\n|\n|t:|1684164097\n|switch|p2b: Flutter Mane|Flutter Mane, L50|100\/100\n|-enditem|p2b: Flutter Mane|Booster Energy\n|-activate|p2b: Flutter Mane|ability: Protosynthesis|[fromitem]\n|-start|p2b: Flutter Mane|protosynthesisspe\n|move|p1a: Roaring Moon|Acrobatics|p2b: Flutter Mane\n|-damage|p2b: Flutter Mane|0 fnt\n|faint|p2b: Flutter Mane\n|-end|p2b: Flutter Mane|Protosynthesis|[silent]\n|move|p1b: Gengar|Shadow Ball|p2a: Orthworm\n|-damage|p2a: Orthworm|38\/100\n|-enditem|p2a: Orthworm|Sitrus Berry|[eat]\n|-heal|p2a: Orthworm|63\/100|[from] item: Sitrus Berry\n|move|p2a: Orthworm|Shed Tail|p2a: Orthworm\n|-start|p2a: Orthworm|Substitute|[from] move: Shed Tail\n|-damage|p2a: Orthworm|13\/100\n|\n|t:|1684164112\n|switch|p2a: Rotom|Rotom-Wash, L50|100\/100|[from] Shed Tail\n|\n|-start|p1a: Roaring Moon|perish2\n|-start|p1b: Gengar|perish2\n|upkeep\n|\n|t:|1684164119\n|switch|p2b: Annihilape|Annihilape, L50, M, tera:Fire|75\/100\n|turn|4\n|\n|t:|1684164138\n|move|p1a: Roaring Moon|Acrobatics|p2b: Annihilape\n|-damage|p2b: Annihilape|4\/100\n|move|p1b: Gengar|Sludge Bomb|p2a: Rotom\n|-end|p2a: Rotom|Substitute\n|move|p2b: Annihilape|Rage Fist|p1b: Gengar\n|-supereffective|p1b: Gengar\n|-damage|p1b: Gengar|0 fnt\n|-start|p2b: Annihilape|Disable|Rage Fist|[from] ability: Cursed Body|[of] p1b: Gengar\n|faint|p1b: Gengar\n|move|p2a: Rotom|Volt Switch|p1a: Roaring Moon\n|-supereffective|p1a: Roaring Moon\n|-damage|p1a: Roaring Moon|5\/100\n|\n|t:|1684164152\n|switch|p2a: Orthworm|Orthworm, L50, M|13\/100|[from] Volt Switch\n|\n|-heal|p2b: Annihilape|11\/100|[from] item: Leftovers\n|-start|p1a: Roaring Moon|perish1\n|upkeep\n|\n|t:|1684164159\n|switch|p1b: Azumarill|Azumarill, L50, F|100\/100\n|turn|5\n|\n|t:|1684164166\n|move|p2b: Annihilape|Protect|p2b: Annihilape\n|-singleturn|p2b: Annihilape|Protect\n|move|p1b: Azumarill|Aqua Jet|p2a: Orthworm\n|-damage|p2a: Orthworm|0 fnt\n|faint|p2a: Orthworm\n|-damage|p1b: Azumarill|91\/100|[from] item: Life Orb\n|move|p1a: Roaring Moon|Acrobatics|p2b: Annihilape\n|-activate|p2b: Annihilape|move: Protect\n|\n|-heal|p2b: Annihilape|17\/100|[from] item: Leftovers\n|-start|p1a: Roaring Moon|perish0\n|faint|p1a: Roaring Moon\n|-end|p1a: Roaring Moon|Protosynthesis|[silent]\n|upkeep\n|\n|t:|1684164179\n|switch|p1a: Sylveon|Sylveon, L50, F|100\/100\n|switch|p2a: Rotom|Rotom-Wash, L50|100\/100\n|turn|6\n|\n|t:|1684164192\n|move|p1b: Azumarill|Aqua Jet|p2b: Annihilape\n|-supereffective|p2b: Annihilape\n|-damage|p2b: Annihilape|0 fnt\n|faint|p2b: Annihilape\n|-damage|p1b: Azumarill|81\/100|[from] item: Life Orb\n|move|p2a: Rotom|Thunderbolt|p1b: Azumarill\n|-supereffective|p1b: Azumarill\n|-damage|p1b: Azumarill|0 fnt\n|faint|p1b: Azumarill\n|move|p1a: Sylveon|Hyper Voice|p2a: Rotom\n|-damage|p2a: Rotom|32\/100\n|-enditem|p1a: Sylveon|Throat Spray\n|-boost|p1a: Sylveon|spa|1|[from] item: Throat Spray\n|\n|upkeep\n|turn|7\n|\n|t:|1684164205\n|move|p2a: Rotom|Thunderbolt|p1a: Sylveon\n|-damage|p1a: Sylveon|67\/100\n|move|p1a: Sylveon|Hyper Voice|p2a: Rotom\n|-damage|p2a: Rotom|0 fnt\n|faint|p2a: Rotom\n|\n|win|JamStunna\n|raw|JamStunna's rating: 1341 → 1361<\/strong> (+20 for winning)\n|raw|revocolombia's rating: 1338 → 1318<\/strong> (-20 for losing)\n","uploadtime":1684164216,"views":3,"p1id":"jamstunna","p2id":"revocolombia","formatid":"gen9vgc2023regulationc","rating":1318,"private":0,"password":""}