{"id":"gen9vgc2023regulationc-1863640673","p1":"kolbalt","p2":"Finally I did it","format":"[Gen 9] VGC 2023 Regulation C","log":"|j|\u2606kolbalt\n|j|\u2606Finally I did it\n|t:|1684049569\n|gametype|doubles\n|player|p1|kolbalt|101|1229\n|player|p2|Finally I did it|twins-gen4dp|1363\n|teamsize|p1|6\n|teamsize|p2|6\n|gen|9\n|tier|[Gen 9] VGC 2023 Regulation C\n|rated|\n|rule|Species Clause: Limit one of each Pok\u00e9mon\n|rule|Item Clause: Limit one of each item\n|clearpoke\n|poke|p1|Quaquaval, L50, M|\n|poke|p1|Farigiraf, L50, F|\n|poke|p1|Hatterene, L50, F|\n|poke|p1|Tyranitar, L50, F|\n|poke|p1|Lycanroc, L50, M|\n|poke|p1|Dragapult, L50, F|\n|poke|p2|Garchomp, L50, M|\n|poke|p2|Tyranitar, L50, M|\n|poke|p2|Wo-Chien, L50|\n|poke|p2|Flutter Mane, L50|\n|poke|p2|Glimmora, L50, F|\n|poke|p2|Gyarados, L50, M|\n|teampreview|4\n|\n|t:|1684049632\n|start\n|switch|p1a: Lycanroc|Lycanroc, L50, M|100\/100\n|switch|p1b: Dragapult|Dragapult, L50, F|100\/100\n|switch|p2a: Glimmora|Glimmora, L50, F|100\/100\n|switch|p2b: Garchomp|Garchomp, L50, M|100\/100\n|turn|1\n|\n|t:|1684049672\n|switch|p1b: Tyranitar|Tyranitar, L50, F|100\/100\n|-weather|Sandstorm|[from] ability: Sand Stream|[of] p1b: Tyranitar\n|-terastallize|p1a: Lycanroc|Flying\n|-terastallize|p2b: Garchomp|Poison\n|move|p1a: Lycanroc|Play Rough|p2b: Garchomp|[miss]\n|-miss|p1a: Lycanroc|p2b: Garchomp\n|move|p2b: Garchomp|Dragon Claw|p1b: Tyranitar\n|-damage|p1b: Tyranitar|66\/100\n|move|p2a: Glimmora|Mortal Spin|p1b: Tyranitar|[spread] p1a,p1b\n|-resisted|p1b: Tyranitar\n|-damage|p1a: Lycanroc|92\/100\n|-damage|p1b: Tyranitar|64\/100\n|-status|p1a: Lycanroc|psn\n|-status|p1b: Tyranitar|psn\n|\n|-weather|Sandstorm|[upkeep]\n|-damage|p1a: Lycanroc|80\/100 psn|[from] psn\n|-damage|p1b: Tyranitar|52\/100 psn|[from] psn\n|upkeep\n|turn|2\n|\n|t:|1684049709\n|move|p2a: Glimmora|Spiky Shield|p2a: Glimmora\n|-singleturn|p2a: Glimmora|move: Protect\n|move|p1a: Lycanroc|Rock Slide|p2b: Garchomp|[spread] p2b\n|-activate|p2a: Glimmora|move: Protect\n|-damage|p2b: Garchomp|61\/100\n|-damage|p1a: Lycanroc|70\/100 psn|[from] item: Life Orb\n|move|p2b: Garchomp|Dragon Claw|p1b: Tyranitar\n|-damage|p1b: Tyranitar|19\/100 psn\n|move|p1b: Tyranitar|Earthquake|p2b: Garchomp|[spread] \n|-activate|p2a: Glimmora|move: Protect\n|-immune|p1a: Lycanroc\n|-miss|p1b: Tyranitar|p2b: Garchomp\n|\n|-weather|Sandstorm|[upkeep]\n|-damage|p1a: Lycanroc|58\/100 psn|[from] psn\n|-damage|p1b: Tyranitar|7\/100 psn|[from] psn\n|upkeep\n|turn|3\n|c|\u2606kolbalt|??????????\n|c|\u2606kolbalt|BRIGHT POWDER\n|c|\u2606kolbalt|TERA POISON\n|c|\u2606kolbalt|GARCHOMP\n|c|\u2606kolbalt|WHAT IN THE FUCK ARE YOU COOKING\n|c|\u2606Finally I did it|:D\n|inactive|Battle timer is ON: inactive players will automatically lose when time's up. (requested by Finally I did it)\n|c|\u2606Finally I did it|been seeing a lot of fire garchomps\n|\n|t:|1684049800\n|move|p2b: Garchomp|Protect|p2b: Garchomp\n|-singleturn|p2b: Garchomp|Protect\n|move|p1a: Lycanroc|Rock Slide|p2b: Garchomp|[spread] p2a\n|-activate|p2b: Garchomp|move: Protect\n|-crit|p2a: Glimmora\n|-damage|p2a: Glimmora|41\/100\n|-activate|p2a: Glimmora|ability: Toxic Debris\n|-sidestart|p1: kolbalt|move: Toxic Spikes\n|-damage|p1a: Lycanroc|48\/100 psn|[from] item: Life Orb\n|move|p2a: Glimmora|Sludge Bomb|p1a: Lycanroc\n|-damage|p1a: Lycanroc|0 fnt\n|faint|p1a: Lycanroc\n|move|p1b: Tyranitar|Earthquake|p2a: Glimmora|[spread] p2a\n|-activate|p2b: Garchomp|move: Protect\n|-supereffective|p2a: Glimmora\n|-damage|p2a: Glimmora|0 fnt\n|-activate|p2a: Glimmora|ability: Toxic Debris\n|-sidestart|p1: kolbalt|move: Toxic Spikes\n|faint|p2a: Glimmora\n|\n|-weather|Sandstorm|[upkeep]\n|-damage|p1b: Tyranitar|0 fnt|[from] psn\n|faint|p1b: Tyranitar\n|upkeep\n|c|\u2606Finally I did it|so wanted to take a spin\n|inactive|Finally I did it has 30 seconds left.\n|\n|t:|1684049825\n|switch|p1a: Dragapult|Dragapult, L50, F|100\/100\n|switch|p2a: Wo-Chien|Wo-Chien, L50|100\/100\n|switch|p1b: Quaquaval|Quaquaval, L50, M|100\/100\n|-status|p1a: Dragapult|tox\n|-status|p1b: Quaquaval|tox\n|-ability|p2a: Wo-Chien|Tablets of Ruin\n|turn|4\n|inactive|Finally I did it has 30 seconds left.\n|\n|t:|1684049852\n|move|p2a: Wo-Chien|Protect|p2a: Wo-Chien\n|-singleturn|p2a: Wo-Chien|Protect\n|move|p1a: Dragapult|Shadow Ball|p2b: Garchomp|[miss]\n|-miss|p1a: Dragapult|p2b: Garchomp\n|move|p2b: Garchomp|Earthquake|p1b: Quaquaval|[spread] p1a,p1b\n|-activate|p2a: Wo-Chien|move: Protect\n|-damage|p1a: Dragapult|61\/100 tox\n|-damage|p1b: Quaquaval|61\/100 tox\n|move|p1b: Quaquaval|Aqua Step|p2b: Garchomp|[miss]\n|-miss|p1b: Quaquaval|p2b: Garchomp\n|\n|-weather|Sandstorm|[upkeep]\n|-damage|p1a: Dragapult|55\/100 tox|[from] Sandstorm\n|-damage|p2a: Wo-Chien|94\/100|[from] Sandstorm\n|-heal|p2a: Wo-Chien|100\/100|[from] item: Leftovers\n|-damage|p1a: Dragapult|49\/100 tox|[from] psn\n|-damage|p1b: Quaquaval|55\/100 tox|[from] psn\n|upkeep\n|turn|5\n|c|\u2606kolbalt|is that\n|c|\u2606kolbalt|sand veil\n|c|\u2606kolbalt|bright powder\n|c|\u2606Finally I did it|yeah\n|c|\u2606kolbalt|garchomp\n|inactive|Finally I did it has 30 seconds left.\n|c|\u2606kolbalt|you\n|c|\u2606kolbalt|are\n|c|\u2606kolbalt|what the fuck\n|inactive|Finally I did it has 20 seconds left.\n|\n|t:|1684049889\n|move|p2b: Garchomp|Protect|p2b: Garchomp\n|-singleturn|p2b: Garchomp|Protect\n|move|p1a: Dragapult|Shadow Ball|p2b: Garchomp\n|-activate|p2b: Garchomp|move: Protect\n|move|p1b: Quaquaval|Aqua Step|p2b: Garchomp\n|-activate|p2b: Garchomp|move: Protect\n|move|p2a: Wo-Chien|Leech Seed|p1b: Quaquaval\n|-start|p1b: Quaquaval|move: Leech Seed\n|\n|-weather|none\n|-damage|p1b: Quaquaval|43\/100 tox|[from] Leech Seed|[of] p2a: Wo-Chien\n|-damage|p1a: Dragapult|37\/100 tox|[from] psn\n|-damage|p1b: Quaquaval|30\/100 tox|[from] psn\n|upkeep\n|turn|6\n|c|\u2606Finally I did it|lmao\n|\n|t:|1684049912\n|move|p1a: Dragapult|Shadow Ball|p2b: Garchomp\n|-damage|p2b: Garchomp|11\/100\n|move|p2b: Garchomp|Earthquake|p1b: Quaquaval|[spread] p2a,p1a,p1b\n|-resisted|p2a: Wo-Chien\n|-damage|p2a: Wo-Chien|89\/100\n|-damage|p1a: Dragapult|0 fnt\n|-damage|p1b: Quaquaval|0 fnt\n|faint|p1a: Dragapult\n|faint|p1b: Quaquaval\n|\n|win|Finally I did it\n|raw|kolbalt's rating: 1229 → 1213<\/strong> (-16 for losing)\n|raw|Finally I did it's rating: 1363 → 1376<\/strong> (+13 for winning)\n","uploadtime":1684049919,"views":7,"p1id":"kolbalt","p2id":"finallyididit","formatid":"gen9vgc2023regulationc","rating":1213,"private":0,"password":""}