{"id":"gen9vgc2023regulationc-1847424289","p1":"christian_hvn","p2":"HazeOneTrick","format":"[Gen 9] VGC 2023 Regulation C","log":"|j|\u2606christian_hvn\n|j|\u2606HazeOneTrick\n|t:|1681953464\n|gametype|doubles\n|player|p1|christian_hvn|marley|\n|player|p2|HazeOneTrick|roxie|\n|teamsize|p1|6\n|teamsize|p2|6\n|gen|9\n|tier|[Gen 9] VGC 2023 Regulation C\n|rule|Species Clause: Limit one of each Pok\u00e9mon\n|rule|Item Clause: Limit one of each item\n|clearpoke\n|poke|p1|Flutter Mane, L50|\n|poke|p1|Chi-Yu, L50|\n|poke|p1|Iron Bundle, L50|\n|poke|p1|Amoonguss, L50, F|\n|poke|p1|Palafin, L50, M|\n|poke|p1|Iron Hands, L50|\n|poke|p2|Garchomp, L50, F|\n|poke|p2|Talonflame, L50, F|\n|poke|p2|Amoonguss, L50, M|\n|poke|p2|Flutter Mane, L50|\n|poke|p2|Kingambit, L50, F|\n|poke|p2|Iron Bundle, L50|\n|teampreview|4\nHazeOneTrick has agreed to open team sheets.\nchristian_hvn has agreed to open team sheets.\n|\n|t:|1681953510\n|start\n|switch|p1a: AMOGUS|Amoonguss, L50, F|100\/100\n|switch|p1b: handful of bitches|Iron Hands, L50|100\/100\n|switch|p2a: Garchomp|Garchomp, L50, F|100\/100\n|switch|p2b: Talonflame|Talonflame, L50, F|100\/100\n|turn|1\n|\n|t:|1681953546\n|move|p2a: Garchomp|Protect|p2a: Garchomp\n|-singleturn|p2a: Garchomp|Protect\n|move|p1b: handful of bitches|Fake Out|p2b: Talonflame\n|-damage|p2b: Talonflame|78\/100\n|cant|p2b: Talonflame|flinch\n|move|p1a: AMOGUS|Spore|p2a: Garchomp\n|-activate|p2a: Garchomp|move: Protect\n|\n|upkeep\n|turn|2\n|\n|t:|1681953569\n|move|p2b: Talonflame|Brave Bird|p1b: handful of bitches\n|-damage|p1b: handful of bitches|70\/100\n|-damage|p2b: Talonflame|62\/100|[from] Recoil\n|move|p2a: Garchomp|Earthquake|p1b: handful of bitches|[spread] p1a,p1b\n|-immune|p2b: Talonflame\n|-supereffective|p1b: handful of bitches\n|-damage|p1a: AMOGUS|59\/100\n|-damage|p1b: handful of bitches|0 fnt\n|faint|p1b: handful of bitches\n|-end|p1b: handful of bitches|Quark Drive|[silent]\n|-damage|p2a: Garchomp|91\/100|[from] item: Life Orb\n|move|p1a: AMOGUS|Spore|p2a: Garchomp\n|-status|p2a: Garchomp|slp|[from] move: Spore\n|\n|upkeep\n|\n|t:|1681953589\n|switch|p1b: IDOL|Iron Bundle, L50|100\/100\n|-enditem|p1b: IDOL|Booster Energy\n|-activate|p1b: IDOL|ability: Quark Drive|[fromitem]\n|-start|p1b: IDOL|quarkdrivespe\n|turn|3\n|\n|t:|1681953603\n|-terastallize|p2a: Garchomp|Fire\n|move|p1b: IDOL|Hydro Pump|p2b: Talonflame\n|-supereffective|p2b: Talonflame\n|-damage|p2b: Talonflame|0 fnt\n|faint|p2b: Talonflame\n|cant|p2a: Garchomp|slp\n|move|p1a: AMOGUS|Spore|p2a: Garchomp\n|-fail|p2a: Garchomp|slp\n|\n|upkeep\n|\n|t:|1681953617\n|switch|p2b: Flutter Mane|Flutter Mane, L50|100\/100\n|turn|4\n|\n|t:|1681953651\n|move|p1b: IDOL|Protect|p1b: IDOL\n|-singleturn|p1b: IDOL|Protect\n|cant|p2a: Garchomp|slp\n|move|p2b: Flutter Mane|Dazzling Gleam|p1a: AMOGUS|[spread] p1a\n|-activate|p1b: IDOL|move: Protect\n|-resisted|p1a: AMOGUS\n|-damage|p1a: AMOGUS|44\/100\n|-enditem|p1a: AMOGUS|Sitrus Berry|[eat]\n|-heal|p1a: AMOGUS|69\/100|[from] item: Sitrus Berry\n|move|p1a: AMOGUS|Spore|p2b: Flutter Mane\n|-status|p2b: Flutter Mane|slp|[from] move: Spore\n|\n|upkeep\n|turn|5\n|\n|t:|1681953676\n|-curestatus|p2a: Garchomp|slp|[msg]\n|move|p2a: Garchomp|Protect|p2a: Garchomp\n|-singleturn|p2a: Garchomp|Protect\n|move|p1b: IDOL|Hydro Pump|p2a: Garchomp\n|-activate|p2a: Garchomp|move: Protect\n|cant|p2b: Flutter Mane|slp\n|move|p1a: AMOGUS|Spore|p2a: Garchomp\n|-activate|p2a: Garchomp|move: Protect\n|\n|upkeep\n|turn|6\n|\n|t:|1681953697\n|move|p1b: IDOL|Hydro Pump|p2a: Garchomp|[miss]\n|-miss|p1b: IDOL|p2a: Garchomp\n|cant|p2b: Flutter Mane|slp\n|move|p2a: Garchomp|Rock Slide|p1a: AMOGUS|[spread] p1a,p1b\n|-supereffective|p1b: IDOL\n|-damage|p1a: AMOGUS|46\/100\n|-damage|p1b: IDOL|35\/100\n|-damage|p2a: Garchomp|81\/100|[from] item: Life Orb\n|move|p1a: AMOGUS|Pollen Puff|p1b: IDOL\n|-heal|p1b: IDOL|84\/100\n|\n|upkeep\n|turn|7\n|\n|t:|1681953713\n|cant|p2b: Flutter Mane|slp\n|move|p2a: Garchomp|Protect|p2a: Garchomp\n|-singleturn|p2a: Garchomp|Protect\n|move|p1a: AMOGUS|Rage Powder|p1a: AMOGUS\n|-singleturn|p1a: AMOGUS|move: Rage Powder\n|move|p1b: IDOL|Hydro Pump|p2a: Garchomp\n|-activate|p2a: Garchomp|move: Protect\n|\n|upkeep\n|turn|8\n|\n|t:|1681953729\n|move|p1a: AMOGUS|Protect|p1a: AMOGUS\n|-singleturn|p1a: AMOGUS|Protect\n|move|p1b: IDOL|Hydro Pump|p2a: Garchomp\n|-supereffective|p2a: Garchomp\n|-damage|p2a: Garchomp|0 fnt\n|faint|p2a: Garchomp\n|-curestatus|p2b: Flutter Mane|slp|[msg]\n|move|p2b: Flutter Mane|Dazzling Gleam|p1a: AMOGUS|[spread] p1b\n|-activate|p1a: AMOGUS|move: Protect\n|-damage|p1b: IDOL|13\/100\n|\n|upkeep\n|\n|t:|1681953738\n|switch|p2a: Iron Bundle|Iron Bundle, L50|100\/100\n|-enditem|p2a: Iron Bundle|Booster Energy\n|-activate|p2a: Iron Bundle|ability: Quark Drive|[fromitem]\n|-start|p2a: Iron Bundle|quarkdrivespe\n|turn|9\n|\n|t:|1681953756\n|move|p1a: AMOGUS|Rage Powder|p1a: AMOGUS\n|-singleturn|p1a: AMOGUS|move: Rage Powder\n|move|p1b: IDOL|Freeze-Dry|p2a: Iron Bundle\n|-damage|p2a: Iron Bundle|26\/100\n|move|p2a: Iron Bundle|Icy Wind|p1a: AMOGUS|[spread] p1a,p1b\n|-supereffective|p1a: AMOGUS\n|-resisted|p1b: IDOL\n|-damage|p1a: AMOGUS|13\/100\n|-damage|p1b: IDOL|3\/100\n|-unboost|p1a: AMOGUS|spe|1\n|-unboost|p1b: IDOL|spe|1\n|move|p2b: Flutter Mane|Shadow Ball|p1a: AMOGUS\n|-damage|p1a: AMOGUS|0 fnt\n|faint|p1a: AMOGUS\n|\n|upkeep\n|c|\u2606HazeOneTrick|which bundle is cooler\n|\n|t:|1681953766\n|switch|p1a: LOVE BETRAYAL|Chi-Yu, L50|100\/100\n|-ability|p1a: LOVE BETRAYAL|Beads of Ruin\n|turn|10\n|\n|t:|1681953793\n|-terastallize|p1a: LOVE BETRAYAL|Ghost\n|move|p2a: Iron Bundle|Protect|p2a: Iron Bundle\n|-singleturn|p2a: Iron Bundle|Protect\n|move|p2b: Flutter Mane|Protect|p2b: Flutter Mane\n|-singleturn|p2b: Flutter Mane|Protect\n|move|p1b: IDOL|Freeze-Dry|p2a: Iron Bundle\n|-activate|p2a: Iron Bundle|move: Protect\n|move|p1a: LOVE BETRAYAL|Heat Wave|p2b: Flutter Mane|[spread] \n|-activate|p2a: Iron Bundle|move: Protect\n|-activate|p2b: Flutter Mane|move: Protect\n|\n|upkeep\n|turn|11\n|\n|t:|1681953818\n|move|p1b: IDOL|Protect|p1b: IDOL\n|-singleturn|p1b: IDOL|Protect\n|move|p1a: LOVE BETRAYAL|Protect|p1a: LOVE BETRAYAL\n|-singleturn|p1a: LOVE BETRAYAL|Protect\n|move|p2a: Iron Bundle|Freeze-Dry|p1b: IDOL\n|-activate|p1b: IDOL|move: Protect\n|move|p2b: Flutter Mane|Shadow Ball|p1a: LOVE BETRAYAL\n|-activate|p1a: LOVE BETRAYAL|move: Protect\n|\n|upkeep\n|turn|12\n|\n|t:|1681953836\n|move|p2a: Iron Bundle|Freeze-Dry|p1b: IDOL\n|-damage|p1b: IDOL|0 fnt\n|faint|p1b: IDOL\n|-end|p1b: IDOL|Quark Drive|[silent]\n|move|p2b: Flutter Mane|Shadow Ball|p1a: LOVE BETRAYAL\n|-supereffective|p1a: LOVE BETRAYAL\n|-damage|p1a: LOVE BETRAYAL|6\/100\n|-unboost|p1a: LOVE BETRAYAL|spd|1\n|move|p1a: LOVE BETRAYAL|Heat Wave|p2b: Flutter Mane|[spread] p2a,p2b\n|-crit|p2b: Flutter Mane\n|-damage|p2a: Iron Bundle|0 fnt\n|-damage|p2b: Flutter Mane|35\/100\n|faint|p2a: Iron Bundle\n|-end|p2a: Iron Bundle|Quark Drive|[silent]\n|\n|upkeep\n|turn|13\n|c|\u2606christian_hvn|ggwp\n|c|\u2606HazeOneTrick|gg\n|\n|t:|1681953846\n|move|p2b: Flutter Mane|Shadow Ball|p1a: LOVE BETRAYAL\n|-supereffective|p1a: LOVE BETRAYAL\n|-damage|p1a: LOVE BETRAYAL|0 fnt\n|faint|p1a: LOVE BETRAYAL\n|\n|win|HazeOneTrick\n","uploadtime":1681953849,"views":11,"p1id":"christianhvn","p2id":"hazeonetrick","formatid":"gen9vgc2023regulationc","rating":0,"private":0,"password":""}