{"id":"gen9vgc2023regulationc-1850640834","p1":"ScrubShadedPurple","p2":"Ryski51","format":"[Gen 9] VGC 2023 Regulation C","log":"|j|\u2606ScrubShadedPurple\n|j|\u2606Ryski51\n|t:|1682355317\n|gametype|doubles\n|player|p1|ScrubShadedPurple|102|1082\n|player|p2|Ryski51|lance|1053\n|teamsize|p1|6\n|teamsize|p2|6\n|gen|9\n|tier|[Gen 9] VGC 2023 Regulation C\n|rated|\n|rule|Species Clause: Limit one of each Pok\u00e9mon\n|rule|Item Clause: Limit one of each item\n|clearpoke\n|poke|p1|Ceruledge, L50, M|\n|poke|p1|Chien-Pao, L50|\n|poke|p1|Amoonguss, L50, F|\n|poke|p1|Corviknight, L50, M|\n|poke|p1|Flutter Mane, L50|\n|poke|p1|Gyarados, L50, F|\n|poke|p2|Flutter Mane, L50|\n|poke|p2|Arcanine, L50, M|\n|poke|p2|Great Tusk, L50|\n|poke|p2|Chi-Yu, L50|\n|poke|p2|Murkrow, L50, F|\n|poke|p2|Bellibolt, L50, M|\n|teampreview|4\n|\n|t:|1682355365\n|start\n|switch|p1a: Flutter Mane|Flutter Mane, L50|100\/100\n|switch|p1b: Amoonguss|Amoonguss, L50, F|100\/100\n|switch|p2a: Murkrow|Murkrow, L50, F, shiny|100\/100\n|switch|p2b: Bellibolt|Bellibolt, L50, M|100\/100\n|turn|1\n|inactive|Battle timer is ON: inactive players will automatically lose when time's up. (requested by ScrubShadedPurple)\n|\n|t:|1682355395\n|move|p2a: Murkrow|Taunt|p1b: Amoonguss\n|-start|p1b: Amoonguss|move: Taunt\n|move|p1a: Flutter Mane|Thunderbolt|p2a: Murkrow\n|-supereffective|p2a: Murkrow\n|-enditem|p2a: Murkrow|Focus Sash\n|-damage|p2a: Murkrow|1\/100\n|-status|p2a: Murkrow|par\n|move|p2b: Bellibolt|Muddy Water|p1a: Flutter Mane|[spread] p1a,p1b\n|-resisted|p1b: Amoonguss\n|-damage|p1a: Flutter Mane|83\/100\n|-damage|p1b: Amoonguss|94\/100\n|-unboost|p1a: Flutter Mane|accuracy|1\n|cant|p1b: Amoonguss|move: Taunt|Spore\n|\n|upkeep\n|turn|2\n|inactive|ScrubShadedPurple has 30 seconds left.\n|inactive|Ryski51 has 30 seconds left.\n|\n|t:|1682355424\n|switch|p1b: Ceruledge|Ceruledge, L50, M, shiny|100\/100\n|move|p2a: Murkrow|Tailwind|p2a: Murkrow\n|-sidestart|p2: Ryski51|move: Tailwind\n|move|p1a: Flutter Mane|Thunderbolt|p2a: Murkrow\n|-supereffective|p2a: Murkrow\n|-damage|p2a: Murkrow|0 fnt\n|faint|p2a: Murkrow\n|move|p2b: Bellibolt|Parabolic Charge|p1a: Flutter Mane|[spread] p1a,p1b\n|-damage|p1a: Flutter Mane|65\/100\n|-damage|p1b: Ceruledge|85\/100\n|\n|upkeep\n|\n|t:|1682355438\n|switch|p2a: Arcanine|Arcanine, L50, M|100\/100\n|-ability|p2a: Arcanine|Intimidate|boost\n|-unboost|p1a: Flutter Mane|atk|1\n|-fail|p1b: Ceruledge|unboost|[from] item: Clear Amulet|[of] p1b: Ceruledge\n|turn|3\n|\n|t:|1682355456\n|-end|p1a: Flutter Mane|Protosynthesis|[silent]\n|switch|p1a: Gyarados|Gyarados, L50, F|100\/100\n|-ability|p1a: Gyarados|Intimidate|boost\n|-unboost|p2a: Arcanine|atk|1\n|-unboost|p2b: Bellibolt|atk|1\n|-terastallize|p1b: Ceruledge|Grass\n|move|p2a: Arcanine|Flare Blitz|p1a: Gyarados\n|-resisted|p1a: Gyarados\n|-damage|p1a: Gyarados|81\/100\n|-damage|p2a: Arcanine|93\/100|[from] Recoil\n|move|p2b: Bellibolt|Muddy Water|p1b: Ceruledge|[spread] p1a\n|-miss|p2b: Bellibolt|p1b: Ceruledge\n|-resisted|p1a: Gyarados\n|-damage|p1a: Gyarados|72\/100\n|-unboost|p1a: Gyarados|accuracy|1\n|move|p1b: Ceruledge|Bulk Up|p1b: Ceruledge\n|-boost|p1b: Ceruledge|atk|1\n|-boost|p1b: Ceruledge|def|1\n|\n|upkeep\n|turn|4\n|inactive|ScrubShadedPurple has 30 seconds left.\n|\n|t:|1682355490\n|switch|p2a: Flutter Mane|Flutter Mane, L50|100\/100\n|move|p2b: Bellibolt|Parabolic Charge|p1b: Ceruledge|[spread] p2a,p1a,p1b\n|-supereffective|p1a: Gyarados\n|-resisted|p1b: Ceruledge\n|-damage|p2a: Flutter Mane|79\/100\n|-damage|p1a: Gyarados|0 fnt\n|-damage|p1b: Ceruledge|78\/100\n|faint|p1a: Gyarados\n|move|p1b: Ceruledge|Bulk Up|p1b: Ceruledge\n|-boost|p1b: Ceruledge|atk|1\n|-boost|p1b: Ceruledge|def|1\n|\n|upkeep\n|\n|t:|1682355505\n|switch|p1a: Amoonguss|Amoonguss, L50, F|100\/100\n|turn|5\n|\n|t:|1682355525\n|-terastallize|p2a: Flutter Mane|Fairy\n|move|p1b: Ceruledge|Protect|p1b: Ceruledge\n|-singleturn|p1b: Ceruledge|Protect\n|move|p2a: Flutter Mane|Moonblast|p1b: Ceruledge\n|-activate|p1b: Ceruledge|move: Protect\n|move|p2b: Bellibolt|Muddy Water|p1b: Ceruledge|[spread] p1a\n|-activate|p1b: Ceruledge|move: Protect\n|-resisted|p1a: Amoonguss\n|-damage|p1a: Amoonguss|93\/100\n|move|p1a: Amoonguss|Spore|p2a: Flutter Mane\n|-status|p2a: Flutter Mane|slp|[from] move: Spore\n|\n|-sideend|p2: Ryski51|move: Tailwind\n|upkeep\n|turn|6\n|inactive|Ryski51 has 30 seconds left.\n|\n|t:|1682355551\n|move|p2b: Bellibolt|Protect|p2b: Bellibolt\n|-singleturn|p2b: Bellibolt|Protect\n|cant|p2a: Flutter Mane|slp\n|move|p1b: Ceruledge|Bitter Blade|p2a: Flutter Mane\n|-damage|p2a: Flutter Mane|0 fnt\n|-heal|p1b: Ceruledge|100\/100|[from] drain|[of] p2a: Flutter Mane\n|faint|p2a: Flutter Mane\n|-end|p2a: Flutter Mane|Protosynthesis|[silent]\n|move|p1a: Amoonguss|Spore|p2b: Bellibolt\n|-activate|p2b: Bellibolt|move: Protect\n|\n|upkeep\n|\n|t:|1682355562\n|switch|p2a: Arcanine|Arcanine, L50, M|93\/100\n|-ability|p2a: Arcanine|Intimidate|boost\n|-unboost|p1a: Amoonguss|atk|1\n|-fail|p1b: Ceruledge|unboost|[from] item: Clear Amulet|[of] p1b: Ceruledge\n|turn|7\n|\n|t:|1682355576\n|move|p1a: Amoonguss|Protect|p1a: Amoonguss\n|-singleturn|p1a: Amoonguss|Protect\n|move|p2a: Arcanine|Flare Blitz|p1a: Amoonguss\n|-activate|p1a: Amoonguss|move: Protect\n|move|p1b: Ceruledge|Bitter Blade|p2a: Arcanine\n|-resisted|p2a: Arcanine\n|-damage|p2a: Arcanine|44\/100\n|move|p2b: Bellibolt|Muddy Water|p1a: Amoonguss|[spread] p1b\n|-activate|p1a: Amoonguss|move: Protect\n|-resisted|p1b: Ceruledge\n|-damage|p1b: Ceruledge|93\/100\n|\n|upkeep\n|turn|8\n|\n|t:|1682355595\n|move|p2a: Arcanine|Flare Blitz|p1a: Amoonguss\n|-supereffective|p1a: Amoonguss\n|-damage|p1a: Amoonguss|10\/100\n|-enditem|p1a: Amoonguss|Sitrus Berry|[eat]\n|-heal|p1a: Amoonguss|35\/100|[from] item: Sitrus Berry\n|-damage|p2a: Arcanine|8\/100|[from] Recoil\n|move|p1b: Ceruledge|Bitter Blade|p2a: Arcanine\n|-resisted|p2a: Arcanine\n|-damage|p2a: Arcanine|0 fnt\n|-heal|p1b: Ceruledge|96\/100|[from] drain|[of] p2a: Arcanine\n|faint|p2a: Arcanine\n|move|p2b: Bellibolt|Muddy Water|p1a: Amoonguss|[spread] p1a,p1b\n|-resisted|p1a: Amoonguss\n|-resisted|p1b: Ceruledge\n|-damage|p1a: Amoonguss|28\/100\n|-damage|p1b: Ceruledge|89\/100\n|-unboost|p1a: Amoonguss|accuracy|1\n|move|p1a: Amoonguss|Spore|p2b: Bellibolt\n|-status|p2b: Bellibolt|slp|[from] move: Spore\n|\n|upkeep\n|turn|9\n|\n|t:|1682355617\n|move|p1b: Ceruledge|Bitter Blade|p2b: Bellibolt\n|-damage|p2b: Bellibolt|21\/100 slp\n|-heal|p1b: Ceruledge|100\/100|[from] drain|[of] p2b: Bellibolt\n|-start|p2b: Bellibolt|Charge|Bitter Blade|[from] ability: Electromorphosis\n|cant|p2b: Bellibolt|slp\n|-end|p2b: Bellibolt|Charge|[silent]\n|move|p1a: Amoonguss|Pollen Puff|p2b: Bellibolt\n|-damage|p2b: Bellibolt|6\/100 slp\n|-start|p2b: Bellibolt|Charge|Pollen Puff|[from] ability: Electromorphosis\n|\n|upkeep\n|turn|10\n|\n|t:|1682355631\n|move|p1b: Ceruledge|Bitter Blade|p2b: Bellibolt\n|-damage|p2b: Bellibolt|0 fnt\n|faint|p2b: Bellibolt\n|\n|win|ScrubShadedPurple\n|raw|ScrubShadedPurple's rating: 1082 → 1107<\/strong> (+25 for winning)\n|raw|Ryski51's rating: 1053 → 1037<\/strong> (-16 for losing)\n|l|\u2606Ryski51\n","uploadtime":1682355636,"views":13,"p1id":"scrubshadedpurple","p2id":"ryski51","formatid":"gen9vgc2023regulationc","rating":1037,"private":0,"password":""}