{"id":"gen9vgc2023regulationc-1847048632","p1":"Jrose4444","p2":"Duck duty","format":"[Gen 9] VGC 2023 Regulation C","log":"|j|\u2606Jrose4444\n|j|\u2606Duck duty\n|t:|1681914763\n|gametype|doubles\n|player|p1|Jrose4444|101|1133\n|player|p2|Duck duty|pokekid|1172\n|teamsize|p1|6\n|teamsize|p2|6\n|gen|9\n|tier|[Gen 9] VGC 2023 Regulation C\n|rated|\n|rule|Species Clause: Limit one of each Pok\u00e9mon\n|rule|Item Clause: Limit one of each item\n|clearpoke\n|poke|p1|Tyranitar, L50, F|\n|poke|p1|Lycanroc, L50, M|\n|poke|p1|Garchomp, L50, F|\n|poke|p1|Rotom-Heat, L50|\n|poke|p1|Sylveon, L50, M|\n|poke|p1|Meowscarada, L50, M|\n|poke|p2|Glimmora, L50, F|\n|poke|p2|Flutter Mane, L50|\n|poke|p2|Chi-Yu, L50|\n|poke|p2|Annihilape, L50, F|\n|poke|p2|Talonflame, L50, M|\n|poke|p2|Gyarados, L50, M|\n|teampreview|4\n|inactive|Battle timer is ON: inactive players will automatically lose when time's up. (requested by Duck duty)\n|inactive|Jrose4444 also wants the timer to be on.\n|inactive|Duck duty has 60 seconds left.\n|\n|t:|1681914817\n|start\n|switch|p1a: Meowscarada|Meowscarada, L50, M|100\/100\n|switch|p1b: Lycanroc|Lycanroc, L50, M|100\/100\n|switch|p2a: Glimmora|Glimmora, L50, F|100\/100\n|switch|p2b: Annihilape|Annihilape, L50, F|100\/100\n|turn|1\n|\n|t:|1681914841\n|move|p2b: Annihilape|Protect|p2b: Annihilape\n|-singleturn|p2b: Annihilape|Protect\n|move|p1a: Meowscarada|Play Rough|p2b: Annihilape\n|-start|p1a: Meowscarada|typechange|Fairy|[from] ability: Protean\n|-activate|p2b: Annihilape|move: Protect\n|move|p1b: Lycanroc|Charm|p2b: Annihilape\n|-activate|p2b: Annihilape|move: Protect\n|move|p2a: Glimmora|Power Gem|p1a: Meowscarada\n|-damage|p1a: Meowscarada|33\/100\n|\n|upkeep\n|turn|2\n|\n|t:|1681914864\n|switch|p1a: Garchomp|Garchomp, L50, F|100\/100\n|switch|p2b: Gyarados|Gyarados, L50, M|100\/100\n|-ability|p2b: Gyarados|Intimidate|boost\n|-unboost|p1a: Garchomp|atk|1\n|-unboost|p1b: Lycanroc|atk|1\n|move|p1b: Lycanroc|Charm|p2b: Gyarados\n|-unboost|p2b: Gyarados|atk|2\n|move|p2a: Glimmora|Mortal Spin|p1a: Garchomp|[spread] p1a,p1b\n|-resisted|p1a: Garchomp\n|-resisted|p1b: Lycanroc\n|-damage|p1a: Garchomp|98\/100\n|-damage|p1b: Lycanroc|97\/100\n|-status|p1a: Garchomp|psn\n|-status|p1b: Lycanroc|psn\n|\n|-damage|p1a: Garchomp|86\/100 psn|[from] psn\n|-damage|p1b: Lycanroc|85\/100 psn|[from] psn\n|upkeep\n|turn|3\n|inactive|Duck duty has 30 seconds left.\n|inactive|Jrose4444 has 30 seconds left.\n|inactive|Duck duty has 20 seconds left.\n|inactive|Duck duty has 15 seconds left.\n|\n|t:|1681914909\n|move|p1a: Garchomp|Dragon Claw|p2b: Gyarados\n|-damage|p2b: Gyarados|64\/100\n|move|p1b: Lycanroc|Rock Slide|p2b: Gyarados|[spread] p2b\n|-miss|p1b: Lycanroc|p2a: Glimmora\n|-supereffective|p2b: Gyarados\n|-damage|p2b: Gyarados|15\/100\n|move|p2b: Gyarados|Waterfall|p1a: Garchomp\n|-damage|p1a: Garchomp|66\/100 psn\n|move|p2a: Glimmora|Energy Ball|p1a: Garchomp\n|-damage|p1a: Garchomp|27\/100 psn\n|\n|-damage|p1a: Garchomp|15\/100 psn|[from] psn\n|-damage|p1b: Lycanroc|73\/100 psn|[from] psn\n|upkeep\n|turn|4\n|inactive|Jrose4444 has 30 seconds left.\n|\n|t:|1681914937\n|move|p2b: Gyarados|Protect|p2b: Gyarados\n|-singleturn|p2b: Gyarados|Protect\n|move|p1a: Garchomp|Dragon Claw|p2b: Gyarados\n|-activate|p2b: Gyarados|move: Protect\n|move|p1b: Lycanroc|Rock Slide|p2b: Gyarados|[spread] p2a\n|-activate|p2b: Gyarados|move: Protect\n|-damage|p2a: Glimmora|78\/100\n|-activate|p2a: Glimmora|ability: Toxic Debris\n|-sidestart|p1: Jrose4444|move: Toxic Spikes\n|move|p2a: Glimmora|Energy Ball|p1a: Garchomp\n|-damage|p1a: Garchomp|0 fnt\n|faint|p1a: Garchomp\n|\n|-damage|p1b: Lycanroc|61\/100 psn|[from] psn\n|upkeep\n|\n|t:|1681914946\n|switch|p1a: Tyranitar|Tyranitar, L50, F|100\/100\n|-status|p1a: Tyranitar|psn\n|-weather|Sandstorm|[from] ability: Sand Stream|[of] p1a: Tyranitar\n|turn|5\n|inactive|Duck duty has 30 seconds left.\n|inactive|Duck duty has 20 seconds left.\n|inactive|Duck duty has 15 seconds left.\n|inactive|Duck duty has 10 seconds left.\n|\n|t:|1681914993\n|move|p1b: Lycanroc|Rock Slide|p2a: Glimmora|[spread] p2b\n|-miss|p1b: Lycanroc|p2a: Glimmora\n|-supereffective|p2b: Gyarados\n|-damage|p2b: Gyarados|0 fnt\n|faint|p2b: Gyarados\n|move|p2a: Glimmora|Earth Power|p1a: Tyranitar\n|-supereffective|p1a: Tyranitar\n|-damage|p1a: Tyranitar|73\/100 psn\n|move|p1a: Tyranitar|Thunderbolt|p2a: Glimmora\n|-damage|p2a: Glimmora|56\/100\n|\n|-weather|Sandstorm|[upkeep]\n|-damage|p1b: Lycanroc|49\/100 psn|[from] psn\n|-damage|p1a: Tyranitar|61\/100 psn|[from] psn\n|upkeep\n|\n|t:|1681915013\n|switch|p2b: Annihilape|Annihilape, L50, F|100\/100\n|turn|6\n|\n|t:|1681915026\n|-terastallize|p1a: Tyranitar|Flying\n|move|p1b: Lycanroc|Charm|p2b: Annihilape\n|-unboost|p2b: Annihilape|atk|2\n|-ability|p2b: Annihilape|Defiant|boost\n|-boost|p2b: Annihilape|atk|2\n|move|p2a: Glimmora|Earth Power|p1b: Lycanroc\n|-supereffective|p1b: Lycanroc\n|-crit|p1b: Lycanroc\n|-damage|p1b: Lycanroc|0 fnt\n|faint|p1b: Lycanroc\n|move|p2b: Annihilape|Drain Punch|p1a: Tyranitar\n|-resisted|p1a: Tyranitar\n|-damage|p1a: Tyranitar|48\/100 psn\n|move|p1a: Tyranitar|Tera Blast|p2b: Annihilape\n|-supereffective|p2b: Annihilape\n|-damage|p2b: Annihilape|39\/100\n|\n|-weather|Sandstorm|[upkeep]\n|-damage|p2b: Annihilape|33\/100|[from] Sandstorm\n|-damage|p1a: Tyranitar|42\/100 psn|[from] Sandstorm\n|-heal|p2b: Annihilape|39\/100|[from] item: Leftovers\n|-damage|p1a: Tyranitar|30\/100 psn|[from] psn\n|upkeep\n|\n|t:|1681915038\n|switch|p1b: Meowscarada|Meowscarada, L50, M|33\/100\n|-status|p1b: Meowscarada|psn\n|turn|7\n|\n|t:|1681915058\n|move|p2b: Annihilape|Protect|p2b: Annihilape\n|-singleturn|p2b: Annihilape|Protect\n|move|p1b: Meowscarada|Play Rough|p2b: Annihilape\n|-start|p1b: Meowscarada|typechange|Fairy|[from] ability: Protean\n|-activate|p2b: Annihilape|move: Protect\n|move|p2a: Glimmora|Power Gem|p1a: Tyranitar\n|-supereffective|p1a: Tyranitar\n|-damage|p1a: Tyranitar|0 fnt\n|faint|p1a: Tyranitar\n|\n|-weather|Sandstorm|[upkeep]\n|-damage|p1b: Meowscarada|27\/100 psn|[from] Sandstorm\n|-damage|p2b: Annihilape|33\/100|[from] Sandstorm\n|-heal|p2b: Annihilape|39\/100|[from] item: Leftovers\n|-damage|p1b: Meowscarada|15\/100 psn|[from] psn\n|upkeep\n|turn|8\n|-message|Jrose4444 forfeited.\n|\n|win|Duck duty\n|raw|Jrose4444's rating: 1133 → 1111<\/strong> (-22 for losing)\n|raw|Duck duty's rating: 1172 → 1194<\/strong> (+22 for winning)\n|l|\u2606Jrose4444\n","uploadtime":1681915087,"views":8,"p1id":"jrose4444","p2id":"duckduty","formatid":"gen9vgc2023regulationc","rating":1111,"private":0,"password":""}