{"id":"gen9vgc2023regulationc-1861583897","p1":"ExcelSheet","p2":"Ragerbonsai","format":"[Gen 9] VGC 2023 Regulation C","log":"|j|\u2606ExcelSheet\n|j|\u2606Ragerbonsai\n|t:|1683776676\n|gametype|doubles\n|player|p1|ExcelSheet|1|\n|player|p2|Ragerbonsai|169|\n|teamsize|p1|6\n|teamsize|p2|6\n|gen|9\n|tier|[Gen 9] VGC 2023 Regulation C\n|rule|Species Clause: Limit one of each Pok\u00e9mon\n|rule|Item Clause: Limit one of each item\n|clearpoke\n|poke|p1|Gholdengo, L50|\n|poke|p1|Chi-Yu, L50|\n|poke|p1|Chien-Pao, L50|\n|poke|p1|Baxcalibur, L50, M|\n|poke|p1|Dragonite, L50, M|\n|poke|p1|Roaring Moon, L50|\n|poke|p2|Corviknight, L50, M|\n|poke|p2|Garchomp, L50, F|\n|poke|p2|Flutter Mane, L50|\n|poke|p2|Chi-Yu, L50|\n|poke|p2|Amoonguss, L50, M|\n|poke|p2|Iron Bundle, L50|\n|teampreview|4\n|inactive|Battle timer is ON: inactive players will automatically lose when time's up. (requested by ExcelSheet)\nRagerbonsai has agreed to open team sheets.\n|c|\u2606Ragerbonsai|Hey lol sorry about that\n|c|\u2606ExcelSheet|All good\n|inactive|ExcelSheet has 60 seconds left.\n|inactive|Ragerbonsai has 60 seconds left.\nExcelSheet has agreed to open team sheets.\n|\n|t:|1683776724\n|start\n|switch|p1a: Gholdengo|Gholdengo, L50|100\/100\n|switch|p1b: Chi-Yu|Chi-Yu, L50|100\/100\n|switch|p2a: \u30ac\u30d6\u30ea\u30a2\u30b9|Garchomp, L50, F, shiny|100\/100\n|switch|p2b: Iron Yata|Corviknight, L50, M, shiny|100\/100\n|-ability|p1b: Chi-Yu|Beads of Ruin\n|turn|1\n|inactive|ExcelSheet has 30 seconds left.\n|inactive|Ragerbonsai has 30 seconds left.\n|inactive|Ragerbonsai has 20 seconds left.\n|inactive|Ragerbonsai has 15 seconds left.\n|\n|t:|1683776765\n|-terastallize|p1a: Gholdengo|Water\n|-terastallize|p2b: Iron Yata|Dragon\n|move|p2a: \u30ac\u30d6\u30ea\u30a2\u30b9|Rock Slide|p1b: Chi-Yu|[spread] p1a,p1b\n|-supereffective|p1b: Chi-Yu\n|-damage|p1a: Gholdengo|81\/100\n|-damage|p1b: Chi-Yu|47\/100\n|move|p1b: Chi-Yu|Dark Pulse|p2a: \u30ac\u30d6\u30ea\u30a2\u30b9\n|-damage|p2a: \u30ac\u30d6\u30ea\u30a2\u30b9|38\/100\n|cant|p1a: Gholdengo|flinch\n|move|p2b: Iron Yata|Tailwind|p2b: Iron Yata\n|-sidestart|p2: Ragerbonsai|move: Tailwind\n|\n|-heal|p1b: Chi-Yu|53\/100|[from] item: Leftovers\n|upkeep\n|turn|2\n|inactive|ExcelSheet has 30 seconds left.\n|\n|t:|1683776791\n|move|p1b: Chi-Yu|Protect|p1b: Chi-Yu\n|-singleturn|p1b: Chi-Yu|Protect\n|move|p2a: \u30ac\u30d6\u30ea\u30a2\u30b9|Earthquake|p1a: Gholdengo|[spread] p2b,p1a\n|-activate|p1b: Chi-Yu|move: Protect\n|-damage|p2b: Iron Yata|72\/100\n|-damage|p1a: Gholdengo|39\/100\n|move|p2b: Iron Yata|Brave Bird|p1a: Gholdengo\n|-damage|p1a: Gholdengo|0 fnt\n|faint|p1a: Gholdengo\n|-damage|p2b: Iron Yata|60\/100|[from] Recoil\n|\n|-heal|p2b: Iron Yata|66\/100|[from] item: Leftovers\n|-heal|p1b: Chi-Yu|59\/100|[from] item: Leftovers\n|upkeep\n|\n|t:|1683776805\n|switch|p1a: Dragonite|Dragonite, L50, M|100\/100\n|turn|3\n|\n|t:|1683776818\n|move|p2a: \u30ac\u30d6\u30ea\u30a2\u30b9|Rock Slide|p1b: Chi-Yu|[spread] p1a\n|-miss|p2a: \u30ac\u30d6\u30ea\u30a2\u30b9|p1b: Chi-Yu\n|-supereffective|p1a: Dragonite\n|-damage|p1a: Dragonite|59\/100\n|move|p2b: Iron Yata|Brave Bird|p1a: Dragonite\n|-damage|p1a: Dragonite|15\/100\n|-damage|p2b: Iron Yata|50\/100|[from] Recoil\n|move|p1b: Chi-Yu|Dark Pulse|p2a: \u30ac\u30d6\u30ea\u30a2\u30b9\n|-crit|p2a: \u30ac\u30d6\u30ea\u30a2\u30b9\n|-damage|p2a: \u30ac\u30d6\u30ea\u30a2\u30b9|0 fnt\n|faint|p2a: \u30ac\u30d6\u30ea\u30a2\u30b9\n|move|p1a: Dragonite|Ice Spinner|p2b: Iron Yata\n|-supereffective|p2b: Iron Yata\n|-damage|p2b: Iron Yata|0 fnt\n|faint|p2b: Iron Yata\n|\n|-heal|p1b: Chi-Yu|65\/100|[from] item: Leftovers\n|upkeep\n|\n|t:|1683776833\n|switch|p2a: Chi-Yu|Chi-Yu, L50|100\/100\n|switch|p2b: Flutter Mane|Flutter Mane, L50|100\/100\n|-ability|p2a: Chi-Yu|Beads of Ruin\n|-enditem|p2b: Flutter Mane|Booster Energy\n|-activate|p2b: Flutter Mane|ability: Protosynthesis|[fromitem]\n|-start|p2b: Flutter Mane|protosynthesisspe\n|turn|4\n|\n|t:|1683776854\n|move|p2b: Flutter Mane|Dazzling Gleam|p1b: Chi-Yu|[spread] p1a,p1b\n|-supereffective|p1a: Dragonite\n|-damage|p1a: Dragonite|0 fnt\n|-damage|p1b: Chi-Yu|36\/100\n|faint|p1a: Dragonite\n|move|p2a: Chi-Yu|Dark Pulse|p1b: Chi-Yu\n|-resisted|p1b: Chi-Yu\n|-damage|p1b: Chi-Yu|13\/100\n|move|p1b: Chi-Yu|Dark Pulse|p2b: Flutter Mane\n|-damage|p2b: Flutter Mane|45\/100\n|\n|-heal|p1b: Chi-Yu|19\/100|[from] item: Leftovers\n|-sideend|p2: Ragerbonsai|move: Tailwind\n|upkeep\n|\n|t:|1683776865\n|switch|p1a: Chien-Pao|Chien-Pao, L50|100\/100\n|-ability|p1a: Chien-Pao|Sword of Ruin\n|turn|5\n|\n|t:|1683776877\n|move|p1b: Chi-Yu|Protect|p1b: Chi-Yu\n|-singleturn|p1b: Chi-Yu|Protect\n|move|p2b: Flutter Mane|Dazzling Gleam|p1a: Chien-Pao|[spread] p1a\n|-activate|p1b: Chi-Yu|move: Protect\n|-supereffective|p1a: Chien-Pao\n|-enditem|p1a: Chien-Pao|Focus Sash\n|-damage|p1a: Chien-Pao|1\/100\n|move|p1a: Chien-Pao|Sacred Sword|p2a: Chi-Yu\n|-supereffective|p2a: Chi-Yu\n|-enditem|p2a: Chi-Yu|Focus Sash\n|-damage|p2a: Chi-Yu|1\/100\n|move|p2a: Chi-Yu|Heat Wave|p1a: Chien-Pao|[spread] p1a\n|-activate|p1b: Chi-Yu|move: Protect\n|-supereffective|p1a: Chien-Pao\n|-crit|p1a: Chien-Pao\n|-damage|p1a: Chien-Pao|0 fnt\n|faint|p1a: Chien-Pao\n|\n|-heal|p1b: Chi-Yu|25\/100|[from] item: Leftovers\n|upkeep\n|turn|6\n|\n|t:|1683776895\n|move|p2b: Flutter Mane|Dazzling Gleam|p1b: Chi-Yu\n|-damage|p1b: Chi-Yu|0 fnt\n|faint|p1b: Chi-Yu\n|\n|win|Ragerbonsai\n","uploadtime":1683776901,"views":13,"p1id":"excelsheet","p2id":"ragerbonsai","formatid":"gen9vgc2023regulationc","rating":0,"private":0,"password":""}