{"id":"gen9vgc2023regulationc-1847031910","p1":"KoushiroTakeru","p2":"phinnjs","format":"[Gen 9] VGC 2023 Regulation C","log":"|j|\u2606KoushiroTakeru\n|j|\u2606phinnjs\n|t:|1681913346\n|gametype|doubles\n|player|p1|KoushiroTakeru|hilbert-wonderlauncher|1160\n|player|p2|phinnjs|elesa|1178\n|teamsize|p1|6\n|teamsize|p2|6\n|gen|9\n|tier|[Gen 9] VGC 2023 Regulation C\n|rated|\n|rule|Species Clause: Limit one of each Pok\u00e9mon\n|rule|Item Clause: Limit one of each item\n|clearpoke\n|poke|p1|Sandy Shocks, L50|\n|poke|p1|Espathra, L50, M|\n|poke|p1|Scizor, L50, M|\n|poke|p1|Salamence, L50, M|\n|poke|p1|Iron Valiant, L50|\n|poke|p1|Iron Bundle, L50|\n|poke|p2|Sylveon, L50, F|\n|poke|p2|Chien-Pao, L50|\n|poke|p2|Chi-Yu, L50|\n|poke|p2|Dragonite, L50, F|\n|poke|p2|Iron Hands, L50|\n|poke|p2|Kingambit, L50, F|\n|teampreview|4\n|inactive|Battle timer is ON: inactive players will automatically lose when time's up. (requested by phinnjs)\nphinnjs has agreed to open team sheets.\n|\n|t:|1681913382\n|start\n|switch|p1a: Sandy Shocks|Sandy Shocks, L50|100\/100\n|switch|p1b: Espathra|Espathra, L50, M|100\/100\n|switch|p2a: Chi-Yu|Chi-Yu, L50|100\/100\n|switch|p2b: Sylveon|Sylveon, L50, F|100\/100\n|-ability|p2a: Chi-Yu|Beads of Ruin\n|-enditem|p1a: Sandy Shocks|Booster Energy\n|-activate|p1a: Sandy Shocks|ability: Protosynthesis|[fromitem]\n|-start|p1a: Sandy Shocks|protosynthesisspe\n|turn|1\n|inactive|KoushiroTakeru has 30 seconds left.\n|\n|t:|1681913409\n|move|p1a: Sandy Shocks|Gravity|p1a: Sandy Shocks\n|-fieldstart|move: Gravity\n|move|p2a: Chi-Yu|Snarl|p1b: Espathra|[spread] p1a,p1b\n|-supereffective|p1b: Espathra\n|-damage|p1a: Sandy Shocks|64\/100\n|-damage|p1b: Espathra|14\/100\n|-unboost|p1a: Sandy Shocks|spa|1\n|move|p1b: Espathra|Hypnosis|p2a: Chi-Yu\n|-status|p2a: Chi-Yu|slp|[from] move: Hypnosis\n|move|p2b: Sylveon|Yawn|p1a: Sandy Shocks\n|-start|p1a: Sandy Shocks|move: Yawn|[of] p2b: Sylveon\n|\n|-ability|p1b: Espathra|Speed Boost|boost\n|-boost|p1b: Espathra|spe|1\n|upkeep\n|turn|2\n|inactive|KoushiroTakeru has 30 seconds left.\n|\n|t:|1681913444\n|move|p2b: Sylveon|Protect|p2b: Sylveon\n|-singleturn|p2b: Sylveon|Protect\n|move|p1a: Sandy Shocks|Thunder|p2b: Sylveon\n|-activate|p2b: Sylveon|move: Protect\n|cant|p2a: Chi-Yu|slp\n|move|p1b: Espathra|Lumina Crash|p2b: Sylveon\n|-activate|p2b: Sylveon|move: Protect\n|\n|-end|p1a: Sandy Shocks|move: Yawn|[silent]\n|-status|p1a: Sandy Shocks|slp\n|-ability|p1b: Espathra|Speed Boost|boost\n|-boost|p1b: Espathra|spe|1\n|upkeep\n|turn|3\n|\n|t:|1681913466\n|move|p1b: Espathra|Lumina Crash|p2b: Sylveon\n|-damage|p2b: Sylveon|71\/100\n|-unboost|p2b: Sylveon|spd|2\n|cant|p1a: Sandy Shocks|slp\n|-curestatus|p2a: Chi-Yu|slp|[msg]\n|move|p2a: Chi-Yu|Snarl|p1a: Sandy Shocks|[spread] p1a,p1b\n|-supereffective|p1b: Espathra\n|-crit|p1b: Espathra\n|-damage|p1a: Sandy Shocks|31\/100 slp\n|-damage|p1b: Espathra|0 fnt\n|-unboost|p1a: Sandy Shocks|spa|1\n|faint|p1b: Espathra\n|move|p2b: Sylveon|Yawn||[still]\n|-fail|p2b: Sylveon\n|\n|upkeep\n|\n|t:|1681913483\n|switch|p1b: Iron Valiant|Iron Valiant, L50|100\/100\n|turn|4\n|\n|t:|1681913500\n|-curestatus|p1a: Sandy Shocks|slp|[msg]\n|move|p1a: Sandy Shocks|Thunder|p2b: Sylveon\n|-damage|p2b: Sylveon|18\/100\n|move|p2a: Chi-Yu|Snarl|p1b: Iron Valiant|[spread] p1a,p1b\n|-resisted|p1b: Iron Valiant\n|-damage|p1a: Sandy Shocks|0 fnt\n|-damage|p1b: Iron Valiant|88\/100\n|-unboost|p1b: Iron Valiant|spa|1\n|faint|p1a: Sandy Shocks\n|-end|p1a: Sandy Shocks|Protosynthesis|[silent]\n|move|p1b: Iron Valiant|Hypnosis|p2a: Chi-Yu\n|-status|p2a: Chi-Yu|slp|[from] move: Hypnosis\n|move|p2b: Sylveon|Hyper Voice|p1b: Iron Valiant\n|-supereffective|p1b: Iron Valiant\n|-damage|p1b: Iron Valiant|0 fnt\n|faint|p1b: Iron Valiant\n|-end|p1b: Iron Valiant|Quark Drive|[silent]\n|-enditem|p2b: Sylveon|Throat Spray\n|-boost|p2b: Sylveon|spa|1|[from] item: Throat Spray\n|\n|upkeep\n|\n|t:|1681913523\n|switch|p1a: Scizor|Scizor, L50, M|100\/100\n|turn|5\n|\n|t:|1681913532\n|switch|p2a: Iron Hands|Iron Hands, L50|100\/100\n|-terastallize|p1a: Scizor|Fire\n|-terastallize|p2b: Sylveon|Fire\n|move|p1a: Scizor|Swords Dance|p1a: Scizor\n|-boost|p1a: Scizor|atk|2\n|move|p2b: Sylveon|Tera Blast|p1a: Scizor\n|-resisted|p1a: Scizor\n|-damage|p1a: Scizor|67\/100\n|\n|-fieldend|move: Gravity\n|upkeep\n|turn|6\n|\n|t:|1681913551\n|move|p1a: Scizor|Feint|p2b: Sylveon\n|-damage|p2b: Sylveon|0 fnt\n|faint|p2b: Sylveon\n|move|p2a: Iron Hands|Wild Charge|p1a: Scizor\n|-damage|p1a: Scizor|15\/100\n|-damage|p2a: Iron Hands|92\/100|[from] Recoil\n|\n|-heal|p2a: Iron Hands|98\/100|[from] item: Leftovers\n|upkeep\n|\n|t:|1681913561\n|switch|p2b: Kingambit|Kingambit, L50, F, shiny|100\/100\n|turn|7\n|\n|t:|1681913568\n|move|p2b: Kingambit|Sucker Punch|p1a: Scizor\n|-damage|p1a: Scizor|0 fnt\n|faint|p1a: Scizor\n|\n|win|phinnjs\n|raw|KoushiroTakeru's rating: 1160 → 1136<\/strong> (-24 for losing)\n|raw|phinnjs's rating: 1178 → 1202<\/strong> (+24 for winning)\n|l|\u2606phinnjs\n","uploadtime":1681914487,"views":4,"p1id":"koushirotakeru","p2id":"phinnjs","formatid":"gen9vgc2023regulationc","rating":1136,"private":0,"password":""}