{"id":"gen9vgc2023regulationc-1854088576","p1":"TyrannoRoar","p2":"BTLH83","format":"[Gen 9] VGC 2023 Regulation C","log":"|j|\u2606TyrannoRoar\n|j|\u2606BTLH83\n|t:|1682767184\n|gametype|doubles\n|player|p1|TyrannoRoar|265|1025\n|player|p2|BTLH83|102|1000\n|teamsize|p1|6\n|teamsize|p2|6\n|gen|9\n|tier|[Gen 9] VGC 2023 Regulation C\n|rated|\n|rule|Species Clause: Limit one of each Pok\u00e9mon\n|rule|Item Clause: Limit one of each item\n|clearpoke\n|poke|p1|Baxcalibur, L50, F|\n|poke|p1|Skeledirge, L50, F|\n|poke|p1|Meowscarada, L50, F|\n|poke|p1|Dudunsparce-*, L50, M|\n|poke|p1|Tauros-Paldea-Aqua, L50, M|\n|poke|p1|Garchomp, L50, F|\n|poke|p2|Flutter Mane, L50|\n|poke|p2|Chi-Yu, L50|\n|poke|p2|Palafin, L50, M|\n|poke|p2|Ting-Lu, L50|\n|poke|p2|Baxcalibur, L50, F|\n|poke|p2|Wo-Chien, L50|\n|teampreview|4\n|inactive|Battle timer is ON: inactive players will automatically lose when time's up. (requested by BTLH83)\nBTLH83 rejected open team sheets.\n|inactive|TyrannoRoar has 60 seconds left.\n|\n|t:|1682767214\n|start\n|switch|p1a: Dudunsparce|Dudunsparce, L50, M|100\/100\n|switch|p1b: Tauros|Tauros-Paldea-Aqua, L50, M|100\/100\n|switch|p2a: Palafin|Palafin, L50, M, shiny|100\/100\n|switch|p2b: Chi-Yu|Chi-Yu, L50|100\/100\n|-ability|p2b: Chi-Yu|Beads of Ruin\n|-ability|p1b: Tauros|Intimidate|boost\n|-unboost|p2a: Palafin|atk|1\n|-unboost|p2b: Chi-Yu|atk|1\n|turn|1\n|inactive|BTLH83 has 30 seconds left.\n|inactive|BTLH83 has 20 seconds left.\n|\n|t:|1682767251\n|detailschange|p2a: Palafin|Palafin-Hero, L50, M, shiny\n|switch|p2a: Wo-Chien|Wo-Chien, L50|100\/100\n|-ability|p2a: Wo-Chien|Tablets of Ruin\n|-terastallize|p2b: Chi-Yu|Ghost\n|move|p2b: Chi-Yu|Heat Wave|p1a: Dudunsparce|[spread] \n|-miss|p2b: Chi-Yu|p1a: Dudunsparce\n|-miss|p2b: Chi-Yu|p1b: Tauros\n|move|p1b: Tauros|Raging Bull|p2b: Chi-Yu\n|-damage|p2b: Chi-Yu|63\/100\n|move|p1a: Dudunsparce|Thunderbolt|p2a: Wo-Chien\n|-resisted|p2a: Wo-Chien\n|-damage|p2a: Wo-Chien|94\/100\n|\n|-heal|p2a: Wo-Chien|100\/100|[from] item: Leftovers\n|upkeep\n|turn|2\n|inactive|TyrannoRoar has 30 seconds left.\n|\n|t:|1682767278\n|move|p2b: Chi-Yu|Heat Wave|p1b: Tauros|[spread] p1a,p1b\n|-resisted|p1b: Tauros\n|-damage|p1a: Dudunsparce|62\/100\n|-damage|p1b: Tauros|61\/100\n|move|p1b: Tauros|Body Press|p2a: Wo-Chien\n|-supereffective|p2a: Wo-Chien\n|-damage|p2a: Wo-Chien|47\/100\n|move|p2a: Wo-Chien|Pollen Puff|p2b: Chi-Yu\n|-heal|p2b: Chi-Yu|100\/100\n|move|p1a: Dudunsparce|Glare|p2b: Chi-Yu\n|-status|p2b: Chi-Yu|par\n|\n|-heal|p1b: Tauros|67\/100|[from] item: Leftovers\n|-heal|p2a: Wo-Chien|54\/100|[from] item: Leftovers\n|upkeep\n|turn|3\n|\n|t:|1682767301\n|move|p1b: Tauros|Body Press|p2a: Wo-Chien\n|-supereffective|p2a: Wo-Chien\n|-damage|p2a: Wo-Chien|3\/100\n|move|p2b: Chi-Yu|Heat Wave|p1b: Tauros|[spread] p1a,p1b\n|-resisted|p1b: Tauros\n|-damage|p1a: Dudunsparce|26\/100\n|-damage|p1b: Tauros|32\/100\n|move|p2a: Wo-Chien|Leech Seed|p1b: Tauros\n|-start|p1b: Tauros|move: Leech Seed\n|move|p1a: Dudunsparce|Glare|p2a: Wo-Chien\n|-status|p2a: Wo-Chien|par\n|\n|-heal|p1b: Tauros|38\/100|[from] item: Leftovers\n|-heal|p2a: Wo-Chien|9\/100 par|[from] item: Leftovers\n|-damage|p1b: Tauros|26\/100|[from] Leech Seed|[of] p2a: Wo-Chien\n|-heal|p2a: Wo-Chien|20\/100 par|[silent]\n|upkeep\n|turn|4\n|\n|t:|1682767325\n|switch|p1b: Skeledirge|Skeledirge, L50, F|100\/100\n|switch|p2a: Palafin|Palafin-Hero, L50, M, shiny|100\/100\n|-activate|p2a: Palafin|ability: Zero to Hero\n|move|p2b: Chi-Yu|Heat Wave|p1b: Skeledirge|[spread] p1a,p1b\n|-resisted|p1b: Skeledirge\n|-damage|p1a: Dudunsparce|0 fnt\n|-damage|p1b: Skeledirge|69\/100\n|faint|p1a: Dudunsparce\n|\n|upkeep\n|\n|t:|1682767344\n|switch|p1a: Tauros|Tauros-Paldea-Aqua, L50, M|26\/100\n|-ability|p1a: Tauros|Intimidate|boost\n|-unboost|p2a: Palafin|atk|1\n|-unboost|p2b: Chi-Yu|atk|1\n|turn|5\n|\n|t:|1682767363\n|-terastallize|p1b: Skeledirge|Fairy\n|move|p2a: Palafin|Wave Crash|p1b: Skeledirge\n|-damage|p1b: Skeledirge|0 fnt\n|faint|p1b: Skeledirge\n|-damage|p2a: Palafin|76\/100|[from] Recoil\n|move|p1a: Tauros|Scary Face|p2a: Palafin\n|-unboost|p2a: Palafin|spe|2\n|move|p2b: Chi-Yu|Heat Wave|p1a: Tauros\n|-resisted|p1a: Tauros\n|-damage|p1a: Tauros|0 fnt\n|faint|p1a: Tauros\n|\n|upkeep\n|-message|TyrannoRoar forfeited.\n|\n|win|BTLH83\n|raw|TyrannoRoar's rating: 1025 → 1010<\/strong> (-15 for losing)\n|raw|BTLH83's rating: 1000 → 1043<\/strong> (+43 for winning)\n|l|\u2606TyrannoRoar\n","uploadtime":1682767380,"views":15,"p1id":"tyrannoroar","p2id":"btlh83","formatid":"gen9vgc2023regulationc","rating":1010,"private":0,"password":""}