{"id":"gen9vgc2023regulationc-1849329202","p1":"R2VGC","p2":"boogerhunter","format":"[Gen 9] VGC 2023 Regulation C","log":"|j|\u2606R2VGC\n|j|\u2606boogerhunter\n|t:|1682186501\n|gametype|doubles\n|player|p1|R2VGC|170|1265\n|player|p2|boogerhunter|102|1178\n|teamsize|p1|6\n|teamsize|p2|6\n|gen|9\n|tier|[Gen 9] VGC 2023 Regulation C\n|rated|\n|rule|Species Clause: Limit one of each Pok\u00e9mon\n|rule|Item Clause: Limit one of each item\n|clearpoke\n|poke|p1|Flutter Mane, L50|\n|poke|p1|Garganacl, L50, M|\n|poke|p1|Amoonguss, L50, F|\n|poke|p1|Palafin, L50, F|\n|poke|p1|Arcanine, L50, M|\n|poke|p1|Ting-Lu, L50|\n|poke|p2|Annihilape, L50, M|\n|poke|p2|Maushold, L50|\n|poke|p2|Sableye, L50, F|\n|poke|p2|Garganacl, L50, M|\n|poke|p2|Tyranitar, L50, F|\n|poke|p2|Lycanroc, L50, M|\n|teampreview|4\n|inactive|Battle timer is ON: inactive players will automatically lose when time's up. (requested by boogerhunter)\n|\n|t:|1682186522\n|start\n|switch|p1a: Flutter Mane|Flutter Mane, L50|100\/100\n|switch|p1b: Palafin|Palafin, L50, F|100\/100\n|switch|p2a: Annihilape|Annihilape, L50, M|100\/100\n|switch|p2b: Maushold|Maushold, L50|100\/100\n|turn|1\n|\n|t:|1682186540\n|detailschange|p1b: Palafin|Palafin-Hero, L50, F\n|switch|p1b: Amoonguss|Amoonguss, L50, F|100\/100\n|-terastallize|p1a: Flutter Mane|Fairy\n|move|p2a: Annihilape|Shadow Claw|p1a: Flutter Mane\n|-damage|p1a: Flutter Mane|43\/100\n|move|p1a: Flutter Mane|Dazzling Gleam|p2b: Maushold|[spread] p2a,p2b\n|-supereffective|p2a: Annihilape\n|-damage|p2a: Annihilape|0 fnt\n|-damage|p2b: Maushold|0 fnt\n|faint|p2a: Annihilape\n|faint|p2b: Maushold\n|\n|upkeep\n|\n|t:|1682186545\n|switch|p2b: Tyranitar|Tyranitar, L50, F|100\/100\n|switch|p2a: Garganacl|Garganacl, L50, M|100\/100\n|-weather|Sandstorm|[from] ability: Sand Stream|[of] p2b: Tyranitar\n|turn|2\n|\n|t:|1682186559\n|-terastallize|p2a: Garganacl|Ghost\n|move|p1a: Flutter Mane|Dazzling Gleam|p2a: Garganacl|[spread] p2a,p2b\n|-supereffective|p2b: Tyranitar\n|-damage|p2a: Garganacl|57\/100\n|-damage|p2b: Tyranitar|25\/100\n|move|p2b: Tyranitar|Thunder Wave|p1b: Amoonguss\n|-status|p1b: Amoonguss|par\n|move|p2a: Garganacl|Salt Cure|p1a: Flutter Mane\n|-damage|p1a: Flutter Mane|15\/100\n|-start|p1a: Flutter Mane|Salt Cure\n|move|p1b: Amoonguss|Pollen Puff|p1a: Flutter Mane\n|-heal|p1a: Flutter Mane|65\/100\n|\n|-weather|Sandstorm|[upkeep]\n|-damage|p1a: Flutter Mane|59\/100|[from] Sandstorm\n|-damage|p2a: Garganacl|51\/100|[from] Sandstorm\n|-damage|p1b: Amoonguss|95\/100 par|[from] Sandstorm\n|-damage|p1a: Flutter Mane|46\/100|[from] Salt Cure\n|upkeep\n|turn|3\n|\n|t:|1682186584\n|move|p2b: Tyranitar|Protect|p2b: Tyranitar\n|-singleturn|p2b: Tyranitar|Protect\n|move|p2a: Garganacl|Protect|p2a: Garganacl\n|-singleturn|p2a: Garganacl|Protect\n|move|p1a: Flutter Mane|Dazzling Gleam|p2a: Garganacl|[spread] \n|-activate|p2a: Garganacl|move: Protect\n|-activate|p2b: Tyranitar|move: Protect\n|cant|p1b: Amoonguss|par\n|\n|-weather|Sandstorm|[upkeep]\n|-damage|p1a: Flutter Mane|40\/100|[from] Sandstorm\n|-damage|p2a: Garganacl|45\/100|[from] Sandstorm\n|-damage|p1b: Amoonguss|89\/100 par|[from] Sandstorm\n|-damage|p1a: Flutter Mane|28\/100|[from] Salt Cure\n|upkeep\n|turn|4\n|\n|t:|1682186605\n|move|p1a: Flutter Mane|Dazzling Gleam|p2a: Garganacl|[spread] p2a,p2b\n|-supereffective|p2b: Tyranitar\n|-damage|p2a: Garganacl|1\/100\n|-damage|p2b: Tyranitar|0 fnt\n|faint|p2b: Tyranitar\n|move|p2a: Garganacl|Recover|p2a: Garganacl\n|-heal|p2a: Garganacl|51\/100\n|move|p1b: Amoonguss|Pollen Puff|p1a: Flutter Mane\n|-heal|p1a: Flutter Mane|78\/100\n|\n|-weather|Sandstorm|[upkeep]\n|-damage|p1a: Flutter Mane|71\/100|[from] Sandstorm\n|-damage|p2a: Garganacl|45\/100|[from] Sandstorm\n|-damage|p1b: Amoonguss|83\/100 par|[from] Sandstorm\n|-damage|p1a: Flutter Mane|59\/100|[from] Salt Cure\n|upkeep\n|turn|5\n|-message|boogerhunter forfeited.\n|\n|win|R2VGC\n|raw|R2VGC's rating: 1265 → 1284<\/strong> (+19 for winning)\n|raw|boogerhunter's rating: 1178 → 1159<\/strong> (-19 for losing)\n|l|\u2606boogerhunter\n","uploadtime":1682186698,"views":6,"p1id":"r2vgc","p2id":"boogerhunter","formatid":"gen9vgc2023regulationc","rating":1159,"private":0,"password":""}