{"id":"gen9vgc2023regulationc-1848284575","p1":"Ellvaekyoo","p2":"Prometheus756","format":"[Gen 9] VGC 2023 Regulation C","log":"|j|\u2606Ellvaekyoo\n|j|\u2606Prometheus756\n|t:|1682053531\n|gametype|doubles\n|player|p1|Ellvaekyoo|blaine|1223\n|player|p2|Prometheus756|pokefan-gen4|1246\n|teamsize|p1|6\n|teamsize|p2|6\n|gen|9\n|tier|[Gen 9] VGC 2023 Regulation C\n|rated|\n|rule|Species Clause: Limit one of each Pok\u00e9mon\n|rule|Item Clause: Limit one of each item\n|clearpoke\n|poke|p1|Glimmora, L50, F|\n|poke|p1|Wo-Chien, L50|\n|poke|p1|Flutter Mane, L50|\n|poke|p1|Arcanine, L50, F|\n|poke|p1|Dondozo, L50, F|\n|poke|p1|Tatsugiri, L50, F|\n|poke|p2|Torkoal, L50, M|\n|poke|p2|Slither Wing, L50|\n|poke|p2|Flutter Mane, L50|\n|poke|p2|Roaring Moon, L50|\n|poke|p2|Amoonguss, L50, F|\n|poke|p2|Dragonite, L50, M|\n|teampreview|4\n|inactive|Battle timer is ON: inactive players will automatically lose when time's up. (requested by Ellvaekyoo)\n|inactive|Ellvaekyoo has 60 seconds left.\n|inactive|Prometheus756 has 60 seconds left.\n|inactive|Ellvaekyoo has 30 seconds left.\n|inactive|Ellvaekyoo has 20 seconds left.\n|inactive|Prometheus756 has 30 seconds left.\n|\n|t:|1682053606\n|start\n|switch|p1a: Glimmora|Glimmora, L50, F|100\/100\n|switch|p1b: Dondozo|Dondozo, L50, F|100\/100\n|switch|p2a: Flutter Mane|Flutter Mane, L50|100\/100\n|switch|p2b: Dragonite|Dragonite, L50, M|100\/100\n|turn|1\n|inactive|Ellvaekyoo has 30 seconds left.\n|inactive|Prometheus756 has 30 seconds left.\n|inactive|Prometheus756 has 20 seconds left.\n|\n|t:|1682053649\n|-end|p2a: Flutter Mane|Protosynthesis|[silent]\n|switch|p2a: Amoonguss|Amoonguss, L50, F|100\/100\n|move|p1b: Dondozo|Protect|p1b: Dondozo\n|-singleturn|p1b: Dondozo|Protect\n|move|p2b: Dragonite|Extreme Speed|p1b: Dondozo\n|-activate|p1b: Dondozo|move: Protect\n|move|p1a: Glimmora|Sludge Bomb|p2a: Amoonguss\n|-damage|p2a: Amoonguss|58\/100\n|\n|upkeep\n|turn|2\n|inactive|Ellvaekyoo has 30 seconds left.\n|inactive|Prometheus756 has 30 seconds left.\n|inactive|Ellvaekyoo has 20 seconds left.\n|inactive|Ellvaekyoo has 15 seconds left.\n|inactive|Ellvaekyoo has 10 seconds left.\n|inactive|Ellvaekyoo has 5 seconds left.\n|\n|t:|1682053702\n|move|p2b: Dragonite|Extreme Speed|p1b: Dondozo\n|-damage|p1b: Dondozo|79\/100\n|move|p1a: Glimmora|Sludge Bomb|p2a: Amoonguss\n|-damage|p2a: Amoonguss|16\/100\n|move|p1b: Dondozo|Substitute|p1b: Dondozo\n|-start|p1b: Dondozo|Substitute\n|-damage|p1b: Dondozo|54\/100\n|move|p2a: Amoonguss|Spore||[still]\n|-fail|p2a: Amoonguss\n|\n|-heal|p1b: Dondozo|61\/100|[from] item: Leftovers\n|upkeep\n|turn|3\n|inactive|Ellvaekyoo has 30 seconds left.\n|inactive|Prometheus756 has 30 seconds left.\n|inactive|Prometheus756 has 20 seconds left.\n|inactive|Prometheus756 has 15 seconds left.\n|\n|t:|1682053745\n|switch|p2a: Slither Wing|Slither Wing, L50|100\/100\n|move|p1a: Glimmora|Sludge Bomb|p2b: Dragonite\n|-damage|p2b: Dragonite|80\/100\n|move|p2b: Dragonite|Iron Head|p1a: Glimmora\n|-supereffective|p1a: Glimmora\n|-damage|p1a: Glimmora|31\/100\n|-activate|p1a: Glimmora|ability: Toxic Debris\n|-sidestart|p2: Prometheus756|move: Toxic Spikes\n|move|p1b: Dondozo|Order Up|p2b: Dragonite\n|-supereffective|p2b: Dragonite\n|-damage|p2b: Dragonite|31\/100\n|\n|-heal|p1b: Dondozo|67\/100|[from] item: Leftovers\n|upkeep\n|turn|4\n|inactive|Ellvaekyoo has 30 seconds left.\n|inactive|Ellvaekyoo has 20 seconds left.\n|\n|t:|1682053781\n|-terastallize|p1a: Glimmora|Grass\n|move|p1a: Glimmora|Sludge Bomb|p2b: Dragonite\n|-damage|p2b: Dragonite|0 fnt\n|faint|p2b: Dragonite\n|move|p2a: Slither Wing|Bulk Up|p2a: Slither Wing\n|-boost|p2a: Slither Wing|atk|1\n|-boost|p2a: Slither Wing|def|1\n|move|p1b: Dondozo|Earthquake|p2a: Slither Wing|[spread] p1a,p2a\n|-resisted|p1a: Glimmora\n|-resisted|p2a: Slither Wing\n|-damage|p1a: Glimmora|18\/100\n|-damage|p2a: Slither Wing|89\/100\n|-activate|p1a: Glimmora|ability: Toxic Debris\n|-sidestart|p2: Prometheus756|move: Toxic Spikes\n|\n|-heal|p2a: Slither Wing|95\/100|[from] item: Leftovers\n|-heal|p1b: Dondozo|73\/100|[from] item: Leftovers\n|upkeep\n|\n|t:|1682053795\n|switch|p2b: Flutter Mane|Flutter Mane, L50|100\/100\n|-status|p2b: Flutter Mane|tox\n|turn|5\n|inactive|Prometheus756 has 30 seconds left.\n|inactive|Prometheus756 has 20 seconds left.\n|\n|t:|1682053830\n|-end|p2b: Flutter Mane|Protosynthesis|[silent]\n|switch|p2b: Amoonguss|Amoonguss, L50, F|16\/100\n|-sideend|p2: Prometheus756|move: Toxic Spikes|[of] p2b: Amoonguss\n|switch|p1a: Arcanine|Arcanine, L50, F|100\/100\n|-ability|p1a: Arcanine|Intimidate|boost\n|-unboost|p2a: Slither Wing|atk|1\n|-unboost|p2b: Amoonguss|atk|1\n|move|p1b: Dondozo|Protect|p1b: Dondozo\n|-singleturn|p1b: Dondozo|Protect\n|move|p2a: Slither Wing|Leech Life|p1a: Arcanine\n|-resisted|p1a: Arcanine\n|-damage|p1a: Arcanine|82\/100\n|-heal|p2a: Slither Wing|100\/100|[from] drain|[of] p1a: Arcanine\n|\n|-heal|p1b: Dondozo|79\/100|[from] item: Leftovers\n|upkeep\n|turn|6\n|inactive|Ellvaekyoo has 30 seconds left.\n|inactive|Prometheus756 has 30 seconds left.\n|inactive|Ellvaekyoo has 20 seconds left.\n|inactive|Prometheus756 has 20 seconds left.\n|\n|t:|1682053868\n|-terastallize|p2a: Slither Wing|Water\n|move|p1a: Arcanine|Will-O-Wisp|p2a: Slither Wing\n|-status|p2a: Slither Wing|brn\n|move|p2a: Slither Wing|Stomping Tantrum|p1a: Arcanine\n|-supereffective|p1a: Arcanine\n|-damage|p1a: Arcanine|61\/100\n|move|p1b: Dondozo|Order Up|p2b: Amoonguss\n|-damage|p2b: Amoonguss|0 fnt\n|faint|p2b: Amoonguss\n|\n|-heal|p1b: Dondozo|85\/100|[from] item: Leftovers\n|-damage|p2a: Slither Wing|94\/100 brn|[from] brn\n|upkeep\n|\n|t:|1682053878\n|switch|p2b: Flutter Mane|Flutter Mane, L50|100\/100 tox\n|turn|7\n|\n|t:|1682053903\n|move|p1b: Dondozo|Protect|p1b: Dondozo\n|-singleturn|p1b: Dondozo|Protect\n|move|p2b: Flutter Mane|Power Gem|p1a: Arcanine\n|-supereffective|p1a: Arcanine\n|-damage|p1a: Arcanine|0 fnt\n|faint|p1a: Arcanine\n|move|p2a: Slither Wing|Bulk Up|p2a: Slither Wing\n|-boost|p2a: Slither Wing|atk|1\n|-boost|p2a: Slither Wing|def|1\n|\n|-heal|p2a: Slither Wing|100\/100 brn|[from] item: Leftovers\n|-heal|p1b: Dondozo|92\/100|[from] item: Leftovers\n|-damage|p2b: Flutter Mane|94\/100 tox|[from] psn\n|-damage|p2a: Slither Wing|94\/100 brn|[from] brn\n|upkeep\n|\n|t:|1682053922\n|switch|p1a: Glimmora|Glimmora, L50, F, tera:Grass|18\/100\n|turn|8\n|\n|t:|1682053933\n|move|p2b: Flutter Mane|Power Gem|p1a: Glimmora\n|-damage|p1a: Glimmora|0 fnt\n|faint|p1a: Glimmora\n|move|p2a: Slither Wing|Bulk Up|p2a: Slither Wing\n|-boost|p2a: Slither Wing|atk|1\n|-boost|p2a: Slither Wing|def|1\n|move|p1b: Dondozo|Earthquake|p2a: Slither Wing|[spread] p2a,p2b\n|-damage|p2a: Slither Wing|72\/100 brn\n|-damage|p2b: Flutter Mane|49\/100 tox\n|\n|-heal|p2a: Slither Wing|78\/100 brn|[from] item: Leftovers\n|-heal|p1b: Dondozo|98\/100|[from] item: Leftovers\n|-damage|p2b: Flutter Mane|37\/100 tox|[from] psn\n|-damage|p2a: Slither Wing|72\/100 brn|[from] brn\n|upkeep\n|\n|t:|1682053947\n|switch|p1a: Flutter Mane|Flutter Mane, L50|100\/100\n|turn|9\n|\n|t:|1682053964\n|move|p1a: Flutter Mane|Protect|p1a: Flutter Mane\n|-singleturn|p1a: Flutter Mane|Protect\n|move|p1b: Dondozo|Protect|p1b: Dondozo\n|-singleturn|p1b: Dondozo|Protect\n|move|p2b: Flutter Mane|Power Gem|p1a: Flutter Mane\n|-activate|p1a: Flutter Mane|move: Protect\n|move|p2a: Slither Wing|Stomping Tantrum|p1a: Flutter Mane\n|-activate|p1a: Flutter Mane|move: Protect\n|\n|-heal|p2a: Slither Wing|78\/100 brn|[from] item: Leftovers\n|-heal|p1b: Dondozo|100\/100|[from] item: Leftovers\n|-damage|p2b: Flutter Mane|18\/100 tox|[from] psn\n|-damage|p2a: Slither Wing|72\/100 brn|[from] brn\n|upkeep\n|turn|10\n|inactive|Ellvaekyoo has 30 seconds left.\n|\n|t:|1682053990\n|move|p2b: Flutter Mane|Power Gem|p1a: Flutter Mane\n|-damage|p1a: Flutter Mane|52\/100\n|move|p1a: Flutter Mane|Dazzling Gleam|p2b: Flutter Mane|[spread] p2a,p2b\n|-damage|p2a: Slither Wing|51\/100 brn\n|-damage|p2b: Flutter Mane|0 fnt\n|faint|p2b: Flutter Mane\n|-end|p2b: Flutter Mane|Protosynthesis|[silent]\n|move|p2a: Slither Wing|Stomping Tantrum|p1a: Flutter Mane\n|-damage|p1a: Flutter Mane|2\/100\n|move|p1b: Dondozo|Order Up|p2a: Slither Wing\n|-damage|p2a: Slither Wing|27\/100 brn\n|\n|-heal|p2a: Slither Wing|33\/100 brn|[from] item: Leftovers\n|-damage|p2a: Slither Wing|27\/100 brn|[from] brn\n|upkeep\n|turn|11\n|c|\u2606Ellvaekyoo|eyyyyy\n|\n|t:|1682054009\n|move|p1a: Flutter Mane|Shadow Ball|p2a: Slither Wing\n|-damage|p2a: Slither Wing|0 fnt\n|faint|p2a: Slither Wing\n|-end|p2a: Slither Wing|Protosynthesis|[silent]\n|\n|win|Ellvaekyoo\n|raw|Ellvaekyoo's rating: 1223 → 1250<\/strong> (+27 for winning)\n|raw|Prometheus756's rating: 1246 → 1219<\/strong> (-27 for losing)\n|l|\u2606Prometheus756\n","uploadtime":1682054018,"views":7,"p1id":"ellvaekyoo","p2id":"prometheus756","formatid":"gen9vgc2023regulationc","rating":1219,"private":0,"password":""}