{"id":"gen9vgc2023regulationc-1852483236","p1":"ether21","p2":"Ricardo Randorez","format":"[Gen 9] VGC 2023 Regulation C","log":"|j|\u2606ether21\n|j|\u2606Ricardo Randorez\n|t:|1682563418\n|gametype|doubles\n|player|p1|ether21|twins-gen4dp|1235\n|player|p2|Ricardo Randorez|2|1176\n|teamsize|p1|6\n|teamsize|p2|6\n|gen|9\n|tier|[Gen 9] VGC 2023 Regulation C\n|rated|\n|rule|Species Clause: Limit one of each Pok\u00e9mon\n|rule|Item Clause: Limit one of each item\n|clearpoke\n|poke|p1|Palafin, L50, M|\n|poke|p1|Flutter Mane, L50|\n|poke|p1|Arcanine, L50, F|\n|poke|p1|Amoonguss, L50, M|\n|poke|p1|Ting-Lu, L50|\n|poke|p1|Kingambit, L50, F|\n|poke|p2|Flutter Mane, L50|\n|poke|p2|Chi-Yu, L50|\n|poke|p2|Iron Bundle, L50|\n|poke|p2|Amoonguss, L50, F|\n|poke|p2|Palafin, L50, F|\n|poke|p2|Iron Hands, L50|\n|teampreview|4\n|\n|t:|1682563458\n|start\n|switch|p1a: Ting-Lu|Ting-Lu, L50|100\/100\n|switch|p1b: Palafin|Palafin, L50, M|100\/100\n|switch|p2a: bundle of bitches|Iron Bundle, L50|100\/100\n|switch|p2b: catch these hands|Iron Hands, L50|100\/100\n|-ability|p1a: Ting-Lu|Vessel of Ruin\n|-enditem|p2a: bundle of bitches|Booster Energy\n|-activate|p2a: bundle of bitches|ability: Quark Drive|[fromitem]\n|-start|p2a: bundle of bitches|quarkdrivespe\n|turn|1\n|inactive|Battle timer is ON: inactive players will automatically lose when time's up. (requested by Ricardo Randorez)\n|\n|t:|1682563486\n|detailschange|p1b: Palafin|Palafin-Hero, L50, M\n|switch|p1b: Arcanine|Arcanine, L50, F|100\/100\n|-ability|p1b: Arcanine|Intimidate|boost\n|-unboost|p2a: bundle of bitches|atk|1\n|-unboost|p2b: catch these hands|atk|1\n|-terastallize|p1a: Ting-Lu|Poison\n|move|p2a: bundle of bitches|Freeze-Dry|p1b: Arcanine\n|-resisted|p1b: Arcanine\n|-damage|p1b: Arcanine|85\/100\n|move|p2b: catch these hands|Drain Punch|p1a: Ting-Lu\n|-resisted|p1a: Ting-Lu\n|-damage|p1a: Ting-Lu|92\/100\n|move|p1a: Ting-Lu|Heavy Slam|p2a: bundle of bitches\n|-damage|p2a: bundle of bitches|48\/100\n|\n|upkeep\n|turn|2\n|inactive|Ricardo Randorez has 30 seconds left.\n|\n|t:|1682563512\n|move|p2a: bundle of bitches|Hydro Pump|p1b: Arcanine\n|-supereffective|p1b: Arcanine\n|-damage|p1b: Arcanine|0 fnt\n|faint|p1b: Arcanine\n|move|p2b: catch these hands|Volt Switch|p1a: Ting-Lu\n|-damage|p1a: Ting-Lu|86\/100\n|\n|t:|1682563521\n|-end|p2b: catch these hands|Quark Drive|[silent]\n|switch|p2b: AMOGUS|Amoonguss, L50, F|100\/100|[from] Volt Switch\n|move|p1a: Ting-Lu|Heavy Slam|p2a: bundle of bitches\n|-damage|p2a: bundle of bitches|0 fnt\n|faint|p2a: bundle of bitches\n|-end|p2a: bundle of bitches|Quark Drive|[silent]\n|\n|upkeep\n|\n|t:|1682563530\n|switch|p2a: flutter ya mane|Flutter Mane, L50|100\/100\n|switch|p1b: Flutter Mane|Flutter Mane, L50|100\/100\n|turn|3\n|\n|t:|1682563543\n|move|p2b: AMOGUS|Rage Powder|p2b: AMOGUS\n|-singleturn|p2b: AMOGUS|move: Rage Powder\n|move|p1b: Flutter Mane|Shadow Ball|p2b: AMOGUS\n|-damage|p2b: AMOGUS|69\/100\n|move|p2a: flutter ya mane|Shadow Ball|p1b: Flutter Mane\n|-supereffective|p1b: Flutter Mane\n|-damage|p1b: Flutter Mane|0 fnt\n|faint|p1b: Flutter Mane\n|-end|p1b: Flutter Mane|Protosynthesis|[silent]\n|move|p1a: Ting-Lu|Heavy Slam|p2b: AMOGUS\n|-damage|p2b: AMOGUS|25\/100\n|-enditem|p2b: AMOGUS|Sitrus Berry|[eat]\n|-heal|p2b: AMOGUS|50\/100|[from] item: Sitrus Berry\n|\n|upkeep\n|\n|t:|1682563548\n|switch|p1b: Palafin|Palafin-Hero, L50, M|100\/100\n|-activate|p1b: Palafin|ability: Zero to Hero\n|turn|4\n|\n|t:|1682563571\n|-end|p2a: flutter ya mane|Protosynthesis|[silent]\n|switch|p2a: catch these hands|Iron Hands, L50|100\/100\n|move|p1b: Palafin|Protect|p1b: Palafin\n|-singleturn|p1b: Palafin|Protect\n|move|p1a: Ting-Lu|Sand Tomb|p2b: AMOGUS\n|-damage|p2b: AMOGUS|31\/100\n|-activate|p2b: AMOGUS|move: Sand Tomb|[of] p1a: Ting-Lu\n|move|p2b: AMOGUS|Spore|p1a: Ting-Lu\n|-status|p1a: Ting-Lu|slp|[from] move: Spore\n|\n|-damage|p2b: AMOGUS|19\/100|[from] move: Sand Tomb|[partiallytrapped]\n|upkeep\n|turn|5\n|\n|t:|1682563590\n|move|p2a: catch these hands|Fake Out|p1b: Palafin\n|-damage|p1b: Palafin|84\/100\n|cant|p1b: Palafin|flinch\n|cant|p1a: Ting-Lu|slp\n|move|p2b: AMOGUS|Spore|p1b: Palafin\n|-status|p1b: Palafin|slp|[from] move: Spore\n|\n|-damage|p2b: AMOGUS|7\/100|[from] move: Sand Tomb|[partiallytrapped]\n|upkeep\n|turn|6\n|\n|t:|1682563608\n|cant|p1b: Palafin|slp\n|move|p2b: AMOGUS|Rage Powder|p2b: AMOGUS\n|-singleturn|p2b: AMOGUS|move: Rage Powder\n|move|p2a: catch these hands|Wild Charge|p1b: Palafin\n|-supereffective|p1b: Palafin\n|-damage|p1b: Palafin|0 fnt\n|faint|p1b: Palafin\n|-damage|p2a: catch these hands|86\/100|[from] Recoil\n|cant|p1a: Ting-Lu|slp\n|\n|-damage|p2b: AMOGUS|0 fnt|[from] move: Sand Tomb|[partiallytrapped]\n|faint|p2b: AMOGUS\n|upkeep\n|\n|t:|1682563622\n|switch|p2b: flutter ya mane|Flutter Mane, L50|100\/100\n|turn|7\n|\n|t:|1682563634\n|-terastallize|p2b: flutter ya mane|Fairy\n|move|p2b: flutter ya mane|Moonblast|p1a: Ting-Lu\n|-resisted|p1a: Ting-Lu\n|-damage|p1a: Ting-Lu|66\/100 slp\n|move|p2a: catch these hands|Wild Charge|p1a: Ting-Lu\n|-damage|p1a: Ting-Lu|34\/100 slp\n|-damage|p2a: catch these hands|79\/100|[from] Recoil\n|-curestatus|p1a: Ting-Lu|slp|[msg]\n|move|p1a: Ting-Lu|Heavy Slam|p2b: flutter ya mane\n|-supereffective|p2b: flutter ya mane\n|-damage|p2b: flutter ya mane|0 fnt\n|faint|p2b: flutter ya mane\n|-end|p2b: flutter ya mane|Protosynthesis|[silent]\n|\n|upkeep\n|turn|8\n|\n|t:|1682563651\n|move|p2a: catch these hands|Wild Charge|p1a: Ting-Lu\n|-damage|p1a: Ting-Lu|0 fnt\n|faint|p1a: Ting-Lu\n|-damage|p2a: catch these hands|71\/100|[from] Recoil\n|\n|win|Ricardo Randorez\n|raw|ether21's rating: 1235 → 1206<\/strong> (-29 for losing)\n|raw|Ricardo Randorez's rating: 1176 → 1205<\/strong> (+29 for winning)\n|l|\u2606ether21\n","uploadtime":1682563659,"views":7,"p1id":"ether21","p2id":"ricardorandorez","formatid":"gen9vgc2023regulationc","rating":1205,"private":0,"password":""}