{"id":"gen9vgc2023regulationc-1854082811","p1":"Jscoot12","p2":"Peppeld","format":"[Gen 9] VGC 2023 Regulation C","log":"|j|\u2606Jscoot12\n|j|\u2606Peppeld\n|t:|1682766129\n|gametype|doubles\n|player|p1|Jscoot12|265|1318\n|player|p2|Peppeld|169|1416\n|teamsize|p1|6\n|teamsize|p2|6\n|gen|9\n|tier|[Gen 9] VGC 2023 Regulation C\n|rated|\n|rule|Species Clause: Limit one of each Pok\u00e9mon\n|rule|Item Clause: Limit one of each item\n|clearpoke\n|poke|p1|Orthworm, L50, F|\n|poke|p1|Dragonite, L50, F|\n|poke|p1|Flutter Mane, L50|\n|poke|p1|Chi-Yu, L50|\n|poke|p1|Gastrodon-East, L50, M|\n|poke|p1|Baxcalibur, L50, F|\n|poke|p2|Baxcalibur, L50, F|\n|poke|p2|Arcanine, L50, F|\n|poke|p2|Maushold-Four, L50|\n|poke|p2|Palafin, L50, F|\n|poke|p2|Gholdengo, L50|\n|poke|p2|Iron Bundle, L50|\n|teampreview|4\nPeppeld has agreed to open team sheets.\n|inactive|Battle timer is ON: inactive players will automatically lose when time's up. (requested by Peppeld)\nJscoot12 has agreed to open team sheets.\n|inactive|Peppeld has 60 seconds left.\n|inactive|Peppeld has 30 seconds left.\n|inactive|Peppeld has 20 seconds left.\n|inactive|Peppeld has 15 seconds left.\n|inactive|Peppeld has 10 seconds left.\n|inactive|Peppeld has 5 seconds left.\n|\n|t:|1682766227\n|start\n|switch|p1a: Orthworm|Orthworm, L50, F|100\/100\n|switch|p1b: Baxcalibur|Baxcalibur, L50, F|100\/100\n|switch|p2a: Iron Bundle|Iron Bundle, L50|100\/100\n|switch|p2b: Arcanine|Arcanine, L50, F|100\/100\n|-ability|p2b: Arcanine|Intimidate|boost\n|-unboost|p1a: Orthworm|atk|1\n|-unboost|p1b: Baxcalibur|atk|1\n|-enditem|p2a: Iron Bundle|Booster Energy\n|-activate|p2a: Iron Bundle|ability: Quark Drive|[fromitem]\n|-start|p2a: Iron Bundle|quarkdrivespe\n|turn|1\n|inactive|Peppeld has 30 seconds left.\n|inactive|Peppeld has 20 seconds left.\n|\n|t:|1682766265\n|-terastallize|p1a: Orthworm|Fire\n|move|p2b: Arcanine|Protect|p2b: Arcanine\n|-singleturn|p2b: Arcanine|Protect\n|move|p2a: Iron Bundle|Freeze-Dry|p1b: Baxcalibur\n|-damage|p1b: Baxcalibur|68\/100\n|move|p1b: Baxcalibur|Earthquake|p2b: Arcanine|[spread] p2a\n|-activate|p2b: Arcanine|move: Protect\n|-immune|p1a: Orthworm|[from] ability: Earth Eater\n|-damage|p2a: Iron Bundle|67\/100\n|-damage|p1b: Baxcalibur|58\/100|[from] item: Life Orb\n|move|p1a: Orthworm|Shed Tail|p1a: Orthworm\n|-start|p1a: Orthworm|Substitute|[from] move: Shed Tail\n|-damage|p1a: Orthworm|50\/100\n|\n|t:|1682766289\n|switch|p1a: Chi-Yu|Chi-Yu, L50|100\/100|[from] Shed Tail\n|-ability|p1a: Chi-Yu|Beads of Ruin\n|\n|upkeep\n|turn|2\n|inactive|Peppeld has 30 seconds left.\n|\n|t:|1682766324\n|move|p2a: Iron Bundle|Protect|p2a: Iron Bundle\n|-singleturn|p2a: Iron Bundle|Protect\n|move|p1b: Baxcalibur|Protect|p1b: Baxcalibur\n|-singleturn|p1b: Baxcalibur|Protect\n|move|p1a: Chi-Yu|Dark Pulse|p2b: Arcanine\n|-damage|p2b: Arcanine|30\/100\n|move|p2b: Arcanine|Flare Blitz|p1a: Chi-Yu\n|-resisted|p1a: Chi-Yu\n|-end|p1a: Chi-Yu|Substitute\n|-damage|p2b: Arcanine|22\/100|[from] Recoil|[of] p1a: Chi-Yu\n|\n|upkeep\n|turn|3\n|inactive|Peppeld has 30 seconds left.\n|inactive|Peppeld has 20 seconds left.\n|\n|t:|1682766362\n|switch|p2b: Maushold|Maushold-Four, L50|100\/100\n|move|p2a: Iron Bundle|Hydro Pump|p1a: Chi-Yu\n|-supereffective|p1a: Chi-Yu\n|-damage|p1a: Chi-Yu|0 fnt\n|faint|p1a: Chi-Yu\n|move|p1b: Baxcalibur|Glaive Rush|p2a: Iron Bundle\n|-damage|p2a: Iron Bundle|4\/100\n|-singlemove|p1b: Baxcalibur|Glaive Rush|[silent]\n|-damage|p1b: Baxcalibur|48\/100|[from] item: Life Orb\n|\n|upkeep\n|\n|t:|1682766375\n|switch|p1a: Flutter Mane|Flutter Mane, L50|100\/100\n|-enditem|p1a: Flutter Mane|Booster Energy\n|-activate|p1a: Flutter Mane|ability: Protosynthesis|[fromitem]\n|-start|p1a: Flutter Mane|protosynthesisspe\n|turn|4\n|inactive|Peppeld has 30 seconds left.\n|\n|t:|1682766404\n|move|p1b: Baxcalibur|Protect|p1b: Baxcalibur\n|-singleturn|p1b: Baxcalibur|Protect\n|move|p2a: Iron Bundle|Freeze-Dry|p1a: Flutter Mane\n|-damage|p1a: Flutter Mane|67\/100\n|move|p1a: Flutter Mane|Dazzling Gleam|p2b: Maushold|[spread] p2a,p2b\n|-damage|p2a: Iron Bundle|0 fnt\n|-damage|p2b: Maushold|72\/100\n|faint|p2a: Iron Bundle\n|-end|p2a: Iron Bundle|Quark Drive|[silent]\n|move|p2b: Maushold|Super Fang|p1b: Baxcalibur\n|-activate|p1b: Baxcalibur|move: Protect\n|\n|upkeep\n|inactive|Peppeld has 30 seconds left.\n|\n|t:|1682766431\n|switch|p2a: Baxcalibur|Baxcalibur, L50, F|100\/100\n|turn|5\n|\n|t:|1682766454\n|-terastallize|p2a: Baxcalibur|Poison\n|move|p2b: Maushold|Protect|p2b: Maushold\n|-singleturn|p2b: Maushold|Protect\n|move|p1a: Flutter Mane|Dazzling Gleam|p2b: Maushold|[spread] p2a\n|-activate|p2b: Maushold|move: Protect\n|-resisted|p2a: Baxcalibur\n|-damage|p2a: Baxcalibur|91\/100\n|move|p1b: Baxcalibur|Glaive Rush|p2a: Baxcalibur\n|-damage|p2a: Baxcalibur|47\/100\n|-singlemove|p1b: Baxcalibur|Glaive Rush|[silent]\n|-damage|p1b: Baxcalibur|38\/100|[from] item: Life Orb\n|move|p2a: Baxcalibur|Icicle Crash|p1a: Flutter Mane\n|-damage|p1a: Flutter Mane|0 fnt\n|faint|p1a: Flutter Mane\n|-end|p1a: Flutter Mane|Protosynthesis|[silent]\n|\n|upkeep\n|\n|t:|1682766471\n|switch|p1a: Orthworm|Orthworm, L50, F, tera:Fire|50\/100\n|turn|6\n|\n|t:|1682766487\n|move|p2b: Maushold|Follow Me|p2b: Maushold\n|-singleturn|p2b: Maushold|move: Follow Me\n|move|p1b: Baxcalibur|Earthquake|p2b: Maushold|[spread] p2a,p2b\n|-heal|p1a: Orthworm|75\/100|[from] ability: Earth Eater|[of] p1b: Baxcalibur\n|-supereffective|p2a: Baxcalibur\n|-damage|p2a: Baxcalibur|9\/100\n|-damage|p2b: Maushold|39\/100\n|-enditem|p2b: Maushold|Sitrus Berry|[eat]\n|-heal|p2b: Maushold|64\/100|[from] item: Sitrus Berry\n|-damage|p1b: Baxcalibur|28\/100|[from] item: Life Orb\n|move|p2a: Baxcalibur|Glaive Rush|p1a: Orthworm\n|-damage|p1a: Orthworm|21\/100\n|-singlemove|p2a: Baxcalibur|Glaive Rush|[silent]\n|move|p1a: Orthworm|Body Press|p2b: Maushold\n|-supereffective|p2b: Maushold\n|-crit|p2b: Maushold\n|-damage|p2b: Maushold|0 fnt\n|faint|p2b: Maushold\n|\n|-heal|p1a: Orthworm|27\/100|[from] item: Leftovers\n|upkeep\n|\n|t:|1682766500\n|switch|p2b: Arcanine|Arcanine, L50, F|22\/100\n|-ability|p2b: Arcanine|Intimidate|boost\n|-unboost|p1a: Orthworm|atk|1\n|-unboost|p1b: Baxcalibur|atk|1\n|turn|7\n|\n|t:|1682766530\n|move|p2a: Baxcalibur|Protect|p2a: Baxcalibur\n|-singleturn|p2a: Baxcalibur|Protect\n|move|p2b: Arcanine|Flare Blitz|p1b: Baxcalibur\n|-damage|p1b: Baxcalibur|0 fnt\n|faint|p1b: Baxcalibur\n|-damage|p2b: Arcanine|11\/100|[from] Recoil\n|move|p1a: Orthworm|Body Press|p2b: Arcanine\n|-damage|p2b: Arcanine|0 fnt\n|faint|p2b: Arcanine\n|\n|-heal|p1a: Orthworm|33\/100|[from] item: Leftovers\n|upkeep\n|turn|8\n|\n|t:|1682766550\n|move|p2a: Baxcalibur|Glaive Rush|p1a: Orthworm\n|-damage|p1a: Orthworm|0 fnt\n|-singlemove|p2a: Baxcalibur|Glaive Rush|[silent]\n|faint|p1a: Orthworm\n|\n|win|Peppeld\n|raw|Jscoot12's rating: 1318 → 1303<\/strong> (-15 for losing)\n|raw|Peppeld's rating: 1416 → 1431<\/strong> (+15 for winning)\n","uploadtime":1682766557,"views":29,"p1id":"jscoot12","p2id":"peppeld","formatid":"gen9vgc2023regulationc","rating":1303,"private":0,"password":""}