{"id":"gen9vgc2023regulationc-1844921067","p1":"Rarity1987","p2":"PcistaMasterRace","format":"[Gen 9] VGC 2023 Regulation C","log":"|j|\u2606Rarity1987\n|j|\u2606PcistaMasterRace\n|t:|1681664314\n|gametype|doubles\n|player|p1|Rarity1987|cynthia-gen4|1233\n|player|p2|PcistaMasterRace|102|1218\n|teamsize|p1|6\n|teamsize|p2|6\n|gen|9\n|tier|[Gen 9] VGC 2023 Regulation C\n|rated|\n|rule|Species Clause: Limit one of each Pok\u00e9mon\n|rule|Item Clause: Limit one of each item\n|clearpoke\n|poke|p1|Glimmora, L50, F|\n|poke|p1|Dondozo, L50, M|\n|poke|p1|Wo-Chien, L50|\n|poke|p1|Flutter Mane, L50|\n|poke|p1|Sylveon, L50, F|\n|poke|p1|Tatsugiri, L50, M|\n|poke|p2|Ceruledge, L50, M|\n|poke|p2|Amoonguss, L50, M|\n|poke|p2|Palafin, L50, F|\n|poke|p2|Glimmora, L50, F|\n|poke|p2|Flutter Mane, L50|\n|poke|p2|Ting-Lu, L50|\n|teampreview|4\n|inactive|Battle timer is ON: inactive players will automatically lose when time's up. (requested by Rarity1987)\n|\n|t:|1681664341\n|start\n|switch|p1a: Germe Haine|Glimmora, L50, F, shiny|100\/100\n|switch|p1b: Flutter Song|Flutter Mane, L50|100\/100\n|switch|p2a: Glimmora|Glimmora, L50, F, shiny|100\/100\n|switch|p2b: Palafin|Palafin, L50, F, shiny|100\/100\n|-enditem|p1b: Flutter Song|Booster Energy\n|-activate|p1b: Flutter Song|ability: Protosynthesis|[fromitem]\n|-start|p1b: Flutter Song|protosynthesisspe\n|turn|1\n|inactive|PcistaMasterRace has 30 seconds left.\n|\n|t:|1681664367\n|move|p1b: Flutter Song|Protect|p1b: Flutter Song\n|-singleturn|p1b: Flutter Song|Protect\n|move|p2b: Palafin|Protect|p2b: Palafin\n|-singleturn|p2b: Palafin|Protect\n|move|p2a: Glimmora|Power Gem|p1b: Flutter Song\n|-activate|p1b: Flutter Song|move: Protect\n|move|p1a: Germe Haine|Earth Power|p2a: Glimmora\n|-supereffective|p2a: Glimmora\n|-enditem|p2a: Glimmora|Focus Sash\n|-damage|p2a: Glimmora|1\/100\n|\n|upkeep\n|turn|2\n|\n|t:|1681664389\n|detailschange|p2b: Palafin|Palafin-Hero, L50, F, shiny\n|switch|p2b: Amoonguss|Amoonguss, L50, M, shiny|100\/100\n|move|p2a: Glimmora|Protect|p2a: Glimmora\n|-singleturn|p2a: Glimmora|Protect\n|move|p1b: Flutter Song|Moonblast|p2b: Amoonguss\n|-resisted|p2b: Amoonguss\n|-damage|p2b: Amoonguss|80\/100\n|move|p1a: Germe Haine|Mortal Spin|p2a: Glimmora|[spread] p2b\n|-activate|p2a: Glimmora|move: Protect\n|-damage|p2b: Amoonguss|77\/100\n|\n|upkeep\n|turn|3\n|inactive|Rarity1987 has 30 seconds left.\n|inactive|Rarity1987 has 20 seconds left.\n|\n|t:|1681664425\n|-end|p1b: Flutter Song|Protosynthesis|[silent]\n|switch|p1b: Moussu|Wo-Chien, L50|100\/100\n|-ability|p1b: Moussu|Tablets of Ruin\n|move|p2a: Glimmora|Power Gem|p1b: Moussu\n|-damage|p1b: Moussu|74\/100\n|move|p1a: Germe Haine|Sludge Bomb|p2a: Glimmora\n|-resisted|p2a: Glimmora\n|-damage|p2a: Glimmora|0 fnt\n|faint|p2a: Glimmora\n|move|p2b: Amoonguss|Spore|p1a: Germe Haine\n|-status|p1a: Germe Haine|slp|[from] move: Spore\n|\n|upkeep\n|inactive|PcistaMasterRace has 30 seconds left.\n|inactive|PcistaMasterRace has 20 seconds left.\n|inactive|PcistaMasterRace has 15 seconds left.\n|\n|t:|1681664467\n|switch|p2a: Palafin|Palafin-Hero, L50, F, shiny|100\/100\n|-activate|p2a: Palafin|ability: Zero to Hero\n|turn|4\n|\n|t:|1681664487\n|switch|p2b: Ting-Lu|Ting-Lu, L50|100\/100\n|-ability|p2b: Ting-Lu|Vessel of Ruin\n|-terastallize|p2a: Palafin|Water\n|move|p2a: Palafin|Wave Crash|p1b: Moussu\n|-resisted|p1b: Moussu\n|-damage|p1b: Moussu|33\/100\n|-damage|p2a: Palafin|89\/100|[from] Recoil\n|cant|p1a: Germe Haine|slp\n|move|p1b: Moussu|Leech Seed|p2a: Palafin\n|-start|p2a: Palafin|move: Leech Seed\n|\n|-damage|p2a: Palafin|77\/100|[from] Leech Seed|[of] p1b: Moussu\n|-heal|p1b: Moussu|47\/100|[silent]\n|upkeep\n|turn|5\n|\n|t:|1681664506\n|switch|p2a: Amoonguss|Amoonguss, L50, M, shiny|100\/100\n|-curestatus|p1a: Germe Haine|slp|[msg]\n|move|p1a: Germe Haine|Mortal Spin|p2a: Amoonguss|[spread] p2a,p2b\n|-resisted|p2b: Ting-Lu\n|-damage|p2a: Amoonguss|99\/100\n|-damage|p2b: Ting-Lu|99\/100\n|-status|p2b: Ting-Lu|psn\n|move|p1b: Moussu|Leech Seed|p2b: Ting-Lu\n|-start|p2b: Ting-Lu|move: Leech Seed\n|move|p2b: Ting-Lu|Stomping Tantrum|p1a: Germe Haine\n|-supereffective|p1a: Germe Haine\n|-damage|p1a: Germe Haine|0 fnt\n|-activate|p1a: Germe Haine|ability: Toxic Debris\n|-sidestart|p2: PcistaMasterRace|move: Toxic Spikes\n|faint|p1a: Germe Haine\n|\n|-damage|p2b: Ting-Lu|88\/100 psn|[from] Leech Seed|[of] p1b: Moussu\n|-heal|p1b: Moussu|64\/100|[silent]\n|-damage|p2b: Ting-Lu|75\/100 psn|[from] psn\n|upkeep\n|\n|t:|1681664527\n|switch|p1a: Flutter Song|Flutter Mane, L50|100\/100\n|turn|6\n|inactive|PcistaMasterRace has 30 seconds left.\n|\n|t:|1681664555\n|move|p1a: Flutter Song|Moonblast|p2b: Ting-Lu\n|-supereffective|p2b: Ting-Lu\n|-damage|p2b: Ting-Lu|34\/100 psn\n|move|p1b: Moussu|Ruination|p2a: Amoonguss\n|-damage|p2a: Amoonguss|50\/100\n|-enditem|p2a: Amoonguss|Sitrus Berry|[eat]\n|-heal|p2a: Amoonguss|74\/100|[from] item: Sitrus Berry\n|move|p2b: Ting-Lu|Ruination|p1a: Flutter Song\n|-damage|p1a: Flutter Song|51\/100\n|move|p2a: Amoonguss|Spore|p1a: Flutter Song\n|-status|p1a: Flutter Song|slp|[from] move: Spore\n|\n|-damage|p2b: Ting-Lu|22\/100 psn|[from] Leech Seed|[of] p1b: Moussu\n|-heal|p1b: Moussu|81\/100|[silent]\n|-damage|p2b: Ting-Lu|10\/100 psn|[from] psn\n|upkeep\n|turn|7\n|inactive|Rarity1987 has 30 seconds left.\n|\n|t:|1681664590\n|move|p2a: Amoonguss|Protect|p2a: Amoonguss\n|-singleturn|p2a: Amoonguss|Protect\n|cant|p1a: Flutter Song|slp\n|move|p1b: Moussu|Ruination|p2b: Ting-Lu\n|-damage|p2b: Ting-Lu|6\/100 psn\n|move|p2b: Ting-Lu|Heavy Slam|p1a: Flutter Song\n|-supereffective|p1a: Flutter Song\n|-damage|p1a: Flutter Song|0 fnt\n|faint|p1a: Flutter Song\n|-end|p1a: Flutter Song|Protosynthesis|[silent]\n|\n|-damage|p2b: Ting-Lu|0 fnt|[from] Leech Seed|[of] p1b: Moussu\n|-heal|p1b: Moussu|88\/100|[silent]\n|faint|p2b: Ting-Lu\n|upkeep\n|\n|t:|1681664603\n|switch|p1a: Paillette|Sylveon, L50, F, shiny|100\/100\n|switch|p2b: Palafin|Palafin-Hero, L50, F, shiny, tera:Water|77\/100\n|-status|p2b: Palafin|psn\n|turn|8\n|\n|t:|1681664620\n|move|p1a: Paillette|Protect|p1a: Paillette\n|-singleturn|p1a: Paillette|Protect\n|move|p2a: Amoonguss|Rage Powder|p2a: Amoonguss\n|-singleturn|p2a: Amoonguss|move: Rage Powder\n|move|p2b: Palafin|Jet Punch|p1a: Paillette\n|-activate|p1a: Paillette|move: Protect\n|move|p1b: Moussu|Leech Seed|p2b: Palafin|[miss]\n|-miss|p1b: Moussu|p2b: Palafin\n|\n|-damage|p2b: Palafin|65\/100 psn|[from] psn\n|upkeep\n|turn|9\n|\n|t:|1681664643\n|move|p2b: Palafin|Wave Crash|p1a: Paillette\n|-crit|p1a: Paillette\n|-damage|p1a: Paillette|0 fnt\n|faint|p1a: Paillette\n|-damage|p2b: Palafin|35\/100 psn|[from] Recoil\n|move|p1b: Moussu|Leech Seed|p2b: Palafin\n|-start|p2b: Palafin|move: Leech Seed\n|move|p2a: Amoonguss|Pollen Puff|p2b: Palafin\n|-heal|p2b: Palafin|85\/100 psn\n|\n|-damage|p2b: Palafin|72\/100 psn|[from] Leech Seed|[of] p1b: Moussu\n|-heal|p1b: Moussu|100\/100|[silent]\n|-damage|p2b: Palafin|60\/100 psn|[from] psn\n|upkeep\n|turn|10\n|\n|t:|1681664661\n|move|p2b: Palafin|Wave Crash|p1b: Moussu\n|-resisted|p1b: Moussu\n|-damage|p1b: Moussu|66\/100\n|-damage|p2b: Palafin|51\/100 psn|[from] Recoil\n|move|p1b: Moussu|Ruination|p2b: Palafin\n|-damage|p2b: Palafin|26\/100 psn\n|move|p2a: Amoonguss|Pollen Puff|p2b: Palafin\n|-heal|p2b: Palafin|75\/100 psn\n|\n|-damage|p2b: Palafin|63\/100 psn|[from] Leech Seed|[of] p1b: Moussu\n|-heal|p1b: Moussu|80\/100|[silent]\n|-damage|p2b: Palafin|51\/100 psn|[from] psn\n|upkeep\n|turn|11\n|\n|t:|1681664677\n|move|p2b: Palafin|Wave Crash|p1b: Moussu\n|-resisted|p1b: Moussu\n|-damage|p1b: Moussu|45\/100\n|-damage|p2b: Palafin|42\/100 psn|[from] Recoil\n|move|p1b: Moussu|Pollen Puff|p2a: Amoonguss\n|-damage|p2a: Amoonguss|58\/100\n|move|p2a: Amoonguss|Pollen Puff|p1b: Moussu\n|-supereffective|p1b: Moussu\n|-damage|p1b: Moussu|0 fnt\n|faint|p1b: Moussu\n|\n|win|PcistaMasterRace\n|raw|Rarity1987's rating: 1233 → 1207<\/strong> (-26 for losing)\n|raw|PcistaMasterRace's rating: 1218 → 1244<\/strong> (+26 for winning)\n|l|\u2606Rarity1987\n","uploadtime":1681664712,"views":17,"p1id":"rarity1987","p2id":"pcistamasterrace","formatid":"gen9vgc2023regulationc","rating":1207,"private":0,"password":""}