{"id":"gen9vgc2023regulationc-1860880470","p1":"kawhicu lennit 25","p2":"Dennisyan","format":"[Gen 9] VGC 2023 Regulation C","log":"|j|\u2606kawhicu lennit 25\n|j|\u203dDennisyan\n|t:|1683689698\n|gametype|doubles\n|player|p1|kawhicu lennit 25|worker|1208\n|player|p2|Dennisyan|blackbelt-gen4dp|1262\n|teamsize|p1|6\n|teamsize|p2|6\n|gen|9\n|tier|[Gen 9] VGC 2023 Regulation C\n|rated|\n|rule|Species Clause: Limit one of each Pok\u00e9mon\n|rule|Item Clause: Limit one of each item\n|clearpoke\n|poke|p1|Glalie, L50, F|\n|poke|p1|Sableye, L50, M|\n|poke|p1|Flamigo, L50, F|\n|poke|p1|Chansey, L50, F|\n|poke|p1|Farigiraf, L50, F|\n|poke|p1|Arcanine, L50, F|\n|poke|p2|Iron Bundle, L50|\n|poke|p2|Flutter Mane, L50|\n|poke|p2|Chi-Yu, L50|\n|poke|p2|Wo-Chien, L50|\n|poke|p2|Baxcalibur, L50, M|\n|poke|p2|Scizor, L50, M|\n|teampreview|4\n|inactive|Battle timer is ON: inactive players will automatically lose when time's up. (requested by Dennisyan)\n|inactive|kawhicu lennit 25 has 60 seconds left.\nDennisyan has agreed to open team sheets.\n|\n|t:|1683689740\n|start\n|switch|p1a: Glalie|Glalie, L50, F|100\/100\n|switch|p1b: Chansey|Chansey, L50, F|100\/100\n|switch|p2a: Chi-Yu|Chi-Yu, L50|100\/100\n|switch|p2b: Flutter Mane|Flutter Mane, L50|100\/100\n|-ability|p2a: Chi-Yu|Beads of Ruin\n|turn|1\n|inactive|Dennisyan has 30 seconds left.\n|\n|t:|1683689766\n|move|p2a: Chi-Yu|Protect|p2a: Chi-Yu\n|-singleturn|p2a: Chi-Yu|Protect\n|move|p1a: Glalie|Protect|p1a: Glalie\n|-singleturn|p1a: Glalie|Protect\n|move|p2b: Flutter Mane|Shadow Ball|p1a: Glalie\n|-activate|p1a: Glalie|move: Protect\n|move|p1b: Chansey|Thunder Wave|p2b: Flutter Mane|[miss]\n|-miss|p1b: Chansey|p2b: Flutter Mane\n|\n|-ability|p1a: Glalie|Moody|boost\n|-boost|p1a: Glalie|atk|2\n|-unboost|p1a: Glalie|spe|1\n|upkeep\n|turn|2\n|\n|t:|1683689788\n|switch|p1a: Arcanine|Arcanine, L50, F|100\/100\n|-ability|p1a: Arcanine|Intimidate|boost\n|-unboost|p2a: Chi-Yu|atk|1\n|-unboost|p2b: Flutter Mane|atk|1\n|move|p2b: Flutter Mane|Shadow Ball|p1a: Arcanine\n|-damage|p1a: Arcanine|38\/100\n|move|p2a: Chi-Yu|Heat Wave|p1a: Arcanine|[spread] p1a,p1b\n|-resisted|p1a: Arcanine\n|-damage|p1a: Arcanine|10\/100\n|-damage|p1b: Chansey|82\/100\n|-status|p1b: Chansey|brn\n|-damage|p2a: Chi-Yu|91\/100|[from] item: Life Orb\n|move|p1b: Chansey|Life Dew|p1b: Chansey|[spread] p1a,p1b\n|-heal|p1a: Arcanine|35\/100\n|-heal|p1b: Chansey|100\/100 brn\n|\n|-damage|p1b: Chansey|94\/100 brn|[from] brn\n|upkeep\n|turn|3\n|\n|t:|1683689813\n|-end|p2b: Flutter Mane|Protosynthesis|[silent]\n|switch|p2b: Scizor|Scizor, L50, M|100\/100\n|move|p1a: Arcanine|Protect|p1a: Arcanine\n|-singleturn|p1a: Arcanine|Protect\n|move|p2a: Chi-Yu|Dark Pulse|p1a: Arcanine\n|-activate|p1a: Arcanine|move: Protect\n|move|p1b: Chansey|Thunder Wave|p2b: Scizor\n|-status|p2b: Scizor|par\n|\n|-damage|p1b: Chansey|88\/100 brn|[from] brn\n|upkeep\n|turn|4\n|\n|t:|1683689835\n|move|p2a: Chi-Yu|Heat Wave|p1b: Chansey|[spread] p1a,p1b\n|-resisted|p1a: Arcanine\n|-damage|p1a: Arcanine|11\/100\n|-damage|p1b: Chansey|70\/100 brn\n|-damage|p2a: Chi-Yu|82\/100|[from] item: Life Orb\n|move|p1a: Arcanine|Snarl|p2b: Scizor|[spread] p2a,p2b\n|-resisted|p2a: Chi-Yu\n|-damage|p2a: Chi-Yu|77\/100\n|-damage|p2b: Scizor|86\/100 par\n|-unboost|p2a: Chi-Yu|spa|1\n|-unboost|p2b: Scizor|spa|1\n|move|p1b: Chansey|Thunder Wave|p2a: Chi-Yu|[miss]\n|-miss|p1b: Chansey|p2a: Chi-Yu\n|move|p2b: Scizor|Tailwind|p2b: Scizor\n|-sidestart|p2: Dennisyan|move: Tailwind\n|\n|-damage|p1b: Chansey|64\/100 brn|[from] brn\n|upkeep\n|turn|5\n|inactive|Dennisyan has 30 seconds left.\n|\n|t:|1683689861\n|move|p2a: Chi-Yu|Dark Pulse|p1b: Chansey\n|-damage|p1b: Chansey|49\/100 brn\n|-damage|p2a: Chi-Yu|68\/100|[from] item: Life Orb\n|move|p1a: Arcanine|Snarl|p2b: Scizor|[spread] p2a,p2b\n|-resisted|p2a: Chi-Yu\n|-damage|p2a: Chi-Yu|64\/100\n|-damage|p2b: Scizor|70\/100 par\n|-unboost|p2a: Chi-Yu|spa|1\n|-unboost|p2b: Scizor|spa|1\n|move|p2b: Scizor|Close Combat|p1b: Chansey\n|-supereffective|p1b: Chansey\n|-damage|p1b: Chansey|0 fnt\n|-unboost|p2b: Scizor|def|1\n|-unboost|p2b: Scizor|spd|1\n|faint|p1b: Chansey\n|\n|upkeep\n|\n|t:|1683689874\n|switch|p1b: Glalie|Glalie, L50, F|100\/100\n|turn|6\n|\n|t:|1683689888\n|switch|p2a: Iron Bundle|Iron Bundle, L50|100\/100\n|-enditem|p2a: Iron Bundle|Booster Energy\n|-activate|p2a: Iron Bundle|ability: Quark Drive|[fromitem]\n|-start|p2a: Iron Bundle|quarkdrivespe\n|-terastallize|p1b: Glalie|Water\n|move|p2b: Scizor|Bullet Punch|p1a: Arcanine\n|-resisted|p1a: Arcanine\n|-damage|p1a: Arcanine|0 fnt\n|faint|p1a: Arcanine\n|move|p1b: Glalie|Substitute|p1b: Glalie\n|-start|p1b: Glalie|Substitute\n|-damage|p1b: Glalie|76\/100\n|\n|-heal|p1b: Glalie|82\/100|[from] item: Leftovers\n|-ability|p1b: Glalie|Moody|boost\n|-boost|p1b: Glalie|spa|2\n|-unboost|p1b: Glalie|def|1\n|upkeep\n|\n|t:|1683689903\n|switch|p1a: Flamigo|Flamigo, L50, F|100\/100\n|-copyboost|p1a: Flamigo|p1b: Glalie|[from] ability: Costar\n|-enditem|p1a: Flamigo|White Herb\n|-clearnegativeboost|p1a: Flamigo|[silent]\n|turn|7\n|inactive|Dennisyan has 30 seconds left.\n|\n|t:|1683689936\n|-terastallize|p2a: Iron Bundle|Ghost\n|cant|p2b: Scizor|par\n|move|p2a: Iron Bundle|Icy Wind|p1b: Glalie|[spread] p1a,p1b\n|-resisted|p1b: Glalie\n|-activate|p1b: Glalie|move: Substitute|[damage]\n|-supereffective|p1a: Flamigo\n|-damage|p1a: Flamigo|48\/100\n|-unboost|p1a: Flamigo|spe|1\n|move|p1b: Glalie|Freeze-Dry|p2a: Iron Bundle\n|-damage|p2a: Iron Bundle|0 fnt\n|faint|p2a: Iron Bundle\n|-end|p2a: Iron Bundle|Quark Drive|[silent]\n|move|p1a: Flamigo|Substitute|p1a: Flamigo\n|-start|p1a: Flamigo|Substitute\n|-damage|p1a: Flamigo|23\/100\n|\n|-heal|p1b: Glalie|88\/100|[from] item: Leftovers\n|-sideend|p2: Dennisyan|move: Tailwind\n|-ability|p1b: Glalie|Moody|boost\n|-boost|p1b: Glalie|def|2\n|-unboost|p1b: Glalie|spd|1\n|upkeep\n|\n|t:|1683689957\n|switch|p2a: Chi-Yu|Chi-Yu, L50|64\/100\n|-ability|p2a: Chi-Yu|Beads of Ruin\n|turn|8\n|\n|t:|1683689978\n|move|p2a: Chi-Yu|Protect|p2a: Chi-Yu\n|-singleturn|p2a: Chi-Yu|Protect\n|move|p1b: Glalie|Freeze-Dry|p2a: Chi-Yu\n|-activate|p2a: Chi-Yu|move: Protect\n|move|p1a: Flamigo|Acrobatics|p2a: Chi-Yu\n|-activate|p2a: Chi-Yu|move: Protect\n|cant|p2b: Scizor|par\n|\n|-heal|p1b: Glalie|94\/100|[from] item: Leftovers\n|-ability|p1b: Glalie|Moody|boost\n|-boost|p1b: Glalie|spe|2\n|-unboost|p1b: Glalie|spd|1\n|upkeep\n|turn|9\n|inactive|Dennisyan has 30 seconds left.\n|\n|t:|1683690008\n|move|p2b: Scizor|Bullet Punch|p1a: Flamigo\n|-end|p1a: Flamigo|Substitute\n|move|p1b: Glalie|Freeze-Dry|p2a: Chi-Yu\n|-resisted|p2a: Chi-Yu\n|-damage|p2a: Chi-Yu|35\/100\n|move|p2a: Chi-Yu|Heat Wave|p1a: Flamigo|[spread] p1a,p1b\n|-resisted|p1b: Glalie\n|-end|p1b: Glalie|Substitute\n|-damage|p1a: Flamigo|0 fnt\n|faint|p1a: Flamigo\n|-damage|p2a: Chi-Yu|26\/100|[from] item: Life Orb\n|\n|-heal|p1b: Glalie|99\/100|[from] item: Leftovers\n|-ability|p1b: Glalie|Moody|boost\n|-boost|p1b: Glalie|atk|2\n|-unboost|p1b: Glalie|spa|1\n|upkeep\n|turn|10\n|\n|t:|1683690031\n|move|p2a: Chi-Yu|Protect|p2a: Chi-Yu\n|-singleturn|p2a: Chi-Yu|Protect\n|move|p1b: Glalie|Earthquake|p2b: Scizor|[spread] p2b\n|-activate|p2a: Chi-Yu|move: Protect\n|-damage|p2b: Scizor|30\/100 par\n|cant|p2b: Scizor|par\n|\n|-heal|p1b: Glalie|100\/100|[from] item: Leftovers\n|-ability|p1b: Glalie|Moody|boost\n|-boost|p1b: Glalie|spa|2\n|-unboost|p1b: Glalie|atk|1\n|upkeep\n|turn|11\n|\n|t:|1683690052\n|move|p1b: Glalie|Earthquake|p2a: Chi-Yu|[spread] p2a,p2b\n|-supereffective|p2a: Chi-Yu\n|-damage|p2a: Chi-Yu|0 fnt\n|-damage|p2b: Scizor|2\/100 par\n|faint|p2a: Chi-Yu\n|cant|p2b: Scizor|par\n|\n|-ability|p1b: Glalie|Moody|boost\n|-boost|p1b: Glalie|spd|2\n|-unboost|p1b: Glalie|spe|1\n|upkeep\n|\n|t:|1683690060\n|switch|p2a: Flutter Mane|Flutter Mane, L50|100\/100\n|turn|12\n|\n|t:|1683690065\n|move|p1b: Glalie|Protect|p1b: Glalie\n|-singleturn|p1b: Glalie|Protect\n|cant|p2b: Scizor|par\n|move|p2a: Flutter Mane|Thunderbolt|p1b: Glalie\n|-activate|p1b: Glalie|move: Protect\n|\n|-ability|p1b: Glalie|Moody|boost\n|-boost|p1b: Glalie|spd|2\n|-unboost|p1b: Glalie|atk|1\n|upkeep\n|turn|13\n|\n|t:|1683690078\n|move|p2b: Scizor|Bullet Punch|p1b: Glalie\n|-resisted|p1b: Glalie\n|-damage|p1b: Glalie|88\/100\n|move|p2a: Flutter Mane|Thunderbolt|p1b: Glalie\n|-supereffective|p1b: Glalie\n|-damage|p1b: Glalie|35\/100\n|move|p1b: Glalie|Freeze-Dry|p2a: Flutter Mane\n|-damage|p2a: Flutter Mane|41\/100\n|\n|-heal|p1b: Glalie|41\/100|[from] item: Leftovers\n|-ability|p1b: Glalie|Moody|boost\n|-boost|p1b: Glalie|spe|2\n|-unboost|p1b: Glalie|def|1\n|upkeep\n|turn|14\n|\n|t:|1683690093\n|move|p2b: Scizor|Bullet Punch|p1b: Glalie\n|-resisted|p1b: Glalie\n|-damage|p1b: Glalie|21\/100\n|move|p1b: Glalie|Freeze-Dry|p2a: Flutter Mane\n|-damage|p2a: Flutter Mane|0 fnt\n|faint|p2a: Flutter Mane\n|-end|p2a: Flutter Mane|Protosynthesis|[silent]\n|\n|-heal|p1b: Glalie|27\/100|[from] item: Leftovers\n|-ability|p1b: Glalie|Moody|boost\n|-boost|p1b: Glalie|spe|2\n|-unboost|p1b: Glalie|def|1\n|upkeep\n|turn|15\n|-message|Dennisyan forfeited.\n|\n|win|kawhicu lennit 25\n|raw|kawhicu lennit 25's rating: 1208 → 1237<\/strong> (+29 for winning)\n|raw|Dennisyan's rating: 1262 → 1233<\/strong> (-29 for losing)\n|l|\u203dDennisyan\n","uploadtime":1683690103,"views":19,"p1id":"kawhiculennit25","p2id":"dennisyan","formatid":"gen9vgc2023regulationc","rating":1233,"private":0,"password":""}