{"id":"gen9vgc2023regulationc-1861231196","p1":"Narancia95","p2":"fxgjx","format":"[Gen 9] VGC 2023 Regulation C","log":"|j|\u2606Narancia95\n|j|\u2606fxgjx\n|t:|1683737913\n|gametype|doubles\n|player|p1|Narancia95|winona|1128\n|player|p2|fxgjx|266|1120\n|teamsize|p1|6\n|teamsize|p2|6\n|gen|9\n|tier|[Gen 9] VGC 2023 Regulation C\n|rated|\n|rule|Species Clause: Limit one of each Pok\u00e9mon\n|rule|Item Clause: Limit one of each item\n|clearpoke\n|poke|p1|Iron Valiant, L50|\n|poke|p1|Amoonguss, L50, M|\n|poke|p1|Gyarados, L50, F|\n|poke|p1|Ting-Lu, L50|\n|poke|p1|Kingambit, L50, M|\n|poke|p1|Volcarona, L50, F|\n|poke|p2|Palafin, L50, M|\n|poke|p2|Chi-Yu, L50|\n|poke|p2|Flutter Mane, L50|\n|poke|p2|Farigiraf, L50, F|\n|poke|p2|Amoonguss, L50, M|\n|poke|p2|Talonflame, L50, F|\n|teampreview|4\n|\n|t:|1683737936\n|start\n|switch|p1a: Gyarados|Gyarados, L50, F, shiny|100\/100\n|switch|p1b: Ting-Lu|Ting-Lu, L50|100\/100\n|switch|p2a: Talonflame|Talonflame, L50, F|100\/100\n|switch|p2b: Farigiraf|Farigiraf, L50, F|100\/100\n|-ability|p1a: Gyarados|Intimidate|boost\n|-unboost|p2a: Talonflame|atk|1\n|-unboost|p2b: Farigiraf|atk|1\n|-ability|p1b: Ting-Lu|Vessel of Ruin\n|turn|1\n|inactive|Battle timer is ON: inactive players will automatically lose when time's up. (requested by fxgjx)\n|\n|t:|1683737953\n|-terastallize|p2b: Farigiraf|Normal\n|move|p2a: Talonflame|Taunt|p1a: Gyarados\n|-start|p1a: Gyarados|move: Taunt\n|move|p1a: Gyarados|Waterfall|p2a: Talonflame\n|-supereffective|p2a: Talonflame\n|-damage|p2a: Talonflame|0 fnt\n|faint|p2a: Talonflame\n|move|p2b: Farigiraf|Hyper Voice|p1b: Ting-Lu|[spread] p1a,p1b\n|-damage|p1a: Gyarados|55\/100\n|-damage|p1b: Ting-Lu|79\/100\n|move|p1b: Ting-Lu|Ruination|p2b: Farigiraf\n|-damage|p2b: Farigiraf|50\/100\n|\n|upkeep\n|\n|t:|1683737972\n|switch|p2a: Flutter Mane|Flutter Mane, L50|100\/100\n|-enditem|p2a: Flutter Mane|Booster Energy\n|-activate|p2a: Flutter Mane|ability: Protosynthesis|[fromitem]\n|-start|p2a: Flutter Mane|protosynthesisspa\n|turn|2\n|\n|t:|1683737995\n|switch|p1a: Kingambit|Kingambit, L50, M|100\/100\n|move|p2a: Flutter Mane|Dazzling Gleam|p1a: Kingambit|[spread] p1a,p1b\n|-supereffective|p1b: Ting-Lu\n|-damage|p1a: Kingambit|71\/100\n|-damage|p1b: Ting-Lu|54\/100\n|move|p2b: Farigiraf|Hyper Voice|p1b: Ting-Lu|[spread] p1a,p1b\n|-resisted|p1a: Kingambit\n|-damage|p1a: Kingambit|46\/100\n|-damage|p1b: Ting-Lu|32\/100\n|move|p1b: Ting-Lu|Heavy Slam|p2a: Flutter Mane\n|-supereffective|p2a: Flutter Mane\n|-crit|p2a: Flutter Mane\n|-damage|p2a: Flutter Mane|0 fnt\n|faint|p2a: Flutter Mane\n|-end|p2a: Flutter Mane|Protosynthesis|[silent]\n|\n|upkeep\n|\n|t:|1683738005\n|switch|p2a: Chi-Yu|Chi-Yu, L50|100\/100\n|-ability|p2a: Chi-Yu|Beads of Ruin\n|turn|3\n|\n|t:|1683738023\n|move|p1a: Kingambit|Protect|p1a: Kingambit\n|-singleturn|p1a: Kingambit|Protect\n|move|p2a: Chi-Yu|Heat Wave|p1a: Kingambit|[spread] p1b\n|-activate|p1a: Kingambit|move: Protect\n|-damage|p1b: Ting-Lu|15\/100\n|move|p2b: Farigiraf|Hyper Voice|p1a: Kingambit|[spread] p1b\n|-activate|p1a: Kingambit|move: Protect\n|-damage|p1b: Ting-Lu|0 fnt\n|faint|p1b: Ting-Lu\n|\n|upkeep\n|\n|t:|1683738037\n|switch|p1b: Volcarona|Volcarona, L50, F, shiny|100\/100\n|turn|4\n|\n|t:|1683738059\n|move|p2a: Chi-Yu|Heat Wave|p1b: Volcarona|[spread] p1a,p1b\n|-supereffective|p1a: Kingambit\n|-damage|p1a: Kingambit|0 fnt\n|-damage|p1b: Volcarona|51\/100\n|faint|p1a: Kingambit\n|move|p1b: Volcarona|Bug Buzz|p2a: Chi-Yu\n|-damage|p2a: Chi-Yu|30\/100\n|move|p2b: Farigiraf|Hyper Voice|p1b: Volcarona\n|-damage|p1b: Volcarona|0 fnt\n|faint|p1b: Volcarona\n|\n|upkeep\n|\n|t:|1683738072\n|switch|p1b: Gyarados|Gyarados, L50, F, shiny|55\/100\n|-ability|p1b: Gyarados|Intimidate|boost\n|-unboost|p2a: Chi-Yu|atk|1\n|-unboost|p2b: Farigiraf|atk|1\n|turn|5\n|\n|t:|1683738078\n|move|p2a: Chi-Yu|Dark Pulse|p1b: Gyarados\n|-damage|p1b: Gyarados|7\/100\n|move|p1b: Gyarados|Waterfall|p2b: Farigiraf\n|-damage|p2b: Farigiraf|0 fnt\n|faint|p2b: Farigiraf\n|\n|upkeep\n|turn|6\n|\n|t:|1683738088\n|move|p2a: Chi-Yu|Dark Pulse|p1b: Gyarados\n|-damage|p1b: Gyarados|0 fnt\n|faint|p1b: Gyarados\n|\n|win|fxgjx\n|raw|Narancia95's rating: 1128 → 1102<\/strong> (-26 for losing)\n|raw|fxgjx's rating: 1120 → 1146<\/strong> (+26 for winning)\n","uploadtime":1683738091,"views":8,"p1id":"narancia95","p2id":"fxgjx","formatid":"gen9vgc2023regulationc","rating":1102,"private":0,"password":""}