{"id":"gen9vgc2023regulationc-1861955426","p1":"Shiro1x","p2":"this the shpot","format":"[Gen 9] VGC 2023 Regulation C","log":"|j|\u2606Shiro1x\n|j|\u203dthis the shpot\n|t:|1683823865\n|gametype|doubles\n|player|p1|Shiro1x|benga|1055\n|player|p2|this the shpot|caitlin|1000\n|teamsize|p1|6\n|teamsize|p2|6\n|gen|9\n|tier|[Gen 9] VGC 2023 Regulation C\n|rated|\n|rule|Species Clause: Limit one of each Pok\u00e9mon\n|rule|Item Clause: Limit one of each item\n|clearpoke\n|poke|p1|Flutter Mane, L50|\n|poke|p1|Arcanine, L50, M|\n|poke|p1|Amoonguss, L50, F|\n|poke|p1|Iron Bundle, L50|\n|poke|p1|Garchomp, L50, F|\n|poke|p1|Kingambit, L50, M|\n|poke|p2|Dondozo, L50, F|\n|poke|p2|Tatsugiri, L50, F|\n|poke|p2|Chi-Yu, L50|\n|poke|p2|Iron Bundle, L50|\n|poke|p2|Flutter Mane, L50|\n|poke|p2|Glimmora, L50, F|\n|teampreview|4\n|inactive|Battle timer is ON: inactive players will automatically lose when time's up. (requested by this the shpot)\n|inactive|Shiro1x also wants the timer to be on.\n|\n|t:|1683823894\n|start\n|switch|p1a: Arcanine|Arcanine, L50, M, shiny|100\/100\n|switch|p1b: Garchomp|Garchomp, L50, F|100\/100\n|switch|p2a: Glimmora|Glimmora, L50, F|100\/100\n|switch|p2b: Chi-Yu|Chi-Yu, L50|100\/100\n|-ability|p2b: Chi-Yu|Beads of Ruin\n|-ability|p1a: Arcanine|Intimidate|boost\n|-unboost|p2a: Glimmora|atk|1\n|-unboost|p2b: Chi-Yu|atk|1\n|turn|1\n|\n|t:|1683823912\n|move|p2b: Chi-Yu|Protect|p2b: Chi-Yu\n|-singleturn|p2b: Chi-Yu|Protect\n|move|p1b: Garchomp|Stomping Tantrum|p2b: Chi-Yu\n|-activate|p2b: Chi-Yu|move: Protect\n|move|p1a: Arcanine|Flare Blitz|p2a: Glimmora\n|-resisted|p2a: Glimmora\n|-damage|p2a: Glimmora|82\/100\n|-activate|p2a: Glimmora|ability: Toxic Debris\n|-sidestart|p1: Shiro1x|move: Toxic Spikes\n|-damage|p1a: Arcanine|94\/100|[from] Recoil\n|move|p2a: Glimmora|Earth Power|p1a: Arcanine\n|-supereffective|p1a: Arcanine\n|-damage|p1a: Arcanine|33\/100\n|\n|upkeep\n|turn|2\n|inactive|this the shpot has 30 seconds left.\n|inactive|this the shpot has 20 seconds left.\n|\n|t:|1683823949\n|switch|p2a: Dondozo|Dondozo, L50, F|100\/100\n|move|p1a: Arcanine|Protect|p1a: Arcanine\n|-singleturn|p1a: Arcanine|Protect\n|move|p1b: Garchomp|Stomping Tantrum|p2a: Dondozo\n|-damage|p2a: Dondozo|76\/100\n|move|p2b: Chi-Yu|Dark Pulse|p1a: Arcanine\n|-activate|p1a: Arcanine|move: Protect\n|\n|-heal|p2a: Dondozo|82\/100|[from] item: Leftovers\n|upkeep\n|turn|3\n|\n|t:|1683823972\n|switch|p1a: Amoonguss|Amoonguss, L50, F|100\/100\n|-sideend|p1: Shiro1x|move: Toxic Spikes|[of] p1a: Amoonguss\n|move|p2a: Dondozo|Protect|p2a: Dondozo\n|-singleturn|p2a: Dondozo|Protect\n|move|p1b: Garchomp|Stomping Tantrum|p2b: Chi-Yu\n|-supereffective|p2b: Chi-Yu\n|-enditem|p2b: Chi-Yu|Focus Sash\n|-damage|p2b: Chi-Yu|1\/100\n|move|p2b: Chi-Yu|Dark Pulse|p1a: Amoonguss\n|-damage|p1a: Amoonguss|59\/100\n|\n|-heal|p2a: Dondozo|89\/100|[from] item: Leftovers\n|upkeep\n|turn|4\n|inactive|this the shpot has 30 seconds left.\n|inactive|this the shpot has 20 seconds left.\n|\n|t:|1683824015\n|-terastallize|p2a: Dondozo|Grass\n|move|p2b: Chi-Yu|Protect|p2b: Chi-Yu\n|-singleturn|p2b: Chi-Yu|Protect\n|move|p1b: Garchomp|Rock Slide|p2b: Chi-Yu|[spread] p2a\n|-activate|p2b: Chi-Yu|move: Protect\n|-damage|p2a: Dondozo|75\/100\n|move|p2a: Dondozo|Earthquake|p1a: Amoonguss|[spread] p1a,p1b\n|-activate|p2b: Chi-Yu|move: Protect\n|-crit|p1b: Garchomp\n|-damage|p1a: Amoonguss|41\/100\n|-damage|p1b: Garchomp|67\/100\n|-enditem|p1a: Amoonguss|Sitrus Berry|[eat]\n|-heal|p1a: Amoonguss|66\/100|[from] item: Sitrus Berry\n|move|p1a: Amoonguss|Spore|p2a: Dondozo\n|-immune|p2a: Dondozo\n|\n|-heal|p2a: Dondozo|81\/100|[from] item: Leftovers\n|upkeep\n|turn|5\n|\n|t:|1683824036\n|move|p1b: Garchomp|Rock Slide|p2b: Chi-Yu|[spread] p2a\n|-miss|p1b: Garchomp|p2b: Chi-Yu\n|-damage|p2a: Dondozo|69\/100\n|move|p2b: Chi-Yu|Overheat|p1a: Amoonguss\n|-supereffective|p1a: Amoonguss\n|-damage|p1a: Amoonguss|0 fnt\n|-unboost|p2b: Chi-Yu|spa|2\n|faint|p1a: Amoonguss\n|move|p2a: Dondozo|Earthquake|p1b: Garchomp|[spread] p2b,p1b\n|-supereffective|p2b: Chi-Yu\n|-damage|p2b: Chi-Yu|0 fnt\n|-damage|p1b: Garchomp|48\/100\n|faint|p2b: Chi-Yu\n|\n|-heal|p2a: Dondozo|75\/100|[from] item: Leftovers\n|upkeep\n|\n|t:|1683824056\n|switch|p2b: Tatsugiri|Tatsugiri, L50, F|100\/100\n|switch|p1a: Arcanine|Arcanine, L50, M, shiny|33\/100\n|-activate|p2b: Tatsugiri|ability: Commander|[of] p2a: Dondozo\n|-boost|p2a: Dondozo|atk|2\n|-boost|p2a: Dondozo|spa|2\n|-boost|p2a: Dondozo|spe|2\n|-boost|p2a: Dondozo|def|2\n|-boost|p2a: Dondozo|spd|2\n|-ability|p1a: Arcanine|Intimidate|boost\n|-fail|p2a: Dondozo|unboost|Attack|[from] ability: Oblivious|[of] p2a: Dondozo\n|-unboost|p2b: Tatsugiri|atk|1\n|turn|6\n|\n|t:|1683824069\n|-terastallize|p1a: Arcanine|Water\n|move|p1b: Garchomp|Protect|p1b: Garchomp\n|-singleturn|p1b: Garchomp|Protect\n|move|p2a: Dondozo|Wave Crash|p1a: Arcanine\n|-resisted|p1a: Arcanine\n|-damage|p1a: Arcanine|0 fnt\n|faint|p1a: Arcanine\n|-damage|p2a: Dondozo|66\/100|[from] Recoil\n|\n|-heal|p2a: Dondozo|72\/100|[from] item: Leftovers\n|upkeep\n|\n|t:|1683824083\n|switch|p1a: Iron Bundle|Iron Bundle, L50|100\/100\n|-enditem|p1a: Iron Bundle|Booster Energy\n|-activate|p1a: Iron Bundle|ability: Quark Drive|[fromitem]\n|-start|p1a: Iron Bundle|quarkdrivespe\n|turn|7\n|\n|t:|1683824090\n|move|p1a: Iron Bundle|Freeze-Dry|p2a: Dondozo\n|-supereffective|p2a: Dondozo\n|-damage|p2a: Dondozo|42\/100\n|move|p2a: Dondozo|Tera Blast|p1a: Iron Bundle\n|-supereffective|p1a: Iron Bundle\n|-crit|p1a: Iron Bundle\n|-damage|p1a: Iron Bundle|0 fnt\n|faint|p1a: Iron Bundle\n|-end|p1a: Iron Bundle|Quark Drive|[silent]\n|move|p1b: Garchomp|Dragon Claw|p2a: Dondozo\n|-damage|p2a: Dondozo|26\/100\n|\n|-heal|p2a: Dondozo|32\/100|[from] item: Leftovers\n|upkeep\n|turn|8\n|inactive|Shiro1x has 30 seconds left.\n|inactive|Shiro1x has 20 seconds left.\n|inactive|Shiro1x has 15 seconds left.\n|inactive|Shiro1x has 10 seconds left.\n|inactive|Shiro1x has 5 seconds left.\n|\n|t:|1683824145\n|move|p2a: Dondozo|Wave Crash|p1b: Garchomp\n|-crit|p1b: Garchomp\n|-damage|p1b: Garchomp|0 fnt\n|-damage|p2a: Dondozo|20\/100|[from] ability: Rough Skin|[of] p1b: Garchomp\n|faint|p1b: Garchomp\n|-damage|p2a: Dondozo|7\/100|[from] Recoil\n|\n|win|this the shpot\n|raw|Shiro1x's rating: 1055 → 1034<\/strong> (-21 for losing)\n|raw|this the shpot's rating: 1000 → 1046<\/strong> (+46 for winning)\n","uploadtime":1683824168,"views":10,"p1id":"shiro1x","p2id":"thistheshpot","formatid":"gen9vgc2023regulationc","rating":1034,"private":0,"password":""}