{"id":"gen9vgc2023regulationc-1851886962","p1":"haha u rage quit","p2":"a lonely fart","format":"[Gen 9] VGC 2023 Regulation C","log":"|j|\u2606haha u rage quit\n|j|\u2606a lonely fart\n|t:|1682500869\n|gametype|doubles\n|player|p1|haha u rage quit|pokemaniac|1501\n|player|p2|a lonely fart|169|1573\n|teamsize|p1|6\n|teamsize|p2|6\n|gen|9\n|tier|[Gen 9] VGC 2023 Regulation C\n|rated|\n|rule|Species Clause: Limit one of each Pok\u00e9mon\n|rule|Item Clause: Limit one of each item\n|clearpoke\n|poke|p1|Glimmora, L50, M|\n|poke|p1|Iron Bundle, L50|\n|poke|p1|Dondozo, L50, M|\n|poke|p1|Dragonite, L50, M|\n|poke|p1|Tatsugiri-Droopy, L50, M|\n|poke|p1|Chi-Yu, L50|\n|poke|p2|Gyarados, L50, M|\n|poke|p2|Scizor, L50, M|\n|poke|p2|Amoonguss, L50, F|\n|poke|p2|Chi-Yu, L50|\n|poke|p2|Flutter Mane, L50|\n|poke|p2|Iron Bundle, L50|\n|teampreview|4\n|j| THUNDERSND77\n|inactive|Battle timer is ON: inactive players will automatically lose when time's up. (requested by a lonely fart)\n|\n|t:|1682500926\n|start\n|switch|p1a: Glimmora|Glimmora, L50, M, shiny|100\/100\n|switch|p1b: Chi-Yu|Chi-Yu, L50|100\/100\n|switch|p2a: Ai robando|Iron Bundle, L50|100\/100\n|switch|p2b: Shiryu|Chi-Yu, L50|100\/100\n|-ability|p1b: Chi-Yu|Beads of Ruin\n|-ability|p2b: Shiryu|Beads of Ruin\n|-enditem|p2a: Ai robando|Booster Energy\n|-activate|p2a: Ai robando|ability: Quark Drive|[fromitem]\n|-start|p2a: Ai robando|quarkdrivespe\n|turn|1\n|inactive|haha u rage quit has 30 seconds left.\n|inactive|haha u rage quit has 20 seconds left.\n|\n|t:|1682500964\n|move|p1b: Chi-Yu|Protect|p1b: Chi-Yu\n|-singleturn|p1b: Chi-Yu|Protect\n|move|p2a: Ai robando|Hydro Pump|p1b: Chi-Yu\n|-activate|p1b: Chi-Yu|move: Protect\n|move|p2b: Shiryu|Heat Wave|p1a: Glimmora|[spread] \n|-activate|p1b: Chi-Yu|move: Protect\n|-miss|p2b: Shiryu|p1a: Glimmora\n|move|p1a: Glimmora|Power Gem|p2a: Ai robando\n|-supereffective|p2a: Ai robando\n|-damage|p2a: Ai robando|0 fnt\n|faint|p2a: Ai robando\n|-end|p2a: Ai robando|Quark Drive|[silent]\n|\n|upkeep\n|\n|t:|1682500976\n|switch|p2a: Lost my pride|Flutter Mane, L50|100\/100\n|turn|2\n|\n|t:|1682500989\n|-terastallize|p2a: Lost my pride|Fairy\n|move|p2a: Lost my pride|Dazzling Gleam|p1a: Glimmora|[spread] p1a,p1b\n|-resisted|p1a: Glimmora\n|-damage|p1a: Glimmora|78\/100\n|-damage|p1b: Chi-Yu|27\/100\n|move|p1b: Chi-Yu|Overheat|p2a: Lost my pride|[miss]\n|-miss|p1b: Chi-Yu|p2a: Lost my pride\n|move|p2b: Shiryu|Dark Pulse|p1a: Glimmora\n|-damage|p1a: Glimmora|43\/100\n|move|p1a: Glimmora|Power Gem|p2b: Shiryu\n|-supereffective|p2b: Shiryu\n|-damage|p2b: Shiryu|36\/100\n|\n|upkeep\n|turn|3\n|\n|t:|1682501013\n|switch|p1b: Tatsugiri|Tatsugiri-Droopy, L50, M|100\/100\n|switch|p1a: Dondozo|Dondozo, L50, M|100\/100\n|-activate|p1b: Tatsugiri|ability: Commander|[of] p1a: Dondozo\n|-boost|p1a: Dondozo|atk|2\n|-boost|p1a: Dondozo|spa|2\n|-boost|p1a: Dondozo|spe|2\n|-boost|p1a: Dondozo|def|2\n|-boost|p1a: Dondozo|spd|2\n|move|p2a: Lost my pride|Dazzling Gleam|p1b: Tatsugiri|[spread] p1a\n|-miss|p2a: Lost my pride|p1b: Tatsugiri\n|-damage|p1a: Dondozo|63\/100\n|move|p2b: Shiryu|Dark Pulse|p1a: Dondozo\n|-damage|p1a: Dondozo|34\/100\n|\n|-heal|p1a: Dondozo|40\/100|[from] item: Leftovers\n|upkeep\n|turn|4\n|\n|t:|1682501034\n|switch|p2b: Mandatory mon|Amoonguss, L50, F|100\/100\n|move|p2a: Lost my pride|Dazzling Gleam|p1b: Tatsugiri|[spread] p1a\n|-miss|p2a: Lost my pride|p1b: Tatsugiri\n|-damage|p1a: Dondozo|14\/100\n|move|p1a: Dondozo|Wave Crash|p2a: Lost my pride\n|-damage|p2a: Lost my pride|0 fnt\n|faint|p2a: Lost my pride\n|-end|p2a: Lost my pride|Protosynthesis|[silent]\n|-damage|p1a: Dondozo|0 fnt|[from] Recoil\n|faint|p1a: Dondozo\n|\n|upkeep\n|\n|t:|1682501049\n|switch|p2a: Shiryu|Chi-Yu, L50|36\/100\n|switch|p1a: Chi-Yu|Chi-Yu, L50|27\/100\n|-ability|p1a: Chi-Yu|Beads of Ruin\n|-ability|p2a: Shiryu|Beads of Ruin\n|turn|5\n|inactive|a lonely fart has 30 seconds left.\n|inactive|a lonely fart has 20 seconds left.\n|inactive|a lonely fart has 15 seconds left.\n|inactive|a lonely fart has 10 seconds left.\n|\n|t:|1682501096\n|move|p2a: Shiryu|Protect|p2a: Shiryu\n|-singleturn|p2a: Shiryu|Protect\n|move|p1b: Tatsugiri|Muddy Water|p2b: Mandatory mon|[spread] p2b\n|-activate|p2a: Shiryu|move: Protect\n|-resisted|p2b: Mandatory mon\n|-damage|p2b: Mandatory mon|81\/100\n|move|p1a: Chi-Yu|Overheat|p2b: Mandatory mon\n|-supereffective|p2b: Mandatory mon\n|-damage|p2b: Mandatory mon|0 fnt\n|-unboost|p1a: Chi-Yu|spa|2\n|faint|p2b: Mandatory mon\n|\n|upkeep\n|turn|6\n|-message|a lonely fart forfeited.\n|\n|win|haha u rage quit\n|raw|haha u rage quit's rating: 1501 → 1525<\/strong> (+24 for winning)\n|raw|a lonely fart's rating: 1573 → 1549<\/strong> (-24 for losing)\n|l|\u2606a lonely fart\n|l| THUNDERSND77\n","uploadtime":1682501126,"views":13,"p1id":"hahauragequit","p2id":"alonelyfart","formatid":"gen9vgc2023regulationc","rating":1525,"private":0,"password":""}