{"id":"gen9vgc2023regulationc-1848556997","p1":"anboxing","p2":"qwrqtqythgthg","format":"[Gen 9] VGC 2023 Regulation C","log":"|j|\u2606anboxing\n|j|\u2606qwrqtqythgthg\n|t:|1682089820\n|gametype|doubles\n|player|p1|anboxing|fisherman-gen4|1024\n|player|p2|qwrqtqythgthg|265|1045\n|teamsize|p1|6\n|teamsize|p2|6\n|gen|9\n|tier|[Gen 9] VGC 2023 Regulation C\n|rated|\n|rule|Species Clause: Limit one of each Pok\u00e9mon\n|rule|Item Clause: Limit one of each item\n|clearpoke\n|poke|p1|Pelipper, L50, F|\n|poke|p1|Palafin, L50, F|\n|poke|p1|Amoonguss, L50, F|\n|poke|p1|Arcanine, L50, F|\n|poke|p1|Roaring Moon, L50|\n|poke|p1|Ting-Lu, L50|\n|poke|p2|Chi-Yu, L50|\n|poke|p2|Flutter Mane, L50|\n|poke|p2|Corviknight, L50, M|\n|poke|p2|Gyarados, L50, M|\n|poke|p2|Ting-Lu, L50|\n|poke|p2|Amoonguss, L50, F|\n|teampreview|4\nqwrqtqythgthg rejected open team sheets.\n|inactive|Battle timer is ON: inactive players will automatically lose when time's up. (requested by qwrqtqythgthg)\n|inactive|qwrqtqythgthg has 60 seconds left.\n|\n|t:|1682089892\n|start\n|switch|p1a: Palafin|Palafin, L50, F|100\/100\n|switch|p1b: Amoonguss|Amoonguss, L50, F|100\/100\n|switch|p2a: Corviknight|Corviknight, L50, M|100\/100\n|switch|p2b: Flutter Mane|Flutter Mane, L50|100\/100\n|-ability|p2a: Corviknight|Unnerve\n|-enditem|p2b: Flutter Mane|Booster Energy\n|-activate|p2b: Flutter Mane|ability: Protosynthesis|[fromitem]\n|-start|p2b: Flutter Mane|protosynthesisspa\n|turn|1\n|\n|t:|1682089910\n|switch|p1b: Pelipper|Pelipper, L50, F|100\/100\n|-weather|RainDance|[from] ability: Drizzle|[of] p1b: Pelipper\n|-terastallize|p2b: Flutter Mane|Fairy\n|move|p1a: Palafin|Protect|p1a: Palafin\n|-singleturn|p1a: Palafin|Protect\n|move|p2b: Flutter Mane|Dazzling Gleam|p1b: Pelipper|[spread] p1b\n|-activate|p1a: Palafin|move: Protect\n|-damage|p1b: Pelipper|18\/100\n|move|p2a: Corviknight|Brave Bird|p1b: Pelipper\n|-damage|p1b: Pelipper|0 fnt\n|faint|p1b: Pelipper\n|-damage|p2a: Corviknight|96\/100|[from] Recoil\n|\n|-weather|RainDance|[upkeep]\n|upkeep\n|\n|t:|1682089926\n|switch|p1b: Roaring Moon|Roaring Moon, L50|100\/100\n|turn|2\n|\n|t:|1682089941\n|-terastallize|p1b: Roaring Moon|Flying\n|move|p1a: Palafin|Jet Punch|p2b: Flutter Mane\n|-damage|p2b: Flutter Mane|43\/100\n|move|p1b: Roaring Moon|Dragon Dance|p1b: Roaring Moon\n|-boost|p1b: Roaring Moon|atk|1\n|-boost|p1b: Roaring Moon|spe|1\n|move|p2b: Flutter Mane|Substitute|p2b: Flutter Mane\n|-start|p2b: Flutter Mane|Substitute\n|-damage|p2b: Flutter Mane|19\/100\n|move|p2a: Corviknight|Body Press|p1b: Roaring Moon\n|-resisted|p1b: Roaring Moon\n|-damage|p1b: Roaring Moon|89\/100\n|\n|-weather|RainDance|[upkeep]\n|upkeep\n|turn|3\n|\n|t:|1682089962\n|move|p2b: Flutter Mane|Protect|p2b: Flutter Mane\n|-singleturn|p2b: Flutter Mane|Protect\n|move|p1a: Palafin|Jet Punch|p2a: Corviknight\n|-damage|p2a: Corviknight|64\/100\n|move|p1b: Roaring Moon|Throat Chop|p2b: Flutter Mane\n|-activate|p2b: Flutter Mane|move: Protect\n|move|p2a: Corviknight|Bulk Up|p2a: Corviknight\n|-boost|p2a: Corviknight|atk|1\n|-boost|p2a: Corviknight|def|1\n|\n|-weather|RainDance|[upkeep]\n|upkeep\n|turn|4\n|\n|t:|1682089980\n|move|p1a: Palafin|Jet Punch|p2b: Flutter Mane\n|-end|p2b: Flutter Mane|Substitute\n|move|p1b: Roaring Moon|Throat Chop|p2a: Corviknight\n|-damage|p2a: Corviknight|32\/100\n|-start|p2a: Corviknight|Throat Chop|[silent]\n|move|p2b: Flutter Mane|Dazzling Gleam|p1a: Palafin|[spread] p1a,p1b\n|-damage|p1a: Palafin|35\/100\n|-damage|p1b: Roaring Moon|42\/100\n|move|p2a: Corviknight|Tailwind|p2a: Corviknight\n|-sidestart|p2: qwrqtqythgthg|move: Tailwind\n|\n|-weather|RainDance|[upkeep]\n|upkeep\n|turn|5\n|\n|t:|1682089997\n|move|p1b: Roaring Moon|Protect|p1b: Roaring Moon\n|-singleturn|p1b: Roaring Moon|Protect\n|move|p1a: Palafin|Jet Punch|p2b: Flutter Mane\n|-damage|p2b: Flutter Mane|0 fnt\n|faint|p2b: Flutter Mane\n|-end|p2b: Flutter Mane|Protosynthesis|[silent]\n|move|p2a: Corviknight|Brave Bird|p1b: Roaring Moon\n|-activate|p1b: Roaring Moon|move: Protect\n|\n|-weather|none\n|-end|p2a: Corviknight|Throat Chop|[silent]\n|upkeep\n|\n|t:|1682090006\n|switch|p2b: Gyarados|Gyarados, L50, M|100\/100\n|-ability|p2b: Gyarados|Intimidate|boost\n|-unboost|p1a: Palafin|atk|1\n|-unboost|p1b: Roaring Moon|atk|1\n|turn|6\n|\n|t:|1682090025\n|detailschange|p1a: Palafin|Palafin-Hero, L50, F\n|switch|p1a: Amoonguss|Amoonguss, L50, F|100\/100\n|move|p1b: Roaring Moon|Throat Chop|p2a: Corviknight\n|-crit|p2a: Corviknight\n|-damage|p2a: Corviknight|0 fnt\n|faint|p2a: Corviknight\n|move|p2b: Gyarados|Iron Head|p1b: Roaring Moon\n|-damage|p1b: Roaring Moon|11\/100\n|\n|upkeep\n|\n|t:|1682090030\n|switch|p2a: Ting-Lu|Ting-Lu, L50|100\/100\n|-ability|p2a: Ting-Lu|Vessel of Ruin\n|turn|7\n|\n|t:|1682090050\n|move|p1a: Amoonguss|Rage Powder|p1a: Amoonguss\n|-singleturn|p1a: Amoonguss|move: Rage Powder\n|move|p1b: Roaring Moon|Throat Chop|p2b: Gyarados\n|-crit|p2b: Gyarados\n|-damage|p2b: Gyarados|36\/100\n|-start|p2b: Gyarados|Throat Chop|[silent]\n|move|p2b: Gyarados|Iron Head|p1b: Roaring Moon\n|-damage|p1b: Roaring Moon|0 fnt\n|faint|p1b: Roaring Moon\n|-end|p1b: Roaring Moon|Protosynthesis|[silent]\n|move|p2a: Ting-Lu|Fissure|p1a: Amoonguss|[miss]\n|-miss|p2a: Ting-Lu|p1a: Amoonguss\n|\n|-sideend|p2: qwrqtqythgthg|move: Tailwind\n|upkeep\n|\n|t:|1682090061\n|switch|p1b: Palafin|Palafin-Hero, L50, F|35\/100\n|-activate|p1b: Palafin|ability: Zero to Hero\n|turn|8\n|\n|t:|1682090081\n|move|p1b: Palafin|Wave Crash|p2a: Ting-Lu\n|-supereffective|p2a: Ting-Lu\n|-damage|p2a: Ting-Lu|0 fnt\n|faint|p2a: Ting-Lu\n|-damage|p1b: Palafin|0 fnt|[from] Recoil\n|faint|p1b: Palafin\n|move|p2b: Gyarados|Taunt|p1a: Amoonguss\n|-start|p1a: Amoonguss|move: Taunt\n|move|p1a: Amoonguss|Pollen Puff|p1: Palafin|[notarget]\n|-fail|p1a: Amoonguss\n|\n|-end|p2b: Gyarados|Throat Chop|[silent]\n|upkeep\n|turn|9\n|\n|t:|1682090102\n|move|p2b: Gyarados|Iron Head|p1a: Amoonguss\n|-damage|p1a: Amoonguss|75\/100\n|move|p1a: Amoonguss|Pollen Puff|p2b: Gyarados\n|-resisted|p2b: Gyarados\n|-damage|p2b: Gyarados|28\/100\n|\n|upkeep\n|turn|10\n|\n|t:|1682090109\n|move|p2b: Gyarados|Iron Head|p1a: Amoonguss\n|-damage|p1a: Amoonguss|47\/100\n|-enditem|p1a: Amoonguss|Sitrus Berry|[eat]\n|-heal|p1a: Amoonguss|72\/100|[from] item: Sitrus Berry\n|cant|p1a: Amoonguss|flinch\n|\n|-end|p1a: Amoonguss|move: Taunt\n|upkeep\n|turn|11\n|\n|t:|1682090119\n|move|p2b: Gyarados|Iron Head|p1a: Amoonguss\n|-damage|p1a: Amoonguss|47\/100\n|cant|p1a: Amoonguss|flinch\n|\n|upkeep\n|turn|12\n|\n|t:|1682090124\n|move|p2b: Gyarados|Iron Head|p1a: Amoonguss\n|-damage|p1a: Amoonguss|19\/100\n|move|p1a: Amoonguss|Pollen Puff|p2b: Gyarados\n|-resisted|p2b: Gyarados\n|-damage|p2b: Gyarados|19\/100\n|\n|upkeep\n|turn|13\n|inactive|anboxing has 30 seconds left.\n|inactive|anboxing has 20 seconds left.\n|inactive|anboxing has 15 seconds left.\n|inactive|anboxing has 10 seconds left.\n|inactive|anboxing has 5 seconds left.\n|\n|t:|1682090175\n|move|p2b: Gyarados|Iron Head|p1a: Amoonguss\n|-damage|p1a: Amoonguss|0 fnt\n|faint|p1a: Amoonguss\n|\n|win|qwrqtqythgthg\n|raw|anboxing's rating: 1024 → 1011<\/strong> (-13 for losing)\n|raw|qwrqtqythgthg's rating: 1045 → 1076<\/strong> (+31 for winning)\n|l|\u2606qwrqtqythgthg\n","uploadtime":1682090851,"views":8,"p1id":"anboxing","p2id":"qwrqtqythgthg","formatid":"gen9vgc2023regulationc","rating":1011,"private":0,"password":""}