{"id":"gen9vgc2023regulationc-1857347165","p1":"BasicsZ","p2":"TheGamingMammoth","format":"[Gen 9] VGC 2023 Regulation C","log":"|j|\u2606BasicsZ\n|j|\u2606TheGamingMammoth\n|t:|1683177380\n|gametype|doubles\n|player|p1|BasicsZ|265|\n|player|p2|TheGamingMammoth|1|\n|teamsize|p1|6\n|teamsize|p2|6\n|gen|9\n|tier|[Gen 9] VGC 2023 Regulation C\n|rated|Tournament battle\n|rule|Species Clause: Limit one of each Pok\u00e9mon\n|rule|Item Clause: Limit one of each item\n|clearpoke\n|poke|p1|Flutter Mane, L50|\n|poke|p1|Torkoal, L50, F|\n|poke|p1|Indeedee-F, L50, F|\n|poke|p1|Gholdengo, L50|\n|poke|p1|Murkrow, L50, F|\n|poke|p1|Great Tusk, L50|\n|poke|p2|Pelipper, L50, F|\n|poke|p2|Dondozo, L50, M|\n|poke|p2|Tatsugiri-Droopy, L50, M|\n|poke|p2|Drednaw, L50, M|\n|poke|p2|Flutter Mane, L50|\n|poke|p2|Chi-Yu, L50|\n|teampreview|4\n|raw| Open Team Sheet for BasicsZ<\/summary>Flutter Mane @ Choice Specs Ability: Protosynthesis Level: 50 Tera Type: Fairy - Dazzling Gleam - Shadow Ball - Mystical Fire - Power Gem Torkoal @ Eject Pack Ability: Drought Level: 50 Tera Type: Water - Helping Hand - Overheat - Protect - Yawn Indeedee (Indeedee-F) (F) @ Psychic Seed Ability: Psychic Surge Level: 50 Tera Type: Fairy - Follow Me - Helping Hand - Protect - Dazzling Gleam Gholdengo @ Leftovers Ability: Good as Gold Level: 50 Tera Type: Water - Nasty Plot - Protect - Make It Rain - Shadow Ball Murkrow @ Eviolite Ability: Prankster Level: 50 Tera Type: Dark - Sunny Day - Tailwind - Haze - Foul Play Great Tusk @ Life Orb Ability: Protosynthesis Level: 50 Hidden Power: Fighting Tera Type: Ground - Protect - Headlong Rush - Earthquake - Rock Slide <\/details><\/div> Open Team Sheet for TheGamingMammoth<\/summary>Pelipper @ Damp Rock Ability: Drizzle Level: 50 Tera Type: Fire - Tailwind - Protect - Hydro Pump - Hurricane Dondozo @ Life Orb Ability: Unaware Level: 50 Tera Type: Water - Surf - Sleep Talk - Wave Crash - Protect Tatsugiri (Tatsugiri-Droopy) @ Choice Scarf Ability: Commander Level: 50 Shiny: Yes Tera Type: Steel - Muddy Water - Icy Wind - Draco Meteor - Helping Hand Drednaw @ Choice Band Ability: Swift Swim Level: 50 Tera Type: Grass - Rock Slide - Tera Blast - Waterfall - Stomping Tantrum Flutter Mane @ Booster Energy Ability: Protosynthesis Level: 50 Tera Type: Steel - Thunder - Dazzling Gleam - Shadow Ball - Protect Chi-Yu @ Focus Sash Ability: Beads of Ruin Level: 50 Tera Type: Grass - Psychic - Dark Pulse - Tera Blast - Protect <\/details><\/div>\n|j| mew year mew me\n|\n|t:|1683177447\n|start\n|switch|p1a: Flutter Mane|Flutter Mane, L50|100\/100\n|switch|p1b: Torkoal|Torkoal, L50, F|100\/100\n|switch|p2a: Chi-Yu|Chi-Yu, L50|100\/100\n|switch|p2b: Flutter Mane|Flutter Mane, L50|100\/100\n|-ability|p2a: Chi-Yu|Beads of Ruin\n|-weather|SunnyDay|[from] ability: Drought|[of] p1b: Torkoal\n|-activate|p1a: Flutter Mane|ability: Protosynthesis\n|-start|p1a: Flutter Mane|protosynthesisspa\n|-activate|p2b: Flutter Mane|ability: Protosynthesis\n|-start|p2b: Flutter Mane|protosynthesisspa\n|turn|1\n|\n|t:|1683177503\n|switch|p2a: Pelipper|Pelipper, L50, F|100\/100\n|-weather|RainDance|[from] ability: Drizzle|[of] p2a: Pelipper\n|-end|p1a: Flutter Mane|Protosynthesis\n|-end|p2b: Flutter Mane|Protosynthesis\n|-enditem|p2b: Flutter Mane|Booster Energy\n|-activate|p2b: Flutter Mane|ability: Protosynthesis|[fromitem]\n|-start|p2b: Flutter Mane|protosynthesisspa\n|-terastallize|p1a: Flutter Mane|Fairy\n|move|p2b: Flutter Mane|Protect|p2b: Flutter Mane\n|-singleturn|p2b: Flutter Mane|Protect\n|move|p1a: Flutter Mane|Dazzling Gleam|p2a: Pelipper|[spread] p2a\n|-activate|p2b: Flutter Mane|move: Protect\n|-damage|p2a: Pelipper|0 fnt\n|faint|p2a: Pelipper\n|move|p1b: Torkoal|Overheat|p2b: Flutter Mane\n|-activate|p2b: Flutter Mane|move: Protect\n|\n|-weather|RainDance|[upkeep]\n|upkeep\n|j|%Borghi\n|\n|t:|1683177517\n|switch|p2a: Drednaw|Drednaw, L50, M|100\/100\n|turn|2\n|\n|t:|1683177543\n|-end|p1a: Flutter Mane|Protosynthesis|[silent]\n|switch|p1a: Murkrow|Murkrow, L50, F|100\/100\n|-terastallize|p2b: Flutter Mane|Steel\n|move|p1b: Torkoal|Protect|p1b: Torkoal\n|-singleturn|p1b: Torkoal|Protect\n|move|p2a: Drednaw|Rock Slide|p1b: Torkoal|[spread] p1a\n|-activate|p1b: Torkoal|move: Protect\n|-supereffective|p1a: Murkrow\n|-damage|p1a: Murkrow|0 fnt\n|faint|p1a: Murkrow\n|move|p2b: Flutter Mane|Shadow Ball|p1b: Torkoal\n|-activate|p1b: Torkoal|move: Protect\n|\n|-weather|RainDance|[upkeep]\n|upkeep\n|\n|t:|1683177588\n|switch|p1a: Gholdengo|Gholdengo, L50|100\/100\n|turn|3\n|\n|t:|1683177596\n|switch|p1b: Flutter Mane|Flutter Mane, L50, tera:Fairy|100\/100\n|move|p1a: Gholdengo|Protect|p1a: Gholdengo\n|-singleturn|p1a: Gholdengo|Protect\n|move|p2a: Drednaw|Rock Slide|p1a: Gholdengo|[spread] p1b\n|-activate|p1a: Gholdengo|move: Protect\n|-damage|p1b: Flutter Mane|7\/100\n|move|p2b: Flutter Mane|Shadow Ball|p1a: Gholdengo\n|-activate|p1a: Gholdengo|move: Protect\n|\n|-weather|RainDance|[upkeep]\n|upkeep\n|turn|4\n|\n|t:|1683177619\n|switch|p1a: Torkoal|Torkoal, L50, F|100\/100\n|-weather|SunnyDay|[from] ability: Drought|[of] p1a: Torkoal\n|-activate|p1b: Flutter Mane|ability: Protosynthesis\n|-start|p1b: Flutter Mane|protosynthesisspa\n|move|p1b: Flutter Mane|Mystical Fire|p2b: Flutter Mane\n|-supereffective|p2b: Flutter Mane\n|-damage|p2b: Flutter Mane|0 fnt\n|faint|p2b: Flutter Mane\n|-end|p2b: Flutter Mane|Protosynthesis|[silent]\n|move|p2a: Drednaw|Rock Slide|p1b: Flutter Mane|[spread] p1a,p1b\n|-supereffective|p1a: Torkoal\n|-damage|p1a: Torkoal|32\/100\n|-damage|p1b: Flutter Mane|0 fnt\n|faint|p1b: Flutter Mane\n|-end|p1b: Flutter Mane|Protosynthesis|[silent]\n|\n|-weather|SunnyDay|[upkeep]\n|upkeep\n|\n|t:|1683177633\n|switch|p1b: Gholdengo|Gholdengo, L50|100\/100\n|switch|p2b: Chi-Yu|Chi-Yu, L50|100\/100\n|-ability|p2b: Chi-Yu|Beads of Ruin\n|turn|5\n|j| Tempest brute\n|\n|t:|1683177657\n|move|p1b: Gholdengo|Protect|p1b: Gholdengo\n|-singleturn|p1b: Gholdengo|Protect\n|move|p2b: Chi-Yu|Dark Pulse|p1b: Gholdengo\n|-activate|p1b: Gholdengo|move: Protect\n|move|p2a: Drednaw|Rock Slide|p1a: Torkoal|[spread] p1a\n|-activate|p1b: Gholdengo|move: Protect\n|-supereffective|p1a: Torkoal\n|-damage|p1a: Torkoal|0 fnt\n|faint|p1a: Torkoal\n|\n|-weather|SunnyDay|[upkeep]\n|upkeep\n|turn|6\n|\n|t:|1683177672\n|move|p2b: Chi-Yu|Dark Pulse|p1b: Gholdengo\n|-supereffective|p1b: Gholdengo\n|-damage|p1b: Gholdengo|0 fnt\n|faint|p1b: Gholdengo\n|\n|win|TheGamingMammoth\n|n|\u2606BasicsZ|basicsz\n|n|\u2606TheGamingMammoth|thegamingmammoth\n|n| mew year mew me|mewyearmewme\n|n| Borghi|borghi\n|n| Tempest brute|tempestbrute\n|c|\u2606BasicsZ|gg\n","uploadtime":1683177673,"views":10,"p1id":"basicsz","p2id":"thegamingmammoth","formatid":"gen9vgc2023regulationc","rating":0,"private":0,"password":""}