{"id":"gen9vgc2023regulationc-1857277997","p1":"w0wells","p2":"LasermanZ111","format":"[Gen 9] VGC 2023 Regulation C","log":"|j|\u2606w0wells\n|j|\u2606LasermanZ111\n|t:|1683166913\n|gametype|doubles\n|player|p1|w0wells|cyclist|1339\n|player|p2|LasermanZ111|ash|1349\n|teamsize|p1|6\n|teamsize|p2|6\n|gen|9\n|tier|[Gen 9] VGC 2023 Regulation C\n|rated|\n|rule|Species Clause: Limit one of each Pok\u00e9mon\n|rule|Item Clause: Limit one of each item\n|clearpoke\n|poke|p1|Scizor, L50, F|\n|poke|p1|Grimmsnarl, L50, M|\n|poke|p1|Mimikyu, L50, M|\n|poke|p1|Amoonguss, L50, M|\n|poke|p1|Gastrodon-East, L50, M|\n|poke|p1|Chi-Yu, L50|\n|poke|p2|Chi-Yu, L50|\n|poke|p2|Amoonguss, L50, M|\n|poke|p2|Flutter Mane, L50|\n|poke|p2|Corviknight, L50, M|\n|poke|p2|Tauros-Paldea-Aqua, L50, M|\n|poke|p2|Ting-Lu, L50|\n|teampreview|4\nw0wells has agreed to open team sheets.\n|inactive|Battle timer is ON: inactive players will automatically lose when time's up. (requested by w0wells)\nLasermanZ111 has agreed to open team sheets.\n|inactive|w0wells has 60 seconds left.\n|inactive|LasermanZ111 has 60 seconds left.\n|inactive|w0wells has 30 seconds left.\n|inactive|LasermanZ111 has 30 seconds left.\n|inactive|w0wells has 20 seconds left.\n|inactive|LasermanZ111 has 20 seconds left.\n|inactive|w0wells has 15 seconds left.\n|inactive|LasermanZ111 has 15 seconds left.\n|\n|t:|1683166992\n|start\n|switch|p1a: Scizor|Scizor, L50, F|100\/100\n|switch|p1b: Grimmsnarl|Grimmsnarl, L50, M|100\/100\n|switch|p2a: Tauros|Tauros-Paldea-Aqua, L50, M|100\/100\n|switch|p2b: Corviknight|Corviknight, L50, M|100\/100\n|-ability|p2a: Tauros|Intimidate|boost\n|-fail|p1a: Scizor|unboost|[from] item: Clear Amulet|[of] p1a: Scizor\n|-unboost|p1b: Grimmsnarl|atk|1\n|turn|1\n|\n|t:|1683167014\n|move|p2a: Tauros|Protect|p2a: Tauros\n|-singleturn|p2a: Tauros|Protect\n|move|p1b: Grimmsnarl|Fake Out|p2b: Corviknight\n|-resisted|p2b: Corviknight\n|-damage|p2b: Corviknight|98\/100\n|cant|p2b: Corviknight|flinch\n|move|p1a: Scizor|Tailwind|p1a: Scizor\n|-sidestart|p1: w0wells|move: Tailwind\n|\n|upkeep\n|turn|2\n|inactive|LasermanZ111 has 30 seconds left.\n|\n|t:|1683167041\n|move|p1b: Grimmsnarl|Reflect|p1b: Grimmsnarl\n|-sidestart|p1: w0wells|Reflect\n|move|p1a: Scizor|U-turn|p2a: Tauros\n|-resisted|p2a: Tauros\n|-damage|p2a: Tauros|77\/100\n|inactive|w0wells has 30 seconds left.\n|inactive|w0wells has 20 seconds left.\n|\n|t:|1683167080\n|switch|p1a: Gastrodon|Gastrodon-East, L50, M|100\/100|[from] U-turn\n|move|p2a: Tauros|Raging Bull|p1a: Gastrodon\n|-activate|p1a: Gastrodon|ability: Storm Drain\n|-ability|p1a: Gastrodon|Storm Drain|boost\n|-boost|p1a: Gastrodon|spa|1\n|-enditem|p2a: Tauros|Mirror Herb\n|-boost|p2a: Tauros|spa|1|[from] item: Mirror Herb\n|move|p2b: Corviknight|Tailwind|p2b: Corviknight\n|-sidestart|p2: LasermanZ111|move: Tailwind\n|\n|upkeep\n|turn|3\n|inactive|w0wells has 30 seconds left.\n|inactive|LasermanZ111 has 30 seconds left.\n|inactive|LasermanZ111 has 20 seconds left.\n|\n|t:|1683167118\n|switch|p1b: Chi-Yu|Chi-Yu, L50|100\/100\n|-ability|p1b: Chi-Yu|Beads of Ruin\n|move|p2a: Tauros|Close Combat|p1a: Gastrodon\n|-damage|p1a: Gastrodon|62\/100\n|-unboost|p2a: Tauros|def|1\n|-unboost|p2a: Tauros|spd|1\n|move|p2b: Corviknight|Iron Head|p1b: Chi-Yu\n|-resisted|p1b: Chi-Yu\n|-damage|p1b: Chi-Yu|84\/100\n|move|p1a: Gastrodon|Muddy Water|p2a: Tauros|[spread] p2b\n|-miss|p1a: Gastrodon|p2a: Tauros\n|-damage|p2b: Corviknight|43\/100\n|\n|upkeep\n|turn|4\n|inactive|w0wells has 30 seconds left.\n|inactive|LasermanZ111 has 30 seconds left.\n|j| Vaqzle\n|\n|t:|1683167152\n|move|p2a: Tauros|Close Combat|p1b: Chi-Yu\n|-supereffective|p1b: Chi-Yu\n|-damage|p1b: Chi-Yu|0 fnt\n|-unboost|p2a: Tauros|def|1\n|-unboost|p2a: Tauros|spd|1\n|faint|p1b: Chi-Yu\n|move|p2b: Corviknight|Brave Bird|p1a: Gastrodon\n|-damage|p1a: Gastrodon|34\/100\n|-damage|p2b: Corviknight|34\/100|[from] Recoil\n|move|p1a: Gastrodon|Earth Power|p2a: Tauros\n|-damage|p2a: Tauros|0 fnt\n|faint|p2a: Tauros\n|\n|-sideend|p1: w0wells|move: Tailwind\n|upkeep\n|l| Vaqzle\n|\n|t:|1683167176\n|switch|p2a: Chi-Yu|Chi-Yu, L50|100\/100\n|switch|p1b: Grimmsnarl|Grimmsnarl, L50, M|100\/100\n|-ability|p2a: Chi-Yu|Beads of Ruin\n|turn|5\n|\n|t:|1683167188\n|move|p2a: Chi-Yu|Protect|p2a: Chi-Yu\n|-singleturn|p2a: Chi-Yu|Protect\n|move|p1b: Grimmsnarl|Fake Out|p2a: Chi-Yu\n|-activate|p2a: Chi-Yu|move: Protect\n|move|p2b: Corviknight|Roost|p2b: Corviknight\n|-heal|p2b: Corviknight|84\/100\n|-singleturn|p2b: Corviknight|move: Roost\n|move|p1a: Gastrodon|Recover|p1a: Gastrodon\n|-heal|p1a: Gastrodon|84\/100\n|\n|-sideend|p2: LasermanZ111|move: Tailwind\n|upkeep\n|turn|6\n|inactive|LasermanZ111 has 30 seconds left.\n|inactive|w0wells has 30 seconds left.\n|\n|t:|1683167227\n|-terastallize|p2a: Chi-Yu|Grass\n|-terastallize|p1a: Gastrodon|Fire\n|move|p1b: Grimmsnarl|Light Screen|p1b: Grimmsnarl\n|-sidestart|p1: w0wells|move: Light Screen\n|move|p2a: Chi-Yu|Tera Blast|p1a: Gastrodon\n|-resisted|p1a: Gastrodon\n|-damage|p1a: Gastrodon|66\/100\n|move|p2b: Corviknight|Iron Head|p1b: Grimmsnarl\n|-supereffective|p1b: Grimmsnarl\n|-damage|p1b: Grimmsnarl|54\/100\n|move|p1a: Gastrodon|Ice Beam|p2a: Chi-Yu\n|-supereffective|p2a: Chi-Yu\n|-damage|p2a: Chi-Yu|9\/100\n|\n|upkeep\n|turn|7\n|inactive|w0wells has 30 seconds left.\n|inactive|w0wells has 20 seconds left.\n|inactive|LasermanZ111 has 30 seconds left.\n|inactive|w0wells has 15 seconds left.\n|\n|t:|1683167273\n|move|p2a: Chi-Yu|Dark Pulse|p1a: Gastrodon\n|-damage|p1a: Gastrodon|28\/100\n|move|p2b: Corviknight|Brave Bird|p1a: Gastrodon\n|-damage|p1a: Gastrodon|0 fnt\n|faint|p1a: Gastrodon\n|-damage|p2b: Corviknight|74\/100|[from] Recoil\n|move|p1b: Grimmsnarl|Spirit Break|p2a: Chi-Yu\n|-damage|p2a: Chi-Yu|0 fnt\n|faint|p2a: Chi-Yu\n|\n|upkeep\n|\n|t:|1683167283\n|switch|p2a: Flutter Mane|Flutter Mane, L50|100\/100\n|switch|p1a: Scizor|Scizor, L50, F|100\/100\n|turn|8\n|inactive|LasermanZ111 has 30 seconds left.\n|\n|t:|1683167315\n|move|p1a: Scizor|Bullet Punch|p2a: Flutter Mane\n|-supereffective|p2a: Flutter Mane\n|-damage|p2a: Flutter Mane|0 fnt\n|faint|p2a: Flutter Mane\n|-end|p2a: Flutter Mane|Protosynthesis|[silent]\n|move|p2b: Corviknight|Iron Head|p1b: Grimmsnarl\n|-supereffective|p1b: Grimmsnarl\n|-damage|p1b: Grimmsnarl|8\/100\n|cant|p1b: Grimmsnarl|flinch\n|\n|upkeep\n|turn|9\n|\n|t:|1683167330\n|move|p1a: Scizor|Bullet Punch|p2b: Corviknight\n|-resisted|p2b: Corviknight\n|-damage|p2b: Corviknight|60\/100\n|move|p2b: Corviknight|Iron Head|p1b: Grimmsnarl\n|-supereffective|p1b: Grimmsnarl\n|-damage|p1b: Grimmsnarl|0 fnt\n|faint|p1b: Grimmsnarl\n|\n|-sideend|p1: w0wells|Reflect\n|upkeep\n|turn|10\n|\n|t:|1683167342\n|move|p1a: Scizor|Bullet Punch|p2b: Corviknight\n|-resisted|p2b: Corviknight\n|-damage|p2b: Corviknight|47\/100\n|move|p2b: Corviknight|Brave Bird|p1a: Scizor\n|-damage|p1a: Scizor|54\/100\n|-damage|p2b: Corviknight|34\/100|[from] Recoil\n|\n|upkeep\n|turn|11\n|\n|t:|1683167347\n|move|p1a: Scizor|Bullet Punch|p2b: Corviknight\n|-resisted|p2b: Corviknight\n|-damage|p2b: Corviknight|20\/100\n|move|p2b: Corviknight|Roost|p2b: Corviknight\n|-heal|p2b: Corviknight|70\/100\n|-singleturn|p2b: Corviknight|move: Roost\n|\n|upkeep\n|turn|12\n|\n|t:|1683167358\n|move|p1a: Scizor|Bullet Punch|p2b: Corviknight\n|-resisted|p2b: Corviknight\n|-damage|p2b: Corviknight|57\/100\n|move|p2b: Corviknight|Brave Bird|p1a: Scizor\n|-damage|p1a: Scizor|8\/100\n|-damage|p2b: Corviknight|44\/100|[from] Recoil\n|\n|upkeep\n|turn|13\n|\n|t:|1683167365\n|move|p1a: Scizor|Bullet Punch|p2b: Corviknight\n|-resisted|p2b: Corviknight\n|-damage|p2b: Corviknight|30\/100\n|move|p2b: Corviknight|Brave Bird|p1a: Scizor\n|-damage|p1a: Scizor|0 fnt\n|faint|p1a: Scizor\n|-damage|p2b: Corviknight|28\/100|[from] Recoil\n|\n|win|LasermanZ111\n|raw|w0wells's rating: 1339 → 1320<\/strong> (-19 for losing)\n|raw|LasermanZ111's rating: 1349 → 1368<\/strong> (+19 for winning)\n|l|\u2606w0wells\n","uploadtime":1683167373,"views":12,"p1id":"w0wells","p2id":"lasermanz111","formatid":"gen9vgc2023regulationc","rating":1320,"private":0,"password":""}