{"id":"gen9vgc2023regulationc-1856363563","p1":"maljugador1","p2":"TSM_Fangirl","format":"[Gen 9] VGC 2023 Regulation C","log":"|j|\u2606maljugador1\n|j|\u2606TSM_Fangirl\n|t:|1683054355\n|gametype|doubles\n|player|p1|maljugador1|unknown|1115\n|player|p2|TSM_Fangirl|102|1029\n|teamsize|p1|6\n|teamsize|p2|6\n|gen|9\n|tier|[Gen 9] VGC 2023 Regulation C\n|rated|\n|rule|Species Clause: Limit one of each Pok\u00e9mon\n|rule|Item Clause: Limit one of each item\n|clearpoke\n|poke|p1|Amoonguss, L50, M|\n|poke|p1|Arcanine, L50, M|\n|poke|p1|Palafin, L50, M|\n|poke|p1|Flutter Mane, L50|\n|poke|p1|Chi-Yu, L50|\n|poke|p1|Murkrow, L50, M|\n|poke|p2|Chi-Yu, L50|\n|poke|p2|Dachsbun, L50, F|\n|poke|p2|Dragapult, L50, M|\n|poke|p2|Chien-Pao, L50|\n|poke|p2|Azumarill, L50, M|\n|poke|p2|Amoonguss, L50, F|\n|teampreview|4\nTSM_Fangirl rejected open team sheets.\n|inactive|Battle timer is ON: inactive players will automatically lose when time's up. (requested by TSM_Fangirl)\n|inactive|maljugador1 has 60 seconds left.\n|\n|t:|1683054442\n|start\n|switch|p1a: Palafin|Palafin, L50, M|100\/100\n|switch|p1b: Arcanine|Arcanine, L50, M|100\/100\n|switch|p2a: Dragapult|Dragapult, L50, M|100\/100\n|switch|p2b: Chien-Pao|Chien-Pao, L50|100\/100\n|-ability|p2b: Chien-Pao|Sword of Ruin\n|-ability|p1b: Arcanine|Intimidate|boost\n|-fail|p2a: Dragapult|unboost|[from] ability: Clear Body|[of] p2a: Dragapult\n|-unboost|p2b: Chien-Pao|atk|1\n|turn|1\n|inactive|maljugador1 has 30 seconds left.\n|inactive|TSM_Fangirl has 30 seconds left.\n|\n|t:|1683054475\n|detailschange|p1a: Palafin|Palafin-Hero, L50, M\n|switch|p1a: Amoonguss|Amoonguss, L50, M|100\/100\n|move|p2b: Chien-Pao|Protect|p2b: Chien-Pao\n|-singleturn|p2b: Chien-Pao|Protect\n|move|p2a: Dragapult|Dragon Darts|p1b: Arcanine\n|-damage|p1b: Arcanine|52\/100\n|-anim|p2a: Dragapult|Dragon Darts|p1a: Amoonguss\n|-damage|p1a: Amoonguss|63\/100\n|-damage|p2a: Dragapult|91\/100|[from] item: Life Orb\n|move|p1b: Arcanine|Will-O-Wisp|p2a: Dragapult\n|-status|p2a: Dragapult|brn\n|\n|-damage|p2a: Dragapult|85\/100 brn|[from] brn\n|upkeep\n|turn|2\n|inactive|maljugador1 has 30 seconds left.\n|inactive|TSM_Fangirl has 30 seconds left.\n|inactive|maljugador1 has 20 seconds left.\n|\n|t:|1683054510\n|switch|p1b: Palafin|Palafin-Hero, L50, M|100\/100\n|-activate|p1b: Palafin|ability: Zero to Hero\n|move|p1a: Amoonguss|Protect|p1a: Amoonguss\n|-singleturn|p1a: Amoonguss|Protect\n|move|p2a: Dragapult|Dragon Darts|p1b: Palafin\n|-damage|p1b: Palafin|78\/100\n|-anim|p2a: Dragapult|Dragon Darts|p1b: Palafin\n|-damage|p1b: Palafin|53\/100\n|-damage|p2a: Dragapult|75\/100 brn|[from] item: Life Orb\n|move|p2b: Chien-Pao|Ice Spinner|p1a: Amoonguss\n|-activate|p1a: Amoonguss|move: Protect\n|\n|-damage|p2a: Dragapult|69\/100 brn|[from] brn\n|upkeep\n|turn|3\n|inactive|TSM_Fangirl has 30 seconds left.\n|\n|t:|1683054539\n|move|p2b: Chien-Pao|Sucker Punch|p1b: Palafin\n|-damage|p1b: Palafin|19\/100\n|move|p1b: Palafin|Jet Punch|p2b: Chien-Pao\n|-damage|p2b: Chien-Pao|39\/100\n|move|p2a: Dragapult|Phantom Force||[still]\n|-prepare|p2a: Dragapult|Phantom Force\n|move|p1a: Amoonguss|Pollen Puff|p1b: Palafin\n|-heal|p1b: Palafin|69\/100\n|\n|-damage|p2a: Dragapult|63\/100 brn|[from] brn\n|upkeep\n|turn|4\n|inactive|maljugador1 has 30 seconds left.\n|inactive|TSM_Fangirl has 30 seconds left.\n|inactive|maljugador1 has 20 seconds left.\n|inactive|maljugador1 has 15 seconds left.\n|inactive|maljugador1 has 10 seconds left.\n|\n|t:|1683054585\n|move|p1a: Amoonguss|Rage Powder|p1a: Amoonguss\n|-singleturn|p1a: Amoonguss|move: Rage Powder\n|move|p1b: Palafin|Jet Punch|p2b: Chien-Pao\n|-damage|p2b: Chien-Pao|0 fnt\n|faint|p2b: Chien-Pao\n|move|p2a: Dragapult|Phantom Force|p1a: Amoonguss|[from]lockedmove\n|-damage|p1a: Amoonguss|38\/100\n|-enditem|p1a: Amoonguss|Sitrus Berry|[eat]\n|-heal|p1a: Amoonguss|63\/100|[from] item: Sitrus Berry\n|-damage|p2a: Dragapult|53\/100 brn|[from] item: Life Orb\n|\n|-damage|p2a: Dragapult|47\/100 brn|[from] brn\n|upkeep\n|\n|t:|1683054600\n|switch|p2b: Dachsbun|Dachsbun, L50, F|100\/100\n|turn|5\n|\n|t:|1683054618\n|-terastallize|p1b: Palafin|Water\n|move|p2a: Dragapult|Dragon Darts|p1b: Palafin\n|-damage|p1b: Palafin|52\/100\n|-anim|p2a: Dragapult|Dragon Darts|p1a: Amoonguss\n|-damage|p1a: Amoonguss|49\/100\n|-damage|p2a: Dragapult|37\/100 brn|[from] item: Life Orb\n|move|p1b: Palafin|Wave Crash|p2b: Dachsbun\n|-damage|p2b: Dachsbun|0 fnt\n|faint|p2b: Dachsbun\n|-damage|p1b: Palafin|21\/100|[from] Recoil\n|move|p1a: Amoonguss|Pollen Puff|p1b: Palafin\n|-heal|p1b: Palafin|71\/100\n|\n|-damage|p2a: Dragapult|31\/100 brn|[from] brn\n|upkeep\n|\n|t:|1683054634\n|switch|p2b: Chi-Yu|Chi-Yu, L50|100\/100\n|-ability|p2b: Chi-Yu|Beads of Ruin\n|turn|6\n|\n|t:|1683054648\n|move|p1a: Amoonguss|Rage Powder|p1a: Amoonguss\n|-singleturn|p1a: Amoonguss|move: Rage Powder\n|move|p1b: Palafin|Jet Punch|p2b: Chi-Yu\n|-supereffective|p2b: Chi-Yu\n|-crit|p2b: Chi-Yu\n|-damage|p2b: Chi-Yu|0 fnt\n|faint|p2b: Chi-Yu\n|move|p2a: Dragapult|Dragon Darts|p1a: Amoonguss\n|-damage|p1a: Amoonguss|35\/100\n|-anim|p2a: Dragapult|Dragon Darts|p1a: Amoonguss\n|-damage|p1a: Amoonguss|21\/100\n|-damage|p2a: Dragapult|21\/100 brn|[from] item: Life Orb\n|\n|-damage|p2a: Dragapult|15\/100 brn|[from] brn\n|upkeep\n|turn|7\n|-message|TSM_Fangirl forfeited.\n|\n|win|maljugador1\n|raw|maljugador1's rating: 1115 → 1134<\/strong> (+19 for winning)\n|raw|TSM_Fangirl's rating: 1029 → 1018<\/strong> (-11 for losing)\n|l|\u2606TSM_Fangirl\n","uploadtime":1683055372,"views":12,"p1id":"maljugador1","p2id":"tsmfangirl","formatid":"gen9vgc2023regulationc","rating":1018,"private":0,"password":""}