{"id":"gen9vgc2023regulationc-1857287924","p1":"768\u53f7\u6b66\u58ebmax","p2":"pokemon homo","format":"[Gen 9] VGC 2023 Regulation C","log":"|j|\u2606768\u53f7\u6b66\u58ebmax\n|j|\u2606pokemon homo\n|t:|1683168210\n|gametype|doubles\n|player|p1|768\u53f7\u6b66\u58ebmax|guzma|\n|player|p2|pokemon homo|rosa|\n|teamsize|p1|6\n|teamsize|p2|6\n|gen|9\n|tier|[Gen 9] VGC 2023 Regulation C\n|rule|Species Clause: Limit one of each Pok\u00e9mon\n|rule|Item Clause: Limit one of each item\n|clearpoke\n|poke|p1|Wo-Chien, L50|\n|poke|p1|Flutter Mane, L50|\n|poke|p1|Chi-Yu, L50|\n|poke|p1|Iron Bundle, L50|\n|poke|p1|Baxcalibur, L50, M|\n|poke|p1|Scizor, L50, M|\n|poke|p2|Chien-Pao, L50|\n|poke|p2|Dragonite, L50, M|\n|poke|p2|Ting-Lu, L50|\n|poke|p2|Gyarados, L50, M|\n|poke|p2|Flutter Mane, L50|\n|poke|p2|Amoonguss, L50, F|\n|teampreview|4\npokemon homo has agreed to open team sheets.\n768\u53f7\u6b66\u58ebmax has agreed to open team sheets.\n|\n|t:|1683168307\n|start\n|switch|p1a: \u53e4\u7b80\u54d1\u94c3|Wo-Chien, L50|100\/100\n|switch|p1b: \u857e\u51a0\u53d1|Flutter Mane, L50|100\/100\n|switch|p2a: Dragonite|Dragonite, L50, M|100\/100\n|switch|p2b: Chien-Pao|Chien-Pao, L50|100\/100\n|-ability|p2b: Chien-Pao|Sword of Ruin\n|-ability|p1a: \u53e4\u7b80\u54d1\u94c3|Tablets of Ruin\n|turn|1\n|\n|t:|1683168368\n|-terastallize|p2a: Dragonite|Normal\n|-terastallize|p1a: \u53e4\u7b80\u54d1\u94c3|Water\n|move|p2a: Dragonite|Extreme Speed|p1a: \u53e4\u7b80\u54d1\u94c3\n|-damage|p1a: \u53e4\u7b80\u54d1\u94c3|44\/100\n|move|p2b: Chien-Pao|Ice Spinner|p1b: \u857e\u51a0\u53d1\n|-damage|p1b: \u857e\u51a0\u53d1|38\/100\n|move|p1b: \u857e\u51a0\u53d1|Dazzling Gleam|p2b: Chien-Pao|[spread] p2a,p2b\n|-supereffective|p2b: Chien-Pao\n|-damage|p2a: Dragonite|56\/100\n|-enditem|p2b: Chien-Pao|Focus Sash\n|-damage|p2b: Chien-Pao|1\/100\n|move|p1a: \u53e4\u7b80\u54d1\u94c3|Pollen Puff|p2b: Chien-Pao\n|-supereffective|p2b: Chien-Pao\n|-damage|p2b: Chien-Pao|0 fnt\n|faint|p2b: Chien-Pao\n|\n|upkeep\n|\n|t:|1683168383\n|switch|p2b: Flutter Mane|Flutter Mane, L50|100\/100\n|-enditem|p2b: Flutter Mane|Booster Energy\n|-activate|p2b: Flutter Mane|ability: Protosynthesis|[fromitem]\n|-start|p2b: Flutter Mane|protosynthesisspa\n|turn|2\n|\n|t:|1683168412\n|switch|p1a: \u5de8\u94b3\u6b66\u8005|Scizor, L50, M|100\/100\n|move|p2a: Dragonite|Extreme Speed|p1a: \u5de8\u94b3\u6b66\u8005\n|-resisted|p1a: \u5de8\u94b3\u6b66\u8005\n|-damage|p1a: \u5de8\u94b3\u6b66\u8005|63\/100\n|move|p2b: Flutter Mane|Moonblast|p1b: \u857e\u51a0\u53d1\n|-crit|p1b: \u857e\u51a0\u53d1\n|-damage|p1b: \u857e\u51a0\u53d1|0 fnt\n|faint|p1b: \u857e\u51a0\u53d1\n|-end|p1b: \u857e\u51a0\u53d1|Protosynthesis|[silent]\n|\n|upkeep\n|\n|t:|1683168429\n|switch|p1b: \u70bd\u7130\u5486\u54ee\u9c7c|Chi-Yu, L50|100\/100\n|-ability|p1b: \u70bd\u7130\u5486\u54ee\u9c7c|Beads of Ruin\n|turn|3\n|\n|t:|1683168462\n|switch|p2a: Gyarados|Gyarados, L50, M|100\/100\n|-ability|p2a: Gyarados|Intimidate|boost\n|-unboost|p1a: \u5de8\u94b3\u6b66\u8005|atk|1\n|-unboost|p1b: \u70bd\u7130\u5486\u54ee\u9c7c|atk|1\n|move|p1b: \u70bd\u7130\u5486\u54ee\u9c7c|Protect|p1b: \u70bd\u7130\u5486\u54ee\u9c7c\n|-singleturn|p1b: \u70bd\u7130\u5486\u54ee\u9c7c|Protect\n|move|p2b: Flutter Mane|Dazzling Gleam|p1b: \u70bd\u7130\u5486\u54ee\u9c7c|[spread] p1a\n|-activate|p1b: \u70bd\u7130\u5486\u54ee\u9c7c|move: Protect\n|-resisted|p1a: \u5de8\u94b3\u6b66\u8005\n|-damage|p1a: \u5de8\u94b3\u6b66\u8005|29\/100\n|move|p1a: \u5de8\u94b3\u6b66\u8005|Close Combat|p2a: Gyarados\n|-resisted|p2a: Gyarados\n|-damage|p2a: Gyarados|87\/100\n|-unboost|p1a: \u5de8\u94b3\u6b66\u8005|def|1\n|-unboost|p1a: \u5de8\u94b3\u6b66\u8005|spd|1\n|\n|upkeep\n|turn|4\n|\n|t:|1683168494\n|switch|p1a: \u53e4\u7b80\u54d1\u94c3|Wo-Chien, L50, tera:Water|44\/100\n|-ability|p1a: \u53e4\u7b80\u54d1\u94c3|Tablets of Ruin\n|move|p2b: Flutter Mane|Dazzling Gleam|p1a: \u53e4\u7b80\u54d1\u94c3|[spread] p1a,p1b\n|-damage|p1a: \u53e4\u7b80\u54d1\u94c3|19\/100\n|-damage|p1b: \u70bd\u7130\u5486\u54ee\u9c7c|56\/100\n|move|p1b: \u70bd\u7130\u5486\u54ee\u9c7c|Dark Pulse|p2a: Gyarados\n|-damage|p2a: Gyarados|19\/100\n|-damage|p1b: \u70bd\u7130\u5486\u54ee\u9c7c|46\/100|[from] item: Life Orb\n|move|p2a: Gyarados|Waterfall|p1b: \u70bd\u7130\u5486\u54ee\u9c7c\n|-supereffective|p1b: \u70bd\u7130\u5486\u54ee\u9c7c\n|-damage|p1b: \u70bd\u7130\u5486\u54ee\u9c7c|0 fnt\n|faint|p1b: \u70bd\u7130\u5486\u54ee\u9c7c\n|\n|upkeep\n|\n|t:|1683168507\n|switch|p1b: \u5de8\u94b3\u6b66\u8005|Scizor, L50, M|29\/100\n|turn|5\n|\n|t:|1683168520\n|move|p2b: Flutter Mane|Protect|p2b: Flutter Mane\n|-singleturn|p2b: Flutter Mane|Protect\n|move|p1b: \u5de8\u94b3\u6b66\u8005|Bullet Punch|p2b: Flutter Mane\n|-activate|p2b: Flutter Mane|move: Protect\n|move|p2a: Gyarados|Waterfall|p1b: \u5de8\u94b3\u6b66\u8005\n|-damage|p1b: \u5de8\u94b3\u6b66\u8005|1\/100\n|move|p1a: \u53e4\u7b80\u54d1\u94c3|Pollen Puff|p1b: \u5de8\u94b3\u6b66\u8005\n|-heal|p1b: \u5de8\u94b3\u6b66\u8005|51\/100\n|\n|upkeep\n|turn|6\n|\n|t:|1683168545\n|move|p2b: Flutter Mane|Dazzling Gleam|p1b: \u5de8\u94b3\u6b66\u8005|[spread] p1a,p1b\n|-resisted|p1b: \u5de8\u94b3\u6b66\u8005\n|-damage|p1a: \u53e4\u7b80\u54d1\u94c3|0 fnt\n|-damage|p1b: \u5de8\u94b3\u6b66\u8005|25\/100\n|faint|p1a: \u53e4\u7b80\u54d1\u94c3\n|move|p2a: Gyarados|Thunder Wave|p1b: \u5de8\u94b3\u6b66\u8005\n|-status|p1b: \u5de8\u94b3\u6b66\u8005|par\n|move|p1b: \u5de8\u94b3\u6b66\u8005|Tailwind|p1b: \u5de8\u94b3\u6b66\u8005\n|-sidestart|p1: 768\u53f7\u6b66\u58ebmax|move: Tailwind\n|\n|upkeep\n|turn|7\n|\n|t:|1683168562\n|cant|p1b: \u5de8\u94b3\u6b66\u8005|par\n|move|p2b: Flutter Mane|Shadow Ball|p1b: \u5de8\u94b3\u6b66\u8005\n|-damage|p1b: \u5de8\u94b3\u6b66\u8005|0 fnt\n|faint|p1b: \u5de8\u94b3\u6b66\u8005\n|\n|win|pokemon homo\n|l|\u2606768\u53f7\u6b66\u58ebmax\n","uploadtime":1683168945,"views":13,"p1id":"768max","p2id":"pokemonhomo","formatid":"gen9vgc2023regulationc","rating":0,"private":0,"password":""}