{"id":"gen9vgc2023regulationc-1853119371","p1":"Echo Rose#9471","p2":"HazeOneTrick","format":"[Gen 9] VGC 2023 Regulation C","log":"|j|\u2606Echo Rose#9471\n|j|\u2606HazeOneTrick\n|t:|1682637487\n|gametype|doubles\n|player|p1|Echo Rose#9471|265|1373\n|player|p2|HazeOneTrick|acetrainer-gen6xy|1492\n|teamsize|p1|6\n|teamsize|p2|6\n|gen|9\n|tier|[Gen 9] VGC 2023 Regulation C\n|rated|\n|rule|Species Clause: Limit one of each Pok\u00e9mon\n|rule|Item Clause: Limit one of each item\n|clearpoke\n|poke|p1|Chi-Yu, L50|\n|poke|p1|Flutter Mane, L50|\n|poke|p1|Amoonguss, L50, M|\n|poke|p1|Gastrodon, L50, F|\n|poke|p1|Corviknight, L50, F|\n|poke|p1|Glimmora, L50, F|\n|poke|p2|Gyarados, L50, M|\n|poke|p2|Iron Hands, L50|\n|poke|p2|Flutter Mane, L50|\n|poke|p2|Baxcalibur, L50, M|\n|poke|p2|Amoonguss, L50, F|\n|poke|p2|Chi-Yu, L50|\n|teampreview|4\nHazeOneTrick has agreed to open team sheets.\n|\n|t:|1682637528\n|start\n|switch|p1a: Glimmora|Glimmora, L50, F|100\/100\n|switch|p1b: Chi-Yu|Chi-Yu, L50|100\/100\n|switch|p2a: Iron Hands|Iron Hands, L50|100\/100\n|switch|p2b: Chi-Yu|Chi-Yu, L50|100\/100\n|-ability|p1b: Chi-Yu|Beads of Ruin\n|-ability|p2b: Chi-Yu|Beads of Ruin\n|turn|1\n|inactive|Battle timer is ON: inactive players will automatically lose when time's up. (requested by HazeOneTrick)\n|\n|t:|1682637536\n|move|p1b: Chi-Yu|Protect|p1b: Chi-Yu\n|-singleturn|p1b: Chi-Yu|Protect\n|move|p2a: Iron Hands|Fake Out|p1a: Glimmora\n|-resisted|p1a: Glimmora\n|-damage|p1a: Glimmora|94\/100\n|move|p2b: Chi-Yu|Nasty Plot|p2b: Chi-Yu\n|-boost|p2b: Chi-Yu|spa|2\n|cant|p1a: Glimmora|flinch\n|\n|upkeep\n|turn|2\n|\n|t:|1682637552\n|-terastallize|p2b: Chi-Yu|Water\n|move|p1b: Chi-Yu|Heat Wave|p2a: Iron Hands|[spread] p2a,p2b\n|-resisted|p2b: Chi-Yu\n|-damage|p2a: Iron Hands|78\/100\n|-damage|p2b: Chi-Yu|84\/100\n|move|p2b: Chi-Yu|Dark Pulse|p1a: Glimmora\n|-damage|p1a: Glimmora|24\/100\n|move|p1a: Glimmora|Power Gem|p2b: Chi-Yu\n|-damage|p2b: Chi-Yu|45\/100\n|move|p2a: Iron Hands|Drain Punch|p1b: Chi-Yu\n|-supereffective|p1b: Chi-Yu\n|-damage|p1b: Chi-Yu|0 fnt\n|-heal|p2a: Iron Hands|100\/100|[from] drain|[of] p1b: Chi-Yu\n|faint|p1b: Chi-Yu\n|\n|-heal|p2b: Chi-Yu|51\/100|[from] item: Leftovers\n|upkeep\n|\n|t:|1682637563\n|switch|p1b: Flutter Mane|Flutter Mane, L50|100\/100\n|turn|3\n|\n|t:|1682637572\n|-terastallize|p1b: Flutter Mane|Fairy\n|move|p2b: Chi-Yu|Protect|p2b: Chi-Yu\n|-singleturn|p2b: Chi-Yu|Protect\n|move|p1b: Flutter Mane|Dazzling Gleam|p2a: Iron Hands|[spread] p2a\n|-activate|p2b: Chi-Yu|move: Protect\n|-supereffective|p2a: Iron Hands\n|-damage|p2a: Iron Hands|43\/100\n|move|p1a: Glimmora|Energy Ball|p2b: Chi-Yu\n|-activate|p2b: Chi-Yu|move: Protect\n|move|p2a: Iron Hands|Heavy Slam|p1b: Flutter Mane\n|-supereffective|p1b: Flutter Mane\n|-enditem|p1b: Flutter Mane|Focus Sash\n|-damage|p1b: Flutter Mane|1\/100\n|\n|-heal|p2b: Chi-Yu|57\/100|[from] item: Leftovers\n|upkeep\n|turn|4\n|inactive|HazeOneTrick has 30 seconds left.\n|\n|t:|1682637598\n|-end|p2a: Iron Hands|Quark Drive|[silent]\n|switch|p2a: Amoonguss|Amoonguss, L50, F|100\/100\n|move|p1b: Flutter Mane|Dazzling Gleam|p2a: Amoonguss|[spread] p2a,p2b\n|-resisted|p2a: Amoonguss\n|-damage|p2a: Amoonguss|75\/100\n|-damage|p2b: Chi-Yu|18\/100\n|move|p2b: Chi-Yu|Dark Pulse|p1a: Glimmora\n|-damage|p1a: Glimmora|0 fnt\n|faint|p1a: Glimmora\n|\n|-heal|p2b: Chi-Yu|24\/100|[from] item: Leftovers\n|upkeep\n|\n|t:|1682637607\n|switch|p1a: Neo|Gastrodon, L50, F|100\/100\n|turn|5\n|\n|t:|1682637616\n|move|p2b: Chi-Yu|Protect|p2b: Chi-Yu\n|-singleturn|p2b: Chi-Yu|Protect\n|move|p1b: Flutter Mane|Shadow Ball|p2a: Amoonguss\n|-damage|p2a: Amoonguss|19\/100\n|-enditem|p2a: Amoonguss|Sitrus Berry|[eat]\n|-heal|p2a: Amoonguss|44\/100|[from] item: Sitrus Berry\n|move|p1a: Neo|Earth Power|p2a: Amoonguss\n|-damage|p2a: Amoonguss|0 fnt\n|faint|p2a: Amoonguss\n|\n|-heal|p2b: Chi-Yu|30\/100|[from] item: Leftovers\n|upkeep\n|\n|t:|1682637621\n|switch|p2a: Baxcalibur|Baxcalibur, L50, M|100\/100\n|turn|6\n|inactive|Echo Rose#9471 has 30 seconds left.\n|inactive|HazeOneTrick has 30 seconds left.\n|\n|t:|1682637653\n|move|p1b: Flutter Mane|Dazzling Gleam|p2a: Baxcalibur|[spread] p2a,p2b\n|-supereffective|p2a: Baxcalibur\n|-damage|p2a: Baxcalibur|0 fnt\n|-damage|p2b: Chi-Yu|0 fnt\n|faint|p2a: Baxcalibur\n|faint|p2b: Chi-Yu\n|move|p1a: Neo|Earth Power|p2: Baxcalibur|[notarget]\n|-fail|p1a: Neo\n|\n|upkeep\n|-message|HazeOneTrick forfeited.\n|\n|win|Echo Rose#9471\n|raw|Echo Rose#9471's rating: 1373 → 1400<\/strong> (+27 for winning)\n|raw|HazeOneTrick's rating: 1492 → 1465<\/strong> (-27 for losing)\n|l|\u2606HazeOneTrick\n","uploadtime":1682637669,"views":9,"p1id":"echorose9471","p2id":"hazeonetrick","formatid":"gen9vgc2023regulationc","rating":1400,"private":0,"password":""}