{"id":"gen9vgc2023regulationc-1859186549","p1":"Nehzzy","p2":"The pickled artist","format":"[Gen 9] VGC 2023 Regulation C","log":"|j|\u2606Nehzzy\n|j|\u2606The pickled artist\n|t:|1683415232\n|gametype|doubles\n|player|p1|Nehzzy|102|1208\n|player|p2|The pickled artist|red|1194\n|teamsize|p1|6\n|teamsize|p2|6\n|gen|9\n|tier|[Gen 9] VGC 2023 Regulation C\n|rated|\n|rule|Species Clause: Limit one of each Pok\u00e9mon\n|rule|Item Clause: Limit one of each item\n|clearpoke\n|poke|p1|Orthworm, L50, M|\n|poke|p1|Gholdengo, L50|\n|poke|p1|Dragonite, L50, F|\n|poke|p1|Ting-Lu, L50|\n|poke|p1|Arcanine, L50, M|\n|poke|p1|Scream Tail, L50|\n|poke|p2|Gastrodon-East, L50, M|\n|poke|p2|Tinkaton, L50, F|\n|poke|p2|Kingambit, L50, M|\n|poke|p2|Great Tusk, L50|\n|poke|p2|Talonflame, L50, M|\n|poke|p2|Flutter Mane, L50|\n|teampreview|4\nNehzzy has agreed to open team sheets.\nThe pickled artist has agreed to open team sheets.\n|inactive|Battle timer is ON: inactive players will automatically lose when time's up. (requested by The pickled artist)\n|\n|t:|1683415292\n|start\n|switch|p1a: Scream Tail|Scream Tail, L50|100\/100\n|switch|p1b: Orthworm|Orthworm, L50, M, shiny|100\/100\n|switch|p2a: Talonflame|Talonflame, L50, M|100\/100\n|switch|p2b: Great Tusk|Great Tusk, L50|100\/100\n|-enditem|p1a: Scream Tail|Booster Energy\n|-activate|p1a: Scream Tail|ability: Protosynthesis|[fromitem]\n|-start|p1a: Scream Tail|protosynthesisspe\n|turn|1\n|inactive|The pickled artist has 30 seconds left.\n|\n|t:|1683415326\n|switch|p1b: Dragonite|Dragonite, L50, F|100\/100\n|move|p2a: Talonflame|Tailwind|p2a: Talonflame\n|-sidestart|p2: The pickled artist|move: Tailwind\n|move|p2b: Great Tusk|Rock Slide|p1a: Scream Tail|[spread] p1a,p1b\n|-supereffective|p1b: Dragonite\n|-damage|p1a: Scream Tail|86\/100\n|-damage|p1b: Dragonite|80\/100\n|move|p1a: Scream Tail|Reflect|p1a: Scream Tail\n|-sidestart|p1: Nehzzy|Reflect\n|\n|upkeep\n|turn|2\n|\n|t:|1683415349\n|move|p2a: Talonflame|Will-O-Wisp|p1b: Dragonite\n|-status|p1b: Dragonite|brn\n|-enditem|p1b: Dragonite|Lum Berry|[eat]\n|-curestatus|p1b: Dragonite|brn|[msg]\n|move|p2b: Great Tusk|Rock Slide|p1b: Dragonite|[spread] p1a\n|-miss|p2b: Great Tusk|p1b: Dragonite\n|-damage|p1a: Scream Tail|77\/100\n|move|p1a: Scream Tail|Dazzling Gleam|p2a: Talonflame|[spread] p2a,p2b\n|-resisted|p2a: Talonflame\n|-supereffective|p2b: Great Tusk\n|-damage|p2a: Talonflame|89\/100\n|-damage|p2b: Great Tusk|71\/100\n|move|p1b: Dragonite|Dragon Dance|p1b: Dragonite\n|-boost|p1b: Dragonite|atk|1\n|-boost|p1b: Dragonite|spe|1\n|\n|upkeep\n|turn|3\n|\n|t:|1683415373\n|move|p1b: Dragonite|Extreme Speed|p2a: Talonflame\n|-damage|p2a: Talonflame|29\/100\n|move|p2a: Talonflame|Will-O-Wisp|p1b: Dragonite\n|-status|p1b: Dragonite|brn\n|move|p2b: Great Tusk|Play Rough|p1b: Dragonite\n|-supereffective|p1b: Dragonite\n|-damage|p1b: Dragonite|35\/100 brn\n|move|p1a: Scream Tail|Dazzling Gleam|p2a: Talonflame|[spread] p2a,p2b\n|-resisted|p2a: Talonflame\n|-supereffective|p2b: Great Tusk\n|-damage|p2a: Talonflame|17\/100\n|-damage|p2b: Great Tusk|42\/100\n|\n|-damage|p1b: Dragonite|29\/100 brn|[from] brn\n|upkeep\n|turn|4\n|inactive|Nehzzy has 30 seconds left.\n|inactive|The pickled artist has 30 seconds left.\n|\n|t:|1683415403\n|switch|p2a: Stab Mcgee|Kingambit, L50, M|100\/100\n|switch|p1b: Arcanine|Arcanine, L50, M|100\/100\n|-ability|p1b: Arcanine|Intimidate|boost\n|-unboost|p2a: Stab Mcgee|atk|1\n|-unboost|p2b: Great Tusk|atk|1\n|move|p2b: Great Tusk|Play Rough|p1b: Arcanine\n|-resisted|p1b: Arcanine\n|-damage|p1b: Arcanine|92\/100\n|move|p1a: Scream Tail|Dazzling Gleam|p2a: Stab Mcgee|[spread] p2a,p2b\n|-supereffective|p2b: Great Tusk\n|-damage|p2a: Stab Mcgee|86\/100\n|-damage|p2b: Great Tusk|13\/100\n|\n|-sideend|p2: The pickled artist|move: Tailwind\n|upkeep\n|turn|5\n|inactive|Nehzzy has 30 seconds left.\n|\n|t:|1683415433\n|-end|p2a: Stab Mcgee|fallenundefined|[silent]\n|switch|p2a: Talonflame|Talonflame, L50, M|17\/100\n|-terastallize|p1b: Arcanine|Fire\n|move|p1a: Scream Tail|Dazzling Gleam|p2b: Great Tusk|[spread] p2a,p2b\n|-resisted|p2a: Talonflame\n|-supereffective|p2b: Great Tusk\n|-damage|p2a: Talonflame|4\/100\n|-damage|p2b: Great Tusk|0 fnt\n|faint|p2b: Great Tusk\n|-end|p2b: Great Tusk|Protosynthesis|[silent]\n|move|p1b: Arcanine|Flare Blitz|p2a: Talonflame\n|-resisted|p2a: Talonflame\n|-damage|p2a: Talonflame|0 fnt\n|faint|p2a: Talonflame\n|-damage|p1b: Arcanine|91\/100|[from] Recoil\n|\n|-sideend|p1: Nehzzy|Reflect\n|upkeep\n|\n|t:|1683415449\n|switch|p2a: David|Gastrodon-East, L50, M|100\/100\n|switch|p2b: Stab Mcgee|Kingambit, L50, M|86\/100\n|-activate|p2b: Stab Mcgee|ability: Supreme Overlord\n|-start|p2b: Stab Mcgee|fallen2|[silent]\n|turn|6\n|\n|t:|1683415468\n|-terastallize|p2b: Stab Mcgee|Dark\n|move|p1a: Scream Tail|Reflect|p1a: Scream Tail\n|-sidestart|p1: Nehzzy|Reflect\n|move|p1b: Arcanine|Will-O-Wisp|p2b: Stab Mcgee\n|-status|p2b: Stab Mcgee|brn\n|move|p2b: Stab Mcgee|Iron Head|p1a: Scream Tail\n|-supereffective|p1a: Scream Tail\n|-damage|p1a: Scream Tail|49\/100\n|move|p2a: David|Earth Power|p1b: Arcanine\n|-supereffective|p1b: Arcanine\n|-damage|p1b: Arcanine|19\/100\n|\n|-damage|p2b: Stab Mcgee|80\/100 brn|[from] brn\n|upkeep\n|turn|7\n|\n|t:|1683415483\n|move|p2b: Stab Mcgee|Sucker Punch|p1b: Arcanine\n|-damage|p1b: Arcanine|0 fnt\n|faint|p1b: Arcanine\n|move|p1a: Scream Tail|Light Screen|p1a: Scream Tail\n|-sidestart|p1: Nehzzy|move: Light Screen\n|move|p2a: David|Muddy Water|p1a: Scream Tail|[miss]\n|-miss|p2a: David|p1a: Scream Tail\n|\n|-damage|p2b: Stab Mcgee|74\/100 brn|[from] brn\n|upkeep\n|\n|t:|1683415492\n|switch|p1b: Orthworm|Orthworm, L50, M, shiny|100\/100\n|turn|8\n|\n|t:|1683415506\n|-end|p1a: Scream Tail|Protosynthesis|[silent]\n|switch|p1a: Dragonite|Dragonite, L50, F|29\/100 brn\n|move|p2b: Stab Mcgee|Sucker Punch||[still]\n|-fail|p2b: Stab Mcgee\n|move|p1b: Orthworm|Iron Defense|p1b: Orthworm\n|-boost|p1b: Orthworm|def|2\n|move|p2a: David|Muddy Water|p1a: Dragonite|[spread] p1a,p1b\n|-resisted|p1a: Dragonite\n|-damage|p1a: Dragonite|21\/100 brn\n|-damage|p1b: Orthworm|85\/100\n|-unboost|p1a: Dragonite|accuracy|1\n|-unboost|p1b: Orthworm|accuracy|1\n|\n|-heal|p1b: Orthworm|91\/100|[from] item: Leftovers\n|-damage|p1a: Dragonite|16\/100 brn|[from] brn\n|-damage|p2b: Stab Mcgee|69\/100 brn|[from] brn\n|upkeep\n|turn|9\n|\n|t:|1683415535\n|move|p1a: Dragonite|Dragon Dance|p1a: Dragonite\n|-boost|p1a: Dragonite|atk|1\n|-boost|p1a: Dragonite|spe|1\n|move|p2b: Stab Mcgee|Kowtow Cleave|p1a: Dragonite\n|-damage|p1a: Dragonite|0 fnt\n|faint|p1a: Dragonite\n|move|p1b: Orthworm|Iron Defense|p1b: Orthworm\n|-boost|p1b: Orthworm|def|2\n|move|p2a: David|Tera Blast|p1b: Orthworm\n|-resisted|p1b: Orthworm\n|-damage|p1b: Orthworm|85\/100\n|\n|-heal|p1b: Orthworm|91\/100|[from] item: Leftovers\n|-damage|p2b: Stab Mcgee|63\/100 brn|[from] brn\n|upkeep\n|\n|t:|1683415546\n|switch|p1a: Scream Tail|Scream Tail, L50|49\/100\n|turn|10\n|\n|t:|1683415567\n|move|p1a: Scream Tail|Reflect||[still]\n|-fail|p1a: Scream Tail\n|move|p2b: Stab Mcgee|Iron Head|p1a: Scream Tail\n|-supereffective|p1a: Scream Tail\n|-damage|p1a: Scream Tail|23\/100\n|move|p1b: Orthworm|Body Press|p2b: Stab Mcgee\n|-supereffective|p2b: Stab Mcgee\n|-damage|p2b: Stab Mcgee|0 fnt\n|faint|p2b: Stab Mcgee\n|-end|p2b: Stab Mcgee|fallen2|[silent]\n|move|p2a: David|Muddy Water|p1b: Orthworm|[spread] p1a,p1b\n|-damage|p1a: Scream Tail|14\/100\n|-damage|p1b: Orthworm|75\/100\n|\n|-heal|p1b: Orthworm|81\/100|[from] item: Leftovers\n|-sideend|p1: Nehzzy|Reflect\n|upkeep\n|turn|11\n|\n|t:|1683415581\n|move|p1a: Scream Tail|Dazzling Gleam|p2a: David\n|-damage|p2a: David|81\/100\n|move|p1b: Orthworm|Body Press|p2a: David|[miss]\n|-miss|p1b: Orthworm|p2a: David\n|move|p2a: David|Muddy Water|p1a: Scream Tail|[spread] p1a,p1b\n|-damage|p1a: Scream Tail|4\/100\n|-damage|p1b: Orthworm|64\/100\n|-unboost|p1b: Orthworm|accuracy|1\n|\n|-heal|p1b: Orthworm|70\/100|[from] item: Leftovers\n|-heal|p2a: David|87\/100|[from] item: Leftovers\n|-sideend|p1: Nehzzy|move: Light Screen\n|upkeep\n|turn|12\n|\n|t:|1683415596\n|move|p1a: Scream Tail|Light Screen|p1a: Scream Tail\n|-sidestart|p1: Nehzzy|move: Light Screen\n|move|p1b: Orthworm|Body Press|p2a: David|[miss]\n|-miss|p1b: Orthworm|p2a: David\n|move|p2a: David|Muddy Water|p1b: Orthworm|[spread] p1a\n|-miss|p2a: David|p1b: Orthworm\n|-damage|p1a: Scream Tail|0 fnt\n|faint|p1a: Scream Tail\n|-end|p1a: Scream Tail|Protosynthesis|[silent]\n|\n|-heal|p1b: Orthworm|76\/100|[from] item: Leftovers\n|-heal|p2a: David|93\/100|[from] item: Leftovers\n|upkeep\n|turn|13\n|\n|t:|1683415607\n|move|p1b: Orthworm|Heavy Slam|p2a: David\n|-resisted|p2a: David\n|-damage|p2a: David|78\/100\n|move|p2a: David|Recover|p2a: David\n|-heal|p2a: David|100\/100\n|\n|-heal|p1b: Orthworm|82\/100|[from] item: Leftovers\n|upkeep\n|turn|14\n|\n|t:|1683415617\n|move|p1b: Orthworm|Body Press|p2a: David|[miss]\n|-miss|p1b: Orthworm|p2a: David\n|move|p2a: David|Tera Blast|p1b: Orthworm\n|-resisted|p1b: Orthworm\n|-damage|p1b: Orthworm|76\/100\n|\n|-heal|p1b: Orthworm|82\/100|[from] item: Leftovers\n|upkeep\n|turn|15\n|\n|t:|1683415630\n|move|p1b: Orthworm|Body Press|p2a: David|[miss]\n|-miss|p1b: Orthworm|p2a: David\n|move|p2a: David|Muddy Water|p1b: Orthworm\n|-damage|p1b: Orthworm|60\/100\n|\n|-heal|p1b: Orthworm|65\/100|[from] item: Leftovers\n|upkeep\n|turn|16\n|\n|t:|1683415638\n|move|p1b: Orthworm|Iron Defense|p1b: Orthworm\n|-boost|p1b: Orthworm|def|2\n|move|p2a: David|Muddy Water|p1b: Orthworm\n|-damage|p1b: Orthworm|45\/100\n|\n|-heal|p1b: Orthworm|51\/100|[from] item: Leftovers\n|-sideend|p1: Nehzzy|move: Light Screen\n|upkeep\n|turn|17\n|\n|t:|1683415644\n|move|p1b: Orthworm|Body Press|p2a: David|[miss]\n|-miss|p1b: Orthworm|p2a: David\n|move|p2a: David|Muddy Water|p1b: Orthworm\n|-damage|p1b: Orthworm|20\/100\n|-unboost|p1b: Orthworm|accuracy|1\n|\n|-heal|p1b: Orthworm|26\/100|[from] item: Leftovers\n|upkeep\n|turn|18\n|\n|t:|1683415652\n|move|p1b: Orthworm|Body Press|p2a: David\n|-damage|p2a: David|17\/100\n|move|p2a: David|Muddy Water|p1b: Orthworm\n|-damage|p1b: Orthworm|0 fnt\n|faint|p1b: Orthworm\n|\n|win|The pickled artist\n|raw|Nehzzy's rating: 1208 → 1182<\/strong> (-26 for losing)\n|raw|The pickled artist's rating: 1194 → 1220<\/strong> (+26 for winning)\n","uploadtime":1683415661,"views":11,"p1id":"nehzzy","p2id":"thepickledartist","formatid":"gen9vgc2023regulationc","rating":1182,"private":0,"password":""}