{"id":"gen9vgc2023regulationc-1851474687","p1":"jesus.utrilla","p2":"saltyground","format":"[Gen 9] VGC 2023 Regulation C","log":"|j|\u2606jesus.utrilla\n|j|\u2606saltyground\n|t:|1682448110\n|gametype|doubles\n|player|p1|jesus.utrilla|rosa|1461\n|player|p2|saltyground|unknownf|1404\n|teamsize|p1|6\n|teamsize|p2|6\n|gen|9\n|tier|[Gen 9] VGC 2023 Regulation C\n|rated|\n|rule|Species Clause: Limit one of each Pok\u00e9mon\n|rule|Item Clause: Limit one of each item\n|clearpoke\n|poke|p1|Dragonite, L50, M|\n|poke|p1|Glimmora, L50, F|\n|poke|p1|Ting-Lu, L50|\n|poke|p1|Chien-Pao, L50|\n|poke|p1|Dondozo, L50, M|\n|poke|p1|Tatsugiri, L50, M|\n|poke|p2|Hatterene, L50, F|\n|poke|p2|Iron Hands, L50|\n|poke|p2|Ting-Lu, L50|\n|poke|p2|Torkoal, L50, M|\n|poke|p2|Farigiraf, L50, M|\n|poke|p2|Brute Bonnet, L50|\n|teampreview|4\n|\n|t:|1682448151\n|start\n|switch|p1a: Ting-Lu|Ting-Lu, L50|100\/100\n|switch|p1b: Glimmora|Glimmora, L50, F, shiny|100\/100\n|switch|p2a: Hat|Hatterene, L50, F, shiny|100\/100\n|switch|p2b: Deez hands|Iron Hands, L50, shiny|100\/100\n|-ability|p1a: Ting-Lu|Vessel of Ruin\n|turn|1\n|\n|t:|1682448172\n|move|p2b: Deez hands|Fake Out|p1b: Glimmora\n|-resisted|p1b: Glimmora\n|-damage|p1b: Glimmora|94\/100\n|cant|p1b: Glimmora|flinch\n|move|p1a: Ting-Lu|Fissure|p2a: Hat|[miss]\n|-miss|p1a: Ting-Lu|p2a: Hat\n|move|p2a: Hat|Trick Room|p2a: Hat\n|-fieldstart|move: Trick Room|[of] p2a: Hat\n|\n|upkeep\n|turn|2\n|inactive|Battle timer is ON: inactive players will automatically lose when time's up. (requested by jesus.utrilla)\n|\n|t:|1682448188\n|-terastallize|p1b: Glimmora|Grass\n|move|p2a: Hat|Psyshock|p1b: Glimmora\n|-damage|p1b: Glimmora|60\/100\n|move|p1a: Ting-Lu|Stomping Tantrum|p2b: Deez hands\n|-supereffective|p2b: Deez hands\n|-damage|p2b: Deez hands|14\/100\n|move|p2b: Deez hands|Close Combat|p1a: Ting-Lu\n|-supereffective|p1a: Ting-Lu\n|-damage|p1a: Ting-Lu|40\/100\n|-unboost|p2b: Deez hands|def|1\n|-unboost|p2b: Deez hands|spd|1\n|move|p1b: Glimmora|Mortal Spin|p2a: Hat|[spread] p2a,p2b\n|-supereffective|p2a: Hat\n|-damage|p2a: Hat|89\/100\n|-damage|p2b: Deez hands|10\/100\n|-status|p2a: Hat|psn\n|-status|p2b: Deez hands|psn\n|-damage|p1b: Glimmora|44\/100|[from] item: Rocky Helmet|[of] p2a: Hat\n|-enditem|p1b: Glimmora|Sitrus Berry|[eat]\n|-heal|p1b: Glimmora|68\/100|[from] item: Sitrus Berry\n|\n|-damage|p2a: Hat|77\/100 psn|[from] psn\n|-damage|p2b: Deez hands|0 fnt|[from] psn\n|faint|p2b: Deez hands\n|-end|p2b: Deez hands|Quark Drive|[silent]\n|upkeep\n|inactive|saltyground has 30 seconds left.\n|\n|t:|1682448215\n|switch|p2b: CANADA!!!!|Ting-Lu, L50|100\/100\n|-ability|p2b: CANADA!!!!|Vessel of Ruin\n|turn|3\n|\n|t:|1682448240\n|move|p2a: Hat|Mystical Fire|p1b: Glimmora\n|-supereffective|p1b: Glimmora\n|-damage|p1b: Glimmora|26\/100\n|-unboost|p1b: Glimmora|spa|1\n|move|p2b: CANADA!!!!|Stomping Tantrum|p1a: Ting-Lu\n|-damage|p1a: Ting-Lu|25\/100\n|move|p1a: Ting-Lu|Heavy Slam|p2a: Hat\n|-supereffective|p2a: Hat\n|-damage|p2a: Hat|11\/100 psn\n|-damage|p1a: Ting-Lu|9\/100|[from] item: Rocky Helmet|[of] p2a: Hat\n|move|p1b: Glimmora|Toxic|p2b: CANADA!!!!\n|-status|p2b: CANADA!!!!|tox\n|\n|-damage|p2a: Hat|0 fnt|[from] psn\n|faint|p2a: Hat\n|-damage|p2b: CANADA!!!!|95\/100 tox|[from] psn\n|upkeep\n|\n|t:|1682448254\n|switch|p2a: Fridge Giraffe|Farigiraf, L50, M, shiny|100\/100\n|turn|4\n|\n|t:|1682448267\n|move|p1b: Glimmora|Spiky Shield|p1b: Glimmora\n|-singleturn|p1b: Glimmora|move: Protect\n|move|p2b: CANADA!!!!|Throat Chop|p1b: Glimmora\n|-activate|p1b: Glimmora|move: Protect\n|-damage|p2b: CANADA!!!!|82\/100 tox|[from] Spiky Shield|[of] p1b: Glimmora\n|move|p1a: Ting-Lu|Fissure|p2a: Fridge Giraffe\n|-damage|p2a: Fridge Giraffe|0 fnt\n|faint|p2a: Fridge Giraffe\n|-ohko\n|\n|-damage|p2b: CANADA!!!!|71\/100 tox|[from] psn\n|upkeep\n|turn|5\n|-message|saltyground forfeited.\n|\n|win|jesus.utrilla\n|raw|jesus.utrilla's rating: 1461 → 1478<\/strong> (+17 for winning)\n|raw|saltyground's rating: 1404 → 1387<\/strong> (-17 for losing)\n|l|\u2606saltyground\n","uploadtime":1682448288,"views":13,"p1id":"jesusutrilla","p2id":"saltyground","formatid":"gen9vgc2023regulationc","rating":1387,"private":0,"password":""}