{"id":"gen9vgc2023regulationc-1851586160","p1":"r3gCt3st","p2":"Dov'e Yara?","format":"[Gen 9] VGC 2023 Regulation C","log":"|j|\u2606r3gCt3st\n|j|\u2606Dov'e Yara?\n|t:|1682458335\n|gametype|doubles\n|player|p1|r3gCt3st|unknown|1311\n|player|p2|Dov'e Yara?|clair|1266\n|teamsize|p1|4\n|teamsize|p2|6\n|gen|9\n|tier|[Gen 9] VGC 2023 Regulation C\n|rated|\n|rule|Species Clause: Limit one of each Pok\u00e9mon\n|rule|Item Clause: Limit one of each item\n|clearpoke\n|poke|p1|Drifblim, L50, M|\n|poke|p1|Indeedee-F, L50, F|\n|poke|p1|Annihilape, L50, M|\n|poke|p1|Amoonguss, L50, M|\n|poke|p2|Fletchling, L50, M|\n|poke|p2|Noivern, L50, F|\n|poke|p2|Chi-Yu, L50|\n|poke|p2|Electrode, L50|\n|poke|p2|Flutter Mane, L50|\n|poke|p2|Indeedee-F, L50, F|\n|teampreview|4\n|\n|t:|1682458354\n|start\n|switch|p1a: Drifblim|Drifblim, L50, M|100\/100\n|switch|p1b: Indeedee|Indeedee-F, L50, F|100\/100\n|switch|p2a: Flutter Mane|Flutter Mane, L50|100\/100\n|switch|p2b: Chi-Yu|Chi-Yu, L50|100\/100\n|-ability|p2b: Chi-Yu|Beads of Ruin\n|-fieldstart|move: Psychic Terrain|[from] ability: Psychic Surge|[of] p1b: Indeedee\n|-enditem|p1a: Drifblim|Psychic Seed\n|-boost|p1a: Drifblim|spd|1|[from] item: Psychic Seed\n|-enditem|p2a: Flutter Mane|Booster Energy\n|-activate|p2a: Flutter Mane|ability: Protosynthesis|[fromitem]\n|-start|p2a: Flutter Mane|protosynthesisspa\n|turn|1\n|\n|t:|1682458364\n|-terastallize|p2a: Flutter Mane|Fairy\n|move|p1b: Indeedee|Follow Me|p1b: Indeedee\n|-singleturn|p1b: Indeedee|move: Follow Me\n|move|p1a: Drifblim|Minimize|p1a: Drifblim\n|-boost|p1a: Drifblim|evasion|2\n|move|p2a: Flutter Mane|Dazzling Gleam|p1b: Indeedee|[spread] p1b\n|-miss|p2a: Flutter Mane|p1a: Drifblim\n|-damage|p1b: Indeedee|24\/100\n|move|p2b: Chi-Yu|Snarl|p1a: Drifblim|[spread] p1b\n|-miss|p2b: Chi-Yu|p1a: Drifblim\n|-supereffective|p1b: Indeedee\n|-damage|p1b: Indeedee|0 fnt\n|faint|p1b: Indeedee\n|\n|upkeep\n|\n|t:|1682458377\n|switch|p1b: Amoonguss|Amoonguss, L50, M|100\/100\n|turn|2\n|\n|t:|1682458397\n|move|p2a: Flutter Mane|Protect|p2a: Flutter Mane\n|-singleturn|p2a: Flutter Mane|Protect\n|move|p1a: Drifblim|Baton Pass|p1a: Drifblim\n|\n|t:|1682458401\n|switch|p1a: Annihilape|Annihilape, L50, M|100\/100|[from] Baton Pass\n|move|p2b: Chi-Yu|Overheat|p1b: Amoonguss\n|-supereffective|p1b: Amoonguss\n|-damage|p1b: Amoonguss|0 fnt\n|-unboost|p2b: Chi-Yu|spa|2\n|faint|p1b: Amoonguss\n|\n|upkeep\n|\n|t:|1682458404\n|switch|p1b: Drifblim|Drifblim, L50, M|100\/100\n|turn|3\n|\n|t:|1682458412\n|-terastallize|p1a: Annihilape|Fire\n|move|p2a: Flutter Mane|Shadow Ball|p1b: Drifblim\n|-supereffective|p1b: Drifblim\n|-damage|p1b: Drifblim|0 fnt\n|faint|p1b: Drifblim\n|move|p2b: Chi-Yu|Will-O-Wisp|p1a: Annihilape|[miss]\n|-miss|p2b: Chi-Yu|p1a: Annihilape\n|move|p1a: Annihilape|Bulk Up|p1a: Annihilape\n|-boost|p1a: Annihilape|atk|1\n|-boost|p1a: Annihilape|def|1\n|\n|upkeep\n|turn|4\n|\n|t:|1682458425\n|switch|p2b: Indeedee|Indeedee-F, L50, F|100\/100\n|move|p2a: Flutter Mane|Shadow Ball|p1a: Annihilape|[miss]\n|-miss|p2a: Flutter Mane|p1a: Annihilape\n|move|p1a: Annihilape|Rage Fist|p2a: Flutter Mane\n|-damage|p2a: Flutter Mane|45\/100\n|\n|upkeep\n|turn|5\n|\n|t:|1682458435\n|move|p2b: Indeedee|Follow Me|p2b: Indeedee\n|-singleturn|p2b: Indeedee|move: Follow Me\n|move|p2a: Flutter Mane|Shadow Ball|p1a: Annihilape|[miss]\n|-miss|p2a: Flutter Mane|p1a: Annihilape\n|move|p1a: Annihilape|Drain Punch|p2b: Indeedee\n|-damage|p2b: Indeedee|55\/100\n|\n|-fieldend|move: Psychic Terrain\n|upkeep\n|turn|6\n|\n|t:|1682458445\n|move|p2b: Indeedee|Follow Me|p2b: Indeedee\n|-singleturn|p2b: Indeedee|move: Follow Me\n|move|p2a: Flutter Mane|Shadow Ball|p1a: Annihilape\n|-damage|p1a: Annihilape|76\/100\n|move|p1a: Annihilape|Bulk Up|p1a: Annihilape\n|-boost|p1a: Annihilape|atk|1\n|-boost|p1a: Annihilape|def|1\n|\n|-heal|p1a: Annihilape|82\/100|[from] item: Leftovers\n|upkeep\n|turn|7\n|\n|t:|1682458463\n|move|p2b: Indeedee|Helping Hand|p2a: Flutter Mane\n|-singleturn|p2a: Flutter Mane|Helping Hand|[of] p2b: Indeedee\n|move|p1a: Annihilape|Protect|p1a: Annihilape\n|-singleturn|p1a: Annihilape|Protect\n|move|p2a: Flutter Mane|Shadow Ball|p1a: Annihilape\n|-activate|p1a: Annihilape|move: Protect\n|\n|-heal|p1a: Annihilape|89\/100|[from] item: Leftovers\n|upkeep\n|turn|8\n|\n|t:|1682458474\n|move|p2b: Indeedee|Helping Hand|p2a: Flutter Mane\n|-singleturn|p2a: Flutter Mane|Helping Hand|[of] p2b: Indeedee\n|move|p2a: Flutter Mane|Shadow Ball|p1a: Annihilape\n|-damage|p1a: Annihilape|50\/100\n|move|p1a: Annihilape|Drain Punch|p2b: Indeedee\n|-damage|p2b: Indeedee|0 fnt\n|-heal|p1a: Annihilape|73\/100|[from] drain|[of] p2b: Indeedee\n|faint|p2b: Indeedee\n|\n|-heal|p1a: Annihilape|79\/100|[from] item: Leftovers\n|upkeep\n|\n|t:|1682458482\n|switch|p2b: Chi-Yu|Chi-Yu, L50|100\/100\n|-ability|p2b: Chi-Yu|Beads of Ruin\n|turn|9\n|\n|t:|1682458487\n|move|p1a: Annihilape|Protect|p1a: Annihilape\n|-singleturn|p1a: Annihilape|Protect\n|move|p2a: Flutter Mane|Shadow Ball|p1a: Annihilape\n|-activate|p1a: Annihilape|move: Protect\n|move|p2b: Chi-Yu|Snarl|p1a: Annihilape\n|-activate|p1a: Annihilape|move: Protect\n|\n|-heal|p1a: Annihilape|85\/100|[from] item: Leftovers\n|upkeep\n|turn|10\n|\n|t:|1682458491\n|move|p2a: Flutter Mane|Shadow Ball|p1a: Annihilape|[miss]\n|-miss|p2a: Flutter Mane|p1a: Annihilape\n|move|p2b: Chi-Yu|Snarl|p1a: Annihilape|[miss]\n|-miss|p2b: Chi-Yu|p1a: Annihilape\n|move|p1a: Annihilape|Drain Punch|p2b: Chi-Yu\n|-supereffective|p2b: Chi-Yu\n|-damage|p2b: Chi-Yu|0 fnt\n|-heal|p1a: Annihilape|100\/100|[from] drain|[of] p2b: Chi-Yu\n|faint|p2b: Chi-Yu\n|\n|upkeep\n|\n|t:|1682458494\n|switch|p2b: Noivern|Noivern, L50, F|100\/100\n|turn|11\n|\n|t:|1682458500\n|move|p2b: Noivern|Hurricane|p1a: Annihilape\n|-damage|p1a: Annihilape|68\/100\n|move|p2a: Flutter Mane|Shadow Ball|p1a: Annihilape\n|-damage|p1a: Annihilape|41\/100\n|move|p1a: Annihilape|Rage Fist|p2a: Flutter Mane\n|-damage|p2a: Flutter Mane|0 fnt\n|faint|p2a: Flutter Mane\n|-end|p2a: Flutter Mane|Protosynthesis|[silent]\n|\n|-heal|p1a: Annihilape|47\/100|[from] item: Leftovers\n|upkeep\n|turn|12\n|\n|t:|1682458508\n|move|p2b: Noivern|Hurricane|p1a: Annihilape\n|-damage|p1a: Annihilape|16\/100\n|move|p1a: Annihilape|Rage Fist|p2b: Noivern\n|-damage|p2b: Noivern|0 fnt\n|faint|p2b: Noivern\n|\n|win|r3gCt3st\n|raw|r3gCt3st's rating: 1311 → 1328<\/strong> (+17 for winning)\n|raw|Dov'e Yara?'s rating: 1266 → 1244<\/strong> (-22 for losing)\n|l|\u2606Dov'e Yara?\n","uploadtime":1682458518,"views":15,"p1id":"r3gct3st","p2id":"doveyara","formatid":"gen9vgc2023regulationc","rating":1244,"private":0,"password":""}