{"id":"gen9vgc2023regulationc-1853284169","p1":"Sebita18","p2":"anshar_training","format":"[Gen 9] VGC 2023 Regulation C","log":"|j|\u2606Sebita18\n|j|\u2606anshar_training\n|t:|1682660832\n|gametype|doubles\n|player|p1|Sebita18|1|1063\n|player|p2|anshar_training|colress|1033\n|teamsize|p1|6\n|teamsize|p2|6\n|gen|9\n|tier|[Gen 9] VGC 2023 Regulation C\n|rated|\n|rule|Species Clause: Limit one of each Pok\u00e9mon\n|rule|Item Clause: Limit one of each item\n|clearpoke\n|poke|p1|Talonflame, L50, M|\n|poke|p1|Iron Hands, L50|\n|poke|p1|Iron Bundle, L50|\n|poke|p1|Gholdengo, L50|\n|poke|p1|Meowscarada, L50, F|\n|poke|p1|Garganacl, L50, F|\n|poke|p2|Palafin, L50, M|\n|poke|p2|Flutter Mane, L50|\n|poke|p2|Arcanine, L50, M|\n|poke|p2|Amoonguss, L50, F|\n|poke|p2|Ting-Lu, L50|\n|poke|p2|Roaring Moon, L50|\n|teampreview|4\n|inactive|Battle timer is ON: inactive players will automatically lose when time's up. (requested by Sebita18)\n|inactive|anshar_training has 60 seconds left.\n|\n|t:|1682660883\n|start\n|switch|p1a: Garganacl|Garganacl, L50, F|100\/100\n|switch|p1b: Iron Hands|Iron Hands, L50|100\/100\n|switch|p2a: Cornelia|Flutter Mane, L50|100\/100\n|switch|p2b: Susy|Amoonguss, L50, F|100\/100\n|turn|1\n|inactive|Sebita18 has 30 seconds left.\n|inactive|anshar_training has 30 seconds left.\n|inactive|Sebita18 has 20 seconds left.\n|\n|t:|1682660922\n|-end|p2a: Cornelia|Protosynthesis|[silent]\n|switch|p2a: Good Soup|Ting-Lu, L50|100\/100\n|-ability|p2a: Good Soup|Vessel of Ruin\n|move|p2b: Susy|Protect|p2b: Susy\n|-singleturn|p2b: Susy|Protect\n|move|p1b: Iron Hands|Fake Out|p2b: Susy\n|-activate|p2b: Susy|move: Protect\n|move|p1a: Garganacl|Salt Cure|p2a: Good Soup\n|-resisted|p2a: Good Soup\n|-damage|p2a: Good Soup|97\/100\n|-start|p2a: Good Soup|Salt Cure\n|\n|-damage|p2a: Good Soup|85\/100|[from] Salt Cure\n|upkeep\n|turn|2\n|\n|t:|1682660943\n|-terastallize|p1b: Iron Hands|Grass\n|-terastallize|p2a: Good Soup|Poison\n|move|p1a: Garganacl|Wide Guard|p1a: Garganacl\n|-singleturn|p1a: Garganacl|Wide Guard\n|move|p1b: Iron Hands|Drain Punch|p2a: Good Soup\n|-resisted|p2a: Good Soup\n|-damage|p2a: Good Soup|73\/100\n|move|p2a: Good Soup|Stomping Tantrum|p1a: Garganacl\n|-supereffective|p1a: Garganacl\n|-damage|p1a: Garganacl|59\/100\n|move|p2b: Susy|Spore|p1b: Iron Hands\n|-immune|p1b: Iron Hands\n|\n|-heal|p1a: Garganacl|65\/100|[from] item: Leftovers\n|-damage|p2a: Good Soup|61\/100|[from] Salt Cure\n|upkeep\n|turn|3\n|inactive|Sebita18 has 30 seconds left.\n|\n|t:|1682660969\n|move|p1b: Iron Hands|Drain Punch|p2a: Good Soup\n|-resisted|p2a: Good Soup\n|-damage|p2a: Good Soup|49\/100\n|move|p2a: Good Soup|Stomping Tantrum|p1a: Garganacl\n|-supereffective|p1a: Garganacl\n|-crit|p1a: Garganacl\n|-damage|p1a: Garganacl|0 fnt\n|faint|p1a: Garganacl\n|move|p2b: Susy|Pollen Puff|p1b: Iron Hands\n|-supereffective|p1b: Iron Hands\n|-damage|p1b: Iron Hands|87\/100\n|\n|-damage|p2a: Good Soup|37\/100|[from] Salt Cure\n|upkeep\n|\n|t:|1682660983\n|switch|p1a: Talonflame|Talonflame, L50, M|100\/100\n|turn|4\n|\n|t:|1682660994\n|move|p2b: Susy|Protect|p2b: Susy\n|-singleturn|p2b: Susy|Protect\n|move|p1a: Talonflame|Will-O-Wisp|p2b: Susy\n|-activate|p2b: Susy|move: Protect\n|move|p1b: Iron Hands|Drain Punch|p2a: Good Soup\n|-resisted|p2a: Good Soup\n|-damage|p2a: Good Soup|24\/100\n|-heal|p1b: Iron Hands|93\/100|[from] drain|[of] p2a: Good Soup\n|move|p2a: Good Soup|Ruination|p1b: Iron Hands\n|-damage|p1b: Iron Hands|47\/100\n|\n|-damage|p2a: Good Soup|12\/100|[from] Salt Cure\n|upkeep\n|turn|5\n|inactive|anshar_training has 30 seconds left.\n|inactive|anshar_training has 20 seconds left.\n|inactive|anshar_training has 15 seconds left.\n|\n|t:|1682661035\n|move|p1a: Talonflame|Will-O-Wisp|p2b: Susy\n|-status|p2b: Susy|brn\n|move|p1b: Iron Hands|Drain Punch|p2a: Good Soup\n|-resisted|p2a: Good Soup\n|-damage|p2a: Good Soup|0 fnt\n|-heal|p1b: Iron Hands|53\/100|[from] drain|[of] p2a: Good Soup\n|faint|p2a: Good Soup\n|move|p2b: Susy|Spore|p1a: Talonflame\n|-status|p1a: Talonflame|slp|[from] move: Spore\n|\n|-damage|p2b: Susy|95\/100 brn|[from] brn\n|upkeep\n|\n|t:|1682661049\n|switch|p2a: Apolo|Arcanine, L50, M|100\/100\n|-ability|p2a: Apolo|Intimidate|boost\n|-unboost|p1a: Talonflame|atk|1\n|-unboost|p1b: Iron Hands|atk|1\n|turn|6\n|\n|t:|1682661070\n|cant|p1a: Talonflame|slp\n|move|p2a: Apolo|Will-O-Wisp|p1b: Iron Hands\n|-status|p1b: Iron Hands|brn\n|move|p1b: Iron Hands|Drain Punch|p2a: Apolo\n|-damage|p2a: Apolo|85\/100\n|-heal|p1b: Iron Hands|60\/100 brn|[from] drain|[of] p2a: Apolo\n|move|p2b: Susy|Pollen Puff|p1b: Iron Hands\n|-supereffective|p1b: Iron Hands\n|-damage|p1b: Iron Hands|38\/100 brn\n|\n|-damage|p1b: Iron Hands|32\/100 brn|[from] brn\n|-damage|p2b: Susy|89\/100 brn|[from] brn\n|upkeep\n|turn|7\n|\n|t:|1682661095\n|-curestatus|p1a: Talonflame|slp|[msg]\n|move|p1a: Talonflame|Tailwind|p1a: Talonflame\n|-sidestart|p1: Sebita18|move: Tailwind\n|move|p1b: Iron Hands|Volt Switch|p2a: Apolo\n|-damage|p2a: Apolo|71\/100\n|\n|t:|1682661102\n|-end|p1b: Iron Hands|Quark Drive|[silent]\n|switch|p1b: Gholdengo|Gholdengo, L50|100\/100|[from] Volt Switch\n|move|p2a: Apolo|Flare Blitz|p1b: Gholdengo\n|-supereffective|p1b: Gholdengo\n|-damage|p1b: Gholdengo|0 fnt\n|faint|p1b: Gholdengo\n|-damage|p2a: Apolo|40\/100|[from] Recoil\n|move|p2b: Susy|Spore|p1a: Talonflame\n|-status|p1a: Talonflame|slp|[from] move: Spore\n|\n|-damage|p2b: Susy|83\/100 brn|[from] brn\n|upkeep\n|\n|t:|1682661109\n|switch|p1b: Iron Hands|Iron Hands, L50, tera:Grass|32\/100 brn\n|turn|8\n|\n|t:|1682661123\n|move|p2b: Susy|Protect|p2b: Susy\n|-singleturn|p2b: Susy|Protect\n|move|p1b: Iron Hands|Fake Out|p2a: Apolo\n|-damage|p2a: Apolo|31\/100\n|cant|p1a: Talonflame|slp\n|cant|p2a: Apolo|flinch\n|\n|-damage|p1b: Iron Hands|26\/100 brn|[from] brn\n|-damage|p2b: Susy|77\/100 brn|[from] brn\n|upkeep\n|turn|9\n|\n|t:|1682661141\n|cant|p1a: Talonflame|slp\n|move|p1b: Iron Hands|Drain Punch|p2a: Apolo\n|-damage|p2a: Apolo|8\/100\n|-heal|p1b: Iron Hands|36\/100 brn|[from] drain|[of] p2a: Apolo\n|move|p2a: Apolo|Flare Blitz|p1b: Iron Hands\n|-supereffective|p1b: Iron Hands\n|-damage|p1b: Iron Hands|0 fnt\n|faint|p1b: Iron Hands\n|-end|p1b: Iron Hands|Quark Drive|[silent]\n|-damage|p2a: Apolo|0 fnt|[from] Recoil\n|faint|p2a: Apolo\n|move|p2b: Susy|Spore|p1a: Talonflame\n|-fail|p1a: Talonflame|slp\n|\n|-damage|p2b: Susy|71\/100 brn|[from] brn\n|upkeep\n|\n|t:|1682661156\n|switch|p2a: Cornelia|Flutter Mane, L50|100\/100\n|turn|10\n|\n|t:|1682661163\n|move|p2b: Susy|Rage Powder|p2b: Susy\n|-singleturn|p2b: Susy|move: Rage Powder\n|-curestatus|p1a: Talonflame|slp|[msg]\n|move|p1a: Talonflame|Brave Bird|p2b: Susy\n|-supereffective|p2b: Susy\n|-damage|p2b: Susy|29\/100 brn\n|-enditem|p2b: Susy|Sitrus Berry|[eat]\n|-heal|p2b: Susy|53\/100 brn|[from] item: Sitrus Berry\n|-damage|p1a: Talonflame|84\/100|[from] Recoil\n|move|p2a: Cornelia|Thunderbolt|p1a: Talonflame\n|-supereffective|p1a: Talonflame\n|-damage|p1a: Talonflame|0 fnt\n|faint|p1a: Talonflame\n|\n|win|anshar_training\n|raw|Sebita18's rating: 1063 → 1042<\/strong> (-21 for losing)\n|raw|anshar_training's rating: 1033 → 1071<\/strong> (+38 for winning)\n|l|\u2606Sebita18\n","uploadtime":1682661177,"views":11,"p1id":"sebita18","p2id":"anshartraining","formatid":"gen9vgc2023regulationc","rating":1042,"private":0,"password":""}