{"id":"gen9vgc2023regulationc-1862392313","p1":"KEerer2","p2":"jueduishi","format":"[Gen 9] VGC 2023 Regulation C","log":"|j|\u2606KEerer2\n|j|\u2606jueduishi\n|t:|1683878401\n|gametype|doubles\n|player|p1|KEerer2|lance|1236\n|player|p2|jueduishi|dawn|1348\n|teamsize|p1|6\n|teamsize|p2|6\n|gen|9\n|tier|[Gen 9] VGC 2023 Regulation C\n|rated|\n|rule|Species Clause: Limit one of each Pok\u00e9mon\n|rule|Item Clause: Limit one of each item\n|clearpoke\n|poke|p1|Gallade, L50, M|\n|poke|p1|Talonflame, L50, F|\n|poke|p1|Gyarados, L50, F|\n|poke|p1|Chi-Yu, L50|\n|poke|p1|Flutter Mane, L50|\n|poke|p1|Baxcalibur, L50, M|\n|poke|p2|Sylveon, L50, F|\n|poke|p2|Maushold-Four, L50|\n|poke|p2|Bruxish, L50, F|\n|poke|p2|Wo-Chien, L50|\n|poke|p2|Chi-Yu, L50|\n|poke|p2|Scizor, L50, M|\n|teampreview|4\n|inactive|Battle timer is ON: inactive players will automatically lose when time's up. (requested by KEerer2)\n|\n|t:|1683878464\n|start\n|switch|p1a: Talonflame|Talonflame, L50, F|100\/100\n|switch|p1b: Baxcalibur|Baxcalibur, L50, M|100\/100\n|switch|p2a: Bruxish|Bruxish, L50, F|100\/100\n|switch|p2b: Scizor|Scizor, L50, M|100\/100\n|turn|1\n|inactive|KEerer2 has 30 seconds left.\n|\n|t:|1683878491\n|-terastallize|p1b: Baxcalibur|Poison\n|move|p1a: Talonflame|Tailwind|p1a: Talonflame\n|-sidestart|p1: KEerer2|move: Tailwind\n|move|p1b: Baxcalibur|Glaive Rush|p2a: Bruxish\n|-damage|p2a: Bruxish|0 fnt\n|-singlemove|p1b: Baxcalibur|Glaive Rush|[silent]\n|faint|p2a: Bruxish\n|move|p2b: Scizor|Tailwind|p2b: Scizor\n|-sidestart|p2: jueduishi|move: Tailwind\n|\n|upkeep\n|\n|t:|1683878514\n|switch|p2a: Sylveon|Sylveon, L50, F|100\/100\n|turn|2\n|inactive|KEerer2 has 30 seconds left.\n|\n|t:|1683878545\n|switch|p2b: Wo-Chien|Wo-Chien, L50|100\/100\n|-ability|p2b: Wo-Chien|Tablets of Ruin\n|move|p1b: Baxcalibur|Protect|p1b: Baxcalibur\n|-singleturn|p1b: Baxcalibur|Protect\n|move|p1a: Talonflame|Will-O-Wisp|p2b: Wo-Chien|[miss]\n|-miss|p1a: Talonflame|p2b: Wo-Chien\n|move|p2a: Sylveon|Hyper Voice|p1a: Talonflame|[spread] p1a\n|-activate|p1b: Baxcalibur|move: Protect\n|-resisted|p1a: Talonflame\n|-damage|p1a: Talonflame|69\/100\n|-enditem|p2a: Sylveon|Throat Spray\n|-boost|p2a: Sylveon|spa|1|[from] item: Throat Spray\n|\n|upkeep\n|turn|3\n|inactive|jueduishi has 30 seconds left.\n|\n|t:|1683878572\n|-terastallize|p2b: Wo-Chien|Water\n|move|p1a: Talonflame|Brave Bird|p2b: Wo-Chien\n|-damage|p2b: Wo-Chien|64\/100\n|-damage|p1a: Talonflame|54\/100|[from] Recoil\n|move|p1b: Baxcalibur|Icicle Crash|p2b: Wo-Chien\n|-resisted|p2b: Wo-Chien\n|-damage|p2b: Wo-Chien|48\/100\n|cant|p2b: Wo-Chien|flinch\n|move|p2a: Sylveon|Psychic|p1b: Baxcalibur\n|-supereffective|p1b: Baxcalibur\n|-damage|p1b: Baxcalibur|6\/100\n|\n|upkeep\n|turn|4\n|\n|t:|1683878595\n|switch|p2b: Scizor|Scizor, L50, M|100\/100\n|move|p1a: Talonflame|Brave Bird|p2a: Sylveon\n|-damage|p2a: Sylveon|27\/100\n|-damage|p1a: Talonflame|23\/100|[from] Recoil\n|move|p1b: Baxcalibur|Glaive Rush|p2b: Scizor\n|-resisted|p2b: Scizor\n|-damage|p2b: Scizor|61\/100\n|-singlemove|p1b: Baxcalibur|Glaive Rush|[silent]\n|move|p2a: Sylveon|Hyper Voice|p1b: Baxcalibur|[spread] p1a,p1b\n|-resisted|p1a: Talonflame\n|-resisted|p1b: Baxcalibur\n|-damage|p1a: Talonflame|0 fnt\n|-damage|p1b: Baxcalibur|0 fnt\n|faint|p1a: Talonflame\n|faint|p1b: Baxcalibur\n|\n|-sideend|p2: jueduishi|move: Tailwind\n|-sideend|p1: KEerer2|move: Tailwind\n|upkeep\n|\n|t:|1683878613\n|switch|p1a: Chi-Yu|Chi-Yu, L50|100\/100\n|switch|p1b: Gyarados|Gyarados, L50, F|100\/100\n|-ability|p1a: Chi-Yu|Beads of Ruin\n|-ability|p1b: Gyarados|Intimidate|boost\n|-unboost|p2a: Sylveon|atk|1\n|-unboost|p2b: Scizor|atk|1\n|turn|5\n|inactive|jueduishi has 30 seconds left.\n|inactive|jueduishi has 20 seconds left.\n|inactive|jueduishi has 15 seconds left.\n|inactive|jueduishi has 10 seconds left.\n|\n|t:|1683878661\n|move|p2a: Sylveon|Detect|p2a: Sylveon\n|-singleturn|p2a: Sylveon|Protect\n|move|p2b: Scizor|Bullet Punch|p1a: Chi-Yu\n|-resisted|p1a: Chi-Yu\n|-damage|p1a: Chi-Yu|85\/100\n|move|p1a: Chi-Yu|Heat Wave|p2a: Sylveon|[spread] p2b\n|-activate|p2a: Sylveon|move: Protect\n|-supereffective|p2b: Scizor\n|-damage|p2b: Scizor|0 fnt\n|faint|p2b: Scizor\n|-damage|p1a: Chi-Yu|76\/100|[from] item: Life Orb\n|move|p1b: Gyarados|Iron Head|p2a: Sylveon\n|-activate|p2a: Sylveon|move: Protect\n|\n|upkeep\n|\n|t:|1683878677\n|switch|p2b: Wo-Chien|Wo-Chien, L50, tera:Water|48\/100\n|-ability|p2b: Wo-Chien|Tablets of Ruin\n|turn|6\n|\n|t:|1683878693\n|move|p1a: Chi-Yu|Heat Wave|p2a: Sylveon|[spread] p2a,p2b\n|-resisted|p2b: Wo-Chien\n|-damage|p2a: Sylveon|0 fnt\n|-damage|p2b: Wo-Chien|33\/100\n|faint|p2a: Sylveon\n|-damage|p1a: Chi-Yu|67\/100|[from] item: Life Orb\n|move|p1b: Gyarados|Taunt|p2b: Wo-Chien\n|-start|p2b: Wo-Chien|move: Taunt\n|move|p2b: Wo-Chien|Tera Blast|p1a: Chi-Yu\n|-supereffective|p1a: Chi-Yu\n|-damage|p1a: Chi-Yu|0 fnt\n|faint|p1a: Chi-Yu\n|\n|upkeep\n|turn|7\n|\n|t:|1683878715\n|move|p1b: Gyarados|Waterfall|p2b: Wo-Chien\n|-resisted|p2b: Wo-Chien\n|-damage|p2b: Wo-Chien|20\/100\n|move|p2b: Wo-Chien|Giga Drain|p1b: Gyarados\n|-damage|p1b: Gyarados|76\/100\n|-heal|p2b: Wo-Chien|33\/100|[from] drain|[of] p1b: Gyarados\n|\n|upkeep\n|turn|8\n|\n|t:|1683878724\n|move|p1b: Gyarados|Waterfall|p2b: Wo-Chien\n|-resisted|p2b: Wo-Chien\n|-damage|p2b: Wo-Chien|22\/100\n|move|p2b: Wo-Chien|Giga Drain|p1b: Gyarados\n|-damage|p1b: Gyarados|48\/100\n|-heal|p2b: Wo-Chien|37\/100|[from] drain|[of] p1b: Gyarados\n|-enditem|p1b: Gyarados|Sitrus Berry|[eat]\n|-heal|p1b: Gyarados|72\/100|[from] item: Sitrus Berry\n|\n|-end|p2b: Wo-Chien|move: Taunt\n|upkeep\n|turn|9\n|\n|t:|1683878741\n|move|p1b: Gyarados|Thunder Wave|p2b: Wo-Chien\n|-status|p2b: Wo-Chien|par\n|move|p2b: Wo-Chien|Giga Drain|p1b: Gyarados\n|-damage|p1b: Gyarados|47\/100\n|-heal|p2b: Wo-Chien|50\/100 par|[from] drain|[of] p1b: Gyarados\n|\n|upkeep\n|turn|10\n|\n|t:|1683878750\n|move|p1b: Gyarados|Waterfall|p2b: Wo-Chien\n|-resisted|p2b: Wo-Chien\n|-damage|p2b: Wo-Chien|39\/100 par\n|cant|p2b: Wo-Chien|par\n|\n|upkeep\n|turn|11\n|\n|t:|1683878760\n|move|p1b: Gyarados|Iron Head|p2b: Wo-Chien\n|-resisted|p2b: Wo-Chien\n|-damage|p2b: Wo-Chien|31\/100 par\n|move|p2b: Wo-Chien|Giga Drain|p1b: Gyarados\n|-damage|p1b: Gyarados|21\/100\n|-heal|p2b: Wo-Chien|44\/100 par|[from] drain|[of] p1b: Gyarados\n|\n|upkeep\n|turn|12\n|\n|t:|1683878770\n|move|p1b: Gyarados|Waterfall|p2b: Wo-Chien\n|-resisted|p2b: Wo-Chien\n|-damage|p2b: Wo-Chien|33\/100 par\n|cant|p2b: Wo-Chien|par\n|\n|upkeep\n|turn|13\n|\n|t:|1683878779\n|move|p1b: Gyarados|Waterfall|p2b: Wo-Chien\n|-resisted|p2b: Wo-Chien\n|-damage|p2b: Wo-Chien|21\/100 par\n|cant|p2b: Wo-Chien|flinch\n|\n|upkeep\n|turn|14\n|\n|t:|1683878786\n|move|p1b: Gyarados|Waterfall|p2b: Wo-Chien\n|-resisted|p2b: Wo-Chien\n|-damage|p2b: Wo-Chien|9\/100 par\n|cant|p2b: Wo-Chien|par\n|\n|upkeep\n|turn|15\n|\n|t:|1683878793\n|move|p1b: Gyarados|Waterfall|p2b: Wo-Chien\n|-resisted|p2b: Wo-Chien\n|-damage|p2b: Wo-Chien|0 fnt\n|faint|p2b: Wo-Chien\n|\n|win|KEerer2\n|raw|KEerer2's rating: 1236 → 1269<\/strong> (+33 for winning)\n|raw|jueduishi's rating: 1348 → 1322<\/strong> (-26 for losing)\n","uploadtime":1683878801,"views":5,"p1id":"keerer2","p2id":"jueduishi","formatid":"gen9vgc2023regulationc","rating":1269,"private":0,"password":""}