{"id":"gen9vgc2023regulationc-1862579072","p1":"LUMPECTOMY","p2":"revocolombia","format":"[Gen 9] VGC 2023 Regulation C","log":"|j|\u2606LUMPECTOMY\n|j|\u2606revocolombia\n|t:|1683902525\n|gametype|doubles\n|player|p1|LUMPECTOMY|volo|1285\n|player|p2|revocolombia|pokemonranger-gen4|1346\n|teamsize|p1|6\n|teamsize|p2|6\n|gen|9\n|tier|[Gen 9] VGC 2023 Regulation C\n|rated|\n|rule|Species Clause: Limit one of each Pok\u00e9mon\n|rule|Item Clause: Limit one of each item\n|clearpoke\n|poke|p1|Annihilape, L50, M|\n|poke|p1|Maushold-Four, L50|\n|poke|p1|Arcanine, L50, F|\n|poke|p1|Palafin, L50, F|\n|poke|p1|Amoonguss, L50, F|\n|poke|p1|Flutter Mane, L50|\n|poke|p2|Flutter Mane, L50|\n|poke|p2|Great Tusk, L50|\n|poke|p2|Dragonite, L50, F|\n|poke|p2|Chien-Pao, L50|\n|poke|p2|Murkrow, L50, F|\n|poke|p2|Gholdengo, L50|\n|teampreview|4\n|inactive|Battle timer is ON: inactive players will automatically lose when time's up. (requested by LUMPECTOMY)\n|\n|t:|1683902547\n|start\n|switch|p1a: Arcanine|Arcanine, L50, F|100\/100\n|switch|p1b: Flutter Mane|Flutter Mane, L50, shiny|100\/100\n|switch|p2a: Great Tusk|Great Tusk, L50|100\/100\n|switch|p2b: Murkrow|Murkrow, L50, F|100\/100\n|-ability|p1a: Arcanine|Intimidate|boost\n|-fail|p2a: Great Tusk|unboost|[from] item: Clear Amulet|[of] p2a: Great Tusk\n|-unboost|p2b: Murkrow|atk|1\n|turn|1\n|\n|t:|1683902572\n|-terastallize|p2a: Great Tusk|Fire\n|move|p2b: Murkrow|Tailwind|p2b: Murkrow\n|-sidestart|p2: revocolombia|move: Tailwind\n|move|p2a: Great Tusk|Earthquake|p1a: Arcanine|[spread] p1a,p1b\n|-immune|p2b: Murkrow\n|-supereffective|p1a: Arcanine\n|-damage|p1a: Arcanine|23\/100\n|-damage|p1b: Flutter Mane|27\/100\n|move|p1b: Flutter Mane|Moonblast|p2a: Great Tusk\n|-resisted|p2a: Great Tusk\n|-damage|p2a: Great Tusk|48\/100\n|move|p1a: Arcanine|Flare Blitz|p2b: Murkrow\n|-damage|p2b: Murkrow|46\/100\n|-damage|p1a: Arcanine|8\/100|[from] Recoil\n|\n|upkeep\n|turn|2\n|\n|t:|1683902595\n|-end|p1b: Flutter Mane|Protosynthesis|[silent]\n|switch|p1b: Brambilla|Maushold-Four, L50|100\/100\n|move|p1a: Arcanine|Protect|p1a: Arcanine\n|-singleturn|p1a: Arcanine|Protect\n|move|p2b: Murkrow|Sunny Day|p2b: Murkrow\n|-weather|SunnyDay\n|-activate|p2a: Great Tusk|ability: Protosynthesis\n|-start|p2a: Great Tusk|protosynthesisatk\n|move|p2a: Great Tusk|Earthquake|p1a: Arcanine|[spread] p1b\n|-activate|p1a: Arcanine|move: Protect\n|-immune|p2b: Murkrow\n|-damage|p1b: Brambilla|33\/100\n|-enditem|p1b: Brambilla|Sitrus Berry|[eat]\n|-heal|p1b: Brambilla|58\/100|[from] item: Sitrus Berry\n|\n|-weather|SunnyDay|[upkeep]\n|upkeep\n|turn|3\n|\n|t:|1683902614\n|switch|p1a: Daniele|Annihilape, L50, M|100\/100\n|move|p2b: Murkrow|Haze|p2b: Murkrow\n|-clearallboost\n|move|p2a: Great Tusk|Earthquake|p1a: Daniele|[spread] p1a,p1b\n|-immune|p2b: Murkrow\n|-damage|p1a: Daniele|60\/100\n|-damage|p1b: Brambilla|0 fnt\n|faint|p1b: Brambilla\n|\n|-weather|SunnyDay|[upkeep]\n|-heal|p1a: Daniele|66\/100|[from] item: Leftovers\n|upkeep\n|inactive|LUMPECTOMY has 30 seconds left.\n|\n|t:|1683902640\n|switch|p1b: Arcanine|Arcanine, L50, F|8\/100\n|-ability|p1b: Arcanine|Intimidate|boost\n|-fail|p2a: Great Tusk|unboost|[from] item: Clear Amulet|[of] p2a: Great Tusk\n|-unboost|p2b: Murkrow|atk|1\n|turn|4\n|\n|t:|1683902663\n|switch|p2b: Flutter Mane|Flutter Mane, L50|100\/100\n|-activate|p2b: Flutter Mane|ability: Protosynthesis\n|-start|p2b: Flutter Mane|protosynthesisspa\n|-terastallize|p1a: Daniele|Water\n|move|p1b: Arcanine|Protect|p1b: Arcanine\n|-singleturn|p1b: Arcanine|Protect\n|move|p2a: Great Tusk|Rock Slide|p1b: Arcanine|[spread] p1a\n|-activate|p1b: Arcanine|move: Protect\n|-damage|p1a: Daniele|39\/100\n|move|p1a: Daniele|Rage Fist|p2a: Great Tusk\n|-damage|p2a: Great Tusk|4\/100\n|\n|-weather|SunnyDay|[upkeep]\n|-heal|p1a: Daniele|45\/100|[from] item: Leftovers\n|-sideend|p2: revocolombia|move: Tailwind\n|upkeep\n|turn|5\n|inactive|revocolombia has 30 seconds left.\n|\n|t:|1683902691\n|move|p1a: Daniele|Protect|p1a: Daniele\n|-singleturn|p1a: Daniele|Protect\n|move|p2b: Flutter Mane|Dazzling Gleam|p1a: Daniele|[spread] p1b\n|-activate|p1a: Daniele|move: Protect\n|-resisted|p1b: Arcanine\n|-damage|p1b: Arcanine|0 fnt\n|faint|p1b: Arcanine\n|move|p2a: Great Tusk|Rock Slide|p1a: Daniele\n|-activate|p1a: Daniele|move: Protect\n|\n|-weather|SunnyDay|[upkeep]\n|-heal|p1a: Daniele|51\/100|[from] item: Leftovers\n|upkeep\n|\n|t:|1683902710\n|switch|p1b: Flutter Mane|Flutter Mane, L50, shiny|27\/100\n|-activate|p1b: Flutter Mane|ability: Protosynthesis\n|-start|p1b: Flutter Mane|protosynthesisspa\n|turn|6\n|\n|t:|1683902718\n|move|p2b: Flutter Mane|Protect|p2b: Flutter Mane\n|-singleturn|p2b: Flutter Mane|Protect\n|move|p1b: Flutter Mane|Dazzling Gleam|p2b: Flutter Mane|[spread] p2a\n|-activate|p2b: Flutter Mane|move: Protect\n|-resisted|p2a: Great Tusk\n|-damage|p2a: Great Tusk|0 fnt\n|faint|p2a: Great Tusk\n|-end|p2a: Great Tusk|Protosynthesis|[silent]\n|move|p1a: Daniele|Rage Fist|p2b: Flutter Mane\n|-activate|p2b: Flutter Mane|move: Protect\n|\n|-weather|none\n|-end|p1b: Flutter Mane|Protosynthesis\n|-end|p2b: Flutter Mane|Protosynthesis\n|-heal|p1a: Daniele|57\/100|[from] item: Leftovers\n|upkeep\n|-enditem|p2b: Flutter Mane|Booster Energy\n|-activate|p2b: Flutter Mane|ability: Protosynthesis|[fromitem]\n|-start|p2b: Flutter Mane|protosynthesisspa\n|\n|t:|1683902735\n|switch|p2a: Murkrow|Murkrow, L50, F|46\/100\n|turn|7\n|\n|t:|1683902744\n|move|p2a: Murkrow|Tailwind|p2a: Murkrow\n|-sidestart|p2: revocolombia|move: Tailwind\n|move|p2b: Flutter Mane|Dazzling Gleam|p1a: Daniele|[spread] p1a,p1b\n|-damage|p1a: Daniele|15\/100\n|-damage|p1b: Flutter Mane|0 fnt\n|faint|p1b: Flutter Mane\n|-end|p1b: Flutter Mane|Protosynthesis|[silent]\n|move|p1a: Daniele|Rage Fist|p2b: Flutter Mane\n|-supereffective|p2b: Flutter Mane\n|-damage|p2b: Flutter Mane|0 fnt\n|faint|p2b: Flutter Mane\n|-end|p2b: Flutter Mane|Protosynthesis|[silent]\n|\n|-heal|p1a: Daniele|21\/100|[from] item: Leftovers\n|upkeep\n|\n|t:|1683902758\n|switch|p2b: Chien-Pao|Chien-Pao, L50|100\/100\n|-ability|p2b: Chien-Pao|Sword of Ruin\n|turn|8\n|\n|t:|1683902773\n|move|p2a: Murkrow|Taunt|p1a: Daniele\n|-start|p1a: Daniele|move: Taunt\n|move|p2b: Chien-Pao|Sacred Sword|p1a: Daniele\n|-damage|p1a: Daniele|0 fnt\n|faint|p1a: Daniele\n|\n|win|revocolombia\n|raw|LUMPECTOMY's rating: 1285 → 1264<\/strong> (-21 for losing)\n|raw|revocolombia's rating: 1346 → 1363<\/strong> (+17 for winning)\n|l|\u2606LUMPECTOMY\n","uploadtime":1683902784,"views":8,"p1id":"lumpectomy","p2id":"revocolombia","formatid":"gen9vgc2023regulationc","rating":1264,"private":0,"password":""}