{"id":"gen9vgc2023regulationc-1848969726","p1":"Fan de Trueno","p2":"Kammala","format":"[Gen 9] VGC 2023 Regulation C","log":"|j|\u2606Fan de Trueno\n|j|\u2606Kammala\n|t:|1682132633\n|gametype|doubles\n|player|p1|Fan de Trueno|ninjaboy|1403\n|player|p2|Kammala|102|1375\n|teamsize|p1|6\n|teamsize|p2|6\n|gen|9\n|tier|[Gen 9] VGC 2023 Regulation C\n|rated|\n|rule|Species Clause: Limit one of each Pok\u00e9mon\n|rule|Item Clause: Limit one of each item\n|clearpoke\n|poke|p1|Chi-Yu, L50|\n|poke|p1|Flutter Mane, L50|\n|poke|p1|Torkoal, L50, F|\n|poke|p1|Dragonite, L50, F|\n|poke|p1|Chien-Pao, L50|\n|poke|p1|Iron Bundle, L50|\n|poke|p2|Azumarill, L50, M|\n|poke|p2|Amoonguss, L50, M|\n|poke|p2|Tauros-Paldea-Blaze, L50, M|\n|poke|p2|Ting-Lu, L50|\n|poke|p2|Baxcalibur, L50, F|\n|poke|p2|Flutter Mane, L50|\n|teampreview|4\n|inactive|Battle timer is ON: inactive players will automatically lose when time's up. (requested by Kammala)\n|inactive|Fan de Trueno also wants the timer to be on.\nFan de Trueno has agreed to open team sheets.\nKammala has agreed to open team sheets.\n|inactive|Fan de Trueno has 60 seconds left.\n|inactive|Kammala has 60 seconds left.\n|inactive|Fan de Trueno has 30 seconds left.\n|inactive|Kammala has 30 seconds left.\n|inactive|Fan de Trueno has 20 seconds left.\n|inactive|Fan de Trueno has 15 seconds left.\n|\n|t:|1682132712\n|start\n|switch|p1a: Iron Bundle|Iron Bundle, L50|100\/100\n|switch|p1b: Flutter Mane|Flutter Mane, L50|100\/100\n|switch|p2a: Ting-Lu|Ting-Lu, L50|100\/100\n|switch|p2b: Tauros|Tauros-Paldea-Blaze, L50, M|100\/100\n|-ability|p2b: Tauros|Intimidate|boost\n|-unboost|p1a: Iron Bundle|atk|1\n|-unboost|p1b: Flutter Mane|atk|1\n|-ability|p2a: Ting-Lu|Vessel of Ruin\n|-enditem|p1a: Iron Bundle|Booster Energy\n|-activate|p1a: Iron Bundle|ability: Quark Drive|[fromitem]\n|-start|p1a: Iron Bundle|quarkdrivespe\n|turn|1\n|inactive|Fan de Trueno has 30 seconds left.\n|inactive|Kammala has 30 seconds left.\n|\n|t:|1682132740\n|-terastallize|p1a: Iron Bundle|Ghost\n|-terastallize|p2a: Ting-Lu|Poison\n|move|p2b: Tauros|Protect|p2b: Tauros\n|-singleturn|p2b: Tauros|Protect\n|move|p1a: Iron Bundle|Hydro Pump|p2b: Tauros\n|-activate|p2b: Tauros|move: Protect\n|move|p1b: Flutter Mane|Moonblast|p2a: Ting-Lu\n|-resisted|p2a: Ting-Lu\n|-damage|p2a: Ting-Lu|81\/100\n|-unboost|p2a: Ting-Lu|spa|1\n|move|p2a: Ting-Lu|Stealth Rock|p1a: Iron Bundle\n|-sidestart|p1: Fan de Trueno|move: Stealth Rock\n|\n|-heal|p2a: Ting-Lu|87\/100|[from] item: Leftovers\n|upkeep\n|turn|2\n|inactive|Kammala has 30 seconds left.\n|\n|t:|1682132775\n|switch|p2b: Amoonguss|Amoonguss, L50, M|100\/100\n|move|p1a: Iron Bundle|Hydro Pump|p2a: Ting-Lu\n|-damage|p2a: Ting-Lu|60\/100\n|move|p1b: Flutter Mane|Moonblast|p2b: Amoonguss\n|-resisted|p2b: Amoonguss\n|-damage|p2b: Amoonguss|74\/100\n|move|p2a: Ting-Lu|Heavy Slam|p1b: Flutter Mane\n|-supereffective|p1b: Flutter Mane\n|-damage|p1b: Flutter Mane|0 fnt\n|faint|p1b: Flutter Mane\n|-end|p1b: Flutter Mane|Protosynthesis|[silent]\n|\n|-heal|p2a: Ting-Lu|66\/100|[from] item: Leftovers\n|upkeep\n|\n|t:|1682132788\n|switch|p1b: Chi-Yu|Chi-Yu, L50|100\/100\n|-damage|p1b: Chi-Yu|76\/100|[from] Stealth Rock\n|-ability|p1b: Chi-Yu|Beads of Ruin\n|turn|3\n|inactive|Kammala has 30 seconds left.\n|\n|t:|1682132817\n|move|p2b: Amoonguss|Protect|p2b: Amoonguss\n|-singleturn|p2b: Amoonguss|Protect\n|move|p1a: Iron Bundle|Freeze-Dry|p2a: Ting-Lu\n|-damage|p2a: Ting-Lu|40\/100\n|move|p1b: Chi-Yu|Heat Wave|p2a: Ting-Lu|[spread] \n|-activate|p2b: Amoonguss|move: Protect\n|-miss|p1b: Chi-Yu|p2a: Ting-Lu\n|move|p2a: Ting-Lu|Ruination|p1a: Iron Bundle|[miss]\n|-miss|p2a: Ting-Lu|p1a: Iron Bundle\n|\n|-heal|p2a: Ting-Lu|46\/100|[from] item: Leftovers\n|upkeep\n|turn|4\n|\n|t:|1682132838\n|switch|p2b: Tauros|Tauros-Paldea-Blaze, L50, M|100\/100\n|-ability|p2b: Tauros|Intimidate|boost\n|-unboost|p1a: Iron Bundle|atk|1\n|-unboost|p1b: Chi-Yu|atk|1\n|move|p2a: Ting-Lu|Protect|p2a: Ting-Lu\n|-singleturn|p2a: Ting-Lu|Protect\n|move|p1a: Iron Bundle|Freeze-Dry|p2a: Ting-Lu\n|-activate|p2a: Ting-Lu|move: Protect\n|move|p1b: Chi-Yu|Heat Wave|p2b: Tauros|[spread] p2b\n|-activate|p2a: Ting-Lu|move: Protect\n|-resisted|p2b: Tauros\n|-damage|p2b: Tauros|72\/100\n|\n|-heal|p2a: Ting-Lu|52\/100|[from] item: Leftovers\n|upkeep\n|turn|5\n|\n|t:|1682132857\n|move|p2b: Tauros|Protect|p2b: Tauros\n|-singleturn|p2b: Tauros|Protect\n|move|p1a: Iron Bundle|Hydro Pump|p2b: Tauros\n|-activate|p2b: Tauros|move: Protect\n|move|p1b: Chi-Yu|Heat Wave|p2a: Ting-Lu|[spread] p2a\n|-activate|p2b: Tauros|move: Protect\n|-damage|p2a: Ting-Lu|21\/100\n|move|p2a: Ting-Lu|Ruination|p1a: Iron Bundle\n|-damage|p1a: Iron Bundle|50\/100\n|\n|-heal|p2a: Ting-Lu|27\/100|[from] item: Leftovers\n|upkeep\n|turn|6\n|\n|t:|1682132880\n|move|p2a: Ting-Lu|Protect|p2a: Ting-Lu\n|-singleturn|p2a: Ting-Lu|Protect\n|move|p1a: Iron Bundle|Hydro Pump|p2b: Tauros\n|-supereffective|p2b: Tauros\n|-damage|p2b: Tauros|0 fnt\n|faint|p2b: Tauros\n|move|p1b: Chi-Yu|Heat Wave|p2a: Ting-Lu\n|-activate|p2a: Ting-Lu|move: Protect\n|\n|-heal|p2a: Ting-Lu|33\/100|[from] item: Leftovers\n|upkeep\n|\n|t:|1682132887\n|switch|p2b: Baxcalibur|Baxcalibur, L50, F|100\/100\n|turn|7\n|\n|t:|1682132907\n|move|p1a: Iron Bundle|Protect|p1a: Iron Bundle\n|-singleturn|p1a: Iron Bundle|Protect\n|move|p1b: Chi-Yu|Heat Wave|p2b: Baxcalibur|[spread] p2b\n|-miss|p1b: Chi-Yu|p2a: Ting-Lu\n|-damage|p2b: Baxcalibur|59\/100\n|-ability|p2b: Baxcalibur|Thermal Exchange|boost\n|-boost|p2b: Baxcalibur|atk|1\n|move|p2b: Baxcalibur|Icicle Crash|p1a: Iron Bundle\n|-activate|p1a: Iron Bundle|move: Protect\n|move|p2a: Ting-Lu|Heavy Slam|p1a: Iron Bundle\n|-activate|p1a: Iron Bundle|move: Protect\n|\n|-heal|p2a: Ting-Lu|39\/100|[from] item: Leftovers\n|upkeep\n|turn|8\n|\n|t:|1682132931\n|switch|p2a: Amoonguss|Amoonguss, L50, M|100\/100\n|move|p2b: Baxcalibur|Protect|p2b: Baxcalibur\n|-singleturn|p2b: Baxcalibur|Protect\n|move|p1a: Iron Bundle|Freeze-Dry|p2b: Baxcalibur\n|-activate|p2b: Baxcalibur|move: Protect\n|move|p1b: Chi-Yu|Heat Wave|p2b: Baxcalibur|[spread] p2a\n|-activate|p2b: Baxcalibur|move: Protect\n|-supereffective|p2a: Amoonguss\n|-damage|p2a: Amoonguss|14\/100\n|-status|p2a: Amoonguss|brn\n|-enditem|p2a: Amoonguss|Sitrus Berry|[eat]\n|-heal|p2a: Amoonguss|39\/100 brn|[from] item: Sitrus Berry\n|\n|-damage|p2a: Amoonguss|33\/100 brn|[from] brn\n|upkeep\n|turn|9\n|inactive|Fan de Trueno has 30 seconds left.\n|\n|t:|1682132957\n|switch|p2a: Ting-Lu|Ting-Lu, L50, tera:Poison|39\/100\n|-ability|p2a: Ting-Lu|Vessel of Ruin\n|move|p1a: Iron Bundle|Protect|p1a: Iron Bundle\n|-singleturn|p1a: Iron Bundle|Protect\n|move|p1b: Chi-Yu|Heat Wave|p2a: Ting-Lu|[spread] p2a,p2b\n|-damage|p2a: Ting-Lu|8\/100\n|-damage|p2b: Baxcalibur|14\/100\n|-status|p2a: Ting-Lu|brn\n|-ability|p2b: Baxcalibur|Thermal Exchange|boost\n|-boost|p2b: Baxcalibur|atk|1\n|move|p2b: Baxcalibur|Icicle Crash|p1b: Chi-Yu\n|-resisted|p1b: Chi-Yu\n|-damage|p1b: Chi-Yu|0 fnt\n|faint|p1b: Chi-Yu\n|\n|-heal|p2a: Ting-Lu|14\/100 brn|[from] item: Leftovers\n|-damage|p2a: Ting-Lu|8\/100 brn|[from] brn\n|upkeep\n|\n|t:|1682132971\n|switch|p1b: Torkoal|Torkoal, L50, F|100\/100\n|-damage|p1b: Torkoal|76\/100|[from] Stealth Rock\n|-weather|SunnyDay|[from] ability: Drought|[of] p1b: Torkoal\n|turn|10\n|\n|t:|1682132992\n|move|p2b: Baxcalibur|Protect|p2b: Baxcalibur\n|-singleturn|p2b: Baxcalibur|Protect\n|move|p1a: Iron Bundle|Icy Wind|p2a: Ting-Lu|[spread] p2a\n|-activate|p2b: Baxcalibur|move: Protect\n|-crit|p2a: Ting-Lu\n|-damage|p2a: Ting-Lu|0 fnt\n|faint|p2a: Ting-Lu\n|move|p1b: Torkoal|Flamethrower|p2b: Baxcalibur\n|-activate|p2b: Baxcalibur|move: Protect\n|\n|-weather|SunnyDay|[upkeep]\n|upkeep\n|\n|t:|1682132994\n|switch|p2a: Amoonguss|Amoonguss, L50, M|66\/100 brn\n|turn|11\n|inactive|Kammala has 30 seconds left.\n|\n|t:|1682133021\n|move|p2b: Baxcalibur|Protect||[still]\n|-fail|p2b: Baxcalibur\n|move|p1a: Iron Bundle|Freeze-Dry|p2a: Amoonguss\n|-supereffective|p2a: Amoonguss\n|-damage|p2a: Amoonguss|2\/100 brn\n|move|p2a: Amoonguss|Spore|p1b: Torkoal\n|-status|p1b: Torkoal|slp|[from] move: Spore\n|cant|p1b: Torkoal|slp\n|\n|-weather|SunnyDay|[upkeep]\n|-damage|p2a: Amoonguss|0 fnt|[from] brn\n|faint|p2a: Amoonguss\n|upkeep\n|turn|12\n|\n|t:|1682133036\n|move|p1a: Iron Bundle|Freeze-Dry|p2b: Baxcalibur\n|-damage|p2b: Baxcalibur|0 fnt\n|faint|p2b: Baxcalibur\n|\n|win|Fan de Trueno\n|raw|Fan de Trueno's rating: 1403 → 1421<\/strong> (+18 for winning)\n|raw|Kammala's rating: 1375 → 1357<\/strong> (-18 for losing)\n|l|\u2606Fan de Trueno\n","uploadtime":1682133050,"views":34,"p1id":"fandetrueno","p2id":"kammala","formatid":"gen9vgc2023regulationc","rating":1357,"private":0,"password":""}