{"id":"gen9vgc2023regulationc-1845768405","p1":"solodasala","p2":"tifortaf","format":"[Gen 9] VGC 2023 Regulation C","log":"|j|\u2606solodasala\n|j|\u2606tifortaf\n|t:|1681762751\n|gametype|doubles\n|player|p1|solodasala|1|1181\n|player|p2|tifortaf|1|1160\n|teamsize|p1|6\n|teamsize|p2|6\n|gen|9\n|tier|[Gen 9] VGC 2023 Regulation C\n|rated|\n|rule|Species Clause: Limit one of each Pok\u00e9mon\n|rule|Item Clause: Limit one of each item\n|clearpoke\n|poke|p1|Bronzong, L50|\n|poke|p1|Flutter Mane, L50|\n|poke|p1|Ting-Lu, L50|\n|poke|p1|Palafin, L50, F|\n|poke|p1|Amoonguss, L50, F|\n|poke|p1|Arcanine, L50, M|\n|poke|p2|Ting-Lu, L50|\n|poke|p2|Dondozo, L50, M|\n|poke|p2|Tatsugiri-Droopy, L50, F|\n|poke|p2|Glalie, L50, M|\n|poke|p2|Tauros-Paldea-Blaze, L50, M|\n|poke|p2|Mabosstiff, L50, F|\n|teampreview|4\n|\n|t:|1681762773\n|start\n|switch|p1a: Palafin|Palafin, L50, F|100\/100\n|switch|p1b: Bronzong|Bronzong, L50|100\/100\n|switch|p2a: Ting-Lu|Ting-Lu, L50|100\/100\n|switch|p2b: Glalie|Glalie, L50, M|100\/100\n|-ability|p2a: Ting-Lu|Vessel of Ruin\n|turn|1\n|\n|t:|1681762793\n|detailschange|p1a: Palafin|Palafin-Hero, L50, F\n|switch|p1a: Ting-Lu|Ting-Lu, L50|100\/100\n|-ability|p1a: Ting-Lu|Vessel of Ruin\n|move|p2b: Glalie|Substitute|p2b: Glalie\n|-start|p2b: Glalie|Substitute\n|-damage|p2b: Glalie|76\/100\n|move|p2a: Ting-Lu|Fissure|p1a: Ting-Lu\n|-damage|p1a: Ting-Lu|0 fnt\n|faint|p1a: Ting-Lu\n|-ohko\n|move|p1b: Bronzong|Trick Room|p1b: Bronzong\n|-fieldstart|move: Trick Room|[of] p1b: Bronzong\n|\n|-ability|p2b: Glalie|Moody|boost\n|-boost|p2b: Glalie|spe|2\n|-unboost|p2b: Glalie|spa|1\n|upkeep\n|\n|t:|1681762810\n|switch|p1a: Palafin|Palafin-Hero, L50, F|100\/100\n|-activate|p1a: Palafin|ability: Zero to Hero\n|turn|2\n|\n|t:|1681762823\n|move|p1a: Palafin|Jet Punch|p2a: Ting-Lu\n|-supereffective|p2a: Ting-Lu\n|-damage|p2a: Ting-Lu|59\/100\n|move|p1b: Bronzong|Iron Defense|p1b: Bronzong\n|-boost|p1b: Bronzong|def|2\n|move|p2a: Ting-Lu|Fissure|p1a: Palafin|[miss]\n|-miss|p2a: Ting-Lu|p1a: Palafin\n|move|p2b: Glalie|Sheer Cold|p1a: Palafin|[miss]\n|-miss|p2b: Glalie|p1a: Palafin\n|\n|-ability|p2b: Glalie|Moody|boost\n|-boost|p2b: Glalie|def|2\n|-unboost|p2b: Glalie|spd|1\n|upkeep\n|turn|3\n|\n|t:|1681762842\n|switch|p2a: Dondozo|Dondozo, L50, M|100\/100\n|move|p1b: Bronzong|Body Press|p2b: Glalie\n|-supereffective|p2b: Glalie\n|-end|p2b: Glalie|Substitute\n|move|p1a: Palafin|Close Combat|p2a: Dondozo\n|-damage|p2a: Dondozo|70\/100\n|-unboost|p1a: Palafin|def|1\n|-unboost|p1a: Palafin|spd|1\n|move|p2b: Glalie|Sheer Cold|p1a: Palafin\n|-damage|p1a: Palafin|0 fnt\n|faint|p1a: Palafin\n|-ohko\n|\n|-heal|p2a: Dondozo|76\/100|[from] item: Leftovers\n|-ability|p2b: Glalie|Moody|boost\n|-boost|p2b: Glalie|spa|2\n|-unboost|p2b: Glalie|spe|1\n|upkeep\n|\n|t:|1681762863\n|switch|p1a: Flutter Mane|Flutter Mane, L50|100\/100\n|turn|4\n|\n|t:|1681762887\n|switch|p2a: Ting-Lu|Ting-Lu, L50|59\/100\n|-ability|p2a: Ting-Lu|Vessel of Ruin\n|move|p1b: Bronzong|Body Press|p2b: Glalie\n|-supereffective|p2b: Glalie\n|-damage|p2b: Glalie|17\/100\n|-enditem|p2b: Glalie|Sitrus Berry|[eat]\n|-heal|p2b: Glalie|42\/100|[from] item: Sitrus Berry\n|move|p1a: Flutter Mane|Dazzling Gleam|p2b: Glalie|[spread] p2a,p2b\n|-supereffective|p2a: Ting-Lu\n|-damage|p2a: Ting-Lu|38\/100\n|-damage|p2b: Glalie|0 fnt\n|faint|p2b: Glalie\n|\n|upkeep\n|\n|t:|1681762898\n|switch|p2b: Dondozo|Dondozo, L50, M|76\/100\n|turn|5\n|\n|t:|1681762911\n|move|p1a: Flutter Mane|Protect|p1a: Flutter Mane\n|-singleturn|p1a: Flutter Mane|Protect\n|move|p1b: Bronzong|Body Press|p2a: Ting-Lu\n|-supereffective|p2a: Ting-Lu\n|-damage|p2a: Ting-Lu|0 fnt\n|faint|p2a: Ting-Lu\n|move|p2b: Dondozo|Fissure|p1a: Flutter Mane\n|-activate|p1a: Flutter Mane|move: Protect\n|\n|-heal|p2b: Dondozo|82\/100|[from] item: Leftovers\n|-fieldend|move: Trick Room\n|upkeep\n|\n|t:|1681762914\n|switch|p2a: Tatsugiri|Tatsugiri-Droopy, L50, F|100\/100\n|-activate|p2a: Tatsugiri|ability: Commander|[of] p2b: Dondozo\n|-boost|p2b: Dondozo|atk|2\n|-boost|p2b: Dondozo|spa|2\n|-boost|p2b: Dondozo|spe|2\n|-boost|p2b: Dondozo|def|2\n|-boost|p2b: Dondozo|spd|2\n|turn|6\n|\n|t:|1681762940\n|move|p1a: Flutter Mane|Shadow Ball|p2b: Dondozo\n|-damage|p2b: Dondozo|65\/100\n|move|p2b: Dondozo|Fissure|p1a: Flutter Mane\n|-enditem|p1a: Flutter Mane|Focus Sash\n|-damage|p1a: Flutter Mane|1\/100\n|move|p1b: Bronzong|Iron Defense|p1b: Bronzong\n|-boost|p1b: Bronzong|def|2\n|\n|-heal|p2b: Dondozo|71\/100|[from] item: Leftovers\n|upkeep\n|turn|7\n|\n|t:|1681762960\n|move|p1a: Flutter Mane|Protect|p1a: Flutter Mane\n|-singleturn|p1a: Flutter Mane|Protect\n|move|p2b: Dondozo|Fissure|p1b: Bronzong\n|-immune|p1b: Bronzong|[from] ability: Levitate\n|move|p1b: Bronzong|Iron Defense|p1b: Bronzong\n|-boost|p1b: Bronzong|def|2\n|\n|-heal|p2b: Dondozo|77\/100|[from] item: Leftovers\n|upkeep\n|turn|8\n|\n|t:|1681762977\n|move|p1a: Flutter Mane|Shadow Ball|p2b: Dondozo\n|-damage|p2b: Dondozo|61\/100\n|move|p2b: Dondozo|Fissure|p1b: Bronzong\n|-immune|p1b: Bronzong|[from] ability: Levitate\n|move|p1b: Bronzong|Body Press|p2b: Dondozo\n|-damage|p2b: Dondozo|54\/100\n|\n|-heal|p2b: Dondozo|60\/100|[from] item: Leftovers\n|upkeep\n|turn|9\n|\n|t:|1681762994\n|move|p1a: Flutter Mane|Dazzling Gleam|p2b: Dondozo|[spread] p2b\n|-miss|p1a: Flutter Mane|p2a: Tatsugiri\n|-damage|p2b: Dondozo|49\/100\n|move|p2b: Dondozo|Order Up|p1b: Bronzong\n|-resisted|p1b: Bronzong\n|-damage|p1b: Bronzong|88\/100\n|-boost|p2b: Dondozo|def|1\n|move|p1b: Bronzong|Body Press|p2b: Dondozo\n|-damage|p2b: Dondozo|43\/100\n|\n|-heal|p2b: Dondozo|49\/100|[from] item: Leftovers\n|-heal|p1b: Bronzong|94\/100|[from] item: Leftovers\n|upkeep\n|turn|10\n|\n|t:|1681763015\n|move|p1a: Flutter Mane|Shadow Ball|p2b: Dondozo\n|-damage|p2b: Dondozo|33\/100\n|move|p2b: Dondozo|Rest|p2b: Dondozo\n|-status|p2b: Dondozo|slp|[from] move: Rest\n|-heal|p2b: Dondozo|100\/100 slp|[silent]\n|move|p1b: Bronzong|Body Press|p2b: Dondozo\n|-damage|p2b: Dondozo|94\/100 slp\n|\n|-heal|p2b: Dondozo|100\/100 slp|[from] item: Leftovers\n|-heal|p1b: Bronzong|99\/100|[from] item: Leftovers\n|upkeep\n|turn|11\n|\n|t:|1681763037\n|move|p1a: Flutter Mane|Shadow Ball|p2b: Dondozo\n|-damage|p2b: Dondozo|84\/100 slp\n|cant|p2b: Dondozo|slp\n|move|p1b: Bronzong|Body Press|p2b: Dondozo\n|-crit|p2b: Dondozo\n|-damage|p2b: Dondozo|62\/100 slp\n|\n|-heal|p2b: Dondozo|68\/100 slp|[from] item: Leftovers\n|-heal|p1b: Bronzong|100\/100|[from] item: Leftovers\n|upkeep\n|turn|12\n|\n|t:|1681763052\n|move|p1a: Flutter Mane|Shadow Ball|p2b: Dondozo\n|-damage|p2b: Dondozo|53\/100 slp\n|cant|p2b: Dondozo|slp\n|move|p1b: Bronzong|Body Press|p2b: Dondozo\n|-damage|p2b: Dondozo|47\/100 slp\n|\n|-heal|p2b: Dondozo|53\/100 slp|[from] item: Leftovers\n|upkeep\n|turn|13\n|\n|t:|1681763066\n|move|p1a: Flutter Mane|Shadow Ball|p2b: Dondozo\n|-damage|p2b: Dondozo|37\/100 slp\n|-curestatus|p2b: Dondozo|slp|[msg]\n|move|p2b: Dondozo|Rest|p2b: Dondozo\n|-status|p2b: Dondozo|slp|[from] move: Rest\n|-heal|p2b: Dondozo|100\/100 slp|[silent]\n|move|p1b: Bronzong|Body Press|p2b: Dondozo\n|-damage|p2b: Dondozo|95\/100 slp\n|\n|-heal|p2b: Dondozo|100\/100 slp|[from] item: Leftovers\n|upkeep\n|turn|14\n|\n|t:|1681763084\n|move|p1a: Flutter Mane|Shadow Ball|p2b: Dondozo\n|-damage|p2b: Dondozo|86\/100 slp\n|cant|p2b: Dondozo|slp\n|move|p2b: Dondozo|Sleep Talk|p2b: Dondozo\n|move|p2b: Dondozo|Order Up|p1b: Bronzong|[from]move: Sleep Talk\n|-resisted|p1b: Bronzong\n|-damage|p1b: Bronzong|86\/100\n|-boost|p2b: Dondozo|def|1\n|move|p1b: Bronzong|Body Press|p2b: Dondozo\n|-damage|p2b: Dondozo|81\/100 slp\n|\n|-heal|p2b: Dondozo|87\/100 slp|[from] item: Leftovers\n|-heal|p1b: Bronzong|92\/100|[from] item: Leftovers\n|upkeep\n|turn|15\n|\n|t:|1681763109\n|move|p1a: Flutter Mane|Shadow Ball|p2b: Dondozo\n|-damage|p2b: Dondozo|72\/100 slp\n|-unboost|p2b: Dondozo|spd|1\n|cant|p2b: Dondozo|slp\n|move|p1b: Bronzong|Body Press|p2b: Dondozo\n|-damage|p2b: Dondozo|67\/100 slp\n|\n|-heal|p2b: Dondozo|73\/100 slp|[from] item: Leftovers\n|-heal|p1b: Bronzong|98\/100|[from] item: Leftovers\n|upkeep\n|turn|16\n|\n|t:|1681763125\n|move|p1a: Flutter Mane|Shadow Ball|p2b: Dondozo\n|-crit|p2b: Dondozo\n|-damage|p2b: Dondozo|28\/100 slp\n|-unboost|p2b: Dondozo|spd|1\n|-curestatus|p2b: Dondozo|slp|[msg]\n|move|p2b: Dondozo|Order Up|p1b: Bronzong\n|-resisted|p1b: Bronzong\n|-damage|p1b: Bronzong|84\/100\n|-boost|p2b: Dondozo|def|1\n|move|p1b: Bronzong|Body Press|p2b: Dondozo\n|-damage|p2b: Dondozo|24\/100\n|\n|-heal|p2b: Dondozo|30\/100|[from] item: Leftovers\n|-heal|p1b: Bronzong|90\/100|[from] item: Leftovers\n|upkeep\n|turn|17\n|\n|t:|1681763144\n|move|p1a: Flutter Mane|Shadow Ball|p2b: Dondozo\n|-crit|p2b: Dondozo\n|-damage|p2b: Dondozo|0 fnt\n|faint|p2b: Dondozo\n|move|p1b: Bronzong|Body Press|p2a: Tatsugiri\n|-damage|p2a: Tatsugiri|0 fnt\n|faint|p2a: Tatsugiri\n|\n|win|solodasala\n|raw|solodasala's rating: 1181 → 1204<\/strong> (+23 for winning)\n|raw|tifortaf's rating: 1160 → 1137<\/strong> (-23 for losing)\n|l|\u2606tifortaf\n","uploadtime":1681763155,"views":8,"p1id":"solodasala","p2id":"tifortaf","formatid":"gen9vgc2023regulationc","rating":1137,"private":0,"password":""}