{"id":"gen9vgc2023regulationc-1859049751","p1":"KevinATL","p2":"Kyle Carlx","format":"[Gen 9] VGC 2023 Regulation C","log":"|j|\u2606KevinATL\n|j|\u2606Kyle Carlx\n|t:|1683398546\n|gametype|doubles\n|player|p1|KevinATL|2|\n|player|p2|Kyle Carlx|clay|\n|teamsize|p1|6\n|teamsize|p2|6\n|gen|9\n|tier|[Gen 9] VGC 2023 Regulation C\n|rule|Species Clause: Limit one of each Pok\u00e9mon\n|rule|Item Clause: Limit one of each item\n|clearpoke\n|poke|p1|Palafin, L50, M|\n|poke|p1|Scream Tail, L50|\n|poke|p1|Flutter Mane, L50|\n|poke|p1|Amoonguss, L50, F|\n|poke|p1|Arcanine, L50, F|\n|poke|p1|Gothitelle, L50, F|\n|poke|p2|Flutter Mane, L50|\n|poke|p2|Dragonite, L50, M|\n|poke|p2|Chien-Pao, L50|\n|poke|p2|Dondozo, L50, F|\n|poke|p2|Tatsugiri, L50, F|\n|poke|p2|Iron Hands, L50|\n|teampreview|4\n|c|\u2606Kyle Carlx|Gl\nKevinATL rejected open team sheets.\n|c|\u2606KevinATL|manda el lin\n|c|\u2606KevinATL|listo\n|c|\u2606KevinATL|jsdkajsd\n|j| KaesyGard\n|c| KaesyGard|suerte\n|c| KaesyGard|empiezen\n|c|\u2606KevinATL|estoy esperando a mi compi\n|j| Haxu5\n|c| KaesyGard|mientras llegue hoy\n|c| KaesyGard|xD\n|c|\u2606KevinATL|ksajkdsajd\n|c|\u2606Kyle Carlx|Puede empezar?\n|c|\u2606KevinATL|calm\n|c|\u2606KevinATL|please\n|c|\u2606KevinATL|uwu\n|\n|t:|1683398744\n|start\n|switch|p1a: AWOOOOOOOOOO|Arcanine, L50, F|100\/100\n|switch|p1b: INEEDAHERO|Palafin, L50, M|100\/100\n|switch|p2a: Flutter Mane|Flutter Mane, L50, shiny|100\/100\n|switch|p2b: Chien-Pao|Chien-Pao, L50|100\/100\n|-ability|p2b: Chien-Pao|Sword of Ruin\n|-ability|p1a: AWOOOOOOOOOO|Intimidate|boost\n|-unboost|p2a: Flutter Mane|atk|1\n|-unboost|p2b: Chien-Pao|atk|1\n|-enditem|p2a: Flutter Mane|Booster Energy\n|-activate|p2a: Flutter Mane|ability: Protosynthesis|[fromitem]\n|-start|p2a: Flutter Mane|protosynthesisspa\n|turn|1\n|\n|t:|1683398797\n|switch|p2b: Iron Hands|Iron Hands, L50|100\/100\n|detailschange|p1b: INEEDAHERO|Palafin-Hero, L50, M\n|switch|p1b: AMOGUS|Amoonguss, L50, F|100\/100\n|move|p1a: AWOOOOOOOOOO|Extreme Speed|p2a: Flutter Mane\n|-immune|p2a: Flutter Mane\n|move|p2a: Flutter Mane|Shadow Ball|p1a: AWOOOOOOOOOO\n|-damage|p1a: AWOOOOOOOOOO|29\/100\n|\n|upkeep\n|turn|2\n|c|\u2606Kyle Carlx|Puedes darle\n|c|\u2606KevinATL|tranquilo hermano\n|c|\u2606KevinATL|sakdjaskdj\n|\n|t:|1683398888\n|move|p1a: AWOOOOOOOOOO|Protect|p1a: AWOOOOOOOOOO\n|-singleturn|p1a: AWOOOOOOOOOO|Protect\n|move|p2b: Iron Hands|Fake Out|p1a: AWOOOOOOOOOO\n|-activate|p1a: AWOOOOOOOOOO|move: Protect\n|move|p2a: Flutter Mane|Substitute|p2a: Flutter Mane\n|-start|p2a: Flutter Mane|Substitute\n|-damage|p2a: Flutter Mane|76\/100\n|move|p1b: AMOGUS|Spore|p2b: Iron Hands\n|-status|p2b: Iron Hands|slp|[from] move: Spore\n|\n|upkeep\n|turn|3\n|c| KaesyGard|kyle relax\n|\n|t:|1683398909\n|move|p1a: AWOOOOOOOOOO|Extreme Speed|p2a: Flutter Mane\n|-immune|p2a: Flutter Mane\n|move|p2a: Flutter Mane|Shadow Ball|p1a: AWOOOOOOOOOO\n|-damage|p1a: AWOOOOOOOOOO|0 fnt\n|faint|p1a: AWOOOOOOOOOO\n|cant|p2b: Iron Hands|slp\n|move|p1b: AMOGUS|Pollen Puff|p1: AWOOOOOOOOOO|[notarget]\n|-fail|p1b: AMOGUS\n|\n|upkeep\n|c|\u2606KevinATL|pq me suena que el sustituto se puede romper a pesar del tipo\n|c|\u2606KevinATL|lpm\n|\n|t:|1683398938\n|switch|p1a: AAAAAAAAAAAA|Scream Tail, L50, shiny|100\/100\n|-enditem|p1a: AAAAAAAAAAAA|Booster Energy\n|-activate|p1a: AAAAAAAAAAAA|ability: Protosynthesis|[fromitem]\n|-start|p1a: AAAAAAAAAAAA|protosynthesisspe\n|turn|4\n|c| KaesyGard|es inmune jeje\n|c|\u2606Kyle Carlx|Vaya diferencia con los otros\n|\n|t:|1683398974\n|move|p1b: AMOGUS|Rage Powder|p1b: AMOGUS\n|-singleturn|p1b: AMOGUS|move: Rage Powder\n|move|p1a: AAAAAAAAAAAA|Play Rough|p2b: Iron Hands\n|-supereffective|p2b: Iron Hands\n|-damage|p2b: Iron Hands|69\/100 slp\n|move|p2a: Flutter Mane|Shadow Ball|p1b: AMOGUS\n|-damage|p1b: AMOGUS|56\/100\n|cant|p2b: Iron Hands|slp\n|\n|upkeep\n|turn|5\n|c| KaesyGard|kyle tranquilo\n|c| KaesyGard|xD\n|c| KaesyGard|respeto ante todo\n|\n|t:|1683399034\n|-terastallize|p2b: Iron Hands|Grass\n|move|p1b: AMOGUS|Protect|p1b: AMOGUS\n|-singleturn|p1b: AMOGUS|Protect\n|move|p1a: AAAAAAAAAAAA|Disable|p2a: Flutter Mane\n|-start|p2a: Flutter Mane|Disable|Shadow Ball\n|cant|p2a: Flutter Mane|Disable|Shadow Ball\n|cant|p2b: Iron Hands|slp\n|\n|upkeep\n|turn|6\n|\n|t:|1683399068\n|move|p1a: AAAAAAAAAAAA|Play Rough|p2a: Flutter Mane\n|-end|p2a: Flutter Mane|Substitute\n|move|p2a: Flutter Mane|Moonblast|p1a: AAAAAAAAAAAA\n|-damage|p1a: AAAAAAAAAAAA|54\/100\n|-curestatus|p2b: Iron Hands|slp|[msg]\n|move|p2b: Iron Hands|Wild Charge|p1a: AAAAAAAAAAAA\n|-damage|p1a: AAAAAAAAAAAA|15\/100\n|-damage|p2b: Iron Hands|59\/100|[from] Recoil\n|move|p1b: AMOGUS|Spore|p2a: Flutter Mane\n|-status|p2a: Flutter Mane|slp|[from] move: Spore\n|\n|upkeep\n|turn|7\n|\n|t:|1683399126\n|move|p1a: AAAAAAAAAAAA|Disable|p2b: Iron Hands\n|-start|p2b: Iron Hands|Disable|Wild Charge\n|cant|p2a: Flutter Mane|slp\n|move|p2b: Iron Hands|Volt Switch|p1a: AAAAAAAAAAAA\n|-damage|p1a: AAAAAAAAAAAA|6\/100\n|\n|t:|1683399143\n|-end|p2b: Iron Hands|Quark Drive|[silent]\n|switch|p2b: Chien-Pao|Chien-Pao, L50|100\/100|[from] Volt Switch\n|-ability|p2b: Chien-Pao|Sword of Ruin\n|move|p1b: AMOGUS|Pollen Puff|p1a: AAAAAAAAAAAA\n|-heal|p1a: AAAAAAAAAAAA|56\/100\n|\n|upkeep\n|turn|8\n|\n|t:|1683399163\n|move|p2b: Chien-Pao|Protect|p2b: Chien-Pao\n|-singleturn|p2b: Chien-Pao|Protect\n|move|p1a: AAAAAAAAAAAA|Play Rough|p2b: Chien-Pao\n|-activate|p2b: Chien-Pao|move: Protect\n|cant|p2a: Flutter Mane|slp\n|move|p1b: AMOGUS|Pollen Puff|p2b: Chien-Pao\n|-activate|p2b: Chien-Pao|move: Protect\n|\n|-end|p2a: Flutter Mane|Disable\n|upkeep\n|turn|9\n|\n|t:|1683399216\n|-terastallize|p1a: AAAAAAAAAAAA|Steel\n|move|p1a: AAAAAAAAAAAA|Play Rough|p2b: Chien-Pao|[miss]\n|-miss|p1a: AAAAAAAAAAAA|p2b: Chien-Pao\n|move|p2b: Chien-Pao|Ice Spinner|p1b: AMOGUS\n|-supereffective|p1b: AMOGUS\n|-damage|p1b: AMOGUS|0 fnt\n|faint|p1b: AMOGUS\n|-curestatus|p2a: Flutter Mane|slp|[msg]\n|move|p2a: Flutter Mane|Shadow Ball|p1a: AAAAAAAAAAAA\n|-damage|p1a: AAAAAAAAAAAA|20\/100\n|-unboost|p1a: AAAAAAAAAAAA|spd|1\n|\n|upkeep\n|\n|t:|1683399227\n|switch|p1b: INEEDAHERO|Palafin-Hero, L50, M|100\/100\n|-activate|p1b: INEEDAHERO|ability: Zero to Hero\n|turn|10\n|\n|t:|1683399285\n|move|p2a: Flutter Mane|Protect|p2a: Flutter Mane\n|-singleturn|p2a: Flutter Mane|Protect\n|move|p2b: Chien-Pao|Sucker Punch||[still]\n|-fail|p2b: Chien-Pao\n|move|p1b: INEEDAHERO|Jet Punch|p2a: Flutter Mane\n|-activate|p2a: Flutter Mane|move: Protect\n|move|p1a: AAAAAAAAAAAA|Disable|p2a: Flutter Mane\n|-activate|p2a: Flutter Mane|move: Protect\n|\n|upkeep\n|turn|11\n|\n|t:|1683399341\n|move|p1a: AAAAAAAAAAAA|Protect|p1a: AAAAAAAAAAAA\n|-singleturn|p1a: AAAAAAAAAAAA|Protect\n|move|p1b: INEEDAHERO|Jet Punch|p2a: Flutter Mane\n|-damage|p2a: Flutter Mane|0 fnt\n|faint|p2a: Flutter Mane\n|-end|p2a: Flutter Mane|Protosynthesis|[silent]\n|move|p2b: Chien-Pao|Sacred Sword|p1a: AAAAAAAAAAAA\n|-activate|p1a: AAAAAAAAAAAA|move: Protect\n|\n|upkeep\n|\n|t:|1683399346\n|switch|p2a: Dragonite|Dragonite, L50, M|100\/100\n|turn|12\n|\n|t:|1683399405\n|move|p1b: INEEDAHERO|Protect|p1b: INEEDAHERO\n|-singleturn|p1b: INEEDAHERO|Protect\n|move|p2a: Dragonite|Extreme Speed|p1b: INEEDAHERO\n|-activate|p1b: INEEDAHERO|move: Protect\n|move|p2b: Chien-Pao|Sucker Punch|p1a: AAAAAAAAAAAA\n|-damage|p1a: AAAAAAAAAAAA|0 fnt\n|faint|p1a: AAAAAAAAAAAA\n|-end|p1a: AAAAAAAAAAAA|Protosynthesis|[silent]\n|\n|upkeep\n|turn|13\n|c|\u2606Kyle Carlx|Por fin se acaba dios bendito\n|\n|t:|1683399448\n|move|p2a: Dragonite|Extreme Speed|p1b: INEEDAHERO\n|-damage|p1b: INEEDAHERO|43\/100\n|move|p2b: Chien-Pao|Sucker Punch|p1b: INEEDAHERO\n|-damage|p1b: INEEDAHERO|0 fnt\n|faint|p1b: INEEDAHERO\n|\n|win|Kyle Carlx\n|c| KaesyGard|suban repeticion cuando terminen\n|l|\u2606KevinATL\n|c|\u2606Kyle Carlx|Voy bro\n","uploadtime":1683399466,"views":19,"p1id":"kevinatl","p2id":"kylecarlx","formatid":"gen9vgc2023regulationc","rating":0,"private":0,"password":""}