{"id":"gen9vgc2023regulationc-1856548642","p1":"hhy6","p2":"PoGoboy","format":"[Gen 9] VGC 2023 Regulation C","log":"|j|\u2606hhy6\n|j|\u2606PoGoboy\n|t:|1683074430\n|gametype|doubles\n|player|p1|hhy6|102|1051\n|player|p2|PoGoboy|rika|1077\n|teamsize|p1|6\n|teamsize|p2|6\n|gen|9\n|tier|[Gen 9] VGC 2023 Regulation C\n|rated|\n|rule|Species Clause: Limit one of each Pok\u00e9mon\n|rule|Item Clause: Limit one of each item\n|clearpoke\n|poke|p1|Torkoal, L50, M|\n|poke|p1|Chi-Yu, L50|\n|poke|p1|Bronzong, L50|\n|poke|p1|Gastrodon, L50, F|\n|poke|p1|Grimmsnarl, L50, M|\n|poke|p1|Skeledirge, L50, F|\n|poke|p2|Lycanroc, L50, F|\n|poke|p2|Klefki, L50, M|\n|poke|p2|Corviknight, L50, M|\n|poke|p2|Garchomp, L50, F|\n|poke|p2|Dragonite, L50, M|\n|poke|p2|Coalossal, L50, F|\n|teampreview|4\n|inactive|Battle timer is ON: inactive players will automatically lose when time's up. (requested by PoGoboy)\n|\n|t:|1683074450\n|start\n|switch|p1a: Grimmsnarl|Grimmsnarl, L50, M|100\/100\n|switch|p1b: Bronzong|Bronzong, L50|100\/100\n|switch|p2a: King Dragonite|Dragonite, L50, M|100\/100\n|switch|p2b: Chef Campfire|Coalossal, L50, F|100\/100\n|turn|1\n|\n|t:|1683074464\n|-terastallize|p2b: Chef Campfire|Fire\n|move|p1a: Grimmsnarl|Fake Out|p2b: Chef Campfire\n|-damage|p2b: Chef Campfire|89\/100\n|move|p2a: King Dragonite|Aqua Jet|p2b: Chef Campfire\n|-supereffective|p2b: Chef Campfire\n|-damage|p2b: Chef Campfire|70\/100\n|-ability|p2b: Chef Campfire|Steam Engine|boost\n|-boost|p2b: Chef Campfire|spe|6\n|-enditem|p2b: Chef Campfire|Weakness Policy\n|-boost|p2b: Chef Campfire|atk|2|[from] item: Weakness Policy\n|-boost|p2b: Chef Campfire|spa|2|[from] item: Weakness Policy\n|cant|p2b: Chef Campfire|flinch\n|move|p1b: Bronzong|Trick Room|p1b: Bronzong\n|-fieldstart|move: Trick Room|[of] p1b: Bronzong\n|\n|upkeep\n|turn|2\n|inactive|hhy6 has 30 seconds left.\n|inactive|hhy6 has 20 seconds left.\n|\n|t:|1683074504\n|move|p1a: Grimmsnarl|Trick|p2a: King Dragonite\n|-activate|p1a: Grimmsnarl|move: Trick|[of] p2a: King Dragonite\n|-item|p2a: King Dragonite|Lagging Tail|[from] move: Trick\n|-item|p1a: Grimmsnarl|Lum Berry|[from] move: Trick\n|move|p1b: Bronzong|Stomping Tantrum|p2b: Chef Campfire\n|-supereffective|p2b: Chef Campfire\n|-damage|p2b: Chef Campfire|42\/100\n|move|p2a: King Dragonite|Ice Spinner|p1a: Grimmsnarl\n|-damage|p1a: Grimmsnarl|74\/100\n|move|p2b: Chef Campfire|Heat Wave|p1b: Bronzong|[spread] p1a,p1b\n|-supereffective|p1b: Bronzong\n|-damage|p1a: Grimmsnarl|0 fnt\n|-damage|p1b: Bronzong|0 fnt\n|faint|p1a: Grimmsnarl\n|faint|p1b: Bronzong\n|\n|upkeep\n|\n|t:|1683074507\n|switch|p1b: Gastrodon|Gastrodon, L50, F|100\/100\n|switch|p1a: Skeledirge|Skeledirge, L50, F|100\/100\n|turn|3\n|\n|t:|1683074530\n|move|p2b: Chef Campfire|Protect|p2b: Chef Campfire\n|-singleturn|p2b: Chef Campfire|Protect\n|move|p1b: Gastrodon|Earth Power|p2b: Chef Campfire\n|-activate|p2b: Chef Campfire|move: Protect\n|move|p1a: Skeledirge|Encore|p2a: King Dragonite\n|-start|p2a: King Dragonite|Encore\n|move|p2a: King Dragonite|Ice Spinner|p1a: Skeledirge\n|-resisted|p1a: Skeledirge\n|-damage|p1a: Skeledirge|91\/100\n|\n|-heal|p1a: Skeledirge|97\/100|[from] item: Leftovers\n|upkeep\n|turn|4\n|\n|t:|1683074544\n|move|p1b: Gastrodon|Earth Power|p2b: Chef Campfire\n|-supereffective|p2b: Chef Campfire\n|-damage|p2b: Chef Campfire|0 fnt\n|faint|p2b: Chef Campfire\n|move|p1a: Skeledirge|Torch Song|p2a: King Dragonite\n|-resisted|p2a: King Dragonite\n|-damage|p2a: King Dragonite|93\/100\n|-boost|p1a: Skeledirge|spa|1\n|move|p2a: King Dragonite|Ice Spinner|p1b: Gastrodon\n|-damage|p1b: Gastrodon|71\/100\n|\n|-heal|p1a: Skeledirge|100\/100|[from] item: Leftovers\n|upkeep\n|inactive|PoGoboy has 30 seconds left.\n|\n|t:|1683074578\n|switch|p2b: Reginald Key|Klefki, L50, M, shiny|100\/100\n|turn|5\n|\n|t:|1683074598\n|move|p2b: Reginald Key|Light Screen|p2b: Reginald Key\n|-sidestart|p2: PoGoboy|move: Light Screen\n|move|p1b: Gastrodon|Earth Power|p2b: Reginald Key\n|-supereffective|p2b: Reginald Key\n|-damage|p2b: Reginald Key|52\/100\n|move|p1a: Skeledirge|Encore|p2b: Reginald Key\n|-start|p2b: Reginald Key|Encore\n|move|p2a: King Dragonite|Ice Spinner|p1b: Gastrodon\n|-damage|p1b: Gastrodon|44\/100\n|\n|-end|p2a: King Dragonite|Encore\n|-fieldend|move: Trick Room\n|upkeep\n|turn|6\n|\n|t:|1683074619\n|switch|p2b: General Sandstorm|Lycanroc, L50, F, shiny|100\/100\n|move|p1b: Gastrodon|Protect|p1b: Gastrodon\n|-singleturn|p1b: Gastrodon|Protect\n|move|p1a: Skeledirge|Encore|p2a: King Dragonite\n|-start|p2a: King Dragonite|Encore\n|move|p2a: King Dragonite|Ice Spinner|p1a: Skeledirge\n|-resisted|p1a: Skeledirge\n|-damage|p1a: Skeledirge|91\/100\n|\n|-heal|p1a: Skeledirge|97\/100|[from] item: Leftovers\n|upkeep\n|turn|7\n|\n|t:|1683074636\n|-terastallize|p1a: Skeledirge|Fairy\n|move|p2b: General Sandstorm|Rock Slide|p1b: Gastrodon|[spread] p1a,p1b\n|-resisted|p1b: Gastrodon\n|-damage|p1a: Skeledirge|58\/100\n|-damage|p1b: Gastrodon|16\/100\n|move|p1a: Skeledirge|Tera Blast|p2b: General Sandstorm\n|-damage|p2b: General Sandstorm|30\/100\n|move|p1b: Gastrodon|Earth Power|p2b: General Sandstorm\n|-supereffective|p2b: General Sandstorm\n|-damage|p2b: General Sandstorm|0 fnt\n|faint|p2b: General Sandstorm\n|move|p2a: King Dragonite|Ice Spinner|p1b: Gastrodon\n|-damage|p1b: Gastrodon|0 fnt\n|faint|p1b: Gastrodon\n|\n|-heal|p1a: Skeledirge|63\/100|[from] item: Leftovers\n|upkeep\n|\n|t:|1683074640\n|switch|p2b: Reginald Key|Klefki, L50, M, shiny|52\/100\n|turn|8\n|\n|t:|1683074649\n|move|p1a: Skeledirge|Protect|p1a: Skeledirge\n|-singleturn|p1a: Skeledirge|Protect\n|move|p2b: Reginald Key|Dazzling Gleam|p1a: Skeledirge\n|-activate|p1a: Skeledirge|move: Protect\n|move|p2a: King Dragonite|Ice Spinner|p1a: Skeledirge\n|-activate|p1a: Skeledirge|move: Protect\n|\n|-heal|p1a: Skeledirge|69\/100|[from] item: Leftovers\n|-end|p2a: King Dragonite|Encore\n|upkeep\n|turn|9\n|\n|t:|1683074655\n|move|p2b: Reginald Key|Dazzling Gleam|p1a: Skeledirge\n|-damage|p1a: Skeledirge|45\/100\n|move|p1a: Skeledirge|Torch Song|p2b: Reginald Key\n|-supereffective|p2b: Reginald Key\n|-damage|p2b: Reginald Key|0 fnt\n|-boost|p1a: Skeledirge|spa|1\n|faint|p2b: Reginald Key\n|move|p2a: King Dragonite|Ice Spinner|p1a: Skeledirge\n|-damage|p1a: Skeledirge|26\/100\n|\n|-heal|p1a: Skeledirge|31\/100|[from] item: Leftovers\n|upkeep\n|turn|10\n|\n|t:|1683074662\n|move|p1a: Skeledirge|Protect|p1a: Skeledirge\n|-singleturn|p1a: Skeledirge|Protect\n|move|p2a: King Dragonite|Ice Spinner|p1a: Skeledirge\n|-activate|p1a: Skeledirge|move: Protect\n|\n|-heal|p1a: Skeledirge|37\/100|[from] item: Leftovers\n|upkeep\n|turn|11\n|\n|t:|1683074668\n|move|p1a: Skeledirge|Tera Blast|p2a: King Dragonite\n|-supereffective|p2a: King Dragonite\n|-damage|p2a: King Dragonite|20\/100\n|move|p2a: King Dragonite|Ice Spinner|p1a: Skeledirge\n|-damage|p1a: Skeledirge|18\/100\n|\n|-heal|p1a: Skeledirge|24\/100|[from] item: Leftovers\n|upkeep\n|turn|12\n|-message|PoGoboy forfeited.\n|\n|win|hhy6\n|raw|hhy6's rating: 1051 → 1084<\/strong> (+33 for winning)\n|raw|PoGoboy's rating: 1054 → 1036<\/strong> (-18 for losing)\n|l|\u2606PoGoboy\n","uploadtime":1683074683,"views":13,"p1id":"hhy6","p2id":"pogoboy","formatid":"gen9vgc2023regulationc","rating":1036,"private":0,"password":""}