{"id":"gen9vgc2023regulationc-1846355764","p1":"TZ111","p2":"Mess in Distress","format":"[Gen 9] VGC 2023 Regulation C","log":"|j|\u2606TZ111\n|j|\u2606Mess in Distress\n|t:|1681834240\n|gametype|doubles\n|player|p1|TZ111|steven|1599\n|player|p2|Mess in Distress|iono|1495\n|teamsize|p1|6\n|teamsize|p2|6\n|gen|9\n|tier|[Gen 9] VGC 2023 Regulation C\n|rated|\n|rule|Species Clause: Limit one of each Pok\u00e9mon\n|rule|Item Clause: Limit one of each item\n|clearpoke\n|poke|p1|Pelipper, L50, M|\n|poke|p1|Kingambit, L50, M|\n|poke|p1|Amoonguss, L50, M|\n|poke|p1|Iron Hands, L50|\n|poke|p1|Baxcalibur, L50, F|\n|poke|p1|Drednaw, L50, M|\n|poke|p2|Flutter Mane, L50|\n|poke|p2|Ting-Lu, L50|\n|poke|p2|Ceruledge, L50, F|\n|poke|p2|Gyarados, L50, M|\n|poke|p2|Amoonguss, L50, M|\n|poke|p2|Iron Hands, L50|\n|teampreview|4\n|\n|t:|1681834286\n|start\n|switch|p1a: Kingambit|Kingambit, L50, M|100\/100\n|switch|p1b: Iron Hands|Iron Hands, L50|100\/100\n|switch|p2a: Amoonguss|Amoonguss, L50, M|100\/100\n|switch|p2b: Flutter Mane|Flutter Mane, L50|100\/100\n|-enditem|p2b: Flutter Mane|Booster Energy\n|-activate|p2b: Flutter Mane|ability: Protosynthesis|[fromitem]\n|-start|p2b: Flutter Mane|protosynthesisspa\n|turn|1\n|\n|t:|1681834312\n|move|p1b: Iron Hands|Fake Out|p2a: Amoonguss\n|-damage|p2a: Amoonguss|88\/100\n|-damage|p1b: Iron Hands|84\/100|[from] item: Rocky Helmet|[of] p2a: Amoonguss\n|cant|p2a: Amoonguss|flinch\n|move|p2b: Flutter Mane|Moonblast|p1b: Iron Hands\n|-supereffective|p1b: Iron Hands\n|-damage|p1b: Iron Hands|0 fnt\n|faint|p1b: Iron Hands\n|-end|p1b: Iron Hands|Quark Drive|[silent]\n|move|p1a: Kingambit|Kowtow Cleave|p2a: Amoonguss\n|-damage|p2a: Amoonguss|47\/100\n|-damage|p1a: Kingambit|84\/100|[from] item: Rocky Helmet|[of] p2a: Amoonguss\n|\n|upkeep\n|\n|t:|1681834327\n|switch|p1b: Pelipper|Pelipper, L50, M|100\/100\n|-weather|RainDance|[from] ability: Drizzle|[of] p1b: Pelipper\n|turn|2\n|\n|t:|1681834383\n|switch|p2a: Ceruledge|Ceruledge, L50, F|100\/100\n|-terastallize|p1a: Kingambit|Flying\n|move|p2b: Flutter Mane|Protect|p2b: Flutter Mane\n|-singleturn|p2b: Flutter Mane|Protect\n|move|p1b: Pelipper|Protect|p1b: Pelipper\n|-singleturn|p1b: Pelipper|Protect\n|move|p1a: Kingambit|Tera Blast|p2a: Ceruledge\n|-damage|p2a: Ceruledge|57\/100\n|\n|-weather|RainDance|[upkeep]\n|upkeep\n|turn|3\n|\n|t:|1681834402\n|switch|p2a: Amoonguss|Amoonguss, L50, M|80\/100\n|move|p2b: Flutter Mane|Moonblast|p1a: Kingambit\n|-damage|p1a: Kingambit|40\/100\n|move|p1b: Pelipper|Hydro Pump|p2a: Amoonguss|[miss]\n|-miss|p1b: Pelipper|p2a: Amoonguss\n|move|p1a: Kingambit|Iron Head|p2b: Flutter Mane\n|-supereffective|p2b: Flutter Mane\n|-damage|p2b: Flutter Mane|0 fnt\n|faint|p2b: Flutter Mane\n|-end|p2b: Flutter Mane|Protosynthesis|[silent]\n|\n|-weather|RainDance|[upkeep]\n|upkeep\n|\n|t:|1681834415\n|switch|p2b: Ting-Lu|Ting-Lu, L50|100\/100\n|-ability|p2b: Ting-Lu|Vessel of Ruin\n|turn|4\n|\n|t:|1681834424\n|-terastallize|p2a: Amoonguss|Water\n|move|p2a: Amoonguss|Rage Powder|p2a: Amoonguss\n|-singleturn|p2a: Amoonguss|move: Rage Powder\n|move|p1b: Pelipper|Hydro Pump|p2a: Amoonguss\n|-resisted|p2a: Amoonguss\n|-damage|p2a: Amoonguss|61\/100\n|move|p1a: Kingambit|Tera Blast|p2a: Amoonguss\n|-damage|p2a: Amoonguss|27\/100\n|move|p2b: Ting-Lu|Rock Slide|p1a: Kingambit|[spread] p1a,p1b\n|-supereffective|p1a: Kingambit\n|-supereffective|p1b: Pelipper\n|-damage|p1a: Kingambit|0 fnt\n|-damage|p1b: Pelipper|39\/100\n|faint|p1a: Kingambit\n|\n|-weather|RainDance|[upkeep]\n|upkeep\n|\n|t:|1681834435\n|switch|p1a: Baxcalibur|Baxcalibur, L50, F|100\/100\n|turn|5\n|\n|t:|1681834446\n|move|p1a: Baxcalibur|Protect|p1a: Baxcalibur\n|-singleturn|p1a: Baxcalibur|Protect\n|move|p2a: Amoonguss|Rage Powder|p2a: Amoonguss\n|-singleturn|p2a: Amoonguss|move: Rage Powder\n|move|p1b: Pelipper|Hurricane|p2a: Amoonguss\n|-damage|p2a: Amoonguss|4\/100\n|move|p2b: Ting-Lu|Rock Slide|p1a: Baxcalibur|[spread] p1b\n|-activate|p1a: Baxcalibur|move: Protect\n|-supereffective|p1b: Pelipper\n|-damage|p1b: Pelipper|0 fnt\n|faint|p1b: Pelipper\n|\n|-weather|RainDance|[upkeep]\n|upkeep\n|turn|6\n|\n|t:|1681834460\n|move|p1a: Baxcalibur|Ice Shard|p2a: Amoonguss\n|-resisted|p2a: Amoonguss\n|-damage|p2a: Amoonguss|0 fnt\n|faint|p2a: Amoonguss\n|move|p2b: Ting-Lu|Rock Slide|p1a: Baxcalibur\n|-supereffective|p1a: Baxcalibur\n|-damage|p1a: Baxcalibur|23\/100\n|\n|-weather|RainDance|[upkeep]\n|upkeep\n|-message|TZ111 forfeited.\n|\n|win|Mess in Distress\n|raw|TZ111's rating: 1599 → 1573<\/strong> (-26 for losing)\n|raw|Mess in Distress's rating: 1495 → 1521<\/strong> (+26 for winning)\n|l|\u2606TZ111\n","uploadtime":1681834474,"views":14,"p1id":"tz111","p2id":"messindistress","formatid":"gen9vgc2023regulationc","rating":1521,"private":0,"password":""}