{"id":"gen9vgc2023regulationc-1863128175","p1":"Dr. Minority","p2":"N3_ArieL","format":"[Gen 9] VGC 2023 Regulation C","log":"|j|\u2606Dr. Minority\n|j|\u2606N3_ArieL\n|t:|1683975799\n|gametype|doubles\n|player|p1|Dr. Minority|heroine2-conquest|\n|player|p2|N3_ArieL|clair|\n|teamsize|p1|6\n|teamsize|p2|6\n|gen|9\n|tier|[Gen 9] VGC 2023 Regulation C\n|rated|Tournament battle\n|rule|Species Clause: Limit one of each Pok\u00e9mon\n|rule|Item Clause: Limit one of each item\n|clearpoke\n|poke|p1|Tyranitar, L50, F|\n|poke|p1|Flutter Mane, L50|\n|poke|p1|Iron Bundle, L50|\n|poke|p1|Baxcalibur, L50, M|\n|poke|p1|Gyarados, L50, M|\n|poke|p1|Lycanroc, L50, M|\n|poke|p2|Garchomp, L50, M|\n|poke|p2|Tyranitar, L50, F|\n|poke|p2|Corviknight, L50, F|\n|poke|p2|Lycanroc, L50, F|\n|poke|p2|Arcanine, L50, F|\n|poke|p2|Flutter Mane, L50|\n|teampreview|4\n|raw| Open Team Sheet for Dr. Minority<\/summary>Tyranitar (F) @ Assault Vest Ability: Sand Stream Level: 50 Shiny: Yes Tera Type: Grass - Rock Slide - Assurance - Low Kick - Tera Blast Flutter Mane @ Life Orb Ability: Protosynthesis Level: 50 Tera Type: Fairy - Moonblast - Dazzling Gleam - Shadow Ball - Protect Iron Bundle @ Booster Energy Ability: Quark Drive Level: 50 Shiny: Yes Tera Type: Ice - Hydro Pump - Freeze-Dry - Icy Wind - Protect Baxcalibur (M) @ Clear Amulet Ability: Thermal Exchange Level: 50 Tera Type: Poison - Icicle Crash - Glaive Rush - Ice Shard - Protect Gyarados (M) @ Lum Berry Ability: Intimidate Level: 50 Shiny: Yes Tera Type: Flying - Waterfall - Thunder Wave - Taunt - Tera Blast Lycanroc (M) @ Focus Sash Ability: Sand Rush Level: 50 Shiny: Yes Tera Type: Ghost - Rock Slide - Close Combat - Endeavor - Protect <\/details><\/div> Open Team Sheet for N3_ArieL<\/summary>Garchomp (M) @ Leftovers Ability: Sand Veil Level: 50 Tera Type: Fire - Dragon Claw - Earthquake - Substitute - Protect Tyranitar (F) @ Assault Vest Ability: Sand Stream Level: 50 Tera Type: Flying - Rock Slide - Assurance - Low Kick - Tera Blast Corviknight (F) @ Lum Berry Ability: Mirror Armor Level: 50 Tera Type: Fire - Brave Bird - Iron Head - Tailwind - Roost Lycanroc (F) @ Focus Sash Ability: Sand Rush Level: 50 Tera Type: Ghost - Rock Slide - Close Combat - Endeavor - Protect Arcanine (F) @ Safety Goggles Ability: Intimidate Level: 50 Tera Type: Grass - Flare Blitz - Extreme Speed - Will-O-Wisp - Howl Flutter Mane @ Booster Energy Ability: Protosynthesis Level: 50 Tera Type: Steel - Dazzling Gleam - Moonblast - Shadow Ball - Protect <\/details><\/div>\n|c|\u2606N3_ArieL|glhf\n|\n|t:|1683975832\n|start\n|switch|p1a: Tyranitar|Tyranitar, L50, F, shiny|100\/100\n|switch|p1b: Lycanroc|Lycanroc, L50, M, shiny|100\/100\n|switch|p2a: Tyranitar|Tyranitar, L50, F|100\/100\n|switch|p2b: Arcanine|Arcanine, L50, F|100\/100\n|-ability|p2b: Arcanine|Intimidate|boost\n|-unboost|p1a: Tyranitar|atk|1\n|-unboost|p1b: Lycanroc|atk|1\n|-weather|Sandstorm|[from] ability: Sand Stream|[of] p2a: Tyranitar\n|turn|1\n|\n|t:|1683975887\n|switch|p2a: Corviknight|Corviknight, L50, F|100\/100\n|switch|p1a: Gyarados|Gyarados, L50, M, shiny|100\/100\n|-ability|p1a: Gyarados|Intimidate|boost\n|-ability|p2a: Corviknight|Mirror Armor\n|-unboost|p1a: Gyarados|atk|1\n|-unboost|p2b: Arcanine|atk|1\n|-terastallize|p2b: Arcanine|Grass\n|move|p1b: Lycanroc|Rock Slide|p2a: Corviknight|[spread] p2a,p2b\n|-damage|p2a: Corviknight|84\/100\n|-damage|p2b: Arcanine|77\/100\n|move|p2b: Arcanine|Will-O-Wisp|p1b: Lycanroc\n|-status|p1b: Lycanroc|brn\n|\n|-weather|Sandstorm|[upkeep]\n|-damage|p1a: Gyarados|94\/100|[from] Sandstorm\n|-damage|p1b: Lycanroc|94\/100 brn|[from] brn\n|upkeep\n|turn|2\n|j| higashi no gab\n|\n|t:|1683975908\n|-terastallize|p1a: Gyarados|Flying\n|move|p1b: Lycanroc|Rock Slide|p2b: Arcanine|[spread] p2a,p2b\n|-damage|p2a: Corviknight|76\/100\n|-damage|p2b: Arcanine|65\/100\n|move|p2b: Arcanine|Will-O-Wisp|p1a: Gyarados\n|-status|p1a: Gyarados|brn\n|-enditem|p1a: Gyarados|Lum Berry|[eat]\n|-curestatus|p1a: Gyarados|brn|[msg]\n|move|p1a: Gyarados|Tera Blast|p2b: Arcanine\n|-supereffective|p2b: Arcanine\n|-damage|p2b: Arcanine|0 fnt\n|faint|p2b: Arcanine\n|cant|p2a: Corviknight|flinch\n|\n|-weather|Sandstorm|[upkeep]\n|-damage|p1a: Gyarados|88\/100|[from] Sandstorm\n|-damage|p1b: Lycanroc|88\/100 brn|[from] brn\n|upkeep\n|\n|t:|1683975925\n|switch|p2b: Tyranitar|Tyranitar, L50, F|100\/100\n|turn|3\n|\n|t:|1683975936\n|switch|p1a: Tyranitar|Tyranitar, L50, F, shiny|100\/100\n|switch|p2b: Flutter Mane|Flutter Mane, L50|100\/100\n|-enditem|p2b: Flutter Mane|Booster Energy\n|-activate|p2b: Flutter Mane|ability: Protosynthesis|[fromitem]\n|-start|p2b: Flutter Mane|protosynthesisspe\n|move|p1b: Lycanroc|Close Combat|p2b: Flutter Mane\n|-immune|p2b: Flutter Mane\n|move|p2a: Corviknight|Tailwind|p2a: Corviknight\n|-sidestart|p2: N3_ArieL|move: Tailwind\n|\n|-weather|Sandstorm|[upkeep]\n|-damage|p2b: Flutter Mane|94\/100|[from] Sandstorm\n|-damage|p1b: Lycanroc|82\/100 brn|[from] brn\n|upkeep\n|turn|4\n|\n|t:|1683975964\n|move|p1b: Lycanroc|Protect|p1b: Lycanroc\n|-singleturn|p1b: Lycanroc|Protect\n|move|p2b: Flutter Mane|Dazzling Gleam|p1b: Lycanroc|[spread] p1a\n|-activate|p1b: Lycanroc|move: Protect\n|-supereffective|p1a: Tyranitar\n|-damage|p1a: Tyranitar|76\/100\n|move|p2a: Corviknight|Iron Head|p1a: Tyranitar\n|-supereffective|p1a: Tyranitar\n|-damage|p1a: Tyranitar|33\/100\n|move|p1a: Tyranitar|Rock Slide|p2b: Flutter Mane|[spread] p2a,p2b\n|-damage|p2a: Corviknight|49\/100\n|-damage|p2b: Flutter Mane|48\/100\n|\n|-weather|Sandstorm|[upkeep]\n|-damage|p2b: Flutter Mane|42\/100|[from] Sandstorm\n|-damage|p1b: Lycanroc|76\/100 brn|[from] brn\n|upkeep\n|turn|5\n|\n|t:|1683975993\n|switch|p1b: Gyarados|Gyarados, L50, M, shiny, tera:Flying|88\/100\n|-ability|p1b: Gyarados|Intimidate|boost\n|-ability|p2a: Corviknight|Mirror Armor\n|-unboost|p1b: Gyarados|atk|1\n|-unboost|p2b: Flutter Mane|atk|1\n|move|p2b: Flutter Mane|Moonblast|p1b: Gyarados\n|-damage|p1b: Gyarados|49\/100\n|move|p2a: Corviknight|Iron Head|p1a: Tyranitar\n|-supereffective|p1a: Tyranitar\n|-damage|p1a: Tyranitar|0 fnt\n|faint|p1a: Tyranitar\n|\n|-weather|none\n|upkeep\n|\n|t:|1683976010\n|switch|p1a: Lycanroc|Lycanroc, L50, M, shiny|76\/100 brn\n|turn|6\n|\n|t:|1683976037\n|move|p1a: Lycanroc|Protect|p1a: Lycanroc\n|-singleturn|p1a: Lycanroc|Protect\n|move|p2b: Flutter Mane|Moonblast|p1b: Gyarados\n|-damage|p1b: Gyarados|4\/100\n|-unboost|p1b: Gyarados|spa|1\n|move|p2a: Corviknight|Roost|p2a: Corviknight\n|-heal|p2a: Corviknight|99\/100\n|-singleturn|p2a: Corviknight|move: Roost\n|move|p1b: Gyarados|Tera Blast|p2b: Flutter Mane\n|-damage|p2b: Flutter Mane|0 fnt\n|faint|p2b: Flutter Mane\n|-end|p2b: Flutter Mane|Protosynthesis|[silent]\n|\n|-damage|p1a: Lycanroc|70\/100 brn|[from] brn\n|-sideend|p2: N3_ArieL|move: Tailwind\n|upkeep\n|j| FunneeMonkee\n|\n|t:|1683976050\n|switch|p2b: Tyranitar|Tyranitar, L50, F|100\/100\n|-weather|Sandstorm|[from] ability: Sand Stream|[of] p2b: Tyranitar\n|turn|7\n|\n|t:|1683976070\n|move|p1a: Lycanroc|Close Combat|p2b: Tyranitar\n|-supereffective|p2b: Tyranitar\n|-damage|p2b: Tyranitar|28\/100\n|-unboost|p1a: Lycanroc|def|1\n|-unboost|p1a: Lycanroc|spd|1\n|move|p1b: Gyarados|Thunder Wave|p2a: Corviknight\n|-status|p2a: Corviknight|par\n|-enditem|p2a: Corviknight|Lum Berry|[eat]\n|-curestatus|p2a: Corviknight|par|[msg]\n|move|p2a: Corviknight|Tailwind|p2a: Corviknight\n|-sidestart|p2: N3_ArieL|move: Tailwind\n|move|p2b: Tyranitar|Rock Slide|p1b: Gyarados|[spread] p1a,p1b\n|-supereffective|p1b: Gyarados\n|-damage|p1a: Lycanroc|0 fnt\n|-damage|p1b: Gyarados|0 fnt\n|faint|p1a: Lycanroc\n|faint|p1b: Gyarados\n|\n|-weather|Sandstorm|[upkeep]\n|upkeep\n|\n|t:|1683976075\n|switch|p1b: Flutter Mane|Flutter Mane, L50|100\/100\n|turn|8\n|\n|t:|1683976090\n|move|p2b: Tyranitar|Assurance|p1b: Flutter Mane\n|-damage|p1b: Flutter Mane|62\/100\n|move|p2a: Corviknight|Iron Head|p1b: Flutter Mane\n|-supereffective|p1b: Flutter Mane\n|-damage|p1b: Flutter Mane|0 fnt\n|faint|p1b: Flutter Mane\n|-end|p1b: Flutter Mane|Protosynthesis|[silent]\n|\n|win|N3_ArieL\n|n|\u2606Dr. Minority|drminority\n|n|\u2606N3_ArieL|n3ariel\n|n| higashi no gab|higashinogab\n|n| FunneeMonkee|funneemonkee\n|l|\u2606Dr. Minority\n|c|\u2606N3_ArieL|gg\n|l|\u2606N3_ArieL\n|l| higashi no gab\n|j|\u2606N3_ArieL\n|player|p2|N3_ArieL|clair\n","uploadtime":1683976115,"views":12,"p1id":"drminority","p2id":"n3ariel","formatid":"gen9vgc2023regulationc","rating":0,"private":0,"password":""}