{"id":"gen9vgc2023regulationc-1863268136","p1":"dunsparcedingo","p2":"Arcacagne","format":"[Gen 9] VGC 2023 Regulation C","log":"|j|\u2606dunsparcedingo\n|j|\u2606Arcacagne\n|t:|1683995834\n|gametype|doubles\n|player|p1|dunsparcedingo|zinnia|1312\n|player|p2|Arcacagne|169|1329\n|teamsize|p1|6\n|teamsize|p2|6\n|gen|9\n|tier|[Gen 9] VGC 2023 Regulation C\n|rated|\n|rule|Species Clause: Limit one of each Pok\u00e9mon\n|rule|Item Clause: Limit one of each item\n|clearpoke\n|poke|p1|Torkoal, L50, F|\n|poke|p1|Jumpluff, L50, M|\n|poke|p1|Chi-Yu, L50|\n|poke|p1|Great Tusk, L50|\n|poke|p1|Baxcalibur, L50, F|\n|poke|p1|Flutter Mane, L50|\n|poke|p2|Chi-Yu, L50|\n|poke|p2|Flutter Mane, L50|\n|poke|p2|Amoonguss, L50, M|\n|poke|p2|Ting-Lu, L50|\n|poke|p2|Iron Hands, L50|\n|poke|p2|Gyarados, L50, F|\n|teampreview|4\ndunsparcedingo has agreed to open team sheets.\n|\n|t:|1683995874\n|start\n|switch|p1a: Torkoal|Torkoal, L50, F|100\/100\n|switch|p1b: Jumpluff|Jumpluff, L50, M|100\/100\n|switch|p2a: Ting-Lu|Ting-Lu, L50|100\/100\n|switch|p2b: Iron Hands|Iron Hands, L50|100\/100\n|-ability|p2a: Ting-Lu|Vessel of Ruin\n|-weather|SunnyDay|[from] ability: Drought|[of] p1a: Torkoal\n|turn|1\n|\n|t:|1683995903\n|switch|p2a: Gyarados|Gyarados, L50, F|100\/100\n|-ability|p2a: Gyarados|Intimidate|boost\n|-unboost|p1a: Torkoal|atk|1\n|-enditem|p1a: Torkoal|Eject Pack\n|-unboost|p1b: Jumpluff|atk|1\n|\n|t:|1683995917\n|switch|p1a: Great Tusk|Great Tusk, L50|100\/100\n|-activate|p1a: Great Tusk|ability: Protosynthesis\n|-start|p1a: Great Tusk|protosynthesisatk\n|-terastallize|p1b: Jumpluff|Ghost\n|move|p1b: Jumpluff|Sleep Powder|p2a: Gyarados\n|-activate|p2a: Gyarados|item: Safety Goggles|Sleep Powder\n|move|p2b: Iron Hands|Swords Dance|p2b: Iron Hands\n|-boost|p2b: Iron Hands|atk|2\n|\n|-weather|SunnyDay|[upkeep]\n|upkeep\n|turn|2\n|\n|t:|1683995942\n|-terastallize|p2b: Iron Hands|Grass\n|move|p1b: Jumpluff|Tailwind|p1b: Jumpluff\n|-sidestart|p1: dunsparcedingo|move: Tailwind\n|move|p1a: Great Tusk|Earthquake|p2a: Gyarados|[spread] p1b,p2b\n|-immune|p2a: Gyarados\n|-crit|p1b: Jumpluff\n|-resisted|p2b: Iron Hands\n|-enditem|p1b: Jumpluff|Focus Sash\n|-damage|p1b: Jumpluff|1\/100\n|-damage|p2b: Iron Hands|80\/100\n|-damage|p1a: Great Tusk|91\/100|[from] item: Life Orb\n|move|p2a: Gyarados|Thunder Wave|p1b: Jumpluff\n|-status|p1b: Jumpluff|par\n|move|p2b: Iron Hands|Drain Punch|p1a: Great Tusk\n|-damage|p1a: Great Tusk|41\/100\n|-heal|p2b: Iron Hands|100\/100|[from] drain|[of] p1a: Great Tusk\n|\n|-weather|SunnyDay|[upkeep]\n|upkeep\n|turn|3\n|\n|t:|1683995985\n|move|p1b: Jumpluff|Pollen Puff|p1a: Great Tusk\n|-heal|p1a: Great Tusk|91\/100\n|move|p1a: Great Tusk|Rock Slide|p2a: Gyarados|[spread] p2a,p2b\n|-supereffective|p2a: Gyarados\n|-damage|p2a: Gyarados|36\/100\n|-damage|p2b: Iron Hands|79\/100\n|-damage|p1a: Great Tusk|82\/100|[from] item: Life Orb\n|move|p2a: Gyarados|Waterfall|p1b: Jumpluff\n|-damage|p1b: Jumpluff|0 fnt\n|faint|p1b: Jumpluff\n|move|p2b: Iron Hands|Drain Punch|p1a: Great Tusk\n|-damage|p1a: Great Tusk|34\/100\n|-heal|p2b: Iron Hands|99\/100|[from] drain|[of] p1a: Great Tusk\n|\n|-weather|SunnyDay|[upkeep]\n|upkeep\n|\n|t:|1683996003\n|switch|p1b: Torkoal|Torkoal, L50, F|100\/100\n|turn|4\n|\n|t:|1683996018\n|switch|p2a: Ting-Lu|Ting-Lu, L50|100\/100\n|-ability|p2a: Ting-Lu|Vessel of Ruin\n|move|p1a: Great Tusk|Protect|p1a: Great Tusk\n|-singleturn|p1a: Great Tusk|Protect\n|move|p1b: Torkoal|Overheat|p2b: Iron Hands\n|-supereffective|p2b: Iron Hands\n|-damage|p2b: Iron Hands|38\/100\n|-unboost|p1b: Torkoal|spa|2\n|move|p2b: Iron Hands|Drain Punch|p1b: Torkoal\n|-damage|p1b: Torkoal|50\/100\n|-heal|p2b: Iron Hands|55\/100|[from] drain|[of] p1b: Torkoal\n|\n|-weather|SunnyDay|[upkeep]\n|upkeep\n|turn|5\n|\n|t:|1683996052\n|-end|p2b: Iron Hands|Quark Drive|[silent]\n|switch|p2b: Gyarados|Gyarados, L50, F|36\/100\n|-ability|p2b: Gyarados|Intimidate|boost\n|-unboost|p1a: Great Tusk|atk|1\n|-unboost|p1b: Torkoal|atk|1\n|move|p1a: Great Tusk|Close Combat|p2b: Gyarados\n|-resisted|p2b: Gyarados\n|-damage|p2b: Gyarados|0 fnt\n|-unboost|p1a: Great Tusk|def|1\n|-unboost|p1a: Great Tusk|spd|1\n|faint|p2b: Gyarados\n|-damage|p1a: Great Tusk|24\/100|[from] item: Life Orb\n|move|p2a: Ting-Lu|Earthquake|p1a: Great Tusk|[spread] p1a,p1b\n|-supereffective|p1b: Torkoal\n|-damage|p1a: Great Tusk|0 fnt\n|-damage|p1b: Torkoal|0 fnt\n|faint|p1a: Great Tusk\n|-end|p1a: Great Tusk|Protosynthesis|[silent]\n|faint|p1b: Torkoal\n|\n|-weather|none\n|-sideend|p1: dunsparcedingo|move: Tailwind\n|upkeep\n|\n|t:|1683996074\n|switch|p2b: Iron Hands|Iron Hands, L50, tera:Grass|55\/100\n|switch|p1b: Flutter Mane|Flutter Mane, L50|100\/100\n|turn|6\n|\n|t:|1683996087\n|move|p1b: Flutter Mane|Dazzling Gleam|p2b: Iron Hands|[spread] p2a,p2b\n|-supereffective|p2a: Ting-Lu\n|-damage|p2a: Ting-Lu|48\/100\n|-damage|p2b: Iron Hands|32\/100\n|move|p2a: Ting-Lu|Earthquake|p1b: Flutter Mane|[spread] p2b,p1b\n|-resisted|p2b: Iron Hands\n|-damage|p2b: Iron Hands|16\/100\n|-damage|p1b: Flutter Mane|0 fnt\n|faint|p1b: Flutter Mane\n|-end|p1b: Flutter Mane|Protosynthesis|[silent]\n|\n|win|Arcacagne\n|raw|dunsparcedingo's rating: 1312 → 1293<\/strong> (-19 for losing)\n|raw|Arcacagne's rating: 1329 → 1348<\/strong> (+19 for winning)\n|l|\u2606dunsparcedingo\n","uploadtime":1683996097,"views":6,"p1id":"dunsparcedingo","p2id":"arcacagne","formatid":"gen9vgc2023regulationc","rating":1293,"private":0,"password":""}