{"id":"gen9vgc2023regulationc-1849674302","p1":"1og0ut","p2":"borgchain","format":"[Gen 9] VGC 2023 Regulation C","log":"|j|\u26061og0ut\n|j|\u2606borgchain\n|t:|1682229941\n|gametype|doubles\n|player|p1|1og0ut|cheren|1043\n|player|p2|borgchain|101|1005\n|teamsize|p1|6\n|teamsize|p2|6\n|gen|9\n|tier|[Gen 9] VGC 2023 Regulation C\n|rated|\n|rule|Species Clause: Limit one of each Pok\u00e9mon\n|rule|Item Clause: Limit one of each item\n|clearpoke\n|poke|p1|Mimikyu, L50, M|\n|poke|p1|Iron Hands, L50|\n|poke|p1|Hatterene, L50, F|\n|poke|p1|Torkoal, L50, F|\n|poke|p1|Skeledirge, L50, M|\n|poke|p1|Garganacl, L50, F|\n|poke|p2|Indeedee-F, L50, F|\n|poke|p2|Armarouge, L50, F|\n|poke|p2|Tyranitar, L50, F|\n|poke|p2|Lycanroc, L50, F|\n|poke|p2|Scizor, L50, M|\n|poke|p2|Amoonguss, L50, F|\n|teampreview|4\n|\n|t:|1682230012\n|start\n|switch|p1a: Pixel|Garganacl, L50, F|100\/100\n|switch|p1b: Pin|Mimikyu, L50, M|100\/100\n|switch|p2a: Indeedee|Indeedee-F, L50, F, shiny|100\/100\n|switch|p2b: Amoonguss|Amoonguss, L50, F, shiny|100\/100\n|-fieldstart|move: Psychic Terrain|[from] ability: Psychic Surge|[of] p2a: Indeedee\n|turn|1\n|inactive|Battle timer is ON: inactive players will automatically lose when time's up. (requested by 1og0ut)\n|inactive|borgchain has 60 seconds left.\n|\n|t:|1682230044\n|-terastallize|p2b: Amoonguss|Water\n|move|p1a: Pixel|Salt Cure|p2b: Amoonguss\n|-damage|p2b: Amoonguss|89\/100\n|-start|p2b: Amoonguss|Salt Cure\n|move|p2b: Amoonguss|Spore|p1a: Pixel\n|-immune|p1a: Pixel|[from] ability: Purifying Salt\n|move|p1b: Pin|Trick Room|p1b: Pin\n|-fieldstart|move: Trick Room|[of] p1b: Pin\n|move|p2a: Indeedee|Trick Room|p2a: Indeedee\n|-fieldend|move: Trick Room\n|\n|-damage|p2b: Amoonguss|64\/100|[from] Salt Cure\n|upkeep\n|turn|2\n|inactive|1og0ut has 30 seconds left.\n|\n|t:|1682230073\n|move|p2a: Indeedee|Follow Me|p2a: Indeedee\n|-singleturn|p2a: Indeedee|move: Follow Me\n|move|p1b: Pin|Swords Dance|p1b: Pin\n|-boost|p1b: Pin|atk|2\n|move|p1a: Pixel|Heavy Slam|p2a: Indeedee\n|-damage|p2a: Indeedee|73\/100\n|move|p2b: Amoonguss|Spore|p1b: Pin\n|-status|p1b: Pin|slp|[from] move: Spore\n|\n|-damage|p2b: Amoonguss|39\/100|[from] Salt Cure\n|upkeep\n|-enditem|p2b: Amoonguss|Sitrus Berry|[eat]\n|-heal|p2b: Amoonguss|64\/100|[from] item: Sitrus Berry\n|turn|3\n|\n|t:|1682230093\n|switch|p2a: Tyranitar|Tyranitar, L50, F, shiny|100\/100\n|-weather|Sandstorm|[from] ability: Sand Stream|[of] p2a: Tyranitar\n|switch|p2b: Scizor|Scizor, L50, M, shiny|100\/100\n|cant|p1b: Pin|slp\n|move|p1a: Pixel|Body Press|p2a: Tyranitar\n|-supereffective|p2a: Tyranitar\n|-damage|p2a: Tyranitar|8\/100\n|\n|-weather|Sandstorm|[upkeep]\n|-damage|p1b: Pin|94\/100 slp|[from] Sandstorm\n|upkeep\n|turn|4\n|inactive|borgchain has 30 seconds left.\n|\n|t:|1682230121\n|cant|p1b: Pin|slp\n|move|p2b: Scizor|Swords Dance|p2b: Scizor\n|-boost|p2b: Scizor|atk|2\n|move|p2a: Tyranitar|Low Kick|p1a: Pixel\n|-supereffective|p1a: Pixel\n|-damage|p1a: Pixel|45\/100\n|move|p1a: Pixel|Salt Cure|p2b: Scizor\n|-damage|p2b: Scizor|86\/100\n|-start|p2b: Scizor|Salt Cure\n|\n|-weather|Sandstorm|[upkeep]\n|-damage|p1b: Pin|88\/100 slp|[from] Sandstorm\n|-damage|p2b: Scizor|62\/100|[from] Salt Cure\n|upkeep\n|turn|5\n|inactive|borgchain has 30 seconds left.\n|\n|t:|1682230156\n|move|p2b: Scizor|Bullet Punch|p1a: Pixel\n|-activate|p1a: Pixel|move: Psychic Terrain\n|cant|p1b: Pin|slp\n|move|p2a: Tyranitar|Low Kick|p1a: Pixel\n|-supereffective|p1a: Pixel\n|-damage|p1a: Pixel|0 fnt\n|faint|p1a: Pixel\n|\n|-weather|Sandstorm|[upkeep]\n|-damage|p1b: Pin|82\/100 slp|[from] Sandstorm\n|-damage|p2b: Scizor|37\/100|[from] Salt Cure\n|-fieldend|move: Psychic Terrain\n|upkeep\n|\n|t:|1682230167\n|switch|p1a: Canyon|Torkoal, L50, F|100\/100\n|-weather|SunnyDay|[from] ability: Drought|[of] p1a: Canyon\n|turn|6\n|inactive|borgchain has 30 seconds left.\n|\n|t:|1682230196\n|move|p2b: Scizor|Bullet Punch|p1b: Pin\n|-activate|p1b: Pin|ability: Disguise\n|-damage|p1b: Pin|82\/100 slp\n|detailschange|p1b: Pin|Mimikyu-Busted, L50, M\n|-damage|p1b: Pin|70\/100 slp|[from] pokemon: Mimikyu-Busted\n|move|p2a: Tyranitar|Rock Slide|p1a: Canyon|[spread] p1a,p1b\n|-supereffective|p1a: Canyon\n|-damage|p1a: Canyon|47\/100\n|-damage|p1b: Pin|29\/100 slp\n|cant|p1a: Canyon|flinch\n|-curestatus|p1b: Pin|slp|[msg]\n|move|p1b: Pin|Trick Room|p1b: Pin\n|-fieldstart|move: Trick Room|[of] p1b: Pin\n|\n|-weather|SunnyDay|[upkeep]\n|-damage|p2b: Scizor|12\/100|[from] Salt Cure\n|upkeep\n|turn|7\n|\n|t:|1682230218\n|move|p2b: Scizor|Bullet Punch|p1b: Pin\n|-supereffective|p1b: Pin\n|-damage|p1b: Pin|0 fnt\n|faint|p1b: Pin\n|move|p1a: Canyon|Eruption|p2a: Tyranitar|[spread] p2a,p2b\n|-resisted|p2a: Tyranitar\n|-supereffective|p2b: Scizor\n|-damage|p2a: Tyranitar|0 fnt\n|-damage|p2b: Scizor|0 fnt\n|faint|p2a: Tyranitar\n|faint|p2b: Scizor\n|\n|-weather|SunnyDay|[upkeep]\n|upkeep\n|\n|t:|1682230229\n|switch|p2a: Indeedee|Indeedee-F, L50, F, shiny|73\/100\n|switch|p2b: Amoonguss|Amoonguss, L50, F, shiny, tera:Water|97\/100\n|switch|p1b: Medi|Iron Hands, L50|100\/100\n|-fieldstart|move: Psychic Terrain|[from] ability: Psychic Surge|[of] p2a: Indeedee\n|-enditem|p1b: Medi|Booster Energy\n|-activate|p1b: Medi|ability: Quark Drive|[fromitem]\n|-start|p1b: Medi|quarkdriveatk\n|turn|8\n|inactive|borgchain has 30 seconds left.\n|inactive|borgchain has 20 seconds left.\n|inactive|borgchain has 15 seconds left.\n|\n|t:|1682230271\n|-terastallize|p1b: Medi|Electric\n|move|p1a: Canyon|Eruption|p2b: Amoonguss|[spread] p2a,p2b\n|-resisted|p2b: Amoonguss\n|-damage|p2a: Indeedee|34\/100\n|-damage|p2b: Amoonguss|81\/100\n|move|p2b: Amoonguss|Spore|p1b: Medi\n|-status|p1b: Medi|slp|[from] move: Spore\n|cant|p1b: Medi|slp\n|move|p2a: Indeedee|Dazzling Gleam|p1a: Canyon|[spread] p1a,p1b\n|-resisted|p1a: Canyon\n|-damage|p1a: Canyon|38\/100\n|-damage|p1b: Medi|88\/100 slp\n|\n|-weather|SunnyDay|[upkeep]\n|upkeep\n|turn|9\n|inactive|borgchain has 30 seconds left.\n|inactive|borgchain has 20 seconds left.\n|\n|t:|1682230308\n|move|p2a: Indeedee|Helping Hand|p2b: Amoonguss\n|-singleturn|p2b: Amoonguss|Helping Hand|[of] p2a: Indeedee\n|move|p1a: Canyon|Protect|p1a: Canyon\n|-singleturn|p1a: Canyon|Protect\n|move|p2b: Amoonguss|Pollen Puff|p2a: Indeedee\n|-heal|p2a: Indeedee|84\/100\n|cant|p1b: Medi|slp\n|\n|-weather|SunnyDay|[upkeep]\n|upkeep\n|turn|10\n|\n|t:|1682230329\n|move|p1a: Canyon|Eruption|p2b: Amoonguss|[spread] p2a,p2b\n|-resisted|p2b: Amoonguss\n|-crit|p2b: Amoonguss\n|-damage|p2a: Indeedee|55\/100\n|-damage|p2b: Amoonguss|61\/100\n|move|p2b: Amoonguss|Spore|p1a: Canyon\n|-status|p1a: Canyon|slp|[from] move: Spore\n|cant|p1b: Medi|slp\n|move|p2a: Indeedee|Dazzling Gleam|p1b: Medi|[spread] p1a,p1b\n|-resisted|p1a: Canyon\n|-damage|p1a: Canyon|30\/100 slp\n|-damage|p1b: Medi|77\/100 slp\n|\n|-weather|none\n|-fieldend|move: Trick Room\n|upkeep\n|turn|11\n|inactive|1og0ut has 30 seconds left.\n|inactive|borgchain has 30 seconds left.\n|inactive|borgchain has 20 seconds left.\n|inactive|borgchain has 15 seconds left.\n|inactive|borgchain has 10 seconds left.\n|\n|t:|1682230378\n|-curestatus|p1b: Medi|slp|[msg]\n|move|p1b: Medi|Thunder Punch|p2b: Amoonguss\n|-supereffective|p2b: Amoonguss\n|-damage|p2b: Amoonguss|0 fnt\n|faint|p2b: Amoonguss\n|cant|p1a: Canyon|slp\n|move|p2a: Indeedee|Trick Room|p2a: Indeedee\n|-fieldstart|move: Trick Room|[of] p2a: Indeedee\n|\n|upkeep\n|turn|12\n|\n|t:|1682230399\n|-curestatus|p1a: Canyon|slp|[msg]\n|move|p1a: Canyon|Earth Power|p2a: Indeedee\n|-damage|p2a: Indeedee|32\/100\n|move|p1b: Medi|Thunder Punch|p2a: Indeedee\n|-damage|p2a: Indeedee|0 fnt\n|faint|p2a: Indeedee\n|\n|win|1og0ut\n|raw|1og0ut's rating: 1043 → 1073<\/strong> (+30 for winning)\n|raw|borgchain's rating: 1005 → 1000<\/strong> (-5 for losing)\n|c|\u26061og0ut|GGWP\n|l|\u26061og0ut\n","uploadtime":1682230488,"views":20,"p1id":"1og0ut","p2id":"borgchain","formatid":"gen9vgc2023regulationc","rating":1000,"private":0,"password":""}