{"id":"gen9vgc2023regulationc-1863750580","p1":"Cigtar","p2":"Blaziken Blazers","format":"[Gen 9] VGC 2023 Regulation C","log":"|j|\u2606Cigtar\n|j|\u2606Blaziken Blazers\n|t:|1684071804\n|gametype|doubles\n|player|p1|Cigtar|grusha|\n|player|p2|Blaziken Blazers|hooligans|\n|teamsize|p1|6\n|teamsize|p2|6\n|gen|9\n|tier|[Gen 9] VGC 2023 Regulation C\n|rule|Species Clause: Limit one of each Pok\u00e9mon\n|rule|Item Clause: Limit one of each item\n|clearpoke\n|poke|p1|Chi-Yu, L50|\n|poke|p1|Gyarados, L50, F|\n|poke|p1|Sableye, L50, F|\n|poke|p1|Toedscruel, L50, F|\n|poke|p1|Gothorita, L50, F|\n|poke|p1|Ursaring, L50, F|\n|poke|p2|Roaring Moon, L50|\n|poke|p2|Gholdengo, L50|\n|poke|p2|Sylveon, L50, M|\n|poke|p2|Mudsdale, L50, M|\n|poke|p2|Tauros-Paldea-Aqua, L50, M|\n|poke|p2|Vivillon-Monsoon, L50, F|\n|teampreview|4\n|c|\u2606Blaziken Blazers|G1\nBlaziken Blazers rejected open team sheets.\n|c|\u2606Blaziken Blazers|Please accept last one as well\n|c|\u2606Blaziken Blazers|Glhf\n|c|\u2606Cigtar|yt\n|\n|t:|1684071908\n|start\n|switch|p1a: Chi-Yu|Chi-Yu, L50|100\/100\n|switch|p1b: Toedscruel|Toedscruel, L50, F|100\/100\n|switch|p2a: Subway Surfer|Gholdengo, L50|100\/100\n|switch|p2b: Rooting4U|Vivillon-Monsoon, L50, F|100\/100\n|-ability|p1a: Chi-Yu|Beads of Ruin\n|turn|1\n|\n|t:|1684071934\n|switch|p2a: Saandu|Tauros-Paldea-Aqua, L50, M, shiny|100\/100\n|-ability|p2a: Saandu|Intimidate|boost\n|-unboost|p1a: Chi-Yu|atk|1\n|-unboost|p1b: Toedscruel|atk|1\n|move|p1b: Toedscruel|Rage Powder|p1b: Toedscruel\n|-singleturn|p1b: Toedscruel|move: Rage Powder\n|move|p1a: Chi-Yu|Heat Wave|p2a: Saandu|[spread] p2a,p2b\n|-resisted|p2a: Saandu\n|-supereffective|p2b: Rooting4U\n|-damage|p2a: Saandu|74\/100\n|-enditem|p2b: Rooting4U|Focus Sash\n|-damage|p2b: Rooting4U|1\/100\n|move|p2b: Rooting4U|Sleep Powder|p1b: Toedscruel\n|-immune|p1b: Toedscruel\n|\n|upkeep\n|turn|2\n|\n|t:|1684071970\n|move|p1a: Chi-Yu|Protect|p1a: Chi-Yu\n|-singleturn|p1a: Chi-Yu|Protect\n|move|p2b: Rooting4U|Protect|p2b: Rooting4U\n|-singleturn|p2b: Rooting4U|Protect\n|move|p2a: Saandu|Close Combat|p1b: Toedscruel\n|-damage|p1b: Toedscruel|30\/100\n|-unboost|p2a: Saandu|def|1\n|-unboost|p2a: Saandu|spd|1\n|move|p1b: Toedscruel|Leaf Storm|p2a: Saandu\n|-supereffective|p2a: Saandu\n|-damage|p2a: Saandu|0 fnt\n|-unboost|p1b: Toedscruel|spa|2\n|faint|p2a: Saandu\n|\n|upkeep\n|\n|t:|1684071987\n|switch|p2a: Lizardon|Roaring Moon, L50, shiny|100\/100\n|-enditem|p2a: Lizardon|Booster Energy\n|-activate|p2a: Lizardon|ability: Protosynthesis|[fromitem]\n|-start|p2a: Lizardon|protosynthesisatk\n|turn|3\n|\n|t:|1684071999\n|-terastallize|p1a: Chi-Yu|Fairy\n|move|p1b: Toedscruel|Rage Powder|p1b: Toedscruel\n|-singleturn|p1b: Toedscruel|move: Rage Powder\n|move|p2a: Lizardon|Acrobatics|p1b: Toedscruel\n|-supereffective|p1b: Toedscruel\n|-damage|p1b: Toedscruel|0 fnt\n|faint|p1b: Toedscruel\n|move|p1a: Chi-Yu|Tera Blast|p2a: Lizardon\n|-supereffective|p2a: Lizardon\n|-crit|p2a: Lizardon\n|-damage|p2a: Lizardon|0 fnt\n|faint|p2a: Lizardon\n|-end|p2a: Lizardon|Protosynthesis|[silent]\n|move|p2b: Rooting4U|Sleep Powder|p1a: Chi-Yu\n|-status|p1a: Chi-Yu|slp|[from] move: Sleep Powder\n|\n|upkeep\n|\n|t:|1684072012\n|switch|p2a: Subway Surfer|Gholdengo, L50|100\/100\n|switch|p1b: Sableye|Sableye, L50, F|100\/100\n|turn|4\n|\n|t:|1684072026\n|move|p1b: Sableye|Fake Out|p2b: Rooting4U\n|-damage|p2b: Rooting4U|0 fnt\n|faint|p2b: Rooting4U\n|cant|p1a: Chi-Yu|slp\n|move|p2a: Subway Surfer|Make It Rain|p1a: Chi-Yu|[spread] p1a,p1b\n|-supereffective|p1a: Chi-Yu\n|-enditem|p1a: Chi-Yu|Focus Sash\n|-damage|p1a: Chi-Yu|1\/100 slp\n|-damage|p1b: Sableye|8\/100\n|-unboost|p2a: Subway Surfer|spa|1\n|\n|upkeep\n|turn|5\n|\n|t:|1684072052\n|move|p1b: Sableye|Sucker Punch|p2a: Subway Surfer\n|-supereffective|p2a: Subway Surfer\n|-damage|p2a: Subway Surfer|62\/100\n|cant|p1a: Chi-Yu|slp\n|move|p2a: Subway Surfer|Make It Rain|p1b: Sableye|[spread] p1a,p1b\n|-supereffective|p1a: Chi-Yu\n|-damage|p1a: Chi-Yu|0 fnt\n|-damage|p1b: Sableye|0 fnt\n|-unboost|p2a: Subway Surfer|spa|1\n|faint|p1a: Chi-Yu\n|faint|p1b: Sableye\n|\n|upkeep\n|\n|t:|1684072058\n|switch|p1a: Gyarados|Gyarados, L50, F|100\/100\n|-ability|p1a: Gyarados|Intimidate|boost\n|-unboost|p2a: Subway Surfer|atk|1\n|turn|6\n|\n|t:|1684072078\n|-terastallize|p2a: Subway Surfer|Water\n|move|p1a: Gyarados|Waterfall|p2a: Subway Surfer\n|-resisted|p2a: Subway Surfer\n|-damage|p2a: Subway Surfer|41\/100\n|move|p2a: Subway Surfer|Shadow Ball|p1a: Gyarados\n|-damage|p1a: Gyarados|76\/100\n|\n|upkeep\n|turn|7\n|\n|t:|1684072086\n|move|p1a: Gyarados|Hurricane|p2a: Subway Surfer\n|-damage|p2a: Subway Surfer|14\/100\n|-start|p2a: Subway Surfer|confusion\n|-activate|p2a: Subway Surfer|confusion\n|move|p2a: Subway Surfer|Nasty Plot|p2a: Subway Surfer\n|-boost|p2a: Subway Surfer|spa|2\n|\n|upkeep\n|turn|8\n|\n|t:|1684072095\n|move|p1a: Gyarados|Waterfall|p2a: Subway Surfer\n|-resisted|p2a: Subway Surfer\n|-damage|p2a: Subway Surfer|0 fnt\n|faint|p2a: Subway Surfer\n|\n|win|Cigtar\n|c|\u2606Blaziken Blazers|gg\n|c|\u2606Cigtar|gg\n|l|\u2606Cigtar\n","uploadtime":1684073062,"views":23,"p1id":"cigtar","p2id":"blazikenblazers","formatid":"gen9vgc2023regulationc","rating":0,"private":0,"password":""}