{"id":"gen9vgc2023regulationc-1862721877","p1":"revocolombia","p2":"Shuza06","format":"[Gen 9] VGC 2023 Regulation C","log":"|j|\u2606revocolombia\n|j|\u2606Shuza06\n|t:|1683915358\n|gametype|doubles\n|player|p1|revocolombia|pokemonranger-gen4|1637\n|player|p2|Shuza06|2|1621\n|teamsize|p1|6\n|teamsize|p2|6\n|gen|9\n|tier|[Gen 9] VGC 2023 Regulation C\n|rated|\n|rule|Species Clause: Limit one of each Pok\u00e9mon\n|rule|Item Clause: Limit one of each item\n|clearpoke\n|poke|p1|Flutter Mane, L50|\n|poke|p1|Great Tusk, L50|\n|poke|p1|Dragonite, L50, M|\n|poke|p1|Chien-Pao, L50|\n|poke|p1|Murkrow, L50, F|\n|poke|p1|Gholdengo, L50|\n|poke|p2|Chi-Yu, L50|\n|poke|p2|Flutter Mane, L50|\n|poke|p2|Iron Bundle, L50|\n|poke|p2|Great Tusk, L50|\n|poke|p2|Murkrow, L50, M|\n|poke|p2|Ting-Lu, L50|\n|teampreview|4\n|\n|t:|1683915460\n|start\n|switch|p1a: Murkrow|Murkrow, L50, F|100\/100\n|switch|p1b: Great Tusk|Great Tusk, L50|100\/100\n|switch|p2a: Flutter Mane|Flutter Mane, L50|100\/100\n|switch|p2b: Iron Bundle|Iron Bundle, L50|100\/100\n|-enditem|p2b: Iron Bundle|Booster Energy\n|-activate|p2b: Iron Bundle|ability: Quark Drive|[fromitem]\n|-start|p2b: Iron Bundle|quarkdrivespe\n|turn|1\n|\n|t:|1683915481\n|-end|p2a: Flutter Mane|Protosynthesis|[silent]\n|switch|p2a: Murkrow|Murkrow, L50, M|100\/100\n|-terastallize|p2b: Iron Bundle|Ghost\n|move|p1b: Great Tusk|Protect|p1b: Great Tusk\n|-singleturn|p1b: Great Tusk|Protect\n|move|p1a: Murkrow|Tailwind|p1a: Murkrow\n|-sidestart|p1: revocolombia|move: Tailwind\n|move|p2b: Iron Bundle|Icy Wind|p1b: Great Tusk|[spread] p1a\n|-activate|p1b: Great Tusk|move: Protect\n|-supereffective|p1a: Murkrow\n|-damage|p1a: Murkrow|61\/100\n|-unboost|p1a: Murkrow|spe|1\n|\n|upkeep\n|turn|2\n|\n|t:|1683915499\n|-terastallize|p1b: Great Tusk|Fire\n|move|p2a: Murkrow|Tailwind|p2a: Murkrow\n|-sidestart|p2: Shuza06|move: Tailwind\n|move|p1a: Murkrow|Sunny Day|p1a: Murkrow\n|-weather|SunnyDay\n|-activate|p1b: Great Tusk|ability: Protosynthesis\n|-start|p1b: Great Tusk|protosynthesisatk\n|move|p2b: Iron Bundle|Icy Wind|p1b: Great Tusk|[spread] p1a,p1b\n|-supereffective|p1a: Murkrow\n|-resisted|p1b: Great Tusk\n|-damage|p1a: Murkrow|17\/100\n|-damage|p1b: Great Tusk|87\/100\n|-unboost|p1a: Murkrow|spe|1\n|move|p1b: Great Tusk|Rock Slide|p2b: Iron Bundle|[spread] p2a,p2b\n|-supereffective|p2a: Murkrow\n|-enditem|p2a: Murkrow|Focus Sash\n|-damage|p2a: Murkrow|1\/100\n|-damage|p2b: Iron Bundle|69\/100\n|\n|-weather|SunnyDay|[upkeep]\n|upkeep\n|turn|3\n|j| Ok Funny Guy\n|j| AnvilMeetHead\n|\n|t:|1683915527\n|switch|p1a: Chien-Pao|Chien-Pao, L50|100\/100\n|-ability|p1a: Chien-Pao|Sword of Ruin\n|move|p2b: Iron Bundle|Hydro Pump|p1b: Great Tusk\n|-supereffective|p1b: Great Tusk\n|-damage|p1b: Great Tusk|13\/100\n|move|p2a: Murkrow|Acrobatics|p1a: Chien-Pao\n|-damage|p1a: Chien-Pao|46\/100\n|move|p1b: Great Tusk|Rock Slide|p2a: Murkrow|[spread] p2a,p2b\n|-supereffective|p2a: Murkrow\n|-damage|p2a: Murkrow|0 fnt\n|-damage|p2b: Iron Bundle|20\/100\n|faint|p2a: Murkrow\n|\n|-weather|SunnyDay|[upkeep]\n|upkeep\n|\n|t:|1683915540\n|switch|p2a: Flutter Mane|Flutter Mane, L50|100\/100\n|-activate|p2a: Flutter Mane|ability: Protosynthesis\n|-start|p2a: Flutter Mane|protosynthesisspa\n|turn|4\n|\n|t:|1683915559\n|move|p1b: Great Tusk|Protect|p1b: Great Tusk\n|-singleturn|p1b: Great Tusk|Protect\n|move|p1a: Chien-Pao|Ice Shard|p2b: Iron Bundle\n|-damage|p2b: Iron Bundle|0 fnt\n|faint|p2b: Iron Bundle\n|-end|p2b: Iron Bundle|Quark Drive|[silent]\n|move|p2a: Flutter Mane|Dazzling Gleam|p1a: Chien-Pao|[spread] p1a\n|-activate|p1b: Great Tusk|move: Protect\n|-supereffective|p1a: Chien-Pao\n|-damage|p1a: Chien-Pao|0 fnt\n|faint|p1a: Chien-Pao\n|\n|-weather|SunnyDay|[upkeep]\n|-sideend|p1: revocolombia|move: Tailwind\n|upkeep\n|\n|t:|1683915587\n|switch|p2b: Great Tusk|Great Tusk, L50|100\/100\n|switch|p1a: Murkrow|Murkrow, L50, F|17\/100\n|-activate|p2b: Great Tusk|ability: Protosynthesis\n|-start|p2b: Great Tusk|protosynthesisatk\n|turn|5\n|\n|t:|1683915600\n|switch|p1a: Dragonite|Dragonite, L50, M|100\/100\n|move|p2b: Great Tusk|Headlong Rush|p1a: Dragonite\n|-immune|p1a: Dragonite\n|move|p2a: Flutter Mane|Dazzling Gleam|p1a: Dragonite|[spread] p1a,p1b\n|-supereffective|p1a: Dragonite\n|-resisted|p1b: Great Tusk\n|-damage|p1a: Dragonite|39\/100\n|-damage|p1b: Great Tusk|0 fnt\n|faint|p1b: Great Tusk\n|-end|p1b: Great Tusk|Protosynthesis|[silent]\n|\n|-weather|SunnyDay|[upkeep]\n|-sideend|p2: Shuza06|move: Tailwind\n|upkeep\n|\n|t:|1683915613\n|switch|p1b: Murkrow|Murkrow, L50, F|17\/100\n|turn|6\n|\n|t:|1683915622\n|move|p1b: Murkrow|Tailwind|p1b: Murkrow\n|-sidestart|p1: revocolombia|move: Tailwind\n|move|p1a: Dragonite|Earthquake|p2a: Flutter Mane|[spread] p2a,p2b\n|-immune|p1b: Murkrow\n|-damage|p2a: Flutter Mane|26\/100\n|-damage|p2b: Great Tusk|69\/100\n|move|p2b: Great Tusk|Headlong Rush|p1a: Dragonite\n|-immune|p1a: Dragonite\n|move|p2a: Flutter Mane|Dazzling Gleam|p1b: Murkrow|[spread] p1a,p1b\n|-supereffective|p1a: Dragonite\n|-supereffective|p1b: Murkrow\n|-damage|p1a: Dragonite|0 fnt\n|-damage|p1b: Murkrow|0 fnt\n|faint|p1a: Dragonite\n|faint|p1b: Murkrow\n|\n|win|Shuza06\n|raw|revocolombia's rating: 1637 → 1616<\/strong> (-21 for losing)\n|raw|Shuza06's rating: 1621 → 1642<\/strong> (+21 for winning)\n|l|\u2606Shuza06\n|l| Ok Funny Guy\n","uploadtime":1683915644,"views":15,"p1id":"revocolombia","p2id":"shuza06","formatid":"gen9vgc2023regulationc","rating":1616,"private":0,"password":""}