{"id":"gen9vgc2023regulationc-1850634691","p1":"RadialVGC","p2":"TheHustlerKid","format":"[Gen 9] VGC 2023 Regulation C","log":"|j|\u2606RadialVGC\n|j|\u2606TheHustlerKid\n|t:|1682354817\n|gametype|doubles\n|player|p1|RadialVGC|volo|1148\n|player|p2|TheHustlerKid|lucas|1117\n|teamsize|p1|6\n|teamsize|p2|6\n|gen|9\n|tier|[Gen 9] VGC 2023 Regulation C\n|rated|\n|rule|Species Clause: Limit one of each Pok\u00e9mon\n|rule|Item Clause: Limit one of each item\n|clearpoke\n|poke|p1|Amoonguss, L50, F|\n|poke|p1|Krookodile, L50, M|\n|poke|p1|Iron Hands, L50|\n|poke|p1|Chi-Yu, L50|\n|poke|p1|Palafin, L50, M|\n|poke|p1|Baxcalibur, L50, M|\n|poke|p2|Meowscarada, L50, M|\n|poke|p2|Hydreigon, L50, F|\n|poke|p2|Armarouge, L50, M|\n|poke|p2|Annihilape, L50, M|\n|poke|p2|Azumarill, L50, F|\n|poke|p2|Abomasnow, L50, F|\n|teampreview|4\n|\n|t:|1682354864\n|start\n|switch|p1a: Iron Hands|Iron Hands, L50, shiny|100\/100\n|switch|p1b: Palafin|Palafin, L50, M, shiny|100\/100\n|switch|p2a: Abomasnow|Abomasnow, L50, F, shiny|100\/100\n|switch|p2b: Meowscarada|Meowscarada, L50, M|100\/100\n|-weather|Snow|[from] ability: Snow Warning|[of] p2a: Abomasnow\n|turn|1\n|\n|t:|1682354885\n|move|p1b: Palafin|Protect|p1b: Palafin\n|-singleturn|p1b: Palafin|Protect\n|move|p1a: Iron Hands|Fake Out|p2b: Meowscarada\n|-damage|p2b: Meowscarada|76\/100\n|cant|p2b: Meowscarada|flinch\n|move|p2a: Abomasnow|Aurora Veil|p2a: Abomasnow\n|-sidestart|p2: TheHustlerKid|move: Aurora Veil\n|\n|-weather|Snow|[upkeep]\n|upkeep\n|turn|2\n|\n|t:|1682354902\n|detailschange|p1b: Palafin|Palafin-Hero, L50, M, shiny\n|switch|p1b: Amoonguss|Amoonguss, L50, F, shiny|100\/100\n|move|p2b: Meowscarada|Play Rough|p1a: Iron Hands\n|-start|p2b: Meowscarada|typechange|Fairy|[from] ability: Protean\n|-supereffective|p1a: Iron Hands\n|-damage|p1a: Iron Hands|48\/100\n|move|p2a: Abomasnow|Energy Ball|p1b: Amoonguss\n|-resisted|p1b: Amoonguss\n|-damage|p1b: Amoonguss|95\/100\n|move|p1a: Iron Hands|Drain Punch|p2b: Meowscarada\n|-resisted|p2b: Meowscarada\n|-damage|p2b: Meowscarada|51\/100\n|-heal|p1a: Iron Hands|56\/100|[from] drain|[of] p2b: Meowscarada\n|\n|-weather|Snow|[upkeep]\n|upkeep\n|turn|3\n|\n|t:|1682354930\n|move|p1b: Amoonguss|Rage Powder|p1b: Amoonguss\n|-singleturn|p1b: Amoonguss|move: Rage Powder\n|move|p2b: Meowscarada|Play Rough|p1b: Amoonguss\n|-resisted|p1b: Amoonguss\n|-damage|p1b: Amoonguss|79\/100\n|-damage|p2b: Meowscarada|34\/100|[from] item: Rocky Helmet|[of] p1b: Amoonguss\n|move|p2a: Abomasnow|Blizzard|p1a: Iron Hands|[spread] p1a,p1b\n|-supereffective|p1b: Amoonguss\n|-damage|p1a: Iron Hands|40\/100\n|-damage|p1b: Amoonguss|37\/100\n|-status|p1a: Iron Hands|frz\n|cant|p1a: Iron Hands|frz\n|\n|-weather|Snow|[upkeep]\n|upkeep\n|turn|4\n|\n|t:|1682354950\n|switch|p2b: Armarouge|Armarouge, L50, M|100\/100\n|move|p1b: Amoonguss|Rage Powder|p1b: Amoonguss\n|-singleturn|p1b: Amoonguss|move: Rage Powder\n|move|p2a: Abomasnow|Blizzard|p1b: Amoonguss|[spread] p1a,p1b\n|-supereffective|p1b: Amoonguss\n|-damage|p1a: Iron Hands|24\/100 frz\n|-damage|p1b: Amoonguss|0 fnt\n|faint|p1b: Amoonguss\n|cant|p1a: Iron Hands|frz\n|\n|-weather|Snow|[upkeep]\n|upkeep\n|\n|t:|1682354963\n|switch|p1b: Palafin|Palafin-Hero, L50, M, shiny|100\/100\n|-activate|p1b: Palafin|ability: Zero to Hero\n|turn|5\n|\n|t:|1682354973\n|-terastallize|p2b: Armarouge|Grass\n|move|p1b: Palafin|Wave Crash|p2b: Armarouge\n|-resisted|p2b: Armarouge\n|-damage|p2b: Armarouge|72\/100\n|-enditem|p2b: Armarouge|Absorb Bulb\n|-boost|p2b: Armarouge|spa|1|[from] item: Absorb Bulb\n|-damage|p1b: Palafin|91\/100|[from] Recoil\n|move|p2b: Armarouge|Psychic|p1b: Palafin\n|-damage|p1b: Palafin|9\/100\n|move|p2a: Abomasnow|Energy Ball|p1b: Palafin\n|-supereffective|p1b: Palafin\n|-crit|p1b: Palafin\n|-damage|p1b: Palafin|0 fnt\n|faint|p1b: Palafin\n|cant|p1a: Iron Hands|frz\n|\n|-weather|none\n|upkeep\n|\n|t:|1682354991\n|switch|p1b: Baxcalibur|Baxcalibur, L50, M, shiny|100\/100\n|turn|6\n|\n|t:|1682355007\n|move|p1b: Baxcalibur|Ice Shard|p2b: Armarouge\n|-supereffective|p2b: Armarouge\n|-damage|p2b: Armarouge|45\/100\n|move|p2b: Armarouge|Aura Sphere|p1b: Baxcalibur\n|-supereffective|p1b: Baxcalibur\n|-damage|p1b: Baxcalibur|14\/100\n|move|p2a: Abomasnow|Blizzard|p1b: Baxcalibur|[spread] p1a,p1b\n|-damage|p1a: Iron Hands|8\/100 frz\n|-damage|p1b: Baxcalibur|0 fnt\n|faint|p1b: Baxcalibur\n|cant|p1a: Iron Hands|frz\n|\n|upkeep\n|turn|7\n|-message|RadialVGC forfeited.\n|\n|win|TheHustlerKid\n|raw|RadialVGC's rating: 1148 → 1121<\/strong> (-27 for losing)\n|raw|TheHustlerKid's rating: 1117 → 1144<\/strong> (+27 for winning)\n|l|\u2606RadialVGC\n","uploadtime":1682355029,"views":16,"p1id":"radialvgc","p2id":"thehustlerkid","formatid":"gen9vgc2023regulationc","rating":1121,"private":0,"password":""}