{"id":"gen9vgc2023regulationc-1857734947","p1":"Dunnakhiin","p2":"TeamInferno Ted","format":"[Gen 9] VGC 2023 Regulation C","log":"|j|\u2606Dunnakhiin\n|j|\u2606TeamInferno Ted\n|t:|1683226783\n|gametype|doubles\n|player|p1|Dunnakhiin|2|\n|player|p2|TeamInferno Ted|pokemaniac|\n|teamsize|p1|6\n|teamsize|p2|6\n|gen|9\n|tier|[Gen 9] VGC 2023 Regulation C\n|rule|Species Clause: Limit one of each Pok\u00e9mon\n|rule|Item Clause: Limit one of each item\n|clearpoke\n|poke|p1|Gyarados, L50, F|\n|poke|p1|Grumpig, L50, M|\n|poke|p1|Gholdengo, L50|\n|poke|p1|Murkrow, L50, M|\n|poke|p1|Glaceon, L50, F|\n|poke|p1|Zoroark, L50, M|\n|poke|p2|Pelipper, L50, F|\n|poke|p2|Amoonguss, L50, M|\n|poke|p2|Lucario, L50, M|\n|poke|p2|Dragonite, L50, M|\n|poke|p2|Floatzel, L50, F|\n|poke|p2|Blissey, L50, F|\n|teampreview|4\n|c|\u2606Dunnakhiin|GL HF for game 2!\n|c|\u2606TeamInferno Ted|u2\n|c|\u2606Dunnakhiin|Right off the bat im thinking i should drop stone edge on Gyarados\n|c|\u2606TeamInferno Ted|probs yeah\n|c|\u2606TeamInferno Ted|80% accuracy is rough\n|c|\u2606Dunnakhiin|Yeaaaaah\n|\n|t:|1683226864\n|start\n|switch|p1a: Gholdengo|Gholdengo, L50|100\/100\n|switch|p1b: Murkrow|Murkrow, L50, M|100\/100\n|switch|p2a: Pelipper|Pelipper, L50, F|100\/100\n|switch|p2b: Blissey|Blissey, L50, F|100\/100\n|-weather|RainDance|[from] ability: Drizzle|[of] p2a: Pelipper\n|turn|1\n|\n|t:|1683226885\n|move|p1b: Murkrow|Tailwind|p1b: Murkrow\n|-sidestart|p1: Dunnakhiin|move: Tailwind\n|move|p1a: Gholdengo|Dark Pulse|p2a: Pelipper\n|-damage|p2a: Pelipper|41\/100\n|move|p2a: Pelipper|Tailwind|p2a: Pelipper\n|-sidestart|p2: TeamInferno Ted|move: Tailwind\n|move|p2b: Blissey|Blizzard|p1a: Gholdengo|[spread] p1a,p1b\n|-supereffective|p1b: Murkrow\n|-damage|p1a: Gholdengo|70\/100\n|-damage|p1b: Murkrow|60\/100\n|replace|p1a: Zoroark|Zoroark, L50, M\n|-end|p1a: Zoroark|Illusion\n|\n|-weather|RainDance|[upkeep]\n|upkeep\n|turn|2\n|c|\u2606TeamInferno Ted|when you hit blizzard in rain\n|c|\u2606TeamInferno Ted|both for that matter\n|\n|t:|1683226928\n|move|p1b: Murkrow|Thunder Wave|p2b: Blissey\n|-status|p2b: Blissey|par\n|move|p1a: Zoroark|Dark Pulse|p2a: Pelipper\n|-damage|p2a: Pelipper|0 fnt\n|faint|p2a: Pelipper\n|move|p2b: Blissey|Blizzard|p1a: Zoroark|[spread] p1a,p1b\n|-supereffective|p1b: Murkrow\n|-damage|p1a: Zoroark|40\/100\n|-damage|p1b: Murkrow|25\/100\n|-status|p1a: Zoroark|frz\n|-status|p1b: Murkrow|frz\n|\n|-weather|RainDance|[upkeep]\n|upkeep\n|c|\u2606Dunnakhiin|Jfc\n|c|\u2606TeamInferno Ted|I'm sorry\n|c|\u2606TeamInferno Ted|serene grace is a problem\n|\n|t:|1683226951\n|switch|p2a: Lucario|Lucario, L50, M|100\/100\n|turn|3\n|c|\u2606Dunnakhiin|Not your fault, haha\n|c|\u2606Dunnakhiin|Huh, didnt realise Blissey got serene grace\n|c|\u2606TeamInferno Ted|it does ye\n|\n|t:|1683226976\n|-terastallize|p2a: Lucario|Fairy\n|cant|p1b: Murkrow|frz\n|cant|p1a: Zoroark|frz\n|move|p2a: Lucario|Agility|p2a: Lucario\n|-boost|p2a: Lucario|spe|2\n|move|p2b: Blissey|Blizzard|p1b: Murkrow|[spread] p1a,p1b\n|-supereffective|p1b: Murkrow\n|-damage|p1a: Zoroark|10\/100 frz\n|-damage|p1b: Murkrow|0 fnt\n|faint|p1b: Murkrow\n|\n|-weather|RainDance|[upkeep]\n|upkeep\n|c|\u2606Dunnakhiin|Wait doesnt flamethrower thaw?\n|\n|t:|1683226996\n|switch|p1b: Gholdengo|Gholdengo, L50|100\/100\n|turn|4\n|c|\u2606TeamInferno Ted|no thats flare blitz\n|\n|t:|1683227032\n|-terastallize|p1b: Gholdengo|Water\n|move|p2a: Lucario|Thunder Punch|p1b: Gholdengo\n|-supereffective|p1b: Gholdengo\n|-damage|p1b: Gholdengo|31\/100\n|-damage|p2a: Lucario|91\/100|[from] item: Life Orb\n|cant|p1a: Zoroark|frz\n|move|p1b: Gholdengo|Make It Rain|p2a: Lucario|[spread] p2a,p2b\n|-supereffective|p2a: Lucario\n|-damage|p2a: Lucario|0 fnt\n|-damage|p2b: Blissey|80\/100 par\n|-unboost|p1b: Gholdengo|spa|1\n|faint|p2a: Lucario\n|cant|p2b: Blissey|par\n|\n|-weather|RainDance|[upkeep]\n|-heal|p2b: Blissey|86\/100 par|[from] item: Leftovers\n|-sideend|p1: Dunnakhiin|move: Tailwind\n|-sideend|p2: TeamInferno Ted|move: Tailwind\n|upkeep\n|\n|t:|1683227048\n|switch|p2a: Floatzel|Floatzel, L50, F|100\/100\n|turn|5\n|\n|t:|1683227057\n|move|p1b: Gholdengo|Protect|p1b: Gholdengo\n|-singleturn|p1b: Gholdengo|Protect\n|move|p2a: Floatzel|Aqua Jet|p1a: Zoroark\n|-crit|p1a: Zoroark\n|-damage|p1a: Zoroark|0 fnt\n|faint|p1a: Zoroark\n|move|p2b: Blissey|Blizzard|p1b: Gholdengo\n|-activate|p1b: Gholdengo|move: Protect\n|\n|-weather|none\n|-heal|p2b: Blissey|92\/100 par|[from] item: Leftovers\n|upkeep\n|\n|t:|1683227070\n|switch|p1a: Grumpig|Grumpig, L50, M|100\/100\n|turn|6\n|\n|t:|1683227078\n|move|p2a: Floatzel|Crunch|p1a: Grumpig\n|-supereffective|p1a: Grumpig\n|-damage|p1a: Grumpig|53\/100\n|move|p1b: Gholdengo|Thunderbolt|p2a: Floatzel\n|-supereffective|p2a: Floatzel\n|-damage|p2a: Floatzel|0 fnt\n|faint|p2a: Floatzel\n|move|p1a: Grumpig|Dazzling Gleam|p2b: Blissey\n|-damage|p2b: Blissey|86\/100 par\n|cant|p2b: Blissey|par\n|\n|-heal|p2b: Blissey|92\/100 par|[from] item: Leftovers\n|upkeep\n|turn|7\n|\n|t:|1683227094\n|move|p1b: Gholdengo|Thunderbolt|p2b: Blissey\n|-damage|p2b: Blissey|82\/100 par\n|move|p1a: Grumpig|Dazzling Gleam|p2b: Blissey\n|-damage|p2b: Blissey|76\/100 par\n|move|p2b: Blissey|Blizzard|p1a: Grumpig|[spread] p1b\n|-miss|p2b: Blissey|p1a: Grumpig\n|-resisted|p1b: Gholdengo\n|-damage|p1b: Gholdengo|24\/100\n|\n|-heal|p2b: Blissey|82\/100 par|[from] item: Leftovers\n|upkeep\n|turn|8\n|\n|t:|1683227108\n|move|p1b: Gholdengo|Thunderbolt|p2b: Blissey\n|-damage|p2b: Blissey|74\/100 par\n|move|p1a: Grumpig|Dazzling Gleam|p2b: Blissey\n|-damage|p2b: Blissey|67\/100 par\n|cant|p2b: Blissey|par\n|\n|-heal|p2b: Blissey|73\/100 par|[from] item: Leftovers\n|upkeep\n|turn|9\n|c|\u2606Dunnakhiin|This might take a while\n|\n|t:|1683227128\n|cant|p2b: Blissey|par\n|move|p1b: Gholdengo|Thunderbolt|p2b: Blissey\n|-damage|p2b: Blissey|65\/100 par\n|move|p1a: Grumpig|Dazzling Gleam|p2b: Blissey\n|-damage|p2b: Blissey|58\/100 par\n|\n|-heal|p2b: Blissey|64\/100 par|[from] item: Leftovers\n|upkeep\n|turn|10\n|c|\u2606TeamInferno Ted|Yeah I think blissey can be a problem for you\n|\n|t:|1683227142\n|cant|p2b: Blissey|par\n|move|p1b: Gholdengo|Make It Rain|p2b: Blissey\n|-damage|p2b: Blissey|47\/100 par\n|-unboost|p1b: Gholdengo|spa|1\n|move|p1a: Grumpig|Dazzling Gleam|p2b: Blissey\n|-damage|p2b: Blissey|41\/100 par\n|\n|-heal|p2b: Blissey|47\/100 par|[from] item: Leftovers\n|upkeep\n|turn|11\n|c|\u2606Dunnakhiin|I think Gyarados might deal with her ok, but i agree\n|\n|t:|1683227179\n|move|p2b: Blissey|Protect|p2b: Blissey\n|-singleturn|p2b: Blissey|Protect\n|move|p1b: Gholdengo|Thunderbolt|p2b: Blissey\n|-activate|p2b: Blissey|move: Protect\n|move|p1a: Grumpig|Dazzling Gleam|p2b: Blissey\n|-activate|p2b: Blissey|move: Protect\n|\n|-heal|p2b: Blissey|53\/100 par|[from] item: Leftovers\n|upkeep\n|turn|12\n|\n|t:|1683227191\n|move|p1b: Gholdengo|Thunderbolt|p2b: Blissey\n|-damage|p2b: Blissey|46\/100 par\n|move|p1a: Grumpig|Dazzling Gleam|p2b: Blissey\n|-damage|p2b: Blissey|39\/100 par\n|move|p2b: Blissey|Blizzard|p1a: Grumpig|[spread] p1a,p1b\n|-resisted|p1b: Gholdengo\n|-damage|p1a: Grumpig|40\/100\n|-damage|p1b: Gholdengo|16\/100\n|-status|p1a: Grumpig|frz\n|\n|-heal|p2b: Blissey|46\/100 par|[from] item: Leftovers\n|upkeep\n|turn|13\n|\n|t:|1683227206\n|move|p2b: Blissey|Protect|p2b: Blissey\n|-singleturn|p2b: Blissey|Protect\n|move|p1b: Gholdengo|Thunderbolt|p2b: Blissey\n|-activate|p2b: Blissey|move: Protect\n|cant|p1a: Grumpig|frz\n|\n|-heal|p2b: Blissey|52\/100 par|[from] item: Leftovers\n|upkeep\n|turn|14\n|\n|t:|1683227217\n|move|p1b: Gholdengo|Thunderbolt|p2b: Blissey\n|-damage|p2b: Blissey|45\/100 par\n|cant|p1a: Grumpig|frz\n|move|p2b: Blissey|Blizzard|p1b: Gholdengo|[spread] \n|-miss|p2b: Blissey|p1a: Grumpig\n|-miss|p2b: Blissey|p1b: Gholdengo\n|\n|-heal|p2b: Blissey|51\/100 par|[from] item: Leftovers\n|upkeep\n|turn|15\n|c|\u2606Dunnakhiin|I think swap Zoroark for Heracross too, realistically Zoroark isnt doing much\n|\n|t:|1683227259\n|move|p1b: Gholdengo|Thunderbolt|p2b: Blissey\n|-damage|p2b: Blissey|44\/100 par\n|cant|p1a: Grumpig|frz\n|move|p2b: Blissey|Blizzard|p1a: Grumpig|[spread] p1a\n|-miss|p2b: Blissey|p1b: Gholdengo\n|-damage|p1a: Grumpig|25\/100 frz\n|-enditem|p1a: Grumpig|Aguav Berry|[eat]\n|-heal|p1a: Grumpig|58\/100 frz|[from] item: Aguav Berry\n|\n|-heal|p2b: Blissey|50\/100 par|[from] item: Leftovers\n|upkeep\n|turn|16\n|c|\u2606TeamInferno Ted|yeah\n|\n|t:|1683227273\n|move|p2b: Blissey|Protect|p2b: Blissey\n|-singleturn|p2b: Blissey|Protect\n|move|p1b: Gholdengo|Thunderbolt|p2b: Blissey\n|-activate|p2b: Blissey|move: Protect\n|cant|p1a: Grumpig|frz\n|\n|-heal|p2b: Blissey|57\/100 par|[from] item: Leftovers\n|upkeep\n|turn|17\n|c|\u2606TeamInferno Ted|Blizzard was my only move rip\n|c|\u2606TeamInferno Ted|should probs had something\n|\n|t:|1683227296\n|move|p1b: Gholdengo|Thunderbolt|p2b: Blissey\n|-damage|p2b: Blissey|50\/100 par\n|cant|p1a: Grumpig|frz\n|cant|p2b: Blissey|par\n|\n|-heal|p2b: Blissey|56\/100 par|[from] item: Leftovers\n|upkeep\n|turn|18\n|c|\u2606Dunnakhiin|Mind if we do one more game after i make the few tweaks?\n|c|\u2606Dunnakhiin|Because i imagine neither of us want to sit through slowly hitting Blissey, haha\n|c|\u2606TeamInferno Ted|Yes lol\n|-message|Dunnakhiin forfeited.\n|\n|win|TeamInferno Ted\n|l|\u2606Dunnakhiin\n","uploadtime":1683227461,"views":5,"p1id":"dunnakhiin","p2id":"teaminfernoted","formatid":"gen9vgc2023regulationc","rating":0,"private":0,"password":""}