{"id":"gen9vgc2023regulationc-1846645448","p1":"CbuttyVGC","p2":"gianlucone","format":"[Gen 9] VGC 2023 Regulation C","log":"|j|\u2606CbuttyVGC\n|j|\u2606gianlucone\n|t:|1681861001\n|gametype|doubles\n|player|p1|CbuttyVGC|acetrainer-gen4dp|1167\n|player|p2|gianlucone|koga|1088\n|teamsize|p1|6\n|teamsize|p2|6\n|gen|9\n|tier|[Gen 9] VGC 2023 Regulation C\n|rated|\n|rule|Species Clause: Limit one of each Pok\u00e9mon\n|rule|Item Clause: Limit one of each item\n|clearpoke\n|poke|p1|Ceruledge, L50, M|\n|poke|p1|Scream Tail, L50|\n|poke|p1|Gyarados, L50, F|\n|poke|p1|Chien-Pao, L50|\n|poke|p1|Flutter Mane, L50|\n|poke|p1|Amoonguss, L50, F|\n|poke|p2|Glimmora, L50, F|\n|poke|p2|Wo-Chien, L50|\n|poke|p2|Garganacl, L50, F|\n|poke|p2|Ting-Lu, L50|\n|poke|p2|Toxapex, L50, F|\n|poke|p2|Spiritomb, L50, M|\n|teampreview|4\n|inactive|Battle timer is ON: inactive players will automatically lose when time's up. (requested by gianlucone)\n|inactive|CbuttyVGC also wants the timer to be on.\nCbuttyVGC has agreed to open team sheets.\n|inactive|CbuttyVGC has 60 seconds left.\n|inactive|CbuttyVGC has 30 seconds left.\n|\n|t:|1681861066\n|start\n|switch|p1a: Scream Tail|Scream Tail, L50, shiny|100\/100\n|switch|p1b: Gyarados|Gyarados, L50, F, shiny|100\/100\n|switch|p2a: Spiritomb|Spiritomb, L50, M|100\/100\n|switch|p2b: Garganacl|Garganacl, L50, F|100\/100\n|-ability|p1b: Gyarados|Intimidate|boost\n|-unboost|p2a: Spiritomb|atk|1\n|-unboost|p2b: Garganacl|atk|1\n|-ability|p2a: Spiritomb|Pressure\n|-enditem|p1a: Scream Tail|Booster Energy\n|-activate|p1a: Scream Tail|ability: Protosynthesis|[fromitem]\n|-start|p1a: Scream Tail|protosynthesisspe\n|turn|1\n|inactive|gianlucone has 30 seconds left.\n|\n|t:|1681861100\n|-terastallize|p2b: Garganacl|Ghost\n|move|p1a: Scream Tail|Howl|p1a: Scream Tail|[spread] p1a,p1b\n|-boost|p1a: Scream Tail|atk|1\n|-boost|p1b: Gyarados|atk|1\n|move|p1b: Gyarados|Taunt|p2a: Spiritomb\n|-start|p2a: Spiritomb|move: Taunt\n|move|p2b: Garganacl|Salt Cure|p1a: Scream Tail\n|-crit|p1a: Scream Tail\n|-damage|p1a: Scream Tail|82\/100\n|-start|p1a: Scream Tail|Salt Cure\n|cant|p2a: Spiritomb|move: Taunt|Trick Room\n|\n|-damage|p1a: Scream Tail|70\/100|[from] Salt Cure\n|upkeep\n|turn|2\n|\n|t:|1681861120\n|-terastallize|p1b: Gyarados|Flying\n|move|p1a: Scream Tail|Howl|p1a: Scream Tail|[spread] p1a,p1b\n|-boost|p1a: Scream Tail|atk|1\n|-boost|p1b: Gyarados|atk|1\n|move|p1b: Gyarados|Tera Blast|p2b: Garganacl\n|-damage|p2b: Garganacl|37\/100\n|move|p2b: Garganacl|Salt Cure|p1b: Gyarados\n|-supereffective|p1b: Gyarados\n|-damage|p1b: Gyarados|78\/100\n|-start|p1b: Gyarados|Salt Cure\n|move|p2a: Spiritomb|Snarl|p1a: Scream Tail|[spread] p1a,p1b\n|-damage|p1a: Scream Tail|61\/100\n|-damage|p1b: Gyarados|67\/100\n|-unboost|p1a: Scream Tail|spa|1\n|-unboost|p1b: Gyarados|spa|1\n|\n|-damage|p1a: Scream Tail|49\/100|[from] Salt Cure\n|-damage|p1b: Gyarados|54\/100|[from] Salt Cure\n|upkeep\n|turn|3\n|inactive|gianlucone has 30 seconds left.\n|inactive|gianlucone has 20 seconds left.\n|inactive|gianlucone has 15 seconds left.\n|inactive|gianlucone has 10 seconds left.\n|\n|t:|1681861167\n|switch|p2b: Ting-Lu|Ting-Lu, L50|100\/100\n|-ability|p2b: Ting-Lu|Vessel of Ruin\n|move|p1a: Scream Tail|Howl|p1a: Scream Tail|[spread] p1a,p1b\n|-boost|p1a: Scream Tail|atk|1\n|-boost|p1b: Gyarados|atk|1\n|move|p1b: Gyarados|Tera Blast|p2b: Ting-Lu\n|-damage|p2b: Ting-Lu|27\/100\n|move|p2a: Spiritomb|Snarl|p1b: Gyarados|[spread] p1a,p1b\n|-damage|p1a: Scream Tail|42\/100\n|-damage|p1b: Gyarados|45\/100\n|-unboost|p1a: Scream Tail|spa|1\n|-unboost|p1b: Gyarados|spa|1\n|\n|-damage|p1a: Scream Tail|30\/100|[from] Salt Cure\n|-damage|p1b: Gyarados|33\/100|[from] Salt Cure\n|-end|p2a: Spiritomb|move: Taunt\n|upkeep\n|turn|4\n|inactive|gianlucone has 30 seconds left.\n|\n|t:|1681861194\n|switch|p2a: Glimmora|Glimmora, L50, F|100\/100\n|move|p1a: Scream Tail|Play Rough|p2b: Ting-Lu\n|-supereffective|p2b: Ting-Lu\n|-damage|p2b: Ting-Lu|0 fnt\n|faint|p2b: Ting-Lu\n|move|p1b: Gyarados|Tera Blast|p2a: Glimmora\n|-resisted|p2a: Glimmora\n|-damage|p2a: Glimmora|22\/100\n|\n|-damage|p1a: Scream Tail|17\/100|[from] Salt Cure\n|-damage|p1b: Gyarados|21\/100|[from] Salt Cure\n|upkeep\n|\n|t:|1681861207\n|switch|p2b: Spiritomb|Spiritomb, L50, M|100\/100\n|-ability|p2b: Spiritomb|Pressure\n|turn|5\n|\n|t:|1681861221\n|move|p2a: Glimmora|Spiky Shield|p2a: Glimmora\n|-singleturn|p2a: Glimmora|move: Protect\n|move|p1a: Scream Tail|Play Rough|p2b: Spiritomb\n|-supereffective|p2b: Spiritomb\n|-damage|p2b: Spiritomb|0 fnt\n|faint|p2b: Spiritomb\n|move|p1b: Gyarados|Waterfall|p2a: Glimmora\n|-activate|p2a: Glimmora|move: Protect\n|-damage|p1b: Gyarados|8\/100|[from] Spiky Shield|[of] p2a: Glimmora\n|\n|-damage|p1a: Scream Tail|5\/100|[from] Salt Cure\n|-damage|p1b: Gyarados|0 fnt|[from] Salt Cure\n|faint|p1b: Gyarados\n|upkeep\n|\n|t:|1681861233\n|switch|p1b: Ceruledge|Ceruledge, L50, M|100\/100\n|switch|p2b: Garganacl|Garganacl, L50, F, tera:Ghost|37\/100\n|turn|6\n|-message|gianlucone forfeited.\n|\n|win|CbuttyVGC\n|raw|CbuttyVGC's rating: 1167 → 1186<\/strong> (+19 for winning)\n|raw|gianlucone's rating: 1088 → 1070<\/strong> (-18 for losing)\n|l|\u2606gianlucone\n","uploadtime":1681861241,"views":21,"p1id":"cbuttyvgc","p2id":"gianlucone","formatid":"gen9vgc2023regulationc","rating":1070,"private":0,"password":""}