{"id":"gen9vgc2023regulationc-1847485577","p1":"The Penguinari","p2":"edhead64","format":"[Gen 9] VGC 2023 Regulation C","log":"|j|\u2606The Penguinari\n|j|\u2606edhead64\n|t:|1681961086\n|gametype|doubles\n|player|p1|The Penguinari|grimsley|\n|player|p2|edhead64|ethan|\n|teamsize|p1|6\n|teamsize|p2|6\n|gen|9\n|tier|[Gen 9] VGC 2023 Regulation C\n|rule|Species Clause: Limit one of each Pok\u00e9mon\n|rule|Item Clause: Limit one of each item\n|clearpoke\n|poke|p1|Iron Bundle, L50|\n|poke|p1|Amoonguss, L50, M|\n|poke|p1|Chi-Yu, L50|\n|poke|p1|Gyarados, L50, F|\n|poke|p1|Dragapult, L50, F|\n|poke|p1|Chien-Pao, L50|\n|poke|p2|Lycanroc, L50, F|\n|poke|p2|Tyranitar, L50, M|\n|poke|p2|Armarouge, L50, M|\n|poke|p2|Indeedee-F, L50, F|\n|poke|p2|Dondozo, L50, F|\n|poke|p2|Tatsugiri-Stretchy, L50, M|\n|teampreview|4\nThe Penguinari has agreed to open team sheets.\nedhead64 has agreed to open team sheets.\n|\n|t:|1681961162\n|start\n|switch|p1a: Amoonguss|Amoonguss, L50, M|100\/100\n|switch|p1b: Dragapult|Dragapult, L50, F|100\/100\n|switch|p2a: Indeedee|Indeedee-F, L50, F|100\/100\n|switch|p2b: Dondozo|Dondozo, L50, F|100\/100\n|-fieldstart|move: Psychic Terrain|[from] ability: Psychic Surge|[of] p2a: Indeedee\n|turn|1\n|\n|t:|1681961233\n|-terastallize|p2b: Dondozo|Grass\n|move|p1b: Dragapult|U-turn|p2a: Indeedee\n|-supereffective|p2a: Indeedee\n|-damage|p2a: Indeedee|13\/100\n|\n|t:|1681961244\n|switch|p1b: Iron Bundle|Iron Bundle, L50|100\/100|[from] U-turn\n|-enditem|p1b: Iron Bundle|Booster Energy\n|-activate|p1b: Iron Bundle|ability: Quark Drive|[fromitem]\n|-start|p1b: Iron Bundle|quarkdrivespe\n|move|p2b: Dondozo|Wave Crash|p1b: Iron Bundle\n|-resisted|p1b: Iron Bundle\n|-damage|p1b: Iron Bundle|66\/100\n|-damage|p2b: Dondozo|93\/100|[from] Recoil\n|move|p1a: Amoonguss|Spore|p2b: Dondozo\n|-immune|p2b: Dondozo\n|move|p2a: Indeedee|Trick Room|p2a: Indeedee\n|-fieldstart|move: Trick Room|[of] p2a: Indeedee\n|\n|upkeep\n|turn|2\n|\n|t:|1681961270\n|move|p2a: Indeedee|Helping Hand|p2b: Dondozo\n|-singleturn|p2b: Dondozo|Helping Hand|[of] p2a: Indeedee\n|move|p1a: Amoonguss|Pollen Puff|p1b: Iron Bundle\n|-heal|p1b: Iron Bundle|100\/100\n|move|p2b: Dondozo|Tera Blast|p1b: Iron Bundle\n|-supereffective|p1b: Iron Bundle\n|-damage|p1b: Iron Bundle|0 fnt\n|faint|p1b: Iron Bundle\n|-end|p1b: Iron Bundle|Quark Drive|[silent]\n|\n|upkeep\n|\n|t:|1681961281\n|switch|p1b: Chien-Pao|Chien-Pao, L50|100\/100\n|-ability|p1b: Chien-Pao|Sword of Ruin\n|turn|3\n|\n|t:|1681961315\n|switch|p1a: Dragapult|Dragapult, L50, F|100\/100\n|switch|p2a: Tyranitar|Tyranitar, L50, M|100\/100\n|-weather|Sandstorm|[from] ability: Sand Stream|[of] p2a: Tyranitar\n|move|p2b: Dondozo|Wave Crash|p1b: Chien-Pao\n|-damage|p1b: Chien-Pao|23\/100\n|-damage|p2b: Dondozo|77\/100|[from] Recoil\n|move|p1b: Chien-Pao|Ice Spinner|p2b: Dondozo\n|-supereffective|p2b: Dondozo\n|-damage|p2b: Dondozo|0 fnt\n|-fieldend|move: Psychic Terrain\n|faint|p2b: Dondozo\n|\n|-weather|Sandstorm|[upkeep]\n|-damage|p1b: Chien-Pao|17\/100|[from] Sandstorm\n|-damage|p1a: Dragapult|95\/100|[from] Sandstorm\n|upkeep\n|\n|t:|1681961334\n|switch|p2b: Indeedee|Indeedee-F, L50, F|13\/100\n|-fieldstart|move: Psychic Terrain|[from] ability: Psychic Surge|[of] p2b: Indeedee\n|turn|4\n|\n|t:|1681961386\n|-terastallize|p1a: Dragapult|Steel\n|move|p1b: Chien-Pao|Protect|p1b: Chien-Pao\n|-singleturn|p1b: Chien-Pao|Protect\n|move|p2a: Tyranitar|Ice Punch|p1a: Dragapult\n|-resisted|p1a: Dragapult\n|-damage|p1a: Dragapult|56\/100\n|move|p2b: Indeedee|Dazzling Gleam|p1a: Dragapult|[spread] p1a\n|-activate|p1b: Chien-Pao|move: Protect\n|-resisted|p1a: Dragapult\n|-damage|p1a: Dragapult|45\/100\n|move|p1a: Dragapult|Tera Blast|p2a: Tyranitar\n|-supereffective|p2a: Tyranitar\n|-damage|p2a: Tyranitar|0 fnt\n|faint|p2a: Tyranitar\n|\n|-weather|Sandstorm|[upkeep]\n|-damage|p1b: Chien-Pao|11\/100|[from] Sandstorm\n|upkeep\n|\n|t:|1681961395\n|switch|p2a: Tatsugiri|Tatsugiri-Stretchy, L50, M|100\/100\n|turn|5\n|\n|t:|1681961437\n|switch|p1a: Amoonguss|Amoonguss, L50, M|100\/100\n|move|p2b: Indeedee|Helping Hand|p2a: Tatsugiri\n|-singleturn|p2a: Tatsugiri|Helping Hand|[of] p2b: Indeedee\n|move|p1b: Chien-Pao|Protect|p1b: Chien-Pao\n|-singleturn|p1b: Chien-Pao|Protect\n|move|p2a: Tatsugiri|Muddy Water|p1b: Chien-Pao|[spread] p1a\n|-activate|p1b: Chien-Pao|move: Protect\n|-resisted|p1a: Amoonguss\n|-damage|p1a: Amoonguss|72\/100\n|\n|-weather|Sandstorm|[upkeep]\n|-damage|p1a: Amoonguss|66\/100|[from] Sandstorm\n|-damage|p2a: Tatsugiri|95\/100|[from] Sandstorm\n|-damage|p1b: Chien-Pao|6\/100|[from] Sandstorm\n|-fieldend|move: Trick Room\n|upkeep\n|turn|6\n|\n|t:|1681961480\n|move|p2b: Indeedee|Follow Me|p2b: Indeedee\n|-singleturn|p2b: Indeedee|move: Follow Me\n|move|p1b: Chien-Pao|Ice Spinner|p2b: Indeedee\n|-damage|p2b: Indeedee|0 fnt\n|-fieldend|move: Psychic Terrain\n|faint|p2b: Indeedee\n|move|p2a: Tatsugiri|Muddy Water|p1b: Chien-Pao|[spread] p1a,p1b\n|-resisted|p1a: Amoonguss\n|-damage|p1a: Amoonguss|45\/100\n|-damage|p1b: Chien-Pao|0 fnt\n|-unboost|p1a: Amoonguss|accuracy|1\n|-enditem|p1a: Amoonguss|Sitrus Berry|[eat]\n|-heal|p1a: Amoonguss|70\/100|[from] item: Sitrus Berry\n|faint|p1b: Chien-Pao\n|move|p1a: Amoonguss|Pollen Puff|p2a: Tatsugiri\n|-damage|p2a: Tatsugiri|70\/100\n|\n|-weather|Sandstorm|[upkeep]\n|-damage|p2a: Tatsugiri|65\/100|[from] Sandstorm\n|-damage|p1a: Amoonguss|64\/100|[from] Sandstorm\n|upkeep\n|\n|t:|1681961496\n|switch|p1b: Dragapult|Dragapult, L50, F, tera:Steel|45\/100\n|turn|7\n|\n|t:|1681961503\n|move|p1b: Dragapult|Dragon Darts|p2a: Tatsugiri\n|-supereffective|p2a: Tatsugiri\n|-damage|p2a: Tatsugiri|0 fnt\n|faint|p2a: Tatsugiri\n|\n|win|The Penguinari\n","uploadtime":1681961509,"views":11,"p1id":"thepenguinari","p2id":"edhead64","formatid":"gen9vgc2023regulationc","rating":0,"private":0,"password":""}