{"id":"gen9vgc2023regulationc-1849214877","p1":"Christisking7","p2":"Serotonin Dealer","format":"[Gen 9] VGC 2023 Regulation C","log":"|j|\u2606Christisking7\n|j|\u2606Serotonin Dealer\n|t:|1682173706\n|gametype|doubles\n|player|p1|Christisking7|2|1000\n|player|p2|Serotonin Dealer|2|1045\n|teamsize|p1|6\n|teamsize|p2|6\n|gen|9\n|tier|[Gen 9] VGC 2023 Regulation C\n|rated|\n|rule|Species Clause: Limit one of each Pok\u00e9mon\n|rule|Item Clause: Limit one of each item\n|clearpoke\n|poke|p1|Chien-Pao, L50|\n|poke|p1|Arcanine, L50, M|\n|poke|p1|Dragonite, L50, M|\n|poke|p1|Dondozo, L50, M|\n|poke|p1|Flutter Mane, L50|\n|poke|p1|Stantler, L50, M|\n|poke|p2|Farigiraf, L50, M|\n|poke|p2|Scizor, L50, F|\n|poke|p2|Iron Bundle, L50|\n|poke|p2|Chi-Yu, L50|\n|poke|p2|Flutter Mane, L50|\n|poke|p2|Iron Hands, L50|\n|teampreview|4\n|\n|t:|1682173811\n|start\n|switch|p1a: Stantler|Stantler, L50, M, shiny|100\/100\n|switch|p1b: Arcanine|Arcanine, L50, M, shiny|100\/100\n|switch|p2a: Iron Bundle|Iron Bundle, L50|100\/100\n|switch|p2b: Scizor|Scizor, L50, F|100\/100\n|-ability|p1b: Arcanine|Intimidate|boost\n|-unboost|p2a: Iron Bundle|atk|1\n|-unboost|p2b: Scizor|atk|1\n|-ability|p1a: Stantler|Intimidate|boost\n|-unboost|p2a: Iron Bundle|atk|1\n|-unboost|p2b: Scizor|atk|1\n|-enditem|p2a: Iron Bundle|Booster Energy\n|-activate|p2a: Iron Bundle|ability: Quark Drive|[fromitem]\n|-start|p2a: Iron Bundle|quarkdrivespe\n|turn|1\n|c|\u2606Serotonin Dealer|glhf\n|\n|t:|1682173878\n|switch|p1a: Chien-Pao|Chien-Pao, L50|100\/100\n|-ability|p1a: Chien-Pao|Sword of Ruin\n|switch|p2b: Chi-Yu|Chi-Yu, L50|100\/100\n|-ability|p2b: Chi-Yu|Beads of Ruin\n|-terastallize|p1b: Arcanine|Water\n|move|p2a: Iron Bundle|Freeze-Dry|p1a: Chien-Pao\n|-resisted|p1a: Chien-Pao\n|-damage|p1a: Chien-Pao|62\/100\n|move|p1b: Arcanine|Howl|p1b: Arcanine|[spread] p1a,p1b\n|-boost|p1a: Chien-Pao|atk|1\n|-boost|p1b: Arcanine|atk|1\n|\n|upkeep\n|turn|2\n|\n|t:|1682173941\n|move|p2a: Iron Bundle|Protect|p2a: Iron Bundle\n|-singleturn|p2a: Iron Bundle|Protect\n|move|p1a: Chien-Pao|Sucker Punch|p2b: Chi-Yu\n|-resisted|p2b: Chi-Yu\n|-damage|p2b: Chi-Yu|53\/100\n|move|p2b: Chi-Yu|Heat Wave|p1a: Chien-Pao|[spread] p1a,p1b\n|-supereffective|p1a: Chien-Pao\n|-resisted|p1b: Arcanine\n|-damage|p1a: Chien-Pao|0 fnt\n|-damage|p1b: Arcanine|74\/100\n|faint|p1a: Chien-Pao\n|move|p1b: Arcanine|Flare Blitz|p2a: Iron Bundle\n|-activate|p2a: Iron Bundle|move: Protect\n|\n|upkeep\n|\n|t:|1682173956\n|switch|p1a: Dondozo|Dondozo, L50, M, shiny|100\/100\n|turn|3\n|\n|t:|1682174009\n|move|p2a: Iron Bundle|Freeze-Dry|p1b: Arcanine\n|-supereffective|p1b: Arcanine\n|-damage|p1b: Arcanine|0 fnt\n|faint|p1b: Arcanine\n|move|p2b: Chi-Yu|Dark Pulse|p1a: Dondozo\n|-damage|p1a: Dondozo|48\/100\n|move|p1a: Dondozo|Heavy Slam|p2a: Iron Bundle\n|-damage|p2a: Iron Bundle|65\/100\n|\n|-heal|p1a: Dondozo|54\/100|[from] item: Leftovers\n|upkeep\n|\n|t:|1682174019\n|switch|p1b: Stantler|Stantler, L50, M, shiny|100\/100\n|-ability|p1b: Stantler|Intimidate|boost\n|-unboost|p2a: Iron Bundle|atk|1\n|-unboost|p2b: Chi-Yu|atk|1\n|turn|4\n|\n|t:|1682174047\n|move|p1a: Dondozo|Protect|p1a: Dondozo\n|-singleturn|p1a: Dondozo|Protect\n|move|p2a: Iron Bundle|Freeze-Dry|p1b: Stantler\n|-damage|p1b: Stantler|47\/100\n|-status|p1b: Stantler|frz\n|move|p2b: Chi-Yu|Dark Pulse|p1b: Stantler\n|-damage|p1b: Stantler|0 fnt\n|faint|p1b: Stantler\n|\n|-heal|p1a: Dondozo|61\/100|[from] item: Leftovers\n|upkeep\n|turn|5\n|-message|Christisking7 forfeited.\n|\n|win|Serotonin Dealer\n|raw|Christisking7's rating: 1000 → 1000<\/strong> (+0 for losing)\n|raw|Serotonin Dealer's rating: 1045 → 1074<\/strong> (+29 for winning)\n|l|\u2606Christisking7\n|c|\u2606Serotonin Dealer|gg\n","uploadtime":1682174072,"views":2,"p1id":"christisking7","p2id":"serotonindealer","formatid":"gen9vgc2023regulationc","rating":1000,"private":0,"password":""}