{"id":"gen9vgc2023regulationc-1855906484","p1":"hysaaron","p2":"Dylanbopper","format":"[Gen 9] VGC 2023 Regulation C","log":"|j|\u2606hysaaron\n|j|\u2606Dylanbopper\n|t:|1682998795\n|gametype|doubles\n|player|p1|hysaaron|265|1213\n|player|p2|Dylanbopper|bruno|1127\n|teamsize|p1|6\n|teamsize|p2|6\n|gen|9\n|tier|[Gen 9] VGC 2023 Regulation C\n|rated|\n|rule|Species Clause: Limit one of each Pok\u00e9mon\n|rule|Item Clause: Limit one of each item\n|clearpoke\n|poke|p1|Talonflame, L50, M|\n|poke|p1|Great Tusk, L50|\n|poke|p1|Chi-Yu, L50|\n|poke|p1|Flutter Mane, L50|\n|poke|p1|Amoonguss, L50, F|\n|poke|p1|Gyarados, L50, F|\n|poke|p2|Espathra, L50, F|\n|poke|p2|Maushold-Four, L50|\n|poke|p2|Chi-Yu, L50|\n|poke|p2|Pelipper, L50, F|\n|poke|p2|Dragonite, L50, F|\n|poke|p2|Iron Treads, L50|\n|teampreview|4\n|inactive|Battle timer is ON: inactive players will automatically lose when time's up. (requested by hysaaron)\n|inactive|hysaaron has 60 seconds left.\n|inactive|Dylanbopper has 60 seconds left.\n|\n|t:|1682998851\n|start\n|switch|p1a: Talonflame|Talonflame, L50, M, shiny|100\/100\n|switch|p1b: Flutter Mane|Flutter Mane, L50|100\/100\n|switch|p2a: Dragonite|Dragonite, L50, F|100\/100\n|switch|p2b: Maushold|Maushold-Four, L50|100\/100\n|-enditem|p1b: Flutter Mane|Booster Energy\n|-activate|p1b: Flutter Mane|ability: Protosynthesis|[fromitem]\n|-start|p1b: Flutter Mane|protosynthesisspa\n|turn|1\n|inactive|hysaaron has 30 seconds left.\n|inactive|hysaaron has 20 seconds left.\n|inactive|hysaaron has 15 seconds left.\n|inactive|hysaaron has 10 seconds left.\n|\n|t:|1682998897\n|move|p2b: Maushold|Follow Me|p2b: Maushold\n|-singleturn|p2b: Maushold|move: Follow Me\n|move|p1a: Talonflame|Tailwind|p1a: Talonflame\n|-sidestart|p1: hysaaron|move: Tailwind\n|move|p1b: Flutter Mane|Substitute|p1b: Flutter Mane\n|-start|p1b: Flutter Mane|Substitute\n|-damage|p1b: Flutter Mane|76\/100\n|move|p2a: Dragonite|Rock Slide|p1b: Flutter Mane|[spread] p1a,p1b\n|-end|p1b: Flutter Mane|Substitute\n|-supereffective|p1a: Talonflame\n|-damage|p1a: Talonflame|0 fnt\n|faint|p1a: Talonflame\n|\n|upkeep\n|\n|t:|1682998911\n|switch|p1a: Chi-Yu|Chi-Yu, L50|100\/100\n|-ability|p1a: Chi-Yu|Beads of Ruin\n|turn|2\n|inactive|Dylanbopper has 30 seconds left.\n|\n|t:|1682998938\n|switch|p2a: Pelipper|Pelipper, L50, F|100\/100\n|move|p1b: Flutter Mane|Moonblast|p2a: Pelipper\n|-damage|p2a: Pelipper|9\/100\n|-unboost|p2a: Pelipper|spa|1\n|move|p1a: Chi-Yu|Heat Wave|p2a: Pelipper|[spread] p2b\n|-miss|p1a: Chi-Yu|p2a: Pelipper\n|-damage|p2b: Maushold|22\/100\n|-damage|p1a: Chi-Yu|91\/100|[from] item: Life Orb\n|move|p2b: Maushold|Population Bomb|p1a: Chi-Yu\n|-damage|p1a: Chi-Yu|85\/100\n|-damage|p1a: Chi-Yu|78\/100\n|-damage|p1a: Chi-Yu|72\/100\n|-damage|p1a: Chi-Yu|66\/100\n|-damage|p1a: Chi-Yu|60\/100\n|-damage|p1a: Chi-Yu|53\/100\n|-crit|p1a: Chi-Yu\n|-damage|p1a: Chi-Yu|44\/100\n|-damage|p1a: Chi-Yu|38\/100\n|-damage|p1a: Chi-Yu|32\/100\n|-damage|p1a: Chi-Yu|26\/100\n|-hitcount|p1a: Chi-Yu|10\n|\n|upkeep\n|turn|3\n|inactive|hysaaron has 30 seconds left.\n|inactive|Dylanbopper has 30 seconds left.\n|\n|t:|1682998972\n|move|p2a: Pelipper|Wide Guard|p2a: Pelipper\n|-singleturn|p2a: Pelipper|Wide Guard\n|move|p1b: Flutter Mane|Moonblast|p2b: Maushold\n|-damage|p2b: Maushold|0 fnt\n|faint|p2b: Maushold\n|move|p1a: Chi-Yu|Dark Pulse|p2a: Pelipper\n|-damage|p2a: Pelipper|0 fnt\n|faint|p2a: Pelipper\n|-damage|p1a: Chi-Yu|16\/100|[from] item: Life Orb\n|\n|upkeep\n|\n|t:|1682998982\n|switch|p2b: Chi-Yu|Chi-Yu, L50|100\/100\n|switch|p2a: Dragonite|Dragonite, L50, F|100\/100\n|-ability|p2b: Chi-Yu|Beads of Ruin\n|turn|4\n|inactive|hysaaron has 30 seconds left.\n|\n|t:|1682999009\n|-terastallize|p2a: Dragonite|Rock\n|move|p1b: Flutter Mane|Protect|p1b: Flutter Mane\n|-singleturn|p1b: Flutter Mane|Protect\n|move|p1a: Chi-Yu|Heat Wave|p2a: Dragonite|[spread] p2a,p2b\n|-resisted|p2a: Dragonite\n|-resisted|p2b: Chi-Yu\n|-damage|p2a: Dragonite|83\/100\n|-damage|p2b: Chi-Yu|80\/100\n|-damage|p1a: Chi-Yu|7\/100|[from] item: Life Orb\n|move|p2b: Chi-Yu|Dark Pulse|p1b: Flutter Mane\n|-activate|p1b: Flutter Mane|move: Protect\n|move|p2a: Dragonite|Rock Slide|p1b: Flutter Mane|[spread] p1a\n|-activate|p1b: Flutter Mane|move: Protect\n|-supereffective|p1a: Chi-Yu\n|-damage|p1a: Chi-Yu|0 fnt\n|faint|p1a: Chi-Yu\n|\n|-sideend|p1: hysaaron|move: Tailwind\n|upkeep\n|\n|t:|1682999031\n|switch|p1a: Great Tusk|Great Tusk, L50, shiny|100\/100\n|turn|5\n|inactive|hysaaron has 30 seconds left.\n|\n|t:|1682999057\n|-terastallize|p1b: Flutter Mane|Steel\n|move|p1a: Great Tusk|Headlong Rush|p2a: Dragonite\n|-supereffective|p2a: Dragonite\n|-damage|p2a: Dragonite|0 fnt\n|-unboost|p1a: Great Tusk|def|1\n|-unboost|p1a: Great Tusk|spd|1\n|faint|p2a: Dragonite\n|move|p2b: Chi-Yu|Psychic|p1a: Great Tusk\n|-supereffective|p1a: Great Tusk\n|-damage|p1a: Great Tusk|0 fnt\n|faint|p1a: Great Tusk\n|-end|p1a: Great Tusk|Protosynthesis|[silent]\n|move|p1b: Flutter Mane|Moonblast|p2b: Chi-Yu\n|-damage|p2b: Chi-Yu|33\/100\n|\n|upkeep\n|turn|6\n|\n|t:|1682999073\n|move|p2b: Chi-Yu|Heat Wave|p1b: Flutter Mane\n|-supereffective|p1b: Flutter Mane\n|-damage|p1b: Flutter Mane|0 fnt\n|faint|p1b: Flutter Mane\n|-end|p1b: Flutter Mane|Protosynthesis|[silent]\n|\n|win|Dylanbopper\n|raw|hysaaron's rating: 1213 → 1182<\/strong> (-31 for losing)\n|raw|Dylanbopper's rating: 1127 → 1158<\/strong> (+31 for winning)\n|l|\u2606Dylanbopper\n","uploadtime":1682999111,"views":10,"p1id":"hysaaron","p2id":"dylanbopper","formatid":"gen9vgc2023regulationc","rating":1158,"private":0,"password":""}