{"id":"gen9vgc2023regulationc-1854378344","p1":"Stevaroni7","p2":"Misha-Red","format":"[Gen 9] VGC 2023 Regulation C","log":"|j|\u2606Stevaroni7\n|j|\u2606Misha-Red\n|t:|1682803445\n|gametype|doubles\n|player|p1|Stevaroni7|102|1000\n|player|p2|Misha-Red|policeman-gen4|1016\n|teamsize|p1|6\n|teamsize|p2|6\n|gen|9\n|tier|[Gen 9] VGC 2023 Regulation C\n|rated|\n|rule|Species Clause: Limit one of each Pok\u00e9mon\n|rule|Item Clause: Limit one of each item\n|clearpoke\n|poke|p1|Iron Bundle, L50|\n|poke|p1|Flutter Mane, L50|\n|poke|p1|Sableye, L50, M|\n|poke|p1|Ceruledge, L50, M|\n|poke|p1|Dragonite, L50, M|\n|poke|p1|Amoonguss, L50, M|\n|poke|p2|Lurantis, L50, F|\n|poke|p2|Tyranitar, L50, M|\n|poke|p2|Camerupt, L50, M|\n|poke|p2|Froslass, L50, F|\n|poke|p2|Sableye, L50, M|\n|poke|p2|Gastrodon, L50, M|\n|teampreview|4\n|inactive|Battle timer is ON: inactive players will automatically lose when time's up. (requested by Stevaroni7)\n|\n|t:|1682803475\n|start\n|switch|p1a: Sableye|Sableye, L50, M|100\/100\n|switch|p1b: Iron Bundle|Iron Bundle, L50|100\/100\n|switch|p2a: Froslass|Froslass, L50, F|100\/100\n|switch|p2b: Camerupt|Camerupt, L50, M|100\/100\n|-enditem|p1b: Iron Bundle|Booster Energy\n|-activate|p1b: Iron Bundle|ability: Quark Drive|[fromitem]\n|-start|p1b: Iron Bundle|quarkdrivespe\n|turn|1\n|inactive|Stevaroni7 has 30 seconds left.\n|inactive|Stevaroni7 has 20 seconds left.\n|inactive|Stevaroni7 has 15 seconds left.\n|\n|t:|1682803517\n|switch|p2b: Gastrodon|Gastrodon, L50, M|100\/100\n|move|p1a: Sableye|Light Screen|p1a: Sableye\n|-sidestart|p1: Stevaroni7|move: Light Screen\n|move|p1b: Iron Bundle|Freeze-Dry|p2a: Froslass\n|-resisted|p2a: Froslass\n|-damage|p2a: Froslass|76\/100\n|move|p2a: Froslass|Will-O-Wisp|p1a: Sableye|[miss]\n|-miss|p2a: Froslass|p1a: Sableye\n|\n|upkeep\n|turn|2\n|\n|t:|1682803541\n|switch|p2a: Camerupt|Camerupt, L50, M|100\/100\n|move|p1a: Sableye|Reflect|p1a: Sableye\n|-sidestart|p1: Stevaroni7|Reflect\n|move|p1b: Iron Bundle|Encore||[still]\n|-fail|p1b: Iron Bundle\n|move|p2b: Gastrodon|Muddy Water|p1a: Sableye|[spread] p1a,p1b\n|-resisted|p1b: Iron Bundle\n|-damage|p1a: Sableye|86\/100\n|-damage|p1b: Iron Bundle|86\/100\n|\n|upkeep\n|turn|3\n|\n|t:|1682803563\n|switch|p2a: Froslass|Froslass, L50, F|76\/100\n|move|p1a: Sableye|Encore|p2b: Gastrodon\n|-start|p2b: Gastrodon|Encore\n|move|p1b: Iron Bundle|Hydro Pump|p2b: Gastrodon\n|-activate|p2b: Gastrodon|ability: Storm Drain\n|-ability|p2b: Gastrodon|Storm Drain|boost\n|-boost|p2b: Gastrodon|spa|1\n|move|p2b: Gastrodon|Muddy Water|p1b: Iron Bundle|[spread] p1b\n|-miss|p2b: Gastrodon|p1a: Sableye\n|-resisted|p1b: Iron Bundle\n|-damage|p1b: Iron Bundle|65\/100\n|-unboost|p1b: Iron Bundle|accuracy|1\n|\n|upkeep\n|turn|4\n|inactive|Misha-Red has 30 seconds left.\n|\n|t:|1682803591\n|switch|p2b: Camerupt|Camerupt, L50, M|100\/100\n|move|p1a: Sableye|Disable||[still]\n|-fail|p1a: Sableye\n|move|p1b: Iron Bundle|Hydro Pump|p2a: Froslass\n|-damage|p2a: Froslass|3\/100\n|move|p2a: Froslass|Frost Breath|p2b: Camerupt\n|-crit|p2b: Camerupt\n|-damage|p2b: Camerupt|72\/100\n|-setboost|p2b: Camerupt|atk|6|[from] ability: Anger Point\n|\n|upkeep\n|turn|5\n|inactive|Stevaroni7 has 30 seconds left.\n|\n|t:|1682803621\n|switch|p2a: Gastrodon|Gastrodon, L50, M|100\/100\n|switch|p1a: Ceruledge|Ceruledge, L50, M|100\/100\n|-terastallize|p2b: Camerupt|Grass\n|move|p1b: Iron Bundle|Hydro Pump|p2a: Gastrodon\n|-activate|p2a: Gastrodon|ability: Storm Drain\n|-ability|p2a: Gastrodon|Storm Drain|boost\n|-boost|p2a: Gastrodon|spa|1\n|move|p2b: Camerupt|Earthquake|p1a: Ceruledge|[spread] p2a,p1a,p1b\n|-supereffective|p1a: Ceruledge\n|-damage|p2a: Gastrodon|0 fnt\n|-damage|p1a: Ceruledge|0 fnt\n|-damage|p1b: Iron Bundle|0 fnt\n|faint|p2a: Gastrodon\n|faint|p1a: Ceruledge\n|faint|p1b: Iron Bundle\n|-end|p1b: Iron Bundle|Quark Drive|[silent]\n|\n|upkeep\n|\n|t:|1682803641\n|switch|p1b: Flutter Mane|Flutter Mane, L50|100\/100\n|switch|p1a: Sableye|Sableye, L50, M|86\/100\n|switch|p2a: Froslass|Froslass, L50, F|3\/100\n|turn|6\n|\n|t:|1682803658\n|move|p1a: Sableye|Disable|p2b: Camerupt\n|-start|p2b: Camerupt|Disable|Earthquake\n|move|p2a: Froslass|Frost Breath|p1a: Sableye\n|-crit|p1a: Sableye\n|-damage|p1a: Sableye|57\/100\n|move|p1b: Flutter Mane|Dazzling Gleam|p2a: Froslass|[spread] p2a,p2b\n|-damage|p2a: Froslass|0 fnt\n|-damage|p2b: Camerupt|24\/100\n|faint|p2a: Froslass\n|cant|p2b: Camerupt|Disable|Earthquake\n|\n|upkeep\n|\n|t:|1682803667\n|switch|p2a: Tyranitar|Tyranitar, L50, M|100\/100\n|-weather|Sandstorm|[from] ability: Sand Stream|[of] p2a: Tyranitar\n|turn|7\n|\n|t:|1682803677\n|move|p2a: Tyranitar|Protect|p2a: Tyranitar\n|-singleturn|p2a: Tyranitar|Protect\n|move|p1a: Sableye|Encore|p2b: Camerupt\n|-start|p2b: Camerupt|Encore\n|move|p1b: Flutter Mane|Dazzling Gleam|p2a: Tyranitar|[spread] p2b\n|-activate|p2a: Tyranitar|move: Protect\n|-damage|p2b: Camerupt|0 fnt\n|faint|p2b: Camerupt\n|\n|-weather|Sandstorm|[upkeep]\n|-damage|p1b: Flutter Mane|94\/100|[from] Sandstorm\n|-damage|p1a: Sableye|51\/100|[from] Sandstorm\n|upkeep\n|turn|8\n|-message|Misha-Red forfeited.\n|\n|win|Stevaroni7\n|raw|Stevaroni7's rating: 1000 → 1042<\/strong> (+42 for winning)\n|raw|Misha-Red's rating: 1016 → 1003<\/strong> (-13 for losing)\n|l|\u2606Misha-Red\n","uploadtime":1682803701,"views":23,"p1id":"stevaroni7","p2id":"mishared","formatid":"gen9vgc2023regulationc","rating":1003,"private":0,"password":""}