{"id":"gen9vgc2023regulationc-1854322581","p1":"pkmnwoo","p2":"Blumagination","format":"[Gen 9] VGC 2023 Regulation C","log":"|j|\u2606pkmnwoo\n|j|\u2606Blumagination\n|t:|1682796894\n|gametype|doubles\n|player|p1|pkmnwoo|battlegirl-gen4|1394\n|player|p2|Blumagination|clown|1465\n|teamsize|p1|6\n|teamsize|p2|6\n|gen|9\n|tier|[Gen 9] VGC 2023 Regulation C\n|rated|\n|rule|Species Clause: Limit one of each Pok\u00e9mon\n|rule|Item Clause: Limit one of each item\n|clearpoke\n|poke|p1|Ceruledge, L50, F|\n|poke|p1|Sableye, L50, F|\n|poke|p1|Iron Bundle, L50|\n|poke|p1|Flutter Mane, L50|\n|poke|p1|Chi-Yu, L50|\n|poke|p1|Ting-Lu, L50|\n|poke|p2|Iron Bundle, L50|\n|poke|p2|Flutter Mane, L50|\n|poke|p2|Garganacl, L50, F|\n|poke|p2|Arcanine, L50, M|\n|poke|p2|Amoonguss, L50, M|\n|poke|p2|Ting-Lu, L50|\n|teampreview|4\n|inactive|Battle timer is ON: inactive players will automatically lose when time's up. (requested by Blumagination)\n|c|\u2606pkmnwoo|Glhf\n|inactive|Blumagination has 60 seconds left.\n|\n|t:|1682796929\n|start\n|switch|p1a: Iron Bundle|Iron Bundle, L50|100\/100\n|switch|p1b: Sableye|Sableye, L50, F|100\/100\n|switch|p2a: Garganacl|Garganacl, L50, F|100\/100\n|switch|p2b: Ting-Lu|Ting-Lu, L50|100\/100\n|-ability|p2b: Ting-Lu|Vessel of Ruin\n|-enditem|p1a: Iron Bundle|Booster Energy\n|-activate|p1a: Iron Bundle|ability: Quark Drive|[fromitem]\n|-start|p1a: Iron Bundle|quarkdrivespe\n|turn|1\n|\n|t:|1682796937\n|-terastallize|p2a: Garganacl|Ghost\n|move|p1a: Iron Bundle|Protect|p1a: Iron Bundle\n|-singleturn|p1a: Iron Bundle|Protect\n|move|p1b: Sableye|Reflect|p1b: Sableye\n|-sidestart|p1: pkmnwoo|Reflect\n|move|p2b: Ting-Lu|Snarl|p1b: Sableye|[spread] p1b\n|-activate|p1a: Iron Bundle|move: Protect\n|-damage|p1b: Sableye|92\/100\n|-unboost|p1b: Sableye|spa|1\n|move|p2a: Garganacl|Salt Cure|p1a: Iron Bundle\n|-activate|p1a: Iron Bundle|move: Protect\n|\n|upkeep\n|turn|2\n|\n|t:|1682796961\n|-end|p1a: Iron Bundle|Quark Drive|[silent]\n|switch|p1a: Ceruledge|Ceruledge, L50, F|100\/100\n|move|p1b: Sableye|Disable|p2a: Garganacl\n|-start|p2a: Garganacl|Disable|Salt Cure\n|move|p2b: Ting-Lu|Snarl|p1b: Sableye|[spread] p1a,p1b\n|-supereffective|p1a: Ceruledge\n|-damage|p1a: Ceruledge|86\/100\n|-damage|p1b: Sableye|84\/100\n|-unboost|p1a: Ceruledge|spa|1\n|-unboost|p1b: Sableye|spa|1\n|cant|p2a: Garganacl|Disable|Salt Cure\n|\n|-heal|p1a: Ceruledge|92\/100|[from] item: Leftovers\n|upkeep\n|turn|3\n|inactive|pkmnwoo has 30 seconds left.\n|inactive|Blumagination has 30 seconds left.\n|inactive|pkmnwoo has 20 seconds left.\n|c|\u2606Blumagination|glhf\n|inactive|pkmnwoo has 15 seconds left.\n|inactive|pkmnwoo has 10 seconds left.\n|inactive|pkmnwoo has 5 seconds left.\n|\n|t:|1682797016\n|switch|p2a: Flutter Mane|Flutter Mane, L50|100\/100\n|move|p1b: Sableye|Light Screen|p1b: Sableye\n|-sidestart|p1: pkmnwoo|move: Light Screen\n|move|p1a: Ceruledge|Bitter Blade|p2a: Flutter Mane\n|-crit|p2a: Flutter Mane\n|-damage|p2a: Flutter Mane|7\/100\n|-heal|p1a: Ceruledge|100\/100|[from] drain|[of] p2a: Flutter Mane\n|move|p2b: Ting-Lu|Ruination|p1a: Ceruledge\n|-damage|p1a: Ceruledge|51\/100\n|\n|-heal|p1a: Ceruledge|57\/100|[from] item: Leftovers\n|upkeep\n|turn|4\n|inactive|pkmnwoo has 30 seconds left.\n|\n|t:|1682797042\n|-end|p2a: Flutter Mane|Protosynthesis|[silent]\n|switch|p2a: Garganacl|Garganacl, L50, F, tera:Ghost|100\/100\n|-terastallize|p1a: Ceruledge|Grass\n|move|p1a: Ceruledge|Shadow Sneak|p2a: Garganacl\n|-supereffective|p2a: Garganacl\n|-damage|p2a: Garganacl|88\/100\n|move|p1b: Sableye|Light Screen||[still]\n|-fail|p1b: Sableye\n|move|p2b: Ting-Lu|Stomping Tantrum|p1a: Ceruledge\n|-resisted|p1a: Ceruledge\n|-damage|p1a: Ceruledge|44\/100\n|\n|-heal|p1a: Ceruledge|50\/100|[from] item: Leftovers\n|-heal|p2a: Garganacl|94\/100|[from] item: Leftovers\n|upkeep\n|turn|5\n|\n|t:|1682797058\n|switch|p2b: Iron Bundle|Iron Bundle, L50|100\/100\n|-enditem|p2b: Iron Bundle|Booster Energy\n|-activate|p2b: Iron Bundle|ability: Quark Drive|[fromitem]\n|-start|p2b: Iron Bundle|quarkdrivespe\n|move|p1a: Ceruledge|Protect|p1a: Ceruledge\n|-singleturn|p1a: Ceruledge|Protect\n|move|p1b: Sableye|Light Screen||[still]\n|-fail|p1b: Sableye\n|move|p2a: Garganacl|Salt Cure|p1b: Sableye\n|-damage|p1b: Sableye|69\/100\n|-start|p1b: Sableye|Salt Cure\n|\n|-heal|p1a: Ceruledge|56\/100|[from] item: Leftovers\n|-heal|p2a: Garganacl|99\/100|[from] item: Leftovers\n|-damage|p1b: Sableye|57\/100|[from] Salt Cure\n|upkeep\n|turn|6\n|\n|t:|1682797070\n|switch|p1a: Iron Bundle|Iron Bundle, L50|100\/100\n|move|p1b: Sableye|Disable|p2a: Garganacl\n|-start|p2a: Garganacl|Disable|Salt Cure\n|move|p2b: Iron Bundle|Freeze-Dry|p1a: Iron Bundle\n|-damage|p1a: Iron Bundle|54\/100\n|move|p2a: Garganacl|Stealth Rock|p1a: Iron Bundle\n|-sidestart|p1: pkmnwoo|move: Stealth Rock\n|\n|-heal|p2a: Garganacl|100\/100|[from] item: Leftovers\n|-damage|p1b: Sableye|45\/100|[from] Salt Cure\n|upkeep\n|turn|7\n|inactive|Blumagination has 30 seconds left.\n|\n|t:|1682797097\n|switch|p2a: Ting-Lu|Ting-Lu, L50|100\/100\n|-ability|p2a: Ting-Lu|Vessel of Ruin\n|move|p1b: Sableye|Disable|p2b: Iron Bundle\n|-start|p2b: Iron Bundle|Disable|Freeze-Dry\n|cant|p2b: Iron Bundle|Disable|Freeze-Dry\n|move|p1a: Iron Bundle|Freeze-Dry|p2b: Iron Bundle\n|-damage|p2b: Iron Bundle|54\/100\n|\n|-damage|p1b: Sableye|33\/100|[from] Salt Cure\n|upkeep\n|turn|8\n|\n|t:|1682797117\n|move|p2b: Iron Bundle|Protect|p2b: Iron Bundle\n|-singleturn|p2b: Iron Bundle|Protect\n|move|p1b: Sableye|Encore|p2b: Iron Bundle\n|-activate|p2b: Iron Bundle|move: Protect\n|move|p1a: Iron Bundle|Freeze-Dry|p2b: Iron Bundle\n|-activate|p2b: Iron Bundle|move: Protect\n|move|p2a: Ting-Lu|Stomping Tantrum|p1a: Iron Bundle\n|-damage|p1a: Iron Bundle|29\/100\n|\n|-damage|p1b: Sableye|21\/100|[from] Salt Cure\n|-sideend|p1: pkmnwoo|Reflect\n|upkeep\n|turn|9\n|\n|t:|1682797124\n|-end|p2b: Iron Bundle|Quark Drive|[silent]\n|switch|p2b: Garganacl|Garganacl, L50, F, tera:Ghost|100\/100\n|move|p1b: Sableye|Encore||[still]\n|-fail|p1b: Sableye\n|move|p1a: Iron Bundle|Hydro Pump|p2a: Ting-Lu|[miss]\n|-miss|p1a: Iron Bundle|p2a: Ting-Lu\n|move|p2a: Ting-Lu|Snarl|p1a: Iron Bundle|[spread] p1a,p1b\n|-damage|p1a: Iron Bundle|19\/100\n|-damage|p1b: Sableye|15\/100\n|-unboost|p1a: Iron Bundle|spa|1\n|-unboost|p1b: Sableye|spa|1\n|\n|-damage|p1b: Sableye|3\/100|[from] Salt Cure\n|upkeep\n|turn|10\n|\n|t:|1682797134\n|move|p1b: Sableye|Reflect|p1b: Sableye\n|-sidestart|p1: pkmnwoo|Reflect\n|move|p1a: Iron Bundle|Hydro Pump|p2a: Ting-Lu\n|-supereffective|p2a: Ting-Lu\n|-damage|p2a: Ting-Lu|73\/100\n|move|p2a: Ting-Lu|Snarl|p1b: Sableye|[spread] p1b\n|-miss|p2a: Ting-Lu|p1a: Iron Bundle\n|-damage|p1b: Sableye|0 fnt\n|faint|p1b: Sableye\n|move|p2b: Garganacl|Salt Cure|p1a: Iron Bundle\n|-supereffective|p1a: Iron Bundle\n|-damage|p1a: Iron Bundle|0 fnt\n|faint|p1a: Iron Bundle\n|-end|p1a: Iron Bundle|Quark Drive|[silent]\n|\n|-sideend|p1: pkmnwoo|move: Light Screen\n|upkeep\n|\n|t:|1682797140\n|switch|p1a: Ceruledge|Ceruledge, L50, F, tera:Grass|56\/100\n|switch|p1b: Flutter Mane|Flutter Mane, L50|100\/100\n|-damage|p1b: Flutter Mane|88\/100|[from] Stealth Rock\n|-damage|p1a: Ceruledge|44\/100|[from] Stealth Rock\n|turn|11\n|\n|t:|1682797156\n|move|p1b: Flutter Mane|Shadow Ball|p2b: Garganacl\n|-supereffective|p2b: Garganacl\n|-damage|p2b: Garganacl|60\/100\n|move|p1a: Ceruledge|Bulk Up|p1a: Ceruledge\n|-boost|p1a: Ceruledge|atk|1\n|-boost|p1a: Ceruledge|def|1\n|move|p2a: Ting-Lu|Heavy Slam|p1b: Flutter Mane\n|-supereffective|p1b: Flutter Mane\n|-damage|p1b: Flutter Mane|17\/100\n|move|p2b: Garganacl|Salt Cure|p1a: Ceruledge\n|-damage|p1a: Ceruledge|38\/100\n|-start|p1a: Ceruledge|Salt Cure\n|\n|-heal|p1a: Ceruledge|44\/100|[from] item: Leftovers\n|-heal|p2b: Garganacl|66\/100|[from] item: Leftovers\n|-damage|p1a: Ceruledge|31\/100|[from] Salt Cure\n|upkeep\n|turn|12\n|\n|t:|1682797167\n|move|p1b: Flutter Mane|Shadow Ball|p2b: Garganacl\n|-supereffective|p2b: Garganacl\n|-damage|p2b: Garganacl|30\/100\n|move|p1a: Ceruledge|Bitter Blade|p2a: Ting-Lu\n|-damage|p2a: Ting-Lu|34\/100\n|-heal|p1a: Ceruledge|60\/100|[from] drain|[of] p2a: Ting-Lu\n|move|p2a: Ting-Lu|Heavy Slam|p1b: Flutter Mane\n|-supereffective|p1b: Flutter Mane\n|-damage|p1b: Flutter Mane|0 fnt\n|faint|p1b: Flutter Mane\n|-end|p1b: Flutter Mane|Protosynthesis|[silent]\n|move|p2b: Garganacl|Recover|p2b: Garganacl\n|-heal|p2b: Garganacl|80\/100\n|\n|-heal|p1a: Ceruledge|66\/100|[from] item: Leftovers\n|-heal|p2b: Garganacl|86\/100|[from] item: Leftovers\n|-damage|p1a: Ceruledge|54\/100|[from] Salt Cure\n|upkeep\n|turn|13\n|\n|t:|1682797180\n|move|p2b: Garganacl|Protect|p2b: Garganacl\n|-singleturn|p2b: Garganacl|Protect\n|move|p1a: Ceruledge|Bitter Blade|p2a: Ting-Lu\n|-damage|p2a: Ting-Lu|0 fnt\n|-heal|p1a: Ceruledge|78\/100|[from] drain|[of] p2a: Ting-Lu\n|faint|p2a: Ting-Lu\n|\n|-heal|p1a: Ceruledge|84\/100|[from] item: Leftovers\n|-heal|p2b: Garganacl|92\/100|[from] item: Leftovers\n|-damage|p1a: Ceruledge|72\/100|[from] Salt Cure\n|upkeep\n|\n|t:|1682797186\n|switch|p2a: Iron Bundle|Iron Bundle, L50|54\/100\n|turn|14\n|\n|t:|1682797201\n|move|p2a: Iron Bundle|Freeze-Dry|p1a: Ceruledge\n|-supereffective|p1a: Ceruledge\n|-damage|p1a: Ceruledge|12\/100\n|move|p1a: Ceruledge|Bitter Blade|p2a: Iron Bundle\n|-damage|p2a: Iron Bundle|0 fnt\n|-heal|p1a: Ceruledge|34\/100|[from] drain|[of] p2a: Iron Bundle\n|faint|p2a: Iron Bundle\n|-end|p2a: Iron Bundle|Quark Drive|[silent]\n|move|p2b: Garganacl|Salt Cure|p1a: Ceruledge\n|-damage|p1a: Ceruledge|26\/100\n|\n|-heal|p1a: Ceruledge|32\/100|[from] item: Leftovers\n|-heal|p2b: Garganacl|98\/100|[from] item: Leftovers\n|-damage|p1a: Ceruledge|20\/100|[from] Salt Cure\n|upkeep\n|\n|t:|1682797205\n|switch|p2a: Flutter Mane|Flutter Mane, L50|7\/100\n|turn|15\n|\n|t:|1682797215\n|move|p1a: Ceruledge|Shadow Sneak|p2a: Flutter Mane\n|-supereffective|p2a: Flutter Mane\n|-damage|p2a: Flutter Mane|0 fnt\n|faint|p2a: Flutter Mane\n|-end|p2a: Flutter Mane|Protosynthesis|[silent]\n|move|p2b: Garganacl|Salt Cure|p1a: Ceruledge\n|-damage|p1a: Ceruledge|13\/100\n|\n|-heal|p1a: Ceruledge|19\/100|[from] item: Leftovers\n|-heal|p2b: Garganacl|100\/100|[from] item: Leftovers\n|-damage|p1a: Ceruledge|7\/100|[from] Salt Cure\n|upkeep\n|turn|16\n|\n|t:|1682797220\n|move|p2b: Garganacl|Protect|p2b: Garganacl\n|-singleturn|p2b: Garganacl|Protect\n|move|p1a: Ceruledge|Bitter Blade|p2b: Garganacl\n|-activate|p2b: Garganacl|move: Protect\n|\n|-heal|p1a: Ceruledge|13\/100|[from] item: Leftovers\n|-damage|p1a: Ceruledge|1\/100|[from] Salt Cure\n|upkeep\n|turn|17\n|\n|t:|1682797229\n|move|p1a: Ceruledge|Bitter Blade|p2b: Garganacl\n|-damage|p2b: Garganacl|62\/100\n|-heal|p1a: Ceruledge|23\/100|[from] drain|[of] p2b: Garganacl\n|move|p2b: Garganacl|Recover|p2b: Garganacl\n|-heal|p2b: Garganacl|100\/100\n|\n|-heal|p1a: Ceruledge|29\/100|[from] item: Leftovers\n|-damage|p1a: Ceruledge|17\/100|[from] Salt Cure\n|-sideend|p1: pkmnwoo|Reflect\n|upkeep\n|turn|18\n|\n|t:|1682797234\n|move|p2b: Garganacl|Protect|p2b: Garganacl\n|-singleturn|p2b: Garganacl|Protect\n|move|p1a: Ceruledge|Bitter Blade|p2b: Garganacl\n|-activate|p2b: Garganacl|move: Protect\n|\n|-heal|p1a: Ceruledge|23\/100|[from] item: Leftovers\n|-damage|p1a: Ceruledge|11\/100|[from] Salt Cure\n|upkeep\n|turn|19\n|\n|t:|1682797237\n|move|p1a: Ceruledge|Bitter Blade|p2b: Garganacl\n|-damage|p2b: Garganacl|59\/100\n|-heal|p1a: Ceruledge|35\/100|[from] drain|[of] p2b: Garganacl\n|move|p2b: Garganacl|Salt Cure|p1a: Ceruledge\n|-damage|p1a: Ceruledge|24\/100\n|\n|-heal|p1a: Ceruledge|30\/100|[from] item: Leftovers\n|-heal|p2b: Garganacl|65\/100|[from] item: Leftovers\n|-damage|p1a: Ceruledge|18\/100|[from] Salt Cure\n|upkeep\n|turn|20\n|\n|t:|1682797242\n|move|p2b: Garganacl|Protect|p2b: Garganacl\n|-singleturn|p2b: Garganacl|Protect\n|move|p1a: Ceruledge|Bitter Blade|p2b: Garganacl\n|-activate|p2b: Garganacl|move: Protect\n|\n|-heal|p1a: Ceruledge|24\/100|[from] item: Leftovers\n|-heal|p2b: Garganacl|71\/100|[from] item: Leftovers\n|-damage|p1a: Ceruledge|12\/100|[from] Salt Cure\n|upkeep\n|turn|21\n|\n|t:|1682797248\n|move|p1a: Ceruledge|Bitter Blade|p2b: Garganacl\n|-crit|p2b: Garganacl\n|-damage|p2b: Garganacl|15\/100\n|-heal|p1a: Ceruledge|45\/100|[from] drain|[of] p2b: Garganacl\n|move|p2b: Garganacl|Recover|p2b: Garganacl\n|-heal|p2b: Garganacl|65\/100\n|\n|-heal|p1a: Ceruledge|51\/100|[from] item: Leftovers\n|-heal|p2b: Garganacl|71\/100|[from] item: Leftovers\n|-damage|p1a: Ceruledge|39\/100|[from] Salt Cure\n|upkeep\n|turn|22\n|\n|t:|1682797253\n|move|p2b: Garganacl|Protect|p2b: Garganacl\n|-singleturn|p2b: Garganacl|Protect\n|move|p1a: Ceruledge|Bulk Up|p1a: Ceruledge\n|-boost|p1a: Ceruledge|atk|1\n|-boost|p1a: Ceruledge|def|1\n|\n|-heal|p1a: Ceruledge|45\/100|[from] item: Leftovers\n|-heal|p2b: Garganacl|76\/100|[from] item: Leftovers\n|-damage|p1a: Ceruledge|33\/100|[from] Salt Cure\n|upkeep\n|turn|23\n|\n|t:|1682797266\n|move|p1a: Ceruledge|Bitter Blade|p2b: Garganacl\n|-damage|p2b: Garganacl|21\/100\n|-heal|p1a: Ceruledge|65\/100|[from] drain|[of] p2b: Garganacl\n|move|p2b: Garganacl|Salt Cure|p1a: Ceruledge\n|-damage|p1a: Ceruledge|56\/100\n|\n|-heal|p1a: Ceruledge|62\/100|[from] item: Leftovers\n|-heal|p2b: Garganacl|27\/100|[from] item: Leftovers\n|-damage|p1a: Ceruledge|50\/100|[from] Salt Cure\n|upkeep\n|turn|24\n|\n|t:|1682797274\n|move|p1a: Ceruledge|Bulk Up|p1a: Ceruledge\n|-boost|p1a: Ceruledge|atk|1\n|-boost|p1a: Ceruledge|def|1\n|move|p2b: Garganacl|Recover|p2b: Garganacl\n|-heal|p2b: Garganacl|77\/100\n|\n|-heal|p1a: Ceruledge|56\/100|[from] item: Leftovers\n|-heal|p2b: Garganacl|83\/100|[from] item: Leftovers\n|-damage|p1a: Ceruledge|44\/100|[from] Salt Cure\n|upkeep\n|turn|25\n|l|\u2606pkmnwoo\n|inactive|pkmnwoo disconnected and has a minute to reconnect!\n|player|p1|\n|j|\u2606pkmnwoo\n|inactive|pkmnwoo reconnected and has 45 seconds left.\n|player|p1|pkmnwoo|battlegirl-gen4\n|\n|t:|1682797287\n|move|p2b: Garganacl|Protect|p2b: Garganacl\n|-singleturn|p2b: Garganacl|Protect\n|move|p1a: Ceruledge|Bitter Blade|p2b: Garganacl\n|-activate|p2b: Garganacl|move: Protect\n|\n|-heal|p1a: Ceruledge|50\/100|[from] item: Leftovers\n|-heal|p2b: Garganacl|88\/100|[from] item: Leftovers\n|-damage|p1a: Ceruledge|38\/100|[from] Salt Cure\n|upkeep\n|turn|26\n|\n|t:|1682797307\n|move|p1a: Ceruledge|Bitter Blade|p2b: Garganacl\n|-damage|p2b: Garganacl|29\/100\n|-heal|p1a: Ceruledge|72\/100|[from] drain|[of] p2b: Garganacl\n|move|p2b: Garganacl|Recover|p2b: Garganacl\n|-heal|p2b: Garganacl|79\/100\n|\n|-heal|p1a: Ceruledge|78\/100|[from] item: Leftovers\n|-heal|p2b: Garganacl|85\/100|[from] item: Leftovers\n|-damage|p1a: Ceruledge|66\/100|[from] Salt Cure\n|upkeep\n|turn|27\n|\n|t:|1682797314\n|move|p2b: Garganacl|Protect|p2b: Garganacl\n|-singleturn|p2b: Garganacl|Protect\n|move|p1a: Ceruledge|Bulk Up|p1a: Ceruledge\n|-boost|p1a: Ceruledge|atk|1\n|-boost|p1a: Ceruledge|def|1\n|\n|-heal|p1a: Ceruledge|72\/100|[from] item: Leftovers\n|-heal|p2b: Garganacl|90\/100|[from] item: Leftovers\n|-damage|p1a: Ceruledge|60\/100|[from] Salt Cure\n|upkeep\n|turn|28\n|inactive|Blumagination has 30 seconds left.\n|\n|t:|1682797346\n|move|p1a: Ceruledge|Bitter Blade|p2b: Garganacl\n|-damage|p2b: Garganacl|14\/100\n|-heal|p1a: Ceruledge|100\/100|[from] drain|[of] p2b: Garganacl\n|move|p2b: Garganacl|Recover|p2b: Garganacl\n|-heal|p2b: Garganacl|64\/100\n|\n|-heal|p2b: Garganacl|70\/100|[from] item: Leftovers\n|-damage|p1a: Ceruledge|88\/100|[from] Salt Cure\n|upkeep\n|turn|29\n|\n|t:|1682797360\n|move|p1a: Ceruledge|Bulk Up|p1a: Ceruledge\n|-boost|p1a: Ceruledge|atk|1\n|-boost|p1a: Ceruledge|def|1\n|move|p2b: Garganacl|Recover|p2b: Garganacl\n|-heal|p2b: Garganacl|100\/100\n|\n|-heal|p1a: Ceruledge|94\/100|[from] item: Leftovers\n|-damage|p1a: Ceruledge|82\/100|[from] Salt Cure\n|upkeep\n|turn|30\n|\n|t:|1682797366\n|move|p2b: Garganacl|Protect|p2b: Garganacl\n|-singleturn|p2b: Garganacl|Protect\n|move|p1a: Ceruledge|Bulk Up|p1a: Ceruledge\n|-boost|p1a: Ceruledge|atk|1\n|-boost|p1a: Ceruledge|def|1\n|\n|-heal|p1a: Ceruledge|88\/100|[from] item: Leftovers\n|-damage|p1a: Ceruledge|76\/100|[from] Salt Cure\n|upkeep\n|turn|31\n|c|\u2606Blumagination|How many fking bitterblades\n|\n|t:|1682797377\n|move|p1a: Ceruledge|Bitter Blade|p2b: Garganacl\n|-damage|p2b: Garganacl|0 fnt\n|-heal|p1a: Ceruledge|100\/100|[from] drain|[of] p2b: Garganacl\n|faint|p2b: Garganacl\n|\n|win|pkmnwoo\n|raw|pkmnwoo's rating: 1394 → 1418<\/strong> (+24 for winning)\n|raw|Blumagination's rating: 1465 → 1441<\/strong> (-24 for losing)\n|c|\u2606pkmnwoo|Gg\n|c|\u2606pkmnwoo|16\n|c|\u2606Blumagination|damn\n|c|\u2606Blumagination|gg\n|l|\u2606Blumagination\n|c|\u2606pkmnwoo|I think I had 1 left\n|l|\u2606pkmnwoo\n|j|\u2606pkmnwoo\n|player|p1|pkmnwoo|battlegirl-gen4\n","uploadtime":1682797879,"views":14,"p1id":"pkmnwoo","p2id":"blumagination","formatid":"gen9vgc2023regulationc","rating":1418,"private":0,"password":""}