{"id":"gen9vgc2023regulationc-1851057896","p1":"JZ5","p2":"marioman6444","format":"[Gen 9] VGC 2023 Regulation C","log":"|j|\u2606JZ5\n|j|\u2606marioman6444\n|t:|1682401566\n|gametype|doubles\n|player|p1|JZ5|1|1147\n|player|p2|marioman6444|hoopster|1114\n|teamsize|p1|6\n|teamsize|p2|6\n|gen|9\n|tier|[Gen 9] VGC 2023 Regulation C\n|rated|\n|rule|Species Clause: Limit one of each Pok\u00e9mon\n|rule|Item Clause: Limit one of each item\n|clearpoke\n|poke|p1|Iron Hands, L50|\n|poke|p1|Chien-Pao, L50|\n|poke|p1|Dragonite, L50, F|\n|poke|p1|Volcarona, L50, M|\n|poke|p1|Garganacl, L50, F|\n|poke|p1|Kingambit, L50, M|\n|poke|p2|Tsareena, L50, F|\n|poke|p2|Gyarados, L50, M|\n|poke|p2|Sableye, L50, M|\n|poke|p2|Gholdengo, L50|\n|poke|p2|Roaring Moon, L50|\n|poke|p2|Ting-Lu, L50|\n|teampreview|4\n|inactive|Battle timer is ON: inactive players will automatically lose when time's up. (requested by marioman6444)\n|inactive|JZ5 has 60 seconds left.\n|inactive|marioman6444 has 60 seconds left.\n|inactive|marioman6444 has 30 seconds left.\n|inactive|marioman6444 has 20 seconds left.\n|inactive|marioman6444 has 15 seconds left.\n|inactive|marioman6444 has 10 seconds left.\n|inactive|marioman6444 has 5 seconds left.\n|\n|t:|1682401655\n|start\n|switch|p1a: Garganacl|Garganacl, L50, F|100\/100\n|switch|p1b: Volcarona|Volcarona, L50, M|100\/100\n|switch|p2a: UtakeDAmoon!|Roaring Moon, L50, shiny|100\/100\n|switch|p2b: GyaraDON'T|Gyarados, L50, M, shiny|100\/100\n|-ability|p2b: GyaraDON'T|Intimidate|boost\n|-unboost|p1a: Garganacl|atk|1\n|-unboost|p1b: Volcarona|atk|1\n|-enditem|p2a: UtakeDAmoon!|Booster Energy\n|-activate|p2a: UtakeDAmoon!|ability: Protosynthesis|[fromitem]\n|-start|p2a: UtakeDAmoon!|protosynthesisatk\n|turn|1\n|inactive|JZ5 has 30 seconds left.\n|inactive|marioman6444 has 30 seconds left.\n|inactive|JZ5 has 20 seconds left.\n|\n|t:|1682401693\n|move|p2a: UtakeDAmoon!|Protect|p2a: UtakeDAmoon!\n|-singleturn|p2a: UtakeDAmoon!|Protect\n|move|p1b: Volcarona|Protect|p1b: Volcarona\n|-singleturn|p1b: Volcarona|Protect\n|move|p2b: GyaraDON'T|Waterfall|p1a: Garganacl\n|-supereffective|p1a: Garganacl\n|-damage|p1a: Garganacl|56\/100\n|cant|p1a: Garganacl|flinch\n|\n|-heal|p1a: Garganacl|62\/100|[from] item: Leftovers\n|upkeep\n|turn|2\n|\n|t:|1682401717\n|move|p2a: UtakeDAmoon!|Iron Head|p1a: Garganacl\n|-supereffective|p1a: Garganacl\n|-damage|p1a: Garganacl|4\/100\n|move|p1b: Volcarona|Bug Buzz|p2a: UtakeDAmoon!\n|-supereffective|p2a: UtakeDAmoon!\n|-damage|p2a: UtakeDAmoon!|10\/100\n|-unboost|p2a: UtakeDAmoon!|spd|1\n|move|p2b: GyaraDON'T|Waterfall|p1b: Volcarona\n|-supereffective|p1b: Volcarona\n|-damage|p1b: Volcarona|17\/100\n|-status|p2b: GyaraDON'T|brn|[from] ability: Flame Body|[of] p1b: Volcarona\n|-enditem|p1b: Volcarona|Sitrus Berry|[eat]\n|-heal|p1b: Volcarona|42\/100|[from] item: Sitrus Berry\n|cant|p1a: Garganacl|flinch\n|\n|-heal|p1a: Garganacl|10\/100|[from] item: Leftovers\n|-damage|p2b: GyaraDON'T|94\/100 brn|[from] brn\n|upkeep\n|turn|3\n|inactive|JZ5 has 30 seconds left.\n|inactive|marioman6444 has 30 seconds left.\n|inactive|JZ5 has 20 seconds left.\n|inactive|marioman6444 has 20 seconds left.\n|\n|t:|1682401755\n|move|p1b: Volcarona|Protect|p1b: Volcarona\n|-singleturn|p1b: Volcarona|Protect\n|move|p1a: Garganacl|Wide Guard|p1a: Garganacl\n|-singleturn|p1a: Garganacl|Wide Guard\n|move|p2a: UtakeDAmoon!|Acrobatics|p1b: Volcarona\n|-activate|p1b: Volcarona|move: Protect\n|move|p2b: GyaraDON'T|Waterfall|p1a: Garganacl\n|-supereffective|p1a: Garganacl\n|-damage|p1a: Garganacl|0 fnt\n|faint|p1a: Garganacl\n|\n|-damage|p2b: GyaraDON'T|88\/100 brn|[from] brn\n|upkeep\n|\n|t:|1682401772\n|switch|p1a: Iron Hands|Iron Hands, L50|100\/100\n|turn|4\n|\n|t:|1682401795\n|move|p2a: UtakeDAmoon!|Protect|p2a: UtakeDAmoon!\n|-singleturn|p2a: UtakeDAmoon!|Protect\n|move|p1a: Iron Hands|Fake Out|p2a: UtakeDAmoon!\n|-activate|p2a: UtakeDAmoon!|move: Protect\n|move|p1b: Volcarona|Quiver Dance|p1b: Volcarona\n|-boost|p1b: Volcarona|spa|1\n|-boost|p1b: Volcarona|spd|1\n|-boost|p1b: Volcarona|spe|1\n|move|p2b: GyaraDON'T|Earthquake|p1b: Volcarona|[spread] p1a,p1b\n|-activate|p2a: UtakeDAmoon!|move: Protect\n|-supereffective|p1a: Iron Hands\n|-damage|p1a: Iron Hands|86\/100\n|-damage|p1b: Volcarona|29\/100\n|\n|-damage|p2b: GyaraDON'T|82\/100 brn|[from] brn\n|upkeep\n|turn|5\n|\n|t:|1682401817\n|move|p1b: Volcarona|Bug Buzz|p2b: GyaraDON'T\n|-resisted|p2b: GyaraDON'T\n|-damage|p2b: GyaraDON'T|48\/100 brn\n|-enditem|p2b: GyaraDON'T|Sitrus Berry|[eat]\n|-heal|p2b: GyaraDON'T|73\/100 brn|[from] item: Sitrus Berry\n|move|p2a: UtakeDAmoon!|Acrobatics|p1b: Volcarona\n|-supereffective|p1b: Volcarona\n|-damage|p1b: Volcarona|0 fnt\n|faint|p1b: Volcarona\n|move|p2b: GyaraDON'T|Icy Wind|p1a: Iron Hands\n|-damage|p1a: Iron Hands|81\/100\n|-unboost|p1a: Iron Hands|spe|1\n|move|p1a: Iron Hands|Volt Switch|p2a: UtakeDAmoon!\n|-resisted|p2a: UtakeDAmoon!\n|-damage|p2a: UtakeDAmoon!|0 fnt\n|faint|p2a: UtakeDAmoon!\n|-end|p2a: UtakeDAmoon!|Protosynthesis|[silent]\n|\n|t:|1682401837\n|-end|p1a: Iron Hands|Quark Drive|[silent]\n|switch|p1a: Kingambit|Kingambit, L50, M|100\/100|[from] Volt Switch\n|\n|-damage|p2b: GyaraDON'T|67\/100 brn|[from] brn\n|upkeep\n|\n|t:|1682401847\n|switch|p2a: G Holden GO|Gholdengo, L50|100\/100\n|switch|p1b: Iron Hands|Iron Hands, L50|81\/100\n|turn|6\n|\n|t:|1682401858\n|switch|p2a: YOU'RE QUEEN|Tsareena, L50, F, shiny|100\/100\n|move|p1a: Kingambit|Sucker Punch||[still]\n|cant|p2a: YOU'RE QUEEN|ability: Queenly Majesty|Sucker Punch|[of] p1a: Kingambit\n|move|p2b: GyaraDON'T|Thunder Wave|p1a: Kingambit\n|-status|p1a: Kingambit|par\n|move|p1b: Iron Hands|Wild Charge|p2b: GyaraDON'T\n|-supereffective|p2b: GyaraDON'T\n|-damage|p2b: GyaraDON'T|0 fnt\n|faint|p2b: GyaraDON'T\n|-damage|p1b: Iron Hands|68\/100|[from] Recoil\n|\n|upkeep\n|\n|t:|1682401869\n|switch|p2b: G Holden GO|Gholdengo, L50|100\/100\n|turn|7\n|inactive|marioman6444 has 30 seconds left.\n|inactive|marioman6444 has 20 seconds left.\n|inactive|marioman6444 has 15 seconds left.\n|inactive|marioman6444 has 10 seconds left.\n|inactive|marioman6444 has 5 seconds left.\n|\n|t:|1682401922\n|-terastallize|p2b: G Holden GO|Water\n|move|p1a: Kingambit|Sucker Punch||[still]\n|cant|p2a: YOU'RE QUEEN|ability: Queenly Majesty|Sucker Punch|[of] p1a: Kingambit\n|move|p2b: G Holden GO|Shadow Ball|p1b: Iron Hands\n|-damage|p1b: Iron Hands|32\/100\n|-damage|p2b: G Holden GO|91\/100|[from] item: Life Orb\n|move|p2a: YOU'RE QUEEN|Power Whip|p1b: Iron Hands\n|-damage|p1b: Iron Hands|0 fnt\n|faint|p1b: Iron Hands\n|-end|p1b: Iron Hands|Quark Drive|[silent]\n|\n|upkeep\n|turn|8\n|c|\u2606marioman6444|Gg\n|inactive|marioman6444 has 30 seconds left.\n|\n|t:|1682401949\n|-terastallize|p1a: Kingambit|Flying\n|move|p2b: G Holden GO|Make It Rain|p1a: Kingambit\n|-damage|p1a: Kingambit|20\/100 par\n|-unboost|p2b: G Holden GO|spa|1\n|-damage|p2b: G Holden GO|81\/100|[from] item: Life Orb\n|move|p2a: YOU'RE QUEEN|High Jump Kick|p1a: Kingambit\n|-resisted|p1a: Kingambit\n|-damage|p1a: Kingambit|3\/100 par\n|move|p1a: Kingambit|Kowtow Cleave|p2b: G Holden GO\n|-damage|p2b: G Holden GO|23\/100\n|\n|upkeep\n|turn|9\n|\n|t:|1682401969\n|move|p1a: Kingambit|Sucker Punch||[still]\n|cant|p2a: YOU'RE QUEEN|ability: Queenly Majesty|Sucker Punch|[of] p1a: Kingambit\n|move|p2b: G Holden GO|Shadow Ball|p1a: Kingambit\n|-damage|p1a: Kingambit|0 fnt\n|faint|p1a: Kingambit\n|-damage|p2b: G Holden GO|13\/100|[from] item: Life Orb\n|\n|win|marioman6444\n|raw|JZ5's rating: 1147 → 1120<\/strong> (-27 for losing)\n|raw|marioman6444's rating: 1114 → 1141<\/strong> (+27 for winning)\n|l|\u2606JZ5\n","uploadtime":1682401988,"views":12,"p1id":"jz5","p2id":"marioman6444","formatid":"gen9vgc2023regulationc","rating":1120,"private":0,"password":""}