{"id":"gen9vgc2023regulationc-1849820157","p1":"Poglu","p2":"haha u rage quit","format":"[Gen 9] VGC 2023 Regulation C","log":"|j|\u2606Poglu\n|j|\u2606haha u rage quit\n|t:|1682256598\n|gametype|doubles\n|player|p1|Poglu|caitlin|1187\n|player|p2|haha u rage quit|pokemaniac|1237\n|teamsize|p1|6\n|teamsize|p2|6\n|gen|9\n|tier|[Gen 9] VGC 2023 Regulation C\n|rated|\n|rule|Species Clause: Limit one of each Pok\u00e9mon\n|rule|Item Clause: Limit one of each item\n|clearpoke\n|poke|p1|Abomasnow, L50, F|\n|poke|p1|Baxcalibur, L50, F|\n|poke|p1|Ting-Lu, L50|\n|poke|p1|Arcanine, L50, F|\n|poke|p1|Palafin, L50, F|\n|poke|p1|Flutter Mane, L50|\n|poke|p2|Torkoal, L50, M|\n|poke|p2|Dondozo, L50, M|\n|poke|p2|Indeedee-F, L50, F|\n|poke|p2|Tatsugiri-Droopy, L50, M|\n|poke|p2|Kingambit, L50, M|\n|poke|p2|Hatterene, L50, F|\n|teampreview|4\nPoglu rejected open team sheets.\n|\n|t:|1682256630\n|start\n|switch|p1a: Buck|Baxcalibur, L50, F|100\/100\n|switch|p1b: Jotaro|Palafin, L50, F, shiny|100\/100\n|switch|p2a: Indeedee|Indeedee-F, L50, F, shiny|100\/100\n|switch|p2b: Hatterene|Hatterene, L50, F|100\/100\n|-fieldstart|move: Psychic Terrain|[from] ability: Psychic Surge|[of] p2a: Indeedee\n|-enditem|p2a: Indeedee|Psychic Seed\n|-boost|p2a: Indeedee|spd|1|[from] item: Psychic Seed\n|turn|1\n|inactive|Battle timer is ON: inactive players will automatically lose when time's up. (requested by haha u rage quit)\n|inactive|Poglu has 60 seconds left.\n|\n|t:|1682256690\n|-terastallize|p1b: Jotaro|Water\n|move|p2a: Indeedee|Follow Me|p2a: Indeedee\n|-singleturn|p2a: Indeedee|move: Follow Me\n|move|p1a: Buck|Glaive Rush|p2a: Indeedee\n|-damage|p2a: Indeedee|0 fnt\n|-singlemove|p1a: Buck|Glaive Rush|[silent]\n|faint|p2a: Indeedee\n|move|p1b: Jotaro|Wave Crash|p2b: Hatterene\n|-damage|p2b: Hatterene|24\/100\n|-damage|p1b: Jotaro|77\/100|[from] Recoil\n|move|p2b: Hatterene|Trick Room|p2b: Hatterene\n|-fieldstart|move: Trick Room|[of] p2b: Hatterene\n|\n|upkeep\n|\n|t:|1682256708\n|switch|p2a: Kingambit|Kingambit, L50, M, shiny|100\/100\n|turn|2\n|\n|t:|1682256730\n|switch|p1a: Oh Deer|Ting-Lu, L50|100\/100\n|-ability|p1a: Oh Deer|Vessel of Ruin\n|move|p1b: Jotaro|Protect|p1b: Jotaro\n|-singleturn|p1b: Jotaro|Protect\n|move|p2b: Hatterene|Dazzling Gleam|p1a: Oh Deer|[spread] p1a\n|-activate|p1b: Jotaro|move: Protect\n|-supereffective|p1a: Oh Deer\n|-damage|p1a: Oh Deer|77\/100\n|move|p2a: Kingambit|Swords Dance|p2a: Kingambit\n|-boost|p2a: Kingambit|atk|2\n|\n|upkeep\n|turn|3\n|inactive|Poglu has 30 seconds left.\n|inactive|haha u rage quit has 30 seconds left.\n|inactive|Poglu has 20 seconds left.\n|inactive|Poglu has 15 seconds left.\n|inactive|Poglu has 10 seconds left.\n|\n|t:|1682256778\n|detailschange|p1b: Jotaro|Palafin-Hero, L50, F, shiny, tera:Water\n|switch|p1b: Buck|Baxcalibur, L50, F|100\/100\n|move|p2b: Hatterene|Psychic|p1b: Buck\n|-damage|p1b: Buck|45\/100\n|-unboost|p1b: Buck|spd|1\n|move|p2a: Kingambit|Low Kick|p1a: Oh Deer\n|-supereffective|p1a: Oh Deer\n|-damage|p1a: Oh Deer|0 fnt\n|faint|p1a: Oh Deer\n|\n|upkeep\n|\n|t:|1682256790\n|switch|p1a: Jotaro|Palafin-Hero, L50, F, shiny, tera:Water|77\/100\n|-activate|p1a: Jotaro|ability: Zero to Hero\n|turn|4\n|\n|t:|1682256804\n|switch|p1b: Good Boi|Arcanine, L50, F, shiny|100\/100\n|-ability|p1b: Good Boi|Intimidate|boost\n|-unboost|p2a: Kingambit|atk|1\n|-ability|p2a: Kingambit|Defiant|boost\n|-boost|p2a: Kingambit|atk|2\n|-unboost|p2b: Hatterene|atk|1\n|move|p1a: Jotaro|Protect|p1a: Jotaro\n|-singleturn|p1a: Jotaro|Protect\n|move|p2b: Hatterene|Psychic|p1b: Good Boi\n|-damage|p1b: Good Boi|11\/100\n|move|p2a: Kingambit|Kowtow Cleave|p1a: Jotaro\n|-activate|p1a: Jotaro|move: Protect\n|\n|upkeep\n|turn|5\n|\n|t:|1682256829\n|switch|p1a: Buck|Baxcalibur, L50, F|45\/100\n|move|p2b: Hatterene|Psychic|p1b: Good Boi\n|-damage|p1b: Good Boi|0 fnt\n|faint|p1b: Good Boi\n|move|p2a: Kingambit|Kowtow Cleave|p1a: Buck\n|-damage|p1a: Buck|0 fnt\n|faint|p1a: Buck\n|\n|-fieldend|move: Trick Room\n|-fieldend|move: Psychic Terrain\n|upkeep\n|\n|t:|1682256838\n|switch|p1b: Jotaro|Palafin-Hero, L50, F, shiny, tera:Water|77\/100\n|turn|6\n|\n|t:|1682256855\n|move|p1b: Jotaro|Wave Crash|p2a: Kingambit\n|-damage|p2a: Kingambit|10\/100\n|-damage|p1b: Jotaro|45\/100|[from] Recoil\n|move|p2a: Kingambit|Kowtow Cleave|p1b: Jotaro\n|-damage|p1b: Jotaro|0 fnt\n|faint|p1b: Jotaro\n|\n|win|haha u rage quit\n|raw|Poglu's rating: 1187 → 1166<\/strong> (-21 for losing)\n|raw|haha u rage quit's rating: 1237 → 1258<\/strong> (+21 for winning)\n|c|\u2606Poglu|gg\n|l|\u2606Poglu\n","uploadtime":1682256937,"views":14,"p1id":"poglu","p2id":"hahauragequit","formatid":"gen9vgc2023regulationc","rating":1166,"private":0,"password":""}