{"id":"gen9vgc2023regulationc-1851802864","p1":"Adri 2022","p2":"LemonFishMP","format":"[Gen 9] VGC 2023 Regulation C","log":"|j|\u2606Adri 2022\n|j|\u2606LemonFishMP\n|t:|1682486387\n|gametype|doubles\n|player|p1|Adri 2022|plasmagrunt|1082\n|player|p2|LemonFishMP|wallace|1099\n|teamsize|p1|6\n|teamsize|p2|6\n|gen|9\n|tier|[Gen 9] VGC 2023 Regulation C\n|rated|\n|rule|Species Clause: Limit one of each Pok\u00e9mon\n|rule|Item Clause: Limit one of each item\n|clearpoke\n|poke|p1|Chien-Pao, L50|\n|poke|p1|Staraptor, L50, F|\n|poke|p1|Amoonguss, L50, F|\n|poke|p1|Palafin, L50, F|\n|poke|p1|Flutter Mane, L50|\n|poke|p1|Iron Hands, L50|\n|poke|p2|Flutter Mane, L50|\n|poke|p2|Chi-Yu, L50|\n|poke|p2|Arcanine, L50, M|\n|poke|p2|Amoonguss, L50, F|\n|poke|p2|Drifblim, L50, F|\n|poke|p2|Hydreigon, L50, F|\n|teampreview|4\n|\n|t:|1682486411\n|start\n|switch|p1a: Staraptor|Staraptor, L50, F|100\/100\n|switch|p1b: Palafin|Palafin, L50, F|100\/100\n|switch|p2a: Arcanine|Arcanine, L50, M, shiny|100\/100\n|switch|p2b: Drifblim|Drifblim, L50, F, shiny|100\/100\n|-ability|p1a: Staraptor|Intimidate|boost\n|-unboost|p2a: Arcanine|atk|1\n|-unboost|p2b: Drifblim|atk|1\n|-ability|p2a: Arcanine|Intimidate|boost\n|-unboost|p1a: Staraptor|atk|1\n|-unboost|p1b: Palafin|atk|1\n|turn|1\n|\n|t:|1682486437\n|switch|p1a: Chien-Pao|Chien-Pao, L50|100\/100\n|-ability|p1a: Chien-Pao|Sword of Ruin\n|-terastallize|p1b: Palafin|Water\n|move|p1b: Palafin|Wave Crash|p2a: Arcanine\n|-supereffective|p2a: Arcanine\n|-damage|p2a: Arcanine|0 fnt\n|faint|p2a: Arcanine\n|-damage|p1b: Palafin|63\/100|[from] Recoil\n|move|p2b: Drifblim|Tailwind|p2b: Drifblim\n|-sidestart|p2: LemonFishMP|move: Tailwind\n|\n|upkeep\n|\n|t:|1682486453\n|switch|p2a: Chi-Yu|Chi-Yu, L50|100\/100\n|-ability|p2a: Chi-Yu|Beads of Ruin\n|turn|2\n|\n|t:|1682486481\n|move|p2a: Chi-Yu|Protect|p2a: Chi-Yu\n|-singleturn|p2a: Chi-Yu|Protect\n|move|p1b: Palafin|Jet Punch|p2a: Chi-Yu\n|-activate|p2a: Chi-Yu|move: Protect\n|move|p1a: Chien-Pao|Ice Spinner|p2b: Drifblim\n|-supereffective|p2b: Drifblim\n|-damage|p2b: Drifblim|0 fnt\n|faint|p2b: Drifblim\n|-damage|p1a: Chien-Pao|91\/100|[from] item: Life Orb\n|\n|upkeep\n|\n|t:|1682486490\n|switch|p2b: Flutter Mane|Flutter Mane, L50|100\/100\n|-enditem|p2b: Flutter Mane|Booster Energy\n|-activate|p2b: Flutter Mane|ability: Protosynthesis|[fromitem]\n|-start|p2b: Flutter Mane|protosynthesisspe\n|turn|3\n|\n|t:|1682486503\n|-terastallize|p2a: Chi-Yu|Water\n|move|p1a: Chien-Pao|Protect|p1a: Chien-Pao\n|-singleturn|p1a: Chien-Pao|Protect\n|move|p1b: Palafin|Jet Punch|p2a: Chi-Yu\n|-resisted|p2a: Chi-Yu\n|-damage|p2a: Chi-Yu|74\/100\n|move|p2b: Flutter Mane|Energy Ball|p1b: Palafin\n|-supereffective|p1b: Palafin\n|-damage|p1b: Palafin|0 fnt\n|faint|p1b: Palafin\n|move|p2a: Chi-Yu|Heat Wave|p1a: Chien-Pao\n|-activate|p1a: Chien-Pao|move: Protect\n|\n|upkeep\n|\n|t:|1682486516\n|switch|p1b: Iron Hands|Iron Hands, L50|100\/100\n|turn|4\n|\n|t:|1682486531\n|move|p1a: Chien-Pao|Sucker Punch|p2b: Flutter Mane\n|-damage|p2b: Flutter Mane|0 fnt\n|faint|p2b: Flutter Mane\n|-end|p2b: Flutter Mane|Protosynthesis|[silent]\n|-damage|p1a: Chien-Pao|81\/100|[from] item: Life Orb\n|move|p2a: Chi-Yu|Dark Pulse|p1b: Iron Hands\n|-resisted|p1b: Iron Hands\n|-damage|p1b: Iron Hands|81\/100\n|move|p1b: Iron Hands|Iron Head|p2a: Chi-Yu\n|-resisted|p2a: Chi-Yu\n|-damage|p2a: Chi-Yu|42\/100\n|\n|-sideend|p2: LemonFishMP|move: Tailwind\n|upkeep\n|turn|5\n|-message|LemonFishMP forfeited.\n|\n|win|Adri 2022\n|raw|Adri 2022's rating: 1082 → 1111<\/strong> (+29 for winning)\n|raw|LemonFishMP's rating: 1099 → 1073<\/strong> (-26 for losing)\n|l|\u2606LemonFishMP\n","uploadtime":1682486548,"views":15,"p1id":"adri2022","p2id":"lemonfishmp","formatid":"gen9vgc2023regulationc","rating":1073,"private":0,"password":""}