{"id":"gen9vgc2023regulationc-1860442409","p1":"LordBennyG","p2":"diodonotv","format":"[Gen 9] VGC 2023 Regulation C","log":"|j|\u2606LordBennyG\n|j|\u2606diodonotv\n|t:|1683644610\n|gametype|doubles\n|player|p1|LordBennyG|karen|\n|player|p2|diodonotv|red|\n|teamsize|p1|6\n|teamsize|p2|6\n|gen|9\n|tier|[Gen 9] VGC 2023 Regulation C\n|rated|Tournament battle\n|rule|Species Clause: Limit one of each Pok\u00e9mon\n|rule|Item Clause: Limit one of each item\n|clearpoke\n|poke|p1|Dondozo, L50, M|\n|poke|p1|Arcanine, L50, F|\n|poke|p1|Amoonguss, L50, M|\n|poke|p1|Baxcalibur, L50, F|\n|poke|p1|Flutter Mane, L50|\n|poke|p1|Corviknight, L50, M|\n|poke|p2|Espathra, L50, F|\n|poke|p2|Iron Bundle, L50|\n|poke|p2|Hydreigon, L50, F|\n|poke|p2|Sandy Shocks, L50|\n|poke|p2|Tsareena, L50, F|\n|poke|p2|Wo-Chien, L50|\n|teampreview|4\n|raw| Open Team Sheet for LordBennyG<\/summary>Dondozo @ Leftovers Ability: Unaware Level: 50 Tera Type: Grass - Liquidation - Yawn - Fissure - Protect Arcanine @ Safety Goggles Ability: Intimidate Level: 50 Tera Type: Water - Flare Blitz - Extreme Speed - Will-O-Wisp - Howl Amoonguss @ Sitrus Berry Ability: Regenerator Level: 50 Tera Type: Water - Spore - Toxic - Pollen Puff - Rage Powder Baxcalibur @ Clear Amulet Ability: Thermal Exchange Level: 50 Tera Type: Poison - Protect - Glaive Rush - Icicle Crash - Ice Shard Flutter Mane @ Booster Energy Ability: Protosynthesis Level: 50 Tera Type: Steel - Protect - Substitute - Moonblast - Hex Corviknight @ Lum Berry Ability: Mirror Armor Level: 50 Tera Type: Dragon - Tailwind - Iron Head - Brave Bird - Roost <\/details><\/div> Open Team Sheet for diodonotv<\/summary>\u2605Sirius\u2605 (Espathra) (F) @ Covert Cloak Ability: Speed Boost Level: 50 Shiny: Yes Tera Type: Fairy - Lumina Crash - Dazzling Gleam - Hypnosis - Protect \u2605Arcturus\u2605 (Iron Bundle) @ Focus Sash Ability: Quark Drive Level: 50 Shiny: Yes Tera Type: Ice - Freeze-Dry - Hydro Pump - Blizzard - Protect \u2605Antares\u2605 (Hydreigon) (F) @ Assault Vest Ability: Levitate Level: 50 Tera Type: Fire - Dark Pulse - Draco Meteor - Snarl - Heat Wave \u2605Aldebran\u2605 (Sandy Shocks) @ Booster Energy Ability: Protosynthesis Level: 50 Shiny: Yes Tera Type: Ghost - Earth Power - Thunder - Gravity - Protect \u2605Vega\u2605 (Tsareena) (F) @ Sitrus Berry Ability: Queenly Majesty Level: 50 Tera Type: Fire - Power Whip - U-turn - Taunt - Protect Wo-Chien @ Light Clay Ability: Tablets of Ruin Level: 50 Tera Type: Poison - Leech Seed - Reflect - Light Screen - Knock Off <\/details><\/div>\n|\n|t:|1683644666\n|start\n|switch|p1a: Baxcalibur|Baxcalibur, L50, F|100\/100\n|switch|p1b: Arcanine|Arcanine, L50, F|100\/100\n|switch|p2a: \u2605Aldebran\u2605|Sandy Shocks, L50, shiny|100\/100\n|switch|p2b: \u2605Sirius\u2605|Espathra, L50, F, shiny|100\/100\n|-ability|p1b: Arcanine|Intimidate|boost\n|-unboost|p2a: \u2605Aldebran\u2605|atk|1\n|-unboost|p2b: \u2605Sirius\u2605|atk|1\n|-enditem|p2a: \u2605Aldebran\u2605|Booster Energy\n|-activate|p2a: \u2605Aldebran\u2605|ability: Protosynthesis|[fromitem]\n|-start|p2a: \u2605Aldebran\u2605|protosynthesisspe\n|turn|1\n|\n|t:|1683644699\n|move|p2a: \u2605Aldebran\u2605|Gravity|p2a: \u2605Aldebran\u2605\n|-fieldstart|move: Gravity\n|move|p2b: \u2605Sirius\u2605|Hypnosis|p1a: Baxcalibur\n|-status|p1a: Baxcalibur|slp|[from] move: Hypnosis\n|move|p1b: Arcanine|Howl|p1b: Arcanine|[spread] p1a,p1b\n|-boost|p1a: Baxcalibur|atk|1\n|-boost|p1b: Arcanine|atk|1\n|cant|p1a: Baxcalibur|slp\n|\n|-ability|p2b: \u2605Sirius\u2605|Speed Boost|boost\n|-boost|p2b: \u2605Sirius\u2605|spe|1\n|upkeep\n|turn|2\n|j| FunneeMonkee\n|\n|t:|1683644732\n|move|p2a: \u2605Aldebran\u2605|Earth Power|p1b: Arcanine\n|-supereffective|p1b: Arcanine\n|-damage|p1b: Arcanine|33\/100\n|move|p2b: \u2605Sirius\u2605|Hypnosis|p1b: Arcanine\n|-status|p1b: Arcanine|slp|[from] move: Hypnosis\n|cant|p1b: Arcanine|slp\n|-curestatus|p1a: Baxcalibur|slp|[msg]\n|move|p1a: Baxcalibur|Icicle Crash|p2a: \u2605Aldebran\u2605\n|-supereffective|p2a: \u2605Aldebran\u2605\n|-damage|p2a: \u2605Aldebran\u2605|0 fnt\n|faint|p2a: \u2605Aldebran\u2605\n|-end|p2a: \u2605Aldebran\u2605|Protosynthesis|[silent]\n|\n|-ability|p2b: \u2605Sirius\u2605|Speed Boost|boost\n|-boost|p2b: \u2605Sirius\u2605|spe|1\n|upkeep\n|\n|t:|1683644743\n|switch|p2a: \u2605Arcturus\u2605|Iron Bundle, L50, shiny|100\/100\n|turn|3\n|\n|t:|1683644762\n|-terastallize|p2a: \u2605Arcturus\u2605|Ice\n|move|p1a: Baxcalibur|Protect|p1a: Baxcalibur\n|-singleturn|p1a: Baxcalibur|Protect\n|move|p2b: \u2605Sirius\u2605|Lumina Crash|p1a: Baxcalibur\n|-activate|p1a: Baxcalibur|move: Protect\n|move|p2a: \u2605Arcturus\u2605|Blizzard|p1b: Arcanine|[spread] p1b\n|-activate|p1a: Baxcalibur|move: Protect\n|-resisted|p1b: Arcanine\n|-damage|p1b: Arcanine|9\/100 slp\n|cant|p1b: Arcanine|slp\n|\n|-ability|p2b: \u2605Sirius\u2605|Speed Boost|boost\n|-boost|p2b: \u2605Sirius\u2605|spe|1\n|upkeep\n|turn|4\n|j| Titi Grech\n|l| Titi Grech\n|\n|t:|1683644794\n|switch|p1a: Corviknight|Corviknight, L50, M|100\/100\n|cant|p1b: Arcanine|slp\n|move|p2b: \u2605Sirius\u2605|Lumina Crash|p1a: Corviknight\n|-resisted|p1a: Corviknight\n|-damage|p1a: Corviknight|89\/100\n|-ability|p1a: Corviknight|Mirror Armor\n|-unboost|p2b: \u2605Sirius\u2605|spd|2\n|move|p2a: \u2605Arcturus\u2605|Blizzard|p1b: Arcanine|[spread] p1a,p1b\n|-resisted|p1b: Arcanine\n|-damage|p1a: Corviknight|44\/100\n|-damage|p1b: Arcanine|0 fnt\n|faint|p1b: Arcanine\n|\n|-ability|p2b: \u2605Sirius\u2605|Speed Boost|boost\n|-boost|p2b: \u2605Sirius\u2605|spe|1\n|upkeep\n|\n|t:|1683644815\n|switch|p1b: Flutter Mane|Flutter Mane, L50|100\/100\n|-enditem|p1b: Flutter Mane|Booster Energy\n|-activate|p1b: Flutter Mane|ability: Protosynthesis|[fromitem]\n|-start|p1b: Flutter Mane|protosynthesisspa\n|turn|5\n|\n|t:|1683644835\n|move|p1b: Flutter Mane|Protect|p1b: Flutter Mane\n|-singleturn|p1b: Flutter Mane|Protect\n|move|p2b: \u2605Sirius\u2605|Hypnosis|p1b: Flutter Mane\n|-activate|p1b: Flutter Mane|move: Protect\n|move|p2a: \u2605Arcturus\u2605|Blizzard|p1b: Flutter Mane|[spread] p1a\n|-activate|p1b: Flutter Mane|move: Protect\n|-damage|p1a: Corviknight|0 fnt\n|faint|p1a: Corviknight\n|\n|-fieldend|move: Gravity\n|-ability|p2b: \u2605Sirius\u2605|Speed Boost|boost\n|-boost|p2b: \u2605Sirius\u2605|spe|1\n|upkeep\n|\n|t:|1683644853\n|switch|p1a: Baxcalibur|Baxcalibur, L50, F|100\/100\n|turn|6\n|\n|t:|1683644880\n|-terastallize|p1b: Flutter Mane|Steel\n|move|p1a: Baxcalibur|Protect|p1a: Baxcalibur\n|-singleturn|p1a: Baxcalibur|Protect\n|move|p2b: \u2605Sirius\u2605|Lumina Crash|p1b: Flutter Mane\n|-resisted|p1b: Flutter Mane\n|-damage|p1b: Flutter Mane|86\/100\n|-unboost|p1b: Flutter Mane|spd|2\n|move|p2a: \u2605Arcturus\u2605|Freeze-Dry|p1b: Flutter Mane\n|-resisted|p1b: Flutter Mane\n|-damage|p1b: Flutter Mane|42\/100\n|move|p1b: Flutter Mane|Moonblast|p2a: \u2605Arcturus\u2605\n|-enditem|p2a: \u2605Arcturus\u2605|Focus Sash\n|-damage|p2a: \u2605Arcturus\u2605|1\/100\n|\n|-ability|p2b: \u2605Sirius\u2605|Speed Boost|boost\n|-boost|p2b: \u2605Sirius\u2605|spe|1\n|upkeep\n|turn|7\n|\n|t:|1683644918\n|move|p1b: Flutter Mane|Protect|p1b: Flutter Mane\n|-singleturn|p1b: Flutter Mane|Protect\n|move|p2b: \u2605Sirius\u2605|Dazzling Gleam|p1b: Flutter Mane|[spread] p1a\n|-activate|p1b: Flutter Mane|move: Protect\n|-supereffective|p1a: Baxcalibur\n|-damage|p1a: Baxcalibur|74\/100\n|move|p2a: \u2605Arcturus\u2605|Freeze-Dry|p1b: Flutter Mane\n|-activate|p1b: Flutter Mane|move: Protect\n|move|p1a: Baxcalibur|Glaive Rush|p2b: \u2605Sirius\u2605\n|-damage|p2b: \u2605Sirius\u2605|23\/100\n|-singlemove|p1a: Baxcalibur|Glaive Rush|[silent]\n|\n|upkeep\n|turn|8\n|\n|t:|1683644946\n|move|p1a: Baxcalibur|Ice Shard|p2a: \u2605Arcturus\u2605\n|-resisted|p2a: \u2605Arcturus\u2605\n|-damage|p2a: \u2605Arcturus\u2605|0 fnt\n|faint|p2a: \u2605Arcturus\u2605\n|-end|p2a: \u2605Arcturus\u2605|Quark Drive|[silent]\n|move|p2b: \u2605Sirius\u2605|Dazzling Gleam|p1b: Flutter Mane|[spread] p1a,p1b\n|-supereffective|p1a: Baxcalibur\n|-resisted|p1b: Flutter Mane\n|-damage|p1a: Baxcalibur|51\/100\n|-damage|p1b: Flutter Mane|29\/100\n|move|p1b: Flutter Mane|Hex|p2b: \u2605Sirius\u2605\n|-supereffective|p2b: \u2605Sirius\u2605\n|-damage|p2b: \u2605Sirius\u2605|0 fnt\n|faint|p2b: \u2605Sirius\u2605\n|\n|upkeep\n|\n|t:|1683644956\n|switch|p2b: Wo-Chien|Wo-Chien, L50|100\/100\n|-ability|p2b: Wo-Chien|Tablets of Ruin\n|turn|9\n|\n|t:|1683644965\n|move|p1b: Flutter Mane|Moonblast|p2b: Wo-Chien\n|-supereffective|p2b: Wo-Chien\n|-damage|p2b: Wo-Chien|28\/100\n|move|p1a: Baxcalibur|Icicle Crash|p2b: Wo-Chien\n|-supereffective|p2b: Wo-Chien\n|-damage|p2b: Wo-Chien|0 fnt\n|faint|p2b: Wo-Chien\n|\n|win|LordBennyG\n|n|\u2606LordBennyG|lordbennyg\n|n|\u2606diodonotv|diodonotv\n|n| FunneeMonkee|funneemonkee\n|c|\u2606diodonotv|so unlucky\n|c|\u2606LordBennyG|when?\n|c|\u2606diodonotv|when you wake up after one turn of sleep for one shoot my more powerfull pkm\n|c|\u2606diodonotv|without him the team can make nothing\n|c|\u2606LordBennyG|you also got a 2 turn sleep, usually evens out\n|c|\u2606LordBennyG|30% to wake\n|c|\u2606LordBennyG|turn 1\n|c|\u2606LordBennyG|33*\n|c|\u2606diodonotv|i never wake up first turn personnaly\n|c|\u2606diodonotv|2 turns is the great majority of sleeping pkm\n|l|\u2606diodonotv\n|l| FunneeMonkee\n","uploadtime":1683645568,"views":6,"p1id":"lordbennyg","p2id":"diodonotv","formatid":"gen9vgc2023regulationc","rating":0,"private":0,"password":""}