{"id":"gen9vgc2023regulationc-1852246565","p1":"TStorm","p2":"TinyCharisma","format":"[Gen 9] VGC 2023 Regulation C","log":"|j|\u2606TStorm\n|j|\u2606TinyCharisma\n|t:|1682536380\n|gametype|doubles\n|player|p1|TStorm|1|\n|player|p2|TinyCharisma|pokekid|\n|teamsize|p1|6\n|teamsize|p2|6\n|gen|9\n|tier|[Gen 9] VGC 2023 Regulation C\n|rated|Tournament battle\n|rule|Species Clause: Limit one of each Pok\u00e9mon\n|rule|Item Clause: Limit one of each item\n|clearpoke\n|poke|p1|Flutter Mane, L50|\n|poke|p1|Palafin, L50, F|\n|poke|p1|Amoonguss, L50, M|\n|poke|p1|Arcanine, L50, F|\n|poke|p1|Ting-Lu, L50|\n|poke|p1|Iron Hands, L50|\n|poke|p2|Flutter Mane, L50|\n|poke|p2|Amoonguss, L50, F|\n|poke|p2|Palafin, L50, F|\n|poke|p2|Arcanine, L50, F|\n|poke|p2|Ting-Lu, L50|\n|poke|p2|Baxcalibur, L50, M|\n|teampreview|4\n|raw| Open Team Sheet for TStorm<\/summary>Flutter Mane @ Booster Energy Ability: Protosynthesis Level: 50 Tera Type: Fairy - Moonblast - Shadow Ball - Substitute - Protect Kayla My Love \ud83d\ude18 (Palafin) (F) @ Life Orb Ability: Zero to Hero Level: 50 Shiny: Yes Tera Type: Grass - Jet Punch - Drain Punch - Taunt - Protect Not Amoonguss (Amoonguss) (M) @ Sitrus Berry Ability: Regenerator Level: 50 Shiny: Yes Tera Type: Water - Pollen Puff - Rage Powder - Spore - Protect Arcanine @ Figy Berry Ability: Intimidate Level: 50 Tera Type: Grass - Flare Blitz - Will-O-Wisp - Extreme Speed - Morning Sun Ting-Lu @ Assault Vest Ability: Vessel of Ruin Level: 50 Tera Type: Ground - Fissure - Stomping Tantrum - Rock Slide - Ruination Iron Hands @ Lum Berry Ability: Quark Drive Level: 50 Tera Type: Grass - Protect - Drain Punch - Thunder Punch - Swords Dance <\/details><\/div> Open Team Sheet for TinyCharisma<\/summary>Flutter Mane @ Choice Specs Ability: Protosynthesis Level: 50 Shiny: Yes Tera Type: Fairy - Shadow Ball - Moonblast - Dazzling Gleam - Thunderbolt Amoonguss (F) @ Sitrus Berry Ability: Regenerator Level: 50 Shiny: Yes Tera Type: Water - Spore - Protect - Rage Powder - Pollen Puff Palafin (F) @ Mystic Water Ability: Zero to Hero Level: 50 Shiny: Yes Tera Type: Water - Jet Punch - Wave Crash - Substitute - Protect Arcanine (F) @ Safety Goggles Ability: Intimidate Level: 50 Shiny: Yes Tera Type: Grass - Flare Blitz - Will-O-Wisp - Howl - Protect Ting-Lu @ Assault Vest Ability: Vessel of Ruin Level: 50 Tera Type: Water - Ruination - Stomping Tantrum - Fissure - Heavy Slam Baxcalibur @ Clear Amulet Ability: Thermal Exchange Level: 50 Shiny: Yes Tera Type: Poison - Glaive Rush - Icicle Crash - Ice Shard - Protect <\/details><\/div>\n|j| WeirdPolyCouple\n|j| RiotJuice\n|inactive|Battle timer is ON: inactive players will automatically lose when time's up. (requested by TinyCharisma)\n|inactive|TStorm has 60 seconds left.\n|j| TypicalAndyy\n|l| TypicalAndyy\n|j| Insertable194\n|inactive|TStorm has 30 seconds left.\n|inactive|TStorm has 20 seconds left.\n|inactive|TStorm has 15 seconds left.\n|inactive|TStorm has 10 seconds left.\n|inactive|TStorm has 5 seconds left.\n|\n|t:|1682536496\n|start\n|switch|p1a: Iron Hands|Iron Hands, L50|100\/100\n|switch|p1b: Arcanine|Arcanine, L50, F|100\/100\n|switch|p2a: Baxcalibur|Baxcalibur, L50, M, shiny|100\/100\n|switch|p2b: Palafin|Palafin, L50, F, shiny|100\/100\n|-ability|p1b: Arcanine|Intimidate|boost\n|-fail|p2a: Baxcalibur|unboost|[from] item: Clear Amulet|[of] p2a: Baxcalibur\n|-unboost|p2b: Palafin|atk|1\n|turn|1\n|inactive|TStorm has 30 seconds left.\n|\n|t:|1682536526\n|detailschange|p2b: Palafin|Palafin-Hero, L50, F, shiny\n|switch|p2b: Arcanine|Arcanine, L50, F, shiny|100\/100\n|-ability|p2b: Arcanine|Intimidate|boost\n|-unboost|p1a: Iron Hands|atk|1\n|-unboost|p1b: Arcanine|atk|1\n|move|p2a: Baxcalibur|Protect|p2a: Baxcalibur\n|-singleturn|p2a: Baxcalibur|Protect\n|move|p1b: Arcanine|Will-O-Wisp|p2b: Arcanine\n|-immune|p2b: Arcanine\n|move|p1a: Iron Hands|Swords Dance|p1a: Iron Hands\n|-boost|p1a: Iron Hands|atk|2\n|\n|upkeep\n|turn|2\n|inactive|TinyCharisma has 30 seconds left.\n|j| Y0nkerz\n|\n|t:|1682536553\n|switch|p1b: Flutter Mane|Flutter Mane, L50|100\/100\n|-enditem|p1b: Flutter Mane|Booster Energy\n|-activate|p1b: Flutter Mane|ability: Protosynthesis|[fromitem]\n|-start|p1b: Flutter Mane|protosynthesisspa\n|-terastallize|p2a: Baxcalibur|Poison\n|move|p1a: Iron Hands|Protect|p1a: Iron Hands\n|-singleturn|p1a: Iron Hands|Protect\n|move|p2b: Arcanine|Howl|p2b: Arcanine|[spread] p2a,p2b\n|-boost|p2a: Baxcalibur|atk|1\n|-boost|p2b: Arcanine|atk|1\n|move|p2a: Baxcalibur|Glaive Rush|p1a: Iron Hands\n|-activate|p1a: Iron Hands|move: Protect\n|\n|upkeep\n|turn|3\n|l| Y0nkerz\n|inactive|TinyCharisma has 30 seconds left.\n|\n|t:|1682536578\n|move|p2a: Baxcalibur|Protect|p2a: Baxcalibur\n|-singleturn|p2a: Baxcalibur|Protect\n|move|p1b: Flutter Mane|Substitute|p1b: Flutter Mane\n|-start|p1b: Flutter Mane|Substitute\n|-damage|p1b: Flutter Mane|76\/100\n|move|p2b: Arcanine|Howl|p2b: Arcanine|[spread] p2a,p2b\n|-boost|p2a: Baxcalibur|atk|1\n|-boost|p2b: Arcanine|atk|1\n|move|p1a: Iron Hands|Drain Punch|p2a: Baxcalibur\n|-activate|p2a: Baxcalibur|move: Protect\n|\n|upkeep\n|turn|4\n|\n|t:|1682536590\n|move|p2a: Baxcalibur|Ice Shard|p1b: Flutter Mane\n|-end|p1b: Flutter Mane|Substitute\n|move|p1b: Flutter Mane|Shadow Ball|p2a: Baxcalibur\n|-damage|p2a: Baxcalibur|54\/100\n|move|p2b: Arcanine|Flare Blitz|p1b: Flutter Mane\n|-crit|p1b: Flutter Mane\n|-damage|p1b: Flutter Mane|0 fnt\n|faint|p1b: Flutter Mane\n|-end|p1b: Flutter Mane|Protosynthesis|[silent]\n|-damage|p2b: Arcanine|82\/100|[from] Recoil\n|move|p1a: Iron Hands|Thunder Punch|p2a: Baxcalibur\n|-damage|p2a: Baxcalibur|4\/100\n|\n|upkeep\n|\n|t:|1682536604\n|switch|p1b: Arcanine|Arcanine, L50, F|100\/100\n|-ability|p1b: Arcanine|Intimidate|boost\n|-fail|p2a: Baxcalibur|unboost|[from] item: Clear Amulet|[of] p2a: Baxcalibur\n|-unboost|p2b: Arcanine|atk|1\n|turn|5\n|\n|t:|1682536618\n|move|p2a: Baxcalibur|Protect|p2a: Baxcalibur\n|-singleturn|p2a: Baxcalibur|Protect\n|move|p1b: Arcanine|Extreme Speed|p2a: Baxcalibur\n|-activate|p2a: Baxcalibur|move: Protect\n|move|p2b: Arcanine|Flare Blitz|p1a: Iron Hands\n|-damage|p1a: Iron Hands|55\/100\n|-damage|p2b: Arcanine|64\/100|[from] Recoil\n|move|p1a: Iron Hands|Drain Punch|p2b: Arcanine\n|-damage|p2b: Arcanine|6\/100\n|-heal|p1a: Iron Hands|79\/100|[from] drain|[of] p2b: Arcanine\n|\n|upkeep\n|turn|6\n|\n|t:|1682536637\n|move|p1b: Arcanine|Extreme Speed|p2a: Baxcalibur\n|-damage|p2a: Baxcalibur|0 fnt\n|faint|p2a: Baxcalibur\n|move|p2b: Arcanine|Flare Blitz|p1a: Iron Hands\n|-crit|p1a: Iron Hands\n|-damage|p1a: Iron Hands|11\/100\n|-damage|p2b: Arcanine|0 fnt|[from] Recoil\n|faint|p2b: Arcanine\n|move|p1a: Iron Hands|Drain Punch|p2: Baxcalibur|[notarget]\n|-fail|p1a: Iron Hands\n|\n|upkeep\n|\n|t:|1682536642\n|switch|p2b: Palafin|Palafin-Hero, L50, F, shiny|100\/100\n|switch|p2a: Amoonguss|Amoonguss, L50, F, shiny|100\/100\n|-activate|p2b: Palafin|ability: Zero to Hero\n|turn|7\n|inactive|TinyCharisma has 30 seconds left.\n|inactive|TinyCharisma has 20 seconds left.\n|\n|t:|1682536678\n|-terastallize|p1b: Arcanine|Grass\n|move|p2b: Palafin|Protect|p2b: Palafin\n|-singleturn|p2b: Palafin|Protect\n|move|p1b: Arcanine|Flare Blitz|p2a: Amoonguss\n|-supereffective|p2a: Amoonguss\n|-damage|p2a: Amoonguss|13\/100\n|-enditem|p2a: Amoonguss|Sitrus Berry|[eat]\n|-heal|p2a: Amoonguss|38\/100|[from] item: Sitrus Berry\n|-damage|p1b: Arcanine|69\/100|[from] Recoil\n|move|p1a: Iron Hands|Thunder Punch|p2b: Palafin\n|-activate|p2b: Palafin|move: Protect\n|move|p2a: Amoonguss|Pollen Puff|p1a: Iron Hands\n|-resisted|p1a: Iron Hands\n|-damage|p1a: Iron Hands|5\/100\n|\n|upkeep\n|turn|8\n|inactive|TStorm has 30 seconds left.\n|inactive|TStorm has 20 seconds left.\n|inactive|TStorm has 15 seconds left.\n|inactive|TStorm has 10 seconds left.\n|\n|t:|1682536724\n|-end|p1a: Iron Hands|Quark Drive|[silent]\n|switch|p1a: Not Amoonguss|Amoonguss, L50, M, shiny|100\/100\n|move|p2a: Amoonguss|Protect|p2a: Amoonguss\n|-singleturn|p2a: Amoonguss|Protect\n|move|p2b: Palafin|Jet Punch|p1a: Not Amoonguss\n|-resisted|p1a: Not Amoonguss\n|-damage|p1a: Not Amoonguss|81\/100\n|move|p1b: Arcanine|Flare Blitz|p2a: Amoonguss\n|-activate|p2a: Amoonguss|move: Protect\n|\n|upkeep\n|turn|9\n|\n|t:|1682536733\n|move|p2b: Palafin|Substitute|p2b: Palafin\n|-start|p2b: Palafin|Substitute\n|-damage|p2b: Palafin|76\/100\n|move|p1b: Arcanine|Flare Blitz|p2a: Amoonguss\n|-supereffective|p2a: Amoonguss\n|-damage|p2a: Amoonguss|0 fnt\n|faint|p2a: Amoonguss\n|-damage|p1b: Arcanine|55\/100|[from] Recoil\n|move|p1a: Not Amoonguss|Pollen Puff|p1b: Arcanine\n|-heal|p1b: Arcanine|100\/100\n|\n|upkeep\n|turn|10\n|\n|t:|1682536746\n|move|p2b: Palafin|Protect|p2b: Palafin\n|-singleturn|p2b: Palafin|Protect\n|move|p1b: Arcanine|Extreme Speed|p2b: Palafin\n|-activate|p2b: Palafin|move: Protect\n|move|p1a: Not Amoonguss|Spore|p2b: Palafin\n|-activate|p2b: Palafin|move: Protect\n|\n|upkeep\n|turn|11\n|\n|t:|1682536759\n|move|p1b: Arcanine|Extreme Speed|p2b: Palafin\n|-activate|p2b: Palafin|move: Substitute|[damage]\n|move|p2b: Palafin|Wave Crash|p1a: Not Amoonguss\n|-resisted|p1a: Not Amoonguss\n|-damage|p1a: Not Amoonguss|41\/100\n|-enditem|p1a: Not Amoonguss|Sitrus Berry|[eat]\n|-heal|p1a: Not Amoonguss|66\/100|[from] item: Sitrus Berry\n|-damage|p2b: Palafin|61\/100|[from] Recoil\n|move|p1a: Not Amoonguss|Spore||[still]\n|-fail|p1a: Not Amoonguss\n|\n|upkeep\n|turn|12\n|\n|t:|1682536777\n|move|p1b: Arcanine|Extreme Speed|p2b: Palafin\n|-end|p2b: Palafin|Substitute\n|move|p2b: Palafin|Wave Crash|p1a: Not Amoonguss\n|-resisted|p1a: Not Amoonguss\n|-crit|p1a: Not Amoonguss\n|-damage|p1a: Not Amoonguss|5\/100\n|-damage|p2b: Palafin|40\/100|[from] Recoil\n|move|p1a: Not Amoonguss|Spore|p2b: Palafin\n|-status|p2b: Palafin|slp|[from] move: Spore\n|\n|upkeep\n|turn|13\n|-message|TinyCharisma forfeited.\n|\n|win|TStorm\n|n|\u2606TStorm|tstorm\n|n|\u2606TinyCharisma|tinycharisma\n|n| WeirdPolyCouple|weirdpolycouple\n|n| RiotJuice|riotjuice\n|n| Insertable194|insertable194\n","uploadtime":1682536786,"views":9,"p1id":"tstorm","p2id":"tinycharisma","formatid":"gen9vgc2023regulationc","rating":0,"private":0,"password":""}