{"id":"gen9vgc2023regulationc-1848637221","p1":"Emberbloom","p2":"Hikaru_VT1","format":"[Gen 9] VGC 2023 Regulation C","log":"|j|\u2606Emberbloom\n|j|\u2606Hikaru_VT1\n|t:|1682096560\n|gametype|doubles\n|player|p1|Emberbloom|flannery|1384\n|player|p2|Hikaru_VT1|170|1424\n|teamsize|p1|6\n|teamsize|p2|6\n|gen|9\n|tier|[Gen 9] VGC 2023 Regulation C\n|rated|\n|rule|Species Clause: Limit one of each Pok\u00e9mon\n|rule|Item Clause: Limit one of each item\n|clearpoke\n|poke|p1|Corviknight, L50, M|\n|poke|p1|Tyranitar, L50, F|\n|poke|p1|Garchomp, L50, F|\n|poke|p1|Amoonguss, L50, F|\n|poke|p1|Arcanine, L50, F|\n|poke|p1|Iron Bundle, L50|\n|poke|p2|Chien-Pao, L50|\n|poke|p2|Flutter Mane, L50|\n|poke|p2|Corviknight, L50, M|\n|poke|p2|Gastrodon-East, L50, F|\n|poke|p2|Rotom-Heat, L50|\n|poke|p2|Ting-Lu, L50|\n|teampreview|4\n|inactive|Battle timer is ON: inactive players will automatically lose when time's up. (requested by Hikaru_VT1)\nHikaru_VT1 rejected open team sheets.\n|inactive|Hikaru_VT1 has 60 seconds left.\n|\n|t:|1682096594\n|start\n|switch|p1a: Arcanine|Arcanine, L50, F|100\/100\n|switch|p1b: Iron Bundle|Iron Bundle, L50|100\/100\n|switch|p2a: Corviknight|Corviknight, L50, M|100\/100\n|switch|p2b: Rotom|Rotom-Heat, L50|100\/100\n|-ability|p1a: Arcanine|Intimidate|boost\n|-ability|p2a: Corviknight|Mirror Armor\n|-unboost|p1a: Arcanine|atk|1\n|-unboost|p2b: Rotom|atk|1\n|-enditem|p1b: Iron Bundle|Booster Energy\n|-activate|p1b: Iron Bundle|ability: Quark Drive|[fromitem]\n|-start|p1b: Iron Bundle|quarkdrivespe\n|turn|1\n|inactive|Emberbloom has 30 seconds left.\n|inactive|Emberbloom has 20 seconds left.\n|\n|t:|1682096630\n|move|p1b: Iron Bundle|Protect|p1b: Iron Bundle\n|-singleturn|p1b: Iron Bundle|Protect\n|move|p2b: Rotom|Thunderbolt|p1b: Iron Bundle\n|-activate|p1b: Iron Bundle|move: Protect\n|move|p1a: Arcanine|Flare Blitz|p2a: Corviknight\n|-supereffective|p2a: Corviknight\n|-damage|p2a: Corviknight|44\/100\n|-damage|p1a: Arcanine|82\/100|[from] Recoil\n|move|p2a: Corviknight|Tailwind|p2a: Corviknight\n|-sidestart|p2: Hikaru_VT1|move: Tailwind\n|\n|upkeep\n|turn|2\n|j| efrgebgf\n|\n|t:|1682096651\n|-end|p1b: Iron Bundle|Quark Drive|[silent]\n|switch|p1b: Garchomp|Garchomp, L50, F|100\/100\n|move|p2b: Rotom|Thunderbolt|p1a: Arcanine\n|-crit|p1a: Arcanine\n|-damage|p1a: Arcanine|7\/100\n|move|p2a: Corviknight|Roost|p2a: Corviknight\n|-heal|p2a: Corviknight|94\/100\n|-singleturn|p2a: Corviknight|move: Roost\n|move|p1a: Arcanine|Howl|p1a: Arcanine|[spread] p1a,p1b\n|-boost|p1a: Arcanine|atk|1\n|-boost|p1b: Garchomp|atk|1\n|\n|upkeep\n|turn|3\n|inactive|Emberbloom has 30 seconds left.\n|inactive|Hikaru_VT1 has 30 seconds left.\n|\n|t:|1682096685\n|-terastallize|p2b: Rotom|Electric\n|move|p1a: Arcanine|Extreme Speed|p2b: Rotom\n|-damage|p2b: Rotom|73\/100\n|move|p2b: Rotom|Thunderbolt|p1a: Arcanine\n|-damage|p1a: Arcanine|0 fnt\n|faint|p1a: Arcanine\n|move|p2a: Corviknight|Brave Bird|p1b: Garchomp\n|-damage|p1b: Garchomp|58\/100\n|-damage|p2a: Corviknight|80\/100|[from] Recoil\n|move|p1b: Garchomp|Rock Slide|p2b: Rotom|[spread] p2a,p2b\n|-damage|p2a: Corviknight|53\/100\n|-damage|p2b: Rotom|36\/100\n|\n|upkeep\n|\n|t:|1682096704\n|switch|p1a: Tyranitar|Tyranitar, L50, F, shiny|100\/100\n|-weather|Sandstorm|[from] ability: Sand Stream|[of] p1a: Tyranitar\n|turn|4\n|\n|t:|1682096720\n|switch|p2b: Flutter Mane|Flutter Mane, L50|100\/100\n|-enditem|p2b: Flutter Mane|Booster Energy\n|-activate|p2b: Flutter Mane|ability: Protosynthesis|[fromitem]\n|-start|p2b: Flutter Mane|protosynthesisspe\n|move|p2a: Corviknight|Roost|p2a: Corviknight\n|-heal|p2a: Corviknight|100\/100\n|-singleturn|p2a: Corviknight|move: Roost\n|move|p1b: Garchomp|Rock Slide|p2b: Flutter Mane|[spread] p2b\n|-miss|p1b: Garchomp|p2a: Corviknight\n|-damage|p2b: Flutter Mane|39\/100\n|move|p1a: Tyranitar|Rock Slide|p2b: Flutter Mane|[spread] p2a,p2b\n|-resisted|p2a: Corviknight\n|-damage|p2a: Corviknight|87\/100\n|-damage|p2b: Flutter Mane|0 fnt\n|faint|p2b: Flutter Mane\n|-end|p2b: Flutter Mane|Protosynthesis|[silent]\n|\n|-weather|Sandstorm|[upkeep]\n|-sideend|p2: Hikaru_VT1|move: Tailwind\n|upkeep\n|\n|t:|1682096729\n|switch|p2b: Chien-Pao|Chien-Pao, L50|100\/100\n|-ability|p2b: Chien-Pao|Sword of Ruin\n|turn|5\n|\n|t:|1682096740\n|-terastallize|p1a: Tyranitar|Flying\n|move|p2b: Chien-Pao|Protect|p2b: Chien-Pao\n|-singleturn|p2b: Chien-Pao|Protect\n|move|p1b: Garchomp|Protect|p1b: Garchomp\n|-singleturn|p1b: Garchomp|Protect\n|move|p2a: Corviknight|Tailwind|p2a: Corviknight\n|-sidestart|p2: Hikaru_VT1|move: Tailwind\n|move|p1a: Tyranitar|Rock Slide|p2a: Corviknight|[spread] p2a\n|-activate|p2b: Chien-Pao|move: Protect\n|-damage|p2a: Corviknight|49\/100\n|\n|-weather|Sandstorm|[upkeep]\n|-damage|p2b: Chien-Pao|95\/100|[from] Sandstorm\n|-damage|p1a: Tyranitar|95\/100|[from] Sandstorm\n|upkeep\n|turn|6\n|\n|t:|1682096757\n|move|p2b: Chien-Pao|Ice Spinner|p1a: Tyranitar\n|-supereffective|p1a: Tyranitar\n|-damage|p1a: Tyranitar|12\/100\n|move|p2a: Corviknight|Brave Bird|p1b: Garchomp\n|-damage|p1b: Garchomp|0 fnt\n|faint|p1b: Garchomp\n|-damage|p2a: Corviknight|30\/100|[from] Recoil\n|move|p1a: Tyranitar|Low Kick|p2b: Chien-Pao\n|-supereffective|p2b: Chien-Pao\n|-damage|p2b: Chien-Pao|0 fnt\n|faint|p2b: Chien-Pao\n|\n|-weather|Sandstorm|[upkeep]\n|-damage|p1a: Tyranitar|6\/100|[from] Sandstorm\n|upkeep\n|\n|t:|1682096763\n|switch|p2b: Rotom|Rotom-Heat, L50, tera:Electric|36\/100\n|switch|p1b: Iron Bundle|Iron Bundle, L50|100\/100\n|turn|7\n|\n|t:|1682096777\n|move|p1b: Iron Bundle|Protect|p1b: Iron Bundle\n|-singleturn|p1b: Iron Bundle|Protect\n|move|p2b: Rotom|Thunderbolt|p1b: Iron Bundle\n|-activate|p1b: Iron Bundle|move: Protect\n|move|p2a: Corviknight|Iron Head|p1a: Tyranitar\n|-damage|p1a: Tyranitar|0 fnt\n|faint|p1a: Tyranitar\n|\n|-weather|Sandstorm|[upkeep]\n|-damage|p2b: Rotom|31\/100|[from] Sandstorm\n|-damage|p1b: Iron Bundle|94\/100|[from] Sandstorm\n|upkeep\n|turn|8\n|\n|t:|1682096785\n|move|p2b: Rotom|Thunderbolt|p1b: Iron Bundle\n|-supereffective|p1b: Iron Bundle\n|-damage|p1b: Iron Bundle|0 fnt\n|faint|p1b: Iron Bundle\n|-end|p1b: Iron Bundle|Quark Drive|[silent]\n|\n|win|Hikaru_VT1\n|raw|Emberbloom's rating: 1384 → 1366<\/strong> (-18 for losing)\n|raw|Hikaru_VT1's rating: 1424 → 1442<\/strong> (+18 for winning)\n|l|\u2606Hikaru_VT1\n","uploadtime":1682096796,"views":17,"p1id":"emberbloom","p2id":"hikaruvt1","formatid":"gen9vgc2023regulationc","rating":1366,"private":0,"password":""}