{"id":"gen9vgc2023regulationc-1846669185","p1":"ANTIVALLEY","p2":"bananerzz","format":"[Gen 9] VGC 2023 Regulation C","log":"|j|\u2606ANTIVALLEY\n|j|\u2606bananerzz\n|t:|1681863801\n|gametype|doubles\n|player|p1|ANTIVALLEY|penny|1208\n|player|p2|bananerzz|lady-gen4|1167\n|teamsize|p1|6\n|teamsize|p2|6\n|gen|9\n|tier|[Gen 9] VGC 2023 Regulation C\n|rated|\n|rule|Species Clause: Limit one of each Pok\u00e9mon\n|rule|Item Clause: Limit one of each item\n|clearpoke\n|poke|p1|Lycanroc, L50, M|\n|poke|p1|Tyranitar, L50, M|\n|poke|p1|Iron Bundle, L50|\n|poke|p1|Chi-Yu, L50|\n|poke|p1|Farigiraf, L50, F|\n|poke|p1|Gyarados, L50, F|\n|poke|p2|Pincurchin, L50, M|\n|poke|p2|Iron Hands, L50|\n|poke|p2|Arboliva, L50, M|\n|poke|p2|Ceruledge, L50, F|\n|poke|p2|Barraskewda, L50, F|\n|poke|p2|Iron Valiant, L50|\n|teampreview|4\n|\n|t:|1681863847\n|start\n|switch|p1a: Lycanroc|Lycanroc, L50, M|100\/100\n|switch|p1b: Tyranitar|Tyranitar, L50, M|100\/100\n|switch|p2a: Pincurchin|Pincurchin, L50, M|100\/100\n|switch|p2b: Iron Valiant|Iron Valiant, L50|100\/100\n|-weather|Sandstorm|[from] ability: Sand Stream|[of] p1b: Tyranitar\n|-fieldstart|move: Electric Terrain|[from] ability: Electric Surge|[of] p2a: Pincurchin\n|-activate|p2b: Iron Valiant|ability: Quark Drive\n|-start|p2b: Iron Valiant|quarkdrivespe\n|-enditem|p2b: Iron Valiant|Electric Seed\n|-boost|p2b: Iron Valiant|def|1|[from] item: Electric Seed\n|turn|1\n|\n|t:|1681863873\n|-terastallize|p1b: Tyranitar|Flying\n|move|p1a: Lycanroc|Endure|p1a: Lycanroc\n|-singleturn|p1a: Lycanroc|move: Endure\n|move|p2b: Iron Valiant|Moonblast|p1b: Tyranitar\n|-damage|p1b: Tyranitar|74\/100\n|move|p1b: Tyranitar|Tera Blast|p2b: Iron Valiant\n|-supereffective|p2b: Iron Valiant\n|-damage|p2b: Iron Valiant|27\/100\n|move|p2a: Pincurchin|Liquidation|p1a: Lycanroc\n|-supereffective|p1a: Lycanroc\n|-damage|p1a: Lycanroc|18\/100\n|-unboost|p1a: Lycanroc|def|1\n|\n|-weather|Sandstorm|[upkeep]\n|-damage|p2b: Iron Valiant|21\/100|[from] Sandstorm\n|-damage|p1b: Tyranitar|68\/100|[from] Sandstorm\n|-damage|p2a: Pincurchin|95\/100|[from] Sandstorm\n|upkeep\n|turn|2\n|\n|t:|1681863907\n|move|p1a: Lycanroc|Endeavor|p2a: Pincurchin\n|-damage|p2a: Pincurchin|17\/100\n|move|p2b: Iron Valiant|Aura Sphere|p1a: Lycanroc\n|-supereffective|p1a: Lycanroc\n|-damage|p1a: Lycanroc|0 fnt\n|faint|p1a: Lycanroc\n|move|p1b: Tyranitar|Assurance|p2a: Pincurchin\n|-damage|p2a: Pincurchin|0 fnt\n|faint|p2a: Pincurchin\n|\n|-weather|Sandstorm|[upkeep]\n|-damage|p2b: Iron Valiant|15\/100|[from] Sandstorm\n|-damage|p1b: Tyranitar|62\/100|[from] Sandstorm\n|upkeep\n|\n|t:|1681863928\n|switch|p1a: Chi-Yu|Chi-Yu, L50|100\/100\n|switch|p2a: Iron Hands|Iron Hands, L50|100\/100\n|-ability|p1a: Chi-Yu|Beads of Ruin\n|-activate|p2a: Iron Hands|ability: Quark Drive\n|-start|p2a: Iron Hands|quarkdriveatk\n|turn|3\n|\n|t:|1681863966\n|move|p2b: Iron Valiant|Protect|p2b: Iron Valiant\n|-singleturn|p2b: Iron Valiant|Protect\n|move|p2a: Iron Hands|Fake Out|p1a: Chi-Yu\n|-damage|p1a: Chi-Yu|65\/100\n|cant|p1a: Chi-Yu|flinch\n|move|p1b: Tyranitar|Tera Blast|p2a: Iron Hands\n|-damage|p2a: Iron Hands|71\/100\n|\n|-weather|Sandstorm|[upkeep]\n|-damage|p2b: Iron Valiant|9\/100|[from] Sandstorm\n|-damage|p1a: Chi-Yu|59\/100|[from] Sandstorm\n|-damage|p1b: Tyranitar|57\/100|[from] Sandstorm\n|-damage|p2a: Iron Hands|65\/100|[from] Sandstorm\n|upkeep\n|turn|4\n|\n|t:|1681863994\n|switch|p1b: Gyarados|Gyarados, L50, F|100\/100\n|-ability|p1b: Gyarados|Intimidate|boost\n|-unboost|p2a: Iron Hands|atk|1\n|-unboost|p2b: Iron Valiant|atk|1\n|move|p2b: Iron Valiant|Aura Sphere|p1a: Chi-Yu\n|-supereffective|p1a: Chi-Yu\n|-damage|p1a: Chi-Yu|0 fnt\n|faint|p1a: Chi-Yu\n|move|p2a: Iron Hands|Wild Charge|p1b: Gyarados\n|-supereffective|p1b: Gyarados\n|-damage|p1b: Gyarados|0 fnt\n|faint|p1b: Gyarados\n|-damage|p2a: Iron Hands|46\/100|[from] Recoil\n|\n|-weather|Sandstorm|[upkeep]\n|-damage|p2b: Iron Valiant|3\/100|[from] Sandstorm\n|-damage|p2a: Iron Hands|40\/100|[from] Sandstorm\n|upkeep\n|\n|t:|1681864036\n|switch|p1b: Tyranitar|Tyranitar, L50, M, tera:Flying|57\/100\n|turn|5\n|-message|ANTIVALLEY forfeited.\n|\n|win|bananerzz\n|raw|ANTIVALLEY's rating: 1208 → 1180<\/strong> (-28 for losing)\n|raw|bananerzz's rating: 1167 → 1195<\/strong> (+28 for winning)\n|l|\u2606bananerzz\n","uploadtime":1681864266,"views":16,"p1id":"antivalley","p2id":"bananerzz","formatid":"gen9vgc2023regulationc","rating":1180,"private":0,"password":""}