{"id":"gen9vgc2023regulationc-1851847067","p1":"haha u rage quit","p2":"Momochikchik","format":"[Gen 9] VGC 2023 Regulation C","log":"|j|\u2606haha u rage quit\n|j|\u2606Momochikchik\n|t:|1682494348\n|gametype|doubles\n|player|p1|haha u rage quit|pokemaniac|1395\n|player|p2|Momochikchik|266|1462\n|teamsize|p1|6\n|teamsize|p2|6\n|gen|9\n|tier|[Gen 9] VGC 2023 Regulation C\n|rated|\n|rule|Species Clause: Limit one of each Pok\u00e9mon\n|rule|Item Clause: Limit one of each item\n|clearpoke\n|poke|p1|Glimmora, L50, M|\n|poke|p1|Iron Bundle, L50|\n|poke|p1|Dondozo, L50, M|\n|poke|p1|Dragonite, L50, M|\n|poke|p1|Tatsugiri-Droopy, L50, M|\n|poke|p1|Chi-Yu, L50|\n|poke|p2|Chien-Pao, L50|\n|poke|p2|Amoonguss, L50, F|\n|poke|p2|Palafin, L50, M|\n|poke|p2|Arcanine, L50, F|\n|poke|p2|Dragonite, L50, F|\n|poke|p2|Iron Hands, L50|\n|teampreview|4\n|inactive|Battle timer is ON: inactive players will automatically lose when time's up. (requested by Momochikchik)\n|j| mpudi\n|\n|t:|1682494378\n|start\n|switch|p1a: Iron Bundle|Iron Bundle, L50, shiny|100\/100\n|switch|p1b: Glimmora|Glimmora, L50, M, shiny|100\/100\n|switch|p2a: Iron Hands|Iron Hands, L50|100\/100\n|switch|p2b: Dragonite|Dragonite, L50, F|100\/100\n|-enditem|p1a: Iron Bundle|Booster Energy\n|-activate|p1a: Iron Bundle|ability: Quark Drive|[fromitem]\n|-start|p1a: Iron Bundle|quarkdrivespe\n|turn|1\n|inactive|Momochikchik has 30 seconds left.\n|\n|t:|1682494412\n|move|p1a: Iron Bundle|Protect|p1a: Iron Bundle\n|-singleturn|p1a: Iron Bundle|Protect\n|move|p2b: Dragonite|Protect|p2b: Dragonite\n|-singleturn|p2b: Dragonite|Protect\n|move|p1b: Glimmora|Mortal Spin|p2b: Dragonite|[spread] p2a\n|-activate|p2b: Dragonite|move: Protect\n|-damage|p2a: Iron Hands|97\/100\n|-status|p2a: Iron Hands|psn\n|move|p2a: Iron Hands|Wild Charge|p1a: Iron Bundle\n|-activate|p1a: Iron Bundle|move: Protect\n|\n|-damage|p2a: Iron Hands|85\/100 psn|[from] psn\n|upkeep\n|turn|2\n|inactive|Momochikchik has 30 seconds left.\n|inactive|haha u rage quit has 30 seconds left.\n|inactive|Momochikchik has 20 seconds left.\n|\n|t:|1682494451\n|switch|p2b: Amoonguss|Amoonguss, L50, F|100\/100\n|move|p1a: Iron Bundle|Freeze-Dry|p2b: Amoonguss\n|-supereffective|p2b: Amoonguss\n|-damage|p2b: Amoonguss|37\/100\n|-enditem|p2b: Amoonguss|Sitrus Berry|[eat]\n|-heal|p2b: Amoonguss|62\/100|[from] item: Sitrus Berry\n|move|p1b: Glimmora|Power Gem|p2b: Amoonguss\n|-damage|p2b: Amoonguss|33\/100\n|move|p2a: Iron Hands|Volt Switch|p1a: Iron Bundle\n|-supereffective|p1a: Iron Bundle\n|-damage|p1a: Iron Bundle|50\/100\n|\n|t:|1682494469\n|-end|p2a: Iron Hands|Quark Drive|[silent]\n|switch|p2a: Palafin|Palafin, L50, M|100\/100|[from] Volt Switch\n|\n|upkeep\n|turn|3\n|inactive|Momochikchik has 30 seconds left.\n|\n|t:|1682494497\n|detailschange|p2a: Palafin|Palafin-Hero, L50, M\n|switch|p2a: Iron Hands|Iron Hands, L50|85\/100 psn\n|move|p1a: Iron Bundle|Freeze-Dry|p2b: Amoonguss\n|-supereffective|p2b: Amoonguss\n|-damage|p2b: Amoonguss|0 fnt\n|faint|p2b: Amoonguss\n|move|p1b: Glimmora|Energy Ball|p2a: Iron Hands\n|-damage|p2a: Iron Hands|72\/100 psn\n|\n|-damage|p2a: Iron Hands|60\/100 psn|[from] psn\n|upkeep\n|\n|t:|1682494512\n|switch|p2b: Palafin|Palafin-Hero, L50, M|100\/100\n|-activate|p2b: Palafin|ability: Zero to Hero\n|turn|4\n|\n|t:|1682494528\n|-terastallize|p2b: Palafin|Water\n|move|p1a: Iron Bundle|Protect|p1a: Iron Bundle\n|-singleturn|p1a: Iron Bundle|Protect\n|move|p2a: Iron Hands|Fake Out|p1a: Iron Bundle\n|-activate|p1a: Iron Bundle|move: Protect\n|move|p2b: Palafin|Wave Crash|p1b: Glimmora\n|-supereffective|p1b: Glimmora\n|-damage|p1b: Glimmora|0 fnt\n|-activate|p1b: Glimmora|ability: Toxic Debris\n|-sidestart|p2: Momochikchik|move: Toxic Spikes\n|faint|p1b: Glimmora\n|-damage|p2b: Palafin|70\/100|[from] Recoil\n|\n|-damage|p2a: Iron Hands|47\/100 psn|[from] psn\n|upkeep\n|\n|t:|1682494544\n|switch|p1b: Dondozo|Dondozo, L50, M|100\/100\n|turn|5\n|\n|t:|1682494565\n|-end|p1a: Iron Bundle|Quark Drive|[silent]\n|switch|p1a: Tatsugiri|Tatsugiri-Droopy, L50, M|100\/100\n|-activate|p1a: Tatsugiri|ability: Commander|[of] p1b: Dondozo\n|-boost|p1b: Dondozo|atk|2\n|-boost|p1b: Dondozo|spa|2\n|-boost|p1b: Dondozo|spe|2\n|-boost|p1b: Dondozo|def|2\n|-boost|p1b: Dondozo|spd|2\n|-terastallize|p1b: Dondozo|Grass\n|move|p2b: Palafin|Protect|p2b: Palafin\n|-singleturn|p2b: Palafin|Protect\n|move|p1b: Dondozo|Tera Blast|p2b: Palafin\n|-activate|p2b: Palafin|move: Protect\n|move|p2a: Iron Hands|Wild Charge|p1a: Tatsugiri|[miss]\n|-miss|p2a: Iron Hands|p1a: Tatsugiri\n|\n|-damage|p2a: Iron Hands|35\/100 psn|[from] psn\n|upkeep\n|turn|6\n|inactive|Momochikchik has 30 seconds left.\n|\n|t:|1682494590\n|switch|p2b: Dragonite|Dragonite, L50, F|100\/100\n|move|p1b: Dondozo|Tera Blast|p2b: Dragonite\n|-resisted|p2b: Dragonite\n|-damage|p2b: Dragonite|92\/100\n|move|p2a: Iron Hands|Volt Switch|p1b: Dondozo\n|-resisted|p1b: Dondozo\n|-damage|p1b: Dondozo|98\/100\n|\n|t:|1682494599\n|-end|p2a: Iron Hands|Quark Drive|[silent]\n|switch|p2a: Palafin|Palafin-Hero, L50, M, tera:Water|70\/100|[from] Volt Switch\n|-status|p2a: Palafin|psn\n|\n|-heal|p1b: Dondozo|100\/100|[from] item: Leftovers\n|-damage|p2a: Palafin|57\/100 psn|[from] psn\n|upkeep\n|turn|7\n|\n|t:|1682494611\n|switch|p2b: Iron Hands|Iron Hands, L50|35\/100 psn\n|move|p2a: Palafin|Protect|p2a: Palafin\n|-singleturn|p2a: Palafin|Protect\n|move|p1b: Dondozo|Wave Crash|p2b: Iron Hands\n|-damage|p2b: Iron Hands|0 fnt\n|faint|p2b: Iron Hands\n|-end|p2b: Iron Hands|Quark Drive|[silent]\n|-damage|p1b: Dondozo|89\/100|[from] Recoil\n|\n|-heal|p1b: Dondozo|95\/100|[from] item: Leftovers\n|-damage|p2a: Palafin|45\/100 psn|[from] psn\n|upkeep\n|-message|Momochikchik forfeited.\n|\n|win|haha u rage quit\n|raw|haha u rage quit's rating: 1395 → 1419<\/strong> (+24 for winning)\n|raw|Momochikchik's rating: 1462 → 1438<\/strong> (-24 for losing)\n|l|\u2606Momochikchik\n","uploadtime":1682494634,"views":15,"p1id":"hahauragequit","p2id":"momochikchik","formatid":"gen9vgc2023regulationc","rating":1419,"private":0,"password":""}