{"id":"gen9vgc2023regulationc-1858618737","p1":"Adelein Black","p2":"Shinysucines94","format":"[Gen 9] VGC 2023 Regulation C","log":"|j|\u2606Adelein Black\n|j|\u2606Shinysucines94\n|t:|1683333055\n|gametype|doubles\n|player|p1|Adelein Black|102|1194\n|player|p2|Shinysucines94|psychic-gen4|1179\n|teamsize|p1|6\n|teamsize|p2|6\n|gen|9\n|tier|[Gen 9] VGC 2023 Regulation C\n|rated|\n|rule|Species Clause: Limit one of each Pok\u00e9mon\n|rule|Item Clause: Limit one of each item\n|clearpoke\n|poke|p1|Gholdengo, L50|\n|poke|p1|Wo-Chien, L50|\n|poke|p1|Iron Bundle, L50|\n|poke|p1|Dragapult, L50, F|\n|poke|p1|Hippowdon, L50, F|\n|poke|p1|Glimmora, L50, M|\n|poke|p2|Umbreon, L50, F|\n|poke|p2|Annihilape, L50, M|\n|poke|p2|Ting-Lu, L50|\n|poke|p2|Klefki, L50, M|\n|poke|p2|Arcanine, L50, F|\n|poke|p2|Maushold-Four, L50|\n|teampreview|4\n|inactive|Battle timer is ON: inactive players will automatically lose when time's up. (requested by Shinysucines94)\nShinysucines94 rejected open team sheets.\n|inactive|Adelein Black has 60 seconds left.\n|\n|t:|1683333100\n|start\n|switch|p1a: Hippowdon|Hippowdon, L50, F|100\/100\n|switch|p1b: Dragapult|Dragapult, L50, F|100\/100\n|switch|p2a: Umbreon|Umbreon, L50, F, shiny|100\/100\n|switch|p2b: Klefki|Klefki, L50, M|100\/100\n|-weather|Sandstorm|[from] ability: Sand Stream|[of] p1a: Hippowdon\n|turn|1\n|inactive|Adelein Black has 30 seconds left.\n|\n|t:|1683333133\n|move|p1b: Dragapult|Protect|p1b: Dragapult\n|-singleturn|p1b: Dragapult|Protect\n|move|p2b: Klefki|Reflect|p2b: Klefki\n|-sidestart|p2: Shinysucines94|Reflect\n|move|p2a: Umbreon|Foul Play|p1b: Dragapult\n|-activate|p1b: Dragapult|move: Protect\n|move|p1a: Hippowdon|Stealth Rock|p2a: Umbreon\n|-sidestart|p2: Shinysucines94|move: Stealth Rock\n|\n|-weather|Sandstorm|[upkeep]\n|-damage|p1b: Dragapult|94\/100|[from] Sandstorm\n|-damage|p2a: Umbreon|95\/100|[from] Sandstorm\n|upkeep\n|turn|2\n|\n|t:|1683333156\n|move|p1b: Dragapult|Disable|p2a: Umbreon\n|-start|p2a: Umbreon|Disable|Foul Play\n|move|p2b: Klefki|Play Rough|p1b: Dragapult\n|-supereffective|p1b: Dragapult\n|-damage|p1b: Dragapult|25\/100\n|cant|p2a: Umbreon|Disable|Foul Play\n|move|p1a: Hippowdon|Sand Tomb|p2b: Klefki|[miss]\n|-miss|p1a: Hippowdon|p2b: Klefki\n|\n|-weather|Sandstorm|[upkeep]\n|-damage|p1b: Dragapult|19\/100|[from] Sandstorm\n|-damage|p2a: Umbreon|89\/100|[from] Sandstorm\n|upkeep\n|turn|3\n|inactive|Shinysucines94 has 30 seconds left.\n|\n|t:|1683333190\n|move|p1b: Dragapult|Disable|p2b: Klefki\n|-start|p2b: Klefki|Disable|Play Rough\n|cant|p2b: Klefki|Disable|Play Rough\n|move|p2a: Umbreon|Wish|p2a: Umbreon\n|move|p1a: Hippowdon|Sand Tomb|p2b: Klefki\n|-supereffective|p2b: Klefki\n|-damage|p2b: Klefki|85\/100\n|-activate|p2b: Klefki|move: Sand Tomb|[of] p1a: Hippowdon\n|\n|-weather|Sandstorm|[upkeep]\n|-damage|p1b: Dragapult|13\/100|[from] Sandstorm\n|-damage|p2a: Umbreon|83\/100|[from] Sandstorm\n|-damage|p2b: Klefki|73\/100|[from] move: Sand Tomb|[partiallytrapped]\n|upkeep\n|turn|4\n|inactive|Shinysucines94 has 30 seconds left.\n|\n|t:|1683333219\n|switch|p1b: Wo-Chien|Wo-Chien, L50|100\/100\n|-ability|p1b: Wo-Chien|Tablets of Ruin\n|move|p2b: Klefki|Light Screen|p2b: Klefki\n|-sidestart|p2: Shinysucines94|move: Light Screen\n|move|p2a: Umbreon|Snarl|p1a: Hippowdon|[spread] p1a,p1b\n|-resisted|p1b: Wo-Chien\n|-damage|p1a: Hippowdon|93\/100\n|-damage|p1b: Wo-Chien|97\/100\n|-unboost|p1a: Hippowdon|spa|1\n|-unboost|p1b: Wo-Chien|spa|1\n|move|p1a: Hippowdon|Sand Tomb|p2a: Umbreon\n|-damage|p2a: Umbreon|78\/100\n|-activate|p2a: Umbreon|move: Sand Tomb|[of] p1a: Hippowdon\n|\n|-weather|Sandstorm|[upkeep]\n|-damage|p1b: Wo-Chien|91\/100|[from] Sandstorm\n|-damage|p2a: Umbreon|72\/100|[from] Sandstorm\n|-heal|p2a: Umbreon|100\/100|[from] move: Wish|[wisher] Umbreon\n|-heal|p1b: Wo-Chien|97\/100|[from] item: Leftovers\n|-damage|p2b: Klefki|61\/100|[from] move: Sand Tomb|[partiallytrapped]\n|-damage|p2a: Umbreon|88\/100|[from] move: Sand Tomb|[partiallytrapped]\n|upkeep\n|turn|5\n|inactive|Shinysucines94 has 30 seconds left.\n|inactive|Shinysucines94 has 20 seconds left.\n|inactive|Shinysucines94 has 15 seconds left.\n|\n|t:|1683333263\n|move|p2b: Klefki|Thunder Wave|p1a: Hippowdon\n|-immune|p1a: Hippowdon\n|move|p1b: Wo-Chien|Leech Seed|p2b: Klefki\n|-start|p2b: Klefki|move: Leech Seed\n|move|p2a: Umbreon|Snarl|p1a: Hippowdon|[spread] p1a,p1b\n|-resisted|p1b: Wo-Chien\n|-damage|p1a: Hippowdon|85\/100\n|-damage|p1b: Wo-Chien|94\/100\n|-unboost|p1a: Hippowdon|spa|1\n|-unboost|p1b: Wo-Chien|spa|1\n|move|p1a: Hippowdon|Yawn|p2a: Umbreon\n|-start|p2a: Umbreon|move: Yawn|[of] p1a: Hippowdon\n|\n|-weather|none\n|-heal|p1b: Wo-Chien|100\/100|[from] item: Leftovers\n|-damage|p2b: Klefki|49\/100|[from] Leech Seed|[of] p1b: Wo-Chien\n|-damage|p2b: Klefki|36\/100|[from] move: Sand Tomb|[partiallytrapped]\n|-damage|p2a: Umbreon|76\/100|[from] move: Sand Tomb|[partiallytrapped]\n|-end|p2a: Umbreon|Disable\n|upkeep\n|turn|6\n|inactive|Shinysucines94 has 30 seconds left.\n|\n|t:|1683333289\n|move|p2b: Klefki|Thunder Wave|p1b: Wo-Chien\n|-hint|Since gen 7, Dark is immune to Prankster moves.\n|-immune|p1b: Wo-Chien\n|move|p1b: Wo-Chien|Leech Seed|p2a: Umbreon|[miss]\n|-miss|p1b: Wo-Chien|p2a: Umbreon\n|move|p2a: Umbreon|Foul Play|p1a: Hippowdon\n|-damage|p1a: Hippowdon|68\/100\n|move|p1a: Hippowdon|Yawn|p2b: Klefki\n|-start|p2b: Klefki|move: Yawn|[of] p1a: Hippowdon\n|\n|-damage|p2b: Klefki|24\/100|[from] Leech Seed|[of] p1b: Wo-Chien\n|-damage|p2b: Klefki|12\/100|[from] move: Sand Tomb|[partiallytrapped]\n|-damage|p2a: Umbreon|63\/100|[from] move: Sand Tomb|[partiallytrapped]\n|-end|p2b: Klefki|Disable\n|-end|p2a: Umbreon|move: Yawn|[silent]\n|-status|p2a: Umbreon|slp\n|upkeep\n|turn|7\n|inactive|Adelein Black has 30 seconds left.\n|\n|t:|1683333318\n|move|p2b: Klefki|Reflect||[still]\n|-fail|p2b: Klefki\n|move|p1b: Wo-Chien|Pollen Puff|p1a: Hippowdon\n|-heal|p1a: Hippowdon|100\/100\n|cant|p2a: Umbreon|slp\n|move|p1a: Hippowdon|Sand Tomb|p2a: Umbreon|[miss]\n|-miss|p1a: Hippowdon|p2a: Umbreon\n|\n|-damage|p2b: Klefki|0 fnt|[from] Leech Seed|[of] p1b: Wo-Chien\n|faint|p2b: Klefki\n|-damage|p2a: Umbreon|51\/100 slp|[from] move: Sand Tomb|[partiallytrapped]\n|upkeep\n|\n|t:|1683333333\n|switch|p2b: Annihilape|Annihilape, L50, M|100\/100\n|-damage|p2b: Annihilape|95\/100|[from] Stealth Rock\n|turn|8\n|\n|t:|1683333348\n|-terastallize|p1b: Wo-Chien|Poison\n|move|p2b: Annihilape|Bulk Up|p2b: Annihilape\n|-boost|p2b: Annihilape|atk|1\n|-boost|p2b: Annihilape|def|1\n|move|p1b: Wo-Chien|Leech Seed|p2a: Umbreon\n|-start|p2a: Umbreon|move: Leech Seed\n|cant|p2a: Umbreon|slp\n|move|p1a: Hippowdon|Yawn|p2b: Annihilape\n|-start|p2b: Annihilape|move: Yawn|[of] p1a: Hippowdon\n|\n|-heal|p2b: Annihilape|100\/100|[from] item: Leftovers\n|-damage|p2a: Umbreon|39\/100 slp|[from] Leech Seed|[of] p1b: Wo-Chien\n|-end|p2a: Umbreon|Sand Tomb|[partiallytrapped]\n|-sideend|p2: Shinysucines94|Reflect\n|upkeep\n|-enditem|p2a: Umbreon|Sitrus Berry|[eat]\n|-heal|p2a: Umbreon|63\/100 slp|[from] item: Sitrus Berry\n|turn|9\n|inactive|Shinysucines94 has 30 seconds left.\n|\n|t:|1683333382\n|move|p2b: Annihilape|Rage Fist|p1a: Hippowdon\n|-damage|p1a: Hippowdon|79\/100\n|move|p1b: Wo-Chien|Leech Seed|p2b: Annihilape\n|-start|p2b: Annihilape|move: Leech Seed\n|cant|p2a: Umbreon|slp\n|move|p1a: Hippowdon|Sand Tomb|p2b: Annihilape\n|-damage|p2b: Annihilape|92\/100\n|-activate|p2b: Annihilape|move: Sand Tomb|[of] p1a: Hippowdon\n|\n|-heal|p2b: Annihilape|98\/100|[from] item: Leftovers\n|-damage|p2b: Annihilape|86\/100|[from] Leech Seed|[of] p1b: Wo-Chien\n|-damage|p2a: Umbreon|51\/100 slp|[from] Leech Seed|[of] p1b: Wo-Chien\n|-damage|p2b: Annihilape|73\/100|[from] move: Sand Tomb|[partiallytrapped]\n|-end|p2b: Annihilape|move: Yawn|[silent]\n|-status|p2b: Annihilape|slp\n|upkeep\n|turn|10\n|inactive|Shinysucines94 has 30 seconds left.\n|inactive|Shinysucines94 has 20 seconds left.\n|inactive|Shinysucines94 has 15 seconds left.\n|inactive|Shinysucines94 has 10 seconds left.\n|\n|t:|1683333430\n|cant|p2b: Annihilape|slp\n|move|p1b: Wo-Chien|Foul Play|p2b: Annihilape\n|-damage|p2b: Annihilape|23\/100 slp\n|-curestatus|p2a: Umbreon|slp|[msg]\n|move|p2a: Umbreon|Taunt|p1a: Hippowdon\n|-start|p1a: Hippowdon|move: Taunt\n|move|p1a: Hippowdon|Sand Tomb|p2a: Umbreon\n|-damage|p2a: Umbreon|45\/100\n|-activate|p2a: Umbreon|move: Sand Tomb|[of] p1a: Hippowdon\n|\n|-heal|p2b: Annihilape|29\/100 slp|[from] item: Leftovers\n|-damage|p2b: Annihilape|17\/100 slp|[from] Leech Seed|[of] p1b: Wo-Chien\n|-damage|p2a: Umbreon|32\/100|[from] Leech Seed|[of] p1b: Wo-Chien\n|-damage|p2b: Annihilape|4\/100 slp|[from] move: Sand Tomb|[partiallytrapped]\n|-damage|p2a: Umbreon|20\/100|[from] move: Sand Tomb|[partiallytrapped]\n|upkeep\n|turn|11\n|inactive|Shinysucines94 has 30 seconds left.\n|inactive|Shinysucines94 has 20 seconds left.\n|\n|t:|1683333468\n|cant|p2b: Annihilape|slp\n|move|p1b: Wo-Chien|Foul Play|p2b: Annihilape\n|-damage|p2b: Annihilape|0 fnt\n|faint|p2b: Annihilape\n|move|p2a: Umbreon|Wish|p2a: Umbreon\n|move|p1a: Hippowdon|Sand Tomb|p2a: Umbreon\n|-damage|p2a: Umbreon|13\/100\n|\n|-damage|p2a: Umbreon|1\/100|[from] Leech Seed|[of] p1b: Wo-Chien\n|-damage|p2a: Umbreon|0 fnt|[from] move: Sand Tomb|[partiallytrapped]\n|faint|p2a: Umbreon\n|-sideend|p2: Shinysucines94|move: Light Screen\n|upkeep\n|\n|t:|1683333474\n|switch|p2b: Arcanine|Arcanine, L50, F, shiny|100\/100\n|-damage|p2b: Arcanine|76\/100|[from] Stealth Rock\n|-ability|p2b: Arcanine|Intimidate|boost\n|-unboost|p1a: Hippowdon|atk|1\n|-unboost|p1b: Wo-Chien|atk|1\n|turn|12\n|-message|Shinysucines94 forfeited.\n|\n|win|Adelein Black\n|raw|Adelein Black's rating: 1194 → 1218<\/strong> (+24 for winning)\n|raw|Shinysucines94's rating: 1179 → 1155<\/strong> (-24 for losing)\n|l|\u2606Shinysucines94\n","uploadtime":1683333487,"views":16,"p1id":"adeleinblack","p2id":"shinysucines94","formatid":"gen9vgc2023regulationc","rating":1155,"private":0,"password":""}