{"id":"gen9vgc2023regulationc-1850621694","p1":"Cakestering","p2":"Albright4","format":"[Gen 9] VGC 2023 Regulation C","log":"|j|\u2606Cakestering\n|j|\u2606Albright4\n|t:|1682353763\n|gametype|doubles\n|player|p1|Cakestering|pokekid|1318\n|player|p2|Albright4|swimmer|1378\n|teamsize|p1|6\n|teamsize|p2|6\n|gen|9\n|tier|[Gen 9] VGC 2023 Regulation C\n|rated|\n|rule|Species Clause: Limit one of each Pok\u00e9mon\n|rule|Item Clause: Limit one of each item\n|clearpoke\n|poke|p1|Pelipper, L50, F|\n|poke|p1|Toxicroak, L50, F|\n|poke|p1|Palafin, L50, F|\n|poke|p1|Tatsugiri-Droopy, L50, F|\n|poke|p1|Dondozo, L50, F|\n|poke|p1|Flutter Mane, L50|\n|poke|p2|Amoonguss, L50, F|\n|poke|p2|Arcanine, L50, F|\n|poke|p2|Palafin, L50, M|\n|poke|p2|Flutter Mane, L50|\n|poke|p2|Baxcalibur, L50, M|\n|poke|p2|Ting-Lu, L50|\n|teampreview|4\nAlbright4 rejected open team sheets.\n|\n|t:|1682353835\n|start\n|switch|p1a: Toxicroak|Toxicroak, L50, F|100\/100\n|switch|p1b: Palafin|Palafin, L50, F|100\/100\n|switch|p2a: Flutter Mane|Flutter Mane, L50|100\/100\n|switch|p2b: Palafin|Palafin, L50, M, shiny|100\/100\n|turn|1\n|\n|t:|1682353857\n|detailschange|p2b: Palafin|Palafin-Hero, L50, M, shiny\n|switch|p2b: Arcanine|Arcanine, L50, F|100\/100\n|-ability|p2b: Arcanine|Intimidate|boost\n|-unboost|p1a: Toxicroak|atk|1\n|-unboost|p1b: Palafin|atk|1\n|move|p1b: Palafin|Protect|p1b: Palafin\n|-singleturn|p1b: Palafin|Protect\n|move|p2a: Flutter Mane|Thunderbolt|p1b: Palafin\n|-activate|p1b: Palafin|move: Protect\n|move|p1a: Toxicroak|Gunk Shot|p2a: Flutter Mane\n|-damage|p2a: Flutter Mane|11\/100\n|\n|upkeep\n|turn|2\n|\n|t:|1682353886\n|-end|p2a: Flutter Mane|Protosynthesis|[silent]\n|switch|p2a: Amoonguss|Amoonguss, L50, F|100\/100\n|detailschange|p1b: Palafin|Palafin-Hero, L50, F\n|switch|p1b: Tatsugiri|Tatsugiri-Droopy, L50, F|100\/100\n|move|p1a: Toxicroak|Bullet Punch|p2a: Amoonguss\n|-damage|p2a: Amoonguss|93\/100\n|move|p2b: Arcanine|Will-O-Wisp|p1a: Toxicroak\n|-status|p1a: Toxicroak|brn\n|\n|-damage|p1a: Toxicroak|95\/100 brn|[from] brn\n|upkeep\n|turn|3\n|\n|t:|1682353902\n|switch|p1a: Palafin|Palafin-Hero, L50, F|100\/100\n|-activate|p1a: Palafin|ability: Zero to Hero\n|move|p2b: Arcanine|Protect|p2b: Arcanine\n|-singleturn|p2b: Arcanine|Protect\n|move|p1b: Tatsugiri|Muddy Water|p2a: Amoonguss|[spread] p2a\n|-activate|p2b: Arcanine|move: Protect\n|-resisted|p2a: Amoonguss\n|-damage|p2a: Amoonguss|71\/100\n|move|p2a: Amoonguss|Spore|p1b: Tatsugiri\n|-status|p1b: Tatsugiri|slp|[from] move: Spore\n|\n|upkeep\n|turn|4\n|\n|t:|1682353922\n|switch|p2b: Flutter Mane|Flutter Mane, L50|11\/100\n|-terastallize|p1a: Palafin|Water\n|move|p1a: Palafin|Jet Punch|p2b: Flutter Mane\n|-damage|p2b: Flutter Mane|0 fnt\n|faint|p2b: Flutter Mane\n|-end|p2b: Flutter Mane|Protosynthesis|[silent]\n|cant|p1b: Tatsugiri|slp\n|move|p2a: Amoonguss|Spore|p1a: Palafin\n|-status|p1a: Palafin|slp|[from] move: Spore\n|\n|upkeep\n|\n|t:|1682353936\n|switch|p2b: Palafin|Palafin-Hero, L50, M, shiny|100\/100\n|-activate|p2b: Palafin|ability: Zero to Hero\n|turn|5\n|\n|t:|1682353950\n|switch|p1a: Flutter Mane|Flutter Mane, L50|100\/100\n|-enditem|p1a: Flutter Mane|Booster Energy\n|-activate|p1a: Flutter Mane|ability: Protosynthesis|[fromitem]\n|-start|p1a: Flutter Mane|protosynthesisspe\n|-terastallize|p2b: Palafin|Water\n|-curestatus|p1b: Tatsugiri|slp|[msg]\n|move|p1b: Tatsugiri|Muddy Water|p2b: Palafin|[spread] p2a,p2b\n|-resisted|p2a: Amoonguss\n|-resisted|p2b: Palafin\n|-damage|p2a: Amoonguss|49\/100\n|-damage|p2b: Palafin|72\/100\n|-enditem|p2a: Amoonguss|Sitrus Berry|[eat]\n|-heal|p2a: Amoonguss|74\/100|[from] item: Sitrus Berry\n|move|p2b: Palafin|Wave Crash|p1a: Flutter Mane\n|-damage|p1a: Flutter Mane|0 fnt\n|faint|p1a: Flutter Mane\n|-end|p1a: Flutter Mane|Protosynthesis|[silent]\n|-damage|p2b: Palafin|51\/100|[from] Recoil\n|move|p2a: Amoonguss|Clear Smog|p1b: Tatsugiri\n|-damage|p1b: Tatsugiri|82\/100\n|-clearboost|p1b: Tatsugiri\n|\n|upkeep\n|\n|t:|1682353965\n|switch|p1a: Toxicroak|Toxicroak, L50, F|95\/100 brn\n|turn|6\n|\n|t:|1682353979\n|move|p2b: Palafin|Protect|p2b: Palafin\n|-singleturn|p2b: Palafin|Protect\n|move|p1b: Tatsugiri|Muddy Water|p2b: Palafin|[spread] p2a\n|-activate|p2b: Palafin|move: Protect\n|-resisted|p2a: Amoonguss\n|-damage|p2a: Amoonguss|51\/100\n|move|p1a: Toxicroak|Gunk Shot|p2a: Amoonguss\n|-damage|p2a: Amoonguss|29\/100\n|move|p2a: Amoonguss|Spore|p1b: Tatsugiri\n|-status|p1b: Tatsugiri|slp|[from] move: Spore\n|\n|-damage|p1a: Toxicroak|89\/100 brn|[from] brn\n|upkeep\n|turn|7\n|\n|t:|1682354006\n|switch|p2a: Arcanine|Arcanine, L50, F|100\/100\n|-ability|p2a: Arcanine|Intimidate|boost\n|-unboost|p1a: Toxicroak|atk|1\n|-unboost|p1b: Tatsugiri|atk|1\n|cant|p1b: Tatsugiri|slp\n|move|p2b: Palafin|Wave Crash|p1b: Tatsugiri\n|-resisted|p1b: Tatsugiri\n|-damage|p1b: Tatsugiri|23\/100 slp\n|-damage|p2b: Palafin|37\/100|[from] Recoil\n|move|p1a: Toxicroak|Close Combat|p2b: Palafin\n|-damage|p2b: Palafin|18\/100\n|-unboost|p1a: Toxicroak|def|1\n|-unboost|p1a: Toxicroak|spd|1\n|\n|-damage|p1a: Toxicroak|83\/100 brn|[from] brn\n|upkeep\n|turn|8\n|\n|t:|1682354029\n|move|p2b: Palafin|Jet Punch|p1b: Tatsugiri\n|-resisted|p1b: Tatsugiri\n|-damage|p1b: Tatsugiri|0 fnt\n|faint|p1b: Tatsugiri\n|move|p2a: Arcanine|Flare Blitz|p1a: Toxicroak\n|-damage|p1a: Toxicroak|0 fnt\n|faint|p1a: Toxicroak\n|-damage|p2a: Arcanine|78\/100|[from] Recoil\n|\n|upkeep\n|\n|t:|1682354057\n|switch|p1b: Palafin|Palafin-Hero, L50, F, tera:Water|100\/100 slp\n|turn|9\n|\n|t:|1682354075\n|switch|p2a: Amoonguss|Amoonguss, L50, F|62\/100\n|cant|p1b: Palafin|slp\n|move|p2b: Palafin|Jet Punch|p1b: Palafin\n|-resisted|p1b: Palafin\n|-damage|p1b: Palafin|64\/100 slp\n|\n|upkeep\n|turn|10\n|\n|t:|1682354087\n|move|p2a: Amoonguss|Rage Powder|p2a: Amoonguss\n|-singleturn|p2a: Amoonguss|move: Rage Powder\n|-curestatus|p1b: Palafin|slp|[msg]\n|move|p1b: Palafin|Jet Punch|p2a: Amoonguss\n|-resisted|p2a: Amoonguss\n|-damage|p2a: Amoonguss|38\/100\n|move|p2b: Palafin|Jet Punch|p1b: Palafin\n|-resisted|p1b: Palafin\n|-damage|p1b: Palafin|31\/100\n|\n|upkeep\n|turn|11\n|\n|t:|1682354106\n|move|p2a: Amoonguss|Rage Powder|p2a: Amoonguss\n|-singleturn|p2a: Amoonguss|move: Rage Powder\n|move|p2b: Palafin|Jet Punch|p1b: Palafin\n|-resisted|p1b: Palafin\n|-damage|p1b: Palafin|0 fnt\n|faint|p1b: Palafin\n|\n|win|Albright4\n|raw|Cakestering's rating: 1318 → 1301<\/strong> (-17 for losing)\n|raw|Albright4's rating: 1378 → 1395<\/strong> (+17 for winning)\n|l|\u2606Cakestering\n","uploadtime":1682354118,"views":24,"p1id":"cakestering","p2id":"albright4","formatid":"gen9vgc2023regulationc","rating":1301,"private":0,"password":""}