{"id":"gen9vgc2023regulationc-1860231287","p1":"Montendoz","p2":"Cyalia","format":"[Gen 9] VGC 2023 Regulation C","log":"|j|\u2606Montendoz\n|j|\u2606Cyalia\n|t:|1683614737\n|gametype|doubles\n|player|p1|Montendoz|101|1356\n|player|p2|Cyalia|guitarist|1344\n|teamsize|p1|6\n|teamsize|p2|6\n|gen|9\n|tier|[Gen 9] VGC 2023 Regulation C\n|rated|\n|rule|Species Clause: Limit one of each Pok\u00e9mon\n|rule|Item Clause: Limit one of each item\n|clearpoke\n|poke|p1|Ceruledge, L50, F|\n|poke|p1|Chien-Pao, L50|\n|poke|p1|Flutter Mane, L50|\n|poke|p1|Arcanine, L50, M|\n|poke|p1|Great Tusk, L50|\n|poke|p1|Amoonguss, L50, F|\n|poke|p2|Dondozo, L50, F|\n|poke|p2|Iron Bundle, L50|\n|poke|p2|Flutter Mane, L50|\n|poke|p2|Chi-Yu, L50|\n|poke|p2|Tatsugiri, L50, M|\n|poke|p2|Glimmora, L50, M|\n|teampreview|4\nCyalia has agreed to open team sheets.\n|\n|t:|1683614756\n|start\n|switch|p1a: Great Tusk|Great Tusk, L50|100\/100\n|switch|p1b: Ceruledge|Ceruledge, L50, F|100\/100\n|switch|p2a: Dondozo|Dondozo, L50, F|100\/100\n|switch|p2b: Glimmora|Glimmora, L50, M, shiny|100\/100\n|turn|1\n|inactive|Battle timer is ON: inactive players will automatically lose when time's up. (requested by Montendoz)\n|\n|t:|1683614820\n|-terastallize|p2b: Glimmora|Grass\n|-terastallize|p1b: Ceruledge|Grass\n|move|p2a: Dondozo|Protect|p2a: Dondozo\n|-singleturn|p2a: Dondozo|Protect\n|move|p1a: Great Tusk|Headlong Rush|p2a: Dondozo\n|-activate|p2a: Dondozo|move: Protect\n|move|p2b: Glimmora|Mortal Spin|p1a: Great Tusk|[spread] p1a,p1b\n|-resisted|p1a: Great Tusk\n|-supereffective|p1b: Ceruledge\n|-damage|p1a: Great Tusk|99\/100\n|-damage|p1b: Ceruledge|91\/100\n|-status|p1a: Great Tusk|psn\n|-status|p1b: Ceruledge|psn\n|move|p1b: Ceruledge|Tera Blast|p2a: Dondozo\n|-activate|p2a: Dondozo|move: Protect\n|\n|-damage|p1a: Great Tusk|87\/100 psn|[from] psn\n|-damage|p1b: Ceruledge|79\/100 psn|[from] psn\n|upkeep\n|turn|2\n|inactive|Montendoz has 30 seconds left.\n|inactive|Cyalia has 30 seconds left.\n|\n|t:|1683614854\n|switch|p2a: Flutter Mane|Flutter Mane, L50|100\/100\n|move|p1b: Ceruledge|Ally Switch|p1b: Ceruledge\n|swap|p1b: Ceruledge|0|[from] move: Ally Switch\n|move|p1b: Great Tusk|Headlong Rush|p2b: Glimmora\n|-resisted|p2b: Glimmora\n|-damage|p2b: Glimmora|68\/100\n|-unboost|p1b: Great Tusk|def|1\n|-unboost|p1b: Great Tusk|spd|1\n|move|p2b: Glimmora|Venoshock|p1b: Great Tusk\n|-resisted|p1b: Great Tusk\n|-damage|p1b: Great Tusk|17\/100 psn\n|\n|-damage|p1b: Great Tusk|5\/100 psn|[from] psn\n|-damage|p1a: Ceruledge|66\/100 psn|[from] psn\n|upkeep\n|turn|3\n|\n|t:|1683614879\n|switch|p2b: Dondozo|Dondozo, L50, F|100\/100\n|move|p1b: Great Tusk|Headlong Rush|p2a: Flutter Mane\n|-damage|p2a: Flutter Mane|0 fnt\n|-unboost|p1b: Great Tusk|def|1\n|-unboost|p1b: Great Tusk|spd|1\n|faint|p2a: Flutter Mane\n|-end|p2a: Flutter Mane|Protosynthesis|[silent]\n|move|p1a: Ceruledge|Bitter Blade|p2b: Dondozo\n|-resisted|p2b: Dondozo\n|-damage|p2b: Dondozo|83\/100\n|-heal|p1a: Ceruledge|78\/100 psn|[from] drain|[of] p2b: Dondozo\n|\n|-heal|p2b: Dondozo|89\/100|[from] item: Leftovers\n|-damage|p1b: Great Tusk|0 fnt|[from] psn\n|faint|p1b: Great Tusk\n|-end|p1b: Great Tusk|Protosynthesis|[silent]\n|-damage|p1a: Ceruledge|66\/100 psn|[from] psn\n|upkeep\n|\n|t:|1683614896\n|switch|p2a: Glimmora|Glimmora, L50, M, shiny, tera:Grass|68\/100\n|switch|p1b: Amoonguss|Amoonguss, L50, F|100\/100\n|turn|4\n|inactive|Montendoz has 30 seconds left.\n|\n|t:|1683614927\n|move|p2b: Dondozo|Protect|p2b: Dondozo\n|-singleturn|p2b: Dondozo|Protect\n|move|p1a: Ceruledge|Ally Switch|p1a: Ceruledge\n|swap|p1a: Ceruledge|1|[from] move: Ally Switch\n|move|p2a: Glimmora|Mortal Spin|p1a: Amoonguss|[spread] p1a,p1b\n|-supereffective|p1b: Ceruledge\n|-damage|p1a: Amoonguss|96\/100\n|-damage|p1b: Ceruledge|56\/100 psn\n|-status|p1a: Amoonguss|psn\n|move|p1a: Amoonguss|Spore|p2b: Dondozo\n|-activate|p2b: Dondozo|move: Protect\n|\n|-heal|p2b: Dondozo|95\/100|[from] item: Leftovers\n|-damage|p1b: Ceruledge|44\/100 psn|[from] psn\n|-damage|p1a: Amoonguss|84\/100 psn|[from] psn\n|upkeep\n|turn|5\n|inactive|Cyalia has 30 seconds left.\n|inactive|Cyalia has 20 seconds left.\n|inactive|Cyalia has 15 seconds left.\n|\n|t:|1683614968\n|switch|p2b: Tatsugiri|Tatsugiri, L50, M|100\/100\n|move|p2a: Glimmora|Venoshock|p1a: Amoonguss\n|-damage|p1a: Amoonguss|40\/100 psn\n|-enditem|p1a: Amoonguss|Sitrus Berry|[eat]\n|-heal|p1a: Amoonguss|65\/100 psn|[from] item: Sitrus Berry\n|move|p1b: Ceruledge|Tera Blast|p2b: Tatsugiri\n|-damage|p2b: Tatsugiri|10\/100\n|move|p1a: Amoonguss|Spore|p2b: Tatsugiri\n|-status|p2b: Tatsugiri|slp|[from] move: Spore\n|\n|-damage|p1b: Ceruledge|32\/100 psn|[from] psn\n|-damage|p1a: Amoonguss|53\/100 psn|[from] psn\n|upkeep\n|turn|6\n|inactive|Montendoz has 30 seconds left.\n|\n|t:|1683614994\n|cant|p2b: Tatsugiri|slp\n|move|p2b: Tatsugiri|Sleep Talk|p2b: Tatsugiri\n|move|p2b: Tatsugiri|Draco Meteor|p1b: Ceruledge|[from]move: Sleep Talk\n|-damage|p1b: Ceruledge|0 fnt\n|-unboost|p2b: Tatsugiri|spa|2\n|faint|p1b: Ceruledge\n|move|p2a: Glimmora|Venoshock|p1a: Amoonguss\n|-damage|p1a: Amoonguss|13\/100 psn\n|move|p1a: Amoonguss|Pollen Puff|p1: Ceruledge|[notarget]\n|-fail|p1a: Amoonguss\n|\n|-damage|p1a: Amoonguss|1\/100 psn|[from] psn\n|upkeep\n|\n|t:|1683615017\n|switch|p1b: Chien-Pao|Chien-Pao, L50|100\/100\n|-ability|p1b: Chien-Pao|Sword of Ruin\n|turn|7\n|\n|t:|1683615038\n|switch|p2a: Dondozo|Dondozo, L50, F|95\/100\n|-activate|p2b: Tatsugiri|ability: Commander|[of] p2a: Dondozo\n|-boost|p2a: Dondozo|atk|2\n|-boost|p2a: Dondozo|spa|2\n|-boost|p2a: Dondozo|spe|2\n|-boost|p2a: Dondozo|def|2\n|-boost|p2a: Dondozo|spd|2\n|move|p1b: Chien-Pao|Ice Spinner|p2a: Dondozo\n|-resisted|p2a: Dondozo\n|-damage|p2a: Dondozo|88\/100\n|move|p1a: Amoonguss|Spore|p2a: Dondozo\n|-status|p2a: Dondozo|slp|[from] move: Spore\n|\n|-heal|p2a: Dondozo|94\/100 slp|[from] item: Leftovers\n|-damage|p1a: Amoonguss|0 fnt|[from] psn\n|faint|p1a: Amoonguss\n|upkeep\n|turn|8\n|\n|t:|1683615058\n|move|p1b: Chien-Pao|Sacred Sword|p2a: Dondozo\n|-damage|p2a: Dondozo|69\/100 slp\n|cant|p2a: Dondozo|slp\n|\n|-heal|p2a: Dondozo|75\/100 slp|[from] item: Leftovers\n|upkeep\n|turn|9\n|\n|t:|1683615066\n|move|p1b: Chien-Pao|Sacred Sword|p2a: Dondozo\n|-damage|p2a: Dondozo|51\/100 slp\n|-curestatus|p2a: Dondozo|slp|[msg]\n|move|p2a: Dondozo|Earthquake|p1b: Chien-Pao|[spread] p1b\n|-miss|p2a: Dondozo|p2b: Tatsugiri\n|-damage|p1b: Chien-Pao|44\/100\n|\n|-heal|p2a: Dondozo|57\/100|[from] item: Leftovers\n|upkeep\n|turn|10\n|-message|Montendoz forfeited.\n|\n|win|Cyalia\n|raw|Montendoz's rating: 1356 → 1335<\/strong> (-21 for losing)\n|raw|Cyalia's rating: 1344 → 1365<\/strong> (+21 for winning)\n|l|\u2606Montendoz\n","uploadtime":1683615204,"views":9,"p1id":"montendoz","p2id":"cyalia","formatid":"gen9vgc2023regulationc","rating":1335,"private":0,"password":""}