{"id":"gen9vgc2023regulationc-1852084301","p1":"wDelo","p2":"haha u rage quit","format":"[Gen 9] VGC 2023 Regulation C","log":"|j|\u2606wDelo\n|j|\u2606haha u rage quit\n|t:|1682522829\n|gametype|doubles\n|player|p1|wDelo|veteran|1199\n|player|p2|haha u rage quit|pokemaniac|1297\n|teamsize|p1|6\n|teamsize|p2|6\n|gen|9\n|tier|[Gen 9] VGC 2023 Regulation C\n|rated|\n|rule|Species Clause: Limit one of each Pok\u00e9mon\n|rule|Item Clause: Limit one of each item\n|clearpoke\n|poke|p1|Arcanine, L50, M|\n|poke|p1|Flutter Mane, L50|\n|poke|p1|Amoonguss, L50, M|\n|poke|p1|Chien-Pao, L50|\n|poke|p1|Palafin, L50, F|\n|poke|p1|Iron Hands, L50|\n|poke|p2|Glimmora, L50, M|\n|poke|p2|Iron Bundle, L50|\n|poke|p2|Dondozo, L50, M|\n|poke|p2|Dragonite, L50, M|\n|poke|p2|Tatsugiri-Droopy, L50, M|\n|poke|p2|Chi-Yu, L50|\n|teampreview|4\nwDelo has agreed to open team sheets.\n|\n|t:|1682522875\n|start\n|switch|p1a: wFlutter-Mane|Flutter Mane, L50|100\/100\n|switch|p1b: wAmoonguss|Amoonguss, L50, M|100\/100\n|switch|p2a: Iron Bundle|Iron Bundle, L50, shiny|100\/100\n|switch|p2b: Chi-Yu|Chi-Yu, L50|100\/100\n|-ability|p2b: Chi-Yu|Beads of Ruin\n|-enditem|p2a: Iron Bundle|Booster Energy\n|-activate|p2a: Iron Bundle|ability: Quark Drive|[fromitem]\n|-start|p2a: Iron Bundle|quarkdrivespe\n|-enditem|p1a: wFlutter-Mane|Booster Energy\n|-activate|p1a: wFlutter-Mane|ability: Protosynthesis|[fromitem]\n|-start|p1a: wFlutter-Mane|protosynthesisspe\n|turn|1\n|inactive|Battle timer is ON: inactive players will automatically lose when time's up. (requested by haha u rage quit)\n|\n|t:|1682522960\n|-end|p1a: wFlutter-Mane|Protosynthesis|[silent]\n|switch|p1a: wIron-Hands|Iron Hands, L50|100\/100\n|move|p1b: wAmoonguss|Protect|p1b: wAmoonguss\n|-singleturn|p1b: wAmoonguss|Protect\n|move|p2a: Iron Bundle|Icy Wind|p1b: wAmoonguss|[spread] p1a\n|-activate|p1b: wAmoonguss|move: Protect\n|-damage|p1a: wIron-Hands|86\/100\n|-unboost|p1a: wIron-Hands|spe|1\n|move|p2b: Chi-Yu|Heat Wave|p1a: wIron-Hands|[spread] p1a\n|-activate|p1b: wAmoonguss|move: Protect\n|-damage|p1a: wIron-Hands|56\/100\n|\n|upkeep\n|turn|2\n|\n|t:|1682522979\n|move|p2a: Iron Bundle|Protect|p2a: Iron Bundle\n|-singleturn|p2a: Iron Bundle|Protect\n|move|p2b: Chi-Yu|Protect|p2b: Chi-Yu\n|-singleturn|p2b: Chi-Yu|Protect\n|move|p1a: wIron-Hands|Fake Out|p2b: Chi-Yu\n|-activate|p2b: Chi-Yu|move: Protect\n|move|p1b: wAmoonguss|Spore|p2b: Chi-Yu\n|-activate|p2b: Chi-Yu|move: Protect\n|\n|upkeep\n|turn|3\n|inactive|wDelo has 30 seconds left.\n|\n|t:|1682523010\n|move|p1b: wAmoonguss|Protect|p1b: wAmoonguss\n|-singleturn|p1b: wAmoonguss|Protect\n|move|p2a: Iron Bundle|Icy Wind|p1a: wIron-Hands|[spread] p1a\n|-activate|p1b: wAmoonguss|move: Protect\n|-damage|p1a: wIron-Hands|40\/100\n|-unboost|p1a: wIron-Hands|spe|1\n|move|p2b: Chi-Yu|Heat Wave|p1a: wIron-Hands|[spread] \n|-activate|p1b: wAmoonguss|move: Protect\n|-miss|p2b: Chi-Yu|p1a: wIron-Hands\n|move|p1a: wIron-Hands|Drain Punch|p2a: Iron Bundle\n|-supereffective|p2a: Iron Bundle\n|-damage|p2a: Iron Bundle|0 fnt\n|-heal|p1a: wIron-Hands|69\/100|[from] drain|[of] p2a: Iron Bundle\n|faint|p2a: Iron Bundle\n|-end|p2a: Iron Bundle|Quark Drive|[silent]\n|\n|upkeep\n|\n|t:|1682523022\n|switch|p2a: Dondozo|Dondozo, L50, M|100\/100\n|turn|4\n|inactive|wDelo has 30 seconds left.\n|inactive|wDelo has 20 seconds left.\n|inactive|wDelo has 15 seconds left.\n|\n|t:|1682523067\n|move|p2a: Dondozo|Protect|p2a: Dondozo\n|-singleturn|p2a: Dondozo|Protect\n|move|p2b: Chi-Yu|Overheat|p1b: wAmoonguss\n|-supereffective|p1b: wAmoonguss\n|-damage|p1b: wAmoonguss|0 fnt\n|-unboost|p2b: Chi-Yu|spa|2\n|faint|p1b: wAmoonguss\n|move|p1a: wIron-Hands|Drain Punch|p2b: Chi-Yu\n|-supereffective|p2b: Chi-Yu\n|-crit|p2b: Chi-Yu\n|-enditem|p2b: Chi-Yu|Focus Sash\n|-damage|p2b: Chi-Yu|1\/100\n|-heal|p1a: wIron-Hands|97\/100|[from] drain|[of] p2b: Chi-Yu\n|\n|upkeep\n|\n|t:|1682523084\n|switch|p1b: wChien-Pao|Chien-Pao, L50|100\/100\n|-ability|p1b: wChien-Pao|Sword of Ruin\n|turn|5\n|inactive|wDelo has 30 seconds left.\n|inactive|haha u rage quit has 30 seconds left.\n|inactive|wDelo has 20 seconds left.\n|inactive|haha u rage quit has 20 seconds left.\n|\n|t:|1682523123\n|switch|p2b: Tatsugiri|Tatsugiri-Droopy, L50, M|100\/100\n|-activate|p2b: Tatsugiri|ability: Commander|[of] p2a: Dondozo\n|-boost|p2a: Dondozo|atk|2\n|-boost|p2a: Dondozo|spa|2\n|-boost|p2a: Dondozo|spe|2\n|-boost|p2a: Dondozo|def|2\n|-boost|p2a: Dondozo|spd|2\n|-terastallize|p2a: Dondozo|Electric\n|move|p1b: wChien-Pao|Protect|p1b: wChien-Pao\n|-singleturn|p1b: wChien-Pao|Protect\n|move|p2a: Dondozo|Earthquake|p1a: wIron-Hands|[spread] p1a\n|-miss|p2a: Dondozo|p2b: Tatsugiri\n|-activate|p1b: wChien-Pao|move: Protect\n|-supereffective|p1a: wIron-Hands\n|-damage|p1a: wIron-Hands|11\/100\n|move|p1a: wIron-Hands|Wild Charge|p2a: Dondozo\n|-resisted|p2a: Dondozo\n|-damage|p2a: Dondozo|88\/100\n|-damage|p1a: wIron-Hands|8\/100|[from] Recoil\n|\n|upkeep\n|turn|6\n|inactive|wDelo has 30 seconds left.\n|inactive|haha u rage quit has 30 seconds left.\n|inactive|wDelo has 20 seconds left.\n|\n|t:|1682523161\n|-end|p1a: wIron-Hands|Quark Drive|[silent]\n|switch|p1a: wFlutter-Mane|Flutter Mane, L50|100\/100\n|move|p1b: wChien-Pao|Sacred Sword|p2a: Dondozo\n|-damage|p2a: Dondozo|58\/100\n|move|p2a: Dondozo|Earthquake|p1a: wFlutter-Mane|[spread] p1a,p1b\n|-miss|p2a: Dondozo|p2b: Tatsugiri\n|-crit|p1b: wChien-Pao\n|-damage|p1a: wFlutter-Mane|0 fnt\n|-damage|p1b: wChien-Pao|22\/100\n|faint|p1a: wFlutter-Mane\n|-end|p1a: wFlutter-Mane|Protosynthesis|[silent]\n|\n|upkeep\n|\n|t:|1682523178\n|switch|p1a: wIron-Hands|Iron Hands, L50|8\/100\n|turn|7\n|\n|t:|1682523201\n|move|p2a: Dondozo|Protect|p2a: Dondozo\n|-singleturn|p2a: Dondozo|Protect\n|move|p1a: wIron-Hands|Fake Out|p2a: Dondozo\n|-activate|p2a: Dondozo|move: Protect\n|move|p1b: wChien-Pao|Sacred Sword|p2a: Dondozo\n|-activate|p2a: Dondozo|move: Protect\n|\n|upkeep\n|turn|8\n|inactive|wDelo has 30 seconds left.\n|-message|wDelo forfeited.\n|\n|win|haha u rage quit\n|raw|wDelo's rating: 1199 → 1181<\/strong> (-18 for losing)\n|raw|haha u rage quit's rating: 1297 → 1315<\/strong> (+18 for winning)\n|l|\u2606wDelo\n","uploadtime":1682523233,"views":17,"p1id":"wdelo","p2id":"hahauragequit","formatid":"gen9vgc2023regulationc","rating":1181,"private":0,"password":""}