{"id":"gen9vgc2023regulationc-1860333549","p1":"Nibolas","p2":"Vengeful potato","format":"[Gen 9] VGC 2023 Regulation C","log":"|j|\u2606Nibolas\n|j|\u2606Vengeful potato\n|t:|1683634059\n|gametype|doubles\n|player|p1|Nibolas|n|1283\n|player|p2|Vengeful potato|swimmer-gen4|1369\n|teamsize|p1|6\n|teamsize|p2|6\n|gen|9\n|tier|[Gen 9] VGC 2023 Regulation C\n|rated|\n|rule|Species Clause: Limit one of each Pok\u00e9mon\n|rule|Item Clause: Limit one of each item\n|clearpoke\n|poke|p1|Salamence, L50, M|\n|poke|p1|Chi-Yu, L50|\n|poke|p1|Glimmora, L50, M|\n|poke|p1|Palafin, L50, F|\n|poke|p1|Great Tusk, L50|\n|poke|p1|Maushold-Four, L50|\n|poke|p2|Dudunsparce-*, L50, M|\n|poke|p2|Hariyama, L50, M|\n|poke|p2|Gengar, L50, F|\n|poke|p2|Corviknight, L50, F|\n|poke|p2|Rotom-Wash, L50|\n|poke|p2|Baxcalibur, L50, F|\n|teampreview|4\n|\n|t:|1683634089\n|start\n|switch|p1a: Salamence|Salamence, L50, M|100\/100\n|switch|p1b: Maushold|Maushold-Four, L50|100\/100\n|switch|p2a: Double Trouble|Dudunsparce, L50, M|100\/100\n|switch|p2b: THICC|Hariyama, L50, M, shiny|100\/100\n|-ability|p1a: Salamence|Intimidate|boost\n|-unboost|p2a: Double Trouble|atk|1\n|-unboost|p2b: THICC|atk|1\n|turn|1\n|\n|t:|1683634126\n|move|p2b: THICC|Fake Out|p1b: Maushold\n|-damage|p1b: Maushold|92\/100\n|cant|p1b: Maushold|flinch\n|move|p1a: Salamence|Tailwind|p1a: Salamence\n|-sidestart|p1: Nibolas|move: Tailwind\n|move|p2a: Double Trouble|Glare|p1a: Salamence\n|-status|p1a: Salamence|par\n|\n|upkeep\n|turn|2\n|\n|t:|1683634138\n|move|p1b: Maushold|Super Fang|p2b: THICC\n|-damage|p2b: THICC|51\/100\n|cant|p1a: Salamence|par\n|move|p2a: Double Trouble|Rock Slide|p1b: Maushold|[spread] p1a,p1b\n|-supereffective|p1a: Salamence\n|-damage|p1a: Salamence|87\/100 par\n|-damage|p1b: Maushold|83\/100\n|move|p2b: THICC|Drain Punch|p1b: Maushold\n|-supereffective|p1b: Maushold\n|-damage|p1b: Maushold|35\/100\n|-heal|p2b: THICC|70\/100|[from] drain|[of] p1b: Maushold\n|\n|upkeep\n|turn|3\n|\n|t:|1683634151\n|switch|p2b: Status Enjoyer|Gengar, L50, F, shiny|100\/100\n|move|p1b: Maushold|Super Fang|p2a: Double Trouble\n|-damage|p2a: Double Trouble|50\/100\n|-enditem|p2a: Double Trouble|Sitrus Berry|[eat]\n|-heal|p2a: Double Trouble|75\/100|[from] item: Sitrus Berry\n|cant|p1a: Salamence|par\n|move|p2a: Double Trouble|Rock Slide|p1b: Maushold|[spread] p1a,p1b\n|-supereffective|p1a: Salamence\n|-damage|p1a: Salamence|72\/100 par\n|-damage|p1b: Maushold|27\/100\n|\n|upkeep\n|turn|4\n|\n|t:|1683634169\n|switch|p2b: THICC|Hariyama, L50, M, shiny|70\/100\n|move|p2a: Double Trouble|Protect|p2a: Double Trouble\n|-singleturn|p2a: Double Trouble|Protect\n|move|p1b: Maushold|Follow Me|p1b: Maushold\n|-singleturn|p1b: Maushold|move: Follow Me\n|move|p1a: Salamence|Air Slash|p2b: THICC\n|-supereffective|p2b: THICC\n|-damage|p2b: THICC|12\/100\n|-enditem|p2b: THICC|Mago Berry|[eat]\n|-heal|p2b: THICC|45\/100|[from] item: Mago Berry\n|\n|-sideend|p1: Nibolas|move: Tailwind\n|upkeep\n|turn|5\n|\n|t:|1683634178\n|move|p1b: Maushold|Follow Me|p1b: Maushold\n|-singleturn|p1b: Maushold|move: Follow Me\n|move|p2a: Double Trouble|Rock Slide|p1b: Maushold|[spread] p1a,p1b\n|-supereffective|p1a: Salamence\n|-damage|p1a: Salamence|58\/100 par\n|-damage|p1b: Maushold|18\/100\n|move|p2b: THICC|Drain Punch|p1b: Maushold\n|-supereffective|p1b: Maushold\n|-damage|p1b: Maushold|0 fnt\n|-heal|p2b: THICC|53\/100|[from] drain|[of] p1b: Maushold\n|faint|p1b: Maushold\n|cant|p1a: Salamence|flinch\n|\n|upkeep\n|\n|t:|1683634183\n|switch|p1b: Glimmora|Glimmora, L50, M, shiny|100\/100\n|turn|6\n|\n|t:|1683634197\n|move|p2b: THICC|Bullet Punch|p1b: Glimmora\n|-supereffective|p1b: Glimmora\n|-damage|p1b: Glimmora|73\/100\n|-activate|p1b: Glimmora|ability: Toxic Debris\n|-sidestart|p2: Vengeful potato|move: Toxic Spikes\n|move|p1b: Glimmora|Sludge Bomb|p2a: Double Trouble\n|-damage|p2a: Double Trouble|29\/100\n|move|p2a: Double Trouble|Glare|p1b: Glimmora\n|-status|p1b: Glimmora|par\n|cant|p1a: Salamence|par\n|\n|upkeep\n|turn|7\n|\n|t:|1683634211\n|move|p2a: Double Trouble|Rock Slide|p1b: Glimmora|[spread] p1a,p1b\n|-supereffective|p1a: Salamence\n|-damage|p1a: Salamence|39\/100 par\n|-damage|p1b: Glimmora|64\/100 par\n|-activate|p1b: Glimmora|ability: Toxic Debris\n|-sidestart|p2: Vengeful potato|move: Toxic Spikes\n|move|p2b: THICC|Drain Punch|p1b: Glimmora\n|-damage|p1b: Glimmora|31\/100 par\n|-heal|p2b: THICC|66\/100|[from] drain|[of] p1b: Glimmora\n|cant|p1a: Salamence|flinch\n|move|p1b: Glimmora|Sludge Bomb|p2a: Double Trouble\n|-damage|p2a: Double Trouble|0 fnt\n|faint|p2a: Double Trouble\n|\n|upkeep\n|\n|t:|1683634223\n|switch|p2a: Status Enjoyer|Gengar, L50, F, shiny|100\/100\n|-sideend|p2: Vengeful potato|move: Toxic Spikes|[of] p2a: Status Enjoyer\n|turn|8\n|\n|t:|1683634233\n|move|p2b: THICC|Bullet Punch|p1a: Salamence\n|-damage|p1a: Salamence|25\/100 par\n|move|p2a: Status Enjoyer|Hex|p1b: Glimmora\n|-crit|p1b: Glimmora\n|-damage|p1b: Glimmora|0 fnt\n|faint|p1b: Glimmora\n|move|p1a: Salamence|Air Slash|p2b: THICC\n|-supereffective|p2b: THICC\n|-damage|p2b: THICC|8\/100\n|\n|upkeep\n|\n|t:|1683634238\n|switch|p1b: Chi-Yu|Chi-Yu, L50|100\/100\n|-ability|p1b: Chi-Yu|Beads of Ruin\n|turn|9\n|\n|t:|1683634242\n|move|p1b: Chi-Yu|Protect|p1b: Chi-Yu\n|-singleturn|p1b: Chi-Yu|Protect\n|move|p2b: THICC|Wide Guard|p2b: THICC\n|-singleturn|p2b: THICC|Wide Guard\n|move|p2a: Status Enjoyer|Hex|p1a: Salamence\n|-damage|p1a: Salamence|0 fnt\n|faint|p1a: Salamence\n|\n|upkeep\n|turn|10\n|\n|t:|1683634252\n|switch|p2a: \ud83d\udca6\u26a1\ufe0f|Rotom-Wash, L50, shiny|100\/100\n|move|p1b: Chi-Yu|Dark Pulse|p2a: \ud83d\udca6\u26a1\ufe0f\n|-damage|p2a: \ud83d\udca6\u26a1\ufe0f|49\/100\n|move|p2b: THICC|Drain Punch|p1b: Chi-Yu\n|-supereffective|p1b: Chi-Yu\n|-enditem|p1b: Chi-Yu|Focus Sash\n|-damage|p1b: Chi-Yu|1\/100\n|-heal|p2b: THICC|37\/100|[from] drain|[of] p1b: Chi-Yu\n|\n|upkeep\n|turn|11\n|\n|t:|1683634260\n|-terastallize|p1b: Chi-Yu|Fire\n|move|p2b: THICC|Bullet Punch|p1b: Chi-Yu\n|-resisted|p1b: Chi-Yu\n|-damage|p1b: Chi-Yu|0 fnt\n|faint|p1b: Chi-Yu\n|\n|win|Vengeful potato\n|raw|Nibolas's rating: 1283 → 1264<\/strong> (-19 for losing)\n|raw|Vengeful potato's rating: 1369 → 1384<\/strong> (+15 for winning)\n|l|\u2606Nibolas\n|c|\u2606Vengeful potato|Ggs\n","uploadtime":1683634268,"views":9,"p1id":"nibolas","p2id":"vengefulpotato","formatid":"gen9vgc2023regulationc","rating":1264,"private":0,"password":""}