{"id":"gen9vgc2023regulationc-1857977243","p1":"gs wendigo","p2":"neukorn","format":"[Gen 9] VGC 2023 Regulation C","log":"|j|\u2606gs wendigo\n|j|\u2606neukorn\n|t:|1683254888\n|gametype|doubles\n|player|p1|gs wendigo|266|\n|player|p2|neukorn|flint|\n|teamsize|p1|6\n|teamsize|p2|6\n|gen|9\n|tier|[Gen 9] VGC 2023 Regulation C\n|rule|Species Clause: Limit one of each Pok\u00e9mon\n|rule|Item Clause: Limit one of each item\n|clearpoke\n|poke|p1|Dondozo, L50, M|\n|poke|p1|Tatsugiri, L50, M|\n|poke|p1|Chi-Yu, L50|\n|poke|p1|Flutter Mane, L50|\n|poke|p1|Pawmot, L50, F|\n|poke|p1|Dragonite, L50, M|\n|poke|p2|Ting-Lu, L50|\n|poke|p2|Flutter Mane, L50|\n|poke|p2|Indeedee-F, L50, F|\n|poke|p2|Armarouge, L50, M|\n|poke|p2|Annihilape, L50, M|\n|poke|p2|Palafin, L50, M|\n|teampreview|4\n|\n|t:|1683254908\n|start\n|switch|p1a: Flutter Mane|Flutter Mane, L50|100\/100\n|switch|p1b: Dragonite|Dragonite, L50, M|100\/100\n|switch|p2a: Palafin|Palafin, L50, M|100\/100\n|switch|p2b: Flutter Mane|Flutter Mane, L50|100\/100\n|-enditem|p1a: Flutter Mane|Booster Energy\n|-activate|p1a: Flutter Mane|ability: Protosynthesis|[fromitem]\n|-start|p1a: Flutter Mane|protosynthesisspa\n|turn|1\n|\n|t:|1683254991\n|detailschange|p2a: Palafin|Palafin-Hero, L50, M\n|switch|p2a: Indeedee|Indeedee-F, L50, F|100\/100\n|-fieldstart|move: Psychic Terrain|[from] ability: Psychic Surge|[of] p2a: Indeedee\n|-enditem|p2a: Indeedee|Psychic Seed\n|-boost|p2a: Indeedee|spd|1|[from] item: Psychic Seed\n|-terastallize|p1a: Flutter Mane|Grass\n|move|p2b: Flutter Mane|Protect|p2b: Flutter Mane\n|-singleturn|p2b: Flutter Mane|Protect\n|move|p1a: Flutter Mane|Shadow Ball|p2b: Flutter Mane\n|-activate|p2b: Flutter Mane|move: Protect\n|move|p1b: Dragonite|Aerial Ace|p2a: Indeedee\n|-damage|p2a: Indeedee|50\/100\n|\n|upkeep\n|turn|2\n|\n|t:|1683255025\n|move|p2b: Flutter Mane|Moonblast|p1b: Dragonite\n|-supereffective|p1b: Dragonite\n|-crit|p1b: Dragonite\n|-damage|p1b: Dragonite|0 fnt\n|faint|p1b: Dragonite\n|-damage|p2b: Flutter Mane|90\/100|[from] item: Life Orb\n|move|p1a: Flutter Mane|Moonblast|p2a: Indeedee\n|-damage|p2a: Indeedee|11\/100\n|-unboost|p2a: Indeedee|spa|1\n|move|p2a: Indeedee|Dazzling Gleam|p1a: Flutter Mane\n|-crit|p1a: Flutter Mane\n|-damage|p1a: Flutter Mane|77\/100\n|\n|upkeep\n|\n|t:|1683255062\n|switch|p1b: Dondozo|Dondozo, L50, M|100\/100\n|turn|3\n|\n|t:|1683255077\n|move|p1a: Flutter Mane|Protect|p1a: Flutter Mane\n|-singleturn|p1a: Flutter Mane|Protect\n|move|p2b: Flutter Mane|Moonblast|p1a: Flutter Mane\n|-activate|p1a: Flutter Mane|move: Protect\n|move|p2a: Indeedee|Dazzling Gleam|p1b: Dondozo|[spread] p1b\n|-activate|p1a: Flutter Mane|move: Protect\n|-damage|p1b: Dondozo|87\/100\n|move|p1b: Dondozo|Earthquake|p2b: Flutter Mane|[spread] p2a,p2b\n|-activate|p1a: Flutter Mane|move: Protect\n|-damage|p2a: Indeedee|0 fnt\n|-damage|p2b: Flutter Mane|43\/100\n|faint|p2a: Indeedee\n|\n|-heal|p1b: Dondozo|93\/100|[from] item: Leftovers\n|upkeep\n|\n|t:|1683255082\n|switch|p2a: Armarouge|Armarouge, L50, M|100\/100\n|turn|4\n|\n|t:|1683255105\n|-terastallize|p2a: Armarouge|Grass\n|move|p2b: Flutter Mane|Moonblast|p1a: Flutter Mane\n|-damage|p1a: Flutter Mane|20\/100\n|-damage|p2b: Flutter Mane|33\/100|[from] item: Life Orb\n|move|p1a: Flutter Mane|Shadow Ball|p2a: Armarouge\n|-damage|p2a: Armarouge|44\/100\n|-unboost|p2a: Armarouge|spd|1\n|move|p1b: Dondozo|Earthquake|p2a: Armarouge|[spread] p1a,p2a,p2b\n|-resisted|p1a: Flutter Mane\n|-resisted|p2a: Armarouge\n|-damage|p1a: Flutter Mane|6\/100\n|-damage|p2a: Armarouge|35\/100\n|-damage|p2b: Flutter Mane|0 fnt\n|faint|p2b: Flutter Mane\n|-end|p2b: Flutter Mane|Protosynthesis|[silent]\n|move|p2a: Armarouge|Expanding Force|p1a: Flutter Mane|[spread] p1a,p1b\n|-damage|p1a: Flutter Mane|0 fnt\n|-damage|p1b: Dondozo|38\/100\n|faint|p1a: Flutter Mane\n|-end|p1a: Flutter Mane|Protosynthesis|[silent]\n|\n|-heal|p1b: Dondozo|44\/100|[from] item: Leftovers\n|upkeep\n|\n|t:|1683255127\n|switch|p2b: Palafin|Palafin-Hero, L50, M|100\/100\n|switch|p1a: Tatsugiri|Tatsugiri, L50, M|100\/100\n|-activate|p1a: Tatsugiri|ability: Commander|[of] p1b: Dondozo\n|-boost|p1b: Dondozo|atk|2\n|-boost|p1b: Dondozo|spa|2\n|-boost|p1b: Dondozo|spe|2\n|-boost|p1b: Dondozo|def|2\n|-boost|p1b: Dondozo|spd|2\n|-activate|p2b: Palafin|ability: Zero to Hero\n|turn|5\n|\n|t:|1683255149\n|move|p1b: Dondozo|Protect|p1b: Dondozo\n|-singleturn|p1b: Dondozo|Protect\n|move|p2b: Palafin|Close Combat|p1b: Dondozo\n|-activate|p1b: Dondozo|move: Protect\n|move|p2a: Armarouge|Tera Blast|p1b: Dondozo\n|-activate|p1b: Dondozo|move: Protect\n|\n|-heal|p1b: Dondozo|50\/100|[from] item: Leftovers\n|-fieldend|move: Psychic Terrain\n|upkeep\n|turn|6\n|\n|t:|1683255165\n|move|p1b: Dondozo|Earthquake|p2a: Armarouge|[spread] p2a,p2b\n|-miss|p1b: Dondozo|p1a: Tatsugiri\n|-resisted|p2a: Armarouge\n|-damage|p2a: Armarouge|19\/100\n|-damage|p2b: Palafin|61\/100\n|move|p2b: Palafin|Close Combat|p1b: Dondozo\n|-damage|p1b: Dondozo|31\/100\n|-unboost|p2b: Palafin|def|1\n|-unboost|p2b: Palafin|spd|1\n|move|p2a: Armarouge|Tera Blast|p1b: Dondozo\n|-supereffective|p1b: Dondozo\n|-damage|p1b: Dondozo|0 fnt\n|faint|p1b: Dondozo\n|\n|upkeep\n|turn|7\n|\n|t:|1683255185\n|move|p2b: Palafin|Close Combat|p1a: Tatsugiri\n|-damage|p1a: Tatsugiri|12\/100\n|-unboost|p2b: Palafin|def|1\n|-unboost|p2b: Palafin|spd|1\n|-enditem|p1a: Tatsugiri|Sitrus Berry|[eat]\n|-heal|p1a: Tatsugiri|36\/100|[from] item: Sitrus Berry\n|move|p1a: Tatsugiri|Muddy Water|p2a: Armarouge|[spread] p2a\n|-miss|p1a: Tatsugiri|p2b: Palafin\n|-resisted|p2a: Armarouge\n|-damage|p2a: Armarouge|0 fnt\n|faint|p2a: Armarouge\n|\n|upkeep\n|turn|8\n|\n|t:|1683255201\n|move|p2b: Palafin|Close Combat|p1a: Tatsugiri\n|-damage|p1a: Tatsugiri|0 fnt\n|-unboost|p2b: Palafin|def|1\n|-unboost|p2b: Palafin|spd|1\n|faint|p1a: Tatsugiri\n|\n|win|neukorn\n","uploadtime":1683255208,"views":5,"p1id":"gswendigo","p2id":"neukorn","formatid":"gen9vgc2023regulationc","rating":0,"private":0,"password":""}