{"id":"gen9vgc2023regulationc-1855860734","p1":"Slim Reaper 69","p2":"Nightfront","format":"[Gen 9] VGC 2023 Regulation C","log":"|j|\u2606Slim Reaper 69\n|j|\u2606Nightfront\n|t:|1682992929\n|gametype|doubles\n|player|p1|Slim Reaper 69|rood|\n|player|p2|Nightfront|flannery|\n|teamsize|p1|6\n|teamsize|p2|6\n|gen|9\n|tier|[Gen 9] VGC 2023 Regulation C\n|rule|Species Clause: Limit one of each Pok\u00e9mon\n|rule|Item Clause: Limit one of each item\n|clearpoke\n|poke|p1|Pelipper, L50, F|\n|poke|p1|Palafin, L50, M|\n|poke|p1|Azumarill, L50, M|\n|poke|p1|Barraskewda, L50, F|\n|poke|p1|Dondozo, L50, M|\n|poke|p1|Tatsugiri-Stretchy, L50, F|\n|poke|p2|Iron Hands, L50|\n|poke|p2|Tyranitar, L50, M|\n|poke|p2|Bronzong, L50|\n|poke|p2|Iron Moth, L50|\n|poke|p2|Flutter Mane, L50|\n|poke|p2|Iron Jugulis, L50|\n|teampreview|4\n|c|\u2606Nightfront|I unintentionally counter rain\n|j| Wendall555\n|c|\u2606Slim Reaper 69|is this just a team you already had?\n|c|\u2606Nightfront|This is just my S3 team with Gyarados replaced\n|c|\u2606Slim Reaper 69|lol perfect\n|\n|t:|1682993051\n|start\n|switch|p1a: Palafin|Palafin, L50, M|100\/100\n|switch|p1b: Dondozo|Dondozo, L50, M|100\/100\n|switch|p2a: Bronzong|Bronzong, L50|100\/100\n|switch|p2b: Flutter Mane|Flutter Mane, L50|100\/100\n|turn|1\n|\n|t:|1682993083\n|detailschange|p1a: Palafin|Palafin-Hero, L50, M\n|switch|p1a: Tatsugiri|Tatsugiri-Stretchy, L50, F|100\/100\n|-activate|p1a: Tatsugiri|ability: Commander|[of] p1b: Dondozo\n|-boost|p1b: Dondozo|atk|2\n|-boost|p1b: Dondozo|spa|2\n|-boost|p1b: Dondozo|spe|2\n|-boost|p1b: Dondozo|def|2\n|-boost|p1b: Dondozo|spd|2\n|move|p2b: Flutter Mane|Protect|p2b: Flutter Mane\n|-singleturn|p2b: Flutter Mane|Protect\n|move|p1b: Dondozo|Wave Crash|p2a: Bronzong\n|-damage|p2a: Bronzong|23\/100\n|-damage|p1b: Dondozo|81\/100|[from] Recoil\n|move|p2a: Bronzong|Skill Swap|p1b: Dondozo\n|-activate|p2a: Bronzong|move: Skill Swap|Unaware|Levitate|[of] p1b: Dondozo\n|\n|-heal|p1b: Dondozo|87\/100|[from] item: Leftovers\n|upkeep\n|turn|2\n|\n|t:|1682993103\n|move|p2b: Flutter Mane|Moonblast|p1b: Dondozo\n|-damage|p1b: Dondozo|64\/100\n|-unboost|p1b: Dondozo|spa|1\n|move|p1b: Dondozo|Wave Crash|p2b: Flutter Mane\n|-enditem|p2b: Flutter Mane|Focus Sash\n|-damage|p2b: Flutter Mane|1\/100\n|-damage|p1b: Dondozo|46\/100|[from] Recoil\n|move|p2a: Bronzong|Skill Swap||[still]\n|-fail|p2a: Bronzong\n|\n|-heal|p1b: Dondozo|52\/100|[from] item: Leftovers\n|upkeep\n|turn|3\n|c|\u2606Nightfront|right\n|c|\u2606Nightfront|can't swap those\n|c|\u2606Nightfront|I've been using this team for weeks\n|c|\u2606Nightfront|and always forget that\n|\n|t:|1682993153\n|move|p2b: Flutter Mane|Protect|p2b: Flutter Mane\n|-singleturn|p2b: Flutter Mane|Protect\n|move|p1b: Dondozo|Wave Crash|p2a: Bronzong\n|-damage|p2a: Bronzong|0 fnt\n|faint|p2a: Bronzong\n|-damage|p1b: Dondozo|46\/100|[from] Recoil\n|\n|-heal|p1b: Dondozo|52\/100|[from] item: Leftovers\n|upkeep\n|\n|t:|1682993157\n|switch|p2a: Iron Hands|Iron Hands, L50|100\/100\n|turn|4\n|c|\u2606Slim Reaper 69|which one? Commander?\n|\n|t:|1682993169\n|move|p1b: Dondozo|Protect|p1b: Dondozo\n|-singleturn|p1b: Dondozo|Protect\n|move|p2a: Iron Hands|Fake Out|p1b: Dondozo\n|-activate|p1b: Dondozo|move: Protect\n|move|p2b: Flutter Mane|Moonblast|p1b: Dondozo\n|-activate|p1b: Dondozo|move: Protect\n|\n|-heal|p1b: Dondozo|58\/100|[from] item: Leftovers\n|upkeep\n|turn|5\n|c|\u2606Nightfront|Protosynthesis\n|c|\u2606Nightfront|or quark drive\n|c|\u2606Slim Reaper 69|oh weird\n|c|\u2606Nightfront|you can't swap them for anything\n|c|\u2606Nightfront|like diguise\/etc.\n|\n|t:|1682993207\n|move|p2b: Flutter Mane|Moonblast|p1b: Dondozo\n|-damage|p1b: Dondozo|34\/100\n|move|p1b: Dondozo|Wave Crash|p2a: Iron Hands\n|-damage|p2a: Iron Hands|31\/100\n|-damage|p1b: Dondozo|12\/100|[from] Recoil\n|move|p2a: Iron Hands|Thunder Punch|p1b: Dondozo\n|-supereffective|p1b: Dondozo\n|-damage|p1b: Dondozo|0 fnt\n|faint|p1b: Dondozo\n|\n|upkeep\n|\n|t:|1682993215\n|switch|p1b: Palafin|Palafin-Hero, L50, M|100\/100\n|-activate|p1b: Palafin|ability: Zero to Hero\n|turn|6\n|\n|t:|1682993221\n|move|p1b: Palafin|Jet Punch|p2b: Flutter Mane\n|-damage|p2b: Flutter Mane|0 fnt\n|faint|p2b: Flutter Mane\n|-end|p2b: Flutter Mane|Protosynthesis|[silent]\n|move|p1a: Tatsugiri|Icy Wind|p2a: Iron Hands\n|-damage|p2a: Iron Hands|17\/100\n|-unboost|p2a: Iron Hands|spe|1\n|move|p2a: Iron Hands|Thunder Punch|p1b: Palafin\n|-supereffective|p1b: Palafin\n|-damage|p1b: Palafin|4\/100\n|\n|upkeep\n|\n|t:|1682993224\n|switch|p2b: Tyranitar|Tyranitar, L50, M|100\/100\n|-weather|Sandstorm|[from] ability: Sand Stream|[of] p2b: Tyranitar\n|turn|7\n|\n|t:|1682993234\n|switch|p1a: Azumarill|Azumarill, L50, M|100\/100\n|move|p1b: Palafin|Wave Crash|p2b: Tyranitar\n|-supereffective|p2b: Tyranitar\n|-damage|p2b: Tyranitar|0 fnt\n|faint|p2b: Tyranitar\n|-damage|p1b: Palafin|0 fnt|[from] Recoil\n|faint|p1b: Palafin\n|move|p2a: Iron Hands|Drain Punch|p1a: Azumarill\n|-resisted|p1a: Azumarill\n|-damage|p1a: Azumarill|74\/100\n|-heal|p2a: Iron Hands|28\/100|[from] drain|[of] p1a: Azumarill\n|\n|-weather|Sandstorm|[upkeep]\n|-damage|p1a: Azumarill|68\/100|[from] Sandstorm\n|-damage|p2a: Iron Hands|22\/100|[from] Sandstorm\n|upkeep\n|\n|t:|1682993240\n|switch|p1b: Tatsugiri|Tatsugiri-Stretchy, L50, F|100\/100\n|turn|8\n|\n|t:|1682993246\n|move|p1b: Tatsugiri|Draco Meteor|p2a: Iron Hands\n|-damage|p2a: Iron Hands|0 fnt\n|-unboost|p1b: Tatsugiri|spa|2\n|faint|p2a: Iron Hands\n|-end|p2a: Iron Hands|Quark Drive|[silent]\n|\n|win|Slim Reaper 69\n|c|\u2606Nightfront|if I don't skill swap, I might've had this\n|c|\u2606Nightfront|who knows\n|c|\u2606Slim Reaper 69|gg\n|c|\u2606Slim Reaper 69|would have been a bit help for sure\n|l|\u2606Nightfront\n|c|\u2606Slim Reaper 69|sash flutter is good in general and against this team\n","uploadtime":1682993281,"views":14,"p1id":"slimreaper69","p2id":"nightfront","formatid":"gen9vgc2023regulationc","rating":0,"private":0,"password":""}