{"id":"gen9vgc2023regulationc-1853342927","p1":"M4tty02","p2":"Akalaman","format":"[Gen 9] VGC 2023 Regulation C","log":"|j|\u2606M4tty02\n|j|\u2606Akalaman\n|t:|1682671332\n|gametype|doubles\n|player|p1|M4tty02|emmet|1337\n|player|p2|Akalaman|1|1336\n|teamsize|p1|6\n|teamsize|p2|6\n|gen|9\n|tier|[Gen 9] VGC 2023 Regulation C\n|rated|\n|rule|Species Clause: Limit one of each Pok\u00e9mon\n|rule|Item Clause: Limit one of each item\n|clearpoke\n|poke|p1|Chi-Yu, L50|\n|poke|p1|Flutter Mane, L50|\n|poke|p1|Amoonguss, L50, F|\n|poke|p1|Iron Hands, L50|\n|poke|p1|Palafin, L50, F|\n|poke|p1|Arcanine, L50, M|\n|poke|p2|Tinkaton, L50, F|\n|poke|p2|Chien-Pao, L50|\n|poke|p2|Breloom, L50, F|\n|poke|p2|Garganacl, L50, F|\n|poke|p2|Iron Moth, L50|\n|poke|p2|Flutter Mane, L50|\n|teampreview|4\n|inactive|Battle timer is ON: inactive players will automatically lose when time's up. (requested by Akalaman)\nAkalaman has agreed to open team sheets.\nM4tty02 has agreed to open team sheets.\n|inactive|M4tty02 has 60 seconds left.\n|\n|t:|1682671391\n|start\n|switch|p1a: Chi-Yu|Chi-Yu, L50|100\/100\n|switch|p1b: Arcanine|Arcanine, L50, M, shiny|100\/100\n|switch|p2a: Garganacl|Garganacl, L50, F, shiny|100\/100\n|switch|p2b: Tinkaton|Tinkaton, L50, F|100\/100\n|-ability|p1a: Chi-Yu|Beads of Ruin\n|-ability|p1b: Arcanine|Intimidate|boost\n|-unboost|p2a: Garganacl|atk|1\n|-unboost|p2b: Tinkaton|atk|1\n|-ability|p2b: Tinkaton|Mold Breaker\n|turn|1\n|inactive|Akalaman has 30 seconds left.\n|inactive|Akalaman has 20 seconds left.\n|inactive|Akalaman has 15 seconds left.\n|\n|t:|1682671435\n|switch|p1a: Amoonguss|Amoonguss, L50, F, shiny|100\/100\n|move|p1b: Arcanine|Protect|p1b: Arcanine\n|-singleturn|p1b: Arcanine|Protect\n|move|p2b: Tinkaton|Fake Out|p1b: Arcanine\n|-activate|p1b: Arcanine|move: Protect\n|move|p2a: Garganacl|Salt Cure|p1a: Amoonguss\n|-crit|p1a: Amoonguss\n|-damage|p1a: Amoonguss|81\/100\n|-start|p1a: Amoonguss|Salt Cure\n|\n|-damage|p1a: Amoonguss|69\/100|[from] Salt Cure\n|upkeep\n|turn|2\n|\n|t:|1682671454\n|switch|p1a: Chi-Yu|Chi-Yu, L50|100\/100\n|-ability|p1a: Chi-Yu|Beads of Ruin\n|-terastallize|p2a: Garganacl|Grass\n|move|p1b: Arcanine|Flare Blitz|p2b: Tinkaton\n|-supereffective|p2b: Tinkaton\n|-damage|p2b: Tinkaton|7\/100\n|-damage|p1b: Arcanine|70\/100|[from] Recoil\n|move|p2b: Tinkaton|Knock Off|p1a: Chi-Yu\n|-resisted|p1a: Chi-Yu\n|-damage|p1a: Chi-Yu|90\/100\n|-enditem|p1a: Chi-Yu|Choice Scarf|[from] move: Knock Off|[of] p2b: Tinkaton\n|move|p2a: Garganacl|Salt Cure|p1b: Arcanine\n|-supereffective|p1b: Arcanine\n|-damage|p1b: Arcanine|49\/100\n|-start|p1b: Arcanine|Salt Cure\n|\n|-damage|p1b: Arcanine|36\/100|[from] Salt Cure\n|upkeep\n|turn|3\n|\n|t:|1682671480\n|switch|p1b: Amoonguss|Amoonguss, L50, F, shiny|100\/100\n|move|p2a: Garganacl|Protect|p2a: Garganacl\n|-singleturn|p2a: Garganacl|Protect\n|move|p1a: Chi-Yu|Heat Wave|p2a: Garganacl|[spread] p2b\n|-activate|p2a: Garganacl|move: Protect\n|-supereffective|p2b: Tinkaton\n|-damage|p2b: Tinkaton|0 fnt\n|faint|p2b: Tinkaton\n|\n|upkeep\n|\n|t:|1682671486\n|switch|p2b: Breloom|Breloom, L50, F|100\/100\n|turn|4\n|\n|t:|1682671499\n|switch|p2a: Flutter Mane|Flutter Mane, L50, shiny|100\/100\n|-enditem|p2a: Flutter Mane|Booster Energy\n|-activate|p2a: Flutter Mane|ability: Protosynthesis|[fromitem]\n|-start|p2a: Flutter Mane|protosynthesisspe\n|-terastallize|p1a: Chi-Yu|Grass\n|move|p2b: Breloom|Mach Punch|p1a: Chi-Yu\n|-damage|p1a: Chi-Yu|41\/100\n|move|p1a: Chi-Yu|Heat Wave|p2b: Breloom|[spread] p2a,p2b\n|-supereffective|p2b: Breloom\n|-damage|p2a: Flutter Mane|56\/100\n|-enditem|p2b: Breloom|Focus Sash\n|-damage|p2b: Breloom|1\/100\n|-status|p2b: Breloom|brn\n|move|p1b: Amoonguss|Pollen Puff|p1a: Chi-Yu\n|-heal|p1a: Chi-Yu|91\/100\n|\n|-damage|p2b: Breloom|0 fnt|[from] brn\n|faint|p2b: Breloom\n|upkeep\n|\n|t:|1682671507\n|switch|p2b: Garganacl|Garganacl, L50, F, shiny, tera:Grass|100\/100\n|turn|5\n|\n|t:|1682671522\n|move|p1b: Amoonguss|Rage Powder|p1b: Amoonguss\n|-singleturn|p1b: Amoonguss|move: Rage Powder\n|move|p2a: Flutter Mane|Shadow Ball|p1b: Amoonguss\n|-damage|p1b: Amoonguss|56\/100\n|-unboost|p1b: Amoonguss|spd|1\n|move|p1a: Chi-Yu|Heat Wave|p2a: Flutter Mane|[spread] p2a,p2b\n|-supereffective|p2b: Garganacl\n|-damage|p2a: Flutter Mane|13\/100\n|-damage|p2b: Garganacl|30\/100\n|move|p2b: Garganacl|Salt Cure|p1a: Chi-Yu\n|-damage|p1a: Chi-Yu|68\/100\n|-start|p1a: Chi-Yu|Salt Cure\n|\n|-heal|p2b: Garganacl|36\/100|[from] item: Leftovers\n|-damage|p1a: Chi-Yu|55\/100|[from] Salt Cure\n|upkeep\n|turn|6\n|\n|t:|1682671543\n|switch|p1a: Arcanine|Arcanine, L50, M, shiny|36\/100\n|-ability|p1a: Arcanine|Intimidate|boost\n|-unboost|p2a: Flutter Mane|atk|1\n|-unboost|p2b: Garganacl|atk|1\n|move|p2a: Flutter Mane|Protect|p2a: Flutter Mane\n|-singleturn|p2a: Flutter Mane|Protect\n|move|p1b: Amoonguss|Protect|p1b: Amoonguss\n|-singleturn|p1b: Amoonguss|Protect\n|move|p2b: Garganacl|Protect||[still]\n|-fail|p2b: Garganacl\n|\n|-heal|p2b: Garganacl|42\/100|[from] item: Leftovers\n|upkeep\n|turn|7\n|\n|t:|1682671555\n|move|p1b: Amoonguss|Rage Powder|p1b: Amoonguss\n|-singleturn|p1b: Amoonguss|move: Rage Powder\n|move|p2a: Flutter Mane|Shadow Ball|p1b: Amoonguss\n|-damage|p1b: Amoonguss|9\/100\n|-unboost|p1b: Amoonguss|spd|1\n|-enditem|p1b: Amoonguss|Sitrus Berry|[eat]\n|-heal|p1b: Amoonguss|34\/100|[from] item: Sitrus Berry\n|move|p1a: Arcanine|Flare Blitz|p2b: Garganacl\n|-supereffective|p2b: Garganacl\n|-damage|p2b: Garganacl|0 fnt\n|faint|p2b: Garganacl\n|-damage|p1a: Arcanine|22\/100|[from] Recoil\n|\n|upkeep\n|turn|8\n|\n|t:|1682671570\n|move|p2a: Flutter Mane|Dazzling Gleam|p1a: Arcanine|[spread] p1a,p1b\n|-resisted|p1a: Arcanine\n|-resisted|p1b: Amoonguss\n|-damage|p1a: Arcanine|7\/100\n|-damage|p1b: Amoonguss|8\/100\n|move|p1a: Arcanine|Flare Blitz|p2a: Flutter Mane\n|-damage|p2a: Flutter Mane|0 fnt\n|faint|p2a: Flutter Mane\n|-end|p2a: Flutter Mane|Protosynthesis|[silent]\n|-damage|p1a: Arcanine|4\/100|[from] Recoil\n|\n|win|M4tty02\n|raw|M4tty02's rating: 1337 → 1357<\/strong> (+20 for winning)\n|raw|Akalaman's rating: 1336 → 1316<\/strong> (-20 for losing)\n|l|\u2606Akalaman\n","uploadtime":1682671600,"views":8,"p1id":"m4tty02","p2id":"akalaman","formatid":"gen9vgc2023regulationc","rating":1316,"private":0,"password":""}