{"id":"gen9vgc2023regulationc-1856406742","p1":"HiroBready","p2":"Obvaltisobv","format":"[Gen 9] VGC 2023 Regulation C","log":"|j|\u2606HiroBready\n|j|\u2606Obvaltisobv\n|t:|1683058416\n|gametype|doubles\n|player|p1|HiroBready|lucas|1547\n|player|p2|Obvaltisobv|101|1595\n|teamsize|p1|6\n|teamsize|p2|6\n|gen|9\n|tier|[Gen 9] VGC 2023 Regulation C\n|rated|\n|rule|Species Clause: Limit one of each Pok\u00e9mon\n|rule|Item Clause: Limit one of each item\n|clearpoke\n|poke|p1|Murkrow, L50, M|\n|poke|p1|Great Tusk, L50|\n|poke|p1|Ceruledge, L50, M|\n|poke|p1|Flutter Mane, L50|\n|poke|p1|Brute Bonnet, L50|\n|poke|p1|Rotom-Wash, L50|\n|poke|p2|Ting-Lu, L50|\n|poke|p2|Grimmsnarl, L50, M|\n|poke|p2|Corviknight, L50, M|\n|poke|p2|Annihilape, L50, F|\n|poke|p2|Iron Moth, L50|\n|poke|p2|Gholdengo, L50|\n|teampreview|4\n|inactive|Battle timer is ON: inactive players will automatically lose when time's up. (requested by HiroBready)\n|j| Nico8322\nObvaltisobv has agreed to open team sheets.\n|j| stinkypoops\n|inactive|HiroBready has 60 seconds left.\n|j| Braindeadmeta\n|\n|t:|1683058472\n|start\n|switch|p1a: EBDP-0475|Ceruledge, L50, M|100\/100\n|switch|p1b: Flutter Mane|Flutter Mane, L50, shiny|100\/100\n|switch|p2a: Corviknight|Corviknight, L50, M|100\/100\n|switch|p2b: Grimmsnarl|Grimmsnarl, L50, M|100\/100\n|turn|1\n|\n|t:|1683058487\n|-terastallize|p1b: Flutter Mane|Fairy\n|move|p2b: Grimmsnarl|Light Screen|p2b: Grimmsnarl\n|-sidestart|p2: Obvaltisobv|move: Light Screen\n|move|p1b: Flutter Mane|Dazzling Gleam|p2b: Grimmsnarl|[spread] p2a,p2b\n|-resisted|p2a: Corviknight\n|-supereffective|p2b: Grimmsnarl\n|-damage|p2a: Corviknight|85\/100\n|-damage|p2b: Grimmsnarl|41\/100\n|-damage|p1b: Flutter Mane|91\/100|[from] item: Life Orb\n|move|p1a: EBDP-0475|Bitter Blade|p2a: Corviknight\n|-supereffective|p2a: Corviknight\n|-damage|p2a: Corviknight|10\/100\n|move|p2a: Corviknight|Iron Head|p1b: Flutter Mane\n|-supereffective|p1b: Flutter Mane\n|-crit|p1b: Flutter Mane\n|-damage|p1b: Flutter Mane|0 fnt\n|faint|p1b: Flutter Mane\n|-end|p1b: Flutter Mane|Protosynthesis|[silent]\n|\n|upkeep\n|\n|t:|1683058510\n|switch|p1b: R-003|Rotom-Wash, L50, shiny|100\/100\n|turn|2\n|j| Stempe\n|\n|t:|1683058516\n|switch|p2a: Annihilape|Annihilape, L50, F|100\/100\n|move|p1a: EBDP-0475|Shadow Sneak|p2a: Annihilape\n|-supereffective|p2a: Annihilape\n|-damage|p2a: Annihilape|64\/100\n|move|p2b: Grimmsnarl|Reflect|p2b: Grimmsnarl\n|-sidestart|p2: Obvaltisobv|Reflect\n|move|p1b: R-003|Thunderbolt|p2b: Grimmsnarl\n|-damage|p2b: Grimmsnarl|18\/100\n|-status|p2b: Grimmsnarl|par\n|\n|upkeep\n|turn|3\n|\n|t:|1683058533\n|move|p1a: EBDP-0475|Shadow Sneak|p2a: Annihilape\n|-supereffective|p2a: Annihilape\n|-damage|p2a: Annihilape|40\/100\n|-enditem|p2a: Annihilape|Sitrus Berry|[eat]\n|-heal|p2a: Annihilape|65\/100|[from] item: Sitrus Berry\n|move|p2b: Grimmsnarl|Misty Terrain|p2b: Grimmsnarl\n|-fieldstart|move: Misty Terrain\n|move|p2a: Annihilape|Rage Fist|p1a: EBDP-0475\n|-supereffective|p1a: EBDP-0475\n|-crit|p1a: EBDP-0475\n|-damage|p1a: EBDP-0475|0 fnt\n|faint|p1a: EBDP-0475\n|move|p1b: R-003|Hydro Pump|p2a: Annihilape|[miss]\n|-miss|p1b: R-003|p2a: Annihilape\n|\n|upkeep\n|\n|t:|1683058545\n|switch|p1a: Great Tusk|Great Tusk, L50|100\/100\n|turn|4\n|\n|t:|1683058558\n|move|p2a: Annihilape|Protect|p2a: Annihilape\n|-singleturn|p2a: Annihilape|Protect\n|move|p1a: Great Tusk|Earthquake|p2b: Grimmsnarl|[spread] p2b\n|-activate|p2a: Annihilape|move: Protect\n|-immune|p1b: R-003|[from] ability: Levitate\n|-damage|p2b: Grimmsnarl|0 fnt\n|faint|p2b: Grimmsnarl\n|move|p1b: R-003|Thunderbolt|p2a: Annihilape\n|-activate|p2a: Annihilape|move: Protect\n|\n|upkeep\n|\n|t:|1683058567\n|switch|p2b: Iron Moth|Iron Moth, L50|100\/100\n|-enditem|p2b: Iron Moth|Booster Energy\n|-activate|p2b: Iron Moth|ability: Quark Drive|[fromitem]\n|-start|p2b: Iron Moth|quarkdrivespa\n|turn|5\n|\n|t:|1683058574\n|-terastallize|p2b: Iron Moth|Grass\n|move|p1a: Great Tusk|Earthquake|p2a: Annihilape|[spread] p2a,p2b\n|-immune|p1b: R-003|[from] ability: Levitate\n|-resisted|p2b: Iron Moth\n|-damage|p2a: Annihilape|38\/100\n|-damage|p2b: Iron Moth|79\/100\n|move|p2b: Iron Moth|Energy Ball|p1a: Great Tusk\n|-supereffective|p1a: Great Tusk\n|-damage|p1a: Great Tusk|0 fnt\n|faint|p1a: Great Tusk\n|-end|p1a: Great Tusk|Protosynthesis|[silent]\n|move|p2a: Annihilape|Rage Fist|p1b: R-003\n|-damage|p1b: R-003|18\/100\n|move|p1b: R-003|Thunderbolt|p2a: Annihilape\n|-damage|p2a: Annihilape|19\/100\n|\n|upkeep\n|turn|6\n|j| raffix92\n|-message|HiroBready forfeited.\n|\n|win|Obvaltisobv\n|raw|HiroBready's rating: 1547 → 1530<\/strong> (-17 for losing)\n|raw|Obvaltisobv's rating: 1595 → 1612<\/strong> (+17 for winning)\n|l|\u2606HiroBready\n","uploadtime":1683058597,"views":14,"p1id":"hirobready","p2id":"obvaltisobv","formatid":"gen9vgc2023regulationc","rating":1530,"private":0,"password":""}