{"id":"gen9vgc2023regulationc-1848253427","p1":"HashSlingSlashr","p2":"SeviperGliscor","format":"[Gen 9] VGC 2023 Regulation C","log":"|j|\u2606HashSlingSlashr\n|j|\u2606SeviperGliscor\n|t:|1682048546\n|gametype|doubles\n|player|p1|HashSlingSlashr|hilbert|1000\n|player|p2|SeviperGliscor|ethan|1070\n|teamsize|p1|6\n|teamsize|p2|4\n|gen|9\n|tier|[Gen 9] VGC 2023 Regulation C\n|rated|\n|rule|Species Clause: Limit one of each Pok\u00e9mon\n|rule|Item Clause: Limit one of each item\n|clearpoke\n|poke|p1|Talonflame, L50, M|\n|poke|p1|Meowscarada, L50, F|\n|poke|p1|Slither Wing, L50|\n|poke|p1|Sableye, L50, M|\n|poke|p1|Gholdengo, L50|\n|poke|p1|Sandy Shocks, L50|\n|poke|p2|Maushold, L50|\n|poke|p2|Chi-Yu, L50|\n|poke|p2|Amoonguss, L50, M|\n|poke|p2|Flutter Mane, L50|\n|teampreview|4\n|inactive|Battle timer is ON: inactive players will automatically lose when time's up. (requested by SeviperGliscor)\nSeviperGliscor rejected open team sheets.\n|\n|t:|1682048568\n|start\n|switch|p1a: Talonflame|Talonflame, L50, M|100\/100\n|switch|p1b: Slither Wing|Slither Wing, L50|100\/100\n|switch|p2a: Maushold|Maushold, L50|100\/100\n|switch|p2b: Chi-Yu|Chi-Yu, L50|100\/100\n|-ability|p2b: Chi-Yu|Beads of Ruin\n|turn|1\n|\n|t:|1682048587\n|move|p2a: Maushold|Follow Me|p2a: Maushold\n|-singleturn|p2a: Maushold|move: Follow Me\n|move|p1a: Talonflame|Brave Bird|p2a: Maushold\n|-damage|p2a: Maushold|57\/100\n|-damage|p1a: Talonflame|84\/100|[from] Recoil\n|move|p2b: Chi-Yu|Nasty Plot|p2b: Chi-Yu\n|-boost|p2b: Chi-Yu|spa|2\n|move|p1b: Slither Wing|Close Combat|p2a: Maushold\n|-supereffective|p2a: Maushold\n|-damage|p2a: Maushold|0 fnt\n|-unboost|p1b: Slither Wing|def|1\n|-unboost|p1b: Slither Wing|spd|1\n|faint|p2a: Maushold\n|\n|upkeep\n|\n|t:|1682048598\n|switch|p2a: Amoonguss|Amoonguss, L50, M|100\/100\n|turn|2\n|\n|t:|1682048612\n|move|p2a: Amoonguss|Protect|p2a: Amoonguss\n|-singleturn|p2a: Amoonguss|Protect\n|move|p1a: Talonflame|Brave Bird|p2a: Amoonguss\n|-activate|p2a: Amoonguss|move: Protect\n|move|p2b: Chi-Yu|Dark Pulse|p1a: Talonflame\n|-damage|p1a: Talonflame|0 fnt\n|faint|p1a: Talonflame\n|move|p1b: Slither Wing|Flare Blitz|p2a: Amoonguss\n|-activate|p2a: Amoonguss|move: Protect\n|\n|upkeep\n|\n|t:|1682048624\n|switch|p1a: Sandy Shocks|Sandy Shocks, L50|100\/100\n|-enditem|p1a: Sandy Shocks|Booster Energy\n|-activate|p1a: Sandy Shocks|ability: Protosynthesis|[fromitem]\n|-start|p1a: Sandy Shocks|protosynthesisspa\n|turn|3\n|\n|t:|1682048640\n|move|p2a: Amoonguss|Rage Powder|p2a: Amoonguss\n|-singleturn|p2a: Amoonguss|move: Rage Powder\n|move|p2b: Chi-Yu|Dark Pulse|p1a: Sandy Shocks\n|-damage|p1a: Sandy Shocks|0 fnt\n|faint|p1a: Sandy Shocks\n|-end|p1a: Sandy Shocks|Protosynthesis|[silent]\n|move|p1b: Slither Wing|Flare Blitz|p2a: Amoonguss\n|-supereffective|p2a: Amoonguss\n|-damage|p2a: Amoonguss|18\/100\n|-damage|p1b: Slither Wing|84\/100|[from] item: Rocky Helmet|[of] p2a: Amoonguss\n|-damage|p1b: Slither Wing|53\/100|[from] Recoil\n|\n|upkeep\n|\n|t:|1682048650\n|switch|p1a: Gholdengo|Gholdengo, L50|100\/100\n|turn|4\n|\n|t:|1682048660\n|move|p1a: Gholdengo|Protect|p1a: Gholdengo\n|-singleturn|p1a: Gholdengo|Protect\n|move|p2a: Amoonguss|Rage Powder|p2a: Amoonguss\n|-singleturn|p2a: Amoonguss|move: Rage Powder\n|move|p2b: Chi-Yu|Lava Plume|p1a: Gholdengo|[spread] p2a,p1b\n|-activate|p1a: Gholdengo|move: Protect\n|-supereffective|p2a: Amoonguss\n|-supereffective|p1b: Slither Wing\n|-damage|p2a: Amoonguss|0 fnt\n|-damage|p1b: Slither Wing|0 fnt\n|faint|p2a: Amoonguss\n|faint|p1b: Slither Wing\n|-end|p1b: Slither Wing|Protosynthesis|[silent]\n|\n|upkeep\n|\n|t:|1682048667\n|switch|p2a: Flutter Mane|Flutter Mane, L50|100\/100\n|-enditem|p2a: Flutter Mane|Booster Energy\n|-activate|p2a: Flutter Mane|ability: Protosynthesis|[fromitem]\n|-start|p2a: Flutter Mane|protosynthesisspe\n|turn|5\n|-message|HashSlingSlashr forfeited.\n|\n|win|SeviperGliscor\n|raw|HashSlingSlashr's rating: 1000 → 1000<\/strong> (+0 for losing)\n|raw|SeviperGliscor's rating: 1070 → 1094<\/strong> (+24 for winning)\n|l|\u2606HashSlingSlashr\n","uploadtime":1682048680,"views":13,"p1id":"hashslingslashr","p2id":"sevipergliscor","formatid":"gen9vgc2023regulationc","rating":1000,"private":0,"password":""}