{"id":"gen9vgc2023regulationc-1848846271","p1":"Entrenador2806","p2":"Ukikino","format":"[Gen 9] VGC 2023 Regulation C","log":"|j|\u2606Entrenador2806\n|j|\u2606Ukikino\n|t:|1682116880\n|gametype|doubles\n|player|p1|Entrenador2806|2|1098\n|player|p2|Ukikino|169|1166\n|teamsize|p1|6\n|teamsize|p2|6\n|gen|9\n|tier|[Gen 9] VGC 2023 Regulation C\n|rated|\n|rule|Species Clause: Limit one of each Pok\u00e9mon\n|rule|Item Clause: Limit one of each item\n|clearpoke\n|poke|p1|Flutter Mane, L50|\n|poke|p1|Arcanine, L50, M|\n|poke|p1|Palafin, L50, F|\n|poke|p1|Amoonguss, L50, M|\n|poke|p1|Ting-Lu, L50|\n|poke|p1|Corviknight, L50, M|\n|poke|p2|Flutter Mane, L50|\n|poke|p2|Kingambit, L50, F|\n|poke|p2|Iron Bundle, L50|\n|poke|p2|Arcanine, L50, M|\n|poke|p2|Great Tusk, L50|\n|poke|p2|Corviknight, L50, F|\n|teampreview|4\nEntrenador2806 has agreed to open team sheets.\n|\n|t:|1682117026\n|start\n|switch|p1a: Palafin|Palafin, L50, F|100\/100\n|switch|p1b: Corviknight|Corviknight, L50, M|100\/100\n|switch|p2a: Cheddar|Arcanine, L50, M|100\/100\n|switch|p2b: Boyle|Iron Bundle, L50|100\/100\n|-ability|p2a: Cheddar|Intimidate|boost\n|-unboost|p1a: Palafin|atk|1\n|-ability|p1b: Corviknight|Mirror Armor\n|-unboost|p2a: Cheddar|atk|1\n|-enditem|p2b: Boyle|Booster Energy\n|-activate|p2b: Boyle|ability: Quark Drive|[fromitem]\n|-start|p2b: Boyle|quarkdrivespe\n|turn|1\n|\n|t:|1682117107\n|move|p2b: Boyle|Freeze-Dry|p1a: Palafin\n|-supereffective|p1a: Palafin\n|-damage|p1a: Palafin|13\/100\n|move|p2a: Cheddar|Will-O-Wisp|p1b: Corviknight\n|-status|p1b: Corviknight|brn\n|-enditem|p1b: Corviknight|Lum Berry|[eat]\n|-curestatus|p1b: Corviknight|brn|[msg]\n|move|p1a: Palafin|Wave Crash|p2a: Cheddar\n|-supereffective|p2a: Cheddar\n|-damage|p2a: Cheddar|17\/100\n|-enditem|p2a: Cheddar|Sitrus Berry|[eat]\n|-heal|p2a: Cheddar|42\/100|[from] item: Sitrus Berry\n|-damage|p1a: Palafin|0 fnt|[from] Recoil\n|faint|p1a: Palafin\n|move|p1b: Corviknight|Tailwind|p1b: Corviknight\n|-sidestart|p1: Entrenador2806|move: Tailwind\n|\n|upkeep\n|\n|t:|1682117123\n|switch|p1a: Flutter Mane|Flutter Mane, L50|100\/100\n|-enditem|p1a: Flutter Mane|Booster Energy\n|-activate|p1a: Flutter Mane|ability: Protosynthesis|[fromitem]\n|-start|p1a: Flutter Mane|protosynthesisspa\n|turn|2\n|\n|t:|1682117143\n|move|p1a: Flutter Mane|Moonblast|p2b: Boyle\n|-damage|p2b: Boyle|0 fnt\n|faint|p2b: Boyle\n|-end|p2b: Boyle|Quark Drive|[silent]\n|move|p1b: Corviknight|Brave Bird|p2a: Cheddar\n|-damage|p2a: Cheddar|0 fnt\n|faint|p2a: Cheddar\n|-damage|p1b: Corviknight|88\/100|[from] Recoil\n|\n|upkeep\n|\n|t:|1682117147\n|switch|p2b: Scully|Great Tusk, L50|100\/100\n|switch|p2a: Captain Holt|Corviknight, L50, F, shiny|100\/100\n|turn|3\n|\n|t:|1682117244\n|move|p2b: Scully|Protect|p2b: Scully\n|-singleturn|p2b: Scully|Protect\n|move|p1a: Flutter Mane|Shadow Ball|p2b: Scully\n|-activate|p2b: Scully|move: Protect\n|move|p1b: Corviknight|Brave Bird|p2b: Scully\n|-activate|p2b: Scully|move: Protect\n|move|p2a: Captain Holt|Tailwind|p2a: Captain Holt\n|-sidestart|p2: Ukikino|move: Tailwind\n|\n|upkeep\n|turn|4\n|\n|t:|1682117307\n|move|p1a: Flutter Mane|Moonblast|p2b: Scully\n|-supereffective|p2b: Scully\n|-enditem|p2b: Scully|Focus Sash\n|-damage|p2b: Scully|1\/100\n|move|p2b: Scully|Headlong Rush|p1a: Flutter Mane\n|-damage|p1a: Flutter Mane|7\/100\n|-unboost|p2b: Scully|def|1\n|-unboost|p2b: Scully|spd|1\n|move|p1b: Corviknight|Brave Bird|p2b: Scully\n|-supereffective|p2b: Scully\n|-damage|p2b: Scully|0 fnt\n|faint|p2b: Scully\n|-end|p2b: Scully|Protosynthesis|[silent]\n|-damage|p1b: Corviknight|88\/100|[from] Recoil\n|move|p2a: Captain Holt|Bulk Up|p2a: Captain Holt\n|-boost|p2a: Captain Holt|atk|1\n|-boost|p2a: Captain Holt|def|1\n|\n|-sideend|p1: Entrenador2806|move: Tailwind\n|upkeep\n|turn|5\n|\n|t:|1682117339\n|move|p1a: Flutter Mane|Protect|p1a: Flutter Mane\n|-singleturn|p1a: Flutter Mane|Protect\n|move|p2a: Captain Holt|Bulk Up|p2a: Captain Holt\n|-boost|p2a: Captain Holt|atk|1\n|-boost|p2a: Captain Holt|def|1\n|move|p1b: Corviknight|Tailwind|p1b: Corviknight\n|-sidestart|p1: Entrenador2806|move: Tailwind\n|\n|upkeep\n|turn|6\n|\n|t:|1682117380\n|-end|p1a: Flutter Mane|Protosynthesis|[silent]\n|switch|p1a: Amoonguss|Amoonguss, L50, M, shiny|100\/100\n|move|p2a: Captain Holt|Brave Bird|p1a: Amoonguss\n|-supereffective|p1a: Amoonguss\n|-damage|p1a: Amoonguss|0 fnt\n|-damage|p2a: Captain Holt|84\/100|[from] item: Rocky Helmet|[of] p1a: Amoonguss\n|faint|p1a: Amoonguss\n|-damage|p2a: Captain Holt|46\/100|[from] Recoil\n|move|p1b: Corviknight|Iron Head|p2a: Captain Holt\n|-resisted|p2a: Captain Holt\n|-damage|p2a: Captain Holt|40\/100\n|\n|-sideend|p2: Ukikino|move: Tailwind\n|upkeep\n|\n|t:|1682117394\n|switch|p1a: Flutter Mane|Flutter Mane, L50|7\/100\n|turn|7\n|\n|t:|1682117415\n|move|p1a: Flutter Mane|Shadow Ball|p2a: Captain Holt\n|-damage|p2a: Captain Holt|2\/100\n|move|p1b: Corviknight|Brave Bird|p2a: Captain Holt\n|-resisted|p2a: Captain Holt\n|-damage|p2a: Captain Holt|0 fnt\n|faint|p2a: Captain Holt\n|-damage|p1b: Corviknight|87\/100|[from] Recoil\n|\n|win|Entrenador2806\n|raw|Entrenador2806's rating: 1098 → 1124<\/strong> (+26 for winning)\n|raw|Ukikino's rating: 1108 → 1082<\/strong> (-26 for losing)\n|l|\u2606Ukikino\n","uploadtime":1682117425,"views":6,"p1id":"entrenador2806","p2id":"ukikino","formatid":"gen9vgc2023regulationc","rating":1082,"private":0,"password":""}