{"id":"gen9vgc2023regulationc-1851235166","p1":"TJRaynes","p2":"krangune\u2764","format":"[Gen 9] VGC 2023 Regulation C","log":"|j|\u2606TJRaynes\n|j|\u2606krangune\u2764\n|t:|1682428022\n|gametype|doubles\n|player|p1|TJRaynes|marley|\n|player|p2|krangune\u2764|elesa|\n|teamsize|p1|6\n|teamsize|p2|6\n|gen|9\n|tier|[Gen 9] VGC 2023 Regulation C\n|rated|Tournament battle\n|rule|Species Clause: Limit one of each Pok\u00e9mon\n|rule|Item Clause: Limit one of each item\n|clearpoke\n|poke|p1|Talonflame, L50, M|\n|poke|p1|Garchomp, L50, F|\n|poke|p1|Pachirisu, L50, M|\n|poke|p1|Gyarados, L50, F|\n|poke|p1|Breloom, L50, F|\n|poke|p1|Bronzong, L50|\n|poke|p2|Sylveon, L50, M|\n|poke|p2|Dragonite, L50, M|\n|poke|p2|Chien-Pao, L50|\n|poke|p2|Arcanine, L50, F|\n|poke|p2|Ting-Lu, L50|\n|poke|p2|Amoonguss, L50, M|\n|teampreview|4\n|raw| Open Team Sheet for TJRaynes<\/summary>Talonflame @ Covert Cloak Ability: Gale Wings Level: 50 Tera Type: Fire - Tailwind - Protect - Will-O-Wisp - Flare Blitz Garchomp @ Lum Berry Ability: Rough Skin Level: 50 Tera Type: Ground - Earthquake - Rock Slide - Stomping Tantrum - Swords Dance Pachirisu @ Sitrus Berry Ability: Volt Absorb Level: 50 Tera Type: Flying - Follow Me - Helping Hand - Nuzzle - Encore Gyarados @ Mental Herb Ability: Intimidate Level: 50 Tera Type: Water - Helping Hand - Protect - Taunt - Waterfall Breloom @ Life Orb Ability: Technician Level: 50 Tera Type: Grass - Bullet Seed - Spore - Mach Punch - Protect Bronzong @ Leftovers Ability: Levitate Level: 50 Tera Type: Steel - Iron Defense - Body Press - Gyro Ball - Protect <\/details><\/div> Open Team Sheet for krangune\u2764<\/summary>Sylveon @ Covert Cloak Ability: Pixilate Level: 50 Tera Type: Fire - Skill Swap - Protect - Hyper Voice - Tera Blast Dragonite @ Lum Berry Ability: Multiscale Level: 50 Tera Type: Flying - Extreme Speed - Tera Blast - Protect - Thunder Punch Chien-Pao @ Focus Sash Ability: Sword of Ruin Level: 50 Tera Type: Ghost - Protect - Sucker Punch - Sacred Sword - Ice Spinner Arcanine @ Safety Goggles Ability: Intimidate Level: 50 Tera Type: Water - Extreme Speed - Flare Blitz - Snarl - Will-O-Wisp Ting-Lu @ Assault Vest Ability: Vessel of Ruin Level: 50 Tera Type: Grass - Heavy Slam - Stomping Tantrum - Rock Slide - Ruination Amoonguss @ Iapapa Berry Ability: Regenerator Level: 50 Tera Type: Water - Spore - Pollen Puff - Rage Powder - Leaf Storm <\/details><\/div>\n|c|\u2606TJRaynes|glhf\n|c|\u2606krangune\u2764|glhf\n|j| FunneeMonkee\n|j| spectacled eider\n|j| Cakestering\n|j| AcrobatVGC\n|\n|t:|1682428104\n|start\n|switch|p1a: Talonflame|Talonflame, L50, M|100\/100\n|switch|p1b: Pachirisu|Pachirisu, L50, M|100\/100\n|switch|p2a: Chien-Pao|Chien-Pao, L50|100\/100\n|switch|p2b: Arcanine|Arcanine, L50, F|100\/100\n|-ability|p2a: Chien-Pao|Sword of Ruin\n|-ability|p2b: Arcanine|Intimidate|boost\n|-unboost|p1a: Talonflame|atk|1\n|-unboost|p1b: Pachirisu|atk|1\n|turn|1\n|\n|t:|1682428132\n|move|p1a: Talonflame|Tailwind|p1a: Talonflame\n|-sidestart|p1: TJRaynes|move: Tailwind\n|move|p1b: Pachirisu|Nuzzle|p2a: Chien-Pao\n|-damage|p2a: Chien-Pao|98\/100\n|-status|p2a: Chien-Pao|par\n|move|p2b: Arcanine|Flare Blitz|p1b: Pachirisu\n|-damage|p1b: Pachirisu|6\/100\n|-enditem|p1b: Pachirisu|Sitrus Berry|[eat]\n|-heal|p1b: Pachirisu|31\/100|[from] item: Sitrus Berry\n|-damage|p2b: Arcanine|75\/100|[from] Recoil\n|move|p2a: Chien-Pao|Ice Spinner|p1b: Pachirisu\n|-damage|p1b: Pachirisu|0 fnt\n|faint|p1b: Pachirisu\n|\n|upkeep\n|\n|t:|1682428147\n|switch|p1b: Gyarados|Gyarados, L50, F|100\/100\n|-ability|p1b: Gyarados|Intimidate|boost\n|-unboost|p2a: Chien-Pao|atk|1\n|-unboost|p2b: Arcanine|atk|1\n|turn|2\n|j| Tilzie\n|\n|t:|1682428163\n|switch|p2b: Dragonite|Dragonite, L50, M|100\/100\n|move|p2a: Chien-Pao|Protect|p2a: Chien-Pao\n|-singleturn|p2a: Chien-Pao|Protect\n|move|p1a: Talonflame|Flare Blitz|p2b: Dragonite\n|-resisted|p2b: Dragonite\n|-damage|p2b: Dragonite|90\/100\n|-damage|p1a: Talonflame|97\/100|[from] Recoil\n|move|p1b: Gyarados|Waterfall|p2b: Dragonite\n|-resisted|p2b: Dragonite\n|-damage|p2b: Dragonite|70\/100\n|\n|upkeep\n|turn|3\n|l| Tilzie\n|\n|t:|1682428185\n|switch|p2a: Arcanine|Arcanine, L50, F|75\/100\n|-ability|p2a: Arcanine|Intimidate|boost\n|-unboost|p1a: Talonflame|atk|1\n|-unboost|p1b: Gyarados|atk|1\n|move|p1b: Gyarados|Protect|p1b: Gyarados\n|-singleturn|p1b: Gyarados|Protect\n|move|p1a: Talonflame|Will-O-Wisp|p2b: Dragonite\n|-status|p2b: Dragonite|brn\n|-enditem|p2b: Dragonite|Lum Berry|[eat]\n|-curestatus|p2b: Dragonite|brn|[msg]\n|move|p2b: Dragonite|Thunder Punch|p1b: Gyarados\n|-activate|p1b: Gyarados|move: Protect\n|\n|upkeep\n|turn|4\n|\n|t:|1682428223\n|move|p2b: Dragonite|Protect|p2b: Dragonite\n|-singleturn|p2b: Dragonite|Protect\n|move|p1a: Talonflame|Will-O-Wisp|p2b: Dragonite\n|-activate|p2b: Dragonite|move: Protect\n|move|p1b: Gyarados|Waterfall|p2a: Arcanine\n|-supereffective|p2a: Arcanine\n|-damage|p2a: Arcanine|28\/100\n|move|p2a: Arcanine|Will-O-Wisp|p1b: Gyarados\n|-status|p1b: Gyarados|brn\n|\n|-damage|p1b: Gyarados|95\/100 brn|[from] brn\n|-sideend|p1: TJRaynes|move: Tailwind\n|upkeep\n|turn|5\n|\n|t:|1682428255\n|switch|p2b: Chien-Pao|Chien-Pao, L50|98\/100 par\n|-ability|p2b: Chien-Pao|Sword of Ruin\n|move|p1b: Gyarados|Protect|p1b: Gyarados\n|-singleturn|p1b: Gyarados|Protect\n|move|p2a: Arcanine|Extreme Speed|p1a: Talonflame\n|-damage|p1a: Talonflame|43\/100\n|move|p1a: Talonflame|Will-O-Wisp||[still]\n|-fail|p1a: Talonflame\n|\n|-damage|p1b: Gyarados|89\/100 brn|[from] brn\n|upkeep\n|turn|6\n|\n|t:|1682428283\n|move|p1b: Gyarados|Helping Hand|p1a: Talonflame\n|-singleturn|p1a: Talonflame|Helping Hand|[of] p1b: Gyarados\n|move|p2a: Arcanine|Extreme Speed|p1a: Talonflame\n|-crit|p1a: Talonflame\n|-damage|p1a: Talonflame|0 fnt\n|faint|p1a: Talonflame\n|move|p2b: Chien-Pao|Ice Spinner|p1b: Gyarados\n|-damage|p1b: Gyarados|36\/100 brn\n|\n|-damage|p1b: Gyarados|30\/100 brn|[from] brn\n|upkeep\n|j| Tilzie\n|\n|t:|1682428289\n|switch|p1a: Garchomp|Garchomp, L50, F|100\/100\n|turn|7\n|l| Tilzie\n|\n|t:|1682428310\n|-terastallize|p1a: Garchomp|Ground\n|move|p2a: Arcanine|Extreme Speed|p1b: Gyarados\n|-damage|p1b: Gyarados|0 fnt\n|faint|p1b: Gyarados\n|move|p1a: Garchomp|Swords Dance|p1a: Garchomp\n|-boost|p1a: Garchomp|atk|2\n|move|p2b: Chien-Pao|Ice Spinner|p1a: Garchomp\n|-supereffective|p1a: Garchomp\n|-damage|p1a: Garchomp|7\/100\n|-damage|p2b: Chien-Pao|86\/100 par|[from] ability: Rough Skin|[of] p1a: Garchomp\n|\n|upkeep\n|turn|8\n|c|\u2606TJRaynes|gg\n|c|\u2606krangune\u2764|gg\n|\n|t:|1682428328\n|move|p2a: Arcanine|Extreme Speed|p1a: Garchomp\n|-damage|p1a: Garchomp|0 fnt\n|-damage|p2a: Arcanine|15\/100|[from] ability: Rough Skin|[of] p1a: Garchomp\n|faint|p1a: Garchomp\n|\n|win|krangune\u2764\n|n|\u2606TJRaynes|tjraynes\n|n|\u2606krangune\u2764|krangune\n|n| FunneeMonkee|funneemonkee\n|n| spectacled eider|spectacledeider\n|n| Cakestering|cakestering\n|n| AcrobatVGC|acrobatvgc\n","uploadtime":1682428331,"views":13,"p1id":"tjraynes","p2id":"krangune","formatid":"gen9vgc2023regulationc","rating":0,"private":0,"password":""}