{"id":"gen9vgc2023regulationc-1863341758","p1":"GucciLaundryBasket","p2":"gazzlb","format":"[Gen 9] VGC 2023 Regulation C","log":"|j|\u2606GucciLaundryBasket\n|j|\u2606gazzlb\n|t:|1684004759\n|gametype|doubles\n|player|p1|GucciLaundryBasket|hilbert|\n|player|p2|gazzlb|265|\n|teamsize|p1|6\n|teamsize|p2|6\n|gen|9\n|tier|[Gen 9] VGC 2023 Regulation C\n|rule|Species Clause: Limit one of each Pok\u00e9mon\n|rule|Item Clause: Limit one of each item\n|clearpoke\n|poke|p1|Klefki, L50, F|\n|poke|p1|Tatsugiri, L50, F|\n|poke|p1|Dondozo, L50, M|\n|poke|p1|Luxray, L50, M|\n|poke|p1|Oricorio-Sensu, L50, M|\n|poke|p1|Ceruledge, L50, F|\n|poke|p2|Lycanroc, L50, M|\n|poke|p2|Hippowdon, L50, F|\n|poke|p2|Indeedee-F, L50, F|\n|poke|p2|Armarouge, L50, F|\n|poke|p2|Dachsbun, L50, F|\n|poke|p2|Altaria, L50, F|\n|teampreview|4\n|j| Kyogre Canucks\n|j| anthonynn\n|c|\u2606gazzlb|g1\n|c|\u2606gazzlb|glhf\n|c| Kyogre Canucks|glhf\n|c|\u2606GucciLaundryBasket|glhf\n|j| Jay Jingles\n|\n|t:|1684004899\n|start\n|switch|p1a: Klefki|Klefki, L50, F|100\/100\n|switch|p1b: Tatsugiri|Tatsugiri, L50, F|100\/100\n|switch|p2a: Good Boy|Lycanroc, L50, M, shiny|100\/100\n|switch|p2b: Armarouge|Armarouge, L50, F, shiny|100\/100\n|turn|1\n|\n|t:|1684004945\n|switch|p2a: Indeedee|Indeedee-F, L50, F|100\/100\n|-fieldstart|move: Psychic Terrain|[from] ability: Psychic Surge|[of] p2a: Indeedee\n|move|p1a: Klefki|Misty Terrain|p1a: Klefki\n|-fieldstart|move: Misty Terrain\n|move|p1b: Tatsugiri|Muddy Water|p2a: Indeedee|[spread] p2a,p2b\n|-supereffective|p2b: Armarouge\n|-damage|p2a: Indeedee|73\/100\n|-damage|p2b: Armarouge|15\/100\n|move|p2b: Armarouge|Expanding Force|p1b: Tatsugiri\n|-damage|p1b: Tatsugiri|50\/100\n|\n|upkeep\n|turn|2\n|\n|t:|1684004984\n|switch|p1a: Dondozo|Dondozo, L50, M|100\/100\n|-activate|p1b: Tatsugiri|ability: Commander|[of] p1a: Dondozo\n|-boost|p1a: Dondozo|atk|2\n|-boost|p1a: Dondozo|spa|2\n|-boost|p1a: Dondozo|spe|2\n|-boost|p1a: Dondozo|def|2\n|-boost|p1a: Dondozo|spd|2\n|move|p2b: Armarouge|Expanding Force|p1b: Tatsugiri|[miss]\n|-miss|p2b: Armarouge|p1b: Tatsugiri\n|move|p2a: Indeedee|Psychic|p1b: Tatsugiri|[miss]\n|-miss|p2a: Indeedee|p1b: Tatsugiri\n|\n|upkeep\n|turn|3\n|\n|t:|1684005013\n|switch|p2a: Good Boy|Lycanroc, L50, M, shiny|100\/100\n|move|p2b: Armarouge|Expanding Force|p1a: Dondozo\n|-damage|p1a: Dondozo|79\/100\n|move|p1a: Dondozo|Earthquake|p2a: Good Boy|[spread] p2a,p2b\n|-miss|p1a: Dondozo|p1b: Tatsugiri\n|-supereffective|p2a: Good Boy\n|-crit|p2a: Good Boy\n|-supereffective|p2b: Armarouge\n|-enditem|p2a: Good Boy|Focus Sash\n|-damage|p2a: Good Boy|1\/100\n|-damage|p2b: Armarouge|0 fnt\n|faint|p2b: Armarouge\n|\n|-heal|p1a: Dondozo|85\/100|[from] item: Leftovers\n|upkeep\n|\n|t:|1684005028\n|switch|p2b: HungryHungry|Hippowdon, L50, F|100\/100\n|-weather|Sandstorm|[from] ability: Sand Stream|[of] p2b: HungryHungry\n|turn|4\n|\n|t:|1684005040\n|move|p1a: Dondozo|Protect|p1a: Dondozo\n|-singleturn|p1a: Dondozo|Protect\n|move|p2b: HungryHungry|Protect|p2b: HungryHungry\n|-singleturn|p2b: HungryHungry|Protect\n|move|p2a: Good Boy|Endeavor|p1a: Dondozo\n|-activate|p1a: Dondozo|move: Protect\n|\n|-weather|Sandstorm|[upkeep]\n|-damage|p1b: Tatsugiri|44\/100|[from] Sandstorm\n|-damage|p1a: Dondozo|79\/100|[from] Sandstorm\n|-heal|p1a: Dondozo|85\/100|[from] item: Leftovers\n|upkeep\n|turn|5\n|\n|t:|1684005069\n|move|p2b: HungryHungry|Protect||[still]\n|-fail|p2b: HungryHungry\n|move|p2a: Good Boy|Endeavor|p1a: Dondozo\n|-damage|p1a: Dondozo|1\/100\n|move|p1a: Dondozo|Earthquake|p2a: Good Boy|[spread] p2a,p2b\n|-miss|p1a: Dondozo|p1b: Tatsugiri\n|-supereffective|p2a: Good Boy\n|-damage|p2a: Good Boy|0 fnt\n|-damage|p2b: HungryHungry|70\/100\n|faint|p2a: Good Boy\n|\n|-weather|Sandstorm|[upkeep]\n|-damage|p1b: Tatsugiri|37\/100|[from] Sandstorm\n|-damage|p1a: Dondozo|0 fnt|[from] Sandstorm\n|faint|p1a: Dondozo\n|-heal|p2b: HungryHungry|77\/100|[from] item: Leftovers\n|-fieldend|Misty Terrain\n|upkeep\n|\n|t:|1684005095\n|switch|p2a: Indeedee|Indeedee-F, L50, F|73\/100\n|switch|p1a: Klefki|Klefki, L50, F|100\/100\n|-fieldstart|move: Psychic Terrain|[from] ability: Psychic Surge|[of] p2a: Indeedee\n|turn|6\n|\n|t:|1684005126\n|switch|p1b: Oricorio|Oricorio-Sensu, L50, M|100\/100\n|move|p2b: HungryHungry|Protect|p2b: HungryHungry\n|-singleturn|p2b: HungryHungry|Protect\n|move|p2a: Indeedee|Light Screen|p2a: Indeedee\n|-sidestart|p2: gazzlb|move: Light Screen\n|move|p1a: Klefki|Dazzling Gleam|p2b: HungryHungry|[spread] p2a\n|-activate|p2b: HungryHungry|move: Protect\n|-damage|p2a: Indeedee|61\/100\n|\n|-weather|Sandstorm|[upkeep]\n|-damage|p1b: Oricorio|95\/100|[from] Sandstorm\n|-damage|p2a: Indeedee|55\/100|[from] Sandstorm\n|-heal|p2b: HungryHungry|83\/100|[from] item: Leftovers\n|upkeep\n|turn|7\n|\n|t:|1684005184\n|-terastallize|p1a: Klefki|Fairy\n|move|p1b: Oricorio|Helping Hand|p1a: Klefki\n|-singleturn|p1a: Klefki|Helping Hand|[of] p1b: Oricorio\n|move|p2a: Indeedee|Psychic|p1b: Oricorio\n|-damage|p1b: Oricorio|28\/100\n|move|p1a: Klefki|Foul Play|p2a: Indeedee\n|-supereffective|p2a: Indeedee\n|-damage|p2a: Indeedee|20\/100\n|move|p2b: HungryHungry|Yawn|p1b: Oricorio\n|-start|p1b: Oricorio|move: Yawn|[of] p2b: HungryHungry\n|\n|-weather|Sandstorm|[upkeep]\n|-damage|p1b: Oricorio|22\/100|[from] Sandstorm\n|-damage|p2a: Indeedee|13\/100|[from] Sandstorm\n|-damage|p1a: Klefki|94\/100|[from] Sandstorm\n|-heal|p2b: HungryHungry|89\/100|[from] item: Leftovers\n|upkeep\n|turn|8\n|\n|t:|1684005234\n|move|p1b: Oricorio|Protect|p1b: Oricorio\n|-singleturn|p1b: Oricorio|Protect\n|move|p1a: Klefki|Misty Terrain|p1a: Klefki\n|-fieldstart|move: Misty Terrain\n|move|p2a: Indeedee|Psychic|p1b: Oricorio\n|-activate|p1b: Oricorio|move: Protect\n|move|p2b: HungryHungry|Earthquake|p1a: Klefki|[spread] p2a,p1a\n|-activate|p1b: Oricorio|move: Protect\n|-damage|p2a: Indeedee|0 fnt\n|-damage|p1a: Klefki|55\/100\n|faint|p2a: Indeedee\n|\n|-weather|none\n|-heal|p2b: HungryHungry|95\/100|[from] item: Leftovers\n|-end|p1b: Oricorio|move: Yawn|[silent]\n|-status|p1b: Oricorio|slp\n|upkeep\n|turn|9\n|c| Jay Jingles|oops lol\n|c| Kyogre Canucks|Oh no the flying type\n|\n|t:|1684005283\n|-terastallize|p2b: HungryHungry|Flying\n|cant|p1b: Oricorio|slp\n|move|p1a: Klefki|Foul Play|p2b: HungryHungry\n|-damage|p2b: HungryHungry|77\/100\n|move|p2b: HungryHungry|Tera Blast|p1a: Klefki\n|-damage|p1a: Klefki|15\/100\n|-enditem|p1a: Klefki|Iapapa Berry|[eat]\n|-heal|p1a: Klefki|48\/100|[from] item: Iapapa Berry\n|\n|-heal|p2b: HungryHungry|83\/100|[from] item: Leftovers\n|upkeep\n|turn|10\n|\n|t:|1684005313\n|move|p1a: Klefki|Thunder Wave|p2b: HungryHungry\n|-status|p2b: HungryHungry|par\n|cant|p1b: Oricorio|slp\n|cant|p2b: HungryHungry|par\n|\n|-heal|p2b: HungryHungry|89\/100 par|[from] item: Leftovers\n|upkeep\n|turn|11\n|\n|t:|1684005334\n|cant|p1b: Oricorio|slp\n|move|p1a: Klefki|Dazzling Gleam|p2b: HungryHungry\n|-damage|p2b: HungryHungry|63\/100 par\n|move|p2b: HungryHungry|Tera Blast|p1a: Klefki\n|-damage|p1a: Klefki|4\/100\n|\n|-heal|p2b: HungryHungry|69\/100 par|[from] item: Leftovers\n|upkeep\n|turn|12\n|\n|t:|1684005356\n|-curestatus|p1b: Oricorio|slp|[msg]\n|move|p1b: Oricorio|Revelation Dance|p2b: HungryHungry\n|-damage|p2b: HungryHungry|45\/100 par\n|move|p1a: Klefki|Dazzling Gleam|p2b: HungryHungry\n|-damage|p2b: HungryHungry|22\/100 par\n|cant|p2b: HungryHungry|par\n|\n|-heal|p2b: HungryHungry|29\/100 par|[from] item: Leftovers\n|-fieldend|Misty Terrain\n|upkeep\n|turn|13\n|j| thefriending\n|\n|t:|1684005371\n|move|p1b: Oricorio|Revelation Dance|p2b: HungryHungry\n|-damage|p2b: HungryHungry|5\/100 par\n|move|p1a: Klefki|Dazzling Gleam|p2b: HungryHungry\n|-damage|p2b: HungryHungry|0 fnt\n|faint|p2b: HungryHungry\n|\n|win|GucciLaundryBasket\n|c|\u2606gazzlb|gg\n","uploadtime":1684005380,"views":12,"p1id":"guccilaundrybasket","p2id":"gazzlb","formatid":"gen9vgc2023regulationc","rating":0,"private":0,"password":""}