{"id":"gen9vgc2023regulationc-1851033381","p1":"PiccoloRuiz","p2":"Twintwee","format":"[Gen 9] VGC 2023 Regulation C","log":"|j|\u2606PiccoloRuiz\n|j|\u2606Twintwee\n|t:|1682397143\n|gametype|doubles\n|player|p1|PiccoloRuiz|valerie|1201\n|player|p2|Twintwee|plasmagrunt-gen5bw|1218\n|teamsize|p1|6\n|teamsize|p2|6\n|gen|9\n|tier|[Gen 9] VGC 2023 Regulation C\n|rated|\n|rule|Species Clause: Limit one of each Pok\u00e9mon\n|rule|Item Clause: Limit one of each item\n|clearpoke\n|poke|p1|Flutter Mane, L50|\n|poke|p1|Amoonguss, L50, F|\n|poke|p1|Gyarados, L50, F|\n|poke|p1|Arcanine, L50, F|\n|poke|p1|Ting-Lu, L50|\n|poke|p1|Baxcalibur, L50, F|\n|poke|p2|Kingambit, L50, M|\n|poke|p2|Arcanine, L50, M|\n|poke|p2|Flutter Mane, L50|\n|poke|p2|Iron Bundle, L50|\n|poke|p2|Amoonguss, L50, F|\n|poke|p2|Baxcalibur, L50, F|\n|teampreview|4\n|inactive|Battle timer is ON: inactive players will automatically lose when time's up. (requested by PiccoloRuiz)\nPiccoloRuiz rejected open team sheets.\n|\n|t:|1682397175\n|start\n|switch|p1a: Brita|Amoonguss, L50, F, shiny|100\/100\n|switch|p1b: Ting-Lu|Ting-Lu, L50|100\/100\n|switch|p2a: Iron Bundle|Iron Bundle, L50|100\/100\n|switch|p2b: Flutter Mane|Flutter Mane, L50|100\/100\n|-ability|p1b: Ting-Lu|Vessel of Ruin\n|-enditem|p2a: Iron Bundle|Booster Energy\n|-activate|p2a: Iron Bundle|ability: Quark Drive|[fromitem]\n|-start|p2a: Iron Bundle|quarkdrivespe\n|turn|1\n|\n|t:|1682397191\n|move|p2a: Iron Bundle|Freeze-Dry|p1a: Brita\n|-supereffective|p1a: Brita\n|-damage|p1a: Brita|57\/100\n|move|p2b: Flutter Mane|Shadow Ball|p1a: Brita\n|-damage|p1a: Brita|18\/100\n|move|p1b: Ting-Lu|Heavy Slam|p2b: Flutter Mane\n|-supereffective|p2b: Flutter Mane\n|-damage|p2b: Flutter Mane|18\/100\n|move|p1a: Brita|Spore|p2a: Iron Bundle\n|-status|p2a: Iron Bundle|slp|[from] move: Spore\n|\n|upkeep\n|turn|2\n|\n|t:|1682397212\n|-end|p2b: Flutter Mane|Protosynthesis|[silent]\n|switch|p2b: Amoonguss|Amoonguss, L50, F|100\/100\n|switch|p1a: Raja|Arcanine, L50, F|100\/100\n|-ability|p1a: Raja|Intimidate|boost\n|-unboost|p2a: Iron Bundle|atk|1\n|-unboost|p2b: Amoonguss|atk|1\n|cant|p2a: Iron Bundle|slp\n|move|p1b: Ting-Lu|Fissure|p2a: Iron Bundle|[miss]\n|-miss|p1b: Ting-Lu|p2a: Iron Bundle\n|\n|upkeep\n|turn|3\n|\n|t:|1682397236\n|-terastallize|p1b: Ting-Lu|Grass\n|cant|p2a: Iron Bundle|slp\n|move|p1a: Raja|Flare Blitz|p2a: Iron Bundle\n|-damage|p2a: Iron Bundle|42\/100 slp\n|-damage|p1a: Raja|88\/100|[from] Recoil\n|move|p1b: Ting-Lu|Stomping Tantrum|p2a: Iron Bundle\n|-damage|p2a: Iron Bundle|0 fnt\n|faint|p2a: Iron Bundle\n|-end|p2a: Iron Bundle|Quark Drive|[silent]\n|move|p2b: Amoonguss|Spore|p1b: Ting-Lu\n|-immune|p1b: Ting-Lu\n|\n|upkeep\n|\n|t:|1682397247\n|switch|p2a: Flutter Mane|Flutter Mane, L50|18\/100\n|turn|4\n|\n|t:|1682397269\n|-terastallize|p2b: Amoonguss|Water\n|move|p2b: Amoonguss|Rage Powder|p2b: Amoonguss\n|-singleturn|p2b: Amoonguss|move: Rage Powder\n|move|p2a: Flutter Mane|Moonblast|p1b: Ting-Lu\n|-damage|p1b: Ting-Lu|77\/100\n|move|p1a: Raja|Flare Blitz|p2b: Amoonguss\n|-resisted|p2b: Amoonguss\n|-damage|p2b: Amoonguss|81\/100\n|-damage|p1a: Raja|72\/100|[from] item: Rocky Helmet|[of] p2b: Amoonguss\n|-damage|p1a: Raja|64\/100|[from] Recoil\n|move|p1b: Ting-Lu|Heavy Slam|p2a: Flutter Mane\n|-supereffective|p2a: Flutter Mane\n|-damage|p2a: Flutter Mane|0 fnt\n|faint|p2a: Flutter Mane\n|-end|p2a: Flutter Mane|Protosynthesis|[silent]\n|\n|upkeep\n|\n|t:|1682397282\n|switch|p2a: Kingambit|Kingambit, L50, M|100\/100\n|turn|5\n|\n|t:|1682397288\n|move|p2b: Amoonguss|Rage Powder|p2b: Amoonguss\n|-singleturn|p2b: Amoonguss|move: Rage Powder\n|move|p1a: Raja|Flare Blitz|p2a: Kingambit\n|-supereffective|p2a: Kingambit\n|-damage|p2a: Kingambit|24\/100\n|-damage|p1a: Raja|38\/100|[from] Recoil\n|move|p1b: Ting-Lu|Stomping Tantrum|p2a: Kingambit\n|-supereffective|p2a: Kingambit\n|-damage|p2a: Kingambit|0 fnt\n|faint|p2a: Kingambit\n|\n|upkeep\n|turn|6\n|-message|Twintwee forfeited.\n|\n|win|PiccoloRuiz\n|raw|PiccoloRuiz's rating: 1201 → 1227<\/strong> (+26 for winning)\n|raw|Twintwee's rating: 1218 → 1192<\/strong> (-26 for losing)\n|l|\u2606Twintwee\n","uploadtime":1682397308,"views":14,"p1id":"piccoloruiz","p2id":"twintwee","formatid":"gen9vgc2023regulationc","rating":1192,"private":0,"password":""}