{"id":"gen9vgc2023regulationc-1850378311","p1":"UltimoRyu","p2":"vgcmenxinya","format":"[Gen 9] VGC 2023 Regulation C","log":"|j|\u2606UltimoRyu\n|j|\u2606vgcmenxinya\n|t:|1682327639\n|gametype|doubles\n|player|p1|UltimoRyu|steven|1132\n|player|p2|vgcmenxinya|hilbert-wonderlauncher|1234\n|teamsize|p1|6\n|teamsize|p2|6\n|gen|9\n|tier|[Gen 9] VGC 2023 Regulation C\n|rated|\n|rule|Species Clause: Limit one of each Pok\u00e9mon\n|rule|Item Clause: Limit one of each item\n|clearpoke\n|poke|p1|Amoonguss, L50, M|\n|poke|p1|Quaquaval, L50, M|\n|poke|p1|Arcanine, L50, M|\n|poke|p1|Iron Hands, L50|\n|poke|p1|Flutter Mane, L50|\n|poke|p1|Corviknight, L50, F|\n|poke|p2|Amoonguss, L50, F|\n|poke|p2|Arcanine, L50, F|\n|poke|p2|Palafin, L50, M|\n|poke|p2|Flutter Mane, L50|\n|poke|p2|Ting-Lu, L50|\n|poke|p2|Baxcalibur, L50, M|\n|teampreview|4\n|inactive|Battle timer is ON: inactive players will automatically lose when time's up. (requested by vgcmenxinya)\n|\n|t:|1682327699\n|start\n|switch|p1a: Arcanine|Arcanine, L50, M|100\/100\n|switch|p1b: Corviknight|Corviknight, L50, F|100\/100\n|switch|p2a: Flutter Mane|Flutter Mane, L50|100\/100\n|switch|p2b: Baxcalibur|Baxcalibur, L50, M, shiny|100\/100\n|-ability|p1a: Arcanine|Intimidate|boost\n|-unboost|p2a: Flutter Mane|atk|1\n|-fail|p2b: Baxcalibur|unboost|[from] item: Clear Amulet|[of] p2b: Baxcalibur\n|turn|1\n|inactive|vgcmenxinya has 30 seconds left.\n|\n|t:|1682327727\n|move|p2a: Flutter Mane|Power Gem|p1a: Arcanine\n|-supereffective|p1a: Arcanine\n|-damage|p1a: Arcanine|23\/100\n|move|p1a: Arcanine|Howl|p1a: Arcanine|[spread] p1a,p1b\n|-boost|p1a: Arcanine|atk|1\n|-boost|p1b: Corviknight|atk|1\n|move|p2b: Baxcalibur|Icicle Crash|p1b: Corviknight\n|-damage|p1b: Corviknight|56\/100\n|cant|p1b: Corviknight|flinch\n|\n|upkeep\n|turn|2\n|\n|t:|1682327749\n|move|p1a: Arcanine|Protect|p1a: Arcanine\n|-singleturn|p1a: Arcanine|Protect\n|move|p2a: Flutter Mane|Power Gem|p1b: Corviknight\n|-damage|p1b: Corviknight|15\/100\n|move|p2b: Baxcalibur|Icicle Crash|p1b: Corviknight\n|-damage|p1b: Corviknight|0 fnt\n|faint|p1b: Corviknight\n|\n|upkeep\n|\n|t:|1682327760\n|switch|p1b: Iron Hands|Iron Hands, L50|100\/100\n|turn|3\n|\n|t:|1682327781\n|-end|p2a: Flutter Mane|Protosynthesis|[silent]\n|switch|p2a: Arcanine|Arcanine, L50, F|100\/100\n|-ability|p2a: Arcanine|Intimidate|boost\n|-unboost|p1a: Arcanine|atk|1\n|-unboost|p1b: Iron Hands|atk|1\n|-terastallize|p2b: Baxcalibur|Poison\n|move|p1b: Iron Hands|Fake Out|p2b: Baxcalibur\n|-damage|p2b: Baxcalibur|91\/100\n|move|p1a: Arcanine|Extreme Speed|p2b: Baxcalibur\n|-damage|p2b: Baxcalibur|75\/100\n|cant|p2b: Baxcalibur|flinch\n|\n|upkeep\n|turn|4\n|\n|t:|1682327804\n|move|p2a: Arcanine|Extreme Speed|p1a: Arcanine\n|-damage|p1a: Arcanine|1\/100\n|move|p1a: Arcanine|Howl|p1a: Arcanine|[spread] p1a,p1b\n|-boost|p1a: Arcanine|atk|1\n|-boost|p1b: Iron Hands|atk|1\n|move|p2b: Baxcalibur|Glaive Rush|p1b: Iron Hands\n|-damage|p1b: Iron Hands|54\/100\n|-singlemove|p2b: Baxcalibur|Glaive Rush|[silent]\n|move|p1b: Iron Hands|Drain Punch|p2a: Arcanine\n|-damage|p2a: Arcanine|40\/100\n|-heal|p1b: Iron Hands|74\/100|[from] drain|[of] p2a: Arcanine\n|\n|upkeep\n|turn|5\n|\n|t:|1682327822\n|move|p1a: Arcanine|Extreme Speed|p2b: Baxcalibur\n|-damage|p2b: Baxcalibur|23\/100\n|move|p2b: Baxcalibur|Ice Shard|p1a: Arcanine\n|-resisted|p1a: Arcanine\n|-damage|p1a: Arcanine|0 fnt\n|faint|p1a: Arcanine\n|move|p2a: Arcanine|Will-O-Wisp|p1b: Iron Hands\n|-status|p1b: Iron Hands|brn\n|move|p1b: Iron Hands|Drain Punch|p2a: Arcanine\n|-damage|p2a: Arcanine|15\/100\n|-heal|p1b: Iron Hands|83\/100 brn|[from] drain|[of] p2a: Arcanine\n|\n|-damage|p1b: Iron Hands|77\/100 brn|[from] brn\n|upkeep\n|\n|t:|1682327839\n|switch|p1a: Flutter Mane|Flutter Mane, L50|100\/100\n|turn|6\n|\n|t:|1682327862\n|switch|p2a: Amoonguss|Amoonguss, L50, F|100\/100\n|-terastallize|p1a: Flutter Mane|Water\n|move|p2b: Baxcalibur|Ice Shard|p1a: Flutter Mane\n|-resisted|p1a: Flutter Mane\n|-damage|p1a: Flutter Mane|82\/100\n|move|p1a: Flutter Mane|Dazzling Gleam|p2b: Baxcalibur|[spread] p2a,p2b\n|-resisted|p2a: Amoonguss\n|-resisted|p2b: Baxcalibur\n|-damage|p2a: Amoonguss|81\/100\n|-damage|p2b: Baxcalibur|3\/100\n|move|p1b: Iron Hands|Drain Punch|p2b: Baxcalibur\n|-resisted|p2b: Baxcalibur\n|-damage|p2b: Baxcalibur|0 fnt\n|-heal|p1b: Iron Hands|78\/100 brn|[from] drain|[of] p2b: Baxcalibur\n|faint|p2b: Baxcalibur\n|\n|-damage|p1b: Iron Hands|72\/100 brn|[from] brn\n|upkeep\n|\n|t:|1682327877\n|switch|p2b: Arcanine|Arcanine, L50, F|15\/100\n|-ability|p2b: Arcanine|Intimidate|boost\n|-unboost|p1a: Flutter Mane|atk|1\n|-unboost|p1b: Iron Hands|atk|1\n|turn|7\n|\n|t:|1682327888\n|move|p2b: Arcanine|Extreme Speed|p1a: Flutter Mane\n|-damage|p1a: Flutter Mane|44\/100\n|move|p2a: Amoonguss|Rage Powder|p2a: Amoonguss\n|-singleturn|p2a: Amoonguss|move: Rage Powder\n|move|p1a: Flutter Mane|Dazzling Gleam|p2b: Arcanine|[spread] p2a,p2b\n|-resisted|p2a: Amoonguss\n|-resisted|p2b: Arcanine\n|-damage|p2a: Amoonguss|62\/100\n|-damage|p2b: Arcanine|0 fnt\n|faint|p2b: Arcanine\n|move|p1b: Iron Hands|Drain Punch|p2a: Amoonguss\n|-resisted|p2a: Amoonguss\n|-damage|p2a: Amoonguss|56\/100\n|-heal|p1b: Iron Hands|75\/100 brn|[from] drain|[of] p2a: Amoonguss\n|\n|-damage|p1b: Iron Hands|69\/100 brn|[from] brn\n|upkeep\n|\n|t:|1682327896\n|switch|p2b: Flutter Mane|Flutter Mane, L50|100\/100\n|turn|8\n|\n|t:|1682327920\n|move|p2a: Amoonguss|Rage Powder|p2a: Amoonguss\n|-singleturn|p2a: Amoonguss|move: Rage Powder\n|move|p2b: Flutter Mane|Dazzling Gleam|p1b: Iron Hands|[spread] p1a,p1b\n|-supereffective|p1b: Iron Hands\n|-damage|p1a: Flutter Mane|0 fnt\n|-damage|p1b: Iron Hands|19\/100 brn\n|faint|p1a: Flutter Mane\n|-end|p1a: Flutter Mane|Protosynthesis|[silent]\n|move|p1b: Iron Hands|Thunder Punch|p2a: Amoonguss\n|-resisted|p2a: Amoonguss\n|-damage|p2a: Amoonguss|50\/100\n|-enditem|p2a: Amoonguss|Sitrus Berry|[eat]\n|-heal|p2a: Amoonguss|75\/100|[from] item: Sitrus Berry\n|\n|-damage|p1b: Iron Hands|13\/100 brn|[from] brn\n|upkeep\n|turn|9\n|-message|UltimoRyu forfeited.\n|\n|win|vgcmenxinya\n|raw|UltimoRyu's rating: 1132 → 1114<\/strong> (-18 for losing)\n|raw|vgcmenxinya's rating: 1234 → 1252<\/strong> (+18 for winning)\n","uploadtime":1682327939,"views":21,"p1id":"ultimoryu","p2id":"vgcmenxinya","formatid":"gen9vgc2023regulationc","rating":1114,"private":0,"password":""}