{"id":"gen9vgc2023regulationc-1851758643","p1":"sprendergast12","p2":"DarkFlame2013","format":"[Gen 9] VGC 2023 Regulation C","log":"|j|\u2606sprendergast12\n|j|\u2606DarkFlame2013\n|t:|1682479150\n|gametype|doubles\n|player|p1|sprendergast12|2|1175\n|player|p2|DarkFlame2013|2|1192\n|teamsize|p1|6\n|teamsize|p2|6\n|gen|9\n|tier|[Gen 9] VGC 2023 Regulation C\n|rated|\n|rule|Species Clause: Limit one of each Pok\u00e9mon\n|rule|Item Clause: Limit one of each item\n|clearpoke\n|poke|p1|Iron Hands, L50|\n|poke|p1|Wo-Chien, L50|\n|poke|p1|Talonflame, L50, F|\n|poke|p1|Palafin, L50, F|\n|poke|p1|Baxcalibur, L50, M|\n|poke|p1|Gardevoir, L50, F|\n|poke|p2|Murkrow, L50, F|\n|poke|p2|Chi-Yu, L50|\n|poke|p2|Flutter Mane, L50|\n|poke|p2|Great Tusk, L50|\n|poke|p2|Brute Bonnet, L50|\n|poke|p2|Corviknight, L50, M|\n|teampreview|4\n|inactive|Battle timer is ON: inactive players will automatically lose when time's up. (requested by sprendergast12)\n|inactive|DarkFlame2013 has 60 seconds left.\n|\n|t:|1682479204\n|start\n|switch|p1a: Talonflame|Talonflame, L50, F|100\/100\n|switch|p1b: Palafin|Palafin, L50, F|100\/100\n|switch|p2a: Murkrow|Murkrow, L50, F, shiny|100\/100\n|switch|p2b: Flutter Mane|Flutter Mane, L50, shiny|100\/100\n|turn|1\n|\n|t:|1682479219\n|-terastallize|p2b: Flutter Mane|Fairy\n|move|p1a: Talonflame|Brave Bird|p2b: Flutter Mane\n|-damage|p2b: Flutter Mane|11\/100\n|-damage|p1a: Talonflame|74\/100|[from] Recoil\n|move|p1b: Palafin|Jet Punch|p2b: Flutter Mane\n|-damage|p2b: Flutter Mane|0 fnt\n|faint|p2b: Flutter Mane\n|-end|p2b: Flutter Mane|Protosynthesis|[silent]\n|move|p2a: Murkrow|Sunny Day|p2a: Murkrow\n|-weather|SunnyDay\n|\n|-weather|SunnyDay|[upkeep]\n|upkeep\n|\n|t:|1682479239\n|switch|p2b: Chi-Yu|Chi-Yu, L50|100\/100\n|-ability|p2b: Chi-Yu|Beads of Ruin\n|turn|2\n|inactive|DarkFlame2013 has 30 seconds left.\n|\n|t:|1682479267\n|detailschange|p1b: Palafin|Palafin-Hero, L50, F\n|switch|p1b: Baxcalibur|Baxcalibur, L50, M|100\/100\n|move|p2a: Murkrow|Tailwind|p2a: Murkrow\n|-sidestart|p2: DarkFlame2013|move: Tailwind\n|move|p2b: Chi-Yu|Dark Pulse|p1a: Talonflame|[miss]\n|-miss|p2b: Chi-Yu|p1a: Talonflame\n|move|p1a: Talonflame|Tailwind|p1a: Talonflame\n|-sidestart|p1: sprendergast12|move: Tailwind\n|\n|-weather|SunnyDay|[upkeep]\n|upkeep\n|turn|3\n|inactive|DarkFlame2013 has 30 seconds left.\n|\n|t:|1682479300\n|move|p1a: Talonflame|Flare Blitz|p2a: Murkrow\n|-damage|p2a: Murkrow|23\/100\n|-damage|p1a: Talonflame|46\/100|[from] Recoil\n|move|p2b: Chi-Yu|Heat Wave|p1b: Baxcalibur|[spread] p1b\n|-miss|p2b: Chi-Yu|p1a: Talonflame\n|-damage|p1b: Baxcalibur|0 fnt\n|faint|p1b: Baxcalibur\n|-damage|p2b: Chi-Yu|90\/100|[from] item: Life Orb\n|move|p2a: Murkrow|Foul Play|p1a: Talonflame\n|-damage|p1a: Talonflame|0 fnt\n|faint|p1a: Talonflame\n|\n|-weather|SunnyDay|[upkeep]\n|upkeep\n|\n|t:|1682479316\n|switch|p1a: Iron Hands|Iron Hands, L50|100\/100\n|switch|p1b: Palafin|Palafin-Hero, L50, F|100\/100\n|-activate|p1b: Palafin|ability: Zero to Hero\n|turn|4\n|\n|t:|1682479339\n|move|p1a: Iron Hands|Fake Out|p2b: Chi-Yu\n|-damage|p2b: Chi-Yu|65\/100\n|move|p1b: Palafin|Jet Punch|p2a: Murkrow\n|-damage|p2a: Murkrow|0 fnt\n|faint|p2a: Murkrow\n|cant|p2b: Chi-Yu|flinch\n|\n|-weather|SunnyDay|[upkeep]\n|upkeep\n|\n|t:|1682479346\n|switch|p2a: Corviknight|Corviknight, L50, M, shiny|100\/100\n|turn|5\n|\n|t:|1682479360\n|move|p1b: Palafin|Protect|p1b: Palafin\n|-singleturn|p1b: Palafin|Protect\n|move|p2b: Chi-Yu|Overheat|p1a: Iron Hands\n|-crit|p1a: Iron Hands\n|-damage|p1a: Iron Hands|0 fnt\n|-unboost|p2b: Chi-Yu|spa|2\n|faint|p1a: Iron Hands\n|-end|p1a: Iron Hands|Quark Drive|[silent]\n|-damage|p2b: Chi-Yu|55\/100|[from] item: Life Orb\n|move|p2a: Corviknight|Brave Bird|p1b: Palafin\n|-activate|p1b: Palafin|move: Protect\n|\n|-weather|none\n|-sideend|p1: sprendergast12|move: Tailwind\n|-sideend|p2: DarkFlame2013|move: Tailwind\n|upkeep\n|turn|6\n|\n|t:|1682479383\n|-terastallize|p1b: Palafin|Water\n|move|p2b: Chi-Yu|Dark Pulse|p1b: Palafin\n|-damage|p1b: Palafin|61\/100\n|-damage|p2b: Chi-Yu|45\/100|[from] item: Life Orb\n|move|p1b: Palafin|Wave Crash|p2a: Corviknight\n|-damage|p2a: Corviknight|0 fnt\n|faint|p2a: Corviknight\n|-damage|p1b: Palafin|25\/100|[from] Recoil\n|\n|upkeep\n|turn|7\n|\n|t:|1682479397\n|move|p2b: Chi-Yu|Protect|p2b: Chi-Yu\n|-singleturn|p2b: Chi-Yu|Protect\n|move|p1b: Palafin|Jet Punch|p2b: Chi-Yu\n|-activate|p2b: Chi-Yu|move: Protect\n|\n|upkeep\n|turn|8\n|\n|t:|1682479404\n|move|p1b: Palafin|Jet Punch|p2b: Chi-Yu\n|-supereffective|p2b: Chi-Yu\n|-crit|p2b: Chi-Yu\n|-damage|p2b: Chi-Yu|0 fnt\n|faint|p2b: Chi-Yu\n|\n|win|sprendergast12\n|raw|sprendergast12's rating: 1175 → 1201<\/strong> (+26 for winning)\n|raw|DarkFlame2013's rating: 1192 → 1166<\/strong> (-26 for losing)\n|l|\u2606sprendergast12\n","uploadtime":1682479436,"views":18,"p1id":"sprendergast12","p2id":"darkflame2013","formatid":"gen9vgc2023regulationc","rating":1166,"private":0,"password":""}