{"id":"gen9vgc2023regulationc-1861090396","p1":"icetypetrainer8","p2":"SpikeMike","format":"[Gen 9] VGC 2023 Regulation C","log":"|j|\u2606icetypetrainer8\n|j|\u2606SpikeMike\n|t:|1683725624\n|gametype|doubles\n|player|p1|icetypetrainer8|102|1110\n|player|p2|SpikeMike|molayne|1082\n|teamsize|p1|6\n|teamsize|p2|6\n|gen|9\n|tier|[Gen 9] VGC 2023 Regulation C\n|rated|\n|rule|Species Clause: Limit one of each Pok\u00e9mon\n|rule|Item Clause: Limit one of each item\n|clearpoke\n|poke|p1|Indeedee, L50, M|\n|poke|p1|Armarouge, L50, M|\n|poke|p1|Kingambit, L50, F|\n|poke|p1|Torkoal, L50, F|\n|poke|p1|Hatterene, L50, F|\n|poke|p1|Annihilape, L50, M|\n|poke|p2|Pelipper, L50, M|\n|poke|p2|Palafin, L50, M|\n|poke|p2|Amoonguss, L50, M|\n|poke|p2|Kingambit, L50, F|\n|poke|p2|Iron Bundle, L50|\n|poke|p2|Dondozo, L50, M|\n|teampreview|4\n|inactive|Battle timer is ON: inactive players will automatically lose when time's up. (requested by SpikeMike)\nicetypetrainer8 rejected open team sheets.\n|inactive|SpikeMike has 60 seconds left.\n|\n|t:|1683725664\n|start\n|switch|p1a: Torkoal|Torkoal, L50, F|100\/100\n|switch|p1b: Armarouge|Armarouge, L50, M|100\/100\n|switch|p2a: Checkmate nerd|Kingambit, L50, F, shiny|100\/100\n|switch|p2b: tehe bozo|Dondozo, L50, M|100\/100\n|-weather|SunnyDay|[from] ability: Drought|[of] p1a: Torkoal\n|turn|1\n|\n|t:|1683725683\n|move|p2a: Checkmate nerd|Protect|p2a: Checkmate nerd\n|-singleturn|p2a: Checkmate nerd|Protect\n|move|p2b: tehe bozo|Earthquake|p1b: Armarouge|[spread] p1a,p1b\n|-activate|p2a: Checkmate nerd|move: Protect\n|-supereffective|p1a: Torkoal\n|-supereffective|p1b: Armarouge\n|-damage|p1a: Torkoal|63\/100\n|-damage|p1b: Armarouge|52\/100\n|move|p1a: Torkoal|Eruption|p2a: Checkmate nerd|[spread] p2b\n|-activate|p2a: Checkmate nerd|move: Protect\n|-resisted|p2b: tehe bozo\n|-damage|p2b: tehe bozo|82\/100\n|move|p1b: Armarouge|Trick Room|p1b: Armarouge\n|-fieldstart|move: Trick Room|[of] p1b: Armarouge\n|\n|-weather|SunnyDay|[upkeep]\n|upkeep\n|turn|2\n|inactive|SpikeMike has 30 seconds left.\n|inactive|SpikeMike has 20 seconds left.\n|\n|t:|1683725719\n|move|p2a: Checkmate nerd|Sucker Punch|p1a: Torkoal\n|-damage|p1a: Torkoal|27\/100\n|move|p1a: Torkoal|Eruption|p2b: tehe bozo|[spread] p2a,p2b\n|-supereffective|p2a: Checkmate nerd\n|-resisted|p2b: tehe bozo\n|-damage|p2a: Checkmate nerd|49\/100\n|-damage|p2b: tehe bozo|74\/100\n|move|p2b: tehe bozo|Rock Slide|p1a: Torkoal|[spread] p1a,p1b\n|-supereffective|p1a: Torkoal\n|-supereffective|p1b: Armarouge\n|-damage|p1a: Torkoal|1\/100\n|-damage|p1b: Armarouge|19\/100\n|move|p1b: Armarouge|Armor Cannon|p2a: Checkmate nerd\n|-supereffective|p2a: Checkmate nerd\n|-damage|p2a: Checkmate nerd|0 fnt\n|-unboost|p1b: Armarouge|def|1\n|-unboost|p1b: Armarouge|spd|1\n|faint|p2a: Checkmate nerd\n|\n|-weather|SunnyDay|[upkeep]\n|upkeep\n|inactive|SpikeMike has 30 seconds left.\n|\n|t:|1683725745\n|switch|p2a: What the flipper?|Pelipper, L50, M|100\/100\n|-weather|RainDance|[from] ability: Drizzle|[of] p2a: What the flipper?\n|turn|3\n|\n|t:|1683725763\n|move|p2a: What the flipper?|Protect|p2a: What the flipper?\n|-singleturn|p2a: What the flipper?|Protect\n|move|p1a: Torkoal|Earth Power|p2b: tehe bozo\n|-damage|p2b: tehe bozo|57\/100\n|move|p2b: tehe bozo|Earthquake|p1a: Torkoal|[spread] p1a,p1b\n|-activate|p2a: What the flipper?|move: Protect\n|-supereffective|p1a: Torkoal\n|-crit|p1a: Torkoal\n|-supereffective|p1b: Armarouge\n|-damage|p1a: Torkoal|0 fnt\n|-damage|p1b: Armarouge|0 fnt\n|faint|p1a: Torkoal\n|faint|p1b: Armarouge\n|\n|-weather|RainDance|[upkeep]\n|upkeep\n|\n|t:|1683725777\n|switch|p1a: Indeedee|Indeedee, L50, M|100\/100\n|switch|p1b: Hatterene|Hatterene, L50, F|100\/100\n|-fieldstart|move: Psychic Terrain|[from] ability: Psychic Surge|[of] p1a: Indeedee\n|-enditem|p1a: Indeedee|Psychic Seed\n|-boost|p1a: Indeedee|spd|1|[from] item: Psychic Seed\n|turn|4\n|\n|t:|1683725800\n|move|p1b: Hatterene|Psychic|p2a: What the flipper?\n|-damage|p2a: What the flipper?|0 fnt\n|faint|p2a: What the flipper?\n|-damage|p1b: Hatterene|91\/100|[from] item: Life Orb\n|move|p2b: tehe bozo|Rock Slide|p1a: Indeedee|[spread] p1a,p1b\n|-damage|p1a: Indeedee|69\/100\n|-damage|p1b: Hatterene|69\/100\n|cant|p1a: Indeedee|flinch\n|\n|-weather|RainDance|[upkeep]\n|upkeep\n|\n|t:|1683725810\n|switch|p2a: Wait let him cook|Amoonguss, L50, M|100\/100\n|turn|5\n|\n|t:|1683725828\n|move|p1b: Hatterene|Psychic|p2a: Wait let him cook\n|-supereffective|p2a: Wait let him cook\n|-damage|p2a: Wait let him cook|0 fnt\n|faint|p2a: Wait let him cook\n|-damage|p1b: Hatterene|60\/100|[from] item: Life Orb\n|move|p2b: tehe bozo|Rock Slide|p1b: Hatterene|[spread] p1a,p1b\n|-damage|p1a: Indeedee|40\/100\n|-damage|p1b: Hatterene|40\/100\n|move|p1a: Indeedee|Dazzling Gleam|p2b: tehe bozo\n|-damage|p2b: tehe bozo|44\/100\n|\n|-weather|RainDance|[upkeep]\n|-fieldend|move: Trick Room\n|upkeep\n|turn|6\n|inactive|SpikeMike has 30 seconds left.\n|\n|t:|1683725859\n|-terastallize|p2b: tehe bozo|Water\n|move|p1a: Indeedee|Helping Hand|p1b: Hatterene\n|-singleturn|p1b: Hatterene|Helping Hand|[of] p1a: Indeedee\n|move|p2b: tehe bozo|Waterfall|p1b: Hatterene\n|-damage|p1b: Hatterene|0 fnt\n|faint|p1b: Hatterene\n|\n|-weather|RainDance|[upkeep]\n|upkeep\n|turn|7\n|\n|t:|1683725876\n|move|p1a: Indeedee|Dazzling Gleam|p2b: tehe bozo\n|-damage|p2b: tehe bozo|30\/100\n|move|p2b: tehe bozo|Waterfall|p1a: Indeedee\n|-damage|p1a: Indeedee|0 fnt\n|faint|p1a: Indeedee\n|\n|win|SpikeMike\n|raw|icetypetrainer8's rating: 1110 → 1083<\/strong> (-27 for losing)\n|raw|SpikeMike's rating: 1082 → 1112<\/strong> (+30 for winning)\n|l|\u2606icetypetrainer8\n","uploadtime":1683725884,"views":17,"p1id":"icetypetrainer8","p2id":"spikemike","formatid":"gen9vgc2023regulationc","rating":1083,"private":0,"password":""}