{"id":"gen9vgc2023regulationc-1858252822","p1":"bambambi","p2":"shiro07","format":"[Gen 9] VGC 2023 Regulation C","log":"|j|\u2606bambambi\n|j|\u2606shiro07\n|t:|1683295543\n|gametype|doubles\n|player|p1|bambambi|wallace-gen6|\n|player|p2|shiro07|kris-masters|\n|teamsize|p1|6\n|teamsize|p2|6\n|gen|9\n|tier|[Gen 9] VGC 2023 Regulation C\n|rule|Species Clause: Limit one of each Pok\u00e9mon\n|rule|Item Clause: Limit one of each item\n|clearpoke\n|poke|p1|Flutter Mane, L50|\n|poke|p1|Gothitelle, L50, F|\n|poke|p1|Scream Tail, L50|\n|poke|p1|Chi-Yu, L50|\n|poke|p1|Amoonguss, L50, F|\n|poke|p1|Palafin, L50, F|\n|poke|p2|Garganacl, L50, M|\n|poke|p2|Hatterene, L50, F|\n|poke|p2|Wo-Chien, L50|\n|poke|p2|Iron Hands, L50|\n|poke|p2|Maushold-Four, L50|\n|poke|p2|Volcarona, L50, M|\n|teampreview|4\nbambambi has agreed to open team sheets.\n|c|\u2606bambambi|go ahead and set timer when youre ready\n|\n|t:|1683295576\n|start\n|switch|p1a: SSJ3 Jiggly|Scream Tail, L50, shiny|100\/100\n|switch|p1b: ALLMIGHT|Palafin, L50, F, shiny|100\/100\n|switch|p2a: Iron Hands|Iron Hands, L50|100\/100\n|switch|p2b: Volcarona|Volcarona, L50, M|100\/100\n|-enditem|p1a: SSJ3 Jiggly|Booster Energy\n|-activate|p1a: SSJ3 Jiggly|ability: Protosynthesis|[fromitem]\n|-start|p1a: SSJ3 Jiggly|protosynthesisspe\n|turn|1\n|inactive|Battle timer is ON: inactive players will automatically lose when time's up. (requested by shiro07)\n|inactive|bambambi also wants the timer to be on.\n|\n|t:|1683295623\n|-terastallize|p2b: Volcarona|Water\n|move|p1a: SSJ3 Jiggly|Protect|p1a: SSJ3 Jiggly\n|-singleturn|p1a: SSJ3 Jiggly|Protect\n|move|p1b: ALLMIGHT|Protect|p1b: ALLMIGHT\n|-singleturn|p1b: ALLMIGHT|Protect\n|move|p2a: Iron Hands|Fake Out|p1a: SSJ3 Jiggly\n|-activate|p1a: SSJ3 Jiggly|move: Protect\n|move|p2b: Volcarona|Quiver Dance|p2b: Volcarona\n|-boost|p2b: Volcarona|spa|1\n|-boost|p2b: Volcarona|spd|1\n|-boost|p2b: Volcarona|spe|1\n|\n|upkeep\n|turn|2\n|c|\u2606shiro07|Also forgot to meantion i did swap the 2 healing berries in between\n|inactive|shiro07 has 30 seconds left.\n|\n|t:|1683295652\n|detailschange|p1b: ALLMIGHT|Palafin-Hero, L50, F, shiny\n|switch|p1b: Ironmouse|Gothitelle, L50, F, shiny|100\/100\n|move|p1a: SSJ3 Jiggly|Perish Song|p1a: SSJ3 Jiggly\n|-start|p1a: SSJ3 Jiggly|perish3|[silent]\n|-start|p1b: Ironmouse|perish3|[silent]\n|-start|p2a: Iron Hands|perish3|[silent]\n|-start|p2b: Volcarona|perish3|[silent]\n|-fieldactivate|move: Perish Song\n|move|p2b: Volcarona|Bug Buzz|p1b: Ironmouse\n|-supereffective|p1b: Ironmouse\n|-damage|p1b: Ironmouse|0 fnt\n|faint|p1b: Ironmouse\n|move|p2a: Iron Hands|Wild Charge|p1a: SSJ3 Jiggly\n|-damage|p1a: SSJ3 Jiggly|56\/100\n|-damage|p2a: Iron Hands|91\/100|[from] Recoil\n|\n|-start|p1a: SSJ3 Jiggly|perish3\n|-start|p2b: Volcarona|perish3\n|-start|p2a: Iron Hands|perish3\n|upkeep\n|c|\u2606bambambi|between this match and last?\n|c|\u2606bambambi|just now?\n|c|\u2606bambambi|Or between sets\n|\n|t:|1683295670\n|switch|p1b: Pearls|Flutter Mane, L50|100\/100\n|turn|3\n|\n|t:|1683295688\n|move|p1a: SSJ3 Jiggly|Play Rough|p2a: Iron Hands\n|-supereffective|p2a: Iron Hands\n|-damage|p2a: Iron Hands|61\/100\n|move|p2b: Volcarona|Quiver Dance|p2b: Volcarona\n|-boost|p2b: Volcarona|spa|1\n|-boost|p2b: Volcarona|spd|1\n|-boost|p2b: Volcarona|spe|1\n|move|p1b: Pearls|Dazzling Gleam|p2b: Volcarona|[spread] p2a,p2b\n|-supereffective|p2a: Iron Hands\n|-damage|p2a: Iron Hands|21\/100\n|-damage|p2b: Volcarona|86\/100\n|move|p2a: Iron Hands|Wild Charge|p1b: Pearls\n|-enditem|p1b: Pearls|Focus Sash\n|-damage|p1b: Pearls|1\/100\n|-damage|p2a: Iron Hands|7\/100|[from] Recoil\n|\n|-start|p2b: Volcarona|perish2\n|-start|p1a: SSJ3 Jiggly|perish2\n|-start|p2a: Iron Hands|perish2\n|upkeep\n|turn|4\n|\n|t:|1683295704\n|move|p1b: Pearls|Protect|p1b: Pearls\n|-singleturn|p1b: Pearls|Protect\n|move|p2b: Volcarona|Heat Wave|p1a: SSJ3 Jiggly|[spread] \n|-activate|p1b: Pearls|move: Protect\n|-miss|p2b: Volcarona|p1a: SSJ3 Jiggly\n|move|p1a: SSJ3 Jiggly|Play Rough|p2a: Iron Hands\n|-supereffective|p2a: Iron Hands\n|-damage|p2a: Iron Hands|0 fnt\n|faint|p2a: Iron Hands\n|-end|p2a: Iron Hands|Quark Drive|[silent]\n|\n|-start|p2b: Volcarona|perish1\n|-start|p1a: SSJ3 Jiggly|perish1\n|upkeep\n|\n|t:|1683295709\n|switch|p2a: Garganacl|Garganacl, L50, M|100\/100\n|turn|5\n|c|\u2606bambambi|rough\n|inactive|bambambi has 30 seconds left.\n|inactive|bambambi has 20 seconds left.\n|inactive|bambambi has 15 seconds left.\n|\n|t:|1683295752\n|switch|p2b: Maushold|Maushold-Four, L50|100\/100\n|move|p1a: SSJ3 Jiggly|Perish Song|p1a: SSJ3 Jiggly\n|-start|p1b: Pearls|perish3|[silent]\n|-start|p2a: Garganacl|perish3|[silent]\n|-start|p2b: Maushold|perish3|[silent]\n|-fieldactivate|move: Perish Song\n|move|p1b: Pearls|Shadow Ball|p2b: Maushold\n|-immune|p2b: Maushold\n|move|p2a: Garganacl|Salt Cure|p1b: Pearls\n|-damage|p1b: Pearls|0 fnt\n|faint|p1b: Pearls\n|-end|p1b: Pearls|Protosynthesis|[silent]\n|\n|-start|p1a: SSJ3 Jiggly|perish0\n|-start|p2b: Maushold|perish3\n|faint|p1a: SSJ3 Jiggly\n|-end|p1a: SSJ3 Jiggly|Protosynthesis|[silent]\n|-start|p2a: Garganacl|perish3\n|upkeep\n|\n|t:|1683295757\n|switch|p1a: ALLMIGHT|Palafin-Hero, L50, F, shiny|100\/100\n|-activate|p1a: ALLMIGHT|ability: Zero to Hero\n|turn|6\n|\n|t:|1683295771\n|-terastallize|p1a: ALLMIGHT|Water\n|move|p2b: Maushold|Super Fang|p1a: ALLMIGHT|[miss]\n|-miss|p2b: Maushold|p1a: ALLMIGHT\n|move|p1a: ALLMIGHT|Close Combat|p2b: Maushold\n|-supereffective|p2b: Maushold\n|-damage|p2b: Maushold|0 fnt\n|-unboost|p1a: ALLMIGHT|def|1\n|-unboost|p1a: ALLMIGHT|spd|1\n|faint|p2b: Maushold\n|move|p2a: Garganacl|Salt Cure|p1a: ALLMIGHT\n|-damage|p1a: ALLMIGHT|82\/100\n|-start|p1a: ALLMIGHT|Salt Cure\n|\n|-damage|p1a: ALLMIGHT|57\/100|[from] Salt Cure\n|-start|p2a: Garganacl|perish2\n|upkeep\n|\n|t:|1683295775\n|switch|p2b: Volcarona|Volcarona, L50, M, tera:Water|86\/100\n|turn|7\n|\n|t:|1683295785\n|move|p2b: Volcarona|Protect|p2b: Volcarona\n|-singleturn|p2b: Volcarona|Protect\n|move|p1a: ALLMIGHT|Close Combat|p2b: Volcarona\n|-activate|p2b: Volcarona|move: Protect\n|move|p2a: Garganacl|Body Press|p1a: ALLMIGHT\n|-damage|p1a: ALLMIGHT|24\/100\n|\n|-damage|p1a: ALLMIGHT|0 fnt|[from] Salt Cure\n|faint|p1a: ALLMIGHT\n|\n|win|shiro07\n|upkeep\n","uploadtime":1683295793,"views":8,"p1id":"bambambi","p2id":"shiro07","formatid":"gen9vgc2023regulationc","rating":0,"private":0,"password":""}