{"id":"gen9vgc2023regulationc-1850593738","p1":"Rando4023","p2":"xiaoyang2004","format":"[Gen 9] VGC 2023 Regulation C","log":"|j|\u2606Rando4023\n|j|\u2606xiaoyang2004\n|t:|1682351461\n|gametype|doubles\n|player|p1|Rando4023|red|\n|player|p2|xiaoyang2004|lyra|\n|teamsize|p1|6\n|teamsize|p2|6\n|gen|9\n|tier|[Gen 9] VGC 2023 Regulation C\n|rule|Species Clause: Limit one of each Pok\u00e9mon\n|rule|Item Clause: Limit one of each item\n|clearpoke\n|poke|p1|Lucario, L50, M|\n|poke|p1|Amoonguss, L50, F|\n|poke|p1|Talonflame, L50, M|\n|poke|p1|Flutter Mane, L50|\n|poke|p1|Garchomp, L50, F|\n|poke|p1|Palafin, L50, M|\n|poke|p2|Pelipper, L50, M|\n|poke|p2|Iron Hands, L50|\n|poke|p2|Palafin, L50, M|\n|poke|p2|Gholdengo, L50|\n|poke|p2|Drednaw, L50, M|\n|poke|p2|Chien-Pao, L50|\n|teampreview|4\n|inactive|Battle timer is ON: inactive players will automatically lose when time's up. (requested by Rando4023)\n|\n|t:|1682351505\n|start\n|switch|p1a: Talonflame|Talonflame, L50, M|100\/100\n|switch|p1b: Garchomp|Garchomp, L50, F|100\/100\n|switch|p2a: Palafin|Palafin, L50, M, shiny|100\/100\n|switch|p2b: Drednaw|Drednaw, L50, M, shiny|100\/100\n|turn|1\n|inactive|Rando4023 has 30 seconds left.\n|\n|t:|1682351538\n|detailschange|p2a: Palafin|Palafin-Hero, L50, M, shiny\n|switch|p2a: Pelipper|Pelipper, L50, M, shiny|100\/100\n|-weather|RainDance|[from] ability: Drizzle|[of] p2a: Pelipper\n|-terastallize|p2b: Drednaw|Grass\n|move|p1a: Talonflame|Tailwind|p1a: Talonflame\n|-sidestart|p1: Rando4023|move: Tailwind\n|move|p1b: Garchomp|Dragon Claw|p2a: Pelipper\n|-damage|p2a: Pelipper|53\/100\n|move|p2b: Drednaw|Rock Slide|p1a: Talonflame|[spread] p1a,p1b\n|-supereffective|p1a: Talonflame\n|-resisted|p1b: Garchomp\n|-damage|p1a: Talonflame|0 fnt\n|-damage|p1b: Garchomp|88\/100\n|faint|p1a: Talonflame\n|\n|-weather|RainDance|[upkeep]\n|upkeep\n|\n|t:|1682351553\n|switch|p1a: Flutter Mane|Flutter Mane, L50|100\/100\n|-enditem|p1a: Flutter Mane|Booster Energy\n|-activate|p1a: Flutter Mane|ability: Protosynthesis|[fromitem]\n|-start|p1a: Flutter Mane|protosynthesisspa\n|turn|2\n|\n|t:|1682351573\n|-terastallize|p1a: Flutter Mane|Fairy\n|move|p2b: Drednaw|Protect|p2b: Drednaw\n|-singleturn|p2b: Drednaw|Protect\n|move|p2a: Pelipper|Protect|p2a: Pelipper\n|-singleturn|p2a: Pelipper|Protect\n|move|p1a: Flutter Mane|Dazzling Gleam|p2b: Drednaw|[spread] \n|-activate|p2a: Pelipper|move: Protect\n|-activate|p2b: Drednaw|move: Protect\n|move|p1b: Garchomp|Dragon Claw|p2b: Drednaw\n|-activate|p2b: Drednaw|move: Protect\n|\n|-weather|RainDance|[upkeep]\n|upkeep\n|turn|3\n|inactive|Rando4023 has 30 seconds left.\n|inactive|Rando4023 has 20 seconds left.\n|\n|t:|1682351609\n|move|p1a: Flutter Mane|Dazzling Gleam|p2a: Pelipper|[spread] p2a,p2b\n|-damage|p2a: Pelipper|0 fnt\n|-damage|p2b: Drednaw|18\/100\n|faint|p2a: Pelipper\n|move|p1b: Garchomp|Dragon Claw|p2b: Drednaw\n|-damage|p2b: Drednaw|0 fnt\n|faint|p2b: Drednaw\n|\n|-weather|RainDance|[upkeep]\n|upkeep\n|\n|t:|1682351617\n|switch|p2b: Chien-Pao|Chien-Pao, L50|100\/100\n|switch|p2a: Palafin|Palafin-Hero, L50, M, shiny|100\/100\n|-ability|p2b: Chien-Pao|Sword of Ruin\n|-activate|p2a: Palafin|ability: Zero to Hero\n|turn|4\n|inactive|Rando4023 has 30 seconds left.\n|\n|t:|1682351646\n|move|p1a: Flutter Mane|Protect|p1a: Flutter Mane\n|-singleturn|p1a: Flutter Mane|Protect\n|move|p2b: Chien-Pao|Protect|p2b: Chien-Pao\n|-singleturn|p2b: Chien-Pao|Protect\n|move|p2a: Palafin|Protect|p2a: Palafin\n|-singleturn|p2a: Palafin|Protect\n|move|p1b: Garchomp|Earthquake|p2b: Chien-Pao|[spread] \n|-activate|p1a: Flutter Mane|move: Protect\n|-activate|p2a: Palafin|move: Protect\n|-activate|p2b: Chien-Pao|move: Protect\n|\n|-weather|RainDance|[upkeep]\n|-sideend|p1: Rando4023|move: Tailwind\n|upkeep\n|turn|5\n|inactive|xiaoyang2004 has 30 seconds left.\n|\n|t:|1682351671\n|-end|p1a: Flutter Mane|Protosynthesis|[silent]\n|switch|p1a: Lucario|Lucario, L50, M|100\/100\n|move|p1b: Garchomp|Protect|p1b: Garchomp\n|-singleturn|p1b: Garchomp|Protect\n|move|p2a: Palafin|Jet Punch|p1a: Lucario\n|-damage|p1a: Lucario|0 fnt\n|faint|p1a: Lucario\n|move|p2b: Chien-Pao|Ice Spinner|p1b: Garchomp\n|-activate|p1b: Garchomp|move: Protect\n|\n|-weather|RainDance|[upkeep]\n|upkeep\n|\n|t:|1682351680\n|switch|p1a: Flutter Mane|Flutter Mane, L50, tera:Fairy|100\/100\n|turn|6\n|\n|t:|1682351699\n|move|p2a: Palafin|Jet Punch|p1a: Flutter Mane\n|-damage|p1a: Flutter Mane|0 fnt\n|faint|p1a: Flutter Mane\n|-end|p1a: Flutter Mane|Protosynthesis|[silent]\n|move|p2b: Chien-Pao|Ice Spinner|p1b: Garchomp\n|-supereffective|p1b: Garchomp\n|-damage|p1b: Garchomp|0 fnt\n|-damage|p2b: Chien-Pao|88\/100|[from] ability: Rough Skin|[of] p1b: Garchomp\n|faint|p1b: Garchomp\n|\n|win|xiaoyang2004\n|l|\u2606Rando4023\n","uploadtime":1682351709,"views":13,"p1id":"rando4023","p2id":"xiaoyang2004","formatid":"gen9vgc2023regulationc","rating":0,"private":0,"password":""}