{"id":"gen9vgc2023regulationc-1855443376","p1":"Maaato","p2":"Ricardo Randorez","format":"[Gen 9] VGC 2023 Regulation C","log":"|j|\u2606Maaato\n|j|\u2606Ricardo Randorez\n|t:|1682951919\n|gametype|doubles\n|player|p1|Maaato|102|1199\n|player|p2|Ricardo Randorez|1|1163\n|teamsize|p1|6\n|teamsize|p2|6\n|gen|9\n|tier|[Gen 9] VGC 2023 Regulation C\n|rated|\n|rule|Species Clause: Limit one of each Pok\u00e9mon\n|rule|Item Clause: Limit one of each item\n|clearpoke\n|poke|p1|Chien-Pao, L50|\n|poke|p1|Garchomp, L50, F|\n|poke|p1|Scizor, L50, F|\n|poke|p1|Gyarados, L50, F|\n|poke|p1|Farigiraf, L50, F|\n|poke|p1|Iron Hands, L50|\n|poke|p2|Glimmora, L50, M|\n|poke|p2|Maushold-Four, L50|\n|poke|p2|Dondozo, L50, M|\n|poke|p2|Tatsugiri, L50, F|\n|poke|p2|Garganacl, L50, F|\n|poke|p2|Wo-Chien, L50|\n|teampreview|4\n|inactive|Battle timer is ON: inactive players will automatically lose when time's up. (requested by Ricardo Randorez)\n|\n|t:|1682951949\n|start\n|switch|p1a: Chien-Pao|Chien-Pao, L50|100\/100\n|switch|p1b: Scizor|Scizor, L50, F|100\/100\n|switch|p2a: Glimmora|Glimmora, L50, M, shiny|100\/100\n|switch|p2b: Maushold|Maushold-Four, L50|100\/100\n|-ability|p1a: Chien-Pao|Sword of Ruin\n|turn|1\n|c|\u2606Ricardo Randorez|Gl hf pal\n|\n|t:|1682951973\n|switch|p1a: Garchomp|Garchomp, L50, F, shiny|100\/100\n|move|p2b: Maushold|Feint|p2a: Glimmora\n|-resisted|p2a: Glimmora\n|-damage|p2a: Glimmora|98\/100\n|-activate|p2a: Glimmora|ability: Toxic Debris\n|-sidestart|p1: Maaato|move: Toxic Spikes\n|move|p2a: Glimmora|Power Gem|p1a: Garchomp\n|-resisted|p1a: Garchomp\n|-damage|p1a: Garchomp|80\/100\n|move|p1b: Scizor|Close Combat|p2b: Maushold\n|-supereffective|p2b: Maushold\n|-damage|p2b: Maushold|0 fnt\n|-unboost|p1b: Scizor|def|1\n|-unboost|p1b: Scizor|spd|1\n|faint|p2b: Maushold\n|\n|upkeep\n|\n|t:|1682951994\n|switch|p2b: Wo-Chien|Wo-Chien, L50|100\/100\n|-ability|p2b: Wo-Chien|Tablets of Ruin\n|turn|2\n|\n|t:|1682952016\n|-terastallize|p2b: Wo-Chien|Fairy\n|move|p1a: Garchomp|Outrage|p2b: Wo-Chien\n|-immune|p2b: Wo-Chien\n|move|p2a: Glimmora|Mortal Spin|p1a: Garchomp|[spread] p1a\n|-immune|p1b: Scizor\n|-resisted|p1a: Garchomp\n|-damage|p1a: Garchomp|78\/100\n|-status|p1a: Garchomp|psn\n|-damage|p2a: Glimmora|86\/100|[from] ability: Rough Skin|[of] p1a: Garchomp\n|move|p2b: Wo-Chien|Leech Seed|p1b: Scizor\n|-start|p1b: Scizor|move: Leech Seed\n|move|p1b: Scizor|Close Combat|p2a: Glimmora\n|-damage|p2a: Glimmora|43\/100\n|-unboost|p1b: Scizor|def|1\n|-unboost|p1b: Scizor|spd|1\n|-activate|p2a: Glimmora|ability: Toxic Debris\n|-sidestart|p1: Maaato|move: Toxic Spikes\n|\n|-damage|p1b: Scizor|88\/100|[from] Leech Seed|[of] p2b: Wo-Chien\n|-damage|p1a: Garchomp|66\/100 psn|[from] psn\n|upkeep\n|turn|3\n|inactive|Maaato has 30 seconds left.\n|inactive|Ricardo Randorez has 30 seconds left.\n|\n|t:|1682952051\n|switch|p1a: Farigiraf|Farigiraf, L50, F, shiny|100\/100\n|-status|p1a: Farigiraf|tox\n|switch|p1b: Chien-Pao|Chien-Pao, L50|100\/100\n|-status|p1b: Chien-Pao|tox\n|-ability|p1b: Chien-Pao|Sword of Ruin\n|move|p2a: Glimmora|Earth Power|p1b: Chien-Pao\n|-damage|p1b: Chien-Pao|55\/100 tox\n|move|p2b: Wo-Chien|Leech Seed|p1a: Farigiraf\n|-start|p1a: Farigiraf|move: Leech Seed\n|\n|-damage|p1a: Farigiraf|88\/100 tox|[from] Leech Seed|[of] p2b: Wo-Chien\n|-damage|p1b: Chien-Pao|49\/100 tox|[from] psn\n|-damage|p1a: Farigiraf|82\/100 tox|[from] psn\n|upkeep\n|turn|4\n|inactive|Maaato has 30 seconds left.\n|inactive|Ricardo Randorez has 30 seconds left.\n|inactive|Ricardo Randorez has 20 seconds left.\n|inactive|Ricardo Randorez has 15 seconds left.\n|\n|t:|1682952094\n|switch|p1b: Scizor|Scizor, L50, F|88\/100\n|move|p2a: Glimmora|Sludge Bomb|p1a: Farigiraf\n|-damage|p1a: Farigiraf|41\/100 tox\n|move|p2b: Wo-Chien|Leech Seed|p1b: Scizor\n|-start|p1b: Scizor|move: Leech Seed\n|move|p1a: Farigiraf|Psychic|p2a: Glimmora\n|-supereffective|p2a: Glimmora\n|-damage|p2a: Glimmora|0 fnt\n|faint|p2a: Glimmora\n|\n|-damage|p1b: Scizor|76\/100|[from] Leech Seed|[of] p2b: Wo-Chien\n|-damage|p1a: Farigiraf|29\/100 tox|[from] Leech Seed|[of] p2b: Wo-Chien\n|-damage|p1a: Farigiraf|16\/100 tox|[from] psn\n|upkeep\n|\n|t:|1682952109\n|switch|p2a: Garganacl|Garganacl, L50, F|100\/100\n|turn|5\n|\n|t:|1682952138\n|move|p1b: Scizor|Bullet Punch|p2b: Wo-Chien\n|-supereffective|p2b: Wo-Chien\n|-damage|p2b: Wo-Chien|36\/100\n|move|p2b: Wo-Chien|Pollen Puff|p2a: Garganacl\n|-immune|p2a: Garganacl\n|move|p1a: Farigiraf|Psychic|p2b: Wo-Chien\n|-damage|p2b: Wo-Chien|9\/100\n|move|p2a: Garganacl|Salt Cure|p1b: Scizor\n|-damage|p1b: Scizor|64\/100\n|-start|p1b: Scizor|Salt Cure\n|\n|-heal|p2b: Wo-Chien|15\/100|[from] item: Leftovers\n|-damage|p1b: Scizor|51\/100|[from] Leech Seed|[of] p2b: Wo-Chien\n|-heal|p2b: Wo-Chien|26\/100|[silent]\n|-damage|p1a: Farigiraf|4\/100 tox|[from] Leech Seed|[of] p2b: Wo-Chien\n|-heal|p2b: Wo-Chien|41\/100|[silent]\n|-damage|p1a: Farigiraf|0 fnt|[from] psn\n|faint|p1a: Farigiraf\n|-damage|p1b: Scizor|26\/100|[from] Salt Cure\n|upkeep\n|\n|t:|1682952161\n|switch|p1a: Chien-Pao|Chien-Pao, L50|49\/100 tox\n|-ability|p1a: Chien-Pao|Sword of Ruin\n|turn|6\n|\n|t:|1682952174\n|move|p2b: Wo-Chien|Protect|p2b: Wo-Chien\n|-singleturn|p2b: Wo-Chien|Protect\n|move|p1b: Scizor|Bullet Punch|p2b: Wo-Chien\n|-activate|p2b: Wo-Chien|move: Protect\n|move|p1a: Chien-Pao|Sacred Sword|p2a: Garganacl\n|-supereffective|p2a: Garganacl\n|-damage|p2a: Garganacl|66\/100\n|move|p2a: Garganacl|Salt Cure|p1a: Chien-Pao\n|-supereffective|p1a: Chien-Pao\n|-damage|p1a: Chien-Pao|22\/100 tox\n|-start|p1a: Chien-Pao|Salt Cure\n|\n|-heal|p2b: Wo-Chien|47\/100|[from] item: Leftovers\n|-damage|p1b: Scizor|14\/100|[from] Leech Seed|[of] p2b: Wo-Chien\n|-heal|p2b: Wo-Chien|58\/100|[silent]\n|-damage|p1a: Chien-Pao|16\/100 tox|[from] psn\n|-damage|p1a: Chien-Pao|4\/100 tox|[from] Salt Cure\n|-damage|p1b: Scizor|0 fnt|[from] Salt Cure\n|faint|p1b: Scizor\n|upkeep\n|\n|t:|1682952193\n|switch|p1b: Garchomp|Garchomp, L50, F, shiny|66\/100 psn\n|turn|7\n|inactive|Maaato has 30 seconds left.\n|l|\u2606Ricardo Randorez\n|inactive|Ricardo Randorez disconnected and has a minute to reconnect!\n|player|p2|\n|inactive|Maaato has 20 seconds left.\n|\n|t:|1682952231\n|-terastallize|p1b: Garchomp|Ground\n|move|p1a: Chien-Pao|Sucker Punch||[still]\n|-fail|p1a: Chien-Pao\n|move|p1b: Garchomp|Earthquake|p2a: Garganacl|[spread] p1a,p2a,p2b\n|-crit|p1a: Chien-Pao\n|-supereffective|p2a: Garganacl\n|-damage|p1a: Chien-Pao|0 fnt\n|-damage|p2a: Garganacl|14\/100\n|-damage|p2b: Wo-Chien|14\/100\n|-enditem|p2a: Garganacl|Sitrus Berry|[eat]\n|-heal|p2a: Garganacl|38\/100|[from] item: Sitrus Berry\n|faint|p1a: Chien-Pao\n|move|p2b: Wo-Chien|Leech Seed|p1b: Garchomp\n|-start|p1b: Garchomp|move: Leech Seed\n|move|p2a: Garganacl|Recover|p2a: Garganacl\n|-heal|p2a: Garganacl|88\/100\n|\n|-heal|p2b: Wo-Chien|20\/100|[from] item: Leftovers\n|-damage|p1b: Garchomp|54\/100 psn|[from] Leech Seed|[of] p2b: Wo-Chien\n|-heal|p2b: Wo-Chien|32\/100|[silent]\n|-damage|p1b: Garchomp|42\/100 psn|[from] psn\n|upkeep\n|turn|8\n|j|\u2606Ricardo Randorez\n|inactive|Ricardo Randorez reconnected and has 55 seconds left.\n|player|p2|Ricardo Randorez|1\n|\n|t:|1682952251\n|move|p2b: Wo-Chien|Protect|p2b: Wo-Chien\n|-singleturn|p2b: Wo-Chien|Protect\n|move|p1b: Garchomp|Earthquake|p2a: Garganacl|[spread] p2a\n|-activate|p2b: Wo-Chien|move: Protect\n|-supereffective|p2a: Garganacl\n|-damage|p2a: Garganacl|48\/100\n|move|p2a: Garganacl|Salt Cure|p1b: Garchomp\n|-resisted|p1b: Garchomp\n|-damage|p1b: Garchomp|37\/100 psn\n|-start|p1b: Garchomp|Salt Cure\n|\n|-heal|p2b: Wo-Chien|37\/100|[from] item: Leftovers\n|-damage|p1b: Garchomp|25\/100 psn|[from] Leech Seed|[of] p2b: Wo-Chien\n|-heal|p2b: Wo-Chien|49\/100|[silent]\n|-damage|p1b: Garchomp|13\/100 psn|[from] psn\n|-damage|p1b: Garchomp|1\/100 psn|[from] Salt Cure\n|upkeep\n|turn|9\n|inactive|Ricardo Randorez has 30 seconds left.\n|\n|t:|1682952279\n|move|p1b: Garchomp|Earthquake|p2a: Garganacl|[spread] p2a,p2b\n|-supereffective|p2a: Garganacl\n|-damage|p2a: Garganacl|3\/100\n|-damage|p2b: Wo-Chien|17\/100\n|move|p2b: Wo-Chien|Pollen Puff|p2a: Garganacl\n|-heal|p2a: Garganacl|53\/100\n|move|p2a: Garganacl|Iron Defense|p2a: Garganacl\n|-boost|p2a: Garganacl|def|2\n|\n|-heal|p2b: Wo-Chien|23\/100|[from] item: Leftovers\n|-damage|p1b: Garchomp|0 fnt|[from] Leech Seed|[of] p2b: Wo-Chien\n|-heal|p2b: Wo-Chien|24\/100|[silent]\n|faint|p1b: Garchomp\n|\n|win|Ricardo Randorez\n|upkeep\n|raw|Maaato's rating: 1199 → 1171<\/strong> (-28 for losing)\n|raw|Ricardo Randorez's rating: 1163 → 1191<\/strong> (+28 for winning)\n|c|\u2606Ricardo Randorez|Gg\n|c|\u2606Ricardo Randorez|i bicktory\n","uploadtime":1682952306,"views":19,"p1id":"maaato","p2id":"ricardorandorez","formatid":"gen9vgc2023regulationc","rating":1171,"private":0,"password":""}