{"id":"gen9vgc2023regulationc-1845363957","p1":"blackdoom1","p2":"Avenger5","format":"[Gen 9] VGC 2023 Regulation C","log":"|j|\u2606blackdoom1\n|j|\u2606Avenger5\n|t:|1681722145\n|gametype|doubles\n|player|p1|blackdoom1|2|1032\n|player|p2|Avenger5|lucas|1068\n|teamsize|p1|6\n|teamsize|p2|6\n|gen|9\n|tier|[Gen 9] VGC 2023 Regulation C\n|rated|\n|rule|Species Clause: Limit one of each Pok\u00e9mon\n|rule|Item Clause: Limit one of each item\n|clearpoke\n|poke|p1|Chien-Pao, L50|\n|poke|p1|Dragonite, L50, F|\n|poke|p1|Maushold, L50|\n|poke|p1|Annihilape, L50, M|\n|poke|p1|Farigiraf, L50, F|\n|poke|p1|Scizor, L50, M|\n|poke|p2|Chien-Pao, L50|\n|poke|p2|Hawlucha, L50, M|\n|poke|p2|Palafin, L50, M|\n|poke|p2|Arcanine, L50, M|\n|poke|p2|Tyranitar, L50, M|\n|poke|p2|Amoonguss, L50, M|\n|teampreview|4\n|inactive|Battle timer is ON: inactive players will automatically lose when time's up. (requested by Avenger5)\n|\n|t:|1681722208\n|start\n|switch|p1a: Maushold|Maushold, L50|100\/100\n|switch|p1b: Annihilape|Annihilape, L50, M|100\/100\n|switch|p2a: Chien-Pao|Chien-Pao, L50|100\/100\n|switch|p2b: Palafin|Palafin, L50, M|100\/100\n|-ability|p2a: Chien-Pao|Sword of Ruin\n|turn|1\n|inactive|blackdoom1 has 30 seconds left.\n|\n|t:|1681722241\n|move|p2a: Chien-Pao|Protect|p2a: Chien-Pao\n|-singleturn|p2a: Chien-Pao|Protect\n|move|p1a: Maushold|Follow Me|p1a: Maushold\n|-singleturn|p1a: Maushold|move: Follow Me\n|move|p2b: Palafin|Flip Turn|p1a: Maushold\n|-damage|p1a: Maushold|47\/100\n|\n|t:|1681722260\n|detailschange|p2b: Palafin|Palafin-Hero, L50, M\n|switch|p2b: Hawlucha|Hawlucha, L50, M|100\/100|[from] Flip Turn\n|move|p1b: Annihilape|Drain Punch|p2a: Chien-Pao\n|-activate|p2a: Chien-Pao|move: Protect\n|\n|upkeep\n|turn|2\n|\n|t:|1681722280\n|switch|p2a: Arcanine|Arcanine, L50, M|100\/100\n|-ability|p2a: Arcanine|Intimidate|boost\n|-unboost|p1a: Maushold|atk|1\n|-unboost|p1b: Annihilape|atk|1\n|-ability|p1b: Annihilape|Defiant|boost\n|-boost|p1b: Annihilape|atk|2\n|-enditem|p2b: Hawlucha|Mirror Herb\n|-boost|p2b: Hawlucha|atk|2|[from] item: Mirror Herb\n|-terastallize|p1b: Annihilape|Fire\n|move|p2b: Hawlucha|Acrobatics|p1b: Annihilape\n|-damage|p1b: Annihilape|37\/100\n|move|p1a: Maushold|Beat Up|p1b: Annihilape\n|-damage|p1b: Annihilape|37\/100\n|-crit|p1b: Annihilape\n|-damage|p1b: Annihilape|33\/100\n|-damage|p1b: Annihilape|32\/100\n|-damage|p1b: Annihilape|30\/100\n|-hitcount|p1b: Annihilape|4\n|move|p1b: Annihilape|Bulk Up|p1b: Annihilape\n|-boost|p1b: Annihilape|atk|1\n|-boost|p1b: Annihilape|def|1\n|\n|-heal|p1b: Annihilape|36\/100|[from] item: Leftovers\n|upkeep\n|turn|3\n|inactive|blackdoom1 has 30 seconds left.\n|inactive|Avenger5 has 30 seconds left.\n|inactive|blackdoom1 has 20 seconds left.\n|\n|t:|1681722316\n|-terastallize|p2a: Arcanine|Normal\n|move|p1a: Maushold|Follow Me|p1a: Maushold\n|-singleturn|p1a: Maushold|move: Follow Me\n|move|p2a: Arcanine|Extreme Speed|p1a: Maushold\n|-damage|p1a: Maushold|6\/100\n|move|p2b: Hawlucha|Acrobatics|p1a: Maushold\n|-damage|p1a: Maushold|0 fnt\n|faint|p1a: Maushold\n|move|p1b: Annihilape|Drain Punch|p2a: Arcanine\n|-supereffective|p2a: Arcanine\n|-damage|p2a: Arcanine|0 fnt\n|-heal|p1b: Annihilape|83\/100|[from] drain|[of] p2a: Arcanine\n|faint|p2a: Arcanine\n|\n|-heal|p1b: Annihilape|89\/100|[from] item: Leftovers\n|upkeep\n|\n|t:|1681722334\n|switch|p1a: Farigiraf|Farigiraf, L50, F|100\/100\n|switch|p2a: Chien-Pao|Chien-Pao, L50|100\/100\n|-ability|p2a: Chien-Pao|Sword of Ruin\n|turn|4\n|\n|t:|1681722352\n|move|p2b: Hawlucha|Acrobatics|p1b: Annihilape\n|-damage|p1b: Annihilape|4\/100\n|move|p2a: Chien-Pao|Sacred Sword|p1b: Annihilape\n|-damage|p1b: Annihilape|0 fnt\n|faint|p1b: Annihilape\n|move|p1a: Farigiraf|Trick Room|p1a: Farigiraf\n|-fieldstart|move: Trick Room|[of] p1a: Farigiraf\n|\n|upkeep\n|\n|t:|1681722361\n|switch|p1b: Dragonite|Dragonite, L50, F|100\/100\n|turn|5\n|\n|t:|1681722378\n|move|p2a: Chien-Pao|Protect|p2a: Chien-Pao\n|-singleturn|p2a: Chien-Pao|Protect\n|move|p1a: Farigiraf|Dazzling Gleam|p2a: Chien-Pao|[spread] p2b\n|-activate|p2a: Chien-Pao|move: Protect\n|-supereffective|p2b: Hawlucha\n|-damage|p2b: Hawlucha|51\/100\n|move|p1b: Dragonite|Iron Head|p2a: Chien-Pao\n|-activate|p2a: Chien-Pao|move: Protect\n|move|p2b: Hawlucha|Acrobatics|p1b: Dragonite\n|-damage|p1b: Dragonite|42\/100\n|\n|upkeep\n|turn|6\n|inactive|Avenger5 has 30 seconds left.\n|\n|t:|1681722406\n|move|p1b: Dragonite|Extreme Speed|p2b: Hawlucha\n|-damage|p2b: Hawlucha|0 fnt\n|faint|p2b: Hawlucha\n|move|p1a: Farigiraf|Dazzling Gleam|p2a: Chien-Pao\n|-supereffective|p2a: Chien-Pao\n|-damage|p2a: Chien-Pao|38\/100\n|move|p2a: Chien-Pao|Ice Spinner|p1b: Dragonite\n|-supereffective|p1b: Dragonite\n|-damage|p1b: Dragonite|0 fnt\n|faint|p1b: Dragonite\n|\n|upkeep\n|\n|t:|1681722423\n|switch|p2b: Palafin|Palafin-Hero, L50, M|100\/100\n|-activate|p2b: Palafin|ability: Zero to Hero\n|turn|7\n|\n|t:|1681722442\n|move|p1a: Farigiraf|Dazzling Gleam|p2a: Chien-Pao|[spread] p2a,p2b\n|-supereffective|p2a: Chien-Pao\n|-damage|p2a: Chien-Pao|0 fnt\n|-damage|p2b: Palafin|86\/100\n|faint|p2a: Chien-Pao\n|move|p2b: Palafin|Wave Crash|p1a: Farigiraf\n|-damage|p1a: Farigiraf|0 fnt\n|faint|p1a: Farigiraf\n|-damage|p2b: Palafin|50\/100|[from] Recoil\n|\n|win|Avenger5\n|raw|blackdoom1's rating: 1032 → 1019<\/strong> (-13 for losing)\n|raw|Avenger5's rating: 1068 → 1095<\/strong> (+27 for winning)\n","uploadtime":1681722453,"views":14,"p1id":"blackdoom1","p2id":"avenger5","formatid":"gen9vgc2023regulationc","rating":1019,"private":0,"password":""}