{"id":"gen9vgc2023regulationc-1851525008","p1":"mythical weavile","p2":"BIGDRAGONLIKEUGEOK","format":"[Gen 9] VGC 2023 Regulation C","log":"|j|\u2606mythical weavile\n|j|\u2606BIGDRAGONLIKEUGEOK\n|t:|1682452517\n|gametype|doubles\n|player|p1|mythical weavile|2|1432\n|player|p2|BIGDRAGONLIKEUGEOK|2|1343\n|teamsize|p1|6\n|teamsize|p2|6\n|gen|9\n|tier|[Gen 9] VGC 2023 Regulation C\n|rated|\n|rule|Species Clause: Limit one of each Pok\u00e9mon\n|rule|Item Clause: Limit one of each item\n|clearpoke\n|poke|p1|Dondozo, L50, F|\n|poke|p1|Tatsugiri, L50, F|\n|poke|p1|Flutter Mane, L50|\n|poke|p1|Glimmora, L50, F|\n|poke|p1|Chi-Yu, L50|\n|poke|p1|Iron Bundle, L50|\n|poke|p2|Garganacl, L50, M|\n|poke|p2|Arcanine, L50, M|\n|poke|p2|Ting-Lu, L50|\n|poke|p2|Iron Bundle, L50|\n|poke|p2|Amoonguss, L50, F|\n|poke|p2|Roaring Moon, L50|\n|teampreview|4\n|inactive|Battle timer is ON: inactive players will automatically lose when time's up. (requested by mythical weavile)\n|inactive|mythical weavile has 60 seconds left.\n|inactive|BIGDRAGONLIKEUGEOK has 60 seconds left.\n|\n|t:|1682452588\n|start\n|switch|p1a: Glimmora|Glimmora, L50, F|100\/100\n|switch|p1b: Chi-Yu|Chi-Yu, L50|100\/100\n|switch|p2a: Ting-Lu|Ting-Lu, L50|100\/100\n|switch|p2b: Roaring Moon|Roaring Moon, L50|100\/100\n|-ability|p1b: Chi-Yu|Beads of Ruin\n|-ability|p2a: Ting-Lu|Vessel of Ruin\n|-enditem|p2b: Roaring Moon|Booster Energy\n|-activate|p2b: Roaring Moon|ability: Protosynthesis|[fromitem]\n|-start|p2b: Roaring Moon|protosynthesisspe\n|turn|1\n|inactive|BIGDRAGONLIKEUGEOK has 30 seconds left.\n|\n|t:|1682452620\n|-terastallize|p1a: Glimmora|Grass\n|move|p1b: Chi-Yu|Protect|p1b: Chi-Yu\n|-singleturn|p1b: Chi-Yu|Protect\n|move|p2b: Roaring Moon|Dragon Dance|p2b: Roaring Moon\n|-boost|p2b: Roaring Moon|atk|1\n|-boost|p2b: Roaring Moon|spe|1\n|move|p1a: Glimmora|Mortal Spin|p2b: Roaring Moon|[spread] p2a,p2b\n|-resisted|p2a: Ting-Lu\n|-crit|p2a: Ting-Lu\n|-damage|p2a: Ting-Lu|98\/100\n|-damage|p2b: Roaring Moon|95\/100\n|-status|p2a: Ting-Lu|psn\n|-status|p2b: Roaring Moon|psn\n|move|p2a: Ting-Lu|Stomping Tantrum|p1b: Chi-Yu\n|-activate|p1b: Chi-Yu|move: Protect\n|\n|-damage|p2b: Roaring Moon|83\/100 psn|[from] psn\n|-damage|p2a: Ting-Lu|86\/100 psn|[from] psn\n|upkeep\n|turn|2\n|inactive|mythical weavile has 30 seconds left.\n|inactive|BIGDRAGONLIKEUGEOK has 30 seconds left.\n|inactive|mythical weavile has 20 seconds left.\n|inactive|BIGDRAGONLIKEUGEOK has 20 seconds left.\n|inactive|mythical weavile has 15 seconds left.\n|inactive|BIGDRAGONLIKEUGEOK has 15 seconds left.\n|inactive|BIGDRAGONLIKEUGEOK has 10 seconds left.\n|inactive|BIGDRAGONLIKEUGEOK has 5 seconds left.\n|\n|t:|1682452675\n|move|p2b: Roaring Moon|Acrobatics|p1a: Glimmora\n|-supereffective|p1a: Glimmora\n|-damage|p1a: Glimmora|0 fnt\n|-activate|p1a: Glimmora|ability: Toxic Debris\n|-sidestart|p2: BIGDRAGONLIKEUGEOK|move: Toxic Spikes\n|faint|p1a: Glimmora\n|move|p1b: Chi-Yu|Overheat|p2a: Ting-Lu\n|-crit|p2a: Ting-Lu\n|-damage|p2a: Ting-Lu|35\/100 psn\n|-unboost|p1b: Chi-Yu|spa|2\n|move|p2a: Ting-Lu|Ruination|p1b: Chi-Yu|[miss]\n|-miss|p2a: Ting-Lu|p1b: Chi-Yu\n|\n|-damage|p2b: Roaring Moon|70\/100 psn|[from] psn\n|-damage|p2a: Ting-Lu|23\/100 psn|[from] psn\n|upkeep\n|\n|t:|1682452688\n|switch|p1a: Dondozo|Dondozo, L50, F|100\/100\n|turn|3\n|inactive|BIGDRAGONLIKEUGEOK has 30 seconds left.\n|\n|t:|1682452718\n|move|p1b: Chi-Yu|Protect|p1b: Chi-Yu\n|-singleturn|p1b: Chi-Yu|Protect\n|move|p1a: Dondozo|Protect|p1a: Dondozo\n|-singleturn|p1a: Dondozo|Protect\n|move|p2b: Roaring Moon|Acrobatics|p1b: Chi-Yu\n|-activate|p1b: Chi-Yu|move: Protect\n|move|p2a: Ting-Lu|Ruination|p1a: Dondozo\n|-activate|p1a: Dondozo|move: Protect\n|\n|-damage|p2b: Roaring Moon|58\/100 psn|[from] psn\n|-damage|p2a: Ting-Lu|10\/100 psn|[from] psn\n|upkeep\n|turn|4\n|\n|t:|1682452739\n|switch|p1b: Tatsugiri|Tatsugiri, L50, F|100\/100\n|-activate|p1b: Tatsugiri|ability: Commander|[of] p1a: Dondozo\n|-boost|p1a: Dondozo|atk|2\n|-boost|p1a: Dondozo|spa|2\n|-boost|p1a: Dondozo|spe|2\n|-boost|p1a: Dondozo|def|2\n|-boost|p1a: Dondozo|spd|2\n|move|p2b: Roaring Moon|Acrobatics|p1b: Tatsugiri|[miss]\n|-miss|p2b: Roaring Moon|p1b: Tatsugiri\n|move|p1a: Dondozo|Earthquake|p2a: Ting-Lu|[spread] p2a,p2b\n|-miss|p1a: Dondozo|p1b: Tatsugiri\n|-damage|p2a: Ting-Lu|0 fnt\n|-damage|p2b: Roaring Moon|8\/100 psn\n|faint|p2a: Ting-Lu\n|\n|-damage|p2b: Roaring Moon|0 fnt|[from] psn\n|faint|p2b: Roaring Moon\n|-end|p2b: Roaring Moon|Protosynthesis|[silent]\n|upkeep\n|\n|t:|1682452742\n|switch|p2b: Garganacl|Garganacl, L50, M|100\/100\n|switch|p2a: Iron Bundle|Iron Bundle, L50|100\/100\n|-status|p2a: Iron Bundle|psn\n|turn|5\n|\n|t:|1682452762\n|move|p2a: Iron Bundle|Protect|p2a: Iron Bundle\n|-singleturn|p2a: Iron Bundle|Protect\n|move|p1a: Dondozo|Earthquake|p2b: Garganacl|[spread] p2b\n|-miss|p1a: Dondozo|p1b: Tatsugiri\n|-activate|p2a: Iron Bundle|move: Protect\n|-supereffective|p2b: Garganacl\n|-crit|p2b: Garganacl\n|-damage|p2b: Garganacl|11\/100\n|move|p2b: Garganacl|Salt Cure|p1a: Dondozo\n|-damage|p1a: Dondozo|95\/100\n|-start|p1a: Dondozo|Salt Cure\n|\n|-heal|p1a: Dondozo|100\/100|[from] item: Leftovers\n|-heal|p2b: Garganacl|16\/100|[from] item: Leftovers\n|-damage|p2a: Iron Bundle|88\/100 psn|[from] psn\n|-damage|p1a: Dondozo|76\/100|[from] Salt Cure\n|upkeep\n|turn|6\n|-message|BIGDRAGONLIKEUGEOK forfeited.\n|\n|win|mythical weavile\n|raw|mythical weavile's rating: 1432 → 1447<\/strong> (+15 for winning)\n|raw|BIGDRAGONLIKEUGEOK's rating: 1343 → 1328<\/strong> (-15 for losing)\n|l|\u2606BIGDRAGONLIKEUGEOK\n","uploadtime":1682452784,"views":7,"p1id":"mythicalweavile","p2id":"bigdragonlikeugeok","formatid":"gen9vgc2023regulationc","rating":1328,"private":0,"password":""}