{"id":"gen9vgc2023regulationc-1844860282","p1":"Cerpin T","p2":"coatesy92","format":"[Gen 9] VGC 2023 Regulation C","log":"|j|\u2606Cerpin T\n|j|\u2606coatesy92\n|t:|1681657498\n|gametype|doubles\n|player|p1|Cerpin T|drayden|\n|player|p2|coatesy92|170|\n|teamsize|p1|6\n|teamsize|p2|6\n|gen|9\n|tier|[Gen 9] VGC 2023 Regulation C\n|rule|Species Clause: Limit one of each Pok\u00e9mon\n|rule|Item Clause: Limit one of each item\n|clearpoke\n|poke|p1|Zorua, L5, M|\n|poke|p1|Finneon, L5, M|\n|poke|p1|Cacnea, L5, M|\n|poke|p1|Numel, L5, M|\n|poke|p1|Shuppet, L5, M|\n|poke|p1|Pichu, L5, M|\n|poke|p2|Mudbray, L5, M|\n|poke|p2|Houndour, L5, M|\n|poke|p2|Pawmi, L5, M|\n|poke|p2|Fomantis, L5, M|\n|poke|p2|Fidough, L5, F|\n|poke|p2|Buizel, L5, M|\n|teampreview|4\n|c|\u2606Cerpin T|oooh deny open team sheets\ncoatesy92 rejected open team sheets.\n|j| haydyg\n|j| mharidain\n|j| H0p5t3r2\n|c|\u2606Cerpin T|we just wait for a few people to join xoxoxo\n|n| H0p5t3r|h0p5t3r2\n|c|\u2606Cerpin T|>h0p5t3r2\n|c| H0p5t3r|I'm here\n|c|\u2606coatesy92|how do we just select 4?\n|c| H0p5t3r|There are some BOYS\n|c| haydyg|Click in the order you want, first two clicked will be first 2 out\n|j| Scrandrew\n|c| H0p5t3r|yeah\n|c| H0p5t3r|First two is your leads\n|c| H0p5t3r|Second two is you back row\n|\n|t:|1681657601\n|start\n|switch|p1a: Shet Pup|Shuppet, L5, M, shiny|100\/100\n|switch|p1b: I C U P (h)|Pichu, L5, M, shiny|100\/100\n|switch|p2a: Mudbray|Mudbray, L5, M|100\/100\n|switch|p2b: Houndour|Houndour, L5, M|100\/100\n|-item|p2a: Mudbray|Assault Vest|[from] ability: Frisk|[of] p1a: Shet Pup|[identify]\n|-item|p2b: Houndour|Covert Cloak|[from] ability: Frisk|[of] p1a: Shet Pup|[identify]\n|turn|1\n|c| Scrandrew|Letsss gooo\n|c| haydyg|write that down write that down\n|\n|t:|1681657632\n|move|p1b: I C U P (h)|Fake Out|p2a: Mudbray\n|-damage|p2a: Mudbray|89\/100\n|-ability|p2a: Mudbray|Stamina|boost\n|-boost|p2a: Mudbray|def|1\n|move|p2b: Houndour|Beat Up|p2a: Mudbray\n|-damage|p2a: Mudbray|85\/100\n|-ability|p2a: Mudbray|Stamina|boost\n|-boost|p2a: Mudbray|def|1\n|-damage|p2a: Mudbray|81\/100\n|-ability|p2a: Mudbray|Stamina|boost\n|-boost|p2a: Mudbray|def|1\n|-damage|p2a: Mudbray|77\/100\n|-ability|p2a: Mudbray|Stamina|boost\n|-boost|p2a: Mudbray|def|1\n|-damage|p2a: Mudbray|74\/100\n|-ability|p2a: Mudbray|Stamina|boost\n|-boost|p2a: Mudbray|def|1\n|-hitcount|p2a: Mudbray|4\n|cant|p2a: Mudbray|flinch\n|move|p1a: Shet Pup|Will-O-Wisp|p2a: Mudbray|[miss]\n|-miss|p1a: Shet Pup|p2a: Mudbray\n|\n|upkeep\n|turn|2\n|c| haydyg|ohhhhhh\n|c| H0p5t3r|OH NONONON\n|c| haydyg|MISS\n|c| haydyg|Huge\n|c| H0p5t3r|Oh nononononono\n|\n|t:|1681657672\n|switch|p1b: If None N|Finneon, L5, M, shiny|100\/100\n|move|p2b: Houndour|Taunt|p1a: Shet Pup\n|-start|p1a: Shet Pup|move: Taunt\n|-enditem|p1a: Shet Pup|Mental Herb\n|-end|p1a: Shet Pup|move: Taunt\n|move|p1a: Shet Pup|Will-O-Wisp|p2a: Mudbray\n|-status|p2a: Mudbray|brn\n|move|p2a: Mudbray|High Horsepower|p1b: If None N\n|-damage|p1b: If None N|78\/100\n|\n|-damage|p2a: Mudbray|70\/100 brn|[from] brn\n|upkeep\n|turn|3\n|c| haydyg|>no nicknames\n|\n|t:|1681657705\n|move|p1b: If None N|Tailwind|p1b: If None N\n|-sidestart|p1: Cerpin T|move: Tailwind\n|move|p1a: Shet Pup|Trick|p2b: Houndour\n|-activate|p1a: Shet Pup|move: Trick|[of] p2b: Houndour\n|-enditem|p2b: Houndour|Covert Cloak|[silent]|[from] move: Trick\n|-item|p1a: Shet Pup|Covert Cloak|[from] move: Trick\n|move|p2b: Houndour|Heat Wave|p1b: If None N|[spread] p1a,p1b\n|-resisted|p1b: If None N\n|-damage|p1a: Shet Pup|60\/100\n|-damage|p1b: If None N|69\/100\n|move|p2a: Mudbray|Rock Slide|p1a: Shet Pup|[spread] p1a,p1b\n|-damage|p1a: Shet Pup|46\/100\n|-damage|p1b: If None N|64\/100\n|\n|-damage|p2a: Mudbray|66\/100 brn|[from] brn\n|upkeep\n|turn|4\n|j| BFO Ethanol\n|\n|t:|1681657736\n|move|p1a: Shet Pup|Helping Hand|p1b: If None N\n|-singleturn|p1b: If None N|Helping Hand|[of] p1a: Shet Pup\n|move|p1b: If None N|Surf|p2a: Mudbray|[spread] p1a,p2a,p2b\n|-supereffective|p2a: Mudbray\n|-supereffective|p2b: Houndour\n|-damage|p1a: Shet Pup|0 fnt\n|-damage|p2a: Mudbray|12\/100 brn\n|-damage|p2b: Houndour|0 fnt\n|-ability|p2a: Mudbray|Stamina|boost\n|-boost|p2a: Mudbray|def|1\n|faint|p1a: Shet Pup\n|faint|p2b: Houndour\n|move|p2a: Mudbray|High Horsepower|p1b: If None N\n|-damage|p1b: If None N|46\/100\n|\n|-damage|p2a: Mudbray|8\/100 brn|[from] brn\n|upkeep\n|c|\u2606Cerpin T|WORTH IT\n|c| haydyg|OWO\n|c| H0p5t3r|Jekabs taking down his own lads\n|c| H0p5t3r|Classic Jekabs move\n|\n|t:|1681657753\n|switch|p2b: Fomantis|Fomantis, L5, M|100\/100\n|switch|p1a: I C U P (h)|Pichu, L5, M, shiny|100\/100\n|turn|5\n|\n|t:|1681657774\n|move|p2b: Fomantis|Protect|p2b: Fomantis\n|-singleturn|p2b: Fomantis|Protect\n|move|p1a: I C U P (h)|Dark Pulse|p2b: Fomantis\n|-activate|p2b: Fomantis|move: Protect\n|move|p1b: If None N|Ice Beam|p2b: Fomantis\n|-activate|p2b: Fomantis|move: Protect\n|move|p2a: Mudbray|Rock Slide|p1a: I C U P (h)|[spread] p1b\n|-miss|p2a: Mudbray|p1a: I C U P (h)\n|-damage|p1b: If None N|41\/100\n|\n|-damage|p2a: Mudbray|4\/100 brn|[from] brn\n|upkeep\n|turn|6\n|l| BFO Ethanol\n|c| H0p5t3r|This be a dark picu\n|c| H0p5t3r|:eyes:\n|\n|t:|1681657805\n|switch|p2b: Buizel|Buizel, L5, M|100\/100\n|move|p1a: I C U P (h)|Dark Pulse|p2b: Buizel\n|-damage|p2b: Buizel|0 fnt\n|faint|p2b: Buizel\n|move|p1b: If None N|Dazzling Gleam|p2a: Mudbray\n|-damage|p2a: Mudbray|0 fnt\n|faint|p2a: Mudbray\n|\n|-sideend|p1: Cerpin T|move: Tailwind\n|upkeep\n|c|\u2606Cerpin T|event pichu\n|c| haydyg|O\n|c|\u2606coatesy92|lol\n|c| H0p5t3r|OOF\n|\n|t:|1681657825\n|switch|p2a: Fomantis|Fomantis, L5, M|100\/100\n|turn|7\n|\n|t:|1681657832\n|move|p1a: I C U P (h)|Dark Pulse|p2a: Fomantis\n|-enditem|p2a: Fomantis|Focus Sash\n|-damage|p2a: Fomantis|5\/100\n|move|p2a: Fomantis|Giga Drain|p1b: If None N\n|-supereffective|p1b: If None N\n|-damage|p1b: If None N|0 fnt\n|-heal|p2a: Fomantis|30\/100|[from] drain|[of] p1b: If None N\n|faint|p1b: If None N\n|\n|upkeep\n|c|\u2606Cerpin T|SIP\n|\n|t:|1681657840\n|switch|p1b: I C U P (h)|Pichu, L5, M, shiny|100\/100\n|turn|8\n|c|\u2606Cerpin T|hhehe\n|c| H0p5t3r|Double pichu\n|\n|t:|1681657849\n|move|p1b: I C U P (h)|Fake Out|p2a: Fomantis\n|-damage|p2a: Fomantis|5\/100\n|move|p1a: I C U P (h)|Dark Pulse|p2a: Fomantis\n|-damage|p2a: Fomantis|0 fnt\n|faint|p2a: Fomantis\n|\n|win|Cerpin T\n|c| Scrandrew|Hold up\n|c| haydyg|I see\n|c|\u2606Cerpin T|gg wp\n|c| haydyg|GG!\n|c| Scrandrew|Gg\n|c| mharidain|gg\n|c|\u2606coatesy92|do we do best of 3?\n|c|\u2606Cerpin T|nooo best of 1 at group stages\n|c| H0p5t3r|BEO on group stages I'm afraid\n|c|\u2606coatesy92|:(\n|c| H0p5t3r|best of 3 in knockouts\n|c|\u2606Cerpin T|gg though! the Taunt Houndour was owo\n|l| H0p5t3r\n|l| Scrandrew\n|c|\u2606coatesy92|mental herb got me\n|j| H0p5t3r\n|l|\u2606coatesy92\n|l| H0p5t3r\n","uploadtime":1681657940,"views":24,"p1id":"cerpint","p2id":"coatesy92","formatid":"gen9vgc2023regulationc","rating":0,"private":0,"password":""}