{"id":"gen9vgc2023regulationc-1854757466","p1":"destruction69420","p2":"BrickWildcat","format":"[Gen 9] VGC 2023 Regulation C","log":"|j|\u2606destruction69420\n|j|\u2606BrickWildcat\n|t:|1682862143\n|gametype|doubles\n|player|p1|destruction69420|102|1111\n|player|p2|BrickWildcat|falkner|1066\n|teamsize|p1|6\n|teamsize|p2|6\n|gen|9\n|tier|[Gen 9] VGC 2023 Regulation C\n|rated|\n|rule|Species Clause: Limit one of each Pok\u00e9mon\n|rule|Item Clause: Limit one of each item\n|clearpoke\n|poke|p1|Flutter Mane, L50|\n|poke|p1|Pawmot, L50, F|\n|poke|p1|Arcanine, L50, M|\n|poke|p1|Palafin, L50, M|\n|poke|p1|Hydreigon, L50, M|\n|poke|p1|Tropius, L50, F|\n|poke|p2|Polteageist-Antique, L50|\n|poke|p2|Indeedee-F, L50, F|\n|poke|p2|Gallade, L50, M|\n|poke|p2|Gastrodon-East, L50, F|\n|poke|p2|Chi-Yu, L50|\n|poke|p2|Talonflame, L50, M|\n|teampreview|4\n|inactive|Battle timer is ON: inactive players will automatically lose when time's up. (requested by BrickWildcat)\n|inactive|destruction69420 has 60 seconds left.\n|\n|t:|1682862181\n|start\n|switch|p1a: probability|Hydreigon, L50, M|100\/100\n|switch|p1b: OP|Palafin, L50, M|100\/100\n|switch|p2a: Short & Stout|Polteageist-Antique, L50, shiny|100\/100\n|switch|p2b: Women|Indeedee-F, L50, F|100\/100\n|-fieldstart|move: Psychic Terrain|[from] ability: Psychic Surge|[of] p2b: Women\n|turn|1\n|\n|t:|1682862194\n|detailschange|p1b: OP|Palafin-Hero, L50, M\n|switch|p1b: doge go brr|Arcanine, L50, M|100\/100\n|-ability|p1b: doge go brr|Intimidate|boost\n|-unboost|p2a: Short & Stout|atk|1\n|-unboost|p2b: Women|atk|1\n|move|p2b: Women|Follow Me|p2b: Women\n|-singleturn|p2b: Women|move: Follow Me\n|move|p1a: probability|Tailwind|p1a: probability\n|-sidestart|p1: destruction69420|move: Tailwind\n|move|p2a: Short & Stout|Shell Smash|p2a: Short & Stout\n|-unboost|p2a: Short & Stout|def|1\n|-unboost|p2a: Short & Stout|spd|1\n|-boost|p2a: Short & Stout|atk|2\n|-boost|p2a: Short & Stout|spa|2\n|-boost|p2a: Short & Stout|spe|2\n|\n|upkeep\n|turn|2\n|\n|t:|1682862210\n|move|p2b: Women|Follow Me|p2b: Women\n|-singleturn|p2b: Women|move: Follow Me\n|move|p1a: probability|Hydro Pump|p2b: Women\n|-damage|p2b: Women|56\/100\n|-enditem|p2b: Women|Eject Button\n|-damage|p1a: probability|91\/100|[from] item: Life Orb\n|\n|t:|1682862217\n|switch|p2b: Cajun Chicken|Talonflame, L50, M, shiny|100\/100\n|move|p1b: doge go brr|Snarl|p2a: Short & Stout|[spread] p2a\n|-miss|p1b: doge go brr|p2b: Cajun Chicken\n|-supereffective|p2a: Short & Stout\n|-damage|p2a: Short & Stout|72\/100\n|-unboost|p2a: Short & Stout|spa|1\n|move|p2a: Short & Stout|Shell Smash|p2a: Short & Stout\n|-unboost|p2a: Short & Stout|def|1\n|-unboost|p2a: Short & Stout|spd|1\n|-boost|p2a: Short & Stout|atk|2\n|-boost|p2a: Short & Stout|spa|2\n|-boost|p2a: Short & Stout|spe|2\n|\n|upkeep\n|turn|3\n|\n|t:|1682862235\n|move|p2b: Cajun Chicken|Tailwind|p2b: Cajun Chicken\n|-sidestart|p2: BrickWildcat|move: Tailwind\n|move|p2a: Short & Stout|Stored Power|p1b: doge go brr\n|-damage|p1b: doge go brr|0 fnt\n|faint|p1b: doge go brr\n|move|p1a: probability|Hydro Pump|p2b: Cajun Chicken\n|-supereffective|p2b: Cajun Chicken\n|-damage|p2b: Cajun Chicken|0 fnt\n|faint|p2b: Cajun Chicken\n|-damage|p1a: probability|81\/100|[from] item: Life Orb\n|\n|upkeep\n|\n|t:|1682862245\n|switch|p2b: Men|Gallade, L50, M, shiny|100\/100\n|switch|p1b: pom-pom|Pawmot, L50, F|100\/100\n|turn|4\n|\n|t:|1682862260\n|move|p2a: Short & Stout|Stored Power|p1b: pom-pom\n|-supereffective|p1b: pom-pom\n|-damage|p1b: pom-pom|0 fnt\n|faint|p1b: pom-pom\n|move|p2b: Men|Sacred Sword|p1a: probability\n|-supereffective|p1a: probability\n|-damage|p1a: probability|0 fnt\n|faint|p1a: probability\n|\n|-sideend|p1: destruction69420|move: Tailwind\n|upkeep\n|\n|t:|1682862279\n|switch|p1a: OP|Palafin-Hero, L50, M|100\/100\n|-activate|p1a: OP|ability: Zero to Hero\n|turn|5\n|c|\u2606destruction69420|gg\n|\n|t:|1682862290\n|-terastallize|p2a: Short & Stout|Grass\n|move|p1a: OP|Jet Punch|p2a: Short & Stout\n|-activate|p2a: Short & Stout|move: Psychic Terrain\n|move|p2a: Short & Stout|Giga Drain|p1a: OP\n|-supereffective|p1a: OP\n|-damage|p1a: OP|0 fnt\n|-heal|p2a: Short & Stout|100\/100|[from] drain|[of] p1a: OP\n|faint|p1a: OP\n|\n|win|BrickWildcat\n|raw|destruction69420's rating: 1111 → 1083<\/strong> (-28 for losing)\n|raw|BrickWildcat's rating: 1066 → 1100<\/strong> (+34 for winning)\n|l|\u2606destruction69420\n","uploadtime":1682862307,"views":19,"p1id":"destruction69420","p2id":"brickwildcat","formatid":"gen9vgc2023regulationc","rating":1083,"private":0,"password":""}