{"id":"gen9vgc2023regulationc-1851659103","p1":"hangentori","p2":"dekukraken","format":"[Gen 9] VGC 2023 Regulation C","log":"|j|\u2606hangentori\n|j|\u2606dekukraken\n|t:|1682466613\n|gametype|doubles\n|player|p1|hangentori|picnicker|\n|player|p2|dekukraken|burglar|\n|teamsize|p1|6\n|teamsize|p2|6\n|gen|9\n|tier|[Gen 9] VGC 2023 Regulation C\n|rule|Species Clause: Limit one of each Pok\u00e9mon\n|rule|Item Clause: Limit one of each item\n|clearpoke\n|poke|p1|Talonflame, L50, M|\n|poke|p1|Garchomp, L50, F|\n|poke|p1|Flutter Mane, L50|\n|poke|p1|Iron Bundle, L50|\n|poke|p1|Ditto, L50|\n|poke|p1|Chien-Pao, L50|\n|poke|p2|Glimmora, L50, M|\n|poke|p2|Iron Bundle, L50|\n|poke|p2|Dondozo, L50, F|\n|poke|p2|Dragonite, L50, F|\n|poke|p2|Tatsugiri-Droopy, L50, M|\n|poke|p2|Chi-Yu, L50|\n|teampreview|4\ndekukraken has agreed to open team sheets.\n|\n|t:|1682466653\n|start\n|switch|p1a: Garchomp|Garchomp, L50, F|100\/100\n|switch|p1b: Chien-Pao|Chien-Pao, L50|100\/100\n|switch|p2a: Iron Bundle|Iron Bundle, L50, shiny|100\/100\n|switch|p2b: Dragonite|Dragonite, L50, F, shiny|100\/100\n|-ability|p1b: Chien-Pao|Sword of Ruin\n|-enditem|p2a: Iron Bundle|Booster Energy\n|-activate|p2a: Iron Bundle|ability: Quark Drive|[fromitem]\n|-start|p2a: Iron Bundle|quarkdrivespe\n|turn|1\n|\n|t:|1682466695\n|switch|p1a: Iron Bundle|Iron Bundle, L50|100\/100\n|-enditem|p1a: Iron Bundle|Booster Energy\n|-activate|p1a: Iron Bundle|ability: Quark Drive|[fromitem]\n|-start|p1a: Iron Bundle|quarkdrivespe\n|-terastallize|p2b: Dragonite|Normal\n|move|p2a: Iron Bundle|Protect|p2a: Iron Bundle\n|-singleturn|p2a: Iron Bundle|Protect\n|move|p1b: Chien-Pao|Ice Spinner|p2b: Dragonite\n|-damage|p2b: Dragonite|71\/100\n|move|p2b: Dragonite|Outrage|p1b: Chien-Pao\n|-enditem|p1b: Chien-Pao|Focus Sash\n|-damage|p1b: Chien-Pao|1\/100\n|\n|upkeep\n|turn|2\n|\n|t:|1682466730\n|move|p1b: Chien-Pao|Protect|p1b: Chien-Pao\n|-singleturn|p1b: Chien-Pao|Protect\n|move|p1a: Iron Bundle|Encore|p2a: Iron Bundle\n|-start|p2a: Iron Bundle|Encore\n|move|p2a: Iron Bundle|Protect||[still]\n|-fail|p2a: Iron Bundle\n|move|p2b: Dragonite|Outrage|p1a: Iron Bundle|[from]lockedmove\n|-damage|p1a: Iron Bundle|0 fnt\n|faint|p1a: Iron Bundle\n|-end|p1a: Iron Bundle|Quark Drive|[silent]\n|-start|p2b: Dragonite|confusion|[fatigue]\n|\n|upkeep\n|\n|t:|1682466743\n|switch|p1a: Garchomp|Garchomp, L50, F|100\/100\n|turn|3\n|\n|t:|1682466773\n|switch|p1b: Ditto|Ditto, L50|100\/100\n|-transform|p1b: Ditto|p2a: Iron Bundle|[from] ability: Imposter\n|move|p2a: Iron Bundle|Protect|p2a: Iron Bundle\n|-singleturn|p2a: Iron Bundle|Protect\n|move|p1a: Garchomp|Stomping Tantrum|p2b: Dragonite\n|-damage|p2b: Dragonite|12\/100\n|-damage|p1a: Garchomp|91\/100|[from] item: Life Orb\n|-activate|p2b: Dragonite|confusion\n|move|p2b: Dragonite|Outrage|p1b: Ditto\n|-damage|p1b: Ditto|0 fnt\n|faint|p1b: Ditto\n|-end|p1b: Ditto|Quark Drive|[silent]\n|\n|upkeep\n|\n|t:|1682466787\n|switch|p1b: Chien-Pao|Chien-Pao, L50|1\/100\n|-ability|p1b: Chien-Pao|Sword of Ruin\n|turn|4\n|c|\u2606dekukraken|does showdown not say how long encore lasts?\n|c|\u2606hangentori|should last 3\n|\n|t:|1682466857\n|-end|p2a: Iron Bundle|Quark Drive|[silent]\n|switch|p2a: Glimmora|Glimmora, L50, M, shiny|100\/100\n|-terastallize|p1a: Garchomp|Fire\n|move|p1b: Chien-Pao|Protect|p1b: Chien-Pao\n|-singleturn|p1b: Chien-Pao|Protect\n|move|p1a: Garchomp|Earthquake|p2a: Glimmora|[spread] p2a,p2b\n|-activate|p1b: Chien-Pao|move: Protect\n|-supereffective|p2a: Glimmora\n|-damage|p2a: Glimmora|0 fnt\n|-damage|p2b: Dragonite|0 fnt\n|-activate|p2a: Glimmora|ability: Toxic Debris\n|-sidestart|p1: hangentori|move: Toxic Spikes\n|faint|p2a: Glimmora\n|faint|p2b: Dragonite\n|-damage|p1a: Garchomp|81\/100|[from] item: Life Orb\n|\n|upkeep\n|\n|t:|1682466865\n|switch|p2b: Chi-Yu|Chi-Yu, L50|100\/100\n|switch|p2a: Iron Bundle|Iron Bundle, L50, shiny|100\/100\n|-ability|p2b: Chi-Yu|Beads of Ruin\n|turn|5\n|\n|t:|1682466906\n|move|p1b: Chien-Pao|Sucker Punch|p2b: Chi-Yu\n|-resisted|p2b: Chi-Yu\n|-damage|p2b: Chi-Yu|61\/100\n|move|p2a: Iron Bundle|Icy Wind|p1b: Chien-Pao|[spread] p1a,p1b\n|-resisted|p1a: Garchomp\n|-resisted|p1b: Chien-Pao\n|-damage|p1a: Garchomp|66\/100\n|-damage|p1b: Chien-Pao|0 fnt\n|-unboost|p1a: Garchomp|spe|1\n|faint|p1b: Chien-Pao\n|move|p2b: Chi-Yu|Dark Pulse|p1a: Garchomp\n|-damage|p1a: Garchomp|0 fnt\n|faint|p1a: Garchomp\n|\n|win|dekukraken\n|c|\u2606hangentori|ohhhh\n|c|\u2606hangentori|that was faster\n|c|\u2606hangentori|very fun\n|c|\u2606dekukraken|icy wind\n|c|\u2606dekukraken|bundle outspeeds chien pao\n","uploadtime":1682467013,"views":21,"p1id":"hangentori","p2id":"dekukraken","formatid":"gen9vgc2023regulationc","rating":0,"private":0,"password":""}