{"id":"gen9vgc2023regulationc-1857140755","p1":"Inwaves22","p2":"chumarung","format":"[Gen 9] VGC 2023 Regulation C","log":"|j|\u2606Inwaves22\n|j|\u2606chumarung\n|t:|1683150034\n|gametype|doubles\n|player|p1|Inwaves22|falkner|1207\n|player|p2|chumarung|psychicf-gen4|1205\n|teamsize|p1|6\n|teamsize|p2|6\n|gen|9\n|tier|[Gen 9] VGC 2023 Regulation C\n|rated|\n|rule|Species Clause: Limit one of each Pok\u00e9mon\n|rule|Item Clause: Limit one of each item\n|clearpoke\n|poke|p1|Chi-Yu, L50|\n|poke|p1|Iron Hands, L50|\n|poke|p1|Flutter Mane, L50|\n|poke|p1|Gyarados, L50, M|\n|poke|p1|Ting-Lu, L50|\n|poke|p1|Amoonguss, L50, M|\n|poke|p2|Amoonguss, L50, F|\n|poke|p2|Gholdengo, L50|\n|poke|p2|Glimmora, L50, F|\n|poke|p2|Flutter Mane, L50|\n|poke|p2|Wo-Chien, L50|\n|poke|p2|Gastrodon, L50, M|\n|teampreview|4\nchumarung rejected open team sheets.\n|\n|t:|1683150059\n|start\n|switch|p1a: Flutter Mane|Flutter Mane, L50|100\/100\n|switch|p1b: Chi-Yu|Chi-Yu, L50|100\/100\n|switch|p2a: Glimmora|Glimmora, L50, F|100\/100\n|switch|p2b: Flutter Mane|Flutter Mane, L50|100\/100\n|-ability|p1b: Chi-Yu|Beads of Ruin\n|-enditem|p2b: Flutter Mane|Booster Energy\n|-activate|p2b: Flutter Mane|ability: Protosynthesis|[fromitem]\n|-start|p2b: Flutter Mane|protosynthesisspe\n|-enditem|p1a: Flutter Mane|Booster Energy\n|-activate|p1a: Flutter Mane|ability: Protosynthesis|[fromitem]\n|-start|p1a: Flutter Mane|protosynthesisspa\n|turn|1\n|\n|t:|1683150085\n|-terastallize|p1a: Flutter Mane|Fairy\n|move|p2b: Flutter Mane|Shadow Ball|p1a: Flutter Mane\n|-damage|p1a: Flutter Mane|45\/100\n|move|p1b: Chi-Yu|Heat Wave|p2b: Flutter Mane|[spread] p2a,p2b\n|-resisted|p2a: Glimmora\n|-damage|p2a: Glimmora|83\/100\n|-damage|p2b: Flutter Mane|52\/100\n|move|p1a: Flutter Mane|Dazzling Gleam|p2a: Glimmora|[spread] p2a,p2b\n|-resisted|p2a: Glimmora\n|-crit|p2b: Flutter Mane\n|-damage|p2a: Glimmora|58\/100\n|-damage|p2b: Flutter Mane|0 fnt\n|faint|p2b: Flutter Mane\n|-end|p2b: Flutter Mane|Protosynthesis|[silent]\n|move|p2a: Glimmora|Power Gem|p1a: Flutter Mane\n|-damage|p1a: Flutter Mane|0 fnt\n|faint|p1a: Flutter Mane\n|-end|p1a: Flutter Mane|Protosynthesis|[silent]\n|\n|upkeep\n|\n|t:|1683150113\n|switch|p2b: Gholdengo|Gholdengo, L50|100\/100\n|switch|p1a: Ting-Lu|Ting-Lu, L50|100\/100\n|-ability|p1a: Ting-Lu|Vessel of Ruin\n|turn|2\n|\n|t:|1683150135\n|move|p2b: Gholdengo|Protect|p2b: Gholdengo\n|-singleturn|p2b: Gholdengo|Protect\n|move|p1b: Chi-Yu|Heat Wave|p2b: Gholdengo|[spread] p2a\n|-activate|p2b: Gholdengo|move: Protect\n|-resisted|p2a: Glimmora\n|-damage|p2a: Glimmora|45\/100\n|move|p2a: Glimmora|Mortal Spin|p1a: Ting-Lu|[spread] p1a,p1b\n|-resisted|p1a: Ting-Lu\n|-damage|p1a: Ting-Lu|99\/100\n|-damage|p1b: Chi-Yu|94\/100\n|-status|p1a: Ting-Lu|psn\n|-enditem|p1a: Ting-Lu|Lum Berry|[eat]\n|-curestatus|p1a: Ting-Lu|psn|[msg]\n|-status|p1b: Chi-Yu|psn\n|move|p1a: Ting-Lu|Stomping Tantrum|p2a: Glimmora\n|-supereffective|p2a: Glimmora\n|-damage|p2a: Glimmora|0 fnt\n|-activate|p2a: Glimmora|ability: Toxic Debris\n|-sidestart|p1: Inwaves22|move: Toxic Spikes\n|faint|p2a: Glimmora\n|\n|-damage|p1b: Chi-Yu|81\/100 psn|[from] psn\n|upkeep\n|\n|t:|1683150153\n|switch|p2a: Wo-Chien|Wo-Chien, L50|100\/100\n|-ability|p2a: Wo-Chien|Tablets of Ruin\n|turn|3\n|\n|t:|1683150173\n|-terastallize|p2a: Wo-Chien|Fairy\n|move|p1b: Chi-Yu|Heat Wave|p2a: Wo-Chien|[spread] p2a,p2b\n|-supereffective|p2b: Gholdengo\n|-damage|p2a: Wo-Chien|79\/100\n|-damage|p2b: Gholdengo|23\/100\n|-enditem|p2b: Gholdengo|Sitrus Berry|[eat]\n|-heal|p2b: Gholdengo|48\/100|[from] item: Sitrus Berry\n|move|p2b: Gholdengo|Make It Rain|p1b: Chi-Yu|[spread] p1a,p1b\n|-resisted|p1b: Chi-Yu\n|-damage|p1a: Ting-Lu|65\/100\n|-damage|p1b: Chi-Yu|61\/100 psn\n|-unboost|p2b: Gholdengo|spa|1\n|move|p2a: Wo-Chien|Substitute|p2a: Wo-Chien\n|-start|p2a: Wo-Chien|Substitute\n|-damage|p2a: Wo-Chien|54\/100\n|move|p1a: Ting-Lu|Stomping Tantrum|p2b: Gholdengo\n|-supereffective|p2b: Gholdengo\n|-damage|p2b: Gholdengo|0 fnt\n|faint|p2b: Gholdengo\n|\n|-heal|p2a: Wo-Chien|60\/100|[from] item: Leftovers\n|-damage|p1b: Chi-Yu|49\/100 psn|[from] psn\n|upkeep\n|turn|4\n|\n|t:|1683150202\n|move|p1b: Chi-Yu|Heat Wave|p2a: Wo-Chien\n|-end|p2a: Wo-Chien|Substitute\n|move|p2a: Wo-Chien|Leech Seed|p1a: Ting-Lu\n|-start|p1a: Ting-Lu|move: Leech Seed\n|move|p1a: Ting-Lu|Stomping Tantrum|p2a: Wo-Chien\n|-damage|p2a: Wo-Chien|36\/100\n|\n|-heal|p2a: Wo-Chien|42\/100|[from] item: Leftovers\n|-damage|p1a: Ting-Lu|52\/100|[from] Leech Seed|[of] p2a: Wo-Chien\n|-heal|p2a: Wo-Chien|57\/100|[silent]\n|-damage|p1b: Chi-Yu|36\/100 psn|[from] psn\n|upkeep\n|turn|5\n|\n|t:|1683150216\n|switch|p1a: Iron Hands|Iron Hands, L50|100\/100\n|-status|p1a: Iron Hands|psn\n|move|p2a: Wo-Chien|Protect|p2a: Wo-Chien\n|-singleturn|p2a: Wo-Chien|Protect\n|move|p1b: Chi-Yu|Heat Wave|p2a: Wo-Chien\n|-activate|p2a: Wo-Chien|move: Protect\n|\n|-heal|p2a: Wo-Chien|64\/100|[from] item: Leftovers\n|-damage|p1b: Chi-Yu|24\/100 psn|[from] psn\n|-damage|p1a: Iron Hands|88\/100 psn|[from] psn\n|upkeep\n|turn|6\n|\n|t:|1683150231\n|move|p1a: Iron Hands|Fake Out|p2a: Wo-Chien\n|-damage|p2a: Wo-Chien|54\/100\n|move|p1b: Chi-Yu|Heat Wave|p2a: Wo-Chien\n|-damage|p2a: Wo-Chien|12\/100\n|cant|p2a: Wo-Chien|flinch\n|\n|-heal|p2a: Wo-Chien|18\/100|[from] item: Leftovers\n|-damage|p1b: Chi-Yu|12\/100 psn|[from] psn\n|-damage|p1a: Iron Hands|76\/100 psn|[from] psn\n|upkeep\n|turn|7\n|\n|t:|1683150242\n|move|p1b: Chi-Yu|Heat Wave|p2a: Wo-Chien\n|-crit|p2a: Wo-Chien\n|-damage|p2a: Wo-Chien|0 fnt\n|faint|p2a: Wo-Chien\n|\n|win|Inwaves22\n|raw|Inwaves22's rating: 1207 → 1232<\/strong> (+25 for winning)\n|raw|chumarung's rating: 1205 → 1180<\/strong> (-25 for losing)\n","uploadtime":1683150249,"views":9,"p1id":"inwaves22","p2id":"chumarung","formatid":"gen9vgc2023regulationc","rating":1180,"private":0,"password":""}