{"id":"gen9vgc2023regulationc-1851329261","p1":"bigkarpfan8001","p2":"Orpheus43","format":"[Gen 9] VGC 2023 Regulation C","log":"|j|\u2606bigkarpfan8001\n|j|\u2606Orpheus43\n|t:|1682436284\n|gametype|doubles\n|player|p1|bigkarpfan8001|fisherman-gen4|1074\n|player|p2|Orpheus43|1|1000\n|teamsize|p1|6\n|teamsize|p2|6\n|gen|9\n|tier|[Gen 9] VGC 2023 Regulation C\n|rated|\n|rule|Species Clause: Limit one of each Pok\u00e9mon\n|rule|Item Clause: Limit one of each item\n|clearpoke\n|poke|p1|Arboliva, L50, M|\n|poke|p1|Gyarados, L50, M|\n|poke|p1|Ceruledge, L50, M|\n|poke|p1|Kingambit, L50, F|\n|poke|p1|Talonflame, L50, M|\n|poke|p1|Arcanine, L50, F|\n|poke|p2|Skeledirge, L50, M|\n|poke|p2|Kingambit, L50, M|\n|poke|p2|Corviknight, L50, M|\n|poke|p2|Toedscruel, L50, M|\n|poke|p2|Hydreigon, L50, M|\n|poke|p2|Annihilape, L50, M|\n|teampreview|4\n|\n|t:|1682436307\n|start\n|switch|p1a: Talonflame|Talonflame, L50, M|100\/100\n|switch|p1b: Ceruledge|Ceruledge, L50, M|100\/100\n|switch|p2a: Annihilape|Annihilape, L50, M|100\/100\n|switch|p2b: Corviknight|Corviknight, L50, M|100\/100\n|-ability|p2b: Corviknight|Pressure\n|turn|1\n|\n|t:|1682436320\n|move|p1b: Ceruledge|Protect|p1b: Ceruledge\n|-singleturn|p1b: Ceruledge|Protect\n|move|p1a: Talonflame|Tailwind|p1a: Talonflame\n|-sidestart|p1: bigkarpfan8001|move: Tailwind\n|move|p2a: Annihilape|Bulk Up|p2a: Annihilape\n|-boost|p2a: Annihilape|atk|1\n|-boost|p2a: Annihilape|def|1\n|move|p2b: Corviknight|Iron Defense|p2b: Corviknight\n|-boost|p2b: Corviknight|def|2\n|\n|upkeep\n|turn|2\n|\n|t:|1682436342\n|move|p2a: Annihilape|Protect|p2a: Annihilape\n|-singleturn|p2a: Annihilape|Protect\n|move|p1a: Talonflame|Will-O-Wisp|p2a: Annihilape\n|-activate|p2a: Annihilape|move: Protect\n|move|p1b: Ceruledge|Bulk Up|p1b: Ceruledge\n|-boost|p1b: Ceruledge|atk|1\n|-boost|p1b: Ceruledge|def|1\n|move|p2b: Corviknight|Iron Defense|p2b: Corviknight\n|-boost|p2b: Corviknight|def|2\n|\n|upkeep\n|turn|3\n|\n|t:|1682436360\n|move|p1a: Talonflame|Will-O-Wisp|p2a: Annihilape\n|-status|p2a: Annihilape|brn\n|move|p1b: Ceruledge|Bulk Up|p1b: Ceruledge\n|-boost|p1b: Ceruledge|atk|1\n|-boost|p1b: Ceruledge|def|1\n|move|p2a: Annihilape|Rage Fist|p1b: Ceruledge\n|-supereffective|p1b: Ceruledge\n|-damage|p1b: Ceruledge|83\/100\n|move|p2b: Corviknight|Body Press|p1a: Talonflame\n|-resisted|p1a: Talonflame\n|-damage|p1a: Talonflame|56\/100\n|\n|-damage|p2a: Annihilape|95\/100 brn|[from] brn\n|upkeep\n|turn|4\n|\n|t:|1682436381\n|move|p1a: Talonflame|Will-O-Wisp|p2b: Corviknight\n|-status|p2b: Corviknight|brn\n|move|p1b: Ceruledge|Bulk Up|p1b: Ceruledge\n|-boost|p1b: Ceruledge|atk|1\n|-boost|p1b: Ceruledge|def|1\n|move|p2a: Annihilape|Bulk Up|p2a: Annihilape\n|-boost|p2a: Annihilape|atk|1\n|-boost|p2a: Annihilape|def|1\n|move|p2b: Corviknight|Iron Defense|p2b: Corviknight\n|-boost|p2b: Corviknight|def|2\n|\n|-damage|p2a: Annihilape|89\/100 brn|[from] brn\n|-damage|p2b: Corviknight|95\/100 brn|[from] brn\n|-sideend|p1: bigkarpfan8001|move: Tailwind\n|upkeep\n|turn|5\n|\n|t:|1682436406\n|move|p1a: Talonflame|Tailwind|p1a: Talonflame\n|-sidestart|p1: bigkarpfan8001|move: Tailwind\n|move|p1b: Ceruledge|Bulk Up|p1b: Ceruledge\n|-boost|p1b: Ceruledge|atk|1\n|-boost|p1b: Ceruledge|def|1\n|move|p2a: Annihilape|Rage Fist|p1a: Talonflame\n|-damage|p1a: Talonflame|31\/100\n|move|p2b: Corviknight|Body Press|p1a: Talonflame\n|-resisted|p1a: Talonflame\n|-damage|p1a: Talonflame|1\/100\n|\n|-damage|p2a: Annihilape|83\/100 brn|[from] brn\n|-damage|p2b: Corviknight|89\/100 brn|[from] brn\n|upkeep\n|turn|6\n|\n|t:|1682436423\n|move|p1a: Talonflame|Brave Bird|p2a: Annihilape\n|-supereffective|p2a: Annihilape\n|-damage|p2a: Annihilape|48\/100 brn\n|-damage|p1a: Talonflame|0 fnt|[from] Recoil\n|faint|p1a: Talonflame\n|move|p1b: Ceruledge|Bulk Up|p1b: Ceruledge\n|-boost|p1b: Ceruledge|atk|1\n|-boost|p1b: Ceruledge|def|1\n|move|p2a: Annihilape|Rage Fist|p1b: Ceruledge\n|-supereffective|p1b: Ceruledge\n|-damage|p1b: Ceruledge|59\/100\n|move|p2b: Corviknight|Body Press|p1b: Ceruledge\n|-immune|p1b: Ceruledge\n|\n|-damage|p2a: Annihilape|42\/100 brn|[from] brn\n|-damage|p2b: Corviknight|83\/100 brn|[from] brn\n|upkeep\n|\n|t:|1682436439\n|switch|p1a: Arboliva|Arboliva, L50, M|100\/100\n|turn|7\n|\n|t:|1682436468\n|move|p1a: Arboliva|Helping Hand|p1b: Ceruledge\n|-singleturn|p1b: Ceruledge|Helping Hand|[of] p1a: Arboliva\n|move|p1b: Ceruledge|Bitter Blade|p2b: Corviknight\n|-supereffective|p2b: Corviknight\n|-damage|p2b: Corviknight|0 fnt\n|-heal|p1b: Ceruledge|100\/100|[from] drain|[of] p2b: Corviknight\n|-damage|p1b: Ceruledge|84\/100|[from] item: Rocky Helmet|[of] p2b: Corviknight\n|faint|p2b: Corviknight\n|move|p2a: Annihilape|Drain Punch|p1a: Arboliva\n|-supereffective|p1a: Arboliva\n|-damage|p1a: Arboliva|55\/100\n|-heal|p2a: Annihilape|62\/100 brn|[from] drain|[of] p1a: Arboliva\n|-fieldstart|move: Grassy Terrain|[from] ability: Seed Sower|[of] p1a: Arboliva\n|\n|-heal|p1b: Ceruledge|90\/100|[from] Grassy Terrain\n|-heal|p1a: Arboliva|61\/100|[from] Grassy Terrain\n|-heal|p1a: Arboliva|67\/100|[from] item: Leftovers\n|-heal|p2a: Annihilape|68\/100 brn|[from] Grassy Terrain\n|-damage|p2a: Annihilape|62\/100 brn|[from] brn\n|upkeep\n|\n|t:|1682436489\n|switch|p2b: Skeledirge|Skeledirge, L50, M|100\/100\n|turn|8\n|\n|t:|1682436552\n|-terastallize|p1a: Arboliva|Water\n|-terastallize|p2b: Skeledirge|Fairy\n|move|p1b: Ceruledge|Protect|p1b: Ceruledge\n|-singleturn|p1b: Ceruledge|Protect\n|move|p1a: Arboliva|Leech Seed|p2a: Annihilape\n|-start|p2a: Annihilape|move: Leech Seed\n|move|p2a: Annihilape|Bulk Up|p2a: Annihilape\n|-boost|p2a: Annihilape|atk|1\n|-boost|p2a: Annihilape|def|1\n|move|p2b: Skeledirge|Torch Song|p1a: Arboliva\n|-resisted|p1a: Arboliva\n|-damage|p1a: Arboliva|54\/100\n|-boost|p2b: Skeledirge|spa|1\n|\n|-heal|p1b: Ceruledge|95\/100|[from] Grassy Terrain\n|-heal|p1a: Arboliva|60\/100|[from] Grassy Terrain\n|-heal|p1a: Arboliva|66\/100|[from] item: Leftovers\n|-heal|p2a: Annihilape|68\/100 brn|[from] Grassy Terrain\n|-damage|p2a: Annihilape|55\/100 brn|[from] Leech Seed|[of] p1a: Arboliva\n|-heal|p1a: Arboliva|80\/100|[silent]\n|-damage|p2a: Annihilape|49\/100 brn|[from] brn\n|-sideend|p1: bigkarpfan8001|move: Tailwind\n|upkeep\n|turn|9\n|\n|t:|1682436588\n|move|p2a: Annihilape|Rage Fist|p1a: Arboliva\n|-damage|p1a: Arboliva|42\/100\n|move|p1b: Ceruledge|Bitter Blade|p2b: Skeledirge\n|-damage|p2b: Skeledirge|71\/100\n|-heal|p1b: Ceruledge|100\/100|[from] drain|[of] p2b: Skeledirge\n|move|p2b: Skeledirge|Torch Song|p1a: Arboliva\n|-resisted|p1a: Arboliva\n|-damage|p1a: Arboliva|23\/100\n|-boost|p2b: Skeledirge|spa|1\n|move|p1a: Arboliva|Strength Sap|p2a: Annihilape\n|-unboost|p2a: Annihilape|atk|1\n|-ability|p2a: Annihilape|Defiant|boost\n|-boost|p2a: Annihilape|atk|2\n|-heal|p1a: Arboliva|100\/100\n|\n|-heal|p2a: Annihilape|55\/100 brn|[from] Grassy Terrain\n|-heal|p2b: Skeledirge|77\/100|[from] Grassy Terrain\n|-heal|p2b: Skeledirge|83\/100|[from] item: Leftovers\n|-damage|p2a: Annihilape|43\/100 brn|[from] Leech Seed|[of] p1a: Arboliva\n|-damage|p2a: Annihilape|37\/100 brn|[from] brn\n|upkeep\n|turn|10\n|\n|t:|1682436616\n|move|p2a: Annihilape|Drain Punch|p1a: Arboliva\n|-damage|p1a: Arboliva|68\/100\n|-heal|p2a: Annihilape|51\/100 brn|[from] drain|[of] p1a: Arboliva\n|move|p1b: Ceruledge|Bitter Blade|p2a: Annihilape\n|-damage|p2a: Annihilape|0 fnt\n|faint|p2a: Annihilape\n|move|p2b: Skeledirge|Tera Blast|p1b: Ceruledge\n|-resisted|p1b: Ceruledge\n|-damage|p1b: Ceruledge|71\/100\n|move|p1a: Arboliva|Leech Seed|p2b: Skeledirge\n|-start|p2b: Skeledirge|move: Leech Seed\n|\n|-heal|p1b: Ceruledge|77\/100|[from] Grassy Terrain\n|-heal|p2b: Skeledirge|89\/100|[from] Grassy Terrain\n|-heal|p2b: Skeledirge|95\/100|[from] item: Leftovers\n|-heal|p1a: Arboliva|74\/100|[from] Grassy Terrain\n|-heal|p1a: Arboliva|80\/100|[from] item: Leftovers\n|-damage|p2b: Skeledirge|83\/100|[from] Leech Seed|[of] p1a: Arboliva\n|-heal|p1a: Arboliva|94\/100|[silent]\n|upkeep\n|\n|t:|1682436634\n|switch|p2a: Kingambit|Kingambit, L50, M|100\/100\n|-activate|p2a: Kingambit|ability: Supreme Overlord\n|-start|p2a: Kingambit|fallen2|[silent]\n|turn|11\n|\n|t:|1682436646\n|move|p1b: Ceruledge|Protect|p1b: Ceruledge\n|-singleturn|p1b: Ceruledge|Protect\n|move|p2a: Kingambit|Sucker Punch||[still]\n|-fail|p2a: Kingambit\n|move|p2b: Skeledirge|Tera Blast|p1a: Arboliva\n|-damage|p1a: Arboliva|40\/100\n|move|p1a: Arboliva|Leech Seed|p2a: Kingambit\n|-start|p2a: Kingambit|move: Leech Seed\n|\n|-heal|p1b: Ceruledge|83\/100|[from] Grassy Terrain\n|-heal|p2b: Skeledirge|89\/100|[from] Grassy Terrain\n|-heal|p2b: Skeledirge|95\/100|[from] item: Leftovers\n|-heal|p1a: Arboliva|46\/100|[from] Grassy Terrain\n|-heal|p1a: Arboliva|52\/100|[from] item: Leftovers\n|-damage|p2b: Skeledirge|83\/100|[from] Leech Seed|[of] p1a: Arboliva\n|-heal|p1a: Arboliva|66\/100|[silent]\n|-damage|p2a: Kingambit|88\/100|[from] Leech Seed|[of] p1a: Arboliva\n|-heal|p1a: Arboliva|80\/100|[silent]\n|-fieldend|move: Grassy Terrain\n|upkeep\n|turn|12\n|\n|t:|1682436683\n|move|p2a: Kingambit|Sucker Punch||[still]\n|-fail|p2a: Kingambit\n|move|p1b: Ceruledge|Bitter Blade|p2a: Kingambit\n|-supereffective|p2a: Kingambit\n|-damage|p2a: Kingambit|0 fnt\n|-heal|p1b: Ceruledge|100\/100|[from] drain|[of] p2a: Kingambit\n|faint|p2a: Kingambit\n|-end|p2a: Kingambit|fallen2|[silent]\n|move|p2b: Skeledirge|Torch Song|p1a: Arboliva\n|-resisted|p1a: Arboliva\n|-crit|p1a: Arboliva\n|-damage|p1a: Arboliva|43\/100\n|-boost|p2b: Skeledirge|spa|1\n|-fieldstart|move: Grassy Terrain|[from] ability: Seed Sower|[of] p1a: Arboliva\n|move|p1a: Arboliva|Strength Sap|p2b: Skeledirge\n|-unboost|p2b: Skeledirge|atk|1\n|-heal|p1a: Arboliva|82\/100\n|\n|-heal|p2b: Skeledirge|89\/100|[from] Grassy Terrain\n|-heal|p2b: Skeledirge|95\/100|[from] item: Leftovers\n|-heal|p1a: Arboliva|88\/100|[from] Grassy Terrain\n|-heal|p1a: Arboliva|93\/100|[from] item: Leftovers\n|-damage|p2b: Skeledirge|83\/100|[from] Leech Seed|[of] p1a: Arboliva\n|-heal|p1a: Arboliva|100\/100|[silent]\n|upkeep\n|turn|13\n|\n|t:|1682436706\n|move|p1a: Arboliva|Helping Hand|p1b: Ceruledge\n|-singleturn|p1b: Ceruledge|Helping Hand|[of] p1a: Arboliva\n|move|p1b: Ceruledge|Bitter Blade|p2b: Skeledirge\n|-damage|p2b: Skeledirge|38\/100\n|move|p2b: Skeledirge|Tera Blast|p1a: Arboliva\n|-damage|p1a: Arboliva|28\/100\n|\n|-heal|p2b: Skeledirge|45\/100|[from] Grassy Terrain\n|-heal|p2b: Skeledirge|51\/100|[from] item: Leftovers\n|-heal|p1a: Arboliva|33\/100|[from] Grassy Terrain\n|-heal|p1a: Arboliva|39\/100|[from] item: Leftovers\n|-damage|p2b: Skeledirge|38\/100|[from] Leech Seed|[of] p1a: Arboliva\n|-heal|p1a: Arboliva|53\/100|[silent]\n|upkeep\n|turn|14\n|\n|t:|1682436721\n|move|p1a: Arboliva|Helping Hand|p1b: Ceruledge\n|-singleturn|p1b: Ceruledge|Helping Hand|[of] p1a: Arboliva\n|move|p1b: Ceruledge|Bitter Blade|p2b: Skeledirge\n|-damage|p2b: Skeledirge|0 fnt\n|faint|p2b: Skeledirge\n|\n|win|bigkarpfan8001\n|raw|bigkarpfan8001's rating: 1074 → 1097<\/strong> (+23 for winning)\n|raw|Orpheus43's rating: 1000 → 1000<\/strong> (+0 for losing)\n|l|\u2606Orpheus43\n","uploadtime":1682436730,"views":12,"p1id":"bigkarpfan8001","p2id":"orpheus43","formatid":"gen9vgc2023regulationc","rating":1000,"private":0,"password":""}