{"id":"gen9vgc2023regulationc-1860324776","p1":"heheboilolwtf","p2":"ried36","format":"[Gen 9] VGC 2023 Regulation C","log":"|j|\u2606heheboilolwtf\n|j|\u2606ried36\n|t:|1683632960\n|gametype|doubles\n|player|p1|heheboilolwtf|cynthia-gen4|1000\n|player|p2|ried36|iris-gen5bw2|1026\n|teamsize|p1|6\n|teamsize|p2|6\n|gen|9\n|tier|[Gen 9] VGC 2023 Regulation C\n|rated|\n|rule|Species Clause: Limit one of each Pok\u00e9mon\n|rule|Item Clause: Limit one of each item\n|clearpoke\n|poke|p1|Hatterene, L50, F|\n|poke|p1|Indeedee-F, L50, F|\n|poke|p1|Sableye, L50, M|\n|poke|p1|Krookodile, L50, F|\n|poke|p1|Flamigo, L50, F|\n|poke|p1|Meowscarada, L50, M|\n|poke|p2|Naclstack, L50, M|\n|poke|p2|Grafaiai, L50, F|\n|poke|p2|Altaria, L50, M|\n|poke|p2|Pincurchin, L50, M|\n|poke|p2|Iron Valiant, L50|\n|poke|p2|Iron Treads, L50|\n|teampreview|4\n|inactive|Battle timer is ON: inactive players will automatically lose when time's up. (requested by heheboilolwtf)\nried36 rejected open team sheets.\n|\n|t:|1683632990\n|start\n|switch|p1a: Meowscarada|Meowscarada, L50, M|100\/100\n|switch|p1b: Krookodile|Krookodile, L50, F|100\/100\n|switch|p2a: Grafaiai|Grafaiai, L50, F|100\/100\n|switch|p2b: Iron Valiant|Iron Valiant, L50, shiny|100\/100\n|turn|1\n|inactive|ried36 has 30 seconds left.\n|inactive|heheboilolwtf has 30 seconds left.\n|inactive|heheboilolwtf has 20 seconds left.\n|inactive|heheboilolwtf has 15 seconds left.\n|\n|t:|1683633036\n|move|p1a: Meowscarada|Flower Trick|p1b: Krookodile\n|-supereffective|p1b: Krookodile\n|-crit|p1b: Krookodile\n|-damage|p1b: Krookodile|13\/100\n|-setboost|p1b: Krookodile|atk|6|[from] ability: Anger Point\n|-enditem|p1b: Krookodile|Salac Berry|[eat]\n|-boost|p1b: Krookodile|spe|1|[from] item: Salac Berry\n|move|p1b: Krookodile|Earthquake|p2b: Iron Valiant|[spread] p1a,p2a,p2b\n|-resisted|p1a: Meowscarada\n|-supereffective|p2a: Grafaiai\n|-damage|p1a: Meowscarada|0 fnt\n|-damage|p2a: Grafaiai|0 fnt\n|-damage|p2b: Iron Valiant|0 fnt\n|faint|p1a: Meowscarada\n|faint|p2a: Grafaiai\n|faint|p2b: Iron Valiant\n|-end|p2b: Iron Valiant|Quark Drive|[silent]\n|\n|upkeep\n|\n|t:|1683633050\n|switch|p1a: Flamigo|Flamigo, L50, F|100\/100\n|switch|p2b: Naclstack|Naclstack, L50, M, shiny|100\/100\n|switch|p2a: Pincurchin|Pincurchin, L50, M, shiny|100\/100\n|-copyboost|p1a: Flamigo|p1b: Krookodile|[from] ability: Costar\n|-fieldstart|move: Electric Terrain|[from] ability: Electric Surge|[of] p2a: Pincurchin\n|turn|2\n|\n|t:|1683633071\n|-terastallize|p2b: Naclstack|Ghost\n|move|p2a: Pincurchin|Sucker Punch|p1b: Krookodile\n|-resisted|p1b: Krookodile\n|-damage|p1b: Krookodile|0 fnt\n|faint|p1b: Krookodile\n|move|p1a: Flamigo|Close Combat|p2b: Naclstack\n|-immune|p2b: Naclstack\n|move|p2b: Naclstack|Recover||[still]\n|-fail|p2b: Naclstack|heal\n|\n|upkeep\n|\n|t:|1683633082\n|switch|p1b: Sableye|Sableye, L50, M|100\/100\n|turn|3\n|\n|t:|1683633100\n|-terastallize|p1b: Sableye|Dark\n|move|p1b: Sableye|Fake Out|p2a: Pincurchin\n|-damage|p2a: Pincurchin|88\/100\n|move|p1a: Flamigo|Tailwind|p1a: Flamigo\n|-sidestart|p1: heheboilolwtf|move: Tailwind\n|move|p2b: Naclstack|Salt Cure|p1b: Sableye\n|-damage|p1b: Sableye|86\/100\n|-start|p1b: Sableye|Salt Cure\n|cant|p2a: Pincurchin|flinch\n|\n|-damage|p1b: Sableye|74\/100|[from] Salt Cure\n|upkeep\n|turn|4\n|inactive|heheboilolwtf has 30 seconds left.\n|inactive|ried36 has 30 seconds left.\n|\n|t:|1683633134\n|move|p1b: Sableye|Sucker Punch|p2b: Naclstack\n|-supereffective|p2b: Naclstack\n|-damage|p2b: Naclstack|58\/100\n|move|p1a: Flamigo|Close Combat|p2a: Pincurchin\n|-damage|p2a: Pincurchin|0 fnt\n|-unboost|p1a: Flamigo|def|1\n|-unboost|p1a: Flamigo|spd|1\n|faint|p2a: Pincurchin\n|move|p2b: Naclstack|Body Press|p1b: Sableye\n|-supereffective|p1b: Sableye\n|-damage|p1b: Sableye|6\/100\n|\n|-damage|p1b: Sableye|0 fnt|[from] Salt Cure\n|faint|p1b: Sableye\n|upkeep\n|turn|5\n|\n|t:|1683633155\n|move|p1a: Flamigo|Acrobatics|p2b: Naclstack\n|-damage|p2b: Naclstack|0 fnt\n|faint|p2b: Naclstack\n|\n|win|heheboilolwtf\n|raw|heheboilolwtf's rating: 1000 → 1043<\/strong> (+43 for winning)\n|raw|ried36's rating: 1026 → 1011<\/strong> (-15 for losing)\n|l|\u2606ried36\n","uploadtime":1683633165,"views":12,"p1id":"heheboilolwtf","p2id":"ried36","formatid":"gen9vgc2023regulationc","rating":1011,"private":0,"password":""}