{"id":"gen9vgc2023regulationc-1856627581","p1":"WeAreLiveOnDiscord","p2":"zach_lucius","format":"[Gen 9] VGC 2023 Regulation C","log":"|j|\u2606WeAreLiveOnDiscord\n|j|\u2606zach_lucius\n|t:|1683084575\n|gametype|doubles\n|player|p1|WeAreLiveOnDiscord|2|1029\n|player|p2|zach_lucius|rosa|1126\n|teamsize|p1|6\n|teamsize|p2|6\n|gen|9\n|tier|[Gen 9] VGC 2023 Regulation C\n|rated|\n|rule|Species Clause: Limit one of each Pok\u00e9mon\n|rule|Item Clause: Limit one of each item\n|clearpoke\n|poke|p1|Torkoal, L50, F|\n|poke|p1|Lilligant, L50, F|\n|poke|p1|Flutter Mane, L50|\n|poke|p1|Great Tusk, L50|\n|poke|p1|Dragonite, L50, F|\n|poke|p1|Kingambit, L50, F|\n|poke|p2|Ditto, L50|\n|poke|p2|Indeedee-F, L50, F|\n|poke|p2|Arboliva, L50, M|\n|poke|p2|Farigiraf, L50, F|\n|poke|p2|Braviary, L50, M|\n|poke|p2|Pyroar, L50, M|\n|teampreview|4\nzach_lucius has agreed to open team sheets.\n|\n|t:|1683084662\n|start\n|switch|p1a: Torkoal|Torkoal, L50, F|100\/100\n|switch|p1b: Lilligant|Lilligant, L50, F|100\/100\n|switch|p2a: Indeedee|Indeedee-F, L50, F|100\/100\n|switch|p2b: Braviary|Braviary, L50, M|100\/100\n|-fieldstart|move: Psychic Terrain|[from] ability: Psychic Surge|[of] p2a: Indeedee\n|-enditem|p2a: Indeedee|Psychic Seed\n|-boost|p2a: Indeedee|spd|1|[from] item: Psychic Seed\n|-weather|SunnyDay|[from] ability: Drought|[of] p1a: Torkoal\n|turn|1\n|\n|t:|1683084684\n|-terastallize|p1a: Torkoal|Fire\n|move|p2a: Indeedee|Follow Me|p2a: Indeedee\n|-singleturn|p2a: Indeedee|move: Follow Me\n|move|p1b: Lilligant|After You||[still]\n|-fail|p1b: Lilligant\n|move|p2b: Braviary|Tailwind|p2b: Braviary\n|-sidestart|p2: zach_lucius|move: Tailwind\n|move|p1a: Torkoal|Eruption|p2b: Braviary|[spread] p2a,p2b\n|-damage|p2a: Indeedee|19\/100\n|-damage|p2b: Braviary|0 fnt\n|faint|p2b: Braviary\n|\n|-weather|SunnyDay|[upkeep]\n|upkeep\n|\n|t:|1683084702\n|switch|p2b: Pyroar|Pyroar, L50, M|100\/100\n|-ability|p2b: Pyroar|Unnerve\n|turn|2\n|\n|t:|1683084725\n|move|p2a: Indeedee|Follow Me|p2a: Indeedee\n|-singleturn|p2a: Indeedee|move: Follow Me\n|move|p1b: Lilligant|Leaf Storm|p2a: Indeedee\n|-damage|p2a: Indeedee|0 fnt\n|-unboost|p1b: Lilligant|spa|2\n|faint|p2a: Indeedee\n|move|p2b: Pyroar|Heat Wave|p1b: Lilligant|[spread] p1a,p1b\n|-resisted|p1a: Torkoal\n|-supereffective|p1b: Lilligant\n|-damage|p1a: Torkoal|47\/100\n|-enditem|p1b: Lilligant|Focus Sash\n|-damage|p1b: Lilligant|1\/100\n|move|p1a: Torkoal|Eruption|p2b: Pyroar\n|-resisted|p2b: Pyroar\n|-damage|p2b: Pyroar|47\/100\n|\n|-weather|SunnyDay|[upkeep]\n|upkeep\n|\n|t:|1683084739\n|switch|p2a: Arboliva|Arboliva, L50, M|100\/100\n|turn|3\n|\n|t:|1683084746\n|-terastallize|p2a: Arboliva|Water\n|move|p1b: Lilligant|After You|p1a: Torkoal\n|-activate|p1a: Torkoal|move: After You\n|move|p1a: Torkoal|Eruption|p2b: Pyroar|[spread] p2a,p2b\n|-resisted|p2a: Arboliva\n|-resisted|p2b: Pyroar\n|-damage|p2a: Arboliva|75\/100\n|-damage|p2b: Pyroar|5\/100\n|-fieldstart|move: Grassy Terrain|[from] ability: Seed Sower|[of] p2a: Arboliva\n|move|p2b: Pyroar|Heat Wave|p1a: Torkoal|[spread] p1a,p1b\n|-resisted|p1a: Torkoal\n|-supereffective|p1b: Lilligant\n|-damage|p1a: Torkoal|0 fnt\n|-damage|p1b: Lilligant|0 fnt\n|faint|p1a: Torkoal\n|faint|p1b: Lilligant\n|move|p2a: Arboliva|Tera Blast|p1: Torkoal|[notarget]\n|-fail|p2a: Arboliva\n|\n|-weather|SunnyDay|[upkeep]\n|-heal|p2b: Pyroar|11\/100|[from] Grassy Terrain\n|-heal|p2a: Arboliva|80\/100|[from] Grassy Terrain\n|-heal|p2a: Arboliva|86\/100|[from] item: Leftovers\n|upkeep\n|\n|t:|1683084765\n|switch|p1b: Great Tusk|Great Tusk, L50|100\/100\n|switch|p1a: Flutter Mane|Flutter Mane, L50|100\/100\n|-activate|p1b: Great Tusk|ability: Protosynthesis\n|-start|p1b: Great Tusk|protosynthesisatk\n|-activate|p1a: Flutter Mane|ability: Protosynthesis\n|-start|p1a: Flutter Mane|protosynthesisspa\n|turn|4\n|\n|t:|1683084796\n|move|p2b: Pyroar|Heat Wave|p1b: Great Tusk|[spread] p1a,p1b\n|-damage|p1a: Flutter Mane|15\/100\n|-damage|p1b: Great Tusk|0 fnt\n|faint|p1b: Great Tusk\n|-end|p1b: Great Tusk|Protosynthesis|[silent]\n|move|p1a: Flutter Mane|Dazzling Gleam|p2b: Pyroar|[spread] p2a,p2b\n|-resisted|p2b: Pyroar\n|-damage|p2a: Arboliva|31\/100\n|-damage|p2b: Pyroar|0 fnt\n|faint|p2b: Pyroar\n|move|p2a: Arboliva|Leech Seed|p1a: Flutter Mane\n|-start|p1a: Flutter Mane|move: Leech Seed\n|\n|-weather|SunnyDay|[upkeep]\n|-heal|p1a: Flutter Mane|21\/100|[from] Grassy Terrain\n|-heal|p2a: Arboliva|37\/100|[from] Grassy Terrain\n|-heal|p2a: Arboliva|43\/100|[from] item: Leftovers\n|-damage|p1a: Flutter Mane|9\/100|[from] Leech Seed|[of] p2a: Arboliva\n|-heal|p2a: Arboliva|51\/100|[silent]\n|-sideend|p2: zach_lucius|move: Tailwind\n|upkeep\n|turn|5\n|\n|t:|1683084811\n|move|p2a: Arboliva|Protect|p2a: Arboliva\n|-singleturn|p2a: Arboliva|Protect\n|move|p1a: Flutter Mane|Dazzling Gleam|p2a: Arboliva\n|-activate|p2a: Arboliva|move: Protect\n|\n|-weather|none\n|-end|p1a: Flutter Mane|Protosynthesis\n|-heal|p1a: Flutter Mane|15\/100|[from] Grassy Terrain\n|-heal|p2a: Arboliva|57\/100|[from] Grassy Terrain\n|-heal|p2a: Arboliva|63\/100|[from] item: Leftovers\n|-damage|p1a: Flutter Mane|3\/100|[from] Leech Seed|[of] p2a: Arboliva\n|-heal|p2a: Arboliva|72\/100|[silent]\n|upkeep\n|turn|6\n|\n|t:|1683084822\n|move|p1a: Flutter Mane|Dazzling Gleam|p2a: Arboliva\n|-damage|p2a: Arboliva|13\/100\n|move|p2a: Arboliva|Giga Drain|p1a: Flutter Mane\n|-damage|p1a: Flutter Mane|0 fnt\n|-heal|p2a: Arboliva|14\/100|[from] drain|[of] p1a: Flutter Mane\n|faint|p1a: Flutter Mane\n|-end|p1a: Flutter Mane|Protosynthesis|[silent]\n|\n|win|zach_lucius\n|raw|WeAreLiveOnDiscord's rating: 1029 → 1019<\/strong> (-10 for losing)\n|raw|zach_lucius's rating: 1126 → 1144<\/strong> (+18 for winning)\n|l|\u2606WeAreLiveOnDiscord\n","uploadtime":1683084832,"views":9,"p1id":"weareliveondiscord","p2id":"zachlucius","formatid":"gen9vgc2023regulationc","rating":1019,"private":0,"password":""}