{"id":"gen9vgc2023regulationc-1851748208","p1":"0TestingAC0","p2":"kushsmoker68","format":"[Gen 9] VGC 2023 Regulation C","log":"|j|\u26060TestingAC0\n|j|\u2606kushsmoker68\n|t:|1682477677\n|gametype|doubles\n|player|p1|0TestingAC0|170|1045\n|player|p2|kushsmoker68|clerkf|1071\n|teamsize|p1|6\n|teamsize|p2|6\n|gen|9\n|tier|[Gen 9] VGC 2023 Regulation C\n|rated|\n|rule|Species Clause: Limit one of each Pok\u00e9mon\n|rule|Item Clause: Limit one of each item\n|clearpoke\n|poke|p1|Arcanine, L50, M|\n|poke|p1|Iron Bundle, L50|\n|poke|p1|Amoonguss, L50, M|\n|poke|p1|Flutter Mane, L50|\n|poke|p1|Great Tusk, L50|\n|poke|p1|Ting-Lu, L50|\n|poke|p2|Indeedee-F, L50, F|\n|poke|p2|Armarouge, L50, F|\n|poke|p2|Maushold, L50|\n|poke|p2|Meowscarada, L50, M|\n|poke|p2|Annihilape, L50, M|\n|poke|p2|Palafin, L50, M|\n|teampreview|4\n|\n|t:|1682477697\n|start\n|switch|p1a: Iron Bundle|Iron Bundle, L50|100\/100\n|switch|p1b: Great Tusk|Great Tusk, L50|100\/100\n|switch|p2a: the red light|Indeedee-F, L50, F|100\/100\n|switch|p2b: ecco2k|Palafin, L50, M|100\/100\n|-fieldstart|move: Psychic Terrain|[from] ability: Psychic Surge|[of] p2a: the red light\n|-enditem|p2a: the red light|Psychic Seed\n|-boost|p2a: the red light|spd|1|[from] item: Psychic Seed\n|-enditem|p1a: Iron Bundle|Booster Energy\n|-activate|p1a: Iron Bundle|ability: Quark Drive|[fromitem]\n|-start|p1a: Iron Bundle|quarkdrivespe\n|turn|1\n|\n|t:|1682477731\n|move|p1a: Iron Bundle|Ice Beam|p2a: the red light\n|-damage|p2a: the red light|75\/100\n|move|p1b: Great Tusk|Headlong Rush|p2a: the red light\n|-damage|p2a: the red light|13\/100\n|-unboost|p1b: Great Tusk|def|1\n|-unboost|p1b: Great Tusk|spd|1\n|move|p2b: ecco2k|Flip Turn|p1b: Great Tusk\n|-supereffective|p1b: Great Tusk\n|-damage|p1b: Great Tusk|31\/100\n|\n|t:|1682477743\n|detailschange|p2b: ecco2k|Palafin-Hero, L50, M\n|switch|p2b: roxanne|Armarouge, L50, F|100\/100|[from] Flip Turn\n|move|p2a: the red light|Trick Room|p2a: the red light\n|-fieldstart|move: Trick Room|[of] p2a: the red light\n|\n|upkeep\n|turn|2\n|\n|t:|1682477762\n|-terastallize|p2b: roxanne|Psychic\n|move|p2a: the red light|Helping Hand|p2b: roxanne\n|-singleturn|p2b: roxanne|Helping Hand|[of] p2a: the red light\n|move|p1b: Great Tusk|Protect|p1b: Great Tusk\n|-singleturn|p1b: Great Tusk|Protect\n|move|p2b: roxanne|Expanding Force|p1b: Great Tusk|[spread] p1a\n|-activate|p1b: Great Tusk|move: Protect\n|-damage|p1a: Iron Bundle|0 fnt\n|faint|p1a: Iron Bundle\n|-end|p1a: Iron Bundle|Quark Drive|[silent]\n|\n|upkeep\n|\n|t:|1682477776\n|switch|p1a: Ting-Lu|Ting-Lu, L50|100\/100\n|-ability|p1a: Ting-Lu|Vessel of Ruin\n|turn|3\n|\n|t:|1682477796\n|-terastallize|p1a: Ting-Lu|Water\n|move|p2a: the red light|Follow Me|p2a: the red light\n|-singleturn|p2a: the red light|move: Follow Me\n|move|p1a: Ting-Lu|Heavy Slam|p2a: the red light\n|-damage|p2a: the red light|0 fnt\n|faint|p2a: the red light\n|move|p2b: roxanne|Armor Cannon|p1a: Ting-Lu\n|-resisted|p1a: Ting-Lu\n|-damage|p1a: Ting-Lu|86\/100\n|-unboost|p2b: roxanne|def|1\n|-unboost|p2b: roxanne|spd|1\n|move|p1b: Great Tusk|Headlong Rush|p2b: roxanne\n|-damage|p2b: roxanne|19\/100\n|-unboost|p1b: Great Tusk|def|1\n|-unboost|p1b: Great Tusk|spd|1\n|\n|upkeep\n|\n|t:|1682477816\n|switch|p2a: tuxedo flower|Meowscarada, L50, M|100\/100\n|turn|4\n|\n|t:|1682477848\n|move|p1a: Ting-Lu|Stomping Tantrum|p2b: roxanne\n|-damage|p2b: roxanne|0 fnt\n|faint|p2b: roxanne\n|move|p1b: Great Tusk|Close Combat|p2a: tuxedo flower\n|-supereffective|p2a: tuxedo flower\n|-enditem|p2a: tuxedo flower|Focus Sash\n|-damage|p2a: tuxedo flower|1\/100\n|-unboost|p1b: Great Tusk|def|1\n|-unboost|p1b: Great Tusk|spd|1\n|move|p2a: tuxedo flower|U-turn|p1b: Great Tusk\n|-resisted|p1b: Great Tusk\n|-damage|p1b: Great Tusk|11\/100\n|\n|t:|1682477859\n|switch|p2a: ecco2k|Palafin-Hero, L50, M|100\/100|[from] U-turn\n|-activate|p2a: ecco2k|ability: Zero to Hero\n|\n|upkeep\n|\n|t:|1682477865\n|switch|p2b: tuxedo flower|Meowscarada, L50, M|1\/100\n|turn|5\n|\n|t:|1682477883\n|move|p1b: Great Tusk|Protect|p1b: Great Tusk\n|-singleturn|p1b: Great Tusk|Protect\n|move|p2b: tuxedo flower|Protect|p2b: tuxedo flower\n|-singleturn|p2b: tuxedo flower|Protect\n|move|p1a: Ting-Lu|Stomping Tantrum|p2b: tuxedo flower\n|-activate|p2b: tuxedo flower|move: Protect\n|move|p2a: ecco2k|Close Combat|p1a: Ting-Lu\n|-damage|p1a: Ting-Lu|58\/100\n|-unboost|p2a: ecco2k|def|1\n|-unboost|p2a: ecco2k|spd|1\n|\n|-fieldend|move: Trick Room\n|-fieldend|move: Psychic Terrain\n|upkeep\n|turn|6\n|\n|t:|1682477923\n|move|p2a: ecco2k|Jet Punch|p1b: Great Tusk\n|-supereffective|p1b: Great Tusk\n|-damage|p1b: Great Tusk|0 fnt\n|faint|p1b: Great Tusk\n|-end|p1b: Great Tusk|Protosynthesis|[silent]\n|move|p2b: tuxedo flower|Flower Trick|p1a: Ting-Lu\n|-supereffective|p1a: Ting-Lu\n|-crit|p1a: Ting-Lu\n|-damage|p1a: Ting-Lu|0 fnt\n|faint|p1a: Ting-Lu\n|\n|upkeep\n|\n|t:|1682477934\n|switch|p1a: Flutter Mane|Flutter Mane, L50|100\/100\n|turn|7\n|\n|t:|1682477953\n|move|p2b: tuxedo flower|Flower Trick|p1a: Flutter Mane\n|-crit|p1a: Flutter Mane\n|-damage|p1a: Flutter Mane|0 fnt\n|faint|p1a: Flutter Mane\n|-end|p1a: Flutter Mane|Protosynthesis|[silent]\n|\n|win|kushsmoker68\n|raw|0TestingAC0's rating: 1045 → 1030<\/strong> (-15 for losing)\n|raw|kushsmoker68's rating: 1071 → 1098<\/strong> (+27 for winning)\n|l|\u26060TestingAC0\n","uploadtime":1682477964,"views":12,"p1id":"0testingac0","p2id":"kushsmoker68","formatid":"gen9vgc2023regulationc","rating":1030,"private":0,"password":""}