{"id":"gen9vgc2023regulationc-1852485713","p1":"foiledfeline","p2":"Dihap","format":"[Gen 9] VGC 2023 Regulation C","log":"|j|\u2606foiledfeline\n|j|\u2606Dihap\n|t:|1682563765\n|gametype|doubles\n|player|p1|foiledfeline|102|1232\n|player|p2|Dihap|170|1232\n|teamsize|p1|6\n|teamsize|p2|6\n|gen|9\n|tier|[Gen 9] VGC 2023 Regulation C\n|rated|\n|rule|Species Clause: Limit one of each Pok\u00e9mon\n|rule|Item Clause: Limit one of each item\n|clearpoke\n|poke|p1|Flutter Mane, L50|\n|poke|p1|Talonflame, L50, F|\n|poke|p1|Baxcalibur, L50, M|\n|poke|p1|Ting-Lu, L50|\n|poke|p1|Gyarados, L50, F|\n|poke|p1|Breloom, L50, M|\n|poke|p2|Maushold, L50|\n|poke|p2|Annihilape, L50, F|\n|poke|p2|Amoonguss, L50, F|\n|poke|p2|Ting-Lu, L50|\n|poke|p2|Chien-Pao, L50|\n|poke|p2|Dragonite, L50, F|\n|teampreview|4\nfoiledfeline has agreed to open team sheets.\nDihap has agreed to open team sheets.\n|inactive|Battle timer is ON: inactive players will automatically lose when time's up. (requested by Dihap)\n|\n|t:|1682563829\n|start\n|switch|p1a: Talonflame|Talonflame, L50, F|100\/100\n|switch|p1b: Baxcalibur|Baxcalibur, L50, M|100\/100\n|switch|p2a: theFamily|Maushold, L50|100\/100\n|switch|p2b: Goblin|Annihilape, L50, F, shiny|100\/100\n|turn|1\n|\n|t:|1682563854\n|-terastallize|p1b: Baxcalibur|Poison\n|-terastallize|p2b: Goblin|Fire\n|move|p1a: Talonflame|Brave Bird|p2b: Goblin\n|-damage|p2b: Goblin|59\/100\n|-damage|p1a: Talonflame|81\/100|[from] Recoil\n|move|p2a: theFamily|Beat Up|p2b: Goblin\n|-damage|p2b: Goblin|57\/100\n|-damage|p2b: Goblin|55\/100\n|-damage|p2b: Goblin|53\/100\n|-damage|p2b: Goblin|51\/100\n|-hitcount|p2b: Goblin|4\n|move|p1b: Baxcalibur|Earthquake|p2b: Goblin|[spread] p2a,p2b\n|-immune|p1a: Talonflame\n|-supereffective|p2b: Goblin\n|-damage|p2a: theFamily|60\/100\n|-damage|p2b: Goblin|10\/100\n|move|p2b: Goblin|Rage Fist|p1b: Baxcalibur\n|-damage|p1b: Baxcalibur|0 fnt\n|faint|p1b: Baxcalibur\n|\n|-heal|p2b: Goblin|16\/100|[from] item: Leftovers\n|upkeep\n|inactive|foiledfeline has 30 seconds left.\n|\n|t:|1682563879\n|switch|p1b: Flutter Mane|Flutter Mane, L50|100\/100\n|-enditem|p1b: Flutter Mane|Booster Energy\n|-activate|p1b: Flutter Mane|ability: Protosynthesis|[fromitem]\n|-start|p1b: Flutter Mane|protosynthesisspa\n|turn|2\n|inactive|Dihap has 30 seconds left.\n|\n|t:|1682563912\n|switch|p2b: Ting-Lu|Ting-Lu, L50|100\/100\n|-ability|p2b: Ting-Lu|Vessel of Ruin\n|move|p2a: theFamily|Protect|p2a: theFamily\n|-singleturn|p2a: theFamily|Protect\n|move|p1a: Talonflame|Brave Bird|p2b: Ting-Lu\n|-damage|p2b: Ting-Lu|76\/100\n|-damage|p1a: Talonflame|67\/100|[from] Recoil\n|move|p1b: Flutter Mane|Dazzling Gleam|p2b: Ting-Lu|[spread] p2b\n|-activate|p2a: theFamily|move: Protect\n|-supereffective|p2b: Ting-Lu\n|-damage|p2b: Ting-Lu|53\/100\n|\n|upkeep\n|turn|3\n|\n|t:|1682563932\n|-end|p1b: Flutter Mane|Protosynthesis|[silent]\n|switch|p1b: Gyarados|Gyarados, L50, F|100\/100\n|-ability|p1b: Gyarados|Intimidate|boost\n|-unboost|p2a: theFamily|atk|1\n|-unboost|p2b: Ting-Lu|atk|1\n|move|p2a: theFamily|Follow Me|p2a: theFamily\n|-singleturn|p2a: theFamily|move: Follow Me\n|move|p1a: Talonflame|Brave Bird|p2a: theFamily\n|-damage|p2a: theFamily|0 fnt\n|faint|p2a: theFamily\n|-damage|p1a: Talonflame|45\/100|[from] Recoil\n|move|p2b: Ting-Lu|Rock Slide|p1b: Gyarados|[spread] p1a,p1b\n|-supereffective|p1a: Talonflame\n|-supereffective|p1b: Gyarados\n|-damage|p1a: Talonflame|0 fnt\n|-damage|p1b: Gyarados|75\/100\n|faint|p1a: Talonflame\n|\n|upkeep\n|\n|t:|1682563949\n|switch|p1a: Flutter Mane|Flutter Mane, L50|100\/100\n|switch|p2a: Goblin|Annihilape, L50, F, shiny, tera:Fire|16\/100\n|turn|4\n|\n|t:|1682563966\n|move|p2a: Goblin|Protect|p2a: Goblin\n|-singleturn|p2a: Goblin|Protect\n|move|p1a: Flutter Mane|Shadow Ball|p2a: Goblin\n|-activate|p2a: Goblin|move: Protect\n|move|p1b: Gyarados|Waterfall|p2b: Ting-Lu\n|-supereffective|p2b: Ting-Lu\n|-crit|p2b: Ting-Lu\n|-damage|p2b: Ting-Lu|0 fnt\n|faint|p2b: Ting-Lu\n|\n|-heal|p2a: Goblin|22\/100|[from] item: Leftovers\n|upkeep\n|\n|t:|1682563975\n|switch|p2b: Shrom41Mor|Amoonguss, L50, F|100\/100\n|turn|5\n|\n|t:|1682563981\n|move|p1a: Flutter Mane|Protect|p1a: Flutter Mane\n|-singleturn|p1a: Flutter Mane|Protect\n|move|p2b: Shrom41Mor|Rage Powder|p2b: Shrom41Mor\n|-singleturn|p2b: Shrom41Mor|move: Rage Powder\n|move|p2a: Goblin|Rage Fist|p1a: Flutter Mane\n|-activate|p1a: Flutter Mane|move: Protect\n|move|p1b: Gyarados|Taunt|p2b: Shrom41Mor\n|-start|p2b: Shrom41Mor|move: Taunt\n|\n|-heal|p2a: Goblin|28\/100|[from] item: Leftovers\n|upkeep\n|turn|6\n|\n|t:|1682563996\n|move|p1a: Flutter Mane|Shadow Ball|p2a: Goblin\n|-damage|p2a: Goblin|0 fnt\n|faint|p2a: Goblin\n|move|p1b: Gyarados|Waterfall|p2b: Shrom41Mor\n|-resisted|p2b: Shrom41Mor\n|-damage|p2b: Shrom41Mor|85\/100\n|move|p2b: Shrom41Mor|Pollen Puff|p2: Goblin|[notarget]\n|-fail|p2b: Shrom41Mor\n|\n|upkeep\n|turn|7\n|-message|Dihap forfeited.\n|\n|win|foiledfeline\n|raw|foiledfeline's rating: 1232 → 1257<\/strong> (+25 for winning)\n|raw|Dihap's rating: 1232 → 1207<\/strong> (-25 for losing)\n|l|\u2606Dihap\n","uploadtime":1682564007,"views":8,"p1id":"foiledfeline","p2id":"dihap","formatid":"gen9vgc2023regulationc","rating":1207,"private":0,"password":""}