{"id":"gen9vgc2023regulationc-1860954488","p1":"Xenith_Shadow","p2":"jy1997","format":"[Gen 9] VGC 2023 Regulation C","log":"|j|\u2606Xenith_Shadow\n|j|\u2606jy1997\n|t:|1683702393\n|gametype|doubles\n|player|p1|Xenith_Shadow|twins|1104\n|player|p2|jy1997|266|1105\n|teamsize|p1|6\n|teamsize|p2|6\n|gen|9\n|tier|[Gen 9] VGC 2023 Regulation C\n|rated|\n|rule|Species Clause: Limit one of each Pok\u00e9mon\n|rule|Item Clause: Limit one of each item\n|clearpoke\n|poke|p1|Jolteon, L50, F|\n|poke|p1|Dudunsparce-*, L50, M|\n|poke|p1|Garchomp, L50, F|\n|poke|p1|Flamigo, L50, M|\n|poke|p1|Flutter Mane, L50|\n|poke|p1|Komala, L50, M|\n|poke|p2|Gothitelle, L50, F|\n|poke|p2|Arcanine, L50, F|\n|poke|p2|Scream Tail, L50|\n|poke|p2|Amoonguss, L50, M|\n|poke|p2|Ting-Lu, L50|\n|poke|p2|Scizor, L50, F|\n|teampreview|4\n|\n|t:|1683702446\n|start\n|switch|p1a: Jolteon|Jolteon, L50, F|100\/100\n|switch|p1b: Dudunsparce|Dudunsparce, L50, M|100\/100\n|switch|p2a: Scizor|Scizor, L50, F|100\/100\n|switch|p2b: Amoonguss|Amoonguss, L50, M|100\/100\n|turn|1\n|inactive|Battle timer is ON: inactive players will automatically lose when time's up. (requested by jy1997)\n|\n|t:|1683702472\n|switch|p2b: Scream Tail|Scream Tail, L50|100\/100\n|-terastallize|p1b: Dudunsparce|Psychic\n|move|p1a: Jolteon|Pin Missile|p1b: Dudunsparce\n|-supereffective|p1b: Dudunsparce\n|-damage|p1b: Dudunsparce|94\/100\n|-ability|p1b: Dudunsparce|Rattled|boost\n|-boost|p1b: Dudunsparce|spe|1\n|-enditem|p1b: Dudunsparce|Weakness Policy\n|-boost|p1b: Dudunsparce|atk|2|[from] item: Weakness Policy\n|-boost|p1b: Dudunsparce|spa|2|[from] item: Weakness Policy\n|-supereffective|p1b: Dudunsparce\n|-damage|p1b: Dudunsparce|87\/100\n|-ability|p1b: Dudunsparce|Rattled|boost\n|-boost|p1b: Dudunsparce|spe|1\n|-supereffective|p1b: Dudunsparce\n|-damage|p1b: Dudunsparce|81\/100\n|-ability|p1b: Dudunsparce|Rattled|boost\n|-boost|p1b: Dudunsparce|spe|1\n|-hitcount|p1b: Dudunsparce|3\n|move|p1b: Dudunsparce|Stored Power|p2b: Scream Tail\n|-resisted|p2b: Scream Tail\n|-damage|p2b: Scream Tail|60\/100\n|move|p2a: Scizor|U-turn|p1b: Dudunsparce\n|-supereffective|p1b: Dudunsparce\n|-damage|p1b: Dudunsparce|0 fnt\n|faint|p1b: Dudunsparce\n|\n|t:|1683702494\n|switch|p2a: Gothitelle|Gothitelle, L50, F|100\/100|[from] U-turn\n|\n|upkeep\n|\n|t:|1683702499\n|switch|p1b: Garchomp|Garchomp, L50, F|100\/100\n|turn|2\n|\n|t:|1683702522\n|move|p2a: Gothitelle|Fake Out|p1b: Garchomp\n|-damage|p1b: Garchomp|95\/100\n|move|p1a: Jolteon|Discharge|p2a: Gothitelle|[spread] p2a,p2b\n|-immune|p1b: Garchomp\n|-damage|p2a: Gothitelle|73\/100\n|-damage|p2b: Scream Tail|37\/100\n|-status|p2a: Gothitelle|par\n|move|p2b: Scream Tail|Perish Song|p2b: Scream Tail\n|-start|p1a: Jolteon|perish3|[silent]\n|-start|p1b: Garchomp|perish3|[silent]\n|-start|p2a: Gothitelle|perish3|[silent]\n|-start|p2b: Scream Tail|perish3|[silent]\n|-fieldactivate|move: Perish Song\n|cant|p1b: Garchomp|flinch\n|\n|-start|p1a: Jolteon|perish3\n|-start|p2b: Scream Tail|perish3\n|-start|p1b: Garchomp|perish3\n|-start|p2a: Gothitelle|perish3\n|upkeep\n|turn|3\n|inactive|Xenith_Shadow has 30 seconds left.\n|inactive|jy1997 has 30 seconds left.\n|inactive|jy1997 has 20 seconds left.\n|\n|t:|1683702563\n|switch|p2a: Amoonguss|Amoonguss, L50, M|100\/100\n|move|p2b: Scream Tail|Protect|p2b: Scream Tail\n|-singleturn|p2b: Scream Tail|Protect\n|move|p1a: Jolteon|Volt Switch|p2a: Amoonguss\n|-resisted|p2a: Amoonguss\n|-crit|p2a: Amoonguss\n|-damage|p2a: Amoonguss|79\/100\n|\n|t:|1683702571\n|switch|p1a: Flamigo|Flamigo, L50, M|100\/100|[from] Volt Switch\n|-copyboost|p1a: Flamigo|p1b: Garchomp|[from] ability: Costar\n|move|p1b: Garchomp|Earthquake|p2a: Amoonguss|[spread] p2a\n|-activate|p2b: Scream Tail|move: Protect\n|-immune|p1a: Flamigo\n|-damage|p2a: Amoonguss|31\/100\n|\n|-start|p2b: Scream Tail|perish2\n|-start|p1b: Garchomp|perish2\n|upkeep\n|turn|4\n|inactive|Xenith_Shadow has 30 seconds left.\n|inactive|jy1997 has 30 seconds left.\n|\n|t:|1683702598\n|-end|p2b: Scream Tail|Protosynthesis|[silent]\n|switch|p2b: Gothitelle|Gothitelle, L50, F|73\/100 par\n|switch|p1b: Jolteon|Jolteon, L50, F|100\/100\n|move|p2a: Amoonguss|Protect|p2a: Amoonguss\n|-singleturn|p2a: Amoonguss|Protect\n|move|p1a: Flamigo|Close Combat|p2b: Gothitelle\n|-resisted|p2b: Gothitelle\n|-damage|p2b: Gothitelle|50\/100 par\n|-unboost|p1a: Flamigo|def|1\n|-unboost|p1a: Flamigo|spd|1\n|-enditem|p1a: Flamigo|White Herb\n|-clearnegativeboost|p1a: Flamigo|[silent]\n|-enditem|p2b: Gothitelle|Sitrus Berry|[eat]\n|-heal|p2b: Gothitelle|75\/100 par|[from] item: Sitrus Berry\n|\n|upkeep\n|turn|5\n|inactive|Xenith_Shadow has 30 seconds left.\n|\n|t:|1683702632\n|cant|p2b: Gothitelle|par\n|move|p1b: Jolteon|Volt Switch|p2a: Amoonguss\n|-resisted|p2a: Amoonguss\n|-damage|p2a: Amoonguss|18\/100\n|\n|t:|1683702637\n|switch|p1b: Garchomp|Garchomp, L50, F|95\/100|[from] Volt Switch\n|move|p1a: Flamigo|Acrobatics|p2a: Amoonguss\n|-supereffective|p2a: Amoonguss\n|-damage|p2a: Amoonguss|0 fnt\n|faint|p2a: Amoonguss\n|\n|upkeep\n|\n|t:|1683702644\n|switch|p2a: Scream Tail|Scream Tail, L50|37\/100\n|turn|6\n|\n|t:|1683702657\n|move|p2b: Gothitelle|Protect|p2b: Gothitelle\n|-singleturn|p2b: Gothitelle|Protect\n|move|p2a: Scream Tail|Perish Song|p2a: Scream Tail\n|-start|p1a: Flamigo|perish3|[silent]\n|-start|p1b: Garchomp|perish3|[silent]\n|-start|p2a: Scream Tail|perish3|[silent]\n|-start|p2b: Gothitelle|perish3|[silent]\n|-fieldactivate|move: Perish Song\n|move|p1b: Garchomp|Earthquake|p2b: Gothitelle|[spread] p2a\n|-activate|p2b: Gothitelle|move: Protect\n|-immune|p1a: Flamigo\n|-damage|p2a: Scream Tail|14\/100\n|-enditem|p2a: Scream Tail|Aguav Berry|[eat]\n|-heal|p2a: Scream Tail|47\/100|[from] item: Aguav Berry\n|move|p1a: Flamigo|Acrobatics|p2a: Scream Tail\n|-damage|p2a: Scream Tail|16\/100\n|\n|-start|p2a: Scream Tail|perish3\n|-start|p1a: Flamigo|perish3\n|-start|p1b: Garchomp|perish3\n|-start|p2b: Gothitelle|perish3\n|upkeep\n|turn|7\n|inactive|Xenith_Shadow has 30 seconds left.\n|inactive|jy1997 has 30 seconds left.\n|\n|t:|1683702685\n|move|p2a: Scream Tail|Disable|p1b: Garchomp\n|-start|p1b: Garchomp|Disable|Earthquake\n|move|p1a: Flamigo|Acrobatics|p2b: Gothitelle\n|-damage|p2b: Gothitelle|28\/100 par\n|cant|p1b: Garchomp|Disable|Earthquake\n|move|p2b: Gothitelle|Heal Pulse|p2a: Scream Tail\n|-heal|p2a: Scream Tail|66\/100\n|\n|-start|p2a: Scream Tail|perish2\n|-start|p1b: Garchomp|perish2\n|-start|p1a: Flamigo|perish2\n|-start|p2b: Gothitelle|perish2\n|upkeep\n|turn|8\n|\n|t:|1683702705\n|move|p2a: Scream Tail|Protect|p2a: Scream Tail\n|-singleturn|p2a: Scream Tail|Protect\n|move|p2b: Gothitelle|Protect|p2b: Gothitelle\n|-singleturn|p2b: Gothitelle|Protect\n|move|p1b: Garchomp|Rock Slide|p2a: Scream Tail|[spread] \n|-activate|p2a: Scream Tail|move: Protect\n|-activate|p2b: Gothitelle|move: Protect\n|move|p1a: Flamigo|Acrobatics|p2a: Scream Tail\n|-activate|p2a: Scream Tail|move: Protect\n|\n|-start|p2a: Scream Tail|perish1\n|-start|p1b: Garchomp|perish1\n|-start|p1a: Flamigo|perish1\n|-start|p2b: Gothitelle|perish1\n|upkeep\n|turn|9\n|\n|t:|1683702730\n|-end|p2a: Scream Tail|Protosynthesis|[silent]\n|switch|p2a: Scizor|Scizor, L50, F|100\/100\n|move|p1a: Flamigo|Acrobatics|p2a: Scizor\n|-damage|p2a: Scizor|39\/100\n|move|p1b: Garchomp|Rock Slide|p2a: Scizor|[spread] p2a,p2b\n|-damage|p2a: Scizor|16\/100\n|-damage|p2b: Gothitelle|12\/100 par\n|cant|p2b: Gothitelle|flinch\n|\n|-start|p1a: Flamigo|perish0\n|-start|p1b: Garchomp|perish0\n|-start|p2b: Gothitelle|perish0\n|upkeep\n|faint|p1a: Flamigo\n|faint|p1b: Garchomp\n|faint|p2b: Gothitelle\n|\n|t:|1683702751\n|switch|p1b: Jolteon|Jolteon, L50, F|100\/100\n|switch|p2b: Scream Tail|Scream Tail, L50|66\/100\n|turn|10\n|inactive|jy1997 has 30 seconds left.\n|\n|t:|1683702778\n|move|p1b: Jolteon|Discharge|p2a: Scizor|[spread] p2a,p2b\n|-damage|p2a: Scizor|0 fnt\n|-damage|p2b: Scream Tail|41\/100\n|-status|p2b: Scream Tail|par\n|faint|p2a: Scizor\n|move|p2b: Scream Tail|Perish Song|p2b: Scream Tail\n|-start|p1b: Jolteon|perish3|[silent]\n|-start|p2b: Scream Tail|perish3|[silent]\n|-fieldactivate|move: Perish Song\n|\n|-start|p1b: Jolteon|perish3\n|-start|p2b: Scream Tail|perish3\n|upkeep\n|turn|11\n|\n|t:|1683702793\n|move|p2b: Scream Tail|Protect|p2b: Scream Tail\n|-singleturn|p2b: Scream Tail|Protect\n|move|p1b: Jolteon|Discharge|p2b: Scream Tail\n|-activate|p2b: Scream Tail|move: Protect\n|\n|-start|p1b: Jolteon|perish2\n|-start|p2b: Scream Tail|perish2\n|upkeep\n|turn|12\n|\n|t:|1683702804\n|move|p1b: Jolteon|Discharge|p2b: Scream Tail\n|-damage|p2b: Scream Tail|10\/100 par\n|cant|p2b: Scream Tail|par\n|\n|-start|p1b: Jolteon|perish1\n|-start|p2b: Scream Tail|perish1\n|upkeep\n|turn|13\n|\n|t:|1683702813\n|cant|p2b: Scream Tail|par\n|move|p1b: Jolteon|Discharge|p2b: Scream Tail\n|-damage|p2b: Scream Tail|0 fnt\n|faint|p2b: Scream Tail\n|-end|p2b: Scream Tail|Protosynthesis|[silent]\n|\n|win|Xenith_Shadow\n|raw|Xenith_Shadow's rating: 1104 → 1129<\/strong> (+25 for winning)\n|raw|jy1997's rating: 1105 → 1080<\/strong> (-25 for losing)\n|l|\u2606jy1997\n","uploadtime":1683702870,"views":14,"p1id":"xenithshadow","p2id":"jy1997","formatid":"gen9vgc2023regulationc","rating":1080,"private":0,"password":""}