{"id":"gen9vgc2023regulationc-1859402731","p1":"lin7482","p2":"MegVGC","format":"[Gen 9] VGC 2023 Regulation C","log":"|j|\u2606lin7482\n|j|\u2606MegVGC\n|t:|1683459469\n|gametype|doubles\n|player|p1|lin7482|2|1749\n|player|p2|MegVGC|dawn|1638\n|teamsize|p1|6\n|teamsize|p2|6\n|gen|9\n|tier|[Gen 9] VGC 2023 Regulation C\n|rated|\n|rule|Species Clause: Limit one of each Pok\u00e9mon\n|rule|Item Clause: Limit one of each item\n|clearpoke\n|poke|p1|Dondozo, L50, F|\n|poke|p1|Ting-Lu, L50|\n|poke|p1|Arcanine, L50, F|\n|poke|p1|Tatsugiri, L50, M|\n|poke|p1|Flutter Mane, L50|\n|poke|p1|Maushold, L50|\n|poke|p2|Baxcalibur, L50, F|\n|poke|p2|Sandy Shocks, L50|\n|poke|p2|Klefki, L50, F|\n|poke|p2|Annihilape, L50, F|\n|poke|p2|Vaporeon, L50, F|\n|poke|p2|Armarouge, L50, F|\n|teampreview|4\nMegVGC has agreed to open team sheets.\n|inactive|Battle timer is ON: inactive players will automatically lose when time's up. (requested by MegVGC)\n|inactive|lin7482 has 60 seconds left.\n|\n|t:|1683459505\n|start\n|switch|p1a: Dondozo|Dondozo, L50, F|100\/100\n|switch|p1b: Ting-Lu|Ting-Lu, L50|100\/100\n|switch|p2a: Klefki|Klefki, L50, F|100\/100\n|switch|p2b: Annihilape|Annihilape, L50, F|100\/100\n|-ability|p1b: Ting-Lu|Vessel of Ruin\n|turn|1\n|\n|t:|1683459524\n|-terastallize|p1b: Ting-Lu|Poison\n|move|p2a: Klefki|Reflect|p2a: Klefki\n|-sidestart|p2: MegVGC|Reflect\n|move|p2b: Annihilape|Bulk Up|p2b: Annihilape\n|-boost|p2b: Annihilape|atk|1\n|-boost|p2b: Annihilape|def|1\n|move|p1b: Ting-Lu|Fissure|p2b: Annihilape|[miss]\n|-miss|p1b: Ting-Lu|p2b: Annihilape\n|move|p1a: Dondozo|Fissure|p2b: Annihilape|[miss]\n|-miss|p1a: Dondozo|p2b: Annihilape\n|\n|upkeep\n|turn|2\n|\n|t:|1683459537\n|switch|p2a: Baxcalibur|Baxcalibur, L50, F|100\/100\n|move|p2b: Annihilape|Protect|p2b: Annihilape\n|-singleturn|p2b: Annihilape|Protect\n|move|p1b: Ting-Lu|Fissure|p2b: Annihilape\n|-activate|p2b: Annihilape|move: Protect\n|move|p1a: Dondozo|Fissure|p2b: Annihilape\n|-activate|p2b: Annihilape|move: Protect\n|\n|upkeep\n|turn|3\n|\n|t:|1683459551\n|move|p2a: Baxcalibur|Icicle Spear|p2b: Annihilape\n|-damage|p2b: Annihilape|95\/100\n|-damage|p2b: Annihilape|89\/100\n|-damage|p2b: Annihilape|84\/100\n|-damage|p2b: Annihilape|78\/100\n|-hitcount|p2b: Annihilape|4\n|move|p2b: Annihilape|Rage Fist|p1b: Ting-Lu\n|-damage|p1b: Ting-Lu|6\/100\n|move|p1b: Ting-Lu|Fissure|p2b: Annihilape|[miss]\n|-miss|p1b: Ting-Lu|p2b: Annihilape\n|move|p1a: Dondozo|Fissure|p2b: Annihilape|[miss]\n|-miss|p1a: Dondozo|p2b: Annihilape\n|\n|-heal|p2b: Annihilape|84\/100|[from] item: Leftovers\n|upkeep\n|turn|4\n|\n|t:|1683459569\n|move|p2a: Baxcalibur|Breaking Swipe|p1b: Ting-Lu|[spread] p1a,p1b\n|-damage|p1a: Dondozo|87\/100\n|-damage|p1b: Ting-Lu|0 fnt\n|-unboost|p1a: Dondozo|atk|1\n|faint|p1b: Ting-Lu\n|move|p2b: Annihilape|Rage Fist|p1a: Dondozo\n|-damage|p1a: Dondozo|15\/100\n|move|p1a: Dondozo|Fissure|p2b: Annihilape|[miss]\n|-miss|p1a: Dondozo|p2b: Annihilape\n|\n|-heal|p2b: Annihilape|89\/100|[from] item: Leftovers\n|-heal|p1a: Dondozo|21\/100|[from] item: Leftovers\n|upkeep\n|\n|t:|1683459582\n|switch|p1b: Maushold|Maushold, L50|100\/100\n|turn|5\n|\n|t:|1683459589\n|switch|p2a: Klefki|Klefki, L50, F|100\/100\n|move|p1b: Maushold|Population Bomb|p2a: Klefki\n|-resisted|p2a: Klefki\n|-damage|p2a: Klefki|96\/100\n|-resisted|p2a: Klefki\n|-damage|p2a: Klefki|92\/100\n|-resisted|p2a: Klefki\n|-damage|p2a: Klefki|87\/100\n|-resisted|p2a: Klefki\n|-crit|p2a: Klefki\n|-damage|p2a: Klefki|76\/100\n|-resisted|p2a: Klefki\n|-crit|p2a: Klefki\n|-damage|p2a: Klefki|66\/100\n|-resisted|p2a: Klefki\n|-damage|p2a: Klefki|61\/100\n|-resisted|p2a: Klefki\n|-crit|p2a: Klefki\n|-damage|p2a: Klefki|52\/100\n|-resisted|p2a: Klefki\n|-damage|p2a: Klefki|48\/100\n|-resisted|p2a: Klefki\n|-damage|p2a: Klefki|44\/100\n|-resisted|p2a: Klefki\n|-damage|p2a: Klefki|40\/100\n|-hitcount|p2a: Klefki|10\n|move|p2b: Annihilape|Drain Punch|p1a: Dondozo\n|-damage|p1a: Dondozo|0 fnt\n|-heal|p2b: Annihilape|100\/100|[from] drain|[of] p1a: Dondozo\n|faint|p1a: Dondozo\n|\n|upkeep\n|-message|lin7482 forfeited.\n|\n|win|MegVGC\n|raw|lin7482's rating: 1749 → 1723<\/strong> (-26 for losing)\n|raw|MegVGC's rating: 1638 → 1664<\/strong> (+26 for winning)\n|l|\u2606lin7482\n|l|\u2606MegVGC\n","uploadtime":1683459657,"views":12,"p1id":"lin7482","p2id":"megvgc","formatid":"gen9vgc2023regulationc","rating":1664,"private":0,"password":""}