{"id":"gen9vgc2023regulationc-1859466221","p1":"Tuxmux","p2":"OMGPACHIMARI","format":"[Gen 9] VGC 2023 Regulation C","log":"|j|\u2606Tuxmux\n|j|\u2606OMGPACHIMARI\n|t:|1683472146\n|gametype|doubles\n|player|p1|Tuxmux|dawn-masters3|\n|player|p2|OMGPACHIMARI|norman|\n|teamsize|p1|6\n|teamsize|p2|6\n|gen|9\n|tier|[Gen 9] VGC 2023 Regulation C\n|rule|Species Clause: Limit one of each Pok\u00e9mon\n|rule|Item Clause: Limit one of each item\n|clearpoke\n|poke|p1|Chi-Yu, L50|\n|poke|p1|Gastrodon, L50, F|\n|poke|p1|Gallade, L50, M|\n|poke|p1|Gholdengo, L50|\n|poke|p1|Talonflame, L50, F|\n|poke|p1|Vivillon, L50, F|\n|poke|p2|Indeedee-F, L50, F|\n|poke|p2|Garganacl, L50, F|\n|poke|p2|Muk, L50, M|\n|poke|p2|Abomasnow, L50, M|\n|poke|p2|Gyarados, L50, M|\n|poke|p2|Iron Valiant, L50|\n|teampreview|4\n|inactive|Battle timer is ON: inactive players will automatically lose when time's up. (requested by OMGPACHIMARI)\nOMGPACHIMARI rejected open team sheets.\n|c|\u2606OMGPACHIMARI|oh\n|c|\u2606OMGPACHIMARI|the shiny bug\n|c|\u2606OMGPACHIMARI|huge\n|c|\u2606Tuxmux|my b pimp\n|j| jayballester\n|c|\u2606Tuxmux|i wouldn't have noticed if you didn't say anything about my team fr\n|c|\u2606Tuxmux|lmao\n|c|\u2606OMGPACHIMARI|issoki\n|c| jayballester|Tux with the counter team\n|inactive|Tuxmux has 60 seconds left.\n|c|\u2606Tuxmux|nah its my actual team\n|c|\u2606OMGPACHIMARI|no worries, just here to help you win\n|c|\u2606Tuxmux|all my calcs are with it\n|c|\u2606OMGPACHIMARI|here to boost your stats\n|c|\u2606Tuxmux|if you really want proof im not tryna do anything\n|c|\u2606OMGPACHIMARI|nah is fineeee\n|inactive|Tuxmux has 30 seconds left.\n|c|\u2606Tuxmux|glhf\n|inactive|Tuxmux has 20 seconds left.\n|c|\u2606OMGPACHIMARI|u2 gamerrr\n|c|\u2606Tuxmux|timer\n|inactive|Tuxmux has 15 seconds left.\n|inactiveoff|Battle timer is now OFF.\n|c|\u2606OMGPACHIMARI|oops\n|c|\u2606OMGPACHIMARI|LEL\n|\n|t:|1683472254\n|start\n|switch|p1a: Gholdengo|Gholdengo, L50|100\/100\n|switch|p1b: Chi-Yu|Chi-Yu, L50|100\/100\n|switch|p2a: Indeedee|Indeedee-F, L50, F|100\/100\n|switch|p2b: Iron Valiant|Iron Valiant, L50|100\/100\n|-ability|p1b: Chi-Yu|Beads of Ruin\n|-fieldstart|move: Psychic Terrain|[from] ability: Psychic Surge|[of] p2a: Indeedee\n|-enditem|p2a: Indeedee|Psychic Seed\n|-boost|p2a: Indeedee|spd|1|[from] item: Psychic Seed\n|-enditem|p2b: Iron Valiant|Booster Energy\n|-activate|p2b: Iron Valiant|ability: Quark Drive|[fromitem]\n|-start|p2b: Iron Valiant|quarkdriveatk\n|turn|1\n|\n|t:|1683472290\n|move|p2b: Iron Valiant|Protect|p2b: Iron Valiant\n|-singleturn|p2b: Iron Valiant|Protect\n|move|p1b: Chi-Yu|Overheat|p2b: Iron Valiant\n|-activate|p2b: Iron Valiant|move: Protect\n|move|p1a: Gholdengo|Nasty Plot|p1a: Gholdengo\n|-boost|p1a: Gholdengo|spa|2\n|move|p2a: Indeedee|Light Screen|p2a: Indeedee\n|-sidestart|p2: OMGPACHIMARI|move: Light Screen\n|\n|upkeep\n|turn|2\n|\n|t:|1683472325\n|switch|p2a: Gyarados|Gyarados, L50, M|100\/100\n|-ability|p2a: Gyarados|Intimidate|boost\n|-unboost|p1a: Gholdengo|atk|1\n|-unboost|p1b: Chi-Yu|atk|1\n|-terastallize|p2b: Iron Valiant|Fire\n|move|p1b: Chi-Yu|Overheat|p2b: Iron Valiant\n|-resisted|p2b: Iron Valiant\n|-damage|p2b: Iron Valiant|52\/100\n|-unboost|p1b: Chi-Yu|spa|2\n|move|p2b: Iron Valiant|Liquidation|p1b: Chi-Yu\n|-supereffective|p1b: Chi-Yu\n|-damage|p1b: Chi-Yu|0 fnt\n|faint|p1b: Chi-Yu\n|move|p1a: Gholdengo|Make It Rain|p2b: Iron Valiant|[spread] p2a,p2b\n|-resisted|p2a: Gyarados\n|-resisted|p2b: Iron Valiant\n|-damage|p2a: Gyarados|83\/100\n|-damage|p2b: Iron Valiant|0 fnt\n|-unboost|p1a: Gholdengo|spa|1\n|faint|p2b: Iron Valiant\n|-end|p2b: Iron Valiant|Quark Drive|[silent]\n|\n|upkeep\n|c| jayballester|Oof\n|\n|t:|1683472346\n|switch|p2b: Garganacl|Garganacl, L50, F|100\/100\n|switch|p1b: Gastrodon|Gastrodon, L50, F|100\/100\n|turn|3\n|\n|t:|1683472385\n|-terastallize|p1b: Gastrodon|Fire\n|move|p2b: Garganacl|Protect|p2b: Garganacl\n|-singleturn|p2b: Garganacl|Protect\n|move|p1a: Gholdengo|Thunderbolt|p2a: Gyarados\n|-supereffective|p2a: Gyarados\n|-damage|p2a: Gyarados|1\/100\n|move|p2a: Gyarados|Earthquake|p1b: Gastrodon|[spread] p1a,p1b\n|-activate|p2b: Garganacl|move: Protect\n|-supereffective|p1a: Gholdengo\n|-supereffective|p1b: Gastrodon\n|-damage|p1a: Gholdengo|47\/100\n|-damage|p1b: Gastrodon|54\/100\n|move|p1b: Gastrodon|Hydro Pump|p2b: Garganacl\n|-activate|p2b: Garganacl|move: Protect\n|\n|upkeep\n|turn|4\n|c| jayballester|Damn\n|\n|t:|1683472414\n|move|p1a: Gholdengo|Make It Rain|p2a: Gyarados|[spread] p2a,p2b\n|-resisted|p2a: Gyarados\n|-supereffective|p2b: Garganacl\n|-damage|p2a: Gyarados|0 fnt\n|-damage|p2b: Garganacl|34\/100\n|-unboost|p1a: Gholdengo|spa|1\n|faint|p2a: Gyarados\n|move|p1b: Gastrodon|Hydro Pump|p2b: Garganacl\n|-supereffective|p2b: Garganacl\n|-damage|p2b: Garganacl|0 fnt\n|faint|p2b: Garganacl\n|\n|upkeep\n|c|\u2606OMGPACHIMARI|ow\n|\n|t:|1683472425\n|switch|p2b: Indeedee|Indeedee-F, L50, F|100\/100\n|turn|5\n|\n|t:|1683472436\n|move|p2b: Indeedee|Follow Me|p2b: Indeedee\n|-singleturn|p2b: Indeedee|move: Follow Me\n|move|p1a: Gholdengo|Make It Rain|p2b: Indeedee\n|-damage|p2b: Indeedee|59\/100\n|-unboost|p1a: Gholdengo|spa|1\n|move|p1b: Gastrodon|Hydro Pump|p2b: Indeedee\n|-damage|p2b: Indeedee|13\/100\n|\n|-sideend|p2: OMGPACHIMARI|move: Light Screen\n|-fieldend|move: Psychic Terrain\n|upkeep\n|turn|6\n|c|\u2606Tuxmux|the clutch follow me\n|\n|t:|1683472448\n|move|p2b: Indeedee|Follow Me|p2b: Indeedee\n|-singleturn|p2b: Indeedee|move: Follow Me\n|move|p1a: Gholdengo|Make It Rain|p2b: Indeedee\n|-damage|p2b: Indeedee|0 fnt\n|-unboost|p1a: Gholdengo|spa|1\n|faint|p2b: Indeedee\n|\n|win|Tuxmux\n|c|\u2606Tuxmux|gg\n|c|\u2606OMGPACHIMARI|owieee\n|c|\u2606OMGPACHIMARI|gg\n|l| jayballester\n","uploadtime":1683472458,"views":13,"p1id":"tuxmux","p2id":"omgpachimari","formatid":"gen9vgc2023regulationc","rating":0,"private":0,"password":""}