{"id":"gen9vgc2023regulationc-1861558493","p1":"zercool","p2":"LumineonSD","format":"[Gen 9] VGC 2023 Regulation C","log":"|j|\u2606zercool\n|j|\u2606LumineonSD\n|t:|1683773051\n|gametype|doubles\n|player|p1|zercool|266|1052\n|player|p2|LumineonSD|102|1059\n|teamsize|p1|6\n|teamsize|p2|6\n|gen|9\n|tier|[Gen 9] VGC 2023 Regulation C\n|rated|\n|rule|Species Clause: Limit one of each Pok\u00e9mon\n|rule|Item Clause: Limit one of each item\n|clearpoke\n|poke|p1|Kingambit, L50, F|\n|poke|p1|Chien-Pao, L50|\n|poke|p1|Murkrow, L50, M|\n|poke|p1|Flutter Mane, L50|\n|poke|p1|Ceruledge, L50, F|\n|poke|p1|Ting-Lu, L50|\n|poke|p2|Flutter Mane, L50|\n|poke|p2|Chi-Yu, L50|\n|poke|p2|Gyarados, L50, M|\n|poke|p2|Amoonguss, L50, F|\n|poke|p2|Iron Hands, L50|\n|poke|p2|Lumineon, L50, M|\n|teampreview|4\n|inactive|Battle timer is ON: inactive players will automatically lose when time's up. (requested by LumineonSD)\n|inactive|zercool has 60 seconds left.\n|inactive|LumineonSD has 60 seconds left.\n|inactive|zercool has 30 seconds left.\n|\n|t:|1683773120\n|start\n|switch|p1a: Murkrow|Murkrow, L50, M|100\/100\n|switch|p1b: Flutter Mane|Flutter Mane, L50|100\/100\n|switch|p2a: Lumineon|Lumineon, L50, M|100\/100\n|switch|p2b: Flutter Mane|Flutter Mane, L50|100\/100\n|-enditem|p2b: Flutter Mane|Booster Energy\n|-activate|p2b: Flutter Mane|ability: Protosynthesis|[fromitem]\n|-start|p2b: Flutter Mane|protosynthesisspa\n|turn|1\n|inactive|zercool has 30 seconds left.\n|inactive|LumineonSD has 30 seconds left.\n|inactive|LumineonSD has 20 seconds left.\n|inactive|LumineonSD has 15 seconds left.\n|inactive|LumineonSD has 10 seconds left.\n|inactive|LumineonSD has 5 seconds left.\n|\n|t:|1683773171\n|-terastallize|p1b: Flutter Mane|Fairy\n|-terastallize|p2b: Flutter Mane|Fairy\n|move|p1a: Murkrow|Tailwind|p1a: Murkrow\n|-sidestart|p1: zercool|move: Tailwind\n|move|p1b: Flutter Mane|Moonblast|p2a: Lumineon\n|-enditem|p2a: Lumineon|Focus Sash\n|-damage|p2a: Lumineon|1\/100\n|-unboost|p2a: Lumineon|spa|1\n|move|p2b: Flutter Mane|Dazzling Gleam|p1a: Murkrow|[spread] p1a,p1b\n|-supereffective|p1a: Murkrow\n|-enditem|p1a: Murkrow|Focus Sash\n|-damage|p1a: Murkrow|1\/100\n|-damage|p1b: Flutter Mane|42\/100\n|move|p2a: Lumineon|Tailwind|p2a: Lumineon\n|-sidestart|p2: LumineonSD|move: Tailwind\n|\n|upkeep\n|turn|2\n|inactive|zercool has 30 seconds left.\n|inactive|zercool has 20 seconds left.\n|\n|t:|1683773208\n|move|p1a: Murkrow|Protect|p1a: Murkrow\n|-singleturn|p1a: Murkrow|Protect\n|move|p2b: Flutter Mane|Protect|p2b: Flutter Mane\n|-singleturn|p2b: Flutter Mane|Protect\n|move|p1b: Flutter Mane|Moonblast|p2b: Flutter Mane\n|-activate|p2b: Flutter Mane|move: Protect\n|move|p2a: Lumineon|Icy Wind|p1a: Murkrow|[spread] p1b\n|-activate|p1a: Murkrow|move: Protect\n|-damage|p1b: Flutter Mane|34\/100\n|-unboost|p1b: Flutter Mane|spe|1\n|\n|upkeep\n|turn|3\n|inactive|zercool has 30 seconds left.\n|\n|t:|1683773239\n|move|p1a: Murkrow|Haze|p1a: Murkrow\n|-clearallboost\n|move|p1b: Flutter Mane|Moonblast|p2b: Flutter Mane\n|-damage|p2b: Flutter Mane|5\/100\n|move|p2b: Flutter Mane|Dazzling Gleam|p1b: Flutter Mane|[spread] p1a,p1b\n|-supereffective|p1a: Murkrow\n|-damage|p1a: Murkrow|0 fnt\n|-damage|p1b: Flutter Mane|0 fnt\n|faint|p1a: Murkrow\n|faint|p1b: Flutter Mane\n|-end|p1b: Flutter Mane|Protosynthesis|[silent]\n|move|p2a: Lumineon|Safeguard|p2a: Lumineon\n|-sidestart|p2: LumineonSD|Safeguard\n|\n|upkeep\n|\n|t:|1683773251\n|switch|p1b: Ting-Lu|Ting-Lu, L50|100\/100\n|switch|p1a: Chien-Pao|Chien-Pao, L50|100\/100\n|-ability|p1a: Chien-Pao|Sword of Ruin\n|-ability|p1b: Ting-Lu|Vessel of Ruin\n|turn|4\n|\n|t:|1683773262\n|move|p2b: Flutter Mane|Protect|p2b: Flutter Mane\n|-singleturn|p2b: Flutter Mane|Protect\n|move|p1a: Chien-Pao|Sucker Punch||[still]\n|-fail|p1a: Chien-Pao\n|move|p2a: Lumineon|Chilling Water|p1a: Chien-Pao\n|-damage|p1a: Chien-Pao|86\/100\n|-unboost|p1a: Chien-Pao|atk|1\n|move|p1b: Ting-Lu|Stomping Tantrum|p2a: Lumineon\n|-damage|p2a: Lumineon|0 fnt\n|faint|p2a: Lumineon\n|\n|-sideend|p2: LumineonSD|move: Tailwind\n|-sideend|p1: zercool|move: Tailwind\n|upkeep\n|\n|t:|1683773278\n|switch|p2a: Gyarados|Gyarados, L50, M|100\/100\n|-ability|p2a: Gyarados|Intimidate|boost\n|-unboost|p1a: Chien-Pao|atk|1\n|-unboost|p1b: Ting-Lu|atk|1\n|turn|5\n|\n|t:|1683773298\n|move|p2b: Flutter Mane|Protect|p2b: Flutter Mane\n|-singleturn|p2b: Flutter Mane|Protect\n|move|p1a: Chien-Pao|Sucker Punch||[still]\n|-fail|p1a: Chien-Pao\n|move|p2a: Gyarados|Thunder Wave|p1a: Chien-Pao\n|-status|p1a: Chien-Pao|par\n|move|p1b: Ting-Lu|Ruination|p2a: Gyarados|[miss]\n|-miss|p1b: Ting-Lu|p2a: Gyarados\n|\n|upkeep\n|turn|6\n|\n|t:|1683773316\n|cant|p1a: Chien-Pao|par\n|move|p2b: Flutter Mane|Dazzling Gleam|p1b: Ting-Lu|[spread] p1a,p1b\n|-supereffective|p1a: Chien-Pao\n|-supereffective|p1b: Ting-Lu\n|-damage|p1a: Chien-Pao|11\/100 par\n|-damage|p1b: Ting-Lu|39\/100\n|move|p2a: Gyarados|Waterfall|p1b: Ting-Lu\n|-supereffective|p1b: Ting-Lu\n|-damage|p1b: Ting-Lu|0 fnt\n|faint|p1b: Ting-Lu\n|\n|upkeep\n|turn|7\n|-message|zercool forfeited.\n|\n|win|LumineonSD\n|raw|zercool's rating: 1052 → 1035<\/strong> (-17 for losing)\n|raw|LumineonSD's rating: 1059 → 1090<\/strong> (+31 for winning)\n|l|\u2606zercool\n","uploadtime":1683773328,"views":17,"p1id":"zercool","p2id":"lumineonsd","formatid":"gen9vgc2023regulationc","rating":1035,"private":0,"password":""}