{"id":"gen9vgc2023regulationc-1862672581","p1":"Leoortiz0525","p2":"YudiPolyStation","format":"[Gen 9] VGC 2023 Regulation C","log":"|j|\u2606Leoortiz0525\n|j|\u2606YudiPolyStation\n|t:|1683910904\n|gametype|doubles\n|player|p1|Leoortiz0525|byron|1000\n|player|p2|YudiPolyStation|1|1080\n|teamsize|p1|6\n|teamsize|p2|6\n|gen|9\n|tier|[Gen 9] VGC 2023 Regulation C\n|rated|\n|rule|Species Clause: Limit one of each Pok\u00e9mon\n|rule|Item Clause: Limit one of each item\n|clearpoke\n|poke|p1|Klawf, L50, F|\n|poke|p1|Murkrow, L50, M|\n|poke|p1|Bronzong, L50|\n|poke|p1|Iron Bundle, L50|\n|poke|p1|Iron Moth, L50|\n|poke|p1|Rotom-Mow, L50|\n|poke|p2|Dragapult, L50, M|\n|poke|p2|Scizor, L50, F|\n|poke|p2|Scovillain, L50, F|\n|poke|p2|Chien-Pao, L50|\n|poke|p2|Iron Bundle, L50|\n|poke|p2|Garganacl, L50, M|\n|teampreview|4\nYudiPolyStation has agreed to open team sheets.\n|\n|t:|1683911008\n|start\n|switch|p1a: Murkrow|Murkrow, L50, M|100\/100\n|switch|p1b: Iron Bundle|Iron Bundle, L50|100\/100\n|switch|p2a: Dragapult|Dragapult, L50, M|100\/100\n|switch|p2b: Scovillain|Scovillain, L50, F|100\/100\n|-enditem|p1b: Iron Bundle|Booster Energy\n|-activate|p1b: Iron Bundle|ability: Quark Drive|[fromitem]\n|-start|p1b: Iron Bundle|quarkdrivespe\n|turn|1\n|\n|t:|1683911037\n|-terastallize|p2a: Dragapult|Fire\n|move|p1a: Murkrow|Tailwind|p1a: Murkrow\n|-sidestart|p1: Leoortiz0525|move: Tailwind\n|move|p1b: Iron Bundle|Icy Wind|p2b: Scovillain|[spread] p2a\n|-miss|p1b: Iron Bundle|p2b: Scovillain\n|-resisted|p2a: Dragapult\n|-damage|p2a: Dragapult|86\/100\n|move|p2b: Scovillain|Spicy Extract|p1a: Murkrow\n|-boost|p1a: Murkrow|atk|2\n|-unboost|p1a: Murkrow|def|2\n|-enditem|p2a: Dragapult|Mirror Herb\n|-boost|p2a: Dragapult|atk|2|[from] item: Mirror Herb\n|move|p2a: Dragapult|Dragon Darts|p1b: Iron Bundle\n|-damage|p1b: Iron Bundle|41\/100\n|-anim|p2a: Dragapult|Dragon Darts|p1a: Murkrow\n|-damage|p1a: Murkrow|6\/100\n|\n|upkeep\n|turn|2\n|\n|t:|1683911073\n|move|p2a: Dragapult|Protect|p2a: Dragapult\n|-singleturn|p2a: Dragapult|Protect\n|move|p1a: Murkrow|Taunt|p2b: Scovillain\n|-start|p2b: Scovillain|move: Taunt\n|move|p1b: Iron Bundle|Hydro Pump|p2a: Dragapult\n|-activate|p2a: Dragapult|move: Protect\n|cant|p2b: Scovillain|move: Taunt|Spicy Extract\n|\n|upkeep\n|turn|3\n|\n|t:|1683911093\n|switch|p1a: Iron Moth|Iron Moth, L50|100\/100\n|switch|p2b: Chien-Pao|Chien-Pao, L50|100\/100\n|-ability|p2b: Chien-Pao|Sword of Ruin\n|move|p2a: Dragapult|Sucker Punch|p1b: Iron Bundle\n|-damage|p1b: Iron Bundle|0 fnt\n|faint|p1b: Iron Bundle\n|-end|p1b: Iron Bundle|Quark Drive|[silent]\n|\n|upkeep\n|\n|t:|1683911108\n|switch|p1b: Rotom|Rotom-Mow, L50|100\/100\n|turn|4\n|\n|t:|1683911135\n|move|p1a: Iron Moth|Heat Wave|p2b: Chien-Pao|[spread] p2a,p2b\n|-resisted|p2a: Dragapult\n|-supereffective|p2b: Chien-Pao\n|-damage|p2a: Dragapult|51\/100\n|-enditem|p2b: Chien-Pao|Focus Sash\n|-damage|p2b: Chien-Pao|1\/100\n|-damage|p1a: Iron Moth|91\/100|[from] item: Life Orb\n|move|p1b: Rotom|Thunderbolt|p2a: Dragapult\n|-damage|p2a: Dragapult|0 fnt\n|faint|p2a: Dragapult\n|move|p2b: Chien-Pao|Ice Spinner|p1b: Rotom\n|-supereffective|p1b: Rotom\n|-damage|p1b: Rotom|0 fnt\n|faint|p1b: Rotom\n|\n|-sideend|p1: Leoortiz0525|move: Tailwind\n|upkeep\n|\n|t:|1683911153\n|switch|p2a: Garganacl|Garganacl, L50, M|100\/100\n|switch|p1b: Murkrow|Murkrow, L50, M|6\/100\n|turn|5\n|\n|t:|1683911179\n|move|p2b: Chien-Pao|Protect|p2b: Chien-Pao\n|-singleturn|p2b: Chien-Pao|Protect\n|move|p1b: Murkrow|Tailwind|p1b: Murkrow\n|-sidestart|p1: Leoortiz0525|move: Tailwind\n|move|p1a: Iron Moth|Heat Wave|p2b: Chien-Pao|[spread] \n|-activate|p2b: Chien-Pao|move: Protect\n|-miss|p1a: Iron Moth|p2a: Garganacl\n|move|p2a: Garganacl|Salt Cure|p1a: Iron Moth\n|-supereffective|p1a: Iron Moth\n|-damage|p1a: Iron Moth|6\/100\n|-start|p1a: Iron Moth|Salt Cure\n|\n|-damage|p1a: Iron Moth|0 fnt|[from] Salt Cure\n|faint|p1a: Iron Moth\n|-end|p1a: Iron Moth|Quark Drive|[silent]\n|upkeep\n|turn|6\n|-message|Leoortiz0525 forfeited.\n|\n|win|YudiPolyStation\n|raw|Leoortiz0525's rating: 1000 → 1000<\/strong> (+0 for losing)\n|raw|YudiPolyStation's rating: 1080 → 1102<\/strong> (+22 for winning)\n|l|\u2606Leoortiz0525\n","uploadtime":1683911213,"views":10,"p1id":"leoortiz0525","p2id":"yudipolystation","formatid":"gen9vgc2023regulationc","rating":1000,"private":0,"password":""}