{"id":"gen9vgc2023regulationc-1854857633","p1":"Keveloper","p2":"Soosendosenv3","format":"[Gen 9] VGC 2023 Regulation C","log":"|j|\u2606Keveloper\n|j|\u2606Soosendosenv3\n|t:|1682873986\n|gametype|doubles\n|player|p1|Keveloper|lucas|\n|player|p2|Soosendosenv3|1|\n|teamsize|p1|6\n|teamsize|p2|6\n|gen|9\n|tier|[Gen 9] VGC 2023 Regulation C\n|rule|Species Clause: Limit one of each Pok\u00e9mon\n|rule|Item Clause: Limit one of each item\n|clearpoke\n|poke|p1|Orthworm, L50, M|\n|poke|p1|Dragonite, L50, F|\n|poke|p1|Ting-Lu, L50|\n|poke|p1|Gyarados, L50, F|\n|poke|p1|Flutter Mane, L50|\n|poke|p1|Chien-Pao, L50|\n|poke|p2|Ting-Lu, L50|\n|poke|p2|Amoonguss, L50, M|\n|poke|p2|Arcanine, L50, F|\n|poke|p2|Flutter Mane, L50|\n|poke|p2|Palafin, L50, F|\n|poke|p2|Kingambit, L50, M|\n|teampreview|4\n|c|\u2606Soosendosenv3|g2\n|c|\u2606Keveloper|G2\nKeveloper has agreed to open team sheets.\nSoosendosenv3 has agreed to open team sheets.\n|c|\u2606Keveloper|You ready?\n|c|\u2606Soosendosenv3|y\n|c|\u2606Keveloper|glhf\n|inactive|Battle timer is ON: inactive players will automatically lose when time's up. (requested by Keveloper)\n|\n|t:|1682874436\n|start\n|switch|p1a: Orthworm|Orthworm, L50, M|100\/100\n|switch|p1b: Ting-Lu|Ting-Lu, L50|100\/100\n|switch|p2a: Palafin|Palafin, L50, F|100\/100\n|switch|p2b: Flutter Mane|Flutter Mane, L50|100\/100\n|-ability|p1b: Ting-Lu|Vessel of Ruin\n|-enditem|p2b: Flutter Mane|Booster Energy\n|-activate|p2b: Flutter Mane|ability: Protosynthesis|[fromitem]\n|-start|p2b: Flutter Mane|protosynthesisspa\n|turn|1\n|inactive|Soosendosenv3 has 30 seconds left.\n|\n|t:|1682874466\n|-terastallize|p2a: Palafin|Water\n|move|p2b: Flutter Mane|Shadow Ball|p1a: Orthworm\n|-damage|p1a: Orthworm|55\/100\n|move|p2a: Palafin|Wave Crash|p1a: Orthworm\n|-damage|p1a: Orthworm|5\/100\n|-enditem|p1a: Orthworm|Sitrus Berry|[eat]\n|-heal|p1a: Orthworm|30\/100|[from] item: Sitrus Berry\n|-damage|p2a: Palafin|87\/100|[from] Recoil\n|move|p1b: Ting-Lu|Bulldoze|p2a: Palafin|[spread] p2a,p2b\n|-heal|p1a: Orthworm|55\/100|[from] ability: Earth Eater|[of] p1b: Ting-Lu\n|-damage|p2a: Palafin|62\/100\n|-damage|p2b: Flutter Mane|62\/100\n|-unboost|p2a: Palafin|spe|1\n|-unboost|p2b: Flutter Mane|spe|1\n|move|p1a: Orthworm|Body Press|p2a: Palafin\n|-damage|p2a: Palafin|28\/100\n|\n|upkeep\n|turn|2\n|inactive|Keveloper has 30 seconds left.\n|inactive|Soosendosenv3 has 30 seconds left.\n|inactive|Keveloper has 20 seconds left.\n|inactive|Soosendosenv3 has 20 seconds left.\n|\n|t:|1682874503\n|detailschange|p2a: Palafin|Palafin-Hero, L50, F, tera:Water\n|switch|p2a: Arcanine|Arcanine, L50, F|100\/100\n|-ability|p2a: Arcanine|Intimidate|boost\n|-unboost|p1a: Orthworm|atk|1\n|-unboost|p1b: Ting-Lu|atk|1\n|move|p2b: Flutter Mane|Moonblast|p1b: Ting-Lu\n|-supereffective|p1b: Ting-Lu\n|-damage|p1b: Ting-Lu|38\/100\n|move|p1b: Ting-Lu|Bulldoze|p2a: Arcanine|[spread] p2a,p2b\n|-heal|p1a: Orthworm|80\/100|[from] ability: Earth Eater|[of] p1b: Ting-Lu\n|-supereffective|p2a: Arcanine\n|-damage|p2a: Arcanine|73\/100\n|-damage|p2b: Flutter Mane|34\/100\n|-unboost|p2a: Arcanine|spe|1\n|-unboost|p2b: Flutter Mane|spe|1\n|move|p1a: Orthworm|Heavy Slam|p2b: Flutter Mane\n|-supereffective|p2b: Flutter Mane\n|-damage|p2b: Flutter Mane|0 fnt\n|faint|p2b: Flutter Mane\n|-end|p2b: Flutter Mane|Protosynthesis|[silent]\n|\n|upkeep\n|\n|t:|1682874518\n|switch|p2b: Palafin|Palafin-Hero, L50, F, tera:Water|28\/100\n|-activate|p2b: Palafin|ability: Zero to Hero\n|turn|3\n|\n|t:|1682874539\n|switch|p1b: Gyarados|Gyarados, L50, F|100\/100\n|-ability|p1b: Gyarados|Intimidate|boost\n|-unboost|p2a: Arcanine|atk|1\n|-unboost|p2b: Palafin|atk|1\n|move|p2b: Palafin|Protect|p2b: Palafin\n|-singleturn|p2b: Palafin|Protect\n|move|p1a: Orthworm|Body Press|p2b: Palafin\n|-activate|p2b: Palafin|move: Protect\n|move|p2a: Arcanine|Will-O-Wisp|p1b: Gyarados|[miss]\n|-miss|p2a: Arcanine|p1b: Gyarados\n|\n|upkeep\n|turn|4\n|\n|t:|1682874564\n|switch|p2b: Amoonguss|Amoonguss, L50, M|100\/100\n|move|p1b: Gyarados|Bulldoze|p2b: Amoonguss|[spread] p2a,p2b\n|-heal|p1a: Orthworm|100\/100|[from] ability: Earth Eater|[of] p1b: Gyarados\n|-supereffective|p2a: Arcanine\n|-damage|p2a: Arcanine|45\/100\n|-damage|p2b: Amoonguss|90\/100\n|-unboost|p2a: Arcanine|spe|1\n|-unboost|p2b: Amoonguss|spe|1\n|move|p1a: Orthworm|Body Press|p2a: Arcanine\n|-damage|p2a: Arcanine|16\/100\n|move|p2a: Arcanine|Flare Blitz|p1a: Orthworm\n|-supereffective|p1a: Orthworm\n|-damage|p1a: Orthworm|48\/100\n|-damage|p2a: Arcanine|1\/100|[from] Recoil\n|\n|upkeep\n|turn|5\n|inactive|Keveloper has 30 seconds left.\n|inactive|Soosendosenv3 has 30 seconds left.\n|inactive|Soosendosenv3 has 20 seconds left.\n|\n|t:|1682874602\n|switch|p1a: Dragonite|Dragonite, L50, F|100\/100\n|move|p2b: Amoonguss|Protect|p2b: Amoonguss\n|-singleturn|p2b: Amoonguss|Protect\n|move|p1b: Gyarados|Bulldoze|p2b: Amoonguss|[spread] p2a\n|-activate|p2b: Amoonguss|move: Protect\n|-immune|p1a: Dragonite\n|-supereffective|p2a: Arcanine\n|-damage|p2a: Arcanine|0 fnt\n|faint|p2a: Arcanine\n|\n|upkeep\n|\n|t:|1682874609\n|switch|p2a: Palafin|Palafin-Hero, L50, F, tera:Water|28\/100\n|turn|6\n|\n|t:|1682874628\n|-terastallize|p1a: Dragonite|Flying\n|move|p2b: Amoonguss|Rage Powder|p2b: Amoonguss\n|-singleturn|p2b: Amoonguss|move: Rage Powder\n|move|p1a: Dragonite|Tera Blast|p2b: Amoonguss\n|-supereffective|p2b: Amoonguss\n|-damage|p2b: Amoonguss|0 fnt\n|faint|p2b: Amoonguss\n|move|p1b: Gyarados|Taunt|p2a: Palafin\n|-start|p2a: Palafin|move: Taunt\n|move|p2a: Palafin|Wave Crash|p1a: Dragonite\n|-damage|p1a: Dragonite|30\/100\n|-damage|p2a: Palafin|9\/100|[from] Recoil\n|\n|upkeep\n|turn|7\n|\n|t:|1682874638\n|move|p1a: Dragonite|Extreme Speed|p2a: Palafin\n|-damage|p2a: Palafin|0 fnt\n|faint|p2a: Palafin\n|\n|win|Keveloper\n|c|\u2606Keveloper|ggs\n|c|\u2606Soosendosenv3|gg\n|l|\u2606Keveloper\n","uploadtime":1682874645,"views":9,"p1id":"keveloper","p2id":"soosendosenv3","formatid":"gen9vgc2023regulationc","rating":0,"private":0,"password":""}