{"id":"gen9vgc2023regulationc-1855323601","p1":"DaviRunde99","p2":"wisedyVGC","format":"[Gen 9] VGC 2023 Regulation C","log":"|j|\u2606DaviRunde99\n|j|\u2606wisedyVGC\n|t:|1682937026\n|gametype|doubles\n|player|p1|DaviRunde99|roark|1379\n|player|p2|wisedyVGC|cynthia-gen4|1484\n|teamsize|p1|6\n|teamsize|p2|6\n|gen|9\n|tier|[Gen 9] VGC 2023 Regulation C\n|rated|\n|rule|Species Clause: Limit one of each Pok\u00e9mon\n|rule|Item Clause: Limit one of each item\n|clearpoke\n|poke|p1|Palafin, L50, F|\n|poke|p1|Pelipper, L50, M|\n|poke|p1|Amoonguss, L50, M|\n|poke|p1|Gholdengo, L50|\n|poke|p1|Maushold-Four, L50|\n|poke|p1|Wo-Chien, L50|\n|poke|p2|Iron Hands, L50|\n|poke|p2|Amoonguss, L50, F|\n|poke|p2|Chi-Yu, L50|\n|poke|p2|Iron Bundle, L50|\n|poke|p2|Mimikyu, L50, F|\n|poke|p2|Dragonite, L50, F|\n|teampreview|4\n|inactive|Battle timer is ON: inactive players will automatically lose when time's up. (requested by wisedyVGC)\n|inactive|DaviRunde99 has 60 seconds left.\nDaviRunde99 has agreed to open team sheets.\nwisedyVGC has agreed to open team sheets.\n|inactive|wisedyVGC has 60 seconds left.\n|\n|t:|1682937096\n|start\n|switch|p1a: Dozo|Palafin, L50, F|100\/100\n|switch|p1b: Kiogre|Pelipper, L50, M|100\/100\n|switch|p2a: Susan|Dragonite, L50, F|100\/100\n|switch|p2b: Simone|Amoonguss, L50, F|100\/100\n|-weather|RainDance|[from] ability: Drizzle|[of] p1b: Kiogre\n|turn|1\n|\n|t:|1682937119\n|detailschange|p1a: Dozo|Palafin-Hero, L50, F\n|switch|p1a: WoChien|Amoonguss, L50, M|100\/100\n|-terastallize|p2a: Susan|Flying\n|move|p2a: Susan|Tera Blast|p1a: WoChien\n|-supereffective|p1a: WoChien\n|-damage|p1a: WoChien|0 fnt\n|faint|p1a: WoChien\n|move|p1b: Kiogre|Tailwind|p1b: Kiogre\n|-sidestart|p1: DaviRunde99|move: Tailwind\n|move|p2b: Simone|Spore|p1b: Kiogre\n|-status|p1b: Kiogre|slp|[from] move: Spore\n|\n|-weather|RainDance|[upkeep]\n|upkeep\n|\n|t:|1682937133\n|switch|p1a: Lizardon|Gholdengo, L50|100\/100\n|turn|2\n|\n|t:|1682937146\n|cant|p1b: Kiogre|slp\n|move|p1a: Lizardon|Thunderbolt|p2a: Susan\n|-supereffective|p2a: Susan\n|-damage|p2a: Susan|36\/100\n|move|p2a: Susan|Tera Blast|p1b: Kiogre\n|-damage|p1b: Kiogre|31\/100 slp\n|move|p2b: Simone|Pollen Puff|p2a: Susan\n|-heal|p2a: Susan|86\/100\n|\n|-weather|RainDance|[upkeep]\n|upkeep\n|turn|3\n|inactive|DaviRunde99 has 30 seconds left.\n|inactive|wisedyVGC has 30 seconds left.\n|\n|t:|1682937191\n|move|p2a: Susan|Extreme Speed|p1b: Kiogre\n|-damage|p1b: Kiogre|0 fnt\n|faint|p1b: Kiogre\n|move|p1a: Lizardon|Make It Rain|p2b: Simone|[spread] p2a,p2b\n|-damage|p2a: Susan|35\/100\n|-damage|p2b: Simone|58\/100\n|-unboost|p1a: Lizardon|spa|1\n|move|p2b: Simone|Pollen Puff|p2a: Susan\n|-heal|p2a: Susan|84\/100\n|\n|-weather|RainDance|[upkeep]\n|upkeep\n|\n|t:|1682937205\n|switch|p1b: Dozo|Palafin-Hero, L50, F|100\/100\n|-activate|p1b: Dozo|ability: Zero to Hero\n|turn|4\n|\n|t:|1682937224\n|-terastallize|p1b: Dozo|Water\n|move|p2b: Simone|Rage Powder|p2b: Simone\n|-singleturn|p2b: Simone|move: Rage Powder\n|move|p1b: Dozo|Wave Crash|p2b: Simone\n|-resisted|p2b: Simone\n|-damage|p2b: Simone|0 fnt\n|-damage|p1b: Dozo|84\/100|[from] item: Rocky Helmet|[of] p2b: Simone\n|faint|p2b: Simone\n|-damage|p1b: Dozo|64\/100|[from] Recoil\n|move|p1a: Lizardon|Make It Rain|p2a: Susan\n|-damage|p2a: Susan|38\/100\n|-unboost|p1a: Lizardon|spa|1\n|move|p2a: Susan|Tera Blast|p1b: Dozo\n|-damage|p1b: Dozo|9\/100\n|\n|-weather|RainDance|[upkeep]\n|-sideend|p1: DaviRunde99|move: Tailwind\n|upkeep\n|\n|t:|1682937241\n|switch|p2b: Bob|Iron Bundle, L50|100\/100\n|-enditem|p2b: Bob|Booster Energy\n|-activate|p2b: Bob|ability: Quark Drive|[fromitem]\n|-start|p2b: Bob|quarkdrivespe\n|turn|5\n|-message|DaviRunde99 forfeited.\n|\n|win|wisedyVGC\n|raw|DaviRunde99's rating: 1379 → 1365<\/strong> (-14 for losing)\n|raw|wisedyVGC's rating: 1484 → 1498<\/strong> (+14 for winning)\n|l|\u2606DaviRunde99\n","uploadtime":1682937253,"views":40,"p1id":"davirunde99","p2id":"wisedyvgc","formatid":"gen9vgc2023regulationc","rating":1365,"private":0,"password":""}