{"id":"gen9vgc2023regulationc-1854644986","p1":"Montendoz","p2":"Abugbog","format":"[Gen 9] VGC 2023 Regulation C","log":"|j|\u2606Montendoz\n|j|\u2606Abugbog\n|t:|1682842363\n|gametype|doubles\n|player|p1|Montendoz|2|1231\n|player|p2|Abugbog|170|1134\n|teamsize|p1|6\n|teamsize|p2|6\n|gen|9\n|tier|[Gen 9] VGC 2023 Regulation C\n|rated|\n|rule|Species Clause: Limit one of each Pok\u00e9mon\n|rule|Item Clause: Limit one of each item\n|clearpoke\n|poke|p1|Arcanine, L50, M|\n|poke|p1|Lycanroc-Midnight, L50, M|\n|poke|p1|Torkoal, L50, M|\n|poke|p1|Bronzong, L50|\n|poke|p1|Flutter Mane, L50|\n|poke|p1|Ting-Lu, L50|\n|poke|p2|Chien-Pao, L50|\n|poke|p2|Dragonite, L50, M|\n|poke|p2|Drednaw, L50, M|\n|poke|p2|Pelipper, L50, M|\n|poke|p2|Dondozo, L50, M|\n|poke|p2|Tatsugiri-Droopy, L50, M|\n|teampreview|4\n|\n|t:|1682842418\n|start\n|switch|p1a: Lycanroc|Lycanroc-Midnight, L50, M|100\/100\n|switch|p1b: Bronzong|Bronzong, L50|100\/100\n|switch|p2a: Dondozo|Dondozo, L50, M|100\/100\n|switch|p2b: Drednaw|Drednaw, L50, M, shiny|100\/100\n|turn|1\n|\n|t:|1682842454\n|switch|p2a: Pelipper|Pelipper, L50, M|100\/100\n|-weather|RainDance|[from] ability: Drizzle|[of] p2a: Pelipper\n|move|p1a: Lycanroc|Protect|p1a: Lycanroc\n|-singleturn|p1a: Lycanroc|Protect\n|move|p2b: Drednaw|Rock Slide|p1a: Lycanroc|[spread] p1b\n|-activate|p1a: Lycanroc|move: Protect\n|-resisted|p1b: Bronzong\n|-damage|p1b: Bronzong|85\/100\n|-damage|p2b: Drednaw|91\/100|[from] item: Life Orb\n|move|p1b: Bronzong|Trick Room|p1b: Bronzong\n|-fieldstart|move: Trick Room|[of] p1b: Bronzong\n|\n|-weather|RainDance|[upkeep]\n|upkeep\n|turn|2\n|\n|t:|1682842487\n|move|p1b: Bronzong|Skill Swap|p1a: Lycanroc\n|-activate|p1b: Bronzong|move: Skill Swap|||[of] p1a: Lycanroc\n|move|p2a: Pelipper|Hydro Pump|p1a: Lycanroc\n|-supereffective|p1a: Lycanroc\n|-enditem|p1a: Lycanroc|Focus Sash\n|-damage|p1a: Lycanroc|1\/100\n|move|p1a: Lycanroc|Close Combat|p2b: Drednaw\n|-supereffective|p2b: Drednaw\n|-damage|p2b: Drednaw|0 fnt\n|-unboost|p1a: Lycanroc|def|1\n|-unboost|p1a: Lycanroc|spd|1\n|faint|p2b: Drednaw\n|\n|-weather|RainDance|[upkeep]\n|upkeep\n|\n|t:|1682842504\n|switch|p2b: Dondozo|Dondozo, L50, M|100\/100\n|turn|3\n|\n|t:|1682842530\n|switch|p2a: Tatsugiri|Tatsugiri-Droopy, L50, M|100\/100\n|-activate|p2a: Tatsugiri|ability: Commander|[of] p2b: Dondozo\n|-boost|p2b: Dondozo|atk|2\n|-boost|p2b: Dondozo|spa|2\n|-boost|p2b: Dondozo|spe|2\n|-boost|p2b: Dondozo|def|2\n|-boost|p2b: Dondozo|spd|2\n|switch|p1a: Torkoal|Torkoal, L50, M|100\/100\n|-weather|SunnyDay|[from] ability: Drought|[of] p1a: Torkoal\n|move|p1b: Bronzong|Hypnosis|p2b: Dondozo\n|-status|p2b: Dondozo|slp|[from] move: Hypnosis\n|cant|p2b: Dondozo|slp\n|\n|-weather|SunnyDay|[upkeep]\n|upkeep\n|turn|4\n|\n|t:|1682842558\n|switch|p1a: Ting-Lu|Ting-Lu, L50|100\/100\n|-ability|p1a: Ting-Lu|Vessel of Ruin\n|move|p1b: Bronzong|Skill Swap|p1a: Ting-Lu\n|-activate|p1b: Bronzong|move: Skill Swap|||[of] p1a: Ting-Lu\n|-ability|p1b: Bronzong|Vessel of Ruin\n|-curestatus|p2b: Dondozo|slp|[msg]\n|move|p2b: Dondozo|Earthquake|p1a: Ting-Lu|[spread] p1a,p1b\n|-miss|p2b: Dondozo|p2a: Tatsugiri\n|-supereffective|p1b: Bronzong\n|-crit|p1b: Bronzong\n|-damage|p1a: Ting-Lu|73\/100\n|-damage|p1b: Bronzong|0 fnt\n|faint|p1b: Bronzong\n|\n|-weather|SunnyDay|[upkeep]\n|upkeep\n|\n|t:|1682842577\n|switch|p1b: Torkoal|Torkoal, L50, M|100\/100\n|turn|5\n|\n|t:|1682842584\n|move|p2b: Dondozo|Protect|p2b: Dondozo\n|-singleturn|p2b: Dondozo|Protect\n|move|p1b: Torkoal|Solar Beam||[still]\n|-prepare|p1b: Torkoal|Solar Beam\n|-anim|p1b: Torkoal|Solar Beam|p2b: Dondozo\n|-activate|p2b: Dondozo|move: Protect\n|move|p1a: Ting-Lu|Fissure|p2b: Dondozo\n|-activate|p2b: Dondozo|move: Protect\n|\n|-weather|SunnyDay|[upkeep]\n|-fieldend|move: Trick Room\n|upkeep\n|turn|6\n|\n|t:|1682842617\n|move|p1b: Torkoal|Protect|p1b: Torkoal\n|-singleturn|p1b: Torkoal|Protect\n|move|p2b: Dondozo|Wave Crash|p1a: Ting-Lu\n|-supereffective|p1a: Ting-Lu\n|-damage|p1a: Ting-Lu|16\/100\n|-damage|p2b: Dondozo|80\/100|[from] Recoil\n|move|p1a: Ting-Lu|Fissure|p2b: Dondozo\n|-damage|p2b: Dondozo|0 fnt\n|faint|p2b: Dondozo\n|-ohko\n|\n|-weather|SunnyDay|[upkeep]\n|upkeep\n|\n|t:|1682842631\n|switch|p2b: Pelipper|Pelipper, L50, M|100\/100\n|-weather|RainDance|[from] ability: Drizzle|[of] p2b: Pelipper\n|turn|7\n|\n|t:|1682842666\n|switch|p1b: Lycanroc|Lycanroc-Midnight, L50, M|1\/100\n|move|p2a: Tatsugiri|Muddy Water|p1b: Lycanroc|[spread] p1a,p1b\n|-supereffective|p1a: Ting-Lu\n|-crit|p1a: Ting-Lu\n|-supereffective|p1b: Lycanroc\n|-damage|p1a: Ting-Lu|0 fnt\n|-damage|p1b: Lycanroc|0 fnt\n|faint|p1a: Ting-Lu\n|faint|p1b: Lycanroc\n|move|p2b: Pelipper|Hurricane|p1: Ting-Lu|[notarget]\n|-fail|p2b: Pelipper\n|\n|-weather|RainDance|[upkeep]\n|upkeep\n|\n|t:|1682842677\n|switch|p1b: Torkoal|Torkoal, L50, M|100\/100\n|-weather|SunnyDay|[from] ability: Drought|[of] p1b: Torkoal\n|turn|8\n|\n|t:|1682842698\n|-terastallize|p1b: Torkoal|Fire\n|move|p2a: Tatsugiri|Muddy Water|p1b: Torkoal\n|-supereffective|p1b: Torkoal\n|-damage|p1b: Torkoal|43\/100\n|move|p2b: Pelipper|Hurricane|p1b: Torkoal|[miss]\n|-miss|p2b: Pelipper|p1b: Torkoal\n|move|p1b: Torkoal|Solar Beam||[still]\n|-prepare|p1b: Torkoal|Solar Beam\n|-anim|p1b: Torkoal|Solar Beam|p2a: Tatsugiri\n|-damage|p2a: Tatsugiri|59\/100\n|\n|-weather|SunnyDay|[upkeep]\n|upkeep\n|turn|9\n|\n|t:|1682842725\n|move|p2a: Tatsugiri|Muddy Water|p1b: Torkoal\n|-supereffective|p1b: Torkoal\n|-damage|p1b: Torkoal|0 fnt\n|faint|p1b: Torkoal\n|\n|win|Abugbog\n|raw|Montendoz's rating: 1231 → 1199<\/strong> (-32 for losing)\n|raw|Abugbog's rating: 1134 → 1166<\/strong> (+32 for winning)\n|l|\u2606Montendoz\n","uploadtime":1682842754,"views":16,"p1id":"montendoz","p2id":"abugbog","formatid":"gen9vgc2023regulationc","rating":1166,"private":0,"password":""}