{"id":"gen9vgc2023regulationc-1858674138","p1":"r2vgc","p2":"RCTD-193","format":"[Gen 9] VGC 2023 Regulation C","log":"|j|\u2606r2vgc\n|j|\u2606RCTD-193\n|t:|1683340716\n|gametype|doubles\n|player|p1|r2vgc|266|1151\n|player|p2|RCTD-193|clair|1237\n|teamsize|p1|6\n|teamsize|p2|6\n|gen|9\n|tier|[Gen 9] VGC 2023 Regulation C\n|rated|\n|rule|Species Clause: Limit one of each Pok\u00e9mon\n|rule|Item Clause: Limit one of each item\n|clearpoke\n|poke|p1|Maushold-Four, L50|\n|poke|p1|Annihilape, L50, F|\n|poke|p1|Gholdengo, L50|\n|poke|p1|Murkrow, L50, F|\n|poke|p1|Garchomp, L50, M|\n|poke|p1|Gyarados, L50, F|\n|poke|p2|Murkrow, L50, M|\n|poke|p2|Chi-Yu, L50|\n|poke|p2|Mimikyu, L50, F|\n|poke|p2|Meowscarada, L50, F|\n|poke|p2|Tauros-Paldea-Aqua, L50, M|\n|poke|p2|Flamigo, L50, F|\n|teampreview|4\nr2vgc has agreed to open team sheets.\n|inactive|Battle timer is ON: inactive players will automatically lose when time's up. (requested by RCTD-193)\n|\n|t:|1683340744\n|start\n|switch|p1a: Natters|Maushold-Four, L50|100\/100\n|switch|p1b: Panda|Annihilape, L50, F|100\/100\n|switch|p2a: Murkrow|Murkrow, L50, M|100\/100\n|switch|p2b: Mimikyu|Mimikyu, L50, F|100\/100\n|turn|1\n|\n|t:|1683340768\n|move|p1a: Natters|Follow Me|p1a: Natters\n|-singleturn|p1a: Natters|move: Follow Me\n|move|p2a: Murkrow|Tailwind|p2a: Murkrow\n|-sidestart|p2: RCTD-193|move: Tailwind\n|move|p2b: Mimikyu|Will-O-Wisp|p1a: Natters\n|-status|p1a: Natters|brn\n|move|p1b: Panda|Bulk Up|p1b: Panda\n|-boost|p1b: Panda|atk|1\n|-boost|p1b: Panda|def|1\n|\n|-damage|p1a: Natters|94\/100 brn|[from] brn\n|upkeep\n|turn|2\n|\n|t:|1683340786\n|move|p1a: Natters|Follow Me|p1a: Natters\n|-singleturn|p1a: Natters|move: Follow Me\n|move|p2a: Murkrow|Haze|p2a: Murkrow\n|-clearallboost\n|move|p2b: Mimikyu|Play Rough|p1a: Natters\n|-damage|p1a: Natters|59\/100 brn\n|move|p1b: Panda|Drain Punch|p2a: Murkrow\n|-crit|p2a: Murkrow\n|-enditem|p2a: Murkrow|Focus Sash\n|-damage|p2a: Murkrow|1\/100\n|\n|-damage|p1a: Natters|53\/100 brn|[from] brn\n|upkeep\n|turn|3\n|inactive|RCTD-193 has 30 seconds left.\n|inactive|RCTD-193 has 20 seconds left.\n|\n|t:|1683340824\n|move|p1a: Natters|Protect|p1a: Natters\n|-singleturn|p1a: Natters|Protect\n|move|p2a: Murkrow|Foul Play|p1a: Natters\n|-activate|p1a: Natters|move: Protect\n|move|p2b: Mimikyu|Play Rough|p1a: Natters\n|-activate|p1a: Natters|move: Protect\n|move|p1b: Panda|Rage Fist|p2b: Mimikyu\n|-activate|p2b: Mimikyu|ability: Disguise\n|-damage|p2b: Mimikyu|100\/100\n|detailschange|p2b: Mimikyu|Mimikyu-Busted, L50, F\n|-damage|p2b: Mimikyu|88\/100|[from] pokemon: Mimikyu-Busted\n|\n|-damage|p1a: Natters|47\/100 brn|[from] brn\n|upkeep\n|turn|4\n|inactive|r2vgc has 30 seconds left.\n|\n|t:|1683340851\n|move|p1a: Natters|Follow Me|p1a: Natters\n|-singleturn|p1a: Natters|move: Follow Me\n|move|p2a: Murkrow|Foul Play|p1a: Natters\n|-damage|p1a: Natters|14\/100 brn\n|move|p2b: Mimikyu|Play Rough|p1a: Natters\n|-damage|p1a: Natters|0 fnt\n|faint|p1a: Natters\n|move|p1b: Panda|Drain Punch|p2a: Murkrow\n|-damage|p2a: Murkrow|0 fnt\n|faint|p2a: Murkrow\n|\n|-sideend|p2: RCTD-193|move: Tailwind\n|upkeep\n|\n|t:|1683340864\n|switch|p1a: Murkrow|Murkrow, L50, F|100\/100\n|switch|p2a: Tauros|Tauros-Paldea-Aqua, L50, M|100\/100\n|turn|5\n|\n|t:|1683340879\n|move|p2a: Tauros|Protect|p2a: Tauros\n|-singleturn|p2a: Tauros|Protect\n|move|p1a: Murkrow|Tailwind|p1a: Murkrow\n|-sidestart|p1: r2vgc|move: Tailwind\n|move|p1b: Panda|Rage Fist|p2b: Mimikyu\n|-supereffective|p2b: Mimikyu\n|-damage|p2b: Mimikyu|43\/100\n|move|p2b: Mimikyu|Will-O-Wisp|p1b: Panda\n|-status|p1b: Panda|brn\n|\n|-damage|p1b: Panda|94\/100 brn|[from] brn\n|upkeep\n|turn|6\n|\n|t:|1683340895\n|move|p1a: Murkrow|Sucker Punch|p2b: Mimikyu\n|-damage|p2b: Mimikyu|9\/100\n|-damage|p1a: Murkrow|91\/100|[from] item: Life Orb\n|move|p1b: Panda|Bulk Up|p1b: Panda\n|-boost|p1b: Panda|atk|1\n|-boost|p1b: Panda|def|1\n|move|p2a: Tauros|Rock Slide|p1b: Panda|[spread] p1a,p1b\n|-supereffective|p1a: Murkrow\n|-resisted|p1b: Panda\n|-damage|p1a: Murkrow|13\/100\n|-damage|p1b: Panda|90\/100 brn\n|move|p2b: Mimikyu|Play Rough|p1a: Murkrow\n|-supereffective|p1a: Murkrow\n|-damage|p1a: Murkrow|0 fnt\n|faint|p1a: Murkrow\n|\n|-heal|p1b: Panda|96\/100 brn|[from] item: Leftovers\n|-damage|p1b: Panda|90\/100 brn|[from] brn\n|upkeep\n|\n|t:|1683340912\n|switch|p1a: Garchomp|Garchomp, L50, M|100\/100\n|turn|7\n|inactive|RCTD-193 has 30 seconds left.\n|\n|t:|1683340939\n|-terastallize|p1a: Garchomp|Steel\n|move|p2a: Tauros|Protect|p2a: Tauros\n|-singleturn|p2a: Tauros|Protect\n|move|p2b: Mimikyu|Shadow Sneak|p1b: Panda\n|-supereffective|p1b: Panda\n|-damage|p1b: Panda|73\/100 brn\n|move|p1a: Garchomp|Rock Slide|p2a: Tauros|[spread] p2b\n|-activate|p2a: Tauros|move: Protect\n|-damage|p2b: Mimikyu|0 fnt\n|faint|p2b: Mimikyu\n|move|p1b: Panda|Bulk Up|p1b: Panda\n|-boost|p1b: Panda|atk|1\n|-boost|p1b: Panda|def|1\n|\n|-heal|p1b: Panda|79\/100 brn|[from] item: Leftovers\n|-damage|p1b: Panda|73\/100 brn|[from] brn\n|upkeep\n|\n|t:|1683340942\n|switch|p2b: Meowscarada|Meowscarada, L50, F|100\/100\n|turn|8\n|\n|t:|1683340963\n|move|p1a: Garchomp|Rock Slide|p2b: Meowscarada|[spread] p2a,p2b\n|-resisted|p2a: Tauros\n|-damage|p2a: Tauros|92\/100\n|-damage|p2b: Meowscarada|71\/100\n|move|p2b: Meowscarada|Flower Trick|p2a: Tauros\n|-start|p2b: Meowscarada|typechange|Grass|[from] ability: Protean\n|-supereffective|p2a: Tauros\n|-crit|p2a: Tauros\n|-damage|p2a: Tauros|12\/100\n|-setboost|p2a: Tauros|atk|6|[from] ability: Anger Point\n|-enditem|p2a: Tauros|Salac Berry|[eat]\n|-boost|p2a: Tauros|spe|1|[from] item: Salac Berry\n|cant|p2a: Tauros|flinch\n|move|p1b: Panda|Drain Punch|p2b: Meowscarada\n|-damage|p2b: Meowscarada|26\/100\n|-heal|p1b: Panda|90\/100 brn|[from] drain|[of] p2b: Meowscarada\n|\n|-heal|p1b: Panda|96\/100 brn|[from] item: Leftovers\n|-damage|p1b: Panda|90\/100 brn|[from] brn\n|-sideend|p1: r2vgc|move: Tailwind\n|upkeep\n|turn|9\n|inactive|r2vgc has 30 seconds left.\n|inactive|RCTD-193 has 30 seconds left.\n|\n|t:|1683340994\n|move|p2a: Tauros|Protect|p2a: Tauros\n|-singleturn|p2a: Tauros|Protect\n|move|p2b: Meowscarada|Flower Trick|p1b: Panda\n|-crit|p1b: Panda\n|-damage|p1b: Panda|49\/100 brn\n|move|p1a: Garchomp|Earthquake|p2a: Tauros|[spread] p1b,p2b\n|-activate|p2a: Tauros|move: Protect\n|-resisted|p2b: Meowscarada\n|-damage|p1b: Panda|31\/100 brn\n|-damage|p2b: Meowscarada|0 fnt\n|faint|p2b: Meowscarada\n|move|p1b: Panda|Rage Fist|p2a: Tauros\n|-activate|p2a: Tauros|move: Protect\n|\n|-heal|p1b: Panda|37\/100 brn|[from] item: Leftovers\n|-damage|p1b: Panda|31\/100 brn|[from] brn\n|upkeep\n|turn|10\n|\n|t:|1683341014\n|move|p2a: Tauros|Earthquake|p1a: Garchomp|[spread] p1a,p1b\n|-supereffective|p1a: Garchomp\n|-damage|p1a: Garchomp|0 fnt\n|-damage|p1b: Panda|0 fnt\n|faint|p1a: Garchomp\n|faint|p1b: Panda\n|\n|win|RCTD-193\n|raw|r2vgc's rating: 1151 → 1132<\/strong> (-19 for losing)\n|raw|RCTD-193's rating: 1237 → 1256<\/strong> (+19 for winning)\n|l|\u2606RCTD-193\n","uploadtime":1683341024,"views":14,"p1id":"r2vgc","p2id":"rctd193","formatid":"gen9vgc2023regulationc","rating":1132,"private":0,"password":""}