{"id":"gen9vgc2023regulationc-1856375093","p1":"Sqweaz","p2":"jeck531","format":"[Gen 9] VGC 2023 Regulation C","log":"|j|\u2606Sqweaz\n|j|\u2606jeck531\n|t:|1683055440\n|gametype|doubles\n|player|p1|Sqweaz|266|1000\n|player|p2|jeck531|byron|1000\n|teamsize|p1|4\n|teamsize|p2|6\n|gen|9\n|tier|[Gen 9] VGC 2023 Regulation C\n|rated|\n|rule|Species Clause: Limit one of each Pok\u00e9mon\n|rule|Item Clause: Limit one of each item\n|clearpoke\n|poke|p1|Grafaiai, L50, M|\n|poke|p1|Slaking, L50, M|\n|poke|p1|Meowscarada, L50, M|\n|poke|p1|Palafin, L50, M|\n|poke|p2|Cacturne, L50, M|\n|poke|p2|Dugtrio, L50, M|\n|poke|p2|Mismagius, L50, F|\n|poke|p2|Altaria, L50, M|\n|poke|p2|Arboliva, L50, F|\n|poke|p2|Scream Tail, L50|\n|teampreview|4\n|\n|t:|1683055457\n|start\n|switch|p1a: Grafaiai|Grafaiai, L50, M|100\/100\n|switch|p1b: Slaking|Slaking, L50, M, shiny|100\/100\n|switch|p2a: Scream Tail|Scream Tail, L50|100\/100\n|switch|p2b: Dugtrio|Dugtrio, L50, M|100\/100\n|turn|1\n|\n|t:|1683055479\n|move|p2b: Dugtrio|Protect|p2b: Dugtrio\n|-singleturn|p2b: Dugtrio|Protect\n|move|p1a: Grafaiai|Doodle|p2b: Dugtrio\n|-endability|p1a: Grafaiai|Poison Touch|[from] move: Doodle\n|-ability|p1a: Grafaiai|Arena Trap|[from] move: Doodle\n|-endability|p1b: Slaking|Truant|[from] move: Doodle\n|-ability|p1b: Slaking|Arena Trap|[from] move: Doodle\n|move|p2a: Scream Tail|Reflect|p2a: Scream Tail\n|-sidestart|p2: jeck531|Reflect\n|move|p1b: Slaking|Hammer Arm|p2b: Dugtrio\n|-activate|p2b: Dugtrio|move: Protect\n|\n|upkeep\n|turn|2\n|\n|t:|1683055524\n|move|p2b: Dugtrio|Earthquake|p1b: Slaking|[spread] p2a,p1a,p1b\n|-supereffective|p1a: Grafaiai\n|-crit|p1a: Grafaiai\n|-damage|p2a: Scream Tail|81\/100\n|-damage|p1a: Grafaiai|0 fnt\n|-damage|p1b: Slaking|73\/100\n|faint|p1a: Grafaiai\n|-damage|p2b: Dugtrio|91\/100|[from] item: Life Orb\n|move|p2a: Scream Tail|Howl|p2a: Scream Tail|[spread] p2a,p2b\n|-boost|p2a: Scream Tail|atk|1\n|-boost|p2b: Dugtrio|atk|1\n|move|p1b: Slaking|Hammer Arm|p2b: Dugtrio\n|-damage|p2b: Dugtrio|12\/100\n|-unboost|p1b: Slaking|spe|1\n|\n|-heal|p1b: Slaking|79\/100|[from] item: Leftovers\n|upkeep\n|\n|t:|1683055531\n|switch|p1a: Meowscarada|Meowscarada, L50, M|100\/100\n|turn|3\n|\n|t:|1683055540\n|move|p2b: Dugtrio|Protect|p2b: Dugtrio\n|-singleturn|p2b: Dugtrio|Protect\n|move|p1a: Meowscarada|Knock Off|p2a: Scream Tail\n|-start|p1a: Meowscarada|typechange|Dark|[from] ability: Protean\n|-damage|p2a: Scream Tail|61\/100\n|-enditem|p2a: Scream Tail|Light Clay|[from] move: Knock Off|[of] p1a: Meowscarada\n|move|p2a: Scream Tail|Dazzling Gleam|p1a: Meowscarada|[spread] p1a,p1b\n|-supereffective|p1a: Meowscarada\n|-damage|p1a: Meowscarada|55\/100\n|-damage|p1b: Slaking|64\/100\n|move|p1b: Slaking|Hammer Arm|p2b: Dugtrio\n|-activate|p2b: Dugtrio|move: Protect\n|\n|-heal|p1b: Slaking|70\/100|[from] item: Leftovers\n|upkeep\n|turn|4\n|\n|t:|1683055568\n|move|p2b: Dugtrio|Sucker Punch|p1a: Meowscarada\n|-resisted|p1a: Meowscarada\n|-damage|p1a: Meowscarada|23\/100\n|-damage|p2b: Dugtrio|2\/100|[from] item: Life Orb\n|move|p1a: Meowscarada|Knock Off|p2a: Scream Tail\n|-damage|p2a: Scream Tail|49\/100\n|move|p2a: Scream Tail|Howl|p2a: Scream Tail|[spread] p2a,p2b\n|-boost|p2a: Scream Tail|atk|1\n|-boost|p2b: Dugtrio|atk|1\n|move|p1b: Slaking|Hammer Arm|p2b: Dugtrio\n|-damage|p2b: Dugtrio|0 fnt\n|-unboost|p1b: Slaking|spe|1\n|faint|p2b: Dugtrio\n|\n|-heal|p1b: Slaking|76\/100|[from] item: Leftovers\n|upkeep\n|\n|t:|1683055578\n|switch|p2b: Mismagius|Mismagius, L50, F|100\/100\n|turn|5\n|\n|t:|1683055597\n|move|p1a: Meowscarada|Hone Claws|p1a: Meowscarada\n|-boost|p1a: Meowscarada|atk|1\n|-boost|p1a: Meowscarada|accuracy|1\n|move|p2b: Mismagius|Trick|p1b: Slaking\n|-activate|p2b: Mismagius|move: Trick|[of] p1b: Slaking\n|-item|p1b: Slaking|Choice Specs|[from] move: Trick\n|-item|p2b: Mismagius|Leftovers|[from] move: Trick\n|move|p2a: Scream Tail|Dazzling Gleam|p1a: Meowscarada|[spread] p1a,p1b\n|-supereffective|p1a: Meowscarada\n|-damage|p1a: Meowscarada|0 fnt\n|-damage|p1b: Slaking|63\/100\n|faint|p1a: Meowscarada\n|move|p1b: Slaking|Drain Punch|p2a: Scream Tail\n|-resisted|p2a: Scream Tail\n|-damage|p2a: Scream Tail|45\/100\n|-heal|p1b: Slaking|65\/100|[from] drain|[of] p2a: Scream Tail\n|\n|upkeep\n|\n|t:|1683055611\n|switch|p1a: Palafin|Palafin, L50, M|100\/100\n|turn|6\n|\n|t:|1683055634\n|-terastallize|p1b: Slaking|Ghost\n|move|p2b: Mismagius|Thunderbolt|p1a: Palafin\n|-supereffective|p1a: Palafin\n|-damage|p1a: Palafin|20\/100\n|move|p2a: Scream Tail|Dazzling Gleam|p1b: Slaking|[spread] p1a,p1b\n|-damage|p1a: Palafin|0 fnt\n|-damage|p1b: Slaking|51\/100\n|faint|p1a: Palafin\n|move|p1b: Slaking|Drain Punch|p2a: Scream Tail\n|-resisted|p2a: Scream Tail\n|-damage|p2a: Scream Tail|41\/100\n|-heal|p1b: Slaking|52\/100|[from] drain|[of] p2a: Scream Tail\n|\n|upkeep\n|turn|7\n|-message|Sqweaz forfeited.\n|\n|win|jeck531\n|raw|Sqweaz's rating: 1000 → 1000<\/strong> (+0 for losing)\n|raw|jeck531's rating: 1000 → 1040<\/strong> (+40 for winning)\n|l|\u2606Sqweaz\n","uploadtime":1683055654,"views":11,"p1id":"sqweaz","p2id":"jeck531","formatid":"gen9vgc2023regulationc","rating":1000,"private":0,"password":""}