{"id":"gen9vgc2023regulationc-1860779374","p1":"bwahacough","p2":"N8zaGr8","format":"[Gen 9] VGC 2023 Regulation C","log":"|j|\u2606bwahacough\n|j|\u2606N8zaGr8\n|t:|1683676930\n|gametype|doubles\n|player|p1|bwahacough|madame-gen4|1783\n|player|p2|N8zaGr8|cynthia-gen4|1679\n|teamsize|p1|6\n|teamsize|p2|6\n|gen|9\n|tier|[Gen 9] VGC 2023 Regulation C\n|rated|\n|rule|Species Clause: Limit one of each Pok\u00e9mon\n|rule|Item Clause: Limit one of each item\n|clearpoke\n|poke|p1|Lycanroc, L50, F|\n|poke|p1|Tyranitar, L50, M|\n|poke|p1|Flutter Mane, L50|\n|poke|p1|Chi-Yu, L50|\n|poke|p1|Corviknight, L50, M|\n|poke|p1|Farigiraf, L50, M|\n|poke|p2|Sandy Shocks, L50|\n|poke|p2|Ting-Lu, L50|\n|poke|p2|Amoonguss, L50, F|\n|poke|p2|Bronzong, L50|\n|poke|p2|Ceruledge, L50, M|\n|poke|p2|Espathra, L50, M|\n|teampreview|4\n|\n|t:|1683676948\n|start\n|switch|p1a: Lycanroc|Lycanroc, L50, F|100\/100\n|switch|p1b: Tyranitar|Tyranitar, L50, M, shiny|100\/100\n|switch|p2a: dong|Bronzong, L50|100\/100\n|switch|p2b: Father Help|Ting-Lu, L50|100\/100\n|-weather|Sandstorm|[from] ability: Sand Stream|[of] p1b: Tyranitar\n|-ability|p2b: Father Help|Vessel of Ruin\n|turn|1\n|\n|t:|1683676968\n|-terastallize|p2a: dong|Water\n|move|p1a: Lycanroc|Close Combat|p2b: Father Help\n|-supereffective|p2b: Father Help\n|-damage|p2b: Father Help|56\/100\n|-unboost|p1a: Lycanroc|def|1\n|-unboost|p1a: Lycanroc|spd|1\n|move|p1b: Tyranitar|Low Kick|p2b: Father Help\n|-supereffective|p2b: Father Help\n|-damage|p2b: Father Help|5\/100\n|move|p2b: Father Help|Earthquake|p1b: Tyranitar|[spread] p1a,p1b\n|-immune|p2a: dong|[from] ability: Levitate\n|-supereffective|p1a: Lycanroc\n|-supereffective|p1b: Tyranitar\n|-enditem|p1a: Lycanroc|Focus Sash\n|-damage|p1a: Lycanroc|1\/100\n|-damage|p1b: Tyranitar|35\/100\n|move|p2a: dong|Trick Room|p2a: dong\n|-fieldstart|move: Trick Room|[of] p2a: dong\n|\n|-weather|Sandstorm|[upkeep]\n|upkeep\n|turn|2\n|\n|t:|1683676986\n|switch|p1a: Corviknight|Corviknight, L50, M, shiny|100\/100\n|-terastallize|p1b: Tyranitar|Flying\n|move|p2a: dong|Body Press|p1b: Tyranitar\n|-resisted|p1b: Tyranitar\n|-damage|p1b: Tyranitar|26\/100\n|move|p2b: Father Help|Rock Slide|p1b: Tyranitar|[spread] p1a,p1b\n|-supereffective|p1b: Tyranitar\n|-damage|p1a: Corviknight|86\/100\n|-damage|p1b: Tyranitar|0 fnt\n|faint|p1b: Tyranitar\n|\n|-weather|Sandstorm|[upkeep]\n|-heal|p1a: Corviknight|92\/100|[from] item: Leftovers\n|upkeep\n|j| merahmerona\n|\n|t:|1683676992\n|switch|p1b: Farigiraf|Farigiraf, L50, M, shiny|100\/100\n|turn|3\n|\n|t:|1683677002\n|move|p2a: dong|Iron Defense|p2a: dong\n|-boost|p2a: dong|def|2\n|move|p2b: Father Help|Ruination|p1a: Corviknight\n|-damage|p1a: Corviknight|46\/100\n|move|p1b: Farigiraf|Dazzling Gleam|p2b: Father Help|[spread] p2a,p2b\n|-supereffective|p2b: Father Help\n|-damage|p2a: dong|92\/100\n|-damage|p2b: Father Help|0 fnt\n|faint|p2b: Father Help\n|move|p1a: Corviknight|Bulk Up|p1a: Corviknight\n|-boost|p1a: Corviknight|atk|1\n|-boost|p1a: Corviknight|def|1\n|\n|-weather|Sandstorm|[upkeep]\n|-damage|p1b: Farigiraf|94\/100|[from] Sandstorm\n|-heal|p1a: Corviknight|52\/100|[from] item: Leftovers\n|upkeep\n|\n|t:|1683677029\n|switch|p2b: GrAss Blaster|Ceruledge, L50, M|100\/100\n|turn|4\n|\n|t:|1683677038\n|move|p2a: dong|Body Press|p1a: Corviknight\n|-damage|p1a: Corviknight|30\/100\n|move|p1b: Farigiraf|Psychic|p2b: GrAss Blaster\n|-damage|p2b: GrAss Blaster|65\/100\n|move|p1a: Corviknight|Brave Bird|p2b: GrAss Blaster\n|-damage|p2b: GrAss Blaster|0 fnt\n|faint|p2b: GrAss Blaster\n|-damage|p1a: Corviknight|12\/100|[from] Recoil\n|\n|-weather|Sandstorm|[upkeep]\n|-damage|p1b: Farigiraf|88\/100|[from] Sandstorm\n|-heal|p1a: Corviknight|18\/100|[from] item: Leftovers\n|upkeep\n|\n|t:|1683677049\n|switch|p2b: Sandy Shocks|Sandy Shocks, L50|100\/100\n|-enditem|p2b: Sandy Shocks|Booster Energy\n|-activate|p2b: Sandy Shocks|ability: Protosynthesis|[fromitem]\n|-start|p2b: Sandy Shocks|protosynthesisspe\n|turn|5\n|\n|t:|1683677057\n|move|p2b: Sandy Shocks|Protect|p2b: Sandy Shocks\n|-singleturn|p2b: Sandy Shocks|Protect\n|move|p1b: Farigiraf|Ally Switch|p1b: Farigiraf\n|swap|p1b: Farigiraf|0|[from] move: Ally Switch\n|move|p2a: dong|Body Press|p1a: Farigiraf\n|-damage|p1a: Farigiraf|52\/100\n|move|p1b: Corviknight|Roost|p1b: Corviknight\n|-heal|p1b: Corviknight|68\/100\n|-singleturn|p1b: Corviknight|move: Roost\n|\n|-weather|none\n|-heal|p1b: Corviknight|74\/100|[from] item: Leftovers\n|-fieldend|move: Trick Room\n|upkeep\n|turn|6\n|\n|t:|1683677067\n|move|p2b: Sandy Shocks|Thunderbolt|p1a: Farigiraf\n|-crit|p1a: Farigiraf\n|-damage|p1a: Farigiraf|0 fnt\n|faint|p1a: Farigiraf\n|move|p1b: Corviknight|Roost|p1b: Corviknight\n|-heal|p1b: Corviknight|100\/100\n|-singleturn|p1b: Corviknight|move: Roost\n|move|p2a: dong|Body Press|p1b: Corviknight\n|-supereffective|p1b: Corviknight\n|-damage|p1b: Corviknight|50\/100\n|\n|-heal|p1b: Corviknight|56\/100|[from] item: Leftovers\n|upkeep\n|\n|t:|1683677070\n|switch|p1a: Lycanroc|Lycanroc, L50, F|1\/100\n|turn|7\n|\n|t:|1683677082\n|move|p2b: Sandy Shocks|Thunderbolt|p1b: Corviknight\n|-supereffective|p1b: Corviknight\n|-damage|p1b: Corviknight|0 fnt\n|faint|p1b: Corviknight\n|move|p1a: Lycanroc|Endeavor|p2b: Sandy Shocks\n|-damage|p2b: Sandy Shocks|1\/100\n|move|p2a: dong|Iron Defense|p2a: dong\n|-boost|p2a: dong|def|2\n|\n|upkeep\n|turn|8\n|-message|bwahacough forfeited.\n|\n|win|N8zaGr8\n|raw|bwahacough's rating: 1797 → 1770<\/strong> (-27 for losing)\n|raw|N8zaGr8's rating: 1679 → 1706<\/strong> (+27 for winning)\n|l|\u2606bwahacough\n|l|\u2606N8zaGr8\n","uploadtime":1683677133,"views":22,"p1id":"bwahacough","p2id":"n8zagr8","formatid":"gen9vgc2023regulationc","rating":1706,"private":0,"password":""}