{"id":"gen9vgc2023regulationc-1846759350","p1":"Elite 4 Timmy","p2":"DarkLord009","format":"[Gen 9] VGC 2023 Regulation C","log":"|j|\u2606Elite 4 Timmy\n|j|\u2606DarkLord009\n|t:|1681875048\n|gametype|doubles\n|player|p1|Elite 4 Timmy|youngster|1170\n|player|p2|DarkLord009|unknown|1136\n|teamsize|p1|6\n|teamsize|p2|6\n|gen|9\n|tier|[Gen 9] VGC 2023 Regulation C\n|rated|\n|rule|Species Clause: Limit one of each Pok\u00e9mon\n|rule|Item Clause: Limit one of each item\n|clearpoke\n|poke|p1|Abomasnow, L50, F|\n|poke|p1|Frosmoth, L50, M|\n|poke|p1|Gastrodon, L50, F|\n|poke|p1|Iron Bundle, L50|\n|poke|p1|Chi-Yu, L50|\n|poke|p1|Garganacl, L50, F|\n|poke|p2|Rabsca, L50, M|\n|poke|p2|Garganacl, L50, F|\n|poke|p2|Forretress, L50, F|\n|poke|p2|Annihilape, L50, M|\n|poke|p2|Houndstone, L50, F|\n|poke|p2|Grafaiai, L50, M|\n|teampreview|4\nDarkLord009 rejected open team sheets.\n|inactive|Battle timer is ON: inactive players will automatically lose when time's up. (requested by Elite 4 Timmy)\n|\n|t:|1681875096\n|start\n|switch|p1a: Iron Bundle|Iron Bundle, L50|100\/100\n|switch|p1b: Chi-Yu|Chi-Yu, L50|100\/100\n|switch|p2a: Rabsca|Rabsca, L50, M|100\/100\n|switch|p2b: Forretress|Forretress, L50, F|100\/100\n|-ability|p1b: Chi-Yu|Beads of Ruin\n|-enditem|p1a: Iron Bundle|Booster Energy\n|-activate|p1a: Iron Bundle|ability: Quark Drive|[fromitem]\n|-start|p1a: Iron Bundle|quarkdrivespe\n|turn|1\n|\n|t:|1681875118\n|-terastallize|p1b: Chi-Yu|Ghost\n|-terastallize|p2a: Rabsca|Dark\n|move|p1a: Iron Bundle|Aurora Veil||[still]\n|-fail|p1a: Iron Bundle\n|move|p1b: Chi-Yu|Heat Wave|p2a: Rabsca|[spread] p2a,p2b\n|-supereffective|p2b: Forretress\n|-damage|p2a: Rabsca|50\/100\n|-ability|p2b: Forretress|Sturdy\n|-damage|p2b: Forretress|1\/100\n|-enditem|p2b: Forretress|Sitrus Berry|[eat]\n|-heal|p2b: Forretress|26\/100|[from] item: Sitrus Berry\n|-damage|p1b: Chi-Yu|90\/100|[from] item: Life Orb\n|move|p2b: Forretress|Explosion|p1b: Chi-Yu|[spread] p1a\n|-activate|p2a: Rabsca|ability: Telepathy\n|-immune|p1b: Chi-Yu\n|-damage|p1a: Iron Bundle|54\/100\n|faint|p2b: Forretress\n|move|p2a: Rabsca|Trick Room|p2a: Rabsca\n|-fieldstart|move: Trick Room|[of] p2a: Rabsca\n|\n|upkeep\n|\n|t:|1681875140\n|switch|p2b: Garganacl|Garganacl, L50, F|100\/100\n|turn|2\n|\n|t:|1681875156\n|-end|p1a: Iron Bundle|Quark Drive|[silent]\n|switch|p1a: Mr. Salty|Garganacl, L50, F|100\/100\n|move|p2b: Garganacl|Rock Slide|p1a: Mr. Salty|[spread] p1a\n|-miss|p2b: Garganacl|p1b: Chi-Yu\n|-damage|p1a: Mr. Salty|74\/100\n|move|p2a: Rabsca|Revival Blessing|p2a: Rabsca\n|-enditem|p2a: Rabsca|Leppa Berry|[eat]\n|-activate|p2a: Rabsca|item: Leppa Berry|Revival Blessing|[consumed]\n|\n|t:|1681875180\n|-heal|p2: Forretress|50\/100|[from] move: Revival Blessing\n|move|p1b: Chi-Yu|Heat Wave|p2b: Garganacl|[spread] p2a,p2b\n|-resisted|p2b: Garganacl\n|-damage|p2a: Rabsca|3\/100\n|-damage|p2b: Garganacl|71\/100\n|-damage|p1b: Chi-Yu|80\/100|[from] item: Life Orb\n|\n|upkeep\n|turn|3\n|\n|t:|1681875199\n|switch|p2b: Forretress|Forretress, L50, F|50\/100\n|move|p1b: Chi-Yu|Protect|p1b: Chi-Yu\n|-singleturn|p1b: Chi-Yu|Protect\n|move|p1a: Mr. Salty|Rock Slide|p2a: Rabsca|[spread] p2b\n|-miss|p1a: Mr. Salty|p2a: Rabsca\n|-damage|p2b: Forretress|40\/100\n|move|p2a: Rabsca|Struggle Bug|p1b: Chi-Yu|[spread] p1a\n|-activate|p1b: Chi-Yu|move: Protect\n|-damage|p1a: Mr. Salty|61\/100\n|-unboost|p1a: Mr. Salty|spa|1\n|\n|upkeep\n|turn|4\n|\n|t:|1681875217\n|switch|p1b: Iron Bundle|Iron Bundle, L50|54\/100\n|move|p2b: Forretress|Gyro Ball|p1b: Iron Bundle\n|-damage|p1b: Iron Bundle|0 fnt\n|faint|p1b: Iron Bundle\n|-end|p1b: Iron Bundle|Quark Drive|[silent]\n|move|p1a: Mr. Salty|Recover|p1a: Mr. Salty\n|-heal|p1a: Mr. Salty|100\/100\n|move|p2a: Rabsca|Struggle Bug|p1a: Mr. Salty\n|-damage|p1a: Mr. Salty|87\/100\n|-unboost|p1a: Mr. Salty|spa|1\n|\n|upkeep\n|\n|t:|1681875228\n|switch|p1b: Chi-Yu|Chi-Yu, L50, tera:Ghost|80\/100\n|-ability|p1b: Chi-Yu|Beads of Ruin\n|turn|5\n|\n|t:|1681875239\n|move|p1b: Chi-Yu|Protect|p1b: Chi-Yu\n|-singleturn|p1b: Chi-Yu|Protect\n|move|p2b: Forretress|Gyro Ball|p1b: Chi-Yu\n|-activate|p1b: Chi-Yu|move: Protect\n|move|p1a: Mr. Salty|Rock Slide|p2b: Forretress|[spread] p2a,p2b\n|-crit|p2a: Rabsca\n|-damage|p2a: Rabsca|0 fnt\n|-damage|p2b: Forretress|30\/100\n|faint|p2a: Rabsca\n|\n|-fieldend|move: Trick Room\n|upkeep\n|\n|t:|1681875246\n|switch|p2a: Grafaiai|Grafaiai, L50, M|100\/100\n|turn|6\n|\n|t:|1681875254\n|move|p2a: Grafaiai|Copycat|p2a: Grafaiai\n|move|p2a: Grafaiai|Rock Slide|p1a: Mr. Salty|[from]move: Copycat|[spread] p1a,p1b\n|-damage|p1a: Mr. Salty|77\/100\n|-damage|p1b: Chi-Yu|56\/100\n|-damage|p2a: Grafaiai|90\/100|[from] item: Life Orb\n|cant|p1b: Chi-Yu|flinch\n|cant|p1a: Mr. Salty|flinch\n|move|p2b: Forretress|Gyro Ball|p1b: Chi-Yu\n|-damage|p1b: Chi-Yu|0 fnt\n|faint|p1b: Chi-Yu\n|\n|upkeep\n|\n|t:|1681875266\n|switch|p1b: Frosmoth|Frosmoth, L50, M|100\/100\n|turn|7\n|\n|t:|1681875280\n|move|p2a: Grafaiai|Protect|p2a: Grafaiai\n|-singleturn|p2a: Grafaiai|Protect\n|move|p1b: Frosmoth|Protect|p1b: Frosmoth\n|-singleturn|p1b: Frosmoth|Protect\n|move|p1a: Mr. Salty|Salt Cure|p2b: Forretress\n|-damage|p2b: Forretress|21\/100\n|-start|p2b: Forretress|Salt Cure\n|move|p2b: Forretress|Explosion|p1b: Frosmoth|[spread] p1a\n|-activate|p2a: Grafaiai|move: Protect\n|-activate|p1b: Frosmoth|move: Protect\n|-resisted|p1a: Mr. Salty\n|-damage|p1a: Mr. Salty|64\/100\n|faint|p2b: Forretress\n|\n|upkeep\n|\n|t:|1681875290\n|switch|p2b: Garganacl|Garganacl, L50, F|71\/100\n|turn|8\n|\n|t:|1681875302\n|move|p2a: Grafaiai|Copycat|p2a: Grafaiai\n|move|p2a: Grafaiai|Explosion|p1a: Mr. Salty|[from]move: Copycat|[spread] p2b,p1a,p1b\n|-resisted|p2b: Garganacl\n|-resisted|p1a: Mr. Salty\n|-damage|p2b: Garganacl|45\/100\n|-damage|p1a: Mr. Salty|42\/100\n|-damage|p1b: Frosmoth|0 fnt\n|-enditem|p1a: Mr. Salty|Sitrus Berry|[eat]\n|-heal|p1a: Mr. Salty|67\/100|[from] item: Sitrus Berry\n|faint|p2a: Grafaiai\n|faint|p1b: Frosmoth\n|move|p2b: Garganacl|Earthquake|p1a: Mr. Salty\n|-supereffective|p1a: Mr. Salty\n|-damage|p1a: Mr. Salty|9\/100\n|move|p1a: Mr. Salty|Salt Cure|p2b: Garganacl\n|-damage|p2b: Garganacl|35\/100\n|-start|p2b: Garganacl|Salt Cure\n|\n|-damage|p2b: Garganacl|23\/100|[from] Salt Cure\n|upkeep\n|turn|9\n|\n|t:|1681875322\n|move|p2b: Garganacl|Earthquake|p1a: Mr. Salty\n|-supereffective|p1a: Mr. Salty\n|-damage|p1a: Mr. Salty|0 fnt\n|faint|p1a: Mr. Salty\n|\n|win|DarkLord009\n|raw|Elite 4 Timmy's rating: 1170 → 1143<\/strong> (-27 for losing)\n|raw|DarkLord009's rating: 1136 → 1163<\/strong> (+27 for winning)\n|c|\u2606DarkLord009|gg\n|l|\u2606Elite 4 Timmy\n","uploadtime":1681875332,"views":7,"p1id":"elite4timmy","p2id":"darklord009","formatid":"gen9vgc2023regulationc","rating":1143,"private":0,"password":""}