{"id":"gen9vgc2023regulationc-1852048741","p1":"Eldegoss32","p2":"Insertable194","format":"[Gen 9] VGC 2023 Regulation C","log":"|j|\u2606Eldegoss32\n|j|\u2606Insertable194\n|t:|1682519860\n|gametype|doubles\n|player|p1|Eldegoss32|acetrainerf|\n|player|p2|Insertable194|hilbert-wonderlauncher|\n|teamsize|p1|6\n|teamsize|p2|6\n|gen|9\n|tier|[Gen 9] VGC 2023 Regulation C\n|rated|Tournament battle\n|rule|Species Clause: Limit one of each Pok\u00e9mon\n|rule|Item Clause: Limit one of each item\n|clearpoke\n|poke|p1|Noivern, L50, M|\n|poke|p1|Flutter Mane, L50|\n|poke|p1|Oranguru, L50, M|\n|poke|p1|Garchomp, L50, M|\n|poke|p1|Pelipper, L50, F|\n|poke|p1|Palafin, L50, M|\n|poke|p2|Talonflame, L50, F|\n|poke|p2|Dragapult, L50, M|\n|poke|p2|Flutter Mane, L50|\n|poke|p2|Farigiraf, L50, F|\n|poke|p2|Chien-Pao, L50|\n|poke|p2|Chi-Yu, L50|\n|teampreview|4\n|c|\u2606Insertable194|glhf\nInsertable194 has agreed to open team sheets.\n|c|\u2606Eldegoss32|glhf\nEldegoss32 has agreed to open team sheets.\n|inactive|Battle timer is ON: inactive players will automatically lose when time's up. (requested by Insertable194)\n|j| RiotJuice\n|inactive|Eldegoss32 has 60 seconds left.\n|\n|t:|1682519947\n|start\n|switch|p1a: Pelipper|Pelipper, L50, F|100\/100\n|switch|p1b: Flutter Mane|Flutter Mane, L50|100\/100\n|switch|p2a: Talonflame|Talonflame, L50, F|100\/100\n|switch|p2b: Chien-Pao|Chien-Pao, L50|100\/100\n|-ability|p2b: Chien-Pao|Sword of Ruin\n|-weather|RainDance|[from] ability: Drizzle|[of] p1a: Pelipper\n|-enditem|p1b: Flutter Mane|Booster Energy\n|-activate|p1b: Flutter Mane|ability: Protosynthesis|[fromitem]\n|-start|p1b: Flutter Mane|protosynthesisspa\n|turn|1\n|inactive|Insertable194 has 30 seconds left.\n|\n|t:|1682519976\n|move|p2b: Chien-Pao|Ice Spinner|p1b: Flutter Mane\n|-damage|p1b: Flutter Mane|11\/100\n|move|p2a: Talonflame|Taunt|p1a: Pelipper\n|-start|p1a: Pelipper|move: Taunt\n|move|p1b: Flutter Mane|Dazzling Gleam|p2a: Talonflame|[spread] p2a,p2b\n|-resisted|p2a: Talonflame\n|-supereffective|p2b: Chien-Pao\n|-damage|p2a: Talonflame|63\/100\n|-enditem|p2b: Chien-Pao|Focus Sash\n|-damage|p2b: Chien-Pao|1\/100\n|cant|p1a: Pelipper|move: Taunt|Tailwind\n|\n|-weather|RainDance|[upkeep]\n|upkeep\n|turn|2\n|inactive|Eldegoss32 has 30 seconds left.\n|inactive|Insertable194 has 30 seconds left.\n|\n|t:|1682520004\n|-end|p1b: Flutter Mane|Protosynthesis|[silent]\n|switch|p1b: Palafin|Palafin, L50, M|100\/100\n|move|p2b: Chien-Pao|Protect|p2b: Chien-Pao\n|-singleturn|p2b: Chien-Pao|Protect\n|move|p2a: Talonflame|Tailwind|p2a: Talonflame\n|-sidestart|p2: Insertable194|move: Tailwind\n|move|p1a: Pelipper|Hurricane|p2b: Chien-Pao\n|-activate|p2b: Chien-Pao|move: Protect\n|\n|-weather|RainDance|[upkeep]\n|upkeep\n|turn|3\n|\n|t:|1682520028\n|switch|p2a: Dragapult|Dragapult, L50, M|100\/100\n|move|p1b: Palafin|Protect|p1b: Palafin\n|-singleturn|p1b: Palafin|Protect\n|move|p2b: Chien-Pao|Ice Spinner|p1a: Pelipper\n|-damage|p1a: Pelipper|31\/100\n|move|p1a: Pelipper|Hurricane|p2b: Chien-Pao\n|-damage|p2b: Chien-Pao|0 fnt\n|faint|p2b: Chien-Pao\n|\n|-weather|RainDance|[upkeep]\n|-end|p1a: Pelipper|move: Taunt\n|upkeep\n|\n|t:|1682520040\n|switch|p2b: Flutter Mane|Flutter Mane, L50|100\/100\n|turn|4\n|\n|t:|1682520050\n|detailschange|p1b: Palafin|Palafin-Hero, L50, M\n|switch|p1b: Oranguru|Oranguru, L50, M|100\/100\n|move|p1a: Pelipper|Wide Guard|p1a: Pelipper\n|-singleturn|p1a: Pelipper|Wide Guard\n|move|p2a: Dragapult|Dragon Darts|p1a: Pelipper\n|-damage|p1a: Pelipper|0 fnt\n|-anim|p2a: Dragapult|Dragon Darts|p1b: Oranguru\n|-damage|p1b: Oranguru|72\/100\n|faint|p1a: Pelipper\n|move|p2b: Flutter Mane|Moonblast|p1b: Oranguru\n|-damage|p1b: Oranguru|17\/100\n|-enditem|p1b: Oranguru|Sitrus Berry|[eat]\n|-heal|p1b: Oranguru|42\/100|[from] item: Sitrus Berry\n|\n|-weather|RainDance|[upkeep]\n|upkeep\n|\n|t:|1682520065\n|switch|p1a: Palafin|Palafin-Hero, L50, M|100\/100\n|-activate|p1a: Palafin|ability: Zero to Hero\n|turn|5\n|inactive|Insertable194 has 30 seconds left.\n|inactive|Insertable194 has 20 seconds left.\n|\n|t:|1682520104\n|-terastallize|p1a: Palafin|Water\n|move|p2a: Dragapult|Dragon Darts|p1a: Palafin\n|-damage|p1a: Palafin|63\/100\n|-anim|p2a: Dragapult|Dragon Darts|p1b: Oranguru\n|-damage|p1b: Oranguru|11\/100\n|move|p2b: Flutter Mane|Moonblast|p1a: Palafin\n|-damage|p1a: Palafin|0 fnt\n|faint|p1a: Palafin\n|move|p1b: Oranguru|Instruct|p1: Palafin|[notarget]\n|-fail|p1b: Oranguru\n|\n|-weather|none\n|-sideend|p2: Insertable194|move: Tailwind\n|upkeep\n|\n|t:|1682520115\n|switch|p1a: Flutter Mane|Flutter Mane, L50|11\/100\n|turn|6\n|c|\u2606Insertable194|?\n|c|\u2606Eldegoss32|was hoping youd target oranguru\n|inactive|Eldegoss32 has 30 seconds left.\n|c|\u2606Insertable194|wouldn't jet punch win?\n|inactive|Eldegoss32 has 20 seconds left.\n|inactive|Eldegoss32 has 15 seconds left.\n|inactive|Eldegoss32 has 10 seconds left.\n|c|\u2606Eldegoss32|if it killed drag maybe?\n|inactive|Eldegoss32 has 5 seconds left.\n|\n|t:|1682520169\n|move|p2a: Dragapult|Dragon Darts|p1b: Oranguru\n|-damage|p1b: Oranguru|0 fnt\n|faint|p1b: Oranguru\n|move|p2b: Flutter Mane|Moonblast|p1a: Flutter Mane\n|-damage|p1a: Flutter Mane|0 fnt\n|faint|p1a: Flutter Mane\n|-end|p1a: Flutter Mane|Protosynthesis|[silent]\n|\n|win|Insertable194\n|n|\u2606Eldegoss32|eldegoss32\n|n|\u2606Insertable194|insertable194\n|n| RiotJuice|riotjuice\n|l| RiotJuice\n","uploadtime":1682520175,"views":14,"p1id":"eldegoss32","p2id":"insertable194","formatid":"gen9vgc2023regulationc","rating":0,"private":0,"password":""}