{"id":"gen9vgc2023regulationc-1848020847","p1":"Cesare","p2":"pls be kind to me","format":"[Gen 9] VGC 2023 Regulation C","log":"|j|\u2606Cesare\n|j|\u2606pls be kind to me\n|t:|1682021389\n|gametype|doubles\n|player|p1|Cesare|ethan-gen2c|1187\n|player|p2|pls be kind to me|flannery|1110\n|teamsize|p1|6\n|teamsize|p2|6\n|gen|9\n|tier|[Gen 9] VGC 2023 Regulation C\n|rated|\n|rule|Species Clause: Limit one of each Pok\u00e9mon\n|rule|Item Clause: Limit one of each item\n|clearpoke\n|poke|p1|Gyarados, L50, F|\n|poke|p1|Chi-Yu, L50|\n|poke|p1|Ceruledge, L50, M|\n|poke|p1|Gastrodon, L50, M|\n|poke|p1|Scizor, L50, M|\n|poke|p1|Glimmora, L50, F|\n|poke|p2|Gyarados, L50, M|\n|poke|p2|Maushold-Four, L50|\n|poke|p2|Chien-Pao, L50|\n|poke|p2|Flutter Mane, L50|\n|poke|p2|Corviknight, L50, F|\n|poke|p2|Scream Tail, L50|\n|teampreview|4\nCesare has agreed to open team sheets.\npls be kind to me has agreed to open team sheets.\n|inactive|Battle timer is ON: inactive players will automatically lose when time's up. (requested by Cesare)\n|inactive|pls be kind to me has 60 seconds left.\n|\n|t:|1682021519\n|start\n|switch|p1a: Chi-Yu|Chi-Yu, L50|100\/100\n|switch|p1b: Ceruledge|Ceruledge, L50, M|100\/100\n|switch|p2a: Gyarados|Gyarados, L50, M|100\/100\n|switch|p2b: Scream Tail|Scream Tail, L50|100\/100\n|-ability|p1a: Chi-Yu|Beads of Ruin\n|-ability|p2a: Gyarados|Intimidate|boost\n|-unboost|p1a: Chi-Yu|atk|1\n|-fail|p1b: Ceruledge|unboost|[from] item: Clear Amulet|[of] p1b: Ceruledge\n|-enditem|p2b: Scream Tail|Booster Energy\n|-activate|p2b: Scream Tail|ability: Protosynthesis|[fromitem]\n|-start|p2b: Scream Tail|protosynthesisspe\n|turn|1\n|inactive|Cesare has 30 seconds left.\n|inactive|pls be kind to me has 30 seconds left.\n|inactive|Cesare has 20 seconds left.\n|inactive|Cesare has 15 seconds left.\n|inactive|Cesare has 10 seconds left.\n|\n|t:|1682021569\n|switch|p1a: Scizor|Scizor, L50, M|100\/100\n|move|p2a: Gyarados|Protect|p2a: Gyarados\n|-singleturn|p2a: Gyarados|Protect\n|move|p1b: Ceruledge|Protect|p1b: Ceruledge\n|-singleturn|p1b: Ceruledge|Protect\n|move|p2b: Scream Tail|Howl|p2b: Scream Tail|[spread] p2a,p2b\n|-boost|p2a: Gyarados|atk|1\n|-boost|p2b: Scream Tail|atk|1\n|\n|upkeep\n|turn|2\n|inactive|Cesare has 30 seconds left.\n|inactive|pls be kind to me has 30 seconds left.\n|\n|t:|1682021595\n|-end|p2b: Scream Tail|Protosynthesis|[silent]\n|switch|p2b: Maushold|Maushold-Four, L50|100\/100\n|switch|p1b: Gastrodon|Gastrodon, L50, M|100\/100\n|move|p1a: Scizor|Bullet Punch|p2b: Maushold\n|-damage|p2b: Maushold|31\/100\n|-damage|p1a: Scizor|91\/100|[from] item: Life Orb\n|move|p2a: Gyarados|Dragon Dance|p2a: Gyarados\n|-boost|p2a: Gyarados|atk|1\n|-boost|p2a: Gyarados|spe|1\n|\n|upkeep\n|turn|3\n|\n|t:|1682021616\n|-terastallize|p2a: Gyarados|Flying\n|move|p2b: Maushold|Protect|p2b: Maushold\n|-singleturn|p2b: Maushold|Protect\n|move|p1a: Scizor|Bullet Punch|p2b: Maushold\n|-activate|p2b: Maushold|move: Protect\n|move|p2a: Gyarados|Tera Blast|p1b: Gastrodon\n|-damage|p1b: Gastrodon|0 fnt\n|faint|p1b: Gastrodon\n|\n|upkeep\n|\n|t:|1682021630\n|switch|p1b: Chi-Yu|Chi-Yu, L50|100\/100\n|-ability|p1b: Chi-Yu|Beads of Ruin\n|turn|4\n|inactive|pls be kind to me has 30 seconds left.\n|\n|t:|1682021661\n|switch|p1a: Ceruledge|Ceruledge, L50, M|100\/100\n|move|p2b: Maushold|Protect||[still]\n|-fail|p2b: Maushold\n|move|p1b: Chi-Yu|Lava Plume|p2a: Gyarados|[spread] p2a,p2b\n|-start|p1a: Ceruledge|ability: Flash Fire\n|-crit|p2a: Gyarados\n|-damage|p2a: Gyarados|43\/100\n|-damage|p2b: Maushold|0 fnt\n|faint|p2b: Maushold\n|move|p2a: Gyarados|Waterfall|p1b: Chi-Yu\n|-supereffective|p1b: Chi-Yu\n|-damage|p1b: Chi-Yu|0 fnt\n|faint|p1b: Chi-Yu\n|\n|upkeep\n|\n|t:|1682021677\n|switch|p2b: Scream Tail|Scream Tail, L50|100\/100\n|switch|p1b: Scizor|Scizor, L50, M|91\/100\n|turn|5\n|inactive|Cesare has 30 seconds left.\n|\n|t:|1682021712\n|move|p2a: Gyarados|Protect|p2a: Gyarados\n|-singleturn|p2a: Gyarados|Protect\n|move|p1a: Ceruledge|Protect|p1a: Ceruledge\n|-singleturn|p1a: Ceruledge|Protect\n|move|p1b: Scizor|Bullet Punch|p2a: Gyarados\n|-activate|p2a: Gyarados|move: Protect\n|move|p2b: Scream Tail|Disable|p1b: Scizor\n|-start|p1b: Scizor|Disable|Bullet Punch\n|\n|upkeep\n|turn|6\n|\n|t:|1682021732\n|-terastallize|p1a: Ceruledge|Grass\n|move|p1b: Scizor|Protect|p1b: Scizor\n|-singleturn|p1b: Scizor|Protect\n|move|p1a: Ceruledge|Shadow Sneak|p2a: Gyarados\n|-damage|p2a: Gyarados|18\/100\n|move|p2a: Gyarados|Tera Blast|p1b: Scizor\n|-activate|p1b: Scizor|move: Protect\n|move|p2b: Scream Tail|Encore|p1a: Ceruledge\n|-start|p1a: Ceruledge|Encore\n|\n|upkeep\n|turn|7\n|inactive|Cesare has 30 seconds left.\n|inactive|Cesare has 20 seconds left.\n|\n|t:|1682021767\n|move|p2a: Gyarados|Protect|p2a: Gyarados\n|-singleturn|p2a: Gyarados|Protect\n|move|p1a: Ceruledge|Shadow Sneak|p2a: Gyarados\n|-activate|p2a: Gyarados|move: Protect\n|move|p2b: Scream Tail|Disable|p1a: Ceruledge\n|-start|p1a: Ceruledge|Disable|Shadow Sneak\n|move|p1b: Scizor|U-turn|p2a: Gyarados\n|-activate|p2a: Gyarados|move: Protect\n|\n|upkeep\n|turn|8\n|\n|t:|1682021785\n|move|p1b: Scizor|Protect|p1b: Scizor\n|-singleturn|p1b: Scizor|Protect\n|move|p2a: Gyarados|Tera Blast|p1b: Scizor\n|-activate|p1b: Scizor|move: Protect\n|move|p2b: Scream Tail|Encore|p1b: Scizor\n|-activate|p1b: Scizor|move: Protect\n|-activate|p1a: Ceruledge|move: Struggle\n|move|p1a: Ceruledge|Struggle|p2b: Scream Tail\n|-damage|p2b: Scream Tail|87\/100\n|-damage|p1a: Ceruledge|75\/100|[from] recoil\n|\n|upkeep\n|turn|9\n|\n|t:|1682021809\n|move|p1b: Scizor|Protect||[still]\n|-fail|p1b: Scizor\n|move|p2a: Gyarados|Tera Blast|p1b: Scizor\n|-damage|p1b: Scizor|0 fnt\n|faint|p1b: Scizor\n|move|p2b: Scream Tail|Play Rough|p1a: Ceruledge|[miss]\n|-miss|p2b: Scream Tail|p1a: Ceruledge\n|-activate|p1a: Ceruledge|move: Struggle\n|move|p1a: Ceruledge|Struggle|p2b: Scream Tail\n|-damage|p2b: Scream Tail|73\/100\n|-damage|p1a: Ceruledge|50\/100|[from] recoil\n|\n|-end|p1a: Ceruledge|Encore\n|upkeep\n|turn|10\n|-message|Cesare forfeited.\n|\n|win|pls be kind to me\n|raw|Cesare's rating: 1187 → 1157<\/strong> (-30 for losing)\n|raw|pls be kind to me's rating: 1110 → 1140<\/strong> (+30 for winning)\n|l|\u2606Cesare\n","uploadtime":1682021819,"views":12,"p1id":"cesare","p2id":"plsbekindtome","formatid":"gen9vgc2023regulationc","rating":1140,"private":0,"password":""}