{"id":"gen9vgc2023regulationc-1854545592","p1":"this.194","p2":"ventianndk","format":"[Gen 9] VGC 2023 Regulation C","log":"|j|\u2606this.194\n|j|\u2606ventianndk\n|t:|1682824990\n|gametype|doubles\n|player|p1|this.194|lass-gen4dp|1100\n|player|p2|ventianndk|266|1179\n|teamsize|p1|6\n|teamsize|p2|6\n|gen|9\n|tier|[Gen 9] VGC 2023 Regulation C\n|rated|\n|rule|Species Clause: Limit one of each Pok\u00e9mon\n|rule|Item Clause: Limit one of each item\n|clearpoke\n|poke|p1|Gallade, L50, M|\n|poke|p1|Chien-Pao, L50|\n|poke|p1|Arcanine, L50, M|\n|poke|p1|Rotom-Wash, L50|\n|poke|p1|Chi-Yu, L50|\n|poke|p1|Flutter Mane, L50|\n|poke|p2|Hatterene, L50, F|\n|poke|p2|Torkoal, L50, F|\n|poke|p2|Flutter Mane, L50|\n|poke|p2|Drifblim, L50, M|\n|poke|p2|Dragonite, L50, F|\n|poke|p2|Garchomp, L50, M|\n|teampreview|4\nthis.194 has agreed to open team sheets.\n|\n|t:|1682825039\n|start\n|switch|p1a: Gallade|Gallade, L50, M|100\/100\n|switch|p1b: Chien-Pao|Chien-Pao, L50|100\/100\n|switch|p2a: Drifblim|Drifblim, L50, M|100\/100\n|switch|p2b: Espresso|Dragonite, L50, F|100\/100\n|-ability|p1b: Chien-Pao|Sword of Ruin\n|turn|1\n|\n|t:|1682825063\n|move|p2b: Espresso|Extreme Speed|p1b: Chien-Pao\n|-damage|p1b: Chien-Pao|44\/100\n|-damage|p2b: Espresso|91\/100|[from] item: Life Orb\n|move|p1a: Gallade|Shadow Sneak|p2a: Drifblim\n|-supereffective|p2a: Drifblim\n|-damage|p2a: Drifblim|51\/100\n|move|p1b: Chien-Pao|Ice Spinner|p2b: Espresso\n|-supereffective|p2b: Espresso\n|-damage|p2b: Espresso|0 fnt\n|faint|p2b: Espresso\n|move|p2a: Drifblim|Tailwind|p2a: Drifblim\n|-sidestart|p2: ventianndk|move: Tailwind\n|\n|upkeep\n|\n|t:|1682825077\n|switch|p2b: Garchomp|Garchomp, L50, M|100\/100\n|turn|2\n|\n|t:|1682825086\n|-terastallize|p2b: Garchomp|Steel\n|-terastallize|p1a: Gallade|Flying\n|move|p1b: Chien-Pao|Protect|p1b: Chien-Pao\n|-singleturn|p1b: Chien-Pao|Protect\n|move|p1a: Gallade|Shadow Sneak|p2a: Drifblim\n|-supereffective|p2a: Drifblim\n|-damage|p2a: Drifblim|1\/100\n|move|p2b: Garchomp|Swords Dance|p2b: Garchomp\n|-boost|p2b: Garchomp|atk|2\n|-enditem|p1b: Chien-Pao|Mirror Herb\n|-boost|p1b: Chien-Pao|atk|2|[from] item: Mirror Herb\n|move|p2a: Drifblim|Thunder Wave|p1b: Chien-Pao\n|-activate|p1b: Chien-Pao|move: Protect\n|\n|upkeep\n|turn|3\n|\n|t:|1682825106\n|move|p1a: Gallade|Shadow Sneak|p2a: Drifblim\n|-supereffective|p2a: Drifblim\n|-damage|p2a: Drifblim|0 fnt\n|-damage|p1a: Gallade|76\/100|[from] ability: Aftermath|[of] p2a: Drifblim\n|faint|p2a: Drifblim\n|move|p2b: Garchomp|Iron Head|p1b: Chien-Pao\n|-supereffective|p1b: Chien-Pao\n|-damage|p1b: Chien-Pao|0 fnt\n|faint|p1b: Chien-Pao\n|\n|upkeep\n|\n|t:|1682825116\n|switch|p1b: Rotom|Rotom-Wash, L50|100\/100\n|switch|p2a: FANCY|Flutter Mane, L50, shiny|100\/100\n|turn|4\n|\n|t:|1682825141\n|move|p2a: FANCY|Moonblast|p1b: Rotom\n|-damage|p1b: Rotom|5\/100\n|-unboost|p1b: Rotom|spa|1\n|move|p2b: Garchomp|Stone Edge|p1a: Gallade\n|-supereffective|p1a: Gallade\n|-damage|p1a: Gallade|0 fnt\n|faint|p1a: Gallade\n|move|p1b: Rotom|Thunderbolt|p2a: FANCY\n|-damage|p2a: FANCY|51\/100\n|\n|-sideend|p2: ventianndk|move: Tailwind\n|upkeep\n|\n|t:|1682825151\n|switch|p1a: Flutter Mane|Flutter Mane, L50|100\/100\n|-enditem|p1a: Flutter Mane|Booster Energy\n|-activate|p1a: Flutter Mane|ability: Protosynthesis|[fromitem]\n|-start|p1a: Flutter Mane|protosynthesisspe\n|turn|5\n|\n|t:|1682825169\n|move|p1a: Flutter Mane|Shadow Ball|p2b: Garchomp\n|-damage|p2b: Garchomp|48\/100\n|move|p2a: FANCY|Moonblast|p1b: Rotom\n|-damage|p1b: Rotom|0 fnt\n|faint|p1b: Rotom\n|move|p2b: Garchomp|Iron Head|p1a: Flutter Mane\n|-supereffective|p1a: Flutter Mane\n|-damage|p1a: Flutter Mane|0 fnt\n|faint|p1a: Flutter Mane\n|-end|p1a: Flutter Mane|Protosynthesis|[silent]\n|\n|win|ventianndk\n|raw|this.194's rating: 1100 → 1081<\/strong> (-19 for losing)\n|raw|ventianndk's rating: 1179 → 1198<\/strong> (+19 for winning)\n|l|\u2606ventianndk\n","uploadtime":1682825236,"views":11,"p1id":"this194","p2id":"ventianndk","formatid":"gen9vgc2023regulationc","rating":1081,"private":0,"password":""}