{"id":"gen9vgc2023regulationc-1853322701","p1":"Shapy23","p2":"salvx","format":"[Gen 9] VGC 2023 Regulation C","log":"|j|\u2606Shapy23\n|j|\u2606salvx\n|t:|1682667825\n|gametype|doubles\n|player|p1|Shapy23|102|1081\n|player|p2|salvx|hilbert-wonderlauncher|1076\n|teamsize|p1|4\n|teamsize|p2|6\n|gen|9\n|tier|[Gen 9] VGC 2023 Regulation C\n|rated|\n|rule|Species Clause: Limit one of each Pok\u00e9mon\n|rule|Item Clause: Limit one of each item\n|clearpoke\n|poke|p1|Garganacl, L50, F|\n|poke|p1|Gothitelle, L50, F|\n|poke|p1|Toxapex, L50, M|\n|poke|p1|Scream Tail, L50|\n|poke|p2|Staraptor, L50, M|\n|poke|p2|Goodra, L50, F|\n|poke|p2|Murkrow, L50, M|\n|poke|p2|Volcarona, L50, M|\n|poke|p2|Amoonguss, L50, M|\n|poke|p2|Gyarados, L50, M|\n|teampreview|4\n|inactive|Battle timer is ON: inactive players will automatically lose when time's up. (requested by Shapy23)\n|inactive|salvx has 60 seconds left.\n|\n|t:|1682667871\n|start\n|switch|p1a: Garganacl|Garganacl, L50, F|100\/100\n|switch|p1b: Gothitelle|Gothitelle, L50, F|100\/100\n|switch|p2a: Murkrow|Murkrow, L50, M|100\/100\n|switch|p2b: Gyarados|Gyarados, L50, M, shiny|100\/100\n|-ability|p2b: Gyarados|Intimidate|boost\n|-unboost|p1a: Garganacl|atk|1\n|-unboost|p1b: Gothitelle|atk|1\n|turn|1\n|inactive|Shapy23 has 30 seconds left.\n|\n|t:|1682667898\n|move|p1b: Gothitelle|Fake Out|p2b: Gyarados\n|-damage|p2b: Gyarados|96\/100\n|move|p2a: Murkrow|Taunt|p1b: Gothitelle\n|-start|p1b: Gothitelle|move: Taunt\n|cant|p2b: Gyarados|flinch\n|move|p1a: Garganacl|Salt Cure|p2b: Gyarados\n|-supereffective|p2b: Gyarados\n|-damage|p2b: Gyarados|75\/100\n|-start|p2b: Gyarados|Salt Cure\n|\n|-heal|p2b: Gyarados|81\/100|[from] item: Leftovers\n|-damage|p2b: Gyarados|56\/100|[from] Salt Cure\n|upkeep\n|turn|2\n|inactive|Shapy23 has 30 seconds left.\n|inactive|salvx has 30 seconds left.\n|\n|t:|1682667925\n|-terastallize|p1a: Garganacl|Flying\n|move|p1b: Gothitelle|Fake Out||[still]\n|-hint|Fake Out only works on your first turn out.\n|-fail|p1b: Gothitelle\n|move|p2b: Gyarados|Waterfall|p1a: Garganacl\n|-damage|p1a: Garganacl|76\/100\n|move|p2a: Murkrow|Foul Play|p1b: Gothitelle\n|-supereffective|p1b: Gothitelle\n|-damage|p1b: Gothitelle|77\/100\n|cant|p1a: Garganacl|flinch\n|\n|-heal|p2b: Gyarados|62\/100|[from] item: Leftovers\n|-heal|p1a: Garganacl|82\/100|[from] item: Leftovers\n|-damage|p2b: Gyarados|37\/100|[from] Salt Cure\n|upkeep\n|turn|3\n|inactive|salvx has 30 seconds left.\n|\n|t:|1682667955\n|move|p1b: Gothitelle|Fake Out||[still]\n|-hint|Fake Out only works on your first turn out.\n|-fail|p1b: Gothitelle\n|move|p2b: Gyarados|Waterfall|p1b: Gothitelle\n|-damage|p1b: Gothitelle|36\/100\n|-enditem|p1b: Gothitelle|Sitrus Berry|[eat]\n|-heal|p1b: Gothitelle|61\/100|[from] item: Sitrus Berry\n|move|p2a: Murkrow|Foul Play|p1b: Gothitelle\n|-supereffective|p1b: Gothitelle\n|-damage|p1b: Gothitelle|34\/100\n|move|p1a: Garganacl|Salt Cure|p2a: Murkrow\n|-supereffective|p2a: Murkrow\n|-damage|p2a: Murkrow|74\/100\n|-start|p2a: Murkrow|Salt Cure\n|\n|-heal|p2b: Gyarados|43\/100|[from] item: Leftovers\n|-heal|p1a: Garganacl|87\/100|[from] item: Leftovers\n|-damage|p2b: Gyarados|18\/100|[from] Salt Cure\n|-damage|p2a: Murkrow|62\/100|[from] Salt Cure\n|upkeep\n|turn|4\n|inactive|Shapy23 has 30 seconds left.\n|inactive|salvx has 30 seconds left.\n|inactive|Shapy23 has 20 seconds left.\n|inactive|Shapy23 has 15 seconds left.\n|inactive|Shapy23 has 10 seconds left.\n|inactive|Shapy23 has 5 seconds left.\n|\n|t:|1682668008\n|move|p1b: Gothitelle|Fake Out||[still]\n|-hint|Fake Out only works on your first turn out.\n|-fail|p1b: Gothitelle\n|move|p2b: Gyarados|Waterfall|p1b: Gothitelle\n|-damage|p1b: Gothitelle|0 fnt\n|faint|p1b: Gothitelle\n|move|p2a: Murkrow|Foul Play|p1a: Garganacl\n|-damage|p1a: Garganacl|74\/100\n|move|p1a: Garganacl|Salt Cure|p2a: Murkrow\n|-supereffective|p2a: Murkrow\n|-damage|p2a: Murkrow|37\/100\n|\n|-heal|p2b: Gyarados|24\/100|[from] item: Leftovers\n|-heal|p1a: Garganacl|80\/100|[from] item: Leftovers\n|-damage|p2b: Gyarados|0 fnt|[from] Salt Cure\n|faint|p2b: Gyarados\n|-damage|p2a: Murkrow|25\/100|[from] Salt Cure\n|upkeep\n|\n|t:|1682668031\n|switch|p2b: Staraptor|Staraptor, L50, M|100\/100\n|switch|p1b: Toxapex|Toxapex, L50, M|100\/100\n|-ability|p2b: Staraptor|Intimidate|boost\n|-unboost|p1a: Garganacl|atk|1\n|-unboost|p1b: Toxapex|atk|1\n|turn|5\n|\n|t:|1682668054\n|switch|p2a: Amoonguss|Amoonguss, L50, M|100\/100\n|-terastallize|p2b: Staraptor|Normal\n|move|p2b: Staraptor|Substitute|p2b: Staraptor\n|-start|p2b: Staraptor|Substitute\n|-damage|p2b: Staraptor|75\/100\n|move|p1b: Toxapex|Infestation|p2b: Staraptor\n|-activate|p2b: Staraptor|move: Substitute|[damage]\n|move|p1a: Garganacl|Salt Cure|p2b: Staraptor\n|-activate|p2b: Staraptor|move: Substitute|[damage]\n|\n|-heal|p1a: Garganacl|86\/100|[from] item: Leftovers\n|upkeep\n|turn|6\n|inactive|salvx has 30 seconds left.\n|inactive|salvx has 20 seconds left.\n|inactive|salvx has 15 seconds left.\n|\n|t:|1682668095\n|move|p2b: Staraptor|Close Combat|p1b: Toxapex\n|-resisted|p1b: Toxapex\n|-damage|p1b: Toxapex|85\/100\n|-unboost|p2b: Staraptor|def|1\n|-unboost|p2b: Staraptor|spd|1\n|move|p1a: Garganacl|Salt Cure|p2a: Amoonguss\n|-damage|p2a: Amoonguss|92\/100\n|-start|p2a: Amoonguss|Salt Cure\n|move|p1b: Toxapex|Infestation|p2a: Amoonguss\n|-damage|p2a: Amoonguss|90\/100\n|-activate|p2a: Amoonguss|move: Infestation|[of] p1b: Toxapex\n|-damage|p1b: Toxapex|68\/100|[from] item: Rocky Helmet|[of] p2a: Amoonguss\n|move|p2a: Amoonguss|Spore|p1a: Garganacl\n|-immune|p1a: Garganacl|[from] ability: Purifying Salt\n|\n|-heal|p1a: Garganacl|91\/100|[from] item: Leftovers\n|-damage|p2a: Amoonguss|74\/100|[from] move: Infestation|[partiallytrapped]\n|-damage|p2a: Amoonguss|62\/100|[from] Salt Cure\n|upkeep\n|turn|7\n|inactive|Shapy23 has 30 seconds left.\n|inactive|salvx has 30 seconds left.\n|\n|t:|1682668124\n|move|p1b: Toxapex|Baneful Bunker|p1b: Toxapex\n|-singleturn|p1b: Toxapex|move: Protect\n|move|p2b: Staraptor|Acrobatics|p1b: Toxapex\n|-activate|p1b: Toxapex|move: Protect\n|-status|p2b: Staraptor|psn\n|move|p1a: Garganacl|Salt Cure|p2b: Staraptor\n|-end|p2b: Staraptor|Substitute\n|move|p2a: Amoonguss|Spore|p1b: Toxapex\n|-activate|p1b: Toxapex|move: Protect\n|\n|-heal|p1a: Garganacl|97\/100|[from] item: Leftovers\n|-damage|p2b: Staraptor|63\/100 psn|[from] psn\n|-damage|p2a: Amoonguss|45\/100|[from] move: Infestation|[partiallytrapped]\n|-damage|p2a: Amoonguss|33\/100|[from] Salt Cure\n|upkeep\n|turn|8\n|inactive|Shapy23 has 30 seconds left.\n|inactive|salvx has 30 seconds left.\n|inactive|Shapy23 has 20 seconds left.\n|\n|t:|1682668163\n|move|p2b: Staraptor|Acrobatics|p1b: Toxapex\n|-damage|p1b: Toxapex|47\/100\n|move|p1a: Garganacl|Salt Cure|p2b: Staraptor\n|-damage|p2b: Staraptor|47\/100 psn\n|-start|p2b: Staraptor|Salt Cure\n|move|p1b: Toxapex|Infestation|p2b: Staraptor\n|-damage|p2b: Staraptor|39\/100 psn\n|-activate|p2b: Staraptor|move: Infestation|[of] p1b: Toxapex\n|move|p2a: Amoonguss|Spore|p1b: Toxapex\n|-status|p1b: Toxapex|slp|[from] move: Spore\n|\n|-heal|p1a: Garganacl|100\/100|[from] item: Leftovers\n|-damage|p2b: Staraptor|26\/100 psn|[from] psn\n|-damage|p2b: Staraptor|10\/100 psn|[from] move: Infestation|[partiallytrapped]\n|-damage|p2b: Staraptor|0 fnt|[from] Salt Cure\n|faint|p2b: Staraptor\n|-damage|p2a: Amoonguss|17\/100|[from] move: Infestation|[partiallytrapped]\n|-damage|p2a: Amoonguss|5\/100|[from] Salt Cure\n|upkeep\n|\n|t:|1682668181\n|switch|p2b: Murkrow|Murkrow, L50, M|25\/100\n|turn|9\n|\n|t:|1682668201\n|move|p2b: Murkrow|Foul Play|p1a: Garganacl\n|-damage|p1a: Garganacl|90\/100\n|cant|p1b: Toxapex|slp\n|move|p1a: Garganacl|Salt Cure|p2b: Murkrow\n|-supereffective|p2b: Murkrow\n|-damage|p2b: Murkrow|6\/100\n|-start|p2b: Murkrow|Salt Cure\n|move|p2a: Amoonguss|Pollen Puff|p2b: Murkrow\n|-heal|p2b: Murkrow|56\/100\n|\n|-heal|p1a: Garganacl|96\/100|[from] item: Leftovers\n|-damage|p2b: Murkrow|44\/100|[from] Salt Cure\n|-damage|p2a: Amoonguss|0 fnt|[from] Salt Cure\n|faint|p2a: Amoonguss\n|upkeep\n|turn|10\n|-message|salvx forfeited.\n|\n|win|Shapy23\n|raw|Shapy23's rating: 1081 → 1108<\/strong> (+27 for winning)\n|raw|salvx's rating: 1076 → 1055<\/strong> (-21 for losing)\n|l|\u2606salvx\n","uploadtime":1682668219,"views":8,"p1id":"shapy23","p2id":"salvx","formatid":"gen9vgc2023regulationc","rating":1055,"private":0,"password":""}