{"id":"gen9vgc2023regulationc-1863259091","p1":"AndyLaVGC","p2":"Timothyk","format":"[Gen 9] VGC 2023 Regulation C","log":"|j|\u2606AndyLaVGC\n|j|\u2606Timothyk\n|t:|1683994745\n|gametype|doubles\n|player|p1|AndyLaVGC|1|1315\n|player|p2|Timothyk|265|1329\n|teamsize|p1|6\n|teamsize|p2|6\n|gen|9\n|tier|[Gen 9] VGC 2023 Regulation C\n|rated|\n|rule|Species Clause: Limit one of each Pok\u00e9mon\n|rule|Item Clause: Limit one of each item\n|clearpoke\n|poke|p1|Pincurchin, L50, M|\n|poke|p1|Iron Treads, L50|\n|poke|p1|Iron Bundle, L50|\n|poke|p1|Iron Hands, L50|\n|poke|p1|Iron Jugulis, L50|\n|poke|p1|Iron Moth, L50|\n|poke|p2|Garchomp, L50, F|\n|poke|p2|Talonflame, L50, M|\n|poke|p2|Gholdengo, L50|\n|poke|p2|Flutter Mane, L50|\n|poke|p2|Chien-Pao, L50|\n|poke|p2|Azumarill, L50, M|\n|teampreview|4\n|inactive|Battle timer is ON: inactive players will automatically lose when time's up. (requested by Timothyk)\n|\n|t:|1683994782\n|start\n|switch|p1a: Pincurchin|Pincurchin, L50, M|100\/100\n|switch|p1b: Iron Moth|Iron Moth, L50|100\/100\n|switch|p2a: Talonflame|Talonflame, L50, M|100\/100\n|switch|p2b: Garchomp|Garchomp, L50, F|100\/100\n|-fieldstart|move: Electric Terrain|[from] ability: Electric Surge|[of] p1a: Pincurchin\n|-activate|p1b: Iron Moth|ability: Quark Drive\n|-start|p1b: Iron Moth|quarkdrivespa\n|turn|1\n|\n|t:|1683994803\n|switch|p1a: Iron Jugulis|Iron Jugulis, L50|100\/100\n|-activate|p1a: Iron Jugulis|ability: Quark Drive\n|-start|p1a: Iron Jugulis|quarkdrivespe\n|-terastallize|p1b: Iron Moth|Flying\n|move|p2a: Talonflame|Tailwind|p2a: Talonflame\n|-sidestart|p2: Timothyk|move: Tailwind\n|move|p2b: Garchomp|Earthquake|p1a: Iron Jugulis|[spread] \n|-immune|p2a: Talonflame\n|-immune|p1a: Iron Jugulis\n|-immune|p1b: Iron Moth\n|move|p1b: Iron Moth|Energy Ball|p2b: Garchomp\n|-damage|p2b: Garchomp|54\/100\n|\n|upkeep\n|turn|2\n|inactive|Timothyk has 30 seconds left.\n|\n|t:|1683994829\n|-terastallize|p2b: Garchomp|Steel\n|move|p1b: Iron Moth|Protect|p1b: Iron Moth\n|-singleturn|p1b: Iron Moth|Protect\n|move|p2a: Talonflame|Taunt|p1a: Iron Jugulis\n|-start|p1a: Iron Jugulis|move: Taunt\n|move|p2b: Garchomp|Dragon Claw|p1b: Iron Moth\n|-activate|p1b: Iron Moth|move: Protect\n|cant|p1a: Iron Jugulis|move: Taunt|Tailwind\n|\n|upkeep\n|turn|3\n|\n|t:|1683994843\n|move|p2a: Talonflame|Brave Bird|p1b: Iron Moth\n|-crit|p1b: Iron Moth\n|-damage|p1b: Iron Moth|6\/100\n|-damage|p2a: Talonflame|74\/100|[from] Recoil\n|move|p2b: Garchomp|Dragon Claw|p1b: Iron Moth\n|-damage|p1b: Iron Moth|0 fnt\n|faint|p1b: Iron Moth\n|-end|p1b: Iron Moth|Quark Drive|[silent]\n|move|p1a: Iron Jugulis|Air Slash|p2a: Talonflame\n|-damage|p2a: Talonflame|33\/100\n|\n|upkeep\n|\n|t:|1683994852\n|switch|p1b: Iron Treads|Iron Treads, L50|100\/100\n|-activate|p1b: Iron Treads|ability: Quark Drive\n|-start|p1b: Iron Treads|quarkdrivespe\n|turn|4\n|\n|t:|1683994860\n|move|p1b: Iron Treads|Protect|p1b: Iron Treads\n|-singleturn|p1b: Iron Treads|Protect\n|move|p2a: Talonflame|Will-O-Wisp|p1b: Iron Treads\n|-activate|p1b: Iron Treads|move: Protect\n|move|p2b: Garchomp|Earthquake|p1a: Iron Jugulis|[spread] \n|-activate|p1b: Iron Treads|move: Protect\n|-immune|p2a: Talonflame\n|-immune|p1a: Iron Jugulis\n|move|p1a: Iron Jugulis|Snarl|p2a: Talonflame|[spread] p2a,p2b\n|-crit|p2b: Garchomp\n|-damage|p2a: Talonflame|6\/100\n|-damage|p2b: Garchomp|21\/100\n|-unboost|p2a: Talonflame|spa|1\n|\n|-end|p1a: Iron Jugulis|move: Taunt\n|-sideend|p2: Timothyk|move: Tailwind\n|upkeep\n|turn|5\n|\n|t:|1683994873\n|move|p1b: Iron Treads|Earthquake|p2a: Talonflame|[spread] p2b\n|-immune|p1a: Iron Jugulis\n|-immune|p2a: Talonflame\n|-supereffective|p2b: Garchomp\n|-damage|p2b: Garchomp|0 fnt\n|faint|p2b: Garchomp\n|-damage|p1b: Iron Treads|90\/100|[from] item: Life Orb\n|move|p1a: Iron Jugulis|Snarl|p2a: Talonflame|[miss]\n|-miss|p1a: Iron Jugulis|p2a: Talonflame\n|move|p2a: Talonflame|Tailwind|p2a: Talonflame\n|-sidestart|p2: Timothyk|move: Tailwind\n|\n|-fieldend|move: Electric Terrain\n|-end|p1b: Iron Treads|Quark Drive\n|-end|p1a: Iron Jugulis|Quark Drive\n|upkeep\n|\n|t:|1683994877\n|switch|p2b: Chien-Pao|Chien-Pao, L50|100\/100\n|-ability|p2b: Chien-Pao|Sword of Ruin\n|turn|6\n|c|\u2606AndyLaVGC|wow, what a miss lol\n|\n|t:|1683994893\n|-end|p1a: Iron Jugulis|Quark Drive|[silent]\n|switch|p1a: Pincurchin|Pincurchin, L50, M|100\/100\n|-fieldstart|move: Electric Terrain|[from] ability: Electric Surge|[of] p1a: Pincurchin\n|-activate|p1b: Iron Treads|ability: Quark Drive\n|-start|p1b: Iron Treads|quarkdrivespe\n|move|p2b: Chien-Pao|Ice Spinner|p1a: Pincurchin\n|-damage|p1a: Pincurchin|39\/100\n|-fieldend|move: Electric Terrain\n|-end|p1b: Iron Treads|Quark Drive\n|move|p2a: Talonflame|Will-O-Wisp|p1b: Iron Treads\n|-status|p1b: Iron Treads|brn\n|move|p1b: Iron Treads|Iron Head|p2b: Chien-Pao\n|-supereffective|p2b: Chien-Pao\n|-damage|p2b: Chien-Pao|31\/100\n|-damage|p1b: Iron Treads|80\/100 brn|[from] item: Life Orb\n|\n|-damage|p1b: Iron Treads|75\/100 brn|[from] brn\n|upkeep\n|turn|7\n|\n|t:|1683994918\n|move|p2b: Chien-Pao|Protect|p2b: Chien-Pao\n|-singleturn|p2b: Chien-Pao|Protect\n|move|p1b: Iron Treads|Protect|p1b: Iron Treads\n|-singleturn|p1b: Iron Treads|Protect\n|move|p2a: Talonflame|Will-O-Wisp|p1a: Pincurchin|[miss]\n|-miss|p2a: Talonflame|p1a: Pincurchin\n|move|p1a: Pincurchin|Discharge|p2a: Talonflame|[spread] p2a\n|-activate|p1b: Iron Treads|move: Protect\n|-activate|p2b: Chien-Pao|move: Protect\n|-supereffective|p2a: Talonflame\n|-damage|p2a: Talonflame|0 fnt\n|faint|p2a: Talonflame\n|\n|-damage|p1b: Iron Treads|69\/100 brn|[from] brn\n|upkeep\n|\n|t:|1683994927\n|switch|p2a: Azumarill|Azumarill, L50, M|100\/100\n|turn|8\n|\n|t:|1683994947\n|move|p2b: Chien-Pao|Sucker Punch|p1a: Pincurchin\n|-damage|p1a: Pincurchin|0 fnt\n|faint|p1a: Pincurchin\n|move|p2a: Azumarill|Aqua Jet|p1b: Iron Treads\n|-supereffective|p1b: Iron Treads\n|-damage|p1b: Iron Treads|0 fnt\n|faint|p1b: Iron Treads\n|-end|p1b: Iron Treads|Quark Drive|[silent]\n|-damage|p2a: Azumarill|91\/100|[from] item: Life Orb\n|\n|-sideend|p2: Timothyk|move: Tailwind\n|upkeep\n|\n|t:|1683994960\n|switch|p1a: Iron Jugulis|Iron Jugulis, L50|100\/100\n|turn|9\n|\n|t:|1683994966\n|move|p2b: Chien-Pao|Protect|p2b: Chien-Pao\n|-singleturn|p2b: Chien-Pao|Protect\n|move|p1a: Iron Jugulis|Air Slash|p2b: Chien-Pao\n|-activate|p2b: Chien-Pao|move: Protect\n|move|p2a: Azumarill|Play Rough|p1a: Iron Jugulis\n|-supereffective|p1a: Iron Jugulis\n|-damage|p1a: Iron Jugulis|0 fnt\n|faint|p1a: Iron Jugulis\n|-end|p1a: Iron Jugulis|Quark Drive|[silent]\n|-damage|p2a: Azumarill|81\/100|[from] item: Life Orb\n|\n|win|Timothyk\n|raw|AndyLaVGC's rating: 1315 → 1296<\/strong> (-19 for losing)\n|raw|Timothyk's rating: 1329 → 1348<\/strong> (+19 for winning)\n|l|\u2606AndyLaVGC\n","uploadtime":1683994981,"views":12,"p1id":"andylavgc","p2id":"timothyk","formatid":"gen9vgc2023regulationc","rating":1296,"private":0,"password":""}