{"id":"gen9vgc2023regulationc-1864283511","p1":"WackoMarko","p2":"RPG_2007","format":"[Gen 9] VGC 2023 Regulation C","log":"|j|\u2606WackoMarko\n|j|\u2606RPG_2007\n|t:|1684149965\n|gametype|doubles\n|player|p1|WackoMarko|1|1114\n|player|p2|RPG_2007|rosa|1060\n|teamsize|p1|6\n|teamsize|p2|6\n|gen|9\n|tier|[Gen 9] VGC 2023 Regulation C\n|rated|\n|rule|Species Clause: Limit one of each Pok\u00e9mon\n|rule|Item Clause: Limit one of each item\n|clearpoke\n|poke|p1|Talonflame, L50, M|\n|poke|p1|Amoonguss, L50, M|\n|poke|p1|Flutter Mane, L50|\n|poke|p1|Chien-Pao, L50|\n|poke|p1|Gyarados, L50, F|\n|poke|p1|Dragapult, L50, M|\n|poke|p2|Talonflame, L50, M|\n|poke|p2|Chien-Pao, L50|\n|poke|p2|Flareon, L50, M|\n|poke|p2|Coalossal, L50, F|\n|poke|p2|Iron Moth, L50|\n|poke|p2|Iron Hands, L50|\n|teampreview|4\n|inactive|Battle timer is ON: inactive players will automatically lose when time's up. (requested by RPG_2007)\n|inactive|WackoMarko has 60 seconds left.\n|inactive|WackoMarko has 30 seconds left.\n|inactive|WackoMarko has 20 seconds left.\n|\n|t:|1684150038\n|start\n|switch|p1a: Amoonguss|Amoonguss, L50, M|100\/100\n|switch|p1b: Gyarados|Gyarados, L50, F, shiny|100\/100\n|switch|p2a: Coalossal|Coalossal, L50, F|100\/100\n|switch|p2b: Flareon|Flareon, L50, M|100\/100\n|-ability|p1b: Gyarados|Intimidate|boost\n|-unboost|p2a: Coalossal|atk|1\n|-unboost|p2b: Flareon|atk|1\n|turn|1\n|\n|t:|1684150065\n|-terastallize|p2a: Coalossal|Grass\n|-terastallize|p1a: Amoonguss|Water\n|move|p2b: Flareon|Lava Plume|p1a: Amoonguss|[spread] p2a,p1a,p1b\n|-supereffective|p2a: Coalossal\n|-resisted|p1a: Amoonguss\n|-resisted|p1b: Gyarados\n|-damage|p2a: Coalossal|67\/100\n|-damage|p1a: Amoonguss|93\/100\n|-damage|p1b: Gyarados|93\/100\n|-status|p2a: Coalossal|brn\n|-ability|p2a: Coalossal|Steam Engine|boost\n|-boost|p2a: Coalossal|spe|6\n|move|p2a: Coalossal|Heat Wave|p1a: Amoonguss|[spread] p1a,p1b\n|-resisted|p1a: Amoonguss\n|-resisted|p1b: Gyarados\n|-damage|p1a: Amoonguss|82\/100\n|-damage|p1b: Gyarados|77\/100\n|move|p1b: Gyarados|Waterfall|p2b: Flareon\n|-supereffective|p2b: Flareon\n|-damage|p2b: Flareon|0 fnt\n|faint|p2b: Flareon\n|move|p1a: Amoonguss|Spore|p2a: Coalossal\n|-immune|p2a: Coalossal\n|\n|-damage|p2a: Coalossal|61\/100 brn|[from] brn\n|upkeep\n|inactive|RPG_2007 has 30 seconds left.\n|\n|t:|1684150094\n|switch|p2b: Iron Hands|Iron Hands, L50|100\/100\n|-enditem|p2b: Iron Hands|Booster Energy\n|-activate|p2b: Iron Hands|ability: Quark Drive|[fromitem]\n|-start|p2b: Iron Hands|quarkdriveatk\n|turn|2\n|inactive|WackoMarko has 30 seconds left.\n|\n|t:|1684150124\n|move|p2a: Coalossal|Power Gem|p1b: Gyarados\n|-supereffective|p1b: Gyarados\n|-damage|p1b: Gyarados|20\/100\n|move|p1b: Gyarados|Body Slam|p2a: Coalossal\n|-damage|p2a: Coalossal|36\/100 brn\n|move|p1a: Amoonguss|Spore|p2b: Iron Hands\n|-status|p2b: Iron Hands|slp|[from] move: Spore\n|cant|p2b: Iron Hands|slp\n|\n|-damage|p2a: Coalossal|30\/100 brn|[from] brn\n|upkeep\n|turn|3\n|\n|t:|1684150147\n|move|p2a: Coalossal|Power Gem|p1b: Gyarados\n|-supereffective|p1b: Gyarados\n|-damage|p1b: Gyarados|0 fnt\n|faint|p1b: Gyarados\n|move|p1a: Amoonguss|Pollen Puff|p1: Gyarados|[notarget]\n|-fail|p1a: Amoonguss\n|cant|p2b: Iron Hands|slp\n|\n|-damage|p2a: Coalossal|24\/100 brn|[from] brn\n|upkeep\n|\n|t:|1684150166\n|switch|p1b: Chien-Pao|Chien-Pao, L50|100\/100\n|-ability|p1b: Chien-Pao|Sword of Ruin\n|turn|4\n|\n|t:|1684150188\n|move|p1b: Chien-Pao|Sucker Punch|p2a: Coalossal\n|-damage|p2a: Coalossal|0 fnt\n|faint|p2a: Coalossal\n|move|p1a: Amoonguss|Pollen Puff|p2b: Iron Hands\n|-resisted|p2b: Iron Hands\n|-damage|p2b: Iron Hands|92\/100 slp\n|-curestatus|p2b: Iron Hands|slp|[msg]\n|move|p2b: Iron Hands|Thunder Punch|p1a: Amoonguss\n|-supereffective|p1a: Amoonguss\n|-damage|p1a: Amoonguss|0 fnt\n|faint|p1a: Amoonguss\n|\n|upkeep\n|\n|t:|1684150202\n|switch|p2a: Chien-Pao|Chien-Pao, L50|100\/100\n|switch|p1a: Flutter Mane|Flutter Mane, L50, shiny|100\/100\n|-ability|p2a: Chien-Pao|Sword of Ruin\n|turn|5\n|\n|t:|1684150218\n|move|p2a: Chien-Pao|Sucker Punch|p1a: Flutter Mane\n|-damage|p1a: Flutter Mane|9\/100\n|move|p1b: Chien-Pao|Sucker Punch|p2b: Iron Hands\n|-resisted|p2b: Iron Hands\n|-damage|p2b: Iron Hands|78\/100\n|move|p1a: Flutter Mane|Dazzling Gleam|p2a: Chien-Pao|[spread] p2a,p2b\n|-supereffective|p2a: Chien-Pao\n|-supereffective|p2b: Iron Hands\n|-enditem|p2a: Chien-Pao|Focus Sash\n|-damage|p2a: Chien-Pao|1\/100\n|-damage|p2b: Iron Hands|6\/100\n|-damage|p1a: Flutter Mane|0 fnt|[from] item: Life Orb\n|faint|p1a: Flutter Mane\n|-end|p1a: Flutter Mane|Protosynthesis|[silent]\n|move|p2b: Iron Hands|Thunder Punch|p1b: Chien-Pao\n|-damage|p1b: Chien-Pao|17\/100\n|\n|upkeep\n|turn|6\n|inactive|WackoMarko has 30 seconds left.\n|\n|t:|1684150245\n|move|p1b: Chien-Pao|Protect|p1b: Chien-Pao\n|-singleturn|p1b: Chien-Pao|Protect\n|move|p2a: Chien-Pao|Sucker Punch||[still]\n|-fail|p2a: Chien-Pao\n|move|p2b: Iron Hands|Drain Punch|p1b: Chien-Pao\n|-activate|p1b: Chien-Pao|move: Protect\n|\n|upkeep\n|turn|7\n|\n|t:|1684150255\n|move|p2a: Chien-Pao|Sucker Punch|p1b: Chien-Pao\n|-resisted|p1b: Chien-Pao\n|-damage|p1b: Chien-Pao|0 fnt\n|faint|p1b: Chien-Pao\n|\n|win|RPG_2007\n|raw|WackoMarko's rating: 1114 → 1085<\/strong> (-29 for losing)\n|raw|RPG_2007's rating: 1060 → 1096<\/strong> (+36 for winning)\n|l|\u2606RPG_2007\n","uploadtime":1684150289,"views":6,"p1id":"wackomarko","p2id":"rpg2007","formatid":"gen9vgc2023regulationc","rating":1085,"private":0,"password":""}