{"id":"gen9vgc2023regulationc-1848298290","p1":"Franconcino","p2":"Momochikchik","format":"[Gen 9] VGC 2023 Regulation C","log":"|j|\u2606Franconcino\n|j|\u2606Momochikchik\n|t:|1682055938\n|gametype|doubles\n|player|p1|Franconcino|swimmerf|1524\n|player|p2|Momochikchik|101|1410\n|teamsize|p1|6\n|teamsize|p2|6\n|gen|9\n|tier|[Gen 9] VGC 2023 Regulation C\n|rated|\n|rule|Species Clause: Limit one of each Pok\u00e9mon\n|rule|Item Clause: Limit one of each item\n|clearpoke\n|poke|p1|Tauros-Paldea-Aqua, L50, M|\n|poke|p1|Baxcalibur, L50, M|\n|poke|p1|Flutter Mane, L50|\n|poke|p1|Amoonguss, L50, F|\n|poke|p1|Corviknight, L50, F|\n|poke|p1|Chi-Yu, L50|\n|poke|p2|Chien-Pao, L50|\n|poke|p2|Amoonguss, L50, M|\n|poke|p2|Palafin, L50, M|\n|poke|p2|Arcanine, L50, F|\n|poke|p2|Dragapult, L50, M|\n|poke|p2|Ting-Lu, L50|\n|teampreview|4\n|inactive|Battle timer is ON: inactive players will automatically lose when time's up. (requested by Momochikchik)\n|j| TEST 404 VGC\n|inactive|Franconcino has 60 seconds left.\n|\n|t:|1682055973\n|start\n|switch|p1a: Corviknight|Corviknight, L50, F|100\/100\n|switch|p1b: Tauros|Tauros-Paldea-Aqua, L50, M|100\/100\n|switch|p2a: Palafin|Palafin, L50, M|100\/100\n|switch|p2b: Dragapult|Dragapult, L50, M|100\/100\n|-ability|p1b: Tauros|Intimidate|boost\n|-unboost|p2a: Palafin|atk|1\n|-fail|p2b: Dragapult|unboost|[from] ability: Clear Body|[of] p2b: Dragapult\n|turn|1\n|j| THUNDERSND77\n|\n|t:|1682055993\n|detailschange|p2a: Palafin|Palafin-Hero, L50, M\n|switch|p2a: Ting-Lu|Ting-Lu, L50|100\/100\n|-ability|p2a: Ting-Lu|Vessel of Ruin\n|move|p2b: Dragapult|U-turn|p1b: Tauros\n|-resisted|p1b: Tauros\n|-damage|p1b: Tauros|85\/100\n|\n|t:|1682056000\n|switch|p2b: Palafin|Palafin-Hero, L50, M|100\/100|[from] U-turn\n|-activate|p2b: Palafin|ability: Zero to Hero\n|move|p1b: Tauros|Wave Crash|p2a: Ting-Lu\n|-supereffective|p2a: Ting-Lu\n|-damage|p2a: Ting-Lu|40\/100\n|-damage|p1b: Tauros|56\/100|[from] Recoil\n|move|p1a: Corviknight|Bulk Up|p1a: Corviknight\n|-boost|p1a: Corviknight|atk|1\n|-boost|p1a: Corviknight|def|1\n|\n|upkeep\n|turn|2\n|\n|t:|1682056024\n|switch|p2a: Chien-Pao|Chien-Pao, L50|100\/100\n|-ability|p2a: Chien-Pao|Sword of Ruin\n|-terastallize|p2b: Palafin|Water\n|move|p1b: Tauros|Wave Crash|p2a: Chien-Pao\n|-damage|p2a: Chien-Pao|18\/100\n|-damage|p1b: Tauros|33\/100|[from] Recoil\n|move|p2b: Palafin|Wave Crash|p1a: Corviknight\n|-damage|p1a: Corviknight|2\/100\n|-damage|p2b: Palafin|68\/100|[from] Recoil\n|move|p1a: Corviknight|Brave Bird|p2a: Chien-Pao\n|-damage|p2a: Chien-Pao|0 fnt\n|faint|p2a: Chien-Pao\n|-damage|p1a: Corviknight|0 fnt|[from] Recoil\n|faint|p1a: Corviknight\n|\n|upkeep\n|j| Rabbihorn\n|\n|t:|1682056046\n|switch|p2a: Dragapult|Dragapult, L50, M|100\/100\n|switch|p1a: Amoonguss|Amoonguss, L50, F|100\/100\n|turn|3\n|\n|t:|1682056069\n|switch|p1b: Flutter Mane|Flutter Mane, L50|100\/100\n|-enditem|p1b: Flutter Mane|Booster Energy\n|-activate|p1b: Flutter Mane|ability: Protosynthesis|[fromitem]\n|-start|p1b: Flutter Mane|protosynthesisspa\n|move|p2a: Dragapult|Dragon Darts|p1a: Amoonguss\n|-damage|p1a: Amoonguss|71\/100\n|-anim|p2a: Dragapult|Dragon Darts|p1a: Amoonguss\n|-damage|p1a: Amoonguss|41\/100\n|-enditem|p1a: Amoonguss|Sitrus Berry|[eat]\n|-heal|p1a: Amoonguss|66\/100|[from] item: Sitrus Berry\n|move|p2b: Palafin|Wave Crash|p1a: Amoonguss\n|-resisted|p1a: Amoonguss\n|-damage|p1a: Amoonguss|13\/100\n|-damage|p2b: Palafin|49\/100|[from] Recoil\n|move|p1a: Amoonguss|Spore|p2a: Dragapult\n|-status|p2a: Dragapult|slp|[from] move: Spore\n|\n|upkeep\n|turn|4\n|inactive|Momochikchik has 30 seconds left.\n|\n|t:|1682056095\n|switch|p1a: Tauros|Tauros-Paldea-Aqua, L50, M|33\/100\n|-ability|p1a: Tauros|Intimidate|boost\n|-fail|p2a: Dragapult|unboost|[from] ability: Clear Body|[of] p2a: Dragapult\n|-unboost|p2b: Palafin|atk|1\n|-terastallize|p1b: Flutter Mane|Fairy\n|move|p2b: Palafin|Protect|p2b: Palafin\n|-singleturn|p2b: Palafin|Protect\n|cant|p2a: Dragapult|slp\n|move|p1b: Flutter Mane|Dazzling Gleam|p2b: Palafin|[spread] p2a\n|-activate|p2b: Palafin|move: Protect\n|-supereffective|p2a: Dragapult\n|-damage|p2a: Dragapult|0 fnt\n|faint|p2a: Dragapult\n|\n|upkeep\n|\n|t:|1682056112\n|switch|p2a: Ting-Lu|Ting-Lu, L50|40\/100\n|-ability|p2a: Ting-Lu|Vessel of Ruin\n|turn|5\n|\n|t:|1682056125\n|switch|p1a: Amoonguss|Amoonguss, L50, F|47\/100\n|move|p1b: Flutter Mane|Protect|p1b: Flutter Mane\n|-singleturn|p1b: Flutter Mane|Protect\n|move|p2b: Palafin|Jet Punch|p1b: Flutter Mane\n|-activate|p1b: Flutter Mane|move: Protect\n|move|p2a: Ting-Lu|Fissure|p1a: Amoonguss\n|-damage|p1a: Amoonguss|0 fnt\n|faint|p1a: Amoonguss\n|-ohko\n|\n|upkeep\n|\n|t:|1682056135\n|switch|p1a: Tauros|Tauros-Paldea-Aqua, L50, M|33\/100\n|-ability|p1a: Tauros|Intimidate|boost\n|-unboost|p2a: Ting-Lu|atk|1\n|-unboost|p2b: Palafin|atk|1\n|turn|6\n|\n|t:|1682056148\n|move|p2b: Palafin|Jet Punch|p1b: Flutter Mane\n|-damage|p1b: Flutter Mane|40\/100\n|move|p1b: Flutter Mane|Dazzling Gleam|p2a: Ting-Lu|[spread] p2a,p2b\n|-supereffective|p2a: Ting-Lu\n|-damage|p2a: Ting-Lu|8\/100\n|-damage|p2b: Palafin|10\/100\n|move|p1a: Tauros|Wave Crash|p2a: Ting-Lu\n|-supereffective|p2a: Ting-Lu\n|-damage|p2a: Ting-Lu|0 fnt\n|faint|p2a: Ting-Lu\n|-damage|p1a: Tauros|29\/100|[from] Recoil\n|\n|upkeep\n|turn|7\n|l| Rabbihorn\n|\n|t:|1682056163\n|move|p1b: Flutter Mane|Moonblast|p2b: Palafin\n|-damage|p2b: Palafin|0 fnt\n|faint|p2b: Palafin\n|\n|win|Franconcino\n|raw|Franconcino's rating: 1524 → 1538<\/strong> (+14 for winning)\n|raw|Momochikchik's rating: 1410 → 1396<\/strong> (-14 for losing)\n|l|\u2606Momochikchik\n|l| THUNDERSND77\n","uploadtime":1682056268,"views":9,"p1id":"franconcino","p2id":"momochikchik","formatid":"gen9vgc2023regulationc","rating":1396,"private":0,"password":""}