{"id":"gen9vgc2023regulationc-1849684684","p1":"niccat","p2":"PontiffLachlan","format":"[Gen 9] VGC 2023 Regulation C","log":"|j|\u2606niccat\n|j|\u2606PontiffLachlan\n|t:|1682231932\n|gametype|doubles\n|player|p1|niccat|102|1000\n|player|p2|PontiffLachlan|102|1017\n|teamsize|p1|6\n|teamsize|p2|6\n|gen|9\n|tier|[Gen 9] VGC 2023 Regulation C\n|rated|\n|rule|Species Clause: Limit one of each Pok\u00e9mon\n|rule|Item Clause: Limit one of each item\n|clearpoke\n|poke|p1|Scovillain, L50, F|\n|poke|p1|Torkoal, L50, F|\n|poke|p1|Flutter Mane, L50|\n|poke|p1|Great Tusk, L50|\n|poke|p1|Iron Bundle, L50|\n|poke|p1|Roaring Moon, L50|\n|poke|p2|Krookodile, L50, F|\n|poke|p2|Dragonite, L50, F|\n|poke|p2|Tyranitar, L50, M|\n|poke|p2|Flutter Mane, L50|\n|poke|p2|Gholdengo, L50|\n|poke|p2|Meowscarada, L50, F|\n|teampreview|4\n|inactive|Battle timer is ON: inactive players will automatically lose when time's up. (requested by PontiffLachlan)\n|inactive|niccat has 60 seconds left.\n|inactive|niccat has 30 seconds left.\n|\n|t:|1682232035\n|start\n|switch|p1a: Torkoal|Torkoal, L50, F|100\/100\n|switch|p1b: Flutter Mane|Flutter Mane, L50|100\/100\n|switch|p2a: Gholdengo|Gholdengo, L50|100\/100\n|switch|p2b: Flutter Mane|Flutter Mane, L50|100\/100\n|-weather|SunnyDay|[from] ability: Drought|[of] p1a: Torkoal\n|-activate|p1b: Flutter Mane|ability: Protosynthesis\n|-start|p1b: Flutter Mane|protosynthesisspe\n|-activate|p2b: Flutter Mane|ability: Protosynthesis\n|-start|p2b: Flutter Mane|protosynthesisspe\n|turn|1\n|inactive|niccat has 30 seconds left.\n|inactive|PontiffLachlan has 30 seconds left.\n|inactive|niccat has 20 seconds left.\n|inactive|niccat has 15 seconds left.\n|inactive|PontiffLachlan has 20 seconds left.\n|\n|t:|1682232083\n|switch|p2a: Tyranitar|Tyranitar, L50, M|100\/100\n|-weather|Sandstorm|[from] ability: Sand Stream|[of] p2a: Tyranitar\n|-end|p1b: Flutter Mane|Protosynthesis\n|-end|p2b: Flutter Mane|Protosynthesis\n|-enditem|p2b: Flutter Mane|Booster Energy\n|-activate|p2b: Flutter Mane|ability: Protosynthesis|[fromitem]\n|-start|p2b: Flutter Mane|protosynthesisspe\n|move|p2b: Flutter Mane|Protect|p2b: Flutter Mane\n|-singleturn|p2b: Flutter Mane|Protect\n|move|p1b: Flutter Mane|Shadow Ball|p2b: Flutter Mane\n|-activate|p2b: Flutter Mane|move: Protect\n|move|p1a: Torkoal|Yawn|p2b: Flutter Mane\n|-activate|p2b: Flutter Mane|move: Protect\n|\n|-weather|Sandstorm|[upkeep]\n|-damage|p1b: Flutter Mane|94\/100|[from] Sandstorm\n|-damage|p2b: Flutter Mane|94\/100|[from] Sandstorm\n|-damage|p1a: Torkoal|94\/100|[from] Sandstorm\n|upkeep\n|turn|2\n|inactive|PontiffLachlan has 30 seconds left.\n|inactive|PontiffLachlan has 20 seconds left.\n|inactive|PontiffLachlan has 15 seconds left.\n|\n|t:|1682232127\n|move|p1b: Flutter Mane|Shadow Ball|p2b: Flutter Mane\n|-supereffective|p2b: Flutter Mane\n|-damage|p2b: Flutter Mane|11\/100\n|move|p2b: Flutter Mane|Dazzling Gleam|p1a: Torkoal|[spread] p1a,p1b\n|-resisted|p1a: Torkoal\n|-damage|p1a: Torkoal|72\/100\n|-damage|p1b: Flutter Mane|60\/100\n|move|p2a: Tyranitar|Rock Slide|p1b: Flutter Mane|[spread] p1a,p1b\n|-supereffective|p1a: Torkoal\n|-damage|p1a: Torkoal|41\/100\n|-damage|p1b: Flutter Mane|0 fnt\n|faint|p1b: Flutter Mane\n|-end|p1b: Flutter Mane|Protosynthesis|[silent]\n|move|p1a: Torkoal|Yawn|p2a: Tyranitar\n|-start|p2a: Tyranitar|move: Yawn|[of] p1a: Torkoal\n|\n|-weather|Sandstorm|[upkeep]\n|-damage|p2b: Flutter Mane|5\/100|[from] Sandstorm\n|-damage|p1a: Torkoal|35\/100|[from] Sandstorm\n|upkeep\n|\n|t:|1682232136\n|switch|p1b: Great Tusk|Great Tusk, L50|100\/100\n|turn|3\n|\n|t:|1682232155\n|switch|p2a: Dragonite|Dragonite, L50, F|100\/100\n|move|p2b: Flutter Mane|Dazzling Gleam|p1b: Great Tusk|[spread] p1a,p1b\n|-resisted|p1a: Torkoal\n|-supereffective|p1b: Great Tusk\n|-damage|p1a: Torkoal|15\/100\n|-damage|p1b: Great Tusk|6\/100\n|move|p1b: Great Tusk|Earthquake|p2b: Flutter Mane|[spread] p1a,p2b\n|-immune|p2a: Dragonite\n|-supereffective|p1a: Torkoal\n|-damage|p1a: Torkoal|0 fnt\n|-damage|p2b: Flutter Mane|0 fnt\n|faint|p1a: Torkoal\n|faint|p2b: Flutter Mane\n|-end|p2b: Flutter Mane|Protosynthesis|[silent]\n|\n|-weather|Sandstorm|[upkeep]\n|upkeep\n|\n|t:|1682232172\n|switch|p2b: Gholdengo|Gholdengo, L50|100\/100\n|switch|p1a: Scovillain|Scovillain, L50, F, shiny|100\/100\n|turn|4\n|\n|t:|1682232195\n|-terastallize|p2b: Gholdengo|Water\n|move|p2a: Dragonite|Extreme Speed|p1b: Great Tusk\n|-damage|p1b: Great Tusk|0 fnt\n|faint|p1b: Great Tusk\n|-end|p1b: Great Tusk|Protosynthesis|[silent]\n|move|p1a: Scovillain|Fire Blast|p2b: Gholdengo\n|-resisted|p2b: Gholdengo\n|-damage|p2b: Gholdengo|76\/100\n|move|p2b: Gholdengo|Power Gem|p1a: Scovillain\n|-supereffective|p1a: Scovillain\n|-damage|p1a: Scovillain|7\/100\n|\n|-weather|Sandstorm|[upkeep]\n|-damage|p1a: Scovillain|1\/100|[from] Sandstorm\n|-damage|p2b: Gholdengo|70\/100|[from] Sandstorm\n|upkeep\n|turn|5\n|-message|niccat forfeited.\n|\n|win|PontiffLachlan\n|raw|niccat's rating: 1000 → 1000<\/strong> (+0 for losing)\n|raw|PontiffLachlan's rating: 1017 → 1053<\/strong> (+36 for winning)\n|l|\u2606niccat\n","uploadtime":1682232299,"views":12,"p1id":"niccat","p2id":"pontifflachlan","formatid":"gen9vgc2023regulationc","rating":1000,"private":0,"password":""}