{"id":"gen9vgc2023regulationc-1855941174","p1":"Rean412","p2":"a12351","format":"[Gen 9] VGC 2023 Regulation C","log":"|j|\u2606Rean412\n|j|\u2606a12351\n|t:|1683004144\n|gametype|doubles\n|player|p1|Rean412|265|\n|player|p2|a12351|brycenman|\n|teamsize|p1|6\n|teamsize|p2|6\n|gen|9\n|tier|[Gen 9] VGC 2023 Regulation C\n|rule|Species Clause: Limit one of each Pok\u00e9mon\n|rule|Item Clause: Limit one of each item\n|clearpoke\n|poke|p1|Annihilape, L50, M|\n|poke|p1|Oranguru, L50, F|\n|poke|p1|Amoonguss, L50, F|\n|poke|p1|Kingambit, L50, F|\n|poke|p1|Flutter Mane, L50|\n|poke|p1|Torkoal, L50, M|\n|poke|p2|Gholdengo, L50|\n|poke|p2|Chi-Yu, L50|\n|poke|p2|Garganacl, L50, M|\n|poke|p2|Iron Hands, L50|\n|poke|p2|Palafin, L50, M|\n|poke|p2|Dragonite, L50, F|\n|teampreview|4\nRean412 has agreed to open team sheets.\n|c|\u2606Rean412|GLHF\n|c|\u2606a12351|U2\n|c|\u2606a12351|Rean new team ?\n|c|\u2606Rean412|I\u2019ve made a few new teams. I still consider the one specific familiar one my \u201cActive Team\u201d\n|\n|t:|1683004244\n|start\n|switch|p1a: Flutter Mane|Flutter Mane, L50|100\/100\n|switch|p1b: Torkoal|Torkoal, L50, M|100\/100\n|switch|p2a: Iron Hands|Iron Hands, L50|100\/100\n|switch|p2b: Gholdengo|Gholdengo, L50|100\/100\n|-weather|SunnyDay|[from] ability: Drought|[of] p1b: Torkoal\n|-activate|p1a: Flutter Mane|ability: Protosynthesis\n|-start|p1a: Flutter Mane|protosynthesisspa\n|turn|1\n|c|\u2606a12351|This is a bad team\n|\n|t:|1683004295\n|-terastallize|p2b: Gholdengo|Steel\n|move|p2a: Iron Hands|Fake Out|p1b: Torkoal\n|-damage|p1b: Torkoal|90\/100\n|move|p1a: Flutter Mane|Shadow Ball|p2b: Gholdengo\n|-damage|p2b: Gholdengo|15\/100\n|-damage|p1a: Flutter Mane|91\/100|[from] item: Life Orb\n|move|p2b: Gholdengo|Make It Rain|p1a: Flutter Mane|[spread] p1a,p1b\n|-supereffective|p1a: Flutter Mane\n|-resisted|p1b: Torkoal\n|-damage|p1a: Flutter Mane|0 fnt\n|-damage|p1b: Torkoal|33\/100\n|-unboost|p2b: Gholdengo|spa|1\n|faint|p1a: Flutter Mane\n|-end|p1a: Flutter Mane|Protosynthesis|[silent]\n|cant|p1b: Torkoal|flinch\n|\n|-weather|SunnyDay|[upkeep]\n|upkeep\n|\n|t:|1683004313\n|switch|p1a: Caeser|Annihilape, L50, M, shiny|100\/100\n|turn|2\n|c|\u2606a12351|Caesar\n|c|\u2606a12351|That means\n|c|\u2606a12351|Im not sleepy\n|\n|t:|1683004350\n|move|p1a: Caeser|Drain Punch|p2b: Gholdengo\n|-supereffective|p2b: Gholdengo\n|-damage|p2b: Gholdengo|0 fnt\n|faint|p2b: Gholdengo\n|move|p2a: Iron Hands|Wild Charge|p1a: Caeser\n|-damage|p1a: Caeser|58\/100\n|-damage|p2a: Iron Hands|92\/100|[from] Recoil\n|move|p1b: Torkoal|Yawn|p2a: Iron Hands\n|-start|p2a: Iron Hands|move: Yawn|[of] p1b: Torkoal\n|\n|-weather|SunnyDay|[upkeep]\n|upkeep\n|c|\u2606Rean412|???\n|\n|t:|1683004389\n|switch|p2b: Chi-Yu|Chi-Yu, L50|100\/100\n|-ability|p2b: Chi-Yu|Beads of Ruin\n|turn|3\n|\n|t:|1683004427\n|move|p1a: Caeser|Protect|p1a: Caeser\n|-singleturn|p1a: Caeser|Protect\n|move|p2b: Chi-Yu|Heat Wave|p1a: Caeser|[spread] p1b\n|-activate|p1a: Caeser|move: Protect\n|-resisted|p1b: Torkoal\n|-damage|p1b: Torkoal|0 fnt\n|faint|p1b: Torkoal\n|move|p2a: Iron Hands|Wild Charge|p1a: Caeser\n|-activate|p1a: Caeser|move: Protect\n|\n|-weather|SunnyDay|[upkeep]\n|-end|p2a: Iron Hands|move: Yawn|[silent]\n|-status|p2a: Iron Hands|slp\n|upkeep\n|\n|t:|1683004443\n|switch|p1b: Oranguru|Oranguru, L50, F|100\/100\n|turn|4\n|\n|t:|1683004464\n|-terastallize|p1b: Oranguru|Dark\n|move|p2b: Chi-Yu|Protect|p2b: Chi-Yu\n|-singleturn|p2b: Chi-Yu|Protect\n|move|p1a: Caeser|Drain Punch|p2b: Chi-Yu\n|-activate|p2b: Chi-Yu|move: Protect\n|cant|p2a: Iron Hands|slp\n|move|p1b: Oranguru|Instruct|p1a: Caeser\n|-singleturn|p1a: Caeser|move: Instruct|[of] p1b: Oranguru\n|move|p1a: Caeser|Drain Punch|p2b: Chi-Yu\n|-activate|p2b: Chi-Yu|move: Protect\n|\n|-weather|SunnyDay|[upkeep]\n|upkeep\n|turn|5\n|j| Snowstorm brute\n|c|\u2606a12351|Gg\n|c|\u2606Rean412|It ain\u2019t over tell the fat lady sings\n|c|\u2606a12351|Do i get double ?\n|\n|t:|1683004531\n|move|p2b: Chi-Yu|Heat Wave|p1a: Caeser|[spread] p1a,p1b\n|-damage|p1a: Caeser|0 fnt\n|-damage|p1b: Oranguru|40\/100\n|faint|p1a: Caeser\n|-curestatus|p2a: Iron Hands|slp|[msg]\n|move|p2a: Iron Hands|Wild Charge|p1b: Oranguru\n|-damage|p1b: Oranguru|0 fnt\n|faint|p1b: Oranguru\n|-damage|p2a: Iron Hands|84\/100|[from] Recoil\n|\n|win|a12351\n|c|\u2606a12351|Oh lets go !!!\n|c|\u2606a12351|Gg\n|c|\u2606Rean412|GG\n|c|\u2606Rean412|WP\n|c|\u2606a12351|Forwt win against rean on a new team\n|c|\u2606a12351|First\n|c|\u2606Rean412|:)\n|l|\u2606Rean412\n","uploadtime":1683004588,"views":10,"p1id":"rean412","p2id":"a12351","formatid":"gen9vgc2023regulationc","rating":0,"private":0,"password":""}