{"id":"gen9vgc2023regulationc-1851877115","p1":"Nutrius","p2":"zaboomafoooo","format":"[Gen 9] VGC 2023 Regulation C","log":"|j|\u203dNutrius\n|j|\u2606zaboomafoooo\n|t:|1682499259\n|gametype|doubles\n|player|p1|Nutrius|norman|1161\n|player|p2|zaboomafoooo|dancer|1233\n|teamsize|p1|6\n|teamsize|p2|6\n|gen|9\n|tier|[Gen 9] VGC 2023 Regulation C\n|rated|\n|rule|Species Clause: Limit one of each Pok\u00e9mon\n|rule|Item Clause: Limit one of each item\n|clearpoke\n|poke|p1|Talonflame, L50, F|\n|poke|p1|Flutter Mane, L50|\n|poke|p1|Tyranitar, L50, M|\n|poke|p1|Lycanroc, L50, F|\n|poke|p1|Orthworm, L50, F|\n|poke|p1|Ting-Lu, L50|\n|poke|p2|Scream Tail, L50|\n|poke|p2|Wo-Chien, L50|\n|poke|p2|Garganacl, L50, M|\n|poke|p2|Gothitelle, L50, F|\n|poke|p2|Dragapult, L50, M|\n|poke|p2|Glimmora, L50, M|\n|teampreview|4\n|inactive|Battle timer is ON: inactive players will automatically lose when time's up. (requested by zaboomafoooo)\n|inactive|Nutrius has 60 seconds left.\n|inactive|zaboomafoooo has 60 seconds left.\n|\n|t:|1682499303\n|start\n|switch|p1a: Talonflame|Talonflame, L50, F|100\/100\n|switch|p1b: Lycanroc|Lycanroc, L50, F|100\/100\n|switch|p2a: Glimmora|Glimmora, L50, M, shiny|100\/100\n|switch|p2b: Dragapult|Dragapult, L50, M|100\/100\n|turn|1\n|\n|t:|1682499328\n|move|p1b: Lycanroc|Endure|p1b: Lycanroc\n|-singleturn|p1b: Lycanroc|move: Endure\n|move|p1a: Talonflame|Tailwind|p1a: Talonflame\n|-sidestart|p1: Nutrius|move: Tailwind\n|move|p2b: Dragapult|Reflect|p2b: Dragapult\n|-sidestart|p2: zaboomafoooo|Reflect\n|move|p2a: Glimmora|Power Gem|p1a: Talonflame\n|-supereffective|p1a: Talonflame\n|-damage|p1a: Talonflame|0 fnt\n|faint|p1a: Talonflame\n|\n|upkeep\n|\n|t:|1682499340\n|switch|p1a: Tyranitar|Tyranitar, L50, M|100\/100\n|-weather|Sandstorm|[from] ability: Sand Stream|[of] p1a: Tyranitar\n|turn|2\n|\n|t:|1682499359\n|move|p1b: Lycanroc|Rock Slide|p2b: Dragapult|[spread] p2a,p2b\n|-damage|p2a: Glimmora|75\/100\n|-damage|p2b: Dragapult|79\/100\n|-activate|p2a: Glimmora|ability: Toxic Debris\n|-sidestart|p1: Nutrius|move: Toxic Spikes\n|move|p2b: Dragapult|Thunder Wave|p1b: Lycanroc\n|-status|p1b: Lycanroc|par\n|move|p1a: Tyranitar|Rock Slide|p2b: Dragapult|[spread] p2a,p2b\n|-damage|p2a: Glimmora|50\/100\n|-damage|p2b: Dragapult|54\/100\n|-activate|p2a: Glimmora|ability: Toxic Debris\n|-sidestart|p1: Nutrius|move: Toxic Spikes\n|cant|p2a: Glimmora|flinch\n|\n|-weather|Sandstorm|[upkeep]\n|-damage|p2b: Dragapult|48\/100|[from] Sandstorm\n|upkeep\n|turn|3\n|inactive|Nutrius has 30 seconds left.\n|inactive|zaboomafoooo has 30 seconds left.\n|inactive|zaboomafoooo has 20 seconds left.\n|\n|t:|1682499395\n|move|p1b: Lycanroc|Endure|p1b: Lycanroc\n|-singleturn|p1b: Lycanroc|move: Endure\n|move|p2b: Dragapult|U-turn|p1a: Tyranitar\n|-supereffective|p1a: Tyranitar\n|-damage|p1a: Tyranitar|69\/100\n|\n|t:|1682499402\n|switch|p2b: Wo-Chien|Wo-Chien, L50|100\/100|[from] U-turn\n|-ability|p2b: Wo-Chien|Tablets of Ruin\n|move|p1a: Tyranitar|Earthquake|p2a: Glimmora|[spread] p1b,p2a,p2b\n|-supereffective|p1b: Lycanroc\n|-supereffective|p2a: Glimmora\n|-resisted|p2b: Wo-Chien\n|-damage|p1b: Lycanroc|34\/100 par\n|-damage|p2a: Glimmora|0 fnt\n|-damage|p2b: Wo-Chien|95\/100\n|faint|p2a: Glimmora\n|\n|-weather|Sandstorm|[upkeep]\n|-damage|p2b: Wo-Chien|89\/100|[from] Sandstorm\n|upkeep\n|\n|t:|1682499420\n|switch|p2a: Garganacl|Garganacl, L50, M|100\/100\n|turn|4\n|\n|t:|1682499433\n|move|p2a: Garganacl|Wide Guard|p2a: Garganacl\n|-singleturn|p2a: Garganacl|Wide Guard\n|cant|p1b: Lycanroc|par\n|move|p1a: Tyranitar|Rock Slide|p2a: Garganacl|[spread] \n|-activate|p2a: Garganacl|move: Wide Guard\n|-activate|p2b: Wo-Chien|move: Wide Guard\n|move|p2b: Wo-Chien|Leech Seed|p1a: Tyranitar\n|-start|p1a: Tyranitar|move: Leech Seed\n|\n|-weather|Sandstorm|[upkeep]\n|-damage|p2b: Wo-Chien|83\/100|[from] Sandstorm\n|-damage|p1a: Tyranitar|57\/100|[from] Leech Seed|[of] p2b: Wo-Chien\n|-heal|p2b: Wo-Chien|95\/100|[silent]\n|-sideend|p1: Nutrius|move: Tailwind\n|upkeep\n|turn|5\n|inactive|zaboomafoooo has 30 seconds left.\n|\n|t:|1682499460\n|cant|p1b: Lycanroc|par\n|move|p1a: Tyranitar|Crunch|p2a: Garganacl\n|-damage|p2a: Garganacl|87\/100\n|move|p2b: Wo-Chien|Leech Seed|p1b: Lycanroc\n|-start|p1b: Lycanroc|move: Leech Seed\n|move|p2a: Garganacl|Recover|p2a: Garganacl\n|-heal|p2a: Garganacl|100\/100\n|\n|-weather|Sandstorm|[upkeep]\n|-damage|p2b: Wo-Chien|89\/100|[from] Sandstorm\n|-damage|p1b: Lycanroc|22\/100 par|[from] Leech Seed|[of] p2b: Wo-Chien\n|-heal|p2b: Wo-Chien|98\/100|[silent]\n|-damage|p1a: Tyranitar|45\/100|[from] Leech Seed|[of] p2b: Wo-Chien\n|-heal|p2b: Wo-Chien|100\/100|[silent]\n|upkeep\n|turn|6\n|inactive|zaboomafoooo has 30 seconds left.\n|\n|t:|1682499486\n|move|p2a: Garganacl|Wide Guard|p2a: Garganacl\n|-singleturn|p2a: Garganacl|Wide Guard\n|move|p1b: Lycanroc|Endeavor|p2b: Wo-Chien\n|-damage|p2b: Wo-Chien|17\/100\n|-enditem|p2b: Wo-Chien|Sitrus Berry|[eat]\n|-heal|p2b: Wo-Chien|42\/100|[from] item: Sitrus Berry\n|move|p1a: Tyranitar|Rock Slide|p2a: Garganacl|[spread] \n|-activate|p2a: Garganacl|move: Wide Guard\n|-activate|p2b: Wo-Chien|move: Wide Guard\n|move|p2b: Wo-Chien|Knock Off|p1a: Tyranitar\n|-resisted|p1a: Tyranitar\n|-damage|p1a: Tyranitar|32\/100\n|-enditem|p1a: Tyranitar|Clear Amulet|[from] move: Knock Off|[of] p2b: Wo-Chien\n|\n|-weather|none\n|-damage|p1b: Lycanroc|10\/100 par|[from] Leech Seed|[of] p2b: Wo-Chien\n|-heal|p2b: Wo-Chien|52\/100|[silent]\n|-damage|p1a: Tyranitar|20\/100|[from] Leech Seed|[of] p2b: Wo-Chien\n|-heal|p2b: Wo-Chien|64\/100|[silent]\n|upkeep\n|turn|7\n|inactive|Nutrius has 30 seconds left.\n|\n|t:|1682499515\n|move|p2b: Wo-Chien|Protect|p2b: Wo-Chien\n|-singleturn|p2b: Wo-Chien|Protect\n|move|p2a: Garganacl|Protect|p2a: Garganacl\n|-singleturn|p2a: Garganacl|Protect\n|move|p1a: Tyranitar|Crunch|p2a: Garganacl\n|-activate|p2a: Garganacl|move: Protect\n|move|p1b: Lycanroc|Endeavor|p2a: Garganacl\n|-activate|p2a: Garganacl|move: Protect\n|\n|-damage|p1a: Tyranitar|8\/100|[from] Leech Seed|[of] p2b: Wo-Chien\n|-heal|p2b: Wo-Chien|75\/100|[silent]\n|-damage|p1b: Lycanroc|0 fnt|[from] Leech Seed|[of] p2b: Wo-Chien\n|-heal|p2b: Wo-Chien|83\/100|[silent]\n|faint|p1b: Lycanroc\n|upkeep\n|\n|t:|1682499531\n|switch|p1b: Flutter Mane|Flutter Mane, L50|100\/100\n|-status|p1b: Flutter Mane|tox\n|turn|8\n|\n|t:|1682499555\n|-terastallize|p1b: Flutter Mane|Fairy\n|-terastallize|p2a: Garganacl|Poison\n|move|p1b: Flutter Mane|Moonblast|p2b: Wo-Chien\n|-supereffective|p2b: Wo-Chien\n|-damage|p2b: Wo-Chien|0 fnt\n|faint|p2b: Wo-Chien\n|move|p1a: Tyranitar|Crunch|p2a: Garganacl\n|-damage|p2a: Garganacl|82\/100\n|move|p2a: Garganacl|Salt Cure|p1b: Flutter Mane\n|-damage|p1b: Flutter Mane|81\/100 tox\n|-start|p1b: Flutter Mane|Salt Cure\n|\n|-heal|p2a: Garganacl|87\/100|[from] item: Leftovers\n|-damage|p1b: Flutter Mane|75\/100 tox|[from] psn\n|-damage|p1b: Flutter Mane|63\/100 tox|[from] Salt Cure\n|-sideend|p2: zaboomafoooo|Reflect\n|upkeep\n|\n|t:|1682499572\n|switch|p2b: Dragapult|Dragapult, L50, M|48\/100\n|turn|9\n|\n|t:|1682499586\n|move|p2a: Garganacl|Protect|p2a: Garganacl\n|-singleturn|p2a: Garganacl|Protect\n|move|p2b: Dragapult|U-turn|p1a: Tyranitar\n|-supereffective|p1a: Tyranitar\n|-damage|p1a: Tyranitar|0 fnt\n|faint|p1a: Tyranitar\n|move|p1b: Flutter Mane|Moonblast|p2a: Garganacl\n|-activate|p2a: Garganacl|move: Protect\n|\n|-heal|p2a: Garganacl|93\/100|[from] item: Leftovers\n|-damage|p1b: Flutter Mane|50\/100 tox|[from] psn\n|-damage|p1b: Flutter Mane|38\/100 tox|[from] Salt Cure\n|upkeep\n|turn|10\n|\n|t:|1682499608\n|move|p2b: Dragapult|U-turn|p1b: Flutter Mane\n|-resisted|p1b: Flutter Mane\n|-damage|p1b: Flutter Mane|26\/100 tox\n|move|p1b: Flutter Mane|Moonblast|p2a: Garganacl\n|-resisted|p2a: Garganacl\n|-crit|p2a: Garganacl\n|-damage|p2a: Garganacl|41\/100\n|move|p2a: Garganacl|Recover|p2a: Garganacl\n|-heal|p2a: Garganacl|91\/100\n|\n|-heal|p2a: Garganacl|97\/100|[from] item: Leftovers\n|-damage|p1b: Flutter Mane|8\/100 tox|[from] psn\n|-damage|p1b: Flutter Mane|0 fnt|[from] Salt Cure\n|faint|p1b: Flutter Mane\n|-end|p1b: Flutter Mane|Protosynthesis|[silent]\n|\n|win|zaboomafoooo\n|upkeep\n|raw|Nutrius's rating: 1161 → 1141<\/strong> (-20 for losing)\n|raw|zaboomafoooo's rating: 1233 → 1253<\/strong> (+20 for winning)\n","uploadtime":1682499624,"views":20,"p1id":"nutrius","p2id":"zaboomafoooo","formatid":"gen9vgc2023regulationc","rating":1141,"private":0,"password":""}