{"id":"gen9vgc2023regulationc-1860089810","p1":"airport gamer","p2":"HazeOneTrick","format":"[Gen 9] VGC 2023 Regulation C","log":"|j|\u2606airport gamer\n|j|\u2606HazeOneTrick\n|t:|1683593987\n|gametype|doubles\n|player|p1|airport gamer|crasherwake|\n|player|p2|HazeOneTrick|acetrainer-gen6xy|\n|teamsize|p1|6\n|teamsize|p2|6\n|gen|9\n|tier|[Gen 9] VGC 2023 Regulation C\n|rule|Species Clause: Limit one of each Pok\u00e9mon\n|rule|Item Clause: Limit one of each item\n|clearpoke\n|poke|p1|Garganacl, L50, F|\n|poke|p1|Arcanine, L50, F|\n|poke|p1|Palafin, L50, M|\n|poke|p1|Amoonguss, L50, F|\n|poke|p1|Flutter Mane, L50|\n|poke|p1|Dragonite, L50, M|\n|poke|p2|Chi-Yu, L50|\n|poke|p2|Iron Hands, L50|\n|poke|p2|Gyarados, L50, M|\n|poke|p2|Iron Bundle, L50|\n|poke|p2|Amoonguss, L50, M|\n|poke|p2|Flutter Mane, L50|\n|teampreview|4\nHazeOneTrick has agreed to open team sheets.\nairport gamer has agreed to open team sheets.\n|\n|t:|1683594028\n|start\n|switch|p1a: Garganacl|Garganacl, L50, F|100\/100\n|switch|p1b: Flutter Mane|Flutter Mane, L50|100\/100\n|switch|p2a: Chi-Yu|Chi-Yu, L50|100\/100\n|switch|p2b: Amoonguss|Amoonguss, L50, M|100\/100\n|-ability|p2a: Chi-Yu|Beads of Ruin\n|-enditem|p1b: Flutter Mane|Booster Energy\n|-activate|p1b: Flutter Mane|ability: Protosynthesis|[fromitem]\n|-start|p1b: Flutter Mane|protosynthesisspa\n|turn|1\n|\n|t:|1683594067\n|move|p2b: Amoonguss|Rage Powder|p2b: Amoonguss\n|-singleturn|p2b: Amoonguss|move: Rage Powder\n|move|p1b: Flutter Mane|Substitute|p1b: Flutter Mane\n|-start|p1b: Flutter Mane|Substitute\n|-damage|p1b: Flutter Mane|76\/100\n|move|p2a: Chi-Yu|Nasty Plot|p2a: Chi-Yu\n|-boost|p2a: Chi-Yu|spa|2\n|move|p1a: Garganacl|Salt Cure|p2b: Amoonguss\n|-damage|p2b: Amoonguss|90\/100\n|-start|p2b: Amoonguss|Salt Cure\n|\n|-damage|p2b: Amoonguss|77\/100|[from] Salt Cure\n|upkeep\n|turn|2\n|\n|t:|1683594102\n|move|p2b: Amoonguss|Rage Powder|p2b: Amoonguss\n|-singleturn|p2b: Amoonguss|move: Rage Powder\n|move|p1b: Flutter Mane|Shadow Ball|p2b: Amoonguss\n|-damage|p2b: Amoonguss|6\/100\n|-enditem|p2b: Amoonguss|Sitrus Berry|[eat]\n|-heal|p2b: Amoonguss|31\/100|[from] item: Sitrus Berry\n|move|p2a: Chi-Yu|Dark Pulse|p1a: Garganacl\n|-damage|p1a: Garganacl|27\/100\n|move|p1a: Garganacl|Stealth Rock|p2a: Chi-Yu\n|-sidestart|p2: HazeOneTrick|move: Stealth Rock\n|\n|-heal|p1a: Garganacl|32\/100|[from] item: Leftovers\n|-damage|p2b: Amoonguss|19\/100|[from] Salt Cure\n|upkeep\n|turn|3\n|\n|t:|1683594141\n|switch|p2b: Gyarados|Gyarados, L50, M|100\/100\n|-damage|p2b: Gyarados|76\/100|[from] Stealth Rock\n|-ability|p2b: Gyarados|Intimidate|boost\n|-unboost|p1a: Garganacl|atk|1\n|-immune|p1b: Flutter Mane\n|move|p2a: Chi-Yu|Protect|p2a: Chi-Yu\n|-singleturn|p2a: Chi-Yu|Protect\n|move|p1b: Flutter Mane|Shadow Ball|p2b: Gyarados\n|-damage|p2b: Gyarados|19\/100\n|-enditem|p2b: Gyarados|Mago Berry|[eat]\n|-heal|p2b: Gyarados|52\/100|[from] item: Mago Berry\n|move|p1a: Garganacl|Salt Cure|p2a: Chi-Yu\n|-activate|p2a: Chi-Yu|move: Protect\n|\n|-heal|p1a: Garganacl|38\/100|[from] item: Leftovers\n|upkeep\n|turn|4\n|\n|t:|1683594172\n|move|p1a: Garganacl|Protect|p1a: Garganacl\n|-singleturn|p1a: Garganacl|Protect\n|move|p1b: Flutter Mane|Shadow Ball|p2b: Gyarados\n|-damage|p2b: Gyarados|2\/100\n|move|p2a: Chi-Yu|Dark Pulse|p1a: Garganacl\n|-activate|p1a: Garganacl|move: Protect\n|move|p2b: Gyarados|Waterfall|p1b: Flutter Mane\n|-end|p1b: Flutter Mane|Substitute\n|\n|-heal|p1a: Garganacl|44\/100|[from] item: Leftovers\n|upkeep\n|turn|5\n|\n|t:|1683594202\n|-terastallize|p1b: Flutter Mane|Fairy\n|move|p1b: Flutter Mane|Moonblast|p2a: Chi-Yu\n|-damage|p2a: Chi-Yu|14\/100\n|move|p2a: Chi-Yu|Dark Pulse|p1a: Garganacl\n|-damage|p1a: Garganacl|0 fnt\n|faint|p1a: Garganacl\n|move|p2b: Gyarados|Waterfall|p1b: Flutter Mane\n|-damage|p1b: Flutter Mane|13\/100\n|\n|-heal|p2a: Chi-Yu|20\/100|[from] item: Leftovers\n|upkeep\n|\n|t:|1683594212\n|switch|p1a: Arcanine|Arcanine, L50, F|100\/100\n|-ability|p1a: Arcanine|Intimidate|boost\n|-unboost|p2a: Chi-Yu|atk|1\n|-unboost|p2b: Gyarados|atk|1\n|turn|6\n|\n|t:|1683594236\n|switch|p2b: Amoonguss|Amoonguss, L50, M|52\/100\n|-damage|p2b: Amoonguss|40\/100|[from] Stealth Rock\n|move|p1a: Arcanine|Extreme Speed|p2a: Chi-Yu\n|-damage|p2a: Chi-Yu|0 fnt\n|faint|p2a: Chi-Yu\n|move|p1b: Flutter Mane|Moonblast|p2b: Amoonguss\n|-resisted|p2b: Amoonguss\n|-damage|p2b: Amoonguss|1\/100\n|-unboost|p2b: Amoonguss|spa|1\n|\n|upkeep\n|\n|t:|1683594251\n|switch|p2a: Iron Bundle|Iron Bundle, L50|100\/100\n|-damage|p2a: Iron Bundle|75\/100|[from] Stealth Rock\n|-enditem|p2a: Iron Bundle|Booster Energy\n|-activate|p2a: Iron Bundle|ability: Quark Drive|[fromitem]\n|-start|p2a: Iron Bundle|quarkdrivespe\n|turn|7\n|\n|t:|1683594277\n|switch|p2b: Gyarados|Gyarados, L50, M|2\/100\n|-damage|p2b: Gyarados|0 fnt|[from] Stealth Rock\n|faint|p2b: Gyarados\n|move|p2a: Iron Bundle|Icy Wind|p1a: Arcanine|[spread] p1a,p1b\n|-resisted|p1a: Arcanine\n|-damage|p1a: Arcanine|88\/100\n|-damage|p1b: Flutter Mane|0 fnt\n|-unboost|p1a: Arcanine|spe|1\n|faint|p1b: Flutter Mane\n|-end|p1b: Flutter Mane|Protosynthesis|[silent]\n|move|p1a: Arcanine|Flare Blitz|p2a: Iron Bundle\n|-damage|p2a: Iron Bundle|0 fnt\n|faint|p2a: Iron Bundle\n|-end|p2a: Iron Bundle|Quark Drive|[silent]\n|-damage|p1a: Arcanine|72\/100|[from] Recoil\n|\n|upkeep\n|c|\u2606HazeOneTrick|gg\n|c|\u2606airport gamer|gg\n|\n|t:|1683594297\n|switch|p1b: Palafin|Palafin, L50, M|100\/100\n|switch|p2b: Amoonguss|Amoonguss, L50, M|34\/100\n|-damage|p2b: Amoonguss|22\/100|[from] Stealth Rock\n|turn|8\n|-message|HazeOneTrick forfeited.\n|\n|win|airport gamer\n","uploadtime":1683594305,"views":11,"p1id":"airportgamer","p2id":"hazeonetrick","formatid":"gen9vgc2023regulationc","rating":0,"private":0,"password":""}