{"id":"gen9vgc2023regulationc-1857739947","p1":"beckybug","p2":"Oeoeoeoeo","format":"[Gen 9] VGC 2023 Regulation C","log":"|j|\u2606beckybug\n|j|\u2606Oeoeoeoeo\n|t:|1683227239\n|gametype|doubles\n|player|p1|beckybug|rosa|1732\n|player|p2|Oeoeoeoeo|102|1835\n|teamsize|p1|6\n|teamsize|p2|6\n|gen|9\n|tier|[Gen 9] VGC 2023 Regulation C\n|rated|\n|rule|Species Clause: Limit one of each Pok\u00e9mon\n|rule|Item Clause: Limit one of each item\n|clearpoke\n|poke|p1|Iron Bundle, L50|\n|poke|p1|Chi-Yu, L50|\n|poke|p1|Lycanroc, L50, M|\n|poke|p1|Tyranitar, L50, M|\n|poke|p1|Indeedee-F, L50, F|\n|poke|p1|Armarouge, L50, M|\n|poke|p2|Iron Bundle, L50|\n|poke|p2|Dondozo, L50, F|\n|poke|p2|Tatsugiri-Stretchy, L50, F|\n|poke|p2|Glimmora, L50, F|\n|poke|p2|Chi-Yu, L50|\n|poke|p2|Dragonite, L50, M|\n|teampreview|4\nbeckybug has agreed to open team sheets.\nOeoeoeoeo has agreed to open team sheets.\n|\n|t:|1683227290\n|start\n|switch|p1a: Lycanroc|Lycanroc, L50, M|100\/100\n|switch|p1b: Tyranitar|Tyranitar, L50, M|100\/100\n|switch|p2a: Glimmora|Glimmora, L50, F|100\/100\n|switch|p2b: Dondozo|Dondozo, L50, F|100\/100\n|-weather|Sandstorm|[from] ability: Sand Stream|[of] p1b: Tyranitar\n|turn|1\n|\n|t:|1683227312\n|-terastallize|p2a: Glimmora|Grass\n|-terastallize|p1b: Tyranitar|Flying\n|move|p2b: Dondozo|Protect|p2b: Dondozo\n|-singleturn|p2b: Dondozo|Protect\n|move|p1a: Lycanroc|Rock Slide|p2b: Dondozo|[spread] p2a\n|-activate|p2b: Dondozo|move: Protect\n|-damage|p2a: Glimmora|75\/100\n|-activate|p2a: Glimmora|ability: Toxic Debris\n|-sidestart|p1: beckybug|move: Toxic Spikes\n|move|p2a: Glimmora|Mortal Spin|p1b: Tyranitar|[spread] p1a,p1b\n|-resisted|p1a: Lycanroc\n|-crit|p1b: Tyranitar\n|-damage|p1a: Lycanroc|97\/100\n|-damage|p1b: Tyranitar|95\/100\n|-status|p1a: Lycanroc|psn\n|-status|p1b: Tyranitar|psn\n|move|p1b: Tyranitar|Assurance|p2b: Dondozo\n|-activate|p2b: Dondozo|move: Protect\n|\n|-weather|Sandstorm|[upkeep]\n|-damage|p2a: Glimmora|69\/100|[from] Sandstorm\n|-damage|p1b: Tyranitar|89\/100 psn|[from] Sandstorm\n|-damage|p2b: Dondozo|94\/100|[from] Sandstorm\n|-heal|p2b: Dondozo|100\/100|[from] item: Leftovers\n|-damage|p1a: Lycanroc|85\/100 psn|[from] psn\n|-damage|p1b: Tyranitar|77\/100 psn|[from] psn\n|upkeep\n|turn|2\n|\n|t:|1683227342\n|switch|p2a: Tatsugiri|Tatsugiri-Stretchy, L50, F|100\/100\n|-activate|p2a: Tatsugiri|ability: Commander|[of] p2b: Dondozo\n|-boost|p2b: Dondozo|atk|2\n|-boost|p2b: Dondozo|spa|2\n|-boost|p2b: Dondozo|spe|2\n|-boost|p2b: Dondozo|def|2\n|-boost|p2b: Dondozo|spd|2\n|move|p1a: Lycanroc|Endeavor|p2b: Dondozo\n|-damage|p2b: Dondozo|56\/100\n|move|p2b: Dondozo|Order Up|p1a: Lycanroc\n|-damage|p1a: Lycanroc|0 fnt\n|faint|p1a: Lycanroc\n|-boost|p2b: Dondozo|spe|1\n|move|p1b: Tyranitar|Assurance|p2b: Dondozo\n|-damage|p2b: Dondozo|35\/100\n|\n|-weather|Sandstorm|[upkeep]\n|-damage|p2a: Tatsugiri|95\/100|[from] Sandstorm\n|-damage|p2b: Dondozo|29\/100|[from] Sandstorm\n|-damage|p1b: Tyranitar|71\/100 psn|[from] Sandstorm\n|-heal|p2b: Dondozo|35\/100|[from] item: Leftovers\n|-damage|p1b: Tyranitar|59\/100 psn|[from] psn\n|upkeep\n|j| Matteopez\n|\n|t:|1683227362\n|switch|p1a: Iron Bundle|Iron Bundle, L50|100\/100\n|-status|p1a: Iron Bundle|psn\n|-enditem|p1a: Iron Bundle|Booster Energy\n|-activate|p1a: Iron Bundle|ability: Quark Drive|[fromitem]\n|-start|p1a: Iron Bundle|quarkdrivespe\n|turn|3\n|\n|t:|1683227376\n|move|p2b: Dondozo|Protect|p2b: Dondozo\n|-singleturn|p2b: Dondozo|Protect\n|move|p1a: Iron Bundle|Freeze-Dry|p2b: Dondozo\n|-activate|p2b: Dondozo|move: Protect\n|move|p1b: Tyranitar|Tera Blast|p2b: Dondozo\n|-activate|p2b: Dondozo|move: Protect\n|\n|-weather|Sandstorm|[upkeep]\n|-damage|p1a: Iron Bundle|95\/100 psn|[from] Sandstorm\n|-damage|p2a: Tatsugiri|89\/100|[from] Sandstorm\n|-damage|p2b: Dondozo|29\/100|[from] Sandstorm\n|-damage|p1b: Tyranitar|53\/100 psn|[from] Sandstorm\n|-heal|p2b: Dondozo|35\/100|[from] item: Leftovers\n|-damage|p1a: Iron Bundle|83\/100 psn|[from] psn\n|-damage|p1b: Tyranitar|41\/100 psn|[from] psn\n|upkeep\n|turn|4\n|\n|t:|1683227394\n|move|p1a: Iron Bundle|Freeze-Dry|p2b: Dondozo\n|-supereffective|p2b: Dondozo\n|-damage|p2b: Dondozo|0 fnt\n|faint|p2b: Dondozo\n|move|p1b: Tyranitar|Tera Blast|p2a: Tatsugiri\n|-damage|p2a: Tatsugiri|12\/100\n|\n|-weather|Sandstorm|[upkeep]\n|-damage|p1a: Iron Bundle|77\/100 psn|[from] Sandstorm\n|-damage|p2a: Tatsugiri|6\/100|[from] Sandstorm\n|-damage|p1b: Tyranitar|35\/100 psn|[from] Sandstorm\n|-damage|p1a: Iron Bundle|66\/100 psn|[from] psn\n|-damage|p1b: Tyranitar|23\/100 psn|[from] psn\n|upkeep\n|\n|t:|1683227399\n|switch|p2b: Glimmora|Glimmora, L50, F, tera:Grass|69\/100\n|turn|5\n|\n|t:|1683227416\n|move|p1a: Iron Bundle|Icy Wind|p2a: Tatsugiri|[spread] p2a,p2b\n|-supereffective|p2b: Glimmora\n|-damage|p2a: Tatsugiri|0 fnt\n|-damage|p2b: Glimmora|43\/100\n|-unboost|p2b: Glimmora|spe|1\n|faint|p2a: Tatsugiri\n|move|p1b: Tyranitar|Tera Blast|p2b: Glimmora\n|-supereffective|p2b: Glimmora\n|-damage|p2b: Glimmora|0 fnt\n|-activate|p2b: Glimmora|ability: Toxic Debris\n|-sidestart|p1: beckybug|move: Toxic Spikes\n|faint|p2b: Glimmora\n|\n|-weather|none\n|-damage|p1a: Iron Bundle|54\/100 psn|[from] psn\n|-damage|p1b: Tyranitar|11\/100 psn|[from] psn\n|upkeep\n|\n|t:|1683227425\n|switch|p2b: Chi-Yu|Chi-Yu, L50|100\/100\n|-ability|p2b: Chi-Yu|Beads of Ruin\n|turn|6\n|\n|t:|1683227439\n|move|p2b: Chi-Yu|Protect|p2b: Chi-Yu\n|-singleturn|p2b: Chi-Yu|Protect\n|move|p1a: Iron Bundle|Icy Wind|p2b: Chi-Yu\n|-activate|p2b: Chi-Yu|move: Protect\n|move|p1b: Tyranitar|Rock Slide|p2b: Chi-Yu\n|-activate|p2b: Chi-Yu|move: Protect\n|\n|-damage|p1a: Iron Bundle|42\/100 psn|[from] psn\n|-damage|p1b: Tyranitar|0 fnt|[from] psn\n|faint|p1b: Tyranitar\n|upkeep\n|\n|t:|1683227441\n|switch|p1b: Indeedee|Indeedee-F, L50, F|100\/100\n|-status|p1b: Indeedee|tox\n|-fieldstart|move: Psychic Terrain|[from] ability: Psychic Surge|[of] p1b: Indeedee\n|-enditem|p1b: Indeedee|Psychic Seed\n|-boost|p1b: Indeedee|spd|1|[from] item: Psychic Seed\n|turn|7\n|\n|t:|1683227455\n|move|p1b: Indeedee|Follow Me|p1b: Indeedee\n|-singleturn|p1b: Indeedee|move: Follow Me\n|move|p1a: Iron Bundle|Freeze-Dry|p2b: Chi-Yu\n|-resisted|p2b: Chi-Yu\n|-damage|p2b: Chi-Yu|82\/100\n|-status|p2b: Chi-Yu|frz\n|cant|p2b: Chi-Yu|frz\n|\n|-damage|p1a: Iron Bundle|30\/100 psn|[from] psn\n|-damage|p1b: Indeedee|94\/100 tox|[from] psn\n|upkeep\n|turn|8\n|\n|t:|1683227465\n|move|p1b: Indeedee|Helping Hand|p1a: Iron Bundle\n|-singleturn|p1a: Iron Bundle|Helping Hand|[of] p1b: Indeedee\n|cant|p2b: Chi-Yu|frz\n|move|p1a: Iron Bundle|Freeze-Dry|p2b: Chi-Yu\n|-resisted|p2b: Chi-Yu\n|-damage|p2b: Chi-Yu|56\/100 frz\n|\n|-damage|p1a: Iron Bundle|18\/100 psn|[from] psn\n|-damage|p1b: Indeedee|82\/100 tox|[from] psn\n|upkeep\n|turn|9\n|\n|t:|1683227474\n|move|p1b: Indeedee|Helping Hand|p1a: Iron Bundle\n|-singleturn|p1a: Iron Bundle|Helping Hand|[of] p1b: Indeedee\n|cant|p2b: Chi-Yu|frz\n|move|p1a: Iron Bundle|Freeze-Dry|p2b: Chi-Yu\n|-resisted|p2b: Chi-Yu\n|-damage|p2b: Chi-Yu|26\/100 frz\n|\n|-damage|p1a: Iron Bundle|6\/100 psn|[from] psn\n|-damage|p1b: Indeedee|63\/100 tox|[from] psn\n|upkeep\n|turn|10\n|\n|t:|1683227483\n|move|p1b: Indeedee|Helping Hand|p1a: Iron Bundle\n|-singleturn|p1a: Iron Bundle|Helping Hand|[of] p1b: Indeedee\n|cant|p2b: Chi-Yu|frz\n|move|p1a: Iron Bundle|Freeze-Dry|p2b: Chi-Yu\n|-resisted|p2b: Chi-Yu\n|-damage|p2b: Chi-Yu|0 fnt\n|faint|p2b: Chi-Yu\n|\n|win|beckybug\n|raw|beckybug's rating: 1732 → 1758<\/strong> (+26 for winning)\n|raw|Oeoeoeoeo's rating: 1835 → 1809<\/strong> (-26 for losing)\n|l|\u2606Oeoeoeoeo\n|c| Matteopez|crazy\n","uploadtime":1683227499,"views":17,"p1id":"beckybug","p2id":"oeoeoeoeo","formatid":"gen9vgc2023regulationc","rating":1758,"private":0,"password":""}