{"id":"gen9vgc2023regulationc-1854097937","p1":"toocynical1","p2":"We_Love_The_Gong","format":"[Gen 9] VGC 2023 Regulation C","log":"|j|\u2606toocynical1\n|j|\u2606We_Love_The_Gong\n|t:|1682768826\n|gametype|doubles\n|player|p1|toocynical1|rocketgrunt|1411\n|player|p2|We_Love_The_Gong|fantina|1498\n|teamsize|p1|6\n|teamsize|p2|6\n|gen|9\n|tier|[Gen 9] VGC 2023 Regulation C\n|rated|\n|rule|Species Clause: Limit one of each Pok\u00e9mon\n|rule|Item Clause: Limit one of each item\n|clearpoke\n|poke|p1|Dondozo, L50, F|\n|poke|p1|Tatsugiri-Droopy, L50, F|\n|poke|p1|Pelipper, L50, M|\n|poke|p1|Drednaw, L50, F|\n|poke|p1|Iron Bundle, L50|\n|poke|p1|Annihilape, L50, M|\n|poke|p2|Indeedee-F, L50, F|\n|poke|p2|Ting-Lu, L50|\n|poke|p2|Gyarados, L50, M|\n|poke|p2|Flutter Mane, L50|\n|poke|p2|Baxcalibur, L50, M|\n|poke|p2|Armarouge, L50, M|\n|teampreview|4\ntoocynical1 rejected open team sheets.\n|inactive|Battle timer is ON: inactive players will automatically lose when time's up. (requested by We_Love_The_Gong)\n|\n|t:|1682768870\n|start\n|switch|p1a: Pelipper|Pelipper, L50, M|100\/100\n|switch|p1b: Dondozo|Dondozo, L50, F|100\/100\n|switch|p2a: Gyarados|Gyarados, L50, M|100\/100\n|switch|p2b: Ting-Lu|Ting-Lu, L50|100\/100\n|-ability|p2a: Gyarados|Intimidate|boost\n|-unboost|p1a: Pelipper|atk|1\n|-unboost|p1b: Dondozo|atk|1\n|-weather|RainDance|[from] ability: Drizzle|[of] p1a: Pelipper\n|-ability|p2b: Ting-Lu|Vessel of Ruin\n|turn|1\n|inactive|toocynical1 has 30 seconds left.\n|inactive|We_Love_The_Gong has 30 seconds left.\n|inactive|We_Love_The_Gong has 20 seconds left.\n|c|\u2606We_Love_The_Gong|surf i bet\n|inactive|We_Love_The_Gong has 15 seconds left.\n|c|\u2606We_Love_The_Gong|i love closed team sheets\n|inactive|We_Love_The_Gong has 10 seconds left.\n|c|\u2606toocynical1|sorry\n|\n|t:|1682768920\n|switch|p1a: Tatsugiri|Tatsugiri-Droopy, L50, F|100\/100\n|-activate|p1a: Tatsugiri|ability: Commander|[of] p1b: Dondozo\n|-boost|p1b: Dondozo|atk|2\n|-boost|p1b: Dondozo|spa|2\n|-boost|p1b: Dondozo|spe|2\n|-boost|p1b: Dondozo|def|2\n|-boost|p1b: Dondozo|spd|2\n|switch|p2b: Baxcalibur|Baxcalibur, L50, M|100\/100\n|-terastallize|p1b: Dondozo|Water\n|move|p1b: Dondozo|Surf|p2b: Baxcalibur|[spread] p2a,p2b\n|-miss|p1b: Dondozo|p1a: Tatsugiri\n|-resisted|p2a: Gyarados\n|-resisted|p2b: Baxcalibur\n|-damage|p2a: Gyarados|57\/100\n|-damage|p2b: Baxcalibur|44\/100\n|-damage|p1b: Dondozo|91\/100|[from] item: Life Orb\n|move|p2a: Gyarados|Thunder Wave|p1b: Dondozo\n|-status|p1b: Dondozo|par\n|\n|-weather|RainDance|[upkeep]\n|upkeep\n|turn|2\n|c|\u2606toocynical1|my regionals is a ladder tourney\n|inactive|We_Love_The_Gong has 30 seconds left.\n|\n|t:|1682768950\n|move|p2a: Gyarados|Helping Hand|p2b: Baxcalibur\n|-singleturn|p2b: Baxcalibur|Helping Hand|[of] p2a: Gyarados\n|move|p2b: Baxcalibur|Glaive Rush|p1b: Dondozo\n|-damage|p1b: Dondozo|44\/100 par\n|-singlemove|p2b: Baxcalibur|Glaive Rush|[silent]\n|move|p1b: Dondozo|Surf|p2a: Gyarados|[spread] p2a,p2b\n|-miss|p1b: Dondozo|p1a: Tatsugiri\n|-resisted|p2a: Gyarados\n|-resisted|p2b: Baxcalibur\n|-damage|p2a: Gyarados|16\/100\n|-damage|p2b: Baxcalibur|0 fnt\n|faint|p2b: Baxcalibur\n|-damage|p1b: Dondozo|35\/100 par|[from] item: Life Orb\n|\n|-weather|RainDance|[upkeep]\n|upkeep\n|\n|t:|1682768960\n|switch|p2b: Flutter Mane|Flutter Mane, L50|100\/100\n|turn|3\n|\n|t:|1682768967\n|move|p1b: Dondozo|Protect|p1b: Dondozo\n|-singleturn|p1b: Dondozo|Protect\n|move|p2b: Flutter Mane|Thunderbolt|p1b: Dondozo\n|-activate|p1b: Dondozo|move: Protect\n|move|p2a: Gyarados|Thunder Wave|p1a: Tatsugiri|[miss]\n|-miss|p2a: Gyarados|p1a: Tatsugiri\n|\n|-weather|RainDance|[upkeep]\n|upkeep\n|turn|4\n|\n|t:|1682768978\n|move|p2b: Flutter Mane|Thunderbolt|p1b: Dondozo\n|-supereffective|p1b: Dondozo\n|-damage|p1b: Dondozo|0 fnt\n|faint|p1b: Dondozo\n|move|p2a: Gyarados|Thunder Wave|p1a: Tatsugiri\n|-status|p1a: Tatsugiri|par\n|\n|-weather|RainDance|[upkeep]\n|upkeep\n|\n|t:|1682768986\n|switch|p1b: Drednaw|Drednaw, L50, F|100\/100\n|turn|5\n|c|\u2606We_Love_The_Gong|what regional?\n|c|\u2606We_Love_The_Gong|is a ladder tourny?\n|c|\u2606toocynical1|sea\n|\n|t:|1682769004\n|move|p1b: Drednaw|Rock Slide|p2a: Gyarados|[spread] p2a,p2b\n|-supereffective|p2a: Gyarados\n|-damage|p2a: Gyarados|0 fnt\n|-damage|p2b: Flutter Mane|27\/100\n|faint|p2a: Gyarados\n|move|p2b: Flutter Mane|Thunderbolt|p1b: Drednaw\n|-supereffective|p1b: Drednaw\n|-damage|p1b: Drednaw|0 fnt\n|faint|p1b: Drednaw\n|move|p1a: Tatsugiri|Muddy Water|p2b: Flutter Mane\n|-damage|p2b: Flutter Mane|0 fnt\n|faint|p2b: Flutter Mane\n|-end|p2b: Flutter Mane|Protosynthesis|[silent]\n|\n|-weather|RainDance|[upkeep]\n|upkeep\n|\n|t:|1682769016\n|switch|p1b: Pelipper|Pelipper, L50, M|100\/100\n|switch|p2a: Ting-Lu|Ting-Lu, L50|100\/100\n|-ability|p2a: Ting-Lu|Vessel of Ruin\n|turn|6\n|c|\u2606We_Love_The_Gong|gg\n|\n|t:|1682769027\n|-terastallize|p2a: Ting-Lu|Poison\n|move|p1b: Pelipper|Hurricane|p2a: Ting-Lu\n|-damage|p2a: Ting-Lu|83\/100\n|-start|p2a: Ting-Lu|confusion\n|move|p1a: Tatsugiri|Muddy Water|p2a: Ting-Lu\n|-damage|p2a: Ting-Lu|59\/100\n|-unboost|p2a: Ting-Lu|accuracy|1\n|-activate|p2a: Ting-Lu|confusion\n|-damage|p2a: Ting-Lu|50\/100|[from] confusion\n|\n|-weather|RainDance|[upkeep]\n|upkeep\n|turn|7\n|\n|t:|1682769041\n|move|p1b: Pelipper|Hurricane|p2a: Ting-Lu\n|-damage|p2a: Ting-Lu|34\/100\n|move|p1a: Tatsugiri|Muddy Water|p2a: Ting-Lu\n|-damage|p2a: Ting-Lu|13\/100\n|-activate|p2a: Ting-Lu|confusion\n|move|p2a: Ting-Lu|Rock Slide|p1b: Pelipper|[spread] p1a,p1b\n|-supereffective|p1b: Pelipper\n|-damage|p1a: Tatsugiri|67\/100 par\n|-damage|p1b: Pelipper|63\/100\n|\n|-weather|RainDance|[upkeep]\n|upkeep\n|turn|8\n|c|\u2606We_Love_The_Gong|take your win idk how welll you will really do at this regional with your play but gl to you\n|\n|t:|1682769058\n|move|p1b: Pelipper|Hurricane|p2a: Ting-Lu\n|-damage|p2a: Ting-Lu|0 fnt\n|faint|p2a: Ting-Lu\n|\n|win|toocynical1\n|raw|toocynical1's rating: 1411 → 1436<\/strong> (+25 for winning)\n|raw|We_Love_The_Gong's rating: 1498 → 1473<\/strong> (-25 for losing)\n","uploadtime":1682769062,"views":14,"p1id":"toocynical1","p2id":"welovethegong","formatid":"gen9vgc2023regulationc","rating":1436,"private":0,"password":""}