{"id":"gen9vgc2023regulationc-1848221471","p1":"TheOrthwormJim","p2":"yeffers","format":"[Gen 9] VGC 2023 Regulation C","log":"|j|\u2606TheOrthwormJim\n|j|\u2606yeffers\n|t:|1682044292\n|gametype|doubles\n|player|p1|TheOrthwormJim|n|\n|player|p2|yeffers|wattson|\n|teamsize|p1|6\n|teamsize|p2|6\n|gen|9\n|tier|[Gen 9] VGC 2023 Regulation C\n|rated|Tournament battle\n|rule|Species Clause: Limit one of each Pok\u00e9mon\n|rule|Item Clause: Limit one of each item\n|clearpoke\n|poke|p1|Maushold, L50|\n|poke|p1|Gholdengo, L50|\n|poke|p1|Glimmora, L50, M|\n|poke|p1|Ceruledge, L50, M|\n|poke|p1|Iron Bundle, L50|\n|poke|p1|Iron Hands, L50|\n|poke|p2|Cetitan, L50, F|\n|poke|p2|Abomasnow, L50, F|\n|poke|p2|Gothitelle, L50, F|\n|poke|p2|Ting-Lu, L50|\n|poke|p2|Rotom-Heat, L50|\n|poke|p2|Gyarados, L50, F|\n|teampreview|4\n|inactive|Battle timer is ON: inactive players will automatically lose when time's up. (requested by TheOrthwormJim)\n|j| THEGUY19\n|j| Draco Jack17\nyeffers has agreed to open team sheets.\n|j|%Bright Size\n|l|%Bright Size\n|j| ROBERT5239423942\nTheOrthwormJim has agreed to open team sheets.\n|inactive|yeffers has 60 seconds left.\n|c|\u2606TheOrthwormJim|Glhf\n|c|\u2606yeffers|u2\n|inactive|yeffers has 30 seconds left.\n|c|\u2606TheOrthwormJim|Band ting Lu is a bit scary\n|j| czarVGC\n|inactive|yeffers has 20 seconds left.\n|inactive|yeffers has 15 seconds left.\n|inactive|yeffers has 10 seconds left.\n|inactive|yeffers has 5 seconds left.\n|j| Djden005\n|c| czarVGC|open team sheets lesgo\n|\n|t:|1682044380\n|start\n|switch|p1a: Glory Hole|Glimmora, L50, M, shiny|100\/100\n|switch|p1b: GoNoodle|Gholdengo, L50|100\/100\n|switch|p2a: Ting-Lu|Ting-Lu, L50|100\/100\n|switch|p2b: Gyarados|Gyarados, L50, F|100\/100\n|-ability|p2b: Gyarados|Intimidate|boost\n|-unboost|p1a: Glory Hole|atk|1\n|-unboost|p1b: GoNoodle|atk|1\n|-ability|p2a: Ting-Lu|Vessel of Ruin\n|turn|1\n|c| Djden005|gl to both players\n|c| czarVGC|joldenjo tera what\n|l|\u2606TheOrthwormJim\n|inactive|TheOrthwormJim disconnected and has a minute to reconnect!\n|player|p1|\n|inactive|yeffers has 30 seconds left.\n|j|\u2606TheOrthwormJim\n|inactive|TheOrthwormJim reconnected.\n|player|p1|TheOrthwormJim|n\n|inactive|yeffers has 20 seconds left.\n|\n|t:|1682044418\n|-terastallize|p1a: Glory Hole|Grass\n|move|p1b: GoNoodle|Protect|p1b: GoNoodle\n|-singleturn|p1b: GoNoodle|Protect\n|move|p2b: Gyarados|Protect|p2b: Gyarados\n|-singleturn|p2b: Gyarados|Protect\n|move|p1a: Glory Hole|Energy Ball|p2a: Ting-Lu\n|-supereffective|p2a: Ting-Lu\n|-damage|p2a: Ting-Lu|31\/100\n|move|p2a: Ting-Lu|Earthquake|p1b: GoNoodle|[spread] p1a\n|-activate|p2b: Gyarados|move: Protect\n|-activate|p1b: GoNoodle|move: Protect\n|-resisted|p1a: Glory Hole\n|-damage|p1a: Glory Hole|67\/100\n|-activate|p1a: Glory Hole|ability: Toxic Debris\n|-sidestart|p2: yeffers|move: Toxic Spikes\n|\n|upkeep\n|turn|2\n|c| czarVGC|wow that did so much\n|inactive|TheOrthwormJim has 30 seconds left.\n|inactive|yeffers has 30 seconds left.\n|j|%Bright Size\n|inactive|yeffers has 20 seconds left.\n|inactive|yeffers has 15 seconds left.\n|\n|t:|1682044460\n|-terastallize|p2b: Gyarados|Flying\n|move|p1b: GoNoodle|Nasty Plot|p1b: GoNoodle\n|-boost|p1b: GoNoodle|spa|2\n|-enditem|p2b: Gyarados|Mirror Herb\n|-boost|p2b: Gyarados|spa|2|[from] item: Mirror Herb\n|move|p2b: Gyarados|Tera Blast|p1a: Glory Hole\n|-supereffective|p1a: Glory Hole\n|-damage|p1a: Glory Hole|0 fnt\n|-activate|p1a: Glory Hole|ability: Toxic Debris\n|-sidestart|p2: yeffers|move: Toxic Spikes\n|faint|p1a: Glory Hole\n|move|p2a: Ting-Lu|Earthquake|p1b: GoNoodle|[spread] p1b\n|-immune|p2b: Gyarados\n|-supereffective|p1b: GoNoodle\n|-damage|p1b: GoNoodle|0 fnt\n|faint|p1b: GoNoodle\n|\n|upkeep\n|\n|t:|1682044475\n|switch|p1b: Will Smith|Iron Hands, L50|100\/100\n|switch|p1a: SICKO MODE|Ceruledge, L50, M, shiny|100\/100\n|turn|3\n|c| czarVGC|nasty plot is a little greedy njo\n|c|\u2606TheOrthwormJim|I thought he would ddance\n|inactive|yeffers has 30 seconds left.\n|c| ROBERT5239423942|czar vgc\n|\n|t:|1682044509\n|move|p1a: SICKO MODE|Protect|p1a: SICKO MODE\n|-singleturn|p1a: SICKO MODE|Protect\n|move|p2b: Gyarados|Waterfall|p1a: SICKO MODE\n|-activate|p1a: SICKO MODE|move: Protect\n|move|p1b: Will Smith|Drain Punch|p2a: Ting-Lu\n|-supereffective|p2a: Ting-Lu\n|-damage|p2a: Ting-Lu|0 fnt\n|faint|p2a: Ting-Lu\n|\n|upkeep\n|c| ROBERT5239423942|u in enough battles?\n|\n|t:|1682044518\n|switch|p2a: Abomasnow|Abomasnow, L50, F|100\/100\n|-status|p2a: Abomasnow|tox\n|-weather|Snow|[from] ability: Snow Warning|[of] p2a: Abomasnow\n|turn|4\n|c| czarVGC|lmaooooooooooo\n|\n|t:|1682044535\n|move|p2b: Gyarados|Waterfall|p1a: SICKO MODE\n|-supereffective|p1a: SICKO MODE\n|-damage|p1a: SICKO MODE|8\/100\n|move|p2a: Abomasnow|Blizzard|p1b: Will Smith|[spread] p1a,p1b\n|-resisted|p1a: SICKO MODE\n|-damage|p1a: SICKO MODE|0 fnt\n|-damage|p1b: Will Smith|82\/100\n|faint|p1a: SICKO MODE\n|move|p1b: Will Smith|Wild Charge|p2b: Gyarados\n|-supereffective|p2b: Gyarados\n|-damage|p2b: Gyarados|0 fnt\n|faint|p2b: Gyarados\n|-damage|p1b: Will Smith|62\/100|[from] Recoil\n|\n|-weather|Snow|[upkeep]\n|-damage|p2a: Abomasnow|94\/100 tox|[from] psn\n|upkeep\n|c| czarVGC|I wanna see what people are running\n|\n|t:|1682044549\n|switch|p2b: Cetitan|Cetitan, L50, F|100\/100\n|-status|p2b: Cetitan|tox\n|turn|5\n|c|\u2606TheOrthwormJim|ggs\n|\n|t:|1682044560\n|move|p2b: Cetitan|Ice Spinner|p1b: Will Smith\n|-damage|p1b: Will Smith|33\/100\n|move|p2a: Abomasnow|Blizzard|p1b: Will Smith\n|-damage|p1b: Will Smith|11\/100\n|-status|p1b: Will Smith|frz\n|cant|p1b: Will Smith|frz\n|\n|-weather|Snow|[upkeep]\n|-damage|p2b: Cetitan|94\/100 tox|[from] psn\n|-damage|p2a: Abomasnow|82\/100 tox|[from] psn\n|upkeep\n|turn|6\n|c|\u2606yeffers|gg\n|c|\u2606TheOrthwormJim|i can\u2019t beat cetitan\n|c| czarVGC|freeze mattered\n|c|\u2606TheOrthwormJim|especiialy frozen\n|l| ROBERT5239423942\n|\n|t:|1682044581\n|move|p2b: Cetitan|Ice Spinner|p1b: Will Smith\n|-damage|p1b: Will Smith|0 fnt\n|faint|p1b: Will Smith\n|-end|p1b: Will Smith|Quark Drive|[silent]\n|\n|win|yeffers\n|n|\u2606yeffers|yeffers\n|n| THEGUY19|theguy19\n|n| Draco Jack17|dracojack17\n|n| czarVGC|czarvgc\n|n| Djden005|djden005\n|n|\u2606TheOrthwormJim|theorthwormjim\n|n| Bright Size|brightsize\n","uploadtime":1682044581,"views":12,"p1id":"theorthwormjim","p2id":"yeffers","formatid":"gen9vgc2023regulationc","rating":0,"private":0,"password":""}