{"id":"gen9vgc2023regulationc-1845160016","p1":"swag morra","p2":"roykeenkennedy","format":"[Gen 9] VGC 2023 Regulation C","log":"|j|\u2606swag morra\n|j|\u2606roykeenkennedy\n|t:|1681690734\n|gametype|doubles\n|player|p1|swag morra|169|1394\n|player|p2|roykeenkennedy|alder|1484\n|teamsize|p1|6\n|teamsize|p2|6\n|gen|9\n|tier|[Gen 9] VGC 2023 Regulation C\n|rated|\n|rule|Species Clause: Limit one of each Pok\u00e9mon\n|rule|Item Clause: Limit one of each item\n|clearpoke\n|poke|p1|Glimmora, L50, F|\n|poke|p1|Iron Moth, L50|\n|poke|p1|Gholdengo, L50|\n|poke|p1|Chien-Pao, L50|\n|poke|p1|Azumarill, L50, M|\n|poke|p1|Klefki, L50, F|\n|poke|p2|Garganacl, L50, M|\n|poke|p2|Ting-Lu, L50|\n|poke|p2|Wo-Chien, L50|\n|poke|p2|Glimmora, L50, M|\n|poke|p2|Abomasnow, L50, F|\n|poke|p2|Chi-Yu, L50|\n|teampreview|4\n|\n|t:|1681690766\n|start\n|switch|p1a: Glimmora|Glimmora, L50, F|100\/100\n|switch|p1b: Gholdengo|Gholdengo, L50|100\/100\n|switch|p2a: Ting-Lu|Ting-Lu, L50|100\/100\n|switch|p2b: Abomasnow|Abomasnow, L50, F|100\/100\n|-weather|Snow|[from] ability: Snow Warning|[of] p2b: Abomasnow\n|-ability|p2a: Ting-Lu|Vessel of Ruin\n|turn|1\n|\n|t:|1681690798\n|-terastallize|p2b: Abomasnow|Water\n|move|p1a: Glimmora|Mortal Spin|p2a: Ting-Lu|[spread] p2a,p2b\n|-resisted|p2a: Ting-Lu\n|-damage|p2a: Ting-Lu|99\/100\n|-damage|p2b: Abomasnow|96\/100\n|-status|p2a: Ting-Lu|psn\n|-status|p2b: Abomasnow|psn\n|move|p1b: Gholdengo|Nasty Plot|p1b: Gholdengo\n|-boost|p1b: Gholdengo|spa|2\n|move|p2b: Abomasnow|Aurora Veil|p2b: Abomasnow\n|-sidestart|p2: roykeenkennedy|move: Aurora Veil\n|move|p2a: Ting-Lu|Stomping Tantrum|p1a: Glimmora\n|-supereffective|p1a: Glimmora\n|-damage|p1a: Glimmora|0 fnt\n|-activate|p1a: Glimmora|ability: Toxic Debris\n|-sidestart|p2: roykeenkennedy|move: Toxic Spikes\n|faint|p1a: Glimmora\n|\n|-weather|Snow|[upkeep]\n|-heal|p2a: Ting-Lu|100\/100 psn|[from] item: Leftovers\n|-damage|p2b: Abomasnow|84\/100 psn|[from] psn\n|-damage|p2a: Ting-Lu|88\/100 psn|[from] psn\n|upkeep\n|\n|t:|1681690811\n|switch|p1a: Azumarill|Azumarill, L50, M|100\/100\n|turn|2\n|\n|t:|1681690831\n|-terastallize|p1a: Azumarill|Water\n|move|p1b: Gholdengo|Hex|p2b: Abomasnow\n|-damage|p2b: Abomasnow|17\/100 psn\n|move|p2b: Abomasnow|Leech Seed|p1a: Azumarill\n|-start|p1a: Azumarill|move: Leech Seed\n|move|p1a: Azumarill|Liquidation|p2a: Ting-Lu\n|-supereffective|p2a: Ting-Lu\n|-damage|p2a: Ting-Lu|34\/100 psn\n|move|p2a: Ting-Lu|Stomping Tantrum|p1b: Gholdengo\n|-supereffective|p1b: Gholdengo\n|-damage|p1b: Gholdengo|49\/100\n|-enditem|p1b: Gholdengo|Sitrus Berry|[eat]\n|-heal|p1b: Gholdengo|74\/100|[from] item: Sitrus Berry\n|\n|-weather|Snow|[upkeep]\n|-heal|p2a: Ting-Lu|41\/100 psn|[from] item: Leftovers\n|-damage|p1a: Azumarill|88\/100|[from] Leech Seed|[of] p2b: Abomasnow\n|-heal|p2b: Abomasnow|30\/100 psn|[silent]\n|-damage|p2b: Abomasnow|18\/100 psn|[from] psn\n|-damage|p2a: Ting-Lu|28\/100 psn|[from] psn\n|upkeep\n|turn|3\n|\n|t:|1681690866\n|switch|p1a: Chien-Pao|Chien-Pao, L50|100\/100\n|-ability|p1a: Chien-Pao|Sword of Ruin\n|move|p1b: Gholdengo|Make It Rain|p2a: Ting-Lu|[spread] p2a,p2b\n|-resisted|p2b: Abomasnow\n|-damage|p2a: Ting-Lu|0 fnt\n|-damage|p2b: Abomasnow|0 fnt\n|-unboost|p1b: Gholdengo|spa|1\n|faint|p2a: Ting-Lu\n|faint|p2b: Abomasnow\n|\n|-weather|Snow|[upkeep]\n|upkeep\n|\n|t:|1681690881\n|switch|p2b: Chi-Yu|Chi-Yu, L50|100\/100\n|switch|p2a: Glimmora|Glimmora, L50, M|100\/100\n|-status|p2b: Chi-Yu|psn\n|-ability|p2b: Chi-Yu|Beads of Ruin\n|-sideend|p2: roykeenkennedy|move: Toxic Spikes|[of] p2a: Glimmora\n|turn|4\n|n|!roykeenkennedy|roykeenkennedy\n|\n|t:|1681690915\n|move|p1b: Gholdengo|Protect|p1b: Gholdengo\n|-singleturn|p1b: Gholdengo|Protect\n|move|p2b: Chi-Yu|Heat Wave|p1a: Chien-Pao|[spread] p1a\n|-activate|p1b: Gholdengo|move: Protect\n|-supereffective|p1a: Chien-Pao\n|-enditem|p1a: Chien-Pao|Focus Sash\n|-damage|p1a: Chien-Pao|1\/100\n|-status|p1a: Chien-Pao|brn\n|move|p1a: Chien-Pao|Sacred Sword|p2b: Chi-Yu\n|-supereffective|p2b: Chi-Yu\n|-damage|p2b: Chi-Yu|64\/100 psn\n|move|p2a: Glimmora|Mortal Spin|p1b: Gholdengo|[spread] p1a\n|-activate|p1b: Gholdengo|move: Protect\n|-damage|p1a: Chien-Pao|0 fnt\n|faint|p1a: Chien-Pao\n|\n|-weather|Snow|[upkeep]\n|-damage|p2b: Chi-Yu|52\/100 psn|[from] psn\n|upkeep\n|c|\u2606swag morra|no comment\n|\n|t:|1681690932\n|switch|p1a: Azumarill|Azumarill, L50, M, tera:Water|88\/100\n|turn|5\n|\n|t:|1681690941\n|move|p1a: Azumarill|Aqua Jet|p2b: Chi-Yu\n|-supereffective|p2b: Chi-Yu\n|-damage|p2b: Chi-Yu|0 fnt\n|faint|p2b: Chi-Yu\n|move|p1b: Gholdengo|Make It Rain|p2a: Glimmora\n|-supereffective|p2a: Glimmora\n|-damage|p2a: Glimmora|18\/100\n|-unboost|p1b: Gholdengo|spa|1\n|move|p2a: Glimmora|Energy Ball|p1a: Azumarill\n|-supereffective|p1a: Azumarill\n|-damage|p1a: Azumarill|31\/100\n|\n|-weather|none\n|upkeep\n|turn|6\n|-message|roykeenkennedy forfeited.\n|\n|win|swag morra\n|raw|swag morra's rating: 1394 → 1419<\/strong> (+25 for winning)\n|raw|roykeenkennedy's rating: 1484 → 1459<\/strong> (-25 for losing)\n|l|!roykeenkennedy\n","uploadtime":1681690894,"views":9,"p1id":"swagmorra","p2id":"roykeenkennedy","formatid":"gen9vgc2023regulationc","rating":1419,"private":0,"password":""}