{"id":"gen9vgc2023regulationc-1857393837","p1":"Trent","p2":"tadano-reol","format":"[Gen 9] VGC 2023 Regulation C","log":"|j|\u2606Trent\n|j|\u2606tadano-reol\n|t:|1683185850\n|gametype|doubles\n|player|p1|Trent|266|1270\n|player|p2|tadano-reol|red|1147\n|teamsize|p1|6\n|teamsize|p2|6\n|gen|9\n|tier|[Gen 9] VGC 2023 Regulation C\n|rated|\n|rule|Species Clause: Limit one of each Pok\u00e9mon\n|rule|Item Clause: Limit one of each item\n|clearpoke\n|poke|p1|Ceruledge, L50, F|\n|poke|p1|Scream Tail, L50|\n|poke|p1|Kingambit, L50, M|\n|poke|p1|Gastrodon, L50, F|\n|poke|p1|Orthworm, L50, F|\n|poke|p1|Dragapult, L50, M|\n|poke|p2|Armarouge, L50, M|\n|poke|p2|Indeedee-F, L50, F|\n|poke|p2|Roaring Moon, L50|\n|poke|p2|Corviknight, L50, M|\n|poke|p2|Garchomp, L50, M|\n|poke|p2|Flutter Mane, L50|\n|teampreview|4\n|inactive|Battle timer is ON: inactive players will automatically lose when time's up. (requested by Trent)\n|j| hisanory\n|inactive|tadano-reol has 60 seconds left.\n|\n|t:|1683185886\n|start\n|switch|p1a: Kingambit|Kingambit, L50, M|100\/100\n|switch|p1b: Scream Tail|Scream Tail, L50|100\/100\n|switch|p2a: Flutter Mane|Flutter Mane, L50|100\/100\n|switch|p2b: Roaring Moon|Roaring Moon, L50, shiny|100\/100\n|-enditem|p2b: Roaring Moon|Booster Energy\n|-activate|p2b: Roaring Moon|ability: Protosynthesis|[fromitem]\n|-start|p2b: Roaring Moon|protosynthesisspe\n|-enditem|p1b: Scream Tail|Booster Energy\n|-activate|p1b: Scream Tail|ability: Protosynthesis|[fromitem]\n|-start|p1b: Scream Tail|protosynthesisspe\n|turn|1\n|inactive|Trent has 30 seconds left.\n|inactive|Trent has 20 seconds left.\n|inactive|Trent has 15 seconds left.\n|\n|t:|1683185927\n|-terastallize|p2b: Roaring Moon|Flying\n|move|p2b: Roaring Moon|Acrobatics|p1b: Scream Tail\n|-damage|p1b: Scream Tail|55\/100\n|move|p1b: Scream Tail|Howl|p1b: Scream Tail|[spread] p1a,p1b\n|-boost|p1a: Kingambit|atk|1\n|-boost|p1b: Scream Tail|atk|1\n|move|p2a: Flutter Mane|Moonblast|p1a: Kingambit\n|-damage|p1a: Kingambit|35\/100\n|move|p1a: Kingambit|Iron Head|p2a: Flutter Mane\n|-supereffective|p2a: Flutter Mane\n|-damage|p2a: Flutter Mane|0 fnt\n|faint|p2a: Flutter Mane\n|-end|p2a: Flutter Mane|Protosynthesis|[silent]\n|\n|upkeep\n|\n|t:|1683185938\n|switch|p2a: Indeedee|Indeedee-F, L50, F, shiny|100\/100\n|-fieldstart|move: Psychic Terrain|[from] ability: Psychic Surge|[of] p2a: Indeedee\n|turn|2\n|\n|t:|1683185948\n|move|p1a: Kingambit|Protect|p1a: Kingambit\n|-singleturn|p1a: Kingambit|Protect\n|move|p2b: Roaring Moon|Acrobatics|p1a: Kingambit\n|-activate|p1a: Kingambit|move: Protect\n|move|p1b: Scream Tail|Disable|p2b: Roaring Moon\n|-start|p2b: Roaring Moon|Disable|Acrobatics\n|move|p2a: Indeedee|Dazzling Gleam|p1a: Kingambit|[spread] p1b\n|-activate|p1a: Kingambit|move: Protect\n|-damage|p1b: Scream Tail|45\/100\n|\n|upkeep\n|turn|3\n|\n|t:|1683185965\n|move|p2a: Indeedee|Follow Me|p2a: Indeedee\n|-singleturn|p2a: Indeedee|move: Follow Me\n|move|p1a: Kingambit|Sucker Punch||[still]\n|-fail|p1a: Kingambit\n|move|p2b: Roaring Moon|Throat Chop|p1a: Kingambit\n|-resisted|p1a: Kingambit\n|-damage|p1a: Kingambit|18\/100\n|-start|p1a: Kingambit|Throat Chop|[silent]\n|move|p1b: Scream Tail|Play Rough|p2a: Indeedee\n|-damage|p2a: Indeedee|68\/100\n|\n|upkeep\n|turn|4\n|\n|t:|1683185986\n|move|p2b: Roaring Moon|Throat Chop|p1a: Kingambit\n|-resisted|p1a: Kingambit\n|-damage|p1a: Kingambit|2\/100\n|move|p1b: Scream Tail|Howl|p1b: Scream Tail|[spread] p1a,p1b\n|-boost|p1a: Kingambit|atk|1\n|-boost|p1b: Scream Tail|atk|1\n|move|p1a: Kingambit|Kowtow Cleave|p2b: Roaring Moon\n|-damage|p2b: Roaring Moon|0 fnt\n|faint|p2b: Roaring Moon\n|-end|p2b: Roaring Moon|Protosynthesis|[silent]\n|move|p2a: Indeedee|Trick Room|p2a: Indeedee\n|-fieldstart|move: Trick Room|[of] p2a: Indeedee\n|\n|-end|p1a: Kingambit|Throat Chop|[silent]\n|upkeep\n|\n|t:|1683185996\n|switch|p2b: Armarouge|Armarouge, L50, M, shiny|100\/100\n|turn|5\n|\n|t:|1683186008\n|move|p1a: Kingambit|Protect|p1a: Kingambit\n|-singleturn|p1a: Kingambit|Protect\n|move|p2a: Indeedee|Dazzling Gleam|p1b: Scream Tail|[spread] p1b\n|-activate|p1a: Kingambit|move: Protect\n|-damage|p1b: Scream Tail|36\/100\n|move|p2b: Armarouge|Expanding Force|p1a: Kingambit|[spread] p1b\n|-activate|p1a: Kingambit|move: Protect\n|-resisted|p1b: Scream Tail\n|-damage|p1b: Scream Tail|6\/100\n|-damage|p2b: Armarouge|91\/100|[from] item: Life Orb\n|move|p1b: Scream Tail|Encore|p2a: Indeedee\n|-start|p2a: Indeedee|Encore\n|\n|upkeep\n|turn|6\n|\n|t:|1683186021\n|move|p1a: Kingambit|Iron Head|p2a: Indeedee\n|-damage|p2a: Indeedee|0 fnt\n|faint|p2a: Indeedee\n|move|p2b: Armarouge|Heat Wave|p1b: Scream Tail|[spread] p1a,p1b\n|-supereffective|p1a: Kingambit\n|-damage|p1a: Kingambit|0 fnt\n|-damage|p1b: Scream Tail|0 fnt\n|faint|p1a: Kingambit\n|faint|p1b: Scream Tail\n|-end|p1b: Scream Tail|Protosynthesis|[silent]\n|-damage|p2b: Armarouge|82\/100|[from] item: Life Orb\n|\n|-fieldend|move: Psychic Terrain\n|upkeep\n|\n|t:|1683186027\n|switch|p1a: Orthworm|Orthworm, L50, F|100\/100\n|switch|p1b: Ceruledge|Ceruledge, L50, F|100\/100\n|turn|7\n|\n|t:|1683186040\n|move|p1a: Orthworm|Protect|p1a: Orthworm\n|-singleturn|p1a: Orthworm|Protect\n|move|p1b: Ceruledge|Shadow Sneak|p2b: Armarouge\n|-supereffective|p2b: Armarouge\n|-damage|p2b: Armarouge|33\/100\n|move|p2b: Armarouge|Heat Wave|p1b: Ceruledge|[spread] \n|-activate|p1a: Orthworm|move: Protect\n|-start|p1b: Ceruledge|ability: Flash Fire\n|\n|upkeep\n|turn|8\n|-message|tadano-reol forfeited.\n|\n|win|Trent\n|raw|Trent's rating: 1270 → 1287<\/strong> (+17 for winning)\n|raw|tadano-reol's rating: 1147 → 1130<\/strong> (-17 for losing)\n|l|\u2606tadano-reol\n|l|\u2606Trent\n","uploadtime":1683186065,"views":4,"p1id":"trent","p2id":"tadanoreol","formatid":"gen9vgc2023regulationc","rating":1130,"private":0,"password":""}