{"id":"gen9vgc2023regulationc-1848225357","p1":"Rezzy350","p2":"CallMeMrMoo","format":"[Gen 9] VGC 2023 Regulation C","log":"|j|\u203dRezzy350\n|j|\u2606CallMeMrMoo\n|t:|1682044780\n|gametype|doubles\n|player|p1|Rezzy350|cynthia|1077\n|player|p2|CallMeMrMoo|rancher|1069\n|teamsize|p1|6\n|teamsize|p2|6\n|gen|9\n|tier|[Gen 9] VGC 2023 Regulation C\n|rated|\n|rule|Species Clause: Limit one of each Pok\u00e9mon\n|rule|Item Clause: Limit one of each item\n|clearpoke\n|poke|p1|Palafin, L50, F|\n|poke|p1|Chien-Pao, L50|\n|poke|p1|Dragapult, L50, F|\n|poke|p1|Amoonguss, L50, F|\n|poke|p1|Arcanine, L50, M|\n|poke|p1|Flutter Mane, L50|\n|poke|p2|Ting-Lu, L50|\n|poke|p2|Maushold-Four, L50|\n|poke|p2|Annihilape, L50, F|\n|poke|p2|Dragonite, L50, M|\n|poke|p2|Chien-Pao, L50|\n|poke|p2|Flutter Mane, L50|\n|teampreview|4\n|inactive|Battle timer is ON: inactive players will automatically lose when time's up. (requested by Rezzy350)\n|inactive|Rezzy350 has 60 seconds left.\n|\n|t:|1682044836\n|start\n|switch|p1a: Palafin|Palafin, L50, F, shiny|100\/100\n|switch|p1b: Arcanine|Arcanine, L50, M, shiny|100\/100\n|switch|p2a: Maushold|Maushold-Four, L50|100\/100\n|switch|p2b: Annihilape|Annihilape, L50, F|100\/100\n|-ability|p1b: Arcanine|Intimidate|boost\n|-unboost|p2a: Maushold|atk|1\n|-unboost|p2b: Annihilape|atk|1\n|-ability|p2b: Annihilape|Defiant|boost\n|-boost|p2b: Annihilape|atk|2\n|turn|1\n|inactive|CallMeMrMoo has 30 seconds left.\n|inactive|Rezzy350 has 30 seconds left.\n|inactive|CallMeMrMoo has 20 seconds left.\n|\n|t:|1682044875\n|move|p1b: Arcanine|Will-O-Wisp|p2b: Annihilape\n|-status|p2b: Annihilape|brn\n|move|p2a: Maushold|Super Fang|p1b: Arcanine\n|-damage|p1b: Arcanine|51\/100\n|move|p1a: Palafin|Haze|p1a: Palafin\n|-clearallboost\n|move|p2b: Annihilape|Drain Punch|p1a: Palafin\n|-damage|p1a: Palafin|83\/100\n|\n|-damage|p2b: Annihilape|94\/100 brn|[from] brn\n|upkeep\n|turn|2\n|inactive|Rezzy350 has 30 seconds left.\n|\n|t:|1682044904\n|detailschange|p1a: Palafin|Palafin-Hero, L50, F, shiny\n|switch|p1a: Flutter Mane|Flutter Mane, L50, shiny|100\/100\n|-enditem|p1a: Flutter Mane|Booster Energy\n|-activate|p1a: Flutter Mane|ability: Protosynthesis|[fromitem]\n|-start|p1a: Flutter Mane|protosynthesisspa\n|move|p2a: Maushold|Super Fang|p1a: Flutter Mane\n|-immune|p1a: Flutter Mane\n|move|p1b: Arcanine|Flare Blitz|p2a: Maushold\n|-damage|p2a: Maushold|47\/100\n|-damage|p1b: Arcanine|34\/100|[from] Recoil\n|move|p2b: Annihilape|Bulk Up|p2b: Annihilape\n|-boost|p2b: Annihilape|atk|1\n|-boost|p2b: Annihilape|def|1\n|\n|-heal|p2b: Annihilape|100\/100 brn|[from] item: Leftovers\n|-damage|p2b: Annihilape|94\/100 brn|[from] brn\n|upkeep\n|turn|3\n|inactive|Rezzy350 has 30 seconds left.\n|inactive|CallMeMrMoo has 30 seconds left.\n|\n|t:|1682044933\n|-terastallize|p1a: Flutter Mane|Fairy\n|move|p1a: Flutter Mane|Dazzling Gleam|p2b: Annihilape|[spread] p2a,p2b\n|-supereffective|p2b: Annihilape\n|-damage|p2a: Maushold|0 fnt\n|-damage|p2b: Annihilape|35\/100 brn\n|faint|p2a: Maushold\n|move|p1b: Arcanine|Flare Blitz|p2b: Annihilape\n|-damage|p2b: Annihilape|6\/100 brn\n|-damage|p1b: Arcanine|24\/100|[from] Recoil\n|move|p2b: Annihilape|Rage Fist|p1a: Flutter Mane\n|-damage|p1a: Flutter Mane|31\/100\n|\n|-heal|p2b: Annihilape|12\/100 brn|[from] item: Leftovers\n|-damage|p2b: Annihilape|6\/100 brn|[from] brn\n|upkeep\n|inactive|CallMeMrMoo has 30 seconds left.\n|\n|t:|1682044967\n|switch|p2a: Flutter Mane|Flutter Mane, L50|100\/100\n|turn|4\n|\n|t:|1682044985\n|-terastallize|p2a: Flutter Mane|Fairy\n|move|p2a: Flutter Mane|Substitute|p2a: Flutter Mane\n|-start|p2a: Flutter Mane|Substitute\n|-damage|p2a: Flutter Mane|76\/100\n|move|p1a: Flutter Mane|Shadow Ball|p2a: Flutter Mane\n|-end|p2a: Flutter Mane|Substitute\n|move|p1b: Arcanine|Flare Blitz|p2b: Annihilape\n|-damage|p2b: Annihilape|0 fnt\n|faint|p2b: Annihilape\n|-damage|p1b: Arcanine|22\/100|[from] Recoil\n|\n|upkeep\n|\n|t:|1682044996\n|switch|p2b: Chien-Pao|Chien-Pao, L50|100\/100\n|-ability|p2b: Chien-Pao|Sword of Ruin\n|turn|5\n|\n|t:|1682045009\n|move|p1b: Arcanine|Extreme Speed|p2b: Chien-Pao\n|-damage|p2b: Chien-Pao|70\/100\n|move|p2b: Chien-Pao|Sucker Punch||[still]\n|-fail|p2b: Chien-Pao\n|move|p2a: Flutter Mane|Shadow Ball|p1a: Flutter Mane\n|-damage|p1a: Flutter Mane|0 fnt\n|faint|p1a: Flutter Mane\n|-end|p1a: Flutter Mane|Protosynthesis|[silent]\n|-damage|p2a: Flutter Mane|67\/100|[from] item: Life Orb\n|\n|upkeep\n|\n|t:|1682045023\n|switch|p1a: Palafin|Palafin-Hero, L50, F, shiny|83\/100\n|-activate|p1a: Palafin|ability: Zero to Hero\n|turn|6\n|\n|t:|1682045037\n|move|p1b: Arcanine|Protect|p1b: Arcanine\n|-singleturn|p1b: Arcanine|Protect\n|move|p1a: Palafin|Jet Punch|p2a: Flutter Mane\n|-damage|p2a: Flutter Mane|0 fnt\n|faint|p2a: Flutter Mane\n|-end|p2a: Flutter Mane|Protosynthesis|[silent]\n|move|p2b: Chien-Pao|Throat Chop|p1b: Arcanine\n|-activate|p1b: Arcanine|move: Protect\n|\n|upkeep\n|turn|7\n|\n|t:|1682045053\n|move|p1b: Arcanine|Extreme Speed|p2b: Chien-Pao\n|-damage|p2b: Chien-Pao|41\/100\n|move|p2b: Chien-Pao|Sucker Punch|p1a: Palafin\n|-damage|p1a: Palafin|45\/100\n|move|p1a: Palafin|Jet Punch|p2b: Chien-Pao\n|-damage|p2b: Chien-Pao|0 fnt\n|faint|p2b: Chien-Pao\n|\n|win|Rezzy350\n|raw|Rezzy350's rating: 1077 → 1105<\/strong> (+28 for winning)\n|raw|CallMeMrMoo's rating: 1069 → 1049<\/strong> (-20 for losing)\n","uploadtime":1682045065,"views":5,"p1id":"rezzy350","p2id":"callmemrmoo","formatid":"gen9vgc2023regulationc","rating":1049,"private":0,"password":""}