{"id":"gen9vgc2023regulationc-1854342822","p1":"Paddy13","p2":"Kirozvz","format":"[Gen 9] VGC 2023 Regulation C","log":"|j|\u2606Paddy13\n|j|\u2606Kirozvz\n|t:|1682799235\n|gametype|doubles\n|player|p1|Paddy13|2|1243\n|player|p2|Kirozvz|lance|1344\n|teamsize|p1|6\n|teamsize|p2|6\n|gen|9\n|tier|[Gen 9] VGC 2023 Regulation C\n|rated|\n|rule|Species Clause: Limit one of each Pok\u00e9mon\n|rule|Item Clause: Limit one of each item\n|clearpoke\n|poke|p1|Annihilape, L50, M|\n|poke|p1|Gastrodon-East, L50, F|\n|poke|p1|Klefki, L50, F|\n|poke|p1|Flutter Mane, L50|\n|poke|p1|Pawmot, L50, F|\n|poke|p1|Maushold-Four, L50|\n|poke|p2|Dondozo, L50, M|\n|poke|p2|Tatsugiri-Stretchy, L50, M|\n|poke|p2|Chi-Yu, L50|\n|poke|p2|Flutter Mane, L50|\n|poke|p2|Dragonite, L50, F|\n|poke|p2|Glimmora, L50, M|\n|teampreview|4\n|inactive|Battle timer is ON: inactive players will automatically lose when time's up. (requested by Paddy13)\n|\n|t:|1682799264\n|start\n|switch|p1a: Annihilape|Annihilape, L50, M|100\/100\n|switch|p1b: Klefki|Klefki, L50, F, shiny|100\/100\n|switch|p2a: Glimmora|Glimmora, L50, M|100\/100\n|switch|p2b: Tatsugiri|Tatsugiri-Stretchy, L50, M|100\/100\n|turn|1\n|\n|t:|1682799278\n|move|p1b: Klefki|Light Screen|p1b: Klefki\n|-sidestart|p1: Paddy13|move: Light Screen\n|move|p2a: Glimmora|Toxic|p1a: Annihilape\n|-status|p1a: Annihilape|tox\n|move|p1a: Annihilape|Bulk Up|p1a: Annihilape\n|-boost|p1a: Annihilape|atk|1\n|-boost|p1a: Annihilape|def|1\n|move|p2b: Tatsugiri|Draco Meteor|p1a: Annihilape\n|-damage|p1a: Annihilape|39\/100 tox\n|-unboost|p2b: Tatsugiri|spa|2\n|\n|-heal|p1a: Annihilape|45\/100 tox|[from] item: Leftovers\n|-damage|p1a: Annihilape|39\/100 tox|[from] psn\n|upkeep\n|turn|2\n|\n|t:|1682799300\n|move|p2a: Glimmora|Spiky Shield|p2a: Glimmora\n|-singleturn|p2a: Glimmora|move: Protect\n|move|p1b: Klefki|Thunder Wave|p2b: Tatsugiri\n|-status|p2b: Tatsugiri|par\n|move|p1a: Annihilape|Drain Punch|p2a: Glimmora\n|-activate|p2a: Glimmora|move: Protect\n|-damage|p1a: Annihilape|27\/100 tox|[from] Spiky Shield|[of] p2a: Glimmora\n|cant|p2b: Tatsugiri|par\n|\n|-heal|p1a: Annihilape|33\/100 tox|[from] item: Leftovers\n|-damage|p1a: Annihilape|21\/100 tox|[from] psn\n|upkeep\n|turn|3\n|\n|t:|1682799314\n|switch|p2a: Dondozo|Dondozo, L50, M|100\/100\n|move|p1b: Klefki|Thunder Wave|p2a: Dondozo\n|-status|p2a: Dondozo|par\n|move|p1a: Annihilape|Drain Punch|p2a: Dondozo\n|-crit|p2a: Dondozo\n|-damage|p2a: Dondozo|72\/100 par\n|-heal|p1a: Annihilape|38\/100 tox|[from] drain|[of] p2a: Dondozo\n|move|p2b: Tatsugiri|Draco Meteor|p1a: Annihilape\n|-damage|p1a: Annihilape|5\/100 tox\n|-unboost|p2b: Tatsugiri|spa|2\n|\n|-heal|p1a: Annihilape|11\/100 tox|[from] item: Leftovers\n|-damage|p1a: Annihilape|0 fnt|[from] psn\n|faint|p1a: Annihilape\n|upkeep\n|\n|t:|1682799329\n|switch|p1a: Gastrodon|Gastrodon-East, L50, F|100\/100\n|turn|4\n|\n|t:|1682799338\n|switch|p2b: Glimmora|Glimmora, L50, M|100\/100\n|move|p1b: Klefki|Reflect|p1b: Klefki\n|-sidestart|p1: Paddy13|Reflect\n|move|p1a: Gastrodon|Icy Wind|p2a: Dondozo|[spread] p2a,p2b\n|-resisted|p2a: Dondozo\n|-damage|p2a: Dondozo|69\/100 par\n|-damage|p2b: Glimmora|88\/100\n|-unboost|p2a: Dondozo|spe|1\n|-unboost|p2b: Glimmora|spe|1\n|move|p2a: Dondozo|Yawn|p1a: Gastrodon\n|-start|p1a: Gastrodon|move: Yawn|[of] p2a: Dondozo\n|\n|upkeep\n|turn|5\n|inactive|Paddy13 has 30 seconds left.\n|\n|t:|1682799364\n|switch|p1a: Maushold|Maushold-Four, L50|100\/100\n|move|p1b: Klefki|Thunder Wave|p2b: Glimmora\n|-status|p2b: Glimmora|par\n|move|p2b: Glimmora|Toxic|p1a: Maushold\n|-status|p1a: Maushold|tox\n|move|p2a: Dondozo|Yawn|p1b: Klefki\n|-start|p1b: Klefki|move: Yawn|[of] p2a: Dondozo\n|\n|-damage|p1a: Maushold|94\/100 tox|[from] psn\n|upkeep\n|turn|6\n|\n|t:|1682799377\n|cant|p2b: Glimmora|par\n|move|p1a: Maushold|Encore|p2b: Glimmora\n|-start|p2b: Glimmora|Encore\n|move|p1b: Klefki|Foul Play|p2b: Glimmora\n|-damage|p2b: Glimmora|75\/100 par\n|-activate|p2b: Glimmora|ability: Toxic Debris\n|-sidestart|p1: Paddy13|move: Toxic Spikes\n|move|p2a: Dondozo|Bulldoze|p1b: Klefki|[spread] p2b,p1a,p1b\n|-supereffective|p2b: Glimmora\n|-crit|p1a: Maushold\n|-supereffective|p1b: Klefki\n|-damage|p2b: Glimmora|27\/100 par\n|-damage|p1a: Maushold|80\/100 tox\n|-damage|p1b: Klefki|90\/100\n|-unboost|p2b: Glimmora|spe|1\n|-unboost|p1a: Maushold|spe|1\n|-unboost|p1b: Klefki|spe|1\n|-activate|p2b: Glimmora|ability: Toxic Debris\n|-sidestart|p1: Paddy13|move: Toxic Spikes\n|\n|-damage|p1a: Maushold|68\/100 tox|[from] psn\n|-end|p1b: Klefki|move: Yawn|[silent]\n|-status|p1b: Klefki|slp\n|upkeep\n|turn|7\n|inactive|Paddy13 has 30 seconds left.\n|inactive|Paddy13 has 20 seconds left.\n|inactive|Paddy13 has 15 seconds left.\n|inactive|Paddy13 has 10 seconds left.\n|inactive|Paddy13 has 5 seconds left.\n|\n|t:|1682799432\n|switch|p2b: Tatsugiri|Tatsugiri-Stretchy, L50, M|100\/100 par\n|move|p2a: Dondozo|Protect|p2a: Dondozo\n|-singleturn|p2a: Dondozo|Protect\n|move|p1a: Maushold|Follow Me|p1a: Maushold\n|-singleturn|p1a: Maushold|move: Follow Me\n|cant|p1b: Klefki|slp\n|\n|-damage|p1a: Maushold|50\/100 tox|[from] psn\n|upkeep\n|turn|8\n|inactive|Kirozvz has 30 seconds left.\n|inactive|Kirozvz has 20 seconds left.\n|\n|t:|1682799467\n|move|p1a: Maushold|Beat Up|p2b: Tatsugiri\n|-damage|p2b: Tatsugiri|96\/100 par\n|-damage|p2b: Tatsugiri|92\/100 par\n|-hitcount|p2b: Tatsugiri|2\n|cant|p1b: Klefki|slp\n|cant|p2b: Tatsugiri|par\n|cant|p2a: Dondozo|par\n|\n|-damage|p1a: Maushold|25\/100 tox|[from] psn\n|-sideend|p1: Paddy13|move: Light Screen\n|upkeep\n|turn|9\n|inactive|Paddy13 has 30 seconds left.\n|inactive|Paddy13 has 20 seconds left.\n|inactive|Paddy13 has 15 seconds left.\n|\n|t:|1682799507\n|move|p2a: Dondozo|Protect|p2a: Dondozo\n|-singleturn|p2a: Dondozo|Protect\n|move|p1a: Maushold|Beat Up|p2b: Tatsugiri\n|-damage|p2b: Tatsugiri|88\/100 par\n|-damage|p2b: Tatsugiri|84\/100 par\n|-hitcount|p2b: Tatsugiri|2\n|cant|p1b: Klefki|slp\n|move|p2b: Tatsugiri|Muddy Water|p1b: Klefki|[spread] p1a\n|-miss|p2b: Tatsugiri|p1b: Klefki\n|-damage|p1a: Maushold|0 fnt\n|faint|p1a: Maushold\n|\n|upkeep\n|\n|t:|1682799510\n|switch|p1a: Gastrodon|Gastrodon-East, L50, F|100\/100\n|-status|p1a: Gastrodon|tox\n|turn|10\n|\n|t:|1682799527\n|switch|p2b: Glimmora|Glimmora, L50, M|27\/100 par\n|-terastallize|p1a: Gastrodon|Flying\n|-curestatus|p1b: Klefki|slp|[msg]\n|move|p1b: Klefki|Light Screen|p1b: Klefki\n|-sidestart|p1: Paddy13|move: Light Screen\n|move|p1a: Gastrodon|Earth Power|p2b: Glimmora\n|-supereffective|p2b: Glimmora\n|-damage|p2b: Glimmora|0 fnt\n|faint|p2b: Glimmora\n|move|p2a: Dondozo|Yawn|p1b: Klefki\n|-start|p1b: Klefki|move: Yawn|[of] p2a: Dondozo\n|\n|-damage|p1a: Gastrodon|95\/100 tox|[from] psn\n|upkeep\n|\n|t:|1682799545\n|switch|p2b: Flutter Mane|Flutter Mane, L50|100\/100\n|-enditem|p2b: Flutter Mane|Booster Energy\n|-activate|p2b: Flutter Mane|ability: Protosynthesis|[fromitem]\n|-start|p2b: Flutter Mane|protosynthesisspe\n|turn|11\n|\n|t:|1682799553\n|move|p2b: Flutter Mane|Protect|p2b: Flutter Mane\n|-singleturn|p2b: Flutter Mane|Protect\n|cant|p2a: Dondozo|par\n|move|p1b: Klefki|Foul Play|p2b: Flutter Mane\n|-activate|p2b: Flutter Mane|move: Protect\n|move|p1a: Gastrodon|Earth Power|p2b: Flutter Mane\n|-activate|p2b: Flutter Mane|move: Protect\n|\n|-damage|p1a: Gastrodon|83\/100 tox|[from] psn\n|-end|p1b: Klefki|move: Yawn|[silent]\n|-status|p1b: Klefki|slp\n|-sideend|p1: Paddy13|Reflect\n|upkeep\n|turn|12\n|\n|t:|1682799571\n|switch|p2a: Tatsugiri|Tatsugiri-Stretchy, L50, M|84\/100 par\n|move|p2b: Flutter Mane|Substitute|p2b: Flutter Mane\n|-start|p2b: Flutter Mane|Substitute\n|-damage|p2b: Flutter Mane|76\/100\n|cant|p1b: Klefki|slp\n|move|p1a: Gastrodon|Earth Power|p2b: Flutter Mane\n|-crit|p2b: Flutter Mane\n|-end|p2b: Flutter Mane|Substitute\n|\n|-damage|p1a: Gastrodon|65\/100 tox|[from] psn\n|upkeep\n|turn|13\n|\n|t:|1682799586\n|-terastallize|p2a: Tatsugiri|Ghost\n|move|p2b: Flutter Mane|Protect|p2b: Flutter Mane\n|-singleturn|p2b: Flutter Mane|Protect\n|cant|p1b: Klefki|slp\n|move|p1a: Gastrodon|Earth Power|p2a: Tatsugiri\n|-damage|p2a: Tatsugiri|53\/100 par\n|move|p2a: Tatsugiri|Tera Blast|p1a: Gastrodon\n|-damage|p1a: Gastrodon|23\/100 tox\n|-enditem|p1a: Gastrodon|Sitrus Berry|[eat]\n|-heal|p1a: Gastrodon|47\/100 tox|[from] item: Sitrus Berry\n|\n|-damage|p1a: Gastrodon|23\/100 tox|[from] psn\n|upkeep\n|turn|14\n|\n|t:|1682799606\n|move|p2b: Flutter Mane|Hex|p1a: Gastrodon\n|-damage|p1a: Gastrodon|0 fnt\n|faint|p1a: Gastrodon\n|-curestatus|p1b: Klefki|slp|[msg]\n|move|p1b: Klefki|Foul Play|p2b: Flutter Mane\n|-damage|p2b: Flutter Mane|55\/100\n|cant|p2a: Tatsugiri|par\n|\n|upkeep\n|turn|15\n|inactive|Paddy13 has 30 seconds left.\n|inactive|Paddy13 has 20 seconds left.\n|inactive|Paddy13 has 15 seconds left.\n|inactive|Paddy13 has 10 seconds left.\n|\n|t:|1682799651\n|switch|p2a: Dondozo|Dondozo, L50, M|69\/100 par\n|move|p2b: Flutter Mane|Protect|p2b: Flutter Mane\n|-singleturn|p2b: Flutter Mane|Protect\n|move|p1b: Klefki|Thunder Wave|p2b: Flutter Mane\n|-activate|p2b: Flutter Mane|move: Protect\n|\n|upkeep\n|turn|16\n|-message|Paddy13 forfeited.\n|\n|win|Kirozvz\n|raw|Paddy13's rating: 1243 → 1225<\/strong> (-18 for losing)\n|raw|Kirozvz's rating: 1344 → 1358<\/strong> (+14 for winning)\n|l|\u2606Paddy13\n","uploadtime":1682799662,"views":13,"p1id":"paddy13","p2id":"kirozvz","formatid":"gen9vgc2023regulationc","rating":1225,"private":0,"password":""}