{"id":"gen9vgc2023regulationc-1848847318","p1":"nicevsnamy","p2":"gimmelamp","format":"[Gen 9] VGC 2023 Regulation C","log":"|j|\u2606nicevsnamy\n|j|\u2606gimmelamp\n|t:|1682117009\n|gametype|doubles\n|player|p1|nicevsnamy|cynthia-gen4|\n|player|p2|gimmelamp|169|\n|teamsize|p1|6\n|teamsize|p2|6\n|gen|9\n|tier|[Gen 9] VGC 2023 Regulation C\n|rule|Species Clause: Limit one of each Pok\u00e9mon\n|rule|Item Clause: Limit one of each item\n|clearpoke\n|poke|p1|Hatterene, L50, F|\n|poke|p1|Torkoal, L50, M|\n|poke|p1|Oranguru, L50, M|\n|poke|p1|Kingambit, L50, M|\n|poke|p1|Hariyama, L50, F|\n|poke|p1|Azumarill, L50, F|\n|poke|p2|Palafin, L50, F|\n|poke|p2|Flutter Mane, L50|\n|poke|p2|Arcanine, L50, M|\n|poke|p2|Amoonguss, L50, F|\n|poke|p2|Ting-Lu, L50|\n|poke|p2|Roaring Moon, L50|\n|teampreview|4\n|j| beta male sonic\n|\n|t:|1682117048\n|start\n|switch|p1a: Oranguru|Oranguru, L50, M|100\/100\n|switch|p1b: Torkoal|Torkoal, L50, M|100\/100\n|switch|p2a: Palafin|Palafin, L50, F|100\/100\n|switch|p2b: Roaring Moon|Roaring Moon, L50|100\/100\n|-weather|SunnyDay|[from] ability: Drought|[of] p1b: Torkoal\n|-activate|p2b: Roaring Moon|ability: Protosynthesis\n|-start|p2b: Roaring Moon|protosynthesisatk\n|turn|1\n|\n|t:|1682117151\n|-terastallize|p1a: Oranguru|Water\n|move|p2b: Roaring Moon|Throat Chop|p1a: Oranguru\n|-damage|p1a: Oranguru|43\/100\n|-start|p1a: Oranguru|Throat Chop|[silent]\n|-enditem|p1a: Oranguru|Sitrus Berry|[eat]\n|-heal|p1a: Oranguru|68\/100|[from] item: Sitrus Berry\n|move|p2a: Palafin|Wave Crash|p1a: Oranguru\n|-resisted|p1a: Oranguru\n|-damage|p1a: Oranguru|56\/100\n|-damage|p2a: Palafin|96\/100|[from] Recoil\n|move|p1b: Torkoal|Eruption|p2a: Palafin|[spread] p2a,p2b\n|-resisted|p2a: Palafin\n|-resisted|p2b: Roaring Moon\n|-damage|p2a: Palafin|43\/100\n|-damage|p2b: Roaring Moon|60\/100\n|move|p1a: Oranguru|Trick Room|p1a: Oranguru\n|-fieldstart|move: Trick Room|[of] p1a: Oranguru\n|\n|-weather|SunnyDay|[upkeep]\n|upkeep\n|turn|2\n|\n|t:|1682117172\n|move|p2a: Palafin|Protect|p2a: Palafin\n|-singleturn|p2a: Palafin|Protect\n|move|p2b: Roaring Moon|Protect|p2b: Roaring Moon\n|-singleturn|p2b: Roaring Moon|Protect\n|move|p1b: Torkoal|Eruption|p2a: Palafin|[spread] \n|-activate|p2a: Palafin|move: Protect\n|-activate|p2b: Roaring Moon|move: Protect\n|move|p1a: Oranguru|Instruct|p1b: Torkoal\n|-singleturn|p1b: Torkoal|move: Instruct|[of] p1a: Oranguru\n|move|p1b: Torkoal|Eruption|p2b: Roaring Moon|[spread] \n|-activate|p2a: Palafin|move: Protect\n|-activate|p2b: Roaring Moon|move: Protect\n|\n|-weather|SunnyDay|[upkeep]\n|-end|p1a: Oranguru|Throat Chop|[silent]\n|upkeep\n|turn|3\n|\n|t:|1682117209\n|move|p2a: Palafin|Jet Punch|p1b: Torkoal\n|-supereffective|p1b: Torkoal\n|-damage|p1b: Torkoal|80\/100\n|move|p1b: Torkoal|Eruption|p2a: Palafin|[spread] p2a,p2b\n|-resisted|p2a: Palafin\n|-resisted|p2b: Roaring Moon\n|-damage|p2a: Palafin|0 fnt\n|-damage|p2b: Roaring Moon|25\/100\n|faint|p2a: Palafin\n|move|p1a: Oranguru|Instruct|p1b: Torkoal\n|-singleturn|p1b: Torkoal|move: Instruct|[of] p1a: Oranguru\n|move|p1b: Torkoal|Eruption|p2b: Roaring Moon\n|-resisted|p2b: Roaring Moon\n|-damage|p2b: Roaring Moon|0 fnt\n|faint|p2b: Roaring Moon\n|-end|p2b: Roaring Moon|Protosynthesis|[silent]\n|\n|-weather|SunnyDay|[upkeep]\n|upkeep\n|j| CopaVGC\n|\n|t:|1682117222\n|switch|p2a: Amoonguss|Amoonguss, L50, F|100\/100\n|switch|p2b: Flutter Mane|Flutter Mane, L50|100\/100\n|-activate|p2b: Flutter Mane|ability: Protosynthesis\n|-start|p2b: Flutter Mane|protosynthesisspe\n|turn|4\n|\n|t:|1682117271\n|move|p1b: Torkoal|Eruption|p2a: Amoonguss|[spread] p2a,p2b\n|-supereffective|p2a: Amoonguss\n|-damage|p2a: Amoonguss|0 fnt\n|-damage|p2b: Flutter Mane|41\/100\n|faint|p2a: Amoonguss\n|move|p1a: Oranguru|Yawn|p2b: Flutter Mane\n|-start|p2b: Flutter Mane|move: Yawn|[of] p1a: Oranguru\n|move|p2b: Flutter Mane|Dazzling Gleam|p1a: Oranguru|[spread] p1a,p1b\n|-resisted|p1b: Torkoal\n|-damage|p1a: Oranguru|25\/100\n|-damage|p1b: Torkoal|51\/100\n|\n|-weather|SunnyDay|[upkeep]\n|upkeep\n|turn|5\n|\n|t:|1682117285\n|move|p1b: Torkoal|Heat Wave|p2b: Flutter Mane\n|-damage|p2b: Flutter Mane|0 fnt\n|faint|p2b: Flutter Mane\n|-end|p2b: Flutter Mane|Protosynthesis|[silent]\n|\n|win|nicevsnamy\n|c|\u2606gimmelamp|gg\n|c|\u2606nicevsnamy|gg\n","uploadtime":1682117298,"views":7,"p1id":"nicevsnamy","p2id":"gimmelamp","formatid":"gen9vgc2023regulationc","rating":0,"private":0,"password":""}