{"id":"gen9vgc2023regulationc-1853401555","p1":"woho","p2":"crespe","format":"[Gen 9] VGC 2023 Regulation C","log":"|j|\u2606woho\n|j|\u2606crespe\n|t:|1682680504\n|gametype|doubles\n|player|p1|woho|alder|1222\n|player|p2|crespe|hiker-gen4|1218\n|teamsize|p1|6\n|teamsize|p2|6\n|gen|9\n|tier|[Gen 9] VGC 2023 Regulation C\n|rated|\n|rule|Species Clause: Limit one of each Pok\u00e9mon\n|rule|Item Clause: Limit one of each item\n|clearpoke\n|poke|p1|Rotom, L50|\n|poke|p1|Orthworm, L50, F|\n|poke|p1|Iron Hands, L50|\n|poke|p1|Gyarados, L50, F|\n|poke|p1|Baxcalibur, L50, F|\n|poke|p1|Amoonguss, L50, F|\n|poke|p2|Skeledirge, L50, M|\n|poke|p2|Grimmsnarl, L50, M|\n|poke|p2|Gyarados, L50, F|\n|poke|p2|Chi-Yu, L50|\n|poke|p2|Toxapex, L50, F|\n|poke|p2|Ceruledge, L50, M|\n|teampreview|4\n|\n|t:|1682680548\n|start\n|switch|p1a: Rishiki|Iron Hands, L50|100\/100\n|switch|p1b: Gyarados|Gyarados, L50, F|100\/100\n|switch|p2a: Chi-Yu|Chi-Yu, L50|100\/100\n|switch|p2b: Grimmsnarl|Grimmsnarl, L50, M|100\/100\n|-ability|p2a: Chi-Yu|Beads of Ruin\n|-ability|p1b: Gyarados|Intimidate|boost\n|-unboost|p2a: Chi-Yu|atk|1\n|-unboost|p2b: Grimmsnarl|atk|1\n|turn|1\n|\n|t:|1682680565\n|move|p2a: Chi-Yu|Protect|p2a: Chi-Yu\n|-singleturn|p2a: Chi-Yu|Protect\n|move|p1a: Rishiki|Fake Out|p2b: Grimmsnarl\n|-damage|p2b: Grimmsnarl|82\/100\n|cant|p2b: Grimmsnarl|flinch\n|move|p1b: Gyarados|Taunt|p2b: Grimmsnarl\n|-start|p2b: Grimmsnarl|move: Taunt\n|\n|upkeep\n|turn|2\n|\n|t:|1682680585\n|move|p2a: Chi-Yu|Nasty Plot|p2a: Chi-Yu\n|-boost|p2a: Chi-Yu|spa|2\n|move|p1b: Gyarados|Thunder Wave|p2b: Grimmsnarl\n|-status|p2b: Grimmsnarl|par\n|move|p1a: Rishiki|Drain Punch|p2a: Chi-Yu\n|-supereffective|p2a: Chi-Yu\n|-enditem|p2a: Chi-Yu|Focus Sash\n|-damage|p2a: Chi-Yu|1\/100\n|move|p2b: Grimmsnarl|Spirit Break|p1a: Rishiki\n|-supereffective|p1a: Rishiki\n|-damage|p1a: Rishiki|72\/100\n|-unboost|p1a: Rishiki|spa|1\n|\n|upkeep\n|turn|3\n|\n|t:|1682680609\n|move|p2a: Chi-Yu|Protect|p2a: Chi-Yu\n|-singleturn|p2a: Chi-Yu|Protect\n|move|p1b: Gyarados|Waterfall|p2a: Chi-Yu\n|-activate|p2a: Chi-Yu|move: Protect\n|move|p1a: Rishiki|Wild Charge|p2b: Grimmsnarl\n|-damage|p2b: Grimmsnarl|24\/100 par\n|-damage|p1a: Rishiki|60\/100|[from] Recoil\n|move|p2b: Grimmsnarl|Spirit Break|p1b: Gyarados\n|-damage|p1b: Gyarados|78\/100\n|-unboost|p1b: Gyarados|spa|1\n|\n|upkeep\n|turn|4\n|\n|t:|1682680641\n|switch|p2b: Toxapex|Toxapex, L50, F|100\/100\n|move|p2a: Chi-Yu|Heat Wave|p1a: Rishiki|[spread] p1a,p1b\n|-resisted|p1b: Gyarados\n|-damage|p1a: Rishiki|0 fnt\n|-damage|p1b: Gyarados|46\/100\n|faint|p1a: Rishiki\n|-end|p1a: Rishiki|Quark Drive|[silent]\n|move|p1b: Gyarados|Waterfall|p2a: Chi-Yu\n|-supereffective|p2a: Chi-Yu\n|-damage|p2a: Chi-Yu|0 fnt\n|faint|p2a: Chi-Yu\n|\n|upkeep\n|\n|t:|1682680653\n|switch|p2a: Grimmsnarl|Grimmsnarl, L50, M|24\/100 par\n|switch|p1a: Orthworm|Orthworm, L50, F|100\/100\n|turn|5\n|\n|t:|1682680664\n|move|p2a: Grimmsnarl|Thunder Wave|p1a: Orthworm\n|-status|p1a: Orthworm|par\n|move|p1b: Gyarados|Taunt|p2b: Toxapex\n|-start|p2b: Toxapex|move: Taunt\n|cant|p2b: Toxapex|move: Taunt|Toxic\n|move|p1a: Orthworm|Shed Tail|p1a: Orthworm\n|-start|p1a: Orthworm|Substitute|[from] move: Shed Tail\n|-damage|p1a: Orthworm|50\/100 par\n|-enditem|p1a: Orthworm|Sitrus Berry|[eat]\n|-heal|p1a: Orthworm|75\/100 par|[from] item: Sitrus Berry\n|\n|t:|1682680674\n|switch|p1a: Baxcalibur|Baxcalibur, L50, F|100\/100|[from] Shed Tail\n|\n|upkeep\n|turn|6\n|\n|t:|1682680688\n|-terastallize|p1a: Baxcalibur|Ground\n|move|p1a: Baxcalibur|Earthquake|p2a: Grimmsnarl|[spread] p2a,p2b\n|-immune|p1b: Gyarados\n|-supereffective|p2b: Toxapex\n|-damage|p2a: Grimmsnarl|0 fnt\n|-damage|p2b: Toxapex|24\/100\n|faint|p2a: Grimmsnarl\n|-damage|p1a: Baxcalibur|91\/100|[from] item: Life Orb\n|move|p1b: Gyarados|Waterfall|p2b: Toxapex\n|-resisted|p2b: Toxapex\n|-damage|p2b: Toxapex|13\/100\n|cant|p2b: Toxapex|flinch\n|\n|-heal|p2b: Toxapex|18\/100|[from] item: Black Sludge\n|upkeep\n|\n|t:|1682680694\n|switch|p2a: Skeledirge|Skeledirge, L50, M|100\/100\n|turn|7\n|\n|t:|1682680706\n|-terastallize|p2a: Skeledirge|Poison\n|move|p1a: Baxcalibur|Earthquake|p2b: Toxapex|[spread] p2a,p2b\n|-immune|p1b: Gyarados\n|-supereffective|p2a: Skeledirge\n|-supereffective|p2b: Toxapex\n|-damage|p2a: Skeledirge|0 fnt\n|-damage|p2b: Toxapex|0 fnt\n|faint|p2a: Skeledirge\n|faint|p2b: Toxapex\n|-damage|p1a: Baxcalibur|81\/100|[from] item: Life Orb\n|\n|win|woho\n|raw|woho's rating: 1222 → 1247<\/strong> (+25 for winning)\n|raw|crespe's rating: 1218 → 1193<\/strong> (-25 for losing)\n|l|\u2606crespe\n","uploadtime":1682680725,"views":6,"p1id":"woho","p2id":"crespe","formatid":"gen9vgc2023regulationc","rating":1193,"private":0,"password":""}