{"id":"gen9vgc2023regulationc-1851678572","p1":"fttrdhyg","p2":"Abe_sapiens","format":"[Gen 9] VGC 2023 Regulation C","log":"|j|\u2606fttrdhyg\n|j|\u2606Abe_sapiens\n|t:|1682468934\n|gametype|doubles\n|player|p1|fttrdhyg|169|1000\n|player|p2|Abe_sapiens|ghetsis|1016\n|teamsize|p1|6\n|teamsize|p2|6\n|gen|9\n|tier|[Gen 9] VGC 2023 Regulation C\n|rated|\n|rule|Species Clause: Limit one of each Pok\u00e9mon\n|rule|Item Clause: Limit one of each item\n|clearpoke\n|poke|p1|Iron Hands, L50|\n|poke|p1|Amoonguss, L50, M|\n|poke|p1|Dragonite, L50, F|\n|poke|p1|Chien-Pao, L50|\n|poke|p1|Palafin, L50, F|\n|poke|p1|Salamence, L50, M|\n|poke|p2|Stonjourner, L50, F|\n|poke|p2|Flutter Mane, L50|\n|poke|p2|Chi-Yu, L50|\n|poke|p2|Gyarados, L50, F|\n|poke|p2|Wo-Chien, L50|\n|poke|p2|Volcarona, L50, F|\n|teampreview|4\n|inactive|Battle timer is ON: inactive players will automatically lose when time's up. (requested by Abe_sapiens)\n|inactive|Abe_sapiens has 60 seconds left.\n|\n|t:|1682468966\n|start\n|switch|p1a: Palafin|Palafin, L50, F|100\/100\n|switch|p1b: Iron Hands|Iron Hands, L50|100\/100\n|switch|p2a: Volcarona|Volcarona, L50, F|100\/100\n|switch|p2b: Chi-Yu|Chi-Yu, L50|100\/100\n|-ability|p2b: Chi-Yu|Beads of Ruin\n|turn|1\n|inactive|Abe_sapiens has 30 seconds left.\n|\n|t:|1682468993\n|detailschange|p1a: Palafin|Palafin-Hero, L50, F\n|switch|p1a: Salamence|Salamence, L50, M|100\/100\n|-ability|p1a: Salamence|Intimidate|boost\n|-unboost|p2a: Volcarona|atk|1\n|-unboost|p2b: Chi-Yu|atk|1\n|-terastallize|p2a: Volcarona|Grass\n|move|p1b: Iron Hands|Fake Out|p2a: Volcarona\n|-crit|p2a: Volcarona\n|-damage|p2a: Volcarona|80\/100\n|-damage|p1b: Iron Hands|84\/100|[from] item: Rocky Helmet|[of] p2a: Volcarona\n|move|p2b: Chi-Yu|Dark Pulse|p1a: Salamence\n|-damage|p1a: Salamence|34\/100\n|-enditem|p1a: Salamence|Eject Button\n|\n|t:|1682469006\n|switch|p1a: Palafin|Palafin-Hero, L50, F|100\/100\n|-activate|p1a: Palafin|ability: Zero to Hero\n|cant|p2a: Volcarona|flinch\n|\n|upkeep\n|turn|2\n|\n|t:|1682469028\n|move|p1a: Palafin|Jet Punch|p2b: Chi-Yu\n|-supereffective|p2b: Chi-Yu\n|-damage|p2b: Chi-Yu|0 fnt\n|faint|p2b: Chi-Yu\n|move|p2a: Volcarona|Tailwind|p2a: Volcarona\n|-sidestart|p2: Abe_sapiens|move: Tailwind\n|move|p1b: Iron Hands|Volt Switch|p2a: Volcarona\n|-resisted|p2a: Volcarona\n|-damage|p2a: Volcarona|74\/100\n|\n|t:|1682469037\n|-end|p1b: Iron Hands|Quark Drive|[silent]\n|switch|p1b: Dragonite|Dragonite, L50, F|100\/100|[from] Volt Switch\n|\n|upkeep\n|\n|t:|1682469043\n|switch|p2b: Gyarados|Gyarados, L50, F|100\/100\n|-ability|p2b: Gyarados|Intimidate|boost\n|-unboost|p1a: Palafin|atk|1\n|-unboost|p1b: Dragonite|atk|1\n|turn|3\n|\n|t:|1682469057\n|switch|p1b: Salamence|Salamence, L50, M|34\/100\n|-ability|p1b: Salamence|Intimidate|boost\n|-unboost|p2a: Volcarona|atk|1\n|-fail|p2b: Gyarados|unboost|[from] item: Clear Amulet|[of] p2b: Gyarados\n|move|p2b: Gyarados|Dragon Dance|p2b: Gyarados\n|-boost|p2b: Gyarados|atk|1\n|-boost|p2b: Gyarados|spe|1\n|move|p2a: Volcarona|Giga Drain|p1a: Palafin\n|-supereffective|p1a: Palafin\n|-damage|p1a: Palafin|28\/100\n|-heal|p2a: Volcarona|100\/100|[from] drain|[of] p1a: Palafin\n|move|p1a: Palafin|Ice Punch|p2a: Volcarona\n|-supereffective|p2a: Volcarona\n|-damage|p2a: Volcarona|55\/100\n|-damage|p1a: Palafin|11\/100|[from] item: Rocky Helmet|[of] p2a: Volcarona\n|\n|upkeep\n|turn|4\n|inactive|Abe_sapiens has 30 seconds left.\n|inactive|Abe_sapiens has 20 seconds left.\n|inactive|Abe_sapiens has 15 seconds left.\n|\n|t:|1682469099\n|switch|p1a: Iron Hands|Iron Hands, L50|84\/100\n|move|p2a: Volcarona|Rage Powder|p2a: Volcarona\n|-singleturn|p2a: Volcarona|move: Rage Powder\n|move|p2b: Gyarados|Waterfall|p1b: Salamence\n|-resisted|p1b: Salamence\n|-damage|p1b: Salamence|0 fnt\n|faint|p1b: Salamence\n|\n|upkeep\n|\n|t:|1682469110\n|switch|p1b: Dragonite|Dragonite, L50, F|100\/100\n|turn|5\n|\n|t:|1682469124\n|move|p2a: Volcarona|Rage Powder|p2a: Volcarona\n|-singleturn|p2a: Volcarona|move: Rage Powder\n|move|p2b: Gyarados|Waterfall|p1a: Iron Hands\n|-damage|p1a: Iron Hands|40\/100\n|move|p1b: Dragonite|Dragon Claw|p2a: Volcarona\n|-damage|p2a: Volcarona|11\/100\n|-damage|p1b: Dragonite|84\/100|[from] item: Rocky Helmet|[of] p2a: Volcarona\n|move|p1a: Iron Hands|Thunder Punch|p2a: Volcarona\n|-resisted|p2a: Volcarona\n|-damage|p2a: Volcarona|0 fnt\n|-damage|p1a: Iron Hands|24\/100|[from] item: Rocky Helmet|[of] p2a: Volcarona\n|faint|p2a: Volcarona\n|\n|-sideend|p2: Abe_sapiens|move: Tailwind\n|upkeep\n|\n|t:|1682469137\n|switch|p2a: Stonjourner|Stonjourner, L50, F|100\/100\n|turn|6\n|\n|t:|1682469155\n|-terastallize|p1a: Iron Hands|Grass\n|move|p2b: Gyarados|Waterfall|p1a: Iron Hands\n|-resisted|p1a: Iron Hands\n|-damage|p1a: Iron Hands|0 fnt\n|faint|p1a: Iron Hands\n|-end|p1a: Iron Hands|Quark Drive|[silent]\n|move|p2a: Stonjourner|Rock Slide|p1b: Dragonite\n|-supereffective|p1b: Dragonite\n|-damage|p1b: Dragonite|0 fnt\n|faint|p1b: Dragonite\n|\n|upkeep\n|\n|t:|1682469165\n|switch|p1b: Palafin|Palafin-Hero, L50, F|11\/100\n|turn|7\n|inactive|fttrdhyg has 30 seconds left.\n|inactive|fttrdhyg has 20 seconds left.\n|inactive|fttrdhyg has 15 seconds left.\n|inactive|fttrdhyg has 10 seconds left.\n|inactive|fttrdhyg has 5 seconds left.\n|l|\u2606fttrdhyg\n|inactive|fttrdhyg disconnected and has a minute to reconnect!\n|player|p1|\n|-message|fttrdhyg lost due to inactivity.\n|\n|win|Abe_sapiens\n|raw|fttrdhyg's rating: 1000 → 1000<\/strong> (+0 for losing)\n|raw|Abe_sapiens's rating: 1016 → 1052<\/strong> (+36 for winning)\n","uploadtime":1682469224,"views":15,"p1id":"fttrdhyg","p2id":"abesapiens","formatid":"gen9vgc2023regulationc","rating":1000,"private":0,"password":""}