{"id":"gen9vgc2023regulationc-1856011996","p1":"DITO_555","p2":"Sugarmaru","format":"[Gen 9] VGC 2023 Regulation C","log":"|j|\u203dDITO_555\n|j|\u2606Sugarmaru\n|t:|1683016957\n|gametype|doubles\n|player|p1|DITO_555|cynthia|1145\n|player|p2|Sugarmaru|dawn|1213\n|teamsize|p1|6\n|teamsize|p2|6\n|gen|9\n|tier|[Gen 9] VGC 2023 Regulation C\n|rated|\n|rule|Species Clause: Limit one of each Pok\u00e9mon\n|rule|Item Clause: Limit one of each item\n|clearpoke\n|poke|p1|Orthworm, L50, F|\n|poke|p1|Dragonite, L50, M|\n|poke|p1|Ting-Lu, L50|\n|poke|p1|Gyarados, L50, F|\n|poke|p1|Flutter Mane, L50|\n|poke|p1|Chien-Pao, L50|\n|poke|p2|Vivillon-Ocean, L50, M|\n|poke|p2|Chi-Yu, L50|\n|poke|p2|Flutter Mane, L50|\n|poke|p2|Brute Bonnet, L50|\n|poke|p2|Iron Hands, L50|\n|poke|p2|Garchomp, L50, F|\n|teampreview|4\n|\n|t:|1683016997\n|start\n|switch|p1a: Gyarados|Gyarados, L50, F|100\/100\n|switch|p1b: Orthworm|Orthworm, L50, F|100\/100\n|switch|p2a: Vivillon|Vivillon-Ocean, L50, M|100\/100\n|switch|p2b: Chi-Yu|Chi-Yu, L50|100\/100\n|-ability|p2b: Chi-Yu|Beads of Ruin\n|-ability|p1a: Gyarados|Intimidate|boost\n|-unboost|p2a: Vivillon|atk|1\n|-unboost|p2b: Chi-Yu|atk|1\n|turn|1\n|\n|t:|1683017014\n|switch|p2b: Iron Hands|Iron Hands, L50|100\/100\n|-terastallize|p1b: Orthworm|Fire\n|move|p2a: Vivillon|Tailwind|p2a: Vivillon\n|-sidestart|p2: Sugarmaru|move: Tailwind\n|move|p1a: Gyarados|Taunt|p2a: Vivillon\n|-start|p2a: Vivillon|move: Taunt\n|move|p1b: Orthworm|Heavy Slam|p2a: Vivillon\n|-damage|p2a: Vivillon|33\/100\n|\n|upkeep\n|turn|2\n|inactive|Battle timer is ON: inactive players will automatically lose when time's up. (requested by DITO_555)\n|inactive|Sugarmaru has 60 seconds left.\n|\n|t:|1683017050\n|move|p2b: Iron Hands|Fake Out|p1b: Orthworm\n|-damage|p1b: Orthworm|89\/100\n|move|p2a: Vivillon|Pollen Puff|p1a: Gyarados\n|-resisted|p1a: Gyarados\n|-damage|p1a: Gyarados|85\/100\n|move|p1a: Gyarados|Taunt|p2b: Iron Hands\n|-start|p2b: Iron Hands|move: Taunt\n|cant|p1b: Orthworm|flinch\n|\n|upkeep\n|turn|3\n|inactive|DITO_555 has 30 seconds left.\n|inactive|Sugarmaru has 30 seconds left.\n|inactive|DITO_555 has 20 seconds left.\n|inactive|Sugarmaru has 20 seconds left.\n|\n|t:|1683017089\n|move|p2a: Vivillon|Pollen Puff|p1a: Gyarados\n|-resisted|p1a: Gyarados\n|-damage|p1a: Gyarados|70\/100\n|move|p2b: Iron Hands|Drain Punch|p1b: Orthworm\n|-damage|p1b: Orthworm|56\/100\n|move|p1a: Gyarados|Bulldoze|p2b: Iron Hands|[spread] p2b\n|-heal|p1b: Orthworm|81\/100|[from] ability: Earth Eater|[of] p1a: Gyarados\n|-immune|p2a: Vivillon\n|-supereffective|p2b: Iron Hands\n|-damage|p2b: Iron Hands|87\/100\n|-unboost|p2b: Iron Hands|spe|1\n|move|p1b: Orthworm|Heavy Slam|p2a: Vivillon\n|-damage|p2a: Vivillon|0 fnt\n|faint|p2a: Vivillon\n|\n|upkeep\n|\n|t:|1683017109\n|switch|p2a: Flutter Mane|Flutter Mane, L50|100\/100\n|-enditem|p2a: Flutter Mane|Booster Energy\n|-activate|p2a: Flutter Mane|ability: Protosynthesis|[fromitem]\n|-start|p2a: Flutter Mane|protosynthesisspe\n|turn|4\n|\n|t:|1683017122\n|move|p2a: Flutter Mane|Protect|p2a: Flutter Mane\n|-singleturn|p2a: Flutter Mane|Protect\n|move|p1a: Gyarados|Thunder Wave|p2a: Flutter Mane\n|-activate|p2a: Flutter Mane|move: Protect\n|move|p2b: Iron Hands|Thunder Punch|p1a: Gyarados\n|-supereffective|p1a: Gyarados\n|-damage|p1a: Gyarados|0 fnt\n|faint|p1a: Gyarados\n|move|p1b: Orthworm|Heavy Slam|p2a: Flutter Mane\n|-activate|p2a: Flutter Mane|move: Protect\n|\n|-sideend|p2: Sugarmaru|move: Tailwind\n|upkeep\n|\n|t:|1683017126\n|switch|p1a: Chien-Pao|Chien-Pao, L50|100\/100\n|-ability|p1a: Chien-Pao|Sword of Ruin\n|turn|5\n|inactive|Sugarmaru has 30 seconds left.\n|\n|t:|1683017156\n|move|p1a: Chien-Pao|Protect|p1a: Chien-Pao\n|-singleturn|p1a: Chien-Pao|Protect\n|move|p2a: Flutter Mane|Moonblast|p1a: Chien-Pao\n|-activate|p1a: Chien-Pao|move: Protect\n|move|p1b: Orthworm|Shed Tail|p1b: Orthworm\n|-start|p1b: Orthworm|Substitute|[from] move: Shed Tail\n|-damage|p1b: Orthworm|31\/100\n|-enditem|p1b: Orthworm|Sitrus Berry|[eat]\n|-heal|p1b: Orthworm|56\/100|[from] item: Sitrus Berry\n|\n|t:|1683017164\n|switch|p1b: Flutter Mane|Flutter Mane, L50|100\/100|[from] Shed Tail\n|move|p2b: Iron Hands|Drain Punch|p1b: Flutter Mane\n|-immune|p1b: Flutter Mane\n|\n|-end|p2b: Iron Hands|move: Taunt\n|upkeep\n|turn|6\n|\n|t:|1683017183\n|move|p2a: Flutter Mane|Protect|p2a: Flutter Mane\n|-singleturn|p2a: Flutter Mane|Protect\n|move|p1a: Chien-Pao|Sucker Punch||[still]\n|-fail|p1a: Chien-Pao\n|move|p1b: Flutter Mane|Moonblast|p2b: Iron Hands\n|-supereffective|p2b: Iron Hands\n|-damage|p2b: Iron Hands|6\/100\n|move|p2b: Iron Hands|Thunder Punch|p1b: Flutter Mane\n|-crit|p1b: Flutter Mane\n|-end|p1b: Flutter Mane|Substitute\n|\n|upkeep\n|turn|7\n|inactive|Sugarmaru has 30 seconds left.\n|\n|t:|1683017211\n|-terastallize|p2a: Flutter Mane|Grass\n|move|p1a: Chien-Pao|Sucker Punch|p2a: Flutter Mane\n|-damage|p2a: Flutter Mane|31\/100\n|move|p2a: Flutter Mane|Shadow Ball|p1b: Flutter Mane\n|-supereffective|p1b: Flutter Mane\n|-damage|p1b: Flutter Mane|16\/100\n|-unboost|p1b: Flutter Mane|spd|1\n|move|p1b: Flutter Mane|Moonblast|p2b: Iron Hands\n|-supereffective|p2b: Iron Hands\n|-damage|p2b: Iron Hands|0 fnt\n|faint|p2b: Iron Hands\n|-end|p2b: Iron Hands|Quark Drive|[silent]\n|\n|upkeep\n|\n|t:|1683017226\n|switch|p2b: Chi-Yu|Chi-Yu, L50|100\/100\n|-ability|p2b: Chi-Yu|Beads of Ruin\n|turn|8\n|\n|t:|1683017235\n|move|p2a: Flutter Mane|Protect|p2a: Flutter Mane\n|-singleturn|p2a: Flutter Mane|Protect\n|move|p1a: Chien-Pao|Sucker Punch|p2b: Chi-Yu\n|-resisted|p2b: Chi-Yu\n|-damage|p2b: Chi-Yu|70\/100\n|move|p1b: Flutter Mane|Moonblast|p2b: Chi-Yu\n|-damage|p2b: Chi-Yu|5\/100\n|-enditem|p2b: Chi-Yu|Sitrus Berry|[eat]\n|-heal|p2b: Chi-Yu|30\/100|[from] item: Sitrus Berry\n|move|p2b: Chi-Yu|Heat Wave|p1a: Chien-Pao|[spread] p1a\n|-miss|p2b: Chi-Yu|p1b: Flutter Mane\n|-supereffective|p1a: Chien-Pao\n|-enditem|p1a: Chien-Pao|Focus Sash\n|-damage|p1a: Chien-Pao|1\/100\n|-status|p1a: Chien-Pao|brn\n|\n|-damage|p1a: Chien-Pao|0 fnt|[from] brn\n|faint|p1a: Chien-Pao\n|upkeep\n|\n|t:|1683017240\n|switch|p1a: Orthworm|Orthworm, L50, F, tera:Fire|56\/100\n|turn|9\n|inactive|Sugarmaru has 30 seconds left.\n|\n|t:|1683017273\n|move|p2a: Flutter Mane|Shadow Ball|p1b: Flutter Mane\n|-supereffective|p1b: Flutter Mane\n|-damage|p1b: Flutter Mane|0 fnt\n|faint|p1b: Flutter Mane\n|-end|p1b: Flutter Mane|Protosynthesis|[silent]\n|move|p2b: Chi-Yu|Tera Blast|p1a: Orthworm\n|-damage|p1a: Orthworm|12\/100\n|move|p1a: Orthworm|Heavy Slam|p2a: Flutter Mane\n|-damage|p2a: Flutter Mane|0 fnt\n|faint|p2a: Flutter Mane\n|-end|p2a: Flutter Mane|Protosynthesis|[silent]\n|\n|upkeep\n|turn|10\n|\n|t:|1683017286\n|move|p2b: Chi-Yu|Tera Blast|p1a: Orthworm\n|-damage|p1a: Orthworm|0 fnt\n|faint|p1a: Orthworm\n|\n|win|Sugarmaru\n|raw|DITO_555's rating: 1145 → 1125<\/strong> (-20 for losing)\n|raw|Sugarmaru's rating: 1213 → 1233<\/strong> (+20 for winning)\n|l|\u203dDITO_555\n","uploadtime":1683017313,"views":15,"p1id":"dito555","p2id":"sugarmaru","formatid":"gen9vgc2023regulationc","rating":1125,"private":0,"password":""}