{"id":"gen9vgc2023regulationc-1857195409","p1":"i wanna test lmao","p2":"Roshu","format":"[Gen 9] VGC 2023 Regulation C","log":"|j|\u2606i wanna test lmao\n|j|\u2606Roshu\n|t:|1683156569\n|gametype|doubles\n|player|p1|i wanna test lmao|youngcouple|1442\n|player|p2|Roshu|pokemonbreeder|1308\n|teamsize|p1|6\n|teamsize|p2|6\n|gen|9\n|tier|[Gen 9] VGC 2023 Regulation C\n|rated|\n|rule|Species Clause: Limit one of each Pok\u00e9mon\n|rule|Item Clause: Limit one of each item\n|clearpoke\n|poke|p1|Glimmora, L50, F|\n|poke|p1|Dondozo, L50, M|\n|poke|p1|Tatsugiri, L50, F|\n|poke|p1|Talonflame, L50, F|\n|poke|p1|Chi-Yu, L50|\n|poke|p1|Flutter Mane, L50|\n|poke|p2|Orthworm, L50, F|\n|poke|p2|Garchomp, L50, M|\n|poke|p2|Hippowdon, L50, F|\n|poke|p2|Toedscruel, L50, M|\n|poke|p2|Gastrodon-East, L50, M|\n|poke|p2|Ting-Lu, L50|\n|teampreview|4\n|inactive|Battle timer is ON: inactive players will automatically lose when time's up. (requested by Roshu)\n|\n|t:|1683156599\n|start\n|switch|p1a: Dondozo|Dondozo, L50, M|100\/100\n|switch|p1b: Chi-Yu|Chi-Yu, L50|100\/100\n|switch|p2a: Casper|Garchomp, L50, M|100\/100\n|switch|p2b: Shiny|Hippowdon, L50, F|100\/100\n|-ability|p1b: Chi-Yu|Beads of Ruin\n|-weather|Sandstorm|[from] ability: Sand Stream|[of] p2b: Shiny\n|turn|1\n|\n|t:|1683156623\n|switch|p1b: Tatsugiri|Tatsugiri, L50, F|100\/100\n|-activate|p1b: Tatsugiri|ability: Commander|[of] p1a: Dondozo\n|-boost|p1a: Dondozo|atk|2\n|-boost|p1a: Dondozo|spa|2\n|-boost|p1a: Dondozo|spe|2\n|-boost|p1a: Dondozo|def|2\n|-boost|p1a: Dondozo|spd|2\n|move|p1a: Dondozo|Wave Crash|p2b: Shiny\n|-supereffective|p2b: Shiny\n|-damage|p2b: Shiny|0 fnt\n|faint|p2b: Shiny\n|-damage|p1a: Dondozo|69\/100|[from] Recoil\n|-damage|p1a: Dondozo|59\/100|[from] item: Life Orb\n|move|p2a: Casper|Rock Slide|p1a: Dondozo|[spread] p1a\n|-miss|p2a: Casper|p1b: Tatsugiri\n|-damage|p1a: Dondozo|52\/100\n|\n|-weather|Sandstorm|[upkeep]\n|-damage|p1b: Tatsugiri|95\/100|[from] Sandstorm\n|-damage|p1a: Dondozo|46\/100|[from] Sandstorm\n|upkeep\n|\n|t:|1683156639\n|switch|p2b: Brazil|Gastrodon-East, L50, M|100\/100\n|turn|2\n|\n|t:|1683156647\n|move|p1a: Dondozo|Protect|p1a: Dondozo\n|-singleturn|p1a: Dondozo|Protect\n|move|p2a: Casper|Swords Dance|p2a: Casper\n|-boost|p2a: Casper|atk|2\n|move|p2b: Brazil|Clear Smog|p1a: Dondozo\n|-activate|p1a: Dondozo|move: Protect\n|\n|-weather|Sandstorm|[upkeep]\n|-damage|p1b: Tatsugiri|89\/100|[from] Sandstorm\n|-damage|p1a: Dondozo|40\/100|[from] Sandstorm\n|upkeep\n|turn|3\n|\n|t:|1683156657\n|-terastallize|p1a: Dondozo|Grass\n|move|p2a: Casper|Protect|p2a: Casper\n|-singleturn|p2a: Casper|Protect\n|move|p1a: Dondozo|Tera Blast|p2b: Brazil\n|-supereffective|p2b: Brazil\n|-enditem|p2b: Brazil|Rindo Berry|[eat]\n|-enditem|p2b: Brazil|Rindo Berry|[weaken]\n|-damage|p2b: Brazil|0 fnt\n|faint|p2b: Brazil\n|-damage|p1a: Dondozo|30\/100|[from] item: Life Orb\n|\n|-weather|Sandstorm|[upkeep]\n|-damage|p1b: Tatsugiri|84\/100|[from] Sandstorm\n|-damage|p1a: Dondozo|24\/100|[from] Sandstorm\n|upkeep\n|\n|t:|1683156663\n|switch|p2b: The ting goes|Ting-Lu, L50|100\/100\n|-ability|p2b: The ting goes|Vessel of Ruin\n|turn|4\n|\n|t:|1683156674\n|-terastallize|p2b: The ting goes|Ghost\n|move|p1a: Dondozo|Protect|p1a: Dondozo\n|-singleturn|p1a: Dondozo|Protect\n|move|p2a: Casper|Rock Slide|p1a: Dondozo|[spread] \n|-miss|p2a: Casper|p1b: Tatsugiri\n|-activate|p1a: Dondozo|move: Protect\n|move|p2b: The ting goes|Stomping Tantrum|p1a: Dondozo\n|-activate|p1a: Dondozo|move: Protect\n|\n|-weather|Sandstorm|[upkeep]\n|-damage|p1b: Tatsugiri|78\/100|[from] Sandstorm\n|-damage|p1a: Dondozo|18\/100|[from] Sandstorm\n|-damage|p2b: The ting goes|94\/100|[from] Sandstorm\n|upkeep\n|turn|5\n|\n|t:|1683156690\n|move|p2a: Casper|Protect|p2a: Casper\n|-singleturn|p2a: Casper|Protect\n|move|p1a: Dondozo|Earthquake|p2b: The ting goes|[spread] p2b\n|-miss|p1a: Dondozo|p1b: Tatsugiri\n|-activate|p2a: Casper|move: Protect\n|-damage|p2b: The ting goes|62\/100\n|-damage|p1a: Dondozo|8\/100|[from] item: Life Orb\n|move|p2b: The ting goes|Stomping Tantrum|p1a: Dondozo\n|-resisted|p1a: Dondozo\n|-damage|p1a: Dondozo|1\/100\n|\n|-weather|Sandstorm|[upkeep]\n|-damage|p1b: Tatsugiri|73\/100|[from] Sandstorm\n|-damage|p1a: Dondozo|0 fnt|[from] Sandstorm\n|-damage|p2b: The ting goes|55\/100|[from] Sandstorm\n|faint|p1a: Dondozo\n|upkeep\n|\n|t:|1683156695\n|switch|p1a: Flutter Mane|Flutter Mane, L50|100\/100\n|-enditem|p1a: Flutter Mane|Booster Energy\n|-activate|p1a: Flutter Mane|ability: Protosynthesis|[fromitem]\n|-start|p1a: Flutter Mane|protosynthesisspa\n|turn|6\n|\n|t:|1683156705\n|move|p1a: Flutter Mane|Protect|p1a: Flutter Mane\n|-singleturn|p1a: Flutter Mane|Protect\n|move|p1b: Tatsugiri|Icy Wind|p2a: Casper|[spread] p2a,p2b\n|-supereffective|p2a: Casper\n|-damage|p2a: Casper|59\/100\n|-damage|p2b: The ting goes|50\/100\n|-unboost|p2a: Casper|spe|1\n|-unboost|p2b: The ting goes|spe|1\n|move|p2a: Casper|Rock Slide|p1a: Flutter Mane|[spread] p1b\n|-activate|p1a: Flutter Mane|move: Protect\n|-damage|p1b: Tatsugiri|2\/100\n|move|p2b: The ting goes|Heavy Slam|p1a: Flutter Mane\n|-activate|p1a: Flutter Mane|move: Protect\n|\n|-weather|Sandstorm|[upkeep]\n|-damage|p1b: Tatsugiri|0 fnt|[from] Sandstorm\n|-damage|p1a: Flutter Mane|95\/100|[from] Sandstorm\n|-damage|p2b: The ting goes|44\/100|[from] Sandstorm\n|faint|p1b: Tatsugiri\n|upkeep\n|\n|t:|1683156716\n|switch|p1b: Chi-Yu|Chi-Yu, L50|100\/100\n|-ability|p1b: Chi-Yu|Beads of Ruin\n|turn|7\n|\n|t:|1683156722\n|move|p1b: Chi-Yu|Heat Wave|p2a: Casper|[spread] p2b\n|-miss|p1b: Chi-Yu|p2a: Casper\n|-damage|p2b: The ting goes|23\/100\n|move|p1a: Flutter Mane|Dazzling Gleam|p2a: Casper|[spread] p2b\n|-miss|p1a: Flutter Mane|p2a: Casper\n|-damage|p2b: The ting goes|1\/100\n|move|p2a: Casper|Rock Slide|p1a: Flutter Mane|[spread] p1a,p1b\n|-supereffective|p1b: Chi-Yu\n|-damage|p1a: Flutter Mane|43\/100\n|-enditem|p1b: Chi-Yu|Focus Sash\n|-damage|p1b: Chi-Yu|1\/100\n|move|p2b: The ting goes|Heavy Slam|p1a: Flutter Mane\n|-supereffective|p1a: Flutter Mane\n|-damage|p1a: Flutter Mane|0 fnt\n|faint|p1a: Flutter Mane\n|-end|p1a: Flutter Mane|Protosynthesis|[silent]\n|\n|-weather|Sandstorm|[upkeep]\n|-damage|p1b: Chi-Yu|0 fnt|[from] Sandstorm\n|-damage|p2b: The ting goes|0 fnt|[from] Sandstorm\n|faint|p1b: Chi-Yu\n|faint|p2b: The ting goes\n|\n|win|Roshu\n|upkeep\n|raw|i wanna test lmao's rating: 1442 → 1415<\/strong> (-27 for losing)\n|raw|Roshu's rating: 1308 → 1335<\/strong> (+27 for winning)\n|l|\u2606i wanna test lmao\n","uploadtime":1683156753,"views":7,"p1id":"iwannatestlmao","p2id":"roshu","formatid":"gen9vgc2023regulationc","rating":1335,"private":0,"password":""}