{"id":"gen9vgc2023regulationc-1864112826","p1":"R13974682","p2":"0308Joshua","format":"[Gen 9] VGC 2023 Regulation C","log":"|j|\u2606R13974682\n|j|\u26060308Joshua\n|t:|1684119226\n|gametype|doubles\n|player|p1|R13974682|265|1293\n|player|p2|0308Joshua|wallace|1297\n|teamsize|p1|6\n|teamsize|p2|6\n|gen|9\n|tier|[Gen 9] VGC 2023 Regulation C\n|rated|\n|rule|Species Clause: Limit one of each Pok\u00e9mon\n|rule|Item Clause: Limit one of each item\n|clearpoke\n|poke|p1|Torkoal, L50, M|\n|poke|p1|Amoonguss, L50, F|\n|poke|p1|Bronzong, L50|\n|poke|p1|Chi-Yu, L50|\n|poke|p1|Farigiraf, L50, F|\n|poke|p1|Coalossal, L50, M|\n|poke|p2|Glimmora, L50, M|\n|poke|p2|Chi-Yu, L50|\n|poke|p2|Flutter Mane, L50|\n|poke|p2|Iron Bundle, L50|\n|poke|p2|Dondozo, L50, F|\n|poke|p2|Tatsugiri, L50, F|\n|teampreview|4\n0308Joshua has agreed to open team sheets.\n|\n|t:|1684119255\n|start\n|switch|p1a: Amoonguss|Amoonguss, L50, F|100\/100\n|switch|p1b: Bronzong|Bronzong, L50|100\/100\n|switch|p2a: Chi-Yu|Chi-Yu, L50|100\/100\n|switch|p2b: Flutter Mane|Flutter Mane, L50, shiny|100\/100\n|-ability|p2a: Chi-Yu|Beads of Ruin\n|turn|1\n|\n|t:|1684119271\n|-terastallize|p1b: Bronzong|Fire\n|move|p1a: Amoonguss|Protect|p1a: Amoonguss\n|-singleturn|p1a: Amoonguss|Protect\n|move|p2b: Flutter Mane|Dazzling Gleam|p1a: Amoonguss|[spread] p1b\n|-activate|p1a: Amoonguss|move: Protect\n|-resisted|p1b: Bronzong\n|-damage|p1b: Bronzong|82\/100\n|-damage|p2b: Flutter Mane|91\/100|[from] item: Life Orb\n|move|p2a: Chi-Yu|Heat Wave|p1b: Bronzong|[spread] p1b\n|-activate|p1a: Amoonguss|move: Protect\n|-resisted|p1b: Bronzong\n|-damage|p1b: Bronzong|63\/100\n|move|p1b: Bronzong|Gyro Ball|p2b: Flutter Mane\n|-supereffective|p2b: Flutter Mane\n|-damage|p2b: Flutter Mane|0 fnt\n|faint|p2b: Flutter Mane\n|-end|p2b: Flutter Mane|Protosynthesis|[silent]\n|\n|upkeep\n|\n|t:|1684119288\n|switch|p2b: Iron Bundle|Iron Bundle, L50|100\/100\n|-enditem|p2b: Iron Bundle|Booster Energy\n|-activate|p2b: Iron Bundle|ability: Quark Drive|[fromitem]\n|-start|p2b: Iron Bundle|quarkdrivespe\n|turn|2\n|inactive|Battle timer is ON: inactive players will automatically lose when time's up. (requested by R13974682)\n|\n|t:|1684119307\n|move|p2b: Iron Bundle|Protect|p2b: Iron Bundle\n|-singleturn|p2b: Iron Bundle|Protect\n|move|p1a: Amoonguss|Rage Powder|p1a: Amoonguss\n|-singleturn|p1a: Amoonguss|move: Rage Powder\n|move|p2a: Chi-Yu|Overheat|p1a: Amoonguss\n|-supereffective|p1a: Amoonguss\n|-damage|p1a: Amoonguss|0 fnt\n|-unboost|p2a: Chi-Yu|spa|2\n|faint|p1a: Amoonguss\n|move|p1b: Bronzong|Trick Room|p1b: Bronzong\n|-fieldstart|move: Trick Room|[of] p1b: Bronzong\n|\n|upkeep\n|\n|t:|1684119329\n|switch|p1a: Torkoal|Torkoal, L50, M|100\/100\n|-weather|SunnyDay|[from] ability: Drought|[of] p1a: Torkoal\n|turn|3\n|inactive|0308Joshua has 30 seconds left.\n|inactive|0308Joshua has 20 seconds left.\n|\n|t:|1684119366\n|switch|p1b: Coalossal|Coalossal, L50, M|100\/100\n|move|p2a: Chi-Yu|Protect|p2a: Chi-Yu\n|-singleturn|p2a: Chi-Yu|Protect\n|move|p1a: Torkoal|Eruption|p2a: Chi-Yu|[spread] p2b\n|-activate|p2a: Chi-Yu|move: Protect\n|-damage|p2b: Iron Bundle|0 fnt\n|faint|p2b: Iron Bundle\n|-end|p2b: Iron Bundle|Quark Drive|[silent]\n|\n|-weather|SunnyDay|[upkeep]\n|upkeep\n|\n|t:|1684119376\n|switch|p2b: Glimmora|Glimmora, L50, M, shiny|100\/100\n|turn|4\n|\n|t:|1684119392\n|move|p1a: Torkoal|Eruption|p2b: Glimmora|[spread] p2a,p2b\n|-resisted|p2a: Chi-Yu\n|-resisted|p2b: Glimmora\n|-damage|p2a: Chi-Yu|49\/100\n|-damage|p2b: Glimmora|57\/100\n|move|p1b: Coalossal|Heavy Slam|p2b: Glimmora\n|-supereffective|p2b: Glimmora\n|-damage|p2b: Glimmora|0 fnt\n|-activate|p2b: Glimmora|ability: Toxic Debris\n|-sidestart|p1: R13974682|move: Toxic Spikes\n|faint|p2b: Glimmora\n|move|p2a: Chi-Yu|Dark Pulse|p1a: Torkoal\n|-damage|p1a: Torkoal|65\/100\n|\n|-weather|SunnyDay|[upkeep]\n|upkeep\n|turn|5\n|\n|t:|1684119413\n|move|p2a: Chi-Yu|Protect|p2a: Chi-Yu\n|-singleturn|p2a: Chi-Yu|Protect\n|move|p1a: Torkoal|Eruption|p2a: Chi-Yu\n|-activate|p2a: Chi-Yu|move: Protect\n|move|p1b: Coalossal|Heat Crash|p2a: Chi-Yu\n|-activate|p2a: Chi-Yu|move: Protect\n|\n|-weather|SunnyDay|[upkeep]\n|upkeep\n|turn|6\n|inactive|0308Joshua has 30 seconds left.\n|\n|t:|1684119439\n|move|p2a: Chi-Yu|Protect|p2a: Chi-Yu\n|-singleturn|p2a: Chi-Yu|Protect\n|move|p1a: Torkoal|Eruption|p2a: Chi-Yu\n|-activate|p2a: Chi-Yu|move: Protect\n|move|p1b: Coalossal|Heat Crash|p2a: Chi-Yu\n|-activate|p2a: Chi-Yu|move: Protect\n|\n|-weather|SunnyDay|[upkeep]\n|-fieldend|move: Trick Room\n|upkeep\n|turn|7\n|\n|t:|1684119452\n|move|p1a: Torkoal|Protect|p1a: Torkoal\n|-singleturn|p1a: Torkoal|Protect\n|move|p2a: Chi-Yu|Dark Pulse|p1b: Coalossal\n|-damage|p1b: Coalossal|82\/100\n|move|p1b: Coalossal|Heat Crash|p2a: Chi-Yu\n|-resisted|p2a: Chi-Yu\n|-damage|p2a: Chi-Yu|0 fnt\n|faint|p2a: Chi-Yu\n|\n|win|R13974682\n|raw|R13974682's rating: 1293 → 1318<\/strong> (+25 for winning)\n|raw|0308Joshua's rating: 1297 → 1272<\/strong> (-25 for losing)\n|l|\u26060308Joshua\n","uploadtime":1684119469,"views":14,"p1id":"r13974682","p2id":"0308joshua","formatid":"gen9vgc2023regulationc","rating":1272,"private":0,"password":""}