{"id":"gen9vgc2023regulationc-1857904475","p1":"HiKraunty","p2":"Elite_4_Allen","format":"[Gen 9] VGC 2023 Regulation C","log":"|j|\u2606HiKraunty\n|j|\u2606Elite_4_Allen\n|t:|1683245450\n|gametype|doubles\n|player|p1|HiKraunty|hilda|\n|player|p2|Elite_4_Allen|marlon|\n|teamsize|p1|6\n|teamsize|p2|6\n|gen|9\n|tier|[Gen 9] VGC 2023 Regulation C\n|rule|Species Clause: Limit one of each Pok\u00e9mon\n|rule|Item Clause: Limit one of each item\n|clearpoke\n|poke|p1|Flutter Mane, L50|\n|poke|p1|Iron Bundle, L50|\n|poke|p1|Great Tusk, L50|\n|poke|p1|Amoonguss, L50, M|\n|poke|p1|Murkrow, L50, F|\n|poke|p1|Chi-Yu, L50|\n|poke|p2|Dondozo, L50, M|\n|poke|p2|Tatsugiri, L50, M|\n|poke|p2|Glimmora, L50, F|\n|poke|p2|Dragonite, L50, F|\n|poke|p2|Chien-Pao, L50|\n|poke|p2|Flutter Mane, L50|\n|teampreview|4\n|c|\u2606HiKraunty|g3\nElite_4_Allen has agreed to open team sheets.\nHiKraunty has agreed to open team sheets.\n|l|\u2606Elite_4_Allen\n|player|p2|\n|j|\u2606Elite_4_Allen\n|player|p2|Elite_4_Allen|marlon\n|c|\u2606Elite_4_Allen|glhf\n|\n|t:|1683246545\n|start\n|switch|p1a: Regiceki|Iron Bundle, L50|100\/100\n|switch|p1b: Stone Treads|Great Tusk, L50|100\/100\n|switch|p2a: Flutter Mane|Flutter Mane, L50|100\/100\n|switch|p2b: Dragonite|Dragonite, L50, F|100\/100\n|-enditem|p1a: Regiceki|Booster Energy\n|-activate|p1a: Regiceki|ability: Quark Drive|[fromitem]\n|-start|p1a: Regiceki|quarkdrivespe\n|-enditem|p2a: Flutter Mane|Booster Energy\n|-activate|p2a: Flutter Mane|ability: Protosynthesis|[fromitem]\n|-start|p2a: Flutter Mane|protosynthesisspe\n|turn|1\n|\n|t:|1683246596\n|-terastallize|p1b: Stone Treads|Steel\n|-terastallize|p2b: Dragonite|Flying\n|move|p2a: Flutter Mane|Protect|p2a: Flutter Mane\n|-singleturn|p2a: Flutter Mane|Protect\n|move|p1a: Regiceki|Icy Wind|p2a: Flutter Mane|[spread] p2b\n|-activate|p2a: Flutter Mane|move: Protect\n|-supereffective|p2b: Dragonite\n|-damage|p2b: Dragonite|83\/100\n|-unboost|p2b: Dragonite|spe|1\n|move|p1b: Stone Treads|Headlong Rush|p2a: Flutter Mane\n|-activate|p2a: Flutter Mane|move: Protect\n|move|p2b: Dragonite|Tera Blast|p1a: Regiceki\n|-damage|p1a: Regiceki|26\/100\n|\n|upkeep\n|turn|2\n|\n|t:|1683246657\n|-end|p1a: Regiceki|Quark Drive|[silent]\n|switch|p1a: First Pick|Flutter Mane, L50|100\/100\n|move|p2b: Dragonite|Extreme Speed|p1a: First Pick\n|-immune|p1a: First Pick\n|move|p2a: Flutter Mane|Substitute|p2a: Flutter Mane\n|-start|p2a: Flutter Mane|Substitute\n|-damage|p2a: Flutter Mane|76\/100\n|move|p1b: Stone Treads|Headlong Rush|p2a: Flutter Mane\n|-end|p2a: Flutter Mane|Substitute\n|-unboost|p1b: Stone Treads|def|1\n|-unboost|p1b: Stone Treads|spd|1\n|\n|upkeep\n|turn|3\n|\n|t:|1683246719\n|-end|p1a: First Pick|Protosynthesis|[silent]\n|switch|p1a: Hax|Murkrow, L50, F|100\/100\n|move|p2a: Flutter Mane|Protect|p2a: Flutter Mane\n|-singleturn|p2a: Flutter Mane|Protect\n|move|p1b: Stone Treads|Headlong Rush|p2a: Flutter Mane\n|-activate|p2a: Flutter Mane|move: Protect\n|move|p2b: Dragonite|Tera Blast|p1a: Hax\n|-damage|p1a: Hax|43\/100\n|\n|upkeep\n|turn|4\n|\n|t:|1683246742\n|switch|p2b: Dondozo|Dondozo, L50, M|100\/100\n|move|p1a: Hax|Tailwind|p1a: Hax\n|-sidestart|p1: HiKraunty|move: Tailwind\n|move|p1b: Stone Treads|Headlong Rush|p2a: Flutter Mane\n|-damage|p2a: Flutter Mane|0 fnt\n|-unboost|p1b: Stone Treads|def|1\n|-unboost|p1b: Stone Treads|spd|1\n|faint|p2a: Flutter Mane\n|-end|p2a: Flutter Mane|Protosynthesis|[silent]\n|\n|upkeep\n|\n|t:|1683246752\n|switch|p2a: Dragonite|Dragonite, L50, F, tera:Flying|83\/100\n|turn|5\n|\n|t:|1683246781\n|move|p1a: Hax|Haze|p1a: Hax\n|-clearallboost\n|move|p1b: Stone Treads|Headlong Rush|p2b: Dondozo\n|-damage|p2b: Dondozo|56\/100\n|-unboost|p1b: Stone Treads|def|1\n|-unboost|p1b: Stone Treads|spd|1\n|move|p2a: Dragonite|Tera Blast|p1a: Hax\n|-crit|p1a: Hax\n|-damage|p1a: Hax|0 fnt\n|faint|p1a: Hax\n|move|p2b: Dondozo|Earthquake|p1b: Stone Treads|[spread] p1b\n|-immune|p2a: Dragonite\n|-supereffective|p1b: Stone Treads\n|-damage|p1b: Stone Treads|47\/100\n|\n|-heal|p2b: Dondozo|63\/100|[from] item: Leftovers\n|upkeep\n|\n|t:|1683246794\n|switch|p1a: First Pick|Flutter Mane, L50|100\/100\n|turn|6\n|\n|t:|1683246845\n|move|p2b: Dondozo|Protect|p2b: Dondozo\n|-singleturn|p2b: Dondozo|Protect\n|move|p1b: Stone Treads|Headlong Rush|p2b: Dondozo\n|-activate|p2b: Dondozo|move: Protect\n|move|p1a: First Pick|Moonblast|p2a: Dragonite\n|-damage|p2a: Dragonite|24\/100\n|move|p2a: Dragonite|Tailwind|p2a: Dragonite\n|-sidestart|p2: Elite_4_Allen|move: Tailwind\n|\n|-heal|p2b: Dondozo|69\/100|[from] item: Leftovers\n|upkeep\n|turn|7\n|j| Mommy Kuvira\n|\n|t:|1683246907\n|switch|p2a: Tatsugiri|Tatsugiri, L50, M|100\/100\n|-activate|p2a: Tatsugiri|ability: Commander|[of] p2b: Dondozo\n|-boost|p2b: Dondozo|atk|2\n|-boost|p2b: Dondozo|spa|2\n|-boost|p2b: Dondozo|spe|2\n|-boost|p2b: Dondozo|def|2\n|-boost|p2b: Dondozo|spd|2\n|move|p1b: Stone Treads|Headlong Rush|p2b: Dondozo\n|-damage|p2b: Dondozo|46\/100\n|-unboost|p1b: Stone Treads|def|1\n|-unboost|p1b: Stone Treads|spd|1\n|move|p1a: First Pick|Moonblast|p2b: Dondozo\n|-damage|p2b: Dondozo|13\/100\n|-unboost|p2b: Dondozo|spa|1\n|move|p2b: Dondozo|Earthquake|p1b: Stone Treads|[spread] p1a,p1b\n|-miss|p2b: Dondozo|p2a: Tatsugiri\n|-supereffective|p1b: Stone Treads\n|-damage|p1a: First Pick|30\/100\n|-damage|p1b: Stone Treads|0 fnt\n|faint|p1b: Stone Treads\n|-end|p1b: Stone Treads|Protosynthesis|[silent]\n|\n|-heal|p2b: Dondozo|19\/100|[from] item: Leftovers\n|-sideend|p1: HiKraunty|move: Tailwind\n|upkeep\n|\n|t:|1683246918\n|switch|p1b: Regiceki|Iron Bundle, L50|26\/100\n|turn|8\n|\n|t:|1683246930\n|move|p2b: Dondozo|Earthquake|p1b: Regiceki|[spread] p1a,p1b\n|-miss|p2b: Dondozo|p2a: Tatsugiri\n|-damage|p1a: First Pick|0 fnt\n|-damage|p1b: Regiceki|0 fnt\n|faint|p1a: First Pick\n|-end|p1a: First Pick|Protosynthesis|[silent]\n|faint|p1b: Regiceki\n|-end|p1b: Regiceki|Quark Drive|[silent]\n|\n|win|Elite_4_Allen\n|c|\u2606Elite_4_Allen|gg\n|l|\u2606HiKraunty\n|j|\u2606HiKraunty\n|player|p1|HiKraunty|hilda\n|l| Mommy Kuvira\n","uploadtime":1683247012,"views":8,"p1id":"hikraunty","p2id":"elite4allen","formatid":"gen9vgc2023regulationc","rating":0,"private":0,"password":""}