{"id":"gen9vgc2023regulationc-1863060797","p1":"Arcacagne","p2":"Montagesq","format":"[Gen 9] VGC 2023 Regulation C","log":"|j|\u2606Arcacagne\n|j|\u2606Montagesq\n|t:|1683961596\n|gametype|doubles\n|player|p1|Arcacagne|169|1236\n|player|p2|Montagesq|1|1204\n|teamsize|p1|6\n|teamsize|p2|6\n|gen|9\n|tier|[Gen 9] VGC 2023 Regulation C\n|rated|\n|rule|Species Clause: Limit one of each Pok\u00e9mon\n|rule|Item Clause: Limit one of each item\n|clearpoke\n|poke|p1|Chi-Yu, L50|\n|poke|p1|Flutter Mane, L50|\n|poke|p1|Amoonguss, L50, M|\n|poke|p1|Ting-Lu, L50|\n|poke|p1|Iron Hands, L50|\n|poke|p1|Gyarados, L50, M|\n|poke|p2|Chien-Pao, L50|\n|poke|p2|Palafin, L50, M|\n|poke|p2|Amoonguss, L50, M|\n|poke|p2|Hatterene, L50, F|\n|poke|p2|Dragapult, L50, F|\n|poke|p2|Dondozo, L50, F|\n|teampreview|4\n|inactive|Battle timer is ON: inactive players will automatically lose when time's up. (requested by Montagesq)\n|inactive|Arcacagne has 60 seconds left.\n|\n|t:|1683961643\n|start\n|switch|p1a: Amoonguss|Amoonguss, L50, M|100\/100\n|switch|p1b: Iron Hands|Iron Hands, L50|100\/100\n|switch|p2a: Chien-Pao|Chien-Pao, L50|100\/100\n|switch|p2b: Dragapult|Dragapult, L50, F|100\/100\n|-ability|p2a: Chien-Pao|Sword of Ruin\n|turn|1\n|inactive|Arcacagne has 30 seconds left.\n|inactive|Arcacagne has 20 seconds left.\n|inactive|Arcacagne has 15 seconds left.\n|inactive|Arcacagne has 10 seconds left.\n|\n|t:|1683961688\n|-terastallize|p1a: Amoonguss|Water\n|move|p2a: Chien-Pao|Protect|p2a: Chien-Pao\n|-singleturn|p2a: Chien-Pao|Protect\n|move|p2b: Dragapult|U-turn|p1a: Amoonguss\n|-damage|p1a: Amoonguss|58\/100\n|\n|t:|1683961696\n|switch|p2b: Amoonguss|Amoonguss, L50, M|100\/100|[from] U-turn\n|move|p1b: Iron Hands|Drain Punch|p2a: Chien-Pao\n|-activate|p2a: Chien-Pao|move: Protect\n|move|p1a: Amoonguss|Spore|p2b: Amoonguss\n|-immune|p2b: Amoonguss\n|\n|upkeep\n|turn|2\n|inactive|Montagesq has 30 seconds left.\n|inactive|Montagesq has 20 seconds left.\n|\n|t:|1683961733\n|switch|p1a: Gyarados|Gyarados, L50, M|100\/100\n|-ability|p1a: Gyarados|Intimidate|boost\n|-unboost|p2a: Chien-Pao|atk|1\n|-unboost|p2b: Amoonguss|atk|1\n|move|p2a: Chien-Pao|Sacred Sword|p1a: Gyarados\n|-resisted|p1a: Gyarados\n|-damage|p1a: Gyarados|87\/100\n|move|p1b: Iron Hands|Drain Punch|p2a: Chien-Pao\n|-supereffective|p2a: Chien-Pao\n|-enditem|p2a: Chien-Pao|Focus Sash\n|-damage|p2a: Chien-Pao|1\/100\n|move|p2b: Amoonguss|Spore|p1b: Iron Hands\n|-status|p1b: Iron Hands|slp|[from] move: Spore\n|-enditem|p1b: Iron Hands|Lum Berry|[eat]\n|-curestatus|p1b: Iron Hands|slp|[msg]\n|\n|upkeep\n|turn|3\n|\n|t:|1683961758\n|switch|p2a: Palafin|Palafin, L50, M|100\/100\n|move|p1a: Gyarados|Taunt|p2b: Amoonguss\n|-start|p2b: Amoonguss|move: Taunt\n|move|p1b: Iron Hands|Swords Dance|p1b: Iron Hands\n|-boost|p1b: Iron Hands|atk|2\n|cant|p2b: Amoonguss|move: Taunt|Spore\n|\n|upkeep\n|turn|4\n|\n|t:|1683961776\n|switch|p2b: Dragapult|Dragapult, L50, F|100\/100\n|move|p2a: Palafin|Haze|p2a: Palafin\n|-clearallboost\n|move|p1a: Gyarados|Thunder Wave|p2a: Palafin\n|-status|p2a: Palafin|par\n|move|p1b: Iron Hands|Drain Punch|p2b: Dragapult\n|-immune|p2b: Dragapult\n|\n|upkeep\n|turn|5\n|inactive|Montagesq has 30 seconds left.\n|\n|t:|1683961805\n|detailschange|p2a: Palafin|Palafin-Hero, L50, M\n|switch|p2a: Amoonguss|Amoonguss, L50, M|100\/100\n|move|p2b: Dragapult|Phantom Force||[still]\n|-prepare|p2b: Dragapult|Phantom Force\n|move|p1a: Gyarados|Thunder Wave|p2b: Dragapult|[miss]\n|-miss|p1a: Gyarados|p2b: Dragapult\n|move|p1b: Iron Hands|Thunder Punch|p2a: Amoonguss\n|-resisted|p2a: Amoonguss\n|-damage|p2a: Amoonguss|88\/100\n|\n|upkeep\n|turn|6\n|\n|t:|1683961822\n|-end|p1b: Iron Hands|Quark Drive|[silent]\n|switch|p1b: Amoonguss|Amoonguss, L50, M, tera:Water|91\/100\n|switch|p2a: Chien-Pao|Chien-Pao, L50|1\/100\n|-ability|p2a: Chien-Pao|Sword of Ruin\n|move|p2b: Dragapult|Phantom Force|p1a: Gyarados|[from]lockedmove\n|-damage|p1a: Gyarados|0 fnt\n|faint|p1a: Gyarados\n|\n|upkeep\n|\n|t:|1683961834\n|switch|p1a: Flutter Mane|Flutter Mane, L50|100\/100\n|-enditem|p1a: Flutter Mane|Booster Energy\n|-activate|p1a: Flutter Mane|ability: Protosynthesis|[fromitem]\n|-start|p1a: Flutter Mane|protosynthesisspe\n|turn|7\n|\n|t:|1683961852\n|switch|p2b: Amoonguss|Amoonguss, L50, M|100\/100\n|move|p1b: Amoonguss|Rage Powder|p1b: Amoonguss\n|-singleturn|p1b: Amoonguss|move: Rage Powder\n|move|p2a: Chien-Pao|Sucker Punch||[still]\n|-fail|p2a: Chien-Pao\n|move|p1a: Flutter Mane|Dazzling Gleam|p2a: Chien-Pao|[spread] p2a,p2b\n|-supereffective|p2a: Chien-Pao\n|-resisted|p2b: Amoonguss\n|-crit|p2b: Amoonguss\n|-damage|p2a: Chien-Pao|0 fnt\n|-damage|p2b: Amoonguss|80\/100\n|faint|p2a: Chien-Pao\n|\n|upkeep\n|\n|t:|1683961863\n|switch|p2a: Palafin|Palafin-Hero, L50, M|100\/100 par\n|-activate|p2a: Palafin|ability: Zero to Hero\n|turn|8\n|\n|t:|1683961884\n|move|p1a: Flutter Mane|Shadow Ball|p2b: Amoonguss\n|-damage|p2b: Amoonguss|40\/100\n|move|p2a: Palafin|Wave Crash|p1a: Flutter Mane\n|-crit|p1a: Flutter Mane\n|-damage|p1a: Flutter Mane|0 fnt\n|faint|p1a: Flutter Mane\n|-end|p1a: Flutter Mane|Protosynthesis|[silent]\n|-damage|p2a: Palafin|77\/100 par|[from] Recoil\n|move|p1b: Amoonguss|Pollen Puff|p2b: Amoonguss\n|-crit|p2b: Amoonguss\n|-damage|p2b: Amoonguss|13\/100\n|-enditem|p2b: Amoonguss|Aguav Berry|[eat]\n|-heal|p2b: Amoonguss|46\/100|[from] item: Aguav Berry\n|move|p2b: Amoonguss|Spore|p1b: Amoonguss\n|-status|p1b: Amoonguss|slp|[from] move: Spore\n|\n|upkeep\n|\n|t:|1683961900\n|switch|p1a: Iron Hands|Iron Hands, L50|100\/100\n|turn|9\n|\n|t:|1683961910\n|switch|p2b: Dragapult|Dragapult, L50, F|100\/100\n|move|p2a: Palafin|Protect|p2a: Palafin\n|-singleturn|p2a: Palafin|Protect\n|move|p1a: Iron Hands|Thunder Punch|p2a: Palafin\n|-activate|p2a: Palafin|move: Protect\n|cant|p1b: Amoonguss|slp\n|\n|upkeep\n|turn|10\n|inactive|Arcacagne has 30 seconds left.\n|\n|t:|1683961935\n|switch|p2a: Amoonguss|Amoonguss, L50, M|79\/100\n|-terastallize|p2b: Dragapult|Dragon\n|cant|p1b: Amoonguss|slp\n|move|p2b: Dragapult|Dragon Darts|p1a: Iron Hands\n|-damage|p1a: Iron Hands|71\/100\n|-anim|p2b: Dragapult|Dragon Darts|p1b: Amoonguss\n|-damage|p1b: Amoonguss|48\/100 slp\n|-enditem|p1b: Amoonguss|Sitrus Berry|[eat]\n|-heal|p1b: Amoonguss|73\/100 slp|[from] item: Sitrus Berry\n|move|p1a: Iron Hands|Thunder Punch|p2a: Amoonguss\n|-resisted|p2a: Amoonguss\n|-damage|p2a: Amoonguss|66\/100\n|\n|upkeep\n|turn|11\n|-message|Arcacagne forfeited.\n|\n|win|Montagesq\n|raw|Arcacagne's rating: 1236 → 1209<\/strong> (-27 for losing)\n|raw|Montagesq's rating: 1204 → 1231<\/strong> (+27 for winning)\n","uploadtime":1683961953,"views":10,"p1id":"arcacagne","p2id":"montagesq","formatid":"gen9vgc2023regulationc","rating":1209,"private":0,"password":""}