{"id":"gen9vgc2023regulationc-1858028161","p1":"AGoobyGoofer","p2":"vhjryuj","format":"[Gen 9] VGC 2023 Regulation C","log":"|j|\u2606AGoobyGoofer\n|j|\u2606vhjryuj\n|t:|1683262768\n|gametype|doubles\n|player|p1|AGoobyGoofer|1|1053\n|player|p2|vhjryuj|2|1046\n|teamsize|p1|6\n|teamsize|p2|6\n|gen|9\n|tier|[Gen 9] VGC 2023 Regulation C\n|rated|\n|rule|Species Clause: Limit one of each Pok\u00e9mon\n|rule|Item Clause: Limit one of each item\n|clearpoke\n|poke|p1|Orthworm, L50, M|\n|poke|p1|Dragonite, L50, F|\n|poke|p1|Ting-Lu, L50|\n|poke|p1|Gyarados, L50, M|\n|poke|p1|Annihilape, L50, M|\n|poke|p1|Maushold-Four, L50|\n|poke|p2|Torkoal, L50, M|\n|poke|p2|Chi-Yu, L50|\n|poke|p2|Bronzong, L50|\n|poke|p2|Gastrodon, L50, F|\n|poke|p2|Grimmsnarl, L50, M|\n|poke|p2|Skeledirge, L50, F|\n|teampreview|4\n|inactive|Battle timer is ON: inactive players will automatically lose when time's up. (requested by vhjryuj)\n|\n|t:|1683262787\n|start\n|switch|p1a: Orthworm|Orthworm, L50, M, shiny|100\/100\n|switch|p1b: Ting-Lu|Ting-Lu, L50|100\/100\n|switch|p2a: Torkoal|Torkoal, L50, M|100\/100\n|switch|p2b: Grimmsnarl|Grimmsnarl, L50, M|100\/100\n|-ability|p1b: Ting-Lu|Vessel of Ruin\n|-weather|SunnyDay|[from] ability: Drought|[of] p2a: Torkoal\n|turn|1\n|\n|t:|1683262810\n|-terastallize|p1a: Orthworm|Fire\n|move|p2b: Grimmsnarl|Fake Out|p1b: Ting-Lu\n|-damage|p1b: Ting-Lu|93\/100\n|move|p1a: Orthworm|Heavy Slam|p2b: Grimmsnarl\n|-supereffective|p2b: Grimmsnarl\n|-damage|p2b: Grimmsnarl|18\/100\n|cant|p1b: Ting-Lu|flinch\n|move|p2a: Torkoal|Eruption|p1a: Orthworm|[spread] p1a,p1b\n|-resisted|p1a: Orthworm\n|-damage|p1a: Orthworm|59\/100\n|-damage|p1b: Ting-Lu|49\/100\n|\n|-weather|SunnyDay|[upkeep]\n|upkeep\n|turn|2\n|inactive|AGoobyGoofer has 30 seconds left.\n|\n|t:|1683262842\n|switch|p2a: Bronzong|Bronzong, L50|100\/100\n|move|p2b: Grimmsnarl|Trick|p1a: Orthworm\n|-activate|p2b: Grimmsnarl|move: Trick|[of] p1a: Orthworm\n|-item|p1a: Orthworm|Lagging Tail|[from] move: Trick\n|-item|p2b: Grimmsnarl|Sitrus Berry|[from] move: Trick\n|-enditem|p2b: Grimmsnarl|Sitrus Berry|[eat]\n|-heal|p2b: Grimmsnarl|42\/100|[from] item: Sitrus Berry\n|move|p1a: Orthworm|Body Press|p2a: Bronzong\n|-damage|p2a: Bronzong|78\/100\n|move|p1b: Ting-Lu|Earthquake|p2b: Grimmsnarl|[spread] p2b\n|-heal|p1a: Orthworm|84\/100|[from] ability: Earth Eater|[of] p1b: Ting-Lu\n|-immune|p2a: Bronzong|[from] ability: Levitate\n|-damage|p2b: Grimmsnarl|0 fnt\n|faint|p2b: Grimmsnarl\n|\n|-weather|SunnyDay|[upkeep]\n|upkeep\n|\n|t:|1683262858\n|switch|p2b: Skeledirge|Skeledirge, L50, F|100\/100\n|turn|3\n|\n|t:|1683262872\n|-terastallize|p2b: Skeledirge|Fairy\n|move|p2b: Skeledirge|Torch Song|p1a: Orthworm\n|-resisted|p1a: Orthworm\n|-damage|p1a: Orthworm|47\/100\n|-boost|p2b: Skeledirge|spa|1\n|move|p1b: Ting-Lu|Earthquake|p2b: Skeledirge|[spread] p2b\n|-heal|p1a: Orthworm|72\/100|[from] ability: Earth Eater|[of] p1b: Ting-Lu\n|-immune|p2a: Bronzong|[from] ability: Levitate\n|-crit|p2b: Skeledirge\n|-damage|p2b: Skeledirge|28\/100\n|move|p1a: Orthworm|Shed Tail|p1a: Orthworm\n|-start|p1a: Orthworm|Substitute|[from] move: Shed Tail\n|-damage|p1a: Orthworm|22\/100\n|\n|t:|1683262889\n|switch|p1a: Annihilape|Annihilape, L50, M|100\/100|[from] Shed Tail\n|move|p2a: Bronzong|Trick Room|p2a: Bronzong\n|-fieldstart|move: Trick Room|[of] p2a: Bronzong\n|\n|-weather|SunnyDay|[upkeep]\n|-heal|p2b: Skeledirge|33\/100|[from] item: Leftovers\n|upkeep\n|turn|4\n|\n|t:|1683262900\n|switch|p1b: Gyarados|Gyarados, L50, M|100\/100\n|-ability|p1b: Gyarados|Intimidate|boost\n|-unboost|p2a: Bronzong|atk|1\n|-unboost|p2b: Skeledirge|atk|1\n|move|p2b: Skeledirge|Protect|p2b: Skeledirge\n|-singleturn|p2b: Skeledirge|Protect\n|move|p2a: Bronzong|Body Press|p1b: Gyarados\n|-resisted|p1b: Gyarados\n|-damage|p1b: Gyarados|86\/100\n|move|p1a: Annihilape|Bulk Up|p1a: Annihilape\n|-boost|p1a: Annihilape|atk|1\n|-boost|p1a: Annihilape|def|1\n|\n|-weather|SunnyDay|[upkeep]\n|-heal|p2b: Skeledirge|39\/100|[from] item: Leftovers\n|-heal|p1b: Gyarados|92\/100|[from] item: Leftovers\n|upkeep\n|turn|5\n|inactive|AGoobyGoofer has 30 seconds left.\n|\n|t:|1683262927\n|move|p2a: Bronzong|Iron Head|p1b: Gyarados\n|-resisted|p1b: Gyarados\n|-damage|p1b: Gyarados|84\/100\n|move|p2b: Skeledirge|Encore|p1a: Annihilape\n|-start|p1a: Annihilape|Encore\n|cant|p1b: Gyarados|flinch\n|move|p1a: Annihilape|Bulk Up|p1a: Annihilape\n|-boost|p1a: Annihilape|atk|1\n|-boost|p1a: Annihilape|def|1\n|\n|-weather|none\n|-heal|p2b: Skeledirge|45\/100|[from] item: Leftovers\n|-heal|p1b: Gyarados|90\/100|[from] item: Leftovers\n|upkeep\n|turn|6\n|\n|t:|1683262939\n|switch|p2a: Torkoal|Torkoal, L50, M|100\/100\n|-weather|SunnyDay|[from] ability: Drought|[of] p2a: Torkoal\n|move|p2b: Skeledirge|Torch Song|p1a: Annihilape\n|-damage|p1a: Annihilape|13\/100\n|-boost|p2b: Skeledirge|spa|1\n|move|p1b: Gyarados|Taunt|p2b: Skeledirge\n|-start|p2b: Skeledirge|move: Taunt\n|move|p1a: Annihilape|Bulk Up|p1a: Annihilape\n|-boost|p1a: Annihilape|atk|1\n|-boost|p1a: Annihilape|def|1\n|\n|-weather|SunnyDay|[upkeep]\n|-heal|p2b: Skeledirge|51\/100|[from] item: Leftovers\n|-heal|p1b: Gyarados|96\/100|[from] item: Leftovers\n|upkeep\n|turn|7\n|inactive|AGoobyGoofer has 30 seconds left.\n|\n|t:|1683262967\n|switch|p2a: Bronzong|Bronzong, L50|78\/100\n|switch|p1a: Ting-Lu|Ting-Lu, L50|49\/100\n|-ability|p1a: Ting-Lu|Vessel of Ruin\n|move|p2b: Skeledirge|Torch Song|p1a: Ting-Lu\n|-damage|p1a: Ting-Lu|0 fnt\n|-boost|p2b: Skeledirge|spa|1\n|faint|p1a: Ting-Lu\n|move|p1b: Gyarados|Thunder Wave|p2b: Skeledirge|[miss]\n|-miss|p1b: Gyarados|p2b: Skeledirge\n|\n|-weather|SunnyDay|[upkeep]\n|-heal|p2b: Skeledirge|57\/100|[from] item: Leftovers\n|-heal|p1b: Gyarados|100\/100|[from] item: Leftovers\n|-fieldend|move: Trick Room\n|upkeep\n|\n|t:|1683262971\n|switch|p1a: Annihilape|Annihilape, L50, M|13\/100\n|turn|8\n|inactive|vhjryuj has 30 seconds left.\n|\n|t:|1683262998\n|move|p1a: Annihilape|Drain Punch|p2a: Bronzong\n|-damage|p2a: Bronzong|50\/100\n|-heal|p1a: Annihilape|24\/100|[from] drain|[of] p2a: Bronzong\n|move|p1b: Gyarados|Taunt|p2a: Bronzong\n|-start|p2a: Bronzong|move: Taunt\n|move|p2b: Skeledirge|Tera Blast|p1b: Gyarados\n|-damage|p1b: Gyarados|35\/100\n|move|p2a: Bronzong|Iron Head|p1a: Annihilape\n|-damage|p1a: Annihilape|0 fnt\n|faint|p1a: Annihilape\n|\n|-weather|SunnyDay|[upkeep]\n|-heal|p1b: Gyarados|41\/100|[from] item: Leftovers\n|-heal|p2b: Skeledirge|62\/100|[from] item: Leftovers\n|upkeep\n|\n|t:|1683263011\n|switch|p1a: Orthworm|Orthworm, L50, M, shiny, tera:Fire|22\/100\n|turn|9\n|\n|t:|1683263021\n|switch|p2b: Torkoal|Torkoal, L50, M|100\/100\n|move|p1b: Gyarados|Bulldoze|p2a: Bronzong|[spread] p2b\n|-heal|p1a: Orthworm|47\/100|[from] ability: Earth Eater|[of] p1b: Gyarados\n|-immune|p2a: Bronzong|[from] ability: Levitate\n|-supereffective|p2b: Torkoal\n|-damage|p2b: Torkoal|83\/100\n|-unboost|p2b: Torkoal|spe|1\n|move|p2a: Bronzong|Body Press|p1a: Orthworm\n|-damage|p1a: Orthworm|31\/100\n|move|p1a: Orthworm|Heavy Slam|p2b: Torkoal\n|-resisted|p2b: Torkoal\n|-damage|p2b: Torkoal|74\/100\n|\n|-weather|SunnyDay|[upkeep]\n|-heal|p1b: Gyarados|47\/100|[from] item: Leftovers\n|upkeep\n|turn|10\n|\n|t:|1683263043\n|move|p1b: Gyarados|Bulldoze|p2b: Torkoal|[spread] p2b\n|-heal|p1a: Orthworm|56\/100|[from] ability: Earth Eater|[of] p1b: Gyarados\n|-immune|p2a: Bronzong|[from] ability: Levitate\n|-supereffective|p2b: Torkoal\n|-damage|p2b: Torkoal|56\/100\n|-unboost|p2b: Torkoal|spe|1\n|move|p2a: Bronzong|Body Press|p1a: Orthworm\n|-damage|p1a: Orthworm|39\/100\n|move|p2b: Torkoal|Earth Power|p1a: Orthworm\n|-heal|p1a: Orthworm|64\/100|[from] ability: Earth Eater|[of] p2b: Torkoal\n|move|p1a: Orthworm|Body Press|p2b: Torkoal\n|-damage|p2b: Torkoal|34\/100\n|\n|-weather|none\n|-heal|p1b: Gyarados|52\/100|[from] item: Leftovers\n|-end|p2a: Bronzong|move: Taunt\n|upkeep\n|turn|11\n|\n|t:|1683263063\n|move|p1b: Gyarados|Bulldoze|p2b: Torkoal|[spread] p2b\n|-heal|p1a: Orthworm|89\/100|[from] ability: Earth Eater|[of] p1b: Gyarados\n|-immune|p2a: Bronzong|[from] ability: Levitate\n|-supereffective|p2b: Torkoal\n|-damage|p2b: Torkoal|16\/100\n|-unboost|p2b: Torkoal|spe|1\n|move|p2b: Torkoal|Body Press|p1a: Orthworm\n|-crit|p1a: Orthworm\n|-damage|p1a: Orthworm|65\/100\n|move|p1a: Orthworm|Body Press|p2a: Bronzong\n|-damage|p2a: Bronzong|26\/100\n|move|p2a: Bronzong|Trick Room|p2a: Bronzong\n|-fieldstart|move: Trick Room|[of] p2a: Bronzong\n|\n|-heal|p1b: Gyarados|58\/100|[from] item: Leftovers\n|upkeep\n|turn|12\n|\n|t:|1683263085\n|move|p1a: Orthworm|Helping Hand|p1b: Gyarados\n|-singleturn|p1b: Gyarados|Helping Hand|[of] p1a: Orthworm\n|move|p2b: Torkoal|Body Press|p1a: Orthworm\n|-crit|p1a: Orthworm\n|-damage|p1a: Orthworm|39\/100\n|move|p2a: Bronzong|Body Press|p1a: Orthworm\n|-damage|p1a: Orthworm|24\/100\n|move|p1b: Gyarados|Bulldoze|p2a: Bronzong|[spread] p2b\n|-heal|p1a: Orthworm|49\/100|[from] ability: Earth Eater|[of] p1b: Gyarados\n|-immune|p2a: Bronzong|[from] ability: Levitate\n|-supereffective|p2b: Torkoal\n|-damage|p2b: Torkoal|0 fnt\n|faint|p2b: Torkoal\n|\n|-heal|p1b: Gyarados|64\/100|[from] item: Leftovers\n|upkeep\n|\n|t:|1683263090\n|switch|p2b: Skeledirge|Skeledirge, L50, F, tera:Fairy|62\/100\n|turn|13\n|\n|t:|1683263102\n|move|p2a: Bronzong|Body Press|p1a: Orthworm\n|-damage|p1a: Orthworm|33\/100\n|move|p2b: Skeledirge|Torch Song|p1a: Orthworm\n|-resisted|p1a: Orthworm\n|-damage|p1a: Orthworm|0 fnt\n|-boost|p2b: Skeledirge|spa|1\n|faint|p1a: Orthworm\n|move|p1b: Gyarados|Bulldoze|p2a: Bronzong|[spread] p2b\n|-immune|p2a: Bronzong|[from] ability: Levitate\n|-damage|p2b: Skeledirge|52\/100\n|-unboost|p2b: Skeledirge|spe|1\n|\n|-heal|p2b: Skeledirge|58\/100|[from] item: Leftovers\n|-heal|p1b: Gyarados|70\/100|[from] item: Leftovers\n|upkeep\n|turn|14\n|-message|AGoobyGoofer forfeited.\n|\n|win|vhjryuj\n|raw|AGoobyGoofer's rating: 1053 → 1035<\/strong> (-18 for losing)\n|raw|vhjryuj's rating: 1046 → 1080<\/strong> (+34 for winning)\n|l|\u2606AGoobyGoofer\n","uploadtime":1683263119,"views":9,"p1id":"agoobygoofer","p2id":"vhjryuj","formatid":"gen9vgc2023regulationc","rating":1035,"private":0,"password":""}