{"id":"gen9vgc2023regulationc-1852979017","p1":"Rylexis","p2":"Pog Johnson","format":"[Gen 9] VGC 2023 Regulation C","log":"|j|\u2606Rylexis\n|j|\u2606Pog Johnson\n|t:|1682622448\n|gametype|doubles\n|player|p1|Rylexis|hugh|1320\n|player|p2|Pog Johnson|emmet|1419\n|teamsize|p1|6\n|teamsize|p2|6\n|gen|9\n|tier|[Gen 9] VGC 2023 Regulation C\n|rated|\n|rule|Species Clause: Limit one of each Pok\u00e9mon\n|rule|Item Clause: Limit one of each item\n|clearpoke\n|poke|p1|Tinkaton, L50, F|\n|poke|p1|Kingambit, L50, M|\n|poke|p1|Corviknight, L50, F|\n|poke|p1|Gholdengo, L50|\n|poke|p1|Klefki, L50, F|\n|poke|p1|Iron Treads, L50|\n|poke|p2|Palafin, L50, M|\n|poke|p2|Arcanine, L50, F|\n|poke|p2|Amoonguss, L50, F|\n|poke|p2|Baxcalibur, L50, F|\n|poke|p2|Scizor, L50, F|\n|poke|p2|Sandy Shocks, L50|\n|teampreview|4\n|inactive|Battle timer is ON: inactive players will automatically lose when time's up. (requested by Pog Johnson)\n|\n|t:|1682622477\n|start\n|switch|p1a: Corviknight|Corviknight, L50, F|100\/100\n|switch|p1b: Gholdengo|Gholdengo, L50|100\/100\n|switch|p2a: Palafin|Palafin, L50, M|100\/100\n|switch|p2b: Sandy Shocks|Sandy Shocks, L50|100\/100\n|-enditem|p2b: Sandy Shocks|Booster Energy\n|-activate|p2b: Sandy Shocks|ability: Protosynthesis|[fromitem]\n|-start|p2b: Sandy Shocks|protosynthesisspa\n|turn|1\n|inactive|Rylexis has 30 seconds left.\n|\n|t:|1682622509\n|detailschange|p2a: Palafin|Palafin-Hero, L50, M\n|switch|p2a: Arcanine|Arcanine, L50, F|100\/100\n|-ability|p2a: Arcanine|Intimidate|boost\n|-ability|p1a: Corviknight|Mirror Armor\n|-unboost|p2a: Arcanine|atk|1\n|-unboost|p1b: Gholdengo|atk|1\n|switch|p1a: Iron Treads|Iron Treads, L50|100\/100\n|-enditem|p1a: Iron Treads|Booster Energy\n|-activate|p1a: Iron Treads|ability: Quark Drive|[fromitem]\n|-start|p1a: Iron Treads|quarkdrivespe\n|move|p2b: Sandy Shocks|Substitute|p2b: Sandy Shocks\n|-start|p2b: Sandy Shocks|Substitute\n|-damage|p2b: Sandy Shocks|75\/100\n|move|p1b: Gholdengo|Make It Rain|p2a: Arcanine|[spread] p2a,p2b\n|-resisted|p2b: Sandy Shocks\n|-end|p2b: Sandy Shocks|Substitute\n|-resisted|p2a: Arcanine\n|-damage|p2a: Arcanine|62\/100\n|-unboost|p1b: Gholdengo|spa|1\n|\n|upkeep\n|turn|2\n|inactive|Rylexis has 30 seconds left.\n|inactive|Rylexis has 20 seconds left.\n|inactive|Rylexis has 15 seconds left.\n|\n|t:|1682622554\n|switch|p2a: Amoonguss|Amoonguss, L50, F|100\/100\n|switch|p1b: Corviknight|Corviknight, L50, F|100\/100\n|-terastallize|p2b: Sandy Shocks|Grass\n|move|p1a: Iron Treads|Stomping Tantrum|p2b: Sandy Shocks\n|-resisted|p2b: Sandy Shocks\n|-damage|p2b: Sandy Shocks|55\/100\n|move|p2b: Sandy Shocks|Earth Power|p1a: Iron Treads\n|-supereffective|p1a: Iron Treads\n|-damage|p1a: Iron Treads|0 fnt\n|faint|p1a: Iron Treads\n|-end|p1a: Iron Treads|Quark Drive|[silent]\n|\n|upkeep\n|\n|t:|1682622574\n|switch|p1a: Gholdengo|Gholdengo, L50|100\/100\n|turn|3\n|\n|t:|1682622591\n|move|p2b: Sandy Shocks|Protect|p2b: Sandy Shocks\n|-singleturn|p2b: Sandy Shocks|Protect\n|move|p1a: Gholdengo|Make It Rain|p2a: Amoonguss|[spread] p2a\n|-activate|p2b: Sandy Shocks|move: Protect\n|-damage|p2a: Amoonguss|31\/100\n|-unboost|p1a: Gholdengo|spa|1\n|-enditem|p2a: Amoonguss|Sitrus Berry|[eat]\n|-heal|p2a: Amoonguss|56\/100|[from] item: Sitrus Berry\n|move|p1b: Corviknight|Brave Bird|p2b: Sandy Shocks\n|-activate|p2b: Sandy Shocks|move: Protect\n|move|p2a: Amoonguss|Spore|p1b: Corviknight\n|-activate|p1b: Corviknight|item: Safety Goggles|Spore\n|\n|upkeep\n|turn|4\n|inactive|Pog Johnson has 30 seconds left.\n|\n|t:|1682622622\n|switch|p2a: Palafin|Palafin-Hero, L50, M|100\/100\n|-activate|p2a: Palafin|ability: Zero to Hero\n|move|p2b: Sandy Shocks|Thunderbolt|p1b: Corviknight\n|-supereffective|p1b: Corviknight\n|-damage|p1b: Corviknight|0 fnt\n|faint|p1b: Corviknight\n|move|p1a: Gholdengo|Make It Rain|p2a: Palafin|[spread] p2a,p2b\n|-resisted|p2a: Palafin\n|-damage|p2a: Palafin|76\/100\n|-damage|p2b: Sandy Shocks|0 fnt\n|-unboost|p1a: Gholdengo|spa|1\n|faint|p2b: Sandy Shocks\n|-end|p2b: Sandy Shocks|Protosynthesis|[silent]\n|\n|upkeep\n|inactive|Pog Johnson has 30 seconds left.\n|\n|t:|1682622647\n|switch|p2b: Amoonguss|Amoonguss, L50, F|56\/100\n|switch|p1b: Kingambit|Kingambit, L50, M|100\/100\n|turn|5\n|\n|t:|1682622667\n|-terastallize|p1b: Kingambit|Water\n|move|p2a: Palafin|Protect|p2a: Palafin\n|-singleturn|p2a: Palafin|Protect\n|move|p1a: Gholdengo|Make It Rain|p2a: Palafin|[spread] p2b\n|-activate|p2a: Palafin|move: Protect\n|-crit|p2b: Amoonguss\n|-damage|p2b: Amoonguss|0 fnt\n|-unboost|p1a: Gholdengo|spa|1\n|faint|p2b: Amoonguss\n|move|p1b: Kingambit|Iron Head|p2a: Palafin\n|-activate|p2a: Palafin|move: Protect\n|\n|upkeep\n|\n|t:|1682622674\n|switch|p2b: Arcanine|Arcanine, L50, F|62\/100\n|-ability|p2b: Arcanine|Intimidate|boost\n|-unboost|p1a: Gholdengo|atk|1\n|-unboost|p1b: Kingambit|atk|1\n|-ability|p1b: Kingambit|Defiant|boost\n|-boost|p1b: Kingambit|atk|2\n|turn|6\n|\n|t:|1682622693\n|move|p2b: Arcanine|Will-O-Wisp|p1b: Kingambit\n|-status|p1b: Kingambit|brn\n|move|p2a: Palafin|Wave Crash|p1b: Kingambit\n|-resisted|p1b: Kingambit\n|-damage|p1b: Kingambit|62\/100 brn\n|-damage|p2a: Palafin|63\/100|[from] Recoil\n|move|p1a: Gholdengo|Make It Rain|p2b: Arcanine|[spread] p2a,p2b\n|-resisted|p2a: Palafin\n|-resisted|p2b: Arcanine\n|-damage|p2a: Palafin|46\/100\n|-damage|p2b: Arcanine|47\/100\n|-unboost|p1a: Gholdengo|spa|1\n|move|p1b: Kingambit|Kowtow Cleave|p2a: Palafin\n|-damage|p2a: Palafin|14\/100\n|\n|-damage|p1b: Kingambit|57\/100 brn|[from] brn\n|upkeep\n|turn|7\n|inactive|Pog Johnson has 30 seconds left.\n|\n|t:|1682622720\n|move|p1b: Kingambit|Sucker Punch|p2a: Palafin\n|-damage|p2a: Palafin|0 fnt\n|faint|p2a: Palafin\n|move|p2b: Arcanine|Flare Blitz|p1b: Kingambit\n|-resisted|p1b: Kingambit\n|-damage|p1b: Kingambit|40\/100 brn\n|-damage|p2b: Arcanine|42\/100|[from] Recoil\n|move|p1a: Gholdengo|Make It Rain|p2b: Arcanine\n|-resisted|p2b: Arcanine\n|-damage|p2b: Arcanine|25\/100\n|-unboost|p1a: Gholdengo|spa|1\n|\n|-damage|p1b: Kingambit|34\/100 brn|[from] brn\n|upkeep\n|turn|8\n|-message|Pog Johnson forfeited.\n|\n|win|Rylexis\n|raw|Rylexis's rating: 1320 → 1346<\/strong> (+26 for winning)\n|raw|Pog Johnson's rating: 1419 → 1393<\/strong> (-26 for losing)\n|l|\u2606Pog Johnson\n","uploadtime":1682622739,"views":14,"p1id":"rylexis","p2id":"pogjohnson","formatid":"gen9vgc2023regulationc","rating":1346,"private":0,"password":""}