{"id":"gen9vgc2023regulationc-1847864397","p1":"JB184351","p2":"Hadrian1917","format":"[Gen 9] VGC 2023 Regulation C","log":"|j|\u2606JB184351\n|j|\u2606Hadrian1917\n|t:|1682008239\n|gametype|doubles\n|player|p1|JB184351|101|1240\n|player|p2|Hadrian1917|brock|1248\n|teamsize|p1|6\n|teamsize|p2|6\n|gen|9\n|tier|[Gen 9] VGC 2023 Regulation C\n|rated|\n|rule|Species Clause: Limit one of each Pok\u00e9mon\n|rule|Item Clause: Limit one of each item\n|clearpoke\n|poke|p1|Scizor, L50, F|\n|poke|p1|Flutter Mane, L50|\n|poke|p1|Chi-Yu, L50|\n|poke|p1|Tauros-Paldea-Blaze, L50, M|\n|poke|p1|Iron Bundle, L50|\n|poke|p1|Klefki, L50, M|\n|poke|p2|Flutter Mane, L50|\n|poke|p2|Arcanine, L50, F|\n|poke|p2|Baxcalibur, L50, F|\n|poke|p2|Ting-Lu, L50|\n|poke|p2|Gyarados, L50, M|\n|poke|p2|Amoonguss, L50, M|\n|teampreview|4\nJB184351 rejected open team sheets.\n|inactive|Battle timer is ON: inactive players will automatically lose when time's up. (requested by Hadrian1917)\n|\n|t:|1682008283\n|start\n|switch|p1a: Chi-Yu|Chi-Yu, L50|100\/100\n|switch|p1b: Flutter Mane|Flutter Mane, L50|100\/100\n|switch|p2a: Ting-Lu|Ting-Lu, L50|100\/100\n|switch|p2b: Amoonguss|Amoonguss, L50, M|100\/100\n|-ability|p1a: Chi-Yu|Beads of Ruin\n|-ability|p2a: Ting-Lu|Vessel of Ruin\n|turn|1\n|inactive|JB184351 has 30 seconds left.\n|inactive|Hadrian1917 has 30 seconds left.\n|\n|t:|1682008315\n|-terastallize|p2a: Ting-Lu|Grass\n|move|p1a: Chi-Yu|Heat Wave|p2a: Ting-Lu|[spread] p2a,p2b\n|-supereffective|p2a: Ting-Lu\n|-supereffective|p2b: Amoonguss\n|-damage|p2a: Ting-Lu|65\/100\n|-damage|p2b: Amoonguss|37\/100\n|move|p1b: Flutter Mane|Dazzling Gleam|p2a: Ting-Lu|[spread] p2a,p2b\n|-resisted|p2b: Amoonguss\n|-damage|p2a: Ting-Lu|49\/100\n|-damage|p2b: Amoonguss|22\/100\n|move|p2a: Ting-Lu|Heavy Slam|p1b: Flutter Mane\n|-supereffective|p1b: Flutter Mane\n|-enditem|p1b: Flutter Mane|Focus Sash\n|-damage|p1b: Flutter Mane|1\/100\n|move|p2b: Amoonguss|Spore|p1a: Chi-Yu\n|-status|p1a: Chi-Yu|slp|[from] move: Spore\n|\n|upkeep\n|turn|2\n|\n|t:|1682008339\n|switch|p2a: Gyarados|Gyarados, L50, M|100\/100\n|-ability|p2a: Gyarados|Intimidate|boost\n|-unboost|p1a: Chi-Yu|atk|1\n|-unboost|p1b: Flutter Mane|atk|1\n|move|p2b: Amoonguss|Protect|p2b: Amoonguss\n|-singleturn|p2b: Amoonguss|Protect\n|cant|p1a: Chi-Yu|slp\n|move|p1b: Flutter Mane|Dazzling Gleam|p2b: Amoonguss|[spread] p2a\n|-activate|p2b: Amoonguss|move: Protect\n|-damage|p2a: Gyarados|70\/100\n|\n|upkeep\n|turn|3\n|\n|t:|1682008357\n|switch|p2b: Ting-Lu|Ting-Lu, L50, tera:Grass|49\/100\n|-ability|p2b: Ting-Lu|Vessel of Ruin\n|cant|p1a: Chi-Yu|slp\n|move|p1b: Flutter Mane|Dazzling Gleam|p2a: Gyarados|[spread] p2a,p2b\n|-damage|p2a: Gyarados|45\/100\n|-damage|p2b: Ting-Lu|31\/100\n|-enditem|p2a: Gyarados|Sitrus Berry|[eat]\n|-heal|p2a: Gyarados|70\/100|[from] item: Sitrus Berry\n|move|p2a: Gyarados|Waterfall|p1a: Chi-Yu\n|-supereffective|p1a: Chi-Yu\n|-damage|p1a: Chi-Yu|0 fnt\n|faint|p1a: Chi-Yu\n|\n|upkeep\n|\n|t:|1682008372\n|switch|p1a: Iron Bundle|Iron Bundle, L50|100\/100\n|-enditem|p1a: Iron Bundle|Booster Energy\n|-activate|p1a: Iron Bundle|ability: Quark Drive|[fromitem]\n|-start|p1a: Iron Bundle|quarkdrivespe\n|turn|4\n|inactive|Hadrian1917 has 30 seconds left.\n|\n|t:|1682008403\n|move|p1a: Iron Bundle|Freeze-Dry|p2a: Gyarados\n|-supereffective|p2a: Gyarados\n|-damage|p2a: Gyarados|0 fnt\n|faint|p2a: Gyarados\n|move|p1b: Flutter Mane|Shadow Ball|p2b: Ting-Lu\n|-damage|p2b: Ting-Lu|16\/100\n|move|p2b: Ting-Lu|Heavy Slam|p1a: Iron Bundle\n|-damage|p1a: Iron Bundle|61\/100\n|\n|upkeep\n|\n|t:|1682008417\n|switch|p2a: Amoonguss|Amoonguss, L50, M|56\/100\n|turn|5\n|\n|t:|1682008434\n|move|p1a: Iron Bundle|Protect|p1a: Iron Bundle\n|-singleturn|p1a: Iron Bundle|Protect\n|move|p2a: Amoonguss|Protect|p2a: Amoonguss\n|-singleturn|p2a: Amoonguss|Protect\n|move|p1b: Flutter Mane|Dazzling Gleam|p2b: Ting-Lu|[spread] p2b\n|-activate|p2a: Amoonguss|move: Protect\n|-damage|p2b: Ting-Lu|4\/100\n|move|p2b: Ting-Lu|Heavy Slam|p1b: Flutter Mane\n|-supereffective|p1b: Flutter Mane\n|-damage|p1b: Flutter Mane|0 fnt\n|faint|p1b: Flutter Mane\n|-end|p1b: Flutter Mane|Protosynthesis|[silent]\n|\n|upkeep\n|\n|t:|1682008446\n|switch|p1b: Tauros|Tauros-Paldea-Blaze, L50, M|100\/100\n|-ability|p1b: Tauros|Intimidate|boost\n|-unboost|p2a: Amoonguss|atk|1\n|-unboost|p2b: Ting-Lu|atk|1\n|turn|6\n|inactive|Hadrian1917 has 30 seconds left.\n|inactive|Hadrian1917 has 20 seconds left.\n|inactive|Hadrian1917 has 15 seconds left.\n|inactive|Hadrian1917 has 10 seconds left.\n|\n|t:|1682008492\n|move|p2a: Amoonguss|Protect|p2a: Amoonguss\n|-singleturn|p2a: Amoonguss|Protect\n|move|p1a: Iron Bundle|Icy Wind|p2a: Amoonguss|[spread] \n|-activate|p2a: Amoonguss|move: Protect\n|-miss|p1a: Iron Bundle|p2b: Ting-Lu\n|move|p1b: Tauros|Raging Bull|p2a: Amoonguss\n|-activate|p2a: Amoonguss|move: Protect\n|move|p2b: Ting-Lu|Heavy Slam|p1a: Iron Bundle\n|-damage|p1a: Iron Bundle|36\/100\n|\n|upkeep\n|turn|7\n|inactive|Hadrian1917 has 30 seconds left.\n|\n|t:|1682008526\n|move|p1a: Iron Bundle|Icy Wind|p2a: Amoonguss|[spread] p2a,p2b\n|-supereffective|p2a: Amoonguss\n|-supereffective|p2b: Ting-Lu\n|-damage|p2a: Amoonguss|27\/100\n|-damage|p2b: Ting-Lu|0 fnt\n|-unboost|p2a: Amoonguss|spe|1\n|faint|p2b: Ting-Lu\n|move|p1b: Tauros|Raging Bull|p2a: Amoonguss\n|-supereffective|p2a: Amoonguss\n|-damage|p2a: Amoonguss|0 fnt\n|-damage|p1b: Tauros|84\/100|[from] item: Rocky Helmet|[of] p2a: Amoonguss\n|faint|p2a: Amoonguss\n|-damage|p1b: Tauros|74\/100|[from] item: Life Orb\n|\n|upkeep\n|\n|t:|1682008538\n|switch|p2b: Flutter Mane|Flutter Mane, L50|100\/100\n|turn|8\n|\n|t:|1682008560\n|-terastallize|p1a: Iron Bundle|Ice\n|move|p1a: Iron Bundle|Freeze-Dry|p2b: Flutter Mane\n|-damage|p2b: Flutter Mane|54\/100\n|move|p2b: Flutter Mane|Dazzling Gleam|p1b: Tauros|[spread] p1a,p1b\n|-crit|p1a: Iron Bundle\n|-damage|p1a: Iron Bundle|0 fnt\n|-damage|p1b: Tauros|4\/100\n|faint|p1a: Iron Bundle\n|-end|p1a: Iron Bundle|Quark Drive|[silent]\n|move|p1b: Tauros|Raging Bull|p2b: Flutter Mane\n|-damage|p2b: Flutter Mane|0 fnt\n|faint|p2b: Flutter Mane\n|-end|p2b: Flutter Mane|Protosynthesis|[silent]\n|-damage|p1b: Tauros|0 fnt|[from] item: Life Orb\n|faint|p1b: Tauros\n|\n|win|JB184351\n|raw|JB184351's rating: 1240 → 1266<\/strong> (+26 for winning)\n|raw|Hadrian1917's rating: 1248 → 1222<\/strong> (-26 for losing)\n","uploadtime":1682008575,"views":8,"p1id":"jb184351","p2id":"hadrian1917","formatid":"gen9vgc2023regulationc","rating":1222,"private":0,"password":""}