{"id":"gen9vgc2023regulationc-1849963122","p1":"Cube_master69","p2":"VictorbrineCassini","format":"[Gen 9] VGC 2023 Regulation C","log":"|j|\u2606Cube_master69\n|j|\u2606VictorbrineCassini\n|t:|1682272756\n|gametype|doubles\n|player|p1|Cube_master69|102|1032\n|player|p2|VictorbrineCassini|170|1056\n|teamsize|p1|6\n|teamsize|p2|6\n|gen|9\n|tier|[Gen 9] VGC 2023 Regulation C\n|rated|\n|rule|Species Clause: Limit one of each Pok\u00e9mon\n|rule|Item Clause: Limit one of each item\n|clearpoke\n|poke|p1|Flutter Mane, L50|\n|poke|p1|Dragonite, L50, F|\n|poke|p1|Brute Bonnet, L50|\n|poke|p1|Palafin, L50, M|\n|poke|p1|Iron Hands, L50|\n|poke|p1|Kingambit, L50, M|\n|poke|p2|Slither Wing, L50|\n|poke|p2|Great Tusk, L50|\n|poke|p2|Flutter Mane, L50|\n|poke|p2|Corviknight, L50, F|\n|poke|p2|Chien-Pao, L50|\n|poke|p2|Torkoal, L50, F|\n|teampreview|4\nVictorbrineCassini has agreed to open team sheets.\n|\n|t:|1682272864\n|start\n|switch|p1a: Flutter Mane|Flutter Mane, L50|100\/100\n|switch|p1b: Dragonite|Dragonite, L50, F, shiny|100\/100\n|switch|p2a: Blue Bird|Corviknight, L50, F|100\/100\n|switch|p2b: Sim\u00e9on|Slither Wing, L50|100\/100\n|-ability|p2a: Blue Bird|Pressure\n|-enditem|p1a: Flutter Mane|Booster Energy\n|-activate|p1a: Flutter Mane|ability: Protosynthesis|[fromitem]\n|-start|p1a: Flutter Mane|protosynthesisspa\n|turn|1\n|\n|t:|1682272912\n|-terastallize|p2b: Sim\u00e9on|Fire\n|-terastallize|p1b: Dragonite|Normal\n|move|p2b: Sim\u00e9on|First Impression|p1a: Flutter Mane\n|-resisted|p1a: Flutter Mane\n|-damage|p1a: Flutter Mane|80\/100\n|move|p1b: Dragonite|Extreme Speed|p2b: Sim\u00e9on\n|-damage|p2b: Sim\u00e9on|55\/100\n|move|p1a: Flutter Mane|Calm Mind|p1a: Flutter Mane\n|-boost|p1a: Flutter Mane|spa|1\n|-boost|p1a: Flutter Mane|spd|1\n|move|p2a: Blue Bird|Tailwind|p2a: Blue Bird\n|-sidestart|p2: VictorbrineCassini|move: Tailwind\n|\n|upkeep\n|turn|2\n|\n|t:|1682272949\n|move|p1b: Dragonite|Extreme Speed|p2b: Sim\u00e9on\n|-damage|p2b: Sim\u00e9on|5\/100\n|move|p2b: Sim\u00e9on|Flame Charge|p1a: Flutter Mane\n|-damage|p1a: Flutter Mane|27\/100\n|-boost|p2b: Sim\u00e9on|spe|1\n|move|p2a: Blue Bird|Bulk Up|p2a: Blue Bird\n|-boost|p2a: Blue Bird|atk|1\n|-boost|p2a: Blue Bird|def|1\n|move|p1a: Flutter Mane|Dazzling Gleam|p2b: Sim\u00e9on|[spread] p2a,p2b\n|-resisted|p2a: Blue Bird\n|-resisted|p2b: Sim\u00e9on\n|-damage|p2a: Blue Bird|76\/100\n|-damage|p2b: Sim\u00e9on|0 fnt\n|faint|p2b: Sim\u00e9on\n|-end|p2b: Sim\u00e9on|Protosynthesis|[silent]\n|\n|upkeep\n|\n|t:|1682272968\n|switch|p2b: The VVitch|Flutter Mane, L50|100\/100\n|-enditem|p2b: The VVitch|Booster Energy\n|-activate|p2b: The VVitch|ability: Protosynthesis|[fromitem]\n|-start|p2b: The VVitch|protosynthesisspe\n|turn|3\n|\n|t:|1682272981\n|move|p2b: The VVitch|Shadow Ball|p1a: Flutter Mane\n|-supereffective|p1a: Flutter Mane\n|-damage|p1a: Flutter Mane|0 fnt\n|faint|p1a: Flutter Mane\n|-end|p1a: Flutter Mane|Protosynthesis|[silent]\n|move|p2a: Blue Bird|Body Press|p1b: Dragonite\n|-supereffective|p1b: Dragonite\n|-crit|p1b: Dragonite\n|-damage|p1b: Dragonite|0 fnt\n|faint|p1b: Dragonite\n|\n|upkeep\n|\n|t:|1682272994\n|switch|p1a: Iron Hands|Iron Hands, L50|100\/100\n|switch|p1b: Brute Bonnet|Brute Bonnet, L50|100\/100\n|turn|4\n|\n|t:|1682273018\n|move|p1a: Iron Hands|Fake Out|p2a: Blue Bird\n|-resisted|p2a: Blue Bird\n|-damage|p2a: Blue Bird|73\/100\n|move|p2b: The VVitch|Dazzling Gleam|p1b: Brute Bonnet|[spread] p1a,p1b\n|-supereffective|p1a: Iron Hands\n|-supereffective|p1b: Brute Bonnet\n|-damage|p1a: Iron Hands|40\/100\n|-damage|p1b: Brute Bonnet|49\/100\n|cant|p2a: Blue Bird|flinch\n|move|p1b: Brute Bonnet|Spore|p2b: The VVitch\n|-status|p2b: The VVitch|slp|[from] move: Spore\n|\n|-sideend|p2: VictorbrineCassini|move: Tailwind\n|upkeep\n|turn|5\n|\n|t:|1682273035\n|cant|p2b: The VVitch|slp\n|move|p1a: Iron Hands|Drain Punch|p2a: Blue Bird\n|-damage|p2a: Blue Bird|60\/100\n|-heal|p1a: Iron Hands|46\/100|[from] drain|[of] p2a: Blue Bird\n|move|p2a: Blue Bird|Body Press|p1b: Brute Bonnet\n|-supereffective|p1b: Brute Bonnet\n|-damage|p1b: Brute Bonnet|0 fnt\n|faint|p1b: Brute Bonnet\n|-end|p1b: Brute Bonnet|Protosynthesis|[silent]\n|\n|upkeep\n|turn|6\n|\n|t:|1682273048\n|cant|p2b: The VVitch|slp\n|move|p1a: Iron Hands|Electric Terrain|p1a: Iron Hands\n|-fieldstart|move: Electric Terrain\n|-activate|p1a: Iron Hands|ability: Quark Drive\n|-start|p1a: Iron Hands|quarkdriveatk\n|move|p2a: Blue Bird|Body Press|p1a: Iron Hands\n|-damage|p1a: Iron Hands|16\/100\n|-damage|p2a: Blue Bird|43\/100|[from] item: Rocky Helmet|[of] p1a: Iron Hands\n|\n|upkeep\n|turn|7\n|\n|t:|1682273065\n|cant|p2b: The VVitch|slp\n|move|p1a: Iron Hands|Drain Punch|p2a: Blue Bird\n|-damage|p2a: Blue Bird|25\/100\n|-heal|p1a: Iron Hands|25\/100|[from] drain|[of] p2a: Blue Bird\n|move|p2a: Blue Bird|U-turn|p1a: Iron Hands\n|-resisted|p1a: Iron Hands\n|-damage|p1a: Iron Hands|16\/100\n|-damage|p2a: Blue Bird|8\/100|[from] item: Rocky Helmet|[of] p1a: Iron Hands\n|\n|t:|1682273075\n|switch|p2a: Meow|Chien-Pao, L50|100\/100|[from] U-turn\n|-ability|p2a: Meow|Sword of Ruin\n|\n|upkeep\n|turn|8\n|\n|t:|1682273084\n|move|p2a: Meow|Sucker Punch||[still]\n|-fail|p2a: Meow\n|-curestatus|p2b: The VVitch|slp|[msg]\n|move|p2b: The VVitch|Dazzling Gleam|p1a: Iron Hands\n|-supereffective|p1a: Iron Hands\n|-damage|p1a: Iron Hands|0 fnt\n|faint|p1a: Iron Hands\n|-end|p1a: Iron Hands|Quark Drive|[silent]\n|\n|win|VictorbrineCassini\n|raw|Cube_master69's rating: 1032 → 1018<\/strong> (-14 for losing)\n|raw|VictorbrineCassini's rating: 1056 → 1085<\/strong> (+29 for winning)\n","uploadtime":1682273093,"views":9,"p1id":"cubemaster69","p2id":"victorbrinecassini","formatid":"gen9vgc2023regulationc","rating":1018,"private":0,"password":""}