{"id":"gen9vgc2023regulationc-1846432729","p1":"BigSalta","p2":"Hadrian1917","format":"[Gen 9] VGC 2023 Regulation C","log":"|j|\u2606BigSalta\n|j|\u2606Hadrian1917\n|t:|1681840431\n|gametype|doubles\n|player|p1|BigSalta|cynthia|1318\n|player|p2|Hadrian1917|brock|1343\n|teamsize|p1|6\n|teamsize|p2|6\n|gen|9\n|tier|[Gen 9] VGC 2023 Regulation C\n|rated|\n|rule|Species Clause: Limit one of each Pok\u00e9mon\n|rule|Item Clause: Limit one of each item\n|clearpoke\n|poke|p1|Talonflame, L50, F|\n|poke|p1|Flutter Mane, L50|\n|poke|p1|Chien-Pao, L50|\n|poke|p1|Garchomp, L50, F|\n|poke|p1|Tyranitar, L50, F|\n|poke|p1|Iron Bundle, L50|\n|poke|p2|Flutter Mane, L50|\n|poke|p2|Arcanine, L50, F|\n|poke|p2|Baxcalibur, L50, M|\n|poke|p2|Ting-Lu, L50|\n|poke|p2|Gyarados, L50, F|\n|poke|p2|Amoonguss, L50, F|\n|teampreview|4\n|\n|t:|1681840478\n|start\n|switch|p1a: Iron Bundle|Iron Bundle, L50|100\/100\n|switch|p1b: Flutter Mane|Flutter Mane, L50|100\/100\n|switch|p2a: Amoonguss|Amoonguss, L50, F|100\/100\n|switch|p2b: Flutter Mane|Flutter Mane, L50|100\/100\n|-enditem|p1a: Iron Bundle|Booster Energy\n|-activate|p1a: Iron Bundle|ability: Quark Drive|[fromitem]\n|-start|p1a: Iron Bundle|quarkdrivespe\n|turn|1\n|\n|t:|1681840514\n|move|p1a: Iron Bundle|Icy Wind|p2b: Flutter Mane|[spread] p2b\n|-miss|p1a: Iron Bundle|p2a: Amoonguss\n|-damage|p2b: Flutter Mane|79\/100\n|-unboost|p2b: Flutter Mane|spe|1\n|move|p1b: Flutter Mane|Shadow Ball|p2a: Amoonguss\n|-crit|p2a: Amoonguss\n|-damage|p2a: Amoonguss|21\/100\n|move|p2b: Flutter Mane|Dazzling Gleam|p1b: Flutter Mane|[spread] p1a,p1b\n|-damage|p1a: Iron Bundle|8\/100\n|-damage|p1b: Flutter Mane|56\/100\n|move|p2a: Amoonguss|Spore|p1b: Flutter Mane\n|-status|p1b: Flutter Mane|slp|[from] move: Spore\n|\n|upkeep\n|turn|2\n|\n|t:|1681840559\n|-terastallize|p2b: Flutter Mane|Fairy\n|move|p1a: Iron Bundle|Hydro Pump|p2a: Amoonguss\n|-resisted|p2a: Amoonguss\n|-damage|p2a: Amoonguss|0 fnt\n|faint|p2a: Amoonguss\n|cant|p1b: Flutter Mane|slp\n|move|p2b: Flutter Mane|Dazzling Gleam|p1a: Iron Bundle|[spread] p1a,p1b\n|-damage|p1a: Iron Bundle|0 fnt\n|-damage|p1b: Flutter Mane|0 fnt\n|faint|p1a: Iron Bundle\n|-end|p1a: Iron Bundle|Quark Drive|[silent]\n|faint|p1b: Flutter Mane\n|-end|p1b: Flutter Mane|Protosynthesis|[silent]\n|\n|upkeep\n|\n|t:|1681840571\n|switch|p1a: Talonflame|Talonflame, L50, F|100\/100\n|switch|p1b: Garchomp|Garchomp, L50, F|100\/100\n|switch|p2a: Ting-Lu|Ting-Lu, L50|100\/100\n|-ability|p2a: Ting-Lu|Vessel of Ruin\n|turn|3\n|\n|t:|1681840606\n|-end|p2b: Flutter Mane|Protosynthesis|[silent]\n|switch|p2b: Arcanine|Arcanine, L50, F|100\/100\n|-ability|p2b: Arcanine|Intimidate|boost\n|-unboost|p1a: Talonflame|atk|1\n|-fail|p1b: Garchomp|unboost|[from] item: Clear Amulet|[of] p1b: Garchomp\n|move|p1a: Talonflame|Will-O-Wisp|p2a: Ting-Lu|[miss]\n|-miss|p1a: Talonflame|p2a: Ting-Lu\n|move|p1b: Garchomp|Earthquake|p2a: Ting-Lu|[spread] p2a,p2b\n|-immune|p1a: Talonflame\n|-supereffective|p2b: Arcanine\n|-damage|p2a: Ting-Lu|81\/100\n|-damage|p2b: Arcanine|17\/100\n|move|p2a: Ting-Lu|Fissure|p1b: Garchomp|[miss]\n|-miss|p2a: Ting-Lu|p1b: Garchomp\n|\n|upkeep\n|turn|4\n|\n|t:|1681840635\n|move|p1b: Garchomp|Protect|p1b: Garchomp\n|-singleturn|p1b: Garchomp|Protect\n|move|p2b: Arcanine|Extreme Speed|p1a: Talonflame\n|-damage|p1a: Talonflame|74\/100\n|move|p1a: Talonflame|Tailwind|p1a: Talonflame\n|-sidestart|p1: BigSalta|move: Tailwind\n|move|p2a: Ting-Lu|Fissure|p1b: Garchomp\n|-activate|p1b: Garchomp|move: Protect\n|\n|upkeep\n|turn|5\n|\n|t:|1681840653\n|move|p2b: Arcanine|Extreme Speed|p1a: Talonflame\n|-damage|p1a: Talonflame|42\/100\n|move|p1a: Talonflame|Brave Bird|p2a: Ting-Lu\n|-damage|p2a: Ting-Lu|68\/100\n|-damage|p1a: Talonflame|37\/100|[from] Recoil\n|move|p1b: Garchomp|Earthquake|p2b: Arcanine|[spread] p2a,p2b\n|-immune|p1a: Talonflame\n|-supereffective|p2b: Arcanine\n|-damage|p2a: Ting-Lu|45\/100\n|-damage|p2b: Arcanine|0 fnt\n|faint|p2b: Arcanine\n|move|p2a: Ting-Lu|Fissure|p1b: Garchomp|[miss]\n|-miss|p2a: Ting-Lu|p1b: Garchomp\n|\n|upkeep\n|\n|t:|1681840666\n|switch|p2b: Flutter Mane|Flutter Mane, L50, tera:Fairy|79\/100\n|turn|6\n|\n|t:|1681840678\n|-terastallize|p1b: Garchomp|Steel\n|move|p1a: Talonflame|Brave Bird|p2a: Ting-Lu\n|-damage|p2a: Ting-Lu|32\/100\n|-damage|p1a: Talonflame|31\/100|[from] Recoil\n|move|p1b: Garchomp|Earthquake|p2a: Ting-Lu|[spread] p2a,p2b\n|-immune|p1a: Talonflame\n|-damage|p2a: Ting-Lu|11\/100\n|-damage|p2b: Flutter Mane|20\/100\n|move|p2b: Flutter Mane|Dazzling Gleam|p1a: Talonflame|[spread] p1a,p1b\n|-resisted|p1a: Talonflame\n|-crit|p1a: Talonflame\n|-resisted|p1b: Garchomp\n|-damage|p1a: Talonflame|0 fnt\n|-damage|p1b: Garchomp|75\/100\n|faint|p1a: Talonflame\n|move|p2a: Ting-Lu|Fissure|p1b: Garchomp|[miss]\n|-miss|p2a: Ting-Lu|p1b: Garchomp\n|\n|upkeep\n|turn|7\n|\n|t:|1681840700\n|move|p1b: Garchomp|Earthquake|p2a: Ting-Lu|[spread] p2a,p2b\n|-damage|p2a: Ting-Lu|0 fnt\n|-damage|p2b: Flutter Mane|0 fnt\n|faint|p2a: Ting-Lu\n|faint|p2b: Flutter Mane\n|-end|p2b: Flutter Mane|Protosynthesis|[silent]\n|\n|win|BigSalta\n|raw|BigSalta's rating: 1318 → 1339<\/strong> (+21 for winning)\n|raw|Hadrian1917's rating: 1343 → 1322<\/strong> (-21 for losing)\n","uploadtime":1681840709,"views":8,"p1id":"bigsalta","p2id":"hadrian1917","formatid":"gen9vgc2023regulationc","rating":1322,"private":0,"password":""}