{"id":"gen9vgc2023regulationc-1848761264","p1":"donpapa22","p2":"EeveeAddict","format":"[Gen 9] VGC 2023 Regulation C","log":"|j|\u2606donpapa22\n|j|\u2606EeveeAddict\n|t:|1682107747\n|gametype|doubles\n|player|p1|donpapa22|2|1045\n|player|p2|EeveeAddict|idol|1117\n|teamsize|p1|6\n|teamsize|p2|6\n|gen|9\n|tier|[Gen 9] VGC 2023 Regulation C\n|rated|\n|rule|Species Clause: Limit one of each Pok\u00e9mon\n|rule|Item Clause: Limit one of each item\n|clearpoke\n|poke|p1|Slaking, L50, M|\n|poke|p1|Chien-Pao, L50|\n|poke|p1|Indeedee-F, L50, F|\n|poke|p1|Bronzong, L50|\n|poke|p1|Espathra, L50, M|\n|poke|p1|Lycanroc-Midnight, L50, F|\n|poke|p2|Bronzong, L50|\n|poke|p2|Lycanroc-Midnight, L50, F|\n|poke|p2|Ting-Lu, L50|\n|poke|p2|Garganacl, L50, F|\n|poke|p2|Abomasnow, L50, M|\n|poke|p2|Indeedee-F, L50, F|\n|teampreview|4\n|c|\u2606EeveeAddict|hang on a second\n|c|\u2606EeveeAddict|something looks familiar\n|c|\u2606donpapa22|xD\n|c|\u2606donpapa22|u kidding me\n|inactive|Battle timer is ON: inactive players will automatically lose when time's up. (requested by donpapa22)\n|c|\u2606EeveeAddict|I normally wouldn't spoil the surprise with open sheets, but I'm kind of curious\nEeveeAddict has agreed to open team sheets.\ndonpapa22 has agreed to open team sheets.\n|\n|t:|1682107800\n|start\n|switch|p1a: Lycanroc|Lycanroc-Midnight, L50, F|100\/100\n|switch|p1b: Indeedee|Indeedee-F, L50, F|100\/100\n|switch|p2a: Tetanus|Bronzong, L50|100\/100\n|switch|p2b: Rabies|Lycanroc-Midnight, L50, F, shiny|100\/100\n|-fieldstart|move: Psychic Terrain|[from] ability: Psychic Surge|[of] p1b: Indeedee\n|turn|1\n|c|\u2606EeveeAddict|lol\n|inactive|donpapa22 has 30 seconds left.\n|inactive|EeveeAddict has 30 seconds left.\n|inactive|EeveeAddict has 20 seconds left.\n|\n|t:|1682107837\n|move|p1a: Lycanroc|Helping Hand|p1b: Indeedee\n|-singleturn|p1b: Indeedee|Helping Hand|[of] p1a: Lycanroc\n|move|p1b: Indeedee|Energy Ball|p2b: Rabies\n|-supereffective|p2b: Rabies\n|-enditem|p2b: Rabies|Focus Sash\n|-damage|p2b: Rabies|1\/100\n|move|p2b: Rabies|Endeavor|p1a: Lycanroc\n|-damage|p1a: Lycanroc|1\/100\n|move|p2a: Tetanus|Skill Swap|p1b: Indeedee\n|-activate|p2a: Tetanus|move: Skill Swap|Psychic Surge|Levitate|[of] p1b: Indeedee\n|\n|upkeep\n|turn|2\n|inactive|donpapa22 has 30 seconds left.\n|inactive|EeveeAddict has 30 seconds left.\n|\n|t:|1682107863\n|move|p2b: Rabies|Protect|p2b: Rabies\n|-singleturn|p2b: Rabies|Protect\n|move|p1a: Lycanroc|Endure|p1a: Lycanroc\n|-singleturn|p1a: Lycanroc|move: Endure\n|move|p1b: Indeedee|Skill Swap|p1a: Lycanroc\n|-activate|p1b: Indeedee|move: Skill Swap|||[of] p1a: Lycanroc\n|move|p2a: Tetanus|Skill Swap|p1a: Lycanroc\n|-activate|p2a: Tetanus|move: Skill Swap|Levitate|Psychic Surge|[of] p1a: Lycanroc\n|\n|upkeep\n|turn|3\n|\n|t:|1682107887\n|switch|p2b: Cancer|Ting-Lu, L50|100\/100\n|-ability|p2b: Cancer|Vessel of Ruin\n|move|p1b: Indeedee|Protect|p1b: Indeedee\n|-singleturn|p1b: Indeedee|Protect\n|move|p1a: Lycanroc|Stone Edge|p2b: Cancer|[miss]\n|-miss|p1a: Lycanroc|p2b: Cancer\n|move|p2a: Tetanus|Skill Swap|p1b: Indeedee\n|-activate|p1b: Indeedee|move: Protect\n|\n|upkeep\n|turn|4\n|\n|t:|1682107903\n|switch|p1a: Chien-Pao|Chien-Pao, L50|100\/100\n|-ability|p1a: Chien-Pao|Sword of Ruin\n|-terastallize|p2b: Cancer|Grass\n|move|p1b: Indeedee|Skill Swap|p1a: Chien-Pao\n|-activate|p1b: Indeedee|move: Skill Swap|||[of] p1a: Chien-Pao\n|-ability|p1b: Indeedee|Sword of Ruin\n|move|p2b: Cancer|Stomping Tantrum|p1a: Chien-Pao\n|-damage|p1a: Chien-Pao|46\/100\n|move|p2a: Tetanus|Skill Swap|p1b: Indeedee\n|-activate|p2a: Tetanus|move: Skill Swap|Sword of Ruin|Levitate|[of] p1b: Indeedee\n|-ability|p2a: Tetanus|Sword of Ruin\n|\n|upkeep\n|turn|5\n|inactive|donpapa22 has 30 seconds left.\n|inactive|donpapa22 has 20 seconds left.\n|c|\u2606EeveeAddict|I'm having a hard time keeping up with what has what ability XD\n|\n|t:|1682107941\n|switch|p2b: Rabies|Lycanroc-Midnight, L50, F, shiny|1\/100\n|move|p1a: Chien-Pao|Sheer Cold|p2a: Tetanus\n|-damage|p2a: Tetanus|0 fnt\n|faint|p2a: Tetanus\n|-ohko\n|move|p1b: Indeedee|Skill Swap|p2b: Rabies\n|-activate|p1b: Indeedee|move: Skill Swap|No Guard|Levitate|[of] p2b: Rabies\n|\n|-fieldend|move: Psychic Terrain\n|upkeep\n|\n|t:|1682107952\n|switch|p2a: Gout|Garganacl, L50, F|100\/100\n|turn|6\n|\n|t:|1682107970\n|move|p1a: Chien-Pao|Protect|p1a: Chien-Pao\n|-singleturn|p1a: Chien-Pao|Protect\n|move|p2a: Gout|Protect|p2a: Gout\n|-singleturn|p2a: Gout|Protect\n|move|p1b: Indeedee|Energy Ball|p2b: Rabies\n|-supereffective|p2b: Rabies\n|-damage|p2b: Rabies|0 fnt\n|faint|p2b: Rabies\n|\n|upkeep\n|\n|t:|1682107978\n|switch|p2b: Cancer|Ting-Lu, L50, tera:Grass|100\/100\n|-ability|p2b: Cancer|Vessel of Ruin\n|turn|7\n|c|\u2606donpapa22|im just clicking xD\n|\n|t:|1682107993\n|move|p1a: Chien-Pao|Sheer Cold|p2a: Gout\n|-damage|p2a: Gout|0 fnt\n|faint|p2a: Gout\n|-ohko\n|move|p1b: Indeedee|Energy Ball|p2b: Cancer\n|-resisted|p2b: Cancer\n|-damage|p2b: Cancer|97\/100\n|-unboost|p2b: Cancer|spd|1\n|move|p2b: Cancer|Stomping Tantrum|p1a: Chien-Pao\n|-damage|p1a: Chien-Pao|3\/100\n|\n|upkeep\n|turn|8\n|c|\u2606donpapa22|gg\n|\n|t:|1682108012\n|move|p1a: Chien-Pao|Sheer Cold|p2b: Cancer\n|-damage|p2b: Cancer|0 fnt\n|faint|p2b: Cancer\n|-ohko\n|\n|win|donpapa22\n|raw|donpapa22's rating: 1045 → 1085<\/strong> (+40 for winning)\n|raw|EeveeAddict's rating: 1117 → 1087<\/strong> (-30 for losing)\n|c|\u2606donpapa22|that was crazy\n|c|\u2606donpapa22|good game xD\n|c|\u2606EeveeAddict|I dropped chien pao but I might try it again lol\n|c|\u2606donpapa22|good luck\n|l|\u2606donpapa22\n","uploadtime":1682108077,"views":12,"p1id":"donpapa22","p2id":"eeveeaddict","formatid":"gen9vgc2023regulationc","rating":1085,"private":0,"password":""}