{"id":"gen9vgc2023regulationc-1861295961","p1":"tylmoo","p2":"ScrubShadedPurple","format":"[Gen 9] VGC 2023 Regulation C","log":"|j|\u2606tylmoo\n|j|\u2606ScrubShadedPurple\n|t:|1683743428\n|gametype|doubles\n|player|p1|tylmoo|bugcatcher-gen4dp|1000\n|player|p2|ScrubShadedPurple|170|1103\n|teamsize|p1|6\n|teamsize|p2|6\n|gen|9\n|tier|[Gen 9] VGC 2023 Regulation C\n|rated|\n|rule|Species Clause: Limit one of each Pok\u00e9mon\n|rule|Item Clause: Limit one of each item\n|clearpoke\n|poke|p1|Flutter Mane, L50|\n|poke|p1|Amoonguss, L50, F|\n|poke|p1|Annihilape, L50, M|\n|poke|p1|Arcanine, L50, M|\n|poke|p1|Murkrow, L50, M|\n|poke|p1|Palafin, L50, M|\n|poke|p2|Revavroom, L50, M|\n|poke|p2|Gyarados, L50, M|\n|poke|p2|Maushold, L50|\n|poke|p2|Volcarona, L50, M|\n|poke|p2|Ting-Lu, L50|\n|poke|p2|Flutter Mane, L50|\n|teampreview|4\n|\n|t:|1683743481\n|start\n|switch|p1a: Arcanine|Arcanine, L50, M|100\/100\n|switch|p1b: Palafin|Palafin, L50, M|100\/100\n|switch|p2a: Revavroom|Revavroom, L50, M|100\/100\n|switch|p2b: Volcarona|Volcarona, L50, M|100\/100\n|-ability|p1a: Arcanine|Intimidate|boost\n|-fail|p2a: Revavroom|unboost|[from] item: Clear Amulet|[of] p2a: Revavroom\n|-unboost|p2b: Volcarona|atk|1\n|turn|1\n|\n|t:|1683743509\n|switch|p2b: Gyarados|Gyarados, L50, M|100\/100\n|-ability|p2b: Gyarados|Intimidate|boost\n|-unboost|p1a: Arcanine|atk|1\n|-unboost|p1b: Palafin|atk|1\n|move|p2a: Revavroom|Protect|p2a: Revavroom\n|-singleturn|p2a: Revavroom|Protect\n|move|p1b: Palafin|Protect|p1b: Palafin\n|-singleturn|p1b: Palafin|Protect\n|move|p1a: Arcanine|Will-O-Wisp|p2a: Revavroom\n|-activate|p2a: Revavroom|move: Protect\n|\n|upkeep\n|turn|2\n|\n|t:|1683743537\n|switch|p2a: Volcarona|Volcarona, L50, M|100\/100\n|detailschange|p1b: Palafin|Palafin-Hero, L50, M\n|switch|p1b: Amoonguss|Amoonguss, L50, F|100\/100\n|move|p1a: Arcanine|Will-O-Wisp|p2b: Gyarados|[miss]\n|-miss|p1a: Arcanine|p2b: Gyarados\n|move|p2b: Gyarados|Taunt|p1a: Arcanine\n|-start|p1a: Arcanine|move: Taunt\n|\n|upkeep\n|turn|3\n|\n|t:|1683743579\n|switch|p2a: Revavroom|Revavroom, L50, M|100\/100\n|move|p1a: Arcanine|Snarl|p2b: Gyarados|[spread] p2a,p2b\n|-damage|p2a: Revavroom|88\/100\n|-damage|p2b: Gyarados|93\/100\n|-unboost|p2b: Gyarados|spa|1\n|move|p2b: Gyarados|Taunt|p1b: Amoonguss\n|-start|p1b: Amoonguss|move: Taunt\n|cant|p1b: Amoonguss|move: Taunt|Spore\n|\n|upkeep\n|turn|4\n|\n|t:|1683743607\n|switch|p1b: Palafin|Palafin-Hero, L50, M|100\/100\n|-activate|p1b: Palafin|ability: Zero to Hero\n|-terastallize|p2a: Revavroom|Water\n|move|p2a: Revavroom|Shift Gear|p2a: Revavroom\n|-boost|p2a: Revavroom|spe|2\n|-boost|p2a: Revavroom|atk|1\n|move|p1a: Arcanine|Flare Blitz|p2a: Revavroom\n|-resisted|p2a: Revavroom\n|-damage|p2a: Revavroom|68\/100\n|-damage|p1a: Arcanine|95\/100|[from] Recoil\n|move|p2b: Gyarados|Thunder Wave|p1a: Arcanine\n|-status|p1a: Arcanine|par\n|\n|upkeep\n|turn|5\n|\n|t:|1683743637\n|switch|p1a: Amoonguss|Amoonguss, L50, F|100\/100\n|move|p2a: Revavroom|Protect|p2a: Revavroom\n|-singleturn|p2a: Revavroom|Protect\n|move|p1b: Palafin|Protect|p1b: Palafin\n|-singleturn|p1b: Palafin|Protect\n|move|p2b: Gyarados|Thunder Wave|p1b: Palafin\n|-activate|p1b: Palafin|move: Protect\n|\n|upkeep\n|turn|6\n|\n|t:|1683743661\n|move|p1a: Amoonguss|Rage Powder|p1a: Amoonguss\n|-singleturn|p1a: Amoonguss|move: Rage Powder\n|move|p2a: Revavroom|Iron Head|p1b: Palafin\n|-resisted|p1b: Palafin\n|-damage|p1b: Palafin|72\/100\n|cant|p1b: Palafin|flinch\n|move|p2b: Gyarados|Taunt|p1a: Amoonguss\n|-start|p1a: Amoonguss|move: Taunt\n|\n|upkeep\n|turn|7\n|\n|t:|1683743674\n|switch|p1a: Arcanine|Arcanine, L50, M|95\/100 par\n|-ability|p1a: Arcanine|Intimidate|boost\n|-fail|p2a: Revavroom|unboost|[from] item: Clear Amulet|[of] p2a: Revavroom\n|-unboost|p2b: Gyarados|atk|1\n|move|p2a: Revavroom|Protect|p2a: Revavroom\n|-singleturn|p2a: Revavroom|Protect\n|move|p1b: Palafin|Close Combat|p2a: Revavroom\n|-activate|p2a: Revavroom|move: Protect\n|move|p2b: Gyarados|Thunder Wave|p1b: Palafin\n|-status|p1b: Palafin|par\n|\n|upkeep\n|turn|8\n|inactive|Battle timer is ON: inactive players will automatically lose when time's up. (requested by tylmoo)\n|\n|t:|1683743735\n|switch|p2a: Volcarona|Volcarona, L50, M|100\/100\n|move|p2b: Gyarados|Taunt|p1a: Arcanine\n|-start|p1a: Arcanine|move: Taunt\n|move|p1b: Palafin|Close Combat|p2a: Volcarona\n|-resisted|p2a: Volcarona\n|-crit|p2a: Volcarona\n|-damage|p2a: Volcarona|51\/100\n|-unboost|p1b: Palafin|def|1\n|-unboost|p1b: Palafin|spd|1\n|cant|p1a: Arcanine|move: Taunt|Will-O-Wisp\n|\n|upkeep\n|turn|9\n|inactive|ScrubShadedPurple has 30 seconds left.\n|\n|t:|1683743765\n|switch|p2b: Ting-Lu|Ting-Lu, L50|100\/100\n|-ability|p2b: Ting-Lu|Vessel of Ruin\n|move|p1b: Palafin|Jet Punch|p2a: Volcarona\n|-supereffective|p2a: Volcarona\n|-damage|p2a: Volcarona|0 fnt\n|faint|p2a: Volcarona\n|move|p1a: Arcanine|Snarl|p2b: Ting-Lu\n|-resisted|p2b: Ting-Lu\n|-damage|p2b: Ting-Lu|98\/100\n|-unboost|p2b: Ting-Lu|spa|1\n|\n|upkeep\n|\n|t:|1683743778\n|switch|p2a: Gyarados|Gyarados, L50, M|93\/100\n|-ability|p2a: Gyarados|Intimidate|boost\n|-unboost|p1a: Arcanine|atk|1\n|-unboost|p1b: Palafin|atk|1\n|turn|10\n|\n|t:|1683743792\n|switch|p1a: Amoonguss|Amoonguss, L50, F|100\/100\n|move|p1b: Palafin|Protect|p1b: Palafin\n|-singleturn|p1b: Palafin|Protect\n|move|p2a: Gyarados|Waterfall|p1a: Amoonguss\n|-resisted|p1a: Amoonguss\n|-damage|p1a: Amoonguss|83\/100\n|move|p2b: Ting-Lu|Earthquake|p1a: Amoonguss|[spread] p1a\n|-activate|p1b: Palafin|move: Protect\n|-immune|p2a: Gyarados\n|-damage|p1a: Amoonguss|53\/100\n|\n|upkeep\n|turn|11\n|\n|t:|1683743810\n|switch|p1b: Arcanine|Arcanine, L50, M|95\/100 par\n|-ability|p1b: Arcanine|Intimidate|boost\n|-unboost|p2a: Gyarados|atk|1\n|-unboost|p2b: Ting-Lu|atk|1\n|move|p2a: Gyarados|Taunt|p1a: Amoonguss\n|-start|p1a: Amoonguss|move: Taunt\n|move|p2b: Ting-Lu|Ruination|p1b: Arcanine\n|-damage|p1b: Arcanine|48\/100 par\n|cant|p1a: Amoonguss|move: Taunt|Spore\n|\n|upkeep\n|turn|12\n|\n|t:|1683743830\n|move|p2a: Gyarados|Taunt|p1b: Arcanine\n|-start|p1b: Arcanine|move: Taunt\n|move|p2b: Ting-Lu|Ruination|p1a: Amoonguss\n|-damage|p1a: Amoonguss|27\/100\n|move|p1b: Arcanine|Flare Blitz|p2b: Ting-Lu\n|-damage|p2b: Ting-Lu|68\/100\n|-damage|p1b: Arcanine|36\/100 par|[from] Recoil\n|move|p1a: Amoonguss|Pollen Puff|p2b: Ting-Lu\n|-supereffective|p2b: Ting-Lu\n|-damage|p2b: Ting-Lu|54\/100\n|\n|upkeep\n|turn|13\n|\n|t:|1683743855\n|switch|p1b: Palafin|Palafin-Hero, L50, M|72\/100 par\n|move|p2a: Gyarados|Waterfall|p1b: Palafin\n|-resisted|p1b: Palafin\n|-damage|p1b: Palafin|60\/100 par\n|move|p2b: Ting-Lu|Earthquake|p1a: Amoonguss|[spread] p1a,p1b\n|-immune|p2a: Gyarados\n|-damage|p1a: Amoonguss|5\/100\n|-damage|p1b: Palafin|40\/100 par\n|move|p1a: Amoonguss|Pollen Puff|p1b: Palafin\n|-heal|p1b: Palafin|89\/100 par\n|\n|-end|p1a: Amoonguss|move: Taunt\n|upkeep\n|turn|14\n|\n|t:|1683743874\n|move|p1a: Amoonguss|Protect|p1a: Amoonguss\n|-singleturn|p1a: Amoonguss|Protect\n|move|p2a: Gyarados|Taunt|p1a: Amoonguss\n|-activate|p1a: Amoonguss|move: Protect\n|move|p2b: Ting-Lu|Earthquake|p1b: Palafin|[spread] p1b\n|-activate|p1a: Amoonguss|move: Protect\n|-immune|p2a: Gyarados\n|-damage|p1b: Palafin|69\/100 par\n|move|p1b: Palafin|Wave Crash|p2b: Ting-Lu\n|-supereffective|p2b: Ting-Lu\n|-damage|p2b: Ting-Lu|0 fnt\n|faint|p2b: Ting-Lu\n|-damage|p1b: Palafin|49\/100 par|[from] Recoil\n|\n|upkeep\n|\n|t:|1683743891\n|switch|p2b: Revavroom|Revavroom, L50, M, tera:Water|68\/100\n|turn|15\n|\n|t:|1683743905\n|switch|p1a: Arcanine|Arcanine, L50, M|36\/100 par\n|-ability|p1a: Arcanine|Intimidate|boost\n|-unboost|p2a: Gyarados|atk|1\n|-fail|p2b: Revavroom|unboost|[from] item: Clear Amulet|[of] p2b: Revavroom\n|move|p2b: Revavroom|Iron Head|p1b: Palafin\n|-resisted|p1b: Palafin\n|-damage|p1b: Palafin|30\/100 par\n|move|p2a: Gyarados|Waterfall|p1a: Arcanine\n|-supereffective|p1a: Arcanine\n|-damage|p1a: Arcanine|0 fnt\n|faint|p1a: Arcanine\n|cant|p1b: Palafin|par\n|\n|upkeep\n|\n|t:|1683743918\n|switch|p1a: Amoonguss|Amoonguss, L50, F|38\/100\n|turn|16\n|\n|t:|1683743930\n|switch|p1a: Flutter Mane|Flutter Mane, L50|100\/100\n|move|p2b: Revavroom|Protect|p2b: Revavroom\n|-singleturn|p2b: Revavroom|Protect\n|move|p2a: Gyarados|Taunt|p1a: Flutter Mane\n|-start|p1a: Flutter Mane|move: Taunt\n|cant|p1b: Palafin|par\n|\n|upkeep\n|turn|17\n|inactive|tylmoo has 30 seconds left.\n|inactive|ScrubShadedPurple has 30 seconds left.\n|inactive|tylmoo has 20 seconds left.\n|\n|t:|1683743972\n|-terastallize|p1a: Flutter Mane|Fairy\n|move|p2b: Revavroom|Protect||[still]\n|-fail|p2b: Revavroom\n|move|p1b: Palafin|Jet Punch|p2b: Revavroom\n|-resisted|p2b: Revavroom\n|-crit|p2b: Revavroom\n|-damage|p2b: Revavroom|19\/100\n|move|p1a: Flutter Mane|Moonblast|p2b: Revavroom\n|-damage|p2b: Revavroom|0 fnt\n|faint|p2b: Revavroom\n|move|p2a: Gyarados|Thunder Wave|p1a: Flutter Mane\n|-status|p1a: Flutter Mane|par\n|\n|upkeep\n|turn|18\n|\n|t:|1683743992\n|move|p1b: Palafin|Jet Punch|p2a: Gyarados\n|-resisted|p2a: Gyarados\n|-damage|p2a: Gyarados|69\/100\n|move|p2a: Gyarados|Waterfall|p1b: Palafin\n|-resisted|p1b: Palafin\n|-damage|p1b: Palafin|21\/100 par\n|move|p1a: Flutter Mane|Moonblast|p2a: Gyarados\n|-damage|p2a: Gyarados|11\/100\n|-unboost|p2a: Gyarados|spa|1\n|-enditem|p2a: Gyarados|Iapapa Berry|[eat]\n|-heal|p2a: Gyarados|44\/100|[from] item: Iapapa Berry\n|\n|-end|p1a: Flutter Mane|move: Taunt\n|upkeep\n|turn|19\n|c|\u2606ScrubShadedPurple|That was a really good game\n|inactive|ScrubShadedPurple has 30 seconds left.\n|c|\u2606ScrubShadedPurple|well played\n|c|\u2606tylmoo|yeah i agree\n|\n|t:|1683744024\n|cant|p1b: Palafin|par\n|move|p2a: Gyarados|Waterfall|p1b: Palafin\n|-resisted|p1b: Palafin\n|-damage|p1b: Palafin|12\/100 par\n|move|p1a: Flutter Mane|Moonblast|p2a: Gyarados\n|-damage|p2a: Gyarados|0 fnt\n|faint|p2a: Gyarados\n|\n|win|tylmoo\n|raw|tylmoo's rating: 1000 → 1052<\/strong> (+52 for winning)\n|raw|ScrubShadedPurple's rating: 1103 → 1071<\/strong> (-32 for losing)\n|c|\u2606tylmoo|wp yourself\n","uploadtime":1683744034,"views":13,"p1id":"tylmoo","p2id":"scrubshadedpurple","formatid":"gen9vgc2023regulationc","rating":1052,"private":0,"password":""}