{"id":"gen9vgc2023regulationc-1854401230","p1":"fifier","p2":"Slimeks","format":"[Gen 9] VGC 2023 Regulation C","log":"|j|\u2606fifier\n|j|\u2606Slimeks\n|t:|1682806250\n|gametype|doubles\n|player|p1|fifier|101|\n|player|p2|Slimeks|hugh|\n|teamsize|p1|6\n|teamsize|p2|6\n|gen|9\n|tier|[Gen 9] VGC 2023 Regulation C\n|rule|Species Clause: Limit one of each Pok\u00e9mon\n|rule|Item Clause: Limit one of each item\n|clearpoke\n|poke|p1|Dondozo, L50, M|\n|poke|p1|Tatsugiri-Droopy, L50, F|\n|poke|p1|Pelipper, L50, F|\n|poke|p1|Drednaw, L50, F|\n|poke|p1|Dragonite, L50, F|\n|poke|p1|Chien-Pao, L50|\n|poke|p2|Palafin, L50, M|\n|poke|p2|Flutter Mane, L50|\n|poke|p2|Ting-Lu, L50|\n|poke|p2|Iron Hands, L50|\n|poke|p2|Arcanine, L50, F|\n|poke|p2|Amoonguss, L50, M|\n|teampreview|4\nfifier has agreed to open team sheets.\n|j| XMarcosPr710\n|j| gabsalma\n|c| XMarcosPr710|GL\n|c|\u2606fifier|el team sheet vro\n|c| XMarcosPr710|el lofi me puso musica de inazuma eleven xd\n|c|\u2606fifier|terrible\n|j| Agitativ40\nSlimeks has agreed to open team sheets.\n|c|\u2606fifier|empezamos?\n|c|\u2606Slimeks|ando eligiendo\n|c|\u2606fifier|va\n|\n|t:|1682806364\n|start\n|switch|p1a: Pelipper|Pelipper, L50, F|100\/100\n|switch|p1b: Dondozo|Dondozo, L50, M, shiny|100\/100\n|switch|p2a: All Might|Palafin, L50, M|100\/100\n|switch|p2b: Sumo|Iron Hands, L50|100\/100\n|-weather|RainDance|[from] ability: Drizzle|[of] p1a: Pelipper\n|turn|1\n|\n|t:|1682806391\n|detailschange|p2a: All Might|Palafin-Hero, L50, M\n|switch|p2a: Sam|Arcanine, L50, F|100\/100\n|-ability|p2a: Sam|Intimidate|boost\n|-unboost|p1a: Pelipper|atk|1\n|-unboost|p1b: Dondozo|atk|1\n|move|p1b: Dondozo|Protect|p1b: Dondozo\n|-singleturn|p1b: Dondozo|Protect\n|move|p1a: Pelipper|Tailwind|p1a: Pelipper\n|-sidestart|p1: fifier|move: Tailwind\n|move|p2b: Sumo|Volt Switch|p1a: Pelipper\n|-supereffective|p1a: Pelipper\n|-damage|p1a: Pelipper|21\/100\n|\n|t:|1682806405\n|-end|p2b: Sumo|Quark Drive|[silent]\n|switch|p2b: All Might|Palafin-Hero, L50, M|100\/100|[from] Volt Switch\n|-activate|p2b: All Might|ability: Zero to Hero\n|\n|-weather|RainDance|[upkeep]\n|upkeep\n|turn|2\n|\n|t:|1682806422\n|switch|p1b: Drednaw|Drednaw, L50, F, shiny|100\/100\n|move|p2a: Sam|Protect|p2a: Sam\n|-singleturn|p2a: Sam|Protect\n|move|p1a: Pelipper|Hydro Pump|p2a: Sam\n|-activate|p2a: Sam|move: Protect\n|move|p2b: All Might|Haze|p2b: All Might\n|-clearallboost\n|\n|-weather|RainDance|[upkeep]\n|upkeep\n|turn|3\n|inactive|Battle timer is ON: inactive players will automatically lose when time's up. (requested by fifier)\n|\n|t:|1682806477\n|switch|p2a: Toad|Amoonguss, L50, M|100\/100\n|-terastallize|p1b: Drednaw|Grass\n|move|p2b: All Might|Protect|p2b: All Might\n|-singleturn|p2b: All Might|Protect\n|move|p1b: Drednaw|Tera Blast|p2b: All Might\n|-activate|p2b: All Might|move: Protect\n|move|p1a: Pelipper|Hydro Pump|p2a: Toad\n|-resisted|p2a: Toad\n|-damage|p2a: Toad|70\/100\n|\n|-weather|RainDance|[upkeep]\n|upkeep\n|turn|4\n|\n|t:|1682806499\n|switch|p1b: Dondozo|Dondozo, L50, M, shiny|100\/100\n|switch|p2a: Sam|Arcanine, L50, F|100\/100\n|-ability|p2a: Sam|Intimidate|boost\n|-unboost|p1a: Pelipper|atk|1\n|-unboost|p1b: Dondozo|atk|1\n|move|p2b: All Might|Jet Punch|p1a: Pelipper\n|-resisted|p1a: Pelipper\n|-damage|p1a: Pelipper|0 fnt\n|faint|p1a: Pelipper\n|\n|-weather|RainDance|[upkeep]\n|-sideend|p1: fifier|move: Tailwind\n|upkeep\n|\n|t:|1682806507\n|switch|p1a: Tatsugiri|Tatsugiri-Droopy, L50, F|100\/100\n|-activate|p1a: Tatsugiri|ability: Commander|[of] p1b: Dondozo\n|-boost|p1b: Dondozo|atk|2\n|-boost|p1b: Dondozo|spa|2\n|-boost|p1b: Dondozo|spe|2\n|-boost|p1b: Dondozo|def|2\n|-boost|p1b: Dondozo|spd|2\n|turn|5\n|\n|t:|1682806519\n|move|p2a: Sam|Protect|p2a: Sam\n|-singleturn|p2a: Sam|Protect\n|move|p1b: Dondozo|Surf|p2b: All Might|[spread] p2b\n|-miss|p1b: Dondozo|p1a: Tatsugiri\n|-activate|p2a: Sam|move: Protect\n|-resisted|p2b: All Might\n|-damage|p2b: All Might|59\/100\n|-damage|p1b: Dondozo|91\/100|[from] item: Life Orb\n|move|p2b: All Might|Haze|p2b: All Might\n|-clearallboost\n|\n|-weather|RainDance|[upkeep]\n|upkeep\n|turn|6\n|inactive|Slimeks has 30 seconds left.\n|\n|t:|1682806550\n|switch|p2a: Toad|Amoonguss, L50, M|100\/100\n|move|p2b: All Might|Protect|p2b: All Might\n|-singleturn|p2b: All Might|Protect\n|move|p1b: Dondozo|Wave Crash|p2b: All Might\n|-activate|p2b: All Might|move: Protect\n|\n|-weather|RainDance|[upkeep]\n|upkeep\n|turn|7\n|c| gabsalma|xd piensan mucho\n|c| XMarcosPr710|obvio\n|c|\u2606Slimeks|pos si\n|\n|t:|1682806577\n|move|p2b: All Might|Jet Punch|p1b: Dondozo\n|-resisted|p1b: Dondozo\n|-damage|p1b: Dondozo|62\/100\n|move|p1b: Dondozo|Wave Crash|p2b: All Might\n|-resisted|p2b: All Might\n|-damage|p2b: All Might|24\/100\n|-damage|p1b: Dondozo|52\/100|[from] Recoil\n|-damage|p1b: Dondozo|43\/100|[from] item: Life Orb\n|move|p2a: Toad|Spore|p1b: Dondozo\n|-status|p1b: Dondozo|slp|[from] move: Spore\n|\n|-weather|RainDance|[upkeep]\n|upkeep\n|turn|8\n|\n|t:|1682806591\n|move|p2b: All Might|Jet Punch|p1b: Dondozo\n|-resisted|p1b: Dondozo\n|-damage|p1b: Dondozo|16\/100 slp\n|cant|p1b: Dondozo|slp\n|move|p1b: Dondozo|Sleep Talk|p1b: Dondozo\n|move|p1b: Dondozo|Surf|p2a: Toad|[from]move: Sleep Talk|[spread] p2a,p2b\n|-miss|p1b: Dondozo|p1a: Tatsugiri\n|-resisted|p2a: Toad\n|-resisted|p2b: All Might\n|-damage|p2a: Toad|82\/100\n|-damage|p2b: All Might|2\/100\n|-damage|p1b: Dondozo|7\/100 slp|[from] item: Life Orb\n|move|p2a: Toad|Pollen Puff|p2b: All Might\n|-heal|p2b: All Might|51\/100\n|\n|-weather|none\n|upkeep\n|turn|9\n|\n|t:|1682806608\n|move|p2b: All Might|Haze|p2b: All Might\n|-clearallboost\n|-curestatus|p1b: Dondozo|slp|[msg]\n|move|p1b: Dondozo|Sleep Talk||[still]\n|-fail|p1b: Dondozo\n|move|p2a: Toad|Pollen Puff|p2b: All Might\n|-heal|p2b: All Might|100\/100\n|\n|upkeep\n|turn|10\n|c|\u2606fifier|no sabia q haze hacia eso\n|\n|t:|1682806623\n|move|p1b: Dondozo|Protect|p1b: Dondozo\n|-singleturn|p1b: Dondozo|Protect\n|move|p2b: All Might|Jet Punch|p1b: Dondozo\n|-activate|p1b: Dondozo|move: Protect\n|move|p2a: Toad|Spore|p1a: Tatsugiri|[miss]\n|-miss|p2a: Toad|p1a: Tatsugiri\n|\n|upkeep\n|turn|11\n|\n|t:|1682806639\n|move|p2b: All Might|Jet Punch|p1b: Dondozo\n|-resisted|p1b: Dondozo\n|-damage|p1b: Dondozo|0 fnt\n|faint|p1b: Dondozo\n|move|p2a: Toad|Spore|p1a: Tatsugiri\n|-status|p1a: Tatsugiri|slp|[from] move: Spore\n|\n|upkeep\n|\n|t:|1682806642\n|switch|p1b: Drednaw|Drednaw, L50, F, shiny, tera:Grass|100\/100\n|turn|12\n|\n|t:|1682806664\n|switch|p2b: Sam|Arcanine, L50, F|100\/100\n|-ability|p2b: Sam|Intimidate|boost\n|-unboost|p1a: Tatsugiri|atk|1\n|-unboost|p1b: Drednaw|atk|1\n|cant|p1a: Tatsugiri|slp\n|move|p1b: Drednaw|Earthquake|p2b: Sam|[spread] p1a,p2a,p2b\n|-supereffective|p2b: Sam\n|-damage|p1a: Tatsugiri|56\/100 slp\n|-damage|p2a: Toad|64\/100\n|-damage|p2b: Sam|51\/100\n|move|p2a: Toad|Pollen Puff|p1b: Drednaw\n|-supereffective|p1b: Drednaw\n|-damage|p1b: Drednaw|45\/100\n|\n|upkeep\n|turn|13\n|j| EmanuelF16\n|c|\u2606fifier|nada\n|c|\u2606fifier|gg\n|\n|t:|1682806683\n|cant|p1a: Tatsugiri|slp\n|move|p1b: Drednaw|Earthquake|p2b: Sam|[spread] p1a,p2a,p2b\n|-supereffective|p2b: Sam\n|-damage|p1a: Tatsugiri|11\/100 slp\n|-damage|p2a: Toad|43\/100\n|-damage|p2b: Sam|0 fnt\n|-enditem|p2a: Toad|Sitrus Berry|[eat]\n|-heal|p2a: Toad|68\/100|[from] item: Sitrus Berry\n|faint|p2b: Sam\n|move|p2a: Toad|Pollen Puff|p1b: Drednaw\n|-supereffective|p1b: Drednaw\n|-damage|p1b: Drednaw|0 fnt\n|faint|p1b: Drednaw\n|\n|upkeep\n|c| XMarcosPr710|gg\n|\n|t:|1682806695\n|switch|p2b: Sumo|Iron Hands, L50|100\/100\n|turn|14\n|c|\u2606Slimeks|gg\n|\n|t:|1682806704\n|move|p2b: Sumo|Fake Out|p1a: Tatsugiri\n|-damage|p1a: Tatsugiri|0 fnt\n|faint|p1a: Tatsugiri\n|\n|win|Slimeks\n|j| Mathias6483\n","uploadtime":1682806711,"views":19,"p1id":"fifier","p2id":"slimeks","formatid":"gen9vgc2023regulationc","rating":0,"private":0,"password":""}