{"id":"gen9vgc2023regulationc-1855087166","p1":"Hugonote","p2":"leafyarrow","format":"[Gen 9] VGC 2023 Regulation C","log":"|j|\u2606Hugonote\n|j|\u2606leafyarrow\n|t:|1682899701\n|gametype|doubles\n|player|p1|Hugonote|1|1188\n|player|p2|leafyarrow|leaf-gen3|1284\n|teamsize|p1|6\n|teamsize|p2|6\n|gen|9\n|tier|[Gen 9] VGC 2023 Regulation C\n|rated|\n|rule|Species Clause: Limit one of each Pok\u00e9mon\n|rule|Item Clause: Limit one of each item\n|clearpoke\n|poke|p1|Kilowattrel, L50, M|\n|poke|p1|Roaring Moon, L50|\n|poke|p1|Farigiraf, L50, M|\n|poke|p1|Slither Wing, L50|\n|poke|p1|Garganacl, L50, M|\n|poke|p1|Talonflame, L50, F|\n|poke|p2|Flutter Mane, L50|\n|poke|p2|Palafin, L50, M|\n|poke|p2|Amoonguss, L50, M|\n|poke|p2|Ting-Lu, L50|\n|poke|p2|Arcanine, L50, F|\n|poke|p2|Jolteon, L50, M|\n|teampreview|4\nleafyarrow has agreed to open team sheets.\n|inactive|Battle timer is ON: inactive players will automatically lose when time's up. (requested by Hugonote)\n|\n|t:|1682899752\n|start\n|switch|p1a: Kilowattrel|Kilowattrel, L50, M|100\/100\n|switch|p1b: Roaring Moon|Roaring Moon, L50|100\/100\n|switch|p2a: Flutter Mane|Flutter Mane, L50|100\/100\n|switch|p2b: Arcanine|Arcanine, L50, F|100\/100\n|-ability|p2b: Arcanine|Intimidate|boost\n|-unboost|p1a: Kilowattrel|atk|1\n|-unboost|p1b: Roaring Moon|atk|1\n|turn|1\n|inactive|leafyarrow has 30 seconds left.\n|\n|t:|1682899782\n|-terastallize|p2a: Flutter Mane|Fairy\n|-terastallize|p1b: Roaring Moon|Ground\n|move|p2b: Arcanine|Extreme Speed|p1a: Kilowattrel\n|-damage|p1a: Kilowattrel|64\/100\n|move|p2a: Flutter Mane|Dazzling Gleam|p1a: Kilowattrel|[spread] p1a,p1b\n|-damage|p1a: Kilowattrel|0 fnt\n|-damage|p1b: Roaring Moon|46\/100\n|faint|p1a: Kilowattrel\n|move|p1b: Roaring Moon|Earthquake|p2b: Arcanine|[spread] p2a,p2b\n|-supereffective|p2b: Arcanine\n|-damage|p2a: Flutter Mane|43\/100\n|-damage|p2b: Arcanine|38\/100\n|\n|upkeep\n|\n|t:|1682899798\n|switch|p1a: Slither Wing|Slither Wing, L50|100\/100\n|-enditem|p1a: Slither Wing|Booster Energy\n|-activate|p1a: Slither Wing|ability: Protosynthesis|[fromitem]\n|-start|p1a: Slither Wing|protosynthesisatk\n|turn|2\n|\n|t:|1682899819\n|-end|p2a: Flutter Mane|Protosynthesis|[silent]\n|switch|p2a: Amoonguss|Amoonguss, L50, M|100\/100\n|move|p2b: Arcanine|Protect|p2b: Arcanine\n|-singleturn|p2b: Arcanine|Protect\n|move|p1a: Slither Wing|First Impression|p2a: Amoonguss\n|-damage|p2a: Amoonguss|46\/100\n|-enditem|p2a: Amoonguss|Sitrus Berry|[eat]\n|-heal|p2a: Amoonguss|71\/100|[from] item: Sitrus Berry\n|move|p1b: Roaring Moon|Earthquake|p2a: Amoonguss|[spread] p1a,p2a\n|-activate|p2b: Arcanine|move: Protect\n|-resisted|p1a: Slither Wing\n|-damage|p1a: Slither Wing|82\/100\n|-damage|p2a: Amoonguss|42\/100\n|\n|upkeep\n|turn|3\n|\n|t:|1682899842\n|move|p2a: Amoonguss|Rage Powder|p2a: Amoonguss\n|-singleturn|p2a: Amoonguss|move: Rage Powder\n|move|p1b: Roaring Moon|Earthquake|p2a: Amoonguss|[spread] p1a,p2a,p2b\n|-resisted|p1a: Slither Wing\n|-supereffective|p2b: Arcanine\n|-damage|p1a: Slither Wing|64\/100\n|-damage|p2a: Amoonguss|13\/100\n|-damage|p2b: Arcanine|0 fnt\n|faint|p2b: Arcanine\n|move|p1a: Slither Wing|Lunge|p2a: Amoonguss\n|-damage|p2a: Amoonguss|0 fnt\n|faint|p2a: Amoonguss\n|\n|upkeep\n|\n|t:|1682899848\n|switch|p2b: Jolteon|Jolteon, L50, M|100\/100\n|switch|p2a: Flutter Mane|Flutter Mane, L50, tera:Fairy|43\/100\n|turn|4\n|inactive|Hugonote has 30 seconds left.\n|inactive|Hugonote has 20 seconds left.\n|\n|t:|1682899888\n|move|p1a: Slither Wing|Protect|p1a: Slither Wing\n|-singleturn|p1a: Slither Wing|Protect\n|move|p2a: Flutter Mane|Dazzling Gleam|p1a: Slither Wing|[spread] p1b\n|-activate|p1a: Slither Wing|move: Protect\n|-damage|p1b: Roaring Moon|0 fnt\n|faint|p1b: Roaring Moon\n|-end|p1b: Roaring Moon|Protosynthesis|[silent]\n|move|p2b: Jolteon|Thunderbolt|p1a: Slither Wing\n|-activate|p1a: Slither Wing|move: Protect\n|\n|upkeep\n|\n|t:|1682899896\n|switch|p1b: Garganacl|Garganacl, L50, M|100\/100\n|turn|5\n|\n|t:|1682899910\n|move|p2a: Flutter Mane|Dazzling Gleam|p1b: Garganacl|[spread] p1a,p1b\n|-supereffective|p1a: Slither Wing\n|-damage|p1a: Slither Wing|0 fnt\n|-damage|p1b: Garganacl|51\/100\n|faint|p1a: Slither Wing\n|-end|p1a: Slither Wing|Protosynthesis|[silent]\n|move|p2b: Jolteon|Thunderbolt|p1b: Garganacl\n|-damage|p1b: Garganacl|17\/100\n|move|p1b: Garganacl|Salt Cure|p2a: Flutter Mane\n|-damage|p2a: Flutter Mane|18\/100\n|-start|p2a: Flutter Mane|Salt Cure\n|\n|-heal|p1b: Garganacl|23\/100|[from] item: Leftovers\n|-damage|p2a: Flutter Mane|6\/100|[from] Salt Cure\n|upkeep\n|turn|6\n|-message|Hugonote forfeited.\n|\n|win|leafyarrow\n|raw|Hugonote's rating: 1188 → 1170<\/strong> (-18 for losing)\n|raw|leafyarrow's rating: 1284 → 1302<\/strong> (+18 for winning)\n|l|\u2606Hugonote\n","uploadtime":1682899926,"views":4,"p1id":"hugonote","p2id":"leafyarrow","formatid":"gen9vgc2023regulationc","rating":1170,"private":0,"password":""}