{"id":"gen9vgc2023regulationc-1848881306","p1":"The Penguinari","p2":"PyukumukuMain","format":"[Gen 9] VGC 2023 Regulation C","log":"|j|\u2606The Penguinari\n|j|\u2606PyukumukuMain\n|t:|1682121262\n|gametype|doubles\n|player|p1|The Penguinari|grimsley|1110\n|player|p2|PyukumukuMain|266|1117\n|teamsize|p1|6\n|teamsize|p2|6\n|gen|9\n|tier|[Gen 9] VGC 2023 Regulation C\n|rated|\n|rule|Species Clause: Limit one of each Pok\u00e9mon\n|rule|Item Clause: Limit one of each item\n|clearpoke\n|poke|p1|Iron Bundle, L50|\n|poke|p1|Amoonguss, L50, F|\n|poke|p1|Chi-Yu, L50|\n|poke|p1|Corviknight, L50, M|\n|poke|p1|Flutter Mane, L50|\n|poke|p1|Iron Hands, L50|\n|poke|p2|Hatterene, L50, F|\n|poke|p2|Grimmsnarl, L50, M|\n|poke|p2|Scream Tail, L50|\n|poke|p2|Azumarill, L50, F|\n|poke|p2|Mimikyu, L50, F|\n|poke|p2|Sylveon, L50, M|\n|teampreview|4\nPyukumukuMain rejected open team sheets.\n|inactive|Battle timer is ON: inactive players will automatically lose when time's up. (requested by PyukumukuMain)\n|inactive|The Penguinari has 60 seconds left.\n|inactive|PyukumukuMain has 60 seconds left.\n|\n|t:|1682121302\n|start\n|switch|p1a: Iron Hands|Iron Hands, L50|100\/100\n|switch|p1b: Iron Bundle|Iron Bundle, L50|100\/100\n|switch|p2a: Grimmsnarl|Grimmsnarl, L50, M|100\/100\n|switch|p2b: Sylveon|Sylveon, L50, M|100\/100\n|-enditem|p1b: Iron Bundle|Booster Energy\n|-activate|p1b: Iron Bundle|ability: Quark Drive|[fromitem]\n|-start|p1b: Iron Bundle|quarkdrivespe\n|turn|1\n|\n|t:|1682121320\n|-terastallize|p1a: Iron Hands|Grass\n|move|p1b: Iron Bundle|Protect|p1b: Iron Bundle\n|-singleturn|p1b: Iron Bundle|Protect\n|move|p2a: Grimmsnarl|Fake Out|p1b: Iron Bundle\n|-activate|p1b: Iron Bundle|move: Protect\n|move|p1a: Iron Hands|Fake Out|p2a: Grimmsnarl\n|-damage|p2a: Grimmsnarl|80\/100\n|move|p2b: Sylveon|Hyper Voice|p1b: Iron Bundle|[spread] p1a\n|-activate|p1b: Iron Bundle|move: Protect\n|-damage|p1a: Iron Hands|79\/100\n|-enditem|p2b: Sylveon|Throat Spray\n|-boost|p2b: Sylveon|spa|1|[from] item: Throat Spray\n|\n|upkeep\n|turn|2\n|inactive|PyukumukuMain has 30 seconds left.\n|\n|t:|1682121347\n|-terastallize|p2b: Sylveon|Fire\n|move|p1b: Iron Bundle|Encore|p2a: Grimmsnarl\n|-start|p2a: Grimmsnarl|Encore\n|move|p2a: Grimmsnarl|Fake Out||[still]\n|-hint|Fake Out only works on your first turn out.\n|-fail|p2a: Grimmsnarl\n|move|p2b: Sylveon|Tera Blast|p1a: Iron Hands\n|-supereffective|p1a: Iron Hands\n|-damage|p1a: Iron Hands|5\/100\n|move|p1a: Iron Hands|Heavy Slam|p2b: Sylveon\n|-resisted|p2b: Sylveon\n|-damage|p2b: Sylveon|71\/100\n|\n|upkeep\n|turn|3\n|\n|t:|1682121371\n|switch|p2a: Azumarill|Azumarill, L50, F|100\/100\n|move|p2b: Sylveon|Protect|p2b: Sylveon\n|-singleturn|p2b: Sylveon|Protect\n|move|p1b: Iron Bundle|Hydro Pump|p2b: Sylveon\n|-activate|p2b: Sylveon|move: Protect\n|move|p1a: Iron Hands|Heavy Slam|p2a: Azumarill\n|-damage|p2a: Azumarill|56\/100\n|\n|upkeep\n|turn|4\n|\n|t:|1682121393\n|switch|p2b: Grimmsnarl|Grimmsnarl, L50, M|80\/100\n|move|p2a: Azumarill|Aqua Jet|p1a: Iron Hands\n|-resisted|p1a: Iron Hands\n|-damage|p1a: Iron Hands|0 fnt\n|faint|p1a: Iron Hands\n|-end|p1a: Iron Hands|Quark Drive|[silent]\n|move|p1b: Iron Bundle|Hydro Pump|p2b: Grimmsnarl|[miss]\n|-miss|p1b: Iron Bundle|p2b: Grimmsnarl\n|\n|upkeep\n|\n|t:|1682121410\n|switch|p1a: Flutter Mane|Flutter Mane, L50|100\/100\n|turn|5\n|\n|t:|1682121434\n|move|p2b: Grimmsnarl|Fake Out|p1b: Iron Bundle\n|-damage|p1b: Iron Bundle|88\/100\n|move|p2a: Azumarill|Aqua Jet|p1a: Flutter Mane\n|-damage|p1a: Flutter Mane|62\/100\n|cant|p1b: Iron Bundle|flinch\n|move|p1a: Flutter Mane|Shadow Ball|p2a: Azumarill\n|-damage|p2a: Azumarill|0 fnt\n|faint|p2a: Azumarill\n|\n|upkeep\n|\n|t:|1682121446\n|switch|p2a: Scream Tail|Scream Tail, L50|100\/100\n|-enditem|p2a: Scream Tail|Booster Energy\n|-activate|p2a: Scream Tail|ability: Protosynthesis|[fromitem]\n|-start|p2a: Scream Tail|protosynthesisspe\n|turn|6\n|inactive|The Penguinari has 30 seconds left.\n|\n|t:|1682121471\n|move|p2b: Grimmsnarl|Taunt|p1b: Iron Bundle\n|-start|p1b: Iron Bundle|move: Taunt\n|move|p1b: Iron Bundle|Freeze-Dry|p2b: Grimmsnarl\n|-damage|p2b: Grimmsnarl|52\/100\n|move|p2a: Scream Tail|Thunderbolt|p1b: Iron Bundle\n|-supereffective|p1b: Iron Bundle\n|-damage|p1b: Iron Bundle|3\/100\n|move|p1a: Flutter Mane|Shadow Ball|p2a: Scream Tail\n|-supereffective|p2a: Scream Tail\n|-damage|p2a: Scream Tail|6\/100\n|\n|upkeep\n|turn|7\n|inactive|PyukumukuMain has 30 seconds left.\n|\n|t:|1682121502\n|-end|p1a: Flutter Mane|Protosynthesis|[silent]\n|switch|p1a: Chi-Yu|Chi-Yu, L50|100\/100\n|-ability|p1a: Chi-Yu|Beads of Ruin\n|move|p1b: Iron Bundle|Freeze-Dry|p2a: Scream Tail\n|-damage|p2a: Scream Tail|0 fnt\n|faint|p2a: Scream Tail\n|-end|p2a: Scream Tail|Protosynthesis|[silent]\n|move|p2b: Grimmsnarl|Spirit Break|p1b: Iron Bundle\n|-damage|p1b: Iron Bundle|0 fnt\n|faint|p1b: Iron Bundle\n|-end|p1b: Iron Bundle|Quark Drive|[silent]\n|\n|upkeep\n|\n|t:|1682121512\n|switch|p1b: Flutter Mane|Flutter Mane, L50|62\/100\n|switch|p2a: Sylveon|Sylveon, L50, M, tera:Fire|71\/100\n|turn|8\n|\n|t:|1682121530\n|move|p1b: Flutter Mane|Power Gem|p2a: Sylveon\n|-supereffective|p2a: Sylveon\n|-damage|p2a: Sylveon|0 fnt\n|faint|p2a: Sylveon\n|move|p1a: Chi-Yu|Overheat|p2b: Grimmsnarl\n|-damage|p2b: Grimmsnarl|0 fnt\n|-unboost|p1a: Chi-Yu|spa|2\n|faint|p2b: Grimmsnarl\n|\n|win|The Penguinari\n|raw|The Penguinari's rating: 1110 → 1136<\/strong> (+26 for winning)\n|raw|PyukumukuMain's rating: 1117 → 1091<\/strong> (-26 for losing)\n|c|\u2606The Penguinari|gg\n|c|\u2606The Penguinari|i admire your dedication to the fairy type\n","uploadtime":1682121548,"views":23,"p1id":"thepenguinari","p2id":"pyukumukumain","formatid":"gen9vgc2023regulationc","rating":1091,"private":0,"password":""}