{"id":"gen9vgc2023regulationc-1862157073","p1":"FeelTheDango","p2":"TonnyDolfing","format":"[Gen 9] VGC 2023 Regulation C","log":"|j|\u2606FeelTheDango\n|j|\u2606TonnyDolfing\n|t:|1683843210\n|gametype|doubles\n|player|p1|FeelTheDango|pokemaniac|1138\n|player|p2|TonnyDolfing|lucas-gen4pt|1164\n|teamsize|p1|6\n|teamsize|p2|6\n|gen|9\n|tier|[Gen 9] VGC 2023 Regulation C\n|rated|\n|rule|Species Clause: Limit one of each Pok\u00e9mon\n|rule|Item Clause: Limit one of each item\n|clearpoke\n|poke|p1|Annihilape, L50, M|\n|poke|p1|Hariyama, L50, M|\n|poke|p1|Farigiraf, L50, F|\n|poke|p1|Meowscarada, L50, M|\n|poke|p1|Maushold, L50|\n|poke|p1|Torkoal, L50, F|\n|poke|p2|Abomasnow, L50, M|\n|poke|p2|Chien-Pao, L50|\n|poke|p2|Kingambit, L50, M|\n|poke|p2|Dondozo, L50, M|\n|poke|p2|Garganacl, L50, F|\n|poke|p2|Ting-Lu, L50|\n|teampreview|4\n|\n|t:|1683843229\n|start\n|switch|p1a: Farigiraf|Farigiraf, L50, F|100\/100\n|switch|p1b: Hariyama|Hariyama, L50, M|100\/100\n|switch|p2a: Abomasnow|Abomasnow, L50, M|100\/100\n|switch|p2b: Dondozo|Dondozo, L50, M|100\/100\n|-weather|Snow|[from] ability: Snow Warning|[of] p2a: Abomasnow\n|turn|1\n|inactive|Battle timer is ON: inactive players will automatically lose when time's up. (requested by TonnyDolfing)\n|inactive|FeelTheDango has 60 seconds left.\n|\n|t:|1683843262\n|move|p1a: Farigiraf|Protect|p1a: Farigiraf\n|-singleturn|p1a: Farigiraf|Protect\n|move|p1b: Hariyama|Fake Out|p2b: Dondozo\n|-damage|p2b: Dondozo|91\/100\n|move|p2a: Abomasnow|Aurora Veil|p2a: Abomasnow\n|-sidestart|p2: TonnyDolfing|move: Aurora Veil\n|cant|p2b: Dondozo|flinch\n|\n|-weather|Snow|[upkeep]\n|-status|p1b: Hariyama|brn|[from] item: Flame Orb\n|upkeep\n|turn|2\n|\n|t:|1683843285\n|move|p1b: Hariyama|Wide Guard|p1b: Hariyama\n|-singleturn|p1b: Hariyama|Wide Guard\n|move|p2a: Abomasnow|Sheer Cold|p1b: Hariyama\n|-damage|p1b: Hariyama|0 fnt\n|faint|p1b: Hariyama\n|-ohko\n|move|p2b: Dondozo|Fissure|p1a: Farigiraf\n|-damage|p1a: Farigiraf|0 fnt\n|faint|p1a: Farigiraf\n|-ohko\n|\n|-weather|Snow|[upkeep]\n|upkeep\n|\n|t:|1683843298\n|switch|p1a: Torkoal|Torkoal, L50, F, shiny|100\/100\n|switch|p1b: Annihilape|Annihilape, L50, M, shiny|100\/100\n|-weather|SunnyDay|[from] ability: Drought|[of] p1a: Torkoal\n|turn|3\n|\n|t:|1683843316\n|-terastallize|p1a: Torkoal|Fire\n|move|p1b: Annihilape|Close Combat|p2b: Dondozo\n|-damage|p2b: Dondozo|72\/100\n|-unboost|p1b: Annihilape|def|1\n|-unboost|p1b: Annihilape|spd|1\n|move|p2a: Abomasnow|Sheer Cold|p1b: Annihilape|[miss]\n|-miss|p2a: Abomasnow|p1b: Annihilape\n|move|p2b: Dondozo|Fissure|p1a: Torkoal|[miss]\n|-miss|p2b: Dondozo|p1a: Torkoal\n|move|p1a: Torkoal|Eruption|p2b: Dondozo|[spread] p2a,p2b\n|-supereffective|p2a: Abomasnow\n|-resisted|p2b: Dondozo\n|-damage|p2a: Abomasnow|0 fnt\n|-damage|p2b: Dondozo|47\/100\n|faint|p2a: Abomasnow\n|\n|-weather|SunnyDay|[upkeep]\n|upkeep\n|\n|t:|1683843334\n|switch|p2a: Kingambit|Kingambit, L50, M|100\/100\n|turn|4\n|\n|t:|1683843346\n|move|p1b: Annihilape|Close Combat|p2a: Kingambit\n|-supereffective|p2a: Kingambit\n|-damage|p2a: Kingambit|6\/100\n|-unboost|p1b: Annihilape|def|1\n|-unboost|p1b: Annihilape|spd|1\n|move|p2a: Kingambit|Guillotine|p1a: Torkoal\n|-damage|p1a: Torkoal|0 fnt\n|faint|p1a: Torkoal\n|-ohko\n|move|p2b: Dondozo|Yawn|p1b: Annihilape\n|-start|p1b: Annihilape|move: Yawn|[of] p2b: Dondozo\n|\n|-weather|SunnyDay|[upkeep]\n|upkeep\n|turn|5\n|\n|t:|1683843367\n|move|p1b: Annihilape|Close Combat|p2a: Kingambit\n|-supereffective|p2a: Kingambit\n|-damage|p2a: Kingambit|0 fnt\n|-unboost|p1b: Annihilape|def|1\n|-unboost|p1b: Annihilape|spd|1\n|faint|p2a: Kingambit\n|move|p2b: Dondozo|Wave Crash|p1b: Annihilape\n|-damage|p1b: Annihilape|48\/100\n|-damage|p2b: Dondozo|32\/100|[from] Recoil\n|\n|-weather|SunnyDay|[upkeep]\n|-end|p1b: Annihilape|move: Yawn|[silent]\n|-status|p1b: Annihilape|slp\n|-sideend|p2: TonnyDolfing|move: Aurora Veil\n|upkeep\n|\n|t:|1683843378\n|switch|p2a: Garganacl|Garganacl, L50, F|100\/100\n|turn|6\n|\n|t:|1683843386\n|cant|p1b: Annihilape|slp\n|move|p2a: Garganacl|Salt Cure|p1b: Annihilape\n|-resisted|p1b: Annihilape\n|-damage|p1b: Annihilape|31\/100 slp\n|-start|p1b: Annihilape|Salt Cure\n|move|p2b: Dondozo|Fissure|p1b: Annihilape\n|-damage|p1b: Annihilape|0 fnt\n|faint|p1b: Annihilape\n|-ohko\n|\n|win|TonnyDolfing\n|raw|FeelTheDango's rating: 1138 → 1115<\/strong> (-23 for losing)\n|raw|TonnyDolfing's rating: 1164 → 1187<\/strong> (+23 for winning)\n|l|\u2606FeelTheDango\n","uploadtime":1683843409,"views":8,"p1id":"feelthedango","p2id":"tonnydolfing","formatid":"gen9vgc2023regulationc","rating":1115,"private":0,"password":""}