{"id":"gen9vgc2023regulationc-1846754301","p1":"WDMichael","p2":"leafyarrow","format":"[Gen 9] VGC 2023 Regulation C","log":"|j|\u2606WDMichael\n|j|\u2606leafyarrow\n|t:|1681874354\n|gametype|doubles\n|player|p1|WDMichael|102|1323\n|player|p2|leafyarrow|leaf-gen3|1285\n|teamsize|p1|6\n|teamsize|p2|6\n|gen|9\n|tier|[Gen 9] VGC 2023 Regulation C\n|rated|\n|rule|Species Clause: Limit one of each Pok\u00e9mon\n|rule|Item Clause: Limit one of each item\n|clearpoke\n|poke|p1|Ting-Lu, L50|\n|poke|p1|Abomasnow, L50, F|\n|poke|p1|Beartic, L50, M|\n|poke|p1|Cryogonal, L50|\n|poke|p1|Garganacl, L50, F|\n|poke|p1|Kingambit, L50, F|\n|poke|p2|Flutter Mane, L50|\n|poke|p2|Palafin, L50, M|\n|poke|p2|Amoonguss, L50, M|\n|poke|p2|Ting-Lu, L50|\n|poke|p2|Arcanine, L50, M|\n|poke|p2|Roaring Moon, L50|\n|teampreview|4\nleafyarrow has agreed to open team sheets.\n|\n|t:|1681874396\n|start\n|switch|p1a: Abomasnow|Abomasnow, L50, F, shiny|100\/100\n|switch|p1b: Beartic|Beartic, L50, M, shiny|100\/100\n|switch|p2a: Palafin|Palafin, L50, M|100\/100\n|switch|p2b: Ting-Lu|Ting-Lu, L50|100\/100\n|-weather|Snow|[from] ability: Snow Warning|[of] p1a: Abomasnow\n|-ability|p2b: Ting-Lu|Vessel of Ruin\n|turn|1\n|\n|t:|1681874427\n|detailschange|p2a: Palafin|Palafin-Hero, L50, M\n|switch|p2a: Arcanine|Arcanine, L50, M|100\/100\n|-ability|p2a: Arcanine|Intimidate|boost\n|-unboost|p1a: Abomasnow|atk|1\n|-unboost|p1b: Beartic|atk|1\n|-terastallize|p2b: Ting-Lu|Poison\n|move|p1b: Beartic|Sheer Cold|p2b: Ting-Lu|[miss]\n|-miss|p1b: Beartic|p2b: Ting-Lu\n|move|p1a: Abomasnow|Aurora Veil|p1a: Abomasnow\n|-sidestart|p1: WDMichael|move: Aurora Veil\n|move|p2b: Ting-Lu|Stomping Tantrum|p1b: Beartic\n|-damage|p1b: Beartic|86\/100\n|\n|-weather|Snow|[upkeep]\n|upkeep\n|turn|2\n|\n|t:|1681874451\n|-terastallize|p1a: Abomasnow|Water\n|move|p1b: Beartic|Sheer Cold|p2b: Ting-Lu|[miss]\n|-miss|p1b: Beartic|p2b: Ting-Lu\n|move|p2a: Arcanine|Flare Blitz|p1b: Beartic\n|-supereffective|p1b: Beartic\n|-damage|p1b: Beartic|47\/100\n|-damage|p2a: Arcanine|87\/100|[from] Recoil\n|move|p1a: Abomasnow|Sheer Cold|p2a: Arcanine|[miss]\n|-miss|p1a: Abomasnow|p2a: Arcanine\n|move|p2b: Ting-Lu|Ruination|p1a: Abomasnow\n|-damage|p1a: Abomasnow|51\/100\n|\n|-weather|Snow|[upkeep]\n|upkeep\n|turn|3\n|\n|t:|1681874480\n|move|p1b: Beartic|Sheer Cold|p2a: Arcanine\n|-damage|p2a: Arcanine|0 fnt\n|faint|p2a: Arcanine\n|-ohko\n|move|p1a: Abomasnow|Sheer Cold|p2b: Ting-Lu|[miss]\n|-miss|p1a: Abomasnow|p2b: Ting-Lu\n|move|p2b: Ting-Lu|Ruination|p1a: Abomasnow\n|-damage|p1a: Abomasnow|26\/100\n|\n|-weather|Snow|[upkeep]\n|upkeep\n|\n|t:|1681874497\n|switch|p2a: Palafin|Palafin-Hero, L50, M|100\/100\n|-activate|p2a: Palafin|ability: Zero to Hero\n|turn|4\n|\n|t:|1681874527\n|move|p1b: Beartic|Sheer Cold|p2a: Palafin\n|-damage|p2a: Palafin|0 fnt\n|faint|p2a: Palafin\n|-ohko\n|move|p1a: Abomasnow|Rest|p1a: Abomasnow\n|-status|p1a: Abomasnow|slp|[from] move: Rest\n|-heal|p1a: Abomasnow|100\/100 slp|[silent]\n|move|p2b: Ting-Lu|Heavy Slam|p1a: Abomasnow\n|-resisted|p1a: Abomasnow\n|-damage|p1a: Abomasnow|92\/100 slp\n|\n|-weather|Snow|[upkeep]\n|upkeep\n|\n|t:|1681874538\n|switch|p2a: Flutter Mane|Flutter Mane, L50|100\/100\n|turn|5\n|\n|t:|1681874550\n|move|p1b: Beartic|Sheer Cold|p2a: Flutter Mane|[miss]\n|-miss|p1b: Beartic|p2a: Flutter Mane\n|move|p2a: Flutter Mane|Dazzling Gleam|p1a: Abomasnow|[spread] p1a,p1b\n|-damage|p1a: Abomasnow|73\/100 slp\n|-damage|p1b: Beartic|23\/100\n|cant|p1a: Abomasnow|slp\n|move|p1a: Abomasnow|Sleep Talk|p1a: Abomasnow\n|move|p1a: Abomasnow|Rest||[from]move: Sleep Talk|[still]\n|-fail|p1a: Abomasnow\n|move|p2b: Ting-Lu|Fissure|p1a: Abomasnow\n|-damage|p1a: Abomasnow|0 fnt\n|faint|p1a: Abomasnow\n|-ohko\n|\n|-weather|none\n|upkeep\n|\n|t:|1681874569\n|switch|p1a: Garganacl|Garganacl, L50, F, shiny|100\/100\n|turn|6\n|-activate|p1a: Garganacl|item: Quick Claw\n|\n|t:|1681874581\n|move|p1a: Garganacl|Fissure|p2a: Flutter Mane|[miss]\n|-miss|p1a: Garganacl|p2a: Flutter Mane\n|move|p2a: Flutter Mane|Dazzling Gleam|p1b: Beartic|[spread] p1a,p1b\n|-damage|p1a: Garganacl|86\/100\n|-damage|p1b: Beartic|0 fnt\n|faint|p1b: Beartic\n|move|p2b: Ting-Lu|Stomping Tantrum|p1a: Garganacl\n|-supereffective|p1a: Garganacl\n|-damage|p1a: Garganacl|60\/100\n|\n|upkeep\n|\n|t:|1681874592\n|switch|p1b: Cryogonal|Cryogonal, L50, shiny|100\/100\n|turn|7\n|\n|t:|1681874601\n|move|p2a: Flutter Mane|Dazzling Gleam|p1b: Cryogonal|[spread] p1a,p1b\n|-damage|p1a: Garganacl|47\/100\n|-damage|p1b: Cryogonal|83\/100\n|move|p1b: Cryogonal|Sheer Cold|p2a: Flutter Mane|[miss]\n|-miss|p1b: Cryogonal|p2a: Flutter Mane\n|move|p2b: Ting-Lu|Heavy Slam|p1b: Cryogonal\n|-supereffective|p1b: Cryogonal\n|-damage|p1b: Cryogonal|45\/100\n|move|p1a: Garganacl|Fissure|p2a: Flutter Mane|[miss]\n|-miss|p1a: Garganacl|p2a: Flutter Mane\n|\n|upkeep\n|turn|8\n|\n|t:|1681874617\n|move|p2a: Flutter Mane|Dazzling Gleam|p1b: Cryogonal|[spread] p1a,p1b\n|-damage|p1a: Garganacl|32\/100\n|-damage|p1b: Cryogonal|28\/100\n|move|p1b: Cryogonal|Sheer Cold|p2a: Flutter Mane\n|-damage|p2a: Flutter Mane|0 fnt\n|faint|p2a: Flutter Mane\n|-end|p2a: Flutter Mane|Protosynthesis|[silent]\n|-ohko\n|move|p2b: Ting-Lu|Heavy Slam|p1b: Cryogonal\n|-supereffective|p1b: Cryogonal\n|-damage|p1b: Cryogonal|0 fnt\n|faint|p1b: Cryogonal\n|move|p1a: Garganacl|Fissure|p2b: Ting-Lu|[miss]\n|-miss|p1a: Garganacl|p2b: Ting-Lu\n|\n|-sideend|p1: WDMichael|move: Aurora Veil\n|upkeep\n|turn|9\n|\n|t:|1681874640\n|move|p2b: Ting-Lu|Stomping Tantrum|p1a: Garganacl\n|-supereffective|p1a: Garganacl\n|-damage|p1a: Garganacl|0 fnt\n|faint|p1a: Garganacl\n|\n|win|leafyarrow\n|raw|WDMichael's rating: 1323 → 1301<\/strong> (-22 for losing)\n|raw|leafyarrow's rating: 1285 → 1313<\/strong> (+28 for winning)\n","uploadtime":1681874647,"views":11,"p1id":"wdmichael","p2id":"leafyarrow","formatid":"gen9vgc2023regulationc","rating":1301,"private":0,"password":""}