{"id":"gen9vgc2023regulationc-1852431074","p1":"Mateo8009","p2":"anshar_training","format":"[Gen 9] VGC 2023 Regulation C","log":"|j|\u2606Mateo8009\n|j|\u2606anshar_training\n|t:|1682556737\n|gametype|doubles\n|player|p1|Mateo8009|169|1092\n|player|p2|anshar_training|colress|1080\n|teamsize|p1|6\n|teamsize|p2|6\n|gen|9\n|tier|[Gen 9] VGC 2023 Regulation C\n|rated|\n|rule|Species Clause: Limit one of each Pok\u00e9mon\n|rule|Item Clause: Limit one of each item\n|clearpoke\n|poke|p1|Iron Thorns, L50|\n|poke|p1|Talonflame, L50, M|\n|poke|p1|Goodra, L50, F|\n|poke|p1|Tauros-Paldea-Blaze, L50, M|\n|poke|p1|Flutter Mane, L50|\n|poke|p1|Breloom, L50, F|\n|poke|p2|Palafin, L50, F|\n|poke|p2|Flutter Mane, L50|\n|poke|p2|Arcanine, L50, F|\n|poke|p2|Amoonguss, L50, M|\n|poke|p2|Ting-Lu, L50|\n|poke|p2|Roaring Moon, L50|\n|teampreview|4\n|\n|t:|1682556797\n|start\n|switch|p1a: Talonflame|Talonflame, L50, M|100\/100\n|switch|p1b: Goodra|Goodra, L50, F|100\/100\n|switch|p2a: PlusUltra|Palafin, L50, F|100\/100\n|switch|p2b: Benito|Roaring Moon, L50|100\/100\n|-enditem|p2b: Benito|Booster Energy\n|-activate|p2b: Benito|ability: Protosynthesis|[fromitem]\n|-start|p2b: Benito|protosynthesisatk\n|turn|1\n|\n|t:|1682556820\n|detailschange|p2a: PlusUltra|Palafin-Hero, L50, F\n|switch|p2a: Cornelia|Flutter Mane, L50|100\/100\n|-terastallize|p2b: Benito|Flying\n|move|p1a: Talonflame|Tailwind|p1a: Talonflame\n|-sidestart|p1: Mateo8009|move: Tailwind\n|move|p1b: Goodra|Thunderbolt|p2a: Cornelia\n|-damage|p2a: Cornelia|73\/100\n|move|p2b: Benito|Dragon Dance|p2b: Benito\n|-boost|p2b: Benito|atk|1\n|-boost|p2b: Benito|spe|1\n|\n|upkeep\n|turn|2\n|\n|t:|1682556853\n|-end|p2b: Benito|Protosynthesis|[silent]\n|switch|p2b: Susy|Amoonguss, L50, M|100\/100\n|-terastallize|p1b: Goodra|Water\n|move|p1a: Talonflame|Flare Blitz|p2a: Cornelia\n|-damage|p2a: Cornelia|0 fnt\n|faint|p2a: Cornelia\n|-end|p2a: Cornelia|Protosynthesis|[silent]\n|-damage|p1a: Talonflame|78\/100|[from] Recoil\n|move|p1b: Goodra|Thunderbolt|p2b: Susy\n|-resisted|p2b: Susy\n|-damage|p2b: Susy|86\/100\n|\n|upkeep\n|inactive|Battle timer is ON: inactive players will automatically lose when time's up. (requested by anshar_training)\n|\n|t:|1682556865\n|switch|p2a: Benito|Roaring Moon, L50, tera:Flying|100\/100\n|turn|3\n|\n|t:|1682556876\n|move|p2b: Susy|Rage Powder|p2b: Susy\n|-singleturn|p2b: Susy|move: Rage Powder\n|move|p1a: Talonflame|Flare Blitz|p2b: Susy\n|-supereffective|p2b: Susy\n|-damage|p2b: Susy|4\/100\n|-enditem|p2b: Susy|Sitrus Berry|[eat]\n|-heal|p2b: Susy|29\/100|[from] item: Sitrus Berry\n|-damage|p1a: Talonflame|40\/100|[from] Recoil\n|move|p1b: Goodra|Ice Beam|p2b: Susy\n|-supereffective|p2b: Susy\n|-damage|p2b: Susy|0 fnt\n|faint|p2b: Susy\n|move|p2a: Benito|Throat Chop|p1b: Goodra\n|-damage|p1b: Goodra|44\/100\n|-start|p1b: Goodra|Throat Chop|[silent]\n|\n|upkeep\n|\n|t:|1682556889\n|switch|p2b: PlusUltra|Palafin-Hero, L50, F|100\/100\n|-activate|p2b: PlusUltra|ability: Zero to Hero\n|turn|4\n|\n|t:|1682556900\n|move|p2a: Benito|Protect|p2a: Benito\n|-singleturn|p2a: Benito|Protect\n|move|p2b: PlusUltra|Jet Punch|p1a: Talonflame\n|-supereffective|p1a: Talonflame\n|-damage|p1a: Talonflame|0 fnt\n|faint|p1a: Talonflame\n|move|p1b: Goodra|Thunderbolt|p2a: Benito\n|-activate|p2a: Benito|move: Protect\n|\n|-end|p1b: Goodra|Throat Chop|[silent]\n|-sideend|p1: Mateo8009|move: Tailwind\n|upkeep\n|\n|t:|1682556910\n|switch|p1a: Flutter Mane|Flutter Mane, L50|100\/100\n|turn|5\n|\n|t:|1682556924\n|move|p2b: PlusUltra|Jet Punch|p1a: Flutter Mane\n|-damage|p1a: Flutter Mane|10\/100\n|move|p1a: Flutter Mane|Dazzling Gleam|p2a: Benito|[spread] p2a,p2b\n|-damage|p2a: Benito|69\/100\n|-damage|p2b: PlusUltra|60\/100\n|-damage|p1a: Flutter Mane|0 fnt|[from] item: Life Orb\n|faint|p1a: Flutter Mane\n|-end|p1a: Flutter Mane|Protosynthesis|[silent]\n|move|p2a: Benito|Acrobatics|p1b: Goodra\n|-damage|p1b: Goodra|0 fnt\n|faint|p1b: Goodra\n|\n|upkeep\n|\n|t:|1682556937\n|switch|p1b: Iron Thorns|Iron Thorns, L50|100\/100\n|turn|6\n|inactive|anshar_training has 30 seconds left.\n|\n|t:|1682556962\n|move|p2b: PlusUltra|Jet Punch|p1b: Iron Thorns\n|-supereffective|p1b: Iron Thorns\n|-damage|p1b: Iron Thorns|21\/100\n|move|p2a: Benito|Throat Chop|p1b: Iron Thorns\n|-damage|p1b: Iron Thorns|0 fnt\n|faint|p1b: Iron Thorns\n|-end|p1b: Iron Thorns|Quark Drive|[silent]\n|\n|win|anshar_training\n|raw|Mateo8009's rating: 1092 → 1067<\/strong> (-25 for losing)\n|raw|anshar_training's rating: 1080 → 1109<\/strong> (+29 for winning)\n|l|\u2606Mateo8009\n","uploadtime":1682556977,"views":12,"p1id":"mateo8009","p2id":"anshartraining","formatid":"gen9vgc2023regulationc","rating":1067,"private":0,"password":""}