{"id":"gen9vgc2023regulationc-1859534818","p1":"eQualFPS","p2":"Tony2810","format":"[Gen 9] VGC 2023 Regulation C","log":"|j|\u2606eQualFPS\n|j|\u2606Tony2810\n|t:|1683537482\n|gametype|doubles\n|player|p1|eQualFPS|266|1068\n|player|p2|Tony2810|iris-gen5bw2|1171\n|teamsize|p1|6\n|teamsize|p2|6\n|gen|9\n|tier|[Gen 9] VGC 2023 Regulation C\n|rated|\n|rule|Species Clause: Limit one of each Pok\u00e9mon\n|rule|Item Clause: Limit one of each item\n|clearpoke\n|poke|p1|Medicham, L50, F|\n|poke|p1|Talonflame, L50, F|\n|poke|p1|Salamence, L50, M|\n|poke|p1|Great Tusk, L50|\n|poke|p1|Flutter Mane, L50|\n|poke|p1|Chi-Yu, L50|\n|poke|p2|Glimmora, L50, M|\n|poke|p2|Iron Moth, L50|\n|poke|p2|Flutter Mane, L50|\n|poke|p2|Dragapult, L50, F|\n|poke|p2|Toxapex, L50, M|\n|poke|p2|Iron Jugulis, L50|\n|teampreview|4\n|inactive|Battle timer is ON: inactive players will automatically lose when time's up. (requested by Tony2810)\n|\n|t:|1683537520\n|start\n|switch|p1a: Medicham|Medicham, L50, F, shiny|100\/100\n|switch|p1b: Salamence|Salamence, L50, M, shiny|100\/100\n|switch|p2a: Glimmora|Glimmora, L50, M, shiny|100\/100\n|switch|p2b: Toxapex|Toxapex, L50, M|100\/100\n|-ability|p1b: Salamence|Intimidate|boost\n|-unboost|p2a: Glimmora|atk|1\n|-unboost|p2b: Toxapex|atk|1\n|-item|p2a: Glimmora|Air Balloon\n|turn|1\n|inactive|eQualFPS has 30 seconds left.\n|inactive|Tony2810 has 30 seconds left.\n|inactive|Tony2810 has 20 seconds left.\n|\n|t:|1683537558\n|-terastallize|p1b: Salamence|Flying\n|-terastallize|p2b: Toxapex|Bug\n|move|p1b: Salamence|Dual Wingbeat|p2b: Toxapex\n|-supereffective|p2b: Toxapex\n|-damage|p2b: Toxapex|57\/100\n|-supereffective|p2b: Toxapex\n|-damage|p2b: Toxapex|14\/100\n|-hitcount|p2b: Toxapex|2\n|move|p2a: Glimmora|Mortal Spin|p1a: Medicham|[spread] p1a,p1b\n|-damage|p1a: Medicham|96\/100\n|-damage|p1b: Salamence|98\/100\n|-status|p1a: Medicham|psn\n|-status|p1b: Salamence|psn\n|-enditem|p1b: Salamence|Lum Berry|[eat]\n|-curestatus|p1b: Salamence|psn|[msg]\n|move|p1a: Medicham|Skill Swap|p1b: Salamence\n|-activate|p1a: Medicham|move: Skill Swap|||[of] p1b: Salamence\n|-ability|p1a: Medicham|Intimidate|boost\n|-unboost|p2a: Glimmora|atk|1\n|-unboost|p2b: Toxapex|atk|1\n|move|p2b: Toxapex|Ice Spinner|p1b: Salamence\n|-supereffective|p1b: Salamence\n|-damage|p1b: Salamence|78\/100\n|\n|-damage|p1a: Medicham|84\/100 psn|[from] psn\n|upkeep\n|turn|2\n|inactive|eQualFPS has 30 seconds left.\n|inactive|eQualFPS has 20 seconds left.\n|inactive|eQualFPS has 15 seconds left.\n|\n|t:|1683537599\n|move|p1a: Medicham|Bullet Punch|p2b: Toxapex\n|-damage|p2b: Toxapex|9\/100\n|move|p1b: Salamence|Dragon Claw|p2a: Glimmora\n|-damage|p2a: Glimmora|24\/100\n|-activate|p2a: Glimmora|ability: Toxic Debris\n|-sidestart|p1: eQualFPS|move: Toxic Spikes\n|-enditem|p2a: Glimmora|Air Balloon\n|move|p2a: Glimmora|Mortal Spin|p1b: Salamence|[spread] p1a,p1b\n|-damage|p1a: Medicham|81\/100 psn\n|-damage|p1b: Salamence|76\/100\n|-status|p1b: Salamence|psn\n|move|p2b: Toxapex|Ice Spinner|p1b: Salamence\n|-supereffective|p1b: Salamence\n|-crit|p1b: Salamence\n|-damage|p1b: Salamence|17\/100 psn\n|\n|-damage|p1b: Salamence|5\/100 psn|[from] psn\n|-damage|p1a: Medicham|69\/100 psn|[from] psn\n|upkeep\n|turn|3\n|inactive|eQualFPS has 30 seconds left.\n|\n|t:|1683537625\n|move|p2a: Glimmora|Spiky Shield|p2a: Glimmora\n|-singleturn|p2a: Glimmora|move: Protect\n|move|p1a: Medicham|Bullet Punch|p2b: Toxapex\n|-damage|p2b: Toxapex|3\/100\n|move|p1b: Salamence|Dragon Claw|p2a: Glimmora\n|-activate|p2a: Glimmora|move: Protect\n|-damage|p1b: Salamence|0 fnt|[from] Spiky Shield|[of] p2a: Glimmora\n|faint|p1b: Salamence\n|move|p2b: Toxapex|Pin Missile|p1a: Medicham\n|-crit|p1a: Medicham\n|-damage|p1a: Medicham|50\/100 psn\n|-enditem|p1a: Medicham|Sitrus Berry|[eat]\n|-heal|p1a: Medicham|75\/100 psn|[from] item: Sitrus Berry\n|-crit|p1a: Medicham\n|-damage|p1a: Medicham|57\/100 psn\n|-crit|p1a: Medicham\n|-damage|p1a: Medicham|39\/100 psn\n|-crit|p1a: Medicham\n|-damage|p1a: Medicham|23\/100 psn\n|-crit|p1a: Medicham\n|-damage|p1a: Medicham|5\/100 psn\n|-hitcount|p1a: Medicham|5\n|\n|-damage|p1a: Medicham|0 fnt|[from] psn\n|faint|p1a: Medicham\n|upkeep\n|\n|t:|1683537647\n|switch|p1b: Chi-Yu|Chi-Yu, L50|100\/100\n|switch|p1a: Flutter Mane|Flutter Mane, L50|100\/100\n|-status|p1b: Chi-Yu|psn\n|-ability|p1b: Chi-Yu|Beads of Ruin\n|-status|p1a: Flutter Mane|psn\n|turn|4\n|\n|t:|1683537662\n|move|p1b: Chi-Yu|Heat Wave|p2b: Toxapex|[spread] p2b\n|-miss|p1b: Chi-Yu|p2a: Glimmora\n|-supereffective|p2b: Toxapex\n|-damage|p2b: Toxapex|0 fnt\n|faint|p2b: Toxapex\n|move|p1a: Flutter Mane|Dazzling Gleam|p2a: Glimmora\n|-resisted|p2a: Glimmora\n|-damage|p2a: Glimmora|0 fnt\n|faint|p2a: Glimmora\n|\n|-damage|p1b: Chi-Yu|88\/100 psn|[from] psn\n|-damage|p1a: Flutter Mane|88\/100 psn|[from] psn\n|upkeep\n|\n|t:|1683537667\n|switch|p2a: Iron Moth|Iron Moth, L50|100\/100\n|switch|p2b: Flutter Mane|Flutter Mane, L50|100\/100\n|-enditem|p2a: Iron Moth|Booster Energy\n|-activate|p2a: Iron Moth|ability: Quark Drive|[fromitem]\n|-start|p2a: Iron Moth|quarkdrivespe\n|turn|5\n|\n|t:|1683537683\n|move|p2a: Iron Moth|Venoshock|p1b: Chi-Yu\n|-damage|p1b: Chi-Yu|13\/100 psn\n|move|p1b: Chi-Yu|Heat Wave|p2a: Iron Moth|[spread] p2a,p2b\n|-resisted|p2a: Iron Moth\n|-damage|p2a: Iron Moth|75\/100\n|-damage|p2b: Flutter Mane|40\/100\n|move|p2b: Flutter Mane|Hex|p1a: Flutter Mane\n|-supereffective|p1a: Flutter Mane\n|-damage|p1a: Flutter Mane|0 fnt\n|faint|p1a: Flutter Mane\n|-end|p1a: Flutter Mane|Protosynthesis|[silent]\n|\n|-damage|p1b: Chi-Yu|0 fnt|[from] psn\n|faint|p1b: Chi-Yu\n|\n|win|Tony2810\n|upkeep\n|raw|eQualFPS's rating: 1068 → 1054<\/strong> (-14 for losing)\n|raw|Tony2810's rating: 1171 → 1189<\/strong> (+18 for winning)\n|l|\u2606eQualFPS\n","uploadtime":1683537699,"views":19,"p1id":"equalfps","p2id":"tony2810","formatid":"gen9vgc2023regulationc","rating":1054,"private":0,"password":""}