{"id":"gen9vgc2023regulationc-1846602189","p1":"hancec","p2":"Heaven and weak","format":"[Gen 9] VGC 2023 Regulation C","log":"|j|\u2606hancec\n|j|\u2606Heaven and weak\n|t:|1681856097\n|gametype|doubles\n|player|p1|hancec|gentleman-gen4dp|1348\n|player|p2|Heaven and weak|winona|1303\n|teamsize|p1|6\n|teamsize|p2|6\n|gen|9\n|tier|[Gen 9] VGC 2023 Regulation C\n|rated|\n|rule|Species Clause: Limit one of each Pok\u00e9mon\n|rule|Item Clause: Limit one of each item\n|clearpoke\n|poke|p1|Murkrow, L50, F|\n|poke|p1|Iron Bundle, L50|\n|poke|p1|Chi-Yu, L50|\n|poke|p1|Gholdengo, L50|\n|poke|p1|Great Tusk, L50|\n|poke|p1|Brute Bonnet, L50|\n|poke|p2|Misdreavus, L50, F|\n|poke|p2|Mismagius, L50, F|\n|poke|p2|Flutter Mane, L50|\n|poke|p2|Murkrow, L50, M|\n|poke|p2|Great Tusk, L50|\n|poke|p2|Arcanine, L50, M|\n|teampreview|4\nhancec has agreed to open team sheets.\nHeaven and weak has agreed to open team sheets.\n|\n|t:|1681856159\n|start\n|switch|p1a: Matsuemon|Murkrow, L50, F, shiny|100\/100\n|switch|p1b: Zenitsu|Gholdengo, L50|100\/100\n|switch|p2a: Murkrow|Murkrow, L50, M|100\/100\n|switch|p2b: Mismagius|Mismagius, L50, F|100\/100\n|turn|1\n|\n|t:|1681856202\n|-terastallize|p1b: Zenitsu|Steel\n|move|p2a: Murkrow|Tailwind|p2a: Murkrow\n|-sidestart|p2: Heaven and weak|move: Tailwind\n|move|p1a: Matsuemon|Tailwind|p1a: Matsuemon\n|-sidestart|p1: hancec|move: Tailwind\n|move|p2b: Mismagius|Shadow Ball|p1b: Zenitsu\n|-damage|p1b: Zenitsu|56\/100\n|move|p1b: Zenitsu|Make It Rain|p2b: Mismagius|[spread] p2a,p2b\n|-enditem|p2a: Murkrow|Focus Sash\n|-damage|p2a: Murkrow|1\/100\n|-damage|p2b: Mismagius|0 fnt\n|-unboost|p1b: Zenitsu|spa|1\n|faint|p2b: Mismagius\n|\n|upkeep\n|\n|t:|1681856219\n|switch|p2b: Arcanine|Arcanine, L50, M|100\/100\n|-ability|p2b: Arcanine|Intimidate|boost\n|-unboost|p1a: Matsuemon|atk|1\n|-unboost|p1b: Zenitsu|atk|1\n|turn|2\n|\n|t:|1681856236\n|switch|p1b: Inosuke|Great Tusk, L50|100\/100\n|move|p2a: Murkrow|Taunt|p1b: Inosuke\n|-start|p1b: Inosuke|move: Taunt\n|move|p1a: Matsuemon|Brave Bird|p2a: Murkrow\n|-crit|p2a: Murkrow\n|-damage|p2a: Murkrow|0 fnt\n|faint|p2a: Murkrow\n|-damage|p1a: Matsuemon|99\/100|[from] Recoil\n|move|p2b: Arcanine|Will-O-Wisp|p1b: Inosuke\n|-status|p1b: Inosuke|brn\n|\n|-damage|p1b: Inosuke|95\/100 brn|[from] brn\n|upkeep\n|\n|t:|1681856243\n|switch|p2a: Great Tusk|Great Tusk, L50|100\/100\n|turn|3\n|\n|t:|1681856257\n|-terastallize|p2b: Arcanine|Flying\n|move|p2a: Great Tusk|Earthquake|p1b: Inosuke|[spread] p1b\n|-immune|p2b: Arcanine\n|-immune|p1a: Matsuemon\n|-damage|p1b: Inosuke|53\/100 brn\n|move|p1a: Matsuemon|Brave Bird|p2a: Great Tusk\n|-supereffective|p2a: Great Tusk\n|-damage|p2a: Great Tusk|49\/100\n|-damage|p1a: Matsuemon|76\/100|[from] Recoil\n|move|p1b: Inosuke|Earthquake|p2b: Arcanine|[spread] p2a\n|-immune|p1a: Matsuemon\n|-immune|p2b: Arcanine\n|-damage|p2a: Great Tusk|33\/100\n|move|p2b: Arcanine|Flare Blitz|p1a: Matsuemon\n|-damage|p1a: Matsuemon|0 fnt\n|faint|p1a: Matsuemon\n|-damage|p2b: Arcanine|83\/100|[from] Recoil\n|\n|-damage|p1b: Inosuke|47\/100 brn|[from] brn\n|upkeep\n|\n|t:|1681856263\n|switch|p1a: Giyu|Iron Bundle, L50|100\/100\n|-enditem|p1a: Giyu|Booster Energy\n|-activate|p1a: Giyu|ability: Quark Drive|[fromitem]\n|-start|p1a: Giyu|quarkdrivespe\n|turn|4\n|\n|t:|1681856283\n|move|p1a: Giyu|Icy Wind|p2a: Great Tusk|[spread] p2a,p2b\n|-supereffective|p2a: Great Tusk\n|-supereffective|p2b: Arcanine\n|-damage|p2a: Great Tusk|0 fnt\n|-damage|p2b: Arcanine|49\/100\n|-unboost|p2b: Arcanine|spe|1\n|faint|p2a: Great Tusk\n|-end|p2a: Great Tusk|Protosynthesis|[silent]\n|move|p1b: Inosuke|Close Combat|p2b: Arcanine\n|-resisted|p2b: Arcanine\n|-damage|p2b: Arcanine|32\/100\n|-unboost|p1b: Inosuke|def|1\n|-unboost|p1b: Inosuke|spd|1\n|move|p2b: Arcanine|Flare Blitz|p1a: Giyu\n|-damage|p1a: Giyu|45\/100\n|-damage|p2b: Arcanine|20\/100|[from] Recoil\n|\n|-damage|p1b: Inosuke|42\/100 brn|[from] brn\n|-end|p1b: Inosuke|move: Taunt\n|-sideend|p1: hancec|move: Tailwind\n|-sideend|p2: Heaven and weak|move: Tailwind\n|upkeep\n|turn|5\n|\n|t:|1681856298\n|move|p1a: Giyu|Freeze-Dry|p2b: Arcanine\n|-supereffective|p2b: Arcanine\n|-damage|p2b: Arcanine|0 fnt\n|faint|p2b: Arcanine\n|\n|win|hancec\n|raw|hancec's rating: 1348 → 1365<\/strong> (+17 for winning)\n|raw|Heaven and weak's rating: 1303 → 1286<\/strong> (-17 for losing)\n","uploadtime":1681856301,"views":17,"p1id":"hancec","p2id":"heavenandweak","formatid":"gen9vgc2023regulationc","rating":1286,"private":0,"password":""}