{"id":"gen9vgc2023regulationc-1849201756","p1":"kaluminiha","p2":"sorcerer_rs_3","format":"[Gen 9] VGC 2023 Regulation C","log":"|j|\u2606kaluminiha\n|j|\u2606sorcerer_rs_3\n|t:|1682172076\n|gametype|doubles\n|player|p1|kaluminiha|101|1152\n|player|p2|sorcerer_rs_3|265|1080\n|teamsize|p1|6\n|teamsize|p2|6\n|gen|9\n|tier|[Gen 9] VGC 2023 Regulation C\n|rated|\n|rule|Species Clause: Limit one of each Pok\u00e9mon\n|rule|Item Clause: Limit one of each item\n|clearpoke\n|poke|p1|Amoonguss, L50, F|\n|poke|p1|Armarouge, L50, M|\n|poke|p1|Gyarados, L50, M|\n|poke|p1|Hydreigon, L50, M|\n|poke|p1|Iron Hands, L50|\n|poke|p1|Iron Treads, L50|\n|poke|p2|Palafin, L50, M|\n|poke|p2|Arcanine, L50, M|\n|poke|p2|Garganacl, L50, M|\n|poke|p2|Flutter Mane, L50|\n|poke|p2|Amoonguss, L50, M|\n|poke|p2|Chien-Pao, L50|\n|teampreview|4\n|\n|t:|1682172099\n|start\n|switch|p1a: Gott Mit Uns|Hydreigon, L50, M|100\/100\n|switch|p1b: Midway|Amoonguss, L50, F|100\/100\n|switch|p2a: Palafin|Palafin, L50, M|100\/100\n|switch|p2b: Arcanine|Arcanine, L50, M|100\/100\n|-ability|p2b: Arcanine|Intimidate|boost\n|-unboost|p1a: Gott Mit Uns|atk|1\n|-unboost|p1b: Midway|atk|1\n|turn|1\n|\n|t:|1682172132\n|detailschange|p2a: Palafin|Palafin-Hero, L50, M\n|switch|p2a: Amoonguss|Amoonguss, L50, M|100\/100\n|move|p1a: Gott Mit Uns|Earth Power|p2b: Arcanine\n|-supereffective|p2b: Arcanine\n|-damage|p2b: Arcanine|21\/100\n|move|p2b: Arcanine|Snarl|p1a: Gott Mit Uns|[spread] p1a,p1b\n|-resisted|p1a: Gott Mit Uns\n|-damage|p1a: Gott Mit Uns|96\/100\n|-damage|p1b: Midway|92\/100\n|-unboost|p1a: Gott Mit Uns|spa|1\n|-unboost|p1b: Midway|spa|1\n|move|p1b: Midway|Spore|p2b: Arcanine\n|-activate|p2b: Arcanine|item: Safety Goggles|Spore\n|\n|upkeep\n|turn|2\n|\n|t:|1682172162\n|switch|p1a: Panzerkampf|Iron Treads, L50|100\/100\n|-enditem|p1a: Panzerkampf|Booster Energy\n|-activate|p1a: Panzerkampf|ability: Quark Drive|[fromitem]\n|-start|p1a: Panzerkampf|quarkdrivespe\n|move|p2b: Arcanine|Protect|p2b: Arcanine\n|-singleturn|p2b: Arcanine|Protect\n|move|p1b: Midway|Rage Powder|p1b: Midway\n|-singleturn|p1b: Midway|move: Rage Powder\n|move|p2a: Amoonguss|Spore|p1a: Panzerkampf\n|-status|p1a: Panzerkampf|slp|[from] move: Spore\n|\n|upkeep\n|turn|3\n|\n|t:|1682172186\n|switch|p2a: Palafin|Palafin-Hero, L50, M|100\/100\n|-activate|p2a: Palafin|ability: Zero to Hero\n|cant|p1a: Panzerkampf|slp\n|move|p2b: Arcanine|Flare Blitz|p1b: Midway\n|-supereffective|p1b: Midway\n|-damage|p1b: Midway|12\/100\n|-enditem|p1b: Midway|Sitrus Berry|[eat]\n|-heal|p1b: Midway|37\/100|[from] item: Sitrus Berry\n|-damage|p2b: Arcanine|0 fnt|[from] Recoil\n|faint|p2b: Arcanine\n|move|p1b: Midway|Pollen Puff|p2a: Palafin\n|-damage|p2a: Palafin|88\/100\n|\n|upkeep\n|\n|t:|1682172202\n|switch|p2b: Chien-Pao|Chien-Pao, L50|100\/100\n|-ability|p2b: Chien-Pao|Sword of Ruin\n|turn|4\n|\n|t:|1682172224\n|-terastallize|p1a: Panzerkampf|Steel\n|-terastallize|p2a: Palafin|Water\n|move|p2a: Palafin|Jet Punch|p1b: Midway\n|-resisted|p1b: Midway\n|-damage|p1b: Midway|2\/100\n|-curestatus|p1a: Panzerkampf|slp|[msg]\n|move|p1a: Panzerkampf|Earthquake|p2a: Palafin|[spread] p1b,p2a,p2b\n|-damage|p1b: Midway|0 fnt\n|-damage|p2a: Palafin|46\/100\n|-damage|p2b: Chien-Pao|50\/100\n|faint|p1b: Midway\n|move|p2b: Chien-Pao|Sacred Sword|p1a: Panzerkampf\n|-supereffective|p1a: Panzerkampf\n|-damage|p1a: Panzerkampf|25\/100\n|\n|upkeep\n|\n|t:|1682172240\n|switch|p1b: Bismarck|Gyarados, L50, M|100\/100\n|-ability|p1b: Bismarck|Intimidate|boost\n|-unboost|p2a: Palafin|atk|1\n|-unboost|p2b: Chien-Pao|atk|1\n|turn|5\n|\n|t:|1682172283\n|switch|p2a: Amoonguss|Amoonguss, L50, M|100\/100\n|move|p2b: Chien-Pao|Protect|p2b: Chien-Pao\n|-singleturn|p2b: Chien-Pao|Protect\n|move|p1a: Panzerkampf|Earthquake|p2a: Amoonguss|[spread] p2a\n|-activate|p2b: Chien-Pao|move: Protect\n|-immune|p1b: Bismarck\n|-damage|p2a: Amoonguss|62\/100\n|move|p1b: Bismarck|Tera Blast|p2a: Amoonguss\n|-damage|p2a: Amoonguss|53\/100\n|\n|upkeep\n|turn|6\n|\n|t:|1682172304\n|move|p2b: Chien-Pao|Protect|p2b: Chien-Pao\n|-singleturn|p2b: Chien-Pao|Protect\n|move|p1a: Panzerkampf|Earthquake|p2b: Chien-Pao|[spread] p2a\n|-activate|p2b: Chien-Pao|move: Protect\n|-immune|p1b: Bismarck\n|-damage|p2a: Amoonguss|18\/100\n|-enditem|p2a: Amoonguss|Sitrus Berry|[eat]\n|-heal|p2a: Amoonguss|43\/100|[from] item: Sitrus Berry\n|move|p1b: Bismarck|Waterfall|p2a: Amoonguss\n|-resisted|p2a: Amoonguss\n|-damage|p2a: Amoonguss|23\/100\n|move|p2a: Amoonguss|Spore|p1a: Panzerkampf\n|-status|p1a: Panzerkampf|slp|[from] move: Spore\n|\n|upkeep\n|turn|7\n|\n|t:|1682172323\n|switch|p2a: Palafin|Palafin-Hero, L50, M, tera:Water|46\/100\n|move|p1b: Bismarck|Protect|p1b: Bismarck\n|-singleturn|p1b: Bismarck|Protect\n|cant|p1a: Panzerkampf|slp\n|move|p2b: Chien-Pao|Sacred Sword|p1a: Panzerkampf\n|-supereffective|p1a: Panzerkampf\n|-damage|p1a: Panzerkampf|0 fnt\n|faint|p1a: Panzerkampf\n|-end|p1a: Panzerkampf|Quark Drive|[silent]\n|\n|upkeep\n|\n|t:|1682172334\n|switch|p1a: Gott Mit Uns|Hydreigon, L50, M|96\/100\n|turn|8\n|\n|t:|1682172366\n|switch|p2b: Amoonguss|Amoonguss, L50, M|56\/100\n|move|p1a: Gott Mit Uns|Earth Power|p2a: Palafin\n|-damage|p2a: Palafin|0 fnt\n|faint|p2a: Palafin\n|move|p1b: Bismarck|Tera Blast|p2b: Amoonguss\n|-damage|p2b: Amoonguss|47\/100\n|\n|upkeep\n|\n|t:|1682172375\n|switch|p2a: Chien-Pao|Chien-Pao, L50|50\/100\n|-ability|p2a: Chien-Pao|Sword of Ruin\n|turn|9\n|\n|t:|1682172390\n|move|p2a: Chien-Pao|Sacred Sword|p1a: Gott Mit Uns\n|-supereffective|p1a: Gott Mit Uns\n|-damage|p1a: Gott Mit Uns|14\/100\n|move|p1a: Gott Mit Uns|Earth Power|p2b: Amoonguss\n|-damage|p2b: Amoonguss|4\/100\n|-unboost|p2b: Amoonguss|spd|1\n|move|p1b: Bismarck|Waterfall|p2a: Chien-Pao\n|-damage|p2a: Chien-Pao|0 fnt\n|faint|p2a: Chien-Pao\n|move|p2b: Amoonguss|Spore|p1b: Bismarck\n|-status|p1b: Bismarck|slp|[from] move: Spore\n|-enditem|p1b: Bismarck|Lum Berry|[eat]\n|-curestatus|p1b: Bismarck|slp|[msg]\n|\n|upkeep\n|turn|10\n|\n|t:|1682172409\n|move|p1a: Gott Mit Uns|Earth Power|p2b: Amoonguss\n|-damage|p2b: Amoonguss|0 fnt\n|faint|p2b: Amoonguss\n|\n|win|kaluminiha\n|raw|kaluminiha's rating: 1152 → 1172<\/strong> (+20 for winning)\n|raw|sorcerer_rs_3's rating: 1080 → 1062<\/strong> (-18 for losing)\n|l|\u2606kaluminiha\n","uploadtime":1682172422,"views":5,"p1id":"kaluminiha","p2id":"sorcererrs3","formatid":"gen9vgc2023regulationc","rating":1062,"private":0,"password":""}