{"id":"gen9vgc2023regulationc-1856999009","p1":"Shepherd181","p2":"sawadaburner","format":"[Gen 9] VGC 2023 Regulation C","log":"|j|\u2606Shepherd181\n|j|\u2606sawadaburner\n|t:|1683135135\n|gametype|doubles\n|player|p1|Shepherd181|hilbert|1293\n|player|p2|sawadaburner|hilbert|1216\n|teamsize|p1|6\n|teamsize|p2|6\n|gen|9\n|tier|[Gen 9] VGC 2023 Regulation C\n|rated|\n|rule|Species Clause: Limit one of each Pok\u00e9mon\n|rule|Item Clause: Limit one of each item\n|clearpoke\n|poke|p1|Lilligant, L50, F|\n|poke|p1|Torkoal, L50, M|\n|poke|p1|Chi-Yu, L50|\n|poke|p1|Corviknight, L50, M|\n|poke|p1|Iron Bundle, L50|\n|poke|p1|Flutter Mane, L50|\n|poke|p2|Glimmora, L50, F|\n|poke|p2|Garganacl, L50, M|\n|poke|p2|Great Tusk, L50|\n|poke|p2|Torkoal, L50, F|\n|poke|p2|Ting-Lu, L50|\n|poke|p2|Flutter Mane, L50|\n|teampreview|4\nsawadaburner has agreed to open team sheets.\n|\n|t:|1683135163\n|start\n|switch|p1a: Lilligant|Lilligant, L50, F|100\/100\n|switch|p1b: Torkoal|Torkoal, L50, M|100\/100\n|switch|p2a: Glimmora|Glimmora, L50, F, shiny|100\/100\n|switch|p2b: Torkoal|Torkoal, L50, F|100\/100\n|-weather|SunnyDay|[from] ability: Drought|[of] p1b: Torkoal\n|turn|1\n|\n|t:|1683135271\n|-terastallize|p1a: Lilligant|Ghost\n|move|p1a: Lilligant|After You|p1b: Torkoal\n|-activate|p1b: Torkoal|move: After You\n|move|p1b: Torkoal|Earth Power|p2a: Glimmora\n|-supereffective|p2a: Glimmora\n|-damage|p2a: Glimmora|31\/100\n|move|p2a: Glimmora|Mortal Spin|p1b: Torkoal|[spread] p1a,p1b\n|-resisted|p1a: Lilligant\n|-damage|p1a: Lilligant|97\/100\n|-damage|p1b: Torkoal|97\/100\n|-status|p1a: Lilligant|psn\n|-status|p1b: Torkoal|psn\n|move|p2b: Torkoal|Overheat|p1a: Lilligant\n|-damage|p1a: Lilligant|12\/100 psn\n|-unboost|p2b: Torkoal|spa|2\n|-enditem|p2b: Torkoal|Eject Pack\n|-enditem|p1a: Lilligant|Sitrus Berry|[eat]\n|-heal|p1a: Lilligant|37\/100 psn|[from] item: Sitrus Berry\n|\n|t:|1683135298\n|switch|p2b: Ting-Lu|Ting-Lu, L50|100\/100\n|-ability|p2b: Ting-Lu|Vessel of Ruin\n|\n|-weather|SunnyDay|[upkeep]\n|-damage|p1a: Lilligant|25\/100 psn|[from] psn\n|-damage|p1b: Torkoal|85\/100 psn|[from] psn\n|upkeep\n|turn|2\n|\n|t:|1683135349\n|switch|p2a: Torkoal|Torkoal, L50, F|100\/100\n|switch|p1b: Corviknight|Corviknight, L50, M|100\/100\n|move|p1a: Lilligant|Leaf Storm|p2b: Ting-Lu\n|-supereffective|p2b: Ting-Lu\n|-damage|p2b: Ting-Lu|44\/100\n|-unboost|p1a: Lilligant|spa|2\n|move|p2b: Ting-Lu|Stomping Tantrum|p1b: Corviknight\n|-immune|p1b: Corviknight\n|\n|-weather|SunnyDay|[upkeep]\n|-damage|p1a: Lilligant|13\/100 psn|[from] psn\n|upkeep\n|turn|3\n|\n|t:|1683135383\n|switch|p2b: Garganacl|Garganacl, L50, M|100\/100\n|move|p1a: Lilligant|Sleep Powder|p2a: Torkoal\n|-status|p2a: Torkoal|slp|[from] move: Sleep Powder\n|move|p1b: Corviknight|Iron Defense|p1b: Corviknight\n|-boost|p1b: Corviknight|def|2\n|cant|p2a: Torkoal|slp\n|\n|-weather|SunnyDay|[upkeep]\n|-damage|p1a: Lilligant|0 fnt|[from] psn\n|faint|p1a: Lilligant\n|upkeep\n|\n|t:|1683135408\n|switch|p1a: Torkoal|Torkoal, L50, M|85\/100 psn\n|turn|4\n|\n|t:|1683135421\n|switch|p2a: Ting-Lu|Ting-Lu, L50|44\/100\n|-ability|p2a: Ting-Lu|Vessel of Ruin\n|move|p1b: Corviknight|Body Press|p2b: Garganacl\n|-supereffective|p2b: Garganacl\n|-damage|p2b: Garganacl|38\/100\n|move|p1a: Torkoal|Solar Beam||[still]\n|-prepare|p1a: Torkoal|Solar Beam\n|-anim|p1a: Torkoal|Solar Beam|p2b: Garganacl\n|-supereffective|p2b: Garganacl\n|-damage|p2b: Garganacl|2\/100\n|move|p2b: Garganacl|Iron Defense|p2b: Garganacl\n|-boost|p2b: Garganacl|def|2\n|\n|-weather|SunnyDay|[upkeep]\n|-heal|p2b: Garganacl|8\/100|[from] item: Leftovers\n|-damage|p1a: Torkoal|73\/100 psn|[from] psn\n|upkeep\n|turn|5\n|\n|t:|1683135442\n|move|p2b: Garganacl|Protect|p2b: Garganacl\n|-singleturn|p2b: Garganacl|Protect\n|move|p1b: Corviknight|Body Press|p2a: Ting-Lu\n|-supereffective|p2a: Ting-Lu\n|-damage|p2a: Ting-Lu|0 fnt\n|-damage|p1b: Corviknight|84\/100|[from] item: Rocky Helmet|[of] p2a: Ting-Lu\n|faint|p2a: Ting-Lu\n|move|p1a: Torkoal|Solar Beam||[still]\n|-prepare|p1a: Torkoal|Solar Beam\n|-anim|p1a: Torkoal|Solar Beam|p2b: Garganacl\n|-activate|p2b: Garganacl|move: Protect\n|\n|-weather|none\n|-heal|p1b: Corviknight|90\/100|[from] item: Leftovers\n|-heal|p2b: Garganacl|14\/100|[from] item: Leftovers\n|-damage|p1a: Torkoal|60\/100 psn|[from] psn\n|upkeep\n|\n|t:|1683135454\n|switch|p2a: Glimmora|Glimmora, L50, F, shiny|31\/100\n|turn|6\n|\n|t:|1683135510\n|-terastallize|p2b: Garganacl|Ghost\n|move|p2a: Glimmora|Sludge Bomb|p1a: Torkoal\n|-damage|p1a: Torkoal|21\/100 psn\n|move|p1b: Corviknight|Body Press|p2b: Garganacl\n|-immune|p2b: Garganacl\n|move|p1a: Torkoal|Earth Power|p2a: Glimmora\n|-supereffective|p2a: Glimmora\n|-damage|p2a: Glimmora|0 fnt\n|faint|p2a: Glimmora\n|move|p2b: Garganacl|Recover|p2b: Garganacl\n|-heal|p2b: Garganacl|64\/100\n|\n|-heal|p1b: Corviknight|96\/100|[from] item: Leftovers\n|-heal|p2b: Garganacl|70\/100|[from] item: Leftovers\n|-damage|p1a: Torkoal|9\/100 psn|[from] psn\n|upkeep\n|\n|t:|1683135526\n|switch|p2a: Torkoal|Torkoal, L50, F|100\/100 slp\n|-weather|SunnyDay|[from] ability: Drought|[of] p2a: Torkoal\n|turn|7\n|\n|t:|1683135538\n|move|p2b: Garganacl|Protect|p2b: Garganacl\n|-singleturn|p2b: Garganacl|Protect\n|cant|p2a: Torkoal|slp\n|move|p1b: Corviknight|Body Press|p2a: Torkoal\n|-damage|p2a: Torkoal|68\/100 slp\n|move|p1a: Torkoal|Flamethrower|p2b: Garganacl\n|-activate|p2b: Garganacl|move: Protect\n|\n|-weather|SunnyDay|[upkeep]\n|-heal|p1b: Corviknight|100\/100|[from] item: Leftovers\n|-heal|p2b: Garganacl|76\/100|[from] item: Leftovers\n|-damage|p1a: Torkoal|0 fnt|[from] psn\n|faint|p1a: Torkoal\n|upkeep\n|\n|t:|1683135540\n|switch|p1a: Flutter Mane|Flutter Mane, L50|100\/100\n|-activate|p1a: Flutter Mane|ability: Protosynthesis\n|-start|p1a: Flutter Mane|protosynthesisspe\n|turn|8\n|\n|t:|1683135565\n|move|p1a: Flutter Mane|Shadow Ball|p2b: Garganacl\n|-supereffective|p2b: Garganacl\n|-damage|p2b: Garganacl|35\/100\n|move|p1b: Corviknight|Body Press|p2a: Torkoal\n|-damage|p2a: Torkoal|34\/100 slp\n|move|p2b: Garganacl|Recover|p2b: Garganacl\n|-heal|p2b: Garganacl|86\/100\n|-curestatus|p2a: Torkoal|slp|[msg]\n|move|p2a: Torkoal|Yawn|p1a: Flutter Mane\n|-start|p1a: Flutter Mane|move: Yawn|[of] p2a: Torkoal\n|\n|-weather|SunnyDay|[upkeep]\n|-heal|p2b: Garganacl|92\/100|[from] item: Leftovers\n|upkeep\n|turn|9\n|\n|t:|1683135578\n|move|p2b: Garganacl|Protect|p2b: Garganacl\n|-singleturn|p2b: Garganacl|Protect\n|move|p2a: Torkoal|Protect|p2a: Torkoal\n|-singleturn|p2a: Torkoal|Protect\n|move|p1a: Flutter Mane|Substitute|p1a: Flutter Mane\n|-start|p1a: Flutter Mane|Substitute\n|-damage|p1a: Flutter Mane|75\/100\n|move|p1b: Corviknight|Brave Bird|p2a: Torkoal\n|-activate|p2a: Torkoal|move: Protect\n|\n|-weather|SunnyDay|[upkeep]\n|-heal|p2b: Garganacl|98\/100|[from] item: Leftovers\n|-end|p1a: Flutter Mane|move: Yawn|[silent]\n|-status|p1a: Flutter Mane|slp\n|upkeep\n|turn|10\n|\n|t:|1683135596\n|cant|p1a: Flutter Mane|slp\n|move|p1b: Corviknight|Brave Bird|p2a: Torkoal\n|-damage|p2a: Torkoal|10\/100\n|-damage|p1b: Corviknight|93\/100|[from] Recoil\n|move|p2b: Garganacl|Salt Cure|p1b: Corviknight\n|-damage|p1b: Corviknight|88\/100\n|-start|p1b: Corviknight|Salt Cure\n|move|p2a: Torkoal|Overheat|p1a: Flutter Mane\n|-end|p1a: Flutter Mane|Substitute\n|-unboost|p2a: Torkoal|spa|2\n|\n|-weather|SunnyDay|[upkeep]\n|-heal|p1b: Corviknight|94\/100|[from] item: Leftovers\n|-heal|p2b: Garganacl|100\/100|[from] item: Leftovers\n|-damage|p1b: Corviknight|69\/100|[from] Salt Cure\n|upkeep\n|turn|11\n|\n|t:|1683135617\n|cant|p1a: Flutter Mane|slp\n|move|p1b: Corviknight|Brave Bird|p2b: Garganacl\n|-crit|p2b: Garganacl\n|-damage|p2b: Garganacl|66\/100\n|-damage|p1b: Corviknight|57\/100|[from] Recoil\n|move|p2b: Garganacl|Salt Cure|p1a: Flutter Mane\n|-damage|p1a: Flutter Mane|46\/100 slp\n|-start|p1a: Flutter Mane|Salt Cure\n|move|p2a: Torkoal|Fire Spin|p1b: Corviknight\n|-supereffective|p1b: Corviknight\n|-damage|p1b: Corviknight|39\/100\n|-activate|p1b: Corviknight|move: Fire Spin|[of] p2a: Torkoal\n|\n|-weather|none\n|-end|p1a: Flutter Mane|Protosynthesis\n|-heal|p1b: Corviknight|45\/100|[from] item: Leftovers\n|-heal|p2b: Garganacl|72\/100|[from] item: Leftovers\n|-damage|p1a: Flutter Mane|34\/100 slp|[from] Salt Cure\n|-damage|p1b: Corviknight|32\/100|[from] move: Fire Spin|[partiallytrapped]\n|-damage|p1b: Corviknight|7\/100|[from] Salt Cure\n|upkeep\n|turn|12\n|\n|t:|1683135637\n|move|p2b: Garganacl|Protect|p2b: Garganacl\n|-singleturn|p2b: Garganacl|Protect\n|-curestatus|p1a: Flutter Mane|slp|[msg]\n|move|p1a: Flutter Mane|Dazzling Gleam|p2b: Garganacl|[spread] p2a\n|-activate|p2b: Garganacl|move: Protect\n|-resisted|p2a: Torkoal\n|-damage|p2a: Torkoal|0 fnt\n|faint|p2a: Torkoal\n|move|p1b: Corviknight|Brave Bird|p2b: Garganacl\n|-activate|p2b: Garganacl|move: Protect\n|\n|-heal|p1b: Corviknight|14\/100|[from] item: Leftovers\n|-heal|p2b: Garganacl|78\/100|[from] item: Leftovers\n|-damage|p1a: Flutter Mane|21\/100|[from] Salt Cure\n|-end|p1b: Corviknight|Fire Spin|[partiallytrapped]|[silent]\n|-damage|p1b: Corviknight|0 fnt|[from] Salt Cure\n|faint|p1b: Corviknight\n|upkeep\n|turn|13\n|\n|t:|1683135654\n|move|p1a: Flutter Mane|Shadow Ball|p2b: Garganacl\n|-supereffective|p2b: Garganacl\n|-damage|p2b: Garganacl|37\/100\n|move|p2b: Garganacl|Recover|p2b: Garganacl\n|-heal|p2b: Garganacl|87\/100\n|\n|-heal|p2b: Garganacl|93\/100|[from] item: Leftovers\n|-damage|p1a: Flutter Mane|9\/100|[from] Salt Cure\n|upkeep\n|turn|14\n|c|\u2606sawadaburner|gg\n|\n|t:|1683135679\n|move|p2b: Garganacl|Protect|p2b: Garganacl\n|-singleturn|p2b: Garganacl|Protect\n|move|p1a: Flutter Mane|Shadow Ball|p2b: Garganacl\n|-activate|p2b: Garganacl|move: Protect\n|\n|-heal|p2b: Garganacl|99\/100|[from] item: Leftovers\n|-damage|p1a: Flutter Mane|0 fnt|[from] Salt Cure\n|faint|p1a: Flutter Mane\n|-end|p1a: Flutter Mane|Protosynthesis|[silent]\n|\n|win|sawadaburner\n|upkeep\n|raw|Shepherd181's rating: 1293 → 1263<\/strong> (-30 for losing)\n|raw|sawadaburner's rating: 1216 → 1246<\/strong> (+30 for winning)\n|l|\u2606Shepherd181\n","uploadtime":1683135721,"views":16,"p1id":"shepherd181","p2id":"sawadaburner","formatid":"gen9vgc2023regulationc","rating":1246,"private":0,"password":""}