{"id":"gen9vgc2023regulationc-1845438752","p1":"achomaikel","p2":"RitmanTesting1","format":"[Gen 9] VGC 2023 Regulation C","log":"|j|\u2606achomaikel\n|j|\u2606RitmanTesting1\n|t:|1681733334\n|gametype|doubles\n|player|p1|achomaikel|lyra|1382\n|player|p2|RitmanTesting1|byron|1302\n|teamsize|p1|6\n|teamsize|p2|6\n|gen|9\n|tier|[Gen 9] VGC 2023 Regulation C\n|rated|\n|rule|Species Clause: Limit one of each Pok\u00e9mon\n|rule|Item Clause: Limit one of each item\n|clearpoke\n|poke|p1|Heracross, L50, M|\n|poke|p1|Talonflame, L50, F|\n|poke|p1|Flutter Mane, L50|\n|poke|p1|Gyarados, L50, F|\n|poke|p1|Tyranitar, L50, F|\n|poke|p1|Sandy Shocks, L50|\n|poke|p2|Wo-Chien, L50|\n|poke|p2|Glimmora, L50, M|\n|poke|p2|Baxcalibur, L50, F|\n|poke|p2|Flutter Mane, L50|\n|poke|p2|Arcanine, L50, F|\n|poke|p2|Roaring Moon, L50|\n|teampreview|4\nRitmanTesting1 has agreed to open team sheets.\n|inactive|Battle timer is ON: inactive players will automatically lose when time's up. (requested by RitmanTesting1)\n|inactive|achomaikel has 60 seconds left.\n|inactive|RitmanTesting1 has 60 seconds left.\n|\n|t:|1681733385\n|start\n|switch|p1a: Gyarados|Gyarados, L50, F|100\/100\n|switch|p1b: Sandy Shocks|Sandy Shocks, L50|100\/100\n|switch|p2a: Roaring Moon|Roaring Moon, L50|100\/100\n|switch|p2b: Glimmora|Glimmora, L50, M|100\/100\n|-ability|p1a: Gyarados|Intimidate|boost\n|-unboost|p2a: Roaring Moon|atk|1\n|-unboost|p2b: Glimmora|atk|1\n|-enditem|p2a: Roaring Moon|Booster Energy\n|-activate|p2a: Roaring Moon|ability: Protosynthesis|[fromitem]\n|-start|p2a: Roaring Moon|protosynthesisspe\n|turn|1\n|inactive|achomaikel has 30 seconds left.\n|inactive|RitmanTesting1 has 30 seconds left.\n|inactive|RitmanTesting1 has 20 seconds left.\n|inactive|RitmanTesting1 has 15 seconds left.\n|inactive|RitmanTesting1 has 10 seconds left.\n|\n|t:|1681733431\n|-terastallize|p2b: Glimmora|Grass\n|move|p1a: Gyarados|Protect|p1a: Gyarados\n|-singleturn|p1a: Gyarados|Protect\n|move|p2a: Roaring Moon|Breaking Swipe|p1a: Gyarados|[spread] p1b\n|-activate|p1a: Gyarados|move: Protect\n|-damage|p1b: Sandy Shocks|85\/100\n|-unboost|p1b: Sandy Shocks|atk|1\n|move|p1b: Sandy Shocks|Earth Power|p2b: Glimmora\n|-resisted|p2b: Glimmora\n|-damage|p2b: Glimmora|85\/100\n|-unboost|p2b: Glimmora|spd|1\n|move|p2b: Glimmora|Mortal Spin|p1a: Gyarados|[spread] p1b\n|-activate|p1a: Gyarados|move: Protect\n|-resisted|p1b: Sandy Shocks\n|-damage|p1b: Sandy Shocks|84\/100\n|-status|p1b: Sandy Shocks|psn\n|\n|-damage|p1b: Sandy Shocks|71\/100 psn|[from] psn\n|upkeep\n|turn|2\n|inactive|achomaikel has 30 seconds left.\n|inactive|RitmanTesting1 has 30 seconds left.\n|inactive|achomaikel has 20 seconds left.\n|inactive|achomaikel has 15 seconds left.\n|inactive|achomaikel has 10 seconds left.\n|\n|t:|1681733476\n|move|p2a: Roaring Moon|Earthquake|p1a: Gyarados|[spread] p2b,p1b\n|-immune|p1a: Gyarados\n|-resisted|p2b: Glimmora\n|-supereffective|p1b: Sandy Shocks\n|-damage|p2b: Glimmora|77\/100\n|-damage|p1b: Sandy Shocks|40\/100 psn\n|-activate|p2b: Glimmora|ability: Toxic Debris\n|-sidestart|p1: achomaikel|move: Toxic Spikes\n|-enditem|p1b: Sandy Shocks|Sitrus Berry|[eat]\n|-heal|p1b: Sandy Shocks|65\/100 psn|[from] item: Sitrus Berry\n|move|p1b: Sandy Shocks|Earth Power|p2a: Roaring Moon\n|-crit|p2a: Roaring Moon\n|-damage|p2a: Roaring Moon|40\/100\n|move|p1a: Gyarados|Dragon Dance|p1a: Gyarados\n|-boost|p1a: Gyarados|atk|1\n|-boost|p1a: Gyarados|spe|1\n|move|p2b: Glimmora|Power Gem|p1a: Gyarados\n|-supereffective|p1a: Gyarados\n|-damage|p1a: Gyarados|5\/100\n|\n|-damage|p1b: Sandy Shocks|53\/100 psn|[from] psn\n|upkeep\n|turn|3\n|c|\u2606RitmanTesting1|Cuando conoces el equipo ya se juega diferente :P\n|inactive|achomaikel has 30 seconds left.\n|inactive|RitmanTesting1 has 30 seconds left.\n|inactive|achomaikel has 20 seconds left.\n|\n|t:|1681733512\n|-terastallize|p1a: Gyarados|Flying\n|move|p2a: Roaring Moon|Breaking Swipe|p1b: Sandy Shocks|[spread] p1a,p1b\n|-crit|p1a: Gyarados\n|-damage|p1a: Gyarados|0 fnt\n|-damage|p1b: Sandy Shocks|39\/100 psn\n|-unboost|p1b: Sandy Shocks|atk|1\n|faint|p1a: Gyarados\n|move|p1b: Sandy Shocks|Earth Power|p2a: Roaring Moon\n|-damage|p2a: Roaring Moon|0 fnt\n|faint|p2a: Roaring Moon\n|-end|p2a: Roaring Moon|Protosynthesis|[silent]\n|move|p2b: Glimmora|Earth Power|p1b: Sandy Shocks\n|-supereffective|p1b: Sandy Shocks\n|-damage|p1b: Sandy Shocks|0 fnt\n|faint|p1b: Sandy Shocks\n|-end|p1b: Sandy Shocks|Protosynthesis|[silent]\n|\n|upkeep\n|\n|t:|1681733535\n|switch|p2a: Flutter Mane|Flutter Mane, L50|100\/100\n|switch|p1b: Heracross|Heracross, L50, M|100\/100\n|switch|p1a: Tyranitar|Tyranitar, L50, F|100\/100\n|-status|p1b: Heracross|psn\n|-status|p1a: Tyranitar|psn\n|-weather|Sandstorm|[from] ability: Sand Stream|[of] p1a: Tyranitar\n|turn|4\n|inactive|RitmanTesting1 has 30 seconds left.\n|\n|t:|1681733562\n|move|p2a: Flutter Mane|Dazzling Gleam|p1a: Tyranitar|[spread] p1a,p1b\n|-supereffective|p1a: Tyranitar\n|-supereffective|p1b: Heracross\n|-damage|p1a: Tyranitar|56\/100 psn\n|-damage|p1b: Heracross|2\/100 psn\n|-enditem|p1a: Tyranitar|Weakness Policy\n|-boost|p1a: Tyranitar|atk|2|[from] item: Weakness Policy\n|-boost|p1a: Tyranitar|spa|2|[from] item: Weakness Policy\n|move|p1b: Heracross|Pin Missile|p2b: Glimmora|[miss]\n|-miss|p1b: Heracross|p2b: Glimmora\n|move|p2b: Glimmora|Earth Power|p1a: Tyranitar\n|-supereffective|p1a: Tyranitar\n|-damage|p1a: Tyranitar|22\/100 psn\n|move|p1a: Tyranitar|Heavy Slam|p2a: Flutter Mane\n|-supereffective|p2a: Flutter Mane\n|-damage|p2a: Flutter Mane|0 fnt\n|faint|p2a: Flutter Mane\n|-end|p2a: Flutter Mane|Protosynthesis|[silent]\n|\n|-weather|Sandstorm|[upkeep]\n|-damage|p1b: Heracross|0 fnt|[from] Sandstorm\n|-damage|p2b: Glimmora|71\/100|[from] Sandstorm\n|faint|p1b: Heracross\n|-damage|p1a: Tyranitar|10\/100 psn|[from] psn\n|upkeep\n|c|\u2606RitmanTesting1|gg\n|\n|t:|1681733584\n|switch|p2a: Baxcalibur|Baxcalibur, L50, F|100\/100\n|turn|5\n|-message|achomaikel forfeited.\n|\n|win|RitmanTesting1\n|raw|achomaikel's rating: 1382 → 1357<\/strong> (-25 for losing)\n|raw|RitmanTesting1's rating: 1302 → 1327<\/strong> (+25 for winning)\n|l|\u2606achomaikel\n","uploadtime":1681733596,"views":6,"p1id":"achomaikel","p2id":"ritmantesting1","formatid":"gen9vgc2023regulationc","rating":1327,"private":0,"password":""}