{"id":"gen9vgc2023regulationc-1854104436","p1":"xqiht","p2":"JFACKE","format":"[Gen 9] VGC 2023 Regulation C","log":"|j|\u2606xqiht\n|j|\u2606JFACKE\n|t:|1682769919\n|gametype|doubles\n|player|p1|xqiht|elesa-masters|\n|player|p2|JFACKE|ethan|\n|teamsize|p1|6\n|teamsize|p2|6\n|gen|9\n|tier|[Gen 9] VGC 2023 Regulation C\n|rule|Species Clause: Limit one of each Pok\u00e9mon\n|rule|Item Clause: Limit one of each item\n|clearpoke\n|poke|p1|Palafin, L50, M|\n|poke|p1|Chien-Pao, L50|\n|poke|p1|Dragapult, L50, M|\n|poke|p1|Amoonguss, L50, F|\n|poke|p1|Arcanine, L50, F|\n|poke|p1|Flutter Mane, L50|\n|poke|p2|Dondozo, L50, F|\n|poke|p2|Tatsugiri-Droopy, L50, M|\n|poke|p2|Abomasnow, L50, M|\n|poke|p2|Iron Bundle, L50|\n|poke|p2|Chien-Pao, L50|\n|poke|p2|Flutter Mane, L50|\n|teampreview|4\nJFACKE has agreed to open team sheets.\nxqiht has agreed to open team sheets.\n|inactive|Battle timer is ON: inactive players will automatically lose when time's up. (requested by xqiht)\n|\n|t:|1682770016\n|start\n|switch|p1a: ChiYu|Arcanine, L50, F|100\/100\n|switch|p1b: Dozo|Palafin, L50, M|100\/100\n|switch|p2a: \u53cc\u51b0\u51bb|Abomasnow, L50, M, shiny|100\/100\n|switch|p2b: \u9e21\u54e5|Iron Bundle, L50, shiny|100\/100\n|-ability|p1a: ChiYu|Intimidate|boost\n|-unboost|p2a: \u53cc\u51b0\u51bb|atk|1\n|-unboost|p2b: \u9e21\u54e5|atk|1\n|-weather|Snow|[from] ability: Snow Warning|[of] p2a: \u53cc\u51b0\u51bb\n|-enditem|p2b: \u9e21\u54e5|Booster Energy\n|-activate|p2b: \u9e21\u54e5|ability: Quark Drive|[fromitem]\n|-start|p2b: \u9e21\u54e5|quarkdrivespe\n|turn|1\n|inactive|xqiht has 30 seconds left.\n|inactive|JFACKE has 30 seconds left.\n|inactive|xqiht has 20 seconds left.\n|inactive|xqiht has 15 seconds left.\n|inactive|JFACKE has 20 seconds left.\n|\n|t:|1682770060\n|detailschange|p1b: Dozo|Palafin-Hero, L50, M\n|switch|p1b: Mimi|Flutter Mane, L50|100\/100\n|-enditem|p1b: Mimi|Booster Energy\n|-activate|p1b: Mimi|ability: Protosynthesis|[fromitem]\n|-start|p1b: Mimi|protosynthesisspa\n|-terastallize|p1a: ChiYu|Flying\n|move|p2b: \u9e21\u54e5|Hydro Pump|p1a: ChiYu\n|-damage|p1a: ChiYu|45\/100\n|move|p1a: ChiYu|Flare Blitz|p2b: \u9e21\u54e5\n|-crit|p2b: \u9e21\u54e5\n|-damage|p2b: \u9e21\u54e5|47\/100\n|-damage|p1a: ChiYu|32\/100|[from] Recoil\n|move|p2a: \u53cc\u51b0\u51bb|Blizzard|p1b: Mimi|[spread] p1a,p1b\n|-supereffective|p1a: ChiYu\n|-damage|p1a: ChiYu|0 fnt\n|-damage|p1b: Mimi|68\/100\n|faint|p1a: ChiYu\n|\n|-weather|Snow|[upkeep]\n|upkeep\n|\n|t:|1682770078\n|switch|p1a: Bundle|Chien-Pao, L50|100\/100\n|-ability|p1a: Bundle|Sword of Ruin\n|turn|2\n|\n|t:|1682770095\n|-terastallize|p2a: \u53cc\u51b0\u51bb|Water\n|move|p1a: Bundle|Sucker Punch|p2b: \u9e21\u54e5\n|-damage|p2b: \u9e21\u54e5|13\/100\n|move|p2b: \u9e21\u54e5|Icy Wind|p1a: Bundle|[spread] p1a,p1b\n|-resisted|p1a: Bundle\n|-damage|p1a: Bundle|84\/100\n|-damage|p1b: Mimi|49\/100\n|-unboost|p1a: Bundle|spe|1\n|-unboost|p1b: Mimi|spe|1\n|move|p1b: Mimi|Moonblast|p2a: \u53cc\u51b0\u51bb\n|-damage|p2a: \u53cc\u51b0\u51bb|51\/100\n|move|p2a: \u53cc\u51b0\u51bb|Blizzard|p1a: Bundle|[spread] p1a,p1b\n|-resisted|p1a: Bundle\n|-damage|p1a: Bundle|56\/100\n|-damage|p1b: Mimi|13\/100\n|\n|-weather|Snow|[upkeep]\n|upkeep\n|turn|3\n|inactive|JFACKE has 30 seconds left.\n|\n|t:|1682770130\n|move|p2b: \u9e21\u54e5|Protect|p2b: \u9e21\u54e5\n|-singleturn|p2b: \u9e21\u54e5|Protect\n|move|p1a: Bundle|Sucker Punch||[still]\n|-fail|p1a: Bundle\n|move|p1b: Mimi|Moonblast|p2a: \u53cc\u51b0\u51bb\n|-damage|p2a: \u53cc\u51b0\u51bb|5\/100\n|move|p2a: \u53cc\u51b0\u51bb|Blizzard|p1a: Bundle|[spread] p1a,p1b\n|-resisted|p1a: Bundle\n|-damage|p1a: Bundle|27\/100\n|-damage|p1b: Mimi|0 fnt\n|faint|p1b: Mimi\n|-end|p1b: Mimi|Protosynthesis|[silent]\n|\n|-weather|Snow|[upkeep]\n|upkeep\n|\n|t:|1682770133\n|switch|p1b: Dozo|Palafin-Hero, L50, M|100\/100\n|-activate|p1b: Dozo|ability: Zero to Hero\n|turn|4\n|\n|t:|1682770155\n|move|p1a: Bundle|Sucker Punch|p2b: \u9e21\u54e5\n|-damage|p2b: \u9e21\u54e5|0 fnt\n|faint|p2b: \u9e21\u54e5\n|-end|p2b: \u9e21\u54e5|Quark Drive|[silent]\n|move|p1b: Dozo|Jet Punch|p2a: \u53cc\u51b0\u51bb\n|-resisted|p2a: \u53cc\u51b0\u51bb\n|-damage|p2a: \u53cc\u51b0\u51bb|0 fnt\n|faint|p2a: \u53cc\u51b0\u51bb\n|\n|-weather|Snow|[upkeep]\n|upkeep\n|\n|t:|1682770158\n|switch|p2b: \u53d1\u59d0|Flutter Mane, L50, shiny|100\/100\n|switch|p2a: \u829d\u58eb\u96ea\u8c79|Chien-Pao, L50|100\/100\n|-ability|p2a: \u829d\u58eb\u96ea\u8c79|Sword of Ruin\n|turn|5\n|\n|t:|1682770183\n|move|p2b: \u53d1\u59d0|Protect|p2b: \u53d1\u59d0\n|-singleturn|p2b: \u53d1\u59d0|Protect\n|move|p1a: Bundle|Protect|p1a: Bundle\n|-singleturn|p1a: Bundle|Protect\n|move|p2a: \u829d\u58eb\u96ea\u8c79|Sucker Punch|p1b: Dozo\n|-damage|p1b: Dozo|59\/100\n|move|p1b: Dozo|Wave Crash|p2a: \u829d\u58eb\u96ea\u8c79\n|-damage|p2a: \u829d\u58eb\u96ea\u8c79|4\/100\n|-damage|p1b: Dozo|34\/100|[from] Recoil\n|\n|-weather|none\n|upkeep\n|turn|6\n|\n|t:|1682770200\n|move|p2a: \u829d\u58eb\u96ea\u8c79|Sucker Punch|p1b: Dozo\n|-damage|p1b: Dozo|0 fnt\n|faint|p1b: Dozo\n|move|p1a: Bundle|Sucker Punch|p2b: \u53d1\u59d0\n|-damage|p2b: \u53d1\u59d0|21\/100\n|move|p2b: \u53d1\u59d0|Dazzling Gleam|p1a: Bundle\n|-supereffective|p1a: Bundle\n|-damage|p1a: Bundle|0 fnt\n|faint|p1a: Bundle\n|-damage|p2b: \u53d1\u59d0|12\/100|[from] item: Life Orb\n|\n|win|JFACKE\n|c|\u2606xqiht|gg\n","uploadtime":1682770209,"views":20,"p1id":"xqiht","p2id":"jfacke","formatid":"gen9vgc2023regulationc","rating":0,"private":0,"password":""}