{"id":"gen9vgc2023regulationc-1850471648","p1":"shallow sing","p2":"Skh11","format":"[Gen 9] VGC 2023 Regulation C","log":"|j|\u2606shallow sing\n|j|\u2606Skh11\n|t:|1682340531\n|gametype|doubles\n|player|p1|shallow sing|lillie-masters|1247\n|player|p2|Skh11|bruno|1315\n|teamsize|p1|6\n|teamsize|p2|6\n|gen|9\n|tier|[Gen 9] VGC 2023 Regulation C\n|rated|\n|rule|Species Clause: Limit one of each Pok\u00e9mon\n|rule|Item Clause: Limit one of each item\n|clearpoke\n|poke|p1|Lilligant, L50, F|\n|poke|p1|Torkoal, L50, M|\n|poke|p1|Oranguru, L50, M|\n|poke|p1|Annihilape, L50, M|\n|poke|p1|Sylveon, L50, F|\n|poke|p1|Hatterene, L50, F|\n|poke|p2|Murkrow, L50, F|\n|poke|p2|Chi-Yu, L50|\n|poke|p2|Flutter Mane, L50|\n|poke|p2|Great Tusk, L50|\n|poke|p2|Brute Bonnet, L50|\n|poke|p2|Corviknight, L50, F|\n|teampreview|4\n|inactive|Battle timer is ON: inactive players will automatically lose when time's up. (requested by Skh11)\n|inactive|shallow sing also wants the timer to be on.\nSkh11 has agreed to open team sheets.\n|\n|t:|1682340554\n|start\n|switch|p1a: \u5f88\u4e0d\u53ef\u7231|Annihilape, L50, M, shiny|100\/100\n|switch|p1b: \u4e0d\u53ef\u7231|Oranguru, L50, M, shiny|100\/100\n|switch|p2a: Chi-Yu|Chi-Yu, L50|100\/100\n|switch|p2b: Flutter Mane|Flutter Mane, L50|100\/100\n|-ability|p2a: Chi-Yu|Beads of Ruin\n|turn|1\n|inactive|shallow sing has 30 seconds left.\n|inactive|shallow sing has 20 seconds left.\n|\n|t:|1682340590\n|-terastallize|p2b: Flutter Mane|Fairy\n|-terastallize|p1a: \u5f88\u4e0d\u53ef\u7231|Fire\n|move|p2b: Flutter Mane|Moonblast|p1b: \u4e0d\u53ef\u7231\n|-damage|p1b: \u4e0d\u53ef\u7231|9\/100\n|-unboost|p1b: \u4e0d\u53ef\u7231|spa|1\n|move|p2a: Chi-Yu|Dark Pulse|p1b: \u4e0d\u53ef\u7231\n|-supereffective|p1b: \u4e0d\u53ef\u7231\n|-damage|p1b: \u4e0d\u53ef\u7231|0 fnt\n|faint|p1b: \u4e0d\u53ef\u7231\n|-damage|p2a: Chi-Yu|90\/100|[from] item: Life Orb\n|move|p1a: \u5f88\u4e0d\u53ef\u7231|Rage Fist|p2b: Flutter Mane\n|-damage|p2b: Flutter Mane|64\/100\n|\n|upkeep\n|\n|t:|1682340604\n|switch|p1b: \u8d85\u53ef\u7231|Sylveon, L50, F, shiny|100\/100\n|turn|2\n|\n|t:|1682340612\n|move|p2b: Flutter Mane|Moonblast|p1a: \u5f88\u4e0d\u53ef\u7231\n|-resisted|p1a: \u5f88\u4e0d\u53ef\u7231\n|-damage|p1a: \u5f88\u4e0d\u53ef\u7231|40\/100\n|move|p2a: Chi-Yu|Dark Pulse|p1a: \u5f88\u4e0d\u53ef\u7231\n|-damage|p1a: \u5f88\u4e0d\u53ef\u7231|0 fnt\n|faint|p1a: \u5f88\u4e0d\u53ef\u7231\n|-damage|p2a: Chi-Yu|80\/100|[from] item: Life Orb\n|move|p1b: \u8d85\u53ef\u7231|Hyper Voice|p2b: Flutter Mane|[spread] p2a,p2b\n|-damage|p2a: Chi-Yu|32\/100\n|-damage|p2b: Flutter Mane|13\/100\n|-enditem|p1b: \u8d85\u53ef\u7231|Throat Spray\n|-boost|p1b: \u8d85\u53ef\u7231|spa|1|[from] item: Throat Spray\n|\n|upkeep\n|\n|t:|1682340625\n|switch|p1a: \u5c0f\u53ef\u7231|Hatterene, L50, F, shiny|100\/100\n|turn|3\n|\n|t:|1682340632\n|move|p1b: \u8d85\u53ef\u7231|Quick Attack|p2b: Flutter Mane\n|-damage|p2b: Flutter Mane|0 fnt\n|faint|p2b: Flutter Mane\n|-end|p2b: Flutter Mane|Protosynthesis|[silent]\n|move|p2a: Chi-Yu|Dark Pulse|p1a: \u5c0f\u53ef\u7231\n|-damage|p1a: \u5c0f\u53ef\u7231|19\/100\n|-damage|p2a: Chi-Yu|22\/100|[from] item: Life Orb\n|move|p1a: \u5c0f\u53ef\u7231|Trick Room|p1a: \u5c0f\u53ef\u7231\n|-fieldstart|move: Trick Room|[of] p1a: \u5c0f\u53ef\u7231\n|\n|upkeep\n|\n|t:|1682340644\n|switch|p2b: Brute Bonnet|Brute Bonnet, L50|100\/100\n|turn|4\n|\n|t:|1682340653\n|switch|p2a: Murkrow|Murkrow, L50, F|100\/100\n|move|p2b: Brute Bonnet|Sucker Punch|p1a: \u5c0f\u53ef\u7231\n|-damage|p1a: \u5c0f\u53ef\u7231|0 fnt\n|faint|p1a: \u5c0f\u53ef\u7231\n|move|p1b: \u8d85\u53ef\u7231|Hyper Voice|p2b: Brute Bonnet|[spread] p2a,p2b\n|-supereffective|p2a: Murkrow\n|-supereffective|p2b: Brute Bonnet\n|-damage|p2a: Murkrow|0 fnt\n|-damage|p2b: Brute Bonnet|0 fnt\n|faint|p2a: Murkrow\n|faint|p2b: Brute Bonnet\n|-end|p2b: Brute Bonnet|Protosynthesis|[silent]\n|\n|upkeep\n|\n|t:|1682340662\n|switch|p2b: Chi-Yu|Chi-Yu, L50|22\/100\n|-ability|p2b: Chi-Yu|Beads of Ruin\n|turn|5\n|\n|t:|1682340669\n|move|p1b: \u8d85\u53ef\u7231|Hyper Voice|p2b: Chi-Yu\n|-damage|p2b: Chi-Yu|0 fnt\n|faint|p2b: Chi-Yu\n|\n|win|shallow sing\n|raw|shallow sing's rating: 1247 → 1277<\/strong> (+30 for winning)\n|raw|Skh11's rating: 1315 → 1291<\/strong> (-24 for losing)\n|l|\u2606Skh11\n","uploadtime":1682340678,"views":27,"p1id":"shallowsing","p2id":"skh11","formatid":"gen9vgc2023regulationc","rating":1277,"private":0,"password":""}