{"id":"gen9vgc2023regulationc-1854538013","p1":"TouyaBlk","p2":"celso94","format":"[Gen 9] VGC 2023 Regulation C","log":"|j|\u2606TouyaBlk\n|j|\u2606celso94\n|t:|1682823951\n|gametype|doubles\n|player|p1|TouyaBlk|169|\n|player|p2|celso94|102|\n|teamsize|p1|6\n|teamsize|p2|6\n|gen|9\n|tier|[Gen 9] VGC 2023 Regulation C\n|rule|Species Clause: Limit one of each Pok\u00e9mon\n|rule|Item Clause: Limit one of each item\n|clearpoke\n|poke|p1|Tyranitar, L50, F|\n|poke|p1|Lycanroc, L50, M|\n|poke|p1|Iron Hands, L50|\n|poke|p1|Sylveon, L50, M|\n|poke|p1|Murkrow, L50, M|\n|poke|p1|Chien-Pao, L50|\n|poke|p2|Chi-Yu, L50|\n|poke|p2|Lilligant, L50, F|\n|poke|p2|Torkoal, L50, F|\n|poke|p2|Flutter Mane, L50|\n|poke|p2|Kingambit, L50, F|\n|poke|p2|Great Tusk, L50|\n|teampreview|4\n|c|\u2606TouyaBlk|G1\ncelso94 has agreed to open team sheets.\nTouyaBlk has agreed to open team sheets.\n|c|\u2606TouyaBlk|Suerte!\n|c|\u2606celso94|igual\n|\n|t:|1682824086\n|start\n|switch|p1a: Lycanroc|Lycanroc, L50, M|100\/100\n|switch|p1b: Iron Hands|Iron Hands, L50|100\/100\n|switch|p2a: Chi-Yu|Chi-Yu, L50|100\/100\n|switch|p2b: Flutter Mane|Flutter Mane, L50, shiny|100\/100\n|-ability|p2a: Chi-Yu|Beads of Ruin\n|turn|1\n|\n|t:|1682824137\n|move|p1b: Iron Hands|Fake Out|p2a: Chi-Yu\n|-damage|p2a: Chi-Yu|74\/100\n|cant|p2a: Chi-Yu|flinch\n|move|p2b: Flutter Mane|Dazzling Gleam|p1a: Lycanroc|[spread] p1a,p1b\n|-supereffective|p1b: Iron Hands\n|-enditem|p1a: Lycanroc|Focus Sash\n|-damage|p1a: Lycanroc|1\/100\n|-damage|p1b: Iron Hands|15\/100\n|move|p1a: Lycanroc|Iron Head|p2b: Flutter Mane\n|-supereffective|p2b: Flutter Mane\n|-damage|p2b: Flutter Mane|4\/100\n|\n|upkeep\n|turn|2\n|\n|t:|1682824164\n|move|p1a: Lycanroc|Accelerock|p2b: Flutter Mane\n|-damage|p2b: Flutter Mane|0 fnt\n|faint|p2b: Flutter Mane\n|-end|p2b: Flutter Mane|Protosynthesis|[silent]\n|move|p2a: Chi-Yu|Heat Wave|p1a: Lycanroc|[spread] p1a,p1b\n|-resisted|p1a: Lycanroc\n|-damage|p1a: Lycanroc|0 fnt\n|-damage|p1b: Iron Hands|0 fnt\n|faint|p1a: Lycanroc\n|faint|p1b: Iron Hands\n|-end|p1b: Iron Hands|Quark Drive|[silent]\n|\n|upkeep\n|\n|t:|1682824175\n|switch|p2b: Great Tusk|Great Tusk, L50, shiny|100\/100\n|switch|p1a: Sylveon|Sylveon, L50, M|100\/100\n|switch|p1b: Tyranitar|Tyranitar, L50, F|100\/100\n|-weather|Sandstorm|[from] ability: Sand Stream|[of] p1b: Tyranitar\n|-enditem|p2b: Great Tusk|Booster Energy\n|-activate|p2b: Great Tusk|ability: Protosynthesis|[fromitem]\n|-start|p2b: Great Tusk|protosynthesisatk\n|turn|3\n|\n|t:|1682824224\n|-terastallize|p2b: Great Tusk|Steel\n|-terastallize|p1a: Sylveon|Fire\n|move|p2a: Chi-Yu|Heat Wave|p1a: Sylveon|[spread] p1a,p1b\n|-resisted|p1a: Sylveon\n|-resisted|p1b: Tyranitar\n|-damage|p1a: Sylveon|79\/100\n|-damage|p1b: Tyranitar|83\/100\n|move|p2b: Great Tusk|Rock Slide|p1a: Sylveon|[spread] p1a\n|-miss|p2b: Great Tusk|p1b: Tyranitar\n|-supereffective|p1a: Sylveon\n|-damage|p1a: Sylveon|0 fnt\n|faint|p1a: Sylveon\n|move|p1b: Tyranitar|Rock Slide|p2b: Great Tusk|[spread] p2b\n|-miss|p1b: Tyranitar|p2a: Chi-Yu\n|-resisted|p2b: Great Tusk\n|-damage|p2b: Great Tusk|88\/100\n|\n|-weather|Sandstorm|[upkeep]\n|-damage|p2a: Chi-Yu|67\/100|[from] Sandstorm\n|upkeep\n|turn|4\n|\n|t:|1682824244\n|move|p2a: Chi-Yu|Heat Wave|p1b: Tyranitar|[miss]\n|-miss|p2a: Chi-Yu|p1b: Tyranitar\n|move|p2b: Great Tusk|Headlong Rush|p1b: Tyranitar|[miss]\n|-miss|p2b: Great Tusk|p1b: Tyranitar\n|move|p1b: Tyranitar|Rock Slide|p2b: Great Tusk|[spread] p2a,p2b\n|-supereffective|p2a: Chi-Yu\n|-resisted|p2b: Great Tusk\n|-damage|p2a: Chi-Yu|0 fnt\n|-damage|p2b: Great Tusk|78\/100\n|faint|p2a: Chi-Yu\n|\n|-weather|Sandstorm|[upkeep]\n|upkeep\n|\n|t:|1682824256\n|switch|p2a: Kingambit|Kingambit, L50, F, shiny|100\/100\n|turn|5\n|\n|t:|1682824269\n|move|p2b: Great Tusk|Headlong Rush|p1b: Tyranitar\n|-supereffective|p1b: Tyranitar\n|-damage|p1b: Tyranitar|0 fnt\n|-unboost|p2b: Great Tusk|def|1\n|-unboost|p2b: Great Tusk|spd|1\n|faint|p1b: Tyranitar\n|\n|win|celso94\n|l|\u2606TouyaBlk\n","uploadtime":1682824320,"views":12,"p1id":"touyablk","p2id":"celso94","formatid":"gen9vgc2023regulationc","rating":0,"private":0,"password":""}