{"id":"gen9vgc2023regulationc-1847469636","p1":"Emberbloom","p2":"vetter27--","format":"[Gen 9] VGC 2023 Regulation C","log":"|j|\u2606Emberbloom\n|j|\u2606vetter27--\n|t:|1681958996\n|gametype|doubles\n|player|p1|Emberbloom|flannery|1539\n|player|p2|vetter27--|169|1478\n|teamsize|p1|6\n|teamsize|p2|6\n|gen|9\n|tier|[Gen 9] VGC 2023 Regulation C\n|rated|\n|rule|Species Clause: Limit one of each Pok\u00e9mon\n|rule|Item Clause: Limit one of each item\n|clearpoke\n|poke|p1|Corviknight, L50, F|\n|poke|p1|Tyranitar, L50, F|\n|poke|p1|Garchomp, L50, F|\n|poke|p1|Gyarados, L50, F|\n|poke|p1|Amoonguss, L50, M|\n|poke|p1|Iron Hands, L50|\n|poke|p2|Iron Jugulis, L50|\n|poke|p2|Great Tusk, L50|\n|poke|p2|Flutter Mane, L50|\n|poke|p2|Glimmora, L50, F|\n|poke|p2|Chi-Yu, L50|\n|poke|p2|Gyarados, L50, F|\n|teampreview|4\n|\n|t:|1681959032\n|start\n|switch|p1a: Tyranitar|Tyranitar, L50, F, shiny|100\/100\n|switch|p1b: Gyarados|Gyarados, L50, F, shiny|100\/100\n|switch|p2a: Iron Jugulis|Iron Jugulis, L50|100\/100\n|switch|p2b: Great Tusk|Great Tusk, L50|100\/100\n|-ability|p1b: Gyarados|Intimidate|boost\n|-unboost|p2a: Iron Jugulis|atk|1\n|-unboost|p2b: Great Tusk|atk|1\n|-weather|Sandstorm|[from] ability: Sand Stream|[of] p1a: Tyranitar\n|-enditem|p2a: Iron Jugulis|Booster Energy\n|-activate|p2a: Iron Jugulis|ability: Quark Drive|[fromitem]\n|-start|p2a: Iron Jugulis|quarkdrivespe\n|turn|1\n|j| wkx5678\n|\n|t:|1681959064\n|-end|p2b: Great Tusk|Protosynthesis|[silent]\n|switch|p2b: Gyarados|Gyarados, L50, F|100\/100\n|-ability|p2b: Gyarados|Intimidate|boost\n|-unboost|p1a: Tyranitar|atk|1\n|-unboost|p1b: Gyarados|atk|1\n|-terastallize|p1a: Tyranitar|Flying\n|move|p2a: Iron Jugulis|Tailwind|p2a: Iron Jugulis\n|-sidestart|p2: vetter27--|move: Tailwind\n|move|p1b: Gyarados|Waterfall|p2b: Gyarados\n|-resisted|p2b: Gyarados\n|-damage|p2b: Gyarados|89\/100\n|move|p1a: Tyranitar|Rock Slide|p2b: Gyarados|[spread] p2a\n|-miss|p1a: Tyranitar|p2b: Gyarados\n|-supereffective|p2a: Iron Jugulis\n|-damage|p2a: Iron Jugulis|65\/100\n|\n|-weather|Sandstorm|[upkeep]\n|-damage|p2a: Iron Jugulis|59\/100|[from] Sandstorm\n|-damage|p2b: Gyarados|83\/100|[from] Sandstorm\n|-damage|p1a: Tyranitar|95\/100|[from] Sandstorm\n|upkeep\n|turn|2\n|\n|t:|1681959099\n|move|p2a: Iron Jugulis|Air Slash|p1a: Tyranitar\n|-damage|p1a: Tyranitar|71\/100\n|move|p2b: Gyarados|Taunt|p1b: Gyarados\n|-start|p1b: Gyarados|move: Taunt\n|cant|p1b: Gyarados|move: Taunt|Thunder Wave\n|move|p1a: Tyranitar|Rock Slide|p2b: Gyarados|[spread] p2a,p2b\n|-supereffective|p2a: Iron Jugulis\n|-supereffective|p2b: Gyarados\n|-damage|p2a: Iron Jugulis|23\/100\n|-damage|p2b: Gyarados|47\/100\n|-enditem|p2b: Gyarados|Sitrus Berry|[eat]\n|-heal|p2b: Gyarados|71\/100|[from] item: Sitrus Berry\n|\n|-weather|Sandstorm|[upkeep]\n|-damage|p2a: Iron Jugulis|17\/100|[from] Sandstorm\n|-damage|p2b: Gyarados|65\/100|[from] Sandstorm\n|-damage|p1a: Tyranitar|65\/100|[from] Sandstorm\n|upkeep\n|turn|3\n|\n|t:|1681959119\n|switch|p1b: Iron Hands|Iron Hands, L50|100\/100\n|move|p2a: Iron Jugulis|Air Slash|p1a: Tyranitar\n|-damage|p1a: Tyranitar|38\/100\n|move|p2b: Gyarados|Waterfall|p1a: Tyranitar\n|-damage|p1a: Tyranitar|10\/100\n|move|p1a: Tyranitar|Rock Slide|p2b: Gyarados|[spread] p2a,p2b\n|-supereffective|p2a: Iron Jugulis\n|-supereffective|p2b: Gyarados\n|-damage|p2a: Iron Jugulis|0 fnt\n|-damage|p2b: Gyarados|27\/100\n|faint|p2a: Iron Jugulis\n|-end|p2a: Iron Jugulis|Quark Drive|[silent]\n|\n|-weather|Sandstorm|[upkeep]\n|-damage|p2b: Gyarados|21\/100|[from] Sandstorm\n|-damage|p1a: Tyranitar|4\/100|[from] Sandstorm\n|-damage|p1b: Iron Hands|94\/100|[from] Sandstorm\n|upkeep\n|\n|t:|1681959135\n|switch|p2a: Great Tusk|Great Tusk, L50|100\/100\n|turn|4\n|\n|t:|1681959148\n|switch|p1a: Gyarados|Gyarados, L50, F, shiny|100\/100\n|-ability|p1a: Gyarados|Intimidate|boost\n|-unboost|p2a: Great Tusk|atk|1\n|-unboost|p2b: Gyarados|atk|1\n|move|p1b: Iron Hands|Fake Out|p2a: Great Tusk\n|-damage|p2a: Great Tusk|88\/100\n|cant|p2a: Great Tusk|flinch\n|move|p2b: Gyarados|Waterfall|p1a: Gyarados\n|-resisted|p1a: Gyarados\n|-damage|p1a: Gyarados|90\/100\n|\n|-weather|Sandstorm|[upkeep]\n|-damage|p2b: Gyarados|15\/100|[from] Sandstorm\n|-damage|p1b: Iron Hands|88\/100|[from] Sandstorm\n|-sideend|p2: vetter27--|move: Tailwind\n|upkeep\n|turn|5\n|\n|t:|1681959166\n|move|p2a: Great Tusk|Headlong Rush|p1b: Iron Hands\n|-supereffective|p1b: Iron Hands\n|-damage|p1b: Iron Hands|7\/100\n|-unboost|p2a: Great Tusk|def|1\n|-unboost|p2a: Great Tusk|spd|1\n|-damage|p2a: Great Tusk|78\/100|[from] item: Life Orb\n|move|p1a: Gyarados|Waterfall|p2a: Great Tusk\n|-supereffective|p2a: Great Tusk\n|-damage|p2a: Great Tusk|5\/100\n|move|p2b: Gyarados|Thunder Wave|p1a: Gyarados\n|-status|p1a: Gyarados|par\n|move|p1b: Iron Hands|Wild Charge|p2b: Gyarados\n|-supereffective|p2b: Gyarados\n|-damage|p2b: Gyarados|0 fnt\n|faint|p2b: Gyarados\n|-damage|p1b: Iron Hands|4\/100|[from] Recoil\n|\n|-weather|none\n|upkeep\n|\n|t:|1681959182\n|switch|p2b: Flutter Mane|Flutter Mane, L50|100\/100\n|turn|6\n|\n|t:|1681959195\n|-end|p1b: Iron Hands|Quark Drive|[silent]\n|switch|p1b: Tyranitar|Tyranitar, L50, F, shiny, tera:Flying|4\/100\n|-weather|Sandstorm|[from] ability: Sand Stream|[of] p1b: Tyranitar\n|-terastallize|p2b: Flutter Mane|Fairy\n|move|p2b: Flutter Mane|Moonblast|p1a: Gyarados\n|-damage|p1a: Gyarados|22\/100 par\n|move|p2a: Great Tusk|Headlong Rush|p1b: Tyranitar\n|-immune|p1b: Tyranitar\n|move|p1a: Gyarados|Iron Head|p2b: Flutter Mane\n|-supereffective|p2b: Flutter Mane\n|-damage|p2b: Flutter Mane|34\/100\n|\n|-weather|Sandstorm|[upkeep]\n|-damage|p2b: Flutter Mane|28\/100|[from] Sandstorm\n|-damage|p1b: Tyranitar|0 fnt|[from] Sandstorm\n|faint|p1b: Tyranitar\n|upkeep\n|\n|t:|1681959199\n|switch|p1b: Iron Hands|Iron Hands, L50|4\/100\n|turn|7\n|\n|t:|1681959250\n|move|p1b: Iron Hands|Fake Out|p2a: Great Tusk\n|-damage|p2a: Great Tusk|0 fnt\n|faint|p2a: Great Tusk\n|-end|p2a: Great Tusk|Protosynthesis|[silent]\n|move|p2b: Flutter Mane|Moonblast|p1a: Gyarados\n|-damage|p1a: Gyarados|0 fnt\n|faint|p1a: Gyarados\n|\n|-weather|Sandstorm|[upkeep]\n|-damage|p2b: Flutter Mane|23\/100|[from] Sandstorm\n|-damage|p1b: Iron Hands|0 fnt|[from] Sandstorm\n|faint|p1b: Iron Hands\n|-end|p1b: Iron Hands|Quark Drive|[silent]\n|upkeep\n|\n|t:|1681959253\n|switch|p1b: Corviknight|Corviknight, L50, F|100\/100\n|turn|8\n|-message|vetter27-- forfeited.\n|\n|win|Emberbloom\n|raw|Emberbloom's rating: 1539 → 1556<\/strong> (+17 for winning)\n|raw|vetter27--'s rating: 1478 → 1461<\/strong> (-17 for losing)\n|l|\u2606vetter27--\n","uploadtime":1681959269,"views":5,"p1id":"emberbloom","p2id":"vetter27","formatid":"gen9vgc2023regulationc","rating":1461,"private":0,"password":""}