{"id":"gen9vgc2023regulationc-1852139152","p1":"Akram Hamdi VGC","p2":"Petuniaveloz58","format":"[Gen 9] VGC 2023 Regulation C","log":"|j|\u2606Akram Hamdi VGC\n|j|\u2606Petuniaveloz58\n|t:|1682527354\n|gametype|doubles\n|player|p1|Akram Hamdi VGC|bertha|1645\n|player|p2|Petuniaveloz58|101|1639\n|teamsize|p1|6\n|teamsize|p2|6\n|gen|9\n|tier|[Gen 9] VGC 2023 Regulation C\n|rated|\n|rule|Species Clause: Limit one of each Pok\u00e9mon\n|rule|Item Clause: Limit one of each item\n|clearpoke\n|poke|p1|Ting-Lu, L50|\n|poke|p1|Gholdengo, L50|\n|poke|p1|Arcanine, L50, M|\n|poke|p1|Rotom-Wash, L50|\n|poke|p1|Flutter Mane, L50|\n|poke|p1|Wo-Chien, L50|\n|poke|p2|Jumpluff, L50, F|\n|poke|p2|Torkoal, L50, F|\n|poke|p2|Flutter Mane, L50|\n|poke|p2|Chi-Yu, L50|\n|poke|p2|Roaring Moon, L50|\n|poke|p2|Iron Bundle, L50|\n|teampreview|4\n|inactive|Battle timer is ON: inactive players will automatically lose when time's up. (requested by Akram Hamdi VGC)\nAkram Hamdi VGC has agreed to open team sheets.\n|\n|t:|1682527382\n|start\n|switch|p1a: Gholdengo|Gholdengo, L50|100\/100\n|switch|p1b: Ting-Lu|Ting-Lu, L50|100\/100\n|switch|p2a: Jumpluff|Jumpluff, L50, F|100\/100\n|switch|p2b: Torkoal|Torkoal, L50, F|100\/100\n|-ability|p1b: Ting-Lu|Vessel of Ruin\n|-weather|SunnyDay|[from] ability: Drought|[of] p2b: Torkoal\n|turn|1\n|j| Withoutexcuse\n|j| Therazer456\n|\n|t:|1682527404\n|switch|p1b: Arcanine|Arcanine, L50, M|100\/100\n|-ability|p1b: Arcanine|Intimidate|boost\n|-unboost|p2a: Jumpluff|atk|1\n|-unboost|p2b: Torkoal|atk|1\n|-enditem|p2b: Torkoal|Eject Pack\n|\n|t:|1682527420\n|switch|p2b: Chi-Yu|Chi-Yu, L50|100\/100\n|-ability|p2b: Chi-Yu|Beads of Ruin\n|move|p1a: Gholdengo|Protect|p1a: Gholdengo\n|-singleturn|p1a: Gholdengo|Protect\n|move|p2a: Jumpluff|Sleep Powder|p1b: Arcanine\n|-activate|p1b: Arcanine|item: Safety Goggles|Sleep Powder\n|\n|-weather|SunnyDay|[upkeep]\n|upkeep\n|turn|2\n|\n|t:|1682527437\n|switch|p1a: Ting-Lu|Ting-Lu, L50|100\/100\n|-ability|p1a: Ting-Lu|Vessel of Ruin\n|-terastallize|p2b: Chi-Yu|Fire\n|move|p2a: Jumpluff|Tailwind|p2a: Jumpluff\n|-sidestart|p2: Petuniaveloz58|move: Tailwind\n|move|p2b: Chi-Yu|Heat Wave|p1b: Arcanine|[spread] p1a,p1b\n|-resisted|p1b: Arcanine\n|-damage|p1a: Ting-Lu|55\/100\n|-damage|p1b: Arcanine|56\/100\n|-damage|p2b: Chi-Yu|91\/100|[from] item: Life Orb\n|move|p1b: Arcanine|Flare Blitz|p2b: Chi-Yu\n|-resisted|p2b: Chi-Yu\n|-damage|p2b: Chi-Yu|45\/100\n|-damage|p1b: Arcanine|44\/100|[from] Recoil\n|\n|-weather|SunnyDay|[upkeep]\n|upkeep\n|turn|3\n|inactive|Akram Hamdi VGC has 30 seconds left.\n|\n|t:|1682527469\n|move|p2a: Jumpluff|Pollen Puff|p2b: Chi-Yu\n|-heal|p2b: Chi-Yu|95\/100\n|move|p2b: Chi-Yu|Flamethrower|p1a: Ting-Lu\n|-damage|p1a: Ting-Lu|0 fnt\n|faint|p1a: Ting-Lu\n|-damage|p2b: Chi-Yu|85\/100|[from] item: Life Orb\n|move|p1b: Arcanine|Flare Blitz|p2a: Jumpluff\n|-supereffective|p2a: Jumpluff\n|-crit|p2a: Jumpluff\n|-enditem|p2a: Jumpluff|Focus Sash\n|-damage|p2a: Jumpluff|1\/100\n|-damage|p1b: Arcanine|18\/100|[from] Recoil\n|\n|-weather|SunnyDay|[upkeep]\n|upkeep\n|j| Rayo20\n|\n|t:|1682527485\n|switch|p1a: Rotom|Rotom-Wash, L50|100\/100\n|turn|4\n|\n|t:|1682527495\n|switch|p2a: Flutter Mane|Flutter Mane, L50|100\/100\n|-activate|p2a: Flutter Mane|ability: Protosynthesis\n|-start|p2a: Flutter Mane|protosynthesisspa\n|move|p1b: Arcanine|Extreme Speed|p2a: Flutter Mane\n|-immune|p2a: Flutter Mane\n|move|p2b: Chi-Yu|Heat Wave|p1b: Arcanine|[spread] p1a,p1b\n|-resisted|p1a: Rotom\n|-resisted|p1b: Arcanine\n|-damage|p1a: Rotom|45\/100\n|-damage|p1b: Arcanine|0 fnt\n|-status|p1a: Rotom|brn\n|-enditem|p1a: Rotom|Sitrus Berry|[eat]\n|-heal|p1a: Rotom|70\/100 brn|[from] item: Sitrus Berry\n|faint|p1b: Arcanine\n|-damage|p2b: Chi-Yu|75\/100|[from] item: Life Orb\n|move|p1a: Rotom|Hydro Pump|p2b: Chi-Yu|[miss]\n|-miss|p1a: Rotom|p2b: Chi-Yu\n|\n|-weather|SunnyDay|[upkeep]\n|-damage|p1a: Rotom|64\/100 brn|[from] brn\n|upkeep\n|c|\u2606Akram Hamdi VGC|gg\n|\n|t:|1682527513\n|switch|p1b: Gholdengo|Gholdengo, L50|100\/100\n|turn|5\n|c|\u2606Petuniaveloz58|gg\n|-message|Akram Hamdi VGC forfeited.\n|\n|win|Petuniaveloz58\n|raw|Akram Hamdi VGC's rating: 1645 → 1625<\/strong> (-20 for losing)\n|raw|Petuniaveloz58's rating: 1639 → 1659<\/strong> (+20 for winning)\n|l|\u2606Petuniaveloz58\n","uploadtime":1682527537,"views":15,"p1id":"akramhamdivgc","p2id":"petuniaveloz58","formatid":"gen9vgc2023regulationc","rating":1625,"private":0,"password":""}