{"id":"gen9vgc2023regulationc-1863725339","p1":"head 0f the table","p2":"Kavchi","format":"[Gen 9] VGC 2023 Regulation C","log":"|j|\u2606head 0f the table\n|j|\u2606Kavchi\n|t:|1684067747\n|gametype|doubles\n|player|p1|head 0f the table|cynthia-gen4|\n|player|p2|Kavchi|1|\n|teamsize|p1|6\n|teamsize|p2|6\n|gen|9\n|tier|[Gen 9] VGC 2023 Regulation C\n|rule|Tera Type Preview: Tera Types are shown at Team Preview\n|rule|Species Clause: Limit one of each Pok\u00e9mon\n|rule|Item Clause: Limit one of each item\n|clearpoke\n|poke|p1|Palafin, L50, F|\n|poke|p1|Arcanine, L50, M|\n|poke|p1|Baxcalibur, L50, M|\n|poke|p1|Hatterene, L50, F|\n|poke|p1|Hariyama, L50, M|\n|poke|p1|Eelektross, L50, F|\n|poke|p2|Dachsbun, L50, M|\n|poke|p2|Dragonite, L50, F|\n|poke|p2|Flutter Mane, L50|\n|poke|p2|Volcarona, L50, M|\n|poke|p2|Roaring Moon, L50|\n|poke|p2|Gyarados, L50, M|\n|teampreview|4\n|raw|head 0f the table's Tera Types: \/ \/ \/ \/ \/ \n|raw|Kavchi's Tera Types: \/ \/ \/ \/ \/ \n|c|\u2606Kavchi|G2\n|c|\u2606head 0f the table|okay i am not able to send the link\n|c|\u2606head 0f the table|could you do it\n|c|\u2606head 0f the table|i guess slow chat thing is on\nhead 0f the table rejected open team sheets.\n|c|\u2606Kavchi|You sent 1, right?\n|c|\u2606head 0f the table|yeah\n|c|\u2606head 0f the table|I guess we need someone else to send g3\n|c|\u2606Kavchi|Shit, you need to send all 3 links in 1 msg.\n|c|\u2606Kavchi|Can you please rechallenge?\n|c|\u2606head 0f the table|nvm, we'll send the replay of 3rd if needed\n|c|\u2606head 0f the table|we'll start the first game\n|c|\u2606Kavchi|I guess it works\n|c|\u2606Kavchi|glhf!\n|c|\u2606head 0f the table|gl hf\n|\n|t:|1684068329\n|start\n|switch|p1a: Hariyama|Hariyama, L50, M|100\/100\n|switch|p1b: Hatterene|Hatterene, L50, F|100\/100\n|switch|p2a: Flutter Mane|Flutter Mane, L50|100\/100\n|switch|p2b: Roaring Moon|Roaring Moon, L50|100\/100\n|turn|1\n|\n|t:|1684068341\n|move|p1a: Hariyama|Fake Out|p2b: Roaring Moon\n|-damage|p2b: Roaring Moon|85\/100\n|move|p2a: Flutter Mane|Shadow Ball|p1b: Hatterene\n|-supereffective|p1b: Hatterene\n|-enditem|p1b: Hatterene|Focus Sash\n|-damage|p1b: Hatterene|1\/100\n|-unboost|p1b: Hatterene|spd|1\n|cant|p2b: Roaring Moon|flinch\n|move|p1b: Hatterene|Trick Room|p1b: Hatterene\n|-fieldstart|move: Trick Room|[of] p1b: Hatterene\n|\n|-status|p1a: Hariyama|brn|[from] item: Flame Orb\n|upkeep\n|turn|2\n|\n|t:|1684068360\n|-terastallize|p2b: Roaring Moon|Steel\n|move|p1b: Hatterene|Dazzling Gleam|p2a: Flutter Mane|[spread] p2a,p2b\n|-resisted|p2b: Roaring Moon\n|-damage|p2a: Flutter Mane|65\/100\n|-damage|p2b: Roaring Moon|69\/100\n|move|p1a: Hariyama|Rock Slide|p2b: Roaring Moon|[spread] p2b\n|-miss|p1a: Hariyama|p2a: Flutter Mane\n|-resisted|p2b: Roaring Moon\n|-damage|p2b: Roaring Moon|54\/100\n|move|p2b: Roaring Moon|Iron Head|p1b: Hatterene\n|-supereffective|p1b: Hatterene\n|-damage|p1b: Hatterene|0 fnt\n|faint|p1b: Hatterene\n|move|p2a: Flutter Mane|Shadow Ball|p1a: Hariyama\n|-damage|p1a: Hariyama|22\/100 brn\n|\n|-damage|p1a: Hariyama|16\/100 brn|[from] brn\n|upkeep\n|\n|t:|1684068377\n|switch|p1b: Eelektross|Eelektross, L50, F|100\/100\n|turn|3\n|\n|t:|1684068397\n|-end|p2a: Flutter Mane|Protosynthesis|[silent]\n|switch|p2a: Gyarados|Gyarados, L50, M|100\/100\n|-ability|p2a: Gyarados|Intimidate|boost\n|-unboost|p1a: Hariyama|atk|1\n|-unboost|p1b: Eelektross|atk|1\n|move|p1a: Hariyama|Headlong Rush|p2a: Gyarados\n|-immune|p2a: Gyarados\n|move|p1b: Eelektross|Flamethrower|p2b: Roaring Moon\n|-supereffective|p2b: Roaring Moon\n|-damage|p2b: Roaring Moon|0 fnt\n|faint|p2b: Roaring Moon\n|-end|p2b: Roaring Moon|Protosynthesis|[silent]\n|\n|-damage|p1a: Hariyama|10\/100 brn|[from] brn\n|upkeep\n|\n|t:|1684068410\n|switch|p2b: Flutter Mane|Flutter Mane, L50|65\/100\n|turn|4\n|\n|t:|1684068422\n|move|p2a: Gyarados|Protect|p2a: Gyarados\n|-singleturn|p2a: Gyarados|Protect\n|move|p1b: Eelektross|Thunderbolt|p2b: Flutter Mane\n|-damage|p2b: Flutter Mane|19\/100\n|move|p1a: Hariyama|Headlong Rush|p2b: Flutter Mane\n|-damage|p2b: Flutter Mane|0 fnt\n|-unboost|p1a: Hariyama|def|1\n|-unboost|p1a: Hariyama|spd|1\n|faint|p2b: Flutter Mane\n|-end|p2b: Flutter Mane|Protosynthesis|[silent]\n|\n|-damage|p1a: Hariyama|4\/100 brn|[from] brn\n|upkeep\n|\n|t:|1684068433\n|switch|p2b: Volcarona|Volcarona, L50, M|100\/100\n|turn|5\n|\n|t:|1684068445\n|move|p1b: Eelektross|Thunderbolt|p2a: Gyarados\n|-supereffective|p2a: Gyarados\n|-damage|p2a: Gyarados|0 fnt\n|faint|p2a: Gyarados\n|move|p1a: Hariyama|Rock Slide|p2b: Volcarona\n|-supereffective|p2b: Volcarona\n|-damage|p2b: Volcarona|0 fnt\n|faint|p2b: Volcarona\n|\n|win|head 0f the table\n|c|\u2606head 0f the table|gg\n|c|\u2606Kavchi|ggs!\n","uploadtime":1684068460,"views":16,"p1id":"head0fthetable","p2id":"kavchi","formatid":"gen9vgc2023regulationc","rating":0,"private":0,"password":""}