{"id":"gen9vgc2023regulationc-1849510182","p1":"dunvrgazo","p2":"jchemmy","format":"[Gen 9] VGC 2023 Regulation C","log":"|j|\u2606dunvrgazo\n|j|\u2606jchemmy\n|t:|1682207069\n|gametype|doubles\n|player|p1|dunvrgazo|n|1329\n|player|p2|jchemmy|brock|1287\n|teamsize|p1|6\n|teamsize|p2|6\n|gen|9\n|tier|[Gen 9] VGC 2023 Regulation C\n|rated|\n|rule|Species Clause: Limit one of each Pok\u00e9mon\n|rule|Item Clause: Limit one of each item\n|clearpoke\n|poke|p1|Baxcalibur, L50, F|\n|poke|p1|Armarouge, L50, F|\n|poke|p1|Iron Hands, L50|\n|poke|p1|Kingambit, L50, F|\n|poke|p1|Brute Bonnet, L50|\n|poke|p1|Torkoal, L50, M|\n|poke|p2|Arcanine, L50, F|\n|poke|p2|Palafin, L50, M|\n|poke|p2|Flutter Mane, L50|\n|poke|p2|Ting-Lu, L50|\n|poke|p2|Amoonguss, L50, M|\n|poke|p2|Baxcalibur, L50, M|\n|teampreview|4\n|inactive|Battle timer is ON: inactive players will automatically lose when time's up. (requested by jchemmy)\njchemmy has agreed to open team sheets.\n|inactive|dunvrgazo has 60 seconds left.\n|inactive|jchemmy has 60 seconds left.\n|\n|t:|1682207105\n|start\n|switch|p1a: Kingambit|Kingambit, L50, F|100\/100\n|switch|p1b: Armarouge|Armarouge, L50, F|100\/100\n|switch|p2a: Flutter Mane|Flutter Mane, L50|100\/100\n|switch|p2b: Palafin|Palafin, L50, M|100\/100\n|turn|1\n|inactive|dunvrgazo has 30 seconds left.\n|inactive|jchemmy has 30 seconds left.\n|\n|t:|1682207134\n|-end|p2a: Flutter Mane|Protosynthesis|[silent]\n|switch|p2a: Ting-Lu|Ting-Lu, L50|100\/100\n|-ability|p2a: Ting-Lu|Vessel of Ruin\n|move|p2b: Palafin|Wave Crash|p1b: Armarouge\n|-supereffective|p1b: Armarouge\n|-damage|p1b: Armarouge|2\/100\n|-damage|p2b: Palafin|72\/100|[from] Recoil\n|move|p1a: Kingambit|Kowtow Cleave|p2a: Ting-Lu\n|-resisted|p2a: Ting-Lu\n|-damage|p2a: Ting-Lu|79\/100\n|-damage|p1a: Kingambit|90\/100|[from] item: Life Orb\n|move|p1b: Armarouge|Trick Room|p1b: Armarouge\n|-fieldstart|move: Trick Room|[of] p1b: Armarouge\n|\n|upkeep\n|turn|2\n|inactive|dunvrgazo has 30 seconds left.\n|\n|t:|1682207167\n|move|p2b: Palafin|Protect|p2b: Palafin\n|-singleturn|p2b: Palafin|Protect\n|move|p1a: Kingambit|Low Kick|p2a: Ting-Lu\n|-supereffective|p2a: Ting-Lu\n|-damage|p2a: Ting-Lu|0 fnt\n|faint|p2a: Ting-Lu\n|-damage|p1a: Kingambit|80\/100|[from] item: Life Orb\n|move|p1b: Armarouge|Armor Cannon|p2b: Palafin\n|-activate|p2b: Palafin|move: Protect\n|\n|upkeep\n|\n|t:|1682207178\n|switch|p2a: Amoonguss|Amoonguss, L50, M|100\/100\n|turn|3\n|\n|t:|1682207185\n|switch|p1a: Baxcalibur|Baxcalibur, L50, F|100\/100\n|move|p2b: Palafin|Jet Punch|p1b: Armarouge\n|-supereffective|p1b: Armarouge\n|-damage|p1b: Armarouge|0 fnt\n|faint|p1b: Armarouge\n|move|p2a: Amoonguss|Spore|p1a: Baxcalibur\n|-activate|p1a: Baxcalibur|item: Safety Goggles|Spore\n|\n|upkeep\n|\n|t:|1682207193\n|switch|p1b: Iron Hands|Iron Hands, L50|100\/100\n|turn|4\n|\n|t:|1682207204\n|move|p2a: Amoonguss|Protect|p2a: Amoonguss\n|-singleturn|p2a: Amoonguss|Protect\n|move|p2b: Palafin|Protect|p2b: Palafin\n|-singleturn|p2b: Palafin|Protect\n|move|p1b: Iron Hands|Fake Out|p2a: Amoonguss\n|-activate|p2a: Amoonguss|move: Protect\n|move|p1a: Baxcalibur|Swords Dance|p1a: Baxcalibur\n|-boost|p1a: Baxcalibur|atk|2\n|\n|upkeep\n|turn|5\n|\n|t:|1682207223\n|move|p2b: Palafin|Jet Punch|p1a: Baxcalibur\n|-resisted|p1a: Baxcalibur\n|-damage|p1a: Baxcalibur|90\/100\n|move|p2a: Amoonguss|Spore|p1b: Iron Hands\n|-status|p1b: Iron Hands|slp|[from] move: Spore\n|cant|p1b: Iron Hands|slp\n|move|p1a: Baxcalibur|Glaive Rush|p2a: Amoonguss\n|-damage|p2a: Amoonguss|0 fnt\n|-singlemove|p1a: Baxcalibur|Glaive Rush|[silent]\n|faint|p2a: Amoonguss\n|\n|-fieldend|move: Trick Room\n|upkeep\n|\n|t:|1682207232\n|switch|p2a: Flutter Mane|Flutter Mane, L50|100\/100\n|turn|6\n|\n|t:|1682207246\n|-terastallize|p2a: Flutter Mane|Fairy\n|move|p1a: Baxcalibur|Protect|p1a: Baxcalibur\n|-singleturn|p1a: Baxcalibur|Protect\n|move|p2a: Flutter Mane|Moonblast|p1a: Baxcalibur\n|-activate|p1a: Baxcalibur|move: Protect\n|move|p2b: Palafin|Wave Crash|p1b: Iron Hands\n|-damage|p1b: Iron Hands|69\/100 slp\n|-damage|p2b: Palafin|61\/100|[from] Recoil\n|cant|p1b: Iron Hands|slp\n|\n|upkeep\n|turn|7\n|\n|t:|1682207263\n|-terastallize|p1a: Baxcalibur|Poison\n|move|p1a: Baxcalibur|Ice Shard|p2a: Flutter Mane\n|-damage|p2a: Flutter Mane|31\/100\n|move|p2a: Flutter Mane|Moonblast|p1a: Baxcalibur\n|-resisted|p1a: Baxcalibur\n|-damage|p1a: Baxcalibur|48\/100\n|move|p2b: Palafin|Wave Crash|p1b: Iron Hands\n|-damage|p1b: Iron Hands|33\/100 slp\n|-damage|p2b: Palafin|48\/100|[from] Recoil\n|cant|p1b: Iron Hands|slp\n|\n|upkeep\n|turn|8\n|-message|jchemmy forfeited.\n|\n|win|dunvrgazo\n|raw|dunvrgazo's rating: 1329 → 1347<\/strong> (+18 for winning)\n|raw|jchemmy's rating: 1287 → 1265<\/strong> (-22 for losing)\n|l|\u2606dunvrgazo\n","uploadtime":1682207292,"views":4,"p1id":"dunvrgazo","p2id":"jchemmy","formatid":"gen9vgc2023regulationc","rating":1265,"private":0,"password":""}