{"id":"gen9vgc2023regulationc-1853217599","p1":"HiKraunty","p2":"MomeriA12","format":"[Gen 9] VGC 2023 Regulation C","log":"|j|\u2606HiKraunty\n|j|\u2606MomeriA12\n|t:|1682650041\n|gametype|doubles\n|player|p1|HiKraunty|hilda|1680\n|player|p2|MomeriA12|170|1732\n|teamsize|p1|6\n|teamsize|p2|6\n|gen|9\n|tier|[Gen 9] VGC 2023 Regulation C\n|rated|\n|rule|Species Clause: Limit one of each Pok\u00e9mon\n|rule|Item Clause: Limit one of each item\n|clearpoke\n|poke|p1|Flutter Mane, L50|\n|poke|p1|Iron Bundle, L50|\n|poke|p1|Maushold-Four, L50|\n|poke|p1|Roaring Moon, L50|\n|poke|p1|Bellibolt, L50, M|\n|poke|p1|Great Tusk, L50|\n|poke|p2|Talonflame, L50, M|\n|poke|p2|Torkoal, L50, M|\n|poke|p2|Flutter Mane, L50|\n|poke|p2|Amoonguss, L50, M|\n|poke|p2|Iron Hands, L50|\n|poke|p2|Garchomp, L50, F|\n|teampreview|4\n|\n|t:|1682650096\n|start\n|switch|p1a: Regiceki|Iron Bundle, L50|100\/100\n|switch|p1b: BellyBall|Bellibolt, L50, M|100\/100\n|switch|p2a: Iron Hands|Iron Hands, L50|100\/100\n|switch|p2b: Garchomp|Garchomp, L50, F|100\/100\n|turn|1\n|j| MidianVGC\n|\n|t:|1682650117\n|-terastallize|p1b: BellyBall|Flying\n|move|p1a: Regiceki|Protect|p1a: Regiceki\n|-singleturn|p1a: Regiceki|Protect\n|move|p2a: Iron Hands|Fake Out|p1a: Regiceki\n|-activate|p1a: Regiceki|move: Protect\n|move|p2b: Garchomp|Swords Dance|p2b: Garchomp\n|-boost|p2b: Garchomp|atk|2\n|move|p1b: BellyBall|Tera Blast|p2b: Garchomp\n|-damage|p2b: Garchomp|60\/100\n|\n|upkeep\n|turn|2\n|\n|t:|1682650164\n|-end|p2a: Iron Hands|Quark Drive|[silent]\n|switch|p2a: Amoonguss|Amoonguss, L50, M|100\/100\n|move|p2b: Garchomp|Protect|p2b: Garchomp\n|-singleturn|p2b: Garchomp|Protect\n|move|p1a: Regiceki|Encore|p2b: Garchomp\n|-activate|p2b: Garchomp|move: Protect\n|move|p1b: BellyBall|Tera Blast|p2a: Amoonguss\n|-supereffective|p2a: Amoonguss\n|-damage|p2a: Amoonguss|34\/100\n|\n|upkeep\n|turn|3\n|\n|t:|1682650184\n|-terastallize|p2b: Garchomp|Fire\n|move|p2a: Amoonguss|Rage Powder|p2a: Amoonguss\n|-singleturn|p2a: Amoonguss|move: Rage Powder\n|move|p1a: Regiceki|Icy Wind|p2b: Garchomp|[spread] p2a,p2b\n|-supereffective|p2a: Amoonguss\n|-resisted|p2b: Garchomp\n|-damage|p2a: Amoonguss|0 fnt\n|-damage|p2b: Garchomp|50\/100\n|faint|p2a: Amoonguss\n|move|p2b: Garchomp|Dragon Claw|p1b: BellyBall\n|-damage|p1b: BellyBall|19\/100\n|-start|p1b: BellyBall|Charge|Dragon Claw|[from] ability: Electromorphosis\n|move|p1b: BellyBall|Tera Blast|p2b: Garchomp\n|-damage|p2b: Garchomp|9\/100\n|\n|upkeep\n|\n|t:|1682650201\n|switch|p2a: Talonflame|Talonflame, L50, M|100\/100\n|turn|4\n|\n|t:|1682650238\n|move|p2a: Talonflame|Tailwind|p2a: Talonflame\n|-sidestart|p2: MomeriA12|move: Tailwind\n|move|p2b: Garchomp|Dragon Claw|p1b: BellyBall\n|-damage|p1b: BellyBall|0 fnt\n|faint|p1b: BellyBall\n|move|p1a: Regiceki|Icy Wind|p2b: Garchomp|[spread] p2a,p2b\n|-resisted|p2b: Garchomp\n|-damage|p2a: Talonflame|72\/100\n|-damage|p2b: Garchomp|0 fnt\n|-unboost|p2a: Talonflame|spe|1\n|faint|p2b: Garchomp\n|\n|upkeep\n|\n|t:|1682650249\n|switch|p2b: Iron Hands|Iron Hands, L50|100\/100\n|switch|p1b: Sailor Moon|Roaring Moon, L50|100\/100\n|-enditem|p1b: Sailor Moon|Booster Energy\n|-activate|p1b: Sailor Moon|ability: Protosynthesis|[fromitem]\n|-start|p1b: Sailor Moon|protosynthesisspe\n|turn|5\n|\n|t:|1682650269\n|move|p1b: Sailor Moon|Protect|p1b: Sailor Moon\n|-singleturn|p1b: Sailor Moon|Protect\n|move|p1a: Regiceki|Protect|p1a: Regiceki\n|-singleturn|p1a: Regiceki|Protect\n|move|p2a: Talonflame|Brave Bird|p1a: Regiceki\n|-activate|p1a: Regiceki|move: Protect\n|move|p2b: Iron Hands|Drain Punch|p1b: Sailor Moon\n|-activate|p1b: Sailor Moon|move: Protect\n|\n|upkeep\n|turn|6\n|\n|t:|1682650295\n|move|p1b: Sailor Moon|Breaking Swipe|p2b: Iron Hands|[spread] p2a,p2b\n|-damage|p2a: Talonflame|37\/100\n|-damage|p2b: Iron Hands|85\/100\n|-unboost|p2a: Talonflame|atk|1\n|-unboost|p2b: Iron Hands|atk|1\n|move|p2a: Talonflame|Brave Bird|p1a: Regiceki\n|-damage|p1a: Regiceki|65\/100\n|-damage|p2a: Talonflame|26\/100|[from] Recoil\n|move|p1a: Regiceki|Icy Wind|p2a: Talonflame|[spread] p2a,p2b\n|-damage|p2a: Talonflame|0 fnt\n|-damage|p2b: Iron Hands|73\/100\n|-unboost|p2b: Iron Hands|spe|1\n|faint|p2a: Talonflame\n|move|p2b: Iron Hands|Drain Punch|p1b: Sailor Moon\n|-supereffective|p1b: Sailor Moon\n|-damage|p1b: Sailor Moon|32\/100\n|-heal|p2b: Iron Hands|99\/100|[from] drain|[of] p1b: Sailor Moon\n|\n|upkeep\n|turn|7\n|\n|t:|1682650313\n|move|p1b: Sailor Moon|Breaking Swipe|p2b: Iron Hands\n|-damage|p2b: Iron Hands|80\/100\n|-unboost|p2b: Iron Hands|atk|1\n|move|p1a: Regiceki|Freeze-Dry|p2b: Iron Hands\n|-crit|p2b: Iron Hands\n|-damage|p2b: Iron Hands|52\/100\n|move|p2b: Iron Hands|Drain Punch|p1a: Regiceki\n|-supereffective|p1a: Regiceki\n|-damage|p1a: Regiceki|9\/100\n|-heal|p2b: Iron Hands|69\/100|[from] drain|[of] p1a: Regiceki\n|\n|-sideend|p2: MomeriA12|move: Tailwind\n|upkeep\n|turn|8\n|j| Spacejes\n|\n|t:|1682650325\n|move|p1b: Sailor Moon|Breaking Swipe|p2b: Iron Hands\n|-crit|p2b: Iron Hands\n|-damage|p2b: Iron Hands|37\/100\n|-unboost|p2b: Iron Hands|atk|1\n|move|p1a: Regiceki|Freeze-Dry|p2b: Iron Hands\n|-damage|p2b: Iron Hands|19\/100\n|move|p2b: Iron Hands|Drain Punch|p1b: Sailor Moon\n|-supereffective|p1b: Sailor Moon\n|-damage|p1b: Sailor Moon|0 fnt\n|-heal|p2b: Iron Hands|31\/100|[from] drain|[of] p1b: Sailor Moon\n|faint|p1b: Sailor Moon\n|-end|p1b: Sailor Moon|Protosynthesis|[silent]\n|\n|upkeep\n|\n|t:|1682650330\n|switch|p1b: First Pick|Flutter Mane, L50|100\/100\n|turn|9\n|-message|MomeriA12 forfeited.\n|\n|win|HiKraunty\n|raw|HiKraunty's rating: 1680 → 1703<\/strong> (+23 for winning)\n|raw|MomeriA12's rating: 1732 → 1709<\/strong> (-23 for losing)\n|l|\u2606MomeriA12\n|l|\u2606HiKraunty\n|l| MidianVGC\n","uploadtime":1682650398,"views":8,"p1id":"hikraunty","p2id":"momeria12","formatid":"gen9vgc2023regulationc","rating":1703,"private":0,"password":""}