{"id":"gen9vgc2023regulationc-1861573648","p1":"Mait27","p2":"odetojank3","format":"[Gen 9] VGC 2023 Regulation C","log":"|j|\u2606Mait27\n|j|\u2606odetojank3\n|t:|1683775159\n|gametype|doubles\n|player|p1|Mait27|2|1255\n|player|p2|odetojank3|101|1354\n|teamsize|p1|6\n|teamsize|p2|6\n|gen|9\n|tier|[Gen 9] VGC 2023 Regulation C\n|rated|\n|rule|Species Clause: Limit one of each Pok\u00e9mon\n|rule|Item Clause: Limit one of each item\n|clearpoke\n|poke|p1|Klawf, L50, F|\n|poke|p1|Arcanine, L50, M|\n|poke|p1|Wo-Chien, L50|\n|poke|p1|Iron Bundle, L50|\n|poke|p1|Garganacl, L50, F|\n|poke|p1|Gholdengo, L50|\n|poke|p2|Palafin, L50, M|\n|poke|p2|Pelipper, L50, F|\n|poke|p2|Gholdengo, L50|\n|poke|p2|Meowscarada, L50, M|\n|poke|p2|Baxcalibur, L50, M|\n|poke|p2|Iron Bundle, L50|\n|teampreview|4\nodetojank3 has agreed to open team sheets.\n|\n|t:|1683775193\n|start\n|switch|p1a: Wo-Chien|Wo-Chien, L50|100\/100\n|switch|p1b: Garganacl|Garganacl, L50, F|100\/100\n|switch|p2a: Baxcalibur|Baxcalibur, L50, M|100\/100\n|switch|p2b: Palafin|Palafin, L50, M|100\/100\n|-ability|p1a: Wo-Chien|Tablets of Ruin\n|turn|1\n|\n|t:|1683775217\n|detailschange|p2b: Palafin|Palafin-Hero, L50, M\n|switch|p2b: Meowscarada|Meowscarada, L50, M|100\/100\n|switch|p2a: Iron Bundle|Iron Bundle, L50|100\/100\n|-enditem|p2a: Iron Bundle|Booster Energy\n|-activate|p2a: Iron Bundle|ability: Quark Drive|[fromitem]\n|-start|p2a: Iron Bundle|quarkdrivespe\n|-terastallize|p1b: Garganacl|Poison\n|move|p1a: Wo-Chien|Protect|p1a: Wo-Chien\n|-singleturn|p1a: Wo-Chien|Protect\n|move|p1b: Garganacl|Salt Cure|p2a: Iron Bundle\n|-supereffective|p2a: Iron Bundle\n|-damage|p2a: Iron Bundle|79\/100\n|-start|p2a: Iron Bundle|Salt Cure\n|\n|-damage|p2a: Iron Bundle|55\/100|[from] Salt Cure\n|upkeep\n|turn|2\n|\n|t:|1683775244\n|move|p2a: Iron Bundle|Encore|p1a: Wo-Chien\n|-start|p1a: Wo-Chien|Encore\n|move|p2b: Meowscarada|Trick|p1b: Garganacl\n|-activate|p2b: Meowscarada|move: Trick|[of] p1b: Garganacl\n|-item|p1b: Garganacl|Choice Scarf|[from] move: Trick\n|-item|p2b: Meowscarada|Sitrus Berry|[from] move: Trick\n|move|p1a: Wo-Chien|Protect|p1a: Wo-Chien\n|-singleturn|p1a: Wo-Chien|Protect\n|move|p1b: Garganacl|Salt Cure|p2b: Meowscarada\n|-damage|p2b: Meowscarada|82\/100\n|-start|p2b: Meowscarada|Salt Cure\n|\n|-damage|p2a: Iron Bundle|30\/100|[from] Salt Cure\n|-damage|p2b: Meowscarada|70\/100|[from] Salt Cure\n|upkeep\n|turn|3\n|\n|t:|1683775270\n|move|p1a: Wo-Chien|Protect|p1a: Wo-Chien\n|-singleturn|p1a: Wo-Chien|Protect\n|move|p2a: Iron Bundle|Freeze-Dry|p1a: Wo-Chien\n|-activate|p1a: Wo-Chien|move: Protect\n|move|p2b: Meowscarada|Pollen Puff|p2a: Iron Bundle\n|-heal|p2a: Iron Bundle|80\/100\n|move|p1b: Garganacl|Salt Cure|p2a: Iron Bundle\n|-supereffective|p2a: Iron Bundle\n|-damage|p2a: Iron Bundle|56\/100\n|\n|-damage|p2a: Iron Bundle|32\/100|[from] Salt Cure\n|-damage|p2b: Meowscarada|58\/100|[from] Salt Cure\n|upkeep\n|turn|4\n|\n|t:|1683775297\n|switch|p2b: Palafin|Palafin-Hero, L50, M|100\/100\n|-activate|p2b: Palafin|ability: Zero to Hero\n|switch|p1a: Iron Bundle|Iron Bundle, L50|100\/100\n|-enditem|p1a: Iron Bundle|Booster Energy\n|-activate|p1a: Iron Bundle|ability: Quark Drive|[fromitem]\n|-start|p1a: Iron Bundle|quarkdrivespe\n|move|p2a: Iron Bundle|Hydro Pump|p1a: Iron Bundle\n|-resisted|p1a: Iron Bundle\n|-damage|p1a: Iron Bundle|43\/100\n|move|p1b: Garganacl|Salt Cure|p2b: Palafin\n|-damage|p2b: Palafin|87\/100\n|-start|p2b: Palafin|Salt Cure\n|\n|-damage|p2a: Iron Bundle|7\/100|[from] Salt Cure\n|-damage|p2b: Palafin|62\/100|[from] Salt Cure\n|upkeep\n|turn|5\n|\n|t:|1683775328\n|move|p2b: Palafin|Jet Punch|p1a: Iron Bundle\n|-resisted|p1a: Iron Bundle\n|-damage|p1a: Iron Bundle|17\/100\n|move|p1a: Iron Bundle|Freeze-Dry|p2b: Palafin\n|-supereffective|p2b: Palafin\n|-damage|p2b: Palafin|0 fnt\n|faint|p2b: Palafin\n|move|p2a: Iron Bundle|Freeze-Dry|p1a: Iron Bundle\n|-damage|p1a: Iron Bundle|0 fnt\n|faint|p1a: Iron Bundle\n|-end|p1a: Iron Bundle|Quark Drive|[silent]\n|move|p1b: Garganacl|Salt Cure|p2a: Iron Bundle\n|-supereffective|p2a: Iron Bundle\n|-damage|p2a: Iron Bundle|0 fnt\n|faint|p2a: Iron Bundle\n|-end|p2a: Iron Bundle|Quark Drive|[silent]\n|\n|upkeep\n|\n|t:|1683775350\n|switch|p1a: Klawf|Klawf, L50, F|100\/100\n|switch|p2a: Meowscarada|Meowscarada, L50, M|58\/100\n|switch|p2b: Baxcalibur|Baxcalibur, L50, M|100\/100\n|turn|6\n|\n|t:|1683775368\n|move|p2a: Meowscarada|Flower Trick|p1a: Klawf\n|-supereffective|p1a: Klawf\n|-crit|p1a: Klawf\n|-enditem|p1a: Klawf|Focus Sash\n|-damage|p1a: Klawf|1\/100\n|-ability|p1a: Klawf|Anger Shell|boost\n|-boost|p1a: Klawf|atk|1\n|-boost|p1a: Klawf|spa|1\n|-boost|p1a: Klawf|spe|1\n|-unboost|p1a: Klawf|def|1\n|-unboost|p1a: Klawf|spd|1\n|move|p1a: Klawf|Rock Slide|p2b: Baxcalibur|[spread] p2a,p2b\n|-supereffective|p2b: Baxcalibur\n|-damage|p2a: Meowscarada|0 fnt\n|-damage|p2b: Baxcalibur|36\/100\n|faint|p2a: Meowscarada\n|move|p2b: Baxcalibur|Stomping Tantrum|p1b: Garganacl\n|-supereffective|p1b: Garganacl\n|-damage|p1b: Garganacl|72\/100\n|move|p1b: Garganacl|Salt Cure|p2b: Baxcalibur\n|-supereffective|p2b: Baxcalibur\n|-damage|p2b: Baxcalibur|10\/100\n|-start|p2b: Baxcalibur|Salt Cure\n|\n|-damage|p2b: Baxcalibur|0 fnt|[from] Salt Cure\n|faint|p2b: Baxcalibur\n|\n|win|Mait27\n|upkeep\n|raw|Mait27's rating: 1255 → 1287<\/strong> (+32 for winning)\n|raw|odetojank3's rating: 1354 → 1328<\/strong> (-26 for losing)\n|l|\u2606odetojank3\n","uploadtime":1683775400,"views":14,"p1id":"mait27","p2id":"odetojank3","formatid":"gen9vgc2023regulationc","rating":1287,"private":0,"password":""}