{"id":"gen9vgc2023regulationc-1845535093","p1":"beta_gmoney","p2":"Pritpal","format":"[Gen 9] VGC 2023 Regulation C","log":"|j|\u2606beta_gmoney\n|j|\u2606Pritpal\n|t:|1681742886\n|gametype|doubles\n|player|p1|beta_gmoney|plasmagrunt|1157\n|player|p2|Pritpal|266|1129\n|teamsize|p1|6\n|teamsize|p2|6\n|gen|9\n|tier|[Gen 9] VGC 2023 Regulation C\n|rated|\n|rule|Species Clause: Limit one of each Pok\u00e9mon\n|rule|Item Clause: Limit one of each item\n|clearpoke\n|poke|p1|Ting-Lu, L50|\n|poke|p1|Bronzong, L50|\n|poke|p1|Gyarados, L50, F|\n|poke|p1|Amoonguss, L50, M|\n|poke|p1|Rotom-Heat, L50|\n|poke|p1|Palafin, L50, F|\n|poke|p2|Scovillain, L50, F|\n|poke|p2|Chi-Yu, L50|\n|poke|p2|Torkoal, L50, F|\n|poke|p2|Brute Bonnet, L50|\n|poke|p2|Arcanine, L50, F|\n|poke|p2|Flutter Mane, L50|\n|teampreview|4\nbeta_gmoney has agreed to open team sheets.\n|inactive|Battle timer is ON: inactive players will automatically lose when time's up. (requested by Pritpal)\n|\n|t:|1681742925\n|start\n|switch|p1a: Palafin|Palafin, L50, F|100\/100\n|switch|p1b: Rotom|Rotom-Heat, L50|100\/100\n|switch|p2a: Chi-Yu|Chi-Yu, L50|100\/100\n|switch|p2b: Torkoal|Torkoal, L50, F|100\/100\n|-ability|p2a: Chi-Yu|Beads of Ruin\n|-weather|SunnyDay|[from] ability: Drought|[of] p2b: Torkoal\n|turn|1\n|\n|t:|1681742949\n|detailschange|p1a: Palafin|Palafin-Hero, L50, F\n|switch|p1a: Ting-Lu|Ting-Lu, L50|100\/100\n|-ability|p1a: Ting-Lu|Vessel of Ruin\n|move|p2a: Chi-Yu|Will-O-Wisp|p1a: Ting-Lu\n|-status|p1a: Ting-Lu|brn\n|move|p1b: Rotom|Volt Switch|p2b: Torkoal\n|-damage|p2b: Torkoal|78\/100\n|\n|t:|1681742960\n|switch|p1b: Gyarados|Gyarados, L50, F|100\/100|[from] Volt Switch\n|-ability|p1b: Gyarados|Intimidate|boost\n|-unboost|p2a: Chi-Yu|atk|1\n|-unboost|p2b: Torkoal|atk|1\n|-enditem|p2b: Torkoal|Eject Pack\n|\n|t:|1681742969\n|switch|p2b: Scovillain|Scovillain, L50, F|100\/100\n|\n|-weather|SunnyDay|[upkeep]\n|-damage|p1a: Ting-Lu|94\/100 brn|[from] brn\n|upkeep\n|turn|2\n|\n|t:|1681742980\n|move|p2b: Scovillain|Leaf Storm|p1a: Ting-Lu\n|-supereffective|p1a: Ting-Lu\n|-damage|p1a: Ting-Lu|0 fnt\n|-unboost|p2b: Scovillain|spa|2\n|-enditem|p2b: Scovillain|White Herb\n|-clearnegativeboost|p2b: Scovillain|[silent]\n|faint|p1a: Ting-Lu\n|move|p2a: Chi-Yu|Will-O-Wisp|p1b: Gyarados|[miss]\n|-miss|p2a: Chi-Yu|p1b: Gyarados\n|move|p1b: Gyarados|Thunder Wave|p2b: Scovillain\n|-status|p2b: Scovillain|par\n|\n|-weather|SunnyDay|[upkeep]\n|upkeep\n|\n|t:|1681742992\n|switch|p1a: Rotom|Rotom-Heat, L50|100\/100\n|turn|3\n|\n|t:|1681743001\n|switch|p2b: Torkoal|Torkoal, L50, F|78\/100\n|move|p1b: Gyarados|Protect|p1b: Gyarados\n|-singleturn|p1b: Gyarados|Protect\n|move|p2a: Chi-Yu|Will-O-Wisp|p1b: Gyarados\n|-activate|p1b: Gyarados|move: Protect\n|move|p1a: Rotom|Overheat|p2b: Torkoal\n|-resisted|p2b: Torkoal\n|-damage|p2b: Torkoal|36\/100\n|-unboost|p1a: Rotom|spa|2\n|\n|-weather|SunnyDay|[upkeep]\n|upkeep\n|turn|4\n|\n|t:|1681743018\n|move|p2b: Torkoal|Protect|p2b: Torkoal\n|-singleturn|p2b: Torkoal|Protect\n|move|p2a: Chi-Yu|Will-O-Wisp|p1b: Gyarados|[miss]\n|-miss|p2a: Chi-Yu|p1b: Gyarados\n|move|p1b: Gyarados|Waterfall|p2b: Torkoal\n|-activate|p2b: Torkoal|move: Protect\n|move|p1a: Rotom|Volt Switch|p2b: Torkoal\n|-activate|p2b: Torkoal|move: Protect\n|\n|-weather|SunnyDay|[upkeep]\n|upkeep\n|turn|5\n|\n|t:|1681743037\n|move|p2a: Chi-Yu|Will-O-Wisp|p1b: Gyarados\n|-status|p1b: Gyarados|brn\n|-enditem|p1b: Gyarados|Lum Berry|[eat]\n|-curestatus|p1b: Gyarados|brn|[msg]\n|move|p1b: Gyarados|Waterfall|p2a: Chi-Yu\n|-supereffective|p2a: Chi-Yu\n|-damage|p2a: Chi-Yu|60\/100\n|move|p1a: Rotom|Volt Switch|p2a: Chi-Yu\n|-damage|p2a: Chi-Yu|50\/100\n|-enditem|p2a: Chi-Yu|Sitrus Berry|[eat]\n|-heal|p2a: Chi-Yu|75\/100|[from] item: Sitrus Berry\n|\n|t:|1681743049\n|switch|p1a: Palafin|Palafin-Hero, L50, F|100\/100|[from] Volt Switch\n|-activate|p1a: Palafin|ability: Zero to Hero\n|move|p2b: Torkoal|Yawn|p1a: Palafin\n|-start|p1a: Palafin|move: Yawn|[of] p2b: Torkoal\n|\n|-weather|none\n|upkeep\n|turn|6\n|\n|t:|1681743073\n|switch|p1a: Rotom|Rotom-Heat, L50|100\/100\n|switch|p2b: Scovillain|Scovillain, L50, F|100\/100 par\n|move|p2a: Chi-Yu|Will-O-Wisp|p1b: Gyarados\n|-status|p1b: Gyarados|brn\n|move|p1b: Gyarados|Waterfall|p2a: Chi-Yu\n|-supereffective|p2a: Chi-Yu\n|-damage|p2a: Chi-Yu|27\/100\n|\n|-damage|p1b: Gyarados|95\/100 brn|[from] brn\n|upkeep\n|turn|7\n|inactive|Pritpal has 30 seconds left.\n|\n|t:|1681743102\n|switch|p2a: Torkoal|Torkoal, L50, F|36\/100\n|-weather|SunnyDay|[from] ability: Drought|[of] p2a: Torkoal\n|move|p2b: Scovillain|Leaf Storm|p1b: Gyarados\n|-damage|p1b: Gyarados|53\/100 brn\n|-unboost|p2b: Scovillain|spa|2\n|move|p1b: Gyarados|Waterfall|p2a: Torkoal\n|-supereffective|p2a: Torkoal\n|-damage|p2a: Torkoal|23\/100\n|move|p1a: Rotom|Volt Switch|p2a: Torkoal\n|-damage|p2a: Torkoal|0 fnt\n|faint|p2a: Torkoal\n|\n|t:|1681743126\n|switch|p1a: Palafin|Palafin-Hero, L50, F|100\/100|[from] Volt Switch\n|\n|-weather|SunnyDay|[upkeep]\n|-damage|p1b: Gyarados|47\/100 brn|[from] brn\n|upkeep\n|\n|t:|1681743132\n|switch|p2a: Chi-Yu|Chi-Yu, L50|27\/100\n|-ability|p2a: Chi-Yu|Beads of Ruin\n|turn|8\n|\n|t:|1681743142\n|move|p1a: Palafin|Protect|p1a: Palafin\n|-singleturn|p1a: Palafin|Protect\n|cant|p2b: Scovillain|par\n|move|p2a: Chi-Yu|Heat Wave|p1b: Gyarados|[spread] p1b\n|-activate|p1a: Palafin|move: Protect\n|-resisted|p1b: Gyarados\n|-damage|p1b: Gyarados|28\/100 brn\n|move|p1b: Gyarados|Waterfall|p2a: Chi-Yu\n|-supereffective|p2a: Chi-Yu\n|-damage|p2a: Chi-Yu|6\/100\n|\n|-weather|SunnyDay|[upkeep]\n|-damage|p1b: Gyarados|22\/100 brn|[from] brn\n|upkeep\n|turn|9\n|\n|t:|1681743162\n|switch|p1a: Rotom|Rotom-Heat, L50|100\/100\n|move|p2a: Chi-Yu|Protect|p2a: Chi-Yu\n|-singleturn|p2a: Chi-Yu|Protect\n|move|p1b: Gyarados|Protect|p1b: Gyarados\n|-singleturn|p1b: Gyarados|Protect\n|move|p2b: Scovillain|Leaf Storm|p1a: Rotom\n|-resisted|p1a: Rotom\n|-damage|p1a: Rotom|84\/100\n|-unboost|p2b: Scovillain|spa|2\n|\n|-weather|SunnyDay|[upkeep]\n|-damage|p1b: Gyarados|16\/100 brn|[from] brn\n|upkeep\n|turn|10\n|\n|t:|1681743179\n|switch|p2b: Brute Bonnet|Brute Bonnet, L50|100\/100\n|-activate|p2b: Brute Bonnet|ability: Protosynthesis\n|-start|p2b: Brute Bonnet|protosynthesisatk\n|move|p2a: Chi-Yu|Heat Wave|p1b: Gyarados|[spread] p1a,p1b\n|-resisted|p1a: Rotom\n|-resisted|p1b: Gyarados\n|-damage|p1a: Rotom|58\/100\n|-damage|p1b: Gyarados|0 fnt\n|faint|p1b: Gyarados\n|move|p1a: Rotom|Overheat|p2b: Brute Bonnet|[miss]\n|-miss|p1a: Rotom|p2b: Brute Bonnet\n|\n|-weather|SunnyDay|[upkeep]\n|upkeep\n|\n|t:|1681743191\n|switch|p1b: Palafin|Palafin-Hero, L50, F|100\/100\n|turn|11\n|inactive|beta_gmoney has 30 seconds left.\n|\n|t:|1681743224\n|-terastallize|p2b: Brute Bonnet|Grass\n|move|p1b: Palafin|Protect|p1b: Palafin\n|-singleturn|p1b: Palafin|Protect\n|move|p2a: Chi-Yu|Will-O-Wisp|p1b: Palafin\n|-activate|p1b: Palafin|move: Protect\n|move|p2b: Brute Bonnet|Trailblaze|p1b: Palafin\n|-activate|p1b: Palafin|move: Protect\n|move|p1a: Rotom|Volt Switch|p2a: Chi-Yu\n|-damage|p2a: Chi-Yu|0 fnt\n|faint|p2a: Chi-Yu\n|\n|-weather|none\n|-end|p2b: Brute Bonnet|Protosynthesis\n|upkeep\n|\n|t:|1681743234\n|switch|p2a: Scovillain|Scovillain, L50, F|100\/100 par\n|turn|12\n|\n|t:|1681743258\n|move|p1b: Palafin|Jet Punch|p2a: Scovillain\n|-damage|p2a: Scovillain|15\/100 par\n|move|p2b: Brute Bonnet|Trailblaze|p1b: Palafin\n|-supereffective|p1b: Palafin\n|-crit|p1b: Palafin\n|-damage|p1b: Palafin|19\/100\n|-boost|p2b: Brute Bonnet|spe|1\n|move|p1a: Rotom|Will-O-Wisp|p2b: Brute Bonnet\n|-status|p2b: Brute Bonnet|brn\n|move|p2a: Scovillain|Leaf Storm|p1b: Palafin\n|-supereffective|p1b: Palafin\n|-damage|p1b: Palafin|0 fnt\n|-unboost|p2a: Scovillain|spa|2\n|faint|p1b: Palafin\n|\n|-damage|p2b: Brute Bonnet|95\/100 brn|[from] brn\n|upkeep\n|turn|13\n|\n|t:|1681743280\n|move|p1a: Rotom|Protect|p1a: Rotom\n|-singleturn|p1a: Rotom|Protect\n|move|p2b: Brute Bonnet|Sucker Punch||[still]\n|-fail|p2b: Brute Bonnet\n|move|p2a: Scovillain|Overheat|p1a: Rotom\n|-activate|p1a: Rotom|move: Protect\n|\n|-damage|p2b: Brute Bonnet|89\/100 brn|[from] brn\n|upkeep\n|turn|14\n|\n|t:|1681743301\n|move|p2b: Brute Bonnet|Spore|p1a: Rotom\n|-status|p1a: Rotom|slp|[from] move: Spore\n|cant|p1a: Rotom|slp\n|cant|p2a: Scovillain|par\n|\n|-damage|p2b: Brute Bonnet|83\/100 brn|[from] brn\n|upkeep\n|turn|15\n|\n|t:|1681743313\n|-curestatus|p1a: Rotom|slp|[msg]\n|move|p1a: Rotom|Protect|p1a: Rotom\n|-singleturn|p1a: Rotom|Protect\n|move|p2b: Brute Bonnet|Sucker Punch||[still]\n|-fail|p2b: Brute Bonnet\n|cant|p2a: Scovillain|par\n|\n|-damage|p2b: Brute Bonnet|77\/100 brn|[from] brn\n|upkeep\n|turn|16\n|\n|t:|1681743325\n|move|p2b: Brute Bonnet|Spore|p1a: Rotom\n|-status|p1a: Rotom|slp|[from] move: Spore\n|cant|p1a: Rotom|slp\n|move|p2a: Scovillain|Flamethrower|p1a: Rotom\n|-resisted|p1a: Rotom\n|-damage|p1a: Rotom|49\/100 slp\n|-enditem|p1a: Rotom|Sitrus Berry|[eat]\n|-heal|p1a: Rotom|74\/100 slp|[from] item: Sitrus Berry\n|\n|-damage|p2b: Brute Bonnet|71\/100 brn|[from] brn\n|upkeep\n|turn|17\n|\n|t:|1681743336\n|cant|p1a: Rotom|slp\n|move|p2b: Brute Bonnet|Trailblaze|p1a: Rotom\n|-resisted|p1a: Rotom\n|-damage|p1a: Rotom|65\/100 slp\n|-boost|p2b: Brute Bonnet|spe|1\n|move|p2a: Scovillain|Overheat|p1a: Rotom\n|-resisted|p1a: Rotom\n|-damage|p1a: Rotom|51\/100 slp\n|-unboost|p2a: Scovillain|spa|2\n|\n|-damage|p2b: Brute Bonnet|65\/100 brn|[from] brn\n|upkeep\n|turn|18\n|\n|t:|1681743357\n|move|p2b: Brute Bonnet|Sucker Punch|p1a: Rotom\n|-damage|p1a: Rotom|36\/100 slp\n|cant|p1a: Rotom|slp\n|move|p2a: Scovillain|Overheat|p1a: Rotom\n|-resisted|p1a: Rotom\n|-damage|p1a: Rotom|27\/100 slp\n|-unboost|p2a: Scovillain|spa|2\n|\n|-damage|p2b: Brute Bonnet|59\/100 brn|[from] brn\n|upkeep\n|turn|19\n|\n|t:|1681743370\n|move|p2b: Brute Bonnet|Sucker Punch|p1a: Rotom\n|-damage|p1a: Rotom|13\/100 slp\n|-curestatus|p1a: Rotom|slp|[msg]\n|move|p1a: Rotom|Overheat|p2b: Brute Bonnet\n|-supereffective|p2b: Brute Bonnet\n|-damage|p2b: Brute Bonnet|0 fnt\n|-unboost|p1a: Rotom|spa|2\n|faint|p2b: Brute Bonnet\n|-end|p2b: Brute Bonnet|Protosynthesis|[silent]\n|move|p2a: Scovillain|Overheat|p1a: Rotom\n|-resisted|p1a: Rotom\n|-damage|p1a: Rotom|6\/100\n|\n|upkeep\n|turn|20\n|\n|t:|1681743387\n|move|p1a: Rotom|Overheat|p2a: Scovillain\n|-damage|p2a: Scovillain|0 fnt\n|-unboost|p1a: Rotom|spa|2\n|faint|p2a: Scovillain\n|\n|win|beta_gmoney\n|raw|beta_gmoney's rating: 1157 → 1178<\/strong> (+21 for winning)\n|raw|Pritpal's rating: 1097 → 1077<\/strong> (-20 for losing)\n","uploadtime":1681743395,"views":6,"p1id":"betagmoney","p2id":"pritpal","formatid":"gen9vgc2023regulationc","rating":1077,"private":0,"password":""}