{"id":"gen9vgc2023regulationc-1861461309","p1":"Mr.Bier","p2":"Designent","format":"[Gen 9] VGC 2023 Regulation C","log":"|j|\u2606Mr.Bier\n|j|\u2606Designent\n|t:|1683760700\n|gametype|doubles\n|player|p1|Mr.Bier|2|1158\n|player|p2|Designent|swimmerf|1088\n|teamsize|p1|6\n|teamsize|p2|6\n|gen|9\n|tier|[Gen 9] VGC 2023 Regulation C\n|rated|\n|rule|Species Clause: Limit one of each Pok\u00e9mon\n|rule|Item Clause: Limit one of each item\n|clearpoke\n|poke|p1|Crabominable, L50, M|\n|poke|p1|Gholdengo, L50|\n|poke|p1|Hariyama, L50, M|\n|poke|p1|Hatterene, L50, F|\n|poke|p1|Murkrow, L50, F|\n|poke|p1|Chi-Yu, L50|\n|poke|p2|Ting-Lu, L50|\n|poke|p2|Kingambit, L50, F|\n|poke|p2|Flutter Mane, L50|\n|poke|p2|Ceruledge, L50, F|\n|poke|p2|Iron Hands, L50|\n|poke|p2|Rotom-Wash, L50|\n|teampreview|4\n|inactive|Battle timer is ON: inactive players will automatically lose when time's up. (requested by Mr.Bier)\n|inactive|Mr.Bier has 60 seconds left.\n|\n|t:|1683760732\n|start\n|switch|p1a: Hatterene|Hatterene, L50, F|100\/100\n|switch|p1b: Hariyama|Hariyama, L50, M|100\/100\n|switch|p2a: Ting-Lu|Ting-Lu, L50|100\/100\n|switch|p2b: Kingambit|Kingambit, L50, F|100\/100\n|-ability|p2a: Ting-Lu|Vessel of Ruin\n|turn|1\n|inactive|Designent has 30 seconds left.\n|inactive|Designent has 20 seconds left.\n|inactive|Designent has 15 seconds left.\n|inactive|Designent has 10 seconds left.\n|inactive|Designent has 5 seconds left.\n|\n|t:|1683760787\n|move|p1b: Hariyama|Fake Out|p2b: Kingambit\n|-resisted|p2b: Kingambit\n|-damage|p2b: Kingambit|95\/100\n|cant|p2b: Kingambit|flinch\n|move|p2a: Ting-Lu|Stomping Tantrum|p1b: Hariyama\n|-damage|p1b: Hariyama|69\/100\n|move|p1a: Hatterene|Trick Room|p1a: Hatterene\n|-fieldstart|move: Trick Room|[of] p1a: Hatterene\n|\n|-status|p1b: Hariyama|brn|[from] item: Flame Orb\n|upkeep\n|turn|2\n|\n|t:|1683760805\n|move|p1a: Hatterene|Giga Drain|p2a: Ting-Lu\n|-supereffective|p2a: Ting-Lu\n|-damage|p2a: Ting-Lu|81\/100\n|move|p1b: Hariyama|Drain Punch|p2b: Kingambit\n|-supereffective|p2b: Kingambit\n|-damage|p2b: Kingambit|0 fnt\n|-heal|p1b: Hariyama|100\/100 brn|[from] drain|[of] p2b: Kingambit\n|faint|p2b: Kingambit\n|move|p2a: Ting-Lu|Fissure|p1a: Hatterene|[miss]\n|-miss|p2a: Ting-Lu|p1a: Hatterene\n|\n|-damage|p1b: Hariyama|95\/100 brn|[from] brn\n|upkeep\n|\n|t:|1683760813\n|switch|p2b: Ceruledge|Ceruledge, L50, F|100\/100\n|turn|3\n|\n|t:|1683760831\n|-terastallize|p2b: Ceruledge|Steel\n|move|p2b: Ceruledge|Shadow Sneak|p1b: Hariyama\n|-damage|p1b: Hariyama|73\/100 brn\n|move|p1a: Hatterene|Dazzling Gleam|p2b: Ceruledge|[spread] p2a,p2b\n|-supereffective|p2a: Ting-Lu\n|-resisted|p2b: Ceruledge\n|-damage|p2a: Ting-Lu|56\/100\n|-damage|p2b: Ceruledge|86\/100\n|move|p1b: Hariyama|Knock Off|p2b: Ceruledge\n|-damage|p2b: Ceruledge|16\/100\n|-enditem|p2b: Ceruledge|Leftovers|[from] move: Knock Off|[of] p1b: Hariyama\n|move|p2a: Ting-Lu|Fissure|p1a: Hatterene\n|-enditem|p1a: Hatterene|Focus Sash\n|-damage|p1a: Hatterene|1\/100\n|\n|-damage|p1b: Hariyama|67\/100 brn|[from] brn\n|upkeep\n|turn|4\n|inactive|Mr.Bier has 30 seconds left.\n|\n|t:|1683760858\n|move|p2b: Ceruledge|Shadow Sneak|p1b: Hariyama\n|-damage|p1b: Hariyama|45\/100 brn\n|move|p1a: Hatterene|Dazzling Gleam|p2b: Ceruledge|[spread] p2a,p2b\n|-supereffective|p2a: Ting-Lu\n|-resisted|p2b: Ceruledge\n|-damage|p2a: Ting-Lu|34\/100\n|-damage|p2b: Ceruledge|2\/100\n|move|p1b: Hariyama|Knock Off|p2b: Ceruledge\n|-damage|p2b: Ceruledge|0 fnt\n|faint|p2b: Ceruledge\n|move|p2a: Ting-Lu|Stomping Tantrum|p1b: Hariyama\n|-damage|p1b: Hariyama|12\/100 brn\n|\n|-damage|p1b: Hariyama|6\/100 brn|[from] brn\n|upkeep\n|\n|t:|1683760865\n|switch|p2b: Rotom|Rotom-Wash, L50|100\/100\n|turn|5\n|\n|t:|1683760878\n|move|p1a: Hatterene|Giga Drain|p2b: Rotom\n|-supereffective|p2b: Rotom\n|-damage|p2b: Rotom|46\/100\n|-heal|p1a: Hatterene|25\/100|[from] drain|[of] p2b: Rotom\n|move|p1b: Hariyama|Drain Punch|p2a: Ting-Lu\n|-supereffective|p2a: Ting-Lu\n|-damage|p2a: Ting-Lu|0 fnt\n|-heal|p1b: Hariyama|23\/100 brn|[from] drain|[of] p2a: Ting-Lu\n|faint|p2a: Ting-Lu\n|move|p2b: Rotom|Hydro Pump|p1a: Hatterene\n|-damage|p1a: Hatterene|0 fnt\n|faint|p1a: Hatterene\n|\n|-damage|p1b: Hariyama|17\/100 brn|[from] brn\n|-fieldend|move: Trick Room\n|upkeep\n|\n|t:|1683760895\n|switch|p1a: Chi-Yu|Chi-Yu, L50|100\/100\n|-ability|p1a: Chi-Yu|Beads of Ruin\n|turn|6\n|\n|t:|1683760908\n|-terastallize|p1a: Chi-Yu|Grass\n|move|p2b: Rotom|Hydro Pump|p1a: Chi-Yu\n|-resisted|p1a: Chi-Yu\n|-damage|p1a: Chi-Yu|74\/100\n|move|p1a: Chi-Yu|Tera Blast|p2b: Rotom\n|-supereffective|p2b: Rotom\n|-damage|p2b: Rotom|0 fnt\n|faint|p2b: Rotom\n|\n|win|Mr.Bier\n|raw|Mr.Bier's rating: 1158 → 1180<\/strong> (+22 for winning)\n|raw|Designent's rating: 1114 → 1092<\/strong> (-22 for losing)\n|l|\u2606Designent\n","uploadtime":1683760930,"views":7,"p1id":"mrbier","p2id":"designent","formatid":"gen9vgc2023regulationc","rating":1092,"private":0,"password":""}