{"id":"gen9vgc2023regulationc-1855160294","p1":"NotDaBoy","p2":"Novacast","format":"[Gen 9] VGC 2023 Regulation C","log":"|j|\u2606NotDaBoy\n|j|\u2606Novacast\n|t:|1682908700\n|gametype|doubles\n|player|p1|NotDaBoy|marlon|1409\n|player|p2|Novacast|mars|1369\n|teamsize|p1|6\n|teamsize|p2|6\n|gen|9\n|tier|[Gen 9] VGC 2023 Regulation C\n|rated|\n|rule|Species Clause: Limit one of each Pok\u00e9mon\n|rule|Item Clause: Limit one of each item\n|clearpoke\n|poke|p1|Iron Hands, L50|\n|poke|p1|Amoonguss, L50, F|\n|poke|p1|Gyarados, L50, F|\n|poke|p1|Baxcalibur, L50, M|\n|poke|p1|Chi-Yu, L50|\n|poke|p1|Flutter Mane, L50|\n|poke|p2|Flutter Mane, L50|\n|poke|p2|Gholdengo, L50|\n|poke|p2|Gyarados, L50, M|\n|poke|p2|Amoonguss, L50, F|\n|poke|p2|Chien-Pao, L50|\n|poke|p2|Dragonite, L50, F|\n|teampreview|4\n|\n|t:|1682908736\n|start\n|switch|p1a: Iron Hands|Iron Hands, L50|100\/100\n|switch|p1b: Gyarados|Gyarados, L50, F|100\/100\n|switch|p2a: Flutter Mane|Flutter Mane, L50|100\/100\n|switch|p2b: Gholdengo|Gholdengo, L50|100\/100\n|-ability|p1b: Gyarados|Intimidate|boost\n|-unboost|p2a: Flutter Mane|atk|1\n|-unboost|p2b: Gholdengo|atk|1\n|-enditem|p2a: Flutter Mane|Booster Energy\n|-activate|p2a: Flutter Mane|ability: Protosynthesis|[fromitem]\n|-start|p2a: Flutter Mane|protosynthesisspe\n|turn|1\n|\n|t:|1682908779\n|-end|p2a: Flutter Mane|Protosynthesis|[silent]\n|switch|p2a: Amoonguss|Amoonguss, L50, F|100\/100\n|-terastallize|p1a: Iron Hands|Fire\n|move|p2b: Gholdengo|Nasty Plot|p2b: Gholdengo\n|-boost|p2b: Gholdengo|spa|2\n|move|p1b: Gyarados|Waterfall|p2a: Amoonguss\n|-resisted|p2a: Amoonguss\n|-damage|p2a: Amoonguss|86\/100\n|move|p1a: Iron Hands|Thunder Punch|p2a: Amoonguss\n|-resisted|p2a: Amoonguss\n|-damage|p2a: Amoonguss|68\/100\n|\n|upkeep\n|turn|2\n|\n|t:|1682908804\n|move|p1b: Gyarados|Protect|p1b: Gyarados\n|-singleturn|p1b: Gyarados|Protect\n|move|p2a: Amoonguss|Rage Powder|p2a: Amoonguss\n|-singleturn|p2a: Amoonguss|move: Rage Powder\n|move|p2b: Gholdengo|Shadow Ball|p1a: Iron Hands\n|-damage|p1a: Iron Hands|17\/100\n|-damage|p2b: Gholdengo|91\/100|[from] item: Life Orb\n|move|p1a: Iron Hands|Swords Dance|p1a: Iron Hands\n|-boost|p1a: Iron Hands|atk|2\n|\n|upkeep\n|turn|3\n|\n|t:|1682908816\n|move|p1a: Iron Hands|Detect|p1a: Iron Hands\n|-singleturn|p1a: Iron Hands|Protect\n|move|p2b: Gholdengo|Make It Rain|p1a: Iron Hands|[spread] p1b\n|-activate|p1a: Iron Hands|move: Protect\n|-resisted|p1b: Gyarados\n|-damage|p1b: Gyarados|57\/100\n|-unboost|p2b: Gholdengo|spa|1\n|-damage|p2b: Gholdengo|81\/100|[from] item: Life Orb\n|move|p1b: Gyarados|Waterfall|p2b: Gholdengo\n|-damage|p2b: Gholdengo|46\/100\n|move|p2a: Amoonguss|Spore|p1b: Gyarados\n|-status|p1b: Gyarados|slp|[from] move: Spore\n|-enditem|p1b: Gyarados|Lum Berry|[eat]\n|-curestatus|p1b: Gyarados|slp|[msg]\n|\n|upkeep\n|turn|4\n|\n|t:|1682908850\n|-terastallize|p2b: Gholdengo|Water\n|move|p2b: Gholdengo|Make It Rain|p1b: Gyarados|[spread] p1a,p1b\n|-resisted|p1a: Iron Hands\n|-resisted|p1b: Gyarados\n|-damage|p1a: Iron Hands|0 fnt\n|-damage|p1b: Gyarados|23\/100\n|-unboost|p2b: Gholdengo|spa|1\n|faint|p1a: Iron Hands\n|-end|p1a: Iron Hands|Quark Drive|[silent]\n|-damage|p2b: Gholdengo|36\/100|[from] item: Life Orb\n|move|p1b: Gyarados|Taunt|p2a: Amoonguss\n|-start|p2a: Amoonguss|move: Taunt\n|move|p2a: Amoonguss|Pollen Puff|p2b: Gholdengo\n|-heal|p2b: Gholdengo|86\/100\n|\n|upkeep\n|inactive|Battle timer is ON: inactive players will automatically lose when time's up. (requested by Novacast)\n|\n|t:|1682908885\n|switch|p1a: Chi-Yu|Chi-Yu, L50|100\/100\n|-ability|p1a: Chi-Yu|Beads of Ruin\n|turn|5\n|\n|t:|1682908898\n|switch|p2a: Dragonite|Dragonite, L50, F|100\/100\n|move|p2b: Gholdengo|Protect|p2b: Gholdengo\n|-singleturn|p2b: Gholdengo|Protect\n|move|p1a: Chi-Yu|Nasty Plot|p1a: Chi-Yu\n|-boost|p1a: Chi-Yu|spa|2\n|move|p1b: Gyarados|Waterfall|p2b: Gholdengo\n|-activate|p2b: Gholdengo|move: Protect\n|\n|upkeep\n|turn|6\n|\n|t:|1682908916\n|switch|p2b: Flutter Mane|Flutter Mane, L50|100\/100\n|move|p1a: Chi-Yu|Dark Pulse|p2b: Flutter Mane\n|-damage|p2b: Flutter Mane|0 fnt\n|faint|p2b: Flutter Mane\n|-end|p2b: Flutter Mane|Protosynthesis|[silent]\n|move|p2a: Dragonite|Dragon Claw|p1a: Chi-Yu\n|-damage|p1a: Chi-Yu|43\/100\n|move|p1b: Gyarados|Thunder Wave|p2a: Dragonite\n|-status|p2a: Dragonite|par\n|-enditem|p2a: Dragonite|Lum Berry|[eat]\n|-curestatus|p2a: Dragonite|par|[msg]\n|\n|upkeep\n|\n|t:|1682908930\n|switch|p2b: Amoonguss|Amoonguss, L50, F|100\/100\n|turn|7\n|\n|t:|1682908954\n|move|p1a: Chi-Yu|Protect|p1a: Chi-Yu\n|-singleturn|p1a: Chi-Yu|Protect\n|move|p2b: Amoonguss|Protect|p2b: Amoonguss\n|-singleturn|p2b: Amoonguss|Protect\n|move|p2a: Dragonite|Extreme Speed|p1a: Chi-Yu\n|-activate|p1a: Chi-Yu|move: Protect\n|move|p1b: Gyarados|Taunt|p2b: Amoonguss\n|-activate|p2b: Amoonguss|move: Protect\n|\n|upkeep\n|turn|8\n|\n|t:|1682908966\n|switch|p1a: Flutter Mane|Flutter Mane, L50|100\/100\n|-enditem|p1a: Flutter Mane|Booster Energy\n|-activate|p1a: Flutter Mane|ability: Protosynthesis|[fromitem]\n|-start|p1a: Flutter Mane|protosynthesisspa\n|move|p2a: Dragonite|Extreme Speed|p1a: Flutter Mane\n|-immune|p1a: Flutter Mane\n|move|p2b: Amoonguss|Rage Powder|p2b: Amoonguss\n|-singleturn|p2b: Amoonguss|move: Rage Powder\n|move|p1b: Gyarados|Taunt|p2b: Amoonguss\n|-start|p2b: Amoonguss|move: Taunt\n|\n|upkeep\n|turn|9\n|\n|t:|1682908989\n|switch|p1b: Chi-Yu|Chi-Yu, L50|43\/100\n|-ability|p1b: Chi-Yu|Beads of Ruin\n|move|p2a: Dragonite|Extreme Speed|p1b: Chi-Yu\n|-damage|p1b: Chi-Yu|4\/100\n|move|p1a: Flutter Mane|Substitute|p1a: Flutter Mane\n|-start|p1a: Flutter Mane|Substitute\n|-damage|p1a: Flutter Mane|76\/100\n|move|p2b: Amoonguss|Pollen Puff|p2a: Dragonite\n|-immune|p2a: Dragonite\n|\n|upkeep\n|turn|10\n|\n|t:|1682909004\n|move|p1b: Chi-Yu|Protect|p1b: Chi-Yu\n|-singleturn|p1b: Chi-Yu|Protect\n|move|p2a: Dragonite|Extreme Speed|p1b: Chi-Yu\n|-activate|p1b: Chi-Yu|move: Protect\n|move|p1a: Flutter Mane|Moonblast|p2a: Dragonite\n|-supereffective|p2a: Dragonite\n|-damage|p2a: Dragonite|17\/100\n|move|p2b: Amoonguss|Pollen Puff|p2a: Dragonite\n|-heal|p2a: Dragonite|67\/100\n|\n|upkeep\n|turn|11\n|\n|t:|1682909017\n|switch|p1b: Gyarados|Gyarados, L50, F|23\/100\n|-ability|p1b: Gyarados|Intimidate|boost\n|-unboost|p2a: Dragonite|atk|1\n|-unboost|p2b: Amoonguss|atk|1\n|move|p2a: Dragonite|Extreme Speed|p1b: Gyarados\n|-crit|p1b: Gyarados\n|-damage|p1b: Gyarados|0 fnt\n|faint|p1b: Gyarados\n|move|p1a: Flutter Mane|Moonblast|p2a: Dragonite\n|-supereffective|p2a: Dragonite\n|-damage|p2a: Dragonite|0 fnt\n|faint|p2a: Dragonite\n|move|p2b: Amoonguss|Pollen Puff|p2: Dragonite|[notarget]\n|-fail|p2b: Amoonguss\n|\n|-end|p2b: Amoonguss|move: Taunt\n|upkeep\n|\n|t:|1682909031\n|switch|p2a: Gholdengo|Gholdengo, L50, tera:Water|86\/100\n|switch|p1b: Chi-Yu|Chi-Yu, L50|4\/100\n|-ability|p1b: Chi-Yu|Beads of Ruin\n|turn|12\n|\n|t:|1682909056\n|move|p2b: Amoonguss|Rage Powder|p2b: Amoonguss\n|-singleturn|p2b: Amoonguss|move: Rage Powder\n|move|p1a: Flutter Mane|Shadow Ball|p2b: Amoonguss\n|-damage|p2b: Amoonguss|41\/100\n|-enditem|p2b: Amoonguss|Sitrus Berry|[eat]\n|-heal|p2b: Amoonguss|66\/100|[from] item: Sitrus Berry\n|move|p1b: Chi-Yu|Heat Wave|p2b: Amoonguss|[spread] p2a,p2b\n|-resisted|p2a: Gholdengo\n|-supereffective|p2b: Amoonguss\n|-damage|p2a: Gholdengo|62\/100\n|-damage|p2b: Amoonguss|0 fnt\n|faint|p2b: Amoonguss\n|move|p2a: Gholdengo|Make It Rain|p1b: Chi-Yu|[spread] p1a,p1b\n|-supereffective|p1a: Flutter Mane\n|-end|p1a: Flutter Mane|Substitute\n|-resisted|p1b: Chi-Yu\n|-damage|p1b: Chi-Yu|0 fnt\n|-unboost|p2a: Gholdengo|spa|1\n|faint|p1b: Chi-Yu\n|-damage|p2a: Gholdengo|52\/100|[from] item: Life Orb\n|\n|upkeep\n|turn|13\n|\n|t:|1682909076\n|move|p1a: Flutter Mane|Moonblast|p2a: Gholdengo\n|-damage|p2a: Gholdengo|0 fnt\n|faint|p2a: Gholdengo\n|\n|win|NotDaBoy\n|raw|NotDaBoy's rating: 1409 → 1427<\/strong> (+18 for winning)\n|raw|Novacast's rating: 1369 → 1351<\/strong> (-18 for losing)\n|l|\u2606Novacast\n","uploadtime":1682909111,"views":16,"p1id":"notdaboy","p2id":"novacast","formatid":"gen9vgc2023regulationc","rating":1351,"private":0,"password":""}