{"id":"gen9vgc2023regulationc-1852062503","p1":"Drpokex","p2":"dralfredpennyworth","format":"[Gen 9] VGC 2023 Regulation C","log":"|j|\u2606Drpokex\n|j|\u2606dralfredpennyworth\n|t:|1682521025\n|gametype|doubles\n|player|p1|Drpokex|doctor|1196\n|player|p2|dralfredpennyworth|lucas|1120\n|teamsize|p1|6\n|teamsize|p2|6\n|gen|9\n|tier|[Gen 9] VGC 2023 Regulation C\n|rated|\n|rule|Species Clause: Limit one of each Pok\u00e9mon\n|rule|Item Clause: Limit one of each item\n|clearpoke\n|poke|p1|Iron Moth, L50|\n|poke|p1|Palafin, L50, M|\n|poke|p1|Noivern, L50, F|\n|poke|p1|Tinkaton, L50, F|\n|poke|p1|Masquerain, L50, F|\n|poke|p1|Roaring Moon, L50|\n|poke|p2|Lumineon, L50, F|\n|poke|p2|Toxtricity-Low-Key, L50, M|\n|poke|p2|Weavile, L50, M|\n|poke|p2|Hariyama, L50, M|\n|poke|p2|Dragapult, L50, M|\n|poke|p2|Palossand, L50, F|\n|teampreview|4\n|inactive|Battle timer is ON: inactive players will automatically lose when time's up. (requested by dralfredpennyworth)\n|\n|t:|1682521060\n|start\n|switch|p1a: Masquerain|Masquerain, L50, F, shiny|100\/100\n|switch|p1b: Roaring Moon|Roaring Moon, L50|100\/100\n|switch|p2a: Palossand|Palossand, L50, F|100\/100\n|switch|p2b: Dragapult|Dragapult, L50, M, shiny|100\/100\n|-ability|p1a: Masquerain|Intimidate|boost\n|-unboost|p2a: Palossand|atk|1\n|-fail|p2b: Dragapult|unboost|[from] ability: Clear Body|[of] p2b: Dragapult\n|turn|1\n|inactive|dralfredpennyworth has 30 seconds left.\n|inactive|dralfredpennyworth has 20 seconds left.\n|\n|t:|1682521095\n|-terastallize|p2b: Dragapult|Fairy\n|-terastallize|p1b: Roaring Moon|Ground\n|move|p1a: Masquerain|Aqua Jet|p1b: Roaring Moon\n|-supereffective|p1b: Roaring Moon\n|-damage|p1b: Roaring Moon|85\/100\n|-enditem|p1b: Roaring Moon|Weakness Policy\n|-boost|p1b: Roaring Moon|atk|2|[from] item: Weakness Policy\n|-boost|p1b: Roaring Moon|spa|2|[from] item: Weakness Policy\n|move|p2b: Dragapult|Surf|p1b: Roaring Moon|[spread] p2a,p1a,p1b\n|-supereffective|p2a: Palossand\n|-supereffective|p1b: Roaring Moon\n|-damage|p2a: Palossand|69\/100\n|-damage|p1a: Masquerain|82\/100\n|-damage|p1b: Roaring Moon|58\/100\n|-ability|p2a: Palossand|Water Compaction|boost\n|-boost|p2a: Palossand|def|2\n|-enditem|p2a: Palossand|Weakness Policy\n|-boost|p2a: Palossand|atk|2|[from] item: Weakness Policy\n|-boost|p2a: Palossand|spa|2|[from] item: Weakness Policy\n|move|p1b: Roaring Moon|Earthquake|p2a: Palossand|[spread] p2a,p2b\n|-immune|p1a: Masquerain\n|-crit|p2b: Dragapult\n|-damage|p2a: Palossand|27\/100\n|-damage|p2b: Dragapult|0 fnt\n|faint|p2b: Dragapult\n|move|p2a: Palossand|Shore Up|p2a: Palossand\n|-heal|p2a: Palossand|77\/100\n|\n|upkeep\n|inactive|dralfredpennyworth has 30 seconds left.\n|\n|t:|1682521121\n|switch|p2b: Lumineon|Lumineon, L50, F, shiny|100\/100\n|turn|2\n|\n|t:|1682521132\n|move|p1b: Roaring Moon|Acrobatics|p2a: Palossand\n|-damage|p2a: Palossand|39\/100\n|move|p1a: Masquerain|Struggle Bug|p2b: Lumineon|[spread] p2a,p2b\n|-resisted|p2a: Palossand\n|-damage|p2a: Palossand|31\/100\n|-damage|p2b: Lumineon|81\/100\n|-unboost|p2a: Palossand|spa|1\n|-unboost|p2b: Lumineon|spa|1\n|move|p2b: Lumineon|Icy Wind|p1a: Masquerain|[spread] p1a,p1b\n|-supereffective|p1a: Masquerain\n|-supereffective|p1b: Roaring Moon\n|-damage|p1a: Masquerain|67\/100\n|-damage|p1b: Roaring Moon|49\/100\n|-unboost|p1a: Masquerain|spe|1\n|-unboost|p1b: Roaring Moon|spe|1\n|move|p2a: Palossand|Giga Drain|p1b: Roaring Moon\n|-supereffective|p1b: Roaring Moon\n|-damage|p1b: Roaring Moon|0 fnt\n|-heal|p2a: Palossand|54\/100|[from] drain|[of] p1b: Roaring Moon\n|faint|p1b: Roaring Moon\n|-end|p1b: Roaring Moon|Protosynthesis|[silent]\n|\n|upkeep\n|\n|t:|1682521142\n|switch|p1b: Iron Moth|Iron Moth, L50, shiny|100\/100\n|-enditem|p1b: Iron Moth|Booster Energy\n|-activate|p1b: Iron Moth|ability: Quark Drive|[fromitem]\n|-start|p1b: Iron Moth|quarkdrivespa\n|turn|3\n|\n|t:|1682521161\n|move|p2a: Palossand|Protect|p2a: Palossand\n|-singleturn|p2a: Palossand|Protect\n|move|p1b: Iron Moth|Energy Ball|p2a: Palossand\n|-activate|p2a: Palossand|move: Protect\n|move|p2b: Lumineon|Icy Wind|p1a: Masquerain|[spread] p1a,p1b\n|-supereffective|p1a: Masquerain\n|-resisted|p1b: Iron Moth\n|-damage|p1a: Masquerain|52\/100\n|-damage|p1b: Iron Moth|98\/100\n|-unboost|p1a: Masquerain|spe|1\n|-unboost|p1b: Iron Moth|spe|1\n|move|p1a: Masquerain|Icy Wind|p2b: Lumineon|[spread] p2b\n|-activate|p2a: Palossand|move: Protect\n|-resisted|p2b: Lumineon\n|-damage|p2b: Lumineon|75\/100\n|-unboost|p2b: Lumineon|spe|1\n|\n|upkeep\n|turn|4\n|inactive|Drpokex has 30 seconds left.\n|\n|t:|1682521191\n|move|p1b: Iron Moth|Energy Ball|p2a: Palossand\n|-supereffective|p2a: Palossand\n|-damage|p2a: Palossand|0 fnt\n|faint|p2a: Palossand\n|move|p2b: Lumineon|Tailwind|p2b: Lumineon\n|-sidestart|p2: dralfredpennyworth|move: Tailwind\n|move|p1a: Masquerain|Struggle Bug|p2b: Lumineon\n|-damage|p2b: Lumineon|53\/100\n|-unboost|p2b: Lumineon|spa|1\n|\n|upkeep\n|\n|t:|1682521195\n|switch|p2a: Toxtricity|Toxtricity-Low-Key, L50, M, shiny|100\/100\n|turn|5\n|-activate|p2b: Lumineon|item: Quick Claw\n|\n|t:|1682521205\n|move|p1b: Iron Moth|Protect|p1b: Iron Moth\n|-singleturn|p1b: Iron Moth|Protect\n|move|p2b: Lumineon|Icy Wind|p1a: Masquerain|[spread] p1a\n|-activate|p1b: Iron Moth|move: Protect\n|-supereffective|p1a: Masquerain\n|-damage|p1a: Masquerain|39\/100\n|-unboost|p1a: Masquerain|spe|1\n|move|p2a: Toxtricity|Overdrive|p1b: Iron Moth|[spread] p1a\n|-activate|p1b: Iron Moth|move: Protect\n|-supereffective|p1a: Masquerain\n|-damage|p1a: Masquerain|0 fnt\n|faint|p1a: Masquerain\n|-enditem|p2a: Toxtricity|Throat Spray\n|-boost|p2a: Toxtricity|spa|1|[from] item: Throat Spray\n|\n|upkeep\n|\n|t:|1682521222\n|switch|p1a: Noivern|Noivern, L50, F|100\/100\n|turn|6\n|\n|t:|1682521230\n|move|p2a: Toxtricity|Overdrive|p1b: Iron Moth|[spread] p1a,p1b\n|-crit|p1b: Iron Moth\n|-damage|p1a: Noivern|41\/100\n|-damage|p1b: Iron Moth|15\/100\n|move|p1a: Noivern|Tailwind|p1a: Noivern\n|-sidestart|p1: Drpokex|move: Tailwind\n|move|p1b: Iron Moth|Heat Wave|p2a: Toxtricity|[spread] p2a,p2b\n|-resisted|p2b: Lumineon\n|-damage|p2a: Toxtricity|40\/100\n|-damage|p2b: Lumineon|26\/100\n|move|p2b: Lumineon|Icy Wind|p1b: Iron Moth|[spread] p1a,p1b\n|-supereffective|p1a: Noivern\n|-resisted|p1b: Iron Moth\n|-crit|p1b: Iron Moth\n|-damage|p1a: Noivern|27\/100\n|-damage|p1b: Iron Moth|10\/100\n|-unboost|p1a: Noivern|spe|1\n|-unboost|p1b: Iron Moth|spe|1\n|\n|upkeep\n|turn|7\n|-activate|p2b: Lumineon|item: Quick Claw\n|\n|t:|1682521249\n|move|p2b: Lumineon|Icy Wind|p1b: Iron Moth|[spread] p1a\n|-miss|p2b: Lumineon|p1b: Iron Moth\n|-supereffective|p1a: Noivern\n|-damage|p1a: Noivern|10\/100\n|-unboost|p1a: Noivern|spe|1\n|move|p2a: Toxtricity|Overdrive|p1b: Iron Moth|[spread] p1a,p1b\n|-damage|p1a: Noivern|0 fnt\n|-damage|p1b: Iron Moth|0 fnt\n|faint|p1a: Noivern\n|faint|p1b: Iron Moth\n|-end|p1b: Iron Moth|Quark Drive|[silent]\n|\n|win|dralfredpennyworth\n|raw|Drpokex's rating: 1196 → 1166<\/strong> (-30 for losing)\n|raw|dralfredpennyworth's rating: 1120 → 1150<\/strong> (+30 for winning)\n|l|\u2606Drpokex\n","uploadtime":1682521268,"views":15,"p1id":"drpokex","p2id":"dralfredpennyworth","formatid":"gen9vgc2023regulationc","rating":1150,"private":0,"password":""}