{"id":"gen9vgc2023regulationc-1857617622","p1":"Coldblooded0706","p2":"perferw","format":"[Gen 9] VGC 2023 Regulation C","log":"|j|\u2606Coldblooded0706\n|j|\u2606perferw\n|t:|1683213414\n|gametype|doubles\n|player|p1|Coldblooded0706|266|1394\n|player|p2|perferw|102|1339\n|teamsize|p1|6\n|teamsize|p2|6\n|gen|9\n|tier|[Gen 9] VGC 2023 Regulation C\n|rated|\n|rule|Species Clause: Limit one of each Pok\u00e9mon\n|rule|Item Clause: Limit one of each item\n|clearpoke\n|poke|p1|Ting-Lu, L50|\n|poke|p1|Azumarill, L50, F|\n|poke|p1|Flutter Mane, L50|\n|poke|p1|Bronzong, L50|\n|poke|p1|Amoonguss, L50, F|\n|poke|p1|Arcanine, L50, F|\n|poke|p2|Chien-Pao, L50|\n|poke|p2|Talonflame, L50, F|\n|poke|p2|Amoonguss, L50, M|\n|poke|p2|Flutter Mane, L50|\n|poke|p2|Arcanine, L50, F|\n|poke|p2|Palafin, L50, F|\n|teampreview|4\n|inactive|Battle timer is ON: inactive players will automatically lose when time's up. (requested by perferw)\nperferw has agreed to open team sheets.\n|inactive|Coldblooded0706 has 60 seconds left.\n|\n|t:|1683213454\n|start\n|switch|p1a: \u8a50\u9818\u963f\u7f75\u4fdd\u96aa|Ting-Lu, L50|100\/100\n|switch|p1b: \u706b\u5e2b\u59d0|Azumarill, L50, F|100\/100\n|switch|p2a: Flutter Mane|Flutter Mane, L50|100\/100\n|switch|p2b: Palafin|Palafin, L50, F|100\/100\n|-ability|p1a: \u8a50\u9818\u963f\u7f75\u4fdd\u96aa|Vessel of Ruin\n|turn|1\n|inactive|Coldblooded0706 has 30 seconds left.\n|\n|t:|1683213483\n|-end|p2a: Flutter Mane|Protosynthesis|[silent]\n|switch|p2a: Amoonguss|Amoonguss, L50, M|100\/100\n|detailschange|p2b: Palafin|Palafin-Hero, L50, F\n|switch|p2b: Arcanine|Arcanine, L50, F|100\/100\n|-ability|p2b: Arcanine|Intimidate|boost\n|-unboost|p1a: \u8a50\u9818\u963f\u7f75\u4fdd\u96aa|atk|1\n|-unboost|p1b: \u706b\u5e2b\u59d0|atk|1\n|switch|p1b: \u963f\u9f8d\u6b63|Arcanine, L50, F|100\/100\n|-ability|p1b: \u963f\u9f8d\u6b63|Intimidate|boost\n|-unboost|p2a: Amoonguss|atk|1\n|-unboost|p2b: Arcanine|atk|1\n|move|p1a: \u8a50\u9818\u963f\u7f75\u4fdd\u96aa|Throat Chop|p2a: Amoonguss\n|-damage|p2a: Amoonguss|80\/100\n|-start|p2a: Amoonguss|Throat Chop|[silent]\n|\n|upkeep\n|turn|2\n|inactive|Coldblooded0706 has 30 seconds left.\n|inactive|Coldblooded0706 has 20 seconds left.\n|inactive|Coldblooded0706 has 15 seconds left.\n|\n|t:|1683213524\n|switch|p1b: \u8aa0\u5be6\u9418|Bronzong, L50, shiny|100\/100\n|switch|p2a: Palafin|Palafin-Hero, L50, F|100\/100\n|-activate|p2a: Palafin|ability: Zero to Hero\n|move|p2b: Arcanine|Howl|p2b: Arcanine|[spread] p2a,p2b\n|-boost|p2a: Palafin|atk|1\n|-boost|p2b: Arcanine|atk|1\n|move|p1a: \u8a50\u9818\u963f\u7f75\u4fdd\u96aa|Earthquake|p2a: Palafin|[spread] p2a,p2b\n|-immune|p1b: \u8aa0\u5be6\u9418|[from] ability: Levitate\n|-supereffective|p2b: Arcanine\n|-damage|p2a: Palafin|78\/100\n|-damage|p2b: Arcanine|52\/100\n|\n|upkeep\n|turn|3\n|inactive|Coldblooded0706 has 30 seconds left.\n|inactive|perferw has 30 seconds left.\n|inactive|Coldblooded0706 has 20 seconds left.\n|inactive|perferw has 20 seconds left.\n|inactive|Coldblooded0706 has 15 seconds left.\n|inactive|perferw has 15 seconds left.\n|inactive|Coldblooded0706 has 10 seconds left.\n|\n|t:|1683213573\n|switch|p1a: \u706b\u5e2b\u59d0|Azumarill, L50, F|100\/100\n|-terastallize|p1b: \u8aa0\u5be6\u9418|Water\n|move|p2a: Palafin|Wave Crash|p1b: \u8aa0\u5be6\u9418\n|-resisted|p1b: \u8aa0\u5be6\u9418\n|-damage|p1b: \u8aa0\u5be6\u9418|54\/100\n|-damage|p2a: Palafin|65\/100|[from] Recoil\n|move|p2b: Arcanine|Flare Blitz|p1b: \u8aa0\u5be6\u9418\n|-resisted|p1b: \u8aa0\u5be6\u9418\n|-damage|p1b: \u8aa0\u5be6\u9418|34\/100\n|-damage|p2b: Arcanine|46\/100|[from] Recoil\n|move|p1b: \u8aa0\u5be6\u9418|Trick Room|p1b: \u8aa0\u5be6\u9418\n|-fieldstart|move: Trick Room|[of] p1b: \u8aa0\u5be6\u9418\n|\n|upkeep\n|turn|4\n|\n|t:|1683213594\n|switch|p2b: Amoonguss|Amoonguss, L50, M|100\/100\n|move|p2a: Palafin|Protect|p2a: Palafin\n|-singleturn|p2a: Palafin|Protect\n|move|p1b: \u8aa0\u5be6\u9418|Iron Defense|p1b: \u8aa0\u5be6\u9418\n|-boost|p1b: \u8aa0\u5be6\u9418|def|2\n|move|p1a: \u706b\u5e2b\u59d0|Ice Spinner|p2b: Amoonguss\n|-supereffective|p2b: Amoonguss\n|-damage|p2b: Amoonguss|53\/100\n|\n|upkeep\n|turn|5\n|inactive|perferw has 30 seconds left.\n|\n|t:|1683213622\n|move|p1b: \u8aa0\u5be6\u9418|Body Press|p2a: Palafin\n|-damage|p2a: Palafin|15\/100\n|move|p1a: \u706b\u5e2b\u59d0|Play Rough|p2a: Palafin\n|-crit|p2a: Palafin\n|-damage|p2a: Palafin|0 fnt\n|faint|p2a: Palafin\n|move|p2b: Amoonguss|Pollen Puff|p2: Palafin|[notarget]\n|-fail|p2b: Amoonguss\n|\n|upkeep\n|\n|t:|1683213630\n|switch|p2a: Arcanine|Arcanine, L50, F|46\/100\n|-ability|p2a: Arcanine|Intimidate|boost\n|-unboost|p1a: \u706b\u5e2b\u59d0|atk|1\n|-unboost|p1b: \u8aa0\u5be6\u9418|atk|1\n|turn|6\n|\n|t:|1683213641\n|move|p2a: Arcanine|Protect|p2a: Arcanine\n|-singleturn|p2a: Arcanine|Protect\n|move|p1b: \u8aa0\u5be6\u9418|Body Press|p2b: Amoonguss\n|-resisted|p2b: Amoonguss\n|-damage|p2b: Amoonguss|33\/100\n|-enditem|p2b: Amoonguss|Sitrus Berry|[eat]\n|-heal|p2b: Amoonguss|58\/100|[from] item: Sitrus Berry\n|move|p1a: \u706b\u5e2b\u59d0|Ice Spinner|p2b: Amoonguss\n|-supereffective|p2b: Amoonguss\n|-damage|p2b: Amoonguss|25\/100\n|move|p2b: Amoonguss|Spore|p1a: \u706b\u5e2b\u59d0\n|-status|p1a: \u706b\u5e2b\u59d0|slp|[from] move: Spore\n|-enditem|p1a: \u706b\u5e2b\u59d0|Lum Berry|[eat]\n|-curestatus|p1a: \u706b\u5e2b\u59d0|slp|[msg]\n|\n|upkeep\n|turn|7\n|\n|t:|1683213659\n|-terastallize|p2a: Arcanine|Water\n|move|p2b: Amoonguss|Protect|p2b: Amoonguss\n|-singleturn|p2b: Amoonguss|Protect\n|move|p1b: \u8aa0\u5be6\u9418|Body Press|p2a: Arcanine\n|-damage|p2a: Arcanine|0 fnt\n|faint|p2a: Arcanine\n|move|p1a: \u706b\u5e2b\u59d0|Liquidation|p2b: Amoonguss\n|-activate|p2b: Amoonguss|move: Protect\n|\n|-fieldend|move: Trick Room\n|upkeep\n|\n|t:|1683213663\n|switch|p2a: Flutter Mane|Flutter Mane, L50|100\/100\n|turn|8\n|inactive|Coldblooded0706 has 30 seconds left.\n|\n|t:|1683213695\n|move|p2b: Amoonguss|Rage Powder|p2b: Amoonguss\n|-singleturn|p2b: Amoonguss|move: Rage Powder\n|move|p2a: Flutter Mane|Dazzling Gleam|p1b: \u8aa0\u5be6\u9418|[spread] p1a,p1b\n|-damage|p1a: \u706b\u5e2b\u59d0|56\/100\n|-damage|p1b: \u8aa0\u5be6\u9418|0 fnt\n|faint|p1b: \u8aa0\u5be6\u9418\n|move|p1a: \u706b\u5e2b\u59d0|Ice Spinner|p2b: Amoonguss\n|-supereffective|p2b: Amoonguss\n|-damage|p2b: Amoonguss|0 fnt\n|faint|p2b: Amoonguss\n|\n|upkeep\n|\n|t:|1683213706\n|switch|p1b: \u963f\u9f8d\u6b63|Arcanine, L50, F|100\/100\n|-ability|p1b: \u963f\u9f8d\u6b63|Intimidate|boost\n|-unboost|p2a: Flutter Mane|atk|1\n|turn|9\n|-message|perferw forfeited.\n|\n|win|Coldblooded0706\n|raw|Coldblooded0706's rating: 1394 → 1411<\/strong> (+17 for winning)\n|raw|perferw's rating: 1339 → 1322<\/strong> (-17 for losing)\n|l|\u2606perferw\n|raw| The server is restarting soon.<\/b> Please finish your battles quickly. No new battles can be started until the server resets in a few minutes.<\/div>\n|l|\u2606Coldblooded0706\n|j|\u2606Coldblooded0706\n|player|p1|Coldblooded0706|266\n","uploadtime":1683213935,"views":6,"p1id":"coldblooded0706","p2id":"perferw","formatid":"gen9vgc2023regulationc","rating":1322,"private":0,"password":""}