{"id":"gen9vgc2023regulationc-1859006023","p1":"Testiqleton","p2":"buggahz349","format":"[Gen 9] VGC 2023 Regulation C","log":"|j|\u2606Testiqleton\n|j|\u2606buggahz349\n|t:|1683393435\n|gametype|doubles\n|player|p1|Testiqleton|teamrocket|\n|player|p2|buggahz349|n|\n|teamsize|p1|6\n|teamsize|p2|6\n|gen|9\n|tier|[Gen 9] VGC 2023 Regulation C\n|rated|Tournament battle\n|rule|Species Clause: Limit one of each Pok\u00e9mon\n|rule|Item Clause: Limit one of each item\n|clearpoke\n|poke|p1|Garchomp, L50, M|\n|poke|p1|Talonflame, L50, F|\n|poke|p1|Iron Bundle, L50|\n|poke|p1|Gholdengo, L50|\n|poke|p1|Iron Hands, L50|\n|poke|p1|Chien-Pao, L50|\n|poke|p2|Sylveon, L50, M|\n|poke|p2|Gothitelle, L50, M|\n|poke|p2|Garganacl, L50, M|\n|poke|p2|Ting-Lu, L50|\n|poke|p2|Iron Hands, L50|\n|poke|p2|Mimikyu, L50, F|\n|teampreview|4\n|raw| Open Team Sheet for Testiqleton<\/summary>Garchomp @ Clear Amulet Ability: Rough Skin Level: 50 Tera Type: Fire - Earthquake - Stomping Tantrum - Rock Slide - Protect Talonflame @ Safety Goggles Ability: Gale Wings Level: 50 Tera Type: Ghost - Brave Bird - Tailwind - Will-O-Wisp - Taunt Iron Bundle @ Booster Energy Ability: Quark Drive Level: 50 Tera Type: Ice - Hydro Pump - Freeze-Dry - Icy Wind - Protect Gholdengo @ Choice Specs Ability: Good as Gold Level: 50 Tera Type: Steel - Make It Rain - Shadow Ball - Thunderbolt - Trick Iron Hands @ Assault Vest Ability: Quark Drive Level: 50 Tera Type: Grass - Fake Out - Drain Punch - Wild Charge - Heavy Slam Chien-Pao @ Focus Sash Ability: Sword of Ruin Level: 50 Tera Type: Ghost - Ice Spinner - Sucker Punch - Sacred Sword - Haze <\/details><\/div> Open Team Sheet for buggahz349<\/summary>Sylveon @ Choice Specs Ability: Pixilate Level: 50 Shiny: Yes Tera Type: Fairy - Hyper Voice - Hyper Beam - Psyshock - Quick Attack Gothitelle @ Safety Goggles Ability: Shadow Tag Level: 50 Shiny: Yes Tera Type: Fairy - Fake Out - Trick Room - Psyshock - Protect Garganacl @ Leftovers Ability: Purifying Salt Level: 50 Shiny: Yes Tera Type: Flying - Salt Cure - Protect - Recover - Wide Guard Ting-Lu @ Choice Band Ability: Vessel of Ruin Level: 50 Tera Type: Poison - Stomping Tantrum - Throat Chop - Tera Blast - Rock Slide Iron Hands @ Assault Vest Ability: Quark Drive Level: 50 Shiny: Yes Tera Type: Fire - Fake Out - Wild Charge - Drain Punch - Fire Punch Mimikyu @ Life Orb Ability: Disguise Level: 50 Shiny: Yes Tera Type: Fairy - Trick Room - Taunt - Play Rough - Shadow Claw <\/details><\/div>\n|inactive|Battle timer is ON: inactive players will automatically lose when time's up. (requested by buggahz349)\n|inactive|Testiqleton has 60 seconds left.\n|inactive|buggahz349 has 60 seconds left.\n|j|%Aldrich\n|inactive|buggahz349 has 30 seconds left.\n|\n|t:|1683393507\n|start\n|switch|p1a: Gholdengo|Gholdengo, L50|100\/100\n|switch|p1b: Talonflame|Talonflame, L50, F|100\/100\n|switch|p2a: Gothitelle|Gothitelle, L50, M, shiny|100\/100\n|switch|p2b: Iron Hands|Iron Hands, L50, shiny|100\/100\n|turn|1\n|inactive|Testiqleton has 30 seconds left.\n|inactive|Testiqleton has 20 seconds left.\n|\n|t:|1683393544\n|-terastallize|p1b: Talonflame|Ghost\n|move|p2a: Gothitelle|Protect|p2a: Gothitelle\n|-singleturn|p2a: Gothitelle|Protect\n|move|p1b: Talonflame|Taunt|p2a: Gothitelle\n|-activate|p2a: Gothitelle|move: Protect\n|move|p1a: Gholdengo|Make It Rain|p2a: Gothitelle|[spread] p2b\n|-activate|p2a: Gothitelle|move: Protect\n|-resisted|p2b: Iron Hands\n|-damage|p2b: Iron Hands|81\/100\n|-unboost|p1a: Gholdengo|spa|1\n|move|p2b: Iron Hands|Wild Charge|p1b: Talonflame\n|-damage|p1b: Talonflame|43\/100\n|-damage|p2b: Iron Hands|70\/100|[from] Recoil\n|\n|upkeep\n|turn|2\n|\n|t:|1683393563\n|switch|p2a: Ting-Lu|Ting-Lu, L50|100\/100\n|-ability|p2a: Ting-Lu|Vessel of Ruin\n|move|p1b: Talonflame|Will-O-Wisp|p2b: Iron Hands\n|-status|p2b: Iron Hands|brn\n|move|p1a: Gholdengo|Make It Rain|p2a: Ting-Lu|[spread] p2a,p2b\n|-resisted|p2b: Iron Hands\n|-damage|p2a: Ting-Lu|70\/100\n|-damage|p2b: Iron Hands|59\/100 brn\n|-unboost|p1a: Gholdengo|spa|1\n|move|p2b: Iron Hands|Wild Charge|p1b: Talonflame\n|-damage|p1b: Talonflame|16\/100\n|-damage|p2b: Iron Hands|54\/100 brn|[from] Recoil\n|\n|-damage|p2b: Iron Hands|48\/100 brn|[from] brn\n|upkeep\n|turn|3\n|j| Pic1070\n|\n|t:|1683393587\n|move|p1b: Talonflame|Will-O-Wisp|p2a: Ting-Lu\n|-status|p2a: Ting-Lu|brn\n|move|p1a: Gholdengo|Make It Rain|p2b: Iron Hands|[spread] p2a,p2b\n|-resisted|p2b: Iron Hands\n|-damage|p2a: Ting-Lu|47\/100 brn\n|-damage|p2b: Iron Hands|40\/100 brn\n|-unboost|p1a: Gholdengo|spa|1\n|move|p2b: Iron Hands|Wild Charge|p1b: Talonflame\n|-damage|p1b: Talonflame|0 fnt\n|faint|p1b: Talonflame\n|-damage|p2b: Iron Hands|37\/100 brn|[from] Recoil\n|move|p2a: Ting-Lu|Stomping Tantrum|p1a: Gholdengo\n|-supereffective|p1a: Gholdengo\n|-damage|p1a: Gholdengo|46\/100\n|\n|-damage|p2b: Iron Hands|31\/100 brn|[from] brn\n|-damage|p2a: Ting-Lu|41\/100 brn|[from] brn\n|upkeep\n|l| Pic1070\n|inactive|Testiqleton has 30 seconds left.\n|\n|t:|1683393618\n|switch|p1b: Iron Hands|Iron Hands, L50|100\/100\n|turn|4\n|\n|t:|1683393635\n|-end|p2b: Iron Hands|Quark Drive|[silent]\n|switch|p2b: Gothitelle|Gothitelle, L50, M, shiny|100\/100\n|move|p1b: Iron Hands|Fake Out|p2a: Ting-Lu\n|-damage|p2a: Ting-Lu|31\/100 brn\n|move|p1a: Gholdengo|Make It Rain|p2b: Gothitelle|[spread] p2a,p2b\n|-damage|p2a: Ting-Lu|12\/100 brn\n|-damage|p2b: Gothitelle|82\/100\n|-unboost|p1a: Gholdengo|spa|1\n|cant|p2a: Ting-Lu|flinch\n|\n|-damage|p2a: Ting-Lu|6\/100 brn|[from] brn\n|upkeep\n|turn|5\n|\n|t:|1683393658\n|switch|p1a: Chien-Pao|Chien-Pao, L50|100\/100\n|-ability|p1a: Chien-Pao|Sword of Ruin\n|move|p1b: Iron Hands|Drain Punch|p2a: Ting-Lu\n|-supereffective|p2a: Ting-Lu\n|-crit|p2a: Ting-Lu\n|-damage|p2a: Ting-Lu|0 fnt\n|faint|p2a: Ting-Lu\n|move|p2b: Gothitelle|Trick Room|p2b: Gothitelle\n|-fieldstart|move: Trick Room|[of] p2b: Gothitelle\n|\n|upkeep\n|\n|t:|1683393665\n|switch|p2a: Sylveon|Sylveon, L50, M, shiny|100\/100\n|turn|6\n|inactive|Testiqleton has 30 seconds left.\n|l|%Aldrich\n|\n|t:|1683393701\n|switch|p2b: Iron Hands|Iron Hands, L50, shiny|31\/100 brn\n|-terastallize|p2a: Sylveon|Fairy\n|move|p2a: Sylveon|Hyper Voice|p1b: Iron Hands|[spread] p1a,p1b\n|-supereffective|p1a: Chien-Pao\n|-supereffective|p1b: Iron Hands\n|-enditem|p1a: Chien-Pao|Focus Sash\n|-damage|p1a: Chien-Pao|1\/100\n|-damage|p1b: Iron Hands|26\/100\n|move|p1b: Iron Hands|Heavy Slam|p2a: Sylveon\n|-supereffective|p2a: Sylveon\n|-damage|p2a: Sylveon|0 fnt\n|faint|p2a: Sylveon\n|move|p1a: Chien-Pao|Ice Spinner|p2b: Iron Hands\n|-crit|p2b: Iron Hands\n|-damage|p2b: Iron Hands|0 fnt\n|faint|p2b: Iron Hands\n|-end|p2b: Iron Hands|Quark Drive|[silent]\n|\n|upkeep\n|\n|t:|1683393716\n|switch|p2b: Gothitelle|Gothitelle, L50, M, shiny|82\/100\n|turn|7\n|-message|buggahz349 forfeited.\n|\n|win|Testiqleton\n|n|\u2606Testiqleton|testiqleton\n|n|\u2606buggahz349|buggahz349\n|l|\u2606buggahz349\n|j| Aldrich\n","uploadtime":1683393720,"views":10,"p1id":"testiqleton","p2id":"buggahz349","formatid":"gen9vgc2023regulationc","rating":0,"private":0,"password":""}