{"id":"gen9vgc2023regulationc-1846072035","p1":"Echo Rose#9471","p2":"Rkier55","format":"[Gen 9] VGC 2023 Regulation C","log":"|j|\u2606Echo Rose#9471\n|j|\u2606Rkier55\n|t:|1681801574\n|gametype|doubles\n|player|p1|Echo Rose#9471|1|1115\n|player|p2|Rkier55|265|1090\n|teamsize|p1|6\n|teamsize|p2|6\n|gen|9\n|tier|[Gen 9] VGC 2023 Regulation C\n|rated|\n|rule|Species Clause: Limit one of each Pok\u00e9mon\n|rule|Item Clause: Limit one of each item\n|clearpoke\n|poke|p1|Garganacl, L50, F|\n|poke|p1|Glimmora, L50, M|\n|poke|p1|Wo-Chien, L50|\n|poke|p1|Flutter Mane, L50|\n|poke|p1|Palafin, L50, M|\n|poke|p1|Corviknight, L50, F|\n|poke|p2|Arcanine, L50, F|\n|poke|p2|Amoonguss, L50, F|\n|poke|p2|Iron Hands, L50|\n|poke|p2|Great Tusk, L50|\n|poke|p2|Flutter Mane, L50|\n|poke|p2|Iron Bundle, L50|\n|teampreview|4\n|inactive|Battle timer is ON: inactive players will automatically lose when time's up. (requested by Rkier55)\n|\n|t:|1681801611\n|start\n|switch|p1a: Glimmora|Glimmora, L50, M|100\/100\n|switch|p1b: Finn Fury|Palafin, L50, M|100\/100\n|switch|p2a: EL PAJERO|Iron Hands, L50|100\/100\n|switch|p2b: Arcanine|Arcanine, L50, F|100\/100\n|-ability|p2b: Arcanine|Intimidate|boost\n|-unboost|p1a: Glimmora|atk|1\n|-unboost|p1b: Finn Fury|atk|1\n|turn|1\n|\n|t:|1681801630\n|move|p1b: Finn Fury|Protect|p1b: Finn Fury\n|-singleturn|p1b: Finn Fury|Protect\n|move|p1a: Glimmora|Spiky Shield|p1a: Glimmora\n|-singleturn|p1a: Glimmora|move: Protect\n|move|p2a: EL PAJERO|Fake Out|p1a: Glimmora\n|-activate|p1a: Glimmora|move: Protect\n|-damage|p2a: EL PAJERO|88\/100|[from] Spiky Shield|[of] p1a: Glimmora\n|move|p2b: Arcanine|Will-O-Wisp|p1b: Finn Fury\n|-activate|p1b: Finn Fury|move: Protect\n|\n|upkeep\n|turn|2\n|\n|t:|1681801644\n|switch|p2b: Amoonguss|Amoonguss, L50, F|100\/100\n|move|p1b: Finn Fury|Encore|p2a: EL PAJERO\n|-start|p2a: EL PAJERO|Encore\n|move|p1a: Glimmora|Power Gem|p2b: Amoonguss\n|-damage|p2b: Amoonguss|69\/100\n|move|p2a: EL PAJERO|Fake Out||[still]\n|-hint|Fake Out only works on your first turn out.\n|-fail|p2a: EL PAJERO\n|\n|upkeep\n|turn|3\n|inactive|Echo Rose#9471 has 30 seconds left.\n|\n|t:|1681801674\n|-end|p2a: EL PAJERO|Quark Drive|[silent]\n|switch|p2a: Arcanine|Arcanine, L50, F|100\/100\n|-ability|p2a: Arcanine|Intimidate|boost\n|-unboost|p1a: Glimmora|atk|1\n|-unboost|p1b: Finn Fury|atk|1\n|move|p1b: Finn Fury|Wave Crash|p2a: Arcanine\n|-supereffective|p2a: Arcanine\n|-damage|p2a: Arcanine|66\/100\n|-damage|p1b: Finn Fury|89\/100|[from] Recoil\n|move|p1a: Glimmora|Power Gem|p2a: Arcanine\n|-supereffective|p2a: Arcanine\n|-damage|p2a: Arcanine|0 fnt\n|faint|p2a: Arcanine\n|move|p2b: Amoonguss|Spore|p1a: Glimmora\n|-status|p1a: Glimmora|slp|[from] move: Spore\n|\n|upkeep\n|\n|t:|1681801685\n|switch|p2a: EL PAJERO|Iron Hands, L50|88\/100\n|turn|4\n|\n|t:|1681801700\n|switch|p2b: Great Tusk|Great Tusk, L50|100\/100\n|move|p1b: Finn Fury|Protect|p1b: Finn Fury\n|-singleturn|p1b: Finn Fury|Protect\n|cant|p1a: Glimmora|slp\n|move|p2a: EL PAJERO|Wild Charge|p1b: Finn Fury\n|-activate|p1b: Finn Fury|move: Protect\n|\n|upkeep\n|turn|5\n|inactive|Echo Rose#9471 has 30 seconds left.\n|inactive|Echo Rose#9471 has 20 seconds left.\n|\n|t:|1681801736\n|detailschange|p1b: Finn Fury|Palafin-Hero, L50, M\n|switch|p1b: Wo-Chien|Wo-Chien, L50|100\/100\n|-ability|p1b: Wo-Chien|Tablets of Ruin\n|move|p2b: Great Tusk|Close Combat|p1b: Wo-Chien\n|-supereffective|p1b: Wo-Chien\n|-damage|p1b: Wo-Chien|15\/100\n|-unboost|p2b: Great Tusk|def|1\n|-unboost|p2b: Great Tusk|spd|1\n|-curestatus|p1a: Glimmora|slp|[msg]\n|move|p1a: Glimmora|Earth Power|p2a: EL PAJERO\n|-supereffective|p2a: EL PAJERO\n|-damage|p2a: EL PAJERO|56\/100\n|move|p2a: EL PAJERO|Wild Charge|p1b: Wo-Chien\n|-resisted|p1b: Wo-Chien\n|-damage|p1b: Wo-Chien|0 fnt\n|faint|p1b: Wo-Chien\n|-damage|p2a: EL PAJERO|53\/100|[from] Recoil\n|\n|upkeep\n|\n|t:|1681801754\n|switch|p1b: Flutter Mane|Flutter Mane, L50|100\/100\n|-enditem|p1b: Flutter Mane|Booster Energy\n|-activate|p1b: Flutter Mane|ability: Protosynthesis|[fromitem]\n|-start|p1b: Flutter Mane|protosynthesisspa\n|turn|6\n|\n|t:|1681801773\n|-end|p2b: Great Tusk|Protosynthesis|[silent]\n|switch|p2b: Amoonguss|Amoonguss, L50, F|100\/100\n|-terastallize|p2a: EL PAJERO|Grass\n|move|p1b: Flutter Mane|Dazzling Gleam|p2a: EL PAJERO|[spread] p2a,p2b\n|-resisted|p2b: Amoonguss\n|-damage|p2a: EL PAJERO|32\/100\n|-damage|p2b: Amoonguss|86\/100\n|move|p1a: Glimmora|Sludge Bomb|p2a: EL PAJERO\n|-supereffective|p2a: EL PAJERO\n|-damage|p2a: EL PAJERO|0 fnt\n|faint|p2a: EL PAJERO\n|-end|p2a: EL PAJERO|Quark Drive|[silent]\n|\n|upkeep\n|\n|t:|1681801784\n|switch|p2a: Great Tusk|Great Tusk, L50|100\/100\n|turn|7\n|\n|t:|1681801801\n|move|p2b: Amoonguss|Rage Powder|p2b: Amoonguss\n|-singleturn|p2b: Amoonguss|move: Rage Powder\n|move|p1b: Flutter Mane|Mystical Fire|p2b: Amoonguss\n|-supereffective|p2b: Amoonguss\n|-damage|p2b: Amoonguss|30\/100\n|-unboost|p2b: Amoonguss|spa|1\n|-enditem|p2b: Amoonguss|Sitrus Berry|[eat]\n|-heal|p2b: Amoonguss|55\/100|[from] item: Sitrus Berry\n|move|p2a: Great Tusk|Headlong Rush|p1b: Flutter Mane\n|-damage|p1b: Flutter Mane|18\/100\n|-unboost|p2a: Great Tusk|def|1\n|-unboost|p2a: Great Tusk|spd|1\n|move|p1a: Glimmora|Sludge Bomb|p2b: Amoonguss\n|-damage|p2b: Amoonguss|17\/100\n|\n|upkeep\n|turn|8\n|inactive|Rkier55 has 30 seconds left.\n|\n|t:|1681801828\n|move|p2b: Amoonguss|Protect|p2b: Amoonguss\n|-singleturn|p2b: Amoonguss|Protect\n|move|p1b: Flutter Mane|Dazzling Gleam|p2b: Amoonguss|[spread] p2a\n|-activate|p2b: Amoonguss|move: Protect\n|-supereffective|p2a: Great Tusk\n|-enditem|p2a: Great Tusk|Focus Sash\n|-damage|p2a: Great Tusk|1\/100\n|move|p2a: Great Tusk|Earthquake|p1b: Flutter Mane|[spread] p1a,p1b\n|-activate|p2b: Amoonguss|move: Protect\n|-supereffective|p1a: Glimmora\n|-damage|p1a: Glimmora|0 fnt\n|-damage|p1b: Flutter Mane|0 fnt\n|-activate|p1a: Glimmora|ability: Toxic Debris\n|-sidestart|p2: Rkier55|move: Toxic Spikes\n|faint|p1a: Glimmora\n|faint|p1b: Flutter Mane\n|-end|p1b: Flutter Mane|Protosynthesis|[silent]\n|\n|upkeep\n|\n|t:|1681801840\n|switch|p1a: Finn Fury|Palafin-Hero, L50, M|89\/100\n|-activate|p1a: Finn Fury|ability: Zero to Hero\n|turn|9\n|\n|t:|1681801860\n|-terastallize|p1a: Finn Fury|Water\n|move|p2a: Great Tusk|Protect|p2a: Great Tusk\n|-singleturn|p2a: Great Tusk|Protect\n|move|p1a: Finn Fury|Jet Punch|p2a: Great Tusk\n|-activate|p2a: Great Tusk|move: Protect\n|move|p2b: Amoonguss|Spore|p1a: Finn Fury\n|-activate|p1a: Finn Fury|item: Safety Goggles|Spore\n|\n|upkeep\n|turn|10\n|inactive|Rkier55 has 30 seconds left.\n|\n|t:|1681801893\n|move|p2b: Amoonguss|Protect|p2b: Amoonguss\n|-singleturn|p2b: Amoonguss|Protect\n|move|p1a: Finn Fury|Jet Punch|p2a: Great Tusk\n|-supereffective|p2a: Great Tusk\n|-damage|p2a: Great Tusk|0 fnt\n|faint|p2a: Great Tusk\n|-end|p2a: Great Tusk|Protosynthesis|[silent]\n|\n|upkeep\n|turn|11\n|-message|Rkier55 forfeited.\n|\n|win|Echo Rose#9471\n|raw|Echo Rose#9471's rating: 1115 → 1138<\/strong> (+23 for winning)\n|raw|Rkier55's rating: 1090 → 1068<\/strong> (-22 for losing)\n|l|\u2606Rkier55\n","uploadtime":1681801907,"views":9,"p1id":"echorose9471","p2id":"rkier55","formatid":"gen9vgc2023regulationc","rating":1068,"private":0,"password":""}