{"id":"gen9vgc2023regulationc-1846674811","p1":"Kenepa21","p2":"uhoh I poopd","format":"[Gen 9] VGC 2023 Regulation C","log":"|j|\u2606Kenepa21\n|j|\u2606uhoh I poopd\n|t:|1681864449\n|gametype|doubles\n|player|p1|Kenepa21|265|1374\n|player|p2|uhoh I poopd|colress|1314\n|teamsize|p1|6\n|teamsize|p2|6\n|gen|9\n|tier|[Gen 9] VGC 2023 Regulation C\n|rated|\n|rule|Species Clause: Limit one of each Pok\u00e9mon\n|rule|Item Clause: Limit one of each item\n|clearpoke\n|poke|p1|Pelipper, L50, F|\n|poke|p1|Drednaw, L50, M|\n|poke|p1|Iron Hands, L50|\n|poke|p1|Chien-Pao, L50|\n|poke|p1|Amoonguss, L50, F|\n|poke|p1|Flutter Mane, L50|\n|poke|p2|Masquerain, L50, F|\n|poke|p2|Coalossal, L50, M|\n|poke|p2|Amoonguss, L50, F|\n|poke|p2|Arcanine, L50, M|\n|poke|p2|Annihilape, L50, M|\n|poke|p2|Azumarill, L50, F|\n|teampreview|4\nKenepa21 has agreed to open team sheets.\n|\n|t:|1681864490\n|start\n|switch|p1a: Amoonguss|Amoonguss, L50, F|100\/100\n|switch|p1b: Flutter Mane|Flutter Mane, L50|100\/100\n|switch|p2a: de Havilland|Masquerain, L50, F|100\/100\n|switch|p2b: Armavee|Coalossal, L50, M|100\/100\n|-ability|p2a: de Havilland|Intimidate|boost\n|-unboost|p1a: Amoonguss|atk|1\n|-unboost|p1b: Flutter Mane|atk|1\n|-enditem|p1b: Flutter Mane|Booster Energy\n|-activate|p1b: Flutter Mane|ability: Protosynthesis|[fromitem]\n|-start|p1b: Flutter Mane|protosynthesisspa\n|turn|1\n|\n|t:|1681864517\n|switch|p1a: Iron Hands|Iron Hands, L50|100\/100\n|-terastallize|p1b: Flutter Mane|Fairy\n|move|p2a: de Havilland|Aqua Jet|p2b: Armavee\n|-supereffective|p2b: Armavee\n|-damage|p2b: Armavee|83\/100\n|-ability|p2b: Armavee|Steam Engine|boost\n|-boost|p2b: Armavee|spe|6\n|-enditem|p2b: Armavee|Weakness Policy\n|-boost|p2b: Armavee|atk|2|[from] item: Weakness Policy\n|-boost|p2b: Armavee|spa|2|[from] item: Weakness Policy\n|move|p2b: Armavee|Heat Wave|p1b: Flutter Mane|[spread] p1a,p1b\n|-damage|p1a: Iron Hands|70\/100\n|-damage|p1b: Flutter Mane|45\/100\n|move|p1b: Flutter Mane|Moonblast|p2b: Armavee\n|-resisted|p2b: Armavee\n|-damage|p2b: Armavee|38\/100\n|\n|upkeep\n|turn|2\n|\n|t:|1681864540\n|move|p2b: Armavee|Protect|p2b: Armavee\n|-singleturn|p2b: Armavee|Protect\n|move|p1a: Iron Hands|Fake Out|p2b: Armavee\n|-activate|p2b: Armavee|move: Protect\n|move|p1b: Flutter Mane|Dazzling Gleam|p2a: de Havilland|[spread] p2a\n|-activate|p2b: Armavee|move: Protect\n|-damage|p2a: de Havilland|35\/100\n|move|p2a: de Havilland|Struggle Bug|p1b: Flutter Mane|[spread] p1a,p1b\n|-resisted|p1a: Iron Hands\n|-resisted|p1b: Flutter Mane\n|-damage|p1a: Iron Hands|67\/100\n|-damage|p1b: Flutter Mane|40\/100\n|-unboost|p1a: Iron Hands|spa|1\n|-unboost|p1b: Flutter Mane|spa|1\n|\n|upkeep\n|turn|3\n|\n|t:|1681864555\n|switch|p2a: Toad|Amoonguss, L50, F|100\/100\n|-terastallize|p2b: Armavee|Grass\n|move|p1b: Flutter Mane|Protect|p1b: Flutter Mane\n|-singleturn|p1b: Flutter Mane|Protect\n|move|p2b: Armavee|Power Gem|p1b: Flutter Mane\n|-activate|p1b: Flutter Mane|move: Protect\n|move|p1a: Iron Hands|Drain Punch|p2b: Armavee\n|-damage|p2b: Armavee|3\/100\n|-heal|p1a: Iron Hands|80\/100|[from] drain|[of] p2b: Armavee\n|\n|upkeep\n|turn|4\n|\n|t:|1681864574\n|-end|p1a: Iron Hands|Quark Drive|[silent]\n|switch|p1a: Amoonguss|Amoonguss, L50, F|100\/100\n|move|p2a: Toad|Rage Powder|p2a: Toad\n|-singleturn|p2a: Toad|move: Rage Powder\n|move|p2b: Armavee|Heat Wave|p1a: Amoonguss|[spread] p1a,p1b\n|-supereffective|p1a: Amoonguss\n|-damage|p1a: Amoonguss|0 fnt\n|-damage|p1b: Flutter Mane|0 fnt\n|faint|p1a: Amoonguss\n|faint|p1b: Flutter Mane\n|-end|p1b: Flutter Mane|Protosynthesis|[silent]\n|\n|upkeep\n|\n|t:|1681864580\n|switch|p1b: Iron Hands|Iron Hands, L50|80\/100\n|switch|p1a: Chien-Pao|Chien-Pao, L50|100\/100\n|-ability|p1a: Chien-Pao|Sword of Ruin\n|turn|5\n|\n|t:|1681864588\n|move|p2b: Armavee|Protect|p2b: Armavee\n|-singleturn|p2b: Armavee|Protect\n|move|p2a: Toad|Protect|p2a: Toad\n|-singleturn|p2a: Toad|Protect\n|move|p1b: Iron Hands|Fake Out|p2b: Armavee\n|-activate|p2b: Armavee|move: Protect\n|move|p1a: Chien-Pao|Ice Spinner|p2a: Toad\n|-activate|p2a: Toad|move: Protect\n|\n|upkeep\n|turn|6\n|\n|t:|1681864602\n|move|p2a: Toad|Rage Powder|p2a: Toad\n|-singleturn|p2a: Toad|move: Rage Powder\n|move|p2b: Armavee|Heat Wave|p1a: Chien-Pao|[spread] p1a,p1b\n|-supereffective|p1a: Chien-Pao\n|-enditem|p1a: Chien-Pao|Focus Sash\n|-damage|p1a: Chien-Pao|1\/100\n|-damage|p1b: Iron Hands|49\/100\n|move|p1a: Chien-Pao|Ice Spinner|p2a: Toad\n|-supereffective|p2a: Toad\n|-damage|p2a: Toad|5\/100\n|-enditem|p2a: Toad|Iapapa Berry|[eat]\n|-heal|p2a: Toad|39\/100|[from] item: Iapapa Berry\n|move|p1b: Iron Hands|Drain Punch|p2a: Toad\n|-resisted|p2a: Toad\n|-damage|p2a: Toad|14\/100\n|-heal|p1b: Iron Hands|60\/100|[from] drain|[of] p2a: Toad\n|\n|upkeep\n|turn|7\n|\n|t:|1681864624\n|move|p1a: Chien-Pao|Protect|p1a: Chien-Pao\n|-singleturn|p1a: Chien-Pao|Protect\n|move|p2a: Toad|Rage Powder|p2a: Toad\n|-singleturn|p2a: Toad|move: Rage Powder\n|move|p2b: Armavee|Tera Blast|p1b: Iron Hands\n|-damage|p1b: Iron Hands|26\/100\n|move|p1b: Iron Hands|Drain Punch|p2a: Toad\n|-resisted|p2a: Toad\n|-damage|p2a: Toad|0 fnt\n|-heal|p1b: Iron Hands|32\/100|[from] drain|[of] p2a: Toad\n|faint|p2a: Toad\n|\n|upkeep\n|\n|t:|1681864634\n|switch|p2a: Judy|Azumarill, L50, F, shiny|100\/100\n|turn|8\n|\n|t:|1681864640\n|move|p2b: Armavee|Protect|p2b: Armavee\n|-singleturn|p2b: Armavee|Protect\n|move|p1a: Chien-Pao|Sucker Punch||[still]\n|-fail|p1a: Chien-Pao\n|move|p2a: Judy|Aqua Jet|p1a: Chien-Pao\n|-damage|p1a: Chien-Pao|0 fnt\n|faint|p1a: Chien-Pao\n|move|p1b: Iron Hands|Wild Charge|p2a: Judy\n|-supereffective|p2a: Judy\n|-damage|p2a: Judy|0 fnt\n|faint|p2a: Judy\n|-damage|p1b: Iron Hands|11\/100|[from] Recoil\n|\n|upkeep\n|-message|Kenepa21 forfeited.\n|\n|win|uhoh I poopd\n|raw|Kenepa21's rating: 1374 → 1351<\/strong> (-23 for losing)\n|raw|uhoh I poopd's rating: 1314 → 1337<\/strong> (+23 for winning)\n","uploadtime":1681864700,"views":15,"p1id":"kenepa21","p2id":"uhohipoopd","formatid":"gen9vgc2023regulationc","rating":1337,"private":0,"password":""}