{"id":"gen9vgc2023regulationc-1852533699","p1":"kevintoodlepoot","p2":"Tentacruel Man","format":"[Gen 9] VGC 2023 Regulation C","log":"|j|\u2606kevintoodlepoot\n|j|\u2606Tentacruel Man\n|t:|1682571302\n|gametype|doubles\n|player|p1|kevintoodlepoot|pokemaniac|1368\n|player|p2|Tentacruel Man|101|1418\n|teamsize|p1|6\n|teamsize|p2|6\n|gen|9\n|tier|[Gen 9] VGC 2023 Regulation C\n|rated|\n|rule|Species Clause: Limit one of each Pok\u00e9mon\n|rule|Item Clause: Limit one of each item\n|clearpoke\n|poke|p1|Baxcalibur, L50, F|\n|poke|p1|Ting-Lu, L50|\n|poke|p1|Amoonguss, L50, F|\n|poke|p1|Arcanine, L50, M|\n|poke|p1|Flutter Mane, L50|\n|poke|p1|Palafin, L50, M|\n|poke|p2|Scream Tail, L50|\n|poke|p2|Dragonite, L50, M|\n|poke|p2|Chien-Pao, L50|\n|poke|p2|Palafin, L50, M|\n|poke|p2|Volcarona, L50, M|\n|poke|p2|Amoonguss, L50, F|\n|teampreview|4\n|inactive|Battle timer is ON: inactive players will automatically lose when time's up. (requested by kevintoodlepoot)\nkevintoodlepoot has agreed to open team sheets.\n|inactive|kevintoodlepoot has 60 seconds left.\n|j| AelixSSB\n|inactive|kevintoodlepoot has 30 seconds left.\n|\n|t:|1682571376\n|start\n|switch|p1a: Flutter Mane|Flutter Mane, L50|100\/100\n|switch|p1b: Palafin|Palafin, L50, M|100\/100\n|switch|p2a: Palafin|Palafin, L50, M|100\/100\n|switch|p2b: Volcarona|Volcarona, L50, M|100\/100\n|turn|1\n|inactive|kevintoodlepoot has 30 seconds left.\n|\n|t:|1682571410\n|detailschange|p2a: Palafin|Palafin-Hero, L50, M\n|switch|p2a: Scream Tail|Scream Tail, L50|100\/100\n|-enditem|p2a: Scream Tail|Booster Energy\n|-activate|p2a: Scream Tail|ability: Protosynthesis|[fromitem]\n|-start|p2a: Scream Tail|protosynthesisspe\n|move|p1a: Flutter Mane|Shadow Ball|p2a: Scream Tail\n|-supereffective|p2a: Scream Tail\n|-damage|p2a: Scream Tail|11\/100\n|move|p2b: Volcarona|Tailwind|p2b: Volcarona\n|-sidestart|p2: Tentacruel Man|move: Tailwind\n|move|p1b: Palafin|Wave Crash|p2b: Volcarona\n|-supereffective|p2b: Volcarona\n|-damage|p2b: Volcarona|0 fnt\n|faint|p2b: Volcarona\n|-damage|p1b: Palafin|70\/100|[from] Recoil\n|\n|upkeep\n|\n|t:|1682571425\n|switch|p2b: Palafin|Palafin-Hero, L50, M|100\/100\n|-activate|p2b: Palafin|ability: Zero to Hero\n|turn|2\n|inactive|kevintoodlepoot has 30 seconds left.\n|\n|t:|1682571454\n|-end|p1a: Flutter Mane|Protosynthesis|[silent]\n|switch|p1a: Baxcalibur|Baxcalibur, L50, F|100\/100\n|detailschange|p1b: Palafin|Palafin-Hero, L50, M\n|switch|p1b: Arcanine|Arcanine, L50, M|100\/100\n|-ability|p1b: Arcanine|Intimidate|boost\n|-unboost|p2a: Scream Tail|atk|1\n|-unboost|p2b: Palafin|atk|1\n|-terastallize|p2b: Palafin|Water\n|move|p2a: Scream Tail|Howl|p2a: Scream Tail|[spread] p2a,p2b\n|-boost|p2a: Scream Tail|atk|1\n|-boost|p2b: Palafin|atk|1\n|move|p2b: Palafin|Wave Crash|p1a: Baxcalibur\n|-resisted|p1a: Baxcalibur\n|-damage|p1a: Baxcalibur|43\/100\n|-damage|p2b: Palafin|82\/100|[from] Recoil\n|\n|upkeep\n|turn|3\n|inactive|kevintoodlepoot has 30 seconds left.\n|inactive|Tentacruel Man has 30 seconds left.\n|inactive|kevintoodlepoot has 20 seconds left.\n|inactive|kevintoodlepoot has 15 seconds left.\n|\n|t:|1682571494\n|-terastallize|p1b: Arcanine|Water\n|move|p1a: Baxcalibur|Ice Shard|p2a: Scream Tail\n|-damage|p2a: Scream Tail|0 fnt\n|faint|p2a: Scream Tail\n|-end|p2a: Scream Tail|Protosynthesis|[silent]\n|move|p2b: Palafin|Wave Crash|p1b: Arcanine\n|-resisted|p1b: Arcanine\n|-damage|p1b: Arcanine|23\/100\n|-damage|p2b: Palafin|58\/100|[from] Recoil\n|move|p1b: Arcanine|Will-O-Wisp|p2b: Palafin\n|-status|p2b: Palafin|brn\n|\n|-damage|p2b: Palafin|53\/100 brn|[from] brn\n|upkeep\n|\n|t:|1682571507\n|switch|p2a: Dragonite|Dragonite, L50, M|100\/100\n|turn|4\n|\n|t:|1682571530\n|move|p1b: Arcanine|Extreme Speed|p2a: Dragonite\n|-damage|p2a: Dragonite|89\/100\n|move|p1a: Baxcalibur|Ice Shard|p2a: Dragonite\n|-supereffective|p2a: Dragonite\n|-damage|p2a: Dragonite|0 fnt\n|faint|p2a: Dragonite\n|move|p2b: Palafin|Wave Crash|p1a: Baxcalibur\n|-resisted|p1a: Baxcalibur\n|-damage|p1a: Baxcalibur|14\/100\n|-damage|p2b: Palafin|43\/100 brn|[from] Recoil\n|\n|-damage|p2b: Palafin|38\/100 brn|[from] brn\n|-sideend|p2: Tentacruel Man|move: Tailwind\n|upkeep\n|turn|5\n|\n|t:|1682571548\n|move|p1b: Arcanine|Extreme Speed|p2b: Palafin\n|-damage|p2b: Palafin|18\/100 brn\n|move|p2b: Palafin|Wave Crash|p1a: Baxcalibur\n|-resisted|p1a: Baxcalibur\n|-damage|p1a: Baxcalibur|0 fnt\n|faint|p1a: Baxcalibur\n|-damage|p2b: Palafin|14\/100 brn|[from] Recoil\n|\n|-damage|p2b: Palafin|8\/100 brn|[from] brn\n|upkeep\n|\n|t:|1682571560\n|switch|p1a: Palafin|Palafin-Hero, L50, M|70\/100\n|-activate|p1a: Palafin|ability: Zero to Hero\n|turn|6\n|\n|t:|1682571566\n|move|p1b: Arcanine|Extreme Speed|p1a: Palafin\n|-damage|p1a: Palafin|51\/100\n|move|p2b: Palafin|Jet Punch|p1b: Arcanine\n|-resisted|p1b: Arcanine\n|-damage|p1b: Arcanine|3\/100\n|move|p1a: Palafin|Jet Punch|p2b: Palafin\n|-resisted|p2b: Palafin\n|-damage|p2b: Palafin|0 fnt\n|faint|p2b: Palafin\n|\n|win|kevintoodlepoot\n|raw|kevintoodlepoot's rating: 1368 → 1391<\/strong> (+23 for winning)\n|raw|Tentacruel Man's rating: 1418 → 1395<\/strong> (-23 for losing)\n|l| AelixSSB\n|l|\u2606Tentacruel Man\n","uploadtime":1682571599,"views":11,"p1id":"kevintoodlepoot","p2id":"tentacruelman","formatid":"gen9vgc2023regulationc","rating":1391,"private":0,"password":""}