{"id":"gen9vgc2023regulationc-1862953831","p1":"CoDameron","p2":"KCXII","format":"[Gen 9] VGC 2023 Regulation C","log":"|j|\u2606CoDameron\n|j|\u2606KCXII\n|t:|1683943254\n|gametype|doubles\n|player|p1|CoDameron|1|\n|player|p2|KCXII|plasmagrunt|\n|teamsize|p1|6\n|teamsize|p2|6\n|gen|9\n|tier|[Gen 9] VGC 2023 Regulation C\n|rule|Species Clause: Limit one of each Pok\u00e9mon\n|rule|Item Clause: Limit one of each item\n|clearpoke\n|poke|p1|Wo-Chien, L50|\n|poke|p1|Bellibolt, L50, F|\n|poke|p1|Polteageist, L50|\n|poke|p1|Gothorita, L50, F|\n|poke|p1|Salamence, L50, F|\n|poke|p1|Greedent, L50, F|\n|poke|p2|Mudsdale, L50, F|\n|poke|p2|Misdreavus, L50, F|\n|poke|p2|Dragapult, L50, F|\n|poke|p2|Indeedee-F, L50, F|\n|poke|p2|Armarouge, L50, M|\n|poke|p2|Tinkaton, L50, F|\n|teampreview|4\n|c|\u2606KCXII|good luck and have fun!\n|c|\u2606CoDameron|ok game is good\n|c|\u2606CoDameron|g2 lets fo\n|c|\u2606CoDameron|gl hf\n|\n|t:|1683943343\n|start\n|switch|p1a: Rosetta|Wo-Chien, L50|100\/100\n|switch|p1b: Jelli Belli|Bellibolt, L50, F, shiny|100\/100\n|switch|p2a: Indeedee|Indeedee-F, L50, F|100\/100\n|switch|p2b: Armarouge|Armarouge, L50, M|100\/100\n|-ability|p1a: Rosetta|Tablets of Ruin\n|-fieldstart|move: Psychic Terrain|[from] ability: Psychic Surge|[of] p2a: Indeedee\n|turn|1\n|\n|t:|1683943411\n|move|p2a: Indeedee|Follow Me|p2a: Indeedee\n|-singleturn|p2a: Indeedee|move: Follow Me\n|move|p2b: Armarouge|Acid Spray|p1b: Jelli Belli\n|-damage|p1b: Jelli Belli|87\/100\n|-unboost|p1b: Jelli Belli|spd|2\n|-start|p1b: Jelli Belli|Charge|Acid Spray|[from] ability: Electromorphosis\n|move|p1a: Rosetta|Dark Pulse|p2a: Indeedee\n|-supereffective|p2a: Indeedee\n|-damage|p2a: Indeedee|56\/100\n|move|p1b: Jelli Belli|Thunderbolt|p2a: Indeedee\n|-damage|p2a: Indeedee|0 fnt\n|faint|p2a: Indeedee\n|-end|p1b: Jelli Belli|Charge|[silent]\n|\n|upkeep\n|\n|t:|1683943425\n|switch|p2a: Misdreavus|Misdreavus, L50, F|100\/100\n|turn|2\n|\n|t:|1683943501\n|switch|p1b: Old Fashioned|Salamence, L50, F|100\/100\n|-ability|p1b: Old Fashioned|Intimidate|boost\n|-unboost|p2a: Misdreavus|atk|1\n|-unboost|p2b: Armarouge|atk|1\n|move|p2b: Armarouge|Expanding Force|p1b: Old Fashioned|[spread] p1b\n|-immune|p1a: Rosetta\n|-damage|p1b: Old Fashioned|54\/100\n|move|p1a: Rosetta|Dark Pulse|p2b: Armarouge\n|-supereffective|p2b: Armarouge\n|-damage|p2b: Armarouge|23\/100\n|move|p2a: Misdreavus|Trick Room|p2a: Misdreavus\n|-fieldstart|move: Trick Room|[of] p2a: Misdreavus\n|\n|upkeep\n|turn|3\n|\n|t:|1683943553\n|move|p2b: Armarouge|Protect|p2b: Armarouge\n|-singleturn|p2b: Armarouge|Protect\n|move|p2a: Misdreavus|Perish Song|p2a: Misdreavus\n|-start|p1a: Rosetta|perish3|[silent]\n|-start|p1b: Old Fashioned|perish3|[silent]\n|-start|p2a: Misdreavus|perish3|[silent]\n|-start|p2b: Armarouge|perish3|[silent]\n|-fieldactivate|move: Perish Song\n|move|p1a: Rosetta|Dark Pulse|p2b: Armarouge\n|-activate|p2b: Armarouge|move: Protect\n|move|p1b: Old Fashioned|Roost|p1b: Old Fashioned\n|-heal|p1b: Old Fashioned|100\/100\n|-singleturn|p1b: Old Fashioned|move: Roost\n|\n|-start|p2a: Misdreavus|perish3\n|-start|p1a: Rosetta|perish3\n|-start|p1b: Old Fashioned|perish3\n|-start|p2b: Armarouge|perish3\n|upkeep\n|turn|4\n|\n|t:|1683943583\n|switch|p1b: Jelli Belli|Bellibolt, L50, F, shiny|87\/100\n|move|p2a: Misdreavus|Dazzling Gleam|p1b: Jelli Belli|[spread] p1a,p1b\n|-supereffective|p1a: Rosetta\n|-damage|p1a: Rosetta|87\/100\n|-damage|p1b: Jelli Belli|74\/100\n|-start|p1b: Jelli Belli|Charge|Dazzling Gleam|[from] ability: Electromorphosis\n|move|p1a: Rosetta|Dark Pulse|p2b: Armarouge\n|-supereffective|p2b: Armarouge\n|-damage|p2b: Armarouge|0 fnt\n|faint|p2b: Armarouge\n|\n|-start|p2a: Misdreavus|perish2\n|-start|p1a: Rosetta|perish2\n|upkeep\n|\n|t:|1683943596\n|switch|p2b: Mudsdale|Mudsdale, L50, F|100\/100\n|turn|5\n|\n|t:|1683943613\n|-terastallize|p2b: Mudsdale|Grass\n|-terastallize|p1b: Jelli Belli|Water\n|move|p2b: Mudsdale|Iron Defense|p2b: Mudsdale\n|-boost|p2b: Mudsdale|def|2\n|move|p1b: Jelli Belli|Muddy Water|p2a: Misdreavus|[spread] p2a,p2b\n|-resisted|p2b: Mudsdale\n|-damage|p2a: Misdreavus|81\/100\n|-damage|p2b: Mudsdale|90\/100\n|-unboost|p2a: Misdreavus|accuracy|1\n|-unboost|p2b: Mudsdale|accuracy|1\n|-ability|p2b: Mudsdale|Stamina|boost\n|-boost|p2b: Mudsdale|def|1\n|move|p2a: Misdreavus|Dazzling Gleam|p1a: Rosetta|[spread] p1a,p1b\n|-supereffective|p1a: Rosetta\n|-damage|p1a: Rosetta|74\/100\n|-damage|p1b: Jelli Belli|63\/100\n|-start|p1b: Jelli Belli|Charge|Dazzling Gleam|[from] ability: Electromorphosis\n|move|p1a: Rosetta|Grass Knot|p2b: Mudsdale\n|-resisted|p2b: Mudsdale\n|-damage|p2b: Mudsdale|72\/100\n|-ability|p2b: Mudsdale|Stamina|boost\n|-boost|p2b: Mudsdale|def|1\n|\n|-heal|p2b: Mudsdale|78\/100|[from] item: Leftovers\n|-start|p2a: Misdreavus|perish1\n|-start|p1a: Rosetta|perish1\n|-fieldend|move: Psychic Terrain\n|upkeep\n|turn|6\n|\n|t:|1683943672\n|switch|p1a: Old Fashioned|Salamence, L50, F|100\/100\n|-ability|p1a: Old Fashioned|Intimidate|boost\n|-unboost|p2a: Misdreavus|atk|1\n|-unboost|p2b: Mudsdale|atk|1\n|move|p2b: Mudsdale|Protect|p2b: Mudsdale\n|-singleturn|p2b: Mudsdale|Protect\n|move|p1b: Jelli Belli|Protect|p1b: Jelli Belli\n|-singleturn|p1b: Jelli Belli|Protect\n|move|p2a: Misdreavus|Dazzling Gleam|p1b: Jelli Belli|[spread] p1a\n|-activate|p1b: Jelli Belli|move: Protect\n|-supereffective|p1a: Old Fashioned\n|-damage|p1a: Old Fashioned|84\/100\n|\n|-heal|p2b: Mudsdale|84\/100|[from] item: Leftovers\n|-start|p2a: Misdreavus|perish0\n|-fieldend|move: Trick Room\n|faint|p2a: Misdreavus\n|upkeep\n|turn|7\n|\n|t:|1683943696\n|switch|p1a: Teatime|Polteageist, L50|100\/100\n|move|p1b: Jelli Belli|Thunderbolt|p2b: Mudsdale\n|-resisted|p2b: Mudsdale\n|-crit|p2b: Mudsdale\n|-damage|p2b: Mudsdale|37\/100\n|-ability|p2b: Mudsdale|Stamina|boost\n|-boost|p2b: Mudsdale|def|1\n|-end|p1b: Jelli Belli|Charge|[silent]\n|move|p2b: Mudsdale|Body Press|p1a: Teatime\n|-immune|p1a: Teatime\n|\n|-heal|p2b: Mudsdale|43\/100|[from] item: Leftovers\n|upkeep\n|turn|8\n|\n|t:|1683943717\n|move|p1a: Teatime|Shadow Ball|p2b: Mudsdale\n|-damage|p2b: Mudsdale|13\/100\n|-ability|p2b: Mudsdale|Stamina|boost\n|-boost|p2b: Mudsdale|def|1\n|move|p1b: Jelli Belli|Thunderbolt|p2b: Mudsdale\n|-resisted|p2b: Mudsdale\n|-damage|p2b: Mudsdale|0 fnt\n|faint|p2b: Mudsdale\n|\n|win|CoDameron\n|c|\u2606KCXII|gg\n|c|\u2606KCXII|wp\n","uploadtime":1683943728,"views":33,"p1id":"codameron","p2id":"kcxii","formatid":"gen9vgc2023regulationc","rating":0,"private":0,"password":""}