{"id":"gen9vgc2023regulationc-1850696691","p1":"Kuriboh448","p2":"Duck duty","format":"[Gen 9] VGC 2023 Regulation C","log":"|j|\u203dKuriboh448\n|j|\u2606Duck duty\n|t:|1682359929\n|gametype|doubles\n|player|p1|Kuriboh448|101|1302\n|player|p2|Duck duty|pokekid|1286\n|teamsize|p1|6\n|teamsize|p2|6\n|gen|9\n|tier|[Gen 9] VGC 2023 Regulation C\n|rated|\n|rule|Species Clause: Limit one of each Pok\u00e9mon\n|rule|Item Clause: Limit one of each item\n|clearpoke\n|poke|p1|Iron Bundle, L50|\n|poke|p1|Garchomp, L50, F|\n|poke|p1|Chi-Yu, L50|\n|poke|p1|Flutter Mane, L50|\n|poke|p1|Abomasnow, L50, F|\n|poke|p1|Corviknight, L50, F|\n|poke|p2|Glimmora, L50, M|\n|poke|p2|Flutter Mane, L50|\n|poke|p2|Chi-Yu, L50|\n|poke|p2|Annihilape, L50, M|\n|poke|p2|Talonflame, L50, M|\n|poke|p2|Gyarados, L50, F|\n|teampreview|4\n|inactive|Battle timer is ON: inactive players will automatically lose when time's up. (requested by Duck duty)\n|j| Abazza special\n|inactive|Kuriboh448 has 60 seconds left.\n|inactive|Duck duty has 60 seconds left.\n|inactive|Duck duty has 30 seconds left.\n|\n|t:|1682359998\n|start\n|switch|p1a: Corviknight|Corviknight, L50, F|100\/100\n|switch|p1b: Garchomp|Garchomp, L50, F|100\/100\n|switch|p2a: Talonflame|Talonflame, L50, M|100\/100\n|switch|p2b: Annihilape|Annihilape, L50, M|100\/100\n|turn|1\n|\n|t:|1682360018\n|move|p2a: Talonflame|Will-O-Wisp|p1b: Garchomp\n|-status|p1b: Garchomp|brn\n|move|p1b: Garchomp|Swords Dance|p1b: Garchomp\n|-boost|p1b: Garchomp|atk|2\n|move|p2b: Annihilape|Bulk Up|p2b: Annihilape\n|-boost|p2b: Annihilape|atk|1\n|-boost|p2b: Annihilape|def|1\n|move|p1a: Corviknight|Bulk Up|p1a: Corviknight\n|-boost|p1a: Corviknight|atk|1\n|-boost|p1a: Corviknight|def|1\n|\n|-damage|p1b: Garchomp|94\/100 brn|[from] brn\n|upkeep\n|turn|2\n|\n|t:|1682360037\n|move|p2a: Talonflame|Tailwind|p2a: Talonflame\n|-sidestart|p2: Duck duty|move: Tailwind\n|move|p2b: Annihilape|Drain Punch|p1b: Garchomp\n|-damage|p1b: Garchomp|38\/100 brn\n|-damage|p2b: Annihilape|88\/100|[from] ability: Rough Skin|[of] p1b: Garchomp\n|move|p1b: Garchomp|Dragon Claw|p2a: Talonflame\n|-damage|p2a: Talonflame|51\/100\n|move|p1a: Corviknight|Tailwind|p1a: Corviknight\n|-sidestart|p1: Kuriboh448|move: Tailwind\n|\n|-heal|p2b: Annihilape|94\/100|[from] item: Leftovers\n|-damage|p1b: Garchomp|32\/100 brn|[from] brn\n|upkeep\n|turn|3\n|\n|t:|1682360053\n|move|p1b: Garchomp|Protect|p1b: Garchomp\n|-singleturn|p1b: Garchomp|Protect\n|move|p2a: Talonflame|Brave Bird|p1b: Garchomp\n|-activate|p1b: Garchomp|move: Protect\n|move|p2b: Annihilape|Drain Punch|p1a: Corviknight\n|-damage|p1a: Corviknight|72\/100\n|-heal|p2b: Annihilape|100\/100|[from] drain|[of] p1a: Corviknight\n|move|p1a: Corviknight|Brave Bird|p2a: Talonflame\n|-damage|p2a: Talonflame|0 fnt\n|faint|p2a: Talonflame\n|-damage|p1a: Corviknight|56\/100|[from] Recoil\n|\n|-damage|p1b: Garchomp|25\/100 brn|[from] brn\n|upkeep\n|\n|t:|1682360071\n|switch|p2a: Chi-Yu|Chi-Yu, L50|100\/100\n|-ability|p2a: Chi-Yu|Beads of Ruin\n|turn|4\n|\n|t:|1682360079\n|move|p2a: Chi-Yu|Flamethrower|p1a: Corviknight\n|-supereffective|p1a: Corviknight\n|-damage|p1a: Corviknight|0 fnt\n|faint|p1a: Corviknight\n|move|p1b: Garchomp|Earthquake|p2a: Chi-Yu|[spread] p2a,p2b\n|-supereffective|p2a: Chi-Yu\n|-damage|p2a: Chi-Yu|0 fnt\n|-damage|p2b: Annihilape|78\/100\n|faint|p2a: Chi-Yu\n|move|p2b: Annihilape|Drain Punch|p1b: Garchomp\n|-damage|p1b: Garchomp|0 fnt\n|-heal|p2b: Annihilape|90\/100|[from] drain|[of] p1b: Garchomp\n|-damage|p2b: Annihilape|77\/100|[from] ability: Rough Skin|[of] p1b: Garchomp\n|faint|p1b: Garchomp\n|\n|-heal|p2b: Annihilape|83\/100|[from] item: Leftovers\n|upkeep\n|\n|t:|1682360093\n|switch|p1b: Chi-Yu|Chi-Yu, L50|100\/100\n|switch|p2a: Flutter Mane|Flutter Mane, L50|100\/100\n|switch|p1a: Flutter Mane|Flutter Mane, L50|100\/100\n|-ability|p1b: Chi-Yu|Beads of Ruin\n|-enditem|p2a: Flutter Mane|Booster Energy\n|-activate|p2a: Flutter Mane|ability: Protosynthesis|[fromitem]\n|-start|p2a: Flutter Mane|protosynthesisspe\n|-enditem|p1a: Flutter Mane|Booster Energy\n|-activate|p1a: Flutter Mane|ability: Protosynthesis|[fromitem]\n|-start|p1a: Flutter Mane|protosynthesisspa\n|turn|5\n|inactive|Duck duty has 30 seconds left.\n|inactive|Kuriboh448 has 30 seconds left.\n|inactive|Duck duty has 20 seconds left.\n|inactive|Kuriboh448 has 20 seconds left.\n|inactive|Duck duty has 15 seconds left.\n|inactive|Duck duty has 10 seconds left.\n|\n|t:|1682360148\n|-terastallize|p1a: Flutter Mane|Fairy\n|move|p2b: Annihilape|Protect|p2b: Annihilape\n|-singleturn|p2b: Annihilape|Protect\n|move|p2a: Flutter Mane|Moonblast|p1b: Chi-Yu\n|-damage|p1b: Chi-Yu|36\/100\n|-unboost|p1b: Chi-Yu|spa|1\n|move|p1a: Flutter Mane|Moonblast|p2b: Annihilape\n|-activate|p2b: Annihilape|move: Protect\n|move|p1b: Chi-Yu|Dark Pulse|p2b: Annihilape\n|-activate|p2b: Annihilape|move: Protect\n|\n|-heal|p2b: Annihilape|89\/100|[from] item: Leftovers\n|-sideend|p1: Kuriboh448|move: Tailwind\n|-sideend|p2: Duck duty|move: Tailwind\n|upkeep\n|turn|6\n|\n|t:|1682360167\n|-terastallize|p2b: Annihilape|Steel\n|move|p2a: Flutter Mane|Moonblast|p1b: Chi-Yu\n|-damage|p1b: Chi-Yu|0 fnt\n|faint|p1b: Chi-Yu\n|move|p1a: Flutter Mane|Moonblast|p2b: Annihilape\n|-resisted|p2b: Annihilape\n|-damage|p2b: Annihilape|56\/100\n|move|p2b: Annihilape|Rage Fist|p1a: Flutter Mane\n|-damage|p1a: Flutter Mane|0 fnt\n|faint|p1a: Flutter Mane\n|-end|p1a: Flutter Mane|Protosynthesis|[silent]\n|\n|win|Duck duty\n|raw|Kuriboh448's rating: 1302 → 1281<\/strong> (-21 for losing)\n|raw|Duck duty's rating: 1286 → 1312<\/strong> (+26 for winning)\n|l|\u203dKuriboh448\n","uploadtime":1682360187,"views":14,"p1id":"kuriboh448","p2id":"duckduty","formatid":"gen9vgc2023regulationc","rating":1281,"private":0,"password":""}