{"id":"gen9vgc2023regulationc-1851593072","p1":"TingLusing","p2":"UnluckyTogekissZ","format":"[Gen 9] VGC 2023 Regulation C","log":"|j|\u2606TingLusing\n|j|\u2606UnluckyTogekissZ\n|t:|1682459061\n|gametype|doubles\n|player|p1|TingLusing|marnie-league|1556\n|player|p2|UnluckyTogekissZ|265|1616\n|teamsize|p1|6\n|teamsize|p2|6\n|gen|9\n|tier|[Gen 9] VGC 2023 Regulation C\n|rated|\n|rule|Species Clause: Limit one of each Pok\u00e9mon\n|rule|Item Clause: Limit one of each item\n|clearpoke\n|poke|p1|Palafin, L50, F|\n|poke|p1|Arcanine, L50, M|\n|poke|p1|Amoonguss, L50, F|\n|poke|p1|Kingambit, L50, F|\n|poke|p1|Flutter Mane, L50|\n|poke|p1|Dragonite, L50, M|\n|poke|p2|Ting-Lu, L50|\n|poke|p2|Ceruledge, L50, M|\n|poke|p2|Rotom-Wash, L50|\n|poke|p2|Great Tusk, L50|\n|poke|p2|Amoonguss, L50, M|\n|poke|p2|Iron Valiant, L50|\n|teampreview|4\nTingLusing has agreed to open team sheets.\n|inactive|Battle timer is ON: inactive players will automatically lose when time's up. (requested by TingLusing)\nUnluckyTogekissZ has agreed to open team sheets.\n|inactive|TingLusing has 60 seconds left.\n|inactive|TingLusing has 30 seconds left.\n|inactive|TingLusing has 20 seconds left.\n|\n|t:|1682459161\n|start\n|switch|p1a: Palafin|Palafin, L50, F|100\/100\n|switch|p1b: Flutter Mane|Flutter Mane, L50|100\/100\n|switch|p2a: Enma|Ceruledge, L50, M, shiny|100\/100\n|switch|p2b: Zunisha|Great Tusk, L50|100\/100\n|-enditem|p1b: Flutter Mane|Booster Energy\n|-activate|p1b: Flutter Mane|ability: Protosynthesis|[fromitem]\n|-start|p1b: Flutter Mane|protosynthesisspa\n|turn|1\n|inactive|UnluckyTogekissZ has 30 seconds left.\n|inactive|UnluckyTogekissZ has 20 seconds left.\n|inactive|TingLusing has 30 seconds left.\n|inactive|UnluckyTogekissZ has 15 seconds left.\n|\n|t:|1682459203\n|move|p1b: Flutter Mane|Protect|p1b: Flutter Mane\n|-singleturn|p1b: Flutter Mane|Protect\n|move|p2b: Zunisha|Protect|p2b: Zunisha\n|-singleturn|p2b: Zunisha|Protect\n|move|p1a: Palafin|Jet Punch|p2b: Zunisha\n|-activate|p2b: Zunisha|move: Protect\n|move|p2a: Enma|Bitter Blade|p1b: Flutter Mane\n|-activate|p1b: Flutter Mane|move: Protect\n|\n|upkeep\n|turn|2\n|\n|t:|1682459219\n|-end|p2b: Zunisha|Protosynthesis|[silent]\n|switch|p2b: Ting-Lu|Ting-Lu, L50|100\/100\n|-ability|p2b: Ting-Lu|Vessel of Ruin\n|-terastallize|p2a: Enma|Grass\n|move|p1a: Palafin|Jet Punch|p2b: Ting-Lu\n|-supereffective|p2b: Ting-Lu\n|-damage|p2b: Ting-Lu|65\/100\n|move|p1b: Flutter Mane|Dazzling Gleam|p2a: Enma|[spread] p2a,p2b\n|-supereffective|p2b: Ting-Lu\n|-damage|p2a: Enma|69\/100\n|-damage|p2b: Ting-Lu|29\/100\n|move|p2a: Enma|Bitter Blade|p1b: Flutter Mane\n|-damage|p1b: Flutter Mane|22\/100\n|-heal|p2a: Enma|99\/100|[from] drain|[of] p1b: Flutter Mane\n|\n|upkeep\n|turn|3\n|\n|t:|1682459240\n|move|p1a: Palafin|Jet Punch|p2b: Ting-Lu\n|-supereffective|p2b: Ting-Lu\n|-damage|p2b: Ting-Lu|0 fnt\n|faint|p2b: Ting-Lu\n|move|p1b: Flutter Mane|Dazzling Gleam|p2a: Enma\n|-damage|p2a: Enma|45\/100\n|move|p2a: Enma|Bulk Up|p2a: Enma\n|-boost|p2a: Enma|atk|1\n|-boost|p2a: Enma|def|1\n|\n|upkeep\n|\n|t:|1682459244\n|switch|p2b: Ekubo|Rotom-Wash, L50, shiny|100\/100\n|turn|4\n|\n|t:|1682459258\n|detailschange|p1a: Palafin|Palafin-Hero, L50, F\n|switch|p1a: Amoonguss|Amoonguss, L50, F|100\/100\n|move|p1b: Flutter Mane|Protect|p1b: Flutter Mane\n|-singleturn|p1b: Flutter Mane|Protect\n|move|p2a: Enma|Shadow Sneak|p1b: Flutter Mane\n|-activate|p1b: Flutter Mane|move: Protect\n|move|p2b: Ekubo|Thunderbolt|p1a: Amoonguss\n|-resisted|p1a: Amoonguss\n|-damage|p1a: Amoonguss|86\/100\n|\n|upkeep\n|turn|5\n|c|\u2606UnluckyTogekissZ|super nice played\n|c|\u2606UnluckyTogekissZ|gg\n|-message|UnluckyTogekissZ forfeited.\n|\n|win|TingLusing\n|raw|TingLusing's rating: 1556 → 1579<\/strong> (+23 for winning)\n|raw|UnluckyTogekissZ's rating: 1616 → 1593<\/strong> (-23 for losing)\n|l|\u2606UnluckyTogekissZ\n","uploadtime":1682459279,"views":16,"p1id":"tinglusing","p2id":"unluckytogekissz","formatid":"gen9vgc2023regulationc","rating":1579,"private":0,"password":""}