{"id":"gen9vgc2023regulationc-1862334185","p1":"jchemmy","p2":"lmisdreavus","format":"[Gen 9] VGC 2023 Regulation C","log":"|j|\u2606jchemmy\n|j|\u2606lmisdreavus\n|t:|1683867682\n|gametype|doubles\n|player|p1|jchemmy|brock|1426\n|player|p2|lmisdreavus|102|1344\n|teamsize|p1|6\n|teamsize|p2|6\n|gen|9\n|tier|[Gen 9] VGC 2023 Regulation C\n|rated|\n|rule|Species Clause: Limit one of each Pok\u00e9mon\n|rule|Item Clause: Limit one of each item\n|clearpoke\n|poke|p1|Flutter Mane, L50|\n|poke|p1|Ting-Lu, L50|\n|poke|p1|Baxcalibur, L50, F|\n|poke|p1|Palafin, L50, M|\n|poke|p1|Arcanine, L50, M|\n|poke|p1|Amoonguss, L50, F|\n|poke|p2|Abomasnow, L50, F|\n|poke|p2|Iron Bundle, L50|\n|poke|p2|Ting-Lu, L50|\n|poke|p2|Bronzong, L50|\n|poke|p2|Azumarill, L50, F|\n|poke|p2|Arcanine, L50, M|\n|teampreview|4\n|inactive|Battle timer is ON: inactive players will automatically lose when time's up. (requested by jchemmy)\njchemmy has agreed to open team sheets.\n|inactive|jchemmy has 60 seconds left.\n|\n|t:|1683867725\n|start\n|switch|p1a: Arcanine|Arcanine, L50, M|100\/100\n|switch|p1b: Ting-Lu|Ting-Lu, L50|100\/100\n|switch|p2a: Ting-Lu|Ting-Lu, L50|100\/100\n|switch|p2b: Bronzong|Bronzong, L50|100\/100\n|-ability|p1a: Arcanine|Intimidate|boost\n|-unboost|p2a: Ting-Lu|atk|1\n|-unboost|p2b: Bronzong|atk|1\n|-ability|p1b: Ting-Lu|Vessel of Ruin\n|-ability|p2a: Ting-Lu|Vessel of Ruin\n|turn|1\n|inactive|jchemmy has 30 seconds left.\n|\n|t:|1683867754\n|switch|p2a: Arcanine|Arcanine, L50, M|100\/100\n|-ability|p2a: Arcanine|Intimidate|boost\n|-unboost|p1a: Arcanine|atk|1\n|-unboost|p1b: Ting-Lu|atk|1\n|-terastallize|p2b: Bronzong|Water\n|move|p1a: Arcanine|Howl|p1a: Arcanine|[spread] p1a,p1b\n|-boost|p1a: Arcanine|atk|1\n|-boost|p1b: Ting-Lu|atk|1\n|move|p1b: Ting-Lu|Ruination|p2b: Bronzong\n|-damage|p2b: Bronzong|50\/100\n|move|p2b: Bronzong|Iron Defense|p2b: Bronzong\n|-boost|p2b: Bronzong|def|2\n|\n|upkeep\n|turn|2\n|\n|t:|1683867774\n|switch|p2a: Ting-Lu|Ting-Lu, L50|100\/100\n|-ability|p2a: Ting-Lu|Vessel of Ruin\n|switch|p1b: Baxcalibur|Baxcalibur, L50, F|100\/100\n|move|p1a: Arcanine|Howl|p1a: Arcanine|[spread] p1a,p1b\n|-boost|p1a: Arcanine|atk|1\n|-boost|p1b: Baxcalibur|atk|1\n|move|p2b: Bronzong|Body Press|p1b: Baxcalibur\n|-supereffective|p1b: Baxcalibur\n|-damage|p1b: Baxcalibur|0 fnt\n|faint|p1b: Baxcalibur\n|\n|upkeep\n|\n|t:|1683867787\n|switch|p1b: Flutter Mane|Flutter Mane, L50|100\/100\n|turn|3\n|\n|t:|1683867796\n|move|p1b: Flutter Mane|Thunderbolt|p2b: Bronzong\n|-supereffective|p2b: Bronzong\n|-damage|p2b: Bronzong|0 fnt\n|faint|p2b: Bronzong\n|move|p1a: Arcanine|Will-O-Wisp|p2a: Ting-Lu\n|-status|p2a: Ting-Lu|brn\n|move|p2a: Ting-Lu|Throat Chop|p1b: Flutter Mane\n|-damage|p1b: Flutter Mane|70\/100\n|-start|p1b: Flutter Mane|Throat Chop|[silent]\n|\n|-damage|p2a: Ting-Lu|94\/100 brn|[from] brn\n|upkeep\n|\n|t:|1683867806\n|switch|p2b: Azumarill|Azumarill, L50, F|100\/100\n|turn|4\n|\n|t:|1683867815\n|-terastallize|p1a: Arcanine|Flying\n|move|p2b: Azumarill|Aqua Jet|p1a: Arcanine\n|-damage|p1a: Arcanine|75\/100\n|move|p1b: Flutter Mane|Thunderbolt|p2b: Azumarill\n|-supereffective|p2b: Azumarill\n|-damage|p2b: Azumarill|54\/100\n|move|p1a: Arcanine|Will-O-Wisp|p2b: Azumarill\n|-status|p2b: Azumarill|brn\n|move|p2a: Ting-Lu|Rock Slide|p1a: Arcanine|[spread] p1a,p1b\n|-supereffective|p1a: Arcanine\n|-damage|p1a: Arcanine|54\/100\n|-damage|p1b: Flutter Mane|56\/100\n|\n|-damage|p2b: Azumarill|48\/100 brn|[from] brn\n|-damage|p2a: Ting-Lu|88\/100 brn|[from] brn\n|-end|p1b: Flutter Mane|Throat Chop|[silent]\n|upkeep\n|turn|5\n|inactive|jchemmy has 30 seconds left.\n|\n|t:|1683867843\n|-end|p1b: Flutter Mane|Protosynthesis|[silent]\n|switch|p1b: Ting-Lu|Ting-Lu, L50|100\/100\n|-ability|p1b: Ting-Lu|Vessel of Ruin\n|move|p2b: Azumarill|Aqua Jet|p1b: Ting-Lu\n|-supereffective|p1b: Ting-Lu\n|-damage|p1b: Ting-Lu|86\/100\n|move|p1a: Arcanine|Howl|p1a: Arcanine|[spread] p1a,p1b\n|-boost|p1a: Arcanine|atk|1\n|-boost|p1b: Ting-Lu|atk|1\n|move|p2a: Ting-Lu|Rock Slide|p1a: Arcanine|[spread] p1b\n|-miss|p2a: Ting-Lu|p1a: Arcanine\n|-resisted|p1b: Ting-Lu\n|-damage|p1b: Ting-Lu|83\/100\n|\n|-damage|p2b: Azumarill|43\/100 brn|[from] brn\n|-damage|p2a: Ting-Lu|82\/100 brn|[from] brn\n|upkeep\n|turn|6\n|\n|t:|1683867861\n|move|p1a: Arcanine|Flare Blitz|p2a: Ting-Lu\n|-damage|p2a: Ting-Lu|27\/100 brn\n|-damage|p1a: Arcanine|29\/100|[from] Recoil\n|move|p2b: Azumarill|Liquidation|p1a: Arcanine\n|-damage|p1a: Arcanine|0 fnt\n|faint|p1a: Arcanine\n|move|p1b: Ting-Lu|Stomping Tantrum|p2b: Azumarill\n|-crit|p2b: Azumarill\n|-damage|p2b: Azumarill|0 fnt\n|faint|p2b: Azumarill\n|move|p2a: Ting-Lu|Rock Slide|p1b: Ting-Lu\n|-resisted|p1b: Ting-Lu\n|-damage|p1b: Ting-Lu|80\/100\n|\n|-damage|p2a: Ting-Lu|21\/100 brn|[from] brn\n|upkeep\n|\n|t:|1683867875\n|switch|p1a: Flutter Mane|Flutter Mane, L50|56\/100\n|switch|p2b: Arcanine|Arcanine, L50, M|100\/100\n|-ability|p2b: Arcanine|Intimidate|boost\n|-unboost|p1a: Flutter Mane|atk|1\n|-unboost|p1b: Ting-Lu|atk|1\n|turn|7\n|inactive|lmisdreavus has 30 seconds left.\n|\n|t:|1683867903\n|move|p1a: Flutter Mane|Moonblast|p2a: Ting-Lu\n|-supereffective|p2a: Ting-Lu\n|-damage|p2a: Ting-Lu|0 fnt\n|faint|p2a: Ting-Lu\n|move|p2b: Arcanine|Close Combat|p1b: Ting-Lu\n|-supereffective|p1b: Ting-Lu\n|-damage|p1b: Ting-Lu|37\/100\n|-unboost|p2b: Arcanine|def|1\n|-unboost|p2b: Arcanine|spd|1\n|move|p1b: Ting-Lu|Stomping Tantrum|p2b: Arcanine\n|-supereffective|p2b: Arcanine\n|-damage|p2b: Arcanine|0 fnt\n|faint|p2b: Arcanine\n|\n|win|jchemmy\n|raw|jchemmy's rating: 1426 → 1441<\/strong> (+15 for winning)\n|raw|lmisdreavus's rating: 1344 → 1329<\/strong> (-15 for losing)\n","uploadtime":1683867908,"views":19,"p1id":"jchemmy","p2id":"lmisdreavus","formatid":"gen9vgc2023regulationc","rating":1329,"private":0,"password":""}