{"id":"gen9vgc2023regulationc-1857976352","p1":"Bdogplatinum","p2":"RagnaC","format":"[Gen 9] VGC 2023 Regulation C","log":"|j|\u2606Bdogplatinum\n|j|\u2606RagnaC\n|t:|1683254771\n|gametype|doubles\n|player|p1|Bdogplatinum|cress|\n|player|p2|RagnaC|red|\n|teamsize|p1|6\n|teamsize|p2|6\n|gen|9\n|tier|[Gen 9] VGC 2023 Regulation C\n|rule|Species Clause: Limit one of each Pok\u00e9mon\n|rule|Item Clause: Limit one of each item\n|clearpoke\n|poke|p1|Palafin, L50, F|\n|poke|p1|Flutter Mane, L50|\n|poke|p1|Amoonguss, L50, F|\n|poke|p1|Ting-Lu, L50|\n|poke|p1|Arcanine, L50, F|\n|poke|p1|Baxcalibur, L50, F|\n|poke|p2|Palafin, L50, M|\n|poke|p2|Flutter Mane, L50|\n|poke|p2|Amoonguss, L50, F|\n|poke|p2|Chi-Yu, L50|\n|poke|p2|Iron Hands, L50|\n|poke|p2|Corviknight, L50, F|\n|teampreview|4\n|inactive|Battle timer is ON: inactive players will automatically lose when time's up. (requested by RagnaC)\nRagnaC has agreed to open team sheets.\nBdogplatinum has agreed to open team sheets.\n|j| aberen\n|inactive|RagnaC has 60 seconds left.\n|\n|t:|1683254812\n|start\n|switch|p1a: Arcanine|Arcanine, L50, F|100\/100\n|switch|p1b: Flutter Mane|Flutter Mane, L50|100\/100\n|switch|p2a: Palafin|Palafin, L50, M|100\/100\n|switch|p2b: Iron Hands|Iron Hands, L50|100\/100\n|-ability|p1a: Arcanine|Intimidate|boost\n|-unboost|p2a: Palafin|atk|1\n|-unboost|p2b: Iron Hands|atk|1\n|-enditem|p1b: Flutter Mane|Booster Energy\n|-activate|p1b: Flutter Mane|ability: Protosynthesis|[fromitem]\n|-start|p1b: Flutter Mane|protosynthesisspa\n|turn|1\n|\n|t:|1683254826\n|switch|p1a: Amoonguss|Amoonguss, L50, F|100\/100\n|detailschange|p2a: Palafin|Palafin-Hero, L50, M\n|switch|p2a: Corviknight|Corviknight, L50, F|100\/100\n|-end|p2b: Iron Hands|Quark Drive|[silent]\n|switch|p2b: Amoonguss|Amoonguss, L50, F|100\/100\n|move|p1b: Flutter Mane|Shadow Ball|p2a: Corviknight\n|-damage|p2a: Corviknight|52\/100\n|\n|upkeep\n|turn|2\n|inactive|RagnaC has 30 seconds left.\n|inactive|RagnaC has 20 seconds left.\n|\n|t:|1683254866\n|switch|p1a: Arcanine|Arcanine, L50, F|100\/100\n|-ability|p1a: Arcanine|Intimidate|boost\n|-ability|p2a: Corviknight|Mirror Armor\n|-unboost|p1a: Arcanine|atk|1\n|-unboost|p2b: Amoonguss|atk|1\n|move|p1b: Flutter Mane|Protect|p1b: Flutter Mane\n|-singleturn|p1b: Flutter Mane|Protect\n|move|p2a: Corviknight|Roost|p2a: Corviknight\n|-heal|p2a: Corviknight|100\/100\n|-singleturn|p2a: Corviknight|move: Roost\n|move|p2b: Amoonguss|Spore|p1b: Flutter Mane\n|-activate|p1b: Flutter Mane|move: Protect\n|\n|upkeep\n|turn|3\n|\n|t:|1683254885\n|-terastallize|p1b: Flutter Mane|Fairy\n|move|p1b: Flutter Mane|Moonblast|p2b: Amoonguss\n|-resisted|p2b: Amoonguss\n|-damage|p2b: Amoonguss|67\/100\n|move|p1a: Arcanine|Flare Blitz|p2b: Amoonguss\n|-supereffective|p2b: Amoonguss\n|-damage|p2b: Amoonguss|10\/100\n|-enditem|p2b: Amoonguss|Sitrus Berry|[eat]\n|-heal|p2b: Amoonguss|35\/100|[from] item: Sitrus Berry\n|-damage|p1a: Arcanine|79\/100|[from] Recoil\n|move|p2a: Corviknight|Tailwind|p2a: Corviknight\n|-sidestart|p2: RagnaC|move: Tailwind\n|move|p2b: Amoonguss|Spore|p1b: Flutter Mane\n|-status|p1b: Flutter Mane|slp|[from] move: Spore\n|\n|upkeep\n|turn|4\n|inactive|RagnaC has 30 seconds left.\n|inactive|RagnaC has 20 seconds left.\n|inactive|RagnaC has 15 seconds left.\n|inactive|RagnaC has 10 seconds left.\n|inactive|RagnaC has 5 seconds left.\n|\n|t:|1683254937\n|switch|p2b: Palafin|Palafin-Hero, L50, M|100\/100\n|-activate|p2b: Palafin|ability: Zero to Hero\n|cant|p1b: Flutter Mane|slp\n|move|p2a: Corviknight|Brave Bird|p1b: Flutter Mane\n|-damage|p1b: Flutter Mane|22\/100 slp\n|-damage|p2a: Corviknight|80\/100|[from] Recoil\n|move|p1a: Arcanine|Will-O-Wisp|p2a: Corviknight\n|-status|p2a: Corviknight|brn\n|\n|-damage|p2a: Corviknight|74\/100 brn|[from] brn\n|upkeep\n|turn|5\n|inactive|RagnaC has 30 seconds left.\n|inactive|RagnaC has 20 seconds left.\n|inactive|RagnaC has 15 seconds left.\n|inactive|RagnaC has 10 seconds left.\n|\n|t:|1683254984\n|switch|p1a: Amoonguss|Amoonguss, L50, F|100\/100\n|-terastallize|p2b: Palafin|Water\n|move|p2b: Palafin|Jet Punch|p1a: Amoonguss\n|-resisted|p1a: Amoonguss\n|-damage|p1a: Amoonguss|71\/100\n|move|p2a: Corviknight|Brave Bird|p1b: Flutter Mane\n|-damage|p1b: Flutter Mane|0 fnt\n|faint|p1b: Flutter Mane\n|-end|p1b: Flutter Mane|Protosynthesis|[silent]\n|-damage|p2a: Corviknight|69\/100 brn|[from] Recoil\n|\n|-damage|p2a: Corviknight|63\/100 brn|[from] brn\n|upkeep\n|\n|t:|1683254992\n|switch|p1b: Baxcalibur|Baxcalibur, L50, F|100\/100\n|turn|6\n|inactive|RagnaC has 30 seconds left.\n|\n|t:|1683255022\n|move|p1a: Amoonguss|Protect|p1a: Amoonguss\n|-singleturn|p1a: Amoonguss|Protect\n|move|p2b: Palafin|Wave Crash|p1a: Amoonguss\n|-activate|p1a: Amoonguss|move: Protect\n|move|p2a: Corviknight|Brave Bird|p1a: Amoonguss\n|-activate|p1a: Amoonguss|move: Protect\n|move|p1b: Baxcalibur|Glaive Rush|p2b: Palafin\n|-damage|p2b: Palafin|28\/100\n|-singlemove|p1b: Baxcalibur|Glaive Rush|[silent]\n|\n|-damage|p2a: Corviknight|57\/100 brn|[from] brn\n|-sideend|p2: RagnaC|move: Tailwind\n|upkeep\n|turn|7\n|inactive|RagnaC has 30 seconds left.\n|inactive|Bdogplatinum has 30 seconds left.\n|inactive|RagnaC has 20 seconds left.\n|\n|t:|1683255060\n|switch|p2b: Amoonguss|Amoonguss, L50, F|68\/100\n|move|p1a: Amoonguss|Rage Powder|p1a: Amoonguss\n|-singleturn|p1a: Amoonguss|move: Rage Powder\n|move|p1b: Baxcalibur|Glaive Rush|p2b: Amoonguss\n|-damage|p2b: Amoonguss|5\/100\n|-singlemove|p1b: Baxcalibur|Glaive Rush|[silent]\n|move|p2a: Corviknight|Brave Bird|p1a: Amoonguss\n|-supereffective|p1a: Amoonguss\n|-damage|p1a: Amoonguss|36\/100\n|-enditem|p1a: Amoonguss|Sitrus Berry|[eat]\n|-heal|p1a: Amoonguss|61\/100|[from] item: Sitrus Berry\n|-damage|p2a: Corviknight|43\/100 brn|[from] Recoil\n|\n|-damage|p2a: Corviknight|37\/100 brn|[from] brn\n|upkeep\n|turn|8\n|inactive|RagnaC has 30 seconds left.\n|inactive|RagnaC has 20 seconds left.\n|\n|t:|1683255097\n|switch|p2b: Iron Hands|Iron Hands, L50|100\/100\n|move|p1b: Baxcalibur|Protect|p1b: Baxcalibur\n|-singleturn|p1b: Baxcalibur|Protect\n|move|p2a: Corviknight|Brave Bird|p1b: Baxcalibur\n|-activate|p1b: Baxcalibur|move: Protect\n|move|p1a: Amoonguss|Pollen Puff|p2b: Iron Hands\n|-resisted|p2b: Iron Hands\n|-damage|p2b: Iron Hands|96\/100\n|\n|-damage|p2a: Corviknight|32\/100 brn|[from] brn\n|upkeep\n|turn|9\n|inactive|RagnaC has 30 seconds left.\n|inactive|RagnaC has 20 seconds left.\n|inactive|RagnaC has 15 seconds left.\n|\n|t:|1683255141\n|switch|p1b: Arcanine|Arcanine, L50, F|79\/100\n|-ability|p1b: Arcanine|Intimidate|boost\n|-ability|p2a: Corviknight|Mirror Armor\n|-unboost|p1b: Arcanine|atk|1\n|-unboost|p2b: Iron Hands|atk|1\n|move|p2b: Iron Hands|Fake Out|p1b: Arcanine\n|-damage|p1b: Arcanine|66\/100\n|move|p2a: Corviknight|Tailwind|p2a: Corviknight\n|-sidestart|p2: RagnaC|move: Tailwind\n|move|p1a: Amoonguss|Spore|p2b: Iron Hands\n|-status|p2b: Iron Hands|slp|[from] move: Spore\n|\n|-damage|p2a: Corviknight|26\/100 brn|[from] brn\n|upkeep\n|turn|10\n|\n|t:|1683255155\n|-end|p2b: Iron Hands|Quark Drive|[silent]\n|switch|p2b: Amoonguss|Amoonguss, L50, F|38\/100\n|move|p2a: Corviknight|Roost|p2a: Corviknight\n|-heal|p2a: Corviknight|76\/100 brn\n|-singleturn|p2a: Corviknight|move: Roost\n|move|p1b: Arcanine|Will-O-Wisp|p2b: Amoonguss\n|-status|p2b: Amoonguss|brn\n|move|p1a: Amoonguss|Pollen Puff|p1b: Arcanine\n|-heal|p1b: Arcanine|100\/100\n|\n|-damage|p2a: Corviknight|70\/100 brn|[from] brn\n|-damage|p2b: Amoonguss|32\/100 brn|[from] brn\n|upkeep\n|turn|11\n|inactive|RagnaC has 30 seconds left.\n|\n|t:|1683255189\n|switch|p2a: Palafin|Palafin-Hero, L50, M, tera:Water|28\/100\n|switch|p2b: Iron Hands|Iron Hands, L50|96\/100 slp\n|switch|p1a: Baxcalibur|Baxcalibur, L50, F|100\/100\n|move|p1b: Arcanine|Flare Blitz|p2b: Iron Hands\n|-damage|p2b: Iron Hands|73\/100 slp\n|-damage|p1b: Arcanine|91\/100|[from] Recoil\n|\n|upkeep\n|turn|12\n|\n|t:|1683255203\n|switch|p2a: Corviknight|Corviknight, L50, F|70\/100 brn\n|switch|p1b: Amoonguss|Amoonguss, L50, F|94\/100\n|cant|p2b: Iron Hands|slp\n|move|p1a: Baxcalibur|Glaive Rush|p2b: Iron Hands\n|-damage|p2b: Iron Hands|26\/100 slp\n|-singlemove|p1a: Baxcalibur|Glaive Rush|[silent]\n|\n|-damage|p2a: Corviknight|64\/100 brn|[from] brn\n|-sideend|p2: RagnaC|move: Tailwind\n|upkeep\n|turn|13\n|inactive|RagnaC has 30 seconds left.\n|inactive|RagnaC has 20 seconds left.\n|inactive|RagnaC has 15 seconds left.\n|inactive|RagnaC has 10 seconds left.\n|\n|t:|1683255250\n|-end|p2b: Iron Hands|Quark Drive|[silent]\n|switch|p2b: Amoonguss|Amoonguss, L50, F|65\/100 brn\n|switch|p1b: Arcanine|Arcanine, L50, F|91\/100\n|-ability|p1b: Arcanine|Intimidate|boost\n|-ability|p2a: Corviknight|Mirror Armor\n|-unboost|p1b: Arcanine|atk|1\n|-unboost|p2b: Amoonguss|atk|1\n|move|p1a: Baxcalibur|Glaive Rush|p2b: Amoonguss\n|-damage|p2b: Amoonguss|5\/100 brn\n|-singlemove|p1a: Baxcalibur|Glaive Rush|[silent]\n|move|p2a: Corviknight|Bulk Up|p2a: Corviknight\n|-boost|p2a: Corviknight|atk|1\n|-boost|p2a: Corviknight|def|1\n|\n|-damage|p2a: Corviknight|58\/100 brn|[from] brn\n|-damage|p2b: Amoonguss|0 fnt|[from] brn\n|faint|p2b: Amoonguss\n|upkeep\n|inactive|RagnaC has 30 seconds left.\n|\n|t:|1683255268\n|switch|p2b: Palafin|Palafin-Hero, L50, M, tera:Water|28\/100\n|turn|14\n|inactive|RagnaC has 25 seconds left this turn.\n|inactive|RagnaC has 20 seconds left.\n|inactive|RagnaC has 15 seconds left.\n|inactive|RagnaC has 10 seconds left.\n|\n|t:|1683255286\n|move|p1b: Arcanine|Protect|p1b: Arcanine\n|-singleturn|p1b: Arcanine|Protect\n|move|p2b: Palafin|Jet Punch|p1b: Arcanine\n|-activate|p1b: Arcanine|move: Protect\n|move|p1a: Baxcalibur|Glaive Rush|p2b: Palafin\n|-damage|p2b: Palafin|0 fnt\n|-singlemove|p1a: Baxcalibur|Glaive Rush|[silent]\n|faint|p2b: Palafin\n|move|p2a: Corviknight|Brave Bird|p1a: Baxcalibur\n|-damage|p1a: Baxcalibur|39\/100\n|-damage|p2a: Corviknight|35\/100 brn|[from] Recoil\n|\n|-damage|p2a: Corviknight|29\/100 brn|[from] brn\n|upkeep\n|inactive|RagnaC has 10 seconds left this turn.\n|inactive|RagnaC has 5 seconds left.\n|\n|t:|1683255292\n|switch|p2b: Iron Hands|Iron Hands, L50|26\/100 slp\n|turn|15\n|inactive|RagnaC has 5 seconds left this turn.\n|-message|RagnaC lost due to inactivity.\n|\n|win|Bdogplatinum\n|l| aberen\n","uploadtime":1683255348,"views":4,"p1id":"bdogplatinum","p2id":"ragnac","formatid":"gen9vgc2023regulationc","rating":0,"private":0,"password":""}