{"id":"gen9vgc2023regulationc-1855880229","p1":"SpadesTest","p2":"quick222","format":"[Gen 9] VGC 2023 Regulation C","log":"|j|\u2606SpadesTest\n|j|\u2606quick222\n|t:|1682995309\n|gametype|doubles\n|player|p1|SpadesTest|169|\n|player|p2|quick222|cynthia-gen4|\n|teamsize|p1|6\n|teamsize|p2|6\n|gen|9\n|tier|[Gen 9] VGC 2023 Regulation C\n|rule|Species Clause: Limit one of each Pok\u00e9mon\n|rule|Item Clause: Limit one of each item\n|clearpoke\n|poke|p1|Amoonguss, L50, F|\n|poke|p1|Palafin, L50, F|\n|poke|p1|Arcanine, L50, F|\n|poke|p1|Ting-Lu, L50|\n|poke|p1|Kingambit, L50, M|\n|poke|p1|Flutter Mane, L50|\n|poke|p2|Iron Moth, L50|\n|poke|p2|Pawmot, L50, M|\n|poke|p2|Iron Valiant, L50|\n|poke|p2|Pincurchin, L50, M|\n|poke|p2|Salamence, L50, F|\n|poke|p2|Gardevoir, L50, M|\n|teampreview|4\n|c|\u2606quick222|glhf\nquick222 rejected open team sheets.\n|\n|t:|1682995418\n|start\n|switch|p1a: Marino|Palafin, L50, F|100\/100\n|switch|p1b: Timeline|Flutter Mane, L50|100\/100\n|switch|p2a: Iron Moth|Iron Moth, L50|100\/100\n|switch|p2b: Pincurchin|Pincurchin, L50, M|100\/100\n|-fieldstart|move: Electric Terrain|[from] ability: Electric Surge|[of] p2b: Pincurchin\n|-activate|p2a: Iron Moth|ability: Quark Drive\n|-start|p2a: Iron Moth|quarkdrivespe\n|turn|1\n|\n|t:|1682995442\n|-terastallize|p2a: Iron Moth|Grass\n|-terastallize|p1a: Marino|Water\n|move|p2b: Pincurchin|Sucker Punch|p1b: Timeline\n|-damage|p1b: Timeline|69\/100\n|move|p2a: Iron Moth|Heat Wave|p1b: Timeline|[spread] p1a,p1b\n|-resisted|p1a: Marino\n|-damage|p1a: Marino|66\/100\n|-damage|p1b: Timeline|19\/100\n|move|p1b: Timeline|Shadow Ball|p2a: Iron Moth\n|-damage|p2a: Iron Moth|39\/100\n|move|p1a: Marino|Wave Crash|p2b: Pincurchin\n|-damage|p2b: Pincurchin|9\/100\n|-enditem|p2b: Pincurchin|Sitrus Berry|[eat]\n|-heal|p2b: Pincurchin|33\/100|[from] item: Sitrus Berry\n|-damage|p1a: Marino|43\/100|[from] Recoil\n|\n|upkeep\n|turn|2\n|\n|t:|1682995469\n|-end|p1b: Timeline|Protosynthesis|[silent]\n|switch|p1b: Fun Police|Arcanine, L50, F|100\/100\n|-ability|p1b: Fun Police|Intimidate|boost\n|-unboost|p2a: Iron Moth|atk|1\n|-unboost|p2b: Pincurchin|atk|1\n|move|p1a: Marino|Protect|p1a: Marino\n|-singleturn|p1a: Marino|Protect\n|move|p2a: Iron Moth|Heat Wave|p1a: Marino|[spread] p1b\n|-activate|p1a: Marino|move: Protect\n|-resisted|p1b: Fun Police\n|-damage|p1b: Fun Police|74\/100\n|move|p2b: Pincurchin|Toxic Spikes|p1b: Fun Police\n|-sidestart|p1: SpadesTest|move: Toxic Spikes\n|\n|upkeep\n|turn|3\n|\n|t:|1682995513\n|-end|p2a: Iron Moth|Quark Drive|[silent]\n|switch|p2a: Salamence|Salamence, L50, F|100\/100\n|-ability|p2a: Salamence|Intimidate|boost\n|-unboost|p1a: Marino|atk|1\n|-unboost|p1b: Fun Police|atk|1\n|detailschange|p1a: Marino|Palafin-Hero, L50, F, tera:Water\n|switch|p1a: Tiki|Ting-Lu, L50|100\/100\n|-status|p1a: Tiki|psn\n|-ability|p1a: Tiki|Vessel of Ruin\n|move|p1b: Fun Police|Flare Blitz|p2a: Salamence\n|-resisted|p2a: Salamence\n|-damage|p2a: Salamence|81\/100\n|-damage|p1b: Fun Police|68\/100|[from] Recoil\n|move|p2b: Pincurchin|Memento|p1a: Tiki\n|-unboost|p1a: Tiki|atk|2\n|-unboost|p1a: Tiki|spa|2\n|faint|p2b: Pincurchin\n|\n|-damage|p1a: Tiki|88\/100 psn|[from] psn\n|upkeep\n|\n|t:|1682995537\n|switch|p2b: Iron Valiant|Iron Valiant, L50|100\/100\n|-activate|p2b: Iron Valiant|ability: Quark Drive\n|-start|p2b: Iron Valiant|quarkdriveatk\n|turn|4\n|\n|t:|1682995588\n|move|p2b: Iron Valiant|Close Combat|p1b: Fun Police\n|-damage|p1b: Fun Police|0 fnt\n|-unboost|p2b: Iron Valiant|def|1\n|-unboost|p2b: Iron Valiant|spd|1\n|faint|p1b: Fun Police\n|-damage|p2b: Iron Valiant|91\/100|[from] item: Life Orb\n|move|p2a: Salamence|Iron Defense|p2a: Salamence\n|-boost|p2a: Salamence|def|2\n|move|p1a: Tiki|Ruination|p2b: Iron Valiant\n|-damage|p2b: Iron Valiant|46\/100\n|\n|-damage|p1a: Tiki|76\/100 psn|[from] psn\n|upkeep\n|\n|t:|1682995601\n|switch|p1b: Marino|Palafin-Hero, L50, F, tera:Water|43\/100\n|-status|p1b: Marino|psn\n|-activate|p1b: Marino|ability: Zero to Hero\n|turn|5\n|\n|t:|1682995665\n|-end|p2b: Iron Valiant|Quark Drive|[silent]\n|switch|p2b: Iron Moth|Iron Moth, L50, tera:Grass|39\/100\n|-activate|p2b: Iron Moth|ability: Quark Drive\n|-start|p2b: Iron Moth|quarkdrivespe\n|move|p1b: Marino|Jet Punch|p2b: Iron Moth\n|-resisted|p2b: Iron Moth\n|-damage|p2b: Iron Moth|0 fnt\n|faint|p2b: Iron Moth\n|-end|p2b: Iron Moth|Quark Drive|[silent]\n|move|p2a: Salamence|Dragon Pulse|p1b: Marino\n|-damage|p1b: Marino|21\/100 psn\n|move|p1a: Tiki|Ruination|p2a: Salamence\n|-damage|p2a: Salamence|41\/100\n|\n|-damage|p1b: Marino|9\/100 psn|[from] psn\n|-damage|p1a: Tiki|64\/100 psn|[from] psn\n|-fieldend|move: Electric Terrain\n|upkeep\n|\n|t:|1682995671\n|switch|p2b: Iron Valiant|Iron Valiant, L50|46\/100\n|turn|6\n|\n|t:|1682995694\n|move|p2b: Iron Valiant|Protect|p2b: Iron Valiant\n|-singleturn|p2b: Iron Valiant|Protect\n|move|p1b: Marino|Protect|p1b: Marino\n|-singleturn|p1b: Marino|Protect\n|move|p2a: Salamence|Roost|p2a: Salamence\n|-heal|p2a: Salamence|91\/100\n|-singleturn|p2a: Salamence|move: Roost\n|move|p1a: Tiki|Ruination|p2a: Salamence\n|-damage|p2a: Salamence|46\/100\n|\n|-damage|p1b: Marino|0 fnt|[from] psn\n|faint|p1b: Marino\n|-damage|p1a: Tiki|52\/100 psn|[from] psn\n|upkeep\n|\n|t:|1682995697\n|switch|p1b: Timeline|Flutter Mane, L50|19\/100\n|-status|p1b: Timeline|psn\n|turn|7\n|j| SetsukuVGC\n|\n|t:|1682995720\n|move|p2b: Iron Valiant|Spirit Break|p1b: Timeline\n|-damage|p1b: Timeline|0 fnt\n|faint|p1b: Timeline\n|-end|p1b: Timeline|Protosynthesis|[silent]\n|-damage|p2b: Iron Valiant|37\/100|[from] item: Life Orb\n|move|p2a: Salamence|Roost|p2a: Salamence\n|-heal|p2a: Salamence|96\/100\n|-singleturn|p2a: Salamence|move: Roost\n|move|p1a: Tiki|Heavy Slam|p2b: Iron Valiant\n|-supereffective|p2b: Iron Valiant\n|-damage|p2b: Iron Valiant|0 fnt\n|faint|p2b: Iron Valiant\n|-end|p2b: Iron Valiant|Quark Drive|[silent]\n|\n|-damage|p1a: Tiki|40\/100 psn|[from] psn\n|upkeep\n|turn|8\n|c|\u2606quick222|oh\n|\n|t:|1682995732\n|move|p2a: Salamence|Air Slash|p1a: Tiki\n|-damage|p1a: Tiki|30\/100 psn\n|move|p1a: Tiki|Ruination|p2a: Salamence\n|-damage|p2a: Salamence|49\/100\n|\n|-damage|p1a: Tiki|18\/100 psn|[from] psn\n|upkeep\n|turn|9\n|\n|t:|1682995737\n|move|p2a: Salamence|Roost|p2a: Salamence\n|-heal|p2a: Salamence|99\/100\n|-singleturn|p2a: Salamence|move: Roost\n|move|p1a: Tiki|Ruination|p2a: Salamence\n|-damage|p2a: Salamence|50\/100\n|\n|-damage|p1a: Tiki|6\/100 psn|[from] psn\n|upkeep\n|turn|10\n|\n|t:|1682995743\n|move|p2a: Salamence|Dragon Pulse|p1a: Tiki\n|-damage|p1a: Tiki|0 fnt\n|faint|p1a: Tiki\n|\n|win|quick222\n|c|\u2606quick222|gg\n|l|\u2606SpadesTest\n","uploadtime":1682995757,"views":18,"p1id":"spadestest","p2id":"quick222","formatid":"gen9vgc2023regulationc","rating":0,"private":0,"password":""}