{"id":"gen9vgc2023regulationc-1847749810","p1":"Gezdhzhdhs","p2":"ultramandyna","format":"[Gen 9] VGC 2023 Regulation C","log":"|j|\u2606Gezdhzhdhs\n|j|\u2606ultramandyna\n|t:|1681998755\n|gametype|doubles\n|player|p1|Gezdhzhdhs|falkner|1081\n|player|p2|ultramandyna|102|1076\n|teamsize|p1|6\n|teamsize|p2|6\n|gen|9\n|tier|[Gen 9] VGC 2023 Regulation C\n|rated|\n|rule|Species Clause: Limit one of each Pok\u00e9mon\n|rule|Item Clause: Limit one of each item\n|clearpoke\n|poke|p1|Brute Bonnet, L50|\n|poke|p1|Baxcalibur, L50, M|\n|poke|p1|Scizor, L50, M|\n|poke|p1|Pelipper, L50, M|\n|poke|p1|Palafin, L50, M|\n|poke|p1|Chien-Pao, L50|\n|poke|p2|Amoonguss, L50, M|\n|poke|p2|Ting-Lu, L50|\n|poke|p2|Palafin, L50, M|\n|poke|p2|Skeledirge, L50, M|\n|poke|p2|Wo-Chien, L50|\n|poke|p2|Haxorus, L50, M|\n|teampreview|4\n|inactive|Battle timer is ON: inactive players will automatically lose when time's up. (requested by Gezdhzhdhs)\n|inactive|Gezdhzhdhs has 60 seconds left.\n|\n|t:|1681998798\n|start\n|switch|p1a: Scizor|Scizor, L50, M, shiny|100\/100\n|switch|p1b: Palafin|Palafin, L50, M, shiny|100\/100\n|switch|p2a: Palafin|Palafin, L50, M|100\/100\n|switch|p2b: Wo-Chien|Wo-Chien, L50|100\/100\n|-ability|p2b: Wo-Chien|Tablets of Ruin\n|turn|1\n|\n|t:|1681998818\n|detailschange|p2a: Palafin|Palafin-Hero, L50, M\n|switch|p2a: Ting-Lu|Ting-Lu, L50|100\/100\n|-ability|p2a: Ting-Lu|Vessel of Ruin\n|detailschange|p1b: Palafin|Palafin-Hero, L50, M, shiny\n|switch|p1b: Brute Bonnet|Brute Bonnet, L50, shiny|100\/100\n|move|p2b: Wo-Chien|Leech Seed|p1a: Scizor\n|-start|p1a: Scizor|move: Leech Seed\n|move|p1a: Scizor|Bug Buzz|p2b: Wo-Chien\n|-supereffective|p2b: Wo-Chien\n|-damage|p2b: Wo-Chien|64\/100\n|\n|-heal|p2b: Wo-Chien|70\/100|[from] item: Leftovers\n|-damage|p1a: Scizor|88\/100|[from] Leech Seed|[of] p2b: Wo-Chien\n|-heal|p2b: Wo-Chien|83\/100|[silent]\n|upkeep\n|turn|2\n|inactive|ultramandyna has 30 seconds left.\n|\n|t:|1681998848\n|switch|p1a: Baxcalibur|Baxcalibur, L50, M, shiny|100\/100\n|move|p2b: Wo-Chien|Taunt|p1b: Brute Bonnet\n|-start|p1b: Brute Bonnet|move: Taunt\n|cant|p1b: Brute Bonnet|move: Taunt|Spore\n|move|p2a: Ting-Lu|Ruination|p1b: Brute Bonnet\n|-damage|p1b: Brute Bonnet|50\/100\n|\n|-heal|p2b: Wo-Chien|90\/100|[from] item: Leftovers\n|upkeep\n|turn|3\n|inactive|Gezdhzhdhs has 30 seconds left.\n|inactive|ultramandyna has 30 seconds left.\n|\n|t:|1681998884\n|-terastallize|p1a: Baxcalibur|Dragon\n|-terastallize|p2b: Wo-Chien|Poison\n|move|p1a: Baxcalibur|Glaive Rush|p2b: Wo-Chien\n|-damage|p2b: Wo-Chien|16\/100\n|-singlemove|p1a: Baxcalibur|Glaive Rush|[silent]\n|-damage|p1a: Baxcalibur|90\/100|[from] item: Life Orb\n|move|p2b: Wo-Chien|Leech Seed|p1a: Baxcalibur\n|-start|p1a: Baxcalibur|move: Leech Seed\n|move|p1b: Brute Bonnet|Pollen Puff|p2b: Wo-Chien\n|-resisted|p2b: Wo-Chien\n|-damage|p2b: Wo-Chien|11\/100\n|move|p2a: Ting-Lu|Ruination|p1a: Baxcalibur\n|-damage|p1a: Baxcalibur|46\/100\n|\n|-heal|p2b: Wo-Chien|18\/100|[from] item: Leftovers\n|-damage|p1a: Baxcalibur|34\/100|[from] Leech Seed|[of] p2b: Wo-Chien\n|-heal|p2b: Wo-Chien|32\/100|[silent]\n|upkeep\n|turn|4\n|inactive|Gezdhzhdhs has 30 seconds left.\n|\n|t:|1681998910\n|switch|p1a: Scizor|Scizor, L50, M, shiny|88\/100\n|move|p1b: Brute Bonnet|Sucker Punch|p2b: Wo-Chien\n|-damage|p2b: Wo-Chien|11\/100\n|move|p2b: Wo-Chien|Giga Drain|p1b: Brute Bonnet\n|-resisted|p1b: Brute Bonnet\n|-damage|p1b: Brute Bonnet|42\/100\n|-heal|p2b: Wo-Chien|16\/100|[from] drain|[of] p1b: Brute Bonnet\n|move|p2a: Ting-Lu|Ruination|p1b: Brute Bonnet\n|-damage|p1b: Brute Bonnet|21\/100\n|\n|-heal|p2b: Wo-Chien|22\/100|[from] item: Leftovers\n|-end|p1b: Brute Bonnet|move: Taunt\n|upkeep\n|turn|5\n|\n|t:|1681998935\n|move|p1a: Scizor|Bullet Punch|p2b: Wo-Chien\n|-damage|p2b: Wo-Chien|0 fnt\n|faint|p2b: Wo-Chien\n|move|p1b: Brute Bonnet|Spore|p2a: Ting-Lu\n|-status|p2a: Ting-Lu|slp|[from] move: Spore\n|cant|p2a: Ting-Lu|slp\n|\n|upkeep\n|\n|t:|1681998952\n|switch|p2b: Palafin|Palafin-Hero, L50, M|100\/100\n|-activate|p2b: Palafin|ability: Zero to Hero\n|turn|6\n|inactive|Gezdhzhdhs has 30 seconds left.\n|\n|t:|1681998978\n|move|p1b: Brute Bonnet|Rage Powder|p1b: Brute Bonnet\n|-singleturn|p1b: Brute Bonnet|move: Rage Powder\n|move|p2b: Palafin|Ice Punch|p1b: Brute Bonnet\n|-supereffective|p1b: Brute Bonnet\n|-damage|p1b: Brute Bonnet|0 fnt\n|-damage|p2b: Palafin|84\/100|[from] item: Rocky Helmet|[of] p1b: Brute Bonnet\n|faint|p1b: Brute Bonnet\n|-end|p1b: Brute Bonnet|Protosynthesis|[silent]\n|move|p1a: Scizor|Close Combat|p2b: Palafin\n|-damage|p2b: Palafin|37\/100\n|-unboost|p1a: Scizor|def|1\n|-unboost|p1a: Scizor|spd|1\n|-curestatus|p2a: Ting-Lu|slp|[msg]\n|move|p2a: Ting-Lu|Ruination|p1a: Scizor\n|-damage|p1a: Scizor|45\/100\n|\n|upkeep\n|\n|t:|1681998993\n|switch|p1b: Palafin|Palafin-Hero, L50, M, shiny|100\/100\n|-activate|p1b: Palafin|ability: Zero to Hero\n|turn|7\n|\n|t:|1681999004\n|move|p1b: Palafin|Protect|p1b: Palafin\n|-singleturn|p1b: Palafin|Protect\n|move|p2b: Palafin|Wave Crash|p1a: Scizor\n|-damage|p1a: Scizor|0 fnt\n|faint|p1a: Scizor\n|-damage|p2b: Palafin|24\/100|[from] Recoil\n|move|p2a: Ting-Lu|Ruination|p1b: Palafin\n|-activate|p1b: Palafin|move: Protect\n|\n|upkeep\n|\n|t:|1681999012\n|switch|p1a: Baxcalibur|Baxcalibur, L50, M, shiny, tera:Dragon|34\/100\n|turn|8\n|\n|t:|1681999032\n|move|p1a: Baxcalibur|Protect|p1a: Baxcalibur\n|-singleturn|p1a: Baxcalibur|Protect\n|move|p1b: Palafin|Jet Punch|p2b: Palafin\n|-resisted|p2b: Palafin\n|-damage|p2b: Palafin|0 fnt\n|faint|p2b: Palafin\n|move|p2a: Ting-Lu|Ruination|p1a: Baxcalibur\n|-activate|p1a: Baxcalibur|move: Protect\n|\n|upkeep\n|\n|t:|1681999040\n|switch|p2b: Haxorus|Haxorus, L50, M|100\/100\n|-ability|p2b: Haxorus|Mold Breaker\n|turn|9\n|inactive|Gezdhzhdhs has 30 seconds left.\n|\n|t:|1681999073\n|move|p1a: Baxcalibur|Ice Shard|p2b: Haxorus\n|-supereffective|p2b: Haxorus\n|-damage|p2b: Haxorus|40\/100\n|-damage|p1a: Baxcalibur|24\/100|[from] item: Life Orb\n|move|p1b: Palafin|Wave Crash|p2a: Ting-Lu\n|-supereffective|p2a: Ting-Lu\n|-damage|p2a: Ting-Lu|13\/100\n|-enditem|p2a: Ting-Lu|Aguav Berry|[eat]\n|-heal|p2a: Ting-Lu|46\/100|[from] item: Aguav Berry\n|-damage|p1b: Palafin|64\/100|[from] Recoil\n|move|p2b: Haxorus|Dragon Claw|p1a: Baxcalibur\n|-supereffective|p1a: Baxcalibur\n|-damage|p1a: Baxcalibur|0 fnt\n|faint|p1a: Baxcalibur\n|move|p2a: Ting-Lu|Ruination|p1b: Palafin\n|-damage|p1b: Palafin|32\/100\n|\n|upkeep\n|turn|10\n|\n|t:|1681999100\n|move|p2a: Ting-Lu|Protect|p2a: Ting-Lu\n|-singleturn|p2a: Ting-Lu|Protect\n|move|p1b: Palafin|Jet Punch|p2b: Haxorus\n|-resisted|p2b: Haxorus\n|-damage|p2b: Haxorus|14\/100\n|move|p2b: Haxorus|Dragon Claw|p1b: Palafin\n|-damage|p1b: Palafin|0 fnt\n|faint|p1b: Palafin\n|\n|win|ultramandyna\n|raw|Gezdhzhdhs's rating: 1081 → 1059<\/strong> (-22 for losing)\n|raw|ultramandyna's rating: 1076 → 1105<\/strong> (+29 for winning)\n|l|\u2606Gezdhzhdhs\n","uploadtime":1681999261,"views":5,"p1id":"gezdhzhdhs","p2id":"ultramandyna","formatid":"gen9vgc2023regulationc","rating":1059,"private":0,"password":""}