{"id":"gen9vgc2023regulationc-1864239892","p1":"sunaddicted","p2":"ZoeEEman","format":"[Gen 9] VGC 2023 Regulation C","log":"|j|\u2606sunaddicted\n|j|\u2606ZoeEEman\n|t:|1684142761\n|gametype|doubles\n|player|p1|sunaddicted|benga|1538\n|player|p2|ZoeEEman|linebacker|1432\n|teamsize|p1|6\n|teamsize|p2|6\n|gen|9\n|tier|[Gen 9] VGC 2023 Regulation C\n|rated|\n|rule|Species Clause: Limit one of each Pok\u00e9mon\n|rule|Item Clause: Limit one of each item\n|clearpoke\n|poke|p1|Chi-Yu, L50|\n|poke|p1|Gyarados, L50, M|\n|poke|p1|Amoonguss, L50, F|\n|poke|p1|Iron Hands, L50|\n|poke|p1|Iron Bundle, L50|\n|poke|p1|Flutter Mane, L50|\n|poke|p2|Quaquaval, L50, F|\n|poke|p2|Ting-Lu, L50|\n|poke|p2|Corviknight, L50, F|\n|poke|p2|Chien-Pao, L50|\n|poke|p2|Flutter Mane, L50|\n|poke|p2|Brute Bonnet, L50|\n|teampreview|4\n|inactive|Battle timer is ON: inactive players will automatically lose when time's up. (requested by ZoeEEman)\nsunaddicted has agreed to open team sheets.\nZoeEEman has agreed to open team sheets.\n|c|\u2606ZoeEEman|gl hf\n|inactive|sunaddicted has 60 seconds left.\n|inactive|ZoeEEman has 60 seconds left.\n|inactive|sunaddicted has 30 seconds left.\n|inactive|sunaddicted has 20 seconds left.\n|j| skylerundead1\n|inactive|sunaddicted has 15 seconds left.\n|j| huangshunjian\n|inactive|sunaddicted has 10 seconds left.\n|inactive|sunaddicted has 5 seconds left.\n|\n|t:|1684142848\n|start\n|switch|p1a: Iron Bundle|Iron Bundle, L50|100\/100\n|switch|p1b: Flutter Mane|Flutter Mane, L50|100\/100\n|switch|p2a: Corviknight|Corviknight, L50, F|100\/100\n|switch|p2b: Ting-Lu|Ting-Lu, L50|100\/100\n|-ability|p2b: Ting-Lu|Vessel of Ruin\n|-enditem|p1a: Iron Bundle|Booster Energy\n|-activate|p1a: Iron Bundle|ability: Quark Drive|[fromitem]\n|-start|p1a: Iron Bundle|quarkdrivespe\n|turn|1\n|inactive|sunaddicted has 30 seconds left.\n|inactive|ZoeEEman has 30 seconds left.\n|inactive|sunaddicted has 20 seconds left.\n|inactive|ZoeEEman has 20 seconds left.\n|c| skylerundead1|fissure ting-lu?\n|inactive|sunaddicted has 15 seconds left.\n|inactive|ZoeEEman has 15 seconds left.\n|inactive|sunaddicted has 10 seconds left.\n|inactive|ZoeEEman has 10 seconds left.\n|inactive|sunaddicted has 5 seconds left.\n|inactive|ZoeEEman has 5 seconds left.\n|\n|t:|1684142900\n|-end|p1b: Flutter Mane|Protosynthesis|[silent]\n|switch|p1b: Iron Hands|Iron Hands, L50|100\/100\n|-terastallize|p2b: Ting-Lu|Water\n|move|p1a: Iron Bundle|Freeze-Dry|p2b: Ting-Lu\n|-supereffective|p2b: Ting-Lu\n|-damage|p2b: Ting-Lu|78\/100\n|move|p2a: Corviknight|Iron Head|p1b: Iron Hands\n|-resisted|p1b: Iron Hands\n|-damage|p1b: Iron Hands|90\/100\n|move|p2b: Ting-Lu|Sand Tomb|p1a: Iron Bundle\n|-damage|p1a: Iron Bundle|85\/100\n|-activate|p1a: Iron Bundle|move: Sand Tomb|[of] p2b: Ting-Lu\n|\n|-damage|p1a: Iron Bundle|73\/100|[from] move: Sand Tomb|[partiallytrapped]\n|upkeep\n|turn|2\n|c| skylerundead1|wow\n|inactive|sunaddicted has 30 seconds left.\n|inactive|sunaddicted has 20 seconds left.\n|\n|t:|1684142938\n|switch|p2b: Brute Bonnet|Brute Bonnet, L50|100\/100\n|move|p1a: Iron Bundle|Freeze-Dry|p2b: Brute Bonnet\n|-supereffective|p2b: Brute Bonnet\n|-damage|p2b: Brute Bonnet|50\/100\n|move|p2a: Corviknight|Tailwind|p2a: Corviknight\n|-sidestart|p2: ZoeEEman|move: Tailwind\n|move|p1b: Iron Hands|Wild Charge|p2b: Brute Bonnet\n|-resisted|p2b: Brute Bonnet\n|-damage|p2b: Brute Bonnet|31\/100\n|-damage|p1b: Iron Hands|85\/100|[from] Recoil\n|\n|-end|p1a: Iron Bundle|Sand Tomb|[partiallytrapped]|[silent]\n|upkeep\n|turn|3\n|inactive|sunaddicted has 30 seconds left.\n|\n|t:|1684142963\n|move|p2b: Brute Bonnet|Protect|p2b: Brute Bonnet\n|-singleturn|p2b: Brute Bonnet|Protect\n|move|p1a: Iron Bundle|Freeze-Dry|p2b: Brute Bonnet\n|-activate|p2b: Brute Bonnet|move: Protect\n|move|p2a: Corviknight|Iron Head|p1a: Iron Bundle\n|-damage|p1a: Iron Bundle|40\/100\n|move|p1b: Iron Hands|Wild Charge|p2a: Corviknight\n|-supereffective|p2a: Corviknight\n|-damage|p2a: Corviknight|18\/100\n|-damage|p1b: Iron Hands|69\/100|[from] Recoil\n|\n|upkeep\n|turn|4\n|inactive|sunaddicted has 30 seconds left.\n|\n|t:|1684142994\n|switch|p2a: Ting-Lu|Ting-Lu, L50, tera:Water|78\/100\n|-ability|p2a: Ting-Lu|Vessel of Ruin\n|move|p2b: Brute Bonnet|Sucker Punch|p1a: Iron Bundle\n|-damage|p1a: Iron Bundle|8\/100\n|move|p1a: Iron Bundle|Freeze-Dry|p2b: Brute Bonnet\n|-supereffective|p2b: Brute Bonnet\n|-damage|p2b: Brute Bonnet|0 fnt\n|faint|p2b: Brute Bonnet\n|-end|p2b: Brute Bonnet|Protosynthesis|[silent]\n|move|p1b: Iron Hands|Wild Charge|p2a: Ting-Lu\n|-supereffective|p2a: Ting-Lu\n|-damage|p2a: Ting-Lu|23\/100\n|-damage|p1b: Iron Hands|55\/100|[from] Recoil\n|\n|upkeep\n|\n|t:|1684143005\n|switch|p2b: Flutter Mane|Flutter Mane, L50|100\/100\n|turn|5\n|\n|t:|1684143027\n|-end|p1b: Iron Hands|Quark Drive|[silent]\n|switch|p1b: Gyarados|Gyarados, L50, M|100\/100\n|-ability|p1b: Gyarados|Intimidate|boost\n|-unboost|p2a: Ting-Lu|atk|1\n|-unboost|p2b: Flutter Mane|atk|1\n|move|p1a: Iron Bundle|Protect|p1a: Iron Bundle\n|-singleturn|p1a: Iron Bundle|Protect\n|move|p2b: Flutter Mane|Dazzling Gleam|p1b: Gyarados|[spread] p1b\n|-activate|p1a: Iron Bundle|move: Protect\n|-damage|p1b: Gyarados|75\/100\n|move|p2a: Ting-Lu|Stomping Tantrum|p1b: Gyarados\n|-immune|p1b: Gyarados\n|\n|-sideend|p2: ZoeEEman|move: Tailwind\n|upkeep\n|turn|6\n|inactive|sunaddicted has 30 seconds left.\n|\n|t:|1684143054\n|switch|p2a: Corviknight|Corviknight, L50, F|18\/100\n|move|p1a: Iron Bundle|Icy Wind|p2b: Flutter Mane|[spread] p2b\n|-miss|p1a: Iron Bundle|p2a: Corviknight\n|-damage|p2b: Flutter Mane|85\/100\n|-unboost|p2b: Flutter Mane|spe|1\n|move|p2b: Flutter Mane|Dazzling Gleam|p1a: Iron Bundle|[spread] p1a,p1b\n|-damage|p1a: Iron Bundle|0 fnt\n|-damage|p1b: Gyarados|42\/100\n|faint|p1a: Iron Bundle\n|-end|p1a: Iron Bundle|Quark Drive|[silent]\n|move|p1b: Gyarados|Waterfall|p2b: Flutter Mane\n|-damage|p2b: Flutter Mane|21\/100\n|\n|upkeep\n|\n|t:|1684143068\n|switch|p1a: Flutter Mane|Flutter Mane, L50|100\/100\n|turn|7\n|\n|t:|1684143079\n|-end|p2b: Flutter Mane|Protosynthesis|[silent]\n|switch|p2b: Ting-Lu|Ting-Lu, L50, tera:Water|23\/100\n|-ability|p2b: Ting-Lu|Vessel of Ruin\n|-terastallize|p1a: Flutter Mane|Fairy\n|move|p1a: Flutter Mane|Dazzling Gleam|p2b: Ting-Lu|[spread] p2a,p2b\n|-resisted|p2a: Corviknight\n|-damage|p2a: Corviknight|0 fnt\n|-damage|p2b: Ting-Lu|3\/100\n|faint|p2a: Corviknight\n|-damage|p1a: Flutter Mane|91\/100|[from] item: Life Orb\n|move|p1b: Gyarados|Waterfall|p2b: Ting-Lu\n|-resisted|p2b: Ting-Lu\n|-crit|p2b: Ting-Lu\n|-damage|p2b: Ting-Lu|0 fnt\n|faint|p2b: Ting-Lu\n|\n|upkeep\n|\n|t:|1684143083\n|switch|p2b: Flutter Mane|Flutter Mane, L50|21\/100\n|turn|8\n|\n|t:|1684143102\n|move|p2b: Flutter Mane|Dazzling Gleam|p1a: Flutter Mane|[spread] p1a,p1b\n|-damage|p1a: Flutter Mane|42\/100\n|-damage|p1b: Gyarados|7\/100\n|move|p1a: Flutter Mane|Shadow Ball|p2b: Flutter Mane\n|-supereffective|p2b: Flutter Mane\n|-damage|p2b: Flutter Mane|0 fnt\n|faint|p2b: Flutter Mane\n|-end|p2b: Flutter Mane|Protosynthesis|[silent]\n|-damage|p1a: Flutter Mane|33\/100|[from] item: Life Orb\n|\n|win|sunaddicted\n|raw|sunaddicted's rating: 1538 → 1552<\/strong> (+14 for winning)\n|raw|ZoeEEman's rating: 1432 → 1418<\/strong> (-14 for losing)\n|l| huangshunjian\n|l|\u2606ZoeEEman\n|l| skylerundead1\n","uploadtime":1684145318,"views":10,"p1id":"sunaddicted","p2id":"zoeeeman","formatid":"gen9vgc2023regulationc","rating":1418,"private":0,"password":""}