{"id":"gen9vgc2023regulationc-1845576443","p1":"jcgualde2","p2":"Petuniaveloz58","format":"[Gen 9] VGC 2023 Regulation C","log":"|j|\u2606jcgualde2\n|j|\u2606Petuniaveloz58\n|t:|1681746409\n|gametype|doubles\n|player|p1|jcgualde2|101|\n|player|p2|Petuniaveloz58|170|\n|teamsize|p1|6\n|teamsize|p2|6\n|gen|9\n|tier|[Gen 9] VGC 2023 Regulation C\n|rule|Species Clause: Limit one of each Pok\u00e9mon\n|rule|Item Clause: Limit one of each item\n|clearpoke\n|poke|p1|Glimmora, L50, F|\n|poke|p1|Wo-Chien, L50|\n|poke|p1|Palafin, L50, F|\n|poke|p1|Iron Jugulis, L50|\n|poke|p1|Great Tusk, L50|\n|poke|p1|Arcanine, L50, M|\n|poke|p2|Torkoal, L50, F|\n|poke|p2|Dragonite, L50, M|\n|poke|p2|Great Tusk, L50|\n|poke|p2|Lilligant, L50, F|\n|poke|p2|Flutter Mane, L50|\n|poke|p2|Chien-Pao, L50|\n|teampreview|4\nPetuniaveloz58 has agreed to open team sheets.\n|c|\u2606jcgualde2|abrimos las 3\n|c|\u2606Petuniaveloz58|dale\njcgualde2 has agreed to open team sheets.\n|c|\u2606jcgualde2|gl!\n|c|\u2606jcgualde2|g1\n|c|\u2606Petuniaveloz58|suerte !\n|\n|t:|1681746503\n|start\n|switch|p1a: Glimmora|Glimmora, L50, F|100\/100\n|switch|p1b: Arcanine|Arcanine, L50, M|100\/100\n|switch|p2a: Torkoal|Torkoal, L50, F|100\/100\n|switch|p2b: Lilligant|Lilligant, L50, F|100\/100\n|-ability|p1b: Arcanine|Intimidate|boost\n|-unboost|p2a: Torkoal|atk|1\n|-unboost|p2b: Lilligant|atk|1\n|-weather|SunnyDay|[from] ability: Drought|[of] p2a: Torkoal\n|turn|1\n|inactive|Battle timer is ON: inactive players will automatically lose when time's up. (requested by jcgualde2)\n|inactive|jcgualde2 has 60 seconds left.\n|inactive|Petuniaveloz58 has 60 seconds left.\n|\n|t:|1681746556\n|move|p1b: Arcanine|Extreme Speed|p2a: Torkoal\n|-damage|p2a: Torkoal|85\/100\n|move|p2b: Lilligant|Sleep Powder|p1a: Glimmora\n|-status|p1a: Glimmora|slp|[from] move: Sleep Powder\n|cant|p1a: Glimmora|slp\n|move|p2a: Torkoal|Eruption|p1a: Glimmora|[spread] p1a,p1b\n|-resisted|p1a: Glimmora\n|-resisted|p1b: Arcanine\n|-damage|p1a: Glimmora|78\/100 slp\n|-damage|p1b: Arcanine|64\/100\n|\n|-weather|SunnyDay|[upkeep]\n|upkeep\n|turn|2\n|inactive|Petuniaveloz58 has 30 seconds left.\n|\n|t:|1681746582\n|switch|p2b: Dragonite|Dragonite, L50, M|100\/100\n|move|p1b: Arcanine|Flare Blitz|p2b: Dragonite\n|-resisted|p2b: Dragonite\n|-damage|p2b: Dragonite|84\/100\n|-damage|p1b: Arcanine|59\/100|[from] Recoil\n|-curestatus|p1a: Glimmora|slp|[msg]\n|move|p1a: Glimmora|Sludge Bomb|p2b: Dragonite\n|-damage|p2b: Dragonite|41\/100\n|-status|p2b: Dragonite|psn\n|-enditem|p2b: Dragonite|Lum Berry|[eat]\n|-curestatus|p2b: Dragonite|psn|[msg]\n|move|p2a: Torkoal|Eruption|p1a: Glimmora|[spread] p1a,p1b\n|-resisted|p1a: Glimmora\n|-resisted|p1b: Arcanine\n|-damage|p1a: Glimmora|53\/100\n|-damage|p1b: Arcanine|21\/100\n|\n|-weather|SunnyDay|[upkeep]\n|upkeep\n|turn|3\n|inactive|jcgualde2 has 30 seconds left.\n|inactive|Petuniaveloz58 has 30 seconds left.\n|inactive|jcgualde2 has 20 seconds left.\n|inactive|Petuniaveloz58 has 20 seconds left.\n|inactive|Petuniaveloz58 has 15 seconds left.\n|inactive|jcgualde2 has 15 seconds left.\n|inactive|Petuniaveloz58 has 10 seconds left.\n|\n|t:|1681746632\n|switch|p2a: Chien-Pao|Chien-Pao, L50|100\/100\n|-ability|p2a: Chien-Pao|Sword of Ruin\n|move|p1b: Arcanine|Protect|p1b: Arcanine\n|-singleturn|p1b: Arcanine|Protect\n|move|p2b: Dragonite|Extreme Speed|p1b: Arcanine\n|-activate|p1b: Arcanine|move: Protect\n|move|p1a: Glimmora|Mortal Spin|p2b: Dragonite|[spread] p2a,p2b\n|-damage|p2a: Chien-Pao|95\/100\n|-damage|p2b: Dragonite|36\/100\n|-status|p2a: Chien-Pao|psn\n|-status|p2b: Dragonite|psn\n|\n|-weather|SunnyDay|[upkeep]\n|-damage|p2a: Chien-Pao|83\/100 psn|[from] psn\n|-damage|p2b: Dragonite|24\/100 psn|[from] psn\n|upkeep\n|turn|4\n|inactive|Petuniaveloz58 has 30 seconds left.\n|inactive|Petuniaveloz58 has 20 seconds left.\n|inactive|Petuniaveloz58 has 15 seconds left.\n|inactive|Petuniaveloz58 has 10 seconds left.\n|\n|t:|1681746677\n|move|p1b: Arcanine|Extreme Speed|p2b: Dragonite\n|-damage|p2b: Dragonite|0 fnt\n|faint|p2b: Dragonite\n|move|p2a: Chien-Pao|Sucker Punch|p1a: Glimmora\n|-damage|p1a: Glimmora|6\/100\n|-activate|p1a: Glimmora|ability: Toxic Debris\n|-sidestart|p2: Petuniaveloz58|move: Toxic Spikes\n|move|p1a: Glimmora|Power Gem|p2a: Chien-Pao\n|-supereffective|p2a: Chien-Pao\n|-damage|p2a: Chien-Pao|0 fnt\n|faint|p2a: Chien-Pao\n|\n|-weather|SunnyDay|[upkeep]\n|upkeep\n|\n|t:|1681746686\n|switch|p2a: Lilligant|Lilligant, L50, F|100\/100\n|switch|p2b: Torkoal|Torkoal, L50, F|85\/100\n|-status|p2a: Lilligant|psn\n|-status|p2b: Torkoal|psn\n|turn|5\n|\n|t:|1681746707\n|-terastallize|p2b: Torkoal|Fire\n|move|p1b: Arcanine|Protect|p1b: Arcanine\n|-singleturn|p1b: Arcanine|Protect\n|move|p2a: Lilligant|After You|p2b: Torkoal\n|-activate|p2b: Torkoal|move: After You\n|move|p2b: Torkoal|Eruption|p1b: Arcanine|[spread] p1a\n|-activate|p1b: Arcanine|move: Protect\n|-resisted|p1a: Glimmora\n|-damage|p1a: Glimmora|0 fnt\n|faint|p1a: Glimmora\n|\n|-weather|none\n|-damage|p2a: Lilligant|88\/100 psn|[from] psn\n|-damage|p2b: Torkoal|72\/100 psn|[from] psn\n|upkeep\n|\n|t:|1681746720\n|switch|p1a: Iron Jugulis|Iron Jugulis, L50|100\/100\n|-enditem|p1a: Iron Jugulis|Booster Energy\n|-activate|p1a: Iron Jugulis|ability: Quark Drive|[fromitem]\n|-start|p1a: Iron Jugulis|quarkdrivespe\n|turn|6\n|\n|t:|1681746734\n|move|p2b: Torkoal|Protect|p2b: Torkoal\n|-singleturn|p2b: Torkoal|Protect\n|move|p1a: Iron Jugulis|Snarl|p2b: Torkoal|[spread] p2a\n|-activate|p2b: Torkoal|move: Protect\n|-damage|p2a: Lilligant|59\/100 psn\n|-unboost|p2a: Lilligant|spa|1\n|move|p2a: Lilligant|Sleep Powder|p1a: Iron Jugulis\n|-status|p1a: Iron Jugulis|slp|[from] move: Sleep Powder\n|move|p1b: Arcanine|Flare Blitz|p2a: Lilligant\n|-supereffective|p2a: Lilligant\n|-damage|p2a: Lilligant|0 fnt\n|faint|p2a: Lilligant\n|-damage|p1b: Arcanine|7\/100|[from] Recoil\n|\n|-damage|p2b: Torkoal|60\/100 psn|[from] psn\n|upkeep\n|turn|7\n|\n|t:|1681746753\n|move|p1b: Arcanine|Protect|p1b: Arcanine\n|-singleturn|p1b: Arcanine|Protect\n|cant|p1a: Iron Jugulis|slp\n|move|p2b: Torkoal|Flamethrower|p1a: Iron Jugulis\n|-damage|p1a: Iron Jugulis|31\/100 slp\n|\n|-damage|p2b: Torkoal|47\/100 psn|[from] psn\n|upkeep\n|turn|8\n|\n|t:|1681746765\n|move|p1b: Arcanine|Extreme Speed|p2b: Torkoal\n|-damage|p2b: Torkoal|33\/100 psn\n|cant|p1a: Iron Jugulis|slp\n|move|p2b: Torkoal|Flamethrower|p1a: Iron Jugulis\n|-damage|p1a: Iron Jugulis|0 fnt\n|faint|p1a: Iron Jugulis\n|-end|p1a: Iron Jugulis|Quark Drive|[silent]\n|\n|-damage|p2b: Torkoal|21\/100 psn|[from] psn\n|upkeep\n|c|\u2606Petuniaveloz58|gg\n|\n|t:|1681746773\n|switch|p1a: Great Tusk|Great Tusk, L50|100\/100\n|turn|9\n|-message|Petuniaveloz58 forfeited.\n|\n|win|jcgualde2\n|l|\u2606Petuniaveloz58\n|l|\u2606jcgualde2\n|j|\u2606Petuniaveloz58\n|player|p2|Petuniaveloz58|170\n","uploadtime":1681746789,"views":16,"p1id":"jcgualde2","p2id":"petuniaveloz58","formatid":"gen9vgc2023regulationc","rating":0,"private":0,"password":""}