{"id":"gen9vgc2023regulationc-1855870540","p1":"AceTrainerNite","p2":"shurick","format":"[Gen 9] VGC 2023 Regulation C","log":"|j|\u2606AceTrainerNite\n|j|\u2606shurick\n|t:|1682994129\n|gametype|doubles\n|player|p1|AceTrainerNite|benga|1213\n|player|p2|shurick|101|1095\n|teamsize|p1|6\n|teamsize|p2|6\n|gen|9\n|tier|[Gen 9] VGC 2023 Regulation C\n|rated|\n|rule|Species Clause: Limit one of each Pok\u00e9mon\n|rule|Item Clause: Limit one of each item\n|clearpoke\n|poke|p1|Roaring Moon, L50|\n|poke|p1|Tinkaton, L50, F|\n|poke|p1|Annihilape, L50, M|\n|poke|p1|Arcanine, L50, F|\n|poke|p1|Palafin, L50, M|\n|poke|p1|Amoonguss, L50, M|\n|poke|p2|Flutter Mane, L50|\n|poke|p2|Pawmot, L50, F|\n|poke|p2|Palafin, L50, F|\n|poke|p2|Annihilape, L50, F|\n|poke|p2|Talonflame, L50, M|\n|poke|p2|Gholdengo, L50|\n|teampreview|4\n|\n|t:|1682994177\n|start\n|switch|p1a: Ozaru|Annihilape, L50, M|100\/100\n|switch|p1b: Truffles|Amoonguss, L50, M, shiny|100\/100\n|switch|p2a: Pawmot|Pawmot, L50, F|100\/100\n|switch|p2b: Palafin|Palafin, L50, F|100\/100\n|turn|1\n|\n|t:|1682994197\n|detailschange|p2b: Palafin|Palafin-Hero, L50, F\n|switch|p2b: Talonflame|Talonflame, L50, M|100\/100\n|switch|p1b: Mochi|Arcanine, L50, F, shiny|100\/100\n|-ability|p1b: Mochi|Intimidate|boost\n|-unboost|p2a: Pawmot|atk|1\n|-unboost|p2b: Talonflame|atk|1\n|move|p2a: Pawmot|Fake Out|p1b: Mochi\n|-damage|p1b: Mochi|90\/100\n|move|p1a: Ozaru|Bulk Up|p1a: Ozaru\n|-boost|p1a: Ozaru|atk|1\n|-boost|p1a: Ozaru|def|1\n|\n|upkeep\n|turn|2\n|\n|t:|1682994241\n|move|p1a: Ozaru|Protect|p1a: Ozaru\n|-singleturn|p1a: Ozaru|Protect\n|move|p2b: Talonflame|Tailwind|p2b: Talonflame\n|-sidestart|p2: shurick|move: Tailwind\n|move|p2a: Pawmot|Double Shock|p1b: Mochi\n|-damage|p1b: Mochi|50\/100\n|-start|p2a: Pawmot|typechange|???\/Fighting|[from] move: Double Shock\n|move|p1b: Mochi|Howl|p1b: Mochi|[spread] p1a,p1b\n|-boost|p1a: Ozaru|atk|1\n|-boost|p1b: Mochi|atk|1\n|\n|upkeep\n|turn|3\n|\n|t:|1682994273\n|switch|p2a: Palafin|Palafin-Hero, L50, F|100\/100\n|-activate|p2a: Palafin|ability: Zero to Hero\n|-terastallize|p1a: Ozaru|Poison\n|move|p2b: Talonflame|Taunt|p1b: Mochi\n|-start|p1b: Mochi|move: Taunt\n|cant|p1b: Mochi|move: Taunt|Will-O-Wisp\n|move|p1a: Ozaru|Rage Fist|p2b: Talonflame\n|-damage|p2b: Talonflame|37\/100\n|\n|upkeep\n|turn|4\n|\n|t:|1682994311\n|switch|p1b: Truffles|Amoonguss, L50, M, shiny|100\/100\n|-terastallize|p2a: Palafin|Water\n|move|p2b: Talonflame|Flare Blitz|p1a: Ozaru\n|-damage|p1a: Ozaru|81\/100\n|-damage|p2b: Talonflame|29\/100|[from] Recoil\n|move|p2a: Palafin|Wave Crash|p1a: Ozaru\n|-damage|p1a: Ozaru|3\/100\n|-damage|p2a: Palafin|70\/100|[from] Recoil\n|move|p1a: Ozaru|Drain Punch|p2a: Palafin\n|-damage|p2a: Palafin|4\/100\n|-heal|p1a: Ozaru|30\/100|[from] drain|[of] p2a: Palafin\n|\n|-heal|p1a: Ozaru|36\/100|[from] item: Leftovers\n|upkeep\n|turn|5\n|inactive|Battle timer is ON: inactive players will automatically lose when time's up. (requested by AceTrainerNite)\n|\n|t:|1682994362\n|switch|p2a: Pawmot|Pawmot, L50, F|100\/100\n|switch|p1b: Mochi|Arcanine, L50, F, shiny|50\/100\n|-ability|p1b: Mochi|Intimidate|boost\n|-unboost|p2a: Pawmot|atk|1\n|-unboost|p2b: Talonflame|atk|1\n|move|p1a: Ozaru|Protect|p1a: Ozaru\n|-singleturn|p1a: Ozaru|Protect\n|move|p2b: Talonflame|Flare Blitz|p1b: Mochi\n|-resisted|p1b: Mochi\n|-damage|p1b: Mochi|38\/100\n|-damage|p2b: Talonflame|23\/100|[from] Recoil\n|\n|-heal|p1a: Ozaru|43\/100|[from] item: Leftovers\n|-sideend|p2: shurick|move: Tailwind\n|upkeep\n|turn|6\n|inactive|AceTrainerNite has 30 seconds left.\n|\n|t:|1682994391\n|move|p2a: Pawmot|Fake Out|p1a: Ozaru\n|-damage|p1a: Ozaru|37\/100\n|move|p2b: Talonflame|Tailwind|p2b: Talonflame\n|-sidestart|p2: shurick|move: Tailwind\n|move|p1b: Mochi|Flare Blitz|p2b: Talonflame\n|-resisted|p2b: Talonflame\n|-damage|p2b: Talonflame|0 fnt\n|faint|p2b: Talonflame\n|-damage|p1b: Mochi|32\/100|[from] Recoil\n|cant|p1a: Ozaru|flinch\n|\n|-heal|p1a: Ozaru|43\/100|[from] item: Leftovers\n|upkeep\n|\n|t:|1682994399\n|switch|p2b: Palafin|Palafin-Hero, L50, F, tera:Water|4\/100\n|turn|7\n|\n|t:|1682994418\n|move|p2b: Palafin|Protect|p2b: Palafin\n|-singleturn|p2b: Palafin|Protect\n|move|p1a: Ozaru|Protect|p1a: Ozaru\n|-singleturn|p1a: Ozaru|Protect\n|move|p2a: Pawmot|Double Shock|p1b: Mochi\n|-damage|p1b: Mochi|0 fnt\n|-start|p2a: Pawmot|typechange|???\/Fighting|[from] move: Double Shock\n|faint|p1b: Mochi\n|\n|-heal|p1a: Ozaru|49\/100|[from] item: Leftovers\n|upkeep\n|\n|t:|1682994433\n|switch|p1b: BONK|Tinkaton, L50, F|100\/100\n|-ability|p1b: BONK|Mold Breaker\n|turn|8\n|\n|t:|1682994448\n|switch|p2b: Annihilape|Annihilape, L50, F|100\/100\n|move|p1b: BONK|Fake Out|p2b: Annihilape\n|-immune|p2b: Annihilape\n|move|p2a: Pawmot|Revival Blessing|p2a: Pawmot\n|\n|t:|1682994453\n|-heal|p2: Talonflame|50\/100|[from] move: Revival Blessing\n|move|p1a: Ozaru|Drain Punch|p2a: Pawmot\n|-enditem|p2a: Pawmot|Focus Sash\n|-damage|p2a: Pawmot|1\/100\n|-heal|p1a: Ozaru|84\/100|[from] drain|[of] p2a: Pawmot\n|\n|-heal|p1a: Ozaru|90\/100|[from] item: Leftovers\n|upkeep\n|turn|9\n|inactive|AceTrainerNite has 30 seconds left.\n|inactive|AceTrainerNite has 20 seconds left.\n|\n|t:|1682994489\n|move|p2b: Annihilape|Protect|p2b: Annihilape\n|-singleturn|p2b: Annihilape|Protect\n|move|p2a: Pawmot|Mach Punch|p1b: BONK\n|-damage|p1b: BONK|83\/100\n|move|p1b: BONK|Gigaton Hammer|p2a: Pawmot\n|-damage|p2a: Pawmot|0 fnt\n|faint|p2a: Pawmot\n|move|p1a: Ozaru|Rage Fist|p2b: Annihilape\n|-activate|p2b: Annihilape|move: Protect\n|\n|-heal|p1a: Ozaru|96\/100|[from] item: Leftovers\n|-sideend|p2: shurick|move: Tailwind\n|upkeep\n|\n|t:|1682994499\n|switch|p2a: Palafin|Palafin-Hero, L50, F, tera:Water|4\/100\n|turn|10\n|inactive|AceTrainerNite has 30 seconds left.\n|inactive|AceTrainerNite has 20 seconds left.\n|\n|t:|1682994537\n|move|p1b: BONK|Protect|p1b: BONK\n|-singleturn|p1b: BONK|Protect\n|move|p2a: Palafin|Wave Crash|p1b: BONK\n|-activate|p1b: BONK|move: Protect\n|move|p2b: Annihilape|Bulk Up|p2b: Annihilape\n|-boost|p2b: Annihilape|atk|1\n|-boost|p2b: Annihilape|def|1\n|move|p1a: Ozaru|Rage Fist|p2b: Annihilape\n|-supereffective|p2b: Annihilape\n|-damage|p2b: Annihilape|0 fnt\n|faint|p2b: Annihilape\n|\n|-heal|p1a: Ozaru|100\/100|[from] item: Leftovers\n|upkeep\n|\n|t:|1682994540\n|switch|p2b: Talonflame|Talonflame, L50, M|50\/100\n|turn|11\n|\n|t:|1682994565\n|switch|p1b: Truffles|Amoonguss, L50, M, shiny|100\/100\n|move|p1a: Ozaru|Protect|p1a: Ozaru\n|-singleturn|p1a: Ozaru|Protect\n|move|p2b: Talonflame|Brave Bird|p1a: Ozaru\n|-activate|p1a: Ozaru|move: Protect\n|move|p2a: Palafin|Wave Crash|p1a: Ozaru\n|-activate|p1a: Ozaru|move: Protect\n|\n|upkeep\n|turn|12\n|\n|t:|1682994580\n|move|p2a: Palafin|Protect|p2a: Palafin\n|-singleturn|p2a: Palafin|Protect\n|move|p1b: Truffles|Rage Powder|p1b: Truffles\n|-singleturn|p1b: Truffles|move: Rage Powder\n|move|p2b: Talonflame|Flare Blitz|p1b: Truffles\n|-supereffective|p1b: Truffles\n|-damage|p1b: Truffles|27\/100\n|-enditem|p1b: Truffles|Sitrus Berry|[eat]\n|-heal|p1b: Truffles|52\/100|[from] item: Sitrus Berry\n|-damage|p2b: Talonflame|16\/100|[from] Recoil\n|move|p1a: Ozaru|Rage Fist|p2b: Talonflame\n|-damage|p2b: Talonflame|0 fnt\n|faint|p2b: Talonflame\n|\n|upkeep\n|turn|13\n|-message|shurick forfeited.\n|\n|win|AceTrainerNite\n|raw|AceTrainerNite's rating: 1213 → 1230<\/strong> (+17 for winning)\n|raw|shurick's rating: 1095 → 1079<\/strong> (-16 for losing)\n|l|\u2606shurick\n","uploadtime":1682994630,"views":14,"p1id":"acetrainernite","p2id":"shurick","formatid":"gen9vgc2023regulationc","rating":1079,"private":0,"password":""}