{"id":"gen9vgc2023regulationc-1848143220","p1":"nicobnvoVGC","p2":"MarioOnPS4","format":"[Gen 9] VGC 2023 Regulation C","log":"|j|\u2606nicobnvoVGC\n|j|\u2606MarioOnPS4\n|t:|1682034741\n|gametype|doubles\n|player|p1|nicobnvoVGC|169|1251\n|player|p2|MarioOnPS4|cyrus|1338\n|teamsize|p1|6\n|teamsize|p2|6\n|gen|9\n|tier|[Gen 9] VGC 2023 Regulation C\n|rated|\n|rule|Species Clause: Limit one of each Pok\u00e9mon\n|rule|Item Clause: Limit one of each item\n|clearpoke\n|poke|p1|Wo-Chien, L50|\n|poke|p1|Glimmora, L50, F|\n|poke|p1|Gyarados, L50, F|\n|poke|p1|Salazzle, L50, F|\n|poke|p1|Flutter Mane, L50|\n|poke|p1|Dragonite, L50, F|\n|poke|p2|Orthworm, L50, F|\n|poke|p2|Iron Hands, L50|\n|poke|p2|Ting-Lu, L50|\n|poke|p2|Palafin, L50, M|\n|poke|p2|Arcanine, L50, M|\n|poke|p2|Gothitelle, L50, F|\n|teampreview|4\n|inactive|Battle timer is ON: inactive players will automatically lose when time's up. (requested by MarioOnPS4)\n|inactive|nicobnvoVGC also wants the timer to be on.\n|inactive|MarioOnPS4 has 60 seconds left.\n|\n|t:|1682034783\n|start\n|switch|p1a: Salazzle|Salazzle, L50, F|100\/100\n|switch|p1b: Flutter Mane|Flutter Mane, L50|100\/100\n|switch|p2a: Gothitelle|Gothitelle, L50, F|100\/100\n|switch|p2b: Orthworm|Orthworm, L50, F|100\/100\n|-enditem|p1b: Flutter Mane|Booster Energy\n|-activate|p1b: Flutter Mane|ability: Protosynthesis|[fromitem]\n|-start|p1b: Flutter Mane|protosynthesisspa\n|turn|1\n|inactive|MarioOnPS4 has 30 seconds left.\n|\n|t:|1682034812\n|move|p2b: Orthworm|Protect|p2b: Orthworm\n|-singleturn|p2b: Orthworm|Protect\n|move|p1a: Salazzle|Fake Out|p2b: Orthworm\n|-activate|p2b: Orthworm|move: Protect\n|move|p1b: Flutter Mane|Hex|p2a: Gothitelle\n|-supereffective|p2a: Gothitelle\n|-damage|p2a: Gothitelle|35\/100\n|move|p2a: Gothitelle|Trick Room|p2a: Gothitelle\n|-fieldstart|move: Trick Room|[of] p2a: Gothitelle\n|\n|upkeep\n|turn|2\n|inactive|nicobnvoVGC has 30 seconds left.\n|\n|t:|1682034840\n|move|p1b: Flutter Mane|Protect|p1b: Flutter Mane\n|-singleturn|p1b: Flutter Mane|Protect\n|move|p2b: Orthworm|Heavy Slam|p1b: Flutter Mane\n|-activate|p1b: Flutter Mane|move: Protect\n|move|p2a: Gothitelle|Psychic|p1a: Salazzle\n|-supereffective|p1a: Salazzle\n|-damage|p1a: Salazzle|11\/100\n|move|p1a: Salazzle|Encore|p2a: Gothitelle\n|-start|p2a: Gothitelle|Encore\n|\n|upkeep\n|turn|3\n|\n|t:|1682034859\n|-end|p1b: Flutter Mane|Protosynthesis|[silent]\n|switch|p1b: Gyarados|Gyarados, L50, F|100\/100\n|-ability|p1b: Gyarados|Intimidate|boost\n|-unboost|p2a: Gothitelle|atk|1\n|-unboost|p2b: Orthworm|atk|1\n|move|p2b: Orthworm|Heavy Slam|p1b: Gyarados\n|-resisted|p1b: Gyarados\n|-crit|p1b: Gyarados\n|-damage|p1b: Gyarados|91\/100\n|move|p2a: Gothitelle|Psychic|p1a: Salazzle\n|-supereffective|p1a: Salazzle\n|-damage|p1a: Salazzle|0 fnt\n|faint|p1a: Salazzle\n|\n|upkeep\n|\n|t:|1682034870\n|switch|p1a: Wo-Chien|Wo-Chien, L50|100\/100\n|-ability|p1a: Wo-Chien|Tablets of Ruin\n|turn|4\n|inactive|MarioOnPS4 has 30 seconds left.\n|\n|t:|1682034901\n|move|p2b: Orthworm|Protect|p2b: Orthworm\n|-singleturn|p2b: Orthworm|Protect\n|move|p2a: Gothitelle|Psychic|p1b: Gyarados\n|-damage|p1b: Gyarados|69\/100\n|-unboost|p1b: Gyarados|spd|1\n|move|p1a: Wo-Chien|Leech Seed|p2a: Gothitelle\n|-start|p2a: Gothitelle|move: Leech Seed\n|move|p1b: Gyarados|Taunt|p2b: Orthworm\n|-activate|p2b: Orthworm|move: Protect\n|\n|-damage|p2a: Gothitelle|23\/100|[from] Leech Seed|[of] p1a: Wo-Chien\n|upkeep\n|turn|5\n|inactive|nicobnvoVGC has 30 seconds left.\n|inactive|MarioOnPS4 has 30 seconds left.\n|\n|t:|1682034933\n|move|p2b: Orthworm|Shed Tail|p2b: Orthworm\n|-start|p2b: Orthworm|Substitute|[from] move: Shed Tail\n|-damage|p2b: Orthworm|50\/100\n|-enditem|p2b: Orthworm|Sitrus Berry|[eat]\n|-heal|p2b: Orthworm|75\/100|[from] item: Sitrus Berry\n|\n|t:|1682034935\n|switch|p2b: Iron Hands|Iron Hands, L50|100\/100|[from] Shed Tail\n|move|p2a: Gothitelle|Psychic|p1b: Gyarados\n|-damage|p1b: Gyarados|33\/100\n|-enditem|p1b: Gyarados|Sitrus Berry|[eat]\n|-heal|p1b: Gyarados|58\/100|[from] item: Sitrus Berry\n|move|p1a: Wo-Chien|Foul Play|p2a: Gothitelle\n|-supereffective|p2a: Gothitelle\n|-enditem|p2a: Gothitelle|Colbur Berry|[eat]\n|-enditem|p2a: Gothitelle|Colbur Berry|[weaken]\n|-damage|p2a: Gothitelle|12\/100\n|move|p1b: Gyarados|Waterfall|p2a: Gothitelle\n|-damage|p2a: Gothitelle|0 fnt\n|faint|p2a: Gothitelle\n|\n|-fieldend|move: Trick Room\n|upkeep\n|\n|t:|1682034957\n|switch|p2a: Orthworm|Orthworm, L50, F|75\/100\n|turn|6\n|\n|t:|1682034972\n|move|p1b: Gyarados|Taunt|p2a: Orthworm\n|-start|p2a: Orthworm|move: Taunt\n|move|p1a: Wo-Chien|Foul Play|p2b: Iron Hands\n|-resisted|p2b: Iron Hands\n|-end|p2b: Iron Hands|Substitute\n|cant|p2a: Orthworm|move: Taunt|Shed Tail\n|move|p2b: Iron Hands|Wild Charge|p1b: Gyarados\n|-supereffective|p1b: Gyarados\n|-damage|p1b: Gyarados|0 fnt\n|faint|p1b: Gyarados\n|-damage|p2b: Iron Hands|89\/100|[from] Recoil\n|\n|-heal|p2b: Iron Hands|95\/100|[from] item: Leftovers\n|upkeep\n|\n|t:|1682034984\n|switch|p1b: Flutter Mane|Flutter Mane, L50|100\/100\n|turn|7\n|\n|t:|1682034999\n|-end|p2b: Iron Hands|Quark Drive|[silent]\n|switch|p2b: Arcanine|Arcanine, L50, M|100\/100\n|-ability|p2b: Arcanine|Intimidate|boost\n|-unboost|p1a: Wo-Chien|atk|1\n|-unboost|p1b: Flutter Mane|atk|1\n|move|p1b: Flutter Mane|Moonblast|p2b: Arcanine\n|-resisted|p2b: Arcanine\n|-damage|p2b: Arcanine|78\/100\n|move|p1a: Wo-Chien|Foul Play|p2b: Arcanine\n|-damage|p2b: Arcanine|33\/100\n|move|p2a: Orthworm|Heavy Slam|p1b: Flutter Mane\n|-supereffective|p1b: Flutter Mane\n|-damage|p1b: Flutter Mane|1\/100\n|\n|upkeep\n|turn|8\n|inactive|nicobnvoVGC has 30 seconds left.\n|inactive|MarioOnPS4 has 30 seconds left.\n|inactive|nicobnvoVGC has 20 seconds left.\n|inactive|MarioOnPS4 has 20 seconds left.\n|inactive|MarioOnPS4 has 15 seconds left.\n|\n|t:|1682035041\n|move|p1b: Flutter Mane|Hex|p2b: Arcanine\n|-damage|p2b: Arcanine|0 fnt\n|faint|p2b: Arcanine\n|move|p1a: Wo-Chien|Leech Seed|p2a: Orthworm\n|-start|p2a: Orthworm|move: Leech Seed\n|move|p2a: Orthworm|Heavy Slam|p1b: Flutter Mane\n|-supereffective|p1b: Flutter Mane\n|-damage|p1b: Flutter Mane|0 fnt\n|faint|p1b: Flutter Mane\n|-end|p1b: Flutter Mane|Protosynthesis|[silent]\n|\n|-damage|p2a: Orthworm|63\/100|[from] Leech Seed|[of] p1a: Wo-Chien\n|-end|p2a: Orthworm|move: Taunt\n|upkeep\n|\n|t:|1682035046\n|switch|p2b: Iron Hands|Iron Hands, L50|95\/100\n|turn|9\n|\n|t:|1682035056\n|move|p2a: Orthworm|Helping Hand|p2b: Iron Hands\n|-singleturn|p2b: Iron Hands|Helping Hand|[of] p2a: Orthworm\n|move|p1a: Wo-Chien|Leech Seed|p2b: Iron Hands\n|-start|p2b: Iron Hands|move: Leech Seed\n|move|p2b: Iron Hands|Drain Punch|p1a: Wo-Chien\n|-supereffective|p1a: Wo-Chien\n|-damage|p1a: Wo-Chien|15\/100\n|-heal|p2b: Iron Hands|100\/100|[from] drain|[of] p1a: Wo-Chien\n|\n|-heal|p1a: Wo-Chien|21\/100|[from] item: Leftovers\n|-damage|p2a: Orthworm|50\/100|[from] Leech Seed|[of] p1a: Wo-Chien\n|-heal|p1a: Wo-Chien|33\/100|[silent]\n|-damage|p2b: Iron Hands|88\/100|[from] Leech Seed|[of] p1a: Wo-Chien\n|-heal|p1a: Wo-Chien|49\/100|[silent]\n|upkeep\n|turn|10\n|\n|t:|1682035068\n|move|p2a: Orthworm|Helping Hand|p2b: Iron Hands\n|-singleturn|p2b: Iron Hands|Helping Hand|[of] p2a: Orthworm\n|move|p1a: Wo-Chien|Protect|p1a: Wo-Chien\n|-singleturn|p1a: Wo-Chien|Protect\n|move|p2b: Iron Hands|Drain Punch|p1a: Wo-Chien\n|-activate|p1a: Wo-Chien|move: Protect\n|\n|-heal|p1a: Wo-Chien|55\/100|[from] item: Leftovers\n|-heal|p2b: Iron Hands|94\/100|[from] item: Leftovers\n|-damage|p2a: Orthworm|38\/100|[from] Leech Seed|[of] p1a: Wo-Chien\n|-heal|p1a: Wo-Chien|67\/100|[silent]\n|-damage|p2b: Iron Hands|82\/100|[from] Leech Seed|[of] p1a: Wo-Chien\n|-heal|p1a: Wo-Chien|83\/100|[silent]\n|upkeep\n|turn|11\n|\n|t:|1682035084\n|-terastallize|p1a: Wo-Chien|Water\n|move|p2a: Orthworm|Helping Hand|p2b: Iron Hands\n|-singleturn|p2b: Iron Hands|Helping Hand|[of] p2a: Orthworm\n|move|p1a: Wo-Chien|Foul Play|p2b: Iron Hands\n|-resisted|p2b: Iron Hands\n|-damage|p2b: Iron Hands|65\/100\n|move|p2b: Iron Hands|Drain Punch|p1a: Wo-Chien\n|-crit|p1a: Wo-Chien\n|-damage|p1a: Wo-Chien|21\/100\n|-heal|p2b: Iron Hands|89\/100|[from] drain|[of] p1a: Wo-Chien\n|\n|-heal|p1a: Wo-Chien|28\/100|[from] item: Leftovers\n|-heal|p2b: Iron Hands|95\/100|[from] item: Leftovers\n|-damage|p2a: Orthworm|25\/100|[from] Leech Seed|[of] p1a: Wo-Chien\n|-heal|p1a: Wo-Chien|39\/100|[silent]\n|-damage|p2b: Iron Hands|82\/100|[from] Leech Seed|[of] p1a: Wo-Chien\n|-heal|p1a: Wo-Chien|55\/100|[silent]\n|upkeep\n|turn|12\n|\n|t:|1682035100\n|move|p2a: Orthworm|Helping Hand|p2b: Iron Hands\n|-singleturn|p2b: Iron Hands|Helping Hand|[of] p2a: Orthworm\n|move|p1a: Wo-Chien|Protect|p1a: Wo-Chien\n|-singleturn|p1a: Wo-Chien|Protect\n|move|p2b: Iron Hands|Wild Charge|p1a: Wo-Chien\n|-activate|p1a: Wo-Chien|move: Protect\n|\n|-heal|p1a: Wo-Chien|61\/100|[from] item: Leftovers\n|-heal|p2b: Iron Hands|88\/100|[from] item: Leftovers\n|-damage|p2a: Orthworm|13\/100|[from] Leech Seed|[of] p1a: Wo-Chien\n|-heal|p1a: Wo-Chien|73\/100|[silent]\n|-damage|p2b: Iron Hands|76\/100|[from] Leech Seed|[of] p1a: Wo-Chien\n|-heal|p1a: Wo-Chien|89\/100|[silent]\n|upkeep\n|turn|13\n|\n|t:|1682035116\n|move|p2a: Orthworm|Helping Hand|p2b: Iron Hands\n|-singleturn|p2b: Iron Hands|Helping Hand|[of] p2a: Orthworm\n|move|p1a: Wo-Chien|Protect|p1a: Wo-Chien\n|-singleturn|p1a: Wo-Chien|Protect\n|move|p2b: Iron Hands|Wild Charge|p1a: Wo-Chien\n|-activate|p1a: Wo-Chien|move: Protect\n|\n|-heal|p1a: Wo-Chien|95\/100|[from] item: Leftovers\n|-heal|p2b: Iron Hands|82\/100|[from] item: Leftovers\n|-damage|p2a: Orthworm|0 fnt|[from] Leech Seed|[of] p1a: Wo-Chien\n|-heal|p1a: Wo-Chien|100\/100|[silent]\n|faint|p2a: Orthworm\n|-damage|p2b: Iron Hands|69\/100|[from] Leech Seed|[of] p1a: Wo-Chien\n|upkeep\n|turn|14\n|\n|t:|1682035133\n|move|p1a: Wo-Chien|Foul Play|p2b: Iron Hands\n|-resisted|p2b: Iron Hands\n|-damage|p2b: Iron Hands|51\/100\n|move|p2b: Iron Hands|Wild Charge|p1a: Wo-Chien\n|-supereffective|p1a: Wo-Chien\n|-damage|p1a: Wo-Chien|37\/100\n|-damage|p2b: Iron Hands|39\/100|[from] Recoil\n|\n|-heal|p1a: Wo-Chien|43\/100|[from] item: Leftovers\n|-heal|p2b: Iron Hands|45\/100|[from] item: Leftovers\n|-damage|p2b: Iron Hands|33\/100|[from] Leech Seed|[of] p1a: Wo-Chien\n|-heal|p1a: Wo-Chien|59\/100|[silent]\n|upkeep\n|turn|15\n|\n|t:|1682035151\n|move|p1a: Wo-Chien|Protect|p1a: Wo-Chien\n|-singleturn|p1a: Wo-Chien|Protect\n|move|p2b: Iron Hands|Drain Punch|p1a: Wo-Chien\n|-activate|p1a: Wo-Chien|move: Protect\n|\n|-heal|p1a: Wo-Chien|66\/100|[from] item: Leftovers\n|-heal|p2b: Iron Hands|39\/100|[from] item: Leftovers\n|-damage|p2b: Iron Hands|26\/100|[from] Leech Seed|[of] p1a: Wo-Chien\n|-heal|p1a: Wo-Chien|82\/100|[silent]\n|upkeep\n|turn|16\n|\n|t:|1682035162\n|move|p1a: Wo-Chien|Foul Play|p2b: Iron Hands\n|-resisted|p2b: Iron Hands\n|-damage|p2b: Iron Hands|9\/100\n|move|p2b: Iron Hands|Wild Charge|p1a: Wo-Chien\n|-supereffective|p1a: Wo-Chien\n|-damage|p1a: Wo-Chien|15\/100\n|-damage|p2b: Iron Hands|0 fnt|[from] Recoil\n|faint|p2b: Iron Hands\n|-end|p2b: Iron Hands|Quark Drive|[silent]\n|\n|win|nicobnvoVGC\n|raw|nicobnvoVGC's rating: 1251 → 1282<\/strong> (+31 for winning)\n|raw|MarioOnPS4's rating: 1338 → 1313<\/strong> (-25 for losing)\n|l|\u2606MarioOnPS4\n|l|\u2606nicobnvoVGC\n|j|\u2606MarioOnPS4\n|player|p2|MarioOnPS4|cyrus\n","uploadtime":1682035195,"views":5,"p1id":"nicobnvovgc","p2id":"marioonps4","formatid":"gen9vgc2023regulationc","rating":1282,"private":0,"password":""}