{"id":"gen9vgc2023regulationc-1854190758","p1":"slowrush","p2":"Alaskan_fisher","format":"[Gen 9] VGC 2023 Regulation C","log":"|j|\u2606slowrush\n|j|\u2606Alaskan_fisher\n|t:|1682781737\n|gametype|doubles\n|player|p1|slowrush|scientist|1291\n|player|p2|Alaskan_fisher|fisherman-gen4|1398\n|teamsize|p1|6\n|teamsize|p2|6\n|gen|9\n|tier|[Gen 9] VGC 2023 Regulation C\n|rated|\n|rule|Species Clause: Limit one of each Pok\u00e9mon\n|rule|Item Clause: Limit one of each item\n|clearpoke\n|poke|p1|Lycanroc, L50, M|\n|poke|p1|Tyranitar, L50, M|\n|poke|p1|Kilowattrel, L50, M|\n|poke|p1|Garchomp, L50, M|\n|poke|p1|Iron Bundle, L50|\n|poke|p1|Flutter Mane, L50|\n|poke|p2|Iron Hands, L50|\n|poke|p2|Palafin, L50, F|\n|poke|p2|Arcanine, L50, M|\n|poke|p2|Flutter Mane, L50|\n|poke|p2|Chi-Yu, L50|\n|poke|p2|Amoonguss, L50, F|\n|teampreview|4\n|j| PunkCharizard\nAlaskan_fisher has agreed to open team sheets.\n|inactive|Battle timer is ON: inactive players will automatically lose when time's up. (requested by slowrush)\nslowrush has agreed to open team sheets.\n|inactive|Alaskan_fisher has 60 seconds left.\n|\n|t:|1682781835\n|start\n|switch|p1a: Garchomp|Garchomp, L50, M|100\/100\n|switch|p1b: Kilowattrel|Kilowattrel, L50, M|100\/100\n|switch|p2a: Palafin|Palafin, L50, F|100\/100\n|switch|p2b: Arcanine|Arcanine, L50, M|100\/100\n|-ability|p2b: Arcanine|Intimidate|boost\n|-unboost|p1a: Garchomp|atk|1\n|-unboost|p1b: Kilowattrel|atk|1\n|-ability|p1b: Kilowattrel|Competitive|boost\n|-boost|p1b: Kilowattrel|spa|2\n|turn|1\n|inactive|Alaskan_fisher has 30 seconds left.\n|\n|t:|1682781867\n|detailschange|p2a: Palafin|Palafin-Hero, L50, F\n|switch|p2a: Amoonguss|Amoonguss, L50, F|100\/100\n|-terastallize|p2b: Arcanine|Grass\n|move|p1b: Kilowattrel|Air Slash|p2b: Arcanine\n|-supereffective|p2b: Arcanine\n|-damage|p2b: Arcanine|0 fnt\n|faint|p2b: Arcanine\n|move|p1a: Garchomp|Earthquake|p2a: Amoonguss|[spread] p2a\n|-immune|p1b: Kilowattrel\n|-damage|p2a: Amoonguss|77\/100\n|-damage|p1a: Garchomp|91\/100|[from] item: Life Orb\n|\n|upkeep\n|inactive|Alaskan_fisher has 30 seconds left.\n|inactive|Alaskan_fisher has 20 seconds left.\n|inactive|Alaskan_fisher has 15 seconds left.\n|\n|t:|1682781910\n|switch|p2b: Palafin|Palafin-Hero, L50, F|100\/100\n|-activate|p2b: Palafin|ability: Zero to Hero\n|turn|2\n|l| PunkCharizard\n|\n|t:|1682781923\n|move|p1b: Kilowattrel|Protect|p1b: Kilowattrel\n|-singleturn|p1b: Kilowattrel|Protect\n|move|p2b: Palafin|Protect|p2b: Palafin\n|-singleturn|p2b: Palafin|Protect\n|move|p1a: Garchomp|Earthquake|p2a: Amoonguss|[spread] p2a\n|-activate|p1b: Kilowattrel|move: Protect\n|-activate|p2b: Palafin|move: Protect\n|-damage|p2a: Amoonguss|54\/100\n|-damage|p1a: Garchomp|81\/100|[from] item: Life Orb\n|move|p2a: Amoonguss|Spore|p1b: Kilowattrel\n|-activate|p1b: Kilowattrel|move: Protect\n|\n|upkeep\n|turn|3\n|\n|t:|1682781939\n|move|p2b: Palafin|Jet Punch|p1b: Kilowattrel\n|-damage|p1b: Kilowattrel|29\/100\n|move|p1b: Kilowattrel|Discharge|p2b: Palafin|[spread] p2a,p2b\n|-immune|p1a: Garchomp\n|-resisted|p2a: Amoonguss\n|-supereffective|p2b: Palafin\n|-damage|p2a: Amoonguss|35\/100\n|-damage|p2b: Palafin|27\/100\n|-enditem|p2a: Amoonguss|Sitrus Berry|[eat]\n|-heal|p2a: Amoonguss|60\/100|[from] item: Sitrus Berry\n|move|p1a: Garchomp|Stomping Tantrum|p2b: Palafin\n|-damage|p2b: Palafin|0 fnt\n|faint|p2b: Palafin\n|-damage|p1a: Garchomp|71\/100|[from] item: Life Orb\n|move|p2a: Amoonguss|Spore|p1a: Garchomp\n|-status|p1a: Garchomp|slp|[from] move: Spore\n|\n|upkeep\n|inactive|Alaskan_fisher has 30 seconds left.\n|inactive|Alaskan_fisher has 20 seconds left.\n|inactive|Alaskan_fisher has 15 seconds left.\n|inactive|Alaskan_fisher has 10 seconds left.\n|\n|t:|1682781985\n|switch|p2b: Flutter Mane|Flutter Mane, L50|100\/100\n|turn|4\n|\n|t:|1682781993\n|-terastallize|p1a: Garchomp|Steel\n|move|p1b: Kilowattrel|Protect|p1b: Kilowattrel\n|-singleturn|p1b: Kilowattrel|Protect\n|move|p2b: Flutter Mane|Dazzling Gleam|p1a: Garchomp|[spread] p1a\n|-activate|p1b: Kilowattrel|move: Protect\n|-resisted|p1a: Garchomp\n|-damage|p1a: Garchomp|47\/100 slp\n|cant|p1a: Garchomp|slp\n|move|p2a: Amoonguss|Pollen Puff|p2b: Flutter Mane\n|-immune|p2b: Flutter Mane\n|\n|upkeep\n|turn|5\n|\n|t:|1682782010\n|move|p2b: Flutter Mane|Dazzling Gleam|p1a: Garchomp|[spread] p1a,p1b\n|-resisted|p1a: Garchomp\n|-crit|p1a: Garchomp\n|-damage|p1a: Garchomp|11\/100 slp\n|-damage|p1b: Kilowattrel|0 fnt\n|faint|p1b: Kilowattrel\n|cant|p1a: Garchomp|slp\n|move|p2a: Amoonguss|Spore|p1a: Garchomp\n|-fail|p1a: Garchomp|slp\n|\n|upkeep\n|\n|t:|1682782021\n|switch|p1b: Lycanroc|Lycanroc, L50, M|100\/100\n|turn|6\n|\n|t:|1682782036\n|switch|p1a: Tyranitar|Tyranitar, L50, M|100\/100\n|-weather|Sandstorm|[from] ability: Sand Stream|[of] p1a: Tyranitar\n|move|p1b: Lycanroc|Rock Slide|p2a: Amoonguss|[spread] p2a,p2b\n|-damage|p2a: Amoonguss|37\/100\n|-damage|p2b: Flutter Mane|46\/100\n|move|p2b: Flutter Mane|Dazzling Gleam|p1a: Tyranitar|[spread] p1a,p1b\n|-supereffective|p1a: Tyranitar\n|-damage|p1a: Tyranitar|67\/100\n|-damage|p1b: Lycanroc|57\/100\n|move|p2a: Amoonguss|Spore|p1b: Lycanroc\n|-status|p1b: Lycanroc|slp|[from] move: Spore\n|\n|-weather|Sandstorm|[upkeep]\n|-damage|p2b: Flutter Mane|40\/100|[from] Sandstorm\n|-damage|p2a: Amoonguss|31\/100|[from] Sandstorm\n|upkeep\n|turn|7\n|\n|t:|1682782054\n|cant|p1b: Lycanroc|slp\n|move|p2b: Flutter Mane|Dazzling Gleam|p1a: Tyranitar|[spread] p1a,p1b\n|-supereffective|p1a: Tyranitar\n|-crit|p1b: Lycanroc\n|-damage|p1a: Tyranitar|31\/100\n|-damage|p1b: Lycanroc|0 fnt\n|faint|p1b: Lycanroc\n|move|p1a: Tyranitar|Rock Slide|p2b: Flutter Mane|[spread] p2a,p2b\n|-damage|p2a: Amoonguss|10\/100\n|-damage|p2b: Flutter Mane|0 fnt\n|faint|p2b: Flutter Mane\n|-end|p2b: Flutter Mane|Protosynthesis|[silent]\n|move|p2a: Amoonguss|Pollen Puff|p2: Flutter Mane|[notarget]\n|-fail|p2a: Amoonguss\n|\n|-weather|Sandstorm|[upkeep]\n|-damage|p2a: Amoonguss|4\/100|[from] Sandstorm\n|upkeep\n|\n|t:|1682782071\n|switch|p1b: Garchomp|Garchomp, L50, M, tera:Steel|11\/100 slp\n|turn|8\n|\n|t:|1682782077\n|-curestatus|p1b: Garchomp|slp|[msg]\n|move|p1b: Garchomp|Stomping Tantrum|p2a: Amoonguss\n|-damage|p2a: Amoonguss|0 fnt\n|faint|p2a: Amoonguss\n|-damage|p1b: Garchomp|1\/100|[from] item: Life Orb\n|\n|win|slowrush\n|raw|slowrush's rating: 1291 → 1322<\/strong> (+31 for winning)\n|raw|Alaskan_fisher's rating: 1383 → 1358<\/strong> (-25 for losing)\n","uploadtime":1682782132,"views":21,"p1id":"slowrush","p2id":"alaskanfisher","formatid":"gen9vgc2023regulationc","rating":1322,"private":0,"password":""}