{"id":"gen9vgc2023regulationc-1862419817","p1":"ferritorte","p2":"haha you rage quit","format":"[Gen 9] VGC 2023 Regulation C","log":"|j|\u2606ferritorte\n|j|\u2606haha you rage quit\n|t:|1683883129\n|gametype|doubles\n|player|p1|ferritorte|proton|1058\n|player|p2|haha you rage quit|pokemaniac|1129\n|teamsize|p1|6\n|teamsize|p2|6\n|gen|9\n|tier|[Gen 9] VGC 2023 Regulation C\n|rated|\n|rule|Species Clause: Limit one of each Pok\u00e9mon\n|rule|Item Clause: Limit one of each item\n|clearpoke\n|poke|p1|Flutter Mane, L50|\n|poke|p1|Dragonite, L50, M|\n|poke|p1|Grimmsnarl, L50, M|\n|poke|p1|Ting-Lu, L50|\n|poke|p1|Tyranitar, L50, M|\n|poke|p1|Houndstone, L50, F|\n|poke|p2|Hatterene, L50, F|\n|poke|p2|Armarouge, L50, M|\n|poke|p2|Indeedee-F, L50, F|\n|poke|p2|Torkoal, L50, M|\n|poke|p2|Kingambit, L50, M|\n|poke|p2|Annihilape, L50, M|\n|teampreview|4\n|inactive|Battle timer is ON: inactive players will automatically lose when time's up. (requested by haha you rage quit)\n|\n|t:|1683883188\n|start\n|switch|p1a: Tyranitar|Tyranitar, L50, M|100\/100\n|switch|p1b: Flutter Mane|Flutter Mane, L50|100\/100\n|switch|p2a: Indeedee|Indeedee-F, L50, F, shiny|100\/100\n|switch|p2b: Annihilape|Annihilape, L50, M|100\/100\n|-fieldstart|move: Psychic Terrain|[from] ability: Psychic Surge|[of] p2a: Indeedee\n|-enditem|p2a: Indeedee|Psychic Seed\n|-boost|p2a: Indeedee|spd|1|[from] item: Psychic Seed\n|-weather|Sandstorm|[from] ability: Sand Stream|[of] p1a: Tyranitar\n|turn|1\n|inactive|haha you rage quit has 30 seconds left.\n|\n|t:|1683883213\n|move|p2b: Annihilape|Final Gambit|p1a: Tyranitar\n|-damage|p1a: Tyranitar|0 fnt\n|faint|p2b: Annihilape\n|faint|p1a: Tyranitar\n|move|p1b: Flutter Mane|Dazzling Gleam|p2a: Indeedee\n|-damage|p2a: Indeedee|62\/100\n|move|p2a: Indeedee|Trick Room|p2a: Indeedee\n|-fieldstart|move: Trick Room|[of] p2a: Indeedee\n|\n|-weather|Sandstorm|[upkeep]\n|-damage|p2a: Indeedee|55\/100|[from] Sandstorm\n|-damage|p1b: Flutter Mane|94\/100|[from] Sandstorm\n|upkeep\n|\n|t:|1683883235\n|switch|p1a: Ting-Lu|Ting-Lu, L50|100\/100\n|switch|p2b: Kingambit|Kingambit, L50, M, shiny|100\/100\n|-ability|p1a: Ting-Lu|Vessel of Ruin\n|turn|2\n|\n|t:|1683883253\n|-terastallize|p2b: Kingambit|Flying\n|move|p2b: Kingambit|Swords Dance|p2b: Kingambit\n|-boost|p2b: Kingambit|atk|2\n|move|p1a: Ting-Lu|Stomping Tantrum|p2b: Kingambit\n|-immune|p2b: Kingambit\n|move|p2a: Indeedee|Dazzling Gleam|p1b: Flutter Mane|[spread] p1a,p1b\n|-supereffective|p1a: Ting-Lu\n|-damage|p1a: Ting-Lu|83\/100\n|-damage|p1b: Flutter Mane|83\/100\n|move|p1b: Flutter Mane|Dazzling Gleam|p2a: Indeedee|[spread] p2a,p2b\n|-damage|p2a: Indeedee|34\/100\n|-damage|p2b: Kingambit|68\/100\n|\n|-weather|Sandstorm|[upkeep]\n|-damage|p2b: Kingambit|62\/100|[from] Sandstorm\n|-damage|p2a: Indeedee|28\/100|[from] Sandstorm\n|-damage|p1b: Flutter Mane|77\/100|[from] Sandstorm\n|-heal|p1a: Ting-Lu|89\/100|[from] item: Leftovers\n|upkeep\n|turn|3\n|\n|t:|1683883271\n|move|p2a: Indeedee|Helping Hand|p2b: Kingambit\n|-singleturn|p2b: Kingambit|Helping Hand|[of] p2a: Indeedee\n|move|p2b: Kingambit|Kowtow Cleave|p1b: Flutter Mane\n|-damage|p1b: Flutter Mane|0 fnt\n|faint|p1b: Flutter Mane\n|-end|p1b: Flutter Mane|Protosynthesis|[silent]\n|move|p1a: Ting-Lu|Stomping Tantrum|p2a: Indeedee\n|-damage|p2a: Indeedee|0 fnt\n|faint|p2a: Indeedee\n|\n|-weather|Sandstorm|[upkeep]\n|-damage|p2b: Kingambit|57\/100|[from] Sandstorm\n|-heal|p1a: Ting-Lu|95\/100|[from] item: Leftovers\n|upkeep\n|\n|t:|1683883282\n|switch|p2a: Hatterene|Hatterene, L50, F|100\/100\n|switch|p1b: Houndstone|Houndstone, L50, F|100\/100\n|turn|4\n|\n|t:|1683883298\n|move|p1b: Houndstone|Protect|p1b: Houndstone\n|-singleturn|p1b: Houndstone|Protect\n|move|p2a: Hatterene|Psychic|p1b: Houndstone\n|-activate|p1b: Houndstone|move: Protect\n|move|p2b: Kingambit|Low Kick|p1a: Ting-Lu\n|-supereffective|p1a: Ting-Lu\n|-damage|p1a: Ting-Lu|11\/100\n|move|p1a: Ting-Lu|Fissure|p2a: Hatterene|[miss]\n|-miss|p1a: Ting-Lu|p2a: Hatterene\n|\n|-weather|Sandstorm|[upkeep]\n|-damage|p2a: Hatterene|94\/100|[from] Sandstorm\n|-damage|p2b: Kingambit|50\/100|[from] Sandstorm\n|-heal|p1a: Ting-Lu|17\/100|[from] item: Leftovers\n|upkeep\n|turn|5\n|\n|t:|1683883322\n|move|p2a: Hatterene|Dazzling Gleam|p1b: Houndstone|[spread] p1a,p1b\n|-supereffective|p1a: Ting-Lu\n|-damage|p1a: Ting-Lu|0 fnt\n|-damage|p1b: Houndstone|60\/100\n|faint|p1a: Ting-Lu\n|-damage|p2a: Hatterene|85\/100|[from] item: Life Orb\n|move|p2b: Kingambit|Kowtow Cleave|p1b: Houndstone\n|-supereffective|p1b: Houndstone\n|-crit|p1b: Houndstone\n|-damage|p1b: Houndstone|0 fnt\n|-damage|p2b: Kingambit|34\/100|[from] item: Rocky Helmet|[of] p1b: Houndstone\n|faint|p1b: Houndstone\n|\n|win|haha you rage quit\n|raw|ferritorte's rating: 1058 → 1043<\/strong> (-15 for losing)\n|raw|haha you rage quit's rating: 1129 → 1149<\/strong> (+20 for winning)\n|l|\u2606ferritorte\n","uploadtime":1683883340,"views":10,"p1id":"ferritorte","p2id":"hahayouragequit","formatid":"gen9vgc2023regulationc","rating":1043,"private":0,"password":""}