{"id":"gen9vgc2023regulationc-1846250261","p1":"Just_SamueIe","p2":"ApoloVGCfumada","format":"[Gen 9] VGC 2023 Regulation C","log":"|j|\u2606Just_SamueIe\n|j|\u2606ApoloVGCfumada\n|t:|1681825468\n|gametype|doubles\n|player|p1|Just_SamueIe|chase|1407\n|player|p2|ApoloVGCfumada|lucas|1395\n|teamsize|p1|6\n|teamsize|p2|6\n|gen|9\n|tier|[Gen 9] VGC 2023 Regulation C\n|rated|\n|rule|Species Clause: Limit one of each Pok\u00e9mon\n|rule|Item Clause: Limit one of each item\n|clearpoke\n|poke|p1|Amoonguss, L50, M|\n|poke|p1|Palafin, L50, F|\n|poke|p1|Flutter Mane, L50|\n|poke|p1|Arcanine, L50, F|\n|poke|p1|Ting-Lu, L50|\n|poke|p1|Ceruledge, L50, M|\n|poke|p2|Orthworm, L50, F|\n|poke|p2|Dragonite, L50, M|\n|poke|p2|Ting-Lu, L50|\n|poke|p2|Gyarados, L50, F|\n|poke|p2|Flutter Mane, L50|\n|poke|p2|Chien-Pao, L50|\n|teampreview|4\n|\n|t:|1681825499\n|start\n|switch|p1a: Arcanine|Arcanine, L50, F|100\/100\n|switch|p1b: Palafin|Palafin, L50, F|100\/100\n|switch|p2a: Orthworm|Orthworm, L50, F|100\/100\n|switch|p2b: Gyarados|Gyarados, L50, F|100\/100\n|-ability|p2b: Gyarados|Intimidate|boost\n|-unboost|p1a: Arcanine|atk|1\n|-unboost|p1b: Palafin|atk|1\n|-ability|p1a: Arcanine|Intimidate|boost\n|-unboost|p2a: Orthworm|atk|1\n|-unboost|p2b: Gyarados|atk|1\n|turn|1\n|\n|t:|1681825549\n|detailschange|p1b: Palafin|Palafin-Hero, L50, F\n|switch|p1b: Amoonguss|Amoonguss, L50, M|100\/100\n|move|p2b: Gyarados|Bulldoze|p1a: Arcanine|[spread] p1a,p1b\n|-immune|p2a: Orthworm|[from] ability: Earth Eater\n|-supereffective|p1a: Arcanine\n|-damage|p1a: Arcanine|82\/100\n|-damage|p1b: Amoonguss|92\/100\n|-unboost|p1a: Arcanine|spe|1\n|-unboost|p1b: Amoonguss|spe|1\n|move|p2a: Orthworm|Shed Tail|p2a: Orthworm\n|-start|p2a: Orthworm|Substitute|[from] move: Shed Tail\n|-damage|p2a: Orthworm|50\/100\n|-enditem|p2a: Orthworm|Sitrus Berry|[eat]\n|-heal|p2a: Orthworm|75\/100|[from] item: Sitrus Berry\n|\n|t:|1681825563\n|switch|p2a: Dragonite|Dragonite, L50, M|100\/100|[from] Shed Tail\n|move|p1a: Arcanine|Will-O-Wisp|p2b: Gyarados\n|-status|p2b: Gyarados|brn\n|\n|-damage|p2b: Gyarados|94\/100 brn|[from] brn\n|upkeep\n|turn|2\n|\n|t:|1681825580\n|move|p1a: Arcanine|Protect|p1a: Arcanine\n|-singleturn|p1a: Arcanine|Protect\n|move|p1b: Amoonguss|Protect|p1b: Amoonguss\n|-singleturn|p1b: Amoonguss|Protect\n|move|p2a: Dragonite|Dragon Dance|p2a: Dragonite\n|-boost|p2a: Dragonite|atk|1\n|-boost|p2a: Dragonite|spe|1\n|move|p2b: Gyarados|Taunt|p1b: Amoonguss\n|-activate|p1b: Amoonguss|move: Protect\n|\n|-damage|p2b: Gyarados|88\/100 brn|[from] brn\n|upkeep\n|turn|3\n|\n|t:|1681825613\n|switch|p1b: Palafin|Palafin-Hero, L50, F|100\/100\n|-activate|p1b: Palafin|ability: Zero to Hero\n|move|p2a: Dragonite|Earthquake|p1b: Palafin|[spread] p1a,p1b\n|-immune|p2b: Gyarados\n|-supereffective|p1a: Arcanine\n|-damage|p1a: Arcanine|4\/100\n|-damage|p1b: Palafin|58\/100\n|move|p2b: Gyarados|Thunder Wave|p1b: Palafin\n|-status|p1b: Palafin|par\n|move|p1a: Arcanine|Flare Blitz|p2a: Dragonite\n|-resisted|p2a: Dragonite\n|-activate|p2a: Dragonite|move: Substitute|[damage]\n|-damage|p1a: Arcanine|2\/100|[from] Recoil|[of] p2a: Dragonite\n|\n|-damage|p2b: Gyarados|82\/100 brn|[from] brn\n|upkeep\n|turn|4\n|\n|t:|1681825638\n|switch|p2b: Orthworm|Orthworm, L50, F|75\/100\n|switch|p1a: Amoonguss|Amoonguss, L50, M|100\/100\n|move|p1b: Palafin|Protect|p1b: Palafin\n|-singleturn|p1b: Palafin|Protect\n|move|p2a: Dragonite|Earthquake|p1a: Amoonguss|[spread] p1a\n|-activate|p1b: Palafin|move: Protect\n|-heal|p2b: Orthworm|100\/100|[from] ability: Earth Eater|[of] p2a: Dragonite\n|-damage|p1a: Amoonguss|62\/100\n|\n|upkeep\n|turn|5\n|\n|t:|1681825658\n|-terastallize|p2a: Dragonite|Flying\n|move|p2a: Dragonite|Tera Blast|p1a: Amoonguss\n|-supereffective|p1a: Amoonguss\n|-damage|p1a: Amoonguss|0 fnt\n|faint|p1a: Amoonguss\n|move|p2b: Orthworm|Iron Defense|p2b: Orthworm\n|-boost|p2b: Orthworm|def|2\n|move|p1b: Palafin|Haze|p1b: Palafin\n|-clearallboost\n|\n|upkeep\n|\n|t:|1681825667\n|switch|p1a: Ceruledge|Ceruledge, L50, M, shiny|100\/100\n|turn|6\n|\n|t:|1681825687\n|switch|p2b: Gyarados|Gyarados, L50, F|82\/100 brn\n|-ability|p2b: Gyarados|Intimidate|boost\n|-fail|p1a: Ceruledge|unboost|[from] item: Clear Amulet|[of] p1a: Ceruledge\n|-unboost|p1b: Palafin|atk|1\n|switch|p1b: Arcanine|Arcanine, L50, F|2\/100\n|-ability|p1b: Arcanine|Intimidate|boost\n|-immune|p2a: Dragonite\n|-unboost|p2b: Gyarados|atk|1\n|move|p2a: Dragonite|Tera Blast|p1b: Arcanine\n|-damage|p1b: Arcanine|0 fnt\n|faint|p1b: Arcanine\n|move|p1a: Ceruledge|Bulk Up|p1a: Ceruledge\n|-boost|p1a: Ceruledge|atk|1\n|-boost|p1a: Ceruledge|def|1\n|\n|-damage|p2b: Gyarados|76\/100 brn|[from] brn\n|upkeep\n|\n|t:|1681825703\n|switch|p1b: Palafin|Palafin-Hero, L50, F|58\/100 par\n|turn|7\n|\n|t:|1681825728\n|move|p2a: Dragonite|Tera Blast|p1b: Palafin\n|-damage|p1b: Palafin|4\/100 par\n|move|p2b: Gyarados|Taunt|p1a: Ceruledge\n|-start|p1a: Ceruledge|move: Taunt\n|move|p1a: Ceruledge|Bitter Blade|p2a: Dragonite\n|-end|p2a: Dragonite|Substitute\n|move|p1b: Palafin|Wave Crash|p2a: Dragonite\n|-crit|p2a: Dragonite\n|-damage|p2a: Dragonite|35\/100\n|-damage|p1b: Palafin|0 fnt|[from] Recoil\n|faint|p1b: Palafin\n|\n|-damage|p2b: Gyarados|70\/100 brn|[from] brn\n|upkeep\n|turn|8\n|\n|t:|1681825754\n|-terastallize|p1a: Ceruledge|Grass\n|move|p2a: Dragonite|Tera Blast|p1a: Ceruledge\n|-supereffective|p1a: Ceruledge\n|-damage|p1a: Ceruledge|0 fnt\n|faint|p1a: Ceruledge\n|\n|win|ApoloVGCfumada\n|raw|Just_SamueIe's rating: 1407 → 1386<\/strong> (-21 for losing)\n|raw|ApoloVGCfumada's rating: 1395 → 1416<\/strong> (+21 for winning)\n|l|\u2606Just_SamueIe\n","uploadtime":1681825763,"views":8,"p1id":"justsamueie","p2id":"apolovgcfumada","formatid":"gen9vgc2023regulationc","rating":1386,"private":0,"password":""}