{"id":"gen9vgc2023regulationc-1861004177","p1":"Josuee_29","p2":"Capitanaustria","format":"[Gen 9] VGC 2023 Regulation C","log":"|j|\u2606Josuee_29\n|j|\u2606Capitanaustria\n|t:|1683712505\n|gametype|doubles\n|player|p1|Josuee_29|102|1015\n|player|p2|Capitanaustria|wallace|1095\n|teamsize|p1|6\n|teamsize|p2|6\n|gen|9\n|tier|[Gen 9] VGC 2023 Regulation C\n|rated|\n|rule|Species Clause: Limit one of each Pok\u00e9mon\n|rule|Item Clause: Limit one of each item\n|clearpoke\n|poke|p1|Chien-Pao, L50|\n|poke|p1|Flutter Mane, L50|\n|poke|p1|Arcanine, L50, F|\n|poke|p1|Amoonguss, L50, F|\n|poke|p1|Palafin, L50, M|\n|poke|p1|Dragonite, L50, F|\n|poke|p2|Ting-Lu, L50|\n|poke|p2|Abomasnow, L50, F|\n|poke|p2|Bisharp, L50, M|\n|poke|p2|Haxorus, L50, M|\n|poke|p2|Glalie, L50, M|\n|poke|p2|Camerupt, L50, F|\n|teampreview|4\n|inactive|Battle timer is ON: inactive players will automatically lose when time's up. (requested by Capitanaustria)\n|inactive|Josuee_29 has 60 seconds left.\n|c|\u2606Capitanaustria|good LUCK\n|inactive|Josuee_29 has 30 seconds left.\n|inactive|Josuee_29 has 20 seconds left.\n|\n|t:|1683712576\n|start\n|switch|p1a: Palafin|Palafin, L50, M|100\/100\n|switch|p1b: Arcanine|Arcanine, L50, F|100\/100\n|switch|p2a: Bisharp|Bisharp, L50, M, shiny|100\/100\n|switch|p2b: Ting-Lu|Ting-Lu, L50|100\/100\n|-ability|p1b: Arcanine|Intimidate|boost\n|-unboost|p2a: Bisharp|atk|1\n|-ability|p2a: Bisharp|Defiant|boost\n|-boost|p2a: Bisharp|atk|2\n|-unboost|p2b: Ting-Lu|atk|1\n|-ability|p2b: Ting-Lu|Vessel of Ruin\n|turn|1\n|inactive|Josuee_29 has 30 seconds left.\n|inactive|Josuee_29 has 20 seconds left.\n|inactive|Josuee_29 has 15 seconds left.\n|inactive|Josuee_29 has 10 seconds left.\n|\n|t:|1683712624\n|-terastallize|p2a: Bisharp|Flying\n|move|p1b: Arcanine|Will-O-Wisp|p2b: Ting-Lu\n|-status|p2b: Ting-Lu|brn\n|move|p2a: Bisharp|Guillotine|p1b: Arcanine|[miss]\n|-miss|p2a: Bisharp|p1b: Arcanine\n|move|p1a: Palafin|Haze|p1a: Palafin\n|-clearallboost\n|move|p2b: Ting-Lu|Fissure|p1b: Arcanine\n|-damage|p1b: Arcanine|0 fnt\n|faint|p1b: Arcanine\n|-ohko\n|\n|-damage|p2b: Ting-Lu|94\/100 brn|[from] brn\n|upkeep\n|\n|t:|1683712648\n|switch|p1b: Chien-Pao|Chien-Pao, L50|100\/100\n|-ability|p1b: Chien-Pao|Sword of Ruin\n|turn|2\n|\n|t:|1683712670\n|detailschange|p1a: Palafin|Palafin-Hero, L50, M\n|switch|p1a: Flutter Mane|Flutter Mane, L50|100\/100\n|-terastallize|p1b: Chien-Pao|Fire\n|move|p2a: Bisharp|Protect|p2a: Bisharp\n|-singleturn|p2a: Bisharp|Protect\n|move|p1b: Chien-Pao|Ice Spinner|p2b: Ting-Lu\n|-supereffective|p2b: Ting-Lu\n|-damage|p2b: Ting-Lu|39\/100 brn\n|move|p2b: Ting-Lu|Fissure|p1b: Chien-Pao\n|-enditem|p1b: Chien-Pao|Focus Sash\n|-damage|p1b: Chien-Pao|1\/100\n|\n|-damage|p2b: Ting-Lu|33\/100 brn|[from] brn\n|upkeep\n|turn|3\n|inactive|Josuee_29 has 30 seconds left.\n|\n|t:|1683712702\n|move|p1b: Chien-Pao|Protect|p1b: Chien-Pao\n|-singleturn|p1b: Chien-Pao|Protect\n|move|p1a: Flutter Mane|Dazzling Gleam|p2b: Ting-Lu|[spread] p2a,p2b\n|-supereffective|p2b: Ting-Lu\n|-damage|p2a: Bisharp|71\/100\n|-damage|p2b: Ting-Lu|5\/100 brn\n|move|p2a: Bisharp|Iron Head|p1a: Flutter Mane\n|-supereffective|p1a: Flutter Mane\n|-damage|p1a: Flutter Mane|0 fnt\n|faint|p1a: Flutter Mane\n|-end|p1a: Flutter Mane|Protosynthesis|[silent]\n|move|p2b: Ting-Lu|Earthquake|p1b: Chien-Pao|[spread] \n|-activate|p1b: Chien-Pao|move: Protect\n|-immune|p2a: Bisharp\n|\n|-damage|p2b: Ting-Lu|0 fnt|[from] brn\n|faint|p2b: Ting-Lu\n|upkeep\n|inactive|Josuee_29 has 30 seconds left.\n|\n|t:|1683712732\n|switch|p1a: Palafin|Palafin-Hero, L50, M|100\/100\n|switch|p2b: Haxorus|Haxorus, L50, M, shiny|100\/100\n|-ability|p2b: Haxorus|Unnerve\n|-activate|p1a: Palafin|ability: Zero to Hero\n|turn|4\n|\n|t:|1683712745\n|move|p2a: Bisharp|Protect|p2a: Bisharp\n|-singleturn|p2a: Bisharp|Protect\n|move|p1b: Chien-Pao|Ice Spinner|p2b: Haxorus\n|-supereffective|p2b: Haxorus\n|-damage|p2b: Haxorus|0 fnt\n|faint|p2b: Haxorus\n|move|p1a: Palafin|Wave Crash|p2a: Bisharp\n|-activate|p2a: Bisharp|move: Protect\n|\n|upkeep\n|\n|t:|1683712753\n|switch|p2b: Glalie|Glalie, L50, M, shiny|100\/100\n|turn|5\n|\n|t:|1683712769\n|move|p1b: Chien-Pao|Protect|p1b: Chien-Pao\n|-singleturn|p1b: Chien-Pao|Protect\n|move|p1a: Palafin|Jet Punch|p2b: Glalie\n|-damage|p2b: Glalie|26\/100\n|move|p2b: Glalie|Sheer Cold|p1a: Palafin|[miss]\n|-miss|p2b: Glalie|p1a: Palafin\n|move|p2a: Bisharp|Iron Head|p1b: Chien-Pao\n|-activate|p1b: Chien-Pao|move: Protect\n|\n|-ability|p2b: Glalie|Moody|boost\n|-boost|p2b: Glalie|atk|2\n|-unboost|p2b: Glalie|spe|1\n|upkeep\n|turn|6\n|inactive|Josuee_29 has 30 seconds left.\n|inactive|Capitanaustria has 30 seconds left.\n|inactive|Josuee_29 has 20 seconds left.\n|inactive|Josuee_29 has 15 seconds left.\n|\n|t:|1683712809\n|move|p1a: Palafin|Jet Punch|p2b: Glalie\n|-damage|p2b: Glalie|0 fnt\n|faint|p2b: Glalie\n|move|p1b: Chien-Pao|Ice Spinner|p2a: Bisharp\n|-supereffective|p2a: Bisharp\n|-damage|p2a: Bisharp|0 fnt\n|faint|p2a: Bisharp\n|\n|win|Josuee_29\n|raw|Josuee_29's rating: 1015 → 1061<\/strong> (+46 for winning)\n|raw|Capitanaustria's rating: 1095 → 1065<\/strong> (-30 for losing)\n|c|\u2606Capitanaustria|gg\n|l|\u2606Capitanaustria\n","uploadtime":1683712821,"views":16,"p1id":"josuee29","p2id":"capitanaustria","formatid":"gen9vgc2023regulationc","rating":1061,"private":0,"password":""}