{"id":"gen9vgc2023regulationc-1863222347","p1":"Elphaba Thropp","p2":"AGSilver935","format":"[Gen 9] VGC 2023 Regulation C","log":"|j|\u2606Elphaba Thropp\n|j|\u2606AGSilver935\n|t:|1683990292\n|gametype|doubles\n|player|p1|Elphaba Thropp|hexmaniac-gen6|\n|player|p2|AGSilver935|1|\n|teamsize|p1|6\n|teamsize|p2|6\n|gen|9\n|tier|[Gen 9] VGC 2023 Regulation C\n|rule|Species Clause: Limit one of each Pok\u00e9mon\n|rule|Item Clause: Limit one of each item\n|clearpoke\n|poke|p1|Palafin, L50, M|\n|poke|p1|Arcanine, L50, M|\n|poke|p1|Amoonguss, L50, F|\n|poke|p1|Ting-Lu, L50|\n|poke|p1|Baxcalibur, L50, F|\n|poke|p1|Flutter Mane, L50|\n|poke|p2|Baxcalibur, L50, F|\n|poke|p2|Flutter Mane, L50|\n|poke|p2|Chi-Yu, L50|\n|poke|p2|Iron Bundle, L50|\n|poke|p2|Amoonguss, L50, M|\n|poke|p2|Arcanine, L50, M|\n|teampreview|4\n|c|\u2606Elphaba Thropp|G2\nAGSilver935 has agreed to open team sheets.\nElphaba Thropp has agreed to open team sheets.\n|\n|t:|1683990846\n|start\n|switch|p1a: Flutter Mane|Flutter Mane, L50|100\/100\n|switch|p1b: Palafin|Palafin, L50, M|100\/100\n|switch|p2a: Iron Bundle|Iron Bundle, L50|100\/100\n|switch|p2b: Baxcalibur|Baxcalibur, L50, F|100\/100\n|-enditem|p2a: Iron Bundle|Booster Energy\n|-activate|p2a: Iron Bundle|ability: Quark Drive|[fromitem]\n|-start|p2a: Iron Bundle|quarkdrivespe\n|turn|1\n|\n|t:|1683990927\n|detailschange|p1b: Palafin|Palafin-Hero, L50, M\n|switch|p1b: Amoonguss|Amoonguss, L50, F|100\/100\n|-terastallize|p2b: Baxcalibur|Poison\n|move|p2a: Iron Bundle|Icy Wind|p1b: Amoonguss|[spread] p1a,p1b\n|-supereffective|p1b: Amoonguss\n|-damage|p1a: Flutter Mane|82\/100\n|-damage|p1b: Amoonguss|57\/100\n|-unboost|p1a: Flutter Mane|spe|1\n|-unboost|p1b: Amoonguss|spe|1\n|move|p2b: Baxcalibur|Icicle Crash|p1a: Flutter Mane\n|-damage|p1a: Flutter Mane|23\/100\n|cant|p1a: Flutter Mane|flinch\n|\n|upkeep\n|turn|2\n|\n|t:|1683990976\n|move|p2a: Iron Bundle|Protect|p2a: Iron Bundle\n|-singleturn|p2a: Iron Bundle|Protect\n|move|p1b: Amoonguss|Rage Powder|p1b: Amoonguss\n|-singleturn|p1b: Amoonguss|move: Rage Powder\n|move|p2b: Baxcalibur|Icicle Crash|p1b: Amoonguss\n|-supereffective|p1b: Amoonguss\n|-damage|p1b: Amoonguss|0 fnt\n|faint|p1b: Amoonguss\n|move|p1a: Flutter Mane|Shadow Ball|p2b: Baxcalibur\n|-damage|p2b: Baxcalibur|46\/100\n|\n|upkeep\n|\n|t:|1683990992\n|switch|p1b: Palafin|Palafin-Hero, L50, M|100\/100\n|-activate|p1b: Palafin|ability: Zero to Hero\n|turn|3\n|\n|t:|1683991013\n|switch|p2b: Amoonguss|Amoonguss, L50, M|100\/100\n|move|p1b: Palafin|Jet Punch|p2b: Amoonguss\n|-resisted|p2b: Amoonguss\n|-damage|p2b: Amoonguss|79\/100\n|move|p2a: Iron Bundle|Freeze-Dry|p1b: Palafin\n|-supereffective|p1b: Palafin\n|-damage|p1b: Palafin|31\/100\n|move|p1a: Flutter Mane|Shadow Ball|p2a: Iron Bundle\n|-damage|p2a: Iron Bundle|0 fnt\n|faint|p2a: Iron Bundle\n|-end|p2a: Iron Bundle|Quark Drive|[silent]\n|\n|upkeep\n|\n|t:|1683991028\n|switch|p2a: Baxcalibur|Baxcalibur, L50, F, tera:Poison|46\/100\n|turn|4\n|\n|t:|1683991041\n|move|p1b: Palafin|Protect|p1b: Palafin\n|-singleturn|p1b: Palafin|Protect\n|move|p2b: Amoonguss|Rage Powder|p2b: Amoonguss\n|-singleturn|p2b: Amoonguss|move: Rage Powder\n|move|p2a: Baxcalibur|Glaive Rush|p1b: Palafin\n|-activate|p1b: Palafin|move: Protect\n|move|p1a: Flutter Mane|Shadow Ball|p2b: Amoonguss\n|-damage|p2b: Amoonguss|36\/100\n|-enditem|p2b: Amoonguss|Sitrus Berry|[eat]\n|-heal|p2b: Amoonguss|61\/100|[from] item: Sitrus Berry\n|\n|upkeep\n|turn|5\n|\n|t:|1683991096\n|switch|p2b: Arcanine|Arcanine, L50, M|100\/100\n|-ability|p2b: Arcanine|Intimidate|boost\n|-unboost|p1a: Flutter Mane|atk|1\n|-unboost|p1b: Palafin|atk|1\n|move|p2a: Baxcalibur|Ice Shard|p1a: Flutter Mane\n|-damage|p1a: Flutter Mane|0 fnt\n|faint|p1a: Flutter Mane\n|-end|p1a: Flutter Mane|Protosynthesis|[silent]\n|move|p1b: Palafin|Jet Punch|p2a: Baxcalibur\n|-damage|p2a: Baxcalibur|16\/100\n|\n|upkeep\n|\n|t:|1683991105\n|switch|p1a: Baxcalibur|Baxcalibur, L50, F|100\/100\n|turn|6\n|\n|t:|1683991160\n|switch|p2a: Amoonguss|Amoonguss, L50, M|94\/100\n|-terastallize|p1a: Baxcalibur|Poison\n|move|p2b: Arcanine|Extreme Speed|p1b: Palafin\n|-damage|p1b: Palafin|10\/100\n|move|p1b: Palafin|Jet Punch|p2a: Amoonguss\n|-resisted|p2a: Amoonguss\n|-damage|p2a: Amoonguss|81\/100\n|move|p1a: Baxcalibur|Glaive Rush|p2b: Arcanine\n|-damage|p2b: Arcanine|24\/100\n|-singlemove|p1a: Baxcalibur|Glaive Rush|[silent]\n|\n|upkeep\n|turn|7\n|\n|t:|1683991194\n|move|p1b: Palafin|Protect|p1b: Palafin\n|-singleturn|p1b: Palafin|Protect\n|move|p1a: Baxcalibur|Protect|p1a: Baxcalibur\n|-singleturn|p1a: Baxcalibur|Protect\n|move|p2b: Arcanine|Extreme Speed|p1b: Palafin\n|-activate|p1b: Palafin|move: Protect\n|move|p2a: Amoonguss|Spore|p1a: Baxcalibur\n|-activate|p1a: Baxcalibur|move: Protect\n|\n|upkeep\n|turn|8\n|\n|t:|1683991211\n|move|p2b: Arcanine|Extreme Speed|p1b: Palafin\n|-damage|p1b: Palafin|0 fnt\n|faint|p1b: Palafin\n|move|p1a: Baxcalibur|Icicle Crash|p2a: Amoonguss\n|-supereffective|p2a: Amoonguss\n|-damage|p2a: Amoonguss|0 fnt\n|faint|p2a: Amoonguss\n|\n|upkeep\n|\n|t:|1683991219\n|switch|p2a: Baxcalibur|Baxcalibur, L50, F, tera:Poison|16\/100\n|turn|9\n|\n|t:|1683991238\n|move|p1a: Baxcalibur|Ice Shard|p2a: Baxcalibur\n|-damage|p2a: Baxcalibur|0 fnt\n|faint|p2a: Baxcalibur\n|move|p2b: Arcanine|Howl|p2b: Arcanine\n|-boost|p2b: Arcanine|atk|1\n|\n|upkeep\n|turn|10\n|\n|t:|1683991245\n|move|p2b: Arcanine|Flare Blitz|p1a: Baxcalibur\n|-damage|p1a: Baxcalibur|29\/100\n|-ability|p1a: Baxcalibur|Thermal Exchange|boost\n|-boost|p1a: Baxcalibur|atk|1\n|-damage|p2b: Arcanine|0 fnt|[from] Recoil\n|faint|p2b: Arcanine\n|\n|win|Elphaba Thropp\n|c|\u2606Elphaba Thropp|nice\n|c|\u2606AGSilver935|Things too bulky :(\n","uploadtime":1683991273,"views":4,"p1id":"elphabathropp","p2id":"agsilver935","formatid":"gen9vgc2023regulationc","rating":0,"private":0,"password":""}