{"id":"gen9vgc2023regulationc-1848800655","p1":"mattyguy","p2":"That_Leek","format":"[Gen 9] VGC 2023 Regulation C","log":"|j|\u2606mattyguy\n|j|\u2606That_Leek\n|t:|1682111757\n|gametype|doubles\n|player|p1|mattyguy|169|1277\n|player|p2|That_Leek|blue-masters|1326\n|teamsize|p1|6\n|teamsize|p2|6\n|gen|9\n|tier|[Gen 9] VGC 2023 Regulation C\n|rated|\n|rule|Species Clause: Limit one of each Pok\u00e9mon\n|rule|Item Clause: Limit one of each item\n|clearpoke\n|poke|p1|Dragonite, L50, M|\n|poke|p1|Chi-Yu, L50|\n|poke|p1|Amoonguss, L50, F|\n|poke|p1|Scizor, L50, F|\n|poke|p1|Iron Bundle, L50|\n|poke|p1|Chien-Pao, L50|\n|poke|p2|Gholdengo, L50|\n|poke|p2|Gyarados, L50, M|\n|poke|p2|Tyranitar, L50, M|\n|poke|p2|Maushold-Four, L50|\n|poke|p2|Annihilape, L50, M|\n|poke|p2|Volcarona, L50, M|\n|teampreview|4\nThat_Leek has agreed to open team sheets.\n|inactive|Battle timer is ON: inactive players will automatically lose when time's up. (requested by That_Leek)\n|\n|t:|1682111803\n|start\n|switch|p1a: Chien-Pao|Chien-Pao, L50|100\/100\n|switch|p1b: Scizor|Scizor, L50, F|100\/100\n|switch|p2a: Volcarona|Volcarona, L50, M|100\/100\n|switch|p2b: Gholdengo|Gholdengo, L50|100\/100\n|-ability|p1a: Chien-Pao|Sword of Ruin\n|turn|1\n|inactive|That_Leek has 30 seconds left.\n|inactive|That_Leek has 20 seconds left.\n|\n|t:|1682111842\n|switch|p1b: Dragonite|Dragonite, L50, M|100\/100\n|move|p2b: Gholdengo|Protect|p2b: Gholdengo\n|-singleturn|p2b: Gholdengo|Protect\n|move|p1a: Chien-Pao|Sucker Punch||[still]\n|-fail|p1a: Chien-Pao\n|move|p2a: Volcarona|Tailwind|p2a: Volcarona\n|-sidestart|p2: That_Leek|move: Tailwind\n|\n|upkeep\n|turn|2\n|\n|t:|1682111864\n|-terastallize|p1b: Dragonite|Normal\n|move|p2a: Volcarona|Rage Powder|p2a: Volcarona\n|-singleturn|p2a: Volcarona|move: Rage Powder\n|move|p1b: Dragonite|Extreme Speed|p2a: Volcarona\n|-damage|p2a: Volcarona|5\/100\n|move|p1a: Chien-Pao|Sucker Punch||[still]\n|-fail|p1a: Chien-Pao\n|move|p2b: Gholdengo|Make It Rain|p1a: Chien-Pao|[spread] p1a,p1b\n|-supereffective|p1a: Chien-Pao\n|-enditem|p1a: Chien-Pao|Focus Sash\n|-damage|p1a: Chien-Pao|1\/100\n|-damage|p1b: Dragonite|25\/100\n|-unboost|p2b: Gholdengo|spa|1\n|-damage|p2b: Gholdengo|91\/100|[from] item: Life Orb\n|\n|upkeep\n|turn|3\n|\n|t:|1682111886\n|switch|p2a: Tyranitar|Tyranitar, L50, M|100\/100\n|-weather|Sandstorm|[from] ability: Sand Stream|[of] p2a: Tyranitar\n|move|p2b: Gholdengo|Protect|p2b: Gholdengo\n|-singleturn|p2b: Gholdengo|Protect\n|move|p1b: Dragonite|Extreme Speed|p2a: Tyranitar\n|-resisted|p2a: Tyranitar\n|-damage|p2a: Tyranitar|70\/100\n|move|p1a: Chien-Pao|Sucker Punch||[still]\n|-fail|p1a: Chien-Pao\n|\n|-weather|Sandstorm|[upkeep]\n|-damage|p1a: Chien-Pao|0 fnt|[from] Sandstorm\n|-damage|p1b: Dragonite|19\/100|[from] Sandstorm\n|faint|p1a: Chien-Pao\n|upkeep\n|\n|t:|1682111899\n|switch|p1a: Scizor|Scizor, L50, F|100\/100\n|turn|4\n|\n|t:|1682111921\n|switch|p2b: Gyarados|Gyarados, L50, M|100\/100\n|-ability|p2b: Gyarados|Intimidate|boost\n|-unboost|p1a: Scizor|atk|1\n|-fail|p1b: Dragonite|unboost|Attack|[from] ability: Inner Focus|[of] p1b: Dragonite\n|move|p1b: Dragonite|Extreme Speed|p2a: Tyranitar\n|-resisted|p2a: Tyranitar\n|-damage|p2a: Tyranitar|47\/100\n|move|p1a: Scizor|Bullet Punch|p2a: Tyranitar\n|-supereffective|p2a: Tyranitar\n|-damage|p2a: Tyranitar|3\/100\n|move|p2a: Tyranitar|Rock Slide|p1b: Dragonite|[spread] p1a,p1b\n|-damage|p1a: Scizor|66\/100\n|-damage|p1b: Dragonite|0 fnt\n|faint|p1b: Dragonite\n|\n|-weather|Sandstorm|[upkeep]\n|-damage|p2b: Gyarados|95\/100|[from] Sandstorm\n|-sideend|p2: That_Leek|move: Tailwind\n|upkeep\n|\n|t:|1682111937\n|switch|p1b: Amoonguss|Amoonguss, L50, F, shiny|100\/100\n|turn|5\n|\n|t:|1682111952\n|move|p2b: Gyarados|Waterfall|p1b: Amoonguss\n|-resisted|p1b: Amoonguss\n|-damage|p1b: Amoonguss|83\/100\n|-damage|p2b: Gyarados|78\/100|[from] item: Rocky Helmet|[of] p1b: Amoonguss\n|move|p2a: Tyranitar|Crunch|p1b: Amoonguss\n|-damage|p1b: Amoonguss|51\/100\n|-damage|p2a: Tyranitar|0 fnt|[from] item: Rocky Helmet|[of] p1b: Amoonguss\n|faint|p2a: Tyranitar\n|move|p1b: Amoonguss|Spore|p2b: Gyarados\n|-status|p2b: Gyarados|slp|[from] move: Spore\n|move|p1a: Scizor|Counter||[still]\n|-fail|p1a: Scizor\n|\n|-weather|Sandstorm|[upkeep]\n|-damage|p2b: Gyarados|72\/100 slp|[from] Sandstorm\n|-damage|p1b: Amoonguss|45\/100|[from] Sandstorm\n|upkeep\n|\n|t:|1682111961\n|switch|p2a: Gholdengo|Gholdengo, L50|91\/100\n|turn|6\n|\n|t:|1682111980\n|-terastallize|p2a: Gholdengo|Water\n|move|p2a: Gholdengo|Shadow Ball|p1a: Scizor\n|-damage|p1a: Scizor|0 fnt\n|faint|p1a: Scizor\n|-damage|p2a: Gholdengo|81\/100|[from] item: Life Orb\n|cant|p2b: Gyarados|slp\n|move|p1b: Amoonguss|Pollen Puff|p2a: Gholdengo\n|-damage|p2a: Gholdengo|62\/100\n|\n|-weather|Sandstorm|[upkeep]\n|-damage|p2a: Gholdengo|56\/100|[from] Sandstorm\n|-damage|p2b: Gyarados|66\/100 slp|[from] Sandstorm\n|-damage|p1b: Amoonguss|39\/100|[from] Sandstorm\n|upkeep\n|turn|7\n|-message|mattyguy forfeited.\n|\n|win|That_Leek\n|raw|mattyguy's rating: 1277 → 1256<\/strong> (-21 for losing)\n|raw|That_Leek's rating: 1326 → 1343<\/strong> (+17 for winning)\n|l|\u2606mattyguy\n","uploadtime":1682111996,"views":12,"p1id":"mattyguy","p2id":"thatleek","formatid":"gen9vgc2023regulationc","rating":1256,"private":0,"password":""}