{"id":"gen9vgc2023regulationc-1849747138","p1":"Moonz_e","p2":"Biawak123","format":"[Gen 9] VGC 2023 Regulation C","log":"|j|\u2606Moonz_e\n|j|\u2606Biawak123\n|t:|1682244385\n|gametype|doubles\n|player|p1|Moonz_e|caitlin-masters|1021\n|player|p2|Biawak123|nate|1100\n|teamsize|p1|6\n|teamsize|p2|6\n|gen|9\n|tier|[Gen 9] VGC 2023 Regulation C\n|rated|\n|rule|Species Clause: Limit one of each Pok\u00e9mon\n|rule|Item Clause: Limit one of each item\n|clearpoke\n|poke|p1|Ting-Lu, L50|\n|poke|p1|Amoonguss, L50, F|\n|poke|p1|Meowscarada, L50, M|\n|poke|p1|Dragonite, L50, M|\n|poke|p1|Arcanine, L50, F|\n|poke|p1|Iron Bundle, L50|\n|poke|p2|Umbreon, L50, M|\n|poke|p2|Iron Hands, L50|\n|poke|p2|Salamence, L50, M|\n|poke|p2|Iron Bundle, L50|\n|poke|p2|Gardevoir, L50, F|\n|poke|p2|Gengar, L50, M|\n|teampreview|4\n|c|\u2606Moonz_e|Glhf\n|\n|t:|1682244413\n|start\n|switch|p1a: Iron Bundle|Iron Bundle, L50|100\/100\n|switch|p1b: Meowscarada|Meowscarada, L50, M|100\/100\n|switch|p2a: Gardevoir|Gardevoir, L50, F|100\/100\n|switch|p2b: Gengar|Gengar, L50, M|100\/100\n|-enditem|p1a: Iron Bundle|Booster Energy\n|-activate|p1a: Iron Bundle|ability: Quark Drive|[fromitem]\n|-start|p1a: Iron Bundle|quarkdrivespe\n|-ability|p2a: Gardevoir|Protean|[from] ability: Trace|[of] p1b: Meowscarada\n|turn|1\n|\n|t:|1682244451\n|switch|p2a: Iron Hands|Iron Hands, L50|100\/100\n|move|p2b: Gengar|Protect|p2b: Gengar\n|-singleturn|p2b: Gengar|Protect\n|move|p1a: Iron Bundle|Hydro Pump|p2a: Iron Hands\n|-damage|p2a: Iron Hands|72\/100\n|move|p1b: Meowscarada|Knock Off|p2b: Gengar\n|-start|p1b: Meowscarada|typechange|Dark|[from] ability: Protean\n|-activate|p2b: Gengar|move: Protect\n|\n|upkeep\n|turn|2\n|\n|t:|1682244488\n|move|p2a: Iron Hands|Fake Out|p1b: Meowscarada\n|-damage|p1b: Meowscarada|75\/100\n|move|p1a: Iron Bundle|Encore|p2b: Gengar\n|-start|p2b: Gengar|Encore\n|cant|p1b: Meowscarada|flinch\n|move|p2b: Gengar|Protect||[still]\n|-fail|p2b: Gengar\n|\n|upkeep\n|turn|3\n|\n|t:|1682244508\n|move|p2b: Gengar|Protect|p2b: Gengar\n|-singleturn|p2b: Gengar|Protect\n|move|p1a: Iron Bundle|Hydro Pump|p2a: Iron Hands\n|-damage|p2a: Iron Hands|39\/100\n|move|p1b: Meowscarada|U-turn|p2a: Iron Hands\n|-resisted|p2a: Iron Hands\n|-damage|p2a: Iron Hands|32\/100\n|\n|t:|1682244517\n|switch|p1b: Amoonguss|Amoonguss, L50, F|100\/100|[from] U-turn\n|move|p2a: Iron Hands|Drain Punch|p1a: Iron Bundle\n|-supereffective|p1a: Iron Bundle\n|-damage|p1a: Iron Bundle|13\/100\n|-heal|p2a: Iron Hands|62\/100|[from] drain|[of] p1a: Iron Bundle\n|\n|upkeep\n|turn|4\n|\n|t:|1682244542\n|switch|p2b: Gardevoir|Gardevoir, L50, F|100\/100\n|-ability|p2b: Gardevoir|Regenerator|[from] ability: Trace|[of] p1b: Amoonguss\n|-terastallize|p2a: Iron Hands|Grass\n|move|p1b: Amoonguss|Rage Powder|p1b: Amoonguss\n|-singleturn|p1b: Amoonguss|move: Rage Powder\n|move|p1a: Iron Bundle|Hydro Pump|p2a: Iron Hands\n|-resisted|p2a: Iron Hands\n|-damage|p2a: Iron Hands|45\/100\n|move|p2a: Iron Hands|Drain Punch|p1b: Amoonguss\n|-resisted|p1b: Amoonguss\n|-damage|p1b: Amoonguss|81\/100\n|-heal|p2a: Iron Hands|55\/100|[from] drain|[of] p1b: Amoonguss\n|\n|upkeep\n|turn|5\n|\n|t:|1682244570\n|move|p1b: Amoonguss|Protect|p1b: Amoonguss\n|-singleturn|p1b: Amoonguss|Protect\n|move|p1a: Iron Bundle|Freeze-Dry|p2a: Iron Hands\n|-supereffective|p2a: Iron Hands\n|-damage|p2a: Iron Hands|17\/100\n|move|p2b: Gardevoir|Psychic|p1a: Iron Bundle\n|-damage|p1a: Iron Bundle|0 fnt\n|faint|p1a: Iron Bundle\n|-end|p1a: Iron Bundle|Quark Drive|[silent]\n|move|p2a: Iron Hands|Drain Punch|p1b: Amoonguss\n|-activate|p1b: Amoonguss|move: Protect\n|\n|upkeep\n|\n|t:|1682244584\n|switch|p1a: Meowscarada|Meowscarada, L50, M|75\/100\n|turn|6\n|\n|t:|1682244599\n|-end|p2a: Iron Hands|Quark Drive|[silent]\n|switch|p2a: Umbreon|Umbreon, L50, M|100\/100\n|move|p1a: Meowscarada|U-turn|p2a: Umbreon\n|-start|p1a: Meowscarada|typechange|Bug|[from] ability: Protean\n|-supereffective|p2a: Umbreon\n|-damage|p2a: Umbreon|47\/100\n|-enditem|p2a: Umbreon|Sitrus Berry|[eat]\n|-heal|p2a: Umbreon|72\/100|[from] item: Sitrus Berry\n|\n|t:|1682244609\n|switch|p1a: Ting-Lu|Ting-Lu, L50|100\/100|[from] U-turn\n|-ability|p1a: Ting-Lu|Vessel of Ruin\n|move|p2b: Gardevoir|Psychic|p1b: Amoonguss\n|-supereffective|p1b: Amoonguss\n|-damage|p1b: Amoonguss|10\/100\n|-enditem|p1b: Amoonguss|Iapapa Berry|[eat]\n|-heal|p1b: Amoonguss|43\/100|[from] item: Iapapa Berry\n|move|p1b: Amoonguss|Spore|p2b: Gardevoir\n|-status|p2b: Gardevoir|slp|[from] move: Spore\n|\n|upkeep\n|turn|7\n|\n|t:|1682244634\n|switch|p1b: Meowscarada|Meowscarada, L50, M|75\/100\n|move|p1a: Ting-Lu|Body Press|p2a: Umbreon\n|-supereffective|p2a: Umbreon\n|-damage|p2a: Umbreon|43\/100\n|cant|p2b: Gardevoir|slp\n|move|p2a: Umbreon|Moonlight|p2a: Umbreon\n|-heal|p2a: Umbreon|93\/100\n|\n|upkeep\n|turn|8\n|\n|t:|1682244658\n|switch|p2b: Gengar|Gengar, L50, M|100\/100\n|move|p1b: Meowscarada|Flower Trick|p2a: Umbreon\n|-start|p1b: Meowscarada|typechange|Grass|[from] ability: Protean\n|-crit|p2a: Umbreon\n|-damage|p2a: Umbreon|59\/100\n|move|p1a: Ting-Lu|Earthquake|p2b: Gengar|[spread] p1b,p2a,p2b\n|-resisted|p1b: Meowscarada\n|-supereffective|p2b: Gengar\n|-damage|p1b: Meowscarada|53\/100\n|-damage|p2a: Umbreon|41\/100\n|-damage|p2b: Gengar|0 fnt\n|faint|p2b: Gengar\n|move|p2a: Umbreon|Moonlight|p2a: Umbreon\n|-heal|p2a: Umbreon|91\/100\n|\n|upkeep\n|\n|t:|1682244669\n|switch|p2b: Iron Hands|Iron Hands, L50, tera:Grass|17\/100\n|turn|9\n|\n|t:|1682244708\n|move|p2b: Iron Hands|Fake Out|p1a: Ting-Lu\n|-damage|p1a: Ting-Lu|91\/100\n|move|p1b: Meowscarada|U-turn|p2b: Iron Hands\n|-supereffective|p2b: Iron Hands\n|-damage|p2b: Iron Hands|0 fnt\n|faint|p2b: Iron Hands\n|-end|p2b: Iron Hands|Quark Drive|[silent]\n|\n|t:|1682244715\n|switch|p1b: Amoonguss|Amoonguss, L50, F|76\/100|[from] U-turn\n|cant|p1a: Ting-Lu|flinch\n|move|p2a: Umbreon|Foul Play|p1b: Amoonguss\n|-damage|p1b: Amoonguss|55\/100\n|\n|-heal|p1a: Ting-Lu|97\/100|[from] item: Leftovers\n|upkeep\n|\n|t:|1682244719\n|switch|p2b: Gardevoir|Gardevoir, L50, F|100\/100 slp\n|-ability|p2b: Gardevoir|Vessel of Ruin\n|-ability|p2b: Gardevoir|Vessel of Ruin|[from] ability: Trace|[of] p1a: Ting-Lu\n|turn|10\n|\n|t:|1682244754\n|switch|p1b: Meowscarada|Meowscarada, L50, M|53\/100\n|move|p1a: Ting-Lu|Earthquake|p2b: Gardevoir|[spread] p1b,p2a,p2b\n|-resisted|p1b: Meowscarada\n|-damage|p1b: Meowscarada|31\/100\n|-damage|p2a: Umbreon|74\/100\n|-damage|p2b: Gardevoir|66\/100 slp\n|cant|p2b: Gardevoir|slp\n|move|p2a: Umbreon|Snarl|p1a: Ting-Lu|[spread] p1a,p1b\n|-resisted|p1a: Ting-Lu\n|-resisted|p1b: Meowscarada\n|-damage|p1a: Ting-Lu|95\/100\n|-damage|p1b: Meowscarada|25\/100\n|-unboost|p1a: Ting-Lu|spa|1\n|-unboost|p1b: Meowscarada|spa|1\n|\n|-heal|p1a: Ting-Lu|100\/100|[from] item: Leftovers\n|upkeep\n|turn|11\n|\n|t:|1682244789\n|move|p1b: Meowscarada|Flower Trick|p2b: Gardevoir\n|-start|p1b: Meowscarada|typechange|Grass|[from] ability: Protean\n|-crit|p2b: Gardevoir\n|-damage|p2b: Gardevoir|10\/100 slp\n|move|p1a: Ting-Lu|Body Press|p2a: Umbreon\n|-supereffective|p2a: Umbreon\n|-damage|p2a: Umbreon|45\/100\n|-curestatus|p2b: Gardevoir|slp|[msg]\n|move|p2b: Gardevoir|Dazzling Gleam|p1a: Ting-Lu|[spread] p1a,p1b\n|-supereffective|p1a: Ting-Lu\n|-damage|p1a: Ting-Lu|35\/100\n|-damage|p1b: Meowscarada|0 fnt\n|faint|p1b: Meowscarada\n|move|p2a: Umbreon|Moonlight|p2a: Umbreon\n|-heal|p2a: Umbreon|95\/100\n|\n|-heal|p1a: Ting-Lu|41\/100|[from] item: Leftovers\n|upkeep\n|\n|t:|1682244812\n|switch|p1b: Amoonguss|Amoonguss, L50, F|88\/100\n|turn|12\n|\n|t:|1682244837\n|-terastallize|p1a: Ting-Lu|Fairy\n|move|p1b: Amoonguss|Protect|p1b: Amoonguss\n|-singleturn|p1b: Amoonguss|Protect\n|move|p1a: Ting-Lu|Earthquake|p2a: Umbreon|[spread] p2a,p2b\n|-activate|p1b: Amoonguss|move: Protect\n|-damage|p2a: Umbreon|76\/100\n|-damage|p2b: Gardevoir|0 fnt\n|faint|p2b: Gardevoir\n|move|p2a: Umbreon|Snarl|p1a: Ting-Lu|[spread] p1a\n|-activate|p1b: Amoonguss|move: Protect\n|-resisted|p1a: Ting-Lu\n|-damage|p1a: Ting-Lu|38\/100\n|-unboost|p1a: Ting-Lu|spa|1\n|\n|-heal|p1a: Ting-Lu|44\/100|[from] item: Leftovers\n|upkeep\n|turn|13\n|\n|t:|1682244857\n|move|p1a: Ting-Lu|Body Press|p2a: Umbreon\n|-supereffective|p2a: Umbreon\n|-damage|p2a: Umbreon|47\/100\n|move|p2a: Umbreon|Foul Play|p1a: Ting-Lu\n|-resisted|p1a: Ting-Lu\n|-damage|p1a: Ting-Lu|33\/100\n|move|p1b: Amoonguss|Pollen Puff|p1a: Ting-Lu\n|-heal|p1a: Ting-Lu|83\/100\n|\n|-heal|p1a: Ting-Lu|89\/100|[from] item: Leftovers\n|upkeep\n|turn|14\n|\n|t:|1682244874\n|move|p1a: Ting-Lu|Body Press|p2a: Umbreon\n|-supereffective|p2a: Umbreon\n|-damage|p2a: Umbreon|17\/100\n|move|p2a: Umbreon|Moonlight|p2a: Umbreon\n|-heal|p2a: Umbreon|67\/100\n|move|p1b: Amoonguss|Pollen Puff|p2a: Umbreon\n|-supereffective|p2a: Umbreon\n|-damage|p2a: Umbreon|49\/100\n|\n|-heal|p1a: Ting-Lu|95\/100|[from] item: Leftovers\n|upkeep\n|turn|15\n|\n|t:|1682244889\n|move|p1a: Ting-Lu|Body Press|p2a: Umbreon\n|-supereffective|p2a: Umbreon\n|-damage|p2a: Umbreon|17\/100\n|move|p2a: Umbreon|Moonlight|p2a: Umbreon\n|-heal|p2a: Umbreon|67\/100\n|move|p1b: Amoonguss|Spore|p2a: Umbreon\n|-status|p2a: Umbreon|slp|[from] move: Spore\n|\n|-heal|p1a: Ting-Lu|100\/100|[from] item: Leftovers\n|upkeep\n|turn|16\n|\n|t:|1682244910\n|move|p1a: Ting-Lu|Body Press|p2a: Umbreon\n|-supereffective|p2a: Umbreon\n|-damage|p2a: Umbreon|40\/100 slp\n|cant|p2a: Umbreon|slp\n|move|p1b: Amoonguss|Pollen Puff|p2a: Umbreon\n|-supereffective|p2a: Umbreon\n|-damage|p2a: Umbreon|21\/100 slp\n|\n|upkeep\n|turn|17\n|\n|t:|1682244922\n|move|p1b: Amoonguss|Rage Powder|p1b: Amoonguss\n|-singleturn|p1b: Amoonguss|move: Rage Powder\n|move|p1a: Ting-Lu|Body Press|p2a: Umbreon\n|-supereffective|p2a: Umbreon\n|-damage|p2a: Umbreon|0 fnt\n|faint|p2a: Umbreon\n|\n|win|Moonz_e\n|raw|Moonz_e's rating: 1021 → 1066<\/strong> (+45 for winning)\n|raw|Biawak123's rating: 1100 → 1069<\/strong> (-31 for losing)\n|c|\u2606Moonz_e|Gg\n|c|\u2606Biawak123|No gg\n|c|\u2606Biawak123|Jo\n|c|\u2606Biawak123|jk\n","uploadtime":1682244946,"views":16,"p1id":"moonze","p2id":"biawak123","formatid":"gen9vgc2023regulationc","rating":1066,"private":0,"password":""}