{"id":"gen9vgc2023regulationc-1845191878","p1":"Training_ArcTM","p2":"ScraggypantsYT","format":"[Gen 9] VGC 2023 Regulation C","log":"|j|\u2606Training_ArcTM\n|j|\u2606ScraggypantsYT\n|t:|1681694553\n|gametype|doubles\n|player|p1|Training_ArcTM|1|\n|player|p2|ScraggypantsYT|plasmagrunt|\n|teamsize|p1|6\n|teamsize|p2|6\n|gen|9\n|tier|[Gen 9] VGC 2023 Regulation C\n|rule|Species Clause: Limit one of each Pok\u00e9mon\n|rule|Item Clause: Limit one of each item\n|clearpoke\n|poke|p1|Roaring Moon, L50|\n|poke|p1|Chien-Pao, L50|\n|poke|p1|Klefki, L50, M|\n|poke|p1|Azumarill, L50, M|\n|poke|p1|Lucario, L50, M|\n|poke|p1|Tauros-Paldea-Blaze, L50, M|\n|poke|p2|Pelipper, L50, F|\n|poke|p2|Palafin, L50, F|\n|poke|p2|Barraskewda, L50, M|\n|poke|p2|Magneton, L50|\n|poke|p2|Garganacl, L50, M|\n|poke|p2|Whiscash, L50, M|\n|teampreview|4\n|c|\u2606ScraggypantsYT|glhf\n|\n|t:|1681694607\n|start\n|switch|p1a: Chien-Pao|Chien-Pao, L50|100\/100\n|switch|p1b: Roaring Moon|Roaring Moon, L50|100\/100\n|switch|p2a: The New Guy|Whiscash, L50, M|100\/100\n|switch|p2b: Boltz|Magneton, L50, shiny|100\/100\n|-ability|p1a: Chien-Pao|Sword of Ruin\n|-enditem|p1b: Roaring Moon|Booster Energy\n|-activate|p1b: Roaring Moon|ability: Protosynthesis|[fromitem]\n|-start|p1b: Roaring Moon|protosynthesisatk\n|turn|1\n|\n|t:|1681694646\n|move|p1a: Chien-Pao|Sucker Punch||[still]\n|-fail|p1a: Chien-Pao\n|move|p1b: Roaring Moon|Throat Chop|p2b: Boltz\n|-damage|p2b: Boltz|56\/100\n|-start|p2b: Boltz|Throat Chop|[silent]\n|move|p2b: Boltz|Rain Dance|p2b: Boltz\n|-weather|RainDance\n|move|p2a: The New Guy|Fissure|p1a: Chien-Pao|[miss]\n|-miss|p2a: The New Guy|p1a: Chien-Pao\n|\n|-weather|RainDance|[upkeep]\n|upkeep\n|turn|2\n|\n|t:|1681694702\n|move|p1a: Chien-Pao|Throat Chop|p2a: The New Guy\n|-damage|p2a: The New Guy|58\/100\n|-start|p2a: The New Guy|Throat Chop|[silent]\n|move|p1b: Roaring Moon|Throat Chop|p2a: The New Guy\n|-damage|p2a: The New Guy|0 fnt\n|faint|p2a: The New Guy\n|move|p2b: Boltz|Thunder Wave|p1b: Roaring Moon|[miss]\n|-miss|p2b: Boltz|p1b: Roaring Moon\n|\n|-weather|RainDance|[upkeep]\n|-end|p2b: Boltz|Throat Chop|[silent]\n|upkeep\n|\n|t:|1681694714\n|switch|p2a: Final Gambit|Barraskewda, L50, M|100\/100\n|turn|3\n|inactive|Battle timer is ON: inactive players will automatically lose when time's up. (requested by Training_ArcTM)\n|\n|t:|1681694741\n|move|p1b: Roaring Moon|Protect|p1b: Roaring Moon\n|-singleturn|p1b: Roaring Moon|Protect\n|move|p1a: Chien-Pao|Sucker Punch|p2a: Final Gambit\n|-damage|p2a: Final Gambit|13\/100\n|move|p2a: Final Gambit|Close Combat|p1a: Chien-Pao\n|-supereffective|p1a: Chien-Pao\n|-enditem|p1a: Chien-Pao|Focus Sash\n|-damage|p1a: Chien-Pao|1\/100\n|-unboost|p2a: Final Gambit|def|1\n|-unboost|p2a: Final Gambit|spd|1\n|move|p2b: Boltz|Electroweb|p1a: Chien-Pao|[spread] p1a\n|-activate|p1b: Roaring Moon|move: Protect\n|-damage|p1a: Chien-Pao|0 fnt\n|faint|p1a: Chien-Pao\n|\n|-weather|RainDance|[upkeep]\n|upkeep\n|\n|t:|1681694749\n|switch|p1a: Azumarill|Azumarill, L50, M|100\/100\n|turn|4\n|\n|t:|1681694771\n|switch|p2a: Make It Rain|Pelipper, L50, F|100\/100\n|move|p1a: Azumarill|Aqua Jet|p2a: Make It Rain\n|-resisted|p2a: Make It Rain\n|-damage|p2a: Make It Rain|85\/100\n|move|p1b: Roaring Moon|Throat Chop|p2b: Boltz\n|-damage|p2b: Boltz|23\/100\n|-start|p2b: Boltz|Throat Chop|[silent]\n|move|p2b: Boltz|Thunder Wave|p1a: Azumarill\n|-status|p1a: Azumarill|par\n|\n|-weather|RainDance|[upkeep]\n|upkeep\n|turn|5\n|\n|t:|1681694795\n|move|p1b: Roaring Moon|Throat Chop|p2b: Boltz\n|-damage|p2b: Boltz|0 fnt\n|faint|p2b: Boltz\n|move|p2a: Make It Rain|Hurricane|p1b: Roaring Moon\n|-damage|p1b: Roaring Moon|65\/100\n|move|p1a: Azumarill|Play Rough|p2a: Make It Rain\n|-damage|p2a: Make It Rain|38\/100\n|\n|-weather|none\n|upkeep\n|\n|t:|1681694805\n|switch|p2b: Final Gambit|Barraskewda, L50, M|13\/100\n|turn|6\n|\n|t:|1681694819\n|-terastallize|p2a: Make It Rain|Ground\n|move|p2a: Make It Rain|Wide Guard|p2a: Make It Rain\n|-singleturn|p2a: Make It Rain|Wide Guard\n|move|p1a: Azumarill|Aqua Jet|p2b: Final Gambit\n|-resisted|p2b: Final Gambit\n|-damage|p2b: Final Gambit|0 fnt\n|faint|p2b: Final Gambit\n|move|p1b: Roaring Moon|Throat Chop|p2a: Make It Rain\n|-damage|p2a: Make It Rain|0 fnt\n|faint|p2a: Make It Rain\n|\n|win|Training_ArcTM\n|l|\u2606Training_ArcTM\n","uploadtime":1681694831,"views":18,"p1id":"trainingarctm","p2id":"scraggypantsyt","formatid":"gen9vgc2023regulationc","rating":0,"private":0,"password":""}