{"id":"gen9vgc2023regulationc-1850386277","p1":"Pepear500","p2":"bennoVGC","format":"[Gen 9] VGC 2023 Regulation C","log":"|j|\u2606Pepear500\n|j|\u2606bennoVGC\n|t:|1682328961\n|gametype|doubles\n|player|p1|Pepear500|hiker-gen4|1293\n|player|p2|bennoVGC|265|1340\n|teamsize|p1|6\n|teamsize|p2|6\n|gen|9\n|tier|[Gen 9] VGC 2023 Regulation C\n|rated|\n|rule|Species Clause: Limit one of each Pok\u00e9mon\n|rule|Item Clause: Limit one of each item\n|clearpoke\n|poke|p1|Annihilape, L50, F|\n|poke|p1|Gholdengo, L50|\n|poke|p1|Iron Hands, L50|\n|poke|p1|Amoonguss, L50, F|\n|poke|p1|Iron Bundle, L50|\n|poke|p1|Garganacl, L50, F|\n|poke|p2|Palafin, L50, F|\n|poke|p2|Arcanine, L50, M|\n|poke|p2|Flutter Mane, L50|\n|poke|p2|Amoonguss, L50, F|\n|poke|p2|Ting-Lu, L50|\n|poke|p2|Pawmot, L50, F|\n|teampreview|4\n|inactive|Battle timer is ON: inactive players will automatically lose when time's up. (requested by Pepear500)\nbennoVGC has agreed to open team sheets.\n|inactive|Pepear500 has 60 seconds left.\n|inactive|bennoVGC has 60 seconds left.\n|inactive|bennoVGC has 30 seconds left.\n|\n|t:|1682329023\n|start\n|switch|p1a: Iron Hands|Iron Hands, L50|100\/100\n|switch|p1b: Amoonguss|Amoonguss, L50, F|100\/100\n|switch|p2a: Palafin|Palafin, L50, F, shiny|100\/100\n|switch|p2b: Flutter Mane|Flutter Mane, L50, shiny|100\/100\n|turn|1\n|\n|t:|1682329040\n|detailschange|p2a: Palafin|Palafin-Hero, L50, F, shiny\n|switch|p2a: Ting-Lu|Ting-Lu, L50|100\/100\n|-ability|p2a: Ting-Lu|Vessel of Ruin\n|move|p2b: Flutter Mane|Dazzling Gleam|p1b: Amoonguss|[spread] p1a,p1b\n|-supereffective|p1a: Iron Hands\n|-resisted|p1b: Amoonguss\n|-damage|p1a: Iron Hands|74\/100\n|-damage|p1b: Amoonguss|89\/100\n|move|p1a: Iron Hands|Heavy Slam|p2b: Flutter Mane\n|-supereffective|p2b: Flutter Mane\n|-damage|p2b: Flutter Mane|0 fnt\n|faint|p2b: Flutter Mane\n|-end|p2b: Flutter Mane|Protosynthesis|[silent]\n|move|p1b: Amoonguss|Spore|p2a: Ting-Lu\n|-status|p2a: Ting-Lu|slp|[from] move: Spore\n|\n|upkeep\n|\n|t:|1682329064\n|switch|p2b: Pawmot|Pawmot, L50, F, shiny|100\/100\n|turn|2\n|inactive|Pepear500 has 30 seconds left.\n|inactive|bennoVGC has 30 seconds left.\n|\n|t:|1682329092\n|move|p2b: Pawmot|Fake Out|p1a: Iron Hands\n|-damage|p1a: Iron Hands|66\/100\n|cant|p2a: Ting-Lu|slp\n|cant|p1a: Iron Hands|flinch\n|move|p1b: Amoonguss|Pollen Puff|p2b: Pawmot\n|-resisted|p2b: Pawmot\n|-damage|p2b: Pawmot|88\/100\n|\n|upkeep\n|turn|3\n|\n|t:|1682329115\n|-terastallize|p2a: Ting-Lu|Poison\n|move|p2b: Pawmot|Revival Blessing|p2b: Pawmot\n|\n|t:|1682329118\n|-heal|p2: Flutter Mane|50\/100|[from] move: Revival Blessing\n|-curestatus|p2a: Ting-Lu|slp|[msg]\n|move|p2a: Ting-Lu|Stomping Tantrum|p1a: Iron Hands\n|-supereffective|p1a: Iron Hands\n|-damage|p1a: Iron Hands|0 fnt\n|faint|p1a: Iron Hands\n|-end|p1a: Iron Hands|Quark Drive|[silent]\n|move|p1b: Amoonguss|Pollen Puff|p1: Iron Hands|[notarget]\n|-fail|p1b: Amoonguss\n|\n|upkeep\n|\n|t:|1682329131\n|switch|p1a: Garga\u00f1oclo|Garganacl, L50, F|100\/100\n|turn|4\n|\n|t:|1682329155\n|-terastallize|p1a: Garga\u00f1oclo|Grass\n|move|p2b: Pawmot|Close Combat|p1a: Garga\u00f1oclo\n|-damage|p1a: Garga\u00f1oclo|66\/100\n|-unboost|p2b: Pawmot|def|1\n|-unboost|p2b: Pawmot|spd|1\n|-damage|p2b: Pawmot|71\/100|[from] item: Rocky Helmet|[of] p1a: Garga\u00f1oclo\n|move|p2a: Ting-Lu|Ruination|p1a: Garga\u00f1oclo\n|-damage|p1a: Garga\u00f1oclo|33\/100\n|move|p1a: Garga\u00f1oclo|Salt Cure|p2a: Ting-Lu\n|-damage|p2a: Ting-Lu|92\/100\n|-start|p2a: Ting-Lu|Salt Cure\n|move|p1b: Amoonguss|Spore|p2b: Pawmot\n|-status|p2b: Pawmot|slp|[from] move: Spore\n|\n|-damage|p2a: Ting-Lu|80\/100|[from] Salt Cure\n|upkeep\n|turn|5\n|inactive|bennoVGC has 30 seconds left.\n|\n|t:|1682329187\n|-curestatus|p2b: Pawmot|slp|[from] ability: Natural Cure\n|switch|p2b: Flutter Mane|Flutter Mane, L50, shiny|50\/100\n|move|p2a: Ting-Lu|Ruination|p1a: Garga\u00f1oclo\n|-damage|p1a: Garga\u00f1oclo|17\/100\n|move|p1a: Garga\u00f1oclo|Salt Cure|p2b: Flutter Mane\n|-damage|p2b: Flutter Mane|24\/100\n|-start|p2b: Flutter Mane|Salt Cure\n|move|p1b: Amoonguss|Pollen Puff|p1a: Garga\u00f1oclo\n|-heal|p1a: Garga\u00f1oclo|67\/100\n|\n|-damage|p2b: Flutter Mane|12\/100|[from] Salt Cure\n|-damage|p2a: Ting-Lu|68\/100|[from] Salt Cure\n|upkeep\n|turn|6\n|inactive|Pepear500 has 30 seconds left.\n|inactive|bennoVGC has 30 seconds left.\n|inactive|Pepear500 has 20 seconds left.\n|\n|t:|1682329223\n|move|p2b: Flutter Mane|Moonblast|p1a: Garga\u00f1oclo\n|-damage|p1a: Garga\u00f1oclo|21\/100\n|move|p2a: Ting-Lu|Fissure|p1b: Amoonguss\n|-damage|p1b: Amoonguss|0 fnt\n|faint|p1b: Amoonguss\n|-ohko\n|move|p1a: Garga\u00f1oclo|Recover|p1a: Garga\u00f1oclo\n|-heal|p1a: Garga\u00f1oclo|71\/100\n|\n|-damage|p2b: Flutter Mane|0 fnt|[from] Salt Cure\n|faint|p2b: Flutter Mane\n|-end|p2b: Flutter Mane|Protosynthesis|[silent]\n|-damage|p2a: Ting-Lu|56\/100|[from] Salt Cure\n|upkeep\n|\n|t:|1682329235\n|switch|p2b: Pawmot|Pawmot, L50, F, shiny|71\/100\n|switch|p1b: Iron Bundle|Iron Bundle, L50|100\/100\n|-enditem|p1b: Iron Bundle|Booster Energy\n|-activate|p1b: Iron Bundle|ability: Quark Drive|[fromitem]\n|-start|p1b: Iron Bundle|quarkdrivespe\n|turn|7\n|c|\u2606Pepear500|Nooooo\n|\n|t:|1682329262\n|move|p2b: Pawmot|Fake Out|p1b: Iron Bundle\n|-damage|p1b: Iron Bundle|86\/100\n|cant|p1b: Iron Bundle|flinch\n|move|p2a: Ting-Lu|Fissure|p1a: Garga\u00f1oclo|[miss]\n|-miss|p2a: Ting-Lu|p1a: Garga\u00f1oclo\n|move|p1a: Garga\u00f1oclo|Salt Cure|p2b: Pawmot\n|-resisted|p2b: Pawmot\n|-damage|p2b: Pawmot|60\/100\n|-start|p2b: Pawmot|Salt Cure\n|\n|-damage|p2b: Pawmot|48\/100|[from] Salt Cure\n|-damage|p2a: Ting-Lu|44\/100|[from] Salt Cure\n|upkeep\n|turn|8\n|inactive|bennoVGC has 30 seconds left.\n|\n|t:|1682329296\n|move|p1b: Iron Bundle|Encore|p2b: Pawmot\n|-start|p2b: Pawmot|Encore\n|move|p2b: Pawmot|Fake Out||[still]\n|-hint|Fake Out only works on your first turn out.\n|-fail|p2b: Pawmot\n|move|p2a: Ting-Lu|Heavy Slam|p1b: Iron Bundle\n|-damage|p1b: Iron Bundle|38\/100\n|move|p1a: Garga\u00f1oclo|Recover|p1a: Garga\u00f1oclo\n|-heal|p1a: Garga\u00f1oclo|100\/100\n|\n|-damage|p2b: Pawmot|36\/100|[from] Salt Cure\n|-damage|p2a: Ting-Lu|31\/100|[from] Salt Cure\n|upkeep\n|turn|9\n|\n|t:|1682329308\n|switch|p2b: Palafin|Palafin-Hero, L50, F, shiny|100\/100\n|-activate|p2b: Palafin|ability: Zero to Hero\n|move|p1b: Iron Bundle|Hydro Pump|p2a: Ting-Lu\n|-damage|p2a: Ting-Lu|12\/100\n|move|p2a: Ting-Lu|Heavy Slam|p1b: Iron Bundle\n|-damage|p1b: Iron Bundle|0 fnt\n|faint|p1b: Iron Bundle\n|-end|p1b: Iron Bundle|Quark Drive|[silent]\n|move|p1a: Garga\u00f1oclo|Salt Cure|p2b: Palafin\n|-damage|p2b: Palafin|87\/100\n|-start|p2b: Palafin|Salt Cure\n|\n|-damage|p2b: Palafin|62\/100|[from] Salt Cure\n|-damage|p2a: Ting-Lu|0 fnt|[from] Salt Cure\n|faint|p2a: Ting-Lu\n|upkeep\n|\n|t:|1682329318\n|switch|p2a: Pawmot|Pawmot, L50, F, shiny|36\/100\n|turn|10\n|\n|t:|1682329332\n|move|p2a: Pawmot|Fake Out|p1a: Garga\u00f1oclo\n|-damage|p1a: Garga\u00f1oclo|92\/100\n|-damage|p2a: Pawmot|20\/100|[from] item: Rocky Helmet|[of] p1a: Garga\u00f1oclo\n|move|p2b: Palafin|Close Combat|p1a: Garga\u00f1oclo\n|-damage|p1a: Garga\u00f1oclo|60\/100\n|-unboost|p2b: Palafin|def|1\n|-unboost|p2b: Palafin|spd|1\n|-damage|p2b: Palafin|46\/100|[from] item: Rocky Helmet|[of] p1a: Garga\u00f1oclo\n|cant|p1a: Garga\u00f1oclo|flinch\n|\n|-damage|p2b: Palafin|21\/100|[from] Salt Cure\n|upkeep\n|turn|11\n|\n|t:|1682329348\n|move|p2a: Pawmot|Close Combat|p1a: Garga\u00f1oclo\n|-damage|p1a: Garga\u00f1oclo|22\/100\n|-unboost|p2a: Pawmot|def|1\n|-unboost|p2a: Pawmot|spd|1\n|-damage|p2a: Pawmot|3\/100|[from] item: Rocky Helmet|[of] p1a: Garga\u00f1oclo\n|move|p2b: Palafin|Close Combat|p1a: Garga\u00f1oclo\n|-damage|p1a: Garga\u00f1oclo|0 fnt\n|-unboost|p2b: Palafin|def|1\n|-unboost|p2b: Palafin|spd|1\n|-damage|p2b: Palafin|4\/100|[from] item: Rocky Helmet|[of] p1a: Garga\u00f1oclo\n|faint|p1a: Garga\u00f1oclo\n|\n|win|bennoVGC\n|raw|Pepear500's rating: 1293 → 1271<\/strong> (-22 for losing)\n|raw|bennoVGC's rating: 1340 → 1357<\/strong> (+17 for winning)\n|c|\u2606bennoVGC|gg\n|c|\u2606bennoVGC|crazy match\n","uploadtime":1682329361,"views":21,"p1id":"pepear500","p2id":"bennovgc","formatid":"gen9vgc2023regulationc","rating":1271,"private":0,"password":""}