{"id":"gen9vgc2023regulationc-1864165543","p1":"M175128050523","p2":"jlewGENE","format":"[Gen 9] VGC 2023 Regulation C","log":"|j|\u2606M175128050523\n|j|\u2606jlewGENE\n|t:|1684128329\n|gametype|doubles\n|player|p1|M175128050523|silver|1094\n|player|p2|jlewGENE|red|1051\n|teamsize|p1|6\n|teamsize|p2|6\n|gen|9\n|tier|[Gen 9] VGC 2023 Regulation C\n|rated|\n|rule|Species Clause: Limit one of each Pok\u00e9mon\n|rule|Item Clause: Limit one of each item\n|clearpoke\n|poke|p1|Orthworm, L50, M|\n|poke|p1|Iron Hands, L50|\n|poke|p1|Flutter Mane, L50|\n|poke|p1|Gholdengo, L50|\n|poke|p1|Gyarados, L50, M|\n|poke|p1|Ting-Lu, L50|\n|poke|p2|Meowscarada, L50, F|\n|poke|p2|Skeledirge, L50, F|\n|poke|p2|Tauros-Paldea-Blaze, L50, M|\n|poke|p2|Amoonguss, L50, M|\n|poke|p2|Flutter Mane, L50|\n|poke|p2|Chi-Yu, L50|\n|teampreview|4\nM175128050523 has agreed to open team sheets.\n|inactive|Battle timer is ON: inactive players will automatically lose when time's up. (requested by M175128050523)\n|\n|t:|1684128373\n|start\n|switch|p1a: Orthworm|Orthworm, L50, M|100\/100\n|switch|p1b: Ting-Lu|Ting-Lu, L50|100\/100\n|switch|p2a: Meowscarada|Meowscarada, L50, F|100\/100\n|switch|p2b: Skeledirge|Skeledirge, L50, F|100\/100\n|-ability|p1b: Ting-Lu|Vessel of Ruin\n|turn|1\n|\n|t:|1684128396\n|move|p1b: Ting-Lu|Protect|p1b: Ting-Lu\n|-singleturn|p1b: Ting-Lu|Protect\n|move|p2b: Skeledirge|Protect|p2b: Skeledirge\n|-singleturn|p2b: Skeledirge|Protect\n|move|p1a: Orthworm|Shed Tail|p1a: Orthworm\n|-start|p1a: Orthworm|Substitute|[from] move: Shed Tail\n|-damage|p1a: Orthworm|50\/100\n|-enditem|p1a: Orthworm|Sitrus Berry|[eat]\n|-heal|p1a: Orthworm|75\/100|[from] item: Sitrus Berry\n|\n|t:|1684128410\n|switch|p1a: Gholdengo|Gholdengo, L50|100\/100|[from] Shed Tail\n|move|p2a: Meowscarada|Trick Room|p2a: Meowscarada\n|-start|p2a: Meowscarada|typechange|Psychic|[from] ability: Protean\n|-fieldstart|move: Trick Room|[of] p2a: Meowscarada\n|\n|upkeep\n|turn|2\n|\n|t:|1684128432\n|-terastallize|p2b: Skeledirge|Water\n|move|p1a: Gholdengo|Protect|p1a: Gholdengo\n|-singleturn|p1a: Gholdengo|Protect\n|move|p2a: Meowscarada|Grass Pledge|p1a: Gholdengo\n|-waiting|p2a: Meowscarada|p2b: Skeledirge\n|move|p2b: Skeledirge|Fire Pledge|p1a: Gholdengo|[from]move: Grass Pledge\n|-activate|p1a: Gholdengo|move: Protect\n|move|p1b: Ting-Lu|Throat Chop|p2a: Meowscarada\n|-supereffective|p2a: Meowscarada\n|-damage|p2a: Meowscarada|28\/100\n|-start|p2a: Meowscarada|Throat Chop|[silent]\n|\n|upkeep\n|turn|3\n|inactive|M175128050523 has 30 seconds left.\n|inactive|M175128050523 has 20 seconds left.\n|\n|t:|1684128470\n|move|p2a: Meowscarada|Grass Pledge|p1a: Gholdengo\n|-waiting|p2a: Meowscarada|p2b: Skeledirge\n|move|p2b: Skeledirge|Fire Pledge|p1a: Gholdengo|[from]move: Grass Pledge\n|-combine\n|-supereffective|p1a: Gholdengo\n|-end|p1a: Gholdengo|Substitute\n|-damage|p2b: Skeledirge|91\/100|[from] item: Life Orb\n|move|p1b: Ting-Lu|Snarl|p2a: Meowscarada|[spread] p2a,p2b\n|-supereffective|p2a: Meowscarada\n|-damage|p2a: Meowscarada|8\/100\n|-damage|p2b: Skeledirge|82\/100\n|-unboost|p2a: Meowscarada|spa|1\n|-unboost|p2b: Skeledirge|spa|1\n|move|p1a: Gholdengo|Nasty Plot|p1a: Gholdengo\n|-boost|p1a: Gholdengo|spa|2\n|\n|-end|p2a: Meowscarada|Throat Chop|[silent]\n|upkeep\n|turn|4\n|inactive|jlewGENE has 30 seconds left.\n|inactive|jlewGENE has 20 seconds left.\n|inactive|jlewGENE has 15 seconds left.\n|inactive|jlewGENE has 10 seconds left.\n|\n|t:|1684128518\n|switch|p2a: Amoonguss|Amoonguss, L50, M|100\/100\n|move|p1a: Gholdengo|Protect|p1a: Gholdengo\n|-singleturn|p1a: Gholdengo|Protect\n|move|p2b: Skeledirge|Tera Blast|p1b: Ting-Lu\n|-supereffective|p1b: Ting-Lu\n|-damage|p1b: Ting-Lu|71\/100\n|-damage|p2b: Skeledirge|72\/100|[from] item: Life Orb\n|move|p1b: Ting-Lu|Earthquake|p2a: Amoonguss|[spread] p2a,p2b\n|-activate|p1a: Gholdengo|move: Protect\n|-damage|p2a: Amoonguss|78\/100\n|-damage|p2b: Skeledirge|47\/100\n|\n|upkeep\n|turn|5\n|inactive|M175128050523 has 30 seconds left.\n|inactive|M175128050523 has 20 seconds left.\n|\n|t:|1684128555\n|-terastallize|p1a: Gholdengo|Water\n|move|p1b: Ting-Lu|Protect|p1b: Ting-Lu\n|-singleturn|p1b: Ting-Lu|Protect\n|move|p2a: Amoonguss|Pollen Puff|p2b: Skeledirge\n|-heal|p2b: Skeledirge|97\/100\n|move|p2b: Skeledirge|Fire Pledge|p1a: Gholdengo\n|-resisted|p1a: Gholdengo\n|-crit|p1a: Gholdengo\n|-damage|p1a: Gholdengo|65\/100\n|-damage|p2b: Skeledirge|87\/100|[from] item: Life Orb\n|move|p1a: Gholdengo|Shadow Ball|p2a: Amoonguss\n|-damage|p2a: Amoonguss|22\/100\n|-unboost|p2a: Amoonguss|spd|1\n|-enditem|p2a: Amoonguss|Sitrus Berry|[eat]\n|-heal|p2a: Amoonguss|47\/100|[from] item: Sitrus Berry\n|\n|-heal|p1a: Gholdengo|71\/100|[from] item: Leftovers\n|-fieldend|move: Trick Room\n|upkeep\n|turn|6\n|inactive|M175128050523 has 30 seconds left.\n|inactive|jlewGENE has 30 seconds left.\n|inactive|jlewGENE has 20 seconds left.\n|inactive|jlewGENE has 15 seconds left.\n|\n|t:|1684128598\n|switch|p1b: Orthworm|Orthworm, L50, M|75\/100\n|move|p1a: Gholdengo|Make It Rain|p2a: Amoonguss|[spread] p2a,p2b\n|-resisted|p2b: Skeledirge\n|-damage|p2a: Amoonguss|0 fnt\n|-damage|p2b: Skeledirge|63\/100\n|-unboost|p1a: Gholdengo|spa|1\n|faint|p2a: Amoonguss\n|move|p2b: Skeledirge|Shadow Ball|p1a: Gholdengo\n|-damage|p1a: Gholdengo|27\/100\n|-damage|p2b: Skeledirge|53\/100|[from] item: Life Orb\n|\n|-heal|p1a: Gholdengo|33\/100|[from] item: Leftovers\n|upkeep\n|\n|t:|1684128612\n|switch|p2a: Meowscarada|Meowscarada, L50, F|8\/100\n|turn|7\n|\n|t:|1684128627\n|switch|p2a: Tauros|Tauros-Paldea-Blaze, L50, M|100\/100\n|move|p1a: Gholdengo|Protect|p1a: Gholdengo\n|-singleturn|p1a: Gholdengo|Protect\n|move|p1b: Orthworm|Heavy Slam|p2a: Tauros\n|-resisted|p2a: Tauros\n|-damage|p2a: Tauros|89\/100\n|move|p2b: Skeledirge|Shadow Ball|p1a: Gholdengo\n|-activate|p1a: Gholdengo|move: Protect\n|\n|-heal|p1a: Gholdengo|39\/100|[from] item: Leftovers\n|upkeep\n|turn|8\n|\n|t:|1684128650\n|move|p1a: Gholdengo|Shadow Ball|p2b: Skeledirge\n|-damage|p2b: Skeledirge|5\/100\n|move|p2a: Tauros|Close Combat|p1a: Gholdengo\n|-damage|p1a: Gholdengo|0 fnt\n|-unboost|p2a: Tauros|def|1\n|-unboost|p2a: Tauros|spd|1\n|faint|p1a: Gholdengo\n|move|p1b: Orthworm|Shed Tail|p1b: Orthworm\n|-start|p1b: Orthworm|Substitute|[from] move: Shed Tail\n|-damage|p1b: Orthworm|25\/100\n|\n|t:|1684128672\n|switch|p1b: Ting-Lu|Ting-Lu, L50|71\/100|[from] Shed Tail\n|-ability|p1b: Ting-Lu|Vessel of Ruin\n|move|p2b: Skeledirge|Fire Pledge|p1b: Ting-Lu\n|-activate|p1b: Ting-Lu|move: Substitute|[damage]\n|-damage|p2b: Skeledirge|0 fnt|[from] item: Life Orb\n|faint|p2b: Skeledirge\n|\n|upkeep\n|-message|jlewGENE forfeited.\n|\n|win|M175128050523\n|raw|M175128050523's rating: 1094 → 1117<\/strong> (+23 for winning)\n|raw|jlewGENE's rating: 1051 → 1036<\/strong> (-15 for losing)\n|l|\u2606jlewGENE\n","uploadtime":1684128686,"views":5,"p1id":"m175128050523","p2id":"jlewgene","formatid":"gen9vgc2023regulationc","rating":1036,"private":0,"password":""}