{"id":"gen9vgc2023regulationc-1845284992","p1":"juxp","p2":"tumorcio","format":"[Gen 9] VGC 2023 Regulation C","log":"|j|\u2606juxp\n|j|\u2606tumorcio\n|t:|1681707653\n|gametype|doubles\n|player|p1|juxp|acetrainerf-gen4|1205\n|player|p2|tumorcio|101|1218\n|teamsize|p1|6\n|teamsize|p2|6\n|gen|9\n|tier|[Gen 9] VGC 2023 Regulation C\n|rated|\n|rule|Species Clause: Limit one of each Pok\u00e9mon\n|rule|Item Clause: Limit one of each item\n|clearpoke\n|poke|p1|Gholdengo, L50|\n|poke|p1|Vivillon, L50, F|\n|poke|p1|Palafin, L50, F|\n|poke|p1|Sylveon, L50, F|\n|poke|p1|Wo-Chien, L50|\n|poke|p1|Arcanine, L50, F|\n|poke|p2|Flutter Mane, L50|\n|poke|p2|Arcanine, L50, M|\n|poke|p2|Iron Hands, L50|\n|poke|p2|Amoonguss, L50, F|\n|poke|p2|Chien-Pao, L50|\n|poke|p2|Palafin, L50, M|\n|teampreview|4\n|inactive|Battle timer is ON: inactive players will automatically lose when time's up. (requested by tumorcio)\n|inactive|tumorcio has 60 seconds left.\n|inactive|tumorcio has 30 seconds left.\n|inactive|tumorcio has 20 seconds left.\n|inactive|tumorcio has 15 seconds left.\n|inactive|tumorcio has 10 seconds left.\n|\n|t:|1681707734\n|start\n|switch|p1a: Vivillon|Vivillon, L50, F, shiny|100\/100\n|switch|p1b: Gholdengo|Gholdengo, L50|100\/100\n|switch|p2a: Arcanine|Arcanine, L50, M|100\/100\n|switch|p2b: Iron Hands|Iron Hands, L50|100\/100\n|-ability|p2a: Arcanine|Intimidate|boost\n|-unboost|p1a: Vivillon|atk|1\n|-unboost|p1b: Gholdengo|atk|1\n|turn|1\n|inactive|tumorcio has 30 seconds left.\n|\n|t:|1681707760\n|switch|p1b: Arcanine|Arcanine, L50, F|100\/100\n|-ability|p1b: Arcanine|Intimidate|boost\n|-unboost|p2a: Arcanine|atk|1\n|-unboost|p2b: Iron Hands|atk|1\n|move|p1a: Vivillon|Protect|p1a: Vivillon\n|-singleturn|p1a: Vivillon|Protect\n|move|p2b: Iron Hands|Fake Out|p1a: Vivillon\n|-activate|p1a: Vivillon|move: Protect\n|move|p2a: Arcanine|Flare Blitz|p1b: Arcanine\n|-resisted|p1b: Arcanine\n|-damage|p1b: Arcanine|86\/100\n|-damage|p2a: Arcanine|96\/100|[from] Recoil\n|\n|upkeep\n|turn|2\n|\n|t:|1681707784\n|switch|p1b: Wo-Chien|Wo-Chien, L50|100\/100\n|-ability|p1b: Wo-Chien|Tablets of Ruin\n|move|p1a: Vivillon|Sleep Powder|p2b: Iron Hands\n|-status|p2b: Iron Hands|slp|[from] move: Sleep Powder\n|move|p2a: Arcanine|Flare Blitz|p1a: Vivillon\n|-supereffective|p1a: Vivillon\n|-damage|p1a: Vivillon|20\/100\n|-damage|p2a: Arcanine|71\/100|[from] Recoil\n|cant|p2b: Iron Hands|slp\n|\n|upkeep\n|turn|3\n|\n|t:|1681707803\n|move|p1a: Vivillon|Protect|p1a: Vivillon\n|-singleturn|p1a: Vivillon|Protect\n|move|p2a: Arcanine|Protect|p2a: Arcanine\n|-singleturn|p2a: Arcanine|Protect\n|move|p1b: Wo-Chien|Leech Seed|p2a: Arcanine\n|-activate|p2a: Arcanine|move: Protect\n|cant|p2b: Iron Hands|slp\n|\n|upkeep\n|turn|4\n|\n|t:|1681707823\n|switch|p1a: Arcanine|Arcanine, L50, F|86\/100\n|-ability|p1a: Arcanine|Intimidate|boost\n|-unboost|p2a: Arcanine|atk|1\n|-unboost|p2b: Iron Hands|atk|1\n|move|p2a: Arcanine|Flare Blitz|p1a: Arcanine\n|-resisted|p1a: Arcanine\n|-damage|p1a: Arcanine|75\/100\n|-damage|p2a: Arcanine|68\/100|[from] Recoil\n|move|p1b: Wo-Chien|Leech Seed|p2a: Arcanine|[miss]\n|-miss|p1b: Wo-Chien|p2a: Arcanine\n|cant|p2b: Iron Hands|slp\n|\n|upkeep\n|turn|5\n|inactive|juxp has 30 seconds left.\n|\n|t:|1681707850\n|switch|p1a: Vivillon|Vivillon, L50, F, shiny|20\/100\n|move|p2a: Arcanine|Will-O-Wisp|p1b: Wo-Chien\n|-status|p1b: Wo-Chien|brn\n|move|p1b: Wo-Chien|Leech Seed|p2a: Arcanine\n|-start|p2a: Arcanine|move: Leech Seed\n|-curestatus|p2b: Iron Hands|slp|[msg]\n|move|p2b: Iron Hands|Volt Switch|p1a: Vivillon\n|-supereffective|p1a: Vivillon\n|-damage|p1a: Vivillon|0 fnt\n|faint|p1a: Vivillon\n|\n|t:|1681707874\n|-end|p2b: Iron Hands|Quark Drive|[silent]\n|switch|p2b: Flutter Mane|Flutter Mane, L50|100\/100|[from] Volt Switch\n|-enditem|p2b: Flutter Mane|Booster Energy\n|-activate|p2b: Flutter Mane|ability: Protosynthesis|[fromitem]\n|-start|p2b: Flutter Mane|protosynthesisspa\n|\n|-damage|p2a: Arcanine|56\/100|[from] Leech Seed|[of] p1b: Wo-Chien\n|-damage|p1b: Wo-Chien|95\/100 brn|[from] brn\n|upkeep\n|\n|t:|1681707889\n|switch|p1a: Arcanine|Arcanine, L50, F|75\/100\n|-ability|p1a: Arcanine|Intimidate|boost\n|-unboost|p2a: Arcanine|atk|1\n|-unboost|p2b: Flutter Mane|atk|1\n|turn|6\n|\n|t:|1681707907\n|switch|p2a: Iron Hands|Iron Hands, L50|100\/100\n|-terastallize|p1b: Wo-Chien|Poison\n|move|p2b: Flutter Mane|Protect|p2b: Flutter Mane\n|-singleturn|p2b: Flutter Mane|Protect\n|move|p1a: Arcanine|Flare Blitz|p2b: Flutter Mane\n|-activate|p2b: Flutter Mane|move: Protect\n|move|p1b: Wo-Chien|Leech Seed|p2b: Flutter Mane\n|-activate|p2b: Flutter Mane|move: Protect\n|\n|-heal|p1b: Wo-Chien|100\/100 brn|[from] item: Leftovers\n|-damage|p1b: Wo-Chien|95\/100 brn|[from] brn\n|upkeep\n|turn|7\n|\n|t:|1681707930\n|-end|p2a: Iron Hands|Quark Drive|[silent]\n|switch|p2a: Arcanine|Arcanine, L50, M|56\/100\n|-ability|p2a: Arcanine|Intimidate|boost\n|-unboost|p1a: Arcanine|atk|1\n|-unboost|p1b: Wo-Chien|atk|1\n|move|p2b: Flutter Mane|Shadow Ball|p1a: Arcanine\n|-crit|p1a: Arcanine\n|-damage|p1a: Arcanine|0 fnt\n|faint|p1a: Arcanine\n|move|p1b: Wo-Chien|Leech Seed|p2a: Arcanine\n|-start|p2a: Arcanine|move: Leech Seed\n|\n|-heal|p1b: Wo-Chien|100\/100 brn|[from] item: Leftovers\n|-damage|p2a: Arcanine|44\/100|[from] Leech Seed|[of] p1b: Wo-Chien\n|-damage|p1b: Wo-Chien|95\/100 brn|[from] brn\n|upkeep\n|\n|t:|1681707941\n|switch|p1a: Gholdengo|Gholdengo, L50|100\/100\n|turn|8\n|\n|t:|1681707949\n|switch|p2a: Iron Hands|Iron Hands, L50|100\/100\n|move|p2b: Flutter Mane|Protect|p2b: Flutter Mane\n|-singleturn|p2b: Flutter Mane|Protect\n|move|p1a: Gholdengo|Shadow Ball|p2b: Flutter Mane\n|-activate|p2b: Flutter Mane|move: Protect\n|move|p1b: Wo-Chien|Pollen Puff|p1a: Gholdengo\n|-immune|p1a: Gholdengo\n|\n|-heal|p1b: Wo-Chien|100\/100 brn|[from] item: Leftovers\n|-damage|p1b: Wo-Chien|95\/100 brn|[from] brn\n|upkeep\n|turn|9\n|inactive|tumorcio has 30 seconds left.\n|inactive|tumorcio has 20 seconds left.\n|\n|t:|1681707988\n|move|p2a: Iron Hands|Fake Out|p1b: Wo-Chien\n|-damage|p1b: Wo-Chien|86\/100 brn\n|move|p2b: Flutter Mane|Shadow Ball|p1a: Gholdengo\n|-supereffective|p1a: Gholdengo\n|-damage|p1a: Gholdengo|4\/100\n|-unboost|p1a: Gholdengo|spd|1\n|-enditem|p1a: Gholdengo|Iapapa Berry|[eat]\n|-heal|p1a: Gholdengo|37\/100|[from] item: Iapapa Berry\n|move|p1a: Gholdengo|Shadow Ball|p2b: Flutter Mane\n|-supereffective|p2b: Flutter Mane\n|-damage|p2b: Flutter Mane|28\/100\n|cant|p1b: Wo-Chien|flinch\n|\n|-heal|p1b: Wo-Chien|92\/100 brn|[from] item: Leftovers\n|-damage|p1b: Wo-Chien|86\/100 brn|[from] brn\n|upkeep\n|turn|10\n|\n|t:|1681708004\n|move|p1a: Gholdengo|Protect|p1a: Gholdengo\n|-singleturn|p1a: Gholdengo|Protect\n|move|p2b: Flutter Mane|Shadow Ball|p1a: Gholdengo\n|-activate|p1a: Gholdengo|move: Protect\n|move|p1b: Wo-Chien|Leech Seed|p2b: Flutter Mane\n|-start|p2b: Flutter Mane|move: Leech Seed\n|move|p2a: Iron Hands|Volt Switch|p1b: Wo-Chien\n|-damage|p1b: Wo-Chien|77\/100 brn\n|\n|t:|1681708012\n|-end|p2a: Iron Hands|Quark Drive|[silent]\n|switch|p2a: Arcanine|Arcanine, L50, M|44\/100|[from] Volt Switch\n|-ability|p2a: Arcanine|Intimidate|boost\n|-unboost|p1a: Gholdengo|atk|1\n|-unboost|p1b: Wo-Chien|atk|1\n|\n|-heal|p1b: Wo-Chien|83\/100 brn|[from] item: Leftovers\n|-damage|p2b: Flutter Mane|16\/100|[from] Leech Seed|[of] p1b: Wo-Chien\n|-heal|p1b: Wo-Chien|93\/100 brn|[silent]\n|-damage|p1b: Wo-Chien|87\/100 brn|[from] brn\n|upkeep\n|turn|11\n|\n|t:|1681708025\n|move|p2a: Arcanine|Protect|p2a: Arcanine\n|-singleturn|p2a: Arcanine|Protect\n|move|p1a: Gholdengo|Protect||[still]\n|-fail|p1a: Gholdengo\n|move|p2b: Flutter Mane|Shadow Ball|p1a: Gholdengo\n|-supereffective|p1a: Gholdengo\n|-damage|p1a: Gholdengo|0 fnt\n|faint|p1a: Gholdengo\n|move|p1b: Wo-Chien|Pollen Puff|p2b: Flutter Mane\n|-resisted|p2b: Flutter Mane\n|-damage|p2b: Flutter Mane|11\/100\n|\n|-heal|p1b: Wo-Chien|93\/100 brn|[from] item: Leftovers\n|-damage|p2b: Flutter Mane|0 fnt|[from] Leech Seed|[of] p1b: Wo-Chien\n|-heal|p1b: Wo-Chien|100\/100 brn|[silent]\n|faint|p2b: Flutter Mane\n|-end|p2b: Flutter Mane|Protosynthesis|[silent]\n|-damage|p1b: Wo-Chien|95\/100 brn|[from] brn\n|upkeep\n|\n|t:|1681708036\n|switch|p2b: Iron Hands|Iron Hands, L50|100\/100\n|turn|12\n|\n|t:|1681708050\n|move|p1b: Wo-Chien|Protect|p1b: Wo-Chien\n|-singleturn|p1b: Wo-Chien|Protect\n|move|p2b: Iron Hands|Fake Out|p1b: Wo-Chien\n|-activate|p1b: Wo-Chien|move: Protect\n|move|p2a: Arcanine|Howl|p2a: Arcanine|[spread] p2a,p2b\n|-boost|p2a: Arcanine|atk|1\n|-boost|p2b: Iron Hands|atk|1\n|\n|-heal|p1b: Wo-Chien|100\/100 brn|[from] item: Leftovers\n|-damage|p1b: Wo-Chien|95\/100 brn|[from] brn\n|upkeep\n|turn|13\n|\n|t:|1681708064\n|switch|p2a: Chien-Pao|Chien-Pao, L50|100\/100\n|-ability|p2a: Chien-Pao|Sword of Ruin\n|-terastallize|p2b: Iron Hands|Grass\n|move|p1b: Wo-Chien|Leech Seed|p2b: Iron Hands\n|-immune|p2b: Iron Hands\n|move|p2b: Iron Hands|Wild Charge|p1b: Wo-Chien\n|-damage|p1b: Wo-Chien|39\/100 brn\n|-damage|p2b: Iron Hands|89\/100|[from] Recoil\n|\n|-heal|p1b: Wo-Chien|45\/100 brn|[from] item: Leftovers\n|-damage|p1b: Wo-Chien|39\/100 brn|[from] brn\n|upkeep\n|turn|14\n|-message|juxp forfeited.\n|\n|win|tumorcio\n|raw|juxp's rating: 1205 → 1181<\/strong> (-24 for losing)\n|raw|tumorcio's rating: 1218 → 1242<\/strong> (+24 for winning)\n|l|\u2606juxp\n","uploadtime":1681708076,"views":8,"p1id":"juxp","p2id":"tumorcio","formatid":"gen9vgc2023regulationc","rating":1181,"private":0,"password":""}