{"id":"gen9vgc2023regulationc-1859226139","p1":"KlausWole","p2":"Matthew4456","format":"[Gen 9] VGC 2023 Regulation C","log":"|j|\u2606KlausWole\n|j|\u2606Matthew4456\n|t:|1683420587\n|gametype|doubles\n|player|p1|KlausWole|1|1172\n|player|p2|Matthew4456|skier|1072\n|teamsize|p1|6\n|teamsize|p2|6\n|gen|9\n|tier|[Gen 9] VGC 2023 Regulation C\n|rated|\n|rule|Species Clause: Limit one of each Pok\u00e9mon\n|rule|Item Clause: Limit one of each item\n|clearpoke\n|poke|p1|Scream Tail, L50|\n|poke|p1|Torkoal, L50, F|\n|poke|p1|Brute Bonnet, L50|\n|poke|p1|Chi-Yu, L50|\n|poke|p1|Talonflame, L50, F|\n|poke|p1|Flutter Mane, L50|\n|poke|p2|Garchomp, L50, F|\n|poke|p2|Tinkaton, L50, F|\n|poke|p2|Kilowattrel, L50, M|\n|poke|p2|Iron Bundle, L50|\n|poke|p2|Ceruledge, L50, F|\n|poke|p2|Hydreigon, L50, M|\n|teampreview|4\n|inactive|Battle timer is ON: inactive players will automatically lose when time's up. (requested by KlausWole)\n|inactive|Matthew4456 has 60 seconds left.\n|\n|t:|1683420632\n|start\n|switch|p1a: Scream Tail|Scream Tail, L50, shiny|100\/100\n|switch|p1b: Torkoal|Torkoal, L50, F|100\/100\n|switch|p2a: Tinkaton|Tinkaton, L50, F|100\/100\n|switch|p2b: Iron Bundle|Iron Bundle, L50|100\/100\n|-ability|p2a: Tinkaton|Mold Breaker\n|-weather|SunnyDay|[from] ability: Drought|[of] p1b: Torkoal\n|-activate|p1a: Scream Tail|ability: Protosynthesis\n|-start|p1a: Scream Tail|protosynthesisspd\n|-enditem|p2b: Iron Bundle|Booster Energy\n|-activate|p2b: Iron Bundle|ability: Quark Drive|[fromitem]\n|-start|p2b: Iron Bundle|quarkdrivespe\n|turn|1\n|\n|t:|1683420650\n|move|p1b: Torkoal|Protect|p1b: Torkoal\n|-singleturn|p1b: Torkoal|Protect\n|move|p2b: Iron Bundle|Hydro Pump|p1b: Torkoal\n|-activate|p1b: Torkoal|move: Protect\n|move|p2a: Tinkaton|Gigaton Hammer|p1a: Scream Tail\n|-supereffective|p1a: Scream Tail\n|-damage|p1a: Scream Tail|3\/100\n|move|p1a: Scream Tail|Trick Room|p1a: Scream Tail\n|-fieldstart|move: Trick Room|[of] p1a: Scream Tail\n|\n|-weather|SunnyDay|[upkeep]\n|upkeep\n|turn|2\n|\n|t:|1683420670\n|switch|p2a: Ceruledge|Ceruledge, L50, F|100\/100\n|-terastallize|p1b: Torkoal|Fire\n|move|p1a: Scream Tail|Helping Hand|p1b: Torkoal\n|-singleturn|p1b: Torkoal|Helping Hand|[of] p1a: Scream Tail\n|move|p1b: Torkoal|Eruption|p2a: Ceruledge|[spread] p2b\n|-start|p2a: Ceruledge|ability: Flash Fire\n|-damage|p2b: Iron Bundle|0 fnt\n|faint|p2b: Iron Bundle\n|-end|p2b: Iron Bundle|Quark Drive|[silent]\n|\n|-weather|SunnyDay|[upkeep]\n|upkeep\n|\n|t:|1683420690\n|switch|p2b: Garchomp|Garchomp, L50, F|100\/100\n|turn|3\n|\n|t:|1683420709\n|move|p2a: Ceruledge|Shadow Sneak|p1a: Scream Tail\n|-supereffective|p1a: Scream Tail\n|-damage|p1a: Scream Tail|0 fnt\n|faint|p1a: Scream Tail\n|-end|p1a: Scream Tail|Protosynthesis|[silent]\n|move|p1b: Torkoal|Eruption|p2a: Ceruledge|[spread] p2b\n|-immune|p2a: Ceruledge|[from] ability: Flash Fire\n|-resisted|p2b: Garchomp\n|-damage|p2b: Garchomp|41\/100\n|move|p2b: Garchomp|Stomping Tantrum|p1b: Torkoal\n|-supereffective|p1b: Torkoal\n|-damage|p1b: Torkoal|45\/100\n|\n|-weather|SunnyDay|[upkeep]\n|upkeep\n|\n|t:|1683420723\n|switch|p1a: Brute Bonnet|Brute Bonnet, L50|100\/100\n|-activate|p1a: Brute Bonnet|ability: Protosynthesis\n|-start|p1a: Brute Bonnet|protosynthesisatk\n|turn|4\n|inactive|Matthew4456 has 30 seconds left.\n|\n|t:|1683420757\n|-terastallize|p2b: Garchomp|Fire\n|move|p1a: Brute Bonnet|Sucker Punch|p2a: Ceruledge\n|-supereffective|p2a: Ceruledge\n|-damage|p2a: Ceruledge|0 fnt\n|faint|p2a: Ceruledge\n|move|p1b: Torkoal|Heat Wave|p2b: Garchomp\n|-resisted|p2b: Garchomp\n|-damage|p2b: Garchomp|0 fnt\n|faint|p2b: Garchomp\n|\n|-weather|SunnyDay|[upkeep]\n|upkeep\n|\n|t:|1683420775\n|switch|p2a: Tinkaton|Tinkaton, L50, F|100\/100\n|-ability|p2a: Tinkaton|Mold Breaker\n|turn|5\n|\n|t:|1683420791\n|move|p2a: Tinkaton|Fake Out|p1b: Torkoal\n|-damage|p1b: Torkoal|37\/100\n|cant|p1b: Torkoal|flinch\n|move|p1a: Brute Bonnet|Spore|p2a: Tinkaton\n|-status|p2a: Tinkaton|slp|[from] move: Spore\n|\n|-weather|none\n|-end|p1a: Brute Bonnet|Protosynthesis\n|-fieldend|move: Trick Room\n|upkeep\n|turn|6\n|-message|Matthew4456 forfeited.\n|\n|win|KlausWole\n|raw|KlausWole's rating: 1172 → 1190<\/strong> (+18 for winning)\n|raw|Matthew4456's rating: 1072 → 1057<\/strong> (-15 for losing)\n|l|\u2606Matthew4456\n","uploadtime":1683420806,"views":11,"p1id":"klauswole","p2id":"matthew4456","formatid":"gen9vgc2023regulationc","rating":1057,"private":0,"password":""}