{"id":"gen9vgc2023regulationc-1860941984","p1":"AshVGCMX","p2":"bigj009","format":"[Gen 9] VGC 2023 Regulation C","log":"|j|\u2606AshVGCMX\n|j|\u2606bigj009\n|t:|1683700165\n|gametype|doubles\n|player|p1|AshVGCMX|ash-capbackward|1360\n|player|p2|bigj009|lucas|1320\n|teamsize|p1|6\n|teamsize|p2|6\n|gen|9\n|tier|[Gen 9] VGC 2023 Regulation C\n|rated|\n|rule|Species Clause: Limit one of each Pok\u00e9mon\n|rule|Item Clause: Limit one of each item\n|clearpoke\n|poke|p1|Pikachu, L50, M|\n|poke|p1|Indeedee-F, L50, F|\n|poke|p1|Armarouge, L50, M|\n|poke|p1|Palafin, L50, F|\n|poke|p1|Murkrow, L50, M|\n|poke|p1|Orthworm, L50, F|\n|poke|p2|Flutter Mane, L50|\n|poke|p2|Chi-Yu, L50|\n|poke|p2|Iron Bundle, L50|\n|poke|p2|Torkoal, L50, M|\n|poke|p2|Indeedee-F, L50, F|\n|poke|p2|Iron Hands, L50|\n|teampreview|4\nbigj009 has agreed to open team sheets.\n|inactive|Battle timer is ON: inactive players will automatically lose when time's up. (requested by bigj009)\n|inactive|AshVGCMX also wants the timer to be on.\nAshVGCMX rejected open team sheets.\n|inactive|bigj009 has 60 seconds left.\n|\n|t:|1683700210\n|start\n|switch|p1a: Palafin|Palafin, L50, F, shiny|100\/100\n|switch|p1b: Orthworm|Orthworm, L50, F|100\/100\n|switch|p2a: Flutter Mane|Flutter Mane, L50|100\/100\n|switch|p2b: Indeedee|Indeedee-F, L50, F|100\/100\n|-fieldstart|move: Psychic Terrain|[from] ability: Psychic Surge|[of] p2b: Indeedee\n|turn|1\n|\n|t:|1683700228\n|detailschange|p1a: Palafin|Palafin-Hero, L50, F, shiny\n|switch|p1a: Armarouge|Armarouge, L50, M|100\/100\n|move|p2a: Flutter Mane|Dazzling Gleam|p1b: Orthworm|[spread] p1a,p1b\n|-resisted|p1a: Armarouge\n|-resisted|p1b: Orthworm\n|-damage|p1a: Armarouge|80\/100\n|-damage|p1b: Orthworm|81\/100\n|move|p2b: Indeedee|Psychic|p1b: Orthworm\n|-resisted|p1b: Orthworm\n|-damage|p1b: Orthworm|48\/100\n|move|p1b: Orthworm|Shed Tail|p1b: Orthworm\n|-fail|p1b: Orthworm|move: Shed Tail|[weak]\n|\n|-heal|p1b: Orthworm|54\/100|[from] item: Leftovers\n|upkeep\n|turn|2\n|\n|t:|1683700252\n|move|p1b: Orthworm|Helping Hand|p1a: Armarouge\n|-singleturn|p1a: Armarouge|Helping Hand|[of] p1b: Orthworm\n|move|p2a: Flutter Mane|Dazzling Gleam|p1b: Orthworm|[spread] p1a,p1b\n|-resisted|p1a: Armarouge\n|-resisted|p1b: Orthworm\n|-damage|p1a: Armarouge|60\/100\n|-damage|p1b: Orthworm|32\/100\n|move|p2b: Indeedee|Psychic|p1b: Orthworm\n|-resisted|p1b: Orthworm\n|-damage|p1b: Orthworm|0 fnt\n|faint|p1b: Orthworm\n|move|p1a: Armarouge|Expanding Force|p2b: Indeedee|[spread] p2a,p2b\n|-resisted|p2b: Indeedee\n|-enditem|p2a: Flutter Mane|Focus Sash\n|-damage|p2a: Flutter Mane|1\/100\n|-damage|p2b: Indeedee|41\/100\n|-damage|p1a: Armarouge|50\/100|[from] item: Life Orb\n|\n|upkeep\n|\n|t:|1683700267\n|switch|p1b: Indeedee|Indeedee-F, L50, F|100\/100\n|turn|3\n|\n|t:|1683700279\n|move|p1a: Armarouge|Wide Guard|p1a: Armarouge\n|-singleturn|p1a: Armarouge|Wide Guard\n|move|p2a: Flutter Mane|Dazzling Gleam|p1a: Armarouge|[spread] \n|-activate|p1a: Armarouge|move: Wide Guard\n|-activate|p1b: Indeedee|move: Wide Guard\n|move|p1b: Indeedee|Heal Pulse|p1a: Armarouge\n|-heal|p1a: Armarouge|100\/100\n|move|p2b: Indeedee|Psychic|p1a: Armarouge\n|-resisted|p1a: Armarouge\n|-damage|p1a: Armarouge|69\/100\n|\n|upkeep\n|turn|4\n|inactive|AshVGCMX has 30 seconds left.\n|\n|t:|1683700314\n|move|p1a: Armarouge|Wide Guard|p1a: Armarouge\n|-singleturn|p1a: Armarouge|Wide Guard\n|move|p2a: Flutter Mane|Dazzling Gleam|p1a: Armarouge|[spread] \n|-activate|p1a: Armarouge|move: Wide Guard\n|-activate|p1b: Indeedee|move: Wide Guard\n|move|p2b: Indeedee|Psychic|p1a: Armarouge\n|-resisted|p1a: Armarouge\n|-damage|p1a: Armarouge|37\/100\n|move|p1b: Indeedee|Trick Room|p1b: Indeedee\n|-fieldstart|move: Trick Room|[of] p1b: Indeedee\n|\n|upkeep\n|turn|5\n|\n|t:|1683700329\n|move|p1b: Indeedee|Heal Pulse|p1a: Armarouge\n|-heal|p1a: Armarouge|87\/100\n|move|p2b: Indeedee|Dazzling Gleam|p1b: Indeedee|[spread] p1a,p1b\n|-resisted|p1a: Armarouge\n|-damage|p1a: Armarouge|75\/100\n|-damage|p1b: Indeedee|84\/100\n|move|p1a: Armarouge|Expanding Force|p2b: Indeedee|[spread] p2a,p2b\n|-resisted|p2b: Indeedee\n|-damage|p2a: Flutter Mane|0 fnt\n|-damage|p2b: Indeedee|4\/100\n|faint|p2a: Flutter Mane\n|-end|p2a: Flutter Mane|Protosynthesis|[silent]\n|-damage|p1a: Armarouge|66\/100|[from] item: Life Orb\n|\n|-fieldend|move: Psychic Terrain\n|upkeep\n|\n|t:|1683700341\n|switch|p2a: Iron Hands|Iron Hands, L50|100\/100\n|turn|6\n|\n|t:|1683700352\n|switch|p1b: Palafin|Palafin-Hero, L50, F, shiny|100\/100\n|-activate|p1b: Palafin|ability: Zero to Hero\n|-terastallize|p2a: Iron Hands|Ground\n|move|p1a: Armarouge|Protect|p1a: Armarouge\n|-singleturn|p1a: Armarouge|Protect\n|move|p2a: Iron Hands|Earthquake|p1a: Armarouge|[spread] p2b,p1b\n|-activate|p1a: Armarouge|move: Protect\n|-damage|p2b: Indeedee|0 fnt\n|-damage|p1b: Palafin|54\/100\n|faint|p2b: Indeedee\n|\n|upkeep\n|\n|t:|1683700364\n|switch|p2b: Torkoal|Torkoal, L50, M|100\/100\n|-weather|SunnyDay|[from] ability: Drought|[of] p2b: Torkoal\n|turn|7\n|\n|t:|1683700374\n|switch|p1b: Indeedee|Indeedee-F, L50, F|84\/100\n|-fieldstart|move: Psychic Terrain|[from] ability: Psychic Surge|[of] p1b: Indeedee\n|-terastallize|p1a: Armarouge|Grass\n|move|p2b: Torkoal|Solar Beam||[still]\n|-prepare|p2b: Torkoal|Solar Beam\n|-anim|p2b: Torkoal|Solar Beam|p1b: Indeedee\n|-damage|p1b: Indeedee|51\/100\n|move|p2a: Iron Hands|Wild Charge|p1a: Armarouge\n|-resisted|p1a: Armarouge\n|-damage|p1a: Armarouge|41\/100\n|-damage|p2a: Iron Hands|96\/100|[from] Recoil\n|move|p1a: Armarouge|Expanding Force|p2a: Iron Hands|[spread] p2a,p2b\n|-damage|p2a: Iron Hands|48\/100\n|-damage|p2b: Torkoal|0 fnt\n|faint|p2b: Torkoal\n|-damage|p1a: Armarouge|31\/100|[from] item: Life Orb\n|\n|-weather|SunnyDay|[upkeep]\n|upkeep\n|turn|8\n|inactive|bigj009 has 30 seconds left.\n|c|\u2606bigj009|open your team sheets\n|inactive|bigj009 has 20 seconds left.\n|c|\u2606bigj009|you only won cuz I didn't know your terra\n|inactive|bigj009 has 15 seconds left.\n|inactive|bigj009 has 10 seconds left.\n|inactive|bigj009 has 5 seconds left.\n|c|\u2606bigj009|all live tours are open team sheet\n|\n|t:|1683700429\n|move|p2a: Iron Hands|Fake Out||[still]\n|-hint|Fake Out only works on your first turn out.\n|-fail|p2a: Iron Hands\n|move|p1b: Indeedee|Follow Me|p1b: Indeedee\n|-singleturn|p1b: Indeedee|move: Follow Me\n|move|p1a: Armarouge|Expanding Force|p2a: Iron Hands\n|-damage|p2a: Iron Hands|0 fnt\n|faint|p2a: Iron Hands\n|-end|p2a: Iron Hands|Quark Drive|[silent]\n|-damage|p1a: Armarouge|22\/100|[from] item: Life Orb\n|\n|win|AshVGCMX\n|raw|AshVGCMX's rating: 1360 → 1378<\/strong> (+18 for winning)\n|raw|bigj009's rating: 1320 → 1302<\/strong> (-18 for losing)\n|l|\u2606bigj009\n|l|\u2606AshVGCMX\n|j|\u2606AshVGCMX\n|player|p1|AshVGCMX|ash-capbackward\n","uploadtime":1683700576,"views":11,"p1id":"ashvgcmx","p2id":"bigj009","formatid":"gen9vgc2023regulationc","rating":1302,"private":0,"password":""}