{"id":"gen9vgc2023regulationc-1845149328","p1":"Ashster64","p2":"Maiikon","format":"[Gen 9] VGC 2023 Regulation C","log":"|j|\u2606Ashster64\n|j|\u2606Maiikon\n|t:|1681689428\n|gametype|doubles\n|player|p1|Ashster64|hilbert|1139\n|player|p2|Maiikon|marshal|1183\n|teamsize|p1|6\n|teamsize|p2|6\n|gen|9\n|tier|[Gen 9] VGC 2023 Regulation C\n|rated|\n|rule|Species Clause: Limit one of each Pok\u00e9mon\n|rule|Item Clause: Limit one of each item\n|clearpoke\n|poke|p1|Lycanroc, L50, M|\n|poke|p1|Tyranitar, L50, F|\n|poke|p1|Pawmot, L50, M|\n|poke|p1|Amoonguss, L50, F|\n|poke|p1|Flutter Mane, L50|\n|poke|p1|Ting-Lu, L50|\n|poke|p2|Garchomp, L50, F|\n|poke|p2|Flutter Mane, L50|\n|poke|p2|Bronzong, L50|\n|poke|p2|Arcanine, L50, F|\n|poke|p2|Amoonguss, L50, F|\n|poke|p2|Palafin, L50, M|\n|teampreview|4\n|c|\u2606Ashster64|glhf\nAshster64 has agreed to open team sheets.\n|inactive|Battle timer is ON: inactive players will automatically lose when time's up. (requested by Ashster64)\n|\n|t:|1681689506\n|start\n|switch|p1a: Tyranitar|Tyranitar, L50, F|100\/100\n|switch|p1b: Amoonguss|Amoonguss, L50, F|100\/100\n|switch|p2a: Garchomp|Garchomp, L50, F|100\/100\n|switch|p2b: Palafin|Palafin, L50, M|100\/100\n|-weather|Sandstorm|[from] ability: Sand Stream|[of] p1a: Tyranitar\n|turn|1\n|c|\u2606Maiikon|GLHF\n|\n|t:|1681689527\n|detailschange|p2b: Palafin|Palafin-Hero, L50, M\n|switch|p2b: BigBen|Bronzong, L50|100\/100\n|-terastallize|p2a: Garchomp|Ground\n|move|p2a: Garchomp|Earthquake|p1b: Amoonguss|[spread] p1a,p1b\n|-immune|p2b: BigBen|[from] ability: Levitate\n|-supereffective|p1a: Tyranitar\n|-damage|p1a: Tyranitar|15\/100\n|-damage|p1b: Amoonguss|61\/100\n|move|p1a: Tyranitar|Ice Punch|p2a: Garchomp\n|-supereffective|p2a: Garchomp\n|-damage|p2a: Garchomp|43\/100\n|-damage|p1a: Tyranitar|3\/100|[from] ability: Rough Skin|[of] p2a: Garchomp\n|move|p1b: Amoonguss|Spore|p2a: Garchomp\n|-status|p2a: Garchomp|slp|[from] move: Spore\n|\n|-weather|Sandstorm|[upkeep]\n|-damage|p1b: Amoonguss|55\/100|[from] Sandstorm\n|upkeep\n|turn|2\n|inactive|Ashster64 has 30 seconds left.\n|inactive|Ashster64 has 20 seconds left.\n|inactive|Ashster64 has 15 seconds left.\n|inactive|Ashster64 has 10 seconds left.\n|inactive|Ashster64 has 5 seconds left.\n|\n|t:|1681689582\n|cant|p2a: Garchomp|slp\n|move|p1a: Tyranitar|Tera Blast|p2a: Garchomp\n|-damage|p2a: Garchomp|25\/100 slp\n|move|p1b: Amoonguss|Pollen Puff|p2b: BigBen\n|-damage|p2b: BigBen|87\/100\n|move|p2b: BigBen|Safeguard|p2b: BigBen\n|-sidestart|p2: Maiikon|Safeguard\n|\n|-weather|Sandstorm|[upkeep]\n|-damage|p1b: Amoonguss|49\/100|[from] Sandstorm\n|upkeep\n|turn|3\n|inactive|Ashster64 has 30 seconds left.\n|inactive|Ashster64 has 20 seconds left.\n|\n|t:|1681689619\n|-terastallize|p1a: Tyranitar|Flying\n|cant|p2a: Garchomp|slp\n|move|p1a: Tyranitar|Tera Blast|p2a: Garchomp\n|-damage|p2a: Garchomp|0 fnt\n|faint|p2a: Garchomp\n|move|p1b: Amoonguss|Pollen Puff|p1a: Tyranitar\n|-heal|p1a: Tyranitar|53\/100\n|move|p2b: BigBen|Gyro Ball|p1a: Tyranitar\n|-damage|p1a: Tyranitar|38\/100\n|\n|-weather|Sandstorm|[upkeep]\n|-damage|p1a: Tyranitar|32\/100|[from] Sandstorm\n|-damage|p1b: Amoonguss|43\/100|[from] Sandstorm\n|upkeep\n|\n|t:|1681689635\n|switch|p2a: Flutter Mane|Flutter Mane, L50|100\/100\n|turn|4\n|inactive|Ashster64 has 30 seconds left.\n|\n|t:|1681689663\n|move|p2b: BigBen|Helping Hand|p2a: Flutter Mane\n|-singleturn|p2a: Flutter Mane|Helping Hand|[of] p2b: BigBen\n|move|p2a: Flutter Mane|Dazzling Gleam|p1b: Amoonguss|[spread] p1a,p1b\n|-resisted|p1b: Amoonguss\n|-damage|p1a: Tyranitar|0 fnt\n|-damage|p1b: Amoonguss|13\/100\n|faint|p1a: Tyranitar\n|move|p1b: Amoonguss|Pollen Puff|p1: Tyranitar|[notarget]\n|-fail|p1b: Amoonguss\n|\n|-weather|Sandstorm|[upkeep]\n|-damage|p2a: Flutter Mane|94\/100|[from] Sandstorm\n|-damage|p1b: Amoonguss|7\/100|[from] Sandstorm\n|upkeep\n|\n|t:|1681689680\n|switch|p1a: Ting-Lu|Ting-Lu, L50|100\/100\n|-ability|p1a: Ting-Lu|Vessel of Ruin\n|turn|5\n|\n|t:|1681689692\n|move|p2b: BigBen|Helping Hand|p2a: Flutter Mane\n|-singleturn|p2a: Flutter Mane|Helping Hand|[of] p2b: BigBen\n|move|p1b: Amoonguss|Protect|p1b: Amoonguss\n|-singleturn|p1b: Amoonguss|Protect\n|move|p2a: Flutter Mane|Dazzling Gleam|p1b: Amoonguss|[spread] p1a\n|-activate|p1b: Amoonguss|move: Protect\n|-supereffective|p1a: Ting-Lu\n|-damage|p1a: Ting-Lu|23\/100\n|-enditem|p1a: Ting-Lu|Sitrus Berry|[eat]\n|-heal|p1a: Ting-Lu|47\/100|[from] item: Sitrus Berry\n|move|p1a: Ting-Lu|Heavy Slam|p2a: Flutter Mane\n|-supereffective|p2a: Flutter Mane\n|-damage|p2a: Flutter Mane|0 fnt\n|faint|p2a: Flutter Mane\n|-end|p2a: Flutter Mane|Protosynthesis|[silent]\n|\n|-weather|none\n|upkeep\n|\n|t:|1681689704\n|switch|p2a: Palafin|Palafin-Hero, L50, M|100\/100\n|-activate|p2a: Palafin|ability: Zero to Hero\n|turn|6\n|\n|t:|1681689726\n|move|p2a: Palafin|Protect|p2a: Palafin\n|-singleturn|p2a: Palafin|Protect\n|move|p1b: Amoonguss|Rage Powder|p1b: Amoonguss\n|-singleturn|p1b: Amoonguss|move: Rage Powder\n|move|p1a: Ting-Lu|Heavy Slam|p2a: Palafin\n|-activate|p2a: Palafin|move: Protect\n|move|p2b: BigBen|Gyro Ball|p1b: Amoonguss\n|-damage|p1b: Amoonguss|0 fnt\n|-damage|p2b: BigBen|71\/100|[from] item: Rocky Helmet|[of] p1b: Amoonguss\n|faint|p1b: Amoonguss\n|\n|-sideend|p2: Maiikon|Safeguard\n|upkeep\n|\n|t:|1681689737\n|switch|p1b: Lycanroc|Lycanroc, L50, M|100\/100\n|turn|7\n|\n|t:|1681689754\n|move|p2a: Palafin|Jet Punch|p1b: Lycanroc\n|-supereffective|p1b: Lycanroc\n|-enditem|p1b: Lycanroc|Focus Sash\n|-damage|p1b: Lycanroc|1\/100\n|move|p1b: Lycanroc|Close Combat|p2a: Palafin\n|-damage|p2a: Palafin|67\/100\n|-unboost|p1b: Lycanroc|def|1\n|-unboost|p1b: Lycanroc|spd|1\n|move|p1a: Ting-Lu|Heavy Slam|p2a: Palafin\n|-resisted|p2a: Palafin\n|-damage|p2a: Palafin|51\/100\n|move|p2b: BigBen|Gyro Ball|p1b: Lycanroc\n|-supereffective|p1b: Lycanroc\n|-damage|p1b: Lycanroc|0 fnt\n|faint|p1b: Lycanroc\n|\n|upkeep\n|turn|8\n|\n|t:|1681689775\n|move|p2b: BigBen|Helping Hand|p2a: Palafin\n|-singleturn|p2a: Palafin|Helping Hand|[of] p2b: BigBen\n|move|p2a: Palafin|Wave Crash|p1a: Ting-Lu\n|-supereffective|p1a: Ting-Lu\n|-damage|p1a: Ting-Lu|0 fnt\n|faint|p1a: Ting-Lu\n|-damage|p2a: Palafin|33\/100|[from] Recoil\n|\n|win|Maiikon\n|raw|Ashster64's rating: 1139 → 1117<\/strong> (-22 for losing)\n|raw|Maiikon's rating: 1183 → 1205<\/strong> (+22 for winning)\n|l|\u2606Ashster64\n","uploadtime":1681689987,"views":30,"p1id":"ashster64","p2id":"maiikon","formatid":"gen9vgc2023regulationc","rating":1117,"private":0,"password":""}