{"id":"gen9vgc2023regulationc-1849963067","p1":"Ytterby","p2":"zuzimiko","format":"[Gen 9] VGC 2023 Regulation C","log":"|j|\u2606Ytterby\n|j|\u2606zuzimiko\n|t:|1682272750\n|gametype|doubles\n|player|p1|Ytterby|brycenman|1113\n|player|p2|zuzimiko|170|1083\n|teamsize|p1|6\n|teamsize|p2|6\n|gen|9\n|tier|[Gen 9] VGC 2023 Regulation C\n|rated|\n|rule|Species Clause: Limit one of each Pok\u00e9mon\n|rule|Item Clause: Limit one of each item\n|clearpoke\n|poke|p1|Chien-Pao, L50|\n|poke|p1|Dragonite, L50, M|\n|poke|p1|Tyranitar, L50, M|\n|poke|p1|Houndstone, L50, M|\n|poke|p1|Flutter Mane, L50|\n|poke|p1|Salazzle, L50, F|\n|poke|p2|Arcanine, L50, F|\n|poke|p2|Flutter Mane, L50|\n|poke|p2|Scream Tail, L50|\n|poke|p2|Gothitelle, L50, M|\n|poke|p2|Amoonguss, L50, M|\n|poke|p2|Palafin, L50, F|\n|teampreview|4\n|inactive|Battle timer is ON: inactive players will automatically lose when time's up. (requested by zuzimiko)\n|inactive|Ytterby has 60 seconds left.\n|\n|t:|1682272805\n|start\n|switch|p1a: Salazzle|Salazzle, L50, F, shiny|100\/100\n|switch|p1b: Flutter Mane|Flutter Mane, L50|100\/100\n|switch|p2a: Palafin|Palafin, L50, F|100\/100\n|switch|p2b: Scream Tail|Scream Tail, L50|100\/100\n|-enditem|p1b: Flutter Mane|Booster Energy\n|-activate|p1b: Flutter Mane|ability: Protosynthesis|[fromitem]\n|-start|p1b: Flutter Mane|protosynthesisspe\n|-enditem|p2b: Scream Tail|Booster Energy\n|-activate|p2b: Scream Tail|ability: Protosynthesis|[fromitem]\n|-start|p2b: Scream Tail|protosynthesisspe\n|turn|1\n|inactive|Ytterby has 30 seconds left.\n|inactive|zuzimiko has 30 seconds left.\n|inactive|Ytterby has 20 seconds left.\n|inactive|zuzimiko has 20 seconds left.\n|\n|t:|1682272843\n|detailschange|p2a: Palafin|Palafin-Hero, L50, F\n|switch|p2a: Gothitelle|Gothitelle, L50, M|100\/100\n|move|p1a: Salazzle|Fake Out|p2a: Gothitelle\n|-damage|p2a: Gothitelle|94\/100\n|move|p1b: Flutter Mane|Substitute|p1b: Flutter Mane\n|-start|p1b: Flutter Mane|Substitute\n|-damage|p1b: Flutter Mane|76\/100\n|move|p2b: Scream Tail|Perish Song|p2b: Scream Tail\n|-start|p1a: Salazzle|perish3|[silent]\n|-start|p1b: Flutter Mane|perish3|[silent]\n|-start|p2a: Gothitelle|perish3|[silent]\n|-start|p2b: Scream Tail|perish3|[silent]\n|-fieldactivate|move: Perish Song\n|\n|-start|p1b: Flutter Mane|perish3\n|-start|p2b: Scream Tail|perish3\n|-start|p1a: Salazzle|perish3\n|-start|p2a: Gothitelle|perish3\n|upkeep\n|turn|2\n|inactive|Ytterby has 30 seconds left.\n|inactive|zuzimiko has 30 seconds left.\n|inactive|Ytterby has 20 seconds left.\n|inactive|zuzimiko has 20 seconds left.\n|inactive|Ytterby has 15 seconds left.\n|inactive|Ytterby has 10 seconds left.\n|\n|t:|1682272891\n|move|p2b: Scream Tail|Protect|p2b: Scream Tail\n|-singleturn|p2b: Scream Tail|Protect\n|move|p2a: Gothitelle|Fake Out|p1a: Salazzle\n|-damage|p1a: Salazzle|92\/100\n|move|p1b: Flutter Mane|Hex|p2a: Gothitelle\n|-supereffective|p2a: Gothitelle\n|-damage|p2a: Gothitelle|43\/100\n|-enditem|p2a: Gothitelle|Sitrus Berry|[eat]\n|-heal|p2a: Gothitelle|68\/100|[from] item: Sitrus Berry\n|cant|p1a: Salazzle|flinch\n|\n|-start|p1b: Flutter Mane|perish2\n|-start|p2b: Scream Tail|perish2\n|-start|p1a: Salazzle|perish2\n|-start|p2a: Gothitelle|perish2\n|upkeep\n|turn|3\n|inactive|Ytterby has 30 seconds left.\n|inactive|zuzimiko has 30 seconds left.\n|inactive|zuzimiko has 20 seconds left.\n|inactive|zuzimiko has 15 seconds left.\n|inactive|zuzimiko has 10 seconds left.\n|\n|t:|1682272937\n|move|p2a: Gothitelle|Protect|p2a: Gothitelle\n|-singleturn|p2a: Gothitelle|Protect\n|move|p1b: Flutter Mane|Hex|p2b: Scream Tail\n|-supereffective|p2b: Scream Tail\n|-damage|p2b: Scream Tail|55\/100\n|move|p2b: Scream Tail|Play Rough|p1b: Flutter Mane\n|-end|p1b: Flutter Mane|Substitute\n|move|p1a: Salazzle|Poison Gas|p2a: Gothitelle|[spread] p2b\n|-activate|p2a: Gothitelle|move: Protect\n|-status|p2b: Scream Tail|psn\n|\n|-damage|p2b: Scream Tail|42\/100 psn|[from] psn\n|-start|p1b: Flutter Mane|perish1\n|-start|p2b: Scream Tail|perish1\n|-start|p1a: Salazzle|perish1\n|-start|p2a: Gothitelle|perish1\n|upkeep\n|turn|4\n|inactive|Ytterby has 30 seconds left.\n|\n|t:|1682272969\n|-end|p1b: Flutter Mane|Protosynthesis|[silent]\n|switch|p1b: Tyranitar|Tyranitar, L50, M|100\/100\n|-weather|Sandstorm|[from] ability: Sand Stream|[of] p1b: Tyranitar\n|-end|p2b: Scream Tail|Protosynthesis|[silent]\n|switch|p2b: Flutter Mane|Flutter Mane, L50|100\/100\n|switch|p2a: Palafin|Palafin-Hero, L50, F|100\/100\n|-activate|p2a: Palafin|ability: Zero to Hero\n|move|p1a: Salazzle|Poison Gas|p2b: Flutter Mane|[spread] p2a,p2b\n|-status|p2a: Palafin|psn\n|-status|p2b: Flutter Mane|psn\n|\n|-weather|Sandstorm|[upkeep]\n|-damage|p2b: Flutter Mane|94\/100 psn|[from] Sandstorm\n|-damage|p1a: Salazzle|87\/100|[from] Sandstorm\n|-damage|p2a: Palafin|95\/100 psn|[from] Sandstorm\n|-damage|p2b: Flutter Mane|82\/100 psn|[from] psn\n|-damage|p2a: Palafin|82\/100 psn|[from] psn\n|-start|p1a: Salazzle|perish0\n|upkeep\n|faint|p1a: Salazzle\n|inactive|Ytterby has 30 seconds left.\n|inactive|Ytterby has 20 seconds left.\n|inactive|Ytterby has 15 seconds left.\n|\n|t:|1682273013\n|switch|p1a: Houndstone|Houndstone, L50, M|100\/100\n|turn|5\n|inactive|Ytterby has 30 seconds left.\n|\n|t:|1682273040\n|-terastallize|p1b: Tyranitar|Flying\n|move|p1a: Houndstone|Last Respects|p2b: Flutter Mane\n|-supereffective|p2b: Flutter Mane\n|-damage|p2b: Flutter Mane|0 fnt\n|faint|p2b: Flutter Mane\n|-end|p2b: Flutter Mane|Protosynthesis|[silent]\n|move|p2a: Palafin|Close Combat|p1b: Tyranitar\n|-resisted|p1b: Tyranitar\n|-damage|p1b: Tyranitar|81\/100\n|-unboost|p2a: Palafin|def|1\n|-unboost|p2a: Palafin|spd|1\n|move|p1b: Tyranitar|Crunch|p2a: Palafin\n|-damage|p2a: Palafin|14\/100 psn\n|\n|-weather|Sandstorm|[upkeep]\n|-damage|p2a: Palafin|8\/100 psn|[from] Sandstorm\n|-damage|p1b: Tyranitar|75\/100|[from] Sandstorm\n|-damage|p2a: Palafin|0 fnt|[from] psn\n|faint|p2a: Palafin\n|upkeep\n|\n|t:|1682273057\n|switch|p2b: Gothitelle|Gothitelle, L50, M|68\/100\n|switch|p2a: Scream Tail|Scream Tail, L50|42\/100 psn\n|turn|6\n|inactive|Ytterby has 30 seconds left.\n|inactive|Ytterby has 20 seconds left.\n|inactive|Ytterby has 15 seconds left.\n|\n|t:|1682273100\n|move|p2b: Gothitelle|Fake Out|p1a: Houndstone\n|-immune|p1a: Houndstone\n|move|p1a: Houndstone|Last Respects|p2a: Scream Tail\n|-supereffective|p2a: Scream Tail\n|-damage|p2a: Scream Tail|0 fnt\n|faint|p2a: Scream Tail\n|-end|p2a: Scream Tail|Protosynthesis|[silent]\n|move|p1b: Tyranitar|Crunch|p2b: Gothitelle\n|-supereffective|p2b: Gothitelle\n|-damage|p2b: Gothitelle|0 fnt\n|faint|p2b: Gothitelle\n|\n|win|Ytterby\n|raw|Ytterby's rating: 1113 → 1136<\/strong> (+23 for winning)\n|raw|zuzimiko's rating: 1083 → 1062<\/strong> (-21 for losing)\n","uploadtime":1682273116,"views":8,"p1id":"ytterby","p2id":"zuzimiko","formatid":"gen9vgc2023regulationc","rating":1062,"private":0,"password":""}