{"id":"gen9vgc2023regulationc-1846177213","p1":"Alemolgaa","p2":"tdman","format":"[Gen 9] VGC 2023 Regulation C","log":"|j|\u2606Alemolgaa\n|j|\u2606tdman\n|t:|1681817726\n|gametype|doubles\n|player|p1|Alemolgaa|palmer|1057\n|player|p2|tdman|acetrainer-gen4dp|1071\n|teamsize|p1|6\n|teamsize|p2|6\n|gen|9\n|tier|[Gen 9] VGC 2023 Regulation C\n|rated|\n|rule|Species Clause: Limit one of each Pok\u00e9mon\n|rule|Item Clause: Limit one of each item\n|clearpoke\n|poke|p1|Gengar, L50, M|\n|poke|p1|Dragonite, L50, M|\n|poke|p1|Annihilape, L50, M|\n|poke|p1|Hydreigon, L50, M|\n|poke|p1|Murkrow, L50, M|\n|poke|p1|Gholdengo, L50|\n|poke|p2|Scizor, L50, M|\n|poke|p2|Talonflame, L50, F|\n|poke|p2|Iron Hands, L50|\n|poke|p2|Tatsugiri, L50, F|\n|poke|p2|Grimmsnarl, L50, M|\n|poke|p2|Tsareena, L50, F|\n|teampreview|4\n|inactive|Battle timer is ON: inactive players will automatically lose when time's up. (requested by tdman)\n|inactive|Alemolgaa has 60 seconds left.\n|inactive|tdman has 60 seconds left.\n|inactive|Alemolgaa has 30 seconds left.\n|inactive|Alemolgaa has 20 seconds left.\n|inactive|Alemolgaa has 15 seconds left.\n|\n|t:|1681817806\n|start\n|switch|p1a: Lyfen22|Gholdengo, L50|100\/100\n|switch|p1b: Noa|Hydreigon, L50, M|100\/100\n|switch|p2a: Iron Hands|Iron Hands, L50|100\/100\n|switch|p2b: Grimmsnarl|Grimmsnarl, L50, M|100\/100\n|turn|1\n|inactive|tdman has 30 seconds left.\n|\n|t:|1681817832\n|move|p1b: Noa|Protect|p1b: Noa\n|-singleturn|p1b: Noa|Protect\n|move|p2b: Grimmsnarl|Light Screen|p2b: Grimmsnarl\n|-sidestart|p2: tdman|move: Light Screen\n|move|p1a: Lyfen22|Nasty Plot|p1a: Lyfen22\n|-boost|p1a: Lyfen22|spa|2\n|move|p2a: Iron Hands|Drain Punch|p1b: Noa\n|-activate|p1b: Noa|move: Protect\n|\n|upkeep\n|turn|2\n|inactive|tdman has 30 seconds left.\n|\n|t:|1681817860\n|switch|p1b: Christian|Annihilape, L50, M|100\/100\n|move|p1a: Lyfen22|Dazzling Gleam|p2b: Grimmsnarl|[spread] p2a,p2b\n|-supereffective|p2a: Iron Hands\n|-supereffective|p2b: Grimmsnarl\n|-damage|p2a: Iron Hands|75\/100\n|-damage|p2b: Grimmsnarl|49\/100\n|move|p2b: Grimmsnarl|Spirit Break|p1b: Christian\n|-supereffective|p1b: Christian\n|-damage|p1b: Christian|36\/100\n|-unboost|p1b: Christian|spa|1\n|-ability|p1b: Christian|Defiant|boost\n|-boost|p1b: Christian|atk|2\n|move|p2a: Iron Hands|Stomping Tantrum|p1a: Lyfen22\n|-supereffective|p1a: Lyfen22\n|-damage|p1a: Lyfen22|44\/100\n|-enditem|p1a: Lyfen22|Sitrus Berry|[eat]\n|-heal|p1a: Lyfen22|68\/100|[from] item: Sitrus Berry\n|\n|-heal|p1b: Christian|42\/100|[from] item: Leftovers\n|upkeep\n|turn|3\n|inactive|Alemolgaa has 30 seconds left.\n|inactive|tdman has 30 seconds left.\n|\n|t:|1681817894\n|move|p1b: Christian|Drain Punch|p2a: Iron Hands\n|-damage|p2a: Iron Hands|26\/100\n|-heal|p1b: Christian|73\/100|[from] drain|[of] p2a: Iron Hands\n|move|p1a: Lyfen22|Dazzling Gleam|p2b: Grimmsnarl|[spread] p2a,p2b\n|-supereffective|p2a: Iron Hands\n|-supereffective|p2b: Grimmsnarl\n|-damage|p2a: Iron Hands|0 fnt\n|-damage|p2b: Grimmsnarl|0 fnt\n|faint|p2a: Iron Hands\n|-end|p2a: Iron Hands|Quark Drive|[silent]\n|faint|p2b: Grimmsnarl\n|\n|-heal|p1b: Christian|79\/100|[from] item: Leftovers\n|upkeep\n|\n|t:|1681817901\n|switch|p2b: Tatsugiri|Tatsugiri, L50, F|100\/100\n|switch|p2a: Talonflame|Talonflame, L50, F|100\/100\n|turn|4\n|\n|t:|1681817925\n|move|p1b: Christian|Protect|p1b: Christian\n|-singleturn|p1b: Christian|Protect\n|move|p2a: Talonflame|Tailwind|p2a: Talonflame\n|-sidestart|p2: tdman|move: Tailwind\n|move|p2b: Tatsugiri|Muddy Water|p1b: Christian|[spread] p1a\n|-activate|p1b: Christian|move: Protect\n|-damage|p1a: Lyfen22|26\/100\n|-damage|p2b: Tatsugiri|91\/100|[from] item: Life Orb\n|move|p1a: Lyfen22|Dazzling Gleam|p2b: Tatsugiri|[spread] p2a,p2b\n|-resisted|p2a: Talonflame\n|-supereffective|p2b: Tatsugiri\n|-damage|p2a: Talonflame|80\/100\n|-damage|p2b: Tatsugiri|29\/100\n|\n|-heal|p1b: Christian|85\/100|[from] item: Leftovers\n|upkeep\n|turn|5\n|inactive|Alemolgaa has 30 seconds left.\n|inactive|tdman has 30 seconds left.\n|inactive|Alemolgaa has 20 seconds left.\n|inactive|Alemolgaa has 15 seconds left.\n|inactive|tdman has 20 seconds left.\n|inactive|Alemolgaa has 10 seconds left.\n|inactive|tdman has 15 seconds left.\n|\n|t:|1681817975\n|switch|p1a: Litera|Dragonite, L50, M|100\/100\n|-terastallize|p2b: Tatsugiri|Fire\n|-terastallize|p1b: Christian|Fire\n|move|p2a: Talonflame|Will-O-Wisp|p1b: Christian\n|-immune|p1b: Christian\n|move|p2b: Tatsugiri|Muddy Water|p1a: Litera|[spread] \n|-miss|p2b: Tatsugiri|p1a: Litera\n|-miss|p2b: Tatsugiri|p1b: Christian\n|move|p1b: Christian|Drain Punch|p2b: Tatsugiri\n|-damage|p2b: Tatsugiri|0 fnt\n|-heal|p1b: Christian|98\/100|[from] drain|[of] p2b: Tatsugiri\n|faint|p2b: Tatsugiri\n|\n|-heal|p1b: Christian|100\/100|[from] item: Leftovers\n|upkeep\n|turn|6\n|inactive|Alemolgaa has 30 seconds left.\n|\n|t:|1681818000\n|move|p2a: Talonflame|Tailwind||[still]\n|-fail|p2a: Talonflame\n|move|p1b: Christian|Rage Fist|p2a: Talonflame\n|-damage|p2a: Talonflame|0 fnt\n|faint|p2a: Talonflame\n|\n|win|Alemolgaa\n|raw|Alemolgaa's rating: 1057 → 1090<\/strong> (+33 for winning)\n|raw|tdman's rating: 1071 → 1050<\/strong> (-21 for losing)\n|l|\u2606tdman\n","uploadtime":1681818012,"views":9,"p1id":"alemolgaa","p2id":"tdman","formatid":"gen9vgc2023regulationc","rating":1050,"private":0,"password":""}