{"id":"gen9vgc2023regulationc-1854710394","p1":"ChorusFruitFarmer","p2":"thomaseh","format":"[Gen 9] VGC 2023 Regulation C","log":"|j|\u2606ChorusFruitFarmer\n|j|\u2606thomaseh\n|t:|1682854734\n|gametype|doubles\n|player|p1|ChorusFruitFarmer|penny|1179\n|player|p2|thomaseh|169|1076\n|teamsize|p1|6\n|teamsize|p2|6\n|gen|9\n|tier|[Gen 9] VGC 2023 Regulation C\n|rated|\n|rule|Species Clause: Limit one of each Pok\u00e9mon\n|rule|Item Clause: Limit one of each item\n|clearpoke\n|poke|p1|Iron Jugulis, L50|\n|poke|p1|Garchomp, L50, F|\n|poke|p1|Chien-Pao, L50|\n|poke|p1|Kilowattrel, L50, F|\n|poke|p1|Mismagius, L50, F|\n|poke|p1|Flutter Mane, L50|\n|poke|p2|Iron Bundle, L50|\n|poke|p2|Great Tusk, L50|\n|poke|p2|Talonflame, L50, F|\n|poke|p2|Tyranitar, L50, F|\n|poke|p2|Gothitelle, L50, F|\n|poke|p2|Iron Hands, L50|\n|teampreview|4\n|inactive|Battle timer is ON: inactive players will automatically lose when time's up. (requested by ChorusFruitFarmer)\n|\n|t:|1682854757\n|start\n|switch|p1a: Tara|Chien-Pao, L50|100\/100\n|switch|p1b: SUPERIOR Esmerelda|Mismagius, L50, F|100\/100\n|switch|p2a: Iron Bundle|Iron Bundle, L50|100\/100\n|switch|p2b: Great Tusk|Great Tusk, L50|100\/100\n|-ability|p1a: Tara|Sword of Ruin\n|-item|p1a: Tara|Air Balloon\n|-enditem|p2a: Iron Bundle|Booster Energy\n|-activate|p2a: Iron Bundle|ability: Quark Drive|[fromitem]\n|-start|p2a: Iron Bundle|quarkdrivespe\n|turn|1\n|\n|t:|1682854771\n|move|p2a: Iron Bundle|Hydro Pump|p1b: SUPERIOR Esmerelda\n|-damage|p1b: SUPERIOR Esmerelda|36\/100\n|move|p1a: Tara|Sacred Sword|p2a: Iron Bundle\n|-supereffective|p2a: Iron Bundle\n|-damage|p2a: Iron Bundle|3\/100\n|move|p1b: SUPERIOR Esmerelda|Dazzling Gleam|p2b: Great Tusk|[spread] p2a,p2b\n|-supereffective|p2b: Great Tusk\n|-damage|p2a: Iron Bundle|0 fnt\n|-damage|p2b: Great Tusk|44\/100\n|faint|p2a: Iron Bundle\n|-end|p2a: Iron Bundle|Quark Drive|[silent]\n|move|p2b: Great Tusk|Close Combat|p1a: Tara\n|-supereffective|p1a: Tara\n|-damage|p1a: Tara|0 fnt\n|-unboost|p2b: Great Tusk|def|1\n|-unboost|p2b: Great Tusk|spd|1\n|-enditem|p1a: Tara|Air Balloon\n|faint|p1a: Tara\n|-damage|p2b: Great Tusk|34\/100|[from] item: Life Orb\n|\n|upkeep\n|c|\u2606ChorusFruitFarmer|Good luck, have fun.\n|c|\u2606thomaseh|u2 :)\n|\n|t:|1682854790\n|switch|p2a: Talonflame|Talonflame, L50, F|100\/100\n|switch|p1a: Dommy Mommy|Garchomp, L50, F, shiny|100\/100\n|turn|2\n|\n|t:|1682854798\n|-terastallize|p1a: Dommy Mommy|Fire\n|move|p2b: Great Tusk|Protect|p2b: Great Tusk\n|-singleturn|p2b: Great Tusk|Protect\n|move|p2a: Talonflame|Tailwind|p2a: Talonflame\n|-sidestart|p2: thomaseh|move: Tailwind\n|move|p1b: SUPERIOR Esmerelda|Dazzling Gleam|p2a: Talonflame|[spread] p2a\n|-activate|p2b: Great Tusk|move: Protect\n|-resisted|p2a: Talonflame\n|-damage|p2a: Talonflame|88\/100\n|move|p1a: Dommy Mommy|Swords Dance|p1a: Dommy Mommy\n|-boost|p1a: Dommy Mommy|atk|2\n|\n|upkeep\n|turn|3\n|\n|t:|1682854815\n|switch|p1a: Goose|Kilowattrel, L50, F, shiny|100\/100\n|move|p2a: Talonflame|Brave Bird|p1b: SUPERIOR Esmerelda\n|-damage|p1b: SUPERIOR Esmerelda|0 fnt\n|faint|p1b: SUPERIOR Esmerelda\n|-damage|p2a: Talonflame|79\/100|[from] Recoil\n|move|p2b: Great Tusk|Headlong Rush|p1a: Goose\n|-immune|p1a: Goose\n|\n|upkeep\n|\n|t:|1682854821\n|switch|p1b: Dommy Mommy|Garchomp, L50, F, shiny, tera:Fire|100\/100\n|turn|4\n|\n|t:|1682854829\n|move|p1b: Dommy Mommy|Protect|p1b: Dommy Mommy\n|-singleturn|p1b: Dommy Mommy|Protect\n|move|p2a: Talonflame|Taunt|p1a: Goose\n|-start|p1a: Goose|move: Taunt\n|move|p2b: Great Tusk|Headlong Rush|p1b: Dommy Mommy\n|-activate|p1b: Dommy Mommy|move: Protect\n|move|p1a: Goose|Hurricane|p2b: Great Tusk\n|-supereffective|p2b: Great Tusk\n|-damage|p2b: Great Tusk|0 fnt\n|faint|p2b: Great Tusk\n|-end|p2b: Great Tusk|Protosynthesis|[silent]\n|\n|upkeep\n|\n|t:|1682854837\n|switch|p2b: Iron Hands|Iron Hands, L50|100\/100\n|turn|5\n|\n|t:|1682854852\n|move|p2b: Iron Hands|Fake Out|p1b: Dommy Mommy\n|-damage|p1b: Dommy Mommy|86\/100\n|-damage|p2b: Iron Hands|88\/100|[from] ability: Rough Skin|[of] p1b: Dommy Mommy\n|move|p2a: Talonflame|Brave Bird|p1b: Dommy Mommy\n|-damage|p1b: Dommy Mommy|53\/100\n|-damage|p2a: Talonflame|67\/100|[from] ability: Rough Skin|[of] p1b: Dommy Mommy\n|-damage|p2a: Talonflame|56\/100|[from] Recoil\n|move|p1a: Goose|Hurricane|p2a: Talonflame\n|-damage|p2a: Talonflame|0 fnt\n|faint|p2a: Talonflame\n|cant|p1b: Dommy Mommy|flinch\n|\n|-sideend|p2: thomaseh|move: Tailwind\n|upkeep\n|turn|6\n|\n|t:|1682854865\n|move|p1a: Goose|Hurricane|p2b: Iron Hands\n|-damage|p2b: Iron Hands|44\/100\n|-start|p2b: Iron Hands|confusion\n|move|p1b: Dommy Mommy|Earthquake|p2b: Iron Hands|[spread] p2b\n|-immune|p1a: Goose\n|-supereffective|p2b: Iron Hands\n|-damage|p2b: Iron Hands|0 fnt\n|faint|p2b: Iron Hands\n|-end|p2b: Iron Hands|Quark Drive|[silent]\n|\n|win|ChorusFruitFarmer\n|raw|ChorusFruitFarmer's rating: 1179 → 1197<\/strong> (+18 for winning)\n|raw|thomaseh's rating: 1076 → 1061<\/strong> (-15 for losing)\n|l|\u2606thomaseh\n|c|\u2606ChorusFruitFarmer|G.g.w.p.\n","uploadtime":1682854881,"views":12,"p1id":"chorusfruitfarmer","p2id":"thomaseh","formatid":"gen9vgc2023regulationc","rating":1061,"private":0,"password":""}