{"id":"gen9vgc2023regulationc-1856749071","p1":"Tiplaf","p2":"WhatWasIC00KING","format":"[Gen 9] VGC 2023 Regulation C","log":"|j|\u2606Tiplaf\n|j|\u2606WhatWasIC00KING\n|t:|1683105294\n|gametype|doubles\n|player|p1|Tiplaf|volkner|1250\n|player|p2|WhatWasIC00KING|gambler|1280\n|teamsize|p1|6\n|teamsize|p2|6\n|gen|9\n|tier|[Gen 9] VGC 2023 Regulation C\n|rated|\n|rule|Species Clause: Limit one of each Pok\u00e9mon\n|rule|Item Clause: Limit one of each item\n|clearpoke\n|poke|p1|Roaring Moon, L50|\n|poke|p1|Gholdengo, L50|\n|poke|p1|Iron Bundle, L50|\n|poke|p1|Iron Hands, L50|\n|poke|p1|Maushold-Four, L50|\n|poke|p1|Arcanine, L50, F|\n|poke|p2|Ting-Lu, L50|\n|poke|p2|Annihilape, L50, F|\n|poke|p2|Palafin, L50, M|\n|poke|p2|Flutter Mane, L50|\n|poke|p2|Arcanine, L50, M|\n|poke|p2|Amoonguss, L50, M|\n|teampreview|4\nWhatWasIC00KING has agreed to open team sheets.\nTiplaf has agreed to open team sheets.\n|inactive|Battle timer is ON: inactive players will automatically lose when time's up. (requested by WhatWasIC00KING)\n|inactive|Tiplaf has 60 seconds left.\n|\n|t:|1683105381\n|start\n|switch|p1a: Iron Hands|Iron Hands, L50|100\/100\n|switch|p1b: Iron Bundle|Iron Bundle, L50|100\/100\n|switch|p2a: Ares|Annihilape, L50, F, shiny|100\/100\n|switch|p2b: Hypnos|Amoonguss, L50, M, shiny|100\/100\n|turn|1\n|inactive|Tiplaf has 30 seconds left.\n|inactive|WhatWasIC00KING has 30 seconds left.\n|\n|t:|1683105410\n|move|p1a: Iron Hands|Fake Out|p2b: Hypnos\n|-damage|p2b: Hypnos|89\/100\n|move|p1b: Iron Bundle|Hydro Pump|p2a: Ares\n|-damage|p2a: Ares|56\/100\n|move|p2a: Ares|Drain Punch|p1b: Iron Bundle\n|-supereffective|p1b: Iron Bundle\n|-damage|p1b: Iron Bundle|17\/100\n|-heal|p2a: Ares|82\/100|[from] drain|[of] p1b: Iron Bundle\n|cant|p2b: Hypnos|flinch\n|\n|-heal|p2a: Ares|88\/100|[from] item: Leftovers\n|upkeep\n|turn|2\n|inactive|Tiplaf has 30 seconds left.\n|inactive|Tiplaf has 20 seconds left.\n|inactive|Tiplaf has 15 seconds left.\n|inactive|Tiplaf has 10 seconds left.\n|inactive|Tiplaf has 5 seconds left.\n|\n|t:|1683105464\n|switch|p2b: Aeolus|Arcanine, L50, M, shiny|100\/100\n|-ability|p2b: Aeolus|Intimidate|boost\n|-unboost|p1a: Iron Hands|atk|1\n|-unboost|p1b: Iron Bundle|atk|1\n|move|p1b: Iron Bundle|Freeze-Dry|p2b: Aeolus\n|-resisted|p2b: Aeolus\n|-damage|p2b: Aeolus|83\/100\n|-status|p2b: Aeolus|frz\n|move|p2a: Ares|Drain Punch|p1b: Iron Bundle\n|-supereffective|p1b: Iron Bundle\n|-damage|p1b: Iron Bundle|0 fnt\n|-heal|p2a: Ares|93\/100|[from] drain|[of] p1b: Iron Bundle\n|faint|p1b: Iron Bundle\n|-end|p1b: Iron Bundle|Quark Drive|[silent]\n|move|p1a: Iron Hands|Wild Charge|p2a: Ares\n|-damage|p2a: Ares|65\/100\n|-damage|p1a: Iron Hands|95\/100|[from] Recoil\n|\n|-heal|p2a: Ares|71\/100|[from] item: Leftovers\n|upkeep\n|\n|t:|1683105475\n|switch|p1b: Roaring Moon|Roaring Moon, L50|100\/100\n|-enditem|p1b: Roaring Moon|Booster Energy\n|-activate|p1b: Roaring Moon|ability: Protosynthesis|[fromitem]\n|-start|p1b: Roaring Moon|protosynthesisatk\n|turn|3\n|\n|t:|1683105498\n|-terastallize|p1b: Roaring Moon|Flying\n|-terastallize|p2a: Ares|Fire\n|move|p1b: Roaring Moon|Dragon Dance|p1b: Roaring Moon\n|-boost|p1b: Roaring Moon|atk|1\n|-boost|p1b: Roaring Moon|spe|1\n|cant|p2b: Aeolus|frz\n|move|p2a: Ares|Rage Fist|p1b: Roaring Moon\n|-damage|p1b: Roaring Moon|27\/100\n|move|p1a: Iron Hands|Close Combat|p2b: Aeolus\n|-crit|p2b: Aeolus\n|-damage|p2b: Aeolus|0 fnt\n|-unboost|p1a: Iron Hands|def|1\n|-unboost|p1a: Iron Hands|spd|1\n|faint|p2b: Aeolus\n|\n|-heal|p2a: Ares|77\/100|[from] item: Leftovers\n|upkeep\n|inactive|WhatWasIC00KING has 30 seconds left.\n|\n|t:|1683105532\n|switch|p2b: Eris|Flutter Mane, L50|100\/100\n|turn|4\n|inactive|Tiplaf has 30 seconds left.\n|inactive|Tiplaf has 20 seconds left.\n|\n|t:|1683105568\n|move|p1b: Roaring Moon|Acrobatics|p2b: Eris\n|-damage|p2b: Eris|0 fnt\n|faint|p2b: Eris\n|-end|p2b: Eris|Protosynthesis|[silent]\n|move|p2a: Ares|Rage Fist|p1b: Roaring Moon\n|-damage|p1b: Roaring Moon|0 fnt\n|faint|p1b: Roaring Moon\n|-end|p1b: Roaring Moon|Protosynthesis|[silent]\n|move|p1a: Iron Hands|Iron Head|p2a: Ares\n|-resisted|p2a: Ares\n|-crit|p2a: Ares\n|-damage|p2a: Ares|58\/100\n|\n|-heal|p2a: Ares|64\/100|[from] item: Leftovers\n|upkeep\n|\n|t:|1683105575\n|switch|p2b: Hypnos|Amoonguss, L50, M, shiny|100\/100\n|switch|p1b: Arcanine|Arcanine, L50, F|100\/100\n|-ability|p1b: Arcanine|Intimidate|boost\n|-unboost|p2a: Ares|atk|1\n|-ability|p2a: Ares|Defiant|boost\n|-boost|p2a: Ares|atk|2\n|-unboost|p2b: Hypnos|atk|1\n|turn|5\n|\n|t:|1683105589\n|move|p2b: Hypnos|Protect|p2b: Hypnos\n|-singleturn|p2b: Hypnos|Protect\n|move|p1b: Arcanine|Flare Blitz|p2b: Hypnos\n|-activate|p2b: Hypnos|move: Protect\n|move|p2a: Ares|Bulk Up|p2a: Ares\n|-boost|p2a: Ares|atk|1\n|-boost|p2a: Ares|def|1\n|move|p1a: Iron Hands|Close Combat|p2a: Ares\n|-damage|p2a: Ares|36\/100\n|-unboost|p1a: Iron Hands|def|1\n|-unboost|p1a: Iron Hands|spd|1\n|\n|-heal|p2a: Ares|42\/100|[from] item: Leftovers\n|upkeep\n|turn|6\n|\n|t:|1683105609\n|move|p1b: Arcanine|Extreme Speed|p2a: Ares\n|-damage|p2a: Ares|28\/100\n|move|p2a: Ares|Drain Punch|p1a: Iron Hands\n|-damage|p1a: Iron Hands|4\/100\n|-heal|p2a: Ares|81\/100|[from] drain|[of] p1a: Iron Hands\n|move|p1a: Iron Hands|Close Combat|p2a: Ares\n|-damage|p2a: Ares|54\/100\n|-unboost|p1a: Iron Hands|def|1\n|-unboost|p1a: Iron Hands|spd|1\n|move|p2b: Hypnos|Pollen Puff|p2a: Ares\n|-heal|p2a: Ares|100\/100\n|\n|upkeep\n|turn|7\n|-message|Tiplaf forfeited.\n|\n|win|WhatWasIC00KING\n|raw|Tiplaf's rating: 1250 → 1227<\/strong> (-23 for losing)\n|raw|WhatWasIC00KING's rating: 1280 → 1303<\/strong> (+23 for winning)\n|l|\u2606Tiplaf\n","uploadtime":1683105645,"views":20,"p1id":"tiplaf","p2id":"whatwasic00king","formatid":"gen9vgc2023regulationc","rating":1227,"private":0,"password":""}