{"id":"gen9vgc2023regulationc-1852354177","p1":"yonakacoolio","p2":"nub1234","format":"[Gen 9] VGC 2023 Regulation C","log":"|j|\u2606yonakacoolio\n|j|\u2606nub1234\n|t:|1682547402\n|gametype|doubles\n|player|p1|yonakacoolio|pokemonbreeder-gen4|1000\n|player|p2|nub1234|266|1000\n|teamsize|p1|6\n|teamsize|p2|6\n|gen|9\n|tier|[Gen 9] VGC 2023 Regulation C\n|rated|\n|rule|Species Clause: Limit one of each Pok\u00e9mon\n|rule|Item Clause: Limit one of each item\n|clearpoke\n|poke|p1|Gastrodon, L50, F|\n|poke|p1|Torkoal, L50, F|\n|poke|p1|Brute Bonnet, L50|\n|poke|p1|Lilligant, L50, F|\n|poke|p1|Iron Moth, L50|\n|poke|p1|Espeon, L50, M|\n|poke|p2|Amoonguss, L50, M|\n|poke|p2|Flutter Mane, L50|\n|poke|p2|Arcanine, L50, M|\n|poke|p2|Palafin, L50, F|\n|poke|p2|Ting-Lu, L50|\n|poke|p2|Gyarados, L50, F|\n|teampreview|4\n|inactive|Battle timer is ON: inactive players will automatically lose when time's up. (requested by yonakacoolio)\nyonakacoolio rejected open team sheets.\n|\n|t:|1682547418\n|start\n|switch|p1a: Fumus|Torkoal, L50, F, shiny|100\/100\n|switch|p1b: Flos puella|Lilligant, L50, F|100\/100\n|switch|p2a: Palafin|Palafin, L50, F, shiny|100\/100\n|switch|p2b: Flutter Mane|Flutter Mane, L50, shiny|100\/100\n|-weather|SunnyDay|[from] ability: Drought|[of] p1a: Fumus\n|-activate|p2b: Flutter Mane|ability: Protosynthesis\n|-start|p2b: Flutter Mane|protosynthesisspe\n|turn|1\n|inactive|nub1234 has 30 seconds left.\n|\n|t:|1682547446\n|detailschange|p2a: Palafin|Palafin-Hero, L50, F, shiny\n|switch|p2a: Gyarados|Gyarados, L50, F, shiny|100\/100\n|-ability|p2a: Gyarados|Intimidate|boost\n|-unboost|p1a: Fumus|atk|1\n|-unboost|p1b: Flos puella|atk|1\n|-terastallize|p2b: Flutter Mane|Poison\n|-terastallize|p1a: Fumus|Fire\n|move|p1b: Flos puella|After You|p1a: Fumus\n|-activate|p1a: Fumus|move: After You\n|move|p1a: Fumus|Eruption|p2a: Gyarados|[spread] p2a,p2b\n|-resisted|p2a: Gyarados\n|-damage|p2a: Gyarados|39\/100\n|-damage|p2b: Flutter Mane|0 fnt\n|faint|p2b: Flutter Mane\n|-end|p2b: Flutter Mane|Protosynthesis|[silent]\n|\n|-weather|SunnyDay|[upkeep]\n|upkeep\n|\n|t:|1682547468\n|switch|p2b: Palafin|Palafin-Hero, L50, F, shiny|100\/100\n|-activate|p2b: Palafin|ability: Zero to Hero\n|turn|2\n|\n|t:|1682547475\n|move|p1b: Flos puella|Helping Hand|p1a: Fumus\n|-singleturn|p1a: Fumus|Helping Hand|[of] p1b: Flos puella\n|move|p2b: Palafin|Jet Punch|p1a: Fumus\n|-supereffective|p1a: Fumus\n|-damage|p1a: Fumus|67\/100\n|move|p2a: Gyarados|Earthquake|p1b: Flos puella|[spread] p2b,p1a,p1b\n|-supereffective|p1a: Fumus\n|-resisted|p1b: Flos puella\n|-damage|p2b: Palafin|71\/100\n|-damage|p1a: Fumus|15\/100\n|-damage|p1b: Flos puella|77\/100\n|move|p1a: Fumus|Eruption|p2a: Gyarados|[spread] p2a,p2b\n|-resisted|p2a: Gyarados\n|-resisted|p2b: Palafin\n|-damage|p2a: Gyarados|25\/100\n|-damage|p2b: Palafin|58\/100\n|\n|-weather|SunnyDay|[upkeep]\n|upkeep\n|turn|3\n|\n|t:|1682547489\n|move|p2b: Palafin|Protect|p2b: Palafin\n|-singleturn|p2b: Palafin|Protect\n|move|p1b: Flos puella|Solar Beam||[still]\n|-prepare|p1b: Flos puella|Solar Beam\n|-anim|p1b: Flos puella|Solar Beam|p2b: Palafin\n|-activate|p2b: Palafin|move: Protect\n|move|p2a: Gyarados|Earthquake|p1b: Flos puella|[spread] p1a,p1b\n|-activate|p2b: Palafin|move: Protect\n|-supereffective|p1a: Fumus\n|-resisted|p1b: Flos puella\n|-damage|p1a: Fumus|0 fnt\n|-damage|p1b: Flos puella|56\/100\n|faint|p1a: Fumus\n|\n|-weather|SunnyDay|[upkeep]\n|upkeep\n|\n|t:|1682547495\n|switch|p1a: Ignis|Iron Moth, L50|100\/100\n|turn|4\n|\n|t:|1682547503\n|switch|p2b: Ting-Lu|Ting-Lu, L50|100\/100\n|-ability|p2b: Ting-Lu|Vessel of Ruin\n|move|p1a: Ignis|Protect|p1a: Ignis\n|-singleturn|p1a: Ignis|Protect\n|move|p1b: Flos puella|After You||[still]\n|-fail|p1b: Flos puella\n|move|p2a: Gyarados|Earthquake|p1a: Ignis|[spread] p2b,p1b\n|-activate|p1a: Ignis|move: Protect\n|-resisted|p1b: Flos puella\n|-damage|p2b: Ting-Lu|85\/100\n|-damage|p1b: Flos puella|36\/100\n|-enditem|p1b: Flos puella|Sitrus Berry|[eat]\n|-heal|p1b: Flos puella|61\/100|[from] item: Sitrus Berry\n|\n|-weather|SunnyDay|[upkeep]\n|upkeep\n|turn|5\n|\n|t:|1682547517\n|move|p1b: Flos puella|Solar Beam||[still]\n|-prepare|p1b: Flos puella|Solar Beam\n|-anim|p1b: Flos puella|Solar Beam|p2b: Ting-Lu\n|-supereffective|p2b: Ting-Lu\n|-damage|p2b: Ting-Lu|52\/100\n|move|p1a: Ignis|Solar Beam||[still]\n|-prepare|p1a: Ignis|Solar Beam\n|-anim|p1a: Ignis|Solar Beam|p2b: Ting-Lu\n|-supereffective|p2b: Ting-Lu\n|-damage|p2b: Ting-Lu|16\/100\n|-damage|p1a: Ignis|91\/100|[from] item: Life Orb\n|move|p2a: Gyarados|Earthquake|p1b: Flos puella|[spread] p2b,p1a,p1b\n|-supereffective|p1a: Ignis\n|-resisted|p1b: Flos puella\n|-damage|p2b: Ting-Lu|1\/100\n|-damage|p1a: Ignis|0 fnt\n|-damage|p1b: Flos puella|39\/100\n|faint|p1a: Ignis\n|-end|p1a: Ignis|Quark Drive|[silent]\n|move|p2b: Ting-Lu|Heavy Slam|p1b: Flos puella\n|-damage|p1b: Flos puella|0 fnt\n|faint|p1b: Flos puella\n|\n|-weather|none\n|upkeep\n|\n|t:|1682547530\n|switch|p1b: Dilectus|Gastrodon, L50, F, shiny|100\/100\n|turn|6\n|\n|t:|1682547544\n|move|p2a: Gyarados|Protect|p2a: Gyarados\n|-singleturn|p2a: Gyarados|Protect\n|move|p2b: Ting-Lu|Ruination|p1b: Dilectus|[miss]\n|-miss|p2b: Ting-Lu|p1b: Dilectus\n|move|p1b: Dilectus|Icy Wind|p2a: Gyarados|[spread] p2b\n|-activate|p2a: Gyarados|move: Protect\n|-supereffective|p2b: Ting-Lu\n|-damage|p2b: Ting-Lu|0 fnt\n|faint|p2b: Ting-Lu\n|\n|upkeep\n|\n|t:|1682547546\n|switch|p2b: Palafin|Palafin-Hero, L50, F, shiny|58\/100\n|turn|7\n|\n|t:|1682547552\n|move|p2b: Palafin|Protect|p2b: Palafin\n|-singleturn|p2b: Palafin|Protect\n|move|p2a: Gyarados|Earthquake|p1b: Dilectus|[spread] p1b\n|-activate|p2b: Palafin|move: Protect\n|-damage|p1b: Dilectus|78\/100\n|move|p1b: Dilectus|Icy Wind|p2a: Gyarados|[spread] p2a\n|-activate|p2b: Palafin|move: Protect\n|-damage|p2a: Gyarados|16\/100\n|-unboost|p2a: Gyarados|spe|1\n|\n|-heal|p1b: Dilectus|84\/100|[from] item: Leftovers\n|upkeep\n|turn|8\n|\n|t:|1682547562\n|move|p2b: Palafin|Close Combat|p1b: Dilectus\n|-damage|p1b: Dilectus|45\/100\n|-unboost|p2b: Palafin|def|1\n|-unboost|p2b: Palafin|spd|1\n|move|p2a: Gyarados|Dragon Dance|p2a: Gyarados\n|-boost|p2a: Gyarados|atk|1\n|-boost|p2a: Gyarados|spe|1\n|move|p1b: Dilectus|Icy Wind|p2b: Palafin|[spread] p2a,p2b\n|-resisted|p2b: Palafin\n|-damage|p2a: Gyarados|8\/100\n|-damage|p2b: Palafin|51\/100\n|-unboost|p2a: Gyarados|spe|1\n|-unboost|p2b: Palafin|spe|1\n|\n|-heal|p1b: Dilectus|51\/100|[from] item: Leftovers\n|upkeep\n|turn|9\n|\n|t:|1682547568\n|move|p2b: Palafin|Protect|p2b: Palafin\n|-singleturn|p2b: Palafin|Protect\n|move|p1b: Dilectus|Protect|p1b: Dilectus\n|-singleturn|p1b: Dilectus|Protect\n|move|p2a: Gyarados|Earthquake|p1b: Dilectus|[spread] \n|-activate|p2b: Palafin|move: Protect\n|-activate|p1b: Dilectus|move: Protect\n|\n|-heal|p1b: Dilectus|57\/100|[from] item: Leftovers\n|upkeep\n|turn|10\n|\n|t:|1682547582\n|move|p2b: Palafin|Protect||[still]\n|-fail|p2b: Palafin\n|move|p2a: Gyarados|Earthquake|p1b: Dilectus|[spread] p2b,p1b\n|-damage|p2b: Palafin|0 fnt\n|-damage|p1b: Dilectus|17\/100\n|faint|p2b: Palafin\n|move|p1b: Dilectus|Icy Wind|p2a: Gyarados\n|-damage|p2a: Gyarados|0 fnt\n|faint|p2a: Gyarados\n|\n|win|yonakacoolio\n|raw|yonakacoolio's rating: 1000 → 1040<\/strong> (+40 for winning)\n|raw|nub1234's rating: 1000 → 1000<\/strong> (+0 for losing)\n|l|\u2606nub1234\n|c|\u2606yonakacoolio|lmao\n|c|\u2606yonakacoolio|gg\n","uploadtime":1682547595,"views":15,"p1id":"yonakacoolio","p2id":"nub1234","formatid":"gen9vgc2023regulationc","rating":1000,"private":0,"password":""}