{"id":"gen9vgc2023regulationc-1847506879","p1":"Violet1994","p2":"Sailsun","format":"[Gen 9] VGC 2023 Regulation C","log":"|j|\u2606Violet1994\n|j|\u2606Sailsun\n|t:|1681964245\n|gametype|doubles\n|player|p1|Violet1994|cheryl|1208\n|player|p2|Sailsun|101|1139\n|teamsize|p1|6\n|teamsize|p2|6\n|gen|9\n|tier|[Gen 9] VGC 2023 Regulation C\n|rated|\n|rule|Species Clause: Limit one of each Pok\u00e9mon\n|rule|Item Clause: Limit one of each item\n|clearpoke\n|poke|p1|Wo-Chien, L50|\n|poke|p1|Sylveon, L50, M|\n|poke|p1|Indeedee-F, L50, F|\n|poke|p1|Armarouge, L50, M|\n|poke|p1|Rotom-Wash, L50|\n|poke|p1|Breloom, L50, F|\n|poke|p2|Palafin, L50, F|\n|poke|p2|Chien-Pao, L50|\n|poke|p2|Dragapult, L50, M|\n|poke|p2|Amoonguss, L50, M|\n|poke|p2|Arcanine, L50, F|\n|poke|p2|Flutter Mane, L50|\n|teampreview|4\n|inactive|Battle timer is ON: inactive players will automatically lose when time's up. (requested by Violet1994)\n|inactive|Sailsun has 60 seconds left.\n|\n|t:|1681964291\n|start\n|switch|p1a: Indeedee|Indeedee-F, L50, F, shiny|100\/100\n|switch|p1b: Armarouge|Armarouge, L50, M, shiny|100\/100\n|switch|p2a: Bundle|Chien-Pao, L50|100\/100\n|switch|p2b: Dnite|Dragapult, L50, M|100\/100\n|-ability|p2a: Bundle|Sword of Ruin\n|-fieldstart|move: Psychic Terrain|[from] ability: Psychic Surge|[of] p1a: Indeedee\n|-enditem|p1a: Indeedee|Psychic Seed\n|-boost|p1a: Indeedee|spd|1|[from] item: Psychic Seed\n|turn|1\n|inactive|Sailsun has 30 seconds left.\n|inactive|Sailsun has 20 seconds left.\n|\n|t:|1681964330\n|move|p2a: Bundle|Protect|p2a: Bundle\n|-singleturn|p2a: Bundle|Protect\n|move|p1a: Indeedee|Follow Me|p1a: Indeedee\n|-singleturn|p1a: Indeedee|move: Follow Me\n|move|p2b: Dnite|Dragon Darts|p1a: Indeedee\n|-damage|p1a: Indeedee|51\/100\n|-anim|p2b: Dnite|Dragon Darts|p1a: Indeedee\n|-damage|p1a: Indeedee|8\/100\n|move|p1b: Armarouge|Trick Room|p1b: Armarouge\n|-fieldstart|move: Trick Room|[of] p1b: Armarouge\n|\n|upkeep\n|turn|2\n|inactive|Violet1994 has 30 seconds left.\n|inactive|Sailsun has 30 seconds left.\n|\n|t:|1681964357\n|-terastallize|p1b: Armarouge|Grass\n|move|p1b: Armarouge|Heat Wave|p2a: Bundle|[spread] p2a,p2b\n|-supereffective|p2a: Bundle\n|-resisted|p2b: Dnite\n|-enditem|p2a: Bundle|Focus Sash\n|-damage|p2a: Bundle|1\/100\n|-damage|p2b: Dnite|69\/100\n|-damage|p1b: Armarouge|91\/100|[from] item: Life Orb\n|move|p1a: Indeedee|Shadow Ball|p2b: Dnite\n|-supereffective|p2b: Dnite\n|-damage|p2b: Dnite|19\/100\n|move|p2a: Bundle|Ice Spinner|p1a: Indeedee\n|-damage|p1a: Indeedee|0 fnt\n|-fieldend|move: Psychic Terrain\n|faint|p1a: Indeedee\n|move|p2b: Dnite|Dragon Darts|p1b: Armarouge\n|-damage|p1b: Armarouge|48\/100\n|-anim|p2b: Dnite|Dragon Darts|p1b: Armarouge\n|-damage|p1b: Armarouge|4\/100\n|\n|upkeep\n|\n|t:|1681964372\n|switch|p1a: Sylveon|Sylveon, L50, M, shiny|100\/100\n|turn|3\n|\n|t:|1681964395\n|switch|p2b: WoChien|Amoonguss, L50, M|100\/100\n|move|p2a: Bundle|Protect|p2a: Bundle\n|-singleturn|p2a: Bundle|Protect\n|move|p1a: Sylveon|Hyper Voice|p2b: WoChien|[spread] p2b\n|-activate|p2a: Bundle|move: Protect\n|-resisted|p2b: WoChien\n|-damage|p2b: WoChien|88\/100\n|-enditem|p1a: Sylveon|Throat Spray\n|-boost|p1a: Sylveon|spa|1|[from] item: Throat Spray\n|move|p1b: Armarouge|Heat Wave|p2b: WoChien|[spread] p2b\n|-activate|p2a: Bundle|move: Protect\n|-supereffective|p2b: WoChien\n|-damage|p2b: WoChien|9\/100\n|-status|p2b: WoChien|brn\n|-enditem|p2b: WoChien|Sitrus Berry|[eat]\n|-heal|p2b: WoChien|34\/100 brn|[from] item: Sitrus Berry\n|-damage|p1b: Armarouge|0 fnt|[from] item: Life Orb\n|faint|p1b: Armarouge\n|\n|-damage|p2b: WoChien|28\/100 brn|[from] brn\n|upkeep\n|\n|t:|1681964417\n|switch|p1b: Breloom|Breloom, L50, F, shiny|100\/100\n|turn|4\n|\n|t:|1681964427\n|move|p1a: Sylveon|Protect|p1a: Sylveon\n|-singleturn|p1a: Sylveon|Protect\n|move|p2a: Bundle|Sucker Punch|p1b: Breloom\n|-resisted|p1b: Breloom\n|-damage|p1b: Breloom|71\/100\n|move|p2b: WoChien|Spore|p1a: Sylveon\n|-activate|p1a: Sylveon|move: Protect\n|move|p1b: Breloom|Rock Tomb|p2a: Bundle\n|-supereffective|p2a: Bundle\n|-damage|p2a: Bundle|0 fnt\n|faint|p2a: Bundle\n|\n|-damage|p2b: WoChien|22\/100 brn|[from] brn\n|upkeep\n|\n|t:|1681964446\n|switch|p2a: Mimi|Flutter Mane, L50|100\/100\n|-enditem|p2a: Mimi|Booster Energy\n|-activate|p2a: Mimi|ability: Protosynthesis|[fromitem]\n|-start|p2a: Mimi|protosynthesisspa\n|turn|5\n|\n|t:|1681964458\n|switch|p2b: Dnite|Dragapult, L50, M|19\/100\n|move|p2a: Mimi|Protect|p2a: Mimi\n|-singleturn|p2a: Mimi|Protect\n|move|p1b: Breloom|Mach Punch|p2b: Dnite\n|-immune|p2b: Dnite\n|move|p1a: Sylveon|Yawn|p2a: Mimi\n|-activate|p2a: Mimi|move: Protect\n|\n|-fieldend|move: Trick Room\n|upkeep\n|turn|6\n|inactive|Sailsun has 30 seconds left.\n|\n|t:|1681964485\n|switch|p2b: WoChien|Amoonguss, L50, M|55\/100 brn\n|move|p2a: Mimi|Moonblast|p1b: Breloom\n|-supereffective|p1b: Breloom\n|-damage|p1b: Breloom|0 fnt\n|faint|p1b: Breloom\n|move|p1a: Sylveon|Hyper Voice|p2a: Mimi|[spread] p2a,p2b\n|-resisted|p2b: WoChien\n|-damage|p2a: Mimi|54\/100\n|-damage|p2b: WoChien|33\/100 brn\n|\n|-damage|p2b: WoChien|27\/100 brn|[from] brn\n|upkeep\n|turn|7\n|inactive|Sailsun has 30 seconds left.\n|\n|t:|1681964515\n|move|p2a: Mimi|Moonblast|p1a: Sylveon\n|-damage|p1a: Sylveon|54\/100\n|-unboost|p1a: Sylveon|spa|1\n|move|p1a: Sylveon|Hyper Voice|p2b: WoChien|[spread] p2a,p2b\n|-resisted|p2b: WoChien\n|-damage|p2a: Mimi|22\/100\n|-damage|p2b: WoChien|14\/100 brn\n|move|p2b: WoChien|Spore|p1a: Sylveon\n|-status|p1a: Sylveon|slp|[from] move: Spore\n|\n|-damage|p2b: WoChien|8\/100 brn|[from] brn\n|upkeep\n|turn|8\n|-message|Violet1994 forfeited.\n|\n|win|Sailsun\n|raw|Violet1994's rating: 1208 → 1178<\/strong> (-30 for losing)\n|raw|Sailsun's rating: 1139 → 1169<\/strong> (+30 for winning)\n|l|\u2606Violet1994\n","uploadtime":1681964539,"views":12,"p1id":"violet1994","p2id":"sailsun","formatid":"gen9vgc2023regulationc","rating":1169,"private":0,"password":""}