{"id":"gen9vgc2023regulationc-1845823731","p1":"gmax dracovish","p2":"uhoh I poopd","format":"[Gen 9] VGC 2023 Regulation C","log":"|j|\u2606gmax dracovish\n|j|\u2606uhoh I poopd\n|t:|1681768264\n|gametype|doubles\n|player|p1|gmax dracovish|guitarist-gen4|1331\n|player|p2|uhoh I poopd|colress|1239\n|teamsize|p1|6\n|teamsize|p2|6\n|gen|9\n|tier|[Gen 9] VGC 2023 Regulation C\n|rated|\n|rule|Species Clause: Limit one of each Pok\u00e9mon\n|rule|Item Clause: Limit one of each item\n|clearpoke\n|poke|p1|Roaring Moon, L50|\n|poke|p1|Tauros-Paldea-Blaze, L50, M|\n|poke|p1|Magnezone, L50|\n|poke|p1|Garchomp, L50, F|\n|poke|p1|Amoonguss, L50, M|\n|poke|p1|Iron Bundle, L50|\n|poke|p2|Masquerain, L50, F|\n|poke|p2|Coalossal, L50, M|\n|poke|p2|Ting-Lu, L50|\n|poke|p2|Amoonguss, L50, M|\n|poke|p2|Arcanine, L50, M|\n|poke|p2|Palafin, L50, M|\n|teampreview|4\n|\n|t:|1681768320\n|start\n|switch|p1a: Iron Bundle|Iron Bundle, L50|100\/100\n|switch|p1b: Magnezone|Magnezone, L50|100\/100\n|switch|p2a: de Havilland|Masquerain, L50, F|100\/100\n|switch|p2b: Armavee|Coalossal, L50, M|100\/100\n|-ability|p2a: de Havilland|Intimidate|boost\n|-unboost|p1a: Iron Bundle|atk|1\n|-unboost|p1b: Magnezone|atk|1\n|turn|1\n|\n|t:|1681768344\n|-terastallize|p1b: Magnezone|Flying\n|move|p2a: de Havilland|Aqua Jet|p2b: Armavee\n|-supereffective|p2b: Armavee\n|-damage|p2b: Armavee|83\/100\n|-ability|p2b: Armavee|Steam Engine|boost\n|-boost|p2b: Armavee|spe|6\n|-enditem|p2b: Armavee|Weakness Policy\n|-boost|p2b: Armavee|atk|2|[from] item: Weakness Policy\n|-boost|p2b: Armavee|spa|2|[from] item: Weakness Policy\n|move|p2b: Armavee|Heat Wave|p1a: Iron Bundle|[spread] p1a,p1b\n|-enditem|p1a: Iron Bundle|Focus Sash\n|-damage|p1a: Iron Bundle|1\/100\n|-damage|p1b: Magnezone|61\/100\n|move|p1a: Iron Bundle|Icy Wind|p2a: de Havilland|[spread] p2a,p2b\n|-supereffective|p2a: de Havilland\n|-resisted|p2b: Armavee\n|-damage|p2a: de Havilland|53\/100\n|-damage|p2b: Armavee|73\/100\n|-unboost|p2a: de Havilland|spe|1\n|-unboost|p2b: Armavee|spe|1\n|move|p1b: Magnezone|Volt Switch|p2a: de Havilland\n|-supereffective|p2a: de Havilland\n|-damage|p2a: de Havilland|0 fnt\n|faint|p2a: de Havilland\n|\n|t:|1681768373\n|switch|p1b: Tauros|Tauros-Paldea-Blaze, L50, M|100\/100|[from] Volt Switch\n|-ability|p1b: Tauros|Intimidate|boost\n|-unboost|p2b: Armavee|atk|1\n|\n|upkeep\n|\n|t:|1681768377\n|switch|p2a: Toad|Amoonguss, L50, M|100\/100\n|turn|2\n|\n|t:|1681768396\n|-terastallize|p2b: Armavee|Grass\n|move|p1a: Iron Bundle|Protect|p1a: Iron Bundle\n|-singleturn|p1a: Iron Bundle|Protect\n|move|p2b: Armavee|Heat Wave|p1a: Iron Bundle|[spread] p1b\n|-activate|p1a: Iron Bundle|move: Protect\n|-resisted|p1b: Tauros\n|-damage|p1b: Tauros|62\/100\n|move|p1b: Tauros|Close Combat|p2b: Armavee\n|-damage|p2b: Armavee|34\/100\n|-unboost|p1b: Tauros|def|1\n|-unboost|p1b: Tauros|spd|1\n|move|p2a: Toad|Spore|p1b: Tauros\n|-status|p1b: Tauros|slp|[from] move: Spore\n|\n|upkeep\n|turn|3\n|\n|t:|1681768415\n|move|p2b: Armavee|Power Gem|p1a: Iron Bundle\n|-supereffective|p1a: Iron Bundle\n|-crit|p1a: Iron Bundle\n|-damage|p1a: Iron Bundle|0 fnt\n|faint|p1a: Iron Bundle\n|-end|p1a: Iron Bundle|Quark Drive|[silent]\n|cant|p1b: Tauros|slp\n|move|p2a: Toad|Pollen Puff|p2b: Armavee\n|-heal|p2b: Armavee|84\/100\n|\n|upkeep\n|\n|t:|1681768450\n|switch|p1a: Magnezone|Magnezone, L50, tera:Flying|61\/100\n|turn|4\n|\n|t:|1681768456\n|switch|p1a: Garchomp|Garchomp, L50, F|100\/100\n|move|p2b: Armavee|Power Gem|p1b: Tauros\n|-damage|p1b: Tauros|0 fnt\n|faint|p1b: Tauros\n|move|p2a: Toad|Spore|p1a: Garchomp\n|-status|p1a: Garchomp|slp|[from] move: Spore\n|\n|upkeep\n|\n|t:|1681768463\n|switch|p1b: Magnezone|Magnezone, L50, tera:Flying|61\/100\n|turn|5\n|\n|t:|1681768474\n|move|p2b: Armavee|Power Gem|p1b: Magnezone\n|-supereffective|p1b: Magnezone\n|-damage|p1b: Magnezone|0 fnt\n|faint|p1b: Magnezone\n|cant|p1a: Garchomp|slp\n|move|p2a: Toad|Pollen Puff|p2b: Armavee\n|-heal|p2b: Armavee|100\/100\n|\n|upkeep\n|turn|6\n|\n|t:|1681768481\n|move|p2b: Armavee|Tera Blast|p1a: Garchomp\n|-crit|p1a: Garchomp\n|-damage|p1a: Garchomp|7\/100 slp\n|cant|p1a: Garchomp|slp\n|move|p2a: Toad|Spore|p1a: Garchomp\n|-fail|p1a: Garchomp|slp\n|\n|upkeep\n|turn|7\n|\n|t:|1681768491\n|move|p2a: Toad|Rage Powder|p2a: Toad\n|-singleturn|p2a: Toad|move: Rage Powder\n|move|p2b: Armavee|Tera Blast|p1a: Garchomp\n|-damage|p1a: Garchomp|0 fnt\n|faint|p1a: Garchomp\n|\n|win|uhoh I poopd\n|raw|gmax dracovish's rating: 1331 → 1306<\/strong> (-25 for losing)\n|raw|uhoh I poopd's rating: 1239 → 1270<\/strong> (+31 for winning)\n|l|\u2606gmax dracovish\n","uploadtime":1681768514,"views":7,"p1id":"gmaxdracovish","p2id":"uhohipoopd","formatid":"gen9vgc2023regulationc","rating":1270,"private":0,"password":""}