{"id":"gen9vgc2023regulationc-1846727303","p1":"Hyanryu","p2":"Kwiper","format":"[Gen 9] VGC 2023 Regulation C","log":"|j|\u2606Hyanryu\n|j|\u2606Kwiper\n|t:|1681870816\n|gametype|doubles\n|player|p1|Hyanryu|n|1470\n|player|p2|Kwiper|thorton|1466\n|teamsize|p1|6\n|teamsize|p2|6\n|gen|9\n|tier|[Gen 9] VGC 2023 Regulation C\n|rated|\n|rule|Species Clause: Limit one of each Pok\u00e9mon\n|rule|Item Clause: Limit one of each item\n|clearpoke\n|poke|p1|Dondozo, L50, M|\n|poke|p1|Tatsugiri-Droopy, L50, M|\n|poke|p1|Glimmora, L50, F|\n|poke|p1|Ting-Lu, L50|\n|poke|p1|Wo-Chien, L50|\n|poke|p1|Baxcalibur, L50, M|\n|poke|p2|Gastrodon-East, L50, F|\n|poke|p2|Chi-Yu, L50|\n|poke|p2|Tyranitar, L50, F|\n|poke|p2|Iron Bundle, L50|\n|poke|p2|Dragapult, L50, F|\n|poke|p2|Amoonguss, L50, F|\n|teampreview|4\n|\n|t:|1681870826\n|start\n|switch|p1a: Sulfera|Glimmora, L50, F, shiny|100\/100\n|switch|p1b: King Arthur|Baxcalibur, L50, M, shiny|100\/100\n|switch|p2a: Gastrodon|Gastrodon-East, L50, F|100\/100\n|switch|p2b: Dragapult|Dragapult, L50, F|100\/100\n|turn|1\n|\n|t:|1681870848\n|switch|p2b: Tyranitar|Tyranitar, L50, F|100\/100\n|-weather|Sandstorm|[from] ability: Sand Stream|[of] p2b: Tyranitar\n|-terastallize|p1b: King Arthur|Poison\n|move|p2a: Gastrodon|Protect|p2a: Gastrodon\n|-singleturn|p2a: Gastrodon|Protect\n|move|p1a: Sulfera|Mortal Spin|p2a: Gastrodon|[spread] p2b\n|-activate|p2a: Gastrodon|move: Protect\n|-resisted|p2b: Tyranitar\n|-damage|p2b: Tyranitar|99\/100\n|-status|p2b: Tyranitar|psn\n|move|p1b: King Arthur|Icicle Spear|p2b: Tyranitar\n|-damage|p2b: Tyranitar|88\/100 psn\n|-damage|p2b: Tyranitar|76\/100 psn\n|-damage|p2b: Tyranitar|64\/100 psn\n|-damage|p2b: Tyranitar|53\/100 psn\n|-damage|p2b: Tyranitar|41\/100 psn\n|-hitcount|p2b: Tyranitar|5\n|\n|-weather|Sandstorm|[upkeep]\n|-damage|p1b: King Arthur|95\/100|[from] Sandstorm\n|-damage|p2b: Tyranitar|29\/100 psn|[from] psn\n|upkeep\n|turn|2\n|\n|t:|1681870880\n|move|p1a: Sulfera|Sludge Bomb|p2a: Gastrodon\n|-resisted|p2a: Gastrodon\n|-damage|p2a: Gastrodon|79\/100\n|move|p1b: King Arthur|Icicle Spear|p2b: Tyranitar\n|-damage|p2b: Tyranitar|17\/100 psn\n|-damage|p2b: Tyranitar|6\/100 psn\n|-damage|p2b: Tyranitar|0 fnt\n|faint|p2b: Tyranitar\n|-hitcount|p2: Tyranitar|3\n|move|p2a: Gastrodon|Earth Power|p1a: Sulfera\n|-supereffective|p1a: Sulfera\n|-enditem|p1a: Sulfera|Focus Sash\n|-damage|p1a: Sulfera|1\/100\n|\n|-weather|Sandstorm|[upkeep]\n|-damage|p1b: King Arthur|89\/100|[from] Sandstorm\n|-heal|p2a: Gastrodon|86\/100|[from] item: Leftovers\n|upkeep\n|\n|t:|1681870887\n|switch|p2b: Iron Bundle|Iron Bundle, L50|100\/100\n|-enditem|p2b: Iron Bundle|Booster Energy\n|-activate|p2b: Iron Bundle|ability: Quark Drive|[fromitem]\n|-start|p2b: Iron Bundle|quarkdrivespe\n|turn|3\n|\n|t:|1681870908\n|move|p2b: Iron Bundle|Icy Wind|p1a: Sulfera|[spread] p1a,p1b\n|-damage|p1a: Sulfera|0 fnt\n|-damage|p1b: King Arthur|73\/100\n|-unboost|p1b: King Arthur|spe|1\n|faint|p1a: Sulfera\n|move|p1b: King Arthur|Iron Head|p2b: Iron Bundle\n|-damage|p2b: Iron Bundle|68\/100\n|move|p2a: Gastrodon|Earth Power|p1b: King Arthur\n|-supereffective|p1b: King Arthur\n|-damage|p1b: King Arthur|21\/100\n|\n|-weather|Sandstorm|[upkeep]\n|-damage|p2b: Iron Bundle|62\/100|[from] Sandstorm\n|-damage|p1b: King Arthur|15\/100|[from] Sandstorm\n|-heal|p2a: Gastrodon|92\/100|[from] item: Leftovers\n|upkeep\n|\n|t:|1681870925\n|switch|p1a: Ting-Lu|Ting-Lu, L50|100\/100\n|-ability|p1a: Ting-Lu|Vessel of Ruin\n|turn|4\n|\n|t:|1681870940\n|move|p2b: Iron Bundle|Icy Wind|p1a: Ting-Lu|[spread] p1a,p1b\n|-supereffective|p1a: Ting-Lu\n|-damage|p1a: Ting-Lu|87\/100\n|-damage|p1b: King Arthur|3\/100\n|-unboost|p1a: Ting-Lu|spe|1\n|-unboost|p1b: King Arthur|spe|1\n|move|p2a: Gastrodon|Muddy Water|p1a: Ting-Lu|[spread] p1a,p1b\n|-supereffective|p1a: Ting-Lu\n|-damage|p1a: Ting-Lu|73\/100\n|-damage|p1b: King Arthur|0 fnt\n|-unboost|p1a: Ting-Lu|accuracy|1\n|faint|p1b: King Arthur\n|move|p1a: Ting-Lu|Snarl|p2a: Gastrodon|[spread] p2a,p2b\n|-damage|p2a: Gastrodon|86\/100\n|-damage|p2b: Iron Bundle|44\/100\n|-unboost|p2a: Gastrodon|spa|1\n|-unboost|p2b: Iron Bundle|spa|1\n|\n|-weather|Sandstorm|[upkeep]\n|-damage|p2b: Iron Bundle|38\/100|[from] Sandstorm\n|-heal|p2a: Gastrodon|92\/100|[from] item: Leftovers\n|upkeep\n|\n|t:|1681870958\n|switch|p1b: Wo-Chien|Wo-Chien, L50|100\/100\n|-ability|p1b: Wo-Chien|Tablets of Ruin\n|turn|5\n|\n|t:|1681870971\n|move|p2b: Iron Bundle|Freeze-Dry|p1b: Wo-Chien\n|-supereffective|p1b: Wo-Chien\n|-damage|p1b: Wo-Chien|74\/100\n|move|p1b: Wo-Chien|Leech Seed|p2a: Gastrodon\n|-start|p2a: Gastrodon|move: Leech Seed\n|move|p2a: Gastrodon|Muddy Water|p1b: Wo-Chien|[spread] p1a,p1b\n|-supereffective|p1a: Ting-Lu\n|-resisted|p1b: Wo-Chien\n|-damage|p1a: Ting-Lu|64\/100\n|-damage|p1b: Wo-Chien|71\/100\n|-unboost|p1a: Ting-Lu|accuracy|1\n|move|p1a: Ting-Lu|Snarl|p2b: Iron Bundle|[spread] p2b\n|-miss|p1a: Ting-Lu|p2a: Gastrodon\n|-damage|p2b: Iron Bundle|21\/100\n|-unboost|p2b: Iron Bundle|spa|1\n|\n|-weather|none\n|-heal|p1b: Wo-Chien|77\/100|[from] item: Leftovers\n|-heal|p2a: Gastrodon|98\/100|[from] item: Leftovers\n|-damage|p2a: Gastrodon|86\/100|[from] Leech Seed|[of] p1b: Wo-Chien\n|-heal|p1b: Wo-Chien|91\/100|[silent]\n|upkeep\n|turn|6\n|\n|t:|1681871012\n|move|p2b: Iron Bundle|Hydro Pump|p2a: Gastrodon\n|-ability|p2a: Gastrodon|Storm Drain|boost\n|-boost|p2a: Gastrodon|spa|1\n|move|p1b: Wo-Chien|Leech Seed|p2b: Iron Bundle\n|-start|p2b: Iron Bundle|move: Leech Seed\n|move|p2a: Gastrodon|Muddy Water|p1b: Wo-Chien|[spread] p1a,p1b\n|-supereffective|p1a: Ting-Lu\n|-resisted|p1b: Wo-Chien\n|-damage|p1a: Ting-Lu|48\/100\n|-damage|p1b: Wo-Chien|84\/100\n|-unboost|p1b: Wo-Chien|accuracy|1\n|move|p1a: Ting-Lu|Fissure|p2a: Gastrodon\n|-damage|p2a: Gastrodon|0 fnt\n|faint|p2a: Gastrodon\n|-ohko\n|\n|-heal|p1b: Wo-Chien|91\/100|[from] item: Leftovers\n|-damage|p2b: Iron Bundle|9\/100|[from] Leech Seed|[of] p1b: Wo-Chien\n|-heal|p1b: Wo-Chien|99\/100|[silent]\n|upkeep\n|\n|t:|1681871022\n|switch|p2a: Dragapult|Dragapult, L50, F|100\/100\n|turn|7\n|\n|t:|1681871064\n|move|p2b: Iron Bundle|Freeze-Dry|p1b: Wo-Chien\n|-supereffective|p1b: Wo-Chien\n|-damage|p1b: Wo-Chien|80\/100\n|move|p2a: Dragapult|U-turn|p1b: Wo-Chien\n|-supereffective|p1b: Wo-Chien\n|-damage|p1b: Wo-Chien|9\/100\n|move|p1b: Wo-Chien|Leech Seed|p2a: Dragapult\n|-start|p2a: Dragapult|move: Leech Seed\n|move|p1a: Ting-Lu|Fissure|p2a: Dragapult|[miss]\n|-miss|p1a: Ting-Lu|p2a: Dragapult\n|\n|-heal|p1b: Wo-Chien|16\/100|[from] item: Leftovers\n|-damage|p2b: Iron Bundle|0 fnt|[from] Leech Seed|[of] p1b: Wo-Chien\n|-heal|p1b: Wo-Chien|21\/100|[silent]\n|faint|p2b: Iron Bundle\n|-end|p2b: Iron Bundle|Quark Drive|[silent]\n|-damage|p2a: Dragapult|88\/100|[from] Leech Seed|[of] p1b: Wo-Chien\n|-heal|p1b: Wo-Chien|32\/100|[silent]\n|upkeep\n|turn|8\n|\n|t:|1681871084\n|move|p1b: Wo-Chien|Protect|p1b: Wo-Chien\n|-singleturn|p1b: Wo-Chien|Protect\n|move|p2a: Dragapult|U-turn|p1b: Wo-Chien\n|-activate|p1b: Wo-Chien|move: Protect\n|move|p1a: Ting-Lu|Fissure|p2a: Dragapult|[miss]\n|-miss|p1a: Ting-Lu|p2a: Dragapult\n|\n|-heal|p1b: Wo-Chien|38\/100|[from] item: Leftovers\n|-damage|p2a: Dragapult|76\/100|[from] Leech Seed|[of] p1b: Wo-Chien\n|-heal|p1b: Wo-Chien|48\/100|[silent]\n|upkeep\n|turn|9\n|\n|t:|1681871099\n|move|p1b: Wo-Chien|Protect|p1b: Wo-Chien\n|-singleturn|p1b: Wo-Chien|Protect\n|move|p2a: Dragapult|U-turn|p1b: Wo-Chien\n|-activate|p1b: Wo-Chien|move: Protect\n|move|p1a: Ting-Lu|Stomping Tantrum|p2a: Dragapult|[miss]\n|-miss|p1a: Ting-Lu|p2a: Dragapult\n|\n|-heal|p1b: Wo-Chien|55\/100|[from] item: Leftovers\n|-damage|p2a: Dragapult|64\/100|[from] Leech Seed|[of] p1b: Wo-Chien\n|-heal|p1b: Wo-Chien|65\/100|[silent]\n|upkeep\n|turn|10\n|\n|t:|1681871115\n|move|p2a: Dragapult|U-turn|p1b: Wo-Chien\n|-supereffective|p1b: Wo-Chien\n|-damage|p1b: Wo-Chien|0 fnt\n|faint|p1b: Wo-Chien\n|move|p1a: Ting-Lu|Fissure|p2a: Dragapult\n|-damage|p2a: Dragapult|0 fnt\n|faint|p2a: Dragapult\n|-ohko\n|\n|win|Hyanryu\n|raw|Hyanryu's rating: 1470 → 1490<\/strong> (+20 for winning)\n|raw|Kwiper's rating: 1466 → 1446<\/strong> (-20 for losing)\n|l|\u2606Kwiper\n","uploadtime":1681871135,"views":8,"p1id":"hyanryu","p2id":"kwiper","formatid":"gen9vgc2023regulationc","rating":1446,"private":0,"password":""}