{"id":"gen9vgc2023regulationc-1861938411","p1":"Peppe1224","p2":"Pic1070","format":"[Gen 9] VGC 2023 Regulation C","log":"|j|\u2606Peppe1224\n|j|\u2606Pic1070\n|t:|1683822429\n|gametype|doubles\n|player|p1|Peppe1224|101|1120\n|player|p2|Pic1070|265|1158\n|teamsize|p1|6\n|teamsize|p2|6\n|gen|9\n|tier|[Gen 9] VGC 2023 Regulation C\n|rated|\n|rule|Species Clause: Limit one of each Pok\u00e9mon\n|rule|Item Clause: Limit one of each item\n|clearpoke\n|poke|p1|Ting-Lu, L50|\n|poke|p1|Orthworm, L50, M|\n|poke|p1|Dragonite, L50, M|\n|poke|p1|Chien-Pao, L50|\n|poke|p1|Flutter Mane, L50|\n|poke|p1|Gyarados, L50, M|\n|poke|p2|Gholdengo, L50|\n|poke|p2|Murkrow, L50, F|\n|poke|p2|Arcanine, L50, M|\n|poke|p2|Rotom-Wash, L50|\n|poke|p2|Garchomp, L50, M|\n|poke|p2|Meowscarada, L50, M|\n|teampreview|4\n|\n|t:|1683822480\n|start\n|switch|p1a: Orthworm|Orthworm, L50, M|100\/100\n|switch|p1b: Ting-Lu|Ting-Lu, L50|100\/100\n|switch|p2a: Murkrow|Murkrow, L50, F, shiny|100\/100\n|switch|p2b: Gholdengo|Gholdengo, L50|100\/100\n|-ability|p1b: Ting-Lu|Vessel of Ruin\n|turn|1\n|\n|t:|1683822509\n|switch|p2b: Rotom|Rotom-Wash, L50, shiny|100\/100\n|move|p2a: Murkrow|Taunt|p1a: Orthworm\n|-start|p1a: Orthworm|move: Taunt\n|move|p1b: Ting-Lu|Ruination|p2b: Rotom\n|-damage|p2b: Rotom|51\/100\n|cant|p1a: Orthworm|move: Taunt|Shed Tail\n|\n|-heal|p2b: Rotom|57\/100|[from] item: Leftovers\n|upkeep\n|turn|2\n|\n|t:|1683822559\n|move|p2a: Murkrow|Foul Play|p1a: Orthworm\n|-damage|p1a: Orthworm|80\/100\n|move|p2b: Rotom|Will-O-Wisp|p1b: Ting-Lu\n|-status|p1b: Ting-Lu|brn\n|move|p1b: Ting-Lu|Heavy Slam|p2b: Rotom\n|-resisted|p2b: Rotom\n|-crit|p2b: Rotom\n|-damage|p2b: Rotom|50\/100\n|move|p1a: Orthworm|Heavy Slam|p2a: Murkrow\n|-crit|p2a: Murkrow\n|-damage|p2a: Murkrow|29\/100\n|\n|-heal|p2b: Rotom|56\/100|[from] item: Leftovers\n|-damage|p1b: Ting-Lu|94\/100 brn|[from] brn\n|upkeep\n|turn|3\n|\n|t:|1683822599\n|switch|p2a: Arcanine|Arcanine, L50, M|100\/100\n|-ability|p2a: Arcanine|Intimidate|boost\n|-unboost|p1a: Orthworm|atk|1\n|-unboost|p1b: Ting-Lu|atk|1\n|move|p2b: Rotom|Hydro Pump|p1b: Ting-Lu|[miss]\n|-miss|p2b: Rotom|p1b: Ting-Lu\n|move|p1b: Ting-Lu|Ruination|p2b: Rotom\n|-damage|p2b: Rotom|29\/100\n|move|p1a: Orthworm|Heavy Slam|p2a: Arcanine\n|-resisted|p2a: Arcanine\n|-damage|p2a: Arcanine|95\/100\n|\n|-heal|p2b: Rotom|34\/100|[from] item: Leftovers\n|-damage|p1b: Ting-Lu|88\/100 brn|[from] brn\n|-end|p1a: Orthworm|move: Taunt\n|upkeep\n|turn|4\n|\n|t:|1683822623\n|move|p2b: Rotom|Hydro Pump|p1b: Ting-Lu\n|-supereffective|p1b: Ting-Lu\n|-damage|p1b: Ting-Lu|61\/100 brn\n|move|p2a: Arcanine|Flare Blitz|p1a: Orthworm\n|-supereffective|p1a: Orthworm\n|-damage|p1a: Orthworm|12\/100\n|-enditem|p1a: Orthworm|Sitrus Berry|[eat]\n|-heal|p1a: Orthworm|37\/100|[from] item: Sitrus Berry\n|-damage|p2a: Arcanine|76\/100|[from] Recoil\n|move|p1b: Ting-Lu|Earthquake|p2a: Arcanine|[spread] p2a\n|-heal|p1a: Orthworm|62\/100|[from] ability: Earth Eater|[of] p1b: Ting-Lu\n|-immune|p2b: Rotom|[from] ability: Levitate\n|-supereffective|p2a: Arcanine\n|-damage|p2a: Arcanine|54\/100\n|move|p1a: Orthworm|Shed Tail|p1a: Orthworm\n|-start|p1a: Orthworm|Substitute|[from] move: Shed Tail\n|-damage|p1a: Orthworm|12\/100\n|\n|t:|1683822644\n|switch|p1a: Dragonite|Dragonite, L50, M, shiny|100\/100|[from] Shed Tail\n|\n|-heal|p2b: Rotom|40\/100|[from] item: Leftovers\n|-damage|p1b: Ting-Lu|55\/100 brn|[from] brn\n|upkeep\n|turn|5\n|\n|t:|1683822659\n|-terastallize|p1a: Dragonite|Flying\n|move|p2a: Arcanine|Extreme Speed|p1a: Dragonite\n|-activate|p1a: Dragonite|move: Substitute|[damage]\n|move|p1a: Dragonite|Dragon Dance|p1a: Dragonite\n|-boost|p1a: Dragonite|atk|1\n|-boost|p1a: Dragonite|spe|1\n|move|p2b: Rotom|Will-O-Wisp||[still]\n|-fail|p2b: Rotom\n|move|p1b: Ting-Lu|Heavy Slam|p2b: Rotom\n|-resisted|p2b: Rotom\n|-damage|p2b: Rotom|37\/100\n|\n|-heal|p2b: Rotom|43\/100|[from] item: Leftovers\n|-damage|p1b: Ting-Lu|49\/100 brn|[from] brn\n|upkeep\n|turn|6\n|\n|t:|1683822688\n|move|p1a: Dragonite|Tera Blast|p2b: Rotom\n|-resisted|p2b: Rotom\n|-damage|p2b: Rotom|2\/100\n|move|p2b: Rotom|Volt Switch|p1a: Dragonite\n|-supereffective|p1a: Dragonite\n|-end|p1a: Dragonite|Substitute\n|\n|t:|1683822700\n|switch|p2b: Murkrow|Murkrow, L50, F, shiny|29\/100|[from] Volt Switch\n|move|p2a: Arcanine|Will-O-Wisp|p1a: Dragonite\n|-status|p1a: Dragonite|brn\n|-enditem|p1a: Dragonite|Lum Berry|[eat]\n|-curestatus|p1a: Dragonite|brn|[msg]\n|move|p1b: Ting-Lu|Bulldoze|p2a: Arcanine|[spread] p2a\n|-immune|p1a: Dragonite\n|-immune|p2b: Murkrow\n|-supereffective|p2a: Arcanine\n|-crit|p2a: Arcanine\n|-damage|p2a: Arcanine|24\/100\n|-unboost|p2a: Arcanine|spe|1\n|-enditem|p2a: Arcanine|Aguav Berry|[eat]\n|-heal|p2a: Arcanine|57\/100|[from] item: Aguav Berry\n|\n|-damage|p1b: Ting-Lu|43\/100 brn|[from] brn\n|upkeep\n|turn|7\n|\n|t:|1683822737\n|move|p2b: Murkrow|Haze|p2b: Murkrow\n|-clearallboost\n|move|p1a: Dragonite|Tera Blast|p2a: Arcanine\n|-damage|p2a: Arcanine|4\/100\n|move|p2a: Arcanine|Will-O-Wisp|p1a: Dragonite\n|-status|p1a: Dragonite|brn\n|move|p1b: Ting-Lu|Heavy Slam|p2a: Arcanine\n|-resisted|p2a: Arcanine\n|-damage|p2a: Arcanine|0 fnt\n|faint|p2a: Arcanine\n|\n|-damage|p1a: Dragonite|94\/100 brn|[from] brn\n|-damage|p1b: Ting-Lu|37\/100 brn|[from] brn\n|upkeep\n|\n|t:|1683822750\n|switch|p2a: Rotom|Rotom-Wash, L50, shiny|2\/100\n|turn|8\n|\n|t:|1683822769\n|move|p2a: Rotom|Protect|p2a: Rotom\n|-singleturn|p2a: Rotom|Protect\n|move|p1a: Dragonite|Extreme Speed|p2b: Murkrow\n|-damage|p2b: Murkrow|11\/100\n|move|p2b: Murkrow|Foul Play|p1a: Dragonite\n|-damage|p1a: Dragonite|45\/100 brn\n|move|p1b: Ting-Lu|Heavy Slam|p2a: Rotom\n|-activate|p2a: Rotom|move: Protect\n|\n|-heal|p2a: Rotom|8\/100|[from] item: Leftovers\n|-damage|p1a: Dragonite|39\/100 brn|[from] brn\n|-damage|p1b: Ting-Lu|31\/100 brn|[from] brn\n|upkeep\n|turn|9\n|l|\u2606Peppe1224\n|player|p1|\n|inactive|Battle timer is ON: inactive players will automatically lose when time's up. (requested by Pic1070)\n|inactive|Peppe1224 has 30 seconds to reconnect!\n|inactive|Peppe1224 has 20 seconds to reconnect!\n|inactive|Peppe1224 has 15 seconds to reconnect!\n|inactive|Peppe1224 has 10 seconds to reconnect!\n|inactive|Peppe1224 has 5 seconds to reconnect!\n|-message|Peppe1224 lost due to inactivity.\n|\n|win|Pic1070\n|raw|Peppe1224's rating: 1120 → 1100<\/strong> (-20 for losing)\n|raw|Pic1070's rating: 1190 → 1210<\/strong> (+20 for winning)\n","uploadtime":1683824515,"views":8,"p1id":"peppe1224","p2id":"pic1070","formatid":"gen9vgc2023regulationc","rating":1100,"private":0,"password":""}