{"id":"gen9vgc2023regulationc-1863228914","p1":"ZonXJ","p2":"IlPetro!","format":"[Gen 9] VGC 2023 Regulation C","log":"|j|\u2606ZonXJ\n|j|\u2606IlPetro!\n|t:|1683991110\n|gametype|doubles\n|player|p1|ZonXJ|1|1170\n|player|p2|IlPetro!|265|1183\n|teamsize|p1|6\n|teamsize|p2|6\n|gen|9\n|tier|[Gen 9] VGC 2023 Regulation C\n|rated|\n|rule|Species Clause: Limit one of each Pok\u00e9mon\n|rule|Item Clause: Limit one of each item\n|clearpoke\n|poke|p1|Abomasnow, L50, F|\n|poke|p1|Great Tusk, L50|\n|poke|p1|Amoonguss, L50, M|\n|poke|p1|Glimmora, L50, F|\n|poke|p1|Iron Hands, L50|\n|poke|p1|Chien-Pao, L50|\n|poke|p2|Pelipper, L50, M|\n|poke|p2|Drednaw, L50, M|\n|poke|p2|Gastrodon, L50, F|\n|poke|p2|Palafin, L50, M|\n|poke|p2|Amoonguss, L50, M|\n|poke|p2|Ting-Lu, L50|\n|teampreview|4\n|\n|t:|1683991142\n|start\n|switch|p1a: Mimic me this|Amoonguss, L50, M|100\/100\n|switch|p1b: New PvZ Plant|Glimmora, L50, F|100\/100\n|switch|p2a: Palafin|Palafin, L50, M|100\/100\n|switch|p2b: Drednaw|Drednaw, L50, M|100\/100\n|turn|1\n|\n|t:|1683991166\n|detailschange|p2a: Palafin|Palafin-Hero, L50, M\n|switch|p2a: Pelipper|Pelipper, L50, M|100\/100\n|-weather|RainDance|[from] ability: Drizzle|[of] p2a: Pelipper\n|move|p2b: Drednaw|Ice Spinner|p1a: Mimic me this\n|-supereffective|p1a: Mimic me this\n|-damage|p1a: Mimic me this|44\/100\n|-damage|p2b: Drednaw|84\/100|[from] item: Rocky Helmet|[of] p1a: Mimic me this\n|move|p1b: New PvZ Plant|Power Gem|p2a: Pelipper\n|-supereffective|p2a: Pelipper\n|-damage|p2a: Pelipper|9\/100\n|move|p1a: Mimic me this|Spore|p2b: Drednaw\n|-status|p2b: Drednaw|slp|[from] move: Spore\n|\n|-weather|RainDance|[upkeep]\n|upkeep\n|turn|2\n|\n|t:|1683991194\n|switch|p1a: Sasha Aboma|Abomasnow, L50, F, shiny|100\/100\n|-weather|Snow|[from] ability: Snow Warning|[of] p1a: Sasha Aboma\n|move|p1b: New PvZ Plant|Power Gem|p2a: Pelipper\n|-supereffective|p2a: Pelipper\n|-damage|p2a: Pelipper|0 fnt\n|faint|p2a: Pelipper\n|cant|p2b: Drednaw|slp\n|\n|-weather|Snow|[upkeep]\n|upkeep\n|\n|t:|1683991213\n|switch|p2a: Palafin|Palafin-Hero, L50, M|100\/100\n|-activate|p2a: Palafin|ability: Zero to Hero\n|turn|3\n|\n|t:|1683991228\n|move|p1b: New PvZ Plant|Spiky Shield|p1b: New PvZ Plant\n|-singleturn|p1b: New PvZ Plant|move: Protect\n|cant|p2b: Drednaw|slp\n|move|p2a: Palafin|Wave Crash|p1b: New PvZ Plant\n|-activate|p1b: New PvZ Plant|move: Protect\n|-damage|p2a: Palafin|88\/100|[from] Spiky Shield|[of] p1b: New PvZ Plant\n|move|p1a: Sasha Aboma|Aurora Veil|p1a: Sasha Aboma\n|-sidestart|p1: ZonXJ|move: Aurora Veil\n|\n|-weather|Snow|[upkeep]\n|upkeep\n|turn|4\n|\n|t:|1683991245\n|switch|p1b: Mimic me this|Amoonguss, L50, M|77\/100\n|cant|p2b: Drednaw|slp\n|move|p2a: Palafin|Wave Crash|p1b: Mimic me this\n|-resisted|p1b: Mimic me this\n|-damage|p1b: Mimic me this|51\/100\n|-damage|p2a: Palafin|72\/100|[from] item: Rocky Helmet|[of] p1b: Mimic me this\n|-damage|p2a: Palafin|62\/100|[from] Recoil\n|move|p1a: Sasha Aboma|Leech Seed|p2b: Drednaw\n|-start|p2b: Drednaw|move: Leech Seed\n|\n|-weather|Snow|[upkeep]\n|-damage|p2b: Drednaw|72\/100 slp|[from] Leech Seed|[of] p1a: Sasha Aboma\n|upkeep\n|turn|5\n|\n|t:|1683991265\n|move|p2a: Palafin|Protect|p2a: Palafin\n|-singleturn|p2a: Palafin|Protect\n|-curestatus|p2b: Drednaw|slp|[msg]\n|move|p2b: Drednaw|Ice Spinner|p1b: Mimic me this\n|-supereffective|p1b: Mimic me this\n|-damage|p1b: Mimic me this|12\/100\n|-damage|p2b: Drednaw|56\/100|[from] item: Rocky Helmet|[of] p1b: Mimic me this\n|move|p1a: Sasha Aboma|Leech Seed|p2a: Palafin\n|-activate|p2a: Palafin|move: Protect\n|move|p1b: Mimic me this|Spore|p2a: Palafin\n|-activate|p2a: Palafin|move: Protect\n|\n|-weather|Snow|[upkeep]\n|-damage|p2b: Drednaw|44\/100|[from] Leech Seed|[of] p1a: Sasha Aboma\n|upkeep\n|turn|6\n|\n|t:|1683991289\n|move|p1b: Mimic me this|Protect|p1b: Mimic me this\n|-singleturn|p1b: Mimic me this|Protect\n|move|p2a: Palafin|Jet Punch|p1b: Mimic me this\n|-activate|p1b: Mimic me this|move: Protect\n|move|p2b: Drednaw|Ice Spinner|p1b: Mimic me this\n|-activate|p1b: Mimic me this|move: Protect\n|move|p1a: Sasha Aboma|Leech Seed|p2a: Palafin\n|-start|p2a: Palafin|move: Leech Seed\n|\n|-weather|none\n|-damage|p2b: Drednaw|32\/100|[from] Leech Seed|[of] p1a: Sasha Aboma\n|-damage|p2a: Palafin|50\/100|[from] Leech Seed|[of] p1a: Sasha Aboma\n|upkeep\n|turn|7\n|\n|t:|1683991304\n|switch|p1b: New PvZ Plant|Glimmora, L50, F|100\/100\n|move|p2a: Palafin|Jet Punch|p1b: New PvZ Plant\n|-supereffective|p1b: New PvZ Plant\n|-crit|p1b: New PvZ Plant\n|-enditem|p1b: New PvZ Plant|Focus Sash\n|-damage|p1b: New PvZ Plant|1\/100\n|-activate|p1b: New PvZ Plant|ability: Toxic Debris\n|-sidestart|p2: IlPetro!|move: Toxic Spikes\n|move|p2b: Drednaw|Ice Spinner|p1b: New PvZ Plant\n|-damage|p1b: New PvZ Plant|0 fnt\n|-activate|p1b: New PvZ Plant|ability: Toxic Debris\n|-sidestart|p2: IlPetro!|move: Toxic Spikes\n|faint|p1b: New PvZ Plant\n|move|p1a: Sasha Aboma|Blizzard|p2b: Drednaw|[spread] p2b\n|-miss|p1a: Sasha Aboma|p2a: Palafin\n|-resisted|p2b: Drednaw\n|-damage|p2b: Drednaw|10\/100\n|\n|-damage|p2b: Drednaw|0 fnt|[from] Leech Seed|[of] p1a: Sasha Aboma\n|faint|p2b: Drednaw\n|-damage|p2a: Palafin|38\/100|[from] Leech Seed|[of] p1a: Sasha Aboma\n|upkeep\n|\n|t:|1683991327\n|switch|p1b: Mimic me this|Amoonguss, L50, M|45\/100\n|switch|p2b: Gastrodon|Gastrodon, L50, F|100\/100\n|-status|p2b: Gastrodon|tox\n|turn|8\n|\n|t:|1683991345\n|-terastallize|p2b: Gastrodon|Grass\n|move|p1b: Mimic me this|Rage Powder|p1b: Mimic me this\n|-singleturn|p1b: Mimic me this|move: Rage Powder\n|move|p2a: Palafin|Wave Crash|p1b: Mimic me this\n|-resisted|p1b: Mimic me this\n|-damage|p1b: Mimic me this|18\/100\n|-damage|p2a: Palafin|22\/100|[from] item: Rocky Helmet|[of] p1b: Mimic me this\n|-damage|p2a: Palafin|12\/100|[from] Recoil\n|move|p1a: Sasha Aboma|Leech Seed|p2b: Gastrodon\n|-immune|p2b: Gastrodon\n|move|p2b: Gastrodon|Earth Power|p1a: Sasha Aboma\n|-resisted|p1a: Sasha Aboma\n|-damage|p1a: Sasha Aboma|93\/100\n|\n|-damage|p2a: Palafin|0 fnt|[from] Leech Seed|[of] p1a: Sasha Aboma\n|-heal|p1a: Sasha Aboma|100\/100|[silent]\n|faint|p2a: Palafin\n|-damage|p2b: Gastrodon|95\/100 tox|[from] psn\n|upkeep\n|turn|9\n|\n|t:|1683991367\n|switch|p1b: Za Hando|Iron Hands, L50|100\/100\n|move|p1a: Sasha Aboma|Protect|p1a: Sasha Aboma\n|-singleturn|p1a: Sasha Aboma|Protect\n|move|p2b: Gastrodon|Muddy Water|p1b: Za Hando|[spread] p1b\n|-activate|p1a: Sasha Aboma|move: Protect\n|-damage|p1b: Za Hando|90\/100\n|\n|-heal|p2b: Gastrodon|100\/100 tox|[from] item: Leftovers\n|-damage|p2b: Gastrodon|89\/100 tox|[from] psn\n|upkeep\n|turn|10\n|\n|t:|1683991382\n|switch|p1a: Mimic me this|Amoonguss, L50, M|51\/100\n|move|p1b: Za Hando|Swords Dance|p1b: Za Hando\n|-boost|p1b: Za Hando|atk|2\n|move|p2b: Gastrodon|Earth Power|p1b: Za Hando\n|-supereffective|p1b: Za Hando\n|-damage|p1b: Za Hando|59\/100\n|\n|-heal|p2b: Gastrodon|95\/100 tox|[from] item: Leftovers\n|-damage|p2b: Gastrodon|77\/100 tox|[from] psn\n|-sideend|p1: ZonXJ|move: Aurora Veil\n|upkeep\n|turn|11\n|\n|t:|1683991396\n|move|p1b: Za Hando|Drain Punch|p2b: Gastrodon\n|-damage|p2b: Gastrodon|0 fnt\n|-heal|p1b: Za Hando|95\/100|[from] drain|[of] p2b: Gastrodon\n|faint|p2b: Gastrodon\n|\n|win|ZonXJ\n|raw|ZonXJ's rating: 1170 → 1196<\/strong> (+26 for winning)\n|raw|IlPetro!'s rating: 1183 → 1157<\/strong> (-26 for losing)\n|c|\u2606ZonXJ|GG\n|c|\u2606ZonXJ|G\n|l|\u2606IlPetro!\n|l|\u2606ZonXJ\n|j|\u2606ZonXJ\n|player|p1|ZonXJ|1\n","uploadtime":1683993143,"views":5,"p1id":"zonxj","p2id":"ilpetro","formatid":"gen9vgc2023regulationc","rating":1157,"private":0,"password":""}