{"id":"gen9vgc2023regulationc-1863340806","p1":"Luckybadday","p2":"R2VGC","format":"[Gen 9] VGC 2023 Regulation C","log":"|j|\u2606Luckybadday\n|j|\u2606R2VGC\n|t:|1684004642\n|gametype|doubles\n|player|p1|Luckybadday|101|1178\n|player|p2|R2VGC|102|1241\n|teamsize|p1|6\n|teamsize|p2|6\n|gen|9\n|tier|[Gen 9] VGC 2023 Regulation C\n|rated|\n|rule|Species Clause: Limit one of each Pok\u00e9mon\n|rule|Item Clause: Limit one of each item\n|clearpoke\n|poke|p1|Glimmora, L50, F|\n|poke|p1|Krookodile, L50, M|\n|poke|p1|Garchomp, L50, M|\n|poke|p1|Pawmot, L50, M|\n|poke|p1|Houndstone, L50, M|\n|poke|p1|Hippowdon, L50, F|\n|poke|p2|Amoonguss, L50, F|\n|poke|p2|Arcanine, L50, F|\n|poke|p2|Flutter Mane, L50|\n|poke|p2|Kingambit, L50, F|\n|poke|p2|Palafin, L50, F|\n|poke|p2|Baxcalibur, L50, F|\n|teampreview|4\n|inactive|Battle timer is ON: inactive players will automatically lose when time's up. (requested by Luckybadday)\nR2VGC has agreed to open team sheets.\n|\n|t:|1684004666\n|start\n|switch|p1a: Pawmot|Pawmot, L50, M|100\/100\n|switch|p1b: Hippowdon|Hippowdon, L50, F|100\/100\n|switch|p2a: Palafin|Palafin, L50, F|100\/100\n|switch|p2b: Flutter Mane|Flutter Mane, L50|100\/100\n|-weather|Sandstorm|[from] ability: Sand Stream|[of] p1b: Hippowdon\n|-enditem|p2b: Flutter Mane|Booster Energy\n|-activate|p2b: Flutter Mane|ability: Protosynthesis|[fromitem]\n|-start|p2b: Flutter Mane|protosynthesisspe\n|turn|1\n|\n|t:|1684004689\n|detailschange|p2a: Palafin|Palafin-Hero, L50, F\n|switch|p2a: Kingambit|Kingambit, L50, F|100\/100\n|move|p1a: Pawmot|Fake Out|p2a: Kingambit\n|-resisted|p2a: Kingambit\n|-damage|p2a: Kingambit|95\/100\n|move|p2b: Flutter Mane|Moonblast|p1a: Pawmot\n|-supereffective|p1a: Pawmot\n|-enditem|p1a: Pawmot|Focus Sash\n|-damage|p1a: Pawmot|1\/100\n|move|p1b: Hippowdon|Stealth Rock|p2b: Flutter Mane\n|-sidestart|p2: R2VGC|move: Stealth Rock\n|\n|-weather|Sandstorm|[upkeep]\n|-damage|p2b: Flutter Mane|94\/100|[from] Sandstorm\n|-damage|p1a: Pawmot|0 fnt|[from] Sandstorm\n|faint|p1a: Pawmot\n|upkeep\n|\n|t:|1684004704\n|switch|p1a: Glimmora|Glimmora, L50, F|100\/100\n|turn|2\n|\n|t:|1684004715\n|-terastallize|p2a: Kingambit|Dark\n|move|p2b: Flutter Mane|Icy Wind|p1a: Glimmora|[spread] p1a,p1b\n|-supereffective|p1b: Hippowdon\n|-damage|p1a: Glimmora|90\/100\n|-damage|p1b: Hippowdon|67\/100\n|-unboost|p1a: Glimmora|spe|1\n|move|p1a: Glimmora|Sludge Bomb|p2b: Flutter Mane\n|-damage|p2b: Flutter Mane|44\/100\n|move|p2a: Kingambit|Assurance|p1b: Hippowdon\n|-damage|p1b: Hippowdon|9\/100\n|move|p1b: Hippowdon|Yawn|p2a: Kingambit\n|-start|p2a: Kingambit|move: Yawn|[of] p1b: Hippowdon\n|\n|-weather|Sandstorm|[upkeep]\n|-damage|p2b: Flutter Mane|38\/100|[from] Sandstorm\n|-damage|p2a: Kingambit|89\/100|[from] Sandstorm\n|upkeep\n|turn|3\n|\n|t:|1684004739\n|switch|p2a: Palafin|Palafin-Hero, L50, F|100\/100\n|-damage|p2a: Palafin|88\/100|[from] Stealth Rock\n|-activate|p2a: Palafin|ability: Zero to Hero\n|move|p2b: Flutter Mane|Icy Wind|p1a: Glimmora|[spread] p1a,p1b\n|-supereffective|p1b: Hippowdon\n|-damage|p1a: Glimmora|79\/100\n|-damage|p1b: Hippowdon|0 fnt\n|-unboost|p1a: Glimmora|spe|1\n|faint|p1b: Hippowdon\n|move|p1a: Glimmora|Sludge Bomb|p2b: Flutter Mane\n|-damage|p2b: Flutter Mane|0 fnt\n|faint|p2b: Flutter Mane\n|-end|p2b: Flutter Mane|Protosynthesis|[silent]\n|\n|-weather|Sandstorm|[upkeep]\n|-damage|p2a: Palafin|83\/100|[from] Sandstorm\n|upkeep\n|\n|t:|1684004761\n|switch|p2b: Kingambit|Kingambit, L50, F, tera:Dark|89\/100\n|switch|p1b: Garchomp|Garchomp, L50, M|100\/100\n|-damage|p2b: Kingambit|77\/100|[from] Stealth Rock\n|turn|4\n|\n|t:|1684004781\n|-terastallize|p1b: Garchomp|Steel\n|move|p2a: Palafin|Jet Punch|p1b: Garchomp\n|-damage|p1b: Garchomp|50\/100\n|move|p1b: Garchomp|Brick Break|p2b: Kingambit\n|-supereffective|p2b: Kingambit\n|-damage|p2b: Kingambit|33\/100\n|move|p2b: Kingambit|Assurance|p1b: Garchomp\n|-damage|p1b: Garchomp|0 fnt\n|faint|p1b: Garchomp\n|move|p1a: Glimmora|Dazzling Gleam|p2b: Kingambit|[spread] p2a,p2b\n|-supereffective|p2b: Kingambit\n|-damage|p2a: Palafin|64\/100\n|-damage|p2b: Kingambit|0 fnt\n|faint|p2b: Kingambit\n|\n|-weather|Sandstorm|[upkeep]\n|-damage|p2a: Palafin|58\/100|[from] Sandstorm\n|upkeep\n|\n|t:|1684004795\n|switch|p2b: Arcanine|Arcanine, L50, F|100\/100\n|-damage|p2b: Arcanine|76\/100|[from] Stealth Rock\n|-ability|p2b: Arcanine|Intimidate|boost\n|-unboost|p1a: Glimmora|atk|1\n|turn|5\n|\n|t:|1684004805\n|move|p2a: Palafin|Jet Punch|p1a: Glimmora\n|-supereffective|p1a: Glimmora\n|-damage|p1a: Glimmora|0 fnt\n|-activate|p1a: Glimmora|ability: Toxic Debris\n|-sidestart|p2: R2VGC|move: Toxic Spikes\n|faint|p1a: Glimmora\n|\n|win|R2VGC\n|raw|Luckybadday's rating: 1178 → 1157<\/strong> (-21 for losing)\n|raw|R2VGC's rating: 1241 → 1262<\/strong> (+21 for winning)\n|l|\u2606Luckybadday\n","uploadtime":1684004813,"views":15,"p1id":"luckybadday","p2id":"r2vgc","formatid":"gen9vgc2023regulationc","rating":1157,"private":0,"password":""}