{"id":"gen9vgc2023regulationc-1846762894","p1":"trex0928","p2":"420YourMom","format":"[Gen 9] VGC 2023 Regulation C","log":"|j|\u2606trex0928\n|j|\u2606420YourMom\n|t:|1681875546\n|gametype|doubles\n|player|p1|trex0928|102|1420\n|player|p2|420YourMom|marnie-league|1467\n|teamsize|p1|6\n|teamsize|p2|6\n|gen|9\n|tier|[Gen 9] VGC 2023 Regulation C\n|rated|\n|rule|Species Clause: Limit one of each Pok\u00e9mon\n|rule|Item Clause: Limit one of each item\n|clearpoke\n|poke|p1|Great Tusk, L50|\n|poke|p1|Iron Bundle, L50|\n|poke|p1|Talonflame, L50, F|\n|poke|p1|Tyranitar, L50, F|\n|poke|p1|Flutter Mane, L50|\n|poke|p1|Chi-Yu, L50|\n|poke|p2|Palafin, L50, F|\n|poke|p2|Arcanine, L50, M|\n|poke|p2|Amoonguss, L50, M|\n|poke|p2|Ting-Lu, L50|\n|poke|p2|Baxcalibur, L50, M|\n|poke|p2|Flutter Mane, L50|\n|teampreview|4\n|inactive|Battle timer is ON: inactive players will automatically lose when time's up. (requested by trex0928)\n420YourMom has agreed to open team sheets.\n|c|\u2606420YourMom|hmm\n|c|\u2606420YourMom|that team looks familiar\n|inactive|trex0928 has 60 seconds left.\n|inactive|trex0928 has 30 seconds left.\n|inactive|trex0928 has 20 seconds left.\n|inactive|trex0928 has 15 seconds left.\n|inactive|trex0928 has 10 seconds left.\n|inactive|trex0928 has 5 seconds left.\n|\n|t:|1681875632\n|start\n|switch|p1a: Iron Bundle|Iron Bundle, L50|100\/100\n|switch|p1b: Tyranitar|Tyranitar, L50, F|100\/100\n|switch|p2a: Palafin|Palafin, L50, F|100\/100\n|switch|p2b: Arcanine|Arcanine, L50, M|100\/100\n|-ability|p2b: Arcanine|Intimidate|boost\n|-unboost|p1a: Iron Bundle|atk|1\n|-unboost|p1b: Tyranitar|atk|1\n|-weather|Sandstorm|[from] ability: Sand Stream|[of] p1b: Tyranitar\n|-enditem|p1a: Iron Bundle|Booster Energy\n|-activate|p1a: Iron Bundle|ability: Quark Drive|[fromitem]\n|-start|p1a: Iron Bundle|quarkdrivespe\n|turn|1\n|inactive|trex0928 has 30 seconds left.\n|inactive|trex0928 has 20 seconds left.\n|inactive|trex0928 has 15 seconds left.\n|\n|t:|1681875675\n|detailschange|p2a: Palafin|Palafin-Hero, L50, F\n|switch|p2a: Amoonguss|Amoonguss, L50, M|100\/100\n|switch|p1b: Chi-Yu|Chi-Yu, L50|100\/100\n|-ability|p1b: Chi-Yu|Beads of Ruin\n|move|p1a: Iron Bundle|Freeze-Dry|p2a: Amoonguss\n|-supereffective|p2a: Amoonguss\n|-damage|p2a: Amoonguss|26\/100\n|-status|p2a: Amoonguss|frz\n|-enditem|p2a: Amoonguss|Sitrus Berry|[eat]\n|-heal|p2a: Amoonguss|51\/100 frz|[from] item: Sitrus Berry\n|move|p2b: Arcanine|Flare Blitz|p1a: Iron Bundle\n|-damage|p1a: Iron Bundle|33\/100\n|-damage|p2b: Arcanine|82\/100|[from] Recoil\n|\n|-weather|Sandstorm|[upkeep]\n|-damage|p1a: Iron Bundle|27\/100|[from] Sandstorm\n|-damage|p1b: Chi-Yu|94\/100|[from] Sandstorm\n|-damage|p2a: Amoonguss|45\/100 frz|[from] Sandstorm\n|upkeep\n|turn|2\n|inactive|420YourMom has 30 seconds left.\n|inactive|trex0928 has 30 seconds left.\n|inactive|420YourMom has 20 seconds left.\n|inactive|trex0928 has 20 seconds left.\n|inactive|420YourMom has 15 seconds left.\n|inactive|trex0928 has 15 seconds left.\n|inactive|trex0928 has 10 seconds left.\n|\n|t:|1681875726\n|move|p1a: Iron Bundle|Protect|p1a: Iron Bundle\n|-singleturn|p1a: Iron Bundle|Protect\n|-curestatus|p2a: Amoonguss|frz|[msg]\n|move|p2a: Amoonguss|Rage Powder|p2a: Amoonguss\n|-singleturn|p2a: Amoonguss|move: Rage Powder\n|move|p1b: Chi-Yu|Heat Wave|p2b: Arcanine|[spread] p2a,p2b\n|-supereffective|p2a: Amoonguss\n|-resisted|p2b: Arcanine\n|-damage|p2a: Amoonguss|0 fnt\n|-damage|p2b: Arcanine|52\/100\n|faint|p2a: Amoonguss\n|move|p2b: Arcanine|Flare Blitz|p1a: Iron Bundle\n|-activate|p1a: Iron Bundle|move: Protect\n|\n|-weather|Sandstorm|[upkeep]\n|-damage|p1a: Iron Bundle|21\/100|[from] Sandstorm\n|-damage|p1b: Chi-Yu|88\/100|[from] Sandstorm\n|upkeep\n|\n|t:|1681875733\n|switch|p2a: Palafin|Palafin-Hero, L50, F|100\/100\n|-activate|p2a: Palafin|ability: Zero to Hero\n|turn|3\n|\n|t:|1681875752\n|switch|p2b: Flutter Mane|Flutter Mane, L50|100\/100\n|-terastallize|p1b: Chi-Yu|Grass\n|-terastallize|p2a: Palafin|Water\n|move|p2a: Palafin|Jet Punch|p1a: Iron Bundle\n|-resisted|p1a: Iron Bundle\n|-damage|p1a: Iron Bundle|0 fnt\n|faint|p1a: Iron Bundle\n|-end|p1a: Iron Bundle|Quark Drive|[silent]\n|move|p1b: Chi-Yu|Dark Pulse|p2a: Palafin\n|-damage|p2a: Palafin|42\/100\n|\n|-weather|Sandstorm|[upkeep]\n|-damage|p2b: Flutter Mane|94\/100|[from] Sandstorm\n|-damage|p1b: Chi-Yu|82\/100|[from] Sandstorm\n|-damage|p2a: Palafin|36\/100|[from] Sandstorm\n|upkeep\n|\n|t:|1681875773\n|switch|p1a: Flutter Mane|Flutter Mane, L50|100\/100\n|turn|4\n|\n|t:|1681875788\n|move|p2a: Palafin|Protect|p2a: Palafin\n|-singleturn|p2a: Palafin|Protect\n|move|p2b: Flutter Mane|Moonblast|p1b: Chi-Yu\n|-damage|p1b: Chi-Yu|5\/100\n|-unboost|p1b: Chi-Yu|spa|1\n|move|p1a: Flutter Mane|Shadow Ball|p2b: Flutter Mane\n|-supereffective|p2b: Flutter Mane\n|-damage|p2b: Flutter Mane|0 fnt\n|faint|p2b: Flutter Mane\n|-end|p2b: Flutter Mane|Protosynthesis|[silent]\n|move|p1b: Chi-Yu|Dark Pulse|p2a: Palafin\n|-activate|p2a: Palafin|move: Protect\n|\n|-weather|Sandstorm|[upkeep]\n|-damage|p1a: Flutter Mane|94\/100|[from] Sandstorm\n|-damage|p1b: Chi-Yu|0 fnt|[from] Sandstorm\n|-damage|p2a: Palafin|30\/100|[from] Sandstorm\n|faint|p1b: Chi-Yu\n|upkeep\n|\n|t:|1681875797\n|switch|p2b: Arcanine|Arcanine, L50, M|52\/100\n|switch|p1b: Tyranitar|Tyranitar, L50, F|100\/100\n|-ability|p2b: Arcanine|Intimidate|boost\n|-unboost|p1a: Flutter Mane|atk|1\n|-unboost|p1b: Tyranitar|atk|1\n|turn|5\n|\n|t:|1681875806\n|move|p2a: Palafin|Jet Punch|p1a: Flutter Mane\n|-damage|p1a: Flutter Mane|0 fnt\n|faint|p1a: Flutter Mane\n|-end|p1a: Flutter Mane|Protosynthesis|[silent]\n|move|p2b: Arcanine|Will-O-Wisp|p1b: Tyranitar|[miss]\n|-miss|p2b: Arcanine|p1b: Tyranitar\n|move|p1b: Tyranitar|Rock Slide|p2a: Palafin|[spread] p2a,p2b\n|-supereffective|p2b: Arcanine\n|-damage|p2a: Palafin|10\/100\n|-damage|p2b: Arcanine|0 fnt\n|faint|p2b: Arcanine\n|\n|-weather|none\n|upkeep\n|turn|6\n|\n|t:|1681875814\n|move|p2a: Palafin|Wave Crash|p1b: Tyranitar\n|-supereffective|p1b: Tyranitar\n|-damage|p1b: Tyranitar|0 fnt\n|faint|p1b: Tyranitar\n|-damage|p2a: Palafin|0 fnt|[from] Recoil\n|faint|p2a: Palafin\n|\n|win|420YourMom\n|raw|trex0928's rating: 1420 → 1403<\/strong> (-17 for losing)\n|raw|420YourMom's rating: 1467 → 1484<\/strong> (+17 for winning)\n|l|\u2606trex0928\n","uploadtime":1681875823,"views":16,"p1id":"trex0928","p2id":"420yourmom","formatid":"gen9vgc2023regulationc","rating":1403,"private":0,"password":""}