{"id":"gen9vgc2023regulationc-1856645136","p1":"19402u","p2":"TKOWL","format":"[Gen 9] VGC 2023 Regulation C","log":"|j|\u260619402u\n|j|\u2606TKOWL\n|t:|1683087233\n|gametype|doubles\n|player|p1|19402u|2|1492\n|player|p2|TKOWL|roxie|1577\n|teamsize|p1|6\n|teamsize|p2|6\n|gen|9\n|tier|[Gen 9] VGC 2023 Regulation C\n|rated|\n|rule|Species Clause: Limit one of each Pok\u00e9mon\n|rule|Item Clause: Limit one of each item\n|clearpoke\n|poke|p1|Dragonite, L50, M|\n|poke|p1|Iron Hands, L50|\n|poke|p1|Amoonguss, L50, F|\n|poke|p1|Ting-Lu, L50|\n|poke|p1|Chien-Pao, L50|\n|poke|p1|Flutter Mane, L50|\n|poke|p2|Chi-Yu, L50|\n|poke|p2|Farigiraf, L50, M|\n|poke|p2|Gyarados, L50, M|\n|poke|p2|Flutter Mane, L50|\n|poke|p2|Iron Hands, L50|\n|poke|p2|Amoonguss, L50, F|\n|teampreview|4\n19402u has agreed to open team sheets.\nTKOWL has agreed to open team sheets.\n|j| SunriseArrow\n|inactive|Battle timer is ON: inactive players will automatically lose when time's up. (requested by TKOWL)\n|j| Professor Rawb\n|\n|t:|1683087331\n|start\n|switch|p1a: Dragonite|Dragonite, L50, M, shiny|100\/100\n|switch|p1b: Ting-Lu|Ting-Lu, L50|100\/100\n|switch|p2a: Chi-Yu|Chi-Yu, L50|100\/100\n|switch|p2b: Flutter Mane|Flutter Mane, L50|100\/100\n|-ability|p2a: Chi-Yu|Beads of Ruin\n|-ability|p1b: Ting-Lu|Vessel of Ruin\n|-enditem|p2b: Flutter Mane|Booster Energy\n|-activate|p2b: Flutter Mane|ability: Protosynthesis|[fromitem]\n|-start|p2b: Flutter Mane|protosynthesisspa\n|turn|1\n|inactive|19402u has 30 seconds left.\n|inactive|TKOWL has 30 seconds left.\n|inactive|19402u has 20 seconds left.\n|\n|t:|1683087368\n|-end|p2b: Flutter Mane|Protosynthesis|[silent]\n|switch|p2b: Gyarados|Gyarados, L50, M, shiny|100\/100\n|-ability|p2b: Gyarados|Intimidate|boost\n|-unboost|p1a: Dragonite|atk|1\n|-fail|p1b: Ting-Lu|unboost|[from] item: Clear Amulet|[of] p1b: Ting-Lu\n|-terastallize|p2a: Chi-Yu|Water\n|-terastallize|p1a: Dragonite|Flying\n|move|p2a: Chi-Yu|Nasty Plot|p2a: Chi-Yu\n|-boost|p2a: Chi-Yu|spa|2\n|move|p1a: Dragonite|Tera Blast|p2a: Chi-Yu\n|-damage|p2a: Chi-Yu|28\/100\n|move|p1b: Ting-Lu|Heavy Slam|p2b: Gyarados\n|-resisted|p2b: Gyarados\n|-damage|p2b: Gyarados|91\/100\n|\n|upkeep\n|turn|2\n|inactive|19402u has 30 seconds left.\n|inactive|TKOWL has 30 seconds left.\n|inactive|19402u has 20 seconds left.\n|inactive|19402u has 15 seconds left.\n|\n|t:|1683087411\n|move|p2a: Chi-Yu|Protect|p2a: Chi-Yu\n|-singleturn|p2a: Chi-Yu|Protect\n|move|p1a: Dragonite|Tera Blast|p2b: Gyarados\n|-damage|p2b: Gyarados|41\/100\n|move|p2b: Gyarados|Icy Wind|p1b: Ting-Lu|[spread] p1a,p1b\n|-supereffective|p1a: Dragonite\n|-supereffective|p1b: Ting-Lu\n|-damage|p1a: Dragonite|94\/100\n|-damage|p1b: Ting-Lu|92\/100\n|-unboost|p1a: Dragonite|spe|1\n|move|p1b: Ting-Lu|Earthquake|p2b: Gyarados|[spread] \n|-activate|p2a: Chi-Yu|move: Protect\n|-immune|p1a: Dragonite\n|-immune|p2b: Gyarados\n|\n|upkeep\n|turn|3\n|\n|t:|1683087429\n|move|p2a: Chi-Yu|Heat Wave|p1a: Dragonite|[spread] p1a,p1b\n|-damage|p1a: Dragonite|24\/100\n|-damage|p1b: Ting-Lu|41\/100\n|move|p2b: Gyarados|Waterfall|p1b: Ting-Lu\n|-supereffective|p1b: Ting-Lu\n|-damage|p1b: Ting-Lu|1\/100\n|move|p1a: Dragonite|Tera Blast|p2a: Chi-Yu\n|-damage|p2a: Chi-Yu|0 fnt\n|faint|p2a: Chi-Yu\n|cant|p1b: Ting-Lu|flinch\n|\n|upkeep\n|\n|t:|1683087441\n|switch|p2a: Flutter Mane|Flutter Mane, L50|100\/100\n|turn|4\n|\n|t:|1683087451\n|switch|p1a: Amoonguss|Amoonguss, L50, F, shiny|100\/100\n|move|p2a: Flutter Mane|Dazzling Gleam|p1a: Amoonguss|[spread] p1a,p1b\n|-resisted|p1a: Amoonguss\n|-supereffective|p1b: Ting-Lu\n|-damage|p1a: Amoonguss|90\/100\n|-damage|p1b: Ting-Lu|0 fnt\n|faint|p1b: Ting-Lu\n|move|p2b: Gyarados|Icy Wind|p1a: Amoonguss\n|-supereffective|p1a: Amoonguss\n|-damage|p1a: Amoonguss|75\/100\n|-unboost|p1a: Amoonguss|spe|1\n|\n|upkeep\n|\n|t:|1683087463\n|switch|p1b: Iron Hands|Iron Hands, L50, shiny|100\/100\n|turn|5\n|\n|t:|1683087486\n|switch|p2b: Iron Hands|Iron Hands, L50|100\/100\n|move|p2a: Flutter Mane|Protect|p2a: Flutter Mane\n|-singleturn|p2a: Flutter Mane|Protect\n|move|p1a: Amoonguss|Protect|p1a: Amoonguss\n|-singleturn|p1a: Amoonguss|Protect\n|move|p1b: Iron Hands|Heavy Slam|p2a: Flutter Mane\n|-activate|p2a: Flutter Mane|move: Protect\n|\n|upkeep\n|turn|6\n|inactive|TKOWL has 30 seconds left.\n|\n|t:|1683087520\n|move|p2a: Flutter Mane|Moonblast|p1b: Iron Hands\n|-supereffective|p1b: Iron Hands\n|-damage|p1b: Iron Hands|49\/100\n|move|p1b: Iron Hands|Heavy Slam|p2a: Flutter Mane\n|-supereffective|p2a: Flutter Mane\n|-damage|p2a: Flutter Mane|0 fnt\n|faint|p2a: Flutter Mane\n|-end|p2a: Flutter Mane|Protosynthesis|[silent]\n|move|p2b: Iron Hands|Drain Punch|p1b: Iron Hands\n|-damage|p1b: Iron Hands|18\/100\n|move|p1a: Amoonguss|Spore|p2b: Iron Hands\n|-status|p2b: Iron Hands|slp|[from] move: Spore\n|\n|upkeep\n|\n|t:|1683087530\n|switch|p2a: Gyarados|Gyarados, L50, M, shiny|41\/100\n|-ability|p2a: Gyarados|Intimidate|boost\n|-unboost|p1a: Amoonguss|atk|1\n|-unboost|p1b: Iron Hands|atk|1\n|turn|7\n|\n|t:|1683087548\n|move|p1a: Amoonguss|Rage Powder|p1a: Amoonguss\n|-singleturn|p1a: Amoonguss|move: Rage Powder\n|move|p2a: Gyarados|Icy Wind|p1a: Amoonguss|[spread] p1a,p1b\n|-supereffective|p1a: Amoonguss\n|-damage|p1a: Amoonguss|65\/100\n|-damage|p1b: Iron Hands|15\/100\n|-unboost|p1a: Amoonguss|spe|1\n|-unboost|p1b: Iron Hands|spe|1\n|cant|p2b: Iron Hands|slp\n|move|p1b: Iron Hands|Wild Charge|p2a: Gyarados\n|-supereffective|p2a: Gyarados\n|-damage|p2a: Gyarados|0 fnt\n|faint|p2a: Gyarados\n|-damage|p1b: Iron Hands|7\/100|[from] Recoil\n|\n|upkeep\n|turn|8\n|\n|t:|1683087563\n|move|p1a: Amoonguss|Rage Powder|p1a: Amoonguss\n|-singleturn|p1a: Amoonguss|move: Rage Powder\n|cant|p2b: Iron Hands|slp\n|move|p1b: Iron Hands|Drain Punch|p2b: Iron Hands\n|-damage|p2b: Iron Hands|82\/100 slp\n|-heal|p1b: Iron Hands|15\/100|[from] drain|[of] p2b: Iron Hands\n|\n|upkeep\n|turn|9\n|\n|t:|1683087575\n|-curestatus|p2b: Iron Hands|slp|[msg]\n|move|p2b: Iron Hands|Heavy Slam|p1a: Amoonguss\n|-damage|p1a: Amoonguss|27\/100\n|-enditem|p1a: Amoonguss|Sitrus Berry|[eat]\n|-heal|p1a: Amoonguss|52\/100|[from] item: Sitrus Berry\n|move|p1b: Iron Hands|Drain Punch|p2b: Iron Hands\n|-damage|p2b: Iron Hands|62\/100\n|-heal|p1b: Iron Hands|25\/100|[from] drain|[of] p2b: Iron Hands\n|move|p1a: Amoonguss|Spore|p2b: Iron Hands\n|-status|p2b: Iron Hands|slp|[from] move: Spore\n|\n|upkeep\n|turn|10\n|\n|t:|1683087585\n|cant|p2b: Iron Hands|slp\n|move|p1b: Iron Hands|Drain Punch|p2b: Iron Hands\n|-crit|p2b: Iron Hands\n|-damage|p2b: Iron Hands|20\/100 slp\n|-heal|p1b: Iron Hands|45\/100|[from] drain|[of] p2b: Iron Hands\n|move|p1a: Amoonguss|Pollen Puff|p1b: Iron Hands\n|-heal|p1b: Iron Hands|94\/100\n|\n|upkeep\n|turn|11\n|-message|TKOWL forfeited.\n|\n|win|19402u\n|raw|19402u's rating: 1492 → 1517<\/strong> (+25 for winning)\n|raw|TKOWL's rating: 1577 → 1552<\/strong> (-25 for losing)\n|l|\u2606TKOWL\n","uploadtime":1683087595,"views":6,"p1id":"19402u","p2id":"tkowl","formatid":"gen9vgc2023regulationc","rating":1517,"private":0,"password":""}