{"id":"gen9vgc2023regulationc-1852439684","p1":"MatRod","p2":"kinonenoenoki","format":"[Gen 9] VGC 2023 Regulation C","log":"|j|\u2606MatRod\n|j|\u2606kinonenoenoki\n|t:|1682557811\n|gametype|doubles\n|player|p1|MatRod|steven|1036\n|player|p2|kinonenoenoki|169|1000\n|teamsize|p1|6\n|teamsize|p2|6\n|gen|9\n|tier|[Gen 9] VGC 2023 Regulation C\n|rated|\n|rule|Species Clause: Limit one of each Pok\u00e9mon\n|rule|Item Clause: Limit one of each item\n|clearpoke\n|poke|p1|Espathra, L50, M|\n|poke|p1|Indeedee-F, L50, F|\n|poke|p1|Armarouge, L50, M|\n|poke|p1|Sandy Shocks, L50|\n|poke|p1|Flutter Mane, L50|\n|poke|p1|Maushold-Four, L50|\n|poke|p2|Arcanine, L50, M|\n|poke|p2|Chi-Yu, L50|\n|poke|p2|Wo-Chien, L50|\n|poke|p2|Flutter Mane, L50|\n|poke|p2|Palafin, L50, F|\n|poke|p2|Dragonite, L50, F|\n|teampreview|4\n|inactive|Battle timer is ON: inactive players will automatically lose when time's up. (requested by kinonenoenoki)\n|inactive|MatRod has 60 seconds left.\n|inactive|MatRod has 30 seconds left.\n|inactive|MatRod has 20 seconds left.\n|inactive|MatRod has 15 seconds left.\n|inactive|MatRod has 10 seconds left.\n|\n|t:|1682557911\n|start\n|switch|p1a: Espathra|Espathra, L50, M, shiny|100\/100\n|switch|p1b: Sandy Shocks|Sandy Shocks, L50, shiny|100\/100\n|switch|p2a: Arcanine|Arcanine, L50, M|100\/100\n|switch|p2b: Chi-Yu|Chi-Yu, L50|100\/100\n|-ability|p2b: Chi-Yu|Beads of Ruin\n|-ability|p2a: Arcanine|Intimidate|boost\n|-unboost|p1a: Espathra|atk|1\n|-unboost|p1b: Sandy Shocks|atk|1\n|-enditem|p1b: Sandy Shocks|Booster Energy\n|-activate|p1b: Sandy Shocks|ability: Protosynthesis|[fromitem]\n|-start|p1b: Sandy Shocks|protosynthesisspe\n|turn|1\n|inactive|MatRod has 30 seconds left.\n|\n|t:|1682557943\n|move|p1b: Sandy Shocks|Gravity|p1b: Sandy Shocks\n|-fieldstart|move: Gravity\n|move|p2b: Chi-Yu|Snarl|p1b: Sandy Shocks|[spread] p1a,p1b\n|-supereffective|p1a: Espathra\n|-damage|p1a: Espathra|19\/100\n|-damage|p1b: Sandy Shocks|66\/100\n|-unboost|p1a: Espathra|spa|1\n|-unboost|p1b: Sandy Shocks|spa|1\n|move|p1a: Espathra|Hypnosis|p2b: Chi-Yu\n|-status|p2b: Chi-Yu|slp|[from] move: Hypnosis\n|move|p2a: Arcanine|Snarl|p1b: Sandy Shocks|[spread] p1a,p1b\n|-supereffective|p1a: Espathra\n|-damage|p1a: Espathra|0 fnt\n|-damage|p1b: Sandy Shocks|52\/100\n|-unboost|p1b: Sandy Shocks|spa|1\n|faint|p1a: Espathra\n|\n|upkeep\n|inactive|MatRod has 30 seconds left.\n|inactive|MatRod has 20 seconds left.\n|\n|t:|1682557979\n|switch|p1a: Indeedee|Indeedee-F, L50, F, shiny|100\/100\n|-fieldstart|move: Psychic Terrain|[from] ability: Psychic Surge|[of] p1a: Indeedee\n|turn|2\n|inactive|MatRod has 30 seconds left.\n|inactive|MatRod has 20 seconds left.\n|inactive|MatRod has 15 seconds left.\n|inactive|MatRod has 10 seconds left.\n|\n|t:|1682558026\n|-end|p1b: Sandy Shocks|Protosynthesis|[silent]\n|switch|p1b: Maushold|Maushold-Four, L50|100\/100\n|move|p1a: Indeedee|Follow Me|p1a: Indeedee\n|-singleturn|p1a: Indeedee|move: Follow Me\n|cant|p2b: Chi-Yu|slp\n|move|p2a: Arcanine|Snarl|p1b: Maushold|[spread] p1a,p1b\n|-supereffective|p1a: Indeedee\n|-damage|p1a: Indeedee|77\/100\n|-damage|p1b: Maushold|80\/100\n|-unboost|p1a: Indeedee|spa|1\n|-unboost|p1b: Maushold|spa|1\n|\n|upkeep\n|turn|3\n|inactive|MatRod has 30 seconds left.\n|inactive|MatRod has 20 seconds left.\n|\n|t:|1682558070\n|switch|p2b: Wo-Chien|Wo-Chien, L50|100\/100\n|-ability|p2b: Wo-Chien|Tablets of Ruin\n|move|p1a: Indeedee|Helping Hand|p1b: Maushold\n|-singleturn|p1b: Maushold|Helping Hand|[of] p1a: Indeedee\n|move|p1b: Maushold|Population Bomb|p2b: Wo-Chien\n|-damage|p2b: Wo-Chien|87\/100\n|-damage|p2b: Wo-Chien|74\/100\n|-damage|p2b: Wo-Chien|61\/100\n|-damage|p2b: Wo-Chien|48\/100\n|-damage|p2b: Wo-Chien|36\/100\n|-damage|p2b: Wo-Chien|23\/100\n|-damage|p2b: Wo-Chien|9\/100\n|-damage|p2b: Wo-Chien|0 fnt\n|faint|p2b: Wo-Chien\n|-hitcount|p2: Wo-Chien|8\n|move|p2a: Arcanine|Snarl|p1a: Indeedee|[spread] p1a,p1b\n|-supereffective|p1a: Indeedee\n|-damage|p1a: Indeedee|57\/100\n|-damage|p1b: Maushold|66\/100\n|-unboost|p1a: Indeedee|spa|1\n|-unboost|p1b: Maushold|spa|1\n|\n|upkeep\n|\n|t:|1682558084\n|switch|p2b: Flutter Mane|Flutter Mane, L50|100\/100\n|-enditem|p2b: Flutter Mane|Booster Energy\n|-activate|p2b: Flutter Mane|ability: Protosynthesis|[fromitem]\n|-start|p2b: Flutter Mane|protosynthesisspe\n|turn|4\n|inactive|MatRod has 30 seconds left.\n|\n|t:|1682558115\n|move|p2b: Flutter Mane|Substitute|p2b: Flutter Mane\n|-start|p2b: Flutter Mane|Substitute\n|-damage|p2b: Flutter Mane|76\/100\n|move|p1b: Maushold|Population Bomb|p2a: Arcanine\n|-damage|p2a: Arcanine|83\/100\n|-damage|p2a: Arcanine|66\/100\n|-damage|p2a: Arcanine|50\/100\n|-damage|p2a: Arcanine|32\/100\n|-damage|p2a: Arcanine|16\/100\n|-damage|p2a: Arcanine|0 fnt\n|faint|p2a: Arcanine\n|-hitcount|p2: Arcanine|6\n|move|p1a: Indeedee|Heal Pulse|p1b: Maushold\n|-heal|p1b: Maushold|100\/100\n|\n|upkeep\n|\n|t:|1682558123\n|switch|p2a: Chi-Yu|Chi-Yu, L50|100\/100 slp\n|-ability|p2a: Chi-Yu|Beads of Ruin\n|turn|5\n|inactive|MatRod has 30 seconds left.\n|\n|t:|1682558149\n|move|p1a: Indeedee|Helping Hand|p1b: Maushold\n|-singleturn|p1b: Maushold|Helping Hand|[of] p1a: Indeedee\n|move|p2b: Flutter Mane|Calm Mind|p2b: Flutter Mane\n|-boost|p2b: Flutter Mane|spa|1\n|-boost|p2b: Flutter Mane|spd|1\n|cant|p2a: Chi-Yu|slp\n|move|p1b: Maushold|Population Bomb|p2a: Chi-Yu\n|-damage|p2a: Chi-Yu|68\/100 slp\n|-damage|p2a: Chi-Yu|36\/100 slp\n|-damage|p2a: Chi-Yu|2\/100 slp\n|-damage|p2a: Chi-Yu|0 fnt\n|faint|p2a: Chi-Yu\n|-hitcount|p2: Chi-Yu|4\n|\n|-fieldend|move: Gravity\n|upkeep\n|turn|6\n|inactive|MatRod has 30 seconds left.\n|inactive|MatRod has 20 seconds left.\n|inactive|MatRod has 15 seconds left.\n|\n|t:|1682558194\n|switch|p1b: Sandy Shocks|Sandy Shocks, L50, shiny|52\/100\n|move|p2b: Flutter Mane|Dazzling Gleam|p1b: Sandy Shocks|[spread] p1a,p1b\n|-crit|p1a: Indeedee\n|-damage|p1a: Indeedee|0 fnt\n|-damage|p1b: Sandy Shocks|7\/100\n|faint|p1a: Indeedee\n|\n|-fieldend|move: Psychic Terrain\n|upkeep\n|\n|t:|1682558200\n|switch|p1a: Maushold|Maushold-Four, L50|100\/100\n|turn|7\n|\n|t:|1682558219\n|move|p2b: Flutter Mane|Dazzling Gleam|p1b: Sandy Shocks|[spread] p1a,p1b\n|-damage|p1a: Maushold|37\/100\n|-damage|p1b: Sandy Shocks|0 fnt\n|faint|p1b: Sandy Shocks\n|-end|p1b: Sandy Shocks|Protosynthesis|[silent]\n|move|p1a: Maushold|Bite|p2b: Flutter Mane\n|-crit|p2b: Flutter Mane\n|-end|p2b: Flutter Mane|Substitute\n|\n|upkeep\n|turn|8\n|\n|t:|1682558229\n|-terastallize|p1a: Maushold|Ghost\n|move|p2b: Flutter Mane|Dazzling Gleam|p1a: Maushold\n|-damage|p1a: Maushold|0 fnt\n|faint|p1a: Maushold\n|\n|win|kinonenoenoki\n|raw|MatRod's rating: 1036 → 1019<\/strong> (-17 for losing)\n|raw|kinonenoenoki's rating: 1000 → 1044<\/strong> (+44 for winning)\n|l|\u2606MatRod\n","uploadtime":1682558242,"views":14,"p1id":"matrod","p2id":"kinonenoenoki","formatid":"gen9vgc2023regulationc","rating":1019,"private":0,"password":""}