{"id":"gen9vgc2023regulationc-1860772413","p1":"VillagerZz","p2":"Starapto96","format":"[Gen 9] VGC 2023 Regulation C","log":"|j|\u2606VillagerZz\n|j|\u2606Starapto96\n|t:|1683676065\n|gametype|doubles\n|player|p1|VillagerZz|170|1052\n|player|p2|Starapto96|volkner|1089\n|teamsize|p1|6\n|teamsize|p2|6\n|gen|9\n|tier|[Gen 9] VGC 2023 Regulation C\n|rated|\n|rule|Species Clause: Limit one of each Pok\u00e9mon\n|rule|Item Clause: Limit one of each item\n|clearpoke\n|poke|p1|Scream Tail, L50|\n|poke|p1|Iron Bundle, L50|\n|poke|p1|Talonflame, L50, M|\n|poke|p1|Kilowattrel, L50, F|\n|poke|p1|Meowscarada, L50, F|\n|poke|p1|Umbreon, L50, F|\n|poke|p2|Chien-Pao, L50|\n|poke|p2|Ceruledge, L50, F|\n|poke|p2|Annihilape, L50, M|\n|poke|p2|Bronzong, L50|\n|poke|p2|Iron Bundle, L50|\n|poke|p2|Iron Hands, L50|\n|teampreview|4\n|\n|t:|1683676108\n|start\n|switch|p1a: Scream Tail|Scream Tail, L50, shiny|100\/100\n|switch|p1b: Talonflame|Talonflame, L50, M, shiny|100\/100\n|switch|p2a: Iron Hands|Iron Hands, L50|100\/100\n|switch|p2b: Annihilape|Annihilape, L50, M|100\/100\n|turn|1\n|\n|t:|1683676135\n|-terastallize|p1b: Talonflame|Ground\n|move|p1a: Scream Tail|Protect|p1a: Scream Tail\n|-singleturn|p1a: Scream Tail|Protect\n|move|p2a: Iron Hands|Fake Out|p1b: Talonflame\n|-damage|p1b: Talonflame|80\/100\n|move|p2b: Annihilape|Final Gambit|p1b: Talonflame\n|-damage|p1b: Talonflame|0 fnt\n|faint|p2b: Annihilape\n|faint|p1b: Talonflame\n|\n|upkeep\n|\n|t:|1683676153\n|switch|p1b: Iron Bundle|Iron Bundle, L50, shiny|100\/100\n|switch|p2b: Ceruledge|Ceruledge, L50, F|100\/100\n|-enditem|p1b: Iron Bundle|Booster Energy\n|-activate|p1b: Iron Bundle|ability: Quark Drive|[fromitem]\n|-start|p1b: Iron Bundle|quarkdrivespa\n|turn|2\n|\n|t:|1683676171\n|move|p2b: Ceruledge|Protect|p2b: Ceruledge\n|-singleturn|p2b: Ceruledge|Protect\n|move|p1b: Iron Bundle|Water Pulse|p2b: Ceruledge\n|-activate|p2b: Ceruledge|move: Protect\n|move|p1a: Scream Tail|Encore|p2a: Iron Hands\n|-start|p2a: Iron Hands|Encore\n|move|p2a: Iron Hands|Fake Out||[still]\n|-hint|Fake Out only works on your first turn out.\n|-fail|p2a: Iron Hands\n|\n|upkeep\n|turn|3\n|\n|t:|1683676193\n|-end|p2a: Iron Hands|Quark Drive|[silent]\n|switch|p2a: Iron Bundle|Iron Bundle, L50|100\/100\n|-enditem|p2a: Iron Bundle|Booster Energy\n|-activate|p2a: Iron Bundle|ability: Quark Drive|[fromitem]\n|-start|p2a: Iron Bundle|quarkdrivespa\n|move|p2b: Ceruledge|Shadow Sneak|p1a: Scream Tail\n|-supereffective|p1a: Scream Tail\n|-damage|p1a: Scream Tail|58\/100\n|-damage|p2b: Ceruledge|90\/100|[from] item: Life Orb\n|move|p1b: Iron Bundle|Water Pulse|p2b: Ceruledge\n|-supereffective|p2b: Ceruledge\n|-damage|p2b: Ceruledge|0 fnt\n|faint|p2b: Ceruledge\n|move|p1a: Scream Tail|Encore||[still]\n|-fail|p1a: Scream Tail\n|\n|upkeep\n|\n|t:|1683676206\n|switch|p2b: Iron Hands|Iron Hands, L50|100\/100\n|turn|4\n|\n|t:|1683676234\n|-terastallize|p2b: Iron Hands|Grass\n|move|p1b: Iron Bundle|Protect|p1b: Iron Bundle\n|-singleturn|p1b: Iron Bundle|Protect\n|move|p1a: Scream Tail|Protect|p1a: Scream Tail\n|-singleturn|p1a: Scream Tail|Protect\n|move|p2a: Iron Bundle|Freeze-Dry|p1a: Scream Tail\n|-activate|p1a: Scream Tail|move: Protect\n|move|p2b: Iron Hands|Drain Punch|p1b: Iron Bundle\n|-activate|p1b: Iron Bundle|move: Protect\n|\n|upkeep\n|turn|5\n|\n|t:|1683676260\n|move|p2b: Iron Hands|Detect|p2b: Iron Hands\n|-singleturn|p2b: Iron Hands|Protect\n|move|p2a: Iron Bundle|Freeze-Dry|p1a: Scream Tail\n|-damage|p1a: Scream Tail|21\/100\n|move|p1b: Iron Bundle|Encore|p2b: Iron Hands\n|-activate|p2b: Iron Hands|move: Protect\n|move|p1a: Scream Tail|Disable|p2b: Iron Hands\n|-activate|p2b: Iron Hands|move: Protect\n|\n|upkeep\n|turn|6\n|\n|t:|1683676286\n|move|p2a: Iron Bundle|Freeze-Dry|p1a: Scream Tail\n|-damage|p1a: Scream Tail|0 fnt\n|faint|p1a: Scream Tail\n|-end|p1a: Scream Tail|Protosynthesis|[silent]\n|move|p1b: Iron Bundle|Freeze-Dry|p2b: Iron Hands\n|-supereffective|p2b: Iron Hands\n|-damage|p2b: Iron Hands|26\/100\n|move|p2b: Iron Hands|Drain Punch|p1b: Iron Bundle\n|-supereffective|p1b: Iron Bundle\n|-damage|p1b: Iron Bundle|3\/100\n|-heal|p2b: Iron Hands|54\/100|[from] drain|[of] p1b: Iron Bundle\n|\n|upkeep\n|\n|t:|1683676298\n|switch|p1a: Meowscarada|Meowscarada, L50, F, shiny|100\/100\n|turn|7\n|\n|t:|1683676313\n|move|p1a: Meowscarada|Protect|p1a: Meowscarada\n|-start|p1a: Meowscarada|typechange|Normal|[from] ability: Protean\n|-singleturn|p1a: Meowscarada|Protect\n|move|p1b: Iron Bundle|Freeze-Dry|p2b: Iron Hands\n|-supereffective|p2b: Iron Hands\n|-damage|p2b: Iron Hands|0 fnt\n|faint|p2b: Iron Hands\n|-end|p2b: Iron Hands|Quark Drive|[silent]\n|move|p2a: Iron Bundle|Icy Wind|p1a: Meowscarada|[spread] p1b\n|-activate|p1a: Meowscarada|move: Protect\n|-resisted|p1b: Iron Bundle\n|-damage|p1b: Iron Bundle|0 fnt\n|faint|p1b: Iron Bundle\n|-end|p1b: Iron Bundle|Quark Drive|[silent]\n|\n|upkeep\n|turn|8\n|\n|t:|1683676335\n|move|p1a: Meowscarada|Thunder Punch|p2a: Iron Bundle\n|-supereffective|p2a: Iron Bundle\n|-damage|p2a: Iron Bundle|27\/100\n|-damage|p1a: Meowscarada|91\/100|[from] item: Life Orb\n|move|p2a: Iron Bundle|Freeze-Dry|p1a: Meowscarada\n|-damage|p1a: Meowscarada|7\/100\n|\n|upkeep\n|turn|9\n|\n|t:|1683676347\n|move|p1a: Meowscarada|Thunder Punch|p2a: Iron Bundle\n|-supereffective|p2a: Iron Bundle\n|-damage|p2a: Iron Bundle|0 fnt\n|faint|p2a: Iron Bundle\n|-end|p2a: Iron Bundle|Quark Drive|[silent]\n|-damage|p1a: Meowscarada|0 fnt|[from] item: Life Orb\n|faint|p1a: Meowscarada\n|\n|win|VillagerZz\n|raw|VillagerZz's rating: 1052 → 1088<\/strong> (+36 for winning)\n|raw|Starapto96's rating: 1089 → 1063<\/strong> (-26 for losing)\n","uploadtime":1683676360,"views":15,"p1id":"villagerzz","p2id":"starapto96","formatid":"gen9vgc2023regulationc","rating":1063,"private":0,"password":""}