{"id":"gen9vgc2023regulationc-1853443977","p1":"Dynamic29_VGC","p2":"unimulticorn","format":"[Gen 9] VGC 2023 Regulation C","log":"|j|\u2606Dynamic29_VGC\n|j|\u2606unimulticorn\n|t:|1682685776\n|gametype|doubles\n|player|p1|Dynamic29_VGC|169|1081\n|player|p2|unimulticorn|caitlin|1080\n|teamsize|p1|6\n|teamsize|p2|6\n|gen|9\n|tier|[Gen 9] VGC 2023 Regulation C\n|rated|\n|rule|Species Clause: Limit one of each Pok\u00e9mon\n|rule|Item Clause: Limit one of each item\n|clearpoke\n|poke|p1|Lycanroc-Dusk, L50, F|\n|poke|p1|Talonflame, L50, M|\n|poke|p1|Meowscarada, L50, M|\n|poke|p1|Gholdengo, L50|\n|poke|p1|Flutter Mane, L50|\n|poke|p1|Barraskewda, L50, F|\n|poke|p2|Sableye, L50, F|\n|poke|p2|Palafin, L50, F|\n|poke|p2|Crocalor, L50, F|\n|poke|p2|Ting-Lu, L50|\n|poke|p2|Cloyster, L50, M|\n|poke|p2|Flutter Mane, L50|\n|teampreview|4\n|inactive|Battle timer is ON: inactive players will automatically lose when time's up. (requested by unimulticorn)\n|\n|t:|1682685805\n|start\n|switch|p1a: Lycanroc|Lycanroc-Dusk, L50, F|100\/100\n|switch|p1b: Talonflame|Talonflame, L50, M|100\/100\n|switch|p2a: Sableye|Sableye, L50, F, shiny|100\/100\n|switch|p2b: Palafin|Palafin, L50, F|100\/100\n|turn|1\n|\n|t:|1682685818\n|move|p1b: Talonflame|Tailwind|p1b: Talonflame\n|-sidestart|p1: Dynamic29_VGC|move: Tailwind\n|move|p2a: Sableye|Taunt|p1b: Talonflame\n|-start|p1b: Talonflame|move: Taunt\n|move|p1a: Lycanroc|Close Combat|p2b: Palafin\n|-damage|p2b: Palafin|36\/100\n|-unboost|p1a: Lycanroc|def|1\n|-unboost|p1a: Lycanroc|spd|1\n|move|p2b: Palafin|Flip Turn|p1a: Lycanroc\n|-supereffective|p1a: Lycanroc\n|-damage|p1a: Lycanroc|0 fnt\n|faint|p1a: Lycanroc\n|\n|t:|1682685832\n|detailschange|p2b: Palafin|Palafin-Hero, L50, F\n|switch|p2b: Ting-Lu|Ting-Lu, L50|100\/100|[from] Flip Turn\n|-ability|p2b: Ting-Lu|Vessel of Ruin\n|\n|upkeep\n|\n|t:|1682685844\n|switch|p1a: Meowscarada|Meowscarada, L50, M|100\/100\n|turn|2\n|\n|t:|1682685858\n|switch|p1b: Barraskewda|Barraskewda, L50, F|100\/100\n|move|p2a: Sableye|Thunder Wave|p1b: Barraskewda\n|-status|p1b: Barraskewda|par\n|move|p1a: Meowscarada|Knock Off|p2b: Ting-Lu\n|-resisted|p2b: Ting-Lu\n|-damage|p2b: Ting-Lu|91\/100\n|-enditem|p2b: Ting-Lu|Leftovers|[from] move: Knock Off|[of] p1a: Meowscarada\n|move|p2b: Ting-Lu|Fissure|p1a: Meowscarada|[miss]\n|-miss|p2b: Ting-Lu|p1a: Meowscarada\n|\n|upkeep\n|turn|3\n|\n|t:|1682685880\n|-terastallize|p1a: Meowscarada|Grass\n|move|p1a: Meowscarada|Flower Trick|p2b: Ting-Lu\n|-supereffective|p2b: Ting-Lu\n|-crit|p2b: Ting-Lu\n|-damage|p2b: Ting-Lu|39\/100\n|move|p1b: Barraskewda|Liquidation|p2b: Ting-Lu\n|-supereffective|p2b: Ting-Lu\n|-damage|p2b: Ting-Lu|0 fnt\n|faint|p2b: Ting-Lu\n|-damage|p1b: Barraskewda|91\/100 par|[from] item: Life Orb\n|move|p2a: Sableye|Foul Play|p1b: Barraskewda\n|-damage|p1b: Barraskewda|0 fnt\n|faint|p1b: Barraskewda\n|\n|upkeep\n|\n|t:|1682685897\n|switch|p1b: Talonflame|Talonflame, L50, M|100\/100\n|switch|p2b: Crocalor|Crocalor, L50, F, shiny|100\/100\n|turn|4\n|\n|t:|1682685918\n|move|p2a: Sableye|Thunder Wave|p1b: Talonflame\n|-status|p1b: Talonflame|par\n|move|p1a: Meowscarada|Flower Trick|p2a: Sableye\n|-crit|p2a: Sableye\n|-damage|p2a: Sableye|34\/100\n|move|p1b: Talonflame|Taunt|p2b: Crocalor\n|-start|p2b: Crocalor|move: Taunt\n|move|p2b: Crocalor|Fire Blast|p1a: Meowscarada\n|-supereffective|p1a: Meowscarada\n|-enditem|p1a: Meowscarada|Focus Sash\n|-damage|p1a: Meowscarada|1\/100\n|\n|-sideend|p1: Dynamic29_VGC|move: Tailwind\n|upkeep\n|turn|5\n|inactive|unimulticorn has 30 seconds left.\n|\n|t:|1682685947\n|move|p1a: Meowscarada|Knock Off|p2b: Crocalor\n|-damage|p2b: Crocalor|65\/100\n|-enditem|p2b: Crocalor|Eviolite|[from] move: Knock Off|[of] p1a: Meowscarada\n|cant|p1b: Talonflame|par\n|move|p2a: Sableye|Foul Play|p1b: Talonflame\n|-damage|p1b: Talonflame|68\/100 par\n|-damage|p2a: Sableye|17\/100|[from] item: Rocky Helmet|[of] p1b: Talonflame\n|move|p2b: Crocalor|Fire Blast|p1a: Meowscarada\n|-supereffective|p1a: Meowscarada\n|-damage|p1a: Meowscarada|0 fnt\n|faint|p1a: Meowscarada\n|\n|upkeep\n|turn|6\n|-message|Dynamic29_VGC forfeited.\n|\n|win|unimulticorn\n|raw|Dynamic29_VGC's rating: 1081 → 1059<\/strong> (-22 for losing)\n|raw|unimulticorn's rating: 1080 → 1108<\/strong> (+28 for winning)\n|l|\u2606Dynamic29_VGC\n","uploadtime":1682685973,"views":11,"p1id":"dynamic29vgc","p2id":"unimulticorn","formatid":"gen9vgc2023regulationc","rating":1059,"private":0,"password":""}