{"id":"gen9vgc2023regulationc-1847184595","p1":"Damuzu","p2":"Alaskan_fisher","format":"[Gen 9] VGC 2023 Regulation C","log":"|j|\u2606Damuzu\n|j|\u2606Alaskan_fisher\n|t:|1681925990\n|gametype|doubles\n|player|p1|Damuzu|265|1214\n|player|p2|Alaskan_fisher|fisherman-gen4|1229\n|teamsize|p1|6\n|teamsize|p2|6\n|gen|9\n|tier|[Gen 9] VGC 2023 Regulation C\n|rated|\n|rule|Species Clause: Limit one of each Pok\u00e9mon\n|rule|Item Clause: Limit one of each item\n|clearpoke\n|poke|p1|Garchomp, L50, M|\n|poke|p1|Corviknight, L50, F|\n|poke|p1|Chi-Yu, L50|\n|poke|p1|Flutter Mane, L50|\n|poke|p1|Amoonguss, L50, M|\n|poke|p1|Ting-Lu, L50|\n|poke|p2|Chi-Yu, L50|\n|poke|p2|Iron Hands, L50|\n|poke|p2|Palafin, L50, F|\n|poke|p2|Ting-Lu, L50|\n|poke|p2|Flutter Mane, L50|\n|poke|p2|Arcanine, L50, M|\n|teampreview|4\nAlaskan_fisher has agreed to open team sheets.\nDamuzu has agreed to open team sheets.\n|\n|t:|1681926036\n|start\n|switch|p1a: CACEROLA|Ting-Lu, L50|100\/100\n|switch|p1b: CORVUS|Corviknight, L50, F|100\/100\n|switch|p2a: Ting-Lu|Ting-Lu, L50|100\/100\n|switch|p2b: Palafin|Palafin, L50, F|100\/100\n|-ability|p1a: CACEROLA|Vessel of Ruin\n|-ability|p2a: Ting-Lu|Vessel of Ruin\n|turn|1\n|inactive|Battle timer is ON: inactive players will automatically lose when time's up. (requested by Damuzu)\n|inactive|Alaskan_fisher has 60 seconds left.\n|\n|t:|1681926068\n|detailschange|p2b: Palafin|Palafin-Hero, L50, F\n|switch|p2b: Arcanine|Arcanine, L50, M|100\/100\n|-ability|p2b: Arcanine|Intimidate|boost\n|-unboost|p1a: CACEROLA|atk|1\n|-ability|p1b: CORVUS|Mirror Armor\n|-unboost|p2b: Arcanine|atk|1\n|move|p1b: CORVUS|Tailwind|p1b: CORVUS\n|-sidestart|p1: Damuzu|move: Tailwind\n|move|p1a: CACEROLA|Stomping Tantrum|p2b: Arcanine\n|-supereffective|p2b: Arcanine\n|-damage|p2b: Arcanine|51\/100\n|move|p2a: Ting-Lu|Stomping Tantrum|p1a: CACEROLA\n|-damage|p1a: CACEROLA|83\/100\n|\n|upkeep\n|turn|2\n|inactive|Alaskan_fisher has 30 seconds left.\n|\n|t:|1681926101\n|switch|p2a: Palafin|Palafin-Hero, L50, F|100\/100\n|-activate|p2a: Palafin|ability: Zero to Hero\n|move|p1b: CORVUS|Bulk Up|p1b: CORVUS\n|-boost|p1b: CORVUS|atk|1\n|-boost|p1b: CORVUS|def|1\n|move|p2b: Arcanine|Will-O-Wisp|p1a: CACEROLA|[miss]\n|-miss|p2b: Arcanine|p1a: CACEROLA\n|move|p1a: CACEROLA|Stomping Tantrum|p2b: Arcanine\n|-supereffective|p2b: Arcanine\n|-damage|p2b: Arcanine|6\/100\n|\n|upkeep\n|turn|3\n|\n|t:|1681926122\n|move|p1b: CORVUS|Iron Head|p2b: Arcanine\n|-resisted|p2b: Arcanine\n|-damage|p2b: Arcanine|0 fnt\n|faint|p2b: Arcanine\n|move|p1a: CACEROLA|Ruination|p2a: Palafin\n|-damage|p2a: Palafin|51\/100\n|move|p2a: Palafin|Haze|p2a: Palafin\n|-clearallboost\n|\n|upkeep\n|\n|t:|1681926132\n|switch|p2b: Iron Hands|Iron Hands, L50|100\/100\n|turn|4\n|\n|t:|1681926144\n|-terastallize|p1a: CACEROLA|Ground\n|-terastallize|p2a: Palafin|Water\n|move|p2b: Iron Hands|Fake Out|p1b: CORVUS\n|-resisted|p1b: CORVUS\n|-damage|p1b: CORVUS|94\/100\n|cant|p1b: CORVUS|flinch\n|move|p1a: CACEROLA|Stomping Tantrum|p2a: Palafin\n|-damage|p2a: Palafin|9\/100\n|move|p2a: Palafin|Wave Crash|p1a: CACEROLA\n|-supereffective|p1a: CACEROLA\n|-damage|p1a: CACEROLA|0 fnt\n|faint|p1a: CACEROLA\n|-damage|p2a: Palafin|0 fnt|[from] Recoil\n|faint|p2a: Palafin\n|\n|-sideend|p1: Damuzu|move: Tailwind\n|upkeep\n|\n|t:|1681926163\n|switch|p2a: Ting-Lu|Ting-Lu, L50|100\/100\n|switch|p1a: SETI|Amoonguss, L50, M|100\/100\n|-ability|p2a: Ting-Lu|Vessel of Ruin\n|turn|5\n|\n|t:|1681926173\n|move|p2b: Iron Hands|Protect|p2b: Iron Hands\n|-singleturn|p2b: Iron Hands|Protect\n|move|p1b: CORVUS|Bulk Up|p1b: CORVUS\n|-boost|p1b: CORVUS|atk|1\n|-boost|p1b: CORVUS|def|1\n|move|p2a: Ting-Lu|Fissure|p1a: SETI|[miss]\n|-miss|p2a: Ting-Lu|p1a: SETI\n|move|p1a: SETI|Spore|p2a: Ting-Lu\n|-status|p2a: Ting-Lu|slp|[from] move: Spore\n|\n|upkeep\n|turn|6\n|\n|t:|1681926192\n|move|p1b: CORVUS|Iron Head|p2a: Ting-Lu\n|-damage|p2a: Ting-Lu|79\/100 slp\n|move|p2b: Iron Hands|Wild Charge|p1b: CORVUS\n|-supereffective|p1b: CORVUS\n|-damage|p1b: CORVUS|38\/100\n|-damage|p2b: Iron Hands|89\/100|[from] Recoil\n|cant|p2a: Ting-Lu|slp\n|move|p1a: SETI|Spore|p2b: Iron Hands\n|-status|p2b: Iron Hands|slp|[from] move: Spore\n|\n|upkeep\n|turn|7\n|\n|t:|1681926207\n|move|p1b: CORVUS|Brave Bird|p2b: Iron Hands\n|-damage|p2b: Iron Hands|47\/100 slp\n|-damage|p1b: CORVUS|20\/100|[from] Recoil\n|cant|p2b: Iron Hands|slp\n|-curestatus|p2a: Ting-Lu|slp|[msg]\n|move|p2a: Ting-Lu|Ruination|p1a: SETI\n|-damage|p1a: SETI|51\/100\n|move|p1a: SETI|Pollen Puff|p1b: CORVUS\n|-heal|p1b: CORVUS|70\/100\n|\n|upkeep\n|turn|8\n|\n|t:|1681926223\n|move|p1b: CORVUS|Brave Bird|p2b: Iron Hands\n|-damage|p2b: Iron Hands|7\/100 slp\n|-damage|p1b: CORVUS|54\/100|[from] Recoil\n|-curestatus|p2b: Iron Hands|slp|[msg]\n|move|p2b: Iron Hands|Wild Charge|p1b: CORVUS\n|-supereffective|p1b: CORVUS\n|-damage|p1b: CORVUS|3\/100\n|-damage|p2b: Iron Hands|0 fnt|[from] Recoil\n|faint|p2b: Iron Hands\n|-end|p2b: Iron Hands|Quark Drive|[silent]\n|move|p2a: Ting-Lu|Stomping Tantrum|p1a: SETI\n|-damage|p1a: SETI|29\/100\n|-enditem|p1a: SETI|Sitrus Berry|[eat]\n|-heal|p1a: SETI|54\/100|[from] item: Sitrus Berry\n|move|p1a: SETI|Pollen Puff|p1b: CORVUS\n|-heal|p1b: CORVUS|53\/100\n|\n|upkeep\n|turn|9\n|\n|t:|1681926241\n|move|p1b: CORVUS|Iron Head|p2a: Ting-Lu\n|-damage|p2a: Ting-Lu|56\/100\n|move|p2a: Ting-Lu|Fissure|p1a: SETI|[miss]\n|-miss|p2a: Ting-Lu|p1a: SETI\n|move|p1a: SETI|Spore|p2a: Ting-Lu\n|-status|p2a: Ting-Lu|slp|[from] move: Spore\n|\n|upkeep\n|turn|10\n|\n|t:|1681926250\n|move|p1b: CORVUS|Brave Bird|p2a: Ting-Lu\n|-crit|p2a: Ting-Lu\n|-damage|p2a: Ting-Lu|3\/100 slp\n|-damage|p1b: CORVUS|30\/100|[from] Recoil\n|cant|p2a: Ting-Lu|slp\n|move|p1a: SETI|Pollen Puff|p1b: CORVUS\n|-heal|p1b: CORVUS|80\/100\n|\n|upkeep\n|turn|11\n|\n|t:|1681926260\n|move|p1a: SETI|Rage Powder|p1a: SETI\n|-singleturn|p1a: SETI|move: Rage Powder\n|move|p1b: CORVUS|Iron Head|p2a: Ting-Lu\n|-damage|p2a: Ting-Lu|0 fnt\n|faint|p2a: Ting-Lu\n|\n|win|Damuzu\n|raw|Damuzu's rating: 1214 → 1240<\/strong> (+26 for winning)\n|raw|Alaskan_fisher's rating: 1229 → 1203<\/strong> (-26 for losing)\n","uploadtime":1681926267,"views":7,"p1id":"damuzu","p2id":"alaskanfisher","formatid":"gen9vgc2023regulationc","rating":1203,"private":0,"password":""}