{"id":"gen9vgc2023regulationc-1851782226","p1":"legendaryhikiko","p2":"MLGmushroom","format":"[Gen 9] VGC 2023 Regulation C","log":"|j|\u2606legendaryhikiko\n|j|\u2606MLGmushroom\n|t:|1682482794\n|gametype|doubles\n|player|p1|legendaryhikiko|cyrus|1142\n|player|p2|MLGmushroom|blue|1150\n|teamsize|p1|6\n|teamsize|p2|6\n|gen|9\n|tier|[Gen 9] VGC 2023 Regulation C\n|rated|\n|rule|Species Clause: Limit one of each Pok\u00e9mon\n|rule|Item Clause: Limit one of each item\n|clearpoke\n|poke|p1|Brute Bonnet, L50|\n|poke|p1|Amoonguss, L50, F|\n|poke|p1|Ting-Lu, L50|\n|poke|p1|Wo-Chien, L50|\n|poke|p1|Great Tusk, L50|\n|poke|p1|Murkrow, L50, M|\n|poke|p2|Chien-Pao, L50|\n|poke|p2|Roaring Moon, L50|\n|poke|p2|Flutter Mane, L50|\n|poke|p2|Amoonguss, L50, F|\n|poke|p2|Gyarados, L50, F|\n|poke|p2|Scizor, L50, F|\n|teampreview|4\n|\n|t:|1682482811\n|start\n|switch|p1a: Wo-Chien|Wo-Chien, L50|100\/100\n|switch|p1b: Murkrow|Murkrow, L50, M|100\/100\n|switch|p2a: Scizor|Scizor, L50, F|100\/100\n|switch|p2b: Chien-Pao|Chien-Pao, L50|100\/100\n|-ability|p2b: Chien-Pao|Sword of Ruin\n|-ability|p1a: Wo-Chien|Tablets of Ruin\n|turn|1\n|\n|t:|1682482825\n|move|p1a: Wo-Chien|Protect|p1a: Wo-Chien\n|-singleturn|p1a: Wo-Chien|Protect\n|move|p1b: Murkrow|Sunny Day|p1b: Murkrow\n|-weather|SunnyDay\n|move|p2b: Chien-Pao|Ice Spinner|p1b: Murkrow\n|-supereffective|p1b: Murkrow\n|-damage|p1b: Murkrow|0 fnt\n|faint|p1b: Murkrow\n|move|p2a: Scizor|U-turn|p1a: Wo-Chien\n|-activate|p1a: Wo-Chien|move: Protect\n|\n|-weather|SunnyDay|[upkeep]\n|upkeep\n|\n|t:|1682482838\n|switch|p1b: Brute Bonnet|Brute Bonnet, L50|100\/100\n|-activate|p1b: Brute Bonnet|ability: Protosynthesis\n|-start|p1b: Brute Bonnet|protosynthesisdef\n|turn|2\n|\n|t:|1682482855\n|-terastallize|p1a: Wo-Chien|Water\n|move|p1b: Brute Bonnet|Rage Powder|p1b: Brute Bonnet\n|-singleturn|p1b: Brute Bonnet|move: Rage Powder\n|move|p2b: Chien-Pao|Ice Spinner|p1b: Brute Bonnet\n|-supereffective|p1b: Brute Bonnet\n|-damage|p1b: Brute Bonnet|58\/100\n|move|p1a: Wo-Chien|Growth|p1a: Wo-Chien\n|-boost|p1a: Wo-Chien|atk|2\n|-boost|p1a: Wo-Chien|spa|2\n|move|p2a: Scizor|U-turn|p1b: Brute Bonnet\n|-supereffective|p1b: Brute Bonnet\n|-damage|p1b: Brute Bonnet|0 fnt\n|faint|p1b: Brute Bonnet\n|-end|p1b: Brute Bonnet|Protosynthesis|[silent]\n|\n|t:|1682482868\n|switch|p2a: Gyarados|Gyarados, L50, F|100\/100|[from] U-turn\n|-ability|p2a: Gyarados|Intimidate|boost\n|-unboost|p1a: Wo-Chien|atk|1\n|\n|-weather|SunnyDay|[upkeep]\n|upkeep\n|\n|t:|1682482876\n|switch|p1b: Great Tusk|Great Tusk, L50|100\/100\n|-activate|p1b: Great Tusk|ability: Protosynthesis\n|-start|p1b: Great Tusk|protosynthesisatk\n|turn|3\n|\n|t:|1682482895\n|move|p2b: Chien-Pao|Ice Spinner|p1b: Great Tusk\n|-supereffective|p1b: Great Tusk\n|-damage|p1b: Great Tusk|36\/100\n|move|p1b: Great Tusk|Headlong Rush|p2b: Chien-Pao\n|-enditem|p2b: Chien-Pao|Focus Sash\n|-damage|p2b: Chien-Pao|1\/100\n|-unboost|p1b: Great Tusk|def|1\n|-unboost|p1b: Great Tusk|spd|1\n|-damage|p1b: Great Tusk|26\/100|[from] item: Life Orb\n|move|p2a: Gyarados|Taunt|p1a: Wo-Chien\n|-start|p1a: Wo-Chien|move: Taunt\n|move|p1a: Wo-Chien|Giga Drain|p2b: Chien-Pao\n|-damage|p2b: Chien-Pao|0 fnt\n|faint|p2b: Chien-Pao\n|\n|-weather|SunnyDay|[upkeep]\n|upkeep\n|\n|t:|1682482905\n|switch|p2b: Scizor|Scizor, L50, F|100\/100\n|turn|4\n|\n|t:|1682482928\n|move|p1b: Great Tusk|Knock Off|p2b: Scizor\n|-damage|p2b: Scizor|56\/100\n|-enditem|p2b: Scizor|Clear Amulet|[from] move: Knock Off|[of] p1b: Great Tusk\n|-damage|p1b: Great Tusk|16\/100|[from] item: Life Orb\n|move|p2a: Gyarados|Waterfall|p1b: Great Tusk\n|-supereffective|p1b: Great Tusk\n|-damage|p1b: Great Tusk|0 fnt\n|faint|p1b: Great Tusk\n|-end|p1b: Great Tusk|Protosynthesis|[silent]\n|move|p1a: Wo-Chien|Snarl|p2b: Scizor|[spread] p2a,p2b\n|-damage|p2a: Gyarados|67\/100\n|-damage|p2b: Scizor|12\/100\n|-unboost|p2a: Gyarados|spa|1\n|-unboost|p2b: Scizor|spa|1\n|move|p2b: Scizor|U-turn|p1a: Wo-Chien\n|-damage|p1a: Wo-Chien|59\/100\n|\n|t:|1682482934\n|switch|p2b: Roaring Moon|Roaring Moon, L50|100\/100|[from] U-turn\n|-activate|p2b: Roaring Moon|ability: Protosynthesis\n|-start|p2b: Roaring Moon|protosynthesisatk\n|\n|-weather|SunnyDay|[upkeep]\n|-heal|p1a: Wo-Chien|65\/100|[from] item: Leftovers\n|upkeep\n|turn|5\n|\n|t:|1682482958\n|-terastallize|p2b: Roaring Moon|Flying\n|move|p2b: Roaring Moon|Acrobatics|p1a: Wo-Chien\n|-damage|p1a: Wo-Chien|36\/100\n|move|p2a: Gyarados|Iron Head|p1a: Wo-Chien\n|-resisted|p1a: Wo-Chien\n|-damage|p1a: Wo-Chien|25\/100\n|move|p1a: Wo-Chien|Giga Drain|p2b: Roaring Moon\n|-resisted|p2b: Roaring Moon\n|-damage|p2b: Roaring Moon|69\/100\n|-heal|p1a: Wo-Chien|42\/100|[from] drain|[of] p2b: Roaring Moon\n|\n|-weather|none\n|-end|p2b: Roaring Moon|Protosynthesis\n|-heal|p1a: Wo-Chien|48\/100|[from] item: Leftovers\n|-end|p1a: Wo-Chien|move: Taunt\n|upkeep\n|-enditem|p2b: Roaring Moon|Booster Energy\n|-activate|p2b: Roaring Moon|ability: Protosynthesis|[fromitem]\n|-start|p2b: Roaring Moon|protosynthesisatk\n|turn|6\n|\n|t:|1682482980\n|move|p2b: Roaring Moon|Acrobatics|p1a: Wo-Chien\n|-damage|p1a: Wo-Chien|0 fnt\n|faint|p1a: Wo-Chien\n|\n|win|MLGmushroom\n|raw|legendaryhikiko's rating: 1142 → 1118<\/strong> (-24 for losing)\n|raw|MLGmushroom's rating: 1150 → 1174<\/strong> (+24 for winning)\n|l|\u2606legendaryhikiko\n","uploadtime":1682482986,"views":11,"p1id":"legendaryhikiko","p2id":"mlgmushroom","formatid":"gen9vgc2023regulationc","rating":1118,"private":0,"password":""}