{"id":"gen9vgc2023regulationc-1861507741","p1":"Gh0stlyPlanet","p2":"Psyducks in 6","format":"[Gen 9] VGC 2023 Regulation C","log":"|j|\u2606Gh0stlyPlanet\n|j|\u2606Psyducks in 6\n|t:|1683766469\n|gametype|doubles\n|player|p1|Gh0stlyPlanet|266|1673\n|player|p2|Psyducks in 6|biker-gen4|1598\n|teamsize|p1|5\n|teamsize|p2|6\n|gen|9\n|tier|[Gen 9] VGC 2023 Regulation C\n|rated|\n|rule|Species Clause: Limit one of each Pok\u00e9mon\n|rule|Item Clause: Limit one of each item\n|clearpoke\n|poke|p1|Wo-Chien, L50|\n|poke|p1|Flutter Mane, L50|\n|poke|p1|Chi-Yu, L50|\n|poke|p1|Glimmora, L50, M|\n|poke|p1|Dondozo, L50, M|\n|poke|p2|Talonflame, L50, F|\n|poke|p2|Flutter Mane, L50|\n|poke|p2|Iron Bundle, L50|\n|poke|p2|Great Tusk, L50|\n|poke|p2|Gyarados, L50, F|\n|poke|p2|Chi-Yu, L50|\n|teampreview|4\n|\n|t:|1683766557\n|start\n|switch|p1a: Wo-Chien|Wo-Chien, L50|100\/100\n|switch|p1b: Glimmora|Glimmora, L50, M|100\/100\n|switch|p2a: Chi-Yu|Chi-Yu, L50|100\/100\n|switch|p2b: Iron Bundle|Iron Bundle, L50, shiny|100\/100\n|-ability|p2a: Chi-Yu|Beads of Ruin\n|-ability|p1a: Wo-Chien|Tablets of Ruin\n|-enditem|p2b: Iron Bundle|Booster Energy\n|-activate|p2b: Iron Bundle|ability: Quark Drive|[fromitem]\n|-start|p2b: Iron Bundle|quarkdrivespe\n|turn|1\n|\n|t:|1683766584\n|-terastallize|p1a: Wo-Chien|Water\n|move|p2b: Iron Bundle|Protect|p2b: Iron Bundle\n|-singleturn|p2b: Iron Bundle|Protect\n|move|p1b: Glimmora|Spiky Shield|p1b: Glimmora\n|-singleturn|p1b: Glimmora|move: Protect\n|move|p2a: Chi-Yu|Snarl|p1a: Wo-Chien|[spread] p1a\n|-activate|p1b: Glimmora|move: Protect\n|-damage|p1a: Wo-Chien|89\/100\n|-unboost|p1a: Wo-Chien|spa|1\n|move|p1a: Wo-Chien|Leaf Storm|p2b: Iron Bundle\n|-activate|p2b: Iron Bundle|move: Protect\n|\n|upkeep\n|turn|2\n|\n|t:|1683766612\n|move|p2b: Iron Bundle|Encore|p1b: Glimmora\n|-start|p1b: Glimmora|Encore\n|move|p2a: Chi-Yu|Snarl|p1b: Glimmora|[spread] p1a,p1b\n|-damage|p1a: Wo-Chien|77\/100\n|-damage|p1b: Glimmora|69\/100\n|-unboost|p1a: Wo-Chien|spa|1\n|-unboost|p1b: Glimmora|spa|1\n|move|p1b: Glimmora|Spiky Shield||[still]\n|-fail|p1b: Glimmora\n|move|p1a: Wo-Chien|Mud Shot|p2a: Chi-Yu\n|-supereffective|p2a: Chi-Yu\n|-crit|p2a: Chi-Yu\n|-damage|p2a: Chi-Yu|77\/100\n|-unboost|p2a: Chi-Yu|spe|1\n|\n|upkeep\n|turn|3\n|\n|t:|1683766632\n|switch|p1b: Dondozo|Dondozo, L50, M|100\/100\n|switch|p2a: Gyarados|Gyarados, L50, F, shiny|100\/100\n|-ability|p2a: Gyarados|Intimidate|boost\n|-unboost|p1a: Wo-Chien|atk|1\n|-unboost|p1b: Dondozo|atk|1\n|move|p2b: Iron Bundle|Freeze-Dry|p1a: Wo-Chien\n|-supereffective|p1a: Wo-Chien\n|-damage|p1a: Wo-Chien|39\/100\n|move|p1a: Wo-Chien|Body Press|p2a: Gyarados\n|-resisted|p2a: Gyarados\n|-damage|p2a: Gyarados|89\/100\n|\n|upkeep\n|turn|4\n|\n|t:|1683766654\n|move|p2b: Iron Bundle|Freeze-Dry|p1b: Dondozo\n|-supereffective|p1b: Dondozo\n|-damage|p1b: Dondozo|44\/100\n|-enditem|p1b: Dondozo|Sitrus Berry|[eat]\n|-heal|p1b: Dondozo|69\/100|[from] item: Sitrus Berry\n|move|p2a: Gyarados|Taunt|p1a: Wo-Chien\n|-start|p1a: Wo-Chien|move: Taunt\n|move|p1a: Wo-Chien|Leaf Storm|p2b: Iron Bundle\n|-supereffective|p2b: Iron Bundle\n|-damage|p2b: Iron Bundle|5\/100\n|-unboost|p1a: Wo-Chien|spa|2\n|move|p1b: Dondozo|Yawn|p2a: Gyarados\n|-start|p2a: Gyarados|move: Yawn|[of] p1b: Dondozo\n|\n|upkeep\n|turn|5\n|\n|t:|1683766679\n|switch|p2a: Chi-Yu|Chi-Yu, L50|77\/100\n|-ability|p2a: Chi-Yu|Beads of Ruin\n|move|p2b: Iron Bundle|Freeze-Dry|p1a: Wo-Chien\n|-supereffective|p1a: Wo-Chien\n|-damage|p1a: Wo-Chien|0 fnt\n|faint|p1a: Wo-Chien\n|move|p1b: Dondozo|Yawn|p2a: Chi-Yu\n|-start|p2a: Chi-Yu|move: Yawn|[of] p1b: Dondozo\n|\n|upkeep\n|j| THUNDERSND77\n|\n|t:|1683766748\n|switch|p1a: Flutter Mane|Flutter Mane, L50|100\/100\n|-enditem|p1a: Flutter Mane|Booster Energy\n|-activate|p1a: Flutter Mane|ability: Protosynthesis|[fromitem]\n|-start|p1a: Flutter Mane|protosynthesisspe\n|turn|6\n|\n|t:|1683766761\n|switch|p2a: Gyarados|Gyarados, L50, F, shiny|89\/100\n|-ability|p2a: Gyarados|Intimidate|boost\n|-unboost|p1a: Flutter Mane|atk|1\n|-unboost|p1b: Dondozo|atk|1\n|switch|p1b: Glimmora|Glimmora, L50, M|69\/100\n|move|p2b: Iron Bundle|Protect|p2b: Iron Bundle\n|-singleturn|p2b: Iron Bundle|Protect\n|move|p1a: Flutter Mane|Icy Wind|p2b: Iron Bundle|[spread] p2a\n|-activate|p2b: Iron Bundle|move: Protect\n|-damage|p2a: Gyarados|77\/100\n|-unboost|p2a: Gyarados|spe|1\n|\n|upkeep\n|turn|7\n|\n|t:|1683766800\n|move|p2b: Iron Bundle|Icy Wind|p1a: Flutter Mane|[spread] p1a\n|-miss|p2b: Iron Bundle|p1b: Glimmora\n|-damage|p1a: Flutter Mane|80\/100\n|-unboost|p1a: Flutter Mane|spe|1\n|move|p1a: Flutter Mane|Icy Wind|p2a: Gyarados|[spread] p2a,p2b\n|-resisted|p2b: Iron Bundle\n|-damage|p2a: Gyarados|65\/100\n|-damage|p2b: Iron Bundle|0 fnt\n|-unboost|p2a: Gyarados|spe|1\n|faint|p2b: Iron Bundle\n|-end|p2b: Iron Bundle|Quark Drive|[silent]\n|move|p1b: Glimmora|Power Gem|p2a: Gyarados\n|-supereffective|p2a: Gyarados\n|-damage|p2a: Gyarados|5\/100\n|-enditem|p2a: Gyarados|Sitrus Berry|[eat]\n|-heal|p2a: Gyarados|30\/100|[from] item: Sitrus Berry\n|move|p2a: Gyarados|Iron Head|p1a: Flutter Mane\n|-supereffective|p1a: Flutter Mane\n|-damage|p1a: Flutter Mane|0 fnt\n|faint|p1a: Flutter Mane\n|-end|p1a: Flutter Mane|Protosynthesis|[silent]\n|\n|upkeep\n|j| merah merona\n|\n|t:|1683766829\n|switch|p2b: Great Tusk|Great Tusk, L50|100\/100\n|switch|p1a: Dondozo|Dondozo, L50, M|69\/100\n|turn|8\n|-message|Gh0stlyPlanet forfeited.\n|\n|win|Psyducks in 6\n|raw|Gh0stlyPlanet's rating: 1673 → 1649<\/strong> (-24 for losing)\n|raw|Psyducks in 6's rating: 1598 → 1622<\/strong> (+24 for winning)\n|l|\u2606Gh0stlyPlanet\n|l| THUNDERSND77\n","uploadtime":1683766934,"views":13,"p1id":"gh0stlyplanet","p2id":"psyducksin6","formatid":"gen9vgc2023regulationc","rating":1622,"private":0,"password":""}