{"id":"gen9vgc2023regulationc-1851070546","p1":"Kingyveltal64","p2":"Zardycoolers","format":"[Gen 9] VGC 2023 Regulation C","log":"|j|\u2606Kingyveltal64\n|j|\u2606Zardycoolers\n|t:|1682403979\n|gametype|doubles\n|player|p1|Kingyveltal64|lucas|\n|player|p2|Zardycoolers|2|\n|teamsize|p1|6\n|teamsize|p2|6\n|gen|9\n|tier|[Gen 9] VGC 2023 Regulation C\n|rule|Species Clause: Limit one of each Pok\u00e9mon\n|rule|Item Clause: Limit one of each item\n|clearpoke\n|poke|p1|Ceruledge, L50, F|\n|poke|p1|Roaring Moon, L50|\n|poke|p1|Baxcalibur, L50, F|\n|poke|p1|Torkoal, L50, M|\n|poke|p1|Lilligant, L50, F|\n|poke|p1|Iron Hands, L50|\n|poke|p2|Ceruledge, L50, M|\n|poke|p2|Great Tusk, L50|\n|poke|p2|Iron Bundle, L50|\n|poke|p2|Chien-Pao, L50|\n|poke|p2|Dragonite, L50, F|\n|poke|p2|Maushold-Four, L50|\n|teampreview|4\n|\n|t:|1682404012\n|start\n|switch|p1a: Iron Hands|Iron Hands, L50|100\/100\n|switch|p1b: Baxcalibur|Baxcalibur, L50, F|100\/100\n|switch|p2a: Iron Bundle|Iron Bundle, L50|100\/100\n|switch|p2b: Maushold|Maushold-Four, L50|100\/100\n|-enditem|p2a: Iron Bundle|Booster Energy\n|-activate|p2a: Iron Bundle|ability: Quark Drive|[fromitem]\n|-start|p2a: Iron Bundle|quarkdrivespe\n|-enditem|p1a: Iron Hands|Booster Energy\n|-activate|p1a: Iron Hands|ability: Quark Drive|[fromitem]\n|-start|p1a: Iron Hands|quarkdriveatk\n|turn|1\n|\n|t:|1682404033\n|move|p2a: Iron Bundle|Protect|p2a: Iron Bundle\n|-singleturn|p2a: Iron Bundle|Protect\n|move|p2b: Maushold|Protect|p2b: Maushold\n|-singleturn|p2b: Maushold|Protect\n|move|p1b: Baxcalibur|Dragon Dance|p1b: Baxcalibur\n|-boost|p1b: Baxcalibur|atk|1\n|-boost|p1b: Baxcalibur|spe|1\n|move|p1a: Iron Hands|Drain Punch|p2a: Iron Bundle\n|-activate|p2a: Iron Bundle|move: Protect\n|\n|upkeep\n|turn|2\n|\n|t:|1682404052\n|move|p2a: Iron Bundle|Icy Wind|p1a: Iron Hands|[spread] p1a,p1b\n|-damage|p1a: Iron Hands|85\/100\n|-damage|p1b: Baxcalibur|83\/100\n|-unboost|p1a: Iron Hands|spe|1\n|-unboost|p1b: Baxcalibur|spe|1\n|move|p2b: Maushold|Super Fang|p1a: Iron Hands\n|-damage|p1a: Iron Hands|43\/100\n|move|p1b: Baxcalibur|Dragon Dance|p1b: Baxcalibur\n|-boost|p1b: Baxcalibur|atk|1\n|-boost|p1b: Baxcalibur|spe|1\n|move|p1a: Iron Hands|Drain Punch|p2a: Iron Bundle\n|-supereffective|p2a: Iron Bundle\n|-damage|p2a: Iron Bundle|0 fnt\n|-heal|p1a: Iron Hands|71\/100|[from] drain|[of] p2a: Iron Bundle\n|faint|p2a: Iron Bundle\n|-end|p2a: Iron Bundle|Quark Drive|[silent]\n|\n|upkeep\n|\n|t:|1682404068\n|switch|p2a: Ceruledge|Ceruledge, L50, M|100\/100\n|turn|3\n|\n|t:|1682404084\n|move|p2b: Maushold|Baby-Doll Eyes|p1b: Baxcalibur\n|-unboost|p1b: Baxcalibur|atk|1\n|move|p1b: Baxcalibur|Glaive Rush|p2a: Ceruledge\n|-damage|p2a: Ceruledge|7\/100\n|-singlemove|p1b: Baxcalibur|Glaive Rush|[silent]\n|move|p2a: Ceruledge|Bulk Up|p2a: Ceruledge\n|-boost|p2a: Ceruledge|atk|1\n|-boost|p2a: Ceruledge|def|1\n|move|p1a: Iron Hands|Drain Punch|p2b: Maushold\n|-supereffective|p2b: Maushold\n|-damage|p2b: Maushold|0 fnt\n|-heal|p1a: Iron Hands|100\/100|[from] drain|[of] p2b: Maushold\n|faint|p2b: Maushold\n|\n|upkeep\n|\n|t:|1682404101\n|switch|p2b: Dragonite|Dragonite, L50, F|100\/100\n|turn|4\n|\n|t:|1682404112\n|-singleturn|p1a: Iron Hands|move: Focus Punch\n|move|p1b: Baxcalibur|Ice Shard|p2a: Ceruledge\n|-resisted|p2a: Ceruledge\n|-damage|p2a: Ceruledge|0 fnt\n|faint|p2a: Ceruledge\n|move|p2b: Dragonite|Dragon Dance|p2b: Dragonite\n|-boost|p2b: Dragonite|atk|1\n|-boost|p2b: Dragonite|spe|1\n|move|p1a: Iron Hands|Focus Punch|p2b: Dragonite\n|-resisted|p2b: Dragonite\n|-damage|p2b: Dragonite|67\/100\n|\n|upkeep\n|turn|5\n|\n|t:|1682404131\n|-terastallize|p1b: Baxcalibur|Ice\n|-singleturn|p1a: Iron Hands|move: Focus Punch\n|move|p2b: Dragonite|Dragon Claw|p1b: Baxcalibur\n|-damage|p1b: Baxcalibur|22\/100\n|move|p1b: Baxcalibur|Icicle Spear|p2b: Dragonite\n|-supereffective|p2b: Dragonite\n|-damage|p2b: Dragonite|0 fnt\n|faint|p2b: Dragonite\n|-hitcount|p2: Dragonite|1\n|\n|win|Kingyveltal64\n","uploadtime":1682404152,"views":12,"p1id":"kingyveltal64","p2id":"zardycoolers","formatid":"gen9vgc2023regulationc","rating":0,"private":0,"password":""}