{"id":"gen9vgc2023regulationc-1864207863","p1":"Cooltrizzle","p2":"anshar_training","format":"[Gen 9] VGC 2023 Regulation C","log":"|j|\u2606Cooltrizzle\n|j|\u2606anshar_training\n|t:|1684136831\n|gametype|doubles\n|player|p1|Cooltrizzle|hiker-gen4|1398\n|player|p2|anshar_training|colress|1325\n|teamsize|p1|6\n|teamsize|p2|6\n|gen|9\n|tier|[Gen 9] VGC 2023 Regulation C\n|rated|\n|rule|Species Clause: Limit one of each Pok\u00e9mon\n|rule|Item Clause: Limit one of each item\n|clearpoke\n|poke|p1|Grimmsnarl, L50, M|\n|poke|p1|Skeledirge, L50, M|\n|poke|p1|Wo-Chien, L50|\n|poke|p1|Glimmora, L50, F|\n|poke|p1|Iron Hands, L50|\n|poke|p1|Scream Tail, L50|\n|poke|p2|Gyarados, L50, M|\n|poke|p2|Flutter Mane, L50|\n|poke|p2|Chi-Yu, L50|\n|poke|p2|Amoonguss, L50, F|\n|poke|p2|Garchomp, L50, M|\n|poke|p2|Kingambit, L50, M|\n|teampreview|4\n|inactive|Battle timer is ON: inactive players will automatically lose when time's up. (requested by anshar_training)\n|inactive|Cooltrizzle also wants the timer to be on.\n|inactive|anshar_training has 60 seconds left.\n|inactive|Cooltrizzle has 60 seconds left.\n|\n|t:|1684136868\n|start\n|switch|p1a: Iron Hands|Iron Hands, L50|100\/100\n|switch|p1b: Grimmsnarl|Grimmsnarl, L50, M|100\/100\n|switch|p2a: Gyarados|Gyarados, L50, M|100\/100\n|switch|p2b: Flutter Mane|Flutter Mane, L50|100\/100\n|-ability|p2a: Gyarados|Intimidate|boost\n|-unboost|p1a: Iron Hands|atk|1\n|-unboost|p1b: Grimmsnarl|atk|1\n|-enditem|p2b: Flutter Mane|Booster Energy\n|-activate|p2b: Flutter Mane|ability: Protosynthesis|[fromitem]\n|-start|p2b: Flutter Mane|protosynthesisspa\n|turn|1\n|inactive|Cooltrizzle has 30 seconds left.\n|inactive|anshar_training has 30 seconds left.\n|inactive|Cooltrizzle has 20 seconds left.\n|inactive|Cooltrizzle has 15 seconds left.\n|inactive|Cooltrizzle has 10 seconds left.\n|\n|t:|1684136915\n|-terastallize|p2a: Gyarados|Poison\n|-terastallize|p1a: Iron Hands|Fire\n|move|p2a: Gyarados|Helping Hand|p2b: Flutter Mane\n|-singleturn|p2b: Flutter Mane|Helping Hand|[of] p2a: Gyarados\n|move|p2b: Flutter Mane|Dazzling Gleam|p1b: Grimmsnarl|[spread] p1a,p1b\n|-resisted|p1a: Iron Hands\n|-supereffective|p1b: Grimmsnarl\n|-damage|p1a: Iron Hands|75\/100\n|-damage|p1b: Grimmsnarl|0 fnt\n|faint|p1b: Grimmsnarl\n|move|p1a: Iron Hands|Swords Dance|p1a: Iron Hands\n|-boost|p1a: Iron Hands|atk|2\n|\n|upkeep\n|\n|t:|1684136924\n|switch|p1b: Scream Tail|Scream Tail, L50|100\/100\n|-enditem|p1b: Scream Tail|Booster Energy\n|-activate|p1b: Scream Tail|ability: Protosynthesis|[fromitem]\n|-start|p1b: Scream Tail|protosynthesisspe\n|turn|2\n|\n|t:|1684136939\n|move|p2b: Flutter Mane|Protect|p2b: Flutter Mane\n|-singleturn|p2b: Flutter Mane|Protect\n|move|p1b: Scream Tail|Encore|p2a: Gyarados\n|-start|p2a: Gyarados|Encore\n|move|p2a: Gyarados|Helping Hand||[still]\n|-fail|p2a: Gyarados\n|move|p1a: Iron Hands|Ice Punch|p2b: Flutter Mane\n|-activate|p2b: Flutter Mane|move: Protect\n|\n|upkeep\n|turn|3\n|\n|t:|1684136962\n|switch|p2a: Garchomp|Garchomp, L50, M|100\/100\n|move|p1b: Scream Tail|Encore|p2b: Flutter Mane\n|-start|p2b: Flutter Mane|Encore\n|move|p2b: Flutter Mane|Protect||[still]\n|-fail|p2b: Flutter Mane\n|move|p1a: Iron Hands|Drain Punch|p2a: Garchomp\n|-damage|p2a: Garchomp|35\/100\n|-heal|p1a: Iron Hands|100\/100|[from] drain|[of] p2a: Garchomp\n|-damage|p1a: Iron Hands|88\/100|[from] ability: Rough Skin|[of] p2a: Garchomp\n|\n|upkeep\n|turn|4\n|\n|t:|1684136979\n|move|p2b: Flutter Mane|Protect|p2b: Flutter Mane\n|-singleturn|p2b: Flutter Mane|Protect\n|move|p1a: Iron Hands|Detect|p1a: Iron Hands\n|-singleturn|p1a: Iron Hands|Protect\n|move|p1b: Scream Tail|Dazzling Gleam|p2a: Garchomp|[spread] p2a\n|-activate|p2b: Flutter Mane|move: Protect\n|-supereffective|p2a: Garchomp\n|-crit|p2a: Garchomp\n|-damage|p2a: Garchomp|0 fnt\n|faint|p2a: Garchomp\n|\n|upkeep\n|\n|t:|1684136992\n|switch|p2a: Gyarados|Gyarados, L50, M, tera:Poison|100\/100\n|-ability|p2a: Gyarados|Intimidate|boost\n|-unboost|p1a: Iron Hands|atk|1\n|-unboost|p1b: Scream Tail|atk|1\n|turn|5\n|\n|t:|1684136999\n|-end|p2b: Flutter Mane|Protosynthesis|[silent]\n|switch|p2b: Chi-Yu|Chi-Yu, L50|100\/100\n|-ability|p2b: Chi-Yu|Beads of Ruin\n|move|p1b: Scream Tail|Dazzling Gleam|p2b: Chi-Yu|[spread] p2a,p2b\n|-resisted|p2a: Gyarados\n|-damage|p2a: Gyarados|93\/100\n|-damage|p2b: Chi-Yu|82\/100\n|move|p2a: Gyarados|Waterfall|p1a: Iron Hands\n|-supereffective|p1a: Iron Hands\n|-damage|p1a: Iron Hands|38\/100\n|move|p1a: Iron Hands|Swords Dance|p1a: Iron Hands\n|-boost|p1a: Iron Hands|atk|2\n|\n|upkeep\n|turn|6\n|\n|t:|1684137024\n|move|p1b: Scream Tail|Disable|p2a: Gyarados\n|-start|p2a: Gyarados|Disable|Waterfall\n|move|p2b: Chi-Yu|Dark Pulse|p1a: Iron Hands\n|-damage|p1a: Iron Hands|0 fnt\n|faint|p1a: Iron Hands\n|-end|p1a: Iron Hands|Quark Drive|[silent]\n|move|p2a: Gyarados|Taunt|p1b: Scream Tail\n|-start|p1b: Scream Tail|move: Taunt\n|\n|upkeep\n|\n|t:|1684137029\n|switch|p1a: Glimmora|Glimmora, L50, F|100\/100\n|turn|7\n|\n|t:|1684137045\n|switch|p2b: Flutter Mane|Flutter Mane, L50|100\/100\n|move|p1b: Scream Tail|Dazzling Gleam|p2a: Gyarados|[spread] p2a,p2b\n|-resisted|p2a: Gyarados\n|-damage|p2a: Gyarados|87\/100\n|-damage|p2b: Flutter Mane|84\/100\n|move|p1a: Glimmora|Power Gem|p2b: Flutter Mane\n|-damage|p2b: Flutter Mane|37\/100\n|move|p2a: Gyarados|Thunder Wave|p1a: Glimmora\n|-status|p1a: Glimmora|par\n|\n|upkeep\n|turn|8\n|\n|t:|1684137069\n|move|p2a: Gyarados|Helping Hand|p2b: Flutter Mane\n|-singleturn|p2b: Flutter Mane|Helping Hand|[of] p2a: Gyarados\n|move|p1b: Scream Tail|Dazzling Gleam|p2a: Gyarados|[spread] p2a,p2b\n|-resisted|p2a: Gyarados\n|-damage|p2a: Gyarados|81\/100\n|-damage|p2b: Flutter Mane|20\/100\n|move|p2b: Flutter Mane|Dazzling Gleam|p1a: Glimmora|[spread] p1a,p1b\n|-resisted|p1a: Glimmora\n|-damage|p1a: Glimmora|67\/100 par\n|-damage|p1b: Scream Tail|66\/100\n|cant|p1a: Glimmora|par\n|\n|upkeep\n|turn|9\n|\n|t:|1684137088\n|move|p1b: Scream Tail|Dazzling Gleam|p2b: Flutter Mane|[spread] p2a,p2b\n|-resisted|p2a: Gyarados\n|-damage|p2a: Gyarados|75\/100\n|-damage|p2b: Flutter Mane|4\/100\n|move|p2b: Flutter Mane|Shadow Ball|p1a: Glimmora\n|-damage|p1a: Glimmora|14\/100 par\n|move|p2a: Gyarados|Thunder Wave|p1b: Scream Tail\n|-status|p1b: Scream Tail|par\n|move|p1a: Glimmora|Power Gem|p2a: Gyarados\n|-damage|p2a: Gyarados|40\/100\n|\n|-end|p1b: Scream Tail|move: Taunt\n|-end|p2a: Gyarados|Disable\n|upkeep\n|turn|10\n|\n|t:|1684137107\n|move|p2b: Flutter Mane|Protect|p2b: Flutter Mane\n|-singleturn|p2b: Flutter Mane|Protect\n|move|p1b: Scream Tail|Dazzling Gleam|p2b: Flutter Mane|[spread] p2a\n|-activate|p2b: Flutter Mane|move: Protect\n|-resisted|p2a: Gyarados\n|-damage|p2a: Gyarados|34\/100\n|move|p2a: Gyarados|Taunt|p1b: Scream Tail\n|-start|p1b: Scream Tail|move: Taunt\n|move|p1a: Glimmora|Power Gem|p2a: Gyarados\n|-damage|p2a: Gyarados|0 fnt\n|faint|p2a: Gyarados\n|\n|upkeep\n|\n|t:|1684137119\n|switch|p2a: Chi-Yu|Chi-Yu, L50|82\/100\n|-ability|p2a: Chi-Yu|Beads of Ruin\n|turn|11\n|\n|t:|1684137131\n|move|p2b: Flutter Mane|Protect|p2b: Flutter Mane\n|-singleturn|p2b: Flutter Mane|Protect\n|move|p2a: Chi-Yu|Heat Wave|p1a: Glimmora|[spread] p1a,p1b\n|-resisted|p1a: Glimmora\n|-damage|p1a: Glimmora|0 fnt\n|-damage|p1b: Scream Tail|36\/100 par\n|faint|p1a: Glimmora\n|move|p1b: Scream Tail|Dazzling Gleam|p2b: Flutter Mane|[spread] p2a\n|-activate|p2b: Flutter Mane|move: Protect\n|-damage|p2a: Chi-Yu|66\/100\n|\n|upkeep\n|turn|12\n|\n|t:|1684137156\n|move|p2b: Flutter Mane|Moonblast|p1b: Scream Tail\n|-damage|p1b: Scream Tail|0 fnt\n|faint|p1b: Scream Tail\n|-end|p1b: Scream Tail|Protosynthesis|[silent]\n|\n|win|anshar_training\n|raw|Cooltrizzle's rating: 1398 → 1374<\/strong> (-24 for losing)\n|raw|anshar_training's rating: 1325 → 1349<\/strong> (+24 for winning)\n","uploadtime":1684137163,"views":12,"p1id":"cooltrizzle","p2id":"anshartraining","formatid":"gen9vgc2023regulationc","rating":1349,"private":0,"password":""}