{"id":"gen9vgc2023regulationc-1852262285","p1":"vvegs","p2":"Hadrian1917","format":"[Gen 9] VGC 2023 Regulation C","log":"|j|\u2606vvegs\n|j|\u2606Hadrian1917\n|t:|1682537877\n|gametype|doubles\n|player|p1|vvegs|2|1078\n|player|p2|Hadrian1917|brock|1082\n|teamsize|p1|6\n|teamsize|p2|6\n|gen|9\n|tier|[Gen 9] VGC 2023 Regulation C\n|rated|\n|rule|Species Clause: Limit one of each Pok\u00e9mon\n|rule|Item Clause: Limit one of each item\n|clearpoke\n|poke|p1|Iron Moth, L50|\n|poke|p1|Klefki, L50, M|\n|poke|p1|Iron Bundle, L50|\n|poke|p1|Bisharp, L50, M|\n|poke|p1|Arcanine, L50, F|\n|poke|p1|Vivillon-Fancy, L50, F|\n|poke|p2|Flutter Mane, L50|\n|poke|p2|Arcanine, L50, F|\n|poke|p2|Baxcalibur, L50, M|\n|poke|p2|Ting-Lu, L50|\n|poke|p2|Gyarados, L50, F|\n|poke|p2|Amoonguss, L50, M|\n|teampreview|4\n|inactive|Battle timer is ON: inactive players will automatically lose when time's up. (requested by vvegs)\n|inactive|Hadrian1917 has 60 seconds left.\n|inactive|Hadrian1917 has 30 seconds left.\n|inactive|Hadrian1917 has 20 seconds left.\n|\n|t:|1682537962\n|start\n|switch|p1a: Klefki|Klefki, L50, M|100\/100\n|switch|p1b: Arcanine|Arcanine, L50, F|100\/100\n|switch|p2a: Ting-Lu|Ting-Lu, L50|100\/100\n|switch|p2b: Amoonguss|Amoonguss, L50, M|100\/100\n|-ability|p1b: Arcanine|Intimidate|boost\n|-unboost|p2a: Ting-Lu|atk|1\n|-unboost|p2b: Amoonguss|atk|1\n|-ability|p2a: Ting-Lu|Vessel of Ruin\n|turn|1\n|\n|t:|1682537979\n|move|p2b: Amoonguss|Protect|p2b: Amoonguss\n|-singleturn|p2b: Amoonguss|Protect\n|move|p1a: Klefki|Switcheroo|p2b: Amoonguss\n|-activate|p2b: Amoonguss|move: Protect\n|move|p1b: Arcanine|Close Combat|p2a: Ting-Lu\n|-supereffective|p2a: Ting-Lu\n|-damage|p2a: Ting-Lu|60\/100\n|-unboost|p1b: Arcanine|def|1\n|-unboost|p1b: Arcanine|spd|1\n|move|p2a: Ting-Lu|Fissure|p1a: Klefki|[miss]\n|-miss|p2a: Ting-Lu|p1a: Klefki\n|\n|-status|p1a: Klefki|brn|[from] item: Flame Orb\n|upkeep\n|turn|2\n|inactive|Hadrian1917 has 30 seconds left.\n|inactive|Hadrian1917 has 20 seconds left.\n|\n|t:|1682538016\n|switch|p1b: Vivillon|Vivillon-Fancy, L50, F|100\/100\n|switch|p2b: Flutter Mane|Flutter Mane, L50|100\/100\n|move|p1a: Klefki|Switcheroo|p2b: Flutter Mane\n|-activate|p1a: Klefki|move: Trick|[of] p2b: Flutter Mane\n|-item|p2b: Flutter Mane|Flame Orb|[from] move: Switcheroo\n|-item|p1a: Klefki|Choice Specs|[from] move: Switcheroo\n|move|p2a: Ting-Lu|Stomping Tantrum|p1b: Vivillon\n|-immune|p1b: Vivillon\n|\n|-damage|p1a: Klefki|94\/100 brn|[from] brn\n|-status|p2b: Flutter Mane|brn|[from] item: Flame Orb\n|upkeep\n|turn|3\n|inactive|vvegs has 30 seconds left.\n|\n|t:|1682538043\n|move|p1a: Klefki|Light Screen|p1a: Klefki\n|-sidestart|p1: vvegs|move: Light Screen\n|move|p2b: Flutter Mane|Thunderbolt|p1b: Vivillon\n|-supereffective|p1b: Vivillon\n|-damage|p1b: Vivillon|46\/100\n|-status|p1b: Vivillon|par\n|move|p2a: Ting-Lu|Fissure|p1a: Klefki|[miss]\n|-miss|p2a: Ting-Lu|p1a: Klefki\n|cant|p1b: Vivillon|par\n|\n|-damage|p2b: Flutter Mane|95\/100 brn|[from] brn\n|-damage|p1a: Klefki|88\/100 brn|[from] brn\n|upkeep\n|turn|4\n|\n|t:|1682538063\n|switch|p1a: Arcanine|Arcanine, L50, F|100\/100\n|-ability|p1a: Arcanine|Intimidate|boost\n|-unboost|p2a: Ting-Lu|atk|1\n|-unboost|p2b: Flutter Mane|atk|1\n|move|p2b: Flutter Mane|Thunderbolt|p1b: Vivillon\n|-supereffective|p1b: Vivillon\n|-damage|p1b: Vivillon|0 fnt\n|faint|p1b: Vivillon\n|move|p2a: Ting-Lu|Stomping Tantrum|p1a: Arcanine\n|-supereffective|p1a: Arcanine\n|-damage|p1a: Arcanine|5\/100\n|\n|-damage|p2b: Flutter Mane|89\/100 brn|[from] brn\n|upkeep\n|\n|t:|1682538074\n|switch|p1b: Iron Moth|Iron Moth, L50|100\/100\n|turn|5\n|\n|t:|1682538085\n|switch|p2a: Baxcalibur|Baxcalibur, L50, M|100\/100\n|move|p2b: Flutter Mane|Thunderbolt|p1a: Arcanine\n|-damage|p1a: Arcanine|0 fnt\n|faint|p1a: Arcanine\n|move|p1b: Iron Moth|Heat Wave|p2b: Flutter Mane|[spread] p2b\n|-miss|p1b: Iron Moth|p2a: Baxcalibur\n|-damage|p2b: Flutter Mane|42\/100 brn\n|-damage|p1b: Iron Moth|91\/100|[from] item: Life Orb\n|\n|-damage|p2b: Flutter Mane|36\/100 brn|[from] brn\n|upkeep\n|\n|t:|1682538096\n|switch|p1a: Klefki|Klefki, L50, M|88\/100 brn\n|turn|6\n|\n|t:|1682538120\n|move|p2a: Baxcalibur|Protect|p2a: Baxcalibur\n|-singleturn|p2a: Baxcalibur|Protect\n|move|p1a: Klefki|Switcheroo|p2a: Baxcalibur\n|-activate|p2a: Baxcalibur|move: Protect\n|move|p2b: Flutter Mane|Thunderbolt|p1b: Iron Moth\n|-damage|p1b: Iron Moth|71\/100\n|move|p1b: Iron Moth|Heat Wave|p2a: Baxcalibur|[spread] \n|-activate|p2a: Baxcalibur|move: Protect\n|-miss|p1b: Iron Moth|p2b: Flutter Mane\n|\n|-damage|p2b: Flutter Mane|31\/100 brn|[from] brn\n|-damage|p1a: Klefki|82\/100 brn|[from] brn\n|upkeep\n|turn|7\n|inactive|Hadrian1917 has 30 seconds left.\n|inactive|Hadrian1917 has 20 seconds left.\n|inactive|Hadrian1917 has 15 seconds left.\n|inactive|Hadrian1917 has 10 seconds left.\n|\n|t:|1682538169\n|move|p1b: Iron Moth|Protect|p1b: Iron Moth\n|-singleturn|p1b: Iron Moth|Protect\n|move|p1a: Klefki|Switcheroo|p2a: Baxcalibur\n|-activate|p1a: Klefki|move: Trick|[of] p2a: Baxcalibur\n|-item|p2a: Baxcalibur|Choice Specs|[from] move: Switcheroo\n|-item|p1a: Klefki|Clear Amulet|[from] move: Switcheroo\n|move|p2b: Flutter Mane|Thunderbolt|p1b: Iron Moth\n|-activate|p1b: Iron Moth|move: Protect\n|move|p2a: Baxcalibur|Glaive Rush|p1b: Iron Moth\n|-activate|p1b: Iron Moth|move: Protect\n|\n|-damage|p2b: Flutter Mane|25\/100 brn|[from] brn\n|-damage|p1a: Klefki|76\/100 brn|[from] brn\n|-sideend|p1: vvegs|move: Light Screen\n|upkeep\n|turn|8\n|\n|t:|1682538185\n|move|p1a: Klefki|Reflect|p1a: Klefki\n|-sidestart|p1: vvegs|Reflect\n|move|p2b: Flutter Mane|Thunderbolt|p1b: Iron Moth\n|-damage|p1b: Iron Moth|42\/100\n|move|p1b: Iron Moth|Sludge Wave|p2a: Baxcalibur|[spread] p2a,p2b\n|-immune|p1a: Klefki\n|-damage|p2a: Baxcalibur|49\/100\n|-damage|p2b: Flutter Mane|0 fnt\n|faint|p2b: Flutter Mane\n|-end|p2b: Flutter Mane|Protosynthesis|[silent]\n|-damage|p1b: Iron Moth|32\/100|[from] item: Life Orb\n|move|p2a: Baxcalibur|Glaive Rush|p1b: Iron Moth\n|-damage|p1b: Iron Moth|0 fnt\n|-singlemove|p2a: Baxcalibur|Glaive Rush|[silent]\n|faint|p1b: Iron Moth\n|-end|p1b: Iron Moth|Quark Drive|[silent]\n|\n|-damage|p1a: Klefki|70\/100 brn|[from] brn\n|upkeep\n|\n|t:|1682538204\n|switch|p2b: Amoonguss|Amoonguss, L50, M|100\/100\n|turn|9\n|-message|vvegs forfeited.\n|\n|win|Hadrian1917\n|raw|vvegs's rating: 1078 → 1057<\/strong> (-21 for losing)\n|raw|Hadrian1917's rating: 1082 → 1109<\/strong> (+27 for winning)\n|l|\u2606vvegs\n","uploadtime":1682538220,"views":8,"p1id":"vvegs","p2id":"hadrian1917","formatid":"gen9vgc2023regulationc","rating":1057,"private":0,"password":""}