{"id":"gen9vgc2023regulationc-1852988249","p1":"NicoHaxVGC","p2":"b(R)2","format":"[Gen 9] VGC 2023 Regulation C","log":"|j|\u2606NicoHaxVGC\n|j|\u2606b(R)2\n|t:|1682623307\n|gametype|doubles\n|player|p1|NicoHaxVGC|hilbert-wonderlauncher|1289\n|player|p2|b(R)2|266|1378\n|teamsize|p1|6\n|teamsize|p2|6\n|gen|9\n|tier|[Gen 9] VGC 2023 Regulation C\n|rated|\n|rule|Species Clause: Limit one of each Pok\u00e9mon\n|rule|Item Clause: Limit one of each item\n|clearpoke\n|poke|p1|Corviknight, L50, M|\n|poke|p1|Annihilape, L50, M|\n|poke|p1|Amoonguss, L50, M|\n|poke|p1|Ting-Lu, L50|\n|poke|p1|Flutter Mane, L50|\n|poke|p1|Iron Bundle, L50|\n|poke|p2|Ting-Lu, L50|\n|poke|p2|Amoonguss, L50, M|\n|poke|p2|Garganacl, L50, M|\n|poke|p2|Arcanine, L50, F|\n|poke|p2|Roaring Moon, L50|\n|poke|p2|Iron Bundle, L50|\n|teampreview|4\n|inactive|Battle timer is ON: inactive players will automatically lose when time's up. (requested by NicoHaxVGC)\nb(R)2 has agreed to open team sheets.\n|inactive|NicoHaxVGC has 60 seconds left.\n|\n|t:|1682623345\n|start\n|switch|p1a: Raven|Corviknight, L50, M|100\/100\n|switch|p1b: Ting-Lu|Ting-Lu, L50|100\/100\n|switch|p2a: Garganacl|Garganacl, L50, M|100\/100\n|switch|p2b: Ting-Lu|Ting-Lu, L50|100\/100\n|-ability|p1b: Ting-Lu|Vessel of Ruin\n|-ability|p2b: Ting-Lu|Vessel of Ruin\n|turn|1\n|inactive|b(R)2 has 30 seconds left.\n|inactive|b(R)2 has 20 seconds left.\n|inactive|b(R)2 has 15 seconds left.\n|\n|t:|1682623386\n|move|p2a: Garganacl|Protect|p2a: Garganacl\n|-singleturn|p2a: Garganacl|Protect\n|move|p1a: Raven|Iron Head|p2a: Garganacl\n|-activate|p2a: Garganacl|move: Protect\n|move|p1b: Ting-Lu|Stomping Tantrum|p2a: Garganacl\n|-activate|p2a: Garganacl|move: Protect\n|move|p2b: Ting-Lu|Sand Tomb|p1b: Ting-Lu\n|-damage|p1b: Ting-Lu|93\/100\n|-activate|p1b: Ting-Lu|move: Sand Tomb|[of] p2b: Ting-Lu\n|\n|-damage|p1b: Ting-Lu|80\/100|[from] move: Sand Tomb|[partiallytrapped]\n|upkeep\n|turn|2\n|\n|t:|1682623403\n|switch|p2a: Arcanine|Arcanine, L50, F|100\/100\n|-ability|p2a: Arcanine|Intimidate|boost\n|-ability|p1a: Raven|Mirror Armor\n|-unboost|p2a: Arcanine|atk|1\n|-unboost|p1b: Ting-Lu|atk|1\n|move|p1a: Raven|Iron Head|p2a: Arcanine\n|-resisted|p2a: Arcanine\n|-damage|p2a: Arcanine|88\/100\n|move|p1b: Ting-Lu|Stomping Tantrum|p2a: Arcanine\n|-supereffective|p2a: Arcanine\n|-damage|p2a: Arcanine|48\/100\n|move|p2b: Ting-Lu|Ruination|p1b: Ting-Lu\n|-damage|p1b: Ting-Lu|41\/100\n|\n|-damage|p1b: Ting-Lu|29\/100|[from] move: Sand Tomb|[partiallytrapped]\n|upkeep\n|turn|3\n|inactive|NicoHaxVGC has 30 seconds left.\n|inactive|NicoHaxVGC has 20 seconds left.\n|inactive|NicoHaxVGC has 15 seconds left.\n|\n|t:|1682623443\n|switch|p2a: Amoonguss|Amoonguss, L50, M|100\/100\n|-terastallize|p1a: Raven|Fire\n|move|p1a: Raven|Roost||[still]\n|-fail|p1a: Raven|heal\n|move|p1b: Ting-Lu|Stomping Tantrum|p2a: Amoonguss\n|-damage|p2a: Amoonguss|85\/100\n|move|p2b: Ting-Lu|Stomping Tantrum|p1b: Ting-Lu\n|-damage|p1b: Ting-Lu|11\/100\n|\n|-damage|p1b: Ting-Lu|0 fnt|[from] move: Sand Tomb|[partiallytrapped]\n|faint|p1b: Ting-Lu\n|upkeep\n|\n|t:|1682623463\n|switch|p1b: Flutter Mane|Flutter Mane, L50|100\/100\n|turn|4\n|\n|t:|1682623484\n|-terastallize|p2b: Ting-Lu|Poison\n|move|p1b: Flutter Mane|Shadow Ball|p2a: Amoonguss\n|-damage|p2a: Amoonguss|46\/100\n|-enditem|p2a: Amoonguss|Sitrus Berry|[eat]\n|-heal|p2a: Amoonguss|71\/100|[from] item: Sitrus Berry\n|move|p1a: Raven|Iron Head|p2b: Ting-Lu\n|-damage|p2b: Ting-Lu|85\/100\n|cant|p2b: Ting-Lu|flinch\n|move|p2a: Amoonguss|Spore|p1a: Raven\n|-activate|p1a: Raven|item: Safety Goggles|Spore\n|\n|upkeep\n|turn|5\n|inactive|NicoHaxVGC has 30 seconds left.\n|inactive|NicoHaxVGC has 20 seconds left.\n|inactive|NicoHaxVGC has 15 seconds left.\n|inactive|NicoHaxVGC has 10 seconds left.\n|\n|t:|1682623533\n|move|p2a: Amoonguss|Rage Powder|p2a: Amoonguss\n|-singleturn|p2a: Amoonguss|move: Rage Powder\n|move|p1b: Flutter Mane|Shadow Ball|p2a: Amoonguss\n|-damage|p2a: Amoonguss|33\/100\n|move|p1a: Raven|Brave Bird|p2a: Amoonguss\n|-supereffective|p2a: Amoonguss\n|-damage|p2a: Amoonguss|0 fnt\n|faint|p2a: Amoonguss\n|-damage|p1a: Raven|89\/100|[from] Recoil\n|move|p2b: Ting-Lu|Heavy Slam|p1b: Flutter Mane\n|-supereffective|p1b: Flutter Mane\n|-damage|p1b: Flutter Mane|0 fnt\n|faint|p1b: Flutter Mane\n|-end|p1b: Flutter Mane|Protosynthesis|[silent]\n|\n|upkeep\n|\n|t:|1682623548\n|switch|p1b: JH|Iron Bundle, L50|100\/100\n|switch|p2a: Garganacl|Garganacl, L50, M|100\/100\n|-enditem|p1b: JH|Booster Energy\n|-activate|p1b: JH|ability: Quark Drive|[fromitem]\n|-start|p1b: JH|quarkdrivespe\n|turn|6\n|\n|t:|1682623558\n|move|p1b: JH|Hydro Pump|p2b: Ting-Lu\n|-damage|p2b: Ting-Lu|66\/100\n|move|p1a: Raven|Brave Bird|p2b: Ting-Lu\n|-crit|p2b: Ting-Lu\n|-damage|p2b: Ting-Lu|32\/100\n|-damage|p1a: Raven|74\/100|[from] Recoil\n|move|p2b: Ting-Lu|Heavy Slam|p1b: JH\n|-damage|p1b: JH|61\/100\n|move|p2a: Garganacl|Salt Cure|p1b: JH\n|-supereffective|p1b: JH\n|-damage|p1b: JH|32\/100\n|-start|p1b: JH|Salt Cure\n|\n|-damage|p1b: JH|7\/100|[from] Salt Cure\n|upkeep\n|turn|7\n|\n|t:|1682623579\n|move|p1b: JH|Hydro Pump|p2a: Garganacl\n|-supereffective|p2a: Garganacl\n|-damage|p2a: Garganacl|53\/100\n|move|p1a: Raven|Brave Bird|p2b: Ting-Lu\n|-damage|p2b: Ting-Lu|7\/100\n|-damage|p1a: Raven|63\/100|[from] Recoil\n|move|p2b: Ting-Lu|Ruination|p1a: Raven\n|-damage|p1a: Raven|32\/100\n|move|p2a: Garganacl|Salt Cure|p1a: Raven\n|-supereffective|p1a: Raven\n|-damage|p1a: Raven|7\/100\n|-start|p1a: Raven|Salt Cure\n|\n|-heal|p2a: Garganacl|59\/100|[from] item: Leftovers\n|-damage|p1b: JH|0 fnt|[from] Salt Cure\n|faint|p1b: JH\n|-end|p1b: JH|Quark Drive|[silent]\n|-damage|p1a: Raven|0 fnt|[from] Salt Cure\n|faint|p1a: Raven\n|\n|win|b(R)2\n|upkeep\n|raw|NicoHaxVGC's rating: 1289 → 1270<\/strong> (-19 for losing)\n|raw|b(R)2's rating: 1378 → 1393<\/strong> (+15 for winning)\n","uploadtime":1682623585,"views":17,"p1id":"nicohaxvgc","p2id":"br2","formatid":"gen9vgc2023regulationc","rating":1270,"private":0,"password":""}