{"id":"gen9vgc2023regulationc-1846370008","p1":"Seedot is my god","p2":"esotilin123456","format":"[Gen 9] VGC 2023 Regulation C","log":"|j|\u2606Seedot is my god\n|j|\u2606esotilin123456\n|t:|1681835400\n|gametype|doubles\n|player|p1|Seedot is my god|169|1309\n|player|p2|esotilin123456|hilbert-wonderlauncher|1365\n|teamsize|p1|6\n|teamsize|p2|6\n|gen|9\n|tier|[Gen 9] VGC 2023 Regulation C\n|rated|\n|rule|Species Clause: Limit one of each Pok\u00e9mon\n|rule|Item Clause: Limit one of each item\n|clearpoke\n|poke|p1|Chi-Yu, L50|\n|poke|p1|Dachsbun, L50, F|\n|poke|p1|Dragonite, L50, F|\n|poke|p1|Chien-Pao, L50|\n|poke|p1|Flutter Mane, L50|\n|poke|p1|Gyarados, L50, F|\n|poke|p2|Arcanine, L50, M|\n|poke|p2|Gastrodon, L50, F|\n|poke|p2|Rotom-Mow, L50|\n|poke|p2|Tyranitar, L50, M|\n|poke|p2|Corviknight, L50, F|\n|poke|p2|Salamence, L50, M|\n|teampreview|4\n|inactive|Battle timer is ON: inactive players will automatically lose when time's up. (requested by Seedot is my god)\nSeedot is my god has agreed to open team sheets.\nesotilin123456 rejected open team sheets.\n|c|\u2606esotilin123456|flutter chiyu no skill\n|\n|t:|1681835428\n|start\n|switch|p1a: Chi-Yu|Chi-Yu, L50|100\/100\n|switch|p1b: Dachsbun|Dachsbun, L50, F|100\/100\n|switch|p2a: good boi|Arcanine, L50, M|100\/100\n|switch|p2b: Great Tyrant|Tyranitar, L50, M, shiny|100\/100\n|-ability|p1a: Chi-Yu|Beads of Ruin\n|-ability|p2a: good boi|Intimidate|boost\n|-unboost|p1a: Chi-Yu|atk|1\n|-unboost|p1b: Dachsbun|atk|1\n|-weather|Sandstorm|[from] ability: Sand Stream|[of] p2b: Great Tyrant\n|turn|1\n|\n|t:|1681835438\n|-terastallize|p2b: Great Tyrant|Rock\n|move|p1a: Chi-Yu|Lava Plume|p2b: Great Tyrant|[spread] p2a,p2b\n|-ability|p1b: Dachsbun|Well-Baked Body|boost\n|-boost|p1b: Dachsbun|def|2\n|-resisted|p2a: good boi\n|-resisted|p2b: Great Tyrant\n|-damage|p2a: good boi|86\/100\n|-damage|p2b: Great Tyrant|89\/100\n|move|p2a: good boi|Close Combat|p1a: Chi-Yu\n|-supereffective|p1a: Chi-Yu\n|-damage|p1a: Chi-Yu|0 fnt\n|-unboost|p2a: good boi|def|1\n|-unboost|p2a: good boi|spd|1\n|faint|p1a: Chi-Yu\n|move|p1b: Dachsbun|Body Press|p2b: Great Tyrant\n|-supereffective|p2b: Great Tyrant\n|-enditem|p2b: Great Tyrant|Chople Berry|[eat]\n|-enditem|p2b: Great Tyrant|Chople Berry|[weaken]\n|-damage|p2b: Great Tyrant|37\/100\n|move|p2b: Great Tyrant|Rock Slide|p1b: Dachsbun|[miss]\n|-miss|p2b: Great Tyrant|p1b: Dachsbun\n|\n|-weather|Sandstorm|[upkeep]\n|-damage|p2a: good boi|80\/100|[from] Sandstorm\n|-damage|p1b: Dachsbun|94\/100|[from] Sandstorm\n|-heal|p1b: Dachsbun|100\/100|[from] item: Leftovers\n|upkeep\n|\n|t:|1681835453\n|switch|p1a: Gyarados|Gyarados, L50, F|100\/100\n|-ability|p1a: Gyarados|Intimidate|boost\n|-unboost|p2a: good boi|atk|1\n|-unboost|p2b: Great Tyrant|atk|1\n|turn|2\n|\n|t:|1681835463\n|switch|p2a: GROHAHSHSHSH|Gastrodon, L50, F|100\/100\n|switch|p2b: IRON BIRD|Corviknight, L50, F|100\/100\n|move|p1a: Gyarados|Waterfall|p2a: GROHAHSHSHSH\n|-ability|p2a: GROHAHSHSHSH|Storm Drain|boost\n|-boost|p2a: GROHAHSHSHSH|spa|1\n|move|p1b: Dachsbun|Body Press|p2b: IRON BIRD\n|-damage|p2b: IRON BIRD|57\/100\n|\n|-weather|Sandstorm|[upkeep]\n|-damage|p1a: Gyarados|95\/100|[from] Sandstorm\n|-damage|p1b: Dachsbun|94\/100|[from] Sandstorm\n|-heal|p1b: Dachsbun|100\/100|[from] item: Leftovers\n|upkeep\n|turn|3\n|\n|t:|1681835475\n|-terastallize|p1a: Gyarados|Flying\n|move|p1a: Gyarados|Tera Blast|p2a: GROHAHSHSHSH\n|-damage|p2a: GROHAHSHSHSH|17\/100\n|-damage|p1a: Gyarados|85\/100|[from] item: Life Orb\n|move|p1b: Dachsbun|Body Press|p2a: GROHAHSHSHSH\n|-damage|p2a: GROHAHSHSHSH|0 fnt\n|faint|p2a: GROHAHSHSHSH\n|move|p2b: IRON BIRD|Bulk Up|p2b: IRON BIRD\n|-boost|p2b: IRON BIRD|atk|1\n|-boost|p2b: IRON BIRD|def|1\n|\n|-weather|Sandstorm|[upkeep]\n|-damage|p1a: Gyarados|79\/100|[from] Sandstorm\n|-damage|p1b: Dachsbun|94\/100|[from] Sandstorm\n|-heal|p1b: Dachsbun|100\/100|[from] item: Leftovers\n|upkeep\n|\n|t:|1681835485\n|switch|p2a: good boi|Arcanine, L50, M|80\/100\n|-ability|p2a: good boi|Intimidate|boost\n|-unboost|p1a: Gyarados|atk|1\n|-unboost|p1b: Dachsbun|atk|1\n|turn|4\n|\n|t:|1681835492\n|move|p1a: Gyarados|Dragon Dance|p1a: Gyarados\n|-boost|p1a: Gyarados|atk|1\n|-boost|p1a: Gyarados|spe|1\n|move|p2a: good boi|Flare Blitz|p1a: Gyarados\n|-damage|p1a: Gyarados|1\/100\n|-damage|p2a: good boi|56\/100|[from] Recoil\n|move|p1b: Dachsbun|Yawn|p2b: IRON BIRD\n|-start|p2b: IRON BIRD|move: Yawn|[of] p1b: Dachsbun\n|move|p2b: IRON BIRD|Bulk Up|p2b: IRON BIRD\n|-boost|p2b: IRON BIRD|atk|1\n|-boost|p2b: IRON BIRD|def|1\n|\n|-weather|Sandstorm|[upkeep]\n|-damage|p1a: Gyarados|0 fnt|[from] Sandstorm\n|-damage|p2a: good boi|49\/100|[from] Sandstorm\n|-damage|p1b: Dachsbun|94\/100|[from] Sandstorm\n|faint|p1a: Gyarados\n|-heal|p1b: Dachsbun|100\/100|[from] item: Leftovers\n|upkeep\n|\n|t:|1681835499\n|switch|p1a: Chien-Pao|Chien-Pao, L50|100\/100\n|-ability|p1a: Chien-Pao|Sword of Ruin\n|turn|5\n|\n|t:|1681835511\n|move|p1a: Chien-Pao|Protect|p1a: Chien-Pao\n|-singleturn|p1a: Chien-Pao|Protect\n|move|p2a: good boi|Flare Blitz|p1a: Chien-Pao\n|-activate|p1a: Chien-Pao|move: Protect\n|move|p1b: Dachsbun|Body Press|p2b: IRON BIRD\n|-damage|p2b: IRON BIRD|25\/100\n|-enditem|p2b: IRON BIRD|Aguav Berry|[eat]\n|-heal|p2b: IRON BIRD|59\/100|[from] item: Aguav Berry\n|move|p2b: IRON BIRD|Bulk Up|p2b: IRON BIRD\n|-boost|p2b: IRON BIRD|atk|1\n|-boost|p2b: IRON BIRD|def|1\n|\n|-weather|none\n|-end|p2b: IRON BIRD|move: Yawn|[silent]\n|-status|p2b: IRON BIRD|slp\n|upkeep\n|turn|6\n|\n|t:|1681835520\n|move|p1a: Chien-Pao|Throat Chop|p2a: good boi\n|-damage|p2a: good boi|0 fnt\n|faint|p2a: good boi\n|move|p1b: Dachsbun|Body Press|p2b: IRON BIRD\n|-damage|p2b: IRON BIRD|37\/100 slp\n|cant|p2b: IRON BIRD|slp\n|\n|upkeep\n|\n|t:|1681835527\n|switch|p2a: Great Tyrant|Tyranitar, L50, M, shiny, tera:Rock|37\/100\n|-weather|Sandstorm|[from] ability: Sand Stream|[of] p2a: Great Tyrant\n|turn|7\n|\n|t:|1681835539\n|move|p2a: Great Tyrant|Protect|p2a: Great Tyrant\n|-singleturn|p2a: Great Tyrant|Protect\n|move|p1a: Chien-Pao|Ice Spinner|p2b: IRON BIRD\n|-damage|p2b: IRON BIRD|22\/100 slp\n|move|p1b: Dachsbun|Body Press|p2b: IRON BIRD\n|-damage|p2b: IRON BIRD|0 fnt\n|faint|p2b: IRON BIRD\n|\n|-weather|Sandstorm|[upkeep]\n|-damage|p1a: Chien-Pao|95\/100|[from] Sandstorm\n|-damage|p1b: Dachsbun|94\/100|[from] Sandstorm\n|-heal|p1b: Dachsbun|100\/100|[from] item: Leftovers\n|upkeep\n|turn|8\n|c|\u2606esotilin123456|dachsbun chiyu no skill\n|-message|esotilin123456 forfeited.\n|\n|win|Seedot is my god\n|raw|Seedot is my god's rating: 1309 → 1332<\/strong> (+23 for winning)\n|raw|esotilin123456's rating: 1365 → 1342<\/strong> (-23 for losing)\n|l|\u2606esotilin123456\n|c|\u2606Seedot is my god|cool, bye\n","uploadtime":1681835576,"views":13,"p1id":"seedotismygod","p2id":"esotilin123456","formatid":"gen9vgc2023regulationc","rating":1332,"private":0,"password":""}