{"id":"gen9vgc2023regulationc-1860488786","p1":"zlint","p2":"CJMTT","format":"[Gen 9] VGC 2023 Regulation C","log":"|j|\u2606zlint\n|j|\u2606CJMTT\n|t:|1683648585\n|gametype|doubles\n|player|p1|zlint|flannery|1307\n|player|p2|CJMTT|ethan|1328\n|teamsize|p1|6\n|teamsize|p2|6\n|gen|9\n|tier|[Gen 9] VGC 2023 Regulation C\n|rated|\n|rule|Species Clause: Limit one of each Pok\u00e9mon\n|rule|Item Clause: Limit one of each item\n|clearpoke\n|poke|p1|Scream Tail, L50|\n|poke|p1|Baxcalibur, L50, F|\n|poke|p1|Corviknight, L50, F|\n|poke|p1|Rotom-Wash, L50|\n|poke|p1|Flutter Mane, L50|\n|poke|p1|Tyranitar, L50, F|\n|poke|p2|Annihilape, L50, M|\n|poke|p2|Maushold, L50|\n|poke|p2|Iron Hands, L50|\n|poke|p2|Glimmora, L50, F|\n|poke|p2|Ceruledge, L50, F|\n|poke|p2|Dragonite, L50, M|\n|teampreview|4\n|inactive|Battle timer is ON: inactive players will automatically lose when time's up. (requested by CJMTT)\nzlint has agreed to open team sheets.\n|inactive|zlint has 60 seconds left.\n|inactive|CJMTT has 60 seconds left.\nCJMTT has agreed to open team sheets.\n|\n|t:|1683648629\n|start\n|switch|p1a: Flutter Mane|Flutter Mane, L50|100\/100\n|switch|p1b: Baxcalibur|Baxcalibur, L50, F|100\/100\n|switch|p2a: Ceruledge|Ceruledge, L50, F|100\/100\n|switch|p2b: Glimmora|Glimmora, L50, F|100\/100\n|turn|1\n|inactive|zlint has 30 seconds left.\n|inactive|CJMTT has 30 seconds left.\n|inactive|zlint has 20 seconds left.\n|inactive|zlint has 15 seconds left.\n|\n|t:|1683648673\n|-terastallize|p2a: Ceruledge|Steel\n|move|p1b: Baxcalibur|Ice Shard|p2b: Glimmora\n|-damage|p2b: Glimmora|72\/100\n|move|p2a: Ceruledge|Shadow Sneak|p1a: Flutter Mane\n|-supereffective|p1a: Flutter Mane\n|-damage|p1a: Flutter Mane|39\/100\n|move|p1a: Flutter Mane|Shadow Ball|p2b: Glimmora\n|-damage|p2b: Glimmora|7\/100\n|-unboost|p2b: Glimmora|spd|1\n|-damage|p1a: Flutter Mane|29\/100|[from] item: Life Orb\n|move|p2b: Glimmora|Mortal Spin|p1b: Baxcalibur|[spread] p1a,p1b\n|-damage|p1a: Flutter Mane|22\/100\n|-damage|p1b: Baxcalibur|96\/100\n|-status|p1a: Flutter Mane|psn\n|-status|p1b: Baxcalibur|psn\n|\n|-damage|p1a: Flutter Mane|10\/100 psn|[from] psn\n|-damage|p1b: Baxcalibur|84\/100 psn|[from] psn\n|upkeep\n|turn|2\n|inactive|zlint has 30 seconds left.\n|inactive|CJMTT has 30 seconds left.\n|\n|t:|1683648705\n|-end|p1a: Flutter Mane|Protosynthesis|[silent]\n|switch|p1a: Rotom|Rotom-Wash, L50, shiny|100\/100\n|switch|p2b: Iron Hands|Iron Hands, L50|100\/100\n|move|p1b: Baxcalibur|Ice Shard|p2b: Iron Hands\n|-damage|p2b: Iron Hands|84\/100\n|move|p2a: Ceruledge|Bulk Up|p2a: Ceruledge\n|-boost|p2a: Ceruledge|atk|1\n|-boost|p2a: Ceruledge|def|1\n|\n|-damage|p1b: Baxcalibur|72\/100 psn|[from] psn\n|upkeep\n|turn|3\n|inactive|CJMTT has 30 seconds left.\n|\n|t:|1683648734\n|move|p2b: Iron Hands|Fake Out|p1a: Rotom\n|-damage|p1a: Rotom|86\/100\n|move|p1b: Baxcalibur|Icicle Spear|p2b: Iron Hands\n|-damage|p2b: Iron Hands|74\/100\n|-damage|p2b: Iron Hands|64\/100\n|-damage|p2b: Iron Hands|54\/100\n|-damage|p2b: Iron Hands|43\/100\n|-hitcount|p2b: Iron Hands|4\n|cant|p1a: Rotom|flinch\n|move|p2a: Ceruledge|Bitter Blade|p1b: Baxcalibur\n|-damage|p1b: Baxcalibur|10\/100 psn\n|-ability|p1b: Baxcalibur|Thermal Exchange|boost\n|-boost|p1b: Baxcalibur|atk|1\n|\n|-damage|p1b: Baxcalibur|0 fnt|[from] psn\n|faint|p1b: Baxcalibur\n|upkeep\n|\n|t:|1683648746\n|switch|p1b: Scream Tail|Scream Tail, L50, shiny|100\/100\n|-enditem|p1b: Scream Tail|Booster Energy\n|-activate|p1b: Scream Tail|ability: Protosynthesis|[fromitem]\n|-start|p1b: Scream Tail|protosynthesisspe\n|turn|4\n|inactive|zlint has 30 seconds left.\n|\n|t:|1683648779\n|-terastallize|p1b: Scream Tail|Water\n|move|p2a: Ceruledge|Shadow Sneak|p1b: Scream Tail\n|-damage|p1b: Scream Tail|79\/100\n|move|p1b: Scream Tail|Encore|p2b: Iron Hands\n|-start|p2b: Iron Hands|Encore\n|move|p1a: Rotom|Thunderbolt|p2a: Ceruledge\n|-damage|p2a: Ceruledge|71\/100\n|move|p2b: Iron Hands|Fake Out||[still]\n|-hint|Fake Out only works on your first turn out.\n|-fail|p2b: Iron Hands\n|\n|upkeep\n|turn|5\n|inactive|CJMTT has 30 seconds left.\n|\n|t:|1683648807\n|-end|p2b: Iron Hands|Quark Drive|[silent]\n|switch|p2b: Glimmora|Glimmora, L50, F|7\/100\n|move|p1b: Scream Tail|Disable|p2a: Ceruledge\n|-start|p2a: Ceruledge|Disable|Shadow Sneak\n|move|p2a: Ceruledge|Bitter Blade|p1a: Rotom\n|-resisted|p1a: Rotom\n|-damage|p1a: Rotom|59\/100\n|-heal|p2a: Ceruledge|82\/100|[from] drain|[of] p1a: Rotom\n|move|p1a: Rotom|Nasty Plot|p1a: Rotom\n|-boost|p1a: Rotom|spa|2\n|\n|upkeep\n|turn|6\n|\n|t:|1683648824\n|move|p2a: Ceruledge|Protect|p2a: Ceruledge\n|-singleturn|p2a: Ceruledge|Protect\n|move|p1b: Scream Tail|Play Rough|p2b: Glimmora\n|-resisted|p2b: Glimmora\n|-damage|p2b: Glimmora|0 fnt\n|faint|p2b: Glimmora\n|move|p1a: Rotom|Thunderbolt|p2a: Ceruledge\n|-activate|p2a: Ceruledge|move: Protect\n|\n|upkeep\n|\n|t:|1683648836\n|switch|p2b: Dragonite|Dragonite, L50, M|100\/100\n|turn|7\n|\n|t:|1683648850\n|move|p2b: Dragonite|Extreme Speed|p1a: Rotom\n|-damage|p1a: Rotom|22\/100\n|-enditem|p1a: Rotom|Sitrus Berry|[eat]\n|-heal|p1a: Rotom|47\/100|[from] item: Sitrus Berry\n|move|p1b: Scream Tail|Encore|p2a: Ceruledge\n|-start|p2a: Ceruledge|Encore\n|move|p1a: Rotom|Will-O-Wisp|p2b: Dragonite\n|-status|p2b: Dragonite|brn\n|move|p2a: Ceruledge|Protect||[still]\n|-fail|p2a: Ceruledge\n|\n|-damage|p2b: Dragonite|95\/100 brn|[from] brn\n|upkeep\n|turn|8\n|inactive|zlint has 30 seconds left.\n|inactive|zlint has 20 seconds left.\n|\n|t:|1683648889\n|switch|p2a: Iron Hands|Iron Hands, L50|43\/100\n|move|p2b: Dragonite|Extreme Speed|p1a: Rotom\n|-damage|p1a: Rotom|26\/100\n|move|p1b: Scream Tail|Disable|p2b: Dragonite\n|-start|p2b: Dragonite|Disable|Extreme Speed\n|move|p1a: Rotom|Thunderbolt|p2b: Dragonite\n|-damage|p2b: Dragonite|20\/100 brn\n|\n|-damage|p2b: Dragonite|14\/100 brn|[from] brn\n|upkeep\n|turn|9\n|inactive|zlint has 30 seconds left.\n|\n|t:|1683648922\n|switch|p2b: Ceruledge|Ceruledge, L50, F, tera:Steel|82\/100\n|move|p1b: Scream Tail|Play Rough|p2a: Iron Hands\n|-supereffective|p2a: Iron Hands\n|-damage|p2a: Iron Hands|13\/100\n|move|p1a: Rotom|Hydro Pump|p2a: Iron Hands\n|-damage|p2a: Iron Hands|0 fnt\n|faint|p2a: Iron Hands\n|-end|p2a: Iron Hands|Quark Drive|[silent]\n|\n|upkeep\n|-message|CJMTT forfeited.\n|\n|win|zlint\n|raw|zlint's rating: 1307 → 1328<\/strong> (+21 for winning)\n|raw|CJMTT's rating: 1328 → 1307<\/strong> (-21 for losing)\n|l|\u2606CJMTT\n","uploadtime":1683648935,"views":17,"p1id":"zlint","p2id":"cjmtt","formatid":"gen9vgc2023regulationc","rating":1307,"private":0,"password":""}