{"id":"gen9vgc2023regulationc-1863652490","p1":"lanakillah98","p2":"XD VIRGO","format":"[Gen 9] VGC 2023 Regulation C","log":"|j|\u2606lanakillah98\n|j|\u2606XD VIRGO\n|t:|1684052378\n|gametype|doubles\n|player|p1|lanakillah98|brycen|1134\n|player|p2|XD VIRGO|depotagent|1216\n|teamsize|p1|6\n|teamsize|p2|5\n|gen|9\n|tier|[Gen 9] VGC 2023 Regulation C\n|rated|\n|rule|Species Clause: Limit one of each Pok\u00e9mon\n|rule|Item Clause: Limit one of each item\n|clearpoke\n|poke|p1|Skeledirge, L50, F|\n|poke|p1|Breloom, L50, M|\n|poke|p1|Lumineon, L50, F|\n|poke|p1|Kingambit, L50, M|\n|poke|p1|Dragapult, L50, F|\n|poke|p1|Maushold, L50|\n|poke|p2|Tyranitar, L50, M|\n|poke|p2|Amoonguss, L50, M|\n|poke|p2|Annihilape, L50, M|\n|poke|p2|Murkrow, L50, M|\n|poke|p2|Medicham, L50, F|\n|teampreview|4\n|\n|t:|1684052408\n|start\n|switch|p1a: Maushold|Maushold, L50|100\/100\n|switch|p1b: Breloom|Breloom, L50, M|100\/100\n|switch|p2a: Tyranitar|Tyranitar, L50, M|100\/100\n|switch|p2b: Medicham|Medicham, L50, F|100\/100\n|-weather|Sandstorm|[from] ability: Sand Stream|[of] p2a: Tyranitar\n|turn|1\n|\n|t:|1684052424\n|-terastallize|p2a: Tyranitar|Flying\n|move|p1a: Maushold|Follow Me|p1a: Maushold\n|-singleturn|p1a: Maushold|move: Follow Me\n|move|p2b: Medicham|Skill Swap|p1a: Maushold\n|-activate|p2b: Medicham|move: Skill Swap|Friend Guard|Pure Power|[of] p1a: Maushold\n|move|p1b: Breloom|Swords Dance|p1b: Breloom\n|-boost|p1b: Breloom|atk|2\n|move|p2a: Tyranitar|Rock Slide|p1a: Maushold|[spread] p1a,p1b\n|-resisted|p1b: Breloom\n|-damage|p1a: Maushold|69\/100\n|-damage|p1b: Breloom|80\/100\n|\n|-weather|Sandstorm|[upkeep]\n|-damage|p2b: Medicham|95\/100|[from] Sandstorm\n|-damage|p1b: Breloom|74\/100|[from] Sandstorm\n|-damage|p2a: Tyranitar|94\/100|[from] Sandstorm\n|upkeep\n|turn|2\n|\n|t:|1684052459\n|move|p1b: Breloom|Protect|p1b: Breloom\n|-singleturn|p1b: Breloom|Protect\n|move|p2b: Medicham|Skill Swap|p1a: Maushold\n|-activate|p2b: Medicham|move: Skill Swap|Pure Power|Friend Guard|[of] p1a: Maushold\n|move|p1a: Maushold|Encore|p2b: Medicham\n|-start|p2b: Medicham|Encore\n|move|p2a: Tyranitar|Tera Blast|p1b: Breloom\n|-activate|p1b: Breloom|move: Protect\n|\n|-weather|Sandstorm|[upkeep]\n|-damage|p2b: Medicham|89\/100|[from] Sandstorm\n|-damage|p1b: Breloom|68\/100|[from] Sandstorm\n|-damage|p2a: Tyranitar|88\/100|[from] Sandstorm\n|upkeep\n|turn|3\n|\n|t:|1684052481\n|switch|p2b: Amoonguss|Amoonguss, L50, M|100\/100\n|-terastallize|p1b: Breloom|Grass\n|move|p1a: Maushold|Follow Me|p1a: Maushold\n|-singleturn|p1a: Maushold|move: Follow Me\n|move|p1b: Breloom|Bullet Seed|p2a: Tyranitar\n|-resisted|p2a: Tyranitar\n|-damage|p2a: Tyranitar|67\/100\n|-resisted|p2a: Tyranitar\n|-damage|p2a: Tyranitar|46\/100\n|-resisted|p2a: Tyranitar\n|-damage|p2a: Tyranitar|25\/100\n|-resisted|p2a: Tyranitar\n|-damage|p2a: Tyranitar|2\/100\n|-hitcount|p2a: Tyranitar|4\n|move|p2a: Tyranitar|Tera Blast|p1a: Maushold\n|-crit|p1a: Maushold\n|-damage|p1a: Maushold|0 fnt\n|faint|p1a: Maushold\n|\n|-weather|Sandstorm|[upkeep]\n|-damage|p1b: Breloom|62\/100|[from] Sandstorm\n|-damage|p2a: Tyranitar|0 fnt|[from] Sandstorm\n|-damage|p2b: Amoonguss|94\/100|[from] Sandstorm\n|faint|p2a: Tyranitar\n|upkeep\n|\n|t:|1684052508\n|switch|p1a: Lumineon|Lumineon, L50, F|100\/100\n|switch|p2a: Medicham|Medicham, L50, F|89\/100\n|turn|4\n|\n|t:|1684052518\n|move|p1a: Lumineon|Helping Hand|p1b: Breloom\n|-singleturn|p1b: Breloom|Helping Hand|[of] p1a: Lumineon\n|move|p2a: Medicham|Fake Out|p1b: Breloom\n|-damage|p1b: Breloom|39\/100\n|cant|p1b: Breloom|flinch\n|move|p2b: Amoonguss|Spore|p1a: Lumineon\n|-status|p1a: Lumineon|slp|[from] move: Spore\n|\n|-weather|Sandstorm|[upkeep]\n|-damage|p1a: Lumineon|94\/100 slp|[from] Sandstorm\n|-damage|p2a: Medicham|83\/100|[from] Sandstorm\n|-damage|p1b: Breloom|33\/100|[from] Sandstorm\n|-damage|p2b: Amoonguss|88\/100|[from] Sandstorm\n|upkeep\n|turn|5\n|\n|t:|1684052538\n|cant|p1a: Lumineon|slp\n|move|p2b: Amoonguss|Rage Powder|p2b: Amoonguss\n|-singleturn|p2b: Amoonguss|move: Rage Powder\n|move|p2a: Medicham|Close Combat|p1b: Breloom\n|-damage|p1b: Breloom|0 fnt\n|-unboost|p2a: Medicham|def|1\n|-unboost|p2a: Medicham|spd|1\n|faint|p1b: Breloom\n|\n|-weather|none\n|upkeep\n|\n|t:|1684052550\n|switch|p1b: Dragapult|Dragapult, L50, F|100\/100\n|turn|6\n|\n|t:|1684052568\n|move|p2a: Medicham|Protect|p2a: Medicham\n|-singleturn|p2a: Medicham|Protect\n|move|p1b: Dragapult|Dragon Darts|p2b: Amoonguss\n|-damage|p2b: Amoonguss|57\/100\n|-anim|p1b: Dragapult|Dragon Darts|p2b: Amoonguss\n|-damage|p2b: Amoonguss|21\/100\n|-enditem|p2b: Amoonguss|Sitrus Berry|[eat]\n|-heal|p2b: Amoonguss|46\/100|[from] item: Sitrus Berry\n|cant|p1a: Lumineon|slp\n|move|p2b: Amoonguss|Spore|p1b: Dragapult\n|-status|p1b: Dragapult|slp|[from] move: Spore\n|\n|upkeep\n|turn|7\n|\n|t:|1684052587\n|switch|p2b: Annihilape|Annihilape, L50, M|100\/100\n|cant|p1b: Dragapult|slp\n|cant|p1a: Lumineon|slp\n|move|p2a: Medicham|Skill Swap|p2b: Annihilape\n|-activate|p2a: Medicham|move: Skill Swap|||[of] p2b: Annihilape\n|\n|upkeep\n|turn|8\n|\n|t:|1684052604\n|cant|p1b: Dragapult|slp\n|-curestatus|p1a: Lumineon|slp|[msg]\n|move|p1a: Lumineon|Hydro Pump|p2a: Medicham|[miss]\n|-miss|p1a: Lumineon|p2a: Medicham\n|move|p2a: Medicham|Close Combat|p1a: Lumineon\n|-damage|p1a: Lumineon|49\/100\n|-unboost|p2a: Medicham|def|1\n|-unboost|p2a: Medicham|spd|1\n|move|p2b: Annihilape|Rage Fist|p1b: Dragapult\n|-supereffective|p1b: Dragapult\n|-damage|p1b: Dragapult|0 fnt\n|faint|p1b: Dragapult\n|\n|upkeep\n|turn|9\n|-message|lanakillah98 forfeited.\n|\n|win|XD VIRGO\n|raw|lanakillah98's rating: 1134 → 1115<\/strong> (-19 for losing)\n|raw|XD VIRGO's rating: 1216 → 1235<\/strong> (+19 for winning)\n|l|\u2606lanakillah98\n","uploadtime":1684052634,"views":8,"p1id":"lanakillah98","p2id":"xdvirgo","formatid":"gen9vgc2023regulationc","rating":1115,"private":0,"password":""}