{"id":"gen9vgc2023regulationc-1851183189","p1":"NemesisRiderTest","p2":"Caspereq","format":"[Gen 9] VGC 2023 Regulation C","log":"|j|\u2606NemesisRiderTest\n|j|\u2606Caspereq\n|t:|1682422134\n|gametype|doubles\n|player|p1|NemesisRiderTest|101|1260\n|player|p2|Caspereq|biker|1278\n|teamsize|p1|6\n|teamsize|p2|6\n|gen|9\n|tier|[Gen 9] VGC 2023 Regulation C\n|rated|\n|rule|Species Clause: Limit one of each Pok\u00e9mon\n|rule|Item Clause: Limit one of each item\n|clearpoke\n|poke|p1|Drifblim, L50, M|\n|poke|p1|Chien-Pao, L50|\n|poke|p1|Indeedee-F, L50, F|\n|poke|p1|Flutter Mane, L50|\n|poke|p1|Armarouge, L50, F|\n|poke|p1|Tsareena, L50, F|\n|poke|p2|Ceruledge, L50, F|\n|poke|p2|Dragonite, L50, F|\n|poke|p2|Tyranitar, L50, F|\n|poke|p2|Flutter Mane, L50|\n|poke|p2|Talonflame, L50, M|\n|poke|p2|Gastrodon, L50, M|\n|teampreview|4\n|inactive|Battle timer is ON: inactive players will automatically lose when time's up. (requested by Caspereq)\nNemesisRiderTest has agreed to open team sheets.\nCaspereq has agreed to open team sheets.\n|\n|t:|1682422161\n|start\n|switch|p1a: Indeedee|Indeedee-F, L50, F|100\/100\n|switch|p1b: Drifblim|Drifblim, L50, M|100\/100\n|switch|p2a: Dragonite|Dragonite, L50, F|100\/100\n|switch|p2b: Talonflame|Talonflame, L50, M|100\/100\n|-fieldstart|move: Psychic Terrain|[from] ability: Psychic Surge|[of] p1a: Indeedee\n|-enditem|p1b: Drifblim|Psychic Seed\n|-boost|p1b: Drifblim|spd|1|[from] item: Psychic Seed\n|turn|1\n|inactive|Caspereq has 30 seconds left.\n|\n|t:|1682422187\n|move|p2b: Talonflame|Brave Bird|p1b: Drifblim\n|-damage|p1b: Drifblim|42\/100\n|-damage|p2b: Talonflame|68\/100|[from] Recoil\n|move|p1b: Drifblim|Minimize|p1b: Drifblim\n|-boost|p1b: Drifblim|evasion|2\n|move|p2a: Dragonite|Ice Spinner|p1a: Indeedee\n|-damage|p1a: Indeedee|65\/100\n|-fieldend|move: Psychic Terrain\n|move|p1a: Indeedee|Psychic|p2a: Dragonite\n|-damage|p2a: Dragonite|84\/100\n|\n|upkeep\n|turn|2\n|inactive|Caspereq has 30 seconds left.\n|\n|t:|1682422212\n|-terastallize|p2a: Dragonite|Flying\n|move|p1a: Indeedee|Follow Me|p1a: Indeedee\n|-singleturn|p1a: Indeedee|move: Follow Me\n|move|p1b: Drifblim|Will-O-Wisp|p2a: Dragonite\n|-status|p2a: Dragonite|brn\n|-enditem|p2a: Dragonite|Lum Berry|[eat]\n|-curestatus|p2a: Dragonite|brn|[msg]\n|move|p2b: Talonflame|Tailwind|p2b: Talonflame\n|-sidestart|p2: Caspereq|move: Tailwind\n|move|p2a: Dragonite|Tera Blast|p1a: Indeedee\n|-damage|p1a: Indeedee|0 fnt\n|faint|p1a: Indeedee\n|\n|upkeep\n|\n|t:|1682422224\n|switch|p1a: Tsareena|Tsareena, L50, F|100\/100\n|turn|3\n|\n|t:|1682422236\n|move|p1a: Tsareena|Protect|p1a: Tsareena\n|-singleturn|p1a: Tsareena|Protect\n|move|p2b: Talonflame|Brave Bird|p1b: Drifblim|[miss]\n|-miss|p2b: Talonflame|p1b: Drifblim\n|move|p1b: Drifblim|Strength Sap|p2a: Dragonite\n|-unboost|p2a: Dragonite|atk|1\n|-heal|p1b: Drifblim|100\/100\n|move|p2a: Dragonite|Tera Blast|p1a: Tsareena\n|-activate|p1a: Tsareena|move: Protect\n|\n|upkeep\n|turn|4\n|\n|t:|1682422258\n|-terastallize|p1a: Tsareena|Fire\n|move|p2b: Talonflame|Brave Bird|p1b: Drifblim|[miss]\n|-miss|p2b: Talonflame|p1b: Drifblim\n|move|p1b: Drifblim|Will-O-Wisp|p2a: Dragonite|[miss]\n|-miss|p1b: Drifblim|p2a: Dragonite\n|move|p2a: Dragonite|Tera Blast|p1a: Tsareena\n|-damage|p1a: Tsareena|56\/100\n|move|p1a: Tsareena|Taunt|p2b: Talonflame\n|-start|p2b: Talonflame|move: Taunt\n|\n|upkeep\n|turn|5\n|\n|t:|1682422281\n|move|p1a: Tsareena|Protect|p1a: Tsareena\n|-singleturn|p1a: Tsareena|Protect\n|move|p2b: Talonflame|Brave Bird|p1a: Tsareena\n|-activate|p1a: Tsareena|move: Protect\n|move|p1b: Drifblim|Minimize|p1b: Drifblim\n|-boost|p1b: Drifblim|evasion|2\n|move|p2a: Dragonite|Dragon Dance|p2a: Dragonite\n|-boost|p2a: Dragonite|atk|1\n|-boost|p2a: Dragonite|spe|1\n|\n|-sideend|p2: Caspereq|move: Tailwind\n|upkeep\n|turn|6\n|\n|t:|1682422301\n|move|p1b: Drifblim|Will-O-Wisp|p2a: Dragonite\n|-status|p2a: Dragonite|brn\n|move|p2b: Talonflame|Brave Bird|p1a: Tsareena\n|-damage|p1a: Tsareena|4\/100\n|-damage|p2b: Talonflame|52\/100|[from] Recoil\n|move|p2a: Dragonite|Dragon Dance|p2a: Dragonite\n|-boost|p2a: Dragonite|atk|1\n|-boost|p2a: Dragonite|spe|1\n|move|p1a: Tsareena|Taunt|p2a: Dragonite\n|-start|p2a: Dragonite|move: Taunt\n|\n|-damage|p2a: Dragonite|78\/100 brn|[from] brn\n|upkeep\n|turn|7\n|\n|t:|1682422320\n|move|p1a: Tsareena|Protect|p1a: Tsareena\n|-singleturn|p1a: Tsareena|Protect\n|move|p1b: Drifblim|Minimize|p1b: Drifblim\n|-boost|p1b: Drifblim|evasion|2\n|move|p2a: Dragonite|Ice Spinner|p1b: Drifblim|[miss]\n|-miss|p2a: Dragonite|p1b: Drifblim\n|move|p2b: Talonflame|Brave Bird|p1a: Tsareena\n|-activate|p1a: Tsareena|move: Protect\n|\n|-damage|p2a: Dragonite|72\/100 brn|[from] brn\n|-end|p2b: Talonflame|move: Taunt\n|upkeep\n|turn|8\n|\n|t:|1682422335\n|move|p1b: Drifblim|Baton Pass|p1b: Drifblim\n|\n|t:|1682422339\n|switch|p1b: Chien-Pao|Chien-Pao, L50|100\/100|[from] Baton Pass\n|-ability|p1b: Chien-Pao|Sword of Ruin\n|move|p2a: Dragonite|Ice Spinner|p1b: Chien-Pao\n|-resisted|p1b: Chien-Pao\n|-damage|p1b: Chien-Pao|88\/100\n|move|p2b: Talonflame|Brave Bird|p1a: Tsareena\n|-damage|p1a: Tsareena|0 fnt\n|faint|p1a: Tsareena\n|-damage|p2b: Talonflame|50\/100|[from] Recoil\n|\n|-damage|p2a: Dragonite|66\/100 brn|[from] brn\n|upkeep\n|\n|t:|1682422342\n|switch|p1a: Drifblim|Drifblim, L50, M|100\/100\n|turn|9\n|\n|t:|1682422362\n|move|p2a: Dragonite|Ice Spinner|p1a: Drifblim\n|-supereffective|p1a: Drifblim\n|-damage|p1a: Drifblim|22\/100\n|move|p1b: Chien-Pao|Taunt|p2b: Talonflame\n|-start|p2b: Talonflame|move: Taunt\n|cant|p2b: Talonflame|move: Taunt|Will-O-Wisp\n|move|p1a: Drifblim|Minimize|p1a: Drifblim\n|-boost|p1a: Drifblim|evasion|2\n|\n|-damage|p2a: Dragonite|60\/100 brn|[from] brn\n|-end|p2a: Dragonite|move: Taunt\n|upkeep\n|turn|10\n|\n|t:|1682422377\n|move|p2a: Dragonite|Ice Spinner|p1a: Drifblim|[miss]\n|-miss|p2a: Dragonite|p1a: Drifblim\n|move|p1b: Chien-Pao|Sheer Cold|p2a: Dragonite|[miss]\n|-miss|p1b: Chien-Pao|p2a: Dragonite\n|move|p2b: Talonflame|Brave Bird|p1b: Chien-Pao\n|-damage|p1b: Chien-Pao|30\/100\n|-damage|p2b: Talonflame|27\/100|[from] Recoil\n|move|p1a: Drifblim|Strength Sap|p2a: Dragonite\n|-unboost|p2a: Dragonite|atk|1\n|-heal|p1a: Drifblim|100\/100\n|\n|-damage|p2a: Dragonite|54\/100 brn|[from] brn\n|upkeep\n|turn|11\n|\n|t:|1682422396\n|move|p2a: Dragonite|Ice Spinner|p1a: Drifblim\n|-supereffective|p1a: Drifblim\n|-damage|p1a: Drifblim|46\/100\n|move|p1b: Chien-Pao|Recover|p1b: Chien-Pao\n|-heal|p1b: Chien-Pao|80\/100\n|move|p2b: Talonflame|Brave Bird|p1b: Chien-Pao|[miss]\n|-miss|p2b: Talonflame|p1b: Chien-Pao\n|move|p1a: Drifblim|Minimize|p1a: Drifblim\n|-boost|p1a: Drifblim|evasion|2\n|\n|-damage|p2a: Dragonite|48\/100 brn|[from] brn\n|-end|p2b: Talonflame|move: Taunt\n|upkeep\n|turn|12\n|\n|t:|1682422413\n|move|p2a: Dragonite|Ice Spinner|p1a: Drifblim|[miss]\n|-miss|p2a: Dragonite|p1a: Drifblim\n|move|p1b: Chien-Pao|Taunt|p2b: Talonflame\n|-start|p2b: Talonflame|move: Taunt\n|move|p2b: Talonflame|Brave Bird|p1a: Drifblim|[miss]\n|-miss|p2b: Talonflame|p1a: Drifblim\n|move|p1a: Drifblim|Strength Sap|p2a: Dragonite\n|-unboost|p2a: Dragonite|atk|1\n|-heal|p1a: Drifblim|100\/100\n|\n|-damage|p2a: Dragonite|42\/100 brn|[from] brn\n|upkeep\n|turn|13\n|\n|t:|1682422430\n|move|p2a: Dragonite|Ice Spinner|p1a: Drifblim\n|-supereffective|p1a: Drifblim\n|-damage|p1a: Drifblim|68\/100\n|move|p1b: Chien-Pao|Sheer Cold|p2b: Talonflame\n|-damage|p2b: Talonflame|0 fnt\n|faint|p2b: Talonflame\n|-ohko\n|move|p1a: Drifblim|Minimize|p1a: Drifblim\n|-boost|p1a: Drifblim|evasion|2\n|\n|-damage|p2a: Dragonite|35\/100 brn|[from] brn\n|upkeep\n|\n|t:|1682422444\n|switch|p2b: Gastrodon|Gastrodon, L50, M|100\/100\n|turn|14\n|\n|t:|1682422453\n|move|p2a: Dragonite|Ice Spinner|p1a: Drifblim|[miss]\n|-miss|p2a: Dragonite|p1a: Drifblim\n|move|p1b: Chien-Pao|Taunt|p2b: Gastrodon\n|-start|p2b: Gastrodon|move: Taunt\n|move|p1a: Drifblim|Will-O-Wisp|p2b: Gastrodon\n|-status|p2b: Gastrodon|brn\n|cant|p2b: Gastrodon|move: Taunt|Yawn\n|\n|-damage|p2a: Dragonite|29\/100 brn|[from] brn\n|-damage|p2b: Gastrodon|95\/100 brn|[from] brn\n|upkeep\n|turn|15\n|\n|t:|1682422466\n|move|p2a: Dragonite|Ice Spinner|p1a: Drifblim|[miss]\n|-miss|p2a: Dragonite|p1a: Drifblim\n|move|p1b: Chien-Pao|Sheer Cold|p2b: Gastrodon\n|-damage|p2b: Gastrodon|0 fnt\n|faint|p2b: Gastrodon\n|-ohko\n|move|p1a: Drifblim|Strength Sap|p2a: Dragonite\n|-unboost|p2a: Dragonite|atk|1\n|-heal|p1a: Drifblim|100\/100\n|\n|-damage|p2a: Dragonite|23\/100 brn|[from] brn\n|upkeep\n|\n|t:|1682422477\n|switch|p2b: Flutter Mane|Flutter Mane, L50|100\/100\n|turn|16\n|\n|t:|1682422482\n|move|p2a: Dragonite|Ice Spinner|p1a: Drifblim|[miss]\n|-miss|p2a: Dragonite|p1a: Drifblim\n|move|p2b: Flutter Mane|Dazzling Gleam|p1b: Chien-Pao|[spread] p1b\n|-miss|p2b: Flutter Mane|p1a: Drifblim\n|-supereffective|p1b: Chien-Pao\n|-damage|p1b: Chien-Pao|0 fnt\n|faint|p1b: Chien-Pao\n|move|p1a: Drifblim|Will-O-Wisp|p2b: Flutter Mane\n|-status|p2b: Flutter Mane|brn\n|\n|-damage|p2a: Dragonite|17\/100 brn|[from] brn\n|-damage|p2b: Flutter Mane|94\/100 brn|[from] brn\n|upkeep\n|turn|17\n|\n|t:|1682422497\n|move|p2a: Dragonite|Ice Spinner|p1a: Drifblim\n|-supereffective|p1a: Drifblim\n|-crit|p1a: Drifblim\n|-damage|p1a: Drifblim|42\/100\n|move|p2b: Flutter Mane|Dazzling Gleam|p1a: Drifblim|[miss]\n|-miss|p2b: Flutter Mane|p1a: Drifblim\n|move|p1a: Drifblim|Baton Pass||[still]\n|-fail|p1a: Drifblim\n|\n|-damage|p2a: Dragonite|11\/100 brn|[from] brn\n|-damage|p2b: Flutter Mane|88\/100 brn|[from] brn\n|upkeep\n|turn|18\n|c|\u2606Caspereq|pretty salty tactics not gonna lie\n|c|\u2606Caspereq|xDDD\n|\n|t:|1682422508\n|move|p2a: Dragonite|Ice Spinner|p1a: Drifblim|[miss]\n|-miss|p2a: Dragonite|p1a: Drifblim\n|move|p2b: Flutter Mane|Dazzling Gleam|p1a: Drifblim|[miss]\n|-miss|p2b: Flutter Mane|p1a: Drifblim\n|move|p1a: Drifblim|Strength Sap|p2a: Dragonite\n|-unboost|p2a: Dragonite|atk|1\n|-heal|p1a: Drifblim|82\/100\n|\n|-damage|p2a: Dragonite|5\/100 brn|[from] brn\n|-damage|p2b: Flutter Mane|82\/100 brn|[from] brn\n|upkeep\n|turn|19\n|\n|t:|1682422520\n|move|p2a: Dragonite|Ice Spinner|p1a: Drifblim|[miss]\n|-miss|p2a: Dragonite|p1a: Drifblim\n|move|p2b: Flutter Mane|Dazzling Gleam|p1a: Drifblim|[miss]\n|-miss|p2b: Flutter Mane|p1a: Drifblim\n|move|p1a: Drifblim|Strength Sap|p2b: Flutter Mane\n|-unboost|p2b: Flutter Mane|atk|1\n|-heal|p1a: Drifblim|100\/100\n|\n|-damage|p2a: Dragonite|0 fnt|[from] brn\n|faint|p2a: Dragonite\n|-damage|p2b: Flutter Mane|76\/100 brn|[from] brn\n|upkeep\n|turn|20\n|\n|t:|1682422532\n|move|p2b: Flutter Mane|Dazzling Gleam|p1a: Drifblim|[miss]\n|-miss|p2b: Flutter Mane|p1a: Drifblim\n|move|p1a: Drifblim|Baton Pass||[still]\n|-fail|p1a: Drifblim\n|\n|-damage|p2b: Flutter Mane|70\/100 brn|[from] brn\n|upkeep\n|turn|21\n|\n|t:|1682422538\n|move|p2b: Flutter Mane|Dazzling Gleam|p1a: Drifblim|[miss]\n|-miss|p2b: Flutter Mane|p1a: Drifblim\n|move|p1a: Drifblim|Strength Sap|p2b: Flutter Mane\n|-unboost|p2b: Flutter Mane|atk|1\n|\n|-damage|p2b: Flutter Mane|64\/100 brn|[from] brn\n|upkeep\n|turn|22\n|\n|t:|1682422546\n|move|p2b: Flutter Mane|Dazzling Gleam|p1a: Drifblim|[miss]\n|-miss|p2b: Flutter Mane|p1a: Drifblim\n|move|p1a: Drifblim|Baton Pass||[still]\n|-fail|p1a: Drifblim\n|\n|-damage|p2b: Flutter Mane|58\/100 brn|[from] brn\n|upkeep\n|turn|23\n|\n|t:|1682422552\n|move|p2b: Flutter Mane|Dazzling Gleam|p1a: Drifblim|[miss]\n|-miss|p2b: Flutter Mane|p1a: Drifblim\n|move|p1a: Drifblim|Baton Pass||[still]\n|-fail|p1a: Drifblim\n|\n|-damage|p2b: Flutter Mane|52\/100 brn|[from] brn\n|upkeep\n|turn|24\n|\n|t:|1682422558\n|move|p2b: Flutter Mane|Dazzling Gleam|p1a: Drifblim|[miss]\n|-miss|p2b: Flutter Mane|p1a: Drifblim\n|move|p1a: Drifblim|Baton Pass||[still]\n|-fail|p1a: Drifblim\n|\n|-damage|p2b: Flutter Mane|46\/100 brn|[from] brn\n|upkeep\n|turn|25\n|\n|t:|1682422571\n|move|p2b: Flutter Mane|Dazzling Gleam|p1a: Drifblim|[miss]\n|-miss|p2b: Flutter Mane|p1a: Drifblim\n|move|p1a: Drifblim|Baton Pass||[still]\n|-fail|p1a: Drifblim\n|\n|-damage|p2b: Flutter Mane|39\/100 brn|[from] brn\n|upkeep\n|turn|26\n|\n|t:|1682422578\n|move|p2b: Flutter Mane|Dazzling Gleam|p1a: Drifblim|[miss]\n|-miss|p2b: Flutter Mane|p1a: Drifblim\n|move|p1a: Drifblim|Baton Pass||[still]\n|-fail|p1a: Drifblim\n|\n|-damage|p2b: Flutter Mane|33\/100 brn|[from] brn\n|upkeep\n|turn|27\n|\n|t:|1682422584\n|move|p2b: Flutter Mane|Dazzling Gleam|p1a: Drifblim|[miss]\n|-miss|p2b: Flutter Mane|p1a: Drifblim\n|move|p1a: Drifblim|Baton Pass||[still]\n|-fail|p1a: Drifblim\n|\n|-damage|p2b: Flutter Mane|27\/100 brn|[from] brn\n|upkeep\n|turn|28\n|\n|t:|1682422590\n|move|p2b: Flutter Mane|Dazzling Gleam|p1a: Drifblim|[miss]\n|-miss|p2b: Flutter Mane|p1a: Drifblim\n|move|p1a: Drifblim|Baton Pass||[still]\n|-fail|p1a: Drifblim\n|\n|-damage|p2b: Flutter Mane|21\/100 brn|[from] brn\n|upkeep\n|turn|29\n|\n|t:|1682422597\n|move|p2b: Flutter Mane|Dazzling Gleam|p1a: Drifblim|[miss]\n|-miss|p2b: Flutter Mane|p1a: Drifblim\n|move|p1a: Drifblim|Strength Sap|p2b: Flutter Mane\n|-unboost|p2b: Flutter Mane|atk|1\n|\n|-damage|p2b: Flutter Mane|15\/100 brn|[from] brn\n|upkeep\n|turn|30\n|c|\u2606Caspereq|... xD\n|\n|t:|1682422604\n|move|p2b: Flutter Mane|Dazzling Gleam|p1a: Drifblim\n|-damage|p1a: Drifblim|30\/100\n|move|p1a: Drifblim|Baton Pass||[still]\n|-fail|p1a: Drifblim\n|\n|-damage|p2b: Flutter Mane|9\/100 brn|[from] brn\n|upkeep\n|turn|31\n|\n|t:|1682422610\n|move|p2b: Flutter Mane|Dazzling Gleam|p1a: Drifblim\n|-damage|p1a: Drifblim|0 fnt\n|faint|p1a: Drifblim\n|\n|win|Caspereq\n|raw|NemesisRiderTest's rating: 1260 → 1236<\/strong> (-24 for losing)\n|raw|Caspereq's rating: 1278 → 1302<\/strong> (+24 for winning)\n|c|\u2606Caspereq|yo\n|l|\u2606Caspereq\n","uploadtime":1682422633,"views":6,"p1id":"nemesisridertest","p2id":"caspereq","formatid":"gen9vgc2023regulationc","rating":1236,"private":0,"password":""}