{"id":"gen9vgc2023regulationc-1857239564","p1":"CoDameron","p2":"fluffietanuki","format":"[Gen 9] VGC 2023 Regulation C","log":"|j|\u2606CoDameron\n|j|\u2606fluffietanuki\n|t:|1683162082\n|gametype|doubles\n|player|p1|CoDameron|169|1053\n|player|p2|fluffietanuki|marnie-masters3|1050\n|teamsize|p1|6\n|teamsize|p2|6\n|gen|9\n|tier|[Gen 9] VGC 2023 Regulation C\n|rated|\n|rule|Species Clause: Limit one of each Pok\u00e9mon\n|rule|Item Clause: Limit one of each item\n|clearpoke\n|poke|p1|Iron Moth, L50|\n|poke|p1|Gothorita, L50, F|\n|poke|p1|Bellibolt, L50, M|\n|poke|p1|Scizor, L50, F|\n|poke|p1|Greedent, L50, M|\n|poke|p1|Wo-Chien, L50|\n|poke|p2|Dragonite, L50, F|\n|poke|p2|Chien-Pao, L50|\n|poke|p2|Flutter Mane, L50|\n|poke|p2|Chi-Yu, L50|\n|poke|p2|Talonflame, L50, M|\n|poke|p2|Great Tusk, L50|\n|teampreview|4\n|inactive|Battle timer is ON: inactive players will automatically lose when time's up. (requested by fluffietanuki)\nfluffietanuki has agreed to open team sheets.\n|\n|t:|1683162110\n|start\n|switch|p1a: Gothorita|Gothorita, L50, F|100\/100\n|switch|p1b: Pow Pow|Scizor, L50, F|100\/100\n|switch|p2a: Willow|Dragonite, L50, F, shiny|100\/100\n|switch|p2b: Hunter|Chien-Pao, L50|100\/100\n|-ability|p2b: Hunter|Sword of Ruin\n|turn|1\n|inactive|fluffietanuki has 30 seconds left.\n|\n|t:|1683162141\n|-terastallize|p2a: Willow|Normal\n|move|p2b: Hunter|Protect|p2b: Hunter\n|-singleturn|p2b: Hunter|Protect\n|move|p1a: Gothorita|Fake Out|p2b: Hunter\n|-activate|p2b: Hunter|move: Protect\n|move|p2a: Willow|Extreme Speed|p1a: Gothorita\n|-damage|p1a: Gothorita|41\/100\n|move|p1b: Pow Pow|Bullet Punch|p2b: Hunter\n|-activate|p2b: Hunter|move: Protect\n|\n|upkeep\n|turn|2\n|\n|t:|1683162162\n|move|p1a: Gothorita|Helping Hand|p1b: Pow Pow\n|-singleturn|p1b: Pow Pow|Helping Hand|[of] p1a: Gothorita\n|move|p2a: Willow|Extreme Speed|p1a: Gothorita\n|-damage|p1a: Gothorita|0 fnt\n|faint|p1a: Gothorita\n|move|p2b: Hunter|Ice Spinner|p1b: Pow Pow\n|-resisted|p1b: Pow Pow\n|-damage|p1b: Pow Pow|72\/100\n|move|p1b: Pow Pow|Close Combat|p2a: Willow\n|-supereffective|p2a: Willow\n|-damage|p2a: Willow|0 fnt\n|-unboost|p1b: Pow Pow|def|1\n|-unboost|p1b: Pow Pow|spd|1\n|faint|p2a: Willow\n|\n|upkeep\n|\n|t:|1683162178\n|switch|p2a: Luz|Chi-Yu, L50|100\/100\n|switch|p1a: Bellibolt|Bellibolt, L50, M|100\/100\n|-ability|p2a: Luz|Beads of Ruin\n|turn|3\n|\n|t:|1683162193\n|-terastallize|p1a: Bellibolt|Electric\n|move|p1b: Pow Pow|Bullet Punch|p2b: Hunter\n|-supereffective|p2b: Hunter\n|-damage|p2b: Hunter|10\/100\n|move|p2a: Luz|Heat Wave|p1a: Bellibolt|[spread] p1a,p1b\n|-supereffective|p1b: Pow Pow\n|-damage|p1a: Bellibolt|50\/100\n|-damage|p1b: Pow Pow|0 fnt\n|-start|p1a: Bellibolt|Charge|Heat Wave|[from] ability: Electromorphosis\n|faint|p1b: Pow Pow\n|move|p2b: Hunter|Sacred Sword|p1a: Bellibolt\n|-damage|p1a: Bellibolt|12\/100\n|-start|p1a: Bellibolt|Charge|Sacred Sword|[from] ability: Electromorphosis\n|move|p1a: Bellibolt|Parabolic Charge|p2a: Luz|[spread] p2a,p2b\n|-damage|p2a: Luz|0 fnt\n|-heal|p1a: Bellibolt|43\/100|[from] drain|[of] p2a: Luz\n|-damage|p2b: Hunter|0 fnt\n|-heal|p1a: Bellibolt|46\/100|[from] drain|[of] p2b: Hunter\n|faint|p2a: Luz\n|faint|p2b: Hunter\n|-end|p1a: Bellibolt|Charge|[silent]\n|\n|upkeep\n|\n|t:|1683162215\n|switch|p2b: Amity|Flutter Mane, L50|100\/100\n|switch|p1b: Battery Acid|Iron Moth, L50|100\/100\n|-enditem|p2b: Amity|Booster Energy\n|-activate|p2b: Amity|ability: Protosynthesis|[fromitem]\n|-start|p2b: Amity|protosynthesisspe\n|turn|4\n|\n|t:|1683162232\n|move|p2b: Amity|Power Gem|p1b: Battery Acid\n|-supereffective|p1b: Battery Acid\n|-damage|p1b: Battery Acid|46\/100\n|move|p1b: Battery Acid|Fiery Dance|p2b: Amity\n|-damage|p2b: Amity|58\/100\n|move|p1a: Bellibolt|Parabolic Charge|p2b: Amity|[spread] p1b,p2b\n|-damage|p1b: Battery Acid|0 fnt\n|-heal|p1a: Bellibolt|65\/100|[from] drain|[of] p1b: Battery Acid\n|-damage|p2b: Amity|7\/100\n|-heal|p1a: Bellibolt|82\/100|[from] drain|[of] p2b: Amity\n|faint|p1b: Battery Acid\n|-end|p1b: Battery Acid|Quark Drive|[silent]\n|\n|upkeep\n|turn|5\n|\n|t:|1683162246\n|move|p2b: Amity|Shadow Ball|p1a: Bellibolt\n|-damage|p1a: Bellibolt|41\/100\n|-start|p1a: Bellibolt|Charge|Shadow Ball|[from] ability: Electromorphosis\n|move|p1a: Bellibolt|Parabolic Charge|p2b: Amity\n|-damage|p2b: Amity|0 fnt\n|-heal|p1a: Bellibolt|43\/100|[from] drain|[of] p2b: Amity\n|faint|p2b: Amity\n|-end|p2b: Amity|Protosynthesis|[silent]\n|-end|p1a: Bellibolt|Charge|[silent]\n|\n|win|CoDameron\n|raw|CoDameron's rating: 1053 → 1085<\/strong> (+32 for winning)\n|raw|fluffietanuki's rating: 1050 → 1033<\/strong> (-17 for losing)\n|l|\u2606fluffietanuki\n","uploadtime":1683162258,"views":12,"p1id":"codameron","p2id":"fluffietanuki","formatid":"gen9vgc2023regulationc","rating":1033,"private":0,"password":""}