{"id":"gen9vgc2023regulationc-1856249436","p1":"ScrubShadedPurple","p2":"Geraldkang12","format":"[Gen 9] VGC 2023 Regulation C","log":"|j|\u2606ScrubShadedPurple\n|j|\u2606Geraldkang12\n|t:|1683044549\n|gametype|doubles\n|player|p1|ScrubShadedPurple|1|1099\n|player|p2|Geraldkang12|101|1041\n|teamsize|p1|6\n|teamsize|p2|6\n|gen|9\n|tier|[Gen 9] VGC 2023 Regulation C\n|rated|\n|rule|Species Clause: Limit one of each Pok\u00e9mon\n|rule|Item Clause: Limit one of each item\n|clearpoke\n|poke|p1|Ceruledge, L50, M|\n|poke|p1|Ting-Lu, L50|\n|poke|p1|Amoonguss, L50, F|\n|poke|p1|Flutter Mane, L50|\n|poke|p1|Gyarados, L50, M|\n|poke|p1|Chien-Pao, L50|\n|poke|p2|Iron Hands, L50|\n|poke|p2|Rabsca, L50, F|\n|poke|p2|Annihilape, L50, F|\n|poke|p2|Volcarona, L50, F|\n|poke|p2|Garganacl, L50, F|\n|poke|p2|Salamence, L50, M|\n|teampreview|4\n|inactive|Battle timer is ON: inactive players will automatically lose when time's up. (requested by ScrubShadedPurple)\n|inactive|ScrubShadedPurple has 60 seconds left.\n|inactive|Geraldkang12 has 60 seconds left.\n|inactive|ScrubShadedPurple has 30 seconds left.\n|\n|t:|1683044618\n|start\n|switch|p1a: Amoonguss|Amoonguss, L50, F|100\/100\n|switch|p1b: Ting-Lu|Ting-Lu, L50|100\/100\n|switch|p2a: Annihilape|Annihilape, L50, F|100\/100\n|switch|p2b: Volcarona|Volcarona, L50, F|100\/100\n|-ability|p1b: Ting-Lu|Vessel of Ruin\n|turn|1\n|inactive|ScrubShadedPurple has 30 seconds left.\n|inactive|Geraldkang12 has 30 seconds left.\n|\n|t:|1683044651\n|-terastallize|p2a: Annihilape|Grass\n|-terastallize|p1b: Ting-Lu|Poison\n|move|p1a: Amoonguss|Protect|p1a: Amoonguss\n|-singleturn|p1a: Amoonguss|Protect\n|move|p2b: Volcarona|Struggle Bug|p1b: Ting-Lu|[spread] p1b\n|-activate|p1a: Amoonguss|move: Protect\n|-resisted|p1b: Ting-Lu\n|-damage|p1b: Ting-Lu|98\/100\n|-unboost|p1b: Ting-Lu|spa|1\n|move|p2a: Annihilape|Final Gambit|p1b: Ting-Lu\n|-damage|p1b: Ting-Lu|18\/100\n|faint|p2a: Annihilape\n|move|p1b: Ting-Lu|Earthquake|p2b: Volcarona|[spread] p2b\n|-activate|p1a: Amoonguss|move: Protect\n|-crit|p2b: Volcarona\n|-damage|p2b: Volcarona|14\/100\n|\n|upkeep\n|\n|t:|1683044671\n|switch|p2a: Rabsca|Rabsca, L50, F|100\/100\n|turn|2\n|\n|t:|1683044687\n|switch|p1b: Ceruledge|Ceruledge, L50, M|100\/100\n|move|p2b: Volcarona|Heat Wave|p1a: Amoonguss|[spread] p1a\n|-start|p1b: Ceruledge|ability: Flash Fire\n|-supereffective|p1a: Amoonguss\n|-damage|p1a: Amoonguss|41\/100\n|move|p2a: Rabsca|Bug Buzz|p1a: Amoonguss\n|-damage|p1a: Amoonguss|10\/100\n|move|p1a: Amoonguss|Spore|p2a: Rabsca\n|-status|p2a: Rabsca|slp|[from] move: Spore\n|\n|upkeep\n|turn|3\n|inactive|ScrubShadedPurple has 30 seconds left.\n|inactive|Geraldkang12 has 30 seconds left.\n|inactive|Geraldkang12 has 20 seconds left.\n|inactive|Geraldkang12 has 15 seconds left.\n|\n|t:|1683044729\n|switch|p2a: Garganacl|Garganacl, L50, F, shiny|100\/100\n|switch|p1a: Ting-Lu|Ting-Lu, L50, tera:Poison|18\/100\n|-ability|p1a: Ting-Lu|Vessel of Ruin\n|move|p1b: Ceruledge|Shadow Sneak|p2b: Volcarona\n|-damage|p2b: Volcarona|0 fnt\n|faint|p2b: Volcarona\n|\n|upkeep\n|\n|t:|1683044738\n|switch|p2b: Rabsca|Rabsca, L50, F|100\/100 slp\n|turn|4\n|\n|t:|1683044756\n|move|p1b: Ceruledge|Protect|p1b: Ceruledge\n|-singleturn|p1b: Ceruledge|Protect\n|cant|p2b: Rabsca|slp\n|move|p1a: Ting-Lu|Earthquake|p2b: Rabsca|[spread] p2a,p2b\n|-activate|p1b: Ceruledge|move: Protect\n|-supereffective|p2a: Garganacl\n|-crit|p2a: Garganacl\n|-resisted|p2b: Rabsca\n|-damage|p2a: Garganacl|25\/100\n|-damage|p2b: Rabsca|84\/100 slp\n|move|p2a: Garganacl|Salt Cure|p1a: Ting-Lu\n|-damage|p1a: Ting-Lu|9\/100\n|-start|p1a: Ting-Lu|Salt Cure\n|\n|-heal|p2a: Garganacl|31\/100|[from] item: Leftovers\n|-damage|p1a: Ting-Lu|0 fnt|[from] Salt Cure\n|faint|p1a: Ting-Lu\n|upkeep\n|\n|t:|1683044778\n|switch|p1a: Amoonguss|Amoonguss, L50, F|43\/100\n|turn|5\n|\n|t:|1683044791\n|move|p2a: Garganacl|Protect|p2a: Garganacl\n|-singleturn|p2a: Garganacl|Protect\n|move|p1a: Amoonguss|Rage Powder|p1a: Amoonguss\n|-singleturn|p1a: Amoonguss|move: Rage Powder\n|move|p1b: Ceruledge|Bitter Blade|p2b: Rabsca\n|-supereffective|p2b: Rabsca\n|-damage|p2b: Rabsca|0 fnt\n|faint|p2b: Rabsca\n|\n|-heal|p2a: Garganacl|37\/100|[from] item: Leftovers\n|upkeep\n|turn|6\n|\n|t:|1683044808\n|move|p1a: Amoonguss|Rage Powder|p1a: Amoonguss\n|-singleturn|p1a: Amoonguss|move: Rage Powder\n|move|p1b: Ceruledge|Bitter Blade|p2a: Garganacl\n|-resisted|p2a: Garganacl\n|-damage|p2a: Garganacl|14\/100\n|move|p2a: Garganacl|Salt Cure|p1a: Amoonguss\n|-damage|p1a: Amoonguss|31\/100\n|-start|p1a: Amoonguss|Salt Cure\n|\n|-heal|p2a: Garganacl|19\/100|[from] item: Leftovers\n|-damage|p1a: Amoonguss|19\/100|[from] Salt Cure\n|upkeep\n|turn|7\n|\n|t:|1683044822\n|move|p1a: Amoonguss|Rage Powder|p1a: Amoonguss\n|-singleturn|p1a: Amoonguss|move: Rage Powder\n|move|p1b: Ceruledge|Bitter Blade|p2a: Garganacl\n|-resisted|p2a: Garganacl\n|-damage|p2a: Garganacl|0 fnt\n|faint|p2a: Garganacl\n|\n|win|ScrubShadedPurple\n|raw|ScrubShadedPurple's rating: 1099 → 1120<\/strong> (+21 for winning)\n|raw|Geraldkang12's rating: 1041 → 1028<\/strong> (-13 for losing)\n","uploadtime":1683044831,"views":3,"p1id":"scrubshadedpurple","p2id":"geraldkang12","formatid":"gen9vgc2023regulationc","rating":1028,"private":0,"password":""}