{"id":"gen9vgc2023regulationc-1859427280","p1":"Blaziken Blazers","p2":"WBG Angel","format":"[Gen 9] VGC 2023 Regulation C","log":"|j|\u2606Blaziken Blazers\n|j|\u2606WBG Angel\n|t:|1683465468\n|gametype|doubles\n|player|p1|Blaziken Blazers|hooligans|\n|player|p2|WBG Angel|dahlia|\n|teamsize|p1|6\n|teamsize|p2|6\n|gen|9\n|tier|[Gen 9] VGC 2023 Regulation C\n|rule|Species Clause: Limit one of each Pok\u00e9mon\n|rule|Item Clause: Limit one of each item\n|clearpoke\n|poke|p1|Roaring Moon, L50|\n|poke|p1|Gholdengo, L50|\n|poke|p1|Sylveon, L50, M|\n|poke|p1|Mudsdale, L50, F|\n|poke|p1|Tauros-Paldea-Aqua, L50, M|\n|poke|p1|Vivillon-Monsoon, L50, M|\n|poke|p2|Talonflame, L50, F|\n|poke|p2|Rotom-Wash, L50|\n|poke|p2|Flutter Mane, L50|\n|poke|p2|Krookodile, L50, F|\n|poke|p2|Tinkatuff, L50, F|\n|poke|p2|Breloom, L50, F|\n|teampreview|4\nWBG Angel rejected open team sheets.\n|c|\u2606WBG Angel|G1\n|c|\u2606WBG Angel|Can you do the links please\n|c|\u2606Blaziken Blazers|ok\n|c|\u2606WBG Angel|Gl hg\n|c|\u2606Blaziken Blazers|please accept others as well\n|c|\u2606Blaziken Blazers|Glhf\n|\n|t:|1683465559\n|start\n|switch|p1a: Gadha|Mudsdale, L50, F, shiny|100\/100\n|switch|p1b: QT 22\/7|Sylveon, L50, M, shiny|100\/100\n|switch|p2a: Talonflame|Talonflame, L50, F|100\/100\n|switch|p2b: Krookodile|Krookodile, L50, F|100\/100\n|-ability|p2b: Krookodile|Intimidate|boost\n|-fail|p1a: Gadha|unboost|Attack|[from] ability: Inner Focus|[of] p1a: Gadha\n|-unboost|p1b: QT 22\/7|atk|1\n|turn|1\n|\n|t:|1683465585\n|move|p2b: Krookodile|Protect|p2b: Krookodile\n|-singleturn|p2b: Krookodile|Protect\n|move|p2a: Talonflame|Will-O-Wisp|p1a: Gadha\n|-status|p1a: Gadha|brn\n|move|p1b: QT 22\/7|Hyper Voice|p2b: Krookodile|[spread] p2a\n|-activate|p2b: Krookodile|move: Protect\n|-resisted|p2a: Talonflame\n|-damage|p2a: Talonflame|72\/100\n|-enditem|p1b: QT 22\/7|Throat Spray\n|-boost|p1b: QT 22\/7|spa|1|[from] item: Throat Spray\n|move|p1a: Gadha|Rock Slide|p2a: Talonflame|[spread] p2a\n|-activate|p2b: Krookodile|move: Protect\n|-supereffective|p2a: Talonflame\n|-damage|p2a: Talonflame|24\/100\n|\n|-damage|p1a: Gadha|95\/100 brn|[from] brn\n|upkeep\n|turn|2\n|\n|t:|1683465623\n|move|p2a: Talonflame|Tailwind|p2a: Talonflame\n|-sidestart|p2: WBG Angel|move: Tailwind\n|move|p2b: Krookodile|Earthquake|p1b: QT 22\/7|[spread] p1a,p1b\n|-immune|p2a: Talonflame\n|-damage|p1a: Gadha|64\/100 brn\n|-damage|p1b: QT 22\/7|54\/100\n|move|p1b: QT 22\/7|Hyper Voice|p2a: Talonflame|[spread] p2a,p2b\n|-resisted|p2a: Talonflame\n|-crit|p2a: Talonflame\n|-supereffective|p2b: Krookodile\n|-damage|p2a: Talonflame|0 fnt\n|-damage|p2b: Krookodile|0 fnt\n|faint|p2a: Talonflame\n|faint|p2b: Krookodile\n|move|p1a: Gadha|Body Press|p2: Talonflame|[notarget]\n|-fail|p1a: Gadha\n|\n|-damage|p1a: Gadha|58\/100 brn|[from] brn\n|upkeep\n|\n|t:|1683465641\n|switch|p2a: Rotom|Rotom-Wash, L50|100\/100\n|switch|p2b: Flutter Mane|Flutter Mane, L50|100\/100\n|turn|3\n|\n|t:|1683465661\n|move|p1b: QT 22\/7|Protect|p1b: QT 22\/7\n|-singleturn|p1b: QT 22\/7|Protect\n|move|p2b: Flutter Mane|Dazzling Gleam|p1a: Gadha|[spread] p1a\n|-activate|p1b: QT 22\/7|move: Protect\n|-damage|p1a: Gadha|38\/100 brn\n|move|p2a: Rotom|Thunderbolt|p1b: QT 22\/7\n|-activate|p1b: QT 22\/7|move: Protect\n|move|p1a: Gadha|High Horsepower|p2b: Flutter Mane\n|-damage|p2b: Flutter Mane|49\/100\n|\n|-damage|p1a: Gadha|32\/100 brn|[from] brn\n|upkeep\n|turn|4\n|\n|t:|1683465697\n|move|p2b: Flutter Mane|Shadow Ball|p1a: Gadha\n|-damage|p1a: Gadha|3\/100 brn\n|move|p2a: Rotom|Thunderbolt|p1b: QT 22\/7\n|-damage|p1b: QT 22\/7|17\/100\n|-damage|p2a: Rotom|91\/100|[from] item: Life Orb\n|move|p1b: QT 22\/7|Hyper Voice|p2b: Flutter Mane|[spread] p2a,p2b\n|-damage|p2a: Rotom|2\/100\n|-damage|p2b: Flutter Mane|0 fnt\n|faint|p2b: Flutter Mane\n|-end|p2b: Flutter Mane|Protosynthesis|[silent]\n|move|p1a: Gadha|High Horsepower|p2a: Rotom\n|-immune|p2a: Rotom|[from] ability: Levitate\n|\n|-damage|p1a: Gadha|0 fnt|[from] brn\n|faint|p1a: Gadha\n|upkeep\n|\n|t:|1683465713\n|switch|p1a: Subway Surfer|Gholdengo, L50|100\/100\n|turn|5\n|\n|t:|1683465724\n|move|p1b: QT 22\/7|Protect|p1b: QT 22\/7\n|-singleturn|p1b: QT 22\/7|Protect\n|move|p2a: Rotom|Hydro Pump|p1a: Subway Surfer|[miss]\n|-miss|p2a: Rotom|p1a: Subway Surfer\n|move|p1a: Subway Surfer|Shadow Ball|p2a: Rotom\n|-damage|p2a: Rotom|0 fnt\n|faint|p2a: Rotom\n|-damage|p1a: Subway Surfer|91\/100|[from] item: Life Orb\n|\n|win|Blaziken Blazers\n|c|\u2606Blaziken Blazers|ggs\n|c|\u2606WBG Angel|Gr\n|l|\u2606WBG Angel\n","uploadtime":1683466110,"views":6,"p1id":"blazikenblazers","p2id":"wbgangel","formatid":"gen9vgc2023regulationc","rating":0,"private":0,"password":""}