{"id":"gen9vgc2023regulationc-1849065930","p1":"Stalldozo","p2":"Azrocketman","format":"[Gen 9] VGC 2023 Regulation C","log":"|j|\u2606Stalldozo\n|j|\u2606Azrocketman\n|t:|1682148582\n|gametype|doubles\n|player|p1|Stalldozo|170|1125\n|player|p2|Azrocketman|101|1067\n|teamsize|p1|6\n|teamsize|p2|6\n|gen|9\n|tier|[Gen 9] VGC 2023 Regulation C\n|rated|\n|rule|Species Clause: Limit one of each Pok\u00e9mon\n|rule|Item Clause: Limit one of each item\n|clearpoke\n|poke|p1|Scream Tail, L50|\n|poke|p1|Tatsugiri-Stretchy, L50, M|\n|poke|p1|Dondozo, L50, M|\n|poke|p1|Gothitelle, L50, F|\n|poke|p1|Flamigo, L50, F|\n|poke|p1|Brute Bonnet, L50|\n|poke|p2|Armarouge, L50, M|\n|poke|p2|Ampharos, L50, F|\n|poke|p2|Stonjourner, L50, M|\n|poke|p2|Torkoal, L50, F|\n|poke|p2|Meowscarada, L50, M|\n|poke|p2|Hypno, L50, M|\n|teampreview|4\nStalldozo has agreed to open team sheets.\nAzrocketman has agreed to open team sheets.\n|\n|t:|1682148633\n|start\n|switch|p1a: Scream Tail|Scream Tail, L50|100\/100\n|switch|p1b: Flamigo|Flamigo, L50, F|100\/100\n|switch|p2a: Armarouge|Armarouge, L50, M|100\/100\n|switch|p2b: Ampharos|Ampharos, L50, F|100\/100\n|-copyboost|p1b: Flamigo|p1a: Scream Tail|[from] ability: Costar\n|-enditem|p1a: Scream Tail|Booster Energy\n|-activate|p1a: Scream Tail|ability: Protosynthesis|[fromitem]\n|-start|p1a: Scream Tail|protosynthesisspe\n|turn|1\n|inactive|Battle timer is ON: inactive players will automatically lose when time's up. (requested by Stalldozo)\n|\n|t:|1682148660\n|switch|p1b: Tatsugiri|Tatsugiri-Stretchy, L50, M, shiny|100\/100\n|move|p2a: Armarouge|Protect|p2a: Armarouge\n|-singleturn|p2a: Armarouge|Protect\n|move|p2b: Ampharos|Protect|p2b: Ampharos\n|-singleturn|p2b: Ampharos|Protect\n|move|p1a: Scream Tail|Perish Song|p1a: Scream Tail\n|-start|p1a: Scream Tail|perish3|[silent]\n|-start|p1b: Tatsugiri|perish3|[silent]\n|-start|p2a: Armarouge|perish3|[silent]\n|-start|p2b: Ampharos|perish3|[silent]\n|-fieldactivate|move: Perish Song\n|\n|-start|p1a: Scream Tail|perish3\n|-start|p1b: Tatsugiri|perish3\n|-start|p2a: Armarouge|perish3\n|-start|p2b: Ampharos|perish3\n|upkeep\n|turn|2\n|inactive|Stalldozo has 30 seconds left.\n|inactive|Azrocketman has 30 seconds left.\n|\n|t:|1682148693\n|-end|p1a: Scream Tail|Protosynthesis|[silent]\n|switch|p1a: Dondozo|Dondozo, L50, M|100\/100\n|-activate|p1b: Tatsugiri|ability: Commander|[of] p1a: Dondozo\n|-boost|p1a: Dondozo|atk|2\n|-boost|p1a: Dondozo|spa|2\n|-boost|p1a: Dondozo|spe|2\n|-boost|p1a: Dondozo|def|2\n|-boost|p1a: Dondozo|spd|2\n|move|p2a: Armarouge|Solar Beam||[still]\n|-prepare|p2a: Armarouge|Solar Beam\n|-enditem|p2a: Armarouge|Power Herb\n|-anim|p2a: Armarouge|Solar Beam|p1a: Dondozo\n|-supereffective|p1a: Dondozo\n|-damage|p1a: Dondozo|60\/100\n|move|p2b: Ampharos|Dazzling Gleam|p1b: Tatsugiri|[spread] p1a\n|-miss|p2b: Ampharos|p1b: Tatsugiri\n|-damage|p1a: Dondozo|50\/100\n|\n|-start|p1b: Tatsugiri|perish2\n|-start|p2a: Armarouge|perish2\n|-start|p2b: Ampharos|perish2\n|upkeep\n|turn|3\n|\n|t:|1682148715\n|switch|p2a: Meowscarada|Meowscarada, L50, M|100\/100\n|switch|p2b: Hypno|Hypno, L50, M|100\/100\n|move|p1a: Dondozo|Substitute|p1a: Dondozo\n|-start|p1a: Dondozo|Substitute\n|-damage|p1a: Dondozo|26\/100\n|\n|-start|p1b: Tatsugiri|perish1\n|upkeep\n|turn|4\n|\n|t:|1682148736\n|move|p1a: Dondozo|Protect|p1a: Dondozo\n|-singleturn|p1a: Dondozo|Protect\n|move|p2a: Meowscarada|Flower Trick|p1a: Dondozo\n|-start|p2a: Meowscarada|typechange|Grass|[from] ability: Protean\n|-activate|p1a: Dondozo|move: Protect\n|move|p2b: Hypno|Trick Room|p2b: Hypno\n|-fieldstart|move: Trick Room|[of] p2b: Hypno\n|\n|-start|p1b: Tatsugiri|perish0\n|faint|p1b: Tatsugiri\n|upkeep\n|\n|t:|1682148746\n|switch|p1b: Flamigo|Flamigo, L50, F|100\/100\n|-copyboost|p1b: Flamigo|p1a: Dondozo|[from] ability: Costar\n|turn|5\n|\n|t:|1682148767\n|-terastallize|p1a: Dondozo|Grass\n|move|p2b: Hypno|Draining Kiss|p1b: Flamigo\n|-supereffective|p1b: Flamigo\n|-damage|p1b: Flamigo|85\/100\n|move|p2a: Meowscarada|Fling|p1b: Flamigo\n|-resisted|p1b: Flamigo\n|-damage|p1b: Flamigo|70\/100\n|-enditem|p2a: Meowscarada|Iron Ball|[from] move: Fling\n|move|p1a: Dondozo|Earthquake|p2a: Meowscarada|[spread] p2a,p2b\n|-immune|p1b: Flamigo\n|-resisted|p2a: Meowscarada\n|-damage|p2a: Meowscarada|63\/100\n|-damage|p2b: Hypno|46\/100\n|move|p1b: Flamigo|Brave Bird|p2a: Meowscarada\n|-supereffective|p2a: Meowscarada\n|-damage|p2a: Meowscarada|0 fnt\n|faint|p2a: Meowscarada\n|-damage|p1b: Flamigo|50\/100|[from] Recoil\n|\n|-heal|p2b: Hypno|52\/100|[from] item: Leftovers\n|upkeep\n|\n|t:|1682148786\n|switch|p2a: Ampharos|Ampharos, L50, F|100\/100\n|turn|6\n|\n|t:|1682148805\n|move|p2b: Hypno|Helping Hand|p2a: Ampharos\n|-singleturn|p2a: Ampharos|Helping Hand|[of] p2b: Hypno\n|move|p1b: Flamigo|Protect|p1b: Flamigo\n|-singleturn|p1b: Flamigo|Protect\n|move|p2a: Ampharos|Dazzling Gleam|p1b: Flamigo|[spread] p1a\n|-activate|p1b: Flamigo|move: Protect\n|-activate|p1a: Dondozo|move: Substitute|[damage]\n|move|p1a: Dondozo|Earthquake|p2b: Hypno|[spread] p2a,p2b\n|-activate|p1b: Flamigo|move: Protect\n|-supereffective|p2a: Ampharos\n|-enditem|p2a: Ampharos|Shuca Berry|[eat]\n|-enditem|p2a: Ampharos|Shuca Berry|[weaken]\n|-damage|p2a: Ampharos|56\/100\n|-damage|p2b: Hypno|0 fnt\n|faint|p2b: Hypno\n|\n|upkeep\n|\n|t:|1682148821\n|switch|p2b: Armarouge|Armarouge, L50, M|100\/100\n|turn|7\n|\n|t:|1682148837\n|move|p2b: Armarouge|Protect|p2b: Armarouge\n|-singleturn|p2b: Armarouge|Protect\n|move|p2a: Ampharos|Thunderbolt|p1b: Flamigo\n|-supereffective|p1b: Flamigo\n|-damage|p1b: Flamigo|0 fnt\n|faint|p1b: Flamigo\n|move|p1a: Dondozo|Earthquake|p2a: Ampharos|[spread] p2a\n|-activate|p2b: Armarouge|move: Protect\n|-supereffective|p2a: Ampharos\n|-damage|p2a: Ampharos|0 fnt\n|faint|p2a: Ampharos\n|\n|upkeep\n|\n|t:|1682148843\n|switch|p1b: Scream Tail|Scream Tail, L50|100\/100\n|turn|8\n|\n|t:|1682148854\n|move|p1a: Dondozo|Protect|p1a: Dondozo\n|-singleturn|p1a: Dondozo|Protect\n|move|p2b: Armarouge|Armor Cannon|p1a: Dondozo\n|-activate|p1a: Dondozo|move: Protect\n|move|p1b: Scream Tail|Howl||[still]|[spread] p1a,p1b\n|-fail|p1b: Scream Tail\n|-boost|p1b: Scream Tail|atk|1\n|\n|-fieldend|move: Trick Room\n|upkeep\n|turn|9\n|\n|t:|1682148872\n|move|p1b: Scream Tail|Howl||[still]|[spread] p1a,p1b\n|-fail|p1b: Scream Tail\n|-boost|p1b: Scream Tail|atk|1\n|move|p1a: Dondozo|Wave Crash|p2b: Armarouge\n|-supereffective|p2b: Armarouge\n|-damage|p2b: Armarouge|0 fnt\n|faint|p2b: Armarouge\n|-damage|p1a: Dondozo|0 fnt|[from] Recoil\n|faint|p1a: Dondozo\n|\n|win|Stalldozo\n|raw|Stalldozo's rating: 1125 → 1146<\/strong> (+21 for winning)\n|raw|Azrocketman's rating: 1067 → 1050<\/strong> (-17 for losing)\n","uploadtime":1682148885,"views":6,"p1id":"stalldozo","p2id":"azrocketman","formatid":"gen9vgc2023regulationc","rating":1050,"private":0,"password":""}