{"id":"gen9vgc2023regulationc-1850796979","p1":"Ritchies","p2":"oopsycanyousee","format":"[Gen 9] VGC 2023 Regulation C","log":"|j|\u2606Ritchies\n|j|\u2606oopsycanyousee\n|t:|1682368697\n|gametype|doubles\n|player|p1|Ritchies|red|1122\n|player|p2|oopsycanyousee|beauty-gen5bw2|1144\n|teamsize|p1|6\n|teamsize|p2|6\n|gen|9\n|tier|[Gen 9] VGC 2023 Regulation C\n|rated|\n|rule|Species Clause: Limit one of each Pok\u00e9mon\n|rule|Item Clause: Limit one of each item\n|clearpoke\n|poke|p1|Palafin, L50, M|\n|poke|p1|Scream Tail, L50|\n|poke|p1|Flutter Mane, L50|\n|poke|p1|Amoonguss, L50, F|\n|poke|p1|Arcanine, L50, M|\n|poke|p1|Gothitelle, L50, F|\n|poke|p2|Amoonguss, L50, M|\n|poke|p2|Arcanine, L50, F|\n|poke|p2|Palafin, L50, F|\n|poke|p2|Flutter Mane, L50|\n|poke|p2|Ting-Lu, L50|\n|poke|p2|Orthworm, L50, F|\n|teampreview|4\n|inactive|Battle timer is ON: inactive players will automatically lose when time's up. (requested by Ritchies)\n|inactive|oopsycanyousee has 60 seconds left.\n|\n|t:|1682368760\n|start\n|switch|p1a: Scream Tail|Scream Tail, L50|100\/100\n|switch|p1b: Palafin|Palafin, L50, M|100\/100\n|switch|p2a: Orthworm|Orthworm, L50, F|100\/100\n|switch|p2b: Palafin|Palafin, L50, F|100\/100\n|-enditem|p1a: Scream Tail|Booster Energy\n|-activate|p1a: Scream Tail|ability: Protosynthesis|[fromitem]\n|-start|p1a: Scream Tail|protosynthesisspe\n|turn|1\n|\n|t:|1682368779\n|detailschange|p2b: Palafin|Palafin-Hero, L50, F\n|switch|p2b: Amoonguss|Amoonguss, L50, M|100\/100\n|move|p1a: Scream Tail|Perish Song|p1a: Scream Tail\n|-start|p1a: Scream Tail|perish3|[silent]\n|-start|p1b: Palafin|perish3|[silent]\n|-start|p2a: Orthworm|perish3|[silent]\n|-start|p2b: Amoonguss|perish3|[silent]\n|-fieldactivate|move: Perish Song\n|move|p1b: Palafin|Flip Turn|p2a: Orthworm\n|-damage|p2a: Orthworm|81\/100\n|\n|t:|1682368789\n|detailschange|p1b: Palafin|Palafin-Hero, L50, M\n|switch|p1b: Gothitelle|Gothitelle, L50, F|100\/100|[from] Flip Turn\n|move|p2a: Orthworm|Shed Tail|p2a: Orthworm\n|-start|p2a: Orthworm|Substitute|[from] move: Shed Tail\n|-damage|p2a: Orthworm|31\/100\n|-enditem|p2a: Orthworm|Sitrus Berry|[eat]\n|-heal|p2a: Orthworm|56\/100|[from] item: Sitrus Berry\n|\n|t:|1682368799\n|switch|p2a: Flutter Mane|Flutter Mane, L50|100\/100|[from] Shed Tail\n|\n|-start|p1a: Scream Tail|perish3\n|-start|p2b: Amoonguss|perish3\n|upkeep\n|turn|2\n|\n|t:|1682368815\n|move|p1b: Gothitelle|Fake Out|p2b: Amoonguss\n|-damage|p2b: Amoonguss|96\/100\n|move|p1a: Scream Tail|Disable||[still]\n|-fail|p1a: Scream Tail\n|move|p2a: Flutter Mane|Shadow Ball|p1a: Scream Tail\n|-supereffective|p1a: Scream Tail\n|-damage|p1a: Scream Tail|27\/100\n|cant|p2b: Amoonguss|flinch\n|\n|-start|p1a: Scream Tail|perish2\n|-start|p2b: Amoonguss|perish2\n|upkeep\n|turn|3\n|\n|t:|1682368836\n|move|p1a: Scream Tail|Protect|p1a: Scream Tail\n|-singleturn|p1a: Scream Tail|Protect\n|move|p1b: Gothitelle|Protect|p1b: Gothitelle\n|-singleturn|p1b: Gothitelle|Protect\n|move|p2a: Flutter Mane|Shadow Ball|p1b: Gothitelle\n|-activate|p1b: Gothitelle|move: Protect\n|move|p2b: Amoonguss|Spore|p1a: Scream Tail\n|-activate|p1a: Scream Tail|move: Protect\n|\n|-start|p1a: Scream Tail|perish1\n|-start|p2b: Amoonguss|perish1\n|upkeep\n|turn|4\n|\n|t:|1682368858\n|-end|p1a: Scream Tail|Protosynthesis|[silent]\n|switch|p1a: Arcanine|Arcanine, L50, M|100\/100\n|-ability|p1a: Arcanine|Intimidate|boost\n|-immune|p2a: Flutter Mane\n|-unboost|p2b: Amoonguss|atk|1\n|move|p2a: Flutter Mane|Shadow Ball|p1b: Gothitelle\n|-supereffective|p1b: Gothitelle\n|-damage|p1b: Gothitelle|9\/100\n|-enditem|p1b: Gothitelle|Sitrus Berry|[eat]\n|-heal|p1b: Gothitelle|34\/100|[from] item: Sitrus Berry\n|move|p1b: Gothitelle|Psychic|p2a: Flutter Mane\n|-end|p2a: Flutter Mane|Substitute\n|move|p2b: Amoonguss|Spore|p1a: Arcanine\n|-activate|p1a: Arcanine|item: Safety Goggles|Spore\n|\n|-start|p2b: Amoonguss|perish0\n|upkeep\n|faint|p2b: Amoonguss\n|\n|t:|1682368874\n|switch|p2b: Palafin|Palafin-Hero, L50, F|100\/100\n|-activate|p2b: Palafin|ability: Zero to Hero\n|turn|5\n|\n|t:|1682368885\n|move|p2a: Flutter Mane|Shadow Ball|p1b: Gothitelle\n|-supereffective|p1b: Gothitelle\n|-damage|p1b: Gothitelle|0 fnt\n|faint|p1b: Gothitelle\n|move|p1a: Arcanine|Flare Blitz|p2a: Flutter Mane\n|-damage|p2a: Flutter Mane|6\/100\n|-damage|p1a: Arcanine|73\/100|[from] Recoil\n|move|p2b: Palafin|Wave Crash|p1a: Arcanine\n|-supereffective|p1a: Arcanine\n|-damage|p1a: Arcanine|0 fnt\n|faint|p1a: Arcanine\n|-damage|p2b: Palafin|81\/100|[from] Recoil\n|\n|upkeep\n|\n|t:|1682368890\n|switch|p1a: Scream Tail|Scream Tail, L50|27\/100\n|switch|p1b: Palafin|Palafin-Hero, L50, M|100\/100\n|-activate|p1b: Palafin|ability: Zero to Hero\n|turn|6\n|inactive|oopsycanyousee has 30 seconds left.\n|inactive|oopsycanyousee has 20 seconds left.\n|inactive|oopsycanyousee has 15 seconds left.\n|\n|t:|1682368932\n|-terastallize|p2b: Palafin|Water\n|-terastallize|p1b: Palafin|Water\n|move|p1a: Scream Tail|Protect|p1a: Scream Tail\n|-singleturn|p1a: Scream Tail|Protect\n|move|p2b: Palafin|Jet Punch|p1a: Scream Tail\n|-activate|p1a: Scream Tail|move: Protect\n|move|p1b: Palafin|Jet Punch|p2b: Palafin\n|-resisted|p2b: Palafin\n|-damage|p2b: Palafin|52\/100\n|move|p2a: Flutter Mane|Shadow Ball|p1b: Palafin\n|-damage|p1b: Palafin|40\/100\n|\n|upkeep\n|turn|7\n|\n|t:|1682368954\n|move|p2b: Palafin|Jet Punch|p1a: Scream Tail\n|-damage|p1a: Scream Tail|0 fnt\n|faint|p1a: Scream Tail\n|-end|p1a: Scream Tail|Protosynthesis|[silent]\n|move|p1b: Palafin|Jet Punch|p2a: Flutter Mane\n|-crit|p2a: Flutter Mane\n|-damage|p2a: Flutter Mane|0 fnt\n|faint|p2a: Flutter Mane\n|-end|p2a: Flutter Mane|Protosynthesis|[silent]\n|\n|upkeep\n|\n|t:|1682368959\n|switch|p2a: Orthworm|Orthworm, L50, F|56\/100\n|turn|8\n|-message|Ritchies forfeited.\n|\n|win|oopsycanyousee\n|raw|Ritchies's rating: 1122 → 1099<\/strong> (-23 for losing)\n|raw|oopsycanyousee's rating: 1144 → 1167<\/strong> (+23 for winning)\n|l|\u2606Ritchies\n","uploadtime":1682369046,"views":15,"p1id":"ritchies","p2id":"oopsycanyousee","formatid":"gen9vgc2023regulationc","rating":1099,"private":0,"password":""}