{"id":"gen9vgc2023regulationc-1862853968","p1":"Aox93","p2":"TGH_sr","format":"[Gen 9] VGC 2023 Regulation C","log":"|j|\u2606Aox93\n|j|\u2606TGH_sr\n|t:|1683929577\n|gametype|doubles\n|player|p1|Aox93|170|1320\n|player|p2|TGH_sr|steven|1280\n|teamsize|p1|6\n|teamsize|p2|6\n|gen|9\n|tier|[Gen 9] VGC 2023 Regulation C\n|rated|\n|rule|Species Clause: Limit one of each Pok\u00e9mon\n|rule|Item Clause: Limit one of each item\n|clearpoke\n|poke|p1|Flutter Mane, L50|\n|poke|p1|Tyranitar, L50, M|\n|poke|p1|Lycanroc, L50, M|\n|poke|p1|Garchomp, L50, M|\n|poke|p1|Corviknight, L50, M|\n|poke|p1|Iron Bundle, L50|\n|poke|p2|Talonflame, L50, M|\n|poke|p2|Garchomp, L50, M|\n|poke|p2|Kingambit, L50, M|\n|poke|p2|Amoonguss, L50, F|\n|poke|p2|Iron Bundle, L50|\n|poke|p2|Flutter Mane, L50|\n|teampreview|4\nTGH_sr has agreed to open team sheets.\n|inactive|Battle timer is ON: inactive players will automatically lose when time's up. (requested by TGH_sr)\n|\n|t:|1683929753\n|start\n|switch|p1a: Lycanroc|Lycanroc, L50, M, shiny|100\/100\n|switch|p1b: Tyranitar|Tyranitar, L50, M|100\/100\n|switch|p2a: Talonflame|Talonflame, L50, M|100\/100\n|switch|p2b: Garchomp|Garchomp, L50, M|100\/100\n|-weather|Sandstorm|[from] ability: Sand Stream|[of] p1b: Tyranitar\n|turn|1\n|inactive|TGH_sr has 30 seconds left.\n|inactive|TGH_sr has 20 seconds left.\n|inactive|TGH_sr has 15 seconds left.\n|inactive|TGH_sr has 10 seconds left.\n|\n|t:|1683929800\n|-terastallize|p1b: Tyranitar|Flying\n|move|p2a: Talonflame|Protect|p2a: Talonflame\n|-singleturn|p2a: Talonflame|Protect\n|move|p1a: Lycanroc|Endeavor|p2b: Garchomp\n|-damage|p2b: Garchomp|73\/100\n|-damage|p1a: Lycanroc|89\/100|[from] ability: Rough Skin|[of] p2b: Garchomp\n|move|p2b: Garchomp|Earthquake|p1b: Tyranitar|[spread] p1a\n|-activate|p2a: Talonflame|move: Protect\n|-immune|p1b: Tyranitar\n|-supereffective|p1a: Lycanroc\n|-damage|p1a: Lycanroc|0 fnt\n|faint|p1a: Lycanroc\n|move|p1b: Tyranitar|Rock Slide|p2a: Talonflame|[spread] p2b\n|-activate|p2a: Talonflame|move: Protect\n|-resisted|p2b: Garchomp\n|-damage|p2b: Garchomp|57\/100\n|\n|-weather|Sandstorm|[upkeep]\n|-damage|p2a: Talonflame|95\/100|[from] Sandstorm\n|-damage|p1b: Tyranitar|95\/100|[from] Sandstorm\n|upkeep\n|\n|t:|1683929824\n|switch|p1a: Iron Bundle|Iron Bundle, L50, shiny|100\/100\n|-enditem|p1a: Iron Bundle|Booster Energy\n|-activate|p1a: Iron Bundle|ability: Quark Drive|[fromitem]\n|-start|p1a: Iron Bundle|quarkdrivespe\n|turn|2\n|\n|t:|1683929847\n|switch|p2b: Kingambit|Kingambit, L50, M|100\/100\n|move|p1a: Iron Bundle|Icy Wind|p2b: Kingambit|[spread] p2a,p2b\n|-resisted|p2b: Kingambit\n|-damage|p2a: Talonflame|62\/100\n|-damage|p2b: Kingambit|90\/100\n|-unboost|p2a: Talonflame|spe|1\n|-unboost|p2b: Kingambit|spe|1\n|-ability|p2b: Kingambit|Defiant|boost\n|-boost|p2b: Kingambit|atk|2\n|move|p2a: Talonflame|Brave Bird|p1b: Tyranitar\n|-damage|p1b: Tyranitar|46\/100\n|-damage|p2a: Talonflame|40\/100|[from] Recoil\n|-damage|p2a: Talonflame|30\/100|[from] item: Life Orb\n|move|p1b: Tyranitar|Rock Slide|p2a: Talonflame|[spread] p2a\n|-miss|p1b: Tyranitar|p2b: Kingambit\n|-supereffective|p2a: Talonflame\n|-damage|p2a: Talonflame|0 fnt\n|faint|p2a: Talonflame\n|\n|-weather|Sandstorm|[upkeep]\n|-damage|p1a: Iron Bundle|95\/100|[from] Sandstorm\n|-damage|p1b: Tyranitar|40\/100|[from] Sandstorm\n|upkeep\n|\n|t:|1683929868\n|switch|p2a: Amoonguss|Amoonguss, L50, F|100\/100\n|turn|3\n|inactive|TGH_sr has 30 seconds left.\n|\n|t:|1683929894\n|move|p2a: Amoonguss|Protect|p2a: Amoonguss\n|-singleturn|p2a: Amoonguss|Protect\n|move|p2b: Kingambit|Sucker Punch|p1b: Tyranitar\n|-damage|p1b: Tyranitar|0 fnt\n|faint|p1b: Tyranitar\n|move|p1a: Iron Bundle|Freeze-Dry|p2a: Amoonguss\n|-activate|p2a: Amoonguss|move: Protect\n|\n|-weather|Sandstorm|[upkeep]\n|-damage|p1a: Iron Bundle|89\/100|[from] Sandstorm\n|-damage|p2a: Amoonguss|95\/100|[from] Sandstorm\n|upkeep\n|\n|t:|1683929906\n|switch|p1b: Corviknight|Corviknight, L50, M, shiny|100\/100\n|turn|4\n|inactive|TGH_sr has 30 seconds left.\n|inactive|TGH_sr has 20 seconds left.\n|inactive|TGH_sr has 15 seconds left.\n|inactive|TGH_sr has 10 seconds left.\n|inactive|TGH_sr has 5 seconds left.\n|\n|t:|1683929959\n|-terastallize|p2b: Kingambit|Dark\n|move|p1a: Iron Bundle|Freeze-Dry|p2a: Amoonguss\n|-supereffective|p2a: Amoonguss\n|-damage|p2a: Amoonguss|42\/100\n|-status|p2a: Amoonguss|frz\n|-enditem|p2a: Amoonguss|Sitrus Berry|[eat]\n|-heal|p2a: Amoonguss|67\/100 frz|[from] item: Sitrus Berry\n|move|p1b: Corviknight|Iron Head|p2b: Kingambit\n|-damage|p2b: Kingambit|67\/100\n|move|p2b: Kingambit|Kowtow Cleave|p1b: Corviknight\n|-damage|p1b: Corviknight|0 fnt\n|faint|p1b: Corviknight\n|-curestatus|p2a: Amoonguss|frz|[msg]\n|move|p2a: Amoonguss|Pollen Puff|p2b: Kingambit\n|-heal|p2b: Kingambit|100\/100\n|\n|-weather|Sandstorm|[upkeep]\n|-damage|p1a: Iron Bundle|84\/100|[from] Sandstorm\n|-damage|p2b: Kingambit|95\/100|[from] Sandstorm\n|-damage|p2a: Amoonguss|61\/100|[from] Sandstorm\n|upkeep\n|turn|5\n|inactive|Aox93 has 30 seconds left.\n|inactive|TGH_sr has 30 seconds left.\n|\n|t:|1683929986\n|move|p2b: Kingambit|Sucker Punch|p1a: Iron Bundle\n|-damage|p1a: Iron Bundle|0 fnt\n|faint|p1a: Iron Bundle\n|-end|p1a: Iron Bundle|Quark Drive|[silent]\n|\n|win|TGH_sr\n|raw|Aox93's rating: 1320 → 1298<\/strong> (-22 for losing)\n|raw|TGH_sr's rating: 1280 → 1308<\/strong> (+28 for winning)\n|l|\u2606Aox93\n","uploadtime":1683930122,"views":9,"p1id":"aox93","p2id":"tghsr","formatid":"gen9vgc2023regulationc","rating":1298,"private":0,"password":""}