{"id":"gen9vgc2023regulationc-1849918944","p1":"SmegMista","p2":"Insertable194","format":"[Gen 9] VGC 2023 Regulation C","log":"|j|\u2606SmegMista\n|j|\u2606Insertable194\n|t:|1682268066\n|gametype|doubles\n|player|p1|SmegMista|1|1406\n|player|p2|Insertable194|hilbert-wonderlauncher|1405\n|teamsize|p1|6\n|teamsize|p2|6\n|gen|9\n|tier|[Gen 9] VGC 2023 Regulation C\n|rated|\n|rule|Species Clause: Limit one of each Pok\u00e9mon\n|rule|Item Clause: Limit one of each item\n|clearpoke\n|poke|p1|Arcanine, L50, M|\n|poke|p1|Orthworm, L50, M|\n|poke|p1|Dragonite, L50, F|\n|poke|p1|Chien-Pao, L50|\n|poke|p1|Ting-Lu, L50|\n|poke|p1|Flutter Mane, L50|\n|poke|p2|Ting-Lu, L50|\n|poke|p2|Palafin, L50, F|\n|poke|p2|Amoonguss, L50, F|\n|poke|p2|Arcanine, L50, M|\n|poke|p2|Flutter Mane, L50|\n|poke|p2|Iron Hands, L50|\n|teampreview|4\nInsertable194 has agreed to open team sheets.\n|inactive|Battle timer is ON: inactive players will automatically lose when time's up. (requested by Insertable194)\nSmegMista has agreed to open team sheets.\n|inactive|Insertable194 has 60 seconds left.\n|inactive|Insertable194 has 30 seconds left.\n|inactive|Insertable194 has 20 seconds left.\n|inactive|Insertable194 has 15 seconds left.\n|inactive|Insertable194 has 10 seconds left.\n|inactive|Insertable194 has 5 seconds left.\n|\n|t:|1682268155\n|start\n|switch|p1a: Arcanine|Arcanine, L50, M|100\/100\n|switch|p1b: Orthworm|Orthworm, L50, M|100\/100\n|switch|p2a: Arcanine|Arcanine, L50, M|100\/100\n|switch|p2b: Palafin|Palafin, L50, F, shiny|100\/100\n|-ability|p2a: Arcanine|Intimidate|boost\n|-unboost|p1a: Arcanine|atk|1\n|-unboost|p1b: Orthworm|atk|1\n|-ability|p1a: Arcanine|Intimidate|boost\n|-unboost|p2a: Arcanine|atk|1\n|-unboost|p2b: Palafin|atk|1\n|turn|1\n|inactive|Insertable194 has 30 seconds left.\n|inactive|Insertable194 has 20 seconds left.\n|\n|t:|1682268192\n|switch|p2a: Iron Hands|Iron Hands, L50|100\/100\n|move|p2b: Palafin|Taunt|p1b: Orthworm\n|-start|p1b: Orthworm|move: Taunt\n|move|p1a: Arcanine|Will-O-Wisp|p2b: Palafin\n|-status|p2b: Palafin|brn\n|cant|p1b: Orthworm|move: Taunt|Shed Tail\n|\n|-damage|p2b: Palafin|94\/100 brn|[from] brn\n|upkeep\n|turn|2\n|\n|t:|1682268211\n|detailschange|p2b: Palafin|Palafin-Hero, L50, F, shiny\n|switch|p2b: Arcanine|Arcanine, L50, M|100\/100\n|-ability|p2b: Arcanine|Intimidate|boost\n|-unboost|p1a: Arcanine|atk|1\n|-unboost|p1b: Orthworm|atk|1\n|switch|p1b: Flutter Mane|Flutter Mane, L50|100\/100\n|-enditem|p1b: Flutter Mane|Booster Energy\n|-activate|p1b: Flutter Mane|ability: Protosynthesis|[fromitem]\n|-start|p1b: Flutter Mane|protosynthesisspa\n|-terastallize|p2a: Iron Hands|Fire\n|move|p1a: Arcanine|Will-O-Wisp|p2a: Iron Hands\n|-immune|p2a: Iron Hands\n|move|p2a: Iron Hands|Swords Dance|p2a: Iron Hands\n|-boost|p2a: Iron Hands|atk|2\n|\n|upkeep\n|turn|3\n|inactive|SmegMista has 30 seconds left.\n|\n|t:|1682268238\n|move|p1b: Flutter Mane|Protect|p1b: Flutter Mane\n|-singleturn|p1b: Flutter Mane|Protect\n|move|p2b: Arcanine|Flare Blitz|p1b: Flutter Mane\n|-activate|p1b: Flutter Mane|move: Protect\n|move|p1a: Arcanine|Bulldoze|p2b: Arcanine|[spread] p2a,p2b\n|-activate|p1b: Flutter Mane|move: Protect\n|-supereffective|p2a: Iron Hands\n|-supereffective|p2b: Arcanine\n|-crit|p2b: Arcanine\n|-damage|p2a: Iron Hands|91\/100\n|-damage|p2b: Arcanine|61\/100\n|-unboost|p2a: Iron Hands|spe|1\n|-unboost|p2b: Arcanine|spe|1\n|move|p2a: Iron Hands|Drain Punch|p1a: Arcanine\n|-damage|p1a: Arcanine|13\/100\n|-heal|p2a: Iron Hands|100\/100|[from] drain|[of] p1a: Arcanine\n|\n|upkeep\n|turn|4\n|\n|t:|1682268261\n|move|p2b: Arcanine|Extreme Speed|p1a: Arcanine\n|-damage|p1a: Arcanine|0 fnt\n|faint|p1a: Arcanine\n|move|p1b: Flutter Mane|Shadow Ball|p2b: Arcanine\n|-damage|p2b: Arcanine|8\/100\n|-enditem|p2b: Arcanine|Figy Berry|[eat]\n|-heal|p2b: Arcanine|41\/100|[from] item: Figy Berry\n|move|p2a: Iron Hands|Thunder Punch|p1b: Flutter Mane\n|-crit|p1b: Flutter Mane\n|-damage|p1b: Flutter Mane|0 fnt\n|faint|p1b: Flutter Mane\n|-end|p1b: Flutter Mane|Protosynthesis|[silent]\n|\n|upkeep\n|\n|t:|1682268266\n|switch|p1b: Dragonite|Dragonite, L50, F|100\/100\n|switch|p1a: Orthworm|Orthworm, L50, M|100\/100\n|turn|5\n|inactive|SmegMista has 30 seconds left.\n|inactive|Insertable194 has 30 seconds left.\n|inactive|SmegMista has 20 seconds left.\n|inactive|SmegMista has 15 seconds left.\n|\n|t:|1682268307\n|switch|p2b: Flutter Mane|Flutter Mane, L50|100\/100\n|-terastallize|p1a: Orthworm|Fire\n|move|p1b: Dragonite|Dragon Dance|p1b: Dragonite\n|-boost|p1b: Dragonite|atk|1\n|-boost|p1b: Dragonite|spe|1\n|move|p1a: Orthworm|Iron Defense|p1a: Orthworm\n|-boost|p1a: Orthworm|def|2\n|move|p2a: Iron Hands|Thunder Punch|p1b: Dragonite\n|-damage|p1b: Dragonite|50\/100\n|\n|upkeep\n|turn|6\n|\n|t:|1682268325\n|-end|p2b: Flutter Mane|Protosynthesis|[silent]\n|switch|p2b: Arcanine|Arcanine, L50, M|41\/100\n|-ability|p2b: Arcanine|Intimidate|boost\n|-unboost|p1a: Orthworm|atk|1\n|-unboost|p1b: Dragonite|atk|1\n|move|p1b: Dragonite|Earthquake|p2b: Arcanine|[spread] p2a,p2b\n|-immune|p1a: Orthworm|[from] ability: Earth Eater\n|-supereffective|p2a: Iron Hands\n|-supereffective|p2b: Arcanine\n|-damage|p2a: Iron Hands|63\/100\n|-damage|p2b: Arcanine|0 fnt\n|faint|p2b: Arcanine\n|move|p1a: Orthworm|Heavy Slam|p2a: Iron Hands\n|-resisted|p2a: Iron Hands\n|-damage|p2a: Iron Hands|60\/100\n|move|p2a: Iron Hands|Thunder Punch|p1b: Dragonite\n|-damage|p1b: Dragonite|0 fnt\n|faint|p1b: Dragonite\n|\n|upkeep\n|\n|t:|1682268342\n|switch|p2b: Palafin|Palafin-Hero, L50, F, shiny|94\/100 brn\n|-activate|p2b: Palafin|ability: Zero to Hero\n|turn|7\n|\n|t:|1682268351\n|move|p2b: Palafin|Taunt|p1a: Orthworm\n|-start|p1a: Orthworm|move: Taunt\n|move|p1a: Orthworm|Body Press|p2b: Palafin\n|-damage|p2b: Palafin|37\/100 brn\n|move|p2a: Iron Hands|Swords Dance|p2a: Iron Hands\n|-boost|p2a: Iron Hands|atk|2\n|\n|-damage|p2b: Palafin|30\/100 brn|[from] brn\n|upkeep\n|turn|8\n|\n|t:|1682268362\n|move|p2b: Palafin|Wave Crash|p1a: Orthworm\n|-supereffective|p1a: Orthworm\n|-damage|p1a: Orthworm|73\/100\n|-damage|p2b: Palafin|22\/100 brn|[from] Recoil\n|move|p1a: Orthworm|Body Press|p2b: Palafin\n|-damage|p2b: Palafin|0 fnt\n|faint|p2b: Palafin\n|move|p2a: Iron Hands|Swords Dance|p2a: Iron Hands\n|-boost|p2a: Iron Hands|atk|2\n|\n|upkeep\n|\n|t:|1682268368\n|switch|p2b: Flutter Mane|Flutter Mane, L50|100\/100\n|turn|9\n|\n|t:|1682268375\n|move|p2b: Flutter Mane|Shadow Ball|p1a: Orthworm\n|-damage|p1a: Orthworm|0 fnt\n|faint|p1a: Orthworm\n|\n|win|Insertable194\n|raw|SmegMista's rating: 1406 → 1386<\/strong> (-20 for losing)\n|raw|Insertable194's rating: 1405 → 1425<\/strong> (+20 for winning)\n|l|\u2606SmegMista\n","uploadtime":1682268382,"views":5,"p1id":"smegmista","p2id":"insertable194","formatid":"gen9vgc2023regulationc","rating":1386,"private":0,"password":""}