{"id":"gen9vgc2023regulationc-1856124053","p1":"ShortbreadDread","p2":"aokbab","format":"[Gen 9] VGC 2023 Regulation C","log":"|j|\u2606ShortbreadDread\n|j|\u2606aokbab\n|t:|1683032711\n|gametype|doubles\n|player|p1|ShortbreadDread|dancer|1454\n|player|p2|aokbab|101|1337\n|teamsize|p1|6\n|teamsize|p2|6\n|gen|9\n|tier|[Gen 9] VGC 2023 Regulation C\n|rated|\n|rule|Species Clause: Limit one of each Pok\u00e9mon\n|rule|Item Clause: Limit one of each item\n|clearpoke\n|poke|p1|Chi-Yu, L50|\n|poke|p1|Flutter Mane, L50|\n|poke|p1|Amoonguss, L50, F|\n|poke|p1|Ceruledge, L50, F|\n|poke|p1|Iron Hands, L50|\n|poke|p1|Rotom-Wash, L50|\n|poke|p2|Iron Bundle, L50|\n|poke|p2|Abomasnow, L50, F|\n|poke|p2|Bronzong, L50|\n|poke|p2|Ting-Lu, L50|\n|poke|p2|Flutter Mane, L50|\n|poke|p2|Chi-Yu, L50|\n|teampreview|4\n|inactive|Battle timer is ON: inactive players will automatically lose when time's up. (requested by ShortbreadDread)\n|inactive|aokbab has 60 seconds left.\n|\n|t:|1683032743\n|start\n|switch|p1a: Nanao|Chi-Yu, L50|100\/100\n|switch|p1b: Iron Hands|Iron Hands, L50|100\/100\n|switch|p2a: Iron Bundle|Iron Bundle, L50|100\/100\n|switch|p2b: Abomasnow|Abomasnow, L50, F|100\/100\n|-ability|p1a: Nanao|Beads of Ruin\n|-weather|Snow|[from] ability: Snow Warning|[of] p2b: Abomasnow\n|turn|1\n|inactive|aokbab has 30 seconds left.\n|\n|t:|1683032774\n|-terastallize|p2b: Abomasnow|Water\n|move|p1b: Iron Hands|Fake Out|p2a: Iron Bundle\n|-damage|p2a: Iron Bundle|88\/100\n|move|p1a: Nanao|Heat Wave|p2b: Abomasnow|[spread] p2a,p2b\n|-resisted|p2b: Abomasnow\n|-damage|p2a: Iron Bundle|0 fnt\n|-damage|p2b: Abomasnow|73\/100\n|-status|p2b: Abomasnow|brn\n|faint|p2a: Iron Bundle\n|-end|p2a: Iron Bundle|Quark Drive|[silent]\n|move|p2b: Abomasnow|Tera Blast|p1a: Nanao\n|-supereffective|p1a: Nanao\n|-damage|p1a: Nanao|0 fnt\n|faint|p1a: Nanao\n|-damage|p2b: Abomasnow|63\/100 brn|[from] item: Life Orb\n|\n|-weather|Snow|[upkeep]\n|-damage|p2b: Abomasnow|57\/100 brn|[from] brn\n|upkeep\n|\n|t:|1683032786\n|switch|p2a: Bronzong|Bronzong, L50|100\/100\n|switch|p1a: Rotom|Rotom-Wash, L50|100\/100\n|turn|2\n|\n|t:|1683032800\n|move|p1a: Rotom|Protect|p1a: Rotom\n|-singleturn|p1a: Rotom|Protect\n|move|p1b: Iron Hands|Volt Switch|p2a: Bronzong\n|-damage|p2a: Bronzong|90\/100\n|\n|t:|1683032802\n|-end|p1b: Iron Hands|Quark Drive|[silent]\n|switch|p1b: Maria Beetle|Flutter Mane, L50, shiny|100\/100|[from] Volt Switch\n|move|p2b: Abomasnow|Giga Drain|p1a: Rotom\n|-activate|p1a: Rotom|move: Protect\n|move|p2a: Bronzong|Trick Room|p2a: Bronzong\n|-fieldstart|move: Trick Room|[of] p2a: Bronzong\n|\n|-weather|Snow|[upkeep]\n|-damage|p2b: Abomasnow|51\/100 brn|[from] brn\n|upkeep\n|turn|3\n|\n|t:|1683032827\n|-end|p1b: Maria Beetle|Protosynthesis|[silent]\n|switch|p1b: Iron Hands|Iron Hands, L50|100\/100\n|-terastallize|p1a: Rotom|Electric\n|move|p2a: Bronzong|Hypnosis|p1b: Iron Hands|[miss]\n|-miss|p2a: Bronzong|p1b: Iron Hands\n|move|p2b: Abomasnow|Giga Drain|p1a: Rotom\n|-damage|p1a: Rotom|55\/100\n|-heal|p2b: Abomasnow|70\/100 brn|[from] drain|[of] p1a: Rotom\n|-damage|p2b: Abomasnow|60\/100 brn|[from] item: Life Orb\n|move|p1a: Rotom|Thunderbolt|p2b: Abomasnow\n|-supereffective|p2b: Abomasnow\n|-damage|p2b: Abomasnow|0 fnt\n|faint|p2b: Abomasnow\n|\n|-weather|Snow|[upkeep]\n|upkeep\n|\n|t:|1683032839\n|switch|p2b: Ting-Lu|Ting-Lu, L50|100\/100\n|-ability|p2b: Ting-Lu|Vessel of Ruin\n|turn|4\n|inactive|aokbab has 30 seconds left.\n|\n|t:|1683032866\n|move|p1b: Iron Hands|Fake Out|p2b: Ting-Lu\n|-damage|p2b: Ting-Lu|91\/100\n|move|p2a: Bronzong|Hypnosis|p1a: Rotom|[miss]\n|-miss|p2a: Bronzong|p1a: Rotom\n|cant|p2b: Ting-Lu|flinch\n|move|p1a: Rotom|Hydro Pump|p2b: Ting-Lu\n|-supereffective|p2b: Ting-Lu\n|-damage|p2b: Ting-Lu|44\/100\n|-enditem|p2b: Ting-Lu|Weakness Policy\n|-boost|p2b: Ting-Lu|atk|2|[from] item: Weakness Policy\n|-boost|p2b: Ting-Lu|spa|2|[from] item: Weakness Policy\n|\n|-weather|Snow|[upkeep]\n|upkeep\n|turn|5\n|inactive|ShortbreadDread has 30 seconds left.\n|\n|t:|1683032895\n|move|p2a: Bronzong|Hypnosis|p1a: Rotom|[miss]\n|-miss|p2a: Bronzong|p1a: Rotom\n|move|p2b: Ting-Lu|Earthquake|p1a: Rotom|[spread] p1b\n|-immune|p2a: Bronzong|[from] ability: Levitate\n|-immune|p1a: Rotom|[from] ability: Levitate\n|-supereffective|p1b: Iron Hands\n|-damage|p1b: Iron Hands|0 fnt\n|faint|p1b: Iron Hands\n|-end|p1b: Iron Hands|Quark Drive|[silent]\n|move|p1a: Rotom|Hydro Pump|p2b: Ting-Lu\n|-supereffective|p2b: Ting-Lu\n|-damage|p2b: Ting-Lu|3\/100\n|\n|-weather|none\n|upkeep\n|\n|t:|1683032898\n|switch|p1b: Maria Beetle|Flutter Mane, L50, shiny|100\/100\n|turn|6\n|inactive|aokbab has 30 seconds left.\n|\n|t:|1683032929\n|move|p2a: Bronzong|Hypnosis|p1b: Maria Beetle\n|-status|p1b: Maria Beetle|slp|[from] move: Hypnosis\n|move|p2b: Ting-Lu|Rock Slide|p1b: Maria Beetle|[spread] p1a,p1b\n|-damage|p1a: Rotom|22\/100\n|-damage|p1b: Maria Beetle|37\/100 slp\n|move|p1a: Rotom|Hydro Pump|p2b: Ting-Lu\n|-supereffective|p2b: Ting-Lu\n|-damage|p2b: Ting-Lu|0 fnt\n|faint|p2b: Ting-Lu\n|cant|p1b: Maria Beetle|slp\n|\n|-fieldend|move: Trick Room\n|upkeep\n|turn|7\n|-message|aokbab forfeited.\n|\n|win|ShortbreadDread\n|raw|ShortbreadDread's rating: 1454 → 1468<\/strong> (+14 for winning)\n|raw|aokbab's rating: 1337 → 1323<\/strong> (-14 for losing)\n|l|\u2606aokbab\n","uploadtime":1683032962,"views":7,"p1id":"shortbreaddread","p2id":"aokbab","formatid":"gen9vgc2023regulationc","rating":1323,"private":0,"password":""}