{"id":"gen9vgc2023regulationc-1854774985","p1":"RenVGC_2X","p2":"haha you rage quit","format":"[Gen 9] VGC 2023 Regulation C","log":"|j|\u2606RenVGC_2X\n|j|\u2606haha you rage quit\n|t:|1682864438\n|gametype|doubles\n|player|p1|RenVGC_2X|drayden|1097\n|player|p2|haha you rage quit|pokemaniac|1131\n|teamsize|p1|6\n|teamsize|p2|6\n|gen|9\n|tier|[Gen 9] VGC 2023 Regulation C\n|rated|\n|rule|Species Clause: Limit one of each Pok\u00e9mon\n|rule|Item Clause: Limit one of each item\n|clearpoke\n|poke|p1|Arcanine, L50, M|\n|poke|p1|Iron Bundle, L50|\n|poke|p1|Palafin, L50, F|\n|poke|p1|Amoonguss, L50, M|\n|poke|p1|Flutter Mane, L50|\n|poke|p1|Wo-Chien, L50|\n|poke|p2|Torkoal, L50, M|\n|poke|p2|Annihilape, L50, M|\n|poke|p2|Kingambit, L50, M|\n|poke|p2|Hatterene, L50, F|\n|poke|p2|Indeedee-F, L50, F|\n|poke|p2|Armarouge, L50, M|\n|teampreview|4\n|inactive|Battle timer is ON: inactive players will automatically lose when time's up. (requested by RenVGC_2X)\nRenVGC_2X rejected open team sheets.\n|\n|t:|1682864472\n|start\n|switch|p1a: Arcanine|Arcanine, L50, M|100\/100\n|switch|p1b: Palafin|Palafin, L50, F|100\/100\n|switch|p2a: Indeedee|Indeedee-F, L50, F, shiny|100\/100\n|switch|p2b: Armarouge|Armarouge, L50, M|100\/100\n|-ability|p1a: Arcanine|Intimidate|boost\n|-unboost|p2a: Indeedee|atk|1\n|-unboost|p2b: Armarouge|atk|1\n|-fieldstart|move: Psychic Terrain|[from] ability: Psychic Surge|[of] p2a: Indeedee\n|-enditem|p2a: Indeedee|Psychic Seed\n|-boost|p2a: Indeedee|spd|1|[from] item: Psychic Seed\n|turn|1\n|\n|t:|1682864491\n|-terastallize|p2b: Armarouge|Grass\n|move|p1b: Palafin|Protect|p1b: Palafin\n|-singleturn|p1b: Palafin|Protect\n|move|p1a: Arcanine|Snarl|p2a: Indeedee|[spread] p2a,p2b\n|-supereffective|p2a: Indeedee\n|-damage|p2a: Indeedee|90\/100\n|-damage|p2b: Armarouge|91\/100\n|-unboost|p2a: Indeedee|spa|1\n|-unboost|p2b: Armarouge|spa|1\n|move|p2b: Armarouge|Expanding Force|p1a: Arcanine|[spread] p1a\n|-activate|p1b: Palafin|move: Protect\n|-damage|p1a: Arcanine|46\/100\n|move|p2a: Indeedee|Trick Room|p2a: Indeedee\n|-fieldstart|move: Trick Room|[of] p2a: Indeedee\n|\n|upkeep\n|turn|2\n|\n|t:|1682864512\n|detailschange|p1b: Palafin|Palafin-Hero, L50, F\n|switch|p1b: Wo-Chien|Wo-Chien, L50|100\/100\n|-ability|p1b: Wo-Chien|Tablets of Ruin\n|move|p2a: Indeedee|Helping Hand|p2b: Armarouge\n|-singleturn|p2b: Armarouge|Helping Hand|[of] p2a: Indeedee\n|move|p2b: Armarouge|Expanding Force|p1b: Wo-Chien|[spread] p1a\n|-immune|p1b: Wo-Chien\n|-damage|p1a: Arcanine|0 fnt\n|faint|p1a: Arcanine\n|\n|upkeep\n|\n|t:|1682864524\n|switch|p1a: Amoonguss|Amoonguss, L50, M|100\/100\n|turn|3\n|inactive|haha you rage quit has 30 seconds left.\n|\n|t:|1682864554\n|switch|p2a: Hatterene|Hatterene, L50, F|100\/100\n|move|p1a: Amoonguss|Pollen Puff|p2b: Armarouge\n|-supereffective|p2b: Armarouge\n|-crit|p2b: Armarouge\n|-damage|p2b: Armarouge|28\/100\n|move|p2b: Armarouge|Armor Cannon|p1b: Wo-Chien\n|-supereffective|p1b: Wo-Chien\n|-damage|p1b: Wo-Chien|53\/100\n|-unboost|p2b: Armarouge|def|1\n|-unboost|p2b: Armarouge|spd|1\n|move|p1b: Wo-Chien|Foul Play|p2b: Armarouge\n|-damage|p2b: Armarouge|9\/100\n|\n|-heal|p1b: Wo-Chien|59\/100|[from] item: Leftovers\n|upkeep\n|turn|4\n|inactive|haha you rage quit has 30 seconds left.\n|inactive|haha you rage quit has 20 seconds left.\n|\n|t:|1682864590\n|switch|p2b: Torkoal|Torkoal, L50, M|100\/100\n|-weather|SunnyDay|[from] ability: Drought|[of] p2b: Torkoal\n|move|p2a: Hatterene|Dazzling Gleam|p1a: Amoonguss|[spread] p1a,p1b\n|-resisted|p1a: Amoonguss\n|-supereffective|p1b: Wo-Chien\n|-damage|p1a: Amoonguss|81\/100\n|-damage|p1b: Wo-Chien|9\/100\n|-damage|p2a: Hatterene|91\/100|[from] item: Life Orb\n|move|p1a: Amoonguss|Spore|p2a: Hatterene\n|move|p2a: Hatterene|Spore|p1a: Amoonguss|[from]ability: Magic Bounce\n|-immune|p1a: Amoonguss\n|move|p1b: Wo-Chien|Leech Seed|p2a: Hatterene\n|move|p2a: Hatterene|Leech Seed|p1b: Wo-Chien|[from]ability: Magic Bounce\n|-immune|p1b: Wo-Chien\n|\n|-weather|SunnyDay|[upkeep]\n|-heal|p1b: Wo-Chien|15\/100|[from] item: Leftovers\n|upkeep\n|turn|5\n|inactive|RenVGC_2X has 30 seconds left.\n|inactive|RenVGC_2X has 20 seconds left.\n|inactive|haha you rage quit has 30 seconds left.\n|inactive|RenVGC_2X has 15 seconds left.\n|inactive|RenVGC_2X has 10 seconds left.\n|inactive|RenVGC_2X has 5 seconds left.\n|\n|t:|1682864645\n|move|p2b: Torkoal|Eruption|p1a: Amoonguss|[spread] p1a,p1b\n|-supereffective|p1a: Amoonguss\n|-supereffective|p1b: Wo-Chien\n|-crit|p1b: Wo-Chien\n|-damage|p1a: Amoonguss|0 fnt\n|-damage|p1b: Wo-Chien|0 fnt\n|faint|p1a: Amoonguss\n|faint|p1b: Wo-Chien\n|move|p2a: Hatterene|Psychic|p1: Amoonguss|[notarget]\n|-fail|p2a: Hatterene\n|\n|-weather|SunnyDay|[upkeep]\n|-fieldend|move: Trick Room\n|-fieldend|move: Psychic Terrain\n|upkeep\n|inactive|RenVGC_2X has 30 seconds left.\n|inactive|RenVGC_2X has 20 seconds left.\n|inactive|RenVGC_2X has 15 seconds left.\n|inactive|RenVGC_2X has 10 seconds left.\n|inactive|RenVGC_2X has 5 seconds left.\n|\n|t:|1682864700\n|switch|p1a: Palafin|Palafin-Hero, L50, F|100\/100\n|-activate|p1a: Palafin|ability: Zero to Hero\n|turn|6\n|inactive|RenVGC_2X has 30 seconds left.\n|inactive|RenVGC_2X has 20 seconds left.\n|inactive|RenVGC_2X has 15 seconds left.\n|inactive|RenVGC_2X has 10 seconds left.\n|inactive|RenVGC_2X has 5 seconds left.\n|\n|t:|1682864755\n|move|p1a: Palafin|Jet Punch|p2a: Hatterene\n|-damage|p2a: Hatterene|68\/100\n|move|p2b: Torkoal|Eruption|p1a: Palafin\n|-resisted|p1a: Palafin\n|-damage|p1a: Palafin|45\/100\n|move|p2a: Hatterene|Trick Room|p2a: Hatterene\n|-fieldstart|move: Trick Room|[of] p2a: Hatterene\n|\n|-weather|SunnyDay|[upkeep]\n|upkeep\n|turn|7\n|inactive|RenVGC_2X has 30 seconds left.\n|inactive|RenVGC_2X has 20 seconds left.\n|inactive|RenVGC_2X has 15 seconds left.\n|inactive|RenVGC_2X has 10 seconds left.\n|inactive|RenVGC_2X has 5 seconds left.\n|\n|t:|1682864810\n|move|p1a: Palafin|Jet Punch|p2b: Torkoal\n|-supereffective|p2b: Torkoal\n|-damage|p2b: Torkoal|69\/100\n|move|p2b: Torkoal|Eruption|p1a: Palafin\n|-resisted|p1a: Palafin\n|-damage|p1a: Palafin|6\/100\n|move|p2a: Hatterene|Psychic|p1a: Palafin\n|-damage|p1a: Palafin|0 fnt\n|faint|p1a: Palafin\n|-damage|p2a: Hatterene|58\/100|[from] item: Life Orb\n|\n|win|haha you rage quit\n|raw|RenVGC_2X's rating: 1097 → 1075<\/strong> (-22 for losing)\n|raw|haha you rage quit's rating: 1131 → 1154<\/strong> (+23 for winning)\n","uploadtime":1682864827,"views":13,"p1id":"renvgc2x","p2id":"hahayouragequit","formatid":"gen9vgc2023regulationc","rating":1075,"private":0,"password":""}