{"id":"gen9vgc2023regulationc-1864174866","p1":"Mast0don","p2":"Releaseme0000","format":"[Gen 9] VGC 2023 Regulation C","log":"|j|\u2606Mast0don\n|j|\u2606Releaseme0000\n|t:|1684130250\n|gametype|doubles\n|player|p1|Mast0don|drayden|1396\n|player|p2|Releaseme0000|101|1344\n|teamsize|p1|6\n|teamsize|p2|6\n|gen|9\n|tier|[Gen 9] VGC 2023 Regulation C\n|rated|\n|rule|Species Clause: Limit one of each Pok\u00e9mon\n|rule|Item Clause: Limit one of each item\n|clearpoke\n|poke|p1|Hatterene, L50, F|\n|poke|p1|Iron Hands, L50|\n|poke|p1|Torkoal, L50, M|\n|poke|p1|Armarouge, L50, M|\n|poke|p1|Lilligant, L50, F|\n|poke|p1|Indeedee-F, L50, F|\n|poke|p2|Klefki, L50, M|\n|poke|p2|Ting-Lu, L50|\n|poke|p2|Wo-Chien, L50|\n|poke|p2|Glimmora, L50, M|\n|poke|p2|Palafin, L50, M|\n|poke|p2|Scizor, L50, F|\n|teampreview|4\n|inactive|Battle timer is ON: inactive players will automatically lose when time's up. (requested by Mast0don)\n|inactive|Releaseme0000 has 60 seconds left.\n|inactive|Releaseme0000 has 30 seconds left.\n|\n|t:|1684130312\n|start\n|switch|p1a: Iron Hands|Iron Hands, L50|100\/100\n|switch|p1b: Hatterene|Hatterene, L50, F|100\/100\n|switch|p2a: Klefki|Klefki, L50, M|100\/100\n|switch|p2b: Glimmora|Glimmora, L50, M|100\/100\n|turn|1\n|\n|t:|1684130332\n|move|p1a: Iron Hands|Fake Out|p2a: Klefki\n|-resisted|p2a: Klefki\n|-damage|p2a: Klefki|91\/100\n|cant|p2a: Klefki|flinch\n|move|p2b: Glimmora|Mortal Spin|p1a: Iron Hands|[spread] p1a,p1b\n|-supereffective|p1b: Hatterene\n|-damage|p1a: Iron Hands|97\/100\n|-damage|p1b: Hatterene|90\/100\n|-status|p1a: Iron Hands|psn\n|move|p1b: Hatterene|Trick Room|p1b: Hatterene\n|-fieldstart|move: Trick Room|[of] p1b: Hatterene\n|\n|-damage|p1a: Iron Hands|85\/100 psn|[from] psn\n|upkeep\n|turn|2\n|inactive|Releaseme0000 has 30 seconds left.\n|\n|t:|1684130357\n|move|p2a: Klefki|Reflect|p2a: Klefki\n|-sidestart|p2: Releaseme0000|Reflect\n|move|p1b: Hatterene|Psychic|p2b: Glimmora\n|-supereffective|p2b: Glimmora\n|-damage|p2b: Glimmora|7\/100\n|move|p1a: Iron Hands|Brick Break|p2b: Glimmora\n|-sideend|p2: Releaseme0000|Reflect\n|-damage|p2b: Glimmora|0 fnt\n|-activate|p2b: Glimmora|ability: Toxic Debris\n|-sidestart|p1: Mast0don|move: Toxic Spikes\n|faint|p2b: Glimmora\n|\n|-damage|p1a: Iron Hands|73\/100 psn|[from] psn\n|upkeep\n|\n|t:|1684130375\n|switch|p2b: Wo-Chien|Wo-Chien, L50|100\/100\n|-ability|p2b: Wo-Chien|Tablets of Ruin\n|turn|3\n|\n|t:|1684130394\n|move|p2a: Klefki|Light Screen|p2a: Klefki\n|-sidestart|p2: Releaseme0000|move: Light Screen\n|move|p1b: Hatterene|Psychic|p2a: Klefki\n|-resisted|p2a: Klefki\n|-damage|p2a: Klefki|74\/100\n|move|p1a: Iron Hands|Close Combat|p2a: Klefki\n|-damage|p2a: Klefki|20\/100\n|-unboost|p1a: Iron Hands|def|1\n|-unboost|p1a: Iron Hands|spd|1\n|move|p2b: Wo-Chien|Leech Seed|p1a: Iron Hands\n|-start|p1a: Iron Hands|move: Leech Seed\n|\n|-damage|p1a: Iron Hands|61\/100 psn|[from] Leech Seed|[of] p2b: Wo-Chien\n|-damage|p1a: Iron Hands|49\/100 psn|[from] psn\n|upkeep\n|turn|4\n|inactive|Releaseme0000 has 30 seconds left.\n|\n|t:|1684130425\n|switch|p2a: Ting-Lu|Ting-Lu, L50|100\/100\n|-ability|p2a: Ting-Lu|Vessel of Ruin\n|-terastallize|p2b: Wo-Chien|Poison\n|move|p1b: Hatterene|Dazzling Gleam|p2a: Ting-Lu|[spread] p2a,p2b\n|-supereffective|p2a: Ting-Lu\n|-resisted|p2b: Wo-Chien\n|-damage|p2a: Ting-Lu|73\/100\n|-damage|p2b: Wo-Chien|95\/100\n|-enditem|p2a: Ting-Lu|Weakness Policy\n|-boost|p2a: Ting-Lu|atk|2|[from] item: Weakness Policy\n|-boost|p2a: Ting-Lu|spa|2|[from] item: Weakness Policy\n|move|p1a: Iron Hands|Brick Break|p2a: Ting-Lu\n|-sideend|p2: Releaseme0000|move: Light Screen\n|-supereffective|p2a: Ting-Lu\n|-damage|p2a: Ting-Lu|37\/100\n|move|p2b: Wo-Chien|Substitute|p2b: Wo-Chien\n|-start|p2b: Wo-Chien|Substitute\n|-damage|p2b: Wo-Chien|71\/100\n|\n|-heal|p2b: Wo-Chien|76\/100|[from] item: Leftovers\n|-damage|p1a: Iron Hands|37\/100 psn|[from] Leech Seed|[of] p2b: Wo-Chien\n|-heal|p2b: Wo-Chien|92\/100|[silent]\n|-damage|p1a: Iron Hands|24\/100 psn|[from] psn\n|upkeep\n|turn|5\n|j| THUNDERSND77\n|\n|t:|1684130449\n|move|p2a: Ting-Lu|Protect|p2a: Ting-Lu\n|-singleturn|p2a: Ting-Lu|Protect\n|move|p2b: Wo-Chien|Protect|p2b: Wo-Chien\n|-singleturn|p2b: Wo-Chien|Protect\n|move|p1b: Hatterene|Psychic|p2b: Wo-Chien\n|-activate|p2b: Wo-Chien|move: Protect\n|move|p1a: Iron Hands|Close Combat|p2a: Ting-Lu\n|-activate|p2a: Ting-Lu|move: Protect\n|\n|-heal|p2b: Wo-Chien|98\/100|[from] item: Leftovers\n|-damage|p1a: Iron Hands|12\/100 psn|[from] Leech Seed|[of] p2b: Wo-Chien\n|-heal|p2b: Wo-Chien|100\/100|[silent]\n|-damage|p1a: Iron Hands|0 fnt|[from] psn\n|faint|p1a: Iron Hands\n|-end|p1a: Iron Hands|Quark Drive|[silent]\n|-fieldend|move: Trick Room\n|upkeep\n|\n|t:|1684130452\n|switch|p1a: Torkoal|Torkoal, L50, M|100\/100\n|-status|p1a: Torkoal|psn\n|-weather|SunnyDay|[from] ability: Drought|[of] p1a: Torkoal\n|turn|6\n|\n|t:|1684130476\n|-terastallize|p1b: Hatterene|Fire\n|move|p1a: Torkoal|Protect|p1a: Torkoal\n|-singleturn|p1a: Torkoal|Protect\n|move|p2b: Wo-Chien|Pollen Puff|p2a: Ting-Lu\n|-heal|p2a: Ting-Lu|87\/100\n|move|p2a: Ting-Lu|Heavy Slam|p1b: Hatterene\n|-resisted|p1b: Hatterene\n|-damage|p1b: Hatterene|60\/100\n|move|p1b: Hatterene|Trick Room|p1b: Hatterene\n|-fieldstart|move: Trick Room|[of] p1b: Hatterene\n|\n|-weather|SunnyDay|[upkeep]\n|-damage|p1a: Torkoal|88\/100 psn|[from] psn\n|upkeep\n|turn|7\n|\n|t:|1684130495\n|move|p2a: Ting-Lu|Protect|p2a: Ting-Lu\n|-singleturn|p2a: Ting-Lu|Protect\n|move|p2b: Wo-Chien|Protect|p2b: Wo-Chien\n|-singleturn|p2b: Wo-Chien|Protect\n|move|p1a: Torkoal|Eruption|p2a: Ting-Lu|[spread] \n|-activate|p2a: Ting-Lu|move: Protect\n|-activate|p2b: Wo-Chien|move: Protect\n|move|p1b: Hatterene|Dazzling Gleam|p2b: Wo-Chien|[spread] \n|-activate|p2a: Ting-Lu|move: Protect\n|-activate|p2b: Wo-Chien|move: Protect\n|\n|-weather|SunnyDay|[upkeep]\n|-damage|p1a: Torkoal|76\/100 psn|[from] psn\n|upkeep\n|turn|8\n|\n|t:|1684130514\n|move|p1a: Torkoal|Eruption|p2a: Ting-Lu|[spread] p2a,p2b\n|-end|p2b: Wo-Chien|Substitute\n|-damage|p2a: Ting-Lu|45\/100\n|move|p1b: Hatterene|Dazzling Gleam|p2a: Ting-Lu|[spread] p2a,p2b\n|-supereffective|p2a: Ting-Lu\n|-resisted|p2b: Wo-Chien\n|-damage|p2a: Ting-Lu|0 fnt\n|-damage|p2b: Wo-Chien|93\/100\n|faint|p2a: Ting-Lu\n|move|p2b: Wo-Chien|Leech Seed|p1a: Torkoal\n|-start|p1a: Torkoal|move: Leech Seed\n|\n|-weather|SunnyDay|[upkeep]\n|-heal|p2b: Wo-Chien|99\/100|[from] item: Leftovers\n|-damage|p1a: Torkoal|63\/100 psn|[from] Leech Seed|[of] p2b: Wo-Chien\n|-heal|p2b: Wo-Chien|100\/100|[silent]\n|-damage|p1a: Torkoal|51\/100 psn|[from] psn\n|upkeep\n|\n|t:|1684130529\n|switch|p2a: Klefki|Klefki, L50, M|20\/100\n|turn|9\n|\n|t:|1684130545\n|move|p2a: Klefki|Light Screen|p2a: Klefki\n|-sidestart|p2: Releaseme0000|move: Light Screen\n|move|p1a: Torkoal|Eruption|p2b: Wo-Chien|[spread] p2a,p2b\n|-supereffective|p2a: Klefki\n|-damage|p2a: Klefki|0 fnt\n|-damage|p2b: Wo-Chien|83\/100\n|faint|p2a: Klefki\n|move|p1b: Hatterene|Psychic|p2b: Wo-Chien\n|-supereffective|p2b: Wo-Chien\n|-damage|p2b: Wo-Chien|35\/100\n|move|p2b: Wo-Chien|Pollen Puff|p1b: Hatterene\n|-resisted|p1b: Hatterene\n|-damage|p1b: Hatterene|49\/100\n|\n|-weather|SunnyDay|[upkeep]\n|-heal|p2b: Wo-Chien|41\/100|[from] item: Leftovers\n|-damage|p1a: Torkoal|38\/100 psn|[from] Leech Seed|[of] p2b: Wo-Chien\n|-heal|p2b: Wo-Chien|54\/100|[silent]\n|-damage|p1a: Torkoal|26\/100 psn|[from] psn\n|upkeep\n|turn|10\n|-message|Releaseme0000 forfeited.\n|\n|win|Mast0don\n|raw|Mast0don's rating: 1396 → 1413<\/strong> (+17 for winning)\n|raw|Releaseme0000's rating: 1344 → 1327<\/strong> (-17 for losing)\n|l|\u2606Releaseme0000\n","uploadtime":1684130578,"views":4,"p1id":"mast0don","p2id":"releaseme0000","formatid":"gen9vgc2023regulationc","rating":1327,"private":0,"password":""}