{"id":"gen9vgc2023regulationc-1859998157","p1":"hddx2347","p2":"AnimeRedneck","format":"[Gen 9] VGC 2023 Regulation C","log":"|j|\u2606hddx2347\n|j|\u2606AnimeRedneck\n|t:|1683583436\n|gametype|doubles\n|player|p1|hddx2347|2|\n|player|p2|AnimeRedneck|265|\n|teamsize|p1|6\n|teamsize|p2|6\n|gen|9\n|tier|[Gen 9] VGC 2023 Regulation C\n|rule|Species Clause: Limit one of each Pok\u00e9mon\n|rule|Item Clause: Limit one of each item\n|clearpoke\n|poke|p1|Dragapult, L50, F|\n|poke|p1|Grimmsnarl, L50, M|\n|poke|p1|Slither Wing, L50|\n|poke|p1|Leafeon, L50, F|\n|poke|p1|Magnezone, L50|\n|poke|p1|Muk, L50, M|\n|poke|p2|Blissey, L50, F|\n|poke|p2|Corviknight, L50, F|\n|poke|p2|Dondozo, L50, M|\n|poke|p2|Tatsugiri-Stretchy, L50, M|\n|poke|p2|Chi-Yu, L50|\n|poke|p2|Pawmot, L50, F|\n|teampreview|4\n|\n|t:|1683583486\n|start\n|switch|p1a: Grimmsnarl|Grimmsnarl, L50, M|100\/100\n|switch|p1b: ArwHead|Dragapult, L50, F|100\/100\n|switch|p2a: Cheerwine|Blissey, L50, F, shiny|100\/100\n|switch|p2b: Mountain Dew|Corviknight, L50, F, shiny|100\/100\n|turn|1\n|\n|t:|1683583524\n|move|p1b: ArwHead|Protect|p1b: ArwHead\n|-singleturn|p1b: ArwHead|Protect\n|move|p1a: Grimmsnarl|Reflect|p1a: Grimmsnarl\n|-sidestart|p1: hddx2347|Reflect\n|move|p2b: Mountain Dew|Tailwind|p2b: Mountain Dew\n|-sidestart|p2: AnimeRedneck|move: Tailwind\n|move|p2a: Cheerwine|Skill Swap|p2b: Mountain Dew\n|-activate|p2a: Cheerwine|move: Skill Swap|||[of] p2b: Mountain Dew\n|\n|upkeep\n|turn|2\n|\n|t:|1683583549\n|move|p1a: Grimmsnarl|Fake Tears|p2b: Mountain Dew\n|-unboost|p2b: Mountain Dew|spd|2\n|move|p1b: ArwHead|Thunderbolt|p2b: Mountain Dew\n|-supereffective|p2b: Mountain Dew\n|-damage|p2b: Mountain Dew|0 fnt\n|faint|p2b: Mountain Dew\n|move|p2a: Cheerwine|Thunder Wave|p1b: ArwHead\n|-status|p1b: ArwHead|par\n|\n|upkeep\n|\n|t:|1683583566\n|switch|p2b: Chi-Yu|Chi-Yu, L50|100\/100\n|-ability|p2b: Chi-Yu|Beads of Ruin\n|turn|3\n|\n|t:|1683583588\n|-terastallize|p2b: Chi-Yu|Dark\n|-terastallize|p1b: ArwHead|Dragon\n|move|p1a: Grimmsnarl|Light Screen|p1a: Grimmsnarl\n|-sidestart|p1: hddx2347|move: Light Screen\n|move|p2b: Chi-Yu|Dark Pulse|p1b: ArwHead\n|-damage|p1b: ArwHead|8\/100 par\n|-damage|p2b: Chi-Yu|90\/100|[from] item: Life Orb\n|move|p2a: Cheerwine|Seismic Toss|p1a: Grimmsnarl\n|-damage|p1a: Grimmsnarl|76\/100\n|move|p1b: ArwHead|Surf|p2b: Chi-Yu|[spread] p1a,p2a,p2b\n|-damage|p1a: Grimmsnarl|58\/100\n|-damage|p2a: Cheerwine|91\/100\n|-damage|p2b: Chi-Yu|64\/100\n|\n|upkeep\n|turn|4\n|\n|t:|1683583620\n|move|p1b: ArwHead|Protect|p1b: ArwHead\n|-singleturn|p1b: ArwHead|Protect\n|move|p2b: Chi-Yu|Heat Wave|p1a: Grimmsnarl|[spread] p1a\n|-activate|p1b: ArwHead|move: Protect\n|-damage|p1a: Grimmsnarl|15\/100\n|-damage|p2b: Chi-Yu|54\/100|[from] item: Life Orb\n|move|p2a: Cheerwine|Seismic Toss|p1a: Grimmsnarl\n|-damage|p1a: Grimmsnarl|0 fnt\n|faint|p1a: Grimmsnarl\n|\n|-sideend|p2: AnimeRedneck|move: Tailwind\n|upkeep\n|\n|t:|1683583632\n|switch|p1a: Mothra|Slither Wing, L50|100\/100\n|turn|5\n|\n|t:|1683583647\n|switch|p2b: Sprite|Tatsugiri-Stretchy, L50, M|100\/100\n|move|p1a: Mothra|First Impression|p2b: Sprite\n|-damage|p2b: Sprite|0 fnt\n|faint|p2b: Sprite\n|move|p1b: ArwHead|Thunderbolt|p2a: Cheerwine\n|-damage|p2a: Cheerwine|80\/100\n|move|p2a: Cheerwine|Thunder Wave|p1a: Mothra\n|-status|p1a: Mothra|par\n|\n|-sideend|p1: hddx2347|Reflect\n|upkeep\n|\n|t:|1683583656\n|switch|p2b: Chi-Yu|Chi-Yu, L50, tera:Dark|54\/100\n|-ability|p2b: Chi-Yu|Beads of Ruin\n|turn|6\n|\n|t:|1683583678\n|-end|p1a: Mothra|Protosynthesis|[silent]\n|switch|p1a: Muk|Muk, L50, M|100\/100\n|move|p2b: Chi-Yu|Heat Wave|p1b: ArwHead|[spread] p1a,p1b\n|-resisted|p1b: ArwHead\n|-damage|p1a: Muk|56\/100\n|-damage|p1b: ArwHead|0 fnt\n|faint|p1b: ArwHead\n|-damage|p2b: Chi-Yu|44\/100|[from] item: Life Orb\n|move|p2a: Cheerwine|Heal Pulse|p2b: Chi-Yu\n|-heal|p2b: Chi-Yu|94\/100\n|\n|-heal|p1a: Muk|62\/100|[from] item: Black Sludge\n|upkeep\n|\n|t:|1683583690\n|switch|p1b: Mothra|Slither Wing, L50|100\/100 par\n|turn|7\n|\n|t:|1683583704\n|move|p1b: Mothra|First Impression|p2b: Chi-Yu\n|-supereffective|p2b: Chi-Yu\n|-damage|p2b: Chi-Yu|0 fnt\n|faint|p2b: Chi-Yu\n|move|p2a: Cheerwine|Seismic Toss|p1a: Muk\n|-damage|p1a: Muk|36\/100\n|move|p1a: Muk|Drain Punch|p2a: Cheerwine\n|-supereffective|p2a: Cheerwine\n|-damage|p2a: Cheerwine|36\/100\n|-heal|p1a: Muk|77\/100|[from] drain|[of] p2a: Cheerwine\n|\n|-heal|p1a: Muk|83\/100|[from] item: Black Sludge\n|-sideend|p1: hddx2347|move: Light Screen\n|upkeep\n|turn|8\n|\n|t:|1683583730\n|move|p2a: Cheerwine|Seismic Toss|p1a: Muk\n|-damage|p1a: Muk|57\/100\n|move|p1a: Muk|Drain Punch|p2a: Cheerwine\n|-supereffective|p2a: Cheerwine\n|-damage|p2a: Cheerwine|0 fnt\n|-heal|p1a: Muk|91\/100|[from] drain|[of] p2a: Cheerwine\n|faint|p2a: Cheerwine\n|\n|win|hddx2347\n|l|\u2606hddx2347\n","uploadtime":1683584230,"views":13,"p1id":"hddx2347","p2id":"animeredneck","formatid":"gen9vgc2023regulationc","rating":0,"private":0,"password":""}