{"id":"gen9vgc2023regulationc-1863507422","p1":"mathtass","p2":"TotallyCisCatGirl","format":"[Gen 9] VGC 2023 Regulation C","log":"|j|\u2606mathtass\n|j|\u2606TotallyCisCatGirl\n|t:|1684026874\n|gametype|doubles\n|player|p1|mathtass|1|1393\n|player|p2|TotallyCisCatGirl|marley|1418\n|teamsize|p1|6\n|teamsize|p2|6\n|gen|9\n|tier|[Gen 9] VGC 2023 Regulation C\n|rated|\n|rule|Species Clause: Limit one of each Pok\u00e9mon\n|rule|Item Clause: Limit one of each item\n|clearpoke\n|poke|p1|Amoonguss, L50, F|\n|poke|p1|Chi-Yu, L50|\n|poke|p1|Arcanine, L50, M|\n|poke|p1|Dragonite, L50, M|\n|poke|p1|Flutter Mane, L50|\n|poke|p1|Iron Hands, L50|\n|poke|p2|Lurantis, L50, M|\n|poke|p2|Braviary, L50, M|\n|poke|p2|Iron Bundle, L50|\n|poke|p2|Chi-Yu, L50|\n|poke|p2|Iron Thorns, L50|\n|poke|p2|Maushold-Four, L50|\n|teampreview|4\nTotallyCisCatGirl has agreed to open team sheets.\nmathtass has agreed to open team sheets.\n|\n|t:|1684026956\n|start\n|switch|p1a: Blaze|Chi-Yu, L50|100\/100\n|switch|p1b: Lady Mane|Flutter Mane, L50, shiny|100\/100\n|switch|p2a: Iron Bundle|Iron Bundle, L50|100\/100\n|switch|p2b: Chi-Yu|Chi-Yu, L50|100\/100\n|-ability|p1a: Blaze|Beads of Ruin\n|-ability|p2b: Chi-Yu|Beads of Ruin\n|-enditem|p2a: Iron Bundle|Booster Energy\n|-activate|p2a: Iron Bundle|ability: Quark Drive|[fromitem]\n|-start|p2a: Iron Bundle|quarkdrivespe\n|turn|1\n|j| Braindeadmeta\n|\n|t:|1684026972\n|move|p1b: Lady Mane|Protect|p1b: Lady Mane\n|-singleturn|p1b: Lady Mane|Protect\n|move|p2a: Iron Bundle|Icy Wind|p1a: Blaze|[spread] p1a\n|-activate|p1b: Lady Mane|move: Protect\n|-resisted|p1a: Blaze\n|-damage|p1a: Blaze|87\/100\n|-unboost|p1a: Blaze|spe|1\n|move|p2b: Chi-Yu|Heat Wave|p1b: Lady Mane|[spread] p1a\n|-activate|p1b: Lady Mane|move: Protect\n|-resisted|p1a: Blaze\n|-damage|p1a: Blaze|52\/100\n|move|p1a: Blaze|Snarl|p2b: Chi-Yu|[spread] p2a,p2b\n|-resisted|p2b: Chi-Yu\n|-damage|p2a: Iron Bundle|26\/100\n|-damage|p2b: Chi-Yu|84\/100\n|-unboost|p2a: Iron Bundle|spa|1\n|-unboost|p2b: Chi-Yu|spa|1\n|-damage|p1a: Blaze|42\/100|[from] item: Life Orb\n|\n|upkeep\n|turn|2\n|\n|t:|1684026999\n|move|p1a: Blaze|Protect|p1a: Blaze\n|-singleturn|p1a: Blaze|Protect\n|move|p2a: Iron Bundle|Icy Wind|p1a: Blaze|[spread] p1b\n|-activate|p1a: Blaze|move: Protect\n|-damage|p1b: Lady Mane|80\/100\n|-unboost|p1b: Lady Mane|spe|1\n|move|p2b: Chi-Yu|Heat Wave|p1a: Blaze|[spread] p1b\n|-activate|p1a: Blaze|move: Protect\n|-damage|p1b: Lady Mane|24\/100\n|move|p1b: Lady Mane|Dazzling Gleam|p2b: Chi-Yu|[spread] p2a,p2b\n|-damage|p2a: Iron Bundle|0 fnt\n|-damage|p2b: Chi-Yu|44\/100\n|faint|p2a: Iron Bundle\n|-end|p2a: Iron Bundle|Quark Drive|[silent]\n|\n|upkeep\n|\n|t:|1684027020\n|switch|p2a: Iron Thorns|Iron Thorns, L50|100\/100\n|turn|3\n|\n|t:|1684027029\n|switch|p1a: Titan|Dragonite, L50, M, shiny|100\/100\n|move|p1b: Lady Mane|Protect|p1b: Lady Mane\n|-singleturn|p1b: Lady Mane|Protect\n|move|p2b: Chi-Yu|Heat Wave|p1a: Titan|[spread] p1a\n|-activate|p1b: Lady Mane|move: Protect\n|-resisted|p1a: Titan\n|-damage|p1a: Titan|90\/100\n|move|p2a: Iron Thorns|Rock Blast|p1a: Titan\n|-supereffective|p1a: Titan\n|-damage|p1a: Titan|60\/100\n|-supereffective|p1a: Titan\n|-damage|p1a: Titan|29\/100\n|-supereffective|p1a: Titan\n|-damage|p1a: Titan|1\/100\n|-supereffective|p1a: Titan\n|-damage|p1a: Titan|0 fnt\n|faint|p1a: Titan\n|-hitcount|p1: Titan|4\n|\n|upkeep\n|\n|t:|1684027036\n|switch|p1a: Blaze|Chi-Yu, L50|42\/100\n|-ability|p1a: Blaze|Beads of Ruin\n|turn|4\n|\n|t:|1684027054\n|-end|p1b: Lady Mane|Protosynthesis|[silent]\n|switch|p1b: Adore|Amoonguss, L50, F, shiny|100\/100\n|move|p1a: Blaze|Protect|p1a: Blaze\n|-singleturn|p1a: Blaze|Protect\n|move|p2b: Chi-Yu|Heat Wave|p1a: Blaze|[spread] p1b\n|-activate|p1a: Blaze|move: Protect\n|-supereffective|p1b: Adore\n|-damage|p1b: Adore|16\/100\n|move|p2a: Iron Thorns|Rock Blast|p1a: Blaze\n|-activate|p1a: Blaze|move: Protect\n|\n|-heal|p1b: Adore|22\/100|[from] item: Leftovers\n|upkeep\n|turn|5\n|\n|t:|1684027080\n|move|p2b: Chi-Yu|Heat Wave|p1b: Adore|[spread] p1a,p1b\n|-resisted|p1a: Blaze\n|-supereffective|p1b: Adore\n|-damage|p1a: Blaze|20\/100\n|-damage|p1b: Adore|0 fnt\n|faint|p1b: Adore\n|move|p1a: Blaze|Dark Pulse|p2a: Iron Thorns\n|-damage|p2a: Iron Thorns|27\/100\n|-damage|p1a: Blaze|10\/100|[from] item: Life Orb\n|cant|p2a: Iron Thorns|flinch\n|\n|upkeep\n|\n|t:|1684027083\n|switch|p1b: Lady Mane|Flutter Mane, L50, shiny|24\/100\n|turn|6\n|\n|t:|1684027100\n|-terastallize|p1b: Lady Mane|Fairy\n|move|p1b: Lady Mane|Dazzling Gleam|p2a: Iron Thorns|[spread] p2a,p2b\n|-damage|p2a: Iron Thorns|0 fnt\n|-damage|p2b: Chi-Yu|0 fnt\n|faint|p2a: Iron Thorns\n|-end|p2a: Iron Thorns|Quark Drive|[silent]\n|faint|p2b: Chi-Yu\n|move|p1a: Blaze|Snarl|p2: Iron Thorns|[notarget]\n|-fail|p1a: Blaze\n|\n|upkeep\n|\n|t:|1684027112\n|switch|p2b: Dive bomber|Braviary, L50, M|100\/100\n|turn|7\n|\n|t:|1684027120\n|-terastallize|p2b: Dive bomber|Flying\n|move|p1b: Lady Mane|Moonblast|p2b: Dive bomber\n|-damage|p2b: Dive bomber|0 fnt\n|faint|p2b: Dive bomber\n|\n|win|mathtass\n|raw|mathtass's rating: 1393 → 1414<\/strong> (+21 for winning)\n|raw|TotallyCisCatGirl's rating: 1418 → 1397<\/strong> (-21 for losing)\n","uploadtime":1684027126,"views":10,"p1id":"mathtass","p2id":"totallyciscatgirl","formatid":"gen9vgc2023regulationc","rating":1397,"private":0,"password":""}