{"id":"gen9vgc2023regulationc-1855200483","p1":"Vgc noooob","p2":"NicoHaxVGC","format":"[Gen 9] VGC 2023 Regulation C","log":"|j|\u2606Vgc noooob\n|j|\u2606NicoHaxVGC\n|t:|1682914167\n|gametype|doubles\n|player|p1|Vgc noooob|2|1430\n|player|p2|NicoHaxVGC|red|1432\n|teamsize|p1|6\n|teamsize|p2|6\n|gen|9\n|tier|[Gen 9] VGC 2023 Regulation C\n|rated|\n|rule|Species Clause: Limit one of each Pok\u00e9mon\n|rule|Item Clause: Limit one of each item\n|clearpoke\n|poke|p1|Maushold, L50|\n|poke|p1|Vivillon, L50, M|\n|poke|p1|Flutter Mane, L50|\n|poke|p1|Ceruledge, L50, M|\n|poke|p1|Iron Bundle, L50|\n|poke|p1|Abomasnow, L50, F|\n|poke|p2|Corviknight, L50, F|\n|poke|p2|Ting-Lu, L50|\n|poke|p2|Annihilape, L50, M|\n|poke|p2|Amoonguss, L50, F|\n|poke|p2|Iron Bundle, L50|\n|poke|p2|Flutter Mane, L50|\n|teampreview|4\n|inactive|Battle timer is ON: inactive players will automatically lose when time's up. (requested by NicoHaxVGC)\n|inactive|NicoHaxVGC has 60 seconds left.\nNicoHaxVGC has agreed to open team sheets.\n|inactive|NicoHaxVGC has 30 seconds left.\n|inactive|NicoHaxVGC has 20 seconds left.\n|inactive|NicoHaxVGC has 15 seconds left.\n|\n|t:|1682914244\n|start\n|switch|p1a: Iron Bundle|Iron Bundle, L50|100\/100\n|switch|p1b: Abomasnow|Abomasnow, L50, F|100\/100\n|switch|p2a: Raven|Corviknight, L50, F|100\/100\n|switch|p2b: Robin|Annihilape, L50, M|100\/100\n|-weather|Snow|[from] ability: Snow Warning|[of] p1b: Abomasnow\n|-enditem|p1a: Iron Bundle|Booster Energy\n|-activate|p1a: Iron Bundle|ability: Quark Drive|[fromitem]\n|-start|p1a: Iron Bundle|quarkdrivespe\n|turn|1\n|\n|t:|1682914262\n|move|p1a: Iron Bundle|Protect|p1a: Iron Bundle\n|-singleturn|p1a: Iron Bundle|Protect\n|move|p2b: Robin|Bulk Up|p2b: Robin\n|-boost|p2b: Robin|atk|1\n|-boost|p2b: Robin|def|1\n|move|p2a: Raven|Tailwind|p2a: Raven\n|-sidestart|p2: NicoHaxVGC|move: Tailwind\n|move|p1b: Abomasnow|Aurora Veil|p1b: Abomasnow\n|-sidestart|p1: Vgc noooob|move: Aurora Veil\n|\n|-weather|Snow|[upkeep]\n|upkeep\n|turn|2\n|inactive|NicoHaxVGC has 30 seconds left.\n|\n|t:|1682914296\n|move|p1a: Iron Bundle|Blizzard|p2b: Robin|[spread] p2a,p2b\n|-damage|p2a: Raven|66\/100\n|-damage|p2b: Robin|65\/100\n|move|p2b: Robin|Drain Punch|p1b: Abomasnow\n|-supereffective|p1b: Abomasnow\n|-damage|p1b: Abomasnow|43\/100\n|-heal|p2b: Robin|91\/100|[from] drain|[of] p1b: Abomasnow\n|move|p2a: Raven|Iron Head|p1b: Abomasnow\n|-supereffective|p1b: Abomasnow\n|-damage|p1b: Abomasnow|10\/100\n|cant|p1b: Abomasnow|flinch\n|\n|-weather|Snow|[upkeep]\n|-heal|p2b: Robin|97\/100|[from] item: Leftovers\n|upkeep\n|turn|3\n|inactive|Vgc noooob has 30 seconds left.\n|\n|t:|1682914329\n|switch|p1b: Ceruledge|Ceruledge, L50, M|100\/100\n|move|p1a: Iron Bundle|Blizzard|p2b: Robin|[spread] p2a,p2b\n|-damage|p2a: Raven|30\/100\n|-damage|p2b: Robin|63\/100\n|move|p2b: Robin|Drain Punch|p1a: Iron Bundle\n|-supereffective|p1a: Iron Bundle\n|-damage|p1a: Iron Bundle|43\/100\n|-heal|p2b: Robin|81\/100|[from] drain|[of] p1a: Iron Bundle\n|move|p2a: Raven|Iron Head|p1b: Ceruledge\n|-resisted|p1b: Ceruledge\n|-damage|p1b: Ceruledge|89\/100\n|\n|-weather|Snow|[upkeep]\n|-heal|p2b: Robin|87\/100|[from] item: Leftovers\n|upkeep\n|turn|4\n|inactive|Vgc noooob has 30 seconds left.\n|inactive|NicoHaxVGC has 30 seconds left.\n|inactive|Vgc noooob has 20 seconds left.\n|inactive|NicoHaxVGC has 20 seconds left.\n|\n|t:|1682914369\n|-terastallize|p2a: Raven|Fire\n|move|p1a: Iron Bundle|Blizzard|p2a: Raven|[spread] p2a,p2b\n|-resisted|p2a: Raven\n|-damage|p2a: Raven|11\/100\n|-damage|p2b: Robin|49\/100\n|move|p2b: Robin|Rage Fist|p1b: Ceruledge\n|-supereffective|p1b: Ceruledge\n|-damage|p1b: Ceruledge|0 fnt\n|faint|p1b: Ceruledge\n|move|p2a: Raven|Roost|p2a: Raven\n|-heal|p2a: Raven|61\/100\n|\n|-weather|Snow|[upkeep]\n|-heal|p2b: Robin|55\/100|[from] item: Leftovers\n|-sideend|p2: NicoHaxVGC|move: Tailwind\n|upkeep\n|\n|t:|1682914381\n|switch|p1b: Vivillon|Vivillon, L50, M|100\/100\n|turn|5\n|\n|t:|1682914395\n|move|p2b: Robin|Protect|p2b: Robin\n|-singleturn|p2b: Robin|Protect\n|move|p1b: Vivillon|Rage Powder|p1b: Vivillon\n|-singleturn|p1b: Vivillon|move: Rage Powder\n|move|p1a: Iron Bundle|Blizzard|p2b: Robin|[spread] p2a\n|-activate|p2b: Robin|move: Protect\n|-resisted|p2a: Raven\n|-damage|p2a: Raven|44\/100\n|move|p2a: Raven|Tailwind|p2a: Raven\n|-sidestart|p2: NicoHaxVGC|move: Tailwind\n|\n|-weather|none\n|-heal|p2b: Robin|62\/100|[from] item: Leftovers\n|upkeep\n|turn|6\n|inactive|NicoHaxVGC has 30 seconds left.\n|\n|t:|1682914425\n|move|p1b: Vivillon|Rage Powder|p1b: Vivillon\n|-singleturn|p1b: Vivillon|move: Rage Powder\n|move|p1a: Iron Bundle|Hydro Pump|p2a: Raven|[miss]\n|-miss|p1a: Iron Bundle|p2a: Raven\n|move|p2b: Robin|Rage Fist|p1b: Vivillon\n|-enditem|p1b: Vivillon|Focus Sash\n|-damage|p1b: Vivillon|1\/100\n|move|p2a: Raven|Brave Bird|p1b: Vivillon\n|-supereffective|p1b: Vivillon\n|-damage|p1b: Vivillon|0 fnt\n|faint|p1b: Vivillon\n|-damage|p2a: Raven|44\/100|[from] Recoil\n|\n|-heal|p2b: Robin|68\/100|[from] item: Leftovers\n|upkeep\n|\n|t:|1682914434\n|switch|p1b: Abomasnow|Abomasnow, L50, F|10\/100\n|-weather|Snow|[from] ability: Snow Warning|[of] p1b: Abomasnow\n|turn|7\n|\n|t:|1682914447\n|move|p1b: Abomasnow|Protect|p1b: Abomasnow\n|-singleturn|p1b: Abomasnow|Protect\n|move|p1a: Iron Bundle|Blizzard|p2a: Raven|[spread] p2a,p2b\n|-resisted|p2a: Raven\n|-damage|p2a: Raven|25\/100\n|-damage|p2b: Robin|35\/100\n|move|p2b: Robin|Drain Punch|p1a: Iron Bundle\n|-supereffective|p1a: Iron Bundle\n|-damage|p1a: Iron Bundle|0 fnt\n|-heal|p2b: Robin|48\/100|[from] drain|[of] p1a: Iron Bundle\n|faint|p1a: Iron Bundle\n|-end|p1a: Iron Bundle|Quark Drive|[silent]\n|move|p2a: Raven|Iron Head|p1b: Abomasnow\n|-activate|p1b: Abomasnow|move: Protect\n|\n|-weather|Snow|[upkeep]\n|-heal|p2b: Robin|54\/100|[from] item: Leftovers\n|upkeep\n|turn|8\n|\n|t:|1682914465\n|move|p2b: Robin|Drain Punch|p1b: Abomasnow\n|-supereffective|p1b: Abomasnow\n|-damage|p1b: Abomasnow|0 fnt\n|-heal|p2b: Robin|59\/100|[from] drain|[of] p1b: Abomasnow\n|faint|p1b: Abomasnow\n|\n|win|NicoHaxVGC\n|raw|Vgc noooob's rating: 1430 → 1410<\/strong> (-20 for losing)\n|raw|NicoHaxVGC's rating: 1432 → 1452<\/strong> (+20 for winning)\n|l|\u2606Vgc noooob\n","uploadtime":1682914469,"views":24,"p1id":"vgcnoooob","p2id":"nicohaxvgc","formatid":"gen9vgc2023regulationc","rating":1410,"private":0,"password":""}