{"id":"gen9vgc2023regulationc-1864396145","p1":"Blupillgal","p2":"JoeCastro33","format":"[Gen 9] VGC 2023 Regulation C","log":"|j|\u2606Blupillgal\n|j|\u2606JoeCastro33\n|t:|1684162864\n|gametype|doubles\n|player|p1|Blupillgal|backersf|1050\n|player|p2|JoeCastro33|ghetsis-gen5bw|1043\n|teamsize|p1|6\n|teamsize|p2|6\n|gen|9\n|tier|[Gen 9] VGC 2023 Regulation C\n|rated|\n|rule|Species Clause: Limit one of each Pok\u00e9mon\n|rule|Item Clause: Limit one of each item\n|clearpoke\n|poke|p1|Dragonite, L50, F|\n|poke|p1|Gyarados, L50, F|\n|poke|p1|Tyranitar, L50, F|\n|poke|p1|Ting-Lu, L50|\n|poke|p1|Garganacl, L50, F|\n|poke|p1|Grimmsnarl, L50, M|\n|poke|p2|Flutter Mane, L50|\n|poke|p2|Dondozo, L50, M|\n|poke|p2|Tatsugiri, L50, F|\n|poke|p2|Tyranitar, L50, M|\n|poke|p2|Toxapex, L50, F|\n|poke|p2|Mimikyu, L50, M|\n|teampreview|4\nBlupillgal rejected open team sheets.\n|inactive|Battle timer is ON: inactive players will automatically lose when time's up. (requested by JoeCastro33)\n|\n|t:|1684162904\n|start\n|switch|p1a: Grimmsnarl|Grimmsnarl, L50, M|100\/100\n|switch|p1b: Dragonite|Dragonite, L50, F|100\/100\n|switch|p2a: Flutter Mane|Flutter Mane, L50|100\/100\n|switch|p2b: Mimikyu|Mimikyu, L50, M|100\/100\n|-enditem|p2a: Flutter Mane|Booster Energy\n|-activate|p2a: Flutter Mane|ability: Protosynthesis|[fromitem]\n|-start|p2a: Flutter Mane|protosynthesisspe\n|turn|1\n|inactive|Blupillgal has 30 seconds left.\n|\n|t:|1684162936\n|move|p2a: Flutter Mane|Protect|p2a: Flutter Mane\n|-singleturn|p2a: Flutter Mane|Protect\n|move|p1a: Grimmsnarl|Light Screen|p1a: Grimmsnarl\n|-sidestart|p1: Blupillgal|move: Light Screen\n|move|p2b: Mimikyu|Taunt|p1a: Grimmsnarl\n|-start|p1a: Grimmsnarl|move: Taunt\n|move|p1b: Dragonite|Fire Spin|p2a: Flutter Mane\n|-activate|p2a: Flutter Mane|move: Protect\n|\n|upkeep\n|turn|2\n|inactive|Blupillgal has 30 seconds left.\n|\n|t:|1684162969\n|-end|p2a: Flutter Mane|Protosynthesis|[silent]\n|switch|p2a: Dondozo|Dondozo, L50, M|100\/100\n|switch|p1a: Garganacl|Garganacl, L50, F|100\/100\n|move|p2b: Mimikyu|Confuse Ray|p1a: Garganacl\n|-start|p1a: Garganacl|confusion\n|move|p1b: Dragonite|Fire Spin|p2a: Dondozo\n|-resisted|p2a: Dondozo\n|-damage|p2a: Dondozo|97\/100\n|-activate|p2a: Dondozo|move: Fire Spin|[of] p1b: Dragonite\n|\n|-heal|p2a: Dondozo|100\/100|[from] item: Leftovers\n|-damage|p2a: Dondozo|84\/100|[from] move: Fire Spin|[partiallytrapped]\n|upkeep\n|turn|3\n|\n|t:|1684162994\n|switch|p1b: Gyarados|Gyarados, L50, F|100\/100\n|-ability|p1b: Gyarados|Intimidate|boost\n|-unboost|p2a: Dondozo|atk|1\n|-unboost|p2b: Mimikyu|atk|1\n|move|p2b: Mimikyu|Confuse Ray|p1b: Gyarados\n|-start|p1b: Gyarados|confusion\n|move|p2a: Dondozo|Wave Crash|p1a: Garganacl\n|-supereffective|p1a: Garganacl\n|-damage|p1a: Garganacl|56\/100\n|-damage|p2a: Dondozo|71\/100|[from] Recoil\n|-activate|p1a: Garganacl|confusion\n|move|p1a: Garganacl|Salt Cure|p2a: Dondozo\n|-damage|p2a: Dondozo|61\/100\n|-start|p2a: Dondozo|Salt Cure\n|\n|-heal|p2a: Dondozo|67\/100|[from] item: Leftovers\n|-heal|p1a: Garganacl|62\/100|[from] item: Leftovers\n|-damage|p2a: Dondozo|43\/100|[from] Salt Cure\n|-end|p2a: Dondozo|Fire Spin|[partiallytrapped]|[silent]\n|upkeep\n|turn|4\n|inactive|JoeCastro33 has 30 seconds left.\n|\n|t:|1684163020\n|switch|p2b: Tatsugiri|Tatsugiri, L50, F|100\/100\n|-activate|p2b: Tatsugiri|ability: Commander|[of] p2a: Dondozo\n|-boost|p2a: Dondozo|atk|2\n|-boost|p2a: Dondozo|spa|2\n|-boost|p2a: Dondozo|spe|2\n|-boost|p2a: Dondozo|def|2\n|-boost|p2a: Dondozo|spd|2\n|switch|p1b: Dragonite|Dragonite, L50, F|100\/100\n|switch|p1a: Grimmsnarl|Grimmsnarl, L50, M|100\/100\n|move|p2a: Dondozo|Wave Crash|p1a: Grimmsnarl\n|-damage|p1a: Grimmsnarl|11\/100\n|-damage|p2a: Dondozo|17\/100|[from] Recoil\n|\n|-heal|p2a: Dondozo|23\/100|[from] item: Leftovers\n|-damage|p2a: Dondozo|0 fnt|[from] Salt Cure\n|faint|p2a: Dondozo\n|upkeep\n|\n|t:|1684163038\n|switch|p2a: Flutter Mane|Flutter Mane, L50|100\/100\n|turn|5\n|\n|t:|1684163062\n|move|p1b: Dragonite|Protect|p1b: Dragonite\n|-singleturn|p1b: Dragonite|Protect\n|move|p1a: Grimmsnarl|Parting Shot|p2a: Flutter Mane\n|-unboost|p2a: Flutter Mane|atk|1\n|-unboost|p2a: Flutter Mane|spa|1\n|\n|t:|1684163071\n|switch|p1a: Gyarados|Gyarados, L50, F|100\/100|[from] Parting Shot\n|-ability|p1a: Gyarados|Intimidate|boost\n|-unboost|p2a: Flutter Mane|atk|1\n|-unboost|p2b: Tatsugiri|atk|1\n|move|p2a: Flutter Mane|Moonblast|p1b: Dragonite\n|-activate|p1b: Dragonite|move: Protect\n|move|p2b: Tatsugiri|Icy Wind|p1a: Gyarados|[spread] p1a\n|-activate|p1b: Dragonite|move: Protect\n|-damage|p1a: Gyarados|94\/100\n|-unboost|p1a: Gyarados|spe|1\n|\n|upkeep\n|turn|6\n|inactive|Blupillgal has 30 seconds left.\n|inactive|Blupillgal has 20 seconds left.\n|inactive|Blupillgal has 15 seconds left.\n|inactive|JoeCastro33 has 30 seconds left.\n|\n|t:|1684163111\n|-end|p2a: Flutter Mane|Protosynthesis|[silent]\n|switch|p2a: Mimikyu|Mimikyu, L50, M|100\/100\n|-terastallize|p1b: Dragonite|Grass\n|move|p2b: Tatsugiri|Icy Wind|p1b: Dragonite|[spread] p1a,p1b\n|-supereffective|p1b: Dragonite\n|-damage|p1a: Gyarados|88\/100\n|-damage|p1b: Dragonite|95\/100\n|-unboost|p1a: Gyarados|spe|1\n|-unboost|p1b: Dragonite|spe|1\n|move|p1a: Gyarados|Icy Wind|p2b: Tatsugiri|[spread] p2b\n|-miss|p1a: Gyarados|p2a: Mimikyu\n|-damage|p2b: Tatsugiri|96\/100\n|-unboost|p2b: Tatsugiri|spe|1\n|move|p1b: Dragonite|Fire Spin|p2a: Mimikyu\n|-activate|p2a: Mimikyu|ability: Disguise\n|-damage|p2a: Mimikyu|100\/100\n|-activate|p2a: Mimikyu|move: Fire Spin|[of] p1b: Dragonite\n|detailschange|p2a: Mimikyu|Mimikyu-Busted, L50, M\n|-damage|p2a: Mimikyu|88\/100|[from] pokemon: Mimikyu-Busted\n|\n|-damage|p2a: Mimikyu|72\/100|[from] move: Fire Spin|[partiallytrapped]\n|upkeep\n|turn|7\n|inactive|Blupillgal has 30 seconds left.\n|inactive|JoeCastro33 has 30 seconds left.\n|inactive|Blupillgal has 20 seconds left.\n|inactive|JoeCastro33 has 20 seconds left.\n|\n|t:|1684163148\n|move|p2a: Mimikyu|Confuse Ray|p1b: Dragonite\n|-start|p1b: Dragonite|confusion\n|move|p2b: Tatsugiri|Icy Wind|p1a: Gyarados|[spread] p1a,p1b\n|-supereffective|p1b: Dragonite\n|-damage|p1a: Gyarados|81\/100\n|-damage|p1b: Dragonite|84\/100\n|-unboost|p1a: Gyarados|spe|1\n|-unboost|p1b: Dragonite|spe|1\n|move|p1a: Gyarados|Taunt|p2a: Mimikyu\n|-start|p2a: Mimikyu|move: Taunt\n|-enditem|p2a: Mimikyu|Mental Herb\n|-end|p2a: Mimikyu|move: Taunt\n|-activate|p1b: Dragonite|confusion\n|move|p1b: Dragonite|Fire Spin|p2b: Tatsugiri|[miss]\n|-miss|p1b: Dragonite|p2b: Tatsugiri\n|\n|-damage|p2a: Mimikyu|56\/100|[from] move: Fire Spin|[partiallytrapped]\n|upkeep\n|turn|8\n|inactive|Blupillgal has 30 seconds left.\n|\n|t:|1684163174\n|-activate|p1b: Dragonite|confusion\n|move|p1b: Dragonite|Protect|p1b: Dragonite\n|-singleturn|p1b: Dragonite|Protect\n|move|p2a: Mimikyu|Confuse Ray|p1a: Gyarados\n|-start|p1a: Gyarados|confusion\n|move|p2b: Tatsugiri|Icy Wind|p1a: Gyarados|[spread] p1a\n|-activate|p1b: Dragonite|move: Protect\n|-damage|p1a: Gyarados|74\/100\n|-unboost|p1a: Gyarados|spe|1\n|-activate|p1a: Gyarados|confusion\n|move|p1a: Gyarados|Thunder Wave|p2b: Tatsugiri\n|-status|p2b: Tatsugiri|par\n|\n|-damage|p2a: Mimikyu|40\/100|[from] move: Fire Spin|[partiallytrapped]\n|-sideend|p1: Blupillgal|move: Light Screen\n|upkeep\n|turn|9\n|inactive|Blupillgal has 30 seconds left.\n|\n|t:|1684163208\n|switch|p1a: Garganacl|Garganacl, L50, F|62\/100\n|move|p2a: Mimikyu|Charm|p1a: Garganacl\n|-unboost|p1a: Garganacl|atk|2\n|-activate|p1b: Dragonite|confusion\n|move|p1b: Dragonite|Roost|p1b: Dragonite\n|-heal|p1b: Dragonite|100\/100\n|move|p2b: Tatsugiri|Chilling Water|p1a: Garganacl\n|-supereffective|p1a: Garganacl\n|-damage|p1a: Garganacl|33\/100\n|-unboost|p1a: Garganacl|atk|1\n|\n|-heal|p1a: Garganacl|39\/100|[from] item: Leftovers\n|-damage|p2a: Mimikyu|24\/100|[from] move: Fire Spin|[partiallytrapped]\n|upkeep\n|turn|10\n|\n|t:|1684163230\n|switch|p2a: Flutter Mane|Flutter Mane, L50|100\/100\n|-end|p1b: Dragonite|confusion\n|move|p1b: Dragonite|Fire Spin|p2b: Tatsugiri\n|-resisted|p2b: Tatsugiri\n|-damage|p2b: Tatsugiri|95\/100 par\n|-activate|p2b: Tatsugiri|move: Fire Spin|[of] p1b: Dragonite\n|move|p2b: Tatsugiri|Muddy Water|p1a: Garganacl|[spread] p1a,p1b\n|-supereffective|p1a: Garganacl\n|-resisted|p1b: Dragonite\n|-damage|p1a: Garganacl|0 fnt\n|-damage|p1b: Dragonite|95\/100\n|faint|p1a: Garganacl\n|\n|-damage|p2b: Tatsugiri|78\/100 par|[from] move: Fire Spin|[partiallytrapped]\n|upkeep\n|\n|t:|1684163254\n|switch|p1a: Grimmsnarl|Grimmsnarl, L50, M|11\/100\n|turn|11\n|\n|t:|1684163273\n|move|p2a: Flutter Mane|Protect|p2a: Flutter Mane\n|-singleturn|p2a: Flutter Mane|Protect\n|move|p1a: Grimmsnarl|Light Screen|p1a: Grimmsnarl\n|-sidestart|p1: Blupillgal|move: Light Screen\n|move|p1b: Dragonite|Roost|p1b: Dragonite\n|-heal|p1b: Dragonite|100\/100\n|move|p2b: Tatsugiri|Icy Wind|p1b: Dragonite|[spread] p1a,p1b\n|-supereffective|p1b: Dragonite\n|-crit|p1b: Dragonite\n|-damage|p1a: Grimmsnarl|5\/100\n|-damage|p1b: Dragonite|88\/100\n|-unboost|p1a: Grimmsnarl|spe|1\n|-unboost|p1b: Dragonite|spe|1\n|\n|-damage|p2b: Tatsugiri|62\/100 par|[from] move: Fire Spin|[partiallytrapped]\n|upkeep\n|turn|12\n|\n|t:|1684163288\n|-terastallize|p2a: Flutter Mane|Fire\n|move|p1a: Grimmsnarl|Parting Shot|p2a: Flutter Mane\n|-unboost|p2a: Flutter Mane|atk|1\n|-unboost|p2a: Flutter Mane|spa|1\n|\n|t:|1684163292\n|switch|p1a: Gyarados|Gyarados, L50, F|74\/100|[from] Parting Shot\n|-ability|p1a: Gyarados|Intimidate|boost\n|-unboost|p2a: Flutter Mane|atk|1\n|-unboost|p2b: Tatsugiri|atk|1\n|move|p2a: Flutter Mane|Mystical Fire|p1b: Dragonite\n|-supereffective|p1b: Dragonite\n|-damage|p1b: Dragonite|62\/100\n|-unboost|p1b: Dragonite|spa|1\n|move|p2b: Tatsugiri|Muddy Water|p1a: Gyarados|[spread] p1a,p1b\n|-resisted|p1a: Gyarados\n|-resisted|p1b: Dragonite\n|-damage|p1a: Gyarados|65\/100\n|-damage|p1b: Dragonite|55\/100\n|-unboost|p1a: Gyarados|accuracy|1\n|move|p1b: Dragonite|Fire Spin|p2a: Flutter Mane\n|-resisted|p2a: Flutter Mane\n|-damage|p2a: Flutter Mane|98\/100\n|-activate|p2a: Flutter Mane|move: Fire Spin|[of] p1b: Dragonite\n|\n|-damage|p2a: Flutter Mane|82\/100|[from] move: Fire Spin|[partiallytrapped]\n|-damage|p2b: Tatsugiri|45\/100 par|[from] move: Fire Spin|[partiallytrapped]\n|upkeep\n|turn|13\n|\n|t:|1684163317\n|move|p1b: Dragonite|Protect|p1b: Dragonite\n|-singleturn|p1b: Dragonite|Protect\n|move|p2a: Flutter Mane|Moonblast|p1a: Gyarados\n|-damage|p1a: Gyarados|44\/100\n|-enditem|p1a: Gyarados|Sitrus Berry|[eat]\n|-heal|p1a: Gyarados|69\/100|[from] item: Sitrus Berry\n|move|p1a: Gyarados|Icy Wind|p2a: Flutter Mane|[spread] p2a,p2b\n|-resisted|p2a: Flutter Mane\n|-damage|p2a: Flutter Mane|79\/100\n|-damage|p2b: Tatsugiri|40\/100 par\n|-unboost|p2a: Flutter Mane|spe|1\n|-unboost|p2b: Tatsugiri|spe|1\n|move|p2b: Tatsugiri|Chilling Water|p1a: Gyarados\n|-resisted|p1a: Gyarados\n|-damage|p1a: Gyarados|62\/100\n|-unboost|p1a: Gyarados|atk|1\n|\n|-damage|p2a: Flutter Mane|63\/100|[from] move: Fire Spin|[partiallytrapped]\n|-damage|p2b: Tatsugiri|23\/100 par|[from] move: Fire Spin|[partiallytrapped]\n|upkeep\n|turn|14\n|inactive|Blupillgal has 30 seconds left.\n|\n|t:|1684163347\n|move|p2a: Flutter Mane|Protect|p2a: Flutter Mane\n|-singleturn|p2a: Flutter Mane|Protect\n|move|p1a: Gyarados|Thunder Wave|p2a: Flutter Mane\n|-activate|p2a: Flutter Mane|move: Protect\n|move|p1b: Dragonite|Roost|p1b: Dragonite\n|-heal|p1b: Dragonite|100\/100\n|cant|p2b: Tatsugiri|par\n|\n|-damage|p2a: Flutter Mane|47\/100|[from] move: Fire Spin|[partiallytrapped]\n|-damage|p2b: Tatsugiri|7\/100 par|[from] move: Fire Spin|[partiallytrapped]\n|upkeep\n|turn|15\n|inactive|Blupillgal has 30 seconds left.\n|\n|t:|1684163367\n|move|p1a: Gyarados|Icy Wind|p2a: Flutter Mane|[spread] p2a,p2b\n|-resisted|p2a: Flutter Mane\n|-damage|p2a: Flutter Mane|43\/100\n|-damage|p2b: Tatsugiri|2\/100 par\n|-unboost|p2a: Flutter Mane|spe|1\n|-unboost|p2b: Tatsugiri|spe|1\n|move|p2a: Flutter Mane|Shadow Ball|p1a: Gyarados\n|-damage|p1a: Gyarados|44\/100\n|move|p1b: Dragonite|Encore|p2a: Flutter Mane\n|-start|p2a: Flutter Mane|Encore\n|move|p2b: Tatsugiri|Chilling Water|p1a: Gyarados\n|-resisted|p1a: Gyarados\n|-damage|p1a: Gyarados|38\/100\n|-unboost|p1a: Gyarados|atk|1\n|\n|-damage|p2a: Flutter Mane|27\/100|[from] move: Fire Spin|[partiallytrapped]\n|-end|p2b: Tatsugiri|Fire Spin|[partiallytrapped]\n|upkeep\n|turn|16\n|inactive|Blupillgal has 30 seconds left this turn.\n|inactive|Blupillgal has 20 seconds left.\n|inactive|Blupillgal has 15 seconds left.\n|inactive|Blupillgal has 10 seconds left.\n|inactive|JoeCastro33 has 30 seconds left.\n|\n|t:|1684163393\n|move|p1b: Dragonite|Protect|p1b: Dragonite\n|-singleturn|p1b: Dragonite|Protect\n|move|p1a: Gyarados|Icy Wind|p2a: Flutter Mane|[spread] p2b\n|-miss|p1a: Gyarados|p2a: Flutter Mane\n|-crit|p2b: Tatsugiri\n|-damage|p2b: Tatsugiri|0 fnt\n|faint|p2b: Tatsugiri\n|move|p2a: Flutter Mane|Shadow Ball|p1a: Gyarados\n|-damage|p1a: Gyarados|22\/100\n|\n|-end|p2a: Flutter Mane|Fire Spin|[partiallytrapped]\n|upkeep\n|inactive|Blupillgal has 10 seconds left this turn.\n|\n|t:|1684163404\n|switch|p2b: Mimikyu|Mimikyu-Busted, L50, M|24\/100\n|turn|17\n|inactive|Blupillgal has 10 seconds left this turn.\n|inactive|Blupillgal has 5 seconds left.\n|\n|t:|1684163413\n|move|p2b: Mimikyu|Confuse Ray|p1b: Dragonite\n|-start|p1b: Dragonite|confusion\n|move|p1a: Gyarados|Waterfall|p2a: Flutter Mane\n|-supereffective|p2a: Flutter Mane\n|-damage|p2a: Flutter Mane|0 fnt\n|faint|p2a: Flutter Mane\n|-end|p2a: Flutter Mane|Protosynthesis|[silent]\n|-activate|p1b: Dragonite|confusion\n|move|p1b: Dragonite|Fire Spin|p2b: Mimikyu\n|-damage|p2b: Mimikyu|17\/100\n|-activate|p2b: Mimikyu|move: Fire Spin|[of] p1b: Dragonite\n|\n|-damage|p2b: Mimikyu|0 fnt|[from] move: Fire Spin|[partiallytrapped]\n|faint|p2b: Mimikyu\n|\n|win|Blupillgal\n|upkeep\n|inactive|Blupillgal has 5 seconds left this turn.\n|raw|Blupillgal's rating: 1050 → 1082<\/strong> (+32 for winning)\n|raw|JoeCastro33's rating: 1043 → 1027<\/strong> (-16 for losing)\n","uploadtime":1684163462,"views":4,"p1id":"blupillgal","p2id":"joecastro33","formatid":"gen9vgc2023regulationc","rating":1027,"private":0,"password":""}