{"id":"gen9vgc2023regulationc-1859976300","p1":"Releaseme0000","p2":"Tyruntula","format":"[Gen 9] VGC 2023 Regulation C","log":"|j|\u2606Releaseme0000\n|j|\u2606Tyruntula\n|t:|1683581132\n|gametype|doubles\n|player|p1|Releaseme0000|266|1364\n|player|p2|Tyruntula|crasherwake|1457\n|teamsize|p1|6\n|teamsize|p2|6\n|gen|9\n|tier|[Gen 9] VGC 2023 Regulation C\n|rated|\n|rule|Species Clause: Limit one of each Pok\u00e9mon\n|rule|Item Clause: Limit one of each item\n|clearpoke\n|poke|p1|Lilligant, L50, F|\n|poke|p1|Torkoal, L50, M|\n|poke|p1|Chi-Yu, L50|\n|poke|p1|Annihilape, L50, F|\n|poke|p1|Flutter Mane, L50|\n|poke|p1|Iron Bundle, L50|\n|poke|p2|Amoonguss, L50, F|\n|poke|p2|Flutter Mane, L50|\n|poke|p2|Iron Hands, L50|\n|poke|p2|Gyarados, L50, M|\n|poke|p2|Chi-Yu, L50|\n|poke|p2|Baxcalibur, L50, M|\n|teampreview|4\n|inactive|Battle timer is ON: inactive players will automatically lose when time's up. (requested by Tyruntula)\nTyruntula has agreed to open team sheets.\n|\n|t:|1683581177\n|start\n|switch|p1a: Iron Bundle|Iron Bundle, L50|100\/100\n|switch|p1b: Flutter Mane|Flutter Mane, L50|100\/100\n|switch|p2a: Chi-Yu|Chi-Yu, L50|100\/100\n|switch|p2b: Iron Hands|Iron Hands, L50|100\/100\n|-ability|p2a: Chi-Yu|Beads of Ruin\n|turn|1\n|inactive|Tyruntula has 30 seconds left.\n|\n|t:|1683581202\n|-end|p1a: Iron Bundle|Quark Drive|[silent]\n|switch|p1a: Chi-Yu|Chi-Yu, L50|100\/100\n|-ability|p1a: Chi-Yu|Beads of Ruin\n|-end|p2b: Iron Hands|Quark Drive|[silent]\n|switch|p2b: Gyarados|Gyarados, L50, M|100\/100\n|-ability|p2b: Gyarados|Intimidate|boost\n|-unboost|p1a: Chi-Yu|atk|1\n|-unboost|p1b: Flutter Mane|atk|1\n|-terastallize|p1b: Flutter Mane|Fairy\n|move|p2a: Chi-Yu|Protect|p2a: Chi-Yu\n|-singleturn|p2a: Chi-Yu|Protect\n|move|p1b: Flutter Mane|Dazzling Gleam|p2b: Gyarados|[spread] p2b\n|-activate|p2a: Chi-Yu|move: Protect\n|-damage|p2b: Gyarados|39\/100\n|\n|-heal|p2b: Gyarados|45\/100|[from] item: Leftovers\n|upkeep\n|turn|2\n|inactive|Tyruntula has 30 seconds left.\n|inactive|Tyruntula has 20 seconds left.\n|\n|t:|1683581241\n|-terastallize|p2b: Gyarados|Poison\n|move|p1b: Flutter Mane|Dazzling Gleam|p2a: Chi-Yu|[spread] p2a,p2b\n|-crit|p2a: Chi-Yu\n|-resisted|p2b: Gyarados\n|-damage|p2a: Chi-Yu|6\/100\n|-damage|p2b: Gyarados|15\/100\n|move|p1a: Chi-Yu|Dark Pulse|p2a: Chi-Yu\n|-resisted|p2a: Chi-Yu\n|-damage|p2a: Chi-Yu|0 fnt\n|faint|p2a: Chi-Yu\n|move|p2b: Gyarados|Waterfall|p1b: Flutter Mane\n|-damage|p1b: Flutter Mane|20\/100\n|\n|-heal|p2b: Gyarados|21\/100|[from] item: Leftovers\n|upkeep\n|\n|t:|1683581258\n|switch|p2a: Iron Hands|Iron Hands, L50|100\/100\n|turn|3\n|\n|t:|1683581268\n|switch|p2b: \ud83e\udd71\ud83c\udf46|Flutter Mane, L50|100\/100\n|move|p2a: Iron Hands|Fake Out|p1b: Flutter Mane\n|-damage|p1b: Flutter Mane|0 fnt\n|faint|p1b: Flutter Mane\n|-end|p1b: Flutter Mane|Protosynthesis|[silent]\n|move|p1a: Chi-Yu|Dark Pulse|p2b: \ud83e\udd71\ud83c\udf46\n|-damage|p2b: \ud83e\udd71\ud83c\udf46|37\/100\n|\n|upkeep\n|\n|t:|1683581280\n|switch|p1b: Iron Bundle|Iron Bundle, L50|100\/100\n|turn|4\n|inactive|Tyruntula has 30 seconds left.\n|\n|t:|1683581313\n|-end|p2a: Iron Hands|Quark Drive|[silent]\n|switch|p2a: Gyarados|Gyarados, L50, M, tera:Poison|21\/100\n|-ability|p2a: Gyarados|Intimidate|boost\n|-unboost|p1a: Chi-Yu|atk|1\n|-unboost|p1b: Iron Bundle|atk|1\n|move|p1b: Iron Bundle|Hydro Pump|p2a: Gyarados\n|-damage|p2a: Gyarados|0 fnt\n|faint|p2a: Gyarados\n|move|p2b: \ud83e\udd71\ud83c\udf46|Power Gem|p1a: Chi-Yu\n|-supereffective|p1a: Chi-Yu\n|-damage|p1a: Chi-Yu|7\/100\n|move|p1a: Chi-Yu|Overheat|p2b: \ud83e\udd71\ud83c\udf46\n|-damage|p2b: \ud83e\udd71\ud83c\udf46|0 fnt\n|-unboost|p1a: Chi-Yu|spa|2\n|faint|p2b: \ud83e\udd71\ud83c\udf46\n|-end|p2b: \ud83e\udd71\ud83c\udf46|Protosynthesis|[silent]\n|\n|upkeep\n|\n|t:|1683581324\n|switch|p2b: Iron Hands|Iron Hands, L50|100\/100\n|turn|5\n|\n|t:|1683581335\n|move|p1a: Chi-Yu|Protect|p1a: Chi-Yu\n|-singleturn|p1a: Chi-Yu|Protect\n|move|p1b: Iron Bundle|Hydro Pump|p2b: Iron Hands\n|-damage|p2b: Iron Hands|63\/100\n|move|p2b: Iron Hands|Drain Punch|p1b: Iron Bundle\n|-supereffective|p1b: Iron Bundle\n|-damage|p1b: Iron Bundle|3\/100\n|-heal|p2b: Iron Hands|90\/100|[from] drain|[of] p1b: Iron Bundle\n|\n|upkeep\n|turn|6\n|\n|t:|1683581345\n|move|p1b: Iron Bundle|Hydro Pump|p2b: Iron Hands\n|-damage|p2b: Iron Hands|56\/100\n|move|p1a: Chi-Yu|Lava Plume|p2b: Iron Hands|[spread] p1b,p2b\n|-crit|p1b: Iron Bundle\n|-damage|p1b: Iron Bundle|0 fnt\n|-damage|p2b: Iron Hands|44\/100\n|faint|p1b: Iron Bundle\n|-end|p1b: Iron Bundle|Quark Drive|[silent]\n|move|p2b: Iron Hands|Drain Punch|p1a: Chi-Yu\n|-supereffective|p1a: Chi-Yu\n|-damage|p1a: Chi-Yu|0 fnt\n|-heal|p2b: Iron Hands|45\/100|[from] drain|[of] p1a: Chi-Yu\n|faint|p1a: Chi-Yu\n|\n|upkeep\n|\n|t:|1683581355\n|switch|p1b: Annihilape|Annihilape, L50, F|100\/100\n|turn|7\n|c|\u2606Releaseme0000|gg\n|\n|t:|1683581366\n|move|p1b: Annihilape|Final Gambit|p2b: Iron Hands\n|-damage|p2b: Iron Hands|0 fnt\n|faint|p1b: Annihilape\n|faint|p2b: Iron Hands\n|-end|p2b: Iron Hands|Quark Drive|[silent]\n|\n|win|Tyruntula\n|raw|Releaseme0000's rating: 1364 → 1349<\/strong> (-15 for losing)\n|raw|Tyruntula's rating: 1457 → 1472<\/strong> (+15 for winning)\n|l|\u2606Releaseme0000\n|c|\u2606Tyruntula|Bro\n","uploadtime":1683581398,"views":11,"p1id":"releaseme0000","p2id":"tyruntula","formatid":"gen9vgc2023regulationc","rating":1349,"private":0,"password":""}