{"id":"gen9vgc2023regulationc-1862092978","p1":"Wuosfihsxs","p2":"IeroTenparansu","format":"[Gen 9] VGC 2023 Regulation C","log":"|j|\u2606Wuosfihsxs\n|j|\u2606IeroTenparansu\n|t:|1683836228\n|gametype|doubles\n|player|p1|Wuosfihsxs|265|1199\n|player|p2|IeroTenparansu|madame-gen4dp|1285\n|teamsize|p1|6\n|teamsize|p2|6\n|gen|9\n|tier|[Gen 9] VGC 2023 Regulation C\n|rated|\n|rule|Species Clause: Limit one of each Pok\u00e9mon\n|rule|Item Clause: Limit one of each item\n|clearpoke\n|poke|p1|Palafin, L50, M|\n|poke|p1|Drednaw, L50, F|\n|poke|p1|Floatzel, L50, F|\n|poke|p1|Chien-Pao, L50|\n|poke|p1|Pelipper, L50, M|\n|poke|p1|Great Tusk, L50|\n|poke|p2|Dondozo, L50, M|\n|poke|p2|Tatsugiri, L50, F|\n|poke|p2|Chi-Yu, L50|\n|poke|p2|Iron Bundle, L50|\n|poke|p2|Flutter Mane, L50|\n|poke|p2|Glimmora, L50, M|\n|teampreview|4\n|\n|t:|1683836260\n|start\n|switch|p1a: Drednaw|Drednaw, L50, F|100\/100\n|switch|p1b: Pelipper|Pelipper, L50, M|100\/100\n|switch|p2a: Iron Bundle|Iron Bundle, L50, shiny|100\/100\n|switch|p2b: Glimmora|Glimmora, L50, M, shiny|100\/100\n|-weather|RainDance|[from] ability: Drizzle|[of] p1b: Pelipper\n|-enditem|p2a: Iron Bundle|Booster Energy\n|-activate|p2a: Iron Bundle|ability: Quark Drive|[fromitem]\n|-start|p2a: Iron Bundle|quarkdrivespe\n|turn|1\n|\n|t:|1683836284\n|-terastallize|p2b: Glimmora|Grass\n|move|p1b: Pelipper|Protect|p1b: Pelipper\n|-singleturn|p1b: Pelipper|Protect\n|move|p2a: Iron Bundle|Freeze-Dry|p1b: Pelipper\n|-activate|p1b: Pelipper|move: Protect\n|move|p1a: Drednaw|Rock Slide|p2b: Glimmora|[spread] p2b\n|-miss|p1a: Drednaw|p2a: Iron Bundle\n|-damage|p2b: Glimmora|64\/100\n|-activate|p2b: Glimmora|ability: Toxic Debris\n|-sidestart|p1: Wuosfihsxs|move: Toxic Spikes\n|move|p2b: Glimmora|Energy Ball|p1a: Drednaw\n|-supereffective|p1a: Drednaw\n|-damage|p1a: Drednaw|0 fnt\n|faint|p1a: Drednaw\n|\n|-weather|RainDance|[upkeep]\n|upkeep\n|\n|t:|1683836303\n|switch|p1a: Floatzel|Floatzel, L50, F|100\/100\n|-status|p1a: Floatzel|psn\n|turn|2\n|\n|t:|1683836310\n|move|p1a: Floatzel|Protect|p1a: Floatzel\n|-singleturn|p1a: Floatzel|Protect\n|move|p2a: Iron Bundle|Icy Wind|p1b: Pelipper|[spread] p1b\n|-activate|p1a: Floatzel|move: Protect\n|-damage|p1b: Pelipper|61\/100\n|-unboost|p1b: Pelipper|spe|1\n|move|p2b: Glimmora|Mortal Spin|p1b: Pelipper|[spread] p1b\n|-activate|p1a: Floatzel|move: Protect\n|-damage|p1b: Pelipper|54\/100\n|-status|p1b: Pelipper|psn\n|move|p1b: Pelipper|Hurricane|p2a: Iron Bundle\n|-damage|p2a: Iron Bundle|0 fnt\n|faint|p2a: Iron Bundle\n|-end|p2a: Iron Bundle|Quark Drive|[silent]\n|\n|-weather|RainDance|[upkeep]\n|-damage|p1a: Floatzel|88\/100 psn|[from] psn\n|-damage|p1b: Pelipper|42\/100 psn|[from] psn\n|upkeep\n|\n|t:|1683836328\n|switch|p2a: Dondozo|Dondozo, L50, M|100\/100\n|turn|3\n|\n|t:|1683836340\n|move|p2a: Dondozo|Protect|p2a: Dondozo\n|-singleturn|p2a: Dondozo|Protect\n|move|p1a: Floatzel|Substitute|p1a: Floatzel\n|-start|p1a: Floatzel|Substitute\n|-damage|p1a: Floatzel|63\/100 psn\n|move|p2b: Glimmora|Energy Ball|p1a: Floatzel\n|-supereffective|p1a: Floatzel\n|-end|p1a: Floatzel|Substitute\n|move|p1b: Pelipper|Hurricane|p2b: Glimmora\n|-supereffective|p2b: Glimmora\n|-damage|p2b: Glimmora|0 fnt\n|faint|p2b: Glimmora\n|\n|-weather|RainDance|[upkeep]\n|-damage|p1a: Floatzel|51\/100 psn|[from] psn\n|-damage|p1b: Pelipper|29\/100 psn|[from] psn\n|upkeep\n|\n|t:|1683836353\n|switch|p2b: Tatsugiri|Tatsugiri, L50, F|100\/100\n|-activate|p2b: Tatsugiri|ability: Commander|[of] p2a: Dondozo\n|-boost|p2a: Dondozo|atk|2\n|-boost|p2a: Dondozo|spa|2\n|-boost|p2a: Dondozo|spe|2\n|-boost|p2a: Dondozo|def|2\n|-boost|p2a: Dondozo|spd|2\n|turn|4\n|\n|t:|1683836372\n|move|p1a: Floatzel|Protect|p1a: Floatzel\n|-singleturn|p1a: Floatzel|Protect\n|move|p2a: Dondozo|Wave Crash|p1b: Pelipper\n|-resisted|p1b: Pelipper\n|-damage|p1b: Pelipper|0 fnt\n|faint|p1b: Pelipper\n|-damage|p2a: Dondozo|95\/100|[from] Recoil\n|\n|-weather|RainDance|[upkeep]\n|-heal|p2a: Dondozo|100\/100|[from] item: Leftovers\n|-damage|p1a: Floatzel|38\/100 psn|[from] psn\n|upkeep\n|\n|t:|1683836375\n|switch|p1b: Chien-Pao|Chien-Pao, L50|100\/100\n|-status|p1b: Chien-Pao|psn\n|-ability|p1b: Chien-Pao|Sword of Ruin\n|turn|5\n|\n|t:|1683836387\n|move|p1a: Floatzel|Icy Wind|p2b: Tatsugiri|[spread] p2a\n|-miss|p1a: Floatzel|p2b: Tatsugiri\n|-resisted|p2a: Dondozo\n|-damage|p2a: Dondozo|98\/100\n|-unboost|p2a: Dondozo|spe|1\n|-damage|p1a: Floatzel|28\/100 psn|[from] item: Life Orb\n|move|p1b: Chien-Pao|Haze|p1b: Chien-Pao\n|-clearallboost\n|move|p2a: Dondozo|Earthquake|p1b: Chien-Pao|[spread] p1a,p1b\n|-miss|p2a: Dondozo|p2b: Tatsugiri\n|-damage|p1a: Floatzel|0 fnt\n|-damage|p1b: Chien-Pao|70\/100 psn\n|faint|p1a: Floatzel\n|\n|-weather|RainDance|[upkeep]\n|-heal|p2a: Dondozo|100\/100|[from] item: Leftovers\n|-damage|p1b: Chien-Pao|57\/100 psn|[from] psn\n|upkeep\n|turn|6\n|l|\u2606Wuosfihsxs\n|player|p1|\n|inactive|Battle timer is ON: inactive players will automatically lose when time's up. (requested by IeroTenparansu)\n|inactive|Wuosfihsxs has 30 seconds to reconnect!\n|inactive|Wuosfihsxs has 20 seconds to reconnect!\n|inactive|Wuosfihsxs has 15 seconds to reconnect!\n|inactive|Wuosfihsxs has 10 seconds to reconnect!\n|inactive|Wuosfihsxs has 5 seconds to reconnect!\n|-message|Wuosfihsxs lost due to inactivity.\n|\n|win|IeroTenparansu\n|raw|Wuosfihsxs's rating: 1199 → 1180<\/strong> (-19 for losing)\n|raw|IeroTenparansu's rating: 1285 → 1304<\/strong> (+19 for winning)\n","uploadtime":1683836497,"views":11,"p1id":"wuosfihsxs","p2id":"ierotenparansu","formatid":"gen9vgc2023regulationc","rating":1180,"private":0,"password":""}