{"id":"gen9vgc2023regulationc-1849639586","p1":"Rhoads031","p2":"ImmatWork","format":"[Gen 9] VGC 2023 Regulation C","log":"|j|\u2606Rhoads031\n|j|\u2606ImmatWork\n|t:|1682224052\n|gametype|doubles\n|player|p1|Rhoads031|102|1365\n|player|p2|ImmatWork|aromalady|1325\n|teamsize|p1|6\n|teamsize|p2|6\n|gen|9\n|tier|[Gen 9] VGC 2023 Regulation C\n|rated|\n|rule|Species Clause: Limit one of each Pok\u00e9mon\n|rule|Item Clause: Limit one of each item\n|clearpoke\n|poke|p1|Palafin, L50, M|\n|poke|p1|Amoonguss, L50, F|\n|poke|p1|Flutter Mane, L50|\n|poke|p1|Ting-Lu, L50|\n|poke|p1|Kingambit, L50, M|\n|poke|p1|Tauros-Paldea-Blaze, L50, M|\n|poke|p2|Garganacl, L50, F|\n|poke|p2|Rabsca, L50, F|\n|poke|p2|Houndstone, L50, M|\n|poke|p2|Ting-Lu, L50|\n|poke|p2|Torkoal, L50, M|\n|poke|p2|Oranguru, L50, M|\n|teampreview|4\n|inactive|Battle timer is ON: inactive players will automatically lose when time's up. (requested by Rhoads031)\n|\n|t:|1682224069\n|start\n|switch|p1a: Flutter Mane|Flutter Mane, L50, shiny|100\/100\n|switch|p1b: Kingambit|Kingambit, L50, M|100\/100\n|switch|p2a: Oranguru|Oranguru, L50, M|100\/100\n|switch|p2b: Garganacl|Garganacl, L50, F|100\/100\n|turn|1\n|inactive|ImmatWork has 30 seconds left.\n|inactive|ImmatWork has 20 seconds left.\n|inactive|ImmatWork has 15 seconds left.\n|inactive|ImmatWork has 10 seconds left.\n|inactive|ImmatWork has 5 seconds left.\n|\n|t:|1682224121\n|-terastallize|p2a: Oranguru|Normal\n|move|p2b: Garganacl|Wide Guard|p2b: Garganacl\n|-singleturn|p2b: Garganacl|Wide Guard\n|move|p1a: Flutter Mane|Moonblast|p2b: Garganacl\n|-damage|p2b: Garganacl|46\/100\n|move|p1b: Kingambit|Swords Dance|p1b: Kingambit\n|-boost|p1b: Kingambit|atk|2\n|move|p2a: Oranguru|Trick Room|p2a: Oranguru\n|-fieldstart|move: Trick Room|[of] p2a: Oranguru\n|\n|upkeep\n|turn|2\n|\n|t:|1682224137\n|move|p2b: Garganacl|Rock Slide|p1b: Kingambit|[spread] p1a,p1b\n|-resisted|p1b: Kingambit\n|-damage|p1a: Flutter Mane|46\/100\n|-damage|p1b: Kingambit|91\/100\n|move|p2a: Oranguru|Instruct|p2b: Garganacl\n|-singleturn|p2b: Garganacl|move: Instruct|[of] p2a: Oranguru\n|move|p2b: Garganacl|Rock Slide|p1b: Kingambit|[spread] p1a,p1b\n|-resisted|p1b: Kingambit\n|-damage|p1a: Flutter Mane|0 fnt\n|-damage|p1b: Kingambit|81\/100\n|faint|p1a: Flutter Mane\n|-end|p1a: Flutter Mane|Protosynthesis|[silent]\n|cant|p1b: Kingambit|flinch\n|\n|upkeep\n|\n|t:|1682224152\n|switch|p1a: Ting-Lu|Ting-Lu, L50|100\/100\n|-ability|p1a: Ting-Lu|Vessel of Ruin\n|turn|3\n|j| coolerdynastic\n|\n|t:|1682224171\n|move|p1a: Ting-Lu|Stomping Tantrum|p2b: Garganacl\n|-supereffective|p2b: Garganacl\n|-damage|p2b: Garganacl|0 fnt\n|faint|p2b: Garganacl\n|move|p2a: Oranguru|Instruct|p2: Garganacl|[notarget]\n|-fail|p2a: Oranguru\n|move|p1b: Kingambit|Kowtow Cleave|p2a: Oranguru\n|-damage|p2a: Oranguru|2\/100\n|\n|upkeep\n|\n|t:|1682224183\n|switch|p2b: Torkoal|Torkoal, L50, M|100\/100\n|-weather|SunnyDay|[from] ability: Drought|[of] p2b: Torkoal\n|turn|4\n|\n|t:|1682224201\n|-terastallize|p1a: Ting-Lu|Ground\n|move|p1b: Kingambit|Protect|p1b: Kingambit\n|-singleturn|p1b: Kingambit|Protect\n|move|p2b: Torkoal|Eruption|p1a: Ting-Lu|[spread] p1a\n|-activate|p1b: Kingambit|move: Protect\n|-damage|p1a: Ting-Lu|71\/100\n|move|p1a: Ting-Lu|Stomping Tantrum|p2b: Torkoal\n|-supereffective|p2b: Torkoal\n|-damage|p2b: Torkoal|28\/100\n|move|p2a: Oranguru|Instruct|p2b: Torkoal\n|-singleturn|p2b: Torkoal|move: Instruct|[of] p2a: Oranguru\n|move|p2b: Torkoal|Eruption|p1a: Ting-Lu|[spread] p1a\n|-activate|p1b: Kingambit|move: Protect\n|-damage|p1a: Ting-Lu|63\/100\n|\n|-weather|SunnyDay|[upkeep]\n|upkeep\n|turn|5\n|\n|t:|1682224224\n|move|p1b: Kingambit|Sucker Punch|p2b: Torkoal\n|-damage|p2b: Torkoal|0 fnt\n|faint|p2b: Torkoal\n|move|p1a: Ting-Lu|Stomping Tantrum|p2a: Oranguru\n|-damage|p2a: Oranguru|0 fnt\n|faint|p2a: Oranguru\n|\n|-weather|SunnyDay|[upkeep]\n|-fieldend|move: Trick Room\n|upkeep\n|-message|ImmatWork forfeited.\n|\n|win|Rhoads031\n|raw|Rhoads031's rating: 1365 → 1383<\/strong> (+18 for winning)\n|raw|ImmatWork's rating: 1325 → 1307<\/strong> (-18 for losing)\n|l|\u2606ImmatWork\n","uploadtime":1682224251,"views":13,"p1id":"rhoads031","p2id":"immatwork","formatid":"gen9vgc2023regulationc","rating":1307,"private":0,"password":""}