{"id":"gen9vgc2023regulationc-1849711168","p1":"420monkidori","p2":"GHS730","format":"[Gen 9] VGC 2023 Regulation C","log":"|j|\u2606420monkidori\n|j|\u2606GHS730\n|t:|1682237264\n|gametype|doubles\n|player|p1|420monkidori|1|1213\n|player|p2|GHS730|gambler|1131\n|teamsize|p1|6\n|teamsize|p2|6\n|gen|9\n|tier|[Gen 9] VGC 2023 Regulation C\n|rated|\n|rule|Species Clause: Limit one of each Pok\u00e9mon\n|rule|Item Clause: Limit one of each item\n|clearpoke\n|poke|p1|Gothitelle, L50, F|\n|poke|p1|Brute Bonnet, L50|\n|poke|p1|Torkoal, L50, F|\n|poke|p1|Scream Tail, L50|\n|poke|p1|Ting-Lu, L50|\n|poke|p1|Flutter Mane, L50|\n|poke|p2|Wo-Chien, L50|\n|poke|p2|Scizor, L50, M|\n|poke|p2|Gastrodon-East, L50, F|\n|poke|p2|Armarouge, L50, F|\n|poke|p2|Indeedee-F, L50, F|\n|poke|p2|Iron Bundle, L50|\n|teampreview|4\n|inactive|Battle timer is ON: inactive players will automatically lose when time's up. (requested by GHS730)\n|\n|t:|1682237291\n|start\n|switch|p1a: Ting-Lu|Ting-Lu, L50|100\/100\n|switch|p1b: Brute Bonnet|Brute Bonnet, L50, shiny|100\/100\n|switch|p2a: Scizor|Scizor, L50, M|100\/100\n|switch|p2b: Iron Bundle|Iron Bundle, L50|100\/100\n|-ability|p1a: Ting-Lu|Vessel of Ruin\n|turn|1\n|\n|t:|1682237315\n|-terastallize|p1b: Brute Bonnet|Poison\n|move|p2b: Iron Bundle|Icy Wind|p1b: Brute Bonnet|[spread] p1a,p1b\n|-supereffective|p1a: Ting-Lu\n|-damage|p1a: Ting-Lu|87\/100\n|-damage|p1b: Brute Bonnet|89\/100\n|-unboost|p1a: Ting-Lu|spe|1\n|-unboost|p1b: Brute Bonnet|spe|1\n|move|p2a: Scizor|U-turn|p1b: Brute Bonnet\n|-resisted|p1b: Brute Bonnet\n|-damage|p1b: Brute Bonnet|73\/100\n|\n|t:|1682237329\n|switch|p2a: Indeedee|Indeedee-F, L50, F|100\/100|[from] U-turn\n|-fieldstart|move: Psychic Terrain|[from] ability: Psychic Surge|[of] p2a: Indeedee\n|move|p1b: Brute Bonnet|Spore|p2a: Indeedee\n|-activate|p2a: Indeedee|item: Safety Goggles|Spore\n|move|p1a: Ting-Lu|Body Press|p2b: Iron Bundle\n|-supereffective|p2b: Iron Bundle\n|-damage|p2b: Iron Bundle|37\/100\n|\n|upkeep\n|turn|2\n|\n|t:|1682237349\n|-end|p1b: Brute Bonnet|Protosynthesis|[silent]\n|switch|p1b: Gothitelle|Gothitelle, L50, F|100\/100\n|move|p2a: Indeedee|Follow Me|p2a: Indeedee\n|-singleturn|p2a: Indeedee|move: Follow Me\n|move|p2b: Iron Bundle|Hydro Pump|p1a: Ting-Lu\n|-supereffective|p1a: Ting-Lu\n|-damage|p1a: Ting-Lu|52\/100\n|move|p1a: Ting-Lu|Snarl|p2b: Iron Bundle|[spread] p2a,p2b\n|-supereffective|p2a: Indeedee\n|-damage|p2a: Indeedee|86\/100\n|-damage|p2b: Iron Bundle|18\/100\n|-unboost|p2a: Indeedee|spa|1\n|-unboost|p2b: Iron Bundle|spa|1\n|\n|upkeep\n|turn|3\n|\n|t:|1682237368\n|move|p2a: Indeedee|Helping Hand|p2b: Iron Bundle\n|-singleturn|p2b: Iron Bundle|Helping Hand|[of] p2a: Indeedee\n|move|p2b: Iron Bundle|Icy Wind|p1a: Ting-Lu|[spread] p1a,p1b\n|-supereffective|p1a: Ting-Lu\n|-damage|p1a: Ting-Lu|38\/100\n|-damage|p1b: Gothitelle|85\/100\n|-unboost|p1a: Ting-Lu|spe|1\n|-unboost|p1b: Gothitelle|spe|1\n|move|p1b: Gothitelle|Foul Play|p2a: Indeedee\n|-supereffective|p2a: Indeedee\n|-damage|p2a: Indeedee|63\/100\n|move|p1a: Ting-Lu|Snarl|p2b: Iron Bundle|[spread] p2a,p2b\n|-supereffective|p2a: Indeedee\n|-crit|p2b: Iron Bundle\n|-damage|p2a: Indeedee|49\/100\n|-damage|p2b: Iron Bundle|0 fnt\n|-unboost|p2a: Indeedee|spa|1\n|faint|p2b: Iron Bundle\n|-end|p2b: Iron Bundle|Quark Drive|[silent]\n|\n|upkeep\n|\n|t:|1682237393\n|switch|p2b: Scizor|Scizor, L50, M|100\/100\n|turn|4\n|inactive|420monkidori has 30 seconds left.\n|\n|t:|1682237419\n|move|p1b: Gothitelle|Protect|p1b: Gothitelle\n|-singleturn|p1b: Gothitelle|Protect\n|move|p2a: Indeedee|Follow Me|p2a: Indeedee\n|-singleturn|p2a: Indeedee|move: Follow Me\n|move|p2b: Scizor|U-turn|p1a: Ting-Lu\n|-supereffective|p1a: Ting-Lu\n|-damage|p1a: Ting-Lu|0 fnt\n|faint|p1a: Ting-Lu\n|\n|t:|1682237427\n|switch|p2b: Armarouge|Armarouge, L50, F|100\/100|[from] U-turn\n|-enditem|p2b: Armarouge|Psychic Seed\n|-boost|p2b: Armarouge|spd|1|[from] item: Psychic Seed\n|\n|upkeep\n|\n|t:|1682237435\n|switch|p1a: Scream Tail|Scream Tail, L50|100\/100\n|turn|5\n|\n|t:|1682237451\n|-terastallize|p2b: Armarouge|Fire\n|move|p2a: Indeedee|Helping Hand|p2b: Armarouge\n|-singleturn|p2b: Armarouge|Helping Hand|[of] p2a: Indeedee\n|move|p1a: Scream Tail|Perish Song|p1a: Scream Tail\n|-start|p1a: Scream Tail|perish3|[silent]\n|-start|p1b: Gothitelle|perish3|[silent]\n|-start|p2a: Indeedee|perish3|[silent]\n|-start|p2b: Armarouge|perish3|[silent]\n|-fieldactivate|move: Perish Song\n|move|p2b: Armarouge|Heat Wave|p1b: Gothitelle|[spread] p1b\n|-miss|p2b: Armarouge|p1a: Scream Tail\n|-damage|p1b: Gothitelle|24\/100\n|move|p1b: Gothitelle|Fling|p2b: Armarouge\n|-damage|p2b: Armarouge|96\/100\n|-enditem|p1b: Gothitelle|King's Rock|[from] move: Fling\n|\n|-start|p1a: Scream Tail|perish3\n|-start|p2a: Indeedee|perish3\n|-start|p2b: Armarouge|perish3\n|-start|p1b: Gothitelle|perish3\n|-fieldend|move: Psychic Terrain\n|upkeep\n|turn|6\n|inactive|420monkidori has 30 seconds left.\n|\n|t:|1682237477\n|move|p1b: Gothitelle|Protect|p1b: Gothitelle\n|-singleturn|p1b: Gothitelle|Protect\n|move|p2a: Indeedee|Follow Me|p2a: Indeedee\n|-singleturn|p2a: Indeedee|move: Follow Me\n|move|p2b: Armarouge|Heat Wave|p1b: Gothitelle|[spread] p1a\n|-activate|p1b: Gothitelle|move: Protect\n|-damage|p1a: Scream Tail|62\/100\n|move|p1a: Scream Tail|Trick Room|p1a: Scream Tail\n|-fieldstart|move: Trick Room|[of] p1a: Scream Tail\n|\n|-start|p1b: Gothitelle|perish2\n|-start|p2b: Armarouge|perish2\n|-start|p2a: Indeedee|perish2\n|-start|p1a: Scream Tail|perish2\n|upkeep\n|turn|7\n|\n|t:|1682237498\n|move|p2a: Indeedee|Helping Hand|p2b: Armarouge\n|-singleturn|p2b: Armarouge|Helping Hand|[of] p2a: Indeedee\n|move|p1b: Gothitelle|Protect||[still]\n|-fail|p1b: Gothitelle\n|move|p2b: Armarouge|Heat Wave|p1b: Gothitelle|[spread] p1a\n|-miss|p2b: Armarouge|p1b: Gothitelle\n|-damage|p1a: Scream Tail|8\/100\n|-enditem|p1a: Scream Tail|Sitrus Berry|[eat]\n|-heal|p1a: Scream Tail|33\/100|[from] item: Sitrus Berry\n|move|p1a: Scream Tail|Dazzling Gleam|p2a: Indeedee|[spread] p2a,p2b\n|-resisted|p2b: Armarouge\n|-damage|p2a: Indeedee|38\/100\n|-damage|p2b: Armarouge|91\/100\n|\n|-start|p1b: Gothitelle|perish1\n|-start|p2b: Armarouge|perish1\n|-start|p2a: Indeedee|perish1\n|-start|p1a: Scream Tail|perish1\n|upkeep\n|turn|8\n|inactive|GHS730 has 30 seconds left.\n|inactive|420monkidori has 30 seconds left.\n|\n|t:|1682237538\n|switch|p1b: Brute Bonnet|Brute Bonnet, L50, shiny, tera:Poison|73\/100\n|move|p2a: Indeedee|Helping Hand|p2b: Armarouge\n|-singleturn|p2b: Armarouge|Helping Hand|[of] p2a: Indeedee\n|move|p1a: Scream Tail|Protect|p1a: Scream Tail\n|-singleturn|p1a: Scream Tail|Protect\n|move|p2b: Armarouge|Heat Wave|p1b: Brute Bonnet|[spread] \n|-activate|p1a: Scream Tail|move: Protect\n|-miss|p2b: Armarouge|p1b: Brute Bonnet\n|\n|-start|p2b: Armarouge|perish0\n|-start|p2a: Indeedee|perish0\n|-start|p1a: Scream Tail|perish0\n|faint|p2b: Armarouge\n|faint|p2a: Indeedee\n|faint|p1a: Scream Tail\n|-end|p1a: Scream Tail|Protosynthesis|[silent]\n|upkeep\n|inactive|GHS730 has 30 seconds left.\n|\n|t:|1682237568\n|switch|p2b: Scizor|Scizor, L50, M|100\/100\n|switch|p1a: Gothitelle|Gothitelle, L50, F|24\/100\n|turn|9\n|\n|t:|1682237576\n|move|p2b: Scizor|Protect|p2b: Scizor\n|-singleturn|p2b: Scizor|Protect\n|move|p1a: Gothitelle|Fake Out|p2b: Scizor\n|-activate|p2b: Scizor|move: Protect\n|move|p1b: Brute Bonnet|Spore|p2b: Scizor\n|-activate|p2b: Scizor|move: Protect\n|\n|upkeep\n|turn|10\n|\n|t:|1682237599\n|move|p1a: Gothitelle|Protect|p1a: Gothitelle\n|-singleturn|p1a: Gothitelle|Protect\n|move|p2b: Scizor|Bullet Punch|p1a: Gothitelle\n|-activate|p1a: Gothitelle|move: Protect\n|move|p1b: Brute Bonnet|Spore|p2b: Scizor\n|-status|p2b: Scizor|slp|[from] move: Spore\n|\n|-fieldend|move: Trick Room\n|upkeep\n|turn|11\n|\n|t:|1682237612\n|cant|p2b: Scizor|slp\n|move|p1a: Gothitelle|Foul Play|p2b: Scizor\n|-damage|p2b: Scizor|63\/100 slp\n|move|p1b: Brute Bonnet|Close Combat|p2b: Scizor\n|-damage|p2b: Scizor|13\/100 slp\n|-unboost|p1b: Brute Bonnet|def|1\n|-unboost|p1b: Brute Bonnet|spd|1\n|\n|upkeep\n|turn|12\n|\n|t:|1682237623\n|cant|p2b: Scizor|slp\n|move|p1a: Gothitelle|Foul Play|p2b: Scizor\n|-damage|p2b: Scizor|0 fnt\n|faint|p2b: Scizor\n|\n|win|420monkidori\n|raw|420monkidori's rating: 1213 → 1232<\/strong> (+19 for winning)\n|raw|GHS730's rating: 1131 → 1112<\/strong> (-19 for losing)\n|c|\u2606420monkidori|GgZ\n|l|\u2606420monkidori\n","uploadtime":1682237710,"views":14,"p1id":"420monkidori","p2id":"ghs730","formatid":"gen9vgc2023regulationc","rating":1112,"private":0,"password":""}