{"id":"gen9vgc2023regulationc-1854440682","p1":"Texas Landsharks","p2":"gazzlb","format":"[Gen 9] VGC 2023 Regulation C","log":"|j|\u2606Texas Landsharks\n|j|\u2606gazzlb\n|t:|1682811234\n|gametype|doubles\n|player|p1|Texas Landsharks|cynthia|\n|player|p2|gazzlb|170|\n|teamsize|p1|6\n|teamsize|p2|6\n|gen|9\n|tier|[Gen 9] VGC 2023 Regulation C\n|rule|Species Clause: Limit one of each Pok\u00e9mon\n|rule|Item Clause: Limit one of each item\n|clearpoke\n|poke|p1|Spiritomb, L50, M|\n|poke|p1|Torkoal, L50, M|\n|poke|p1|Sandy Shocks, L50|\n|poke|p1|Revavroom, L50, M|\n|poke|p1|Dragonite, L50, M|\n|poke|p1|Hariyama, L50, M|\n|poke|p2|Indeedee-F, L50, F|\n|poke|p2|Armarouge, L50, F|\n|poke|p2|Dachsbun, L50, M|\n|poke|p2|Hippowdon, L50, F|\n|poke|p2|Lycanroc, L50, M|\n|poke|p2|Falinks, L50|\n|teampreview|4\nTexas Landsharks rejected open team sheets.\n|j| Jay Jingles\n|c|\u2606gazzlb|g1\n|j| Kyogre Canucks\n|c| Kyogre Canucks|glhf\n|j| Dogzie\n|j| kevsmoreno\n|c|\u2606gazzlb|glhf\n|c|\u2606Texas Landsharks|u2\n|c| Jay Jingles|May the winner win\n|j| anthonynn\n|\n|t:|1682811397\n|start\n|switch|p1a: Hariyama|Hariyama, L50, M|100\/100\n|switch|p1b: Dragonite|Dragonite, L50, M|100\/100\n|switch|p2a: Indeedee|Indeedee-F, L50, F|100\/100\n|switch|p2b: Dachsbun|Dachsbun, L50, M|100\/100\n|-fieldstart|move: Psychic Terrain|[from] ability: Psychic Surge|[of] p2a: Indeedee\n|-enditem|p2a: Indeedee|Psychic Seed\n|-boost|p2a: Indeedee|spd|1|[from] item: Psychic Seed\n|turn|1\n|c| anthonynn|may the winner lose and the loser win\n|\n|t:|1682811420\n|-terastallize|p1a: Hariyama|Dark\n|move|p2a: Indeedee|Fake Out|p1b: Dragonite\n|-hint|Psychic Terrain doesn't affect Pok\u00e9mon immune to Ground.\n|-damage|p1b: Dragonite|97\/100\n|move|p2b: Dachsbun|Play Rough|p1b: Dragonite\n|-supereffective|p1b: Dragonite\n|-damage|p1b: Dragonite|36\/100\n|cant|p1b: Dragonite|flinch\n|move|p1a: Hariyama|Knock Off|p2a: Indeedee\n|-supereffective|p2a: Indeedee\n|-damage|p2a: Indeedee|35\/100\n|\n|-status|p1a: Hariyama|brn|[from] item: Flame Orb\n|upkeep\n|turn|2\n|\n|t:|1682811445\n|-terastallize|p2b: Dachsbun|Fairy\n|move|p2a: Indeedee|Helping Hand|p2b: Dachsbun\n|-singleturn|p2b: Dachsbun|Helping Hand|[of] p2a: Indeedee\n|move|p1a: Hariyama|Detect|p1a: Hariyama\n|-singleturn|p1a: Hariyama|Protect\n|move|p2b: Dachsbun|Play Rough|p1a: Hariyama\n|-activate|p1a: Hariyama|move: Protect\n|move|p1b: Dragonite|Chilling Water|p2b: Dachsbun\n|-damage|p2b: Dachsbun|83\/100\n|-unboost|p2b: Dachsbun|atk|1\n|\n|-damage|p1a: Hariyama|95\/100 brn|[from] brn\n|upkeep\n|turn|3\n|\n|t:|1682811467\n|switch|p2a: Hippowdon|Hippowdon, L50, F|100\/100\n|-weather|Sandstorm|[from] ability: Sand Stream|[of] p2a: Hippowdon\n|switch|p1a: Torkoal|Torkoal, L50, M|100\/100\n|-weather|SunnyDay|[from] ability: Drought|[of] p1a: Torkoal\n|move|p2b: Dachsbun|Play Rough|p1b: Dragonite\n|-supereffective|p1b: Dragonite\n|-damage|p1b: Dragonite|0 fnt\n|faint|p1b: Dragonite\n|\n|-weather|SunnyDay|[upkeep]\n|upkeep\n|\n|t:|1682811490\n|switch|p1b: Sandy Shocks|Sandy Shocks, L50|100\/100\n|-activate|p1b: Sandy Shocks|ability: Protosynthesis\n|-start|p1b: Sandy Shocks|protosynthesisspe\n|turn|4\n|\n|t:|1682811516\n|move|p2b: Dachsbun|Helping Hand|p2a: Hippowdon\n|-singleturn|p2a: Hippowdon|Helping Hand|[of] p2b: Dachsbun\n|move|p1b: Sandy Shocks|Earth Power|p2a: Hippowdon\n|-damage|p2a: Hippowdon|51\/100\n|-damage|p1b: Sandy Shocks|91\/100|[from] item: Life Orb\n|move|p2a: Hippowdon|Stomping Tantrum|p1b: Sandy Shocks\n|-supereffective|p1b: Sandy Shocks\n|-damage|p1b: Sandy Shocks|0 fnt\n|faint|p1b: Sandy Shocks\n|-end|p1b: Sandy Shocks|Protosynthesis|[silent]\n|move|p1a: Torkoal|Eruption|p2a: Hippowdon|[spread] p2a\n|-ability|p2b: Dachsbun|Well-Baked Body|boost\n|-boost|p2b: Dachsbun|def|2\n|-damage|p2a: Hippowdon|0 fnt\n|faint|p2a: Hippowdon\n|\n|-weather|SunnyDay|[upkeep]\n|upkeep\n|\n|t:|1682811531\n|switch|p1b: Hariyama|Hariyama, L50, M, tera:Dark|95\/100 brn\n|switch|p2a: Armarouge|Armarouge, L50, F, shiny|100\/100\n|turn|5\n|\n|t:|1682811560\n|move|p2a: Armarouge|Expanding Force|p1b: Hariyama|[spread] p1a\n|-immune|p1b: Hariyama\n|-damage|p1a: Torkoal|27\/100\n|move|p2b: Dachsbun|Body Press|p1b: Hariyama\n|-supereffective|p1b: Hariyama\n|-damage|p1b: Hariyama|11\/100 brn\n|move|p1b: Hariyama|Rock Slide|p2a: Armarouge|[spread] p2a,p2b\n|-supereffective|p2a: Armarouge\n|-damage|p2a: Armarouge|37\/100\n|-damage|p2b: Dachsbun|69\/100\n|move|p1a: Torkoal|Earth Power|p2a: Armarouge\n|-supereffective|p2a: Armarouge\n|-damage|p2a: Armarouge|0 fnt\n|faint|p2a: Armarouge\n|\n|-weather|SunnyDay|[upkeep]\n|-damage|p1b: Hariyama|5\/100 brn|[from] brn\n|-fieldend|move: Psychic Terrain\n|upkeep\n|\n|t:|1682811572\n|switch|p2a: Indeedee|Indeedee-F, L50, F|35\/100\n|-fieldstart|move: Psychic Terrain|[from] ability: Psychic Surge|[of] p2a: Indeedee\n|turn|6\n|\n|t:|1682811580\n|move|p2b: Dachsbun|Body Press|p1a: Torkoal\n|-damage|p1a: Torkoal|0 fnt\n|faint|p1a: Torkoal\n|move|p2a: Indeedee|Dazzling Gleam|p1b: Hariyama\n|-supereffective|p1b: Hariyama\n|-damage|p1b: Hariyama|0 fnt\n|faint|p1b: Hariyama\n|\n|win|gazzlb\n|l| Dogzie\n|c|\u2606Texas Landsharks|gg\n|c|\u2606gazzlb|gg\n|l| anthonynn\n|l| kevsmoreno\n|l| Jay Jingles\n|l|\u2606gazzlb\n|l| Kyogre Canucks\n|j|\u2606gazzlb\n|player|p2|gazzlb|170\n","uploadtime":1682811589,"views":16,"p1id":"texaslandsharks","p2id":"gazzlb","formatid":"gen9vgc2023regulationc","rating":0,"private":0,"password":""}