{"id":"gen9vgc2023regulationc-1845018962","p1":"SoMuchAppletun","p2":"jaydon8463","format":"[Gen 9] VGC 2023 Regulation C","log":"|j|\u2606SoMuchAppletun\n|j|\u2606jaydon8463\n|t:|1681674628\n|gametype|doubles\n|player|p1|SoMuchAppletun|bede-masters|1250\n|player|p2|jaydon8463|169|1224\n|teamsize|p1|6\n|teamsize|p2|6\n|gen|9\n|tier|[Gen 9] VGC 2023 Regulation C\n|rated|\n|rule|Species Clause: Limit one of each Pok\u00e9mon\n|rule|Item Clause: Limit one of each item\n|clearpoke\n|poke|p1|Scream Tail, L50|\n|poke|p1|Arcanine, L50, M|\n|poke|p1|Scovillain, L50, F|\n|poke|p1|Great Tusk, L50|\n|poke|p1|Chi-Yu, L50|\n|poke|p1|Gyarados, L50, F|\n|poke|p2|Dragapult, L50, F|\n|poke|p2|Chien-Pao, L50|\n|poke|p2|Arcanine, L50, F|\n|poke|p2|Palafin, L50, M|\n|poke|p2|Ting-Lu, L50|\n|poke|p2|Garganacl, L50, F|\n|teampreview|4\n|inactive|Battle timer is ON: inactive players will automatically lose when time's up. (requested by SoMuchAppletun)\njaydon8463 has agreed to open team sheets.\n|inactive|jaydon8463 has 60 seconds left.\n|inactive|jaydon8463 has 30 seconds left.\n|inactive|jaydon8463 has 20 seconds left.\n|inactive|jaydon8463 has 15 seconds left.\n|\n|t:|1681674705\n|start\n|switch|p1a: Scream Tail|Scream Tail, L50|100\/100\n|switch|p1b: Great Tusk|Great Tusk, L50|100\/100\n|switch|p2a: Palafin|Palafin, L50, M|100\/100\n|switch|p2b: Garganacl|Garganacl, L50, F|100\/100\n|turn|1\n|inactive|jaydon8463 has 30 seconds left.\n|\n|t:|1681674731\n|detailschange|p2a: Palafin|Palafin-Hero, L50, M\n|switch|p2a: Arcanine|Arcanine, L50, F|100\/100\n|-ability|p2a: Arcanine|Intimidate|boost\n|-unboost|p1a: Scream Tail|atk|1\n|-unboost|p1b: Great Tusk|atk|1\n|-terastallize|p2b: Garganacl|Ghost\n|move|p1a: Scream Tail|Sunny Day|p1a: Scream Tail\n|-weather|SunnyDay\n|-activate|p1a: Scream Tail|ability: Protosynthesis\n|-start|p1a: Scream Tail|protosynthesisspe\n|-activate|p1b: Great Tusk|ability: Protosynthesis\n|-start|p1b: Great Tusk|protosynthesisspe\n|move|p1b: Great Tusk|Knock Off|p2a: Arcanine\n|-damage|p2a: Arcanine|82\/100\n|-enditem|p2a: Arcanine|Safety Goggles|[from] move: Knock Off|[of] p1b: Great Tusk\n|move|p2b: Garganacl|Stealth Rock|p1b: Great Tusk\n|-sidestart|p1: SoMuchAppletun|move: Stealth Rock\n|\n|-weather|SunnyDay|[upkeep]\n|upkeep\n|turn|2\n|\n|t:|1681674754\n|-end|p1b: Great Tusk|Protosynthesis|[silent]\n|switch|p1b: Gyarados|Gyarados, L50, F|100\/100\n|-damage|p1b: Gyarados|76\/100|[from] Stealth Rock\n|-ability|p1b: Gyarados|Intimidate|boost\n|-unboost|p2a: Arcanine|atk|1\n|-unboost|p2b: Garganacl|atk|1\n|move|p2b: Garganacl|Wide Guard|p2b: Garganacl\n|-singleturn|p2b: Garganacl|Wide Guard\n|move|p1a: Scream Tail|Encore|p2b: Garganacl\n|-start|p2b: Garganacl|Encore\n|move|p2a: Arcanine|Will-O-Wisp|p1b: Gyarados\n|-status|p1b: Gyarados|brn\n|\n|-weather|SunnyDay|[upkeep]\n|-heal|p1b: Gyarados|82\/100 brn|[from] item: Leftovers\n|-damage|p1b: Gyarados|76\/100 brn|[from] brn\n|upkeep\n|turn|3\n|inactive|jaydon8463 has 30 seconds left.\n|\n|t:|1681674780\n|switch|p2a: Palafin|Palafin-Hero, L50, M|100\/100\n|-activate|p2a: Palafin|ability: Zero to Hero\n|switch|p2b: Chien-Pao|Chien-Pao, L50|100\/100\n|-ability|p2b: Chien-Pao|Sword of Ruin\n|move|p1a: Scream Tail|Encore||[still]\n|-fail|p1a: Scream Tail\n|move|p1b: Gyarados|Taunt|p2b: Chien-Pao\n|-start|p2b: Chien-Pao|move: Taunt\n|\n|-weather|SunnyDay|[upkeep]\n|-heal|p1b: Gyarados|82\/100 brn|[from] item: Leftovers\n|-damage|p1b: Gyarados|76\/100 brn|[from] brn\n|upkeep\n|turn|4\n|inactive|jaydon8463 has 30 seconds left.\n|\n|t:|1681674807\n|move|p1a: Scream Tail|Psychic Fangs|p2a: Palafin\n|-damage|p2a: Palafin|84\/100\n|move|p2b: Chien-Pao|Ice Spinner|p1a: Scream Tail\n|-damage|p1a: Scream Tail|55\/100\n|move|p2a: Palafin|Wave Crash|p1a: Scream Tail\n|-damage|p1a: Scream Tail|8\/100\n|-damage|p2a: Palafin|66\/100|[from] Recoil\n|move|p1b: Gyarados|Thunder Wave|p2a: Palafin\n|-status|p2a: Palafin|par\n|\n|-weather|SunnyDay|[upkeep]\n|-heal|p1b: Gyarados|82\/100 brn|[from] item: Leftovers\n|-damage|p1b: Gyarados|76\/100 brn|[from] brn\n|upkeep\n|turn|5\n|\n|t:|1681674832\n|switch|p2b: Garganacl|Garganacl, L50, F, tera:Ghost|100\/100\n|cant|p2a: Palafin|par\n|move|p1a: Scream Tail|Disable||[still]\n|-fail|p1a: Scream Tail\n|move|p1b: Gyarados|Thunder Wave|p2b: Garganacl\n|-immune|p2b: Garganacl|[from] ability: Purifying Salt\n|\n|-weather|SunnyDay|[upkeep]\n|-heal|p1b: Gyarados|82\/100 brn|[from] item: Leftovers\n|-damage|p1b: Gyarados|76\/100 brn|[from] brn\n|upkeep\n|turn|6\n|inactive|SoMuchAppletun has 30 seconds left.\n|inactive|SoMuchAppletun has 20 seconds left.\n|\n|t:|1681674868\n|move|p2a: Palafin|Jet Punch|p1a: Scream Tail\n|-damage|p1a: Scream Tail|0 fnt\n|faint|p1a: Scream Tail\n|-end|p1a: Scream Tail|Protosynthesis|[silent]\n|move|p1b: Gyarados|Taunt|p2b: Garganacl\n|-start|p2b: Garganacl|move: Taunt\n|move|p2b: Garganacl|Salt Cure|p1b: Gyarados\n|-supereffective|p1b: Gyarados\n|-damage|p1b: Gyarados|46\/100 brn\n|-start|p1b: Gyarados|Salt Cure\n|\n|-weather|SunnyDay|[upkeep]\n|-heal|p1b: Gyarados|52\/100 brn|[from] item: Leftovers\n|-damage|p1b: Gyarados|46\/100 brn|[from] brn\n|-damage|p1b: Gyarados|21\/100 brn|[from] Salt Cure\n|upkeep\n|\n|t:|1681674884\n|switch|p1a: Chi-Yu|Chi-Yu, L50|100\/100\n|-damage|p1a: Chi-Yu|76\/100|[from] Stealth Rock\n|-ability|p1a: Chi-Yu|Beads of Ruin\n|turn|7\n|\n|t:|1681674896\n|switch|p2a: Arcanine|Arcanine, L50, F|82\/100\n|-ability|p2a: Arcanine|Intimidate|boost\n|-unboost|p1a: Chi-Yu|atk|1\n|-unboost|p1b: Gyarados|atk|1\n|-terastallize|p1a: Chi-Yu|Grass\n|move|p1a: Chi-Yu|Dark Pulse|p2b: Garganacl\n|-supereffective|p2b: Garganacl\n|-damage|p2b: Garganacl|2\/100\n|-damage|p1a: Chi-Yu|66\/100|[from] item: Life Orb\n|move|p1b: Gyarados|Waterfall|p2b: Garganacl\n|-damage|p2b: Garganacl|0 fnt\n|faint|p2b: Garganacl\n|\n|-weather|SunnyDay|[upkeep]\n|-heal|p1b: Gyarados|27\/100 brn|[from] item: Leftovers\n|-damage|p1b: Gyarados|21\/100 brn|[from] brn\n|-damage|p1b: Gyarados|0 fnt|[from] Salt Cure\n|faint|p1b: Gyarados\n|upkeep\n|\n|t:|1681674916\n|switch|p1b: Great Tusk|Great Tusk, L50|100\/100\n|switch|p2b: Chien-Pao|Chien-Pao, L50|100\/100\n|-ability|p2b: Chien-Pao|Sword of Ruin\n|-damage|p1b: Great Tusk|98\/100|[from] Stealth Rock\n|-activate|p1b: Great Tusk|ability: Protosynthesis\n|-start|p1b: Great Tusk|protosynthesisspe\n|turn|8\n|inactive|jaydon8463 has 30 seconds left.\n|\n|t:|1681674950\n|move|p1a: Chi-Yu|Protect|p1a: Chi-Yu\n|-singleturn|p1a: Chi-Yu|Protect\n|move|p2b: Chien-Pao|Sucker Punch||[still]\n|-fail|p2b: Chien-Pao\n|move|p1b: Great Tusk|Close Combat|p2b: Chien-Pao\n|-supereffective|p2b: Chien-Pao\n|-enditem|p2b: Chien-Pao|Focus Sash\n|-damage|p2b: Chien-Pao|1\/100\n|-unboost|p1b: Great Tusk|def|1\n|-unboost|p1b: Great Tusk|spd|1\n|move|p2a: Arcanine|Will-O-Wisp|p1b: Great Tusk\n|-status|p1b: Great Tusk|brn\n|\n|-weather|none\n|-end|p1b: Great Tusk|Protosynthesis\n|-damage|p1b: Great Tusk|92\/100 brn|[from] brn\n|upkeep\n|turn|9\n|\n|t:|1681674974\n|move|p1a: Chi-Yu|Protect||[still]\n|-fail|p1a: Chi-Yu\n|move|p2b: Chien-Pao|Ice Spinner|p1b: Great Tusk\n|-supereffective|p1b: Great Tusk\n|-damage|p1b: Great Tusk|0 fnt\n|faint|p1b: Great Tusk\n|-end|p1b: Great Tusk|Protosynthesis|[silent]\n|move|p2a: Arcanine|Flare Blitz|p1a: Chi-Yu\n|-supereffective|p1a: Chi-Yu\n|-damage|p1a: Chi-Yu|0 fnt\n|faint|p1a: Chi-Yu\n|-damage|p2a: Arcanine|68\/100|[from] Recoil\n|\n|win|jaydon8463\n|raw|SoMuchAppletun's rating: 1250 → 1223<\/strong> (-27 for losing)\n|raw|jaydon8463's rating: 1224 → 1251<\/strong> (+27 for winning)\n|c|\u2606SoMuchAppletun|dang lmao\n|c|\u2606SoMuchAppletun|gg mate\n|l|\u2606SoMuchAppletun\n","uploadtime":1681674990,"views":9,"p1id":"somuchappletun","p2id":"jaydon8463","formatid":"gen9vgc2023regulationc","rating":1223,"private":0,"password":""}