{"id":"gen9vgc2023regulationc-1850883391","p1":"Fenicotpaul","p2":"Viviexists","format":"[Gen 9] VGC 2023 Regulation C","log":"|j|\u2606Fenicotpaul\n|j|\u2606Viviexists\n|t:|1682378033\n|gametype|doubles\n|player|p1|Fenicotpaul|riley|1175\n|player|p2|Viviexists|mela|1240\n|teamsize|p1|6\n|teamsize|p2|6\n|gen|9\n|tier|[Gen 9] VGC 2023 Regulation C\n|rated|\n|rule|Species Clause: Limit one of each Pok\u00e9mon\n|rule|Item Clause: Limit one of each item\n|clearpoke\n|poke|p1|Pelipper, L50, F|\n|poke|p1|Palafin, L50, M|\n|poke|p1|Scizor, L50, M|\n|poke|p1|Arcanine, L50, M|\n|poke|p1|Flutter Mane, L50|\n|poke|p1|Rotom-Mow, L50|\n|poke|p2|Palafin, L50, F|\n|poke|p2|Arcanine, L50, F|\n|poke|p2|Brute Bonnet, L50|\n|poke|p2|Iron Hands, L50|\n|poke|p2|Chi-Yu, L50|\n|poke|p2|Gholdengo, L50|\n|teampreview|4\n|\n|t:|1682378072\n|start\n|switch|p1a: Pelipper|Pelipper, L50, F|100\/100\n|switch|p1b: Flutter Mane|Flutter Mane, L50|100\/100\n|switch|p2a: Aquaman|Palafin, L50, F|100\/100\n|switch|p2b: Among Us pre 2020|Brute Bonnet, L50|100\/100\n|-weather|RainDance|[from] ability: Drizzle|[of] p1a: Pelipper\n|-enditem|p1b: Flutter Mane|Booster Energy\n|-activate|p1b: Flutter Mane|ability: Protosynthesis|[fromitem]\n|-start|p1b: Flutter Mane|protosynthesisspa\n|turn|1\n|\n|t:|1682378095\n|-end|p1b: Flutter Mane|Protosynthesis|[silent]\n|switch|p1b: Rotom|Rotom-Mow, L50|100\/100\n|-terastallize|p2a: Aquaman|Water\n|move|p2a: Aquaman|Jet Punch|p1b: Rotom\n|-resisted|p1b: Rotom\n|-damage|p1b: Rotom|66\/100\n|move|p1a: Pelipper|Tailwind|p1a: Pelipper\n|-sidestart|p1: Fenicotpaul|move: Tailwind\n|move|p2b: Among Us pre 2020|Spore|p1a: Pelipper\n|-status|p1a: Pelipper|slp|[from] move: Spore\n|\n|-weather|RainDance|[upkeep]\n|upkeep\n|turn|2\n|\n|t:|1682378117\n|switch|p1a: Palafin|Palafin, L50, M|100\/100\n|detailschange|p2a: Aquaman|Palafin-Hero, L50, F, tera:Water\n|switch|p2a: Jeff Bezos|Gholdengo, L50|100\/100\n|-item|p2a: Jeff Bezos|Air Balloon\n|move|p2b: Among Us pre 2020|Sucker Punch|p1b: Rotom\n|-damage|p1b: Rotom|15\/100\n|-enditem|p1b: Rotom|Sitrus Berry|[eat]\n|-heal|p1b: Rotom|40\/100|[from] item: Sitrus Berry\n|move|p1b: Rotom|Thunder|p2a: Jeff Bezos\n|-damage|p2a: Jeff Bezos|45\/100\n|-status|p2a: Jeff Bezos|par\n|-enditem|p2a: Jeff Bezos|Air Balloon\n|\n|-weather|RainDance|[upkeep]\n|upkeep\n|turn|3\n|\n|t:|1682378142\n|switch|p1b: Flutter Mane|Flutter Mane, L50|100\/100\n|detailschange|p1a: Palafin|Palafin-Hero, L50, M\n|switch|p1a: Pelipper|Pelipper, L50, F|100\/100 slp\n|move|p2b: Among Us pre 2020|Bullet Seed|p1a: Pelipper\n|-damage|p1a: Pelipper|84\/100 slp\n|-damage|p1a: Pelipper|69\/100 slp\n|-crit|p1a: Pelipper\n|-damage|p1a: Pelipper|45\/100 slp\n|-damage|p1a: Pelipper|30\/100 slp\n|-damage|p1a: Pelipper|16\/100 slp\n|-hitcount|p1a: Pelipper|5\n|move|p2a: Jeff Bezos|Make It Rain|p1b: Flutter Mane|[spread] p1a,p1b\n|-resisted|p1a: Pelipper\n|-supereffective|p1b: Flutter Mane\n|-damage|p1a: Pelipper|0 fnt\n|-damage|p1b: Flutter Mane|8\/100\n|-unboost|p2a: Jeff Bezos|spa|1\n|faint|p1a: Pelipper\n|\n|-weather|RainDance|[upkeep]\n|upkeep\n|\n|t:|1682378164\n|switch|p1a: Palafin|Palafin-Hero, L50, M|100\/100\n|-activate|p1a: Palafin|ability: Zero to Hero\n|turn|4\n|\n|t:|1682378187\n|-end|p1b: Flutter Mane|Protosynthesis|[silent]\n|switch|p1b: Rotom|Rotom-Mow, L50|40\/100\n|move|p2b: Among Us pre 2020|Sucker Punch||[still]\n|-fail|p2b: Among Us pre 2020\n|move|p1a: Palafin|Ice Punch|p2b: Among Us pre 2020\n|-supereffective|p2b: Among Us pre 2020\n|-damage|p2b: Among Us pre 2020|41\/100\n|move|p2a: Jeff Bezos|Make It Rain|p1a: Palafin|[spread] p1a,p1b\n|-resisted|p1a: Palafin\n|-resisted|p1b: Rotom\n|-damage|p1a: Palafin|86\/100\n|-damage|p1b: Rotom|17\/100\n|-unboost|p2a: Jeff Bezos|spa|1\n|\n|-weather|RainDance|[upkeep]\n|-sideend|p1: Fenicotpaul|move: Tailwind\n|upkeep\n|turn|5\n|\n|t:|1682378223\n|-end|p2b: Among Us pre 2020|Protosynthesis|[silent]\n|switch|p2b: Aquaman|Palafin-Hero, L50, F, tera:Water|100\/100\n|-activate|p2b: Aquaman|ability: Zero to Hero\n|-terastallize|p1a: Palafin|Water\n|move|p1a: Palafin|Jet Punch|p2b: Aquaman\n|-resisted|p2b: Aquaman\n|-damage|p2b: Aquaman|49\/100\n|move|p1b: Rotom|Thunder|p2a: Jeff Bezos\n|-damage|p2a: Jeff Bezos|0 fnt\n|faint|p2a: Jeff Bezos\n|\n|-weather|none\n|upkeep\n|\n|t:|1682378236\n|switch|p2a: Mr. Hands|Iron Hands, L50|100\/100\n|turn|6\n|\n|t:|1682378269\n|switch|p1b: Flutter Mane|Flutter Mane, L50|8\/100\n|move|p1a: Palafin|Protect|p1a: Palafin\n|-singleturn|p1a: Palafin|Protect\n|move|p2a: Mr. Hands|Fake Out|p1b: Flutter Mane\n|-immune|p1b: Flutter Mane\n|move|p2b: Aquaman|Jet Punch|p1a: Palafin\n|-activate|p1a: Palafin|move: Protect\n|\n|upkeep\n|turn|7\n|\n|t:|1682378298\n|switch|p2b: Among Us pre 2020|Brute Bonnet, L50|41\/100\n|move|p1a: Palafin|Jet Punch|p2b: Among Us pre 2020\n|-resisted|p2b: Among Us pre 2020\n|-damage|p2b: Among Us pre 2020|13\/100\n|move|p1b: Flutter Mane|Moonblast|p2a: Mr. Hands\n|-supereffective|p2a: Mr. Hands\n|-damage|p2a: Mr. Hands|57\/100\n|move|p2a: Mr. Hands|Thunder Punch|p1a: Palafin\n|-supereffective|p1a: Palafin\n|-damage|p1a: Palafin|26\/100\n|\n|upkeep\n|turn|8\n|\n|t:|1682378320\n|move|p1a: Palafin|Jet Punch|p2b: Among Us pre 2020\n|-resisted|p2b: Among Us pre 2020\n|-crit|p2b: Among Us pre 2020\n|-damage|p2b: Among Us pre 2020|0 fnt\n|faint|p2b: Among Us pre 2020\n|-end|p2b: Among Us pre 2020|Protosynthesis|[silent]\n|move|p1b: Flutter Mane|Moonblast|p2a: Mr. Hands\n|-supereffective|p2a: Mr. Hands\n|-damage|p2a: Mr. Hands|8\/100\n|-unboost|p2a: Mr. Hands|spa|1\n|move|p2a: Mr. Hands|Thunder Punch|p1a: Palafin\n|-supereffective|p1a: Palafin\n|-damage|p1a: Palafin|0 fnt\n|faint|p1a: Palafin\n|\n|upkeep\n|\n|t:|1682378334\n|switch|p1a: Rotom|Rotom-Mow, L50|17\/100\n|switch|p2b: Aquaman|Palafin-Hero, L50, F, tera:Water|49\/100\n|turn|9\n|\n|t:|1682378388\n|move|p1b: Flutter Mane|Protect|p1b: Flutter Mane\n|-singleturn|p1b: Flutter Mane|Protect\n|move|p2b: Aquaman|Jet Punch|p1b: Flutter Mane\n|-activate|p1b: Flutter Mane|move: Protect\n|move|p1a: Rotom|Leaf Storm|p2b: Aquaman\n|-supereffective|p2b: Aquaman\n|-damage|p2b: Aquaman|0 fnt\n|-unboost|p1a: Rotom|spa|2\n|faint|p2b: Aquaman\n|move|p2a: Mr. Hands|Drain Punch|p1a: Rotom\n|-damage|p1a: Rotom|0 fnt\n|-heal|p2a: Mr. Hands|12\/100|[from] drain|[of] p1a: Rotom\n|faint|p1a: Rotom\n|\n|upkeep\n|turn|10\n|\n|t:|1682378407\n|move|p1b: Flutter Mane|Moonblast|p2a: Mr. Hands\n|-supereffective|p2a: Mr. Hands\n|-damage|p2a: Mr. Hands|0 fnt\n|faint|p2a: Mr. Hands\n|-end|p2a: Mr. Hands|Quark Drive|[silent]\n|\n|win|Fenicotpaul\n|raw|Fenicotpaul's rating: 1175 → 1205<\/strong> (+30 for winning)\n|raw|Viviexists's rating: 1240 → 1210<\/strong> (-30 for losing)\n|l|\u2606Viviexists\n","uploadtime":1682378438,"views":14,"p1id":"fenicotpaul","p2id":"viviexists","formatid":"gen9vgc2023regulationc","rating":1205,"private":0,"password":""}