{"id":"gen9vgc2023regulationc-1861256712","p1":"TJRaynes","p2":"rvmt","format":"[Gen 9] VGC 2023 Regulation C","log":"|j|\u2606TJRaynes\n|j|\u2606rvmt\n|t:|1683740056\n|gametype|doubles\n|player|p1|TJRaynes|marley|1397\n|player|p2|rvmt|265|1394\n|teamsize|p1|6\n|teamsize|p2|6\n|gen|9\n|tier|[Gen 9] VGC 2023 Regulation C\n|rated|\n|rule|Species Clause: Limit one of each Pok\u00e9mon\n|rule|Item Clause: Limit one of each item\n|clearpoke\n|poke|p1|Venomoth, L50, M|\n|poke|p1|Maushold-Four, L50|\n|poke|p1|Lucario, L50, M|\n|poke|p1|Chi-Yu, L50|\n|poke|p1|Amoonguss, L50, M|\n|poke|p1|Iron Jugulis, L50|\n|poke|p2|Annihilape, L50, F|\n|poke|p2|Tyranitar, L50, F|\n|poke|p2|Lycanroc, L50, F|\n|poke|p2|Gyarados, L50, M|\n|poke|p2|Flutter Mane, L50|\n|poke|p2|Amoonguss, L50, F|\n|teampreview|4\n|inactive|Battle timer is ON: inactive players will automatically lose when time's up. (requested by rvmt)\nTJRaynes has agreed to open team sheets.\n|inactive|TJRaynes has 60 seconds left.\n|inactive|rvmt has 60 seconds left.\n|\n|t:|1683740104\n|start\n|switch|p1a: Iron Jugulis|Iron Jugulis, L50|100\/100\n|switch|p1b: Lucario|Lucario, L50, M|100\/100\n|switch|p2a: Lycanroc|Lycanroc, L50, F|100\/100\n|switch|p2b: Amoonguss|Amoonguss, L50, F|100\/100\n|-enditem|p1a: Iron Jugulis|Booster Energy\n|-activate|p1a: Iron Jugulis|ability: Quark Drive|[fromitem]\n|-start|p1a: Iron Jugulis|quarkdrivespe\n|turn|1\n|\n|t:|1683740116\n|switch|p2b: Tyranitar|Tyranitar, L50, F|100\/100\n|-weather|Sandstorm|[from] ability: Sand Stream|[of] p2b: Tyranitar\n|-terastallize|p2a: Lycanroc|Rock\n|move|p1b: Lucario|Protect|p1b: Lucario\n|-singleturn|p1b: Lucario|Protect\n|move|p2a: Lycanroc|Rock Slide|p1b: Lucario|[spread] p1a\n|-activate|p1b: Lucario|move: Protect\n|-supereffective|p1a: Iron Jugulis\n|-damage|p1a: Iron Jugulis|0 fnt\n|faint|p1a: Iron Jugulis\n|-end|p1a: Iron Jugulis|Quark Drive|[silent]\n|\n|-weather|Sandstorm|[upkeep]\n|upkeep\n|\n|t:|1683740127\n|switch|p1a: Amoonguss|Amoonguss, L50, M|100\/100\n|turn|2\n|\n|t:|1683740135\n|move|p2a: Lycanroc|Rock Slide|p1a: Amoonguss|[spread] p1a,p1b\n|-resisted|p1b: Lucario\n|-damage|p1a: Amoonguss|54\/100\n|-damage|p1b: Lucario|77\/100\n|move|p1b: Lucario|Close Combat|p2a: Lycanroc\n|-supereffective|p2a: Lycanroc\n|-damage|p2a: Lycanroc|0 fnt\n|-unboost|p1b: Lucario|def|1\n|-unboost|p1b: Lucario|spd|1\n|faint|p2a: Lycanroc\n|-damage|p1b: Lucario|67\/100|[from] item: Life Orb\n|move|p2b: Tyranitar|Rock Slide|p1b: Lucario|[spread] p1a,p1b\n|-resisted|p1b: Lucario\n|-damage|p1a: Amoonguss|25\/100\n|-damage|p1b: Lucario|46\/100\n|-enditem|p1a: Amoonguss|Sitrus Berry|[eat]\n|-heal|p1a: Amoonguss|50\/100|[from] item: Sitrus Berry\n|cant|p1a: Amoonguss|flinch\n|\n|-weather|Sandstorm|[upkeep]\n|-damage|p1a: Amoonguss|44\/100|[from] Sandstorm\n|upkeep\n|\n|t:|1683740153\n|switch|p2a: Flutter Mane|Flutter Mane, L50|100\/100\n|-enditem|p2a: Flutter Mane|Booster Energy\n|-activate|p2a: Flutter Mane|ability: Protosynthesis|[fromitem]\n|-start|p2a: Flutter Mane|protosynthesisspe\n|turn|3\n|\n|t:|1683740166\n|switch|p2b: Amoonguss|Amoonguss, L50, F|100\/100\n|move|p2a: Flutter Mane|Protect|p2a: Flutter Mane\n|-singleturn|p2a: Flutter Mane|Protect\n|move|p1b: Lucario|Bullet Punch|p2a: Flutter Mane\n|-activate|p2a: Flutter Mane|move: Protect\n|move|p1a: Amoonguss|Spore|p2b: Amoonguss\n|-immune|p2b: Amoonguss\n|\n|-weather|Sandstorm|[upkeep]\n|-damage|p2a: Flutter Mane|94\/100|[from] Sandstorm\n|-damage|p2b: Amoonguss|95\/100|[from] Sandstorm\n|-damage|p1a: Amoonguss|39\/100|[from] Sandstorm\n|upkeep\n|turn|4\n|\n|t:|1683740178\n|move|p1b: Lucario|Protect|p1b: Lucario\n|-singleturn|p1b: Lucario|Protect\n|move|p2b: Amoonguss|Rage Powder|p2b: Amoonguss\n|-singleturn|p2b: Amoonguss|move: Rage Powder\n|move|p2a: Flutter Mane|Shadow Ball|p1a: Amoonguss\n|-damage|p1a: Amoonguss|1\/100\n|move|p1a: Amoonguss|Spore|p2a: Flutter Mane\n|-status|p2a: Flutter Mane|slp|[from] move: Spore\n|\n|-weather|Sandstorm|[upkeep]\n|-damage|p2a: Flutter Mane|88\/100 slp|[from] Sandstorm\n|-damage|p2b: Amoonguss|89\/100|[from] Sandstorm\n|-damage|p1a: Amoonguss|0 fnt|[from] Sandstorm\n|faint|p1a: Amoonguss\n|upkeep\n|\n|t:|1683740185\n|switch|p1a: Chi-Yu|Chi-Yu, L50|100\/100\n|-ability|p1a: Chi-Yu|Beads of Ruin\n|turn|5\n|\n|t:|1683740198\n|-terastallize|p1a: Chi-Yu|Fire\n|move|p1b: Lucario|Bullet Punch|p2a: Flutter Mane\n|-supereffective|p2a: Flutter Mane\n|-damage|p2a: Flutter Mane|0 fnt\n|faint|p2a: Flutter Mane\n|-end|p2a: Flutter Mane|Protosynthesis|[silent]\n|-damage|p1b: Lucario|37\/100|[from] item: Life Orb\n|move|p1a: Chi-Yu|Heat Wave|p2b: Amoonguss\n|-supereffective|p2b: Amoonguss\n|-damage|p2b: Amoonguss|0 fnt\n|faint|p2b: Amoonguss\n|\n|-weather|none\n|upkeep\n|\n|t:|1683740203\n|switch|p2b: Tyranitar|Tyranitar, L50, F|100\/100\n|-weather|Sandstorm|[from] ability: Sand Stream|[of] p2b: Tyranitar\n|turn|6\n|-activate|p2b: Tyranitar|item: Quick Claw\n|\n|t:|1683740210\n|move|p2b: Tyranitar|Low Kick|p1b: Lucario\n|-supereffective|p1b: Lucario\n|-damage|p1b: Lucario|0 fnt\n|faint|p1b: Lucario\n|move|p1a: Chi-Yu|Heat Wave|p2b: Tyranitar\n|-resisted|p2b: Tyranitar\n|-damage|p2b: Tyranitar|47\/100\n|\n|-weather|Sandstorm|[upkeep]\n|-damage|p1a: Chi-Yu|94\/100|[from] Sandstorm\n|upkeep\n|turn|7\n|-activate|p2b: Tyranitar|item: Quick Claw\n|\n|t:|1683740214\n|move|p2b: Tyranitar|Rock Slide|p1a: Chi-Yu\n|-supereffective|p1a: Chi-Yu\n|-damage|p1a: Chi-Yu|0 fnt\n|faint|p1a: Chi-Yu\n|\n|win|rvmt\n|raw|TJRaynes's rating: 1397 → 1377<\/strong> (-20 for losing)\n|raw|rvmt's rating: 1394 → 1414<\/strong> (+20 for winning)\n|l|\u2606rvmt\n","uploadtime":1683740235,"views":6,"p1id":"tjraynes","p2id":"rvmt","formatid":"gen9vgc2023regulationc","rating":1377,"private":0,"password":""}