{"id":"gen9vgc2023regulationc-1857955088","p1":"chalmander69","p2":"CthulhuSama88","format":"[Gen 9] VGC 2023 Regulation C","log":"|j|\u2606chalmander69\n|j|\u2606CthulhuSama88\n|t:|1683251913\n|gametype|doubles\n|player|p1|chalmander69|harlequin|1191\n|player|p2|CthulhuSama88|169|1184\n|teamsize|p1|6\n|teamsize|p2|6\n|gen|9\n|tier|[Gen 9] VGC 2023 Regulation C\n|rated|\n|rule|Species Clause: Limit one of each Pok\u00e9mon\n|rule|Item Clause: Limit one of each item\n|clearpoke\n|poke|p1|Chi-Yu, L50|\n|poke|p1|Corviknight, L50, F|\n|poke|p1|Arcanine, L50, M|\n|poke|p1|Flutter Mane, L50|\n|poke|p1|Amoonguss, L50, M|\n|poke|p1|Iron Hands, L50|\n|poke|p2|Amoonguss, L50, F|\n|poke|p2|Arcanine, L50, F|\n|poke|p2|Palafin, L50, M|\n|poke|p2|Ting-Lu, L50|\n|poke|p2|Baxcalibur, L50, F|\n|poke|p2|Flutter Mane, L50|\n|teampreview|4\nchalmander69 has agreed to open team sheets.\n|inactive|Battle timer is ON: inactive players will automatically lose when time's up. (requested by chalmander69)\n|inactive|chalmander69 has 60 seconds left.\n|\n|t:|1683251950\n|start\n|switch|p1a: Corviknight|Corviknight, L50, F, shiny|100\/100\n|switch|p1b: Arcanine|Arcanine, L50, M|100\/100\n|switch|p2a: Palafin|Palafin, L50, M, shiny|100\/100\n|switch|p2b: Amoonguss|Amoonguss, L50, F, shiny|100\/100\n|-ability|p1b: Arcanine|Intimidate|boost\n|-unboost|p2a: Palafin|atk|1\n|-unboost|p2b: Amoonguss|atk|1\n|turn|1\n|inactive|chalmander69 has 30 seconds left.\n|inactive|CthulhuSama88 has 30 seconds left.\n|inactive|CthulhuSama88 has 20 seconds left.\n|inactive|CthulhuSama88 has 15 seconds left.\n|\n|t:|1683251991\n|detailschange|p2a: Palafin|Palafin-Hero, L50, M, shiny\n|switch|p2a: Ting-Lu|Ting-Lu, L50|100\/100\n|-ability|p2a: Ting-Lu|Vessel of Ruin\n|-terastallize|p2b: Amoonguss|Water\n|move|p1b: Arcanine|Flare Blitz|p2b: Amoonguss\n|-resisted|p2b: Amoonguss\n|-damage|p2b: Amoonguss|84\/100\n|-damage|p1b: Arcanine|84\/100|[from] item: Rocky Helmet|[of] p2b: Amoonguss\n|-damage|p1b: Arcanine|77\/100|[from] Recoil\n|move|p1a: Corviknight|Tailwind|p1a: Corviknight\n|-sidestart|p1: chalmander69|move: Tailwind\n|move|p2b: Amoonguss|Spore|p1a: Corviknight\n|-activate|p1a: Corviknight|item: Safety Goggles|Spore\n|\n|upkeep\n|turn|2\n|inactive|CthulhuSama88 has 30 seconds left.\n|\n|t:|1683252017\n|move|p1a: Corviknight|Protect|p1a: Corviknight\n|-singleturn|p1a: Corviknight|Protect\n|move|p1b: Arcanine|Will-O-Wisp|p2a: Ting-Lu\n|-status|p2a: Ting-Lu|brn\n|move|p2a: Ting-Lu|Fissure|p1b: Arcanine\n|-damage|p1b: Arcanine|0 fnt\n|faint|p1b: Arcanine\n|-ohko\n|move|p2b: Amoonguss|Spore|p1a: Corviknight\n|-activate|p1a: Corviknight|move: Protect\n|\n|-damage|p2a: Ting-Lu|94\/100 brn|[from] brn\n|upkeep\n|inactive|chalmander69 has 30 seconds left.\n|inactive|chalmander69 has 20 seconds left.\n|\n|t:|1683252054\n|switch|p1b: Flutter Mane|Flutter Mane, L50|100\/100\n|-enditem|p1b: Flutter Mane|Booster Energy\n|-activate|p1b: Flutter Mane|ability: Protosynthesis|[fromitem]\n|-start|p1b: Flutter Mane|protosynthesisspa\n|turn|3\n|\n|t:|1683252075\n|move|p1b: Flutter Mane|Moonblast|p2a: Ting-Lu\n|-supereffective|p2a: Ting-Lu\n|-damage|p2a: Ting-Lu|57\/100 brn\n|-unboost|p2a: Ting-Lu|spa|1\n|move|p1a: Corviknight|Brave Bird|p2a: Ting-Lu\n|-damage|p2a: Ting-Lu|34\/100 brn\n|-damage|p1a: Corviknight|90\/100|[from] Recoil\n|move|p2a: Ting-Lu|Rock Slide|p1a: Corviknight|[spread] p1a,p1b\n|-damage|p1a: Corviknight|85\/100\n|-damage|p1b: Flutter Mane|91\/100\n|move|p2b: Amoonguss|Spore|p1b: Flutter Mane\n|-status|p1b: Flutter Mane|slp|[from] move: Spore\n|\n|-damage|p2a: Ting-Lu|28\/100 brn|[from] brn\n|upkeep\n|turn|4\n|inactive|chalmander69 has 30 seconds left.\n|inactive|CthulhuSama88 has 30 seconds left.\n|inactive|chalmander69 has 20 seconds left.\n|inactive|chalmander69 has 15 seconds left.\n|\n|t:|1683252119\n|cant|p1b: Flutter Mane|slp\n|move|p1a: Corviknight|Brave Bird|p2a: Ting-Lu\n|-damage|p2a: Ting-Lu|5\/100 brn\n|-damage|p1a: Corviknight|75\/100|[from] Recoil\n|move|p2a: Ting-Lu|Ruination|p1a: Corviknight\n|-damage|p1a: Corviknight|38\/100\n|move|p2b: Amoonguss|Pollen Puff|p2a: Ting-Lu\n|-heal|p2a: Ting-Lu|55\/100 brn\n|\n|-damage|p2a: Ting-Lu|49\/100 brn|[from] brn\n|-sideend|p1: chalmander69|move: Tailwind\n|upkeep\n|turn|5\n|inactive|chalmander69 has 30 seconds left.\n|\n|t:|1683252148\n|cant|p1b: Flutter Mane|slp\n|move|p1a: Corviknight|Brave Bird|p2b: Amoonguss\n|-damage|p2b: Amoonguss|53\/100\n|-damage|p1a: Corviknight|21\/100|[from] item: Rocky Helmet|[of] p2b: Amoonguss\n|-damage|p1a: Corviknight|9\/100|[from] Recoil\n|move|p2a: Ting-Lu|Stomping Tantrum|p1a: Corviknight\n|-immune|p1a: Corviknight\n|move|p2b: Amoonguss|Pollen Puff|p2a: Ting-Lu\n|-heal|p2a: Ting-Lu|99\/100 brn\n|\n|-damage|p2a: Ting-Lu|93\/100 brn|[from] brn\n|upkeep\n|turn|6\n|\n|t:|1683252173\n|switch|p1a: Chi-Yu|Chi-Yu, L50|100\/100\n|-ability|p1a: Chi-Yu|Beads of Ruin\n|switch|p2a: Palafin|Palafin-Hero, L50, M, shiny|100\/100\n|-activate|p2a: Palafin|ability: Zero to Hero\n|switch|p2b: Flutter Mane|Flutter Mane, L50, shiny|100\/100\n|-enditem|p2b: Flutter Mane|Booster Energy\n|-activate|p2b: Flutter Mane|ability: Protosynthesis|[fromitem]\n|-start|p2b: Flutter Mane|protosynthesisspa\n|-terastallize|p1b: Flutter Mane|Fairy\n|-curestatus|p1b: Flutter Mane|slp|[msg]\n|move|p1b: Flutter Mane|Moonblast|p2a: Palafin\n|-damage|p2a: Palafin|0 fnt\n|faint|p2a: Palafin\n|\n|upkeep\n|\n|t:|1683252194\n|switch|p2a: Amoonguss|Amoonguss, L50, F, shiny, tera:Water|86\/100\n|turn|7\n|\n|t:|1683252205\n|move|p2b: Flutter Mane|Dazzling Gleam|p1b: Flutter Mane|[spread] p1a,p1b\n|-damage|p1a: Chi-Yu|62\/100\n|-damage|p1b: Flutter Mane|42\/100\n|move|p1b: Flutter Mane|Dazzling Gleam|p2b: Flutter Mane|[spread] p2a,p2b\n|-damage|p2a: Amoonguss|21\/100\n|-damage|p2b: Flutter Mane|43\/100\n|move|p1a: Chi-Yu|Dark Pulse|p2a: Amoonguss\n|-damage|p2a: Amoonguss|0 fnt\n|faint|p2a: Amoonguss\n|\n|upkeep\n|\n|t:|1683252218\n|switch|p2a: Ting-Lu|Ting-Lu, L50|93\/100 brn\n|-ability|p2a: Ting-Lu|Vessel of Ruin\n|turn|8\n|\n|t:|1683252232\n|move|p1b: Flutter Mane|Protect|p1b: Flutter Mane\n|-singleturn|p1b: Flutter Mane|Protect\n|move|p2b: Flutter Mane|Dazzling Gleam|p1a: Chi-Yu|[spread] p1a\n|-activate|p1b: Flutter Mane|move: Protect\n|-damage|p1a: Chi-Yu|31\/100\n|move|p1a: Chi-Yu|Heat Wave|p2b: Flutter Mane|[spread] p2b\n|-miss|p1a: Chi-Yu|p2a: Ting-Lu\n|-damage|p2b: Flutter Mane|10\/100\n|-status|p2b: Flutter Mane|brn\n|move|p2a: Ting-Lu|Fissure|p1a: Chi-Yu\n|-damage|p1a: Chi-Yu|0 fnt\n|faint|p1a: Chi-Yu\n|-ohko\n|\n|-damage|p2b: Flutter Mane|4\/100 brn|[from] brn\n|-damage|p2a: Ting-Lu|87\/100 brn|[from] brn\n|upkeep\n|\n|t:|1683252248\n|switch|p1a: Corviknight|Corviknight, L50, F, shiny|9\/100\n|turn|9\n|\n|t:|1683252258\n|move|p1b: Flutter Mane|Protect||[still]\n|-fail|p1b: Flutter Mane\n|move|p1a: Corviknight|Protect|p1a: Corviknight\n|-singleturn|p1a: Corviknight|Protect\n|move|p2b: Flutter Mane|Dazzling Gleam|p1a: Corviknight|[spread] p1b\n|-activate|p1a: Corviknight|move: Protect\n|-crit|p1b: Flutter Mane\n|-damage|p1b: Flutter Mane|0 fnt\n|faint|p1b: Flutter Mane\n|-end|p1b: Flutter Mane|Protosynthesis|[silent]\n|move|p2a: Ting-Lu|Stomping Tantrum|p1a: Corviknight\n|-activate|p1a: Corviknight|move: Protect\n|\n|-damage|p2b: Flutter Mane|0 fnt|[from] brn\n|faint|p2b: Flutter Mane\n|-end|p2b: Flutter Mane|Protosynthesis|[silent]\n|-damage|p2a: Ting-Lu|81\/100 brn|[from] brn\n|upkeep\n|turn|10\n|\n|t:|1683252278\n|move|p1a: Corviknight|Iron Head|p2a: Ting-Lu\n|-damage|p2a: Ting-Lu|64\/100 brn\n|move|p2a: Ting-Lu|Rock Slide|p1a: Corviknight|[miss]\n|-miss|p2a: Ting-Lu|p1a: Corviknight\n|\n|-damage|p2a: Ting-Lu|58\/100 brn|[from] brn\n|upkeep\n|turn|11\n|\n|t:|1683252287\n|move|p1a: Corviknight|Iron Head|p2a: Ting-Lu\n|-damage|p2a: Ting-Lu|42\/100 brn\n|move|p2a: Ting-Lu|Rock Slide|p1a: Corviknight\n|-damage|p1a: Corviknight|0 fnt\n|faint|p1a: Corviknight\n|\n|win|CthulhuSama88\n|raw|chalmander69's rating: 1191 → 1165<\/strong> (-26 for losing)\n|raw|CthulhuSama88's rating: 1184 → 1210<\/strong> (+26 for winning)\n","uploadtime":1683252293,"views":12,"p1id":"chalmander69","p2id":"cthulhusama88","formatid":"gen9vgc2023regulationc","rating":1165,"private":0,"password":""}