{"id":"gen9vgc2023regulationc-1860855584","p1":"AshVGCMX","p2":"Villbs2","format":"[Gen 9] VGC 2023 Regulation C","log":"|j|\u2606AshVGCMX\n|j|\u2606Villbs2\n|t:|1683686286\n|gametype|doubles\n|player|p1|AshVGCMX|ash-capbackward|1489\n|player|p2|Villbs2|1|1450\n|teamsize|p1|6\n|teamsize|p2|6\n|gen|9\n|tier|[Gen 9] VGC 2023 Regulation C\n|rated|\n|rule|Species Clause: Limit one of each Pok\u00e9mon\n|rule|Item Clause: Limit one of each item\n|clearpoke\n|poke|p1|Pikachu, L50, M|\n|poke|p1|Murkrow, L50, M|\n|poke|p1|Ceruledge, L50, M|\n|poke|p1|Flutter Mane, L50|\n|poke|p1|Great Tusk, L50|\n|poke|p1|Chien-Pao, L50|\n|poke|p2|Flutter Mane, L50|\n|poke|p2|Abomasnow, L50, F|\n|poke|p2|Iron Bundle, L50|\n|poke|p2|Dragonite, L50, M|\n|poke|p2|Great Tusk, L50|\n|poke|p2|Gholdengo, L50|\n|teampreview|4\n|j| Dylanbopper\n|inactive|Battle timer is ON: inactive players will automatically lose when time's up. (requested by AshVGCMX)\nAshVGCMX rejected open team sheets.\n|\n|t:|1683686321\n|start\n|switch|p1a: Eh\u00e9catl|Murkrow, L50, M|100\/100\n|switch|p1b: Mixc\u00f3atl|Ceruledge, L50, M|100\/100\n|switch|p2a: Abomasnow|Abomasnow, L50, F|100\/100\n|switch|p2b: Iron Bundle|Iron Bundle, L50|100\/100\n|-weather|Snow|[from] ability: Snow Warning|[of] p2a: Abomasnow\n|-enditem|p2b: Iron Bundle|Booster Energy\n|-activate|p2b: Iron Bundle|ability: Quark Drive|[fromitem]\n|-start|p2b: Iron Bundle|quarkdrivespe\n|turn|1\n|inactive|Villbs2 has 30 seconds left.\n|\n|t:|1683686349\n|-terastallize|p2a: Abomasnow|Fire\n|move|p1a: Eh\u00e9catl|Sunny Day|p1a: Eh\u00e9catl\n|-weather|SunnyDay\n|move|p2b: Iron Bundle|Aurora Veil||[still]\n|-fail|p2b: Iron Bundle\n|move|p1b: Mixc\u00f3atl|Bitter Blade|p2b: Iron Bundle\n|-damage|p2b: Iron Bundle|29\/100\n|move|p2a: Abomasnow|Earth Power|p1b: Mixc\u00f3atl\n|-supereffective|p1b: Mixc\u00f3atl\n|-damage|p1b: Mixc\u00f3atl|67\/100\n|\n|-weather|SunnyDay|[upkeep]\n|upkeep\n|turn|2\n|\n|t:|1683686373\n|move|p2b: Iron Bundle|Protect|p2b: Iron Bundle\n|-singleturn|p2b: Iron Bundle|Protect\n|move|p1a: Eh\u00e9catl|Tailwind|p1a: Eh\u00e9catl\n|-sidestart|p1: AshVGCMX|move: Tailwind\n|move|p1b: Mixc\u00f3atl|Bitter Blade|p2b: Iron Bundle\n|-activate|p2b: Iron Bundle|move: Protect\n|move|p2a: Abomasnow|Tera Blast|p1a: Eh\u00e9catl\n|-damage|p1a: Eh\u00e9catl|52\/100\n|\n|-weather|SunnyDay|[upkeep]\n|upkeep\n|turn|3\n|\n|t:|1683686389\n|move|p2b: Iron Bundle|Hydro Pump|p1b: Mixc\u00f3atl\n|-supereffective|p1b: Mixc\u00f3atl\n|-damage|p1b: Mixc\u00f3atl|35\/100\n|move|p1a: Eh\u00e9catl|Foul Play|p2a: Abomasnow\n|-damage|p2a: Abomasnow|75\/100\n|move|p1b: Mixc\u00f3atl|Bitter Blade|p2b: Iron Bundle\n|-damage|p2b: Iron Bundle|0 fnt\n|-heal|p1b: Mixc\u00f3atl|47\/100|[from] drain|[of] p2b: Iron Bundle\n|faint|p2b: Iron Bundle\n|-end|p2b: Iron Bundle|Quark Drive|[silent]\n|move|p2a: Abomasnow|Earth Power|p1b: Mixc\u00f3atl\n|-supereffective|p1b: Mixc\u00f3atl\n|-damage|p1b: Mixc\u00f3atl|14\/100\n|\n|-weather|SunnyDay|[upkeep]\n|upkeep\n|\n|t:|1683686408\n|switch|p2b: Great Tusk|Great Tusk, L50|100\/100\n|-activate|p2b: Great Tusk|ability: Protosynthesis\n|-start|p2b: Great Tusk|protosynthesisatk\n|turn|4\n|\n|t:|1683686421\n|move|p2b: Great Tusk|Protect|p2b: Great Tusk\n|-singleturn|p2b: Great Tusk|Protect\n|move|p1a: Eh\u00e9catl|Foul Play|p2a: Abomasnow\n|-damage|p2a: Abomasnow|48\/100\n|move|p1b: Mixc\u00f3atl|Bitter Blade|p2b: Great Tusk\n|-activate|p2b: Great Tusk|move: Protect\n|move|p2a: Abomasnow|Earth Power|p1b: Mixc\u00f3atl\n|-supereffective|p1b: Mixc\u00f3atl\n|-damage|p1b: Mixc\u00f3atl|0 fnt\n|faint|p1b: Mixc\u00f3atl\n|\n|-weather|SunnyDay|[upkeep]\n|upkeep\n|\n|t:|1683686425\n|switch|p1b: Flutter Mane|Flutter Mane, L50|100\/100\n|-activate|p1b: Flutter Mane|ability: Protosynthesis\n|-start|p1b: Flutter Mane|protosynthesisspe\n|turn|5\n|inactive|Villbs2 has 30 seconds left.\n|\n|t:|1683686457\n|-terastallize|p1b: Flutter Mane|Water\n|move|p1b: Flutter Mane|Dazzling Gleam|p2a: Abomasnow|[spread] p2a,p2b\n|-resisted|p2a: Abomasnow\n|-supereffective|p2b: Great Tusk\n|-damage|p2a: Abomasnow|33\/100\n|-enditem|p2b: Great Tusk|Focus Sash\n|-damage|p2b: Great Tusk|1\/100\n|move|p1a: Eh\u00e9catl|Foul Play|p2a: Abomasnow\n|-damage|p2a: Abomasnow|4\/100\n|move|p2b: Great Tusk|Headlong Rush|p1b: Flutter Mane\n|-damage|p1b: Flutter Mane|0 fnt\n|-unboost|p2b: Great Tusk|def|1\n|-unboost|p2b: Great Tusk|spd|1\n|faint|p1b: Flutter Mane\n|-end|p1b: Flutter Mane|Protosynthesis|[silent]\n|move|p2a: Abomasnow|Tera Blast|p1a: Eh\u00e9catl\n|-damage|p1a: Eh\u00e9catl|9\/100\n|\n|-weather|none\n|-end|p2b: Great Tusk|Protosynthesis\n|-sideend|p1: AshVGCMX|move: Tailwind\n|upkeep\n|\n|t:|1683686471\n|switch|p1b: Chien-Pao|Chien-Pao, L50|100\/100\n|-ability|p1b: Chien-Pao|Sword of Ruin\n|turn|6\n|inactive|Villbs2 has 30 seconds left.\n|\n|t:|1683686500\n|move|p1b: Chien-Pao|Sacred Sword|p2a: Abomasnow\n|-damage|p2a: Abomasnow|0 fnt\n|faint|p2a: Abomasnow\n|move|p2b: Great Tusk|Close Combat|p1b: Chien-Pao\n|-supereffective|p1b: Chien-Pao\n|-enditem|p1b: Chien-Pao|Focus Sash\n|-damage|p1b: Chien-Pao|1\/100\n|-unboost|p2b: Great Tusk|def|1\n|-unboost|p2b: Great Tusk|spd|1\n|move|p1a: Eh\u00e9catl|Foul Play|p2b: Great Tusk\n|-resisted|p2b: Great Tusk\n|-damage|p2b: Great Tusk|0 fnt\n|faint|p2b: Great Tusk\n|-end|p2b: Great Tusk|Protosynthesis|[silent]\n|\n|upkeep\n|\n|t:|1683686515\n|switch|p2b: Dragonite|Dragonite, L50, M|100\/100\n|turn|7\n|\n|t:|1683686521\n|move|p1b: Chien-Pao|Protect|p1b: Chien-Pao\n|-singleturn|p1b: Chien-Pao|Protect\n|move|p2b: Dragonite|Extreme Speed|p1a: Eh\u00e9catl\n|-damage|p1a: Eh\u00e9catl|0 fnt\n|faint|p1a: Eh\u00e9catl\n|\n|upkeep\n|turn|8\n|-message|AshVGCMX forfeited.\n|\n|win|Villbs2\n|raw|AshVGCMX's rating: 1489 → 1467<\/strong> (-22 for losing)\n|raw|Villbs2's rating: 1450 → 1472<\/strong> (+22 for winning)\n|l|\u2606AshVGCMX\n|l| Dylanbopper\n","uploadtime":1683686560,"views":19,"p1id":"ashvgcmx","p2id":"villbs2","formatid":"gen9vgc2023regulationc","rating":1467,"private":0,"password":""}