{"id":"gen9vgc2023regulationc-1846521874","p1":"CrankyMankey420","p2":"Taca y Taca","format":"[Gen 9] VGC 2023 Regulation C","log":"|j|\u2606CrankyMankey420\n|j|\u2606Taca y Taca\n|t:|1681848064\n|gametype|doubles\n|player|p1|CrankyMankey420|pokemaniac|1114\n|player|p2|Taca y Taca|lucas-gen4pt|1208\n|teamsize|p1|6\n|teamsize|p2|6\n|gen|9\n|tier|[Gen 9] VGC 2023 Regulation C\n|rated|\n|rule|Species Clause: Limit one of each Pok\u00e9mon\n|rule|Item Clause: Limit one of each item\n|clearpoke\n|poke|p1|Grafaiai, L50, M|\n|poke|p1|Dragapult, L50, M|\n|poke|p1|Flutter Mane, L50|\n|poke|p1|Chi-Yu, L50|\n|poke|p1|Chien-Pao, L50|\n|poke|p1|Great Tusk, L50|\n|poke|p2|Flutter Mane, L50|\n|poke|p2|Palafin, L50, M|\n|poke|p2|Amoonguss, L50, F|\n|poke|p2|Arcanine, L50, M|\n|poke|p2|Dragonite, L50, M|\n|poke|p2|Chien-Pao, L50|\n|teampreview|4\n|\n|t:|1681848126\n|start\n|switch|p1a: Chi-Yu|Chi-Yu, L50|100\/100\n|switch|p1b: Grafaiai|Grafaiai, L50, M, shiny|100\/100\n|switch|p2a: Cabe\u00e7a de Borracha|Flutter Mane, L50|100\/100\n|switch|p2b: Arcanine|Arcanine, L50, M|100\/100\n|-item|p1b: Grafaiai|Air Balloon\n|-ability|p1a: Chi-Yu|Beads of Ruin\n|-ability|p2b: Arcanine|Intimidate|boost\n|-unboost|p1a: Chi-Yu|atk|1\n|-unboost|p1b: Grafaiai|atk|1\n|-enditem|p2a: Cabe\u00e7a de Borracha|Booster Energy\n|-activate|p2a: Cabe\u00e7a de Borracha|ability: Protosynthesis|[fromitem]\n|-start|p2a: Cabe\u00e7a de Borracha|protosynthesisspa\n|turn|1\n|\n|t:|1681848164\n|-end|p2a: Cabe\u00e7a de Borracha|Protosynthesis|[silent]\n|switch|p2a: Dragonite|Dragonite, L50, M|100\/100\n|move|p1a: Chi-Yu|Protect|p1a: Chi-Yu\n|-singleturn|p1a: Chi-Yu|Protect\n|move|p1b: Grafaiai|Gunk Shot|p2a: Dragonite\n|-damage|p2a: Dragonite|83\/100\n|-status|p2a: Dragonite|psn\n|-enditem|p2a: Dragonite|Lum Berry|[eat]\n|-curestatus|p2a: Dragonite|psn|[msg]\n|move|p2b: Arcanine|Howl|p2b: Arcanine|[spread] p2a,p2b\n|-boost|p2a: Dragonite|atk|1\n|-boost|p2b: Arcanine|atk|1\n|\n|upkeep\n|turn|2\n|\n|t:|1681848186\n|move|p2b: Arcanine|Extreme Speed|p1a: Chi-Yu\n|-damage|p1a: Chi-Yu|45\/100\n|move|p1b: Grafaiai|Parting Shot|p2a: Dragonite\n|-unboost|p2a: Dragonite|atk|1\n|-unboost|p2a: Dragonite|spa|1\n|\n|t:|1681848197\n|switch|p1b: Great Tusk|Great Tusk, L50|100\/100|[from] Parting Shot\n|-enditem|p1b: Great Tusk|Booster Energy\n|-activate|p1b: Great Tusk|ability: Protosynthesis|[fromitem]\n|-start|p1b: Great Tusk|protosynthesisatk\n|move|p1a: Chi-Yu|Heat Wave|p2a: Dragonite|[spread] p2a,p2b\n|-resisted|p2a: Dragonite\n|-resisted|p2b: Arcanine\n|-damage|p2a: Dragonite|50\/100\n|-damage|p2b: Arcanine|68\/100\n|-damage|p1a: Chi-Yu|35\/100|[from] item: Life Orb\n|move|p2a: Dragonite|Earthquake|p1a: Chi-Yu|[spread] p2b,p1a,p1b\n|-supereffective|p2b: Arcanine\n|-supereffective|p1a: Chi-Yu\n|-damage|p2b: Arcanine|5\/100\n|-damage|p1a: Chi-Yu|0 fnt\n|-damage|p1b: Great Tusk|83\/100\n|faint|p1a: Chi-Yu\n|\n|upkeep\n|\n|t:|1681848212\n|switch|p1a: Grafaiai|Grafaiai, L50, M, shiny|100\/100\n|-item|p1a: Grafaiai|Air Balloon\n|turn|3\n|\n|t:|1681848237\n|switch|p2b: Palafin|Palafin, L50, M|100\/100\n|move|p2a: Dragonite|Protect|p2a: Dragonite\n|-singleturn|p2a: Dragonite|Protect\n|move|p1a: Grafaiai|Gunk Shot|p2b: Palafin\n|-damage|p2b: Palafin|36\/100\n|move|p1b: Great Tusk|Play Rough|p2a: Dragonite\n|-activate|p2a: Dragonite|move: Protect\n|\n|upkeep\n|turn|4\n|\n|t:|1681848259\n|detailschange|p2b: Palafin|Palafin-Hero, L50, M\n|switch|p2b: Arcanine|Arcanine, L50, M|5\/100\n|-ability|p2b: Arcanine|Intimidate|boost\n|-unboost|p1a: Grafaiai|atk|1\n|-unboost|p1b: Great Tusk|atk|1\n|move|p1b: Great Tusk|Protect|p1b: Great Tusk\n|-singleturn|p1b: Great Tusk|Protect\n|move|p2a: Dragonite|Extreme Speed|p1a: Grafaiai\n|-crit|p1a: Grafaiai\n|-damage|p1a: Grafaiai|16\/100\n|-enditem|p1a: Grafaiai|Air Balloon\n|move|p1a: Grafaiai|Gunk Shot|p2b: Arcanine\n|-damage|p2b: Arcanine|0 fnt\n|faint|p2b: Arcanine\n|\n|upkeep\n|\n|t:|1681848275\n|switch|p2b: Cabe\u00e7a de Borracha|Flutter Mane, L50|100\/100\n|turn|5\n|\n|t:|1681848295\n|-terastallize|p1b: Great Tusk|Steel\n|move|p2b: Cabe\u00e7a de Borracha|Protect|p2b: Cabe\u00e7a de Borracha\n|-singleturn|p2b: Cabe\u00e7a de Borracha|Protect\n|move|p1a: Grafaiai|Parting Shot|p2b: Cabe\u00e7a de Borracha\n|-activate|p2b: Cabe\u00e7a de Borracha|move: Protect\n|move|p1b: Great Tusk|Heavy Slam|p2b: Cabe\u00e7a de Borracha\n|-activate|p2b: Cabe\u00e7a de Borracha|move: Protect\n|move|p2a: Dragonite|Tera Blast|p1b: Great Tusk\n|-resisted|p1b: Great Tusk\n|-damage|p1b: Great Tusk|75\/100\n|\n|upkeep\n|turn|6\n|\n|t:|1681848315\n|move|p1a: Grafaiai|Parting Shot|p2a: Dragonite\n|-unboost|p2a: Dragonite|atk|1\n|-unboost|p2a: Dragonite|spa|1\n|\n|t:|1681848318\n|switch|p1a: Chien-Pao|Chien-Pao, L50|100\/100|[from] Parting Shot\n|-ability|p1a: Chien-Pao|Sword of Ruin\n|move|p2b: Cabe\u00e7a de Borracha|Shadow Ball|p1b: Great Tusk\n|-damage|p1b: Great Tusk|25\/100\n|move|p1b: Great Tusk|Heavy Slam|p2b: Cabe\u00e7a de Borracha\n|-supereffective|p2b: Cabe\u00e7a de Borracha\n|-damage|p2b: Cabe\u00e7a de Borracha|0 fnt\n|faint|p2b: Cabe\u00e7a de Borracha\n|-end|p2b: Cabe\u00e7a de Borracha|Protosynthesis|[silent]\n|move|p2a: Dragonite|Earthquake|p1a: Chien-Pao|[spread] p1a,p1b\n|-supereffective|p1b: Great Tusk\n|-damage|p1a: Chien-Pao|75\/100\n|-damage|p1b: Great Tusk|0 fnt\n|faint|p1b: Great Tusk\n|-end|p1b: Great Tusk|Protosynthesis|[silent]\n|\n|upkeep\n|\n|t:|1681848332\n|switch|p2b: Palafin|Palafin-Hero, L50, M|36\/100\n|switch|p1b: Grafaiai|Grafaiai, L50, M, shiny|16\/100\n|-activate|p2b: Palafin|ability: Zero to Hero\n|turn|7\n|\n|t:|1681848356\n|move|p2b: Palafin|Protect|p2b: Palafin\n|-singleturn|p2b: Palafin|Protect\n|move|p2a: Dragonite|Extreme Speed|p1a: Chien-Pao\n|-damage|p1a: Chien-Pao|48\/100\n|move|p1a: Chien-Pao|Sucker Punch||[still]\n|-fail|p1a: Chien-Pao\n|move|p1b: Grafaiai|Gunk Shot|p2a: Dragonite\n|-damage|p2a: Dragonite|0 fnt\n|faint|p2a: Dragonite\n|\n|upkeep\n|turn|8\n|\n|t:|1681848371\n|move|p1a: Chien-Pao|Sucker Punch|p2b: Palafin\n|-damage|p2b: Palafin|0 fnt\n|faint|p2b: Palafin\n|\n|win|CrankyMankey420\n|raw|CrankyMankey420's rating: 1114 → 1146<\/strong> (+32 for winning)\n|raw|Taca y Taca's rating: 1208 → 1176<\/strong> (-32 for losing)\n|l|\u2606CrankyMankey420\n","uploadtime":1681848400,"views":6,"p1id":"crankymankey420","p2id":"tacaytaca","formatid":"gen9vgc2023regulationc","rating":1146,"private":0,"password":""}