{"id":"gen9vgc2023regulationc-1859041269","p1":"Mizore te","p2":"Tsutox","format":"[Gen 9] VGC 2023 Regulation C","log":"|j|\u2606Mizore te\n|j|\u2606Tsutox\n|t:|1683397552\n|gametype|doubles\n|player|p1|Mizore te|medium|1361\n|player|p2|Tsutox|hiker|1274\n|teamsize|p1|6\n|teamsize|p2|6\n|gen|9\n|tier|[Gen 9] VGC 2023 Regulation C\n|rated|\n|rule|Species Clause: Limit one of each Pok\u00e9mon\n|rule|Item Clause: Limit one of each item\n|clearpoke\n|poke|p1|Amoonguss, L50, M|\n|poke|p1|Flutter Mane, L50|\n|poke|p1|Baxcalibur, L50, F|\n|poke|p1|Ting-Lu, L50|\n|poke|p1|Gyarados, L50, F|\n|poke|p1|Corviknight, L50, M|\n|poke|p2|Cetitan, L50, M|\n|poke|p2|Glimmora, L50, F|\n|poke|p2|Chi-Yu, L50|\n|poke|p2|Flutter Mane, L50|\n|poke|p2|Brute Bonnet, L50|\n|poke|p2|Talonflame, L50, F|\n|teampreview|4\nTsutox has agreed to open team sheets.\nMizore te has agreed to open team sheets.\n|\n|t:|1683397614\n|start\n|switch|p1a: Ting-Lu|Ting-Lu, L50|100\/100\n|switch|p1b: Baxcalibur|Baxcalibur, L50, F|100\/100\n|switch|p2a: Talonflame|Talonflame, L50, F|100\/100\n|switch|p2b: Glimmora|Glimmora, L50, F|100\/100\n|-ability|p1a: Ting-Lu|Vessel of Ruin\n|turn|1\n|\n|t:|1683397648\n|move|p1b: Baxcalibur|Protect|p1b: Baxcalibur\n|-singleturn|p1b: Baxcalibur|Protect\n|move|p2a: Talonflame|Tailwind|p2a: Talonflame\n|-sidestart|p2: Tsutox|move: Tailwind\n|move|p2b: Glimmora|Power Gem|p1b: Baxcalibur\n|-activate|p1b: Baxcalibur|move: Protect\n|move|p1a: Ting-Lu|Payback|p2b: Glimmora\n|-damage|p2b: Glimmora|38\/100\n|-activate|p2b: Glimmora|ability: Toxic Debris\n|-sidestart|p1: Mizore te|move: Toxic Spikes\n|\n|upkeep\n|turn|2\n|\n|t:|1683397673\n|-terastallize|p1b: Baxcalibur|Poison\n|move|p2a: Talonflame|Will-O-Wisp|p1a: Ting-Lu\n|-status|p1a: Ting-Lu|brn\n|move|p2b: Glimmora|Power Gem|p1b: Baxcalibur\n|-damage|p1b: Baxcalibur|73\/100\n|move|p1b: Baxcalibur|Glaive Rush|p2a: Talonflame\n|-damage|p2a: Talonflame|0 fnt\n|-singlemove|p1b: Baxcalibur|Glaive Rush|[silent]\n|faint|p2a: Talonflame\n|move|p1a: Ting-Lu|Stomping Tantrum|p2b: Glimmora\n|-supereffective|p2b: Glimmora\n|-damage|p2b: Glimmora|0 fnt\n|-activate|p2b: Glimmora|ability: Toxic Debris\n|-sidestart|p1: Mizore te|move: Toxic Spikes\n|faint|p2b: Glimmora\n|\n|-damage|p1a: Ting-Lu|94\/100 brn|[from] brn\n|upkeep\n|\n|t:|1683397685\n|switch|p2a: Flutter Mane|Flutter Mane, L50|100\/100\n|switch|p2b: Chi-Yu|Chi-Yu, L50|100\/100\n|-ability|p2b: Chi-Yu|Beads of Ruin\n|turn|3\n|\n|t:|1683397702\n|-terastallize|p2a: Flutter Mane|Fairy\n|move|p1b: Baxcalibur|Ice Shard|p2a: Flutter Mane\n|-damage|p2a: Flutter Mane|43\/100\n|move|p2a: Flutter Mane|Moonblast|p1a: Ting-Lu\n|-supereffective|p1a: Ting-Lu\n|-damage|p1a: Ting-Lu|0 fnt\n|faint|p1a: Ting-Lu\n|move|p2b: Chi-Yu|Dark Pulse|p1b: Baxcalibur\n|-crit|p1b: Baxcalibur\n|-damage|p1b: Baxcalibur|0 fnt\n|faint|p1b: Baxcalibur\n|\n|upkeep\n|\n|t:|1683397709\n|switch|p1b: Flutter Mane|Flutter Mane, L50, shiny|100\/100\n|switch|p1a: Gyarados|Gyarados, L50, F|100\/100\n|-status|p1b: Flutter Mane|tox\n|-ability|p1a: Gyarados|Intimidate|boost\n|-unboost|p2a: Flutter Mane|atk|1\n|-unboost|p2b: Chi-Yu|atk|1\n|turn|4\n|\n|t:|1683397729\n|move|p2a: Flutter Mane|Moonblast|p1b: Flutter Mane\n|-damage|p1b: Flutter Mane|0 fnt\n|faint|p1b: Flutter Mane\n|-end|p1b: Flutter Mane|Protosynthesis|[silent]\n|move|p2b: Chi-Yu|Dark Pulse|p1a: Gyarados\n|-crit|p1a: Gyarados\n|-damage|p1a: Gyarados|38\/100\n|-enditem|p1a: Gyarados|Sitrus Berry|[eat]\n|-heal|p1a: Gyarados|62\/100|[from] item: Sitrus Berry\n|move|p1a: Gyarados|Waterfall|p2b: Chi-Yu\n|-supereffective|p2b: Chi-Yu\n|-crit|p2b: Chi-Yu\n|-enditem|p2b: Chi-Yu|Focus Sash\n|-damage|p2b: Chi-Yu|1\/100\n|\n|-sideend|p2: Tsutox|move: Tailwind\n|upkeep\n|turn|5\n|\n|t:|1683397742\n|move|p2a: Flutter Mane|Moonblast|p1a: Gyarados\n|-damage|p1a: Gyarados|0 fnt\n|faint|p1a: Gyarados\n|\n|win|Tsutox\n|raw|Mizore te's rating: 1361 → 1336<\/strong> (-25 for losing)\n|raw|Tsutox's rating: 1274 → 1305<\/strong> (+31 for winning)\n","uploadtime":1683397747,"views":21,"p1id":"mizorete","p2id":"tsutox","formatid":"gen9vgc2023regulationc","rating":1305,"private":0,"password":""}