{"id":"gen9vgc2023regulationc-1850879092","p1":"thearchitectz","p2":"Foolafetti","format":"[Gen 9] VGC 2023 Regulation C","log":"|j|\u2606thearchitectz\n|j|\u2606Foolafetti\n|t:|1682377525\n|gametype|doubles\n|player|p1|thearchitectz|steven|1206\n|player|p2|Foolafetti|brycenman|1245\n|teamsize|p1|6\n|teamsize|p2|6\n|gen|9\n|tier|[Gen 9] VGC 2023 Regulation C\n|rated|\n|rule|Species Clause: Limit one of each Pok\u00e9mon\n|rule|Item Clause: Limit one of each item\n|clearpoke\n|poke|p1|Tyranitar, L50, F|\n|poke|p1|Lycanroc, L50, F|\n|poke|p1|Ting-Lu, L50|\n|poke|p1|Maushold-Four, L50|\n|poke|p1|Annihilape, L50, M|\n|poke|p1|Flutter Mane, L50|\n|poke|p2|Jumpluff, L50, F|\n|poke|p2|Torkoal, L50, M|\n|poke|p2|Flutter Mane, L50|\n|poke|p2|Chi-Yu, L50|\n|poke|p2|Great Tusk, L50|\n|poke|p2|Roaring Moon, L50|\n|teampreview|4\nthearchitectz has agreed to open team sheets.\nFoolafetti has agreed to open team sheets.\n|\n|t:|1682377568\n|start\n|switch|p1a: Maushold|Maushold-Four, L50|100\/100\n|switch|p1b: Tyranitar|Tyranitar, L50, F|100\/100\n|switch|p2a: Jumpluff|Jumpluff, L50, F|100\/100\n|switch|p2b: Torkoal|Torkoal, L50, M|100\/100\n|-weather|Sandstorm|[from] ability: Sand Stream|[of] p1b: Tyranitar\n|-weather|SunnyDay|[from] ability: Drought|[of] p2b: Torkoal\n|turn|1\n|\n|t:|1682377587\n|move|p1a: Maushold|Follow Me|p1a: Maushold\n|-singleturn|p1a: Maushold|move: Follow Me\n|move|p2a: Jumpluff|Tailwind|p2a: Jumpluff\n|-sidestart|p2: Foolafetti|move: Tailwind\n|move|p1b: Tyranitar|Rock Slide|p2b: Torkoal|[spread] p2a,p2b\n|-supereffective|p2a: Jumpluff\n|-supereffective|p2b: Torkoal\n|-damage|p2a: Jumpluff|21\/100\n|-damage|p2b: Torkoal|63\/100\n|move|p2b: Torkoal|Overheat|p1a: Maushold\n|-damage|p1a: Maushold|29\/100\n|-unboost|p2b: Torkoal|spa|2\n|-enditem|p2b: Torkoal|Eject Pack\n|\n|t:|1682377602\n|switch|p2b: Great Tusk|Great Tusk, L50|100\/100\n|-activate|p2b: Great Tusk|ability: Protosynthesis\n|-start|p2b: Great Tusk|protosynthesisatk\n|\n|-weather|SunnyDay|[upkeep]\n|upkeep\n|turn|2\n|\n|t:|1682377644\n|-terastallize|p1b: Tyranitar|Flying\n|move|p1a: Maushold|Follow Me|p1a: Maushold\n|-singleturn|p1a: Maushold|move: Follow Me\n|move|p2a: Jumpluff|Sleep Powder|p1a: Maushold\n|-activate|p1a: Maushold|item: Safety Goggles|Sleep Powder\n|move|p2b: Great Tusk|Headlong Rush|p1a: Maushold\n|-damage|p1a: Maushold|0 fnt\n|-unboost|p2b: Great Tusk|def|1\n|-unboost|p2b: Great Tusk|spd|1\n|faint|p1a: Maushold\n|move|p1b: Tyranitar|Ice Punch|p2a: Jumpluff\n|-supereffective|p2a: Jumpluff\n|-damage|p2a: Jumpluff|0 fnt\n|faint|p2a: Jumpluff\n|\n|-weather|SunnyDay|[upkeep]\n|upkeep\n|\n|t:|1682377660\n|switch|p2a: Roaring Moon|Roaring Moon, L50|100\/100\n|switch|p1a: Lycanroc|Lycanroc, L50, F|100\/100\n|-activate|p2a: Roaring Moon|ability: Protosynthesis\n|-start|p2a: Roaring Moon|protosynthesisatk\n|turn|3\n|\n|t:|1682377704\n|move|p2a: Roaring Moon|Dragon Dance|p2a: Roaring Moon\n|-boost|p2a: Roaring Moon|atk|1\n|-boost|p2a: Roaring Moon|spe|1\n|move|p2b: Great Tusk|Headlong Rush|p1a: Lycanroc\n|-supereffective|p1a: Lycanroc\n|-enditem|p1a: Lycanroc|Focus Sash\n|-damage|p1a: Lycanroc|1\/100\n|-unboost|p2b: Great Tusk|def|1\n|-unboost|p2b: Great Tusk|spd|1\n|move|p1a: Lycanroc|Rock Slide|p2b: Great Tusk|[spread] p2a,p2b\n|-crit|p2a: Roaring Moon\n|-resisted|p2b: Great Tusk\n|-damage|p2a: Roaring Moon|43\/100\n|-damage|p2b: Great Tusk|92\/100\n|move|p1b: Tyranitar|Ice Punch|p2b: Great Tusk\n|-supereffective|p2b: Great Tusk\n|-damage|p2b: Great Tusk|14\/100\n|\n|-weather|SunnyDay|[upkeep]\n|upkeep\n|turn|4\n|\n|t:|1682377733\n|-end|p2b: Great Tusk|Protosynthesis|[silent]\n|switch|p2b: Torkoal|Torkoal, L50, M|63\/100\n|move|p1a: Lycanroc|Protect|p1a: Lycanroc\n|-singleturn|p1a: Lycanroc|Protect\n|move|p2a: Roaring Moon|Dragon Claw|p1a: Lycanroc\n|-activate|p1a: Lycanroc|move: Protect\n|move|p1b: Tyranitar|Rock Slide|p2b: Torkoal|[spread] p2a,p2b\n|-supereffective|p2b: Torkoal\n|-crit|p2b: Torkoal\n|-damage|p2a: Roaring Moon|0 fnt\n|-damage|p2b: Torkoal|12\/100\n|faint|p2a: Roaring Moon\n|-end|p2a: Roaring Moon|Protosynthesis|[silent]\n|\n|-weather|SunnyDay|[upkeep]\n|-sideend|p2: Foolafetti|move: Tailwind\n|upkeep\n|\n|t:|1682377737\n|switch|p2a: Great Tusk|Great Tusk, L50|14\/100\n|-activate|p2a: Great Tusk|ability: Protosynthesis\n|-start|p2a: Great Tusk|protosynthesisatk\n|turn|5\n|-message|Foolafetti forfeited.\n|\n|win|thearchitectz\n|raw|thearchitectz's rating: 1206 → 1234<\/strong> (+28 for winning)\n|raw|Foolafetti's rating: 1245 → 1217<\/strong> (-28 for losing)\n|l|\u2606Foolafetti\n","uploadtime":1682377843,"views":14,"p1id":"thearchitectz","p2id":"foolafetti","formatid":"gen9vgc2023regulationc","rating":1217,"private":0,"password":""}