{"id":"gen9vgc2023regulationc-1859102024","p1":"MasterofMetapods5","p2":"man raccon","format":"[Gen 9] VGC 2023 Regulation C","log":"|j|\u2606MasterofMetapods5\n|j|\u203dman raccon\n|t:|1683404655\n|gametype|doubles\n|player|p1|MasterofMetapods5|lance|\n|player|p2|man raccon|akari|\n|teamsize|p1|6\n|teamsize|p2|6\n|gen|9\n|tier|[Gen 9] VGC 2023 Regulation C\n|rated|Tournament battle\n|rule|Species Clause: Limit one of each Pok\u00e9mon\n|rule|Item Clause: Limit one of each item\n|clearpoke\n|poke|p1|Amoonguss, L50, M|\n|poke|p1|Ting-Lu, L50|\n|poke|p1|Corviknight, L50, M|\n|poke|p1|Rotom-Wash, L50|\n|poke|p1|Chi-Yu, L50|\n|poke|p1|Flutter Mane, L50|\n|poke|p2|Goodra, L50, M|\n|poke|p2|Flutter Mane, L50|\n|poke|p2|Wo-Chien, L50|\n|poke|p2|Corviknight, L50, F|\n|poke|p2|Arcanine, L50, F|\n|poke|p2|Gastrodon-East, L50, F|\n|teampreview|4\n|raw| Open Team Sheet for MasterofMetapods5<\/summary>Amoonguss (M) @ Sitrus Berry Ability: Regenerator Level: 50 Tera Type: Water - Clear Smog - Pollen Puff - Spore - Rage Powder Ting-Lu @ Leftovers Ability: Vessel of Ruin Level: 50 Tera Type: Poison - Protect - Earthquake - Heavy Slam - Ruination Corviknight (M) @ Lum Berry Ability: Mirror Armor Level: 50 Tera Type: Dragon - Brave Bird - Iron Head - Roost - Tailwind Rotom (Rotom-Wash) @ Safety Goggles Ability: Levitate Level: 50 Tera Type: Poison - Protect - Thunderbolt - Hydro Pump - Nasty Plot Chi-Yu @ Focus Sash Ability: Beads of Ruin Level: 50 Tera Type: Fire - Protect - Heat Wave - Dark Pulse - Overheat Flutter Mane @ Booster Energy Ability: Protosynthesis Level: 50 Tera Type: Ghost - Protect - Moonblast - Shadow Ball - Icy Wind <\/details><\/div> Open Team Sheet for man raccon<\/summary>Goodra @ Assault Vest Ability: Sap Sipper Level: 50 Tera Type: Water - Muddy Water - Flamethrower - Draco Meteor - Acid Spray Flutter Mane @ Booster Energy Ability: Protosynthesis Level: 50 Tera Type: Fairy - Shadow Ball - Dazzling Gleam - Moonblast - Protect Wo-Chien @ Life Orb Ability: Tablets of Ruin Level: 50 Tera Type: Poison - Protect - Dark Pulse - Giga Drain - Tera Blast Corviknight @ Choice Band Ability: Mirror Armor Level: 50 Tera Type: Fire - Brave Bird - U-turn - Iron Head - Tera Blast Arcanine @ Safety Goggles Ability: Intimidate Level: 50 Tera Type: Flying - Flare Blitz - Will-O-Wisp - Extreme Speed - Protect Gastrodon (Gastrodon-East) @ Covert Cloak Ability: Storm Drain Level: 50 Tera Type: Fire - Earth Power - Muddy Water - Recover - Protect <\/details><\/div>\n|c|\u2606MasterofMetapods5|glhf\n|j| WallyTryHard\n|j|%Bright Size\n|j|%Borghi\n|j| The2009Zapdos\n|inactive|Battle timer is ON: inactive players will automatically lose when time's up. (requested by MasterofMetapods5)\n|j| Radio Free C-Side\n|inactive|man raccon has 60 seconds left.\n|\n|t:|1683404721\n|start\n|switch|p1a: Rotom|Rotom-Wash, L50|100\/100\n|switch|p1b: Corviknight|Corviknight, L50, M|100\/100\n|switch|p2a: Corviknight|Corviknight, L50, F|100\/100\n|switch|p2b: Flutter Mane|Flutter Mane, L50|100\/100\n|-enditem|p2b: Flutter Mane|Booster Energy\n|-activate|p2b: Flutter Mane|ability: Protosynthesis|[fromitem]\n|-start|p2b: Flutter Mane|protosynthesisspa\n|turn|1\n|\n|t:|1683404742\n|switch|p2a: Goodra|Goodra, L50, M|100\/100\n|move|p2b: Flutter Mane|Moonblast|p1a: Rotom\n|-damage|p1a: Rotom|32\/100\n|move|p1a: Rotom|Thunderbolt|p2a: Goodra\n|-resisted|p2a: Goodra\n|-damage|p2a: Goodra|93\/100\n|move|p1b: Corviknight|Tailwind|p1b: Corviknight\n|-sidestart|p1: MasterofMetapods5|move: Tailwind\n|\n|upkeep\n|turn|2\n|\n|t:|1683404762\n|switch|p1a: Ting-Lu|Ting-Lu, L50|100\/100\n|-ability|p1a: Ting-Lu|Vessel of Ruin\n|move|p2b: Flutter Mane|Protect|p2b: Flutter Mane\n|-singleturn|p2b: Flutter Mane|Protect\n|move|p1b: Corviknight|Iron Head|p2a: Goodra\n|-damage|p2a: Goodra|62\/100\n|move|p2a: Goodra|Draco Meteor|p1a: Ting-Lu\n|-damage|p1a: Ting-Lu|67\/100\n|-unboost|p2a: Goodra|spa|2\n|\n|-heal|p1a: Ting-Lu|73\/100|[from] item: Leftovers\n|upkeep\n|turn|3\n|\n|t:|1683404772\n|-end|p2b: Flutter Mane|Protosynthesis|[silent]\n|switch|p2b: Corviknight|Corviknight, L50, F|100\/100\n|switch|p2a: Arcanine|Arcanine, L50, F|100\/100\n|-ability|p2a: Arcanine|Intimidate|boost\n|-unboost|p1a: Ting-Lu|atk|1\n|-ability|p1b: Corviknight|Mirror Armor\n|-unboost|p2a: Arcanine|atk|1\n|move|p1b: Corviknight|Iron Head|p2b: Corviknight\n|-resisted|p2b: Corviknight\n|-damage|p2b: Corviknight|86\/100\n|move|p1a: Ting-Lu|Ruination|p2a: Arcanine\n|-damage|p2a: Arcanine|50\/100\n|\n|-heal|p1a: Ting-Lu|79\/100|[from] item: Leftovers\n|upkeep\n|turn|4\n|inactive|man raccon has 30 seconds left.\n|inactive|MasterofMetapods5 has 30 seconds left.\n|inactive|man raccon has 20 seconds left.\n|inactive|man raccon has 15 seconds left.\n|\n|t:|1683404814\n|move|p1b: Corviknight|Brave Bird|p2a: Arcanine\n|-damage|p2a: Arcanine|3\/100\n|-damage|p1b: Corviknight|85\/100|[from] Recoil\n|move|p1a: Ting-Lu|Earthquake|p2b: Corviknight|[spread] p2a\n|-immune|p1b: Corviknight\n|-immune|p2b: Corviknight\n|-supereffective|p2a: Arcanine\n|-crit|p2a: Arcanine\n|-damage|p2a: Arcanine|0 fnt\n|faint|p2a: Arcanine\n|move|p2b: Corviknight|U-turn|p1b: Corviknight\n|-resisted|p1b: Corviknight\n|-damage|p1b: Corviknight|79\/100\n|j| mindclaw\n|\n|t:|1683404826\n|switch|p2b: Goodra|Goodra, L50, M|62\/100|[from] U-turn\n|\n|-heal|p1a: Ting-Lu|85\/100|[from] item: Leftovers\n|-sideend|p1: MasterofMetapods5|move: Tailwind\n|upkeep\n|\n|t:|1683404828\n|switch|p2a: Corviknight|Corviknight, L50, F|86\/100\n|turn|5\n|\n|t:|1683404836\n|switch|p1b: Rotom|Rotom-Wash, L50|32\/100\n|-terastallize|p2a: Corviknight|Fire\n|move|p1a: Ting-Lu|Protect|p1a: Ting-Lu\n|-singleturn|p1a: Ting-Lu|Protect\n|move|p2a: Corviknight|Tera Blast|p1b: Rotom\n|-resisted|p1b: Rotom\n|-damage|p1b: Rotom|2\/100\n|move|p2b: Goodra|Acid Spray|p1a: Ting-Lu\n|-activate|p1a: Ting-Lu|move: Protect\n|\n|-heal|p1a: Ting-Lu|91\/100|[from] item: Leftovers\n|upkeep\n|turn|6\n|\n|t:|1683404850\n|move|p1b: Rotom|Hydro Pump|p2a: Corviknight\n|-supereffective|p2a: Corviknight\n|-damage|p2a: Corviknight|15\/100\n|move|p2a: Corviknight|Tera Blast|p1b: Rotom\n|-resisted|p1b: Rotom\n|-damage|p1b: Rotom|0 fnt\n|faint|p1b: Rotom\n|move|p2b: Goodra|Acid Spray|p1a: Ting-Lu\n|-resisted|p1a: Ting-Lu\n|-crit|p1a: Ting-Lu\n|-damage|p1a: Ting-Lu|86\/100\n|-unboost|p1a: Ting-Lu|spd|2\n|move|p1a: Ting-Lu|Earthquake|p2a: Corviknight|[spread] p2a,p2b\n|-supereffective|p2a: Corviknight\n|-crit|p2a: Corviknight\n|-damage|p2a: Corviknight|0 fnt\n|-damage|p2b: Goodra|37\/100\n|faint|p2a: Corviknight\n|\n|-heal|p1a: Ting-Lu|92\/100|[from] item: Leftovers\n|upkeep\n|\n|t:|1683404861\n|switch|p1b: Chi-Yu|Chi-Yu, L50|100\/100\n|switch|p2a: Flutter Mane|Flutter Mane, L50|100\/100\n|-ability|p1b: Chi-Yu|Beads of Ruin\n|turn|7\n|\n|t:|1683404870\n|switch|p1a: Corviknight|Corviknight, L50, M|79\/100\n|move|p2a: Flutter Mane|Protect|p2a: Flutter Mane\n|-singleturn|p2a: Flutter Mane|Protect\n|move|p1b: Chi-Yu|Protect|p1b: Chi-Yu\n|-singleturn|p1b: Chi-Yu|Protect\n|move|p2b: Goodra|Muddy Water|p1b: Chi-Yu|[spread] \n|-activate|p1b: Chi-Yu|move: Protect\n|-miss|p2b: Goodra|p1a: Corviknight\n|\n|upkeep\n|turn|8\n|\n|t:|1683404890\n|-terastallize|p1b: Chi-Yu|Fire\n|move|p2a: Flutter Mane|Moonblast|p1b: Chi-Yu\n|-resisted|p1b: Chi-Yu\n|-damage|p1b: Chi-Yu|73\/100\n|move|p1b: Chi-Yu|Overheat|p2a: Flutter Mane\n|-damage|p2a: Flutter Mane|0 fnt\n|-unboost|p1b: Chi-Yu|spa|2\n|faint|p2a: Flutter Mane\n|-end|p2a: Flutter Mane|Protosynthesis|[silent]\n|move|p1a: Corviknight|Tailwind|p1a: Corviknight\n|-sidestart|p1: MasterofMetapods5|move: Tailwind\n|move|p2b: Goodra|Muddy Water|p1b: Chi-Yu|[spread] p1a,p1b\n|-supereffective|p1b: Chi-Yu\n|-damage|p1a: Corviknight|49\/100\n|-damage|p1b: Chi-Yu|23\/100\n|-ability|p1a: Corviknight|Mirror Armor\n|-unboost|p2b: Goodra|accuracy|1\n|\n|upkeep\n|turn|9\n|\n|t:|1683404901\n|move|p1b: Chi-Yu|Dark Pulse|p2b: Goodra\n|-damage|p2b: Goodra|23\/100\n|move|p1a: Corviknight|Roost|p1a: Corviknight\n|-heal|p1a: Corviknight|99\/100\n|-singleturn|p1a: Corviknight|move: Roost\n|move|p2b: Goodra|Muddy Water|p1b: Chi-Yu|[spread] \n|-miss|p2b: Goodra|p1a: Corviknight\n|-miss|p2b: Goodra|p1b: Chi-Yu\n|\n|upkeep\n|turn|10\n|c|\u2606MasterofMetapods5|gg\n|-message|man raccon forfeited.\n|\n|win|MasterofMetapods5\n|n|\u2606MasterofMetapods5|masterofmetapods5\n|n|\u203dman raccon|manraccon\n|n| WallyTryHard|wallytryhard\n|n| Bright Size|brightsize\n|n| Borghi|borghi\n|n| The2009Zapdos|the2009zapdos\n|n| Radio Free C-Side|radiofreecside\n|n| mindclaw|mindclaw\n","uploadtime":1683404905,"views":13,"p1id":"masterofmetapods5","p2id":"manraccon","formatid":"gen9vgc2023regulationc","rating":0,"private":0,"password":""}