{"id":"gen9vgc2023regulationc-1849824707","p1":"Monument6","p2":"Critical ratta","format":"[Gen 9] VGC 2023 Regulation C","log":"|j|\u2606Monument6\n|j|\u2606Critical ratta\n|t:|1682257217\n|gametype|doubles\n|player|p1|Monument6|2|1504\n|player|p2|Critical ratta|red|1514\n|teamsize|p1|6\n|teamsize|p2|6\n|gen|9\n|tier|[Gen 9] VGC 2023 Regulation C\n|rated|\n|rule|Species Clause: Limit one of each Pok\u00e9mon\n|rule|Item Clause: Limit one of each item\n|clearpoke\n|poke|p1|Wo-Chien, L50|\n|poke|p1|Garganacl, L50, F|\n|poke|p1|Glimmora, L50, M|\n|poke|p1|Ting-Lu, L50|\n|poke|p1|Sableye, L50, M|\n|poke|p1|Corviknight, L50, F|\n|poke|p2|Lycanroc-Midnight, L50, F|\n|poke|p2|Medicham, L50, F|\n|poke|p2|Dondozo, L50, M|\n|poke|p2|Tatsugiri-Stretchy, L50, M|\n|poke|p2|Mimikyu, L50, F|\n|poke|p2|Ting-Lu, L50|\n|teampreview|4\n|inactive|Battle timer is ON: inactive players will automatically lose when time's up. (requested by Monument6)\n|inactive|Monument6 has 60 seconds left.\n|\n|t:|1682257262\n|start\n|switch|p1a: Sableye|Sableye, L50, M|100\/100\n|switch|p1b: Glimmora|Glimmora, L50, M|100\/100\n|switch|p2a: Lycanroc|Lycanroc-Midnight, L50, F, shiny|100\/100\n|switch|p2b: Medicham|Medicham, L50, F, shiny|100\/100\n|turn|1\n|\n|t:|1682257283\n|move|p2b: Medicham|Detect|p2b: Medicham\n|-singleturn|p2b: Medicham|Protect\n|move|p2a: Lycanroc|Protect|p2a: Lycanroc\n|-singleturn|p2a: Lycanroc|Protect\n|move|p1a: Sableye|Reflect|p1a: Sableye\n|-sidestart|p1: Monument6|Reflect\n|move|p1b: Glimmora|Toxic|p2b: Medicham\n|-activate|p2b: Medicham|move: Protect\n|\n|upkeep\n|turn|2\n|\n|t:|1682257293\n|move|p1a: Sableye|Encore|p2b: Medicham\n|-start|p2b: Medicham|Encore\n|move|p1b: Glimmora|Toxic|p2b: Medicham\n|-status|p2b: Medicham|tox\n|move|p2b: Medicham|Detect||[still]\n|-fail|p2b: Medicham\n|move|p2a: Lycanroc|Stone Edge|p1a: Sableye\n|-crit|p1a: Sableye\n|-damage|p1a: Sableye|0 fnt\n|faint|p1a: Sableye\n|\n|-damage|p2b: Medicham|95\/100 tox|[from] psn\n|upkeep\n|\n|t:|1682257311\n|switch|p1a: Garganacl|Garganacl, L50, F|100\/100\n|turn|3\n|\n|t:|1682257322\n|switch|p2b: Tatsugiri|Tatsugiri-Stretchy, L50, M, shiny|100\/100\n|move|p1b: Glimmora|Toxic|p2a: Lycanroc\n|-status|p2a: Lycanroc|tox\n|move|p2a: Lycanroc|Stone Edge|p1a: Garganacl\n|-crit|p1a: Garganacl\n|-damage|p1a: Garganacl|48\/100\n|move|p1a: Garganacl|Stealth Rock|p2a: Lycanroc\n|-sidestart|p2: Critical ratta|move: Stealth Rock\n|\n|-damage|p2a: Lycanroc|94\/100 tox|[from] psn\n|upkeep\n|turn|4\n|\n|t:|1682257345\n|switch|p2b: Medicham|Medicham, L50, F, shiny|95\/100 tox\n|-damage|p2b: Medicham|89\/100 tox|[from] Stealth Rock\n|move|p1b: Glimmora|Toxic|p2b: Medicham\n|-fail|p2b: Medicham|tox\n|move|p2a: Lycanroc|Stone Edge|p1a: Garganacl\n|-damage|p1a: Garganacl|25\/100\n|-enditem|p1a: Garganacl|Aguav Berry|[eat]\n|-heal|p1a: Garganacl|58\/100|[from] item: Aguav Berry\n|move|p1a: Garganacl|Salt Cure|p2a: Lycanroc\n|-damage|p2a: Lycanroc|74\/100 tox\n|-start|p2a: Lycanroc|Salt Cure\n|\n|-damage|p2b: Medicham|83\/100 tox|[from] psn\n|-damage|p2a: Lycanroc|62\/100 tox|[from] psn\n|-damage|p2a: Lycanroc|50\/100 tox|[from] Salt Cure\n|upkeep\n|turn|5\n|inactive|Monument6 has 30 seconds left.\n|\n|t:|1682257371\n|switch|p1b: Wo-Chien|Wo-Chien, L50|100\/100\n|-ability|p1b: Wo-Chien|Tablets of Ruin\n|move|p2b: Medicham|Skill Swap|p2a: Lycanroc\n|-activate|p2b: Medicham|move: Skill Swap|||[of] p2a: Lycanroc\n|move|p2a: Lycanroc|Stone Edge|p1a: Garganacl\n|-crit|p1a: Garganacl\n|-damage|p1a: Garganacl|0 fnt\n|faint|p1a: Garganacl\n|\n|-damage|p2b: Medicham|71\/100 tox|[from] psn\n|-damage|p2a: Lycanroc|32\/100 tox|[from] psn\n|-damage|p2a: Lycanroc|20\/100 tox|[from] Salt Cure\n|upkeep\n|\n|t:|1682257386\n|switch|p1a: Glimmora|Glimmora, L50, M|100\/100\n|turn|6\n|inactive|Monument6 has 30 seconds left.\n|inactive|Monument6 has 20 seconds left.\n|\n|t:|1682257426\n|switch|p2a: Dondozo|Dondozo, L50, M, shiny|100\/100\n|-damage|p2a: Dondozo|88\/100|[from] Stealth Rock\n|-terastallize|p1a: Glimmora|Grass\n|move|p1a: Glimmora|Energy Ball|p2a: Dondozo\n|-supereffective|p2a: Dondozo\n|-damage|p2a: Dondozo|5\/100\n|move|p2b: Medicham|Skill Swap|p2a: Dondozo\n|-activate|p2b: Medicham|move: Skill Swap|||[of] p2a: Dondozo\n|move|p1b: Wo-Chien|Ruination|p2b: Medicham\n|-damage|p2b: Medicham|36\/100 tox\n|\n|-heal|p2a: Dondozo|11\/100|[from] item: Leftovers\n|-damage|p2b: Medicham|18\/100 tox|[from] psn\n|upkeep\n|turn|7\n|inactive|Monument6 has 30 seconds left.\n|\n|t:|1682257453\n|switch|p2b: Tatsugiri|Tatsugiri-Stretchy, L50, M, shiny|100\/100\n|-activate|p2b: Tatsugiri|ability: Commander|[of] p2a: Dondozo\n|-boost|p2a: Dondozo|atk|2\n|-boost|p2a: Dondozo|spa|2\n|-boost|p2a: Dondozo|spe|2\n|-boost|p2a: Dondozo|def|2\n|-boost|p2a: Dondozo|spd|2\n|move|p2a: Dondozo|Fissure|p1a: Glimmora\n|-enditem|p1a: Glimmora|Focus Sash\n|-damage|p1a: Glimmora|1\/100\n|-activate|p1a: Glimmora|ability: Toxic Debris\n|-sidestart|p2: Critical ratta|move: Toxic Spikes\n|move|p1a: Glimmora|Energy Ball|p2a: Dondozo\n|-supereffective|p2a: Dondozo\n|-crit|p2a: Dondozo\n|-damage|p2a: Dondozo|0 fnt\n|faint|p2a: Dondozo\n|move|p1b: Wo-Chien|Leech Seed|p2b: Tatsugiri\n|-start|p2b: Tatsugiri|move: Leech Seed\n|\n|-damage|p2b: Tatsugiri|88\/100|[from] Leech Seed|[of] p1b: Wo-Chien\n|upkeep\n|c|\u2606Monument6|Good job\n|\n|t:|1682257475\n|switch|p2a: Medicham|Medicham, L50, F, shiny|18\/100 tox\n|-damage|p2a: Medicham|12\/100 tox|[from] Stealth Rock\n|turn|8\n|\n|t:|1682257492\n|move|p1b: Wo-Chien|Protect|p1b: Wo-Chien\n|-singleturn|p1b: Wo-Chien|Protect\n|move|p2b: Tatsugiri|Draco Meteor|p1b: Wo-Chien\n|-activate|p1b: Wo-Chien|move: Protect\n|move|p1a: Glimmora|Toxic|p2b: Tatsugiri\n|-status|p2b: Tatsugiri|tox\n|move|p2a: Medicham|Close Combat|p1b: Wo-Chien\n|-activate|p1b: Wo-Chien|move: Protect\n|\n|-damage|p2b: Tatsugiri|75\/100 tox|[from] Leech Seed|[of] p1b: Wo-Chien\n|-damage|p2b: Tatsugiri|69\/100 tox|[from] psn\n|-damage|p2a: Medicham|6\/100 tox|[from] psn\n|-sideend|p1: Monument6|Reflect\n|upkeep\n|turn|9\n|inactive|Monument6 has 30 seconds left.\n|\n|t:|1682257518\n|move|p2b: Tatsugiri|Draco Meteor|p1b: Wo-Chien\n|-damage|p1b: Wo-Chien|60\/100\n|-unboost|p2b: Tatsugiri|spa|2\n|move|p1a: Glimmora|Energy Ball|p2a: Medicham\n|-damage|p2a: Medicham|0 fnt\n|faint|p2a: Medicham\n|move|p1b: Wo-Chien|Pollen Puff|p1a: Glimmora\n|-heal|p1a: Glimmora|51\/100\n|\n|-heal|p1b: Wo-Chien|66\/100|[from] item: Leftovers\n|-damage|p2b: Tatsugiri|57\/100 tox|[from] Leech Seed|[of] p1b: Wo-Chien\n|-heal|p1b: Wo-Chien|75\/100|[silent]\n|-damage|p2b: Tatsugiri|44\/100 tox|[from] psn\n|upkeep\n|\n|t:|1682257528\n|switch|p2a: Lycanroc|Lycanroc-Midnight, L50, F, shiny|20\/100 tox\n|-damage|p2a: Lycanroc|8\/100 tox|[from] Stealth Rock\n|turn|10\n|\n|t:|1682257546\n|move|p1b: Wo-Chien|Protect|p1b: Wo-Chien\n|-singleturn|p1b: Wo-Chien|Protect\n|move|p2b: Tatsugiri|Draco Meteor|p1a: Glimmora\n|-damage|p1a: Glimmora|9\/100\n|-unboost|p2b: Tatsugiri|spa|2\n|move|p1a: Glimmora|Energy Ball|p2a: Lycanroc\n|-supereffective|p2a: Lycanroc\n|-damage|p2a: Lycanroc|0 fnt\n|faint|p2a: Lycanroc\n|\n|-heal|p1b: Wo-Chien|82\/100|[from] item: Leftovers\n|-damage|p2b: Tatsugiri|32\/100 tox|[from] Leech Seed|[of] p1b: Wo-Chien\n|-heal|p1b: Wo-Chien|91\/100|[silent]\n|-damage|p2b: Tatsugiri|13\/100 tox|[from] psn\n|upkeep\n|turn|11\n|j| Chemto\n|inactive|Critical ratta has 30 seconds left.\n|inactive|Critical ratta has 20 seconds left.\n|inactive|Critical ratta has 15 seconds left.\n|inactive|Critical ratta has 10 seconds left.\n|inactive|Critical ratta has 5 seconds left.\n|\n|t:|1682257601\n|move|p2b: Tatsugiri|Draco Meteor|p1a: Glimmora\n|-damage|p1a: Glimmora|0 fnt\n|-unboost|p2b: Tatsugiri|spa|2\n|faint|p1a: Glimmora\n|move|p1b: Wo-Chien|Pollen Puff|p1: Glimmora|[notarget]\n|-fail|p1b: Wo-Chien\n|\n|-heal|p1b: Wo-Chien|97\/100|[from] item: Leftovers\n|-damage|p2b: Tatsugiri|0 fnt|[from] Leech Seed|[of] p1b: Wo-Chien\n|-heal|p1b: Wo-Chien|100\/100|[silent]\n|faint|p2b: Tatsugiri\n|\n|win|Monument6\n|upkeep\n|raw|Monument6's rating: 1504 → 1525<\/strong> (+21 for winning)\n|raw|Critical ratta's rating: 1514 → 1493<\/strong> (-21 for losing)\n|l|\u2606Monument6\n","uploadtime":1682257741,"views":14,"p1id":"monument6","p2id":"criticalratta","formatid":"gen9vgc2023regulationc","rating":1493,"private":0,"password":""}