{"id":"gen9vgc2023regulationc-1864017570","p1":"CbuttyVGC","p2":"AdustTuba113400","format":"[Gen 9] VGC 2023 Regulation C","log":"|j|\u2606CbuttyVGC\n|j|\u2606AdustTuba113400\n|t:|1684105865\n|gametype|doubles\n|player|p1|CbuttyVGC|acetrainer-gen4dp|1169\n|player|p2|AdustTuba113400|hoopster|1114\n|teamsize|p1|6\n|teamsize|p2|6\n|gen|9\n|tier|[Gen 9] VGC 2023 Regulation C\n|rated|\n|rule|Species Clause: Limit one of each Pok\u00e9mon\n|rule|Item Clause: Limit one of each item\n|clearpoke\n|poke|p1|Ting-Lu, L50|\n|poke|p1|Palafin, L50, M|\n|poke|p1|Amoonguss, L50, M|\n|poke|p1|Arcanine, L50, M|\n|poke|p1|Flutter Mane, L50|\n|poke|p1|Iron Hands, L50|\n|poke|p2|Scovillain, L50, F|\n|poke|p2|Toxapex, L50, M|\n|poke|p2|Flamigo, L50, F|\n|poke|p2|Dragapult, L50, M|\n|poke|p2|Garganacl, L50, M|\n|poke|p2|Sableye, L50, M|\n|teampreview|4\n|inactive|Battle timer is ON: inactive players will automatically lose when time's up. (requested by CbuttyVGC)\nCbuttyVGC has agreed to open team sheets.\nAdustTuba113400 has agreed to open team sheets.\n|inactive|CbuttyVGC has 60 seconds left.\n|c|\u2606CbuttyVGC|Sir are you 100% sure this isn't a singles team\n|inactive|CbuttyVGC has 30 seconds left.\n|c|\u2606AdustTuba113400|nope\n|inactive|CbuttyVGC has 20 seconds left.\n|c|\u2606AdustTuba113400|but I have won with this\n|inactive|CbuttyVGC has 15 seconds left.\n|c|\u2606AdustTuba113400|so I'll take my chances\n|inactive|CbuttyVGC has 10 seconds left.\n|\n|t:|1684105947\n|start\n|switch|p1a: Amoong|Palafin, L50, M, shiny|100\/100\n|switch|p1b: Hands|Flutter Mane, L50|100\/100\n|switch|p2a: Sableye|Sableye, L50, M|100\/100\n|switch|p2b: Scovillain|Scovillain, L50, F|100\/100\n|turn|1\n|c|\u2606CbuttyVGC|I respect it\n|\n|t:|1684105961\n|move|p2b: Scovillain|Protect|p2b: Scovillain\n|-singleturn|p2b: Scovillain|Protect\n|move|p2a: Sableye|Thunder Wave|p1b: Hands\n|-status|p1b: Hands|par\n|move|p1a: Amoong|Taunt|p2a: Sableye\n|-start|p2a: Sableye|move: Taunt\n|cant|p1b: Hands|par\n|\n|-ability|p2b: Scovillain|Moody|boost\n|-boost|p2b: Scovillain|def|2\n|-unboost|p2b: Scovillain|spa|1\n|upkeep\n|turn|2\n|\n|t:|1684105980\n|detailschange|p1a: Amoong|Palafin-Hero, L50, M, shiny\n|switch|p1a: Fissure|Amoonguss, L50, M|100\/100\n|move|p2b: Scovillain|Leech Seed|p1b: Hands\n|-start|p1b: Hands|move: Leech Seed\n|move|p1b: Hands|Shadow Ball|p2b: Scovillain\n|-damage|p2b: Scovillain|37\/100\n|-unboost|p2b: Scovillain|spd|1\n|move|p2a: Sableye|Knock Off|p1a: Fissure\n|-damage|p1a: Fissure|77\/100\n|-enditem|p1a: Fissure|Sitrus Berry|[from] move: Knock Off|[of] p2a: Sableye\n|\n|-heal|p2b: Scovillain|43\/100|[from] item: Leftovers\n|-damage|p1b: Hands|88\/100 par|[from] Leech Seed|[of] p2b: Scovillain\n|-heal|p2b: Scovillain|55\/100|[silent]\n|-ability|p2b: Scovillain|Moody|boost\n|-boost|p2b: Scovillain|spd|2\n|-unboost|p2b: Scovillain|def|1\n|upkeep\n|turn|3\n|inactive|AdustTuba113400 has 30 seconds left.\n|\n|t:|1684106006\n|move|p2b: Scovillain|Protect|p2b: Scovillain\n|-singleturn|p2b: Scovillain|Protect\n|move|p1b: Hands|Shadow Ball|p2b: Scovillain\n|-activate|p2b: Scovillain|move: Protect\n|move|p2a: Sableye|Knock Off|p1b: Hands\n|-damage|p1b: Hands|44\/100 par\n|-enditem|p1b: Hands|Choice Specs|[from] move: Knock Off|[of] p2a: Sableye\n|move|p1a: Fissure|Spore|p2a: Sableye\n|-status|p2a: Sableye|slp|[from] move: Spore\n|\n|-heal|p2b: Scovillain|60\/100|[from] item: Leftovers\n|-damage|p1b: Hands|31\/100 par|[from] Leech Seed|[of] p2b: Scovillain\n|-heal|p2b: Scovillain|72\/100|[silent]\n|-ability|p2b: Scovillain|Moody|boost\n|-boost|p2b: Scovillain|def|2\n|-unboost|p2b: Scovillain|atk|1\n|upkeep\n|turn|4\n|\n|t:|1684106030\n|move|p2b: Scovillain|Substitute|p2b: Scovillain\n|-start|p2b: Scovillain|Substitute\n|-damage|p2b: Scovillain|47\/100\n|cant|p1b: Hands|par\n|cant|p2a: Sableye|slp\n|move|p1a: Fissure|Pollen Puff|p1b: Hands\n|-heal|p1b: Hands|81\/100 par\n|\n|-heal|p2b: Scovillain|53\/100|[from] item: Leftovers\n|-damage|p1b: Hands|69\/100 par|[from] Leech Seed|[of] p2b: Scovillain\n|-heal|p2b: Scovillain|64\/100|[silent]\n|-end|p2a: Sableye|move: Taunt\n|-ability|p2b: Scovillain|Moody|boost\n|-boost|p2b: Scovillain|spa|2\n|-unboost|p2b: Scovillain|atk|1\n|upkeep\n|turn|5\n|c|\u2606CbuttyVGC|Bruh\n|\n|t:|1684106054\n|cant|p2a: Sableye|slp\n|move|p2b: Scovillain|Giga Drain|p1b: Hands\n|-damage|p1b: Hands|31\/100 par\n|-heal|p2b: Scovillain|82\/100|[from] drain|[of] p1b: Hands\n|cant|p1b: Hands|par\n|move|p1a: Fissure|Spore|p2a: Sableye\n|-fail|p2a: Sableye|slp\n|\n|-heal|p2b: Scovillain|88\/100|[from] item: Leftovers\n|-damage|p1b: Hands|19\/100 par|[from] Leech Seed|[of] p2b: Scovillain\n|-heal|p2b: Scovillain|99\/100|[silent]\n|-ability|p2b: Scovillain|Moody|boost\n|-boost|p2b: Scovillain|spa|2\n|-unboost|p2b: Scovillain|def|1\n|upkeep\n|turn|6\n|inactive|CbuttyVGC has 30 seconds left.\n|\n|t:|1684106082\n|cant|p2a: Sableye|slp\n|move|p2b: Scovillain|Giga Drain|p1b: Hands\n|-damage|p1b: Hands|0 fnt\n|-heal|p2b: Scovillain|100\/100|[from] drain|[of] p1b: Hands\n|faint|p1b: Hands\n|-end|p1b: Hands|Protosynthesis|[silent]\n|move|p1a: Fissure|Spore|p2a: Sableye\n|-fail|p2a: Sableye|slp\n|\n|-ability|p2b: Scovillain|Moody|boost\n|-boost|p2b: Scovillain|atk|2\n|-unboost|p2b: Scovillain|def|1\n|upkeep\n|\n|t:|1684106085\n|switch|p1b: Amoong|Palafin-Hero, L50, M, shiny|100\/100\n|-activate|p1b: Amoong|ability: Zero to Hero\n|turn|7\n|\n|t:|1684106104\n|move|p1a: Fissure|Rage Powder|p1a: Fissure\n|-singleturn|p1a: Fissure|move: Rage Powder\n|-curestatus|p2a: Sableye|slp|[msg]\n|move|p2a: Sableye|Thunder Wave|p1a: Fissure\n|-status|p1a: Fissure|par\n|move|p1b: Amoong|Wave Crash|p2b: Scovillain\n|-end|p2b: Scovillain|Substitute\n|-damage|p1b: Amoong|93\/100|[from] Recoil|[of] p2b: Scovillain\n|move|p2b: Scovillain|Giga Drain|p1b: Amoong\n|-supereffective|p1b: Amoong\n|-damage|p1b: Amoong|0 fnt\n|faint|p1b: Amoong\n|\n|-ability|p2b: Scovillain|Moody|boost\n|-boost|p2b: Scovillain|spa|2\n|-unboost|p2b: Scovillain|def|1\n|upkeep\n|\n|t:|1684106109\n|switch|p1b: Pala|Ting-Lu, L50|100\/100\n|-ability|p1b: Pala|Vessel of Ruin\n|turn|8\n|\n|t:|1684106129\n|-terastallize|p1b: Pala|Grass\n|move|p2b: Scovillain|Giga Drain|p1b: Pala\n|-resisted|p1b: Pala\n|-damage|p1b: Pala|85\/100\n|move|p1b: Pala|Fissure|p2b: Scovillain|[miss]\n|-miss|p1b: Pala|p2b: Scovillain\n|move|p2a: Sableye|Knock Off|p1a: Fissure\n|-crit|p1a: Fissure\n|-damage|p1a: Fissure|55\/100 par\n|move|p1a: Fissure|Spore|p2a: Sableye\n|-status|p2a: Sableye|slp|[from] move: Spore\n|\n|-ability|p2b: Scovillain|Moody|boost\n|-boost|p2b: Scovillain|atk|2\n|-unboost|p2b: Scovillain|spa|1\n|upkeep\n|turn|9\n|\n|t:|1684106149\n|move|p2b: Scovillain|Protect|p2b: Scovillain\n|-singleturn|p2b: Scovillain|Protect\n|cant|p2a: Sableye|slp\n|move|p1b: Pala|Stomping Tantrum|p2b: Scovillain\n|-activate|p2b: Scovillain|move: Protect\n|move|p1a: Fissure|Pollen Puff|p1b: Pala\n|-heal|p1b: Pala|100\/100\n|\n|-ability|p2b: Scovillain|Moody|boost\n|-boost|p2b: Scovillain|def|2\n|-unboost|p2b: Scovillain|spa|1\n|upkeep\n|turn|10\n|\n|t:|1684106168\n|cant|p2a: Sableye|slp\n|move|p2b: Scovillain|Substitute|p2b: Scovillain\n|-start|p2b: Scovillain|Substitute\n|-damage|p2b: Scovillain|75\/100\n|move|p1b: Pala|Fissure|p2b: Scovillain|[miss]\n|-miss|p1b: Pala|p2b: Scovillain\n|move|p1a: Fissure|Spore|p2a: Sableye\n|-fail|p2a: Sableye|slp\n|\n|-heal|p2b: Scovillain|81\/100|[from] item: Leftovers\n|-ability|p2b: Scovillain|Moody|boost\n|-boost|p2b: Scovillain|spa|2\n|-unboost|p2b: Scovillain|spd|1\n|upkeep\n|turn|11\n|\n|t:|1684106185\n|move|p2b: Scovillain|Protect|p2b: Scovillain\n|-singleturn|p2b: Scovillain|Protect\n|cant|p2a: Sableye|slp\n|move|p1b: Pala|Stomping Tantrum|p2a: Sableye\n|-damage|p2a: Sableye|4\/100 slp\n|move|p1a: Fissure|Spore|p2a: Sableye\n|-fail|p2a: Sableye|slp\n|\n|-heal|p2b: Scovillain|87\/100|[from] item: Leftovers\n|-ability|p2b: Scovillain|Moody|boost\n|-boost|p2b: Scovillain|spd|2\n|-unboost|p2b: Scovillain|atk|1\n|upkeep\n|turn|12\n|\n|t:|1684106207\n|-curestatus|p2a: Sableye|slp|[msg]\n|move|p2a: Sableye|Thunder Wave|p1b: Pala\n|-status|p1b: Pala|par\n|move|p2b: Scovillain|Giga Drain|p1a: Fissure\n|-resisted|p1a: Fissure\n|-damage|p1a: Fissure|40\/100 par\n|-heal|p2b: Scovillain|96\/100|[from] drain|[of] p1a: Fissure\n|cant|p1b: Pala|par\n|move|p1a: Fissure|Pollen Puff|p2a: Sableye\n|-damage|p2a: Sableye|0 fnt\n|faint|p2a: Sableye\n|\n|-heal|p2b: Scovillain|100\/100|[from] item: Leftovers\n|-ability|p2b: Scovillain|Moody|boost\n|-boost|p2b: Scovillain|spd|2\n|-unboost|p2b: Scovillain|atk|1\n|upkeep\n|\n|t:|1684106225\n|switch|p2a: Dragapult|Dragapult, L50, M|100\/100\n|turn|13\n|c|\u2606CbuttyVGC|How am I getting fully paralyzed so damn much\n|\n|t:|1684106240\n|move|p2b: Scovillain|Protect|p2b: Scovillain\n|-singleturn|p2b: Scovillain|Protect\n|move|p2a: Dragapult|Hex|p1b: Pala\n|-damage|p1b: Pala|73\/100 par\n|move|p1b: Pala|Ruination|p2b: Scovillain\n|-activate|p2b: Scovillain|move: Protect\n|move|p1a: Fissure|Spore|p2a: Dragapult\n|-status|p2a: Dragapult|slp|[from] move: Spore\n|\n|-ability|p2b: Scovillain|Moody|boost\n|-boost|p2b: Scovillain|spe|2\n|-unboost|p2b: Scovillain|spd|1\n|upkeep\n|turn|14\n|\n|t:|1684106259\n|cant|p2a: Dragapult|slp\n|move|p2b: Scovillain|Giga Drain|p1b: Pala\n|-resisted|p1b: Pala\n|-damage|p1b: Pala|58\/100 par\n|move|p1b: Pala|Ruination|p2b: Scovillain\n|-end|p2b: Scovillain|Substitute\n|cant|p1a: Fissure|par\n|\n|-ability|p2b: Scovillain|Moody|boost\n|-boost|p2b: Scovillain|atk|2\n|-unboost|p2b: Scovillain|def|1\n|upkeep\n|turn|15\n|\n|t:|1684106278\n|move|p2b: Scovillain|Protect|p2b: Scovillain\n|-singleturn|p2b: Scovillain|Protect\n|cant|p2a: Dragapult|slp\n|move|p1b: Pala|Fissure|p2b: Scovillain\n|-activate|p2b: Scovillain|move: Protect\n|move|p1a: Fissure|Pollen Puff|p1b: Pala\n|-heal|p1b: Pala|100\/100 par\n|\n|-ability|p2b: Scovillain|Moody|boost\n|-boost|p2b: Scovillain|atk|2\n|-unboost|p2b: Scovillain|def|1\n|upkeep\n|turn|16\n|\n|t:|1684106295\n|-curestatus|p2a: Dragapult|slp|[msg]\n|move|p2a: Dragapult|Hex|p1a: Fissure\n|-damage|p1a: Fissure|0 fnt\n|faint|p1a: Fissure\n|move|p2b: Scovillain|Substitute|p2b: Scovillain\n|-start|p2b: Scovillain|Substitute\n|-damage|p2b: Scovillain|75\/100\n|move|p1b: Pala|Ruination|p2b: Scovillain\n|-end|p2b: Scovillain|Substitute\n|\n|-heal|p2b: Scovillain|81\/100|[from] item: Leftovers\n|-ability|p2b: Scovillain|Moody|boost\n|-boost|p2b: Scovillain|spa|1\n|-unboost|p2b: Scovillain|def|1\n|upkeep\n|turn|17\n|\n|t:|1684106317\n|switch|p2a: Flamigo|Flamigo, L50, F|100\/100\n|-copyboost|p2a: Flamigo|p2b: Scovillain|[from] ability: Costar\n|-enditem|p2a: Flamigo|White Herb\n|-clearnegativeboost|p2a: Flamigo|[silent]\n|move|p2b: Scovillain|Protect|p2b: Scovillain\n|-singleturn|p2b: Scovillain|Protect\n|cant|p1b: Pala|par\n|\n|-heal|p2b: Scovillain|87\/100|[from] item: Leftovers\n|-ability|p2b: Scovillain|Moody|boost\n|-boost|p2b: Scovillain|spe|2\n|-unboost|p2b: Scovillain|def|1\n|upkeep\n|turn|18\n|\n|t:|1684106331\n|move|p2a: Flamigo|Acrobatics|p1b: Pala\n|-supereffective|p1b: Pala\n|-damage|p1b: Pala|0 fnt\n|faint|p1b: Pala\n|\n|win|AdustTuba113400\n|raw|CbuttyVGC's rating: 1169 → 1140<\/strong> (-29 for losing)\n|raw|AdustTuba113400's rating: 1114 → 1143<\/strong> (+29 for winning)\n|c|\u2606AdustTuba113400|g\n|c|\u2606AdustTuba113400|gg\n","uploadtime":1684106338,"views":13,"p1id":"cbuttyvgc","p2id":"adusttuba113400","formatid":"gen9vgc2023regulationc","rating":1140,"private":0,"password":""}