{"id":"gen9vgc2023regulationc-1852477602","p1":"Cost4","p2":"Empiricist_14","format":"[Gen 9] VGC 2023 Regulation C","log":"|j|\u2606Cost4\n|j|\u2606Empiricist_14\n|t:|1682562643\n|gametype|doubles\n|player|p1|Cost4|hilda|1000\n|player|p2|Empiricist_14|pryce|1067\n|teamsize|p1|6\n|teamsize|p2|6\n|gen|9\n|tier|[Gen 9] VGC 2023 Regulation C\n|rated|\n|rule|Species Clause: Limit one of each Pok\u00e9mon\n|rule|Item Clause: Limit one of each item\n|clearpoke\n|poke|p1|Pachirisu, L50, F|\n|poke|p1|Garchomp, L50, M|\n|poke|p1|Gardevoir, L50, F|\n|poke|p1|Tyranitar, L50, M|\n|poke|p1|Volcarona, L50, M|\n|poke|p1|Garganacl, L50, F|\n|poke|p2|Froslass, L50, F|\n|poke|p2|Abomasnow, L50, M|\n|poke|p2|Palafin, L50, M|\n|poke|p2|Baxcalibur, L50, M|\n|poke|p2|Iron Bundle, L50|\n|poke|p2|Rotom-Frost, L50|\n|teampreview|4\n|\n|t:|1682562661\n|start\n|switch|p1a: Pachirisu|Pachirisu, L50, F, shiny|100\/100\n|switch|p1b: traumas|Garchomp, L50, M|100\/100\n|switch|p2a: Delibirdon't|Iron Bundle, L50|100\/100\n|switch|p2b: Friend|Rotom-Frost, L50|100\/100\n|-enditem|p2a: Delibirdon't|Booster Energy\n|-activate|p2a: Delibirdon't|ability: Quark Drive|[fromitem]\n|-start|p2a: Delibirdon't|quarkdrivespa\n|turn|1\n|\n|t:|1682562679\n|move|p1a: Pachirisu|Follow Me|p1a: Pachirisu\n|-singleturn|p1a: Pachirisu|move: Follow Me\n|move|p2a: Delibirdon't|Freeze-Dry|p1a: Pachirisu\n|-damage|p1a: Pachirisu|51\/100\n|-status|p1a: Pachirisu|frz\n|move|p1b: traumas|Swords Dance|p1b: traumas\n|-boost|p1b: traumas|atk|2\n|move|p2b: Friend|Electric Terrain|p2b: Friend\n|-fieldstart|move: Electric Terrain\n|\n|upkeep\n|turn|2\n|\n|t:|1682562710\n|cant|p1a: Pachirisu|frz\n|move|p2a: Delibirdon't|Freeze-Dry|p1b: traumas\n|-supereffective|p1b: traumas\n|-damage|p1b: traumas|0 fnt\n|faint|p1b: traumas\n|move|p2b: Friend|Nasty Plot|p2b: Friend\n|-boost|p2b: Friend|spa|2\n|\n|upkeep\n|\n|t:|1682562719\n|switch|p1b: Volcarona|Volcarona, L50, M, shiny|100\/100\n|turn|3\n|\n|t:|1682562734\n|cant|p1a: Pachirisu|frz\n|move|p2a: Delibirdon't|Freeze-Dry|p1a: Pachirisu\n|-damage|p1a: Pachirisu|0 fnt\n|faint|p1a: Pachirisu\n|move|p1b: Volcarona|Overheat|p2b: Friend\n|-supereffective|p2b: Friend\n|-damage|p2b: Friend|0 fnt\n|-unboost|p1b: Volcarona|spa|2\n|faint|p2b: Friend\n|\n|upkeep\n|\n|t:|1682562748\n|switch|p1a: Tyranitar|Tyranitar, L50, M, shiny|100\/100\n|switch|p2b: Excalibur|Baxcalibur, L50, M|100\/100\n|-weather|Sandstorm|[from] ability: Sand Stream|[of] p1a: Tyranitar\n|turn|4\n|\n|t:|1682562772\n|-end|p2a: Delibirdon't|Quark Drive|[silent]\n|switch|p2a: THE OG|Abomasnow, L50, M, shiny|100\/100\n|-weather|Snow|[from] ability: Snow Warning|[of] p2a: THE OG\n|-terastallize|p2b: Excalibur|Poison\n|move|p1b: Volcarona|Overheat|p2a: THE OG\n|-supereffective|p2a: THE OG\n|-damage|p2a: THE OG|0 fnt\n|-unboost|p1b: Volcarona|spa|2\n|faint|p2a: THE OG\n|move|p1a: Tyranitar|Dragon Dance|p1a: Tyranitar\n|-boost|p1a: Tyranitar|atk|1\n|-boost|p1a: Tyranitar|spe|1\n|move|p2b: Excalibur|Dragon Dance|p2b: Excalibur\n|-boost|p2b: Excalibur|atk|1\n|-boost|p2b: Excalibur|spe|1\n|\n|-weather|Snow|[upkeep]\n|upkeep\n|\n|t:|1682562791\n|switch|p2a: Delibirdon't|Iron Bundle, L50|100\/100\n|-activate|p2a: Delibirdon't|ability: Quark Drive\n|-start|p2a: Delibirdon't|quarkdrivespa\n|turn|5\n|\n|t:|1682562805\n|move|p1a: Tyranitar|Crunch|p2a: Delibirdon't\n|-damage|p2a: Delibirdon't|50\/100\n|move|p2b: Excalibur|Iron Head|p1a: Tyranitar\n|-supereffective|p1a: Tyranitar\n|-damage|p1a: Tyranitar|29\/100\n|move|p2a: Delibirdon't|Aurora Veil|p2a: Delibirdon't\n|-sidestart|p2: Empiricist_14|move: Aurora Veil\n|move|p1b: Volcarona|Will-O-Wisp|p2b: Excalibur\n|-immune|p2b: Excalibur|[from] ability: Thermal Exchange\n|\n|-weather|Snow|[upkeep]\n|-fieldend|move: Electric Terrain\n|-end|p2a: Delibirdon't|Quark Drive\n|upkeep\n|turn|6\n|\n|t:|1682562835\n|move|p1a: Tyranitar|Crunch|p2a: Delibirdon't\n|-crit|p2a: Delibirdon't\n|-damage|p2a: Delibirdon't|0 fnt\n|faint|p2a: Delibirdon't\n|-end|p2a: Delibirdon't|Quark Drive|[silent]\n|move|p2b: Excalibur|Iron Head|p1a: Tyranitar\n|-supereffective|p1a: Tyranitar\n|-damage|p1a: Tyranitar|0 fnt\n|faint|p1a: Tyranitar\n|move|p1b: Volcarona|Overheat|p2b: Excalibur\n|-damage|p2b: Excalibur|88\/100\n|-unboost|p1b: Volcarona|spa|2\n|-ability|p2b: Excalibur|Thermal Exchange|boost\n|-boost|p2b: Excalibur|atk|1\n|\n|-weather|Snow|[upkeep]\n|upkeep\n|turn|7\n|\n|t:|1682562852\n|move|p2b: Excalibur|Dragon Claw|p1b: Volcarona\n|-damage|p1b: Volcarona|10\/100\n|move|p1b: Volcarona|Psychic|p2b: Excalibur\n|-supereffective|p2b: Excalibur\n|-damage|p2b: Excalibur|79\/100\n|-enditem|p2b: Excalibur|Weakness Policy\n|-boost|p2b: Excalibur|atk|2|[from] item: Weakness Policy\n|-boost|p2b: Excalibur|spa|2|[from] item: Weakness Policy\n|\n|-weather|Snow|[upkeep]\n|upkeep\n|turn|8\n|\n|t:|1682562864\n|move|p2b: Excalibur|Dragon Claw|p1b: Volcarona\n|-damage|p1b: Volcarona|0 fnt\n|faint|p1b: Volcarona\n|\n|win|Empiricist_14\n|raw|Cost4's rating: 1000 → 1000<\/strong> (+0 for losing)\n|raw|Empiricist_14's rating: 1067 → 1091<\/strong> (+24 for winning)\n|l|\u2606Cost4\n","uploadtime":1682562886,"views":11,"p1id":"cost4","p2id":"empiricist14","formatid":"gen9vgc2023regulationc","rating":1000,"private":0,"password":""}