{"id":"gen9vgc2023regulationc-1852512432","p1":"CallMeMrMoo","p2":"jacob weedson","format":"[Gen 9] VGC 2023 Regulation C","log":"|j|\u2606CallMeMrMoo\n|j|\u2606jacob weedson\n|t:|1682567686\n|gametype|doubles\n|player|p1|CallMeMrMoo|rancher|1168\n|player|p2|jacob weedson|crasherwake|1214\n|teamsize|p1|6\n|teamsize|p2|6\n|gen|9\n|tier|[Gen 9] VGC 2023 Regulation C\n|rated|\n|rule|Species Clause: Limit one of each Pok\u00e9mon\n|rule|Item Clause: Limit one of each item\n|clearpoke\n|poke|p1|Ting-Lu, L50|\n|poke|p1|Maushold-Four, L50|\n|poke|p1|Annihilape, L50, F|\n|poke|p1|Dragonite, L50, M|\n|poke|p1|Chien-Pao, L50|\n|poke|p1|Flutter Mane, L50|\n|poke|p2|Tyranitar, L50, F|\n|poke|p2|Scream Tail, L50|\n|poke|p2|Gyarados, L50, M|\n|poke|p2|Ting-Lu, L50|\n|poke|p2|Orthworm, L50, M|\n|poke|p2|Flutter Mane, L50|\n|teampreview|4\njacob weedson has agreed to open team sheets.\nCallMeMrMoo has agreed to open team sheets.\n|\n|t:|1682567763\n|start\n|switch|p1a: Maushold|Maushold-Four, L50|100\/100\n|switch|p1b: Annihilape|Annihilape, L50, F|100\/100\n|switch|p2a: hi-jinx|Scream Tail, L50|100\/100\n|switch|p2b: giga2|Tyranitar, L50, F, shiny|100\/100\n|-weather|Sandstorm|[from] ability: Sand Stream|[of] p2b: giga2\n|-enditem|p2a: hi-jinx|Booster Energy\n|-activate|p2a: hi-jinx|ability: Protosynthesis|[fromitem]\n|-start|p2a: hi-jinx|protosynthesisspe\n|turn|1\n|\n|t:|1682567793\n|-terastallize|p2b: giga2|Flying\n|move|p1a: Maushold|Follow Me|p1a: Maushold\n|-singleturn|p1a: Maushold|move: Follow Me\n|move|p2a: hi-jinx|Howl|p2a: hi-jinx|[spread] p2a,p2b\n|-boost|p2a: hi-jinx|atk|1\n|-boost|p2b: giga2|atk|1\n|move|p2b: giga2|Tera Blast|p1a: Maushold\n|-damage|p1a: Maushold|25\/100\n|move|p1b: Annihilape|Bulk Up|p1b: Annihilape\n|-boost|p1b: Annihilape|atk|1\n|-boost|p1b: Annihilape|def|1\n|\n|-weather|Sandstorm|[upkeep]\n|-damage|p2a: hi-jinx|95\/100|[from] Sandstorm\n|-damage|p2b: giga2|95\/100|[from] Sandstorm\n|-damage|p1b: Annihilape|94\/100|[from] Sandstorm\n|-heal|p1b: Annihilape|100\/100|[from] item: Leftovers\n|upkeep\n|turn|2\n|\n|t:|1682567840\n|-terastallize|p1b: Annihilape|Fire\n|move|p2a: hi-jinx|Play Rough|p1a: Maushold\n|-damage|p1a: Maushold|0 fnt\n|faint|p1a: Maushold\n|move|p2b: giga2|Tera Blast|p1b: Annihilape\n|-damage|p1b: Annihilape|59\/100\n|move|p1b: Annihilape|Rage Fist|p2b: giga2\n|-damage|p2b: giga2|41\/100\n|\n|-weather|Sandstorm|[upkeep]\n|-damage|p2a: hi-jinx|89\/100|[from] Sandstorm\n|-damage|p2b: giga2|35\/100|[from] Sandstorm\n|-damage|p1b: Annihilape|52\/100|[from] Sandstorm\n|-heal|p1b: Annihilape|59\/100|[from] item: Leftovers\n|upkeep\n|\n|t:|1682567868\n|switch|p1a: Ting-Lu|Ting-Lu, L50|100\/100\n|-ability|p1a: Ting-Lu|Vessel of Ruin\n|turn|3\n|\n|t:|1682567888\n|move|p2a: hi-jinx|Howl|p2a: hi-jinx|[spread] p2a,p2b\n|-boost|p2a: hi-jinx|atk|1\n|-boost|p2b: giga2|atk|1\n|move|p2b: giga2|Tera Blast|p1b: Annihilape\n|-damage|p1b: Annihilape|6\/100\n|move|p1b: Annihilape|Bulk Up|p1b: Annihilape\n|-boost|p1b: Annihilape|atk|1\n|-boost|p1b: Annihilape|def|1\n|move|p1a: Ting-Lu|Heavy Slam|p2a: hi-jinx\n|-supereffective|p2a: hi-jinx\n|-damage|p2a: hi-jinx|35\/100\n|\n|-weather|Sandstorm|[upkeep]\n|-damage|p2a: hi-jinx|29\/100|[from] Sandstorm\n|-damage|p2b: giga2|29\/100|[from] Sandstorm\n|-damage|p1b: Annihilape|0 fnt|[from] Sandstorm\n|faint|p1b: Annihilape\n|upkeep\n|\n|t:|1682567902\n|switch|p1b: Flutter Mane|Flutter Mane, L50|100\/100\n|-enditem|p1b: Flutter Mane|Booster Energy\n|-activate|p1b: Flutter Mane|ability: Protosynthesis|[fromitem]\n|-start|p1b: Flutter Mane|protosynthesisspa\n|turn|4\n|\n|t:|1682567940\n|move|p1b: Flutter Mane|Protect|p1b: Flutter Mane\n|-singleturn|p1b: Flutter Mane|Protect\n|move|p2a: hi-jinx|Play Rough|p1a: Ting-Lu\n|-supereffective|p1a: Ting-Lu\n|-damage|p1a: Ting-Lu|41\/100\n|-unboost|p1a: Ting-Lu|atk|1\n|move|p2b: giga2|Tera Blast|p1a: Ting-Lu\n|-damage|p1a: Ting-Lu|0 fnt\n|faint|p1a: Ting-Lu\n|\n|-weather|Sandstorm|[upkeep]\n|-damage|p2a: hi-jinx|23\/100|[from] Sandstorm\n|-damage|p1b: Flutter Mane|95\/100|[from] Sandstorm\n|-damage|p2b: giga2|23\/100|[from] Sandstorm\n|upkeep\n|turn|5\n|\n|t:|1682567958\n|move|p2a: hi-jinx|Thunder Wave|p1b: Flutter Mane\n|-status|p1b: Flutter Mane|par\n|move|p2b: giga2|Tera Blast|p1b: Flutter Mane\n|-damage|p1b: Flutter Mane|0 fnt\n|faint|p1b: Flutter Mane\n|-end|p1b: Flutter Mane|Protosynthesis|[silent]\n|\n|win|jacob weedson\n|raw|CallMeMrMoo's rating: 1168 → 1146<\/strong> (-22 for losing)\n|raw|jacob weedson's rating: 1214 → 1236<\/strong> (+22 for winning)\n","uploadtime":1682567966,"views":7,"p1id":"callmemrmoo","p2id":"jacobweedson","formatid":"gen9vgc2023regulationc","rating":1146,"private":0,"password":""}