{"id":"gen9vgc2023regulationc-1859092185","p1":"Diglett34","p2":"RAW_TOAST_94","format":"[Gen 9] VGC 2023 Regulation C","log":"|j|\u2606Diglett34\n|j|\u2606RAW_TOAST_94\n|t:|1683403460\n|gametype|doubles\n|player|p1|Diglett34|170|1000\n|player|p2|RAW_TOAST_94|cynthia|1123\n|teamsize|p1|6\n|teamsize|p2|6\n|gen|9\n|tier|[Gen 9] VGC 2023 Regulation C\n|rated|\n|rule|Species Clause: Limit one of each Pok\u00e9mon\n|rule|Item Clause: Limit one of each item\n|clearpoke\n|poke|p1|Dondozo, L50, M|\n|poke|p1|Tatsugiri, L50, F|\n|poke|p1|Flutter Mane, L50|\n|poke|p1|Gyarados, L50, F|\n|poke|p1|Maushold, L50|\n|poke|p1|Scream Tail, L50|\n|poke|p2|Scizor, L50, F|\n|poke|p2|Amoonguss, L50, M|\n|poke|p2|Ting-Lu, L50|\n|poke|p2|Iron Hands, L50|\n|poke|p2|Iron Bundle, L50|\n|poke|p2|Ceruledge, L50, M|\n|teampreview|4\n|\n|t:|1683403492\n|start\n|switch|p1a: Tatsugiri|Tatsugiri, L50, F|100\/100\n|switch|p1b: Flutter Mane|Flutter Mane, L50|100\/100\n|switch|p2a: Iron Hands|Iron Hands, L50|100\/100\n|switch|p2b: Iron Bundle|Iron Bundle, L50|100\/100\n|-enditem|p2b: Iron Bundle|Booster Energy\n|-activate|p2b: Iron Bundle|ability: Quark Drive|[fromitem]\n|-start|p2b: Iron Bundle|quarkdrivespe\n|turn|1\n|inactive|Battle timer is ON: inactive players will automatically lose when time's up. (requested by Diglett34)\n|\n|t:|1683403520\n|move|p1b: Flutter Mane|Protect|p1b: Flutter Mane\n|-singleturn|p1b: Flutter Mane|Protect\n|move|p2b: Iron Bundle|Freeze-Dry|p1b: Flutter Mane\n|-activate|p1b: Flutter Mane|move: Protect\n|move|p1a: Tatsugiri|Icy Wind|p2a: Iron Hands|[spread] p2a,p2b\n|-resisted|p2b: Iron Bundle\n|-damage|p2a: Iron Hands|93\/100\n|-damage|p2b: Iron Bundle|94\/100\n|-unboost|p2a: Iron Hands|spe|1\n|-unboost|p2b: Iron Bundle|spe|1\n|move|p2a: Iron Hands|Thunder Punch|p1b: Flutter Mane\n|-activate|p1b: Flutter Mane|move: Protect\n|\n|upkeep\n|turn|2\n|\n|t:|1683403543\n|-end|p1b: Flutter Mane|Protosynthesis|[silent]\n|switch|p1b: Scream Tail|Scream Tail, L50|100\/100\n|-enditem|p1b: Scream Tail|Booster Energy\n|-activate|p1b: Scream Tail|ability: Protosynthesis|[fromitem]\n|-start|p1b: Scream Tail|protosynthesisspe\n|move|p1a: Tatsugiri|Protect|p1a: Tatsugiri\n|-singleturn|p1a: Tatsugiri|Protect\n|move|p2b: Iron Bundle|Freeze-Dry|p1b: Scream Tail\n|-damage|p1b: Scream Tail|73\/100\n|move|p2a: Iron Hands|Thunder Punch|p1b: Scream Tail\n|-damage|p1b: Scream Tail|38\/100\n|\n|upkeep\n|turn|3\n|\n|t:|1683403557\n|move|p1b: Scream Tail|Protect|p1b: Scream Tail\n|-singleturn|p1b: Scream Tail|Protect\n|move|p2b: Iron Bundle|Icy Wind|p1a: Tatsugiri|[spread] p1a\n|-activate|p1b: Scream Tail|move: Protect\n|-damage|p1a: Tatsugiri|75\/100\n|-unboost|p1a: Tatsugiri|spe|1\n|move|p1a: Tatsugiri|Icy Wind|p2a: Iron Hands|[spread] p2a\n|-miss|p1a: Tatsugiri|p2b: Iron Bundle\n|-damage|p2a: Iron Hands|86\/100\n|-unboost|p2a: Iron Hands|spe|1\n|move|p2a: Iron Hands|Drain Punch|p1b: Scream Tail\n|-activate|p1b: Scream Tail|move: Protect\n|\n|upkeep\n|turn|4\n|inactive|Diglett34 has 30 seconds left.\n|\n|t:|1683403585\n|move|p1b: Scream Tail|Disable|p2a: Iron Hands\n|-start|p2a: Iron Hands|Disable|Drain Punch\n|move|p2b: Iron Bundle|Icy Wind|p1b: Scream Tail|[spread] p1a,p1b\n|-damage|p1a: Tatsugiri|50\/100\n|-damage|p1b: Scream Tail|23\/100\n|-unboost|p1a: Tatsugiri|spe|1\n|-unboost|p1b: Scream Tail|spe|1\n|move|p1a: Tatsugiri|Icy Wind|p2b: Iron Bundle|[spread] p2a,p2b\n|-resisted|p2b: Iron Bundle\n|-damage|p2a: Iron Hands|79\/100\n|-damage|p2b: Iron Bundle|88\/100\n|-unboost|p2a: Iron Hands|spe|1\n|-unboost|p2b: Iron Bundle|spe|1\n|cant|p2a: Iron Hands|Disable|Drain Punch\n|\n|upkeep\n|turn|5\n|\n|t:|1683403604\n|-end|p2a: Iron Hands|Quark Drive|[silent]\n|switch|p2a: Amoonguss|Amoonguss, L50, M, shiny|100\/100\n|move|p1b: Scream Tail|Protect|p1b: Scream Tail\n|-singleturn|p1b: Scream Tail|Protect\n|move|p2b: Iron Bundle|Protect|p2b: Iron Bundle\n|-singleturn|p2b: Iron Bundle|Protect\n|move|p1a: Tatsugiri|Icy Wind|p2a: Amoonguss|[spread] p2a\n|-activate|p2b: Iron Bundle|move: Protect\n|-supereffective|p2a: Amoonguss\n|-damage|p2a: Amoonguss|81\/100\n|-unboost|p2a: Amoonguss|spe|1\n|\n|upkeep\n|turn|6\n|\n|t:|1683403627\n|-end|p1b: Scream Tail|Protosynthesis|[silent]\n|switch|p1b: Dondozo|Dondozo, L50, M|100\/100\n|move|p1a: Tatsugiri|Protect|p1a: Tatsugiri\n|-singleturn|p1a: Tatsugiri|Protect\n|move|p2b: Iron Bundle|Freeze-Dry|p1b: Dondozo\n|-supereffective|p1b: Dondozo\n|-damage|p1b: Dondozo|34\/100\n|move|p2a: Amoonguss|Spore|p1a: Tatsugiri\n|-activate|p1a: Tatsugiri|move: Protect\n|\n|-heal|p1b: Dondozo|39\/100|[from] item: Leftovers\n|upkeep\n|turn|7\n|\n|t:|1683403652\n|-terastallize|p1b: Dondozo|Steel\n|move|p2b: Iron Bundle|Protect|p2b: Iron Bundle\n|-singleturn|p2b: Iron Bundle|Protect\n|move|p1a: Tatsugiri|Icy Wind|p2b: Iron Bundle|[spread] p2a\n|-activate|p2b: Iron Bundle|move: Protect\n|-supereffective|p2a: Amoonguss\n|-damage|p2a: Amoonguss|62\/100\n|-unboost|p2a: Amoonguss|spe|1\n|move|p1b: Dondozo|Surf|p2b: Iron Bundle|[spread] p2a\n|-activate|p2b: Iron Bundle|move: Protect\n|-ability|p1a: Tatsugiri|Storm Drain|boost\n|-boost|p1a: Tatsugiri|spa|1\n|-resisted|p2a: Amoonguss\n|-damage|p2a: Amoonguss|52\/100\n|move|p2a: Amoonguss|Clear Smog|p1b: Dondozo\n|-immune|p1b: Dondozo\n|\n|-heal|p1b: Dondozo|45\/100|[from] item: Leftovers\n|upkeep\n|turn|8\n|inactive|RAW_TOAST_94 has 30 seconds left.\n|\n|t:|1683403680\n|-end|p2b: Iron Bundle|Quark Drive|[silent]\n|switch|p2b: Scizor|Scizor, L50, F, shiny|100\/100\n|move|p1a: Tatsugiri|Icy Wind|p2b: Scizor|[spread] p2a,p2b\n|-supereffective|p2a: Amoonguss\n|-resisted|p2b: Scizor\n|-damage|p2a: Amoonguss|21\/100\n|-damage|p2b: Scizor|89\/100\n|-unboost|p2a: Amoonguss|spe|1\n|-unboost|p2b: Scizor|spe|1\n|move|p1b: Dondozo|Surf|p2a: Amoonguss|[spread] p2a,p2b\n|-ability|p1a: Tatsugiri|Storm Drain|boost\n|-boost|p1a: Tatsugiri|spa|1\n|-resisted|p2a: Amoonguss\n|-damage|p2a: Amoonguss|12\/100\n|-damage|p2b: Scizor|58\/100\n|move|p2a: Amoonguss|Spore|p1b: Dondozo\n|-status|p1b: Dondozo|slp|[from] move: Spore\n|\n|-heal|p1b: Dondozo|51\/100 slp|[from] item: Leftovers\n|upkeep\n|turn|9\n|\n|t:|1683403705\n|move|p1a: Tatsugiri|Protect|p1a: Tatsugiri\n|-singleturn|p1a: Tatsugiri|Protect\n|move|p2b: Scizor|Bullet Punch|p1a: Tatsugiri\n|-activate|p1a: Tatsugiri|move: Protect\n|cant|p1b: Dondozo|slp\n|move|p2a: Amoonguss|Pollen Puff|p2b: Scizor\n|-heal|p2b: Scizor|100\/100\n|\n|-heal|p1b: Dondozo|57\/100 slp|[from] item: Leftovers\n|upkeep\n|turn|10\n|inactive|RAW_TOAST_94 has 30 seconds left.\n|\n|t:|1683403732\n|move|p1a: Tatsugiri|Protect||[still]\n|-fail|p1a: Tatsugiri\n|move|p2a: Amoonguss|Rage Powder|p2a: Amoonguss\n|-singleturn|p2a: Amoonguss|move: Rage Powder\n|move|p2b: Scizor|Bullet Punch|p1a: Tatsugiri\n|-resisted|p1a: Tatsugiri\n|-damage|p1a: Tatsugiri|10\/100\n|-damage|p2b: Scizor|91\/100|[from] item: Life Orb\n|cant|p1b: Dondozo|slp\n|\n|-heal|p1b: Dondozo|63\/100 slp|[from] item: Leftovers\n|upkeep\n|turn|11\n|\n|t:|1683403749\n|move|p1a: Tatsugiri|Protect|p1a: Tatsugiri\n|-singleturn|p1a: Tatsugiri|Protect\n|move|p2b: Scizor|Trailblaze|p1a: Tatsugiri\n|-activate|p1a: Tatsugiri|move: Protect\n|cant|p1b: Dondozo|slp\n|move|p2a: Amoonguss|Spore|p1a: Tatsugiri\n|-activate|p1a: Tatsugiri|move: Protect\n|\n|-heal|p1b: Dondozo|69\/100 slp|[from] item: Leftovers\n|upkeep\n|turn|12\n|\n|t:|1683403772\n|move|p1a: Tatsugiri|Protect||[still]\n|-fail|p1a: Tatsugiri\n|move|p2b: Scizor|Bullet Punch|p1a: Tatsugiri\n|-resisted|p1a: Tatsugiri\n|-damage|p1a: Tatsugiri|0 fnt\n|faint|p1a: Tatsugiri\n|-damage|p2b: Scizor|81\/100|[from] item: Life Orb\n|-curestatus|p1b: Dondozo|slp|[msg]\n|move|p1b: Dondozo|Surf|p2b: Scizor|[spread] p2a,p2b\n|-resisted|p2a: Amoonguss\n|-damage|p2a: Amoonguss|3\/100\n|-damage|p2b: Scizor|49\/100\n|move|p2a: Amoonguss|Spore|p1b: Dondozo\n|-status|p1b: Dondozo|slp|[from] move: Spore\n|\n|-heal|p1b: Dondozo|75\/100 slp|[from] item: Leftovers\n|upkeep\n|\n|t:|1683403789\n|switch|p1a: Flutter Mane|Flutter Mane, L50|100\/100\n|turn|13\n|\n|t:|1683403803\n|cant|p1b: Dondozo|slp\n|move|p2b: Scizor|Bullet Punch|p1a: Flutter Mane\n|-supereffective|p1a: Flutter Mane\n|-damage|p1a: Flutter Mane|0 fnt\n|faint|p1a: Flutter Mane\n|-end|p1a: Flutter Mane|Protosynthesis|[silent]\n|-damage|p2b: Scizor|39\/100|[from] item: Life Orb\n|move|p2a: Amoonguss|Pollen Puff|p2b: Scizor\n|-heal|p2b: Scizor|89\/100\n|\n|-heal|p1b: Dondozo|81\/100 slp|[from] item: Leftovers\n|upkeep\n|-message|Diglett34 forfeited.\n|\n|win|RAW_TOAST_94\n|raw|Diglett34's rating: 1000 → 1000<\/strong> (+0 for losing)\n|raw|RAW_TOAST_94's rating: 1123 → 1140<\/strong> (+17 for winning)\n|l|\u2606Diglett34\n","uploadtime":1683403827,"views":11,"p1id":"diglett34","p2id":"rawtoast94","formatid":"gen9vgc2023regulationc","rating":1000,"private":0,"password":""}