{"id":"gen9vgc2023regulationc-1848233292","p1":"jenn-xyz","p2":"AwesomeEevee133","format":"[Gen 9] VGC 2023 Regulation C","log":"|j|\u2606jenn-xyz\n|j|\u2606AwesomeEevee133\n|t:|1682045801\n|gametype|doubles\n|player|p1|jenn-xyz|dawn-gen4pt|1037\n|player|p2|AwesomeEevee133|2|1000\n|teamsize|p1|6\n|teamsize|p2|6\n|gen|9\n|tier|[Gen 9] VGC 2023 Regulation C\n|rated|\n|rule|Species Clause: Limit one of each Pok\u00e9mon\n|rule|Item Clause: Limit one of each item\n|clearpoke\n|poke|p1|Chien-Pao, L50|\n|poke|p1|Flutter Mane, L50|\n|poke|p1|Amoonguss, L50, F|\n|poke|p1|Iron Hands, L50|\n|poke|p1|Palafin, L50, F|\n|poke|p1|Arcanine, L50, F|\n|poke|p2|Iron Hands, L50|\n|poke|p2|Bronzong, L50|\n|poke|p2|Kingambit, L50, F|\n|poke|p2|Klefki, L50, F|\n|poke|p2|Amoonguss, L50, M|\n|poke|p2|Murkrow, L50, M|\n|teampreview|4\n|\n|t:|1682045834\n|start\n|switch|p1a: Iron Hands|Iron Hands, L50|100\/100\n|switch|p1b: Amoonguss|Amoonguss, L50, F|100\/100\n|switch|p2a: Bronzong|Bronzong, L50|100\/100\n|switch|p2b: Klefki|Klefki, L50, F|100\/100\n|turn|1\n|\n|t:|1682045853\n|move|p1a: Iron Hands|Fake Out|p2b: Klefki\n|-resisted|p2b: Klefki\n|-damage|p2b: Klefki|91\/100\n|move|p1b: Amoonguss|Spore|p2a: Bronzong\n|-status|p2a: Bronzong|slp|[from] move: Spore\n|cant|p2a: Bronzong|slp\n|cant|p2b: Klefki|flinch\n|\n|upkeep\n|turn|2\n|\n|t:|1682045880\n|move|p1a: Iron Hands|Volt Switch|p2b: Klefki\n|-damage|p2b: Klefki|76\/100\n|\n|t:|1682045884\n|-end|p1a: Iron Hands|Quark Drive|[silent]\n|switch|p1a: Palafin|Palafin, L50, F|100\/100|[from] Volt Switch\n|move|p1b: Amoonguss|Pollen Puff|p2a: Bronzong\n|-damage|p2a: Bronzong|85\/100 slp\n|cant|p2a: Bronzong|slp\n|move|p2b: Klefki|Trick Room|p2b: Klefki\n|-fieldstart|move: Trick Room|[of] p2b: Klefki\n|-enditem|p2b: Klefki|Room Service\n|-unboost|p2b: Klefki|spe|1|[from] item: Room Service\n|\n|upkeep\n|turn|3\n|\n|t:|1682045907\n|switch|p2a: Iron Hands|Iron Hands, L50|100\/100\n|-enditem|p2a: Iron Hands|Booster Energy\n|-activate|p2a: Iron Hands|ability: Quark Drive|[fromitem]\n|-start|p2a: Iron Hands|quarkdriveatk\n|move|p1b: Amoonguss|Protect|p1b: Amoonguss\n|-singleturn|p1b: Amoonguss|Protect\n|move|p1a: Palafin|Protect|p1a: Palafin\n|-singleturn|p1a: Palafin|Protect\n|move|p2b: Klefki|Thunder Wave|p1a: Palafin\n|-activate|p1a: Palafin|move: Protect\n|\n|upkeep\n|turn|4\n|\n|t:|1682045937\n|detailschange|p1a: Palafin|Palafin-Hero, L50, F\n|switch|p1a: Iron Hands|Iron Hands, L50|100\/100\n|move|p2b: Klefki|Light Screen|p2b: Klefki\n|-sidestart|p2: AwesomeEevee133|move: Light Screen\n|move|p1b: Amoonguss|Spore|p2a: Iron Hands\n|-status|p2a: Iron Hands|slp|[from] move: Spore\n|cant|p2a: Iron Hands|slp\n|\n|upkeep\n|turn|5\n|\n|t:|1682045958\n|move|p1a: Iron Hands|Fake Out|p2b: Klefki\n|-resisted|p2b: Klefki\n|-damage|p2b: Klefki|67\/100\n|cant|p2b: Klefki|flinch\n|move|p1b: Amoonguss|Spore|p2b: Klefki\n|-status|p2b: Klefki|slp|[from] move: Spore\n|-curestatus|p2a: Iron Hands|slp|[msg]\n|move|p2a: Iron Hands|Thunder Punch|p1b: Amoonguss\n|-resisted|p1b: Amoonguss\n|-damage|p1b: Amoonguss|77\/100\n|\n|upkeep\n|turn|6\n|\n|t:|1682045999\n|move|p1b: Amoonguss|Spore|p2a: Iron Hands\n|-status|p2a: Iron Hands|slp|[from] move: Spore\n|cant|p2a: Iron Hands|slp\n|move|p1a: Iron Hands|Volt Switch|p2b: Klefki\n|-damage|p2b: Klefki|57\/100 slp\n|\n|t:|1682046005\n|-end|p1a: Iron Hands|Quark Drive|[silent]\n|switch|p1a: Palafin|Palafin-Hero, L50, F|100\/100|[from] Volt Switch\n|-activate|p1a: Palafin|ability: Zero to Hero\n|cant|p2b: Klefki|slp\n|\n|-fieldend|move: Trick Room\n|upkeep\n|turn|7\n|\n|t:|1682046048\n|-terastallize|p2a: Iron Hands|Electric\n|move|p1a: Palafin|Jet Punch|p2b: Klefki\n|-damage|p2b: Klefki|3\/100 slp\n|cant|p2a: Iron Hands|slp\n|move|p1b: Amoonguss|Spore|p2a: Iron Hands\n|-fail|p2a: Iron Hands|slp\n|-curestatus|p2b: Klefki|slp|[msg]\n|move|p2b: Klefki|Trick Room|p2b: Klefki\n|-fieldstart|move: Trick Room|[of] p2b: Klefki\n|\n|upkeep\n|turn|8\n|\n|t:|1682046087\n|switch|p2b: Bronzong|Bronzong, L50|85\/100 slp\n|move|p1a: Palafin|Protect|p1a: Palafin\n|-singleturn|p1a: Palafin|Protect\n|move|p1b: Amoonguss|Pollen Puff|p2a: Iron Hands\n|-crit|p2a: Iron Hands\n|-damage|p2a: Iron Hands|77\/100 slp\n|-curestatus|p2a: Iron Hands|slp|[msg]\n|move|p2a: Iron Hands|Thunder Punch|p1a: Palafin\n|-activate|p1a: Palafin|move: Protect\n|\n|-sideend|p2: AwesomeEevee133|move: Light Screen\n|upkeep\n|turn|9\n|\n|t:|1682046113\n|switch|p1a: Iron Hands|Iron Hands, L50|100\/100\n|cant|p2b: Bronzong|slp\n|move|p1b: Amoonguss|Spore|p2a: Iron Hands\n|-status|p2a: Iron Hands|slp|[from] move: Spore\n|cant|p2a: Iron Hands|slp\n|\n|upkeep\n|turn|10\n|\n|t:|1682046138\n|move|p1a: Iron Hands|Fake Out|p2b: Bronzong\n|-resisted|p2b: Bronzong\n|-damage|p2b: Bronzong|78\/100 slp\n|-curestatus|p2b: Bronzong|slp|[msg]\n|cant|p2b: Bronzong|flinch\n|move|p1b: Amoonguss|Spore|p2b: Bronzong\n|-status|p2b: Bronzong|slp|[from] move: Spore\n|cant|p2a: Iron Hands|slp\n|\n|upkeep\n|turn|11\n|\n|t:|1682046169\n|-end|p1a: Iron Hands|Quark Drive|[silent]\n|switch|p1a: Flutter Mane|Flutter Mane, L50|100\/100\n|-enditem|p1a: Flutter Mane|Booster Energy\n|-activate|p1a: Flutter Mane|ability: Protosynthesis|[fromitem]\n|-start|p1a: Flutter Mane|protosynthesisspe\n|move|p1b: Amoonguss|Pollen Puff|p2a: Iron Hands\n|-damage|p2a: Iron Hands|59\/100 slp\n|cant|p2a: Iron Hands|slp\n|cant|p2b: Bronzong|slp\n|\n|-fieldend|move: Trick Room\n|upkeep\n|turn|12\n|\n|t:|1682046203\n|move|p1b: Amoonguss|Rage Powder|p1b: Amoonguss\n|-singleturn|p1b: Amoonguss|move: Rage Powder\n|move|p1a: Flutter Mane|Moonblast|p2a: Iron Hands\n|-damage|p2a: Iron Hands|8\/100 slp\n|-curestatus|p2a: Iron Hands|slp|[msg]\n|move|p2a: Iron Hands|Ice Punch|p1b: Amoonguss\n|-supereffective|p1b: Amoonguss\n|-damage|p1b: Amoonguss|15\/100\n|-status|p1b: Amoonguss|frz\n|-enditem|p1b: Amoonguss|Sitrus Berry|[eat]\n|-heal|p1b: Amoonguss|40\/100 frz|[from] item: Sitrus Berry\n|-curestatus|p2b: Bronzong|slp|[msg]\n|move|p2b: Bronzong|Trick Room|p2b: Bronzong\n|-fieldstart|move: Trick Room|[of] p2b: Bronzong\n|\n|upkeep\n|turn|13\n|\n|t:|1682046247\n|switch|p1b: Palafin|Palafin-Hero, L50, F|100\/100\n|-terastallize|p1a: Flutter Mane|Ghost\n|move|p2b: Bronzong|Light Screen|p2b: Bronzong\n|-sidestart|p2: AwesomeEevee133|move: Light Screen\n|move|p2a: Iron Hands|Thunder Punch|p1b: Palafin\n|-supereffective|p1b: Palafin\n|-crit|p1b: Palafin\n|-damage|p1b: Palafin|0 fnt\n|faint|p1b: Palafin\n|move|p1a: Flutter Mane|Dazzling Gleam|p2b: Bronzong|[spread] p2a,p2b\n|-resisted|p2b: Bronzong\n|-damage|p2a: Iron Hands|0 fnt\n|-damage|p2b: Bronzong|70\/100\n|faint|p2a: Iron Hands\n|-end|p2a: Iron Hands|Quark Drive|[silent]\n|\n|upkeep\n|\n|t:|1682046263\n|switch|p2a: Kingambit|Kingambit, L50, F|100\/100\n|switch|p1b: Amoonguss|Amoonguss, L50, F|73\/100 frz\n|-activate|p2a: Kingambit|ability: Supreme Overlord\n|-start|p2a: Kingambit|fallen1|[silent]\n|turn|14\n|\n|t:|1682046292\n|-curestatus|p1b: Amoonguss|frz|[msg]\n|move|p1b: Amoonguss|Protect|p1b: Amoonguss\n|-singleturn|p1b: Amoonguss|Protect\n|move|p1a: Flutter Mane|Protect|p1a: Flutter Mane\n|-singleturn|p1a: Flutter Mane|Protect\n|move|p2b: Bronzong|Zen Headbutt|p1b: Amoonguss\n|-activate|p1b: Amoonguss|move: Protect\n|move|p2a: Kingambit|Kowtow Cleave|p1a: Flutter Mane\n|-activate|p1a: Flutter Mane|move: Protect\n|\n|upkeep\n|turn|15\n|\n|t:|1682046324\n|-end|p1a: Flutter Mane|Protosynthesis|[silent]\n|switch|p1a: Iron Hands|Iron Hands, L50|100\/100\n|move|p2b: Bronzong|Zen Headbutt|p1a: Iron Hands\n|-supereffective|p1a: Iron Hands\n|-damage|p1a: Iron Hands|66\/100\n|move|p1b: Amoonguss|Spore|p2a: Kingambit\n|-status|p2a: Kingambit|slp|[from] move: Spore\n|cant|p2a: Kingambit|slp\n|\n|upkeep\n|turn|16\n|\n|t:|1682046346\n|move|p1a: Iron Hands|Fake Out|p2b: Bronzong\n|-resisted|p2b: Bronzong\n|-damage|p2b: Bronzong|62\/100\n|cant|p2b: Bronzong|flinch\n|move|p1b: Amoonguss|Spore|p2b: Bronzong\n|-status|p2b: Bronzong|slp|[from] move: Spore\n|cant|p2a: Kingambit|slp\n|\n|-fieldend|move: Trick Room\n|upkeep\n|turn|17\n|\n|t:|1682046376\n|move|p1a: Iron Hands|Drain Punch|p2a: Kingambit\n|-supereffective|p2a: Kingambit\n|-damage|p2a: Kingambit|0 fnt\n|-heal|p1a: Iron Hands|100\/100|[from] drain|[of] p2a: Kingambit\n|faint|p2a: Kingambit\n|-end|p2a: Kingambit|fallen1|[silent]\n|move|p1b: Amoonguss|Pollen Puff|p2b: Bronzong\n|-damage|p2b: Bronzong|52\/100 slp\n|cant|p2b: Bronzong|slp\n|\n|upkeep\n|\n|t:|1682046386\n|switch|p2a: Klefki|Klefki, L50, F|3\/100\n|turn|18\n|\n|t:|1682046421\n|move|p1b: Amoonguss|Rage Powder|p1b: Amoonguss\n|-singleturn|p1b: Amoonguss|move: Rage Powder\n|move|p2a: Klefki|Dazzling Gleam|p1a: Iron Hands|[spread] p1a,p1b\n|-supereffective|p1a: Iron Hands\n|-crit|p1a: Iron Hands\n|-resisted|p1b: Amoonguss\n|-damage|p1a: Iron Hands|74\/100\n|-damage|p1b: Amoonguss|65\/100\n|move|p1a: Iron Hands|Drain Punch|p2a: Klefki\n|-damage|p2a: Klefki|0 fnt\n|-heal|p1a: Iron Hands|74\/100|[from] drain|[of] p2a: Klefki\n|faint|p2a: Klefki\n|cant|p2b: Bronzong|slp\n|\n|upkeep\n|turn|19\n|-message|AwesomeEevee133 forfeited.\n|\n|win|jenn-xyz\n|raw|jenn-xyz's rating: 1037 → 1068<\/strong> (+31 for winning)\n|raw|AwesomeEevee133's rating: 1000 → 1000<\/strong> (+0 for losing)\n|l|\u2606AwesomeEevee133\n","uploadtime":1682046441,"views":14,"p1id":"jennxyz","p2id":"awesomeeevee133","formatid":"gen9vgc2023regulationc","rating":1000,"private":0,"password":""}