{"id":"gen9vgc2023regulationc-1863014217","p1":"SeveralNonSense","p2":"CordonBleuPlus","format":"[Gen 9] VGC 2023 Regulation C","log":"|j|\u2606SeveralNonSense\n|j|\u2606CordonBleuPlus\n|t:|1683952482\n|gametype|doubles\n|player|p1|SeveralNonSense|guitarist|1207\n|player|p2|CordonBleuPlus|rocketgruntf|1163\n|teamsize|p1|6\n|teamsize|p2|6\n|gen|9\n|tier|[Gen 9] VGC 2023 Regulation C\n|rated|\n|rule|Species Clause: Limit one of each Pok\u00e9mon\n|rule|Item Clause: Limit one of each item\n|clearpoke\n|poke|p1|Iron Bundle, L50|\n|poke|p1|Arcanine, L50, M|\n|poke|p1|Iron Hands, L50|\n|poke|p1|Gholdengo, L50|\n|poke|p1|Roaring Moon, L50|\n|poke|p1|Clodsire, L50, M|\n|poke|p2|Maushold, L50|\n|poke|p2|Lucario, L50, M|\n|poke|p2|Flutter Mane, L50|\n|poke|p2|Iron Hands, L50|\n|poke|p2|Amoonguss, L50, F|\n|poke|p2|Chien-Pao, L50|\n|teampreview|4\n|inactive|Battle timer is ON: inactive players will automatically lose when time's up. (requested by CordonBleuPlus)\n|inactive|CordonBleuPlus has 60 seconds left.\n|inactive|CordonBleuPlus has 30 seconds left.\n|\n|t:|1683952573\n|start\n|switch|p1a: Iron Bundle|Iron Bundle, L50|100\/100\n|switch|p1b: My Best Friend|Clodsire, L50, M|100\/100\n|switch|p2a: Maushold|Maushold, L50|100\/100\n|switch|p2b: Lucario|Lucario, L50, M|100\/100\n|turn|1\n|\n|t:|1683952588\n|move|p1a: Iron Bundle|Protect|p1a: Iron Bundle\n|-singleturn|p1a: Iron Bundle|Protect\n|move|p2a: Maushold|Beat Up|p2b: Lucario\n|-resisted|p2b: Lucario\n|-crit|p2b: Lucario\n|-damage|p2b: Lucario|99\/100\n|-ability|p2b: Lucario|Justified|boost\n|-boost|p2b: Lucario|atk|1\n|-resisted|p2b: Lucario\n|-damage|p2b: Lucario|99\/100\n|-ability|p2b: Lucario|Justified|boost\n|-boost|p2b: Lucario|atk|1\n|-resisted|p2b: Lucario\n|-damage|p2b: Lucario|98\/100\n|-ability|p2b: Lucario|Justified|boost\n|-boost|p2b: Lucario|atk|1\n|-resisted|p2b: Lucario\n|-damage|p2b: Lucario|97\/100\n|-ability|p2b: Lucario|Justified|boost\n|-boost|p2b: Lucario|atk|1\n|-hitcount|p2b: Lucario|4\n|move|p2b: Lucario|Ice Punch|p1b: My Best Friend\n|-supereffective|p1b: My Best Friend\n|-damage|p1b: My Best Friend|60\/100\n|move|p1b: My Best Friend|Stealth Rock|p2b: Lucario\n|-sidestart|p2: CordonBleuPlus|move: Stealth Rock\n|\n|-heal|p1b: My Best Friend|66\/100|[from] item: Black Sludge\n|upkeep\n|turn|2\n|inactive|CordonBleuPlus has 30 seconds left.\n|\n|t:|1683952615\n|move|p2b: Lucario|Extreme Speed|p1a: Iron Bundle\n|-damage|p1a: Iron Bundle|32\/100\n|move|p1a: Iron Bundle|Icy Wind|p2b: Lucario|[spread] p2a,p2b\n|-crit|p2a: Maushold\n|-resisted|p2b: Lucario\n|-damage|p2a: Maushold|62\/100\n|-damage|p2b: Lucario|88\/100\n|-unboost|p2a: Maushold|spe|1\n|-unboost|p2b: Lucario|spe|1\n|move|p2a: Maushold|Encore|p1b: My Best Friend\n|-start|p1b: My Best Friend|Encore\n|move|p1b: My Best Friend|Stealth Rock||[still]\n|-fail|p1b: My Best Friend\n|\n|-heal|p1b: My Best Friend|72\/100|[from] item: Black Sludge\n|upkeep\n|turn|3\n|\n|t:|1683952636\n|switch|p2a: Iron Hands|Iron Hands, L50|100\/100\n|-damage|p2a: Iron Hands|94\/100|[from] Stealth Rock\n|switch|p1b: Iron Hands|Iron Hands, L50|100\/100\n|move|p1a: Iron Bundle|Protect|p1a: Iron Bundle\n|-singleturn|p1a: Iron Bundle|Protect\n|move|p2b: Lucario|Extreme Speed|p1a: Iron Bundle\n|-activate|p1a: Iron Bundle|move: Protect\n|\n|upkeep\n|turn|4\n|inactive|SeveralNonSense has 30 seconds left.\n|inactive|SeveralNonSense has 20 seconds left.\n|inactive|CordonBleuPlus has 30 seconds left.\n|\n|t:|1683952678\n|-end|p1a: Iron Bundle|Quark Drive|[silent]\n|switch|p1a: My Best Friend|Clodsire, L50, M|72\/100\n|move|p2a: Iron Hands|Fake Out|p1a: My Best Friend\n|-damage|p1a: My Best Friend|57\/100\n|move|p2b: Lucario|Extreme Speed|p1b: Iron Hands\n|-damage|p1b: Iron Hands|60\/100\n|move|p1b: Iron Hands|Swords Dance|p1b: Iron Hands\n|-boost|p1b: Iron Hands|atk|2\n|\n|-heal|p1b: Iron Hands|66\/100|[from] item: Leftovers\n|-heal|p1a: My Best Friend|63\/100|[from] item: Black Sludge\n|upkeep\n|turn|5\n|inactive|CordonBleuPlus has 30 seconds left.\n|inactive|CordonBleuPlus has 20 seconds left.\n|inactive|CordonBleuPlus has 15 seconds left.\n|\n|t:|1683952720\n|switch|p2b: Flutter Mane|Flutter Mane, L50|100\/100\n|-damage|p2b: Flutter Mane|88\/100|[from] Stealth Rock\n|move|p1b: Iron Hands|Detect|p1b: Iron Hands\n|-singleturn|p1b: Iron Hands|Protect\n|move|p2a: Iron Hands|Drain Punch|p1b: Iron Hands\n|-activate|p1b: Iron Hands|move: Protect\n|move|p1a: My Best Friend|Earthquake|p2b: Flutter Mane|[spread] p2a,p2b\n|-activate|p1b: Iron Hands|move: Protect\n|-supereffective|p2a: Iron Hands\n|-damage|p2a: Iron Hands|68\/100\n|-damage|p2b: Flutter Mane|44\/100\n|\n|-heal|p1b: Iron Hands|72\/100|[from] item: Leftovers\n|-heal|p1a: My Best Friend|68\/100|[from] item: Black Sludge\n|upkeep\n|turn|6\n|\n|t:|1683952741\n|-terastallize|p2b: Flutter Mane|Fairy\n|-terastallize|p1b: Iron Hands|Grass\n|move|p2b: Flutter Mane|Moonblast|p1b: Iron Hands\n|-damage|p1b: Iron Hands|0 fnt\n|faint|p1b: Iron Hands\n|-end|p1b: Iron Hands|Quark Drive|[silent]\n|move|p2a: Iron Hands|Drain Punch|p1a: My Best Friend\n|-resisted|p1a: My Best Friend\n|-damage|p1a: My Best Friend|47\/100\n|-heal|p2a: Iron Hands|78\/100|[from] drain|[of] p1a: My Best Friend\n|move|p1a: My Best Friend|Toxic|p2a: Iron Hands\n|-status|p2a: Iron Hands|tox\n|\n|-heal|p1a: My Best Friend|53\/100|[from] item: Black Sludge\n|-damage|p2a: Iron Hands|72\/100 tox|[from] psn\n|upkeep\n|\n|t:|1683952759\n|switch|p1b: Roaring Moon|Roaring Moon, L50|100\/100\n|-enditem|p1b: Roaring Moon|Booster Energy\n|-activate|p1b: Roaring Moon|ability: Protosynthesis|[fromitem]\n|-start|p1b: Roaring Moon|protosynthesisatk\n|turn|7\n|inactive|CordonBleuPlus has 30 seconds left.\n|\n|t:|1683952790\n|-end|p2b: Flutter Mane|Protosynthesis|[silent]\n|switch|p2b: Maushold|Maushold, L50|62\/100\n|-damage|p2b: Maushold|50\/100|[from] Stealth Rock\n|move|p1b: Roaring Moon|Protect|p1b: Roaring Moon\n|-singleturn|p1b: Roaring Moon|Protect\n|move|p2a: Iron Hands|Drain Punch|p1b: Roaring Moon\n|-activate|p1b: Roaring Moon|move: Protect\n|move|p1a: My Best Friend|Earthquake|p2b: Maushold|[spread] p2a,p2b\n|-activate|p1b: Roaring Moon|move: Protect\n|-supereffective|p2a: Iron Hands\n|-damage|p2a: Iron Hands|53\/100 tox\n|-damage|p2b: Maushold|30\/100\n|\n|-heal|p1a: My Best Friend|59\/100|[from] item: Black Sludge\n|-damage|p2a: Iron Hands|41\/100 tox|[from] psn\n|upkeep\n|turn|8\n|\n|t:|1683952806\n|-end|p2a: Iron Hands|Quark Drive|[silent]\n|switch|p2a: Lucario|Lucario, L50, M|88\/100\n|-damage|p2a: Lucario|85\/100|[from] Stealth Rock\n|move|p1b: Roaring Moon|Dragon Dance|p1b: Roaring Moon\n|-boost|p1b: Roaring Moon|atk|1\n|-boost|p1b: Roaring Moon|spe|1\n|move|p2b: Maushold|Beat Up|p2a: Lucario\n|-resisted|p2a: Lucario\n|-damage|p2a: Lucario|85\/100\n|-ability|p2a: Lucario|Justified|boost\n|-boost|p2a: Lucario|atk|1\n|-resisted|p2a: Lucario\n|-damage|p2a: Lucario|84\/100\n|-ability|p2a: Lucario|Justified|boost\n|-boost|p2a: Lucario|atk|1\n|-resisted|p2a: Lucario\n|-damage|p2a: Lucario|84\/100\n|-ability|p2a: Lucario|Justified|boost\n|-boost|p2a: Lucario|atk|1\n|-hitcount|p2a: Lucario|3\n|move|p1a: My Best Friend|Recover|p1a: My Best Friend\n|-heal|p1a: My Best Friend|100\/100\n|\n|upkeep\n|turn|9\n|inactive|CordonBleuPlus has 30 seconds left.\n|\n|t:|1683952837\n|move|p2a: Lucario|Extreme Speed|p1b: Roaring Moon\n|-damage|p1b: Roaring Moon|37\/100\n|move|p1b: Roaring Moon|Acrobatics|p2a: Lucario\n|-damage|p2a: Lucario|24\/100\n|move|p2b: Maushold|Encore|p1a: My Best Friend\n|-start|p1a: My Best Friend|Encore\n|move|p1a: My Best Friend|Recover||[still]\n|-fail|p1a: My Best Friend|heal\n|\n|upkeep\n|turn|10\n|\n|t:|1683952858\n|switch|p1a: Iron Bundle|Iron Bundle, L50|32\/100\n|move|p1b: Roaring Moon|Protect|p1b: Roaring Moon\n|-singleturn|p1b: Roaring Moon|Protect\n|move|p2b: Maushold|Follow Me|p2b: Maushold\n|-singleturn|p2b: Maushold|move: Follow Me\n|move|p2a: Lucario|Extreme Speed|p1b: Roaring Moon\n|-activate|p1b: Roaring Moon|move: Protect\n|\n|upkeep\n|turn|11\n|inactive|CordonBleuPlus has 30 seconds left.\n|inactive|SeveralNonSense has 30 seconds left.\n|\n|t:|1683952891\n|move|p2b: Maushold|Follow Me|p2b: Maushold\n|-singleturn|p2b: Maushold|move: Follow Me\n|move|p2a: Lucario|Extreme Speed|p1a: Iron Bundle\n|-damage|p1a: Iron Bundle|0 fnt\n|faint|p1a: Iron Bundle\n|-end|p1a: Iron Bundle|Quark Drive|[silent]\n|move|p1b: Roaring Moon|Acrobatics|p2b: Maushold\n|-damage|p2b: Maushold|0 fnt\n|faint|p2b: Maushold\n|\n|upkeep\n|\n|t:|1683952901\n|switch|p1a: My Best Friend|Clodsire, L50, M|100\/100\n|switch|p2b: Flutter Mane|Flutter Mane, L50, tera:Fairy|44\/100\n|-damage|p2b: Flutter Mane|32\/100|[from] Stealth Rock\n|turn|12\n|\n|t:|1683952922\n|-end|p2b: Flutter Mane|Protosynthesis|[silent]\n|switch|p2b: Iron Hands|Iron Hands, L50|41\/100 tox\n|-damage|p2b: Iron Hands|35\/100 tox|[from] Stealth Rock\n|move|p1b: Roaring Moon|Protect|p1b: Roaring Moon\n|-singleturn|p1b: Roaring Moon|Protect\n|move|p2a: Lucario|Ice Punch|p1a: My Best Friend\n|-supereffective|p1a: My Best Friend\n|-damage|p1a: My Best Friend|59\/100\n|move|p1a: My Best Friend|Earthquake|p2b: Iron Hands|[spread] p2a,p2b\n|-activate|p1b: Roaring Moon|move: Protect\n|-supereffective|p2a: Lucario\n|-supereffective|p2b: Iron Hands\n|-damage|p2a: Lucario|0 fnt\n|-damage|p2b: Iron Hands|7\/100 tox\n|faint|p2a: Lucario\n|\n|-heal|p1a: My Best Friend|65\/100|[from] item: Black Sludge\n|-damage|p2b: Iron Hands|1\/100 tox|[from] psn\n|upkeep\n|\n|t:|1683952935\n|switch|p2a: Flutter Mane|Flutter Mane, L50, tera:Fairy|32\/100\n|-damage|p2a: Flutter Mane|20\/100|[from] Stealth Rock\n|turn|13\n|\n|t:|1683952949\n|move|p1b: Roaring Moon|Acrobatics|p2a: Flutter Mane\n|-damage|p2a: Flutter Mane|0 fnt\n|faint|p2a: Flutter Mane\n|-end|p2a: Flutter Mane|Protosynthesis|[silent]\n|move|p2b: Iron Hands|Drain Punch|p1a: My Best Friend\n|-resisted|p1a: My Best Friend\n|-damage|p1a: My Best Friend|42\/100\n|-heal|p2b: Iron Hands|12\/100 tox|[from] drain|[of] p1a: My Best Friend\n|move|p1a: My Best Friend|Earthquake|p2b: Iron Hands|[spread] p1b,p2b\n|-supereffective|p2b: Iron Hands\n|-damage|p1b: Roaring Moon|13\/100\n|-damage|p2b: Iron Hands|0 fnt\n|faint|p2b: Iron Hands\n|-end|p2b: Iron Hands|Quark Drive|[silent]\n|\n|win|SeveralNonSense\n|raw|SeveralNonSense's rating: 1207 → 1229<\/strong> (+22 for winning)\n|raw|CordonBleuPlus's rating: 1163 → 1141<\/strong> (-22 for losing)\n|l|\u2606CordonBleuPlus\n|c|\u2606SeveralNonSense|gg\n","uploadtime":1683952975,"views":14,"p1id":"severalnonsense","p2id":"cordonbleuplus","formatid":"gen9vgc2023regulationc","rating":1141,"private":0,"password":""}