{"id":"gen9vgc2023regulationc-1848185199","p1":"ShadowL","p2":"Chi-Yuh","format":"[Gen 9] VGC 2023 Regulation C","log":"|j|\u2606ShadowL\n|j|\u2606Chi-Yuh\n|t:|1682039815\n|gametype|doubles\n|player|p1|ShadowL|roxie|1063\n|player|p2|Chi-Yuh|2|1056\n|teamsize|p1|6\n|teamsize|p2|6\n|gen|9\n|tier|[Gen 9] VGC 2023 Regulation C\n|rated|\n|rule|Species Clause: Limit one of each Pok\u00e9mon\n|rule|Item Clause: Limit one of each item\n|clearpoke\n|poke|p1|Chien-Pao, L50|\n|poke|p1|Roaring Moon, L50|\n|poke|p1|Arcanine, L50, F|\n|poke|p1|Amoonguss, L50, M|\n|poke|p1|Palafin, L50, M|\n|poke|p1|Flutter Mane, L50|\n|poke|p2|Ting-Lu, L50|\n|poke|p2|Arcanine, L50, F|\n|poke|p2|Murkrow, L50, M|\n|poke|p2|Palafin, L50, F|\n|poke|p2|Gholdengo, L50|\n|poke|p2|Amoonguss, L50, F|\n|teampreview|4\n|\n|t:|1682039857\n|start\n|switch|p1a: Roaring Moon|Roaring Moon, L50|100\/100\n|switch|p1b: Palafin|Palafin, L50, M|100\/100\n|switch|p2a: Palafin|Palafin, L50, F|100\/100\n|switch|p2b: Murkrow|Murkrow, L50, M|100\/100\n|-enditem|p1a: Roaring Moon|Booster Energy\n|-activate|p1a: Roaring Moon|ability: Protosynthesis|[fromitem]\n|-start|p1a: Roaring Moon|protosynthesisatk\n|turn|1\n|\n|t:|1682039882\n|detailschange|p1b: Palafin|Palafin-Hero, L50, M\n|switch|p1b: Chien-Pao|Chien-Pao, L50|100\/100\n|-ability|p1b: Chien-Pao|Sword of Ruin\n|move|p2b: Murkrow|Tailwind|p2b: Murkrow\n|-sidestart|p2: Chi-Yuh|move: Tailwind\n|move|p2a: Palafin|Flip Turn|p1a: Roaring Moon\n|-resisted|p1a: Roaring Moon\n|-damage|p1a: Roaring Moon|86\/100\n|\n|t:|1682039891\n|detailschange|p2a: Palafin|Palafin-Hero, L50, F\n|switch|p2a: Arcanine|Arcanine, L50, F|100\/100|[from] Flip Turn\n|-ability|p2a: Arcanine|Intimidate|boost\n|-unboost|p1a: Roaring Moon|atk|1\n|-unboost|p1b: Chien-Pao|atk|1\n|move|p1a: Roaring Moon|Dragon Dance|p1a: Roaring Moon\n|-boost|p1a: Roaring Moon|atk|1\n|-boost|p1a: Roaring Moon|spe|1\n|\n|upkeep\n|turn|2\n|\n|t:|1682039939\n|switch|p1b: Arcanine|Arcanine, L50, F|100\/100\n|-ability|p1b: Arcanine|Intimidate|boost\n|-unboost|p2a: Arcanine|atk|1\n|-unboost|p2b: Murkrow|atk|1\n|move|p2a: Arcanine|Flare Blitz|p1b: Arcanine\n|-resisted|p1b: Arcanine\n|-damage|p1b: Arcanine|84\/100\n|-damage|p2a: Arcanine|95\/100|[from] Recoil\n|move|p1a: Roaring Moon|Acrobatics|p2b: Murkrow\n|-damage|p2b: Murkrow|5\/100\n|move|p2b: Murkrow|Foul Play|p1a: Roaring Moon\n|-resisted|p1a: Roaring Moon\n|-damage|p1a: Roaring Moon|58\/100\n|\n|upkeep\n|turn|3\n|\n|t:|1682039970\n|switch|p2b: Ting-Lu|Ting-Lu, L50|100\/100\n|-ability|p2b: Ting-Lu|Vessel of Ruin\n|switch|p1b: Palafin|Palafin-Hero, L50, M|100\/100\n|-activate|p1b: Palafin|ability: Zero to Hero\n|move|p2a: Arcanine|Howl|p2a: Arcanine|[spread] p2a,p2b\n|-boost|p2a: Arcanine|atk|1\n|-boost|p2b: Ting-Lu|atk|1\n|move|p1a: Roaring Moon|Acrobatics|p2b: Ting-Lu\n|-damage|p2b: Ting-Lu|73\/100\n|\n|upkeep\n|turn|4\n|\n|t:|1682040025\n|-terastallize|p2b: Ting-Lu|Water\n|move|p2a: Arcanine|Protect|p2a: Arcanine\n|-singleturn|p2a: Arcanine|Protect\n|move|p1b: Palafin|Jet Punch|p2b: Ting-Lu\n|-resisted|p2b: Ting-Lu\n|-damage|p2b: Ting-Lu|60\/100\n|move|p1a: Roaring Moon|Breaking Swipe|p2a: Arcanine|[spread] p2b\n|-activate|p2a: Arcanine|move: Protect\n|-damage|p2b: Ting-Lu|44\/100\n|-unboost|p2b: Ting-Lu|atk|1\n|move|p2b: Ting-Lu|Fissure|p1b: Palafin\n|-damage|p1b: Palafin|0 fnt\n|faint|p1b: Palafin\n|-ohko\n|\n|-sideend|p2: Chi-Yuh|move: Tailwind\n|upkeep\n|\n|t:|1682040043\n|switch|p1b: Chien-Pao|Chien-Pao, L50|100\/100\n|-ability|p1b: Chien-Pao|Sword of Ruin\n|turn|5\n|\n|t:|1682040073\n|move|p1a: Roaring Moon|Acrobatics|p2a: Arcanine\n|-damage|p2a: Arcanine|30\/100\n|move|p1b: Chien-Pao|Ice Spinner|p2b: Ting-Lu\n|-resisted|p2b: Ting-Lu\n|-damage|p2b: Ting-Lu|31\/100\n|move|p2a: Arcanine|Flare Blitz|p1b: Chien-Pao\n|-supereffective|p1b: Chien-Pao\n|-enditem|p1b: Chien-Pao|Focus Sash\n|-damage|p1b: Chien-Pao|1\/100\n|-damage|p2a: Arcanine|5\/100|[from] Recoil\n|move|p2b: Ting-Lu|Stomping Tantrum|p1a: Roaring Moon\n|-damage|p1a: Roaring Moon|19\/100\n|\n|upkeep\n|turn|6\n|\n|t:|1682040107\n|-terastallize|p1b: Chien-Pao|Ghost\n|move|p2a: Arcanine|Extreme Speed|p1a: Roaring Moon\n|-damage|p1a: Roaring Moon|0 fnt\n|faint|p1a: Roaring Moon\n|-end|p1a: Roaring Moon|Protosynthesis|[silent]\n|move|p1b: Chien-Pao|Sacred Sword|p2a: Arcanine\n|-damage|p2a: Arcanine|0 fnt\n|faint|p2a: Arcanine\n|move|p2b: Ting-Lu|Stomping Tantrum|p1b: Chien-Pao\n|-damage|p1b: Chien-Pao|0 fnt\n|faint|p1b: Chien-Pao\n|\n|upkeep\n|\n|t:|1682040127\n|switch|p1a: Arcanine|Arcanine, L50, F|84\/100\n|switch|p2a: Palafin|Palafin-Hero, L50, F|100\/100\n|-activate|p2a: Palafin|ability: Zero to Hero\n|-ability|p1a: Arcanine|Intimidate|boost\n|-unboost|p2a: Palafin|atk|1\n|-unboost|p2b: Ting-Lu|atk|1\n|turn|7\n|-message|ShadowL forfeited.\n|\n|win|Chi-Yuh\n|raw|ShadowL's rating: 1063 → 1043<\/strong> (-20 for losing)\n|raw|Chi-Yuh's rating: 1056 → 1088<\/strong> (+32 for winning)\n|l|\u2606ShadowL\n","uploadtime":1682040154,"views":7,"p1id":"shadowl","p2id":"chiyuh","formatid":"gen9vgc2023regulationc","rating":1043,"private":0,"password":""}