{"id":"gen9vgc2023regulationc-1859122464","p1":"PR0J3CT Nub","p2":"johnnyab19","format":"[Gen 9] VGC 2023 Regulation C","log":"|j|\u2606PR0J3CT Nub\n|j|\u2606johnnyab19\n|t:|1683407130\n|gametype|doubles\n|player|p1|PR0J3CT Nub|ghetsis|1090\n|player|p2|johnnyab19|ltsurge|1000\n|teamsize|p1|6\n|teamsize|p2|6\n|gen|9\n|tier|[Gen 9] VGC 2023 Regulation C\n|rated|\n|rule|Species Clause: Limit one of each Pok\u00e9mon\n|rule|Item Clause: Limit one of each item\n|clearpoke\n|poke|p1|Amoonguss, L50, F|\n|poke|p1|Palafin, L50, F|\n|poke|p1|Arcanine, L50, M|\n|poke|p1|Scizor, L50, M|\n|poke|p1|Iron Bundle, L50|\n|poke|p1|Flutter Mane, L50|\n|poke|p2|Heracross, L50, F|\n|poke|p2|Arcanine, L50, F|\n|poke|p2|Gholdengo, L50|\n|poke|p2|Slowking, L50, F|\n|poke|p2|Iron Hands, L50|\n|poke|p2|Garganacl, L50, F|\n|teampreview|4\n|inactive|Battle timer is ON: inactive players will automatically lose when time's up. (requested by PR0J3CT Nub)\n|inactive|johnnyab19 has 60 seconds left.\n|\n|t:|1683407161\n|start\n|switch|p1a: Palafin|Palafin, L50, F|100\/100\n|switch|p1b: Arcanine|Arcanine, L50, M|100\/100\n|switch|p2a: Garganacl|Garganacl, L50, F|100\/100\n|switch|p2b: Arcanine|Arcanine, L50, F|100\/100\n|-ability|p2b: Arcanine|Intimidate|boost\n|-unboost|p1a: Palafin|atk|1\n|-unboost|p1b: Arcanine|atk|1\n|-ability|p1b: Arcanine|Intimidate|boost\n|-unboost|p2a: Garganacl|atk|1\n|-unboost|p2b: Arcanine|atk|1\n|turn|1\n|inactive|johnnyab19 has 30 seconds left.\n|\n|t:|1683407192\n|detailschange|p1a: Palafin|Palafin-Hero, L50, F\n|switch|p1a: Amoonguss|Amoonguss, L50, F|100\/100\n|move|p1b: Arcanine|Protect|p1b: Arcanine\n|-singleturn|p1b: Arcanine|Protect\n|move|p2a: Garganacl|Wide Guard|p2a: Garganacl\n|-singleturn|p2a: Garganacl|Wide Guard\n|move|p2b: Arcanine|Will-O-Wisp|p1a: Amoonguss\n|-status|p1a: Amoonguss|brn\n|\n|-damage|p1a: Amoonguss|95\/100 brn|[from] brn\n|upkeep\n|turn|2\n|inactive|PR0J3CT Nub has 30 seconds left.\n|inactive|PR0J3CT Nub has 20 seconds left.\n|inactive|PR0J3CT Nub has 15 seconds left.\n|\n|t:|1683407234\n|move|p2a: Garganacl|Protect||[still]\n|-fail|p2a: Garganacl\n|move|p1a: Amoonguss|Rage Powder|p1a: Amoonguss\n|-singleturn|p1a: Amoonguss|move: Rage Powder\n|move|p2b: Arcanine|Flare Blitz|p1a: Amoonguss\n|-supereffective|p1a: Amoonguss\n|-damage|p1a: Amoonguss|38\/100 brn\n|-enditem|p1a: Amoonguss|Sitrus Berry|[eat]\n|-heal|p1a: Amoonguss|62\/100 brn|[from] item: Sitrus Berry\n|-damage|p2b: Arcanine|79\/100|[from] Recoil\n|move|p1b: Arcanine|Flare Blitz|p2a: Garganacl\n|-resisted|p2a: Garganacl\n|-damage|p2a: Garganacl|90\/100\n|-damage|p1b: Arcanine|97\/100|[from] Recoil\n|\n|-heal|p2a: Garganacl|96\/100|[from] item: Leftovers\n|-damage|p1a: Amoonguss|57\/100 brn|[from] brn\n|upkeep\n|turn|3\n|inactive|johnnyab19 has 30 seconds left.\n|\n|t:|1683407265\n|switch|p1a: Palafin|Palafin-Hero, L50, F|100\/100\n|-activate|p1a: Palafin|ability: Zero to Hero\n|move|p2b: Arcanine|Flare Blitz|p1a: Palafin\n|-resisted|p1a: Palafin\n|-damage|p1a: Palafin|82\/100\n|-damage|p2b: Arcanine|74\/100|[from] Recoil\n|move|p1b: Arcanine|Howl|p1b: Arcanine|[spread] p1a,p1b\n|-boost|p1a: Palafin|atk|1\n|-boost|p1b: Arcanine|atk|1\n|move|p2a: Garganacl|Salt Cure|p1b: Arcanine\n|-supereffective|p1b: Arcanine\n|-damage|p1b: Arcanine|82\/100\n|-start|p1b: Arcanine|Salt Cure\n|\n|-heal|p2a: Garganacl|100\/100|[from] item: Leftovers\n|-damage|p1b: Arcanine|70\/100|[from] Salt Cure\n|upkeep\n|turn|4\n|inactive|johnnyab19 has 30 seconds left.\n|\n|t:|1683407292\n|switch|p2b: Iron Hands|Iron Hands, L50|100\/100\n|switch|p1b: Amoonguss|Amoonguss, L50, F|90\/100 brn\n|-terastallize|p1a: Palafin|Water\n|-terastallize|p2a: Garganacl|Poison\n|move|p1a: Palafin|Jet Punch|p2b: Iron Hands\n|-damage|p2b: Iron Hands|41\/100\n|move|p2a: Garganacl|Salt Cure|p1a: Palafin\n|-damage|p1a: Palafin|71\/100\n|-start|p1a: Palafin|Salt Cure\n|\n|-damage|p1b: Amoonguss|84\/100 brn|[from] brn\n|-damage|p1a: Palafin|47\/100|[from] Salt Cure\n|upkeep\n|turn|5\n|inactive|PR0J3CT Nub has 30 seconds left.\n|\n|t:|1683407321\n|switch|p1a: Arcanine|Arcanine, L50, M|70\/100\n|-ability|p1a: Arcanine|Intimidate|boost\n|-unboost|p2a: Garganacl|atk|1\n|-unboost|p2b: Iron Hands|atk|1\n|move|p2b: Iron Hands|Fake Out|p1a: Arcanine\n|-damage|p1a: Arcanine|62\/100\n|move|p2a: Garganacl|Salt Cure|p1b: Amoonguss\n|-damage|p1b: Amoonguss|78\/100 brn\n|-start|p1b: Amoonguss|Salt Cure\n|move|p1b: Amoonguss|Pollen Puff|p1a: Arcanine\n|-heal|p1a: Arcanine|100\/100\n|\n|-damage|p1b: Amoonguss|72\/100 brn|[from] brn\n|-damage|p1b: Amoonguss|60\/100 brn|[from] Salt Cure\n|upkeep\n|turn|6\n|\n|t:|1683407343\n|switch|p1b: Palafin|Palafin-Hero, L50, F, tera:Water|47\/100\n|move|p1a: Arcanine|Howl|p1a: Arcanine|[spread] p1a,p1b\n|-boost|p1a: Arcanine|atk|1\n|-boost|p1b: Palafin|atk|1\n|move|p2b: Iron Hands|Ice Punch|p1b: Palafin\n|-resisted|p1b: Palafin\n|-damage|p1b: Palafin|36\/100\n|move|p2a: Garganacl|Salt Cure|p1a: Arcanine\n|-supereffective|p1a: Arcanine\n|-damage|p1a: Arcanine|88\/100\n|-start|p1a: Arcanine|Salt Cure\n|\n|-damage|p1a: Arcanine|76\/100|[from] Salt Cure\n|upkeep\n|turn|7\n|inactive|PR0J3CT Nub has 30 seconds left.\n|\n|t:|1683407377\n|switch|p1a: Amoonguss|Amoonguss, L50, F|93\/100 brn\n|move|p1b: Palafin|Jet Punch|p2b: Iron Hands\n|-damage|p2b: Iron Hands|0 fnt\n|faint|p2b: Iron Hands\n|-end|p2b: Iron Hands|Quark Drive|[silent]\n|move|p2a: Garganacl|Salt Cure|p1b: Palafin\n|-damage|p1b: Palafin|27\/100\n|-start|p1b: Palafin|Salt Cure\n|\n|-damage|p1a: Amoonguss|87\/100 brn|[from] brn\n|-damage|p1b: Palafin|3\/100|[from] Salt Cure\n|upkeep\n|\n|t:|1683407392\n|switch|p2b: Arcanine|Arcanine, L50, F|74\/100\n|-ability|p2b: Arcanine|Intimidate|boost\n|-unboost|p1a: Amoonguss|atk|1\n|-unboost|p1b: Palafin|atk|1\n|turn|8\n|\n|t:|1683407409\n|switch|p1a: Arcanine|Arcanine, L50, M|76\/100\n|-ability|p1a: Arcanine|Intimidate|boost\n|-unboost|p2a: Garganacl|atk|1\n|-unboost|p2b: Arcanine|atk|1\n|move|p1b: Palafin|Wave Crash|p2a: Garganacl\n|-crit|p2a: Garganacl\n|-damage|p2a: Garganacl|0 fnt\n|faint|p2a: Garganacl\n|-damage|p1b: Palafin|0 fnt|[from] Recoil\n|faint|p1b: Palafin\n|move|p2b: Arcanine|Flare Blitz|p1a: Arcanine\n|-resisted|p1a: Arcanine\n|-damage|p1a: Arcanine|63\/100\n|-damage|p2b: Arcanine|69\/100|[from] Recoil\n|\n|upkeep\n|\n|t:|1683407424\n|switch|p1b: Amoonguss|Amoonguss, L50, F|100\/100 brn\n|switch|p2a: Heracross|Heracross, L50, F|100\/100\n|turn|9\n|\n|t:|1683407442\n|move|p1b: Amoonguss|Protect|p1b: Amoonguss\n|-singleturn|p1b: Amoonguss|Protect\n|move|p2b: Arcanine|Extreme Speed|p1a: Arcanine\n|-damage|p1a: Arcanine|50\/100\n|move|p2a: Heracross|Night Slash|p1a: Arcanine\n|-damage|p1a: Arcanine|33\/100\n|move|p1a: Arcanine|Will-O-Wisp|p2a: Heracross\n|-status|p2a: Heracross|brn\n|\n|-damage|p2a: Heracross|95\/100 brn|[from] brn\n|-damage|p1b: Amoonguss|95\/100 brn|[from] brn\n|upkeep\n|turn|10\n|inactive|johnnyab19 has 30 seconds left.\n|\n|t:|1683407470\n|move|p2b: Arcanine|Extreme Speed|p1a: Arcanine\n|-damage|p1a: Arcanine|21\/100\n|move|p2a: Heracross|Night Slash|p1b: Amoonguss\n|-damage|p1b: Amoonguss|66\/100 brn\n|move|p1a: Arcanine|Howl|p1a: Arcanine|[spread] p1a,p1b\n|-boost|p1a: Arcanine|atk|1\n|-boost|p1b: Amoonguss|atk|1\n|move|p1b: Amoonguss|Pollen Puff|p1a: Arcanine\n|-heal|p1a: Arcanine|71\/100\n|\n|-damage|p2a: Heracross|89\/100 brn|[from] brn\n|-damage|p1b: Amoonguss|60\/100 brn|[from] brn\n|upkeep\n|turn|11\n|inactive|PR0J3CT Nub has 30 seconds left.\n|\n|t:|1683407497\n|move|p1b: Amoonguss|Protect|p1b: Amoonguss\n|-singleturn|p1b: Amoonguss|Protect\n|move|p2b: Arcanine|Extreme Speed|p1a: Arcanine\n|-damage|p1a: Arcanine|57\/100\n|move|p2a: Heracross|Close Combat|p1a: Arcanine\n|-damage|p1a: Arcanine|0 fnt\n|-unboost|p2a: Heracross|def|1\n|-unboost|p2a: Heracross|spd|1\n|faint|p1a: Arcanine\n|\n|-damage|p2a: Heracross|83\/100 brn|[from] brn\n|-damage|p1b: Amoonguss|54\/100 brn|[from] brn\n|upkeep\n|\n|t:|1683407509\n|switch|p1a: Flutter Mane|Flutter Mane, L50|100\/100\n|turn|12\n|\n|t:|1683407526\n|move|p1b: Amoonguss|Rage Powder|p1b: Amoonguss\n|-singleturn|p1b: Amoonguss|move: Rage Powder\n|move|p1a: Flutter Mane|Shadow Ball|p2a: Heracross\n|-damage|p2a: Heracross|11\/100 brn\n|move|p2a: Heracross|Night Slash|p1b: Amoonguss\n|-damage|p1b: Amoonguss|24\/100 brn\n|move|p2b: Arcanine|Flare Blitz|p1b: Amoonguss\n|-supereffective|p1b: Amoonguss\n|-damage|p1b: Amoonguss|0 fnt\n|faint|p1b: Amoonguss\n|-damage|p2b: Arcanine|60\/100|[from] Recoil\n|\n|-damage|p2a: Heracross|5\/100 brn|[from] brn\n|upkeep\n|turn|13\n|\n|t:|1683407550\n|move|p1a: Flutter Mane|Dazzling Gleam|p2b: Arcanine|[spread] p2a,p2b\n|-supereffective|p2a: Heracross\n|-resisted|p2b: Arcanine\n|-damage|p2a: Heracross|0 fnt\n|-damage|p2b: Arcanine|44\/100\n|faint|p2a: Heracross\n|move|p2b: Arcanine|Flare Blitz|p1a: Flutter Mane\n|-damage|p1a: Flutter Mane|12\/100\n|-damage|p2b: Arcanine|24\/100|[from] Recoil\n|\n|upkeep\n|turn|14\n|\n|t:|1683407560\n|move|p2b: Arcanine|Extreme Speed|p1a: Flutter Mane\n|-immune|p1a: Flutter Mane\n|move|p1a: Flutter Mane|Power Gem|p2b: Arcanine\n|-supereffective|p2b: Arcanine\n|-damage|p2b: Arcanine|0 fnt\n|faint|p2b: Arcanine\n|\n|win|PR0J3CT Nub\n|raw|PR0J3CT Nub's rating: 1090 → 1110<\/strong> (+20 for winning)\n|raw|johnnyab19's rating: 1000 → 1000<\/strong> (+0 for losing)\n|c|\u2606PR0J3CT Nub|gg\n","uploadtime":1683407578,"views":10,"p1id":"pr0j3ctnub","p2id":"johnnyab19","formatid":"gen9vgc2023regulationc","rating":1000,"private":0,"password":""}