{"id":"gen9vgc2023regulationc-1857210407","p1":"BMDL_Champ_Phenix","p2":"himsicle","format":"[Gen 9] VGC 2023 Regulation C","log":"|j|\u2606BMDL_Champ_Phenix\n|j|\u2606himsicle\n|t:|1683158414\n|gametype|doubles\n|player|p1|BMDL_Champ_Phenix|steven|\n|player|p2|himsicle|2|\n|teamsize|p1|6\n|teamsize|p2|6\n|gen|9\n|tier|[Gen 9] VGC 2023 Regulation C\n|rule|Species Clause: Limit one of each Pok\u00e9mon\n|rule|Item Clause: Limit one of each item\n|clearpoke\n|poke|p1|Iron Valiant, L50|\n|poke|p1|Murkrow, L50, F|\n|poke|p1|Palafin, L50, F|\n|poke|p1|Tinkaton, L50, F|\n|poke|p1|Dudunsparce-*, L50, F|\n|poke|p1|Mabosstiff, L50, M|\n|poke|p2|Orthworm, L50, F|\n|poke|p2|Gyarados, L50, F|\n|poke|p2|Garchomp, L50, M|\n|poke|p2|Rotom-Wash, L50|\n|poke|p2|Iron Bundle, L50|\n|poke|p2|Dachsbun, L50, F|\n|teampreview|4\n|c|\u2606BMDL_Champ_Phenix|Game 1\n|c|\u2606himsicle|glhf\n|c|\u2606BMDL_Champ_Phenix|Accept game 2 and 3 thats part of the rules XD\n|c|\u2606himsicle|how\n|c|\u2606BMDL_Champ_Phenix|Go back to the Home of Showdown and accept another battle request from me\n|c|\u2606BMDL_Champ_Phenix|alright GLHF\n|c|\u2606himsicle|glhf\n|\n|t:|1683158566\n|start\n|switch|p1a: Nevermore|Murkrow, L50, F|100\/100\n|switch|p1b: Triton|Palafin, L50, F|100\/100\n|switch|p2a: Iron Bundle|Iron Bundle, L50|100\/100\n|switch|p2b: Garchomp|Garchomp, L50, M|100\/100\n|-enditem|p2a: Iron Bundle|Booster Energy\n|-activate|p2a: Iron Bundle|ability: Quark Drive|[fromitem]\n|-start|p2a: Iron Bundle|quarkdrivespe\n|turn|1\n|\n|t:|1683158581\n|detailschange|p1b: Triton|Palafin-Hero, L50, F\n|switch|p1b: Pythor|Dudunsparce-Three-Segment, L50, F|100\/100\n|move|p1a: Nevermore|Tailwind|p1a: Nevermore\n|-sidestart|p1: BMDL_Champ_Phenix|move: Tailwind\n|move|p2a: Iron Bundle|Freeze-Dry|p1a: Nevermore\n|-supereffective|p1a: Nevermore\n|-damage|p1a: Nevermore|0 fnt\n|faint|p1a: Nevermore\n|move|p2b: Garchomp|Rock Slide|p1b: Pythor|[miss]\n|-miss|p2b: Garchomp|p1b: Pythor\n|\n|upkeep\n|\n|t:|1683158592\n|switch|p1a: Triton|Palafin-Hero, L50, F|100\/100\n|-activate|p1a: Triton|ability: Zero to Hero\n|turn|2\n|\n|t:|1683158607\n|switch|p2b: Rotom|Rotom-Wash, L50|100\/100\n|move|p1a: Triton|Ice Punch|p2b: Rotom\n|-resisted|p2b: Rotom\n|-damage|p2b: Rotom|80\/100\n|move|p2a: Iron Bundle|Icy Wind|p1a: Triton|[spread] p1a,p1b\n|-resisted|p1a: Triton\n|-damage|p1a: Triton|92\/100\n|-damage|p1b: Pythor|81\/100\n|-unboost|p1a: Triton|spe|1\n|-unboost|p1b: Pythor|spe|1\n|move|p1b: Pythor|Rock Slide|p2b: Rotom|[spread] p2a,p2b\n|-supereffective|p2a: Iron Bundle\n|-damage|p2a: Iron Bundle|65\/100\n|-damage|p2b: Rotom|60\/100\n|\n|-heal|p1b: Pythor|87\/100|[from] item: Leftovers\n|upkeep\n|turn|3\n|\n|t:|1683158648\n|move|p2a: Iron Bundle|Freeze-Dry|p1b: Pythor\n|-damage|p1b: Pythor|54\/100\n|-status|p1b: Pythor|frz\n|move|p1a: Triton|Close Combat|p2a: Iron Bundle\n|-supereffective|p2a: Iron Bundle\n|-damage|p2a: Iron Bundle|0 fnt\n|-unboost|p1a: Triton|def|1\n|-unboost|p1a: Triton|spd|1\n|faint|p2a: Iron Bundle\n|-end|p2a: Iron Bundle|Quark Drive|[silent]\n|cant|p1b: Pythor|frz\n|move|p2b: Rotom|Volt Switch|p1a: Triton\n|-supereffective|p1a: Triton\n|-damage|p1a: Triton|0 fnt\n|faint|p1a: Triton\n|\n|t:|1683158666\n|switch|p2b: Garchomp|Garchomp, L50, M|100\/100|[from] Volt Switch\n|\n|-heal|p1b: Pythor|60\/100 frz|[from] item: Leftovers\n|upkeep\n|\n|t:|1683158671\n|switch|p2a: Orthworm|Orthworm, L50, F|100\/100\n|switch|p1a: Leonardo|Iron Valiant, L50|100\/100\n|-enditem|p1a: Leonardo|Booster Energy\n|-activate|p1a: Leonardo|ability: Quark Drive|[fromitem]\n|-start|p1a: Leonardo|quarkdrivespa\n|turn|4\n|\n|t:|1683158686\n|-terastallize|p2b: Garchomp|Ground\n|move|p1a: Leonardo|Aura Sphere|p2a: Orthworm\n|-supereffective|p2a: Orthworm\n|-damage|p2a: Orthworm|0 fnt\n|faint|p2a: Orthworm\n|move|p2b: Garchomp|Earthquake|p1b: Pythor|[spread] p1a,p1b\n|-damage|p1a: Leonardo|37\/100\n|-damage|p1b: Pythor|17\/100 frz\n|cant|p1b: Pythor|frz\n|\n|-heal|p1b: Pythor|23\/100 frz|[from] item: Leftovers\n|-sideend|p1: BMDL_Champ_Phenix|move: Tailwind\n|upkeep\n|\n|t:|1683158697\n|switch|p2a: Rotom|Rotom-Wash, L50|60\/100\n|turn|5\n|\n|t:|1683158712\n|move|p2b: Garchomp|Earthquake|p1b: Pythor|[spread] p1a,p1b\n|-immune|p2a: Rotom|[from] ability: Levitate\n|-damage|p1a: Leonardo|0 fnt\n|-damage|p1b: Pythor|0 fnt\n|faint|p1a: Leonardo\n|-end|p1a: Leonardo|Quark Drive|[silent]\n|faint|p1b: Pythor\n|\n|win|himsicle\n|c|\u2606himsicle|gg\n|c|\u2606BMDL_Champ_Phenix|gg\n","uploadtime":1683158737,"views":6,"p1id":"bmdlchampphenix","p2id":"himsicle","formatid":"gen9vgc2023regulationc","rating":0,"private":0,"password":""}