{"id":"gen9vgc2023regulationc-1858370298","p1":"GunGalione","p2":"Mavrjce","format":"[Gen 9] VGC 2023 Regulation C","log":"|j|\u2606GunGalione\n|j|\u2606Mavrjce\n|t:|1683306096\n|gametype|doubles\n|player|p1|GunGalione|pokemonranger-gen4|1086\n|player|p2|Mavrjce|266|1103\n|teamsize|p1|6\n|teamsize|p2|6\n|gen|9\n|tier|[Gen 9] VGC 2023 Regulation C\n|rated|\n|rule|Species Clause: Limit one of each Pok\u00e9mon\n|rule|Item Clause: Limit one of each item\n|clearpoke\n|poke|p1|Toxtricity-Low-Key, L50, M|\n|poke|p1|Ampharos, L50, M|\n|poke|p1|Rotom-Wash, L50|\n|poke|p1|Pawmot, L50, F|\n|poke|p1|Pincurchin, L50, F|\n|poke|p1|Grimmsnarl, L50, M|\n|poke|p2|Ceruledge, L50, M|\n|poke|p2|Orthworm, L50, F|\n|poke|p2|Garchomp, L50, F|\n|poke|p2|Talonflame, L50, F|\n|poke|p2|Gastrodon, L50, M|\n|poke|p2|Scizor, L50, F|\n|teampreview|4\n|inactive|Battle timer is ON: inactive players will automatically lose when time's up. (requested by GunGalione)\nGunGalione has agreed to open team sheets.\n|inactive|Mavrjce has 60 seconds left.\n|inactive|Mavrjce has 30 seconds left.\n|inactive|Mavrjce has 20 seconds left.\n|inactive|Mavrjce has 15 seconds left.\n|inactive|Mavrjce has 10 seconds left.\n|\n|t:|1683306180\n|start\n|switch|p1a: Pincurchin|Pincurchin, L50, F|100\/100\n|switch|p1b: Spike|Grimmsnarl, L50, M|100\/100\n|switch|p2a: Garchomp|Garchomp, L50, F|100\/100\n|switch|p2b: Talonflame|Talonflame, L50, F|100\/100\n|-fieldstart|move: Electric Terrain|[from] ability: Electric Surge|[of] p1a: Pincurchin\n|turn|1\n|inactive|Mavrjce has 30 seconds left.\n|\n|t:|1683306208\n|move|p1b: Spike|Fake Out|p2a: Garchomp\n|-damage|p2a: Garchomp|88\/100\n|-damage|p1b: Spike|88\/100|[from] ability: Rough Skin|[of] p2a: Garchomp\n|move|p2b: Talonflame|Taunt|p1b: Spike\n|-start|p1b: Spike|move: Taunt\n|cant|p2a: Garchomp|flinch\n|move|p1a: Pincurchin|Memento|p2a: Garchomp\n|-unboost|p2a: Garchomp|atk|2\n|-unboost|p2a: Garchomp|spa|2\n|faint|p1a: Pincurchin\n|\n|upkeep\n|\n|t:|1683306227\n|switch|p1a: Ampharos|Ampharos, L50, M|100\/100\n|turn|2\n|inactive|Mavrjce has 30 seconds left.\n|inactive|Mavrjce has 20 seconds left.\n|\n|t:|1683306263\n|switch|p2a: Gastrodon|Gastrodon, L50, M|100\/100\n|switch|p1b: Toxtricity|Toxtricity-Low-Key, L50, M|100\/100\n|-terastallize|p1a: Ampharos|Ground\n|move|p2b: Talonflame|Tailwind|p2b: Talonflame\n|-sidestart|p2: Mavrjce|move: Tailwind\n|move|p1a: Ampharos|Magnetic Flux|p1a: Ampharos\n|-boost|p1a: Ampharos|def|1\n|-boost|p1a: Ampharos|spd|1\n|-boost|p1b: Toxtricity|def|1\n|-boost|p1b: Toxtricity|spd|1\n|\n|upkeep\n|turn|3\n|inactive|Mavrjce has 30 seconds left.\n|inactive|GunGalione has 30 seconds left.\n|\n|t:|1683306296\n|switch|p2b: Garchomp|Garchomp, L50, F|88\/100\n|move|p2a: Gastrodon|Yawn|p1b: Toxtricity\n|-activate|p1b: Toxtricity|move: Electric Terrain\n|move|p1b: Toxtricity|Sludge Bomb|p2a: Gastrodon\n|-resisted|p2a: Gastrodon\n|-damage|p2a: Gastrodon|78\/100\n|move|p1a: Ampharos|Magnetic Flux|p1a: Ampharos\n|-boost|p1a: Ampharos|def|1\n|-boost|p1a: Ampharos|spd|1\n|-boost|p1b: Toxtricity|def|1\n|-boost|p1b: Toxtricity|spd|1\n|\n|upkeep\n|turn|4\n|\n|t:|1683306316\n|move|p1a: Ampharos|Protect|p1a: Ampharos\n|-singleturn|p1a: Ampharos|Protect\n|move|p2b: Garchomp|Earthquake|p1b: Toxtricity|[spread] p2a,p1b\n|-activate|p1a: Ampharos|move: Protect\n|-supereffective|p1b: Toxtricity\n|-damage|p2a: Gastrodon|26\/100\n|-damage|p1b: Toxtricity|0 fnt\n|faint|p1b: Toxtricity\n|-damage|p2b: Garchomp|78\/100|[from] item: Life Orb\n|move|p2a: Gastrodon|Ice Beam|p1a: Ampharos\n|-activate|p1a: Ampharos|move: Protect\n|\n|upkeep\n|\n|t:|1683306326\n|switch|p1b: Spike|Grimmsnarl, L50, M|88\/100\n|turn|5\n|\n|t:|1683306332\n|move|p1a: Ampharos|Helping Hand|p1b: Spike\n|-singleturn|p1b: Spike|Helping Hand|[of] p1a: Ampharos\n|move|p2b: Garchomp|Protect|p2b: Garchomp\n|-singleturn|p2b: Garchomp|Protect\n|move|p1b: Spike|Fake Out|p2b: Garchomp\n|-activate|p2b: Garchomp|move: Protect\n|move|p2a: Gastrodon|Recover|p2a: Gastrodon\n|-heal|p2a: Gastrodon|76\/100\n|\n|-sideend|p2: Mavrjce|move: Tailwind\n|upkeep\n|turn|6\n|-message|GunGalione forfeited.\n|\n|win|Mavrjce\n|raw|GunGalione's rating: 1086 → 1064<\/strong> (-22 for losing)\n|raw|Mavrjce's rating: 1103 → 1127<\/strong> (+24 for winning)\n|l|\u2606GunGalione\n","uploadtime":1683306346,"views":12,"p1id":"gungalione","p2id":"mavrjce","formatid":"gen9vgc2023regulationc","rating":1064,"private":0,"password":""}