{"id":"gen9vgc2023regulationc-1855259737","p1":"Betty23333","p2":"TheDunsparceMan!","format":"[Gen 9] VGC 2023 Regulation C","log":"|j|\u2606Betty23333\n|j|\u2606TheDunsparceMan!\n|t:|1682924806\n|gametype|doubles\n|player|p1|Betty23333|lass-gen4dp|1123\n|player|p2|TheDunsparceMan!|hiker-gen4|1040\n|teamsize|p1|6\n|teamsize|p2|6\n|gen|9\n|tier|[Gen 9] VGC 2023 Regulation C\n|rated|\n|rule|Species Clause: Limit one of each Pok\u00e9mon\n|rule|Item Clause: Limit one of each item\n|clearpoke\n|poke|p1|Lilligant, L50, F|\n|poke|p1|Torkoal, L50, F|\n|poke|p1|Flutter Mane, L50|\n|poke|p1|Great Tusk, L50|\n|poke|p1|Dragonite, L50, F|\n|poke|p1|Kingambit, L50, F|\n|poke|p2|Starly, L50, F|\n|poke|p2|Flutter Mane, L50|\n|poke|p2|Arcanine, L50, M|\n|poke|p2|Maushold-Four, L50|\n|poke|p2|Iron Hands, L50|\n|poke|p2|Gastrodon, L50, M|\n|teampreview|4\n|\n|t:|1682924831\n|start\n|switch|p1a: Lilligant|Lilligant, L50, F|100\/100\n|switch|p1b: Torkoal|Torkoal, L50, F|100\/100\n|switch|p2a: Tony The. . .Uh|Arcanine, L50, M|100\/100\n|switch|p2b: The Clubhouse|Maushold-Four, L50|100\/100\n|-weather|SunnyDay|[from] ability: Drought|[of] p1b: Torkoal\n|turn|1\n|\n|t:|1682924851\n|-terastallize|p2a: Tony The. . .Uh|Water\n|move|p1b: Torkoal|Protect|p1b: Torkoal\n|-singleturn|p1b: Torkoal|Protect\n|move|p1a: Lilligant|Sleep Powder|p2a: Tony The. . .Uh|[miss]\n|-miss|p1a: Lilligant|p2a: Tony The. . .Uh\n|move|p2b: The Clubhouse|Beat Up|p2a: Tony The. . .Uh\n|-damage|p2a: Tony The. . .Uh|98\/100\n|-ability|p2a: Tony The. . .Uh|Justified|boost\n|-boost|p2a: Tony The. . .Uh|atk|1\n|-damage|p2a: Tony The. . .Uh|96\/100\n|-ability|p2a: Tony The. . .Uh|Justified|boost\n|-boost|p2a: Tony The. . .Uh|atk|1\n|-damage|p2a: Tony The. . .Uh|94\/100\n|-ability|p2a: Tony The. . .Uh|Justified|boost\n|-boost|p2a: Tony The. . .Uh|atk|1\n|-damage|p2a: Tony The. . .Uh|92\/100\n|-ability|p2a: Tony The. . .Uh|Justified|boost\n|-boost|p2a: Tony The. . .Uh|atk|1\n|-hitcount|p2a: Tony The. . .Uh|4\n|move|p2a: Tony The. . .Uh|Flare Blitz|p1a: Lilligant\n|-supereffective|p1a: Lilligant\n|-enditem|p1a: Lilligant|Focus Sash\n|-damage|p1a: Lilligant|1\/100\n|-damage|p2a: Tony The. . .Uh|65\/100|[from] Recoil\n|\n|-weather|SunnyDay|[upkeep]\n|upkeep\n|turn|2\n|\n|t:|1682924880\n|switch|p1b: Dragonite|Dragonite, L50, F|100\/100\n|move|p2b: The Clubhouse|Follow Me|p2b: The Clubhouse\n|-singleturn|p2b: The Clubhouse|move: Follow Me\n|move|p1a: Lilligant|Leaf Storm|p2b: The Clubhouse|[miss]\n|-miss|p1a: Lilligant|p2b: The Clubhouse\n|move|p2a: Tony The. . .Uh|Close Combat|p1b: Dragonite\n|-resisted|p1b: Dragonite\n|-damage|p1b: Dragonite|71\/100\n|-unboost|p2a: Tony The. . .Uh|def|1\n|-unboost|p2a: Tony The. . .Uh|spd|1\n|\n|-weather|SunnyDay|[upkeep]\n|upkeep\n|turn|3\n|\n|t:|1682924907\n|move|p2b: The Clubhouse|Helping Hand|p2a: Tony The. . .Uh\n|-singleturn|p2a: Tony The. . .Uh|Helping Hand|[of] p2b: The Clubhouse\n|move|p1a: Lilligant|Leaf Storm|p2a: Tony The. . .Uh\n|-supereffective|p2a: Tony The. . .Uh\n|-damage|p2a: Tony The. . .Uh|0 fnt\n|-unboost|p1a: Lilligant|spa|2\n|faint|p2a: Tony The. . .Uh\n|move|p1b: Dragonite|Flamethrower|p2b: The Clubhouse\n|-damage|p2b: The Clubhouse|63\/100\n|\n|-weather|SunnyDay|[upkeep]\n|upkeep\n|\n|t:|1682924920\n|switch|p2a: Pseudo Rattata|Starly, L50, F, shiny|100\/100\n|turn|4\n|\n|t:|1682924956\n|move|p1a: Lilligant|Protect|p1a: Lilligant\n|-singleturn|p1a: Lilligant|Protect\n|move|p2b: The Clubhouse|Follow Me|p2b: The Clubhouse\n|-singleturn|p2b: The Clubhouse|move: Follow Me\n|move|p2a: Pseudo Rattata|Endeavor|p1b: Dragonite\n|-damage|p1b: Dragonite|67\/100\n|move|p1b: Dragonite|Flamethrower|p2b: The Clubhouse\n|-crit|p2b: The Clubhouse\n|-damage|p2b: The Clubhouse|5\/100\n|\n|-weather|SunnyDay|[upkeep]\n|upkeep\n|turn|5\n|\n|t:|1682924978\n|move|p1b: Dragonite|Extreme Speed|p2b: The Clubhouse\n|-damage|p2b: The Clubhouse|0 fnt\n|faint|p2b: The Clubhouse\n|move|p1a: Lilligant|Sleep Powder|p2a: Pseudo Rattata|[miss]\n|-miss|p1a: Lilligant|p2a: Pseudo Rattata\n|move|p2a: Pseudo Rattata|Endeavor|p1b: Dragonite\n|-immune|p1b: Dragonite\n|\n|-weather|none\n|upkeep\n|\n|t:|1682924990\n|switch|p2b: Gucci Mane|Flutter Mane, L50|100\/100\n|-enditem|p2b: Gucci Mane|Booster Energy\n|-activate|p2b: Gucci Mane|ability: Protosynthesis|[fromitem]\n|-start|p2b: Gucci Mane|protosynthesisspe\n|turn|6\n|\n|t:|1682925022\n|move|p1a: Lilligant|Protect|p1a: Lilligant\n|-singleturn|p1a: Lilligant|Protect\n|move|p2b: Gucci Mane|Misty Terrain|p2b: Gucci Mane\n|-fieldstart|move: Misty Terrain\n|move|p2a: Pseudo Rattata|Brave Bird|p1a: Lilligant\n|-activate|p1a: Lilligant|move: Protect\n|move|p1b: Dragonite|Flamethrower|p2b: Gucci Mane\n|-damage|p2b: Gucci Mane|81\/100\n|\n|upkeep\n|turn|7\n|inactive|Battle timer is ON: inactive players will automatically lose when time's up. (requested by TheDunsparceMan!)\n|\n|t:|1682925083\n|switch|p1a: Flutter Mane|Flutter Mane, L50|100\/100\n|-terastallize|p1b: Dragonite|Normal\n|move|p1b: Dragonite|Extreme Speed|p2a: Pseudo Rattata\n|-enditem|p2a: Pseudo Rattata|Focus Sash\n|-damage|p2a: Pseudo Rattata|1\/100\n|move|p2a: Pseudo Rattata|Quick Attack|p1a: Flutter Mane\n|-immune|p1a: Flutter Mane\n|move|p2b: Gucci Mane|Dazzling Gleam|p1b: Dragonite|[spread] p1a,p1b\n|-crit|p1a: Flutter Mane\n|-damage|p1a: Flutter Mane|45\/100\n|-damage|p1b: Dragonite|34\/100\n|\n|upkeep\n|turn|8\n|\n|t:|1682925104\n|move|p1b: Dragonite|Extreme Speed|p2a: Pseudo Rattata\n|-damage|p2a: Pseudo Rattata|0 fnt\n|faint|p2a: Pseudo Rattata\n|move|p2b: Gucci Mane|Dazzling Gleam|p1a: Flutter Mane|[spread] p1a,p1b\n|-damage|p1a: Flutter Mane|10\/100\n|-damage|p1b: Dragonite|2\/100\n|move|p1a: Flutter Mane|Shadow Ball|p2b: Gucci Mane\n|-supereffective|p2b: Gucci Mane\n|-crit|p2b: Gucci Mane\n|-damage|p2b: Gucci Mane|0 fnt\n|faint|p2b: Gucci Mane\n|-end|p2b: Gucci Mane|Protosynthesis|[silent]\n|\n|win|Betty23333\n|raw|Betty23333's rating: 1123 → 1142<\/strong> (+19 for winning)\n|raw|TheDunsparceMan!'s rating: 1040 → 1028<\/strong> (-12 for losing)\n|c|\u2606TheDunsparceMan!|Gg\n|l|\u2606TheDunsparceMan!\n","uploadtime":1682925121,"views":20,"p1id":"betty23333","p2id":"thedunsparceman","formatid":"gen9vgc2023regulationc","rating":1028,"private":0,"password":""}