{"id":"gen9vgc2023regulationc-1863946304","p1":"cobalt_poke","p2":"VGCTrainerisback","format":"[Gen 9] VGC 2023 Regulation C","log":"|j|\u2606cobalt_poke\n|j|\u2606VGCTrainerisback\n|t:|1684096526\n|gametype|doubles\n|player|p1|cobalt_poke|lenora|1690\n|player|p2|VGCTrainerisback|1|1763\n|teamsize|p1|6\n|teamsize|p2|6\n|gen|9\n|tier|[Gen 9] VGC 2023 Regulation C\n|rated|\n|rule|Species Clause: Limit one of each Pok\u00e9mon\n|rule|Item Clause: Limit one of each item\n|clearpoke\n|poke|p1|Annihilape, L50, F|\n|poke|p1|Maushold-Four, L50|\n|poke|p1|Amoonguss, L50, M|\n|poke|p1|Flutter Mane, L50|\n|poke|p1|Ting-Lu, L50|\n|poke|p1|Roaring Moon, L50|\n|poke|p2|Gothitelle, L50, F|\n|poke|p2|Flutter Mane, L50|\n|poke|p2|Iron Hands, L50|\n|poke|p2|Chien-Pao, L50|\n|poke|p2|Amoonguss, L50, F|\n|poke|p2|Dragonite, L50, F|\n|teampreview|4\n|j| Bullema\nVGCTrainerisback has agreed to open team sheets.\n|inactive|Battle timer is ON: inactive players will automatically lose when time's up. (requested by VGCTrainerisback)\n|\n|t:|1684096551\n|start\n|switch|p1a: Annihilape|Annihilape, L50, F|100\/100\n|switch|p1b: Maushold|Maushold-Four, L50|100\/100\n|switch|p2a: Dragonite|Dragonite, L50, F, shiny|100\/100\n|switch|p2b: Flutter Mane|Flutter Mane, L50|100\/100\n|turn|1\n|\n|t:|1684096568\n|move|p1b: Maushold|Follow Me|p1b: Maushold\n|-singleturn|p1b: Maushold|move: Follow Me\n|move|p2b: Flutter Mane|Substitute|p2b: Flutter Mane\n|-start|p2b: Flutter Mane|Substitute\n|-damage|p2b: Flutter Mane|76\/100\n|move|p1a: Annihilape|Rage Fist|p2b: Flutter Mane\n|-supereffective|p2b: Flutter Mane\n|-crit|p2b: Flutter Mane\n|-end|p2b: Flutter Mane|Substitute\n|move|p2a: Dragonite|Tailwind|p2a: Dragonite\n|-sidestart|p2: VGCTrainerisback|move: Tailwind\n|\n|upkeep\n|turn|2\n|\n|t:|1684096591\n|-terastallize|p2a: Dragonite|Flying\n|-terastallize|p1a: Annihilape|Poison\n|move|p1b: Maushold|Protect|p1b: Maushold\n|-singleturn|p1b: Maushold|Protect\n|move|p2b: Flutter Mane|Moonblast|p1b: Maushold\n|-activate|p1b: Maushold|move: Protect\n|move|p2a: Dragonite|Tera Blast|p1a: Annihilape\n|-damage|p1a: Annihilape|56\/100\n|move|p1a: Annihilape|Rage Fist|p2b: Flutter Mane\n|-supereffective|p2b: Flutter Mane\n|-damage|p2b: Flutter Mane|0 fnt\n|faint|p2b: Flutter Mane\n|-end|p2b: Flutter Mane|Protosynthesis|[silent]\n|\n|-heal|p1a: Annihilape|62\/100|[from] item: Leftovers\n|upkeep\n|\n|t:|1684096597\n|switch|p2b: Chien-Pao|Chien-Pao, L50|100\/100\n|-ability|p2b: Chien-Pao|Sword of Ruin\n|turn|3\n|\n|t:|1684096612\n|move|p2b: Chien-Pao|Protect|p2b: Chien-Pao\n|-singleturn|p2b: Chien-Pao|Protect\n|move|p1b: Maushold|Follow Me|p1b: Maushold\n|-singleturn|p1b: Maushold|move: Follow Me\n|move|p2a: Dragonite|Tera Blast|p1b: Maushold\n|-damage|p1b: Maushold|2\/100\n|move|p1a: Annihilape|Drain Punch|p2b: Chien-Pao\n|-activate|p2b: Chien-Pao|move: Protect\n|\n|-heal|p1a: Annihilape|68\/100|[from] item: Leftovers\n|upkeep\n|turn|4\n|inactive|cobalt_poke has 30 seconds left.\n|inactive|VGCTrainerisback has 30 seconds left.\n|\n|t:|1684096640\n|move|p1a: Annihilape|Protect|p1a: Annihilape\n|-singleturn|p1a: Annihilape|Protect\n|move|p1b: Maushold|Follow Me|p1b: Maushold\n|-singleturn|p1b: Maushold|move: Follow Me\n|move|p2b: Chien-Pao|Throat Chop|p1b: Maushold\n|-damage|p1b: Maushold|0 fnt\n|faint|p1b: Maushold\n|move|p2a: Dragonite|Tera Blast|p1a: Annihilape\n|-activate|p1a: Annihilape|move: Protect\n|\n|-heal|p1a: Annihilape|75\/100|[from] item: Leftovers\n|-sideend|p2: VGCTrainerisback|move: Tailwind\n|upkeep\n|\n|t:|1684096642\n|switch|p1b: Amoonguss|Amoonguss, L50, M|100\/100\n|turn|5\n|\n|t:|1684096667\n|switch|p2b: Iron Hands|Iron Hands, L50, shiny|100\/100\n|move|p1b: Amoonguss|Rage Powder|p1b: Amoonguss\n|-singleturn|p1b: Amoonguss|move: Rage Powder\n|move|p1a: Annihilape|Bulk Up|p1a: Annihilape\n|-boost|p1a: Annihilape|atk|1\n|-boost|p1a: Annihilape|def|1\n|move|p2a: Dragonite|Tera Blast|p1b: Amoonguss\n|-supereffective|p1b: Amoonguss\n|-damage|p1b: Amoonguss|0 fnt\n|faint|p1b: Amoonguss\n|\n|-heal|p1a: Annihilape|81\/100|[from] item: Leftovers\n|upkeep\n|j| Nigeriane 4TW\n|\n|t:|1684096674\n|switch|p1b: Flutter Mane|Flutter Mane, L50|100\/100\n|turn|6\n|\n|t:|1684096683\n|move|p1b: Flutter Mane|Protect|p1b: Flutter Mane\n|-singleturn|p1b: Flutter Mane|Protect\n|move|p1a: Annihilape|Bulk Up|p1a: Annihilape\n|-boost|p1a: Annihilape|atk|1\n|-boost|p1a: Annihilape|def|1\n|move|p2a: Dragonite|Tailwind|p2a: Dragonite\n|-sidestart|p2: VGCTrainerisback|move: Tailwind\n|move|p2b: Iron Hands|Wild Charge|p1b: Flutter Mane\n|-activate|p1b: Flutter Mane|move: Protect\n|\n|-heal|p1a: Annihilape|87\/100|[from] item: Leftovers\n|upkeep\n|turn|7\n|\n|t:|1684096697\n|move|p2a: Dragonite|Encore|p1a: Annihilape\n|-start|p1a: Annihilape|Encore\n|move|p1b: Flutter Mane|Dazzling Gleam|p2b: Iron Hands|[spread] p2a,p2b\n|-supereffective|p2b: Iron Hands\n|-damage|p2a: Dragonite|87\/100\n|-damage|p2b: Iron Hands|52\/100\n|move|p2b: Iron Hands|Wild Charge|p1b: Flutter Mane\n|-damage|p1b: Flutter Mane|0 fnt\n|faint|p1b: Flutter Mane\n|-end|p1b: Flutter Mane|Protosynthesis|[silent]\n|-damage|p2b: Iron Hands|39\/100|[from] Recoil\n|move|p1a: Annihilape|Bulk Up|p1a: Annihilape\n|-boost|p1a: Annihilape|atk|1\n|-boost|p1a: Annihilape|def|1\n|\n|-heal|p1a: Annihilape|93\/100|[from] item: Leftovers\n|upkeep\n|turn|8\n|\n|t:|1684096713\n|move|p2a: Dragonite|Tera Blast|p1a: Annihilape\n|-damage|p1a: Annihilape|70\/100\n|move|p2b: Iron Hands|Swords Dance|p2b: Iron Hands\n|-boost|p2b: Iron Hands|atk|2\n|move|p1a: Annihilape|Bulk Up|p1a: Annihilape\n|-boost|p1a: Annihilape|atk|1\n|-boost|p1a: Annihilape|def|1\n|\n|-heal|p1a: Annihilape|77\/100|[from] item: Leftovers\n|upkeep\n|turn|9\n|\n|t:|1684096724\n|move|p2a: Dragonite|Tera Blast|p1a: Annihilape\n|-damage|p1a: Annihilape|55\/100\n|move|p2b: Iron Hands|Swords Dance|p2b: Iron Hands\n|-boost|p2b: Iron Hands|atk|2\n|move|p1a: Annihilape|Bulk Up|p1a: Annihilape\n|-boost|p1a: Annihilape|atk|1\n|-boost|p1a: Annihilape|def|1\n|\n|-heal|p1a: Annihilape|61\/100|[from] item: Leftovers\n|-end|p1a: Annihilape|Encore\n|-sideend|p2: VGCTrainerisback|move: Tailwind\n|upkeep\n|turn|10\n|\n|t:|1684096736\n|move|p2b: Iron Hands|Protect|p2b: Iron Hands\n|-singleturn|p2b: Iron Hands|Protect\n|move|p1a: Annihilape|Drain Punch|p2b: Iron Hands\n|-activate|p2b: Iron Hands|move: Protect\n|move|p2a: Dragonite|Tailwind|p2a: Dragonite\n|-sidestart|p2: VGCTrainerisback|move: Tailwind\n|\n|-heal|p1a: Annihilape|67\/100|[from] item: Leftovers\n|upkeep\n|turn|11\n|\n|t:|1684096747\n|move|p2a: Dragonite|Tera Blast|p1a: Annihilape\n|-damage|p1a: Annihilape|51\/100\n|move|p2b: Iron Hands|Wild Charge|p1a: Annihilape\n|-damage|p1a: Annihilape|12\/100\n|-damage|p2b: Iron Hands|31\/100|[from] Recoil\n|move|p1a: Annihilape|Drain Punch|p2b: Iron Hands\n|-damage|p2b: Iron Hands|0 fnt\n|-heal|p1a: Annihilape|30\/100|[from] drain|[of] p2b: Iron Hands\n|faint|p2b: Iron Hands\n|-end|p2b: Iron Hands|Quark Drive|[silent]\n|\n|-heal|p1a: Annihilape|36\/100|[from] item: Leftovers\n|upkeep\n|\n|t:|1684096754\n|switch|p2b: Chien-Pao|Chien-Pao, L50|100\/100\n|-ability|p2b: Chien-Pao|Sword of Ruin\n|turn|12\n|\n|t:|1684096762\n|move|p2b: Chien-Pao|Throat Chop|p1a: Annihilape\n|-damage|p1a: Annihilape|20\/100\n|-start|p1a: Annihilape|Throat Chop|[silent]\n|move|p2a: Dragonite|Tera Blast|p1a: Annihilape\n|-crit|p1a: Annihilape\n|-damage|p1a: Annihilape|0 fnt\n|faint|p1a: Annihilape\n|\n|win|VGCTrainerisback\n|raw|cobalt_poke's rating: 1690 → 1674<\/strong> (-16 for losing)\n|raw|VGCTrainerisback's rating: 1763 → 1779<\/strong> (+16 for winning)\n|l|\u2606cobalt_poke\n|l| Bullema\n","uploadtime":1684096771,"views":7,"p1id":"cobaltpoke","p2id":"vgctrainerisback","formatid":"gen9vgc2023regulationc","rating":1674,"private":0,"password":""}