{"id":"gen9vgc2023regulationc-1849482672","p1":"panth413","p2":"Whade","format":"[Gen 9] VGC 2023 Regulation C","log":"|j|\u2606panth413\n|j|\u2606Whade\n|t:|1682203687\n|gametype|doubles\n|player|p1|panth413|169|1160\n|player|p2|Whade|lance|1154\n|teamsize|p1|6\n|teamsize|p2|6\n|gen|9\n|tier|[Gen 9] VGC 2023 Regulation C\n|rated|\n|rule|Species Clause: Limit one of each Pok\u00e9mon\n|rule|Item Clause: Limit one of each item\n|clearpoke\n|poke|p1|Tyranitar, L50, F|\n|poke|p1|Lycanroc, L50, M|\n|poke|p1|Houndstone, L50, M|\n|poke|p1|Garchomp, L50, M|\n|poke|p1|Iron Bundle, L50|\n|poke|p1|Talonflame, L50, F|\n|poke|p2|Palafin, L50, M|\n|poke|p2|Amoonguss, L50, M|\n|poke|p2|Arcanine, L50, M|\n|poke|p2|Maushold, L50|\n|poke|p2|Annihilape, L50, F|\n|poke|p2|Ting-Lu, L50|\n|teampreview|4\n|inactive|Battle timer is ON: inactive players will automatically lose when time's up. (requested by Whade)\n|inactive|panth413 has 60 seconds left.\n|inactive|Whade has 60 seconds left.\n|\n|t:|1682203727\n|start\n|switch|p1a: Garchomp|Garchomp, L50, M|100\/100\n|switch|p1b: Iron Bundle|Iron Bundle, L50|100\/100\n|switch|p2a: Maushold|Maushold, L50|100\/100\n|switch|p2b: Annihilape|Annihilape, L50, F|100\/100\n|-enditem|p1b: Iron Bundle|Booster Energy\n|-activate|p1b: Iron Bundle|ability: Quark Drive|[fromitem]\n|-start|p1b: Iron Bundle|quarkdrivespe\n|turn|1\n|\n|t:|1682203744\n|move|p1b: Iron Bundle|Protect|p1b: Iron Bundle\n|-singleturn|p1b: Iron Bundle|Protect\n|move|p2a: Maushold|Follow Me|p2a: Maushold\n|-singleturn|p2a: Maushold|move: Follow Me\n|move|p1a: Garchomp|Earthquake|p2b: Annihilape|[spread] p2a,p2b\n|-activate|p1b: Iron Bundle|move: Protect\n|-damage|p2a: Maushold|57\/100\n|-damage|p2b: Annihilape|69\/100\n|move|p2b: Annihilape|Drain Punch|p1b: Iron Bundle\n|-activate|p1b: Iron Bundle|move: Protect\n|\n|-heal|p2b: Annihilape|75\/100|[from] item: Leftovers\n|upkeep\n|turn|2\n|inactive|panth413 has 30 seconds left.\n|\n|t:|1682203770\n|-end|p1b: Iron Bundle|Quark Drive|[silent]\n|switch|p1b: Talonflame|Talonflame, L50, F|100\/100\n|move|p2a: Maushold|Follow Me|p2a: Maushold\n|-singleturn|p2a: Maushold|move: Follow Me\n|move|p1a: Garchomp|Earthquake|p2b: Annihilape|[spread] p2a,p2b\n|-immune|p1b: Talonflame\n|-damage|p2a: Maushold|10\/100\n|-damage|p2b: Annihilape|45\/100\n|-enditem|p2a: Maushold|Sitrus Berry|[eat]\n|-heal|p2a: Maushold|35\/100|[from] item: Sitrus Berry\n|move|p2b: Annihilape|Drain Punch|p1b: Talonflame\n|-resisted|p1b: Talonflame\n|-damage|p1b: Talonflame|72\/100\n|-heal|p2b: Annihilape|57\/100|[from] drain|[of] p1b: Talonflame\n|\n|-heal|p2b: Annihilape|63\/100|[from] item: Leftovers\n|upkeep\n|turn|3\n|\n|t:|1682203792\n|move|p2a: Maushold|Follow Me|p2a: Maushold\n|-singleturn|p2a: Maushold|move: Follow Me\n|move|p1b: Talonflame|Brave Bird|p2a: Maushold\n|-damage|p2a: Maushold|0 fnt\n|faint|p2a: Maushold\n|-damage|p1b: Talonflame|59\/100|[from] Recoil\n|move|p1a: Garchomp|Earthquake|p2b: Annihilape|[spread] p2b\n|-immune|p1b: Talonflame\n|-damage|p2b: Annihilape|19\/100\n|move|p2b: Annihilape|Rage Fist|p1a: Garchomp\n|-damage|p1a: Garchomp|0 fnt\n|-damage|p2b: Annihilape|7\/100|[from] ability: Rough Skin|[of] p1a: Garchomp\n|faint|p1a: Garchomp\n|\n|-heal|p2b: Annihilape|13\/100|[from] item: Leftovers\n|upkeep\n|\n|t:|1682203811\n|switch|p1a: Iron Bundle|Iron Bundle, L50|100\/100\n|switch|p2a: Palafin|Palafin, L50, M|100\/100\n|turn|4\n|\n|t:|1682203829\n|detailschange|p2a: Palafin|Palafin-Hero, L50, M\n|switch|p2a: Ting-Lu|Ting-Lu, L50|100\/100\n|-ability|p2a: Ting-Lu|Vessel of Ruin\n|-terastallize|p1b: Talonflame|Ghost\n|move|p2b: Annihilape|Protect|p2b: Annihilape\n|-singleturn|p2b: Annihilape|Protect\n|move|p1a: Iron Bundle|Freeze-Dry|p2a: Ting-Lu\n|-supereffective|p2a: Ting-Lu\n|-crit|p2a: Ting-Lu\n|-damage|p2a: Ting-Lu|60\/100\n|move|p1b: Talonflame|Brave Bird|p2b: Annihilape\n|-activate|p2b: Annihilape|move: Protect\n|\n|-heal|p2b: Annihilape|19\/100|[from] item: Leftovers\n|upkeep\n|turn|5\n|inactive|Whade has 30 seconds left.\n|inactive|Whade has 20 seconds left.\n|inactive|Whade has 15 seconds left.\n|inactive|Whade has 10 seconds left.\n|\n|t:|1682203874\n|switch|p2b: Palafin|Palafin-Hero, L50, M|100\/100\n|-activate|p2b: Palafin|ability: Zero to Hero\n|-terastallize|p2a: Ting-Lu|Poison\n|move|p1a: Iron Bundle|Icy Wind|p2b: Palafin|[spread] p2a,p2b\n|-resisted|p2b: Palafin\n|-damage|p2a: Ting-Lu|52\/100\n|-damage|p2b: Palafin|92\/100\n|-unboost|p2a: Ting-Lu|spe|1\n|-unboost|p2b: Palafin|spe|1\n|move|p1b: Talonflame|Brave Bird|p2b: Palafin\n|-damage|p2b: Palafin|49\/100\n|-damage|p1b: Talonflame|42\/100|[from] Recoil\n|move|p2a: Ting-Lu|Body Press|p1a: Iron Bundle\n|-supereffective|p1a: Iron Bundle\n|-damage|p1a: Iron Bundle|27\/100\n|\n|upkeep\n|turn|6\n|\n|t:|1682203899\n|move|p1a: Iron Bundle|Protect|p1a: Iron Bundle\n|-singleturn|p1a: Iron Bundle|Protect\n|move|p2b: Palafin|Jet Punch|p1b: Talonflame\n|-damage|p1b: Talonflame|0 fnt\n|faint|p1b: Talonflame\n|move|p2a: Ting-Lu|Body Press|p1a: Iron Bundle\n|-activate|p1a: Iron Bundle|move: Protect\n|\n|upkeep\n|\n|t:|1682203907\n|switch|p1b: Tyranitar|Tyranitar, L50, F|100\/100\n|-weather|Sandstorm|[from] ability: Sand Stream|[of] p1b: Tyranitar\n|turn|7\n|\n|t:|1682203918\n|move|p2b: Palafin|Protect|p2b: Palafin\n|-singleturn|p2b: Palafin|Protect\n|move|p1a: Iron Bundle|Freeze-Dry|p2b: Palafin\n|-activate|p2b: Palafin|move: Protect\n|move|p1b: Tyranitar|Rock Slide|p2b: Palafin|[spread] p2a\n|-activate|p2b: Palafin|move: Protect\n|-crit|p2a: Ting-Lu\n|-damage|p2a: Ting-Lu|28\/100\n|move|p2a: Ting-Lu|Body Press|p1a: Iron Bundle\n|-supereffective|p1a: Iron Bundle\n|-damage|p1a: Iron Bundle|0 fnt\n|faint|p1a: Iron Bundle\n|-end|p1a: Iron Bundle|Quark Drive|[silent]\n|\n|-weather|Sandstorm|[upkeep]\n|-damage|p2b: Palafin|43\/100|[from] Sandstorm\n|-damage|p2a: Ting-Lu|22\/100|[from] Sandstorm\n|upkeep\n|turn|8\n|inactive|Whade has 30 seconds left.\n|\n|t:|1682203946\n|move|p2b: Palafin|Jet Punch|p1b: Tyranitar\n|-supereffective|p1b: Tyranitar\n|-damage|p1b: Tyranitar|29\/100\n|move|p1b: Tyranitar|Low Kick|p2b: Palafin\n|-damage|p2b: Palafin|15\/100\n|move|p2a: Ting-Lu|Body Press|p1b: Tyranitar\n|-supereffective|p1b: Tyranitar\n|-damage|p1b: Tyranitar|0 fnt\n|faint|p1b: Tyranitar\n|\n|win|Whade\n|raw|panth413's rating: 1160 → 1135<\/strong> (-25 for losing)\n|raw|Whade's rating: 1154 → 1179<\/strong> (+25 for winning)\n|l|\u2606Whade\n","uploadtime":1682204060,"views":7,"p1id":"panth413","p2id":"whade","formatid":"gen9vgc2023regulationc","rating":1135,"private":0,"password":""}