{"id":"gen9vgc2023regulationc-1854108129","p1":"Anzyll","p2":"Henk13","format":"[Gen 9] VGC 2023 Regulation C","log":"|j|\u2606Anzyll\n|j|\u2606Henk13\n|t:|1682770537\n|gametype|doubles\n|player|p1|Anzyll|clemont|1160\n|player|p2|Henk13|fisherman-gen4|1051\n|teamsize|p1|6\n|teamsize|p2|6\n|gen|9\n|tier|[Gen 9] VGC 2023 Regulation C\n|rated|\n|rule|Species Clause: Limit one of each Pok\u00e9mon\n|rule|Item Clause: Limit one of each item\n|clearpoke\n|poke|p1|Azumarill, L50, F|\n|poke|p1|Flutter Mane, L50|\n|poke|p1|Tauros-Paldea-Blaze, L50, M|\n|poke|p1|Iron Bundle, L50|\n|poke|p1|Dudunsparce-*, L50, M|\n|poke|p1|Maushold-Four, L50|\n|poke|p2|Arcanine, L50, F|\n|poke|p2|Torkoal, L50, F|\n|poke|p2|Indeedee, L50, M|\n|poke|p2|Dragapult, L50, M|\n|poke|p2|Salazzle, L50, F|\n|poke|p2|Talonflame, L50, F|\n|teampreview|4\n|\n|t:|1682770571\n|start\n|switch|p1a: Squeak Squad|Maushold-Four, L50|100\/100\n|switch|p1b: RNGesus|Dudunsparce-Three-Segment, L50, M|100\/100\n|switch|p2a: Dragapult|Dragapult, L50, M|100\/100\n|switch|p2b: Salazzle|Salazzle, L50, F|100\/100\n|turn|1\n|inactive|Battle timer is ON: inactive players will automatically lose when time's up. (requested by Anzyll)\n|\n|t:|1682770602\n|move|p2a: Dragapult|Protect|p2a: Dragapult\n|-singleturn|p2a: Dragapult|Protect\n|move|p2b: Salazzle|Fake Out|p1a: Squeak Squad\n|-damage|p1a: Squeak Squad|92\/100\n|cant|p1a: Squeak Squad|flinch\n|move|p1b: RNGesus|Glare|p2a: Dragapult\n|-activate|p2a: Dragapult|move: Protect\n|\n|upkeep\n|turn|2\n|\n|t:|1682770610\n|switch|p2a: Arcanine|Arcanine, L50, F|100\/100\n|-ability|p2a: Arcanine|Intimidate|boost\n|-unboost|p1a: Squeak Squad|atk|1\n|-unboost|p1b: RNGesus|atk|1\n|move|p1a: Squeak Squad|Population Bomb|p2b: Salazzle\n|-damage|p2b: Salazzle|95\/100\n|-crit|p2b: Salazzle\n|-damage|p2b: Salazzle|82\/100\n|-damage|p2b: Salazzle|75\/100\n|-damage|p2b: Salazzle|70\/100\n|-damage|p2b: Salazzle|64\/100\n|-damage|p2b: Salazzle|59\/100\n|-damage|p2b: Salazzle|53\/100\n|-damage|p2b: Salazzle|46\/100\n|-damage|p2b: Salazzle|40\/100\n|-damage|p2b: Salazzle|35\/100\n|-hitcount|p2b: Salazzle|10\n|move|p2b: Salazzle|Toxic Spikes|p1b: RNGesus\n|-sidestart|p1: Anzyll|move: Toxic Spikes\n|move|p1b: RNGesus|Glare|p2a: Arcanine\n|-status|p2a: Arcanine|par\n|\n|-heal|p2b: Salazzle|40\/100|[from] item: Black Sludge\n|upkeep\n|turn|3\n|inactive|Anzyll has 30 seconds left.\n|inactive|Henk13 has 30 seconds left.\n|inactive|Henk13 has 20 seconds left.\n|\n|t:|1682770647\n|move|p1a: Squeak Squad|Population Bomb|p2b: Salazzle\n|-damage|p2b: Salazzle|35\/100\n|-damage|p2b: Salazzle|29\/100\n|-damage|p2b: Salazzle|23\/100\n|-hitcount|p2b: Salazzle|3\n|move|p2b: Salazzle|Toxic Spikes|p1a: Squeak Squad\n|-sidestart|p1: Anzyll|move: Toxic Spikes\n|move|p1b: RNGesus|Agility|p1b: RNGesus\n|-boost|p1b: RNGesus|spe|2\n|cant|p2a: Arcanine|par\n|\n|-heal|p2b: Salazzle|29\/100|[from] item: Black Sludge\n|upkeep\n|turn|4\n|\n|t:|1682770661\n|move|p2b: Salazzle|Protect|p2b: Salazzle\n|-singleturn|p2b: Salazzle|Protect\n|cant|p2a: Arcanine|par\n|move|p1b: RNGesus|Agility|p1b: RNGesus\n|-boost|p1b: RNGesus|spe|2\n|move|p1a: Squeak Squad|Population Bomb|p2b: Salazzle\n|-activate|p2b: Salazzle|move: Protect\n|\n|-heal|p2b: Salazzle|35\/100|[from] item: Black Sludge\n|upkeep\n|turn|5\n|inactive|Henk13 has 30 seconds left.\n|inactive|Henk13 has 20 seconds left.\n|\n|t:|1682770696\n|switch|p2a: Torkoal|Torkoal, L50, F|100\/100\n|-weather|SunnyDay|[from] ability: Drought|[of] p2a: Torkoal\n|move|p1b: RNGesus|Rock Slide|p2b: Salazzle|[spread] p2a,p2b\n|-supereffective|p2a: Torkoal\n|-supereffective|p2b: Salazzle\n|-damage|p2a: Torkoal|88\/100\n|-damage|p2b: Salazzle|13\/100\n|move|p1a: Squeak Squad|Encore|p2b: Salazzle\n|-start|p2b: Salazzle|Encore\n|cant|p2b: Salazzle|flinch\n|\n|-weather|SunnyDay|[upkeep]\n|-heal|p2b: Salazzle|19\/100|[from] item: Black Sludge\n|upkeep\n|turn|6\n|\n|t:|1682770712\n|switch|p2b: Arcanine|Arcanine, L50, F|100\/100 par\n|-ability|p2b: Arcanine|Intimidate|boost\n|-unboost|p1a: Squeak Squad|atk|1\n|-unboost|p1b: RNGesus|atk|1\n|-terastallize|p1a: Squeak Squad|Normal\n|move|p1b: RNGesus|Rock Slide|p2a: Torkoal|[spread] p2a,p2b\n|-supereffective|p2a: Torkoal\n|-supereffective|p2b: Arcanine\n|-damage|p2a: Torkoal|77\/100\n|-damage|p2b: Arcanine|86\/100 par\n|move|p1a: Squeak Squad|Population Bomb|p2a: Torkoal\n|-damage|p2a: Torkoal|73\/100\n|-damage|p2a: Torkoal|70\/100\n|-damage|p2a: Torkoal|67\/100\n|-damage|p2a: Torkoal|63\/100\n|-damage|p2a: Torkoal|60\/100\n|-damage|p2a: Torkoal|56\/100\n|-damage|p2a: Torkoal|53\/100\n|-damage|p2a: Torkoal|50\/100\n|-damage|p2a: Torkoal|46\/100\n|-hitcount|p2a: Torkoal|9\n|cant|p2a: Torkoal|flinch\n|\n|-weather|SunnyDay|[upkeep]\n|upkeep\n|turn|7\n|\n|t:|1682770736\n|move|p1b: RNGesus|Rock Slide|p2b: Arcanine|[spread] p2a,p2b\n|-supereffective|p2a: Torkoal\n|-supereffective|p2b: Arcanine\n|-damage|p2a: Torkoal|36\/100\n|-damage|p2b: Arcanine|72\/100 par\n|move|p1a: Squeak Squad|Population Bomb|p2a: Torkoal\n|-damage|p2a: Torkoal|33\/100\n|-damage|p2a: Torkoal|29\/100\n|-damage|p2a: Torkoal|26\/100\n|-hitcount|p2a: Torkoal|3\n|cant|p2b: Arcanine|flinch\n|cant|p2a: Torkoal|flinch\n|\n|-weather|SunnyDay|[upkeep]\n|upkeep\n|turn|8\n|\n|t:|1682770756\n|move|p2a: Torkoal|Protect|p2a: Torkoal\n|-singleturn|p2a: Torkoal|Protect\n|move|p1b: RNGesus|Rock Slide|p2b: Arcanine|[spread] p2b\n|-activate|p2a: Torkoal|move: Protect\n|-supereffective|p2b: Arcanine\n|-damage|p2b: Arcanine|56\/100 par\n|move|p1a: Squeak Squad|Population Bomb|p2b: Arcanine\n|-damage|p2b: Arcanine|51\/100 par\n|-damage|p2b: Arcanine|46\/100 par\n|-damage|p2b: Arcanine|41\/100 par\n|-damage|p2b: Arcanine|35\/100 par\n|-damage|p2b: Arcanine|31\/100 par\n|-damage|p2b: Arcanine|26\/100 par\n|-damage|p2b: Arcanine|21\/100 par\n|-enditem|p2b: Arcanine|Aguav Berry|[eat]\n|-heal|p2b: Arcanine|54\/100 par|[from] item: Aguav Berry\n|-damage|p2b: Arcanine|49\/100 par\n|-damage|p2b: Arcanine|44\/100 par\n|-hitcount|p2b: Arcanine|9\n|cant|p2b: Arcanine|flinch\n|\n|-weather|SunnyDay|[upkeep]\n|upkeep\n|turn|9\n|\n|t:|1682770766\n|move|p1b: RNGesus|Rock Slide|p2b: Arcanine|[spread] p2a,p2b\n|-supereffective|p2a: Torkoal\n|-supereffective|p2b: Arcanine\n|-damage|p2a: Torkoal|15\/100\n|-damage|p2b: Arcanine|30\/100 par\n|-enditem|p2a: Torkoal|Figy Berry|[eat]\n|-heal|p2a: Torkoal|48\/100|[from] item: Figy Berry\n|move|p1a: Squeak Squad|Population Bomb|p2a: Torkoal|[miss]\n|-miss|p1a: Squeak Squad|p2a: Torkoal\n|move|p2b: Arcanine|Flamethrower|p1a: Squeak Squad\n|-damage|p1a: Squeak Squad|35\/100\n|cant|p2a: Torkoal|flinch\n|\n|-weather|none\n|upkeep\n|turn|10\n|inactive|Henk13 has 30 seconds left.\n|inactive|Henk13 has 20 seconds left.\n|inactive|Henk13 has 15 seconds left.\n|inactive|Henk13 has 10 seconds left.\n|\n|t:|1682770816\n|move|p1b: RNGesus|Rock Slide|p2a: Torkoal|[spread] p2a,p2b\n|-supereffective|p2a: Torkoal\n|-supereffective|p2b: Arcanine\n|-damage|p2a: Torkoal|37\/100\n|-damage|p2b: Arcanine|14\/100 par\n|move|p1a: Squeak Squad|Population Bomb|p2a: Torkoal\n|-damage|p2a: Torkoal|33\/100\n|-damage|p2a: Torkoal|30\/100\n|-damage|p2a: Torkoal|26\/100\n|-damage|p2a: Torkoal|22\/100\n|-damage|p2a: Torkoal|19\/100\n|-damage|p2a: Torkoal|15\/100\n|-damage|p2a: Torkoal|12\/100\n|-damage|p2a: Torkoal|8\/100\n|-damage|p2a: Torkoal|5\/100\n|-damage|p2a: Torkoal|2\/100\n|-hitcount|p2a: Torkoal|10\n|cant|p2b: Arcanine|flinch\n|cant|p2a: Torkoal|flinch\n|\n|upkeep\n|turn|11\n|c|\u2606Henk13|wel\n|c|\u2606Henk13|gg\n|c|\u2606Anzyll|gg\n|\n|t:|1682770825\n|move|p1a: Squeak Squad|Helping Hand|p1b: RNGesus\n|-singleturn|p1b: RNGesus|Helping Hand|[of] p1a: Squeak Squad\n|move|p1b: RNGesus|Rock Slide|p2a: Torkoal|[spread] p2a,p2b\n|-supereffective|p2a: Torkoal\n|-supereffective|p2b: Arcanine\n|-damage|p2a: Torkoal|0 fnt\n|-damage|p2b: Arcanine|0 fnt\n|faint|p2a: Torkoal\n|faint|p2b: Arcanine\n|\n|upkeep\n|\n|t:|1682770827\n|switch|p2b: Dragapult|Dragapult, L50, M|100\/100\n|switch|p2a: Salazzle|Salazzle, L50, F|19\/100\n|turn|12\n|\n|t:|1682770840\n|-terastallize|p2b: Dragapult|Dragon\n|move|p1a: Squeak Squad|Helping Hand|p1b: RNGesus\n|-singleturn|p1b: RNGesus|Helping Hand|[of] p1a: Squeak Squad\n|move|p2a: Salazzle|Fake Out|p1b: RNGesus\n|-damage|p1b: RNGesus|96\/100\n|cant|p1b: RNGesus|flinch\n|move|p2b: Dragapult|Outrage|p1a: Squeak Squad\n|-crit|p1a: Squeak Squad\n|-damage|p1a: Squeak Squad|0 fnt\n|faint|p1a: Squeak Squad\n|-damage|p2b: Dragapult|91\/100|[from] item: Life Orb\n|\n|-heal|p2a: Salazzle|25\/100|[from] item: Black Sludge\n|upkeep\n|\n|t:|1682770846\n|switch|p1a: Karina|Flutter Mane, L50|100\/100\n|-status|p1a: Karina|tox\n|-enditem|p1a: Karina|Booster Energy\n|-activate|p1a: Karina|ability: Protosynthesis|[fromitem]\n|-start|p1a: Karina|protosynthesisspe\n|turn|13\n|\n|t:|1682770861\n|move|p1b: RNGesus|Rock Slide|p2a: Salazzle|[spread] p2a,p2b\n|-supereffective|p2a: Salazzle\n|-damage|p2a: Salazzle|6\/100\n|-damage|p2b: Dragapult|81\/100\n|move|p1a: Karina|Dazzling Gleam|p2a: Salazzle|[spread] p2a,p2b\n|-resisted|p2a: Salazzle\n|-supereffective|p2b: Dragapult\n|-damage|p2a: Salazzle|0 fnt\n|-damage|p2b: Dragapult|0 fnt\n|faint|p2a: Salazzle\n|faint|p2b: Dragapult\n|\n|win|Anzyll\n|raw|Anzyll's rating: 1160 → 1177<\/strong> (+17 for winning)\n|raw|Henk13's rating: 1051 → 1039<\/strong> (-12 for losing)\n|l|\u2606Henk13\n","uploadtime":1682770872,"views":15,"p1id":"anzyll","p2id":"henk13","formatid":"gen9vgc2023regulationc","rating":1039,"private":0,"password":""}