{"id":"gen9vgc2023regulationc-1846271475","p1":"charlie0301","p2":"PkSbm","format":"[Gen 9] VGC 2023 Regulation C","log":"|j|\u2606charlie0301\n|j|\u2606PkSbm\n|t:|1681827309\n|gametype|doubles\n|player|p1|charlie0301|102|1353\n|player|p2|PkSbm|lucas|1329\n|teamsize|p1|6\n|teamsize|p2|6\n|gen|9\n|tier|[Gen 9] VGC 2023 Regulation C\n|rated|\n|rule|Species Clause: Limit one of each Pok\u00e9mon\n|rule|Item Clause: Limit one of each item\n|clearpoke\n|poke|p1|Ting-Lu, L50|\n|poke|p1|Gothitelle, L50, F|\n|poke|p1|Flutter Mane, L50|\n|poke|p1|Amoonguss, L50, F|\n|poke|p1|Iron Hands, L50|\n|poke|p1|Arcanine, L50, F|\n|poke|p2|Roaring Moon, L50|\n|poke|p2|Torkoal, L50, F|\n|poke|p2|Flutter Mane, L50|\n|poke|p2|Gyarados, L50, F|\n|poke|p2|Amoonguss, L50, F|\n|poke|p2|Great Tusk, L50|\n|teampreview|4\n|inactive|Battle timer is ON: inactive players will automatically lose when time's up. (requested by charlie0301)\ncharlie0301 has agreed to open team sheets.\nPkSbm has agreed to open team sheets.\n|inactive|charlie0301 has 60 seconds left.\n|inactive|PkSbm has 60 seconds left.\n|inactive|charlie0301 has 30 seconds left.\n|\n|t:|1681827376\n|start\n|switch|p1a: Void Fiend|Flutter Mane, L50|100\/100\n|switch|p1b: Rex|Ting-Lu, L50|100\/100\n|switch|p2a: Amoonguss|Amoonguss, L50, F|100\/100\n|switch|p2b: Flutter Mane|Flutter Mane, L50|100\/100\n|-ability|p1b: Rex|Vessel of Ruin\n|turn|1\n|inactive|PkSbm has 30 seconds left.\n|\n|t:|1681827407\n|-terastallize|p2b: Flutter Mane|Fairy\n|move|p1a: Void Fiend|Protect|p1a: Void Fiend\n|-singleturn|p1a: Void Fiend|Protect\n|move|p2b: Flutter Mane|Shadow Ball|p1a: Void Fiend\n|-activate|p1a: Void Fiend|move: Protect\n|move|p1b: Rex|Heavy Slam|p2b: Flutter Mane\n|-supereffective|p2b: Flutter Mane\n|-damage|p2b: Flutter Mane|0 fnt\n|faint|p2b: Flutter Mane\n|-end|p2b: Flutter Mane|Protosynthesis|[silent]\n|move|p2a: Amoonguss|Spore|p1b: Rex\n|-status|p1b: Rex|slp|[from] move: Spore\n|\n|upkeep\n|\n|t:|1681827421\n|switch|p2b: Great Tusk|Great Tusk, L50|100\/100\n|turn|2\n|inactive|charlie0301 has 30 seconds left.\n|inactive|charlie0301 has 20 seconds left.\n|\n|t:|1681827458\n|switch|p1b: Loader|Iron Hands, L50|100\/100\n|move|p1a: Void Fiend|Protect||[still]\n|-fail|p1a: Void Fiend\n|move|p2b: Great Tusk|Headlong Rush|p1a: Void Fiend\n|-enditem|p1a: Void Fiend|Focus Sash\n|-damage|p1a: Void Fiend|1\/100\n|-unboost|p2b: Great Tusk|def|1\n|-unboost|p2b: Great Tusk|spd|1\n|move|p2a: Amoonguss|Spore|p1a: Void Fiend\n|-status|p1a: Void Fiend|slp|[from] move: Spore\n|\n|upkeep\n|turn|3\n|inactive|charlie0301 has 30 seconds left.\n|\n|t:|1681827488\n|-end|p2b: Great Tusk|Protosynthesis|[silent]\n|switch|p2b: Torkoal|Torkoal, L50, F|100\/100\n|-weather|SunnyDay|[from] ability: Drought|[of] p2b: Torkoal\n|-activate|p1a: Void Fiend|ability: Protosynthesis\n|-start|p1a: Void Fiend|protosynthesisspe\n|-terastallize|p1b: Loader|Grass\n|move|p1b: Loader|Fake Out|p2b: Torkoal\n|-damage|p2b: Torkoal|89\/100\n|cant|p1a: Void Fiend|slp\n|move|p2a: Amoonguss|Pollen Puff|p1a: Void Fiend\n|-resisted|p1a: Void Fiend\n|-damage|p1a: Void Fiend|0 fnt\n|faint|p1a: Void Fiend\n|-end|p1a: Void Fiend|Protosynthesis|[silent]\n|\n|-weather|SunnyDay|[upkeep]\n|upkeep\n|\n|t:|1681827505\n|switch|p1a: Rex|Ting-Lu, L50|100\/100 slp\n|-ability|p1a: Rex|Vessel of Ruin\n|turn|4\n|\n|t:|1681827516\n|move|p1b: Loader|Volt Switch|p2b: Torkoal\n|-damage|p2b: Torkoal|79\/100\n|\n|t:|1681827519\n|-end|p1b: Loader|Quark Drive|[silent]\n|switch|p1b: Artificer|Gothitelle, L50, F|100\/100|[from] Volt Switch\n|cant|p1a: Rex|slp\n|move|p2b: Torkoal|Heat Wave|p1b: Artificer|[spread] p1a,p1b\n|-damage|p1a: Rex|81\/100 slp\n|-damage|p1b: Artificer|78\/100\n|move|p2a: Amoonguss|Pollen Puff|p1b: Artificer\n|-supereffective|p1b: Artificer\n|-damage|p1b: Artificer|59\/100\n|\n|-weather|SunnyDay|[upkeep]\n|-heal|p1a: Rex|87\/100 slp|[from] item: Leftovers\n|upkeep\n|turn|5\n|\n|t:|1681827538\n|move|p1b: Artificer|Fake Out|p2a: Amoonguss\n|-damage|p2a: Amoonguss|96\/100\n|-curestatus|p1a: Rex|slp|[msg]\n|move|p1a: Rex|Stomping Tantrum|p2b: Torkoal\n|-supereffective|p2b: Torkoal\n|-damage|p2b: Torkoal|0 fnt\n|faint|p2b: Torkoal\n|cant|p2a: Amoonguss|flinch\n|\n|-weather|SunnyDay|[upkeep]\n|-heal|p1a: Rex|93\/100|[from] item: Leftovers\n|upkeep\n|\n|t:|1681827545\n|switch|p2b: Great Tusk|Great Tusk, L50|100\/100\n|-activate|p2b: Great Tusk|ability: Protosynthesis\n|-start|p2b: Great Tusk|protosynthesisatk\n|turn|6\n|\n|t:|1681827568\n|move|p1b: Artificer|Protect|p1b: Artificer\n|-singleturn|p1b: Artificer|Protect\n|move|p1a: Rex|Protect|p1a: Rex\n|-singleturn|p1a: Rex|Protect\n|move|p2a: Amoonguss|Rage Powder|p2a: Amoonguss\n|-singleturn|p2a: Amoonguss|move: Rage Powder\n|move|p2b: Great Tusk|Close Combat|p1b: Artificer\n|-activate|p1b: Artificer|move: Protect\n|\n|-weather|SunnyDay|[upkeep]\n|-heal|p1a: Rex|99\/100|[from] item: Leftovers\n|upkeep\n|turn|7\n|inactive|charlie0301 has 30 seconds left.\n|\n|t:|1681827599\n|switch|p1b: Loader|Iron Hands, L50, tera:Grass|100\/100\n|move|p2b: Great Tusk|Close Combat|p1a: Rex\n|-supereffective|p1a: Rex\n|-damage|p1a: Rex|0 fnt\n|-unboost|p2b: Great Tusk|def|1\n|-unboost|p2b: Great Tusk|spd|1\n|faint|p1a: Rex\n|move|p2a: Amoonguss|Spore|p1b: Loader\n|-immune|p1b: Loader\n|\n|-weather|none\n|-end|p2b: Great Tusk|Protosynthesis\n|upkeep\n|\n|t:|1681827610\n|switch|p1a: Artificer|Gothitelle, L50, F|59\/100\n|turn|8\n|\n|t:|1681827616\n|move|p1b: Loader|Fake Out|p2b: Great Tusk\n|-damage|p2b: Great Tusk|84\/100\n|cant|p2b: Great Tusk|flinch\n|move|p1a: Artificer|Psychic|p2b: Great Tusk\n|-supereffective|p2b: Great Tusk\n|-damage|p2b: Great Tusk|0 fnt\n|faint|p2b: Great Tusk\n|-end|p2b: Great Tusk|Protosynthesis|[silent]\n|move|p2a: Amoonguss|Spore|p1a: Artificer\n|-status|p1a: Artificer|slp|[from] move: Spore\n|\n|upkeep\n|turn|9\n|inactive|PkSbm has 30 seconds left.\n|inactive|PkSbm has 20 seconds left.\n|-message|PkSbm forfeited.\n|\n|win|charlie0301\n|raw|charlie0301's rating: 1353 → 1372<\/strong> (+19 for winning)\n|raw|PkSbm's rating: 1329 → 1310<\/strong> (-19 for losing)\n|l|\u2606PkSbm\n","uploadtime":1681827664,"views":9,"p1id":"charlie0301","p2id":"pksbm","formatid":"gen9vgc2023regulationc","rating":1310,"private":0,"password":""}