{"id":"gen9vgc2023regulationc-1846959136","p1":"lidjasz","p2":"AzelioX","format":"[Gen 9] VGC 2023 Regulation C","log":"|j|\u2606lidjasz\n|j|\u2606AzelioX\n|t:|1681906187\n|gametype|doubles\n|player|p1|lidjasz|101|1109\n|player|p2|AzelioX|102|1046\n|teamsize|p1|6\n|teamsize|p2|6\n|gen|9\n|tier|[Gen 9] VGC 2023 Regulation C\n|rated|\n|rule|Species Clause: Limit one of each Pok\u00e9mon\n|rule|Item Clause: Limit one of each item\n|clearpoke\n|poke|p1|Gastrodon, L50, F|\n|poke|p1|Dragonite, L50, M|\n|poke|p1|Chien-Pao, L50|\n|poke|p1|Gallade, L50, M|\n|poke|p1|Arcanine, L50, F|\n|poke|p1|Flutter Mane, L50|\n|poke|p2|Iron Hands, L50|\n|poke|p2|Corviknight, L50, M|\n|poke|p2|Palafin, L50, F|\n|poke|p2|Arcanine, L50, M|\n|poke|p2|Flutter Mane, L50|\n|poke|p2|Chien-Pao, L50|\n|teampreview|4\n|\n|t:|1681906228\n|start\n|switch|p1a: Slug|Gastrodon, L50, F|100\/100\n|switch|p1b: GucciMane|Flutter Mane, L50|100\/100\n|switch|p2a: Flutter Mane|Flutter Mane, L50|100\/100\n|switch|p2b: Corviknight|Corviknight, L50, M|100\/100\n|-enditem|p1b: GucciMane|Booster Energy\n|-activate|p1b: GucciMane|ability: Protosynthesis|[fromitem]\n|-start|p1b: GucciMane|protosynthesisspe\n|turn|1\n|\n|t:|1681906252\n|-end|p2a: Flutter Mane|Protosynthesis|[silent]\n|switch|p2a: Arcanine|Arcanine, L50, M|100\/100\n|-ability|p2a: Arcanine|Intimidate|boost\n|-unboost|p1a: Slug|atk|1\n|-unboost|p1b: GucciMane|atk|1\n|move|p1a: Slug|Helping Hand|p1b: GucciMane\n|-singleturn|p1b: GucciMane|Helping Hand|[of] p1a: Slug\n|move|p1b: GucciMane|Shadow Ball|p2a: Arcanine\n|-damage|p2a: Arcanine|37\/100\n|move|p2b: Corviknight|Bulk Up|p2b: Corviknight\n|-boost|p2b: Corviknight|atk|1\n|-boost|p2b: Corviknight|def|1\n|\n|upkeep\n|turn|2\n|\n|t:|1681906277\n|move|p1a: Slug|Helping Hand|p1b: GucciMane\n|-singleturn|p1b: GucciMane|Helping Hand|[of] p1a: Slug\n|move|p1b: GucciMane|Shadow Ball|p2a: Arcanine\n|-damage|p2a: Arcanine|0 fnt\n|faint|p2a: Arcanine\n|move|p2b: Corviknight|Tailwind|p2b: Corviknight\n|-sidestart|p2: AzelioX|move: Tailwind\n|\n|upkeep\n|\n|t:|1681906287\n|switch|p2a: Chien-Pao|Chien-Pao, L50|100\/100\n|-ability|p2a: Chien-Pao|Sword of Ruin\n|turn|3\n|\n|t:|1681906306\n|move|p1b: GucciMane|Protect|p1b: GucciMane\n|-singleturn|p1b: GucciMane|Protect\n|move|p1a: Slug|Protect|p1a: Slug\n|-singleturn|p1a: Slug|Protect\n|move|p2a: Chien-Pao|Sucker Punch||[still]\n|-fail|p2a: Chien-Pao\n|move|p2b: Corviknight|Bulk Up|p2b: Corviknight\n|-boost|p2b: Corviknight|atk|1\n|-boost|p2b: Corviknight|def|1\n|\n|upkeep\n|turn|4\n|\n|t:|1681906328\n|-end|p1b: GucciMane|Protosynthesis|[silent]\n|switch|p1b: Hugger|Dragonite, L50, M|100\/100\n|switch|p1a: Doggy|Arcanine, L50, F|100\/100\n|-ability|p1a: Doggy|Intimidate|boost\n|-unboost|p2a: Chien-Pao|atk|1\n|-ability|p2b: Corviknight|Mirror Armor\n|-unboost|p1a: Doggy|atk|1\n|move|p2a: Chien-Pao|Protect|p2a: Chien-Pao\n|-singleturn|p2a: Chien-Pao|Protect\n|move|p2b: Corviknight|Brave Bird|p1b: Hugger\n|-damage|p1b: Hugger|51\/100\n|-damage|p2b: Corviknight|85\/100|[from] Recoil\n|\n|-heal|p2b: Corviknight|91\/100|[from] item: Leftovers\n|upkeep\n|turn|5\n|\n|t:|1681906349\n|move|p2a: Chien-Pao|Icicle Crash|p1b: Hugger\n|-supereffective|p1b: Hugger\n|-damage|p1b: Hugger|0 fnt\n|faint|p1b: Hugger\n|move|p2b: Corviknight|Brave Bird|p1a: Doggy\n|-damage|p1a: Doggy|0 fnt\n|faint|p1a: Doggy\n|-damage|p2b: Corviknight|60\/100|[from] Recoil\n|\n|-heal|p2b: Corviknight|66\/100|[from] item: Leftovers\n|-sideend|p2: AzelioX|move: Tailwind\n|upkeep\n|-message|lidjasz forfeited.\n|\n|win|AzelioX\n|raw|lidjasz's rating: 1109 → 1080<\/strong> (-29 for losing)\n|raw|AzelioX's rating: 1046 → 1085<\/strong> (+39 for winning)\n|l|\u2606lidjasz\n","uploadtime":1681906364,"views":6,"p1id":"lidjasz","p2id":"azeliox","formatid":"gen9vgc2023regulationc","rating":1080,"private":0,"password":""}