{"id":"gen9vgc2023regulationc-1860426702","p1":"ECMBB","p2":"Sqinnon","format":"[Gen 9] VGC 2023 Regulation C","log":"|j|\u2606ECMBB\n|j|\u2606Sqinnon\n|t:|1683643242\n|gametype|doubles\n|player|p1|ECMBB|koga|1115\n|player|p2|Sqinnon|265|1164\n|teamsize|p1|6\n|teamsize|p2|6\n|gen|9\n|tier|[Gen 9] VGC 2023 Regulation C\n|rated|\n|rule|Species Clause: Limit one of each Pok\u00e9mon\n|rule|Item Clause: Limit one of each item\n|clearpoke\n|poke|p1|Ting-Lu, L50|\n|poke|p1|Gyarados, L50, F|\n|poke|p1|Flutter Mane, L50|\n|poke|p1|Amoonguss, L50, M|\n|poke|p1|Arcanine, L50, M|\n|poke|p1|Palafin, L50, M|\n|poke|p2|Dondozo, L50, F|\n|poke|p2|Tatsugiri-Droopy, L50, F|\n|poke|p2|Wo-Chien, L50|\n|poke|p2|Flutter Mane, L50|\n|poke|p2|Arcanine, L50, M|\n|poke|p2|Glimmora, L50, F|\n|teampreview|4\n|inactive|Battle timer is ON: inactive players will automatically lose when time's up. (requested by Sqinnon)\n|\n|t:|1683643278\n|start\n|switch|p1a: Palafin|Palafin, L50, M, shiny|100\/100\n|switch|p1b: Ting-Lu|Ting-Lu, L50|100\/100\n|switch|p2a: Glimmora|Glimmora, L50, F|100\/100\n|switch|p2b: Wo-Chien|Wo-Chien, L50|100\/100\n|-ability|p2b: Wo-Chien|Tablets of Ruin\n|-ability|p1b: Ting-Lu|Vessel of Ruin\n|turn|1\n|\n|t:|1683643299\n|move|p1a: Palafin|Protect|p1a: Palafin\n|-singleturn|p1a: Palafin|Protect\n|move|p2a: Glimmora|Energy Ball|p1b: Ting-Lu\n|-supereffective|p1b: Ting-Lu\n|-damage|p1b: Ting-Lu|59\/100\n|move|p2b: Wo-Chien|Leech Seed|p1b: Ting-Lu\n|-start|p1b: Ting-Lu|move: Leech Seed\n|move|p1b: Ting-Lu|Earthquake|p2b: Wo-Chien|[spread] p2a,p2b\n|-activate|p1a: Palafin|move: Protect\n|-supereffective|p2a: Glimmora\n|-resisted|p2b: Wo-Chien\n|-damage|p2a: Glimmora|0 fnt\n|-damage|p2b: Wo-Chien|90\/100\n|-activate|p2a: Glimmora|ability: Toxic Debris\n|-sidestart|p1: ECMBB|move: Toxic Spikes\n|faint|p2a: Glimmora\n|\n|-heal|p2b: Wo-Chien|96\/100|[from] item: Leftovers\n|-damage|p1b: Ting-Lu|47\/100|[from] Leech Seed|[of] p2b: Wo-Chien\n|-heal|p2b: Wo-Chien|100\/100|[silent]\n|upkeep\n|\n|t:|1683643320\n|switch|p2a: Arcanine|Arcanine, L50, M|100\/100\n|-ability|p2a: Arcanine|Intimidate|boost\n|-unboost|p1a: Palafin|atk|1\n|-unboost|p1b: Ting-Lu|atk|1\n|turn|2\n|\n|t:|1683643329\n|detailschange|p1a: Palafin|Palafin-Hero, L50, M, shiny\n|switch|p1a: Amoonguss|Amoonguss, L50, M|100\/100\n|-sideend|p1: ECMBB|move: Toxic Spikes|[of] p1a: Amoonguss\n|move|p2a: Arcanine|Will-O-Wisp|p1a: Amoonguss\n|-status|p1a: Amoonguss|brn\n|move|p2b: Wo-Chien|Ruination|p1b: Ting-Lu\n|-damage|p1b: Ting-Lu|24\/100\n|-enditem|p1b: Ting-Lu|Aguav Berry|[eat]\n|-heal|p1b: Ting-Lu|57\/100|[from] item: Aguav Berry\n|move|p1b: Ting-Lu|Stomping Tantrum|p2a: Arcanine\n|-supereffective|p2a: Arcanine\n|-damage|p2a: Arcanine|63\/100\n|\n|-damage|p1b: Ting-Lu|45\/100|[from] Leech Seed|[of] p2b: Wo-Chien\n|-damage|p1a: Amoonguss|95\/100 brn|[from] brn\n|upkeep\n|turn|3\n|\n|t:|1683643352\n|move|p1a: Amoonguss|Protect|p1a: Amoonguss\n|-singleturn|p1a: Amoonguss|Protect\n|move|p2a: Arcanine|Flare Blitz|p1a: Amoonguss\n|-activate|p1a: Amoonguss|move: Protect\n|move|p2b: Wo-Chien|Ruination|p1a: Amoonguss\n|-activate|p1a: Amoonguss|move: Protect\n|move|p1b: Ting-Lu|Earthquake|p2b: Wo-Chien|[spread] p2a,p2b\n|-activate|p1a: Amoonguss|move: Protect\n|-supereffective|p2a: Arcanine\n|-resisted|p2b: Wo-Chien\n|-damage|p2a: Arcanine|24\/100\n|-damage|p2b: Wo-Chien|93\/100\n|-enditem|p2a: Arcanine|Figy Berry|[eat]\n|-heal|p2a: Arcanine|57\/100|[from] item: Figy Berry\n|\n|-heal|p2b: Wo-Chien|99\/100|[from] item: Leftovers\n|-damage|p1b: Ting-Lu|33\/100|[from] Leech Seed|[of] p2b: Wo-Chien\n|-heal|p2b: Wo-Chien|100\/100|[silent]\n|-damage|p1a: Amoonguss|89\/100 brn|[from] brn\n|upkeep\n|turn|4\n|inactive|ECMBB has 30 seconds left.\n|\n|t:|1683643380\n|switch|p1a: Palafin|Palafin-Hero, L50, M, shiny|100\/100\n|-activate|p1a: Palafin|ability: Zero to Hero\n|move|p2a: Arcanine|Flare Blitz|p1a: Palafin\n|-resisted|p1a: Palafin\n|-damage|p1a: Palafin|86\/100\n|-damage|p2a: Arcanine|51\/100|[from] Recoil\n|move|p2b: Wo-Chien|Leech Seed|p1a: Palafin|[miss]\n|-miss|p2b: Wo-Chien|p1a: Palafin\n|move|p1b: Ting-Lu|Stomping Tantrum|p2a: Arcanine\n|-supereffective|p2a: Arcanine\n|-damage|p2a: Arcanine|14\/100\n|\n|-damage|p1b: Ting-Lu|20\/100|[from] Leech Seed|[of] p2b: Wo-Chien\n|upkeep\n|turn|5\n|\n|t:|1683643401\n|switch|p1a: Amoonguss|Amoonguss, L50, M|100\/100 brn\n|move|p2a: Arcanine|Protect|p2a: Arcanine\n|-singleturn|p2a: Arcanine|Protect\n|move|p2b: Wo-Chien|Leech Seed|p1a: Amoonguss\n|-immune|p1a: Amoonguss\n|move|p1b: Ting-Lu|Stomping Tantrum|p2a: Arcanine\n|-activate|p2a: Arcanine|move: Protect\n|\n|-damage|p1b: Ting-Lu|8\/100|[from] Leech Seed|[of] p2b: Wo-Chien\n|-damage|p1a: Amoonguss|95\/100 brn|[from] brn\n|upkeep\n|turn|6\n|\n|t:|1683643420\n|switch|p2a: Flutter Mane|Flutter Mane, L50|100\/100\n|switch|p1b: Palafin|Palafin-Hero, L50, M, shiny|86\/100\n|move|p1a: Amoonguss|Protect|p1a: Amoonguss\n|-singleturn|p1a: Amoonguss|Protect\n|move|p2b: Wo-Chien|Ruination|p1a: Amoonguss\n|-activate|p1a: Amoonguss|move: Protect\n|\n|-damage|p1a: Amoonguss|89\/100 brn|[from] brn\n|upkeep\n|turn|7\n|inactive|ECMBB has 30 seconds left.\n|\n|t:|1683643447\n|-end|p2a: Flutter Mane|Protosynthesis|[silent]\n|switch|p2a: Arcanine|Arcanine, L50, M|14\/100\n|-ability|p2a: Arcanine|Intimidate|boost\n|-unboost|p1a: Amoonguss|atk|1\n|-unboost|p1b: Palafin|atk|1\n|move|p1b: Palafin|Jet Punch|p2a: Arcanine\n|-supereffective|p2a: Arcanine\n|-damage|p2a: Arcanine|0 fnt\n|faint|p2a: Arcanine\n|move|p2b: Wo-Chien|Leech Seed|p1b: Palafin\n|-start|p1b: Palafin|move: Leech Seed\n|move|p1a: Amoonguss|Spore|p2b: Wo-Chien\n|-immune|p2b: Wo-Chien\n|\n|-damage|p1b: Palafin|74\/100|[from] Leech Seed|[of] p2b: Wo-Chien\n|-damage|p1a: Amoonguss|83\/100 brn|[from] brn\n|upkeep\n|\n|t:|1683643462\n|switch|p2a: Flutter Mane|Flutter Mane, L50|100\/100\n|turn|8\n|\n|t:|1683643482\n|switch|p1b: Ting-Lu|Ting-Lu, L50|8\/100\n|-ability|p1b: Ting-Lu|Vessel of Ruin\n|move|p2a: Flutter Mane|Dazzling Gleam|p1b: Ting-Lu|[spread] p1a,p1b\n|-resisted|p1a: Amoonguss\n|-supereffective|p1b: Ting-Lu\n|-damage|p1a: Amoonguss|73\/100 brn\n|-damage|p1b: Ting-Lu|0 fnt\n|faint|p1b: Ting-Lu\n|move|p2b: Wo-Chien|Ruination|p1a: Amoonguss\n|-damage|p1a: Amoonguss|37\/100 brn\n|move|p1a: Amoonguss|Pollen Puff|p1: Ting-Lu|[notarget]\n|-fail|p1a: Amoonguss\n|\n|-damage|p1a: Amoonguss|31\/100 brn|[from] brn\n|upkeep\n|\n|t:|1683643498\n|switch|p1b: Flutter Mane|Flutter Mane, L50, shiny|100\/100\n|-enditem|p1b: Flutter Mane|Booster Energy\n|-activate|p1b: Flutter Mane|ability: Protosynthesis|[fromitem]\n|-start|p1b: Flutter Mane|protosynthesisspa\n|turn|9\n|\n|t:|1683643511\n|switch|p1a: Palafin|Palafin-Hero, L50, M, shiny|74\/100\n|-terastallize|p1b: Flutter Mane|Fairy\n|-terastallize|p2b: Wo-Chien|Poison\n|move|p2a: Flutter Mane|Dazzling Gleam|p1b: Flutter Mane|[spread] p1a,p1b\n|-damage|p1a: Palafin|36\/100\n|-damage|p1b: Flutter Mane|63\/100\n|move|p1b: Flutter Mane|Moonblast|p2a: Flutter Mane\n|-damage|p2a: Flutter Mane|33\/100\n|-unboost|p2a: Flutter Mane|spa|1\n|move|p2b: Wo-Chien|Leech Seed|p1b: Flutter Mane\n|-start|p1b: Flutter Mane|move: Leech Seed\n|\n|-damage|p1b: Flutter Mane|51\/100|[from] Leech Seed|[of] p2b: Wo-Chien\n|upkeep\n|turn|10\n|\n|t:|1683643532\n|move|p1b: Flutter Mane|Protect|p1b: Flutter Mane\n|-singleturn|p1b: Flutter Mane|Protect\n|move|p1a: Palafin|Jet Punch|p2a: Flutter Mane\n|-damage|p2a: Flutter Mane|0 fnt\n|faint|p2a: Flutter Mane\n|-end|p2a: Flutter Mane|Protosynthesis|[silent]\n|move|p2b: Wo-Chien|Leech Seed|p1a: Palafin\n|-start|p1a: Palafin|move: Leech Seed\n|\n|-damage|p1b: Flutter Mane|39\/100|[from] Leech Seed|[of] p2b: Wo-Chien\n|-damage|p1a: Palafin|24\/100|[from] Leech Seed|[of] p2b: Wo-Chien\n|upkeep\n|turn|11\n|\n|t:|1683643549\n|switch|p1a: Amoonguss|Amoonguss, L50, M|64\/100 brn\n|move|p1b: Flutter Mane|Moonblast|p2b: Wo-Chien\n|-resisted|p2b: Wo-Chien\n|-damage|p2b: Wo-Chien|75\/100\n|move|p2b: Wo-Chien|Ruination|p1a: Amoonguss\n|-damage|p1a: Amoonguss|33\/100 brn\n|\n|-heal|p2b: Wo-Chien|81\/100|[from] item: Leftovers\n|-damage|p1b: Flutter Mane|26\/100|[from] Leech Seed|[of] p2b: Wo-Chien\n|-heal|p2b: Wo-Chien|92\/100|[silent]\n|-damage|p1a: Amoonguss|27\/100 brn|[from] brn\n|upkeep\n|turn|12\n|\n|t:|1683643569\n|-end|p1b: Flutter Mane|Protosynthesis|[silent]\n|switch|p1b: Palafin|Palafin-Hero, L50, M, shiny|24\/100\n|move|p2b: Wo-Chien|Protect|p2b: Wo-Chien\n|-singleturn|p2b: Wo-Chien|Protect\n|move|p1a: Amoonguss|Pollen Puff|p1b: Palafin\n|-heal|p1b: Palafin|73\/100\n|\n|-heal|p2b: Wo-Chien|98\/100|[from] item: Leftovers\n|-damage|p1a: Amoonguss|21\/100 brn|[from] brn\n|upkeep\n|turn|13\n|\n|t:|1683643586\n|switch|p1b: Flutter Mane|Flutter Mane, L50, shiny, tera:Fairy|26\/100\n|move|p2b: Wo-Chien|Leech Seed|p1b: Flutter Mane\n|-start|p1b: Flutter Mane|move: Leech Seed\n|move|p1a: Amoonguss|Pollen Puff|p1b: Flutter Mane\n|-heal|p1b: Flutter Mane|76\/100\n|\n|-heal|p2b: Wo-Chien|100\/100|[from] item: Leftovers\n|-damage|p1b: Flutter Mane|64\/100|[from] Leech Seed|[of] p2b: Wo-Chien\n|-damage|p1a: Amoonguss|15\/100 brn|[from] brn\n|upkeep\n|turn|14\n|\n|t:|1683643602\n|switch|p1a: Palafin|Palafin-Hero, L50, M, shiny|73\/100\n|move|p1b: Flutter Mane|Moonblast|p2b: Wo-Chien\n|-resisted|p2b: Wo-Chien\n|-damage|p2b: Wo-Chien|81\/100\n|-unboost|p2b: Wo-Chien|spa|1\n|move|p2b: Wo-Chien|Snarl|p1b: Flutter Mane|[spread] p1a,p1b\n|-resisted|p1b: Flutter Mane\n|-damage|p1a: Palafin|66\/100\n|-damage|p1b: Flutter Mane|60\/100\n|-unboost|p1a: Palafin|spa|1\n|-unboost|p1b: Flutter Mane|spa|1\n|\n|-heal|p2b: Wo-Chien|87\/100|[from] item: Leftovers\n|-damage|p1b: Flutter Mane|48\/100|[from] Leech Seed|[of] p2b: Wo-Chien\n|-heal|p2b: Wo-Chien|98\/100|[silent]\n|upkeep\n|turn|15\n|\n|t:|1683643622\n|-end|p1b: Flutter Mane|Protosynthesis|[silent]\n|switch|p1b: Amoonguss|Amoonguss, L50, M|48\/100 brn\n|move|p1a: Palafin|Protect|p1a: Palafin\n|-singleturn|p1a: Palafin|Protect\n|move|p2b: Wo-Chien|Protect||[still]\n|-fail|p2b: Wo-Chien\n|\n|-heal|p2b: Wo-Chien|100\/100|[from] item: Leftovers\n|-damage|p1b: Amoonguss|42\/100 brn|[from] brn\n|upkeep\n|turn|16\n|\n|t:|1683643638\n|move|p1a: Palafin|Jet Punch|p2b: Wo-Chien\n|-damage|p2b: Wo-Chien|71\/100\n|move|p2b: Wo-Chien|Leech Seed|p1a: Palafin\n|-start|p1a: Palafin|move: Leech Seed\n|move|p1b: Amoonguss|Pollen Puff|p1a: Palafin\n|-heal|p1a: Palafin|100\/100\n|\n|-heal|p2b: Wo-Chien|77\/100|[from] item: Leftovers\n|-damage|p1a: Palafin|88\/100|[from] Leech Seed|[of] p2b: Wo-Chien\n|-heal|p2b: Wo-Chien|90\/100|[silent]\n|-damage|p1b: Amoonguss|36\/100 brn|[from] brn\n|upkeep\n|turn|17\n|\n|t:|1683643656\n|switch|p1a: Flutter Mane|Flutter Mane, L50, shiny, tera:Fairy|48\/100\n|move|p2b: Wo-Chien|Ruination|p1b: Amoonguss\n|-damage|p1b: Amoonguss|19\/100 brn\n|move|p1b: Amoonguss|Pollen Puff|p1a: Flutter Mane\n|-heal|p1a: Flutter Mane|98\/100\n|\n|-heal|p2b: Wo-Chien|96\/100|[from] item: Leftovers\n|-damage|p1b: Amoonguss|13\/100 brn|[from] brn\n|upkeep\n|turn|18\n|\n|t:|1683643670\n|switch|p1b: Palafin|Palafin-Hero, L50, M, shiny|88\/100\n|move|p1a: Flutter Mane|Protect|p1a: Flutter Mane\n|-singleturn|p1a: Flutter Mane|Protect\n|move|p2b: Wo-Chien|Snarl|p1a: Flutter Mane|[spread] p1b\n|-activate|p1a: Flutter Mane|move: Protect\n|-damage|p1b: Palafin|79\/100\n|-unboost|p1b: Palafin|spa|1\n|\n|-heal|p2b: Wo-Chien|100\/100|[from] item: Leftovers\n|upkeep\n|turn|19\n|\n|t:|1683643686\n|move|p1a: Flutter Mane|Moonblast|p2b: Wo-Chien\n|-resisted|p2b: Wo-Chien\n|-damage|p2b: Wo-Chien|83\/100\n|move|p1b: Palafin|Wave Crash|p2b: Wo-Chien\n|-damage|p2b: Wo-Chien|24\/100\n|-damage|p1b: Palafin|61\/100|[from] Recoil\n|move|p2b: Wo-Chien|Leech Seed|p1b: Palafin\n|-start|p1b: Palafin|move: Leech Seed\n|\n|-heal|p2b: Wo-Chien|30\/100|[from] item: Leftovers\n|-damage|p1b: Palafin|49\/100|[from] Leech Seed|[of] p2b: Wo-Chien\n|-heal|p2b: Wo-Chien|43\/100|[silent]\n|upkeep\n|turn|20\n|\n|t:|1683643701\n|switch|p1b: Amoonguss|Amoonguss, L50, M|46\/100 brn\n|move|p2b: Wo-Chien|Protect|p2b: Wo-Chien\n|-singleturn|p2b: Wo-Chien|Protect\n|move|p1a: Flutter Mane|Moonblast|p2b: Wo-Chien\n|-activate|p2b: Wo-Chien|move: Protect\n|\n|-heal|p2b: Wo-Chien|49\/100|[from] item: Leftovers\n|-damage|p1b: Amoonguss|40\/100 brn|[from] brn\n|upkeep\n|turn|21\n|\n|t:|1683643718\n|switch|p1b: Palafin|Palafin-Hero, L50, M, shiny|49\/100\n|move|p1a: Flutter Mane|Moonblast|p2b: Wo-Chien\n|-resisted|p2b: Wo-Chien\n|-damage|p2b: Wo-Chien|29\/100\n|move|p2b: Wo-Chien|Leech Seed|p1a: Flutter Mane|[miss]\n|-miss|p2b: Wo-Chien|p1a: Flutter Mane\n|\n|-heal|p2b: Wo-Chien|35\/100|[from] item: Leftovers\n|upkeep\n|turn|22\n|\n|t:|1683643731\n|-end|p1a: Flutter Mane|Protosynthesis|[silent]\n|switch|p1a: Amoonguss|Amoonguss, L50, M|73\/100 brn\n|move|p2b: Wo-Chien|Protect|p2b: Wo-Chien\n|-singleturn|p2b: Wo-Chien|Protect\n|move|p1b: Palafin|Wave Crash|p2b: Wo-Chien\n|-activate|p2b: Wo-Chien|move: Protect\n|\n|-heal|p2b: Wo-Chien|42\/100|[from] item: Leftovers\n|-damage|p1a: Amoonguss|67\/100 brn|[from] brn\n|upkeep\n|turn|23\n|\n|t:|1683643745\n|move|p1b: Palafin|Wave Crash|p2b: Wo-Chien\n|-damage|p2b: Wo-Chien|0 fnt\n|faint|p2b: Wo-Chien\n|-damage|p1b: Palafin|36\/100|[from] Recoil\n|\n|win|ECMBB\n|raw|ECMBB's rating: 1115 → 1144<\/strong> (+29 for winning)\n|raw|Sqinnon's rating: 1164 → 1135<\/strong> (-29 for losing)\n|l|\u2606Sqinnon\n","uploadtime":1683643757,"views":5,"p1id":"ecmbb","p2id":"sqinnon","formatid":"gen9vgc2023regulationc","rating":1135,"private":0,"password":""}