{"id":"gen9vgc2023regulationc-1845317644","p1":"starburst48763","p2":"Tameryn","format":"[Gen 9] VGC 2023 Regulation C","log":"|j|\u2606starburst48763\n|j|\u2606Tameryn\n|t:|1681713805\n|gametype|doubles\n|player|p1|starburst48763|elesa-masters|1239\n|player|p2|Tameryn|n|1266\n|teamsize|p1|6\n|teamsize|p2|6\n|gen|9\n|tier|[Gen 9] VGC 2023 Regulation C\n|rated|\n|rule|Species Clause: Limit one of each Pok\u00e9mon\n|rule|Item Clause: Limit one of each item\n|clearpoke\n|poke|p1|Ceruledge, L50, M|\n|poke|p1|Amoonguss, L50, M|\n|poke|p1|Gyarados, L50, F|\n|poke|p1|Ting-Lu, L50|\n|poke|p1|Glimmora, L50, F|\n|poke|p1|Flutter Mane, L50|\n|poke|p2|Iron Thorns, L50|\n|poke|p2|Talonflame, L50, F|\n|poke|p2|Amoonguss, L50, M|\n|poke|p2|Garchomp, L50, M|\n|poke|p2|Iron Bundle, L50|\n|poke|p2|Flutter Mane, L50|\n|teampreview|4\n|\n|t:|1681713839\n|start\n|switch|p1a: Glimmora|Glimmora, L50, F|100\/100\n|switch|p1b: Ting-Lu|Ting-Lu, L50|100\/100\n|switch|p2a: Talonflame|Talonflame, L50, F|100\/100\n|switch|p2b: Iron Thorns|Iron Thorns, L50|100\/100\n|-ability|p1b: Ting-Lu|Vessel of Ruin\n|turn|1\n|\n|t:|1681713860\n|switch|p1b: Ceruledge|Ceruledge, L50, M|100\/100\n|-terastallize|p2b: Iron Thorns|Grass\n|move|p2a: Talonflame|Protect|p2a: Talonflame\n|-singleturn|p2a: Talonflame|Protect\n|move|p1a: Glimmora|Power Gem|p2a: Talonflame\n|-activate|p2a: Talonflame|move: Protect\n|move|p2b: Iron Thorns|Tera Blast|p1b: Ceruledge\n|-resisted|p1b: Ceruledge\n|-damage|p1b: Ceruledge|78\/100\n|\n|upkeep\n|turn|2\n|\n|t:|1681713915\n|switch|p1a: Gyarados|Gyarados, L50, F|100\/100\n|-ability|p1a: Gyarados|Intimidate|boost\n|-unboost|p2a: Talonflame|atk|1\n|-unboost|p2b: Iron Thorns|atk|1\n|-end|p2b: Iron Thorns|Quark Drive|[silent]\n|switch|p2b: Flutter Mane|Flutter Mane, L50|100\/100\n|move|p2a: Talonflame|Brave Bird|p1b: Ceruledge\n|-damage|p1b: Ceruledge|38\/100\n|-damage|p2a: Talonflame|86\/100|[from] Recoil\n|-damage|p2a: Talonflame|76\/100|[from] item: Life Orb\n|move|p1b: Ceruledge|Bitter Blade|p2b: Flutter Mane\n|-damage|p2b: Flutter Mane|21\/100\n|-heal|p1b: Ceruledge|71\/100|[from] drain|[of] p2b: Flutter Mane\n|\n|upkeep\n|turn|3\n|\n|t:|1681713937\n|-end|p2b: Flutter Mane|Protosynthesis|[silent]\n|switch|p2b: Iron Thorns|Iron Thorns, L50, tera:Grass|100\/100\n|-terastallize|p1a: Gyarados|Flying\n|move|p1b: Ceruledge|Shadow Sneak|p2b: Iron Thorns\n|-damage|p2b: Iron Thorns|84\/100\n|move|p2a: Talonflame|Tailwind|p2a: Talonflame\n|-sidestart|p2: Tameryn|move: Tailwind\n|move|p1a: Gyarados|Tera Blast|p2a: Talonflame\n|-damage|p2a: Talonflame|0 fnt\n|faint|p2a: Talonflame\n|\n|upkeep\n|\n|t:|1681713952\n|switch|p2a: Flutter Mane|Flutter Mane, L50|21\/100\n|turn|4\n|\n|t:|1681713964\n|move|p1b: Ceruledge|Shadow Sneak|p2a: Flutter Mane\n|-supereffective|p2a: Flutter Mane\n|-damage|p2a: Flutter Mane|0 fnt\n|faint|p2a: Flutter Mane\n|-end|p2a: Flutter Mane|Protosynthesis|[silent]\n|move|p2b: Iron Thorns|Rock Slide|p1a: Gyarados|[spread] p1a,p1b\n|-supereffective|p1a: Gyarados\n|-supereffective|p1b: Ceruledge\n|-damage|p1a: Gyarados|39\/100\n|-damage|p1b: Ceruledge|7\/100\n|move|p1a: Gyarados|Tera Blast|p2b: Iron Thorns\n|-supereffective|p2b: Iron Thorns\n|-damage|p2b: Iron Thorns|0 fnt\n|faint|p2b: Iron Thorns\n|-end|p2b: Iron Thorns|Quark Drive|[silent]\n|\n|upkeep\n|\n|t:|1681713967\n|switch|p2b: Iron Bundle|Iron Bundle, L50|100\/100\n|-enditem|p2b: Iron Bundle|Booster Energy\n|-activate|p2b: Iron Bundle|ability: Quark Drive|[fromitem]\n|-start|p2b: Iron Bundle|quarkdrivespe\n|turn|5\n|\n|t:|1681713979\n|move|p1b: Ceruledge|Shadow Sneak|p2b: Iron Bundle\n|-damage|p2b: Iron Bundle|78\/100\n|move|p2b: Iron Bundle|Icy Wind|p1b: Ceruledge|[spread] p1a,p1b\n|-supereffective|p1a: Gyarados\n|-resisted|p1b: Ceruledge\n|-damage|p1a: Gyarados|3\/100\n|-damage|p1b: Ceruledge|0 fnt\n|-unboost|p1a: Gyarados|spe|1\n|-enditem|p1a: Gyarados|Figy Berry|[eat]\n|-heal|p1a: Gyarados|36\/100|[from] item: Figy Berry\n|faint|p1b: Ceruledge\n|move|p1a: Gyarados|Whirlpool|p2b: Iron Bundle\n|-resisted|p2b: Iron Bundle\n|-damage|p2b: Iron Bundle|70\/100\n|-activate|p2b: Iron Bundle|move: Whirlpool|[of] p1a: Gyarados\n|\n|-damage|p2b: Iron Bundle|58\/100|[from] move: Whirlpool|[partiallytrapped]\n|upkeep\n|\n|t:|1681713985\n|switch|p1b: Glimmora|Glimmora, L50, F|100\/100\n|turn|6\n|\n|t:|1681713993\n|switch|p1a: Ting-Lu|Ting-Lu, L50|100\/100\n|-ability|p1a: Ting-Lu|Vessel of Ruin\n|move|p2b: Iron Bundle|Hydro Pump|p1b: Glimmora\n|-supereffective|p1b: Glimmora\n|-enditem|p1b: Glimmora|Focus Sash\n|-damage|p1b: Glimmora|1\/100\n|move|p1b: Glimmora|Power Gem|p2b: Iron Bundle\n|-supereffective|p2b: Iron Bundle\n|-damage|p2b: Iron Bundle|0 fnt\n|faint|p2b: Iron Bundle\n|-end|p2b: Iron Bundle|Quark Drive|[silent]\n|\n|win|starburst48763\n|raw|starburst48763's rating: 1239 → 1266<\/strong> (+27 for winning)\n|raw|Tameryn's rating: 1266 → 1239<\/strong> (-27 for losing)\n|l|\u2606Tameryn\n","uploadtime":1681714012,"views":20,"p1id":"starburst48763","p2id":"tameryn","formatid":"gen9vgc2023regulationc","rating":1239,"private":0,"password":""}