{"id":"gen9vgc2023regulationc-1845002257","p1":"SlipqyVGC","p2":"NN Aroundight","format":"[Gen 9] VGC 2023 Regulation C","log":"|j|\u2606SlipqyVGC\n|j|\u2606NN Aroundight\n|t:|1681672864\n|gametype|doubles\n|player|p1|SlipqyVGC|guzma|1370\n|player|p2|NN Aroundight|169|1460\n|teamsize|p1|6\n|teamsize|p2|6\n|gen|9\n|tier|[Gen 9] VGC 2023 Regulation C\n|rated|\n|rule|Species Clause: Limit one of each Pok\u00e9mon\n|rule|Item Clause: Limit one of each item\n|clearpoke\n|poke|p1|Palafin, L50, M|\n|poke|p1|Chien-Pao, L50|\n|poke|p1|Ting-Lu, L50|\n|poke|p1|Flutter Mane, L50|\n|poke|p1|Amoonguss, L50, M|\n|poke|p1|Arcanine, L50, F|\n|poke|p2|Arcanine, L50, F|\n|poke|p2|Palafin, L50, F|\n|poke|p2|Baxcalibur, L50, F|\n|poke|p2|Flutter Mane, L50|\n|poke|p2|Amoonguss, L50, F|\n|poke|p2|Ting-Lu, L50|\n|teampreview|4\n|inactive|Battle timer is ON: inactive players will automatically lose when time's up. (requested by SlipqyVGC)\n|j| Solmo_1234\nNN Aroundight has agreed to open team sheets.\nSlipqyVGC has agreed to open team sheets.\n|inactive|SlipqyVGC has 60 seconds left.\n|inactive|SlipqyVGC has 30 seconds left.\n|inactive|SlipqyVGC has 20 seconds left.\n|\n|t:|1681672935\n|start\n|switch|p1a: Palafin|Palafin, L50, M, shiny|100\/100\n|switch|p1b: Chien-Pao|Chien-Pao, L50|100\/100\n|switch|p2a: Palafin|Palafin, L50, F|100\/100\n|switch|p2b: Flutter Mane|Flutter Mane, L50|100\/100\n|-ability|p1b: Chien-Pao|Sword of Ruin\n|turn|1\n|inactive|NN Aroundight has 30 seconds left.\n|\n|t:|1681672964\n|-end|p2b: Flutter Mane|Protosynthesis|[silent]\n|switch|p2b: Baxcalibur|Baxcalibur, L50, F|100\/100\n|-terastallize|p1a: Palafin|Water\n|-terastallize|p2a: Palafin|Water\n|move|p1b: Chien-Pao|Protect|p1b: Chien-Pao\n|-singleturn|p1b: Chien-Pao|Protect\n|move|p1a: Palafin|Jet Punch|p2b: Baxcalibur\n|-resisted|p2b: Baxcalibur\n|-damage|p2b: Baxcalibur|77\/100\n|move|p2a: Palafin|Wave Crash|p1b: Chien-Pao\n|-activate|p1b: Chien-Pao|move: Protect\n|\n|upkeep\n|turn|2\n|inactive|SlipqyVGC has 30 seconds left.\n|\n|t:|1681672990\n|detailschange|p1a: Palafin|Palafin-Hero, L50, M, shiny, tera:Water\n|switch|p1a: Amoonguss|Amoonguss, L50, M|100\/100\n|detailschange|p2a: Palafin|Palafin-Hero, L50, F, tera:Water\n|switch|p2a: Arcanine|Arcanine, L50, F|100\/100\n|-ability|p2a: Arcanine|Intimidate|boost\n|-unboost|p1a: Amoonguss|atk|1\n|-unboost|p1b: Chien-Pao|atk|1\n|move|p1b: Chien-Pao|Sacred Sword|p2b: Baxcalibur\n|-supereffective|p2b: Baxcalibur\n|-damage|p2b: Baxcalibur|28\/100\n|move|p2b: Baxcalibur|Glaive Rush|p1a: Amoonguss\n|-damage|p1a: Amoonguss|0 fnt\n|-singlemove|p2b: Baxcalibur|Glaive Rush|[silent]\n|faint|p1a: Amoonguss\n|\n|upkeep\n|\n|t:|1681673004\n|switch|p1a: Palafin|Palafin-Hero, L50, M, shiny, tera:Water|100\/100\n|-activate|p1a: Palafin|ability: Zero to Hero\n|turn|3\n|\n|t:|1681673027\n|move|p2b: Baxcalibur|Ice Shard|p1b: Chien-Pao\n|-resisted|p1b: Chien-Pao\n|-damage|p1b: Chien-Pao|82\/100\n|move|p1b: Chien-Pao|Ice Spinner|p2b: Baxcalibur\n|-damage|p2b: Baxcalibur|0 fnt\n|faint|p2b: Baxcalibur\n|move|p2a: Arcanine|Will-O-Wisp|p1a: Palafin\n|-status|p1a: Palafin|brn\n|move|p1a: Palafin|Wave Crash|p2a: Arcanine\n|-supereffective|p2a: Arcanine\n|-damage|p2a: Arcanine|0 fnt\n|faint|p2a: Arcanine\n|-damage|p1a: Palafin|70\/100 brn|[from] Recoil\n|\n|-damage|p1a: Palafin|64\/100 brn|[from] brn\n|upkeep\n|\n|t:|1681673044\n|switch|p2a: Flutter Mane|Flutter Mane, L50|100\/100\n|switch|p2b: Palafin|Palafin-Hero, L50, F, tera:Water|100\/100\n|-activate|p2b: Palafin|ability: Zero to Hero\n|turn|4\n|\n|t:|1681673059\n|move|p1b: Chien-Pao|Protect|p1b: Chien-Pao\n|-singleturn|p1b: Chien-Pao|Protect\n|move|p2b: Palafin|Jet Punch|p1b: Chien-Pao\n|-activate|p1b: Chien-Pao|move: Protect\n|move|p2a: Flutter Mane|Dazzling Gleam|p1b: Chien-Pao|[spread] p1a\n|-activate|p1b: Chien-Pao|move: Protect\n|-damage|p1a: Palafin|23\/100 brn\n|move|p1a: Palafin|Haze|p1a: Palafin\n|-clearallboost\n|\n|-damage|p1a: Palafin|17\/100 brn|[from] brn\n|upkeep\n|turn|5\n|\n|t:|1681673083\n|move|p1b: Chien-Pao|Sucker Punch|p2a: Flutter Mane\n|-damage|p2a: Flutter Mane|7\/100\n|move|p1a: Palafin|Jet Punch|p2a: Flutter Mane\n|-damage|p2a: Flutter Mane|0 fnt\n|faint|p2a: Flutter Mane\n|-end|p2a: Flutter Mane|Protosynthesis|[silent]\n|move|p2b: Palafin|Jet Punch|p1b: Chien-Pao\n|-damage|p1b: Chien-Pao|0 fnt\n|faint|p1b: Chien-Pao\n|\n|-damage|p1a: Palafin|11\/100 brn|[from] brn\n|upkeep\n|\n|t:|1681673091\n|switch|p1b: Ting-Lu|Ting-Lu, L50|100\/100\n|-ability|p1b: Ting-Lu|Vessel of Ruin\n|turn|6\n|\n|t:|1681673100\n|move|p1a: Palafin|Jet Punch|p2b: Palafin\n|-resisted|p2b: Palafin\n|-damage|p2b: Palafin|86\/100\n|move|p2b: Palafin|Wave Crash|p1b: Ting-Lu\n|-supereffective|p1b: Ting-Lu\n|-damage|p1b: Ting-Lu|0 fnt\n|faint|p1b: Ting-Lu\n|-damage|p2b: Palafin|45\/100|[from] Recoil\n|\n|-damage|p1a: Palafin|5\/100 brn|[from] brn\n|upkeep\n|turn|7\n|\n|t:|1681673112\n|move|p2b: Palafin|Protect|p2b: Palafin\n|-singleturn|p2b: Palafin|Protect\n|move|p1a: Palafin|Jet Punch|p2b: Palafin\n|-activate|p2b: Palafin|move: Protect\n|\n|-damage|p1a: Palafin|0 fnt|[from] brn\n|faint|p1a: Palafin\n|\n|win|NN Aroundight\n|upkeep\n|raw|SlipqyVGC's rating: 1370 → 1355<\/strong> (-15 for losing)\n|raw|NN Aroundight's rating: 1460 → 1475<\/strong> (+15 for winning)\n|l|\u2606SlipqyVGC\n","uploadtime":1681673132,"views":64,"p1id":"slipqyvgc","p2id":"nnaroundight","formatid":"gen9vgc2023regulationc","rating":1355,"private":0,"password":""}