{"id":"gen9vgc2023regulationc-1847194279","p1":"morganice","p2":"Psalme","format":"[Gen 9] VGC 2023 Regulation C","log":"|j|\u2606morganice\n|j|\u2606Psalme\n|t:|1681926772\n|gametype|doubles\n|player|p1|morganice|1|1138\n|player|p2|Psalme|265|1238\n|teamsize|p1|6\n|teamsize|p2|6\n|gen|9\n|tier|[Gen 9] VGC 2023 Regulation C\n|rated|\n|rule|Species Clause: Limit one of each Pok\u00e9mon\n|rule|Item Clause: Limit one of each item\n|clearpoke\n|poke|p1|Abomasnow, L50, F|\n|poke|p1|Scream Tail, L50|\n|poke|p1|Annihilape, L50, M|\n|poke|p1|Murkrow, L50, F|\n|poke|p1|Pachirisu, L50, F|\n|poke|p1|Chi-Yu, L50|\n|poke|p2|Talonflame, L50, M|\n|poke|p2|Garchomp, L50, F|\n|poke|p2|Gyarados, L50, F|\n|poke|p2|Flutter Mane, L50|\n|poke|p2|Baxcalibur, L50, M|\n|poke|p2|Ting-Lu, L50|\n|teampreview|4\n|\n|t:|1681926806\n|start\n|switch|p1a: Murkrow|Murkrow, L50, F|100\/100\n|switch|p1b: Pachirisu|Pachirisu, L50, F|100\/100\n|switch|p2a: Talonflame|Talonflame, L50, M|100\/100\n|switch|p2b: Garchomp|Garchomp, L50, F|100\/100\n|turn|1\n|\n|t:|1681926835\n|-terastallize|p1b: Pachirisu|Flying\n|move|p1b: Pachirisu|Follow Me|p1b: Pachirisu\n|-singleturn|p1b: Pachirisu|move: Follow Me\n|move|p1a: Murkrow|Taunt|p2a: Talonflame\n|-start|p2a: Talonflame|move: Taunt\n|cant|p2a: Talonflame|move: Taunt|Taunt\n|move|p2b: Garchomp|Earthquake|p1a: Murkrow|[spread] \n|-immune|p2a: Talonflame\n|-immune|p1a: Murkrow\n|-immune|p1b: Pachirisu\n|\n|upkeep\n|turn|2\n|\n|t:|1681926868\n|switch|p2a: Baxcalibur|Baxcalibur, L50, M|100\/100\n|move|p2b: Garchomp|Protect|p2b: Garchomp\n|-singleturn|p2b: Garchomp|Protect\n|move|p1b: Pachirisu|Nuzzle|p2a: Baxcalibur\n|-resisted|p2a: Baxcalibur\n|-damage|p2a: Baxcalibur|99\/100\n|-status|p2a: Baxcalibur|par\n|move|p1a: Murkrow|Night Shade|p2b: Garchomp\n|-activate|p2b: Garchomp|move: Protect\n|\n|upkeep\n|turn|3\n|\n|t:|1681926890\n|move|p1a: Murkrow|Tailwind|p1a: Murkrow\n|-sidestart|p1: morganice|move: Tailwind\n|move|p1b: Pachirisu|Super Fang|p2b: Garchomp\n|-damage|p2b: Garchomp|50\/100\n|-damage|p1b: Pachirisu|89\/100|[from] ability: Rough Skin|[of] p2b: Garchomp\n|move|p2b: Garchomp|Dragon Claw|p1a: Murkrow\n|-damage|p1a: Murkrow|28\/100\n|-damage|p2b: Garchomp|41\/100|[from] item: Life Orb\n|move|p2a: Baxcalibur|Icicle Spear|p1b: Pachirisu\n|-supereffective|p1b: Pachirisu\n|-damage|p1b: Pachirisu|42\/100\n|-supereffective|p1b: Pachirisu\n|-damage|p1b: Pachirisu|1\/100\n|-enditem|p1b: Pachirisu|Iapapa Berry|[eat]\n|-heal|p1b: Pachirisu|34\/100|[from] item: Iapapa Berry\n|-supereffective|p1b: Pachirisu\n|-damage|p1b: Pachirisu|0 fnt\n|faint|p1b: Pachirisu\n|-hitcount|p1: Pachirisu|3\n|\n|upkeep\n|\n|t:|1681926911\n|switch|p1b: Scream Tail|Scream Tail, L50|100\/100\n|turn|4\n|\n|t:|1681926934\n|move|p2b: Garchomp|Protect|p2b: Garchomp\n|-singleturn|p2b: Garchomp|Protect\n|move|p2a: Baxcalibur|Ice Shard|p1a: Murkrow\n|-supereffective|p1a: Murkrow\n|-damage|p1a: Murkrow|0 fnt\n|faint|p1a: Murkrow\n|move|p1b: Scream Tail|Dazzling Gleam|p2a: Baxcalibur|[spread] p2a\n|-activate|p2b: Garchomp|move: Protect\n|-supereffective|p2a: Baxcalibur\n|-damage|p2a: Baxcalibur|55\/100 par\n|\n|upkeep\n|\n|t:|1681926943\n|switch|p1a: Abomasnow|Abomasnow, L50, F|100\/100\n|-weather|Snow|[from] ability: Snow Warning|[of] p1a: Abomasnow\n|turn|5\n|\n|t:|1681926983\n|switch|p2b: Flutter Mane|Flutter Mane, L50|100\/100\n|move|p1a: Abomasnow|Aurora Veil|p1a: Abomasnow\n|-sidestart|p1: morganice|move: Aurora Veil\n|move|p2a: Baxcalibur|Icicle Spear|p1b: Scream Tail\n|-damage|p1b: Scream Tail|91\/100\n|-damage|p1b: Scream Tail|83\/100\n|-damage|p1b: Scream Tail|75\/100\n|-damage|p1b: Scream Tail|66\/100\n|-damage|p1b: Scream Tail|58\/100\n|-hitcount|p1b: Scream Tail|5\n|move|p1b: Scream Tail|Trick Room|p1b: Scream Tail\n|-fieldstart|move: Trick Room|[of] p1b: Scream Tail\n|\n|-weather|Snow|[upkeep]\n|upkeep\n|turn|6\n|\n|t:|1681927018\n|-terastallize|p2b: Flutter Mane|Fairy\n|move|p2a: Baxcalibur|Icicle Spear|p1b: Scream Tail\n|-damage|p1b: Scream Tail|50\/100\n|-damage|p1b: Scream Tail|41\/100\n|-damage|p1b: Scream Tail|33\/100\n|-damage|p1b: Scream Tail|24\/100\n|-hitcount|p1b: Scream Tail|4\n|move|p1a: Abomasnow|Blizzard|p2a: Baxcalibur|[spread] p2a,p2b\n|-damage|p2a: Baxcalibur|22\/100 par\n|-damage|p2b: Flutter Mane|70\/100\n|move|p2b: Flutter Mane|Moonblast|p1a: Abomasnow\n|-damage|p1a: Abomasnow|37\/100\n|move|p1b: Scream Tail|Dazzling Gleam|p2b: Flutter Mane|[spread] p2a,p2b\n|-supereffective|p2a: Baxcalibur\n|-damage|p2a: Baxcalibur|0 fnt\n|-damage|p2b: Flutter Mane|51\/100\n|faint|p2a: Baxcalibur\n|\n|-weather|Snow|[upkeep]\n|-sideend|p1: morganice|move: Tailwind\n|upkeep\n|\n|t:|1681927039\n|switch|p2a: Garchomp|Garchomp, L50, F|41\/100\n|turn|7\n|\n|t:|1681927051\n|move|p2a: Garchomp|Protect|p2a: Garchomp\n|-singleturn|p2a: Garchomp|Protect\n|move|p1a: Abomasnow|Blizzard|p2a: Garchomp|[spread] p2b\n|-activate|p2a: Garchomp|move: Protect\n|-crit|p2b: Flutter Mane\n|-damage|p2b: Flutter Mane|2\/100\n|move|p1b: Scream Tail|Dazzling Gleam|p2a: Garchomp|[spread] p2b\n|-activate|p2a: Garchomp|move: Protect\n|-damage|p2b: Flutter Mane|0 fnt\n|faint|p2b: Flutter Mane\n|-end|p2b: Flutter Mane|Protosynthesis|[silent]\n|\n|-weather|Snow|[upkeep]\n|upkeep\n|\n|t:|1681927062\n|switch|p2b: Talonflame|Talonflame, L50, M|100\/100\n|turn|8\n|\n|t:|1681927075\n|move|p1a: Abomasnow|Ice Shard|p2a: Garchomp\n|-supereffective|p2a: Garchomp\n|-damage|p2a: Garchomp|0 fnt\n|faint|p2a: Garchomp\n|move|p2b: Talonflame|Brave Bird|p1a: Abomasnow\n|-supereffective|p1a: Abomasnow\n|-damage|p1a: Abomasnow|3\/100\n|-damage|p2b: Talonflame|88\/100|[from] Recoil\n|move|p1b: Scream Tail|Boomburst|p2b: Talonflame|[spread] p1a,p2b\n|-damage|p1a: Abomasnow|0 fnt\n|-damage|p2b: Talonflame|54\/100\n|faint|p1a: Abomasnow\n|-enditem|p1b: Scream Tail|Throat Spray\n|-boost|p1b: Scream Tail|spa|1|[from] item: Throat Spray\n|\n|-weather|Snow|[upkeep]\n|upkeep\n|turn|9\n|\n|t:|1681927091\n|move|p1b: Scream Tail|Boomburst|p2b: Talonflame\n|-damage|p2b: Talonflame|0 fnt\n|faint|p2b: Talonflame\n|\n|win|morganice\n|raw|morganice's rating: 1138 → 1170<\/strong> (+32 for winning)\n|raw|Psalme's rating: 1238 → 1206<\/strong> (-32 for losing)\n|l|\u2606Psalme\n","uploadtime":1681927118,"views":12,"p1id":"morganice","p2id":"psalme","formatid":"gen9vgc2023regulationc","rating":1170,"private":0,"password":""}