{"id":"gen9vgc2023regulationc-1861205252","p1":"foiledfeline","p2":"MaxYoo","format":"[Gen 9] VGC 2023 Regulation C","log":"|j|\u2606foiledfeline\n|j|\u2606MaxYoo\n|t:|1683735722\n|gametype|doubles\n|player|p1|foiledfeline|265|1308\n|player|p2|MaxYoo|169|1369\n|teamsize|p1|6\n|teamsize|p2|6\n|gen|9\n|tier|[Gen 9] VGC 2023 Regulation C\n|rated|\n|rule|Species Clause: Limit one of each Pok\u00e9mon\n|rule|Item Clause: Limit one of each item\n|clearpoke\n|poke|p1|Flutter Mane, L50|\n|poke|p1|Talonflame, L50, F|\n|poke|p1|Breloom, L50, M|\n|poke|p1|Iron Bundle, L50|\n|poke|p1|Great Tusk, L50|\n|poke|p1|Baxcalibur, L50, F|\n|poke|p2|Dragonite, L50, F|\n|poke|p2|Chien-Pao, L50|\n|poke|p2|Murkrow, L50, M|\n|poke|p2|Gholdengo, L50|\n|poke|p2|Chi-Yu, L50|\n|poke|p2|Iron Thorns, L50|\n|teampreview|4\nfoiledfeline has agreed to open team sheets.\n|\n|t:|1683735772\n|start\n|switch|p1a: Breloom|Breloom, L50, M|100\/100\n|switch|p1b: Talonflame|Talonflame, L50, F|100\/100\n|switch|p2a: Murkrow|Murkrow, L50, M|100\/100\n|switch|p2b: Gholdengo|Gholdengo, L50|100\/100\n|turn|1\n|\n|t:|1683735802\n|move|p1a: Breloom|Protect|p1a: Breloom\n|-singleturn|p1a: Breloom|Protect\n|move|p1b: Talonflame|Tailwind|p1b: Talonflame\n|-sidestart|p1: foiledfeline|move: Tailwind\n|move|p2a: Murkrow|Tailwind|p2a: Murkrow\n|-sidestart|p2: MaxYoo|move: Tailwind\n|move|p2b: Gholdengo|Make It Rain|p1b: Talonflame|[spread] p1b\n|-activate|p1a: Breloom|move: Protect\n|-resisted|p1b: Talonflame\n|-damage|p1b: Talonflame|54\/100\n|-unboost|p2b: Gholdengo|spa|1\n|\n|upkeep\n|turn|2\n|\n|t:|1683735830\n|move|p1a: Breloom|Mach Punch|p2a: Murkrow\n|-damage|p2a: Murkrow|70\/100\n|move|p2a: Murkrow|Quash||[still]\n|-fail|p2a: Murkrow\n|move|p1b: Talonflame|Flare Blitz|p2b: Gholdengo\n|-supereffective|p2b: Gholdengo\n|-damage|p2b: Gholdengo|0 fnt\n|faint|p2b: Gholdengo\n|-damage|p1b: Talonflame|13\/100|[from] Recoil\n|-damage|p1b: Talonflame|3\/100|[from] item: Life Orb\n|\n|upkeep\n|\n|t:|1683735843\n|switch|p2b: Chi-Yu|Chi-Yu, L50|100\/100\n|-ability|p2b: Chi-Yu|Beads of Ruin\n|turn|3\n|\n|t:|1683735853\n|move|p2b: Chi-Yu|Protect|p2b: Chi-Yu\n|-singleturn|p2b: Chi-Yu|Protect\n|move|p1a: Breloom|Mach Punch|p2b: Chi-Yu\n|-activate|p2b: Chi-Yu|move: Protect\n|move|p1b: Talonflame|Brave Bird|p2a: Murkrow\n|-damage|p2a: Murkrow|16\/100\n|-damage|p1b: Talonflame|0 fnt|[from] Recoil\n|faint|p1b: Talonflame\n|move|p2a: Murkrow|Foul Play|p1a: Breloom\n|-resisted|p1a: Breloom\n|-damage|p1a: Breloom|56\/100\n|\n|upkeep\n|\n|t:|1683735871\n|switch|p1b: Great Tusk|Great Tusk, L50|100\/100\n|turn|4\n|\n|t:|1683735878\n|-terastallize|p2b: Chi-Yu|Grass\n|move|p1a: Breloom|Mach Punch|p2b: Chi-Yu\n|-damage|p2b: Chi-Yu|52\/100\n|move|p2a: Murkrow|Quash|p1b: Great Tusk\n|-activate|p1b: Great Tusk|move: Quash\n|move|p2b: Chi-Yu|Heat Wave|p1b: Great Tusk|[spread] p1a,p1b\n|-supereffective|p1a: Breloom\n|-damage|p1a: Breloom|0 fnt\n|-damage|p1b: Great Tusk|23\/100\n|-status|p1b: Great Tusk|brn\n|faint|p1a: Breloom\n|move|p1b: Great Tusk|Rock Slide|p2b: Chi-Yu|[spread] p2a,p2b\n|-supereffective|p2a: Murkrow\n|-damage|p2a: Murkrow|0 fnt\n|-damage|p2b: Chi-Yu|36\/100\n|faint|p2a: Murkrow\n|\n|-damage|p1b: Great Tusk|17\/100 brn|[from] brn\n|-sideend|p2: MaxYoo|move: Tailwind\n|-sideend|p1: foiledfeline|move: Tailwind\n|upkeep\n|\n|t:|1683735898\n|switch|p1a: Baxcalibur|Baxcalibur, L50, F|100\/100\n|switch|p2a: Chien-Pao|Chien-Pao, L50|100\/100\n|-ability|p2a: Chien-Pao|Sword of Ruin\n|turn|5\n|\n|t:|1683735915\n|-terastallize|p1a: Baxcalibur|Poison\n|move|p2b: Chi-Yu|Protect|p2b: Chi-Yu\n|-singleturn|p2b: Chi-Yu|Protect\n|move|p2a: Chien-Pao|Sucker Punch|p1b: Great Tusk\n|-resisted|p1b: Great Tusk\n|-damage|p1b: Great Tusk|0 fnt\n|faint|p1b: Great Tusk\n|-end|p1b: Great Tusk|Protosynthesis|[silent]\n|move|p1a: Baxcalibur|Ice Shard|p2b: Chi-Yu\n|-activate|p2b: Chi-Yu|move: Protect\n|\n|upkeep\n|turn|6\n|\n|t:|1683735937\n|move|p2a: Chien-Pao|Ice Spinner|p1a: Baxcalibur\n|-damage|p1a: Baxcalibur|56\/100\n|move|p2b: Chi-Yu|Overheat|p1a: Baxcalibur\n|-crit|p1a: Baxcalibur\n|-damage|p1a: Baxcalibur|0 fnt\n|-unboost|p2b: Chi-Yu|spa|2\n|faint|p1a: Baxcalibur\n|\n|win|MaxYoo\n|raw|foiledfeline's rating: 1308 → 1291<\/strong> (-17 for losing)\n|raw|MaxYoo's rating: 1369 → 1386<\/strong> (+17 for winning)\n","uploadtime":1683735947,"views":8,"p1id":"foiledfeline","p2id":"maxyoo","formatid":"gen9vgc2023regulationc","rating":1291,"private":0,"password":""}