{"id":"gen9vgc2023regulationc-1858422261","p1":"rtjonesy","p2":"poketoy","format":"[Gen 9] VGC 2023 Regulation C","log":"|j|\u2606rtjonesy\n|j|\u2606poketoy\n|t:|1683310822\n|gametype|doubles\n|player|p1|rtjonesy|infielder|1339\n|player|p2|poketoy|169|1384\n|teamsize|p1|6\n|teamsize|p2|6\n|gen|9\n|tier|[Gen 9] VGC 2023 Regulation C\n|rated|\n|rule|Species Clause: Limit one of each Pok\u00e9mon\n|rule|Item Clause: Limit one of each item\n|clearpoke\n|poke|p1|Grimmsnarl, L50, M|\n|poke|p1|Ting-Lu, L50|\n|poke|p1|Annihilape, L50, M|\n|poke|p1|Flutter Mane, L50|\n|poke|p1|Chi-Yu, L50|\n|poke|p1|Arcanine, L50, F|\n|poke|p2|Lilligant, L50, F|\n|poke|p2|Torkoal, L50, F|\n|poke|p2|Flutter Mane, L50|\n|poke|p2|Dragonite, L50, F|\n|poke|p2|Great Tusk, L50|\n|poke|p2|Chien-Pao, L50|\n|teampreview|4\n|inactive|Battle timer is ON: inactive players will automatically lose when time's up. (requested by rtjonesy)\n|\n|t:|1683310844\n|start\n|switch|p1a: Annihilape|Annihilape, L50, M|100\/100\n|switch|p1b: Arcanine|Arcanine, L50, F|100\/100\n|switch|p2a: Torkoal|Torkoal, L50, F, shiny|100\/100\n|switch|p2b: Lilligant|Lilligant, L50, F, shiny|100\/100\n|-ability|p1b: Arcanine|Intimidate|boost\n|-unboost|p2a: Torkoal|atk|1\n|-unboost|p2b: Lilligant|atk|1\n|-weather|SunnyDay|[from] ability: Drought|[of] p2a: Torkoal\n|turn|1\n|inactive|rtjonesy has 30 seconds left.\n|\n|t:|1683310877\n|move|p2b: Lilligant|Protect|p2b: Lilligant\n|-singleturn|p2b: Lilligant|Protect\n|move|p1a: Annihilape|Protect|p1a: Annihilape\n|-singleturn|p1a: Annihilape|Protect\n|move|p2a: Torkoal|Protect|p2a: Torkoal\n|-singleturn|p2a: Torkoal|Protect\n|move|p1b: Arcanine|Snarl|p2a: Torkoal|[spread] \n|-activate|p2a: Torkoal|move: Protect\n|-activate|p2b: Lilligant|move: Protect\n|\n|-weather|SunnyDay|[upkeep]\n|upkeep\n|turn|2\n|\n|t:|1683310899\n|-terastallize|p1a: Annihilape|Fire\n|move|p2b: Lilligant|Sleep Powder|p1a: Annihilape|[miss]\n|-miss|p2b: Lilligant|p1a: Annihilape\n|move|p1b: Arcanine|Snarl|p2a: Torkoal|[spread] p2a,p2b\n|-damage|p2a: Torkoal|89\/100\n|-damage|p2b: Lilligant|88\/100\n|-unboost|p2a: Torkoal|spa|1\n|move|p1a: Annihilape|Bulk Up|p1a: Annihilape\n|-boost|p1a: Annihilape|atk|1\n|-boost|p1a: Annihilape|def|1\n|move|p2a: Torkoal|Earth Power|p1b: Arcanine\n|-supereffective|p1b: Arcanine\n|-damage|p1b: Arcanine|63\/100\n|\n|-weather|SunnyDay|[upkeep]\n|upkeep\n|turn|3\n|\n|t:|1683310924\n|move|p2b: Lilligant|Protect|p2b: Lilligant\n|-singleturn|p2b: Lilligant|Protect\n|move|p1b: Arcanine|Flare Blitz|p2b: Lilligant\n|-activate|p2b: Lilligant|move: Protect\n|move|p1a: Annihilape|Bulk Up|p1a: Annihilape\n|-boost|p1a: Annihilape|atk|1\n|-boost|p1a: Annihilape|def|1\n|move|p2a: Torkoal|Earth Power|p1b: Arcanine\n|-supereffective|p1b: Arcanine\n|-damage|p1b: Arcanine|28\/100\n|\n|-weather|SunnyDay|[upkeep]\n|upkeep\n|turn|4\n|\n|t:|1683310942\n|move|p1a: Annihilape|Protect|p1a: Annihilape\n|-singleturn|p1a: Annihilape|Protect\n|move|p2b: Lilligant|After You|p2a: Torkoal\n|-activate|p2a: Torkoal|move: After You\n|move|p2a: Torkoal|Earth Power|p1b: Arcanine\n|-supereffective|p1b: Arcanine\n|-damage|p1b: Arcanine|0 fnt\n|faint|p1b: Arcanine\n|\n|-weather|SunnyDay|[upkeep]\n|upkeep\n|\n|t:|1683310951\n|switch|p1b: Grimmsnarl|Grimmsnarl, L50, M|100\/100\n|turn|5\n|inactive|rtjonesy has 30 seconds left.\n|inactive|rtjonesy has 20 seconds left.\n|inactive|rtjonesy has 15 seconds left.\n|\n|t:|1683310993\n|move|p1b: Grimmsnarl|Scary Face|p2b: Lilligant\n|-unboost|p2b: Lilligant|spe|2\n|move|p2b: Lilligant|Sleep Powder|p1a: Annihilape\n|-status|p1a: Annihilape|slp|[from] move: Sleep Powder\n|cant|p1a: Annihilape|slp\n|move|p2a: Torkoal|Eruption|p1a: Annihilape|[spread] p1a,p1b\n|-resisted|p1a: Annihilape\n|-damage|p1a: Annihilape|78\/100 slp\n|-damage|p1b: Grimmsnarl|53\/100\n|\n|-weather|none\n|-heal|p1a: Annihilape|84\/100 slp|[from] item: Leftovers\n|upkeep\n|turn|6\n|\n|t:|1683311013\n|switch|p2a: Great Tusk|Great Tusk, L50, shiny|100\/100\n|move|p1b: Grimmsnarl|Light Screen|p1b: Grimmsnarl\n|-sidestart|p1: rtjonesy|move: Light Screen\n|cant|p1a: Annihilape|slp\n|move|p2b: Lilligant|Sleep Powder|p1b: Grimmsnarl\n|-status|p1b: Grimmsnarl|slp|[from] move: Sleep Powder\n|\n|-heal|p1a: Annihilape|90\/100 slp|[from] item: Leftovers\n|upkeep\n|turn|7\n|inactive|poketoy has 30 seconds left.\n|\n|t:|1683311043\n|switch|p2b: Flutter Mane|Flutter Mane, L50, shiny|100\/100\n|move|p2a: Great Tusk|Headlong Rush|p1a: Annihilape\n|-supereffective|p1a: Annihilape\n|-damage|p1a: Annihilape|38\/100 slp\n|-unboost|p2a: Great Tusk|def|1\n|-unboost|p2a: Great Tusk|spd|1\n|-curestatus|p1a: Annihilape|slp|[msg]\n|move|p1a: Annihilape|Drain Punch|p2b: Flutter Mane\n|-immune|p2b: Flutter Mane\n|cant|p1b: Grimmsnarl|slp\n|\n|-heal|p1a: Annihilape|44\/100|[from] item: Leftovers\n|upkeep\n|turn|8\n|\n|t:|1683311065\n|move|p1a: Annihilape|Protect|p1a: Annihilape\n|-singleturn|p1a: Annihilape|Protect\n|move|p2a: Great Tusk|Headlong Rush|p1a: Annihilape\n|-activate|p1a: Annihilape|move: Protect\n|move|p2b: Flutter Mane|Power Gem|p1a: Annihilape\n|-activate|p1a: Annihilape|move: Protect\n|cant|p1b: Grimmsnarl|slp\n|\n|-heal|p1a: Annihilape|50\/100|[from] item: Leftovers\n|upkeep\n|turn|9\n|\n|t:|1683311082\n|move|p1a: Annihilape|Protect|p1a: Annihilape\n|-singleturn|p1a: Annihilape|Protect\n|move|p2a: Great Tusk|Headlong Rush|p1a: Annihilape\n|-activate|p1a: Annihilape|move: Protect\n|move|p2b: Flutter Mane|Power Gem|p1a: Annihilape\n|-activate|p1a: Annihilape|move: Protect\n|cant|p1b: Grimmsnarl|slp\n|\n|-heal|p1a: Annihilape|56\/100|[from] item: Leftovers\n|upkeep\n|turn|10\n|inactive|rtjonesy has 30 seconds left.\n|\n|t:|1683311115\n|-curestatus|p1b: Grimmsnarl|slp|[msg]\n|move|p1b: Grimmsnarl|Scary Face|p2b: Flutter Mane\n|-unboost|p2b: Flutter Mane|spe|2\n|move|p2a: Great Tusk|Headlong Rush|p1a: Annihilape\n|-supereffective|p1a: Annihilape\n|-damage|p1a: Annihilape|8\/100\n|-unboost|p2a: Great Tusk|def|1\n|-unboost|p2a: Great Tusk|spd|1\n|move|p1a: Annihilape|Rage Fist|p2b: Flutter Mane\n|-supereffective|p2b: Flutter Mane\n|-damage|p2b: Flutter Mane|0 fnt\n|faint|p2b: Flutter Mane\n|-end|p2b: Flutter Mane|Protosynthesis|[silent]\n|\n|-heal|p1a: Annihilape|14\/100|[from] item: Leftovers\n|upkeep\n|\n|t:|1683311129\n|switch|p2b: Torkoal|Torkoal, L50, F, shiny|89\/100\n|-weather|SunnyDay|[from] ability: Drought|[of] p2b: Torkoal\n|-activate|p2a: Great Tusk|ability: Protosynthesis\n|-start|p2a: Great Tusk|protosynthesisatk\n|turn|11\n|inactive|rtjonesy has 30 seconds left.\n|\n|t:|1683311154\n|-end|p2a: Great Tusk|Protosynthesis|[silent]\n|switch|p2a: Lilligant|Lilligant, L50, F, shiny|88\/100\n|move|p1a: Annihilape|Protect|p1a: Annihilape\n|-singleturn|p1a: Annihilape|Protect\n|move|p2b: Torkoal|Protect|p2b: Torkoal\n|-singleturn|p2b: Torkoal|Protect\n|move|p1b: Grimmsnarl|Spirit Break|p2a: Lilligant\n|-damage|p2a: Lilligant|38\/100\n|\n|-weather|SunnyDay|[upkeep]\n|-heal|p1a: Annihilape|20\/100|[from] item: Leftovers\n|upkeep\n|turn|12\n|inactive|rtjonesy has 30 seconds left.\n|inactive|rtjonesy has 20 seconds left.\n|\n|t:|1683311190\n|-terastallize|p2b: Torkoal|Fire\n|move|p2a: Lilligant|After You|p2b: Torkoal\n|-activate|p2b: Torkoal|move: After You\n|move|p2b: Torkoal|Eruption|p1a: Annihilape|[spread] p1a,p1b\n|-resisted|p1a: Annihilape\n|-crit|p1b: Grimmsnarl\n|-damage|p1a: Annihilape|0 fnt\n|-damage|p1b: Grimmsnarl|0 fnt\n|faint|p1a: Annihilape\n|faint|p1b: Grimmsnarl\n|\n|-weather|SunnyDay|[upkeep]\n|upkeep\n|\n|t:|1683311200\n|switch|p1b: Flutter Mane|Flutter Mane, L50|100\/100\n|-activate|p1b: Flutter Mane|ability: Protosynthesis\n|-start|p1b: Flutter Mane|protosynthesisspe\n|turn|13\n|\n|t:|1683311216\n|move|p2a: Lilligant|After You|p2b: Torkoal\n|-activate|p2b: Torkoal|move: After You\n|move|p2b: Torkoal|Eruption|p1b: Flutter Mane\n|-damage|p1b: Flutter Mane|17\/100\n|move|p1b: Flutter Mane|Shadow Ball|p2b: Torkoal\n|-damage|p2b: Torkoal|13\/100\n|\n|-weather|SunnyDay|[upkeep]\n|-sideend|p1: rtjonesy|move: Light Screen\n|upkeep\n|turn|14\n|-message|rtjonesy forfeited.\n|\n|win|poketoy\n|raw|rtjonesy's rating: 1339 → 1322<\/strong> (-17 for losing)\n|raw|poketoy's rating: 1384 → 1401<\/strong> (+17 for winning)\n|l|\u2606rtjonesy\n","uploadtime":1683311248,"views":13,"p1id":"rtjonesy","p2id":"poketoy","formatid":"gen9vgc2023regulationc","rating":1322,"private":0,"password":""}