{"id":"gen9vgc2023regulationc-1849464456","p1":"Milk A Rush","p2":"Wasdosaur","format":"[Gen 9] VGC 2023 Regulation C","log":"|j|\u2606Milk A Rush\n|j|\u2606Wasdosaur\n|t:|1682201516\n|gametype|doubles\n|player|p1|Milk A Rush|emma|1277\n|player|p2|Wasdosaur|169|1367\n|teamsize|p1|6\n|teamsize|p2|6\n|gen|9\n|tier|[Gen 9] VGC 2023 Regulation C\n|rated|\n|rule|Species Clause: Limit one of each Pok\u00e9mon\n|rule|Item Clause: Limit one of each item\n|clearpoke\n|poke|p1|Gothitelle, L50, F|\n|poke|p1|Flutter Mane, L50|\n|poke|p1|Tyranitar, L50, F|\n|poke|p1|Corviknight, L50, F|\n|poke|p1|Palafin, L50, F|\n|poke|p1|Amoonguss, L50, F|\n|poke|p2|Baxcalibur, L50, F|\n|poke|p2|Armarouge, L50, M|\n|poke|p2|Indeedee-F, L50, F|\n|poke|p2|Ting-Lu, L50|\n|poke|p2|Talonflame, L50, F|\n|poke|p2|Iron Hands, L50|\n|teampreview|4\n|inactive|Battle timer is ON: inactive players will automatically lose when time's up. (requested by Wasdosaur)\n|j| bupre\nMilk A Rush has agreed to open team sheets.\n|c|\u2606Milk A Rush|cool team ngl\nWasdosaur has agreed to open team sheets.\n|c|\u2606Wasdosaur|Ty\n|inactive|Milk A Rush has 60 seconds left.\n|inactive|Wasdosaur has 60 seconds left.\n|inactive|Milk A Rush has 30 seconds left.\n|\n|t:|1682201579\n|start\n|switch|p1a: Gothitelle|Gothitelle, L50, F|100\/100\n|switch|p1b: Palafin|Palafin, L50, F|100\/100\n|switch|p2a: Iron Hands|Iron Hands, L50|100\/100\n|switch|p2b: Talonflame|Talonflame, L50, F|100\/100\n|turn|1\n|inactive|Milk A Rush has 30 seconds left.\n|\n|t:|1682201612\n|move|p1a: Gothitelle|Fake Out|p2a: Iron Hands\n|-damage|p2a: Iron Hands|97\/100\n|move|p2b: Talonflame|Tailwind|p2b: Talonflame\n|-sidestart|p2: Wasdosaur|move: Tailwind\n|move|p1b: Palafin|Wave Crash|p2b: Talonflame\n|-supereffective|p2b: Talonflame\n|-enditem|p2b: Talonflame|Focus Sash\n|-damage|p2b: Talonflame|1\/100\n|-damage|p1b: Palafin|74\/100|[from] Recoil\n|cant|p2a: Iron Hands|flinch\n|\n|-heal|p2a: Iron Hands|100\/100|[from] item: Leftovers\n|upkeep\n|turn|2\n|inactive|Milk A Rush has 30 seconds left.\n|\n|t:|1682201642\n|detailschange|p1b: Palafin|Palafin-Hero, L50, F\n|switch|p1b: Amoonguss|Amoonguss, L50, F|100\/100\n|move|p2b: Talonflame|Protect|p2b: Talonflame\n|-singleturn|p2b: Talonflame|Protect\n|move|p2a: Iron Hands|Wild Charge|p1b: Amoonguss\n|-resisted|p1b: Amoonguss\n|-damage|p1b: Amoonguss|71\/100\n|-damage|p2a: Iron Hands|94\/100|[from] Recoil\n|move|p1a: Gothitelle|Trick Room|p1a: Gothitelle\n|-fieldstart|move: Trick Room|[of] p1a: Gothitelle\n|\n|-heal|p2a: Iron Hands|99\/100|[from] item: Leftovers\n|upkeep\n|turn|3\n|inactive|Wasdosaur has 30 seconds left.\n|\n|t:|1682201675\n|move|p1b: Amoonguss|Spore|p2a: Iron Hands\n|-status|p2a: Iron Hands|slp|[from] move: Spore\n|move|p1a: Gothitelle|Psychic|p2b: Talonflame\n|-damage|p2b: Talonflame|0 fnt\n|faint|p2b: Talonflame\n|cant|p2a: Iron Hands|slp\n|\n|-heal|p2a: Iron Hands|100\/100 slp|[from] item: Leftovers\n|upkeep\n|\n|t:|1682201688\n|switch|p2b: Ting-Lu|Ting-Lu, L50|100\/100\n|-ability|p2b: Ting-Lu|Vessel of Ruin\n|turn|4\n|inactive|Milk A Rush has 30 seconds left.\n|\n|t:|1682201718\n|move|p1b: Amoonguss|Spore|p2b: Ting-Lu\n|-status|p2b: Ting-Lu|slp|[from] move: Spore\n|move|p1a: Gothitelle|Psychic|p2a: Iron Hands\n|-supereffective|p2a: Iron Hands\n|-damage|p2a: Iron Hands|61\/100 slp\n|cant|p2b: Ting-Lu|slp\n|cant|p2a: Iron Hands|slp\n|\n|-heal|p2a: Iron Hands|67\/100 slp|[from] item: Leftovers\n|-sideend|p2: Wasdosaur|move: Tailwind\n|upkeep\n|turn|5\n|inactive|Milk A Rush has 30 seconds left.\n|inactive|Milk A Rush has 20 seconds left.\n|\n|t:|1682201754\n|-terastallize|p2a: Iron Hands|Steel\n|move|p1b: Amoonguss|Protect|p1b: Amoonguss\n|-singleturn|p1b: Amoonguss|Protect\n|cant|p2b: Ting-Lu|slp\n|-curestatus|p2a: Iron Hands|slp|[msg]\n|move|p2a: Iron Hands|Wild Charge|p1a: Gothitelle\n|-damage|p1a: Gothitelle|56\/100\n|-damage|p2a: Iron Hands|59\/100|[from] Recoil\n|move|p1a: Gothitelle|Psychic|p2a: Iron Hands\n|-resisted|p2a: Iron Hands\n|-damage|p2a: Iron Hands|49\/100\n|-unboost|p2a: Iron Hands|spd|1\n|\n|-heal|p2a: Iron Hands|55\/100|[from] item: Leftovers\n|upkeep\n|turn|6\n|inactive|Milk A Rush has 30 seconds left.\n|\n|t:|1682201780\n|switch|p1a: Palafin|Palafin-Hero, L50, F|74\/100\n|-activate|p1a: Palafin|ability: Zero to Hero\n|cant|p2b: Ting-Lu|slp\n|move|p1b: Amoonguss|Spore|p2a: Iron Hands\n|-status|p2a: Iron Hands|slp|[from] move: Spore\n|cant|p2a: Iron Hands|slp\n|\n|-heal|p2a: Iron Hands|61\/100 slp|[from] item: Leftovers\n|-fieldend|move: Trick Room\n|upkeep\n|turn|7\n|\n|t:|1682201801\n|-terastallize|p1a: Palafin|Water\n|move|p1b: Amoonguss|Rage Powder|p1b: Amoonguss\n|-singleturn|p1b: Amoonguss|move: Rage Powder\n|move|p1a: Palafin|Wave Crash|p2a: Iron Hands\n|-damage|p2a: Iron Hands|0 fnt\n|faint|p2a: Iron Hands\n|-end|p2a: Iron Hands|Quark Drive|[silent]\n|-damage|p1a: Palafin|46\/100|[from] Recoil\n|-curestatus|p2b: Ting-Lu|slp|[msg]\n|move|p2b: Ting-Lu|Stomping Tantrum|p1b: Amoonguss\n|-crit|p1b: Amoonguss\n|-damage|p1b: Amoonguss|0 fnt\n|faint|p1b: Amoonguss\n|\n|upkeep\n|\n|t:|1682201816\n|switch|p2a: Baxcalibur|Baxcalibur, L50, F|100\/100\n|switch|p1b: Gothitelle|Gothitelle, L50, F|56\/100\n|turn|8\n|\n|t:|1682201829\n|move|p1b: Gothitelle|Fake Out|p2a: Baxcalibur\n|-damage|p2a: Baxcalibur|96\/100\n|move|p1a: Palafin|Wave Crash|p2b: Ting-Lu\n|-supereffective|p2b: Ting-Lu\n|-damage|p2b: Ting-Lu|0 fnt\n|faint|p2b: Ting-Lu\n|-damage|p1a: Palafin|0 fnt|[from] Recoil\n|faint|p1a: Palafin\n|cant|p2a: Baxcalibur|flinch\n|\n|upkeep\n|\n|t:|1682201835\n|switch|p1a: Tyranitar|Tyranitar, L50, F|100\/100\n|-weather|Sandstorm|[from] ability: Sand Stream|[of] p1a: Tyranitar\n|turn|9\n|\n|t:|1682201843\n|move|p2a: Baxcalibur|Swords Dance|p2a: Baxcalibur\n|-boost|p2a: Baxcalibur|atk|2\n|move|p1b: Gothitelle|Psychic|p2a: Baxcalibur\n|-damage|p2a: Baxcalibur|72\/100\n|move|p1a: Tyranitar|Low Kick|p2a: Baxcalibur\n|-supereffective|p2a: Baxcalibur\n|-damage|p2a: Baxcalibur|0 fnt\n|faint|p2a: Baxcalibur\n|\n|win|Milk A Rush\n|raw|Milk A Rush's rating: 1277 → 1308<\/strong> (+31 for winning)\n|raw|Wasdosaur's rating: 1367 → 1342<\/strong> (-25 for losing)\n|c|\u2606Milk A Rush|gg\n","uploadtime":1682201850,"views":3,"p1id":"milkarush","p2id":"wasdosaur","formatid":"gen9vgc2023regulationc","rating":1308,"private":0,"password":""}