{"id":"gen9vgc2023regulationc-1849870603","p1":"vtkrrishblaze","p2":"iris_firedragonQ","format":"[Gen 9] VGC 2023 Regulation C","log":"|j|\u2606vtkrrishblaze\n|j|\u2606iris_firedragonQ\n|t:|1682262800\n|gametype|doubles\n|player|p1|vtkrrishblaze|lucas|\n|player|p2|iris_firedragonQ|iris-gen5bw2|\n|teamsize|p1|6\n|teamsize|p2|6\n|gen|9\n|tier|[Gen 9] VGC 2023 Regulation C\n|rated|Tournament battle\n|rule|Species Clause: Limit one of each Pok\u00e9mon\n|rule|Item Clause: Limit one of each item\n|clearpoke\n|poke|p1|Armarouge, L50, F|\n|poke|p1|Indeedee-F, L50, F|\n|poke|p1|Gothitelle, L50, M|\n|poke|p1|Torkoal, L50, F|\n|poke|p1|Ceruledge, L50, M|\n|poke|p1|Slither Wing, L50|\n|poke|p2|Chi-Yu, L50|\n|poke|p2|Iron Bundle, L50|\n|poke|p2|Palafin, L50, M|\n|poke|p2|Tauros-Paldea-Blaze, L50, M|\n|poke|p2|Glimmora, L50, F|\n|poke|p2|Amoonguss, L50, M|\n|teampreview|4\n|inactive|Battle timer is ON: inactive players will automatically lose when time's up. (requested by vtkrrishblaze)\n|j| Kiyonamivgc\niris_firedragonQ has agreed to open team sheets.\n|j| DarkZPichuZ\nvtkrrishblaze has agreed to open team sheets.\n|inactive|iris_firedragonQ has 60 seconds left.\n|inactive|vtkrrishblaze has 60 seconds left.\n|inactive|iris_firedragonQ has 30 seconds left.\n|\n|t:|1682262862\n|start\n|switch|p1a: Indeedee|Indeedee-F, L50, F|100\/100\n|switch|p1b: Armarouge|Armarouge, L50, F|100\/100\n|switch|p2a: Glimmora|Glimmora, L50, F, shiny|100\/100\n|switch|p2b: Chi-Yu|Chi-Yu, L50|100\/100\n|-ability|p2b: Chi-Yu|Beads of Ruin\n|-fieldstart|move: Psychic Terrain|[from] ability: Psychic Surge|[of] p1a: Indeedee\n|turn|1\n|inactive|vtkrrishblaze has 30 seconds left.\n|inactive|vtkrrishblaze has 20 seconds left.\n|inactive|vtkrrishblaze has 15 seconds left.\n|\n|t:|1682262903\n|move|p1a: Indeedee|Follow Me|p1a: Indeedee\n|-singleturn|p1a: Indeedee|move: Follow Me\n|move|p2b: Chi-Yu|Dark Pulse|p1a: Indeedee\n|-supereffective|p1a: Indeedee\n|-enditem|p1a: Indeedee|Focus Sash\n|-damage|p1a: Indeedee|1\/100\n|move|p2a: Glimmora|Sludge Bomb|p1a: Indeedee\n|-damage|p1a: Indeedee|0 fnt\n|faint|p1a: Indeedee\n|move|p1b: Armarouge|Trick Room|p1b: Armarouge\n|-fieldstart|move: Trick Room|[of] p1b: Armarouge\n|\n|upkeep\n|j| Somerandoguylol\n|j| blackspearow\n|\n|t:|1682262916\n|switch|p1a: Torkoal|Torkoal, L50, F|100\/100\n|-weather|SunnyDay|[from] ability: Drought|[of] p1a: Torkoal\n|-item|p1a: Torkoal|Air Balloon\n|turn|2\n|inactive|vtkrrishblaze has 30 seconds left.\n|inactive|iris_firedragonQ has 30 seconds left.\n|inactive|vtkrrishblaze has 20 seconds left.\n|inactive|iris_firedragonQ has 20 seconds left.\n|inactive|iris_firedragonQ has 15 seconds left.\n|inactive|iris_firedragonQ has 10 seconds left.\n|\n|t:|1682262965\n|-terastallize|p1a: Torkoal|Fire\n|move|p2a: Glimmora|Spiky Shield|p2a: Glimmora\n|-singleturn|p2a: Glimmora|move: Protect\n|move|p2b: Chi-Yu|Protect|p2b: Chi-Yu\n|-singleturn|p2b: Chi-Yu|Protect\n|move|p1a: Torkoal|Eruption|p2a: Glimmora|[spread] \n|-activate|p2a: Glimmora|move: Protect\n|-activate|p2b: Chi-Yu|move: Protect\n|move|p1b: Armarouge|Expanding Force|p2a: Glimmora|[spread] \n|-activate|p2a: Glimmora|move: Protect\n|-activate|p2b: Chi-Yu|move: Protect\n|\n|-weather|SunnyDay|[upkeep]\n|upkeep\n|turn|3\n|\n|t:|1682262977\n|move|p1a: Torkoal|Eruption|p2a: Glimmora|[spread] p2a,p2b\n|-resisted|p2a: Glimmora\n|-resisted|p2b: Chi-Yu\n|-damage|p2a: Glimmora|12\/100\n|-damage|p2b: Chi-Yu|46\/100\n|move|p1b: Armarouge|Expanding Force|p2b: Chi-Yu|[spread] p2a\n|-immune|p2b: Chi-Yu\n|-supereffective|p2a: Glimmora\n|-damage|p2a: Glimmora|0 fnt\n|faint|p2a: Glimmora\n|move|p2b: Chi-Yu|Dark Pulse|p1b: Armarouge\n|-supereffective|p1b: Armarouge\n|-damage|p1b: Armarouge|0 fnt\n|faint|p1b: Armarouge\n|\n|-weather|SunnyDay|[upkeep]\n|upkeep\n|\n|t:|1682262992\n|switch|p1b: Slither Wing|Slither Wing, L50|100\/100\n|switch|p2a: Amoonguss|Amoonguss, L50, M|100\/100\n|-activate|p1b: Slither Wing|ability: Protosynthesis\n|-start|p1b: Slither Wing|protosynthesisatk\n|turn|4\n|c|\u2606iris_firedragonQ|crap i have the wrong tera type\n|inactive|iris_firedragonQ has 30 seconds left.\n|\n|t:|1682263022\n|move|p2a: Amoonguss|Protect|p2a: Amoonguss\n|-singleturn|p2a: Amoonguss|Protect\n|move|p2b: Chi-Yu|Protect|p2b: Chi-Yu\n|-singleturn|p2b: Chi-Yu|Protect\n|move|p1a: Torkoal|Eruption|p2b: Chi-Yu|[spread] \n|-activate|p2a: Amoonguss|move: Protect\n|-activate|p2b: Chi-Yu|move: Protect\n|move|p1b: Slither Wing|Earthquake|p2b: Chi-Yu|[spread] \n|-activate|p2a: Amoonguss|move: Protect\n|-activate|p2b: Chi-Yu|move: Protect\n|-immune|p1a: Torkoal\n|\n|-weather|SunnyDay|[upkeep]\n|upkeep\n|turn|5\n|inactive|iris_firedragonQ has 30 seconds left.\n|j| minionbanana57\n|inactive|iris_firedragonQ has 20 seconds left.\n|l| DarkZPichuZ\n|inactive|iris_firedragonQ has 15 seconds left.\n|inactive|iris_firedragonQ has 10 seconds left.\n|\n|t:|1682263068\n|switch|p2b: Tauros|Tauros-Paldea-Blaze, L50, M|100\/100\n|-ability|p2b: Tauros|Intimidate|boost\n|-unboost|p1a: Torkoal|atk|1\n|-unboost|p1b: Slither Wing|atk|1\n|move|p2a: Amoonguss|Protect||[still]\n|-fail|p2a: Amoonguss\n|move|p1a: Torkoal|Eruption|p2b: Tauros|[spread] p2a,p2b\n|-supereffective|p2a: Amoonguss\n|-resisted|p2b: Tauros\n|-damage|p2a: Amoonguss|0 fnt\n|-damage|p2b: Tauros|31\/100\n|faint|p2a: Amoonguss\n|move|p1b: Slither Wing|Leech Life|p2b: Tauros\n|-resisted|p2b: Tauros\n|-damage|p2b: Tauros|19\/100\n|\n|-weather|SunnyDay|[upkeep]\n|-fieldend|move: Trick Room\n|-fieldend|move: Psychic Terrain\n|upkeep\n|\n|t:|1682263080\n|switch|p2a: Chi-Yu|Chi-Yu, L50|46\/100\n|-ability|p2a: Chi-Yu|Beads of Ruin\n|turn|6\n|\n|t:|1682263089\n|move|p2a: Chi-Yu|Heat Wave|p1a: Torkoal|[spread] p1a,p1b\n|-resisted|p1a: Torkoal\n|-supereffective|p1b: Slither Wing\n|-damage|p1a: Torkoal|47\/100\n|-damage|p1b: Slither Wing|0 fnt\n|-enditem|p1a: Torkoal|Air Balloon\n|faint|p1b: Slither Wing\n|-end|p1b: Slither Wing|Protosynthesis|[silent]\n|move|p2b: Tauros|Close Combat|p1a: Torkoal\n|-damage|p1a: Torkoal|0 fnt\n|-unboost|p2b: Tauros|def|1\n|-unboost|p2b: Tauros|spd|1\n|faint|p1a: Torkoal\n|\n|win|iris_firedragonQ\n|n|\u2606vtkrrishblaze|vtkrrishblaze\n|n|\u2606iris_firedragonQ|irisfiredragonq\n|n| Kiyonamivgc|kiyonamivgc\n|n| Somerandoguylol|somerandoguylol\n|n| blackspearow|blackspearow\n|n| minionbanana57|minionbanana57\n","uploadtime":1682263091,"views":8,"p1id":"vtkrrishblaze","p2id":"irisfiredragonq","formatid":"gen9vgc2023regulationc","rating":0,"private":0,"password":""}