{"id":"gen9vgc2023regulationc-1861456644","p1":"Tickz","p2":"Nejisuke","format":"[Gen 9] VGC 2023 Regulation C","log":"|j|\u2606Tickz\n|j|\u2606Nejisuke\n|t:|1683760132\n|gametype|doubles\n|player|p1|Tickz|101|1068\n|player|p2|Nejisuke|2|1024\n|teamsize|p1|6\n|teamsize|p2|6\n|gen|9\n|tier|[Gen 9] VGC 2023 Regulation C\n|rated|\n|rule|Species Clause: Limit one of each Pok\u00e9mon\n|rule|Item Clause: Limit one of each item\n|clearpoke\n|poke|p1|Talonflame, L50, M|\n|poke|p1|Great Tusk, L50|\n|poke|p1|Arcanine, L50, M|\n|poke|p1|Flutter Mane, L50|\n|poke|p1|Iron Bundle, L50|\n|poke|p1|Chien-Pao, L50|\n|poke|p2|Arcanine, L50, F|\n|poke|p2|Gothitelle, L50, M|\n|poke|p2|Ting-Lu, L50|\n|poke|p2|Wo-Chien, L50|\n|poke|p2|Gyarados, L50, F|\n|poke|p2|Blissey, L50, F|\n|teampreview|4\n|inactive|Battle timer is ON: inactive players will automatically lose when time's up. (requested by Tickz)\n|inactive|Nejisuke has 60 seconds left.\n|\n|t:|1683760168\n|start\n|switch|p1a: Talonflame|Talonflame, L50, M|100\/100\n|switch|p1b: Great Tusk|Great Tusk, L50|100\/100\n|switch|p2a: Gothitelle|Gothitelle, L50, M|100\/100\n|switch|p2b: Gyarados|Gyarados, L50, F|100\/100\n|-ability|p2b: Gyarados|Intimidate|boost\n|-unboost|p1a: Talonflame|atk|1\n|-unboost|p1b: Great Tusk|atk|1\n|turn|1\n|\n|t:|1683760189\n|-terastallize|p1b: Great Tusk|Steel\n|move|p1a: Talonflame|Will-O-Wisp|p2b: Gyarados\n|-status|p2b: Gyarados|brn\n|move|p2b: Gyarados|Chilling Water|p1b: Great Tusk\n|-damage|p1b: Great Tusk|90\/100\n|-unboost|p1b: Great Tusk|atk|1\n|move|p1b: Great Tusk|Rock Slide|p2a: Gothitelle|[spread] p2a,p2b\n|-supereffective|p2b: Gyarados\n|-damage|p2a: Gothitelle|90\/100\n|-damage|p2b: Gyarados|79\/100 brn\n|-enditem|p2b: Gyarados|Eject Button\n|\n|t:|1683760200\n|switch|p2b: Wo-Chien|Wo-Chien, L50|100\/100\n|-ability|p2b: Wo-Chien|Tablets of Ruin\n|move|p2a: Gothitelle|Calm Mind|p2a: Gothitelle\n|-boost|p2a: Gothitelle|spa|1\n|-boost|p2a: Gothitelle|spd|1\n|\n|upkeep\n|turn|2\n|\n|t:|1683760216\n|move|p2b: Wo-Chien|Protect|p2b: Wo-Chien\n|-singleturn|p2b: Wo-Chien|Protect\n|move|p1a: Talonflame|Taunt|p2a: Gothitelle\n|-start|p2a: Gothitelle|move: Taunt\n|move|p1b: Great Tusk|Close Combat|p2b: Wo-Chien\n|-activate|p2b: Wo-Chien|move: Protect\n|cant|p2a: Gothitelle|move: Taunt|Calm Mind\n|\n|upkeep\n|turn|3\n|\n|t:|1683760237\n|move|p1a: Talonflame|Will-O-Wisp|p2a: Gothitelle|[miss]\n|-miss|p1a: Talonflame|p2a: Gothitelle\n|move|p1b: Great Tusk|Iron Head|p2a: Gothitelle\n|-damage|p2a: Gothitelle|72\/100\n|move|p2b: Wo-Chien|Leech Seed|p1a: Talonflame\n|-start|p1a: Talonflame|move: Leech Seed\n|move|p2a: Gothitelle|Psychic|p1a: Talonflame\n|-damage|p1a: Talonflame|19\/100\n|\n|-damage|p1a: Talonflame|6\/100|[from] Leech Seed|[of] p2b: Wo-Chien\n|upkeep\n|turn|4\n|\n|t:|1683760256\n|move|p1a: Talonflame|Will-O-Wisp|p2b: Wo-Chien\n|-status|p2b: Wo-Chien|brn\n|move|p1b: Great Tusk|Iron Head|p2a: Gothitelle\n|-damage|p2a: Gothitelle|51\/100\n|move|p2b: Wo-Chien|Pollen Puff|p2a: Gothitelle\n|-heal|p2a: Gothitelle|100\/100\n|cant|p2a: Gothitelle|flinch\n|\n|-damage|p1a: Talonflame|0 fnt|[from] Leech Seed|[of] p2b: Wo-Chien\n|faint|p1a: Talonflame\n|-damage|p2b: Wo-Chien|94\/100 brn|[from] brn\n|-end|p2a: Gothitelle|move: Taunt\n|upkeep\n|\n|t:|1683760268\n|switch|p1a: Iron Bundle|Iron Bundle, L50|100\/100\n|-enditem|p1a: Iron Bundle|Booster Energy\n|-activate|p1a: Iron Bundle|ability: Quark Drive|[fromitem]\n|-start|p1a: Iron Bundle|quarkdrivespe\n|turn|5\n|\n|t:|1683760282\n|move|p1a: Iron Bundle|Freeze-Dry|p2b: Wo-Chien\n|-supereffective|p2b: Wo-Chien\n|-damage|p2b: Wo-Chien|41\/100 brn\n|move|p1b: Great Tusk|Iron Head|p2a: Gothitelle\n|-damage|p2a: Gothitelle|84\/100\n|move|p2b: Wo-Chien|Pollen Puff|p2a: Gothitelle\n|-heal|p2a: Gothitelle|100\/100\n|move|p2a: Gothitelle|Calm Mind|p2a: Gothitelle\n|-boost|p2a: Gothitelle|spa|1\n|-boost|p2a: Gothitelle|spd|1\n|\n|-damage|p2b: Wo-Chien|35\/100 brn|[from] brn\n|upkeep\n|turn|6\n|\n|t:|1683760301\n|switch|p2b: Gyarados|Gyarados, L50, F|79\/100 brn\n|-ability|p2b: Gyarados|Intimidate|boost\n|-unboost|p1a: Iron Bundle|atk|1\n|-unboost|p1b: Great Tusk|atk|1\n|move|p1a: Iron Bundle|Freeze-Dry|p2b: Gyarados\n|-supereffective|p2b: Gyarados\n|-damage|p2b: Gyarados|0 fnt\n|faint|p2b: Gyarados\n|move|p1b: Great Tusk|Rock Slide|p2a: Gothitelle\n|-crit|p2a: Gothitelle\n|-damage|p2a: Gothitelle|58\/100\n|move|p2a: Gothitelle|Calm Mind|p2a: Gothitelle\n|-boost|p2a: Gothitelle|spa|1\n|-boost|p2a: Gothitelle|spd|1\n|\n|upkeep\n|\n|t:|1683760314\n|switch|p2b: Blissey|Blissey, L50, F|100\/100\n|turn|7\n|\n|t:|1683760336\n|move|p1a: Iron Bundle|Freeze-Dry|p2a: Gothitelle\n|-damage|p2a: Gothitelle|45\/100\n|-status|p2a: Gothitelle|frz\n|move|p1b: Great Tusk|Rock Slide|p2a: Gothitelle|[spread] p2a,p2b\n|-damage|p2a: Gothitelle|35\/100 frz\n|-damage|p2b: Blissey|93\/100\n|-curestatus|p2a: Gothitelle|frz|[msg]\n|move|p2a: Gothitelle|Calm Mind|p2a: Gothitelle\n|-boost|p2a: Gothitelle|spa|1\n|-boost|p2a: Gothitelle|spd|1\n|cant|p2b: Blissey|flinch\n|\n|-heal|p2b: Blissey|99\/100|[from] item: Leftovers\n|upkeep\n|turn|8\n|inactive|Nejisuke has 30 seconds left.\n|\n|t:|1683760363\n|move|p1a: Iron Bundle|Protect|p1a: Iron Bundle\n|-singleturn|p1a: Iron Bundle|Protect\n|move|p1b: Great Tusk|Earthquake|p2a: Gothitelle|[spread] p2a,p2b\n|-activate|p1a: Iron Bundle|move: Protect\n|-damage|p2a: Gothitelle|16\/100\n|-damage|p2b: Blissey|83\/100\n|move|p2a: Gothitelle|Rest|p2a: Gothitelle\n|-status|p2a: Gothitelle|slp|[from] move: Rest\n|-heal|p2a: Gothitelle|100\/100 slp|[silent]\n|-enditem|p2a: Gothitelle|Chesto Berry|[eat]\n|-curestatus|p2a: Gothitelle|slp|[msg]\n|move|p2b: Blissey|Seismic Toss|p1b: Great Tusk\n|-damage|p1b: Great Tusk|63\/100\n|\n|-heal|p2b: Blissey|89\/100|[from] item: Leftovers\n|upkeep\n|turn|9\n|\n|t:|1683760386\n|move|p1a: Iron Bundle|Freeze-Dry|p2a: Gothitelle\n|-damage|p2a: Gothitelle|89\/100\n|-status|p2a: Gothitelle|frz\n|move|p1b: Great Tusk|Iron Head|p2a: Gothitelle\n|-damage|p2a: Gothitelle|68\/100 frz\n|-curestatus|p2a: Gothitelle|frz|[msg]\n|move|p2a: Gothitelle|Calm Mind|p2a: Gothitelle\n|-boost|p2a: Gothitelle|spa|1\n|-boost|p2a: Gothitelle|spd|1\n|move|p2b: Blissey|Life Dew|p2b: Blissey|[spread] p2a,p2b\n|-heal|p2a: Gothitelle|93\/100\n|-heal|p2b: Blissey|100\/100\n|\n|upkeep\n|turn|10\n|\n|t:|1683760407\n|move|p1a: Iron Bundle|Freeze-Dry|p2b: Blissey\n|-damage|p2b: Blissey|87\/100\n|move|p1b: Great Tusk|Iron Head|p2a: Gothitelle\n|-damage|p2a: Gothitelle|73\/100\n|move|p2a: Gothitelle|Calm Mind|p2a: Gothitelle\n|-boost|p2a: Gothitelle|spa|1\n|-boost|p2a: Gothitelle|spd|1\n|move|p2b: Blissey|Life Dew|p2b: Blissey|[spread] p2a,p2b\n|-heal|p2a: Gothitelle|98\/100\n|-heal|p2b: Blissey|100\/100\n|\n|upkeep\n|turn|11\n|\n|t:|1683760431\n|move|p1a: Iron Bundle|Hydro Pump|p2b: Blissey\n|-damage|p2b: Blissey|79\/100\n|move|p1b: Great Tusk|Close Combat|p2a: Gothitelle\n|-resisted|p2a: Gothitelle\n|-damage|p2a: Gothitelle|83\/100\n|-unboost|p1b: Great Tusk|def|1\n|-unboost|p1b: Great Tusk|spd|1\n|move|p2a: Gothitelle|Focus Blast|p1b: Great Tusk|[miss]\n|-miss|p2a: Gothitelle|p1b: Great Tusk\n|move|p2b: Blissey|Life Dew|p2b: Blissey|[spread] p2a,p2b\n|-heal|p2a: Gothitelle|100\/100\n|-heal|p2b: Blissey|100\/100\n|\n|upkeep\n|turn|12\n|\n|t:|1683760448\n|move|p1a: Iron Bundle|Icy Wind|p2b: Blissey|[spread] p2a,p2b\n|-damage|p2a: Gothitelle|97\/100\n|-damage|p2b: Blissey|93\/100\n|-unboost|p2a: Gothitelle|spe|1\n|-unboost|p2b: Blissey|spe|1\n|move|p1b: Great Tusk|Rock Slide|p2a: Gothitelle|[spread] p2a\n|-miss|p1b: Great Tusk|p2b: Blissey\n|-damage|p2a: Gothitelle|88\/100\n|move|p2a: Gothitelle|Focus Blast|p1b: Great Tusk\n|-supereffective|p1b: Great Tusk\n|-damage|p1b: Great Tusk|0 fnt\n|faint|p1b: Great Tusk\n|-end|p1b: Great Tusk|Protosynthesis|[silent]\n|move|p2b: Blissey|Life Dew|p2b: Blissey|[spread] p2a,p2b\n|-heal|p2a: Gothitelle|100\/100\n|-heal|p2b: Blissey|100\/100\n|\n|upkeep\n|\n|t:|1683760459\n|switch|p1b: Arcanine|Arcanine, L50, M, shiny|100\/100\n|-ability|p1b: Arcanine|Intimidate|boost\n|-unboost|p2a: Gothitelle|atk|1\n|-unboost|p2b: Blissey|atk|1\n|turn|13\n|\n|t:|1683760481\n|move|p1a: Iron Bundle|Hydro Pump|p2a: Gothitelle\n|-damage|p2a: Gothitelle|88\/100\n|move|p1b: Arcanine|Flare Blitz|p2a: Gothitelle\n|-damage|p2a: Gothitelle|36\/100\n|-damage|p1b: Arcanine|85\/100|[from] Recoil\n|move|p2a: Gothitelle|Psychic|p1b: Arcanine\n|-damage|p1b: Arcanine|0 fnt\n|faint|p1b: Arcanine\n|move|p2b: Blissey|Life Dew||[still]|[spread] p2a,p2b\n|-heal|p2a: Gothitelle|60\/100\n|-fail|p2b: Blissey|heal\n|\n|upkeep\n|turn|14\n|c|\u2606Tickz|zzz\n|\n|t:|1683760501\n|move|p1a: Iron Bundle|Hydro Pump|p2a: Gothitelle\n|-damage|p2a: Gothitelle|47\/100\n|move|p2a: Gothitelle|Psychic|p1a: Iron Bundle\n|-damage|p1a: Iron Bundle|0 fnt\n|faint|p1a: Iron Bundle\n|-end|p1a: Iron Bundle|Quark Drive|[silent]\n|\n|win|Nejisuke\n|raw|Tickz's rating: 1068 → 1045<\/strong> (-23 for losing)\n|raw|Nejisuke's rating: 1024 → 1065<\/strong> (+41 for winning)\n|l|\u2606Tickz\n","uploadtime":1683760557,"views":10,"p1id":"tickz","p2id":"nejisuke","formatid":"gen9vgc2023regulationc","rating":1045,"private":0,"password":""}