{"id":"gen9vgc2023regulationc-1846049176","p1":"Mortipherus","p2":"SnazzlepopMcGee","format":"[Gen 9] VGC 2023 Regulation C","log":"|j|\u2606Mortipherus\n|j|\u2606SnazzlepopMcGee\n|t:|1681797564\n|gametype|doubles\n|player|p1|Mortipherus|hooligans|1336\n|player|p2|SnazzlepopMcGee|brycenman|1311\n|teamsize|p1|6\n|teamsize|p2|6\n|gen|9\n|tier|[Gen 9] VGC 2023 Regulation C\n|rated|\n|rule|Species Clause: Limit one of each Pok\u00e9mon\n|rule|Item Clause: Limit one of each item\n|clearpoke\n|poke|p1|Cetitan, L50, M|\n|poke|p1|Corviknight, L50, M|\n|poke|p1|Volcarona, L50, M|\n|poke|p1|Ting-Lu, L50|\n|poke|p1|Tauros-Paldea-Aqua, L50, M|\n|poke|p1|Amoonguss, L50, M|\n|poke|p2|Heracross, L50, F|\n|poke|p2|Glimmora, L50, F|\n|poke|p2|Talonflame, L50, F|\n|poke|p2|Gyarados, L50, M|\n|poke|p2|Flutter Mane, L50|\n|poke|p2|Ting-Lu, L50|\n|teampreview|4\n|inactive|Battle timer is ON: inactive players will automatically lose when time's up. (requested by Mortipherus)\n|inactive|SnazzlepopMcGee has 60 seconds left.\n|\n|t:|1681797631\n|start\n|switch|p1a: Cetitan|Cetitan, L50, M, shiny|100\/100\n|switch|p1b: Corviknight|Corviknight, L50, M, shiny|100\/100\n|switch|p2a: Talonflame|Talonflame, L50, F|100\/100\n|switch|p2b: Gyarados|Gyarados, L50, M|100\/100\n|-ability|p2b: Gyarados|Intimidate|boost\n|-unboost|p1a: Cetitan|atk|1\n|-ability|p1b: Corviknight|Mirror Armor\n|-unboost|p2b: Gyarados|atk|1\n|turn|1\n|inactive|Mortipherus has 30 seconds left.\n|inactive|SnazzlepopMcGee has 30 seconds left.\n|inactive|Mortipherus has 20 seconds left.\n|inactive|SnazzlepopMcGee has 20 seconds left.\n|\n|t:|1681797670\n|-terastallize|p1a: Cetitan|Water\n|move|p2a: Talonflame|Tailwind|p2a: Talonflame\n|-sidestart|p2: SnazzlepopMcGee|move: Tailwind\n|move|p2b: Gyarados|Thunder Wave|p1b: Corviknight\n|-status|p1b: Corviknight|par\n|move|p1a: Cetitan|Liquidation|p2a: Talonflame\n|-supereffective|p2a: Talonflame\n|-damage|p2a: Talonflame|0 fnt\n|faint|p2a: Talonflame\n|move|p1b: Corviknight|Tailwind|p1b: Corviknight\n|-sidestart|p1: Mortipherus|move: Tailwind\n|\n|upkeep\n|\n|t:|1681797684\n|switch|p2a: Flutter Mane|Flutter Mane, L50|100\/100\n|turn|2\n|\n|t:|1681797694\n|move|p2a: Flutter Mane|Protect|p2a: Flutter Mane\n|-singleturn|p2a: Flutter Mane|Protect\n|move|p2b: Gyarados|Thunder Wave|p1a: Cetitan\n|-status|p1a: Cetitan|par\n|cant|p1b: Corviknight|par\n|cant|p1a: Cetitan|par\n|\n|upkeep\n|turn|3\n|\n|t:|1681797710\n|move|p2b: Gyarados|Helping Hand|p2a: Flutter Mane\n|-singleturn|p2a: Flutter Mane|Helping Hand|[of] p2b: Gyarados\n|move|p2a: Flutter Mane|Hex|p1b: Corviknight\n|-damage|p1b: Corviknight|0 fnt\n|faint|p1b: Corviknight\n|move|p1a: Cetitan|Liquidation|p2a: Flutter Mane\n|-enditem|p2a: Flutter Mane|Focus Sash\n|-damage|p2a: Flutter Mane|1\/100\n|\n|upkeep\n|\n|t:|1681797725\n|switch|p1b: Amoonguss|Amoonguss, L50, M|100\/100\n|turn|4\n|\n|t:|1681797732\n|move|p2a: Flutter Mane|Protect|p2a: Flutter Mane\n|-singleturn|p2a: Flutter Mane|Protect\n|move|p1b: Amoonguss|Rage Powder|p1b: Amoonguss\n|-singleturn|p1b: Amoonguss|move: Rage Powder\n|move|p2b: Gyarados|Thunder Wave|p1b: Amoonguss\n|-status|p1b: Amoonguss|par\n|move|p1a: Cetitan|Liquidation|p2a: Flutter Mane\n|-activate|p2a: Flutter Mane|move: Protect\n|\n|-sideend|p2: SnazzlepopMcGee|move: Tailwind\n|-sideend|p1: Mortipherus|move: Tailwind\n|upkeep\n|turn|5\n|inactive|SnazzlepopMcGee has 30 seconds left.\n|\n|t:|1681797762\n|switch|p2b: Heracross|Heracross, L50, F, shiny|100\/100\n|move|p1b: Amoonguss|Rage Powder|p1b: Amoonguss\n|-singleturn|p1b: Amoonguss|move: Rage Powder\n|move|p2a: Flutter Mane|Hex|p1b: Amoonguss\n|-damage|p1b: Amoonguss|43\/100 par\n|-enditem|p1b: Amoonguss|Sitrus Berry|[eat]\n|-heal|p1b: Amoonguss|68\/100 par|[from] item: Sitrus Berry\n|move|p1a: Cetitan|Liquidation|p2a: Flutter Mane\n|-damage|p2a: Flutter Mane|0 fnt\n|faint|p2a: Flutter Mane\n|-end|p2a: Flutter Mane|Protosynthesis|[silent]\n|\n|upkeep\n|\n|t:|1681797770\n|switch|p2a: Gyarados|Gyarados, L50, M|100\/100\n|-ability|p2a: Gyarados|Intimidate|boost\n|-unboost|p1a: Cetitan|atk|1\n|-unboost|p1b: Amoonguss|atk|1\n|turn|6\n|\n|t:|1681797784\n|switch|p1a: Tauros|Tauros-Paldea-Aqua, L50, M|100\/100\n|-ability|p1a: Tauros|Intimidate|boost\n|-unboost|p2a: Gyarados|atk|1\n|-unboost|p2b: Heracross|atk|1\n|move|p2a: Gyarados|Helping Hand|p2b: Heracross\n|-singleturn|p2b: Heracross|Helping Hand|[of] p2a: Gyarados\n|move|p2b: Heracross|Pin Missile|p1b: Amoonguss\n|-damage|p1b: Amoonguss|56\/100 par\n|-damage|p1b: Amoonguss|45\/100 par\n|-damage|p1b: Amoonguss|34\/100 par\n|-damage|p1b: Amoonguss|22\/100 par\n|-hitcount|p1b: Amoonguss|4\n|move|p1b: Amoonguss|Spore|p2a: Gyarados\n|-activate|p2a: Gyarados|item: Safety Goggles|Spore\n|\n|upkeep\n|turn|7\n|inactive|Mortipherus has 30 seconds left.\n|\n|t:|1681797813\n|move|p2a: Gyarados|Thunder Wave|p1a: Tauros\n|-status|p1a: Tauros|par\n|move|p2b: Heracross|Pin Missile|p1b: Amoonguss\n|-damage|p1b: Amoonguss|15\/100 par\n|-damage|p1b: Amoonguss|7\/100 par\n|-damage|p1b: Amoonguss|0 fnt\n|faint|p1b: Amoonguss\n|-ability|p2b: Heracross|Moxie|boost\n|-boost|p2b: Heracross|atk|1\n|-hitcount|p1: Amoonguss|3\n|move|p1a: Tauros|Raging Bull|p2b: Heracross\n|-damage|p2b: Heracross|44\/100\n|\n|upkeep\n|\n|t:|1681797819\n|switch|p1b: Cetitan|Cetitan, L50, M, shiny, tera:Water|100\/100 par\n|turn|8\n|\n|t:|1681797841\n|move|p2b: Heracross|Protect|p2b: Heracross\n|-singleturn|p2b: Heracross|Protect\n|move|p2a: Gyarados|Waterfall|p1b: Cetitan\n|-resisted|p1b: Cetitan\n|-damage|p1b: Cetitan|89\/100 par\n|move|p1a: Tauros|Raging Bull|p2b: Heracross\n|-activate|p2b: Heracross|move: Protect\n|move|p1b: Cetitan|Play Rough|p2b: Heracross\n|-activate|p2b: Heracross|move: Protect\n|\n|upkeep\n|turn|9\n|\n|t:|1681797862\n|move|p2a: Gyarados|Helping Hand|p2b: Heracross\n|-singleturn|p2b: Heracross|Helping Hand|[of] p2a: Gyarados\n|move|p2b: Heracross|Close Combat|p1a: Tauros\n|-damage|p1a: Tauros|0 fnt\n|-unboost|p2b: Heracross|def|1\n|-unboost|p2b: Heracross|spd|1\n|faint|p1a: Tauros\n|-ability|p2b: Heracross|Moxie|boost\n|-boost|p2b: Heracross|atk|1\n|move|p1b: Cetitan|Play Rough|p2b: Heracross\n|-supereffective|p2b: Heracross\n|-damage|p2b: Heracross|0 fnt\n|faint|p2b: Heracross\n|\n|upkeep\n|turn|10\n|\n|t:|1681797878\n|move|p2a: Gyarados|Waterfall|p1b: Cetitan\n|-resisted|p1b: Cetitan\n|-damage|p1b: Cetitan|78\/100 par\n|move|p1b: Cetitan|Icicle Crash|p2a: Gyarados\n|-damage|p2a: Gyarados|23\/100\n|\n|upkeep\n|turn|11\n|c|\u2606SnazzlepopMcGee|ah\n|c|\u2606SnazzlepopMcGee|gg\n|\n|t:|1681797889\n|move|p2a: Gyarados|Waterfall|p1b: Cetitan\n|-resisted|p1b: Cetitan\n|-damage|p1b: Cetitan|67\/100 par\n|cant|p1b: Cetitan|flinch\n|\n|upkeep\n|turn|12\n|\n|t:|1681797897\n|move|p2a: Gyarados|Waterfall|p1b: Cetitan\n|-resisted|p1b: Cetitan\n|-damage|p1b: Cetitan|56\/100 par\n|cant|p1b: Cetitan|flinch\n|\n|upkeep\n|turn|13\n|c|\u2606SnazzlepopMcGee|unless my out is blind luck\n|\n|t:|1681797910\n|move|p2a: Gyarados|Waterfall|p1b: Cetitan\n|-resisted|p1b: Cetitan\n|-damage|p1b: Cetitan|44\/100 par\n|cant|p1b: Cetitan|par\n|\n|upkeep\n|turn|14\n|\n|t:|1681797918\n|move|p2a: Gyarados|Waterfall|p1b: Cetitan\n|-resisted|p1b: Cetitan\n|-damage|p1b: Cetitan|33\/100 par\n|cant|p1b: Cetitan|par\n|\n|upkeep\n|turn|15\n|\n|t:|1681797936\n|move|p2a: Gyarados|Waterfall|p1b: Cetitan\n|-resisted|p1b: Cetitan\n|-damage|p1b: Cetitan|22\/100 par\n|cant|p1b: Cetitan|flinch\n|\n|upkeep\n|turn|16\n|c|\u2606Mortipherus|Damn\n|c|\u2606SnazzlepopMcGee|i am sorry\n|\n|t:|1681797949\n|move|p2a: Gyarados|Waterfall|p1b: Cetitan\n|-resisted|p1b: Cetitan\n|-damage|p1b: Cetitan|11\/100 par\n|move|p1b: Cetitan|Icicle Crash|p2a: Gyarados\n|-damage|p2a: Gyarados|0 fnt\n|faint|p2a: Gyarados\n|\n|win|Mortipherus\n|raw|Mortipherus's rating: 1336 → 1355<\/strong> (+19 for winning)\n|raw|SnazzlepopMcGee's rating: 1311 → 1292<\/strong> (-19 for losing)\n|c|\u2606SnazzlepopMcGee|gg lol\n|c|\u2606Mortipherus|Gg\n|l|\u2606SnazzlepopMcGee\n|c|\u2606Mortipherus|It's a Game mate\n","uploadtime":1681797972,"views":7,"p1id":"mortipherus","p2id":"snazzlepopmcgee","formatid":"gen9vgc2023regulationc","rating":1292,"private":0,"password":""}