{"id":"gen9vgc2023regulationc-1854935306","p1":"Daneshi","p2":"YveltalAllegations","format":"[Gen 9] VGC 2023 Regulation C","log":"|j|\u2606Daneshi\n|j|\u2606YveltalAllegations\n|t:|1682882507\n|gametype|doubles\n|player|p1|Daneshi|hilbert-wonderlauncher|1201\n|player|p2|YveltalAllegations|brycenman|1278\n|teamsize|p1|6\n|teamsize|p2|6\n|gen|9\n|tier|[Gen 9] VGC 2023 Regulation C\n|rated|\n|rule|Species Clause: Limit one of each Pok\u00e9mon\n|rule|Item Clause: Limit one of each item\n|clearpoke\n|poke|p1|Amoonguss, L50, M|\n|poke|p1|Tyranitar, L50, M|\n|poke|p1|Talonflame, L50, M|\n|poke|p1|Chien-Pao, L50|\n|poke|p1|Gyarados, L50, M|\n|poke|p1|Toxtricity, L50, F|\n|poke|p2|Flutter Mane, L50|\n|poke|p2|Ting-Lu, L50|\n|poke|p2|Gyarados, L50, F|\n|poke|p2|Baxcalibur, L50, M|\n|poke|p2|Oinkologne, L50, M|\n|poke|p2|Abomasnow, L50, M|\n|teampreview|4\nYveltalAllegations has agreed to open team sheets.\n|inactive|Battle timer is ON: inactive players will automatically lose when time's up. (requested by YveltalAllegations)\n|\n|t:|1682882568\n|start\n|switch|p1a: Chien-Pao|Chien-Pao, L50|100\/100\n|switch|p1b: Talonflame|Talonflame, L50, M|100\/100\n|switch|p2a: Peindeer|Ting-Lu, L50|100\/100\n|switch|p2b: Lorule|Flutter Mane, L50|100\/100\n|-ability|p1a: Chien-Pao|Sword of Ruin\n|-ability|p2a: Peindeer|Vessel of Ruin\n|-enditem|p2b: Lorule|Booster Energy\n|-activate|p2b: Lorule|ability: Protosynthesis|[fromitem]\n|-start|p2b: Lorule|protosynthesisspa\n|turn|1\n|\n|t:|1682882586\n|-terastallize|p1b: Talonflame|Normal\n|-terastallize|p2a: Peindeer|Fire\n|move|p1a: Chien-Pao|Protect|p1a: Chien-Pao\n|-singleturn|p1a: Chien-Pao|Protect\n|move|p1b: Talonflame|Tailwind|p1b: Talonflame\n|-sidestart|p1: Daneshi|move: Tailwind\n|move|p2b: Lorule|Substitute|p2b: Lorule\n|-start|p2b: Lorule|Substitute\n|-damage|p2b: Lorule|76\/100\n|move|p2a: Peindeer|Rock Slide|p1a: Chien-Pao|[spread] p1b\n|-activate|p1a: Chien-Pao|move: Protect\n|-damage|p1b: Talonflame|44\/100\n|\n|upkeep\n|turn|2\n|inactive|Daneshi has 30 seconds left.\n|inactive|Daneshi has 20 seconds left.\n|inactive|Daneshi has 15 seconds left.\n|inactive|Daneshi has 10 seconds left.\n|inactive|Daneshi has 5 seconds left.\n|\n|t:|1682882638\n|switch|p1a: Gyarados|Gyarados, L50, M, shiny|100\/100\n|-ability|p1a: Gyarados|Intimidate|boost\n|-unboost|p2a: Peindeer|atk|1\n|-immune|p2b: Lorule\n|move|p2b: Lorule|Protect|p2b: Lorule\n|-singleturn|p2b: Lorule|Protect\n|move|p1b: Talonflame|Brave Bird|p2a: Peindeer\n|-damage|p2a: Peindeer|70\/100\n|-damage|p1b: Talonflame|29\/100|[from] Recoil\n|move|p2a: Peindeer|Rock Slide|p1b: Talonflame|[spread] p1b\n|-miss|p2a: Peindeer|p1a: Gyarados\n|-damage|p1b: Talonflame|0 fnt\n|faint|p1b: Talonflame\n|\n|upkeep\n|\n|t:|1682882655\n|switch|p1b: Tyranitar|Tyranitar, L50, M|100\/100\n|-weather|Sandstorm|[from] ability: Sand Stream|[of] p1b: Tyranitar\n|turn|3\n|\n|t:|1682882673\n|switch|p2a: #1 Palafan|Gyarados, L50, F, shiny|100\/100\n|-ability|p2a: #1 Palafan|Intimidate|boost\n|-unboost|p1a: Gyarados|atk|1\n|-unboost|p1b: Tyranitar|atk|1\n|move|p1a: Gyarados|Waterfall|p2b: Lorule\n|-end|p2b: Lorule|Substitute\n|-damage|p1a: Gyarados|91\/100|[from] item: Life Orb\n|move|p2b: Lorule|Moonblast|p1b: Tyranitar\n|-supereffective|p1b: Tyranitar\n|-damage|p1b: Tyranitar|44\/100\n|move|p1b: Tyranitar|Rock Slide|p2b: Lorule|[spread] p2a,p2b\n|-supereffective|p2a: #1 Palafan\n|-damage|p2a: #1 Palafan|59\/100\n|-damage|p2b: Lorule|44\/100\n|\n|-weather|Sandstorm|[upkeep]\n|-damage|p1a: Gyarados|85\/100|[from] Sandstorm\n|-damage|p2b: Lorule|38\/100|[from] Sandstorm\n|upkeep\n|turn|4\n|inactive|Daneshi has 30 seconds left.\n|inactive|Daneshi has 20 seconds left.\n|\n|t:|1682882708\n|switch|p1b: Chien-Pao|Chien-Pao, L50|100\/100\n|-ability|p1b: Chien-Pao|Sword of Ruin\n|move|p2b: Lorule|Protect|p2b: Lorule\n|-singleturn|p2b: Lorule|Protect\n|move|p1a: Gyarados|Waterfall|p2b: Lorule\n|-activate|p2b: Lorule|move: Protect\n|move|p2a: #1 Palafan|Thunder Wave|p1a: Gyarados\n|-status|p1a: Gyarados|par\n|\n|-weather|Sandstorm|[upkeep]\n|-damage|p1b: Chien-Pao|95\/100|[from] Sandstorm\n|-damage|p2b: Lorule|32\/100|[from] Sandstorm\n|-damage|p1a: Gyarados|79\/100 par|[from] Sandstorm\n|-sideend|p1: Daneshi|move: Tailwind\n|upkeep\n|turn|5\n|\n|t:|1682882730\n|-end|p2b: Lorule|Protosynthesis|[silent]\n|switch|p2b: Kaiju|Baxcalibur, L50, M|100\/100\n|move|p1a: Gyarados|Protect|p1a: Gyarados\n|-singleturn|p1a: Gyarados|Protect\n|move|p1b: Chien-Pao|Ice Spinner|p2b: Kaiju\n|-damage|p2b: Kaiju|47\/100\n|move|p2a: #1 Palafan|Iron Head|p1b: Chien-Pao\n|-supereffective|p1b: Chien-Pao\n|-damage|p1b: Chien-Pao|22\/100\n|\n|-weather|Sandstorm|[upkeep]\n|-damage|p1b: Chien-Pao|16\/100|[from] Sandstorm\n|-damage|p2b: Kaiju|41\/100|[from] Sandstorm\n|-damage|p1a: Gyarados|73\/100 par|[from] Sandstorm\n|upkeep\n|turn|6\n|inactive|Daneshi has 30 seconds left.\n|inactive|YveltalAllegations has 30 seconds left.\n|inactive|Daneshi has 20 seconds left.\n|inactive|Daneshi has 15 seconds left.\n|inactive|Daneshi has 10 seconds left.\n|inactive|Daneshi has 5 seconds left.\n|\n|t:|1682882784\n|move|p1b: Chien-Pao|Ice Spinner|p2a: #1 Palafan\n|-damage|p2a: #1 Palafan|0 fnt\n|faint|p2a: #1 Palafan\n|move|p2b: Kaiju|Glaive Rush|p1a: Gyarados\n|-damage|p1a: Gyarados|0 fnt\n|-singlemove|p2b: Kaiju|Glaive Rush|[silent]\n|faint|p1a: Gyarados\n|\n|-weather|Sandstorm|[upkeep]\n|-damage|p1b: Chien-Pao|10\/100|[from] Sandstorm\n|-damage|p2b: Kaiju|35\/100|[from] Sandstorm\n|upkeep\n|\n|t:|1682882794\n|switch|p1a: Tyranitar|Tyranitar, L50, M|44\/100\n|switch|p2a: Peindeer|Ting-Lu, L50, tera:Fire|70\/100\n|-ability|p2a: Peindeer|Vessel of Ruin\n|turn|7\n|inactive|YveltalAllegations has 30 seconds left.\n|\n|t:|1682882821\n|move|p1b: Chien-Pao|Protect|p1b: Chien-Pao\n|-singleturn|p1b: Chien-Pao|Protect\n|move|p2b: Kaiju|Ice Shard|p1a: Tyranitar\n|-damage|p1a: Tyranitar|24\/100\n|move|p1a: Tyranitar|Earthquake|p2a: Peindeer|[spread] p2a,p2b\n|-activate|p1b: Chien-Pao|move: Protect\n|-supereffective|p2a: Peindeer\n|-damage|p2a: Peindeer|23\/100\n|-damage|p2b: Kaiju|2\/100\n|move|p2a: Peindeer|Earthquake|p1a: Tyranitar|[spread] p2b,p1a\n|-activate|p1b: Chien-Pao|move: Protect\n|-supereffective|p1a: Tyranitar\n|-damage|p2b: Kaiju|0 fnt\n|-damage|p1a: Tyranitar|0 fnt\n|faint|p2b: Kaiju\n|faint|p1a: Tyranitar\n|\n|-weather|none\n|upkeep\n|\n|t:|1682882835\n|switch|p2b: Lorule|Flutter Mane, L50|32\/100\n|turn|8\n|\n|t:|1682882859\n|move|p1b: Chien-Pao|Ice Spinner|p2b: Lorule\n|-damage|p2b: Lorule|0 fnt\n|faint|p2b: Lorule\n|-end|p2b: Lorule|Protosynthesis|[silent]\n|move|p2a: Peindeer|Earthquake|p1b: Chien-Pao\n|-damage|p1b: Chien-Pao|0 fnt\n|faint|p1b: Chien-Pao\n|\n|win|YveltalAllegations\n|raw|Daneshi's rating: 1201 → 1181<\/strong> (-20 for losing)\n|raw|YveltalAllegations's rating: 1278 → 1298<\/strong> (+20 for winning)\n|l|\u2606Daneshi\n","uploadtime":1682882869,"views":8,"p1id":"daneshi","p2id":"yveltalallegations","formatid":"gen9vgc2023regulationc","rating":1181,"private":0,"password":""}