{"id":"gen9vgc2023regulationc-1852752172","p1":"Patte96","p2":"BlueTrip","format":"[Gen 9] VGC 2023 Regulation C","log":"|j|\u2606Patte96\n|j|\u2606BlueTrip\n|t:|1682603184\n|gametype|doubles\n|player|p1|Patte96|wattson|1119\n|player|p2|BlueTrip|ash-kalos|1148\n|teamsize|p1|6\n|teamsize|p2|6\n|gen|9\n|tier|[Gen 9] VGC 2023 Regulation C\n|rated|\n|rule|Species Clause: Limit one of each Pok\u00e9mon\n|rule|Item Clause: Limit one of each item\n|clearpoke\n|poke|p1|Grafaiai, L50, F|\n|poke|p1|Grimmsnarl, L50, M|\n|poke|p1|Klefki, L50, F|\n|poke|p1|Tinkaton, L50, F|\n|poke|p1|Mudsdale, L50, F|\n|poke|p1|Slowbro, L50, F|\n|poke|p2|Arboliva, L50, F|\n|poke|p2|Hariyama, L50, F|\n|poke|p2|Flutter Mane, L50|\n|poke|p2|Gyarados, L50, M|\n|poke|p2|Gholdengo, L50|\n|poke|p2|Farigiraf, L50, F|\n|teampreview|4\n|c|\u2606BlueTrip|glhf\nBlueTrip has agreed to open team sheets.\n|\n|t:|1682603249\n|start\n|switch|p1a: Grimmsnarl|Grimmsnarl, L50, M|100\/100\n|switch|p1b: Tinkaton|Tinkaton, L50, F|100\/100\n|switch|p2a: Hariyama|Hariyama, L50, F|100\/100\n|switch|p2b: Gholdengo|Gholdengo, L50|100\/100\n|-item|p2b: Gholdengo|Air Balloon\n|turn|1\n|c|\u2606BlueTrip|I forgot Tink has Own Tempo\n|c|\u2606BlueTrip|I cant believe it isnt used more\n|\n|t:|1682603283\n|-terastallize|p1b: Tinkaton|Fire\n|move|p2a: Hariyama|Fake Out|p1b: Tinkaton\n|-damage|p1b: Tinkaton|83\/100\n|move|p1a: Grimmsnarl|Reflect|p1a: Grimmsnarl\n|-sidestart|p1: Patte96|Reflect\n|cant|p1b: Tinkaton|flinch\n|move|p2b: Gholdengo|Make It Rain|p1a: Grimmsnarl|[spread] p1a,p1b\n|-supereffective|p1a: Grimmsnarl\n|-resisted|p1b: Tinkaton\n|-damage|p1a: Grimmsnarl|7\/100\n|-damage|p1b: Tinkaton|63\/100\n|-unboost|p2b: Gholdengo|spa|1\n|\n|-status|p2a: Hariyama|brn|[from] item: Flame Orb\n|upkeep\n|turn|2\n|\n|t:|1682603318\n|switch|p2b: Gyarados|Gyarados, L50, M|100\/100\n|-ability|p2b: Gyarados|Intimidate|boost\n|-unboost|p1a: Grimmsnarl|atk|1\n|-fail|p1b: Tinkaton|unboost|Attack|[from] ability: Own Tempo|[of] p1b: Tinkaton\n|move|p1a: Grimmsnarl|Light Screen|p1a: Grimmsnarl\n|-sidestart|p1: Patte96|move: Light Screen\n|move|p2a: Hariyama|Bullet Punch|p1a: Grimmsnarl\n|-supereffective|p1a: Grimmsnarl\n|-damage|p1a: Grimmsnarl|0 fnt\n|faint|p1a: Grimmsnarl\n|move|p1b: Tinkaton|Play Rough|p2a: Hariyama\n|-supereffective|p2a: Hariyama\n|-damage|p2a: Hariyama|5\/100 brn\n|\n|-damage|p2a: Hariyama|0 fnt|[from] brn\n|faint|p2a: Hariyama\n|upkeep\n|\n|t:|1682603341\n|switch|p1a: Grafaiai|Grafaiai, L50, F|100\/100\n|switch|p2a: Arboliva|Arboliva, L50, F|100\/100\n|turn|3\n|\n|t:|1682603378\n|switch|p2b: Gholdengo|Gholdengo, L50|100\/100\n|-item|p2b: Gholdengo|Air Balloon\n|-terastallize|p2a: Arboliva|Water\n|move|p1a: Grafaiai|Swagger|p1b: Tinkaton|[miss]\n|-miss|p1a: Grafaiai|p1b: Tinkaton\n|move|p1b: Tinkaton|Tera Blast|p2a: Arboliva\n|-resisted|p2a: Arboliva\n|-damage|p2a: Arboliva|84\/100\n|-fieldstart|move: Grassy Terrain|[from] ability: Seed Sower|[of] p2a: Arboliva\n|move|p2a: Arboliva|Earth Power|p1b: Tinkaton\n|-supereffective|p1b: Tinkaton\n|-damage|p1b: Tinkaton|17\/100\n|\n|-heal|p1b: Tinkaton|23\/100|[from] Grassy Terrain\n|-heal|p2a: Arboliva|89\/100|[from] Grassy Terrain\n|upkeep\n|turn|4\n|\n|t:|1682603406\n|switch|p2b: Gyarados|Gyarados, L50, M|100\/100\n|-ability|p2b: Gyarados|Intimidate|boost\n|-unboost|p1a: Grafaiai|atk|1\n|-fail|p1b: Tinkaton|unboost|Attack|[from] ability: Own Tempo|[of] p1b: Tinkaton\n|move|p1a: Grafaiai|Toxic|p2a: Arboliva\n|-status|p2a: Arboliva|tox\n|move|p1b: Tinkaton|Play Rough|p2b: Gyarados\n|-damage|p2b: Gyarados|59\/100\n|move|p2a: Arboliva|Earth Power|p1b: Tinkaton\n|-supereffective|p1b: Tinkaton\n|-damage|p1b: Tinkaton|0 fnt\n|faint|p1b: Tinkaton\n|\n|-heal|p2a: Arboliva|95\/100 tox|[from] Grassy Terrain\n|-damage|p2a: Arboliva|89\/100 tox|[from] psn\n|upkeep\n|\n|t:|1682603425\n|switch|p1b: Mudsdale|Mudsdale, L50, F|100\/100\n|turn|5\n|\n|t:|1682603444\n|move|p1a: Grafaiai|Swagger|p1b: Mudsdale\n|-boost|p1b: Mudsdale|atk|2\n|-immune|p1b: Mudsdale|confusion|[from] ability: Own Tempo\n|move|p2b: Gyarados|Waterfall|p1a: Grafaiai\n|-damage|p1a: Grafaiai|66\/100\n|move|p2a: Arboliva|Leaf Storm|p1b: Mudsdale\n|-supereffective|p1b: Mudsdale\n|-damage|p1b: Mudsdale|37\/100\n|-unboost|p2a: Arboliva|spa|2\n|-enditem|p2a: Arboliva|Eject Pack\n|\n|t:|1682603455\n|switch|p2a: Gholdengo|Gholdengo, L50|100\/100\n|-item|p2a: Gholdengo|Air Balloon\n|move|p1b: Mudsdale|Stone Edge|p2b: Gyarados\n|-supereffective|p2b: Gyarados\n|-crit|p2b: Gyarados\n|-damage|p2b: Gyarados|0 fnt\n|faint|p2b: Gyarados\n|\n|-heal|p1a: Grafaiai|72\/100|[from] Grassy Terrain\n|-heal|p1b: Mudsdale|43\/100|[from] Grassy Terrain\n|-sideend|p1: Patte96|Reflect\n|upkeep\n|\n|t:|1682603461\n|switch|p2b: Arboliva|Arboliva, L50, F, tera:Water|89\/100 tox\n|turn|6\n|\n|t:|1682603496\n|move|p1a: Grafaiai|Swagger|p2b: Arboliva\n|-boost|p2b: Arboliva|atk|2\n|-start|p2b: Arboliva|confusion\n|move|p2a: Gholdengo|Psychic|p1a: Grafaiai\n|-supereffective|p1a: Grafaiai\n|-damage|p1a: Grafaiai|27\/100\n|-activate|p2b: Arboliva|confusion\n|move|p2b: Arboliva|Leaf Storm|p1b: Mudsdale\n|-supereffective|p1b: Mudsdale\n|-damage|p1b: Mudsdale|0 fnt\n|-unboost|p2b: Arboliva|spa|2\n|faint|p1b: Mudsdale\n|\n|-heal|p1a: Grafaiai|33\/100|[from] Grassy Terrain\n|-heal|p2b: Arboliva|95\/100 tox|[from] Grassy Terrain\n|-damage|p2b: Arboliva|89\/100 tox|[from] psn\n|-sideend|p1: Patte96|move: Light Screen\n|upkeep\n|turn|7\n|-message|Patte96 forfeited.\n|\n|win|BlueTrip\n|raw|Patte96's rating: 1119 → 1096<\/strong> (-23 for losing)\n|raw|BlueTrip's rating: 1148 → 1171<\/strong> (+23 for winning)\n|l|\u2606Patte96\n|c|\u2606BlueTrip|gg\n","uploadtime":1682603513,"views":8,"p1id":"patte96","p2id":"bluetrip","formatid":"gen9vgc2023regulationc","rating":1096,"private":0,"password":""}