{"id":"gen9vgc2023regulationc-1850977134","p1":"PiccoloRuiz","p2":"Raiu Akimoto","format":"[Gen 9] VGC 2023 Regulation C","log":"|j|\u2606PiccoloRuiz\n|j|\u2606Raiu Akimoto\n|t:|1682389284\n|gametype|doubles\n|player|p1|PiccoloRuiz|valerie|1289\n|player|p2|Raiu Akimoto|n|1272\n|teamsize|p1|6\n|teamsize|p2|6\n|gen|9\n|tier|[Gen 9] VGC 2023 Regulation C\n|rated|\n|rule|Species Clause: Limit one of each Pok\u00e9mon\n|rule|Item Clause: Limit one of each item\n|clearpoke\n|poke|p1|Flutter Mane, L50|\n|poke|p1|Amoonguss, L50, F|\n|poke|p1|Gyarados, L50, F|\n|poke|p1|Arcanine, L50, F|\n|poke|p1|Ting-Lu, L50|\n|poke|p1|Baxcalibur, L50, F|\n|poke|p2|Great Tusk, L50|\n|poke|p2|Baxcalibur, L50, M|\n|poke|p2|Orthworm, L50, M|\n|poke|p2|Talonflame, L50, F|\n|poke|p2|Chi-Yu, L50|\n|poke|p2|Dachsbun, L50, M|\n|teampreview|4\n|inactive|Battle timer is ON: inactive players will automatically lose when time's up. (requested by Raiu Akimoto)\n|inactive|PiccoloRuiz has 60 seconds left.\n|\n|t:|1682389325\n|start\n|switch|p1a: Ting-Lu|Ting-Lu, L50|100\/100\n|switch|p1b: Brita|Amoonguss, L50, F, shiny|100\/100\n|switch|p2a: Chi-Yu|Chi-Yu, L50|100\/100\n|switch|p2b: Dachsbun|Dachsbun, L50, M, shiny|100\/100\n|-ability|p2a: Chi-Yu|Beads of Ruin\n|-ability|p1a: Ting-Lu|Vessel of Ruin\n|turn|1\n|\n|t:|1682389341\n|-terastallize|p2b: Dachsbun|Fighting\n|move|p2a: Chi-Yu|Lava Plume|p1b: Brita|[spread] p1a,p1b\n|-ability|p2b: Dachsbun|Well-Baked Body|boost\n|-boost|p2b: Dachsbun|def|2\n|-supereffective|p1b: Brita\n|-damage|p1a: Ting-Lu|84\/100\n|-damage|p1b: Brita|48\/100\n|move|p2b: Dachsbun|Body Press|p1a: Ting-Lu\n|-supereffective|p1a: Ting-Lu\n|-damage|p1a: Ting-Lu|15\/100\n|move|p1a: Ting-Lu|Heavy Slam|p2b: Dachsbun\n|-crit|p2b: Dachsbun\n|-damage|p2b: Dachsbun|53\/100\n|move|p1b: Brita|Spore|p2a: Chi-Yu\n|-status|p2a: Chi-Yu|slp|[from] move: Spore\n|\n|-heal|p2b: Dachsbun|59\/100|[from] item: Leftovers\n|upkeep\n|turn|2\n|inactive|PiccoloRuiz has 30 seconds left.\n|inactive|Raiu Akimoto has 30 seconds left.\n|\n|t:|1682389372\n|switch|p1a: Flutter Mane|Flutter Mane, L50|100\/100\n|-enditem|p1a: Flutter Mane|Booster Energy\n|-activate|p1a: Flutter Mane|ability: Protosynthesis|[fromitem]\n|-start|p1a: Flutter Mane|protosynthesisspa\n|move|p2b: Dachsbun|Protect|p2b: Dachsbun\n|-singleturn|p2b: Dachsbun|Protect\n|cant|p2a: Chi-Yu|slp\n|move|p1b: Brita|Spore|p2b: Dachsbun\n|-activate|p2b: Dachsbun|move: Protect\n|\n|-heal|p2b: Dachsbun|65\/100|[from] item: Leftovers\n|upkeep\n|turn|3\n|\n|t:|1682389394\n|-terastallize|p1a: Flutter Mane|Fairy\n|-curestatus|p2a: Chi-Yu|slp|[msg]\n|move|p2a: Chi-Yu|Lava Plume|p1b: Brita|[spread] p1a,p1b\n|-ability|p2b: Dachsbun|Well-Baked Body|boost\n|-boost|p2b: Dachsbun|def|2\n|-supereffective|p1b: Brita\n|-damage|p1a: Flutter Mane|62\/100\n|-damage|p1b: Brita|0 fnt\n|faint|p1b: Brita\n|move|p1a: Flutter Mane|Dazzling Gleam|p2b: Dachsbun|[spread] p2a,p2b\n|-supereffective|p2b: Dachsbun\n|-damage|p2a: Chi-Yu|39\/100\n|-damage|p2b: Dachsbun|0 fnt\n|faint|p2b: Dachsbun\n|\n|upkeep\n|\n|t:|1682389411\n|switch|p2b: Baxcalibur|Baxcalibur, L50, M, shiny|100\/100\n|switch|p1b: Bianca|Gyarados, L50, F, shiny|100\/100\n|-ability|p1b: Bianca|Intimidate|boost\n|-unboost|p2a: Chi-Yu|atk|1\n|-fail|p2b: Baxcalibur|unboost|[from] item: Clear Amulet|[of] p2b: Baxcalibur\n|turn|4\n|\n|t:|1682389429\n|move|p2b: Baxcalibur|Ice Shard|p1a: Flutter Mane\n|-damage|p1a: Flutter Mane|23\/100\n|move|p2a: Chi-Yu|Lava Plume|p1b: Bianca|[spread] p2b,p1a,p1b\n|-resisted|p1b: Bianca\n|-damage|p2b: Baxcalibur|63\/100\n|-damage|p1a: Flutter Mane|0 fnt\n|-damage|p1b: Bianca|85\/100\n|-ability|p2b: Baxcalibur|Thermal Exchange|boost\n|-boost|p2b: Baxcalibur|atk|1\n|faint|p1a: Flutter Mane\n|-end|p1a: Flutter Mane|Protosynthesis|[silent]\n|move|p1b: Bianca|Waterfall|p2a: Chi-Yu\n|-supereffective|p2a: Chi-Yu\n|-damage|p2a: Chi-Yu|0 fnt\n|faint|p2a: Chi-Yu\n|\n|upkeep\n|\n|t:|1682389443\n|switch|p1a: Ting-Lu|Ting-Lu, L50|15\/100\n|switch|p2a: Talonflame|Talonflame, L50, F, shiny|100\/100\n|-ability|p1a: Ting-Lu|Vessel of Ruin\n|turn|5\n|\n|t:|1682389457\n|move|p2a: Talonflame|Brave Bird|p1a: Ting-Lu\n|-damage|p1a: Ting-Lu|0 fnt\n|faint|p1a: Ting-Lu\n|-damage|p2a: Talonflame|94\/100|[from] Recoil\n|move|p2b: Baxcalibur|Glaive Rush|p1b: Bianca\n|-damage|p1b: Bianca|0 fnt\n|-singlemove|p2b: Baxcalibur|Glaive Rush|[silent]\n|faint|p1b: Bianca\n|\n|win|Raiu Akimoto\n|raw|PiccoloRuiz's rating: 1289 → 1263<\/strong> (-26 for losing)\n|raw|Raiu Akimoto's rating: 1272 → 1298<\/strong> (+26 for winning)\n","uploadtime":1682389476,"views":12,"p1id":"piccoloruiz","p2id":"raiuakimoto","formatid":"gen9vgc2023regulationc","rating":1263,"private":0,"password":""}