{"id":"gen9vgc2023regulationc-1861912783","p1":"delyst","p2":"lolugotbombed","format":"[Gen 9] VGC 2023 Regulation C","log":"|j|\u2606delyst\n|j|\u2606lolugotbombed\n|t:|1683820200\n|gametype|doubles\n|player|p1|delyst|bugcatcher-gen4dp|1000\n|player|p2|lolugotbombed|caitlin|1036\n|teamsize|p1|6\n|teamsize|p2|6\n|gen|9\n|tier|[Gen 9] VGC 2023 Regulation C\n|rated|\n|rule|Species Clause: Limit one of each Pok\u00e9mon\n|rule|Item Clause: Limit one of each item\n|clearpoke\n|poke|p1|Arcanine, L50, F|\n|poke|p1|Cloyster, L50, F|\n|poke|p1|Dragonite, L50, M|\n|poke|p1|Raichu, L50, M|\n|poke|p1|Venomoth, L50, F|\n|poke|p1|Scyther, L50, M|\n|poke|p2|Annihilape, L50, F|\n|poke|p2|Maushold, L50|\n|poke|p2|Great Tusk, L50|\n|poke|p2|Arcanine, L50, F|\n|poke|p2|Iron Bundle, L50|\n|poke|p2|Flutter Mane, L50|\n|teampreview|4\n|inactive|Battle timer is ON: inactive players will automatically lose when time's up. (requested by delyst)\n|\n|t:|1683820228\n|start\n|switch|p1a: Cloyster|Cloyster, L50, F|100\/100\n|switch|p1b: Venomoth|Venomoth, L50, F|100\/100\n|switch|p2a: Annihilape|Annihilape, L50, F|100\/100\n|switch|p2b: Maushold|Maushold, L50|100\/100\n|turn|1\n|inactive|lolugotbombed has 30 seconds left.\n|\n|t:|1683820261\n|move|p1b: Venomoth|Rage Powder|p1b: Venomoth\n|-singleturn|p1b: Venomoth|move: Rage Powder\n|move|p2b: Maushold|Follow Me|p2b: Maushold\n|-singleturn|p2b: Maushold|move: Follow Me\n|move|p2a: Annihilape|Drain Punch|p1b: Venomoth\n|-resisted|p1b: Venomoth\n|-damage|p1b: Venomoth|85\/100\n|move|p1a: Cloyster|Shell Smash|p1a: Cloyster\n|-unboost|p1a: Cloyster|def|1\n|-unboost|p1a: Cloyster|spd|1\n|-boost|p1a: Cloyster|atk|2\n|-boost|p1a: Cloyster|spa|2\n|-boost|p1a: Cloyster|spe|2\n|\n|-heal|p1b: Venomoth|91\/100|[from] item: Leftovers\n|upkeep\n|turn|2\n|inactive|delyst has 30 seconds left.\n|inactive|lolugotbombed has 30 seconds left.\n|\n|t:|1683820287\n|-terastallize|p1a: Cloyster|Ice\n|move|p1b: Venomoth|Rage Powder|p1b: Venomoth\n|-singleturn|p1b: Venomoth|move: Rage Powder\n|move|p1a: Cloyster|Icicle Spear|p2a: Annihilape\n|-damage|p2a: Annihilape|74\/100\n|-damage|p2a: Annihilape|48\/100\n|-damage|p2a: Annihilape|21\/100\n|-damage|p2a: Annihilape|0 fnt\n|faint|p2a: Annihilape\n|-hitcount|p2: Annihilape|4\n|move|p2b: Maushold|Beat Up|p2: Annihilape|[notarget]\n|-fail|p2b: Maushold\n|\n|-heal|p1b: Venomoth|98\/100|[from] item: Leftovers\n|upkeep\n|\n|t:|1683820310\n|switch|p2a: Flutter Mane|Flutter Mane, L50|100\/100\n|turn|3\n|inactive|lolugotbombed has 30 seconds left.\n|inactive|lolugotbombed has 20 seconds left.\n|inactive|lolugotbombed has 15 seconds left.\n|inactive|lolugotbombed has 10 seconds left.\n|\n|t:|1683820355\n|move|p1b: Venomoth|Rage Powder|p1b: Venomoth\n|-singleturn|p1b: Venomoth|move: Rage Powder\n|move|p2b: Maushold|Baby-Doll Eyes|p1a: Cloyster\n|-unboost|p1a: Cloyster|atk|1\n|move|p1a: Cloyster|Waterfall|p2a: Flutter Mane\n|-damage|p2a: Flutter Mane|15\/100\n|move|p2a: Flutter Mane|Shadow Ball|p1b: Venomoth\n|-damage|p1b: Venomoth|22\/100\n|-damage|p2a: Flutter Mane|5\/100|[from] item: Life Orb\n|\n|-heal|p1b: Venomoth|28\/100|[from] item: Leftovers\n|upkeep\n|turn|4\n|inactive|delyst has 30 seconds left.\n|inactive|lolugotbombed has 30 seconds left.\n|inactive|delyst has 20 seconds left.\n|inactive|delyst has 15 seconds left.\n|inactive|delyst has 10 seconds left.\n|\n|t:|1683820401\n|move|p1b: Venomoth|Rage Powder|p1b: Venomoth\n|-singleturn|p1b: Venomoth|move: Rage Powder\n|move|p2b: Maushold|Follow Me|p2b: Maushold\n|-singleturn|p2b: Maushold|move: Follow Me\n|move|p1a: Cloyster|Waterfall|p2b: Maushold\n|-damage|p2b: Maushold|35\/100\n|move|p2a: Flutter Mane|Dazzling Gleam|p1b: Venomoth|[spread] p1a,p1b\n|-resisted|p1b: Venomoth\n|-enditem|p1a: Cloyster|Focus Sash\n|-damage|p1a: Cloyster|1\/100\n|-damage|p1b: Venomoth|0 fnt\n|faint|p1b: Venomoth\n|-damage|p2a: Flutter Mane|0 fnt|[from] item: Life Orb\n|faint|p2a: Flutter Mane\n|-end|p2a: Flutter Mane|Protosynthesis|[silent]\n|\n|upkeep\n|\n|t:|1683820419\n|switch|p2a: Great Tusk|Great Tusk, L50|100\/100\n|switch|p1b: Arcanine|Arcanine, L50, F|100\/100\n|-ability|p1b: Arcanine|Intimidate|boost\n|-unboost|p2a: Great Tusk|atk|1\n|-unboost|p2b: Maushold|atk|1\n|turn|5\n|\n|t:|1683820440\n|move|p1b: Arcanine|Extreme Speed|p2b: Maushold\n|-damage|p2b: Maushold|8\/100\n|move|p1a: Cloyster|Icicle Spear|p2a: Great Tusk\n|-supereffective|p2a: Great Tusk\n|-damage|p2a: Great Tusk|72\/100\n|-supereffective|p2a: Great Tusk\n|-damage|p2a: Great Tusk|47\/100\n|-supereffective|p2a: Great Tusk\n|-damage|p2a: Great Tusk|22\/100\n|-supereffective|p2a: Great Tusk\n|-damage|p2a: Great Tusk|0 fnt\n|faint|p2a: Great Tusk\n|-end|p2a: Great Tusk|Protosynthesis|[silent]\n|-hitcount|p2: Great Tusk|4\n|move|p2b: Maushold|Beat Up|p1a: Cloyster\n|-damage|p1a: Cloyster|0 fnt\n|faint|p1a: Cloyster\n|-hitcount|p1: Cloyster|1\n|\n|upkeep\n|\n|t:|1683820455\n|switch|p1a: Raichu|Raichu, L50, M|100\/100\n|turn|6\n|c|\u2606lolugotbombed|bro what is on your cloyster.\n|\n|t:|1683820467\n|move|p2b: Maushold|Protect|p2b: Maushold\n|-singleturn|p2b: Maushold|Protect\n|move|p1a: Raichu|Fake Out|p2b: Maushold\n|-activate|p2b: Maushold|move: Protect\n|move|p1b: Arcanine|Flare Blitz|p2b: Maushold\n|-activate|p2b: Maushold|move: Protect\n|\n|upkeep\n|turn|7\n|c|\u2606delyst|i have no idea either\n|\n|t:|1683820480\n|-terastallize|p2b: Maushold|Bug\n|move|p1a: Raichu|Nuzzle|p2b: Maushold\n|-damage|p2b: Maushold|0 fnt\n|faint|p2b: Maushold\n|\n|win|delyst\n|raw|delyst's rating: 1000 → 1044<\/strong> (+44 for winning)\n|raw|lolugotbombed's rating: 1036 → 1019<\/strong> (-17 for losing)\n|c|\u2606lolugotbombed|send me that build fr\n|c|\u2606lolugotbombed|holy shite\n|c|\u2606delyst|how do i do that\n|c|\u2606lolugotbombed|mmm\n|c|\u2606lolugotbombed|good question\n|c|\u2606lolugotbombed|whats its stats\n|c|\u2606delyst|EVs: 4 HP \/ 252 Atk \/ 252 Spe\n|c|\u2606delyst|Adamant Nature\n|c|\u2606lolugotbombed|makes sense\n|c|\u2606lolugotbombed|ggs lol\n|c|\u2606delyst|Cloyster @ Focus Sash\n|c|\u2606delyst|Ability: Skill Link\n|c|\u2606delyst|ggs\n","uploadtime":1683820544,"views":9,"p1id":"delyst","p2id":"lolugotbombed","formatid":"gen9vgc2023regulationc","rating":1019,"private":0,"password":""}