{"id":"gen9vgc2023regulationc-1847446091","p1":"ThickSip","p2":"Sunaddicted","format":"[Gen 9] VGC 2023 Regulation C","log":"|j|\u2606ThickSip\n|j|\u2606Sunaddicted\n|t:|1681956077\n|gametype|doubles\n|player|p1|ThickSip|medium|1342\n|player|p2|Sunaddicted|2|1283\n|teamsize|p1|6\n|teamsize|p2|6\n|gen|9\n|tier|[Gen 9] VGC 2023 Regulation C\n|rated|\n|rule|Species Clause: Limit one of each Pok\u00e9mon\n|rule|Item Clause: Limit one of each item\n|clearpoke\n|poke|p1|Arcanine, L50, F|\n|poke|p1|Dragonite, L50, F|\n|poke|p1|Flutter Mane, L50|\n|poke|p1|Iron Bundle, L50|\n|poke|p1|Chien-Pao, L50|\n|poke|p1|Iron Hands, L50|\n|poke|p2|Ting-Lu, L50|\n|poke|p2|Amoonguss, L50, F|\n|poke|p2|Arcanine, L50, M|\n|poke|p2|Palafin, L50, M|\n|poke|p2|Flutter Mane, L50|\n|poke|p2|Iron Hands, L50|\n|teampreview|4\n|inactive|Battle timer is ON: inactive players will automatically lose when time's up. (requested by ThickSip)\n|inactive|Sunaddicted has 60 seconds left.\n|inactive|ThickSip has 60 seconds left.\n|\n|t:|1681956128\n|start\n|switch|p1a: Ho ho ho|Iron Bundle, L50|100\/100\n|switch|p1b: Good Boy|Arcanine, L50, F|100\/100\n|switch|p2a: Ting-Lu|Ting-Lu, L50|100\/100\n|switch|p2b: Palafin|Palafin, L50, M|100\/100\n|-ability|p1b: Good Boy|Intimidate|boost\n|-unboost|p2a: Ting-Lu|atk|1\n|-unboost|p2b: Palafin|atk|1\n|-ability|p2a: Ting-Lu|Vessel of Ruin\n|-enditem|p1a: Ho ho ho|Booster Energy\n|-activate|p1a: Ho ho ho|ability: Quark Drive|[fromitem]\n|-start|p1a: Ho ho ho|quarkdrivespe\n|turn|1\n|\n|t:|1681956150\n|move|p2b: Palafin|Protect|p2b: Palafin\n|-singleturn|p2b: Palafin|Protect\n|move|p1a: Ho ho ho|Icy Wind|p2b: Palafin|[spread] p2a\n|-activate|p2b: Palafin|move: Protect\n|-supereffective|p2a: Ting-Lu\n|-damage|p2a: Ting-Lu|87\/100\n|-unboost|p2a: Ting-Lu|spe|1\n|move|p1b: Good Boy|Will-O-Wisp|p2a: Ting-Lu\n|-status|p2a: Ting-Lu|brn\n|move|p2a: Ting-Lu|Snarl|p1b: Good Boy|[spread] p1a,p1b\n|-damage|p1a: Ho ho ho|84\/100\n|-damage|p1b: Good Boy|92\/100\n|-unboost|p1a: Ho ho ho|spa|1\n|-unboost|p1b: Good Boy|spa|1\n|\n|-damage|p2a: Ting-Lu|81\/100 brn|[from] brn\n|upkeep\n|turn|2\n|\n|t:|1681956174\n|detailschange|p2b: Palafin|Palafin-Hero, L50, M\n|switch|p2b: Arcanine|Arcanine, L50, M|100\/100\n|-ability|p2b: Arcanine|Intimidate|boost\n|-unboost|p1a: Ho ho ho|atk|1\n|-unboost|p1b: Good Boy|atk|1\n|move|p1a: Ho ho ho|Icy Wind|p2a: Ting-Lu|[spread] p2a,p2b\n|-supereffective|p2a: Ting-Lu\n|-resisted|p2b: Arcanine\n|-damage|p2a: Ting-Lu|71\/100 brn\n|-damage|p2b: Arcanine|96\/100\n|-unboost|p2a: Ting-Lu|spe|1\n|-unboost|p2b: Arcanine|spe|1\n|move|p1b: Good Boy|Wild Charge|p2b: Arcanine\n|-damage|p2b: Arcanine|77\/100\n|-damage|p1b: Good Boy|88\/100|[from] Recoil\n|move|p2a: Ting-Lu|Fissure|p1b: Good Boy\n|-damage|p1b: Good Boy|0 fnt\n|faint|p1b: Good Boy\n|-ohko\n|\n|-damage|p2a: Ting-Lu|65\/100 brn|[from] brn\n|upkeep\n|\n|t:|1681956191\n|switch|p1b: Weavile 2.0|Chien-Pao, L50|100\/100\n|-ability|p1b: Weavile 2.0|Sword of Ruin\n|turn|3\n|\n|t:|1681956202\n|switch|p2a: Iron Hands|Iron Hands, L50|100\/100\n|move|p1a: Ho ho ho|Hydro Pump|p2b: Arcanine\n|-supereffective|p2b: Arcanine\n|-damage|p2b: Arcanine|13\/100\n|-enditem|p2b: Arcanine|Figy Berry|[eat]\n|-heal|p2b: Arcanine|46\/100|[from] item: Figy Berry\n|move|p1b: Weavile 2.0|Ice Spinner|p2a: Iron Hands\n|-damage|p2a: Iron Hands|64\/100\n|move|p2b: Arcanine|Will-O-Wisp|p1b: Weavile 2.0\n|-status|p1b: Weavile 2.0|brn\n|\n|-damage|p1b: Weavile 2.0|95\/100 brn|[from] brn\n|upkeep\n|turn|4\n|\n|t:|1681956225\n|move|p1b: Weavile 2.0|Protect|p1b: Weavile 2.0\n|-singleturn|p1b: Weavile 2.0|Protect\n|move|p2b: Arcanine|Protect|p2b: Arcanine\n|-singleturn|p2b: Arcanine|Protect\n|move|p1a: Ho ho ho|Hydro Pump|p2b: Arcanine\n|-activate|p2b: Arcanine|move: Protect\n|move|p2a: Iron Hands|Drain Punch|p1a: Ho ho ho\n|-supereffective|p1a: Ho ho ho\n|-damage|p1a: Ho ho ho|0 fnt\n|-heal|p2a: Iron Hands|87\/100|[from] drain|[of] p1a: Ho ho ho\n|faint|p1a: Ho ho ho\n|-end|p1a: Ho ho ho|Quark Drive|[silent]\n|\n|-damage|p1b: Weavile 2.0|89\/100 brn|[from] brn\n|upkeep\n|\n|t:|1681956232\n|switch|p1a: Misdreavous|Flutter Mane, L50|100\/100\n|turn|5\n|\n|t:|1681956252\n|switch|p2b: Ting-Lu|Ting-Lu, L50|65\/100 brn\n|-ability|p2b: Ting-Lu|Vessel of Ruin\n|-terastallize|p1a: Misdreavous|Fairy\n|-terastallize|p2a: Iron Hands|Fire\n|move|p1b: Weavile 2.0|Sacred Sword|p2b: Ting-Lu\n|-supereffective|p2b: Ting-Lu\n|-damage|p2b: Ting-Lu|42\/100 brn\n|move|p1a: Misdreavous|Dazzling Gleam|p2a: Iron Hands|[spread] p2a,p2b\n|-resisted|p2a: Iron Hands\n|-supereffective|p2b: Ting-Lu\n|-damage|p2a: Iron Hands|69\/100\n|-damage|p2b: Ting-Lu|0 fnt\n|faint|p2b: Ting-Lu\n|move|p2a: Iron Hands|Drain Punch|p1b: Weavile 2.0\n|-supereffective|p1b: Weavile 2.0\n|-damage|p1b: Weavile 2.0|0 fnt\n|-heal|p2a: Iron Hands|98\/100|[from] drain|[of] p1b: Weavile 2.0\n|faint|p1b: Weavile 2.0\n|\n|upkeep\n|-message|ThickSip forfeited.\n|\n|win|Sunaddicted\n|raw|ThickSip's rating: 1342 → 1319<\/strong> (-23 for losing)\n|raw|Sunaddicted's rating: 1283 → 1312<\/strong> (+29 for winning)\n|l|\u2606ThickSip\n","uploadtime":1681956284,"views":10,"p1id":"thicksip","p2id":"sunaddicted","formatid":"gen9vgc2023regulationc","rating":1312,"private":0,"password":""}