{"id":"gen9vgc2023regulationc-1860598799","p1":"DillonChills","p2":"Leafeonlou12","format":"[Gen 9] VGC 2023 Regulation C","log":"|j|\u2606DillonChills\n|j|\u2606Leafeonlou12\n|t:|1683657807\n|gametype|doubles\n|player|p1|DillonChills|1|1402\n|player|p2|Leafeonlou12|1|1493\n|teamsize|p1|6\n|teamsize|p2|6\n|gen|9\n|tier|[Gen 9] VGC 2023 Regulation C\n|rated|\n|rule|Species Clause: Limit one of each Pok\u00e9mon\n|rule|Item Clause: Limit one of each item\n|clearpoke\n|poke|p1|Flutter Mane, L50|\n|poke|p1|Gyarados, L50, F|\n|poke|p1|Amoonguss, L50, M|\n|poke|p1|Chi-Yu, L50|\n|poke|p1|Iron Hands, L50|\n|poke|p1|Ting-Lu, L50|\n|poke|p2|Rotom-Fan, L50|\n|poke|p2|Torkoal, L50, M|\n|poke|p2|Indeedee, L50, M|\n|poke|p2|Drifblim, L50, M|\n|poke|p2|Chi-Yu, L50|\n|poke|p2|Great Tusk, L50|\n|teampreview|4\n|\n|t:|1683657821\n|start\n|switch|p1a: Iron Hands|Iron Hands, L50|100\/100\n|switch|p1b: Ting-Lu|Ting-Lu, L50|100\/100\n|switch|p2a: Drifblim|Drifblim, L50, M|100\/100\n|switch|p2b: Indeedee|Indeedee, L50, M|100\/100\n|-fieldstart|move: Psychic Terrain|[from] ability: Psychic Surge|[of] p2b: Indeedee\n|-enditem|p2a: Drifblim|Psychic Seed\n|-boost|p2a: Drifblim|spd|1|[from] item: Psychic Seed\n|-ability|p1b: Ting-Lu|Vessel of Ruin\n|turn|1\n|\n|t:|1683657854\n|-terastallize|p1b: Ting-Lu|Water\n|move|p2a: Drifblim|Acrobatics|p1a: Iron Hands\n|-damage|p1a: Iron Hands|71\/100\n|move|p2b: Indeedee|Psychic|p1a: Iron Hands\n|-supereffective|p1a: Iron Hands\n|-damage|p1a: Iron Hands|28\/100\n|-unboost|p1a: Iron Hands|spd|1\n|move|p1a: Iron Hands|Volt Switch|p1b: Ting-Lu\n|-supereffective|p1b: Ting-Lu\n|-damage|p1b: Ting-Lu|90\/100\n|-enditem|p1b: Ting-Lu|Weakness Policy\n|-boost|p1b: Ting-Lu|atk|2|[from] item: Weakness Policy\n|-boost|p1b: Ting-Lu|spa|2|[from] item: Weakness Policy\n|\n|t:|1683657864\n|-end|p1a: Iron Hands|Quark Drive|[silent]\n|switch|p1a: Chi-Yu|Chi-Yu, L50|100\/100|[from] Volt Switch\n|-ability|p1a: Chi-Yu|Beads of Ruin\n|move|p1b: Ting-Lu|Payback|p2b: Indeedee\n|-supereffective|p2b: Indeedee\n|-damage|p2b: Indeedee|0 fnt\n|faint|p2b: Indeedee\n|\n|upkeep\n|inactive|Battle timer is ON: inactive players will automatically lose when time's up. (requested by DillonChills)\n|\n|t:|1683657870\n|switch|p2b: Great Tusk|Great Tusk, L50|100\/100\n|turn|2\n|\n|t:|1683657885\n|move|p1b: Ting-Lu|Protect|p1b: Ting-Lu\n|-singleturn|p1b: Ting-Lu|Protect\n|move|p2a: Drifblim|Haze|p2a: Drifblim\n|-clearallboost\n|move|p1a: Chi-Yu|Heat Wave|p2a: Drifblim|[spread] p2a,p2b\n|-damage|p2a: Drifblim|55\/100\n|-damage|p2b: Great Tusk|68\/100\n|move|p2b: Great Tusk|Earthquake|p1b: Ting-Lu|[spread] p1a\n|-activate|p1b: Ting-Lu|move: Protect\n|-immune|p2a: Drifblim\n|-supereffective|p1a: Chi-Yu\n|-damage|p1a: Chi-Yu|0 fnt\n|faint|p1a: Chi-Yu\n|\n|upkeep\n|\n|t:|1683657894\n|switch|p1a: Flutter Mane|Flutter Mane, L50|100\/100\n|-enditem|p1a: Flutter Mane|Booster Energy\n|-activate|p1a: Flutter Mane|ability: Protosynthesis|[fromitem]\n|-start|p1a: Flutter Mane|protosynthesisspa\n|turn|3\n|\n|t:|1683657905\n|-terastallize|p2b: Great Tusk|Ground\n|move|p2a: Drifblim|Tailwind|p2a: Drifblim\n|-sidestart|p2: Leafeonlou12|move: Tailwind\n|move|p2b: Great Tusk|Iron Head|p1a: Flutter Mane\n|-supereffective|p1a: Flutter Mane\n|-damage|p1a: Flutter Mane|29\/100\n|move|p1a: Flutter Mane|Substitute|p1a: Flutter Mane\n|-start|p1a: Flutter Mane|Substitute\n|-damage|p1a: Flutter Mane|4\/100\n|move|p1b: Ting-Lu|Payback|p2a: Drifblim\n|-supereffective|p2a: Drifblim\n|-damage|p2a: Drifblim|0 fnt\n|faint|p2a: Drifblim\n|\n|upkeep\n|\n|t:|1683657917\n|switch|p2a: Rotom|Rotom-Fan, L50|100\/100\n|turn|4\n|inactive|DillonChills has 30 seconds left.\n|\n|t:|1683657947\n|move|p1a: Flutter Mane|Protect|p1a: Flutter Mane\n|-singleturn|p1a: Flutter Mane|Protect\n|move|p2a: Rotom|Discharge|p1a: Flutter Mane|[spread] p1b\n|-activate|p1a: Flutter Mane|move: Protect\n|-immune|p2b: Great Tusk\n|-supereffective|p1b: Ting-Lu\n|-damage|p1b: Ting-Lu|59\/100\n|move|p2b: Great Tusk|Earthquake|p1b: Ting-Lu|[spread] p1b\n|-activate|p1a: Flutter Mane|move: Protect\n|-immune|p2a: Rotom\n|-damage|p1b: Ting-Lu|24\/100\n|move|p1b: Ting-Lu|Payback|p2a: Rotom\n|-damage|p2a: Rotom|50\/100\n|-enditem|p2a: Rotom|Sitrus Berry|[eat]\n|-heal|p2a: Rotom|75\/100|[from] item: Sitrus Berry\n|\n|upkeep\n|turn|5\n|\n|t:|1683657971\n|move|p1b: Ting-Lu|Protect|p1b: Ting-Lu\n|-singleturn|p1b: Ting-Lu|Protect\n|move|p2a: Rotom|Discharge|p1b: Ting-Lu|[spread] p1a\n|-activate|p1b: Ting-Lu|move: Protect\n|-immune|p2b: Great Tusk\n|-activate|p1a: Flutter Mane|move: Substitute|[damage]\n|move|p2b: Great Tusk|Earthquake|p1b: Ting-Lu|[spread] p1a\n|-activate|p1b: Ting-Lu|move: Protect\n|-immune|p2a: Rotom\n|-end|p1a: Flutter Mane|Substitute\n|move|p1a: Flutter Mane|Moonblast|p2a: Rotom\n|-damage|p2a: Rotom|25\/100\n|\n|-fieldend|move: Psychic Terrain\n|upkeep\n|turn|6\n|\n|t:|1683657990\n|move|p1a: Flutter Mane|Protect|p1a: Flutter Mane\n|-singleturn|p1a: Flutter Mane|Protect\n|move|p1b: Ting-Lu|Protect|p1b: Ting-Lu\n|-singleturn|p1b: Ting-Lu|Protect\n|move|p2a: Rotom|Discharge|p1b: Ting-Lu|[spread] \n|-activate|p1a: Flutter Mane|move: Protect\n|-activate|p1b: Ting-Lu|move: Protect\n|-immune|p2b: Great Tusk\n|move|p2b: Great Tusk|Earthquake|p1a: Flutter Mane|[spread] \n|-activate|p1a: Flutter Mane|move: Protect\n|-activate|p1b: Ting-Lu|move: Protect\n|-immune|p2a: Rotom\n|\n|-sideend|p2: Leafeonlou12|move: Tailwind\n|upkeep\n|turn|7\n|\n|t:|1683658002\n|move|p2a: Rotom|Protect|p2a: Rotom\n|-singleturn|p2a: Rotom|Protect\n|move|p1a: Flutter Mane|Moonblast|p2b: Great Tusk\n|-damage|p2b: Great Tusk|30\/100\n|move|p2b: Great Tusk|Earthquake|p1b: Ting-Lu|[spread] p1a,p1b\n|-activate|p2a: Rotom|move: Protect\n|-damage|p1a: Flutter Mane|0 fnt\n|-damage|p1b: Ting-Lu|0 fnt\n|faint|p1a: Flutter Mane\n|-end|p1a: Flutter Mane|Protosynthesis|[silent]\n|faint|p1b: Ting-Lu\n|\n|upkeep\n|-message|DillonChills forfeited.\n|\n|win|Leafeonlou12\n|raw|DillonChills's rating: 1402 → 1387<\/strong> (-15 for losing)\n|raw|Leafeonlou12's rating: 1493 → 1508<\/strong> (+15 for winning)\n|l|\u2606DillonChills\n","uploadtime":1683658020,"views":10,"p1id":"dillonchills","p2id":"leafeonlou12","formatid":"gen9vgc2023regulationc","rating":1387,"private":0,"password":""}