{"id":"gen9vgc2023regulationc-1856585402","p1":"TimidTailwind","p2":"Yuhunglo","format":"[Gen 9] VGC 2023 Regulation C","log":"|j|\u2606TimidTailwind\n|j|\u2606Yuhunglo\n|t:|1683078893\n|gametype|doubles\n|player|p1|TimidTailwind|lyra|1367\n|player|p2|Yuhunglo|hilbert|1268\n|teamsize|p1|6\n|teamsize|p2|6\n|gen|9\n|tier|[Gen 9] VGC 2023 Regulation C\n|rated|\n|rule|Species Clause: Limit one of each Pok\u00e9mon\n|rule|Item Clause: Limit one of each item\n|clearpoke\n|poke|p1|Ting-Lu, L50|\n|poke|p1|Iron Bundle, L50|\n|poke|p1|Abomasnow, L50, M|\n|poke|p1|Glaceon, L50, F|\n|poke|p1|Ceruledge, L50, M|\n|poke|p1|Vivillon, L50, F|\n|poke|p2|Scream Tail, L50|\n|poke|p2|Dragapult, L50, F|\n|poke|p2|Kingambit, L50, F|\n|poke|p2|Iron Hands, L50|\n|poke|p2|Ting-Lu, L50|\n|poke|p2|Iron Valiant, L50|\n|teampreview|4\n|inactive|Battle timer is ON: inactive players will automatically lose when time's up. (requested by TimidTailwind)\nTimidTailwind has agreed to open team sheets.\n|inactive|TimidTailwind has 60 seconds left.\n|inactive|Yuhunglo has 60 seconds left.\n|\n|t:|1683078932\n|start\n|switch|p1a: Unbending|Ting-Lu, L50|100\/100\n|switch|p1b: Pure Vessel|Ceruledge, L50, M|100\/100\n|switch|p2a: Iron Hands|Iron Hands, L50|100\/100\n|switch|p2b: Iron Valiant|Iron Valiant, L50|100\/100\n|-ability|p1a: Unbending|Vessel of Ruin\n|turn|1\n|\n|t:|1683078953\n|-terastallize|p1b: Pure Vessel|Grass\n|move|p2b: Iron Valiant|Protect|p2b: Iron Valiant\n|-singleturn|p2b: Iron Valiant|Protect\n|move|p1b: Pure Vessel|Bitter Blade|p2b: Iron Valiant\n|-activate|p2b: Iron Valiant|move: Protect\n|move|p1a: Unbending|Earthquake|p2a: Iron Hands|[spread] p1b,p2a\n|-activate|p2b: Iron Valiant|move: Protect\n|-resisted|p1b: Pure Vessel\n|-supereffective|p2a: Iron Hands\n|-damage|p1b: Pure Vessel|57\/100\n|-damage|p2a: Iron Hands|18\/100\n|move|p2a: Iron Hands|Wild Charge|p1b: Pure Vessel\n|-resisted|p1b: Pure Vessel\n|-damage|p1b: Pure Vessel|16\/100\n|-damage|p2a: Iron Hands|12\/100|[from] Recoil\n|\n|upkeep\n|turn|2\n|\n|t:|1683078965\n|switch|p1b: The Storm|Abomasnow, L50, M, shiny|100\/100\n|-weather|Snow|[from] ability: Snow Warning|[of] p1b: The Storm\n|-end|p2a: Iron Hands|Quark Drive|[silent]\n|switch|p2a: Ting-Lu|Ting-Lu, L50|100\/100\n|-ability|p2a: Ting-Lu|Vessel of Ruin\n|move|p2b: Iron Valiant|Spirit Break|p1b: The Storm\n|-damage|p1b: The Storm|70\/100\n|-unboost|p1b: The Storm|spa|1\n|move|p1a: Unbending|Earthquake|p2b: Iron Valiant|[spread] p1b,p2a,p2b\n|-resisted|p1b: The Storm\n|-damage|p1b: The Storm|51\/100\n|-damage|p2a: Ting-Lu|66\/100\n|-damage|p2b: Iron Valiant|28\/100\n|\n|-weather|Snow|[upkeep]\n|upkeep\n|turn|3\n|inactive|Yuhunglo has 30 seconds left.\n|\n|t:|1683078998\n|move|p2b: Iron Valiant|Protect|p2b: Iron Valiant\n|-singleturn|p2b: Iron Valiant|Protect\n|move|p1b: The Storm|Ice Shard|p2b: Iron Valiant\n|-activate|p2b: Iron Valiant|move: Protect\n|move|p1a: Unbending|Earthquake|p2a: Ting-Lu|[spread] p1b,p2a\n|-activate|p2b: Iron Valiant|move: Protect\n|-resisted|p1b: The Storm\n|-damage|p1b: The Storm|31\/100\n|-damage|p2a: Ting-Lu|35\/100\n|move|p2a: Ting-Lu|Heavy Slam|p1b: The Storm\n|-supereffective|p1b: The Storm\n|-damage|p1b: The Storm|0 fnt\n|faint|p1b: The Storm\n|\n|-weather|Snow|[upkeep]\n|upkeep\n|\n|t:|1683079003\n|switch|p1b: Frozen Flares|Iron Bundle, L50|100\/100\n|-enditem|p1b: Frozen Flares|Booster Energy\n|-activate|p1b: Frozen Flares|ability: Quark Drive|[fromitem]\n|-start|p1b: Frozen Flares|quarkdrivespe\n|turn|4\n|\n|t:|1683079018\n|-end|p2b: Iron Valiant|Quark Drive|[silent]\n|switch|p2b: Iron Hands|Iron Hands, L50|12\/100\n|switch|p1a: Pure Vessel|Ceruledge, L50, M, tera:Grass|16\/100\n|switch|p2a: Kingambit|Kingambit, L50, F|100\/100\n|move|p1b: Frozen Flares|Blizzard|p2b: Iron Hands|[spread] p2a,p2b\n|-resisted|p2a: Kingambit\n|-crit|p2b: Iron Hands\n|-damage|p2a: Kingambit|79\/100\n|-damage|p2b: Iron Hands|0 fnt\n|faint|p2b: Iron Hands\n|-end|p2b: Iron Hands|Quark Drive|[silent]\n|\n|-weather|Snow|[upkeep]\n|upkeep\n|\n|t:|1683079022\n|switch|p2b: Iron Valiant|Iron Valiant, L50|28\/100\n|turn|5\n|\n|t:|1683079036\n|move|p2a: Kingambit|Sucker Punch|p1a: Pure Vessel\n|-damage|p1a: Pure Vessel|0 fnt\n|faint|p1a: Pure Vessel\n|move|p1b: Frozen Flares|Blizzard|p2b: Iron Valiant|[spread] p2a,p2b\n|-resisted|p2a: Kingambit\n|-damage|p2a: Kingambit|61\/100\n|-damage|p2b: Iron Valiant|0 fnt\n|faint|p2b: Iron Valiant\n|-end|p2b: Iron Valiant|Quark Drive|[silent]\n|\n|-weather|Snow|[upkeep]\n|upkeep\n|\n|t:|1683079042\n|switch|p2b: Ting-Lu|Ting-Lu, L50|35\/100\n|switch|p1a: Unbending|Ting-Lu, L50|100\/100\n|-ability|p1a: Unbending|Vessel of Ruin\n|-ability|p2b: Ting-Lu|Vessel of Ruin\n|turn|6\n|inactive|Yuhunglo has 30 seconds left.\n|\n|t:|1683079075\n|move|p2a: Kingambit|Sucker Punch||[still]\n|-fail|p2a: Kingambit\n|move|p1b: Frozen Flares|Aurora Veil|p1b: Frozen Flares\n|-sidestart|p1: TimidTailwind|move: Aurora Veil\n|move|p1a: Unbending|Earthquake|p2b: Ting-Lu|[spread] p1b,p2a,p2b\n|-supereffective|p2a: Kingambit\n|-damage|p1b: Frozen Flares|71\/100\n|-damage|p2a: Kingambit|0 fnt\n|-damage|p2b: Ting-Lu|4\/100\n|faint|p2a: Kingambit\n|move|p2b: Ting-Lu|Throat Chop|p1b: Frozen Flares\n|-damage|p1b: Frozen Flares|49\/100\n|-start|p1b: Frozen Flares|Throat Chop|[silent]\n|\n|-weather|none\n|upkeep\n|turn|7\n|-message|Yuhunglo forfeited.\n|\n|win|TimidTailwind\n|raw|TimidTailwind's rating: 1367 → 1381<\/strong> (+14 for winning)\n|raw|Yuhunglo's rating: 1268 → 1250<\/strong> (-18 for losing)\n|l|\u2606Yuhunglo\n","uploadtime":1683079087,"views":15,"p1id":"timidtailwind","p2id":"yuhunglo","formatid":"gen9vgc2023regulationc","rating":1250,"private":0,"password":""}