{"id":"gen9vgc2023regulationc-1847969036","p1":"ThreeFingerDP","p2":"oopsycanyousee","format":"[Gen 9] VGC 2023 Regulation C","log":"|j|\u2606ThreeFingerDP\n|j|\u2606oopsycanyousee\n|t:|1682016741\n|gametype|doubles\n|player|p1|ThreeFingerDP|wallace|1225\n|player|p2|oopsycanyousee|larry|1179\n|teamsize|p1|6\n|teamsize|p2|6\n|gen|9\n|tier|[Gen 9] VGC 2023 Regulation C\n|rated|\n|rule|Species Clause: Limit one of each Pok\u00e9mon\n|rule|Item Clause: Limit one of each item\n|clearpoke\n|poke|p1|Dragonite, L50, M|\n|poke|p1|Chien-Pao, L50|\n|poke|p1|Dondozo, L50, F|\n|poke|p1|Tatsugiri, L50, F|\n|poke|p1|Chi-Yu, L50|\n|poke|p1|Flutter Mane, L50|\n|poke|p2|Arcanine, L50, M|\n|poke|p2|Palafin, L50, F|\n|poke|p2|Amoonguss, L50, F|\n|poke|p2|Flutter Mane, L50|\n|poke|p2|Chien-Pao, L50|\n|poke|p2|Iron Hands, L50|\n|teampreview|4\nThreeFingerDP has agreed to open team sheets.\noopsycanyousee has agreed to open team sheets.\n|inactive|Battle timer is ON: inactive players will automatically lose when time's up. (requested by ThreeFingerDP)\n|\n|t:|1682016832\n|start\n|switch|p1a: Flutter Mane|Flutter Mane, L50|100\/100\n|switch|p1b: Chi-Yu|Chi-Yu, L50|100\/100\n|switch|p2a: Ballasalla|Flutter Mane, L50|100\/100\n|switch|p2b: Port Erin|Palafin, L50, F|100\/100\n|-ability|p1b: Chi-Yu|Beads of Ruin\n|-enditem|p2a: Ballasalla|Booster Energy\n|-activate|p2a: Ballasalla|ability: Protosynthesis|[fromitem]\n|-start|p2a: Ballasalla|protosynthesisspa\n|turn|1\n|inactive|oopsycanyousee has 30 seconds left.\n|\n|t:|1682016863\n|detailschange|p2b: Port Erin|Palafin-Hero, L50, F\n|switch|p2b: Ramsey|Iron Hands, L50|100\/100\n|move|p2a: Ballasalla|Protect|p2a: Ballasalla\n|-singleturn|p2a: Ballasalla|Protect\n|move|p1a: Flutter Mane|Thunderbolt|p2b: Ramsey\n|-resisted|p2b: Ramsey\n|-damage|p2b: Ramsey|84\/100\n|move|p1b: Chi-Yu|Dark Pulse|p2a: Ballasalla\n|-activate|p2a: Ballasalla|move: Protect\n|\n|upkeep\n|turn|2\n|\n|t:|1682016886\n|-end|p1a: Flutter Mane|Protosynthesis|[silent]\n|switch|p1a: Dragonite|Dragonite, L50, M|100\/100\n|-terastallize|p1b: Chi-Yu|Ghost\n|move|p2b: Ramsey|Fake Out|p1b: Chi-Yu\n|-immune|p1b: Chi-Yu\n|move|p2a: Ballasalla|Substitute|p2a: Ballasalla\n|-start|p2a: Ballasalla|Substitute\n|-damage|p2a: Ballasalla|76\/100\n|move|p1b: Chi-Yu|Dark Pulse|p2a: Ballasalla\n|-end|p2a: Ballasalla|Substitute\n|-damage|p1b: Chi-Yu|91\/100|[from] item: Life Orb\n|\n|upkeep\n|turn|3\n|inactive|oopsycanyousee has 30 seconds left.\n|\n|t:|1682016913\n|move|p2a: Ballasalla|Protect|p2a: Ballasalla\n|-singleturn|p2a: Ballasalla|Protect\n|move|p1b: Chi-Yu|Protect|p1b: Chi-Yu\n|-singleturn|p1b: Chi-Yu|Protect\n|move|p1a: Dragonite|Earthquake|p2b: Ramsey|[spread] p2b\n|-activate|p1b: Chi-Yu|move: Protect\n|-activate|p2a: Ballasalla|move: Protect\n|-supereffective|p2b: Ramsey\n|-damage|p2b: Ramsey|40\/100\n|move|p2b: Ramsey|Volt Switch|p1a: Dragonite\n|-damage|p1a: Dragonite|86\/100\n|\n|t:|1682016936\n|-end|p2b: Ramsey|Quark Drive|[silent]\n|switch|p2b: Port Erin|Palafin-Hero, L50, F|100\/100|[from] Volt Switch\n|-activate|p2b: Port Erin|ability: Zero to Hero\n|\n|upkeep\n|turn|4\n|inactive|ThreeFingerDP has 30 seconds left.\n|inactive|oopsycanyousee has 30 seconds left.\n|inactive|ThreeFingerDP has 20 seconds left.\n|inactive|oopsycanyousee has 20 seconds left.\n|inactive|ThreeFingerDP has 15 seconds left.\n|inactive|ThreeFingerDP has 10 seconds left.\n|inactive|oopsycanyousee has 15 seconds left.\n|\n|t:|1682016985\n|switch|p1b: Chien-Pao|Chien-Pao, L50|100\/100\n|-ability|p1b: Chien-Pao|Sword of Ruin\n|-terastallize|p2b: Port Erin|Water\n|move|p2b: Port Erin|Jet Punch|p1b: Chien-Pao\n|-damage|p1b: Chien-Pao|21\/100\n|move|p2a: Ballasalla|Moonblast|p1a: Dragonite\n|-supereffective|p1a: Dragonite\n|-damage|p1a: Dragonite|0 fnt\n|faint|p1a: Dragonite\n|\n|upkeep\n|\n|t:|1682016998\n|switch|p1a: Flutter Mane|Flutter Mane, L50|100\/100\n|turn|5\n|\n|t:|1682017012\n|-end|p2a: Ballasalla|Protosynthesis|[silent]\n|switch|p2a: Douglas|Arcanine, L50, M|100\/100\n|-ability|p2a: Douglas|Intimidate|boost\n|-unboost|p1a: Flutter Mane|atk|1\n|-unboost|p1b: Chien-Pao|atk|1\n|move|p2b: Port Erin|Protect|p2b: Port Erin\n|-singleturn|p2b: Port Erin|Protect\n|move|p1b: Chien-Pao|Ice Spinner|p2a: Douglas\n|-resisted|p2a: Douglas\n|-damage|p2a: Douglas|82\/100\n|move|p1a: Flutter Mane|Moonblast|p2b: Port Erin\n|-activate|p2b: Port Erin|move: Protect\n|\n|upkeep\n|turn|6\n|inactive|oopsycanyousee has 30 seconds left.\n|\n|t:|1682017042\n|move|p2b: Port Erin|Jet Punch|p1b: Chien-Pao\n|-damage|p1b: Chien-Pao|0 fnt\n|faint|p1b: Chien-Pao\n|move|p1a: Flutter Mane|Moonblast|p2b: Port Erin\n|-damage|p2b: Port Erin|34\/100\n|move|p2a: Douglas|Flare Blitz|p1a: Flutter Mane\n|-damage|p1a: Flutter Mane|31\/100\n|-damage|p2a: Douglas|65\/100|[from] Recoil\n|\n|upkeep\n|\n|t:|1682017056\n|switch|p1b: Chi-Yu|Chi-Yu, L50, tera:Ghost|91\/100\n|-ability|p1b: Chi-Yu|Beads of Ruin\n|turn|7\n|\n|t:|1682017071\n|move|p2b: Port Erin|Jet Punch|p1a: Flutter Mane\n|-damage|p1a: Flutter Mane|0 fnt\n|faint|p1a: Flutter Mane\n|-end|p1a: Flutter Mane|Protosynthesis|[silent]\n|move|p1b: Chi-Yu|Dark Pulse|p2b: Port Erin\n|-damage|p2b: Port Erin|0 fnt\n|faint|p2b: Port Erin\n|-damage|p1b: Chi-Yu|81\/100|[from] item: Life Orb\n|move|p2a: Douglas|Flare Blitz|p1b: Chi-Yu\n|-damage|p1b: Chi-Yu|0 fnt\n|faint|p1b: Chi-Yu\n|-damage|p2a: Douglas|47\/100|[from] Recoil\n|\n|win|oopsycanyousee\n|raw|ThreeFingerDP's rating: 1225 → 1197<\/strong> (-28 for losing)\n|raw|oopsycanyousee's rating: 1179 → 1207<\/strong> (+28 for winning)\n|l|\u2606ThreeFingerDP\n","uploadtime":1682017186,"views":12,"p1id":"threefingerdp","p2id":"oopsycanyousee","formatid":"gen9vgc2023regulationc","rating":1197,"private":0,"password":""}