{"id":"gen9vgc2023regulationc-1860633774","p1":"Mumumumum","p2":"alenesse","format":"[Gen 9] VGC 2023 Regulation C","log":"|j|\u2606Mumumumum\n|j|\u2606alenesse\n|t:|1683661000\n|gametype|doubles\n|player|p1|Mumumumum|265|1333\n|player|p2|alenesse|blue|1334\n|teamsize|p1|6\n|teamsize|p2|6\n|gen|9\n|tier|[Gen 9] VGC 2023 Regulation C\n|rated|\n|rule|Species Clause: Limit one of each Pok\u00e9mon\n|rule|Item Clause: Limit one of each item\n|clearpoke\n|poke|p1|Sandy Shocks, L50|\n|poke|p1|Talonflame, L50, F|\n|poke|p1|Espathra, L50, F|\n|poke|p1|Sylveon, L50, M|\n|poke|p1|Dondozo, L50, M|\n|poke|p1|Tatsugiri-Stretchy, L50, M|\n|poke|p2|Dondozo, L50, M|\n|poke|p2|Tatsugiri-Droopy, L50, M|\n|poke|p2|Glimmora, L50, F|\n|poke|p2|Chi-Yu, L50|\n|poke|p2|Flutter Mane, L50|\n|poke|p2|Dragonite, L50, F|\n|teampreview|4\n|inactive|Battle timer is ON: inactive players will automatically lose when time's up. (requested by alenesse)\n|\n|t:|1683661027\n|start\n|switch|p1a: Espathra|Espathra, L50, F|100\/100\n|switch|p1b: Sandy Shocks|Sandy Shocks, L50, shiny|100\/100\n|switch|p2a: Glimmora|Glimmora, L50, F|100\/100\n|switch|p2b: Dragonite|Dragonite, L50, F|100\/100\n|turn|1\n|\n|t:|1683661041\n|-terastallize|p2a: Glimmora|Grass\n|move|p2b: Dragonite|Extreme Speed|p1b: Sandy Shocks\n|-damage|p1b: Sandy Shocks|54\/100\n|move|p1b: Sandy Shocks|Gravity|p1b: Sandy Shocks\n|-fieldstart|move: Gravity\n|move|p1a: Espathra|Hypnosis|p2a: Glimmora\n|-status|p2a: Glimmora|slp|[from] move: Hypnosis\n|cant|p2a: Glimmora|slp\n|\n|-ability|p1a: Espathra|Speed Boost|boost\n|-boost|p1a: Espathra|spe|1\n|upkeep\n|turn|2\n|\n|t:|1683661057\n|move|p2b: Dragonite|Extreme Speed|p1a: Espathra\n|-damage|p1a: Espathra|27\/100\n|move|p1a: Espathra|Hypnosis|p2b: Dragonite\n|-status|p2b: Dragonite|slp|[from] move: Hypnosis\n|move|p1b: Sandy Shocks|Thunderbolt|p2b: Dragonite\n|-damage|p2b: Dragonite|82\/100 slp\n|cant|p2a: Glimmora|slp\n|\n|-ability|p1a: Espathra|Speed Boost|boost\n|-boost|p1a: Espathra|spe|1\n|upkeep\n|turn|3\n|\n|t:|1683661069\n|cant|p2b: Dragonite|slp\n|move|p1a: Espathra|Lumina Crash|p2a: Glimmora\n|-damage|p2a: Glimmora|74\/100 slp\n|-unboost|p2a: Glimmora|spd|2\n|move|p1b: Sandy Shocks|Stealth Rock|p2b: Dragonite\n|-sidestart|p2: alenesse|move: Stealth Rock\n|cant|p2a: Glimmora|slp\n|\n|-ability|p1a: Espathra|Speed Boost|boost\n|-boost|p1a: Espathra|spe|1\n|upkeep\n|turn|4\n|\n|t:|1683661086\n|cant|p2b: Dragonite|slp\n|move|p1a: Espathra|Lumina Crash|p2a: Glimmora\n|-damage|p2a: Glimmora|20\/100 slp\n|-unboost|p2a: Glimmora|spd|2\n|move|p1b: Sandy Shocks|Thunderbolt|p2a: Glimmora\n|-resisted|p2a: Glimmora\n|-damage|p2a: Glimmora|0 fnt\n|faint|p2a: Glimmora\n|\n|-ability|p1a: Espathra|Speed Boost|boost\n|-boost|p1a: Espathra|spe|1\n|upkeep\n|\n|t:|1683661097\n|switch|p2a: Flutter Mane|Flutter Mane, L50|100\/100\n|-damage|p2a: Flutter Mane|89\/100|[from] Stealth Rock\n|-enditem|p2a: Flutter Mane|Booster Energy\n|-activate|p2a: Flutter Mane|ability: Protosynthesis|[fromitem]\n|-start|p2a: Flutter Mane|protosynthesisspe\n|turn|5\n|\n|t:|1683661111\n|move|p2a: Flutter Mane|Protect|p2a: Flutter Mane\n|-singleturn|p2a: Flutter Mane|Protect\n|-curestatus|p2b: Dragonite|slp|[msg]\n|move|p2b: Dragonite|Extreme Speed|p1a: Espathra\n|-damage|p1a: Espathra|0 fnt\n|faint|p1a: Espathra\n|move|p1b: Sandy Shocks|Thunderbolt|p2a: Flutter Mane\n|-activate|p2a: Flutter Mane|move: Protect\n|\n|-fieldend|move: Gravity\n|upkeep\n|\n|t:|1683661114\n|switch|p1a: Dondozo|Dondozo, L50, M|100\/100\n|turn|6\n|\n|t:|1683661124\n|-end|p1b: Sandy Shocks|Protosynthesis|[silent]\n|switch|p1b: Tatsugiri|Tatsugiri-Stretchy, L50, M|100\/100\n|-activate|p1b: Tatsugiri|ability: Commander|[of] p1a: Dondozo\n|-boost|p1a: Dondozo|atk|2\n|-boost|p1a: Dondozo|spa|2\n|-boost|p1a: Dondozo|spe|2\n|-boost|p1a: Dondozo|def|2\n|-boost|p1a: Dondozo|spd|2\n|switch|p2b: Tatsugiri|Tatsugiri-Droopy, L50, M|100\/100\n|-damage|p2b: Tatsugiri|88\/100|[from] Stealth Rock\n|move|p2a: Flutter Mane|Substitute|p2a: Flutter Mane\n|-start|p2a: Flutter Mane|Substitute\n|-damage|p2a: Flutter Mane|64\/100\n|move|p1a: Dondozo|Rock Slide|p2b: Tatsugiri|[spread] p2a,p2b\n|-end|p2a: Flutter Mane|Substitute\n|-damage|p2b: Tatsugiri|19\/100\n|\n|upkeep\n|turn|7\n|\n|t:|1683661144\n|move|p2a: Flutter Mane|Moonblast|p1a: Dondozo\n|-damage|p1a: Dondozo|74\/100\n|move|p1a: Dondozo|Rock Slide|p2a: Flutter Mane|[spread] p2b\n|-miss|p1a: Dondozo|p2a: Flutter Mane\n|-damage|p2b: Tatsugiri|0 fnt\n|faint|p2b: Tatsugiri\n|\n|upkeep\n|\n|t:|1683661149\n|switch|p2b: Dragonite|Dragonite, L50, F|82\/100\n|-damage|p2b: Dragonite|57\/100|[from] Stealth Rock\n|turn|8\n|\n|t:|1683661157\n|move|p2b: Dragonite|Extreme Speed|p1a: Dondozo\n|-damage|p1a: Dondozo|58\/100\n|move|p2a: Flutter Mane|Moonblast|p1a: Dondozo\n|-damage|p1a: Dondozo|30\/100\n|move|p1a: Dondozo|Rock Slide|p2a: Flutter Mane|[spread] p2a,p2b\n|-supereffective|p2b: Dragonite\n|-damage|p2a: Flutter Mane|0 fnt\n|-damage|p2b: Dragonite|0 fnt\n|faint|p2a: Flutter Mane\n|-end|p2a: Flutter Mane|Protosynthesis|[silent]\n|faint|p2b: Dragonite\n|\n|win|Mumumumum\n|raw|Mumumumum's rating: 1333 → 1353<\/strong> (+20 for winning)\n|raw|alenesse's rating: 1334 → 1314<\/strong> (-20 for losing)\n|l|\u2606alenesse\n","uploadtime":1683661217,"views":20,"p1id":"mumumumum","p2id":"alenesse","formatid":"gen9vgc2023regulationc","rating":1314,"private":0,"password":""}