{"id":"gen9vgc2023regulationc-1864121088","p1":"nickfang7","p2":"Chirachi","format":"[Gen 9] VGC 2023 Regulation C","log":"|j|\u2606nickfang7\n|j|\u2606Chirachi\n|t:|1684120462\n|gametype|doubles\n|player|p1|nickfang7|1|1568\n|player|p2|Chirachi|rosa|1567\n|teamsize|p1|6\n|teamsize|p2|6\n|gen|9\n|tier|[Gen 9] VGC 2023 Regulation C\n|rated|\n|rule|Species Clause: Limit one of each Pok\u00e9mon\n|rule|Item Clause: Limit one of each item\n|clearpoke\n|poke|p1|Torkoal, L50, M|\n|poke|p1|Jumpluff, L50, F|\n|poke|p1|Flutter Mane, L50|\n|poke|p1|Kingambit, L50, M|\n|poke|p1|Great Tusk, L50|\n|poke|p1|Chien-Pao, L50|\n|poke|p2|Gastrodon, L50, F|\n|poke|p2|Tyranitar, L50, M|\n|poke|p2|Gyarados, L50, M|\n|poke|p2|Rotom-Heat, L50|\n|poke|p2|Iron Hands, L50|\n|poke|p2|Corviknight, L50, M|\n|teampreview|4\n|inactive|Battle timer is ON: inactive players will automatically lose when time's up. (requested by nickfang7)\n|inactive|nickfang7 has 60 seconds left.\n|inactive|Chirachi has 60 seconds left.\n|j| They34\n|inactive|nickfang7 has 30 seconds left.\n|inactive|nickfang7 has 20 seconds left.\n|\n|t:|1684120535\n|start\n|switch|p1a: Flutter Mane|Flutter Mane, L50|100\/100\n|switch|p1b: Kingambit|Kingambit, L50, M|100\/100\n|switch|p2a: Iron Hands|Iron Hands, L50|100\/100\n|switch|p2b: Gastrodon|Gastrodon, L50, F|100\/100\n|turn|1\n|j| THUNDERSND77\n|inactive|Chirachi has 30 seconds left.\n|inactive|Chirachi has 20 seconds left.\n|c|\u2606nickfang7|feels like you've got everything\n|inactive|Chirachi has 15 seconds left.\n|inactive|Chirachi has 10 seconds left.\n|\n|t:|1684120580\n|switch|p1b: Jumpluff|Jumpluff, L50, F|100\/100\n|move|p2b: Gastrodon|Protect|p2b: Gastrodon\n|-singleturn|p2b: Gastrodon|Protect\n|move|p1a: Flutter Mane|Moonblast|p2a: Iron Hands\n|-supereffective|p2a: Iron Hands\n|-damage|p2a: Iron Hands|6\/100\n|move|p2a: Iron Hands|Heavy Slam|p1a: Flutter Mane\n|-supereffective|p1a: Flutter Mane\n|-damage|p1a: Flutter Mane|0 fnt\n|faint|p1a: Flutter Mane\n|-end|p1a: Flutter Mane|Protosynthesis|[silent]\n|\n|upkeep\n|\n|t:|1684120594\n|switch|p1a: Kingambit|Kingambit, L50, M|100\/100\n|turn|2\n|\n|t:|1684120607\n|-end|p2a: Iron Hands|Quark Drive|[silent]\n|switch|p2a: Tyranitar|Tyranitar, L50, M|100\/100\n|-weather|Sandstorm|[from] ability: Sand Stream|[of] p2a: Tyranitar\n|move|p1b: Jumpluff|Leaf Storm|p2b: Gastrodon\n|-supereffective|p2b: Gastrodon\n|-damage|p2b: Gastrodon|3\/100\n|-unboost|p1b: Jumpluff|spa|2\n|move|p1a: Kingambit|Kowtow Cleave|p2a: Tyranitar\n|-resisted|p2a: Tyranitar\n|-damage|p2a: Tyranitar|81\/100\n|move|p2b: Gastrodon|Ice Beam|p1b: Jumpluff\n|-supereffective|p1b: Jumpluff\n|-damage|p1b: Jumpluff|0 fnt\n|faint|p1b: Jumpluff\n|-damage|p2b: Gastrodon|0 fnt|[from] item: Life Orb\n|faint|p2b: Gastrodon\n|\n|-weather|Sandstorm|[upkeep]\n|upkeep\n|\n|t:|1684120627\n|switch|p1b: Great Tusk|Great Tusk, L50|100\/100\n|switch|p2b: Iron Hands|Iron Hands, L50|6\/100\n|turn|3\n|inactive|nickfang7 has 30 seconds left.\n|inactive|Chirachi has 30 seconds left.\n|j| Orqas\n|inactive|Chirachi has 20 seconds left.\n|inactive|Chirachi has 15 seconds left.\n|inactive|nickfang7 has 20 seconds left.\n|inactive|nickfang7 has 15 seconds left.\n|\n|t:|1684120678\n|-terastallize|p1a: Kingambit|Fire\n|move|p2b: Iron Hands|Fake Out|p1b: Great Tusk\n|-damage|p1b: Great Tusk|91\/100\n|cant|p1b: Great Tusk|flinch\n|move|p2a: Tyranitar|Low Kick|p1a: Kingambit\n|-damage|p1a: Kingambit|74\/100\n|move|p1a: Kingambit|Iron Head|p2a: Tyranitar\n|-supereffective|p2a: Tyranitar\n|-damage|p2a: Tyranitar|8\/100\n|\n|-weather|Sandstorm|[upkeep]\n|-damage|p1a: Kingambit|69\/100|[from] Sandstorm\n|-damage|p2b: Iron Hands|0 fnt|[from] Sandstorm\n|faint|p2b: Iron Hands\n|-end|p2b: Iron Hands|Quark Drive|[silent]\n|upkeep\n|\n|t:|1684120689\n|switch|p2b: Gyarados|Gyarados, L50, M|100\/100\n|-ability|p2b: Gyarados|Intimidate|boost\n|-unboost|p1a: Kingambit|atk|1\n|-ability|p1a: Kingambit|Defiant|boost\n|-boost|p1a: Kingambit|atk|2\n|-unboost|p1b: Great Tusk|atk|1\n|turn|4\n|inactive|nickfang7 has 30 seconds left.\n|inactive|nickfang7 has 20 seconds left.\n|inactive|nickfang7 has 15 seconds left.\n|inactive|nickfang7 has 10 seconds left.\n|\n|t:|1684120736\n|move|p1a: Kingambit|Sucker Punch|p2a: Tyranitar\n|-resisted|p2a: Tyranitar\n|-damage|p2a: Tyranitar|0 fnt\n|faint|p2a: Tyranitar\n|move|p1b: Great Tusk|Rock Slide|p2b: Gyarados\n|-supereffective|p2b: Gyarados\n|-damage|p2b: Gyarados|68\/100\n|cant|p2b: Gyarados|flinch\n|\n|-weather|Sandstorm|[upkeep]\n|-damage|p2b: Gyarados|62\/100|[from] Sandstorm\n|-damage|p1a: Kingambit|63\/100|[from] Sandstorm\n|upkeep\n|turn|5\n|-message|Chirachi forfeited.\n|\n|win|nickfang7\n|raw|nickfang7's rating: 1568 → 1588<\/strong> (+20 for winning)\n|raw|Chirachi's rating: 1567 → 1547<\/strong> (-20 for losing)\n|l|\u2606Chirachi\n","uploadtime":1684120751,"views":10,"p1id":"nickfang7","p2id":"chirachi","formatid":"gen9vgc2023regulationc","rating":1547,"private":0,"password":""}