{"id":"gen9vgc2023regulationc-1845155874","p1":"fake_pinkmilk","p2":"Saisy","format":"[Gen 9] VGC 2023 Regulation C","log":"|j|\u2606fake_pinkmilk\n|j|\u2606Saisy\n|t:|1681690228\n|gametype|doubles\n|player|p1|fake_pinkmilk|preschooler|1022\n|player|p2|Saisy|lady-gen4|1083\n|teamsize|p1|6\n|teamsize|p2|6\n|gen|9\n|tier|[Gen 9] VGC 2023 Regulation C\n|rated|\n|rule|Species Clause: Limit one of each Pok\u00e9mon\n|rule|Item Clause: Limit one of each item\n|clearpoke\n|poke|p1|Krookodile, L50, M|\n|poke|p1|Orthworm, L50, M|\n|poke|p1|Scizor, L50, M|\n|poke|p1|Flutter Mane, L50|\n|poke|p1|Brute Bonnet, L50|\n|poke|p1|Sylveon, L50, F|\n|poke|p2|Flutter Mane, L50|\n|poke|p2|Gyarados, L50, M|\n|poke|p2|Chi-Yu, L50|\n|poke|p2|Dragonite, L50, F|\n|poke|p2|Amoonguss, L50, F|\n|poke|p2|Murkrow, L50, F|\n|teampreview|4\n|\n|t:|1681690253\n|start\n|switch|p1a: Sylveon|Sylveon, L50, F|100\/100\n|switch|p1b: Scizor|Scizor, L50, M|100\/100\n|switch|p2a: Chi-Yu|Chi-Yu, L50|100\/100\n|switch|p2b: Murkrow|Murkrow, L50, F|100\/100\n|-ability|p2a: Chi-Yu|Beads of Ruin\n|turn|1\n|\n|t:|1681690284\n|-terastallize|p2a: Chi-Yu|Grass\n|move|p1b: Scizor|Protect|p1b: Scizor\n|-singleturn|p1b: Scizor|Protect\n|move|p2b: Murkrow|Sunny Day|p2b: Murkrow\n|-weather|SunnyDay\n|move|p2a: Chi-Yu|Heat Wave|p1a: Sylveon|[spread] p1a\n|-activate|p1b: Scizor|move: Protect\n|-damage|p1a: Sylveon|26\/100\n|move|p1a: Sylveon|Hyper Voice|p2b: Murkrow|[spread] p2a,p2b\n|-supereffective|p2b: Murkrow\n|-damage|p2a: Chi-Yu|52\/100\n|-damage|p2b: Murkrow|0 fnt\n|faint|p2b: Murkrow\n|\n|-weather|SunnyDay|[upkeep]\n|upkeep\n|\n|t:|1681690301\n|switch|p2b: Gyarados|Gyarados, L50, M|100\/100\n|-ability|p2b: Gyarados|Intimidate|boost\n|-unboost|p1a: Sylveon|atk|1\n|-unboost|p1b: Scizor|atk|1\n|turn|2\n|\n|t:|1681690316\n|move|p1a: Sylveon|Protect|p1a: Sylveon\n|-singleturn|p1a: Sylveon|Protect\n|move|p1b: Scizor|Bullet Punch|p2a: Chi-Yu\n|-damage|p2a: Chi-Yu|13\/100\n|move|p2a: Chi-Yu|Heat Wave|p1b: Scizor|[spread] p1b\n|-activate|p1a: Sylveon|move: Protect\n|-supereffective|p1b: Scizor\n|-damage|p1b: Scizor|0 fnt\n|faint|p1b: Scizor\n|move|p2b: Gyarados|Waterfall|p1a: Sylveon\n|-activate|p1a: Sylveon|move: Protect\n|\n|-weather|SunnyDay|[upkeep]\n|upkeep\n|\n|t:|1681690327\n|switch|p1b: Flutter Mane|Flutter Mane, L50|100\/100\n|-activate|p1b: Flutter Mane|ability: Protosynthesis\n|-start|p1b: Flutter Mane|protosynthesisspe\n|turn|3\n|\n|t:|1681690350\n|move|p1b: Flutter Mane|Moonblast|p2a: Chi-Yu\n|-damage|p2a: Chi-Yu|0 fnt\n|faint|p2a: Chi-Yu\n|move|p2b: Gyarados|Thunder Wave|p1b: Flutter Mane\n|-status|p1b: Flutter Mane|par\n|move|p1a: Sylveon|Hyper Voice|p2b: Gyarados\n|-damage|p2b: Gyarados|46\/100\n|\n|-weather|SunnyDay|[upkeep]\n|upkeep\n|\n|t:|1681690360\n|switch|p2a: Flutter Mane|Flutter Mane, L50|100\/100\n|-activate|p2a: Flutter Mane|ability: Protosynthesis\n|-start|p2a: Flutter Mane|protosynthesisspe\n|turn|4\n|\n|t:|1681690369\n|move|p2a: Flutter Mane|Shadow Ball|p1b: Flutter Mane\n|-supereffective|p1b: Flutter Mane\n|-damage|p1b: Flutter Mane|4\/100 par\n|move|p1b: Flutter Mane|Moonblast|p2b: Gyarados\n|-damage|p2b: Gyarados|0 fnt\n|faint|p2b: Gyarados\n|move|p1a: Sylveon|Hyper Beam|p2a: Flutter Mane\n|-enditem|p2a: Flutter Mane|Focus Sash\n|-damage|p2a: Flutter Mane|1\/100\n|-mustrecharge|p1a: Sylveon\n|\n|-weather|SunnyDay|[upkeep]\n|upkeep\n|turn|5\n|\n|t:|1681690382\n|move|p2a: Flutter Mane|Dazzling Gleam|p1a: Sylveon|[spread] p1a,p1b\n|-damage|p1a: Sylveon|4\/100\n|-damage|p1b: Flutter Mane|0 fnt\n|faint|p1b: Flutter Mane\n|-end|p1b: Flutter Mane|Protosynthesis|[silent]\n|cant|p1a: Sylveon|recharge\n|\n|-weather|none\n|-end|p2a: Flutter Mane|Protosynthesis\n|upkeep\n|\n|t:|1681690387\n|switch|p1b: Brute Bonnet|Brute Bonnet, L50|100\/100\n|turn|6\n|\n|t:|1681690397\n|move|p1a: Sylveon|Protect|p1a: Sylveon\n|-singleturn|p1a: Sylveon|Protect\n|move|p1b: Brute Bonnet|Sucker Punch|p2a: Flutter Mane\n|-damage|p2a: Flutter Mane|0 fnt\n|faint|p2a: Flutter Mane\n|-end|p2a: Flutter Mane|Protosynthesis|[silent]\n|-damage|p1b: Brute Bonnet|91\/100|[from] item: Life Orb\n|\n|win|fake_pinkmilk\n|raw|fake_pinkmilk's rating: 1022 → 1065<\/strong> (+43 for winning)\n|raw|Saisy's rating: 1083 → 1057<\/strong> (-26 for losing)\n","uploadtime":1681690404,"views":65,"p1id":"fakepinkmilk","p2id":"saisy","formatid":"gen9vgc2023regulationc","rating":1057,"private":0,"password":""}