{"id":"gen9vgc2023regulationc-1863870816","p1":"XxKillGore642xX","p2":"hepowoqdjwe","format":"[Gen 9] VGC 2023 Regulation C","log":"|j|\u2606XxKillGore642xX\n|j|\u2606hepowoqdjwe\n|t:|1684087673\n|gametype|doubles\n|player|p1|XxKillGore642xX|170|1058\n|player|p2|hepowoqdjwe|sisandbro|1118\n|teamsize|p1|6\n|teamsize|p2|6\n|gen|9\n|tier|[Gen 9] VGC 2023 Regulation C\n|rated|\n|rule|Species Clause: Limit one of each Pok\u00e9mon\n|rule|Item Clause: Limit one of each item\n|clearpoke\n|poke|p1|Gothitelle, L50, M|\n|poke|p1|Garchomp, L50, F|\n|poke|p1|Scream Tail, L50|\n|poke|p1|Torkoal, L50, F|\n|poke|p1|Gyarados, L50, M|\n|poke|p1|Chien-Pao, L50|\n|poke|p2|Amoonguss, L50, M|\n|poke|p2|Torkoal, L50, M|\n|poke|p2|Chien-Pao, L50|\n|poke|p2|Chi-Yu, L50|\n|poke|p2|Great Tusk, L50|\n|poke|p2|Skeledirge, L50, M|\n|teampreview|4\n|\n|t:|1684087696\n|start\n|switch|p1a: Gothitelle|Gothitelle, L50, M|100\/100\n|switch|p1b: Scream Tail|Scream Tail, L50|100\/100\n|switch|p2a: Chien-Pao|Chien-Pao, L50|100\/100\n|switch|p2b: Great Tusk|Great Tusk, L50|100\/100\n|-ability|p2a: Chien-Pao|Sword of Ruin\n|turn|1\n|\n|t:|1684087716\n|move|p1a: Gothitelle|Protect|p1a: Gothitelle\n|-singleturn|p1a: Gothitelle|Protect\n|move|p2b: Great Tusk|Knock Off|p1a: Gothitelle\n|-activate|p1a: Gothitelle|move: Protect\n|move|p2a: Chien-Pao|Swords Dance|p2a: Chien-Pao\n|-boost|p2a: Chien-Pao|atk|2\n|move|p1b: Scream Tail|Reflect|p1b: Scream Tail\n|-sidestart|p1: XxKillGore642xX|Reflect\n|\n|upkeep\n|turn|2\n|\n|t:|1684087743\n|-terastallize|p1a: Gothitelle|Fairy\n|move|p2b: Great Tusk|Knock Off|p1a: Gothitelle\n|-resisted|p1a: Gothitelle\n|-damage|p1a: Gothitelle|82\/100\n|-enditem|p1a: Gothitelle|Kasib Berry|[from] move: Knock Off|[of] p2b: Great Tusk\n|move|p2a: Chien-Pao|Swords Dance|p2a: Chien-Pao\n|-boost|p2a: Chien-Pao|atk|2\n|move|p1b: Scream Tail|Drain Punch|p2a: Chien-Pao\n|-supereffective|p2a: Chien-Pao\n|-damage|p2a: Chien-Pao|29\/100\n|move|p1a: Gothitelle|Trick Room|p1a: Gothitelle\n|-fieldstart|move: Trick Room|[of] p1a: Gothitelle\n|\n|upkeep\n|turn|3\n|\n|t:|1684087772\n|move|p2a: Chien-Pao|Protect|p2a: Chien-Pao\n|-singleturn|p2a: Chien-Pao|Protect\n|move|p1a: Gothitelle|Future Sight|p2b: Great Tusk\n|-start|p1a: Gothitelle|move: Future Sight\n|move|p1b: Scream Tail|Drain Punch|p2a: Chien-Pao\n|-activate|p2a: Chien-Pao|move: Protect\n|move|p2b: Great Tusk|Knock Off|p1b: Scream Tail\n|-damage|p1b: Scream Tail|78\/100\n|-enditem|p1b: Scream Tail|Sitrus Berry|[from] move: Knock Off|[of] p2b: Great Tusk\n|\n|upkeep\n|turn|4\n|\n|t:|1684087807\n|move|p1a: Gothitelle|Future Sight||[still]\n|-fail|p1a: Gothitelle\n|move|p1b: Scream Tail|Drain Punch|p2a: Chien-Pao\n|-supereffective|p2a: Chien-Pao\n|-damage|p2a: Chien-Pao|0 fnt\n|-heal|p1b: Scream Tail|88\/100|[from] drain|[of] p2a: Chien-Pao\n|faint|p2a: Chien-Pao\n|move|p2b: Great Tusk|Knock Off|p1a: Gothitelle\n|-resisted|p1a: Gothitelle\n|-damage|p1a: Gothitelle|73\/100\n|\n|upkeep\n|\n|t:|1684087816\n|switch|p2a: Torkoal|Torkoal, L50, M, shiny|100\/100\n|-weather|SunnyDay|[from] ability: Drought|[of] p2a: Torkoal\n|-activate|p1b: Scream Tail|ability: Protosynthesis\n|-start|p1b: Scream Tail|protosynthesisspe\n|-activate|p2b: Great Tusk|ability: Protosynthesis\n|-start|p2b: Great Tusk|protosynthesisatk\n|turn|5\n|\n|t:|1684087839\n|move|p2a: Torkoal|Eruption|p1b: Scream Tail|[spread] p1a,p1b\n|-damage|p1a: Gothitelle|32\/100\n|-damage|p1b: Scream Tail|43\/100\n|move|p1a: Gothitelle|Future Sight||[still]\n|-fail|p1a: Gothitelle\n|move|p2b: Great Tusk|Knock Off|p1b: Scream Tail\n|-damage|p1b: Scream Tail|28\/100\n|move|p1b: Scream Tail|Amnesia|p1b: Scream Tail\n|-boost|p1b: Scream Tail|spd|2\n|\n|-weather|SunnyDay|[upkeep]\n|-end|p2b: Great Tusk|move: Future Sight\n|-supereffective|p2b: Great Tusk\n|-damage|p2b: Great Tusk|0 fnt\n|faint|p2b: Great Tusk\n|-end|p2b: Great Tusk|Protosynthesis|[silent]\n|-sideend|p1: XxKillGore642xX|Reflect\n|upkeep\n|\n|t:|1684087852\n|switch|p2b: Skeledirge|Skeledirge, L50, M|100\/100\n|turn|6\n|\n|t:|1684087871\n|-end|p1b: Scream Tail|Protosynthesis|[silent]\n|switch|p1b: Torkoal|Torkoal, L50, F|100\/100\n|move|p1a: Gothitelle|Protect|p1a: Gothitelle\n|-singleturn|p1a: Gothitelle|Protect\n|move|p2b: Skeledirge|Protect|p2b: Skeledirge\n|-singleturn|p2b: Skeledirge|Protect\n|move|p2a: Torkoal|Eruption|p1a: Gothitelle|[spread] p1b\n|-activate|p1a: Gothitelle|move: Protect\n|-resisted|p1b: Torkoal\n|-damage|p1b: Torkoal|61\/100\n|\n|-weather|SunnyDay|[upkeep]\n|-fieldend|move: Trick Room\n|upkeep\n|turn|7\n|\n|t:|1684087896\n|move|p2b: Skeledirge|Slack Off||[still]\n|-fail|p2b: Skeledirge|heal\n|move|p1a: Gothitelle|Heal Pulse|p1b: Torkoal\n|-heal|p1b: Torkoal|100\/100\n|move|p2a: Torkoal|Eruption|p1a: Gothitelle|[spread] p1a,p1b\n|-resisted|p1b: Torkoal\n|-damage|p1a: Gothitelle|0 fnt\n|-damage|p1b: Torkoal|62\/100\n|faint|p1a: Gothitelle\n|move|p1b: Torkoal|Earth Power|p2a: Torkoal\n|-supereffective|p2a: Torkoal\n|-damage|p2a: Torkoal|29\/100\n|\n|-weather|SunnyDay|[upkeep]\n|upkeep\n|\n|t:|1684087918\n|switch|p1a: Scream Tail|Scream Tail, L50|28\/100\n|-activate|p1a: Scream Tail|ability: Protosynthesis\n|-start|p1a: Scream Tail|protosynthesisspe\n|turn|8\n|\n|t:|1684087932\n|move|p2a: Torkoal|Helping Hand|p2b: Skeledirge\n|-singleturn|p2b: Skeledirge|Helping Hand|[of] p2a: Torkoal\n|move|p1a: Scream Tail|Noble Roar|p2b: Skeledirge\n|-unboost|p2b: Skeledirge|atk|1\n|-unboost|p2b: Skeledirge|spa|1\n|move|p2b: Skeledirge|Torch Song|p1a: Scream Tail\n|-damage|p1a: Scream Tail|0 fnt\n|-boost|p2b: Skeledirge|spa|1\n|faint|p1a: Scream Tail\n|-end|p1a: Scream Tail|Protosynthesis|[silent]\n|move|p1b: Torkoal|Earth Power|p2a: Torkoal\n|-supereffective|p2a: Torkoal\n|-crit|p2a: Torkoal\n|-damage|p2a: Torkoal|0 fnt\n|faint|p2a: Torkoal\n|\n|-weather|SunnyDay|[upkeep]\n|upkeep\n|\n|t:|1684087950\n|switch|p1a: Garchomp|Garchomp, L50, F|100\/100\n|turn|9\n|\n|t:|1684087958\n|move|p1a: Garchomp|Protect|p1a: Garchomp\n|-singleturn|p1a: Garchomp|Protect\n|move|p2b: Skeledirge|Torch Song|p1a: Garchomp\n|-activate|p1a: Garchomp|move: Protect\n|move|p1b: Torkoal|Earth Power|p2b: Skeledirge\n|-supereffective|p2b: Skeledirge\n|-damage|p2b: Skeledirge|27\/100\n|\n|-weather|none\n|-heal|p2b: Skeledirge|33\/100|[from] item: Leftovers\n|upkeep\n|turn|10\n|\n|t:|1684087974\n|move|p2b: Skeledirge|Torch Song|p1b: Torkoal\n|-resisted|p1b: Torkoal\n|-damage|p1b: Torkoal|38\/100\n|-boost|p2b: Skeledirge|spa|1\n|move|p1a: Garchomp|Dragon Claw|p2b: Skeledirge\n|-damage|p2b: Skeledirge|0 fnt\n|faint|p2b: Skeledirge\n|\n|win|XxKillGore642xX\n|raw|XxKillGore642xX's rating: 1058 → 1095<\/strong> (+37 for winning)\n|raw|hepowoqdjwe's rating: 1118 → 1089<\/strong> (-29 for losing)\n|c|\u2606hepowoqdjwe|gg\n|l|\u2606hepowoqdjwe\n","uploadtime":1684087985,"views":5,"p1id":"xxkillgore642xx","p2id":"hepowoqdjwe","formatid":"gen9vgc2023regulationc","rating":1089,"private":0,"password":""}