{"id":"gen9vgc2023regulationc-1854904967","p1":"Betty23333","p2":"LenyLVJY","format":"[Gen 9] VGC 2023 Regulation C","log":"|j|\u2606Betty23333\n|j|\u2606LenyLVJY\n|t:|1682879202\n|gametype|doubles\n|player|p1|Betty23333|lass-gen4dp|1079\n|player|p2|LenyLVJY|2|1000\n|teamsize|p1|6\n|teamsize|p2|6\n|gen|9\n|tier|[Gen 9] VGC 2023 Regulation C\n|rated|\n|rule|Species Clause: Limit one of each Pok\u00e9mon\n|rule|Item Clause: Limit one of each item\n|clearpoke\n|poke|p1|Arcanine, L50, M|\n|poke|p1|Glaceon, L50, M|\n|poke|p1|Slowking, L50, F|\n|poke|p1|Mimikyu, L50, F|\n|poke|p1|Amoonguss, L50, M|\n|poke|p1|Abomasnow, L50, M|\n|poke|p2|Talonflame, L50, F|\n|poke|p2|Great Tusk, L50|\n|poke|p2|Annihilape, L50, F|\n|poke|p2|Magnezone, L50|\n|poke|p2|Azumarill, L50, F|\n|poke|p2|Chien-Pao, L50|\n|teampreview|4\n|\n|t:|1682879243\n|start\n|switch|p1a: Arcanine|Arcanine, L50, M|100\/100\n|switch|p1b: Slowking|Slowking, L50, F|100\/100\n|switch|p2a: Yamoshi|Annihilape, L50, F|100\/100\n|switch|p2b: The Don|Great Tusk, L50|100\/100\n|turn|1\n|\n|t:|1682879269\n|-terastallize|p1a: Arcanine|Water\n|move|p2a: Yamoshi|Protect|p2a: Yamoshi\n|-singleturn|p2a: Yamoshi|Protect\n|move|p2b: The Don|Earthquake|p1a: Arcanine|[spread] p1a,p1b\n|-activate|p2a: Yamoshi|move: Protect\n|-damage|p1a: Arcanine|59\/100\n|-damage|p1b: Slowking|56\/100\n|move|p1a: Arcanine|Tera Blast|p2b: The Don\n|-supereffective|p2b: The Don\n|-damage|p2b: The Don|38\/100\n|move|p1b: Slowking|Chilly Reception|p1b: Slowking\n|-weather|Snow\n|\n|t:|1682879286\n|switch|p1b: Abomasnow|Abomasnow, L50, M|100\/100|[from] Chilly Reception\n|\n|-weather|Snow|[upkeep]\n|upkeep\n|turn|2\n|\n|t:|1682879303\n|move|p2a: Yamoshi|Bulk Up|p2a: Yamoshi\n|-boost|p2a: Yamoshi|atk|1\n|-boost|p2a: Yamoshi|def|1\n|move|p2b: The Don|Headlong Rush|p1b: Abomasnow\n|-resisted|p1b: Abomasnow\n|-damage|p1b: Abomasnow|78\/100\n|-unboost|p2b: The Don|def|1\n|-unboost|p2b: The Don|spd|1\n|move|p1a: Arcanine|Tera Blast|p2b: The Don\n|-supereffective|p2b: The Don\n|-damage|p2b: The Don|0 fnt\n|faint|p2b: The Don\n|-end|p2b: The Don|Protosynthesis|[silent]\n|move|p1b: Abomasnow|Aurora Veil|p1b: Abomasnow\n|-sidestart|p1: Betty23333|move: Aurora Veil\n|\n|-weather|Snow|[upkeep]\n|upkeep\n|\n|t:|1682879321\n|switch|p2b: Pikablu|Azumarill, L50, F|100\/100\n|turn|3\n|\n|t:|1682879344\n|switch|p1a: Glaceon|Glaceon, L50, M|100\/100\n|move|p2a: Yamoshi|Drain Punch|p1a: Glaceon\n|-supereffective|p1a: Glaceon\n|-damage|p1a: Glaceon|53\/100\n|move|p1b: Abomasnow|Leech Seed|p2a: Yamoshi\n|-start|p2a: Yamoshi|move: Leech Seed\n|move|p2b: Pikablu|Play Rough|p1a: Glaceon\n|-damage|p1a: Glaceon|30\/100\n|\n|-weather|Snow|[upkeep]\n|-heal|p1a: Glaceon|36\/100|[from] ability: Ice Body\n|-heal|p1a: Glaceon|42\/100|[from] item: Leftovers\n|-damage|p2a: Yamoshi|88\/100|[from] Leech Seed|[of] p1b: Abomasnow\n|-heal|p1b: Abomasnow|90\/100|[silent]\n|upkeep\n|turn|4\n|\n|t:|1682879383\n|move|p1a: Glaceon|Protect|p1a: Glaceon\n|-singleturn|p1a: Glaceon|Protect\n|move|p2a: Yamoshi|Drain Punch|p1a: Glaceon\n|-activate|p1a: Glaceon|move: Protect\n|move|p1b: Abomasnow|Leech Seed|p2b: Pikablu\n|-start|p2b: Pikablu|move: Leech Seed\n|move|p2b: Pikablu|Play Rough|p1a: Glaceon\n|-activate|p1a: Glaceon|move: Protect\n|\n|-weather|Snow|[upkeep]\n|-heal|p1a: Glaceon|48\/100|[from] ability: Ice Body\n|-heal|p1a: Glaceon|53\/100|[from] item: Leftovers\n|-damage|p2a: Yamoshi|76\/100|[from] Leech Seed|[of] p1b: Abomasnow\n|-heal|p1b: Abomasnow|100\/100|[silent]\n|-damage|p2b: Pikablu|88\/100|[from] Leech Seed|[of] p1b: Abomasnow\n|upkeep\n|turn|5\n|\n|t:|1682879420\n|switch|p1a: Slowking|Slowking, L50, F|89\/100\n|move|p2a: Yamoshi|Protect|p2a: Yamoshi\n|-singleturn|p2a: Yamoshi|Protect\n|move|p1b: Abomasnow|Rock Tomb|p2a: Yamoshi\n|-activate|p2a: Yamoshi|move: Protect\n|move|p2b: Pikablu|Play Rough|p1a: Slowking\n|-damage|p1a: Slowking|55\/100\n|\n|-weather|none\n|-damage|p2a: Yamoshi|64\/100|[from] Leech Seed|[of] p1b: Abomasnow\n|-damage|p2b: Pikablu|76\/100|[from] Leech Seed|[of] p1b: Abomasnow\n|upkeep\n|turn|6\n|\n|t:|1682879448\n|switch|p2b: Ryuma|Chien-Pao, L50|100\/100\n|-ability|p2b: Ryuma|Sword of Ruin\n|-terastallize|p2a: Yamoshi|Fire\n|move|p2a: Yamoshi|Bulk Up|p2a: Yamoshi\n|-boost|p2a: Yamoshi|atk|1\n|-boost|p2a: Yamoshi|def|1\n|move|p1b: Abomasnow|Rock Tomb|p2a: Yamoshi\n|-supereffective|p2a: Yamoshi\n|-damage|p2a: Yamoshi|47\/100\n|-unboost|p2a: Yamoshi|spe|1\n|-ability|p2a: Yamoshi|Defiant|boost\n|-boost|p2a: Yamoshi|atk|2\n|move|p1a: Slowking|Chilly Reception|p1a: Slowking\n|-weather|Snow\n|\n|t:|1682879464\n|switch|p1a: Arcanine|Arcanine, L50, M, tera:Water|59\/100|[from] Chilly Reception\n|\n|-weather|Snow|[upkeep]\n|-damage|p2a: Yamoshi|34\/100|[from] Leech Seed|[of] p1b: Abomasnow\n|-sideend|p1: Betty23333|move: Aurora Veil\n|upkeep\n|turn|7\n|\n|t:|1682879479\n|move|p2b: Ryuma|Sucker Punch||[still]\n|-fail|p2b: Ryuma\n|move|p1a: Arcanine|Tera Blast|p2a: Yamoshi\n|-supereffective|p2a: Yamoshi\n|-crit|p2a: Yamoshi\n|-damage|p2a: Yamoshi|0 fnt\n|faint|p2a: Yamoshi\n|move|p1b: Abomasnow|Aurora Veil|p1b: Abomasnow\n|-sidestart|p1: Betty23333|move: Aurora Veil\n|\n|-weather|Snow|[upkeep]\n|upkeep\n|-message|LenyLVJY forfeited.\n|\n|win|Betty23333\n|raw|Betty23333's rating: 1079 → 1101<\/strong> (+22 for winning)\n|raw|LenyLVJY's rating: 1000 → 1000<\/strong> (+0 for losing)\n|l|\u2606LenyLVJY\n","uploadtime":1682879495,"views":5,"p1id":"betty23333","p2id":"lenylvjy","formatid":"gen9vgc2023regulationc","rating":1000,"private":0,"password":""}