{"id":"gen9vgc2023regulationc-1847094179","p1":"Gill x Mayhem","p2":"RitmanTesting1","format":"[Gen 9] VGC 2023 Regulation C","log":"|j|\u2606Gill x Mayhem\n|j|\u2606RitmanTesting1\n|t:|1681918582\n|gametype|doubles\n|player|p1|Gill x Mayhem|169|1434\n|player|p2|RitmanTesting1|byron|1401\n|teamsize|p1|6\n|teamsize|p2|6\n|gen|9\n|tier|[Gen 9] VGC 2023 Regulation C\n|rated|\n|rule|Species Clause: Limit one of each Pok\u00e9mon\n|rule|Item Clause: Limit one of each item\n|clearpoke\n|poke|p1|Chien-Pao, L50|\n|poke|p1|Dragonite, L50, M|\n|poke|p1|Farigiraf, L50, F|\n|poke|p1|Annihilape, L50, F|\n|poke|p1|Amoonguss, L50, F|\n|poke|p1|Iron Hands, L50|\n|poke|p2|Roaring Moon, L50|\n|poke|p2|Flutter Mane, L50|\n|poke|p2|Arcanine, L50, F|\n|poke|p2|Chi-Yu, L50|\n|poke|p2|Brute Bonnet, L50|\n|poke|p2|Glimmora, L50, F|\n|teampreview|4\nRitmanTesting1 has agreed to open team sheets.\n|inactive|Battle timer is ON: inactive players will automatically lose when time's up. (requested by RitmanTesting1)\n|inactive|RitmanTesting1 has 60 seconds left.\n|\n|t:|1681918627\n|start\n|switch|p1a: Chien-Pao|Chien-Pao, L50|100\/100\n|switch|p1b: Dragonite|Dragonite, L50, M|100\/100\n|switch|p2a: Arcanine|Arcanine, L50, F|100\/100\n|switch|p2b: Brute Bonnet|Brute Bonnet, L50|100\/100\n|-ability|p1a: Chien-Pao|Sword of Ruin\n|-ability|p2a: Arcanine|Intimidate|boost\n|-unboost|p1a: Chien-Pao|atk|1\n|-fail|p1b: Dragonite|unboost|Attack|[from] ability: Inner Focus|[of] p1b: Dragonite\n|turn|1\n|\n|t:|1681918651\n|-end|p2b: Brute Bonnet|Protosynthesis|[silent]\n|switch|p2b: Glimmora|Glimmora, L50, F|100\/100\n|-terastallize|p1b: Dragonite|Normal\n|move|p1b: Dragonite|Extreme Speed|p2b: Glimmora\n|-resisted|p2b: Glimmora\n|-damage|p2b: Glimmora|54\/100\n|-activate|p2b: Glimmora|ability: Toxic Debris\n|-sidestart|p1: Gill x Mayhem|move: Toxic Spikes\n|move|p1a: Chien-Pao|Sacred Sword|p2b: Glimmora\n|-damage|p2b: Glimmora|27\/100\n|-activate|p2b: Glimmora|ability: Toxic Debris\n|-sidestart|p1: Gill x Mayhem|move: Toxic Spikes\n|move|p2a: Arcanine|Flare Blitz|p1a: Chien-Pao\n|-supereffective|p1a: Chien-Pao\n|-enditem|p1a: Chien-Pao|Focus Sash\n|-damage|p1a: Chien-Pao|1\/100\n|-damage|p2a: Arcanine|73\/100|[from] Recoil\n|\n|upkeep\n|turn|2\n|\n|t:|1681918673\n|move|p1a: Chien-Pao|Protect|p1a: Chien-Pao\n|-singleturn|p1a: Chien-Pao|Protect\n|move|p2a: Arcanine|Extreme Speed|p1a: Chien-Pao\n|-activate|p1a: Chien-Pao|move: Protect\n|move|p1b: Dragonite|Extreme Speed|p2b: Glimmora\n|-resisted|p2b: Glimmora\n|-damage|p2b: Glimmora|0 fnt\n|faint|p2b: Glimmora\n|\n|upkeep\n|\n|t:|1681918677\n|switch|p2b: Brute Bonnet|Brute Bonnet, L50|100\/100\n|turn|3\n|\n|t:|1681918697\n|move|p1a: Chien-Pao|Protect|p1a: Chien-Pao\n|-singleturn|p1a: Chien-Pao|Protect\n|move|p2a: Arcanine|Extreme Speed|p1a: Chien-Pao\n|-activate|p1a: Chien-Pao|move: Protect\n|move|p1b: Dragonite|Extreme Speed|p2b: Brute Bonnet\n|-damage|p2b: Brute Bonnet|35\/100\n|-enditem|p2b: Brute Bonnet|Sitrus Berry|[eat]\n|-heal|p2b: Brute Bonnet|60\/100|[from] item: Sitrus Berry\n|move|p2b: Brute Bonnet|Spore|p1b: Dragonite\n|-status|p1b: Dragonite|slp|[from] move: Spore\n|\n|upkeep\n|turn|4\n|\n|t:|1681918719\n|switch|p1a: Annihilape|Annihilape, L50, F|100\/100\n|-status|p1a: Annihilape|tox\n|cant|p1b: Dragonite|slp\n|move|p2b: Brute Bonnet|Sucker Punch||[still]\n|-fail|p2b: Brute Bonnet\n|move|p2a: Arcanine|Howl|p2a: Arcanine|[spread] p2a,p2b\n|-boost|p2a: Arcanine|atk|1\n|-boost|p2b: Brute Bonnet|atk|1\n|\n|-damage|p1a: Annihilape|94\/100 tox|[from] psn\n|upkeep\n|turn|5\n|\n|t:|1681918735\n|-terastallize|p2b: Brute Bonnet|Poison\n|cant|p1b: Dragonite|slp\n|move|p2b: Brute Bonnet|Sucker Punch||[still]\n|-fail|p2b: Brute Bonnet\n|move|p2a: Arcanine|Howl|p2a: Arcanine|[spread] p2a,p2b\n|-boost|p2a: Arcanine|atk|1\n|-boost|p2b: Brute Bonnet|atk|1\n|move|p1a: Annihilape|Bulk Up|p1a: Annihilape\n|-boost|p1a: Annihilape|atk|1\n|-boost|p1a: Annihilape|def|1\n|\n|-heal|p1a: Annihilape|100\/100 tox|[from] item: Leftovers\n|-damage|p1a: Annihilape|88\/100 tox|[from] psn\n|upkeep\n|turn|6\n|\n|t:|1681918759\n|move|p2a: Arcanine|Extreme Speed|p1b: Dragonite\n|-damage|p1b: Dragonite|63\/100 slp\n|-curestatus|p1b: Dragonite|slp|[msg]\n|move|p1b: Dragonite|Extreme Speed|p2b: Brute Bonnet\n|-damage|p2b: Brute Bonnet|7\/100\n|move|p1a: Annihilape|Bulk Up|p1a: Annihilape\n|-boost|p1a: Annihilape|atk|1\n|-boost|p1a: Annihilape|def|1\n|move|p2b: Brute Bonnet|Seed Bomb|p1b: Dragonite\n|-damage|p1b: Dragonite|0 fnt\n|faint|p1b: Dragonite\n|\n|-heal|p1a: Annihilape|94\/100 tox|[from] item: Leftovers\n|-damage|p1a: Annihilape|76\/100 tox|[from] psn\n|upkeep\n|\n|t:|1681918773\n|switch|p1b: Chien-Pao|Chien-Pao, L50|1\/100\n|-status|p1b: Chien-Pao|tox\n|-ability|p1b: Chien-Pao|Sword of Ruin\n|turn|7\n|\n|t:|1681918789\n|move|p2a: Arcanine|Protect|p2a: Arcanine\n|-singleturn|p2a: Arcanine|Protect\n|move|p1b: Chien-Pao|Sucker Punch||[still]\n|-fail|p1b: Chien-Pao\n|move|p2b: Brute Bonnet|Sucker Punch|p1a: Annihilape\n|-damage|p1a: Annihilape|34\/100 tox\n|move|p1a: Annihilape|Drain Punch|p2b: Brute Bonnet\n|-resisted|p2b: Brute Bonnet\n|-damage|p2b: Brute Bonnet|0 fnt\n|-heal|p1a: Annihilape|37\/100 tox|[from] drain|[of] p2b: Brute Bonnet\n|faint|p2b: Brute Bonnet\n|-end|p2b: Brute Bonnet|Protosynthesis|[silent]\n|\n|-heal|p1a: Annihilape|43\/100 tox|[from] item: Leftovers\n|-damage|p1b: Chien-Pao|0 fnt|[from] psn\n|faint|p1b: Chien-Pao\n|-damage|p1a: Annihilape|19\/100 tox|[from] psn\n|upkeep\n|\n|t:|1681918799\n|switch|p1b: Iron Hands|Iron Hands, L50|100\/100\n|switch|p2b: Chi-Yu|Chi-Yu, L50|100\/100\n|-ability|p2b: Chi-Yu|Beads of Ruin\n|-status|p1b: Iron Hands|tox\n|-enditem|p1b: Iron Hands|Booster Energy\n|-activate|p1b: Iron Hands|ability: Quark Drive|[fromitem]\n|-start|p1b: Iron Hands|quarkdriveatk\n|turn|8\n|\n|t:|1681918805\n|move|p2b: Chi-Yu|Protect|p2b: Chi-Yu\n|-singleturn|p2b: Chi-Yu|Protect\n|move|p2a: Arcanine|Protect|p2a: Arcanine\n|-singleturn|p2a: Arcanine|Protect\n|move|p1a: Annihilape|Rage Fist|p2a: Arcanine\n|-activate|p2a: Arcanine|move: Protect\n|move|p1b: Iron Hands|Drain Punch|p2b: Chi-Yu\n|-activate|p2b: Chi-Yu|move: Protect\n|\n|-heal|p1a: Annihilape|25\/100 tox|[from] item: Leftovers\n|-damage|p1a: Annihilape|0 fnt|[from] psn\n|faint|p1a: Annihilape\n|-damage|p1b: Iron Hands|94\/100 tox|[from] psn\n|upkeep\n|turn|9\n|\n|t:|1681918825\n|move|p2b: Chi-Yu|Psychic|p1b: Iron Hands\n|-supereffective|p1b: Iron Hands\n|-damage|p1b: Iron Hands|36\/100 tox\n|move|p2a: Arcanine|Flare Blitz|p1b: Iron Hands\n|-damage|p1b: Iron Hands|0 fnt\n|faint|p1b: Iron Hands\n|-end|p1b: Iron Hands|Quark Drive|[silent]\n|-damage|p2a: Arcanine|57\/100|[from] Recoil\n|\n|win|RitmanTesting1\n|raw|Gill x Mayhem's rating: 1434 → 1412<\/strong> (-22 for losing)\n|raw|RitmanTesting1's rating: 1401 → 1423<\/strong> (+22 for winning)\n|l|\u2606Gill x Mayhem\n","uploadtime":1681918854,"views":6,"p1id":"gillxmayhem","p2id":"ritmantesting1","formatid":"gen9vgc2023regulationc","rating":1412,"private":0,"password":""}