{"id":"gen9vgc2023regulationc-1853449349","p1":"haha u rage quit","p2":"tiramisu wooper","format":"[Gen 9] VGC 2023 Regulation C","log":"|j|\u2606haha u rage quit\n|j|\u2606tiramisu wooper\n|t:|1682686344\n|gametype|doubles\n|player|p1|haha u rage quit|pokemaniac|1256\n|player|p2|tiramisu wooper|n|1233\n|teamsize|p1|6\n|teamsize|p2|6\n|gen|9\n|tier|[Gen 9] VGC 2023 Regulation C\n|rated|\n|rule|Species Clause: Limit one of each Pok\u00e9mon\n|rule|Item Clause: Limit one of each item\n|clearpoke\n|poke|p1|Roaring Moon, L50|\n|poke|p1|Hippowdon, L50, M|\n|poke|p1|Tyranitar, L50, M|\n|poke|p1|Great Tusk, L50|\n|poke|p1|Garchomp, L50, M|\n|poke|p1|Lycanroc, L50, M|\n|poke|p2|Meowscarada, L50, F|\n|poke|p2|Iron Hands, L50|\n|poke|p2|Iron Bundle, L50|\n|poke|p2|Gholdengo, L50|\n|poke|p2|Arcanine, L50, F|\n|poke|p2|Roaring Moon, L50|\n|teampreview|4\ntiramisu wooper has agreed to open team sheets.\n|\n|t:|1682686378\n|start\n|switch|p1a: Roaring Moon|Roaring Moon, L50|100\/100\n|switch|p1b: Garchomp|Garchomp, L50, M|100\/100\n|switch|p2a: Meowscarada|Meowscarada, L50, F|100\/100\n|switch|p2b: Arcanine|Arcanine, L50, F|100\/100\n|-ability|p2b: Arcanine|Intimidate|boost\n|-unboost|p1a: Roaring Moon|atk|1\n|-unboost|p1b: Garchomp|atk|1\n|-enditem|p1a: Roaring Moon|Booster Energy\n|-activate|p1a: Roaring Moon|ability: Protosynthesis|[fromitem]\n|-start|p1a: Roaring Moon|protosynthesisspe\n|turn|1\n|\n|t:|1682686400\n|-terastallize|p1b: Garchomp|Fire\n|move|p1a: Roaring Moon|Tailwind|p1a: Roaring Moon\n|-sidestart|p1: haha u rage quit|move: Tailwind\n|move|p1b: Garchomp|Tera Blast|p2a: Meowscarada\n|-supereffective|p2a: Meowscarada\n|-damage|p2a: Meowscarada|0 fnt\n|faint|p2a: Meowscarada\n|move|p2b: Arcanine|Will-O-Wisp|p1b: Garchomp\n|-immune|p1b: Garchomp\n|\n|upkeep\n|c|\u2606tiramisu wooper|choice scarf\n|\n|t:|1682686417\n|switch|p2a: Iron Bundle|Iron Bundle, L50|100\/100\n|turn|2\n|\n|t:|1682686429\n|move|p1a: Roaring Moon|Rock Slide|p2a: Iron Bundle|[spread] p2a,p2b\n|-supereffective|p2a: Iron Bundle\n|-supereffective|p2b: Arcanine\n|-damage|p2a: Iron Bundle|69\/100\n|-damage|p2b: Arcanine|76\/100\n|move|p1b: Garchomp|Rock Slide|p2b: Arcanine|[spread] p2a,p2b\n|-supereffective|p2a: Iron Bundle\n|-supereffective|p2b: Arcanine\n|-damage|p2a: Iron Bundle|32\/100\n|-damage|p2b: Arcanine|47\/100\n|move|p2a: Iron Bundle|Hydro Pump|p1b: Garchomp\n|-supereffective|p1b: Garchomp\n|-damage|p1b: Garchomp|0 fnt\n|faint|p1b: Garchomp\n|move|p2b: Arcanine|Will-O-Wisp|p1a: Roaring Moon\n|-status|p1a: Roaring Moon|brn\n|\n|-damage|p1a: Roaring Moon|95\/100 brn|[from] brn\n|upkeep\n|\n|t:|1682686450\n|switch|p1b: Great Tusk|Great Tusk, L50, shiny|100\/100\n|turn|3\n|\n|t:|1682686480\n|move|p1a: Roaring Moon|Rock Slide|p2a: Iron Bundle|[spread] p2a,p2b\n|-supereffective|p2a: Iron Bundle\n|-supereffective|p2b: Arcanine\n|-damage|p2a: Iron Bundle|17\/100\n|-damage|p2b: Arcanine|33\/100\n|move|p1b: Great Tusk|Rock Slide|p2b: Arcanine|[spread] p2a,p2b\n|-supereffective|p2a: Iron Bundle\n|-supereffective|p2b: Arcanine\n|-damage|p2a: Iron Bundle|0 fnt\n|-damage|p2b: Arcanine|0 fnt\n|faint|p2a: Iron Bundle\n|-end|p2a: Iron Bundle|Quark Drive|[silent]\n|faint|p2b: Arcanine\n|\n|-damage|p1a: Roaring Moon|89\/100 brn|[from] brn\n|upkeep\n|c|\u2606tiramisu wooper|choice scarf\n|c|\u2606tiramisu wooper|again\n|inactive|Battle timer is ON: inactive players will automatically lose when time's up. (requested by haha u rage quit)\n|\n|t:|1682686500\n|switch|p2b: Roaring Moon|Roaring Moon, L50|100\/100\n|-enditem|p2b: Roaring Moon|Booster Energy\n|-activate|p2b: Roaring Moon|ability: Protosynthesis|[fromitem]\n|-start|p2b: Roaring Moon|protosynthesisatk\n|turn|4\n|\n|t:|1682686507\n|-end|p1b: Great Tusk|Protosynthesis|[silent]\n|switch|p1b: Tyranitar|Tyranitar, L50, M|100\/100\n|-weather|Sandstorm|[from] ability: Sand Stream|[of] p1b: Tyranitar\n|move|p1a: Roaring Moon|Breaking Swipe|p2b: Roaring Moon\n|-supereffective|p2b: Roaring Moon\n|-damage|p2b: Roaring Moon|75\/100\n|-unboost|p2b: Roaring Moon|atk|1\n|move|p2b: Roaring Moon|Acrobatics|p1b: Tyranitar\n|-resisted|p1b: Tyranitar\n|-damage|p1b: Tyranitar|84\/100\n|\n|-weather|Sandstorm|[upkeep]\n|-damage|p1a: Roaring Moon|83\/100 brn|[from] Sandstorm\n|-damage|p2b: Roaring Moon|69\/100|[from] Sandstorm\n|-damage|p1a: Roaring Moon|77\/100 brn|[from] brn\n|-sideend|p1: haha u rage quit|move: Tailwind\n|upkeep\n|turn|5\n|-message|tiramisu wooper forfeited.\n|\n|win|haha u rage quit\n|raw|haha u rage quit's rating: 1256 → 1279<\/strong> (+23 for winning)\n|raw|tiramisu wooper's rating: 1233 → 1210<\/strong> (-23 for losing)\n|l|\u2606tiramisu wooper\n","uploadtime":1682686536,"views":12,"p1id":"hahauragequit","p2id":"tiramisuwooper","formatid":"gen9vgc2023regulationc","rating":1210,"private":0,"password":""}