{"id":"gen9vgc2023regulationc-1846672361","p1":"vivian20","p2":"MegaMachado","format":"[Gen 9] VGC 2023 Regulation C","log":"|j|\u2606vivian20\n|j|\u2606MegaMachado\n|t:|1681864166\n|gametype|doubles\n|player|p1|vivian20|1|\n|player|p2|MegaMachado|blackbelt-gen4dp|\n|teamsize|p1|6\n|teamsize|p2|6\n|gen|9\n|tier|[Gen 9] VGC 2023 Regulation C\n|rule|Species Clause: Limit one of each Pok\u00e9mon\n|rule|Item Clause: Limit one of each item\n|clearpoke\n|poke|p1|Glimmora, L50, M|\n|poke|p1|Flutter Mane, L50|\n|poke|p1|Tatsugiri, L50, F|\n|poke|p1|Dondozo, L50, M|\n|poke|p1|Arcanine, L50, M|\n|poke|p1|Wo-Chien, L50|\n|poke|p2|Amoonguss, L50, M|\n|poke|p2|Pelipper, L50, M|\n|poke|p2|Palafin, L50, M|\n|poke|p2|Barraskewda, L50, F|\n|poke|p2|Chien-Pao, L50|\n|poke|p2|Gholdengo, L50|\n|teampreview|4\nMegaMachado has agreed to open team sheets.\nvivian20 has agreed to open team sheets.\n|\n|t:|1681864244\n|start\n|switch|p1a: Arcanine|Arcanine, L50, M|100\/100\n|switch|p1b: Flutter Mane|Flutter Mane, L50|100\/100\n|switch|p2a: Palafin|Palafin, L50, M|100\/100\n|switch|p2b: Pelipper|Pelipper, L50, M|100\/100\n|-ability|p1a: Arcanine|Intimidate|boost\n|-unboost|p2a: Palafin|atk|1\n|-unboost|p2b: Pelipper|atk|1\n|-weather|RainDance|[from] ability: Drizzle|[of] p2b: Pelipper\n|turn|1\n|inactive|Battle timer is ON: inactive players will automatically lose when time's up. (requested by MegaMachado)\n|\n|t:|1681864274\n|switch|p1a: Wo-Chien|Wo-Chien, L50|100\/100\n|-ability|p1a: Wo-Chien|Tablets of Ruin\n|-terastallize|p2a: Palafin|Water\n|move|p2b: Pelipper|Helping Hand|p2a: Palafin\n|-singleturn|p2a: Palafin|Helping Hand|[of] p2b: Pelipper\n|move|p2a: Palafin|Jet Punch|p1a: Wo-Chien\n|-resisted|p1a: Wo-Chien\n|-damage|p1a: Wo-Chien|83\/100\n|move|p1b: Flutter Mane|Moonblast|p2b: Pelipper\n|-damage|p2b: Pelipper|35\/100\n|\n|-weather|RainDance|[upkeep]\n|-heal|p1a: Wo-Chien|90\/100|[from] item: Leftovers\n|upkeep\n|turn|2\n|inactive|vivian20 has 30 seconds left.\n|inactive|MegaMachado has 30 seconds left.\n|inactive|MegaMachado has 20 seconds left.\n|\n|t:|1681864311\n|switch|p2b: Barraskewda|Barraskewda, L50, F|100\/100\n|switch|p1a: Arcanine|Arcanine, L50, M|100\/100\n|-ability|p1a: Arcanine|Intimidate|boost\n|-unboost|p2a: Palafin|atk|1\n|-unboost|p2b: Barraskewda|atk|1\n|move|p2a: Palafin|Jet Punch|p1b: Flutter Mane\n|-damage|p1b: Flutter Mane|33\/100\n|move|p1b: Flutter Mane|Moonblast|p2b: Barraskewda\n|-enditem|p2b: Barraskewda|Focus Sash\n|-damage|p2b: Barraskewda|1\/100\n|\n|-weather|RainDance|[upkeep]\n|upkeep\n|turn|3\n|inactive|vivian20 has 30 seconds left.\n|inactive|MegaMachado has 30 seconds left.\n|\n|t:|1681864341\n|-end|p1b: Flutter Mane|Protosynthesis|[silent]\n|switch|p1b: Wo-Chien|Wo-Chien, L50|90\/100\n|-ability|p1b: Wo-Chien|Tablets of Ruin\n|detailschange|p2a: Palafin|Palafin-Hero, L50, M, tera:Water\n|switch|p2a: Chien-Pao|Chien-Pao, L50|100\/100\n|-ability|p2a: Chien-Pao|Sword of Ruin\n|-terastallize|p1a: Arcanine|Water\n|move|p2b: Barraskewda|Liquidation|p1a: Arcanine\n|-resisted|p1a: Arcanine\n|-damage|p1a: Arcanine|77\/100\n|move|p1a: Arcanine|Will-O-Wisp|p2a: Chien-Pao\n|-status|p2a: Chien-Pao|brn\n|\n|-weather|RainDance|[upkeep]\n|-heal|p1b: Wo-Chien|96\/100|[from] item: Leftovers\n|-damage|p2a: Chien-Pao|95\/100 brn|[from] brn\n|upkeep\n|turn|4\n|inactive|vivian20 has 30 seconds left.\n|inactive|MegaMachado has 30 seconds left.\n|inactive|MegaMachado has 20 seconds left.\n|\n|t:|1681864379\n|move|p2b: Barraskewda|Close Combat|p1a: Arcanine\n|-damage|p1a: Arcanine|49\/100\n|-unboost|p2b: Barraskewda|def|1\n|-unboost|p2b: Barraskewda|spd|1\n|move|p2a: Chien-Pao|Ice Spinner|p1b: Wo-Chien\n|-supereffective|p1b: Wo-Chien\n|-damage|p1b: Wo-Chien|51\/100\n|-damage|p2a: Chien-Pao|85\/100 brn|[from] item: Life Orb\n|move|p1a: Arcanine|Flare Blitz|p2a: Chien-Pao\n|-supereffective|p2a: Chien-Pao\n|-damage|p2a: Chien-Pao|39\/100 brn\n|-damage|p1a: Arcanine|36\/100|[from] Recoil\n|move|p1b: Wo-Chien|Snarl|p2a: Chien-Pao|[spread] p2a,p2b\n|-resisted|p2a: Chien-Pao\n|-damage|p2a: Chien-Pao|29\/100 brn\n|-damage|p2b: Barraskewda|0 fnt\n|-unboost|p2a: Chien-Pao|spa|1\n|faint|p2b: Barraskewda\n|\n|-weather|RainDance|[upkeep]\n|-heal|p1b: Wo-Chien|57\/100|[from] item: Leftovers\n|-damage|p2a: Chien-Pao|23\/100 brn|[from] brn\n|upkeep\n|\n|t:|1681864401\n|switch|p2b: Palafin|Palafin-Hero, L50, M, tera:Water|100\/100\n|-activate|p2b: Palafin|ability: Zero to Hero\n|turn|5\n|\n|t:|1681864416\n|move|p1b: Wo-Chien|Protect|p1b: Wo-Chien\n|-singleturn|p1b: Wo-Chien|Protect\n|move|p2b: Palafin|Jet Punch|p1a: Arcanine\n|-resisted|p1a: Arcanine\n|-damage|p1a: Arcanine|0 fnt\n|faint|p1a: Arcanine\n|move|p2a: Chien-Pao|Ice Spinner|p1b: Wo-Chien\n|-activate|p1b: Wo-Chien|move: Protect\n|\n|-weather|RainDance|[upkeep]\n|-heal|p1b: Wo-Chien|64\/100|[from] item: Leftovers\n|-damage|p2a: Chien-Pao|17\/100 brn|[from] brn\n|upkeep\n|\n|t:|1681864437\n|switch|p1a: Glimmora|Glimmora, L50, M|100\/100\n|turn|6\n|\n|t:|1681864460\n|move|p2a: Chien-Pao|Protect|p2a: Chien-Pao\n|-singleturn|p2a: Chien-Pao|Protect\n|move|p2b: Palafin|Wave Crash|p1b: Wo-Chien\n|-resisted|p1b: Wo-Chien\n|-damage|p1b: Wo-Chien|0 fnt\n|faint|p1b: Wo-Chien\n|-damage|p2b: Palafin|80\/100|[from] Recoil\n|move|p1a: Glimmora|Energy Ball|p2b: Palafin\n|-supereffective|p2b: Palafin\n|-damage|p2b: Palafin|15\/100\n|\n|-weather|RainDance|[upkeep]\n|-damage|p2a: Chien-Pao|11\/100 brn|[from] brn\n|upkeep\n|\n|t:|1681864472\n|switch|p1b: Flutter Mane|Flutter Mane, L50|33\/100\n|turn|7\n|\n|t:|1681864497\n|move|p2b: Palafin|Protect|p2b: Palafin\n|-singleturn|p2b: Palafin|Protect\n|move|p1b: Flutter Mane|Dazzling Gleam|p2a: Chien-Pao|[spread] p2a\n|-activate|p2b: Palafin|move: Protect\n|-supereffective|p2a: Chien-Pao\n|-damage|p2a: Chien-Pao|0 fnt\n|faint|p2a: Chien-Pao\n|move|p1a: Glimmora|Energy Ball|p2b: Palafin\n|-activate|p2b: Palafin|move: Protect\n|\n|-weather|RainDance|[upkeep]\n|upkeep\n|\n|t:|1681864509\n|switch|p2a: Pelipper|Pelipper, L50, M|35\/100\n|turn|8\n|\n|t:|1681864531\n|move|p1b: Flutter Mane|Protect|p1b: Flutter Mane\n|-singleturn|p1b: Flutter Mane|Protect\n|move|p2a: Pelipper|Wide Guard|p2a: Pelipper\n|-singleturn|p2a: Pelipper|Wide Guard\n|move|p2b: Palafin|Jet Punch|p1a: Glimmora\n|-supereffective|p1a: Glimmora\n|-damage|p1a: Glimmora|0 fnt\n|-activate|p1a: Glimmora|ability: Toxic Debris\n|-sidestart|p2: MegaMachado|move: Toxic Spikes\n|faint|p1a: Glimmora\n|\n|-weather|none\n|upkeep\n|turn|9\n|\n|t:|1681864551\n|move|p2a: Pelipper|Helping Hand|p2b: Palafin\n|-singleturn|p2b: Palafin|Helping Hand|[of] p2a: Pelipper\n|move|p2b: Palafin|Jet Punch|p1b: Flutter Mane\n|-damage|p1b: Flutter Mane|0 fnt\n|faint|p1b: Flutter Mane\n|-end|p1b: Flutter Mane|Protosynthesis|[silent]\n|\n|win|MegaMachado\n|l|\u2606vivian20\n","uploadtime":1681864563,"views":15,"p1id":"vivian20","p2id":"megamachado","formatid":"gen9vgc2023regulationc","rating":0,"private":0,"password":""}