{"id":"gen9vgc2023regulationc-1849804370","p1":"iStockphoto","p2":"bigkingrollo","format":"[Gen 9] VGC 2023 Regulation C","log":"|j|\u2606iStockphoto\n|j|\u2606bigkingrollo\n|t:|1682254333\n|gametype|doubles\n|player|p1|iStockphoto|170|1049\n|player|p2|bigkingrollo|101|1074\n|teamsize|p1|6\n|teamsize|p2|6\n|gen|9\n|tier|[Gen 9] VGC 2023 Regulation C\n|rated|\n|rule|Species Clause: Limit one of each Pok\u00e9mon\n|rule|Item Clause: Limit one of each item\n|clearpoke\n|poke|p1|Tatsugiri, L50, F|\n|poke|p1|Dondozo, L50, F|\n|poke|p1|Pelipper, L50, F|\n|poke|p1|Iron Bundle, L50|\n|poke|p1|Palafin, L50, F|\n|poke|p1|Amoonguss, L50, F|\n|poke|p2|Ting-Lu, L50|\n|poke|p2|Armarouge, L50, M|\n|poke|p2|Bronzong, L50|\n|poke|p2|Sylveon, L50, F|\n|poke|p2|Indeedee-F, L50, F|\n|poke|p2|Annihilape, L50, M|\n|teampreview|4\niStockphoto has agreed to open team sheets.\n|inactive|Battle timer is ON: inactive players will automatically lose when time's up. (requested by bigkingrollo)\n|inactive|bigkingrollo has 60 seconds left.\n|\n|t:|1682254393\n|start\n|switch|p1a: Dondozo|Dondozo, L50, F|100\/100\n|switch|p1b: Pelipper|Pelipper, L50, F|100\/100\n|switch|p2a: Annihilape|Annihilape, L50, M|100\/100\n|switch|p2b: Bronzong|Bronzong, L50|100\/100\n|-weather|RainDance|[from] ability: Drizzle|[of] p1b: Pelipper\n|turn|1\n|inactive|iStockphoto has 30 seconds left.\n|\n|t:|1682254423\n|move|p2a: Annihilape|Final Gambit|p1a: Dondozo\n|-damage|p1a: Dondozo|16\/100\n|faint|p2a: Annihilape\n|move|p1b: Pelipper|U-turn|p2b: Bronzong\n|-damage|p2b: Bronzong|92\/100\n|\n|t:|1682254429\n|switch|p1b: Tatsugiri|Tatsugiri, L50, F|100\/100|[from] U-turn\n|-activate|p1b: Tatsugiri|ability: Commander|[of] p1a: Dondozo\n|-boost|p1a: Dondozo|atk|2\n|-boost|p1a: Dondozo|spa|2\n|-boost|p1a: Dondozo|spe|2\n|-boost|p1a: Dondozo|def|2\n|-boost|p1a: Dondozo|spd|2\n|move|p1a: Dondozo|Wave Crash|p2b: Bronzong\n|-damage|p2b: Bronzong|0 fnt\n|faint|p2b: Bronzong\n|-damage|p1a: Dondozo|0 fnt|[from] Recoil\n|faint|p1a: Dondozo\n|\n|-weather|RainDance|[upkeep]\n|upkeep\n|\n|t:|1682254443\n|switch|p2a: Sylveon|Sylveon, L50, F|100\/100\n|switch|p1a: Iron Bundle|Iron Bundle, L50|100\/100\n|switch|p2b: Ting-Lu|Ting-Lu, L50|100\/100\n|-ability|p2b: Ting-Lu|Vessel of Ruin\n|-enditem|p1a: Iron Bundle|Booster Energy\n|-activate|p1a: Iron Bundle|ability: Quark Drive|[fromitem]\n|-start|p1a: Iron Bundle|quarkdrivespe\n|turn|2\n|\n|t:|1682254462\n|-terastallize|p1b: Tatsugiri|Water\n|-terastallize|p2b: Ting-Lu|Poison\n|move|p1a: Iron Bundle|Hydro Pump|p2b: Ting-Lu\n|-damage|p2b: Ting-Lu|75\/100\n|move|p1b: Tatsugiri|Muddy Water|p2a: Sylveon|[spread] p2a,p2b\n|-damage|p2a: Sylveon|64\/100\n|-damage|p2b: Ting-Lu|57\/100\n|move|p2a: Sylveon|Hyper Voice|p1b: Tatsugiri|[spread] p1a,p1b\n|-damage|p1a: Iron Bundle|42\/100\n|-damage|p1b: Tatsugiri|60\/100\n|-enditem|p2a: Sylveon|Throat Spray\n|-boost|p2a: Sylveon|spa|1|[from] item: Throat Spray\n|move|p2b: Ting-Lu|Ruination|p1a: Iron Bundle\n|-damage|p1a: Iron Bundle|22\/100\n|\n|-weather|RainDance|[upkeep]\n|upkeep\n|turn|3\n|\n|t:|1682254497\n|move|p2a: Sylveon|Protect|p2a: Sylveon\n|-singleturn|p2a: Sylveon|Protect\n|move|p1a: Iron Bundle|Hydro Pump|p2a: Sylveon\n|-activate|p2a: Sylveon|move: Protect\n|move|p1b: Tatsugiri|Muddy Water|p2a: Sylveon|[spread] p2b\n|-activate|p2a: Sylveon|move: Protect\n|-damage|p2b: Ting-Lu|37\/100\n|move|p2b: Ting-Lu|Heavy Slam|p1a: Iron Bundle\n|-damage|p1a: Iron Bundle|0 fnt\n|faint|p1a: Iron Bundle\n|-end|p1a: Iron Bundle|Quark Drive|[silent]\n|\n|-weather|RainDance|[upkeep]\n|upkeep\n|\n|t:|1682254510\n|switch|p1a: Pelipper|Pelipper, L50, F|100\/100\n|turn|4\n|inactive|bigkingrollo has 30 seconds left.\n|\n|t:|1682254537\n|move|p1b: Tatsugiri|Muddy Water|p2b: Ting-Lu|[spread] p2a,p2b\n|-damage|p2a: Sylveon|28\/100\n|-damage|p2b: Ting-Lu|17\/100\n|move|p1a: Pelipper|Tailwind|p1a: Pelipper\n|-sidestart|p1: iStockphoto|move: Tailwind\n|move|p2a: Sylveon|Hyper Voice|p1a: Pelipper|[spread] p1a,p1b\n|-damage|p1a: Pelipper|22\/100\n|-damage|p1b: Tatsugiri|3\/100\n|move|p2b: Ting-Lu|Ruination|p1a: Pelipper\n|-damage|p1a: Pelipper|12\/100\n|\n|-weather|RainDance|[upkeep]\n|upkeep\n|turn|5\n|\n|t:|1682254554\n|move|p1b: Tatsugiri|Muddy Water|p2a: Sylveon|[spread] p2a,p2b\n|-damage|p2a: Sylveon|0 fnt\n|-damage|p2b: Ting-Lu|0 fnt\n|faint|p2a: Sylveon\n|faint|p2b: Ting-Lu\n|\n|win|iStockphoto\n|raw|iStockphoto's rating: 1049 → 1084<\/strong> (+35 for winning)\n|raw|bigkingrollo's rating: 1074 → 1051<\/strong> (-23 for losing)\n|l|\u2606bigkingrollo\n|c|\u2606iStockphoto|gg!\n","uploadtime":1682254562,"views":14,"p1id":"istockphoto","p2id":"bigkingrollo","formatid":"gen9vgc2023regulationc","rating":1051,"private":0,"password":""}