{"id":"gen9vgc2023regulationc-1861702720","p1":"Kikinsas","p2":"eggplanet07","format":"[Gen 9] VGC 2023 Regulation C","log":"|j|\u2606Kikinsas\n|j|\u2606eggplanet07\n|t:|1683796970\n|gametype|doubles\n|player|p1|Kikinsas|benga|1276\n|player|p2|eggplanet07|roxie|1306\n|teamsize|p1|6\n|teamsize|p2|6\n|gen|9\n|tier|[Gen 9] VGC 2023 Regulation C\n|rated|\n|rule|Species Clause: Limit one of each Pok\u00e9mon\n|rule|Item Clause: Limit one of each item\n|clearpoke\n|poke|p1|Cetitan, L50, F|\n|poke|p1|Maushold, L50|\n|poke|p1|Amoonguss, L50, M|\n|poke|p1|Chi-Yu, L50|\n|poke|p1|Gholdengo, L50|\n|poke|p1|Gyarados, L50, M|\n|poke|p2|Raichu, L50, M|\n|poke|p2|Azumarill, L50, F|\n|poke|p2|Amoonguss, L50, F|\n|poke|p2|Gyarados, L50, F|\n|poke|p2|Flutter Mane, L50|\n|poke|p2|Palafin, L50, M|\n|teampreview|4\n|inactive|Battle timer is ON: inactive players will automatically lose when time's up. (requested by eggplanet07)\n|\n|t:|1683796998\n|start\n|switch|p1a: Cetitan|Cetitan, L50, F|100\/100\n|switch|p1b: Maushold|Maushold, L50|100\/100\n|switch|p2a: Palafin|Palafin, L50, M|100\/100\n|switch|p2b: Flutter Mane|Flutter Mane, L50, shiny|100\/100\n|-enditem|p2b: Flutter Mane|Booster Energy\n|-activate|p2b: Flutter Mane|ability: Protosynthesis|[fromitem]\n|-start|p2b: Flutter Mane|protosynthesisspa\n|turn|1\n|\n|t:|1683797012\n|detailschange|p2a: Palafin|Palafin-Hero, L50, M\n|switch|p2a: Gyarados|Gyarados, L50, F, shiny|100\/100\n|-ability|p2a: Gyarados|Intimidate|boost\n|-unboost|p1a: Cetitan|atk|1\n|-unboost|p1b: Maushold|atk|1\n|move|p1b: Maushold|Follow Me|p1b: Maushold\n|-singleturn|p1b: Maushold|move: Follow Me\n|move|p2b: Flutter Mane|Dazzling Gleam|p1b: Maushold|[spread] p1a,p1b\n|-damage|p1a: Cetitan|68\/100\n|-damage|p1b: Maushold|36\/100\n|move|p1a: Cetitan|Belly Drum|p1a: Cetitan\n|-damage|p1a: Cetitan|18\/100\n|-setboost|p1a: Cetitan|atk|6|[from] move: Belly Drum\n|-enditem|p1a: Cetitan|Sitrus Berry|[eat]\n|-heal|p1a: Cetitan|43\/100|[from] item: Sitrus Berry\n|\n|upkeep\n|turn|2\n|inactive|eggplanet07 has 30 seconds left.\n|\n|t:|1683797041\n|move|p2b: Flutter Mane|Protect|p2b: Flutter Mane\n|-singleturn|p2b: Flutter Mane|Protect\n|move|p1b: Maushold|Follow Me|p1b: Maushold\n|-singleturn|p1b: Maushold|move: Follow Me\n|move|p1a: Cetitan|Ice Shard|p2b: Flutter Mane\n|-activate|p2b: Flutter Mane|move: Protect\n|move|p2a: Gyarados|Waterfall|p1b: Maushold\n|-damage|p1b: Maushold|0 fnt\n|faint|p1b: Maushold\n|\n|upkeep\n|\n|t:|1683797050\n|switch|p1b: Amoonguss|Amoonguss, L50, M|100\/100\n|turn|3\n|\n|t:|1683797059\n|move|p1b: Amoonguss|Rage Powder|p1b: Amoonguss\n|-singleturn|p1b: Amoonguss|move: Rage Powder\n|move|p1a: Cetitan|Ice Shard|p2b: Flutter Mane\n|-damage|p2b: Flutter Mane|0 fnt\n|faint|p2b: Flutter Mane\n|-end|p2b: Flutter Mane|Protosynthesis|[silent]\n|move|p2a: Gyarados|Taunt|p1b: Amoonguss\n|-start|p1b: Amoonguss|move: Taunt\n|\n|upkeep\n|\n|t:|1683797069\n|switch|p2b: Palafin|Palafin-Hero, L50, M|100\/100\n|-activate|p2b: Palafin|ability: Zero to Hero\n|turn|4\n|\n|t:|1683797090\n|switch|p2a: Raichu|Raichu, L50, M|100\/100\n|switch|p1b: Gholdengo|Gholdengo, L50|100\/100\n|-terastallize|p2b: Palafin|Water\n|move|p1a: Cetitan|Protect|p1a: Cetitan\n|-singleturn|p1a: Cetitan|Protect\n|move|p2b: Palafin|Jet Punch|p1a: Cetitan\n|-activate|p1a: Cetitan|move: Protect\n|\n|upkeep\n|turn|5\n|\n|t:|1683797106\n|move|p2b: Palafin|Jet Punch|p1a: Cetitan\n|-damage|p1a: Cetitan|0 fnt\n|faint|p1a: Cetitan\n|move|p2a: Raichu|Nuzzle|p1b: Gholdengo\n|-damage|p1b: Gholdengo|95\/100\n|-status|p1b: Gholdengo|par\n|move|p1b: Gholdengo|Thunderbolt|p2a: Raichu\n|-activate|p2a: Raichu|ability: Lightning Rod\n|-ability|p2a: Raichu|Lightning Rod|boost\n|-boost|p2a: Raichu|spa|1\n|\n|upkeep\n|-message|Kikinsas forfeited.\n|\n|win|eggplanet07\n|raw|Kikinsas's rating: 1276 → 1253<\/strong> (-23 for losing)\n|raw|eggplanet07's rating: 1306 → 1324<\/strong> (+18 for winning)\n|l|\u2606Kikinsas\n","uploadtime":1683797125,"views":14,"p1id":"kikinsas","p2id":"eggplanet07","formatid":"gen9vgc2023regulationc","rating":1253,"private":0,"password":""}