{"id":"gen9vgc2023regulationc-1847504864","p1":"Yoshitoki","p2":"Braix2570","format":"[Gen 9] VGC 2023 Regulation C","log":"|j|\u2606Yoshitoki\n|j|\u2606Braix2570\n|t:|1681963923\n|gametype|doubles\n|player|p1|Yoshitoki|shadowtriad|1195\n|player|p2|Braix2570|dawn-gen4pt|1169\n|teamsize|p1|6\n|teamsize|p2|6\n|gen|9\n|tier|[Gen 9] VGC 2023 Regulation C\n|rated|\n|rule|Species Clause: Limit one of each Pok\u00e9mon\n|rule|Item Clause: Limit one of each item\n|clearpoke\n|poke|p1|Chi-Yu, L50|\n|poke|p1|Dachsbun, L50, F|\n|poke|p1|Dragonite, L50, M|\n|poke|p1|Flutter Mane, L50|\n|poke|p1|Azumarill, L50, F|\n|poke|p1|Chien-Pao, L50|\n|poke|p2|Chien-Pao, L50|\n|poke|p2|Dragapult, L50, F|\n|poke|p2|Flutter Mane, L50|\n|poke|p2|Amoonguss, L50, M|\n|poke|p2|Palafin, L50, M|\n|poke|p2|Arcanine, L50, M|\n|teampreview|4\n|inactive|Battle timer is ON: inactive players will automatically lose when time's up. (requested by Braix2570)\n|inactive|Braix2570 has 60 seconds left.\n|\n|t:|1681963964\n|start\n|switch|p1a: Chi-Yu|Chi-Yu, L50|100\/100\n|switch|p1b: Flutter Mane|Flutter Mane, L50|100\/100\n|switch|p2a: Palafin|Palafin, L50, M, shiny|100\/100\n|switch|p2b: Arcanine|Arcanine, L50, M|100\/100\n|-ability|p1a: Chi-Yu|Beads of Ruin\n|-ability|p2b: Arcanine|Intimidate|boost\n|-unboost|p1a: Chi-Yu|atk|1\n|-unboost|p1b: Flutter Mane|atk|1\n|-enditem|p1b: Flutter Mane|Booster Energy\n|-activate|p1b: Flutter Mane|ability: Protosynthesis|[fromitem]\n|-start|p1b: Flutter Mane|protosynthesisspe\n|turn|1\n|inactive|Yoshitoki has 30 seconds left.\n|\n|t:|1681963992\n|-end|p1b: Flutter Mane|Protosynthesis|[silent]\n|switch|p1b: Dachsbun|Dachsbun, L50, F|100\/100\n|-terastallize|p1a: Chi-Yu|Ghost\n|move|p2a: Palafin|Protect|p2a: Palafin\n|-singleturn|p2a: Palafin|Protect\n|move|p1a: Chi-Yu|Lava Plume|p2a: Palafin|[spread] p2b\n|-activate|p2a: Palafin|move: Protect\n|-ability|p1b: Dachsbun|Well-Baked Body|boost\n|-boost|p1b: Dachsbun|def|2\n|-resisted|p2b: Arcanine\n|-damage|p2b: Arcanine|79\/100\n|move|p2b: Arcanine|Snarl|p1a: Chi-Yu|[spread] p1a,p1b\n|-supereffective|p1a: Chi-Yu\n|-resisted|p1b: Dachsbun\n|-damage|p1a: Chi-Yu|79\/100\n|-damage|p1b: Dachsbun|96\/100\n|-unboost|p1a: Chi-Yu|spa|1\n|-unboost|p1b: Dachsbun|spa|1\n|\n|-heal|p1b: Dachsbun|100\/100|[from] item: Leftovers\n|upkeep\n|turn|2\n|inactive|Braix2570 has 30 seconds left.\n|\n|t:|1681964025\n|move|p1a: Chi-Yu|Lava Plume|p2a: Palafin|[spread] p2a,p2b\n|-ability|p1b: Dachsbun|Well-Baked Body|boost\n|-boost|p1b: Dachsbun|def|2\n|-resisted|p2a: Palafin\n|-resisted|p2b: Arcanine\n|-damage|p2a: Palafin|83\/100\n|-damage|p2b: Arcanine|64\/100\n|move|p2b: Arcanine|Flare Blitz|p1a: Chi-Yu\n|-damage|p1a: Chi-Yu|0 fnt\n|faint|p1a: Chi-Yu\n|-damage|p2b: Arcanine|47\/100|[from] Recoil\n|move|p2a: Palafin|Haze|p2a: Palafin\n|-clearallboost\n|move|p1b: Dachsbun|Yawn|p2a: Palafin\n|-start|p2a: Palafin|move: Yawn|[of] p1b: Dachsbun\n|\n|upkeep\n|\n|t:|1681964035\n|switch|p1a: Flutter Mane|Flutter Mane, L50|100\/100\n|turn|3\n|\n|t:|1681964048\n|detailschange|p2a: Palafin|Palafin-Hero, L50, M, shiny\n|switch|p2a: Amoonguss|Amoonguss, L50, M|100\/100\n|move|p1a: Flutter Mane|Protect|p1a: Flutter Mane\n|-singleturn|p1a: Flutter Mane|Protect\n|move|p2b: Arcanine|Flare Blitz|p1a: Flutter Mane\n|-activate|p1a: Flutter Mane|move: Protect\n|move|p1b: Dachsbun|Body Press|p2b: Arcanine\n|-damage|p2b: Arcanine|23\/100\n|\n|upkeep\n|turn|4\n|\n|t:|1681964067\n|-end|p1a: Flutter Mane|Protosynthesis|[silent]\n|switch|p1a: Dragonite|Dragonite, L50, M|100\/100\n|move|p2a: Amoonguss|Rage Powder|p2a: Amoonguss\n|-singleturn|p2a: Amoonguss|move: Rage Powder\n|move|p2b: Arcanine|Flare Blitz|p1a: Dragonite\n|-resisted|p1a: Dragonite\n|-damage|p1a: Dragonite|87\/100\n|-damage|p2b: Arcanine|18\/100|[from] Recoil\n|move|p1b: Dachsbun|Body Press|p2a: Amoonguss\n|-resisted|p2a: Amoonguss\n|-damage|p2a: Amoonguss|91\/100\n|\n|upkeep\n|turn|5\n|\n|t:|1681964082\n|move|p2b: Arcanine|Will-O-Wisp|p1a: Dragonite\n|-status|p1a: Dragonite|brn\n|move|p1b: Dachsbun|Body Press|p2a: Amoonguss\n|-resisted|p2a: Amoonguss\n|-damage|p2a: Amoonguss|81\/100\n|move|p1a: Dragonite|Iron Head|p2a: Amoonguss\n|-damage|p2a: Amoonguss|69\/100\n|move|p2a: Amoonguss|Spore||[still]\n|-fail|p2a: Amoonguss\n|\n|-damage|p1a: Dragonite|81\/100 brn|[from] brn\n|upkeep\n|turn|6\n|inactive|Braix2570 has 30 seconds left.\n|inactive|Braix2570 has 20 seconds left.\n|\n|t:|1681964120\n|move|p2b: Arcanine|Flare Blitz|p1a: Dragonite\n|-resisted|p1a: Dragonite\n|-damage|p1a: Dragonite|54\/100 brn\n|-damage|p2b: Arcanine|10\/100|[from] Recoil\n|move|p1b: Dachsbun|Body Press|p2a: Amoonguss\n|-resisted|p2a: Amoonguss\n|-damage|p2a: Amoonguss|61\/100\n|move|p1a: Dragonite|Iron Head|p2a: Amoonguss\n|-damage|p2a: Amoonguss|48\/100\n|-enditem|p2a: Amoonguss|Sitrus Berry|[eat]\n|-heal|p2a: Amoonguss|73\/100|[from] item: Sitrus Berry\n|move|p2a: Amoonguss|Pollen Puff|p1b: Dachsbun\n|-resisted|p1b: Dachsbun\n|-damage|p1b: Dachsbun|92\/100\n|\n|-heal|p1b: Dachsbun|98\/100|[from] item: Leftovers\n|-damage|p1a: Dragonite|49\/100 brn|[from] brn\n|upkeep\n|turn|7\n|\n|t:|1681964137\n|move|p2b: Arcanine|Flare Blitz|p1a: Dragonite\n|-resisted|p1a: Dragonite\n|-damage|p1a: Dragonite|25\/100 brn\n|-damage|p2b: Arcanine|2\/100|[from] Recoil\n|move|p1b: Dachsbun|Yawn|p2a: Amoonguss\n|-start|p2a: Amoonguss|move: Yawn|[of] p1b: Dachsbun\n|move|p1a: Dragonite|Iron Head|p2a: Amoonguss\n|-damage|p2a: Amoonguss|61\/100\n|move|p2a: Amoonguss|Pollen Puff|p1a: Dragonite\n|-resisted|p1a: Dragonite\n|-damage|p1a: Dragonite|17\/100 brn\n|\n|-heal|p1b: Dachsbun|100\/100|[from] item: Leftovers\n|-damage|p1a: Dragonite|11\/100 brn|[from] brn\n|upkeep\n|turn|8\n|inactive|Yoshitoki has 30 seconds left.\n|inactive|Yoshitoki has 20 seconds left.\n|\n|t:|1681964173\n|switch|p1b: Flutter Mane|Flutter Mane, L50|100\/100\n|switch|p2a: Dragapult|Dragapult, L50, F, shiny|100\/100\n|move|p2b: Arcanine|Flare Blitz|p1a: Dragonite\n|-resisted|p1a: Dragonite\n|-damage|p1a: Dragonite|0 fnt\n|faint|p1a: Dragonite\n|-damage|p2b: Arcanine|0 fnt|[from] Recoil\n|faint|p2b: Arcanine\n|\n|upkeep\n|\n|t:|1681964191\n|switch|p2b: Amoonguss|Amoonguss, L50, M|94\/100\n|switch|p1a: Dachsbun|Dachsbun, L50, F|100\/100\n|turn|9\n|\n|t:|1681964204\n|-terastallize|p2a: Dragapult|Steel\n|move|p2b: Amoonguss|Rage Powder|p2b: Amoonguss\n|-singleturn|p2b: Amoonguss|move: Rage Powder\n|move|p2a: Dragapult|Tera Blast|p1a: Dachsbun\n|-supereffective|p1a: Dachsbun\n|-damage|p1a: Dachsbun|20\/100\n|move|p1b: Flutter Mane|Shadow Ball|p2b: Amoonguss\n|-damage|p2b: Amoonguss|59\/100\n|move|p1a: Dachsbun|Yawn|p2b: Amoonguss\n|-start|p2b: Amoonguss|move: Yawn|[of] p1a: Dachsbun\n|\n|-heal|p1a: Dachsbun|26\/100|[from] item: Leftovers\n|upkeep\n|turn|10\n|\n|t:|1681964223\n|move|p2a: Dragapult|Tera Blast|p1b: Flutter Mane\n|-supereffective|p1b: Flutter Mane\n|-damage|p1b: Flutter Mane|0 fnt\n|faint|p1b: Flutter Mane\n|-end|p1b: Flutter Mane|Protosynthesis|[silent]\n|move|p1a: Dachsbun|Body Press|p2a: Dragapult\n|-supereffective|p2a: Dragapult\n|-damage|p2a: Dragapult|40\/100\n|move|p2b: Amoonguss|Spore|p1a: Dachsbun\n|-status|p1a: Dachsbun|slp|[from] move: Spore\n|\n|-heal|p1a: Dachsbun|32\/100 slp|[from] item: Leftovers\n|-end|p2b: Amoonguss|move: Yawn|[silent]\n|-status|p2b: Amoonguss|slp\n|upkeep\n|turn|11\n|-message|Yoshitoki forfeited.\n|\n|win|Braix2570\n|raw|Yoshitoki's rating: 1195 → 1168<\/strong> (-27 for losing)\n|raw|Braix2570's rating: 1169 → 1196<\/strong> (+27 for winning)\n|l|\u2606Yoshitoki\n","uploadtime":1681964250,"views":10,"p1id":"yoshitoki","p2id":"braix2570","formatid":"gen9vgc2023regulationc","rating":1168,"private":0,"password":""}