{"id":"gen9vgc2023regulationc-1849689299","p1":"Uahhhh","p2":"Jesse Orangeman","format":"[Gen 9] VGC 2023 Regulation C","log":"|j|\u2606Uahhhh\n|j|\u2606Jesse Orangeman\n|t:|1682232841\n|gametype|doubles\n|player|p1|Uahhhh|lady|\n|player|p2|Jesse Orangeman|2|\n|teamsize|p1|6\n|teamsize|p2|6\n|gen|9\n|tier|[Gen 9] VGC 2023 Regulation C\n|rated|Tournament battle\n|rule|Species Clause: Limit one of each Pok\u00e9mon\n|rule|Item Clause: Limit one of each item\n|clearpoke\n|poke|p1|Chi-Yu, L50|\n|poke|p1|Great Tusk, L50|\n|poke|p1|Iron Bundle, L50|\n|poke|p1|Murkrow, L50, M|\n|poke|p1|Abomasnow, L50, F|\n|poke|p1|Gholdengo, L50|\n|poke|p2|Iron Hands, L50|\n|poke|p2|Glimmora, L50, M|\n|poke|p2|Amoonguss, L50, M|\n|poke|p2|Chi-Yu, L50|\n|poke|p2|Iron Bundle, L50|\n|poke|p2|Dondozo, L50, M|\n|teampreview|4\n|raw| Open Team Sheet for Uahhhh<\/summary>Liyuu (Chi-Yu) @ Choice Specs Ability: Beads of Ruin Level: 50 Tera Type: Ghost - Heat Wave - Overheat - Dark Pulse - Psychic Great Tusk @ Choice Scarf Ability: Protosynthesis Level: 50 Hidden Power: Fighting Tera Type: Fire - Earthquake - Headlong Rush - Close Combat - Rock Slide \u5305\u88b1\u5305\u88b1 (Iron Bundle) @ Booster Energy Ability: Quark Drive Level: 50 Tera Type: Ice - Freeze-Dry - Blizzard - Hydro Pump - Protect Murkrow @ Eviolite Ability: Prankster Level: 50 Tera Type: Ghost - Foul Play - Tailwind - Haze - Sunny Day Abomasnow @ Light Clay Ability: Snow Warning Level: 50 Tera Type: Rock - Blizzard - Energy Ball - Helping Hand - Aurora Veil Gholdengo @ Sitrus Berry Ability: Good as Gold Level: 50 Tera Type: Water - Make It Rain - Shadow Ball - Nasty Plot - Protect <\/details><\/div> Open Team Sheet for Jesse Orangeman<\/summary>Iron Hands @ Assault Vest Ability: Quark Drive Level: 50 Tera Type: Grass - Close Combat - Fake Out - Wild Charge - Volt Switch Glimmora @ Focus Sash Ability: Toxic Debris Level: 50 Shiny: Yes Tera Type: Grass - Mortal Spin - Power Gem - Energy Ball - Spiky Shield Amoonguss @ Rocky Helmet Ability: Regenerator Level: 50 Shiny: Yes Tera Type: Water - Protect - Spore - Pollen Puff - Rage Powder Chi-Yu @ Safety Goggles Ability: Beads of Ruin Level: 50 Tera Type: Ghost - Protect - Heat Wave - Dark Pulse - Nasty Plot Iron Bundle @ Booster Energy Ability: Quark Drive Level: 50 Shiny: Yes Tera Type: Ghost - Hydro Pump - Protect - Icy Wind - Freeze-Dry Dondozo @ Leftovers Ability: Water Veil Level: 50 Tera Type: Steel - Wave Crash - Heavy Slam - Yawn - Protect <\/details><\/div>\n|j| Wottl3y\n|j| Tempest brute\n|c| Wottl3y|glhf!\n|c|\u2606Uahhhh|gl\n|\n|t:|1682232948\n|start\n|switch|p1a: Abomasnow|Abomasnow, L50, F|100\/100\n|switch|p1b: \u5305\u88b1\u5305\u88b1|Iron Bundle, L50|100\/100\n|switch|p2a: Iron Hands|Iron Hands, L50|100\/100\n|switch|p2b: Glimmora|Glimmora, L50, M, shiny|100\/100\n|-weather|Snow|[from] ability: Snow Warning|[of] p1a: Abomasnow\n|-enditem|p1b: \u5305\u88b1\u5305\u88b1|Booster Energy\n|-activate|p1b: \u5305\u88b1\u5305\u88b1|ability: Quark Drive|[fromitem]\n|-start|p1b: \u5305\u88b1\u5305\u88b1|quarkdrivespa\n|turn|1\n|\n|t:|1682232973\n|move|p1b: \u5305\u88b1\u5305\u88b1|Protect|p1b: \u5305\u88b1\u5305\u88b1\n|-singleturn|p1b: \u5305\u88b1\u5305\u88b1|Protect\n|move|p2a: Iron Hands|Fake Out|p1a: Abomasnow\n|-damage|p1a: Abomasnow|89\/100\n|move|p2b: Glimmora|Power Gem|p1a: Abomasnow\n|-supereffective|p1a: Abomasnow\n|-damage|p1a: Abomasnow|0 fnt\n|faint|p1a: Abomasnow\n|\n|-weather|Snow|[upkeep]\n|upkeep\n|\n|t:|1682232983\n|switch|p1a: Gholdengo|Gholdengo, L50|100\/100\n|turn|2\n|\n|t:|1682232997\n|move|p2b: Glimmora|Spiky Shield|p2b: Glimmora\n|-singleturn|p2b: Glimmora|move: Protect\n|move|p1b: \u5305\u88b1\u5305\u88b1|Blizzard|p2a: Iron Hands|[spread] p2a\n|-activate|p2b: Glimmora|move: Protect\n|-damage|p2a: Iron Hands|73\/100\n|move|p1a: Gholdengo|Nasty Plot|p1a: Gholdengo\n|-boost|p1a: Gholdengo|spa|2\n|move|p2a: Iron Hands|Close Combat|p1b: \u5305\u88b1\u5305\u88b1\n|-supereffective|p1b: \u5305\u88b1\u5305\u88b1\n|-damage|p1b: \u5305\u88b1\u5305\u88b1|11\/100\n|-unboost|p2a: Iron Hands|def|1\n|-unboost|p2a: Iron Hands|spd|1\n|\n|-weather|Snow|[upkeep]\n|upkeep\n|turn|3\n|\n|t:|1682233016\n|move|p1b: \u5305\u88b1\u5305\u88b1|Blizzard|p2b: Glimmora|[spread] p2a,p2b\n|-damage|p2a: Iron Hands|27\/100\n|-damage|p2b: Glimmora|26\/100\n|-status|p2a: Iron Hands|frz\n|-status|p2b: Glimmora|frz\n|cant|p2b: Glimmora|frz\n|move|p1a: Gholdengo|Shadow Ball|p2b: Glimmora\n|-damage|p2b: Glimmora|0 fnt\n|faint|p2b: Glimmora\n|cant|p2a: Iron Hands|frz\n|\n|-weather|Snow|[upkeep]\n|upkeep\n|\n|t:|1682233041\n|switch|p2b: Chi-Yu|Chi-Yu, L50|100\/100\n|-ability|p2b: Chi-Yu|Beads of Ruin\n|turn|4\n|\n|t:|1682233060\n|-terastallize|p1a: Gholdengo|Water\n|move|p2b: Chi-Yu|Protect|p2b: Chi-Yu\n|-singleturn|p2b: Chi-Yu|Protect\n|move|p1b: \u5305\u88b1\u5305\u88b1|Blizzard|p2a: Iron Hands|[spread] p2a\n|-activate|p2b: Chi-Yu|move: Protect\n|-damage|p2a: Iron Hands|0 fnt\n|faint|p2a: Iron Hands\n|-end|p2a: Iron Hands|Quark Drive|[silent]\n|move|p1a: Gholdengo|Shadow Ball|p2b: Chi-Yu\n|-activate|p2b: Chi-Yu|move: Protect\n|\n|-weather|Snow|[upkeep]\n|upkeep\n|\n|t:|1682233070\n|switch|p2a: Iron Bundle|Iron Bundle, L50, shiny|100\/100\n|-enditem|p2a: Iron Bundle|Booster Energy\n|-activate|p2a: Iron Bundle|ability: Quark Drive|[fromitem]\n|-start|p2a: Iron Bundle|quarkdrivespe\n|turn|5\n|\n|t:|1682233127\n|move|p2a: Iron Bundle|Freeze-Dry|p1a: Gholdengo\n|-supereffective|p1a: Gholdengo\n|-damage|p1a: Gholdengo|11\/100\n|-enditem|p1a: Gholdengo|Sitrus Berry|[eat]\n|-heal|p1a: Gholdengo|36\/100|[from] item: Sitrus Berry\n|move|p2b: Chi-Yu|Heat Wave|p1a: Gholdengo|[spread] p1a,p1b\n|-resisted|p1a: Gholdengo\n|-damage|p1a: Gholdengo|12\/100\n|-damage|p1b: \u5305\u88b1\u5305\u88b1|0 fnt\n|faint|p1b: \u5305\u88b1\u5305\u88b1\n|-end|p1b: \u5305\u88b1\u5305\u88b1|Quark Drive|[silent]\n|move|p1a: Gholdengo|Make It Rain|p2a: Iron Bundle|[spread] p2a,p2b\n|-resisted|p2b: Chi-Yu\n|-damage|p2a: Iron Bundle|0 fnt\n|-damage|p2b: Chi-Yu|44\/100\n|-unboost|p1a: Gholdengo|spa|1\n|faint|p2a: Iron Bundle\n|-end|p2a: Iron Bundle|Quark Drive|[silent]\n|\n|-weather|none\n|upkeep\n|\n|t:|1682233144\n|switch|p1b: Liyuu|Chi-Yu, L50|100\/100\n|-ability|p1b: Liyuu|Beads of Ruin\n|turn|6\n|c|\u2606Uahhhh|maybe is your win\n|-message|Uahhhh forfeited.\n|\n|win|Jesse Orangeman\n|n|\u2606Uahhhh|uahhhh\n|n|\u2606Jesse Orangeman|jesseorangeman\n|n| Wottl3y|wottl3y\n|n| Tempest brute|tempestbrute\n","uploadtime":1682233160,"views":11,"p1id":"uahhhh","p2id":"jesseorangeman","formatid":"gen9vgc2023regulationc","rating":0,"private":0,"password":""}