{"id":"gen9vgc2023regulationc-1847240492","p1":"McStud5","p2":"tukeydukey","format":"[Gen 9] VGC 2023 Regulation C","log":"|j|\u2606McStud5\n|j|\u2606tukeydukey\n|t:|1681930587\n|gametype|doubles\n|player|p1|McStud5|veteran|1092\n|player|p2|tukeydukey|elesa|1191\n|teamsize|p1|6\n|teamsize|p2|6\n|gen|9\n|tier|[Gen 9] VGC 2023 Regulation C\n|rated|\n|rule|Species Clause: Limit one of each Pok\u00e9mon\n|rule|Item Clause: Limit one of each item\n|clearpoke\n|poke|p1|Flutter Mane, L50|\n|poke|p1|Gholdengo, L50|\n|poke|p1|Murkrow, L50, M|\n|poke|p1|Tyranitar, L50, M|\n|poke|p1|Houndstone, L50, M|\n|poke|p1|Lycanroc, L50, F|\n|poke|p2|Pelipper, L50, F|\n|poke|p2|Palafin, L50, M|\n|poke|p2|Glimmora, L50, F|\n|poke|p2|Wo-Chien, L50|\n|poke|p2|Flutter Mane, L50|\n|poke|p2|Iron Hands, L50|\n|teampreview|4\n|inactive|Battle timer is ON: inactive players will automatically lose when time's up. (requested by tukeydukey)\n|\n|t:|1681930623\n|start\n|switch|p1a: Flutter Mane|Flutter Mane, L50|100\/100\n|switch|p1b: Tyranitar|Tyranitar, L50, M|100\/100\n|switch|p2a: Iron Hands|Iron Hands, L50|100\/100\n|switch|p2b: Flutter Mane|Flutter Mane, L50|100\/100\n|-weather|Sandstorm|[from] ability: Sand Stream|[of] p1b: Tyranitar\n|-enditem|p1a: Flutter Mane|Booster Energy\n|-activate|p1a: Flutter Mane|ability: Protosynthesis|[fromitem]\n|-start|p1a: Flutter Mane|protosynthesisspa\n|-enditem|p2b: Flutter Mane|Booster Energy\n|-activate|p2b: Flutter Mane|ability: Protosynthesis|[fromitem]\n|-start|p2b: Flutter Mane|protosynthesisspe\n|turn|1\n|inactive|McStud5 has 30 seconds left.\n|\n|t:|1681930649\n|-terastallize|p1b: Tyranitar|Ghost\n|move|p2b: Flutter Mane|Protect|p2b: Flutter Mane\n|-singleturn|p2b: Flutter Mane|Protect\n|move|p1a: Flutter Mane|Protect|p1a: Flutter Mane\n|-singleturn|p1a: Flutter Mane|Protect\n|move|p1b: Tyranitar|Crunch|p2b: Flutter Mane\n|-activate|p2b: Flutter Mane|move: Protect\n|move|p2a: Iron Hands|Volt Switch|p1b: Tyranitar\n|-damage|p1b: Tyranitar|93\/100\n|\n|t:|1681930659\n|-end|p2a: Iron Hands|Quark Drive|[silent]\n|switch|p2a: Pelipper|Pelipper, L50, F|100\/100|[from] Volt Switch\n|-weather|RainDance|[from] ability: Drizzle|[of] p2a: Pelipper\n|\n|-weather|RainDance|[upkeep]\n|upkeep\n|turn|2\n|inactive|tukeydukey has 30 seconds left.\n|inactive|tukeydukey has 20 seconds left.\n|\n|t:|1681930698\n|move|p2b: Flutter Mane|Shadow Ball|p1b: Tyranitar\n|-supereffective|p1b: Tyranitar\n|-damage|p1b: Tyranitar|52\/100\n|move|p1a: Flutter Mane|Shadow Ball|p2b: Flutter Mane\n|-supereffective|p2b: Flutter Mane\n|-damage|p2b: Flutter Mane|0 fnt\n|faint|p2b: Flutter Mane\n|-end|p2b: Flutter Mane|Protosynthesis|[silent]\n|move|p2a: Pelipper|Hurricane|p1b: Tyranitar\n|-damage|p1b: Tyranitar|23\/100\n|move|p1b: Tyranitar|Rock Slide|p2a: Pelipper\n|-supereffective|p2a: Pelipper\n|-damage|p2a: Pelipper|0 fnt\n|faint|p2a: Pelipper\n|\n|-weather|RainDance|[upkeep]\n|upkeep\n|\n|t:|1681930707\n|switch|p2b: Wo-Chien|Wo-Chien, L50|100\/100\n|switch|p2a: Iron Hands|Iron Hands, L50|100\/100\n|-ability|p2b: Wo-Chien|Tablets of Ruin\n|turn|3\n|inactive|McStud5 has 30 seconds left.\n|\n|t:|1681930739\n|-terastallize|p2b: Wo-Chien|Poison\n|move|p1a: Flutter Mane|Moonblast|p2b: Wo-Chien\n|-resisted|p2b: Wo-Chien\n|-damage|p2b: Wo-Chien|74\/100\n|move|p2b: Wo-Chien|Foul Play|p1b: Tyranitar\n|-supereffective|p1b: Tyranitar\n|-damage|p1b: Tyranitar|0 fnt\n|faint|p1b: Tyranitar\n|move|p2a: Iron Hands|Wild Charge|p1a: Flutter Mane\n|-damage|p1a: Flutter Mane|17\/100\n|-damage|p2a: Iron Hands|90\/100|[from] Recoil\n|\n|-weather|RainDance|[upkeep]\n|-heal|p2b: Wo-Chien|81\/100|[from] item: Leftovers\n|upkeep\n|\n|t:|1681930752\n|switch|p1b: Houndstone|Houndstone, L50, M|100\/100\n|turn|4\n|\n|t:|1681930761\n|move|p1a: Flutter Mane|Moonblast|p2a: Iron Hands\n|-supereffective|p2a: Iron Hands\n|-damage|p2a: Iron Hands|17\/100\n|-unboost|p2a: Iron Hands|spa|1\n|move|p1b: Houndstone|Will-O-Wisp|p2a: Iron Hands\n|-status|p2a: Iron Hands|brn\n|move|p2b: Wo-Chien|Foul Play|p1b: Houndstone\n|-supereffective|p1b: Houndstone\n|-damage|p1b: Houndstone|37\/100\n|-enditem|p1b: Houndstone|Sitrus Berry|[eat]\n|-heal|p1b: Houndstone|61\/100|[from] item: Sitrus Berry\n|move|p2a: Iron Hands|Volt Switch|p1a: Flutter Mane\n|-damage|p1a: Flutter Mane|7\/100\n|\n|-weather|RainDance|[upkeep]\n|-heal|p2b: Wo-Chien|87\/100|[from] item: Leftovers\n|-damage|p2a: Iron Hands|10\/100 brn|[from] brn\n|upkeep\n|turn|5\n|inactive|McStud5 has 30 seconds left.\n|inactive|tukeydukey has 30 seconds left.\n|inactive|tukeydukey has 20 seconds left.\n|inactive|tukeydukey has 15 seconds left.\n|inactive|tukeydukey has 10 seconds left.\n|\n|t:|1681930810\n|move|p1a: Flutter Mane|Shadow Ball|p2b: Wo-Chien\n|-damage|p2b: Wo-Chien|46\/100\n|move|p1b: Houndstone|Psychic Fangs|p2b: Wo-Chien\n|-supereffective|p2b: Wo-Chien\n|-damage|p2b: Wo-Chien|23\/100\n|move|p2b: Wo-Chien|Foul Play|p1a: Flutter Mane\n|-damage|p1a: Flutter Mane|0 fnt\n|faint|p1a: Flutter Mane\n|-end|p1a: Flutter Mane|Protosynthesis|[silent]\n|move|p2a: Iron Hands|Wild Charge|p1b: Houndstone\n|-damage|p1b: Houndstone|45\/100\n|-damage|p2a: Iron Hands|7\/100 brn|[from] Recoil\n|\n|-weather|RainDance|[upkeep]\n|-heal|p2b: Wo-Chien|29\/100|[from] item: Leftovers\n|-damage|p2a: Iron Hands|1\/100 brn|[from] brn\n|upkeep\n|\n|t:|1681930826\n|switch|p1a: Gholdengo|Gholdengo, L50|100\/100\n|turn|6\n|-message|tukeydukey forfeited.\n|\n|win|McStud5\n|raw|McStud5's rating: 1092 → 1125<\/strong> (+33 for winning)\n|raw|tukeydukey's rating: 1191 → 1159<\/strong> (-32 for losing)\n","uploadtime":1681930838,"views":16,"p1id":"mcstud5","p2id":"tukeydukey","formatid":"gen9vgc2023regulationc","rating":1125,"private":0,"password":""}