{"id":"gen9vgc2023regulationc-1846743602","p1":"fo50","p2":"B0bl0bla","format":"[Gen 9] VGC 2023 Regulation C","log":"|j|\u2606fo50\n|j|\u2606B0bl0bla\n|t:|1681872920\n|gametype|doubles\n|player|p1|fo50|2|1031\n|player|p2|B0bl0bla|2|1122\n|teamsize|p1|6\n|teamsize|p2|6\n|gen|9\n|tier|[Gen 9] VGC 2023 Regulation C\n|rated|\n|rule|Species Clause: Limit one of each Pok\u00e9mon\n|rule|Item Clause: Limit one of each item\n|clearpoke\n|poke|p1|Scovillain, L50, M|\n|poke|p1|Dragonite, L50, F|\n|poke|p1|Tinkaton, L50, F|\n|poke|p1|Garchomp, L50, F|\n|poke|p1|Torkoal, L50, M|\n|poke|p1|Scizor, L50, M|\n|poke|p2|Glaceon, L50, F|\n|poke|p2|Sylveon, L50, F|\n|poke|p2|Roaring Moon, L50|\n|poke|p2|Gastrodon, L50, F|\n|poke|p2|Arcanine, L50, F|\n|poke|p2|Salazzle, L50, F|\n|teampreview|4\n|inactive|Battle timer is ON: inactive players will automatically lose when time's up. (requested by fo50)\n|\n|t:|1681872972\n|start\n|switch|p1a: Garchomp|Garchomp, L50, F|100\/100\n|switch|p1b: Scizor|Scizor, L50, M|100\/100\n|switch|p2a: Salazzle|Salazzle, L50, F|100\/100\n|switch|p2b: Gastrosaurus|Gastrodon, L50, F, shiny|100\/100\n|turn|1\n|inactive|B0bl0bla has 30 seconds left.\n|\n|t:|1681872997\n|-terastallize|p1b: Scizor|Flying\n|move|p2a: Salazzle|Fake Out|p1a: Garchomp\n|-damage|p1a: Garchomp|95\/100\n|-damage|p2a: Salazzle|88\/100|[from] ability: Rough Skin|[of] p1a: Garchomp\n|cant|p1a: Garchomp|flinch\n|move|p1b: Scizor|Trailblaze|p2b: Gastrosaurus\n|-supereffective|p2b: Gastrosaurus\n|-damage|p2b: Gastrosaurus|5\/100\n|-boost|p1b: Scizor|spe|1\n|move|p2b: Gastrosaurus|Muddy Water|p1b: Scizor|[spread] p1a,p1b\n|-damage|p1a: Garchomp|70\/100\n|-damage|p1b: Scizor|69\/100\n|-unboost|p1a: Garchomp|accuracy|1\n|\n|upkeep\n|turn|2\n|inactive|B0bl0bla has 30 seconds left.\n|\n|t:|1681873027\n|move|p1b: Scizor|Bullet Punch|p2a: Salazzle\n|-resisted|p2a: Salazzle\n|-damage|p2a: Salazzle|65\/100\n|move|p2a: Salazzle|Toxic Spikes|p1b: Scizor\n|-sidestart|p1: fo50|move: Toxic Spikes\n|move|p1a: Garchomp|Earthquake|p2a: Salazzle|[spread] p2a,p2b\n|-immune|p1b: Scizor\n|-supereffective|p2a: Salazzle\n|-damage|p2a: Salazzle|0 fnt\n|-damage|p2b: Gastrosaurus|0 fnt\n|faint|p2a: Salazzle\n|faint|p2b: Gastrosaurus\n|\n|upkeep\n|\n|t:|1681873038\n|switch|p2a: Don'tHitSoCute|Sylveon, L50, F|100\/100\n|switch|p2b: Ice Ice Eevee|Glaceon, L50, F|100\/100\n|turn|3\n|\n|t:|1681873051\n|move|p1b: Scizor|Bullet Punch|p2a: Don'tHitSoCute\n|-supereffective|p2a: Don'tHitSoCute\n|-damage|p2a: Don'tHitSoCute|0 fnt\n|faint|p2a: Don'tHitSoCute\n|move|p1a: Garchomp|Earthquake|p2b: Ice Ice Eevee|[spread] p2b\n|-immune|p1b: Scizor\n|-damage|p2b: Ice Ice Eevee|72\/100\n|move|p2b: Ice Ice Eevee|Freeze-Dry|p1a: Garchomp\n|-supereffective|p1a: Garchomp\n|-damage|p1a: Garchomp|0 fnt\n|faint|p1a: Garchomp\n|\n|upkeep\n|\n|t:|1681873066\n|switch|p1a: Torkoal|Torkoal, L50, M|100\/100\n|-status|p1a: Torkoal|psn\n|-weather|SunnyDay|[from] ability: Drought|[of] p1a: Torkoal\n|turn|4\n|inactive|B0bl0bla has 30 seconds left.\n|\n|t:|1681873094\n|-terastallize|p2b: Ice Ice Eevee|Water\n|move|p1b: Scizor|Bullet Punch|p2b: Ice Ice Eevee\n|-resisted|p2b: Ice Ice Eevee\n|-damage|p2b: Ice Ice Eevee|60\/100\n|-damage|p1b: Scizor|53\/100|[from] item: Rocky Helmet|[of] p2b: Ice Ice Eevee\n|move|p2b: Ice Ice Eevee|Chilling Water|p1a: Torkoal\n|-supereffective|p1a: Torkoal\n|-damage|p1a: Torkoal|55\/100 psn\n|-unboost|p1a: Torkoal|atk|1\n|move|p1a: Torkoal|Flamethrower|p2b: Ice Ice Eevee\n|-resisted|p2b: Ice Ice Eevee\n|-damage|p2b: Ice Ice Eevee|32\/100\n|\n|-weather|SunnyDay|[upkeep]\n|-damage|p1a: Torkoal|43\/100 psn|[from] psn\n|upkeep\n|turn|5\n|\n|t:|1681873116\n|move|p1b: Scizor|Trailblaze|p2b: Ice Ice Eevee\n|-supereffective|p2b: Ice Ice Eevee\n|-damage|p2b: Ice Ice Eevee|0 fnt\n|-boost|p1b: Scizor|spe|1\n|-damage|p1b: Scizor|36\/100|[from] item: Rocky Helmet|[of] p2b: Ice Ice Eevee\n|-enditem|p1b: Scizor|Sitrus Berry|[eat]\n|-heal|p1b: Scizor|61\/100|[from] item: Sitrus Berry\n|faint|p2b: Ice Ice Eevee\n|\n|win|fo50\n|raw|fo50's rating: 1031 → 1075<\/strong> (+44 for winning)\n|raw|B0bl0bla's rating: 1122 → 1091<\/strong> (-31 for losing)\n|l|\u2606B0bl0bla\n|c|\u2606fo50|Ggs\n","uploadtime":1681873132,"views":14,"p1id":"fo50","p2id":"b0bl0bla","formatid":"gen9vgc2023regulationc","rating":1075,"private":0,"password":""}