{"id":"gen9vgc2023regulationc-1854587216","p1":"Himynameistanner","p2":"TrainerDylan24","format":"[Gen 9] VGC 2023 Regulation C","log":"|j|\u2606Himynameistanner\n|j|\u2606TrainerDylan24\n|t:|1682831385\n|gametype|doubles\n|player|p1|Himynameistanner|266|1175\n|player|p2|TrainerDylan24|swimmerf|1094\n|teamsize|p1|6\n|teamsize|p2|6\n|gen|9\n|tier|[Gen 9] VGC 2023 Regulation C\n|rated|\n|rule|Species Clause: Limit one of each Pok\u00e9mon\n|rule|Item Clause: Limit one of each item\n|clearpoke\n|poke|p1|Ting-Lu, L50|\n|poke|p1|Annihilape, L50, F|\n|poke|p1|Indeedee-F, L50, F|\n|poke|p1|Armarouge, L50, F|\n|poke|p1|Great Tusk, L50|\n|poke|p1|Gyarados, L50, F|\n|poke|p2|Torkoal, L50, F|\n|poke|p2|Amoonguss, L50, F|\n|poke|p2|Kilowattrel, L50, F|\n|poke|p2|Lilligant, L50, F|\n|poke|p2|Roaring Moon, L50|\n|poke|p2|Arcanine, L50, F|\n|teampreview|4\n|\n|t:|1682831467\n|start\n|switch|p1a: Great Tusk|Great Tusk, L50|100\/100\n|switch|p1b: Gyarados|Gyarados, L50, F|100\/100\n|switch|p2a: Kilowattrel|Kilowattrel, L50, F|100\/100\n|switch|p2b: Roaring Moon|Roaring Moon, L50|100\/100\n|-ability|p1b: Gyarados|Intimidate|boost\n|-unboost|p2a: Kilowattrel|atk|1\n|-unboost|p2b: Roaring Moon|atk|1\n|-enditem|p2b: Roaring Moon|Booster Energy\n|-activate|p2b: Roaring Moon|ability: Protosynthesis|[fromitem]\n|-start|p2b: Roaring Moon|protosynthesisspe\n|-enditem|p1a: Great Tusk|Booster Energy\n|-activate|p1a: Great Tusk|ability: Protosynthesis|[fromitem]\n|-start|p1a: Great Tusk|protosynthesisatk\n|turn|1\n|\n|t:|1682831484\n|-terastallize|p1a: Great Tusk|Steel\n|move|p1b: Gyarados|Protect|p1b: Gyarados\n|-singleturn|p1b: Gyarados|Protect\n|move|p2b: Roaring Moon|Acrobatics|p1a: Great Tusk\n|-resisted|p1a: Great Tusk\n|-damage|p1a: Great Tusk|92\/100\n|move|p2a: Kilowattrel|Thunderbolt|p1b: Gyarados\n|-activate|p1b: Gyarados|move: Protect\n|move|p1a: Great Tusk|Close Combat|p2b: Roaring Moon\n|-supereffective|p2b: Roaring Moon\n|-damage|p2b: Roaring Moon|0 fnt\n|-unboost|p1a: Great Tusk|def|1\n|-unboost|p1a: Great Tusk|spd|1\n|faint|p2b: Roaring Moon\n|-end|p2b: Roaring Moon|Protosynthesis|[silent]\n|\n|upkeep\n|\n|t:|1682831499\n|switch|p2b: Arcanine|Arcanine, L50, F|100\/100\n|-ability|p2b: Arcanine|Intimidate|boost\n|-unboost|p1a: Great Tusk|atk|1\n|-fail|p1b: Gyarados|unboost|[from] item: Clear Amulet|[of] p1b: Gyarados\n|turn|2\n|\n|t:|1682831510\n|switch|p1b: Ting-Lu|Ting-Lu, L50|100\/100\n|-ability|p1b: Ting-Lu|Vessel of Ruin\n|move|p2a: Kilowattrel|Thunderbolt|p1b: Ting-Lu\n|-immune|p1b: Ting-Lu\n|move|p2b: Arcanine|Flare Blitz|p1a: Great Tusk\n|-supereffective|p1a: Great Tusk\n|-damage|p1a: Great Tusk|0 fnt\n|faint|p1a: Great Tusk\n|-end|p1a: Great Tusk|Protosynthesis|[silent]\n|-damage|p2b: Arcanine|66\/100|[from] Recoil\n|\n|upkeep\n|\n|t:|1682831522\n|switch|p1a: Gyarados|Gyarados, L50, F|100\/100\n|-ability|p1a: Gyarados|Intimidate|boost\n|-unboost|p2a: Kilowattrel|atk|1\n|-unboost|p2b: Arcanine|atk|1\n|turn|3\n|\n|t:|1682831537\n|switch|p2b: Lilligant|Lilligant, L50, F|100\/100\n|move|p1a: Gyarados|Protect|p1a: Gyarados\n|-singleturn|p1a: Gyarados|Protect\n|move|p2a: Kilowattrel|Thunderbolt|p1a: Gyarados\n|-activate|p1a: Gyarados|move: Protect\n|move|p1b: Ting-Lu|Stomping Tantrum|p2b: Lilligant\n|-resisted|p2b: Lilligant\n|-damage|p2b: Lilligant|77\/100\n|\n|-heal|p2b: Lilligant|83\/100|[from] item: Leftovers\n|upkeep\n|turn|4\n|\n|t:|1682831553\n|move|p2a: Kilowattrel|Thunderbolt|p1a: Gyarados\n|-supereffective|p1a: Gyarados\n|-damage|p1a: Gyarados|0 fnt\n|faint|p1a: Gyarados\n|-damage|p2a: Kilowattrel|91\/100|[from] item: Life Orb\n|move|p2b: Lilligant|Quiver Dance|p2b: Lilligant\n|-boost|p2b: Lilligant|spa|1\n|-boost|p2b: Lilligant|spd|1\n|-boost|p2b: Lilligant|spe|1\n|move|p1b: Ting-Lu|Heavy Slam|p2b: Lilligant\n|-damage|p2b: Lilligant|27\/100\n|\n|-heal|p2b: Lilligant|33\/100|[from] item: Leftovers\n|upkeep\n|\n|t:|1682831584\n|switch|p1a: Annihilape|Annihilape, L50, F|100\/100\n|turn|5\n|\n|t:|1682831601\n|move|p2b: Lilligant|Giga Drain|p1a: Annihilape\n|-crit|p1a: Annihilape\n|-damage|p1a: Annihilape|48\/100\n|-heal|p2b: Lilligant|72\/100|[from] drain|[of] p1a: Annihilape\n|move|p2a: Kilowattrel|Air Cutter|p1b: Ting-Lu|[spread] p1a,p1b\n|-supereffective|p1a: Annihilape\n|-damage|p1a: Annihilape|8\/100\n|-damage|p1b: Ting-Lu|92\/100\n|-damage|p2a: Kilowattrel|81\/100|[from] item: Life Orb\n|move|p1a: Annihilape|Rage Fist|p2a: Kilowattrel\n|-damage|p2a: Kilowattrel|0 fnt\n|faint|p2a: Kilowattrel\n|move|p1b: Ting-Lu|Heavy Slam|p2b: Lilligant\n|-damage|p2b: Lilligant|17\/100\n|\n|-heal|p2b: Lilligant|23\/100|[from] item: Leftovers\n|-heal|p1a: Annihilape|14\/100|[from] item: Leftovers\n|upkeep\n|\n|t:|1682831613\n|switch|p2a: Arcanine|Arcanine, L50, F|66\/100\n|-ability|p2a: Arcanine|Intimidate|boost\n|-unboost|p1a: Annihilape|atk|1\n|-ability|p1a: Annihilape|Defiant|boost\n|-boost|p1a: Annihilape|atk|2\n|-unboost|p1b: Ting-Lu|atk|1\n|turn|6\n|\n|t:|1682831633\n|-terastallize|p2a: Arcanine|Normal\n|move|p1a: Annihilape|Protect|p1a: Annihilape\n|-singleturn|p1a: Annihilape|Protect\n|move|p2b: Lilligant|Giga Drain|p1a: Annihilape\n|-activate|p1a: Annihilape|move: Protect\n|move|p2a: Arcanine|Close Combat|p1b: Ting-Lu\n|-supereffective|p1b: Ting-Lu\n|-damage|p1b: Ting-Lu|35\/100\n|-unboost|p2a: Arcanine|def|1\n|-unboost|p2a: Arcanine|spd|1\n|move|p1b: Ting-Lu|Stomping Tantrum|p2a: Arcanine\n|-crit|p2a: Arcanine\n|-damage|p2a: Arcanine|0 fnt\n|faint|p2a: Arcanine\n|\n|-heal|p2b: Lilligant|29\/100|[from] item: Leftovers\n|-heal|p1a: Annihilape|20\/100|[from] item: Leftovers\n|upkeep\n|turn|7\n|\n|t:|1682831652\n|move|p2b: Lilligant|Giga Drain|p1a: Annihilape\n|-damage|p1a: Annihilape|0 fnt\n|-heal|p2b: Lilligant|44\/100|[from] drain|[of] p1a: Annihilape\n|faint|p1a: Annihilape\n|move|p1b: Ting-Lu|Heavy Slam|p2b: Lilligant\n|-damage|p2b: Lilligant|10\/100\n|\n|-heal|p2b: Lilligant|16\/100|[from] item: Leftovers\n|upkeep\n|turn|8\n|\n|t:|1682831664\n|move|p2b: Lilligant|Protect|p2b: Lilligant\n|-singleturn|p2b: Lilligant|Protect\n|move|p1b: Ting-Lu|Heavy Slam|p2b: Lilligant\n|-activate|p2b: Lilligant|move: Protect\n|\n|-heal|p2b: Lilligant|22\/100|[from] item: Leftovers\n|upkeep\n|turn|9\n|\n|t:|1682831673\n|move|p2b: Lilligant|Giga Drain|p1b: Ting-Lu\n|-supereffective|p1b: Ting-Lu\n|-damage|p1b: Ting-Lu|2\/100\n|-heal|p2b: Lilligant|50\/100|[from] drain|[of] p1b: Ting-Lu\n|move|p1b: Ting-Lu|Heavy Slam|p2b: Lilligant\n|-damage|p2b: Lilligant|11\/100\n|\n|-heal|p2b: Lilligant|17\/100|[from] item: Leftovers\n|upkeep\n|turn|10\n|\n|t:|1682831698\n|move|p2b: Lilligant|Giga Drain|p1b: Ting-Lu\n|-supereffective|p1b: Ting-Lu\n|-damage|p1b: Ting-Lu|0 fnt\n|-heal|p2b: Lilligant|18\/100|[from] drain|[of] p1b: Ting-Lu\n|faint|p1b: Ting-Lu\n|\n|win|TrainerDylan24\n|raw|Himynameistanner's rating: 1206 → 1173<\/strong> (-33 for losing)\n|raw|TrainerDylan24's rating: 1094 → 1128<\/strong> (+34 for winning)\n|l|\u2606Himynameistanner\n","uploadtime":1682831709,"views":14,"p1id":"himynameistanner","p2id":"trainerdylan24","formatid":"gen9vgc2023regulationc","rating":1128,"private":0,"password":""}