{"id":"gen9vgc2023regulationc-1859221639","p1":"PureNeutral","p2":"BIGHAXORUSFAN147","format":"[Gen 9] VGC 2023 Regulation C","log":"|j|\u2606PureNeutral\n|j|\u2606BIGHAXORUSFAN147\n|t:|1683419956\n|gametype|doubles\n|player|p1|PureNeutral|elesa|1605\n|player|p2|BIGHAXORUSFAN147|grimsley-masters|1576\n|teamsize|p1|6\n|teamsize|p2|6\n|gen|9\n|tier|[Gen 9] VGC 2023 Regulation C\n|rated|\n|rule|Species Clause: Limit one of each Pok\u00e9mon\n|rule|Item Clause: Limit one of each item\n|clearpoke\n|poke|p1|Maushold-Four, L50|\n|poke|p1|Annihilape, L50, F|\n|poke|p1|Flutter Mane, L50|\n|poke|p1|Talonflame, L50, F|\n|poke|p1|Chien-Pao, L50|\n|poke|p1|Dragapult, L50, M|\n|poke|p2|Kingambit, L50, M|\n|poke|p2|Dragonite, L50, M|\n|poke|p2|Palafin, L50, M|\n|poke|p2|Amoonguss, L50, M|\n|poke|p2|Arcanine, L50, M|\n|poke|p2|Flutter Mane, L50|\n|teampreview|4\nBIGHAXORUSFAN147 has agreed to open team sheets.\n|j| merah merona\n|\n|t:|1683419980\n|start\n|switch|p1a: Maushold|Maushold-Four, L50|100\/100\n|switch|p1b: Annihilape|Annihilape, L50, F|100\/100\n|switch|p2a: Jinbe|Palafin, L50, M, shiny|100\/100\n|switch|p2b: Perona|Flutter Mane, L50|100\/100\n|turn|1\n|\n|t:|1683420015\n|-terastallize|p2b: Perona|Fairy\n|-terastallize|p1b: Annihilape|Water\n|move|p1a: Maushold|Protect|p1a: Maushold\n|-singleturn|p1a: Maushold|Protect\n|move|p2a: Jinbe|Jet Punch|p1a: Maushold\n|-activate|p1a: Maushold|move: Protect\n|move|p2b: Perona|Moonblast|p1a: Maushold\n|-activate|p1a: Maushold|move: Protect\n|move|p1b: Annihilape|Rage Fist|p2b: Perona\n|-damage|p2b: Perona|67\/100\n|\n|upkeep\n|turn|2\n|\n|t:|1683420033\n|move|p1a: Maushold|Feint|p1b: Annihilape\n|-damage|p1b: Annihilape|95\/100\n|move|p2a: Jinbe|Jet Punch|p1a: Maushold\n|-damage|p1a: Maushold|70\/100\n|move|p2b: Perona|Moonblast|p1a: Maushold\n|-damage|p1a: Maushold|0 fnt\n|faint|p1a: Maushold\n|move|p1b: Annihilape|Rage Fist|p2b: Perona\n|-damage|p2b: Perona|0 fnt\n|faint|p2b: Perona\n|-end|p2b: Perona|Protosynthesis|[silent]\n|\n|-heal|p1b: Annihilape|100\/100|[from] item: Leftovers\n|upkeep\n|\n|t:|1683420045\n|switch|p2b: Zoro|Dragonite, L50, M, shiny|100\/100\n|switch|p1a: Talonflame|Talonflame, L50, F|100\/100\n|turn|3\n|\n|t:|1683420084\n|move|p2b: Zoro|Extreme Speed|p1a: Talonflame\n|-damage|p1a: Talonflame|50\/100\n|move|p2a: Jinbe|Jet Punch|p1a: Talonflame\n|-supereffective|p1a: Talonflame\n|-damage|p1a: Talonflame|0 fnt\n|faint|p1a: Talonflame\n|move|p1b: Annihilape|Bulk Up|p1b: Annihilape\n|-boost|p1b: Annihilape|atk|1\n|-boost|p1b: Annihilape|def|1\n|\n|upkeep\n|\n|t:|1683420090\n|switch|p1a: Chien-Pao|Chien-Pao, L50|100\/100\n|-ability|p1a: Chien-Pao|Sword of Ruin\n|turn|4\n|\n|t:|1683420104\n|move|p1a: Chien-Pao|Protect|p1a: Chien-Pao\n|-singleturn|p1a: Chien-Pao|Protect\n|move|p2a: Jinbe|Haze|p2a: Jinbe\n|-clearallboost\n|move|p1b: Annihilape|Rage Fist|p2a: Jinbe\n|-damage|p2a: Jinbe|32\/100\n|move|p2b: Zoro|Low Kick|p1a: Chien-Pao\n|-activate|p1a: Chien-Pao|move: Protect\n|\n|upkeep\n|turn|5\n|\n|t:|1683420119\n|move|p2a: Jinbe|Protect|p2a: Jinbe\n|-singleturn|p2a: Jinbe|Protect\n|move|p1a: Chien-Pao|Ice Spinner|p2b: Zoro\n|-supereffective|p2b: Zoro\n|-damage|p2b: Zoro|0 fnt\n|faint|p2b: Zoro\n|move|p1b: Annihilape|Rage Fist|p2a: Jinbe\n|-activate|p2a: Jinbe|move: Protect\n|\n|upkeep\n|\n|t:|1683420126\n|switch|p2b: Mihawk|Kingambit, L50, M|100\/100\n|turn|6\n|\n|t:|1683420144\n|move|p2a: Jinbe|Jet Punch|p1a: Chien-Pao\n|-damage|p1a: Chien-Pao|61\/100\n|move|p1a: Chien-Pao|Ice Spinner|p2b: Mihawk\n|-resisted|p2b: Mihawk\n|-damage|p2b: Mihawk|78\/100\n|move|p1b: Annihilape|Rage Fist|p2a: Jinbe\n|-damage|p2a: Jinbe|0 fnt\n|faint|p2a: Jinbe\n|move|p2b: Mihawk|Swords Dance|p2b: Mihawk\n|-boost|p2b: Mihawk|atk|2\n|\n|upkeep\n|turn|7\n|\n|t:|1683420161\n|move|p2b: Mihawk|Sucker Punch|p1b: Annihilape\n|-damage|p1b: Annihilape|4\/100\n|move|p1a: Chien-Pao|Ice Spinner|p2b: Mihawk\n|-resisted|p2b: Mihawk\n|-damage|p2b: Mihawk|57\/100\n|move|p1b: Annihilape|Drain Punch|p2b: Mihawk\n|-supereffective|p2b: Mihawk\n|-damage|p2b: Mihawk|0 fnt\n|-heal|p1b: Annihilape|31\/100|[from] drain|[of] p2b: Mihawk\n|faint|p2b: Mihawk\n|\n|win|PureNeutral\n|raw|PureNeutral's rating: 1605 → 1623<\/strong> (+18 for winning)\n|raw|BIGHAXORUSFAN147's rating: 1576 → 1558<\/strong> (-18 for losing)\n|l|\u2606PureNeutral\n|l| merah merona\n","uploadtime":1683420173,"views":11,"p1id":"pureneutral","p2id":"bighaxorusfan147","formatid":"gen9vgc2023regulationc","rating":1558,"private":0,"password":""}