{"id":"gen9vgc2023regulationc-1854910101","p1":"krangune\u2764","p2":"JaVpad1spi","format":"[Gen 9] VGC 2023 Regulation C","log":"|j|\u2606krangune\u2764\n|j|\u2606JaVpad1spi\n|t:|1682879767\n|gametype|doubles\n|player|p1|krangune\u2764|elesa|\n|player|p2|JaVpad1spi|unknownf|\n|teamsize|p1|6\n|teamsize|p2|6\n|gen|9\n|tier|[Gen 9] VGC 2023 Regulation C\n|rated|Tournament battle\n|rule|Species Clause: Limit one of each Pok\u00e9mon\n|rule|Item Clause: Limit one of each item\n|clearpoke\n|poke|p1|Chi-Yu, L50|\n|poke|p1|Coalossal, L50, M|\n|poke|p1|Gastrodon, L50, M|\n|poke|p1|Flutter Mane, L50|\n|poke|p1|Torkoal, L50, M|\n|poke|p1|Lilligant, L50, F|\n|poke|p2|Chi-Yu, L50|\n|poke|p2|Flutter Mane, L50|\n|poke|p2|Iron Bundle, L50|\n|poke|p2|Palafin, L50, F|\n|poke|p2|Arcanine, L50, F|\n|poke|p2|Amoonguss, L50, M|\n|teampreview|4\n|raw| Open Team Sheet for krangune\u2764<\/summary>Chi-Yu @ Choice Scarf Ability: Beads of Ruin Level: 50 Tera Type: Fire - Lava Plume - Dark Pulse - Snarl - Heat Wave Coalossal @ Life Orb Ability: Steam Engine Level: 50 Tera Type: Grass - Tar Shot - Power Gem - Will-O-Wisp - Heat Wave Gastrodon @ Leftovers Ability: Storm Drain Level: 50 Tera Type: Fire - Muddy Water - Ice Beam - Protect - Recover Flutter Mane @ Choice Specs Ability: Protosynthesis Level: 50 Tera Type: Fairy - Dazzling Gleam - Shadow Ball - Mystical Fire - Thunderbolt Torkoal @ Charcoal Ability: Drought Level: 50 Tera Type: Fire - Eruption - Protect - Heat Wave - Earth Power Lilligant (F) @ Focus Sash Ability: Chlorophyll Level: 50 Tera Type: Grass - Protect - Sleep Powder - After You - Leaf Storm <\/details><\/div> Open Team Sheet for JaVpad1spi<\/summary>Chi-Yu @ Choice Specs Ability: Beads of Ruin Level: 50 Tera Type: Fire - Heat Wave - Overheat - Dark Pulse - Psychic Flutter Mane @ Focus Sash Ability: Protosynthesis Level: 50 Tera Type: Psychic - Dazzling Gleam - Shadow Ball - Psyshock - Protect Iron Bundle @ Booster Energy Ability: Quark Drive Level: 50 Tera Type: Ghost - Icy Wind - Taunt - Encore - Hydro Pump Palafin @ Mystic Water Ability: Zero to Hero Level: 50 Tera Type: Water - Wave Crash - Jet Punch - Haze - Protect Arcanine @ Safety Goggles Ability: Intimidate Level: 50 Tera Type: Water - Will-O-Wisp - Protect - Extreme Speed - Snarl Amoonguss @ Sitrus Berry Ability: Regenerator Level: 50 Tera Type: Water - Spore - Pollen Puff - Protect - Rage Powder <\/details><\/div>\n|inactive|Battle timer is ON: inactive players will automatically lose when time's up. (requested by JaVpad1spi)\n|c|\u2606krangune\u2764|glhf\n|j| lattewave\n|c|\u2606JaVpad1spi|glhf\n|inactive|krangune\u2764 has 60 seconds left.\n|\n|t:|1682879820\n|start\n|switch|p1a: Chi-Yu|Chi-Yu, L50|100\/100\n|switch|p1b: Coalossal|Coalossal, L50, M|100\/100\n|switch|p2a: Flutter Mane|Flutter Mane, L50|100\/100\n|switch|p2b: Chi-Yu|Chi-Yu, L50|100\/100\n|-ability|p1a: Chi-Yu|Beads of Ruin\n|-ability|p2b: Chi-Yu|Beads of Ruin\n|turn|1\n|j|%Bright Size\n|j| RiotJuice\n|j|+TheEeveeAnimations\n|inactive|krangune\u2764 has 30 seconds left.\n|\n|t:|1682879852\n|move|p1a: Chi-Yu|Lava Plume|p2a: Flutter Mane|[spread] p1b,p2a,p2b\n|-resisted|p1b: Coalossal\n|-resisted|p2b: Chi-Yu\n|-crit|p2b: Chi-Yu\n|-damage|p1b: Coalossal|91\/100\n|-damage|p2a: Flutter Mane|56\/100\n|-damage|p2b: Chi-Yu|71\/100\n|-status|p2a: Flutter Mane|brn\n|-ability|p1b: Coalossal|Steam Engine|boost\n|-boost|p1b: Coalossal|spe|6\n|move|p1b: Coalossal|Power Gem|p2b: Chi-Yu\n|-supereffective|p2b: Chi-Yu\n|-damage|p2b: Chi-Yu|0 fnt\n|faint|p2b: Chi-Yu\n|-damage|p1b: Coalossal|82\/100|[from] item: Life Orb\n|move|p2a: Flutter Mane|Dazzling Gleam|p1a: Chi-Yu|[spread] p1a,p1b\n|-resisted|p1b: Coalossal\n|-damage|p1a: Chi-Yu|59\/100\n|-damage|p1b: Coalossal|62\/100\n|\n|-damage|p2a: Flutter Mane|50\/100 brn|[from] brn\n|upkeep\n|\n|t:|1682879862\n|switch|p2b: Amoonguss|Amoonguss, L50, M|100\/100\n|turn|2\n|inactive|krangune\u2764 has 30 seconds left.\n|inactive|JaVpad1spi has 30 seconds left.\n|\n|t:|1682879893\n|switch|p1a: Lilligant|Lilligant, L50, F|100\/100\n|-terastallize|p1b: Coalossal|Grass\n|-terastallize|p2b: Amoonguss|Water\n|move|p2b: Amoonguss|Rage Powder|p2b: Amoonguss\n|-singleturn|p2b: Amoonguss|move: Rage Powder\n|move|p1b: Coalossal|Heat Wave|p2a: Flutter Mane|[spread] p2b\n|-miss|p1b: Coalossal|p2a: Flutter Mane\n|-resisted|p2b: Amoonguss\n|-damage|p2b: Amoonguss|86\/100\n|-damage|p1b: Coalossal|52\/100|[from] item: Life Orb\n|move|p2a: Flutter Mane|Shadow Ball|p1b: Coalossal\n|-damage|p1b: Coalossal|13\/100\n|-unboost|p1b: Coalossal|spd|1\n|\n|-damage|p2a: Flutter Mane|44\/100 brn|[from] brn\n|upkeep\n|turn|3\n|inactive|krangune\u2764 has 30 seconds left.\n|\n|t:|1682879923\n|move|p2a: Flutter Mane|Protect|p2a: Flutter Mane\n|-singleturn|p2a: Flutter Mane|Protect\n|move|p1a: Lilligant|Protect|p1a: Lilligant\n|-singleturn|p1a: Lilligant|Protect\n|move|p1b: Coalossal|Heat Wave|p2a: Flutter Mane|[spread] p2b\n|-activate|p2a: Flutter Mane|move: Protect\n|-resisted|p2b: Amoonguss\n|-damage|p2b: Amoonguss|72\/100\n|-damage|p1b: Coalossal|4\/100|[from] item: Life Orb\n|move|p2b: Amoonguss|Pollen Puff|p1b: Coalossal\n|-supereffective|p1b: Coalossal\n|-damage|p1b: Coalossal|0 fnt\n|faint|p1b: Coalossal\n|\n|-damage|p2a: Flutter Mane|37\/100 brn|[from] brn\n|upkeep\n|\n|t:|1682879938\n|switch|p1b: Chi-Yu|Chi-Yu, L50|59\/100\n|-ability|p1b: Chi-Yu|Beads of Ruin\n|turn|4\n|inactive|JaVpad1spi has 30 seconds left.\n|\n|t:|1682879966\n|move|p2a: Flutter Mane|Protect||[still]\n|-fail|p2a: Flutter Mane\n|move|p2b: Amoonguss|Protect|p2b: Amoonguss\n|-singleturn|p2b: Amoonguss|Protect\n|move|p1b: Chi-Yu|Heat Wave|p2b: Amoonguss|[spread] p2a\n|-activate|p2b: Amoonguss|move: Protect\n|-crit|p2a: Flutter Mane\n|-damage|p2a: Flutter Mane|0 fnt\n|faint|p2a: Flutter Mane\n|-end|p2a: Flutter Mane|Protosynthesis|[silent]\n|move|p1a: Lilligant|Leaf Storm|p2b: Amoonguss\n|-activate|p2b: Amoonguss|move: Protect\n|\n|upkeep\n|\n|t:|1682879977\n|switch|p2a: Iron Bundle|Iron Bundle, L50|100\/100\n|-enditem|p2a: Iron Bundle|Booster Energy\n|-activate|p2a: Iron Bundle|ability: Quark Drive|[fromitem]\n|-start|p2a: Iron Bundle|quarkdrivespe\n|turn|5\n|inactive|krangune\u2764 has 30 seconds left.\n|\n|t:|1682880008\n|move|p2a: Iron Bundle|Hydro Pump|p1b: Chi-Yu|[miss]\n|-miss|p2a: Iron Bundle|p1b: Chi-Yu\n|move|p1b: Chi-Yu|Heat Wave|p2b: Amoonguss|[spread] p2a,p2b\n|-resisted|p2b: Amoonguss\n|-damage|p2a: Iron Bundle|0 fnt\n|-damage|p2b: Amoonguss|50\/100\n|-enditem|p2b: Amoonguss|Sitrus Berry|[eat]\n|-heal|p2b: Amoonguss|75\/100|[from] item: Sitrus Berry\n|faint|p2a: Iron Bundle\n|-end|p2a: Iron Bundle|Quark Drive|[silent]\n|move|p1a: Lilligant|Leaf Storm|p2b: Amoonguss\n|-supereffective|p2b: Amoonguss\n|-damage|p2b: Amoonguss|0 fnt\n|-unboost|p1a: Lilligant|spa|2\n|faint|p2b: Amoonguss\n|\n|win|krangune\u2764\n|n|\u2606krangune\u2764|krangune\n|n|\u2606JaVpad1spi|javpad1spi\n|n| lattewave|lattewave\n|n| Bright Size|brightsize\n|n| RiotJuice|riotjuice\n|n| TheEeveeAnimations|theeeveeanimations\n","uploadtime":1682880008,"views":4,"p1id":"krangune","p2id":"javpad1spi","formatid":"gen9vgc2023regulationc","rating":0,"private":0,"password":""}