{"id":"gen9vgc2023regulationc-1857307537","p1":"r3gCt3st","p2":"ImJustTestingThis1","format":"[Gen 9] VGC 2023 Regulation C","log":"|j|\u2606r3gCt3st\n|j|\u2606ImJustTestingThis1\n|t:|1683170880\n|gametype|doubles\n|player|p1|r3gCt3st|harlequin|1183\n|player|p2|ImJustTestingThis1|lucas|1208\n|teamsize|p1|6\n|teamsize|p2|6\n|gen|9\n|tier|[Gen 9] VGC 2023 Regulation C\n|rated|\n|rule|Species Clause: Limit one of each Pok\u00e9mon\n|rule|Item Clause: Limit one of each item\n|clearpoke\n|poke|p1|Annihilape, L50, M|\n|poke|p1|Ting-Lu, L50|\n|poke|p1|Arcanine, L50, M|\n|poke|p1|Amoonguss, L50, M|\n|poke|p1|Glimmora, L50, M|\n|poke|p1|Iron Bundle, L50|\n|poke|p2|Flutter Mane, L50|\n|poke|p2|Arcanine, L50, F|\n|poke|p2|Amoonguss, L50, M|\n|poke|p2|Palafin, L50, M|\n|poke|p2|Ting-Lu, L50|\n|poke|p2|Baxcalibur, L50, F|\n|teampreview|4\nImJustTestingThis1 rejected open team sheets.\n|inactive|Battle timer is ON: inactive players will automatically lose when time's up. (requested by ImJustTestingThis1)\n|\n|t:|1683170919\n|start\n|switch|p1a: Glimmora|Glimmora, L50, M|100\/100\n|switch|p1b: Iron Bundle|Iron Bundle, L50|100\/100\n|switch|p2a: Arcanine|Arcanine, L50, F, shiny|100\/100\n|switch|p2b: Ting-Lu|Ting-Lu, L50|100\/100\n|-ability|p2a: Arcanine|Intimidate|boost\n|-unboost|p1a: Glimmora|atk|1\n|-unboost|p1b: Iron Bundle|atk|1\n|-ability|p2b: Ting-Lu|Vessel of Ruin\n|-enditem|p1b: Iron Bundle|Booster Energy\n|-activate|p1b: Iron Bundle|ability: Quark Drive|[fromitem]\n|-start|p1b: Iron Bundle|quarkdrivespe\n|turn|1\n|inactive|ImJustTestingThis1 has 30 seconds left.\n|inactive|ImJustTestingThis1 has 20 seconds left.\n|\n|t:|1683170956\n|-terastallize|p1a: Glimmora|Grass\n|-terastallize|p2a: Arcanine|Flying\n|move|p1b: Iron Bundle|Chilling Water|p2a: Arcanine\n|-damage|p2a: Arcanine|85\/100\n|-unboost|p2a: Arcanine|atk|1\n|move|p1a: Glimmora|Toxic|p2b: Ting-Lu\n|-status|p2b: Ting-Lu|tox\n|move|p2a: Arcanine|Howl|p2a: Arcanine|[spread] p2a,p2b\n|-boost|p2a: Arcanine|atk|1\n|-boost|p2b: Ting-Lu|atk|1\n|move|p2b: Ting-Lu|Earthquake|p1a: Glimmora|[spread] p1a,p1b\n|-immune|p2a: Arcanine\n|-resisted|p1a: Glimmora\n|-crit|p1b: Iron Bundle\n|-damage|p1a: Glimmora|73\/100\n|-damage|p1b: Iron Bundle|26\/100\n|-activate|p1a: Glimmora|ability: Toxic Debris\n|-sidestart|p2: ImJustTestingThis1|move: Toxic Spikes\n|\n|-damage|p2b: Ting-Lu|94\/100 tox|[from] psn\n|upkeep\n|turn|2\n|\n|t:|1683170980\n|move|p1b: Iron Bundle|Freeze-Dry|p2a: Arcanine\n|-supereffective|p2a: Arcanine\n|-damage|p2a: Arcanine|43\/100\n|move|p1a: Glimmora|Power Gem|p2a: Arcanine\n|-supereffective|p2a: Arcanine\n|-damage|p2a: Arcanine|0 fnt\n|faint|p2a: Arcanine\n|move|p2b: Ting-Lu|Heavy Slam|p1b: Iron Bundle\n|-damage|p1b: Iron Bundle|0 fnt\n|faint|p1b: Iron Bundle\n|-end|p1b: Iron Bundle|Quark Drive|[silent]\n|\n|-damage|p2b: Ting-Lu|82\/100 tox|[from] psn\n|upkeep\n|\n|t:|1683170991\n|switch|p1b: Arcanine|Arcanine, L50, M|100\/100\n|switch|p2a: Baxcalibur|Baxcalibur, L50, F, shiny|100\/100\n|-ability|p1b: Arcanine|Intimidate|boost\n|-unboost|p2a: Baxcalibur|atk|1\n|-unboost|p2b: Ting-Lu|atk|1\n|-status|p2a: Baxcalibur|psn\n|turn|3\n|\n|t:|1683171011\n|switch|p1b: Amoonguss|Amoonguss, L50, M, shiny|100\/100\n|move|p2a: Baxcalibur|Protect|p2a: Baxcalibur\n|-singleturn|p2a: Baxcalibur|Protect\n|move|p1a: Glimmora|Power Gem|p2a: Baxcalibur\n|-activate|p2a: Baxcalibur|move: Protect\n|move|p2b: Ting-Lu|Earthquake|p1b: Amoonguss|[spread] p1a,p1b\n|-activate|p2a: Baxcalibur|move: Protect\n|-resisted|p1a: Glimmora\n|-crit|p1a: Glimmora\n|-damage|p1a: Glimmora|47\/100\n|-damage|p1b: Amoonguss|74\/100\n|-activate|p1a: Glimmora|ability: Toxic Debris\n|-sidestart|p2: ImJustTestingThis1|move: Toxic Spikes\n|-enditem|p1a: Glimmora|Sitrus Berry|[eat]\n|-heal|p1a: Glimmora|72\/100|[from] item: Sitrus Berry\n|\n|-damage|p2a: Baxcalibur|88\/100 psn|[from] psn\n|-damage|p2b: Ting-Lu|64\/100 tox|[from] psn\n|upkeep\n|turn|4\n|inactive|ImJustTestingThis1 has 30 seconds left.\n|inactive|ImJustTestingThis1 has 20 seconds left.\n|inactive|ImJustTestingThis1 has 15 seconds left.\n|inactive|ImJustTestingThis1 has 10 seconds left.\n|\n|t:|1683171059\n|switch|p2a: Flutter Mane|Flutter Mane, L50|100\/100\n|-status|p2a: Flutter Mane|tox\n|switch|p1b: Arcanine|Arcanine, L50, M|100\/100\n|-ability|p1b: Arcanine|Intimidate|boost\n|-unboost|p2a: Flutter Mane|atk|1\n|-unboost|p2b: Ting-Lu|atk|1\n|move|p1a: Glimmora|Power Gem|p2a: Flutter Mane\n|-damage|p2a: Flutter Mane|76\/100 tox\n|move|p2b: Ting-Lu|Ruination|p1a: Glimmora\n|-damage|p1a: Glimmora|36\/100\n|\n|-damage|p2a: Flutter Mane|70\/100 tox|[from] psn\n|-damage|p2b: Ting-Lu|40\/100 tox|[from] psn\n|upkeep\n|turn|5\n|inactive|ImJustTestingThis1 has 30 seconds left.\n|\n|t:|1683171085\n|switch|p1b: Amoonguss|Amoonguss, L50, M, shiny|100\/100\n|move|p2a: Flutter Mane|Dazzling Gleam|p1a: Glimmora|[spread] p1a,p1b\n|-resisted|p1b: Amoonguss\n|-crit|p1b: Amoonguss\n|-damage|p1a: Glimmora|4\/100\n|-damage|p1b: Amoonguss|79\/100\n|move|p1a: Glimmora|Energy Ball|p2b: Ting-Lu\n|-supereffective|p2b: Ting-Lu\n|-damage|p2b: Ting-Lu|10\/100 tox\n|move|p2b: Ting-Lu|Ruination|p1b: Amoonguss\n|-damage|p1b: Amoonguss|40\/100\n|\n|-damage|p2a: Flutter Mane|58\/100 tox|[from] psn\n|-damage|p2b: Ting-Lu|0 fnt|[from] psn\n|faint|p2b: Ting-Lu\n|upkeep\n|\n|t:|1683171100\n|switch|p2b: Baxcalibur|Baxcalibur, L50, F, shiny|88\/100 psn\n|turn|6\n|\n|t:|1683171108\n|switch|p1b: Arcanine|Arcanine, L50, M|100\/100\n|-ability|p1b: Arcanine|Intimidate|boost\n|-unboost|p2a: Flutter Mane|atk|1\n|-unboost|p2b: Baxcalibur|atk|1\n|move|p2a: Flutter Mane|Dazzling Gleam|p1b: Arcanine|[spread] p1a,p1b\n|-resisted|p1b: Arcanine\n|-damage|p1a: Glimmora|0 fnt\n|-damage|p1b: Arcanine|79\/100\n|faint|p1a: Glimmora\n|move|p2b: Baxcalibur|Glaive Rush|p1b: Arcanine\n|-damage|p1b: Arcanine|24\/100\n|-singlemove|p2b: Baxcalibur|Glaive Rush|[silent]\n|-enditem|p1b: Arcanine|Aguav Berry|[eat]\n|-heal|p1b: Arcanine|57\/100|[from] item: Aguav Berry\n|-damage|p2b: Baxcalibur|79\/100 psn|[from] item: Life Orb\n|\n|-damage|p2a: Flutter Mane|39\/100 tox|[from] psn\n|-damage|p2b: Baxcalibur|67\/100 psn|[from] psn\n|upkeep\n|\n|t:|1683171120\n|switch|p1a: Amoonguss|Amoonguss, L50, M, shiny|73\/100\n|turn|7\n|\n|t:|1683171144\n|move|p1a: Amoonguss|Rage Powder|p1a: Amoonguss\n|-singleturn|p1a: Amoonguss|move: Rage Powder\n|move|p2a: Flutter Mane|Dazzling Gleam|p1b: Arcanine|[spread] p1a,p1b\n|-resisted|p1a: Amoonguss\n|-resisted|p1b: Arcanine\n|-crit|p1b: Arcanine\n|-damage|p1a: Amoonguss|55\/100\n|-damage|p1b: Arcanine|28\/100\n|move|p1b: Arcanine|Flare Blitz|p2a: Flutter Mane\n|-damage|p2a: Flutter Mane|0 fnt\n|faint|p2a: Flutter Mane\n|-end|p2a: Flutter Mane|Protosynthesis|[silent]\n|-damage|p1b: Arcanine|17\/100|[from] Recoil\n|move|p2b: Baxcalibur|Icicle Crash|p1a: Amoonguss\n|-supereffective|p1a: Amoonguss\n|-damage|p1a: Amoonguss|0 fnt\n|faint|p1a: Amoonguss\n|-damage|p2b: Baxcalibur|57\/100 psn|[from] item: Life Orb\n|\n|-damage|p2b: Baxcalibur|45\/100 psn|[from] psn\n|upkeep\n|turn|8\n|\n|t:|1683171164\n|move|p1b: Arcanine|Protect|p1b: Arcanine\n|-singleturn|p1b: Arcanine|Protect\n|move|p2b: Baxcalibur|Glaive Rush|p1b: Arcanine\n|-activate|p1b: Arcanine|move: Protect\n|\n|-damage|p2b: Baxcalibur|33\/100 psn|[from] psn\n|upkeep\n|turn|9\n|\n|t:|1683171173\n|move|p1b: Arcanine|Flare Blitz|p2b: Baxcalibur\n|-damage|p2b: Baxcalibur|0 fnt\n|faint|p2b: Baxcalibur\n|-damage|p1b: Arcanine|7\/100|[from] Recoil\n|\n|win|r3gCt3st\n|raw|r3gCt3st's rating: 1183 → 1210<\/strong> (+27 for winning)\n|raw|ImJustTestingThis1's rating: 1208 → 1181<\/strong> (-27 for losing)\n|l|\u2606ImJustTestingThis1\n","uploadtime":1683171201,"views":7,"p1id":"r3gct3st","p2id":"imjusttestingthis1","formatid":"gen9vgc2023regulationc","rating":1181,"private":0,"password":""}