{"id":"gen9vgc2023regulationc-1864241367","p1":"Wow_Yangg","p2":"TogepiLP","format":"[Gen 9] VGC 2023 Regulation C","log":"|j|\u2606Wow_Yangg\n|j|\u2606TogepiLP\n|t:|1684143028\n|gametype|doubles\n|player|p1|Wow_Yangg|fisherman-gen4|1390\n|player|p2|TogepiLP|170|1432\n|teamsize|p1|6\n|teamsize|p2|6\n|gen|9\n|tier|[Gen 9] VGC 2023 Regulation C\n|rated|\n|rule|Species Clause: Limit one of each Pok\u00e9mon\n|rule|Item Clause: Limit one of each item\n|clearpoke\n|poke|p1|Abomasnow, L50, F|\n|poke|p1|Iron Bundle, L50|\n|poke|p1|Vivillon-Fancy, L50, F|\n|poke|p1|Ting-Lu, L50|\n|poke|p1|Chien-Pao, L50|\n|poke|p1|Palafin, L50, M|\n|poke|p2|Iron Bundle, L50|\n|poke|p2|Flutter Mane, L50|\n|poke|p2|Ting-Lu, L50|\n|poke|p2|Dragonite, L50, F|\n|poke|p2|Abomasnow, L50, F|\n|poke|p2|Orthworm, L50, M|\n|teampreview|4\n|\n|t:|1684143066\n|start\n|switch|p1a: Iron Bundle|Iron Bundle, L50|100\/100\n|switch|p1b: Palafin|Palafin, L50, M|100\/100\n|switch|p2a: Ting-Lu|Ting-Lu, L50|100\/100\n|switch|p2b: Orthworm|Orthworm, L50, M|100\/100\n|-ability|p2a: Ting-Lu|Vessel of Ruin\n|-enditem|p1a: Iron Bundle|Booster Energy\n|-activate|p1a: Iron Bundle|ability: Quark Drive|[fromitem]\n|-start|p1a: Iron Bundle|quarkdrivespe\n|turn|1\n|\n|t:|1684143114\n|detailschange|p1b: Palafin|Palafin-Hero, L50, M\n|switch|p1b: Abomasnow|Abomasnow, L50, F|100\/100\n|-weather|Snow|[from] ability: Snow Warning|[of] p1b: Abomasnow\n|switch|p2a: Abomasnow|Abomasnow, L50, F|100\/100\n|move|p1a: Iron Bundle|Blizzard|p2a: Abomasnow|[spread] p2a,p2b\n|-resisted|p2b: Orthworm\n|-damage|p2a: Abomasnow|56\/100\n|-damage|p2b: Orthworm|81\/100\n|-status|p2b: Orthworm|frz\n|cant|p2b: Orthworm|frz\n|\n|-weather|Snow|[upkeep]\n|upkeep\n|turn|2\n|inactive|Battle timer is ON: inactive players will automatically lose when time's up. (requested by TogepiLP)\n|inactive|TogepiLP has 60 seconds left.\n|\n|t:|1684143172\n|move|p1b: Abomasnow|Helping Hand|p1a: Iron Bundle\n|-singleturn|p1a: Iron Bundle|Helping Hand|[of] p1b: Abomasnow\n|move|p1a: Iron Bundle|Blizzard|p2b: Orthworm|[spread] p2a,p2b\n|-resisted|p2b: Orthworm\n|-damage|p2a: Abomasnow|0 fnt\n|-damage|p2b: Orthworm|51\/100 frz\n|faint|p2a: Abomasnow\n|cant|p2b: Orthworm|frz\n|\n|-weather|Snow|[upkeep]\n|upkeep\n|\n|t:|1684143181\n|switch|p2a: Iron Bundle|Iron Bundle, L50|100\/100\n|-enditem|p2a: Iron Bundle|Booster Energy\n|-activate|p2a: Iron Bundle|ability: Quark Drive|[fromitem]\n|-start|p2a: Iron Bundle|quarkdrivespe\n|turn|3\n|\n|t:|1684143192\n|move|p2a: Iron Bundle|Aurora Veil|p2a: Iron Bundle\n|-sidestart|p2: TogepiLP|move: Aurora Veil\n|move|p1a: Iron Bundle|Aurora Veil|p1a: Iron Bundle\n|-sidestart|p1: Wow_Yangg|move: Aurora Veil\n|move|p1b: Abomasnow|Energy Ball|p2a: Iron Bundle\n|-supereffective|p2a: Iron Bundle\n|-crit|p2a: Iron Bundle\n|-damage|p2a: Iron Bundle|0 fnt\n|faint|p2a: Iron Bundle\n|-end|p2a: Iron Bundle|Quark Drive|[silent]\n|-damage|p1b: Abomasnow|91\/100|[from] item: Life Orb\n|cant|p2b: Orthworm|frz\n|\n|-weather|Snow|[upkeep]\n|upkeep\n|\n|t:|1684143202\n|switch|p2a: Ting-Lu|Ting-Lu, L50|100\/100\n|-ability|p2a: Ting-Lu|Vessel of Ruin\n|turn|4\n|\n|t:|1684143213\n|-terastallize|p1a: Iron Bundle|Ice\n|move|p1a: Iron Bundle|Blizzard|p2b: Orthworm|[spread] p2a,p2b\n|-supereffective|p2a: Ting-Lu\n|-resisted|p2b: Orthworm\n|-damage|p2a: Ting-Lu|53\/100\n|-damage|p2b: Orthworm|38\/100 frz\n|-enditem|p2b: Orthworm|Sitrus Berry|[eat]\n|-heal|p2b: Orthworm|63\/100 frz|[from] item: Sitrus Berry\n|move|p1b: Abomasnow|Blizzard|p2a: Ting-Lu|[spread] p2a,p2b\n|-supereffective|p2a: Ting-Lu\n|-resisted|p2b: Orthworm\n|-damage|p2a: Ting-Lu|20\/100\n|-damage|p2b: Orthworm|52\/100 frz\n|-damage|p1b: Abomasnow|81\/100|[from] item: Life Orb\n|move|p2a: Ting-Lu|Payback|p1b: Abomasnow\n|-damage|p1b: Abomasnow|44\/100\n|cant|p2b: Orthworm|frz\n|\n|-weather|Snow|[upkeep]\n|upkeep\n|turn|5\n|\n|t:|1684143232\n|cant|p2b: Orthworm|frz\n|move|p1a: Iron Bundle|Blizzard|p2a: Ting-Lu|[spread] p2a,p2b\n|-supereffective|p2a: Ting-Lu\n|-resisted|p2b: Orthworm\n|-damage|p2a: Ting-Lu|0 fnt\n|-damage|p2b: Orthworm|39\/100 frz\n|faint|p2a: Ting-Lu\n|move|p1b: Abomasnow|Blizzard|p2b: Orthworm\n|-resisted|p2b: Orthworm\n|-damage|p2b: Orthworm|19\/100 frz\n|-damage|p1b: Abomasnow|34\/100|[from] item: Life Orb\n|\n|-weather|none\n|upkeep\n|turn|6\n|\n|t:|1684143244\n|switch|p1b: Chien-Pao|Chien-Pao, L50|100\/100\n|-ability|p1b: Chien-Pao|Sword of Ruin\n|cant|p2b: Orthworm|frz\n|move|p1a: Iron Bundle|Hydro Pump|p2b: Orthworm\n|-damage|p2b: Orthworm|0 fnt\n|faint|p2b: Orthworm\n|\n|win|Wow_Yangg\n|raw|Wow_Yangg's rating: 1390 → 1412<\/strong> (+22 for winning)\n|raw|TogepiLP's rating: 1432 → 1410<\/strong> (-22 for losing)\n|l|\u2606TogepiLP\n","uploadtime":1684143255,"views":16,"p1id":"wowyangg","p2id":"togepilp","formatid":"gen9vgc2023regulationc","rating":1410,"private":0,"password":""}