{"id":"gen9vgc2023regulationc-1848900468","p1":"Nivram_Axuf","p2":"Dusk_Volca","format":"[Gen 9] VGC 2023 Regulation C","log":"|j|\u2606Nivram_Axuf\n|j|\u2606Dusk_Volca\n|t:|1682123740\n|gametype|doubles\n|player|p1|Nivram_Axuf|2|\n|player|p2|Dusk_Volca|unknown|\n|teamsize|p1|6\n|teamsize|p2|6\n|gen|9\n|tier|[Gen 9] VGC 2023 Regulation C\n|rule|Species Clause: Limit one of each Pok\u00e9mon\n|rule|Item Clause: Limit one of each item\n|clearpoke\n|poke|p1|Pelipper, L50, F|\n|poke|p1|Drednaw, L50, M|\n|poke|p1|Breloom, L50, M|\n|poke|p1|Iron Bundle, L50|\n|poke|p1|Indeedee-F, L50, F|\n|poke|p1|Grimmsnarl, L50, M|\n|poke|p2|Amoonguss, L50, F|\n|poke|p2|Flutter Mane, L50|\n|poke|p2|Dragonite, L50, F|\n|poke|p2|Iron Hands, L50|\n|poke|p2|Chien-Pao, L50|\n|poke|p2|Chi-Yu, L50|\n|teampreview|4\n|\n|t:|1682123806\n|start\n|switch|p1a: Hera|Pelipper, L50, F|100\/100\n|switch|p1b: Deimos|Drednaw, L50, M|100\/100\n|switch|p2a: only cans|Iron Hands, L50, shiny|100\/100\n|switch|p2b: graveyard keeper|Flutter Mane, L50, shiny|100\/100\n|-weather|RainDance|[from] ability: Drizzle|[of] p1a: Hera\n|turn|1\n|\n|t:|1682123833\n|-terastallize|p1b: Deimos|Ground\n|move|p2a: only cans|Fake Out|p1b: Deimos\n|-damage|p1b: Deimos|80\/100\n|cant|p1b: Deimos|flinch\n|move|p2b: graveyard keeper|Power Gem|p1a: Hera\n|-supereffective|p1a: Hera\n|-damage|p1a: Hera|0 fnt\n|faint|p1a: Hera\n|\n|-weather|RainDance|[upkeep]\n|upkeep\n|\n|t:|1682123848\n|switch|p1a: Pithos|Iron Bundle, L50|100\/100\n|-enditem|p1a: Pithos|Booster Energy\n|-activate|p1a: Pithos|ability: Quark Drive|[fromitem]\n|-start|p1a: Pithos|quarkdrivespe\n|turn|2\n|\n|t:|1682123866\n|-terastallize|p2a: only cans|Grass\n|move|p1a: Pithos|Icy Wind|p2a: only cans|[spread] p2a,p2b\n|-supereffective|p2a: only cans\n|-damage|p2a: only cans|79\/100\n|-damage|p2b: graveyard keeper|83\/100\n|-unboost|p2a: only cans|spe|1\n|-unboost|p2b: graveyard keeper|spe|1\n|move|p1b: Deimos|Earthquake|p2b: graveyard keeper|[spread] p1a,p2a,p2b\n|-resisted|p2a: only cans\n|-damage|p1a: Pithos|41\/100\n|-damage|p2a: only cans|59\/100\n|-damage|p2b: graveyard keeper|0 fnt\n|faint|p2b: graveyard keeper\n|-end|p2b: graveyard keeper|Protosynthesis|[silent]\n|-damage|p1b: Deimos|70\/100|[from] item: Life Orb\n|move|p2a: only cans|Drain Punch|p1b: Deimos\n|-damage|p1b: Deimos|16\/100\n|-heal|p2a: only cans|79\/100|[from] drain|[of] p1b: Deimos\n|\n|-weather|RainDance|[upkeep]\n|upkeep\n|\n|t:|1682123882\n|switch|p2b: elden ring|Dragonite, L50, F, shiny|100\/100\n|turn|3\n|\n|t:|1682123903\n|move|p2b: elden ring|Extreme Speed|p1a: Pithos\n|-damage|p1a: Pithos|4\/100\n|move|p1a: Pithos|Icy Wind|p2a: only cans|[spread] p2a,p2b\n|-supereffective|p2a: only cans\n|-supereffective|p2b: elden ring\n|-crit|p2b: elden ring\n|-damage|p2a: only cans|57\/100\n|-damage|p2b: elden ring|40\/100\n|-unboost|p2a: only cans|spe|1\n|-unboost|p2b: elden ring|spe|1\n|move|p1b: Deimos|Head Smash|p2a: only cans|[miss]\n|-miss|p1b: Deimos|p2a: only cans\n|move|p2a: only cans|Drain Punch|p1b: Deimos\n|-damage|p1b: Deimos|0 fnt\n|-heal|p2a: only cans|63\/100|[from] drain|[of] p1b: Deimos\n|faint|p1b: Deimos\n|\n|-weather|RainDance|[upkeep]\n|upkeep\n|\n|t:|1682123921\n|switch|p1b: Pthisis|Breloom, L50, M|100\/100\n|turn|4\n|\n|t:|1682123936\n|move|p1a: Pithos|Protect|p1a: Pithos\n|-singleturn|p1a: Pithos|Protect\n|move|p2b: elden ring|Extreme Speed|p1a: Pithos\n|-activate|p1a: Pithos|move: Protect\n|move|p1b: Pthisis|Spore|p2b: elden ring\n|-status|p2b: elden ring|slp|[from] move: Spore\n|-enditem|p2b: elden ring|Lum Berry|[eat]\n|-curestatus|p2b: elden ring|slp|[msg]\n|move|p2a: only cans|Volt Switch|p1b: Pthisis\n|-resisted|p1b: Pthisis\n|-damage|p1b: Pthisis|89\/100\n|\n|t:|1682123948\n|-end|p2a: only cans|Quark Drive|[silent]\n|switch|p2a: among us|Amoonguss, L50, F, shiny|100\/100|[from] Volt Switch\n|\n|-weather|RainDance|[upkeep]\n|upkeep\n|turn|5\n|\n|t:|1682123967\n|move|p2b: elden ring|Extreme Speed|p1a: Pithos\n|-damage|p1a: Pithos|0 fnt\n|faint|p1a: Pithos\n|-end|p1a: Pithos|Quark Drive|[silent]\n|move|p1b: Pthisis|Rock Tomb|p2b: elden ring\n|-supereffective|p2b: elden ring\n|-damage|p2b: elden ring|0 fnt\n|faint|p2b: elden ring\n|move|p2a: among us|Pollen Puff|p1b: Pthisis\n|-damage|p1b: Pthisis|55\/100\n|\n|-weather|none\n|upkeep\n|\n|t:|1682123979\n|switch|p2b: only cans|Iron Hands, L50, shiny, tera:Grass|63\/100\n|turn|6\n|\n|t:|1682124004\n|move|p1b: Pthisis|Mach Punch|p2b: only cans\n|-damage|p2b: only cans|42\/100\n|move|p2b: only cans|Drain Punch|p1b: Pthisis\n|-damage|p1b: Pthisis|0 fnt\n|-heal|p2b: only cans|58\/100|[from] drain|[of] p1b: Pthisis\n|faint|p1b: Pthisis\n|\n|win|Dusk_Volca\n|l|\u2606Nivram_Axuf\n|j|\u2606Nivram_Axuf\n|player|p1|Nivram_Axuf|2\n","uploadtime":1682124236,"views":6,"p1id":"nivramaxuf","p2id":"duskvolca","formatid":"gen9vgc2023regulationc","rating":0,"private":0,"password":""}