{"id":"gen9vgc2023regulationc-1861203895","p1":"masterlight23","p2":"salarypod","format":"[Gen 9] VGC 2023 Regulation C","log":"|j|\u2606masterlight23\n|j|\u2606salarypod\n|t:|1683735609\n|gametype|doubles\n|player|p1|masterlight23|1|1020\n|player|p2|salarypod|biker-gen4|1009\n|teamsize|p1|6\n|teamsize|p2|6\n|gen|9\n|tier|[Gen 9] VGC 2023 Regulation C\n|rated|\n|rule|Species Clause: Limit one of each Pok\u00e9mon\n|rule|Item Clause: Limit one of each item\n|clearpoke\n|poke|p1|Espathra, L50, M|\n|poke|p1|Grimmsnarl, L50, M|\n|poke|p1|Dudunsparce-*, L50, M|\n|poke|p1|Ting-Lu, L50|\n|poke|p1|Sylveon, L50, M|\n|poke|p1|Sableye, L50, M|\n|poke|p2|Mudsdale, L50, M|\n|poke|p2|Maushold, L50|\n|poke|p2|Sableye, L50, M|\n|poke|p2|Toxtricity, L50, M|\n|poke|p2|Tinkaton, L50, F|\n|poke|p2|Appletun, L50, F|\n|teampreview|4\n|inactive|Battle timer is ON: inactive players will automatically lose when time's up. (requested by salarypod)\n|inactive|masterlight23 has 60 seconds left.\n|\n|t:|1683735644\n|start\n|switch|p1a: Grimmsnarl|Grimmsnarl, L50, M|100\/100\n|switch|p1b: Espathra|Espathra, L50, M|100\/100\n|switch|p2a: Dijon|Mudsdale, L50, M, shiny|100\/100\n|switch|p2b: Maushold|Maushold, L50|100\/100\n|turn|1\n|inactive|salarypod has 30 seconds left.\n|\n|t:|1683735672\n|move|p1a: Grimmsnarl|Reflect|p1a: Grimmsnarl\n|-sidestart|p1: masterlight23|Reflect\n|move|p2b: Maushold|Population Bomb|p2a: Dijon\n|-damage|p2a: Dijon|98\/100\n|-ability|p2a: Dijon|Stamina|boost\n|-boost|p2a: Dijon|def|1\n|-damage|p2a: Dijon|97\/100\n|-ability|p2a: Dijon|Stamina|boost\n|-boost|p2a: Dijon|def|1\n|-damage|p2a: Dijon|95\/100\n|-ability|p2a: Dijon|Stamina|boost\n|-boost|p2a: Dijon|def|1\n|-damage|p2a: Dijon|94\/100\n|-ability|p2a: Dijon|Stamina|boost\n|-boost|p2a: Dijon|def|1\n|-damage|p2a: Dijon|93\/100\n|-ability|p2a: Dijon|Stamina|boost\n|-boost|p2a: Dijon|def|1\n|-damage|p2a: Dijon|92\/100\n|-ability|p2a: Dijon|Stamina|boost\n|-boost|p2a: Dijon|def|1\n|-damage|p2a: Dijon|91\/100\n|-damage|p2a: Dijon|90\/100\n|-damage|p2a: Dijon|88\/100\n|-damage|p2a: Dijon|87\/100\n|-hitcount|p2a: Dijon|10\n|move|p1b: Espathra|Substitute|p1b: Espathra\n|-start|p1b: Espathra|Substitute\n|-damage|p1b: Espathra|76\/100\n|move|p2a: Dijon|Body Press|p1a: Grimmsnarl\n|-damage|p1a: Grimmsnarl|47\/100\n|\n|-ability|p1b: Espathra|Speed Boost|boost\n|-boost|p1b: Espathra|spe|1\n|upkeep\n|turn|2\n|inactive|masterlight23 has 30 seconds left.\n|inactive|salarypod has 30 seconds left.\n|inactive|masterlight23 has 20 seconds left.\n|inactive|salarypod has 20 seconds left.\n|inactive|masterlight23 has 15 seconds left.\n|inactive|salarypod has 15 seconds left.\n|inactive|masterlight23 has 10 seconds left.\n|inactive|salarypod has 10 seconds left.\n|\n|t:|1683735719\n|move|p1a: Grimmsnarl|Taunt|p2b: Maushold\n|-start|p2b: Maushold|move: Taunt\n|move|p1b: Espathra|Dazzling Gleam|p2b: Maushold|[spread] p2a,p2b\n|-damage|p2a: Dijon|78\/100\n|-damage|p2b: Maushold|83\/100\n|cant|p2b: Maushold|move: Taunt|Encore\n|move|p2a: Dijon|Heavy Slam|p1b: Espathra\n|-end|p1b: Espathra|Substitute\n|\n|-ability|p1b: Espathra|Speed Boost|boost\n|-boost|p1b: Espathra|spe|1\n|upkeep\n|turn|3\n|inactive|masterlight23 has 30 seconds left.\n|\n|t:|1683735753\n|switch|p1a: Sableye|Sableye, L50, M|100\/100\n|move|p1b: Espathra|Substitute|p1b: Espathra\n|-start|p1b: Espathra|Substitute\n|-damage|p1b: Espathra|51\/100\n|move|p2b: Maushold|U-turn|p1b: Espathra\n|-supereffective|p1b: Espathra\n|-activate|p1b: Espathra|move: Substitute|[damage]\n|\n|t:|1683735766\n|switch|p2b: Granny Smith|Appletun, L50, F|100\/100|[from] U-turn\n|move|p2a: Dijon|Body Press|p1a: Sableye\n|-immune|p1a: Sableye\n|\n|-ability|p1b: Espathra|Speed Boost|boost\n|-boost|p1b: Espathra|spe|1\n|upkeep\n|turn|4\n|c|\u2606salarypod|nice\n|\n|t:|1683735790\n|move|p1a: Sableye|Encore|p2a: Dijon\n|-start|p2a: Dijon|Encore\n|move|p1b: Espathra|Dazzling Gleam|p2b: Granny Smith|[spread] p2a,p2b\n|-supereffective|p2b: Granny Smith\n|-damage|p2a: Dijon|65\/100\n|-damage|p2b: Granny Smith|79\/100\n|move|p2a: Dijon|Body Press|p1a: Sableye\n|-immune|p1a: Sableye\n|move|p2b: Granny Smith|Leech Seed|p1a: Sableye\n|-start|p1a: Sableye|move: Leech Seed\n|\n|-heal|p2b: Granny Smith|85\/100|[from] item: Leftovers\n|-damage|p1a: Sableye|88\/100|[from] Leech Seed|[of] p2b: Granny Smith\n|-heal|p2b: Granny Smith|94\/100|[silent]\n|-ability|p1b: Espathra|Speed Boost|boost\n|-boost|p1b: Espathra|spe|1\n|upkeep\n|turn|5\n|inactive|masterlight23 has 30 seconds left.\n|inactive|salarypod has 30 seconds left.\n|\n|t:|1683735817\n|move|p1a: Sableye|Encore|p2b: Granny Smith\n|-start|p2b: Granny Smith|Encore\n|move|p1b: Espathra|Stored Power|p2b: Granny Smith\n|-damage|p2b: Granny Smith|67\/100\n|move|p2a: Dijon|Body Press|p1b: Espathra\n|-resisted|p1b: Espathra\n|-end|p1b: Espathra|Substitute\n|move|p2b: Granny Smith|Leech Seed|p1b: Espathra\n|-start|p1b: Espathra|move: Leech Seed\n|\n|-heal|p2b: Granny Smith|73\/100|[from] item: Leftovers\n|-damage|p1b: Espathra|39\/100|[from] Leech Seed|[of] p2b: Granny Smith\n|-heal|p2b: Granny Smith|85\/100|[silent]\n|-damage|p1a: Sableye|76\/100|[from] Leech Seed|[of] p2b: Granny Smith\n|-heal|p2b: Granny Smith|94\/100|[silent]\n|-ability|p1b: Espathra|Speed Boost|boost\n|-boost|p1b: Espathra|spe|1\n|upkeep\n|turn|6\n|inactive|salarypod has 30 seconds left.\n|inactive|salarypod has 20 seconds left.\n|inactive|salarypod has 15 seconds left.\n|\n|t:|1683735861\n|move|p1a: Sableye|Disable|p2a: Dijon\n|-start|p2a: Dijon|Disable|Body Press\n|move|p1b: Espathra|Baton Pass|p1b: Espathra\n|\n|t:|1683735868\n|switch|p1b: Dudunsparce|Dudunsparce, L50, M, shiny|100\/100|[from] Baton Pass\n|cant|p2a: Dijon|Disable|Body Press\n|move|p2b: Granny Smith|Leech Seed|p2a: Dijon\n|-start|p2a: Dijon|move: Leech Seed\n|\n|-heal|p2b: Granny Smith|99\/100|[from] item: Leftovers\n|-damage|p1b: Dudunsparce|88\/100|[from] Leech Seed|[of] p2b: Granny Smith\n|-heal|p2b: Granny Smith|100\/100|[silent]\n|-damage|p1a: Sableye|64\/100|[from] Leech Seed|[of] p2b: Granny Smith\n|-damage|p2a: Dijon|53\/100|[from] Leech Seed|[of] p2b: Granny Smith\n|-end|p2a: Dijon|Encore\n|upkeep\n|turn|7\n|inactive|masterlight23 has 30 seconds left.\n|\n|t:|1683735895\n|move|p1a: Sableye|Disable|p2b: Granny Smith\n|-start|p2b: Granny Smith|Disable|Leech Seed\n|move|p1b: Dudunsparce|Poison Jab|p2a: Dijon\n|-resisted|p2a: Dijon\n|-damage|p2a: Dijon|51\/100\n|-status|p2a: Dijon|psn\n|move|p2a: Dijon|Stomping Tantrum|p1b: Dudunsparce\n|-damage|p1b: Dudunsparce|41\/100\n|cant|p2b: Granny Smith|Disable|Leech Seed\n|\n|-damage|p1b: Dudunsparce|28\/100|[from] Leech Seed|[of] p2b: Granny Smith\n|-damage|p1a: Sableye|52\/100|[from] Leech Seed|[of] p2b: Granny Smith\n|-damage|p2a: Dijon|39\/100 psn|[from] Leech Seed|[of] p2b: Granny Smith\n|-damage|p2a: Dijon|27\/100 psn|[from] psn\n|-end|p2b: Granny Smith|Encore\n|upkeep\n|turn|8\n|inactive|masterlight23 has 30 seconds left.\n|inactive|salarypod has 30 seconds left.\n|inactive|masterlight23 has 20 seconds left.\n|inactive|masterlight23 has 15 seconds left.\n|\n|t:|1683735936\n|switch|p1a: Grimmsnarl|Grimmsnarl, L50, M|47\/100\n|move|p1b: Dudunsparce|Poison Jab|p2b: Granny Smith\n|-supereffective|p2b: Granny Smith\n|-damage|p2b: Granny Smith|62\/100\n|-status|p2b: Granny Smith|psn\n|move|p2a: Dijon|Heavy Slam|p1a: Grimmsnarl\n|-supereffective|p1a: Grimmsnarl\n|-damage|p1a: Grimmsnarl|4\/100\n|move|p2b: Granny Smith|Substitute|p2b: Granny Smith\n|-start|p2b: Granny Smith|Substitute\n|-damage|p2b: Granny Smith|37\/100 psn\n|\n|-heal|p2b: Granny Smith|43\/100 psn|[from] item: Leftovers\n|-damage|p1b: Dudunsparce|16\/100|[from] Leech Seed|[of] p2b: Granny Smith\n|-heal|p2b: Granny Smith|54\/100 psn|[silent]\n|-damage|p2a: Dijon|15\/100 psn|[from] Leech Seed|[of] p2b: Granny Smith\n|-heal|p2b: Granny Smith|66\/100 psn|[silent]\n|-damage|p2a: Dijon|2\/100 psn|[from] psn\n|-damage|p2b: Granny Smith|53\/100 psn|[from] psn\n|-sideend|p1: masterlight23|Reflect\n|upkeep\n|turn|9\n|inactive|masterlight23 has 30 seconds left.\n|inactive|salarypod has 30 seconds left.\n|\n|t:|1683735966\n|move|p1b: Dudunsparce|Rock Slide|p2a: Dijon|[spread] p2a,p2b\n|-activate|p2b: Granny Smith|move: Substitute|[damage]\n|-resisted|p2a: Dijon\n|-damage|p2a: Dijon|1\/100 psn\n|move|p1a: Grimmsnarl|Spirit Break|p2b: Granny Smith\n|-supereffective|p2b: Granny Smith\n|-crit|p2b: Granny Smith\n|-end|p2b: Granny Smith|Substitute\n|cant|p2a: Dijon|flinch\n|move|p2b: Granny Smith|Giga Drain|p1b: Dudunsparce\n|-damage|p1b: Dudunsparce|0 fnt\n|-heal|p2b: Granny Smith|61\/100 psn|[from] drain|[of] p1b: Dudunsparce\n|faint|p1b: Dudunsparce\n|\n|-heal|p2b: Granny Smith|67\/100 psn|[from] item: Leftovers\n|-damage|p2a: Dijon|0 fnt|[from] Leech Seed|[of] p2b: Granny Smith\n|-heal|p2b: Granny Smith|67\/100 psn|[silent]\n|faint|p2a: Dijon\n|-damage|p2b: Granny Smith|55\/100 psn|[from] psn\n|upkeep\n|\n|t:|1683735987\n|switch|p1b: Espathra|Espathra, L50, M|39\/100\n|switch|p2a: Maushold|Maushold, L50|83\/100\n|turn|10\n|\n|t:|1683736007\n|move|p1a: Grimmsnarl|Reflect|p1a: Grimmsnarl\n|-sidestart|p1: masterlight23|Reflect\n|move|p2a: Maushold|Taunt|p1a: Grimmsnarl\n|-start|p1a: Grimmsnarl|move: Taunt\n|move|p1b: Espathra|Dazzling Gleam|p2a: Maushold|[spread] p2a,p2b\n|-supereffective|p2b: Granny Smith\n|-damage|p2a: Maushold|65\/100\n|-damage|p2b: Granny Smith|38\/100 psn\n|move|p2b: Granny Smith|Giga Drain|p1b: Espathra\n|-damage|p1b: Espathra|15\/100\n|-heal|p2b: Granny Smith|49\/100 psn|[from] drain|[of] p1b: Espathra\n|-enditem|p1b: Espathra|Aguav Berry|[eat]\n|-heal|p1b: Espathra|48\/100|[from] item: Aguav Berry\n|\n|-heal|p2b: Granny Smith|55\/100 psn|[from] item: Leftovers\n|-damage|p2b: Granny Smith|42\/100 psn|[from] psn\n|-end|p2b: Granny Smith|Disable\n|-ability|p1b: Espathra|Speed Boost|boost\n|-boost|p1b: Espathra|spe|1\n|upkeep\n|turn|11\n|inactive|salarypod has 30 seconds left.\n|\n|t:|1683736041\n|move|p1b: Espathra|Dazzling Gleam|p2a: Maushold|[spread] p2a,p2b\n|-supereffective|p2b: Granny Smith\n|-damage|p2a: Maushold|47\/100\n|-damage|p2b: Granny Smith|25\/100 psn\n|move|p2a: Maushold|Encore|p1a: Grimmsnarl\n|-start|p1a: Grimmsnarl|Encore\n|cant|p1a: Grimmsnarl|move: Taunt|Reflect\n|move|p2b: Granny Smith|Leech Seed|p1b: Espathra\n|-start|p1b: Espathra|move: Leech Seed\n|\n|-heal|p2b: Granny Smith|31\/100 psn|[from] item: Leftovers\n|-damage|p1b: Espathra|36\/100|[from] Leech Seed|[of] p2b: Granny Smith\n|-heal|p2b: Granny Smith|43\/100 psn|[silent]\n|-damage|p2b: Granny Smith|30\/100 psn|[from] psn\n|-ability|p1b: Espathra|Speed Boost|boost\n|-boost|p1b: Espathra|spe|1\n|upkeep\n|turn|12\n|inactive|salarypod has 30 seconds left.\n|\n|t:|1683736074\n|switch|p1a: Sableye|Sableye, L50, M|52\/100\n|move|p1b: Espathra|Dazzling Gleam|p2b: Granny Smith|[spread] p2a,p2b\n|-supereffective|p2b: Granny Smith\n|-damage|p2a: Maushold|27\/100\n|-damage|p2b: Granny Smith|14\/100 psn\n|move|p2a: Maushold|U-turn|p1b: Espathra\n|-supereffective|p1b: Espathra\n|-damage|p1b: Espathra|19\/100\n|\n|t:|1683736083\n|switch|p2a: Tank Girl|Tinkaton, L50, F|100\/100|[from] U-turn\n|-ability|p2a: Tank Girl|Mold Breaker\n|move|p2b: Granny Smith|Giga Drain|p1a: Sableye\n|-damage|p1a: Sableye|22\/100\n|-heal|p2b: Granny Smith|25\/100 psn|[from] drain|[of] p1a: Sableye\n|\n|-heal|p2b: Granny Smith|31\/100 psn|[from] item: Leftovers\n|-damage|p1b: Espathra|7\/100|[from] Leech Seed|[of] p2b: Granny Smith\n|-heal|p2b: Granny Smith|42\/100 psn|[silent]\n|-damage|p2b: Granny Smith|30\/100 psn|[from] psn\n|-ability|p1b: Espathra|Speed Boost|boost\n|-boost|p1b: Espathra|spe|1\n|upkeep\n|turn|13\n|\n|t:|1683736107\n|move|p1a: Sableye|Reflect||[still]\n|-fail|p1a: Sableye\n|move|p1b: Espathra|Dazzling Gleam|p2b: Granny Smith|[spread] p2a,p2b\n|-resisted|p2a: Tank Girl\n|-crit|p2a: Tank Girl\n|-supereffective|p2b: Granny Smith\n|-damage|p2a: Tank Girl|91\/100\n|-damage|p2b: Granny Smith|7\/100 psn\n|move|p2a: Tank Girl|Thunder Wave|p1a: Sableye|[miss]\n|-miss|p2a: Tank Girl|p1a: Sableye\n|move|p2b: Granny Smith|Giga Drain|p1a: Sableye\n|-damage|p1a: Sableye|0 fnt\n|-heal|p2b: Granny Smith|15\/100 psn|[from] drain|[of] p1a: Sableye\n|faint|p1a: Sableye\n|\n|-heal|p2b: Granny Smith|21\/100 psn|[from] item: Leftovers\n|-damage|p1b: Espathra|0 fnt|[from] Leech Seed|[of] p2b: Granny Smith\n|-heal|p2b: Granny Smith|27\/100 psn|[silent]\n|faint|p1b: Espathra\n|-damage|p2b: Granny Smith|14\/100 psn|[from] psn\n|upkeep\n|-message|masterlight23 forfeited.\n|\n|win|salarypod\n|raw|masterlight23's rating: 1020 → 1007<\/strong> (-13 for losing)\n|raw|salarypod's rating: 1009 → 1049<\/strong> (+40 for winning)\n|l|\u2606masterlight23\n","uploadtime":1683736131,"views":16,"p1id":"masterlight23","p2id":"salarypod","formatid":"gen9vgc2023regulationc","rating":1007,"private":0,"password":""}