{"id":"gen9vgc2023regulationc-1848881924","p1":"teamskull_testing","p2":"SlowHomie","format":"[Gen 9] VGC 2023 Regulation C","log":"|j|\u2606teamskull_testing\n|j|\u2606SlowHomie\n|t:|1682121340\n|gametype|doubles\n|player|p1|teamskull_testing|guzma-masters|\n|player|p2|SlowHomie|lucas|\n|teamsize|p1|6\n|teamsize|p2|6\n|gen|9\n|tier|[Gen 9] VGC 2023 Regulation C\n|rated|Tournament battle\n|rule|Species Clause: Limit one of each Pok\u00e9mon\n|rule|Item Clause: Limit one of each item\n|clearpoke\n|poke|p1|Wo-Chien, L50|\n|poke|p1|Grimmsnarl, L50, M|\n|poke|p1|Glimmora, L50, F|\n|poke|p1|Arcanine, L50, M|\n|poke|p1|Tyranitar, L50, F|\n|poke|p1|Garganacl, L50, F|\n|poke|p2|Palafin, L50, F|\n|poke|p2|Arcanine, L50, F|\n|poke|p2|Amoonguss, L50, F|\n|poke|p2|Kingambit, L50, F|\n|poke|p2|Flutter Mane, L50|\n|poke|p2|Dragonite, L50, F|\n|teampreview|4\n|raw| Open Team Sheet for teamskull_testing<\/summary>Wo-Chien @ Aguav Berry Ability: Tablets of Ruin Level: 50 Tera Type: Poison - Giga Drain - Leech Seed - Protect - Pollen Puff Grimmsnarl (M) @ Light Clay Ability: Prankster Level: 50 Tera Type: Dark - Spirit Break - Light Screen - Reflect - Parting Shot Glimmora @ Focus Sash Ability: Toxic Debris Level: 50 Tera Type: Grass - Spiky Shield - Sludge Bomb - Energy Ball - Power Gem Arcanine @ Sitrus Berry Ability: Intimidate Level: 50 Tera Type: Water - Snarl - Flare Blitz - Extreme Speed - Will-O-Wisp Tyranitar @ Weakness Policy Ability: Sand Stream Level: 50 Tera Type: Flying - Dragon Dance - Protect - Crunch - Rock Slide Garganacl @ Leftovers Ability: Purifying Salt Level: 50 Tera Type: Ghost - Salt Cure - Recover - Protect - Wide Guard <\/details><\/div> Open Team Sheet for SlowHomie<\/summary>Palafin @ Mystic Water Ability: Zero to Hero Level: 50 Tera Type: Water - Wave Crash - Jet Punch - Drain Punch - Protect Arcanine @ Safety Goggles Ability: Intimidate Level: 50 Tera Type: Grass - Flare Blitz - Extreme Speed - Howl - Will-O-Wisp Amoonguss @ Sitrus Berry Ability: Regenerator Level: 50 Tera Type: Water - Spore - Rage Powder - Pollen Puff - Protect Kingambit @ Lum Berry Ability: Defiant Level: 50 Tera Type: Dark - Kowtow Cleave - Sucker Punch - Swords Dance - Protect Flutter Mane @ Booster Energy Ability: Protosynthesis Level: 50 Tera Type: Fairy - Moonblast - Shadow Ball - Dazzling Gleam - Protect Dragonite @ Assault Vest Ability: Multiscale Level: 50 Tera Type: Flying - Tera Blast - Stomping Tantrum - Extreme Speed - Low Kick <\/details><\/div>\n|c|\u2606teamskull_testing|Sorry you gotta go from one stally team to another\n|c|\u2606teamskull_testing|Still, let's have some fun\n|c|\u2606SlowHomie|XD\n|c|\u2606SlowHomie|no worries glhf\n|c|\u2606teamskull_testing|u2 bro\n|j| Radio Free C-Side\n|inactive|Battle timer is ON: inactive players will automatically lose when time's up. (requested by SlowHomie)\n|\n|t:|1682121394\n|start\n|switch|p1a: Wo-Chien|Wo-Chien, L50|100\/100\n|switch|p1b: Grimmsnarl|Grimmsnarl, L50, M|100\/100\n|switch|p2a: Palafin|Palafin, L50, F|100\/100\n|switch|p2b: Amoonguss|Amoonguss, L50, F|100\/100\n|-ability|p1a: Wo-Chien|Tablets of Ruin\n|turn|1\n|\n|t:|1682121417\n|detailschange|p2a: Palafin|Palafin-Hero, L50, F\n|switch|p2a: Arcanine|Arcanine, L50, F|100\/100\n|-ability|p2a: Arcanine|Intimidate|boost\n|-unboost|p1a: Wo-Chien|atk|1\n|-unboost|p1b: Grimmsnarl|atk|1\n|move|p1b: Grimmsnarl|Reflect|p1b: Grimmsnarl\n|-sidestart|p1: teamskull_testing|Reflect\n|move|p1a: Wo-Chien|Leech Seed|p2a: Arcanine\n|-start|p2a: Arcanine|move: Leech Seed\n|move|p2b: Amoonguss|Spore|p1b: Grimmsnarl\n|-status|p1b: Grimmsnarl|slp|[from] move: Spore\n|\n|-damage|p2a: Arcanine|88\/100|[from] Leech Seed|[of] p1a: Wo-Chien\n|upkeep\n|turn|2\n|j| RyoliTheSplatooner\n|inactive|teamskull_testing has 30 seconds left.\n|j|+TheLoanRanger\n|inactive|teamskull_testing has 20 seconds left.\n|inactive|teamskull_testing has 15 seconds left.\n|inactive|SlowHomie has 30 seconds left.\n|\n|t:|1682121464\n|switch|p1a: Garganacl|Garganacl, L50, F|100\/100\n|cant|p1b: Grimmsnarl|slp\n|move|p2a: Arcanine|Howl|p2a: Arcanine|[spread] p2a,p2b\n|-boost|p2a: Arcanine|atk|1\n|-boost|p2b: Amoonguss|atk|1\n|move|p2b: Amoonguss|Pollen Puff|p1a: Garganacl\n|-damage|p1a: Garganacl|88\/100\n|\n|-heal|p1a: Garganacl|94\/100|[from] item: Leftovers\n|-damage|p2a: Arcanine|76\/100|[from] Leech Seed|[of] p1a: Garganacl\n|-heal|p1a: Garganacl|100\/100|[silent]\n|upkeep\n|turn|3\n|j| Tameryn\n|\n|t:|1682121478\n|move|p2b: Amoonguss|Rage Powder|p2b: Amoonguss\n|-singleturn|p2b: Amoonguss|move: Rage Powder\n|-curestatus|p1b: Grimmsnarl|slp|[msg]\n|move|p1b: Grimmsnarl|Parting Shot|p2b: Amoonguss\n|-unboost|p2b: Amoonguss|atk|1\n|-unboost|p2b: Amoonguss|spa|1\n|\n|t:|1682121486\n|switch|p1b: Tyranitar|Tyranitar, L50, F|100\/100|[from] Parting Shot\n|-weather|Sandstorm|[from] ability: Sand Stream|[of] p1b: Tyranitar\n|move|p2a: Arcanine|Howl|p2a: Arcanine|[spread] p2a,p2b\n|-boost|p2a: Arcanine|atk|1\n|-boost|p2b: Amoonguss|atk|1\n|move|p1a: Garganacl|Salt Cure|p2b: Amoonguss\n|-damage|p2b: Amoonguss|88\/100\n|-start|p2b: Amoonguss|Salt Cure\n|\n|-weather|Sandstorm|[upkeep]\n|-damage|p2b: Amoonguss|82\/100|[from] Sandstorm\n|-damage|p2a: Arcanine|64\/100|[from] Leech Seed|[of] p1a: Garganacl\n|-damage|p2b: Amoonguss|70\/100|[from] Salt Cure\n|upkeep\n|turn|4\n|c| Radio Free C-Side|+6 amoonguss time\n|c|\u2606teamskull_testing|That's the dream\n|j| chicagolocaltop16\n|inactive|teamskull_testing has 30 seconds left.\n|l| chicagolocaltop16\n|\n|t:|1682121518\n|-terastallize|p2a: Arcanine|Grass\n|move|p2a: Arcanine|Howl|p2a: Arcanine|[spread] p2a,p2b\n|-boost|p2a: Arcanine|atk|1\n|-boost|p2b: Amoonguss|atk|1\n|move|p1b: Tyranitar|Rock Slide|p2b: Amoonguss|[spread] p2a,p2b\n|-damage|p2a: Arcanine|38\/100\n|-damage|p2b: Amoonguss|43\/100\n|-enditem|p2b: Amoonguss|Sitrus Berry|[eat]\n|-heal|p2b: Amoonguss|67\/100|[from] item: Sitrus Berry\n|move|p1a: Garganacl|Salt Cure|p2a: Arcanine\n|-damage|p2a: Arcanine|26\/100\n|-start|p2a: Arcanine|Salt Cure\n|move|p2b: Amoonguss|Spore|p1b: Tyranitar\n|-status|p1b: Tyranitar|slp|[from] move: Spore\n|\n|-weather|Sandstorm|[upkeep]\n|-damage|p2b: Amoonguss|62\/100|[from] Sandstorm\n|-damage|p2a: Arcanine|14\/100|[from] Leech Seed|[of] p1a: Garganacl\n|-damage|p2a: Arcanine|2\/100|[from] Salt Cure\n|-damage|p2b: Amoonguss|49\/100|[from] Salt Cure\n|upkeep\n|turn|5\n|c|\u2606SlowHomie|We\u2019re getting close lol\n|\n|t:|1682121539\n|cant|p1b: Tyranitar|slp\n|move|p2a: Arcanine|Howl|p2a: Arcanine|[spread] p2a,p2b\n|-boost|p2a: Arcanine|atk|1\n|-boost|p2b: Amoonguss|atk|1\n|move|p1a: Garganacl|Salt Cure|p2b: Amoonguss\n|-damage|p2b: Amoonguss|38\/100\n|move|p2b: Amoonguss|Pollen Puff|p2a: Arcanine\n|-heal|p2a: Arcanine|51\/100\n|\n|-weather|Sandstorm|[upkeep]\n|-damage|p2b: Amoonguss|32\/100|[from] Sandstorm\n|-damage|p2a: Arcanine|39\/100|[from] Leech Seed|[of] p1a: Garganacl\n|-damage|p2a: Arcanine|27\/100|[from] Salt Cure\n|-damage|p2b: Amoonguss|20\/100|[from] Salt Cure\n|upkeep\n|turn|6\n|j| WeirdPolyCouple\n|j| Lori Ori\n|\n|t:|1682121559\n|move|p2a: Arcanine|Howl|p2a: Arcanine|[spread] p2a,p2b\n|-boost|p2a: Arcanine|atk|1\n|-boost|p2b: Amoonguss|atk|1\n|cant|p1b: Tyranitar|slp\n|move|p1a: Garganacl|Salt Cure|p2a: Arcanine\n|-damage|p2a: Arcanine|15\/100\n|move|p2b: Amoonguss|Pollen Puff|p2a: Arcanine\n|-heal|p2a: Arcanine|64\/100\n|\n|-weather|Sandstorm|[upkeep]\n|-damage|p2b: Amoonguss|14\/100|[from] Sandstorm\n|-damage|p2a: Arcanine|52\/100|[from] Leech Seed|[of] p1a: Garganacl\n|-damage|p2a: Arcanine|40\/100|[from] Salt Cure\n|-damage|p2b: Amoonguss|2\/100|[from] Salt Cure\n|upkeep\n|turn|7\n|l| RyoliTheSplatooner\n|\n|t:|1682121580\n|move|p2a: Arcanine|Flare Blitz|p1b: Tyranitar\n|-resisted|p1b: Tyranitar\n|-damage|p1b: Tyranitar|50\/100 slp\n|-damage|p2a: Arcanine|25\/100|[from] Recoil\n|cant|p1b: Tyranitar|slp\n|move|p1a: Garganacl|Salt Cure|p2a: Arcanine\n|-damage|p2a: Arcanine|13\/100\n|move|p2b: Amoonguss|Pollen Puff|p2a: Arcanine\n|-heal|p2a: Arcanine|63\/100\n|\n|-weather|none\n|-damage|p2a: Arcanine|51\/100|[from] Leech Seed|[of] p1a: Garganacl\n|-damage|p2a: Arcanine|39\/100|[from] Salt Cure\n|-damage|p2b: Amoonguss|0 fnt|[from] Salt Cure\n|faint|p2b: Amoonguss\n|upkeep\n|\n|t:|1682121590\n|switch|p2b: Palafin|Palafin-Hero, L50, F|100\/100\n|-activate|p2b: Palafin|ability: Zero to Hero\n|turn|8\n|j| Mewapoptosis\n|c| Radio Free C-Side|no max atk amoonguss, gone too soon\n|\n|t:|1682121608\n|switch|p1b: Grimmsnarl|Grimmsnarl, L50, M|100\/100\n|-terastallize|p1a: Garganacl|Ghost\n|move|p2a: Arcanine|Flare Blitz|p1a: Garganacl\n|-damage|p1a: Garganacl|37\/100\n|-damage|p2a: Arcanine|16\/100|[from] Recoil\n|move|p2b: Palafin|Wave Crash|p1a: Garganacl\n|-damage|p1a: Garganacl|0 fnt\n|faint|p1a: Garganacl\n|-damage|p2b: Palafin|88\/100|[from] Recoil\n|\n|-damage|p2a: Arcanine|4\/100|[from] Salt Cure\n|-sideend|p1: teamskull_testing|Reflect\n|upkeep\n|j| Cheese4768\n|c|\u2606teamskull_testing|Rip a goat\n|l| Tameryn\n|\n|t:|1682121623\n|switch|p1a: Wo-Chien|Wo-Chien, L50|100\/100\n|-ability|p1a: Wo-Chien|Tablets of Ruin\n|turn|9\n|c|\u2606SlowHomie|He was so close :(\n|inactive|SlowHomie has 30 seconds left.\n|j| Tameryn\n|\n|t:|1682121655\n|move|p1a: Wo-Chien|Protect|p1a: Wo-Chien\n|-singleturn|p1a: Wo-Chien|Protect\n|move|p1b: Grimmsnarl|Reflect|p1b: Grimmsnarl\n|-sidestart|p1: teamskull_testing|Reflect\n|move|p2a: Arcanine|Flare Blitz|p1a: Wo-Chien\n|-activate|p1a: Wo-Chien|move: Protect\n|move|p2b: Palafin|Drain Punch|p1a: Wo-Chien\n|-activate|p1a: Wo-Chien|move: Protect\n|\n|-damage|p2a: Arcanine|0 fnt|[from] Leech Seed|[of] p1a: Wo-Chien\n|faint|p2a: Arcanine\n|upkeep\n|\n|t:|1682121657\n|switch|p2a: Kingambit|Kingambit, L50, F|100\/100\n|turn|10\n|\n|t:|1682121671\n|move|p1b: Grimmsnarl|Parting Shot|p2b: Palafin\n|-unboost|p2b: Palafin|atk|1\n|-unboost|p2b: Palafin|spa|1\n|\n|t:|1682121672\n|switch|p1b: Tyranitar|Tyranitar, L50, F|50\/100 slp|[from] Parting Shot\n|-weather|Sandstorm|[from] ability: Sand Stream|[of] p1b: Tyranitar\n|move|p2b: Palafin|Drain Punch|p1a: Wo-Chien\n|-supereffective|p1a: Wo-Chien\n|-damage|p1a: Wo-Chien|84\/100\n|-heal|p2b: Palafin|96\/100|[from] drain|[of] p1a: Wo-Chien\n|move|p1a: Wo-Chien|Leech Seed|p2a: Kingambit\n|-start|p2a: Kingambit|move: Leech Seed\n|move|p2a: Kingambit|Swords Dance|p2a: Kingambit\n|-boost|p2a: Kingambit|atk|2\n|\n|-weather|Sandstorm|[upkeep]\n|-damage|p2b: Palafin|90\/100|[from] Sandstorm\n|-damage|p1a: Wo-Chien|78\/100|[from] Sandstorm\n|-damage|p2a: Kingambit|88\/100|[from] Leech Seed|[of] p1a: Wo-Chien\n|-heal|p1a: Wo-Chien|91\/100|[silent]\n|upkeep\n|turn|11\n|\n|t:|1682121694\n|move|p2a: Kingambit|Sucker Punch|p1b: Tyranitar\n|-resisted|p1b: Tyranitar\n|-damage|p1b: Tyranitar|31\/100 slp\n|move|p2b: Palafin|Drain Punch|p1b: Tyranitar\n|-supereffective|p1b: Tyranitar\n|-damage|p1b: Tyranitar|0 fnt\n|-heal|p2b: Palafin|100\/100|[from] drain|[of] p1b: Tyranitar\n|faint|p1b: Tyranitar\n|move|p1a: Wo-Chien|Leech Seed|p2b: Palafin\n|-start|p2b: Palafin|move: Leech Seed\n|\n|-weather|Sandstorm|[upkeep]\n|-damage|p2b: Palafin|95\/100|[from] Sandstorm\n|-damage|p1a: Wo-Chien|84\/100|[from] Sandstorm\n|-damage|p2b: Palafin|83\/100|[from] Leech Seed|[of] p1a: Wo-Chien\n|-heal|p1a: Wo-Chien|97\/100|[silent]\n|-damage|p2a: Kingambit|76\/100|[from] Leech Seed|[of] p1a: Wo-Chien\n|-heal|p1a: Wo-Chien|100\/100|[silent]\n|upkeep\n|\n|t:|1682121705\n|switch|p1b: Grimmsnarl|Grimmsnarl, L50, M|100\/100\n|turn|12\n|\n|t:|1682121711\n|move|p2b: Palafin|Drain Punch|p1a: Wo-Chien\n|-supereffective|p1a: Wo-Chien\n|-damage|p1a: Wo-Chien|84\/100\n|-heal|p2b: Palafin|90\/100|[from] drain|[of] p1a: Wo-Chien\n|move|p1a: Wo-Chien|Pollen Puff|p2a: Kingambit\n|-damage|p2a: Kingambit|56\/100\n|move|p1b: Grimmsnarl|Spirit Break|p2b: Palafin\n|-damage|p2b: Palafin|69\/100\n|-unboost|p2b: Palafin|spa|1\n|move|p2a: Kingambit|Swords Dance|p2a: Kingambit\n|-boost|p2a: Kingambit|atk|2\n|\n|-weather|Sandstorm|[upkeep]\n|-damage|p2b: Palafin|64\/100|[from] Sandstorm\n|-damage|p1a: Wo-Chien|78\/100|[from] Sandstorm\n|-damage|p1b: Grimmsnarl|95\/100|[from] Sandstorm\n|-damage|p2b: Palafin|51\/100|[from] Leech Seed|[of] p1a: Wo-Chien\n|-heal|p1a: Wo-Chien|91\/100|[silent]\n|-damage|p2a: Kingambit|44\/100|[from] Leech Seed|[of] p1a: Wo-Chien\n|-heal|p1a: Wo-Chien|100\/100|[silent]\n|upkeep\n|turn|13\n|\n|t:|1682121736\n|move|p2b: Palafin|Drain Punch|p1a: Wo-Chien\n|-supereffective|p1a: Wo-Chien\n|-damage|p1a: Wo-Chien|84\/100\n|-heal|p2b: Palafin|59\/100|[from] drain|[of] p1a: Wo-Chien\n|move|p1a: Wo-Chien|Pollen Puff|p2a: Kingambit\n|-damage|p2a: Kingambit|24\/100\n|move|p1b: Grimmsnarl|Spirit Break|p2b: Palafin\n|-damage|p2b: Palafin|37\/100\n|-unboost|p2b: Palafin|spa|1\n|move|p2a: Kingambit|Kowtow Cleave|p1a: Wo-Chien\n|-resisted|p1a: Wo-Chien\n|-damage|p1a: Wo-Chien|59\/100\n|\n|-weather|Sandstorm|[upkeep]\n|-damage|p2b: Palafin|32\/100|[from] Sandstorm\n|-damage|p1a: Wo-Chien|53\/100|[from] Sandstorm\n|-damage|p1b: Grimmsnarl|89\/100|[from] Sandstorm\n|-damage|p2b: Palafin|19\/100|[from] Leech Seed|[of] p1a: Wo-Chien\n|-heal|p1a: Wo-Chien|66\/100|[silent]\n|-damage|p2a: Kingambit|12\/100|[from] Leech Seed|[of] p1a: Wo-Chien\n|-heal|p1a: Wo-Chien|79\/100|[silent]\n|upkeep\n|turn|14\n|\n|t:|1682121755\n|move|p1a: Wo-Chien|Protect|p1a: Wo-Chien\n|-singleturn|p1a: Wo-Chien|Protect\n|move|p2a: Kingambit|Sucker Punch||[still]\n|-fail|p2a: Kingambit\n|move|p2b: Palafin|Drain Punch|p1a: Wo-Chien\n|-activate|p1a: Wo-Chien|move: Protect\n|move|p1b: Grimmsnarl|Spirit Break|p2b: Palafin\n|-damage|p2b: Palafin|0 fnt\n|faint|p2b: Palafin\n|\n|-weather|none\n|-damage|p2a: Kingambit|0 fnt|[from] Leech Seed|[of] p1a: Wo-Chien\n|-heal|p1a: Wo-Chien|91\/100|[silent]\n|faint|p2a: Kingambit\n|\n|win|teamskull_testing\n|upkeep\n|n|\u2606teamskull_testing|teamskulltesting\n|n|\u2606SlowHomie|slowhomie\n|n| Radio Free C-Side|radiofreecside\n|n| TheLoanRanger|theloanranger\n|n| WeirdPolyCouple|weirdpolycouple\n|n| Lori Ori|loriori\n|n| Mewapoptosis|mewapoptosis\n|n| Cheese4768|cheese4768\n|n| Tameryn|tameryn\n|c|\u2606SlowHomie|Gg wp\n|c|\u2606SlowHomie|live wo Chien reaction\n|l| Radio Free C-Side\n|c|\u2606teamskull_testing|Ty gg\n|l| TheLoanRanger\n|l| Lori Ori\n|l| WeirdPolyCouple\n|c| Cheese4768|nicely played\n|l| Cheese4768\n|l| Tameryn\n|c|\u2606teamskull_testing|Thank you!\n|j| Bolt-Beam Studios\n","uploadtime":1682121756,"views":8,"p1id":"teamskulltesting","p2id":"slowhomie","formatid":"gen9vgc2023regulationc","rating":0,"private":0,"password":""}