{"id":"gen9vgc2023regulationc-1857114834","p1":"Z3mP41","p2":"Topical Rainstorm","format":"[Gen 9] VGC 2023 Regulation C","log":"|j|\u2606Z3mP41\n|j|\u2606Topical Rainstorm\n|t:|1683147263\n|gametype|doubles\n|player|p1|Z3mP41|may-masters3|1080\n|player|p2|Topical Rainstorm|zinzolin|1092\n|teamsize|p1|6\n|teamsize|p2|6\n|gen|9\n|tier|[Gen 9] VGC 2023 Regulation C\n|rated|\n|rule|Species Clause: Limit one of each Pok\u00e9mon\n|rule|Item Clause: Limit one of each item\n|clearpoke\n|poke|p1|Baxcalibur, L50, M|\n|poke|p1|Ting-Lu, L50|\n|poke|p1|Arcanine, L50, F|\n|poke|p1|Palafin, L50, F|\n|poke|p1|Amoonguss, L50, M|\n|poke|p1|Flutter Mane, L50|\n|poke|p2|Palafin, L50, M|\n|poke|p2|Tatsugiri-Stretchy, L50, M|\n|poke|p2|Iron Bundle, L50|\n|poke|p2|Arcanine, L50, F|\n|poke|p2|Amoonguss, L50, M|\n|poke|p2|Flutter Mane, L50|\n|teampreview|4\n|inactive|Battle timer is ON: inactive players will automatically lose when time's up. (requested by Topical Rainstorm)\n|inactive|Topical Rainstorm has 60 seconds left.\n|\n|t:|1683147296\n|start\n|switch|p1a: Baxcalibur|Baxcalibur, L50, M|100\/100\n|switch|p1b: Flutter Mane|Flutter Mane, L50|100\/100\n|switch|p2a: Iron Bundle|Iron Bundle, L50|100\/100\n|switch|p2b: Arcanine|Arcanine, L50, F|100\/100\n|-ability|p2b: Arcanine|Intimidate|boost\n|-unboost|p1a: Baxcalibur|atk|1\n|-unboost|p1b: Flutter Mane|atk|1\n|-enditem|p2a: Iron Bundle|Booster Energy\n|-activate|p2a: Iron Bundle|ability: Quark Drive|[fromitem]\n|-start|p2a: Iron Bundle|quarkdrivespe\n|turn|1\n|inactive|Z3mP41 has 30 seconds left.\n|inactive|Z3mP41 has 20 seconds left.\n|inactive|Z3mP41 has 15 seconds left.\n|inactive|Z3mP41 has 10 seconds left.\n|inactive|Z3mP41 has 5 seconds left.\n|\n|t:|1683147347\n|-terastallize|p2a: Iron Bundle|Steel\n|move|p2a: Iron Bundle|Tera Blast|p1b: Flutter Mane\n|-supereffective|p1b: Flutter Mane\n|-damage|p1b: Flutter Mane|8\/100\n|move|p1b: Flutter Mane|Moonblast|p2a: Iron Bundle\n|-resisted|p2a: Iron Bundle\n|-damage|p2a: Iron Bundle|25\/100\n|-unboost|p2a: Iron Bundle|spa|1\n|move|p2b: Arcanine|Wild Charge|p1b: Flutter Mane\n|-damage|p1b: Flutter Mane|0 fnt\n|faint|p1b: Flutter Mane\n|-end|p1b: Flutter Mane|Protosynthesis|[silent]\n|-damage|p2b: Arcanine|99\/100|[from] Recoil\n|move|p1a: Baxcalibur|Dragon Dance|p1a: Baxcalibur\n|-boost|p1a: Baxcalibur|atk|1\n|-boost|p1a: Baxcalibur|spe|1\n|\n|upkeep\n|inactive|Z3mP41 has 30 seconds left.\n|\n|t:|1683147378\n|switch|p1b: Palafin|Palafin, L50, F|100\/100\n|turn|2\n|\n|t:|1683147392\n|switch|p2b: Tatsugiri|Tatsugiri-Stretchy, L50, M|100\/100\n|move|p2a: Iron Bundle|Tera Blast|p1a: Baxcalibur\n|-supereffective|p1a: Baxcalibur\n|-damage|p1a: Baxcalibur|48\/100\n|move|p1a: Baxcalibur|Icicle Spear|p2a: Iron Bundle\n|-resisted|p2a: Iron Bundle\n|-crit|p2a: Iron Bundle\n|-damage|p2a: Iron Bundle|13\/100\n|-resisted|p2a: Iron Bundle\n|-damage|p2a: Iron Bundle|5\/100\n|-resisted|p2a: Iron Bundle\n|-damage|p2a: Iron Bundle|0 fnt\n|faint|p2a: Iron Bundle\n|-end|p2a: Iron Bundle|Quark Drive|[silent]\n|-hitcount|p2: Iron Bundle|3\n|move|p1b: Palafin|Flip Turn|p2b: Tatsugiri\n|-ability|p2b: Tatsugiri|Storm Drain|boost\n|-boost|p2b: Tatsugiri|spa|1\n|\n|upkeep\n|\n|t:|1683147405\n|switch|p2a: Arcanine|Arcanine, L50, F|99\/100\n|-ability|p2a: Arcanine|Intimidate|boost\n|-unboost|p1a: Baxcalibur|atk|1\n|-unboost|p1b: Palafin|atk|1\n|turn|3\n|\n|t:|1683147428\n|move|p1a: Baxcalibur|Glaive Rush|p2b: Tatsugiri\n|-supereffective|p2b: Tatsugiri\n|-enditem|p2b: Tatsugiri|Focus Sash\n|-damage|p2b: Tatsugiri|1\/100\n|-singlemove|p1a: Baxcalibur|Glaive Rush|[silent]\n|move|p1b: Palafin|Flip Turn|p2b: Tatsugiri\n|-activate|p2b: Tatsugiri|ability: Storm Drain\n|-ability|p2b: Tatsugiri|Storm Drain|boost\n|-boost|p2b: Tatsugiri|spa|1\n|move|p2a: Arcanine|Wild Charge|p1b: Palafin\n|-supereffective|p1b: Palafin\n|-damage|p1b: Palafin|26\/100\n|-damage|p2a: Arcanine|79\/100|[from] Recoil\n|move|p2b: Tatsugiri|Draco Meteor|p1a: Baxcalibur\n|-supereffective|p1a: Baxcalibur\n|-damage|p1a: Baxcalibur|0 fnt\n|-unboost|p2b: Tatsugiri|spa|2\n|faint|p1a: Baxcalibur\n|\n|upkeep\n|\n|t:|1683147448\n|switch|p1a: Amoonguss|Amoonguss, L50, M|100\/100\n|turn|4\n|\n|t:|1683147467\n|move|p1b: Palafin|Protect|p1b: Palafin\n|-singleturn|p1b: Palafin|Protect\n|move|p2a: Arcanine|Extreme Speed|p1b: Palafin\n|-activate|p1b: Palafin|move: Protect\n|move|p2b: Tatsugiri|Draco Meteor|p1a: Amoonguss\n|-damage|p1a: Amoonguss|43\/100\n|-unboost|p2b: Tatsugiri|spa|2\n|move|p1a: Amoonguss|Clear Smog|p2b: Tatsugiri\n|-damage|p2b: Tatsugiri|0 fnt\n|-clearboost|p2b: Tatsugiri\n|faint|p2b: Tatsugiri\n|\n|-heal|p1a: Amoonguss|49\/100|[from] item: Black Sludge\n|upkeep\n|\n|t:|1683147476\n|switch|p2b: Flutter Mane|Flutter Mane, L50|100\/100\n|turn|5\n|\n|t:|1683147493\n|move|p2a: Arcanine|Extreme Speed|p1b: Palafin\n|-damage|p1b: Palafin|0 fnt\n|faint|p1b: Palafin\n|move|p2b: Flutter Mane|Shadow Ball|p1a: Amoonguss\n|-damage|p1a: Amoonguss|13\/100\n|move|p1a: Amoonguss|Pollen Puff|p1: Palafin|[notarget]\n|-fail|p1a: Amoonguss\n|\n|-heal|p1a: Amoonguss|19\/100|[from] item: Black Sludge\n|upkeep\n|turn|6\n|-message|Z3mP41 forfeited.\n|\n|win|Topical Rainstorm\n|raw|Z3mP41's rating: 1080 → 1059<\/strong> (-21 for losing)\n|raw|Topical Rainstorm's rating: 1092 → 1117<\/strong> (+25 for winning)\n|l|\u2606Z3mP41\n","uploadtime":1683147503,"views":6,"p1id":"z3mp41","p2id":"topicalrainstorm","formatid":"gen9vgc2023regulationc","rating":1059,"private":0,"password":""}