{"id":"gen9vgc2023regulationc-1861348723","p1":"GiovyX08","p2":"joshdonnie","format":"[Gen 9] VGC 2023 Regulation C","log":"|j|\u2606GiovyX08\n|j|\u2606joshdonnie\n|t:|1683748332\n|gametype|doubles\n|player|p1|GiovyX08|n|1199\n|player|p2|joshdonnie|1|1242\n|teamsize|p1|6\n|teamsize|p2|6\n|gen|9\n|tier|[Gen 9] VGC 2023 Regulation C\n|rated|\n|rule|Species Clause: Limit one of each Pok\u00e9mon\n|rule|Item Clause: Limit one of each item\n|clearpoke\n|poke|p1|Palafin, L50, M|\n|poke|p1|Chien-Pao, L50|\n|poke|p1|Dragapult, L50, M|\n|poke|p1|Amoonguss, L50, F|\n|poke|p1|Arcanine, L50, F|\n|poke|p1|Flutter Mane, L50|\n|poke|p2|Annihilape, L50, F|\n|poke|p2|Garchomp, L50, M|\n|poke|p2|Flutter Mane, L50|\n|poke|p2|Amoonguss, L50, M|\n|poke|p2|Palafin, L50, F|\n|poke|p2|Kingambit, L50, M|\n|teampreview|4\nGiovyX08 has agreed to open team sheets.\njoshdonnie has agreed to open team sheets.\n|\n|t:|1683748392\n|start\n|switch|p1a: ChiYu|Arcanine, L50, F|100\/100\n|switch|p1b: Dnite|Dragapult, L50, M|100\/100\n|switch|p2a: Garchomp|Garchomp, L50, M|100\/100\n|switch|p2b: Annihilape|Annihilape, L50, F|100\/100\n|-ability|p1a: ChiYu|Intimidate|boost\n|-unboost|p2a: Garchomp|atk|1\n|-unboost|p2b: Annihilape|atk|1\n|-ability|p2b: Annihilape|Defiant|boost\n|-boost|p2b: Annihilape|atk|2\n|turn|1\n|\n|t:|1683748426\n|move|p2b: Annihilape|Protect|p2b: Annihilape\n|-singleturn|p2b: Annihilape|Protect\n|move|p1b: Dnite|Phantom Force||[still]\n|-prepare|p1b: Dnite|Phantom Force\n|move|p2a: Garchomp|Earthquake|p1b: Dnite|[spread] p1a\n|-miss|p2a: Garchomp|p1b: Dnite\n|-activate|p2b: Annihilape|move: Protect\n|-supereffective|p1a: ChiYu\n|-damage|p1a: ChiYu|45\/100\n|move|p1a: ChiYu|Will-O-Wisp|p2a: Garchomp|[miss]\n|-miss|p1a: ChiYu|p2a: Garchomp\n|\n|upkeep\n|turn|2\n|\n|t:|1683748453\n|-terastallize|p2b: Annihilape|Fire\n|move|p1a: ChiYu|Protect|p1a: ChiYu\n|-singleturn|p1a: ChiYu|Protect\n|move|p1b: Dnite|Phantom Force|p2b: Annihilape|[from]lockedmove\n|-damage|p2b: Annihilape|39\/100\n|move|p2a: Garchomp|Dragon Claw|p1a: ChiYu\n|-activate|p1a: ChiYu|move: Protect\n|move|p2b: Annihilape|Rage Fist|p1b: Dnite\n|-supereffective|p1b: Dnite\n|-damage|p1b: Dnite|0 fnt\n|faint|p1b: Dnite\n|\n|-heal|p2b: Annihilape|45\/100|[from] item: Leftovers\n|upkeep\n|\n|t:|1683748470\n|switch|p1b: Mimi|Flutter Mane, L50|100\/100\n|-enditem|p1b: Mimi|Booster Energy\n|-activate|p1b: Mimi|ability: Protosynthesis|[fromitem]\n|-start|p1b: Mimi|protosynthesisspa\n|turn|3\n|\n|t:|1683748506\n|move|p2b: Annihilape|Protect|p2b: Annihilape\n|-singleturn|p2b: Annihilape|Protect\n|move|p1a: ChiYu|Extreme Speed|p2b: Annihilape\n|-activate|p2b: Annihilape|move: Protect\n|move|p1b: Mimi|Dazzling Gleam|p2a: Garchomp|[spread] p2a\n|-activate|p2b: Annihilape|move: Protect\n|-supereffective|p2a: Garchomp\n|-damage|p2a: Garchomp|21\/100\n|move|p2a: Garchomp|Iron Head|p1b: Mimi\n|-supereffective|p1b: Mimi\n|-damage|p1b: Mimi|42\/100\n|\n|-heal|p2b: Annihilape|51\/100|[from] item: Leftovers\n|upkeep\n|turn|4\n|\n|t:|1683748535\n|switch|p2b: Flutter Mane|Flutter Mane, L50|100\/100\n|move|p2a: Garchomp|Protect|p2a: Garchomp\n|-singleturn|p2a: Garchomp|Protect\n|move|p1a: ChiYu|Extreme Speed|p2a: Garchomp\n|-activate|p2a: Garchomp|move: Protect\n|move|p1b: Mimi|Shadow Ball|p2b: Flutter Mane\n|-supereffective|p2b: Flutter Mane\n|-damage|p2b: Flutter Mane|0 fnt\n|faint|p2b: Flutter Mane\n|-end|p2b: Flutter Mane|Protosynthesis|[silent]\n|\n|upkeep\n|\n|t:|1683748546\n|switch|p2b: Kingambit|Kingambit, L50, M, shiny|100\/100\n|turn|5\n|\n|t:|1683748557\n|switch|p2a: Annihilape|Annihilape, L50, F, tera:Fire|51\/100\n|move|p1b: Mimi|Protect|p1b: Mimi\n|-singleturn|p1b: Mimi|Protect\n|move|p2b: Kingambit|Sucker Punch||[still]\n|-fail|p2b: Kingambit\n|move|p1a: ChiYu|Flare Blitz|p2b: Kingambit\n|-supereffective|p2b: Kingambit\n|-damage|p2b: Kingambit|27\/100\n|-status|p2b: Kingambit|brn\n|-damage|p1a: ChiYu|19\/100|[from] Recoil\n|\n|-heal|p2a: Annihilape|57\/100|[from] item: Leftovers\n|-damage|p2b: Kingambit|21\/100 brn|[from] brn\n|upkeep\n|turn|6\n|\n|t:|1683748595\n|move|p2a: Annihilape|Protect|p2a: Annihilape\n|-singleturn|p2a: Annihilape|Protect\n|move|p1a: ChiYu|Extreme Speed|p2a: Annihilape\n|-activate|p2a: Annihilape|move: Protect\n|move|p2b: Kingambit|Sucker Punch|p1b: Mimi\n|-damage|p1b: Mimi|14\/100\n|move|p1b: Mimi|Shadow Ball|p2a: Annihilape\n|-activate|p2a: Annihilape|move: Protect\n|\n|-heal|p2a: Annihilape|63\/100|[from] item: Leftovers\n|-damage|p2b: Kingambit|15\/100 brn|[from] brn\n|upkeep\n|turn|7\n|\n|t:|1683748619\n|switch|p2a: Garchomp|Garchomp, L50, M|21\/100\n|move|p1a: ChiYu|Extreme Speed|p2b: Kingambit\n|-resisted|p2b: Kingambit\n|-damage|p2b: Kingambit|8\/100 brn\n|move|p1b: Mimi|Shadow Ball|p2a: Garchomp\n|-crit|p2a: Garchomp\n|-damage|p2a: Garchomp|0 fnt\n|faint|p2a: Garchomp\n|move|p2b: Kingambit|Kowtow Cleave|p1a: ChiYu\n|-damage|p1a: ChiYu|0 fnt\n|faint|p1a: ChiYu\n|\n|-damage|p2b: Kingambit|2\/100 brn|[from] brn\n|upkeep\n|\n|t:|1683748634\n|switch|p2a: Annihilape|Annihilape, L50, F, tera:Fire|63\/100\n|switch|p1a: WoChien|Amoonguss, L50, F|100\/100\n|turn|8\n|\n|t:|1683748660\n|-terastallize|p1a: WoChien|Water\n|move|p1b: Mimi|Protect|p1b: Mimi\n|-singleturn|p1b: Mimi|Protect\n|move|p2a: Annihilape|Rage Fist|p1a: WoChien\n|-damage|p1a: WoChien|57\/100\n|move|p2b: Kingambit|Kowtow Cleave|p1a: WoChien\n|-damage|p1a: WoChien|35\/100\n|-enditem|p1a: WoChien|Sitrus Berry|[eat]\n|-heal|p1a: WoChien|60\/100|[from] item: Sitrus Berry\n|move|p1a: WoChien|Spore|p2a: Annihilape\n|-status|p2a: Annihilape|slp|[from] move: Spore\n|\n|-heal|p2a: Annihilape|69\/100 slp|[from] item: Leftovers\n|-damage|p2b: Kingambit|0 fnt|[from] brn\n|faint|p2b: Kingambit\n|upkeep\n|turn|9\n|\n|t:|1683748679\n|move|p1b: Mimi|Shadow Ball|p2a: Annihilape\n|-damage|p2a: Annihilape|22\/100 slp\n|-unboost|p2a: Annihilape|spd|1\n|-ability|p2a: Annihilape|Defiant|boost\n|-boost|p2a: Annihilape|atk|2\n|cant|p2a: Annihilape|slp\n|move|p1a: WoChien|Pollen Puff|p1b: Mimi\n|-heal|p1b: Mimi|63\/100\n|\n|-heal|p2a: Annihilape|28\/100 slp|[from] item: Leftovers\n|upkeep\n|turn|10\n|-message|joshdonnie forfeited.\n|\n|win|GiovyX08\n|raw|GiovyX08's rating: 1199 → 1227<\/strong> (+28 for winning)\n|raw|joshdonnie's rating: 1242 → 1214<\/strong> (-28 for losing)\n","uploadtime":1683748693,"views":16,"p1id":"giovyx08","p2id":"joshdonnie","formatid":"gen9vgc2023regulationc","rating":1214,"private":0,"password":""}