{"id":"gen9vgc2023regulationc-1855081826","p1":"Novacast","p2":"They34","format":"[Gen 9] VGC 2023 Regulation C","log":"|j|\u2606Novacast\n|j|\u2606They34\n|t:|1682899053\n|gametype|doubles\n|player|p1|Novacast|mars|1535\n|player|p2|They34|ruinmaniac|1474\n|teamsize|p1|6\n|teamsize|p2|6\n|gen|9\n|tier|[Gen 9] VGC 2023 Regulation C\n|rated|\n|rule|Species Clause: Limit one of each Pok\u00e9mon\n|rule|Item Clause: Limit one of each item\n|clearpoke\n|poke|p1|Flutter Mane, L50|\n|poke|p1|Gholdengo, L50|\n|poke|p1|Gyarados, L50, M|\n|poke|p1|Amoonguss, L50, F|\n|poke|p1|Chien-Pao, L50|\n|poke|p1|Dragonite, L50, F|\n|poke|p2|Ceruledge, L50, M|\n|poke|p2|Dragonite, L50, M|\n|poke|p2|Bronzong, L50|\n|poke|p2|Flutter Mane, L50|\n|poke|p2|Amoonguss, L50, M|\n|poke|p2|Ting-Lu, L50|\n|teampreview|4\n|inactive|Battle timer is ON: inactive players will automatically lose when time's up. (requested by Novacast)\n|inactive|They34 has 60 seconds left.\n|\n|t:|1682899092\n|start\n|switch|p1a: Flutter Mane|Flutter Mane, L50|100\/100\n|switch|p1b: Gholdengo|Gholdengo, L50|100\/100\n|switch|p2a: Dragonite|Dragonite, L50, M|100\/100\n|switch|p2b: Flutter Mane|Flutter Mane, L50|100\/100\n|-enditem|p1a: Flutter Mane|Booster Energy\n|-activate|p1a: Flutter Mane|ability: Protosynthesis|[fromitem]\n|-start|p1a: Flutter Mane|protosynthesisspa\n|turn|1\n|inactive|They34 has 30 seconds left.\n|\n|t:|1682899127\n|move|p2b: Flutter Mane|Shadow Ball|p1b: Gholdengo\n|-supereffective|p1b: Gholdengo\n|-damage|p1b: Gholdengo|0 fnt\n|faint|p1b: Gholdengo\n|-damage|p2b: Flutter Mane|91\/100|[from] item: Life Orb\n|move|p1a: Flutter Mane|Imprison|p1a: Flutter Mane\n|-start|p1a: Flutter Mane|move: Imprison\n|move|p2a: Dragonite|Iron Head|p1a: Flutter Mane\n|-supereffective|p1a: Flutter Mane\n|-damage|p1a: Flutter Mane|22\/100\n|\n|upkeep\n|\n|t:|1682899145\n|switch|p1b: Gyarados|Gyarados, L50, M|100\/100\n|-ability|p1b: Gyarados|Intimidate|boost\n|-unboost|p2a: Dragonite|atk|1\n|-unboost|p2b: Flutter Mane|atk|1\n|turn|2\n|inactive|They34 has 30 seconds left.\n|inactive|They34 has 20 seconds left.\n|inactive|They34 has 15 seconds left.\n|inactive|They34 has 10 seconds left.\n|\n|t:|1682899192\n|move|p1a: Flutter Mane|Protect|p1a: Flutter Mane\n|-singleturn|p1a: Flutter Mane|Protect\n|move|p2b: Flutter Mane|Power Gem|p1b: Gyarados\n|-supereffective|p1b: Gyarados\n|-damage|p1b: Gyarados|41\/100\n|-damage|p2b: Flutter Mane|81\/100|[from] item: Life Orb\n|move|p1b: Gyarados|Thunder Wave|p2b: Flutter Mane\n|-status|p2b: Flutter Mane|par\n|move|p2a: Dragonite|Iron Head|p1a: Flutter Mane\n|-activate|p1a: Flutter Mane|move: Protect\n|\n|upkeep\n|turn|3\n|\n|t:|1682899214\n|move|p1a: Flutter Mane|Shadow Ball|p2b: Flutter Mane\n|-supereffective|p2b: Flutter Mane\n|-damage|p2b: Flutter Mane|0 fnt\n|faint|p2b: Flutter Mane\n|-end|p2b: Flutter Mane|Protosynthesis|[silent]\n|move|p1b: Gyarados|Thunder Wave|p2a: Dragonite\n|-status|p2a: Dragonite|par\n|-enditem|p2a: Dragonite|Lum Berry|[eat]\n|-curestatus|p2a: Dragonite|par|[msg]\n|move|p2a: Dragonite|Iron Head|p1a: Flutter Mane\n|-supereffective|p1a: Flutter Mane\n|-damage|p1a: Flutter Mane|0 fnt\n|faint|p1a: Flutter Mane\n|-end|p1a: Flutter Mane|Protosynthesis|[silent]\n|\n|upkeep\n|\n|t:|1682899229\n|switch|p2b: Bronzong|Bronzong, L50|100\/100\n|switch|p1a: Chien-Pao|Chien-Pao, L50|100\/100\n|-ability|p1a: Chien-Pao|Sword of Ruin\n|turn|4\n|inactive|They34 has 30 seconds left.\n|inactive|They34 has 20 seconds left.\n|inactive|They34 has 15 seconds left.\n|inactive|They34 has 10 seconds left.\n|\n|t:|1682899275\n|move|p1a: Chien-Pao|Protect|p1a: Chien-Pao\n|-singleturn|p1a: Chien-Pao|Protect\n|move|p2a: Dragonite|Extreme Speed|p1b: Gyarados\n|-damage|p1b: Gyarados|7\/100\n|move|p1b: Gyarados|Waterfall|p2a: Dragonite\n|-resisted|p2a: Dragonite\n|-damage|p2a: Dragonite|86\/100\n|move|p2b: Bronzong|Gyro Ball|p1a: Chien-Pao\n|-activate|p1a: Chien-Pao|move: Protect\n|\n|upkeep\n|turn|5\n|inactive|Novacast has 30 seconds left.\n|inactive|Novacast has 20 seconds left.\n|\n|t:|1682899313\n|-terastallize|p1a: Chien-Pao|Ghost\n|move|p1b: Gyarados|Protect|p1b: Gyarados\n|-singleturn|p1b: Gyarados|Protect\n|move|p2a: Dragonite|Extreme Speed|p1b: Gyarados\n|-activate|p1b: Gyarados|move: Protect\n|move|p1a: Chien-Pao|Ice Spinner|p2a: Dragonite\n|-supereffective|p2a: Dragonite\n|-damage|p2a: Dragonite|0 fnt\n|faint|p2a: Dragonite\n|move|p2b: Bronzong|Trick Room|p2b: Bronzong\n|-fieldstart|move: Trick Room|[of] p2b: Bronzong\n|\n|upkeep\n|\n|t:|1682899326\n|switch|p2a: Ting-Lu|Ting-Lu, L50|100\/100\n|-ability|p2a: Ting-Lu|Vessel of Ruin\n|turn|6\n|\n|t:|1682899345\n|-terastallize|p2b: Bronzong|Water\n|move|p2b: Bronzong|Gyro Ball|p1b: Gyarados\n|-resisted|p1b: Gyarados\n|-damage|p1b: Gyarados|0 fnt\n|faint|p1b: Gyarados\n|move|p2a: Ting-Lu|Earthquake|p1a: Chien-Pao|[spread] p1a\n|-immune|p2b: Bronzong|[from] ability: Levitate\n|-damage|p1a: Chien-Pao|24\/100\n|move|p1a: Chien-Pao|Ice Spinner|p2a: Ting-Lu\n|-supereffective|p2a: Ting-Lu\n|-damage|p2a: Ting-Lu|30\/100\n|\n|upkeep\n|turn|7\n|\n|t:|1682899360\n|move|p1a: Chien-Pao|Sucker Punch|p2b: Bronzong\n|-damage|p2b: Bronzong|61\/100\n|move|p2b: Bronzong|Gyro Ball|p1a: Chien-Pao\n|-damage|p1a: Chien-Pao|0 fnt\n|faint|p1a: Chien-Pao\n|\n|win|They34\n|raw|Novacast's rating: 1535 → 1512<\/strong> (-23 for losing)\n|raw|They34's rating: 1474 → 1497<\/strong> (+23 for winning)\n|l|\u2606Novacast\n|c|\u2606They34|Gg\n|l|\u2606They34\n|j|\u2606They34\n|player|p2|They34|ruinmaniac\n","uploadtime":1682899535,"views":6,"p1id":"novacast","p2id":"they34","formatid":"gen9vgc2023regulationc","rating":1497,"private":0,"password":""}