{"id":"gen9vgc2023regulationc-1850083079","p1":"Kirovz","p2":"Capitan smoker","format":"[Gen 9] VGC 2023 Regulation C","log":"|j|\u2606Kirovz\n|j|\u2606Capitan smoker\n|t:|1682285317\n|gametype|doubles\n|player|p1|Kirovz|lance|1235\n|player|p2|Capitan smoker|169|1338\n|teamsize|p1|6\n|teamsize|p2|6\n|gen|9\n|tier|[Gen 9] VGC 2023 Regulation C\n|rated|\n|rule|Species Clause: Limit one of each Pok\u00e9mon\n|rule|Item Clause: Limit one of each item\n|clearpoke\n|poke|p1|Dondozo, L50, M|\n|poke|p1|Tatsugiri-Stretchy, L50, M|\n|poke|p1|Chi-Yu, L50|\n|poke|p1|Flutter Mane, L50|\n|poke|p1|Dragonite, L50, F|\n|poke|p1|Glimmora, L50, M|\n|poke|p2|Braviary, L50, M|\n|poke|p2|Dragonite, L50, M|\n|poke|p2|Flutter Mane, L50|\n|poke|p2|Torkoal, L50, F|\n|poke|p2|Lilligant, L50, F|\n|poke|p2|Great Tusk, L50|\n|teampreview|4\n|\n|t:|1682285332\n|start\n|switch|p1a: Glimmora|Glimmora, L50, M|100\/100\n|switch|p1b: Dondozo|Dondozo, L50, M|100\/100\n|switch|p2a: Braviary|Braviary, L50, M|100\/100\n|switch|p2b: Dragonite|Dragonite, L50, M, shiny|100\/100\n|turn|1\n|\n|t:|1682285344\n|move|p1a: Glimmora|Power Gem|p2a: Braviary\n|-supereffective|p2a: Braviary\n|-damage|p2a: Braviary|0 fnt\n|faint|p2a: Braviary\n|move|p2b: Dragonite|Earthquake|p1a: Glimmora|[spread] p1a,p1b\n|-supereffective|p1a: Glimmora\n|-enditem|p1a: Glimmora|Focus Sash\n|-damage|p1a: Glimmora|1\/100\n|-damage|p1b: Dondozo|74\/100\n|-activate|p1a: Glimmora|ability: Toxic Debris\n|-sidestart|p2: Capitan smoker|move: Toxic Spikes\n|move|p1b: Dondozo|Yawn|p2b: Dragonite\n|-start|p2b: Dragonite|move: Yawn|[of] p1b: Dondozo\n|\n|upkeep\n|\n|t:|1682285351\n|switch|p2a: Lilligant|Lilligant, L50, F|100\/100\n|-status|p2a: Lilligant|psn\n|turn|2\n|\n|t:|1682285360\n|move|p2a: Lilligant|Protect|p2a: Lilligant\n|-singleturn|p2a: Lilligant|Protect\n|move|p1a: Glimmora|Spiky Shield|p1a: Glimmora\n|-singleturn|p1a: Glimmora|move: Protect\n|move|p1b: Dondozo|Protect|p1b: Dondozo\n|-singleturn|p1b: Dondozo|Protect\n|move|p2b: Dragonite|Earthquake|p1b: Dondozo|[spread] \n|-activate|p2a: Lilligant|move: Protect\n|-activate|p1a: Glimmora|move: Protect\n|-activate|p1b: Dondozo|move: Protect\n|\n|-damage|p2a: Lilligant|88\/100 psn|[from] psn\n|-end|p2b: Dragonite|move: Yawn|[silent]\n|-status|p2b: Dragonite|slp\n|upkeep\n|turn|3\n|\n|t:|1682285376\n|move|p2a: Lilligant|Giga Drain|p1b: Dondozo\n|-supereffective|p1b: Dondozo\n|-damage|p1b: Dondozo|29\/100\n|-heal|p2a: Lilligant|100\/100 psn|[from] drain|[of] p1b: Dondozo\n|-enditem|p1b: Dondozo|Sitrus Berry|[eat]\n|-heal|p1b: Dondozo|54\/100|[from] item: Sitrus Berry\n|move|p1a: Glimmora|Power Gem|p2b: Dragonite\n|-supereffective|p2b: Dragonite\n|-damage|p2b: Dragonite|56\/100 slp\n|cant|p2b: Dragonite|slp\n|move|p1b: Dondozo|Wave Crash|p2b: Dragonite\n|-resisted|p2b: Dragonite\n|-damage|p2b: Dragonite|30\/100 slp\n|-damage|p1b: Dondozo|49\/100|[from] Recoil\n|\n|-damage|p2a: Lilligant|88\/100 psn|[from] psn\n|upkeep\n|turn|4\n|\n|t:|1682285393\n|move|p1a: Glimmora|Spiky Shield|p1a: Glimmora\n|-singleturn|p1a: Glimmora|move: Protect\n|move|p2a: Lilligant|Giga Drain|p1b: Dondozo\n|-supereffective|p1b: Dondozo\n|-damage|p1b: Dondozo|2\/100\n|-heal|p2a: Lilligant|100\/100 psn|[from] drain|[of] p1b: Dondozo\n|cant|p2b: Dragonite|slp\n|move|p1b: Dondozo|Wave Crash|p2b: Dragonite\n|-resisted|p2b: Dragonite\n|-damage|p2b: Dragonite|5\/100 slp\n|-damage|p1b: Dondozo|0 fnt|[from] Recoil\n|faint|p1b: Dondozo\n|\n|-damage|p2a: Lilligant|88\/100 psn|[from] psn\n|upkeep\n|\n|t:|1682285403\n|switch|p1b: Flutter Mane|Flutter Mane, L50|100\/100\n|-enditem|p1b: Flutter Mane|Booster Energy\n|-activate|p1b: Flutter Mane|ability: Protosynthesis|[fromitem]\n|-start|p1b: Flutter Mane|protosynthesisspe\n|turn|5\n|\n|t:|1682285410\n|-terastallize|p1b: Flutter Mane|Steel\n|move|p1b: Flutter Mane|Substitute|p1b: Flutter Mane\n|-start|p1b: Flutter Mane|Substitute\n|-damage|p1b: Flutter Mane|76\/100\n|move|p2a: Lilligant|Sleep Powder|p1b: Flutter Mane|[miss]\n|-miss|p2a: Lilligant|p1b: Flutter Mane\n|move|p1a: Glimmora|Power Gem|p2b: Dragonite\n|-supereffective|p2b: Dragonite\n|-damage|p2b: Dragonite|0 fnt\n|faint|p2b: Dragonite\n|\n|-damage|p2a: Lilligant|76\/100 psn|[from] psn\n|upkeep\n|\n|t:|1682285414\n|switch|p2b: Torkoal|Torkoal, L50, F|100\/100\n|-status|p2b: Torkoal|psn\n|-weather|SunnyDay|[from] ability: Drought|[of] p2b: Torkoal\n|turn|6\n|\n|t:|1682285429\n|-terastallize|p2b: Torkoal|Fire\n|move|p1a: Glimmora|Spiky Shield|p1a: Glimmora\n|-singleturn|p1a: Glimmora|move: Protect\n|move|p2a: Lilligant|After You|p2b: Torkoal\n|-activate|p2b: Torkoal|move: After You\n|move|p2b: Torkoal|Eruption|p1a: Glimmora|[spread] p1b\n|-activate|p1a: Glimmora|move: Protect\n|-supereffective|p1b: Flutter Mane\n|-end|p1b: Flutter Mane|Substitute\n|move|p1b: Flutter Mane|Hex|p2b: Torkoal\n|-damage|p2b: Torkoal|5\/100 psn\n|\n|-weather|SunnyDay|[upkeep]\n|-damage|p2a: Lilligant|64\/100 psn|[from] psn\n|-damage|p2b: Torkoal|0 fnt|[from] psn\n|faint|p2b: Torkoal\n|upkeep\n|turn|7\n|-message|Capitan smoker forfeited.\n|\n|win|Kirovz\n|raw|Kirovz's rating: 1235 → 1267<\/strong> (+32 for winning)\n|raw|Capitan smoker's rating: 1338 → 1312<\/strong> (-26 for losing)\n|l|\u2606Capitan smoker\n","uploadtime":1682285444,"views":9,"p1id":"kirovz","p2id":"capitansmoker","formatid":"gen9vgc2023regulationc","rating":1267,"private":0,"password":""}