{"id":"gen9vgc2023regulationc-1856027419","p1":"HelpVGC","p2":"Sufiyathegreat","format":"[Gen 9] VGC 2023 Regulation C","log":"|j|\u2606HelpVGC\n|j|\u2606Sufiyathegreat\n|t:|1683019584\n|gametype|doubles\n|player|p1|HelpVGC|265|1132\n|player|p2|Sufiyathegreat|sabrina|1077\n|teamsize|p1|6\n|teamsize|p2|6\n|gen|9\n|tier|[Gen 9] VGC 2023 Regulation C\n|rated|\n|rule|Species Clause: Limit one of each Pok\u00e9mon\n|rule|Item Clause: Limit one of each item\n|clearpoke\n|poke|p1|Iron Hands, L50|\n|poke|p1|Chien-Pao, L50|\n|poke|p1|Sandy Shocks, L50|\n|poke|p1|Espathra, L50, F|\n|poke|p1|Dragonite, L50, M|\n|poke|p1|Chi-Yu, L50|\n|poke|p2|Arboliva, L50, M|\n|poke|p2|Annihilape, L50, F|\n|poke|p2|Kingambit, L50, F|\n|poke|p2|Iron Bundle, L50|\n|poke|p2|Flutter Mane, L50|\n|poke|p2|Murkrow, L50, F|\n|teampreview|4\n|inactive|Battle timer is ON: inactive players will automatically lose when time's up. (requested by Sufiyathegreat)\nSufiyathegreat rejected open team sheets.\n|\n|t:|1683019620\n|start\n|switch|p1a: Sandy Shocks|Sandy Shocks, L50|100\/100\n|switch|p1b: Espathra|Espathra, L50, F|100\/100\n|switch|p2a: chicken 6|Murkrow, L50, F|100\/100\n|switch|p2b: chicken 2|Annihilape, L50, F|100\/100\n|turn|1\n|\n|t:|1683019639\n|-terastallize|p2b: chicken 2|Water\n|move|p2a: chicken 6|Taunt|p1a: Sandy Shocks\n|-start|p1a: Sandy Shocks|move: Taunt\n|move|p1a: Sandy Shocks|Earth Power|p2b: chicken 2\n|-damage|p2b: chicken 2|61\/100\n|move|p1b: Espathra|Lumina Crash|p2b: chicken 2\n|-damage|p2b: chicken 2|21\/100\n|-unboost|p2b: chicken 2|spd|2\n|-ability|p2b: chicken 2|Defiant|boost\n|-boost|p2b: chicken 2|atk|2\n|-enditem|p2b: chicken 2|Salac Berry|[eat]\n|-boost|p2b: chicken 2|spe|1|[from] item: Salac Berry\n|move|p2b: chicken 2|Bulk Up|p2b: chicken 2\n|-boost|p2b: chicken 2|atk|1\n|-boost|p2b: chicken 2|def|1\n|\n|-ability|p1b: Espathra|Speed Boost|boost\n|-boost|p1b: Espathra|spe|1\n|upkeep\n|turn|2\n|inactive|Sufiyathegreat has 30 seconds left.\n|\n|t:|1683019666\n|move|p1b: Espathra|Protect|p1b: Espathra\n|-singleturn|p1b: Espathra|Protect\n|move|p2a: chicken 6|Tailwind|p2a: chicken 6\n|-sidestart|p2: Sufiyathegreat|move: Tailwind\n|move|p2b: chicken 2|Rage Fist|p1b: Espathra\n|-activate|p1b: Espathra|move: Protect\n|move|p1a: Sandy Shocks|Earth Power|p2b: chicken 2\n|-damage|p2b: chicken 2|0 fnt\n|faint|p2b: chicken 2\n|\n|-ability|p1b: Espathra|Speed Boost|boost\n|-boost|p1b: Espathra|spe|1\n|upkeep\n|\n|t:|1683019683\n|switch|p2b: chicken 4|Iron Bundle, L50|100\/100\n|turn|3\n|\n|t:|1683019708\n|-end|p1a: Sandy Shocks|Protosynthesis|[silent]\n|switch|p1a: Chi-Yu|Chi-Yu, L50|100\/100\n|-ability|p1a: Chi-Yu|Beads of Ruin\n|move|p2a: chicken 6|Thunder Wave|p1b: Espathra\n|-status|p1b: Espathra|par\n|move|p2b: chicken 4|Ice Beam|p1a: Chi-Yu\n|-resisted|p1a: Chi-Yu\n|-damage|p1a: Chi-Yu|73\/100\n|-damage|p2b: chicken 4|91\/100|[from] item: Life Orb\n|move|p1b: Espathra|Dazzling Gleam|p2a: chicken 6|[spread] p2a,p2b\n|-supereffective|p2a: chicken 6\n|-damage|p2a: chicken 6|47\/100\n|-damage|p2b: chicken 4|39\/100\n|\n|-ability|p1b: Espathra|Speed Boost|boost\n|-boost|p1b: Espathra|spe|1\n|upkeep\n|turn|4\n|\n|t:|1683019730\n|move|p1a: Chi-Yu|Protect|p1a: Chi-Yu\n|-singleturn|p1a: Chi-Yu|Protect\n|move|p2a: chicken 6|Haze|p2a: chicken 6\n|-clearallboost\n|move|p2b: chicken 4|Hydro Pump|p1a: Chi-Yu\n|-activate|p1a: Chi-Yu|move: Protect\n|move|p1b: Espathra|Dazzling Gleam|p2b: chicken 4|[spread] p2a,p2b\n|-supereffective|p2a: chicken 6\n|-damage|p2a: chicken 6|0 fnt\n|-damage|p2b: chicken 4|0 fnt\n|faint|p2a: chicken 6\n|faint|p2b: chicken 4\n|-end|p2b: chicken 4|Quark Drive|[silent]\n|\n|-ability|p1b: Espathra|Speed Boost|boost\n|-boost|p1b: Espathra|spe|1\n|upkeep\n|\n|t:|1683019747\n|switch|p2b: chicken 5|Flutter Mane, L50|100\/100\n|turn|5\n|\n|t:|1683019770\n|move|p1b: Espathra|Protect|p1b: Espathra\n|-singleturn|p1b: Espathra|Protect\n|move|p2b: chicken 5|Dazzling Gleam|p1b: Espathra|[spread] p1a\n|-activate|p1b: Espathra|move: Protect\n|-damage|p1a: Chi-Yu|41\/100\n|move|p1a: Chi-Yu|Dark Pulse|p2b: chicken 5\n|-damage|p2b: chicken 5|47\/100\n|\n|-sideend|p2: Sufiyathegreat|move: Tailwind\n|-ability|p1b: Espathra|Speed Boost|boost\n|-boost|p1b: Espathra|spe|1\n|upkeep\n|turn|6\n|\n|t:|1683019785\n|move|p1a: Chi-Yu|Protect|p1a: Chi-Yu\n|-singleturn|p1a: Chi-Yu|Protect\n|move|p2b: chicken 5|Dazzling Gleam|p1b: Espathra|[spread] p1b\n|-activate|p1a: Chi-Yu|move: Protect\n|-damage|p1b: Espathra|36\/100 par\n|move|p1b: Espathra|Lumina Crash|p2b: chicken 5\n|-damage|p2b: chicken 5|0 fnt\n|faint|p2b: chicken 5\n|-end|p2b: chicken 5|Protosynthesis|[silent]\n|\n|win|HelpVGC\n|raw|HelpVGC's rating: 1132 → 1153<\/strong> (+21 for winning)\n|raw|Sufiyathegreat's rating: 1077 → 1059<\/strong> (-18 for losing)\n|l|\u2606Sufiyathegreat\n","uploadtime":1683019903,"views":13,"p1id":"helpvgc","p2id":"sufiyathegreat","formatid":"gen9vgc2023regulationc","rating":1059,"private":0,"password":""}