{"id":"gen9vgc2023regulationc-1863387535","p1":"yeffers","p2":"revocolombia","format":"[Gen 9] VGC 2023 Regulation C","log":"|j|\u2606yeffers\n|j|\u2606revocolombia\n|t:|1684010515\n|gametype|doubles\n|player|p1|yeffers|wattson|1405\n|player|p2|revocolombia|pokemonranger-gen4|1419\n|teamsize|p1|6\n|teamsize|p2|6\n|gen|9\n|tier|[Gen 9] VGC 2023 Regulation C\n|rated|\n|rule|Species Clause: Limit one of each Pok\u00e9mon\n|rule|Item Clause: Limit one of each item\n|clearpoke\n|poke|p1|Ting-Lu, L50|\n|poke|p1|Amoonguss, L50, F|\n|poke|p1|Bronzong, L50|\n|poke|p1|Flutter Mane, L50|\n|poke|p1|Baxcalibur, L50, M|\n|poke|p1|Arcanine, L50, F|\n|poke|p2|Flutter Mane, L50|\n|poke|p2|Annihilape, L50, F|\n|poke|p2|Dragonite, L50, F|\n|poke|p2|Chien-Pao, L50|\n|poke|p2|Murkrow, L50, F|\n|poke|p2|Gholdengo, L50|\n|teampreview|4\nyeffers has agreed to open team sheets.\n|\n|t:|1684010560\n|start\n|switch|p1a: Baxcalibur|Baxcalibur, L50, M|100\/100\n|switch|p1b: Ting-Lu|Ting-Lu, L50|100\/100\n|switch|p2a: Annihilape|Annihilape, L50, F, shiny|100\/100\n|switch|p2b: Murkrow|Murkrow, L50, F|100\/100\n|-ability|p1b: Ting-Lu|Vessel of Ruin\n|turn|1\n|\n|t:|1684010590\n|move|p2a: Annihilape|Bulk Up|p2a: Annihilape\n|-boost|p2a: Annihilape|atk|1\n|-boost|p2a: Annihilape|def|1\n|move|p2b: Murkrow|Foul Play|p1a: Baxcalibur\n|-damage|p1a: Baxcalibur|46\/100\n|move|p1a: Baxcalibur|Icicle Crash|p2b: Murkrow\n|-supereffective|p2b: Murkrow\n|-damage|p2b: Murkrow|0 fnt\n|faint|p2b: Murkrow\n|-damage|p1a: Baxcalibur|36\/100|[from] item: Life Orb\n|move|p1b: Ting-Lu|Ruination|p2a: Annihilape\n|-damage|p2a: Annihilape|50\/100\n|\n|-heal|p2a: Annihilape|57\/100|[from] item: Leftovers\n|upkeep\n|\n|t:|1684010609\n|switch|p2b: Chien-Pao|Chien-Pao, L50|100\/100\n|-ability|p2b: Chien-Pao|Sword of Ruin\n|turn|2\n|\n|t:|1684010652\n|switch|p1a: Arcanine|Arcanine, L50, F|100\/100\n|-ability|p1a: Arcanine|Intimidate|boost\n|-unboost|p2a: Annihilape|atk|1\n|-ability|p2a: Annihilape|Defiant|boost\n|-boost|p2a: Annihilape|atk|2\n|-unboost|p2b: Chien-Pao|atk|1\n|switch|p1b: Flutter Mane|Flutter Mane, L50|100\/100\n|move|p2b: Chien-Pao|Ice Spinner|p1a: Arcanine\n|-resisted|p1a: Arcanine\n|-damage|p1a: Arcanine|77\/100\n|move|p2a: Annihilape|Drain Punch|p1b: Flutter Mane\n|-immune|p1b: Flutter Mane\n|\n|-heal|p2a: Annihilape|63\/100|[from] item: Leftovers\n|upkeep\n|turn|3\n|\n|t:|1684010685\n|switch|p2b: Dragonite|Dragonite, L50, F|100\/100\n|-terastallize|p2a: Annihilape|Fire\n|move|p1b: Flutter Mane|Shadow Ball|p2a: Annihilape\n|-damage|p2a: Annihilape|8\/100\n|-unboost|p2a: Annihilape|spd|1\n|-ability|p2a: Annihilape|Defiant|boost\n|-boost|p2a: Annihilape|atk|2\n|move|p1a: Arcanine|Flare Blitz|p2b: Dragonite\n|-resisted|p2b: Dragonite\n|-damage|p2b: Dragonite|86\/100\n|-damage|p1a: Arcanine|72\/100|[from] Recoil\n|move|p2a: Annihilape|Rage Fist|p1b: Flutter Mane\n|-supereffective|p1b: Flutter Mane\n|-damage|p1b: Flutter Mane|0 fnt\n|faint|p1b: Flutter Mane\n|-end|p1b: Flutter Mane|Protosynthesis|[silent]\n|\n|-heal|p2a: Annihilape|14\/100|[from] item: Leftovers\n|upkeep\n|\n|t:|1684010710\n|switch|p1b: Baxcalibur|Baxcalibur, L50, M|36\/100\n|turn|4\n|\n|t:|1684010731\n|move|p2a: Annihilape|Protect|p2a: Annihilape\n|-singleturn|p2a: Annihilape|Protect\n|move|p1a: Arcanine|Extreme Speed|p2a: Annihilape\n|-activate|p2a: Annihilape|move: Protect\n|move|p2b: Dragonite|Extreme Speed|p1a: Arcanine\n|-damage|p1a: Arcanine|31\/100\n|move|p1b: Baxcalibur|Ice Shard|p2b: Dragonite\n|-supereffective|p2b: Dragonite\n|-damage|p2b: Dragonite|0 fnt\n|faint|p2b: Dragonite\n|-damage|p1b: Baxcalibur|27\/100|[from] item: Life Orb\n|\n|-heal|p2a: Annihilape|20\/100|[from] item: Leftovers\n|upkeep\n|\n|t:|1684010749\n|switch|p2b: Chien-Pao|Chien-Pao, L50|100\/100\n|-ability|p2b: Chien-Pao|Sword of Ruin\n|turn|5\n|\n|t:|1684010768\n|move|p1a: Arcanine|Extreme Speed|p2a: Annihilape\n|-crit|p2a: Annihilape\n|-damage|p2a: Annihilape|0 fnt\n|faint|p2a: Annihilape\n|move|p1b: Baxcalibur|Ice Shard|p2b: Chien-Pao\n|-resisted|p2b: Chien-Pao\n|-damage|p2b: Chien-Pao|79\/100\n|-damage|p1b: Baxcalibur|17\/100|[from] item: Life Orb\n|move|p2b: Chien-Pao|Sacred Sword|p1a: Arcanine\n|-damage|p1a: Arcanine|0 fnt\n|faint|p1a: Arcanine\n|\n|upkeep\n|\n|t:|1684010779\n|switch|p1a: Ting-Lu|Ting-Lu, L50|100\/100\n|-ability|p1a: Ting-Lu|Vessel of Ruin\n|turn|6\n|\n|t:|1684010789\n|-terastallize|p1a: Ting-Lu|Water\n|move|p2b: Chien-Pao|Ice Spinner|p1a: Ting-Lu\n|-resisted|p1a: Ting-Lu\n|-damage|p1a: Ting-Lu|84\/100\n|move|p1b: Baxcalibur|Glaive Rush|p2b: Chien-Pao\n|-damage|p2b: Chien-Pao|0 fnt\n|-singlemove|p1b: Baxcalibur|Glaive Rush|[silent]\n|faint|p2b: Chien-Pao\n|-damage|p1b: Baxcalibur|7\/100|[from] item: Life Orb\n|\n|win|yeffers\n|raw|yeffers's rating: 1405 → 1426<\/strong> (+21 for winning)\n|raw|revocolombia's rating: 1419 → 1398<\/strong> (-21 for losing)\n|l|\u2606yeffers\n","uploadtime":1684010801,"views":10,"p1id":"yeffers","p2id":"revocolombia","formatid":"gen9vgc2023regulationc","rating":1398,"private":0,"password":""}