{"id":"gen9vgc2023regulationc-1846075484","p1":"Bailey3253","p2":"lazarett","format":"[Gen 9] VGC 2023 Regulation C","log":"|j|\u2606Bailey3253\n|j|\u2606lazarett\n|t:|1681802159\n|gametype|doubles\n|player|p1|Bailey3253|pokemaniac|1275\n|player|p2|lazarett|dawn|1318\n|teamsize|p1|6\n|teamsize|p2|6\n|gen|9\n|tier|[Gen 9] VGC 2023 Regulation C\n|rated|\n|rule|Species Clause: Limit one of each Pok\u00e9mon\n|rule|Item Clause: Limit one of each item\n|clearpoke\n|poke|p1|Dragapult, L50, F|\n|poke|p1|Flutter Mane, L50|\n|poke|p1|Scizor, L50, M|\n|poke|p1|Chien-Pao, L50|\n|poke|p1|Amoonguss, L50, F|\n|poke|p1|Ting-Lu, L50|\n|poke|p2|Chien-Pao, L50|\n|poke|p2|Gholdengo, L50|\n|poke|p2|Dragonite, L50, F|\n|poke|p2|Arcanine, L50, M|\n|poke|p2|Palafin, L50, M|\n|poke|p2|Amoonguss, L50, F|\n|teampreview|4\n|inactive|Battle timer is ON: inactive players will automatically lose when time's up. (requested by Bailey3253)\n|\n|t:|1681802230\n|start\n|switch|p1a: Dragapult|Dragapult, L50, F, shiny|100\/100\n|switch|p1b: Flutter Mane|Flutter Mane, L50|100\/100\n|switch|p2a: Chien-Pao|Chien-Pao, L50|100\/100\n|switch|p2b: Palafin|Palafin, L50, M|100\/100\n|-ability|p2a: Chien-Pao|Sword of Ruin\n|-enditem|p1b: Flutter Mane|Booster Energy\n|-activate|p1b: Flutter Mane|ability: Protosynthesis|[fromitem]\n|-start|p1b: Flutter Mane|protosynthesisspa\n|turn|1\n|inactive|Bailey3253 has 30 seconds left.\n|\n|t:|1681802262\n|switch|p2a: Arcanine|Arcanine, L50, M|100\/100\n|-ability|p2a: Arcanine|Intimidate|boost\n|-fail|p1a: Dragapult|unboost|[from] ability: Clear Body|[of] p1a: Dragapult\n|-unboost|p1b: Flutter Mane|atk|1\n|detailschange|p2b: Palafin|Palafin-Hero, L50, M\n|switch|p2b: Amoonguss|Amoonguss, L50, F|100\/100\n|-terastallize|p1a: Dragapult|Steel\n|move|p1a: Dragapult|Dragon Darts|p2a: Arcanine\n|-damage|p2a: Arcanine|67\/100\n|-anim|p1a: Dragapult|Dragon Darts|p2b: Amoonguss\n|-damage|p2b: Amoonguss|75\/100\n|-damage|p1a: Dragapult|91\/100|[from] item: Life Orb\n|move|p1b: Flutter Mane|Dazzling Gleam|p2b: Amoonguss|[spread] p2a,p2b\n|-resisted|p2a: Arcanine\n|-resisted|p2b: Amoonguss\n|-damage|p2a: Arcanine|50\/100\n|-damage|p2b: Amoonguss|57\/100\n|-enditem|p2a: Arcanine|Sitrus Berry|[eat]\n|-heal|p2a: Arcanine|75\/100|[from] item: Sitrus Berry\n|\n|upkeep\n|turn|2\n|inactive|Bailey3253 has 30 seconds left.\n|inactive|lazarett has 30 seconds left.\n|inactive|Bailey3253 has 20 seconds left.\n|inactive|lazarett has 20 seconds left.\n|inactive|Bailey3253 has 15 seconds left.\n|inactive|lazarett has 15 seconds left.\n|inactive|Bailey3253 has 10 seconds left.\n|inactive|lazarett has 10 seconds left.\n|\n|t:|1681802311\n|-end|p1b: Flutter Mane|Protosynthesis|[silent]\n|switch|p1b: Amoonguss|Amoonguss, L50, F, shiny|100\/100\n|move|p1a: Dragapult|Protect|p1a: Dragapult\n|-singleturn|p1a: Dragapult|Protect\n|move|p2a: Arcanine|Will-O-Wisp|p1a: Dragapult\n|-activate|p1a: Dragapult|move: Protect\n|move|p2b: Amoonguss|Pollen Puff|p2a: Arcanine\n|-heal|p2a: Arcanine|100\/100\n|\n|upkeep\n|turn|3\n|\n|t:|1681802334\n|move|p2a: Arcanine|Protect|p2a: Arcanine\n|-singleturn|p2a: Arcanine|Protect\n|move|p1b: Amoonguss|Rage Powder|p1b: Amoonguss\n|-singleturn|p1b: Amoonguss|move: Rage Powder\n|move|p1a: Dragapult|Psychic Fangs|p2b: Amoonguss\n|-supereffective|p2b: Amoonguss\n|-damage|p2b: Amoonguss|0 fnt\n|-damage|p1a: Dragapult|74\/100|[from] item: Rocky Helmet|[of] p2b: Amoonguss\n|faint|p2b: Amoonguss\n|-damage|p1a: Dragapult|65\/100|[from] item: Life Orb\n|\n|upkeep\n|\n|t:|1681802348\n|switch|p2b: Chien-Pao|Chien-Pao, L50|100\/100\n|-ability|p2b: Chien-Pao|Sword of Ruin\n|turn|4\n|inactive|Bailey3253 has 30 seconds left.\n|\n|t:|1681802379\n|move|p1a: Dragapult|Phantom Force||[still]\n|-prepare|p1a: Dragapult|Phantom Force\n|move|p2b: Chien-Pao|Ice Spinner|p1b: Amoonguss\n|-supereffective|p1b: Amoonguss\n|-damage|p1b: Amoonguss|15\/100\n|-damage|p2b: Chien-Pao|84\/100|[from] item: Rocky Helmet|[of] p1b: Amoonguss\n|move|p2a: Arcanine|Flare Blitz|p1a: Dragapult|[miss]\n|-miss|p2a: Arcanine|p1a: Dragapult\n|move|p1b: Amoonguss|Spore|p2b: Chien-Pao\n|-status|p2b: Chien-Pao|slp|[from] move: Spore\n|\n|upkeep\n|turn|5\n|\n|t:|1681802403\n|-terastallize|p2a: Arcanine|Grass\n|move|p1a: Dragapult|Phantom Force|p2a: Arcanine|[from]lockedmove\n|-damage|p2a: Arcanine|17\/100\n|-damage|p1a: Dragapult|56\/100|[from] item: Life Orb\n|cant|p2b: Chien-Pao|slp\n|move|p2a: Arcanine|Will-O-Wisp|p1a: Dragapult\n|-status|p1a: Dragapult|brn\n|move|p1b: Amoonguss|Pollen Puff|p2b: Chien-Pao\n|-supereffective|p2b: Chien-Pao\n|-damage|p2b: Chien-Pao|26\/100 slp\n|\n|-damage|p1a: Dragapult|50\/100 brn|[from] brn\n|upkeep\n|turn|6\n|\n|t:|1681802431\n|cant|p2b: Chien-Pao|slp\n|move|p1a: Dragapult|Dragon Darts|p2a: Arcanine\n|-damage|p2a: Arcanine|0 fnt\n|-anim|p1a: Dragapult|Dragon Darts|p2b: Chien-Pao\n|-damage|p2b: Chien-Pao|4\/100 slp\n|faint|p2a: Arcanine\n|-damage|p1a: Dragapult|40\/100 brn|[from] item: Life Orb\n|move|p1b: Amoonguss|Pollen Puff|p2b: Chien-Pao\n|-supereffective|p2b: Chien-Pao\n|-damage|p2b: Chien-Pao|0 fnt\n|faint|p2b: Chien-Pao\n|\n|-damage|p1a: Dragapult|34\/100 brn|[from] brn\n|upkeep\n|\n|t:|1681802444\n|switch|p2b: Palafin|Palafin-Hero, L50, M|100\/100\n|-activate|p2b: Palafin|ability: Zero to Hero\n|turn|7\n|\n|t:|1681802454\n|move|p1a: Dragapult|Phantom Force||[still]\n|-prepare|p1a: Dragapult|Phantom Force\n|move|p2b: Palafin|Taunt|p1b: Amoonguss\n|-start|p1b: Amoonguss|move: Taunt\n|cant|p1b: Amoonguss|move: Taunt|Spore\n|\n|-damage|p1a: Dragapult|28\/100 brn|[from] brn\n|upkeep\n|turn|8\n|\n|t:|1681802471\n|move|p2b: Palafin|Jet Punch|p1b: Amoonguss\n|-resisted|p1b: Amoonguss\n|-crit|p1b: Amoonguss\n|-damage|p1b: Amoonguss|0 fnt\n|-damage|p2b: Palafin|84\/100|[from] item: Rocky Helmet|[of] p1b: Amoonguss\n|faint|p1b: Amoonguss\n|move|p1a: Dragapult|Phantom Force|p2b: Palafin|[from]lockedmove\n|-damage|p2b: Palafin|56\/100\n|-damage|p1a: Dragapult|19\/100 brn|[from] item: Life Orb\n|\n|-damage|p1a: Dragapult|13\/100 brn|[from] brn\n|upkeep\n|\n|t:|1681802488\n|switch|p1b: Scizor|Scizor, L50, M|100\/100\n|turn|9\n|\n|t:|1681802500\n|move|p2b: Palafin|Protect|p2b: Palafin\n|-singleturn|p2b: Palafin|Protect\n|move|p1b: Scizor|Feint|p2b: Palafin\n|-activate|p2b: Palafin|move: Feint\n|-damage|p2b: Palafin|34\/100\n|move|p1a: Dragapult|Dragon Darts|p2b: Palafin\n|-damage|p2b: Palafin|20\/100\n|-anim|p1a: Dragapult|Dragon Darts|p2b: Palafin\n|-damage|p2b: Palafin|6\/100\n|-damage|p1a: Dragapult|3\/100 brn|[from] item: Life Orb\n|\n|-damage|p1a: Dragapult|0 fnt|[from] brn\n|faint|p1a: Dragapult\n|upkeep\n|-message|lazarett forfeited.\n|\n|win|Bailey3253\n|raw|Bailey3253's rating: 1275 → 1303<\/strong> (+28 for winning)\n|raw|lazarett's rating: 1318 → 1296<\/strong> (-22 for losing)\n|l|\u2606lazarett\n","uploadtime":1681802519,"views":9,"p1id":"bailey3253","p2id":"lazarett","formatid":"gen9vgc2023regulationc","rating":1296,"private":0,"password":""}