{"id":"gen9vgc2023regulationc-1848984524","p1":"orrangeingles","p2":"Fluttermane Eyes","format":"[Gen 9] VGC 2023 Regulation C","log":"|j|\u2606orrangeingles\n|j|\u2606Fluttermane Eyes\n|t:|1682134648\n|gametype|doubles\n|player|p1|orrangeingles|benga|1112\n|player|p2|Fluttermane Eyes|boarder|1134\n|teamsize|p1|6\n|teamsize|p2|6\n|gen|9\n|tier|[Gen 9] VGC 2023 Regulation C\n|rated|\n|rule|Species Clause: Limit one of each Pok\u00e9mon\n|rule|Item Clause: Limit one of each item\n|clearpoke\n|poke|p1|Abomasnow, L50, F|\n|poke|p1|Iron Bundle, L50|\n|poke|p1|Chi-Yu, L50|\n|poke|p1|Flutter Mane, L50|\n|poke|p1|Wo-Chien, L50|\n|poke|p1|Torkoal, L50, M|\n|poke|p2|Chien-Pao, L50|\n|poke|p2|Scream Tail, L50|\n|poke|p2|Ceruledge, L50, F|\n|poke|p2|Baxcalibur, L50, F|\n|poke|p2|Amoonguss, L50, F|\n|poke|p2|Gholdengo, L50|\n|teampreview|4\n|inactive|Battle timer is ON: inactive players will automatically lose when time's up. (requested by orrangeingles)\norrangeingles rejected open team sheets.\n|inactive|Fluttermane Eyes has 60 seconds left.\n|\n|t:|1682134697\n|start\n|switch|p1a: Abomasnow|Abomasnow, L50, F|100\/100\n|switch|p1b: Iron Bundle|Iron Bundle, L50, shiny|100\/100\n|switch|p2a: Baxcalibur|Baxcalibur, L50, F|100\/100\n|switch|p2b: Gholdengo|Gholdengo, L50|100\/100\n|-weather|Snow|[from] ability: Snow Warning|[of] p1a: Abomasnow\n|-enditem|p1b: Iron Bundle|Booster Energy\n|-activate|p1b: Iron Bundle|ability: Quark Drive|[fromitem]\n|-start|p1b: Iron Bundle|quarkdrivespe\n|turn|1\n|inactive|Fluttermane Eyes has 30 seconds left.\n|inactive|Fluttermane Eyes has 20 seconds left.\n|\n|t:|1682134733\n|-terastallize|p2b: Gholdengo|Steel\n|move|p1b: Iron Bundle|Protect|p1b: Iron Bundle\n|-singleturn|p1b: Iron Bundle|Protect\n|move|p2a: Baxcalibur|Protect|p2a: Baxcalibur\n|-singleturn|p2a: Baxcalibur|Protect\n|move|p2b: Gholdengo|Make It Rain|p1a: Abomasnow|[spread] p1a\n|-activate|p1b: Iron Bundle|move: Protect\n|-supereffective|p1a: Abomasnow\n|-damage|p1a: Abomasnow|0 fnt\n|-unboost|p2b: Gholdengo|spa|1\n|faint|p1a: Abomasnow\n|\n|-weather|Snow|[upkeep]\n|upkeep\n|\n|t:|1682134742\n|switch|p1a: Chi-Yu|Chi-Yu, L50|100\/100\n|-ability|p1a: Chi-Yu|Beads of Ruin\n|turn|2\n|inactive|Fluttermane Eyes has 30 seconds left.\n|inactive|orrangeingles has 30 seconds left.\n|\n|t:|1682134778\n|switch|p2b: Ceruledge|Ceruledge, L50, F|100\/100\n|move|p1b: Iron Bundle|Chilling Water|p2b: Ceruledge\n|-supereffective|p2b: Ceruledge\n|-damage|p2b: Ceruledge|30\/100\n|-unboost|p2b: Ceruledge|atk|1\n|move|p1a: Chi-Yu|Dark Pulse|p2b: Ceruledge\n|-supereffective|p2b: Ceruledge\n|-damage|p2b: Ceruledge|0 fnt\n|faint|p2b: Ceruledge\n|-damage|p1a: Chi-Yu|90\/100|[from] item: Life Orb\n|move|p2a: Baxcalibur|Glaive Rush|p1a: Chi-Yu\n|-damage|p1a: Chi-Yu|0 fnt\n|-singlemove|p2a: Baxcalibur|Glaive Rush|[silent]\n|faint|p1a: Chi-Yu\n|\n|-weather|Snow|[upkeep]\n|upkeep\n|\n|t:|1682134795\n|switch|p1a: Flutter Mane|Flutter Mane, L50, shiny|100\/100\n|switch|p2b: Scream Tail|Scream Tail, L50|100\/100\n|-enditem|p2b: Scream Tail|Booster Energy\n|-activate|p2b: Scream Tail|ability: Protosynthesis|[fromitem]\n|-start|p2b: Scream Tail|protosynthesisspe\n|turn|3\n|\n|t:|1682134812\n|move|p2a: Baxcalibur|Protect|p2a: Baxcalibur\n|-singleturn|p2a: Baxcalibur|Protect\n|move|p1b: Iron Bundle|Chilling Water|p2b: Scream Tail\n|-damage|p2b: Scream Tail|80\/100\n|-unboost|p2b: Scream Tail|atk|1\n|move|p2b: Scream Tail|Encore|p1b: Iron Bundle\n|-start|p1b: Iron Bundle|Encore\n|move|p1a: Flutter Mane|Dazzling Gleam|p2a: Baxcalibur|[spread] p2b\n|-activate|p2a: Baxcalibur|move: Protect\n|-damage|p2b: Scream Tail|60\/100\n|\n|-weather|Snow|[upkeep]\n|upkeep\n|turn|4\n|\n|t:|1682134836\n|move|p1b: Iron Bundle|Chilling Water|p2b: Scream Tail\n|-damage|p2b: Scream Tail|41\/100\n|-unboost|p2b: Scream Tail|atk|1\n|move|p2b: Scream Tail|Disable|p1b: Iron Bundle\n|-start|p1b: Iron Bundle|Disable|Chilling Water\n|move|p1a: Flutter Mane|Dazzling Gleam|p2b: Scream Tail|[spread] p2a,p2b\n|-supereffective|p2a: Baxcalibur\n|-damage|p2a: Baxcalibur|28\/100\n|-damage|p2b: Scream Tail|20\/100\n|move|p2a: Baxcalibur|Icicle Crash|p1a: Flutter Mane\n|-enditem|p1a: Flutter Mane|Focus Sash\n|-damage|p1a: Flutter Mane|1\/100\n|\n|-weather|Snow|[upkeep]\n|upkeep\n|turn|5\n|\n|t:|1682134853\n|move|p2a: Baxcalibur|Ice Shard|p1a: Flutter Mane\n|-damage|p1a: Flutter Mane|0 fnt\n|faint|p1a: Flutter Mane\n|-end|p1a: Flutter Mane|Protosynthesis|[silent]\n|-activate|p1b: Iron Bundle|move: Struggle\n|move|p1b: Iron Bundle|Struggle|p2b: Scream Tail\n|-damage|p2b: Scream Tail|14\/100\n|-damage|p1b: Iron Bundle|75\/100|[from] recoil\n|move|p2b: Scream Tail|Howl|p2b: Scream Tail|[spread] p2a,p2b\n|-boost|p2a: Baxcalibur|atk|1\n|-boost|p2b: Scream Tail|atk|1\n|\n|-weather|none\n|upkeep\n|turn|6\n|-message|orrangeingles forfeited.\n|\n|win|Fluttermane Eyes\n|raw|orrangeingles's rating: 1112 → 1089<\/strong> (-23 for losing)\n|raw|Fluttermane Eyes's rating: 1134 → 1157<\/strong> (+23 for winning)\n|l|\u2606orrangeingles\n","uploadtime":1682134866,"views":3,"p1id":"orrangeingles","p2id":"fluttermaneeyes","formatid":"gen9vgc2023regulationc","rating":1089,"private":0,"password":""}