{"id":"gen9vgc2023regulationc-1859065117","p1":"Igetnotrout","p2":"thelittlehobo1","format":"[Gen 9] VGC 2023 Regulation C","log":"|j|\u2606Igetnotrout\n|j|\u2606thelittlehobo1\n|t:|1683400306\n|gametype|doubles\n|player|p1|Igetnotrout|fisherman|1000\n|player|p2|thelittlehobo1|102|1091\n|teamsize|p1|5\n|teamsize|p2|6\n|gen|9\n|tier|[Gen 9] VGC 2023 Regulation C\n|rated|\n|rule|Species Clause: Limit one of each Pok\u00e9mon\n|rule|Item Clause: Limit one of each item\n|clearpoke\n|poke|p1|Azumarill, L50, M|\n|poke|p1|Indeedee-F, L50, F|\n|poke|p1|Beartic, L50, M|\n|poke|p1|Pelipper, L50, M|\n|poke|p1|Iron Bundle, L50|\n|poke|p2|Scizor, L50, M|\n|poke|p2|Dragonite, L50, F|\n|poke|p2|Palafin, L50, F|\n|poke|p2|Umbreon, L50, M|\n|poke|p2|Iron Hands, L50|\n|poke|p2|Chien-Pao, L50|\n|teampreview|4\n|inactive|Battle timer is ON: inactive players will automatically lose when time's up. (requested by Igetnotrout)\n|\n|t:|1683400331\n|start\n|switch|p1a: Iron Bundle|Iron Bundle, L50|100\/100\n|switch|p1b: Beartic|Beartic, L50, M|100\/100\n|switch|p2a: Scizor|Scizor, L50, M|100\/100\n|switch|p2b: Dragonite|Dragonite, L50, F|100\/100\n|-enditem|p1a: Iron Bundle|Booster Energy\n|-activate|p1a: Iron Bundle|ability: Quark Drive|[fromitem]\n|-start|p1a: Iron Bundle|quarkdrivespe\n|turn|1\n|inactive|thelittlehobo1 has 30 seconds left.\n|inactive|Igetnotrout has 30 seconds left.\n|inactive|thelittlehobo1 has 20 seconds left.\n|\n|t:|1683400369\n|switch|p2b: Chien-Pao|Chien-Pao, L50|100\/100\n|-ability|p2b: Chien-Pao|Sword of Ruin\n|-terastallize|p1b: Beartic|Ground\n|move|p2a: Scizor|Bullet Punch|p1a: Iron Bundle\n|-damage|p1a: Iron Bundle|17\/100\n|move|p1a: Iron Bundle|Flip Turn|p1b: Beartic\n|-supereffective|p1b: Beartic\n|-damage|p1b: Beartic|44\/100\n|-enditem|p1b: Beartic|Weakness Policy\n|-boost|p1b: Beartic|atk|2|[from] item: Weakness Policy\n|-boost|p1b: Beartic|spa|2|[from] item: Weakness Policy\n|\n|t:|1683400382\n|-end|p1a: Iron Bundle|Quark Drive|[silent]\n|switch|p1a: Pelipper|Pelipper, L50, M, shiny|100\/100|[from] Flip Turn\n|-weather|RainDance|[from] ability: Drizzle|[of] p1a: Pelipper\n|move|p1b: Beartic|Rock Slide|p2a: Scizor|[spread] p2a,p2b\n|-supereffective|p2b: Chien-Pao\n|-damage|p2a: Scizor|39\/100\n|-enditem|p2b: Chien-Pao|Focus Sash\n|-damage|p2b: Chien-Pao|1\/100\n|\n|-weather|RainDance|[upkeep]\n|upkeep\n|turn|2\n|inactive|thelittlehobo1 has 30 seconds left.\n|\n|t:|1683400408\n|switch|p2b: Iron Hands|Iron Hands, L50|100\/100\n|move|p1b: Beartic|Aqua Jet|p2a: Scizor\n|-damage|p2a: Scizor|0 fnt\n|faint|p2a: Scizor\n|move|p1a: Pelipper|Quick Attack|p2b: Iron Hands\n|-damage|p2b: Iron Hands|96\/100\n|\n|-weather|RainDance|[upkeep]\n|upkeep\n|\n|t:|1683400419\n|switch|p2a: Dragonite|Dragonite, L50, F|100\/100\n|turn|3\n|\n|t:|1683400439\n|-terastallize|p2a: Dragonite|Normal\n|move|p2a: Dragonite|Extreme Speed|p1b: Beartic\n|-damage|p1b: Beartic|0 fnt\n|faint|p1b: Beartic\n|move|p1a: Pelipper|Hurricane|p2b: Iron Hands\n|-damage|p2b: Iron Hands|67\/100\n|-start|p2b: Iron Hands|confusion\n|-activate|p2b: Iron Hands|confusion\n|move|p2b: Iron Hands|Wild Charge|p1a: Pelipper\n|-supereffective|p1a: Pelipper\n|-damage|p1a: Pelipper|0 fnt\n|faint|p1a: Pelipper\n|-damage|p2b: Iron Hands|53\/100|[from] Recoil\n|\n|-weather|RainDance|[upkeep]\n|upkeep\n|\n|t:|1683400453\n|switch|p1b: Iron Bundle|Iron Bundle, L50|17\/100\n|switch|p1a: Azumarill|Azumarill, L50, M, shiny|100\/100\n|turn|4\n|\n|t:|1683400467\n|move|p2a: Dragonite|Extreme Speed|p1b: Iron Bundle\n|-damage|p1b: Iron Bundle|0 fnt\n|faint|p1b: Iron Bundle\n|-end|p1b: Iron Bundle|Quark Drive|[silent]\n|move|p1a: Azumarill|Play Rough|p2b: Iron Hands\n|-supereffective|p2b: Iron Hands\n|-damage|p2b: Iron Hands|0 fnt\n|faint|p2b: Iron Hands\n|-end|p2b: Iron Hands|Quark Drive|[silent]\n|\n|-weather|RainDance|[upkeep]\n|upkeep\n|\n|t:|1683400475\n|switch|p2b: Chien-Pao|Chien-Pao, L50|1\/100\n|-ability|p2b: Chien-Pao|Sword of Ruin\n|turn|5\n|\n|t:|1683400484\n|move|p2a: Dragonite|Extreme Speed|p1a: Azumarill\n|-damage|p1a: Azumarill|27\/100\n|move|p2b: Chien-Pao|Sucker Punch|p1a: Azumarill\n|-resisted|p1a: Azumarill\n|-damage|p1a: Azumarill|0 fnt\n|faint|p1a: Azumarill\n|\n|win|thelittlehobo1\n|raw|Igetnotrout's rating: 1000 → 1000<\/strong> (+0 for losing)\n|raw|thelittlehobo1's rating: 1091 → 1111<\/strong> (+20 for winning)\n|l|\u2606Igetnotrout\n","uploadtime":1683400492,"views":12,"p1id":"igetnotrout","p2id":"thelittlehobo1","formatid":"gen9vgc2023regulationc","rating":1000,"private":0,"password":""}