{"id":"gen9vgc2023regulationc-1859161089","p1":"BIGHAXORUSFAN147","p2":"Fekasu","format":"[Gen 9] VGC 2023 Regulation C","log":"|j|\u2606BIGHAXORUSFAN147\n|j|\u2606Fekasu\n|t:|1683411923\n|gametype|doubles\n|player|p1|BIGHAXORUSFAN147|grimsley-masters|1542\n|player|p2|Fekasu|pokekid|1514\n|teamsize|p1|6\n|teamsize|p2|6\n|gen|9\n|tier|[Gen 9] VGC 2023 Regulation C\n|rated|\n|rule|Species Clause: Limit one of each Pok\u00e9mon\n|rule|Item Clause: Limit one of each item\n|clearpoke\n|poke|p1|Kingambit, L50, M|\n|poke|p1|Dragonite, L50, M|\n|poke|p1|Palafin, L50, M|\n|poke|p1|Amoonguss, L50, M|\n|poke|p1|Arcanine, L50, M|\n|poke|p1|Flutter Mane, L50|\n|poke|p2|Chi-Yu, L50|\n|poke|p2|Flutter Mane, L50|\n|poke|p2|Maushold, L50|\n|poke|p2|Rotom-Wash, L50|\n|poke|p2|Amoonguss, L50, M|\n|poke|p2|Annihilape, L50, M|\n|teampreview|4\nBIGHAXORUSFAN147 has agreed to open team sheets.\nFekasu has agreed to open team sheets.\n|\n|t:|1683411964\n|start\n|switch|p1a: Perona|Flutter Mane, L50|100\/100\n|switch|p1b: Jinbe|Palafin, L50, M, shiny|100\/100\n|switch|p2a: Rotom|Rotom-Wash, L50|100\/100\n|switch|p2b: Chi-Yu|Chi-Yu, L50|100\/100\n|-ability|p2b: Chi-Yu|Beads of Ruin\n|turn|1\n|\n|t:|1683412002\n|-terastallize|p1a: Perona|Fairy\n|move|p1b: Jinbe|Protect|p1b: Jinbe\n|-singleturn|p1b: Jinbe|Protect\n|move|p2a: Rotom|Volt Switch|p1b: Jinbe\n|-activate|p1b: Jinbe|move: Protect\n|move|p1a: Perona|Dazzling Gleam|p2b: Chi-Yu|[spread] p2a,p2b\n|-damage|p2a: Rotom|0 fnt\n|-damage|p2b: Chi-Yu|27\/100\n|faint|p2a: Rotom\n|move|p2b: Chi-Yu|Heat Wave|p1b: Jinbe|[spread] p1a\n|-activate|p1b: Jinbe|move: Protect\n|-damage|p1a: Perona|23\/100\n|\n|upkeep\n|\n|t:|1683412049\n|switch|p2a: Annihilape|Annihilape, L50, M|100\/100\n|turn|2\n|inactive|Battle timer is ON: inactive players will automatically lose when time's up. (requested by Fekasu)\n|\n|t:|1683412094\n|-end|p1a: Perona|Protosynthesis|[silent]\n|switch|p1a: Zoro|Dragonite, L50, M, shiny|100\/100\n|-terastallize|p2a: Annihilape|Fire\n|move|p1b: Jinbe|Jet Punch|p2b: Chi-Yu\n|-supereffective|p2b: Chi-Yu\n|-damage|p2b: Chi-Yu|0 fnt\n|faint|p2b: Chi-Yu\n|move|p2a: Annihilape|Rage Fist|p1a: Zoro\n|-damage|p1a: Zoro|89\/100\n|\n|upkeep\n|\n|t:|1683412103\n|switch|p2b: Maushold|Maushold, L50|100\/100\n|turn|3\n|\n|t:|1683412127\n|detailschange|p1b: Jinbe|Palafin-Hero, L50, M, shiny\n|switch|p1b: Perona|Flutter Mane, L50, tera:Fairy|23\/100\n|move|p1a: Zoro|Extreme Speed|p2b: Maushold\n|-damage|p2b: Maushold|67\/100\n|move|p2b: Maushold|Beat Up|p2a: Annihilape\n|-damage|p2a: Annihilape|99\/100\n|-damage|p2a: Annihilape|97\/100\n|-hitcount|p2a: Annihilape|2\n|move|p2a: Annihilape|Rage Fist|p1a: Zoro\n|-damage|p1a: Zoro|19\/100\n|\n|-heal|p2a: Annihilape|100\/100|[from] item: Leftovers\n|upkeep\n|turn|4\n|inactive|BIGHAXORUSFAN147 has 30 seconds left.\n|inactive|Fekasu has 30 seconds left.\n|inactive|Fekasu has 20 seconds left.\n|inactive|Fekasu has 15 seconds left.\n|inactive|Fekasu has 10 seconds left.\n|\n|t:|1683412172\n|move|p2b: Maushold|Follow Me|p2b: Maushold\n|-singleturn|p2b: Maushold|move: Follow Me\n|move|p1a: Zoro|Extreme Speed|p2b: Maushold\n|-damage|p2b: Maushold|33\/100\n|move|p1b: Perona|Dazzling Gleam|p2b: Maushold|[spread] p2a,p2b\n|-resisted|p2a: Annihilape\n|-damage|p2a: Annihilape|79\/100\n|-damage|p2b: Maushold|0 fnt\n|faint|p2b: Maushold\n|move|p2a: Annihilape|Rage Fist|p1b: Perona\n|-damage|p1b: Perona|0 fnt\n|faint|p1b: Perona\n|-end|p1b: Perona|Protosynthesis|[silent]\n|\n|-heal|p2a: Annihilape|85\/100|[from] item: Leftovers\n|upkeep\n|\n|t:|1683412182\n|switch|p1b: Jinbe|Palafin-Hero, L50, M, shiny|100\/100\n|-activate|p1b: Jinbe|ability: Zero to Hero\n|turn|5\n|\n|t:|1683412198\n|move|p1b: Jinbe|Wave Crash|p2a: Annihilape\n|-supereffective|p2a: Annihilape\n|-damage|p2a: Annihilape|0 fnt\n|faint|p2a: Annihilape\n|-damage|p1b: Jinbe|70\/100|[from] Recoil\n|\n|win|BIGHAXORUSFAN147\n|raw|BIGHAXORUSFAN147's rating: 1542 → 1560<\/strong> (+18 for winning)\n|raw|Fekasu's rating: 1514 → 1496<\/strong> (-18 for losing)\n|l|\u2606Fekasu\n","uploadtime":1683412206,"views":11,"p1id":"bighaxorusfan147","p2id":"fekasu","formatid":"gen9vgc2023regulationc","rating":1496,"private":0,"password":""}