{"id":"gen9vgc2023regulationc-1863297181","p1":"CordVGC","p2":"Broskander","format":"[Gen 9] VGC 2023 Regulation C","log":"|j|\u2606CordVGC\n|j|\u2606Broskander\n|t:|1683999318\n|gametype|doubles\n|player|p1|CordVGC|lusamine-nihilego|1336\n|player|p2|Broskander|169|1384\n|teamsize|p1|6\n|teamsize|p2|6\n|gen|9\n|tier|[Gen 9] VGC 2023 Regulation C\n|rated|\n|rule|Species Clause: Limit one of each Pok\u00e9mon\n|rule|Item Clause: Limit one of each item\n|clearpoke\n|poke|p1|Arcanine, L50, M|\n|poke|p1|Amoonguss, L50, F|\n|poke|p1|Palafin, L50, F|\n|poke|p1|Flutter Mane, L50|\n|poke|p1|Dragapult, L50, M|\n|poke|p1|Ting-Lu, L50|\n|poke|p2|Gyarados, L50, F|\n|poke|p2|Arcanine, L50, F|\n|poke|p2|Amoonguss, L50, F|\n|poke|p2|Flutter Mane, L50|\n|poke|p2|Ting-Lu, L50|\n|poke|p2|Kingambit, L50, F|\n|teampreview|4\n|inactive|Battle timer is ON: inactive players will automatically lose when time's up. (requested by CordVGC)\nCordVGC rejected open team sheets.\n|inactive|CordVGC has 60 seconds left.\n|\n|t:|1683999358\n|start\n|switch|p1a: Amoonguss|Amoonguss, L50, F, shiny|100\/100\n|switch|p1b: Palafin|Palafin, L50, F|100\/100\n|switch|p2a: Kingambit|Kingambit, L50, F|100\/100\n|switch|p2b: Gyarados|Gyarados, L50, F|100\/100\n|-ability|p2b: Gyarados|Intimidate|boost\n|-unboost|p1a: Amoonguss|atk|1\n|-unboost|p1b: Palafin|atk|1\n|turn|1\n|\n|t:|1683999379\n|detailschange|p1b: Palafin|Palafin-Hero, L50, F\n|switch|p1b: Ting-Lu|Ting-Lu, L50|100\/100\n|-ability|p1b: Ting-Lu|Vessel of Ruin\n|move|p2b: Gyarados|Taunt|p1a: Amoonguss\n|-start|p1a: Amoonguss|move: Taunt\n|move|p2a: Kingambit|Kowtow Cleave|p1b: Ting-Lu\n|-resisted|p1b: Ting-Lu\n|-damage|p1b: Ting-Lu|88\/100\n|cant|p1a: Amoonguss|move: Taunt|Spore\n|\n|upkeep\n|turn|2\n|\n|t:|1683999398\n|-terastallize|p2a: Kingambit|Flying\n|move|p2b: Gyarados|Waterfall|p1b: Ting-Lu\n|-supereffective|p1b: Ting-Lu\n|-damage|p1b: Ting-Lu|48\/100\n|move|p2a: Kingambit|Tera Blast|p1a: Amoonguss\n|-supereffective|p1a: Amoonguss\n|-damage|p1a: Amoonguss|33\/100\n|move|p1b: Ting-Lu|Stomping Tantrum|p2a: Kingambit\n|-immune|p2a: Kingambit\n|move|p1a: Amoonguss|Pollen Puff|p1b: Ting-Lu\n|-heal|p1b: Ting-Lu|98\/100\n|\n|upkeep\n|turn|3\n|\n|t:|1683999421\n|switch|p2b: Arcanine|Arcanine, L50, F|100\/100\n|-ability|p2b: Arcanine|Intimidate|boost\n|-unboost|p1a: Amoonguss|atk|1\n|-unboost|p1b: Ting-Lu|atk|1\n|switch|p1a: Palafin|Palafin-Hero, L50, F|100\/100\n|-activate|p1a: Palafin|ability: Zero to Hero\n|-terastallize|p1b: Ting-Lu|Steel\n|move|p2a: Kingambit|Tera Blast|p1a: Palafin\n|-crit|p1a: Palafin\n|-damage|p1a: Palafin|48\/100\n|move|p1b: Ting-Lu|Rock Slide|p2b: Arcanine|[spread] p2a,p2b\n|-supereffective|p2a: Kingambit\n|-supereffective|p2b: Arcanine\n|-damage|p2a: Kingambit|82\/100\n|-damage|p2b: Arcanine|73\/100\n|\n|upkeep\n|turn|4\n|inactive|CordVGC has 30 seconds left.\n|\n|t:|1683999453\n|switch|p2b: Gyarados|Gyarados, L50, F|100\/100\n|-ability|p2b: Gyarados|Intimidate|boost\n|-unboost|p1a: Palafin|atk|1\n|-unboost|p1b: Ting-Lu|atk|1\n|move|p1a: Palafin|Wave Crash|p2a: Kingambit\n|-damage|p2a: Kingambit|34\/100\n|-damage|p1a: Palafin|32\/100|[from] Recoil\n|move|p2a: Kingambit|Kowtow Cleave|p1a: Palafin\n|-damage|p1a: Palafin|0 fnt\n|faint|p1a: Palafin\n|move|p1b: Ting-Lu|Stomping Tantrum|p2b: Gyarados\n|-immune|p2b: Gyarados\n|\n|upkeep\n|\n|t:|1683999464\n|switch|p1a: Flutter Mane|Flutter Mane, L50|100\/100\n|-enditem|p1a: Flutter Mane|Booster Energy\n|-activate|p1a: Flutter Mane|ability: Protosynthesis|[fromitem]\n|-start|p1a: Flutter Mane|protosynthesisspe\n|turn|5\n|\n|t:|1683999485\n|move|p2a: Kingambit|Sucker Punch|p1a: Flutter Mane\n|-damage|p1a: Flutter Mane|26\/100\n|move|p1a: Flutter Mane|Thunderbolt|p2b: Gyarados\n|-supereffective|p2b: Gyarados\n|-damage|p2b: Gyarados|24\/100\n|move|p2b: Gyarados|Thunder Wave|p1a: Flutter Mane\n|-status|p1a: Flutter Mane|par\n|move|p1b: Ting-Lu|Rock Slide|p2a: Kingambit|[spread] p2a,p2b\n|-supereffective|p2a: Kingambit\n|-supereffective|p2b: Gyarados\n|-damage|p2a: Kingambit|20\/100\n|-damage|p2b: Gyarados|8\/100\n|\n|upkeep\n|turn|6\n|\n|t:|1683999509\n|switch|p2b: Arcanine|Arcanine, L50, F|73\/100\n|-ability|p2b: Arcanine|Intimidate|boost\n|-unboost|p1a: Flutter Mane|atk|1\n|-unboost|p1b: Ting-Lu|atk|1\n|switch|p1b: Amoonguss|Amoonguss, L50, F, shiny|66\/100\n|move|p1a: Flutter Mane|Protect|p1a: Flutter Mane\n|-singleturn|p1a: Flutter Mane|Protect\n|move|p2a: Kingambit|Sucker Punch||[still]\n|-fail|p2a: Kingambit\n|\n|upkeep\n|turn|7\n|inactive|CordVGC has 30 seconds left.\n|inactive|Broskander has 30 seconds left.\n|\n|t:|1683999551\n|switch|p1b: Ting-Lu|Ting-Lu, L50, tera:Steel|98\/100\n|-ability|p1b: Ting-Lu|Vessel of Ruin\n|move|p2a: Kingambit|Sucker Punch|p1a: Flutter Mane\n|-damage|p1a: Flutter Mane|0 fnt\n|faint|p1a: Flutter Mane\n|-end|p1a: Flutter Mane|Protosynthesis|[silent]\n|move|p2b: Arcanine|Flare Blitz|p1b: Ting-Lu\n|-supereffective|p1b: Ting-Lu\n|-damage|p1b: Ting-Lu|39\/100\n|-damage|p2b: Arcanine|49\/100|[from] Recoil\n|\n|upkeep\n|\n|t:|1683999561\n|switch|p1a: Amoonguss|Amoonguss, L50, F, shiny|99\/100\n|turn|8\n|\n|t:|1683999574\n|move|p1a: Amoonguss|Rage Powder|p1a: Amoonguss\n|-singleturn|p1a: Amoonguss|move: Rage Powder\n|move|p2b: Arcanine|Flare Blitz|p1a: Amoonguss\n|-supereffective|p1a: Amoonguss\n|-damage|p1a: Amoonguss|6\/100\n|-damage|p2b: Arcanine|33\/100|[from] item: Rocky Helmet|[of] p1a: Amoonguss\n|-damage|p2b: Arcanine|0 fnt|[from] Recoil\n|faint|p2b: Arcanine\n|move|p2a: Kingambit|Tera Blast|p1a: Amoonguss\n|-supereffective|p1a: Amoonguss\n|-damage|p1a: Amoonguss|0 fnt\n|faint|p1a: Amoonguss\n|move|p1b: Ting-Lu|Stomping Tantrum|p2a: Kingambit\n|-immune|p2a: Kingambit\n|\n|upkeep\n|-message|CordVGC forfeited.\n|\n|win|Broskander\n|raw|CordVGC's rating: 1336 → 1319<\/strong> (-17 for losing)\n|raw|Broskander's rating: 1384 → 1401<\/strong> (+17 for winning)\n|l|\u2606CordVGC\n|l|\u2606Broskander\n|j|\u2606Broskander\n|player|p2|Broskander|169\n","uploadtime":1683999594,"views":1,"p1id":"cordvgc","p2id":"broskander","formatid":"gen9vgc2023regulationc","rating":1319,"private":0,"password":""}