{"id":"gen9vgc2023regulationc-1859651407","p1":"Shine Blanco","p2":"R3d_VGC","format":"[Gen 9] VGC 2023 Regulation C","log":"|j|\u2606Shine Blanco\n|j|\u2606R3d_VGC\n|t:|1683552844\n|gametype|doubles\n|player|p1|Shine Blanco|170|1481\n|player|p2|R3d_VGC|lance|1479\n|teamsize|p1|6\n|teamsize|p2|6\n|gen|9\n|tier|[Gen 9] VGC 2023 Regulation C\n|rated|\n|rule|Species Clause: Limit one of each Pok\u00e9mon\n|rule|Item Clause: Limit one of each item\n|clearpoke\n|poke|p1|Orthworm, L50, M|\n|poke|p1|Dragonite, L50, M|\n|poke|p1|Arcanine, L50, M|\n|poke|p1|Ting-Lu, L50|\n|poke|p1|Chien-Pao, L50|\n|poke|p1|Flutter Mane, L50|\n|poke|p2|Ting-Lu, L50|\n|poke|p2|Palafin, L50, M|\n|poke|p2|Arcanine, L50, M|\n|poke|p2|Chien-Pao, L50|\n|poke|p2|Gholdengo, L50|\n|poke|p2|Amoonguss, L50, F|\n|teampreview|4\nR3d_VGC has agreed to open team sheets.\n|j| Notamy\n|inactive|Battle timer is ON: inactive players will automatically lose when time's up. (requested by R3d_VGC)\n|\n|t:|1683552890\n|start\n|switch|p1a: Orthworm|Orthworm, L50, M|100\/100\n|switch|p1b: Arcanine|Arcanine, L50, M|100\/100\n|switch|p2a: Lidl Inci|Arcanine, L50, M|100\/100\n|switch|p2b: Toshinori|Palafin, L50, M|100\/100\n|-ability|p2a: Lidl Inci|Intimidate|boost\n|-unboost|p1a: Orthworm|atk|1\n|-unboost|p1b: Arcanine|atk|1\n|-ability|p1b: Arcanine|Intimidate|boost\n|-unboost|p2a: Lidl Inci|atk|1\n|-unboost|p2b: Toshinori|atk|1\n|turn|1\n|inactive|Shine Blanco has 30 seconds left.\n|inactive|R3d_VGC has 30 seconds left.\n|inactive|Shine Blanco has 20 seconds left.\n|\n|t:|1683552929\n|detailschange|p2b: Toshinori|Palafin-Hero, L50, M\n|switch|p2b: Tinc-Ulo|Ting-Lu, L50|100\/100\n|-ability|p2b: Tinc-Ulo|Vessel of Ruin\n|-terastallize|p1a: Orthworm|Fire\n|move|p2a: Lidl Inci|Flare Blitz|p1a: Orthworm\n|-resisted|p1a: Orthworm\n|-damage|p1a: Orthworm|90\/100\n|-damage|p2a: Lidl Inci|97\/100|[from] Recoil\n|move|p1b: Arcanine|Will-O-Wisp|p2b: Tinc-Ulo\n|-status|p2b: Tinc-Ulo|brn\n|move|p1a: Orthworm|Iron Defense|p1a: Orthworm\n|-boost|p1a: Orthworm|def|2\n|\n|-damage|p2b: Tinc-Ulo|94\/100 brn|[from] brn\n|upkeep\n|turn|2\n|inactive|Shine Blanco has 30 seconds left.\n|inactive|Shine Blanco has 20 seconds left.\n|\n|t:|1683552966\n|move|p2a: Lidl Inci|Extreme Speed|p1a: Orthworm\n|-damage|p1a: Orthworm|84\/100\n|move|p1b: Arcanine|Flare Blitz|p2b: Tinc-Ulo\n|-damage|p2b: Tinc-Ulo|80\/100 brn\n|-damage|p1b: Arcanine|94\/100|[from] Recoil\n|move|p1a: Orthworm|Body Press|p2b: Tinc-Ulo\n|-supereffective|p2b: Tinc-Ulo\n|-damage|p2b: Tinc-Ulo|28\/100 brn\n|move|p2b: Tinc-Ulo|Fissure|p1a: Orthworm\n|-heal|p1a: Orthworm|100\/100|[from] ability: Earth Eater|[of] p2b: Tinc-Ulo\n|\n|-damage|p2b: Tinc-Ulo|22\/100 brn|[from] brn\n|upkeep\n|turn|3\n|inactive|Shine Blanco has 30 seconds left.\n|\n|t:|1683552999\n|switch|p1b: Dragonite|Dragonite, L50, M|100\/100\n|move|p2a: Lidl Inci|Extreme Speed|p1b: Dragonite\n|-damage|p1b: Dragonite|92\/100\n|move|p1a: Orthworm|Body Press|p2a: Lidl Inci\n|-damage|p2a: Lidl Inci|34\/100\n|-enditem|p2a: Lidl Inci|Sitrus Berry|[eat]\n|-heal|p2a: Lidl Inci|59\/100|[from] item: Sitrus Berry\n|move|p2b: Tinc-Ulo|Ruination|p1a: Orthworm\n|-damage|p1a: Orthworm|50\/100\n|-enditem|p1a: Orthworm|Sitrus Berry|[eat]\n|-heal|p1a: Orthworm|75\/100|[from] item: Sitrus Berry\n|\n|-damage|p2b: Tinc-Ulo|16\/100 brn|[from] brn\n|upkeep\n|turn|4\n|\n|t:|1683553018\n|move|p2a: Lidl Inci|Will-O-Wisp|p1b: Dragonite\n|-status|p1b: Dragonite|brn\n|-enditem|p1b: Dragonite|Lum Berry|[eat]\n|-curestatus|p1b: Dragonite|brn|[msg]\n|move|p1b: Dragonite|Earthquake|p2a: Lidl Inci|[spread] p2a,p2b\n|-heal|p1a: Orthworm|100\/100|[from] ability: Earth Eater|[of] p1b: Dragonite\n|-supereffective|p2a: Lidl Inci\n|-damage|p2a: Lidl Inci|0 fnt\n|-damage|p2b: Tinc-Ulo|2\/100 brn\n|faint|p2a: Lidl Inci\n|move|p1a: Orthworm|Iron Defense|p1a: Orthworm\n|-boost|p1a: Orthworm|def|2\n|move|p2b: Tinc-Ulo|Ruination|p1a: Orthworm\n|-damage|p1a: Orthworm|50\/100\n|\n|-damage|p2b: Tinc-Ulo|0 fnt|[from] brn\n|faint|p2b: Tinc-Ulo\n|upkeep\n|\n|t:|1683553025\n|switch|p2a: Gengivite|Chien-Pao, L50|100\/100\n|switch|p2b: Toshinori|Palafin-Hero, L50, M|100\/100\n|-ability|p2a: Gengivite|Sword of Ruin\n|-activate|p2b: Toshinori|ability: Zero to Hero\n|turn|5\n|inactive|Shine Blanco has 30 seconds left.\n|\n|t:|1683553056\n|switch|p1b: Arcanine|Arcanine, L50, M|94\/100\n|-ability|p1b: Arcanine|Intimidate|boost\n|-unboost|p2a: Gengivite|atk|1\n|-unboost|p2b: Toshinori|atk|1\n|-terastallize|p2b: Toshinori|Water\n|move|p2a: Gengivite|Ice Spinner|p1b: Arcanine\n|-resisted|p1b: Arcanine\n|-damage|p1b: Arcanine|69\/100\n|-damage|p2a: Gengivite|91\/100|[from] item: Life Orb\n|move|p2b: Toshinori|Wave Crash|p1a: Orthworm\n|-supereffective|p1a: Orthworm\n|-damage|p1a: Orthworm|0 fnt\n|faint|p1a: Orthworm\n|-damage|p2b: Toshinori|86\/100|[from] Recoil\n|\n|upkeep\n|\n|t:|1683553077\n|switch|p1a: Chien-Pao|Chien-Pao, L50|100\/100\n|-ability|p1a: Chien-Pao|Sword of Ruin\n|turn|6\n|\n|t:|1683553087\n|move|p2a: Gengivite|Protect|p2a: Gengivite\n|-singleturn|p2a: Gengivite|Protect\n|move|p2b: Toshinori|Jet Punch|p1a: Chien-Pao\n|-damage|p1a: Chien-Pao|42\/100\n|move|p1a: Chien-Pao|Sacred Sword|p2a: Gengivite\n|-activate|p2a: Gengivite|move: Protect\n|move|p1b: Arcanine|Flare Blitz|p2a: Gengivite\n|-activate|p2a: Gengivite|move: Protect\n|\n|upkeep\n|turn|7\n|\n|t:|1683553101\n|move|p2b: Toshinori|Jet Punch|p1b: Arcanine\n|-supereffective|p1b: Arcanine\n|-damage|p1b: Arcanine|0 fnt\n|faint|p1b: Arcanine\n|move|p2a: Gengivite|Crunch|p1a: Chien-Pao\n|-resisted|p1a: Chien-Pao\n|-damage|p1a: Chien-Pao|20\/100\n|-unboost|p1a: Chien-Pao|def|1\n|-damage|p2a: Gengivite|81\/100|[from] item: Life Orb\n|move|p1a: Chien-Pao|Sacred Sword|p2a: Gengivite\n|-supereffective|p2a: Gengivite\n|-damage|p2a: Gengivite|0 fnt\n|faint|p2a: Gengivite\n|\n|upkeep\n|\n|t:|1683553115\n|switch|p1b: Dragonite|Dragonite, L50, M|92\/100\n|turn|8\n|\n|t:|1683553126\n|move|p1a: Chien-Pao|Sacred Sword|p2b: Toshinori\n|-damage|p2b: Toshinori|52\/100\n|move|p1b: Dragonite|Dragon Dance|p1b: Dragonite\n|-boost|p1b: Dragonite|atk|1\n|-boost|p1b: Dragonite|spe|1\n|move|p2b: Toshinori|Wave Crash|p1b: Dragonite\n|-resisted|p1b: Dragonite\n|-damage|p1b: Dragonite|26\/100\n|-damage|p2b: Toshinori|34\/100|[from] Recoil\n|\n|upkeep\n|turn|9\n|\n|t:|1683553141\n|move|p1b: Dragonite|Extreme Speed|p2b: Toshinori\n|-damage|p2b: Toshinori|0 fnt\n|faint|p2b: Toshinori\n|\n|win|Shine Blanco\n|raw|Shine Blanco's rating: 1481 → 1501<\/strong> (+20 for winning)\n|raw|R3d_VGC's rating: 1479 → 1459<\/strong> (-20 for losing)\n|l|\u2606R3d_VGC\n","uploadtime":1683553157,"views":7,"p1id":"shineblanco","p2id":"r3dvgc","formatid":"gen9vgc2023regulationc","rating":1459,"private":0,"password":""}