{"id":"gen9vgc2023regulationc-1859121008","p1":"Pink or purple","p2":"TrendanBrendan","format":"[Gen 9] VGC 2023 Regulation C","log":"|j|\u2606Pink or purple\n|j|\u2606TrendanBrendan\n|t:|1683406948\n|gametype|doubles\n|player|p1|Pink or purple|opal|1135\n|player|p2|TrendanBrendan|101|1157\n|teamsize|p1|6\n|teamsize|p2|6\n|gen|9\n|tier|[Gen 9] VGC 2023 Regulation C\n|rated|\n|rule|Species Clause: Limit one of each Pok\u00e9mon\n|rule|Item Clause: Limit one of each item\n|clearpoke\n|poke|p1|Squawkabilly, L50, M|\n|poke|p1|Armarouge, L50, M|\n|poke|p1|Indeedee-F, L50, F|\n|poke|p1|Chi-Yu, L50|\n|poke|p1|Flutter Mane, L50|\n|poke|p1|Iron Bundle, L50|\n|poke|p2|Corviknight, L50, F|\n|poke|p2|Amoonguss, L50, F|\n|poke|p2|Arcanine, L50, M|\n|poke|p2|Palafin, L50, F|\n|poke|p2|Flutter Mane, L50|\n|poke|p2|Ting-Lu, L50|\n|teampreview|4\n|inactive|Battle timer is ON: inactive players will automatically lose when time's up. (requested by Pink or purple)\n|inactive|TrendanBrendan has 60 seconds left.\n|\n|t:|1683407004\n|start\n|switch|p1a: Squawkabilly|Squawkabilly, L50, M|100\/100\n|switch|p1b: Chi-Yu|Chi-Yu, L50|100\/100\n|switch|p2a: Brieze|Palafin, L50, F, shiny|100\/100\n|switch|p2b: Gillie|Amoonguss, L50, F|100\/100\n|-ability|p1a: Squawkabilly|Intimidate|boost\n|-unboost|p2a: Brieze|atk|1\n|-unboost|p2b: Gillie|atk|1\n|-ability|p1b: Chi-Yu|Beads of Ruin\n|turn|1\n|\n|t:|1683407028\n|detailschange|p2a: Brieze|Palafin-Hero, L50, F, shiny\n|switch|p2a: Mooshold|Ting-Lu, L50|100\/100\n|-ability|p2a: Mooshold|Vessel of Ruin\n|-terastallize|p2b: Gillie|Water\n|move|p1a: Squawkabilly|U-turn|p2a: Mooshold\n|-supereffective|p2a: Mooshold\n|-damage|p2a: Mooshold|82\/100\n|\n|t:|1683407034\n|switch|p1a: Iron Bundle|Iron Bundle, L50|100\/100|[from] U-turn\n|-enditem|p1a: Iron Bundle|Booster Energy\n|-activate|p1a: Iron Bundle|ability: Quark Drive|[fromitem]\n|-start|p1a: Iron Bundle|quarkdrivespe\n|move|p1b: Chi-Yu|Heat Wave|p2a: Mooshold|[spread] p2a,p2b\n|-resisted|p2b: Gillie\n|-damage|p2a: Mooshold|57\/100\n|-damage|p2b: Gillie|81\/100\n|-damage|p1b: Chi-Yu|91\/100|[from] item: Life Orb\n|move|p2b: Gillie|Spore|p1b: Chi-Yu\n|-status|p1b: Chi-Yu|slp|[from] move: Spore\n|\n|upkeep\n|turn|2\n|\n|t:|1683407050\n|-terastallize|p1a: Iron Bundle|Grass\n|move|p1a: Iron Bundle|Freeze-Dry|p2a: Mooshold\n|-supereffective|p2a: Mooshold\n|-damage|p2a: Mooshold|18\/100\n|cant|p1b: Chi-Yu|slp\n|move|p2a: Mooshold|Fissure|p1a: Iron Bundle\n|-damage|p1a: Iron Bundle|0 fnt\n|faint|p1a: Iron Bundle\n|-end|p1a: Iron Bundle|Quark Drive|[silent]\n|-ohko\n|move|p2b: Gillie|Spore|p1b: Chi-Yu\n|-fail|p1b: Chi-Yu|slp\n|\n|upkeep\n|\n|t:|1683407057\n|switch|p1a: Flutter Mane|Flutter Mane, L50|100\/100\n|turn|3\n|\n|t:|1683407068\n|move|p1a: Flutter Mane|Dazzling Gleam|p2a: Mooshold|[spread] p2a,p2b\n|-supereffective|p2a: Mooshold\n|-damage|p2a: Mooshold|0 fnt\n|-damage|p2b: Gillie|55\/100\n|faint|p2a: Mooshold\n|-curestatus|p1b: Chi-Yu|slp|[msg]\n|move|p1b: Chi-Yu|Dark Pulse|p2b: Gillie\n|-damage|p2b: Gillie|3\/100\n|-enditem|p2b: Gillie|Sitrus Berry|[eat]\n|-heal|p2b: Gillie|28\/100|[from] item: Sitrus Berry\n|-damage|p1b: Chi-Yu|81\/100|[from] item: Life Orb\n|move|p2b: Gillie|Pollen Puff|p1a: Flutter Mane\n|-resisted|p1a: Flutter Mane\n|-damage|p1a: Flutter Mane|94\/100\n|\n|upkeep\n|\n|t:|1683407084\n|switch|p2a: Brieze|Palafin-Hero, L50, F, shiny|100\/100\n|-activate|p2a: Brieze|ability: Zero to Hero\n|turn|4\n|\n|t:|1683407091\n|switch|p2b: Olivo|Arcanine, L50, M|100\/100\n|-ability|p2b: Olivo|Intimidate|boost\n|-unboost|p1a: Flutter Mane|atk|1\n|-unboost|p1b: Chi-Yu|atk|1\n|move|p1b: Chi-Yu|Protect|p1b: Chi-Yu\n|-singleturn|p1b: Chi-Yu|Protect\n|move|p1a: Flutter Mane|Dazzling Gleam|p2b: Olivo|[spread] p2a,p2b\n|-resisted|p2b: Olivo\n|-crit|p2b: Olivo\n|-damage|p2a: Brieze|58\/100\n|-damage|p2b: Olivo|67\/100\n|move|p2a: Brieze|Wave Crash|p1a: Flutter Mane\n|-damage|p1a: Flutter Mane|0 fnt\n|faint|p1a: Flutter Mane\n|-end|p1a: Flutter Mane|Protosynthesis|[silent]\n|-damage|p2a: Brieze|38\/100|[from] Recoil\n|\n|upkeep\n|\n|t:|1683407103\n|switch|p1a: Squawkabilly|Squawkabilly, L50, M|100\/100\n|-ability|p1a: Squawkabilly|Intimidate|boost\n|-unboost|p2a: Brieze|atk|1\n|-unboost|p2b: Olivo|atk|1\n|turn|5\n|\n|t:|1683407123\n|move|p1a: Squawkabilly|Final Gambit|p2b: Olivo\n|-damage|p2b: Olivo|0 fnt\n|faint|p1a: Squawkabilly\n|faint|p2b: Olivo\n|move|p1b: Chi-Yu|Dark Pulse|p2a: Brieze\n|-damage|p2a: Brieze|0 fnt\n|faint|p2a: Brieze\n|-damage|p1b: Chi-Yu|71\/100|[from] item: Life Orb\n|\n|upkeep\n|\n|t:|1683407129\n|switch|p2b: Gillie|Amoonguss, L50, F, tera:Water|61\/100\n|turn|6\n|\n|t:|1683407132\n|move|p1b: Chi-Yu|Dark Pulse|p2b: Gillie\n|-damage|p2b: Gillie|2\/100\n|-damage|p1b: Chi-Yu|61\/100|[from] item: Life Orb\n|move|p2b: Gillie|Spore|p1b: Chi-Yu\n|-status|p1b: Chi-Yu|slp|[from] move: Spore\n|\n|upkeep\n|turn|7\n|\n|t:|1683407138\n|cant|p1b: Chi-Yu|slp\n|move|p2b: Gillie|Pollen Puff|p1b: Chi-Yu\n|-damage|p1b: Chi-Yu|37\/100 slp\n|\n|upkeep\n|turn|8\n|\n|t:|1683407144\n|cant|p1b: Chi-Yu|slp\n|move|p2b: Gillie|Pollen Puff|p1b: Chi-Yu\n|-damage|p1b: Chi-Yu|17\/100 slp\n|\n|upkeep\n|turn|9\n|\n|t:|1683407148\n|-curestatus|p1b: Chi-Yu|slp|[msg]\n|move|p1b: Chi-Yu|Dark Pulse|p2b: Gillie\n|-damage|p2b: Gillie|0 fnt\n|faint|p2b: Gillie\n|-damage|p1b: Chi-Yu|7\/100|[from] item: Life Orb\n|\n|win|Pink or purple\n|raw|Pink or purple's rating: 1135 → 1162<\/strong> (+27 for winning)\n|raw|TrendanBrendan's rating: 1157 → 1130<\/strong> (-27 for losing)\n|l|\u2606Pink or purple\n|c|\u2606TrendanBrendan|ggwp\n","uploadtime":1683407155,"views":13,"p1id":"pinkorpurple","p2id":"trendanbrendan","formatid":"gen9vgc2023regulationc","rating":1130,"private":0,"password":""}