{"id":"gen9vgc2023regulationc-1858025202","p1":"Double Clxtch","p2":"marcelobg","format":"[Gen 9] VGC 2023 Regulation C","log":"|j|\u2606Double Clxtch\n|j|\u2606marcelobg\n|t:|1683262253\n|gametype|doubles\n|player|p1|Double Clxtch|102|1196\n|player|p2|marcelobg|101|1287\n|teamsize|p1|6\n|teamsize|p2|6\n|gen|9\n|tier|[Gen 9] VGC 2023 Regulation C\n|rated|\n|rule|Species Clause: Limit one of each Pok\u00e9mon\n|rule|Item Clause: Limit one of each item\n|clearpoke\n|poke|p1|Baxcalibur, L50, M|\n|poke|p1|Amoonguss, L50, M|\n|poke|p1|Torkoal, L50, M|\n|poke|p1|Flutter Mane, L50|\n|poke|p1|Masquerain, L50, F|\n|poke|p1|Chi-Yu, L50|\n|poke|p2|Ting-Lu, L50|\n|poke|p2|Ceruledge, L50, F|\n|poke|p2|Gyarados, L50, F|\n|poke|p2|Amoonguss, L50, M|\n|poke|p2|Flutter Mane, L50|\n|poke|p2|Baxcalibur, L50, F|\n|teampreview|4\n|inactive|Battle timer is ON: inactive players will automatically lose when time's up. (requested by marcelobg)\n|\n|t:|1683262329\n|start\n|switch|p1a: Flutter Mane|Flutter Mane, L50, shiny|100\/100\n|switch|p1b: Masquerain|Masquerain, L50, F, shiny|100\/100\n|switch|p2a: Ting-Lu|Ting-Lu, L50|100\/100\n|switch|p2b: Gyarados|Gyarados, L50, F|100\/100\n|-ability|p2b: Gyarados|Intimidate|boost\n|-unboost|p1a: Flutter Mane|atk|1\n|-unboost|p1b: Masquerain|atk|1\n|-ability|p1b: Masquerain|Intimidate|boost\n|-unboost|p2a: Ting-Lu|atk|1\n|-unboost|p2b: Gyarados|atk|1\n|-ability|p2a: Ting-Lu|Vessel of Ruin\n|turn|1\n|inactive|marcelobg has 30 seconds left.\n|inactive|marcelobg has 20 seconds left.\n|\n|t:|1683262366\n|switch|p1b: Amoonguss|Amoonguss, L50, M, shiny|100\/100\n|move|p2b: Gyarados|Taunt|p1b: Amoonguss\n|-start|p1b: Amoonguss|move: Taunt\n|move|p2a: Ting-Lu|Heavy Slam|p1a: Flutter Mane\n|-supereffective|p1a: Flutter Mane\n|-damage|p1a: Flutter Mane|54\/100\n|move|p1a: Flutter Mane|Trick Room|p1a: Flutter Mane\n|-fieldstart|move: Trick Room|[of] p1a: Flutter Mane\n|\n|upkeep\n|turn|2\n|inactive|Double Clxtch has 30 seconds left.\n|inactive|marcelobg has 30 seconds left.\n|inactive|Double Clxtch has 20 seconds left.\n|inactive|marcelobg has 20 seconds left.\n|inactive|Double Clxtch has 15 seconds left.\n|inactive|marcelobg has 15 seconds left.\n|inactive|Double Clxtch has 10 seconds left.\n|inactive|Double Clxtch has 5 seconds left.\n|inactive|marcelobg has 10 seconds left.\n|\n|t:|1683262424\n|switch|p2a: Ceruledge|Ceruledge, L50, F|100\/100\n|move|p1b: Amoonguss|Pollen Puff|p2a: Ceruledge\n|-resisted|p2a: Ceruledge\n|-damage|p2a: Ceruledge|96\/100\n|move|p1a: Flutter Mane|Dazzling Gleam|p2a: Ceruledge|[spread] p2a,p2b\n|-resisted|p2a: Ceruledge\n|-damage|p2a: Ceruledge|84\/100\n|-damage|p2b: Gyarados|79\/100\n|move|p2b: Gyarados|Waterfall|p1a: Flutter Mane\n|-damage|p1a: Flutter Mane|30\/100\n|\n|-heal|p2a: Ceruledge|90\/100|[from] item: Leftovers\n|upkeep\n|turn|3\n|inactive|Double Clxtch has 30 seconds left.\n|inactive|marcelobg has 30 seconds left.\n|inactive|Double Clxtch has 20 seconds left.\n|inactive|marcelobg has 20 seconds left.\n|inactive|Double Clxtch has 15 seconds left.\n|inactive|marcelobg has 15 seconds left.\n|inactive|Double Clxtch has 10 seconds left.\n|inactive|Double Clxtch has 5 seconds left.\n|\n|t:|1683262479\n|move|p2a: Ceruledge|Shadow Sneak|p1a: Flutter Mane\n|-supereffective|p1a: Flutter Mane\n|-damage|p1a: Flutter Mane|0 fnt\n|faint|p1a: Flutter Mane\n|-end|p1a: Flutter Mane|Protosynthesis|[silent]\n|move|p1b: Amoonguss|Pollen Puff|p2a: Ceruledge\n|-resisted|p2a: Ceruledge\n|-damage|p2a: Ceruledge|86\/100\n|move|p2b: Gyarados|Waterfall|p1b: Amoonguss\n|-resisted|p1b: Amoonguss\n|-damage|p1b: Amoonguss|92\/100\n|\n|-heal|p2a: Ceruledge|92\/100|[from] item: Leftovers\n|-end|p1b: Amoonguss|move: Taunt\n|upkeep\n|inactive|Double Clxtch has 30 seconds left.\n|inactive|Double Clxtch has 20 seconds left.\n|inactive|Double Clxtch has 15 seconds left.\n|inactive|Double Clxtch has 10 seconds left.\n|inactive|Double Clxtch has 5 seconds left.\n|\n|t:|1683262534\n|switch|p1a: Baxcalibur|Baxcalibur, L50, M, shiny|100\/100\n|turn|4\n|inactive|Double Clxtch has 30 seconds left.\n|inactive|marcelobg has 30 seconds left.\n|\n|t:|1683262565\n|switch|p1b: Masquerain|Masquerain, L50, F, shiny|100\/100\n|-ability|p1b: Masquerain|Intimidate|boost\n|-unboost|p2a: Ceruledge|atk|1\n|-unboost|p2b: Gyarados|atk|1\n|switch|p2b: Ting-Lu|Ting-Lu, L50|100\/100\n|-ability|p2b: Ting-Lu|Vessel of Ruin\n|move|p1a: Baxcalibur|Protect|p1a: Baxcalibur\n|-singleturn|p1a: Baxcalibur|Protect\n|move|p2a: Ceruledge|Protect||[still]\n|-fail|p2a: Ceruledge\n|\n|-heal|p2a: Ceruledge|98\/100|[from] item: Leftovers\n|upkeep\n|turn|5\n|inactive|marcelobg has 30 seconds left.\n|inactive|marcelobg has 20 seconds left.\n|\n|t:|1683262600\n|switch|p2a: Gyarados|Gyarados, L50, F|79\/100\n|-ability|p2a: Gyarados|Intimidate|boost\n|-unboost|p1a: Baxcalibur|atk|1\n|-unboost|p1b: Masquerain|atk|1\n|-terastallize|p1a: Baxcalibur|Ground\n|move|p1b: Masquerain|Aqua Jet|p1a: Baxcalibur\n|-supereffective|p1a: Baxcalibur\n|-damage|p1a: Baxcalibur|92\/100\n|-enditem|p1a: Baxcalibur|Weakness Policy\n|-boost|p1a: Baxcalibur|atk|2|[from] item: Weakness Policy\n|-boost|p1a: Baxcalibur|spa|2|[from] item: Weakness Policy\n|move|p2b: Ting-Lu|Ruination|p1a: Baxcalibur\n|-damage|p1a: Baxcalibur|46\/100\n|move|p1a: Baxcalibur|Earthquake|p2b: Ting-Lu|[spread] p2b\n|-immune|p1b: Masquerain\n|-immune|p2a: Gyarados\n|-damage|p2b: Ting-Lu|60\/100\n|\n|-fieldend|move: Trick Room\n|upkeep\n|turn|6\n|inactive|marcelobg has 30 seconds left.\n|\n|t:|1683262631\n|switch|p1b: Amoonguss|Amoonguss, L50, M, shiny|100\/100\n|move|p1a: Baxcalibur|Ice Shard|p2b: Ting-Lu\n|-supereffective|p2b: Ting-Lu\n|-damage|p2b: Ting-Lu|18\/100\n|move|p2a: Gyarados|Waterfall|p1a: Baxcalibur\n|-supereffective|p1a: Baxcalibur\n|-damage|p1a: Baxcalibur|0 fnt\n|faint|p1a: Baxcalibur\n|move|p2b: Ting-Lu|Heavy Slam|p1b: Amoonguss\n|-crit|p1b: Amoonguss\n|-damage|p1b: Amoonguss|62\/100\n|\n|upkeep\n|\n|t:|1683262643\n|switch|p1a: Masquerain|Masquerain, L50, F, shiny|100\/100\n|-ability|p1a: Masquerain|Intimidate|boost\n|-unboost|p2a: Gyarados|atk|1\n|-unboost|p2b: Ting-Lu|atk|1\n|turn|7\n|inactive|Double Clxtch has 30 seconds left.\n|\n|t:|1683262676\n|move|p2a: Gyarados|Taunt|p1b: Amoonguss\n|-start|p1b: Amoonguss|move: Taunt\n|move|p1a: Masquerain|Energy Ball|p2b: Ting-Lu\n|-supereffective|p2b: Ting-Lu\n|-damage|p2b: Ting-Lu|3\/100\n|-unboost|p2b: Ting-Lu|spd|1\n|move|p2b: Ting-Lu|Ruination|p1b: Amoonguss\n|-damage|p1b: Amoonguss|31\/100\n|-enditem|p1b: Amoonguss|Sitrus Berry|[eat]\n|-heal|p1b: Amoonguss|56\/100|[from] item: Sitrus Berry\n|cant|p1b: Amoonguss|move: Taunt|Spore\n|\n|upkeep\n|turn|8\n|\n|t:|1683262700\n|move|p2a: Gyarados|Thunder Wave|p1a: Masquerain\n|-status|p1a: Masquerain|par\n|move|p2b: Ting-Lu|Ruination|p1a: Masquerain\n|-damage|p1a: Masquerain|51\/100 par\n|move|p1b: Amoonguss|Pollen Puff|p2b: Ting-Lu\n|-supereffective|p2b: Ting-Lu\n|-damage|p2b: Ting-Lu|0 fnt\n|faint|p2b: Ting-Lu\n|cant|p1a: Masquerain|par\n|\n|upkeep\n|\n|t:|1683262712\n|switch|p2b: Ceruledge|Ceruledge, L50, F|98\/100\n|turn|9\n|-message|Double Clxtch forfeited.\n|\n|win|marcelobg\n|raw|Double Clxtch's rating: 1196 → 1177<\/strong> (-19 for losing)\n|raw|marcelobg's rating: 1287 → 1306<\/strong> (+19 for winning)\n|l|\u2606Double Clxtch\n","uploadtime":1683262722,"views":8,"p1id":"doubleclxtch","p2id":"marcelobg","formatid":"gen9vgc2023regulationc","rating":1177,"private":0,"password":""}