{"id":"gen9vgc2023regulationc-1854700154","p1":"unimulticorn","p2":"GodSpeed270","format":"[Gen 9] VGC 2023 Regulation C","log":"|j|\u2606unimulticorn\n|j|\u2606GodSpeed270\n|t:|1682852894\n|gametype|doubles\n|player|p1|unimulticorn|caitlin|1054\n|player|p2|GodSpeed270|266|1037\n|teamsize|p1|4\n|teamsize|p2|6\n|gen|9\n|tier|[Gen 9] VGC 2023 Regulation C\n|rated|\n|rule|Species Clause: Limit one of each Pok\u00e9mon\n|rule|Item Clause: Limit one of each item\n|clearpoke\n|poke|p1|Sableye, L50, F|\n|poke|p1|Amoonguss, L50, M|\n|poke|p1|Baxcalibur, L50, M|\n|poke|p1|Chien-Pao, L50|\n|poke|p2|Ting-Lu, L50|\n|poke|p2|Vivillon-Fancy, L50, M|\n|poke|p2|Iron Bundle, L50|\n|poke|p2|Abomasnow, L50, M|\n|poke|p2|Annihilape, L50, M|\n|poke|p2|Chien-Pao, L50|\n|teampreview|4\n|inactive|Battle timer is ON: inactive players will automatically lose when time's up. (requested by unimulticorn)\nunimulticorn has agreed to open team sheets.\n|inactive|GodSpeed270 has 60 seconds left.\n|inactive|GodSpeed270 has 30 seconds left.\n|inactive|GodSpeed270 has 20 seconds left.\n|\n|t:|1682852964\n|start\n|switch|p1a: Sableye|Sableye, L50, F|100\/100\n|switch|p1b: Amoonguss|Amoonguss, L50, M|100\/100\n|switch|p2a: Vivillon|Vivillon-Fancy, L50, M|100\/100\n|switch|p2b: Annihilape|Annihilape, L50, M|100\/100\n|turn|1\n|\n|t:|1682852984\n|move|p1a: Sableye|Skill Swap|p1b: Amoonguss\n|-activate|p1a: Sableye|move: Skill Swap|||[of] p1b: Amoonguss\n|move|p1b: Amoonguss|Spore|p2a: Vivillon\n|-status|p2a: Vivillon|slp|[from] move: Spore\n|cant|p2a: Vivillon|slp\n|move|p2b: Annihilape|Rage Fist|p1a: Sableye\n|-damage|p1a: Sableye|76\/100\n|-status|p2b: Annihilape|par|[from] ability: Effect Spore|[of] p1a: Sableye\n|\n|upkeep\n|turn|2\n|\n|t:|1682853006\n|-curestatus|p2a: Vivillon|slp|[msg]\n|move|p2a: Vivillon|Safeguard|p2a: Vivillon\n|-sidestart|p2: GodSpeed270|Safeguard\n|move|p1a: Sableye|Foul Play|p2a: Vivillon\n|-damage|p2a: Vivillon|75\/100\n|move|p2b: Annihilape|Rage Fist|p1a: Sableye\n|-damage|p1a: Sableye|52\/100\n|move|p1b: Amoonguss|Sludge Bomb|p2a: Vivillon\n|-damage|p2a: Vivillon|0 fnt\n|faint|p2a: Vivillon\n|\n|upkeep\n|\n|t:|1682853021\n|switch|p2a: Ting-Lu|Ting-Lu, L50|100\/100\n|-ability|p2a: Ting-Lu|Vessel of Ruin\n|turn|3\n|c|\u2606unimulticorn|!data safeguard\n|raw| Safeguard<\/a><\/span> <\/span> Accuracy<\/em> \u2014<\/span> PP<\/em> 40<\/span> For 5 turns, protects user's party from status.<\/span> <\/li> <\/li><\/ul>\n\n|\n|t:|1682853045\n|move|p1a: Sableye|Detect|p1a: Sableye\n|-singleturn|p1a: Sableye|Protect\n|move|p2a: Ting-Lu|Rock Slide|p1a: Sableye|[spread] p1b\n|-activate|p1a: Sableye|move: Protect\n|-crit|p1b: Amoonguss\n|-damage|p1b: Amoonguss|58\/100\n|move|p2b: Annihilape|Taunt|p1b: Amoonguss\n|-start|p1b: Amoonguss|move: Taunt\n|cant|p1b: Amoonguss|flinch\n|\n|-heal|p1b: Amoonguss|63\/100|[from] item: Leftovers\n|upkeep\n|turn|4\n|\n|t:|1682853068\n|move|p2a: Ting-Lu|Rock Slide|p1a: Sableye|[spread] p1a\n|-miss|p2a: Ting-Lu|p1b: Amoonguss\n|-damage|p1a: Sableye|24\/100\n|-enditem|p1a: Sableye|Mago Berry|[eat]\n|-heal|p1a: Sableye|57\/100|[from] item: Mago Berry\n|move|p1a: Sableye|Sunny Day|p1a: Sableye\n|-weather|SunnyDay\n|cant|p2b: Annihilape|par\n|move|p1b: Amoonguss|Giga Drain|p2a: Ting-Lu\n|-supereffective|p2a: Ting-Lu\n|-damage|p2a: Ting-Lu|61\/100\n|-heal|p1b: Amoonguss|86\/100|[from] drain|[of] p2a: Ting-Lu\n|\n|-weather|SunnyDay|[upkeep]\n|-heal|p1b: Amoonguss|91\/100|[from] item: Leftovers\n|upkeep\n|turn|5\n|inactive|GodSpeed270 has 30 seconds left.\n|inactive|GodSpeed270 has 20 seconds left.\n|inactive|GodSpeed270 has 15 seconds left.\n|inactive|GodSpeed270 has 10 seconds left.\n|\n|t:|1682853115\n|-terastallize|p2a: Ting-Lu|Ground\n|move|p2a: Ting-Lu|Rock Slide|p1a: Sableye|[spread] p1a,p1b\n|-damage|p1a: Sableye|29\/100\n|-damage|p1b: Amoonguss|60\/100\n|move|p1a: Sableye|Foul Play|p2a: Ting-Lu\n|-damage|p2a: Ting-Lu|35\/100\n|move|p2b: Annihilape|Rage Fist|p1b: Amoonguss\n|-damage|p1b: Amoonguss|34\/100\n|move|p1b: Amoonguss|Giga Drain|p2a: Ting-Lu\n|-supereffective|p2a: Ting-Lu\n|-damage|p2a: Ting-Lu|0 fnt\n|-heal|p1b: Amoonguss|53\/100|[from] drain|[of] p2a: Ting-Lu\n|faint|p2a: Ting-Lu\n|\n|-weather|SunnyDay|[upkeep]\n|-heal|p1b: Amoonguss|59\/100|[from] item: Leftovers\n|-end|p1b: Amoonguss|move: Taunt\n|upkeep\n|\n|t:|1682853135\n|switch|p2a: Abomasnow|Abomasnow, L50, M|100\/100\n|-weather|Snow|[from] ability: Snow Warning|[of] p2a: Abomasnow\n|turn|6\n|\n|t:|1682853153\n|move|p2a: Abomasnow|Helping Hand|p2b: Annihilape\n|-singleturn|p2b: Annihilape|Helping Hand|[of] p2a: Abomasnow\n|move|p1a: Sableye|Sunny Day|p1a: Sableye\n|-weather|SunnyDay\n|move|p2b: Annihilape|Rage Fist|p1b: Amoonguss\n|-damage|p1b: Amoonguss|22\/100\n|move|p1b: Amoonguss|Sludge Bomb|p2a: Abomasnow\n|-supereffective|p2a: Abomasnow\n|-crit|p2a: Abomasnow\n|-damage|p2a: Abomasnow|0 fnt\n|faint|p2a: Abomasnow\n|\n|-weather|SunnyDay|[upkeep]\n|-heal|p1b: Amoonguss|28\/100|[from] item: Leftovers\n|-sideend|p2: GodSpeed270|Safeguard\n|upkeep\n|turn|7\n|\n|t:|1682853170\n|move|p1b: Amoonguss|Synthesis|p1b: Amoonguss\n|-heal|p1b: Amoonguss|95\/100\n|move|p1a: Sableye|Foul Play|p2b: Annihilape\n|-damage|p2b: Annihilape|54\/100 par\n|move|p2b: Annihilape|Rage Fist|p1a: Sableye\n|-damage|p1a: Sableye|0 fnt\n|faint|p1a: Sableye\n|\n|-weather|SunnyDay|[upkeep]\n|-heal|p1b: Amoonguss|100\/100|[from] item: Leftovers\n|upkeep\n|\n|t:|1682853178\n|switch|p1a: Baxcalibur|Baxcalibur, L50, M|100\/100\n|turn|8\n|\n|t:|1682853186\n|move|p1a: Baxcalibur|Glaive Rush|p2b: Annihilape\n|-damage|p2b: Annihilape|0 fnt\n|-singlemove|p1a: Baxcalibur|Glaive Rush|[silent]\n|faint|p2b: Annihilape\n|\n|win|unimulticorn\n|raw|unimulticorn's rating: 1054 → 1084<\/strong> (+30 for winning)\n|raw|GodSpeed270's rating: 1037 → 1022<\/strong> (-15 for losing)\n","uploadtime":1682853207,"views":19,"p1id":"unimulticorn","p2id":"godspeed270","formatid":"gen9vgc2023regulationc","rating":1022,"private":0,"password":""}