{"id":"gen9vgc2023regulationc-1856896225","p1":"NicoHaxVGC","p2":"RicardoJCP","format":"[Gen 9] VGC 2023 Regulation C","log":"|j|\u2606NicoHaxVGC\n|j|\u2606RicardoJCP\n|t:|1683123713\n|gametype|doubles\n|player|p1|NicoHaxVGC|red|1196\n|player|p2|RicardoJCP|buck|1183\n|teamsize|p1|6\n|teamsize|p2|6\n|gen|9\n|tier|[Gen 9] VGC 2023 Regulation C\n|rated|\n|rule|Species Clause: Limit one of each Pok\u00e9mon\n|rule|Item Clause: Limit one of each item\n|clearpoke\n|poke|p1|Corviknight, L50, F|\n|poke|p1|Ting-Lu, L50|\n|poke|p1|Annihilape, L50, M|\n|poke|p1|Maushold, L50|\n|poke|p1|Iron Bundle, L50|\n|poke|p1|Flutter Mane, L50|\n|poke|p2|Flutter Mane, L50|\n|poke|p2|Arcanine, L50, M|\n|poke|p2|Amoonguss, L50, F|\n|poke|p2|Ting-Lu, L50|\n|poke|p2|Palafin, L50, F|\n|poke|p2|Grimmsnarl, L50, M|\n|teampreview|4\n|inactive|Battle timer is ON: inactive players will automatically lose when time's up. (requested by NicoHaxVGC)\n|inactive|RicardoJCP has 60 seconds left.\n|\n|t:|1683123750\n|start\n|switch|p1a: Raven|Corviknight, L50, F|100\/100\n|switch|p1b: Beast boy|Ting-Lu, L50|100\/100\n|switch|p2a: Ting-Lu|Ting-Lu, L50|100\/100\n|switch|p2b: Grimmsnarl|Grimmsnarl, L50, M|100\/100\n|-ability|p1b: Beast boy|Vessel of Ruin\n|-ability|p2a: Ting-Lu|Vessel of Ruin\n|turn|1\n|inactive|RicardoJCP has 30 seconds left.\n|inactive|RicardoJCP has 20 seconds left.\n|\n|t:|1683123787\n|move|p2b: Grimmsnarl|Reflect|p2b: Grimmsnarl\n|-sidestart|p2: RicardoJCP|Reflect\n|move|p1a: Raven|Iron Head|p2b: Grimmsnarl\n|-supereffective|p2b: Grimmsnarl\n|-damage|p2b: Grimmsnarl|61\/100\n|move|p1b: Beast boy|Heavy Slam|p2b: Grimmsnarl\n|-supereffective|p2b: Grimmsnarl\n|-damage|p2b: Grimmsnarl|15\/100\n|move|p2a: Ting-Lu|Fissure|p1b: Beast boy|[miss]\n|-miss|p2a: Ting-Lu|p1b: Beast boy\n|\n|upkeep\n|turn|2\n|inactive|RicardoJCP has 30 seconds left.\n|\n|t:|1683123813\n|move|p2b: Grimmsnarl|Parting Shot|p1a: Raven\n|-ability|p1a: Raven|Mirror Armor\n|-unboost|p2b: Grimmsnarl|atk|1\n|-ability|p1a: Raven|Mirror Armor\n|-unboost|p2b: Grimmsnarl|spa|1\n|\n|t:|1683123822\n|switch|p2b: Arcanine|Arcanine, L50, M|100\/100|[from] Parting Shot\n|-ability|p2b: Arcanine|Intimidate|boost\n|-ability|p1a: Raven|Mirror Armor\n|-unboost|p2b: Arcanine|atk|1\n|-unboost|p1b: Beast boy|atk|1\n|move|p1a: Raven|Iron Head|p2b: Arcanine\n|-resisted|p2b: Arcanine\n|-damage|p2b: Arcanine|93\/100\n|move|p1b: Beast boy|Ruination|p2a: Ting-Lu\n|-damage|p2a: Ting-Lu|50\/100\n|move|p2a: Ting-Lu|Stomping Tantrum|p1b: Beast boy\n|-damage|p1b: Beast boy|66\/100\n|\n|upkeep\n|turn|3\n|inactive|NicoHaxVGC has 30 seconds left.\n|\n|t:|1683123858\n|-terastallize|p1a: Raven|Fire\n|move|p2b: Arcanine|Flare Blitz|p1a: Raven\n|-resisted|p1a: Raven\n|-damage|p1a: Raven|87\/100\n|-damage|p2b: Arcanine|89\/100|[from] Recoil\n|move|p1a: Raven|Brave Bird|p2a: Ting-Lu\n|-damage|p2a: Ting-Lu|34\/100\n|-damage|p1a: Raven|81\/100|[from] Recoil\n|move|p1b: Beast boy|Stomping Tantrum|p2a: Ting-Lu\n|-damage|p2a: Ting-Lu|27\/100\n|move|p2a: Ting-Lu|Fissure|p1b: Beast boy|[miss]\n|-miss|p2a: Ting-Lu|p1b: Beast boy\n|\n|upkeep\n|turn|4\n|inactive|NicoHaxVGC has 30 seconds left.\n|inactive|NicoHaxVGC has 20 seconds left.\n|\n|t:|1683123895\n|move|p2b: Arcanine|Will-O-Wisp|p1b: Beast boy\n|-status|p1b: Beast boy|brn\n|move|p1a: Raven|Iron Head|p2a: Ting-Lu\n|-damage|p2a: Ting-Lu|16\/100\n|move|p1b: Beast boy|Rock Slide|p2b: Arcanine|[spread] p2a,p2b\n|-resisted|p2a: Ting-Lu\n|-supereffective|p2b: Arcanine\n|-damage|p2a: Ting-Lu|16\/100\n|-damage|p2b: Arcanine|83\/100\n|cant|p2a: Ting-Lu|flinch\n|\n|-damage|p1b: Beast boy|60\/100 brn|[from] brn\n|upkeep\n|turn|5\n|\n|t:|1683123916\n|move|p2b: Arcanine|Protect|p2b: Arcanine\n|-singleturn|p2b: Arcanine|Protect\n|move|p1a: Raven|Iron Head|p2a: Ting-Lu\n|-damage|p2a: Ting-Lu|5\/100\n|move|p1b: Beast boy|Rock Slide|p2a: Ting-Lu|[spread] p2a\n|-activate|p2b: Arcanine|move: Protect\n|-resisted|p2a: Ting-Lu\n|-damage|p2a: Ting-Lu|4\/100\n|cant|p2a: Ting-Lu|flinch\n|\n|-damage|p1b: Beast boy|54\/100 brn|[from] brn\n|upkeep\n|turn|6\n|inactive|RicardoJCP has 30 seconds left.\n|inactive|RicardoJCP has 20 seconds left.\n|inactive|RicardoJCP has 15 seconds left.\n|\n|t:|1683123960\n|-terastallize|p2b: Arcanine|Grass\n|move|p2b: Arcanine|Snarl|p1a: Raven|[spread] p1a,p1b\n|-resisted|p1b: Beast boy\n|-damage|p1a: Raven|75\/100\n|-damage|p1b: Beast boy|53\/100 brn\n|-ability|p1a: Raven|Mirror Armor\n|-unboost|p2b: Arcanine|spa|1\n|-unboost|p1b: Beast boy|spa|1\n|move|p1a: Raven|Iron Head|p2a: Ting-Lu\n|-damage|p2a: Ting-Lu|0 fnt\n|faint|p2a: Ting-Lu\n|move|p1b: Beast boy|Ruination|p2b: Arcanine\n|-damage|p2b: Arcanine|42\/100\n|\n|-damage|p1b: Beast boy|47\/100 brn|[from] brn\n|upkeep\n|\n|t:|1683123977\n|switch|p2a: Flutter Mane|Flutter Mane, L50|100\/100\n|turn|7\n|inactive|NicoHaxVGC has 30 seconds left.\n|inactive|NicoHaxVGC has 20 seconds left.\n|inactive|NicoHaxVGC has 15 seconds left.\n|\n|t:|1683124019\n|move|p2b: Arcanine|Protect|p2b: Arcanine\n|-singleturn|p2b: Arcanine|Protect\n|move|p2a: Flutter Mane|Moonblast|p1b: Beast boy\n|-supereffective|p1b: Beast boy\n|-damage|p1b: Beast boy|0 fnt\n|faint|p1b: Beast boy\n|-damage|p2a: Flutter Mane|91\/100|[from] item: Life Orb\n|move|p1a: Raven|Tailwind|p1a: Raven\n|-sidestart|p1: NicoHaxVGC|move: Tailwind\n|\n|upkeep\n|\n|t:|1683124029\n|switch|p1b: Star fire|Flutter Mane, L50|100\/100\n|turn|8\n|\n|t:|1683124038\n|move|p2a: Flutter Mane|Protect|p2a: Flutter Mane\n|-singleturn|p2a: Flutter Mane|Protect\n|move|p1b: Star fire|Shadow Ball|p2a: Flutter Mane\n|-activate|p2a: Flutter Mane|move: Protect\n|move|p1a: Raven|Brave Bird|p2b: Arcanine\n|-supereffective|p2b: Arcanine\n|-damage|p2b: Arcanine|0 fnt\n|faint|p2b: Arcanine\n|-damage|p1a: Raven|61\/100|[from] Recoil\n|\n|-sideend|p2: RicardoJCP|Reflect\n|upkeep\n|\n|t:|1683124051\n|switch|p2b: Grimmsnarl|Grimmsnarl, L50, M|15\/100\n|turn|9\n|\n|t:|1683124058\n|-end|p1b: Star fire|Protosynthesis|[silent]\n|switch|p1b: Maushold|Maushold, L50|100\/100\n|move|p2b: Grimmsnarl|Light Screen|p2b: Grimmsnarl\n|-sidestart|p2: RicardoJCP|move: Light Screen\n|move|p1a: Raven|Iron Head|p2a: Flutter Mane\n|-supereffective|p2a: Flutter Mane\n|-damage|p2a: Flutter Mane|0 fnt\n|faint|p2a: Flutter Mane\n|-end|p2a: Flutter Mane|Protosynthesis|[silent]\n|\n|upkeep\n|turn|10\n|\n|t:|1683124069\n|move|p1b: Maushold|Follow Me|p1b: Maushold\n|-singleturn|p1b: Maushold|move: Follow Me\n|move|p2b: Grimmsnarl|Reflect|p2b: Grimmsnarl\n|-sidestart|p2: RicardoJCP|Reflect\n|move|p1a: Raven|Iron Head|p2b: Grimmsnarl\n|-supereffective|p2b: Grimmsnarl\n|-damage|p2b: Grimmsnarl|0 fnt\n|faint|p2b: Grimmsnarl\n|\n|win|NicoHaxVGC\n|raw|NicoHaxVGC's rating: 1196 → 1220<\/strong> (+24 for winning)\n|raw|RicardoJCP's rating: 1183 → 1159<\/strong> (-24 for losing)\n","uploadtime":1683124076,"views":6,"p1id":"nicohaxvgc","p2id":"ricardojcp","formatid":"gen9vgc2023regulationc","rating":1159,"private":0,"password":""}