{"id":"gen9vgc2023regulationc-1848143510","p1":"mait27","p2":"Voiceactive","format":"[Gen 9] VGC 2023 Regulation C","log":"|j|\u2606mait27\n|j|\u2606Voiceactive\n|t:|1682034777\n|gametype|doubles\n|player|p1|mait27|170|1069\n|player|p2|Voiceactive|byron|1000\n|teamsize|p1|6\n|teamsize|p2|6\n|gen|9\n|tier|[Gen 9] VGC 2023 Regulation C\n|rated|\n|rule|Species Clause: Limit one of each Pok\u00e9mon\n|rule|Item Clause: Limit one of each item\n|clearpoke\n|poke|p1|Ceruledge, L50, F|\n|poke|p1|Misdreavus, L50, F|\n|poke|p1|Maushold-Four, L50|\n|poke|p1|Flamigo, L50, M|\n|poke|p1|Torkoal, L50, F|\n|poke|p1|Iron Bundle, L50|\n|poke|p2|Iron Valiant, L50|\n|poke|p2|Rotom-Wash, L50|\n|poke|p2|Dragalge, L50, M|\n|poke|p2|Grafaiai, L50, F|\n|poke|p2|Chien-Pao, L50|\n|poke|p2|Zangoose, L50, F|\n|teampreview|4\n|\n|t:|1682034792\n|start\n|switch|p1a: Misdreavus|Misdreavus, L50, F|100\/100\n|switch|p1b: Ceruledge|Ceruledge, L50, F|100\/100\n|switch|p2a: Zangoose|Zangoose, L50, F, shiny|100\/100\n|switch|p2b: Chien-Pao|Chien-Pao, L50|100\/100\n|-ability|p2b: Chien-Pao|Sword of Ruin\n|turn|1\n|\n|t:|1682034820\n|-terastallize|p2a: Zangoose|Poison\n|move|p1a: Misdreavus|Shadow Sneak|p1b: Ceruledge\n|-supereffective|p1b: Ceruledge\n|-crit|p1b: Ceruledge\n|-damage|p1b: Ceruledge|51\/100\n|-ability|p1b: Ceruledge|Weak Armor|boost\n|-unboost|p1b: Ceruledge|def|1\n|-boost|p1b: Ceruledge|spe|2\n|-enditem|p1b: Ceruledge|Weakness Policy\n|-boost|p1b: Ceruledge|atk|2|[from] item: Weakness Policy\n|-boost|p1b: Ceruledge|spa|2|[from] item: Weakness Policy\n|move|p1b: Ceruledge|Substitute|p1b: Ceruledge\n|-start|p1b: Ceruledge|Substitute\n|-damage|p1b: Ceruledge|26\/100\n|move|p2b: Chien-Pao|Swords Dance|p2b: Chien-Pao\n|-boost|p2b: Chien-Pao|atk|2\n|move|p2a: Zangoose|Shadow Claw|p1b: Ceruledge\n|-supereffective|p1b: Ceruledge\n|-end|p1b: Ceruledge|Substitute\n|\n|upkeep\n|turn|2\n|\n|t:|1682034858\n|move|p2a: Zangoose|Detect|p2a: Zangoose\n|-singleturn|p2a: Zangoose|Protect\n|move|p1a: Misdreavus|Shadow Sneak|p2b: Chien-Pao\n|-resisted|p2b: Chien-Pao\n|-damage|p2b: Chien-Pao|94\/100\n|move|p1b: Ceruledge|Bitter Blade|p2b: Chien-Pao\n|-supereffective|p2b: Chien-Pao\n|-damage|p2b: Chien-Pao|0 fnt\n|-heal|p1b: Ceruledge|66\/100|[from] drain|[of] p2b: Chien-Pao\n|faint|p2b: Chien-Pao\n|\n|upkeep\n|\n|t:|1682034885\n|switch|p2b: Dragalge|Dragalge, L50, M|100\/100\n|turn|3\n|\n|t:|1682034906\n|-terastallize|p1b: Ceruledge|Grass\n|move|p2b: Dragalge|Protect|p2b: Dragalge\n|-singleturn|p2b: Dragalge|Protect\n|move|p1b: Ceruledge|Bitter Blade|p2a: Zangoose\n|-damage|p2a: Zangoose|0 fnt\n|-heal|p1b: Ceruledge|100\/100|[from] drain|[of] p2a: Zangoose\n|faint|p2a: Zangoose\n|move|p1a: Misdreavus|Taunt|p2b: Dragalge\n|-activate|p2b: Dragalge|move: Protect\n|\n|upkeep\n|\n|t:|1682034918\n|switch|p2a: Casshan|Iron Valiant, L50|100\/100\n|-enditem|p2a: Casshan|Booster Energy\n|-activate|p2a: Casshan|ability: Quark Drive|[fromitem]\n|-start|p2a: Casshan|quarkdriveatk\n|turn|4\n|\n|t:|1682034931\n|move|p1b: Ceruledge|Shadow Claw|p2a: Casshan\n|-damage|p2a: Casshan|17\/100\n|move|p2a: Casshan|Dazzling Gleam|p1a: Misdreavus|[spread] p1a,p1b\n|-damage|p1a: Misdreavus|88\/100\n|-damage|p1b: Ceruledge|79\/100\n|move|p1a: Misdreavus|Perish Song|p1a: Misdreavus\n|-start|p1a: Misdreavus|perish3|[silent]\n|-start|p1b: Ceruledge|perish3|[silent]\n|-start|p2a: Casshan|perish3|[silent]\n|-start|p2b: Dragalge|perish3|[silent]\n|-fieldactivate|move: Perish Song\n|move|p2b: Dragalge|Sludge Bomb|p1b: Ceruledge\n|-supereffective|p1b: Ceruledge\n|-damage|p1b: Ceruledge|2\/100\n|\n|-start|p1b: Ceruledge|perish3\n|-start|p2a: Casshan|perish3\n|-start|p1a: Misdreavus|perish3\n|-start|p2b: Dragalge|perish3\n|upkeep\n|turn|5\n|-message|Voiceactive forfeited.\n|\n|win|mait27\n|raw|mait27's rating: 1069 → 1093<\/strong> (+24 for winning)\n|raw|Voiceactive's rating: 1000 → 1000<\/strong> (+0 for losing)\n|l|\u2606Voiceactive\n","uploadtime":1682034953,"views":9,"p1id":"mait27","p2id":"voiceactive","formatid":"gen9vgc2023regulationc","rating":1000,"private":0,"password":""}