{"id":"gen9vgc2023regulationc-1860650813","p1":"BluFalconTwitch","p2":"Broskander","format":"[Gen 9] VGC 2023 Regulation C","log":"|j|\u2606BluFalconTwitch\n|j|\u2606Broskander\n|t:|1683662606\n|gametype|doubles\n|player|p1|BluFalconTwitch|boarder|1160\n|player|p2|Broskander|169|1149\n|teamsize|p1|6\n|teamsize|p2|6\n|gen|9\n|tier|[Gen 9] VGC 2023 Regulation C\n|rated|\n|rule|Species Clause: Limit one of each Pok\u00e9mon\n|rule|Item Clause: Limit one of each item\n|clearpoke\n|poke|p1|Annihilape, L50, F|\n|poke|p1|Maushold, L50|\n|poke|p1|Palafin, L50, M|\n|poke|p1|Arcanine, L50, F|\n|poke|p1|Ting-Lu, L50|\n|poke|p1|Iron Bundle, L50|\n|poke|p2|Braviary, L50, M|\n|poke|p2|Dragapult, L50, M|\n|poke|p2|Chien-Pao, L50|\n|poke|p2|Volcarona, L50, M|\n|poke|p2|Palafin, L50, F|\n|poke|p2|Tsareena, L50, F|\n|teampreview|4\nBluFalconTwitch has agreed to open team sheets.\n|\n|t:|1683662647\n|start\n|switch|p1a: Iron Bundle|Iron Bundle, L50|100\/100\n|switch|p1b: Ting-Lu|Ting-Lu, L50|100\/100\n|switch|p2a: Braviary|Braviary, L50, M|100\/100\n|switch|p2b: Dragapult|Dragapult, L50, M|100\/100\n|-ability|p1b: Ting-Lu|Vessel of Ruin\n|-enditem|p1a: Iron Bundle|Booster Energy\n|-activate|p1a: Iron Bundle|ability: Quark Drive|[fromitem]\n|-start|p1a: Iron Bundle|quarkdrivespe\n|turn|1\n|inactive|Battle timer is ON: inactive players will automatically lose when time's up. (requested by Broskander)\n|\n|t:|1683662677\n|move|p1a: Iron Bundle|Freeze-Dry|p2a: Braviary\n|-supereffective|p2a: Braviary\n|-crit|p2a: Braviary\n|-damage|p2a: Braviary|19\/100\n|move|p2b: Dragapult|Dragon Darts|p1a: Iron Bundle\n|-damage|p1a: Iron Bundle|61\/100\n|-anim|p2b: Dragapult|Dragon Darts|p1b: Ting-Lu\n|-damage|p1b: Ting-Lu|80\/100\n|-damage|p2b: Dragapult|91\/100|[from] item: Life Orb\n|move|p2a: Braviary|Close Combat|p1a: Iron Bundle\n|-supereffective|p1a: Iron Bundle\n|-damage|p1a: Iron Bundle|0 fnt\n|-unboost|p2a: Braviary|def|1\n|-unboost|p2a: Braviary|spd|1\n|faint|p1a: Iron Bundle\n|-end|p1a: Iron Bundle|Quark Drive|[silent]\n|move|p1b: Ting-Lu|Rock Slide|p2a: Braviary|[spread] p2a,p2b\n|-supereffective|p2a: Braviary\n|-damage|p2a: Braviary|0 fnt\n|-damage|p2b: Dragapult|67\/100\n|faint|p2a: Braviary\n|\n|upkeep\n|\n|t:|1683662698\n|switch|p1a: Annihilape|Annihilape, L50, F|100\/100\n|switch|p2a: Palafin|Palafin, L50, F|100\/100\n|turn|2\n|\n|t:|1683662716\n|detailschange|p2a: Palafin|Palafin-Hero, L50, F\n|switch|p2a: Chien-Pao|Chien-Pao, L50|100\/100\n|-ability|p2a: Chien-Pao|Sword of Ruin\n|switch|p1b: Arcanine|Arcanine, L50, F|100\/100\n|-ability|p1b: Arcanine|Intimidate|boost\n|-unboost|p2a: Chien-Pao|atk|1\n|-fail|p2b: Dragapult|unboost|[from] ability: Clear Body|[of] p2b: Dragapult\n|-terastallize|p1a: Annihilape|Fire\n|move|p2b: Dragapult|Phantom Force||[still]\n|-prepare|p2b: Dragapult|Phantom Force\n|move|p1a: Annihilape|Rage Fist|p2b: Dragapult|[miss]\n|-miss|p1a: Annihilape|p2b: Dragapult\n|\n|upkeep\n|turn|3\n|inactive|BluFalconTwitch has 30 seconds left.\n|inactive|Broskander has 30 seconds left.\n|\n|t:|1683662743\n|move|p2a: Chien-Pao|Protect|p2a: Chien-Pao\n|-singleturn|p2a: Chien-Pao|Protect\n|move|p2b: Dragapult|Phantom Force|p1a: Annihilape|[from]lockedmove\n|-damage|p1a: Annihilape|35\/100\n|-damage|p2b: Dragapult|57\/100|[from] item: Life Orb\n|move|p1b: Arcanine|Howl|p1b: Arcanine|[spread] p1a,p1b\n|-boost|p1a: Annihilape|atk|1\n|-boost|p1b: Arcanine|atk|1\n|move|p1a: Annihilape|Bulk Up|p1a: Annihilape\n|-boost|p1a: Annihilape|atk|1\n|-boost|p1a: Annihilape|def|1\n|\n|-heal|p1a: Annihilape|41\/100|[from] item: Leftovers\n|upkeep\n|turn|4\n|\n|t:|1683662767\n|move|p1a: Annihilape|Protect|p1a: Annihilape\n|-singleturn|p1a: Annihilape|Protect\n|move|p2a: Chien-Pao|Sucker Punch||[still]\n|-fail|p2a: Chien-Pao\n|move|p2b: Dragapult|Dragon Darts|p1b: Arcanine\n|-damage|p1b: Arcanine|58\/100\n|-anim|p2b: Dragapult|Dragon Darts|p1b: Arcanine\n|-damage|p1b: Arcanine|15\/100\n|-enditem|p1b: Arcanine|Figy Berry|[eat]\n|-heal|p1b: Arcanine|48\/100|[from] item: Figy Berry\n|-damage|p2b: Dragapult|47\/100|[from] item: Life Orb\n|move|p1b: Arcanine|Flare Blitz|p2a: Chien-Pao\n|-supereffective|p2a: Chien-Pao\n|-enditem|p2a: Chien-Pao|Focus Sash\n|-damage|p2a: Chien-Pao|1\/100\n|-damage|p1b: Arcanine|22\/100|[from] Recoil\n|\n|-heal|p1a: Annihilape|47\/100|[from] item: Leftovers\n|upkeep\n|turn|5\n|inactive|BluFalconTwitch has 30 seconds left.\n|inactive|Broskander has 30 seconds left.\n|inactive|Broskander has 20 seconds left.\n|\n|t:|1683662805\n|switch|p1a: Ting-Lu|Ting-Lu, L50|80\/100\n|-ability|p1a: Ting-Lu|Vessel of Ruin\n|move|p2a: Chien-Pao|Protect|p2a: Chien-Pao\n|-singleturn|p2a: Chien-Pao|Protect\n|move|p1b: Arcanine|Extreme Speed|p2a: Chien-Pao\n|-activate|p2a: Chien-Pao|move: Protect\n|move|p2b: Dragapult|Dragon Darts|p1a: Ting-Lu\n|-damage|p1a: Ting-Lu|55\/100\n|-anim|p2b: Dragapult|Dragon Darts|p1b: Arcanine\n|-damage|p1b: Arcanine|0 fnt\n|faint|p1b: Arcanine\n|-damage|p2b: Dragapult|38\/100|[from] item: Life Orb\n|\n|upkeep\n|\n|t:|1683662812\n|switch|p1b: Annihilape|Annihilape, L50, F, tera:Fire|47\/100\n|turn|6\n|\n|t:|1683662827\n|-terastallize|p2b: Dragapult|Dragon\n|move|p1b: Annihilape|Protect|p1b: Annihilape\n|-singleturn|p1b: Annihilape|Protect\n|move|p2a: Chien-Pao|Ice Spinner|p1a: Ting-Lu\n|-supereffective|p1a: Ting-Lu\n|-damage|p1a: Ting-Lu|11\/100\n|move|p2b: Dragapult|Dragon Darts|p1a: Ting-Lu\n|-damage|p1a: Ting-Lu|0 fnt\n|faint|p1a: Ting-Lu\n|-damage|p2b: Dragapult|28\/100|[from] item: Life Orb\n|\n|-heal|p1b: Annihilape|52\/100|[from] item: Leftovers\n|upkeep\n|turn|7\n|-message|BluFalconTwitch forfeited.\n|\n|win|Broskander\n|raw|BluFalconTwitch's rating: 1160 → 1134<\/strong> (-26 for losing)\n|raw|Broskander's rating: 1149 → 1175<\/strong> (+26 for winning)\n|l|\u2606BluFalconTwitch\n","uploadtime":1683662846,"views":12,"p1id":"blufalcontwitch","p2id":"broskander","formatid":"gen9vgc2023regulationc","rating":1134,"private":0,"password":""}