{"id":"gen9vgc2023regulationc-1855731809","p1":"chesper","p2":"hhhyy6","format":"[Gen 9] VGC 2023 Regulation C","log":"|j|\u2606chesper\n|j|\u2606hhhyy6\n|t:|1682977807\n|gametype|doubles\n|player|p1|chesper|blackbelt-gen4dp|1319\n|player|p2|hhhyy6|2|1220\n|teamsize|p1|6\n|teamsize|p2|6\n|gen|9\n|tier|[Gen 9] VGC 2023 Regulation C\n|rated|\n|rule|Species Clause: Limit one of each Pok\u00e9mon\n|rule|Item Clause: Limit one of each item\n|clearpoke\n|poke|p1|Wo-Chien, L50|\n|poke|p1|Glimmora, L50, F|\n|poke|p1|Scizor, L50, M|\n|poke|p1|Ceruledge, L50, F|\n|poke|p1|Azumarill, L50, F|\n|poke|p1|Gholdengo, L50|\n|poke|p2|Torkoal, L50, M|\n|poke|p2|Chi-Yu, L50|\n|poke|p2|Bronzong, L50|\n|poke|p2|Gastrodon, L50, M|\n|poke|p2|Grimmsnarl, L50, M|\n|poke|p2|Skeledirge, L50, M|\n|teampreview|4\n|inactive|Battle timer is ON: inactive players will automatically lose when time's up. (requested by chesper)\n|inactive|chesper has 60 seconds left.\n|inactive|chesper has 30 seconds left.\n|inactive|chesper has 20 seconds left.\n|inactive|chesper has 15 seconds left.\n|\n|t:|1682977886\n|start\n|switch|p1a: Wo-Chien|Wo-Chien, L50|100\/100\n|switch|p1b: Glimmora|Glimmora, L50, F|100\/100\n|switch|p2a: Grimmsnarl|Grimmsnarl, L50, M|100\/100\n|switch|p2b: Chi-Yu|Chi-Yu, L50|100\/100\n|-ability|p2b: Chi-Yu|Beads of Ruin\n|-ability|p1a: Wo-Chien|Tablets of Ruin\n|turn|1\n|inactive|chesper has 30 seconds left.\n|\n|t:|1682977920\n|move|p2b: Chi-Yu|Protect|p2b: Chi-Yu\n|-singleturn|p2b: Chi-Yu|Protect\n|move|p1a: Wo-Chien|Protect|p1a: Wo-Chien\n|-singleturn|p1a: Wo-Chien|Protect\n|move|p2a: Grimmsnarl|Trick|p1b: Glimmora\n|-activate|p2a: Grimmsnarl|move: Trick|[of] p1b: Glimmora\n|-item|p1b: Glimmora|Lagging Tail|[from] move: Trick\n|-item|p2a: Grimmsnarl|Focus Sash|[from] move: Trick\n|move|p1b: Glimmora|Power Gem|p2b: Chi-Yu\n|-activate|p2b: Chi-Yu|move: Protect\n|\n|upkeep\n|turn|2\n|\n|t:|1682977935\n|switch|p2b: Gastrodon|Gastrodon, L50, M|100\/100\n|switch|p1a: Ceruledge|Ceruledge, L50, F|100\/100\n|move|p2a: Grimmsnarl|Spirit Break|p1a: Ceruledge\n|-resisted|p1a: Ceruledge\n|-damage|p1a: Ceruledge|77\/100\n|-unboost|p1a: Ceruledge|spa|1\n|move|p1b: Glimmora|Power Gem|p2b: Gastrodon\n|-resisted|p2b: Gastrodon\n|-damage|p2b: Gastrodon|82\/100\n|\n|upkeep\n|turn|3\n|\n|t:|1682977949\n|-terastallize|p1a: Ceruledge|Grass\n|move|p2b: Gastrodon|Protect|p2b: Gastrodon\n|-singleturn|p2b: Gastrodon|Protect\n|move|p1b: Glimmora|Spiky Shield|p1b: Glimmora\n|-singleturn|p1b: Glimmora|move: Protect\n|move|p2a: Grimmsnarl|Trick|p1a: Ceruledge\n|-activate|p2a: Grimmsnarl|move: Trick|[of] p1a: Ceruledge\n|-item|p1a: Ceruledge|Focus Sash|[from] move: Trick\n|-item|p2a: Grimmsnarl|Assault Vest|[from] move: Trick\n|move|p1a: Ceruledge|Tera Blast|p2b: Gastrodon\n|-activate|p2b: Gastrodon|move: Protect\n|\n|upkeep\n|turn|4\n|inactive|chesper has 30 seconds left.\n|\n|t:|1682977974\n|-terastallize|p2b: Gastrodon|Steel\n|move|p2a: Grimmsnarl|Sucker Punch|p1a: Ceruledge\n|-damage|p1a: Ceruledge|30\/100\n|move|p1a: Ceruledge|Bitter Blade|p2a: Grimmsnarl\n|-crit|p2a: Grimmsnarl\n|-damage|p2a: Grimmsnarl|21\/100\n|-heal|p1a: Ceruledge|77\/100|[from] drain|[of] p2a: Grimmsnarl\n|move|p2b: Gastrodon|Sludge Bomb|p1a: Ceruledge\n|-supereffective|p1a: Ceruledge\n|-damage|p1a: Ceruledge|29\/100\n|-status|p1a: Ceruledge|psn\n|move|p1b: Glimmora|Power Gem|p2a: Grimmsnarl\n|-damage|p2a: Grimmsnarl|0 fnt\n|faint|p2a: Grimmsnarl\n|\n|-damage|p1a: Ceruledge|16\/100 psn|[from] psn\n|upkeep\n|\n|t:|1682977983\n|switch|p2a: Chi-Yu|Chi-Yu, L50|100\/100\n|-ability|p2a: Chi-Yu|Beads of Ruin\n|turn|5\n|\n|t:|1682978008\n|move|p2a: Chi-Yu|Tera Blast|p1a: Ceruledge\n|-damage|p1a: Ceruledge|0 fnt\n|faint|p1a: Ceruledge\n|move|p2b: Gastrodon|Earth Power|p1b: Glimmora\n|-supereffective|p1b: Glimmora\n|-damage|p1b: Glimmora|0 fnt\n|faint|p1b: Glimmora\n|\n|upkeep\n|\n|t:|1682978018\n|switch|p1b: Azumarill|Azumarill, L50, F|100\/100\n|switch|p1a: Wo-Chien|Wo-Chien, L50|100\/100\n|-ability|p1a: Wo-Chien|Tablets of Ruin\n|turn|6\n|\n|t:|1682978032\n|move|p1a: Wo-Chien|Protect|p1a: Wo-Chien\n|-singleturn|p1a: Wo-Chien|Protect\n|move|p2a: Chi-Yu|Substitute|p2a: Chi-Yu\n|-start|p2a: Chi-Yu|Substitute\n|-damage|p2a: Chi-Yu|76\/100\n|move|p1b: Azumarill|Play Rough|p2a: Chi-Yu|[miss]\n|-miss|p1b: Azumarill|p2a: Chi-Yu\n|move|p2b: Gastrodon|Clear Smog|p1b: Azumarill\n|-supereffective|p1b: Azumarill\n|-damage|p1b: Azumarill|59\/100\n|-clearboost|p1b: Azumarill\n|\n|upkeep\n|turn|7\n|-message|chesper forfeited.\n|\n|win|hhhyy6\n|raw|chesper's rating: 1319 → 1293<\/strong> (-26 for losing)\n|raw|hhhyy6's rating: 1220 → 1252<\/strong> (+32 for winning)\n|l|\u2606chesper\n","uploadtime":1682978046,"views":15,"p1id":"chesper","p2id":"hhhyy6","formatid":"gen9vgc2023regulationc","rating":1252,"private":0,"password":""}