{"id":"gen9vgc2023regulationc-1856987410","p1":"Takidame","p2":"All Puff","format":"[Gen 9] VGC 2023 Regulation C","log":"|j|\u2606Takidame\n|j|\u2606All Puff\n|t:|1683133842\n|gametype|doubles\n|player|p1|Takidame|janine|\n|player|p2|All Puff|101|\n|teamsize|p1|6\n|teamsize|p2|6\n|gen|9\n|tier|[Gen 9] VGC 2023 Regulation C\n|rule|Species Clause: Limit one of each Pok\u00e9mon\n|rule|Item Clause: Limit one of each item\n|clearpoke\n|poke|p1|Hydreigon, L50, M|\n|poke|p1|Hariyama, L50, F|\n|poke|p1|Maushold-Four, L50|\n|poke|p1|Shroodle, L50, F|\n|poke|p1|Indeedee-F, L50, F|\n|poke|p1|Magnezone, L50|\n|poke|p2|Flutter Mane, L50|\n|poke|p2|Scream Tail, L50|\n|poke|p2|Gothitelle, L50, M|\n|poke|p2|Arcanine, L50, M|\n|poke|p2|Brute Bonnet, L50|\n|poke|p2|Ting-Lu, L50|\n|teampreview|4\nAll Puff has agreed to open team sheets.\nTakidame has agreed to open team sheets.\n|\n|t:|1683133900\n|start\n|switch|p1a: Hydreigon|Hydreigon, L50, M|100\/100\n|switch|p1b: Shroodle|Shroodle, L50, F|100\/100\n|switch|p2a: Flutter Mane|Flutter Mane, L50|100\/100\n|switch|p2b: Gothitelle|Gothitelle, L50, M|100\/100\n|turn|1\n|\n|t:|1683133920\n|-terastallize|p2a: Flutter Mane|Fairy\n|-terastallize|p1a: Hydreigon|Steel\n|move|p2b: Gothitelle|Fake Out|p1a: Hydreigon\n|-resisted|p1a: Hydreigon\n|-damage|p1a: Hydreigon|98\/100\n|move|p1b: Shroodle|Taunt|p2a: Flutter Mane\n|-start|p2a: Flutter Mane|move: Taunt\n|move|p2a: Flutter Mane|Moonblast|p1b: Shroodle\n|-resisted|p1b: Shroodle\n|-enditem|p1b: Shroodle|Focus Sash\n|-damage|p1b: Shroodle|1\/100\n|cant|p1a: Hydreigon|flinch\n|\n|upkeep\n|turn|2\n|\n|t:|1683134067\n|-end|p2a: Flutter Mane|Protosynthesis|[silent]\n|switch|p2a: Ting-Lu|Ting-Lu, L50|100\/100\n|-ability|p2a: Ting-Lu|Vessel of Ruin\n|switch|p2b: Arcanine|Arcanine, L50, M|100\/100\n|-ability|p2b: Arcanine|Intimidate|boost\n|-unboost|p1a: Hydreigon|atk|1\n|-unboost|p1b: Shroodle|atk|1\n|move|p1b: Shroodle|Parting Shot|p2b: Arcanine\n|-unboost|p2b: Arcanine|atk|1\n|-unboost|p2b: Arcanine|spa|1\n|\n|t:|1683134079\n|switch|p1b: Indeedee|Indeedee-F, L50, F|100\/100|[from] Parting Shot\n|-fieldstart|move: Psychic Terrain|[from] ability: Psychic Surge|[of] p1b: Indeedee\n|-enditem|p1b: Indeedee|Psychic Seed\n|-boost|p1b: Indeedee|spd|1|[from] item: Psychic Seed\n|move|p1a: Hydreigon|Flash Cannon|p2a: Ting-Lu\n|-damage|p2a: Ting-Lu|81\/100\n|-damage|p1a: Hydreigon|88\/100|[from] item: Life Orb\n|\n|upkeep\n|turn|3\n|j| ContessaZia\n|\n|t:|1683134137\n|move|p1b: Indeedee|Helping Hand|p1a: Hydreigon\n|-singleturn|p1a: Hydreigon|Helping Hand|[of] p1b: Indeedee\n|move|p1a: Hydreigon|Draco Meteor|p2a: Ting-Lu\n|-damage|p2a: Ting-Lu|38\/100\n|-unboost|p1a: Hydreigon|spa|2\n|-damage|p1a: Hydreigon|78\/100|[from] item: Life Orb\n|move|p2b: Arcanine|Flare Blitz|p1a: Hydreigon\n|-supereffective|p1a: Hydreigon\n|-damage|p1a: Hydreigon|0 fnt\n|faint|p1a: Hydreigon\n|-damage|p2b: Arcanine|75\/100|[from] Recoil\n|move|p2a: Ting-Lu|Throat Chop|p1b: Indeedee\n|-supereffective|p1b: Indeedee\n|-damage|p1b: Indeedee|15\/100\n|-start|p1b: Indeedee|Throat Chop|[silent]\n|\n|upkeep\n|\n|t:|1683134151\n|switch|p1a: Maushold|Maushold-Four, L50|100\/100\n|turn|4\n|\n|t:|1683134170\n|switch|p2a: Flutter Mane|Flutter Mane, L50, tera:Fairy|100\/100\n|move|p1b: Indeedee|Helping Hand|p1a: Maushold\n|-singleturn|p1a: Maushold|Helping Hand|[of] p1b: Indeedee\n|move|p1a: Maushold|Population Bomb|p2a: Flutter Mane\n|-damage|p2a: Flutter Mane|64\/100\n|-damage|p2a: Flutter Mane|30\/100\n|-damage|p2a: Flutter Mane|0 fnt\n|faint|p2a: Flutter Mane\n|-end|p2a: Flutter Mane|Protosynthesis|[silent]\n|-hitcount|p2: Flutter Mane|3\n|move|p2b: Arcanine|Flare Blitz|p1b: Indeedee\n|-damage|p1b: Indeedee|0 fnt\n|faint|p1b: Indeedee\n|-damage|p2b: Arcanine|71\/100|[from] Recoil\n|\n|upkeep\n|\n|t:|1683134188\n|switch|p2a: Gothitelle|Gothitelle, L50, M|100\/100\n|switch|p1b: Shroodle|Shroodle, L50, F|1\/100\n|turn|5\n|\n|t:|1683134206\n|move|p2a: Gothitelle|Fake Out|p1a: Maushold\n|-activate|p1a: Maushold|move: Psychic Terrain\n|move|p1b: Shroodle|Taunt|p2a: Gothitelle\n|-activate|p2a: Gothitelle|move: Psychic Terrain\n|move|p1a: Maushold|Population Bomb|p2b: Arcanine\n|-crit|p2b: Arcanine\n|-damage|p2b: Arcanine|49\/100\n|-damage|p2b: Arcanine|35\/100\n|-damage|p2b: Arcanine|21\/100\n|-damage|p2b: Arcanine|9\/100\n|-damage|p2b: Arcanine|0 fnt\n|faint|p2b: Arcanine\n|-hitcount|p2: Arcanine|5\n|\n|upkeep\n|\n|t:|1683134218\n|switch|p2b: Ting-Lu|Ting-Lu, L50|38\/100\n|-ability|p2b: Ting-Lu|Vessel of Ruin\n|turn|6\n|\n|t:|1683134243\n|move|p1b: Shroodle|Protect|p1b: Shroodle\n|-singleturn|p1b: Shroodle|Protect\n|move|p1a: Maushold|Population Bomb|p2a: Gothitelle\n|-damage|p2a: Gothitelle|89\/100\n|-crit|p2a: Gothitelle\n|-damage|p2a: Gothitelle|72\/100\n|-damage|p2a: Gothitelle|60\/100\n|-damage|p2a: Gothitelle|49\/100\n|-enditem|p2a: Gothitelle|Sitrus Berry|[eat]\n|-heal|p2a: Gothitelle|74\/100|[from] item: Sitrus Berry\n|-damage|p2a: Gothitelle|64\/100\n|-damage|p2a: Gothitelle|54\/100\n|-damage|p2a: Gothitelle|45\/100\n|-damage|p2a: Gothitelle|34\/100\n|-damage|p2a: Gothitelle|24\/100\n|-damage|p2a: Gothitelle|14\/100\n|-hitcount|p2a: Gothitelle|10\n|move|p2a: Gothitelle|Psychic|p1b: Shroodle\n|-activate|p1b: Shroodle|move: Protect\n|move|p2b: Ting-Lu|Ruination|p1a: Maushold\n|-damage|p1a: Maushold|50\/100\n|\n|-fieldend|move: Psychic Terrain\n|upkeep\n|turn|7\n|\n|t:|1683134288\n|move|p1a: Maushold|Population Bomb|p2b: Ting-Lu\n|-damage|p2b: Ting-Lu|30\/100\n|-damage|p2b: Ting-Lu|23\/100\n|-crit|p2b: Ting-Lu\n|-damage|p2b: Ting-Lu|11\/100\n|-damage|p2b: Ting-Lu|5\/100\n|-damage|p2b: Ting-Lu|0 fnt\n|faint|p2b: Ting-Lu\n|-hitcount|p2: Ting-Lu|5\n|move|p1b: Shroodle|Acid Spray|p2a: Gothitelle\n|-damage|p2a: Gothitelle|8\/100\n|-unboost|p2a: Gothitelle|spd|2\n|move|p2a: Gothitelle|Psychic|p1b: Shroodle\n|-supereffective|p1b: Shroodle\n|-damage|p1b: Shroodle|0 fnt\n|faint|p1b: Shroodle\n|\n|upkeep\n|turn|8\n|\n|t:|1683134307\n|move|p1a: Maushold|Population Bomb|p2a: Gothitelle\n|-damage|p2a: Gothitelle|0 fnt\n|faint|p2a: Gothitelle\n|-hitcount|p2: Gothitelle|1\n|\n|win|Takidame\n","uploadtime":1683134341,"views":17,"p1id":"takidame","p2id":"allpuff","formatid":"gen9vgc2023regulationc","rating":0,"private":0,"password":""}