{"id":"gen9vgc2023regulationc-1851645787","p1":"jackkkkkkh02","p2":"komino","format":"[Gen 9] VGC 2023 Regulation C","log":"|j|\u2606jackkkkkkh02\n|j|\u2606komino\n|t:|1682465051\n|gametype|doubles\n|player|p1|jackkkkkkh02|benga|1057\n|player|p2|komino|maid|1099\n|teamsize|p1|6\n|teamsize|p2|6\n|gen|9\n|tier|[Gen 9] VGC 2023 Regulation C\n|rated|\n|rule|Species Clause: Limit one of each Pok\u00e9mon\n|rule|Item Clause: Limit one of each item\n|clearpoke\n|poke|p1|Flutter Mane, L50|\n|poke|p1|Kingambit, L50, F|\n|poke|p1|Dragonite, L50, F|\n|poke|p1|Great Tusk, L50|\n|poke|p1|Greedent, L50, F|\n|poke|p1|Whiscash, L50, M|\n|poke|p2|Flutter Mane, L50|\n|poke|p2|Annihilape, L50, F|\n|poke|p2|Amoonguss, L50, M|\n|poke|p2|Gyarados, L50, F|\n|poke|p2|Ting-Lu, L50|\n|poke|p2|Chi-Yu, L50|\n|teampreview|4\n|inactive|Battle timer is ON: inactive players will automatically lose when time's up. (requested by komino)\n|\n|t:|1682465064\n|start\n|switch|p1a: Trouble|Great Tusk, L50, shiny|100\/100\n|switch|p1b: FANCY|Flutter Mane, L50, shiny|100\/100\n|switch|p2a: Gyarados|Gyarados, L50, F|100\/100\n|switch|p2b: Chi-Yu|Chi-Yu, L50|100\/100\n|-ability|p2b: Chi-Yu|Beads of Ruin\n|-ability|p2a: Gyarados|Intimidate|boost\n|-unboost|p1a: Trouble|atk|1\n|-unboost|p1b: FANCY|atk|1\n|turn|1\n|\n|t:|1682465085\n|-end|p1b: FANCY|Protosynthesis|[silent]\n|switch|p1b: Espresso|Dragonite, L50, F|100\/100\n|move|p2b: Chi-Yu|Protect|p2b: Chi-Yu\n|-singleturn|p2b: Chi-Yu|Protect\n|move|p1a: Trouble|Rock Slide|p2b: Chi-Yu|[spread] p2a\n|-activate|p2b: Chi-Yu|move: Protect\n|-supereffective|p2a: Gyarados\n|-damage|p2a: Gyarados|75\/100\n|move|p2a: Gyarados|Thunder Wave|p1b: Espresso\n|-status|p1b: Espresso|par\n|-enditem|p1b: Espresso|Lum Berry|[eat]\n|-curestatus|p1b: Espresso|par|[msg]\n|\n|-heal|p2a: Gyarados|81\/100|[from] item: Leftovers\n|upkeep\n|turn|2\n|inactive|komino has 30 seconds left.\n|\n|t:|1682465110\n|-terastallize|p2b: Chi-Yu|Water\n|move|p1b: Espresso|Protect|p1b: Espresso\n|-singleturn|p1b: Espresso|Protect\n|move|p1a: Trouble|Rock Slide|p2b: Chi-Yu|[spread] p2a,p2b\n|-supereffective|p2a: Gyarados\n|-damage|p2a: Gyarados|54\/100\n|-damage|p2b: Chi-Yu|77\/100\n|move|p2b: Chi-Yu|Dark Pulse|p1b: Espresso\n|-activate|p1b: Espresso|move: Protect\n|move|p2a: Gyarados|Water Pulse|p1a: Trouble\n|-supereffective|p1a: Trouble\n|-damage|p1a: Trouble|46\/100\n|\n|-heal|p2a: Gyarados|60\/100|[from] item: Leftovers\n|upkeep\n|turn|3\n|\n|t:|1682465130\n|move|p1b: Espresso|Extreme Speed|p2a: Gyarados\n|-damage|p2a: Gyarados|28\/100\n|move|p1a: Trouble|Rock Slide|p2b: Chi-Yu|[spread] p2a,p2b\n|-supereffective|p2a: Gyarados\n|-damage|p2a: Gyarados|0 fnt\n|-damage|p2b: Chi-Yu|57\/100\n|faint|p2a: Gyarados\n|cant|p2b: Chi-Yu|flinch\n|\n|upkeep\n|\n|t:|1682465140\n|switch|p2a: Flutter Mane|Flutter Mane, L50|100\/100\n|turn|4\n|\n|t:|1682465149\n|move|p1b: Espresso|Protect|p1b: Espresso\n|-singleturn|p1b: Espresso|Protect\n|move|p1a: Trouble|Rock Slide|p2b: Chi-Yu|[spread] p2a,p2b\n|-damage|p2a: Flutter Mane|69\/100\n|-damage|p2b: Chi-Yu|34\/100\n|cant|p2a: Flutter Mane|flinch\n|cant|p2b: Chi-Yu|flinch\n|\n|upkeep\n|turn|5\n|-message|komino forfeited.\n|\n|win|jackkkkkkh02\n|raw|jackkkkkkh02's rating: 1057 → 1092<\/strong> (+35 for winning)\n|raw|komino's rating: 1099 → 1071<\/strong> (-28 for losing)\n|l|\u2606komino\n","uploadtime":1682465162,"views":19,"p1id":"jackkkkkkh02","p2id":"komino","formatid":"gen9vgc2023regulationc","rating":1071,"private":0,"password":""}