{"id":"gen9vgc2023regulationc-1848061625","p1":"Chi-Yuh","p2":"Coe lek","format":"[Gen 9] VGC 2023 Regulation C","log":"|j|\u2606Chi-Yuh\n|j|\u2606Coe lek\n|t:|1682025414\n|gametype|doubles\n|player|p1|Chi-Yuh|169|1079\n|player|p2|Coe lek|swimmer-gen4|1047\n|teamsize|p1|4\n|teamsize|p2|6\n|gen|9\n|tier|[Gen 9] VGC 2023 Regulation C\n|rated|\n|rule|Species Clause: Limit one of each Pok\u00e9mon\n|rule|Item Clause: Limit one of each item\n|clearpoke\n|poke|p1|Squawkabilly-White, L50, M|\n|poke|p1|Gothitelle, L50, F|\n|poke|p1|Ting-Lu, L50|\n|poke|p1|Dondozo, L50, F|\n|poke|p2|Abomasnow, L50, M|\n|poke|p2|Golduck, L50, M|\n|poke|p2|Staraptor, L50, M|\n|poke|p2|Toxicroak, L50, M|\n|poke|p2|Murkrow, L50, M|\n|poke|p2|Rotom-Heat, L50|\n|teampreview|4\n|\n|t:|1682025427\n|start\n|switch|p1a: Squawkabilly|Squawkabilly-White, L50, M|100\/100\n|switch|p1b: Gothitelle|Gothitelle, L50, F|100\/100\n|switch|p2a: Staraptor|Staraptor, L50, M, shiny|100\/100\n|switch|p2b: Murkrow|Murkrow, L50, M, shiny|100\/100\n|-ability|p1a: Squawkabilly|Intimidate|boost\n|-unboost|p2a: Staraptor|atk|1\n|-unboost|p2b: Murkrow|atk|1\n|turn|1\n|\n|t:|1682025440\n|move|p1b: Gothitelle|Fake Out|p2a: Staraptor\n|-damage|p2a: Staraptor|92\/100\n|move|p2b: Murkrow|Taunt|p1b: Gothitelle\n|-start|p1b: Gothitelle|move: Taunt\n|cant|p2a: Staraptor|flinch\n|move|p1a: Squawkabilly|Parting Shot|p2a: Staraptor\n|-unboost|p2a: Staraptor|atk|1\n|-unboost|p2a: Staraptor|spa|1\n|inactive|Battle timer is ON: inactive players will automatically lose when time's up. (requested by Coe lek)\n|\n|t:|1682025462\n|switch|p1a: Dondozo|Dondozo, L50, F|100\/100|[from] Parting Shot\n|\n|upkeep\n|turn|2\n|\n|t:|1682025475\n|switch|p1b: Ting-Lu|Ting-Lu, L50|100\/100\n|-ability|p1b: Ting-Lu|Vessel of Ruin\n|move|p2b: Murkrow|Thunder Wave|p1a: Dondozo\n|-status|p1a: Dondozo|par\n|move|p2a: Staraptor|U-turn|p1b: Ting-Lu\n|-supereffective|p1b: Ting-Lu\n|-damage|p1b: Ting-Lu|83\/100\n|-damage|p2a: Staraptor|82\/100|[from] item: Life Orb\n|\n|t:|1682025488\n|switch|p2a: Abomasnow|Abomasnow, L50, M, shiny|100\/100|[from] U-turn\n|-weather|Snow|[from] ability: Snow Warning|[of] p2a: Abomasnow\n|cant|p1a: Dondozo|par\n|\n|-weather|Snow|[upkeep]\n|upkeep\n|turn|3\n|\n|t:|1682025507\n|-terastallize|p1a: Dondozo|Grass\n|move|p2b: Murkrow|Tailwind|p2b: Murkrow\n|-sidestart|p2: Coe lek|move: Tailwind\n|move|p2a: Abomasnow|Blizzard|p1b: Ting-Lu|[spread] p1a,p1b\n|-supereffective|p1a: Dondozo\n|-supereffective|p1b: Ting-Lu\n|-damage|p1a: Dondozo|64\/100 par\n|-damage|p1b: Ting-Lu|62\/100\n|move|p1b: Ting-Lu|Fissure|p2a: Abomasnow\n|-damage|p2a: Abomasnow|0 fnt\n|faint|p2a: Abomasnow\n|-ohko\n|move|p1a: Dondozo|Fissure|p2b: Murkrow\n|-immune|p2b: Murkrow\n|\n|-weather|Snow|[upkeep]\n|-heal|p1a: Dondozo|70\/100 par|[from] item: Leftovers\n|upkeep\n|\n|t:|1682025513\n|switch|p2a: Golduck|Golduck, L50, M|100\/100\n|turn|4\n|\n|t:|1682025524\n|-terastallize|p2a: Golduck|Ice\n|move|p2b: Murkrow|Thunder Wave|p1b: Ting-Lu\n|-immune|p1b: Ting-Lu\n|move|p2a: Golduck|Blizzard|p1a: Dondozo|[spread] p1a,p1b\n|-supereffective|p1a: Dondozo\n|-supereffective|p1b: Ting-Lu\n|-damage|p1a: Dondozo|6\/100 par\n|-damage|p1b: Ting-Lu|29\/100\n|move|p1b: Ting-Lu|Fissure|p2a: Golduck\n|-damage|p2a: Golduck|0 fnt\n|faint|p2a: Golduck\n|-ohko\n|move|p1a: Dondozo|Fissure|p2b: Murkrow\n|-immune|p2b: Murkrow\n|\n|-weather|Snow|[upkeep]\n|-heal|p1a: Dondozo|12\/100 par|[from] item: Leftovers\n|upkeep\n|\n|t:|1682025532\n|switch|p2a: Staraptor|Staraptor, L50, M, shiny|82\/100\n|turn|5\n|\n|t:|1682025552\n|switch|p1b: Squawkabilly|Squawkabilly-White, L50, M|100\/100\n|-ability|p1b: Squawkabilly|Intimidate|boost\n|-unboost|p2a: Staraptor|atk|1\n|-unboost|p2b: Murkrow|atk|1\n|cant|p1a: Dondozo|par\n|move|p2b: Murkrow|Thunder Wave|p1b: Squawkabilly|[miss]\n|-miss|p2b: Murkrow|p1b: Squawkabilly\n|move|p2a: Staraptor|Brave Bird|p1b: Squawkabilly\n|-damage|p1b: Squawkabilly|0 fnt\n|faint|p1b: Squawkabilly\n|-damage|p2a: Staraptor|43\/100|[from] Recoil\n|-damage|p2a: Staraptor|33\/100|[from] item: Life Orb\n|\n|-weather|Snow|[upkeep]\n|-heal|p1a: Dondozo|18\/100 par|[from] item: Leftovers\n|upkeep\n|\n|t:|1682025563\n|switch|p1b: Gothitelle|Gothitelle, L50, F|100\/100\n|turn|6\n|\n|t:|1682025572\n|move|p1b: Gothitelle|Fake Out|p2a: Staraptor\n|-damage|p2a: Staraptor|25\/100\n|move|p2b: Murkrow|Haze|p2b: Murkrow\n|-clearallboost\n|cant|p2a: Staraptor|flinch\n|move|p1a: Dondozo|Wave Crash|p2b: Murkrow\n|-damage|p2b: Murkrow|41\/100\n|-damage|p1a: Dondozo|4\/100 par|[from] Recoil\n|\n|-weather|none\n|-heal|p1a: Dondozo|10\/100 par|[from] item: Leftovers\n|-sideend|p2: Coe lek|move: Tailwind\n|upkeep\n|turn|7\n|\n|t:|1682025589\n|move|p2b: Murkrow|Tailwind|p2b: Murkrow\n|-sidestart|p2: Coe lek|move: Tailwind\n|move|p2a: Staraptor|U-turn|p1b: Gothitelle\n|-supereffective|p1b: Gothitelle\n|-damage|p1b: Gothitelle|44\/100\n|-enditem|p1b: Gothitelle|Sitrus Berry|[eat]\n|-heal|p1b: Gothitelle|69\/100|[from] item: Sitrus Berry\n|-damage|p2a: Staraptor|15\/100|[from] item: Life Orb\n|move|p1b: Gothitelle|Psychic|p2a: Staraptor\n|-damage|p2a: Staraptor|0 fnt\n|faint|p2a: Staraptor\n|move|p1a: Dondozo|Wave Crash|p2b: Murkrow\n|-damage|p2b: Murkrow|0 fnt\n|faint|p2b: Murkrow\n|-damage|p1a: Dondozo|0 fnt|[from] Recoil\n|faint|p1a: Dondozo\n|\n|win|Chi-Yuh\n|raw|Chi-Yuh's rating: 1079 → 1105<\/strong> (+26 for winning)\n|raw|Coe lek's rating: 1047 → 1032<\/strong> (-15 for losing)\n|l|\u2606Coe lek\n|l|\u2606Chi-Yuh\n|j|\u2606Chi-Yuh\n|player|p1|Chi-Yuh|169\n","uploadtime":1682025626,"views":6,"p1id":"chiyuh","p2id":"coelek","formatid":"gen9vgc2023regulationc","rating":1032,"private":0,"password":""}