{"id":"gen9vgc2023regulationc-1852411724","p1":"Gioilele","p2":"vivian20","format":"[Gen 9] VGC 2023 Regulation C","log":"|j|\u2606Gioilele\n|j|\u2606vivian20\n|t:|1682554361\n|gametype|doubles\n|player|p1|Gioilele|pokemonbreeder-gen4|\n|player|p2|vivian20|170|\n|teamsize|p1|6\n|teamsize|p2|6\n|gen|9\n|tier|[Gen 9] VGC 2023 Regulation C\n|rule|Species Clause: Limit one of each Pok\u00e9mon\n|rule|Item Clause: Limit one of each item\n|clearpoke\n|poke|p1|Amoonguss, L50, M|\n|poke|p1|Pelipper, L50, M|\n|poke|p1|Palafin, L50, F|\n|poke|p1|Barraskewda, L50, F|\n|poke|p1|Chien-Pao, L50|\n|poke|p1|Gholdengo, L50|\n|poke|p2|Glimmora, L50, M|\n|poke|p2|Flutter Mane, L50|\n|poke|p2|Tatsugiri, L50, M|\n|poke|p2|Dondozo, L50, F|\n|poke|p2|Arcanine, L50, F|\n|poke|p2|Wo-Chien, L50|\n|teampreview|4\n|c|\u2606Gioilele|e\nvivian20 has agreed to open team sheets.\nGioilele has agreed to open team sheets.\n|\n|t:|1682554444\n|start\n|switch|p1a: Gholdengo|Gholdengo, L50|100\/100\n|switch|p1b: Amoonguss|Amoonguss, L50, M|100\/100\n|switch|p2a: Flutter Mane|Flutter Mane, L50|100\/100\n|switch|p2b: Arcanine|Arcanine, L50, F|100\/100\n|-ability|p2b: Arcanine|Intimidate|boost\n|-unboost|p1a: Gholdengo|atk|1\n|-unboost|p1b: Amoonguss|atk|1\n|turn|1\n|\n|t:|1682554490\n|switch|p1b: Pelipper|Pelipper, L50, M|100\/100\n|-weather|RainDance|[from] ability: Drizzle|[of] p1b: Pelipper\n|-terastallize|p1a: Gholdengo|Steel\n|move|p2a: Flutter Mane|Protect|p2a: Flutter Mane\n|-singleturn|p2a: Flutter Mane|Protect\n|move|p1a: Gholdengo|Make It Rain|p2a: Flutter Mane|[spread] p2b\n|-activate|p2a: Flutter Mane|move: Protect\n|-resisted|p2b: Arcanine\n|-damage|p2b: Arcanine|59\/100\n|-unboost|p1a: Gholdengo|spa|1\n|move|p2b: Arcanine|Flare Blitz|p1a: Gholdengo\n|-supereffective|p1a: Gholdengo\n|-damage|p1a: Gholdengo|52\/100\n|-damage|p2b: Arcanine|44\/100|[from] Recoil\n|\n|-weather|RainDance|[upkeep]\n|upkeep\n|turn|2\n|\n|t:|1682554519\n|switch|p1a: Amoonguss|Amoonguss, L50, M|100\/100\n|move|p2a: Flutter Mane|Shadow Ball|p1a: Amoonguss\n|-damage|p1a: Amoonguss|59\/100\n|-unboost|p1a: Amoonguss|spd|1\n|move|p2b: Arcanine|Flare Blitz|p1a: Amoonguss\n|-supereffective|p1a: Amoonguss\n|-damage|p1a: Amoonguss|24\/100\n|-damage|p2b: Arcanine|28\/100|[from] item: Rocky Helmet|[of] p1a: Amoonguss\n|-damage|p2b: Arcanine|15\/100|[from] Recoil\n|move|p1b: Pelipper|Hurricane|p2b: Arcanine\n|-damage|p2b: Arcanine|0 fnt\n|faint|p2b: Arcanine\n|\n|-weather|RainDance|[upkeep]\n|upkeep\n|\n|t:|1682554538\n|switch|p2b: Tatsugiri|Tatsugiri, L50, M|100\/100\n|turn|3\n|\n|t:|1682554545\n|move|p1a: Amoonguss|Protect|p1a: Amoonguss\n|-singleturn|p1a: Amoonguss|Protect\n|move|p2b: Tatsugiri|Muddy Water|p1b: Pelipper|[spread] p1b\n|-activate|p1a: Amoonguss|move: Protect\n|-resisted|p1b: Pelipper\n|-damage|p1b: Pelipper|68\/100\n|move|p2a: Flutter Mane|Shadow Ball|p1a: Amoonguss\n|-activate|p1a: Amoonguss|move: Protect\n|move|p1b: Pelipper|Hurricane|p2a: Flutter Mane\n|-damage|p2a: Flutter Mane|61\/100\n|\n|-weather|RainDance|[upkeep]\n|upkeep\n|turn|4\n|\n|t:|1682554561\n|switch|p1a: Gholdengo|Gholdengo, L50, tera:Steel|52\/100\n|move|p2b: Tatsugiri|Muddy Water|p1a: Gholdengo|[spread] p1a\n|-miss|p2b: Tatsugiri|p1b: Pelipper\n|-damage|p1a: Gholdengo|3\/100\n|move|p2a: Flutter Mane|Shadow Ball|p1a: Gholdengo\n|-damage|p1a: Gholdengo|0 fnt\n|faint|p1a: Gholdengo\n|move|p1b: Pelipper|Hurricane|p2b: Tatsugiri\n|-damage|p2b: Tatsugiri|52\/100\n|\n|-weather|RainDance|[upkeep]\n|upkeep\n|\n|t:|1682554564\n|switch|p1a: Amoonguss|Amoonguss, L50, M|57\/100\n|turn|5\n|\n|t:|1682554591\n|move|p2b: Tatsugiri|Muddy Water|p1a: Amoonguss|[spread] p1a,p1b\n|-resisted|p1a: Amoonguss\n|-resisted|p1b: Pelipper\n|-damage|p1a: Amoonguss|36\/100\n|-damage|p1b: Pelipper|33\/100\n|-unboost|p1a: Amoonguss|accuracy|1\n|-unboost|p1b: Pelipper|accuracy|1\n|move|p2a: Flutter Mane|Shadow Ball|p1a: Amoonguss\n|-damage|p1a: Amoonguss|0 fnt\n|faint|p1a: Amoonguss\n|move|p1b: Pelipper|Hurricane|p2b: Tatsugiri\n|-damage|p2b: Tatsugiri|6\/100\n|\n|-weather|RainDance|[upkeep]\n|upkeep\n|\n|t:|1682554593\n|switch|p1a: Barraskewda|Barraskewda, L50, F|100\/100\n|turn|6\n|\n|t:|1682554612\n|-end|p2a: Flutter Mane|Protosynthesis|[silent]\n|switch|p2a: Dondozo|Dondozo, L50, F|100\/100\n|-activate|p2b: Tatsugiri|ability: Commander|[of] p2a: Dondozo\n|-boost|p2a: Dondozo|atk|2\n|-boost|p2a: Dondozo|spa|2\n|-boost|p2a: Dondozo|spe|2\n|-boost|p2a: Dondozo|def|2\n|-boost|p2a: Dondozo|spd|2\n|move|p1a: Barraskewda|Liquidation|p2a: Dondozo\n|-resisted|p2a: Dondozo\n|-damage|p2a: Dondozo|88\/100\n|move|p1b: Pelipper|Hurricane|p2b: Tatsugiri|[miss]\n|-miss|p1b: Pelipper|p2b: Tatsugiri\n|\n|-weather|RainDance|[upkeep]\n|upkeep\n|turn|7\n|\n|t:|1682554630\n|move|p1a: Barraskewda|Protect|p1a: Barraskewda\n|-singleturn|p1a: Barraskewda|Protect\n|move|p2a: Dondozo|Wave Crash|p1b: Pelipper\n|-resisted|p1b: Pelipper\n|-damage|p1b: Pelipper|0 fnt\n|faint|p1b: Pelipper\n|-damage|p2a: Dondozo|80\/100|[from] Recoil\n|\n|-weather|RainDance|[upkeep]\n|upkeep\n|turn|8\n|\n|t:|1682554641\n|-terastallize|p2a: Dondozo|Grass\n|move|p1a: Barraskewda|Close Combat|p2a: Dondozo\n|-damage|p2a: Dondozo|66\/100\n|-unboost|p1a: Barraskewda|def|1\n|-unboost|p1a: Barraskewda|spd|1\n|move|p2a: Dondozo|Tera Blast|p1a: Barraskewda\n|-supereffective|p1a: Barraskewda\n|-enditem|p1a: Barraskewda|Focus Sash\n|-damage|p1a: Barraskewda|1\/100\n|\n|-weather|none\n|upkeep\n|turn|9\n|c|\u2606Gioilele|gg\n|-message|Gioilele forfeited.\n|\n|win|vivian20\n","uploadtime":1682554654,"views":14,"p1id":"gioilele","p2id":"vivian20","formatid":"gen9vgc2023regulationc","rating":0,"private":0,"password":""}