{"id":"gen9vgc2023regulationc-1850931320","p1":"julia_folklorestan","p2":"LannaBannana","format":"[Gen 9] VGC 2023 Regulation C","log":"|j|\u2606julia_folklorestan\n|j|\u2606LannaBannana\n|t:|1682383705\n|gametype|doubles\n|player|p1|julia_folklorestan|cynthia|1075\n|player|p2|LannaBannana|argenta|1149\n|teamsize|p1|6\n|teamsize|p2|6\n|gen|9\n|tier|[Gen 9] VGC 2023 Regulation C\n|rated|\n|rule|Species Clause: Limit one of each Pok\u00e9mon\n|rule|Item Clause: Limit one of each item\n|clearpoke\n|poke|p1|Garganacl, L50, M|\n|poke|p1|Grimmsnarl, L50, M|\n|poke|p1|Arcanine, L50, F|\n|poke|p1|Farigiraf, L50, F|\n|poke|p1|Hatterene, L50, F|\n|poke|p1|Amoonguss, L50, M|\n|poke|p2|Forretress, L50, F|\n|poke|p2|Sylveon, L50, M|\n|poke|p2|Gyarados, L50, F|\n|poke|p2|Ceruledge, L50, M|\n|poke|p2|Mimikyu, L50, F|\n|poke|p2|Iron Jugulis, L50|\n|teampreview|4\n|\n|t:|1682383747\n|start\n|switch|p1a: Grimmsnarl|Grimmsnarl, L50, M|100\/100\n|switch|p1b: Arcanine|Arcanine, L50, F|100\/100\n|switch|p2a: Forretress|Forretress, L50, F, shiny|100\/100\n|switch|p2b: Ceruledge|Ceruledge, L50, M|100\/100\n|-ability|p1b: Arcanine|Intimidate|boost\n|-unboost|p2a: Forretress|atk|1\n|-fail|p2b: Ceruledge|unboost|[from] item: Clear Amulet|[of] p2b: Ceruledge\n|turn|1\n|\n|t:|1682383761\n|-terastallize|p2a: Forretress|Water\n|move|p1a: Grimmsnarl|Reflect|p1a: Grimmsnarl\n|-sidestart|p1: julia_folklorestan|Reflect\n|move|p1b: Arcanine|Heat Wave|p2b: Ceruledge|[spread] p2a\n|-start|p2b: Ceruledge|ability: Flash Fire\n|-resisted|p2a: Forretress\n|-damage|p2a: Forretress|86\/100\n|move|p2b: Ceruledge|Bulk Up|p2b: Ceruledge\n|-boost|p2b: Ceruledge|atk|1\n|-boost|p2b: Ceruledge|def|1\n|move|p2a: Forretress|Iron Defense|p2a: Forretress\n|-boost|p2a: Forretress|def|2\n|\n|-heal|p2a: Forretress|92\/100|[from] item: Leftovers\n|upkeep\n|turn|2\n|\n|t:|1682383779\n|switch|p1b: Amoonguss|Amoonguss, L50, M|100\/100\n|move|p2b: Ceruledge|Bulk Up|p2b: Ceruledge\n|-boost|p2b: Ceruledge|atk|1\n|-boost|p2b: Ceruledge|def|1\n|move|p1a: Grimmsnarl|Spirit Break|p2b: Ceruledge\n|-resisted|p2b: Ceruledge\n|-damage|p2b: Ceruledge|89\/100\n|move|p2a: Forretress|Iron Defense|p2a: Forretress\n|-boost|p2a: Forretress|def|2\n|\n|-heal|p2a: Forretress|98\/100|[from] item: Leftovers\n|upkeep\n|turn|3\n|\n|t:|1682383800\n|move|p2b: Ceruledge|Bitter Blade|p1b: Amoonguss\n|-supereffective|p1b: Amoonguss\n|-damage|p1b: Amoonguss|0 fnt\n|-heal|p2b: Ceruledge|100\/100|[from] drain|[of] p1b: Amoonguss\n|faint|p1b: Amoonguss\n|move|p1a: Grimmsnarl|Spirit Break|p2b: Ceruledge\n|-resisted|p2b: Ceruledge\n|-damage|p2b: Ceruledge|89\/100\n|move|p2a: Forretress|Body Press|p1a: Grimmsnarl\n|-damage|p1a: Grimmsnarl|37\/100\n|\n|-heal|p2a: Forretress|100\/100|[from] item: Leftovers\n|upkeep\n|\n|t:|1682383808\n|switch|p1b: Arcanine|Arcanine, L50, F|100\/100\n|-ability|p1b: Arcanine|Intimidate|boost\n|-unboost|p2a: Forretress|atk|1\n|-fail|p2b: Ceruledge|unboost|[from] item: Clear Amulet|[of] p2b: Ceruledge\n|turn|4\n|\n|t:|1682383820\n|move|p1b: Arcanine|Snarl|p2a: Forretress|[spread] p2a,p2b\n|-supereffective|p2b: Ceruledge\n|-damage|p2a: Forretress|89\/100\n|-damage|p2b: Ceruledge|65\/100\n|-unboost|p2a: Forretress|spa|1\n|move|p2b: Ceruledge|Bitter Blade|p1a: Grimmsnarl\n|-damage|p1a: Grimmsnarl|0 fnt\n|-heal|p2b: Ceruledge|85\/100|[from] drain|[of] p1a: Grimmsnarl\n|faint|p1a: Grimmsnarl\n|move|p2a: Forretress|Body Press|p1b: Arcanine\n|-damage|p1b: Arcanine|60\/100\n|\n|-heal|p2a: Forretress|95\/100|[from] item: Leftovers\n|upkeep\n|\n|t:|1682383827\n|switch|p1a: Garganacl|Garganacl, L50, M|100\/100\n|turn|5\n|\n|t:|1682383845\n|move|p1b: Arcanine|Snarl|p2b: Ceruledge|[spread] p2a,p2b\n|-supereffective|p2b: Ceruledge\n|-damage|p2a: Forretress|82\/100\n|-damage|p2b: Ceruledge|63\/100\n|-unboost|p2a: Forretress|spa|1\n|move|p2b: Ceruledge|Bitter Blade|p1a: Garganacl\n|-resisted|p1a: Garganacl\n|-damage|p1a: Garganacl|69\/100\n|-heal|p2b: Ceruledge|81\/100|[from] drain|[of] p1a: Garganacl\n|move|p1a: Garganacl|Salt Cure|p2b: Ceruledge\n|-supereffective|p2b: Ceruledge\n|-damage|p2b: Ceruledge|65\/100\n|-start|p2b: Ceruledge|Salt Cure\n|move|p2a: Forretress|Body Press|p1a: Garganacl\n|-supereffective|p1a: Garganacl\n|-damage|p1a: Garganacl|0 fnt\n|faint|p1a: Garganacl\n|\n|-heal|p2a: Forretress|88\/100|[from] item: Leftovers\n|-damage|p2b: Ceruledge|53\/100|[from] Salt Cure\n|upkeep\n|turn|6\n|-message|julia_folklorestan forfeited.\n|\n|win|LannaBannana\n|raw|julia_folklorestan's rating: 1075 → 1058<\/strong> (-17 for losing)\n|raw|LannaBannana's rating: 1149 → 1169<\/strong> (+20 for winning)\n|l|\u2606julia_folklorestan\n","uploadtime":1682383863,"views":6,"p1id":"juliafolklorestan","p2id":"lannabannana","formatid":"gen9vgc2023regulationc","rating":1058,"private":0,"password":""}