{"id":"gen9vgc2023regulationc-1853319577","p1":"XinBluQAQ","p2":"bombart","format":"[Gen 9] VGC 2023 Regulation C","log":"|j|\u2606XinBluQAQ\n|j|\u2606bombart\n|t:|1682667276\n|gametype|doubles\n|player|p1|XinBluQAQ|shadowtriad|1315\n|player|p2|bombart|102|1355\n|teamsize|p1|6\n|teamsize|p2|6\n|gen|9\n|tier|[Gen 9] VGC 2023 Regulation C\n|rated|\n|rule|Species Clause: Limit one of each Pok\u00e9mon\n|rule|Item Clause: Limit one of each item\n|clearpoke\n|poke|p1|Iron Bundle, L50|\n|poke|p1|Iron Hands, L50|\n|poke|p1|Garchomp, L50, M|\n|poke|p1|Chien-Pao, L50|\n|poke|p1|Ting-Lu, L50|\n|poke|p1|Flutter Mane, L50|\n|poke|p2|Flutter Mane, L50|\n|poke|p2|Chi-Yu, L50|\n|poke|p2|Maushold-Four, L50|\n|poke|p2|Annihilape, L50, F|\n|poke|p2|Dragonite, L50, M|\n|poke|p2|Amoonguss, L50, F|\n|teampreview|4\n|inactive|Battle timer is ON: inactive players will automatically lose when time's up. (requested by bombart)\n|inactive|XinBluQAQ has 60 seconds left.\n|\n|t:|1682667319\n|start\n|switch|p1a: Iron Hands|Iron Hands, L50, shiny|100\/100\n|switch|p1b: Garchomp|Garchomp, L50, M|100\/100\n|switch|p2a: Maushold|Maushold-Four, L50|100\/100\n|switch|p2b: Annihilape|Annihilape, L50, F|100\/100\n|turn|1\n|inactive|XinBluQAQ has 30 seconds left.\n|\n|t:|1682667349\n|-terastallize|p1a: Iron Hands|Flying\n|move|p2a: Maushold|Follow Me|p2a: Maushold\n|-singleturn|p2a: Maushold|move: Follow Me\n|move|p1b: Garchomp|Earthquake|p2a: Maushold|[spread] p2a,p2b\n|-immune|p1a: Iron Hands\n|-damage|p2a: Maushold|51\/100\n|-damage|p2b: Annihilape|69\/100\n|move|p2b: Annihilape|Bulk Up|p2b: Annihilape\n|-boost|p2b: Annihilape|atk|1\n|-boost|p2b: Annihilape|def|1\n|move|p1a: Iron Hands|Wild Charge|p2a: Maushold\n|-damage|p2a: Maushold|0 fnt\n|faint|p2a: Maushold\n|-damage|p1a: Iron Hands|91\/100|[from] Recoil\n|\n|-heal|p2b: Annihilape|75\/100|[from] item: Leftovers\n|upkeep\n|\n|t:|1682667364\n|switch|p2a: Flutter Mane|Flutter Mane, L50|100\/100\n|-enditem|p2a: Flutter Mane|Booster Energy\n|-activate|p2a: Flutter Mane|ability: Protosynthesis|[fromitem]\n|-start|p2a: Flutter Mane|protosynthesisspe\n|turn|2\n|\n|t:|1682667381\n|move|p1b: Garchomp|Protect|p1b: Garchomp\n|-singleturn|p1b: Garchomp|Protect\n|move|p2a: Flutter Mane|Icy Wind|p1b: Garchomp|[spread] p1a\n|-activate|p1b: Garchomp|move: Protect\n|-supereffective|p1a: Iron Hands\n|-damage|p1a: Iron Hands|77\/100\n|-unboost|p1a: Iron Hands|spe|1\n|move|p2b: Annihilape|Drain Punch|p1b: Garchomp\n|-activate|p1b: Garchomp|move: Protect\n|move|p1a: Iron Hands|Earthquake|p2a: Flutter Mane|[spread] p2a,p2b\n|-activate|p1b: Garchomp|move: Protect\n|-damage|p2a: Flutter Mane|49\/100\n|-damage|p2b: Annihilape|57\/100\n|\n|-heal|p2b: Annihilape|63\/100|[from] item: Leftovers\n|upkeep\n|turn|3\n|\n|t:|1682667406\n|move|p2a: Flutter Mane|Moonblast|p1b: Garchomp\n|-supereffective|p1b: Garchomp\n|-enditem|p1b: Garchomp|Roseli Berry|[eat]\n|-enditem|p1b: Garchomp|Roseli Berry|[weaken]\n|-damage|p1b: Garchomp|50\/100\n|move|p1b: Garchomp|Earthquake|p2a: Flutter Mane|[spread] p2a,p2b\n|-immune|p1a: Iron Hands\n|-damage|p2a: Flutter Mane|0 fnt\n|-damage|p2b: Annihilape|34\/100\n|faint|p2a: Flutter Mane\n|-end|p2a: Flutter Mane|Protosynthesis|[silent]\n|move|p2b: Annihilape|Rage Fist|p1a: Iron Hands\n|-damage|p1a: Iron Hands|0 fnt\n|faint|p1a: Iron Hands\n|-end|p1a: Iron Hands|Quark Drive|[silent]\n|\n|-heal|p2b: Annihilape|40\/100|[from] item: Leftovers\n|upkeep\n|\n|t:|1682667419\n|switch|p2a: Chi-Yu|Chi-Yu, L50|100\/100\n|switch|p1a: Flutter Mane|Flutter Mane, L50|100\/100\n|-ability|p2a: Chi-Yu|Beads of Ruin\n|turn|4\n|\n|t:|1682667441\n|-terastallize|p2a: Chi-Yu|Water\n|move|p2b: Annihilape|Protect|p2b: Annihilape\n|-singleturn|p2b: Annihilape|Protect\n|move|p1a: Flutter Mane|Shadow Ball|p2b: Annihilape\n|-activate|p2b: Annihilape|move: Protect\n|move|p1b: Garchomp|Liquidation|p2a: Chi-Yu\n|-resisted|p2a: Chi-Yu\n|-damage|p2a: Chi-Yu|79\/100\n|move|p2a: Chi-Yu|Dark Pulse|p1a: Flutter Mane\n|-damage|p1a: Flutter Mane|26\/100\n|\n|-heal|p2b: Annihilape|46\/100|[from] item: Leftovers\n|upkeep\n|turn|5\n|\n|t:|1682667459\n|move|p1b: Garchomp|Protect|p1b: Garchomp\n|-singleturn|p1b: Garchomp|Protect\n|move|p1a: Flutter Mane|Shadow Ball|p2b: Annihilape\n|-supereffective|p2b: Annihilape\n|-damage|p2b: Annihilape|0 fnt\n|faint|p2b: Annihilape\n|move|p2a: Chi-Yu|Dark Pulse|p1a: Flutter Mane\n|-damage|p1a: Flutter Mane|0 fnt\n|faint|p1a: Flutter Mane\n|-end|p1a: Flutter Mane|Protosynthesis|[silent]\n|\n|upkeep\n|\n|t:|1682667463\n|switch|p1a: Chien-Pao|Chien-Pao, L50|100\/100\n|-ability|p1a: Chien-Pao|Sword of Ruin\n|turn|6\n|inactive|XinBluQAQ has 30 seconds left.\n|\n|t:|1682667493\n|move|p1b: Garchomp|Protect||[still]\n|-fail|p1b: Garchomp\n|move|p1a: Chien-Pao|Sucker Punch|p2a: Chi-Yu\n|-damage|p2a: Chi-Yu|19\/100\n|move|p2a: Chi-Yu|Dark Pulse|p1b: Garchomp\n|-damage|p1b: Garchomp|0 fnt\n|faint|p1b: Garchomp\n|\n|upkeep\n|turn|7\n|\n|t:|1682667503\n|move|p1a: Chien-Pao|Sucker Punch|p2a: Chi-Yu\n|-crit|p2a: Chi-Yu\n|-damage|p2a: Chi-Yu|0 fnt\n|faint|p2a: Chi-Yu\n|\n|win|XinBluQAQ\n|raw|XinBluQAQ's rating: 1315 → 1337<\/strong> (+22 for winning)\n|raw|bombart's rating: 1355 → 1333<\/strong> (-22 for losing)\n|l|\u2606bombart\n","uploadtime":1682667515,"views":9,"p1id":"xinbluqaq","p2id":"bombart","formatid":"gen9vgc2023regulationc","rating":1333,"private":0,"password":""}