{"id":"gen9vgc2023regulationc-1855572579","p1":"N3rdSl4y3r","p2":"PureNeutral","format":"[Gen 9] VGC 2023 Regulation C","log":"|j|\u2606N3rdSl4y3r\n|j|\u2606PureNeutral\n|t:|1682963114\n|gametype|doubles\n|player|p1|N3rdSl4y3r|rika|\n|player|p2|PureNeutral|elesa|\n|teamsize|p1|6\n|teamsize|p2|6\n|gen|9\n|tier|[Gen 9] VGC 2023 Regulation C\n|rule|Species Clause: Limit one of each Pok\u00e9mon\n|rule|Item Clause: Limit one of each item\n|clearpoke\n|poke|p1|Breloom, L50, F|\n|poke|p1|Chi-Yu, L50|\n|poke|p1|Azumarill, L50, M|\n|poke|p1|Baxcalibur, L50, F|\n|poke|p1|Flutter Mane, L50|\n|poke|p1|Maushold-Four, L50|\n|poke|p2|Maushold-Four, L50|\n|poke|p2|Annihilape, L50, M|\n|poke|p2|Flutter Mane, L50|\n|poke|p2|Talonflame, L50, M|\n|poke|p2|Great Tusk, L50|\n|poke|p2|Chien-Pao, L50|\n|teampreview|4\nPureNeutral has agreed to open team sheets.\nN3rdSl4y3r has agreed to open team sheets.\n|c|\u2606N3rdSl4y3r|glhf!\n|\n|t:|1682963165\n|start\n|switch|p1a: Chi-Nuke|Chi-Yu, L50|100\/100\n|switch|p1b: Cryolophosaurus|Baxcalibur, L50, F|100\/100\n|switch|p2a: Talonflame|Talonflame, L50, M|100\/100\n|switch|p2b: Great Tusk|Great Tusk, L50|100\/100\n|-ability|p1a: Chi-Nuke|Beads of Ruin\n|turn|1\n|\n|t:|1682963188\n|switch|p1a: samuel(s)|Maushold-Four, L50, shiny|100\/100\n|move|p2a: Talonflame|Tailwind|p2a: Talonflame\n|-sidestart|p2: PureNeutral|move: Tailwind\n|move|p2b: Great Tusk|Earthquake|p1a: samuel(s)|[spread] p1a,p1b\n|-immune|p2a: Talonflame\n|-crit|p1b: Cryolophosaurus\n|-damage|p1a: samuel(s)|45\/100\n|-damage|p1b: Cryolophosaurus|60\/100\n|move|p1b: Cryolophosaurus|Icicle Crash|p2b: Great Tusk\n|-supereffective|p2b: Great Tusk\n|-damage|p2b: Great Tusk|21\/100\n|\n|upkeep\n|turn|2\n|\n|t:|1682963206\n|move|p2a: Talonflame|Brave Bird|p1a: samuel(s)\n|-damage|p1a: samuel(s)|0 fnt\n|faint|p1a: samuel(s)\n|-damage|p2a: Talonflame|83\/100|[from] Recoil\n|move|p1b: Cryolophosaurus|Ice Shard|p2b: Great Tusk\n|-supereffective|p2b: Great Tusk\n|-damage|p2b: Great Tusk|0 fnt\n|faint|p2b: Great Tusk\n|-end|p2b: Great Tusk|Protosynthesis|[silent]\n|\n|upkeep\n|\n|t:|1682963218\n|switch|p1a: Jorunna Parva|Azumarill, L50, M, shiny|100\/100\n|switch|p2b: Flutter Mane|Flutter Mane, L50|100\/100\n|turn|3\n|\n|t:|1682963233\n|switch|p2a: Maushold|Maushold-Four, L50|100\/100\n|-terastallize|p2b: Flutter Mane|Fairy\n|move|p1b: Cryolophosaurus|Protect|p1b: Cryolophosaurus\n|-singleturn|p1b: Cryolophosaurus|Protect\n|move|p2b: Flutter Mane|Dazzling Gleam|p1a: Jorunna Parva|[spread] p1a\n|-activate|p1b: Cryolophosaurus|move: Protect\n|-damage|p1a: Jorunna Parva|39\/100\n|-enditem|p1a: Jorunna Parva|Sitrus Berry|[eat]\n|-heal|p1a: Jorunna Parva|64\/100|[from] item: Sitrus Berry\n|move|p1a: Jorunna Parva|Liquidation|p2a: Maushold\n|-damage|p2a: Maushold|35\/100\n|\n|upkeep\n|turn|4\n|\n|t:|1682963265\n|-terastallize|p1b: Cryolophosaurus|Poison\n|move|p2a: Maushold|Feint|p1a: Jorunna Parva\n|-damage|p1a: Jorunna Parva|56\/100\n|move|p2b: Flutter Mane|Dazzling Gleam|p1b: Cryolophosaurus|[spread] p1a,p1b\n|-resisted|p1b: Cryolophosaurus\n|-crit|p1b: Cryolophosaurus\n|-damage|p1a: Jorunna Parva|0 fnt\n|-damage|p1b: Cryolophosaurus|14\/100\n|faint|p1a: Jorunna Parva\n|move|p1b: Cryolophosaurus|Glaive Rush|p2a: Maushold\n|-damage|p2a: Maushold|0 fnt\n|-singlemove|p1b: Cryolophosaurus|Glaive Rush|[silent]\n|faint|p2a: Maushold\n|\n|-sideend|p2: PureNeutral|move: Tailwind\n|upkeep\n|\n|t:|1682963276\n|switch|p2a: Talonflame|Talonflame, L50, M|83\/100\n|switch|p1a: Chi-Nuke|Chi-Yu, L50|100\/100\n|-ability|p1a: Chi-Nuke|Beads of Ruin\n|turn|5\n|\n|t:|1682963296\n|move|p1b: Cryolophosaurus|Protect|p1b: Cryolophosaurus\n|-singleturn|p1b: Cryolophosaurus|Protect\n|move|p1a: Chi-Nuke|Overheat|p2b: Flutter Mane|[miss]\n|-miss|p1a: Chi-Nuke|p2b: Flutter Mane\n|move|p2a: Talonflame|Tailwind|p2a: Talonflame\n|-sidestart|p2: PureNeutral|move: Tailwind\n|move|p2b: Flutter Mane|Dazzling Gleam|p1b: Cryolophosaurus|[spread] p1a\n|-activate|p1b: Cryolophosaurus|move: Protect\n|-damage|p1a: Chi-Nuke|38\/100\n|\n|upkeep\n|turn|6\n|c|\u2606N3rdSl4y3r|youch\n|\n|t:|1682963312\n|move|p1b: Cryolophosaurus|Ice Shard|p2a: Talonflame\n|-damage|p2a: Talonflame|48\/100\n|move|p2a: Talonflame|Brave Bird|p1a: Chi-Nuke\n|-damage|p1a: Chi-Nuke|0 fnt\n|faint|p1a: Chi-Nuke\n|-damage|p2a: Talonflame|36\/100|[from] Recoil\n|move|p2b: Flutter Mane|Dazzling Gleam|p1b: Cryolophosaurus\n|-resisted|p1b: Cryolophosaurus\n|-damage|p1b: Cryolophosaurus|0 fnt\n|faint|p1b: Cryolophosaurus\n|\n|win|PureNeutral\n|c|\u2606PureNeutral|Rought miss\n|c|\u2606N3rdSl4y3r|gg\n|l|\u2606N3rdSl4y3r\n|c|\u2606PureNeutral|gg\n|l|\u2606PureNeutral\n|j|\u2606N3rdSl4y3r\n|player|p1|N3rdSl4y3r|rika\n","uploadtime":1682963628,"views":20,"p1id":"n3rdsl4y3r","p2id":"pureneutral","formatid":"gen9vgc2023regulationc","rating":0,"private":0,"password":""}