{"id":"gen9vgc2023regulationc-1860628809","p1":"Mumumumum","p2":"TROPOKALYPSE","format":"[Gen 9] VGC 2023 Regulation C","log":"|j|\u2606Mumumumum\n|j|\u2606TROPOKALYPSE\n|t:|1683660521\n|gametype|doubles\n|player|p1|Mumumumum|265|1331\n|player|p2|TROPOKALYPSE|crasherwake|1390\n|teamsize|p1|6\n|teamsize|p2|6\n|gen|9\n|tier|[Gen 9] VGC 2023 Regulation C\n|rated|\n|rule|Species Clause: Limit one of each Pok\u00e9mon\n|rule|Item Clause: Limit one of each item\n|clearpoke\n|poke|p1|Sandy Shocks, L50|\n|poke|p1|Talonflame, L50, M|\n|poke|p1|Espathra, L50, M|\n|poke|p1|Sylveon, L50, F|\n|poke|p1|Dondozo, L50, M|\n|poke|p1|Tatsugiri-Stretchy, L50, M|\n|poke|p2|Torkoal, L50, M|\n|poke|p2|Jumpluff, L50, M|\n|poke|p2|Great Tusk, L50|\n|poke|p2|Flutter Mane, L50|\n|poke|p2|Chien-Pao, L50|\n|poke|p2|Kingambit, L50, F|\n|teampreview|4\nTROPOKALYPSE has agreed to open team sheets.\n|\n|t:|1683660557\n|start\n|switch|p1a: Talonflame|Talonflame, L50, M|100\/100\n|switch|p1b: Sandy Shocks|Sandy Shocks, L50, shiny|100\/100\n|switch|p2a: Torkoal|Torkoal, L50, M|100\/100\n|switch|p2b: Jumpluff|Jumpluff, L50, M|100\/100\n|-weather|SunnyDay|[from] ability: Drought|[of] p2a: Torkoal\n|-activate|p1b: Sandy Shocks|ability: Protosynthesis\n|-start|p1b: Sandy Shocks|protosynthesisspe\n|turn|1\n|j| hoozayisdead\n|inactive|Battle timer is ON: inactive players will automatically lose when time's up. (requested by TROPOKALYPSE)\n|j| ElBoyC\n|\n|t:|1683660593\n|move|p1a: Talonflame|Tailwind|p1a: Talonflame\n|-sidestart|p1: Mumumumum|move: Tailwind\n|move|p1b: Sandy Shocks|Thunderbolt|p2a: Torkoal\n|-damage|p2a: Torkoal|59\/100\n|move|p2b: Jumpluff|Tailwind|p2b: Jumpluff\n|-sidestart|p2: TROPOKALYPSE|move: Tailwind\n|move|p2a: Torkoal|Overheat|p1b: Sandy Shocks\n|-damage|p1b: Sandy Shocks|28\/100\n|-unboost|p2a: Torkoal|spa|2\n|-enditem|p2a: Torkoal|Eject Pack\n|\n|t:|1683660602\n|switch|p2a: Flutter Mane|Flutter Mane, L50|100\/100\n|-activate|p2a: Flutter Mane|ability: Protosynthesis\n|-start|p2a: Flutter Mane|protosynthesisspe\n|\n|-weather|SunnyDay|[upkeep]\n|upkeep\n|turn|2\n|\n|t:|1683660624\n|switch|p2b: Kingambit|Kingambit, L50, F|100\/100\n|move|p1a: Talonflame|Brave Bird|p2b: Kingambit\n|-resisted|p2b: Kingambit\n|-damage|p2b: Kingambit|83\/100\n|-damage|p1a: Talonflame|93\/100|[from] Recoil\n|move|p2a: Flutter Mane|Dazzling Gleam|p1b: Sandy Shocks|[spread] p1a,p1b\n|-resisted|p1a: Talonflame\n|-damage|p1a: Talonflame|51\/100\n|-damage|p1b: Sandy Shocks|0 fnt\n|faint|p1b: Sandy Shocks\n|-end|p1b: Sandy Shocks|Protosynthesis|[silent]\n|\n|-weather|SunnyDay|[upkeep]\n|upkeep\n|\n|t:|1683660633\n|switch|p1b: Dondozo|Dondozo, L50, M|100\/100\n|turn|3\n|\n|t:|1683660645\n|-terastallize|p1b: Dondozo|Ground\n|move|p2a: Flutter Mane|Dazzling Gleam|p1b: Dondozo|[spread] p1a,p1b\n|-resisted|p1a: Talonflame\n|-crit|p1b: Dondozo\n|-damage|p1a: Talonflame|13\/100\n|-damage|p1b: Dondozo|22\/100\n|move|p1a: Talonflame|Will-O-Wisp|p2b: Kingambit\n|-status|p2b: Kingambit|brn\n|move|p1b: Dondozo|Earthquake|p2b: Kingambit|[spread] p2a,p2b\n|-immune|p1a: Talonflame\n|-supereffective|p2b: Kingambit\n|-damage|p2a: Flutter Mane|0 fnt\n|-damage|p2b: Kingambit|0 fnt\n|faint|p2a: Flutter Mane\n|-end|p2a: Flutter Mane|Protosynthesis|[silent]\n|faint|p2b: Kingambit\n|\n|-weather|SunnyDay|[upkeep]\n|upkeep\n|\n|t:|1683660667\n|switch|p2a: Torkoal|Torkoal, L50, M|59\/100\n|switch|p2b: Jumpluff|Jumpluff, L50, M|100\/100\n|turn|4\n|inactive|TROPOKALYPSE has 30 seconds left.\n|inactive|TROPOKALYPSE has 20 seconds left.\n|inactive|TROPOKALYPSE has 15 seconds left.\n|inactive|TROPOKALYPSE has 10 seconds left.\n|\n|t:|1683660713\n|switch|p1b: Tatsugiri|Tatsugiri-Stretchy, L50, M|100\/100\n|move|p2b: Jumpluff|Leaf Storm|p1b: Tatsugiri\n|-damage|p1b: Tatsugiri|66\/100\n|-unboost|p2b: Jumpluff|spa|2\n|move|p1a: Talonflame|Brave Bird|p2b: Jumpluff\n|-supereffective|p2b: Jumpluff\n|-damage|p2b: Jumpluff|0 fnt\n|faint|p2b: Jumpluff\n|-damage|p1a: Talonflame|0 fnt|[from] Recoil\n|faint|p1a: Talonflame\n|move|p2a: Torkoal|Overheat|p1b: Tatsugiri\n|-resisted|p1b: Tatsugiri\n|-damage|p1b: Tatsugiri|48\/100\n|-unboost|p2a: Torkoal|spa|2\n|\n|-weather|SunnyDay|[upkeep]\n|-sideend|p1: Mumumumum|move: Tailwind\n|-sideend|p2: TROPOKALYPSE|move: Tailwind\n|upkeep\n|inactive|Mumumumum has 30 seconds left.\n|inactive|Mumumumum has 20 seconds left.\n|\n|t:|1683660748\n|switch|p1a: Dondozo|Dondozo, L50, M, tera:Ground|22\/100\n|-activate|p1b: Tatsugiri|ability: Commander|[of] p1a: Dondozo\n|-boost|p1a: Dondozo|atk|2\n|-boost|p1a: Dondozo|spa|2\n|-boost|p1a: Dondozo|spe|2\n|-boost|p1a: Dondozo|def|2\n|-boost|p1a: Dondozo|spd|2\n|turn|5\n|\n|t:|1683660755\n|-terastallize|p2a: Torkoal|Grass\n|move|p1a: Dondozo|Rock Slide|p2a: Torkoal\n|-damage|p2a: Torkoal|3\/100\n|move|p2a: Torkoal|Fissure|p1a: Dondozo|[miss]\n|-miss|p2a: Torkoal|p1a: Dondozo\n|\n|-weather|none\n|upkeep\n|turn|6\n|inactive|TROPOKALYPSE has 30 seconds left.\n|c|\u2606TROPOKALYPSE|if i was running a jank ass set like banded dondozo i wouldnt share my sheet either\n|\n|t:|1683660785\n|move|p1a: Dondozo|Rock Slide|p2a: Torkoal\n|-damage|p2a: Torkoal|0 fnt\n|faint|p2a: Torkoal\n|\n|win|Mumumumum\n|raw|Mumumumum's rating: 1331 → 1354<\/strong> (+23 for winning)\n|raw|TROPOKALYPSE's rating: 1390 → 1367<\/strong> (-23 for losing)\n|c|\u2606Mumumumum|lol\n","uploadtime":1683660793,"views":21,"p1id":"mumumumum","p2id":"tropokalypse","formatid":"gen9vgc2023regulationc","rating":1354,"private":0,"password":""}