{"id":"gen9vgc2023regulationc-1852467302","p1":"wata97","p2":"Im so mature","format":"[Gen 9] VGC 2023 Regulation C","log":"|j|\u2606wata97\n|j|\u2606Im so mature\n|t:|1682561292\n|gametype|doubles\n|player|p1|wata97|169|1642\n|player|p2|Im so mature|swimmerf-gen4dp|1629\n|teamsize|p1|6\n|teamsize|p2|6\n|gen|9\n|tier|[Gen 9] VGC 2023 Regulation C\n|rated|\n|rule|Species Clause: Limit one of each Pok\u00e9mon\n|rule|Item Clause: Limit one of each item\n|clearpoke\n|poke|p1|Amoonguss, L50, M|\n|poke|p1|Dragonite, L50, F|\n|poke|p1|Chien-Pao, L50|\n|poke|p1|Gholdengo, L50|\n|poke|p1|Azumarill, L50, F|\n|poke|p1|Garchomp, L50, F|\n|poke|p2|Pelipper, L50, F|\n|poke|p2|Palafin, L50, F|\n|poke|p2|Amoonguss, L50, F|\n|poke|p2|Iron Hands, L50|\n|poke|p2|Flutter Mane, L50|\n|poke|p2|Chi-Yu, L50|\n|teampreview|4\nwata97 has agreed to open team sheets.\n|inactive|Battle timer is ON: inactive players will automatically lose when time's up. (requested by wata97)\nIm so mature has agreed to open team sheets.\n|inactive|Im so mature has 60 seconds left.\n|\n|t:|1682561346\n|start\n|switch|p1a: Gholdengo|Gholdengo, L50|100\/100\n|switch|p1b: Dragonite|Dragonite, L50, F|100\/100\n|switch|p2a: Flutter Mane|Flutter Mane, L50, shiny|100\/100\n|switch|p2b: Chi-Yu|Chi-Yu, L50|100\/100\n|-ability|p2b: Chi-Yu|Beads of Ruin\n|turn|1\n|inactive|Im so mature has 30 seconds left.\n|inactive|Im so mature has 20 seconds left.\n|inactive|Im so mature has 15 seconds left.\n|inactive|Im so mature has 10 seconds left.\n|\n|t:|1682561392\n|-end|p2a: Flutter Mane|Protosynthesis|[silent]\n|switch|p2a: Iron Hands|Iron Hands, L50|100\/100\n|move|p1b: Dragonite|Extreme Speed|p2b: Chi-Yu\n|-damage|p2b: Chi-Yu|50\/100\n|move|p1a: Gholdengo|Make It Rain|p2a: Iron Hands|[spread] p2a,p2b\n|-resisted|p2a: Iron Hands\n|-resisted|p2b: Chi-Yu\n|-damage|p2a: Iron Hands|85\/100\n|-damage|p2b: Chi-Yu|28\/100\n|-unboost|p1a: Gholdengo|spa|1\n|move|p2b: Chi-Yu|Dark Pulse|p1a: Gholdengo\n|-supereffective|p1a: Gholdengo\n|-damage|p1a: Gholdengo|0 fnt\n|faint|p1a: Gholdengo\n|\n|upkeep\n|\n|t:|1682561409\n|switch|p1a: Garchomp|Garchomp, L50, F|100\/100\n|turn|2\n|inactive|Im so mature has 30 seconds left.\n|\n|t:|1682561440\n|-terastallize|p2a: Iron Hands|Grass\n|move|p2a: Iron Hands|Fake Out|p1b: Dragonite\n|-damage|p1b: Dragonite|94\/100\n|cant|p1b: Dragonite|flinch\n|move|p1a: Garchomp|Earthquake|p2a: Iron Hands|[spread] p2a,p2b\n|-immune|p1b: Dragonite\n|-resisted|p2a: Iron Hands\n|-supereffective|p2b: Chi-Yu\n|-damage|p2a: Iron Hands|71\/100\n|-damage|p2b: Chi-Yu|0 fnt\n|faint|p2b: Chi-Yu\n|\n|upkeep\n|inactive|Im so mature has 30 seconds left.\n|\n|t:|1682561467\n|switch|p2b: Amoonguss|Amoonguss, L50, F|100\/100\n|turn|3\n|inactive|Im so mature has 30 seconds left.\n|\n|t:|1682561495\n|move|p1a: Garchomp|Protect|p1a: Garchomp\n|-singleturn|p1a: Garchomp|Protect\n|move|p1b: Dragonite|Extreme Speed|p2b: Amoonguss\n|-damage|p2b: Amoonguss|61\/100\n|move|p2a: Iron Hands|Drain Punch|p1b: Dragonite\n|-resisted|p1b: Dragonite\n|-damage|p1b: Dragonite|73\/100\n|-heal|p2a: Iron Hands|79\/100|[from] drain|[of] p1b: Dragonite\n|move|p2b: Amoonguss|Spore|p1a: Garchomp\n|-activate|p1a: Garchomp|move: Protect\n|\n|upkeep\n|turn|4\n|\n|t:|1682561508\n|move|p2b: Amoonguss|Protect|p2b: Amoonguss\n|-singleturn|p2b: Amoonguss|Protect\n|move|p1b: Dragonite|Extreme Speed|p2b: Amoonguss\n|-activate|p2b: Amoonguss|move: Protect\n|move|p1a: Garchomp|Earthquake|p2a: Iron Hands|[spread] p2a\n|-activate|p2b: Amoonguss|move: Protect\n|-immune|p1b: Dragonite\n|-resisted|p2a: Iron Hands\n|-damage|p2a: Iron Hands|65\/100\n|move|p2a: Iron Hands|Wild Charge|p1b: Dragonite\n|-damage|p1b: Dragonite|29\/100\n|-damage|p2a: Iron Hands|57\/100|[from] Recoil\n|\n|upkeep\n|turn|5\n|inactive|Im so mature has 30 seconds left.\n|inactive|Im so mature has 20 seconds left.\n|\n|t:|1682561543\n|move|p1b: Dragonite|Extreme Speed|p2b: Amoonguss\n|-damage|p2b: Amoonguss|20\/100\n|-enditem|p2b: Amoonguss|Sitrus Berry|[eat]\n|-heal|p2b: Amoonguss|45\/100|[from] item: Sitrus Berry\n|move|p1a: Garchomp|Earthquake|p2b: Amoonguss|[spread] p2a,p2b\n|-immune|p1b: Dragonite\n|-resisted|p2a: Iron Hands\n|-damage|p2a: Iron Hands|44\/100\n|-damage|p2b: Amoonguss|9\/100\n|move|p2a: Iron Hands|Wild Charge|p1b: Dragonite\n|-crit|p1b: Dragonite\n|-damage|p1b: Dragonite|0 fnt\n|faint|p1b: Dragonite\n|-damage|p2a: Iron Hands|39\/100|[from] Recoil\n|move|p2b: Amoonguss|Spore|p1a: Garchomp\n|-status|p1a: Garchomp|slp|[from] move: Spore\n|\n|upkeep\n|\n|t:|1682561554\n|switch|p1b: Chien-Pao|Chien-Pao, L50|100\/100\n|-ability|p1b: Chien-Pao|Sword of Ruin\n|turn|6\n|\n|t:|1682561573\n|move|p1b: Chien-Pao|Protect|p1b: Chien-Pao\n|-singleturn|p1b: Chien-Pao|Protect\n|move|p2b: Amoonguss|Rage Powder|p2b: Amoonguss\n|-singleturn|p2b: Amoonguss|move: Rage Powder\n|cant|p1a: Garchomp|slp\n|move|p2a: Iron Hands|Drain Punch|p1b: Chien-Pao\n|-activate|p1b: Chien-Pao|move: Protect\n|\n|upkeep\n|turn|7\n|inactive|wata97 has 30 seconds left.\n|\n|t:|1682561614\n|move|p2b: Amoonguss|Protect|p2b: Amoonguss\n|-singleturn|p2b: Amoonguss|Protect\n|move|p1b: Chien-Pao|Ice Spinner|p2a: Iron Hands\n|-supereffective|p2a: Iron Hands\n|-damage|p2a: Iron Hands|0 fnt\n|faint|p2a: Iron Hands\n|-end|p2a: Iron Hands|Quark Drive|[silent]\n|cant|p1a: Garchomp|slp\n|\n|upkeep\n|\n|t:|1682561618\n|switch|p2a: Flutter Mane|Flutter Mane, L50, shiny|100\/100\n|turn|8\n|\n|t:|1682561628\n|-terastallize|p1a: Garchomp|Fire\n|move|p1b: Chien-Pao|Protect|p1b: Chien-Pao\n|-singleturn|p1b: Chien-Pao|Protect\n|move|p2b: Amoonguss|Rage Powder|p2b: Amoonguss\n|-singleturn|p2b: Amoonguss|move: Rage Powder\n|move|p2a: Flutter Mane|Dazzling Gleam|p1b: Chien-Pao|[spread] p1a\n|-activate|p1b: Chien-Pao|move: Protect\n|-resisted|p1a: Garchomp\n|-damage|p1a: Garchomp|77\/100 slp\n|-curestatus|p1a: Garchomp|slp|[msg]\n|move|p1a: Garchomp|Earthquake|p2b: Amoonguss|[spread] p2a,p2b\n|-activate|p1b: Chien-Pao|move: Protect\n|-damage|p2a: Flutter Mane|8\/100\n|-damage|p2b: Amoonguss|0 fnt\n|faint|p2b: Amoonguss\n|\n|upkeep\n|turn|9\n|j| Rabbihorn\n|-message|Im so mature forfeited.\n|\n|win|wata97\n|raw|wata97's rating: 1642 → 1661<\/strong> (+19 for winning)\n|raw|Im so mature's rating: 1629 → 1610<\/strong> (-19 for losing)\n","uploadtime":1682561642,"views":8,"p1id":"wata97","p2id":"imsomature","formatid":"gen9vgc2023regulationc","rating":1610,"private":0,"password":""}