{"id":"gen9vgc2023regulationc-1846491391","p1":"Goldjunge1994","p2":"gohan92","format":"[Gen 9] VGC 2023 Regulation C","log":"|j|\u2606Goldjunge1994\n|j|\u2606gohan92\n|t:|1681845333\n|gametype|doubles\n|player|p1|Goldjunge1994|169|\n|player|p2|gohan92|101|\n|teamsize|p1|6\n|teamsize|p2|6\n|gen|9\n|tier|[Gen 9] VGC 2023 Regulation C\n|rule|Species Clause: Limit one of each Pok\u00e9mon\n|rule|Item Clause: Limit one of each item\n|clearpoke\n|poke|p1|Palafin, L50, F|\n|poke|p1|Gholdengo, L50|\n|poke|p1|Chien-Pao, L50|\n|poke|p1|Dragonite, L50, M|\n|poke|p1|Arcanine, L50, F|\n|poke|p1|Amoonguss, L50, M|\n|poke|p2|Chi-Yu, L50|\n|poke|p2|Flutter Mane, L50|\n|poke|p2|Glimmora, L50, F|\n|poke|p2|Ting-Lu, L50|\n|poke|p2|Gyarados, L50, F|\n|poke|p2|Amoonguss, L50, F|\n|teampreview|4\n|\n|t:|1681845359\n|start\n|switch|p1a: Gholdengo|Gholdengo, L50|100\/100\n|switch|p1b: Palafin|Palafin, L50, F|100\/100\n|switch|p2a: Glimmora|Glimmora, L50, F|100\/100\n|switch|p2b: Flutter Mane|Flutter Mane, L50|100\/100\n|-enditem|p2b: Flutter Mane|Booster Energy\n|-activate|p2b: Flutter Mane|ability: Protosynthesis|[fromitem]\n|-start|p2b: Flutter Mane|protosynthesisspa\n|turn|1\n|\n|t:|1681845384\n|move|p1a: Gholdengo|Protect|p1a: Gholdengo\n|-singleturn|p1a: Gholdengo|Protect\n|move|p2b: Flutter Mane|Substitute|p2b: Flutter Mane\n|-start|p2b: Flutter Mane|Substitute\n|-damage|p2b: Flutter Mane|76\/100\n|move|p2a: Glimmora|Mortal Spin|p1b: Palafin|[spread] p1b\n|-activate|p1a: Gholdengo|move: Protect\n|-damage|p1b: Palafin|96\/100\n|-status|p1b: Palafin|psn\n|move|p1b: Palafin|Wave Crash|p2b: Flutter Mane\n|-end|p2b: Flutter Mane|Substitute\n|-damage|p1b: Palafin|90\/100 psn|[from] Recoil|[of] p2b: Flutter Mane\n|\n|-damage|p1b: Palafin|77\/100 psn|[from] psn\n|upkeep\n|turn|2\n|\n|t:|1681845424\n|detailschange|p1b: Palafin|Palafin-Hero, L50, F\n|switch|p1b: Amoonguss|Amoonguss, L50, M|100\/100\n|-terastallize|p1a: Gholdengo|Water\n|move|p2b: Flutter Mane|Substitute|p2b: Flutter Mane\n|-start|p2b: Flutter Mane|Substitute\n|-damage|p2b: Flutter Mane|52\/100\n|move|p2a: Glimmora|Venoshock|p1b: Amoonguss\n|-damage|p1b: Amoonguss|69\/100\n|move|p1a: Gholdengo|Make It Rain|p2b: Flutter Mane|[spread] p2a,p2b\n|-supereffective|p2b: Flutter Mane\n|-end|p2b: Flutter Mane|Substitute\n|-supereffective|p2a: Glimmora\n|-enditem|p2a: Glimmora|Focus Sash\n|-damage|p2a: Glimmora|1\/100\n|-unboost|p1a: Gholdengo|spa|1\n|\n|upkeep\n|turn|3\n|\n|t:|1681845462\n|move|p2b: Flutter Mane|Protect|p2b: Flutter Mane\n|-singleturn|p2b: Flutter Mane|Protect\n|move|p2a: Glimmora|Mortal Spin|p1b: Amoonguss|[spread] p1a,p1b\n|-damage|p1a: Gholdengo|97\/100\n|-damage|p1b: Amoonguss|65\/100\n|-status|p1a: Gholdengo|psn\n|-status|p1b: Amoonguss|psn\n|move|p1a: Gholdengo|Make It Rain|p2b: Flutter Mane|[spread] p2a\n|-activate|p2b: Flutter Mane|move: Protect\n|-supereffective|p2a: Glimmora\n|-damage|p2a: Glimmora|0 fnt\n|-unboost|p1a: Gholdengo|spa|1\n|faint|p2a: Glimmora\n|move|p1b: Amoonguss|Clear Smog|p1a: Gholdengo\n|-crit|p1a: Gholdengo\n|-damage|p1a: Gholdengo|75\/100 psn\n|-clearboost|p1a: Gholdengo\n|\n|-heal|p1a: Gholdengo|81\/100 psn|[from] item: Leftovers\n|-damage|p1a: Gholdengo|69\/100 psn|[from] psn\n|-damage|p1b: Amoonguss|53\/100 psn|[from] psn\n|upkeep\n|\n|t:|1681845484\n|switch|p2a: Chi-Yu|Chi-Yu, L50|100\/100\n|-ability|p2a: Chi-Yu|Beads of Ruin\n|turn|4\n|c|\u2606Goldjunge1994|den crit h\u00e4tte ich jetzt nicht gebraucht :D\n|c|\u2606gohan92|haha\n|c|\u2606gohan92|https:\/\/pokepast.es\/cbc1ec405eeeea43\n|c|\u2606gohan92|ots vergessen\n|\n|t:|1681845521\n|-end|p2b: Flutter Mane|Protosynthesis|[silent]\n|switch|p2b: Amoonguss|Amoonguss, L50, F|100\/100\n|move|p1b: Amoonguss|Rage Powder|p1b: Amoonguss\n|-singleturn|p1b: Amoonguss|move: Rage Powder\n|move|p2a: Chi-Yu|Nasty Plot|p2a: Chi-Yu\n|-boost|p2a: Chi-Yu|spa|2\n|move|p1a: Gholdengo|Make It Rain|p2b: Amoonguss|[spread] p2a,p2b\n|-resisted|p2a: Chi-Yu\n|-damage|p2a: Chi-Yu|79\/100\n|-damage|p2b: Amoonguss|47\/100\n|-unboost|p1a: Gholdengo|spa|1\n|-enditem|p2b: Amoonguss|Sitrus Berry|[eat]\n|-heal|p2b: Amoonguss|72\/100|[from] item: Sitrus Berry\n|\n|-heal|p1a: Gholdengo|75\/100 psn|[from] item: Leftovers\n|-damage|p1a: Gholdengo|63\/100 psn|[from] psn\n|-damage|p1b: Amoonguss|40\/100 psn|[from] psn\n|upkeep\n|turn|5\n|\n|t:|1681845597\n|move|p1a: Gholdengo|Protect|p1a: Gholdengo\n|-singleturn|p1a: Gholdengo|Protect\n|move|p2a: Chi-Yu|Dark Pulse|p1b: Amoonguss\n|-damage|p1b: Amoonguss|0 fnt\n|faint|p1b: Amoonguss\n|move|p2b: Amoonguss|Pollen Puff|p2a: Chi-Yu\n|-heal|p2a: Chi-Yu|100\/100\n|\n|-heal|p1a: Gholdengo|69\/100 psn|[from] item: Leftovers\n|-damage|p1a: Gholdengo|57\/100 psn|[from] psn\n|upkeep\n|\n|t:|1681845609\n|switch|p1b: Arcanine|Arcanine, L50, F|100\/100\n|-ability|p1b: Arcanine|Intimidate|boost\n|-unboost|p2a: Chi-Yu|atk|1\n|-unboost|p2b: Amoonguss|atk|1\n|turn|6\n|\n|t:|1681845632\n|-terastallize|p2b: Amoonguss|Water\n|move|p1b: Arcanine|Protect|p1b: Arcanine\n|-singleturn|p1b: Arcanine|Protect\n|move|p2a: Chi-Yu|Dark Pulse|p1b: Arcanine\n|-activate|p1b: Arcanine|move: Protect\n|move|p1a: Gholdengo|Make It Rain|p2b: Amoonguss|[spread] p2a,p2b\n|-resisted|p2a: Chi-Yu\n|-resisted|p2b: Amoonguss\n|-damage|p2a: Chi-Yu|85\/100\n|-damage|p2b: Amoonguss|56\/100\n|-unboost|p1a: Gholdengo|spa|1\n|move|p2b: Amoonguss|Pollen Puff|p1a: Gholdengo\n|-crit|p1a: Gholdengo\n|-damage|p1a: Gholdengo|26\/100 psn\n|\n|-heal|p1a: Gholdengo|32\/100 psn|[from] item: Leftovers\n|-damage|p1a: Gholdengo|20\/100 psn|[from] psn\n|upkeep\n|turn|7\n|\n|t:|1681845679\n|switch|p2b: Flutter Mane|Flutter Mane, L50|52\/100\n|move|p1b: Arcanine|Flare Blitz|p2b: Flutter Mane\n|-damage|p2b: Flutter Mane|0 fnt\n|faint|p2b: Flutter Mane\n|-end|p2b: Flutter Mane|Protosynthesis|[silent]\n|-damage|p1b: Arcanine|88\/100|[from] Recoil\n|move|p2a: Chi-Yu|Dark Pulse|p1b: Arcanine\n|-damage|p1b: Arcanine|0 fnt\n|faint|p1b: Arcanine\n|move|p1a: Gholdengo|Thunderbolt|p2a: Chi-Yu\n|-damage|p2a: Chi-Yu|68\/100\n|\n|-heal|p1a: Gholdengo|26\/100 psn|[from] item: Leftovers\n|-damage|p1a: Gholdengo|13\/100 psn|[from] psn\n|upkeep\n|\n|t:|1681845693\n|switch|p2b: Amoonguss|Amoonguss, L50, F, tera:Water|89\/100\n|switch|p1b: Palafin|Palafin-Hero, L50, F|77\/100 psn\n|-activate|p1b: Palafin|ability: Zero to Hero\n|turn|8\n|\n|t:|1681845720\n|move|p2a: Chi-Yu|Protect|p2a: Chi-Yu\n|-singleturn|p2a: Chi-Yu|Protect\n|move|p2b: Amoonguss|Protect|p2b: Amoonguss\n|-singleturn|p2b: Amoonguss|Protect\n|move|p1b: Palafin|Jet Punch|p2a: Chi-Yu\n|-activate|p2a: Chi-Yu|move: Protect\n|move|p1a: Gholdengo|Thunderbolt|p2b: Amoonguss\n|-activate|p2b: Amoonguss|move: Protect\n|\n|-heal|p1a: Gholdengo|20\/100 psn|[from] item: Leftovers\n|-damage|p1b: Palafin|65\/100 psn|[from] psn\n|-damage|p1a: Gholdengo|7\/100 psn|[from] psn\n|upkeep\n|turn|9\n|\n|t:|1681845744\n|move|p2b: Amoonguss|Rage Powder|p2b: Amoonguss\n|-singleturn|p2b: Amoonguss|move: Rage Powder\n|move|p1b: Palafin|Jet Punch|p2b: Amoonguss\n|-resisted|p2b: Amoonguss\n|-damage|p2b: Amoonguss|70\/100\n|move|p2a: Chi-Yu|Dark Pulse|p1a: Gholdengo\n|-damage|p1a: Gholdengo|0 fnt\n|faint|p1a: Gholdengo\n|\n|-damage|p1b: Palafin|53\/100 psn|[from] psn\n|upkeep\n|turn|10\n|\n|t:|1681845757\n|move|p2b: Amoonguss|Rage Powder|p2b: Amoonguss\n|-singleturn|p2b: Amoonguss|move: Rage Powder\n|move|p2a: Chi-Yu|Dark Pulse|p1b: Palafin\n|-damage|p1b: Palafin|0 fnt\n|faint|p1b: Palafin\n|\n|win|gohan92\n|c|\u2606Goldjunge1994|gg\n|c|\u2606gohan92|dein crit war schuld\n|c|\u2606gohan92|gg!\n|c|\u2606Goldjunge1994|1:1 oder?\n|c|\u2606gohan92|ja genau\n","uploadtime":1681845775,"views":15,"p1id":"goldjunge1994","p2id":"gohan92","formatid":"gen9vgc2023regulationc","rating":0,"private":0,"password":""}