{"id":"gen9vgc2023regulationc-1858650215","p1":"Chinooooooo","p2":"xtososa","format":"[Gen 9] VGC 2023 Regulation C","log":"|j|\u2606Chinooooooo\n|j|\u2606xtososa\n|t:|1683337365\n|gametype|doubles\n|player|p1|Chinooooooo|hiker-gen4|\n|player|p2|xtososa|2|\n|teamsize|p1|6\n|teamsize|p2|6\n|gen|9\n|tier|[Gen 9] VGC 2023 Regulation C\n|rule|Species Clause: Limit one of each Pok\u00e9mon\n|rule|Item Clause: Limit one of each item\n|clearpoke\n|poke|p1|Dragonite, L50, M|\n|poke|p1|Gengar, L50, M|\n|poke|p1|Muk, L50, M|\n|poke|p1|Rotom-Heat, L50|\n|poke|p1|Goodra, L50, F|\n|poke|p1|Great Tusk, L50|\n|poke|p2|Annihilape, L50, M|\n|poke|p2|Gengar, L50, F|\n|poke|p2|Rotom-Wash, L50|\n|poke|p2|Dragonite, L50, M|\n|poke|p2|Great Tusk, L50|\n|poke|p2|Torkoal, L50, F|\n|teampreview|4\n|c|\u2606xtososa|Suerte Bro\n|c|\u2606Chinooooooo|Igual\n|\n|t:|1683337400\n|start\n|switch|p1a: Gengar|Gengar, L50, M|100\/100\n|switch|p1b: Muk|Muk, L50, M|100\/100\n|switch|p2a: Namelis|Annihilape, L50, M|100\/100\n|switch|p2b: Wazaaaaaaa|Gengar, L50, F|100\/100\n|turn|1\n|c|\u2606xtososa|Me duele la cabeza xd\n|\n|t:|1683337437\n|-terastallize|p2a: Namelis|Fire\n|move|p1a: Gengar|Dazzling Gleam|p2b: Wazaaaaaaa|[spread] p2a,p2b\n|-resisted|p2a: Namelis\n|-crit|p2a: Namelis\n|-resisted|p2b: Wazaaaaaaa\n|-damage|p2a: Namelis|89\/100\n|-damage|p2b: Wazaaaaaaa|92\/100\n|move|p2a: Namelis|Rage Fist|p1a: Gengar\n|-supereffective|p1a: Gengar\n|-enditem|p1a: Gengar|Focus Sash\n|-damage|p1a: Gengar|1\/100\n|move|p1b: Muk|Toxic|p2a: Namelis\n|-status|p2a: Namelis|tox\n|move|p2b: Wazaaaaaaa|Trick Room|p2b: Wazaaaaaaa\n|-fieldstart|move: Trick Room|[of] p2b: Wazaaaaaaa\n|\n|-heal|p2a: Namelis|95\/100 tox|[from] item: Leftovers\n|-damage|p2a: Namelis|89\/100 tox|[from] psn\n|upkeep\n|turn|2\n|c|\u2606Chinooooooo|Estoy en clases\n|c|\u2606Chinooooooo|jajajaja\n|\n|t:|1683337469\n|move|p1a: Gengar|Protect|p1a: Gengar\n|-singleturn|p1a: Gengar|Protect\n|move|p1b: Muk|Minimize|p1b: Muk\n|-boost|p1b: Muk|evasion|2\n|move|p2b: Wazaaaaaaa|Giga Drain|p1a: Gengar\n|-activate|p1a: Gengar|move: Protect\n|move|p2a: Namelis|Rage Fist|p1b: Muk\n|-damage|p1b: Muk|64\/100\n|\n|-heal|p1b: Muk|69\/100|[from] item: Black Sludge\n|-heal|p2a: Namelis|95\/100 tox|[from] item: Leftovers\n|-damage|p2a: Namelis|82\/100 tox|[from] psn\n|upkeep\n|turn|3\n|\n|t:|1683337502\n|switch|p2a: German gaa|Great Tusk, L50|100\/100\n|-enditem|p2a: German gaa|Booster Energy\n|-activate|p2a: German gaa|ability: Protosynthesis|[fromitem]\n|-start|p2a: German gaa|protosynthesisatk\n|move|p1b: Muk|Minimize|p1b: Muk\n|-boost|p1b: Muk|evasion|2\n|move|p2b: Wazaaaaaaa|Giga Drain|p1a: Gengar\n|-resisted|p1a: Gengar\n|-damage|p1a: Gengar|0 fnt\n|-heal|p2b: Wazaaaaaaa|92\/100|[from] drain|[of] p1a: Gengar\n|faint|p1a: Gengar\n|\n|-heal|p1b: Muk|75\/100|[from] item: Black Sludge\n|upkeep\n|\n|t:|1683337521\n|switch|p1a: Goodra|Goodra, L50, F|100\/100\n|turn|4\n|\n|t:|1683337561\n|move|p1b: Muk|Toxic|p2a: German gaa\n|-status|p2a: German gaa|tox\n|move|p1a: Goodra|Flamethrower|p2a: German gaa\n|-damage|p2a: German gaa|67\/100 tox\n|move|p2a: German gaa|Headlong Rush|p1b: Muk\n|-supereffective|p1b: Muk\n|-damage|p1b: Muk|0 fnt\n|-unboost|p2a: German gaa|def|1\n|-unboost|p2a: German gaa|spd|1\n|faint|p1b: Muk\n|move|p2b: Wazaaaaaaa|Giga Drain|p1a: Goodra\n|-resisted|p1a: Goodra\n|-damage|p1a: Goodra|94\/100\n|-heal|p2b: Wazaaaaaaa|96\/100|[from] drain|[of] p1a: Goodra\n|\n|-heal|p1a: Goodra|99\/100|[from] item: Leftovers\n|-damage|p2a: German gaa|61\/100 tox|[from] psn\n|upkeep\n|\n|t:|1683337577\n|switch|p1b: Great Tusk|Great Tusk, L50|100\/100\n|turn|5\n|j| Bloodycheese\n|\n|t:|1683337604\n|-end|p2a: German gaa|Protosynthesis|[silent]\n|switch|p2a: Pandugod|Dragonite, L50, M|100\/100\n|move|p1a: Goodra|Sunny Day|p1a: Goodra\n|-weather|SunnyDay\n|-activate|p1b: Great Tusk|ability: Protosynthesis\n|-start|p1b: Great Tusk|protosynthesisatk\n|move|p2b: Wazaaaaaaa|Giga Drain|p1b: Great Tusk\n|-supereffective|p1b: Great Tusk\n|-damage|p1b: Great Tusk|27\/100\n|-heal|p2b: Wazaaaaaaa|100\/100|[from] drain|[of] p1b: Great Tusk\n|move|p1b: Great Tusk|Rock Slide|p2a: Pandugod|[spread] p2a,p2b\n|-supereffective|p2a: Pandugod\n|-damage|p2a: Pandugod|5\/100\n|-damage|p2b: Wazaaaaaaa|36\/100\n|-start|p1b: Great Tusk|Disable|Rock Slide|[from] ability: Cursed Body|[of] p2b: Wazaaaaaaa\n|\n|-weather|SunnyDay|[upkeep]\n|-heal|p1a: Goodra|100\/100|[from] item: Leftovers\n|-fieldend|move: Trick Room\n|upkeep\n|turn|6\n|\n|t:|1683337634\n|-activate|p1b: Great Tusk|move: Struggle\n|move|p1b: Great Tusk|Struggle|p2a: Pandugod\n|-damage|p2a: Pandugod|0 fnt\n|faint|p2a: Pandugod\n|-damage|p1b: Great Tusk|2\/100|[from] recoil\n|move|p2b: Wazaaaaaaa|Giga Drain|p1b: Great Tusk\n|-supereffective|p1b: Great Tusk\n|-damage|p1b: Great Tusk|0 fnt\n|-heal|p2b: Wazaaaaaaa|37\/100|[from] drain|[of] p1b: Great Tusk\n|faint|p1b: Great Tusk\n|-end|p1b: Great Tusk|Protosynthesis|[silent]\n|move|p1a: Goodra|Life Dew||[still]\n|-fail|p1a: Goodra|heal\n|\n|-weather|SunnyDay|[upkeep]\n|upkeep\n|\n|t:|1683337659\n|switch|p2a: Namelis|Annihilape, L50, M, tera:Fire|82\/100 tox\n|turn|7\n|\n|t:|1683337670\n|move|p2a: Namelis|Rage Fist|p1a: Goodra\n|-damage|p1a: Goodra|59\/100\n|-ability|p1a: Goodra|Gooey\n|-unboost|p2a: Namelis|spe|1\n|-ability|p2a: Namelis|Defiant|boost\n|-boost|p2a: Namelis|atk|2\n|move|p2b: Wazaaaaaaa|Shadow Ball|p1a: Goodra\n|-damage|p1a: Goodra|39\/100\n|-unboost|p1a: Goodra|spd|1\n|move|p1a: Goodra|Thunderbolt|p2b: Wazaaaaaaa\n|-damage|p2b: Wazaaaaaaa|17\/100\n|\n|-weather|SunnyDay|[upkeep]\n|-heal|p1a: Goodra|45\/100|[from] item: Leftovers\n|-heal|p2a: Namelis|89\/100 tox|[from] item: Leftovers\n|-damage|p2a: Namelis|82\/100 tox|[from] psn\n|upkeep\n|turn|8\n|j| ScalonetaPibe\n|\n|t:|1683337697\n|move|p2b: Wazaaaaaaa|Giga Drain|p1a: Goodra\n|-resisted|p1a: Goodra\n|-crit|p1a: Goodra\n|-damage|p1a: Goodra|29\/100\n|-heal|p2b: Wazaaaaaaa|26\/100|[from] drain|[of] p1a: Goodra\n|move|p1a: Goodra|Life Dew|p1a: Goodra\n|-heal|p1a: Goodra|54\/100\n|move|p2a: Namelis|Rage Fist|p1a: Goodra\n|-crit|p1a: Goodra\n|-damage|p1a: Goodra|0 fnt\n|-ability|p1a: Goodra|Gooey\n|-unboost|p2a: Namelis|spe|1\n|-ability|p2a: Namelis|Defiant|boost\n|-boost|p2a: Namelis|atk|2\n|faint|p1a: Goodra\n|\n|win|xtososa\n|c|\u2606xtososa|GG\n|c|\u2606Chinooooooo|gg\n|l|\u2606Chinooooooo\n","uploadtime":1683337718,"views":12,"p1id":"chinooooooo","p2id":"xtososa","formatid":"gen9vgc2023regulationc","rating":0,"private":0,"password":""}