{"id":"gen9vgc2023regulationc-1852399124","p1":"vivian20","p2":"Gioilele","format":"[Gen 9] VGC 2023 Regulation C","log":"|j|\u2606vivian20\n|j|\u2606Gioilele\n|t:|1682552809\n|gametype|doubles\n|player|p1|vivian20|170|\n|player|p2|Gioilele|pokemonbreeder-gen4|\n|teamsize|p1|6\n|teamsize|p2|6\n|gen|9\n|tier|[Gen 9] VGC 2023 Regulation C\n|rule|Species Clause: Limit one of each Pok\u00e9mon\n|rule|Item Clause: Limit one of each item\n|clearpoke\n|poke|p1|Glimmora, L50, F|\n|poke|p1|Flutter Mane, L50|\n|poke|p1|Tatsugiri, L50, F|\n|poke|p1|Dondozo, L50, M|\n|poke|p1|Arcanine, L50, F|\n|poke|p1|Wo-Chien, L50|\n|poke|p2|Murkrow, L50, F|\n|poke|p2|Chi-Yu, L50|\n|poke|p2|Flutter Mane, L50|\n|poke|p2|Great Tusk, L50|\n|poke|p2|Brute Bonnet, L50|\n|poke|p2|Corviknight, L50, M|\n|teampreview|4\nGioilele has agreed to open team sheets.\nvivian20 has agreed to open team sheets.\n|\n|t:|1682552897\n|start\n|switch|p1a: Arcanine|Arcanine, L50, F|100\/100\n|switch|p1b: Wo-Chien|Wo-Chien, L50|100\/100\n|switch|p2a: Murkrow|Murkrow, L50, F, shiny|100\/100\n|switch|p2b: Flutter Mane|Flutter Mane, L50|100\/100\n|-ability|p1a: Arcanine|Intimidate|boost\n|-unboost|p2a: Murkrow|atk|1\n|-unboost|p2b: Flutter Mane|atk|1\n|-ability|p1b: Wo-Chien|Tablets of Ruin\n|turn|1\n|\n|t:|1682552932\n|switch|p1b: Glimmora|Glimmora, L50, F|100\/100\n|-terastallize|p2b: Flutter Mane|Fairy\n|move|p2a: Murkrow|Sunny Day|p2a: Murkrow\n|-weather|SunnyDay\n|-activate|p2b: Flutter Mane|ability: Protosynthesis\n|-start|p2b: Flutter Mane|protosynthesisspa\n|move|p2b: Flutter Mane|Dazzling Gleam|p1b: Glimmora|[spread] p1a,p1b\n|-resisted|p1a: Arcanine\n|-resisted|p1b: Glimmora\n|-crit|p1b: Glimmora\n|-damage|p1a: Arcanine|68\/100\n|-damage|p1b: Glimmora|57\/100\n|move|p1a: Arcanine|Flare Blitz|p2b: Flutter Mane\n|-damage|p2b: Flutter Mane|0 fnt\n|faint|p2b: Flutter Mane\n|-end|p2b: Flutter Mane|Protosynthesis|[silent]\n|-damage|p1a: Arcanine|44\/100|[from] Recoil\n|\n|-weather|SunnyDay|[upkeep]\n|upkeep\n|\n|t:|1682552946\n|switch|p2b: Great Tusk|Great Tusk, L50|100\/100\n|-activate|p2b: Great Tusk|ability: Protosynthesis\n|-start|p2b: Great Tusk|protosynthesisatk\n|turn|2\n|\n|t:|1682552959\n|switch|p1b: Wo-Chien|Wo-Chien, L50|100\/100\n|-ability|p1b: Wo-Chien|Tablets of Ruin\n|move|p1a: Arcanine|Protect|p1a: Arcanine\n|-singleturn|p1a: Arcanine|Protect\n|move|p2b: Great Tusk|Earthquake|p1a: Arcanine|[spread] p1b\n|-activate|p1a: Arcanine|move: Protect\n|-immune|p2a: Murkrow\n|-resisted|p1b: Wo-Chien\n|-damage|p1b: Wo-Chien|84\/100\n|move|p2a: Murkrow|Foul Play|p1b: Wo-Chien\n|-resisted|p1b: Wo-Chien\n|-damage|p1b: Wo-Chien|78\/100\n|\n|-weather|SunnyDay|[upkeep]\n|-heal|p1b: Wo-Chien|84\/100|[from] item: Leftovers\n|upkeep\n|turn|3\n|\n|t:|1682552981\n|switch|p1a: Glimmora|Glimmora, L50, F|57\/100\n|move|p2b: Great Tusk|Earthquake|p1b: Wo-Chien|[spread] p1a,p1b\n|-immune|p2a: Murkrow\n|-supereffective|p1a: Glimmora\n|-resisted|p1b: Wo-Chien\n|-damage|p1a: Glimmora|0 fnt\n|-damage|p1b: Wo-Chien|68\/100\n|-activate|p1a: Glimmora|ability: Toxic Debris\n|-sidestart|p2: Gioilele|move: Toxic Spikes\n|faint|p1a: Glimmora\n|move|p2a: Murkrow|Foul Play|p1b: Wo-Chien\n|-resisted|p1b: Wo-Chien\n|-damage|p1b: Wo-Chien|60\/100\n|move|p1b: Wo-Chien|Leech Seed|p2b: Great Tusk|[miss]\n|-miss|p1b: Wo-Chien|p2b: Great Tusk\n|\n|-weather|SunnyDay|[upkeep]\n|-heal|p1b: Wo-Chien|67\/100|[from] item: Leftovers\n|upkeep\n|\n|t:|1682552998\n|switch|p1a: Flutter Mane|Flutter Mane, L50|100\/100\n|-activate|p1a: Flutter Mane|ability: Protosynthesis\n|-start|p1a: Flutter Mane|protosynthesisspe\n|turn|4\n|\n|t:|1682553015\n|move|p2a: Murkrow|Tailwind|p2a: Murkrow\n|-sidestart|p2: Gioilele|move: Tailwind\n|move|p2b: Great Tusk|Earthquake|p1b: Wo-Chien|[spread] p1a,p1b\n|-immune|p2a: Murkrow\n|-resisted|p1b: Wo-Chien\n|-damage|p1a: Flutter Mane|3\/100\n|-damage|p1b: Wo-Chien|50\/100\n|move|p1a: Flutter Mane|Dazzling Gleam|p2b: Great Tusk|[spread] p2a,p2b\n|-supereffective|p2a: Murkrow\n|-supereffective|p2b: Great Tusk\n|-damage|p2a: Murkrow|29\/100\n|-damage|p2b: Great Tusk|6\/100\n|move|p1b: Wo-Chien|Snarl|p2a: Murkrow|[spread] p2a,p2b\n|-resisted|p2a: Murkrow\n|-resisted|p2b: Great Tusk\n|-damage|p2a: Murkrow|21\/100\n|-damage|p2b: Great Tusk|0 fnt\n|-unboost|p2a: Murkrow|spa|1\n|faint|p2b: Great Tusk\n|-end|p2b: Great Tusk|Protosynthesis|[silent]\n|\n|-weather|SunnyDay|[upkeep]\n|-heal|p1b: Wo-Chien|57\/100|[from] item: Leftovers\n|upkeep\n|\n|t:|1682553017\n|switch|p2b: Chi-Yu|Chi-Yu, L50|100\/100\n|-status|p2b: Chi-Yu|psn\n|-ability|p2b: Chi-Yu|Beads of Ruin\n|turn|5\n|\n|t:|1682553062\n|-end|p1a: Flutter Mane|Protosynthesis|[silent]\n|switch|p1a: Arcanine|Arcanine, L50, F|44\/100\n|-ability|p1a: Arcanine|Intimidate|boost\n|-unboost|p2a: Murkrow|atk|1\n|-unboost|p2b: Chi-Yu|atk|1\n|move|p1b: Wo-Chien|Protect|p1b: Wo-Chien\n|-singleturn|p1b: Wo-Chien|Protect\n|move|p2b: Chi-Yu|Heat Wave|p1a: Arcanine|[spread] p1a\n|-activate|p1b: Wo-Chien|move: Protect\n|-resisted|p1a: Arcanine\n|-damage|p1a: Arcanine|1\/100\n|-damage|p2b: Chi-Yu|90\/100 psn|[from] item: Life Orb\n|move|p2a: Murkrow|Foul Play|p1a: Arcanine\n|-damage|p1a: Arcanine|0 fnt\n|faint|p1a: Arcanine\n|\n|-weather|none\n|-heal|p1b: Wo-Chien|63\/100|[from] item: Leftovers\n|-damage|p2b: Chi-Yu|78\/100 psn|[from] psn\n|upkeep\n|\n|t:|1682553082\n|switch|p1a: Flutter Mane|Flutter Mane, L50|3\/100\n|turn|6\n|\n|t:|1682553103\n|-terastallize|p1b: Wo-Chien|Poison\n|move|p1a: Flutter Mane|Protect|p1a: Flutter Mane\n|-singleturn|p1a: Flutter Mane|Protect\n|move|p2b: Chi-Yu|Overheat|p1b: Wo-Chien\n|-damage|p1b: Wo-Chien|0 fnt\n|-unboost|p2b: Chi-Yu|spa|2\n|faint|p1b: Wo-Chien\n|-damage|p2b: Chi-Yu|68\/100 psn|[from] item: Life Orb\n|move|p2a: Murkrow|Foul Play|p1a: Flutter Mane\n|-activate|p1a: Flutter Mane|move: Protect\n|\n|-damage|p2b: Chi-Yu|56\/100 psn|[from] psn\n|upkeep\n|turn|7\n|\n|t:|1682553124\n|move|p2a: Murkrow|Haze|p2a: Murkrow\n|-clearallboost\n|move|p2b: Chi-Yu|Dark Pulse|p1a: Flutter Mane\n|-damage|p1a: Flutter Mane|0 fnt\n|faint|p1a: Flutter Mane\n|-end|p1a: Flutter Mane|Protosynthesis|[silent]\n|-damage|p2b: Chi-Yu|46\/100 psn|[from] item: Life Orb\n|\n|win|Gioilele\n|c|\u2606Gioilele|gg\n","uploadtime":1682553129,"views":11,"p1id":"vivian20","p2id":"gioilele","formatid":"gen9vgc2023regulationc","rating":0,"private":0,"password":""}