{"id":"gen9vgc2023regulationc-1859588145","p1":"GFORCEPKMN","p2":"shuijunjun","format":"[Gen 9] VGC 2023 Regulation C","log":"|j|\u2606GFORCEPKMN\n|j|\u2606shuijunjun\n|t:|1683545787\n|gametype|doubles\n|player|p1|GFORCEPKMN|265|1255\n|player|p2|shuijunjun|iono|1302\n|teamsize|p1|6\n|teamsize|p2|6\n|gen|9\n|tier|[Gen 9] VGC 2023 Regulation C\n|rated|\n|rule|Species Clause: Limit one of each Pok\u00e9mon\n|rule|Item Clause: Limit one of each item\n|clearpoke\n|poke|p1|Arcanine, L50, M|\n|poke|p1|Wo-Chien, L50|\n|poke|p1|Gholdengo, L50|\n|poke|p1|Dondozo, L50, F|\n|poke|p1|Tatsugiri-Stretchy, L50, M|\n|poke|p1|Chien-Pao, L50|\n|poke|p2|Armarouge, L50, M|\n|poke|p2|Maushold-Four, L50|\n|poke|p2|Flutter Mane, L50|\n|poke|p2|Iron Bundle, L50|\n|poke|p2|Chien-Pao, L50|\n|poke|p2|Dragonite, L50, M|\n|teampreview|4\nshuijunjun rejected open team sheets.\n|\n|t:|1683545873\n|start\n|switch|p1a: Chien-Pao|Chien-Pao, L50|100\/100\n|switch|p1b: Dondozo|Dondozo, L50, F|100\/100\n|switch|p2a: Iron Bundle|Iron Bundle, L50|100\/100\n|switch|p2b: Flutter Mane|Flutter Mane, L50|100\/100\n|-ability|p1a: Chien-Pao|Sword of Ruin\n|-enditem|p2b: Flutter Mane|Booster Energy\n|-activate|p2b: Flutter Mane|ability: Protosynthesis|[fromitem]\n|-start|p2b: Flutter Mane|protosynthesisspe\n|turn|1\n|\n|t:|1683545919\n|switch|p1a: Tatsugiri|Tatsugiri-Stretchy, L50, M|100\/100\n|-activate|p1a: Tatsugiri|ability: Commander|[of] p1b: Dondozo\n|-boost|p1b: Dondozo|atk|2\n|-boost|p1b: Dondozo|spa|2\n|-boost|p1b: Dondozo|spe|2\n|-boost|p1b: Dondozo|def|2\n|-boost|p1b: Dondozo|spd|2\n|-terastallize|p1b: Dondozo|Fire\n|move|p2b: Flutter Mane|Protect|p2b: Flutter Mane\n|-singleturn|p2b: Flutter Mane|Protect\n|move|p2a: Iron Bundle|Protect|p2a: Iron Bundle\n|-singleturn|p2a: Iron Bundle|Protect\n|move|p1b: Dondozo|Tera Blast|p2a: Iron Bundle\n|-activate|p2a: Iron Bundle|move: Protect\n|\n|upkeep\n|turn|2\n|\n|t:|1683545941\n|move|p2b: Flutter Mane|Shadow Ball|p1b: Dondozo\n|-damage|p1b: Dondozo|81\/100\n|move|p2a: Iron Bundle|Hydro Pump|p1b: Dondozo\n|-supereffective|p1b: Dondozo\n|-damage|p1b: Dondozo|33\/100\n|move|p1b: Dondozo|Rock Slide|p2b: Flutter Mane|[spread] p2a,p2b\n|-supereffective|p2a: Iron Bundle\n|-damage|p2a: Iron Bundle|0 fnt\n|-damage|p2b: Flutter Mane|0 fnt\n|faint|p2a: Iron Bundle\n|-end|p2a: Iron Bundle|Quark Drive|[silent]\n|faint|p2b: Flutter Mane\n|-end|p2b: Flutter Mane|Protosynthesis|[silent]\n|-damage|p1b: Dondozo|23\/100|[from] item: Life Orb\n|\n|upkeep\n|\n|t:|1683545951\n|switch|p2a: Dragonite|Dragonite, L50, M|100\/100\n|switch|p2b: Chien-Pao|Chien-Pao, L50|100\/100\n|-ability|p2b: Chien-Pao|Sword of Ruin\n|turn|3\n|\n|t:|1683545959\n|-terastallize|p2a: Dragonite|Normal\n|move|p2a: Dragonite|Extreme Speed|p1b: Dondozo\n|-damage|p1b: Dondozo|0 fnt\n|faint|p1b: Dondozo\n|-damage|p2a: Dragonite|91\/100|[from] item: Life Orb\n|move|p2b: Chien-Pao|Ice Shard|p1a: Tatsugiri\n|-damage|p1a: Tatsugiri|52\/100\n|\n|upkeep\n|\n|t:|1683545970\n|switch|p1b: Arcanine|Arcanine, L50, M|100\/100\n|-ability|p1b: Arcanine|Intimidate|boost\n|-fail|p2a: Dragonite|unboost|Attack|[from] ability: Inner Focus|[of] p2a: Dragonite\n|-unboost|p2b: Chien-Pao|atk|1\n|turn|4\n|\n|t:|1683546017\n|move|p2a: Dragonite|Extreme Speed|p1b: Arcanine\n|-damage|p1b: Arcanine|15\/100\n|-damage|p2a: Dragonite|81\/100|[from] item: Life Orb\n|move|p1a: Tatsugiri|Icy Wind|p2b: Chien-Pao|[spread] p2b\n|-miss|p1a: Tatsugiri|p2a: Dragonite\n|-resisted|p2b: Chien-Pao\n|-damage|p2b: Chien-Pao|90\/100\n|-unboost|p2b: Chien-Pao|spe|1\n|move|p1b: Arcanine|Will-O-Wisp|p2a: Dragonite|[miss]\n|-miss|p1b: Arcanine|p2a: Dragonite\n|move|p2b: Chien-Pao|Sacred Sword|p1b: Arcanine\n|-damage|p1b: Arcanine|0 fnt\n|faint|p1b: Arcanine\n|\n|upkeep\n|\n|t:|1683546032\n|switch|p1b: Chien-Pao|Chien-Pao, L50|100\/100\n|-ability|p1b: Chien-Pao|Sword of Ruin\n|turn|5\n|\n|t:|1683546042\n|move|p1a: Tatsugiri|Icy Wind|p2b: Chien-Pao|[spread] p2a,p2b\n|-resisted|p2b: Chien-Pao\n|-damage|p2a: Dragonite|66\/100\n|-damage|p2b: Chien-Pao|80\/100\n|-unboost|p2a: Dragonite|spe|1\n|-unboost|p2b: Chien-Pao|spe|1\n|move|p1b: Chien-Pao|Sacred Sword|p2a: Dragonite\n|-supereffective|p2a: Dragonite\n|-damage|p2a: Dragonite|0 fnt\n|faint|p2a: Dragonite\n|move|p2b: Chien-Pao|Sacred Sword|p1b: Chien-Pao\n|-supereffective|p1b: Chien-Pao\n|-enditem|p1b: Chien-Pao|Focus Sash\n|-damage|p1b: Chien-Pao|1\/100\n|\n|upkeep\n|turn|6\n|\n|t:|1683546063\n|move|p2b: Chien-Pao|Protect|p2b: Chien-Pao\n|-singleturn|p2b: Chien-Pao|Protect\n|move|p1b: Chien-Pao|Sucker Punch||[still]\n|-fail|p1b: Chien-Pao\n|move|p1a: Tatsugiri|Icy Wind|p2b: Chien-Pao\n|-activate|p2b: Chien-Pao|move: Protect\n|\n|upkeep\n|turn|7\n|\n|t:|1683546097\n|move|p1b: Chien-Pao|Sucker Punch|p2b: Chien-Pao\n|-resisted|p2b: Chien-Pao\n|-damage|p2b: Chien-Pao|56\/100\n|move|p2b: Chien-Pao|Ice Shard|p1b: Chien-Pao\n|-resisted|p1b: Chien-Pao\n|-damage|p1b: Chien-Pao|0 fnt\n|faint|p1b: Chien-Pao\n|move|p1a: Tatsugiri|Icy Wind|p2b: Chien-Pao\n|-resisted|p2b: Chien-Pao\n|-damage|p2b: Chien-Pao|40\/100\n|-unboost|p2b: Chien-Pao|spe|1\n|\n|upkeep\n|turn|8\n|\n|t:|1683546107\n|move|p1a: Tatsugiri|Icy Wind|p2b: Chien-Pao|[miss]\n|-miss|p1a: Tatsugiri|p2b: Chien-Pao\n|move|p2b: Chien-Pao|Sacred Sword|p1a: Tatsugiri\n|-damage|p1a: Tatsugiri|0 fnt\n|faint|p1a: Tatsugiri\n|\n|win|shuijunjun\n|raw|GFORCEPKMN's rating: 1255 → 1233<\/strong> (-22 for losing)\n|raw|shuijunjun's rating: 1302 → 1319<\/strong> (+17 for winning)\n|l|\u2606GFORCEPKMN\n","uploadtime":1683546117,"views":12,"p1id":"gforcepkmn","p2id":"shuijunjun","formatid":"gen9vgc2023regulationc","rating":1233,"private":0,"password":""}