{"id":"gen9vgc2023regulationc-1852042927","p1":"Tchoubib","p2":"Haxxson","format":"[Gen 9] VGC 2023 Regulation C","log":"|j|\u2606Tchoubib\n|j|\u2606Haxxson\n|t:|1682519365\n|gametype|doubles\n|player|p1|Tchoubib|wattson|1148\n|player|p2|Haxxson|marshal|1141\n|teamsize|p1|6\n|teamsize|p2|6\n|gen|9\n|tier|[Gen 9] VGC 2023 Regulation C\n|rated|\n|rule|Species Clause: Limit one of each Pok\u00e9mon\n|rule|Item Clause: Limit one of each item\n|clearpoke\n|poke|p1|Arcanine, L50, F|\n|poke|p1|Amoonguss, L50, M|\n|poke|p1|Palafin, L50, F|\n|poke|p1|Ting-Lu, L50|\n|poke|p1|Baxcalibur, L50, F|\n|poke|p1|Flutter Mane, L50|\n|poke|p2|Jumpluff, L50, M|\n|poke|p2|Volcarona, L50, F|\n|poke|p2|Krookodile, L50, M|\n|poke|p2|Annihilape, L50, F|\n|poke|p2|Rabsca, L50, M|\n|poke|p2|Jolteon, L50, M|\n|teampreview|4\n|inactive|Battle timer is ON: inactive players will automatically lose when time's up. (requested by Haxxson)\n|inactive|Tchoubib has 60 seconds left.\n|inactive|Haxxson has 60 seconds left.\n|inactive|Haxxson has 30 seconds left.\n|inactive|Haxxson has 20 seconds left.\n|inactive|Haxxson has 15 seconds left.\n|\n|t:|1682519445\n|start\n|switch|p1a: Palafin|Palafin, L50, F|100\/100\n|switch|p1b: Flutter Mane|Flutter Mane, L50|100\/100\n|switch|p2a: Krookodile|Krookodile, L50, M|100\/100\n|switch|p2b: Rabsca|Rabsca, L50, M|100\/100\n|-ability|p2a: Krookodile|Intimidate|boost\n|-unboost|p1a: Palafin|atk|1\n|-unboost|p1b: Flutter Mane|atk|1\n|turn|1\n|inactive|Tchoubib has 30 seconds left.\n|inactive|Tchoubib has 20 seconds left.\n|\n|t:|1682519481\n|switch|p2a: Volcarona|Volcarona, L50, F|100\/100\n|move|p1a: Palafin|Protect|p1a: Palafin\n|-singleturn|p1a: Palafin|Protect\n|move|p1b: Flutter Mane|Dazzling Gleam|p2a: Volcarona|[spread] p2a,p2b\n|-resisted|p2a: Volcarona\n|-damage|p2a: Volcarona|82\/100\n|-damage|p2b: Rabsca|60\/100\n|move|p2b: Rabsca|Calm Mind|p2b: Rabsca\n|-boost|p2b: Rabsca|spa|1\n|-boost|p2b: Rabsca|spd|1\n|\n|upkeep\n|turn|2\n|inactive|Tchoubib has 30 seconds left.\n|inactive|Haxxson has 30 seconds left.\n|\n|t:|1682519511\n|-end|p1b: Flutter Mane|Protosynthesis|[silent]\n|switch|p1b: Amoonguss|Amoonguss, L50, M|100\/100\n|detailschange|p1a: Palafin|Palafin-Hero, L50, F\n|switch|p1a: Ting-Lu|Ting-Lu, L50|100\/100\n|-ability|p1a: Ting-Lu|Vessel of Ruin\n|move|p2a: Volcarona|Overheat|p1a: Ting-Lu\n|-damage|p1a: Ting-Lu|77\/100\n|-unboost|p2a: Volcarona|spa|2\n|move|p2b: Rabsca|Calm Mind|p2b: Rabsca\n|-boost|p2b: Rabsca|spa|1\n|-boost|p2b: Rabsca|spd|1\n|\n|upkeep\n|turn|3\n|inactive|Tchoubib has 30 seconds left.\n|inactive|Haxxson has 30 seconds left.\n|\n|t:|1682519541\n|switch|p2a: Krookodile|Krookodile, L50, M|100\/100\n|-ability|p2a: Krookodile|Intimidate|boost\n|-unboost|p1a: Ting-Lu|atk|1\n|-unboost|p1b: Amoonguss|atk|1\n|-terastallize|p2b: Rabsca|Psychic\n|move|p1a: Ting-Lu|Ruination|p2b: Rabsca\n|-damage|p2b: Rabsca|31\/100\n|move|p2b: Rabsca|Stored Power|p1b: Amoonguss\n|-supereffective|p1b: Amoonguss\n|-damage|p1b: Amoonguss|0 fnt\n|faint|p1b: Amoonguss\n|\n|upkeep\n|\n|t:|1682519558\n|switch|p1b: Flutter Mane|Flutter Mane, L50|100\/100\n|turn|4\n|inactive|Tchoubib has 30 seconds left.\n|inactive|Tchoubib has 20 seconds left.\n|\n|t:|1682519600\n|switch|p2a: Jumpluff|Jumpluff, L50, M|100\/100\n|move|p2b: Rabsca|Protect|p2b: Rabsca\n|-singleturn|p2b: Rabsca|Protect\n|move|p1b: Flutter Mane|Moonblast|p2a: Jumpluff\n|-damage|p2a: Jumpluff|50\/100\n|-unboost|p2a: Jumpluff|spa|1\n|move|p1a: Ting-Lu|Stomping Tantrum|p2b: Rabsca\n|-activate|p2b: Rabsca|move: Protect\n|\n|upkeep\n|turn|5\n|inactive|Tchoubib has 30 seconds left.\n|\n|t:|1682519627\n|-terastallize|p1a: Ting-Lu|Poison\n|move|p1b: Flutter Mane|Moonblast|p2b: Rabsca\n|-damage|p2b: Rabsca|5\/100\n|move|p2a: Jumpluff|Pollen Puff|p2b: Rabsca\n|-heal|p2b: Rabsca|55\/100\n|move|p1a: Ting-Lu|Rock Slide|p2b: Rabsca|[spread] p2a,p2b\n|-supereffective|p2a: Jumpluff\n|-damage|p2a: Jumpluff|23\/100\n|-damage|p2b: Rabsca|45\/100\n|cant|p2b: Rabsca|flinch\n|\n|upkeep\n|turn|6\n|inactive|Tchoubib has 30 seconds left.\n|inactive|Haxxson has 30 seconds left.\n|inactive|Haxxson has 20 seconds left.\n|inactive|Haxxson has 15 seconds left.\n|\n|t:|1682519670\n|move|p1b: Flutter Mane|Moonblast|p2a: Jumpluff\n|-damage|p2a: Jumpluff|0 fnt\n|faint|p2a: Jumpluff\n|move|p1a: Ting-Lu|Ruination|p2b: Rabsca\n|-damage|p2b: Rabsca|23\/100\n|move|p2b: Rabsca|Stored Power|p1a: Ting-Lu\n|-supereffective|p1a: Ting-Lu\n|-damage|p1a: Ting-Lu|0 fnt\n|faint|p1a: Ting-Lu\n|\n|upkeep\n|l|\u2606Haxxson\n|inactive|Haxxson disconnected and has a minute to reconnect!\n|player|p2|\n|j|\u2606Haxxson\n|inactive|Haxxson reconnected and has 45 seconds left.\n|player|p2|Haxxson|marshal\n|\n|t:|1682519686\n|switch|p2a: Volcarona|Volcarona, L50, F|82\/100\n|switch|p1a: Palafin|Palafin-Hero, L50, F|100\/100\n|-activate|p1a: Palafin|ability: Zero to Hero\n|turn|7\n|\n|t:|1682519700\n|move|p2a: Volcarona|Rage Powder|p2a: Volcarona\n|-singleturn|p2a: Volcarona|move: Rage Powder\n|move|p1b: Flutter Mane|Moonblast|p2a: Volcarona\n|-resisted|p2a: Volcarona\n|-crit|p2a: Volcarona\n|-damage|p2a: Volcarona|34\/100\n|-enditem|p2a: Volcarona|Sitrus Berry|[eat]\n|-heal|p2a: Volcarona|59\/100|[from] item: Sitrus Berry\n|move|p1a: Palafin|Wave Crash|p2a: Volcarona\n|-supereffective|p2a: Volcarona\n|-damage|p2a: Volcarona|0 fnt\n|-status|p1a: Palafin|brn|[from] ability: Flame Body|[of] p2a: Volcarona\n|faint|p2a: Volcarona\n|-damage|p1a: Palafin|82\/100 brn|[from] Recoil\n|move|p2b: Rabsca|Stored Power|p1a: Palafin\n|-damage|p1a: Palafin|0 fnt\n|faint|p1a: Palafin\n|\n|upkeep\n|-message|Tchoubib forfeited.\n|\n|win|Haxxson\n|raw|Tchoubib's rating: 1148 → 1122<\/strong> (-26 for losing)\n|raw|Haxxson's rating: 1141 → 1167<\/strong> (+26 for winning)\n|l|\u2606Tchoubib\n","uploadtime":1682519733,"views":19,"p1id":"tchoubib","p2id":"haxxson","formatid":"gen9vgc2023regulationc","rating":1122,"private":0,"password":""}