{"id":"gen9vgc2023regulationc-1862261832","p1":"charlotte060","p2":"L0LZ4N0m4","format":"[Gen 9] VGC 2023 Regulation C","log":"|j|\u2606charlotte060\n|j|\u2606L0LZ4N0m4\n|t:|1683856585\n|gametype|doubles\n|player|p1|charlotte060|265|1277\n|player|p2|L0LZ4N0m4|aromalady|1290\n|teamsize|p1|6\n|teamsize|p2|6\n|gen|9\n|tier|[Gen 9] VGC 2023 Regulation C\n|rated|\n|rule|Species Clause: Limit one of each Pok\u00e9mon\n|rule|Item Clause: Limit one of each item\n|clearpoke\n|poke|p1|Murkrow, L50, M|\n|poke|p1|Palafin, L50, M|\n|poke|p1|Glimmora, L50, F|\n|poke|p1|Chi-Yu, L50|\n|poke|p1|Iron Bundle, L50|\n|poke|p1|Flutter Mane, L50|\n|poke|p2|Tyranitar, L50, F|\n|poke|p2|Palafin, L50, F|\n|poke|p2|Kingambit, L50, F|\n|poke|p2|Flutter Mane, L50|\n|poke|p2|Arcanine, L50, M|\n|poke|p2|Amoonguss, L50, M|\n|teampreview|4\n|inactive|Battle timer is ON: inactive players will automatically lose when time's up. (requested by L0LZ4N0m4)\n|inactive|L0LZ4N0m4 has 60 seconds left.\n|\n|t:|1683856624\n|start\n|switch|p1a: Murkrow|Murkrow, L50, M, shiny|100\/100\n|switch|p1b: Palafin|Palafin, L50, M, shiny|100\/100\n|switch|p2a: Palafin|Palafin, L50, F|100\/100\n|switch|p2b: Tyranitar|Tyranitar, L50, F|100\/100\n|-weather|Sandstorm|[from] ability: Sand Stream|[of] p2b: Tyranitar\n|turn|1\n|\n|t:|1683856643\n|detailschange|p2a: Palafin|Palafin-Hero, L50, F\n|switch|p2a: Kingambit|Kingambit, L50, F|100\/100\n|move|p1a: Murkrow|Tailwind|p1a: Murkrow\n|-sidestart|p1: charlotte060|move: Tailwind\n|move|p1b: Palafin|Flip Turn|p2b: Tyranitar\n|-supereffective|p2b: Tyranitar\n|-damage|p2b: Tyranitar|60\/100\n|\n|t:|1683856654\n|detailschange|p1b: Palafin|Palafin-Hero, L50, M, shiny\n|switch|p1b: Glimmora|Glimmora, L50, F, shiny|100\/100|[from] Flip Turn\n|move|p2b: Tyranitar|Rock Slide|p1b: Glimmora|[spread] p1a,p1b\n|-supereffective|p1a: Murkrow\n|-damage|p1a: Murkrow|31\/100\n|-damage|p1b: Glimmora|70\/100\n|-activate|p1b: Glimmora|ability: Toxic Debris\n|-sidestart|p2: L0LZ4N0m4|move: Toxic Spikes\n|\n|-weather|Sandstorm|[upkeep]\n|-damage|p1a: Murkrow|25\/100|[from] Sandstorm\n|upkeep\n|turn|2\n|\n|t:|1683856672\n|-terastallize|p1b: Glimmora|Grass\n|move|p1a: Murkrow|Foul Play|p2b: Tyranitar\n|-resisted|p2b: Tyranitar\n|-damage|p2b: Tyranitar|40\/100\n|move|p1b: Glimmora|Earth Power|p2a: Kingambit\n|-supereffective|p2a: Kingambit\n|-damage|p2a: Kingambit|34\/100\n|move|p2b: Tyranitar|Rock Slide|p1a: Murkrow|[spread] p1a,p1b\n|-supereffective|p1a: Murkrow\n|-crit|p1b: Glimmora\n|-damage|p1a: Murkrow|0 fnt\n|-damage|p1b: Glimmora|28\/100\n|-activate|p1b: Glimmora|ability: Toxic Debris\n|-sidestart|p2: L0LZ4N0m4|move: Toxic Spikes\n|faint|p1a: Murkrow\n|move|p2a: Kingambit|Kowtow Cleave|p1b: Glimmora\n|-damage|p1b: Glimmora|0 fnt\n|faint|p1b: Glimmora\n|\n|-weather|Sandstorm|[upkeep]\n|upkeep\n|\n|t:|1683856681\n|switch|p1a: Chi-Yu|Chi-Yu, L50|100\/100\n|switch|p1b: Palafin|Palafin-Hero, L50, M, shiny|100\/100\n|-ability|p1a: Chi-Yu|Beads of Ruin\n|-activate|p1b: Palafin|ability: Zero to Hero\n|turn|3\n|inactive|L0LZ4N0m4 has 30 seconds left.\n|\n|t:|1683856712\n|-terastallize|p2b: Tyranitar|Grass\n|move|p1b: Palafin|Jet Punch|p2b: Tyranitar\n|-resisted|p2b: Tyranitar\n|-damage|p2b: Tyranitar|22\/100\n|move|p2a: Kingambit|Sucker Punch||[still]\n|-fail|p2a: Kingambit\n|move|p1a: Chi-Yu|Heat Wave|p2b: Tyranitar|[spread] p2a,p2b\n|-supereffective|p2a: Kingambit\n|-supereffective|p2b: Tyranitar\n|-damage|p2a: Kingambit|0 fnt\n|-damage|p2b: Tyranitar|0 fnt\n|faint|p2a: Kingambit\n|faint|p2b: Tyranitar\n|\n|-weather|Sandstorm|[upkeep]\n|-damage|p1a: Chi-Yu|94\/100|[from] Sandstorm\n|-damage|p1b: Palafin|94\/100|[from] Sandstorm\n|upkeep\n|\n|t:|1683856722\n|switch|p2b: Palafin|Palafin-Hero, L50, F|100\/100\n|switch|p2a: Arcanine|Arcanine, L50, M|100\/100\n|-status|p2a: Arcanine|tox\n|-ability|p2a: Arcanine|Intimidate|boost\n|-unboost|p1a: Chi-Yu|atk|1\n|-unboost|p1b: Palafin|atk|1\n|-status|p2b: Palafin|tox\n|-activate|p2b: Palafin|ability: Zero to Hero\n|turn|4\n|\n|t:|1683856738\n|move|p2a: Arcanine|Protect|p2a: Arcanine\n|-singleturn|p2a: Arcanine|Protect\n|move|p1a: Chi-Yu|Heat Wave|p2a: Arcanine|[spread] p2b\n|-activate|p2a: Arcanine|move: Protect\n|-resisted|p2b: Palafin\n|-damage|p2b: Palafin|65\/100 tox\n|move|p1b: Palafin|Wave Crash|p2b: Palafin\n|-resisted|p2b: Palafin\n|-damage|p2b: Palafin|34\/100 tox\n|-damage|p1b: Palafin|84\/100|[from] Recoil\n|move|p2b: Palafin|Wave Crash|p1a: Chi-Yu\n|-supereffective|p1a: Chi-Yu\n|-damage|p1a: Chi-Yu|0 fnt\n|faint|p1a: Chi-Yu\n|-damage|p2b: Palafin|14\/100 tox|[from] Recoil\n|\n|-weather|Sandstorm|[upkeep]\n|-damage|p1b: Palafin|78\/100|[from] Sandstorm\n|-damage|p2b: Palafin|8\/100 tox|[from] Sandstorm\n|-damage|p2a: Arcanine|94\/100 tox|[from] psn\n|-damage|p2b: Palafin|2\/100 tox|[from] psn\n|-sideend|p1: charlotte060|move: Tailwind\n|upkeep\n|turn|5\n|inactive|L0LZ4N0m4 has 30 seconds left.\n|\n|t:|1683856763\n|move|p2a: Arcanine|Extreme Speed|p1b: Palafin\n|-damage|p1b: Palafin|59\/100\n|move|p2b: Palafin|Jet Punch|p1b: Palafin\n|-resisted|p1b: Palafin\n|-damage|p1b: Palafin|38\/100\n|move|p1b: Palafin|Wave Crash|p2a: Arcanine\n|-supereffective|p2a: Arcanine\n|-crit|p2a: Arcanine\n|-damage|p2a: Arcanine|0 fnt\n|faint|p2a: Arcanine\n|-damage|p1b: Palafin|7\/100|[from] Recoil\n|\n|-weather|none\n|-damage|p2b: Palafin|0 fnt|[from] psn\n|faint|p2b: Palafin\n|\n|win|charlotte060\n|upkeep\n|raw|charlotte060's rating: 1277 → 1303<\/strong> (+26 for winning)\n|raw|L0LZ4N0m4's rating: 1290 → 1264<\/strong> (-26 for losing)\n","uploadtime":1683856773,"views":19,"p1id":"charlotte060","p2id":"l0lz4n0m4","formatid":"gen9vgc2023regulationc","rating":1264,"private":0,"password":""}