{"id":"gen9vgc2023regulationc-1862133863","p1":"DrChocolateMD","p2":"destrucktoo","format":"[Gen 9] VGC 2023 Regulation C","log":"|j|\u2606DrChocolateMD\n|j|\u2606destrucktoo\n|t:|1683840564\n|gametype|doubles\n|player|p1|DrChocolateMD|cyrus|\n|player|p2|destrucktoo|pokekid|\n|teamsize|p1|6\n|teamsize|p2|6\n|gen|9\n|tier|[Gen 9] VGC 2023 Regulation C\n|rule|Species Clause: Limit one of each Pok\u00e9mon\n|rule|Item Clause: Limit one of each item\n|clearpoke\n|poke|p1|Salazzle, L50, F|\n|poke|p1|Iron Bundle, L50|\n|poke|p1|Hydreigon, L50, F|\n|poke|p1|Baxcalibur, L50, F|\n|poke|p1|Gengar, L50, M|\n|poke|p1|Kingambit, L50, F|\n|poke|p2|Abomasnow, L50, M|\n|poke|p2|Cetitan, L50, F|\n|poke|p2|Iron Hands, L50|\n|poke|p2|Arcanine, L50, M|\n|poke|p2|Flamigo, L50, M|\n|poke|p2|Oranguru, L50, M|\n|teampreview|4\ndestrucktoo rejected open team sheets.\n|j| WindyEng\n|c|\u2606DrChocolateMD|GL GL GL\n|c|\u2606destrucktoo|u2\n|c|\u2606destrucktoo|u2\n|c|\u2606destrucktoo|u2\n|\n|t:|1683840704\n|start\n|switch|p1a: Worm With Legs|Salazzle, L50, F|100\/100\n|switch|p1b: NotABird|Iron Bundle, L50|100\/100\n|switch|p2a: Thiccc|Iron Hands, L50|100\/100\n|switch|p2b: Orangeuru|Oranguru, L50, M|100\/100\n|-enditem|p1b: NotABird|Booster Energy\n|-activate|p1b: NotABird|ability: Quark Drive|[fromitem]\n|-start|p1b: NotABird|quarkdrivespe\n|-enditem|p2a: Thiccc|Booster Energy\n|-activate|p2a: Thiccc|ability: Quark Drive|[fromitem]\n|-start|p2a: Thiccc|quarkdriveatk\n|turn|1\n|\n|t:|1683840762\n|move|p1b: NotABird|Protect|p1b: NotABird\n|-singleturn|p1b: NotABird|Protect\n|move|p2a: Thiccc|Fake Out|p1b: NotABird\n|-activate|p1b: NotABird|move: Protect\n|move|p1a: Worm With Legs|Will-O-Wisp|p2a: Thiccc\n|-status|p2a: Thiccc|brn\n|move|p2b: Orangeuru|Trick Room|p2b: Orangeuru\n|-fieldstart|move: Trick Room|[of] p2b: Orangeuru\n|\n|-damage|p2a: Thiccc|94\/100 brn|[from] brn\n|upkeep\n|turn|2\n|\n|t:|1683840819\n|-terastallize|p1b: NotABird|Ghost\n|move|p2a: Thiccc|Wild Charge|p1b: NotABird\n|-damage|p1b: NotABird|57\/100\n|-damage|p2a: Thiccc|88\/100 brn|[from] Recoil\n|move|p2b: Orangeuru|Psychic|p1a: Worm With Legs\n|-supereffective|p1a: Worm With Legs\n|-damage|p1a: Worm With Legs|0 fnt\n|faint|p1a: Worm With Legs\n|move|p1b: NotABird|Freeze-Dry|p2a: Thiccc\n|-damage|p2a: Thiccc|58\/100 brn\n|\n|-damage|p2a: Thiccc|52\/100 brn|[from] brn\n|upkeep\n|\n|t:|1683840833\n|switch|p1a: BipedWorm|Baxcalibur, L50, F|100\/100\n|turn|3\n|\n|t:|1683840891\n|-end|p2a: Thiccc|Quark Drive|[silent]\n|switch|p2a: The Bomasnow|Abomasnow, L50, M|100\/100\n|-weather|Snow|[from] ability: Snow Warning|[of] p2a: The Bomasnow\n|move|p1b: NotABird|Protect|p1b: NotABird\n|-singleturn|p1b: NotABird|Protect\n|move|p2b: Orangeuru|Psychic|p1b: NotABird\n|-activate|p1b: NotABird|move: Protect\n|move|p1a: BipedWorm|Icicle Spear|p2a: The Bomasnow\n|-damage|p2a: The Bomasnow|88\/100\n|-damage|p2a: The Bomasnow|76\/100\n|-damage|p2a: The Bomasnow|63\/100\n|-damage|p2a: The Bomasnow|51\/100\n|-damage|p2a: The Bomasnow|39\/100\n|-hitcount|p2a: The Bomasnow|5\n|\n|-weather|Snow|[upkeep]\n|upkeep\n|turn|4\n|\n|t:|1683840913\n|move|p1a: BipedWorm|Ice Shard|p2a: The Bomasnow\n|-damage|p2a: The Bomasnow|20\/100\n|move|p2b: Orangeuru|Psychic|p1b: NotABird\n|-damage|p1b: NotABird|2\/100\n|move|p2a: The Bomasnow|Aurora Veil|p2a: The Bomasnow\n|-sidestart|p2: destrucktoo|move: Aurora Veil\n|move|p1b: NotABird|Blizzard|p2b: Orangeuru|[spread] p2a,p2b\n|-crit|p2b: Orangeuru\n|-damage|p2a: The Bomasnow|0 fnt\n|-damage|p2b: Orangeuru|52\/100\n|faint|p2a: The Bomasnow\n|\n|-weather|Snow|[upkeep]\n|upkeep\n|\n|t:|1683840929\n|switch|p2a: Dog|Arcanine, L50, M|100\/100\n|-ability|p2a: Dog|Intimidate|boost\n|-unboost|p1a: BipedWorm|atk|1\n|-unboost|p1b: NotABird|atk|1\n|turn|5\n|c| WindyEng|ooooh big live from the Iron Bundle\n|c|\u2606DrChocolateMD|I needed that lol\n|c|\u2606destrucktoo|sad\n|\n|t:|1683840974\n|move|p1a: BipedWorm|Protect|p1a: BipedWorm\n|-singleturn|p1a: BipedWorm|Protect\n|move|p1b: NotABird|Protect|p1b: NotABird\n|-singleturn|p1b: NotABird|Protect\n|move|p2b: Orangeuru|Psychic|p1a: BipedWorm\n|-activate|p1a: BipedWorm|move: Protect\n|move|p2a: Dog|Flare Blitz|p1a: BipedWorm\n|-activate|p1a: BipedWorm|move: Protect\n|\n|-weather|Snow|[upkeep]\n|-fieldend|move: Trick Room\n|upkeep\n|turn|6\n|\n|t:|1683840999\n|move|p2a: Dog|Extreme Speed|p1b: NotABird\n|-immune|p1b: NotABird\n|move|p1b: NotABird|Hydro Pump|p2a: Dog\n|-supereffective|p2a: Dog\n|-damage|p2a: Dog|13\/100\n|move|p1a: BipedWorm|Icicle Spear|p2b: Orangeuru\n|-damage|p2b: Orangeuru|46\/100\n|-damage|p2b: Orangeuru|40\/100\n|-damage|p2b: Orangeuru|34\/100\n|-damage|p2b: Orangeuru|28\/100\n|-damage|p2b: Orangeuru|22\/100\n|-hitcount|p2b: Orangeuru|5\n|move|p2b: Orangeuru|Trick Room|p2b: Orangeuru\n|-fieldstart|move: Trick Room|[of] p2b: Orangeuru\n|\n|-weather|Snow|[upkeep]\n|upkeep\n|turn|7\n|c|\u2606destrucktoo|i messed up\n|c|\u2606destrucktoo|ow\n|c|\u2606destrucktoo|i deserve this loss\n|c| WindyEng|oooooh no\n|\n|t:|1683841038\n|move|p1b: NotABird|Protect|p1b: NotABird\n|-singleturn|p1b: NotABird|Protect\n|move|p1a: BipedWorm|Ice Shard|p2a: Dog\n|-resisted|p2a: Dog\n|-damage|p2a: Dog|8\/100\n|move|p2b: Orangeuru|Psychic|p1b: NotABird\n|-activate|p1b: NotABird|move: Protect\n|move|p2a: Dog|Flare Blitz|p1a: BipedWorm\n|-damage|p1a: BipedWorm|53\/100\n|-ability|p1a: BipedWorm|Thermal Exchange|boost\n|-boost|p1a: BipedWorm|atk|1\n|-damage|p2a: Dog|0 fnt|[from] Recoil\n|faint|p2a: Dog\n|\n|-weather|none\n|upkeep\n|\n|t:|1683841051\n|switch|p2a: Thiccc|Iron Hands, L50|52\/100 brn\n|turn|8\n|\n|t:|1683841074\n|move|p1a: BipedWorm|Protect|p1a: BipedWorm\n|-singleturn|p1a: BipedWorm|Protect\n|move|p2a: Thiccc|Drain Punch|p1a: BipedWorm\n|-activate|p1a: BipedWorm|move: Protect\n|move|p2b: Orangeuru|Psychic|p1b: NotABird\n|-damage|p1b: NotABird|0 fnt\n|faint|p1b: NotABird\n|-end|p1b: NotABird|Quark Drive|[silent]\n|\n|-damage|p2a: Thiccc|46\/100 brn|[from] brn\n|upkeep\n|\n|t:|1683841083\n|switch|p1b: ThreeHeadWorm|Hydreigon, L50, F|100\/100\n|turn|9\n|\n|t:|1683841112\n|move|p1b: ThreeHeadWorm|Protect|p1b: ThreeHeadWorm\n|-singleturn|p1b: ThreeHeadWorm|Protect\n|move|p1a: BipedWorm|Ice Shard|p2b: Orangeuru\n|-damage|p2b: Orangeuru|7\/100\n|move|p2a: Thiccc|Drain Punch|p1a: BipedWorm\n|-supereffective|p1a: BipedWorm\n|-damage|p1a: BipedWorm|8\/100\n|-heal|p2a: Thiccc|64\/100 brn|[from] drain|[of] p1a: BipedWorm\n|move|p2b: Orangeuru|Psychic|p1a: BipedWorm\n|-damage|p1a: BipedWorm|0 fnt\n|faint|p1a: BipedWorm\n|\n|-damage|p2a: Thiccc|58\/100 brn|[from] brn\n|upkeep\n|turn|10\n|\n|t:|1683841136\n|move|p2a: Thiccc|Drain Punch|p1b: ThreeHeadWorm\n|-supereffective|p1b: ThreeHeadWorm\n|-damage|p1b: ThreeHeadWorm|48\/100\n|-heal|p2a: Thiccc|77\/100 brn|[from] drain|[of] p1b: ThreeHeadWorm\n|move|p1b: ThreeHeadWorm|Heat Wave|p2a: Thiccc|[spread] p2a,p2b\n|-damage|p2a: Thiccc|62\/100 brn\n|-damage|p2b: Orangeuru|0 fnt\n|faint|p2b: Orangeuru\n|-damage|p1b: ThreeHeadWorm|38\/100|[from] item: Life Orb\n|\n|-damage|p2a: Thiccc|56\/100 brn|[from] brn\n|-fieldend|move: Trick Room\n|upkeep\n|turn|11\n|c|\u2606destrucktoo|maybe\n|\n|t:|1683841152\n|move|p1b: ThreeHeadWorm|Protect|p1b: ThreeHeadWorm\n|-singleturn|p1b: ThreeHeadWorm|Protect\n|move|p2a: Thiccc|Drain Punch|p1b: ThreeHeadWorm\n|-activate|p1b: ThreeHeadWorm|move: Protect\n|\n|-damage|p2a: Thiccc|50\/100 brn|[from] brn\n|-sideend|p2: destrucktoo|move: Aurora Veil\n|upkeep\n|turn|12\n|c| WindyEng|even burned - it's hard to catch those hands\n|\n|t:|1683841162\n|move|p1b: ThreeHeadWorm|Draco Meteor|p2a: Thiccc\n|-damage|p2a: Thiccc|0 fnt\n|-unboost|p1b: ThreeHeadWorm|spa|2\n|faint|p2a: Thiccc\n|-end|p2a: Thiccc|Quark Drive|[silent]\n|-damage|p1b: ThreeHeadWorm|29\/100|[from] item: Life Orb\n|\n|win|DrChocolateMD\n|c|\u2606destrucktoo|nope\n|c|\u2606DrChocolateMD|GG!\n|c|\u2606destrucktoo|gg\\\n|c|\u2606DrChocolateMD|Risky\n","uploadtime":1683841175,"views":13,"p1id":"drchocolatemd","p2id":"destrucktoo","formatid":"gen9vgc2023regulationc","rating":0,"private":0,"password":""}