{"id":"gen9vgc2023regulationc-1853249213","p1":"yaya t0p5","p2":"CorruptionSource","format":"[Gen 9] VGC 2023 Regulation C","log":"|j|\u2606yaya t0p5\n|j|\u2606CorruptionSource\n|t:|1682654715\n|gametype|doubles\n|player|p1|yaya t0p5|2|\n|player|p2|CorruptionSource|102|\n|teamsize|p1|6\n|teamsize|p2|6\n|gen|9\n|tier|[Gen 9] VGC 2023 Regulation C\n|rated|Tournament battle\n|rule|Species Clause: Limit one of each Pok\u00e9mon\n|rule|Item Clause: Limit one of each item\n|clearpoke\n|poke|p1|Wo-Chien, L50|\n|poke|p1|Gothitelle, L50, M|\n|poke|p1|Arcanine, L50, M|\n|poke|p1|Amoonguss, L50, M|\n|poke|p1|Scream Tail, L50|\n|poke|p1|Palafin, L50, M|\n|poke|p2|Gholdengo, L50|\n|poke|p2|Skeledirge, L50, M|\n|poke|p2|Dragapult, L50, M|\n|poke|p2|Meowscarada, L50, M|\n|poke|p2|Palafin, L50, M|\n|poke|p2|Grimmsnarl, L50, M|\n|teampreview|4\n|j| souraphyz\n|c|\u2606yaya t0p5|glhf\n|c|\u2606CorruptionSource|u 2\n|inactive|Battle timer is ON: inactive players will automatically lose when time's up. (requested by CorruptionSource)\n|inactive|yaya t0p5 has 60 seconds left.\n|\n|t:|1682654757\n|start\n|switch|p1a: Palafin|Palafin, L50, M|100\/100\n|switch|p1b: Amoonguss|Amoonguss, L50, M|100\/100\n|switch|p2a: Gholdengo|Gholdengo, L50|100\/100\n|switch|p2b: Skeledirge|Skeledirge, L50, M|100\/100\n|turn|1\n|inactive|yaya t0p5 has 30 seconds left.\n|inactive|yaya t0p5 has 20 seconds left.\n|\n|t:|1682654797\n|detailschange|p1a: Palafin|Palafin-Hero, L50, M\n|switch|p1a: Gothitelle|Gothitelle, L50, M|100\/100\n|switch|p2b: Meowscarada|Meowscarada, L50, M|100\/100\n|move|p1b: Amoonguss|Protect|p1b: Amoonguss\n|-singleturn|p1b: Amoonguss|Protect\n|move|p2a: Gholdengo|Nasty Plot|p2a: Gholdengo\n|-boost|p2a: Gholdengo|spa|2\n|\n|upkeep\n|turn|2\n|\n|t:|1682654822\n|move|p1a: Gothitelle|Fake Out|p2a: Gholdengo\n|-immune|p2a: Gholdengo\n|move|p2b: Meowscarada|Knock Off|p1a: Gothitelle\n|-supereffective|p1a: Gothitelle\n|-damage|p1a: Gothitelle|0 fnt\n|-enditem|p1a: Gothitelle|Sitrus Berry|[from] move: Knock Off|[of] p2b: Meowscarada\n|faint|p1a: Gothitelle\n|move|p2a: Gholdengo|Make It Rain|p1b: Amoonguss\n|-damage|p1b: Amoonguss|0 fnt\n|-unboost|p2a: Gholdengo|spa|1\n|faint|p1b: Amoonguss\n|\n|upkeep\n|\n|t:|1682654831\n|switch|p1a: Palafin|Palafin-Hero, L50, M|100\/100\n|switch|p1b: Scream Tail|Scream Tail, L50|100\/100\n|-activate|p1a: Palafin|ability: Zero to Hero\n|-enditem|p1b: Scream Tail|Booster Energy\n|-activate|p1b: Scream Tail|ability: Protosynthesis|[fromitem]\n|-start|p1b: Scream Tail|protosynthesisspe\n|turn|3\n|c|\u2606CorruptionSource|???\n|c|\u2606yaya t0p5|thpught u would tera steel\n|c|\u2606CorruptionSource|ah\n|inactive|yaya t0p5 has 30 seconds left.\n|\n|t:|1682654865\n|move|p1b: Scream Tail|Disable|p2a: Gholdengo\n|-immune|p2a: Gholdengo|[from] ability: Good as Gold\n|move|p2b: Meowscarada|Knock Off|p1a: Palafin\n|-damage|p1a: Palafin|27\/100\n|-enditem|p1a: Palafin|Mystic Water|[from] move: Knock Off|[of] p2b: Meowscarada\n|move|p1a: Palafin|Close Combat|p2b: Meowscarada\n|-supereffective|p2b: Meowscarada\n|-damage|p2b: Meowscarada|0 fnt\n|-unboost|p1a: Palafin|def|1\n|-unboost|p1a: Palafin|spd|1\n|faint|p2b: Meowscarada\n|move|p2a: Gholdengo|Make It Rain|p1b: Scream Tail|[spread] p1a,p1b\n|-resisted|p1a: Palafin\n|-supereffective|p1b: Scream Tail\n|-damage|p1a: Palafin|0 fnt\n|-damage|p1b: Scream Tail|8\/100\n|-unboost|p2a: Gholdengo|spa|1\n|faint|p1a: Palafin\n|\n|upkeep\n|c|\u2606yaya t0p5|bruh\n|c|\u2606CorruptionSource|oop\n|inactive|CorruptionSource has 30 seconds left.\n|\n|t:|1682654894\n|switch|p2b: Skeledirge|Skeledirge, L50, M|100\/100\n|turn|4\n|j|%Borghi\n|\n|t:|1682654907\n|move|p1b: Scream Tail|Perish Song|p1b: Scream Tail\n|-start|p1b: Scream Tail|perish3|[silent]\n|-immune|p2a: Gholdengo|[from] ability: Good as Gold\n|-start|p2b: Skeledirge|perish3|[silent]\n|-fieldactivate|move: Perish Song\n|move|p2a: Gholdengo|Nasty Plot|p2a: Gholdengo\n|-boost|p2a: Gholdengo|spa|2\n|move|p2b: Skeledirge|Sing|p1b: Scream Tail\n|-status|p1b: Scream Tail|slp|[from] move: Sing\n|\n|-start|p1b: Scream Tail|perish3\n|-start|p2b: Skeledirge|perish3\n|upkeep\n|turn|5\n|j| 0hMaGawd\n|c|%Borghi|yeah perish doesnt work on it either\n|\n|t:|1682654920\n|cant|p1b: Scream Tail|slp\n|move|p2a: Gholdengo|Nasty Plot|p2a: Gholdengo\n|-boost|p2a: Gholdengo|spa|2\n|move|p2b: Skeledirge|Sing|p1b: Scream Tail\n|-fail|p1b: Scream Tail|slp\n|\n|-start|p1b: Scream Tail|perish2\n|-start|p2b: Skeledirge|perish2\n|upkeep\n|turn|6\n|c|\u2606yaya t0p5|zamn\n|c|\u2606yaya t0p5|ggs\n|c|\u2606CorruptionSource|gg\n|\n|t:|1682654933\n|-terastallize|p1b: Scream Tail|Steel\n|cant|p1b: Scream Tail|slp\n|move|p2a: Gholdengo|Nasty Plot|p2a: Gholdengo\n|-boost|p2a: Gholdengo|spa|2\n|move|p2b: Skeledirge|Sing|p1b: Scream Tail|[miss]\n|-miss|p2b: Skeledirge|p1b: Scream Tail\n|\n|-start|p1b: Scream Tail|perish1\n|-start|p2b: Skeledirge|perish1\n|upkeep\n|turn|7\n|l|%Borghi\n|\n|t:|1682654943\n|cant|p1b: Scream Tail|slp\n|move|p2a: Gholdengo|Nasty Plot|p2a: Gholdengo\n|-boost|p2a: Gholdengo|spa|0\n|move|p2b: Skeledirge|Slack Off||[still]\n|-fail|p2b: Skeledirge|heal\n|\n|-start|p1b: Scream Tail|perish0\n|-start|p2b: Skeledirge|perish0\n|upkeep\n|faint|p1b: Scream Tail\n|-end|p1b: Scream Tail|Protosynthesis|[silent]\n|faint|p2b: Skeledirge\n|\n|win|CorruptionSource\n|n|\u2606yaya t0p5|yayat0p5\n|n|\u2606CorruptionSource|corruptionsource\n|n| souraphyz|souraphyz\n|n| 0hMaGawd|0hmagawd\n","uploadtime":1682654944,"views":7,"p1id":"yayat0p5","p2id":"corruptionsource","formatid":"gen9vgc2023regulationc","rating":0,"private":0,"password":""}