{"id":"gen9vgc2023regulationc-1864169008","p1":"pokevoltclub","p2":"SlyAbby","format":"[Gen 9] VGC 2023 Regulation C","log":"|j|\u2606pokevoltclub\n|j|\u2606SlyAbby\n|t:|1684129046\n|gametype|doubles\n|player|p1|pokevoltclub|elesa|\n|player|p2|SlyAbby|skyla|\n|teamsize|p1|6\n|teamsize|p2|6\n|gen|9\n|tier|[Gen 9] VGC 2023 Regulation C\n|rule|Species Clause: Limit one of each Pok\u00e9mon\n|rule|Item Clause: Limit one of each item\n|clearpoke\n|poke|p1|Bellibolt, L50, F|\n|poke|p1|Mudsdale, L50, M|\n|poke|p1|Scream Tail, L50|\n|poke|p1|Chi-Yu, L50|\n|poke|p1|Oranguru, L50, M|\n|poke|p1|Tauros-Paldea-Combat, L50, M|\n|poke|p2|Iron Bundle, L50|\n|poke|p2|Abomasnow, L50, F|\n|poke|p2|Grafaiai, L50, M|\n|poke|p2|Haxorus, L50, M|\n|poke|p2|Pelipper, L50, F|\n|poke|p2|Pincurchin, L50, F|\n|teampreview|4\n|inactive|Battle timer is ON: inactive players will automatically lose when time's up. (requested by SlyAbby)\n|c|\u2606pokevoltclub|lol my b\n|c|\u2606SlyAbby|no problem\n|inactive|pokevoltclub has 60 seconds left.\npokevoltclub rejected open team sheets.\n|inactive|pokevoltclub has 30 seconds left.\n|inactive|pokevoltclub has 20 seconds left.\n|inactive|pokevoltclub has 15 seconds left.\n|inactive|pokevoltclub has 10 seconds left.\n|\n|t:|1684129128\n|start\n|switch|p1a: Scream Tail|Scream Tail, L50|100\/100\n|switch|p1b: Chi-Yu|Chi-Yu, L50|100\/100\n|switch|p2a: Iron Bundle|Iron Bundle, L50|100\/100\n|switch|p2b: Abomasnow|Abomasnow, L50, F|100\/100\n|-ability|p1b: Chi-Yu|Beads of Ruin\n|-weather|Snow|[from] ability: Snow Warning|[of] p2b: Abomasnow\n|-enditem|p1a: Scream Tail|Booster Energy\n|-activate|p1a: Scream Tail|ability: Protosynthesis|[fromitem]\n|-start|p1a: Scream Tail|protosynthesisspe\n|turn|1\n|inactive|pokevoltclub has 30 seconds left.\n|inactive|SlyAbby has 30 seconds left.\n|inactive|pokevoltclub has 20 seconds left.\n|inactive|pokevoltclub has 15 seconds left.\n|inactive|pokevoltclub has 10 seconds left.\n|inactive|pokevoltclub has 5 seconds left.\n|\n|t:|1684129181\n|-end|p2a: Iron Bundle|Quark Drive|[silent]\n|switch|p2a: Haxorus|Haxorus, L50, M|100\/100\n|-ability|p2a: Haxorus|Unnerve\n|-terastallize|p2b: Abomasnow|Water\n|move|p1a: Scream Tail|Helping Hand|p1b: Chi-Yu\n|-singleturn|p1b: Chi-Yu|Helping Hand|[of] p1a: Scream Tail\n|move|p1b: Chi-Yu|Heat Wave|p2b: Abomasnow|[spread] p2a,p2b\n|-resisted|p2a: Haxorus\n|-resisted|p2b: Abomasnow\n|-crit|p2b: Abomasnow\n|-damage|p2a: Haxorus|37\/100\n|-damage|p2b: Abomasnow|30\/100\n|move|p2b: Abomasnow|Tera Blast|p1b: Chi-Yu\n|-supereffective|p1b: Chi-Yu\n|-damage|p1b: Chi-Yu|23\/100\n|\n|-weather|Snow|[upkeep]\n|upkeep\n|turn|2\n|inactive|SlyAbby has 30 seconds left.\n|\n|t:|1684129213\n|move|p1a: Scream Tail|Helping Hand|p1b: Chi-Yu\n|-singleturn|p1b: Chi-Yu|Helping Hand|[of] p1a: Scream Tail\n|move|p1b: Chi-Yu|Heat Wave|p2a: Haxorus|[spread] p2a,p2b\n|-resisted|p2a: Haxorus\n|-resisted|p2b: Abomasnow\n|-damage|p2a: Haxorus|0 fnt\n|-damage|p2b: Abomasnow|0 fnt\n|faint|p2a: Haxorus\n|faint|p2b: Abomasnow\n|\n|-weather|Snow|[upkeep]\n|upkeep\n|\n|t:|1684129221\n|switch|p2a: Iron Bundle|Iron Bundle, L50|100\/100\n|switch|p2b: Pincurchin|Pincurchin, L50, F|100\/100\n|turn|3\n|inactive|pokevoltclub has 30 seconds left.\n|\n|t:|1684129251\n|move|p1a: Scream Tail|Play Rough|p2b: Pincurchin\n|-damage|p2b: Pincurchin|73\/100\n|move|p2a: Iron Bundle|Blizzard|p1b: Chi-Yu|[spread] p1a,p1b\n|-resisted|p1b: Chi-Yu\n|-damage|p1a: Scream Tail|32\/100\n|-damage|p1b: Chi-Yu|0 fnt\n|faint|p1b: Chi-Yu\n|move|p2b: Pincurchin|Thunder|p1a: Scream Tail|[miss]\n|-miss|p2b: Pincurchin|p1a: Scream Tail\n|\n|-weather|Snow|[upkeep]\n|upkeep\n|\n|t:|1684129268\n|switch|p1b: Mudsdale|Mudsdale, L50, M|100\/100\n|turn|4\n|inactive|pokevoltclub has 30 seconds left.\n|\n|t:|1684129298\n|-terastallize|p1b: Mudsdale|Fighting\n|move|p2b: Pincurchin|Protect|p2b: Pincurchin\n|-singleturn|p2b: Pincurchin|Protect\n|move|p1a: Scream Tail|Howl|p1a: Scream Tail|[spread] p1a,p1b\n|-boost|p1a: Scream Tail|atk|1\n|-boost|p1b: Mudsdale|atk|1\n|move|p2a: Iron Bundle|Blizzard|p1a: Scream Tail|[spread] p1a,p1b\n|-damage|p1a: Scream Tail|0 fnt\n|-damage|p1b: Mudsdale|38\/100\n|-ability|p1b: Mudsdale|Stamina|boost\n|-boost|p1b: Mudsdale|def|1\n|faint|p1a: Scream Tail\n|-end|p1a: Scream Tail|Protosynthesis|[silent]\n|move|p1b: Mudsdale|Body Press|p2a: Iron Bundle\n|-supereffective|p2a: Iron Bundle\n|-damage|p2a: Iron Bundle|40\/100\n|\n|-weather|Snow|[upkeep]\n|-heal|p1b: Mudsdale|44\/100|[from] item: Leftovers\n|upkeep\n|\n|t:|1684129313\n|switch|p1a: Bellibolt|Bellibolt, L50, F|100\/100\n|turn|5\n|inactive|SlyAbby has 30 seconds left.\n|inactive|pokevoltclub has 30 seconds left.\n|\n|t:|1684129351\n|move|p1b: Mudsdale|Protect|p1b: Mudsdale\n|-singleturn|p1b: Mudsdale|Protect\n|move|p2b: Pincurchin|Sucker Punch|p1a: Bellibolt\n|-damage|p1a: Bellibolt|84\/100\n|-start|p1a: Bellibolt|Charge|Sucker Punch|[from] ability: Electromorphosis\n|-damage|p2b: Pincurchin|64\/100|[from] item: Life Orb\n|move|p2a: Iron Bundle|Blizzard|p1a: Bellibolt|[spread] p1a\n|-activate|p1b: Mudsdale|move: Protect\n|-damage|p1a: Bellibolt|38\/100\n|-start|p1a: Bellibolt|Charge|Blizzard|[from] ability: Electromorphosis\n|move|p1a: Bellibolt|Parabolic Charge|p2a: Iron Bundle|[spread] p2a\n|-activate|p1b: Mudsdale|move: Protect\n|-ability|p2b: Pincurchin|Lightning Rod|boost\n|-boost|p2b: Pincurchin|spa|1\n|-supereffective|p2a: Iron Bundle\n|-damage|p2a: Iron Bundle|0 fnt\n|-heal|p1a: Bellibolt|51\/100|[from] drain|[of] p2a: Iron Bundle\n|faint|p2a: Iron Bundle\n|-end|p2a: Iron Bundle|Quark Drive|[silent]\n|-end|p1a: Bellibolt|Charge|[silent]\n|\n|-weather|none\n|-heal|p1b: Mudsdale|50\/100|[from] item: Leftovers\n|upkeep\n|turn|6\n|inactive|pokevoltclub has 30 seconds left.\n|\n|t:|1684129376\n|move|p1a: Bellibolt|Muddy Water|p2b: Pincurchin\n|-damage|p2b: Pincurchin|28\/100\n|-unboost|p2b: Pincurchin|accuracy|1\n|move|p1b: Mudsdale|High Horsepower|p2b: Pincurchin\n|-supereffective|p2b: Pincurchin\n|-damage|p2b: Pincurchin|0 fnt\n|faint|p2b: Pincurchin\n|\n|win|pokevoltclub\n|c|\u2606SlyAbby|gg\n|c|\u2606pokevoltclub|gg\n|c|\u2606pokevoltclub|quick question while i have you here\n|c|\u2606SlyAbby|yeah?\n|c|\u2606pokevoltclub|are your comms open?\n|c|\u2606pokevoltclub|for video editing?\n|c|\u2606SlyAbby|depends on what you want edited\n|c|\u2606pokevoltclub|I have some short form youtube videos but they need images or some bit of editing they are boring. i can send files over discord and if you think you can help\n|c|\u2606SlyAbby|yeah I can take a look\n","uploadtime":1684129507,"views":10,"p1id":"pokevoltclub","p2id":"slyabby","formatid":"gen9vgc2023regulationc","rating":0,"private":0,"password":""}