{"id":"gen9vgc2023regulationc-1848221885","p1":"Kammala","p2":"MrDragon2023","format":"[Gen 9] VGC 2023 Regulation C","log":"|j|\u2606Kammala\n|j|\u2606MrDragon2023\n|t:|1682044342\n|gametype|doubles\n|player|p1|Kammala|266|1265\n|player|p2|MrDragon2023|policeman|1295\n|teamsize|p1|6\n|teamsize|p2|6\n|gen|9\n|tier|[Gen 9] VGC 2023 Regulation C\n|rated|\n|rule|Species Clause: Limit one of each Pok\u00e9mon\n|rule|Item Clause: Limit one of each item\n|clearpoke\n|poke|p1|Azumarill, L50, M|\n|poke|p1|Amoonguss, L50, F|\n|poke|p1|Tauros-Paldea-Blaze, L50, M|\n|poke|p1|Ting-Lu, L50|\n|poke|p1|Baxcalibur, L50, M|\n|poke|p1|Flutter Mane, L50|\n|poke|p2|Annihilape, L50, F|\n|poke|p2|Maushold-Four, L50|\n|poke|p2|Glimmora, L50, F|\n|poke|p2|Sableye, L50, F|\n|poke|p2|Dondozo, L50, F|\n|poke|p2|Tatsugiri, L50, F|\n|teampreview|4\n|inactive|Battle timer is ON: inactive players will automatically lose when time's up. (requested by Kammala)\nKammala has agreed to open team sheets.\n|inactive|Kammala has 60 seconds left.\n|inactive|MrDragon2023 has 60 seconds left.\n|inactive|Kammala has 30 seconds left.\n|inactive|Kammala has 20 seconds left.\n|inactive|Kammala has 15 seconds left.\n|\n|t:|1682044419\n|start\n|switch|p1a: Ting-Lu|Ting-Lu, L50|100\/100\n|switch|p1b: Azumarill|Azumarill, L50, M|100\/100\n|switch|p2a: Sableye|Sableye, L50, F|100\/100\n|switch|p2b: Annihilape|Annihilape, L50, F|100\/100\n|-ability|p1a: Ting-Lu|Vessel of Ruin\n|turn|1\n|inactive|Kammala has 30 seconds left.\n|\n|t:|1682044452\n|move|p2a: Sableye|Reflect|p2a: Sableye\n|-sidestart|p2: MrDragon2023|Reflect\n|move|p2b: Annihilape|Bulk Up|p2b: Annihilape\n|-boost|p2b: Annihilape|atk|1\n|-boost|p2b: Annihilape|def|1\n|move|p1b: Azumarill|Play Rough|p2a: Sableye\n|-supereffective|p2a: Sableye\n|-damage|p2a: Sableye|1\/100\n|move|p1a: Ting-Lu|Stealth Rock|p2b: Annihilape\n|-sidestart|p2: MrDragon2023|move: Stealth Rock\n|\n|upkeep\n|turn|2\n|inactive|MrDragon2023 has 30 seconds left.\n|\n|t:|1682044487\n|move|p1a: Ting-Lu|Protect|p1a: Ting-Lu\n|-singleturn|p1a: Ting-Lu|Protect\n|move|p1b: Azumarill|Aqua Jet|p2a: Sableye\n|-crit|p2a: Sableye\n|-damage|p2a: Sableye|0 fnt\n|faint|p2a: Sableye\n|move|p2b: Annihilape|Drain Punch|p1a: Ting-Lu\n|-activate|p1a: Ting-Lu|move: Protect\n|\n|upkeep\n|\n|t:|1682044501\n|switch|p2a: Maushold|Maushold-Four, L50|100\/100\n|-damage|p2a: Maushold|88\/100|[from] Stealth Rock\n|turn|3\n|inactive|Kammala has 30 seconds left.\n|inactive|MrDragon2023 has 30 seconds left.\n|\n|t:|1682044533\n|-terastallize|p1a: Ting-Lu|Poison\n|move|p2a: Maushold|Beat Up|p2b: Annihilape\n|-damage|p2b: Annihilape|99\/100\n|-damage|p2b: Annihilape|99\/100\n|-damage|p2b: Annihilape|98\/100\n|-hitcount|p2b: Annihilape|3\n|move|p2b: Annihilape|Rage Fist|p1b: Azumarill\n|-damage|p1b: Azumarill|0 fnt\n|faint|p1b: Azumarill\n|move|p1a: Ting-Lu|Ruination|p2b: Annihilape\n|-damage|p2b: Annihilape|49\/100\n|\n|-heal|p2b: Annihilape|55\/100|[from] item: Leftovers\n|upkeep\n|\n|t:|1682044550\n|switch|p1b: Baxcalibur|Baxcalibur, L50, M|100\/100\n|turn|4\n|\n|t:|1682044571\n|switch|p1a: Amoonguss|Amoonguss, L50, F|100\/100\n|move|p1b: Baxcalibur|Protect|p1b: Baxcalibur\n|-singleturn|p1b: Baxcalibur|Protect\n|move|p2a: Maushold|Protect|p2a: Maushold\n|-singleturn|p2a: Maushold|Protect\n|move|p2b: Annihilape|Protect||[still]\n|-fail|p2b: Annihilape\n|\n|-heal|p2b: Annihilape|61\/100|[from] item: Leftovers\n|upkeep\n|turn|5\n|inactive|Kammala has 30 seconds left.\n|inactive|MrDragon2023 has 30 seconds left.\n|inactive|MrDragon2023 has 20 seconds left.\n|inactive|MrDragon2023 has 15 seconds left.\n|inactive|MrDragon2023 has 10 seconds left.\n|\n|t:|1682044618\n|-terastallize|p2b: Annihilape|Fire\n|move|p1a: Amoonguss|Protect|p1a: Amoonguss\n|-singleturn|p1a: Amoonguss|Protect\n|move|p1b: Baxcalibur|Dragon Dance|p1b: Baxcalibur\n|-boost|p1b: Baxcalibur|atk|1\n|-boost|p1b: Baxcalibur|spe|1\n|move|p2a: Maushold|Beat Up|p2b: Annihilape\n|-damage|p2b: Annihilape|60\/100\n|-damage|p2b: Annihilape|59\/100\n|-damage|p2b: Annihilape|59\/100\n|-hitcount|p2b: Annihilape|3\n|move|p2b: Annihilape|Drain Punch|p1b: Baxcalibur\n|-supereffective|p1b: Baxcalibur\n|-damage|p1b: Baxcalibur|11\/100\n|-heal|p2b: Annihilape|98\/100|[from] drain|[of] p1b: Baxcalibur\n|\n|-heal|p2b: Annihilape|100\/100|[from] item: Leftovers\n|upkeep\n|turn|6\n|inactive|Kammala has 30 seconds left.\n|inactive|MrDragon2023 has 30 seconds left.\n|inactive|MrDragon2023 has 20 seconds left.\n|\n|t:|1682044653\n|move|p1b: Baxcalibur|Protect|p1b: Baxcalibur\n|-singleturn|p1b: Baxcalibur|Protect\n|move|p2a: Maushold|Follow Me|p2a: Maushold\n|-singleturn|p2a: Maushold|move: Follow Me\n|move|p2b: Annihilape|Rage Fist|p1b: Baxcalibur\n|-activate|p1b: Baxcalibur|move: Protect\n|move|p1a: Amoonguss|Spore|p2a: Maushold\n|-activate|p2a: Maushold|item: Safety Goggles|Spore\n|\n|upkeep\n|turn|7\n|\n|t:|1682044669\n|move|p2a: Maushold|Follow Me|p2a: Maushold\n|-singleturn|p2a: Maushold|move: Follow Me\n|move|p1a: Amoonguss|Rage Powder|p1a: Amoonguss\n|-singleturn|p1a: Amoonguss|move: Rage Powder\n|move|p1b: Baxcalibur|Dragon Dance|p1b: Baxcalibur\n|-boost|p1b: Baxcalibur|atk|1\n|-boost|p1b: Baxcalibur|spe|1\n|move|p2b: Annihilape|Rage Fist|p1a: Amoonguss\n|-crit|p1a: Amoonguss\n|-damage|p1a: Amoonguss|0 fnt\n|faint|p1a: Amoonguss\n|\n|upkeep\n|\n|t:|1682044673\n|switch|p1a: Ting-Lu|Ting-Lu, L50, tera:Poison|100\/100\n|-ability|p1a: Ting-Lu|Vessel of Ruin\n|turn|8\n|\n|t:|1682044693\n|move|p1b: Baxcalibur|Protect|p1b: Baxcalibur\n|-singleturn|p1b: Baxcalibur|Protect\n|move|p1a: Ting-Lu|Protect|p1a: Ting-Lu\n|-singleturn|p1a: Ting-Lu|Protect\n|move|p2a: Maushold|Follow Me|p2a: Maushold\n|-singleturn|p2a: Maushold|move: Follow Me\n|move|p2b: Annihilape|Rage Fist|p1b: Baxcalibur\n|-activate|p1b: Baxcalibur|move: Protect\n|\n|-sideend|p2: MrDragon2023|Reflect\n|upkeep\n|turn|9\n|\n|t:|1682044715\n|move|p2a: Maushold|Follow Me|p2a: Maushold\n|-singleturn|p2a: Maushold|move: Follow Me\n|move|p1b: Baxcalibur|Icicle Crash|p2a: Maushold\n|-damage|p2a: Maushold|0 fnt\n|faint|p2a: Maushold\n|move|p2b: Annihilape|Rage Fist|p1b: Baxcalibur\n|-damage|p1b: Baxcalibur|0 fnt\n|faint|p1b: Baxcalibur\n|move|p1a: Ting-Lu|Ruination|p2b: Annihilape\n|-damage|p2b: Annihilape|51\/100\n|\n|-heal|p2b: Annihilape|57\/100|[from] item: Leftovers\n|upkeep\n|\n|t:|1682044729\n|switch|p2a: Tatsugiri|Tatsugiri, L50, F, shiny|100\/100\n|-damage|p2a: Tatsugiri|88\/100|[from] Stealth Rock\n|turn|10\n|\n|t:|1682044749\n|move|p2b: Annihilape|Rage Fist|p1a: Ting-Lu\n|-damage|p1a: Ting-Lu|0 fnt\n|faint|p1a: Ting-Lu\n|\n|win|MrDragon2023\n|raw|Kammala's rating: 1265 → 1242<\/strong> (-23 for losing)\n|raw|MrDragon2023's rating: 1295 → 1318<\/strong> (+23 for winning)\n","uploadtime":1682044758,"views":20,"p1id":"kammala","p2id":"mrdragon2023","formatid":"gen9vgc2023regulationc","rating":1242,"private":0,"password":""}