{"id":"gen9vgc2023regulationc-1861162531","p1":"MadMax0229","p2":"Drsithlord","format":"[Gen 9] VGC 2023 Regulation C","log":"|j|\u2606MadMax0229\n|j|\u2606Drsithlord\n|t:|1683732049\n|gametype|doubles\n|player|p1|MadMax0229|pokemaniac|1366\n|player|p2|Drsithlord|boarder|1406\n|teamsize|p1|6\n|teamsize|p2|6\n|gen|9\n|tier|[Gen 9] VGC 2023 Regulation C\n|rated|\n|rule|Species Clause: Limit one of each Pok\u00e9mon\n|rule|Item Clause: Limit one of each item\n|clearpoke\n|poke|p1|Flutter Mane, L50|\n|poke|p1|Dragonite, L50, F|\n|poke|p1|Chien-Pao, L50|\n|poke|p1|Palafin, L50, M|\n|poke|p1|Arcanine, L50, M|\n|poke|p1|Amoonguss, L50, M|\n|poke|p2|Chi-Yu, L50|\n|poke|p2|Flutter Mane, L50|\n|poke|p2|Jumpluff, L50, M|\n|poke|p2|Torkoal, L50, F|\n|poke|p2|Great Tusk, L50|\n|poke|p2|Kingambit, L50, F|\n|teampreview|4\n|inactive|Battle timer is ON: inactive players will automatically lose when time's up. (requested by Drsithlord)\n|inactive|Drsithlord has 60 seconds left.\n|\n|t:|1683732099\n|start\n|switch|p1a: Chien-Pao|Chien-Pao, L50|100\/100\n|switch|p1b: Dragonite|Dragonite, L50, F|100\/100\n|switch|p2a: Kingambit|Kingambit, L50, F|100\/100\n|switch|p2b: Torkoal|Torkoal, L50, F|100\/100\n|-ability|p1a: Chien-Pao|Sword of Ruin\n|-weather|SunnyDay|[from] ability: Drought|[of] p2b: Torkoal\n|turn|1\n|inactive|Drsithlord has 30 seconds left.\n|inactive|Drsithlord has 20 seconds left.\n|inactive|Drsithlord has 15 seconds left.\n|\n|t:|1683732141\n|-terastallize|p2a: Kingambit|Fire\n|move|p1a: Chien-Pao|Sacred Sword|p2a: Kingambit\n|-damage|p2a: Kingambit|72\/100\n|move|p1b: Dragonite|Tailwind|p1b: Dragonite\n|-sidestart|p1: MadMax0229|move: Tailwind\n|move|p2a: Kingambit|Iron Head|p1a: Chien-Pao\n|-supereffective|p1a: Chien-Pao\n|-enditem|p1a: Chien-Pao|Focus Sash\n|-damage|p1a: Chien-Pao|1\/100\n|move|p2b: Torkoal|Overheat|p1a: Chien-Pao\n|-supereffective|p1a: Chien-Pao\n|-damage|p1a: Chien-Pao|0 fnt\n|-unboost|p2b: Torkoal|spa|2\n|-enditem|p2b: Torkoal|Eject Pack\n|faint|p1a: Chien-Pao\n|\n|t:|1683732164\n|switch|p2b: Great Tusk|Great Tusk, L50|100\/100\n|-activate|p2b: Great Tusk|ability: Protosynthesis\n|-start|p2b: Great Tusk|protosynthesisatk\n|\n|-weather|SunnyDay|[upkeep]\n|upkeep\n|\n|t:|1683732172\n|switch|p1a: Flutter Mane|Flutter Mane, L50|100\/100\n|-activate|p1a: Flutter Mane|ability: Protosynthesis\n|-start|p1a: Flutter Mane|protosynthesisspa\n|turn|2\n|\n|t:|1683732183\n|-terastallize|p1b: Dragonite|Flying\n|move|p1a: Flutter Mane|Dazzling Gleam|p2b: Great Tusk|[spread] p2a,p2b\n|-resisted|p2a: Kingambit\n|-supereffective|p2b: Great Tusk\n|-damage|p2a: Kingambit|52\/100\n|-damage|p2b: Great Tusk|0 fnt\n|faint|p2b: Great Tusk\n|-end|p2b: Great Tusk|Protosynthesis|[silent]\n|move|p1b: Dragonite|Tera Blast|p2a: Kingambit\n|-damage|p2a: Kingambit|4\/100\n|move|p2a: Kingambit|Iron Head|p1a: Flutter Mane\n|-supereffective|p1a: Flutter Mane\n|-damage|p1a: Flutter Mane|0 fnt\n|faint|p1a: Flutter Mane\n|-end|p1a: Flutter Mane|Protosynthesis|[silent]\n|\n|-weather|SunnyDay|[upkeep]\n|upkeep\n|\n|t:|1683732199\n|switch|p1a: Arcanine|Arcanine, L50, M|100\/100\n|switch|p2b: Torkoal|Torkoal, L50, F|100\/100\n|-ability|p1a: Arcanine|Intimidate|boost\n|-unboost|p2a: Kingambit|atk|1\n|-ability|p2a: Kingambit|Defiant|boost\n|-boost|p2a: Kingambit|atk|2\n|-unboost|p2b: Torkoal|atk|1\n|turn|3\n|\n|t:|1683732214\n|switch|p2a: Flutter Mane|Flutter Mane, L50|100\/100\n|-activate|p2a: Flutter Mane|ability: Protosynthesis\n|-start|p2a: Flutter Mane|protosynthesisspa\n|move|p1a: Arcanine|Extreme Speed|p2a: Flutter Mane\n|-immune|p2a: Flutter Mane\n|move|p1b: Dragonite|Tera Blast|p2b: Torkoal\n|-damage|p2b: Torkoal|56\/100\n|move|p2b: Torkoal|Overheat|p1b: Dragonite\n|-damage|p1b: Dragonite|76\/100\n|-unboost|p2b: Torkoal|spa|2\n|\n|-weather|SunnyDay|[upkeep]\n|upkeep\n|turn|4\n|\n|t:|1683732238\n|-end|p2a: Flutter Mane|Protosynthesis|[silent]\n|switch|p2a: Kingambit|Kingambit, L50, F, tera:Fire|4\/100\n|move|p1a: Arcanine|Flare Blitz|p2a: Kingambit\n|-resisted|p2a: Kingambit\n|-damage|p2a: Kingambit|0 fnt\n|faint|p2a: Kingambit\n|-damage|p1a: Arcanine|99\/100|[from] Recoil\n|move|p1b: Dragonite|Tera Blast|p2b: Torkoal\n|-damage|p2b: Torkoal|6\/100\n|move|p2b: Torkoal|Fissure|p1a: Arcanine|[miss]\n|-miss|p2b: Torkoal|p1a: Arcanine\n|\n|-weather|SunnyDay|[upkeep]\n|-sideend|p1: MadMax0229|move: Tailwind\n|upkeep\n|\n|t:|1683732251\n|switch|p2a: Flutter Mane|Flutter Mane, L50|100\/100\n|-activate|p2a: Flutter Mane|ability: Protosynthesis\n|-start|p2a: Flutter Mane|protosynthesisspa\n|turn|5\n|\n|t:|1683732269\n|move|p2b: Torkoal|Helping Hand|p2a: Flutter Mane\n|-singleturn|p2a: Flutter Mane|Helping Hand|[of] p2b: Torkoal\n|move|p1b: Dragonite|Extreme Speed|p2b: Torkoal\n|-damage|p2b: Torkoal|0 fnt\n|faint|p2b: Torkoal\n|move|p2a: Flutter Mane|Dazzling Gleam|p1a: Arcanine|[spread] p1a,p1b\n|-resisted|p1a: Arcanine\n|-damage|p1a: Arcanine|51\/100\n|-damage|p1b: Dragonite|0 fnt\n|faint|p1b: Dragonite\n|move|p1a: Arcanine|Flare Blitz|p2a: Flutter Mane\n|-damage|p2a: Flutter Mane|0 fnt\n|faint|p2a: Flutter Mane\n|-end|p2a: Flutter Mane|Protosynthesis|[silent]\n|-damage|p1a: Arcanine|29\/100|[from] Recoil\n|\n|win|MadMax0229\n|raw|MadMax0229's rating: 1366 → 1388<\/strong> (+22 for winning)\n|raw|Drsithlord's rating: 1406 → 1384<\/strong> (-22 for losing)\n|c|\u2606Drsithlord|Gg\n|c|\u2606MadMax0229|Gg\n|l|\u2606Drsithlord\n","uploadtime":1683732543,"views":14,"p1id":"madmax0229","p2id":"drsithlord","formatid":"gen9vgc2023regulationc","rating":1384,"private":0,"password":""}