{"id":"gen9vgc2023regulationc-1849661743","p1":"Jakepaulyt","p2":"Tasugiri 2609","format":"[Gen 9] VGC 2023 Regulation C","log":"|j|\u2606Jakepaulyt\n|j|\u2606Tasugiri 2609\n|t:|1682227663\n|gametype|doubles\n|player|p1|Jakepaulyt|266|1062\n|player|p2|Tasugiri 2609|ingo|1049\n|teamsize|p1|4\n|teamsize|p2|6\n|gen|9\n|tier|[Gen 9] VGC 2023 Regulation C\n|rated|\n|rule|Species Clause: Limit one of each Pok\u00e9mon\n|rule|Item Clause: Limit one of each item\n|clearpoke\n|poke|p1|Sudowoodo, L50, F|\n|poke|p1|Jolteon, L50, M|\n|poke|p1|Noivern, L50, M|\n|poke|p1|Ralts, L50, F|\n|poke|p2|Murkrow, L50, M|\n|poke|p2|Gholdengo, L50|\n|poke|p2|Sandy Shocks, L50|\n|poke|p2|Garganacl, L50, F|\n|poke|p2|Iron Moth, L50|\n|poke|p2|Kingambit, L50, F|\n|teampreview|4\n|\n|t:|1682227682\n|start\n|switch|p1a: Sudowoodo|Sudowoodo, L50, F|100\/100\n|switch|p1b: Jolteon|Jolteon, L50, M|100\/100\n|switch|p2a: Sandy Shocks|Sandy Shocks, L50|100\/100\n|switch|p2b: Iron Moth|Iron Moth, L50|100\/100\n|turn|1\n|\n|t:|1682227709\n|-terastallize|p1a: Sudowoodo|Grass\n|move|p1b: Jolteon|Pin Missile|p1a: Sudowoodo\n|-supereffective|p1a: Sudowoodo\n|-damage|p1a: Sudowoodo|91\/100\n|-ability|p1a: Sudowoodo|Rattled|boost\n|-boost|p1a: Sudowoodo|spe|1\n|-enditem|p1a: Sudowoodo|Weakness Policy\n|-boost|p1a: Sudowoodo|atk|2|[from] item: Weakness Policy\n|-boost|p1a: Sudowoodo|spa|2|[from] item: Weakness Policy\n|-supereffective|p1a: Sudowoodo\n|-damage|p1a: Sudowoodo|83\/100\n|-ability|p1a: Sudowoodo|Rattled|boost\n|-boost|p1a: Sudowoodo|spe|1\n|-supereffective|p1a: Sudowoodo\n|-damage|p1a: Sudowoodo|74\/100\n|-ability|p1a: Sudowoodo|Rattled|boost\n|-boost|p1a: Sudowoodo|spe|1\n|-hitcount|p1a: Sudowoodo|3\n|move|p1a: Sudowoodo|Rock Slide|p2b: Iron Moth|[spread] p2a,p2b\n|-resisted|p2a: Sandy Shocks\n|-supereffective|p2b: Iron Moth\n|-damage|p2a: Sandy Shocks|74\/100\n|-damage|p2b: Iron Moth|0 fnt\n|faint|p2b: Iron Moth\n|-end|p2b: Iron Moth|Quark Drive|[silent]\n|move|p2a: Sandy Shocks|Electric Terrain|p2a: Sandy Shocks\n|-fieldstart|move: Electric Terrain\n|\n|upkeep\n|\n|t:|1682227736\n|switch|p2b: Kingambit|Kingambit, L50, F|100\/100\n|-activate|p2b: Kingambit|ability: Supreme Overlord\n|-start|p2b: Kingambit|fallen1|[silent]\n|turn|2\n|\n|t:|1682227763\n|move|p1b: Jolteon|Detect|p1b: Jolteon\n|-singleturn|p1b: Jolteon|Protect\n|move|p1a: Sudowoodo|Drain Punch|p2b: Kingambit\n|-supereffective|p2b: Kingambit\n|-damage|p2b: Kingambit|0 fnt\n|-heal|p1a: Sudowoodo|100\/100|[from] drain|[of] p2b: Kingambit\n|faint|p2b: Kingambit\n|-end|p2b: Kingambit|fallen1|[silent]\n|move|p2a: Sandy Shocks|Earth Power|p1a: Sudowoodo\n|-resisted|p1a: Sudowoodo\n|-damage|p1a: Sudowoodo|61\/100\n|\n|upkeep\n|\n|t:|1682227787\n|switch|p2b: Garganacl|Garganacl, L50, F, shiny|100\/100\n|turn|3\n|\n|t:|1682227800\n|move|p1a: Sudowoodo|Protect|p1a: Sudowoodo\n|-singleturn|p1a: Sudowoodo|Protect\n|move|p1b: Jolteon|Shadow Ball|p2a: Sandy Shocks\n|-damage|p2a: Sandy Shocks|42\/100\n|-unboost|p2a: Sandy Shocks|spd|1\n|move|p2a: Sandy Shocks|Earth Power|p1b: Jolteon\n|-supereffective|p1b: Jolteon\n|-enditem|p1b: Jolteon|Focus Sash\n|-damage|p1b: Jolteon|1\/100\n|move|p2b: Garganacl|Body Press|p1a: Sudowoodo\n|-activate|p1a: Sudowoodo|move: Protect\n|\n|upkeep\n|turn|4\n|inactive|Battle timer is ON: inactive players will automatically lose when time's up. (requested by Jakepaulyt)\n|\n|t:|1682227846\n|move|p1a: Sudowoodo|Drain Punch|p2b: Garganacl\n|-supereffective|p2b: Garganacl\n|-damage|p2b: Garganacl|36\/100\n|-heal|p1a: Sudowoodo|100\/100|[from] drain|[of] p2b: Garganacl\n|move|p1b: Jolteon|Shadow Ball|p2a: Sandy Shocks\n|-damage|p2a: Sandy Shocks|0 fnt\n|faint|p2a: Sandy Shocks\n|-end|p2a: Sandy Shocks|Protosynthesis|[silent]\n|move|p2b: Garganacl|Avalanche|p1a: Sudowoodo\n|-supereffective|p1a: Sudowoodo\n|-damage|p1a: Sudowoodo|18\/100\n|\n|-heal|p2b: Garganacl|42\/100|[from] item: Leftovers\n|upkeep\n|turn|5\n|\n|t:|1682227867\n|move|p1a: Sudowoodo|Wood Hammer|p2b: Garganacl\n|-supereffective|p2b: Garganacl\n|-damage|p2b: Garganacl|0 fnt\n|faint|p2b: Garganacl\n|-damage|p1a: Sudowoodo|0 fnt|[from] Recoil\n|faint|p1a: Sudowoodo\n|\n|win|Jakepaulyt\n|raw|Jakepaulyt's rating: 1062 → 1092<\/strong> (+30 for winning)\n|raw|Tasugiri 2609's rating: 1049 → 1032<\/strong> (-17 for losing)\n|l|\u2606Tasugiri 2609\n","uploadtime":1682227875,"views":22,"p1id":"jakepaulyt","p2id":"tasugiri2609","formatid":"gen9vgc2023regulationc","rating":1032,"private":0,"password":""}