{"id":"gen9vgc2023regulationc-1861149097","p1":"beckybug","p2":"McDubbieEnthusiast","format":"[Gen 9] VGC 2023 Regulation C","log":"|j|\u2606beckybug\n|j|\u2606McDubbieEnthusiast\n|t:|1683730874\n|gametype|doubles\n|player|p1|beckybug|rosa|1628\n|player|p2|McDubbieEnthusiast|2|1704\n|teamsize|p1|6\n|teamsize|p2|6\n|gen|9\n|tier|[Gen 9] VGC 2023 Regulation C\n|rated|\n|rule|Species Clause: Limit one of each Pok\u00e9mon\n|rule|Item Clause: Limit one of each item\n|clearpoke\n|poke|p1|Iron Bundle, L50|\n|poke|p1|Chi-Yu, L50|\n|poke|p1|Lycanroc, L50, M|\n|poke|p1|Tyranitar, L50, F|\n|poke|p1|Indeedee-F, L50, F|\n|poke|p1|Armarouge, L50, F|\n|poke|p2|Tyranitar, L50, M|\n|poke|p2|Garchomp, L50, F|\n|poke|p2|Scream Tail, L50|\n|poke|p2|Corviknight, L50, M|\n|poke|p2|Flutter Mane, L50|\n|poke|p2|Iron Hands, L50|\n|teampreview|4\n|j| Tane_224\n|j| EnrolledAgent\n|\n|t:|1683730950\n|start\n|switch|p1a: Indeedee|Indeedee-F, L50, F|100\/100\n|switch|p1b: Armarouge|Armarouge, L50, F|100\/100\n|switch|p2a: Genie|Iron Hands, L50, shiny|100\/100\n|switch|p2b: Tarrasque|Tyranitar, L50, M|100\/100\n|-weather|Sandstorm|[from] ability: Sand Stream|[of] p2b: Tarrasque\n|-fieldstart|move: Psychic Terrain|[from] ability: Psychic Surge|[of] p1a: Indeedee\n|-enditem|p1a: Indeedee|Psychic Seed\n|-boost|p1a: Indeedee|spd|1|[from] item: Psychic Seed\n|turn|1\n|j| AnvilMeetHead\n|\n|t:|1683730977\n|move|p1b: Armarouge|Protect|p1b: Armarouge\n|-singleturn|p1b: Armarouge|Protect\n|move|p2b: Tarrasque|Rock Slide|p1b: Armarouge|[spread] p1a\n|-activate|p1b: Armarouge|move: Protect\n|-damage|p1a: Indeedee|73\/100\n|move|p1a: Indeedee|Psychic|p2a: Genie\n|-supereffective|p2a: Genie\n|-damage|p2a: Genie|29\/100\n|-enditem|p2a: Genie|Sitrus Berry|[eat]\n|-heal|p2a: Genie|54\/100|[from] item: Sitrus Berry\n|move|p2a: Genie|Wild Charge|p1a: Indeedee\n|-damage|p1a: Indeedee|24\/100\n|-damage|p2a: Genie|45\/100|[from] Recoil\n|\n|-weather|Sandstorm|[upkeep]\n|-damage|p1b: Armarouge|94\/100|[from] Sandstorm\n|-damage|p1a: Indeedee|17\/100|[from] Sandstorm\n|-damage|p2a: Genie|39\/100|[from] Sandstorm\n|upkeep\n|turn|2\n|j| GCIIIv1\n|j| Rabbihorn\n|\n|t:|1683731009\n|move|p1a: Indeedee|Follow Me|p1a: Indeedee\n|-singleturn|p1a: Indeedee|move: Follow Me\n|move|p2b: Tarrasque|Rock Slide|p1b: Armarouge|[spread] p1a,p1b\n|-supereffective|p1b: Armarouge\n|-damage|p1a: Indeedee|0 fnt\n|-damage|p1b: Armarouge|28\/100\n|faint|p1a: Indeedee\n|move|p1b: Armarouge|Expanding Force|p2a: Genie|[spread] p2a\n|-immune|p2b: Tarrasque\n|-supereffective|p2a: Genie\n|-damage|p2a: Genie|0 fnt\n|faint|p2a: Genie\n|-end|p2a: Genie|Quark Drive|[silent]\n|-damage|p1b: Armarouge|18\/100|[from] item: Life Orb\n|\n|-weather|Sandstorm|[upkeep]\n|-damage|p1b: Armarouge|12\/100|[from] Sandstorm\n|upkeep\n|\n|t:|1683731026\n|switch|p1a: Chi-Yu|Chi-Yu, L50|100\/100\n|switch|p2a: Beholder|Scream Tail, L50, shiny|100\/100\n|-ability|p1a: Chi-Yu|Beads of Ruin\n|-enditem|p2a: Beholder|Booster Energy\n|-activate|p2a: Beholder|ability: Protosynthesis|[fromitem]\n|-start|p2a: Beholder|protosynthesisspe\n|turn|3\n|\n|t:|1683731038\n|-terastallize|p1a: Chi-Yu|Grass\n|move|p2b: Tarrasque|Protect|p2b: Tarrasque\n|-singleturn|p2b: Tarrasque|Protect\n|move|p1b: Armarouge|Protect|p1b: Armarouge\n|-singleturn|p1b: Armarouge|Protect\n|move|p2a: Beholder|Thunder Wave|p1a: Chi-Yu\n|-status|p1a: Chi-Yu|par\n|move|p1a: Chi-Yu|Tera Blast|p2b: Tarrasque\n|-activate|p2b: Tarrasque|move: Protect\n|\n|-weather|Sandstorm|[upkeep]\n|-damage|p2a: Beholder|95\/100|[from] Sandstorm\n|-damage|p1b: Armarouge|6\/100|[from] Sandstorm\n|-damage|p1a: Chi-Yu|94\/100 par|[from] Sandstorm\n|upkeep\n|turn|4\n|\n|t:|1683731054\n|move|p2a: Beholder|Disable|p1a: Chi-Yu\n|-start|p1a: Chi-Yu|Disable|Tera Blast\n|move|p2b: Tarrasque|Rock Slide|p1a: Chi-Yu|[spread] p1a,p1b\n|-supereffective|p1b: Armarouge\n|-damage|p1a: Chi-Yu|47\/100 par\n|-damage|p1b: Armarouge|0 fnt\n|faint|p1b: Armarouge\n|cant|p1a: Chi-Yu|Disable|Tera Blast\n|\n|-weather|Sandstorm|[upkeep]\n|-damage|p2a: Beholder|89\/100|[from] Sandstorm\n|-damage|p1a: Chi-Yu|40\/100 par|[from] Sandstorm\n|upkeep\n|\n|t:|1683731063\n|switch|p1b: Iron Bundle|Iron Bundle, L50|100\/100\n|-enditem|p1b: Iron Bundle|Booster Energy\n|-activate|p1b: Iron Bundle|ability: Quark Drive|[fromitem]\n|-start|p1b: Iron Bundle|quarkdrivespe\n|turn|5\n|-message|beckybug forfeited.\n|\n|win|McDubbieEnthusiast\n|raw|beckybug's rating: 1628 → 1612<\/strong> (-16 for losing)\n|raw|McDubbieEnthusiast's rating: 1704 → 1720<\/strong> (+16 for winning)\n|l|\u2606beckybug\n|l| GCIIIv1\n","uploadtime":1683731073,"views":22,"p1id":"beckybug","p2id":"mcdubbieenthusiast","formatid":"gen9vgc2023regulationc","rating":1612,"private":0,"password":""}