{"id":"gen9vgc2023regulationc-1845307963","p1":"Minimugs","p2":"huizi11","format":"[Gen 9] VGC 2023 Regulation C","log":"|j|\u2606Minimugs\n|j|\u2606huizi11\n|t:|1681711968\n|gametype|doubles\n|player|p1|Minimugs|170|1125\n|player|p2|huizi11|101|1119\n|teamsize|p1|6\n|teamsize|p2|6\n|gen|9\n|tier|[Gen 9] VGC 2023 Regulation C\n|rated|\n|rule|Species Clause: Limit one of each Pok\u00e9mon\n|rule|Item Clause: Limit one of each item\n|clearpoke\n|poke|p1|Great Tusk, L50|\n|poke|p1|Torkoal, L50, F|\n|poke|p1|Armarouge, L50, M|\n|poke|p1|Indeedee-F, L50, F|\n|poke|p1|Amoonguss, L50, F|\n|poke|p1|Mimikyu, L50, F|\n|poke|p2|Tyranitar, L50, F|\n|poke|p2|Ting-Lu, L50|\n|poke|p2|Chi-Yu, L50|\n|poke|p2|Flutter Mane, L50|\n|poke|p2|Arcanine, L50, F|\n|poke|p2|Iron Bundle, L50|\n|teampreview|4\n|\n|t:|1681711998\n|start\n|switch|p1a: Armarouge|Armarouge, L50, M|100\/100\n|switch|p1b: Indeedee|Indeedee-F, L50, F|100\/100\n|switch|p2a: Chi-Yu|Chi-Yu, L50|100\/100\n|switch|p2b: Iron Bundle|Iron Bundle, L50|100\/100\n|-ability|p2a: Chi-Yu|Beads of Ruin\n|-fieldstart|move: Psychic Terrain|[from] ability: Psychic Surge|[of] p1b: Indeedee\n|-enditem|p1b: Indeedee|Psychic Seed\n|-boost|p1b: Indeedee|spd|1|[from] item: Psychic Seed\n|-enditem|p2b: Iron Bundle|Booster Energy\n|-activate|p2b: Iron Bundle|ability: Quark Drive|[fromitem]\n|-start|p2b: Iron Bundle|quarkdrivespe\n|turn|1\n|inactive|Battle timer is ON: inactive players will automatically lose when time's up. (requested by huizi11)\n|\n|t:|1681712028\n|move|p1b: Indeedee|Follow Me|p1b: Indeedee\n|-singleturn|p1b: Indeedee|move: Follow Me\n|move|p2b: Iron Bundle|Icy Wind|p1a: Armarouge|[spread] p1a,p1b\n|-resisted|p1a: Armarouge\n|-damage|p1a: Armarouge|87\/100\n|-damage|p1b: Indeedee|84\/100\n|-unboost|p1a: Armarouge|spe|1\n|-unboost|p1b: Indeedee|spe|1\n|move|p2a: Chi-Yu|Dark Pulse|p1b: Indeedee\n|-supereffective|p1b: Indeedee\n|-damage|p1b: Indeedee|5\/100\n|move|p1a: Armarouge|Trick Room|p1a: Armarouge\n|-fieldstart|move: Trick Room|[of] p1a: Armarouge\n|\n|upkeep\n|turn|2\n|\n|t:|1681712050\n|move|p1a: Armarouge|Expanding Force|p2b: Iron Bundle|[spread] p2b\n|-immune|p2a: Chi-Yu\n|-damage|p2b: Iron Bundle|0 fnt\n|faint|p2b: Iron Bundle\n|-end|p2b: Iron Bundle|Quark Drive|[silent]\n|-damage|p1a: Armarouge|77\/100|[from] item: Life Orb\n|move|p1b: Indeedee|Draining Kiss|p2a: Chi-Yu\n|-damage|p2a: Chi-Yu|85\/100\n|-heal|p1b: Indeedee|15\/100|[from] drain|[of] p2a: Chi-Yu\n|move|p2a: Chi-Yu|Heat Wave|p1a: Armarouge|[spread] p1b\n|-start|p1a: Armarouge|ability: Flash Fire\n|-damage|p1b: Indeedee|0 fnt\n|faint|p1b: Indeedee\n|\n|upkeep\n|\n|t:|1681712066\n|switch|p1b: Torkoal|Torkoal, L50, F|100\/100\n|switch|p2b: Flutter Mane|Flutter Mane, L50|100\/100\n|-weather|SunnyDay|[from] ability: Drought|[of] p1b: Torkoal\n|-activate|p2b: Flutter Mane|ability: Protosynthesis\n|-start|p2b: Flutter Mane|protosynthesisspe\n|turn|3\n|\n|t:|1681712091\n|switch|p2a: Tyranitar|Tyranitar, L50, F|100\/100\n|-weather|Sandstorm|[from] ability: Sand Stream|[of] p2a: Tyranitar\n|-end|p2b: Flutter Mane|Protosynthesis\n|move|p1b: Torkoal|Ancient Power|p2a: Tyranitar\n|-damage|p2a: Tyranitar|86\/100\n|move|p1a: Armarouge|Expanding Force|p2b: Flutter Mane|[spread] p2b\n|-immune|p2a: Tyranitar\n|-damage|p2b: Flutter Mane|30\/100\n|-damage|p1a: Armarouge|67\/100|[from] item: Life Orb\n|move|p2b: Flutter Mane|Shadow Ball|p1a: Armarouge\n|-supereffective|p1a: Armarouge\n|-damage|p1a: Armarouge|0 fnt\n|faint|p1a: Armarouge\n|\n|-weather|Sandstorm|[upkeep]\n|-damage|p1b: Torkoal|94\/100|[from] Sandstorm\n|-damage|p2b: Flutter Mane|24\/100|[from] Sandstorm\n|upkeep\n|\n|t:|1681712102\n|switch|p1a: Great Tusk|Great Tusk, L50|100\/100\n|turn|4\n|\n|t:|1681712114\n|-terastallize|p2a: Tyranitar|Flying\n|move|p1b: Torkoal|Ancient Power|p2b: Flutter Mane\n|-damage|p2b: Flutter Mane|4\/100\n|-boost|p1b: Torkoal|atk|1\n|-boost|p1b: Torkoal|def|1\n|-boost|p1b: Torkoal|spa|1\n|-boost|p1b: Torkoal|spd|1\n|-boost|p1b: Torkoal|spe|1\n|move|p1a: Great Tusk|Close Combat|p2a: Tyranitar\n|-resisted|p2a: Tyranitar\n|-damage|p2a: Tyranitar|58\/100\n|-unboost|p1a: Great Tusk|def|1\n|-unboost|p1a: Great Tusk|spd|1\n|move|p2a: Tyranitar|Tera Blast|p1a: Great Tusk\n|-supereffective|p1a: Great Tusk\n|-damage|p1a: Great Tusk|10\/100\n|move|p2b: Flutter Mane|Shadow Ball|p1b: Torkoal\n|-damage|p1b: Torkoal|67\/100\n|-unboost|p1b: Torkoal|spd|1\n|\n|-weather|Sandstorm|[upkeep]\n|-damage|p1b: Torkoal|61\/100|[from] Sandstorm\n|-damage|p2a: Tyranitar|52\/100|[from] Sandstorm\n|-damage|p2b: Flutter Mane|0 fnt|[from] Sandstorm\n|faint|p2b: Flutter Mane\n|-end|p2b: Flutter Mane|Protosynthesis|[silent]\n|-heal|p1a: Great Tusk|16\/100|[from] item: Leftovers\n|upkeep\n|\n|t:|1681712132\n|switch|p2b: Chi-Yu|Chi-Yu, L50|85\/100\n|-ability|p2b: Chi-Yu|Beads of Ruin\n|turn|5\n|\n|t:|1681712146\n|move|p2b: Chi-Yu|Protect|p2b: Chi-Yu\n|-singleturn|p2b: Chi-Yu|Protect\n|move|p1b: Torkoal|Ancient Power|p2a: Tyranitar\n|-supereffective|p2a: Tyranitar\n|-crit|p2a: Tyranitar\n|-damage|p2a: Tyranitar|0 fnt\n|-boost|p1b: Torkoal|atk|1\n|-boost|p1b: Torkoal|def|1\n|-boost|p1b: Torkoal|spa|1\n|-boost|p1b: Torkoal|spd|1\n|-boost|p1b: Torkoal|spe|1\n|faint|p2a: Tyranitar\n|move|p1a: Great Tusk|Close Combat|p2b: Chi-Yu\n|-activate|p2b: Chi-Yu|move: Protect\n|\n|-weather|Sandstorm|[upkeep]\n|-damage|p1b: Torkoal|55\/100|[from] Sandstorm\n|-damage|p2b: Chi-Yu|79\/100|[from] Sandstorm\n|-heal|p1a: Great Tusk|22\/100|[from] item: Leftovers\n|-fieldend|move: Trick Room\n|-fieldend|move: Psychic Terrain\n|upkeep\n|turn|6\n|\n|t:|1681712165\n|move|p2b: Chi-Yu|Heat Wave|p1a: Great Tusk|[spread] p1a,p1b\n|-resisted|p1b: Torkoal\n|-damage|p1a: Great Tusk|0 fnt\n|-damage|p1b: Torkoal|36\/100\n|faint|p1a: Great Tusk\n|-end|p1a: Great Tusk|Protosynthesis|[silent]\n|move|p1b: Torkoal|Ancient Power|p2b: Chi-Yu\n|-supereffective|p2b: Chi-Yu\n|-damage|p2b: Chi-Yu|0 fnt\n|faint|p2b: Chi-Yu\n|\n|win|Minimugs\n|raw|Minimugs's rating: 1125 → 1150<\/strong> (+25 for winning)\n|raw|huizi11's rating: 1119 → 1094<\/strong> (-25 for losing)\n|l|\u2606huizi11\n","uploadtime":1681712176,"views":8,"p1id":"minimugs","p2id":"huizi11","formatid":"gen9vgc2023regulationc","rating":1094,"private":0,"password":""}