{"id":"gen9vgc2023regulationc-1848225571","p1":"Flytrapin","p2":"dralfredpennyworth","format":"[Gen 9] VGC 2023 Regulation C","log":"|j|\u2606Flytrapin\n|j|\u2606dralfredpennyworth\n|t:|1682044808\n|gametype|doubles\n|player|p1|Flytrapin|alder|1086\n|player|p2|dralfredpennyworth|lucas|1017\n|teamsize|p1|6\n|teamsize|p2|6\n|gen|9\n|tier|[Gen 9] VGC 2023 Regulation C\n|rated|\n|rule|Species Clause: Limit one of each Pok\u00e9mon\n|rule|Item Clause: Limit one of each item\n|clearpoke\n|poke|p1|Tauros-Paldea-Blaze, L50, M|\n|poke|p1|Meowscarada, L50, M|\n|poke|p1|Talonflame, L50, F|\n|poke|p1|Umbreon, L50, M|\n|poke|p1|Gyarados, L50, F|\n|poke|p1|Chien-Pao, L50|\n|poke|p2|Lumineon, L50, F|\n|poke|p2|Toxtricity-Low-Key, L50, F|\n|poke|p2|Weavile, L50, F|\n|poke|p2|Hariyama, L50, F|\n|poke|p2|Dragapult, L50, M|\n|poke|p2|Camerupt, L50, F|\n|teampreview|4\n|inactive|Battle timer is ON: inactive players will automatically lose when time's up. (requested by Flytrapin)\n|inactive|Flytrapin has 60 seconds left.\n|inactive|dralfredpennyworth has 60 seconds left.\n|\n|t:|1682044859\n|start\n|switch|p1a: Talonflame|Talonflame, L50, F, shiny|100\/100\n|switch|p1b: Umbreon|Umbreon, L50, M|100\/100\n|switch|p2a: Toxtricity|Toxtricity-Low-Key, L50, F, shiny|100\/100\n|switch|p2b: Camerupt|Camerupt, L50, F|100\/100\n|turn|1\n|\n|t:|1682044882\n|move|p1a: Talonflame|Protect|p1a: Talonflame\n|-singleturn|p1a: Talonflame|Protect\n|move|p2a: Toxtricity|Overdrive|p1a: Talonflame|[spread] p1b\n|-activate|p1a: Talonflame|move: Protect\n|-crit|p1b: Umbreon\n|-damage|p1b: Umbreon|66\/100\n|-enditem|p2a: Toxtricity|Throat Spray\n|-boost|p2a: Toxtricity|spa|1|[from] item: Throat Spray\n|-enditem|p1a: Talonflame|Mirror Herb\n|-boost|p1a: Talonflame|spa|1|[from] item: Mirror Herb\n|move|p1b: Umbreon|Yawn|p2a: Toxtricity\n|-start|p2a: Toxtricity|move: Yawn|[of] p1b: Umbreon\n|move|p2b: Camerupt|Flamethrower|p1b: Umbreon\n|-damage|p1b: Umbreon|43\/100\n|\n|upkeep\n|turn|2\n|inactive|Flytrapin has 30 seconds left.\n|inactive|Flytrapin has 20 seconds left.\n|\n|t:|1682044917\n|switch|p2a: Lumineon|Lumineon, L50, F, shiny|100\/100\n|switch|p1b: Meowscarada|Meowscarada, L50, M, shiny|100\/100\n|move|p1a: Talonflame|Tailwind|p1a: Talonflame\n|-sidestart|p1: Flytrapin|move: Tailwind\n|move|p2b: Camerupt|Ancient Power|p1a: Talonflame\n|-supereffective|p1a: Talonflame\n|-damage|p1a: Talonflame|10\/100\n|\n|upkeep\n|turn|3\n|\n|t:|1682044938\n|switch|p1a: Tauros|Tauros-Paldea-Blaze, L50, M, shiny|100\/100\n|switch|p2a: Toxtricity|Toxtricity-Low-Key, L50, F, shiny|100\/100\n|move|p1b: Meowscarada|Flower Trick|p1a: Tauros\n|-start|p1b: Meowscarada|typechange|Grass|[from] ability: Protean\n|-resisted|p1a: Tauros\n|-crit|p1a: Tauros\n|-damage|p1a: Tauros|81\/100\n|-setboost|p1a: Tauros|atk|6|[from] ability: Anger Point\n|move|p2b: Camerupt|Flamethrower|p1b: Meowscarada\n|-supereffective|p1b: Meowscarada\n|-damage|p1b: Meowscarada|0 fnt\n|faint|p1b: Meowscarada\n|\n|upkeep\n|inactive|Flytrapin has 30 seconds left.\n|\n|t:|1682044968\n|switch|p1b: Umbreon|Umbreon, L50, M|43\/100\n|turn|4\n|\n|t:|1682044980\n|-terastallize|p1b: Umbreon|Ghost\n|move|p1a: Tauros|Rock Slide|p2b: Camerupt|[spread] p2a\n|-miss|p1a: Tauros|p2b: Camerupt\n|-damage|p2a: Toxtricity|18\/100\n|move|p1b: Umbreon|Curse|p2b: Camerupt\n|-start|p2b: Camerupt|Curse|[of] p1b: Umbreon\n|-damage|p1b: Umbreon|0 fnt\n|faint|p1b: Umbreon\n|move|p2a: Toxtricity|Overdrive|p1a: Tauros\n|-damage|p1a: Tauros|34\/100\n|move|p2b: Camerupt|Earth Power|p1a: Tauros\n|-supereffective|p1a: Tauros\n|-damage|p1a: Tauros|0 fnt\n|faint|p1a: Tauros\n|\n|-damage|p2b: Camerupt|76\/100|[from] Curse\n|upkeep\n|\n|t:|1682044991\n|switch|p1b: Talonflame|Talonflame, L50, F, shiny|10\/100\n|turn|5\n|\n|t:|1682045008\n|switch|p2b: Lumineon|Lumineon, L50, F, shiny|100\/100\n|move|p1b: Talonflame|Heat Wave|p2a: Toxtricity|[spread] p2a,p2b\n|-resisted|p2b: Lumineon\n|-damage|p2a: Toxtricity|0 fnt\n|-damage|p2b: Lumineon|92\/100\n|faint|p2a: Toxtricity\n|\n|-sideend|p1: Flytrapin|move: Tailwind\n|upkeep\n|\n|t:|1682045014\n|switch|p2a: Hariyama|Hariyama, L50, F, shiny|100\/100\n|turn|6\n|\n|t:|1682045025\n|move|p2a: Hariyama|Bullet Punch|p1b: Talonflame\n|-resisted|p1b: Talonflame\n|-damage|p1b: Talonflame|2\/100\n|move|p1b: Talonflame|Heat Wave|p2a: Hariyama|[spread] p2a,p2b\n|-resisted|p2b: Lumineon\n|-damage|p2a: Hariyama|83\/100\n|-damage|p2b: Lumineon|83\/100\n|move|p2b: Lumineon|Icy Wind|p1b: Talonflame\n|-damage|p1b: Talonflame|0 fnt\n|faint|p1b: Talonflame\n|\n|win|dralfredpennyworth\n|raw|Flytrapin's rating: 1086 → 1059<\/strong> (-27 for losing)\n|raw|dralfredpennyworth's rating: 1017 → 1062<\/strong> (+45 for winning)\n","uploadtime":1682045036,"views":8,"p1id":"flytrapin","p2id":"dralfredpennyworth","formatid":"gen9vgc2023regulationc","rating":1059,"private":0,"password":""}