{"id":"gen9vgc2023regulationc-1852882199","p1":"Chamix90","p2":"Phroeoeroh","format":"[Gen 9] VGC 2023 Regulation C","log":"|j|\u2606Chamix90\n|j|\u2606Phroeoeroh\n|t:|1682614192\n|gametype|doubles\n|player|p1|Chamix90|102|1099\n|player|p2|Phroeoeroh|volkner|1150\n|teamsize|p1|6\n|teamsize|p2|6\n|gen|9\n|tier|[Gen 9] VGC 2023 Regulation C\n|rated|\n|rule|Species Clause: Limit one of each Pok\u00e9mon\n|rule|Item Clause: Limit one of each item\n|clearpoke\n|poke|p1|Dondozo, L50, M|\n|poke|p1|Tatsugiri-Droopy, L50, M|\n|poke|p1|Chien-Pao, L50|\n|poke|p1|Glimmora, L50, F|\n|poke|p1|Arcanine, L50, M|\n|poke|p1|Corviknight, L50, F|\n|poke|p2|Iron Moth, L50|\n|poke|p2|Iron Bundle, L50|\n|poke|p2|Bronzong, L50|\n|poke|p2|Iron Jugulis, L50|\n|poke|p2|Raichu, L50, F|\n|poke|p2|Kingambit, L50, M|\n|teampreview|4\n|inactive|Battle timer is ON: inactive players will automatically lose when time's up. (requested by Phroeoeroh)\n|\n|t:|1682614221\n|start\n|switch|p1a: Teshima|Chien-Pao, L50|100\/100\n|switch|p1b: Aoyagi|Corviknight, L50, F, shiny|100\/100\n|switch|p2a: Raichu|Raichu, L50, F|100\/100\n|switch|p2b: Iron Jugulis|Iron Jugulis, L50|100\/100\n|-ability|p1a: Teshima|Sword of Ruin\n|turn|1\n|\n|t:|1682614246\n|-terastallize|p2b: Iron Jugulis|Steel\n|move|p1b: Aoyagi|Protect|p1b: Aoyagi\n|-singleturn|p1b: Aoyagi|Protect\n|move|p1a: Teshima|Ice Spinner|p2b: Iron Jugulis\n|-resisted|p2b: Iron Jugulis\n|-damage|p2b: Iron Jugulis|69\/100\n|move|p2a: Raichu|Electric Terrain|p2a: Raichu\n|-fieldstart|move: Electric Terrain\n|-activate|p2b: Iron Jugulis|ability: Quark Drive\n|-start|p2b: Iron Jugulis|quarkdrivespa\n|move|p2b: Iron Jugulis|Flash Cannon|p1a: Teshima\n|-supereffective|p1a: Teshima\n|-enditem|p1a: Teshima|Focus Sash\n|-damage|p1a: Teshima|1\/100\n|\n|upkeep\n|turn|2\n|inactive|Phroeoeroh has 30 seconds left.\n|\n|t:|1682614272\n|switch|p1b: Naruko|Arcanine, L50, M, shiny|100\/100\n|-ability|p1b: Naruko|Intimidate|boost\n|-unboost|p2a: Raichu|atk|1\n|-unboost|p2b: Iron Jugulis|atk|1\n|move|p1a: Teshima|Protect|p1a: Teshima\n|-singleturn|p1a: Teshima|Protect\n|move|p2a: Raichu|Volt Tackle|p1b: Naruko\n|-damage|p1b: Naruko|57\/100\n|-damage|p2a: Raichu|80\/100|[from] Recoil\n|move|p2b: Iron Jugulis|Flash Cannon|p1a: Teshima\n|-activate|p1a: Teshima|move: Protect\n|\n|upkeep\n|turn|3\n|inactive|Chamix90 has 30 seconds left.\n|inactive|Phroeoeroh has 30 seconds left.\n|\n|t:|1682614305\n|-end|p2b: Iron Jugulis|Quark Drive|[silent]\n|switch|p2b: Iron Bundle|Iron Bundle, L50|100\/100\n|-activate|p2b: Iron Bundle|ability: Quark Drive\n|-start|p2b: Iron Bundle|quarkdrivespe\n|move|p1a: Teshima|Ice Spinner|p2a: Raichu\n|-damage|p2a: Raichu|0 fnt\n|-fieldend|move: Electric Terrain\n|-end|p2b: Iron Bundle|Quark Drive\n|faint|p2a: Raichu\n|move|p1b: Naruko|Flare Blitz|p2b: Iron Bundle\n|-damage|p2b: Iron Bundle|28\/100\n|-damage|p1b: Naruko|41\/100|[from] Recoil\n|\n|upkeep\n|\n|t:|1682614319\n|switch|p2a: Iron Jugulis|Iron Jugulis, L50, tera:Steel|69\/100\n|turn|4\n|\n|t:|1682614326\n|move|p1a: Teshima|Protect|p1a: Teshima\n|-singleturn|p1a: Teshima|Protect\n|move|p1b: Naruko|Extreme Speed|p2b: Iron Bundle\n|-damage|p2b: Iron Bundle|0 fnt\n|faint|p2b: Iron Bundle\n|-end|p2b: Iron Bundle|Quark Drive|[silent]\n|move|p2a: Iron Jugulis|Earth Power|p1b: Naruko\n|-supereffective|p1b: Naruko\n|-crit|p1b: Naruko\n|-damage|p1b: Naruko|0 fnt\n|faint|p1b: Naruko\n|\n|upkeep\n|\n|t:|1682614341\n|switch|p2b: Iron Moth|Iron Moth, L50|100\/100\n|switch|p1b: Kaburagi|Glimmora, L50, F, shiny|100\/100\n|-enditem|p2b: Iron Moth|Booster Energy\n|-activate|p2b: Iron Moth|ability: Quark Drive|[fromitem]\n|-start|p2b: Iron Moth|quarkdrivespa\n|turn|5\n|\n|t:|1682614364\n|move|p1a: Teshima|Sacred Sword|p2a: Iron Jugulis\n|-supereffective|p2a: Iron Jugulis\n|-crit|p2a: Iron Jugulis\n|-damage|p2a: Iron Jugulis|0 fnt\n|faint|p2a: Iron Jugulis\n|-end|p2a: Iron Jugulis|Quark Drive|[silent]\n|move|p2b: Iron Moth|Heat Wave|p1b: Kaburagi|[spread] p1a,p1b\n|-supereffective|p1a: Teshima\n|-crit|p1a: Teshima\n|-resisted|p1b: Kaburagi\n|-damage|p1a: Teshima|0 fnt\n|-damage|p1b: Kaburagi|80\/100\n|faint|p1a: Teshima\n|move|p1b: Kaburagi|Power Gem|p2b: Iron Moth\n|-supereffective|p2b: Iron Moth\n|-damage|p2b: Iron Moth|2\/100\n|\n|upkeep\n|\n|t:|1682614378\n|switch|p1a: Aoyagi|Corviknight, L50, F, shiny|100\/100\n|turn|6\n|\n|t:|1682614398\n|-terastallize|p1a: Aoyagi|Fire\n|move|p2b: Iron Moth|Energy Ball|p1b: Kaburagi\n|-damage|p1b: Kaburagi|46\/100\n|move|p1b: Kaburagi|Power Gem|p2b: Iron Moth\n|-supereffective|p2b: Iron Moth\n|-damage|p2b: Iron Moth|0 fnt\n|faint|p2b: Iron Moth\n|-end|p2b: Iron Moth|Quark Drive|[silent]\n|\n|win|Chamix90\n|raw|Chamix90's rating: 1099 → 1128<\/strong> (+29 for winning)\n|raw|Phroeoeroh's rating: 1150 → 1121<\/strong> (-29 for losing)\n|l|\u2606Phroeoeroh\n","uploadtime":1682614417,"views":8,"p1id":"chamix90","p2id":"phroeoeroh","formatid":"gen9vgc2023regulationc","rating":1121,"private":0,"password":""}