{"id":"gen9vgc2023regulationc-1854571167","p1":"nihaomaa","p2":"Kirito1986","format":"[Gen 9] VGC 2023 Regulation C","log":"|j|\u2606nihaomaa\n|j|\u2606Kirito1986\n|t:|1682828733\n|gametype|doubles\n|player|p1|nihaomaa|170|1042\n|player|p2|Kirito1986|red|1102\n|teamsize|p1|6\n|teamsize|p2|6\n|gen|9\n|tier|[Gen 9] VGC 2023 Regulation C\n|rated|\n|rule|Species Clause: Limit one of each Pok\u00e9mon\n|rule|Item Clause: Limit one of each item\n|clearpoke\n|poke|p1|Chi-Yu, L50|\n|poke|p1|Murkrow, L50, M|\n|poke|p1|Flutter Mane, L50|\n|poke|p1|Indeedee-F, L50, F|\n|poke|p1|Corviknight, L50, M|\n|poke|p1|Great Tusk, L50|\n|poke|p2|Talonflame, L50, M|\n|poke|p2|Torkoal, L50, F|\n|poke|p2|Flutter Mane, L50|\n|poke|p2|Chien-Pao, L50|\n|poke|p2|Dragonite, L50, F|\n|poke|p2|Ting-Lu, L50|\n|teampreview|4\n|\n|t:|1682828818\n|start\n|switch|p1a: Murkrow|Murkrow, L50, M|100\/100\n|switch|p1b: Great Tusk|Great Tusk, L50|100\/100\n|switch|p2a: Espresso|Dragonite, L50, F|100\/100\n|switch|p2b: Chien-Pao|Chien-Pao, L50|100\/100\n|-ability|p2b: Chien-Pao|Sword of Ruin\n|turn|1\n|\n|t:|1682828858\n|-terastallize|p1b: Great Tusk|Fire\n|move|p1a: Murkrow|Tailwind|p1a: Murkrow\n|-sidestart|p1: nihaomaa|move: Tailwind\n|move|p1b: Great Tusk|Rock Tomb|p2a: Espresso\n|-supereffective|p2a: Espresso\n|-damage|p2a: Espresso|69\/100\n|-unboost|p2a: Espresso|spe|1\n|move|p2b: Chien-Pao|Ice Spinner|p1a: Murkrow\n|-supereffective|p1a: Murkrow\n|-damage|p1a: Murkrow|0 fnt\n|faint|p1a: Murkrow\n|move|p2a: Espresso|Fire Punch|p1b: Great Tusk\n|-resisted|p1b: Great Tusk\n|-damage|p1b: Great Tusk|85\/100\n|\n|upkeep\n|\n|t:|1682828871\n|switch|p1a: Flutter Mane|Flutter Mane, L50|100\/100\n|turn|2\n|\n|t:|1682828899\n|-terastallize|p2a: Espresso|Normal\n|move|p2b: Chien-Pao|Sucker Punch|p1a: Flutter Mane\n|-damage|p1a: Flutter Mane|11\/100\n|move|p1b: Great Tusk|Rock Tomb|p2b: Chien-Pao\n|-supereffective|p2b: Chien-Pao\n|-damage|p2b: Chien-Pao|45\/100\n|-unboost|p2b: Chien-Pao|spe|1\n|move|p1a: Flutter Mane|Dazzling Gleam|p2b: Chien-Pao|[spread] p2a,p2b\n|-supereffective|p2b: Chien-Pao\n|-damage|p2a: Espresso|19\/100\n|-damage|p2b: Chien-Pao|0 fnt\n|faint|p2b: Chien-Pao\n|move|p2a: Espresso|Roost|p2a: Espresso\n|-heal|p2a: Espresso|69\/100\n|\n|upkeep\n|\n|t:|1682828916\n|switch|p2b: Ting-Lu|Ting-Lu, L50|100\/100\n|-ability|p2b: Ting-Lu|Vessel of Ruin\n|turn|3\n|\n|t:|1682828939\n|-end|p1a: Flutter Mane|Protosynthesis|[silent]\n|switch|p1a: Indeedee|Indeedee-F, L50, F|100\/100\n|-fieldstart|move: Psychic Terrain|[from] ability: Psychic Surge|[of] p1a: Indeedee\n|-enditem|p1a: Indeedee|Psychic Seed\n|-boost|p1a: Indeedee|spd|1|[from] item: Psychic Seed\n|move|p2a: Espresso|Extreme Speed|p1b: Great Tusk\n|-activate|p1b: Great Tusk|move: Psychic Terrain\n|move|p1b: Great Tusk|Rock Tomb|p2a: Espresso\n|-damage|p2a: Espresso|43\/100\n|-unboost|p2a: Espresso|spe|1\n|move|p2b: Ting-Lu|Earthquake|p1a: Indeedee|[spread] p2a,p1a,p1b\n|-supereffective|p1b: Great Tusk\n|-damage|p2a: Espresso|10\/100\n|-damage|p1a: Indeedee|75\/100\n|-damage|p1b: Great Tusk|43\/100\n|\n|upkeep\n|turn|4\n|\n|t:|1682828983\n|move|p1a: Indeedee|Helping Hand|p1b: Great Tusk\n|-singleturn|p1b: Great Tusk|Helping Hand|[of] p1a: Indeedee\n|move|p1b: Great Tusk|Rock Tomb|p2b: Ting-Lu\n|-resisted|p2b: Ting-Lu\n|-damage|p2b: Ting-Lu|94\/100\n|-unboost|p2b: Ting-Lu|spe|1\n|move|p2a: Espresso|Roost|p2a: Espresso\n|-heal|p2a: Espresso|60\/100\n|move|p2b: Ting-Lu|Ruination|p1a: Indeedee\n|-damage|p1a: Indeedee|38\/100\n|\n|-sideend|p1: nihaomaa|move: Tailwind\n|upkeep\n|turn|5\n|\n|t:|1682829014\n|move|p1b: Great Tusk|Rock Tomb|p2a: Espresso\n|-damage|p2a: Espresso|37\/100\n|-unboost|p2a: Espresso|spe|1\n|move|p1a: Indeedee|Psychic|p2a: Espresso\n|-damage|p2a: Espresso|4\/100\n|move|p2a: Espresso|Fire Punch|p1a: Indeedee\n|-damage|p1a: Indeedee|11\/100\n|move|p2b: Ting-Lu|Heavy Slam|p1a: Indeedee\n|-damage|p1a: Indeedee|0 fnt\n|faint|p1a: Indeedee\n|\n|upkeep\n|\n|t:|1682829026\n|switch|p1a: Flutter Mane|Flutter Mane, L50|11\/100\n|turn|6\n|\n|t:|1682829047\n|move|p1b: Great Tusk|Rock Tomb|p2a: Espresso\n|-damage|p2a: Espresso|0 fnt\n|faint|p2a: Espresso\n|move|p1a: Flutter Mane|Moonblast|p2b: Ting-Lu\n|-supereffective|p2b: Ting-Lu\n|-damage|p2b: Ting-Lu|39\/100\n|move|p2b: Ting-Lu|Earthquake|p1b: Great Tusk|[spread] p1a,p1b\n|-supereffective|p1b: Great Tusk\n|-damage|p1a: Flutter Mane|0 fnt\n|-damage|p1b: Great Tusk|0 fnt\n|faint|p1a: Flutter Mane\n|-end|p1a: Flutter Mane|Protosynthesis|[silent]\n|faint|p1b: Great Tusk\n|-end|p1b: Great Tusk|Protosynthesis|[silent]\n|\n|win|Kirito1986\n|raw|nihaomaa's rating: 1042 → 1028<\/strong> (-14 for losing)\n|raw|Kirito1986's rating: 1102 → 1123<\/strong> (+21 for winning)\n|l|\u2606nihaomaa\n","uploadtime":1682829072,"views":14,"p1id":"nihaomaa","p2id":"kirito1986","formatid":"gen9vgc2023regulationc","rating":1028,"private":0,"password":""}