{"id":"gen9vgc2023regulationc-1864163967","p1":"lagodude","p2":"whorubuthi","format":"[Gen 9] VGC 2023 Regulation C","log":"|j|\u2606lagodude\n|j|\u2606whorubuthi\n|t:|1684128004\n|gametype|doubles\n|player|p1|lagodude|2|1111\n|player|p2|whorubuthi|169|1134\n|teamsize|p1|6\n|teamsize|p2|6\n|gen|9\n|tier|[Gen 9] VGC 2023 Regulation C\n|rated|\n|rule|Species Clause: Limit one of each Pok\u00e9mon\n|rule|Item Clause: Limit one of each item\n|clearpoke\n|poke|p1|Grimmsnarl, L50, M|\n|poke|p1|Ting-Lu, L50|\n|poke|p1|Glimmora, L50, M|\n|poke|p1|Garganacl, L50, M|\n|poke|p1|Wo-Chien, L50|\n|poke|p1|Iron Hands, L50|\n|poke|p2|Gothitelle, L50, F|\n|poke|p2|Iron Hands, L50|\n|poke|p2|Flutter Mane, L50|\n|poke|p2|Chien-Pao, L50|\n|poke|p2|Palafin, L50, F|\n|poke|p2|Amoonguss, L50, M|\n|teampreview|4\n|inactive|Battle timer is ON: inactive players will automatically lose when time's up. (requested by lagodude)\n|inactive|lagodude has 60 seconds left.\n|inactive|whorubuthi has 60 seconds left.\nlagodude has agreed to open team sheets.\n|c|\u2606whorubuthi|glhf\n|c|\u2606lagodude|u2\nwhorubuthi has agreed to open team sheets.\n|inactive|whorubuthi has 30 seconds left.\n|inactive|whorubuthi has 20 seconds left.\n|inactive|whorubuthi has 15 seconds left.\n|\n|t:|1684128080\n|start\n|switch|p1a: Garganacl|Garganacl, L50, M|100\/100\n|switch|p1b: Glimmora|Glimmora, L50, M|100\/100\n|switch|p2a: Gothitelle|Gothitelle, L50, F|100\/100\n|switch|p2b: Palafin|Palafin, L50, F|100\/100\n|turn|1\n|\n|t:|1684128098\n|detailschange|p2b: Palafin|Palafin-Hero, L50, F\n|switch|p2b: Amoonguss|Amoonguss, L50, M|100\/100\n|move|p1a: Garganacl|Protect|p1a: Garganacl\n|-singleturn|p1a: Garganacl|Protect\n|move|p1b: Glimmora|Mortal Spin|p2a: Gothitelle|[spread] p2a,p2b\n|-damage|p2a: Gothitelle|97\/100\n|-damage|p2b: Amoonguss|96\/100\n|-status|p2a: Gothitelle|psn\n|move|p2a: Gothitelle|Trick Room|p2a: Gothitelle\n|-fieldstart|move: Trick Room|[of] p2a: Gothitelle\n|\n|-damage|p2a: Gothitelle|84\/100 psn|[from] psn\n|upkeep\n|turn|2\n|c|\u2606whorubuthi|!dt mortal spin\n|raw| Mortal Spin<\/a><\/span> <\/span> Power<\/em> 30<\/span> Accuracy<\/em> 100%<\/span> PP<\/em> 24<\/span> Poisons foes, frees user from hazards\/bind\/leech.<\/span> <\/li> <\/li><\/ul>\n|raw|Priority:<\/font> 0 |  Gen:<\/font> 9 |  ✓ Boosted by Sheer Force |  ✓ Contact |  Z-Power:<\/font> 100 |  Dynamax Power:<\/font> 70 |  Target:<\/font> All Adjacent Opponents<\/font>\n\n|c|\u2606whorubuthi|oh\n|inactive|whorubuthi has 30 seconds left.\n|\n|t:|1684128132\n|move|p2b: Amoonguss|Spore|p1a: Garganacl\n|-immune|p1a: Garganacl|[from] ability: Purifying Salt\n|move|p1a: Garganacl|Salt Cure|p2b: Amoonguss\n|-damage|p2b: Amoonguss|83\/100\n|-start|p2b: Amoonguss|Salt Cure\n|move|p2a: Gothitelle|Psychic|p1b: Glimmora\n|-supereffective|p1b: Glimmora\n|-damage|p1b: Glimmora|43\/100\n|move|p1b: Glimmora|Earth Power|p2b: Amoonguss\n|-damage|p2b: Amoonguss|60\/100\n|\n|-damage|p2a: Gothitelle|72\/100 psn|[from] psn\n|-damage|p2b: Amoonguss|48\/100|[from] Salt Cure\n|upkeep\n|turn|3\n|c|\u2606whorubuthi|im so dum\n|\n|t:|1684128155\n|move|p2b: Amoonguss|Spore|p1b: Glimmora\n|-status|p1b: Glimmora|slp|[from] move: Spore\n|move|p1a: Garganacl|Stealth Rock|p2a: Gothitelle\n|-sidestart|p2: whorubuthi|move: Stealth Rock\n|move|p2a: Gothitelle|Psychic|p1a: Garganacl\n|-damage|p1a: Garganacl|79\/100\n|cant|p1b: Glimmora|slp\n|\n|-damage|p2a: Gothitelle|59\/100 psn|[from] psn\n|-damage|p2b: Amoonguss|35\/100|[from] Salt Cure\n|upkeep\n|turn|4\n|c|\u2606lagodude|lol\n|inactive|lagodude has 30 seconds left.\n|\n|t:|1684128180\n|move|p1a: Garganacl|Protect|p1a: Garganacl\n|-singleturn|p1a: Garganacl|Protect\n|move|p2b: Amoonguss|Pollen Puff|p2a: Gothitelle\n|-heal|p2a: Gothitelle|100\/100 psn\n|move|p2a: Gothitelle|Psychic|p1b: Glimmora\n|-supereffective|p1b: Glimmora\n|-damage|p1b: Glimmora|0 fnt\n|faint|p1b: Glimmora\n|\n|-damage|p2a: Gothitelle|88\/100 psn|[from] psn\n|-damage|p2b: Amoonguss|23\/100|[from] Salt Cure\n|upkeep\n|-enditem|p2b: Amoonguss|Wiki Berry|[eat]\n|-heal|p2b: Amoonguss|56\/100|[from] item: Wiki Berry\n|\n|t:|1684128198\n|switch|p1b: Wo-Chien|Wo-Chien, L50|100\/100\n|-ability|p1b: Wo-Chien|Tablets of Ruin\n|turn|5\n|inactive|whorubuthi has 30 seconds left.\n|inactive|whorubuthi has 20 seconds left.\n|inactive|whorubuthi has 15 seconds left.\n|inactive|whorubuthi has 10 seconds left.\n|inactive|whorubuthi has 5 seconds left.\n|\n|t:|1684128248\n|switch|p2b: Palafin|Palafin-Hero, L50, F|100\/100\n|-damage|p2b: Palafin|88\/100|[from] Stealth Rock\n|-activate|p2b: Palafin|ability: Zero to Hero\n|move|p1a: Garganacl|Salt Cure|p2a: Gothitelle\n|-damage|p2a: Gothitelle|77\/100 psn\n|-start|p2a: Gothitelle|Salt Cure\n|move|p2a: Gothitelle|Psychic|p1a: Garganacl\n|-damage|p1a: Garganacl|58\/100\n|move|p1b: Wo-Chien|Leech Seed|p2a: Gothitelle\n|-start|p2a: Gothitelle|move: Leech Seed\n|\n|-damage|p2a: Gothitelle|65\/100 psn|[from] Leech Seed|[of] p1b: Wo-Chien\n|-damage|p2a: Gothitelle|52\/100 psn|[from] psn\n|-damage|p2a: Gothitelle|40\/100 psn|[from] Salt Cure\n|-fieldend|move: Trick Room\n|upkeep\n|-enditem|p2a: Gothitelle|Sitrus Berry|[eat]\n|-heal|p2a: Gothitelle|65\/100 psn|[from] item: Sitrus Berry\n|turn|6\n|inactive|lagodude has 30 seconds left.\n|inactive|whorubuthi has 30 seconds left.\n|\n|t:|1684128275\n|switch|p2a: Amoonguss|Amoonguss, L50, M|89\/100\n|-damage|p2a: Amoonguss|77\/100|[from] Stealth Rock\n|-terastallize|p1a: Garganacl|Ghost\n|move|p2b: Palafin|Wave Crash|p1a: Garganacl\n|-damage|p1a: Garganacl|15\/100\n|-enditem|p1a: Garganacl|Sitrus Berry|[eat]\n|-heal|p1a: Garganacl|40\/100|[from] item: Sitrus Berry\n|-damage|p2b: Palafin|72\/100|[from] Recoil\n|move|p1b: Wo-Chien|Pollen Puff|p1a: Garganacl\n|-heal|p1a: Garganacl|90\/100\n|move|p1a: Garganacl|Salt Cure|p2b: Palafin\n|-damage|p2b: Palafin|60\/100\n|-start|p2b: Palafin|Salt Cure\n|\n|-damage|p2b: Palafin|36\/100|[from] Salt Cure\n|upkeep\n|turn|7\n|\n|t:|1684128297\n|move|p1b: Wo-Chien|Protect|p1b: Wo-Chien\n|-singleturn|p1b: Wo-Chien|Protect\n|move|p2b: Palafin|Wave Crash|p1a: Garganacl\n|-damage|p1a: Garganacl|46\/100\n|-damage|p2b: Palafin|19\/100|[from] Recoil\n|move|p1a: Garganacl|Salt Cure|p2a: Amoonguss\n|-damage|p2a: Amoonguss|67\/100\n|-start|p2a: Amoonguss|Salt Cure\n|move|p2a: Amoonguss|Pollen Puff|p2b: Palafin\n|-heal|p2b: Palafin|69\/100\n|\n|-damage|p2b: Palafin|44\/100|[from] Salt Cure\n|-damage|p2a: Amoonguss|55\/100|[from] Salt Cure\n|upkeep\n|turn|8\n|\n|t:|1684128318\n|move|p1a: Garganacl|Protect|p1a: Garganacl\n|-singleturn|p1a: Garganacl|Protect\n|move|p2b: Palafin|Wave Crash|p1a: Garganacl\n|-activate|p1a: Garganacl|move: Protect\n|move|p1b: Wo-Chien|Giga Drain|p2b: Palafin\n|-supereffective|p2b: Palafin\n|-damage|p2b: Palafin|2\/100\n|move|p2a: Amoonguss|Pollen Puff|p1a: Garganacl\n|-activate|p1a: Garganacl|move: Protect\n|\n|-damage|p2b: Palafin|0 fnt|[from] Salt Cure\n|faint|p2b: Palafin\n|-damage|p2a: Amoonguss|43\/100|[from] Salt Cure\n|upkeep\n|\n|t:|1684128339\n|switch|p2b: Iron Hands|Iron Hands, L50|100\/100\n|-damage|p2b: Iron Hands|95\/100|[from] Stealth Rock\n|turn|9\n|\n|t:|1684128355\n|switch|p1b: Iron Hands|Iron Hands, L50|100\/100\n|-enditem|p1b: Iron Hands|Booster Energy\n|-activate|p1b: Iron Hands|ability: Quark Drive|[fromitem]\n|-start|p1b: Iron Hands|quarkdriveatk\n|move|p2b: Iron Hands|Wild Charge|p1a: Garganacl\n|-damage|p1a: Garganacl|14\/100\n|-damage|p2b: Iron Hands|88\/100|[from] Recoil\n|move|p1a: Garganacl|Recover|p1a: Garganacl\n|-heal|p1a: Garganacl|64\/100\n|move|p2a: Amoonguss|Pollen Puff|p1b: Iron Hands\n|-resisted|p1b: Iron Hands\n|-damage|p1b: Iron Hands|93\/100\n|\n|-damage|p2a: Amoonguss|30\/100|[from] Salt Cure\n|upkeep\n|turn|10\n|\n|t:|1684128374\n|move|p2b: Iron Hands|Protect|p2b: Iron Hands\n|-singleturn|p2b: Iron Hands|Protect\n|move|p1b: Iron Hands|Fake Out|p2a: Amoonguss\n|-damage|p2a: Amoonguss|10\/100\n|move|p1a: Garganacl|Recover|p1a: Garganacl\n|-heal|p1a: Garganacl|100\/100\n|cant|p2a: Amoonguss|flinch\n|\n|-damage|p2a: Amoonguss|0 fnt|[from] Salt Cure\n|faint|p2a: Amoonguss\n|upkeep\n|\n|t:|1684128386\n|switch|p2a: Gothitelle|Gothitelle, L50, F|65\/100 psn\n|-damage|p2a: Gothitelle|52\/100 psn|[from] Stealth Rock\n|turn|11\n|inactive|whorubuthi has 30 seconds left.\n|inactive|whorubuthi has 20 seconds left.\n|inactive|whorubuthi has 15 seconds left.\n|inactive|whorubuthi has 10 seconds left.\n|\n|t:|1684128431\n|move|p2a: Gothitelle|Fake Out|p1b: Iron Hands\n|-damage|p1b: Iron Hands|89\/100\n|move|p2b: Iron Hands|Swords Dance|p2b: Iron Hands\n|-boost|p2b: Iron Hands|atk|2\n|cant|p1b: Iron Hands|flinch\n|move|p1a: Garganacl|Salt Cure|p2b: Iron Hands\n|-resisted|p2b: Iron Hands\n|-damage|p2b: Iron Hands|83\/100\n|-start|p2b: Iron Hands|Salt Cure\n|\n|-damage|p2a: Gothitelle|40\/100 psn|[from] psn\n|-damage|p2b: Iron Hands|71\/100|[from] Salt Cure\n|upkeep\n|turn|12\n|inactive|lagodude has 30 seconds left.\n|\n|t:|1684128460\n|move|p1a: Garganacl|Protect|p1a: Garganacl\n|-singleturn|p1a: Garganacl|Protect\n|move|p2b: Iron Hands|Drain Punch|p1b: Iron Hands\n|-damage|p1b: Iron Hands|28\/100\n|-heal|p2b: Iron Hands|99\/100|[from] drain|[of] p1b: Iron Hands\n|move|p1b: Iron Hands|Wild Charge|p2a: Gothitelle\n|-damage|p2a: Gothitelle|0 fnt\n|faint|p2a: Gothitelle\n|-damage|p1b: Iron Hands|20\/100|[from] Recoil\n|\n|-damage|p2b: Iron Hands|87\/100|[from] Salt Cure\n|upkeep\n|turn|13\n|inactive|whorubuthi has 30 seconds left.\n|\n|t:|1684128486\n|move|p2b: Iron Hands|Drain Punch|p1b: Iron Hands\n|-damage|p1b: Iron Hands|0 fnt\n|-heal|p2b: Iron Hands|96\/100|[from] drain|[of] p1b: Iron Hands\n|faint|p1b: Iron Hands\n|-end|p1b: Iron Hands|Quark Drive|[silent]\n|move|p1a: Garganacl|Salt Cure|p2b: Iron Hands\n|-resisted|p2b: Iron Hands\n|-damage|p2b: Iron Hands|91\/100\n|\n|-damage|p2b: Iron Hands|79\/100|[from] Salt Cure\n|upkeep\n|\n|t:|1684128495\n|switch|p1b: Wo-Chien|Wo-Chien, L50|100\/100\n|-ability|p1b: Wo-Chien|Tablets of Ruin\n|turn|14\n|\n|t:|1684128508\n|move|p1b: Wo-Chien|Leech Seed|p2b: Iron Hands\n|-start|p2b: Iron Hands|move: Leech Seed\n|move|p2b: Iron Hands|Drain Punch|p1b: Wo-Chien\n|-supereffective|p1b: Wo-Chien\n|-damage|p1b: Wo-Chien|0 fnt\n|-heal|p2b: Iron Hands|100\/100|[from] drain|[of] p1b: Wo-Chien\n|faint|p1b: Wo-Chien\n|move|p1a: Garganacl|Salt Cure|p2b: Iron Hands\n|-resisted|p2b: Iron Hands\n|-damage|p2b: Iron Hands|96\/100\n|\n|-damage|p2b: Iron Hands|84\/100|[from] Salt Cure\n|upkeep\n|turn|15\n|\n|t:|1684128532\n|move|p2b: Iron Hands|Wild Charge|p1a: Garganacl\n|-damage|p1a: Garganacl|37\/100\n|-damage|p2b: Iron Hands|71\/100|[from] Recoil\n|move|p1a: Garganacl|Salt Cure|p2b: Iron Hands\n|-resisted|p2b: Iron Hands\n|-damage|p2b: Iron Hands|66\/100\n|\n|-damage|p2b: Iron Hands|54\/100|[from] Salt Cure\n|upkeep\n|turn|16\n|\n|t:|1684128543\n|move|p1a: Garganacl|Protect|p1a: Garganacl\n|-singleturn|p1a: Garganacl|Protect\n|move|p2b: Iron Hands|Wild Charge|p1a: Garganacl\n|-activate|p1a: Garganacl|move: Protect\n|\n|-damage|p2b: Iron Hands|41\/100|[from] Salt Cure\n|upkeep\n|turn|17\n|l|\u2606whorubuthi\n|inactive|whorubuthi disconnected and has a minute to reconnect!\n|player|p2|\n|inactive|whorubuthi has 30 seconds left.\n|j|\u2606whorubuthi\n|inactive|whorubuthi reconnected and has 25 seconds left.\n|player|p2|whorubuthi|169\n|inactive|whorubuthi has 20 seconds left.\n|\n|t:|1684128580\n|move|p2b: Iron Hands|Wild Charge|p1a: Garganacl\n|-damage|p1a: Garganacl|0 fnt\n|faint|p1a: Garganacl\n|-damage|p2b: Iron Hands|34\/100|[from] Recoil\n|\n|win|whorubuthi\n|raw|lagodude's rating: 1111 → 1088<\/strong> (-23 for losing)\n|raw|whorubuthi's rating: 1134 → 1157<\/strong> (+23 for winning)\n|c|\u2606lagodude|gg\n|l|\u2606lagodude\n|c|\u2606whorubuthi|ggwp\n","uploadtime":1684128602,"views":6,"p1id":"lagodude","p2id":"whorubuthi","formatid":"gen9vgc2023regulationc","rating":1088,"private":0,"password":""}