{"id":"gen9vgc2023regulationc-1846496646","p1":"Goldjunge1994","p2":"gohan92","format":"[Gen 9] VGC 2023 Regulation C","log":"|j|\u2606Goldjunge1994\n|j|\u2606gohan92\n|t:|1681845793\n|gametype|doubles\n|player|p1|Goldjunge1994|169|\n|player|p2|gohan92|101|\n|teamsize|p1|6\n|teamsize|p2|6\n|gen|9\n|tier|[Gen 9] VGC 2023 Regulation C\n|rule|Species Clause: Limit one of each Pok\u00e9mon\n|rule|Item Clause: Limit one of each item\n|clearpoke\n|poke|p1|Palafin, L50, M|\n|poke|p1|Gholdengo, L50|\n|poke|p1|Chien-Pao, L50|\n|poke|p1|Dragonite, L50, M|\n|poke|p1|Arcanine, L50, F|\n|poke|p1|Amoonguss, L50, M|\n|poke|p2|Chi-Yu, L50|\n|poke|p2|Flutter Mane, L50|\n|poke|p2|Glimmora, L50, M|\n|poke|p2|Ting-Lu, L50|\n|poke|p2|Gyarados, L50, M|\n|poke|p2|Amoonguss, L50, F|\n|teampreview|4\nGoldjunge1994 has agreed to open team sheets.\ngohan92 has agreed to open team sheets.\n|c|\u2606gohan92|fast vergessen\n|\n|t:|1681845886\n|start\n|switch|p1a: Dragonite|Dragonite, L50, M|100\/100\n|switch|p1b: Palafin|Palafin, L50, M|100\/100\n|switch|p2a: Glimmora|Glimmora, L50, M|100\/100\n|switch|p2b: Chi-Yu|Chi-Yu, L50|100\/100\n|-ability|p2b: Chi-Yu|Beads of Ruin\n|turn|1\n|\n|t:|1681845931\n|detailschange|p1b: Palafin|Palafin-Hero, L50, M\n|switch|p1b: Amoonguss|Amoonguss, L50, M|100\/100\n|-terastallize|p2b: Chi-Yu|Water\n|move|p2b: Chi-Yu|Dark Pulse|p1a: Dragonite\n|-damage|p1a: Dragonite|74\/100\n|move|p2a: Glimmora|Mortal Spin|p1b: Amoonguss|[spread] p1a,p1b\n|-damage|p1a: Dragonite|70\/100\n|-damage|p1b: Amoonguss|96\/100\n|-status|p1a: Dragonite|psn\n|-enditem|p1a: Dragonite|Lum Berry|[eat]\n|-curestatus|p1a: Dragonite|psn|[msg]\n|-status|p1b: Amoonguss|psn\n|move|p1a: Dragonite|Dragon Dance|p1a: Dragonite\n|-boost|p1a: Dragonite|atk|1\n|-boost|p1a: Dragonite|spe|1\n|\n|-damage|p1b: Amoonguss|84\/100 psn|[from] psn\n|upkeep\n|turn|2\n|\n|t:|1681845961\n|-terastallize|p1a: Dragonite|Flying\n|move|p1b: Amoonguss|Rage Powder|p1b: Amoonguss\n|-singleturn|p1b: Amoonguss|move: Rage Powder\n|move|p1a: Dragonite|Tera Blast|p2b: Chi-Yu\n|-damage|p2b: Chi-Yu|0 fnt\n|faint|p2b: Chi-Yu\n|move|p2a: Glimmora|Mortal Spin|p1a: Dragonite|[spread] p1a,p1b\n|-damage|p1a: Dragonite|65\/100\n|-damage|p1b: Amoonguss|80\/100 psn\n|-status|p1a: Dragonite|psn\n|\n|-damage|p1a: Dragonite|53\/100 psn|[from] psn\n|-damage|p1b: Amoonguss|68\/100 psn|[from] psn\n|upkeep\n|\n|t:|1681845975\n|switch|p2b: Amoonguss|Amoonguss, L50, F|100\/100\n|turn|3\n|\n|t:|1681845986\n|move|p2b: Amoonguss|Protect|p2b: Amoonguss\n|-singleturn|p2b: Amoonguss|Protect\n|move|p1b: Amoonguss|Rage Powder|p1b: Amoonguss\n|-singleturn|p1b: Amoonguss|move: Rage Powder\n|move|p1a: Dragonite|Dragon Dance|p1a: Dragonite\n|-boost|p1a: Dragonite|atk|1\n|-boost|p1a: Dragonite|spe|1\n|move|p2a: Glimmora|Venoshock|p1b: Amoonguss\n|-damage|p1b: Amoonguss|5\/100 psn\n|\n|-damage|p1a: Dragonite|41\/100 psn|[from] psn\n|-damage|p1b: Amoonguss|0 fnt|[from] psn\n|faint|p1b: Amoonguss\n|upkeep\n|\n|t:|1681845999\n|switch|p1b: Chien-Pao|Chien-Pao, L50|100\/100\n|-ability|p1b: Chien-Pao|Sword of Ruin\n|turn|4\n|\n|t:|1681846018\n|switch|p2b: Flutter Mane|Flutter Mane, L50|100\/100\n|-enditem|p2b: Flutter Mane|Booster Energy\n|-activate|p2b: Flutter Mane|ability: Protosynthesis|[fromitem]\n|-start|p2b: Flutter Mane|protosynthesisspa\n|move|p1a: Dragonite|Tera Blast|p2b: Flutter Mane\n|-damage|p2b: Flutter Mane|0 fnt\n|faint|p2b: Flutter Mane\n|-end|p2b: Flutter Mane|Protosynthesis|[silent]\n|move|p1b: Chien-Pao|Ice Spinner|p2a: Glimmora\n|-damage|p2a: Glimmora|36\/100\n|move|p2a: Glimmora|Venoshock|p1a: Dragonite\n|-damage|p1a: Dragonite|0 fnt\n|faint|p1a: Dragonite\n|\n|upkeep\n|\n|t:|1681846031\n|switch|p2b: Amoonguss|Amoonguss, L50, F|100\/100\n|switch|p1a: Palafin|Palafin-Hero, L50, M|100\/100\n|-activate|p1a: Palafin|ability: Zero to Hero\n|turn|5\n|\n|t:|1681846066\n|move|p1b: Chien-Pao|Protect|p1b: Chien-Pao\n|-singleturn|p1b: Chien-Pao|Protect\n|move|p2b: Amoonguss|Rage Powder|p2b: Amoonguss\n|-singleturn|p2b: Amoonguss|move: Rage Powder\n|move|p2a: Glimmora|Mortal Spin|p1b: Chien-Pao|[spread] p1a\n|-activate|p1b: Chien-Pao|move: Protect\n|-damage|p1a: Palafin|96\/100\n|-status|p1a: Palafin|psn\n|move|p1a: Palafin|Wave Crash|p2b: Amoonguss\n|-resisted|p2b: Amoonguss\n|-damage|p2b: Amoonguss|45\/100\n|-enditem|p2b: Amoonguss|Sitrus Berry|[eat]\n|-heal|p2b: Amoonguss|70\/100|[from] item: Sitrus Berry\n|-damage|p1a: Palafin|75\/100 psn|[from] Recoil\n|\n|-damage|p1a: Palafin|63\/100 psn|[from] psn\n|upkeep\n|turn|6\n|\n|t:|1681846111\n|move|p2a: Glimmora|Spiky Shield|p2a: Glimmora\n|-singleturn|p2a: Glimmora|move: Protect\n|move|p2b: Amoonguss|Protect|p2b: Amoonguss\n|-singleturn|p2b: Amoonguss|Protect\n|move|p1b: Chien-Pao|Ice Spinner|p2b: Amoonguss\n|-activate|p2b: Amoonguss|move: Protect\n|move|p1a: Palafin|Wave Crash|p2b: Amoonguss\n|-activate|p2b: Amoonguss|move: Protect\n|\n|-damage|p1a: Palafin|51\/100 psn|[from] psn\n|upkeep\n|turn|7\n|\n|t:|1681846132\n|move|p2b: Amoonguss|Protect|p2b: Amoonguss\n|-singleturn|p2b: Amoonguss|Protect\n|move|p1a: Palafin|Jet Punch|p2a: Glimmora\n|-supereffective|p2a: Glimmora\n|-damage|p2a: Glimmora|0 fnt\n|faint|p2a: Glimmora\n|move|p1b: Chien-Pao|Ice Spinner|p2b: Amoonguss\n|-activate|p2b: Amoonguss|move: Protect\n|\n|-damage|p1a: Palafin|39\/100 psn|[from] psn\n|upkeep\n|turn|8\n|\n|t:|1681846146\n|move|p1b: Chien-Pao|Ice Spinner|p2b: Amoonguss\n|-supereffective|p2b: Amoonguss\n|-damage|p2b: Amoonguss|0 fnt\n|faint|p2b: Amoonguss\n|\n|win|Goldjunge1994\n|c|\u2606gohan92|ggwp!\n|c|\u2606Goldjunge1994|gg\n|c|\u2606Goldjunge1994|Nochmal Voice?\n|c|\u2606gohan92|gerne\n","uploadtime":1681846169,"views":12,"p1id":"goldjunge1994","p2id":"gohan92","formatid":"gen9vgc2023regulationc","rating":0,"private":0,"password":""}