{"id":"gen9vgc2023regulationc-1852321377","p1":"tarkus474","p2":"littletimmytommy","format":"[Gen 9] VGC 2023 Regulation C","log":"|j|\u2606tarkus474\n|j|\u2606littletimmytommy\n|t:|1682543777\n|gametype|doubles\n|player|p1|tarkus474|chuck|1111\n|player|p2|littletimmytommy|101|1019\n|teamsize|p1|6\n|teamsize|p2|6\n|gen|9\n|tier|[Gen 9] VGC 2023 Regulation C\n|rated|\n|rule|Species Clause: Limit one of each Pok\u00e9mon\n|rule|Item Clause: Limit one of each item\n|clearpoke\n|poke|p1|Klefki, L50, F|\n|poke|p1|Iron Valiant, L50|\n|poke|p1|Ting-Lu, L50|\n|poke|p1|Drifblim, L50, M|\n|poke|p1|Roaring Moon, L50|\n|poke|p1|Torkoal, L50, F|\n|poke|p2|Meowscarada, L50, M|\n|poke|p2|Garchomp, L50, F|\n|poke|p2|Ceruledge, L50, M|\n|poke|p2|Kingambit, L50, F|\n|poke|p2|Talonflame, L50, F|\n|poke|p2|Palafin, L50, F|\n|teampreview|4\ntarkus474 rejected open team sheets.\n|\n|t:|1682543806\n|start\n|switch|p1a: Klefki|Klefki, L50, F|100\/100\n|switch|p1b: Roaring Moon|Roaring Moon, L50, shiny|100\/100\n|switch|p2a: Talonflame|Talonflame, L50, F|100\/100\n|switch|p2b: Palafin|Palafin, L50, F|100\/100\n|turn|1\n|\n|t:|1682543822\n|detailschange|p2b: Palafin|Palafin-Hero, L50, F\n|switch|p2b: Ceruledge|Ceruledge, L50, M|100\/100\n|move|p2a: Talonflame|Tailwind|p2a: Talonflame\n|-sidestart|p2: littletimmytommy|move: Tailwind\n|move|p1a: Klefki|Thunder Wave|p2b: Ceruledge\n|-status|p2b: Ceruledge|par\n|move|p1b: Roaring Moon|Throat Chop|p2a: Talonflame\n|-damage|p2a: Talonflame|35\/100\n|-start|p2a: Talonflame|Throat Chop|[silent]\n|\n|upkeep\n|turn|2\n|\n|t:|1682543837\n|-terastallize|p2b: Ceruledge|Fairy\n|move|p1a: Klefki|Reflect|p1a: Klefki\n|-sidestart|p1: tarkus474|Reflect\n|move|p2a: Talonflame|Will-O-Wisp|p1b: Roaring Moon\n|-status|p1b: Roaring Moon|brn\n|move|p1b: Roaring Moon|Throat Chop|p2b: Ceruledge\n|-resisted|p2b: Ceruledge\n|-damage|p2b: Ceruledge|87\/100 par\n|-start|p2b: Ceruledge|Throat Chop|[silent]\n|move|p2b: Ceruledge|Tera Blast|p1a: Klefki\n|-resisted|p1a: Klefki\n|-damage|p1a: Klefki|82\/100\n|\n|-heal|p1a: Klefki|88\/100|[from] item: Leftovers\n|-damage|p1b: Roaring Moon|94\/100 brn|[from] brn\n|-end|p2a: Talonflame|Throat Chop|[silent]\n|upkeep\n|turn|3\n|\n|t:|1682543855\n|switch|p2a: Palafin|Palafin-Hero, L50, F|100\/100\n|-activate|p2a: Palafin|ability: Zero to Hero\n|move|p1a: Klefki|Thunder Wave|p2a: Palafin\n|-status|p2a: Palafin|par\n|move|p1b: Roaring Moon|Iron Head|p2b: Ceruledge\n|-supereffective|p2b: Ceruledge\n|-damage|p2b: Ceruledge|49\/100 par\n|cant|p2b: Ceruledge|flinch\n|\n|-heal|p1a: Klefki|94\/100|[from] item: Leftovers\n|-damage|p1b: Roaring Moon|88\/100 brn|[from] brn\n|-end|p2b: Ceruledge|Throat Chop|[silent]\n|upkeep\n|turn|4\n|\n|t:|1682543875\n|move|p1b: Roaring Moon|Scale Shot|p2a: Palafin\n|-damage|p2a: Palafin|94\/100 par\n|-damage|p2a: Palafin|87\/100 par\n|-damage|p2a: Palafin|80\/100 par\n|-damage|p2a: Palafin|73\/100 par\n|-damage|p2a: Palafin|66\/100 par\n|-hitcount|p2a: Palafin|5\n|-unboost|p1b: Roaring Moon|def|1\n|-boost|p1b: Roaring Moon|spe|1\n|move|p2a: Palafin|Wave Crash|p1b: Roaring Moon\n|-resisted|p1b: Roaring Moon\n|-damage|p1b: Roaring Moon|20\/100 brn\n|-damage|p2a: Palafin|45\/100 par|[from] Recoil\n|move|p2b: Ceruledge|Bitter Blade|p1a: Klefki\n|-supereffective|p1a: Klefki\n|-damage|p1a: Klefki|19\/100\n|-heal|p2b: Ceruledge|83\/100 par|[from] drain|[of] p1a: Klefki\n|move|p1a: Klefki|Steel Beam|p2b: Ceruledge\n|-supereffective|p2b: Ceruledge\n|-damage|p2b: Ceruledge|0 fnt\n|-damage|p1a: Klefki|0 fnt|[from] steelbeam\n|faint|p1a: Klefki\n|faint|p2b: Ceruledge\n|\n|-damage|p1b: Roaring Moon|14\/100 brn|[from] brn\n|-sideend|p2: littletimmytommy|move: Tailwind\n|upkeep\n|\n|t:|1682543902\n|switch|p2b: Talonflame|Talonflame, L50, F|35\/100\n|switch|p1a: Iron Valiant|Iron Valiant, L50|100\/100\n|turn|5\n|\n|t:|1682543914\n|-terastallize|p1a: Iron Valiant|Fairy\n|cant|p2a: Palafin|par\n|move|p1b: Roaring Moon|Scale Shot|p2b: Talonflame\n|-damage|p2b: Talonflame|24\/100\n|-damage|p2b: Talonflame|14\/100\n|-damage|p2b: Talonflame|4\/100\n|-damage|p2b: Talonflame|0 fnt\n|faint|p2b: Talonflame\n|-hitcount|p2: Talonflame|4\n|-unboost|p1b: Roaring Moon|def|1\n|-boost|p1b: Roaring Moon|spe|1\n|move|p1a: Iron Valiant|Energy Ball|p2a: Palafin\n|-supereffective|p2a: Palafin\n|-damage|p2a: Palafin|2\/100 par\n|\n|-damage|p1b: Roaring Moon|8\/100 brn|[from] brn\n|upkeep\n|\n|t:|1682543930\n|switch|p2b: Meowscarada|Meowscarada, L50, M|100\/100\n|turn|6\n|\n|t:|1682543938\n|cant|p2a: Palafin|par\n|move|p1b: Roaring Moon|Scale Shot|p2a: Palafin|[miss]\n|-miss|p1b: Roaring Moon|p2a: Palafin\n|move|p2b: Meowscarada|Flower Trick|p1a: Iron Valiant\n|-crit|p1a: Iron Valiant\n|-damage|p1a: Iron Valiant|36\/100\n|move|p1a: Iron Valiant|Aura Sphere|p2b: Meowscarada\n|-supereffective|p2b: Meowscarada\n|-damage|p2b: Meowscarada|8\/100\n|\n|-damage|p1b: Roaring Moon|2\/100 brn|[from] brn\n|-sideend|p1: tarkus474|Reflect\n|upkeep\n|turn|7\n|\n|t:|1682543968\n|move|p2a: Palafin|Jet Punch|p1b: Roaring Moon\n|-resisted|p1b: Roaring Moon\n|-damage|p1b: Roaring Moon|0 fnt\n|faint|p1b: Roaring Moon\n|-end|p1b: Roaring Moon|Protosynthesis|[silent]\n|move|p2b: Meowscarada|Flower Trick|p1a: Iron Valiant\n|-crit|p1a: Iron Valiant\n|-damage|p1a: Iron Valiant|0 fnt\n|faint|p1a: Iron Valiant\n|-end|p1a: Iron Valiant|Quark Drive|[silent]\n|\n|upkeep\n|\n|t:|1682543978\n|switch|p1b: Ting-Lu|Ting-Lu, L50|100\/100\n|-ability|p1b: Ting-Lu|Vessel of Ruin\n|turn|8\n|\n|t:|1682543987\n|move|p2b: Meowscarada|Flower Trick|p1b: Ting-Lu\n|-supereffective|p1b: Ting-Lu\n|-crit|p1b: Ting-Lu\n|-damage|p1b: Ting-Lu|20\/100\n|move|p1b: Ting-Lu|Stomping Tantrum|p2a: Palafin\n|-damage|p2a: Palafin|0 fnt\n|faint|p2a: Palafin\n|\n|upkeep\n|turn|9\n|\n|t:|1682543997\n|move|p1b: Ting-Lu|Protect|p1b: Ting-Lu\n|-singleturn|p1b: Ting-Lu|Protect\n|move|p2b: Meowscarada|Flower Trick|p1b: Ting-Lu\n|-activate|p1b: Ting-Lu|move: Protect\n|\n|upkeep\n|turn|10\n|\n|t:|1682544004\n|move|p2b: Meowscarada|Flower Trick|p1b: Ting-Lu\n|-supereffective|p1b: Ting-Lu\n|-crit|p1b: Ting-Lu\n|-damage|p1b: Ting-Lu|0 fnt\n|faint|p1b: Ting-Lu\n|\n|win|littletimmytommy\n|raw|tarkus474's rating: 1111 → 1080<\/strong> (-31 for losing)\n|raw|littletimmytommy's rating: 1019 → 1066<\/strong> (+47 for winning)\n|l|\u2606tarkus474\n","uploadtime":1682544015,"views":10,"p1id":"tarkus474","p2id":"littletimmytommy","formatid":"gen9vgc2023regulationc","rating":1066,"private":0,"password":""}