{"id":"gen9vgc2023regulationc-1860088021","p1":"CAUSEIMJP","p2":"shanaha","format":"[Gen 9] VGC 2023 Regulation C","log":"|j|\u2606CAUSEIMJP\n|j|\u2606shanaha\n|t:|1683593777\n|gametype|doubles\n|player|p1|CAUSEIMJP|102|1134\n|player|p2|shanaha|1|1034\n|teamsize|p1|6\n|teamsize|p2|6\n|gen|9\n|tier|[Gen 9] VGC 2023 Regulation C\n|rated|\n|rule|Species Clause: Limit one of each Pok\u00e9mon\n|rule|Item Clause: Limit one of each item\n|clearpoke\n|poke|p1|Chi-Yu, L50|\n|poke|p1|Dachsbun, L50, F|\n|poke|p1|Scizor, L50, F|\n|poke|p1|Garchomp, L50, M|\n|poke|p1|Corviknight, L50, F|\n|poke|p1|Ceruledge, L50, F|\n|poke|p2|Azumarill, L50, F|\n|poke|p2|Flamigo, L50, F|\n|poke|p2|Sableye, L50, F|\n|poke|p2|Chien-Pao, L50|\n|poke|p2|Indeedee-F, L50, F|\n|poke|p2|Zoroark, L50, M|\n|teampreview|4\n|\n|t:|1683593804\n|start\n|switch|p1a: Chi-Yu|Chi-Yu, L50|100\/100\n|switch|p1b: Dachsbun|Dachsbun, L50, F|100\/100\n|switch|p2a: Azumarill|Azumarill, L50, F|100\/100\n|switch|p2b: Indeedee|Indeedee-F, L50, F|100\/100\n|-ability|p1a: Chi-Yu|Beads of Ruin\n|turn|1\n|inactive|Battle timer is ON: inactive players will automatically lose when time's up. (requested by CAUSEIMJP)\n|\n|t:|1683593825\n|move|p2b: Indeedee|Fake Out|p1a: Chi-Yu\n|-damage|p1a: Chi-Yu|88\/100\n|cant|p1a: Chi-Yu|flinch\n|move|p1b: Dachsbun|Charm|p2a: Azumarill\n|-unboost|p2a: Azumarill|atk|2\n|move|p2a: Azumarill|Belly Drum|p2a: Azumarill\n|-damage|p2a: Azumarill|50\/100\n|-setboost|p2a: Azumarill|atk|6|[from] move: Belly Drum\n|-enditem|p2a: Azumarill|Sitrus Berry|[eat]\n|-heal|p2a: Azumarill|75\/100|[from] item: Sitrus Berry\n|\n|upkeep\n|turn|2\n|\n|t:|1683593850\n|move|p2b: Indeedee|Follow Me|p2b: Indeedee\n|-singleturn|p2b: Indeedee|move: Follow Me\n|move|p2a: Azumarill|Aqua Jet|p1a: Chi-Yu\n|-supereffective|p1a: Chi-Yu\n|-damage|p1a: Chi-Yu|0 fnt\n|faint|p1a: Chi-Yu\n|move|p1b: Dachsbun|Charm|p2b: Indeedee\n|-unboost|p2b: Indeedee|atk|2\n|\n|upkeep\n|\n|t:|1683593855\n|switch|p1a: Garchomp|Garchomp, L50, M|100\/100\n|turn|3\n|\n|t:|1683593869\n|move|p2b: Indeedee|Follow Me|p2b: Indeedee\n|-singleturn|p2b: Indeedee|move: Follow Me\n|move|p2a: Azumarill|Aqua Jet|p1a: Garchomp\n|-damage|p1a: Garchomp|33\/100\n|-damage|p2a: Azumarill|63\/100|[from] ability: Rough Skin|[of] p1a: Garchomp\n|move|p1a: Garchomp|Rock Slide|p2a: Azumarill|[spread] p2a,p2b\n|-damage|p2a: Azumarill|41\/100\n|-damage|p2b: Indeedee|75\/100\n|move|p1b: Dachsbun|Body Press|p2b: Indeedee\n|-crit|p2b: Indeedee\n|-damage|p2b: Indeedee|26\/100\n|\n|upkeep\n|turn|4\n|inactive|shanaha has 30 seconds left.\n|\n|t:|1683593901\n|move|p2a: Azumarill|Protect|p2a: Azumarill\n|-singleturn|p2a: Azumarill|Protect\n|move|p2b: Indeedee|Follow Me|p2b: Indeedee\n|-singleturn|p2b: Indeedee|move: Follow Me\n|move|p1a: Garchomp|Rock Slide|p2b: Indeedee|[spread] p2b\n|-activate|p2a: Azumarill|move: Protect\n|-damage|p2b: Indeedee|0 fnt\n|faint|p2b: Indeedee\n|move|p1b: Dachsbun|Body Press|p2a: Azumarill\n|-activate|p2a: Azumarill|move: Protect\n|\n|upkeep\n|\n|t:|1683593912\n|switch|p2b: Flamigo|Flamigo, L50, F|100\/100\n|-copyboost|p2b: Flamigo|p2a: Azumarill|[from] ability: Costar\n|turn|5\n|\n|t:|1683593926\n|move|p2b: Flamigo|Feint|p1b: Dachsbun\n|-damage|p1b: Dachsbun|52\/100\n|move|p2a: Azumarill|Aqua Jet|p1a: Garchomp\n|-damage|p1a: Garchomp|0 fnt\n|-damage|p2a: Azumarill|29\/100|[from] ability: Rough Skin|[of] p1a: Garchomp\n|faint|p1a: Garchomp\n|move|p1b: Dachsbun|Play Rough|p2b: Flamigo\n|-supereffective|p2b: Flamigo\n|-damage|p2b: Flamigo|17\/100\n|\n|-heal|p1b: Dachsbun|58\/100|[from] item: Leftovers\n|upkeep\n|\n|t:|1683593935\n|switch|p1a: Ceruledge|Ceruledge, L50, F|100\/100\n|turn|6\n|\n|t:|1683593947\n|-terastallize|p1a: Ceruledge|Grass\n|move|p2b: Flamigo|Feint|p1b: Dachsbun\n|-damage|p1b: Dachsbun|2\/100\n|move|p2a: Azumarill|Aqua Jet|p1a: Ceruledge\n|-resisted|p1a: Ceruledge\n|-damage|p1a: Ceruledge|65\/100\n|move|p1b: Dachsbun|Play Rough|p2b: Flamigo\n|-supereffective|p2b: Flamigo\n|-damage|p2b: Flamigo|0 fnt\n|faint|p2b: Flamigo\n|move|p1a: Ceruledge|Bulk Up|p1a: Ceruledge\n|-boost|p1a: Ceruledge|atk|1\n|-boost|p1a: Ceruledge|def|1\n|\n|-heal|p1b: Dachsbun|8\/100|[from] item: Leftovers\n|upkeep\n|\n|t:|1683593963\n|switch|p2b: Chien-Pao|Chien-Pao, L50|100\/100\n|-ability|p2b: Chien-Pao|Sword of Ruin\n|turn|7\n|\n|t:|1683593976\n|move|p2b: Chien-Pao|Protect|p2b: Chien-Pao\n|-singleturn|p2b: Chien-Pao|Protect\n|move|p1b: Dachsbun|Protect|p1b: Dachsbun\n|-singleturn|p1b: Dachsbun|Protect\n|move|p1a: Ceruledge|Protect|p1a: Ceruledge\n|-singleturn|p1a: Ceruledge|Protect\n|move|p2a: Azumarill|Protect||[still]\n|-fail|p2a: Azumarill\n|\n|-heal|p1b: Dachsbun|14\/100|[from] item: Leftovers\n|upkeep\n|turn|8\n|\n|t:|1683593992\n|move|p2a: Azumarill|Aqua Jet|p1b: Dachsbun\n|-damage|p1b: Dachsbun|0 fnt\n|faint|p1b: Dachsbun\n|move|p2b: Chien-Pao|Ice Spinner|p1a: Ceruledge\n|-supereffective|p1a: Ceruledge\n|-crit|p1a: Ceruledge\n|-damage|p1a: Ceruledge|0 fnt\n|faint|p1a: Ceruledge\n|\n|win|shanaha\n|raw|CAUSEIMJP's rating: 1134 → 1102<\/strong> (-32 for losing)\n|raw|shanaha's rating: 1034 → 1079<\/strong> (+45 for winning)\n|l|\u2606CAUSEIMJP\n","uploadtime":1683594003,"views":9,"p1id":"causeimjp","p2id":"shanaha","formatid":"gen9vgc2023regulationc","rating":1079,"private":0,"password":""}