{"id":"gen9vgc2023regulationc-1858984321","p1":"valiiiiii","p2":"littensalt","format":"[Gen 9] VGC 2023 Regulation C","log":"|j|\u2606valiiiiii\n|j|\u2606littensalt\n|t:|1683390975\n|gametype|doubles\n|player|p1|valiiiiii|101|1111\n|player|p2|littensalt|hugh|1036\n|teamsize|p1|6\n|teamsize|p2|6\n|gen|9\n|tier|[Gen 9] VGC 2023 Regulation C\n|rated|\n|rule|Species Clause: Limit one of each Pok\u00e9mon\n|rule|Item Clause: Limit one of each item\n|clearpoke\n|poke|p1|Bronzong, L50|\n|poke|p1|Flapple, L50, F|\n|poke|p1|Farigiraf, L50, M|\n|poke|p1|Ting-Lu, L50|\n|poke|p1|Gyarados, L50, M|\n|poke|p1|Ceruledge, L50, F|\n|poke|p2|Amoonguss, L50, F|\n|poke|p2|Palafin, L50, M|\n|poke|p2|Arcanine, L50, M|\n|poke|p2|Ting-Lu, L50|\n|poke|p2|Murkrow, L50, M|\n|poke|p2|Great Tusk, L50|\n|teampreview|4\nvaliiiiii rejected open team sheets.\n|inactive|Battle timer is ON: inactive players will automatically lose when time's up. (requested by valiiiiii)\n|inactive|littensalt has 60 seconds left.\n|inactive|valiiiiii has 60 seconds left.\n|\n|t:|1683391027\n|start\n|switch|p1a: Bronzong|Bronzong, L50|100\/100\n|switch|p1b: Flapple|Flapple, L50, F|100\/100\n|switch|p2a: Amoonguss|Amoonguss, L50, F, shiny|100\/100\n|switch|p2b: Palafin|Palafin, L50, M|100\/100\n|turn|1\n|inactive|littensalt has 30 seconds left.\n|inactive|littensalt has 20 seconds left.\n|\n|t:|1683391064\n|move|p2b: Palafin|Flip Turn|p1b: Flapple\n|-resisted|p1b: Flapple\n|-damage|p1b: Flapple|93\/100\n|\n|t:|1683391067\n|detailschange|p2b: Palafin|Palafin-Hero, L50, M\n|switch|p2b: Arcanine|Arcanine, L50, M|100\/100|[from] Flip Turn\n|-ability|p2b: Arcanine|Intimidate|boost\n|-unboost|p1a: Bronzong|atk|1\n|-unboost|p1b: Flapple|atk|1\n|move|p1b: Flapple|Acrobatics|p2a: Amoonguss\n|-supereffective|p2a: Amoonguss\n|-damage|p2a: Amoonguss|74\/100\n|move|p2a: Amoonguss|Pollen Puff|p1b: Flapple\n|-supereffective|p1b: Flapple\n|-damage|p1b: Flapple|19\/100\n|-activate|p1b: Flapple|ability: Ripen\n|-enditem|p1b: Flapple|Liechi Berry|[eat]\n|-boost|p1b: Flapple|atk|2|[from] item: Liechi Berry\n|move|p1a: Bronzong|Trick Room|p1a: Bronzong\n|-fieldstart|move: Trick Room|[of] p1a: Bronzong\n|\n|upkeep\n|turn|2\n|inactive|valiiiiii has 30 seconds left.\n|inactive|littensalt has 30 seconds left.\n|inactive|valiiiiii has 20 seconds left.\n|inactive|valiiiiii has 15 seconds left.\n|inactive|valiiiiii has 10 seconds left.\n|\n|t:|1683391113\n|move|p1b: Flapple|Endure|p1b: Flapple\n|-singleturn|p1b: Flapple|move: Endure\n|move|p1a: Bronzong|Gravity|p1a: Bronzong\n|-fieldstart|move: Gravity\n|move|p2a: Amoonguss|Pollen Puff|p1b: Flapple\n|-supereffective|p1b: Flapple\n|-activate|p1b: Flapple|move: Endure\n|-damage|p1b: Flapple|1\/100\n|move|p2b: Arcanine|Snarl|p1a: Bronzong|[spread] p1a,p1b\n|-supereffective|p1a: Bronzong\n|-damage|p1a: Bronzong|88\/100\n|-activate|p1b: Flapple|move: Endure\n|-damage|p1b: Flapple|1\/100\n|-unboost|p1a: Bronzong|spa|1\n|-unboost|p1b: Flapple|spa|1\n|\n|upkeep\n|turn|3\n|inactive|valiiiiii has 30 seconds left.\n|inactive|littensalt has 30 seconds left.\n|\n|t:|1683391143\n|move|p1a: Bronzong|Hypnosis|p2a: Amoonguss\n|-status|p2a: Amoonguss|slp|[from] move: Hypnosis\n|cant|p2a: Amoonguss|slp\n|move|p1b: Flapple|Acrobatics|p2b: Arcanine\n|-damage|p2b: Arcanine|17\/100\n|move|p2b: Arcanine|Snarl|p1b: Flapple|[spread] p1a,p1b\n|-supereffective|p1a: Bronzong\n|-damage|p1a: Bronzong|75\/100\n|-damage|p1b: Flapple|0 fnt\n|-unboost|p1a: Bronzong|spa|1\n|faint|p1b: Flapple\n|\n|upkeep\n|\n|t:|1683391159\n|switch|p1b: Gyarados|Gyarados, L50, M|100\/100\n|-ability|p1b: Gyarados|Intimidate|boost\n|-unboost|p2a: Amoonguss|atk|1\n|-unboost|p2b: Arcanine|atk|1\n|turn|4\n|\n|t:|1683391184\n|move|p1a: Bronzong|Hypnosis|p2b: Arcanine\n|-status|p2b: Arcanine|slp|[from] move: Hypnosis\n|-curestatus|p2a: Amoonguss|slp|[msg]\n|move|p2a: Amoonguss|Giga Drain|p1b: Gyarados\n|-damage|p1b: Gyarados|79\/100\n|-heal|p2a: Amoonguss|84\/100|[from] drain|[of] p1b: Gyarados\n|move|p1b: Gyarados|Taunt|p2a: Amoonguss\n|-start|p2a: Amoonguss|move: Taunt\n|cant|p2b: Arcanine|slp\n|\n|upkeep\n|turn|5\n|\n|t:|1683391199\n|move|p1a: Bronzong|Hypnosis|p2a: Amoonguss\n|-status|p2a: Amoonguss|slp|[from] move: Hypnosis\n|cant|p2a: Amoonguss|slp\n|move|p1b: Gyarados|Waterfall|p2b: Arcanine\n|-supereffective|p2b: Arcanine\n|-damage|p2b: Arcanine|0 fnt\n|faint|p2b: Arcanine\n|\n|-fieldend|move: Trick Room\n|upkeep\n|\n|t:|1683391210\n|switch|p2b: Palafin|Palafin-Hero, L50, M|100\/100\n|-activate|p2b: Palafin|ability: Zero to Hero\n|turn|6\n|\n|t:|1683391222\n|-terastallize|p2b: Palafin|Water\n|move|p1b: Gyarados|Protect|p1b: Gyarados\n|-singleturn|p1b: Gyarados|Protect\n|move|p2b: Palafin|Wave Crash|p1a: Bronzong\n|-damage|p1a: Bronzong|0 fnt\n|faint|p1a: Bronzong\n|-damage|p2b: Palafin|76\/100|[from] Recoil\n|cant|p2a: Amoonguss|slp\n|\n|-fieldend|move: Gravity\n|upkeep\n|\n|t:|1683391232\n|switch|p1a: Ceruledge|Ceruledge, L50, F|100\/100\n|turn|7\n|\n|t:|1683391243\n|-terastallize|p1a: Ceruledge|Grass\n|move|p2b: Palafin|Wave Crash|p1a: Ceruledge\n|-resisted|p1a: Ceruledge\n|-damage|p1a: Ceruledge|34\/100\n|-damage|p2b: Palafin|53\/100|[from] Recoil\n|move|p1a: Ceruledge|Bulk Up|p1a: Ceruledge\n|-boost|p1a: Ceruledge|atk|1\n|-boost|p1a: Ceruledge|def|1\n|move|p1b: Gyarados|Thunder Wave|p2b: Palafin\n|-status|p2b: Palafin|par\n|cant|p2a: Amoonguss|slp\n|\n|-end|p2a: Amoonguss|move: Taunt\n|upkeep\n|turn|8\n|inactive|valiiiiii has 30 seconds left.\n|inactive|valiiiiii has 20 seconds left.\n|\n|t:|1683391282\n|move|p1a: Ceruledge|Bitter Blade|p2a: Amoonguss\n|-supereffective|p2a: Amoonguss\n|-damage|p2a: Amoonguss|0 fnt\n|-heal|p1a: Ceruledge|85\/100|[from] drain|[of] p2a: Amoonguss\n|faint|p2a: Amoonguss\n|move|p1b: Gyarados|Waterfall|p2b: Palafin\n|-resisted|p2b: Palafin\n|-damage|p2b: Palafin|36\/100 par\n|move|p2b: Palafin|Wave Crash|p1a: Ceruledge\n|-resisted|p1a: Ceruledge\n|-damage|p1a: Ceruledge|37\/100\n|-damage|p2b: Palafin|19\/100 par|[from] Recoil\n|\n|upkeep\n|\n|t:|1683391285\n|switch|p2a: Great Tusk|Great Tusk, L50|100\/100\n|turn|9\n|\n|t:|1683391299\n|move|p2b: Palafin|Protect|p2b: Palafin\n|-singleturn|p2b: Palafin|Protect\n|move|p1a: Ceruledge|Shadow Sneak|p2b: Palafin\n|-activate|p2b: Palafin|move: Protect\n|move|p2a: Great Tusk|Ice Spinner|p1a: Ceruledge\n|-supereffective|p1a: Ceruledge\n|-damage|p1a: Ceruledge|0 fnt\n|faint|p1a: Ceruledge\n|-damage|p2a: Great Tusk|90\/100|[from] item: Life Orb\n|move|p1b: Gyarados|Waterfall|p2a: Great Tusk\n|-supereffective|p2a: Great Tusk\n|-damage|p2a: Great Tusk|37\/100\n|\n|upkeep\n|turn|10\n|\n|t:|1683391315\n|move|p1b: Gyarados|Protect|p1b: Gyarados\n|-singleturn|p1b: Gyarados|Protect\n|move|p2a: Great Tusk|Ice Spinner|p1b: Gyarados\n|-activate|p1b: Gyarados|move: Protect\n|cant|p2b: Palafin|par\n|\n|upkeep\n|turn|11\n|\n|t:|1683391323\n|move|p2a: Great Tusk|Ice Spinner|p1b: Gyarados\n|-damage|p1b: Gyarados|41\/100\n|-damage|p2a: Great Tusk|27\/100|[from] item: Life Orb\n|move|p1b: Gyarados|Waterfall|p2a: Great Tusk\n|-supereffective|p2a: Great Tusk\n|-damage|p2a: Great Tusk|0 fnt\n|faint|p2a: Great Tusk\n|-end|p2a: Great Tusk|Protosynthesis|[silent]\n|cant|p2b: Palafin|par\n|\n|upkeep\n|turn|12\n|\n|t:|1683391333\n|move|p1b: Gyarados|Waterfall|p2b: Palafin\n|-resisted|p2b: Palafin\n|-damage|p2b: Palafin|0 fnt\n|faint|p2b: Palafin\n|\n|win|valiiiiii\n|raw|valiiiiii's rating: 1111 → 1131<\/strong> (+20 for winning)\n|raw|littensalt's rating: 1036 → 1024<\/strong> (-12 for losing)\n|l|\u2606valiiiiii\n","uploadtime":1683391337,"views":9,"p1id":"valiiiiii","p2id":"littensalt","formatid":"gen9vgc2023regulationc","rating":1024,"private":0,"password":""}