{"id":"gen9vgc2023regulationc-1858823122","p1":"DuskDevoir","p2":"DNDS","format":"[Gen 9] VGC 2023 Regulation C","log":"|j|\u2606DuskDevoir\n|j|\u2606DNDS\n|t:|1683368296\n|gametype|doubles\n|player|p1|DuskDevoir|bellelba|1123\n|player|p2|DNDS|ghetsis|1110\n|teamsize|p1|6\n|teamsize|p2|6\n|gen|9\n|tier|[Gen 9] VGC 2023 Regulation C\n|rated|\n|rule|Species Clause: Limit one of each Pok\u00e9mon\n|rule|Item Clause: Limit one of each item\n|clearpoke\n|poke|p1|Flutter Mane, L50|\n|poke|p1|Abomasnow, L50, M|\n|poke|p1|Murkrow, L50, F|\n|poke|p1|Tauros-Paldea-Blaze, L50, M|\n|poke|p1|Florges, L50, F|\n|poke|p1|Wo-Chien, L50|\n|poke|p2|Iron Bundle, L50|\n|poke|p2|Glalie, L50, F|\n|poke|p2|Slowking, L50, M|\n|poke|p2|Glimmora, L50, M|\n|poke|p2|Abomasnow, L50, F|\n|poke|p2|Froslass, L50, F|\n|teampreview|4\n|inactive|Battle timer is ON: inactive players will automatically lose when time's up. (requested by DNDS)\n|\n|t:|1683368364\n|start\n|switch|p1a: Murkrow|Murkrow, L50, F|100\/100\n|switch|p1b: Abomasnow|Abomasnow, L50, M, shiny|100\/100\n|switch|p2a: Iron Bundle|Iron Bundle, L50|100\/100\n|switch|p2b: Glalie|Glalie, L50, F|100\/100\n|-weather|Snow|[from] ability: Snow Warning|[of] p1b: Abomasnow\n|-enditem|p2a: Iron Bundle|Booster Energy\n|-activate|p2a: Iron Bundle|ability: Quark Drive|[fromitem]\n|-start|p2a: Iron Bundle|quarkdrivespe\n|turn|1\n|inactive|DuskDevoir has 30 seconds left.\n|\n|t:|1683368391\n|move|p2a: Iron Bundle|Protect|p2a: Iron Bundle\n|-singleturn|p2a: Iron Bundle|Protect\n|move|p1a: Murkrow|Taunt|p2a: Iron Bundle\n|-activate|p2a: Iron Bundle|move: Protect\n|move|p2b: Glalie|Substitute|p2b: Glalie\n|-start|p2b: Glalie|Substitute\n|-damage|p2b: Glalie|76\/100\n|move|p1b: Abomasnow|Aurora Veil|p1b: Abomasnow\n|-sidestart|p1: DuskDevoir|move: Aurora Veil\n|\n|-weather|Snow|[upkeep]\n|-heal|p2b: Glalie|82\/100|[from] item: Leftovers\n|-ability|p2b: Glalie|Moody|boost\n|-boost|p2b: Glalie|def|2\n|-unboost|p2b: Glalie|spa|1\n|upkeep\n|turn|2\n|inactive|DNDS has 30 seconds left.\n|inactive|DuskDevoir has 30 seconds left.\n|inactive|DuskDevoir has 20 seconds left.\n|\n|t:|1683368436\n|switch|p1a: Wo-Chien|Wo-Chien, L50|100\/100\n|-ability|p1a: Wo-Chien|Tablets of Ruin\n|move|p2a: Iron Bundle|Encore|p1b: Abomasnow\n|-start|p1b: Abomasnow|Encore\n|move|p2b: Glalie|Freeze-Dry|p1a: Wo-Chien\n|-supereffective|p1a: Wo-Chien\n|-crit|p1a: Wo-Chien\n|-damage|p1a: Wo-Chien|52\/100\n|-enditem|p1a: Wo-Chien|Weakness Policy\n|-boost|p1a: Wo-Chien|atk|2|[from] item: Weakness Policy\n|-boost|p1a: Wo-Chien|spa|2|[from] item: Weakness Policy\n|move|p1b: Abomasnow|Aurora Veil||[still]\n|-fail|p1b: Abomasnow\n|\n|-weather|Snow|[upkeep]\n|-heal|p2b: Glalie|88\/100|[from] item: Leftovers\n|-ability|p2b: Glalie|Moody|boost\n|-boost|p2b: Glalie|atk|2\n|-unboost|p2b: Glalie|spd|1\n|upkeep\n|turn|3\n|\n|t:|1683368460\n|switch|p1b: Murkrow|Murkrow, L50, F|100\/100\n|-terastallize|p1a: Wo-Chien|Water\n|move|p2a: Iron Bundle|Protect|p2a: Iron Bundle\n|-singleturn|p2a: Iron Bundle|Protect\n|move|p2b: Glalie|Protect|p2b: Glalie\n|-singleturn|p2b: Glalie|Protect\n|move|p1a: Wo-Chien|Snarl|p2a: Iron Bundle|[spread] \n|-activate|p2a: Iron Bundle|move: Protect\n|-activate|p2b: Glalie|move: Protect\n|\n|-weather|Snow|[upkeep]\n|-heal|p2b: Glalie|94\/100|[from] item: Leftovers\n|-ability|p2b: Glalie|Moody|boost\n|-boost|p2b: Glalie|atk|2\n|-unboost|p2b: Glalie|spa|1\n|upkeep\n|turn|4\n|inactive|DNDS has 30 seconds left.\n|inactive|DNDS has 20 seconds left.\n|\n|t:|1683368496\n|-end|p2a: Iron Bundle|Quark Drive|[silent]\n|switch|p2a: Abomasnow|Abomasnow, L50, F|100\/100\n|move|p1b: Murkrow|Taunt|p2a: Abomasnow\n|-start|p2a: Abomasnow|move: Taunt\n|move|p2b: Glalie|Disable|p1a: Wo-Chien\n|-start|p1a: Wo-Chien|Disable|Snarl\n|cant|p1a: Wo-Chien|Disable|Snarl\n|\n|-weather|Snow|[upkeep]\n|-heal|p2b: Glalie|99\/100|[from] item: Leftovers\n|-ability|p2b: Glalie|Moody|boost\n|-boost|p2b: Glalie|atk|2\n|-unboost|p2b: Glalie|spa|1\n|upkeep\n|turn|5\n|inactive|DuskDevoir has 30 seconds left.\n|\n|t:|1683368522\n|switch|p1b: Florges|Florges, L50, F, shiny|100\/100\n|move|p2b: Glalie|Protect|p2b: Glalie\n|-singleturn|p2b: Glalie|Protect\n|move|p1a: Wo-Chien|Pollen Puff|p2a: Abomasnow\n|-supereffective|p2a: Abomasnow\n|-enditem|p2a: Abomasnow|Focus Sash\n|-damage|p2a: Abomasnow|1\/100\n|move|p2a: Abomasnow|Blizzard|p1a: Wo-Chien|[spread] p1a,p1b\n|-resisted|p1a: Wo-Chien\n|-damage|p1a: Wo-Chien|43\/100\n|-damage|p1b: Florges|84\/100\n|\n|-weather|none\n|-heal|p2b: Glalie|100\/100|[from] item: Leftovers\n|-ability|p2b: Glalie|Moody|boost\n|-boost|p2b: Glalie|spd|2\n|-unboost|p2b: Glalie|spa|1\n|upkeep\n|turn|6\n|inactive|DuskDevoir has 30 seconds left.\n|inactive|DNDS has 30 seconds left.\n|inactive|DNDS has 20 seconds left.\n|\n|t:|1683368562\n|move|p2a: Abomasnow|Ice Shard|p1b: Florges\n|-damage|p1b: Florges|76\/100\n|move|p2b: Glalie|Substitute|p2b: Glalie\n|-fail|p2b: Glalie|move: Substitute\n|move|p1b: Florges|Pollen Puff|p1a: Wo-Chien\n|-heal|p1a: Wo-Chien|92\/100\n|move|p1a: Wo-Chien|Pollen Puff|p2a: Abomasnow\n|-supereffective|p2a: Abomasnow\n|-damage|p2a: Abomasnow|0 fnt\n|faint|p2a: Abomasnow\n|\n|-ability|p2b: Glalie|Moody|boost\n|-boost|p2b: Glalie|spe|2\n|-unboost|p2b: Glalie|spd|1\n|upkeep\n|\n|t:|1683368574\n|switch|p2a: Glimmora|Glimmora, L50, M, shiny|100\/100\n|-item|p2a: Glimmora|Air Balloon\n|turn|7\n|\n|t:|1683368593\n|move|p2b: Glalie|Disable|p1b: Florges\n|-start|p1b: Florges|Disable|Pollen Puff\n|move|p2a: Glimmora|Mortal Spin|p1b: Florges|[spread] p1a,p1b\n|-supereffective|p1b: Florges\n|-damage|p1a: Wo-Chien|91\/100\n|-damage|p1b: Florges|71\/100\n|-status|p1a: Wo-Chien|psn\n|-status|p1b: Florges|psn\n|move|p1b: Florges|Misty Terrain|p1b: Florges\n|-fieldstart|move: Misty Terrain\n|move|p1a: Wo-Chien|Tera Blast|p2b: Glalie\n|-end|p2b: Glalie|Substitute\n|\n|-damage|p1b: Florges|59\/100 psn|[from] psn\n|-damage|p1a: Wo-Chien|79\/100 psn|[from] psn\n|-end|p1a: Wo-Chien|Disable\n|-ability|p2b: Glalie|Moody|boost\n|-boost|p2b: Glalie|spd|2\n|-unboost|p2b: Glalie|spe|1\n|upkeep\n|turn|8\n|inactive|DuskDevoir has 30 seconds left.\n|\n|t:|1683368619\n|switch|p1b: Murkrow|Murkrow, L50, F|100\/100\n|move|p2b: Glalie|Disable|p1a: Wo-Chien\n|-start|p1a: Wo-Chien|Disable|Tera Blast\n|move|p2a: Glimmora|Stealth Rock|p1a: Wo-Chien\n|-sidestart|p1: DuskDevoir|move: Stealth Rock\n|cant|p1a: Wo-Chien|Disable|Tera Blast\n|\n|-damage|p1a: Wo-Chien|66\/100 psn|[from] psn\n|-sideend|p1: DuskDevoir|move: Aurora Veil\n|-ability|p2b: Glalie|Moody|boost\n|-boost|p2b: Glalie|spd|2\n|-unboost|p2b: Glalie|def|1\n|upkeep\n|turn|9\n|inactive|DuskDevoir has 30 seconds left.\n|\n|t:|1683368646\n|move|p1b: Murkrow|Protect|p1b: Murkrow\n|-singleturn|p1b: Murkrow|Protect\n|move|p2b: Glalie|Protect|p2b: Glalie\n|-singleturn|p2b: Glalie|Protect\n|move|p2a: Glimmora|Power Gem|p1b: Murkrow\n|-activate|p1b: Murkrow|move: Protect\n|move|p1a: Wo-Chien|Snarl|p2a: Glimmora|[spread] p2a\n|-activate|p2b: Glalie|move: Protect\n|-damage|p2a: Glimmora|60\/100\n|-unboost|p2a: Glimmora|spa|1\n|-enditem|p2a: Glimmora|Air Balloon\n|\n|-damage|p1a: Wo-Chien|54\/100 psn|[from] psn\n|-ability|p2b: Glalie|Moody|boost\n|-boost|p2b: Glalie|spe|2\n|-unboost|p2b: Glalie|atk|1\n|upkeep\n|turn|10\n|inactive|DuskDevoir has 30 seconds left.\n|\n|t:|1683368672\n|move|p1b: Murkrow|Taunt|p2b: Glalie\n|-start|p2b: Glalie|move: Taunt\n|move|p2b: Glalie|Freeze-Dry|p1a: Wo-Chien\n|-supereffective|p1a: Wo-Chien\n|-damage|p1a: Wo-Chien|43\/100 psn\n|move|p2a: Glimmora|Power Gem|p1b: Murkrow\n|-supereffective|p1b: Murkrow\n|-damage|p1b: Murkrow|54\/100\n|move|p1a: Wo-Chien|Giga Drain|p2a: Glimmora\n|-damage|p2a: Glimmora|0 fnt\n|-heal|p1a: Wo-Chien|76\/100 psn|[from] drain|[of] p2a: Glimmora\n|faint|p2a: Glimmora\n|\n|-damage|p1a: Wo-Chien|64\/100 psn|[from] psn\n|-ability|p2b: Glalie|Moody|boost\n|-boost|p2b: Glalie|spa|2\n|-unboost|p2b: Glalie|spd|1\n|upkeep\n|\n|t:|1683368684\n|switch|p2a: Iron Bundle|Iron Bundle, L50|100\/100\n|turn|11\n|\n|t:|1683368706\n|move|p2a: Iron Bundle|Protect|p2a: Iron Bundle\n|-singleturn|p2a: Iron Bundle|Protect\n|move|p1b: Murkrow|Quash|p2a: Iron Bundle\n|-activate|p2a: Iron Bundle|move: Protect\n|move|p2b: Glalie|Freeze-Dry|p1b: Murkrow\n|-supereffective|p1b: Murkrow\n|-damage|p1b: Murkrow|32\/100\n|move|p1a: Wo-Chien|Giga Drain|p2b: Glalie\n|-damage|p2b: Glalie|71\/100\n|-heal|p1a: Wo-Chien|80\/100 psn|[from] drain|[of] p2b: Glalie\n|\n|-heal|p2b: Glalie|77\/100|[from] item: Leftovers\n|-damage|p1a: Wo-Chien|68\/100 psn|[from] psn\n|-end|p1a: Wo-Chien|Disable\n|-fieldend|Misty Terrain\n|-ability|p2b: Glalie|Moody|boost\n|-boost|p2b: Glalie|spe|2\n|-unboost|p2b: Glalie|def|1\n|upkeep\n|turn|12\n|inactive|DNDS has 30 seconds left.\n|\n|t:|1683368734\n|move|p1b: Murkrow|Taunt|p2a: Iron Bundle\n|-start|p2a: Iron Bundle|move: Taunt\n|move|p2b: Glalie|Freeze-Dry|p1b: Murkrow\n|-supereffective|p1b: Murkrow\n|-damage|p1b: Murkrow|13\/100\n|move|p2a: Iron Bundle|Icy Wind|p1b: Murkrow|[spread] p1a,p1b\n|-resisted|p1a: Wo-Chien\n|-supereffective|p1b: Murkrow\n|-damage|p1a: Wo-Chien|60\/100 psn\n|-damage|p1b: Murkrow|0 fnt\n|-unboost|p1a: Wo-Chien|spe|1\n|faint|p1b: Murkrow\n|move|p1a: Wo-Chien|Giga Drain|p2a: Iron Bundle\n|-supereffective|p2a: Iron Bundle\n|-damage|p2a: Iron Bundle|0 fnt\n|-heal|p1a: Wo-Chien|100\/100 psn|[from] drain|[of] p2a: Iron Bundle\n|faint|p2a: Iron Bundle\n|-end|p2a: Iron Bundle|Quark Drive|[silent]\n|\n|-heal|p2b: Glalie|83\/100|[from] item: Leftovers\n|-damage|p1a: Wo-Chien|88\/100 psn|[from] psn\n|-end|p2b: Glalie|move: Taunt\n|-ability|p2b: Glalie|Moody|boost\n|-boost|p2b: Glalie|spa|2\n|-unboost|p2b: Glalie|spd|1\n|upkeep\n|inactive|DuskDevoir has 30 seconds left.\n|\n|t:|1683368762\n|switch|p1b: Florges|Florges, L50, F, shiny|59\/100 psn\n|-damage|p1b: Florges|46\/100 psn|[from] Stealth Rock\n|turn|13\n|\n|t:|1683368779\n|move|p2b: Glalie|Substitute|p2b: Glalie\n|-start|p2b: Glalie|Substitute\n|-damage|p2b: Glalie|58\/100\n|move|p1b: Florges|Dazzling Gleam|p2b: Glalie\n|-activate|p2b: Glalie|move: Substitute|[damage]\n|move|p1a: Wo-Chien|Pollen Puff|p1b: Florges\n|-heal|p1b: Florges|96\/100 psn\n|\n|-heal|p2b: Glalie|64\/100|[from] item: Leftovers\n|-damage|p1b: Florges|84\/100 psn|[from] psn\n|-damage|p1a: Wo-Chien|76\/100 psn|[from] psn\n|-ability|p2b: Glalie|Moody|boost\n|-boost|p2b: Glalie|spd|2\n|-unboost|p2b: Glalie|atk|1\n|upkeep\n|turn|14\n|\n|t:|1683368797\n|move|p2b: Glalie|Protect|p2b: Glalie\n|-singleturn|p2b: Glalie|Protect\n|move|p1b: Florges|Pollen Puff|p1a: Wo-Chien\n|-heal|p1a: Wo-Chien|100\/100 psn\n|move|p1a: Wo-Chien|Snarl|p2b: Glalie\n|-activate|p2b: Glalie|move: Protect\n|\n|-heal|p2b: Glalie|70\/100|[from] item: Leftovers\n|-damage|p1b: Florges|71\/100 psn|[from] psn\n|-damage|p1a: Wo-Chien|88\/100 psn|[from] psn\n|-ability|p2b: Glalie|Moody|boost\n|-boost|p2b: Glalie|spe|1\n|-unboost|p2b: Glalie|spa|1\n|upkeep\n|turn|15\n|\n|t:|1683368813\n|move|p2b: Glalie|Disable|p1b: Florges\n|-start|p1b: Florges|Disable|Pollen Puff\n|move|p1b: Florges|Dazzling Gleam|p2b: Glalie\n|-end|p2b: Glalie|Substitute\n|move|p1a: Wo-Chien|Giga Drain|p2b: Glalie\n|-damage|p2b: Glalie|44\/100\n|-heal|p1a: Wo-Chien|100\/100 psn|[from] drain|[of] p2b: Glalie\n|\n|-heal|p2b: Glalie|50\/100|[from] item: Leftovers\n|-damage|p1b: Florges|59\/100 psn|[from] psn\n|-damage|p1a: Wo-Chien|88\/100 psn|[from] psn\n|-ability|p2b: Glalie|Moody|boost\n|-boost|p2b: Glalie|spa|2\n|-unboost|p2b: Glalie|def|1\n|upkeep\n|turn|16\n|\n|t:|1683368833\n|move|p2b: Glalie|Substitute|p2b: Glalie\n|-start|p2b: Glalie|Substitute\n|-damage|p2b: Glalie|25\/100\n|move|p1b: Florges|Dazzling Gleam|p2b: Glalie\n|-activate|p2b: Glalie|move: Substitute|[damage]\n|move|p1a: Wo-Chien|Giga Drain|p2b: Glalie\n|-crit|p2b: Glalie\n|-end|p2b: Glalie|Substitute\n|-heal|p1a: Wo-Chien|95\/100 psn|[from] drain|[of] p2b: Glalie\n|\n|-heal|p2b: Glalie|31\/100|[from] item: Leftovers\n|-damage|p1b: Florges|46\/100 psn|[from] psn\n|-damage|p1a: Wo-Chien|83\/100 psn|[from] psn\n|-ability|p2b: Glalie|Moody|boost\n|-boost|p2b: Glalie|atk|2\n|-unboost|p2b: Glalie|def|1\n|upkeep\n|turn|17\n|\n|t:|1683368854\n|move|p2b: Glalie|Substitute|p2b: Glalie\n|-start|p2b: Glalie|Substitute\n|-damage|p2b: Glalie|6\/100\n|move|p1b: Florges|Dazzling Gleam|p2b: Glalie\n|-activate|p2b: Glalie|move: Substitute|[damage]\n|move|p1a: Wo-Chien|Giga Drain|p2b: Glalie\n|-end|p2b: Glalie|Substitute\n|-heal|p1a: Wo-Chien|91\/100 psn|[from] drain|[of] p2b: Glalie\n|\n|-heal|p2b: Glalie|12\/100|[from] item: Leftovers\n|-damage|p1b: Florges|34\/100 psn|[from] psn\n|-damage|p1a: Wo-Chien|79\/100 psn|[from] psn\n|-ability|p2b: Glalie|Moody|boost\n|-boost|p2b: Glalie|spd|2\n|-unboost|p2b: Glalie|spe|1\n|upkeep\n|turn|18\n|inactive|DuskDevoir has 30 seconds left.\n|\n|t:|1683368873\n|move|p2b: Glalie|Protect|p2b: Glalie\n|-singleturn|p2b: Glalie|Protect\n|move|p1b: Florges|Misty Terrain|p1b: Florges\n|-fieldstart|move: Misty Terrain\n|move|p1a: Wo-Chien|Pollen Puff|p1b: Florges\n|-heal|p1b: Florges|84\/100 psn\n|\n|-heal|p2b: Glalie|18\/100|[from] item: Leftovers\n|-damage|p1b: Florges|71\/100 psn|[from] psn\n|-damage|p1a: Wo-Chien|66\/100 psn|[from] psn\n|-end|p1b: Florges|Disable\n|-ability|p2b: Glalie|Moody|boost\n|-boost|p2b: Glalie|spe|1\n|-unboost|p2b: Glalie|atk|1\n|upkeep\n|turn|19\n|inactive|DuskDevoir has 30 seconds left this turn.\n|inactive|DuskDevoir has 20 seconds left.\n|inactive|DuskDevoir has 15 seconds left.\n|\n|t:|1683368890\n|move|p2b: Glalie|Freeze-Dry|p1a: Wo-Chien\n|-supereffective|p1a: Wo-Chien\n|-damage|p1a: Wo-Chien|18\/100 psn\n|move|p1b: Florges|Dazzling Gleam|p2b: Glalie\n|-damage|p2b: Glalie|9\/100\n|move|p1a: Wo-Chien|Snarl|p2b: Glalie\n|-damage|p2b: Glalie|0 fnt\n|faint|p2b: Glalie\n|\n|win|DuskDevoir\n|inactive|DuskDevoir has 15 seconds left this turn.\n|raw|DuskDevoir's rating: 1123 → 1147<\/strong> (+24 for winning)\n|raw|DNDS's rating: 1110 → 1086<\/strong> (-24 for losing)\n|l|\u2606DNDS\n","uploadtime":1683368902,"views":13,"p1id":"duskdevoir","p2id":"dnds","formatid":"gen9vgc2023regulationc","rating":1086,"private":0,"password":""}