{"id":"gen9vgc2023regulationc-1844985961","p1":"nosu09","p2":"TheKingMatthew","format":"[Gen 9] VGC 2023 Regulation C","log":"|j|\u2606nosu09\n|j|\u2606TheKingMatthew\n|t:|1681671112\n|gametype|doubles\n|player|p1|nosu09|n|1000\n|player|p2|TheKingMatthew|lucas|1041\n|teamsize|p1|6\n|teamsize|p2|6\n|gen|9\n|tier|[Gen 9] VGC 2023 Regulation C\n|rated|\n|rule|Species Clause: Limit one of each Pok\u00e9mon\n|rule|Item Clause: Limit one of each item\n|clearpoke\n|poke|p1|Ceruledge, L50, F|\n|poke|p1|Garchomp, L50, M|\n|poke|p1|Florges-White, L50, F|\n|poke|p1|Great Tusk, L50|\n|poke|p1|Corviknight, L50, M|\n|poke|p1|Gardevoir, L50, M|\n|poke|p2|Skeledirge, L50, M|\n|poke|p2|Kingambit, L50, M|\n|poke|p2|Tinkaton, L50, F|\n|poke|p2|Maushold, L50|\n|poke|p2|Palafin, L50, M|\n|poke|p2|Roaring Moon, L50|\n|teampreview|4\n|inactive|Battle timer is ON: inactive players will automatically lose when time's up. (requested by nosu09)\n|\n|t:|1681671135\n|start\n|switch|p1a: Garchomp|Garchomp, L50, M|100\/100\n|switch|p1b: Ceruledge|Ceruledge, L50, F|100\/100\n|switch|p2a: Maushold|Maushold, L50|100\/100\n|switch|p2b: Palafin|Palafin, L50, M|100\/100\n|turn|1\n|\n|t:|1681671153\n|detailschange|p2b: Palafin|Palafin-Hero, L50, M\n|switch|p2b: Roaring Moon|Roaring Moon, L50|100\/100\n|-enditem|p2b: Roaring Moon|Booster Energy\n|-activate|p2b: Roaring Moon|ability: Protosynthesis|[fromitem]\n|-start|p2b: Roaring Moon|protosynthesisatk\n|move|p2a: Maushold|Protect|p2a: Maushold\n|-singleturn|p2a: Maushold|Protect\n|move|p1b: Ceruledge|Destiny Bond|p1b: Ceruledge\n|-singlemove|p1b: Ceruledge|Destiny Bond\n|move|p1a: Garchomp|Spikes|p2a: Maushold\n|-sidestart|p2: TheKingMatthew|Spikes\n|\n|upkeep\n|turn|2\n|\n|t:|1681671172\n|move|p2b: Roaring Moon|Dragon Claw|p1a: Garchomp\n|-supereffective|p1a: Garchomp\n|-damage|p1a: Garchomp|5\/100\n|-damage|p2b: Roaring Moon|88\/100|[from] ability: Rough Skin|[of] p1a: Garchomp\n|-damage|p2b: Roaring Moon|72\/100|[from] item: Rocky Helmet|[of] p1a: Garchomp\n|move|p2a: Maushold|Encore|p1b: Ceruledge\n|-start|p1b: Ceruledge|Encore\n|move|p1b: Ceruledge|Destiny Bond||[still]\n|-fail|p1b: Ceruledge\n|move|p1a: Garchomp|Dragon Claw|p2b: Roaring Moon\n|-supereffective|p2b: Roaring Moon\n|-damage|p2b: Roaring Moon|0 fnt\n|faint|p2b: Roaring Moon\n|-end|p2b: Roaring Moon|Protosynthesis|[silent]\n|\n|upkeep\n|\n|t:|1681671189\n|switch|p2b: Palafin|Palafin-Hero, L50, M|100\/100\n|-damage|p2b: Palafin|88\/100|[from] Spikes\n|-activate|p2b: Palafin|ability: Zero to Hero\n|turn|3\n|\n|t:|1681671204\n|move|p2a: Maushold|Protect|p2a: Maushold\n|-singleturn|p2a: Maushold|Protect\n|move|p2b: Palafin|Jet Punch|p1a: Garchomp\n|-damage|p1a: Garchomp|0 fnt\n|-damage|p2b: Palafin|76\/100|[from] ability: Rough Skin|[of] p1a: Garchomp\n|-damage|p2b: Palafin|60\/100|[from] item: Rocky Helmet|[of] p1a: Garchomp\n|faint|p1a: Garchomp\n|move|p1b: Ceruledge|Destiny Bond|p1b: Ceruledge\n|-singlemove|p1b: Ceruledge|Destiny Bond\n|\n|upkeep\n|\n|t:|1681671215\n|switch|p1a: Florges|Florges-White, L50, F|100\/100\n|turn|4\n|\n|t:|1681671223\n|move|p2a: Maushold|Follow Me|p2a: Maushold\n|-singleturn|p2a: Maushold|move: Follow Me\n|move|p2b: Palafin|Jet Punch|p1b: Ceruledge\n|-supereffective|p1b: Ceruledge\n|-crit|p1b: Ceruledge\n|-damage|p1b: Ceruledge|0 fnt\n|faint|p1b: Ceruledge\n|-activate|p1b: Ceruledge|move: Destiny Bond\n|faint|p2b: Palafin\n|move|p1a: Florges|Giga Drain|p2a: Maushold\n|-damage|p2a: Maushold|71\/100\n|\n|upkeep\n|\n|t:|1681671233\n|switch|p2b: Kingambit|Kingambit, L50, M|100\/100\n|switch|p1b: Great Tusk|Great Tusk, L50|100\/100\n|-damage|p2b: Kingambit|88\/100|[from] Spikes\n|-enditem|p1b: Great Tusk|Booster Energy\n|-activate|p1b: Great Tusk|ability: Protosynthesis|[fromitem]\n|-start|p1b: Great Tusk|protosynthesisdef\n|turn|5\n|\n|t:|1681671256\n|-terastallize|p2b: Kingambit|Flying\n|move|p2a: Maushold|Protect|p2a: Maushold\n|-singleturn|p2a: Maushold|Protect\n|move|p1b: Great Tusk|Body Press|p2a: Maushold\n|-activate|p2a: Maushold|move: Protect\n|move|p1a: Florges|Moonblast|p2b: Kingambit\n|-damage|p2b: Kingambit|59\/100\n|move|p2b: Kingambit|Iron Head|p1a: Florges\n|-supereffective|p1a: Florges\n|-damage|p1a: Florges|0 fnt\n|faint|p1a: Florges\n|\n|upkeep\n|turn|6\n|\n|t:|1681671279\n|move|p2a: Maushold|Follow Me|p2a: Maushold\n|-singleturn|p2a: Maushold|move: Follow Me\n|move|p1b: Great Tusk|Ice Spinner|p2a: Maushold\n|-damage|p2a: Maushold|30\/100\n|move|p2b: Kingambit|Kowtow Cleave|p1b: Great Tusk\n|-resisted|p1b: Great Tusk\n|-damage|p1b: Great Tusk|91\/100\n|\n|upkeep\n|turn|7\n|\n|t:|1681671295\n|move|p2b: Kingambit|Protect|p2b: Kingambit\n|-singleturn|p2b: Kingambit|Protect\n|move|p2a: Maushold|Population Bomb|p1b: Great Tusk\n|-damage|p1b: Great Tusk|88\/100\n|-damage|p1b: Great Tusk|85\/100\n|-damage|p1b: Great Tusk|82\/100\n|-damage|p1b: Great Tusk|78\/100\n|-damage|p1b: Great Tusk|75\/100\n|-damage|p1b: Great Tusk|72\/100\n|-damage|p1b: Great Tusk|69\/100\n|-damage|p1b: Great Tusk|66\/100\n|-damage|p1b: Great Tusk|63\/100\n|-damage|p1b: Great Tusk|60\/100\n|-hitcount|p1b: Great Tusk|10\n|move|p1b: Great Tusk|Ice Spinner|p2b: Kingambit\n|-activate|p2b: Kingambit|move: Protect\n|\n|upkeep\n|turn|8\n|inactive|TheKingMatthew has 30 seconds left.\n|\n|t:|1681671321\n|move|p2a: Maushold|Population Bomb|p1b: Great Tusk\n|-damage|p1b: Great Tusk|56\/100\n|-damage|p1b: Great Tusk|53\/100\n|-damage|p1b: Great Tusk|50\/100\n|-damage|p1b: Great Tusk|47\/100\n|-damage|p1b: Great Tusk|44\/100\n|-damage|p1b: Great Tusk|41\/100\n|-damage|p1b: Great Tusk|37\/100\n|-damage|p1b: Great Tusk|34\/100\n|-damage|p1b: Great Tusk|31\/100\n|-damage|p1b: Great Tusk|28\/100\n|-hitcount|p1b: Great Tusk|10\n|move|p1b: Great Tusk|Ice Spinner|p2b: Kingambit\n|-supereffective|p2b: Kingambit\n|-damage|p2b: Kingambit|34\/100\n|move|p2b: Kingambit|Iron Head|p1b: Great Tusk\n|-damage|p1b: Great Tusk|10\/100\n|\n|upkeep\n|turn|9\n|\n|t:|1681671343\n|move|p2b: Kingambit|Sucker Punch|p1b: Great Tusk\n|-resisted|p1b: Great Tusk\n|-damage|p1b: Great Tusk|3\/100\n|move|p2a: Maushold|Population Bomb|p1b: Great Tusk\n|-damage|p1b: Great Tusk|0 fnt\n|faint|p1b: Great Tusk\n|-end|p1b: Great Tusk|Protosynthesis|[silent]\n|-hitcount|p1: Great Tusk|1\n|\n|win|TheKingMatthew\n|raw|nosu09's rating: 1000 → 1000<\/strong> (+0 for losing)\n|raw|TheKingMatthew's rating: 1041 → 1071<\/strong> (+30 for winning)\n|l|\u2606nosu09\n","uploadtime":1681671357,"views":6,"p1id":"nosu09","p2id":"thekingmatthew","formatid":"gen9vgc2023regulationc","rating":1000,"private":0,"password":""}