{"id":"gen9vgc2023regulationc-1862797921","p1":"Yellowmanic","p2":"need caffeine","format":"[Gen 9] VGC 2023 Regulation C","log":"|j|\u2606Yellowmanic\n|j|\u2606need caffeine\n|t:|1683923059\n|gametype|doubles\n|player|p1|Yellowmanic|169|1201\n|player|p2|need caffeine|102|1105\n|teamsize|p1|6\n|teamsize|p2|6\n|gen|9\n|tier|[Gen 9] VGC 2023 Regulation C\n|rated|\n|rule|Species Clause: Limit one of each Pok\u00e9mon\n|rule|Item Clause: Limit one of each item\n|clearpoke\n|poke|p1|Abomasnow, L50, F|\n|poke|p1|Iron Bundle, L50|\n|poke|p1|Chi-Yu, L50|\n|poke|p1|Flutter Mane, L50|\n|poke|p1|Corviknight, L50, F|\n|poke|p1|Salamence, L50, F|\n|poke|p2|Hawlucha, L50, M|\n|poke|p2|Indeedee-F, L50, F|\n|poke|p2|Armarouge, L50, M|\n|poke|p2|Sandy Shocks, L50|\n|poke|p2|Chien-Pao, L50|\n|poke|p2|Quaquaval, L50, M|\n|teampreview|4\n|\n|t:|1683923112\n|start\n|switch|p1a: Corviknight|Corviknight, L50, F|100\/100\n|switch|p1b: Salamence|Salamence, L50, F|100\/100\n|switch|p2a: Armarouge|Armarouge, L50, M|100\/100\n|switch|p2b: Indeedee|Indeedee-F, L50, F|100\/100\n|-ability|p1b: Salamence|Intimidate|boost\n|-unboost|p2a: Armarouge|atk|1\n|-unboost|p2b: Indeedee|atk|1\n|-fieldstart|move: Psychic Terrain|[from] ability: Psychic Surge|[of] p2b: Indeedee\n|turn|1\n|inactive|Battle timer is ON: inactive players will automatically lose when time's up. (requested by Yellowmanic)\n|inactive|need caffeine has 60 seconds left.\n|\n|t:|1683923145\n|move|p2b: Indeedee|Follow Me|p2b: Indeedee\n|-singleturn|p2b: Indeedee|move: Follow Me\n|move|p1b: Salamence|Earthquake|p2a: Armarouge|[spread] p2a,p2b\n|-immune|p1a: Corviknight\n|-supereffective|p2a: Armarouge\n|-damage|p2a: Armarouge|52\/100\n|-damage|p2b: Indeedee|77\/100\n|move|p2a: Armarouge|Armor Cannon|p1a: Corviknight\n|-supereffective|p1a: Corviknight\n|-damage|p1a: Corviknight|0 fnt\n|-unboost|p2a: Armarouge|def|1\n|-unboost|p2a: Armarouge|spd|1\n|faint|p1a: Corviknight\n|-damage|p2a: Armarouge|43\/100|[from] item: Life Orb\n|\n|upkeep\n|\n|t:|1683923166\n|switch|p1a: Flutter Mane|Flutter Mane, L50|100\/100\n|-enditem|p1a: Flutter Mane|Booster Energy\n|-activate|p1a: Flutter Mane|ability: Protosynthesis|[fromitem]\n|-start|p1a: Flutter Mane|protosynthesisspa\n|turn|2\n|inactive|need caffeine has 30 seconds left.\n|inactive|need caffeine has 20 seconds left.\n|\n|t:|1683923206\n|move|p2a: Armarouge|Wide Guard|p2a: Armarouge\n|-singleturn|p2a: Armarouge|Wide Guard\n|move|p1a: Flutter Mane|Dazzling Gleam|p2a: Armarouge|[spread] \n|-activate|p2a: Armarouge|move: Wide Guard\n|-activate|p2b: Indeedee|move: Wide Guard\n|move|p1b: Salamence|Dragon Dance|p1b: Salamence\n|-boost|p1b: Salamence|atk|1\n|-boost|p1b: Salamence|spe|1\n|move|p2b: Indeedee|Heal Pulse|p2a: Armarouge\n|-heal|p2a: Armarouge|93\/100\n|\n|upkeep\n|turn|3\n|inactive|Yellowmanic has 30 seconds left.\n|inactive|need caffeine has 30 seconds left.\n|\n|t:|1683923235\n|move|p2b: Indeedee|Follow Me|p2b: Indeedee\n|-singleturn|p2b: Indeedee|move: Follow Me\n|move|p1b: Salamence|Earthquake|p2b: Indeedee|[spread] p1a,p2a,p2b\n|-supereffective|p2a: Armarouge\n|-damage|p1a: Flutter Mane|26\/100\n|-damage|p2a: Armarouge|0 fnt\n|-damage|p2b: Indeedee|36\/100\n|faint|p2a: Armarouge\n|move|p1a: Flutter Mane|Dazzling Gleam|p2b: Indeedee\n|-damage|p2b: Indeedee|0 fnt\n|faint|p2b: Indeedee\n|\n|upkeep\n|\n|t:|1683923244\n|switch|p2a: Sandy Shocks|Sandy Shocks, L50, shiny|100\/100\n|switch|p2b: Quaquaval|Quaquaval, L50, M|100\/100\n|-enditem|p2a: Sandy Shocks|Booster Energy\n|-activate|p2a: Sandy Shocks|ability: Protosynthesis|[fromitem]\n|-start|p2a: Sandy Shocks|protosynthesisspe\n|turn|4\n|inactive|need caffeine has 30 seconds left.\n|\n|t:|1683923271\n|-terastallize|p2a: Sandy Shocks|Grass\n|move|p1a: Flutter Mane|Protect|p1a: Flutter Mane\n|-singleturn|p1a: Flutter Mane|Protect\n|move|p2b: Quaquaval|Protect|p2b: Quaquaval\n|-singleturn|p2b: Quaquaval|Protect\n|move|p2a: Sandy Shocks|Thunderbolt|p1a: Flutter Mane\n|-activate|p1a: Flutter Mane|move: Protect\n|move|p1b: Salamence|Earthquake|p2a: Sandy Shocks|[spread] p2a\n|-activate|p1a: Flutter Mane|move: Protect\n|-activate|p2b: Quaquaval|move: Protect\n|-resisted|p2a: Sandy Shocks\n|-damage|p2a: Sandy Shocks|80\/100\n|\n|upkeep\n|turn|5\n|inactive|Yellowmanic has 30 seconds left.\n|inactive|need caffeine has 30 seconds left.\n|\n|t:|1683923299\n|move|p2a: Sandy Shocks|Protect|p2a: Sandy Shocks\n|-singleturn|p2a: Sandy Shocks|Protect\n|move|p1b: Salamence|Dual Wingbeat|p2a: Sandy Shocks\n|-activate|p2a: Sandy Shocks|move: Protect\n|move|p1a: Flutter Mane|Moonblast|p2b: Quaquaval\n|-supereffective|p2b: Quaquaval\n|-damage|p2b: Quaquaval|0 fnt\n|faint|p2b: Quaquaval\n|\n|-fieldend|move: Psychic Terrain\n|upkeep\n|turn|6\n|inactive|need caffeine has 30 seconds left.\n|c|\u2606need caffeine|clicking double spread move into wide guard\n|c|\u2606need caffeine|definitely a ballsy move\n|inactive|need caffeine has 20 seconds left.\n|c|\u2606need caffeine|or just dumb\n|inactive|need caffeine has 15 seconds left.\n|c|\u2606need caffeine|but congrats either way I guess\n|-message|need caffeine forfeited.\n|\n|win|Yellowmanic\n|raw|Yellowmanic's rating: 1201 → 1219<\/strong> (+18 for winning)\n|raw|need caffeine's rating: 1105 → 1087<\/strong> (-18 for losing)\n|l|\u2606need caffeine\n|l|\u2606Yellowmanic\n|j|\u2606Yellowmanic\n|player|p1|Yellowmanic|169\n","uploadtime":1683923556,"views":12,"p1id":"yellowmanic","p2id":"needcaffeine","formatid":"gen9vgc2023regulationc","rating":1087,"private":0,"password":""}