{"id":"gen9vgc2023regulationc-1857990995","p1":"fakeplayer21","p2":"Behindyaa","format":"[Gen 9] VGC 2023 Regulation C","log":"|j|\u2606fakeplayer21\n|j|\u2606Behindyaa\n|t:|1683256819\n|gametype|doubles\n|player|p1|fakeplayer21|riley|\n|player|p2|Behindyaa|266|\n|teamsize|p1|6\n|teamsize|p2|6\n|gen|9\n|tier|[Gen 9] VGC 2023 Regulation C\n|rule|Species Clause: Limit one of each Pok\u00e9mon\n|rule|Item Clause: Limit one of each item\n|clearpoke\n|poke|p1|Chien-Pao, L50|\n|poke|p1|Dragapult, L50, F|\n|poke|p1|Garganacl, L50, F|\n|poke|p1|Meowscarada, L50, F|\n|poke|p1|Mabosstiff, L50, M|\n|poke|p1|Flareon, L50, M|\n|poke|p2|Iron Hands, L50|\n|poke|p2|Tyranitar, L50, F|\n|poke|p2|Houndstone, L50, F|\n|poke|p2|Arboliva, L50, F|\n|poke|p2|Corviknight, L50, M|\n|poke|p2|Clodsire, L50, F|\n|teampreview|4\nBehindyaa has agreed to open team sheets.\n|c|\u2606fakeplayer21|G2\n|\n|t:|1683257202\n|start\n|switch|p1a: Chien-Pao|Chien-Pao, L50|100\/100\n|switch|p1b: Dragapult|Dragapult, L50, F|100\/100\n|switch|p2a: Corviknight|Corviknight, L50, M|100\/100\n|switch|p2b: Arboliva|Arboliva, L50, F|100\/100\n|-ability|p1a: Chien-Pao|Sword of Ruin\n|-ability|p2a: Corviknight|Pressure\n|turn|1\n|\n|t:|1683257229\n|-terastallize|p2a: Corviknight|Poison\n|move|p2b: Arboliva|Protect|p2b: Arboliva\n|-singleturn|p2b: Arboliva|Protect\n|move|p1b: Dragapult|Dragon Darts|p2a: Corviknight\n|-damage|p2a: Corviknight|73\/100\n|-anim|p1b: Dragapult|Dragon Darts|p2a: Corviknight\n|-damage|p2a: Corviknight|46\/100\n|move|p1a: Chien-Pao|Sacred Sword|p2b: Arboliva\n|-activate|p2b: Arboliva|move: Protect\n|move|p2a: Corviknight|Tera Blast|p1a: Chien-Pao\n|-damage|p1a: Chien-Pao|48\/100\n|\n|upkeep\n|turn|2\n|\n|t:|1683257251\n|move|p1b: Dragapult|Dragon Darts|p2a: Corviknight\n|-damage|p2a: Corviknight|20\/100\n|-anim|p1b: Dragapult|Dragon Darts|p2b: Arboliva\n|-damage|p2b: Arboliva|63\/100\n|-fieldstart|move: Grassy Terrain|[from] ability: Seed Sower|[of] p2b: Arboliva\n|move|p1a: Chien-Pao|Sacred Sword|p2b: Arboliva\n|-supereffective|p2b: Arboliva\n|-damage|p2b: Arboliva|0 fnt\n|faint|p2b: Arboliva\n|move|p2a: Corviknight|Tera Blast|p1a: Chien-Pao\n|-damage|p1a: Chien-Pao|0 fnt\n|faint|p1a: Chien-Pao\n|\n|-heal|p2a: Corviknight|26\/100|[from] Grassy Terrain\n|upkeep\n|\n|t:|1683257268\n|switch|p1a: Meowscarada|Meowscarada, L50, F, shiny|100\/100\n|switch|p2b: Tyranitar|Tyranitar, L50, F|100\/100\n|-weather|Sandstorm|[from] ability: Sand Stream|[of] p2b: Tyranitar\n|turn|3\n|\n|t:|1683257278\n|move|p1b: Dragapult|Dragon Darts|p2a: Corviknight\n|-damage|p2a: Corviknight|2\/100\n|-anim|p1b: Dragapult|Dragon Darts|p2b: Tyranitar\n|-damage|p2b: Tyranitar|80\/100\n|move|p1a: Meowscarada|Flower Trick|p2b: Tyranitar\n|-supereffective|p2b: Tyranitar\n|-crit|p2b: Tyranitar\n|-damage|p2b: Tyranitar|0 fnt\n|faint|p2b: Tyranitar\n|move|p2a: Corviknight|Tera Blast|p1a: Meowscarada\n|-supereffective|p1a: Meowscarada\n|-damage|p1a: Meowscarada|0 fnt\n|faint|p1a: Meowscarada\n|\n|-weather|Sandstorm|[upkeep]\n|-damage|p1b: Dragapult|94\/100|[from] Sandstorm\n|-damage|p2a: Corviknight|0 fnt|[from] Sandstorm\n|faint|p2a: Corviknight\n|-heal|p1b: Dragapult|100\/100|[from] Grassy Terrain\n|upkeep\n|\n|t:|1683257300\n|switch|p1a: Flareon|Flareon, L50, M, shiny|100\/100\n|switch|p2b: Houndstone|Houndstone, L50, F|100\/100\n|turn|4\n|\n|t:|1683257313\n|-terastallize|p1a: Flareon|Normal\n|move|p1a: Flareon|Quick Attack|p2b: Houndstone\n|-immune|p2b: Houndstone\n|move|p2b: Houndstone|Last Respects|p1b: Dragapult\n|-supereffective|p1b: Dragapult\n|-damage|p1b: Dragapult|0 fnt\n|faint|p1b: Dragapult\n|\n|-weather|Sandstorm|[upkeep]\n|-damage|p1a: Flareon|95\/100|[from] Sandstorm\n|-heal|p1a: Flareon|100\/100|[from] Grassy Terrain\n|-status|p1a: Flareon|tox|[from] item: Toxic Orb\n|upkeep\n|turn|5\n|\n|t:|1683257331\n|move|p2b: Houndstone|Last Respects|p1a: Flareon\n|-immune|p1a: Flareon\n|move|p1a: Flareon|Flare Blitz|p2b: Houndstone\n|-enditem|p2b: Houndstone|Focus Sash\n|-damage|p2b: Houndstone|1\/100\n|-damage|p1a: Flareon|66\/100 tox|[from] Recoil\n|\n|-weather|Sandstorm|[upkeep]\n|-damage|p1a: Flareon|60\/100 tox|[from] Sandstorm\n|-heal|p2b: Houndstone|7\/100|[from] Grassy Terrain\n|-heal|p1a: Flareon|66\/100 tox|[from] Grassy Terrain\n|-damage|p1a: Flareon|60\/100 tox|[from] psn\n|upkeep\n|turn|6\n|\n|t:|1683257348\n|move|p2b: Houndstone|Crunch|p1a: Flareon\n|-damage|p1a: Flareon|30\/100 tox\n|move|p1a: Flareon|Flare Blitz|p2b: Houndstone\n|-damage|p2b: Houndstone|0 fnt\n|faint|p2b: Houndstone\n|-damage|p1a: Flareon|27\/100 tox|[from] Recoil\n|\n|win|fakeplayer21\n|c|\u2606Behindyaa|gg\n","uploadtime":1683257360,"views":14,"p1id":"fakeplayer21","p2id":"behindyaa","formatid":"gen9vgc2023regulationc","rating":0,"private":0,"password":""}