{"id":"gen9vgc2023regulationc-1844906963","p1":"Keveloper","p2":"gahelar","format":"[Gen 9] VGC 2023 Regulation C","log":"|j|\u2606Keveloper\n|j|\u2606gahelar\n|t:|1681662782\n|gametype|doubles\n|player|p1|Keveloper|lusamine-nihilego|\n|player|p2|gahelar|2|\n|teamsize|p1|6\n|teamsize|p2|6\n|gen|9\n|tier|[Gen 9] VGC 2023 Regulation C\n|rule|Species Clause: Limit one of each Pok\u00e9mon\n|rule|Item Clause: Limit one of each item\n|clearpoke\n|poke|p1|Salamence, L50, F|\n|poke|p1|Amoonguss, L50, M|\n|poke|p1|Palafin, L50, F|\n|poke|p1|Ceruledge, L50, M|\n|poke|p1|Flutter Mane, L50|\n|poke|p1|Ting-Lu, L50|\n|poke|p2|Dondozo, L50, M|\n|poke|p2|Tatsugiri, L50, M|\n|poke|p2|Dragonite, L50, F|\n|poke|p2|Chi-Yu, L50|\n|poke|p2|Iron Bundle, L50|\n|poke|p2|Glimmora, L50, M|\n|teampreview|4\n|c|\u2606Keveloper|G3\n|c|\u2606Keveloper|Ready?\n|c|\u2606gahelar|yep\n|inactive|Battle timer is ON: inactive players will automatically lose when time's up. (requested by Keveloper)\n|c|\u2606Keveloper|glhf\n|j| SirSmokeVGC\n|inactive|Keveloper has 60 seconds left.\n|inactive|gahelar has 60 seconds left.\n|inactive|Keveloper has 30 seconds left.\n|\n|t:|1681663837\n|start\n|switch|p1a: Amoonguss|Amoonguss, L50, M|100\/100\n|switch|p1b: Ting-Lu|Ting-Lu, L50|100\/100\n|switch|p2a: strano pesce|Dragonite, L50, F|100\/100\n|switch|p2b: pesce emo|Chi-Yu, L50|100\/100\n|-ability|p2b: pesce emo|Beads of Ruin\n|-ability|p1b: Ting-Lu|Vessel of Ruin\n|turn|1\n|inactive|Keveloper has 30 seconds left.\n|inactive|gahelar has 30 seconds left.\n|inactive|Keveloper has 20 seconds left.\n|inactive|Keveloper has 15 seconds left.\n|inactive|gahelar has 20 seconds left.\n|\n|t:|1681663880\n|-terastallize|p1a: Amoonguss|Steel\n|move|p2b: pesce emo|Protect|p2b: pesce emo\n|-singleturn|p2b: pesce emo|Protect\n|move|p2a: strano pesce|Outrage|p1a: Amoonguss\n|-resisted|p1a: Amoonguss\n|-damage|p1a: Amoonguss|56\/100\n|move|p1b: Ting-Lu|Ruination|p2a: strano pesce\n|-damage|p2a: strano pesce|51\/100\n|move|p1a: Amoonguss|Spore|p2b: pesce emo\n|-activate|p2b: pesce emo|move: Protect\n|\n|upkeep\n|turn|2\n|inactive|Keveloper has 30 seconds left.\n|\n|t:|1681663907\n|move|p1a: Amoonguss|Protect|p1a: Amoonguss\n|-singleturn|p1a: Amoonguss|Protect\n|move|p2b: pesce emo|Heat Wave|p1b: Ting-Lu|[spread] p1b\n|-activate|p1a: Amoonguss|move: Protect\n|-damage|p1b: Ting-Lu|84\/100\n|move|p2a: strano pesce|Outrage|p1a: Amoonguss|[from]lockedmove\n|-activate|p1a: Amoonguss|move: Protect\n|move|p1b: Ting-Lu|Earthquake|p2a: strano pesce|[spread] p2b\n|-activate|p1a: Amoonguss|move: Protect\n|-immune|p2a: strano pesce\n|-supereffective|p2b: pesce emo\n|-damage|p2b: pesce emo|7\/100\n|\n|upkeep\n|turn|3\n|inactive|Keveloper has 30 seconds left.\n|inactive|Keveloper has 20 seconds left.\n|\n|t:|1681663943\n|switch|p1a: Salamence|Salamence, L50, F|100\/100\n|-ability|p1a: Salamence|Intimidate|boost\n|-unboost|p2a: strano pesce|atk|1\n|-unboost|p2b: pesce emo|atk|1\n|move|p2b: pesce emo|Protect|p2b: pesce emo\n|-singleturn|p2b: pesce emo|Protect\n|move|p2a: strano pesce|Outrage|p1b: Ting-Lu\n|-damage|p1b: Ting-Lu|50\/100\n|move|p1b: Ting-Lu|Earthquake|p2a: strano pesce|[spread] \n|-activate|p2b: pesce emo|move: Protect\n|-immune|p1a: Salamence\n|-immune|p2a: strano pesce\n|\n|upkeep\n|turn|4\n|inactive|Keveloper has 30 seconds left.\n|inactive|gahelar has 30 seconds left.\n|inactive|Keveloper has 20 seconds left.\n|inactive|Keveloper has 15 seconds left.\n|\n|t:|1681663984\n|move|p1a: Salamence|Draco Meteor|p2a: strano pesce\n|-supereffective|p2a: strano pesce\n|-damage|p2a: strano pesce|0 fnt\n|-unboost|p1a: Salamence|spa|2\n|faint|p2a: strano pesce\n|move|p2b: pesce emo|Overheat|p1b: Ting-Lu\n|-damage|p1b: Ting-Lu|20\/100\n|-unboost|p2b: pesce emo|spa|2\n|move|p1b: Ting-Lu|Earthquake|p2b: pesce emo|[spread] p2b\n|-immune|p1a: Salamence\n|-supereffective|p2b: pesce emo\n|-damage|p2b: pesce emo|0 fnt\n|faint|p2b: pesce emo\n|\n|upkeep\n|\n|t:|1681663997\n|switch|p2b: mangio pesce|Iron Bundle, L50|100\/100\n|switch|p2a: alga|Glimmora, L50, M, shiny|100\/100\n|-enditem|p2b: mangio pesce|Booster Energy\n|-activate|p2b: mangio pesce|ability: Quark Drive|[fromitem]\n|-start|p2b: mangio pesce|quarkdrivespe\n|turn|5\n|inactive|Keveloper has 30 seconds left.\n|inactive|gahelar has 30 seconds left.\n|inactive|gahelar has 20 seconds left.\n|inactive|gahelar has 15 seconds left.\n|\n|t:|1681664040\n|switch|p1a: Palafin|Palafin, L50, F|100\/100\n|switch|p1b: Amoonguss|Amoonguss, L50, M, tera:Steel|89\/100\n|-terastallize|p2a: alga|Grass\n|move|p2b: mangio pesce|Freeze-Dry|p1a: Palafin\n|-supereffective|p1a: Palafin\n|-damage|p1a: Palafin|18\/100\n|move|p2a: alga|Earth Power|p1a: Palafin\n|-damage|p1a: Palafin|0 fnt\n|faint|p1a: Palafin\n|\n|upkeep\n|\n|t:|1681664056\n|switch|p1a: Salamence|Salamence, L50, F|100\/100\n|-ability|p1a: Salamence|Intimidate|boost\n|-unboost|p2a: alga|atk|1\n|-unboost|p2b: mangio pesce|atk|1\n|turn|6\n|inactive|gahelar has 30 seconds left.\n|\n|t:|1681664085\n|move|p1b: Amoonguss|Rage Powder|p1b: Amoonguss\n|-singleturn|p1b: Amoonguss|move: Rage Powder\n|move|p2b: mangio pesce|Icy Wind|p1a: Salamence|[spread] p1a,p1b\n|-supereffective|p1a: Salamence\n|-resisted|p1b: Amoonguss\n|-damage|p1a: Salamence|9\/100\n|-damage|p1b: Amoonguss|81\/100\n|-unboost|p1a: Salamence|spe|1\n|-unboost|p1b: Amoonguss|spe|1\n|move|p1a: Salamence|Air Slash|p2a: alga\n|-supereffective|p2a: alga\n|-damage|p2a: alga|50\/100\n|move|p2a: alga|Earth Power|p1b: Amoonguss\n|-supereffective|p1b: Amoonguss\n|-damage|p1b: Amoonguss|29\/100\n|\n|upkeep\n|turn|7\n|inactive|Keveloper has 30 seconds left.\n|\n|t:|1681664112\n|switch|p1a: Ting-Lu|Ting-Lu, L50|20\/100\n|-ability|p1a: Ting-Lu|Vessel of Ruin\n|move|p2b: mangio pesce|Icy Wind|p1b: Amoonguss|[spread] p1a,p1b\n|-supereffective|p1a: Ting-Lu\n|-resisted|p1b: Amoonguss\n|-damage|p1a: Ting-Lu|8\/100\n|-damage|p1b: Amoonguss|24\/100\n|-unboost|p1a: Ting-Lu|spe|1\n|-unboost|p1b: Amoonguss|spe|1\n|move|p2a: alga|Earth Power|p1b: Amoonguss\n|-supereffective|p1b: Amoonguss\n|-damage|p1b: Amoonguss|0 fnt\n|faint|p1b: Amoonguss\n|\n|upkeep\n|\n|t:|1681664124\n|switch|p1b: Salamence|Salamence, L50, F|9\/100\n|-ability|p1b: Salamence|Intimidate|boost\n|-unboost|p2a: alga|atk|1\n|-unboost|p2b: mangio pesce|atk|1\n|turn|8\n|c|\u2606Keveloper|gg\n|\n|t:|1681664134\n|move|p2b: mangio pesce|Freeze-Dry|p1b: Salamence\n|-supereffective|p1b: Salamence\n|-damage|p1b: Salamence|0 fnt\n|faint|p1b: Salamence\n|move|p2a: alga|Power Gem|p1a: Ting-Lu\n|-resisted|p1a: Ting-Lu\n|-damage|p1a: Ting-Lu|1\/100\n|move|p1a: Ting-Lu|Earthquake|p2a: alga|[spread] p2a,p2b\n|-resisted|p2a: alga\n|-damage|p2a: alga|36\/100\n|-damage|p2b: mangio pesce|68\/100\n|-activate|p2a: alga|ability: Toxic Debris\n|-sidestart|p1: Keveloper|move: Toxic Spikes\n|\n|upkeep\n|turn|9\n|\n|t:|1681664152\n|move|p2b: mangio pesce|Freeze-Dry|p1a: Ting-Lu\n|-supereffective|p1a: Ting-Lu\n|-damage|p1a: Ting-Lu|0 fnt\n|faint|p1a: Ting-Lu\n|\n|win|gahelar\n|c|\u2606gahelar|u2, wa sfun playing with u\n|c|\u2606gahelar|gl, moving forward\n|c|\u2606Keveloper|Thanks! u2\n","uploadtime":1681664157,"views":14,"p1id":"keveloper","p2id":"gahelar","formatid":"gen9vgc2023regulationc","rating":0,"private":0,"password":""}