{"id":"gen9vgc2023regulationc-1855278207","p1":"Nightmare_King_VGC","p2":"kenshin4869","format":"[Gen 9] VGC 2023 Regulation C","log":"|j|\u2606Nightmare_King_VGC\n|j|\u2606kenshin4869\n|t:|1682928569\n|gametype|doubles\n|player|p1|Nightmare_King_VGC|veteranf|1512\n|player|p2|kenshin4869|acetrainerf|1493\n|teamsize|p1|6\n|teamsize|p2|6\n|gen|9\n|tier|[Gen 9] VGC 2023 Regulation C\n|rated|\n|rule|Species Clause: Limit one of each Pok\u00e9mon\n|rule|Item Clause: Limit one of each item\n|clearpoke\n|poke|p1|Torkoal, L50, M|\n|poke|p1|Great Tusk, L50|\n|poke|p1|Flutter Mane, L50|\n|poke|p1|Jumpluff, L50, M|\n|poke|p1|Chien-Pao, L50|\n|poke|p1|Kingambit, L50, F|\n|poke|p2|Ting-Lu, L50|\n|poke|p2|Dragonite, L50, M|\n|poke|p2|Chien-Pao, L50|\n|poke|p2|Flutter Mane, L50|\n|poke|p2|Annihilape, L50, F|\n|poke|p2|Amoonguss, L50, F|\n|teampreview|4\n|j| daidaiso\n|inactive|Battle timer is ON: inactive players will automatically lose when time's up. (requested by kenshin4869)\n|\n|t:|1682928623\n|start\n|switch|p1a: Great Tusk|Great Tusk, L50|100\/100\n|switch|p1b: Chien-Pao|Chien-Pao, L50|100\/100\n|switch|p2a: Dragonite|Dragonite, L50, M|100\/100\n|switch|p2b: Annihilape|Annihilape, L50, F|100\/100\n|-ability|p1b: Chien-Pao|Sword of Ruin\n|turn|1\n|\n|t:|1682928643\n|-terastallize|p2a: Dragonite|Flying\n|move|p1a: Great Tusk|Headlong Rush|p2b: Annihilape\n|-damage|p2b: Annihilape|19\/100\n|-unboost|p1a: Great Tusk|def|1\n|-unboost|p1a: Great Tusk|spd|1\n|move|p1b: Chien-Pao|Ice Spinner|p2a: Dragonite\n|-supereffective|p2a: Dragonite\n|-damage|p2a: Dragonite|0 fnt\n|faint|p2a: Dragonite\n|move|p2b: Annihilape|Drain Punch|p1a: Great Tusk\n|-damage|p1a: Great Tusk|49\/100\n|-heal|p2b: Annihilape|43\/100|[from] drain|[of] p1a: Great Tusk\n|\n|-heal|p2b: Annihilape|49\/100|[from] item: Leftovers\n|upkeep\n|\n|t:|1682928660\n|switch|p2a: Flutter Mane|Flutter Mane, L50|100\/100\n|-enditem|p2a: Flutter Mane|Booster Energy\n|-activate|p2a: Flutter Mane|ability: Protosynthesis|[fromitem]\n|-start|p2a: Flutter Mane|protosynthesisspe\n|turn|2\n|inactive|Nightmare_King_VGC has 30 seconds left.\n|inactive|Nightmare_King_VGC has 20 seconds left.\n|inactive|Nightmare_King_VGC has 15 seconds left.\n|\n|t:|1682928704\n|-end|p1a: Great Tusk|Protosynthesis|[silent]\n|switch|p1a: Kingambit|Kingambit, L50, F|100\/100\n|move|p2a: Flutter Mane|Moonblast|p1a: Kingambit\n|-damage|p1a: Kingambit|67\/100\n|move|p1b: Chien-Pao|Ice Spinner|p2a: Flutter Mane\n|-damage|p2a: Flutter Mane|5\/100\n|move|p2b: Annihilape|Drain Punch|p1b: Chien-Pao\n|-supereffective|p1b: Chien-Pao\n|-enditem|p1b: Chien-Pao|Focus Sash\n|-damage|p1b: Chien-Pao|1\/100\n|-heal|p2b: Annihilape|87\/100|[from] drain|[of] p1b: Chien-Pao\n|\n|-heal|p2b: Annihilape|93\/100|[from] item: Leftovers\n|upkeep\n|turn|3\n|inactive|Nightmare_King_VGC has 30 seconds left.\n|inactive|kenshin4869 has 30 seconds left.\n|inactive|Nightmare_King_VGC has 20 seconds left.\n|inactive|Nightmare_King_VGC has 15 seconds left.\n|\n|t:|1682928745\n|-end|p2a: Flutter Mane|Protosynthesis|[silent]\n|switch|p2a: Amoonguss|Amoonguss, L50, F, shiny|100\/100\n|switch|p1a: Flutter Mane|Flutter Mane, L50|100\/100\n|move|p1b: Chien-Pao|Protect|p1b: Chien-Pao\n|-singleturn|p1b: Chien-Pao|Protect\n|move|p2b: Annihilape|Rage Fist|p1a: Flutter Mane\n|-supereffective|p1a: Flutter Mane\n|-damage|p1a: Flutter Mane|0 fnt\n|faint|p1a: Flutter Mane\n|-end|p1a: Flutter Mane|Protosynthesis|[silent]\n|\n|-heal|p2b: Annihilape|99\/100|[from] item: Leftovers\n|upkeep\n|\n|t:|1682928757\n|switch|p1a: Great Tusk|Great Tusk, L50|49\/100\n|turn|4\n|\n|t:|1682928777\n|-terastallize|p1b: Chien-Pao|Flying\n|move|p2a: Amoonguss|Rage Powder|p2a: Amoonguss\n|-singleturn|p2a: Amoonguss|move: Rage Powder\n|move|p1a: Great Tusk|Earthquake|p2b: Annihilape|[spread] p2a,p2b\n|-immune|p1b: Chien-Pao\n|-damage|p2a: Amoonguss|50\/100\n|-damage|p2b: Annihilape|50\/100\n|-enditem|p2a: Amoonguss|Sitrus Berry|[eat]\n|-heal|p2a: Amoonguss|75\/100|[from] item: Sitrus Berry\n|move|p1b: Chien-Pao|Ice Spinner|p2a: Amoonguss\n|-supereffective|p2a: Amoonguss\n|-damage|p2a: Amoonguss|0 fnt\n|faint|p2a: Amoonguss\n|move|p2b: Annihilape|Drain Punch|p1b: Chien-Pao\n|-resisted|p1b: Chien-Pao\n|-damage|p1b: Chien-Pao|0 fnt\n|-heal|p2b: Annihilape|50\/100|[from] drain|[of] p1b: Chien-Pao\n|faint|p1b: Chien-Pao\n|\n|-heal|p2b: Annihilape|56\/100|[from] item: Leftovers\n|upkeep\n|\n|t:|1682928799\n|switch|p1b: Kingambit|Kingambit, L50, F|67\/100\n|switch|p2a: Flutter Mane|Flutter Mane, L50|5\/100\n|turn|5\n|inactive|Nightmare_King_VGC has 30 seconds left.\n|\n|t:|1682928825\n|move|p2a: Flutter Mane|Protect|p2a: Flutter Mane\n|-singleturn|p2a: Flutter Mane|Protect\n|move|p1b: Kingambit|Sucker Punch|p2b: Annihilape\n|-crit|p2b: Annihilape\n|-damage|p2b: Annihilape|0 fnt\n|faint|p2b: Annihilape\n|move|p1a: Great Tusk|Earthquake|p2a: Flutter Mane|[spread] p1b\n|-activate|p2a: Flutter Mane|move: Protect\n|-supereffective|p1b: Kingambit\n|-damage|p1b: Kingambit|3\/100\n|\n|upkeep\n|turn|6\n|\n|t:|1682928842\n|move|p1b: Kingambit|Sucker Punch|p2a: Flutter Mane\n|-damage|p2a: Flutter Mane|0 fnt\n|faint|p2a: Flutter Mane\n|-end|p2a: Flutter Mane|Protosynthesis|[silent]\n|\n|win|Nightmare_King_VGC\n|raw|Nightmare_King_VGC's rating: 1512 → 1531<\/strong> (+19 for winning)\n|raw|kenshin4869's rating: 1493 → 1474<\/strong> (-19 for losing)\n|l|\u2606kenshin4869\n|l| daidaiso\n","uploadtime":1682928924,"views":28,"p1id":"nightmarekingvgc","p2id":"kenshin4869","formatid":"gen9vgc2023regulationc","rating":1474,"private":0,"password":""}