{"id":"gen9vgc2023regulationc-1858763169","p1":"letcheflan","p2":"Nemesus69","format":"[Gen 9] VGC 2023 Regulation C","log":"|j|\u2606letcheflan\n|j|\u2606Nemesus69\n|t:|1683356098\n|gametype|doubles\n|player|p1|letcheflan|n|1094\n|player|p2|Nemesus69|pokekid|1000\n|teamsize|p1|6\n|teamsize|p2|6\n|gen|9\n|tier|[Gen 9] VGC 2023 Regulation C\n|rated|\n|rule|Species Clause: Limit one of each Pok\u00e9mon\n|rule|Item Clause: Limit one of each item\n|clearpoke\n|poke|p1|Lucario, L50, M|\n|poke|p1|Amoonguss, L50, M|\n|poke|p1|Azumarill, L50, F|\n|poke|p1|Arcanine, L50, M|\n|poke|p1|Garchomp, L50, M|\n|poke|p1|Bellibolt, L50, M|\n|poke|p2|Gothitelle, L50, F|\n|poke|p2|Arcanine, L50, M|\n|poke|p2|Maushold, L50|\n|poke|p2|Altaria, L50, F|\n|poke|p2|Amoonguss, L50, M|\n|poke|p2|Honchkrow, L50, F|\n|teampreview|4\n|inactive|Battle timer is ON: inactive players will automatically lose when time's up. (requested by Nemesus69)\n|inactive|letcheflan has 60 seconds left.\n|inactive|letcheflan has 30 seconds left.\n|\n|t:|1683356171\n|start\n|switch|p1a: Lucario|Lucario, L50, M, shiny|100\/100\n|switch|p1b: Bellibolt|Bellibolt, L50, M|100\/100\n|switch|p2a: Honchkrow|Honchkrow, L50, F|100\/100\n|switch|p2b: Maushold|Maushold, L50|100\/100\n|turn|1\n|\n|t:|1683356196\n|move|p2b: Maushold|Follow Me|p2b: Maushold\n|-singleturn|p2b: Maushold|move: Follow Me\n|move|p1a: Lucario|Extreme Speed|p2b: Maushold\n|-damage|p2b: Maushold|59\/100\n|-enditem|p2b: Maushold|Eject Button\n|\n|t:|1683356203\n|switch|p2b: Arcanine|Arcanine, L50, M|100\/100\n|-ability|p2b: Arcanine|Intimidate|boost\n|-fail|p1a: Lucario|unboost|Attack|[from] ability: Inner Focus|[of] p1a: Lucario\n|-unboost|p1b: Bellibolt|atk|1\n|move|p2a: Honchkrow|Perish Song|p2a: Honchkrow\n|-start|p1a: Lucario|perish3|[silent]\n|-start|p1b: Bellibolt|perish3|[silent]\n|-start|p2a: Honchkrow|perish3|[silent]\n|-start|p2b: Arcanine|perish3|[silent]\n|-fieldactivate|move: Perish Song\n|move|p1b: Bellibolt|Substitute|p1b: Bellibolt\n|-start|p1b: Bellibolt|Substitute\n|-damage|p1b: Bellibolt|76\/100\n|\n|-heal|p1b: Bellibolt|82\/100|[from] item: Leftovers\n|-start|p1a: Lucario|perish3\n|-start|p2b: Arcanine|perish3\n|-start|p2a: Honchkrow|perish3\n|-start|p1b: Bellibolt|perish3\n|upkeep\n|turn|2\n|inactive|letcheflan has 30 seconds left.\n|\n|t:|1683356229\n|switch|p1a: Azumarill|Azumarill, L50, F, shiny|100\/100\n|switch|p2b: Maushold|Maushold, L50|59\/100\n|switch|p2a: Gothitelle|Gothitelle, L50, F|100\/100\n|move|p1b: Bellibolt|Thunder Wave|p2a: Gothitelle\n|-status|p2a: Gothitelle|par\n|\n|-heal|p1b: Bellibolt|88\/100|[from] item: Leftovers\n|-start|p1b: Bellibolt|perish2\n|upkeep\n|turn|3\n|inactive|letcheflan has 30 seconds left.\n|\n|t:|1683356257\n|move|p1a: Azumarill|Protect|p1a: Azumarill\n|-singleturn|p1a: Azumarill|Protect\n|move|p2b: Maushold|Population Bomb|p1a: Azumarill\n|-activate|p1a: Azumarill|move: Protect\n|move|p1b: Bellibolt|Discharge|p2a: Gothitelle|[spread] p2a,p2b\n|-activate|p1a: Azumarill|move: Protect\n|-damage|p2a: Gothitelle|85\/100 par\n|-damage|p2b: Maushold|24\/100\n|cant|p2a: Gothitelle|par\n|\n|-heal|p1b: Bellibolt|94\/100|[from] item: Leftovers\n|-start|p1b: Bellibolt|perish1\n|upkeep\n|turn|4\n|inactive|letcheflan has 30 seconds left.\n|\n|t:|1683356288\n|move|p1a: Azumarill|Aqua Jet|p2b: Maushold\n|-damage|p2b: Maushold|0 fnt\n|faint|p2b: Maushold\n|move|p1b: Bellibolt|Slack Off|p1b: Bellibolt\n|-heal|p1b: Bellibolt|100\/100\n|cant|p2a: Gothitelle|par\n|\n|-start|p1b: Bellibolt|perish0\n|upkeep\n|faint|p1b: Bellibolt\n|\n|t:|1683356300\n|switch|p2b: Honchkrow|Honchkrow, L50, F|100\/100\n|switch|p1b: Arcanine|Arcanine, L50, M, shiny|100\/100\n|-ability|p1b: Arcanine|Intimidate|boost\n|-unboost|p2a: Gothitelle|atk|1\n|-unboost|p2b: Honchkrow|atk|1\n|turn|5\n|\n|t:|1683356314\n|move|p2a: Gothitelle|Protect|p2a: Gothitelle\n|-singleturn|p2a: Gothitelle|Protect\n|move|p1b: Arcanine|Snarl|p2b: Honchkrow|[spread] p2b\n|-activate|p2a: Gothitelle|move: Protect\n|-resisted|p2b: Honchkrow\n|-damage|p2b: Honchkrow|97\/100\n|-unboost|p2b: Honchkrow|spa|1\n|move|p2b: Honchkrow|Perish Song|p2b: Honchkrow\n|-start|p1a: Azumarill|perish3|[silent]\n|-start|p1b: Arcanine|perish3|[silent]\n|-start|p2a: Gothitelle|perish3|[silent]\n|-start|p2b: Honchkrow|perish3|[silent]\n|-fieldactivate|move: Perish Song\n|move|p1a: Azumarill|Play Rough|p2b: Honchkrow\n|-supereffective|p2b: Honchkrow\n|-damage|p2b: Honchkrow|0 fnt\n|faint|p2b: Honchkrow\n|\n|-start|p1b: Arcanine|perish3\n|-start|p1a: Azumarill|perish3\n|-start|p2a: Gothitelle|perish3\n|upkeep\n|\n|t:|1683356328\n|switch|p2b: Arcanine|Arcanine, L50, M|100\/100\n|-ability|p2b: Arcanine|Intimidate|boost\n|-unboost|p1a: Azumarill|atk|1\n|-unboost|p1b: Arcanine|atk|1\n|turn|6\n|\n|t:|1683356338\n|move|p2b: Arcanine|Snarl|p1b: Arcanine|[spread] p1b\n|-miss|p2b: Arcanine|p1a: Azumarill\n|-damage|p1b: Arcanine|92\/100\n|-unboost|p1b: Arcanine|spa|1\n|move|p1b: Arcanine|Flare Blitz|p2a: Gothitelle\n|-damage|p2a: Gothitelle|54\/100 par\n|-damage|p1b: Arcanine|83\/100|[from] Recoil\n|move|p1a: Azumarill|Liquidation|p2a: Gothitelle\n|-damage|p2a: Gothitelle|11\/100 par\n|-enditem|p2a: Gothitelle|Iapapa Berry|[eat]\n|-heal|p2a: Gothitelle|45\/100 par|[from] item: Iapapa Berry\n|cant|p2a: Gothitelle|par\n|\n|-start|p1b: Arcanine|perish2\n|-start|p1a: Azumarill|perish2\n|-start|p2a: Gothitelle|perish2\n|upkeep\n|turn|7\n|inactive|letcheflan has 30 seconds left.\n|inactive|Nemesus69 has 30 seconds left.\n|\n|t:|1683356363\n|move|p2a: Gothitelle|Protect|p2a: Gothitelle\n|-singleturn|p2a: Gothitelle|Protect\n|move|p1a: Azumarill|Aqua Jet|p2a: Gothitelle\n|-activate|p2a: Gothitelle|move: Protect\n|move|p2b: Arcanine|Snarl|p1b: Arcanine|[spread] p1a,p1b\n|-resisted|p1a: Azumarill\n|-damage|p1a: Azumarill|96\/100\n|-damage|p1b: Arcanine|76\/100\n|-unboost|p1a: Azumarill|spa|1\n|-unboost|p1b: Arcanine|spa|1\n|move|p1b: Arcanine|Snarl|p2b: Arcanine|[spread] p2b\n|-activate|p2a: Gothitelle|move: Protect\n|-damage|p2b: Arcanine|96\/100\n|-unboost|p2b: Arcanine|spa|1\n|\n|-start|p1b: Arcanine|perish1\n|-start|p1a: Azumarill|perish1\n|-start|p2a: Gothitelle|perish1\n|upkeep\n|turn|8\n|\n|t:|1683356386\n|move|p2b: Arcanine|Protect|p2b: Arcanine\n|-singleturn|p2b: Arcanine|Protect\n|move|p1b: Arcanine|Flare Blitz|p2a: Gothitelle\n|-damage|p2a: Gothitelle|10\/100 par\n|-damage|p1b: Arcanine|65\/100|[from] Recoil\n|move|p1a: Azumarill|Liquidation|p2b: Arcanine\n|-activate|p2b: Arcanine|move: Protect\n|move|p2a: Gothitelle|Heal Pulse|p2b: Arcanine\n|-activate|p2b: Arcanine|move: Protect\n|\n|-start|p1b: Arcanine|perish0\n|-start|p1a: Azumarill|perish0\n|-start|p2a: Gothitelle|perish0\n|faint|p1b: Arcanine\n|faint|p1a: Azumarill\n|faint|p2a: Gothitelle\n|upkeep\n|inactive|letcheflan has 30 seconds left.\n|inactive|letcheflan has 20 seconds left.\n|inactive|letcheflan has 15 seconds left.\n|\n|t:|1683356429\n|switch|p1a: Lucario|Lucario, L50, M, shiny|100\/100\n|turn|9\n|\n|t:|1683356443\n|-terastallize|p1a: Lucario|Normal\n|move|p1a: Lucario|Swords Dance|p1a: Lucario\n|-boost|p1a: Lucario|atk|2\n|move|p2b: Arcanine|Heat Wave|p1a: Lucario\n|-damage|p1a: Lucario|65\/100\n|-heal|p2b: Arcanine|99\/100|[from] item: Shell Bell|[of] p1a: Lucario\n|\n|upkeep\n|turn|10\n|\n|t:|1683356457\n|move|p1a: Lucario|Extreme Speed|p2b: Arcanine\n|-damage|p2b: Arcanine|11\/100\n|move|p2b: Arcanine|Heat Wave|p1a: Lucario\n|-damage|p1a: Lucario|31\/100\n|-heal|p2b: Arcanine|14\/100|[from] item: Shell Bell|[of] p1a: Lucario\n|\n|upkeep\n|turn|11\n|\n|t:|1683356466\n|-terastallize|p2b: Arcanine|Water\n|move|p1a: Lucario|Extreme Speed|p2b: Arcanine\n|-damage|p2b: Arcanine|0 fnt\n|faint|p2b: Arcanine\n|\n|win|letcheflan\n|raw|letcheflan's rating: 1094 → 1113<\/strong> (+19 for winning)\n|raw|Nemesus69's rating: 1000 → 1000<\/strong> (+0 for losing)\n|l|\u2606Nemesus69\n","uploadtime":1683356508,"views":8,"p1id":"letcheflan","p2id":"nemesus69","formatid":"gen9vgc2023regulationc","rating":1000,"private":0,"password":""}