{"id":"gen9vgc2023regulationc-1863244297","p1":"momoRX","p2":"Tehspap","format":"[Gen 9] VGC 2023 Regulation C","log":"|j|\u2606momoRX\n|j|\u2606Tehspap\n|t:|1683992977\n|gametype|doubles\n|player|p1|momoRX|hugh|1235\n|player|p2|Tehspap|crasherwake|1145\n|teamsize|p1|6\n|teamsize|p2|6\n|gen|9\n|tier|[Gen 9] VGC 2023 Regulation C\n|rated|\n|rule|Species Clause: Limit one of each Pok\u00e9mon\n|rule|Item Clause: Limit one of each item\n|clearpoke\n|poke|p1|Iron Bundle, L50|\n|poke|p1|Chi-Yu, L50|\n|poke|p1|Flutter Mane, L50|\n|poke|p1|Dondozo, L50, M|\n|poke|p1|Tatsugiri, L50, M|\n|poke|p1|Glimmora, L50, M|\n|poke|p2|Armarouge, L50, M|\n|poke|p2|Indeedee-F, L50, F|\n|poke|p2|Slowbro, L50, F|\n|poke|p2|Gastrodon-East, L50, M|\n|poke|p2|Iron Hands, L50|\n|poke|p2|Torkoal, L50, F|\n|teampreview|4\n|c|\u2606Tehspap|Hf\nmomoRX has agreed to open team sheets.\n|inactive|Battle timer is ON: inactive players will automatically lose when time's up. (requested by Tehspap)\n|\n|t:|1683993011\n|start\n|switch|p1a: Penguin Soldier|Iron Bundle, L50|100\/100\n|switch|p1b: Ash Blossom|Flutter Mane, L50|100\/100\n|switch|p2a: Armarouge|Armarouge, L50, M|100\/100\n|switch|p2b: Indeedee|Indeedee-F, L50, F|100\/100\n|-fieldstart|move: Psychic Terrain|[from] ability: Psychic Surge|[of] p2b: Indeedee\n|-enditem|p2b: Indeedee|Psychic Seed\n|-boost|p2b: Indeedee|spd|1|[from] item: Psychic Seed\n|-enditem|p1a: Penguin Soldier|Booster Energy\n|-activate|p1a: Penguin Soldier|ability: Quark Drive|[fromitem]\n|-start|p1a: Penguin Soldier|quarkdrivespe\n|turn|1\n|\n|t:|1683993032\n|move|p1a: Penguin Soldier|Protect|p1a: Penguin Soldier\n|-singleturn|p1a: Penguin Soldier|Protect\n|move|p2a: Armarouge|Protect|p2a: Armarouge\n|-singleturn|p2a: Armarouge|Protect\n|move|p1b: Ash Blossom|Dazzling Gleam|p2a: Armarouge|[spread] p2b\n|-activate|p2a: Armarouge|move: Protect\n|-damage|p2b: Indeedee|73\/100\n|move|p2b: Indeedee|Trick Room|p2b: Indeedee\n|-fieldstart|move: Trick Room|[of] p2b: Indeedee\n|\n|upkeep\n|turn|2\n|\n|t:|1683993049\n|move|p2b: Indeedee|Helping Hand|p2a: Armarouge\n|-singleturn|p2a: Armarouge|Helping Hand|[of] p2b: Indeedee\n|move|p2a: Armarouge|Expanding Force|p1a: Penguin Soldier|[spread] p1a,p1b\n|-damage|p1a: Penguin Soldier|0 fnt\n|-damage|p1b: Ash Blossom|0 fnt\n|faint|p1a: Penguin Soldier\n|-end|p1a: Penguin Soldier|Quark Drive|[silent]\n|faint|p1b: Ash Blossom\n|-end|p1b: Ash Blossom|Protosynthesis|[silent]\n|-damage|p2a: Armarouge|91\/100|[from] item: Life Orb\n|\n|upkeep\n|\n|t:|1683993060\n|switch|p1b: Tatsugiri|Tatsugiri, L50, M|100\/100\n|switch|p1a: Dondozo|Dondozo, L50, M|100\/100\n|-activate|p1b: Tatsugiri|ability: Commander|[of] p1a: Dondozo\n|-boost|p1a: Dondozo|atk|2\n|-boost|p1a: Dondozo|spa|2\n|-boost|p1a: Dondozo|spe|2\n|-boost|p1a: Dondozo|def|2\n|-boost|p1a: Dondozo|spd|2\n|turn|3\n|\n|t:|1683993074\n|move|p2b: Indeedee|Helping Hand|p2a: Armarouge\n|-singleturn|p2a: Armarouge|Helping Hand|[of] p2b: Indeedee\n|move|p2a: Armarouge|Expanding Force|p1a: Dondozo|[spread] p1a\n|-miss|p2a: Armarouge|p1b: Tatsugiri\n|-damage|p1a: Dondozo|24\/100\n|-enditem|p1a: Dondozo|Aguav Berry|[eat]\n|-heal|p1a: Dondozo|58\/100|[from] item: Aguav Berry\n|-damage|p2a: Armarouge|81\/100|[from] item: Life Orb\n|move|p1a: Dondozo|Order Up|p2b: Indeedee\n|-damage|p2b: Indeedee|24\/100\n|-boost|p1a: Dondozo|atk|1\n|\n|upkeep\n|turn|4\n|\n|t:|1683993090\n|move|p2b: Indeedee|Helping Hand|p2a: Armarouge\n|-singleturn|p2a: Armarouge|Helping Hand|[of] p2b: Indeedee\n|move|p2a: Armarouge|Expanding Force|p1a: Dondozo|[spread] p1a\n|-miss|p2a: Armarouge|p1b: Tatsugiri\n|-damage|p1a: Dondozo|0 fnt\n|faint|p1a: Dondozo\n|-damage|p2a: Armarouge|71\/100|[from] item: Life Orb\n|\n|upkeep\n|turn|5\n|-message|momoRX forfeited.\n|\n|win|Tehspap\n|raw|momoRX's rating: 1235 → 1204<\/strong> (-31 for losing)\n|raw|Tehspap's rating: 1145 → 1176<\/strong> (+31 for winning)\n|l|\u2606momoRX\n","uploadtime":1683993102,"views":5,"p1id":"momorx","p2id":"tehspap","formatid":"gen9vgc2023regulationc","rating":1176,"private":0,"password":""}