{"id":"gen9vgc2023regulationc-1858978228","p1":"Jaywill06","p2":"giratina99","format":"[Gen 9] VGC 2023 Regulation C","log":"|j|\u2606Jaywill06\n|j|\u2606giratina99\n|t:|1683390280\n|gametype|doubles\n|player|p1|Jaywill06|rosa|1087\n|player|p2|giratina99|skier|1113\n|teamsize|p1|6\n|teamsize|p2|6\n|gen|9\n|tier|[Gen 9] VGC 2023 Regulation C\n|rated|\n|rule|Species Clause: Limit one of each Pok\u00e9mon\n|rule|Item Clause: Limit one of each item\n|clearpoke\n|poke|p1|Pawmot, L50, F|\n|poke|p1|Dondozo, L50, M|\n|poke|p1|Tatsugiri, L50, M|\n|poke|p1|Iron Bundle, L50|\n|poke|p1|Murkrow, L50, F|\n|poke|p1|Gholdengo, L50|\n|poke|p2|Palafin, L50, M|\n|poke|p2|Chien-Pao, L50|\n|poke|p2|Dragapult, L50, F|\n|poke|p2|Amoonguss, L50, F|\n|poke|p2|Arcanine, L50, F|\n|poke|p2|Flutter Mane, L50|\n|teampreview|4\n|inactive|Battle timer is ON: inactive players will automatically lose when time's up. (requested by giratina99)\n|\n|t:|1683390304\n|start\n|switch|p1a: King|Gholdengo, L50|100\/100\n|switch|p1b: Deshaun|Murkrow, L50, F|100\/100\n|switch|p2a: Palafin|Palafin, L50, M|100\/100\n|switch|p2b: Flutter Mane|Flutter Mane, L50|100\/100\n|-enditem|p2b: Flutter Mane|Booster Energy\n|-activate|p2b: Flutter Mane|ability: Protosynthesis|[fromitem]\n|-start|p2b: Flutter Mane|protosynthesisspa\n|turn|1\n|inactive|giratina99 has 30 seconds left.\n|inactive|Jaywill06 has 30 seconds left.\n|\n|t:|1683390336\n|-end|p2b: Flutter Mane|Protosynthesis|[silent]\n|switch|p2b: Amoonguss|Amoonguss, L50, F|100\/100\n|-terastallize|p1a: King|Steel\n|move|p2a: Palafin|Jet Punch|p1a: King\n|-damage|p1a: King|70\/100\n|move|p1b: Deshaun|Tailwind|p1b: Deshaun\n|-sidestart|p1: Jaywill06|move: Tailwind\n|move|p1a: King|Shadow Ball|p2b: Amoonguss\n|-damage|p2b: Amoonguss|53\/100\n|\n|upkeep\n|turn|2\n|\n|t:|1683390358\n|move|p2a: Palafin|Protect|p2a: Palafin\n|-singleturn|p2a: Palafin|Protect\n|move|p1b: Deshaun|Taunt|p2b: Amoonguss\n|-start|p2b: Amoonguss|move: Taunt\n|move|p1a: King|Shadow Ball|p2a: Palafin\n|-activate|p2a: Palafin|move: Protect\n|cant|p2b: Amoonguss|move: Taunt|Spore\n|\n|upkeep\n|turn|3\n|\n|t:|1683390376\n|move|p2a: Palafin|Jet Punch|p1a: King\n|-crit|p1a: King\n|-damage|p1a: King|24\/100\n|move|p1a: King|Shadow Ball|p2a: Palafin\n|-crit|p2a: Palafin\n|-damage|p2a: Palafin|0 fnt\n|faint|p2a: Palafin\n|move|p1b: Deshaun|Foul Play|p2b: Amoonguss\n|-damage|p2b: Amoonguss|32\/100\n|-enditem|p2b: Amoonguss|Sitrus Berry|[eat]\n|-heal|p2b: Amoonguss|57\/100|[from] item: Sitrus Berry\n|move|p2b: Amoonguss|Pollen Puff|p1a: King\n|-resisted|p1a: King\n|-damage|p1a: King|13\/100\n|\n|upkeep\n|\n|t:|1683390392\n|switch|p2a: Chien-Pao|Chien-Pao, L50|100\/100\n|-ability|p2a: Chien-Pao|Sword of Ruin\n|turn|4\n|\n|t:|1683390415\n|switch|p1a: Dupes|Dondozo, L50, M|100\/100\n|switch|p1b: Mini|Tatsugiri, L50, M|100\/100\n|-activate|p1b: Mini|ability: Commander|[of] p1a: Dupes\n|-boost|p1a: Dupes|atk|2\n|-boost|p1a: Dupes|spa|2\n|-boost|p1a: Dupes|spe|2\n|-boost|p1a: Dupes|def|2\n|-boost|p1a: Dupes|spd|2\n|switch|p2b: Flutter Mane|Flutter Mane, L50|100\/100\n|move|p2a: Chien-Pao|Protect||[still]\n|-fail|p2a: Chien-Pao\n|\n|-sideend|p1: Jaywill06|move: Tailwind\n|upkeep\n|turn|5\n|inactive|giratina99 has 30 seconds left.\n|\n|t:|1683390446\n|-terastallize|p2b: Flutter Mane|Fairy\n|move|p2a: Chien-Pao|Sucker Punch|p1a: Dupes\n|-damage|p1a: Dupes|82\/100\n|move|p1a: Dupes|Earthquake|p2b: Flutter Mane|[spread] p2a,p2b\n|-miss|p1a: Dupes|p1b: Mini\n|-damage|p2a: Chien-Pao|37\/100\n|-damage|p2b: Flutter Mane|17\/100\n|move|p2b: Flutter Mane|Moonblast|p1a: Dupes\n|-damage|p1a: Dupes|44\/100\n|\n|upkeep\n|turn|6\n|\n|t:|1683390469\n|switch|p2a: Amoonguss|Amoonguss, L50, F|90\/100\n|move|p2b: Flutter Mane|Protect|p2b: Flutter Mane\n|-singleturn|p2b: Flutter Mane|Protect\n|move|p1a: Dupes|Earthquake|p2b: Flutter Mane|[spread] p2a\n|-miss|p1a: Dupes|p1b: Mini\n|-activate|p2b: Flutter Mane|move: Protect\n|-damage|p2a: Amoonguss|51\/100\n|\n|upkeep\n|turn|7\n|\n|t:|1683390485\n|-end|p2b: Flutter Mane|Protosynthesis|[silent]\n|switch|p2b: Chien-Pao|Chien-Pao, L50|37\/100\n|-ability|p2b: Chien-Pao|Sword of Ruin\n|move|p1a: Dupes|Earthquake|p2a: Amoonguss|[spread] p2a,p2b\n|-miss|p1a: Dupes|p1b: Mini\n|-damage|p2a: Amoonguss|4\/100\n|-damage|p2b: Chien-Pao|0 fnt\n|faint|p2b: Chien-Pao\n|move|p2a: Amoonguss|Spore|p1a: Dupes\n|-status|p1a: Dupes|slp|[from] move: Spore\n|\n|upkeep\n|\n|t:|1683390495\n|switch|p2b: Flutter Mane|Flutter Mane, L50, tera:Fairy|17\/100\n|turn|8\n|\n|t:|1683390503\n|cant|p1a: Dupes|slp\n|move|p1a: Dupes|Sleep Talk|p1a: Dupes\n|move|p1a: Dupes|Earthquake|p2b: Flutter Mane|[from]move: Sleep Talk|[spread] p2a,p2b\n|-miss|p1a: Dupes|p1b: Mini\n|-damage|p2a: Amoonguss|0 fnt\n|-damage|p2b: Flutter Mane|0 fnt\n|faint|p2a: Amoonguss\n|faint|p2b: Flutter Mane\n|-end|p2b: Flutter Mane|Protosynthesis|[silent]\n|\n|win|Jaywill06\n|raw|Jaywill06's rating: 1087 → 1116<\/strong> (+29 for winning)\n|raw|giratina99's rating: 1113 → 1086<\/strong> (-27 for losing)\n|l|\u2606giratina99\n","uploadtime":1683390517,"views":10,"p1id":"jaywill06","p2id":"giratina99","formatid":"gen9vgc2023regulationc","rating":1086,"private":0,"password":""}