{"id":"gen9vgc2023regulationc-1864381571","p1":"A5h3r","p2":"BoredBred","format":"[Gen 9] VGC 2023 Regulation C","log":"|j|\u2606A5h3r\n|j|\u2606BoredBred\n|t:|1684161472\n|gametype|doubles\n|player|p1|A5h3r|benga|1016\n|player|p2|BoredBred|101|1065\n|teamsize|p1|6\n|teamsize|p2|6\n|gen|9\n|tier|[Gen 9] VGC 2023 Regulation C\n|rated|\n|rule|Species Clause: Limit one of each Pok\u00e9mon\n|rule|Item Clause: Limit one of each item\n|clearpoke\n|poke|p1|Maushold, L50|\n|poke|p1|Annihilape, L50, M|\n|poke|p1|Dondozo, L50, M|\n|poke|p1|Tatsugiri-Stretchy, L50, F|\n|poke|p1|Murkrow, L50, M|\n|poke|p1|Flamigo, L50, F|\n|poke|p2|Eelektross, L50, M|\n|poke|p2|Amoonguss, L50, F|\n|poke|p2|Gastrodon-East, L50, F|\n|poke|p2|Ceruledge, L50, F|\n|poke|p2|Grimmsnarl, L50, M|\n|poke|p2|Hippowdon, L50, F|\n|teampreview|4\n|inactive|Battle timer is ON: inactive players will automatically lose when time's up. (requested by BoredBred)\n|inactive|A5h3r has 60 seconds left.\n|inactive|BoredBred has 60 seconds left.\nBoredBred has agreed to open team sheets.\nA5h3r rejected open team sheets.\n|inactive|A5h3r has 30 seconds left.\n|c|\u2606A5h3r|srry\n|inactive|BoredBred has 30 seconds left.\n|inactive|BoredBred has 20 seconds left.\n|\n|t:|1684161552\n|start\n|switch|p1a: Murkrow|Murkrow, L50, M|100\/100\n|switch|p1b: Annihilape|Annihilape, L50, M|100\/100\n|switch|p2a: Grimmsnarl|Grimmsnarl, L50, M|100\/100\n|switch|p2b: Gastrodon|Gastrodon-East, L50, F|100\/100\n|turn|1\n|inactive|A5h3r has 30 seconds left.\n|\n|t:|1684161581\n|move|p1a: Murkrow|Tailwind|p1a: Murkrow\n|-sidestart|p1: A5h3r|move: Tailwind\n|move|p2a: Grimmsnarl|Taunt|p1a: Murkrow\n|-hint|Since gen 7, Dark is immune to Prankster moves.\n|-immune|p1a: Murkrow\n|move|p1b: Annihilape|Bulk Up|p1b: Annihilape\n|-boost|p1b: Annihilape|atk|1\n|-boost|p1b: Annihilape|def|1\n|move|p2b: Gastrodon|Yawn|p1b: Annihilape\n|-start|p1b: Annihilape|move: Yawn|[of] p2b: Gastrodon\n|\n|upkeep\n|turn|2\n|inactive|A5h3r has 30 seconds left.\n|\n|t:|1684161611\n|switch|p1b: Flamigo|Flamigo, L50, F|100\/100\n|-copyboost|p1b: Flamigo|p1a: Murkrow|[from] ability: Costar\n|switch|p2a: Amoonguss|Amoonguss, L50, F|100\/100\n|move|p2b: Gastrodon|Protect|p2b: Gastrodon\n|-singleturn|p2b: Gastrodon|Protect\n|move|p1a: Murkrow|Taunt|p2b: Gastrodon\n|-activate|p2b: Gastrodon|move: Protect\n|\n|upkeep\n|turn|3\n|inactive|A5h3r has 30 seconds left.\n|inactive|BoredBred has 30 seconds left.\n|\n|t:|1684161645\n|switch|p2b: Grimmsnarl|Grimmsnarl, L50, M|100\/100\n|move|p1b: Flamigo|Protect|p1b: Flamigo\n|-singleturn|p1b: Flamigo|Protect\n|move|p1a: Murkrow|Taunt|p2a: Amoonguss\n|-start|p2a: Amoonguss|move: Taunt\n|cant|p2a: Amoonguss|move: Taunt|Spore\n|\n|upkeep\n|turn|4\n|inactive|A5h3r has 30 seconds left.\n|inactive|BoredBred has 30 seconds left.\n|\n|t:|1684161674\n|switch|p1a: Annihilape|Annihilape, L50, M|100\/100\n|switch|p2a: Gastrodon|Gastrodon-East, L50, F|100\/100\n|move|p2b: Grimmsnarl|Fake Out|p1b: Flamigo\n|-damage|p1b: Flamigo|82\/100\n|cant|p1b: Flamigo|flinch\n|\n|-sideend|p1: A5h3r|move: Tailwind\n|upkeep\n|turn|5\n|inactive|A5h3r has 30 seconds left.\n|inactive|BoredBred has 30 seconds left.\n|inactive|BoredBred has 20 seconds left.\n|\n|t:|1684161718\n|move|p1a: Annihilape|Protect|p1a: Annihilape\n|-singleturn|p1a: Annihilape|Protect\n|move|p1b: Flamigo|Brave Bird|p2a: Gastrodon\n|-damage|p2a: Gastrodon|38\/100\n|-damage|p1b: Flamigo|53\/100|[from] Recoil\n|move|p2b: Grimmsnarl|Spirit Break|p1a: Annihilape\n|-activate|p1a: Annihilape|move: Protect\n|move|p2a: Gastrodon|Yawn|p1b: Flamigo\n|-start|p1b: Flamigo|move: Yawn|[of] p2a: Gastrodon\n|\n|upkeep\n|turn|6\n|\n|t:|1684161739\n|switch|p1b: Murkrow|Murkrow, L50, M|100\/100\n|switch|p2a: Amoonguss|Amoonguss, L50, F|100\/100\n|move|p2b: Grimmsnarl|Taunt|p1a: Annihilape\n|-start|p1a: Annihilape|move: Taunt\n|cant|p1a: Annihilape|move: Taunt|Bulk Up\n|\n|upkeep\n|turn|7\n|\n|t:|1684161763\n|move|p1b: Murkrow|Tailwind|p1b: Murkrow\n|-sidestart|p1: A5h3r|move: Tailwind\n|move|p1a: Annihilape|Drain Punch|p2b: Grimmsnarl\n|-damage|p2b: Grimmsnarl|64\/100\n|move|p2b: Grimmsnarl|Spirit Break|p1a: Annihilape\n|-supereffective|p1a: Annihilape\n|-damage|p1a: Annihilape|36\/100\n|-unboost|p1a: Annihilape|spa|1\n|-ability|p1a: Annihilape|Defiant|boost\n|-boost|p1a: Annihilape|atk|2\n|-enditem|p1a: Annihilape|Weakness Policy\n|-boost|p1a: Annihilape|atk|2|[from] item: Weakness Policy\n|-boost|p1a: Annihilape|spa|2|[from] item: Weakness Policy\n|move|p2a: Amoonguss|Spore|p1b: Murkrow\n|-status|p1b: Murkrow|slp|[from] move: Spore\n|\n|upkeep\n|turn|8\n|inactive|A5h3r has 30 seconds left.\n|inactive|BoredBred has 30 seconds left.\n|\n|t:|1684161790\n|switch|p1b: Flamigo|Flamigo, L50, F|53\/100\n|-copyboost|p1b: Flamigo|p1a: Annihilape|[from] ability: Costar\n|-terastallize|p1a: Annihilape|Ghost\n|move|p2a: Amoonguss|Rage Powder|p2a: Amoonguss\n|-singleturn|p2a: Amoonguss|move: Rage Powder\n|move|p1a: Annihilape|Drain Punch|p2a: Amoonguss\n|-resisted|p2a: Amoonguss\n|-crit|p2a: Amoonguss\n|-damage|p2a: Amoonguss|29\/100\n|-heal|p1a: Annihilape|73\/100|[from] drain|[of] p2a: Amoonguss\n|-damage|p1a: Annihilape|56\/100|[from] item: Rocky Helmet|[of] p2a: Amoonguss\n|-status|p1a: Annihilape|par|[from] ability: Effect Spore|[of] p2a: Amoonguss\n|move|p2b: Grimmsnarl|Spirit Break|p1a: Annihilape\n|-damage|p1a: Annihilape|18\/100 par\n|-unboost|p1a: Annihilape|spa|1\n|-ability|p1a: Annihilape|Defiant|boost\n|-boost|p1a: Annihilape|atk|2\n|\n|-end|p1a: Annihilape|move: Taunt\n|upkeep\n|turn|9\n|inactive|A5h3r has 30 seconds left.\n|inactive|BoredBred has 30 seconds left.\n|inactive|BoredBred has 20 seconds left.\n|\n|t:|1684161825\n|move|p2a: Amoonguss|Rage Powder|p2a: Amoonguss\n|-singleturn|p2a: Amoonguss|move: Rage Powder\n|move|p1b: Flamigo|Brave Bird|p2a: Amoonguss\n|-supereffective|p2a: Amoonguss\n|-damage|p2a: Amoonguss|0 fnt\n|-damage|p1b: Flamigo|37\/100|[from] item: Rocky Helmet|[of] p2a: Amoonguss\n|faint|p2a: Amoonguss\n|-damage|p1b: Flamigo|24\/100|[from] Recoil\n|move|p1a: Annihilape|Drain Punch|p2b: Grimmsnarl\n|-damage|p2b: Grimmsnarl|0 fnt\n|-heal|p1a: Annihilape|48\/100 par|[from] drain|[of] p2b: Grimmsnarl\n|faint|p2b: Grimmsnarl\n|\n|upkeep\n|\n|t:|1684161840\n|switch|p2b: Eelektross|Eelektross, L50, M|100\/100\n|switch|p2a: Gastrodon|Gastrodon-East, L50, F|38\/100\n|turn|10\n|\n|t:|1684161856\n|move|p1b: Flamigo|Protect|p1b: Flamigo\n|-singleturn|p1b: Flamigo|Protect\n|move|p1a: Annihilape|Protect|p1a: Annihilape\n|-singleturn|p1a: Annihilape|Protect\n|move|p2a: Gastrodon|Protect|p2a: Gastrodon\n|-singleturn|p2a: Gastrodon|Protect\n|move|p2b: Eelektross|Stomping Tantrum|p1a: Annihilape\n|-activate|p1a: Annihilape|move: Protect\n|\n|-sideend|p1: A5h3r|move: Tailwind\n|upkeep\n|turn|11\n|inactive|A5h3r has 30 seconds left.\n|\n|t:|1684161883\n|move|p2a: Gastrodon|Protect||[still]\n|-fail|p2a: Gastrodon\n|move|p1b: Flamigo|Close Combat|p2b: Eelektross\n|-damage|p2b: Eelektross|0 fnt\n|-unboost|p1b: Flamigo|def|1\n|-unboost|p1b: Flamigo|spd|1\n|-enditem|p1b: Flamigo|White Herb\n|-clearnegativeboost|p1b: Flamigo|[silent]\n|faint|p2b: Eelektross\n|move|p1a: Annihilape|Drain Punch|p2a: Gastrodon\n|-damage|p2a: Gastrodon|0 fnt\n|-heal|p1a: Annihilape|67\/100 par|[from] drain|[of] p2a: Gastrodon\n|faint|p2a: Gastrodon\n|\n|win|A5h3r\n|raw|A5h3r's rating: 1016 → 1059<\/strong> (+43 for winning)\n|raw|BoredBred's rating: 1065 → 1042<\/strong> (-23 for losing)\n|c|\u2606A5h3r|gg\n","uploadtime":1684162107,"views":5,"p1id":"a5h3r","p2id":"boredbred","formatid":"gen9vgc2023regulationc","rating":1042,"private":0,"password":""}