{"id":"gen9vgc2023regulationc-1862037481","p1":"Beru98","p2":"Lizardon0311","format":"[Gen 9] VGC 2023 Regulation C","log":"|j|\u2606Beru98\n|j|\u2606Lizardon0311\n|t:|1683830949\n|gametype|doubles\n|player|p1|Beru98|1|1339\n|player|p2|Lizardon0311|170|1306\n|teamsize|p1|6\n|teamsize|p2|6\n|gen|9\n|tier|[Gen 9] VGC 2023 Regulation C\n|rated|\n|rule|Species Clause: Limit one of each Pok\u00e9mon\n|rule|Item Clause: Limit one of each item\n|clearpoke\n|poke|p1|Gyarados, L50, M|\n|poke|p1|Kingambit, L50, M|\n|poke|p1|Baxcalibur, L50, F|\n|poke|p1|Flutter Mane, L50|\n|poke|p1|Chien-Pao, L50|\n|poke|p1|Amoonguss, L50, M|\n|poke|p2|Ting-Lu, L50|\n|poke|p2|Flutter Mane, L50|\n|poke|p2|Ceruledge, L50, F|\n|poke|p2|Palafin, L50, F|\n|poke|p2|Amoonguss, L50, M|\n|poke|p2|Iron Hands, L50|\n|teampreview|4\n|inactive|Battle timer is ON: inactive players will automatically lose when time's up. (requested by Lizardon0311)\n|inactive|Beru98 has 60 seconds left.\n|inactive|Lizardon0311 has 60 seconds left.\n|\n|t:|1683831002\n|start\n|switch|p1a: Flutter Mane|Flutter Mane, L50|100\/100\n|switch|p1b: Kingambit|Kingambit, L50, M|100\/100\n|switch|p2a: Flutter Mane|Flutter Mane, L50, shiny|100\/100\n|switch|p2b: Iron Hands|Iron Hands, L50, shiny|100\/100\n|-enditem|p1a: Flutter Mane|Booster Energy\n|-activate|p1a: Flutter Mane|ability: Protosynthesis|[fromitem]\n|-start|p1a: Flutter Mane|protosynthesisspa\n|turn|1\n|inactive|Lizardon0311 has 30 seconds left.\n|inactive|Lizardon0311 has 20 seconds left.\n|inactive|Lizardon0311 has 15 seconds left.\n|inactive|Lizardon0311 has 10 seconds left.\n|\n|t:|1683831051\n|-terastallize|p1b: Kingambit|Fire\n|move|p1a: Flutter Mane|Protect|p1a: Flutter Mane\n|-singleturn|p1a: Flutter Mane|Protect\n|move|p2b: Iron Hands|Fake Out|p1b: Kingambit\n|-damage|p1b: Kingambit|90\/100\n|cant|p1b: Kingambit|flinch\n|move|p2a: Flutter Mane|Shadow Ball|p1a: Flutter Mane\n|-activate|p1a: Flutter Mane|move: Protect\n|\n|upkeep\n|turn|2\n|\n|t:|1683831067\n|-end|p1a: Flutter Mane|Protosynthesis|[silent]\n|switch|p1a: Chien-Pao|Chien-Pao, L50|100\/100\n|-ability|p1a: Chien-Pao|Sword of Ruin\n|move|p1b: Kingambit|Sucker Punch|p2a: Flutter Mane\n|-damage|p2a: Flutter Mane|21\/100\n|move|p2a: Flutter Mane|Shadow Ball|p1a: Chien-Pao\n|-resisted|p1a: Chien-Pao\n|-damage|p1a: Chien-Pao|58\/100\n|-unboost|p1a: Chien-Pao|spd|1\n|move|p2b: Iron Hands|Wild Charge|p1a: Chien-Pao\n|-damage|p1a: Chien-Pao|0 fnt\n|faint|p1a: Chien-Pao\n|-damage|p2b: Iron Hands|91\/100|[from] Recoil\n|\n|upkeep\n|\n|t:|1683831081\n|switch|p1a: Flutter Mane|Flutter Mane, L50|100\/100\n|turn|3\n|\n|t:|1683831093\n|-end|p2a: Flutter Mane|Protosynthesis|[silent]\n|switch|p2a: Amoonguss|Amoonguss, L50, M, shiny|100\/100\n|switch|p1b: Gyarados|Gyarados, L50, M|100\/100\n|-ability|p1b: Gyarados|Intimidate|boost\n|-unboost|p2a: Amoonguss|atk|1\n|-unboost|p2b: Iron Hands|atk|1\n|move|p1a: Flutter Mane|Moonblast|p2b: Iron Hands\n|-supereffective|p2b: Iron Hands\n|-damage|p2b: Iron Hands|36\/100\n|move|p2b: Iron Hands|Drain Punch|p1b: Gyarados\n|-resisted|p1b: Gyarados\n|-damage|p1b: Gyarados|89\/100\n|-heal|p2b: Iron Hands|41\/100|[from] drain|[of] p1b: Gyarados\n|\n|upkeep\n|turn|4\n|inactive|Beru98 has 30 seconds left.\n|inactive|Lizardon0311 has 30 seconds left.\n|\n|t:|1683831122\n|move|p2a: Amoonguss|Protect|p2a: Amoonguss\n|-singleturn|p2a: Amoonguss|Protect\n|move|p1a: Flutter Mane|Moonblast|p2b: Iron Hands\n|-supereffective|p2b: Iron Hands\n|-damage|p2b: Iron Hands|0 fnt\n|faint|p2b: Iron Hands\n|-end|p2b: Iron Hands|Quark Drive|[silent]\n|move|p1b: Gyarados|Taunt|p2a: Amoonguss\n|-activate|p2a: Amoonguss|move: Protect\n|\n|upkeep\n|\n|t:|1683831139\n|switch|p2b: Flutter Mane|Flutter Mane, L50, shiny|21\/100\n|turn|5\n|\n|t:|1683831146\n|switch|p1b: Kingambit|Kingambit, L50, M, tera:Fire|90\/100\n|move|p1a: Flutter Mane|Protect|p1a: Flutter Mane\n|-singleturn|p1a: Flutter Mane|Protect\n|move|p2a: Amoonguss|Rage Powder|p2a: Amoonguss\n|-singleturn|p2a: Amoonguss|move: Rage Powder\n|move|p2b: Flutter Mane|Shadow Ball|p1a: Flutter Mane\n|-activate|p1a: Flutter Mane|move: Protect\n|\n|upkeep\n|turn|6\n|inactive|Beru98 has 30 seconds left.\n|\n|t:|1683831173\n|-end|p1a: Flutter Mane|Protosynthesis|[silent]\n|switch|p1a: Gyarados|Gyarados, L50, M|89\/100\n|-ability|p1a: Gyarados|Intimidate|boost\n|-unboost|p2a: Amoonguss|atk|1\n|-unboost|p2b: Flutter Mane|atk|1\n|move|p2a: Amoonguss|Rage Powder|p2a: Amoonguss\n|-singleturn|p2a: Amoonguss|move: Rage Powder\n|move|p2b: Flutter Mane|Shadow Ball|p1a: Gyarados\n|-damage|p1a: Gyarados|47\/100\n|-enditem|p1a: Gyarados|Sitrus Berry|[eat]\n|-heal|p1a: Gyarados|71\/100|[from] item: Sitrus Berry\n|move|p1b: Kingambit|Kowtow Cleave|p2a: Amoonguss\n|-damage|p2a: Amoonguss|59\/100\n|\n|upkeep\n|turn|7\n|\n|t:|1683831197\n|move|p2a: Amoonguss|Rage Powder|p2a: Amoonguss\n|-singleturn|p2a: Amoonguss|move: Rage Powder\n|move|p2b: Flutter Mane|Shadow Ball|p1a: Gyarados\n|-damage|p1a: Gyarados|31\/100\n|move|p1a: Gyarados|Taunt|p2a: Amoonguss\n|-start|p2a: Amoonguss|move: Taunt\n|move|p1b: Kingambit|Kowtow Cleave|p2a: Amoonguss\n|-damage|p2a: Amoonguss|16\/100\n|-enditem|p2a: Amoonguss|Sitrus Berry|[eat]\n|-heal|p2a: Amoonguss|40\/100|[from] item: Sitrus Berry\n|\n|upkeep\n|turn|8\n|\n|t:|1683831220\n|-end|p2b: Flutter Mane|Protosynthesis|[silent]\n|switch|p2b: Ceruledge|Ceruledge, L50, F, shiny|100\/100\n|move|p1b: Kingambit|Sucker Punch||[still]\n|-fail|p1b: Kingambit\n|move|p1a: Gyarados|Thunder Wave|p2a: Amoonguss\n|-status|p2a: Amoonguss|par\n|cant|p2a: Amoonguss|par\n|\n|upkeep\n|turn|9\n|\n|t:|1683831238\n|switch|p2a: Flutter Mane|Flutter Mane, L50, shiny|21\/100\n|-terastallize|p2b: Ceruledge|Grass\n|move|p2b: Ceruledge|Bulk Up|p2b: Ceruledge\n|-boost|p2b: Ceruledge|atk|1\n|-boost|p2b: Ceruledge|def|1\n|move|p1a: Gyarados|Thunder Wave|p2b: Ceruledge\n|-status|p2b: Ceruledge|par\n|move|p1b: Kingambit|Kowtow Cleave|p2a: Flutter Mane\n|-damage|p2a: Flutter Mane|0 fnt\n|faint|p2a: Flutter Mane\n|-end|p2a: Flutter Mane|Protosynthesis|[silent]\n|\n|upkeep\n|\n|t:|1683831249\n|switch|p2a: Amoonguss|Amoonguss, L50, M, shiny|74\/100 par\n|turn|10\n|\n|t:|1683831264\n|move|p2a: Amoonguss|Rage Powder|p2a: Amoonguss\n|-singleturn|p2a: Amoonguss|move: Rage Powder\n|move|p1a: Gyarados|Taunt|p2a: Amoonguss\n|-start|p2a: Amoonguss|move: Taunt\n|move|p1b: Kingambit|Iron Head|p2a: Amoonguss\n|-damage|p2a: Amoonguss|34\/100 par\n|cant|p2b: Ceruledge|par\n|\n|upkeep\n|turn|11\n|\n|t:|1683831281\n|cant|p2b: Ceruledge|par\n|move|p1a: Gyarados|Iron Head|p2b: Ceruledge\n|-damage|p2b: Ceruledge|84\/100 par\n|move|p1b: Kingambit|Iron Head|p2a: Amoonguss\n|-damage|p2a: Amoonguss|0 fnt\n|faint|p2a: Amoonguss\n|\n|upkeep\n|turn|12\n|\n|t:|1683831291\n|move|p2b: Ceruledge|Shadow Sneak|p1a: Gyarados\n|-damage|p1a: Gyarados|6\/100\n|move|p1a: Gyarados|Iron Head|p2b: Ceruledge\n|-damage|p2b: Ceruledge|67\/100 par\n|move|p1b: Kingambit|Iron Head|p2b: Ceruledge\n|-damage|p2b: Ceruledge|34\/100 par\n|\n|upkeep\n|turn|13\n|-message|Lizardon0311 forfeited.\n|\n|win|Beru98\n|raw|Beru98's rating: 1339 → 1357<\/strong> (+18 for winning)\n|raw|Lizardon0311's rating: 1306 → 1288<\/strong> (-18 for losing)\n|l|\u2606Beru98\n","uploadtime":1683831306,"views":11,"p1id":"beru98","p2id":"lizardon0311","formatid":"gen9vgc2023regulationc","rating":1288,"private":0,"password":""}