{"id":"gen9vgc2023regulationc-1852448692","p1":"Steakman5","p2":"GucciSoup","format":"[Gen 9] VGC 2023 Regulation C","log":"|j|\u2606Steakman5\n|j|\u2606GucciSoup\n|t:|1682558924\n|gametype|doubles\n|player|p1|Steakman5|swimmer-gen4|1079\n|player|p2|GucciSoup|wallace|1078\n|teamsize|p1|6\n|teamsize|p2|6\n|gen|9\n|tier|[Gen 9] VGC 2023 Regulation C\n|rated|\n|rule|Species Clause: Limit one of each Pok\u00e9mon\n|rule|Item Clause: Limit one of each item\n|clearpoke\n|poke|p1|Murkrow, L50, M|\n|poke|p1|Dondozo, L50, F|\n|poke|p1|Tatsugiri-Droopy, L50, M|\n|poke|p1|Amoonguss, L50, M|\n|poke|p1|Chien-Pao, L50|\n|poke|p1|Palafin, L50, F|\n|poke|p2|Murkrow, L50, F|\n|poke|p2|Chi-Yu, L50|\n|poke|p2|Garganacl, L50, M|\n|poke|p2|Flutter Mane, L50|\n|poke|p2|Arcanine, L50, F|\n|poke|p2|Brute Bonnet, L50|\n|teampreview|4\n|inactive|Battle timer is ON: inactive players will automatically lose when time's up. (requested by Steakman5)\n|\n|t:|1682558970\n|start\n|switch|p1a: Murkrow|Murkrow, L50, M|100\/100\n|switch|p1b: Palafin|Palafin, L50, F|100\/100\n|switch|p2a: Murkrow|Murkrow, L50, F|100\/100\n|switch|p2b: Arcanine|Arcanine, L50, F|100\/100\n|-ability|p2b: Arcanine|Intimidate|boost\n|-unboost|p1a: Murkrow|atk|1\n|-unboost|p1b: Palafin|atk|1\n|turn|1\n|\n|t:|1682558986\n|detailschange|p1b: Palafin|Palafin-Hero, L50, F\n|switch|p1b: Dondozo|Dondozo, L50, F|100\/100\n|move|p2a: Murkrow|Sunny Day|p2a: Murkrow\n|-weather|SunnyDay\n|move|p1a: Murkrow|Tailwind|p1a: Murkrow\n|-sidestart|p1: Steakman5|move: Tailwind\n|move|p2b: Arcanine|Will-O-Wisp|p1b: Dondozo\n|-status|p1b: Dondozo|brn\n|\n|-weather|SunnyDay|[upkeep]\n|-damage|p1b: Dondozo|94\/100 brn|[from] brn\n|upkeep\n|turn|2\n|\n|t:|1682559006\n|move|p1b: Dondozo|Protect|p1b: Dondozo\n|-singleturn|p1b: Dondozo|Protect\n|move|p1a: Murkrow|Rain Dance|p1a: Murkrow\n|-weather|RainDance\n|move|p2a: Murkrow|Tailwind|p2a: Murkrow\n|-sidestart|p2: GucciSoup|move: Tailwind\n|move|p2b: Arcanine|Flare Blitz|p1a: Murkrow\n|-damage|p1a: Murkrow|71\/100\n|-damage|p2b: Arcanine|92\/100|[from] Recoil\n|\n|-weather|RainDance|[upkeep]\n|-damage|p1b: Dondozo|88\/100 brn|[from] brn\n|upkeep\n|turn|3\n|\n|t:|1682559025\n|switch|p1a: Tatsugiri|Tatsugiri-Droopy, L50, M|100\/100\n|-activate|p1a: Tatsugiri|ability: Commander|[of] p1b: Dondozo\n|-boost|p1b: Dondozo|atk|2\n|-boost|p1b: Dondozo|spa|2\n|-boost|p1b: Dondozo|spe|2\n|-boost|p1b: Dondozo|def|2\n|-boost|p1b: Dondozo|spd|2\n|-terastallize|p1b: Dondozo|Water\n|move|p2a: Murkrow|Sunny Day|p2a: Murkrow\n|-weather|SunnyDay\n|move|p1b: Dondozo|Surf|p2a: Murkrow|[spread] p2a,p2b\n|-miss|p1b: Dondozo|p1a: Tatsugiri\n|-supereffective|p2b: Arcanine\n|-damage|p2a: Murkrow|60\/100\n|-damage|p2b: Arcanine|13\/100\n|-damage|p1b: Dondozo|78\/100 brn|[from] item: Life Orb\n|move|p2b: Arcanine|Flare Blitz|p1a: Tatsugiri|[miss]\n|-miss|p2b: Arcanine|p1a: Tatsugiri\n|\n|-weather|SunnyDay|[upkeep]\n|-damage|p1b: Dondozo|72\/100 brn|[from] brn\n|upkeep\n|turn|4\n|\n|t:|1682559038\n|move|p2a: Murkrow|Haze|p2a: Murkrow\n|-clearallboost\n|move|p2b: Arcanine|Howl|p2b: Arcanine|[spread] p2a,p2b\n|-boost|p2a: Murkrow|atk|1\n|-boost|p2b: Arcanine|atk|1\n|move|p1b: Dondozo|Surf|p2a: Murkrow|[spread] p2a,p2b\n|-miss|p1b: Dondozo|p1a: Tatsugiri\n|-supereffective|p2b: Arcanine\n|-damage|p2a: Murkrow|41\/100\n|-damage|p2b: Arcanine|0 fnt\n|faint|p2b: Arcanine\n|-damage|p1b: Dondozo|62\/100 brn|[from] item: Life Orb\n|\n|-weather|SunnyDay|[upkeep]\n|-damage|p1b: Dondozo|56\/100 brn|[from] brn\n|-sideend|p1: Steakman5|move: Tailwind\n|upkeep\n|\n|t:|1682559054\n|switch|p2b: Chi-Yu|Chi-Yu, L50|100\/100\n|-ability|p2b: Chi-Yu|Beads of Ruin\n|turn|5\n|inactive|Steakman5 has 30 seconds left.\n|inactive|GucciSoup has 30 seconds left.\n|inactive|GucciSoup has 20 seconds left.\n|inactive|GucciSoup has 15 seconds left.\n|inactive|GucciSoup has 10 seconds left.\n|\n|t:|1682559100\n|-terastallize|p2b: Chi-Yu|Fire\n|move|p1b: Dondozo|Protect|p1b: Dondozo\n|-singleturn|p1b: Dondozo|Protect\n|move|p2b: Chi-Yu|Overheat|p1b: Dondozo\n|-activate|p1b: Dondozo|move: Protect\n|move|p2a: Murkrow|Brave Bird|p1b: Dondozo\n|-activate|p1b: Dondozo|move: Protect\n|\n|-weather|SunnyDay|[upkeep]\n|-damage|p1b: Dondozo|50\/100 brn|[from] brn\n|-sideend|p2: GucciSoup|move: Tailwind\n|upkeep\n|turn|6\n|\n|t:|1682559112\n|move|p2a: Murkrow|Tailwind|p2a: Murkrow\n|-sidestart|p2: GucciSoup|move: Tailwind\n|move|p2b: Chi-Yu|Overheat|p1b: Dondozo\n|-resisted|p1b: Dondozo\n|-damage|p1b: Dondozo|0 fnt\n|-unboost|p2b: Chi-Yu|spa|2\n|faint|p1b: Dondozo\n|\n|-weather|SunnyDay|[upkeep]\n|upkeep\n|\n|t:|1682559121\n|switch|p1b: Murkrow|Murkrow, L50, M|71\/100\n|turn|7\n|inactive|GucciSoup has 30 seconds left.\n|inactive|GucciSoup has 20 seconds left.\n|inactive|GucciSoup has 15 seconds left.\n|\n|t:|1682559163\n|move|p1b: Murkrow|Rain Dance|p1b: Murkrow\n|-weather|RainDance\n|move|p2b: Chi-Yu|Overheat|p1b: Murkrow\n|-damage|p1b: Murkrow|34\/100\n|-unboost|p2b: Chi-Yu|spa|2\n|move|p2a: Murkrow|Brave Bird|p1a: Tatsugiri\n|-damage|p1a: Tatsugiri|0 fnt\n|faint|p1a: Tatsugiri\n|-damage|p2a: Murkrow|13\/100|[from] Recoil\n|\n|-weather|RainDance|[upkeep]\n|upkeep\n|\n|t:|1682559179\n|switch|p1a: Palafin|Palafin-Hero, L50, F|100\/100\n|-activate|p1a: Palafin|ability: Zero to Hero\n|turn|8\n|inactive|GucciSoup has 30 seconds left.\n|\n|t:|1682559210\n|move|p2a: Murkrow|Sunny Day|p2a: Murkrow\n|-weather|SunnyDay\n|move|p1a: Palafin|Jet Punch|p2b: Chi-Yu\n|-supereffective|p2b: Chi-Yu\n|-damage|p2b: Chi-Yu|34\/100\n|move|p1b: Murkrow|Rain Dance|p1b: Murkrow\n|-weather|RainDance\n|move|p2b: Chi-Yu|Overheat|p1a: Palafin\n|-resisted|p1a: Palafin\n|-damage|p1a: Palafin|86\/100\n|-unboost|p2b: Chi-Yu|spa|2\n|\n|-weather|RainDance|[upkeep]\n|upkeep\n|turn|9\n|\n|t:|1682559229\n|switch|p2b: Flutter Mane|Flutter Mane, L50|100\/100\n|move|p2a: Murkrow|Sunny Day|p2a: Murkrow\n|-weather|SunnyDay\n|-activate|p2b: Flutter Mane|ability: Protosynthesis\n|-start|p2b: Flutter Mane|protosynthesisspe\n|move|p1a: Palafin|Jet Punch|p2a: Murkrow\n|-damage|p2a: Murkrow|0 fnt\n|faint|p2a: Murkrow\n|move|p1b: Murkrow|Rain Dance|p1b: Murkrow\n|-weather|RainDance\n|-end|p2b: Flutter Mane|Protosynthesis\n|\n|-weather|RainDance|[upkeep]\n|-sideend|p2: GucciSoup|move: Tailwind\n|upkeep\n|\n|t:|1682559237\n|switch|p2a: Chi-Yu|Chi-Yu, L50, tera:Fire|34\/100\n|-ability|p2a: Chi-Yu|Beads of Ruin\n|turn|10\n|\n|t:|1682559256\n|move|p1a: Palafin|Jet Punch|p2a: Chi-Yu\n|-supereffective|p2a: Chi-Yu\n|-damage|p2a: Chi-Yu|0 fnt\n|faint|p2a: Chi-Yu\n|move|p1b: Murkrow|Tailwind|p1b: Murkrow\n|-sidestart|p1: Steakman5|move: Tailwind\n|move|p2b: Flutter Mane|Moonblast|p1a: Palafin\n|-damage|p1a: Palafin|22\/100\n|-damage|p2b: Flutter Mane|90\/100|[from] item: Life Orb\n|\n|-weather|RainDance|[upkeep]\n|upkeep\n|turn|11\n|\n|t:|1682559268\n|move|p1a: Palafin|Jet Punch|p2b: Flutter Mane\n|-damage|p2b: Flutter Mane|0 fnt\n|faint|p2b: Flutter Mane\n|-end|p2b: Flutter Mane|Protosynthesis|[silent]\n|\n|win|Steakman5\n|raw|Steakman5's rating: 1079 → 1107<\/strong> (+28 for winning)\n|raw|GucciSoup's rating: 1078 → 1056<\/strong> (-22 for losing)\n|l|\u2606GucciSoup\n","uploadtime":1682559274,"views":9,"p1id":"steakman5","p2id":"guccisoup","formatid":"gen9vgc2023regulationc","rating":1056,"private":0,"password":""}