{"id":"gen9vgc2023regulationc-1848323960","p1":"Sumo'sWeenusVGC","p2":"Pborberry","format":"[Gen 9] VGC 2023 Regulation C","log":"|j|\u2606Sumo'sWeenusVGC\n|j|\u2606Pborberry\n|t:|1682060564\n|gametype|doubles\n|player|p1|Sumo'sWeenusVGC|colress|1212\n|player|p2|Pborberry|266|1112\n|teamsize|p1|6\n|teamsize|p2|6\n|gen|9\n|tier|[Gen 9] VGC 2023 Regulation C\n|rated|\n|rule|Species Clause: Limit one of each Pok\u00e9mon\n|rule|Item Clause: Limit one of each item\n|clearpoke\n|poke|p1|Wo-Chien, L50|\n|poke|p1|Flutter Mane, L50|\n|poke|p1|Glimmora, L50, F|\n|poke|p1|Palafin, L50, M|\n|poke|p1|Arcanine, L50, F|\n|poke|p1|Kingambit, L50, F|\n|poke|p2|Palossand, L50, M|\n|poke|p2|Magneton, L50|\n|poke|p2|Chi-Yu, L50|\n|poke|p2|Tyranitar, L50, M|\n|poke|p2|Farigiraf, L50, F|\n|poke|p2|Arboliva, L50, F|\n|teampreview|4\n|inactive|Battle timer is ON: inactive players will automatically lose when time's up. (requested by Sumo'sWeenusVGC)\nSumo'sWeenusVGC has agreed to open team sheets.\n|inactive|Sumo'sWeenusVGC has 60 seconds left.\n|inactive|Pborberry has 60 seconds left.\n|inactive|Sumo'sWeenusVGC has 30 seconds left.\n|\n|t:|1682060624\n|start\n|switch|p1a: Kingambit|Kingambit, L50, F|100\/100\n|switch|p1b: Palafin|Palafin, L50, M|100\/100\n|switch|p2a: Magneton|Magneton, L50, shiny|100\/100\n|switch|p2b: Chi-Yu|Chi-Yu, L50|100\/100\n|-ability|p2b: Chi-Yu|Beads of Ruin\n|turn|1\n|\n|t:|1682060642\n|-terastallize|p2b: Chi-Yu|Ground\n|-terastallize|p1b: Palafin|Water\n|move|p1b: Palafin|Jet Punch|p2b: Chi-Yu\n|-supereffective|p2b: Chi-Yu\n|-enditem|p2b: Chi-Yu|Focus Sash\n|-damage|p2b: Chi-Yu|1\/100\n|move|p2b: Chi-Yu|Lava Plume|p1a: Kingambit|[spread] p2a,p1a,p1b\n|-supereffective|p2a: Magneton\n|-supereffective|p1a: Kingambit\n|-resisted|p1b: Palafin\n|-ability|p2a: Magneton|Sturdy\n|-damage|p2a: Magneton|1\/100\n|-damage|p1a: Kingambit|48\/100\n|-damage|p1b: Palafin|73\/100\n|-status|p2a: Magneton|brn\n|-status|p1a: Kingambit|brn\n|-enditem|p2a: Magneton|Weakness Policy\n|-boost|p2a: Magneton|atk|2|[from] item: Weakness Policy\n|-boost|p2a: Magneton|spa|2|[from] item: Weakness Policy\n|move|p2a: Magneton|Discharge|p1a: Kingambit|[spread] p1a,p1b\n|-immune|p2b: Chi-Yu\n|-supereffective|p1b: Palafin\n|-damage|p1a: Kingambit|0 fnt\n|-damage|p1b: Palafin|0 fnt\n|faint|p1a: Kingambit\n|faint|p1b: Palafin\n|\n|-damage|p2a: Magneton|0 fnt|[from] brn\n|faint|p2a: Magneton\n|upkeep\n|c|\u2606Sumo'sWeenusVGC|wow\n|inactive|Sumo'sWeenusVGC has 30 seconds left.\n|inactive|Pborberry has 30 seconds left.\n|c|\u2606Sumo'sWeenusVGC|that was an interation\n|\n|t:|1682060676\n|switch|p2a: Tyranitar|Tyranitar, L50, M, shiny|100\/100\n|switch|p1b: Glimmora|Glimmora, L50, F, shiny|100\/100\n|switch|p1a: Slif's Wolf|Arcanine, L50, F|100\/100\n|-weather|Sandstorm|[from] ability: Sand Stream|[of] p2a: Tyranitar\n|-ability|p1a: Slif's Wolf|Intimidate|boost\n|-unboost|p2a: Tyranitar|atk|1\n|-unboost|p2b: Chi-Yu|atk|1\n|turn|2\n|\n|t:|1682060695\n|move|p1a: Slif's Wolf|Extreme Speed|p2b: Chi-Yu\n|-damage|p2b: Chi-Yu|0 fnt\n|faint|p2b: Chi-Yu\n|move|p2a: Tyranitar|Icy Wind|p1b: Glimmora|[spread] p1a,p1b\n|-resisted|p1a: Slif's Wolf\n|-damage|p1a: Slif's Wolf|97\/100\n|-damage|p1b: Glimmora|94\/100\n|-unboost|p1a: Slif's Wolf|spe|1\n|-unboost|p1b: Glimmora|spe|1\n|move|p1b: Glimmora|Energy Ball|p2a: Tyranitar\n|-supereffective|p2a: Tyranitar\n|-damage|p2a: Tyranitar|52\/100\n|\n|-weather|Sandstorm|[upkeep]\n|upkeep\n|\n|t:|1682060708\n|switch|p2b: Palossand|Palossand, L50, M, shiny|100\/100\n|turn|3\n|\n|t:|1682060718\n|move|p1a: Slif's Wolf|Extreme Speed|p2a: Tyranitar\n|-resisted|p2a: Tyranitar\n|-damage|p2a: Tyranitar|43\/100\n|move|p2a: Tyranitar|Icy Wind|p1a: Slif's Wolf|[spread] p1a,p1b\n|-resisted|p1a: Slif's Wolf\n|-crit|p1b: Glimmora\n|-damage|p1a: Slif's Wolf|93\/100\n|-damage|p1b: Glimmora|85\/100\n|-unboost|p1a: Slif's Wolf|spe|1\n|-unboost|p1b: Glimmora|spe|1\n|move|p2b: Palossand|Stockpile|p2b: Palossand\n|-start|p2b: Palossand|stockpile1\n|-boost|p2b: Palossand|def|1\n|-boost|p2b: Palossand|spd|1\n|move|p1b: Glimmora|Mortal Spin|p2b: Palossand|[spread] p2a,p2b\n|-resisted|p2a: Tyranitar\n|-resisted|p2b: Palossand\n|-damage|p2a: Tyranitar|41\/100\n|-damage|p2b: Palossand|99\/100\n|-status|p2a: Tyranitar|psn\n|-status|p2b: Palossand|psn\n|\n|-weather|Sandstorm|[upkeep]\n|-damage|p2a: Tyranitar|29\/100 psn|[from] psn\n|-damage|p2b: Palossand|87\/100 psn|[from] psn\n|upkeep\n|turn|4\n|inactive|Pborberry has 30 seconds left.\n|\n|t:|1682060745\n|move|p1a: Slif's Wolf|Protect|p1a: Slif's Wolf\n|-singleturn|p1a: Slif's Wolf|Protect\n|move|p2a: Tyranitar|Icy Wind|p1a: Slif's Wolf|[spread] p1b\n|-activate|p1a: Slif's Wolf|move: Protect\n|-damage|p1b: Glimmora|78\/100\n|-unboost|p1b: Glimmora|spe|1\n|move|p2b: Palossand|Earth Power|p1b: Glimmora\n|-supereffective|p1b: Glimmora\n|-damage|p1b: Glimmora|0 fnt\n|faint|p1b: Glimmora\n|\n|-weather|Sandstorm|[upkeep]\n|-damage|p2a: Tyranitar|17\/100 psn|[from] psn\n|-damage|p2b: Palossand|75\/100 psn|[from] psn\n|upkeep\n|turn|5\n|\n|t:|1682060765\n|move|p1a: Slif's Wolf|Extreme Speed|p2a: Tyranitar\n|-resisted|p2a: Tyranitar\n|-damage|p2a: Tyranitar|8\/100 psn\n|move|p2a: Tyranitar|Icy Wind|p1a: Slif's Wolf|[miss]\n|-miss|p2a: Tyranitar|p1a: Slif's Wolf\n|move|p2b: Palossand|Earth Power|p1a: Slif's Wolf\n|-supereffective|p1a: Slif's Wolf\n|-damage|p1a: Slif's Wolf|27\/100\n|\n|-weather|Sandstorm|[upkeep]\n|-damage|p2a: Tyranitar|0 fnt|[from] psn\n|faint|p2a: Tyranitar\n|-damage|p2b: Palossand|62\/100 psn|[from] psn\n|upkeep\n|turn|6\n|\n|t:|1682060780\n|move|p1a: Slif's Wolf|Protect|p1a: Slif's Wolf\n|-singleturn|p1a: Slif's Wolf|Protect\n|move|p2b: Palossand|Shore Up|p2b: Palossand\n|-heal|p2b: Palossand|100\/100 psn\n|\n|-weather|none\n|-damage|p2b: Palossand|88\/100 psn|[from] psn\n|upkeep\n|turn|7\n|\n|t:|1682060791\n|move|p1a: Slif's Wolf|Protect||[still]\n|-fail|p1a: Slif's Wolf\n|move|p2b: Palossand|Earth Power|p1a: Slif's Wolf\n|-supereffective|p1a: Slif's Wolf\n|-damage|p1a: Slif's Wolf|0 fnt\n|faint|p1a: Slif's Wolf\n|\n|win|Pborberry\n|raw|Sumo'sWeenusVGC's rating: 1212 → 1180<\/strong> (-32 for losing)\n|raw|Pborberry's rating: 1112 → 1144<\/strong> (+32 for winning)\n|c|\u2606Sumo'sWeenusVGC|gg\n|l|\u2606Pborberry\n","uploadtime":1682060847,"views":4,"p1id":"sumosweenusvgc","p2id":"pborberry","formatid":"gen9vgc2023regulationc","rating":1144,"private":0,"password":""}