{"id":"gen9vgc2023regulationc-1859482096","p1":"nickfang7","p2":"Joe870502","format":"[Gen 9] VGC 2023 Regulation C","log":"|j|\u2606nickfang7\n|j|\u2606Joe870502\n|t:|1683474137\n|gametype|doubles\n|player|p1|nickfang7|170|1471\n|player|p2|Joe870502|dawn|1529\n|teamsize|p1|6\n|teamsize|p2|6\n|gen|9\n|tier|[Gen 9] VGC 2023 Regulation C\n|rated|\n|rule|Species Clause: Limit one of each Pok\u00e9mon\n|rule|Item Clause: Limit one of each item\n|clearpoke\n|poke|p1|Chien-Pao, L50|\n|poke|p1|Palafin, L50, M|\n|poke|p1|Ting-Lu, L50|\n|poke|p1|Flutter Mane, L50|\n|poke|p1|Orthworm, L50, M|\n|poke|p1|Arcanine, L50, F|\n|poke|p2|Amoonguss, L50, F|\n|poke|p2|Flutter Mane, L50|\n|poke|p2|Murkrow, L50, M|\n|poke|p2|Chi-Yu, L50|\n|poke|p2|Iron Bundle, L50|\n|poke|p2|Great Tusk, L50|\n|teampreview|4\n|inactive|Battle timer is ON: inactive players will automatically lose when time's up. (requested by nickfang7)\nJoe870502 has agreed to open team sheets.\n|inactive|nickfang7 has 60 seconds left.\nnickfang7 has agreed to open team sheets.\n|inactive|Joe870502 has 60 seconds left.\n|inactive|nickfang7 has 30 seconds left.\n|inactive|nickfang7 has 20 seconds left.\n|inactive|nickfang7 has 15 seconds left.\n|\n|t:|1683474216\n|start\n|switch|p1a: Palafin|Palafin, L50, M|100\/100\n|switch|p1b: Orthworm|Orthworm, L50, M|100\/100\n|switch|p2a: Murkrow|Murkrow, L50, M|100\/100\n|switch|p2b: Chi-Yu|Chi-Yu, L50|100\/100\n|-ability|p2b: Chi-Yu|Beads of Ruin\n|turn|1\n|\n|t:|1683474236\n|detailschange|p1a: Palafin|Palafin-Hero, L50, M\n|switch|p1a: Ting-Lu|Ting-Lu, L50|100\/100\n|-ability|p1a: Ting-Lu|Vessel of Ruin\n|-terastallize|p1b: Orthworm|Fire\n|move|p2a: Murkrow|Tailwind|p2a: Murkrow\n|-sidestart|p2: Joe870502|move: Tailwind\n|move|p2b: Chi-Yu|Dark Pulse|p1b: Orthworm\n|-damage|p1b: Orthworm|51\/100\n|move|p1b: Orthworm|Body Press|p2b: Chi-Yu\n|-supereffective|p2b: Chi-Yu\n|-damage|p2b: Chi-Yu|14\/100\n|\n|upkeep\n|turn|2\n|inactive|Joe870502 has 30 seconds left.\n|\n|t:|1683474264\n|move|p2a: Murkrow|Sunny Day|p2a: Murkrow\n|-weather|SunnyDay\n|move|p2b: Chi-Yu|Heat Wave|p1b: Orthworm|[spread] p1a,p1b\n|-resisted|p1b: Orthworm\n|-damage|p1a: Ting-Lu|68\/100\n|-damage|p1b: Orthworm|21\/100\n|-enditem|p1b: Orthworm|Sitrus Berry|[eat]\n|-heal|p1b: Orthworm|46\/100|[from] item: Sitrus Berry\n|move|p1a: Ting-Lu|Earthquake|p2b: Chi-Yu|[spread] p2b\n|-heal|p1b: Orthworm|71\/100|[from] ability: Earth Eater|[of] p1a: Ting-Lu\n|-immune|p2a: Murkrow\n|-supereffective|p2b: Chi-Yu\n|-damage|p2b: Chi-Yu|0 fnt\n|faint|p2b: Chi-Yu\n|move|p1b: Orthworm|Body Press|p2a: Murkrow\n|-damage|p2a: Murkrow|72\/100\n|\n|-weather|SunnyDay|[upkeep]\n|upkeep\n|\n|t:|1683474270\n|switch|p2b: Great Tusk|Great Tusk, L50|100\/100\n|-activate|p2b: Great Tusk|ability: Protosynthesis\n|-start|p2b: Great Tusk|protosynthesisatk\n|turn|3\n|\n|t:|1683474290\n|move|p2b: Great Tusk|Close Combat|p1b: Orthworm\n|-damage|p1b: Orthworm|11\/100\n|-unboost|p2b: Great Tusk|def|1\n|-unboost|p2b: Great Tusk|spd|1\n|move|p2a: Murkrow|Foul Play|p1b: Orthworm\n|-damage|p1b: Orthworm|0 fnt\n|faint|p1b: Orthworm\n|move|p1a: Ting-Lu|Earthquake|p2a: Murkrow|[spread] p2b\n|-immune|p2a: Murkrow\n|-damage|p2b: Great Tusk|58\/100\n|\n|-weather|SunnyDay|[upkeep]\n|upkeep\n|\n|t:|1683474303\n|switch|p1b: Chien-Pao|Chien-Pao, L50|100\/100\n|-ability|p1b: Chien-Pao|Sword of Ruin\n|turn|4\n|\n|t:|1683474319\n|move|p1b: Chien-Pao|Protect|p1b: Chien-Pao\n|-singleturn|p1b: Chien-Pao|Protect\n|move|p2a: Murkrow|Haze|p2a: Murkrow\n|-clearallboost\n|move|p2b: Great Tusk|Close Combat|p1a: Ting-Lu\n|-supereffective|p1a: Ting-Lu\n|-damage|p1a: Ting-Lu|0 fnt\n|-unboost|p2b: Great Tusk|def|1\n|-unboost|p2b: Great Tusk|spd|1\n|faint|p1a: Ting-Lu\n|\n|-weather|SunnyDay|[upkeep]\n|-sideend|p2: Joe870502|move: Tailwind\n|upkeep\n|\n|t:|1683474325\n|switch|p1a: Palafin|Palafin-Hero, L50, M|100\/100\n|-activate|p1a: Palafin|ability: Zero to Hero\n|turn|5\n|\n|t:|1683474339\n|move|p1a: Palafin|Jet Punch|p2b: Great Tusk\n|-supereffective|p2b: Great Tusk\n|-damage|p2b: Great Tusk|0 fnt\n|faint|p2b: Great Tusk\n|-end|p2b: Great Tusk|Protosynthesis|[silent]\n|move|p2a: Murkrow|Tailwind|p2a: Murkrow\n|-sidestart|p2: Joe870502|move: Tailwind\n|move|p1b: Chien-Pao|Ice Spinner|p2a: Murkrow\n|-supereffective|p2a: Murkrow\n|-damage|p2a: Murkrow|0 fnt\n|faint|p2a: Murkrow\n|\n|-weather|SunnyDay|[upkeep]\n|upkeep\n|\n|t:|1683474342\n|switch|p2a: Iron Bundle|Iron Bundle, L50|100\/100\n|-enditem|p2a: Iron Bundle|Booster Energy\n|-activate|p2a: Iron Bundle|ability: Quark Drive|[fromitem]\n|-start|p2a: Iron Bundle|quarkdrivespe\n|turn|6\n|\n|t:|1683474350\n|move|p1b: Chien-Pao|Protect|p1b: Chien-Pao\n|-singleturn|p1b: Chien-Pao|Protect\n|move|p1a: Palafin|Protect|p1a: Palafin\n|-singleturn|p1a: Palafin|Protect\n|move|p2a: Iron Bundle|Icy Wind|p1b: Chien-Pao|[spread] \n|-activate|p1a: Palafin|move: Protect\n|-activate|p1b: Chien-Pao|move: Protect\n|\n|-weather|none\n|upkeep\n|turn|7\n|\n|t:|1683474358\n|-terastallize|p2a: Iron Bundle|Ice\n|move|p1b: Chien-Pao|Sucker Punch|p2a: Iron Bundle\n|-damage|p2a: Iron Bundle|45\/100\n|move|p1a: Palafin|Jet Punch|p2a: Iron Bundle\n|-damage|p2a: Iron Bundle|0 fnt\n|faint|p2a: Iron Bundle\n|-end|p2a: Iron Bundle|Quark Drive|[silent]\n|\n|win|nickfang7\n|raw|nickfang7's rating: 1471 → 1494<\/strong> (+23 for winning)\n|raw|Joe870502's rating: 1529 → 1506<\/strong> (-23 for losing)\n|l|\u2606Joe870502\n","uploadtime":1683474938,"views":8,"p1id":"nickfang7","p2id":"joe870502","formatid":"gen9vgc2023regulationc","rating":1494,"private":0,"password":""}