{"id":"gen9vgc2023regulationc-1851413296","p1":"Spearwinner","p2":"Pierre113","format":"[Gen 9] VGC 2023 Regulation C","log":"|j|\u2606Spearwinner\n|j|\u2606Pierre113\n|t:|1682443129\n|gametype|doubles\n|player|p1|Spearwinner|2|\n|player|p2|Pierre113|palmer|\n|teamsize|p1|6\n|teamsize|p2|6\n|gen|9\n|tier|[Gen 9] VGC 2023 Regulation C\n|rule|Species Clause: Limit one of each Pok\u00e9mon\n|rule|Item Clause: Limit one of each item\n|clearpoke\n|poke|p1|Palafin, L50, F|\n|poke|p1|Arcanine, L50, M|\n|poke|p1|Amoonguss, L50, F|\n|poke|p1|Ting-Lu, L50|\n|poke|p1|Baxcalibur, L50, F|\n|poke|p1|Flutter Mane, L50|\n|poke|p2|Flutter Mane, L50|\n|poke|p2|Amoonguss, L50, F|\n|poke|p2|Chi-Yu, L50|\n|poke|p2|Gyarados, L50, F|\n|poke|p2|Iron Hands, L50|\n|poke|p2|Kingambit, L50, F|\n|teampreview|4\n|c|\u2606Pierre113|g2\nPierre113 has agreed to open team sheets.\nSpearwinner has agreed to open team sheets.\n|c|\u2606Spearwinner|g2\n|c|\u2606Pierre113|ready ?\n|c|\u2606Spearwinner|yes\n|c|\u2606Spearwinner|glhf\n|inactive|Battle timer is ON: inactive players will automatically lose when time's up. (requested by Pierre113)\n|inactive|Spearwinner has 60 seconds left.\n|inactive|Pierre113 has 60 seconds left.\n|\n|t:|1682443762\n|start\n|switch|p1a: Baxcalibur|Baxcalibur, L50, F|100\/100\n|switch|p1b: Palafin|Palafin, L50, F|100\/100\n|switch|p2a: Gyarados|Gyarados, L50, F|100\/100\n|switch|p2b: Amoonguss|Amoonguss, L50, F|100\/100\n|-ability|p2a: Gyarados|Intimidate|boost\n|-fail|p1a: Baxcalibur|unboost|[from] item: Clear Amulet|[of] p1a: Baxcalibur\n|-unboost|p1b: Palafin|atk|1\n|turn|1\n|inactive|Spearwinner has 30 seconds left.\n|inactive|Pierre113 has 30 seconds left.\n|inactive|Spearwinner has 20 seconds left.\n|inactive|Spearwinner has 15 seconds left.\n|inactive|Pierre113 has 20 seconds left.\n|\n|t:|1682443805\n|detailschange|p1b: Palafin|Palafin-Hero, L50, F\n|switch|p1b: Arcanine|Arcanine, L50, M|100\/100\n|-ability|p1b: Arcanine|Intimidate|boost\n|-unboost|p2a: Gyarados|atk|1\n|-unboost|p2b: Amoonguss|atk|1\n|move|p2a: Gyarados|Dragon Dance|p2a: Gyarados\n|-boost|p2a: Gyarados|atk|1\n|-boost|p2a: Gyarados|spe|1\n|move|p1a: Baxcalibur|Glaive Rush|p2a: Gyarados\n|-damage|p2a: Gyarados|21\/100\n|-singlemove|p1a: Baxcalibur|Glaive Rush|[silent]\n|move|p2b: Amoonguss|Spore|p1a: Baxcalibur\n|-status|p1a: Baxcalibur|slp|[from] move: Spore\n|\n|upkeep\n|turn|2\n|inactive|Spearwinner has 30 seconds left.\n|inactive|Pierre113 has 30 seconds left.\n|inactive|Spearwinner has 20 seconds left.\n|\n|t:|1682443840\n|switch|p2b: Chi-Yu|Chi-Yu, L50|100\/100\n|-ability|p2b: Chi-Yu|Beads of Ruin\n|move|p1b: Arcanine|Protect|p1b: Arcanine\n|-singleturn|p1b: Arcanine|Protect\n|cant|p1a: Baxcalibur|slp\n|move|p2a: Gyarados|Waterfall|p1b: Arcanine\n|-activate|p1b: Arcanine|move: Protect\n|\n|upkeep\n|turn|3\n|inactive|Pierre113 has 30 seconds left.\n|\n|t:|1682443865\n|move|p2a: Gyarados|Waterfall|p1b: Arcanine\n|-supereffective|p1b: Arcanine\n|-damage|p1b: Arcanine|3\/100\n|move|p1b: Arcanine|Flare Blitz|p2a: Gyarados\n|-resisted|p2a: Gyarados\n|-damage|p2a: Gyarados|0 fnt\n|faint|p2a: Gyarados\n|-damage|p1b: Arcanine|0 fnt|[from] Recoil\n|faint|p1b: Arcanine\n|move|p2b: Chi-Yu|Dark Pulse|p1a: Baxcalibur\n|-damage|p1a: Baxcalibur|19\/100 slp\n|cant|p1a: Baxcalibur|slp\n|\n|upkeep\n|\n|t:|1682443881\n|switch|p1b: Palafin|Palafin-Hero, L50, F|100\/100\n|switch|p2a: Flutter Mane|Flutter Mane, L50|100\/100\n|-activate|p1b: Palafin|ability: Zero to Hero\n|-enditem|p2a: Flutter Mane|Booster Energy\n|-activate|p2a: Flutter Mane|ability: Protosynthesis|[fromitem]\n|-start|p2a: Flutter Mane|protosynthesisspa\n|turn|4\n|inactive|Pierre113 has 30 seconds left.\n|inactive|Pierre113 has 20 seconds left.\n|inactive|Pierre113 has 15 seconds left.\n|inactive|Pierre113 has 10 seconds left.\n|\n|t:|1682443928\n|switch|p2b: Amoonguss|Amoonguss, L50, F|100\/100\n|-terastallize|p1b: Palafin|Water\n|move|p2a: Flutter Mane|Protect|p2a: Flutter Mane\n|-singleturn|p2a: Flutter Mane|Protect\n|move|p1b: Palafin|Jet Punch|p2a: Flutter Mane\n|-activate|p2a: Flutter Mane|move: Protect\n|-curestatus|p1a: Baxcalibur|slp|[msg]\n|move|p1a: Baxcalibur|Ice Shard|p2a: Flutter Mane\n|-activate|p2a: Flutter Mane|move: Protect\n|\n|upkeep\n|turn|5\n|inactive|Pierre113 has 30 seconds left.\n|inactive|Pierre113 has 20 seconds left.\n|inactive|Pierre113 has 15 seconds left.\n|\n|t:|1682443970\n|switch|p1a: Amoonguss|Amoonguss, L50, F|100\/100\n|move|p1b: Palafin|Protect|p1b: Palafin\n|-singleturn|p1b: Palafin|Protect\n|move|p2a: Flutter Mane|Dazzling Gleam|p1b: Palafin|[spread] p1a\n|-activate|p1b: Palafin|move: Protect\n|-resisted|p1a: Amoonguss\n|-damage|p1a: Amoonguss|83\/100\n|move|p2b: Amoonguss|Spore|p1b: Palafin\n|-activate|p1b: Palafin|move: Protect\n|\n|upkeep\n|turn|6\n|inactive|Spearwinner has 30 seconds left.\n|inactive|Pierre113 has 30 seconds left.\n|\n|t:|1682444000\n|move|p2a: Flutter Mane|Protect|p2a: Flutter Mane\n|-singleturn|p2a: Flutter Mane|Protect\n|move|p1b: Palafin|Substitute|p1b: Palafin\n|-start|p1b: Palafin|Substitute\n|-damage|p1b: Palafin|76\/100\n|move|p2b: Amoonguss|Spore||[still]\n|-fail|p2b: Amoonguss\n|move|p1a: Amoonguss|Spore|p2a: Flutter Mane\n|-activate|p2a: Flutter Mane|move: Protect\n|\n|upkeep\n|turn|7\n|\n|t:|1682444018\n|switch|p2b: Chi-Yu|Chi-Yu, L50|100\/100\n|-ability|p2b: Chi-Yu|Beads of Ruin\n|move|p1b: Palafin|Jet Punch|p2a: Flutter Mane\n|-damage|p2a: Flutter Mane|11\/100\n|move|p2a: Flutter Mane|Shadow Ball|p1a: Amoonguss\n|-damage|p1a: Amoonguss|10\/100\n|-enditem|p1a: Amoonguss|Sitrus Berry|[eat]\n|-heal|p1a: Amoonguss|35\/100|[from] item: Sitrus Berry\n|move|p1a: Amoonguss|Spore|p2a: Flutter Mane\n|-status|p2a: Flutter Mane|slp|[from] move: Spore\n|\n|upkeep\n|turn|8\n|inactive|Spearwinner has 30 seconds left.\n|\n|t:|1682444047\n|-terastallize|p2b: Chi-Yu|Grass\n|cant|p2a: Flutter Mane|slp\n|move|p1b: Palafin|Wave Crash|p2b: Chi-Yu\n|-resisted|p2b: Chi-Yu\n|-damage|p2b: Chi-Yu|19\/100\n|-damage|p1b: Palafin|54\/100|[from] Recoil\n|move|p2b: Chi-Yu|Dark Pulse|p1a: Amoonguss\n|-damage|p1a: Amoonguss|0 fnt\n|faint|p1a: Amoonguss\n|\n|upkeep\n|\n|t:|1682444057\n|switch|p1a: Baxcalibur|Baxcalibur, L50, F|19\/100\n|turn|9\n|\n|t:|1682444065\n|switch|p2b: Amoonguss|Amoonguss, L50, F|100\/100\n|-curestatus|p2a: Flutter Mane|slp|[msg]\n|move|p2a: Flutter Mane|Protect|p2a: Flutter Mane\n|-singleturn|p2a: Flutter Mane|Protect\n|move|p1b: Palafin|Jet Punch|p2a: Flutter Mane\n|-activate|p2a: Flutter Mane|move: Protect\n|move|p1a: Baxcalibur|Ice Shard|p2b: Amoonguss\n|-supereffective|p2b: Amoonguss\n|-damage|p2b: Amoonguss|60\/100\n|\n|upkeep\n|turn|10\n|\n|t:|1682444081\n|move|p1a: Baxcalibur|Protect|p1a: Baxcalibur\n|-singleturn|p1a: Baxcalibur|Protect\n|move|p2b: Amoonguss|Rage Powder|p2b: Amoonguss\n|-singleturn|p2b: Amoonguss|move: Rage Powder\n|move|p2a: Flutter Mane|Dazzling Gleam|p1b: Palafin|[spread] p1b\n|-activate|p1a: Baxcalibur|move: Protect\n|-end|p1b: Palafin|Substitute\n|move|p1b: Palafin|Wave Crash|p2b: Amoonguss\n|-resisted|p2b: Amoonguss\n|-damage|p2b: Amoonguss|16\/100\n|-enditem|p2b: Amoonguss|Sitrus Berry|[eat]\n|-heal|p2b: Amoonguss|41\/100|[from] item: Sitrus Berry\n|-damage|p1b: Palafin|36\/100|[from] Recoil\n|\n|upkeep\n|turn|11\n|inactive|Spearwinner has 30 seconds left.\n|inactive|Spearwinner has 20 seconds left.\n|\n|t:|1682444117\n|move|p1b: Palafin|Protect|p1b: Palafin\n|-singleturn|p1b: Palafin|Protect\n|move|p2b: Amoonguss|Rage Powder|p2b: Amoonguss\n|-singleturn|p2b: Amoonguss|move: Rage Powder\n|move|p1a: Baxcalibur|Ice Shard|p2b: Amoonguss\n|-supereffective|p2b: Amoonguss\n|-damage|p2b: Amoonguss|0 fnt\n|faint|p2b: Amoonguss\n|move|p2a: Flutter Mane|Dazzling Gleam|p1b: Palafin|[spread] p1a\n|-activate|p1b: Palafin|move: Protect\n|-supereffective|p1a: Baxcalibur\n|-damage|p1a: Baxcalibur|0 fnt\n|faint|p1a: Baxcalibur\n|\n|upkeep\n|\n|t:|1682444123\n|switch|p2b: Chi-Yu|Chi-Yu, L50, tera:Grass|19\/100\n|-ability|p2b: Chi-Yu|Beads of Ruin\n|turn|12\n|\n|t:|1682444134\n|move|p1b: Palafin|Jet Punch|p2b: Chi-Yu\n|-resisted|p2b: Chi-Yu\n|-damage|p2b: Chi-Yu|0 fnt\n|faint|p2b: Chi-Yu\n|move|p2a: Flutter Mane|Moonblast|p1b: Palafin\n|-damage|p1b: Palafin|0 fnt\n|faint|p1b: Palafin\n|\n|win|Pierre113\n|c|\u2606Spearwinner|gg\n|c|\u2606Pierre113|gg\n|l|\u2606Spearwinner\n","uploadtime":1682445549,"views":7,"p1id":"spearwinner","p2id":"pierre113","formatid":"gen9vgc2023regulationc","rating":0,"private":0,"password":""}