{"id":"gen9vgc2023regulationc-1861436187","p1":"YucaPol","p2":"alelu1234","format":"[Gen 9] VGC 2023 Regulation C","log":"|j|\u2606YucaPol\n|j|\u2606alelu1234\n|t:|1683757657\n|gametype|doubles\n|player|p1|YucaPol|steven|1177\n|player|p2|alelu1234|265|1145\n|teamsize|p1|6\n|teamsize|p2|6\n|gen|9\n|tier|[Gen 9] VGC 2023 Regulation C\n|rated|\n|rule|Species Clause: Limit one of each Pok\u00e9mon\n|rule|Item Clause: Limit one of each item\n|clearpoke\n|poke|p1|Murkrow, L50, M|\n|poke|p1|Toxtricity, L50, M|\n|poke|p1|Flutter Mane, L50|\n|poke|p1|Kingambit, L50, M|\n|poke|p1|Great Tusk, L50|\n|poke|p1|Indeedee-F, L50, F|\n|poke|p2|Chi-Yu, L50|\n|poke|p2|Gyarados, L50, M|\n|poke|p2|Amoonguss, L50, M|\n|poke|p2|Iron Hands, L50|\n|poke|p2|Flutter Mane, L50|\n|poke|p2|Ting-Lu, L50|\n|teampreview|4\nalelu1234 has agreed to open team sheets.\n|inactive|Battle timer is ON: inactive players will automatically lose when time's up. (requested by alelu1234)\n|inactive|YucaPol has 60 seconds left.\n|\n|t:|1683757745\n|start\n|switch|p1a: Karmesi|Flutter Mane, L50|100\/100\n|switch|p1b: Brujito|Murkrow, L50, M|100\/100\n|switch|p2a: Iron Hands|Iron Hands, L50|100\/100\n|switch|p2b: Ting-Lu|Ting-Lu, L50|100\/100\n|-ability|p2b: Ting-Lu|Vessel of Ruin\n|-enditem|p1a: Karmesi|Booster Energy\n|-activate|p1a: Karmesi|ability: Protosynthesis|[fromitem]\n|-start|p1a: Karmesi|protosynthesisspa\n|turn|1\n|inactive|YucaPol has 30 seconds left.\n|\n|t:|1683757775\n|-terastallize|p2a: Iron Hands|Grass\n|move|p1b: Brujito|Protect|p1b: Brujito\n|-singleturn|p1b: Brujito|Protect\n|move|p1a: Karmesi|Protect|p1a: Karmesi\n|-singleturn|p1a: Karmesi|Protect\n|move|p2a: Iron Hands|Fake Out|p1b: Brujito\n|-activate|p1b: Brujito|move: Protect\n|move|p2b: Ting-Lu|Heavy Slam|p1a: Karmesi\n|-activate|p1a: Karmesi|move: Protect\n|\n|upkeep\n|turn|2\n|inactive|YucaPol has 30 seconds left.\n|inactive|YucaPol has 20 seconds left.\n|inactive|YucaPol has 15 seconds left.\n|\n|t:|1683757818\n|-terastallize|p1a: Karmesi|Fairy\n|move|p1b: Brujito|Tailwind|p1b: Brujito\n|-sidestart|p1: YucaPol|move: Tailwind\n|move|p1a: Karmesi|Dazzling Gleam|p2b: Ting-Lu|[spread] p2a,p2b\n|-supereffective|p2b: Ting-Lu\n|-damage|p2a: Iron Hands|79\/100\n|-damage|p2b: Ting-Lu|44\/100\n|move|p2a: Iron Hands|Wild Charge|p1b: Brujito\n|-supereffective|p1b: Brujito\n|-damage|p1b: Brujito|0 fnt\n|faint|p1b: Brujito\n|-damage|p2a: Iron Hands|61\/100|[from] Recoil\n|move|p2b: Ting-Lu|Heavy Slam|p1a: Karmesi\n|-supereffective|p1a: Karmesi\n|-damage|p1a: Karmesi|5\/100\n|\n|-heal|p2b: Ting-Lu|49\/100|[from] item: Leftovers\n|upkeep\n|inactive|YucaPol has 30 seconds left.\n|\n|t:|1683757844\n|switch|p1b: Killer|Great Tusk, L50|100\/100\n|turn|3\n|inactive|YucaPol has 30 seconds left.\n|inactive|YucaPol has 20 seconds left.\n|inactive|YucaPol has 15 seconds left.\n|inactive|YucaPol has 10 seconds left.\n|\n|t:|1683757890\n|move|p2b: Ting-Lu|Protect|p2b: Ting-Lu\n|-singleturn|p2b: Ting-Lu|Protect\n|move|p1a: Karmesi|Dazzling Gleam|p2a: Iron Hands|[spread] p2a\n|-activate|p2b: Ting-Lu|move: Protect\n|-damage|p2a: Iron Hands|39\/100\n|move|p1b: Killer|Ice Spinner|p2a: Iron Hands\n|-supereffective|p2a: Iron Hands\n|-damage|p2a: Iron Hands|0 fnt\n|faint|p2a: Iron Hands\n|-end|p2a: Iron Hands|Quark Drive|[silent]\n|\n|-heal|p2b: Ting-Lu|55\/100|[from] item: Leftovers\n|upkeep\n|\n|t:|1683757911\n|switch|p2a: Chi-Yu|Chi-Yu, L50|100\/100\n|-ability|p2a: Chi-Yu|Beads of Ruin\n|turn|4\n|inactive|YucaPol has 30 seconds left.\n|inactive|YucaPol has 20 seconds left.\n|inactive|YucaPol has 15 seconds left.\n|\n|t:|1683757956\n|move|p2a: Chi-Yu|Protect|p2a: Chi-Yu\n|-singleturn|p2a: Chi-Yu|Protect\n|move|p1a: Karmesi|Dazzling Gleam|p2b: Ting-Lu|[spread] p2b\n|-activate|p2a: Chi-Yu|move: Protect\n|-supereffective|p2b: Ting-Lu\n|-damage|p2b: Ting-Lu|0 fnt\n|faint|p2b: Ting-Lu\n|move|p1b: Killer|Headlong Rush|p2a: Chi-Yu\n|-activate|p2a: Chi-Yu|move: Protect\n|\n|upkeep\n|\n|t:|1683757967\n|switch|p2b: Flutter Mane|Flutter Mane, L50|100\/100\n|-enditem|p2b: Flutter Mane|Booster Energy\n|-activate|p2b: Flutter Mane|ability: Protosynthesis|[fromitem]\n|-start|p2b: Flutter Mane|protosynthesisspa\n|turn|5\n|\n|t:|1683757977\n|move|p1a: Karmesi|Shadow Ball|p2b: Flutter Mane\n|-supereffective|p2b: Flutter Mane\n|-damage|p2b: Flutter Mane|0 fnt\n|faint|p2b: Flutter Mane\n|-end|p2b: Flutter Mane|Protosynthesis|[silent]\n|move|p1b: Killer|Headlong Rush|p2a: Chi-Yu\n|-supereffective|p2a: Chi-Yu\n|-damage|p2a: Chi-Yu|0 fnt\n|-unboost|p1b: Killer|def|1\n|-unboost|p1b: Killer|spd|1\n|faint|p2a: Chi-Yu\n|\n|win|YucaPol\n|raw|YucaPol's rating: 1177 → 1200<\/strong> (+23 for winning)\n|raw|alelu1234's rating: 1145 → 1122<\/strong> (-23 for losing)\n","uploadtime":1683757988,"views":7,"p1id":"yucapol","p2id":"alelu1234","formatid":"gen9vgc2023regulationc","rating":1122,"private":0,"password":""}