{"id":"gen9vgc2023regulationc-1863973657","p1":"fj2vgc","p2":"CbuttyVGC","format":"[Gen 9] VGC 2023 Regulation C","log":"|j|\u2606fj2vgc\n|j|\u2606CbuttyVGC\n|t:|1684099949\n|gametype|doubles\n|player|p1|fj2vgc|marshal|1149\n|player|p2|CbuttyVGC|acetrainer-gen4dp|1112\n|teamsize|p1|6\n|teamsize|p2|6\n|gen|9\n|tier|[Gen 9] VGC 2023 Regulation C\n|rated|\n|rule|Species Clause: Limit one of each Pok\u00e9mon\n|rule|Item Clause: Limit one of each item\n|clearpoke\n|poke|p1|Sylveon, L50, M|\n|poke|p1|Gyarados, L50, M|\n|poke|p1|Roaring Moon, L50|\n|poke|p1|Abomasnow, L50, M|\n|poke|p1|Ceruledge, L50, M|\n|poke|p1|Chien-Pao, L50|\n|poke|p2|Klefki, L50, F|\n|poke|p2|Skeledirge, L50, F|\n|poke|p2|Glimmora, L50, F|\n|poke|p2|Wo-Chien, L50|\n|poke|p2|Gyarados, L50, F|\n|poke|p2|Gholdengo, L50|\n|teampreview|4\n|inactive|Battle timer is ON: inactive players will automatically lose when time's up. (requested by CbuttyVGC)\nfj2vgc rejected open team sheets.\n|inactive|fj2vgc has 60 seconds left.\n|inactive|CbuttyVGC has 60 seconds left.\n|inactive|fj2vgc has 30 seconds left.\n|\n|t:|1684100011\n|start\n|switch|p1a: Gyarados|Gyarados, L50, M, shiny|100\/100\n|switch|p1b: Abomasnow|Abomasnow, L50, M, shiny|100\/100\n|switch|p2a: Klefki|Klefki, L50, F|100\/100\n|switch|p2b: Gholdengo|Gholdengo, L50|100\/100\n|-ability|p1a: Gyarados|Intimidate|boost\n|-unboost|p2a: Klefki|atk|1\n|-unboost|p2b: Gholdengo|atk|1\n|-weather|Snow|[from] ability: Snow Warning|[of] p1b: Abomasnow\n|turn|1\n|inactive|fj2vgc has 30 seconds left.\n|\n|t:|1684100041\n|move|p2a: Klefki|Light Screen|p2a: Klefki\n|-sidestart|p2: CbuttyVGC|move: Light Screen\n|move|p2b: Gholdengo|Nasty Plot|p2b: Gholdengo\n|-boost|p2b: Gholdengo|spa|2\n|move|p1a: Gyarados|Taunt|p2a: Klefki\n|-start|p2a: Klefki|move: Taunt\n|move|p1b: Abomasnow|Aurora Veil|p1b: Abomasnow\n|-sidestart|p1: fj2vgc|move: Aurora Veil\n|\n|-weather|Snow|[upkeep]\n|upkeep\n|turn|2\n|inactive|fj2vgc has 30 seconds left.\n|\n|t:|1684100070\n|switch|p2a: Wo-Chien|Wo-Chien, L50|100\/100\n|-ability|p2a: Wo-Chien|Tablets of Ruin\n|move|p2b: Gholdengo|Nasty Plot|p2b: Gholdengo\n|-boost|p2b: Gholdengo|spa|2\n|move|p1a: Gyarados|Waterfall|p2b: Gholdengo\n|-damage|p2b: Gholdengo|69\/100\n|move|p1b: Abomasnow|Blizzard|p2b: Gholdengo|[spread] p2a,p2b\n|-supereffective|p2a: Wo-Chien\n|-resisted|p2b: Gholdengo\n|-damage|p2a: Wo-Chien|73\/100\n|-damage|p2b: Gholdengo|56\/100\n|\n|-weather|Snow|[upkeep]\n|upkeep\n|turn|3\n|\n|t:|1684100090\n|-terastallize|p2b: Gholdengo|Water\n|move|p1b: Abomasnow|Protect|p1b: Abomasnow\n|-singleturn|p1b: Abomasnow|Protect\n|move|p2b: Gholdengo|Make It Rain|p1a: Gyarados|[spread] p1a\n|-activate|p1b: Abomasnow|move: Protect\n|-resisted|p1a: Gyarados\n|-crit|p1a: Gyarados\n|-damage|p1a: Gyarados|0 fnt\n|-unboost|p2b: Gholdengo|spa|1\n|faint|p1a: Gyarados\n|-damage|p2b: Gholdengo|46\/100|[from] item: Life Orb\n|move|p2a: Wo-Chien|Pollen Puff|p2b: Gholdengo\n|-heal|p2b: Gholdengo|96\/100\n|\n|-weather|Snow|[upkeep]\n|upkeep\n|\n|t:|1684100101\n|switch|p1a: Roaring Moon|Roaring Moon, L50|100\/100\n|-enditem|p1a: Roaring Moon|Booster Energy\n|-activate|p1a: Roaring Moon|ability: Protosynthesis|[fromitem]\n|-start|p1a: Roaring Moon|protosynthesisatk\n|turn|4\n|\n|t:|1684100117\n|-terastallize|p1a: Roaring Moon|Flying\n|move|p2b: Gholdengo|Protect|p2b: Gholdengo\n|-singleturn|p2b: Gholdengo|Protect\n|move|p1a: Roaring Moon|Acrobatics|p2b: Gholdengo\n|-activate|p2b: Gholdengo|move: Protect\n|move|p2a: Wo-Chien|Leech Seed|p1a: Roaring Moon|[miss]\n|-miss|p2a: Wo-Chien|p1a: Roaring Moon\n|move|p1b: Abomasnow|Blizzard|p2a: Wo-Chien|[spread] p2a\n|-activate|p2b: Gholdengo|move: Protect\n|-supereffective|p2a: Wo-Chien\n|-damage|p2a: Wo-Chien|46\/100\n|-status|p2a: Wo-Chien|frz\n|-enditem|p2a: Wo-Chien|Sitrus Berry|[eat]\n|-heal|p2a: Wo-Chien|71\/100 frz|[from] item: Sitrus Berry\n|\n|-weather|Snow|[upkeep]\n|upkeep\n|turn|5\n|\n|t:|1684100131\n|move|p1a: Roaring Moon|Acrobatics|p2b: Gholdengo\n|-damage|p2b: Gholdengo|33\/100\n|move|p2b: Gholdengo|Make It Rain|p1b: Abomasnow|[spread] p1a,p1b\n|-supereffective|p1b: Abomasnow\n|-damage|p1a: Roaring Moon|14\/100\n|-damage|p1b: Abomasnow|0 fnt\n|-unboost|p2b: Gholdengo|spa|1\n|faint|p1b: Abomasnow\n|-damage|p2b: Gholdengo|23\/100|[from] item: Life Orb\n|cant|p2a: Wo-Chien|frz\n|\n|-weather|Snow|[upkeep]\n|-sideend|p1: fj2vgc|move: Aurora Veil\n|upkeep\n|\n|t:|1684100137\n|switch|p1b: Ceruledge|Ceruledge, L50, M|100\/100\n|turn|6\n|\n|t:|1684100151\n|move|p1a: Roaring Moon|Acrobatics|p2b: Gholdengo\n|-damage|p2b: Gholdengo|0 fnt\n|faint|p2b: Gholdengo\n|move|p1b: Ceruledge|Bulk Up|p1b: Ceruledge\n|-boost|p1b: Ceruledge|atk|1\n|-boost|p1b: Ceruledge|def|1\n|cant|p2a: Wo-Chien|frz\n|\n|-weather|Snow|[upkeep]\n|upkeep\n|\n|t:|1684100158\n|switch|p2b: Klefki|Klefki, L50, F|100\/100\n|turn|7\n|\n|t:|1684100173\n|move|p2b: Klefki|Reflect|p2b: Klefki\n|-sidestart|p2: CbuttyVGC|Reflect\n|move|p1a: Roaring Moon|Tailwind|p1a: Roaring Moon\n|-sidestart|p1: fj2vgc|move: Tailwind\n|move|p1b: Ceruledge|Bitter Blade|p2a: Wo-Chien\n|-supereffective|p2a: Wo-Chien\n|-damage|p2a: Wo-Chien|23\/100 frz\n|-curestatus|p2a: Wo-Chien|frz|[msg]\n|move|p2a: Wo-Chien|Leech Seed|p1a: Roaring Moon\n|-start|p1a: Roaring Moon|move: Leech Seed\n|\n|-weather|Snow|[upkeep]\n|-damage|p1a: Roaring Moon|1\/100|[from] Leech Seed|[of] p2a: Wo-Chien\n|-heal|p2a: Wo-Chien|36\/100|[silent]\n|upkeep\n|turn|8\n|\n|t:|1684100189\n|move|p2a: Wo-Chien|Protect|p2a: Wo-Chien\n|-singleturn|p2a: Wo-Chien|Protect\n|move|p2b: Klefki|Thunder Wave|p1b: Ceruledge\n|-status|p1b: Ceruledge|par\n|move|p1a: Roaring Moon|Acrobatics|p2b: Klefki\n|-resisted|p2b: Klefki\n|-damage|p2b: Klefki|78\/100\n|move|p1b: Ceruledge|Bitter Blade|p2a: Wo-Chien\n|-activate|p2a: Wo-Chien|move: Protect\n|\n|-weather|none\n|-damage|p1a: Roaring Moon|0 fnt|[from] Leech Seed|[of] p2a: Wo-Chien\n|-heal|p2a: Wo-Chien|37\/100|[silent]\n|faint|p1a: Roaring Moon\n|-end|p1a: Roaring Moon|Protosynthesis|[silent]\n|-sideend|p2: CbuttyVGC|move: Light Screen\n|upkeep\n|turn|9\n|\n|t:|1684100205\n|switch|p2a: Skeledirge|Skeledirge, L50, F|100\/100\n|move|p1b: Ceruledge|Bitter Blade|p2a: Skeledirge\n|-resisted|p2a: Skeledirge\n|-damage|p2a: Skeledirge|89\/100\n|move|p2b: Klefki|Dazzling Gleam|p1b: Ceruledge\n|-resisted|p1b: Ceruledge\n|-damage|p1b: Ceruledge|91\/100 par\n|\n|-heal|p2a: Skeledirge|95\/100|[from] item: Leftovers\n|upkeep\n|turn|10\n|\n|t:|1684100216\n|cant|p1b: Ceruledge|par\n|move|p2b: Klefki|Dazzling Gleam|p1b: Ceruledge\n|-resisted|p1b: Ceruledge\n|-damage|p1b: Ceruledge|81\/100 par\n|move|p2a: Skeledirge|Hex|p1b: Ceruledge\n|-supereffective|p1b: Ceruledge\n|-damage|p1b: Ceruledge|0 fnt\n|faint|p1b: Ceruledge\n|\n|win|CbuttyVGC\n|raw|fj2vgc's rating: 1149 → 1121<\/strong> (-28 for losing)\n|raw|CbuttyVGC's rating: 1112 → 1140<\/strong> (+28 for winning)\n|l|\u2606fj2vgc\n|c|\u2606CbuttyVGC|Gg\n","uploadtime":1684100227,"views":8,"p1id":"fj2vgc","p2id":"cbuttyvgc","formatid":"gen9vgc2023regulationc","rating":1121,"private":0,"password":""}