{"id":"gen9vgc2023regulationc-1861212990","p1":"fxgjx","p2":"Adge77","format":"[Gen 9] VGC 2023 Regulation C","log":"|j|\u2606fxgjx\n|j|\u2606Adge77\n|t:|1683736378\n|gametype|doubles\n|player|p1|fxgjx|266|1069\n|player|p2|Adge77|2|1063\n|teamsize|p1|6\n|teamsize|p2|6\n|gen|9\n|tier|[Gen 9] VGC 2023 Regulation C\n|rated|\n|rule|Species Clause: Limit one of each Pok\u00e9mon\n|rule|Item Clause: Limit one of each item\n|clearpoke\n|poke|p1|Palafin, L50, F|\n|poke|p1|Chi-Yu, L50|\n|poke|p1|Flutter Mane, L50|\n|poke|p1|Farigiraf, L50, F|\n|poke|p1|Amoonguss, L50, F|\n|poke|p1|Talonflame, L50, F|\n|poke|p2|Klefki, L50, F|\n|poke|p2|Kingambit, L50, M|\n|poke|p2|Scizor, L50, F|\n|poke|p2|Rotom-Wash, L50|\n|poke|p2|Iron Moth, L50|\n|poke|p2|Meowscarada, L50, F|\n|teampreview|4\n|inactive|Battle timer is ON: inactive players will automatically lose when time's up. (requested by Adge77)\n|\n|t:|1683736408\n|start\n|switch|p1a: Talonflame|Talonflame, L50, F|100\/100\n|switch|p1b: Farigiraf|Farigiraf, L50, F|100\/100\n|switch|p2a: Klefki|Klefki, L50, F|100\/100\n|switch|p2b: Scizor|Scizor, L50, F|100\/100\n|turn|1\n|inactive|Adge77 has 30 seconds left.\n|\n|t:|1683736433\n|switch|p1b: Flutter Mane|Flutter Mane, L50|100\/100\n|-enditem|p1b: Flutter Mane|Booster Energy\n|-activate|p1b: Flutter Mane|ability: Protosynthesis|[fromitem]\n|-start|p1b: Flutter Mane|protosynthesisspa\n|move|p2a: Klefki|Rain Dance|p2a: Klefki\n|-weather|RainDance\n|move|p1a: Talonflame|Will-O-Wisp|p2b: Scizor\n|-status|p2b: Scizor|brn\n|move|p2b: Scizor|U-turn|p1b: Flutter Mane\n|-resisted|p1b: Flutter Mane\n|-damage|p1b: Flutter Mane|95\/100\n|\n|t:|1683736455\n|switch|p2b: Iron Moth|Iron Moth, L50|100\/100|[from] U-turn\n|-enditem|p2b: Iron Moth|Booster Energy\n|-activate|p2b: Iron Moth|ability: Quark Drive|[fromitem]\n|-start|p2b: Iron Moth|quarkdrivespe\n|\n|-weather|RainDance|[upkeep]\n|upkeep\n|turn|2\n|inactive|Adge77 has 30 seconds left.\n|\n|t:|1683736481\n|move|p1a: Talonflame|Tailwind|p1a: Talonflame\n|-sidestart|p1: fxgjx|move: Tailwind\n|move|p2a: Klefki|Thunder Wave|p1b: Flutter Mane\n|-status|p1b: Flutter Mane|par\n|move|p2b: Iron Moth|Sludge Wave|p1b: Flutter Mane|[spread] p1a,p1b\n|-immune|p2a: Klefki\n|-damage|p1a: Talonflame|55\/100\n|-damage|p1b: Flutter Mane|66\/100 par\n|move|p1b: Flutter Mane|Shadow Ball|p2b: Iron Moth\n|-damage|p2b: Iron Moth|46\/100\n|\n|-weather|RainDance|[upkeep]\n|upkeep\n|turn|3\n|inactive|fxgjx has 30 seconds left.\n|inactive|Adge77 has 30 seconds left.\n|\n|t:|1683736514\n|move|p2a: Klefki|Thunder Wave|p1a: Talonflame\n|-status|p1a: Talonflame|par\n|move|p2b: Iron Moth|Sludge Wave|p1b: Flutter Mane|[spread] p1a,p1b\n|-immune|p2a: Klefki\n|-damage|p1a: Talonflame|8\/100 par\n|-damage|p1b: Flutter Mane|33\/100 par\n|move|p1a: Talonflame|Brave Bird|p2b: Iron Moth\n|-damage|p2b: Iron Moth|0 fnt\n|faint|p2b: Iron Moth\n|-end|p2b: Iron Moth|Quark Drive|[silent]\n|-damage|p1a: Talonflame|0 fnt|[from] Recoil\n|faint|p1a: Talonflame\n|move|p1b: Flutter Mane|Shadow Ball|p2a: Klefki\n|-damage|p2a: Klefki|44\/100\n|\n|-weather|RainDance|[upkeep]\n|upkeep\n|\n|t:|1683736530\n|switch|p2b: Scizor|Scizor, L50, F|100\/100 brn\n|switch|p1a: Chi-Yu|Chi-Yu, L50|100\/100\n|-ability|p1a: Chi-Yu|Beads of Ruin\n|turn|4\n|\n|t:|1683736557\n|switch|p1a: Farigiraf|Farigiraf, L50, F|100\/100\n|-terastallize|p2b: Scizor|Steel\n|move|p2a: Klefki|Thunder Wave||[still]\n|cant|p1a: Farigiraf|ability: Armor Tail|Thunder Wave|[of] p2a: Klefki\n|move|p2b: Scizor|Bullet Punch||[still]\n|cant|p1a: Farigiraf|ability: Armor Tail|Bullet Punch|[of] p2b: Scizor\n|cant|p1b: Flutter Mane|par\n|\n|-weather|RainDance|[upkeep]\n|-damage|p2b: Scizor|94\/100 brn|[from] brn\n|upkeep\n|turn|5\n|inactive|fxgjx has 30 seconds left.\n|inactive|Adge77 has 30 seconds left.\n|inactive|fxgjx has 20 seconds left.\n|inactive|fxgjx has 15 seconds left.\n|inactive|Adge77 has 20 seconds left.\n|inactive|Adge77 has 15 seconds left.\n|\n|t:|1683736603\n|-terastallize|p1a: Farigiraf|Normal\n|move|p1a: Farigiraf|Shadow Ball|p2b: Scizor\n|-damage|p2b: Scizor|49\/100 brn\n|-unboost|p2b: Scizor|spd|1\n|move|p1b: Flutter Mane|Shadow Ball|p2b: Scizor\n|-damage|p2b: Scizor|0 fnt\n|faint|p2b: Scizor\n|move|p2a: Klefki|Dazzling Gleam|p1a: Farigiraf|[spread] p1a,p1b\n|-damage|p1a: Farigiraf|80\/100\n|-damage|p1b: Flutter Mane|18\/100 par\n|\n|-weather|none\n|-sideend|p1: fxgjx|move: Tailwind\n|upkeep\n|\n|t:|1683736615\n|switch|p2b: Rotom|Rotom-Wash, L50|100\/100\n|turn|6\n|inactive|Adge77 has 30 seconds left.\n|inactive|Adge77 has 20 seconds left.\n|\n|t:|1683736652\n|move|p2b: Rotom|Shadow Ball|p1b: Flutter Mane\n|-supereffective|p1b: Flutter Mane\n|-damage|p1b: Flutter Mane|0 fnt\n|faint|p1b: Flutter Mane\n|-end|p1b: Flutter Mane|Protosynthesis|[silent]\n|move|p1a: Farigiraf|Shadow Ball|p2b: Rotom\n|-damage|p2b: Rotom|42\/100\n|move|p2a: Klefki|Foul Play|p1a: Farigiraf\n|-damage|p1a: Farigiraf|62\/100\n|\n|upkeep\n|\n|t:|1683736660\n|switch|p1b: Chi-Yu|Chi-Yu, L50|100\/100\n|-ability|p1b: Chi-Yu|Beads of Ruin\n|turn|7\n|\n|t:|1683736679\n|move|p2a: Klefki|Rain Dance|p2a: Klefki\n|-weather|RainDance\n|move|p2b: Rotom|Shadow Ball|p1b: Chi-Yu\n|-resisted|p1b: Chi-Yu\n|-damage|p1b: Chi-Yu|86\/100\n|move|p1b: Chi-Yu|Dark Pulse|p2b: Rotom\n|-crit|p2b: Rotom\n|-damage|p2b: Rotom|0 fnt\n|faint|p2b: Rotom\n|move|p1a: Farigiraf|Shadow Ball|p2a: Klefki\n|-damage|p2a: Klefki|0 fnt\n|faint|p2a: Klefki\n|\n|win|fxgjx\n|raw|fxgjx's rating: 1069 → 1098<\/strong> (+29 for winning)\n|raw|Adge77's rating: 1063 → 1044<\/strong> (-19 for losing)\n|l|\u2606Adge77\n","uploadtime":1683736692,"views":9,"p1id":"fxgjx","p2id":"adge77","formatid":"gen9vgc2023regulationc","rating":1044,"private":0,"password":""}