{"id":"gen9vgc2023regulationc-1847964732","p1":"ChossyVGC","p2":"assosiaan2014","format":"[Gen 9] VGC 2023 Regulation C","log":"|j|\u2606ChossyVGC\n|j|\u2606assosiaan2014\n|t:|1682016378\n|gametype|doubles\n|player|p1|ChossyVGC|veteran|\n|player|p2|assosiaan2014|worker|\n|teamsize|p1|6\n|teamsize|p2|6\n|gen|9\n|tier|[Gen 9] VGC 2023 Regulation C\n|rule|Species Clause: Limit one of each Pok\u00e9mon\n|rule|Item Clause: Limit one of each item\n|clearpoke\n|poke|p1|Tatsugiri, L50, M|\n|poke|p1|Bronzong, L50|\n|poke|p1|Lycanroc-Midnight, L50, F|\n|poke|p1|Slowbro, L50, M|\n|poke|p1|Sableye, L50, M|\n|poke|p1|Dondozo, L50, F|\n|poke|p2|Chi-Yu, L50|\n|poke|p2|Farigiraf, L50, M|\n|poke|p2|Flutter Mane, L50|\n|poke|p2|Iron Hands, L50|\n|poke|p2|Lilligant, L50, F|\n|poke|p2|Torkoal, L50, M|\n|teampreview|4\n|c|\u2606assosiaan2014|glhf\nassosiaan2014 has agreed to open team sheets.\n|inactive|Battle timer is ON: inactive players will automatically lose when time's up. (requested by assosiaan2014)\n|c|\u2606ChossyVGC|u2\n|\n|t:|1682016413\n|start\n|switch|p1a: Bronzong|Bronzong, L50|100\/100\n|switch|p1b: Sableye|Sableye, L50, M|100\/100\n|switch|p2a: Lilligant|Lilligant, L50, F, shiny|100\/100\n|switch|p2b: Torkoal|Torkoal, L50, M, shiny|100\/100\n|-weather|SunnyDay|[from] ability: Drought|[of] p2b: Torkoal\n|turn|1\n|inactive|ChossyVGC has 30 seconds left.\n|inactive|ChossyVGC has 20 seconds left.\n|inactive|ChossyVGC has 15 seconds left.\n|\n|t:|1682016457\n|-terastallize|p1a: Bronzong|Water\n|move|p2b: Torkoal|Protect|p2b: Torkoal\n|-singleturn|p2b: Torkoal|Protect\n|move|p1b: Sableye|Light Screen|p1b: Sableye\n|-sidestart|p1: ChossyVGC|move: Light Screen\n|move|p2a: Lilligant|Sleep Powder|p1a: Bronzong\n|-activate|p1a: Bronzong|item: Safety Goggles|Sleep Powder\n|move|p1a: Bronzong|Hypnosis|p2a: Lilligant|[miss]\n|-miss|p1a: Bronzong|p2a: Lilligant\n|\n|-weather|SunnyDay|[upkeep]\n|upkeep\n|turn|2\n|inactive|ChossyVGC has 30 seconds left.\n|\n|t:|1682016486\n|-terastallize|p2b: Torkoal|Fire\n|move|p1b: Sableye|Encore|p2a: Lilligant\n|-start|p2a: Lilligant|Encore\n|move|p2a: Lilligant|Sleep Powder|p1b: Sableye\n|-status|p1b: Sableye|slp|[from] move: Sleep Powder\n|move|p1a: Bronzong|Hypnosis|p2b: Torkoal\n|-status|p2b: Torkoal|slp|[from] move: Hypnosis\n|cant|p2b: Torkoal|slp\n|\n|-weather|SunnyDay|[upkeep]\n|upkeep\n|turn|3\n|\n|t:|1682016508\n|switch|p2a: Chi-Yu|Chi-Yu, L50|100\/100\n|-ability|p2a: Chi-Yu|Beads of Ruin\n|switch|p1b: Lycanroc|Lycanroc-Midnight, L50, F|100\/100\n|move|p1a: Bronzong|Skill Swap|p1b: Lycanroc\n|-activate|p1a: Bronzong|move: Skill Swap|||[of] p1b: Lycanroc\n|cant|p2b: Torkoal|slp\n|\n|-weather|SunnyDay|[upkeep]\n|upkeep\n|turn|4\n|\n|t:|1682016529\n|switch|p1b: Dondozo|Dondozo, L50, F|100\/100\n|move|p2a: Chi-Yu|Snarl|p1b: Dondozo|[spread] p1a,p1b\n|-damage|p1a: Bronzong|80\/100\n|-damage|p1b: Dondozo|79\/100\n|-unboost|p1a: Bronzong|spa|1\n|-unboost|p1b: Dondozo|spa|1\n|-damage|p2a: Chi-Yu|91\/100|[from] item: Life Orb\n|move|p1a: Bronzong|Skill Swap|p1b: Dondozo\n|-activate|p1a: Bronzong|move: Skill Swap|||[of] p1b: Dondozo\n|cant|p2b: Torkoal|slp\n|\n|-weather|SunnyDay|[upkeep]\n|upkeep\n|turn|5\n|c|\u2606assosiaan2014|hmm interesting\n|inactive|assosiaan2014 has 30 seconds left.\n|inactive|assosiaan2014 has 20 seconds left.\n|\n|t:|1682016568\n|move|p2a: Chi-Yu|Snarl|p1b: Dondozo|[spread] p1a,p1b\n|-damage|p1a: Bronzong|58\/100\n|-damage|p1b: Dondozo|58\/100\n|-unboost|p1a: Bronzong|spa|1\n|-unboost|p1b: Dondozo|spa|1\n|-damage|p2a: Chi-Yu|81\/100|[from] item: Life Orb\n|move|p1b: Dondozo|Fissure|p2b: Torkoal\n|-damage|p2b: Torkoal|0 fnt\n|faint|p2b: Torkoal\n|-ohko\n|move|p1a: Bronzong|Trick Room|p1a: Bronzong\n|-fieldstart|move: Trick Room|[of] p1a: Bronzong\n|\n|-weather|none\n|upkeep\n|c|\u2606ChossyVGC|your team is hard to set up against\n|\n|t:|1682016584\n|switch|p2b: Lilligant|Lilligant, L50, F, shiny|100\/100\n|turn|6\n|c|\u2606assosiaan2014|i guess that's a good thing for me to hear lol\n|c|\u2606assosiaan2014|no guard fissure is scary af\n|\n|t:|1682016605\n|move|p2a: Chi-Yu|Protect|p2a: Chi-Yu\n|-singleturn|p2a: Chi-Yu|Protect\n|move|p1a: Bronzong|Gravity|p1a: Bronzong\n|-fieldstart|move: Gravity\n|move|p1b: Dondozo|Fissure|p2a: Chi-Yu\n|-activate|p2a: Chi-Yu|move: Protect\n|move|p2b: Lilligant|Sleep Powder|p1b: Dondozo\n|-status|p1b: Dondozo|slp|[from] move: Sleep Powder\n|-enditem|p1b: Dondozo|Lum Berry|[eat]\n|-curestatus|p1b: Dondozo|slp|[msg]\n|\n|upkeep\n|turn|7\n|\n|t:|1682016627\n|move|p1a: Bronzong|Hypnosis|p2b: Lilligant\n|-status|p2b: Lilligant|slp|[from] move: Hypnosis\n|move|p1b: Dondozo|Fissure|p2a: Chi-Yu\n|-damage|p2a: Chi-Yu|0 fnt\n|faint|p2a: Chi-Yu\n|-ohko\n|cant|p2b: Lilligant|slp\n|\n|upkeep\n|\n|t:|1682016634\n|switch|p2a: Flutter Mane|Flutter Mane, L50, shiny|100\/100\n|-enditem|p2a: Flutter Mane|Booster Energy\n|-activate|p2a: Flutter Mane|ability: Protosynthesis|[fromitem]\n|-start|p2a: Flutter Mane|protosynthesisspa\n|turn|8\n|\n|t:|1682016646\n|move|p1a: Bronzong|Hypnosis|p2a: Flutter Mane\n|-status|p2a: Flutter Mane|slp|[from] move: Hypnosis\n|move|p1b: Dondozo|Fissure|p2b: Lilligant\n|-enditem|p2b: Lilligant|Focus Sash\n|-damage|p2b: Lilligant|1\/100 slp\n|cant|p2b: Lilligant|slp\n|cant|p2a: Flutter Mane|slp\n|\n|-sideend|p1: ChossyVGC|move: Light Screen\n|upkeep\n|turn|9\n|\n|t:|1682016665\n|switch|p1a: Lycanroc|Lycanroc-Midnight, L50, F|100\/100\n|move|p1b: Dondozo|Fissure|p2a: Flutter Mane\n|-damage|p2a: Flutter Mane|0 fnt\n|faint|p2a: Flutter Mane\n|-end|p2a: Flutter Mane|Protosynthesis|[silent]\n|-ohko\n|-curestatus|p2b: Lilligant|slp|[msg]\n|move|p2b: Lilligant|Sleep Powder|p1b: Dondozo\n|-status|p1b: Dondozo|slp|[from] move: Sleep Powder\n|\n|-fieldend|move: Trick Room\n|upkeep\n|turn|10\n|c|\u2606assosiaan2014|1hp and a dream\n|\n|t:|1682016687\n|move|p1a: Lycanroc|Protect|p1a: Lycanroc\n|-singleturn|p1a: Lycanroc|Protect\n|move|p2b: Lilligant|Sleep Powder|p1a: Lycanroc\n|-activate|p1a: Lycanroc|move: Protect\n|cant|p1b: Dondozo|slp\n|move|p1b: Dondozo|Sleep Talk|p1b: Dondozo\n|move|p1b: Dondozo|Rock Slide|p2b: Lilligant|[from]move: Sleep Talk\n|-damage|p2b: Lilligant|0 fnt\n|faint|p2b: Lilligant\n|\n|win|ChossyVGC\n|c|\u2606ChossyVGC|:)\n|c|\u2606assosiaan2014|oh lmao\n|c|\u2606assosiaan2014|bo3?\n","uploadtime":1682016704,"views":19,"p1id":"chossyvgc","p2id":"assosiaan2014","formatid":"gen9vgc2023regulationc","rating":0,"private":0,"password":""}