{"id":"gen9vgc2023regulationc-1857502607","p1":"Chosentolose","p2":"raial941","format":"[Gen 9] VGC 2023 Regulation C","log":"|j|\u2606Chosentolose\n|j|\u2606raial941\n|t:|1683202343\n|gametype|doubles\n|player|p1|Chosentolose|interviewers|1222\n|player|p2|raial941|pokemonbreeder|1233\n|teamsize|p1|6\n|teamsize|p2|6\n|gen|9\n|tier|[Gen 9] VGC 2023 Regulation C\n|rated|\n|rule|Species Clause: Limit one of each Pok\u00e9mon\n|rule|Item Clause: Limit one of each item\n|clearpoke\n|poke|p1|Annihilape, L50, F|\n|poke|p1|Maushold-Four, L50|\n|poke|p1|Amoonguss, L50, M|\n|poke|p1|Arcanine, L50, M|\n|poke|p1|Sylveon, L50, F|\n|poke|p1|Iron Bundle, L50|\n|poke|p2|Garganacl, L50, M|\n|poke|p2|Corviknight, L50, M|\n|poke|p2|Chien-Pao, L50|\n|poke|p2|Gengar, L50, M|\n|poke|p2|Tauros-Paldea-Aqua, L50, M|\n|poke|p2|Iron Hands, L50|\n|teampreview|4\n|inactive|Battle timer is ON: inactive players will automatically lose when time's up. (requested by Chosentolose)\nChosentolose rejected open team sheets.\n|\n|t:|1683202410\n|start\n|switch|p1a: Arcanine|Arcanine, L50, M|100\/100\n|switch|p1b: Annihilape|Annihilape, L50, F|100\/100\n|switch|p2a: Corviknight|Corviknight, L50, M|100\/100\n|switch|p2b: Gengar|Gengar, L50, M|100\/100\n|-ability|p1a: Arcanine|Intimidate|boost\n|-ability|p2a: Corviknight|Mirror Armor\n|-unboost|p1a: Arcanine|atk|1\n|-unboost|p2b: Gengar|atk|1\n|turn|1\n|\n|t:|1683202426\n|move|p1b: Annihilape|Protect|p1b: Annihilape\n|-singleturn|p1b: Annihilape|Protect\n|move|p2b: Gengar|Toxic|p1b: Annihilape\n|-activate|p1b: Annihilape|move: Protect\n|move|p1a: Arcanine|Will-O-Wisp|p2a: Corviknight\n|-status|p2a: Corviknight|brn\n|move|p2a: Corviknight|Tailwind|p2a: Corviknight\n|-sidestart|p2: raial941|move: Tailwind\n|\n|-damage|p2a: Corviknight|94\/100 brn|[from] brn\n|upkeep\n|turn|2\n|\n|t:|1683202446\n|-terastallize|p1b: Annihilape|Steel\n|move|p2b: Gengar|Toxic|p1a: Arcanine\n|-status|p1a: Arcanine|tox\n|move|p2a: Corviknight|Bulk Up|p2a: Corviknight\n|-boost|p2a: Corviknight|atk|1\n|-boost|p2a: Corviknight|def|1\n|move|p1a: Arcanine|Flare Blitz|p2a: Corviknight\n|-supereffective|p2a: Corviknight\n|-damage|p2a: Corviknight|51\/100 brn\n|-damage|p1a: Arcanine|86\/100 tox|[from] Recoil\n|move|p1b: Annihilape|Bulk Up|p1b: Annihilape\n|-boost|p1b: Annihilape|atk|1\n|-boost|p1b: Annihilape|def|1\n|\n|-heal|p2a: Corviknight|57\/100 brn|[from] item: Leftovers\n|-damage|p1a: Arcanine|80\/100 tox|[from] psn\n|-damage|p2a: Corviknight|51\/100 brn|[from] brn\n|upkeep\n|turn|3\n|inactive|raial941 has 30 seconds left.\n|inactive|raial941 has 20 seconds left.\n|inactive|raial941 has 15 seconds left.\n|inactive|raial941 has 10 seconds left.\n|inactive|raial941 has 5 seconds left.\n|\n|t:|1683202496\n|switch|p2a: Garganacl|Garganacl, L50, M, shiny|100\/100\n|switch|p1a: Maushold|Maushold-Four, L50|100\/100\n|move|p1b: Annihilape|Protect|p1b: Annihilape\n|-singleturn|p1b: Annihilape|Protect\n|move|p2b: Gengar|Shadow Ball|p1b: Annihilape\n|-activate|p1b: Annihilape|move: Protect\n|\n|upkeep\n|turn|4\n|inactive|Chosentolose has 30 seconds left.\n|\n|t:|1683202528\n|switch|p2b: Corviknight|Corviknight, L50, M|51\/100 brn\n|move|p1a: Maushold|Population Bomb|p1b: Annihilape\n|-resisted|p1b: Annihilape\n|-damage|p1b: Annihilape|99\/100\n|-resisted|p1b: Annihilape\n|-damage|p1b: Annihilape|98\/100\n|-resisted|p1b: Annihilape\n|-damage|p1b: Annihilape|96\/100\n|-resisted|p1b: Annihilape\n|-damage|p1b: Annihilape|95\/100\n|-resisted|p1b: Annihilape\n|-damage|p1b: Annihilape|93\/100\n|-hitcount|p1b: Annihilape|5\n|move|p1b: Annihilape|Rage Fist|p2b: Corviknight\n|-damage|p2b: Corviknight|0 fnt\n|faint|p2b: Corviknight\n|move|p2a: Garganacl|Salt Cure|p1b: Annihilape\n|-resisted|p1b: Annihilape\n|-damage|p1b: Annihilape|90\/100\n|-start|p1b: Annihilape|Salt Cure\n|\n|-heal|p1b: Annihilape|96\/100|[from] item: Leftovers\n|-damage|p1b: Annihilape|71\/100|[from] Salt Cure\n|-sideend|p2: raial941|move: Tailwind\n|upkeep\n|c|\u2606raial941|fisrt annihilape steel that i see, man i love the tech in here\n|inactive|raial941 has 30 seconds left.\n|\n|t:|1683202553\n|switch|p2b: Gengar|Gengar, L50, M|100\/100\n|turn|5\n|\n|t:|1683202566\n|-terastallize|p2a: Garganacl|Grass\n|move|p2b: Gengar|Protect|p2b: Gengar\n|-singleturn|p2b: Gengar|Protect\n|move|p1a: Maushold|Follow Me|p1a: Maushold\n|-singleturn|p1a: Maushold|move: Follow Me\n|move|p1b: Annihilape|Rage Fist|p2a: Garganacl\n|-damage|p2a: Garganacl|19\/100\n|-damage|p1b: Annihilape|54\/100|[from] item: Rocky Helmet|[of] p2a: Garganacl\n|move|p2a: Garganacl|Stealth Rock|p1a: Maushold\n|-sidestart|p1: Chosentolose|move: Stealth Rock\n|\n|-heal|p1b: Annihilape|60\/100|[from] item: Leftovers\n|-damage|p1b: Annihilape|36\/100|[from] Salt Cure\n|upkeep\n|turn|6\n|\n|t:|1683202585\n|move|p2a: Garganacl|Protect|p2a: Garganacl\n|-singleturn|p2a: Garganacl|Protect\n|move|p1a: Maushold|Follow Me|p1a: Maushold\n|-singleturn|p1a: Maushold|move: Follow Me\n|move|p2b: Gengar|Toxic|p1a: Maushold\n|-status|p1a: Maushold|tox\n|move|p1b: Annihilape|Rage Fist|p2b: Gengar\n|-supereffective|p2b: Gengar\n|-enditem|p2b: Gengar|Focus Sash\n|-damage|p2b: Gengar|1\/100\n|\n|-heal|p1b: Annihilape|42\/100|[from] item: Leftovers\n|-damage|p1a: Maushold|94\/100 tox|[from] psn\n|-damage|p1b: Annihilape|17\/100|[from] Salt Cure\n|upkeep\n|turn|7\n|\n|t:|1683202603\n|move|p1a: Maushold|Follow Me|p1a: Maushold\n|-singleturn|p1a: Maushold|move: Follow Me\n|move|p2b: Gengar|Sludge Bomb|p1a: Maushold\n|-crit|p1a: Maushold\n|-damage|p1a: Maushold|4\/100 tox\n|move|p1b: Annihilape|Rage Fist|p2a: Garganacl\n|-damage|p2a: Garganacl|0 fnt\n|-damage|p1b: Annihilape|0 fnt|[from] item: Rocky Helmet|[of] p2a: Garganacl\n|faint|p2a: Garganacl\n|faint|p1b: Annihilape\n|\n|-damage|p1a: Maushold|0 fnt|[from] psn\n|faint|p1a: Maushold\n|upkeep\n|\n|t:|1683202615\n|switch|p1a: Sylveon|Sylveon, L50, F|100\/100\n|switch|p1b: Arcanine|Arcanine, L50, M|80\/100 tox\n|switch|p2a: Chien-Pao|Chien-Pao, L50|100\/100\n|-ability|p2a: Chien-Pao|Sword of Ruin\n|-damage|p1b: Arcanine|55\/100 tox|[from] Stealth Rock\n|-ability|p1b: Arcanine|Intimidate|boost\n|-unboost|p2a: Chien-Pao|atk|1\n|-unboost|p2b: Gengar|atk|1\n|-damage|p1a: Sylveon|88\/100|[from] Stealth Rock\n|turn|8\n|inactive|raial941 has 30 seconds left.\n|inactive|raial941 has 20 seconds left.\n|\n|t:|1683202653\n|move|p1b: Arcanine|Extreme Speed|p2a: Chien-Pao\n|-damage|p2a: Chien-Pao|65\/100\n|move|p2a: Chien-Pao|Sacred Sword|p1b: Arcanine\n|-damage|p1b: Arcanine|16\/100 tox\n|move|p2b: Gengar|Sludge Bomb|p1a: Sylveon\n|-supereffective|p1a: Sylveon\n|-damage|p1a: Sylveon|28\/100\n|move|p1a: Sylveon|Hyper Voice|p2a: Chien-Pao|[spread] p2a,p2b\n|-supereffective|p2a: Chien-Pao\n|-resisted|p2b: Gengar\n|-damage|p2a: Chien-Pao|0 fnt\n|-damage|p2b: Gengar|0 fnt\n|-start|p1a: Sylveon|Disable|Hyper Voice|[from] ability: Cursed Body|[of] p2b: Gengar\n|faint|p2a: Chien-Pao\n|faint|p2b: Gengar\n|-enditem|p1a: Sylveon|Throat Spray\n|\n|win|Chosentolose\n|raw|Chosentolose's rating: 1222 → 1248<\/strong> (+26 for winning)\n|raw|raial941's rating: 1233 → 1207<\/strong> (-26 for losing)\n","uploadtime":1683202666,"views":7,"p1id":"chosentolose","p2id":"raial941","formatid":"gen9vgc2023regulationc","rating":1207,"private":0,"password":""}