{"id":"gen9vgc2023regulationc-1858648757","p1":"arcaninesrules","p2":"hisanory","format":"[Gen 9] VGC 2023 Regulation C","log":"|j|\u2606arcaninesrules\n|j|\u2606hisanory\n|t:|1683337170\n|gametype|doubles\n|player|p1|arcaninesrules|266|1294\n|player|p2|hisanory|swimmer-gen4dp|1234\n|teamsize|p1|6\n|teamsize|p2|6\n|gen|9\n|tier|[Gen 9] VGC 2023 Regulation C\n|rated|\n|rule|Species Clause: Limit one of each Pok\u00e9mon\n|rule|Item Clause: Limit one of each item\n|clearpoke\n|poke|p1|Chi-Yu, L50|\n|poke|p1|Flutter Mane, L50|\n|poke|p1|Chien-Pao, L50|\n|poke|p1|Gyarados, L50, F|\n|poke|p1|Amoonguss, L50, F|\n|poke|p1|Iron Hands, L50|\n|poke|p2|Armarouge, L50, F|\n|poke|p2|Indeedee-F, L50, F|\n|poke|p2|Roaring Moon, L50|\n|poke|p2|Corviknight, L50, F|\n|poke|p2|Garchomp, L50, M|\n|poke|p2|Flutter Mane, L50|\n|teampreview|4\n|inactive|Battle timer is ON: inactive players will automatically lose when time's up. (requested by hisanory)\narcaninesrules has agreed to open team sheets.\n|\n|t:|1683337190\n|start\n|switch|p1a: Gyarados|Gyarados, L50, F|100\/100\n|switch|p1b: Chien-Pao|Chien-Pao, L50|100\/100\n|switch|p2a: Roaring Moon|Roaring Moon, L50, shiny|100\/100\n|switch|p2b: Garchomp|Garchomp, L50, M|100\/100\n|-ability|p1b: Chien-Pao|Sword of Ruin\n|-ability|p1a: Gyarados|Intimidate|boost\n|-unboost|p2a: Roaring Moon|atk|1\n|-unboost|p2b: Garchomp|atk|1\n|-enditem|p2a: Roaring Moon|Booster Energy\n|-activate|p2a: Roaring Moon|ability: Protosynthesis|[fromitem]\n|-start|p2a: Roaring Moon|protosynthesisspe\n|turn|1\n|\n|t:|1683337208\n|-terastallize|p2a: Roaring Moon|Flying\n|move|p1b: Chien-Pao|Protect|p1b: Chien-Pao\n|-singleturn|p1b: Chien-Pao|Protect\n|move|p2a: Roaring Moon|Tailwind|p2a: Roaring Moon\n|-sidestart|p2: hisanory|move: Tailwind\n|move|p2b: Garchomp|Rock Slide|p1a: Gyarados|[spread] p1a\n|-activate|p1b: Chien-Pao|move: Protect\n|-supereffective|p1a: Gyarados\n|-damage|p1a: Gyarados|58\/100\n|cant|p1a: Gyarados|flinch\n|\n|upkeep\n|turn|2\n|\n|t:|1683337222\n|switch|p1a: Iron Hands|Iron Hands, L50|100\/100\n|move|p2a: Roaring Moon|Acrobatics|p1b: Chien-Pao\n|-damage|p1b: Chien-Pao|46\/100\n|move|p2b: Garchomp|Rock Slide|p1a: Iron Hands|[spread] p1a\n|-miss|p2b: Garchomp|p1b: Chien-Pao\n|-resisted|p1a: Iron Hands\n|-damage|p1a: Iron Hands|94\/100\n|move|p1b: Chien-Pao|Ice Spinner|p2a: Roaring Moon\n|-supereffective|p2a: Roaring Moon\n|-damage|p2a: Roaring Moon|0 fnt\n|faint|p2a: Roaring Moon\n|-end|p2a: Roaring Moon|Protosynthesis|[silent]\n|\n|upkeep\n|\n|t:|1683337237\n|switch|p2a: Flutter Mane|Flutter Mane, L50|100\/100\n|turn|3\n|\n|t:|1683337244\n|move|p1a: Iron Hands|Fake Out|p2b: Garchomp\n|-damage|p2b: Garchomp|80\/100\n|-damage|p1a: Iron Hands|81\/100|[from] ability: Rough Skin|[of] p2b: Garchomp\n|move|p1b: Chien-Pao|Sucker Punch|p2a: Flutter Mane\n|-damage|p2a: Flutter Mane|37\/100\n|cant|p2b: Garchomp|flinch\n|move|p2a: Flutter Mane|Dazzling Gleam|p1b: Chien-Pao|[spread] p1a,p1b\n|-supereffective|p1a: Iron Hands\n|-supereffective|p1b: Chien-Pao\n|-damage|p1a: Iron Hands|43\/100\n|-damage|p1b: Chien-Pao|0 fnt\n|faint|p1b: Chien-Pao\n|\n|upkeep\n|\n|t:|1683337252\n|switch|p1b: Gyarados|Gyarados, L50, F|58\/100\n|-ability|p1b: Gyarados|Intimidate|boost\n|-unboost|p2a: Flutter Mane|atk|1\n|-unboost|p2b: Garchomp|atk|1\n|turn|4\n|\n|t:|1683337264\n|-terastallize|p1b: Gyarados|Steel\n|move|p2b: Garchomp|Rock Slide|p1b: Gyarados|[spread] p1a,p1b\n|-resisted|p1a: Iron Hands\n|-resisted|p1b: Gyarados\n|-damage|p1a: Iron Hands|39\/100\n|-damage|p1b: Gyarados|53\/100\n|move|p2a: Flutter Mane|Dazzling Gleam|p1a: Iron Hands|[spread] p1a,p1b\n|-supereffective|p1a: Iron Hands\n|-resisted|p1b: Gyarados\n|-damage|p1a: Iron Hands|0 fnt\n|-damage|p1b: Gyarados|34\/100\n|faint|p1a: Iron Hands\n|-end|p1a: Iron Hands|Quark Drive|[silent]\n|move|p1b: Gyarados|Dragon Dance|p1b: Gyarados\n|-boost|p1b: Gyarados|atk|1\n|-boost|p1b: Gyarados|spe|1\n|\n|-sideend|p2: hisanory|move: Tailwind\n|upkeep\n|\n|t:|1683337275\n|switch|p1a: Flutter Mane|Flutter Mane, L50|100\/100\n|-enditem|p1a: Flutter Mane|Booster Energy\n|-activate|p1a: Flutter Mane|ability: Protosynthesis|[fromitem]\n|-start|p1a: Flutter Mane|protosynthesisspe\n|turn|5\n|\n|t:|1683337286\n|move|p1a: Flutter Mane|Moonblast|p2b: Garchomp\n|-supereffective|p2b: Garchomp\n|-damage|p2b: Garchomp|0 fnt\n|faint|p2b: Garchomp\n|move|p1b: Gyarados|Iron Head|p2a: Flutter Mane\n|-supereffective|p2a: Flutter Mane\n|-damage|p2a: Flutter Mane|0 fnt\n|faint|p2a: Flutter Mane\n|-end|p2a: Flutter Mane|Protosynthesis|[silent]\n|\n|upkeep\n|\n|t:|1683337298\n|switch|p2b: Corviknight|Corviknight, L50, F|100\/100\n|turn|6\n|\n|t:|1683337311\n|move|p1a: Flutter Mane|Protect|p1a: Flutter Mane\n|-singleturn|p1a: Flutter Mane|Protect\n|move|p1b: Gyarados|Taunt|p2b: Corviknight\n|-start|p2b: Corviknight|move: Taunt\n|move|p2b: Corviknight|Brave Bird|p1a: Flutter Mane\n|-activate|p1a: Flutter Mane|move: Protect\n|\n|upkeep\n|turn|7\n|\n|t:|1683337324\n|move|p1a: Flutter Mane|Thunderbolt|p2b: Corviknight\n|-supereffective|p2b: Corviknight\n|-damage|p2b: Corviknight|45\/100\n|-enditem|p2b: Corviknight|Sitrus Berry|[eat]\n|-heal|p2b: Corviknight|70\/100|[from] item: Sitrus Berry\n|move|p1b: Gyarados|Dragon Dance|p1b: Gyarados\n|-boost|p1b: Gyarados|atk|1\n|-boost|p1b: Gyarados|spe|1\n|move|p2b: Corviknight|Brave Bird|p1b: Gyarados\n|-resisted|p1b: Gyarados\n|-damage|p1b: Gyarados|12\/100\n|-damage|p2b: Corviknight|63\/100|[from] Recoil\n|\n|upkeep\n|turn|8\n|\n|t:|1683337337\n|move|p1a: Flutter Mane|Thunderbolt|p2b: Corviknight\n|-supereffective|p2b: Corviknight\n|-damage|p2b: Corviknight|6\/100\n|move|p1b: Gyarados|Waterfall|p2b: Corviknight\n|-damage|p2b: Corviknight|0 fnt\n|faint|p2b: Corviknight\n|\n|win|arcaninesrules\n|raw|arcaninesrules's rating: 1294 → 1315<\/strong> (+21 for winning)\n|raw|hisanory's rating: 1234 → 1213<\/strong> (-21 for losing)\n","uploadtime":1683337346,"views":15,"p1id":"arcaninesrules","p2id":"hisanory","formatid":"gen9vgc2023regulationc","rating":1213,"private":0,"password":""}