{"id":"gen9vgc2023regulationc-1857394997","p1":"tadano-reol","p2":"Ecstra Ecstra","format":"[Gen 9] VGC 2023 Regulation C","log":"|j|\u2606tadano-reol\n|j|\u2606Ecstra Ecstra\n|t:|1683186049\n|gametype|doubles\n|player|p1|tadano-reol|red|1130\n|player|p2|Ecstra Ecstra|workerice|1230\n|teamsize|p1|6\n|teamsize|p2|6\n|gen|9\n|tier|[Gen 9] VGC 2023 Regulation C\n|rated|\n|rule|Species Clause: Limit one of each Pok\u00e9mon\n|rule|Item Clause: Limit one of each item\n|clearpoke\n|poke|p1|Armarouge, L50, M|\n|poke|p1|Indeedee-F, L50, F|\n|poke|p1|Roaring Moon, L50|\n|poke|p1|Corviknight, L50, F|\n|poke|p1|Garchomp, L50, F|\n|poke|p1|Flutter Mane, L50|\n|poke|p2|Annihilape, L50, M|\n|poke|p2|Maushold-Four, L50|\n|poke|p2|Gastrodon, L50, F|\n|poke|p2|Flutter Mane, L50|\n|poke|p2|Tyranitar, L50, M|\n|poke|p2|Hippowdon, L50, M|\n|teampreview|4\n|inactive|Battle timer is ON: inactive players will automatically lose when time's up. (requested by Ecstra Ecstra)\n|j| hisanory\n|inactive|Ecstra Ecstra has 60 seconds left.\n|\n|t:|1683186090\n|start\n|switch|p1a: Garchomp|Garchomp, L50, F|100\/100\n|switch|p1b: Corviknight|Corviknight, L50, F|100\/100\n|switch|p2a: Tyranitar|Tyranitar, L50, M|100\/100\n|switch|p2b: Hippowdon|Hippowdon, L50, M|100\/100\n|-weather|Sandstorm|[from] ability: Sand Stream|[of] p2a: Tyranitar\n|turn|1\n|\n|t:|1683186112\n|-terastallize|p1a: Garchomp|Ground\n|-terastallize|p2a: Tyranitar|Flying\n|move|p1a: Garchomp|Earthquake|p2a: Tyranitar|[spread] p2b\n|-immune|p1b: Corviknight\n|-immune|p2a: Tyranitar\n|-damage|p2b: Hippowdon|62\/100\n|move|p1b: Corviknight|Tailwind|p1b: Corviknight\n|-sidestart|p1: tadano-reol|move: Tailwind\n|move|p2a: Tyranitar|Rock Slide|p1a: Garchomp|[spread] p1a,p1b\n|-resisted|p1a: Garchomp\n|-damage|p1a: Garchomp|83\/100\n|-damage|p1b: Corviknight|75\/100\n|move|p2b: Hippowdon|Earthquake|p1b: Corviknight|[spread] p1a\n|-immune|p2a: Tyranitar\n|-immune|p1b: Corviknight\n|-damage|p1a: Garchomp|13\/100\n|-damage|p2b: Hippowdon|52\/100|[from] item: Life Orb\n|\n|-weather|Sandstorm|[upkeep]\n|-damage|p2a: Tyranitar|95\/100|[from] Sandstorm\n|upkeep\n|turn|2\n|\n|t:|1683186138\n|move|p2b: Hippowdon|Protect|p2b: Hippowdon\n|-singleturn|p2b: Hippowdon|Protect\n|move|p1a: Garchomp|Earthquake|p2b: Hippowdon|[spread] \n|-activate|p2b: Hippowdon|move: Protect\n|-immune|p1b: Corviknight\n|-immune|p2a: Tyranitar\n|move|p1b: Corviknight|Brave Bird|p2a: Tyranitar\n|-damage|p2a: Tyranitar|58\/100\n|-damage|p1b: Corviknight|63\/100|[from] Recoil\n|move|p2a: Tyranitar|Tera Blast|p1a: Garchomp\n|-damage|p1a: Garchomp|0 fnt\n|faint|p1a: Garchomp\n|\n|-weather|Sandstorm|[upkeep]\n|-damage|p2a: Tyranitar|52\/100|[from] Sandstorm\n|upkeep\n|\n|t:|1683186148\n|switch|p1a: Flutter Mane|Flutter Mane, L50|100\/100\n|turn|3\n|\n|t:|1683186156\n|move|p1a: Flutter Mane|Thunderbolt|p2a: Tyranitar\n|-supereffective|p2a: Tyranitar\n|-damage|p2a: Tyranitar|6\/100\n|move|p1b: Corviknight|Brave Bird|p2a: Tyranitar\n|-damage|p2a: Tyranitar|0 fnt\n|faint|p2a: Tyranitar\n|-damage|p1b: Corviknight|61\/100|[from] Recoil\n|move|p2b: Hippowdon|Slack Off|p2b: Hippowdon\n|-heal|p2b: Hippowdon|100\/100\n|\n|-weather|Sandstorm|[upkeep]\n|-damage|p1a: Flutter Mane|95\/100|[from] Sandstorm\n|upkeep\n|\n|t:|1683186176\n|switch|p2a: Flutter Mane|Flutter Mane, L50|100\/100\n|turn|4\n|\n|t:|1683186188\n|-end|p1a: Flutter Mane|Protosynthesis|[silent]\n|switch|p1a: Roaring Moon|Roaring Moon, L50, shiny|100\/100\n|-enditem|p1a: Roaring Moon|Booster Energy\n|-activate|p1a: Roaring Moon|ability: Protosynthesis|[fromitem]\n|-start|p1a: Roaring Moon|protosynthesisspe\n|move|p2a: Flutter Mane|Protect|p2a: Flutter Mane\n|-singleturn|p2a: Flutter Mane|Protect\n|move|p1b: Corviknight|Roost|p1b: Corviknight\n|-heal|p1b: Corviknight|100\/100\n|-singleturn|p1b: Corviknight|move: Roost\n|move|p2b: Hippowdon|Earthquake|p1b: Corviknight|[spread] p1a,p1b\n|-activate|p2a: Flutter Mane|move: Protect\n|-supereffective|p1b: Corviknight\n|-damage|p1a: Roaring Moon|21\/100\n|-damage|p1b: Corviknight|0 fnt\n|faint|p1b: Corviknight\n|-damage|p2b: Hippowdon|91\/100|[from] item: Life Orb\n|\n|-weather|Sandstorm|[upkeep]\n|-damage|p1a: Roaring Moon|15\/100|[from] Sandstorm\n|-damage|p2a: Flutter Mane|94\/100|[from] Sandstorm\n|-sideend|p1: tadano-reol|move: Tailwind\n|upkeep\n|\n|t:|1683186194\n|switch|p1b: Flutter Mane|Flutter Mane, L50|95\/100\n|turn|5\n|inactive|tadano-reol has 30 seconds left.\n|inactive|Ecstra Ecstra has 30 seconds left.\n|inactive|tadano-reol has 20 seconds left.\n|inactive|tadano-reol has 15 seconds left.\n|\n|t:|1683186237\n|move|p1a: Roaring Moon|Acrobatics|p2a: Flutter Mane\n|-damage|p2a: Flutter Mane|20\/100\n|move|p2a: Flutter Mane|Dazzling Gleam|p1a: Roaring Moon|[spread] p1a,p1b\n|-supereffective|p1a: Roaring Moon\n|-crit|p1b: Flutter Mane\n|-damage|p1a: Roaring Moon|0 fnt\n|-damage|p1b: Flutter Mane|57\/100\n|faint|p1a: Roaring Moon\n|-end|p1a: Roaring Moon|Protosynthesis|[silent]\n|move|p1b: Flutter Mane|Moonblast|p2a: Flutter Mane\n|-damage|p2a: Flutter Mane|0 fnt\n|faint|p2a: Flutter Mane\n|-end|p2a: Flutter Mane|Protosynthesis|[silent]\n|move|p2b: Hippowdon|Rock Slide|p1b: Flutter Mane\n|-damage|p1b: Flutter Mane|0 fnt\n|faint|p1b: Flutter Mane\n|-end|p1b: Flutter Mane|Protosynthesis|[silent]\n|-damage|p2b: Hippowdon|81\/100|[from] item: Life Orb\n|\n|win|Ecstra Ecstra\n|raw|tadano-reol's rating: 1130 → 1112<\/strong> (-18 for losing)\n|raw|Ecstra Ecstra's rating: 1230 → 1248<\/strong> (+18 for winning)\n|l|\u2606tadano-reol\n|l|\u2606Ecstra Ecstra\n","uploadtime":1683186272,"views":3,"p1id":"tadanoreol","p2id":"ecstraecstra","formatid":"gen9vgc2023regulationc","rating":1112,"private":0,"password":""}