{"id":"gen9vgc2023regulationc-1849914516","p1":"je8","p2":"eldelpoliwhirl","format":"[Gen 9] VGC 2023 Regulation C","log":"|j|\u2606je8\n|j|\u2606eldelpoliwhirl\n|t:|1682267599\n|gametype|doubles\n|player|p1|je8|hilbert|1234\n|player|p2|eldelpoliwhirl|1|1213\n|teamsize|p1|6\n|teamsize|p2|6\n|gen|9\n|tier|[Gen 9] VGC 2023 Regulation C\n|rated|\n|rule|Species Clause: Limit one of each Pok\u00e9mon\n|rule|Item Clause: Limit one of each item\n|clearpoke\n|poke|p1|Kingambit, L50, F|\n|poke|p1|Brute Bonnet, L50|\n|poke|p1|Goodra, L50, M|\n|poke|p1|Bellibolt, L50, M|\n|poke|p1|Palafin, L50, F|\n|poke|p1|Mimikyu, L50, F|\n|poke|p2|Baxcalibur, L50, M|\n|poke|p2|Palafin, L50, M|\n|poke|p2|Arcanine, L50, M|\n|poke|p2|Flutter Mane, L50|\n|poke|p2|Ting-Lu, L50|\n|poke|p2|Amoonguss, L50, M|\n|teampreview|4\n|inactive|Battle timer is ON: inactive players will automatically lose when time's up. (requested by je8)\neldelpoliwhirl rejected open team sheets.\n|inactive|je8 has 60 seconds left.\n|inactive|je8 has 30 seconds left.\n|inactive|je8 has 20 seconds left.\n|inactive|je8 has 15 seconds left.\n|inactive|je8 has 10 seconds left.\n|inactive|je8 has 5 seconds left.\n|\n|t:|1682267688\n|start\n|switch|p1a: Palafin|Palafin, L50, F|100\/100\n|switch|p1b: Mimikyu|Mimikyu, L50, F|100\/100\n|switch|p2a: Flutter Mane|Flutter Mane, L50|100\/100\n|switch|p2b: Amoonguss|Amoonguss, L50, M|100\/100\n|turn|1\n|\n|t:|1682267706\n|detailschange|p1a: Palafin|Palafin-Hero, L50, F\n|switch|p1a: Brute Bonnet|Brute Bonnet, L50|100\/100\n|move|p1b: Mimikyu|Shadow Sneak|p2a: Flutter Mane\n|-supereffective|p2a: Flutter Mane\n|-damage|p2a: Flutter Mane|50\/100\n|move|p2a: Flutter Mane|Dazzling Gleam|p1b: Mimikyu|[spread] p1a,p1b\n|-supereffective|p1a: Brute Bonnet\n|-damage|p1a: Brute Bonnet|37\/100\n|-activate|p1b: Mimikyu|ability: Disguise\n|-damage|p1b: Mimikyu|100\/100\n|detailschange|p1b: Mimikyu|Mimikyu-Busted, L50, F\n|-damage|p1b: Mimikyu|88\/100|[from] pokemon: Mimikyu-Busted\n|move|p2b: Amoonguss|Spore|p1a: Brute Bonnet\n|-immune|p1a: Brute Bonnet\n|\n|upkeep\n|turn|2\n|\n|t:|1682267731\n|-end|p2a: Flutter Mane|Protosynthesis|[silent]\n|switch|p2a: Arcanine|Arcanine, L50, M|100\/100\n|-ability|p2a: Arcanine|Intimidate|boost\n|-unboost|p1a: Brute Bonnet|atk|1\n|-unboost|p1b: Mimikyu|atk|1\n|-terastallize|p1a: Brute Bonnet|Poison\n|move|p1a: Brute Bonnet|Sucker Punch||[still]\n|-fail|p1a: Brute Bonnet\n|move|p1b: Mimikyu|Will-O-Wisp|p2b: Amoonguss\n|-status|p2b: Amoonguss|brn\n|move|p2b: Amoonguss|Spore|p1b: Mimikyu\n|-status|p1b: Mimikyu|slp|[from] move: Spore\n|\n|-damage|p2b: Amoonguss|95\/100 brn|[from] brn\n|upkeep\n|turn|3\n|\n|t:|1682267751\n|switch|p2b: Ting-Lu|Ting-Lu, L50|100\/100\n|-ability|p2b: Ting-Lu|Vessel of Ruin\n|move|p2a: Arcanine|Howl|p2a: Arcanine|[spread] p2a,p2b\n|-boost|p2a: Arcanine|atk|1\n|-boost|p2b: Ting-Lu|atk|1\n|move|p1a: Brute Bonnet|Spore|p2a: Arcanine\n|-activate|p2a: Arcanine|item: Safety Goggles|Spore\n|cant|p1b: Mimikyu|slp\n|\n|upkeep\n|turn|4\n|\n|t:|1682267771\n|move|p1a: Brute Bonnet|Sucker Punch||[still]\n|-fail|p1a: Brute Bonnet\n|move|p2a: Arcanine|Howl|p2a: Arcanine|[spread] p2a,p2b\n|-boost|p2a: Arcanine|atk|1\n|-boost|p2b: Ting-Lu|atk|1\n|move|p2b: Ting-Lu|Stomping Tantrum|p1a: Brute Bonnet\n|-supereffective|p1a: Brute Bonnet\n|-damage|p1a: Brute Bonnet|0 fnt\n|faint|p1a: Brute Bonnet\n|-end|p1a: Brute Bonnet|Protosynthesis|[silent]\n|cant|p1b: Mimikyu|slp\n|\n|upkeep\n|\n|t:|1682267781\n|switch|p1a: Palafin|Palafin-Hero, L50, F|100\/100\n|-activate|p1a: Palafin|ability: Zero to Hero\n|turn|5\n|\n|t:|1682267797\n|-terastallize|p2b: Ting-Lu|Water\n|move|p2a: Arcanine|Protect|p2a: Arcanine\n|-singleturn|p2a: Arcanine|Protect\n|move|p1a: Palafin|Wave Crash|p2a: Arcanine\n|-activate|p2a: Arcanine|move: Protect\n|cant|p1b: Mimikyu|slp\n|move|p2b: Ting-Lu|Stomping Tantrum|p1a: Palafin\n|-damage|p1a: Palafin|49\/100\n|\n|upkeep\n|turn|6\n|\n|t:|1682267822\n|switch|p2a: Amoonguss|Amoonguss, L50, M|100\/100 brn\n|move|p1a: Palafin|Wave Crash|p2a: Amoonguss\n|-resisted|p2a: Amoonguss\n|-damage|p2a: Amoonguss|56\/100 brn\n|-damage|p1a: Palafin|34\/100|[from] Recoil\n|-damage|p1a: Palafin|24\/100|[from] item: Life Orb\n|-curestatus|p1b: Mimikyu|slp|[msg]\n|move|p1b: Mimikyu|Will-O-Wisp|p2b: Ting-Lu\n|-status|p2b: Ting-Lu|brn\n|move|p2b: Ting-Lu|Heavy Slam|p1b: Mimikyu\n|-supereffective|p1b: Mimikyu\n|-damage|p1b: Mimikyu|17\/100\n|\n|-damage|p2b: Ting-Lu|94\/100 brn|[from] brn\n|-damage|p2a: Amoonguss|50\/100 brn|[from] brn\n|upkeep\n|-enditem|p2a: Amoonguss|Sitrus Berry|[eat]\n|-heal|p2a: Amoonguss|75\/100 brn|[from] item: Sitrus Berry\n|turn|7\n|\n|t:|1682267845\n|switch|p2a: Arcanine|Arcanine, L50, M|100\/100\n|-ability|p2a: Arcanine|Intimidate|boost\n|-unboost|p1a: Palafin|atk|1\n|-unboost|p1b: Mimikyu|atk|1\n|move|p1a: Palafin|Ice Punch|p2a: Arcanine\n|-resisted|p2a: Arcanine\n|-damage|p2a: Arcanine|86\/100\n|-damage|p1a: Palafin|14\/100|[from] item: Life Orb\n|move|p2b: Ting-Lu|Stomping Tantrum|p1a: Palafin\n|-damage|p1a: Palafin|0 fnt\n|faint|p1a: Palafin\n|move|p1b: Mimikyu|Trick Room|p1b: Mimikyu\n|-fieldstart|move: Trick Room|[of] p1b: Mimikyu\n|\n|-damage|p2b: Ting-Lu|88\/100 brn|[from] brn\n|upkeep\n|\n|t:|1682267855\n|switch|p1a: Goodra|Goodra, L50, M|100\/100\n|turn|8\n|\n|t:|1682267872\n|switch|p2a: Amoonguss|Amoonguss, L50, M|100\/100 brn\n|move|p2b: Ting-Lu|Heavy Slam|p1b: Mimikyu\n|-supereffective|p1b: Mimikyu\n|-damage|p1b: Mimikyu|0 fnt\n|faint|p1b: Mimikyu\n|move|p1a: Goodra|Curse|p1a: Goodra\n|-unboost|p1a: Goodra|spe|1\n|-boost|p1a: Goodra|atk|1\n|-boost|p1a: Goodra|def|1\n|\n|-damage|p2a: Amoonguss|95\/100 brn|[from] brn\n|-damage|p2b: Ting-Lu|82\/100 brn|[from] brn\n|upkeep\n|turn|9\n|\n|t:|1682267890\n|move|p2a: Amoonguss|Spore|p1a: Goodra\n|-ability|p1a: Goodra|Sap Sipper|boost\n|-boost|p1a: Goodra|atk|1\n|move|p2b: Ting-Lu|Ruination|p1a: Goodra\n|-damage|p1a: Goodra|51\/100\n|move|p1a: Goodra|Earthquake|p2a: Amoonguss|[spread] p2a,p2b\n|-damage|p2a: Amoonguss|68\/100 brn\n|-damage|p2b: Ting-Lu|64\/100 brn\n|\n|-heal|p1a: Goodra|57\/100|[from] item: Leftovers\n|-damage|p2a: Amoonguss|62\/100 brn|[from] brn\n|-damage|p2b: Ting-Lu|58\/100 brn|[from] brn\n|upkeep\n|turn|10\n|\n|t:|1682267913\n|move|p2a: Amoonguss|Pollen Puff|p2b: Ting-Lu\n|-heal|p2b: Ting-Lu|100\/100 brn\n|move|p2b: Ting-Lu|Ruination|p1a: Goodra\n|-damage|p1a: Goodra|29\/100\n|move|p1a: Goodra|Earthquake|p2b: Ting-Lu|[spread] p2a,p2b\n|-damage|p2a: Amoonguss|36\/100 brn\n|-damage|p2b: Ting-Lu|84\/100 brn\n|\n|-heal|p1a: Goodra|35\/100|[from] item: Leftovers\n|-damage|p2a: Amoonguss|30\/100 brn|[from] brn\n|-damage|p2b: Ting-Lu|78\/100 brn|[from] brn\n|upkeep\n|turn|11\n|\n|t:|1682267931\n|move|p2a: Amoonguss|Clear Smog|p1a: Goodra\n|-damage|p1a: Goodra|27\/100\n|-clearboost|p1a: Goodra\n|move|p2b: Ting-Lu|Stomping Tantrum|p1a: Goodra\n|-damage|p1a: Goodra|6\/100\n|move|p1a: Goodra|Earthquake|p2a: Amoonguss|[spread] p2a,p2b\n|-damage|p2a: Amoonguss|17\/100 brn\n|-damage|p2b: Ting-Lu|68\/100 brn\n|\n|-heal|p1a: Goodra|12\/100|[from] item: Leftovers\n|-damage|p2a: Amoonguss|11\/100 brn|[from] brn\n|-damage|p2b: Ting-Lu|62\/100 brn|[from] brn\n|-fieldend|move: Trick Room\n|upkeep\n|turn|12\n|c|\u2606je8|gg\n|-message|je8 forfeited.\n|\n|win|eldelpoliwhirl\n|raw|je8's rating: 1234 → 1207<\/strong> (-27 for losing)\n|raw|eldelpoliwhirl's rating: 1213 → 1240<\/strong> (+27 for winning)\n|c|\u2606eldelpoliwhirl|gg\n","uploadtime":1682267965,"views":6,"p1id":"je8","p2id":"eldelpoliwhirl","formatid":"gen9vgc2023regulationc","rating":1207,"private":0,"password":""}