{"id":"gen9vgc2023regulationc-1848226711","p1":"jhimbo2100","p2":"Gadiel_VaStar","format":"[Gen 9] VGC 2023 Regulation C","log":"|j|\u2606jhimbo2100\n|j|\u2606Gadiel_VaStar\n|t:|1682044956\n|gametype|doubles\n|player|p1|jhimbo2100|266|1233\n|player|p2|Gadiel_VaStar|sabrina|1186\n|teamsize|p1|6\n|teamsize|p2|6\n|gen|9\n|tier|[Gen 9] VGC 2023 Regulation C\n|rated|\n|rule|Species Clause: Limit one of each Pok\u00e9mon\n|rule|Item Clause: Limit one of each item\n|clearpoke\n|poke|p1|Ting-Lu, L50|\n|poke|p1|Palafin, L50, M|\n|poke|p1|Maushold-Four, L50|\n|poke|p1|Flutter Mane, L50|\n|poke|p1|Iron Hands, L50|\n|poke|p1|Annihilape, L50, F|\n|poke|p2|Flamigo, L50, M|\n|poke|p2|Dondozo, L50, M|\n|poke|p2|Tatsugiri, L50, M|\n|poke|p2|Murkrow, L50, M|\n|poke|p2|Cyclizar, L50, M|\n|poke|p2|Sandaconda, L50, F|\n|teampreview|4\njhimbo2100 has agreed to open team sheets.\n|\n|t:|1682044967\n|start\n|switch|p1a: Annihilape|Annihilape, L50, F|100\/100\n|switch|p1b: Palafin|Palafin, L50, M|100\/100\n|switch|p2a: Murkrow|Murkrow, L50, M, shiny|100\/100\n|switch|p2b: Cyclizar|Cyclizar, L50, M|100\/100\n|turn|1\n|\n|t:|1682044998\n|-terastallize|p1a: Annihilape|Poison\n|move|p2b: Cyclizar|Shed Tail|p2b: Cyclizar\n|-start|p2b: Cyclizar|Substitute|[from] move: Shed Tail\n|-damage|p2b: Cyclizar|50\/100\n|\n|t:|1682045005\n|switch|p2b: Sandaconda|Sandaconda, L50, F, shiny|100\/100|[from] Shed Tail\n|move|p1b: Palafin|Wave Crash|p2a: Murkrow\n|-damage|p2a: Murkrow|41\/100\n|-damage|p1b: Palafin|82\/100|[from] Recoil\n|move|p2a: Murkrow|Foul Play|p1a: Annihilape\n|-damage|p1a: Annihilape|59\/100\n|move|p1a: Annihilape|Bulk Up|p1a: Annihilape\n|-boost|p1a: Annihilape|atk|1\n|-boost|p1a: Annihilape|def|1\n|\n|-heal|p1a: Annihilape|65\/100|[from] item: Black Sludge\n|upkeep\n|turn|2\n|\n|t:|1682045047\n|switch|p2a: Cyclizar|Cyclizar, L50, M|84\/100\n|move|p1b: Palafin|Jet Punch|p2a: Cyclizar\n|-resisted|p2a: Cyclizar\n|-damage|p2a: Cyclizar|67\/100\n|move|p1a: Annihilape|Bulk Up|p1a: Annihilape\n|-boost|p1a: Annihilape|atk|1\n|-boost|p1a: Annihilape|def|1\n|move|p2b: Sandaconda|Coil|p2b: Sandaconda\n|-boost|p2b: Sandaconda|atk|1\n|-boost|p2b: Sandaconda|def|1\n|-boost|p2b: Sandaconda|accuracy|1\n|\n|-heal|p1a: Annihilape|71\/100|[from] item: Black Sludge\n|upkeep\n|turn|3\n|\n|t:|1682045105\n|move|p2a: Cyclizar|Knock Off|p1a: Annihilape\n|-damage|p1a: Annihilape|60\/100\n|-enditem|p1a: Annihilape|Black Sludge|[from] move: Knock Off|[of] p2a: Cyclizar\n|move|p1b: Palafin|Wave Crash|p2b: Sandaconda\n|-supereffective|p2b: Sandaconda\n|-end|p2b: Sandaconda|Substitute\n|-damage|p1b: Palafin|74\/100|[from] Recoil|[of] p2b: Sandaconda\n|move|p1a: Annihilape|Drain Punch|p2b: Sandaconda\n|-damage|p2b: Sandaconda|66\/100\n|-heal|p1a: Annihilape|75\/100|[from] drain|[of] p2b: Sandaconda\n|move|p2b: Sandaconda|Coil|p2b: Sandaconda\n|-boost|p2b: Sandaconda|atk|1\n|-boost|p2b: Sandaconda|def|1\n|-boost|p2b: Sandaconda|accuracy|1\n|\n|upkeep\n|turn|4\n|\n|t:|1682045145\n|move|p2a: Cyclizar|Knock Off|p1b: Palafin\n|-damage|p1b: Palafin|44\/100\n|-enditem|p1b: Palafin|Mystic Water|[from] move: Knock Off|[of] p2a: Cyclizar\n|move|p1b: Palafin|Haze|p1b: Palafin\n|-clearallboost\n|move|p1a: Annihilape|Rage Fist|p2b: Sandaconda\n|-damage|p2b: Sandaconda|16\/100\n|move|p2b: Sandaconda|Glare|p1a: Annihilape\n|-status|p1a: Annihilape|par\n|\n|upkeep\n|turn|5\n|\n|t:|1682045212\n|switch|p2b: Murkrow|Murkrow, L50, M, shiny|41\/100\n|move|p1b: Palafin|Jet Punch|p2b: Murkrow\n|-damage|p2b: Murkrow|16\/100\n|move|p2a: Cyclizar|Knock Off|p1b: Palafin\n|-damage|p1b: Palafin|26\/100\n|cant|p1a: Annihilape|par\n|\n|upkeep\n|turn|6\n|\n|t:|1682045238\n|switch|p2a: Sandaconda|Sandaconda, L50, F, shiny|16\/100\n|detailschange|p1b: Palafin|Palafin-Hero, L50, M\n|switch|p1b: Maushold|Maushold-Four, L50|100\/100\n|move|p2b: Murkrow|Foul Play|p1b: Maushold\n|-crit|p1b: Maushold\n|-damage|p1b: Maushold|69\/100\n|cant|p1a: Annihilape|par\n|\n|upkeep\n|turn|7\n|\n|t:|1682045275\n|switch|p2a: Cyclizar|Cyclizar, L50, M|99\/100\n|move|p1b: Maushold|Chilling Water|p2a: Cyclizar\n|-resisted|p2a: Cyclizar\n|-damage|p2a: Cyclizar|94\/100\n|-unboost|p2a: Cyclizar|atk|1\n|move|p2b: Murkrow|Foul Play|p1a: Annihilape\n|-damage|p1a: Annihilape|46\/100 par\n|move|p1a: Annihilape|Drain Punch|p2b: Murkrow\n|-damage|p2b: Murkrow|0 fnt\n|-heal|p1a: Annihilape|52\/100 par|[from] drain|[of] p2b: Murkrow\n|faint|p2b: Murkrow\n|\n|upkeep\n|\n|t:|1682045305\n|switch|p2b: Sandaconda|Sandaconda, L50, F, shiny|16\/100\n|turn|8\n|inactive|Battle timer is ON: inactive players will automatically lose when time's up. (requested by jhimbo2100)\n|\n|t:|1682045340\n|switch|p2b: Flamigo|Flamigo, L50, M, shiny|100\/100\n|-copyboost|p2b: Flamigo|p2a: Cyclizar|[from] ability: Costar\n|move|p2a: Cyclizar|Shed Tail|p2a: Cyclizar\n|-start|p2a: Cyclizar|Substitute|[from] move: Shed Tail\n|-damage|p2a: Cyclizar|44\/100\n|\n|t:|1682045347\n|switch|p2a: Sandaconda|Sandaconda, L50, F, shiny|16\/100|[from] Shed Tail\n|move|p1b: Maushold|Chilling Water|p2b: Flamigo\n|-damage|p2b: Flamigo|88\/100\n|-unboost|p2b: Flamigo|atk|1\n|cant|p1a: Annihilape|par\n|\n|upkeep\n|turn|9\n|inactive|Gadiel_VaStar has 30 seconds left.\n|inactive|Gadiel_VaStar has 20 seconds left.\n|inactive|Gadiel_VaStar has 15 seconds left.\n|\n|t:|1682045390\n|switch|p2b: Cyclizar|Cyclizar, L50, M|77\/100\n|move|p1b: Maushold|Chilling Water|p2a: Sandaconda\n|-supereffective|p2a: Sandaconda\n|-activate|p2a: Sandaconda|move: Substitute|[damage]\n|move|p2a: Sandaconda|Rock Blast|p1a: Annihilape\n|-damage|p1a: Annihilape|47\/100 par\n|-damage|p1a: Annihilape|42\/100 par\n|-damage|p1a: Annihilape|36\/100 par\n|-crit|p1a: Annihilape\n|-damage|p1a: Annihilape|27\/100 par\n|-hitcount|p1a: Annihilape|4\n|cant|p1a: Annihilape|par\n|\n|upkeep\n|turn|10\n|inactive|jhimbo2100 has 30 seconds left.\n|inactive|Gadiel_VaStar has 30 seconds left.\n|\n|t:|1682045416\n|switch|p1b: Palafin|Palafin-Hero, L50, M|26\/100\n|-activate|p1b: Palafin|ability: Zero to Hero\n|move|p2b: Cyclizar|Shed Tail|p2b: Cyclizar\n|-start|p2b: Cyclizar|Substitute|[from] move: Shed Tail\n|-damage|p2b: Cyclizar|27\/100\n|\n|t:|1682045424\n|switch|p2b: Flamigo|Flamigo, L50, M, shiny|88\/100|[from] Shed Tail\n|-copyboost|p2b: Flamigo|p2a: Sandaconda|[from] ability: Costar\n|move|p2a: Sandaconda|Glare|p1b: Palafin\n|-status|p1b: Palafin|par\n|move|p1a: Annihilape|Drain Punch|p2a: Sandaconda\n|-end|p2a: Sandaconda|Substitute\n|-heal|p1a: Annihilape|30\/100 par|[from] drain|[of] p2a: Sandaconda\n|\n|upkeep\n|turn|11\n|inactive|Gadiel_VaStar has 30 seconds left.\n|inactive|Gadiel_VaStar has 20 seconds left.\n|\n|t:|1682045462\n|switch|p2a: Cyclizar|Cyclizar, L50, M|60\/100\n|move|p1b: Palafin|Jet Punch|p2a: Cyclizar\n|-resisted|p2a: Cyclizar\n|-damage|p2a: Cyclizar|32\/100\n|move|p2b: Flamigo|Fling|p1b: Palafin\n|-damage|p1b: Palafin|15\/100 par\n|-enditem|p2b: Flamigo|King's Rock|[from] move: Fling\n|cant|p1a: Annihilape|par\n|\n|upkeep\n|turn|12\n|inactive|Gadiel_VaStar has 30 seconds left.\n|inactive|Gadiel_VaStar has 20 seconds left.\n|inactive|Gadiel_VaStar has 15 seconds left.\n|\n|t:|1682045507\n|cant|p1b: Palafin|par\n|move|p2a: Cyclizar|U-turn|p1b: Palafin\n|-damage|p1b: Palafin|0 fnt\n|faint|p1b: Palafin\n|\n|t:|1682045514\n|switch|p2a: Sandaconda|Sandaconda, L50, F, shiny|16\/100|[from] U-turn\n|move|p2b: Flamigo|Acrobatics|p1a: Annihilape\n|-damage|p1a: Annihilape|0 fnt\n|faint|p1a: Annihilape\n|\n|upkeep\n|\n|t:|1682045517\n|switch|p1b: Iron Hands|Iron Hands, L50|100\/100\n|switch|p1a: Maushold|Maushold-Four, L50|69\/100\n|turn|13\n|inactive|Gadiel_VaStar has 30 seconds left.\n|inactive|Gadiel_VaStar has 20 seconds left.\n|\n|t:|1682045553\n|move|p1a: Maushold|Protect|p1a: Maushold\n|-singleturn|p1a: Maushold|Protect\n|move|p2b: Flamigo|Acrobatics|p1a: Maushold\n|-activate|p1a: Maushold|move: Protect\n|move|p2a: Sandaconda|Body Press|p1a: Maushold\n|-activate|p1a: Maushold|move: Protect\n|move|p1b: Iron Hands|Drain Punch|p2a: Sandaconda\n|-damage|p2a: Sandaconda|0 fnt\n|faint|p2a: Sandaconda\n|\n|upkeep\n|\n|t:|1682045568\n|switch|p2a: Cyclizar|Cyclizar, L50, M|65\/100\n|turn|14\n|\n|t:|1682045583\n|move|p2a: Cyclizar|Breaking Swipe|p1a: Maushold|[spread] p1a,p1b\n|-crit|p1b: Iron Hands\n|-damage|p1a: Maushold|54\/100\n|-damage|p1b: Iron Hands|90\/100\n|-unboost|p1a: Maushold|atk|1\n|-unboost|p1b: Iron Hands|atk|1\n|move|p2b: Flamigo|Acrobatics|p1a: Maushold\n|-damage|p1a: Maushold|0 fnt\n|faint|p1a: Maushold\n|move|p1b: Iron Hands|Drain Punch|p2a: Cyclizar\n|-supereffective|p2a: Cyclizar\n|-damage|p2a: Cyclizar|0 fnt\n|-heal|p1b: Iron Hands|100\/100|[from] drain|[of] p2a: Cyclizar\n|faint|p2a: Cyclizar\n|\n|upkeep\n|turn|15\n|\n|t:|1682045602\n|move|p2b: Flamigo|Acrobatics|p1b: Iron Hands\n|-damage|p1b: Iron Hands|66\/100\n|move|p1b: Iron Hands|Wild Charge|p2b: Flamigo\n|-supereffective|p2b: Flamigo\n|-end|p2b: Flamigo|Substitute\n|-damage|p1b: Iron Hands|62\/100|[from] Recoil|[of] p2b: Flamigo\n|\n|upkeep\n|turn|16\n|\n|t:|1682045619\n|-terastallize|p2b: Flamigo|Dark\n|move|p2b: Flamigo|Thief|p1b: Iron Hands\n|-resisted|p1b: Iron Hands\n|-damage|p1b: Iron Hands|53\/100\n|-enditem|p1b: Iron Hands|Assault Vest|[silent]|[from] move: Thief|[of] p2b: Flamigo\n|-item|p2b: Flamigo|Assault Vest|[from] move: Thief|[of] p1b: Iron Hands\n|move|p1b: Iron Hands|Drain Punch|p2b: Flamigo\n|-supereffective|p2b: Flamigo\n|-damage|p2b: Flamigo|7\/100\n|-heal|p1b: Iron Hands|78\/100|[from] drain|[of] p2b: Flamigo\n|\n|upkeep\n|turn|17\n|c|\u2606jhimbo2100|ok gg\n|c|\u2606jhimbo2100|like god u are a peice of shit to face\n|\n|t:|1682045638\n|move|p2b: Flamigo|Acrobatics|p1b: Iron Hands\n|-damage|p1b: Iron Hands|61\/100\n|move|p1b: Iron Hands|Drain Punch|p2b: Flamigo\n|-supereffective|p2b: Flamigo\n|-damage|p2b: Flamigo|0 fnt\n|-heal|p1b: Iron Hands|63\/100|[from] drain|[of] p2b: Flamigo\n|faint|p2b: Flamigo\n|\n|win|jhimbo2100\n|raw|jhimbo2100's rating: 1233 → 1255<\/strong> (+22 for winning)\n|raw|Gadiel_VaStar's rating: 1186 → 1164<\/strong> (-22 for losing)\n|l|\u2606jhimbo2100\n","uploadtime":1682045640,"views":9,"p1id":"jhimbo2100","p2id":"gadielvastar","formatid":"gen9vgc2023regulationc","rating":1164,"private":0,"password":""}