{"id":"gen9vgc2023regulationc-1853279954","p1":"Ysalcrak","p2":"AyamKeayaman","format":"[Gen 9] VGC 2023 Regulation C","log":"|j|\u2606Ysalcrak\n|j|\u2606AyamKeayaman\n|t:|1682660023\n|gametype|doubles\n|player|p1|Ysalcrak|hilda|1022\n|player|p2|AyamKeayaman|flannery|1019\n|teamsize|p1|6\n|teamsize|p2|6\n|gen|9\n|tier|[Gen 9] VGC 2023 Regulation C\n|rated|\n|rule|Species Clause: Limit one of each Pok\u00e9mon\n|rule|Item Clause: Limit one of each item\n|clearpoke\n|poke|p1|Palafin, L50, M|\n|poke|p1|Chien-Pao, L50|\n|poke|p1|Meowscarada, L50, F|\n|poke|p1|Dragapult, L50, F|\n|poke|p1|Corviknight, L50, M|\n|poke|p1|Glimmora, L50, M|\n|poke|p2|Drednaw, L50, M|\n|poke|p2|Palafin, L50, M|\n|poke|p2|Pelipper, L50, F|\n|poke|p2|Toxapex, L50, F|\n|poke|p2|Dragapult, L50, M|\n|poke|p2|Gastrodon, L50, M|\n|teampreview|4\n|\n|t:|1682660079\n|start\n|switch|p1a: Meowscarada|Meowscarada, L50, F|100\/100\n|switch|p1b: Corviknight|Corviknight, L50, M|100\/100\n|switch|p2a: Pelipper|Pelipper, L50, F|100\/100\n|switch|p2b: Dragapult|Dragapult, L50, M|100\/100\n|-ability|p1b: Corviknight|Pressure\n|-weather|RainDance|[from] ability: Drizzle|[of] p2a: Pelipper\n|turn|1\n|\n|t:|1682660111\n|move|p2b: Dragapult|Thunder|p1b: Corviknight\n|-supereffective|p1b: Corviknight\n|-damage|p1b: Corviknight|31\/100\n|move|p1a: Meowscarada|Flower Trick|p2a: Pelipper\n|-start|p1a: Meowscarada|typechange|Grass|[from] ability: Protean\n|-crit|p2a: Pelipper\n|-damage|p2a: Pelipper|53\/100\n|move|p1b: Corviknight|Brave Bird|p2b: Dragapult\n|-damage|p2b: Dragapult|45\/100\n|-damage|p1b: Corviknight|16\/100|[from] Recoil\n|move|p2a: Pelipper|Hurricane|p1a: Meowscarada\n|-supereffective|p1a: Meowscarada\n|-damage|p1a: Meowscarada|0 fnt\n|faint|p1a: Meowscarada\n|\n|-weather|RainDance|[upkeep]\n|-heal|p1b: Corviknight|22\/100|[from] item: Leftovers\n|upkeep\n|\n|t:|1682660129\n|switch|p1a: Dragapult|Dragapult, L50, F|100\/100\n|turn|2\n|\n|t:|1682660146\n|move|p2b: Dragapult|Thunder|p1b: Corviknight\n|-supereffective|p1b: Corviknight\n|-damage|p1b: Corviknight|0 fnt\n|faint|p1b: Corviknight\n|move|p1a: Dragapult|Shadow Ball|p2b: Dragapult\n|-supereffective|p2b: Dragapult\n|-damage|p2b: Dragapult|0 fnt\n|faint|p2b: Dragapult\n|move|p2a: Pelipper|Icy Wind|p1a: Dragapult\n|-supereffective|p1a: Dragapult\n|-damage|p1a: Dragapult|65\/100\n|-unboost|p1a: Dragapult|spe|1\n|\n|-weather|RainDance|[upkeep]\n|upkeep\n|\n|t:|1682660159\n|switch|p2b: Drednaw|Drednaw, L50, M|100\/100\n|switch|p1b: Glimmora|Glimmora, L50, M|100\/100\n|turn|3\n|\n|t:|1682660175\n|move|p1b: Glimmora|Earth Power|p2b: Drednaw\n|-supereffective|p2b: Drednaw\n|-damage|p2b: Drednaw|17\/100\n|-enditem|p2b: Drednaw|Aguav Berry|[eat]\n|-heal|p2b: Drednaw|50\/100|[from] item: Aguav Berry\n|move|p1a: Dragapult|Shadow Ball|p2a: Pelipper\n|-damage|p2a: Pelipper|0 fnt\n|faint|p2a: Pelipper\n|move|p2b: Drednaw|Jaw Lock|p1a: Dragapult\n|-supereffective|p1a: Dragapult\n|-damage|p1a: Dragapult|0 fnt\n|faint|p1a: Dragapult\n|\n|-weather|RainDance|[upkeep]\n|upkeep\n|\n|t:|1682660190\n|switch|p2a: Toxapex|Toxapex, L50, F|100\/100\n|turn|4\n|\n|t:|1682660222\n|-terastallize|p2b: Drednaw|Water\n|move|p1b: Glimmora|Earth Power|p2b: Drednaw\n|-damage|p2b: Drednaw|7\/100\n|move|p2b: Drednaw|Jaw Lock|p1b: Glimmora\n|-damage|p1b: Glimmora|54\/100\n|-activate|p2b: Drednaw|trapped\n|-activate|p1b: Glimmora|trapped\n|-activate|p1b: Glimmora|ability: Toxic Debris\n|-sidestart|p2: AyamKeayaman|move: Toxic Spikes\n|move|p2a: Toxapex|Hex|p1b: Glimmora\n|-damage|p1b: Glimmora|40\/100\n|\n|-weather|RainDance|[upkeep]\n|upkeep\n|turn|5\n|\n|t:|1682660245\n|move|p2b: Drednaw|Protect|p2b: Drednaw\n|-singleturn|p2b: Drednaw|Protect\n|move|p1b: Glimmora|Earth Power|p2b: Drednaw\n|-activate|p2b: Drednaw|move: Protect\n|move|p2a: Toxapex|Hex|p1b: Glimmora\n|-damage|p1b: Glimmora|28\/100\n|\n|-weather|none\n|upkeep\n|turn|6\n|\n|t:|1682660260\n|move|p1b: Glimmora|Earth Power|p2b: Drednaw\n|-damage|p2b: Drednaw|0 fnt\n|faint|p2b: Drednaw\n|move|p2a: Toxapex|Hex|p1b: Glimmora\n|-damage|p1b: Glimmora|15\/100\n|\n|upkeep\n|turn|7\n|\n|t:|1682660269\n|move|p2a: Toxapex|Baneful Bunker|p2a: Toxapex\n|-singleturn|p2a: Toxapex|move: Protect\n|move|p1b: Glimmora|Energy Ball|p2a: Toxapex\n|-activate|p2a: Toxapex|move: Protect\n|\n|upkeep\n|turn|8\n|\n|t:|1682660277\n|move|p1b: Glimmora|Energy Ball|p2a: Toxapex\n|-damage|p2a: Toxapex|74\/100\n|move|p2a: Toxapex|Hex|p1b: Glimmora\n|-damage|p1b: Glimmora|2\/100\n|\n|-heal|p2a: Toxapex|80\/100|[from] item: Black Sludge\n|upkeep\n|turn|9\n|\n|t:|1682660291\n|move|p1b: Glimmora|Earth Power|p2a: Toxapex\n|-supereffective|p2a: Toxapex\n|-damage|p2a: Toxapex|27\/100\n|move|p2a: Toxapex|Hex|p1b: Glimmora\n|-damage|p1b: Glimmora|0 fnt\n|faint|p1b: Glimmora\n|\n|win|AyamKeayaman\n|raw|Ysalcrak's rating: 1022 → 1009<\/strong> (-13 for losing)\n|raw|AyamKeayaman's rating: 1019 → 1056<\/strong> (+37 for winning)\n|l|\u2606Ysalcrak\n","uploadtime":1682660299,"views":1,"p1id":"ysalcrak","p2id":"ayamkeayaman","formatid":"gen9vgc2023regulationc","rating":1009,"private":0,"password":""}