{"id":"gen9vgc2023regulationc-1862984680","p1":"L0LZ4N0m4","p2":"RadiantBlue4552","format":"[Gen 9] VGC 2023 Regulation C","log":"|j|\u2606L0LZ4N0m4\n|j|\u2606RadiantBlue4552\n|t:|1683947742\n|gametype|doubles\n|player|p1|L0LZ4N0m4|aromalady|1292\n|player|p2|RadiantBlue4552|266|1237\n|teamsize|p1|6\n|teamsize|p2|6\n|gen|9\n|tier|[Gen 9] VGC 2023 Regulation C\n|rated|\n|rule|Species Clause: Limit one of each Pok\u00e9mon\n|rule|Item Clause: Limit one of each item\n|clearpoke\n|poke|p1|Tyranitar, L50, M|\n|poke|p1|Palafin, L50, F|\n|poke|p1|Kingambit, L50, M|\n|poke|p1|Flutter Mane, L50|\n|poke|p1|Arcanine, L50, F|\n|poke|p1|Amoonguss, L50, F|\n|poke|p2|Kingambit, L50, M|\n|poke|p2|Hariyama, L50, F|\n|poke|p2|Garchomp, L50, M|\n|poke|p2|Torkoal, L50, F|\n|poke|p2|Brute Bonnet, L50|\n|poke|p2|Oranguru, L50, M|\n|teampreview|4\n|inactive|Battle timer is ON: inactive players will automatically lose when time's up. (requested by L0LZ4N0m4)\n|j| Mukked It Up\n|\n|t:|1683947765\n|start\n|switch|p1a: Tyranitar|Tyranitar, L50, M|100\/100\n|switch|p1b: Kingambit|Kingambit, L50, M|100\/100\n|switch|p2a: Hariyama|Hariyama, L50, F|100\/100\n|switch|p2b: Oranguru|Oranguru, L50, M|100\/100\n|-weather|Sandstorm|[from] ability: Sand Stream|[of] p1a: Tyranitar\n|turn|1\n|\n|t:|1683947785\n|switch|p1a: Flutter Mane|Flutter Mane, L50|100\/100\n|switch|p1b: Arcanine|Arcanine, L50, F|100\/100\n|-ability|p1b: Arcanine|Intimidate|boost\n|-unboost|p2a: Hariyama|atk|1\n|-fail|p2b: Oranguru|unboost|Attack|[from] ability: Inner Focus|[of] p2b: Oranguru\n|move|p2a: Hariyama|Fake Out|p1b: Arcanine\n|-damage|p1b: Arcanine|90\/100\n|move|p2b: Oranguru|Trick Room|p2b: Oranguru\n|-fieldstart|move: Trick Room|[of] p2b: Oranguru\n|\n|-weather|Sandstorm|[upkeep]\n|-damage|p2a: Hariyama|95\/100|[from] Sandstorm\n|-damage|p2b: Oranguru|94\/100|[from] Sandstorm\n|-damage|p1a: Flutter Mane|95\/100|[from] Sandstorm\n|-status|p2a: Hariyama|brn|[from] item: Flame Orb\n|upkeep\n|turn|2\n|inactive|L0LZ4N0m4 has 30 seconds left.\n|\n|t:|1683947811\n|-terastallize|p1a: Flutter Mane|Fairy\n|move|p1b: Arcanine|Extreme Speed|p2a: Hariyama\n|-damage|p2a: Hariyama|73\/100 brn\n|move|p2a: Hariyama|Close Combat|p1b: Arcanine\n|-damage|p1b: Arcanine|30\/100\n|-unboost|p2a: Hariyama|def|1\n|-unboost|p2a: Hariyama|spd|1\n|move|p2b: Oranguru|Instruct|p2a: Hariyama\n|-singleturn|p2a: Hariyama|move: Instruct|[of] p2b: Oranguru\n|move|p2a: Hariyama|Close Combat|p1b: Arcanine\n|-damage|p1b: Arcanine|0 fnt\n|-unboost|p2a: Hariyama|def|1\n|-unboost|p2a: Hariyama|spd|1\n|faint|p1b: Arcanine\n|move|p1a: Flutter Mane|Dazzling Gleam|p2a: Hariyama|[spread] p2a,p2b\n|-supereffective|p2a: Hariyama\n|-crit|p2a: Hariyama\n|-damage|p2a: Hariyama|0 fnt\n|-damage|p2b: Oranguru|54\/100\n|faint|p2a: Hariyama\n|\n|-weather|Sandstorm|[upkeep]\n|-damage|p2b: Oranguru|48\/100|[from] Sandstorm\n|-damage|p1a: Flutter Mane|89\/100|[from] Sandstorm\n|upkeep\n|\n|t:|1683947832\n|switch|p2a: Torkoal|Torkoal, L50, F|100\/100\n|switch|p1b: Kingambit|Kingambit, L50, M|100\/100\n|-weather|SunnyDay|[from] ability: Drought|[of] p2a: Torkoal\n|-activate|p1a: Flutter Mane|ability: Protosynthesis\n|-start|p1a: Flutter Mane|protosynthesisspa\n|turn|3\n|\n|t:|1683947842\n|switch|p1b: Tyranitar|Tyranitar, L50, M|100\/100\n|-weather|Sandstorm|[from] ability: Sand Stream|[of] p1b: Tyranitar\n|-end|p1a: Flutter Mane|Protosynthesis\n|-terastallize|p2a: Torkoal|Fire\n|move|p2a: Torkoal|Eruption|p1a: Flutter Mane|[spread] p1a,p1b\n|-resisted|p1b: Tyranitar\n|-damage|p1a: Flutter Mane|17\/100\n|-damage|p1b: Tyranitar|88\/100\n|move|p2b: Oranguru|Instruct|p2a: Torkoal\n|-singleturn|p2a: Torkoal|move: Instruct|[of] p2b: Oranguru\n|move|p2a: Torkoal|Eruption|p1b: Tyranitar|[spread] p1a,p1b\n|-resisted|p1b: Tyranitar\n|-damage|p1a: Flutter Mane|0 fnt\n|-damage|p1b: Tyranitar|74\/100\n|faint|p1a: Flutter Mane\n|-end|p1a: Flutter Mane|Protosynthesis|[silent]\n|\n|-weather|Sandstorm|[upkeep]\n|-damage|p2a: Torkoal|94\/100|[from] Sandstorm\n|-damage|p2b: Oranguru|42\/100|[from] Sandstorm\n|upkeep\n|\n|t:|1683947851\n|switch|p1a: Kingambit|Kingambit, L50, M|100\/100\n|turn|4\n|\n|t:|1683947866\n|switch|p2b: Brute Bonnet|Brute Bonnet, L50|100\/100\n|move|p1a: Kingambit|Protect|p1a: Kingambit\n|-singleturn|p1a: Kingambit|Protect\n|move|p2a: Torkoal|Overheat|p1a: Kingambit\n|-activate|p1a: Kingambit|move: Protect\n|move|p1b: Tyranitar|Rock Slide|p2a: Torkoal|[spread] p2a,p2b\n|-supereffective|p2a: Torkoal\n|-damage|p2a: Torkoal|54\/100\n|-damage|p2b: Brute Bonnet|76\/100\n|\n|-weather|Sandstorm|[upkeep]\n|-damage|p2a: Torkoal|47\/100|[from] Sandstorm\n|-damage|p2b: Brute Bonnet|70\/100|[from] Sandstorm\n|upkeep\n|turn|5\n|\n|t:|1683947886\n|move|p1a: Kingambit|Sucker Punch|p2a: Torkoal\n|-damage|p2a: Torkoal|15\/100\n|move|p2a: Torkoal|Overheat|p1a: Kingambit\n|-supereffective|p1a: Kingambit\n|-damage|p1a: Kingambit|0 fnt\n|-unboost|p2a: Torkoal|spa|2\n|faint|p1a: Kingambit\n|move|p2b: Brute Bonnet|Spore|p1b: Tyranitar\n|-status|p1b: Tyranitar|slp|[from] move: Spore\n|cant|p1b: Tyranitar|slp\n|\n|-weather|Sandstorm|[upkeep]\n|-damage|p2a: Torkoal|9\/100|[from] Sandstorm\n|-damage|p2b: Brute Bonnet|64\/100|[from] Sandstorm\n|-fieldend|move: Trick Room\n|upkeep\n|turn|6\n|\n|t:|1683947905\n|switch|p2a: Oranguru|Oranguru, L50, M|42\/100\n|cant|p1b: Tyranitar|slp\n|move|p2b: Brute Bonnet|Seed Bomb|p1b: Tyranitar\n|-supereffective|p1b: Tyranitar\n|-damage|p1b: Tyranitar|0 fnt\n|faint|p1b: Tyranitar\n|\n|win|RadiantBlue4552\n|raw|L0LZ4N0m4's rating: 1292 → 1263<\/strong> (-29 for losing)\n|raw|RadiantBlue4552's rating: 1237 → 1266<\/strong> (+29 for winning)\n|l|\u2606L0LZ4N0m4\n","uploadtime":1683947914,"views":12,"p1id":"l0lz4n0m4","p2id":"radiantblue4552","formatid":"gen9vgc2023regulationc","rating":1263,"private":0,"password":""}