{"id":"gen9vgc2023regulationc-1847336343","p1":"Alexis_student","p2":"DDyarados29","format":"[Gen 9] VGC 2023 Regulation C","log":"|j|\u2606Alexis_student\n|j|\u2606DDyarados29\n|t:|1681939763\n|gametype|doubles\n|player|p1|Alexis_student|169|1184\n|player|p2|DDyarados29|wallace|1199\n|teamsize|p1|6\n|teamsize|p2|6\n|gen|9\n|tier|[Gen 9] VGC 2023 Regulation C\n|rated|\n|rule|Species Clause: Limit one of each Pok\u00e9mon\n|rule|Item Clause: Limit one of each item\n|clearpoke\n|poke|p1|Amoonguss, L50, M|\n|poke|p1|Palafin, L50, F|\n|poke|p1|Arcanine, L50, M|\n|poke|p1|Flutter Mane, L50|\n|poke|p1|Roaring Moon, L50|\n|poke|p1|Ting-Lu, L50|\n|poke|p2|Corviknight, L50, M|\n|poke|p2|Tyranitar, L50, F|\n|poke|p2|Chi-Yu, L50|\n|poke|p2|Glimmora, L50, M|\n|poke|p2|Ceruledge, L50, M|\n|poke|p2|Sylveon, L50, M|\n|teampreview|4\n|j| tarikgoesinsane\nDDyarados29 has agreed to open team sheets.\n|inactive|Battle timer is ON: inactive players will automatically lose when time's up. (requested by Alexis_student)\n|inactive|DDyarados29 has 60 seconds left.\n|\n|t:|1681939821\n|start\n|switch|p1a: Palafin|Palafin, L50, F|100\/100\n|switch|p1b: Ting-Lu|Ting-Lu, L50|100\/100\n|switch|p2a: Glimmora|Glimmora, L50, M|100\/100\n|switch|p2b: Chi-Yu|Chi-Yu, L50|100\/100\n|-ability|p2b: Chi-Yu|Beads of Ruin\n|-ability|p1b: Ting-Lu|Vessel of Ruin\n|turn|1\n|\n|t:|1681939843\n|switch|p2b: Corviknight|Corviknight, L50, M|100\/100\n|move|p1a: Palafin|Protect|p1a: Palafin\n|-singleturn|p1a: Palafin|Protect\n|move|p2a: Glimmora|Mortal Spin|p1a: Palafin|[spread] p1b\n|-activate|p1a: Palafin|move: Protect\n|-resisted|p1b: Ting-Lu\n|-damage|p1b: Ting-Lu|99\/100\n|-status|p1b: Ting-Lu|psn\n|move|p1b: Ting-Lu|Sand Tomb|p2a: Glimmora\n|-supereffective|p2a: Glimmora\n|-damage|p2a: Glimmora|10\/100\n|-activate|p2a: Glimmora|move: Sand Tomb|[of] p1b: Ting-Lu\n|-activate|p2a: Glimmora|ability: Toxic Debris\n|-sidestart|p1: Alexis_student|move: Toxic Spikes\n|\n|-damage|p1b: Ting-Lu|87\/100 psn|[from] psn\n|-damage|p2a: Glimmora|0 fnt|[from] move: Sand Tomb|[partiallytrapped]\n|faint|p2a: Glimmora\n|upkeep\n|\n|t:|1681939864\n|switch|p2a: Tyranitar|Tyranitar, L50, F|100\/100\n|-weather|Sandstorm|[from] ability: Sand Stream|[of] p2a: Tyranitar\n|turn|2\n|\n|t:|1681939880\n|detailschange|p1a: Palafin|Palafin-Hero, L50, F\n|switch|p1a: Amoonguss|Amoonguss, L50, M|100\/100\n|-sideend|p1: Alexis_student|move: Toxic Spikes|[of] p1a: Amoonguss\n|-terastallize|p2a: Tyranitar|Flying\n|move|p2a: Tyranitar|Rock Slide|p1b: Ting-Lu|[spread] p1a,p1b\n|-resisted|p1b: Ting-Lu\n|-damage|p1a: Amoonguss|74\/100\n|-damage|p1b: Ting-Lu|78\/100 psn\n|move|p2b: Corviknight|Tailwind|p2b: Corviknight\n|-sidestart|p2: DDyarados29|move: Tailwind\n|move|p1b: Ting-Lu|Stomping Tantrum|p2a: Tyranitar\n|-immune|p2a: Tyranitar\n|\n|-weather|Sandstorm|[upkeep]\n|-damage|p2a: Tyranitar|94\/100|[from] Sandstorm\n|-damage|p1a: Amoonguss|68\/100|[from] Sandstorm\n|-damage|p1b: Ting-Lu|66\/100 psn|[from] psn\n|upkeep\n|turn|3\n|\n|t:|1681939903\n|move|p2a: Tyranitar|Tera Blast|p1a: Amoonguss\n|-supereffective|p1a: Amoonguss\n|-damage|p1a: Amoonguss|0 fnt\n|faint|p1a: Amoonguss\n|move|p2b: Corviknight|Iron Defense|p2b: Corviknight\n|-boost|p2b: Corviknight|def|2\n|move|p1b: Ting-Lu|Ruination|p2b: Corviknight\n|-damage|p2b: Corviknight|51\/100\n|\n|-weather|Sandstorm|[upkeep]\n|-damage|p2a: Tyranitar|88\/100|[from] Sandstorm\n|-damage|p1b: Ting-Lu|54\/100 psn|[from] psn\n|upkeep\n|\n|t:|1681939916\n|switch|p1a: Flutter Mane|Flutter Mane, L50|100\/100\n|turn|4\n|inactive|Alexis_student has 30 seconds left.\n|\n|t:|1681939942\n|move|p2a: Tyranitar|Crunch|p1a: Flutter Mane\n|-damage|p1a: Flutter Mane|23\/100\n|move|p1a: Flutter Mane|Thunderbolt|p2b: Corviknight\n|-supereffective|p2b: Corviknight\n|-crit|p2b: Corviknight\n|-damage|p2b: Corviknight|0 fnt\n|faint|p2b: Corviknight\n|move|p1b: Ting-Lu|Heavy Slam|p2a: Tyranitar\n|-damage|p2a: Tyranitar|63\/100\n|\n|-weather|Sandstorm|[upkeep]\n|-damage|p2a: Tyranitar|57\/100|[from] Sandstorm\n|-damage|p1a: Flutter Mane|18\/100|[from] Sandstorm\n|-damage|p1b: Ting-Lu|41\/100 psn|[from] psn\n|upkeep\n|\n|t:|1681939948\n|switch|p2b: Chi-Yu|Chi-Yu, L50|100\/100\n|-ability|p2b: Chi-Yu|Beads of Ruin\n|turn|5\n|inactive|DDyarados29 has 30 seconds left.\n|\n|t:|1681939976\n|move|p2b: Chi-Yu|Dark Pulse|p1a: Flutter Mane\n|-damage|p1a: Flutter Mane|0 fnt\n|faint|p1a: Flutter Mane\n|-end|p1a: Flutter Mane|Protosynthesis|[silent]\n|move|p2a: Tyranitar|Tera Blast|p1b: Ting-Lu\n|-damage|p1b: Ting-Lu|12\/100 psn\n|move|p1b: Ting-Lu|Stomping Tantrum|p2b: Chi-Yu\n|-supereffective|p2b: Chi-Yu\n|-damage|p2b: Chi-Yu|4\/100\n|\n|-weather|Sandstorm|[upkeep]\n|-damage|p2b: Chi-Yu|0 fnt|[from] Sandstorm\n|-damage|p2a: Tyranitar|51\/100|[from] Sandstorm\n|faint|p2b: Chi-Yu\n|-damage|p1b: Ting-Lu|0 fnt|[from] psn\n|faint|p1b: Ting-Lu\n|-sideend|p2: DDyarados29|move: Tailwind\n|upkeep\n|c|\u2606DDyarados29|t-t-t-oday junior\n|\n|t:|1681939994\n|switch|p1b: Palafin|Palafin-Hero, L50, F|100\/100\n|-activate|p1b: Palafin|ability: Zero to Hero\n|turn|6\n|\n|t:|1681940002\n|-terastallize|p1b: Palafin|Water\n|move|p1b: Palafin|Jet Punch|p2a: Tyranitar\n|-damage|p2a: Tyranitar|0 fnt\n|faint|p2a: Tyranitar\n|\n|win|Alexis_student\n|raw|Alexis_student's rating: 1184 → 1210<\/strong> (+26 for winning)\n|raw|DDyarados29's rating: 1199 → 1173<\/strong> (-26 for losing)\n|c|\u2606DDyarados29|ggwp\n","uploadtime":1681940010,"views":4,"p1id":"alexisstudent","p2id":"ddyarados29","formatid":"gen9vgc2023regulationc","rating":1173,"private":0,"password":""}