{"id":"gen9vgc2023regulationc-1853079554","p1":"SweetSerenityGrace","p2":"Golistico","format":"[Gen 9] VGC 2023 Regulation C","log":"|j|\u2606SweetSerenityGrace\n|j|\u2606Golistico\n|t:|1682632689\n|gametype|doubles\n|player|p1|SweetSerenityGrace|iris-gen5bw2|1154\n|player|p2|Golistico|beauty-gen4dp|1274\n|teamsize|p1|6\n|teamsize|p2|6\n|gen|9\n|tier|[Gen 9] VGC 2023 Regulation C\n|rated|\n|rule|Species Clause: Limit one of each Pok\u00e9mon\n|rule|Item Clause: Limit one of each item\n|clearpoke\n|poke|p1|Flutter Mane, L50|\n|poke|p1|Chi-Yu, L50|\n|poke|p1|Chien-Pao, L50|\n|poke|p1|Dragonite, L50, F|\n|poke|p1|Grimmsnarl, L50, M|\n|poke|p1|Amoonguss, L50, F|\n|poke|p2|Chi-Yu, L50|\n|poke|p2|Flutter Mane, L50|\n|poke|p2|Oranguru, L50, M|\n|poke|p2|Gyarados, L50, M|\n|poke|p2|Ting-Lu, L50|\n|poke|p2|Tsareena, L50, F|\n|teampreview|4\n|\n|t:|1682632705\n|start\n|switch|p1a: Big Missy|Flutter Mane, L50|100\/100\n|switch|p1b: Chi-Yu|Chi-Yu, L50|100\/100\n|switch|p2a: Oranguru|Oranguru, L50, M|100\/100\n|switch|p2b: Flutter Mane|Flutter Mane, L50|100\/100\n|-ability|p1b: Chi-Yu|Beads of Ruin\n|-enditem|p1a: Big Missy|Booster Energy\n|-activate|p1a: Big Missy|ability: Protosynthesis|[fromitem]\n|-start|p1a: Big Missy|protosynthesisspe\n|-enditem|p2b: Flutter Mane|Booster Energy\n|-activate|p2a: Oranguru|ability: Symbiosis|Focus Sash|[of] p2b: Flutter Mane\n|-activate|p2b: Flutter Mane|ability: Protosynthesis|[fromitem]\n|-start|p2b: Flutter Mane|protosynthesisspa\n|turn|1\n|\n|t:|1682632724\n|move|p2b: Flutter Mane|Protect|p2b: Flutter Mane\n|-singleturn|p2b: Flutter Mane|Protect\n|move|p1a: Big Missy|Shadow Ball|p2b: Flutter Mane\n|-activate|p2b: Flutter Mane|move: Protect\n|move|p1b: Chi-Yu|Dark Pulse|p2a: Oranguru\n|-supereffective|p2a: Oranguru\n|-damage|p2a: Oranguru|17\/100\n|move|p2a: Oranguru|Trick Room|p2a: Oranguru\n|-fieldstart|move: Trick Room|[of] p2a: Oranguru\n|\n|upkeep\n|turn|2\n|\n|t:|1682632753\n|move|p1a: Big Missy|Protect|p1a: Big Missy\n|-singleturn|p1a: Big Missy|Protect\n|move|p2a: Oranguru|Instruct|p2b: Flutter Mane\n|-singleturn|p2b: Flutter Mane|move: Instruct|[of] p2a: Oranguru\n|move|p2b: Flutter Mane|Protect||[still]\n|-fail|p2b: Flutter Mane\n|move|p1b: Chi-Yu|Dark Pulse|p2a: Oranguru\n|-supereffective|p2a: Oranguru\n|-damage|p2a: Oranguru|0 fnt\n|faint|p2a: Oranguru\n|move|p2b: Flutter Mane|Shadow Ball|p1a: Big Missy\n|-activate|p1a: Big Missy|move: Protect\n|\n|upkeep\n|\n|t:|1682632762\n|switch|p2a: Gyarados|Gyarados, L50, M|100\/100\n|-ability|p2a: Gyarados|Intimidate|boost\n|-unboost|p1a: Big Missy|atk|1\n|-unboost|p1b: Chi-Yu|atk|1\n|turn|3\n|\n|t:|1682632774\n|-terastallize|p1a: Big Missy|Fairy\n|move|p1b: Chi-Yu|Will-O-Wisp|p2a: Gyarados\n|-status|p2a: Gyarados|brn\n|move|p2a: Gyarados|Waterfall|p1b: Chi-Yu\n|-supereffective|p1b: Chi-Yu\n|-damage|p1b: Chi-Yu|36\/100\n|move|p2b: Flutter Mane|Shadow Ball|p1a: Big Missy\n|-damage|p1a: Big Missy|10\/100\n|move|p1a: Big Missy|Trick Room|p1a: Big Missy\n|-fieldend|move: Trick Room\n|\n|-heal|p1b: Chi-Yu|42\/100|[from] item: Leftovers\n|-damage|p2a: Gyarados|95\/100 brn|[from] brn\n|upkeep\n|turn|4\n|\n|t:|1682632799\n|move|p1a: Big Missy|Protect|p1a: Big Missy\n|-singleturn|p1a: Big Missy|Protect\n|move|p2b: Flutter Mane|Moonblast|p1b: Chi-Yu\n|-damage|p1b: Chi-Yu|0 fnt\n|faint|p1b: Chi-Yu\n|move|p2a: Gyarados|Iron Head|p1a: Big Missy\n|-activate|p1a: Big Missy|move: Protect\n|\n|-damage|p2a: Gyarados|89\/100 brn|[from] brn\n|upkeep\n|\n|t:|1682632812\n|switch|p1b: Shroomie|Amoonguss, L50, F|100\/100\n|turn|5\n|\n|t:|1682632827\n|move|p2b: Flutter Mane|Protect|p2b: Flutter Mane\n|-singleturn|p2b: Flutter Mane|Protect\n|move|p1b: Shroomie|Rage Powder|p1b: Shroomie\n|-singleturn|p1b: Shroomie|move: Rage Powder\n|move|p1a: Big Missy|Shadow Ball|p2b: Flutter Mane\n|-activate|p2b: Flutter Mane|move: Protect\n|move|p2a: Gyarados|Earthquake|p1a: Big Missy|[spread] p1a,p1b\n|-activate|p2b: Flutter Mane|move: Protect\n|-damage|p1a: Big Missy|0 fnt\n|-damage|p1b: Shroomie|90\/100\n|faint|p1a: Big Missy\n|-end|p1a: Big Missy|Protosynthesis|[silent]\n|\n|-damage|p2a: Gyarados|83\/100 brn|[from] brn\n|upkeep\n|\n|t:|1682632840\n|switch|p1a: Dragonite|Dragonite, L50, F|100\/100\n|turn|6\n|\n|t:|1682632855\n|-end|p2b: Flutter Mane|Protosynthesis|[silent]\n|switch|p2b: Tsareena|Tsareena, L50, F|100\/100\n|move|p2a: Gyarados|Iron Head|p1b: Shroomie\n|-damage|p1b: Shroomie|77\/100\n|-damage|p2a: Gyarados|66\/100 brn|[from] item: Rocky Helmet|[of] p1b: Shroomie\n|move|p1a: Dragonite|Dragon Dance|p1a: Dragonite\n|-boost|p1a: Dragonite|atk|1\n|-boost|p1a: Dragonite|spe|1\n|move|p1b: Shroomie|Spore|p2b: Tsareena\n|-immune|p2b: Tsareena\n|\n|-damage|p2a: Gyarados|60\/100 brn|[from] brn\n|upkeep\n|turn|7\n|\n|t:|1682632901\n|move|p1a: Dragonite|Outrage|p2b: Tsareena\n|-damage|p2b: Tsareena|0 fnt\n|faint|p2b: Tsareena\n|move|p2a: Gyarados|Iron Head|p1a: Dragonite\n|-damage|p1a: Dragonite|93\/100\n|move|p1b: Shroomie|Clear Smog|p2a: Gyarados\n|-damage|p2a: Gyarados|44\/100 brn\n|-clearboost|p2a: Gyarados\n|\n|-damage|p2a: Gyarados|38\/100 brn|[from] brn\n|upkeep\n|\n|t:|1682632908\n|switch|p2b: Flutter Mane|Flutter Mane, L50|100\/100\n|turn|8\n|\n|t:|1682632917\n|-terastallize|p2b: Flutter Mane|Fairy\n|move|p2b: Flutter Mane|Dazzling Gleam|p1b: Shroomie|[spread] p1a,p1b\n|-supereffective|p1a: Dragonite\n|-resisted|p1b: Shroomie\n|-damage|p1a: Dragonite|5\/100\n|-damage|p1b: Shroomie|58\/100\n|move|p1a: Dragonite|Outrage|p2b: Flutter Mane|[from]lockedmove\n|-immune|p2b: Flutter Mane\n|-start|p1a: Dragonite|confusion|[fatigue]\n|-enditem|p1a: Dragonite|Lum Berry|[eat]\n|-end|p1a: Dragonite|confusion\n|move|p2a: Gyarados|Iron Head|p1b: Shroomie\n|-damage|p1b: Shroomie|47\/100\n|-damage|p2a: Gyarados|22\/100 brn|[from] item: Rocky Helmet|[of] p1b: Shroomie\n|move|p1b: Shroomie|Spore|p2b: Flutter Mane\n|-status|p2b: Flutter Mane|slp|[from] move: Spore\n|\n|-damage|p2a: Gyarados|16\/100 brn|[from] brn\n|upkeep\n|turn|9\n|\n|t:|1682632948\n|move|p2a: Gyarados|Protect|p2a: Gyarados\n|-singleturn|p2a: Gyarados|Protect\n|move|p1a: Dragonite|Extreme Speed|p2b: Flutter Mane\n|-enditem|p2b: Flutter Mane|Focus Sash\n|-damage|p2b: Flutter Mane|1\/100 slp\n|move|p1b: Shroomie|Rage Powder|p1b: Shroomie\n|-singleturn|p1b: Shroomie|move: Rage Powder\n|cant|p2b: Flutter Mane|slp\n|\n|-damage|p2a: Gyarados|10\/100 brn|[from] brn\n|upkeep\n|turn|10\n|-message|Golistico forfeited.\n|\n|win|SweetSerenityGrace\n|raw|SweetSerenityGrace's rating: 1154 → 1187<\/strong> (+33 for winning)\n|raw|Golistico's rating: 1274 → 1241<\/strong> (-33 for losing)\n|l|\u2606Golistico\n","uploadtime":1682632976,"views":11,"p1id":"sweetserenitygrace","p2id":"golistico","formatid":"gen9vgc2023regulationc","rating":1187,"private":0,"password":""}