{"id":"gen9vgc2023regulationc-1847396509","p1":"Yeetawheat","p2":"Wacko789","format":"[Gen 9] VGC 2023 Regulation C","log":"|j|\u2606Yeetawheat\n|j|\u2606Wacko789\n|t:|1681950246\n|gametype|doubles\n|player|p1|Yeetawheat|1|1465\n|player|p2|Wacko789|1|1491\n|teamsize|p1|6\n|teamsize|p2|6\n|gen|9\n|tier|[Gen 9] VGC 2023 Regulation C\n|rated|\n|rule|Species Clause: Limit one of each Pok\u00e9mon\n|rule|Item Clause: Limit one of each item\n|clearpoke\n|poke|p1|Iron Bundle, L50|\n|poke|p1|Flutter Mane, L50|\n|poke|p1|Brute Bonnet, L50|\n|poke|p1|Chi-Yu, L50|\n|poke|p1|Murkrow, L50, F|\n|poke|p1|Garchomp, L50, F|\n|poke|p2|Iron Bundle, L50|\n|poke|p2|Ting-Lu, L50|\n|poke|p2|Farigiraf, L50, F|\n|poke|p2|Gyarados, L50, M|\n|poke|p2|Iron Hands, L50|\n|poke|p2|Flutter Mane, L50|\n|teampreview|4\n|inactive|Battle timer is ON: inactive players will automatically lose when time's up. (requested by Wacko789)\n|j| CYCHICGGXXgdgzdif\n|c|\u2606Yeetawheat|glhf\n|inactive|Yeetawheat has 60 seconds left.\n|inactive|Wacko789 has 60 seconds left.\n|\n|t:|1681950294\n|start\n|switch|p1a: Iron Bundle|Iron Bundle, L50|100\/100\n|switch|p1b: Flutter Mane|Flutter Mane, L50|100\/100\n|switch|p2a: Iron Bundle|Iron Bundle, L50|100\/100\n|switch|p2b: Iron Hands|Iron Hands, L50|100\/100\n|-enditem|p1a: Iron Bundle|Booster Energy\n|-activate|p1a: Iron Bundle|ability: Quark Drive|[fromitem]\n|-start|p1a: Iron Bundle|quarkdrivespe\n|turn|1\n|\n|t:|1681950313\n|-terastallize|p1a: Iron Bundle|Ghost\n|-terastallize|p2b: Iron Hands|Grass\n|move|p2a: Iron Bundle|Protect|p2a: Iron Bundle\n|-singleturn|p2a: Iron Bundle|Protect\n|move|p1a: Iron Bundle|Icy Wind|p2b: Iron Hands|[spread] p2b\n|-activate|p2a: Iron Bundle|move: Protect\n|-supereffective|p2b: Iron Hands\n|-damage|p2b: Iron Hands|83\/100\n|-unboost|p2b: Iron Hands|spe|1\n|move|p1b: Flutter Mane|Dazzling Gleam|p2a: Iron Bundle|[spread] p2b\n|-activate|p2a: Iron Bundle|move: Protect\n|-damage|p2b: Iron Hands|60\/100\n|move|p2b: Iron Hands|Drain Punch|p1a: Iron Bundle\n|-immune|p1a: Iron Bundle\n|\n|upkeep\n|turn|2\n|inactive|Yeetawheat has 30 seconds left.\n|\n|t:|1681950346\n|-end|p2b: Iron Hands|Quark Drive|[silent]\n|switch|p2b: Ting-Lu|Ting-Lu, L50|100\/100\n|-ability|p2b: Ting-Lu|Vessel of Ruin\n|move|p1a: Iron Bundle|Freeze-Dry|p2b: Ting-Lu\n|-supereffective|p2b: Ting-Lu\n|-damage|p2b: Ting-Lu|61\/100\n|move|p2a: Iron Bundle|Icy Wind|p1a: Iron Bundle|[spread] p1a,p1b\n|-damage|p1a: Iron Bundle|71\/100\n|-damage|p1b: Flutter Mane|88\/100\n|-unboost|p1a: Iron Bundle|spe|1\n|-unboost|p1b: Flutter Mane|spe|1\n|move|p1b: Flutter Mane|Dazzling Gleam|p2b: Ting-Lu|[spread] p2a,p2b\n|-supereffective|p2b: Ting-Lu\n|-damage|p2a: Iron Bundle|29\/100\n|-damage|p2b: Ting-Lu|1\/100\n|\n|-heal|p2b: Ting-Lu|7\/100|[from] item: Leftovers\n|upkeep\n|turn|3\n|inactive|Wacko789 has 30 seconds left.\n|\n|t:|1681950373\n|move|p2a: Iron Bundle|Protect|p2a: Iron Bundle\n|-singleturn|p2a: Iron Bundle|Protect\n|move|p1a: Iron Bundle|Freeze-Dry|p2b: Ting-Lu\n|-supereffective|p2b: Ting-Lu\n|-damage|p2b: Ting-Lu|0 fnt\n|faint|p2b: Ting-Lu\n|move|p1b: Flutter Mane|Dazzling Gleam|p2a: Iron Bundle\n|-activate|p2a: Iron Bundle|move: Protect\n|\n|upkeep\n|\n|t:|1681950380\n|switch|p2b: Iron Hands|Iron Hands, L50, tera:Grass|60\/100\n|turn|4\n|\n|t:|1681950398\n|move|p2a: Iron Bundle|Hydro Pump|p1a: Iron Bundle\n|-damage|p1a: Iron Bundle|0 fnt\n|faint|p1a: Iron Bundle\n|-end|p1a: Iron Bundle|Quark Drive|[silent]\n|move|p1b: Flutter Mane|Dazzling Gleam|p2a: Iron Bundle|[spread] p2a,p2b\n|-damage|p2a: Iron Bundle|0 fnt\n|-damage|p2b: Iron Hands|37\/100\n|faint|p2a: Iron Bundle\n|-end|p2a: Iron Bundle|Quark Drive|[silent]\n|move|p2b: Iron Hands|Heavy Slam|p1b: Flutter Mane\n|-supereffective|p1b: Flutter Mane\n|-damage|p1b: Flutter Mane|0 fnt\n|faint|p1b: Flutter Mane\n|-end|p1b: Flutter Mane|Protosynthesis|[silent]\n|\n|upkeep\n|\n|t:|1681950412\n|switch|p2a: Gyarados|Gyarados, L50, M|100\/100\n|switch|p1a: Brute Bonnet|Brute Bonnet, L50|100\/100\n|switch|p1b: Chi-Yu|Chi-Yu, L50|100\/100\n|-ability|p1b: Chi-Yu|Beads of Ruin\n|-ability|p2a: Gyarados|Intimidate|boost\n|-unboost|p1a: Brute Bonnet|atk|1\n|-unboost|p1b: Chi-Yu|atk|1\n|turn|5\n|\n|t:|1681950435\n|move|p1b: Chi-Yu|Heat Wave|p2b: Iron Hands|[spread] p2a,p2b\n|-resisted|p2a: Gyarados\n|-supereffective|p2b: Iron Hands\n|-damage|p2a: Gyarados|77\/100\n|-damage|p2b: Iron Hands|0 fnt\n|faint|p2b: Iron Hands\n|-end|p2b: Iron Hands|Quark Drive|[silent]\n|move|p1a: Brute Bonnet|Spore|p2a: Gyarados\n|-status|p2a: Gyarados|slp|[from] move: Spore\n|cant|p2a: Gyarados|slp\n|\n|upkeep\n|turn|6\n|-message|Wacko789 forfeited.\n|\n|win|Yeetawheat\n|raw|Yeetawheat's rating: 1465 → 1486<\/strong> (+21 for winning)\n|raw|Wacko789's rating: 1491 → 1470<\/strong> (-21 for losing)\n|l|\u2606Wacko789\n","uploadtime":1681950454,"views":5,"p1id":"yeetawheat","p2id":"wacko789","formatid":"gen9vgc2023regulationc","rating":1470,"private":0,"password":""}