{"id":"gen9vgc2023regulationc-1856436335","p1":"soraesc","p2":"IceNsno","format":"[Gen 9] VGC 2023 Regulation C","log":"|j|\u2606soraesc\n|j|\u2606IceNsno\n|t:|1683061382\n|gametype|doubles\n|player|p1|soraesc|clair|1263\n|player|p2|IceNsno|benga|1310\n|teamsize|p1|6\n|teamsize|p2|6\n|gen|9\n|tier|[Gen 9] VGC 2023 Regulation C\n|rated|\n|rule|Species Clause: Limit one of each Pok\u00e9mon\n|rule|Item Clause: Limit one of each item\n|clearpoke\n|poke|p1|Palafin, L50, M|\n|poke|p1|Pelipper, L50, M|\n|poke|p1|Ting-Lu, L50|\n|poke|p1|Dragonite, L50, M|\n|poke|p1|Chien-Pao, L50|\n|poke|p1|Flutter Mane, L50|\n|poke|p2|Abomasnow, L50, F|\n|poke|p2|Baxcalibur, L50, M|\n|poke|p2|Cetitan, L50, M|\n|poke|p2|Chi-Yu, L50|\n|poke|p2|Flutter Mane, L50|\n|poke|p2|Skeledirge, L50, M|\n|teampreview|4\n|inactive|Battle timer is ON: inactive players will automatically lose when time's up. (requested by soraesc)\nIceNsno has agreed to open team sheets.\nsoraesc has agreed to open team sheets.\n|inactive|IceNsno has 60 seconds left.\n|\n|t:|1683061420\n|start\n|switch|p1a: Ting-Lu|Ting-Lu, L50|100\/100\n|switch|p1b: Palafin|Palafin, L50, M|100\/100\n|switch|p2a: Abomasnow|Abomasnow, L50, F|100\/100\n|switch|p2b: Flutter Mane|Flutter Mane, L50|100\/100\n|-weather|Snow|[from] ability: Snow Warning|[of] p2a: Abomasnow\n|-ability|p1a: Ting-Lu|Vessel of Ruin\n|turn|1\n|\n|t:|1683061430\n|detailschange|p1b: Palafin|Palafin-Hero, L50, M\n|switch|p1b: Pelipper|Pelipper, L50, M|100\/100\n|-weather|RainDance|[from] ability: Drizzle|[of] p1b: Pelipper\n|-terastallize|p1a: Ting-Lu|Poison\n|move|p2b: Flutter Mane|Thunderbolt|p1b: Pelipper\n|-supereffective|p1b: Pelipper\n|-damage|p1b: Pelipper|0 fnt\n|faint|p1b: Pelipper\n|move|p2a: Abomasnow|Blizzard|p1a: Ting-Lu\n|-damage|p1a: Ting-Lu|90\/100\n|move|p1a: Ting-Lu|Heavy Slam|p2b: Flutter Mane\n|-supereffective|p2b: Flutter Mane\n|-damage|p2b: Flutter Mane|0 fnt\n|faint|p2b: Flutter Mane\n|-end|p2b: Flutter Mane|Protosynthesis|[silent]\n|\n|-weather|RainDance|[upkeep]\n|upkeep\n|\n|t:|1683061447\n|switch|p2b: Skeledirge|Skeledirge, L50, M|100\/100\n|switch|p1b: Flutter Mane|Flutter Mane, L50|100\/100\n|turn|2\n|\n|t:|1683061456\n|-end|p1b: Flutter Mane|Protosynthesis|[silent]\n|switch|p1b: Palafin|Palafin-Hero, L50, M|100\/100\n|-activate|p1b: Palafin|ability: Zero to Hero\n|switch|p2a: Cetitan|Cetitan, L50, M|100\/100\n|-terastallize|p2b: Skeledirge|Grass\n|move|p2b: Skeledirge|Torch Song|p1b: Palafin\n|-resisted|p1b: Palafin\n|-damage|p1b: Palafin|93\/100\n|-boost|p2b: Skeledirge|spa|1\n|move|p1a: Ting-Lu|Fissure|p2b: Skeledirge|[miss]\n|-miss|p1a: Ting-Lu|p2b: Skeledirge\n|\n|-weather|RainDance|[upkeep]\n|upkeep\n|turn|3\n|\n|t:|1683061478\n|switch|p2a: Abomasnow|Abomasnow, L50, F|100\/100\n|-weather|Snow|[from] ability: Snow Warning|[of] p2a: Abomasnow\n|move|p1b: Palafin|Wave Crash|p2a: Abomasnow\n|-resisted|p2a: Abomasnow\n|-damage|p2a: Abomasnow|62\/100\n|-damage|p1b: Palafin|80\/100|[from] Recoil\n|move|p2b: Skeledirge|Torch Song|p1a: Ting-Lu\n|-damage|p1a: Ting-Lu|70\/100\n|-boost|p2b: Skeledirge|spa|1\n|move|p1a: Ting-Lu|Fissure|p2b: Skeledirge|[miss]\n|-miss|p1a: Ting-Lu|p2b: Skeledirge\n|\n|-weather|Snow|[upkeep]\n|upkeep\n|turn|4\n|\n|t:|1683061495\n|move|p1b: Palafin|Protect|p1b: Palafin\n|-singleturn|p1b: Palafin|Protect\n|move|p2b: Skeledirge|Protect|p2b: Skeledirge\n|-singleturn|p2b: Skeledirge|Protect\n|move|p2a: Abomasnow|Aurora Veil|p2a: Abomasnow\n|-sidestart|p2: IceNsno|move: Aurora Veil\n|move|p1a: Ting-Lu|Fissure|p2b: Skeledirge\n|-activate|p2b: Skeledirge|move: Protect\n|\n|-weather|Snow|[upkeep]\n|upkeep\n|turn|5\n|\n|t:|1683061509\n|move|p1b: Palafin|Wave Crash|p2a: Abomasnow\n|-resisted|p2a: Abomasnow\n|-damage|p2a: Abomasnow|39\/100\n|-damage|p1b: Palafin|72\/100|[from] Recoil\n|move|p2b: Skeledirge|Tera Blast|p1b: Palafin\n|-supereffective|p1b: Palafin\n|-damage|p1b: Palafin|0 fnt\n|faint|p1b: Palafin\n|move|p2a: Abomasnow|Blizzard|p1a: Ting-Lu\n|-damage|p1a: Ting-Lu|58\/100\n|move|p1a: Ting-Lu|Fissure|p2b: Skeledirge\n|-damage|p2b: Skeledirge|0 fnt\n|faint|p2b: Skeledirge\n|-ohko\n|\n|-weather|Snow|[upkeep]\n|upkeep\n|\n|t:|1683061513\n|switch|p1b: Flutter Mane|Flutter Mane, L50|100\/100\n|switch|p2b: Cetitan|Cetitan, L50, M|100\/100\n|turn|6\n|\n|t:|1683061526\n|move|p2b: Cetitan|Icicle Crash|p1b: Flutter Mane\n|-damage|p1b: Flutter Mane|39\/100\n|move|p1b: Flutter Mane|Mystical Fire|p2a: Abomasnow\n|-supereffective|p2a: Abomasnow\n|-damage|p2a: Abomasnow|0 fnt\n|faint|p2a: Abomasnow\n|move|p1a: Ting-Lu|Heavy Slam|p2b: Cetitan\n|-supereffective|p2b: Cetitan\n|-damage|p2b: Cetitan|91\/100\n|\n|-weather|Snow|[upkeep]\n|upkeep\n|turn|7\n|\n|t:|1683061539\n|move|p2b: Cetitan|Icicle Crash|p1b: Flutter Mane\n|-damage|p1b: Flutter Mane|0 fnt\n|faint|p1b: Flutter Mane\n|-end|p1b: Flutter Mane|Protosynthesis|[silent]\n|move|p1a: Ting-Lu|Heavy Slam|p2b: Cetitan\n|-supereffective|p2b: Cetitan\n|-damage|p2b: Cetitan|83\/100\n|\n|-weather|none\n|upkeep\n|turn|8\n|\n|t:|1683061546\n|move|p2b: Cetitan|Icicle Crash|p1a: Ting-Lu\n|-damage|p1a: Ting-Lu|35\/100\n|move|p1a: Ting-Lu|Fissure|p2b: Cetitan\n|-damage|p2b: Cetitan|0 fnt\n|faint|p2b: Cetitan\n|-ohko\n|\n|win|soraesc\n|raw|soraesc's rating: 1263 → 1291<\/strong> (+28 for winning)\n|raw|IceNsno's rating: 1310 → 1287<\/strong> (-23 for losing)\n|l|\u2606IceNsno\n","uploadtime":1683061556,"views":6,"p1id":"soraesc","p2id":"icensno","formatid":"gen9vgc2023regulationc","rating":1287,"private":0,"password":""}