{"id":"gen9vgc2023regulationc-1860831213","p1":"tpanch","p2":"Flipsicle","format":"[Gen 9] VGC 2023 Regulation C","log":"|j|\u2606tpanch\n|j|\u2606Flipsicle\n|t:|1683683203\n|gametype|doubles\n|player|p1|tpanch|1|\n|player|p2|Flipsicle|elesa-masters|\n|teamsize|p1|6\n|teamsize|p2|6\n|gen|9\n|tier|[Gen 9] VGC 2023 Regulation C\n|rated|Tournament battle\n|rule|Species Clause: Limit one of each Pok\u00e9mon\n|rule|Item Clause: Limit one of each item\n|clearpoke\n|poke|p1|Vivillon-Fancy, L50, F|\n|poke|p1|Garchomp, L50, F|\n|poke|p1|Iron Bundle, L50|\n|poke|p1|Abomasnow, L50, M|\n|poke|p1|Bronzong, L50|\n|poke|p1|Iron Hands, L50|\n|poke|p2|Chi-Yu, L50|\n|poke|p2|Flutter Mane, L50|\n|poke|p2|Dragonite, L50, M|\n|poke|p2|Chien-Pao, L50|\n|poke|p2|Iron Bundle, L50|\n|poke|p2|Iron Hands, L50|\n|teampreview|4\n|raw| Open Team Sheet for tpanch<\/summary>Vivillon (Vivillon-Fancy) @ Focus Sash Ability: Friend Guard Level: 50 Tera Type: Ghost - Pollen Puff - Sleep Powder - Rage Powder - Tailwind Garchomp @ Safety Goggles Ability: Rough Skin Level: 50 Tera Type: Fire - Swords Dance - Rock Slide - Earthquake - Protect Iron Bundle @ Booster Energy Ability: Quark Drive Level: 50 Tera Type: Ghost - Aurora Veil - Blizzard - Hydro Pump - Protect Abomasnow @ Life Orb Ability: Snow Warning Level: 50 Tera Type: Water - Blizzard - Giga Drain - Earth Power - Protect Bronzong @ Leftovers Ability: Levitate Level: 50 Tera Type: Fire - Trick Room - Iron Defense - Gyro Ball - Body Press Iron Hands @ Assault Vest Ability: Quark Drive Level: 50 Tera Type: Grass - Fake Out - Drain Punch - Wild Charge - Volt Switch <\/details><\/div> Open Team Sheet for Flipsicle<\/summary>Chi-Yu @ Choice Scarf Ability: Beads of Ruin Level: 50 Tera Type: Ghost - Heat Wave - Dark Pulse - Overheat - Snarl Flutter Mane @ Choice Specs Ability: Protosynthesis Level: 50 Tera Type: Fairy - Shadow Ball - Dazzling Gleam - Moonblast - Thunderbolt Dragonite @ Lum Berry Ability: Multiscale Level: 50 Tera Type: Normal - Protect - Low Kick - Extreme Speed - Stomping Tantrum Chien-Pao @ Focus Sash Ability: Sword of Ruin Level: 50 Tera Type: Dark - Protect - Ice Spinner - Sacred Sword - Sucker Punch Iron Bundle @ Booster Energy Ability: Quark Drive Level: 50 Tera Type: Ghost - Protect - Icy Wind - Freeze-Dry - Hydro Pump Iron Hands @ Assault Vest Ability: Quark Drive Level: 50 Tera Type: Electric - Close Combat - Wild Charge - Fake Out - Volt Switch <\/details><\/div>\n|c|\u2606Flipsicle|glhf\n|j| Radio Free C-Side\n|c|\u2606tpanch|u2\n|j|%Bright Size\n|j| EUIC Motivation\n|l|\u2606Flipsicle\n|player|p2|\n|j|\u2606Flipsicle\n|player|p2|Flipsicle|elesa-masters\n|\n|t:|1683683310\n|start\n|switch|p1a: Iron Hands|Iron Hands, L50|100\/100\n|switch|p1b: Bronzong|Bronzong, L50|100\/100\n|switch|p2a: Chi-Yu|Chi-Yu, L50|100\/100\n|switch|p2b: Iron Bundle|Iron Bundle, L50|100\/100\n|-ability|p2a: Chi-Yu|Beads of Ruin\n|-enditem|p2b: Iron Bundle|Booster Energy\n|-activate|p2b: Iron Bundle|ability: Quark Drive|[fromitem]\n|-start|p2b: Iron Bundle|quarkdrivespe\n|turn|1\n|j| Wottl3y\n|\n|t:|1683683347\n|-terastallize|p2a: Chi-Yu|Ghost\n|-terastallize|p1b: Bronzong|Fire\n|move|p1a: Iron Hands|Fake Out|p2b: Iron Bundle\n|-damage|p2b: Iron Bundle|84\/100\n|cant|p2b: Iron Bundle|flinch\n|move|p2a: Chi-Yu|Dark Pulse|p1b: Bronzong\n|-damage|p1b: Bronzong|59\/100\n|move|p1b: Bronzong|Trick Room|p1b: Bronzong\n|-fieldstart|move: Trick Room|[of] p1b: Bronzong\n|\n|-heal|p1b: Bronzong|64\/100|[from] item: Leftovers\n|upkeep\n|turn|2\n|\n|t:|1683683365\n|move|p2b: Iron Bundle|Protect|p2b: Iron Bundle\n|-singleturn|p2b: Iron Bundle|Protect\n|move|p1b: Bronzong|Gyro Ball|p2a: Chi-Yu\n|-damage|p2a: Chi-Yu|36\/100\n|move|p1a: Iron Hands|Wild Charge|p2a: Chi-Yu\n|-damage|p2a: Chi-Yu|0 fnt\n|faint|p2a: Chi-Yu\n|-damage|p1a: Iron Hands|96\/100|[from] Recoil\n|\n|-heal|p1b: Bronzong|70\/100|[from] item: Leftovers\n|upkeep\n|\n|t:|1683683371\n|switch|p2a: Iron Hands|Iron Hands, L50|100\/100\n|turn|3\n|j|+TheLoanRanger\n|l|+TheLoanRanger\n|j|%Therazer456\n|\n|t:|1683683403\n|move|p2a: Iron Hands|Fake Out|p1a: Iron Hands\n|-damage|p1a: Iron Hands|85\/100\n|move|p1b: Bronzong|Iron Defense|p1b: Bronzong\n|-boost|p1b: Bronzong|def|2\n|cant|p1a: Iron Hands|flinch\n|move|p2b: Iron Bundle|Hydro Pump|p1b: Bronzong\n|-supereffective|p1b: Bronzong\n|-damage|p1b: Bronzong|0 fnt\n|faint|p1b: Bronzong\n|\n|upkeep\n|\n|t:|1683683406\n|switch|p1b: Vivillon|Vivillon-Fancy, L50, F|100\/100\n|turn|4\n|l|\u2606Flipsicle\n|player|p2|\n|j|\u2606Flipsicle\n|player|p2|Flipsicle|elesa-masters\n|\n|t:|1683683475\n|move|p2b: Iron Bundle|Protect|p2b: Iron Bundle\n|-singleturn|p2b: Iron Bundle|Protect\n|move|p2a: Iron Hands|Close Combat|p1a: Iron Hands\n|-crit|p1a: Iron Hands\n|-damage|p1a: Iron Hands|37\/100\n|-unboost|p2a: Iron Hands|def|1\n|-unboost|p2a: Iron Hands|spd|1\n|move|p1a: Iron Hands|Drain Punch|p2b: Iron Bundle\n|-activate|p2b: Iron Bundle|move: Protect\n|move|p1b: Vivillon|Sleep Powder|p2a: Iron Hands\n|-status|p2a: Iron Hands|slp|[from] move: Sleep Powder\n|\n|upkeep\n|turn|5\n|\n|t:|1683683513\n|cant|p2a: Iron Hands|slp\n|move|p1a: Iron Hands|Drain Punch|p2b: Iron Bundle\n|-supereffective|p2b: Iron Bundle\n|-damage|p2b: Iron Bundle|0 fnt\n|-heal|p1a: Iron Hands|58\/100|[from] drain|[of] p2b: Iron Bundle\n|faint|p2b: Iron Bundle\n|-end|p2b: Iron Bundle|Quark Drive|[silent]\n|move|p1b: Vivillon|Pollen Puff|p1a: Iron Hands\n|-heal|p1a: Iron Hands|100\/100\n|\n|-fieldend|move: Trick Room\n|upkeep\n|\n|t:|1683683521\n|switch|p2b: Chien-Pao|Chien-Pao, L50|100\/100\n|-ability|p2b: Chien-Pao|Sword of Ruin\n|turn|6\n|\n|t:|1683683533\n|move|p2b: Chien-Pao|Protect|p2b: Chien-Pao\n|-singleturn|p2b: Chien-Pao|Protect\n|move|p1b: Vivillon|Tailwind|p1b: Vivillon\n|-sidestart|p1: tpanch|move: Tailwind\n|move|p1a: Iron Hands|Drain Punch|p2a: Iron Hands\n|-damage|p2a: Iron Hands|43\/100 slp\n|cant|p2a: Iron Hands|slp\n|\n|upkeep\n|turn|7\n|\n|t:|1683683542\n|move|p1b: Vivillon|Pollen Puff|p2b: Chien-Pao\n|-supereffective|p2b: Chien-Pao\n|-damage|p2b: Chien-Pao|8\/100\n|move|p2b: Chien-Pao|Ice Spinner|p1a: Iron Hands\n|-damage|p1a: Iron Hands|74\/100\n|move|p1a: Iron Hands|Drain Punch|p2a: Iron Hands\n|-damage|p2a: Iron Hands|0 fnt\n|-heal|p1a: Iron Hands|95\/100|[from] drain|[of] p2a: Iron Hands\n|faint|p2a: Iron Hands\n|-end|p2a: Iron Hands|Quark Drive|[silent]\n|\n|upkeep\n|turn|8\n|c|\u2606Flipsicle|gg\n|c|\u2606tpanch|gg\n|\n|t:|1683683552\n|move|p2b: Chien-Pao|Sucker Punch|p1b: Vivillon\n|-damage|p1b: Vivillon|20\/100\n|move|p1b: Vivillon|Pollen Puff|p2b: Chien-Pao\n|-supereffective|p2b: Chien-Pao\n|-damage|p2b: Chien-Pao|0 fnt\n|faint|p2b: Chien-Pao\n|\n|win|tpanch\n|n|\u2606tpanch|tpanch\n|n| Radio Free C-Side|radiofreecside\n|n| Bright Size|brightsize\n|n| EUIC Motivation|euicmotivation\n|n| Wottl3y|wottl3y\n|n| Therazer456|therazer456\n|n|\u2606Flipsicle|flipsicle\n","uploadtime":1683683553,"views":12,"p1id":"tpanch","p2id":"flipsicle","formatid":"gen9vgc2023regulationc","rating":0,"private":0,"password":""}