{"id":"gen9vgc2023regulationc-1854558106","p1":"Panktotheleft","p2":"Betty23333","format":"[Gen 9] VGC 2023 Regulation C","log":"|j|\u2606Panktotheleft\n|j|\u2606Betty23333\n|t:|1682826760\n|gametype|doubles\n|player|p1|Panktotheleft|caitlin|1058\n|player|p2|Betty23333|lass-gen4dp|1047\n|teamsize|p1|6\n|teamsize|p2|6\n|gen|9\n|tier|[Gen 9] VGC 2023 Regulation C\n|rated|\n|rule|Species Clause: Limit one of each Pok\u00e9mon\n|rule|Item Clause: Limit one of each item\n|clearpoke\n|poke|p1|Scream Tail, L50|\n|poke|p1|Flutter Mane, L50|\n|poke|p1|Gothitelle, L50, F|\n|poke|p1|Amoonguss, L50, M|\n|poke|p1|Palafin, L50, F|\n|poke|p1|Arcanine, L50, F|\n|poke|p2|Lilligant, L50, F|\n|poke|p2|Torkoal, L50, M|\n|poke|p2|Flutter Mane, L50|\n|poke|p2|Great Tusk, L50|\n|poke|p2|Dragonite, L50, F|\n|poke|p2|Kingambit, L50, M|\n|teampreview|4\nPanktotheleft has agreed to open team sheets.\n|\n|t:|1682826792\n|start\n|switch|p1a: Palafin|Palafin, L50, F|100\/100\n|switch|p1b: Gothitelle|Gothitelle, L50, F|100\/100\n|switch|p2a: Lilligant|Lilligant, L50, F|100\/100\n|switch|p2b: Torkoal|Torkoal, L50, M|100\/100\n|-weather|SunnyDay|[from] ability: Drought|[of] p2b: Torkoal\n|turn|1\n|\n|t:|1682826808\n|detailschange|p1a: Palafin|Palafin-Hero, L50, F\n|switch|p1a: Amoonguss|Amoonguss, L50, M|100\/100\n|-terastallize|p2b: Torkoal|Fire\n|move|p1b: Gothitelle|Fake Out|p2b: Torkoal\n|-damage|p2b: Torkoal|96\/100\n|move|p2a: Lilligant|After You|p2b: Torkoal\n|-activate|p2b: Torkoal|move: After You\n|cant|p2b: Torkoal|flinch\n|\n|-weather|SunnyDay|[upkeep]\n|upkeep\n|turn|2\n|\n|t:|1682826826\n|-terastallize|p1a: Amoonguss|Dark\n|move|p1b: Gothitelle|Protect|p1b: Gothitelle\n|-singleturn|p1b: Gothitelle|Protect\n|move|p2a: Lilligant|After You|p2b: Torkoal\n|-activate|p2b: Torkoal|move: After You\n|move|p2b: Torkoal|Eruption|p1b: Gothitelle|[spread] p1a\n|-activate|p1b: Gothitelle|move: Protect\n|-damage|p1a: Amoonguss|21\/100\n|move|p1a: Amoonguss|Spore|p2b: Torkoal\n|-status|p2b: Torkoal|slp|[from] move: Spore\n|\n|-weather|SunnyDay|[upkeep]\n|upkeep\n|turn|3\n|\n|t:|1682826863\n|switch|p1a: Scream Tail|Scream Tail, L50, shiny|100\/100\n|-activate|p1a: Scream Tail|ability: Protosynthesis\n|-start|p1a: Scream Tail|protosynthesisspe\n|cant|p2b: Torkoal|slp\n|move|p2a: Lilligant|Sleep Powder|p1a: Scream Tail\n|-status|p1a: Scream Tail|slp|[from] move: Sleep Powder\n|move|p1b: Gothitelle|Psychic|p2b: Torkoal\n|-damage|p2b: Torkoal|59\/100 slp\n|\n|-weather|SunnyDay|[upkeep]\n|upkeep\n|turn|4\n|\n|t:|1682826888\n|cant|p1a: Scream Tail|slp\n|move|p2a: Lilligant|Sleep Powder|p1b: Gothitelle|[miss]\n|-miss|p2a: Lilligant|p1b: Gothitelle\n|move|p1b: Gothitelle|Psychic|p2b: Torkoal\n|-damage|p2b: Torkoal|23\/100 slp\n|cant|p2b: Torkoal|slp\n|\n|-weather|SunnyDay|[upkeep]\n|upkeep\n|turn|5\n|\n|t:|1682826912\n|move|p1b: Gothitelle|Protect|p1b: Gothitelle\n|-singleturn|p1b: Gothitelle|Protect\n|-curestatus|p1a: Scream Tail|slp|[msg]\n|move|p1a: Scream Tail|Perish Song|p1a: Scream Tail\n|-start|p1a: Scream Tail|perish3|[silent]\n|-start|p1b: Gothitelle|perish3|[silent]\n|-start|p2a: Lilligant|perish3|[silent]\n|-start|p2b: Torkoal|perish3|[silent]\n|-fieldactivate|move: Perish Song\n|move|p2a: Lilligant|Sleep Powder|p1b: Gothitelle\n|-activate|p1b: Gothitelle|move: Protect\n|-curestatus|p2b: Torkoal|slp|[msg]\n|move|p2b: Torkoal|Earthquake|p1a: Scream Tail|[spread] p2a,p1a\n|-activate|p1b: Gothitelle|move: Protect\n|-resisted|p2a: Lilligant\n|-crit|p2a: Lilligant\n|-damage|p2a: Lilligant|91\/100\n|-damage|p1a: Scream Tail|92\/100\n|\n|-weather|none\n|-end|p1a: Scream Tail|Protosynthesis\n|-start|p1a: Scream Tail|perish3\n|-start|p2a: Lilligant|perish3\n|-start|p1b: Gothitelle|perish3\n|-start|p2b: Torkoal|perish3\n|upkeep\n|-enditem|p1a: Scream Tail|Booster Energy\n|-activate|p1a: Scream Tail|ability: Protosynthesis|[fromitem]\n|-start|p1a: Scream Tail|protosynthesisspe\n|turn|6\n|\n|t:|1682826939\n|move|p2b: Torkoal|Protect|p2b: Torkoal\n|-singleturn|p2b: Torkoal|Protect\n|move|p1a: Scream Tail|Disable|p2a: Lilligant\n|-start|p2a: Lilligant|Disable|Sleep Powder\n|move|p2a: Lilligant|Leaf Storm|p1a: Scream Tail\n|-damage|p1a: Scream Tail|45\/100\n|-unboost|p2a: Lilligant|spa|2\n|move|p1b: Gothitelle|Psychic|p2a: Lilligant\n|-damage|p2a: Lilligant|51\/100\n|\n|-start|p1a: Scream Tail|perish2\n|-start|p2a: Lilligant|perish2\n|-start|p1b: Gothitelle|perish2\n|-start|p2b: Torkoal|perish2\n|upkeep\n|turn|7\n|\n|t:|1682826964\n|move|p1a: Scream Tail|Play Rough|p2a: Lilligant\n|-damage|p2a: Lilligant|23\/100\n|-unboost|p2a: Lilligant|atk|1\n|move|p2a: Lilligant|After You|p2b: Torkoal\n|-activate|p2b: Torkoal|move: After You\n|move|p2b: Torkoal|Eruption|p1a: Scream Tail|[spread] p1a,p1b\n|-damage|p1a: Scream Tail|33\/100\n|-damage|p1b: Gothitelle|88\/100\n|move|p1b: Gothitelle|Heal Pulse|p1a: Scream Tail\n|-heal|p1a: Scream Tail|83\/100\n|\n|-start|p1a: Scream Tail|perish1\n|-start|p2a: Lilligant|perish1\n|-start|p1b: Gothitelle|perish1\n|-start|p2b: Torkoal|perish1\n|upkeep\n|turn|8\n|\n|t:|1682827005\n|-end|p1a: Scream Tail|Protosynthesis|[silent]\n|switch|p1a: Amoonguss|Amoonguss, L50, M, tera:Dark|54\/100\n|switch|p1b: Palafin|Palafin-Hero, L50, F|100\/100\n|-activate|p1b: Palafin|ability: Zero to Hero\n|move|p2a: Lilligant|After You|p2b: Torkoal\n|-activate|p2b: Torkoal|move: After You\n|move|p2b: Torkoal|Eruption|p1a: Amoonguss|[spread] p1a,p1b\n|-resisted|p1b: Palafin\n|-damage|p1a: Amoonguss|41\/100\n|-damage|p1b: Palafin|93\/100\n|\n|-start|p2a: Lilligant|perish0\n|-start|p2b: Torkoal|perish0\n|upkeep\n|faint|p2a: Lilligant\n|faint|p2b: Torkoal\n|\n|t:|1682827018\n|switch|p2a: Flutter Mane|Flutter Mane, L50|100\/100\n|switch|p2b: Great Tusk|Great Tusk, L50|100\/100\n|turn|9\n|\n|t:|1682827044\n|move|p1a: Amoonguss|Rage Powder|p1a: Amoonguss\n|-singleturn|p1a: Amoonguss|move: Rage Powder\n|move|p1b: Palafin|Jet Punch|p2a: Flutter Mane\n|-damage|p2a: Flutter Mane|0 fnt\n|faint|p2a: Flutter Mane\n|-end|p2a: Flutter Mane|Protosynthesis|[silent]\n|move|p2b: Great Tusk|Close Combat|p1a: Amoonguss\n|-supereffective|p1a: Amoonguss\n|-damage|p1a: Amoonguss|0 fnt\n|-unboost|p2b: Great Tusk|def|1\n|-unboost|p2b: Great Tusk|spd|1\n|faint|p1a: Amoonguss\n|\n|upkeep\n|\n|t:|1682827053\n|switch|p1a: Gothitelle|Gothitelle, L50, F|88\/100\n|turn|10\n|\n|t:|1682827059\n|move|p1a: Gothitelle|Fake Out|p2b: Great Tusk\n|-damage|p2b: Great Tusk|95\/100\n|cant|p2b: Great Tusk|flinch\n|move|p1b: Palafin|Wave Crash|p2b: Great Tusk\n|-supereffective|p2b: Great Tusk\n|-damage|p2b: Great Tusk|0 fnt\n|faint|p2b: Great Tusk\n|-end|p2b: Great Tusk|Protosynthesis|[silent]\n|-damage|p1b: Palafin|58\/100|[from] Recoil\n|\n|win|Panktotheleft\n|raw|Panktotheleft's rating: 1058 → 1088<\/strong> (+30 for winning)\n|raw|Betty23333's rating: 1047 → 1030<\/strong> (-17 for losing)\n|l|\u2606Betty23333\n","uploadtime":1682827063,"views":16,"p1id":"panktotheleft","p2id":"betty23333","formatid":"gen9vgc2023regulationc","rating":1030,"private":0,"password":""}