{"id":"gen9vgc2023regulationc-1855924982","p1":"T8XICIDAD","p2":"Roupelstiltskin","format":"[Gen 9] VGC 2023 Regulation C","log":"|j|\u2606T8XICIDAD\n|j|\u2606Roupelstiltskin\n|t:|1683001483\n|gametype|doubles\n|player|p1|T8XICIDAD|lusamine|1139\n|player|p2|Roupelstiltskin|fisherman-gen4|1075\n|teamsize|p1|6\n|teamsize|p2|6\n|gen|9\n|tier|[Gen 9] VGC 2023 Regulation C\n|rated|\n|rule|Species Clause: Limit one of each Pok\u00e9mon\n|rule|Item Clause: Limit one of each item\n|clearpoke\n|poke|p1|Amoonguss, L50, M|\n|poke|p1|Palafin, L50, M|\n|poke|p1|Arcanine, L50, M|\n|poke|p1|Flutter Mane, L50|\n|poke|p1|Ting-Lu, L50|\n|poke|p1|Kingambit, L50, F|\n|poke|p2|Lycanroc-Midnight, L50, M|\n|poke|p2|Garganacl, L50, M|\n|poke|p2|Vivillon-High Plains, L50, M|\n|poke|p2|Tinkaton, L50, F|\n|poke|p2|Grafaiai, L50, F|\n|poke|p2|Palafin, L50, M|\n|teampreview|4\n|inactive|Battle timer is ON: inactive players will automatically lose when time's up. (requested by Roupelstiltskin)\n|\n|t:|1683001500\n|start\n|switch|p1a: Kingambit|Kingambit, L50, F|100\/100\n|switch|p1b: Ting-Lu|Ting-Lu, L50|100\/100\n|switch|p2a: Tinkaton|Tinkaton, L50, F|100\/100\n|switch|p2b: Lycanroc|Lycanroc-Midnight, L50, M|100\/100\n|-ability|p1b: Ting-Lu|Vessel of Ruin\n|turn|1\n|inactive|Roupelstiltskin has 30 seconds left.\n|\n|t:|1683001526\n|move|p1a: Kingambit|Protect|p1a: Kingambit\n|-singleturn|p1a: Kingambit|Protect\n|move|p2a: Tinkaton|Skill Swap|p2b: Lycanroc\n|-activate|p2a: Tinkaton|move: Skill Swap|||[of] p2b: Lycanroc\n|move|p2b: Lycanroc|Play Rough|p1b: Ting-Lu\n|-supereffective|p1b: Ting-Lu\n|-damage|p1b: Ting-Lu|74\/100\n|move|p1b: Ting-Lu|Earthquake|p2a: Tinkaton|[spread] p2a,p2b\n|-activate|p1a: Kingambit|move: Protect\n|-supereffective|p2a: Tinkaton\n|-supereffective|p2b: Lycanroc\n|-crit|p2b: Lycanroc\n|-damage|p2a: Tinkaton|35\/100\n|-damage|p2b: Lycanroc|0 fnt\n|faint|p2b: Lycanroc\n|\n|upkeep\n|\n|t:|1683001538\n|switch|p2b: Garganacl|Garganacl, L50, M|100\/100\n|turn|2\n|\n|t:|1683001554\n|switch|p1a: Arcanine|Arcanine, L50, M|100\/100\n|-ability|p1a: Arcanine|Intimidate|boost\n|-unboost|p2a: Tinkaton|atk|1\n|-unboost|p2b: Garganacl|atk|1\n|move|p2a: Tinkaton|Skill Swap|p2b: Garganacl\n|-activate|p2a: Tinkaton|move: Skill Swap|||[of] p2b: Garganacl\n|move|p1b: Ting-Lu|Stomping Tantrum|p2a: Tinkaton\n|-supereffective|p2a: Tinkaton\n|-damage|p2a: Tinkaton|0 fnt\n|faint|p2a: Tinkaton\n|move|p2b: Garganacl|Fissure|p1a: Arcanine\n|-damage|p1a: Arcanine|0 fnt\n|faint|p1a: Arcanine\n|-ohko\n|\n|upkeep\n|\n|t:|1683001569\n|switch|p2a: Vivillon|Vivillon-High Plains, L50, M|100\/100\n|switch|p1a: Amoonguss|Amoonguss, L50, M|100\/100\n|turn|3\n|\n|t:|1683001593\n|move|p1a: Amoonguss|Protect|p1a: Amoonguss\n|-singleturn|p1a: Amoonguss|Protect\n|move|p2a: Vivillon|Pollen Puff|p1b: Ting-Lu\n|-supereffective|p1b: Ting-Lu\n|-damage|p1b: Ting-Lu|52\/100\n|move|p1b: Ting-Lu|Stomping Tantrum|p2b: Garganacl\n|-supereffective|p2b: Garganacl\n|-damage|p2b: Garganacl|70\/100\n|move|p2b: Garganacl|Fissure|p1b: Ting-Lu\n|-damage|p1b: Ting-Lu|0 fnt\n|faint|p1b: Ting-Lu\n|-ohko\n|\n|-heal|p2b: Garganacl|76\/100|[from] item: Leftovers\n|upkeep\n|\n|t:|1683001605\n|switch|p1b: Kingambit|Kingambit, L50, F|100\/100\n|turn|4\n|\n|t:|1683001616\n|-terastallize|p1b: Kingambit|Dark\n|move|p2a: Vivillon|Pollen Puff|p2b: Garganacl\n|-heal|p2b: Garganacl|100\/100\n|move|p1b: Kingambit|Swords Dance|p1b: Kingambit\n|-boost|p1b: Kingambit|atk|2\n|move|p2b: Garganacl|Fissure|p1b: Kingambit\n|-damage|p1b: Kingambit|0 fnt\n|faint|p1b: Kingambit\n|-ohko\n|move|p1a: Amoonguss|Spore|p2b: Garganacl\n|-status|p2b: Garganacl|slp|[from] move: Spore\n|\n|upkeep\n|turn|5\n|c|\u2606T8XICIDAD|QUE PUTO ASCO OJALA TE MUERAS\n|-message|T8XICIDAD forfeited.\n|\n|win|Roupelstiltskin\n|raw|T8XICIDAD's rating: 1139 → 1109<\/strong> (-30 for losing)\n|raw|Roupelstiltskin's rating: 1075 → 1109<\/strong> (+34 for winning)\n|l|\u2606T8XICIDAD\n","uploadtime":1683001636,"views":10,"p1id":"t8xicidad","p2id":"roupelstiltskin","formatid":"gen9vgc2023regulationc","rating":1109,"private":0,"password":""}