{"id":"gen9vgc2023regulationc-1849300200","p1":"MiggHD_Br","p2":"CaptJorgito","format":"[Gen 9] VGC 2023 Regulation C","log":"|j|\u2606MiggHD_Br\n|j|\u2606CaptJorgito\n|t:|1682183341\n|gametype|doubles\n|player|p1|MiggHD_Br|hugh|1159\n|player|p2|CaptJorgito|hiker|1067\n|teamsize|p1|6\n|teamsize|p2|6\n|gen|9\n|tier|[Gen 9] VGC 2023 Regulation C\n|rated|\n|rule|Species Clause: Limit one of each Pok\u00e9mon\n|rule|Item Clause: Limit one of each item\n|clearpoke\n|poke|p1|Ting-Lu, L50|\n|poke|p1|Kingambit, L50, M|\n|poke|p1|Ceruledge, L50, M|\n|poke|p1|Flutter Mane, L50|\n|poke|p1|Torkoal, L50, M|\n|poke|p1|Indeedee-F, L50, F|\n|poke|p2|Amoonguss, L50, M|\n|poke|p2|Arcanine, L50, M|\n|poke|p2|Dragonite, L50, M|\n|poke|p2|Chi-Yu, L50|\n|poke|p2|Dachsbun, L50, F|\n|poke|p2|Flutter Mane, L50|\n|teampreview|4\n|inactive|Battle timer is ON: inactive players will automatically lose when time's up. (requested by CaptJorgito)\n|\n|t:|1682183366\n|start\n|switch|p1a: Ceruledge|Ceruledge, L50, M|100\/100\n|switch|p1b: Indeedee|Indeedee-F, L50, F|100\/100\n|switch|p2a: Flutter Mane|Flutter Mane, L50|100\/100\n|switch|p2b: Dragonite|Dragonite, L50, M|100\/100\n|-fieldstart|move: Psychic Terrain|[from] ability: Psychic Surge|[of] p1b: Indeedee\n|-enditem|p2a: Flutter Mane|Booster Energy\n|-activate|p2a: Flutter Mane|ability: Protosynthesis|[fromitem]\n|-start|p2a: Flutter Mane|protosynthesisspe\n|turn|1\n|inactive|MiggHD_Br has 30 seconds left.\n|\n|t:|1682183396\n|-terastallize|p2b: Dragonite|Flying\n|move|p2a: Flutter Mane|Moonblast|p1a: Ceruledge\n|-resisted|p1a: Ceruledge\n|-damage|p1a: Ceruledge|72\/100\n|move|p1a: Ceruledge|Swords Dance|p1a: Ceruledge\n|-boost|p1a: Ceruledge|atk|2\n|move|p1b: Indeedee|Stored Power|p2a: Flutter Mane\n|-damage|p2a: Flutter Mane|90\/100\n|move|p2b: Dragonite|Tera Blast|p1a: Ceruledge\n|-damage|p1a: Ceruledge|0 fnt\n|faint|p1a: Ceruledge\n|\n|upkeep\n|\n|t:|1682183418\n|switch|p1a: Flutter Mane|Flutter Mane, L50|100\/100\n|turn|2\n|\n|t:|1682183424\n|move|p1b: Indeedee|Follow Me|p1b: Indeedee\n|-singleturn|p1b: Indeedee|move: Follow Me\n|move|p2a: Flutter Mane|Shadow Ball|p1b: Indeedee\n|-immune|p1b: Indeedee\n|move|p1a: Flutter Mane|Power Gem|p2b: Dragonite\n|-supereffective|p2b: Dragonite\n|-crit|p2b: Dragonite\n|-damage|p2b: Dragonite|45\/100\n|-damage|p1a: Flutter Mane|90\/100|[from] item: Life Orb\n|move|p2b: Dragonite|Tera Blast|p1b: Indeedee\n|-damage|p1b: Indeedee|20\/100\n|\n|-heal|p1b: Indeedee|26\/100|[from] item: Leftovers\n|upkeep\n|turn|3\n|\n|t:|1682183445\n|switch|p2b: Dachsbun|Dachsbun, L50, F|100\/100\n|move|p1b: Indeedee|Follow Me|p1b: Indeedee\n|-singleturn|p1b: Indeedee|move: Follow Me\n|move|p2a: Flutter Mane|Moonblast|p1b: Indeedee\n|-damage|p1b: Indeedee|0 fnt\n|faint|p1b: Indeedee\n|move|p1a: Flutter Mane|Power Gem|p2b: Dachsbun\n|-damage|p2b: Dachsbun|56\/100\n|-damage|p1a: Flutter Mane|80\/100|[from] item: Life Orb\n|\n|upkeep\n|\n|t:|1682183458\n|switch|p1b: Ting-Lu|Ting-Lu, L50|100\/100\n|-ability|p1b: Ting-Lu|Vessel of Ruin\n|turn|4\n|\n|t:|1682183473\n|move|p1a: Flutter Mane|Protect|p1a: Flutter Mane\n|-singleturn|p1a: Flutter Mane|Protect\n|move|p2a: Flutter Mane|Shadow Ball|p1a: Flutter Mane\n|-activate|p1a: Flutter Mane|move: Protect\n|move|p2b: Dachsbun|Yawn|p1b: Ting-Lu\n|-start|p1b: Ting-Lu|move: Yawn|[of] p2b: Dachsbun\n|move|p1b: Ting-Lu|Heavy Slam|p2a: Flutter Mane\n|-supereffective|p2a: Flutter Mane\n|-damage|p2a: Flutter Mane|0 fnt\n|faint|p2a: Flutter Mane\n|-end|p2a: Flutter Mane|Protosynthesis|[silent]\n|\n|upkeep\n|\n|t:|1682183487\n|switch|p2a: Chi-Yu|Chi-Yu, L50|100\/100\n|-ability|p2a: Chi-Yu|Beads of Ruin\n|turn|5\n|\n|t:|1682183507\n|-terastallize|p1a: Flutter Mane|Ghost\n|move|p1a: Flutter Mane|Shadow Ball|p2b: Dachsbun\n|-damage|p2b: Dachsbun|0 fnt\n|faint|p2b: Dachsbun\n|-damage|p1a: Flutter Mane|70\/100|[from] item: Life Orb\n|move|p2a: Chi-Yu|Lava Plume|p1b: Ting-Lu|[spread] p1a,p1b\n|-damage|p1a: Flutter Mane|36\/100\n|-damage|p1b: Ting-Lu|88\/100\n|move|p1b: Ting-Lu|Stomping Tantrum|p2a: Chi-Yu\n|-supereffective|p2a: Chi-Yu\n|-damage|p2a: Chi-Yu|28\/100\n|\n|-end|p1b: Ting-Lu|move: Yawn|[silent]\n|-status|p1b: Ting-Lu|slp\n|-fieldend|move: Psychic Terrain\n|upkeep\n|\n|t:|1682183523\n|switch|p2b: Dragonite|Dragonite, L50, M, tera:Flying|45\/100\n|turn|6\n|\n|t:|1682183531\n|move|p2b: Dragonite|Aqua Jet|p1b: Ting-Lu\n|-supereffective|p1b: Ting-Lu\n|-damage|p1b: Ting-Lu|70\/100 slp\n|move|p1a: Flutter Mane|Shadow Ball|p2b: Dragonite\n|-damage|p2b: Dragonite|0 fnt\n|faint|p2b: Dragonite\n|-damage|p1a: Flutter Mane|26\/100|[from] item: Life Orb\n|move|p2a: Chi-Yu|Lava Plume|p1a: Flutter Mane|[spread] p1a,p1b\n|-damage|p1a: Flutter Mane|0 fnt\n|-damage|p1b: Ting-Lu|55\/100 slp\n|faint|p1a: Flutter Mane\n|-end|p1a: Flutter Mane|Protosynthesis|[silent]\n|cant|p1b: Ting-Lu|slp\n|\n|upkeep\n|turn|7\n|\n|t:|1682183552\n|move|p2a: Chi-Yu|Lava Plume|p1b: Ting-Lu\n|-damage|p1b: Ting-Lu|36\/100 slp\n|cant|p1b: Ting-Lu|slp\n|\n|upkeep\n|turn|8\n|\n|t:|1682183559\n|move|p2a: Chi-Yu|Lava Plume|p1b: Ting-Lu\n|-damage|p1b: Ting-Lu|16\/100 slp\n|cant|p1b: Ting-Lu|slp\n|\n|upkeep\n|turn|9\n|\n|t:|1682183566\n|move|p2a: Chi-Yu|Lava Plume|p1b: Ting-Lu\n|-damage|p1b: Ting-Lu|0 fnt\n|faint|p1b: Ting-Lu\n|\n|win|CaptJorgito\n|raw|MiggHD_Br's rating: 1159 → 1128<\/strong> (-31 for losing)\n|raw|CaptJorgito's rating: 1067 → 1105<\/strong> (+38 for winning)\n|c|\u2606MiggHD_Br|Gg\n|l|\u2606CaptJorgito\n","uploadtime":1682183585,"views":4,"p1id":"migghdbr","p2id":"captjorgito","formatid":"gen9vgc2023regulationc","rating":1105,"private":0,"password":""}