{"id":"gen9vgc2023regulationc-1859081420","p1":"KCXII","p2":"sucabaVGC","format":"[Gen 9] VGC 2023 Regulation C","log":"|j|\u2606KCXII\n|j|\u2606sucabaVGC\n|t:|1683402177\n|gametype|doubles\n|player|p1|KCXII|plasmagrunt|\n|player|p2|sucabaVGC|wattson|\n|teamsize|p1|6\n|teamsize|p2|6\n|gen|9\n|tier|[Gen 9] VGC 2023 Regulation C\n|rule|Species Clause: Limit one of each Pok\u00e9mon\n|rule|Item Clause: Limit one of each item\n|clearpoke\n|poke|p1|Armarouge, L50, M|\n|poke|p1|Misdreavus, L50, F|\n|poke|p1|Clauncher, L50, M|\n|poke|p1|Dragapult, L50, F|\n|poke|p1|Tinkaton, L50, F|\n|poke|p1|Indeedee-F, L50, F|\n|poke|p2|Sableye, L50, M|\n|poke|p2|Baxcalibur, L50, F|\n|poke|p2|Slowking, L50, M|\n|poke|p2|Mismagius, L50, M|\n|poke|p2|Great Tusk, L50|\n|poke|p2|Glimmora, L50, M|\n|teampreview|4\n|c|\u2606KCXII|G2\n|c|\u2606sucabaVGC|glhf\n|c|\u2606KCXII|good luck and have fun!\n|\n|t:|1683402761\n|start\n|switch|p1a: Dragapult|Dragapult, L50, F|100\/100\n|switch|p1b: Tinkaton|Tinkaton, L50, F|100\/100\n|switch|p2a: King Candy|Slowking, L50, M|100\/100\n|switch|p2b: Stitch|Sableye, L50, M|100\/100\n|turn|1\n|\n|t:|1683402788\n|move|p1b: Tinkaton|Fake Out|p2a: King Candy\n|-damage|p2a: King Candy|91\/100\n|move|p1a: Dragapult|Dragon Dance|p1a: Dragapult\n|-boost|p1a: Dragapult|atk|1\n|-boost|p1a: Dragapult|spe|1\n|move|p2b: Stitch|Snarl|p1a: Dragapult|[spread] p1a,p1b\n|-supereffective|p1a: Dragapult\n|-resisted|p1b: Tinkaton\n|-damage|p1a: Dragapult|76\/100\n|-damage|p1b: Tinkaton|95\/100\n|-unboost|p1b: Tinkaton|spa|1\n|move|p2a: King Candy|Ice Beam|p1a: Dragapult\n|-supereffective|p1a: Dragapult\n|-damage|p1a: Dragapult|11\/100\n|\n|upkeep\n|turn|2\n|\n|t:|1683402815\n|move|p1a: Dragapult|Protect|p1a: Dragapult\n|-singleturn|p1a: Dragapult|Protect\n|move|p2b: Stitch|Reflect|p2b: Stitch\n|-sidestart|p2: sucabaVGC|Reflect\n|move|p1b: Tinkaton|Play Rough|p2b: Stitch\n|-supereffective|p2b: Stitch\n|-damage|p2b: Stitch|57\/100\n|move|p2a: King Candy|Ice Beam|p1a: Dragapult\n|-activate|p1a: Dragapult|move: Protect\n|\n|upkeep\n|turn|3\n|\n|t:|1683402838\n|switch|p1a: Indeedee|Indeedee-F, L50, F|100\/100\n|-fieldstart|move: Psychic Terrain|[from] ability: Psychic Surge|[of] p1a: Indeedee\n|-enditem|p1a: Indeedee|Psychic Seed\n|-boost|p1a: Indeedee|spd|1|[from] item: Psychic Seed\n|move|p2a: King Candy|Protect|p2a: King Candy\n|-singleturn|p2a: King Candy|Protect\n|move|p1b: Tinkaton|Play Rough|p2b: Stitch\n|-supereffective|p2b: Stitch\n|-damage|p2b: Stitch|8\/100\n|move|p2b: Stitch|Snarl|p1b: Tinkaton|[spread] p1a,p1b\n|-supereffective|p1a: Indeedee\n|-resisted|p1b: Tinkaton\n|-damage|p1a: Indeedee|87\/100\n|-damage|p1b: Tinkaton|90\/100\n|-unboost|p1a: Indeedee|spa|1\n|-unboost|p1b: Tinkaton|spa|1\n|\n|upkeep\n|turn|4\n|\n|t:|1683402867\n|switch|p1b: Dragapult|Dragapult, L50, F|11\/100\n|move|p2b: Stitch|Light Screen|p2b: Stitch\n|-sidestart|p2: sucabaVGC|move: Light Screen\n|move|p1a: Indeedee|Dazzling Gleam|p2b: Stitch|[spread] p2a,p2b\n|-supereffective|p2b: Stitch\n|-damage|p2a: King Candy|87\/100\n|-damage|p2b: Stitch|0 fnt\n|faint|p2b: Stitch\n|move|p2a: King Candy|Nasty Plot|p2a: King Candy\n|-boost|p2a: King Candy|spa|2\n|\n|upkeep\n|\n|t:|1683402880\n|switch|p2b: Sulley|Baxcalibur, L50, F|100\/100\n|turn|5\n|\n|t:|1683402901\n|-terastallize|p2b: Sulley|Dark\n|move|p1a: Indeedee|Protect|p1a: Indeedee\n|-singleturn|p1a: Indeedee|Protect\n|move|p1b: Dragapult|Dragon Darts|p2b: Sulley\n|-damage|p2b: Sulley|85\/100\n|-anim|p1b: Dragapult|Dragon Darts|p2a: King Candy\n|-damage|p2a: King Candy|71\/100\n|move|p2b: Sulley|Crunch|p1a: Indeedee\n|-activate|p1a: Indeedee|move: Protect\n|move|p2a: King Candy|Ice Beam|p1b: Dragapult\n|-supereffective|p1b: Dragapult\n|-damage|p1b: Dragapult|0 fnt\n|faint|p1b: Dragapult\n|\n|upkeep\n|\n|t:|1683402922\n|switch|p1b: Armarouge|Armarouge, L50, M|100\/100\n|turn|6\n|\n|t:|1683402938\n|switch|p1a: Tinkaton|Tinkaton, L50, F|90\/100\n|-terastallize|p1b: Armarouge|Grass\n|move|p1b: Armarouge|Energy Ball|p2a: King Candy\n|-supereffective|p2a: King Candy\n|-damage|p2a: King Candy|19\/100\n|move|p2b: Sulley|Crunch|p1b: Armarouge\n|-damage|p1b: Armarouge|30\/100\n|-ability|p1b: Armarouge|Weak Armor|boost\n|-unboost|p1b: Armarouge|def|1\n|-boost|p1b: Armarouge|spe|2\n|-damage|p2b: Sulley|75\/100|[from] item: Life Orb\n|move|p2a: King Candy|Hydro Pump|p1a: Tinkaton\n|-damage|p1a: Tinkaton|0 fnt\n|faint|p1a: Tinkaton\n|\n|upkeep\n|\n|t:|1683402954\n|switch|p1a: Indeedee|Indeedee-F, L50, F|87\/100\n|turn|7\n|\n|t:|1683402968\n|move|p2a: King Candy|Protect|p2a: King Candy\n|-singleturn|p2a: King Candy|Protect\n|move|p1a: Indeedee|Follow Me|p1a: Indeedee\n|-singleturn|p1a: Indeedee|move: Follow Me\n|move|p1b: Armarouge|Armor Cannon|p2b: Sulley\n|-damage|p2b: Sulley|37\/100\n|-unboost|p1b: Armarouge|def|1\n|-unboost|p1b: Armarouge|spd|1\n|-ability|p2b: Sulley|Thermal Exchange|boost\n|-boost|p2b: Sulley|atk|1\n|move|p2b: Sulley|Crunch|p1a: Indeedee\n|-supereffective|p1a: Indeedee\n|-damage|p1a: Indeedee|0 fnt\n|faint|p1a: Indeedee\n|-damage|p2b: Sulley|27\/100|[from] item: Life Orb\n|\n|-fieldend|move: Psychic Terrain\n|upkeep\n|turn|8\n|\n|t:|1683402984\n|move|p1b: Armarouge|Armor Cannon|p2b: Sulley\n|-damage|p2b: Sulley|0 fnt\n|-unboost|p1b: Armarouge|def|1\n|-unboost|p1b: Armarouge|spd|1\n|faint|p2b: Sulley\n|move|p2a: King Candy|Ice Beam|p1b: Armarouge\n|-supereffective|p1b: Armarouge\n|-damage|p1b: Armarouge|0 fnt\n|faint|p1b: Armarouge\n|\n|win|sucabaVGC\n|c|\u2606KCXII|gg\n|c|\u2606sucabaVGC|ggs\n","uploadtime":1683403013,"views":49,"p1id":"kcxii","p2id":"sucabavgc","formatid":"gen9vgc2023regulationc","rating":0,"private":0,"password":""}