{"id":"gen9vgc2023regulationc-1851623941","p1":"Juli_gzez","p2":"Cubboy","format":"[Gen 9] VGC 2023 Regulation C","log":"|j|\u2606Juli_gzez\n|j|\u2606Cubboy\n|t:|1682462481\n|gametype|doubles\n|player|p1|Juli_gzez|170|1075\n|player|p2|Cubboy|170|1037\n|teamsize|p1|6\n|teamsize|p2|6\n|gen|9\n|tier|[Gen 9] VGC 2023 Regulation C\n|rated|\n|rule|Species Clause: Limit one of each Pok\u00e9mon\n|rule|Item Clause: Limit one of each item\n|clearpoke\n|poke|p1|Gholdengo, L50|\n|poke|p1|Amoonguss, L50, F|\n|poke|p1|Dragapult, L50, F|\n|poke|p1|Corviknight, L50, M|\n|poke|p1|Azumarill, L50, M|\n|poke|p1|Armarouge, L50, M|\n|poke|p2|Palafin, L50, F|\n|poke|p2|Staraptor, L50, F|\n|poke|p2|Garchomp, L50, F|\n|poke|p2|Amoonguss, L50, M|\n|poke|p2|Flutter Mane, L50|\n|poke|p2|Eelektross, L50, M|\n|teampreview|4\nJuli_gzez has agreed to open team sheets.\n|\n|t:|1682462536\n|start\n|switch|p1a: Otto|Gholdengo, L50|100\/100\n|switch|p1b: Toad|Amoonguss, L50, F|100\/100\n|switch|p2a: Palafin|Palafin, L50, F|100\/100\n|switch|p2b: Eelektross|Eelektross, L50, M|100\/100\n|turn|1\n|\n|t:|1682462568\n|move|p2a: Palafin|Close Combat|p1b: Toad\n|-resisted|p1b: Toad\n|-damage|p1b: Toad|90\/100\n|-unboost|p2a: Palafin|def|1\n|-unboost|p2a: Palafin|spd|1\n|-enditem|p2a: Palafin|Eject Pack\n|-damage|p2a: Palafin|84\/100|[from] item: Rocky Helmet|[of] p1b: Toad\n|\n|t:|1682462581\n|detailschange|p2a: Palafin|Palafin-Hero, L50, F\n|switch|p2a: Flutter Mane|Flutter Mane, L50|100\/100\n|-enditem|p2a: Flutter Mane|Booster Energy\n|-activate|p2a: Flutter Mane|ability: Protosynthesis|[fromitem]\n|-start|p2a: Flutter Mane|protosynthesisspe\n|move|p1a: Otto|Trick|p2a: Flutter Mane\n|-activate|p1a: Otto|move: Trick|[of] p2a: Flutter Mane\n|-item|p2a: Flutter Mane|Choice Specs|[from] move: Trick\n|-enditem|p1a: Otto|Choice Specs|[silent]|[from] move: Trick\n|move|p2b: Eelektross|U-turn|p1b: Toad\n|-damage|p1b: Toad|74\/100\n|-damage|p2b: Eelektross|84\/100|[from] item: Rocky Helmet|[of] p1b: Toad\n|\n|t:|1682462599\n|switch|p2b: Palafin|Palafin-Hero, L50, F|84\/100|[from] U-turn\n|-activate|p2b: Palafin|ability: Zero to Hero\n|move|p1b: Toad|Spore|p2a: Flutter Mane\n|-status|p2a: Flutter Mane|slp|[from] move: Spore\n|\n|upkeep\n|turn|2\n|\n|t:|1682462628\n|-terastallize|p2a: Flutter Mane|Fairy\n|move|p2b: Palafin|Jet Punch|p1a: Otto\n|-damage|p1a: Otto|55\/100\n|cant|p2a: Flutter Mane|slp\n|move|p1a: Otto|Make It Rain|p2a: Flutter Mane|[spread] p2a,p2b\n|-supereffective|p2a: Flutter Mane\n|-resisted|p2b: Palafin\n|-damage|p2a: Flutter Mane|2\/100 slp\n|-damage|p2b: Palafin|56\/100\n|-unboost|p1a: Otto|spa|1\n|move|p1b: Toad|Giga Drain|p2b: Palafin\n|-supereffective|p2b: Palafin\n|-damage|p2b: Palafin|4\/100\n|-heal|p1b: Toad|95\/100|[from] drain|[of] p2b: Palafin\n|\n|upkeep\n|turn|3\n|\n|t:|1682462668\n|cant|p2a: Flutter Mane|slp\n|move|p2b: Palafin|Wave Crash|p1a: Otto\n|-damage|p1a: Otto|0 fnt\n|faint|p1a: Otto\n|-damage|p2b: Palafin|0 fnt|[from] Recoil\n|faint|p2b: Palafin\n|move|p1b: Toad|Spore|p2a: Flutter Mane\n|-fail|p2a: Flutter Mane|slp\n|\n|upkeep\n|\n|t:|1682462685\n|switch|p2b: Eelektross|Eelektross, L50, M|84\/100\n|switch|p1a: Dragaqueee|Dragapult, L50, F|100\/100\n|turn|4\n|\n|t:|1682462709\n|cant|p2a: Flutter Mane|slp\n|move|p1a: Dragaqueee|Dragon Darts|p2b: Eelektross\n|-damage|p2b: Eelektross|43\/100\n|-anim|p1a: Dragaqueee|Dragon Darts|p2b: Eelektross\n|-damage|p2b: Eelektross|0 fnt\n|faint|p2b: Eelektross\n|move|p1b: Toad|Giga Drain|p2a: Flutter Mane\n|-damage|p2a: Flutter Mane|0 fnt\n|-heal|p1b: Toad|95\/100|[from] drain|[of] p2a: Flutter Mane\n|faint|p2a: Flutter Mane\n|-end|p2a: Flutter Mane|Protosynthesis|[silent]\n|\n|upkeep\n|\n|t:|1682462722\n|switch|p2b: Garchomp|Garchomp, L50, F|100\/100\n|turn|5\n|\n|t:|1682462731\n|move|p1a: Dragaqueee|Dragon Darts|p2b: Garchomp\n|-supereffective|p2b: Garchomp\n|-damage|p2b: Garchomp|38\/100\n|-anim|p1a: Dragaqueee|Dragon Darts|p2b: Garchomp\n|-supereffective|p2b: Garchomp\n|-damage|p2b: Garchomp|0 fnt\n|faint|p2b: Garchomp\n|\n|win|Juli_gzez\n|raw|Juli_gzez's rating: 1075 → 1101<\/strong> (+26 for winning)\n|raw|Cubboy's rating: 1037 → 1023<\/strong> (-14 for losing)\n|l|\u2606Cubboy\n","uploadtime":1682462740,"views":23,"p1id":"juligzez","p2id":"cubboy","formatid":"gen9vgc2023regulationc","rating":1023,"private":0,"password":""}