{"id":"gen9vgc2023regulationc-1860601410","p1":"poopmypanties","p2":"Cooperhawk10","format":"[Gen 9] VGC 2023 Regulation C","log":"|j|\u203dpoopmypanties\n|j|\u2606Cooperhawk10\n|t:|1683658027\n|gametype|doubles\n|player|p1|poopmypanties|bugsy|1169\n|player|p2|Cooperhawk10|cynthia-gen4|1160\n|teamsize|p1|6\n|teamsize|p2|6\n|gen|9\n|tier|[Gen 9] VGC 2023 Regulation C\n|rated|\n|rule|Species Clause: Limit one of each Pok\u00e9mon\n|rule|Item Clause: Limit one of each item\n|clearpoke\n|poke|p1|Chi-Yu, L50|\n|poke|p1|Ting-Lu, L50|\n|poke|p1|Gyarados, L50, F|\n|poke|p1|Flutter Mane, L50|\n|poke|p1|Annihilape, L50, M|\n|poke|p1|Maushold-Four, L50|\n|poke|p2|Haxorus, L50, M|\n|poke|p2|Ting-Lu, L50|\n|poke|p2|Chien-Pao, L50|\n|poke|p2|Arcanine, L50, F|\n|poke|p2|Grimmsnarl, L50, M|\n|poke|p2|Wo-Chien, L50|\n|teampreview|4\n|inactive|Battle timer is ON: inactive players will automatically lose when time's up. (requested by poopmypanties)\nCooperhawk10 has agreed to open team sheets.\n|inactive|poopmypanties has 60 seconds left.\n|inactive|Cooperhawk10 has 60 seconds left.\n|\n|t:|1683658065\n|start\n|switch|p1a: Annihilape|Annihilape, L50, M|100\/100\n|switch|p1b: Gyarados|Gyarados, L50, F|100\/100\n|switch|p2a: Arcanine|Arcanine, L50, F|100\/100\n|switch|p2b: Grimmsnarl|Grimmsnarl, L50, M|100\/100\n|-ability|p1b: Gyarados|Intimidate|boost\n|-unboost|p2a: Arcanine|atk|1\n|-unboost|p2b: Grimmsnarl|atk|1\n|-ability|p2a: Arcanine|Intimidate|boost\n|-unboost|p1a: Annihilape|atk|1\n|-ability|p1a: Annihilape|Defiant|boost\n|-boost|p1a: Annihilape|atk|2\n|-unboost|p1b: Gyarados|atk|1\n|turn|1\n|\n|t:|1683658084\n|-terastallize|p1a: Annihilape|Fire\n|move|p2b: Grimmsnarl|Reflect|p2b: Grimmsnarl\n|-sidestart|p2: Cooperhawk10|Reflect\n|move|p1b: Gyarados|Waterfall|p2a: Arcanine\n|-supereffective|p2a: Arcanine\n|-damage|p2a: Arcanine|72\/100\n|move|p2a: Arcanine|Will-O-Wisp|p1a: Annihilape|[miss]\n|-miss|p2a: Arcanine|p1a: Annihilape\n|move|p1a: Annihilape|Bulk Up|p1a: Annihilape\n|-boost|p1a: Annihilape|atk|1\n|-boost|p1a: Annihilape|def|1\n|\n|upkeep\n|turn|2\n|inactive|Cooperhawk10 has 30 seconds left.\n|\n|t:|1683658114\n|move|p2b: Grimmsnarl|Thunder Wave|p1a: Annihilape\n|-status|p1a: Annihilape|par\n|move|p1b: Gyarados|Taunt|p2b: Grimmsnarl\n|-start|p2b: Grimmsnarl|move: Taunt\n|move|p2a: Arcanine|Will-O-Wisp|p1b: Gyarados\n|-status|p1b: Gyarados|brn\n|-enditem|p1b: Gyarados|Lum Berry|[eat]\n|-curestatus|p1b: Gyarados|brn|[msg]\n|move|p1a: Annihilape|Bulk Up|p1a: Annihilape\n|-boost|p1a: Annihilape|atk|1\n|-boost|p1a: Annihilape|def|1\n|\n|upkeep\n|turn|3\n|\n|t:|1683658135\n|switch|p2b: Wo-Chien|Wo-Chien, L50|100\/100\n|-ability|p2b: Wo-Chien|Tablets of Ruin\n|move|p1b: Gyarados|Waterfall|p2b: Wo-Chien\n|-resisted|p2b: Wo-Chien\n|-damage|p2b: Wo-Chien|96\/100\n|move|p2a: Arcanine|Flare Blitz|p1a: Annihilape\n|-resisted|p1a: Annihilape\n|-damage|p1a: Annihilape|94\/100 par\n|-damage|p2a: Arcanine|70\/100|[from] Recoil\n|move|p1a: Annihilape|Drain Punch|p2a: Arcanine\n|-damage|p2a: Arcanine|27\/100\n|-heal|p1a: Annihilape|100\/100 par|[from] drain|[of] p2a: Arcanine\n|\n|upkeep\n|turn|4\n|\n|t:|1683658153\n|-terastallize|p2b: Wo-Chien|Poison\n|move|p2a: Arcanine|Protect|p2a: Arcanine\n|-singleturn|p2a: Arcanine|Protect\n|move|p1b: Gyarados|Taunt|p2b: Wo-Chien\n|-start|p2b: Wo-Chien|move: Taunt\n|cant|p2b: Wo-Chien|move: Taunt|Leech Seed\n|move|p1a: Annihilape|Drain Punch|p2b: Wo-Chien\n|-resisted|p2b: Wo-Chien\n|-damage|p2b: Wo-Chien|80\/100\n|\n|upkeep\n|turn|5\n|\n|t:|1683658172\n|switch|p1b: Maushold|Maushold-Four, L50, shiny|100\/100\n|switch|p2a: Ting-Lu|Ting-Lu, L50|100\/100\n|-ability|p2a: Ting-Lu|Vessel of Ruin\n|move|p2b: Wo-Chien|Pollen Puff|p1a: Annihilape\n|-resisted|p1a: Annihilape\n|-damage|p1a: Annihilape|97\/100 par\n|cant|p1a: Annihilape|par\n|\n|-heal|p1a: Annihilape|100\/100 par|[from] item: Leftovers\n|upkeep\n|turn|6\n|\n|t:|1683658189\n|switch|p2b: Grimmsnarl|Grimmsnarl, L50, M|100\/100\n|move|p1b: Maushold|Super Fang|p2a: Ting-Lu|[miss]\n|-miss|p1b: Maushold|p2a: Ting-Lu\n|move|p2a: Ting-Lu|Fissure|p1a: Annihilape|[miss]\n|-miss|p2a: Ting-Lu|p1a: Annihilape\n|move|p1a: Annihilape|Drain Punch|p2a: Ting-Lu\n|-supereffective|p2a: Ting-Lu\n|-damage|p2a: Ting-Lu|36\/100\n|\n|-heal|p2a: Ting-Lu|43\/100|[from] item: Leftovers\n|upkeep\n|turn|7\n|\n|t:|1683658210\n|switch|p1b: Gyarados|Gyarados, L50, F|100\/100\n|-ability|p1b: Gyarados|Intimidate|boost\n|-unboost|p2a: Ting-Lu|atk|1\n|-unboost|p2b: Grimmsnarl|atk|1\n|move|p2a: Ting-Lu|Protect|p2a: Ting-Lu\n|-singleturn|p2a: Ting-Lu|Protect\n|cant|p1a: Annihilape|par\n|move|p2b: Grimmsnarl|Thunder Wave|p1b: Gyarados|[miss]\n|-miss|p2b: Grimmsnarl|p1b: Gyarados\n|\n|-heal|p2a: Ting-Lu|49\/100|[from] item: Leftovers\n|upkeep\n|turn|8\n|\n|t:|1683658226\n|move|p2b: Grimmsnarl|Thunder Wave|p1b: Gyarados\n|-status|p1b: Gyarados|par\n|cant|p1b: Gyarados|par\n|move|p2a: Ting-Lu|Fissure|p1a: Annihilape\n|-damage|p1a: Annihilape|0 fnt\n|faint|p1a: Annihilape\n|-ohko\n|\n|-heal|p2a: Ting-Lu|55\/100|[from] item: Leftovers\n|-sideend|p2: Cooperhawk10|Reflect\n|upkeep\n|\n|t:|1683658242\n|switch|p1a: Maushold|Maushold-Four, L50, shiny|100\/100\n|turn|9\n|c|\u2606Cooperhawk10|30% of the time\n|c|\u2606Cooperhawk10|it works every time\n|\n|t:|1683658263\n|switch|p2a: Arcanine|Arcanine, L50, F|27\/100\n|-ability|p2a: Arcanine|Intimidate|boost\n|-unboost|p1a: Maushold|atk|1\n|-unboost|p1b: Gyarados|atk|1\n|move|p2b: Grimmsnarl|Thunder Wave|p1a: Maushold\n|-status|p1a: Maushold|par\n|move|p1b: Gyarados|Taunt|p2b: Grimmsnarl\n|-start|p2b: Grimmsnarl|move: Taunt\n|move|p1a: Maushold|Super Fang|p2b: Grimmsnarl\n|-damage|p2b: Grimmsnarl|50\/100\n|\n|upkeep\n|turn|10\n|inactive|poopmypanties has 30 seconds left.\n|inactive|poopmypanties has 20 seconds left.\n|\n|t:|1683658300\n|move|p2a: Arcanine|Flare Blitz|p1a: Maushold\n|-damage|p1a: Maushold|51\/100 par\n|-damage|p2a: Arcanine|12\/100|[from] Recoil\n|move|p2b: Grimmsnarl|Spirit Break|p1b: Gyarados\n|-damage|p1b: Gyarados|85\/100 par\n|-unboost|p1b: Gyarados|spa|1\n|cant|p1b: Gyarados|par\n|cant|p1a: Maushold|par\n|\n|upkeep\n|turn|11\n|\n|t:|1683658317\n|move|p1a: Maushold|Protect|p1a: Maushold\n|-singleturn|p1a: Maushold|Protect\n|move|p2a: Arcanine|Flare Blitz|p1a: Maushold\n|-activate|p1a: Maushold|move: Protect\n|move|p2b: Grimmsnarl|Spirit Break|p1a: Maushold\n|-activate|p1a: Maushold|move: Protect\n|cant|p1b: Gyarados|par\n|\n|upkeep\n|turn|12\n|\n|t:|1683658341\n|move|p1a: Maushold|Follow Me|p1a: Maushold\n|-singleturn|p1a: Maushold|move: Follow Me\n|move|p2a: Arcanine|Flare Blitz|p1a: Maushold\n|-damage|p1a: Maushold|0 fnt\n|faint|p1a: Maushold\n|-damage|p2a: Arcanine|0 fnt|[from] Recoil\n|faint|p2a: Arcanine\n|move|p2b: Grimmsnarl|Spirit Break|p1b: Gyarados\n|-damage|p1b: Gyarados|62\/100 par\n|-unboost|p1b: Gyarados|spa|1\n|move|p1b: Gyarados|Waterfall|p2b: Grimmsnarl\n|-damage|p2b: Grimmsnarl|27\/100\n|\n|-end|p2b: Grimmsnarl|move: Taunt\n|upkeep\n|\n|t:|1683658357\n|switch|p1a: Flutter Mane|Flutter Mane, L50|100\/100\n|switch|p2a: Wo-Chien|Wo-Chien, L50, tera:Poison|80\/100\n|-ability|p2a: Wo-Chien|Tablets of Ruin\n|turn|13\n|\n|t:|1683658368\n|move|p2b: Grimmsnarl|Light Screen|p2b: Grimmsnarl\n|-sidestart|p2: Cooperhawk10|move: Light Screen\n|move|p1a: Flutter Mane|Shadow Ball|p2a: Wo-Chien\n|-damage|p2a: Wo-Chien|55\/100\n|move|p2a: Wo-Chien|Leech Seed|p1b: Gyarados\n|-start|p1b: Gyarados|move: Leech Seed\n|cant|p1b: Gyarados|par\n|\n|-damage|p1b: Gyarados|50\/100 par|[from] Leech Seed|[of] p2a: Wo-Chien\n|-heal|p2a: Wo-Chien|71\/100|[silent]\n|upkeep\n|turn|14\n|-message|poopmypanties forfeited.\n|\n|win|Cooperhawk10\n|raw|poopmypanties's rating: 1169 → 1143<\/strong> (-26 for losing)\n|raw|Cooperhawk10's rating: 1160 → 1186<\/strong> (+26 for winning)\n|l|\u203dpoopmypanties\n","uploadtime":1683658382,"views":16,"p1id":"poopmypanties","p2id":"cooperhawk10","formatid":"gen9vgc2023regulationc","rating":1143,"private":0,"password":""}