{"id":"gen9vgc2023regulationc-1845060162","p1":"Kiriziio","p2":"Usergius17","format":"[Gen 9] VGC 2023 Regulation C","log":"|j|\u2606Kiriziio\n|j|\u2606Usergius17\n|t:|1681678999\n|gametype|doubles\n|player|p1|Kiriziio|lance|1121\n|player|p2|Usergius17|colress|1178\n|teamsize|p1|6\n|teamsize|p2|6\n|gen|9\n|tier|[Gen 9] VGC 2023 Regulation C\n|rated|\n|rule|Species Clause: Limit one of each Pok\u00e9mon\n|rule|Item Clause: Limit one of each item\n|clearpoke\n|poke|p1|Wo-Chien, L50|\n|poke|p1|Volcarona, L50, M|\n|poke|p1|Glimmora, L50, F|\n|poke|p1|Grimmsnarl, L50, M|\n|poke|p1|Iron Hands, L50|\n|poke|p1|Gyarados, L50, M|\n|poke|p2|Rotom-Heat, L50|\n|poke|p2|Hydreigon, L50, F|\n|poke|p2|Annihilape, L50, F|\n|poke|p2|Tinkaton, L50, F|\n|poke|p2|Kingambit, L50, M|\n|poke|p2|Azumarill, L50, M|\n|teampreview|4\n|inactive|Battle timer is ON: inactive players will automatically lose when time's up. (requested by Usergius17)\n|\n|t:|1681679040\n|start\n|switch|p1a: Iron Hands|Iron Hands, L50|100\/100\n|switch|p1b: Grimmsnarl|Grimmsnarl, L50, M, shiny|100\/100\n|switch|p2a: Rotom|Rotom-Heat, L50|100\/100\n|switch|p2b: Tinkaton|Tinkaton, L50, F|100\/100\n|-ability|p2b: Tinkaton|Mold Breaker\n|turn|1\n|\n|t:|1681679057\n|move|p2b: Tinkaton|Fake Out|p1a: Iron Hands\n|-damage|p1a: Iron Hands|96\/100\n|move|p1b: Grimmsnarl|Fake Out|p2b: Tinkaton\n|-resisted|p2b: Tinkaton\n|-damage|p2b: Tinkaton|93\/100\n|cant|p1a: Iron Hands|flinch\n|move|p2a: Rotom|Trick|p1b: Grimmsnarl\n|-activate|p2a: Rotom|move: Trick|[of] p1b: Grimmsnarl\n|-item|p1b: Grimmsnarl|Choice Scarf|[from] move: Trick\n|-item|p2a: Rotom|Light Clay|[from] move: Trick\n|\n|upkeep\n|turn|2\n|inactive|Kiriziio has 30 seconds left.\n|\n|t:|1681679091\n|move|p1b: Grimmsnarl|Parting Shot|p2b: Tinkaton\n|-unboost|p2b: Tinkaton|atk|1\n|-unboost|p2b: Tinkaton|spa|1\n|\n|t:|1681679099\n|switch|p1b: Volcarona|Volcarona, L50, M, shiny|100\/100|[from] Parting Shot\n|move|p2a: Rotom|Trick|p1a: Iron Hands\n|-activate|p2a: Rotom|move: Trick|[of] p1a: Iron Hands\n|-item|p1a: Iron Hands|Light Clay|[from] move: Trick\n|-item|p2a: Rotom|Assault Vest|[from] move: Trick\n|move|p2b: Tinkaton|Thunder Wave|p1b: Volcarona\n|-status|p1b: Volcarona|par\n|move|p1a: Iron Hands|Drain Punch|p2a: Rotom\n|-damage|p2a: Rotom|39\/100\n|-heal|p1a: Iron Hands|100\/100|[from] drain|[of] p2a: Rotom\n|\n|upkeep\n|turn|3\n|inactive|Kiriziio has 30 seconds left.\n|\n|t:|1681679126\n|move|p2b: Tinkaton|Protect|p2b: Tinkaton\n|-singleturn|p2b: Tinkaton|Protect\n|move|p2a: Rotom|Volt Switch|p1b: Volcarona\n|-damage|p1b: Volcarona|69\/100 par\n|\n|t:|1681679133\n|switch|p2a: Annihilape|Annihilape, L50, F|100\/100|[from] Volt Switch\n|move|p1b: Volcarona|Quiver Dance|p1b: Volcarona\n|-boost|p1b: Volcarona|spa|1\n|-boost|p1b: Volcarona|spd|1\n|-boost|p1b: Volcarona|spe|1\n|move|p1a: Iron Hands|Drain Punch|p2a: Annihilape\n|-immune|p2a: Annihilape\n|\n|-heal|p1b: Volcarona|75\/100 par|[from] item: Leftovers\n|upkeep\n|turn|4\n|inactive|Usergius17 has 30 seconds left.\n|\n|t:|1681679167\n|switch|p2b: Rotom|Rotom-Heat, L50|39\/100\n|cant|p1b: Volcarona|par\n|move|p2a: Annihilape|Rage Fist|p1b: Volcarona\n|-damage|p1b: Volcarona|40\/100 par\n|move|p1a: Iron Hands|Drain Punch|p2b: Rotom\n|-damage|p2b: Rotom|0 fnt\n|faint|p2b: Rotom\n|\n|-heal|p1b: Volcarona|47\/100 par|[from] item: Leftovers\n|upkeep\n|\n|t:|1681679184\n|switch|p2b: Tinkaton|Tinkaton, L50, F|93\/100\n|-ability|p2b: Tinkaton|Mold Breaker\n|turn|5\n|\n|t:|1681679195\n|-end|p1a: Iron Hands|Quark Drive|[silent]\n|switch|p1a: Grimmsnarl|Grimmsnarl, L50, M, shiny|100\/100\n|move|p1b: Volcarona|Protect|p1b: Volcarona\n|-singleturn|p1b: Volcarona|Protect\n|move|p2b: Tinkaton|Fake Out|p1b: Volcarona\n|-activate|p1b: Volcarona|move: Protect\n|move|p2a: Annihilape|Drain Punch|p1a: Grimmsnarl\n|-damage|p1a: Grimmsnarl|61\/100\n|\n|-heal|p1b: Volcarona|53\/100 par|[from] item: Leftovers\n|upkeep\n|turn|6\n|inactive|Usergius17 has 30 seconds left.\n|inactive|Usergius17 has 20 seconds left.\n|inactive|Usergius17 has 15 seconds left.\n|\n|t:|1681679236\n|move|p2b: Tinkaton|Gigaton Hammer|p1a: Grimmsnarl\n|-supereffective|p1a: Grimmsnarl\n|-damage|p1a: Grimmsnarl|0 fnt\n|faint|p1a: Grimmsnarl\n|move|p1b: Volcarona|Fiery Dance|p2a: Annihilape\n|-damage|p2a: Annihilape|46\/100\n|-boost|p1b: Volcarona|spa|1\n|move|p2a: Annihilape|Rage Fist|p1b: Volcarona\n|-crit|p1b: Volcarona\n|-damage|p1b: Volcarona|0 fnt\n|faint|p1b: Volcarona\n|\n|-heal|p2a: Annihilape|52\/100|[from] item: Leftovers\n|upkeep\n|\n|t:|1681679247\n|switch|p1b: Wo-Chien|Wo-Chien, L50|100\/100\n|switch|p1a: Iron Hands|Iron Hands, L50|100\/100\n|-ability|p1b: Wo-Chien|Tablets of Ruin\n|turn|7\n|inactive|Kiriziio has 30 seconds left.\n|\n|t:|1681679277\n|move|p2a: Annihilape|Protect|p2a: Annihilape\n|-singleturn|p2a: Annihilape|Protect\n|move|p2b: Tinkaton|Thunder Wave|p1b: Wo-Chien|[miss]\n|-miss|p2b: Tinkaton|p1b: Wo-Chien\n|move|p1b: Wo-Chien|Leech Seed|p2a: Annihilape\n|-activate|p2a: Annihilape|move: Protect\n|move|p1a: Iron Hands|Wild Charge|p2a: Annihilape\n|-activate|p2a: Annihilape|move: Protect\n|\n|-heal|p2a: Annihilape|58\/100|[from] item: Leftovers\n|upkeep\n|turn|8\n|inactive|Usergius17 has 30 seconds left.\n|inactive|Usergius17 has 20 seconds left.\n|inactive|Usergius17 has 15 seconds left.\n|inactive|Usergius17 has 10 seconds left.\n|\n|t:|1681679327\n|switch|p2b: Hydreigon|Hydreigon, L50, F|100\/100\n|move|p1b: Wo-Chien|Protect|p1b: Wo-Chien\n|-singleturn|p1b: Wo-Chien|Protect\n|move|p2a: Annihilape|Drain Punch|p1b: Wo-Chien\n|-activate|p1b: Wo-Chien|move: Protect\n|move|p1a: Iron Hands|Wild Charge|p2a: Annihilape\n|-damage|p2a: Annihilape|21\/100\n|-damage|p1a: Iron Hands|93\/100|[from] Recoil\n|\n|-heal|p2a: Annihilape|27\/100|[from] item: Leftovers\n|upkeep\n|turn|9\n|inactive|Kiriziio has 30 seconds left.\n|\n|t:|1681679355\n|-terastallize|p1b: Wo-Chien|Water\n|move|p2b: Hydreigon|Draco Meteor|p1a: Iron Hands\n|-crit|p1a: Iron Hands\n|-damage|p1a: Iron Hands|0 fnt\n|-unboost|p2b: Hydreigon|spa|2\n|faint|p1a: Iron Hands\n|-end|p1a: Iron Hands|Quark Drive|[silent]\n|-damage|p2b: Hydreigon|91\/100|[from] item: Life Orb\n|move|p2a: Annihilape|Drain Punch|p1b: Wo-Chien\n|-damage|p1b: Wo-Chien|79\/100\n|-heal|p2a: Annihilape|37\/100|[from] drain|[of] p1b: Wo-Chien\n|move|p1b: Wo-Chien|Leech Seed|p2b: Hydreigon\n|-start|p2b: Hydreigon|move: Leech Seed\n|\n|-heal|p2a: Annihilape|43\/100|[from] item: Leftovers\n|-damage|p2b: Hydreigon|78\/100|[from] Leech Seed|[of] p1b: Wo-Chien\n|-heal|p1b: Wo-Chien|91\/100|[silent]\n|upkeep\n|turn|10\n|inactive|Usergius17 has 30 seconds left.\n|\n|t:|1681679381\n|move|p2b: Hydreigon|Dark Pulse|p1b: Wo-Chien\n|-damage|p1b: Wo-Chien|75\/100\n|-damage|p2b: Hydreigon|69\/100|[from] item: Life Orb\n|move|p2a: Annihilape|Rage Fist|p1b: Wo-Chien\n|-damage|p1b: Wo-Chien|25\/100\n|-enditem|p1b: Wo-Chien|Sitrus Berry|[eat]\n|-heal|p1b: Wo-Chien|49\/100|[from] item: Sitrus Berry\n|move|p1b: Wo-Chien|Leech Seed|p2a: Annihilape\n|-start|p2a: Annihilape|move: Leech Seed\n|\n|-heal|p2a: Annihilape|50\/100|[from] item: Leftovers\n|-damage|p2b: Hydreigon|56\/100|[from] Leech Seed|[of] p1b: Wo-Chien\n|-heal|p1b: Wo-Chien|61\/100|[silent]\n|-damage|p2a: Annihilape|37\/100|[from] Leech Seed|[of] p1b: Wo-Chien\n|-heal|p1b: Wo-Chien|75\/100|[silent]\n|upkeep\n|turn|11\n|\n|t:|1681679402\n|move|p2b: Hydreigon|Dark Pulse|p1b: Wo-Chien\n|-damage|p1b: Wo-Chien|60\/100\n|-damage|p2b: Hydreigon|47\/100|[from] item: Life Orb\n|move|p2a: Annihilape|Rage Fist|p1b: Wo-Chien\n|-damage|p1b: Wo-Chien|9\/100\n|move|p1b: Wo-Chien|Giga Drain|p2a: Annihilape\n|-damage|p2a: Annihilape|17\/100\n|-heal|p1b: Wo-Chien|20\/100|[from] drain|[of] p2a: Annihilape\n|\n|-heal|p2a: Annihilape|23\/100|[from] item: Leftovers\n|-damage|p2b: Hydreigon|34\/100|[from] Leech Seed|[of] p1b: Wo-Chien\n|-heal|p1b: Wo-Chien|32\/100|[silent]\n|-damage|p2a: Annihilape|11\/100|[from] Leech Seed|[of] p1b: Wo-Chien\n|-heal|p1b: Wo-Chien|46\/100|[silent]\n|upkeep\n|turn|12\n|\n|t:|1681679424\n|move|p1b: Wo-Chien|Protect|p1b: Wo-Chien\n|-singleturn|p1b: Wo-Chien|Protect\n|move|p2b: Hydreigon|Draco Meteor|p1b: Wo-Chien\n|-activate|p1b: Wo-Chien|move: Protect\n|move|p2a: Annihilape|Rage Fist|p1b: Wo-Chien\n|-activate|p1b: Wo-Chien|move: Protect\n|\n|-heal|p2a: Annihilape|17\/100|[from] item: Leftovers\n|-damage|p2b: Hydreigon|22\/100|[from] Leech Seed|[of] p1b: Wo-Chien\n|-heal|p1b: Wo-Chien|58\/100|[silent]\n|-damage|p2a: Annihilape|4\/100|[from] Leech Seed|[of] p1b: Wo-Chien\n|-heal|p1b: Wo-Chien|72\/100|[silent]\n|upkeep\n|turn|13\n|\n|t:|1681679443\n|move|p1b: Wo-Chien|Protect|p1b: Wo-Chien\n|-singleturn|p1b: Wo-Chien|Protect\n|move|p2b: Hydreigon|Draco Meteor|p1b: Wo-Chien\n|-activate|p1b: Wo-Chien|move: Protect\n|move|p2a: Annihilape|Rage Fist|p1b: Wo-Chien\n|-activate|p1b: Wo-Chien|move: Protect\n|\n|-heal|p2a: Annihilape|11\/100|[from] item: Leftovers\n|-damage|p2b: Hydreigon|10\/100|[from] Leech Seed|[of] p1b: Wo-Chien\n|-heal|p1b: Wo-Chien|84\/100|[silent]\n|-damage|p2a: Annihilape|0 fnt|[from] Leech Seed|[of] p1b: Wo-Chien\n|-heal|p1b: Wo-Chien|95\/100|[silent]\n|faint|p2a: Annihilape\n|upkeep\n|\n|t:|1681679457\n|switch|p2a: Tinkaton|Tinkaton, L50, F|93\/100\n|-ability|p2a: Tinkaton|Mold Breaker\n|turn|14\n|\n|t:|1681679466\n|move|p2a: Tinkaton|Fake Out|p1b: Wo-Chien\n|-damage|p1b: Wo-Chien|89\/100\n|move|p2b: Hydreigon|Draco Meteor|p1b: Wo-Chien\n|-damage|p1b: Wo-Chien|62\/100\n|-unboost|p2b: Hydreigon|spa|2\n|-damage|p2b: Hydreigon|0 fnt|[from] item: Life Orb\n|faint|p2b: Hydreigon\n|cant|p1b: Wo-Chien|flinch\n|\n|upkeep\n|turn|15\n|\n|t:|1681679480\n|move|p2a: Tinkaton|Thunder Wave|p1b: Wo-Chien\n|-status|p1b: Wo-Chien|par\n|move|p1b: Wo-Chien|Leech Seed|p2a: Tinkaton\n|-start|p2a: Tinkaton|move: Leech Seed\n|\n|-damage|p2a: Tinkaton|80\/100|[from] Leech Seed|[of] p1b: Wo-Chien\n|-heal|p1b: Wo-Chien|74\/100 par|[silent]\n|upkeep\n|turn|16\n|\n|t:|1681679492\n|move|p1b: Wo-Chien|Protect|p1b: Wo-Chien\n|-singleturn|p1b: Wo-Chien|Protect\n|move|p2a: Tinkaton|Gigaton Hammer|p1b: Wo-Chien\n|-activate|p1b: Wo-Chien|move: Protect\n|\n|-damage|p2a: Tinkaton|68\/100|[from] Leech Seed|[of] p1b: Wo-Chien\n|-heal|p1b: Wo-Chien|86\/100 par|[silent]\n|upkeep\n|turn|17\n|\n|t:|1681679502\n|move|p2a: Tinkaton|Protect|p2a: Tinkaton\n|-singleturn|p2a: Tinkaton|Protect\n|move|p1b: Wo-Chien|Giga Drain|p2a: Tinkaton\n|-activate|p2a: Tinkaton|move: Protect\n|\n|-damage|p2a: Tinkaton|55\/100|[from] Leech Seed|[of] p1b: Wo-Chien\n|-heal|p1b: Wo-Chien|98\/100 par|[silent]\n|upkeep\n|turn|18\n|\n|t:|1681679510\n|move|p2a: Tinkaton|Protect||[still]\n|-fail|p2a: Tinkaton\n|move|p1b: Wo-Chien|Giga Drain|p2a: Tinkaton\n|-resisted|p2a: Tinkaton\n|-damage|p2a: Tinkaton|43\/100\n|-heal|p1b: Wo-Chien|100\/100 par|[from] drain|[of] p2a: Tinkaton\n|-enditem|p2a: Tinkaton|Sitrus Berry|[eat]\n|-heal|p2a: Tinkaton|68\/100|[from] item: Sitrus Berry\n|\n|-damage|p2a: Tinkaton|56\/100|[from] Leech Seed|[of] p1b: Wo-Chien\n|upkeep\n|turn|19\n|-message|Usergius17 forfeited.\n|\n|win|Kiriziio\n|raw|Kiriziio's rating: 1121 → 1150<\/strong> (+29 for winning)\n|raw|Usergius17's rating: 1178 → 1149<\/strong> (-29 for losing)\n|l|\u2606Usergius17\n","uploadtime":1681679520,"views":7,"p1id":"kiriziio","p2id":"usergius17","formatid":"gen9vgc2023regulationc","rating":1149,"private":0,"password":""}