{"id":"gen9vgc2023regulationc-1848122614","p1":"TooTz","p2":"OUDJ flamigo","format":"[Gen 9] VGC 2023 Regulation C","log":"|j|\u2606TooTz\n|j|\u2606OUDJ flamigo\n|t:|1682032312\n|gametype|doubles\n|player|p1|TooTz|thorton|1075\n|player|p2|OUDJ flamigo|unknownf|1083\n|teamsize|p1|6\n|teamsize|p2|6\n|gen|9\n|tier|[Gen 9] VGC 2023 Regulation C\n|rated|\n|rule|Species Clause: Limit one of each Pok\u00e9mon\n|rule|Item Clause: Limit one of each item\n|clearpoke\n|poke|p1|Cyclizar, L50, M|\n|poke|p1|Amoonguss, L50, F|\n|poke|p1|Annihilape, L50, M|\n|poke|p1|Maushold, L50|\n|poke|p1|Arcanine, L50, M|\n|poke|p1|Kilowattrel, L50, M|\n|poke|p2|Annihilape, L50, F|\n|poke|p2|Orthworm, L50, F|\n|poke|p2|Tinkaton, L50, F|\n|poke|p2|Roaring Moon, L50|\n|poke|p2|Flamigo, L50, F|\n|poke|p2|Kingambit, L50, M|\n|teampreview|4\n|inactive|Battle timer is ON: inactive players will automatically lose when time's up. (requested by TooTz)\n|inactive|OUDJ flamigo also wants the timer to be on.\n|\n|t:|1682032330\n|start\n|switch|p1a: Amoonguss|Amoonguss, L50, F, shiny|100\/100\n|switch|p1b: Annihilape|Annihilape, L50, M, shiny|100\/100\n|switch|p2a: Tinkaton|Tinkaton, L50, F|100\/100\n|switch|p2b: Flamigo|Flamigo, L50, F|100\/100\n|-ability|p2a: Tinkaton|Mold Breaker\n|turn|1\n|\n|t:|1682032346\n|move|p1b: Annihilape|Protect|p1b: Annihilape\n|-singleturn|p1b: Annihilape|Protect\n|move|p2a: Tinkaton|Reflect|p2a: Tinkaton\n|-sidestart|p2: OUDJ flamigo|Reflect\n|move|p2b: Flamigo|Taunt|p1a: Amoonguss\n|-start|p1a: Amoonguss|move: Taunt\n|cant|p1a: Amoonguss|move: Taunt|Spore\n|\n|upkeep\n|turn|2\n|\n|t:|1682032367\n|switch|p1a: Maushold|Maushold, L50|100\/100\n|-terastallize|p1b: Annihilape|Fire\n|move|p2a: Tinkaton|Gigaton Hammer|p1b: Annihilape\n|-resisted|p1b: Annihilape\n|-damage|p1b: Annihilape|80\/100\n|move|p2b: Flamigo|Brave Bird|p1b: Annihilape\n|-crit|p1b: Annihilape\n|-damage|p1b: Annihilape|0 fnt\n|faint|p1b: Annihilape\n|-damage|p2b: Flamigo|65\/100|[from] Recoil\n|-damage|p2b: Flamigo|55\/100|[from] item: Life Orb\n|\n|upkeep\n|\n|t:|1682032382\n|switch|p1b: Arcanine|Arcanine, L50, M, shiny|100\/100\n|turn|3\n|\n|t:|1682032398\n|switch|p2a: Orthworm|Orthworm, L50, F|100\/100\n|move|p1a: Maushold|Beat Up|p1b: Arcanine\n|-damage|p1b: Arcanine|99\/100\n|-ability|p1b: Arcanine|Justified|boost\n|-boost|p1b: Arcanine|atk|1\n|-crit|p1b: Arcanine\n|-damage|p1b: Arcanine|94\/100\n|-ability|p1b: Arcanine|Justified|boost\n|-boost|p1b: Arcanine|atk|1\n|-damage|p1b: Arcanine|93\/100\n|-ability|p1b: Arcanine|Justified|boost\n|-boost|p1b: Arcanine|atk|1\n|-hitcount|p1b: Arcanine|3\n|move|p2b: Flamigo|Close Combat|p1b: Arcanine\n|-damage|p1b: Arcanine|34\/100\n|-unboost|p2b: Flamigo|def|1\n|-unboost|p2b: Flamigo|spd|1\n|-damage|p2b: Flamigo|46\/100|[from] item: Life Orb\n|move|p1b: Arcanine|Flare Blitz|p2a: Orthworm\n|-supereffective|p2a: Orthworm\n|-damage|p2a: Orthworm|0 fnt\n|faint|p2a: Orthworm\n|-damage|p1b: Arcanine|0 fnt|[from] Recoil\n|faint|p1b: Arcanine\n|\n|upkeep\n|\n|t:|1682032420\n|switch|p1b: Amoonguss|Amoonguss, L50, F, shiny|100\/100\n|switch|p2a: Annihilape|Annihilape, L50, F|100\/100\n|turn|4\n|\n|t:|1682032431\n|move|p1a: Maushold|Thunder Wave|p2b: Flamigo\n|-status|p2b: Flamigo|par\n|move|p2a: Annihilape|Taunt|p1b: Amoonguss\n|-start|p1b: Amoonguss|move: Taunt\n|move|p2b: Flamigo|Close Combat|p1a: Maushold\n|-supereffective|p1a: Maushold\n|-damage|p1a: Maushold|0 fnt\n|-unboost|p2b: Flamigo|def|1\n|-unboost|p2b: Flamigo|spd|1\n|faint|p1a: Maushold\n|-damage|p2b: Flamigo|36\/100 par|[from] item: Life Orb\n|cant|p1b: Amoonguss|move: Taunt|Spore\n|\n|upkeep\n|turn|5\n|-message|TooTz forfeited.\n|\n|win|OUDJ flamigo\n|raw|TooTz's rating: 1075 → 1054<\/strong> (-21 for losing)\n|raw|OUDJ flamigo's rating: 1083 → 1110<\/strong> (+27 for winning)\n|l|\u2606TooTz\n","uploadtime":1682032447,"views":10,"p1id":"tootz","p2id":"oudjflamigo","formatid":"gen9vgc2023regulationc","rating":1054,"private":0,"password":""}