{"id":"gen9vgc2023regulationc-1863537047","p1":"kodiedunn","p2":"AsianGuy96","format":"[Gen 9] VGC 2023 Regulation C","log":"|j|\u2606kodiedunn\n|j|\u2606AsianGuy96\n|t:|1684031004\n|gametype|doubles\n|player|p1|kodiedunn|102|\n|player|p2|AsianGuy96|266|\n|teamsize|p1|6\n|teamsize|p2|6\n|gen|9\n|tier|[Gen 9] VGC 2023 Regulation C\n|rule|Species Clause: Limit one of each Pok\u00e9mon\n|rule|Item Clause: Limit one of each item\n|clearpoke\n|poke|p1|Tauros-Paldea-Aqua, L50, M|\n|poke|p1|Armarouge, L50, F|\n|poke|p1|Froslass, L50, F|\n|poke|p1|Honchkrow, L50, F|\n|poke|p1|Scizor, L50, M|\n|poke|p1|Rotom-Wash, L50|\n|poke|p2|Sableye, L50, M|\n|poke|p2|Slaking, L50, M|\n|poke|p2|Iron Valiant, L50|\n|poke|p2|Annihilape, L50, F|\n|poke|p2|Oricorio-Pom-Pom, L50, M|\n|poke|p2|Volcarona, L50, F|\n|teampreview|4\n|inactive|Battle timer is ON: inactive players will automatically lose when time's up. (requested by AsianGuy96)\n|inactive|kodiedunn has 60 seconds left.\n|inactive|AsianGuy96 has 60 seconds left.\n|\n|t:|1684031038\n|start\n|switch|p1a: Scizor|Scizor, L50, M|100\/100\n|switch|p1b: Rotom|Rotom-Wash, L50|100\/100\n|switch|p2a: Oricorio|Oricorio-Pom-Pom, L50, M|100\/100\n|switch|p2b: Volcarona|Volcarona, L50, F|100\/100\n|turn|1\n|inactive|kodiedunn has 30 seconds left.\n|inactive|AsianGuy96 has 30 seconds left.\n|inactive|kodiedunn has 20 seconds left.\n|inactive|kodiedunn has 15 seconds left.\n|inactive|kodiedunn has 10 seconds left.\n|inactive|kodiedunn has 5 seconds left.\n|\n|t:|1684031093\n|move|p1a: Scizor|Bullet Punch|p2a: Oricorio\n|-resisted|p2a: Oricorio\n|-damage|p2a: Oricorio|54\/100\n|move|p2b: Volcarona|Quiver Dance|p2b: Volcarona\n|-boost|p2b: Volcarona|spa|1\n|-boost|p2b: Volcarona|spd|1\n|-boost|p2b: Volcarona|spe|1\n|-activate|p2a: Oricorio|ability: Dancer\n|move|p2a: Oricorio|Quiver Dance|p2a: Oricorio|[from]ability: Dancer\n|-boost|p2a: Oricorio|spa|1\n|-boost|p2a: Oricorio|spd|1\n|-boost|p2a: Oricorio|spe|1\n|move|p2a: Oricorio|Quiver Dance|p2a: Oricorio\n|-boost|p2a: Oricorio|spa|1\n|-boost|p2a: Oricorio|spd|1\n|-boost|p2a: Oricorio|spe|1\n|move|p1b: Rotom|Thunderbolt|p2b: Volcarona\n|-damage|p2b: Volcarona|78\/100\n|\n|upkeep\n|turn|2\n|inactive|kodiedunn has 30 seconds left.\n|inactive|AsianGuy96 has 30 seconds left.\n|\n|t:|1684031126\n|-terastallize|p1a: Scizor|Bug\n|move|p1a: Scizor|Bullet Punch|p2a: Oricorio\n|-resisted|p2a: Oricorio\n|-damage|p2a: Oricorio|12\/100\n|move|p2a: Oricorio|Roost|p2a: Oricorio\n|-heal|p2a: Oricorio|62\/100\n|-singleturn|p2a: Oricorio|move: Roost\n|move|p2b: Volcarona|Fiery Dance|p1a: Scizor\n|-supereffective|p1a: Scizor\n|-damage|p1a: Scizor|0 fnt\n|faint|p1a: Scizor\n|-activate|p2a: Oricorio|ability: Dancer\n|move|p2a: Oricorio|Fiery Dance|p1b: Rotom|[from]ability: Dancer\n|-resisted|p1b: Rotom\n|-damage|p1b: Rotom|67\/100\n|-boost|p2a: Oricorio|spa|1\n|-damage|p2a: Oricorio|52\/100|[from] item: Life Orb\n|move|p1b: Rotom|Hydro Pump|p2b: Volcarona\n|-supereffective|p2b: Volcarona\n|-damage|p2b: Volcarona|19\/100\n|\n|-heal|p1b: Rotom|72\/100|[from] item: Leftovers\n|upkeep\n|\n|t:|1684031149\n|switch|p1a: Tauros|Tauros-Paldea-Aqua, L50, M|100\/100\n|turn|3\n|inactiveoff|Battle timer is now OFF.\n|c|\u2606kodiedunn|i timed out on that first turn\n|\n|t:|1684031188\n|move|p2a: Oricorio|Revelation Dance|p1a: Tauros\n|-supereffective|p1a: Tauros\n|-damage|p1a: Tauros|0 fnt\n|faint|p1a: Tauros\n|-damage|p2a: Oricorio|42\/100|[from] item: Life Orb\n|move|p2b: Volcarona|Morning Sun|p2b: Volcarona\n|-heal|p2b: Volcarona|68\/100\n|move|p1b: Rotom|Thunderbolt|p2a: Oricorio\n|-damage|p2a: Oricorio|15\/100\n|\n|-heal|p1b: Rotom|78\/100|[from] item: Leftovers\n|upkeep\n|\n|t:|1684031199\n|switch|p1a: Honchkrow|Honchkrow, L50, F|100\/100\n|turn|4\n|\n|t:|1684031217\n|move|p1b: Rotom|Protect|p1b: Rotom\n|-singleturn|p1b: Rotom|Protect\n|move|p2a: Oricorio|Revelation Dance|p1a: Honchkrow\n|-supereffective|p1a: Honchkrow\n|-damage|p1a: Honchkrow|0 fnt\n|faint|p1a: Honchkrow\n|-damage|p2a: Oricorio|5\/100|[from] item: Life Orb\n|move|p2b: Volcarona|Fiery Dance|p1b: Rotom\n|-activate|p1b: Rotom|move: Protect\n|\n|-heal|p1b: Rotom|84\/100|[from] item: Leftovers\n|upkeep\n|turn|5\n|\n|t:|1684031234\n|move|p2a: Oricorio|Revelation Dance|p1b: Rotom\n|-damage|p1b: Rotom|0 fnt\n|faint|p1b: Rotom\n|-damage|p2a: Oricorio|0 fnt|[from] item: Life Orb\n|faint|p2a: Oricorio\n|\n|win|AsianGuy96\n|l|\u2606kodiedunn\n","uploadtime":1684031244,"views":14,"p1id":"kodiedunn","p2id":"asianguy96","formatid":"gen9vgc2023regulationc","rating":0,"private":0,"password":""}