{"id":"gen9vgc2023regulationc-1854229331","p1":"pasqua_97_","p2":"VyCanisMajoris3","format":"[Gen 9] VGC 2023 Regulation C","log":"|j|\u2606pasqua_97_\n|j|\u2606VyCanisMajoris3\n|t:|1682786189\n|gametype|doubles\n|player|p1|pasqua_97_|2|1094\n|player|p2|VyCanisMajoris3|cyrus|1051\n|teamsize|p1|6\n|teamsize|p2|6\n|gen|9\n|tier|[Gen 9] VGC 2023 Regulation C\n|rated|\n|rule|Species Clause: Limit one of each Pok\u00e9mon\n|rule|Item Clause: Limit one of each item\n|clearpoke\n|poke|p1|Murkrow, L50, M|\n|poke|p1|Chien-Pao, L50|\n|poke|p1|Amoonguss, L50, M|\n|poke|p1|Flutter Mane, L50|\n|poke|p1|Dragonite, L50, M|\n|poke|p1|Arcanine, L50, M|\n|poke|p2|Dondozo, L50, M|\n|poke|p2|Tatsugiri, L50, M|\n|poke|p2|Arcanine, L50, F|\n|poke|p2|Annihilape, L50, M|\n|poke|p2|Flamigo, L50, F|\n|poke|p2|Chien-Pao, L50|\n|teampreview|4\npasqua_97_ has agreed to open team sheets.\n|inactive|Battle timer is ON: inactive players will automatically lose when time's up. (requested by pasqua_97_)\n|inactive|pasqua_97_ has 60 seconds left.\n|\n|t:|1682786231\n|start\n|switch|p1a: Murkrow|Murkrow, L50, M|100\/100\n|switch|p1b: Chien-Pao|Chien-Pao, L50|100\/100\n|switch|p2a: Annihilape|Annihilape, L50, M|100\/100\n|switch|p2b: Arcanine|Arcanine, L50, F|100\/100\n|-ability|p1b: Chien-Pao|Sword of Ruin\n|-ability|p2b: Arcanine|Intimidate|boost\n|-unboost|p1a: Murkrow|atk|1\n|-unboost|p1b: Chien-Pao|atk|1\n|turn|1\n|inactive|pasqua_97_ has 30 seconds left.\n|inactive|VyCanisMajoris3 has 30 seconds left.\n|inactive|pasqua_97_ has 20 seconds left.\n|inactive|VyCanisMajoris3 has 20 seconds left.\n|inactive|pasqua_97_ has 15 seconds left.\n|inactive|pasqua_97_ has 10 seconds left.\n|inactive|pasqua_97_ has 5 seconds left.\n|\n|t:|1682786282\n|-terastallize|p1b: Chien-Pao|Fairy\n|move|p1a: Murkrow|Tailwind|p1a: Murkrow\n|-sidestart|p1: pasqua_97_|move: Tailwind\n|move|p1b: Chien-Pao|Ice Spinner|p2a: Annihilape\n|-damage|p2a: Annihilape|46\/100\n|move|p2b: Arcanine|Flare Blitz|p1a: Murkrow\n|-damage|p1a: Murkrow|19\/100\n|-damage|p2b: Arcanine|78\/100|[from] Recoil\n|move|p2a: Annihilape|Drain Punch|p1b: Chien-Pao\n|-resisted|p1b: Chien-Pao\n|-damage|p1b: Chien-Pao|73\/100\n|-heal|p2a: Annihilape|56\/100|[from] drain|[of] p1b: Chien-Pao\n|-damage|p2a: Annihilape|46\/100|[from] item: Life Orb\n|\n|upkeep\n|turn|2\n|inactive|pasqua_97_ has 30 seconds left.\n|inactive|pasqua_97_ has 20 seconds left.\n|inactive|pasqua_97_ has 15 seconds left.\n|\n|t:|1682786322\n|-terastallize|p2a: Annihilape|Water\n|move|p2b: Arcanine|Extreme Speed|p1a: Murkrow\n|-damage|p1a: Murkrow|0 fnt\n|faint|p1a: Murkrow\n|move|p1b: Chien-Pao|Ice Spinner|p2a: Annihilape\n|-resisted|p2a: Annihilape\n|-damage|p2a: Annihilape|18\/100\n|move|p2a: Annihilape|Rage Fist|p1b: Chien-Pao\n|-damage|p1b: Chien-Pao|0 fnt\n|faint|p1b: Chien-Pao\n|-damage|p2a: Annihilape|8\/100|[from] item: Life Orb\n|\n|upkeep\n|\n|t:|1682786329\n|switch|p1b: Arcanine|Arcanine, L50, M|100\/100\n|switch|p1a: Dragonite|Dragonite, L50, M|100\/100\n|-ability|p1b: Arcanine|Intimidate|boost\n|-unboost|p2a: Annihilape|atk|1\n|-ability|p2a: Annihilape|Defiant|boost\n|-boost|p2a: Annihilape|atk|2\n|-unboost|p2b: Arcanine|atk|1\n|turn|3\n|\n|t:|1682786346\n|switch|p2b: Chien-Pao|Chien-Pao, L50|100\/100\n|-ability|p2b: Chien-Pao|Sword of Ruin\n|move|p1b: Arcanine|Extreme Speed|p2a: Annihilape\n|-damage|p2a: Annihilape|0 fnt\n|faint|p2a: Annihilape\n|move|p1a: Dragonite|Stomping Tantrum|p2b: Chien-Pao\n|-damage|p2b: Chien-Pao|56\/100\n|\n|upkeep\n|\n|t:|1682786357\n|switch|p2a: Arcanine|Arcanine, L50, F|78\/100\n|-ability|p2a: Arcanine|Intimidate|boost\n|-unboost|p1a: Dragonite|atk|1\n|-unboost|p1b: Arcanine|atk|1\n|turn|4\n|\n|t:|1682786373\n|move|p2a: Arcanine|Extreme Speed|p1a: Dragonite\n|-damage|p1a: Dragonite|83\/100\n|move|p1b: Arcanine|Flare Blitz|p2b: Chien-Pao\n|-supereffective|p2b: Chien-Pao\n|-damage|p2b: Chien-Pao|0 fnt\n|faint|p2b: Chien-Pao\n|-damage|p1b: Arcanine|86\/100|[from] Recoil\n|move|p1a: Dragonite|Stomping Tantrum|p2a: Arcanine\n|-supereffective|p2a: Arcanine\n|-damage|p2a: Arcanine|31\/100\n|-damage|p1a: Dragonite|67\/100|[from] item: Rocky Helmet|[of] p2a: Arcanine\n|\n|-sideend|p1: pasqua_97_|move: Tailwind\n|upkeep\n|\n|t:|1682786384\n|switch|p2b: Flamigo|Flamigo, L50, F|100\/100\n|-copyboost|p2b: Flamigo|p2a: Arcanine|[from] ability: Costar\n|turn|5\n|\n|t:|1682786404\n|move|p2a: Arcanine|Protect|p2a: Arcanine\n|-singleturn|p2a: Arcanine|Protect\n|move|p1b: Arcanine|Will-O-Wisp|p2b: Flamigo|[miss]\n|-miss|p1b: Arcanine|p2b: Flamigo\n|move|p1a: Dragonite|Stomping Tantrum|p2a: Arcanine\n|-activate|p2a: Arcanine|move: Protect\n|move|p2b: Flamigo|Liquidation|p1b: Arcanine\n|-supereffective|p1b: Arcanine\n|-damage|p1b: Arcanine|26\/100\n|-unboost|p1b: Arcanine|def|1\n|\n|upkeep\n|turn|6\n|\n|t:|1682786425\n|move|p1b: Arcanine|Protect|p1b: Arcanine\n|-singleturn|p1b: Arcanine|Protect\n|move|p2a: Arcanine|Extreme Speed|p1b: Arcanine\n|-activate|p1b: Arcanine|move: Protect\n|move|p1a: Dragonite|Stomping Tantrum|p2a: Arcanine\n|-supereffective|p2a: Arcanine\n|-damage|p2a: Arcanine|0 fnt\n|-damage|p1a: Dragonite|50\/100|[from] item: Rocky Helmet|[of] p2a: Arcanine\n|faint|p2a: Arcanine\n|move|p2b: Flamigo|Brave Bird|p1a: Dragonite\n|-damage|p1a: Dragonite|0 fnt\n|faint|p1a: Dragonite\n|-damage|p2b: Flamigo|85\/100|[from] Recoil\n|\n|upkeep\n|turn|7\n|\n|t:|1682786441\n|move|p1b: Arcanine|Flare Blitz|p2b: Flamigo\n|-damage|p2b: Flamigo|35\/100\n|-damage|p1b: Arcanine|11\/100|[from] Recoil\n|move|p2b: Flamigo|Liquidation|p1b: Arcanine\n|-supereffective|p1b: Arcanine\n|-damage|p1b: Arcanine|0 fnt\n|faint|p1b: Arcanine\n|\n|win|VyCanisMajoris3\n|raw|pasqua_97_'s rating: 1094 → 1067<\/strong> (-27 for losing)\n|raw|VyCanisMajoris3's rating: 1051 → 1087<\/strong> (+36 for winning)\n|l|\u2606pasqua_97_\n","uploadtime":1682786450,"views":17,"p1id":"pasqua97","p2id":"vycanismajoris3","formatid":"gen9vgc2023regulationc","rating":1067,"private":0,"password":""}