{"id":"gen9vgc2023regulationc-1856939820","p1":"Ykrach","p2":"BlueRaptor1803","format":"[Gen 9] VGC 2023 Regulation C","log":"|j|\u2606Ykrach\n|j|\u2606BlueRaptor1803\n|t:|1683128040\n|gametype|doubles\n|player|p1|Ykrach|acetrainer-gen4dp|1088\n|player|p2|BlueRaptor1803|102|1024\n|teamsize|p1|6\n|teamsize|p2|6\n|gen|9\n|tier|[Gen 9] VGC 2023 Regulation C\n|rated|\n|rule|Species Clause: Limit one of each Pok\u00e9mon\n|rule|Item Clause: Limit one of each item\n|clearpoke\n|poke|p1|Scizor, L50, M|\n|poke|p1|Dachsbun, L50, M|\n|poke|p1|Talonflame, L50, F|\n|poke|p1|Bellibolt, L50, M|\n|poke|p1|Umbreon, L50, M|\n|poke|p1|Gastrodon, L50, F|\n|poke|p2|Stonjourner, L50, F|\n|poke|p2|Flutter Mane, L50|\n|poke|p2|Torkoal, L50, F|\n|poke|p2|Great Tusk, L50|\n|poke|p2|Roaring Moon, L50|\n|poke|p2|Iron Hands, L50|\n|teampreview|4\n|inactive|Battle timer is ON: inactive players will automatically lose when time's up. (requested by BlueRaptor1803)\n|\n|t:|1683128065\n|start\n|switch|p1a: Scizor|Scizor, L50, M|100\/100\n|switch|p1b: Talonflame|Talonflame, L50, F|100\/100\n|switch|p2a: Stonjourner|Stonjourner, L50, F, shiny|100\/100\n|switch|p2b: Torkoal|Torkoal, L50, F|100\/100\n|-weather|SunnyDay|[from] ability: Drought|[of] p2b: Torkoal\n|turn|1\n|\n|t:|1683128083\n|move|p1b: Talonflame|Tailwind|p1b: Talonflame\n|-sidestart|p1: Ykrach|move: Tailwind\n|move|p1a: Scizor|U-turn|p2a: Stonjourner\n|-damage|p2a: Stonjourner|71\/100\n|\n|t:|1683128087\n|switch|p1a: Dachsbun|Dachsbun, L50, M|100\/100|[from] U-turn\n|move|p2a: Stonjourner|Rock Slide|p1a: Dachsbun|[spread] p1a,p1b\n|-supereffective|p1b: Talonflame\n|-crit|p1b: Talonflame\n|-damage|p1a: Dachsbun|72\/100\n|-damage|p1b: Talonflame|0 fnt\n|faint|p1b: Talonflame\n|move|p2b: Torkoal|Overheat|p1a: Dachsbun\n|-ability|p1a: Dachsbun|Well-Baked Body|boost\n|-boost|p1a: Dachsbun|def|2\n|\n|-weather|SunnyDay|[upkeep]\n|-heal|p1a: Dachsbun|78\/100|[from] item: Leftovers\n|upkeep\n|\n|t:|1683128098\n|switch|p1b: Gastrodon|Gastrodon, L50, F|100\/100\n|turn|2\n|\n|t:|1683128123\n|move|p1a: Dachsbun|Body Press|p2a: Stonjourner\n|-supereffective|p2a: Stonjourner\n|-damage|p2a: Stonjourner|0 fnt\n|faint|p2a: Stonjourner\n|move|p1b: Gastrodon|Earth Power|p2b: Torkoal\n|-supereffective|p2b: Torkoal\n|-damage|p2b: Torkoal|10\/100\n|move|p2b: Torkoal|Overheat|p1b: Gastrodon\n|-resisted|p1b: Gastrodon\n|-damage|p1b: Gastrodon|60\/100\n|-unboost|p2b: Torkoal|spa|2\n|-enditem|p2b: Torkoal|Eject Pack\n|\n|t:|1683128133\n|switch|p2b: Great Tusk|Great Tusk, L50|100\/100\n|-activate|p2b: Great Tusk|ability: Protosynthesis\n|-start|p2b: Great Tusk|protosynthesisatk\n|\n|-weather|SunnyDay|[upkeep]\n|-heal|p1a: Dachsbun|84\/100|[from] item: Leftovers\n|upkeep\n|\n|t:|1683128141\n|switch|p2a: Roaring Moon|Roaring Moon, L50|100\/100\n|-activate|p2a: Roaring Moon|ability: Protosynthesis\n|-start|p2a: Roaring Moon|protosynthesisspe\n|turn|3\n|\n|t:|1683128159\n|move|p2a: Roaring Moon|Scale Shot|p1b: Gastrodon\n|-damage|p1b: Gastrodon|46\/100\n|-damage|p1b: Gastrodon|31\/100\n|-damage|p1b: Gastrodon|17\/100\n|-damage|p1b: Gastrodon|2\/100\n|-hitcount|p1b: Gastrodon|4\n|-unboost|p2a: Roaring Moon|def|1\n|-boost|p2a: Roaring Moon|spe|1\n|move|p1a: Dachsbun|Play Rough|p2a: Roaring Moon\n|-supereffective|p2a: Roaring Moon\n|-damage|p2a: Roaring Moon|0 fnt\n|faint|p2a: Roaring Moon\n|-end|p2a: Roaring Moon|Protosynthesis|[silent]\n|move|p2b: Great Tusk|Headlong Rush|p1b: Gastrodon\n|-damage|p1b: Gastrodon|0 fnt\n|-unboost|p2b: Great Tusk|def|1\n|-unboost|p2b: Great Tusk|spd|1\n|faint|p1b: Gastrodon\n|\n|-weather|SunnyDay|[upkeep]\n|-heal|p1a: Dachsbun|90\/100|[from] item: Leftovers\n|upkeep\n|\n|t:|1683128182\n|switch|p2a: Torkoal|Torkoal, L50, F|10\/100\n|switch|p1b: Scizor|Scizor, L50, M|100\/100\n|turn|4\n|\n|t:|1683128194\n|-terastallize|p2b: Great Tusk|Ground\n|-terastallize|p1b: Scizor|Water\n|move|p2a: Torkoal|Protect|p2a: Torkoal\n|-singleturn|p2a: Torkoal|Protect\n|move|p1b: Scizor|Bullet Punch|p2a: Torkoal\n|-activate|p2a: Torkoal|move: Protect\n|move|p1a: Dachsbun|Play Rough|p2b: Great Tusk\n|-damage|p2b: Great Tusk|62\/100\n|move|p2b: Great Tusk|Headlong Rush|p1a: Dachsbun\n|-damage|p1a: Dachsbun|40\/100\n|-unboost|p2b: Great Tusk|def|1\n|-unboost|p2b: Great Tusk|spd|1\n|\n|-weather|SunnyDay|[upkeep]\n|-heal|p1a: Dachsbun|46\/100|[from] item: Leftovers\n|-sideend|p1: Ykrach|move: Tailwind\n|upkeep\n|turn|5\n|-message|BlueRaptor1803 forfeited.\n|\n|win|Ykrach\n|raw|Ykrach's rating: 1088 → 1110<\/strong> (+22 for winning)\n|raw|BlueRaptor1803's rating: 1024 → 1013<\/strong> (-11 for losing)\n|l|\u2606BlueRaptor1803\n","uploadtime":1683128522,"views":6,"p1id":"ykrach","p2id":"blueraptor1803","formatid":"gen9vgc2023regulationc","rating":1013,"private":0,"password":""}