{"id":"gen9vgc2023regulationc-1855693762","p1":"abarbosav","p2":"Bandyzzzz","format":"[Gen 9] VGC 2023 Regulation C","log":"|j|\u2606abarbosav\n|j|\u2606Bandyzzzz\n|t:|1682973907\n|gametype|doubles\n|player|p1|abarbosav|1|1174\n|player|p2|Bandyzzzz|clerk|1196\n|teamsize|p1|6\n|teamsize|p2|6\n|gen|9\n|tier|[Gen 9] VGC 2023 Regulation C\n|rated|\n|rule|Species Clause: Limit one of each Pok\u00e9mon\n|rule|Item Clause: Limit one of each item\n|clearpoke\n|poke|p1|Gholdengo, L50|\n|poke|p1|Flutter Mane, L50|\n|poke|p1|Gyarados, L50, F|\n|poke|p1|Garchomp, L50, F|\n|poke|p1|Chi-Yu, L50|\n|poke|p1|Talonflame, L50, F|\n|poke|p2|Coalossal, L50, M|\n|poke|p2|Tauros-Paldea-Aqua, L50, M|\n|poke|p2|Dragonite, L50, M|\n|poke|p2|Brute Bonnet, L50|\n|poke|p2|Grimmsnarl, L50, M|\n|poke|p2|Ting-Lu, L50|\n|teampreview|4\n|inactive|Battle timer is ON: inactive players will automatically lose when time's up. (requested by Bandyzzzz)\n|inactive|abarbosav also wants the timer to be on.\n|inactive|abarbosav has 60 seconds left.\n|\n|t:|1682973955\n|start\n|switch|p1a: Flutter Mane|Flutter Mane, L50|100\/100\n|switch|p1b: Garchomp|Garchomp, L50, F|100\/100\n|switch|p2a: Grimmsnarl|Grimmsnarl, L50, M|100\/100\n|switch|p2b: Tauros|Tauros-Paldea-Aqua, L50, M|100\/100\n|-ability|p2b: Tauros|Intimidate|boost\n|-unboost|p1a: Flutter Mane|atk|1\n|-unboost|p1b: Garchomp|atk|1\n|-enditem|p1a: Flutter Mane|Booster Energy\n|-activate|p1a: Flutter Mane|ability: Protosynthesis|[fromitem]\n|-start|p1a: Flutter Mane|protosynthesisspe\n|turn|1\n|inactive|abarbosav has 30 seconds left.\n|inactive|Bandyzzzz has 30 seconds left.\n|\n|t:|1682973985\n|switch|p1b: Gyarados|Gyarados, L50, F, shiny|100\/100\n|-ability|p1b: Gyarados|Intimidate|boost\n|-unboost|p2a: Grimmsnarl|atk|1\n|-fail|p2b: Tauros|unboost|[from] item: Clear Amulet|[of] p2b: Tauros\n|-terastallize|p2b: Tauros|Electric\n|move|p2a: Grimmsnarl|Light Screen|p2a: Grimmsnarl\n|-sidestart|p2: Bandyzzzz|move: Light Screen\n|move|p1a: Flutter Mane|Dazzling Gleam|p2a: Grimmsnarl|[spread] p2a,p2b\n|-supereffective|p2a: Grimmsnarl\n|-damage|p2a: Grimmsnarl|60\/100\n|-damage|p2b: Tauros|70\/100\n|move|p2b: Tauros|Iron Head|p1a: Flutter Mane\n|-supereffective|p1a: Flutter Mane\n|-damage|p1a: Flutter Mane|19\/100\n|\n|upkeep\n|turn|2\n|inactive|abarbosav has 30 seconds left.\n|\n|t:|1682974014\n|move|p1a: Flutter Mane|Protect|p1a: Flutter Mane\n|-singleturn|p1a: Flutter Mane|Protect\n|move|p2b: Tauros|Aqua Jet|p1a: Flutter Mane\n|-activate|p1a: Flutter Mane|move: Protect\n|move|p2a: Grimmsnarl|Reflect|p2a: Grimmsnarl\n|-sidestart|p2: Bandyzzzz|Reflect\n|move|p1b: Gyarados|Taunt|p2a: Grimmsnarl\n|-start|p2a: Grimmsnarl|move: Taunt\n|\n|upkeep\n|turn|3\n|inactive|abarbosav has 30 seconds left.\n|\n|t:|1682974046\n|-end|p1a: Flutter Mane|Protosynthesis|[silent]\n|switch|p1a: Garchomp|Garchomp, L50, F|100\/100\n|move|p2b: Tauros|Aqua Jet|p1a: Garchomp\n|-damage|p1a: Garchomp|81\/100\n|-damage|p2b: Tauros|58\/100|[from] ability: Rough Skin|[of] p1a: Garchomp\n|move|p1b: Gyarados|Waterfall|p2b: Tauros\n|-damage|p2b: Tauros|28\/100\n|move|p2a: Grimmsnarl|Spirit Break|p1b: Gyarados\n|-damage|p1b: Gyarados|78\/100\n|-unboost|p1b: Gyarados|spa|1\n|\n|upkeep\n|turn|4\n|inactive|abarbosav has 30 seconds left.\n|\n|t:|1682974078\n|switch|p2b: Ting-Lu|Ting-Lu, L50|100\/100\n|-ability|p2b: Ting-Lu|Vessel of Ruin\n|move|p1a: Garchomp|Earthquake|p2a: Grimmsnarl|[spread] p2a,p2b\n|-immune|p1b: Gyarados\n|-crit|p2b: Ting-Lu\n|-damage|p2a: Grimmsnarl|28\/100\n|-damage|p2b: Ting-Lu|61\/100\n|-damage|p1a: Garchomp|72\/100|[from] item: Life Orb\n|move|p1b: Gyarados|Waterfall|p2a: Grimmsnarl\n|-damage|p2a: Grimmsnarl|3\/100\n|move|p2a: Grimmsnarl|Spirit Break|p1a: Garchomp\n|-supereffective|p1a: Garchomp\n|-damage|p1a: Garchomp|30\/100\n|-unboost|p1a: Garchomp|spa|1\n|-damage|p2a: Grimmsnarl|0 fnt|[from] ability: Rough Skin|[of] p1a: Garchomp\n|faint|p2a: Grimmsnarl\n|\n|-heal|p2b: Ting-Lu|67\/100|[from] item: Leftovers\n|upkeep\n|\n|t:|1682974101\n|switch|p2a: Dragonite|Dragonite, L50, M|100\/100\n|turn|5\n|inactive|abarbosav has 30 seconds left.\n|\n|t:|1682974129\n|move|p1a: Garchomp|Protect|p1a: Garchomp\n|-singleturn|p1a: Garchomp|Protect\n|move|p2b: Ting-Lu|Protect|p2b: Ting-Lu\n|-singleturn|p2b: Ting-Lu|Protect\n|move|p1b: Gyarados|Thunder Wave|p2a: Dragonite\n|-status|p2a: Dragonite|par\n|move|p2a: Dragonite|Ice Spinner|p1a: Garchomp\n|-activate|p1a: Garchomp|move: Protect\n|\n|-heal|p2b: Ting-Lu|73\/100|[from] item: Leftovers\n|upkeep\n|turn|6\n|inactive|abarbosav has 30 seconds left.\n|\n|t:|1682974164\n|move|p1a: Garchomp|Rock Slide|p2b: Ting-Lu|[spread] p2a,p2b\n|-supereffective|p2a: Dragonite\n|-resisted|p2b: Ting-Lu\n|-damage|p2a: Dragonite|82\/100 par\n|-damage|p2b: Ting-Lu|69\/100\n|-damage|p1a: Garchomp|21\/100|[from] item: Life Orb\n|move|p1b: Gyarados|Waterfall|p2b: Ting-Lu\n|-supereffective|p2b: Ting-Lu\n|-damage|p2b: Ting-Lu|44\/100\n|cant|p2b: Ting-Lu|flinch\n|move|p2a: Dragonite|Ice Spinner|p1a: Garchomp\n|-supereffective|p1a: Garchomp\n|-damage|p1a: Garchomp|0 fnt\n|-damage|p2a: Dragonite|70\/100 par|[from] ability: Rough Skin|[of] p1a: Garchomp\n|faint|p1a: Garchomp\n|\n|-heal|p2b: Ting-Lu|50\/100|[from] item: Leftovers\n|upkeep\n|\n|t:|1682974181\n|switch|p1a: Gholdengo|Gholdengo, L50|100\/100\n|turn|7\n|\n|t:|1682974198\n|-terastallize|p1a: Gholdengo|Water\n|cant|p2a: Dragonite|par\n|move|p1a: Gholdengo|Thunderbolt|p2a: Dragonite\n|-damage|p2a: Dragonite|61\/100 par\n|move|p1b: Gyarados|Waterfall|p2b: Ting-Lu\n|-supereffective|p2b: Ting-Lu\n|-damage|p2b: Ting-Lu|24\/100\n|move|p2b: Ting-Lu|Earthquake|p1a: Gholdengo|[spread] p1a\n|-immune|p2a: Dragonite\n|-immune|p1b: Gyarados\n|-damage|p1a: Gholdengo|70\/100\n|\n|-heal|p1a: Gholdengo|76\/100|[from] item: Leftovers\n|-heal|p2b: Ting-Lu|30\/100|[from] item: Leftovers\n|upkeep\n|turn|8\n|\n|t:|1682974221\n|move|p2b: Ting-Lu|Protect|p2b: Ting-Lu\n|-singleturn|p2b: Ting-Lu|Protect\n|move|p1a: Gholdengo|Nasty Plot|p1a: Gholdengo\n|-boost|p1a: Gholdengo|spa|2\n|move|p1b: Gyarados|Waterfall|p2b: Ting-Lu\n|-activate|p2b: Ting-Lu|move: Protect\n|move|p2a: Dragonite|Dragon Claw|p1a: Gholdengo\n|-damage|p1a: Gholdengo|36\/100\n|\n|-heal|p1a: Gholdengo|42\/100|[from] item: Leftovers\n|-heal|p2b: Ting-Lu|37\/100|[from] item: Leftovers\n|-sideend|p2: Bandyzzzz|move: Light Screen\n|upkeep\n|turn|9\n|inactive|abarbosav has 30 seconds left.\n|\n|t:|1682974249\n|move|p1a: Gholdengo|Protect|p1a: Gholdengo\n|-singleturn|p1a: Gholdengo|Protect\n|move|p2a: Dragonite|Extreme Speed|p1a: Gholdengo\n|-activate|p1a: Gholdengo|move: Protect\n|move|p1b: Gyarados|Waterfall|p2b: Ting-Lu\n|-supereffective|p2b: Ting-Lu\n|-damage|p2b: Ting-Lu|10\/100\n|move|p2b: Ting-Lu|Ruination|p1b: Gyarados\n|-damage|p1b: Gyarados|40\/100\n|-enditem|p1b: Gyarados|Sitrus Berry|[eat]\n|-heal|p1b: Gyarados|64\/100|[from] item: Sitrus Berry\n|\n|-heal|p1a: Gholdengo|48\/100|[from] item: Leftovers\n|-heal|p2b: Ting-Lu|16\/100|[from] item: Leftovers\n|-sideend|p2: Bandyzzzz|Reflect\n|upkeep\n|turn|10\n|c|\u2606Bandyzzzz|damn\n|\n|t:|1682974273\n|switch|p1a: Flutter Mane|Flutter Mane, L50|19\/100\n|move|p2b: Ting-Lu|Protect|p2b: Ting-Lu\n|-singleturn|p2b: Ting-Lu|Protect\n|move|p2a: Dragonite|Extreme Speed|p1a: Flutter Mane\n|-immune|p1a: Flutter Mane\n|move|p1b: Gyarados|Waterfall|p2b: Ting-Lu\n|-activate|p2b: Ting-Lu|move: Protect\n|\n|-heal|p2b: Ting-Lu|22\/100|[from] item: Leftovers\n|upkeep\n|turn|11\n|\n|t:|1682974291\n|switch|p2b: Tauros|Tauros-Paldea-Aqua, L50, M, tera:Electric|28\/100\n|-ability|p2b: Tauros|Intimidate|boost\n|-unboost|p1a: Flutter Mane|atk|1\n|-unboost|p1b: Gyarados|atk|1\n|move|p2a: Dragonite|Extreme Speed|p1b: Gyarados\n|-damage|p1b: Gyarados|33\/100\n|move|p1a: Flutter Mane|Dazzling Gleam|p2b: Tauros|[spread] p2a,p2b\n|-supereffective|p2a: Dragonite\n|-damage|p2a: Dragonite|27\/100 par\n|-damage|p2b: Tauros|0 fnt\n|faint|p2b: Tauros\n|move|p1b: Gyarados|Waterfall|p2a: Dragonite\n|-resisted|p2a: Dragonite\n|-damage|p2a: Dragonite|16\/100 par\n|\n|upkeep\n|\n|t:|1682974303\n|switch|p2b: Ting-Lu|Ting-Lu, L50|22\/100\n|-ability|p2b: Ting-Lu|Vessel of Ruin\n|turn|12\n|\n|t:|1682974313\n|move|p2b: Ting-Lu|Protect|p2b: Ting-Lu\n|-singleturn|p2b: Ting-Lu|Protect\n|move|p2a: Dragonite|Extreme Speed|p1b: Gyarados\n|-damage|p1b: Gyarados|3\/100\n|move|p1a: Flutter Mane|Dazzling Gleam|p2a: Dragonite|[spread] p2a\n|-activate|p2b: Ting-Lu|move: Protect\n|-supereffective|p2a: Dragonite\n|-damage|p2a: Dragonite|0 fnt\n|faint|p2a: Dragonite\n|move|p1b: Gyarados|Waterfall|p2b: Ting-Lu\n|-activate|p2b: Ting-Lu|move: Protect\n|\n|-heal|p2b: Ting-Lu|28\/100|[from] item: Leftovers\n|upkeep\n|turn|13\n|c|\u2606Bandyzzzz|gg\n|c|\u2606Bandyzzzz|u got me\n|\n|t:|1682974334\n|move|p1a: Flutter Mane|Dazzling Gleam|p2b: Ting-Lu\n|-supereffective|p2b: Ting-Lu\n|-damage|p2b: Ting-Lu|0 fnt\n|faint|p2b: Ting-Lu\n|\n|win|abarbosav\n|raw|abarbosav's rating: 1174 → 1201<\/strong> (+27 for winning)\n|raw|Bandyzzzz's rating: 1196 → 1169<\/strong> (-27 for losing)\n|l|\u2606Bandyzzzz\n|c|\u2606abarbosav|ggwp\n","uploadtime":1682974351,"views":15,"p1id":"abarbosav","p2id":"bandyzzzz","formatid":"gen9vgc2023regulationc","rating":1169,"private":0,"password":""}