{"id":"gen9vgc2023regulationc-1852687450","p1":"Socriet","p2":"Nijiatw","format":"[Gen 9] VGC 2023 Regulation C","log":"|j|\u2606Socriet\n|j|\u2606Nijiatw\n|t:|1682596434\n|gametype|doubles\n|player|p1|Socriet|102|1148\n|player|p2|Nijiatw|101|1139\n|teamsize|p1|6\n|teamsize|p2|6\n|gen|9\n|tier|[Gen 9] VGC 2023 Regulation C\n|rated|\n|rule|Species Clause: Limit one of each Pok\u00e9mon\n|rule|Item Clause: Limit one of each item\n|clearpoke\n|poke|p1|Sylveon, L50, F|\n|poke|p1|Talonflame, L50, M|\n|poke|p1|Garchomp, L50, M|\n|poke|p1|Flutter Mane, L50|\n|poke|p1|Ceruledge, L50, M|\n|poke|p1|Gyarados, L50, M|\n|poke|p2|Palafin, L50, M|\n|poke|p2|Chien-Pao, L50|\n|poke|p2|Dragapult, L50, F|\n|poke|p2|Amoonguss, L50, M|\n|poke|p2|Arcanine, L50, M|\n|poke|p2|Flutter Mane, L50|\n|teampreview|4\nSocriet has agreed to open team sheets.\n|inactive|Battle timer is ON: inactive players will automatically lose when time's up. (requested by Nijiatw)\n|\n|t:|1682596504\n|start\n|switch|p1a: Talonflame|Talonflame, L50, M, shiny|100\/100\n|switch|p1b: Gyarados|Gyarados, L50, M, shiny|100\/100\n|switch|p2a: Dnite|Dragapult, L50, F|100\/100\n|switch|p2b: WoChien|Amoonguss, L50, M|100\/100\n|-ability|p1b: Gyarados|Intimidate|boost\n|-fail|p2a: Dnite|unboost|[from] ability: Clear Body|[of] p2a: Dnite\n|-unboost|p2b: WoChien|atk|1\n|turn|1\n|inactive|Socriet has 30 seconds left.\n|inactive|Nijiatw has 30 seconds left.\n|\n|t:|1682596529\n|-terastallize|p2b: WoChien|Water\n|move|p1a: Talonflame|Tailwind|p1a: Talonflame\n|-sidestart|p1: Socriet|move: Tailwind\n|move|p1b: Gyarados|Thunder Wave|p2a: Dnite\n|-status|p2a: Dnite|par\n|move|p2a: Dnite|Phantom Force||[still]\n|-prepare|p2a: Dnite|Phantom Force\n|move|p2b: WoChien|Spore|p1b: Gyarados\n|-status|p1b: Gyarados|slp|[from] move: Spore\n|\n|upkeep\n|turn|2\n|inactive|Socriet has 30 seconds left.\n|inactive|Socriet has 20 seconds left.\n|inactive|Socriet has 15 seconds left.\n|\n|t:|1682596569\n|cant|p1b: Gyarados|slp\n|move|p1a: Talonflame|Brave Bird|p2b: WoChien\n|-damage|p2b: WoChien|69\/100\n|-damage|p1a: Talonflame|88\/100|[from] Recoil\n|cant|p2a: Dnite|par\n|move|p2b: WoChien|Spore|p1a: Talonflame\n|-status|p1a: Talonflame|slp|[from] move: Spore\n|\n|upkeep\n|turn|3\n|\n|t:|1682596592\n|switch|p2a: Mimi|Flutter Mane, L50|100\/100\n|-enditem|p2a: Mimi|Booster Energy\n|-activate|p2a: Mimi|ability: Protosynthesis|[fromitem]\n|-start|p2a: Mimi|protosynthesisspa\n|switch|p2b: ChiYu|Arcanine, L50, M|100\/100\n|-ability|p2b: ChiYu|Intimidate|boost\n|-unboost|p1a: Talonflame|atk|1\n|-unboost|p1b: Gyarados|atk|1\n|cant|p1a: Talonflame|slp\n|cant|p1b: Gyarados|slp\n|\n|upkeep\n|turn|4\n|inactive|Socriet has 30 seconds left.\n|\n|t:|1682596622\n|switch|p1a: Flutter Mane|Flutter Mane, L50, shiny|100\/100\n|-enditem|p1a: Flutter Mane|Booster Energy\n|-activate|p1a: Flutter Mane|ability: Protosynthesis|[fromitem]\n|-start|p1a: Flutter Mane|protosynthesisspa\n|move|p2b: ChiYu|Extreme Speed|p1b: Gyarados\n|-damage|p1b: Gyarados|78\/100 slp\n|-curestatus|p1b: Gyarados|slp|[msg]\n|move|p1b: Gyarados|Thunder Wave|p2a: Mimi|[miss]\n|-miss|p1b: Gyarados|p2a: Mimi\n|move|p2a: Mimi|Thunderbolt|p1b: Gyarados\n|-supereffective|p1b: Gyarados\n|-damage|p1b: Gyarados|0 fnt\n|faint|p1b: Gyarados\n|\n|-sideend|p1: Socriet|move: Tailwind\n|upkeep\n|\n|t:|1682596637\n|switch|p1b: Talonflame|Talonflame, L50, M, shiny|88\/100 slp\n|turn|5\n|\n|t:|1682596653\n|-terastallize|p1a: Flutter Mane|Fairy\n|move|p2a: Mimi|Protect|p2a: Mimi\n|-singleturn|p2a: Mimi|Protect\n|cant|p1b: Talonflame|slp\n|move|p1a: Flutter Mane|Shadow Ball|p2a: Mimi\n|-activate|p2a: Mimi|move: Protect\n|move|p2b: ChiYu|Flare Blitz|p1a: Flutter Mane\n|-damage|p1a: Flutter Mane|24\/100\n|-damage|p2b: ChiYu|83\/100|[from] Recoil\n|\n|upkeep\n|turn|6\n|\n|t:|1682596676\n|-end|p2a: Mimi|Protosynthesis|[silent]\n|switch|p2a: WoChien|Amoonguss, L50, M, tera:Water|100\/100\n|move|p1a: Flutter Mane|Protect|p1a: Flutter Mane\n|-singleturn|p1a: Flutter Mane|Protect\n|-curestatus|p1b: Talonflame|slp|[msg]\n|move|p1b: Talonflame|Tailwind|p1b: Talonflame\n|-sidestart|p1: Socriet|move: Tailwind\n|move|p2b: ChiYu|Flare Blitz|p1a: Flutter Mane\n|-activate|p1a: Flutter Mane|move: Protect\n|\n|upkeep\n|turn|7\n|\n|t:|1682596700\n|move|p1b: Talonflame|Brave Bird|p2a: WoChien\n|-damage|p2a: WoChien|71\/100\n|-damage|p1b: Talonflame|77\/100|[from] Recoil\n|move|p1a: Flutter Mane|Moonblast|p2a: WoChien\n|-damage|p2a: WoChien|0 fnt\n|faint|p2a: WoChien\n|move|p2b: ChiYu|Will-O-Wisp|p1b: Talonflame\n|-immune|p1b: Talonflame\n|\n|upkeep\n|\n|t:|1682596715\n|switch|p2a: Mimi|Flutter Mane, L50|100\/100\n|turn|8\n|inactive|Socriet has 30 seconds left.\n|inactive|Socriet has 20 seconds left.\n|inactive|Socriet has 15 seconds left.\n|\n|t:|1682596759\n|move|p1b: Talonflame|Quick Guard|p1b: Talonflame\n|-singleturn|p1b: Talonflame|Quick Guard\n|move|p1a: Flutter Mane|Shadow Ball|p2a: Mimi\n|-supereffective|p2a: Mimi\n|-damage|p2a: Mimi|0 fnt\n|faint|p2a: Mimi\n|-end|p2a: Mimi|Protosynthesis|[silent]\n|move|p2b: ChiYu|Flare Blitz|p1a: Flutter Mane\n|-damage|p1a: Flutter Mane|0 fnt\n|faint|p1a: Flutter Mane\n|-end|p1a: Flutter Mane|Protosynthesis|[silent]\n|-damage|p2b: ChiYu|78\/100|[from] Recoil\n|\n|upkeep\n|\n|t:|1682596777\n|switch|p1a: Ceruledge|Ceruledge, L50, M|100\/100\n|switch|p2a: Dnite|Dragapult, L50, F|100\/100 par\n|turn|9\n|inactive|Nijiatw has 30 seconds left.\n|\n|t:|1682596804\n|move|p2b: ChiYu|Protect|p2b: ChiYu\n|-singleturn|p2b: ChiYu|Protect\n|move|p1a: Ceruledge|Shadow Sneak|p2a: Dnite\n|-supereffective|p2a: Dnite\n|-damage|p2a: Dnite|43\/100 par\n|move|p1b: Talonflame|Brave Bird|p2b: ChiYu\n|-activate|p2b: ChiYu|move: Protect\n|move|p2a: Dnite|Phantom Force||[still]\n|-prepare|p2a: Dnite|Phantom Force\n|\n|-sideend|p1: Socriet|move: Tailwind\n|upkeep\n|turn|10\n|inactive|Socriet has 30 seconds left.\n|\n|t:|1682596833\n|move|p2b: ChiYu|Extreme Speed|p1b: Talonflame\n|-damage|p1b: Talonflame|49\/100\n|move|p1a: Ceruledge|Shadow Sneak|p2b: ChiYu\n|-damage|p2b: ChiYu|56\/100\n|move|p1b: Talonflame|Tailwind|p1b: Talonflame\n|-sidestart|p1: Socriet|move: Tailwind\n|move|p2a: Dnite|Phantom Force|p1a: Ceruledge|[from]lockedmove\n|-supereffective|p1a: Ceruledge\n|-damage|p1a: Ceruledge|0 fnt\n|faint|p1a: Ceruledge\n|\n|upkeep\n|turn|11\n|\n|t:|1682596849\n|move|p2b: ChiYu|Extreme Speed|p1b: Talonflame\n|-damage|p1b: Talonflame|21\/100\n|move|p1b: Talonflame|Brave Bird|p2a: Dnite\n|-damage|p2a: Dnite|0 fnt\n|faint|p2a: Dnite\n|-damage|p1b: Talonflame|8\/100|[from] Recoil\n|\n|upkeep\n|turn|12\n|\n|t:|1682596859\n|move|p1b: Talonflame|Quick Guard|p1b: Talonflame\n|-singleturn|p1b: Talonflame|Quick Guard\n|move|p2b: ChiYu|Extreme Speed|p1b: Talonflame\n|-activate|p1b: Talonflame|move: Quick Guard\n|\n|upkeep\n|turn|13\n|\n|t:|1682596869\n|move|p2b: ChiYu|Extreme Speed|p1b: Talonflame\n|-damage|p1b: Talonflame|0 fnt\n|faint|p1b: Talonflame\n|\n|win|Nijiatw\n|raw|Socriet's rating: 1148 → 1122<\/strong> (-26 for losing)\n|raw|Nijiatw's rating: 1139 → 1165<\/strong> (+26 for winning)\n","uploadtime":1682596876,"views":12,"p1id":"socriet","p2id":"nijiatw","formatid":"gen9vgc2023regulationc","rating":1122,"private":0,"password":""}