{"id":"gen9vgc2023regulationc-1850600933","p1":"Wkjdhfbf","p2":"PkMn BitMaster","format":"[Gen 9] VGC 2023 Regulation C","log":"|j|\u2606Wkjdhfbf\n|j|\u2606PkMn BitMaster\n|t:|1682352057\n|gametype|doubles\n|player|p1|Wkjdhfbf|266|1086\n|player|p2|PkMn BitMaster|fisherman-gen4|1101\n|teamsize|p1|6\n|teamsize|p2|6\n|gen|9\n|tier|[Gen 9] VGC 2023 Regulation C\n|rated|\n|rule|Species Clause: Limit one of each Pok\u00e9mon\n|rule|Item Clause: Limit one of each item\n|clearpoke\n|poke|p1|Gholdengo, L50|\n|poke|p1|Rotom-Wash, L50|\n|poke|p1|Garchomp, L50, M|\n|poke|p1|Talonflame, L50, M|\n|poke|p1|Wo-Chien, L50|\n|poke|p1|Glimmora, L50, M|\n|poke|p2|Gholdengo, L50|\n|poke|p2|Murkrow, L50, F|\n|poke|p2|Tatsugiri, L50, F|\n|poke|p2|Dondozo, L50, F|\n|poke|p2|Brute Bonnet, L50|\n|poke|p2|Pelipper, L50, M|\n|teampreview|4\n|inactive|Battle timer is ON: inactive players will automatically lose when time's up. (requested by PkMn BitMaster)\nPkMn BitMaster rejected open team sheets.\n|\n|t:|1682352086\n|start\n|switch|p1a: Glimmora|Glimmora, L50, M|100\/100\n|switch|p1b: Wo-Chien|Wo-Chien, L50|100\/100\n|switch|p2a: Tatsugiri|Tatsugiri, L50, F|100\/100\n|switch|p2b: Dondozo|Dondozo, L50, F|100\/100\n|-activate|p2a: Tatsugiri|ability: Commander|[of] p2b: Dondozo\n|-boost|p2b: Dondozo|atk|2\n|-boost|p2b: Dondozo|spa|2\n|-boost|p2b: Dondozo|spe|2\n|-boost|p2b: Dondozo|def|2\n|-boost|p2b: Dondozo|spd|2\n|-ability|p1b: Wo-Chien|Tablets of Ruin\n|turn|1\n|\n|t:|1682352094\n|-terastallize|p1a: Glimmora|Grass\n|move|p2b: Dondozo|Earthquake|p1b: Wo-Chien|[spread] p1a,p1b\n|-miss|p2b: Dondozo|p2a: Tatsugiri\n|-resisted|p1a: Glimmora\n|-resisted|p1b: Wo-Chien\n|-damage|p1a: Glimmora|85\/100\n|-damage|p1b: Wo-Chien|85\/100\n|-activate|p1a: Glimmora|ability: Toxic Debris\n|-sidestart|p2: PkMn BitMaster|move: Toxic Spikes\n|move|p1a: Glimmora|Mortal Spin|p2a: Tatsugiri|[spread] p2b\n|-miss|p1a: Glimmora|p2a: Tatsugiri\n|-damage|p2b: Dondozo|99\/100\n|-status|p2b: Dondozo|psn\n|move|p1b: Wo-Chien|Leech Seed|p2b: Dondozo\n|-start|p2b: Dondozo|move: Leech Seed\n|\n|-heal|p2b: Dondozo|100\/100 psn|[from] item: Leftovers\n|-damage|p2b: Dondozo|88\/100 psn|[from] Leech Seed|[of] p1b: Wo-Chien\n|-heal|p1b: Wo-Chien|100\/100|[silent]\n|-damage|p2b: Dondozo|76\/100 psn|[from] psn\n|upkeep\n|turn|2\n|inactive|PkMn BitMaster has 30 seconds left.\n|inactive|PkMn BitMaster has 20 seconds left.\n|\n|t:|1682352130\n|move|p2b: Dondozo|Wave Crash|p1a: Glimmora\n|-resisted|p1a: Glimmora\n|-damage|p1a: Glimmora|48\/100\n|-activate|p1a: Glimmora|ability: Toxic Debris\n|-sidestart|p2: PkMn BitMaster|move: Toxic Spikes\n|-damage|p2b: Dondozo|67\/100 psn|[from] Recoil\n|move|p1a: Glimmora|Sludge Bomb|p2b: Dondozo\n|-damage|p2b: Dondozo|45\/100 psn\n|move|p1b: Wo-Chien|Knock Off|p2b: Dondozo\n|-damage|p2b: Dondozo|37\/100 psn\n|-enditem|p2b: Dondozo|Leftovers|[from] move: Knock Off|[of] p1b: Wo-Chien\n|\n|-damage|p2b: Dondozo|25\/100 psn|[from] Leech Seed|[of] p1b: Wo-Chien\n|-damage|p2b: Dondozo|12\/100 psn|[from] psn\n|upkeep\n|turn|3\n|inactive|Wkjdhfbf has 30 seconds left.\n|\n|t:|1682352155\n|switch|p1a: Rotom|Rotom-Wash, L50|100\/100\n|move|p2b: Dondozo|Wave Crash|p1a: Rotom\n|-resisted|p1a: Rotom\n|-damage|p1a: Rotom|53\/100\n|-damage|p2b: Dondozo|2\/100 psn|[from] Recoil\n|move|p1b: Wo-Chien|Pollen Puff|p1a: Rotom\n|-heal|p1a: Rotom|100\/100\n|\n|-damage|p2b: Dondozo|0 fnt|[from] Leech Seed|[of] p1b: Wo-Chien\n|faint|p2b: Dondozo\n|upkeep\n|\n|t:|1682352166\n|switch|p2b: Gholdengo|Gholdengo, L50|100\/100\n|turn|4\n|inactive|PkMn BitMaster has 30 seconds left.\n|inactive|PkMn BitMaster has 20 seconds left.\n|\n|t:|1682352202\n|-terastallize|p2a: Tatsugiri|Dragon\n|move|p2a: Tatsugiri|Protect|p2a: Tatsugiri\n|-singleturn|p2a: Tatsugiri|Protect\n|move|p2b: Gholdengo|Make It Rain|p1b: Wo-Chien|[spread] p1a,p1b\n|-resisted|p1a: Rotom\n|-damage|p1a: Rotom|86\/100\n|-damage|p1b: Wo-Chien|58\/100\n|-unboost|p2b: Gholdengo|spa|1\n|move|p1a: Rotom|Eerie Impulse|p2a: Tatsugiri\n|-activate|p2a: Tatsugiri|move: Protect\n|move|p1b: Wo-Chien|Knock Off|p2b: Gholdengo\n|-supereffective|p2b: Gholdengo\n|-damage|p2b: Gholdengo|40\/100\n|-enditem|p2b: Gholdengo|Choice Specs|[from] move: Knock Off|[of] p1b: Wo-Chien\n|\n|-heal|p1a: Rotom|92\/100|[from] item: Leftovers\n|upkeep\n|turn|5\n|inactive|PkMn BitMaster has 30 seconds left.\n|inactive|PkMn BitMaster has 20 seconds left.\n|\n|t:|1682352237\n|move|p1b: Wo-Chien|Protect|p1b: Wo-Chien\n|-singleturn|p1b: Wo-Chien|Protect\n|move|p2b: Gholdengo|Recover|p2b: Gholdengo\n|-heal|p2b: Gholdengo|90\/100\n|move|p2a: Tatsugiri|Draco Meteor|p1b: Wo-Chien\n|-activate|p1b: Wo-Chien|move: Protect\n|move|p1a: Rotom|Eerie Impulse|p2a: Tatsugiri\n|-unboost|p2a: Tatsugiri|spa|2\n|\n|-heal|p1a: Rotom|98\/100|[from] item: Leftovers\n|upkeep\n|turn|6\n|\n|t:|1682352255\n|switch|p2a: Murkrow|Murkrow, L50, F|100\/100\n|move|p1a: Rotom|Protect|p1a: Rotom\n|-singleturn|p1a: Rotom|Protect\n|move|p2b: Gholdengo|Recover|p2b: Gholdengo\n|-heal|p2b: Gholdengo|100\/100\n|move|p1b: Wo-Chien|Leech Seed|p2a: Murkrow\n|-start|p2a: Murkrow|move: Leech Seed\n|\n|-heal|p1a: Rotom|100\/100|[from] item: Leftovers\n|-damage|p2a: Murkrow|88\/100|[from] Leech Seed|[of] p1b: Wo-Chien\n|-heal|p1b: Wo-Chien|69\/100|[silent]\n|upkeep\n|turn|7\n|\n|t:|1682352277\n|move|p2a: Murkrow|Perish Song|p2a: Murkrow\n|-start|p1a: Rotom|perish3|[silent]\n|-start|p1b: Wo-Chien|perish3|[silent]\n|-start|p2a: Murkrow|perish3|[silent]\n|-immune|p2b: Gholdengo|[from] ability: Good as Gold\n|-fieldactivate|move: Perish Song\n|move|p2b: Gholdengo|Make It Rain|p1b: Wo-Chien|[spread] p1a,p1b\n|-resisted|p1a: Rotom\n|-damage|p1a: Rotom|95\/100\n|-damage|p1b: Wo-Chien|51\/100\n|-unboost|p2b: Gholdengo|spa|1\n|move|p1a: Rotom|Thunderbolt|p2a: Murkrow\n|-supereffective|p2a: Murkrow\n|-damage|p2a: Murkrow|31\/100\n|move|p1b: Wo-Chien|Knock Off|p2a: Murkrow\n|-resisted|p2a: Murkrow\n|-damage|p2a: Murkrow|14\/100\n|-enditem|p2a: Murkrow|Eviolite|[from] move: Knock Off|[of] p1b: Wo-Chien\n|\n|-heal|p1a: Rotom|100\/100|[from] item: Leftovers\n|-damage|p2a: Murkrow|2\/100|[from] Leech Seed|[of] p1b: Wo-Chien\n|-heal|p1b: Wo-Chien|61\/100|[silent]\n|-start|p2a: Murkrow|perish3\n|-start|p1a: Rotom|perish3\n|-start|p1b: Wo-Chien|perish3\n|upkeep\n|turn|8\n|inactive|PkMn BitMaster has 30 seconds left.\n|inactive|PkMn BitMaster has 20 seconds left.\n|inactive|PkMn BitMaster has 15 seconds left.\n|\n|t:|1682352321\n|switch|p1b: Glimmora|Glimmora, L50, M, tera:Grass|48\/100\n|move|p2a: Murkrow|Haze|p2a: Murkrow\n|-clearallboost\n|move|p2b: Gholdengo|Shadow Ball|p1a: Rotom\n|-damage|p1a: Rotom|67\/100\n|move|p1a: Rotom|Thunderbolt|p2b: Gholdengo\n|-damage|p2b: Gholdengo|60\/100\n|\n|-heal|p1a: Rotom|73\/100|[from] item: Leftovers\n|-damage|p2a: Murkrow|0 fnt|[from] Leech Seed|[of] p1b: Glimmora\n|-heal|p1b: Glimmora|50\/100|[silent]\n|faint|p2a: Murkrow\n|-start|p1a: Rotom|perish2\n|upkeep\n|\n|t:|1682352338\n|switch|p2a: Tatsugiri|Tatsugiri, L50, F, tera:Dragon|100\/100\n|-status|p2a: Tatsugiri|tox\n|turn|9\n|\n|t:|1682352352\n|move|p2b: Gholdengo|Make It Rain|p1a: Rotom|[spread] p1a,p1b\n|-resisted|p1a: Rotom\n|-crit|p1b: Glimmora\n|-damage|p1a: Rotom|64\/100\n|-damage|p1b: Glimmora|2\/100\n|-unboost|p2b: Gholdengo|spa|1\n|move|p2a: Tatsugiri|Facade|p1a: Rotom\n|-damage|p1a: Rotom|33\/100\n|move|p1a: Rotom|Eerie Impulse|p2a: Tatsugiri\n|-unboost|p2a: Tatsugiri|spa|2\n|move|p1b: Glimmora|Earth Power|p2b: Gholdengo\n|-supereffective|p2b: Gholdengo\n|-damage|p2b: Gholdengo|0 fnt\n|faint|p2b: Gholdengo\n|\n|-heal|p1a: Rotom|39\/100|[from] item: Leftovers\n|-damage|p2a: Tatsugiri|95\/100 tox|[from] psn\n|-start|p1a: Rotom|perish1\n|upkeep\n|turn|10\n|\n|t:|1682352373\n|switch|p1a: Wo-Chien|Wo-Chien, L50|61\/100\n|-ability|p1a: Wo-Chien|Tablets of Ruin\n|move|p2a: Tatsugiri|Facade|p1b: Glimmora\n|-damage|p1b: Glimmora|0 fnt\n|faint|p1b: Glimmora\n|\n|-damage|p2a: Tatsugiri|84\/100 tox|[from] psn\n|upkeep\n|\n|t:|1682352385\n|switch|p1b: Rotom|Rotom-Wash, L50|39\/100\n|turn|11\n|\n|t:|1682352398\n|move|p1b: Rotom|Protect|p1b: Rotom\n|-singleturn|p1b: Rotom|Protect\n|move|p2a: Tatsugiri|Draco Meteor|p1b: Rotom\n|-activate|p1b: Rotom|move: Protect\n|move|p1a: Wo-Chien|Leech Seed|p2a: Tatsugiri\n|-start|p2a: Tatsugiri|move: Leech Seed\n|\n|-heal|p1b: Rotom|44\/100|[from] item: Leftovers\n|-damage|p2a: Tatsugiri|72\/100 tox|[from] Leech Seed|[of] p1a: Wo-Chien\n|-heal|p1a: Wo-Chien|70\/100|[silent]\n|-damage|p2a: Tatsugiri|55\/100 tox|[from] psn\n|upkeep\n|turn|12\n|\n|t:|1682352420\n|move|p2a: Tatsugiri|Draco Meteor|p1b: Rotom\n|-damage|p1b: Rotom|14\/100\n|-unboost|p2a: Tatsugiri|spa|2\n|move|p1b: Rotom|Eerie Impulse|p2a: Tatsugiri\n|-unboost|p2a: Tatsugiri|spa|2\n|move|p1a: Wo-Chien|Pollen Puff|p1b: Rotom\n|-heal|p1b: Rotom|64\/100\n|\n|-heal|p1b: Rotom|69\/100|[from] item: Leftovers\n|-damage|p2a: Tatsugiri|43\/100 tox|[from] Leech Seed|[of] p1a: Wo-Chien\n|-heal|p1a: Wo-Chien|79\/100|[silent]\n|-damage|p2a: Tatsugiri|21\/100 tox|[from] psn\n|upkeep\n|turn|13\n|\n|t:|1682352434\n|move|p2a: Tatsugiri|Facade|p1a: Wo-Chien\n|-damage|p1a: Wo-Chien|59\/100\n|move|p1b: Rotom|Thunderbolt|p2a: Tatsugiri\n|-resisted|p2a: Tatsugiri\n|-damage|p2a: Tatsugiri|0 fnt\n|faint|p2a: Tatsugiri\n|\n|win|Wkjdhfbf\n|raw|Wkjdhfbf's rating: 1086 → 1114<\/strong> (+28 for winning)\n|raw|PkMn BitMaster's rating: 1101 → 1075<\/strong> (-26 for losing)\n|l|\u2606PkMn BitMaster\n","uploadtime":1682352445,"views":21,"p1id":"wkjdhfbf","p2id":"pkmnbitmaster","formatid":"gen9vgc2023regulationc","rating":1075,"private":0,"password":""}