{"id":"gen9vgc2023regulationc-1845809425","p1":"a lonely fart","p2":"Faunasaur","format":"[Gen 9] VGC 2023 Regulation C","log":"|j|\u2606a lonely fart\n|j|\u2606Faunasaur\n|t:|1681766752\n|gametype|doubles\n|player|p1|a lonely fart|101|1265\n|player|p2|Faunasaur|bellelba|1343\n|teamsize|p1|6\n|teamsize|p2|6\n|gen|9\n|tier|[Gen 9] VGC 2023 Regulation C\n|rated|\n|rule|Species Clause: Limit one of each Pok\u00e9mon\n|rule|Item Clause: Limit one of each item\n|clearpoke\n|poke|p1|Gyarados, L50, F|\n|poke|p1|Scizor, L50, M|\n|poke|p1|Amoonguss, L50, F|\n|poke|p1|Arcanine, L50, F|\n|poke|p1|Flutter Mane, L50|\n|poke|p1|Iron Bundle, L50|\n|poke|p2|Chi-Yu, L50|\n|poke|p2|Talonflame, L50, F|\n|poke|p2|Maushold, L50|\n|poke|p2|Flutter Mane, L50|\n|poke|p2|Breloom, L50, F|\n|poke|p2|Chien-Pao, L50|\n|teampreview|4\n|inactive|Battle timer is ON: inactive players will automatically lose when time's up. (requested by a lonely fart)\n|\n|t:|1681766805\n|start\n|switch|p1a: Gyarados|Gyarados, L50, F|100\/100\n|switch|p1b: Scizor|Scizor, L50, M|100\/100\n|switch|p2a: Maureece|Maushold, L50|100\/100\n|switch|p2b: Lucy|Chi-Yu, L50|100\/100\n|-ability|p2b: Lucy|Beads of Ruin\n|-ability|p1a: Gyarados|Intimidate|boost\n|-unboost|p2a: Maureece|atk|1\n|-unboost|p2b: Lucy|atk|1\n|turn|1\n|\n|t:|1681766822\n|-terastallize|p1b: Scizor|Fire\n|move|p2a: Maureece|Follow Me|p2a: Maureece\n|-singleturn|p2a: Maureece|move: Follow Me\n|move|p2b: Lucy|Nasty Plot|p2b: Lucy\n|-boost|p2b: Lucy|spa|2\n|move|p1a: Gyarados|Thunder Wave|p2a: Maureece|[miss]\n|-miss|p1a: Gyarados|p2a: Maureece\n|move|p1b: Scizor|Swords Dance|p1b: Scizor\n|-boost|p1b: Scizor|atk|2\n|\n|upkeep\n|turn|2\n|\n|t:|1681766846\n|move|p2b: Lucy|Protect|p2b: Lucy\n|-singleturn|p2b: Lucy|Protect\n|move|p1b: Scizor|Protect|p1b: Scizor\n|-singleturn|p1b: Scizor|Protect\n|move|p2a: Maureece|Encore|p1b: Scizor\n|-activate|p1b: Scizor|move: Protect\n|move|p1a: Gyarados|Thunder Wave|p2b: Lucy\n|-activate|p2b: Lucy|move: Protect\n|\n|upkeep\n|turn|3\n|inactive|Faunasaur has 30 seconds left.\n|\n|t:|1681766874\n|switch|p1a: Arcanine|Arcanine, L50, F|100\/100\n|-ability|p1a: Arcanine|Intimidate|boost\n|-unboost|p2a: Maureece|atk|1\n|-unboost|p2b: Lucy|atk|1\n|move|p2a: Maureece|Follow Me|p2a: Maureece\n|-singleturn|p2a: Maureece|move: Follow Me\n|move|p1b: Scizor|Bullet Punch|p2a: Maureece\n|-damage|p2a: Maureece|25\/100\n|move|p2b: Lucy|Dark Pulse|p1a: Arcanine\n|-damage|p1a: Arcanine|21\/100\n|\n|upkeep\n|turn|4\n|inactive|Faunasaur has 30 seconds left.\n|\n|t:|1681766907\n|-terastallize|p2b: Lucy|Fire\n|move|p2a: Maureece|Follow Me|p2a: Maureece\n|-singleturn|p2a: Maureece|move: Follow Me\n|move|p1a: Arcanine|Extreme Speed|p2a: Maureece\n|-damage|p2a: Maureece|0 fnt\n|faint|p2a: Maureece\n|move|p1b: Scizor|Bullet Punch|p2b: Lucy\n|-resisted|p2b: Lucy\n|-crit|p2b: Lucy\n|-damage|p2b: Lucy|32\/100\n|move|p2b: Lucy|Heat Wave|p1b: Scizor|[spread] p1a,p1b\n|-resisted|p1a: Arcanine\n|-resisted|p1b: Scizor\n|-damage|p1a: Arcanine|0 fnt\n|-damage|p1b: Scizor|33\/100\n|faint|p1a: Arcanine\n|\n|upkeep\n|inactive|Faunasaur has 30 seconds left.\n|\n|t:|1681766935\n|switch|p2a: Birdie|Talonflame, L50, F|100\/100\n|switch|p1a: Iron Bundle|Iron Bundle, L50|100\/100\n|-enditem|p1a: Iron Bundle|Booster Energy\n|-activate|p1a: Iron Bundle|ability: Quark Drive|[fromitem]\n|-start|p1a: Iron Bundle|quarkdrivespe\n|turn|5\n|inactive|Faunasaur has 30 seconds left.\n|\n|t:|1681766968\n|move|p1b: Scizor|Protect|p1b: Scizor\n|-singleturn|p1b: Scizor|Protect\n|move|p2a: Birdie|Tailwind|p2a: Birdie\n|-sidestart|p2: Faunasaur|move: Tailwind\n|move|p2b: Lucy|Heat Wave|p1a: Iron Bundle|[spread] \n|-activate|p1b: Scizor|move: Protect\n|-miss|p2b: Lucy|p1a: Iron Bundle\n|move|p1a: Iron Bundle|Icy Wind|p2b: Lucy|[spread] p2a,p2b\n|-resisted|p2b: Lucy\n|-damage|p2a: Birdie|65\/100\n|-damage|p2b: Lucy|22\/100\n|-unboost|p2a: Birdie|spe|1\n|-unboost|p2b: Lucy|spe|1\n|\n|upkeep\n|turn|6\n|\n|t:|1681766990\n|move|p2b: Lucy|Protect|p2b: Lucy\n|-singleturn|p2b: Lucy|Protect\n|move|p1b: Scizor|Bullet Punch|p2b: Lucy\n|-activate|p2b: Lucy|move: Protect\n|move|p1a: Iron Bundle|Hydro Pump|p2a: Birdie|[miss]\n|-miss|p1a: Iron Bundle|p2a: Birdie\n|move|p2a: Birdie|Flare Blitz|p1a: Iron Bundle\n|-damage|p1a: Iron Bundle|62\/100\n|-damage|p2a: Birdie|55\/100|[from] Recoil\n|\n|upkeep\n|turn|7\n|\n|t:|1681767010\n|move|p1b: Scizor|Bullet Punch|p2b: Lucy\n|-resisted|p2b: Lucy\n|-damage|p2b: Lucy|0 fnt\n|faint|p2b: Lucy\n|move|p1a: Iron Bundle|Hydro Pump|p2a: Birdie\n|-supereffective|p2a: Birdie\n|-damage|p2a: Birdie|0 fnt\n|faint|p2a: Birdie\n|\n|upkeep\n|-message|Faunasaur forfeited.\n|\n|win|a lonely fart\n|raw|a lonely fart's rating: 1265 → 1296<\/strong> (+31 for winning)\n|raw|Faunasaur's rating: 1343 → 1319<\/strong> (-24 for losing)\n|l|\u2606Faunasaur\n","uploadtime":1681767024,"views":7,"p1id":"alonelyfart","p2id":"faunasaur","formatid":"gen9vgc2023regulationc","rating":1296,"private":0,"password":""}