{"id":"gen9vgc2023regulationc-1859471413","p1":"Wellington Kobs","p2":"iraqanid","format":"[Gen 9] VGC 2023 Regulation C","log":"|j|\u2606Wellington Kobs\n|j|\u2606iraqanid\n|t:|1683472833\n|gametype|doubles\n|player|p1|Wellington Kobs|blue|1238\n|player|p2|iraqanid|biker|1271\n|teamsize|p1|6\n|teamsize|p2|6\n|gen|9\n|tier|[Gen 9] VGC 2023 Regulation C\n|rated|\n|rule|Species Clause: Limit one of each Pok\u00e9mon\n|rule|Item Clause: Limit one of each item\n|clearpoke\n|poke|p1|Iron Hands, L50|\n|poke|p1|Amoonguss, L50, F|\n|poke|p1|Pelipper, L50, F|\n|poke|p1|Palafin, L50, F|\n|poke|p1|Chien-Pao, L50|\n|poke|p1|Dragonite, L50, F|\n|poke|p2|Chien-Pao, L50|\n|poke|p2|Breloom, L50, F|\n|poke|p2|Garganacl, L50, M|\n|poke|p2|Dondozo, L50, F|\n|poke|p2|Arcanine, L50, M|\n|poke|p2|Iron Bundle, L50|\n|teampreview|4\n|inactive|Battle timer is ON: inactive players will automatically lose when time's up. (requested by Wellington Kobs)\n|\n|t:|1683472870\n|start\n|switch|p1a: Eragon|Dragonite, L50, F|100\/100\n|switch|p1b: Luca Proda|Iron Hands, L50|100\/100\n|switch|p2a: Garganacl|Garganacl, L50, M|100\/100\n|switch|p2b: Arcanine|Arcanine, L50, M|100\/100\n|-ability|p2b: Arcanine|Intimidate|boost\n|-unboost|p1a: Eragon|atk|1\n|-unboost|p1b: Luca Proda|atk|1\n|turn|1\n|\n|t:|1683472887\n|switch|p1a: El Lluvias|Pelipper, L50, F|100\/100\n|-weather|RainDance|[from] ability: Drizzle|[of] p1a: El Lluvias\n|move|p2a: Garganacl|Protect|p2a: Garganacl\n|-singleturn|p2a: Garganacl|Protect\n|move|p1b: Luca Proda|Fake Out|p2a: Garganacl\n|-activate|p2a: Garganacl|move: Protect\n|move|p2b: Arcanine|Will-O-Wisp|p1a: El Lluvias\n|-status|p1a: El Lluvias|brn\n|\n|-weather|RainDance|[upkeep]\n|-damage|p1a: El Lluvias|95\/100 brn|[from] brn\n|upkeep\n|turn|2\n|inactive|Wellington Kobs has 30 seconds left.\n|\n|t:|1683472912\n|switch|p2b: Iron Bundle|Iron Bundle, L50|100\/100\n|-enditem|p2b: Iron Bundle|Booster Energy\n|-activate|p2b: Iron Bundle|ability: Quark Drive|[fromitem]\n|-start|p2b: Iron Bundle|quarkdrivespe\n|-terastallize|p2a: Garganacl|Water\n|move|p1a: El Lluvias|Hydro Pump|p2a: Garganacl\n|-resisted|p2a: Garganacl\n|-damage|p2a: Garganacl|74\/100\n|move|p1b: Luca Proda|Volt Switch|p2b: Iron Bundle\n|-supereffective|p2b: Iron Bundle\n|-damage|p2b: Iron Bundle|49\/100\n|\n|t:|1683472924\n|-end|p1b: Luca Proda|Quark Drive|[silent]\n|switch|p1b: Chien-Pao|Chien-Pao, L50|100\/100|[from] Volt Switch\n|-ability|p1b: Chien-Pao|Sword of Ruin\n|move|p2a: Garganacl|Salt Cure|p1a: El Lluvias\n|-supereffective|p1a: El Lluvias\n|-damage|p1a: El Lluvias|49\/100 brn\n|-start|p1a: El Lluvias|Salt Cure\n|\n|-weather|RainDance|[upkeep]\n|-damage|p1a: El Lluvias|43\/100 brn|[from] brn\n|-damage|p1a: El Lluvias|18\/100 brn|[from] Salt Cure\n|upkeep\n|turn|3\n|\n|t:|1683472935\n|move|p2b: Iron Bundle|Protect|p2b: Iron Bundle\n|-singleturn|p2b: Iron Bundle|Protect\n|move|p1a: El Lluvias|Protect|p1a: El Lluvias\n|-singleturn|p1a: El Lluvias|Protect\n|move|p1b: Chien-Pao|Sacred Sword|p2b: Iron Bundle\n|-activate|p2b: Iron Bundle|move: Protect\n|move|p2a: Garganacl|Salt Cure|p1b: Chien-Pao\n|-supereffective|p1b: Chien-Pao\n|-damage|p1b: Chien-Pao|64\/100\n|-start|p1b: Chien-Pao|Salt Cure\n|\n|-weather|RainDance|[upkeep]\n|-damage|p1a: El Lluvias|12\/100 brn|[from] brn\n|-damage|p1b: Chien-Pao|52\/100|[from] Salt Cure\n|-damage|p1a: El Lluvias|0 fnt|[from] Salt Cure\n|faint|p1a: El Lluvias\n|upkeep\n|\n|t:|1683472938\n|switch|p1a: Luca Proda|Iron Hands, L50|100\/100\n|turn|4\n|inactive|iraqanid has 30 seconds left.\n|\n|t:|1683472963\n|-end|p2b: Iron Bundle|Quark Drive|[silent]\n|switch|p2b: Dondozo|Dondozo, L50, F|100\/100\n|switch|p2a: Arcanine|Arcanine, L50, M|100\/100\n|-ability|p2a: Arcanine|Intimidate|boost\n|-unboost|p1a: Luca Proda|atk|1\n|-unboost|p1b: Chien-Pao|atk|1\n|move|p1b: Chien-Pao|Sacred Sword|p2b: Dondozo\n|-damage|p2b: Dondozo|71\/100\n|-damage|p1b: Chien-Pao|42\/100|[from] item: Life Orb\n|move|p1a: Luca Proda|Wild Charge|p2a: Arcanine\n|-damage|p2a: Arcanine|57\/100\n|-damage|p1a: Luca Proda|92\/100|[from] Recoil\n|\n|-weather|RainDance|[upkeep]\n|-heal|p2b: Dondozo|77\/100|[from] item: Leftovers\n|-damage|p1b: Chien-Pao|30\/100|[from] Salt Cure\n|upkeep\n|turn|5\n|\n|t:|1683472983\n|move|p1b: Chien-Pao|Protect|p1b: Chien-Pao\n|-singleturn|p1b: Chien-Pao|Protect\n|move|p2b: Dondozo|Protect|p2b: Dondozo\n|-singleturn|p2b: Dondozo|Protect\n|move|p2a: Arcanine|Will-O-Wisp|p1a: Luca Proda|[miss]\n|-miss|p2a: Arcanine|p1a: Luca Proda\n|move|p1a: Luca Proda|Wild Charge|p2b: Dondozo\n|-activate|p2b: Dondozo|move: Protect\n|\n|-weather|none\n|-heal|p2b: Dondozo|83\/100|[from] item: Leftovers\n|-damage|p1b: Chien-Pao|18\/100|[from] Salt Cure\n|upkeep\n|turn|6\n|inactive|iraqanid has 30 seconds left.\n|\n|t:|1683473016\n|switch|p1b: Eragon|Dragonite, L50, F|100\/100\n|move|p2a: Arcanine|Will-O-Wisp|p1a: Luca Proda\n|-status|p1a: Luca Proda|brn\n|move|p1a: Luca Proda|Wild Charge|p2b: Dondozo\n|-supereffective|p2b: Dondozo\n|-damage|p2b: Dondozo|54\/100\n|-damage|p1a: Luca Proda|85\/100 brn|[from] Recoil\n|move|p2b: Dondozo|Liquidation|p1a: Luca Proda\n|-damage|p1a: Luca Proda|62\/100 brn\n|\n|-heal|p2b: Dondozo|60\/100|[from] item: Leftovers\n|-damage|p1a: Luca Proda|56\/100 brn|[from] brn\n|upkeep\n|turn|7\n|\n|t:|1683473030\n|-terastallize|p1b: Eragon|Flying\n|move|p2a: Arcanine|Will-O-Wisp|p1b: Eragon\n|-status|p1b: Eragon|brn\n|-enditem|p1b: Eragon|Lum Berry|[eat]\n|-curestatus|p1b: Eragon|brn|[msg]\n|move|p1b: Eragon|Tera Blast|p2a: Arcanine\n|-damage|p2a: Arcanine|0 fnt\n|faint|p2a: Arcanine\n|move|p1a: Luca Proda|Volt Switch|p2b: Dondozo\n|-supereffective|p2b: Dondozo\n|-damage|p2b: Dondozo|39\/100\n|\n|t:|1683473045\n|-end|p1a: Luca Proda|Quark Drive|[silent]\n|switch|p1a: Chien-Pao|Chien-Pao, L50|18\/100|[from] Volt Switch\n|-ability|p1a: Chien-Pao|Sword of Ruin\n|move|p2b: Dondozo|Yawn|p1b: Eragon\n|-start|p1b: Eragon|move: Yawn|[of] p2b: Dondozo\n|\n|-heal|p2b: Dondozo|45\/100|[from] item: Leftovers\n|upkeep\n|\n|t:|1683473061\n|switch|p2a: Iron Bundle|Iron Bundle, L50|49\/100\n|turn|8\n|inactive|iraqanid has 30 seconds left.\n|\n|t:|1683473089\n|move|p1a: Chien-Pao|Protect|p1a: Chien-Pao\n|-singleturn|p1a: Chien-Pao|Protect\n|move|p1b: Eragon|Extreme Speed|p2a: Iron Bundle\n|-damage|p2a: Iron Bundle|0 fnt\n|faint|p2a: Iron Bundle\n|-end|p2a: Iron Bundle|Quark Drive|[silent]\n|move|p2b: Dondozo|Liquidation|p1a: Chien-Pao\n|-activate|p1a: Chien-Pao|move: Protect\n|\n|-heal|p2b: Dondozo|51\/100|[from] item: Leftovers\n|-end|p1b: Eragon|move: Yawn|[silent]\n|-status|p1b: Eragon|slp\n|upkeep\n|\n|t:|1683473093\n|switch|p2a: Garganacl|Garganacl, L50, M, tera:Water|74\/100\n|turn|9\n|inactive|Wellington Kobs has 30 seconds left.\n|\n|t:|1683473119\n|move|p1a: Chien-Pao|Sacred Sword|p2a: Garganacl\n|-damage|p2a: Garganacl|40\/100\n|-enditem|p2a: Garganacl|Sitrus Berry|[eat]\n|-heal|p2a: Garganacl|65\/100|[from] item: Sitrus Berry\n|-damage|p1a: Chien-Pao|8\/100|[from] item: Life Orb\n|cant|p1b: Eragon|slp\n|move|p2b: Dondozo|Liquidation|p1a: Chien-Pao\n|-damage|p1a: Chien-Pao|0 fnt\n|faint|p1a: Chien-Pao\n|move|p2a: Garganacl|Salt Cure|p1b: Eragon\n|-supereffective|p1b: Eragon\n|-damage|p1b: Eragon|86\/100 slp\n|-start|p1b: Eragon|Salt Cure\n|\n|-heal|p2b: Dondozo|57\/100|[from] item: Leftovers\n|-damage|p1b: Eragon|74\/100 slp|[from] Salt Cure\n|upkeep\n|\n|t:|1683473124\n|switch|p1a: Luca Proda|Iron Hands, L50|56\/100 brn\n|turn|10\n|\n|t:|1683473144\n|cant|p1b: Eragon|slp\n|move|p1a: Luca Proda|Wild Charge|p2b: Dondozo\n|-supereffective|p2b: Dondozo\n|-damage|p2b: Dondozo|27\/100\n|-damage|p1a: Luca Proda|49\/100 brn|[from] Recoil\n|move|p2b: Dondozo|Liquidation|p1a: Luca Proda\n|-damage|p1a: Luca Proda|24\/100 brn\n|move|p2a: Garganacl|Salt Cure|p1a: Luca Proda\n|-resisted|p1a: Luca Proda\n|-damage|p1a: Luca Proda|20\/100 brn\n|-start|p1a: Luca Proda|Salt Cure\n|\n|-heal|p2b: Dondozo|33\/100|[from] item: Leftovers\n|-damage|p1a: Luca Proda|13\/100 brn|[from] brn\n|-damage|p1b: Eragon|62\/100 slp|[from] Salt Cure\n|-damage|p1a: Luca Proda|1\/100 brn|[from] Salt Cure\n|upkeep\n|turn|11\n|\n|t:|1683473154\n|move|p2b: Dondozo|Protect|p2b: Dondozo\n|-singleturn|p2b: Dondozo|Protect\n|move|p2a: Garganacl|Protect|p2a: Garganacl\n|-singleturn|p2a: Garganacl|Protect\n|-curestatus|p1b: Eragon|slp|[msg]\n|move|p1b: Eragon|Tera Blast|p2a: Garganacl\n|-activate|p2a: Garganacl|move: Protect\n|move|p1a: Luca Proda|Wild Charge|p2b: Dondozo\n|-activate|p2b: Dondozo|move: Protect\n|\n|-heal|p2b: Dondozo|39\/100|[from] item: Leftovers\n|-damage|p1a: Luca Proda|0 fnt|[from] brn\n|faint|p1a: Luca Proda\n|-end|p1a: Luca Proda|Quark Drive|[silent]\n|-damage|p1b: Eragon|50\/100|[from] Salt Cure\n|upkeep\n|turn|12\n|\n|t:|1683473161\n|move|p1b: Eragon|Tera Blast|p2b: Dondozo\n|-damage|p2b: Dondozo|3\/100\n|move|p2b: Dondozo|Liquidation|p1b: Eragon\n|-damage|p1b: Eragon|17\/100\n|move|p2a: Garganacl|Salt Cure|p1b: Eragon\n|-supereffective|p1b: Eragon\n|-damage|p1b: Eragon|0 fnt\n|faint|p1b: Eragon\n|\n|win|iraqanid\n|raw|Wellington Kobs's rating: 1238 → 1215<\/strong> (-23 for losing)\n|raw|iraqanid's rating: 1271 → 1294<\/strong> (+23 for winning)\n|l|\u2606Wellington Kobs\n","uploadtime":1683473169,"views":14,"p1id":"wellingtonkobs","p2id":"iraqanid","formatid":"gen9vgc2023regulationc","rating":1215,"private":0,"password":""}