{"id":"gen9vgc2023regulationc-1846002015","p1":"Audi A5 Sportback","p2":"maanunu","format":"[Gen 9] VGC 2023 Regulation C","log":"|j|\u2606Audi A5 Sportback\n|j|\u203dmaanunu\n|t:|1681789693\n|gametype|doubles\n|player|p1|Audi A5 Sportback|101|1259\n|player|p2|maanunu|lyra|1308\n|teamsize|p1|6\n|teamsize|p2|6\n|gen|9\n|tier|[Gen 9] VGC 2023 Regulation C\n|rated|\n|rule|Species Clause: Limit one of each Pok\u00e9mon\n|rule|Item Clause: Limit one of each item\n|clearpoke\n|poke|p1|Roaring Moon, L50|\n|poke|p1|Flutter Mane, L50|\n|poke|p1|Ting-Lu, L50|\n|poke|p1|Arcanine, L50, M|\n|poke|p1|Amoonguss, L50, M|\n|poke|p1|Palafin, L50, F|\n|poke|p2|Dragapult, L50, M|\n|poke|p2|Chi-Yu, L50|\n|poke|p2|Flutter Mane, L50|\n|poke|p2|Iron Bundle, L50|\n|poke|p2|Amoonguss, L50, M|\n|poke|p2|Arcanine, L50, F|\n|teampreview|4\n|inactive|Battle timer is ON: inactive players will automatically lose when time's up. (requested by maanunu)\n|inactive|Audi A5 Sportback has 60 seconds left.\n|inactive|maanunu has 60 seconds left.\n|\n|t:|1681789745\n|start\n|switch|p1a: Mimi|Flutter Mane, L50|100\/100\n|switch|p1b: Palafin|Palafin, L50, F, shiny|100\/100\n|switch|p2a: Arcanine|Arcanine, L50, F, shiny|100\/100\n|switch|p2b: Iron Bundle|Iron Bundle, L50|100\/100\n|-ability|p2a: Arcanine|Intimidate|boost\n|-unboost|p1a: Mimi|atk|1\n|-unboost|p1b: Palafin|atk|1\n|turn|1\n|\n|t:|1681789760\n|detailschange|p1b: Palafin|Palafin-Hero, L50, F, shiny\n|switch|p1b: Arcanine|Arcanine, L50, M|100\/100\n|-ability|p1b: Arcanine|Intimidate|boost\n|-unboost|p2a: Arcanine|atk|1\n|-unboost|p2b: Iron Bundle|atk|1\n|-terastallize|p2a: Arcanine|Grass\n|move|p2b: Iron Bundle|Hydro Pump|p1a: Mimi\n|-damage|p1a: Mimi|50\/100\n|move|p1a: Mimi|Thunderbolt|p2b: Iron Bundle\n|-supereffective|p2b: Iron Bundle\n|-crit|p2b: Iron Bundle\n|-enditem|p2b: Iron Bundle|Focus Sash\n|-damage|p2b: Iron Bundle|1\/100\n|move|p2a: Arcanine|Will-O-Wisp|p1b: Arcanine\n|-immune|p1b: Arcanine\n|\n|upkeep\n|turn|2\n|\n|t:|1681789779\n|move|p2b: Iron Bundle|Protect|p2b: Iron Bundle\n|-singleturn|p2b: Iron Bundle|Protect\n|move|p1b: Arcanine|Extreme Speed|p2b: Iron Bundle\n|-activate|p2b: Iron Bundle|move: Protect\n|move|p1a: Mimi|Thunderbolt|p2a: Arcanine\n|-resisted|p2a: Arcanine\n|-damage|p2a: Arcanine|74\/100\n|move|p2a: Arcanine|Flare Blitz|p1a: Mimi\n|-damage|p1a: Mimi|6\/100\n|-damage|p2a: Arcanine|63\/100|[from] Recoil\n|\n|upkeep\n|turn|3\n|\n|t:|1681789799\n|-end|p2b: Iron Bundle|Quark Drive|[silent]\n|switch|p2b: Dragapult|Dragapult, L50, M, shiny|100\/100\n|-end|p1a: Mimi|Protosynthesis|[silent]\n|switch|p1a: Palafin|Palafin-Hero, L50, F, shiny|100\/100\n|-activate|p1a: Palafin|ability: Zero to Hero\n|move|p1b: Arcanine|Extreme Speed|p2b: Dragapult\n|-immune|p2b: Dragapult\n|move|p2a: Arcanine|Flare Blitz|p1a: Palafin\n|-resisted|p1a: Palafin\n|-damage|p1a: Palafin|88\/100\n|-damage|p2a: Arcanine|59\/100|[from] Recoil\n|\n|upkeep\n|turn|4\n|\n|t:|1681789820\n|-terastallize|p1a: Palafin|Water\n|move|p2b: Dragapult|Dragon Darts|p1a: Palafin\n|-damage|p1a: Palafin|57\/100\n|-anim|p2b: Dragapult|Dragon Darts|p1b: Arcanine\n|-damage|p1b: Arcanine|59\/100\n|move|p1b: Arcanine|Flare Blitz|p2a: Arcanine\n|-supereffective|p2a: Arcanine\n|-damage|p2a: Arcanine|0 fnt\n|faint|p2a: Arcanine\n|-damage|p1b: Arcanine|40\/100|[from] Recoil\n|move|p1a: Palafin|Wave Crash|p2b: Dragapult\n|-resisted|p2b: Dragapult\n|-damage|p2b: Dragapult|15\/100\n|-damage|p1a: Palafin|34\/100|[from] Recoil\n|\n|upkeep\n|inactive|maanunu has 30 seconds left.\n|\n|t:|1681789845\n|switch|p2a: Flutter Mane|Flutter Mane, L50|100\/100\n|-enditem|p2a: Flutter Mane|Booster Energy\n|-activate|p2a: Flutter Mane|ability: Protosynthesis|[fromitem]\n|-start|p2a: Flutter Mane|protosynthesisspa\n|turn|5\n|\n|t:|1681789857\n|switch|p1b: Amoonguss|Amoonguss, L50, M, shiny|100\/100\n|move|p1a: Palafin|Jet Punch|p2b: Dragapult\n|-resisted|p2b: Dragapult\n|-damage|p2b: Dragapult|0 fnt\n|faint|p2b: Dragapult\n|move|p2a: Flutter Mane|Shadow Ball|p1b: Amoonguss\n|-damage|p1b: Amoonguss|51\/100\n|\n|upkeep\n|\n|t:|1681789867\n|switch|p2b: Iron Bundle|Iron Bundle, L50|1\/100\n|turn|6\n|\n|t:|1681789876\n|move|p2b: Iron Bundle|Protect|p2b: Iron Bundle\n|-singleturn|p2b: Iron Bundle|Protect\n|move|p1b: Amoonguss|Rage Powder|p1b: Amoonguss\n|-singleturn|p1b: Amoonguss|move: Rage Powder\n|move|p1a: Palafin|Jet Punch|p2a: Flutter Mane\n|-damage|p2a: Flutter Mane|1\/100\n|move|p2a: Flutter Mane|Shadow Ball|p1b: Amoonguss\n|-damage|p1b: Amoonguss|5\/100\n|-unboost|p1b: Amoonguss|spd|1\n|-enditem|p1b: Amoonguss|Sitrus Berry|[eat]\n|-heal|p1b: Amoonguss|30\/100|[from] item: Sitrus Berry\n|\n|upkeep\n|turn|7\n|inactive|maanunu has 30 seconds left.\n|\n|t:|1681789906\n|switch|p1b: Mimi|Flutter Mane, L50|6\/100\n|move|p2a: Flutter Mane|Protect|p2a: Flutter Mane\n|-singleturn|p2a: Flutter Mane|Protect\n|move|p1a: Palafin|Jet Punch|p2b: Iron Bundle\n|-resisted|p2b: Iron Bundle\n|-damage|p2b: Iron Bundle|0 fnt\n|faint|p2b: Iron Bundle\n|-end|p2b: Iron Bundle|Quark Drive|[silent]\n|\n|upkeep\n|turn|8\n|-message|maanunu forfeited.\n|\n|win|Audi A5 Sportback\n|raw|Audi A5 Sportback's rating: 1259 → 1288<\/strong> (+29 for winning)\n|raw|maanunu's rating: 1308 → 1285<\/strong> (-23 for losing)\n|l|\u203dmaanunu\n","uploadtime":1681789923,"views":6,"p1id":"audia5sportback","p2id":"maanunu","formatid":"gen9vgc2023regulationc","rating":1285,"private":0,"password":""}