{"id":"gen9vgc2023regulationc-1864340228","p1":"revocolombia","p2":"The_AG_Is_Real","format":"[Gen 9] VGC 2023 Regulation C","log":"|j|\u2606revocolombia\n|j|\u2606The_AG_Is_Real\n|t:|1684157345\n|gametype|doubles\n|player|p1|revocolombia|pokemonranger-gen4|1269\n|player|p2|The_AG_Is_Real|candice|1215\n|teamsize|p1|6\n|teamsize|p2|6\n|gen|9\n|tier|[Gen 9] VGC 2023 Regulation C\n|rated|\n|rule|Species Clause: Limit one of each Pok\u00e9mon\n|rule|Item Clause: Limit one of each item\n|clearpoke\n|poke|p1|Flutter Mane, L50|\n|poke|p1|Annihilape, L50, M|\n|poke|p1|Dragonite, L50, F|\n|poke|p1|Chien-Pao, L50|\n|poke|p1|Murkrow, L50, M|\n|poke|p1|Gholdengo, L50|\n|poke|p2|Staraptor, L50, F|\n|poke|p2|Iron Bundle, L50|\n|poke|p2|Arcanine, L50, F|\n|poke|p2|Ceruledge, L50, F|\n|poke|p2|Grimmsnarl, L50, M|\n|poke|p2|Gastrodon, L50, M|\n|teampreview|4\n|inactive|Battle timer is ON: inactive players will automatically lose when time's up. (requested by The_AG_Is_Real)\n|\n|t:|1684157364\n|start\n|switch|p1a: Murkrow|Murkrow, L50, M|100\/100\n|switch|p1b: Annihilape|Annihilape, L50, M|100\/100\n|switch|p2a: Iron Bundle|Iron Bundle, L50|100\/100\n|switch|p2b: Staraptor|Staraptor, L50, F|100\/100\n|-enditem|p2a: Iron Bundle|Booster Energy\n|-activate|p2a: Iron Bundle|ability: Quark Drive|[fromitem]\n|-start|p2a: Iron Bundle|quarkdrivespe\n|turn|1\n|\n|t:|1684157384\n|move|p1a: Murkrow|Taunt|p2b: Staraptor\n|-start|p2b: Staraptor|move: Taunt\n|move|p2a: Iron Bundle|Freeze-Dry|p1a: Murkrow\n|-supereffective|p1a: Murkrow\n|-damage|p1a: Murkrow|31\/100\n|move|p2b: Staraptor|Brave Bird|p1b: Annihilape\n|-supereffective|p1b: Annihilape\n|-damage|p1b: Annihilape|0 fnt\n|faint|p1b: Annihilape\n|-damage|p2b: Staraptor|58\/100|[from] Recoil\n|\n|upkeep\n|\n|t:|1684157400\n|switch|p1b: Flutter Mane|Flutter Mane, L50|100\/100\n|-enditem|p1b: Flutter Mane|Booster Energy\n|-activate|p1b: Flutter Mane|ability: Protosynthesis|[fromitem]\n|-start|p1b: Flutter Mane|protosynthesisspe\n|turn|2\n|\n|t:|1684157414\n|switch|p2b: Ceruledge|Ceruledge, L50, F|100\/100\n|move|p1a: Murkrow|Tailwind|p1a: Murkrow\n|-sidestart|p1: revocolombia|move: Tailwind\n|move|p1b: Flutter Mane|Thunderbolt|p2a: Iron Bundle\n|-supereffective|p2a: Iron Bundle\n|-crit|p2a: Iron Bundle\n|-damage|p2a: Iron Bundle|0 fnt\n|faint|p2a: Iron Bundle\n|-end|p2a: Iron Bundle|Quark Drive|[silent]\n|\n|upkeep\n|\n|t:|1684157421\n|switch|p2a: Grimmsnarl|Grimmsnarl, L50, M|100\/100\n|turn|3\n|\n|t:|1684157443\n|-terastallize|p2b: Ceruledge|Grass\n|move|p1a: Murkrow|Taunt|p2b: Ceruledge\n|-start|p2b: Ceruledge|move: Taunt\n|move|p2a: Grimmsnarl|Light Screen|p2a: Grimmsnarl\n|-sidestart|p2: The_AG_Is_Real|move: Light Screen\n|move|p1b: Flutter Mane|Shadow Ball|p2b: Ceruledge\n|-damage|p2b: Ceruledge|73\/100\n|move|p2b: Ceruledge|Shadow Claw|p1b: Flutter Mane\n|-supereffective|p1b: Flutter Mane\n|-crit|p1b: Flutter Mane\n|-damage|p1b: Flutter Mane|0 fnt\n|faint|p1b: Flutter Mane\n|-end|p1b: Flutter Mane|Protosynthesis|[silent]\n|\n|upkeep\n|\n|t:|1684157456\n|switch|p1b: Dragonite|Dragonite, L50, F|100\/100\n|turn|4\n|\n|t:|1684157475\n|move|p2a: Grimmsnarl|Reflect|p2a: Grimmsnarl\n|-sidestart|p2: The_AG_Is_Real|Reflect\n|move|p1b: Dragonite|Dragon Dance|p1b: Dragonite\n|-boost|p1b: Dragonite|atk|1\n|-boost|p1b: Dragonite|spe|1\n|move|p1a: Murkrow|Foul Play|p2b: Ceruledge\n|-damage|p2b: Ceruledge|33\/100\n|move|p2b: Ceruledge|Bitter Blade|p1b: Dragonite\n|-resisted|p1b: Dragonite\n|-damage|p1b: Dragonite|87\/100\n|-heal|p2b: Ceruledge|40\/100|[from] drain|[of] p1b: Dragonite\n|\n|upkeep\n|turn|5\n|\n|t:|1684157503\n|move|p1b: Dragonite|Extreme Speed|p2b: Ceruledge\n|-damage|p2b: Ceruledge|0 fnt\n|faint|p2b: Ceruledge\n|move|p2a: Grimmsnarl|Thunder Wave|p1b: Dragonite\n|-status|p1b: Dragonite|par\n|-enditem|p1b: Dragonite|Lum Berry|[eat]\n|-curestatus|p1b: Dragonite|par|[msg]\n|move|p1a: Murkrow|Foul Play|p2a: Grimmsnarl\n|-resisted|p2a: Grimmsnarl\n|-damage|p2a: Grimmsnarl|94\/100\n|\n|-sideend|p1: revocolombia|move: Tailwind\n|upkeep\n|\n|t:|1684157506\n|switch|p2b: Staraptor|Staraptor, L50, F|58\/100\n|turn|6\n|\n|t:|1684157521\n|move|p1a: Murkrow|Tailwind|p1a: Murkrow\n|-sidestart|p1: revocolombia|move: Tailwind\n|move|p2a: Grimmsnarl|Thunder Wave|p1b: Dragonite\n|-status|p1b: Dragonite|par\n|move|p1b: Dragonite|Thunder Punch|p2b: Staraptor\n|-supereffective|p2b: Staraptor\n|-damage|p2b: Staraptor|0 fnt\n|faint|p2b: Staraptor\n|\n|upkeep\n|turn|7\n|\n|t:|1684157538\n|-terastallize|p1b: Dragonite|Normal\n|move|p1b: Dragonite|Extreme Speed|p2a: Grimmsnarl\n|-damage|p2a: Grimmsnarl|48\/100\n|move|p1a: Murkrow|Foul Play|p2a: Grimmsnarl\n|-resisted|p2a: Grimmsnarl\n|-damage|p2a: Grimmsnarl|42\/100\n|move|p2a: Grimmsnarl|Spirit Break|p1b: Dragonite\n|-damage|p1b: Dragonite|52\/100 par\n|-unboost|p1b: Dragonite|spa|1\n|\n|upkeep\n|turn|8\n|\n|t:|1684157553\n|move|p1b: Dragonite|Extreme Speed|p2a: Grimmsnarl\n|-damage|p2a: Grimmsnarl|0 fnt\n|faint|p2a: Grimmsnarl\n|\n|win|revocolombia\n|raw|revocolombia's rating: 1269 → 1290<\/strong> (+21 for winning)\n|raw|The_AG_Is_Real's rating: 1215 → 1194<\/strong> (-21 for losing)\n|l|\u2606The_AG_Is_Real\n","uploadtime":1684157572,"views":5,"p1id":"revocolombia","p2id":"theagisreal","formatid":"gen9vgc2023regulationc","rating":1194,"private":0,"password":""}