{"id":"gen9vgc2023regulationc-1848670660","p1":"Pokebet","p2":"nose1490","format":"[Gen 9] VGC 2023 Regulation C","log":"|j|\u2606Pokebet\n|j|\u2606nose1490\n|t:|1682099419\n|gametype|doubles\n|player|p1|Pokebet|101|1392\n|player|p2|nose1490|byron|1364\n|teamsize|p1|6\n|teamsize|p2|6\n|gen|9\n|tier|[Gen 9] VGC 2023 Regulation C\n|rated|\n|rule|Species Clause: Limit one of each Pok\u00e9mon\n|rule|Item Clause: Limit one of each item\n|clearpoke\n|poke|p1|Iron Hands, L50|\n|poke|p1|Flutter Mane, L50|\n|poke|p1|Amoonguss, L50, M|\n|poke|p1|Arcanine, L50, M|\n|poke|p1|Palafin, L50, M|\n|poke|p1|Garganacl, L50, F|\n|poke|p2|Tyranitar, L50, M|\n|poke|p2|Ting-Lu, L50|\n|poke|p2|Bronzong, L50|\n|poke|p2|Iron Valiant, L50|\n|poke|p2|Slaking, L50, F|\n|poke|p2|Grafaiai, L50, F|\n|teampreview|4\n|inactive|Battle timer is ON: inactive players will automatically lose when time's up. (requested by nose1490)\n|inactive|Pokebet has 60 seconds left.\n|inactive|Pokebet has 30 seconds left.\n|inactive|Pokebet has 20 seconds left.\n|inactive|Pokebet has 15 seconds left.\n|inactive|Pokebet has 10 seconds left.\n|inactive|Pokebet has 5 seconds left.\n|\n|t:|1682099508\n|start\n|switch|p1a: Flutter Mane|Flutter Mane, L50|100\/100\n|switch|p1b: Amoonguss|Amoonguss, L50, M|100\/100\n|switch|p2a: Ting-Lu|Ting-Lu, L50|100\/100\n|switch|p2b: Bronzong|Bronzong, L50|100\/100\n|-ability|p2a: Ting-Lu|Vessel of Ruin\n|turn|1\n|\n|t:|1682099526\n|-terastallize|p2a: Ting-Lu|Ground\n|move|p1a: Flutter Mane|Substitute|p1a: Flutter Mane\n|-start|p1a: Flutter Mane|Substitute\n|-damage|p1a: Flutter Mane|76\/100\n|move|p1b: Amoonguss|Spore|p2a: Ting-Lu\n|-status|p2a: Ting-Lu|slp|[from] move: Spore\n|cant|p2a: Ting-Lu|slp\n|move|p2b: Bronzong|Ice Spinner|p1b: Amoonguss\n|-supereffective|p1b: Amoonguss\n|-damage|p1b: Amoonguss|73\/100\n|-damage|p2b: Bronzong|84\/100|[from] item: Rocky Helmet|[of] p1b: Amoonguss\n|\n|upkeep\n|turn|2\n|\n|t:|1682099543\n|switch|p1b: Arcanine|Arcanine, L50, M|100\/100\n|-ability|p1b: Arcanine|Intimidate|boost\n|-unboost|p2a: Ting-Lu|atk|1\n|-unboost|p2b: Bronzong|atk|1\n|move|p2b: Bronzong|Protect|p2b: Bronzong\n|-singleturn|p2b: Bronzong|Protect\n|move|p1a: Flutter Mane|Shadow Ball|p2b: Bronzong\n|-activate|p2b: Bronzong|move: Protect\n|cant|p2a: Ting-Lu|slp\n|\n|upkeep\n|turn|3\n|\n|t:|1682099559\n|switch|p2b: Slaking|Slaking, L50, F|100\/100\n|move|p1a: Flutter Mane|Shadow Ball|p2b: Slaking\n|-immune|p2b: Slaking\n|move|p1b: Arcanine|Heat Wave|p2b: Slaking|[spread] p2a,p2b\n|-damage|p2a: Ting-Lu|86\/100 slp\n|-damage|p2b: Slaking|81\/100\n|-curestatus|p2a: Ting-Lu|slp|[msg]\n|move|p2a: Ting-Lu|Rock Slide|p1b: Arcanine|[spread] p1a,p1b\n|-activate|p1a: Flutter Mane|move: Substitute|[damage]\n|-supereffective|p1b: Arcanine\n|-damage|p1b: Arcanine|78\/100\n|\n|upkeep\n|turn|4\n|\n|t:|1682099580\n|switch|p1b: Amoonguss|Amoonguss, L50, M|100\/100\n|switch|p2a: Bronzong|Bronzong, L50|84\/100\n|move|p1a: Flutter Mane|Protect|p1a: Flutter Mane\n|-singleturn|p1a: Flutter Mane|Protect\n|move|p2b: Slaking|Earthquake|p1b: Amoonguss|[spread] p1b\n|-activate|p1a: Flutter Mane|move: Protect\n|-immune|p2a: Bronzong|[from] ability: Levitate\n|-damage|p1b: Amoonguss|74\/100\n|\n|upkeep\n|turn|5\n|inactive|nose1490 has 30 seconds left.\n|\n|t:|1682099610\n|move|p1a: Flutter Mane|Shadow Ball|p2a: Bronzong\n|-supereffective|p2a: Bronzong\n|-damage|p2a: Bronzong|7\/100\n|-unboost|p2a: Bronzong|spd|1\n|-damage|p1a: Flutter Mane|67\/100|[from] item: Life Orb\n|cant|p2b: Slaking|ability: Truant\n|move|p1b: Amoonguss|Spore|p2b: Slaking\n|-status|p2b: Slaking|slp|[from] move: Spore\n|move|p2a: Bronzong|Trick Room|p2a: Bronzong\n|-fieldstart|move: Trick Room|[of] p2a: Bronzong\n|\n|upkeep\n|turn|6\n|\n|t:|1682099634\n|move|p2a: Bronzong|Protect|p2a: Bronzong\n|-singleturn|p2a: Bronzong|Protect\n|move|p1b: Amoonguss|Protect|p1b: Amoonguss\n|-singleturn|p1b: Amoonguss|Protect\n|cant|p2b: Slaking|slp\n|move|p1a: Flutter Mane|Dazzling Gleam|p2a: Bronzong|[spread] p2b\n|-activate|p2a: Bronzong|move: Protect\n|-damage|p2b: Slaking|38\/100 slp\n|-damage|p1a: Flutter Mane|57\/100|[from] item: Life Orb\n|\n|upkeep\n|turn|7\n|\n|t:|1682099649\n|move|p2a: Bronzong|Gyro Ball|p1a: Flutter Mane\n|-supereffective|p1a: Flutter Mane\n|-end|p1a: Flutter Mane|Substitute\n|move|p1b: Amoonguss|Pollen Puff|p1a: Flutter Mane\n|-heal|p1a: Flutter Mane|100\/100\n|-curestatus|p2b: Slaking|slp|[msg]\n|move|p2b: Slaking|Giga Impact|p1b: Amoonguss\n|-damage|p1b: Amoonguss|0 fnt\n|-mustrecharge|p2b: Slaking\n|-damage|p2b: Slaking|22\/100|[from] item: Rocky Helmet|[of] p1b: Amoonguss\n|faint|p1b: Amoonguss\n|move|p1a: Flutter Mane|Dazzling Gleam|p2b: Slaking|[spread] p2a,p2b\n|-resisted|p2a: Bronzong\n|-damage|p2a: Bronzong|0 fnt\n|-damage|p2b: Slaking|0 fnt\n|faint|p2a: Bronzong\n|faint|p2b: Slaking\n|-damage|p1a: Flutter Mane|91\/100|[from] item: Life Orb\n|\n|upkeep\n|\n|t:|1682099664\n|switch|p2a: Ting-Lu|Ting-Lu, L50, tera:Ground|86\/100\n|switch|p1b: Iron Hands|Iron Hands, L50|100\/100\n|switch|p2b: Iron Valiant|Iron Valiant, L50|100\/100\n|-ability|p2a: Ting-Lu|Vessel of Ruin\n|-enditem|p2b: Iron Valiant|Booster Energy\n|-activate|p2b: Iron Valiant|ability: Quark Drive|[fromitem]\n|-start|p2b: Iron Valiant|quarkdrivespe\n|turn|8\n|\n|t:|1682099677\n|move|p2b: Iron Valiant|Protect|p2b: Iron Valiant\n|-singleturn|p2b: Iron Valiant|Protect\n|move|p1b: Iron Hands|Fake Out|p2a: Ting-Lu\n|-damage|p2a: Ting-Lu|77\/100\n|cant|p2a: Ting-Lu|flinch\n|move|p1a: Flutter Mane|Shadow Ball|p2b: Iron Valiant\n|-activate|p2b: Iron Valiant|move: Protect\n|\n|upkeep\n|turn|9\n|\n|t:|1682099693\n|-end|p1a: Flutter Mane|Protosynthesis|[silent]\n|switch|p1a: Arcanine|Arcanine, L50, M|78\/100\n|-ability|p1a: Arcanine|Intimidate|boost\n|-unboost|p2a: Ting-Lu|atk|1\n|-unboost|p2b: Iron Valiant|atk|1\n|-terastallize|p1b: Iron Hands|Grass\n|move|p2b: Iron Valiant|Shadow Sneak|p1a: Arcanine\n|-damage|p1a: Arcanine|71\/100\n|move|p2a: Ting-Lu|Earthquake|p1a: Arcanine|[spread] p2b,p1a,p1b\n|-supereffective|p1a: Arcanine\n|-resisted|p1b: Iron Hands\n|-crit|p1b: Iron Hands\n|-damage|p2b: Iron Valiant|60\/100\n|-damage|p1a: Arcanine|14\/100\n|-damage|p1b: Iron Hands|80\/100\n|move|p1b: Iron Hands|Wild Charge|p2b: Iron Valiant\n|-damage|p2b: Iron Valiant|0 fnt\n|faint|p2b: Iron Valiant\n|-end|p2b: Iron Valiant|Quark Drive|[silent]\n|-damage|p1b: Iron Hands|72\/100|[from] Recoil\n|\n|-fieldend|move: Trick Room\n|upkeep\n|turn|10\n|\n|t:|1682099709\n|switch|p1a: Flutter Mane|Flutter Mane, L50|91\/100\n|move|p1b: Iron Hands|Drain Punch|p2a: Ting-Lu\n|-damage|p2a: Ting-Lu|54\/100\n|-heal|p1b: Iron Hands|83\/100|[from] drain|[of] p2a: Ting-Lu\n|move|p2a: Ting-Lu|Earthquake|p1b: Iron Hands|[spread] p1a,p1b\n|-resisted|p1b: Iron Hands\n|-damage|p1a: Flutter Mane|25\/100\n|-damage|p1b: Iron Hands|74\/100\n|\n|upkeep\n|turn|11\n|\n|t:|1682099724\n|move|p1a: Flutter Mane|Dazzling Gleam|p2a: Ting-Lu\n|-damage|p2a: Ting-Lu|26\/100\n|-damage|p1a: Flutter Mane|16\/100|[from] item: Life Orb\n|move|p1b: Iron Hands|Drain Punch|p2a: Ting-Lu\n|-damage|p2a: Ting-Lu|1\/100\n|-heal|p1b: Iron Hands|85\/100|[from] drain|[of] p2a: Ting-Lu\n|move|p2a: Ting-Lu|Earthquake|p1a: Flutter Mane|[spread] p1a,p1b\n|-resisted|p1b: Iron Hands\n|-damage|p1a: Flutter Mane|0 fnt\n|-damage|p1b: Iron Hands|75\/100\n|faint|p1a: Flutter Mane\n|-end|p1a: Flutter Mane|Protosynthesis|[silent]\n|\n|upkeep\n|\n|t:|1682099731\n|switch|p1a: Arcanine|Arcanine, L50, M|14\/100\n|-ability|p1a: Arcanine|Intimidate|boost\n|-unboost|p2a: Ting-Lu|atk|1\n|turn|12\n|-message|nose1490 forfeited.\n|\n|win|Pokebet\n|raw|Pokebet's rating: 1392 → 1410<\/strong> (+18 for winning)\n|raw|nose1490's rating: 1364 → 1346<\/strong> (-18 for losing)\n|l|\u2606nose1490\n","uploadtime":1682099741,"views":12,"p1id":"pokebet","p2id":"nose1490","formatid":"gen9vgc2023regulationc","rating":1346,"private":0,"password":""}