{"id":"gen9vgc2023regulationc-1852906437","p1":"jeffman323","p2":"Anoxeric","format":"[Gen 9] VGC 2023 Regulation C","log":"|j|\u2606jeffman323\n|j|\u2606Anoxeric\n|t:|1682616239\n|gametype|doubles\n|player|p1|jeffman323|steven|1614\n|player|p2|Anoxeric|skier|1577\n|teamsize|p1|6\n|teamsize|p2|6\n|gen|9\n|tier|[Gen 9] VGC 2023 Regulation C\n|rated|\n|rule|Species Clause: Limit one of each Pok\u00e9mon\n|rule|Item Clause: Limit one of each item\n|clearpoke\n|poke|p1|Hatterene, L50, F|\n|poke|p1|Azumarill, L50, F|\n|poke|p1|Brute Bonnet, L50|\n|poke|p1|Kingambit, L50, F|\n|poke|p1|Iron Hands, L50|\n|poke|p1|Stantler, L50, M|\n|poke|p2|Chien-Pao, L50|\n|poke|p2|Maushold-Four, L50|\n|poke|p2|Flutter Mane, L50|\n|poke|p2|Talonflame, L50, F|\n|poke|p2|Meowscarada, L50, F|\n|poke|p2|Azumarill, L50, F|\n|teampreview|4\nAnoxeric has agreed to open team sheets.\njeffman323 has agreed to open team sheets.\n|j| Enzo Salvador\n|inactive|Battle timer is ON: inactive players will automatically lose when time's up. (requested by Anoxeric)\n|\n|t:|1682616295\n|start\n|switch|p1a: Iron Hands|Iron Hands, L50|100\/100\n|switch|p1b: Hatterene|Hatterene, L50, F|100\/100\n|switch|p2a: Flutter Mane|Flutter Mane, L50|100\/100\n|switch|p2b: Talonflame|Talonflame, L50, F|100\/100\n|turn|1\n|inactive|Anoxeric has 30 seconds left.\n|\n|t:|1682616320\n|move|p1b: Hatterene|Protect|p1b: Hatterene\n|-singleturn|p1b: Hatterene|Protect\n|move|p2b: Talonflame|Brave Bird|p1b: Hatterene\n|-activate|p1b: Hatterene|move: Protect\n|move|p2a: Flutter Mane|Shadow Ball|p1b: Hatterene\n|-activate|p1b: Hatterene|move: Protect\n|move|p1a: Iron Hands|Thunder Punch|p2b: Talonflame\n|-supereffective|p2b: Talonflame\n|-damage|p2b: Talonflame|0 fnt\n|faint|p2b: Talonflame\n|\n|upkeep\n|\n|t:|1682616330\n|switch|p2b: Azumarill|Azumarill, L50, F|100\/100\n|turn|2\n|inactive|jeffman323 has 30 seconds left.\n|\n|t:|1682616360\n|switch|p1b: Kingambit|Kingambit, L50, F|100\/100\n|move|p2a: Flutter Mane|Shadow Ball|p1a: Iron Hands\n|-damage|p1a: Iron Hands|58\/100\n|move|p2b: Azumarill|Play Rough|p1a: Iron Hands\n|-supereffective|p1a: Iron Hands\n|-damage|p1a: Iron Hands|0 fnt\n|faint|p1a: Iron Hands\n|-end|p1a: Iron Hands|Quark Drive|[silent]\n|\n|upkeep\n|\n|t:|1682616371\n|switch|p1a: Brute Bonnet|Brute Bonnet, L50|100\/100\n|turn|3\n|inactive|jeffman323 has 30 seconds left.\n|\n|t:|1682616403\n|-terastallize|p1b: Kingambit|Flying\n|move|p2b: Azumarill|Protect|p2b: Azumarill\n|-singleturn|p2b: Azumarill|Protect\n|move|p2a: Flutter Mane|Shadow Ball|p1b: Kingambit\n|-damage|p1b: Kingambit|38\/100\n|move|p1a: Brute Bonnet|Spore|p2a: Flutter Mane\n|-status|p2a: Flutter Mane|slp|[from] move: Spore\n|move|p1b: Kingambit|Tera Blast|p2b: Azumarill\n|-activate|p2b: Azumarill|move: Protect\n|\n|upkeep\n|turn|4\n|inactive|Anoxeric has 30 seconds left.\n|inactive|Anoxeric has 20 seconds left.\n|\n|t:|1682616440\n|switch|p1b: Hatterene|Hatterene, L50, F|100\/100\n|-terastallize|p2b: Azumarill|Fire\n|cant|p2a: Flutter Mane|slp\n|move|p2b: Azumarill|Play Rough|p1a: Brute Bonnet\n|-supereffective|p1a: Brute Bonnet\n|-damage|p1a: Brute Bonnet|12\/100\n|move|p1a: Brute Bonnet|Bullet Seed|p2b: Azumarill\n|-resisted|p2b: Azumarill\n|-damage|p2b: Azumarill|92\/100\n|-resisted|p2b: Azumarill\n|-damage|p2b: Azumarill|85\/100\n|-resisted|p2b: Azumarill\n|-damage|p2b: Azumarill|77\/100\n|-resisted|p2b: Azumarill\n|-damage|p2b: Azumarill|70\/100\n|-resisted|p2b: Azumarill\n|-damage|p2b: Azumarill|63\/100\n|-hitcount|p2b: Azumarill|5\n|\n|upkeep\n|turn|5\n|\n|t:|1682616456\n|move|p1a: Brute Bonnet|Sucker Punch|p2a: Flutter Mane\n|-damage|p2a: Flutter Mane|31\/100 slp\n|-curestatus|p2a: Flutter Mane|slp|[msg]\n|move|p2a: Flutter Mane|Shadow Ball|p1b: Hatterene\n|-supereffective|p1b: Hatterene\n|-enditem|p1b: Hatterene|Focus Sash\n|-damage|p1b: Hatterene|1\/100\n|move|p2b: Azumarill|Liquidation|p1b: Hatterene\n|-damage|p1b: Hatterene|0 fnt\n|faint|p1b: Hatterene\n|\n|upkeep\n|\n|t:|1682616462\n|switch|p1b: Kingambit|Kingambit, L50, F, tera:Flying|38\/100\n|turn|6\n|\n|t:|1682616485\n|move|p1a: Brute Bonnet|Sucker Punch|p2a: Flutter Mane\n|-damage|p2a: Flutter Mane|0 fnt\n|faint|p2a: Flutter Mane\n|-end|p2a: Flutter Mane|Protosynthesis|[silent]\n|move|p1b: Kingambit|Sucker Punch|p2b: Azumarill\n|-damage|p2b: Azumarill|22\/100\n|move|p2b: Azumarill|Liquidation|p1b: Kingambit\n|-damage|p1b: Kingambit|0 fnt\n|faint|p1b: Kingambit\n|\n|upkeep\n|\n|t:|1682616493\n|switch|p2a: Chien-Pao|Chien-Pao, L50|100\/100\n|-ability|p2a: Chien-Pao|Sword of Ruin\n|turn|7\n|\n|t:|1682616501\n|move|p2b: Azumarill|Aqua Jet|p1a: Brute Bonnet\n|-resisted|p1a: Brute Bonnet\n|-damage|p1a: Brute Bonnet|0 fnt\n|faint|p1a: Brute Bonnet\n|-end|p1a: Brute Bonnet|Protosynthesis|[silent]\n|\n|win|Anoxeric\n|raw|jeffman323's rating: 1614 → 1592<\/strong> (-22 for losing)\n|raw|Anoxeric's rating: 1577 → 1599<\/strong> (+22 for winning)\n","uploadtime":1682616505,"views":7,"p1id":"jeffman323","p2id":"anoxeric","formatid":"gen9vgc2023regulationc","rating":1592,"private":0,"password":""}