{"id":"gen9vgc2023regulationc-1859929212","p1":"Vesal","p2":"ApolloOfDelphi","format":"[Gen 9] VGC 2023 Regulation C","log":"|j|\u2606Vesal\n|j|\u2606ApolloOfDelphi\n|t:|1683576644\n|gametype|doubles\n|player|p1|Vesal|266|1137\n|player|p2|ApolloOfDelphi|1|1121\n|teamsize|p1|6\n|teamsize|p2|6\n|gen|9\n|tier|[Gen 9] VGC 2023 Regulation C\n|rated|\n|rule|Species Clause: Limit one of each Pok\u00e9mon\n|rule|Item Clause: Limit one of each item\n|clearpoke\n|poke|p1|Ting-Lu, L50|\n|poke|p1|Orthworm, L50, M|\n|poke|p1|Arcanine, L50, M|\n|poke|p1|Amoonguss, L50, M|\n|poke|p1|Annihilape, L50, M|\n|poke|p1|Palafin, L50, M|\n|poke|p2|Qwilfish, L50, M|\n|poke|p2|Pelipper, L50, M|\n|poke|p2|Chien-Pao, L50|\n|poke|p2|Orthworm, L50, F|\n|poke|p2|Amoonguss, L50, M|\n|poke|p2|Ting-Lu, L50|\n|teampreview|4\n|inactive|Battle timer is ON: inactive players will automatically lose when time's up. (requested by Vesal)\nVesal has agreed to open team sheets.\n|\n|t:|1683576698\n|start\n|switch|p1a: Amoonguss|Amoonguss, L50, M|100\/100\n|switch|p1b: Palafin|Palafin, L50, M|100\/100\n|switch|p2a: Pelipper|Pelipper, L50, M|100\/100\n|switch|p2b: Orthworm|Orthworm, L50, F|100\/100\n|-weather|RainDance|[from] ability: Drizzle|[of] p2a: Pelipper\n|turn|1\n|\n|t:|1683576720\n|detailschange|p1b: Palafin|Palafin-Hero, L50, M\n|switch|p1b: Orthworm|Orthworm, L50, M|100\/100\n|move|p1a: Amoonguss|Protect|p1a: Amoonguss\n|-singleturn|p1a: Amoonguss|Protect\n|move|p2b: Orthworm|Shed Tail|p2b: Orthworm\n|-start|p2b: Orthworm|Substitute|[from] move: Shed Tail\n|-damage|p2b: Orthworm|50\/100\n|-enditem|p2b: Orthworm|Sitrus Berry|[eat]\n|-heal|p2b: Orthworm|75\/100|[from] item: Sitrus Berry\n|\n|t:|1683576729\n|switch|p2b: Qwilfish|Qwilfish, L50, M, shiny|100\/100|[from] Shed Tail\n|move|p2a: Pelipper|Hurricane|p1a: Amoonguss\n|-activate|p1a: Amoonguss|move: Protect\n|\n|-weather|RainDance|[upkeep]\n|upkeep\n|turn|2\n|inactive|Vesal has 30 seconds left.\n|inactive|ApolloOfDelphi has 30 seconds left.\n|\n|t:|1683576757\n|move|p2a: Pelipper|Helping Hand|p2b: Qwilfish\n|-singleturn|p2b: Qwilfish|Helping Hand|[of] p2a: Pelipper\n|move|p1a: Amoonguss|Rage Powder|p1a: Amoonguss\n|-singleturn|p1a: Amoonguss|move: Rage Powder\n|move|p2b: Qwilfish|Liquidation|p1a: Amoonguss\n|-resisted|p1a: Amoonguss\n|-damage|p1a: Amoonguss|56\/100\n|-damage|p2b: Qwilfish|84\/100|[from] item: Rocky Helmet|[of] p1a: Amoonguss\n|-damage|p2b: Qwilfish|74\/100|[from] item: Life Orb\n|move|p1b: Orthworm|Shed Tail|p1b: Orthworm\n|-start|p1b: Orthworm|Substitute|[from] move: Shed Tail\n|-damage|p1b: Orthworm|50\/100\n|-enditem|p1b: Orthworm|Sitrus Berry|[eat]\n|-heal|p1b: Orthworm|75\/100|[from] item: Sitrus Berry\n|\n|t:|1683576773\n|switch|p1b: Palafin|Palafin-Hero, L50, M|100\/100|[from] Shed Tail\n|-activate|p1b: Palafin|ability: Zero to Hero\n|\n|-weather|RainDance|[upkeep]\n|upkeep\n|turn|3\n|inactive|ApolloOfDelphi has 30 seconds left.\n|inactive|ApolloOfDelphi has 20 seconds left.\n|\n|t:|1683576810\n|move|p1b: Palafin|Jet Punch|p2b: Qwilfish\n|-resisted|p2b: Qwilfish\n|-end|p2b: Qwilfish|Substitute\n|move|p2b: Qwilfish|Swords Dance|p2b: Qwilfish\n|-boost|p2b: Qwilfish|atk|2\n|move|p2a: Pelipper|Hurricane|p1b: Palafin\n|-end|p1b: Palafin|Substitute\n|move|p1a: Amoonguss|Spore|p2a: Pelipper\n|-status|p2a: Pelipper|slp|[from] move: Spore\n|\n|-weather|RainDance|[upkeep]\n|upkeep\n|turn|4\n|inactive|Vesal has 30 seconds left.\n|inactive|ApolloOfDelphi has 30 seconds left.\n|inactive|ApolloOfDelphi has 20 seconds left.\n|inactive|ApolloOfDelphi has 15 seconds left.\n|\n|t:|1683576855\n|switch|p2a: Amoonguss|Amoonguss, L50, M|100\/100\n|switch|p1a: Annihilape|Annihilape, L50, M|100\/100\n|move|p2b: Qwilfish|Poison Jab|p1b: Palafin\n|-damage|p1b: Palafin|17\/100\n|-damage|p2b: Qwilfish|64\/100|[from] item: Life Orb\n|move|p1b: Palafin|Haze|p1b: Palafin\n|-clearallboost\n|\n|-weather|RainDance|[upkeep]\n|upkeep\n|turn|5\n|inactive|ApolloOfDelphi has 30 seconds left.\n|\n|t:|1683576883\n|-terastallize|p2b: Qwilfish|Bug\n|move|p1b: Palafin|Protect|p1b: Palafin\n|-singleturn|p1b: Palafin|Protect\n|move|p2a: Amoonguss|Rage Powder|p2a: Amoonguss\n|-singleturn|p2a: Amoonguss|move: Rage Powder\n|move|p2b: Qwilfish|Fell Stinger|p1b: Palafin\n|-activate|p1b: Palafin|move: Protect\n|move|p1a: Annihilape|Bulk Up|p1a: Annihilape\n|-boost|p1a: Annihilape|atk|1\n|-boost|p1a: Annihilape|def|1\n|\n|-weather|RainDance|[upkeep]\n|upkeep\n|turn|6\n|\n|t:|1683576903\n|switch|p1b: Amoonguss|Amoonguss, L50, M|90\/100\n|move|p2b: Qwilfish|Fell Stinger|p1b: Amoonguss\n|-damage|p1b: Amoonguss|61\/100\n|-damage|p2b: Qwilfish|48\/100|[from] item: Rocky Helmet|[of] p1b: Amoonguss\n|-damage|p2b: Qwilfish|38\/100|[from] item: Life Orb\n|move|p1a: Annihilape|Drain Punch|p2b: Qwilfish\n|-resisted|p2b: Qwilfish\n|-damage|p2b: Qwilfish|2\/100\n|move|p2a: Amoonguss|Spore|p1a: Annihilape\n|-status|p1a: Annihilape|slp|[from] move: Spore\n|\n|-weather|RainDance|[upkeep]\n|upkeep\n|turn|7\n|inactive|ApolloOfDelphi has 30 seconds left.\n|inactive|ApolloOfDelphi has 20 seconds left.\n|inactive|ApolloOfDelphi has 15 seconds left.\n|inactive|ApolloOfDelphi has 10 seconds left.\n|\n|t:|1683576948\n|cant|p1a: Annihilape|slp\n|move|p2b: Qwilfish|Swords Dance|p2b: Qwilfish\n|-boost|p2b: Qwilfish|atk|2\n|move|p1b: Amoonguss|Pollen Puff|p2a: Amoonguss\n|-damage|p2a: Amoonguss|86\/100\n|move|p2a: Amoonguss|Pollen Puff|p2b: Qwilfish\n|-heal|p2b: Qwilfish|52\/100\n|\n|-weather|RainDance|[upkeep]\n|-heal|p2a: Amoonguss|91\/100|[from] item: Black Sludge\n|upkeep\n|turn|8\n|inactive|Vesal has 30 seconds left.\n|\n|t:|1683576975\n|move|p2b: Qwilfish|Poison Jab|p1b: Amoonguss\n|-damage|p1b: Amoonguss|0 fnt\n|-damage|p2b: Qwilfish|35\/100|[from] item: Rocky Helmet|[of] p1b: Amoonguss\n|faint|p1b: Amoonguss\n|-damage|p2b: Qwilfish|25\/100|[from] item: Life Orb\n|cant|p1a: Annihilape|slp\n|move|p2a: Amoonguss|Clear Smog|p1a: Annihilape\n|-resisted|p1a: Annihilape\n|-damage|p1a: Annihilape|94\/100 slp\n|-clearboost|p1a: Annihilape\n|\n|-weather|none\n|-heal|p1a: Annihilape|99\/100 slp|[from] item: Leftovers\n|-heal|p2a: Amoonguss|97\/100|[from] item: Black Sludge\n|upkeep\n|\n|t:|1683576982\n|switch|p1b: Orthworm|Orthworm, L50, M|75\/100\n|turn|9\n|inactive|ApolloOfDelphi has 30 seconds left.\n|inactive|ApolloOfDelphi has 20 seconds left.\n|inactive|ApolloOfDelphi has 15 seconds left.\n|inactive|ApolloOfDelphi has 10 seconds left.\n|inactive|ApolloOfDelphi has 5 seconds left.\n|\n|t:|1683577036\n|switch|p2a: Pelipper|Pelipper, L50, M|100\/100 slp\n|-weather|RainDance|[from] ability: Drizzle|[of] p2a: Pelipper\n|move|p2b: Qwilfish|Liquidation|p1b: Orthworm\n|-damage|p1b: Orthworm|0 fnt\n|faint|p1b: Orthworm\n|-damage|p2b: Qwilfish|15\/100|[from] item: Life Orb\n|-curestatus|p1a: Annihilape|slp|[msg]\n|move|p1a: Annihilape|Drain Punch|p2b: Qwilfish\n|-resisted|p2b: Qwilfish\n|-damage|p2b: Qwilfish|0 fnt\n|-heal|p1a: Annihilape|100\/100|[from] drain|[of] p2b: Qwilfish\n|faint|p2b: Qwilfish\n|\n|-weather|RainDance|[upkeep]\n|upkeep\n|\n|t:|1683577052\n|switch|p2b: Amoonguss|Amoonguss, L50, M|97\/100\n|switch|p1b: Palafin|Palafin-Hero, L50, M|17\/100\n|turn|10\n|inactive|Vesal has 30 seconds left.\n|inactive|Vesal has 20 seconds left.\n|\n|t:|1683577090\n|-terastallize|p1b: Palafin|Water\n|move|p1a: Annihilape|Protect|p1a: Annihilape\n|-singleturn|p1a: Annihilape|Protect\n|move|p1b: Palafin|Jet Punch|p2a: Pelipper\n|-resisted|p2a: Pelipper\n|-damage|p2a: Pelipper|57\/100 slp\n|cant|p2a: Pelipper|slp\n|move|p2b: Amoonguss|Pollen Puff|p1b: Palafin\n|-damage|p1b: Palafin|0 fnt\n|faint|p1b: Palafin\n|\n|-weather|RainDance|[upkeep]\n|-heal|p2b: Amoonguss|100\/100|[from] item: Black Sludge\n|upkeep\n|turn|11\n|\n|t:|1683577112\n|move|p1a: Annihilape|Bulk Up|p1a: Annihilape\n|-boost|p1a: Annihilape|atk|1\n|-boost|p1a: Annihilape|def|1\n|-curestatus|p2a: Pelipper|slp|[msg]\n|move|p2a: Pelipper|Hurricane|p1a: Annihilape\n|-supereffective|p1a: Annihilape\n|-damage|p1a: Annihilape|43\/100\n|move|p2b: Amoonguss|Spore|p1a: Annihilape\n|-status|p1a: Annihilape|slp|[from] move: Spore\n|\n|-weather|RainDance|[upkeep]\n|-heal|p1a: Annihilape|49\/100 slp|[from] item: Leftovers\n|upkeep\n|turn|12\n|-message|Vesal forfeited.\n|\n|win|ApolloOfDelphi\n|raw|Vesal's rating: 1137 → 1111<\/strong> (-26 for losing)\n|raw|ApolloOfDelphi's rating: 1121 → 1147<\/strong> (+26 for winning)\n|l|\u2606Vesal\n","uploadtime":1683577128,"views":4,"p1id":"vesal","p2id":"apolloofdelphi","formatid":"gen9vgc2023regulationc","rating":1111,"private":0,"password":""}