{"id":"gen9vgc2023regulationc-1855518711","p1":"adrpen","p2":"scorpiopower","format":"[Gen 9] VGC 2023 Regulation C","log":"|j|\u2606adrpen\n|j|\u2606scorpiopower\n|t:|1682958586\n|gametype|doubles\n|player|p1|adrpen|preschooler|1045\n|player|p2|scorpiopower|swimmer-gen4|1103\n|teamsize|p1|6\n|teamsize|p2|6\n|gen|9\n|tier|[Gen 9] VGC 2023 Regulation C\n|rated|\n|rule|Species Clause: Limit one of each Pok\u00e9mon\n|rule|Item Clause: Limit one of each item\n|clearpoke\n|poke|p1|Amoonguss, L50, M|\n|poke|p1|Palafin, L50, M|\n|poke|p1|Iron Hands, L50|\n|poke|p1|Arcanine, L50, M|\n|poke|p1|Flutter Mane, L50|\n|poke|p1|Dragonite, L50, M|\n|poke|p2|Murkrow, L50, M|\n|poke|p2|Glimmora, L50, F|\n|poke|p2|Wo-Chien, L50|\n|poke|p2|Great Tusk, L50|\n|poke|p2|Volcarona, L50, F|\n|poke|p2|Garganacl, L50, M|\n|teampreview|4\n|\n|t:|1682958660\n|start\n|switch|p1a: Dragonite|Dragonite, L50, M|100\/100\n|switch|p1b: Iron Hands|Iron Hands, L50, shiny|100\/100\n|switch|p2a: Cat in the Hat|Murkrow, L50, M|100\/100\n|switch|p2b: Pointy Rock|Glimmora, L50, F|100\/100\n|turn|1\n|\n|t:|1682958696\n|move|p1b: Iron Hands|Fake Out|p2b: Pointy Rock\n|-resisted|p2b: Pointy Rock\n|-damage|p2b: Pointy Rock|91\/100\n|-activate|p2b: Pointy Rock|ability: Toxic Debris\n|-sidestart|p1: adrpen|move: Toxic Spikes\n|move|p1a: Dragonite|Extreme Speed|p2a: Cat in the Hat\n|-damage|p2a: Cat in the Hat|56\/100\n|move|p2a: Cat in the Hat|Tailwind|p2a: Cat in the Hat\n|-sidestart|p2: scorpiopower|move: Tailwind\n|cant|p2b: Pointy Rock|flinch\n|\n|upkeep\n|turn|2\n|\n|t:|1682958727\n|move|p1a: Dragonite|Extreme Speed|p2b: Pointy Rock\n|-resisted|p2b: Pointy Rock\n|-crit|p2b: Pointy Rock\n|-damage|p2b: Pointy Rock|61\/100\n|-activate|p2b: Pointy Rock|ability: Toxic Debris\n|-sidestart|p1: adrpen|move: Toxic Spikes\n|move|p2b: Pointy Rock|Mortal Spin|p1a: Dragonite|[spread] p1a,p1b\n|-damage|p1a: Dragonite|98\/100\n|-damage|p1b: Iron Hands|98\/100\n|-status|p1a: Dragonite|psn\n|-enditem|p1a: Dragonite|Lum Berry|[eat]\n|-curestatus|p1a: Dragonite|psn|[msg]\n|-status|p1b: Iron Hands|psn\n|move|p2a: Cat in the Hat|Foul Play|p1a: Dragonite\n|-damage|p1a: Dragonite|41\/100\n|move|p1b: Iron Hands|Heavy Slam|p2b: Pointy Rock\n|-supereffective|p2b: Pointy Rock\n|-damage|p2b: Pointy Rock|0 fnt\n|faint|p2b: Pointy Rock\n|\n|-damage|p1b: Iron Hands|85\/100 psn|[from] psn\n|upkeep\n|\n|t:|1682958743\n|switch|p2b: Volcarona|Volcarona, L50, F|100\/100\n|turn|3\n|\n|t:|1682958770\n|move|p1a: Dragonite|Protect|p1a: Dragonite\n|-singleturn|p1a: Dragonite|Protect\n|move|p2b: Volcarona|Quiver Dance|p2b: Volcarona\n|-boost|p2b: Volcarona|spa|1\n|-boost|p2b: Volcarona|spd|1\n|-boost|p2b: Volcarona|spe|1\n|move|p2a: Cat in the Hat|Foul Play|p1a: Dragonite\n|-activate|p1a: Dragonite|move: Protect\n|move|p1b: Iron Hands|Drain Punch|p2a: Cat in the Hat\n|-damage|p2a: Cat in the Hat|0 fnt\n|-heal|p1b: Iron Hands|100\/100 psn|[from] drain|[of] p2a: Cat in the Hat\n|faint|p2a: Cat in the Hat\n|\n|-damage|p1b: Iron Hands|88\/100 psn|[from] psn\n|upkeep\n|\n|t:|1682958784\n|switch|p2a: Wo-Chien|Wo-Chien, L50|100\/100\n|-ability|p2a: Wo-Chien|Tablets of Ruin\n|turn|4\n|\n|t:|1682958803\n|switch|p1a: Amoonguss|Amoonguss, L50, M, shiny|100\/100\n|-sideend|p1: adrpen|move: Toxic Spikes|[of] p1a: Amoonguss\n|move|p2b: Volcarona|Bug Buzz|p1a: Amoonguss\n|-damage|p1a: Amoonguss|22\/100\n|move|p2a: Wo-Chien|Leech Seed|p1b: Iron Hands|[miss]\n|-miss|p2a: Wo-Chien|p1b: Iron Hands\n|move|p1b: Iron Hands|Drain Punch|p2b: Volcarona\n|-resisted|p2b: Volcarona\n|-damage|p2b: Volcarona|75\/100\n|-heal|p1b: Iron Hands|97\/100 psn|[from] drain|[of] p2b: Volcarona\n|\n|-damage|p1b: Iron Hands|85\/100 psn|[from] psn\n|-sideend|p2: scorpiopower|move: Tailwind\n|upkeep\n|turn|5\n|\n|t:|1682958851\n|switch|p1a: Dragonite|Dragonite, L50, M|41\/100\n|move|p2b: Volcarona|Bug Buzz|p1a: Dragonite\n|-resisted|p1a: Dragonite\n|-damage|p1a: Dragonite|0 fnt\n|faint|p1a: Dragonite\n|move|p2a: Wo-Chien|Pollen Puff|p2b: Volcarona\n|-heal|p2b: Volcarona|100\/100\n|move|p1b: Iron Hands|Drain Punch|p2a: Wo-Chien\n|-supereffective|p2a: Wo-Chien\n|-damage|p2a: Wo-Chien|50\/100\n|-heal|p1b: Iron Hands|100\/100 psn|[from] drain|[of] p2a: Wo-Chien\n|-enditem|p2a: Wo-Chien|Sitrus Berry|[eat]\n|-heal|p2a: Wo-Chien|75\/100|[from] item: Sitrus Berry\n|\n|-damage|p1b: Iron Hands|88\/100 psn|[from] psn\n|upkeep\n|\n|t:|1682958869\n|switch|p1a: Flutter Mane|Flutter Mane, L50|100\/100\n|-enditem|p1a: Flutter Mane|Booster Energy\n|-activate|p1a: Flutter Mane|ability: Protosynthesis|[fromitem]\n|-start|p1a: Flutter Mane|protosynthesisspa\n|turn|6\n|\n|t:|1682958924\n|move|p2a: Wo-Chien|Protect|p2a: Wo-Chien\n|-singleturn|p2a: Wo-Chien|Protect\n|move|p2b: Volcarona|Fiery Dance|p1a: Flutter Mane\n|-damage|p1a: Flutter Mane|45\/100\n|move|p1a: Flutter Mane|Shadow Ball|p2b: Volcarona\n|-damage|p2b: Volcarona|63\/100\n|move|p1b: Iron Hands|Wild Charge|p2b: Volcarona\n|-damage|p2b: Volcarona|7\/100\n|-damage|p1b: Iron Hands|79\/100 psn|[from] Recoil\n|\n|-damage|p1b: Iron Hands|67\/100 psn|[from] psn\n|upkeep\n|turn|7\n|\n|t:|1682958952\n|-terastallize|p1a: Flutter Mane|Water\n|move|p2b: Volcarona|Protect|p2b: Volcarona\n|-singleturn|p2b: Volcarona|Protect\n|move|p1a: Flutter Mane|Shadow Ball|p2b: Volcarona\n|-activate|p2b: Volcarona|move: Protect\n|move|p2a: Wo-Chien|Leech Seed|p1b: Iron Hands\n|-start|p1b: Iron Hands|move: Leech Seed\n|move|p1b: Iron Hands|Drain Punch|p2a: Wo-Chien\n|-supereffective|p2a: Wo-Chien\n|-damage|p2a: Wo-Chien|25\/100\n|-heal|p1b: Iron Hands|87\/100 psn|[from] drain|[of] p2a: Wo-Chien\n|\n|-damage|p1b: Iron Hands|75\/100 psn|[from] Leech Seed|[of] p2a: Wo-Chien\n|-heal|p2a: Wo-Chien|41\/100|[silent]\n|-damage|p1b: Iron Hands|62\/100 psn|[from] psn\n|upkeep\n|turn|8\n|\n|t:|1682958975\n|-end|p1b: Iron Hands|Quark Drive|[silent]\n|switch|p1b: Amoonguss|Amoonguss, L50, M, shiny|55\/100\n|move|p2b: Volcarona|Bug Buzz|p1a: Flutter Mane\n|-crit|p1a: Flutter Mane\n|-damage|p1a: Flutter Mane|0 fnt\n|faint|p1a: Flutter Mane\n|-end|p1a: Flutter Mane|Protosynthesis|[silent]\n|move|p2a: Wo-Chien|Pollen Puff|p2b: Volcarona\n|-heal|p2b: Volcarona|56\/100\n|\n|upkeep\n|\n|t:|1682958985\n|switch|p1a: Iron Hands|Iron Hands, L50, shiny|62\/100 psn\n|turn|9\n|\n|t:|1682959005\n|move|p2b: Volcarona|Protect|p2b: Volcarona\n|-singleturn|p2b: Volcarona|Protect\n|move|p2a: Wo-Chien|Protect|p2a: Wo-Chien\n|-singleturn|p2a: Wo-Chien|Protect\n|move|p1a: Iron Hands|Fake Out|p2a: Wo-Chien\n|-activate|p2a: Wo-Chien|move: Protect\n|move|p1b: Amoonguss|Spore|p2b: Volcarona\n|-activate|p2b: Volcarona|move: Protect\n|\n|-damage|p1a: Iron Hands|50\/100 psn|[from] psn\n|upkeep\n|turn|10\n|\n|t:|1682959050\n|-terastallize|p2a: Wo-Chien|Poison\n|move|p1b: Amoonguss|Protect|p1b: Amoonguss\n|-singleturn|p1b: Amoonguss|Protect\n|move|p2b: Volcarona|Fiery Dance|p1b: Amoonguss\n|-activate|p1b: Amoonguss|move: Protect\n|move|p2a: Wo-Chien|Pollen Puff|p2b: Volcarona\n|-heal|p2b: Volcarona|100\/100\n|move|p1a: Iron Hands|Drain Punch|p2a: Wo-Chien\n|-resisted|p2a: Wo-Chien\n|-damage|p2a: Wo-Chien|27\/100\n|-heal|p1a: Iron Hands|56\/100 psn|[from] drain|[of] p2a: Wo-Chien\n|\n|-damage|p1a: Iron Hands|44\/100 psn|[from] psn\n|upkeep\n|turn|11\n|\n|t:|1682959070\n|move|p2b: Volcarona|Fiery Dance|p1b: Amoonguss\n|-supereffective|p1b: Amoonguss\n|-damage|p1b: Amoonguss|0 fnt\n|-boost|p2b: Volcarona|spa|1\n|faint|p1b: Amoonguss\n|move|p2a: Wo-Chien|Leech Seed|p1a: Iron Hands\n|-start|p1a: Iron Hands|move: Leech Seed\n|move|p1a: Iron Hands|Heavy Slam|p2a: Wo-Chien\n|-damage|p2a: Wo-Chien|0 fnt\n|faint|p2a: Wo-Chien\n|\n|-damage|p1a: Iron Hands|31\/100 psn|[from] psn\n|upkeep\n|turn|12\n|\n|t:|1682959087\n|move|p2b: Volcarona|Fiery Dance|p1a: Iron Hands\n|-damage|p1a: Iron Hands|0 fnt\n|-boost|p2b: Volcarona|spa|1\n|faint|p1a: Iron Hands\n|-end|p1a: Iron Hands|Quark Drive|[silent]\n|\n|win|scorpiopower\n|raw|adrpen's rating: 1045 → 1031<\/strong> (-14 for losing)\n|raw|scorpiopower's rating: 1103 → 1124<\/strong> (+21 for winning)\n|l|\u2606scorpiopower\n","uploadtime":1682959098,"views":21,"p1id":"adrpen","p2id":"scorpiopower","formatid":"gen9vgc2023regulationc","rating":1031,"private":0,"password":""}