{"id":"gen9vgc2023regulationc-1846391437","p1":"Hadrian1917","p2":"mindungi","format":"[Gen 9] VGC 2023 Regulation C","log":"|j|\u2606Hadrian1917\n|j|\u2606mindungi\n|t:|1681837136\n|gametype|doubles\n|player|p1|Hadrian1917|brock|1347\n|player|p2|mindungi|170|1410\n|teamsize|p1|6\n|teamsize|p2|6\n|gen|9\n|tier|[Gen 9] VGC 2023 Regulation C\n|rated|\n|rule|Species Clause: Limit one of each Pok\u00e9mon\n|rule|Item Clause: Limit one of each item\n|clearpoke\n|poke|p1|Flutter Mane, L50|\n|poke|p1|Arcanine, L50, F|\n|poke|p1|Baxcalibur, L50, M|\n|poke|p1|Ting-Lu, L50|\n|poke|p1|Gyarados, L50, M|\n|poke|p1|Amoonguss, L50, M|\n|poke|p2|Wo-Chien, L50|\n|poke|p2|Glimmora, L50, M|\n|poke|p2|Ting-Lu, L50|\n|poke|p2|Arcanine, L50, M|\n|poke|p2|Annihilape, L50, F|\n|poke|p2|Vaporeon, L50, F|\n|teampreview|4\nmindungi rejected open team sheets.\n|\n|t:|1681837184\n|start\n|switch|p1a: Ting-Lu|Ting-Lu, L50|100\/100\n|switch|p1b: Flutter Mane|Flutter Mane, L50|100\/100\n|switch|p2a: Ting-Lu|Ting-Lu, L50|100\/100\n|switch|p2b: Vaporeon|Vaporeon, L50, F|100\/100\n|-ability|p1a: Ting-Lu|Vessel of Ruin\n|-ability|p2a: Ting-Lu|Vessel of Ruin\n|turn|1\n|inactive|Battle timer is ON: inactive players will automatically lose when time's up. (requested by Hadrian1917)\n|inactive|Hadrian1917 has 60 seconds left.\n|\n|t:|1681837222\n|-end|p1b: Flutter Mane|Protosynthesis|[silent]\n|switch|p1b: Gyarados|Gyarados, L50, M|100\/100\n|-ability|p1b: Gyarados|Intimidate|boost\n|-unboost|p2a: Ting-Lu|atk|1\n|-unboost|p2b: Vaporeon|atk|1\n|move|p2b: Vaporeon|Wish|p2b: Vaporeon\n|move|p1a: Ting-Lu|Ruination|p2a: Ting-Lu\n|-damage|p2a: Ting-Lu|50\/100\n|move|p2a: Ting-Lu|Stealth Rock|p1a: Ting-Lu\n|-sidestart|p1: Hadrian1917|move: Stealth Rock\n|\n|upkeep\n|turn|2\n|inactive|Hadrian1917 has 30 seconds left.\n|\n|t:|1681837250\n|switch|p2b: Wo-Chien|Wo-Chien, L50|100\/100\n|-ability|p2b: Wo-Chien|Tablets of Ruin\n|switch|p2a: Annihilape|Annihilape, L50, F|100\/100\n|move|p1b: Gyarados|Waterfall|p2a: Annihilape\n|-damage|p2a: Annihilape|79\/100\n|move|p1a: Ting-Lu|Fissure|p2b: Wo-Chien|[miss]\n|-miss|p1a: Ting-Lu|p2b: Wo-Chien\n|\n|upkeep\n|turn|3\n|\n|t:|1681837275\n|move|p2a: Annihilape|Drain Punch|p1a: Ting-Lu\n|-supereffective|p1a: Ting-Lu\n|-damage|p1a: Ting-Lu|70\/100\n|-heal|p2a: Annihilape|96\/100|[from] drain|[of] p1a: Ting-Lu\n|move|p1b: Gyarados|Thunder Wave|p2a: Annihilape\n|-status|p2a: Annihilape|par\n|move|p2b: Wo-Chien|Substitute|p2b: Wo-Chien\n|-start|p2b: Wo-Chien|Substitute\n|-damage|p2b: Wo-Chien|76\/100\n|move|p1a: Ting-Lu|Stomping Tantrum|p2a: Annihilape\n|-damage|p2a: Annihilape|53\/100 par\n|\n|-heal|p2b: Wo-Chien|82\/100|[from] item: Leftovers\n|upkeep\n|turn|4\n|inactive|Hadrian1917 has 30 seconds left.\n|inactive|Hadrian1917 has 20 seconds left.\n|\n|t:|1681837311\n|move|p1b: Gyarados|Waterfall|p2b: Wo-Chien\n|-resisted|p2b: Wo-Chien\n|-activate|p2b: Wo-Chien|move: Substitute|[damage]\n|move|p2b: Wo-Chien|Pollen Puff|p2a: Annihilape\n|-heal|p2a: Annihilape|100\/100 par\n|move|p1a: Ting-Lu|Fissure|p2a: Annihilape|[miss]\n|-miss|p1a: Ting-Lu|p2a: Annihilape\n|move|p2a: Annihilape|Rage Fist|p1b: Gyarados\n|-damage|p1b: Gyarados|58\/100\n|\n|-heal|p2b: Wo-Chien|87\/100|[from] item: Leftovers\n|upkeep\n|turn|5\n|\n|t:|1681837331\n|move|p1b: Gyarados|Protect|p1b: Gyarados\n|-singleturn|p1b: Gyarados|Protect\n|move|p2a: Annihilape|Protect|p2a: Annihilape\n|-singleturn|p2a: Annihilape|Protect\n|move|p2b: Wo-Chien|Leech Seed|p1a: Ting-Lu\n|-start|p1a: Ting-Lu|move: Leech Seed\n|move|p1a: Ting-Lu|Fissure|p2a: Annihilape\n|-activate|p2a: Annihilape|move: Protect\n|\n|-heal|p2b: Wo-Chien|93\/100|[from] item: Leftovers\n|-damage|p1a: Ting-Lu|58\/100|[from] Leech Seed|[of] p2b: Wo-Chien\n|-heal|p2b: Wo-Chien|100\/100|[silent]\n|upkeep\n|turn|6\n|\n|t:|1681837346\n|move|p1b: Gyarados|Waterfall|p2b: Wo-Chien\n|-resisted|p2b: Wo-Chien\n|-crit|p2b: Wo-Chien\n|-end|p2b: Wo-Chien|Substitute\n|move|p2b: Wo-Chien|Leech Seed|p1b: Gyarados\n|-start|p1b: Gyarados|move: Leech Seed\n|move|p1a: Ting-Lu|Fissure|p2a: Annihilape\n|-damage|p2a: Annihilape|0 fnt\n|faint|p2a: Annihilape\n|-ohko\n|\n|-damage|p1b: Gyarados|46\/100|[from] Leech Seed|[of] p2b: Wo-Chien\n|-damage|p1a: Ting-Lu|46\/100|[from] Leech Seed|[of] p2b: Wo-Chien\n|upkeep\n|-enditem|p1b: Gyarados|Sitrus Berry|[eat]\n|-heal|p1b: Gyarados|71\/100|[from] item: Sitrus Berry\n|\n|t:|1681837355\n|switch|p2a: Vaporeon|Vaporeon, L50, F|100\/100\n|turn|7\n|\n|t:|1681837372\n|switch|p1a: Amoonguss|Amoonguss, L50, M|100\/100\n|-damage|p1a: Amoonguss|88\/100|[from] Stealth Rock\n|move|p1b: Gyarados|Taunt|p2b: Wo-Chien\n|-start|p2b: Wo-Chien|move: Taunt\n|move|p2a: Vaporeon|Muddy Water|p1b: Gyarados|[spread] p1a,p1b\n|-resisted|p1a: Amoonguss\n|-resisted|p1b: Gyarados\n|-damage|p1a: Amoonguss|78\/100\n|-damage|p1b: Gyarados|61\/100\n|-unboost|p1b: Gyarados|accuracy|1\n|cant|p2b: Wo-Chien|move: Taunt|Substitute\n|\n|-damage|p1b: Gyarados|49\/100|[from] Leech Seed|[of] p2b: Wo-Chien\n|upkeep\n|turn|8\n|\n|t:|1681837388\n|switch|p1b: Ting-Lu|Ting-Lu, L50|46\/100\n|-damage|p1b: Ting-Lu|40\/100|[from] Stealth Rock\n|-ability|p1b: Ting-Lu|Vessel of Ruin\n|switch|p2b: Ting-Lu|Ting-Lu, L50|50\/100\n|-ability|p2b: Ting-Lu|Vessel of Ruin\n|-terastallize|p2a: Vaporeon|Grass\n|move|p2a: Vaporeon|Icy Wind|p1a: Amoonguss|[spread] p1a,p1b\n|-supereffective|p1a: Amoonguss\n|-supereffective|p1b: Ting-Lu\n|-damage|p1a: Amoonguss|63\/100\n|-damage|p1b: Ting-Lu|33\/100\n|-unboost|p1a: Amoonguss|spe|1\n|-unboost|p1b: Ting-Lu|spe|1\n|move|p1a: Amoonguss|Spore|p2a: Vaporeon\n|-immune|p2a: Vaporeon\n|\n|upkeep\n|turn|9\n|inactive|mindungi has 30 seconds left.\n|\n|t:|1681837415\n|move|p2a: Vaporeon|Muddy Water|p1a: Amoonguss|[spread] p1a,p1b\n|-resisted|p1a: Amoonguss\n|-supereffective|p1b: Ting-Lu\n|-damage|p1a: Amoonguss|54\/100\n|-damage|p1b: Ting-Lu|15\/100\n|-unboost|p1a: Amoonguss|accuracy|1\n|move|p2b: Ting-Lu|Ruination|p1a: Amoonguss\n|-damage|p1a: Amoonguss|27\/100\n|move|p1b: Ting-Lu|Fissure|p2a: Vaporeon\n|-damage|p2a: Vaporeon|0 fnt\n|faint|p2a: Vaporeon\n|-ohko\n|move|p1a: Amoonguss|Pollen Puff|p1b: Ting-Lu\n|-heal|p1b: Ting-Lu|65\/100\n|\n|upkeep\n|\n|t:|1681837427\n|switch|p2a: Wo-Chien|Wo-Chien, L50|100\/100\n|-ability|p2a: Wo-Chien|Tablets of Ruin\n|turn|10\n|-message|mindungi forfeited.\n|\n|win|Hadrian1917\n|raw|Hadrian1917's rating: 1347 → 1371<\/strong> (+24 for winning)\n|raw|mindungi's rating: 1410 → 1386<\/strong> (-24 for losing)\n","uploadtime":1681837439,"views":10,"p1id":"hadrian1917","p2id":"mindungi","formatid":"gen9vgc2023regulationc","rating":1371,"private":0,"password":""}