{"id":"gen9vgc2023regulationc-1856693633","p1":"Bdogplatinum","p2":"TheMismatcher","format":"[Gen 9] VGC 2023 Regulation C","log":"|j|\u2606Bdogplatinum\n|j|\u2606TheMismatcher\n|t:|1683095742\n|gametype|doubles\n|player|p1|Bdogplatinum|cress|\n|player|p2|TheMismatcher|102|\n|teamsize|p1|6\n|teamsize|p2|6\n|gen|9\n|tier|[Gen 9] VGC 2023 Regulation C\n|rule|Species Clause: Limit one of each Pok\u00e9mon\n|rule|Item Clause: Limit one of each item\n|clearpoke\n|poke|p1|Hatterene, L50, F|\n|poke|p1|Indeedee-F, L50, F|\n|poke|p1|Armarouge, L50, M|\n|poke|p1|Falinks, L50|\n|poke|p1|Eiscue, L50, M|\n|poke|p1|Dachsbun, L50, M|\n|poke|p2|Salamence, L50, M|\n|poke|p2|Toxicroak, L50, F|\n|poke|p2|Krookodile, L50, F|\n|poke|p2|Chien-Pao, L50|\n|poke|p2|Sylveon, L50, M|\n|poke|p2|Toedscool, L50, M|\n|teampreview|4\n|c|\u2606TheMismatcher|game 2\n|\n|t:|1683096394\n|start\n|switch|p1a: Falinks|Falinks, L50, shiny|100\/100\n|switch|p1b: Indeedee|Indeedee-F, L50, F|100\/100\n|switch|p2a: Chien-Pao|Chien-Pao, L50|100\/100\n|switch|p2b: Sylveon|Sylveon, L50, M|100\/100\n|-ability|p2a: Chien-Pao|Sword of Ruin\n|-fieldstart|move: Psychic Terrain|[from] ability: Psychic Surge|[of] p1b: Indeedee\n|-enditem|p1a: Falinks|Psychic Seed\n|-boost|p1a: Falinks|spd|1|[from] item: Psychic Seed\n|turn|1\n|\n|t:|1683096454\n|-terastallize|p1a: Falinks|Steel\n|move|p1b: Indeedee|Follow Me|p1b: Indeedee\n|-singleturn|p1b: Indeedee|move: Follow Me\n|move|p2a: Chien-Pao|Sacred Sword|p1b: Indeedee\n|-damage|p1b: Indeedee|64\/100\n|move|p1a: Falinks|No Retreat|p1a: Falinks\n|-boost|p1a: Falinks|atk|1\n|-boost|p1a: Falinks|def|1\n|-boost|p1a: Falinks|spa|1\n|-boost|p1a: Falinks|spd|1\n|-boost|p1a: Falinks|spe|1\n|-start|p1a: Falinks|move: No Retreat\n|move|p2b: Sylveon|Hyper Voice|p1a: Falinks|[spread] p1a,p1b\n|-resisted|p1a: Falinks\n|-damage|p1a: Falinks|82\/100\n|-damage|p1b: Indeedee|23\/100\n|-enditem|p2b: Sylveon|Throat Spray\n|-boost|p2b: Sylveon|spa|1|[from] item: Throat Spray\n|\n|upkeep\n|turn|2\n|\n|t:|1683096491\n|move|p1b: Indeedee|Follow Me|p1b: Indeedee\n|-singleturn|p1b: Indeedee|move: Follow Me\n|move|p2a: Chien-Pao|Sacred Sword|p1b: Indeedee\n|-damage|p1b: Indeedee|0 fnt\n|faint|p1b: Indeedee\n|move|p1a: Falinks|Iron Head|p2b: Sylveon\n|-supereffective|p2b: Sylveon\n|-damage|p2b: Sylveon|0 fnt\n|faint|p2b: Sylveon\n|\n|upkeep\n|\n|t:|1683096519\n|switch|p1b: Eiscue|Eiscue, L50, M, shiny|100\/100\n|switch|p2b: Salamence|Salamence, L50, M|100\/100\n|-ability|p2b: Salamence|Intimidate|boost\n|-unboost|p1a: Falinks|atk|1\n|-ability|p1a: Falinks|Defiant|boost\n|-boost|p1a: Falinks|atk|2\n|-unboost|p1b: Eiscue|atk|1\n|turn|3\n|\n|t:|1683096558\n|-terastallize|p2b: Salamence|Water\n|move|p1a: Falinks|Protect|p1a: Falinks\n|-singleturn|p1a: Falinks|Protect\n|move|p2a: Chien-Pao|Sacred Sword|p1a: Falinks\n|-activate|p1a: Falinks|move: Protect\n|move|p2b: Salamence|Dual Wingbeat|p1b: Eiscue\n|-activate|p1b: Eiscue|ability: Ice Face\n|-damage|p1b: Eiscue|100\/100\n|detailschange|p1b: Eiscue|Eiscue-Noice, L50, M, shiny\n|-damage|p1b: Eiscue|59\/100\n|-hitcount|p1b: Eiscue|2\n|move|p1b: Eiscue|Icicle Crash|p2b: Salamence\n|-resisted|p2b: Salamence\n|-damage|p2b: Salamence|84\/100\n|\n|upkeep\n|turn|4\n|\n|t:|1683096610\n|move|p2a: Chien-Pao|Sacred Sword|p1a: Falinks\n|-supereffective|p1a: Falinks\n|-damage|p1a: Falinks|0 fnt\n|faint|p1a: Falinks\n|move|p1b: Eiscue|Zen Headbutt|p2b: Salamence\n|-damage|p2b: Salamence|55\/100\n|move|p2b: Salamence|Dual Wingbeat|p1b: Eiscue\n|-damage|p1b: Eiscue|15\/100\n|-damage|p1b: Eiscue|0 fnt\n|faint|p1b: Eiscue\n|-hitcount|p1: Eiscue|2\n|\n|upkeep\n|\n|t:|1683096617\n|switch|p1b: Armarouge|Armarouge, L50, M|100\/100\n|turn|5\n|\n|t:|1683096627\n|move|p2a: Chien-Pao|Throat Chop|p1b: Armarouge\n|-supereffective|p1b: Armarouge\n|-crit|p1b: Armarouge\n|-damage|p1b: Armarouge|0 fnt\n|faint|p1b: Armarouge\n|\n|win|TheMismatcher\n","uploadtime":1683097137,"views":11,"p1id":"bdogplatinum","p2id":"themismatcher","formatid":"gen9vgc2023regulationc","rating":0,"private":0,"password":""}