{"id":"gen9vgc2023regulationc-1851244518","p1":"SunriseArrow","p2":"Xenith_Shadow","format":"[Gen 9] VGC 2023 Regulation C","log":"|j|\u2606SunriseArrow\n|j|\u2606Xenith_Shadow\n|t:|1682428947\n|gametype|doubles\n|player|p1|SunriseArrow|jasmine|1289\n|player|p2|Xenith_Shadow|twins|1181\n|teamsize|p1|6\n|teamsize|p2|6\n|gen|9\n|tier|[Gen 9] VGC 2023 Regulation C\n|rated|\n|rule|Species Clause: Limit one of each Pok\u00e9mon\n|rule|Item Clause: Limit one of each item\n|clearpoke\n|poke|p1|Arcanine, L50, M|\n|poke|p1|Amoonguss, L50, M|\n|poke|p1|Flutter Mane, L50|\n|poke|p1|Chien-Pao, L50|\n|poke|p1|Dragonite, L50, F|\n|poke|p1|Gyarados, L50, M|\n|poke|p2|Tyranitar, L50, F|\n|poke|p2|Toedscruel, L50, F|\n|poke|p2|Espathra, L50, M|\n|poke|p2|Lycanroc, L50, M|\n|poke|p2|Rotom-Wash, L50|\n|poke|p2|Arcanine, L50, M|\n|teampreview|4\n|\n|t:|1682428984\n|start\n|switch|p1a: Dragonite|Dragonite, L50, F|100\/100\n|switch|p1b: Chien-Pao|Chien-Pao, L50|100\/100\n|switch|p2a: Toedscruel|Toedscruel, L50, F|100\/100\n|switch|p2b: Espathra|Espathra, L50, M|100\/100\n|-ability|p1b: Chien-Pao|Sword of Ruin\n|turn|1\n|\n|t:|1682429019\n|-terastallize|p2a: Toedscruel|Steel\n|-terastallize|p1a: Dragonite|Flying\n|move|p1b: Chien-Pao|Ice Spinner|p2a: Toedscruel\n|-resisted|p2a: Toedscruel\n|-damage|p2a: Toedscruel|72\/100\n|move|p2b: Espathra|Skill Swap|p2a: Toedscruel\n|-activate|p2b: Espathra|move: Skill Swap|||[of] p2a: Toedscruel\n|move|p1a: Dragonite|Tera Blast|p2a: Toedscruel\n|-resisted|p2a: Toedscruel\n|-damage|p2a: Toedscruel|12\/100\n|-damage|p1a: Dragonite|91\/100|[from] item: Life Orb\n|move|p2a: Toedscruel|Spore|p1b: Chien-Pao\n|-status|p1b: Chien-Pao|slp|[from] move: Spore\n|\n|-heal|p2a: Toedscruel|18\/100|[from] item: Leftovers\n|-ability|p2a: Toedscruel|Speed Boost|boost\n|-boost|p2a: Toedscruel|spe|1\n|upkeep\n|turn|2\n|\n|t:|1682429061\n|switch|p1a: Arcanine|Arcanine, L50, M|100\/100\n|-ability|p1a: Arcanine|Intimidate|boost\n|-unboost|p2a: Toedscruel|atk|1\n|-unboost|p2b: Espathra|atk|1\n|cant|p1b: Chien-Pao|slp\n|move|p2a: Toedscruel|Spore|p1a: Arcanine\n|-activate|p1a: Arcanine|item: Safety Goggles|Spore\n|move|p2b: Espathra|Lumina Crash|p1a: Arcanine\n|-damage|p1a: Arcanine|52\/100\n|-unboost|p1a: Arcanine|spd|2\n|\n|-heal|p2a: Toedscruel|23\/100|[from] item: Leftovers\n|-ability|p2a: Toedscruel|Speed Boost|boost\n|-boost|p2a: Toedscruel|spe|1\n|upkeep\n|turn|3\n|\n|t:|1682429088\n|move|p1a: Arcanine|Protect|p1a: Arcanine\n|-singleturn|p1a: Arcanine|Protect\n|cant|p1b: Chien-Pao|slp\n|move|p2a: Toedscruel|Hex|p1b: Chien-Pao\n|-resisted|p1b: Chien-Pao\n|-crit|p1b: Chien-Pao\n|-damage|p1b: Chien-Pao|71\/100 slp\n|move|p2b: Espathra|Lumina Crash|p1a: Arcanine\n|-activate|p1a: Arcanine|move: Protect\n|\n|-heal|p2a: Toedscruel|29\/100|[from] item: Leftovers\n|-ability|p2a: Toedscruel|Speed Boost|boost\n|-boost|p2a: Toedscruel|spe|1\n|upkeep\n|turn|4\n|\n|t:|1682429117\n|move|p2a: Toedscruel|Protect|p2a: Toedscruel\n|-singleturn|p2a: Toedscruel|Protect\n|cant|p1b: Chien-Pao|slp\n|move|p2b: Espathra|Lumina Crash|p1a: Arcanine\n|-damage|p1a: Arcanine|0 fnt\n|faint|p1a: Arcanine\n|\n|-heal|p2a: Toedscruel|35\/100|[from] item: Leftovers\n|-ability|p2a: Toedscruel|Speed Boost|boost\n|-boost|p2a: Toedscruel|spe|1\n|upkeep\n|\n|t:|1682429131\n|switch|p1a: Dragonite|Dragonite, L50, F, tera:Flying|91\/100\n|turn|5\n|\n|t:|1682429146\n|switch|p2b: Tyranitar|Tyranitar, L50, F|100\/100\n|-weather|Sandstorm|[from] ability: Sand Stream|[of] p2b: Tyranitar\n|move|p1a: Dragonite|Extreme Speed|p2b: Tyranitar\n|-resisted|p2b: Tyranitar\n|-damage|p2b: Tyranitar|77\/100\n|-damage|p1a: Dragonite|81\/100|[from] item: Life Orb\n|move|p2a: Toedscruel|Spore|p1a: Dragonite\n|-status|p1a: Dragonite|slp|[from] move: Spore\n|-curestatus|p1b: Chien-Pao|slp|[msg]\n|move|p1b: Chien-Pao|Ice Spinner|p2a: Toedscruel\n|-resisted|p2a: Toedscruel\n|-damage|p2a: Toedscruel|6\/100\n|\n|-weather|Sandstorm|[upkeep]\n|-damage|p1b: Chien-Pao|66\/100|[from] Sandstorm\n|-damage|p1a: Dragonite|75\/100 slp|[from] Sandstorm\n|-heal|p2a: Toedscruel|12\/100|[from] item: Leftovers\n|-ability|p2a: Toedscruel|Speed Boost|boost\n|-boost|p2a: Toedscruel|spe|1\n|upkeep\n|turn|6\n|\n|t:|1682429173\n|move|p1b: Chien-Pao|Protect|p1b: Chien-Pao\n|-singleturn|p1b: Chien-Pao|Protect\n|move|p2a: Toedscruel|Spore|p1b: Chien-Pao\n|-activate|p1b: Chien-Pao|move: Protect\n|cant|p1a: Dragonite|slp\n|move|p2b: Tyranitar|Power Gem|p1a: Dragonite\n|-supereffective|p1a: Dragonite\n|-damage|p1a: Dragonite|0 fnt\n|faint|p1a: Dragonite\n|\n|-weather|Sandstorm|[upkeep]\n|-damage|p1b: Chien-Pao|60\/100|[from] Sandstorm\n|-heal|p2a: Toedscruel|18\/100|[from] item: Leftovers\n|-ability|p2a: Toedscruel|Speed Boost|boost\n|-boost|p2a: Toedscruel|spe|1\n|upkeep\n|\n|t:|1682429185\n|switch|p1a: Flutter Mane|Flutter Mane, L50|100\/100\n|-enditem|p1a: Flutter Mane|Booster Energy\n|-activate|p1a: Flutter Mane|ability: Protosynthesis|[fromitem]\n|-start|p1a: Flutter Mane|protosynthesisspe\n|turn|7\n|\n|t:|1682429203\n|move|p1b: Chien-Pao|Sucker Punch||[still]\n|-fail|p1b: Chien-Pao\n|move|p2a: Toedscruel|Spore|p1a: Flutter Mane\n|-status|p1a: Flutter Mane|slp|[from] move: Spore\n|cant|p1a: Flutter Mane|slp\n|move|p2b: Tyranitar|Power Gem|p1b: Chien-Pao\n|-supereffective|p1b: Chien-Pao\n|-crit|p1b: Chien-Pao\n|-damage|p1b: Chien-Pao|0 fnt\n|faint|p1b: Chien-Pao\n|\n|-weather|Sandstorm|[upkeep]\n|-damage|p1a: Flutter Mane|94\/100 slp|[from] Sandstorm\n|-heal|p2a: Toedscruel|24\/100|[from] item: Leftovers\n|upkeep\n|turn|8\n|-message|SunriseArrow forfeited.\n|\n|win|Xenith_Shadow\n|raw|SunriseArrow's rating: 1289 → 1256<\/strong> (-33 for losing)\n|raw|Xenith_Shadow's rating: 1181 → 1214<\/strong> (+33 for winning)\n|l|\u2606SunriseArrow\n","uploadtime":1682429220,"views":11,"p1id":"sunrisearrow","p2id":"xenithshadow","formatid":"gen9vgc2023regulationc","rating":1214,"private":0,"password":""}