{"id":"gen9vgc2023regulationc-1858408098","p1":"aisjdjeek","p2":"Mavrjce","format":"[Gen 9] VGC 2023 Regulation C","log":"|j|\u2606aisjdjeek\n|j|\u2606Mavrjce\n|t:|1683309497\n|gametype|doubles\n|player|p1|aisjdjeek|170|1084\n|player|p2|Mavrjce|266|1028\n|teamsize|p1|6\n|teamsize|p2|6\n|gen|9\n|tier|[Gen 9] VGC 2023 Regulation C\n|rated|\n|rule|Species Clause: Limit one of each Pok\u00e9mon\n|rule|Item Clause: Limit one of each item\n|clearpoke\n|poke|p1|Torkoal, L50, M|\n|poke|p1|Armarouge, L50, M|\n|poke|p1|Indeedee-F, L50, F|\n|poke|p1|Ting-Lu, L50|\n|poke|p1|Brute Bonnet, L50|\n|poke|p1|Leafeon, L50, F|\n|poke|p2|Ceruledge, L50, M|\n|poke|p2|Orthworm, L50, M|\n|poke|p2|Garchomp, L50, M|\n|poke|p2|Talonflame, L50, M|\n|poke|p2|Gastrodon, L50, M|\n|poke|p2|Scizor, L50, F|\n|teampreview|4\n|inactive|Battle timer is ON: inactive players will automatically lose when time's up. (requested by aisjdjeek)\n|inactive|Mavrjce has 60 seconds left.\n|inactive|Mavrjce has 30 seconds left.\n|\n|t:|1683309570\n|start\n|switch|p1a: Indeedee|Indeedee-F, L50, F|100\/100\n|switch|p1b: Armarouge|Armarouge, L50, M|100\/100\n|switch|p2a: Orthworm|Orthworm, L50, M|100\/100\n|switch|p2b: Garchomp|Garchomp, L50, M|100\/100\n|-fieldstart|move: Psychic Terrain|[from] ability: Psychic Surge|[of] p1a: Indeedee\n|turn|1\n|\n|t:|1683309594\n|-terastallize|p1b: Armarouge|Grass\n|move|p2a: Orthworm|Protect|p2a: Orthworm\n|-singleturn|p2a: Orthworm|Protect\n|move|p1a: Indeedee|Follow Me|p1a: Indeedee\n|-singleturn|p1a: Indeedee|move: Follow Me\n|move|p2b: Garchomp|Earthquake|p1a: Indeedee|[spread] p1a,p1b\n|-activate|p2a: Orthworm|move: Protect\n|-resisted|p1b: Armarouge\n|-damage|p1a: Indeedee|46\/100\n|-damage|p1b: Armarouge|74\/100\n|-damage|p2b: Garchomp|91\/100|[from] item: Life Orb\n|move|p1b: Armarouge|Trick Room|p1b: Armarouge\n|-fieldstart|move: Trick Room|[of] p1b: Armarouge\n|\n|upkeep\n|turn|2\n|inactive|Mavrjce has 30 seconds left.\n|inactive|Mavrjce has 20 seconds left.\n|\n|t:|1683309630\n|switch|p2a: Ceruledge|Ceruledge, L50, M|100\/100\n|move|p1a: Indeedee|Follow Me|p1a: Indeedee\n|-singleturn|p1a: Indeedee|move: Follow Me\n|move|p1b: Armarouge|Expanding Force|p2a: Ceruledge|[spread] p2a,p2b\n|-damage|p2a: Ceruledge|23\/100\n|-damage|p2b: Garchomp|23\/100\n|move|p2b: Garchomp|Dragon Claw|p1a: Indeedee\n|-damage|p1a: Indeedee|0 fnt\n|faint|p1a: Indeedee\n|-damage|p2b: Garchomp|14\/100|[from] item: Life Orb\n|\n|upkeep\n|\n|t:|1683309637\n|switch|p1a: Torkoal|Torkoal, L50, M|100\/100\n|turn|3\n|\n|t:|1683309654\n|move|p2a: Ceruledge|Protect|p2a: Ceruledge\n|-singleturn|p2a: Ceruledge|Protect\n|move|p2b: Garchomp|Protect|p2b: Garchomp\n|-singleturn|p2b: Garchomp|Protect\n|move|p1a: Torkoal|Earth Power|p2a: Ceruledge\n|-activate|p2a: Ceruledge|move: Protect\n|move|p1b: Armarouge|Expanding Force|p2a: Ceruledge|[spread] \n|-activate|p2a: Ceruledge|move: Protect\n|-activate|p2b: Garchomp|move: Protect\n|\n|upkeep\n|turn|4\n|inactive|Mavrjce has 30 seconds left.\n|\n|t:|1683309684\n|switch|p2a: Orthworm|Orthworm, L50, M|100\/100\n|move|p2b: Garchomp|Protect|p2b: Garchomp\n|-singleturn|p2b: Garchomp|Protect\n|move|p1a: Torkoal|Earth Power|p2a: Orthworm\n|-immune|p2a: Orthworm|[from] ability: Earth Eater\n|move|p1b: Armarouge|Expanding Force|p2a: Orthworm|[spread] p2a\n|-activate|p2b: Garchomp|move: Protect\n|-resisted|p2a: Orthworm\n|-damage|p2a: Orthworm|69\/100\n|\n|-heal|p2a: Orthworm|76\/100|[from] item: Leftovers\n|upkeep\n|turn|5\n|\n|t:|1683309704\n|switch|p2b: Scizor|Scizor, L50, F|100\/100\n|move|p1a: Torkoal|Eruption|p2a: Orthworm|[spread] p2a,p2b\n|-supereffective|p2a: Orthworm\n|-supereffective|p2b: Scizor\n|-damage|p2a: Orthworm|0 fnt\n|-damage|p2b: Scizor|0 fnt\n|faint|p2a: Orthworm\n|faint|p2b: Scizor\n|move|p1b: Armarouge|Expanding Force|p2: Orthworm|[notarget]\n|-fail|p1b: Armarouge\n|\n|-fieldend|move: Trick Room\n|-fieldend|move: Psychic Terrain\n|upkeep\n|\n|t:|1683309716\n|switch|p2a: Ceruledge|Ceruledge, L50, M|23\/100\n|switch|p2b: Garchomp|Garchomp, L50, M|14\/100\n|turn|6\n|\n|t:|1683309737\n|move|p2a: Ceruledge|Protect|p2a: Ceruledge\n|-singleturn|p2a: Ceruledge|Protect\n|move|p2b: Garchomp|Earthquake|p1a: Torkoal|[spread] p1a,p1b\n|-activate|p2a: Ceruledge|move: Protect\n|-supereffective|p1a: Torkoal\n|-crit|p1a: Torkoal\n|-resisted|p1b: Armarouge\n|-damage|p1a: Torkoal|0 fnt\n|-damage|p1b: Armarouge|49\/100\n|faint|p1a: Torkoal\n|-damage|p2b: Garchomp|4\/100|[from] item: Life Orb\n|move|p1b: Armarouge|Expanding Force|p2b: Garchomp\n|-damage|p2b: Garchomp|0 fnt\n|faint|p2b: Garchomp\n|\n|upkeep\n|\n|t:|1683309740\n|switch|p1a: Brute Bonnet|Brute Bonnet, L50|100\/100\n|turn|7\n|\n|t:|1683309761\n|-terastallize|p2a: Ceruledge|Grass\n|move|p2a: Ceruledge|Bulk Up|p2a: Ceruledge\n|-boost|p2a: Ceruledge|atk|1\n|-boost|p2a: Ceruledge|def|1\n|move|p1a: Brute Bonnet|Stomping Tantrum|p2a: Ceruledge\n|-resisted|p2a: Ceruledge\n|-damage|p2a: Ceruledge|9\/100\n|move|p1b: Armarouge|Trick Room|p1b: Armarouge\n|-fieldstart|move: Trick Room|[of] p1b: Armarouge\n|\n|upkeep\n|turn|8\n|\n|t:|1683309773\n|move|p2a: Ceruledge|Shadow Sneak|p1b: Armarouge\n|-damage|p1b: Armarouge|14\/100\n|move|p1a: Brute Bonnet|Stomping Tantrum|p2a: Ceruledge\n|-resisted|p2a: Ceruledge\n|-damage|p2a: Ceruledge|0 fnt\n|faint|p2a: Ceruledge\n|\n|win|aisjdjeek\n|raw|aisjdjeek's rating: 1084 → 1107<\/strong> (+23 for winning)\n|raw|Mavrjce's rating: 1028 → 1016<\/strong> (-12 for losing)\n","uploadtime":1683309779,"views":11,"p1id":"aisjdjeek","p2id":"mavrjce","formatid":"gen9vgc2023regulationc","rating":1016,"private":0,"password":""}