{"id":"gen9vgc2023regulationc-1859727223","p1":"Bailey3253","p2":"He's In Sweden","format":"[Gen 9] VGC 2023 Regulation C","log":"|j|\u2606Bailey3253\n|j|\u2606He's In Sweden\n|t:|1683559524\n|gametype|doubles\n|player|p1|Bailey3253|pokemaniac|1133\n|player|p2|He's In Sweden|blackbelt-gen4dp|1107\n|teamsize|p1|6\n|teamsize|p2|6\n|gen|9\n|tier|[Gen 9] VGC 2023 Regulation C\n|rated|\n|rule|Species Clause: Limit one of each Pok\u00e9mon\n|rule|Item Clause: Limit one of each item\n|clearpoke\n|poke|p1|Floatzel, L50, M|\n|poke|p1|Pelipper, L50, F|\n|poke|p1|Ting-Lu, L50|\n|poke|p1|Grimmsnarl, L50, M|\n|poke|p1|Amoonguss, L50, F|\n|poke|p1|Gholdengo, L50|\n|poke|p2|Palafin, L50, F|\n|poke|p2|Arcanine, L50, F|\n|poke|p2|Amoonguss, L50, F|\n|poke|p2|Ting-Lu, L50|\n|poke|p2|Baxcalibur, L50, F|\n|poke|p2|Flutter Mane, L50|\n|teampreview|4\n|inactive|Battle timer is ON: inactive players will automatically lose when time's up. (requested by He's In Sweden)\nHe's In Sweden has agreed to open team sheets.\n|inactive|Bailey3253 has 60 seconds left.\n|\n|t:|1683559570\n|start\n|switch|p1a: Floatzel|Floatzel, L50, M|100\/100\n|switch|p1b: Pelipper|Pelipper, L50, F|100\/100\n|switch|p2a: Arcanine|Arcanine, L50, F|100\/100\n|switch|p2b: Flutter Mane|Flutter Mane, L50|100\/100\n|-ability|p2a: Arcanine|Intimidate|boost\n|-unboost|p1a: Floatzel|atk|1\n|-unboost|p1b: Pelipper|atk|1\n|-weather|RainDance|[from] ability: Drizzle|[of] p1b: Pelipper\n|turn|1\n|\n|t:|1683559592\n|-end|p2b: Flutter Mane|Protosynthesis|[silent]\n|switch|p2b: Amoonguss|Amoonguss, L50, F|100\/100\n|-terastallize|p2a: Arcanine|Water\n|move|p1a: Floatzel|Wave Crash|p2b: Amoonguss\n|-resisted|p2b: Amoonguss\n|-damage|p2b: Amoonguss|69\/100\n|-damage|p1a: Floatzel|86\/100|[from] Recoil\n|-damage|p1a: Floatzel|76\/100|[from] item: Life Orb\n|move|p2a: Arcanine|Will-O-Wisp|p1a: Floatzel\n|-status|p1a: Floatzel|brn\n|move|p1b: Pelipper|Chilling Water|p2a: Arcanine\n|-resisted|p2a: Arcanine\n|-damage|p2a: Arcanine|83\/100\n|-unboost|p2a: Arcanine|atk|1\n|\n|-weather|RainDance|[upkeep]\n|-damage|p1a: Floatzel|70\/100 brn|[from] brn\n|upkeep\n|turn|2\n|inactive|Bailey3253 has 30 seconds left.\n|inactive|Bailey3253 has 20 seconds left.\n|inactive|Bailey3253 has 15 seconds left.\n|\n|t:|1683559634\n|switch|p2b: Ting-Lu|Ting-Lu, L50|100\/100\n|-ability|p2b: Ting-Lu|Vessel of Ruin\n|-terastallize|p1a: Floatzel|Electric\n|move|p1a: Floatzel|Tera Blast|p2a: Arcanine\n|-supereffective|p2a: Arcanine\n|-damage|p2a: Arcanine|47\/100\n|-damage|p1a: Floatzel|60\/100 brn|[from] item: Life Orb\n|move|p2a: Arcanine|Howl|p2a: Arcanine|[spread] p2a,p2b\n|-boost|p2a: Arcanine|atk|1\n|-boost|p2b: Ting-Lu|atk|1\n|move|p1b: Pelipper|Hurricane|p2b: Ting-Lu\n|-damage|p2b: Ting-Lu|85\/100\n|\n|-weather|RainDance|[upkeep]\n|-damage|p1a: Floatzel|54\/100 brn|[from] brn\n|upkeep\n|turn|3\n|inactive|Bailey3253 has 30 seconds left.\n|inactive|Bailey3253 has 20 seconds left.\n|\n|t:|1683559673\n|switch|p1b: sus|Amoonguss, L50, F|100\/100\n|move|p2a: Arcanine|Protect|p2a: Arcanine\n|-singleturn|p2a: Arcanine|Protect\n|move|p1a: Floatzel|Wave Crash|p2b: Ting-Lu\n|-supereffective|p2b: Ting-Lu\n|-damage|p2b: Ting-Lu|43\/100\n|-damage|p1a: Floatzel|33\/100 brn|[from] Recoil\n|-damage|p1a: Floatzel|23\/100 brn|[from] item: Life Orb\n|move|p2b: Ting-Lu|Stomping Tantrum|p1a: Floatzel\n|-supereffective|p1a: Floatzel\n|-damage|p1a: Floatzel|0 fnt\n|faint|p1a: Floatzel\n|\n|-weather|RainDance|[upkeep]\n|upkeep\n|\n|t:|1683559688\n|switch|p1a: Ting-Lu|Ting-Lu, L50|100\/100\n|-ability|p1a: Ting-Lu|Vessel of Ruin\n|turn|4\n|inactive|Bailey3253 has 30 seconds left.\n|\n|t:|1683559715\n|move|p1b: sus|Rage Powder|p1b: sus\n|-singleturn|p1b: sus|move: Rage Powder\n|move|p2a: Arcanine|Howl|p2a: Arcanine|[spread] p2a,p2b\n|-boost|p2a: Arcanine|atk|1\n|-boost|p2b: Ting-Lu|atk|1\n|move|p2b: Ting-Lu|Stomping Tantrum|p1b: sus\n|-damage|p1b: sus|36\/100\n|move|p1a: Ting-Lu|Fissure|p2b: Ting-Lu\n|-damage|p2b: Ting-Lu|0 fnt\n|faint|p2b: Ting-Lu\n|-ohko\n|\n|-weather|RainDance|[upkeep]\n|upkeep\n|\n|t:|1683559725\n|switch|p2b: Amoonguss|Amoonguss, L50, F|100\/100\n|turn|5\n|\n|t:|1683559749\n|switch|p1b: Pelipper|Pelipper, L50, F|100\/100\n|move|p2a: Arcanine|Flare Blitz|p1b: Pelipper\n|-resisted|p1b: Pelipper\n|-damage|p1b: Pelipper|79\/100\n|-damage|p2a: Arcanine|41\/100|[from] Recoil\n|move|p1a: Ting-Lu|Fissure|p2b: Amoonguss|[miss]\n|-miss|p1a: Ting-Lu|p2b: Amoonguss\n|move|p2b: Amoonguss|Pollen Puff|p2a: Arcanine\n|-heal|p2a: Arcanine|91\/100\n|\n|-weather|none\n|upkeep\n|turn|6\n|\n|t:|1683559771\n|switch|p1b: sus|Amoonguss, L50, F|69\/100\n|move|p2a: Arcanine|Howl|p2a: Arcanine|[spread] p2a,p2b\n|-boost|p2a: Arcanine|atk|1\n|-boost|p2b: Amoonguss|atk|1\n|move|p1a: Ting-Lu|Fissure|p2b: Amoonguss|[miss]\n|-miss|p1a: Ting-Lu|p2b: Amoonguss\n|move|p2b: Amoonguss|Spore|p1a: Ting-Lu\n|-status|p1a: Ting-Lu|slp|[from] move: Spore\n|\n|upkeep\n|turn|7\n|\n|t:|1683559787\n|switch|p1a: Pelipper|Pelipper, L50, F|79\/100\n|-weather|RainDance|[from] ability: Drizzle|[of] p1a: Pelipper\n|move|p2a: Arcanine|Flare Blitz|p1a: Pelipper\n|-resisted|p1a: Pelipper\n|-damage|p1a: Pelipper|48\/100\n|-damage|p2a: Arcanine|84\/100|[from] Recoil\n|move|p1b: sus|Clear Smog|p2a: Arcanine\n|-crit|p2a: Arcanine\n|-damage|p2a: Arcanine|58\/100\n|-clearboost|p2a: Arcanine\n|move|p2b: Amoonguss|Spore|p1b: sus\n|-immune|p1b: sus\n|\n|-weather|RainDance|[upkeep]\n|upkeep\n|turn|8\n|\n|t:|1683559812\n|switch|p1b: Ting-Lu|Ting-Lu, L50|100\/100 slp\n|-ability|p1b: Ting-Lu|Vessel of Ruin\n|move|p2a: Arcanine|Flare Blitz|p1b: Ting-Lu\n|-damage|p1b: Ting-Lu|89\/100 slp\n|-damage|p2a: Arcanine|53\/100|[from] Recoil\n|move|p1a: Pelipper|Hurricane|p2b: Amoonguss\n|-supereffective|p2b: Amoonguss\n|-damage|p2b: Amoonguss|43\/100\n|-enditem|p2b: Amoonguss|Sitrus Berry|[eat]\n|-heal|p2b: Amoonguss|67\/100|[from] item: Sitrus Berry\n|move|p2b: Amoonguss|Spore|p1a: Pelipper\n|-status|p1a: Pelipper|slp|[from] move: Spore\n|\n|-weather|RainDance|[upkeep]\n|upkeep\n|turn|9\n|\n|t:|1683559835\n|switch|p2a: Flutter Mane|Flutter Mane, L50|100\/100\n|switch|p1a: sus|Amoonguss, L50, F|100\/100\n|cant|p1b: Ting-Lu|slp\n|move|p2b: Amoonguss|Pollen Puff|p1b: Ting-Lu\n|-supereffective|p1b: Ting-Lu\n|-damage|p1b: Ting-Lu|75\/100 slp\n|\n|-weather|RainDance|[upkeep]\n|upkeep\n|turn|10\n|inactive|Bailey3253 has 30 seconds left.\n|\n|t:|1683559862\n|move|p2a: Flutter Mane|Shadow Ball|p1a: sus\n|-damage|p1a: sus|62\/100\n|cant|p1b: Ting-Lu|slp\n|move|p1a: sus|Spore|p2a: Flutter Mane\n|-status|p2a: Flutter Mane|slp|[from] move: Spore\n|move|p2b: Amoonguss|Pollen Puff|p1a: sus\n|-damage|p1a: sus|51\/100\n|\n|-weather|RainDance|[upkeep]\n|upkeep\n|turn|11\n|\n|t:|1683559879\n|cant|p2a: Flutter Mane|slp\n|cant|p1b: Ting-Lu|slp\n|move|p1a: sus|Pollen Puff|p1b: Ting-Lu\n|-heal|p1b: Ting-Lu|100\/100 slp\n|move|p2b: Amoonguss|Pollen Puff|p1a: sus\n|-damage|p1a: sus|40\/100\n|\n|-weather|none\n|upkeep\n|turn|12\n|\n|t:|1683559893\n|switch|p1a: Pelipper|Pelipper, L50, F|48\/100 slp\n|-weather|RainDance|[from] ability: Drizzle|[of] p1a: Pelipper\n|cant|p2a: Flutter Mane|slp\n|-curestatus|p1b: Ting-Lu|slp|[msg]\n|move|p1b: Ting-Lu|Heavy Slam|p2a: Flutter Mane\n|-supereffective|p2a: Flutter Mane\n|-damage|p2a: Flutter Mane|0 fnt\n|faint|p2a: Flutter Mane\n|-end|p2a: Flutter Mane|Protosynthesis|[silent]\n|move|p2b: Amoonguss|Pollen Puff|p1a: Pelipper\n|-resisted|p1a: Pelipper\n|-damage|p1a: Pelipper|37\/100 slp\n|\n|-weather|RainDance|[upkeep]\n|upkeep\n|\n|t:|1683559900\n|switch|p2a: Arcanine|Arcanine, L50, F, tera:Water|53\/100\n|-ability|p2a: Arcanine|Intimidate|boost\n|-unboost|p1a: Pelipper|atk|1\n|-unboost|p1b: Ting-Lu|atk|1\n|turn|13\n|inactive|Bailey3253 has 30 seconds left.\n|\n|t:|1683559928\n|move|p2a: Arcanine|Flare Blitz|p1a: Pelipper\n|-resisted|p1a: Pelipper\n|-damage|p1a: Pelipper|24\/100 slp\n|-damage|p2a: Arcanine|50\/100|[from] Recoil\n|cant|p1a: Pelipper|slp\n|move|p1b: Ting-Lu|Fissure|p2a: Arcanine\n|-damage|p2a: Arcanine|0 fnt\n|faint|p2a: Arcanine\n|-ohko\n|move|p2b: Amoonguss|Spore|p1b: Ting-Lu\n|-status|p1b: Ting-Lu|slp|[from] move: Spore\n|\n|-weather|RainDance|[upkeep]\n|upkeep\n|turn|14\n|-message|He's In Sweden forfeited.\n|\n|win|Bailey3253\n|raw|Bailey3253's rating: 1133 → 1156<\/strong> (+23 for winning)\n|raw|He's In Sweden's rating: 1107 → 1084<\/strong> (-23 for losing)\n|l|\u2606He's In Sweden\n","uploadtime":1683559949,"views":14,"p1id":"bailey3253","p2id":"hesinsweden","formatid":"gen9vgc2023regulationc","rating":1084,"private":0,"password":""}