{"id":"gen9vgc2023regulationc-1855830659","p1":"WOLFIELIL","p2":"hhhyy6","format":"[Gen 9] VGC 2023 Regulation C","log":"|j|\u2606WOLFIELIL\n|j|\u2606hhhyy6\n|t:|1682989258\n|gametype|doubles\n|player|p1|WOLFIELIL|170|1315\n|player|p2|hhhyy6|266|1236\n|teamsize|p1|6\n|teamsize|p2|6\n|gen|9\n|tier|[Gen 9] VGC 2023 Regulation C\n|rated|\n|rule|Species Clause: Limit one of each Pok\u00e9mon\n|rule|Item Clause: Limit one of each item\n|clearpoke\n|poke|p1|Palafin, L50, F|\n|poke|p1|Volcarona, L50, F|\n|poke|p1|Amoonguss, L50, M|\n|poke|p1|Ting-Lu, L50|\n|poke|p1|Iron Hands, L50|\n|poke|p1|Flutter Mane, L50|\n|poke|p2|Torkoal, L50, F|\n|poke|p2|Chi-Yu, L50|\n|poke|p2|Bronzong, L50|\n|poke|p2|Gastrodon, L50, M|\n|poke|p2|Grimmsnarl, L50, M|\n|poke|p2|Skeledirge, L50, M|\n|teampreview|4\n|inactive|Battle timer is ON: inactive players will automatically lose when time's up. (requested by hhhyy6)\n|\n|t:|1682989297\n|start\n|switch|p1a: Ting-Lu|Ting-Lu, L50|100\/100\n|switch|p1b: Palafin|Palafin, L50, F|100\/100\n|switch|p2a: Chi-Yu|Chi-Yu, L50|100\/100\n|switch|p2b: Grimmsnarl|Grimmsnarl, L50, M|100\/100\n|-ability|p2a: Chi-Yu|Beads of Ruin\n|-ability|p1a: Ting-Lu|Vessel of Ruin\n|turn|1\n|inactive|WOLFIELIL has 30 seconds left.\n|\n|t:|1682989326\n|move|p1b: Palafin|Protect|p1b: Palafin\n|-singleturn|p1b: Palafin|Protect\n|move|p2b: Grimmsnarl|Fake Out|p1a: Ting-Lu\n|-damage|p1a: Ting-Lu|93\/100\n|move|p2a: Chi-Yu|Substitute|p2a: Chi-Yu\n|-start|p2a: Chi-Yu|Substitute\n|-damage|p2a: Chi-Yu|76\/100\n|cant|p1a: Ting-Lu|flinch\n|\n|upkeep\n|turn|2\n|\n|t:|1682989343\n|detailschange|p1b: Palafin|Palafin-Hero, L50, F\n|switch|p1b: Volcarona|Volcarona, L50, F|100\/100\n|move|p2a: Chi-Yu|Protect|p2a: Chi-Yu\n|-singleturn|p2a: Chi-Yu|Protect\n|move|p1a: Ting-Lu|Rock Slide|p2a: Chi-Yu|[spread] p2b\n|-activate|p2a: Chi-Yu|move: Protect\n|-damage|p2b: Grimmsnarl|73\/100\n|move|p2b: Grimmsnarl|Spirit Break|p1a: Ting-Lu\n|-supereffective|p1a: Ting-Lu\n|-damage|p1a: Ting-Lu|54\/100\n|-unboost|p1a: Ting-Lu|spa|1\n|\n|upkeep\n|turn|3\n|inactive|WOLFIELIL has 30 seconds left.\n|\n|t:|1682989369\n|-terastallize|p1a: Ting-Lu|Poison\n|move|p2b: Grimmsnarl|Trick|p1b: Volcarona\n|-activate|p2b: Grimmsnarl|move: Trick|[of] p1b: Volcarona\n|-item|p1b: Volcarona|Lagging Tail|[from] move: Trick\n|-item|p2b: Grimmsnarl|Safety Goggles|[from] move: Trick\n|move|p2a: Chi-Yu|Snarl|p1b: Volcarona|[spread] p1a,p1b\n|-damage|p1a: Ting-Lu|41\/100\n|-damage|p1b: Volcarona|82\/100\n|-unboost|p1a: Ting-Lu|spa|1\n|-unboost|p1b: Volcarona|spa|1\n|move|p1b: Volcarona|Tailwind|p1b: Volcarona\n|-sidestart|p1: WOLFIELIL|move: Tailwind\n|move|p1a: Ting-Lu|Rock Slide|p2b: Grimmsnarl|[spread] p2a,p2b\n|-supereffective|p2a: Chi-Yu\n|-end|p2a: Chi-Yu|Substitute\n|-damage|p2b: Grimmsnarl|44\/100\n|\n|upkeep\n|turn|4\n|inactive|WOLFIELIL has 30 seconds left.\n|inactive|hhhyy6 has 30 seconds left.\n|inactive|WOLFIELIL has 20 seconds left.\n|inactive|WOLFIELIL has 15 seconds left.\n|\n|t:|1682989412\n|switch|p1b: Palafin|Palafin-Hero, L50, F|100\/100\n|-activate|p1b: Palafin|ability: Zero to Hero\n|move|p2a: Chi-Yu|Protect|p2a: Chi-Yu\n|-singleturn|p2a: Chi-Yu|Protect\n|move|p1a: Ting-Lu|Rock Slide|p2b: Grimmsnarl|[spread] p2b\n|-activate|p2a: Chi-Yu|move: Protect\n|-damage|p2b: Grimmsnarl|17\/100\n|move|p2b: Grimmsnarl|Spirit Break|p1b: Palafin\n|-damage|p1b: Palafin|67\/100\n|-unboost|p1b: Palafin|spa|1\n|\n|upkeep\n|turn|5\n|\n|t:|1682989427\n|switch|p2a: Gastrodon|Gastrodon, L50, M|100\/100\n|move|p2b: Grimmsnarl|Sucker Punch|p1a: Ting-Lu\n|-damage|p1a: Ting-Lu|21\/100\n|move|p1b: Palafin|Bulk Up|p1b: Palafin\n|-boost|p1b: Palafin|atk|1\n|-boost|p1b: Palafin|def|1\n|move|p1a: Ting-Lu|Rock Slide|p2a: Gastrodon|[spread] p2a,p2b\n|-resisted|p2a: Gastrodon\n|-damage|p2a: Gastrodon|86\/100\n|-damage|p2b: Grimmsnarl|0 fnt\n|faint|p2b: Grimmsnarl\n|\n|upkeep\n|\n|t:|1682989436\n|switch|p2b: Skeledirge|Skeledirge, L50, M|100\/100\n|turn|6\n|inactive|hhhyy6 has 30 seconds left.\n|\n|t:|1682989462\n|move|p2a: Gastrodon|Protect|p2a: Gastrodon\n|-singleturn|p2a: Gastrodon|Protect\n|move|p1b: Palafin|Drain Punch|p2a: Gastrodon\n|-activate|p2a: Gastrodon|move: Protect\n|move|p1a: Ting-Lu|Rock Slide|p2a: Gastrodon|[spread] p2b\n|-activate|p2a: Gastrodon|move: Protect\n|-supereffective|p2b: Skeledirge\n|-damage|p2b: Skeledirge|54\/100\n|move|p2b: Skeledirge|Encore|p1b: Palafin\n|-start|p1b: Palafin|Encore\n|\n|-heal|p2b: Skeledirge|60\/100|[from] item: Leftovers\n|-sideend|p1: WOLFIELIL|move: Tailwind\n|upkeep\n|turn|7\n|\n|t:|1682989480\n|move|p1b: Palafin|Drain Punch|p2a: Gastrodon\n|-damage|p2a: Gastrodon|28\/100\n|-heal|p1b: Palafin|98\/100|[from] drain|[of] p2a: Gastrodon\n|move|p2b: Skeledirge|Torch Song|p1a: Ting-Lu\n|-damage|p1a: Ting-Lu|0 fnt\n|-boost|p2b: Skeledirge|spa|1\n|faint|p1a: Ting-Lu\n|move|p2a: Gastrodon|Clear Smog|p1b: Palafin\n|-damage|p1b: Palafin|86\/100\n|-clearboost|p1b: Palafin\n|\n|-heal|p2b: Skeledirge|66\/100|[from] item: Leftovers\n|upkeep\n|\n|t:|1682989498\n|switch|p1a: Volcarona|Volcarona, L50, F|82\/100\n|turn|8\n|\n|t:|1682989511\n|move|p2a: Gastrodon|Protect|p2a: Gastrodon\n|-singleturn|p2a: Gastrodon|Protect\n|move|p1b: Palafin|Drain Punch|p2a: Gastrodon\n|-activate|p2a: Gastrodon|move: Protect\n|move|p2b: Skeledirge|Torch Song|p1a: Volcarona\n|-damage|p1a: Volcarona|20\/100\n|-boost|p2b: Skeledirge|spa|1\n|move|p1a: Volcarona|Tailwind|p1a: Volcarona\n|-sidestart|p1: WOLFIELIL|move: Tailwind\n|\n|-heal|p2b: Skeledirge|72\/100|[from] item: Leftovers\n|upkeep\n|turn|9\n|\n|t:|1682989525\n|switch|p1b: Iron Hands|Iron Hands, L50|100\/100\n|switch|p2a: Chi-Yu|Chi-Yu, L50|76\/100\n|-ability|p2a: Chi-Yu|Beads of Ruin\n|move|p2b: Skeledirge|Encore|p1a: Volcarona\n|-start|p1a: Volcarona|Encore\n|move|p1a: Volcarona|Tailwind||[still]\n|-fail|p1a: Volcarona\n|\n|-heal|p2b: Skeledirge|77\/100|[from] item: Leftovers\n|upkeep\n|turn|10\n|inactive|WOLFIELIL has 30 seconds left.\n|\n|t:|1682989558\n|switch|p1a: Palafin|Palafin-Hero, L50, F|86\/100\n|move|p2a: Chi-Yu|Protect|p2a: Chi-Yu\n|-singleturn|p2a: Chi-Yu|Protect\n|move|p1b: Iron Hands|Drain Punch|p2a: Chi-Yu\n|-activate|p2a: Chi-Yu|move: Protect\n|move|p2b: Skeledirge|Torch Song|p1a: Palafin\n|-resisted|p1a: Palafin\n|-damage|p1a: Palafin|41\/100\n|-boost|p2b: Skeledirge|spa|1\n|-enditem|p1a: Palafin|Sitrus Berry|[eat]\n|-heal|p1a: Palafin|66\/100|[from] item: Sitrus Berry\n|\n|-heal|p2b: Skeledirge|83\/100|[from] item: Leftovers\n|upkeep\n|turn|11\n|inactive|hhhyy6 has 30 seconds left.\n|\n|t:|1682989586\n|-terastallize|p2a: Chi-Yu|Ghost\n|move|p2b: Skeledirge|Protect|p2b: Skeledirge\n|-singleturn|p2b: Skeledirge|Protect\n|move|p1a: Palafin|Drain Punch|p2a: Chi-Yu\n|-immune|p2a: Chi-Yu\n|move|p2a: Chi-Yu|Tera Blast|p1a: Palafin\n|-damage|p1a: Palafin|24\/100\n|move|p1b: Iron Hands|Drain Punch|p2a: Chi-Yu\n|-immune|p2a: Chi-Yu\n|\n|-heal|p2b: Skeledirge|89\/100|[from] item: Leftovers\n|-sideend|p1: WOLFIELIL|move: Tailwind\n|upkeep\n|turn|12\n|\n|t:|1682989607\n|switch|p1a: Volcarona|Volcarona, L50, F|20\/100\n|move|p2a: Chi-Yu|Tera Blast|p1a: Volcarona\n|-damage|p1a: Volcarona|0 fnt\n|faint|p1a: Volcarona\n|move|p2b: Skeledirge|Encore|p1b: Iron Hands\n|-start|p1b: Iron Hands|Encore\n|move|p1b: Iron Hands|Drain Punch|p2a: Chi-Yu\n|-immune|p2a: Chi-Yu\n|\n|-heal|p2b: Skeledirge|95\/100|[from] item: Leftovers\n|upkeep\n|-message|WOLFIELIL forfeited.\n|\n|win|hhhyy6\n|raw|WOLFIELIL's rating: 1315 → 1289<\/strong> (-26 for losing)\n|raw|hhhyy6's rating: 1208 → 1240<\/strong> (+32 for winning)\n|l|\u2606WOLFIELIL\n","uploadtime":1682989615,"views":17,"p1id":"wolfielil","p2id":"hhhyy6","formatid":"gen9vgc2023regulationc","rating":1240,"private":0,"password":""}