{"id":"gen9vgc2023regulationc-1847660204","p1":"Sibiiiiiii","p2":"xdfgdfgh","format":"[Gen 9] VGC 2023 Regulation C","log":"|j|\u2606Sibiiiiiii\n|j|\u2606xdfgdfgh\n|t:|1681989054\n|gametype|doubles\n|player|p1|Sibiiiiiii|riley|1289\n|player|p2|xdfgdfgh|2|1228\n|teamsize|p1|6\n|teamsize|p2|6\n|gen|9\n|tier|[Gen 9] VGC 2023 Regulation C\n|rated|\n|rule|Species Clause: Limit one of each Pok\u00e9mon\n|rule|Item Clause: Limit one of each item\n|clearpoke\n|poke|p1|Dondozo, L50, M|\n|poke|p1|Tatsugiri-Droopy, L50, F|\n|poke|p1|Pelipper, L50, F|\n|poke|p1|Drednaw, L50, M|\n|poke|p1|Dragonite, L50, F|\n|poke|p1|Chien-Pao, L50|\n|poke|p2|Torkoal, L50, F|\n|poke|p2|Chi-Yu, L50|\n|poke|p2|Bronzong, L50|\n|poke|p2|Gastrodon, L50, F|\n|poke|p2|Grimmsnarl, L50, M|\n|poke|p2|Skeledirge, L50, F|\n|teampreview|4\n|inactive|Battle timer is ON: inactive players will automatically lose when time's up. (requested by Sibiiiiiii)\n|inactive|xdfgdfgh has 60 seconds left.\n|\n|t:|1681989089\n|start\n|switch|p1a: Drednaw|Drednaw, L50, M|100\/100\n|switch|p1b: Chien-Pao|Chien-Pao, L50|100\/100\n|switch|p2a: Grimmsnarl|Grimmsnarl, L50, M|100\/100\n|switch|p2b: Torkoal|Torkoal, L50, F|100\/100\n|-ability|p1b: Chien-Pao|Sword of Ruin\n|-weather|SunnyDay|[from] ability: Drought|[of] p2b: Torkoal\n|turn|1\n|\n|t:|1681989106\n|switch|p1b: Pelipper|Pelipper, L50, F|100\/100\n|-weather|RainDance|[from] ability: Drizzle|[of] p1b: Pelipper\n|move|p2a: Grimmsnarl|Fake Out|p1a: Drednaw\n|-resisted|p1a: Drednaw\n|-damage|p1a: Drednaw|92\/100\n|cant|p1a: Drednaw|flinch\n|move|p2b: Torkoal|Earth Power|p1a: Drednaw\n|-supereffective|p1a: Drednaw\n|-damage|p1a: Drednaw|4\/100\n|-damage|p2b: Torkoal|91\/100|[from] item: Life Orb\n|\n|-weather|RainDance|[upkeep]\n|upkeep\n|turn|2\n|\n|t:|1681989131\n|move|p2b: Torkoal|Protect|p2b: Torkoal\n|-singleturn|p2b: Torkoal|Protect\n|move|p2a: Grimmsnarl|Sucker Punch|p1a: Drednaw\n|-damage|p1a: Drednaw|0 fnt\n|faint|p1a: Drednaw\n|move|p1b: Pelipper|Hydro Pump|p2b: Torkoal\n|-activate|p2b: Torkoal|move: Protect\n|\n|-weather|RainDance|[upkeep]\n|upkeep\n|c|\u2606Sibiiiiiii|wtf is this grimmsnarl\n|\n|t:|1681989154\n|switch|p1a: Dragonite|Dragonite, L50, F|100\/100\n|turn|3\n|j| chacaad\n|\n|t:|1681989162\n|switch|p2b: Gastrodon|Gastrodon, L50, F|100\/100\n|move|p1a: Dragonite|Extreme Speed|p2a: Grimmsnarl\n|-damage|p2a: Grimmsnarl|68\/100\n|move|p2a: Grimmsnarl|Trick|p1a: Dragonite\n|-activate|p2a: Grimmsnarl|move: Trick|[of] p1a: Dragonite\n|-item|p1a: Dragonite|Lagging Tail|[from] move: Trick\n|-item|p2a: Grimmsnarl|Lum Berry|[from] move: Trick\n|move|p1b: Pelipper|Hydro Pump|p2b: Gastrodon\n|-ability|p2b: Gastrodon|Storm Drain|boost\n|-boost|p2b: Gastrodon|spa|1\n|\n|-weather|RainDance|[upkeep]\n|upkeep\n|turn|4\n|\n|t:|1681989192\n|switch|p2a: Torkoal|Torkoal, L50, F|91\/100\n|-weather|SunnyDay|[from] ability: Drought|[of] p2a: Torkoal\n|-terastallize|p1a: Dragonite|Normal\n|move|p1a: Dragonite|Extreme Speed|p2b: Gastrodon\n|-damage|p2b: Gastrodon|45\/100\n|move|p1b: Pelipper|Hurricane|p2a: Torkoal|[miss]\n|-miss|p1b: Pelipper|p2a: Torkoal\n|move|p2b: Gastrodon|Sludge Bomb|p1b: Pelipper\n|-damage|p1b: Pelipper|48\/100\n|\n|-weather|SunnyDay|[upkeep]\n|upkeep\n|turn|5\n|\n|t:|1681989211\n|move|p2b: Gastrodon|Protect|p2b: Gastrodon\n|-singleturn|p2b: Gastrodon|Protect\n|move|p1a: Dragonite|Extreme Speed|p2b: Gastrodon\n|-activate|p2b: Gastrodon|move: Protect\n|move|p1b: Pelipper|Hurricane|p2a: Torkoal|[miss]\n|-miss|p1b: Pelipper|p2a: Torkoal\n|move|p2a: Torkoal|Body Press|p1a: Dragonite\n|-supereffective|p1a: Dragonite\n|-damage|p1a: Dragonite|32\/100\n|-damage|p2a: Torkoal|82\/100|[from] item: Life Orb\n|\n|-weather|SunnyDay|[upkeep]\n|upkeep\n|turn|6\n|-message|Sibiiiiiii forfeited.\n|\n|win|xdfgdfgh\n|raw|Sibiiiiiii's rating: 1289 → 1260<\/strong> (-29 for losing)\n|raw|xdfgdfgh's rating: 1228 → 1257<\/strong> (+29 for winning)\n|l|\u2606Sibiiiiiii\n","uploadtime":1681989222,"views":15,"p1id":"sibiiiiiii","p2id":"xdfgdfgh","formatid":"gen9vgc2023regulationc","rating":1257,"private":0,"password":""}