{"id":"gen9vgc2023regulationc-1863920544","p1":"Cosentino","p2":"Stone Fury","format":"[Gen 9] VGC 2023 Regulation C","log":"|j|\u2606Cosentino\n|j|\u2606Stone Fury\n|t:|1684093453\n|gametype|doubles\n|player|p1|Cosentino|169|1253\n|player|p2|Stone Fury|byron|1282\n|teamsize|p1|6\n|teamsize|p2|6\n|gen|9\n|tier|[Gen 9] VGC 2023 Regulation C\n|rated|\n|rule|Species Clause: Limit one of each Pok\u00e9mon\n|rule|Item Clause: Limit one of each item\n|clearpoke\n|poke|p1|Sableye, L50, F|\n|poke|p1|Ceruledge, L50, F|\n|poke|p1|Iron Thorns, L50|\n|poke|p1|Gyarados, L50, M|\n|poke|p1|Chien-Pao, L50|\n|poke|p1|Dragonite, L50, M|\n|poke|p2|Pelipper, L50, F|\n|poke|p2|Amoonguss, L50, F|\n|poke|p2|Baxcalibur, L50, M|\n|poke|p2|Azumarill, L50, F|\n|poke|p2|Iron Bundle, L50|\n|poke|p2|Bronzong, L50|\n|teampreview|4\n|\n|t:|1684093493\n|start\n|switch|p1a: Iron Thorns|Iron Thorns, L50|100\/100\n|switch|p1b: Chien-Pao|Chien-Pao, L50|100\/100\n|switch|p2a: Pelipper|Pelipper, L50, F|100\/100\n|switch|p2b: Baxcalibur|Baxcalibur, L50, M|100\/100\n|-ability|p1b: Chien-Pao|Sword of Ruin\n|-weather|RainDance|[from] ability: Drizzle|[of] p2a: Pelipper\n|-enditem|p1a: Iron Thorns|Booster Energy\n|-activate|p1a: Iron Thorns|ability: Quark Drive|[fromitem]\n|-start|p1a: Iron Thorns|quarkdriveatk\n|turn|1\n|\n|t:|1684093511\n|-terastallize|p2b: Baxcalibur|Ground\n|move|p1a: Iron Thorns|Protect|p1a: Iron Thorns\n|-singleturn|p1a: Iron Thorns|Protect\n|move|p1b: Chien-Pao|Ice Spinner|p2a: Pelipper\n|-damage|p2a: Pelipper|57\/100\n|move|p2b: Baxcalibur|Earthquake|p1a: Iron Thorns|[spread] p1b\n|-activate|p1a: Iron Thorns|move: Protect\n|-immune|p2a: Pelipper\n|-damage|p1b: Chien-Pao|40\/100\n|move|p2a: Pelipper|Chilling Water|p1b: Chien-Pao\n|-damage|p1b: Chien-Pao|2\/100\n|-unboost|p1b: Chien-Pao|atk|1\n|\n|-weather|RainDance|[upkeep]\n|upkeep\n|turn|2\n|\n|t:|1684093525\n|-terastallize|p1a: Iron Thorns|Grass\n|move|p2b: Baxcalibur|Ice Shard|p1b: Chien-Pao\n|-resisted|p1b: Chien-Pao\n|-damage|p1b: Chien-Pao|0 fnt\n|faint|p1b: Chien-Pao\n|move|p1a: Iron Thorns|Rock Slide|p2b: Baxcalibur|[spread] p2a,p2b\n|-supereffective|p2a: Pelipper\n|-resisted|p2b: Baxcalibur\n|-damage|p2a: Pelipper|0 fnt\n|-damage|p2b: Baxcalibur|83\/100\n|faint|p2a: Pelipper\n|\n|-weather|RainDance|[upkeep]\n|upkeep\n|\n|t:|1684093540\n|switch|p1b: Sableye|Sableye, L50, F|100\/100\n|switch|p2a: Azumarill|Azumarill, L50, F|100\/100\n|turn|3\n|\n|t:|1684093557\n|switch|p2a: Amoonguss|Amoonguss, L50, F|100\/100\n|move|p1b: Sableye|Fake Out|p2b: Baxcalibur\n|-damage|p2b: Baxcalibur|77\/100\n|cant|p2b: Baxcalibur|flinch\n|move|p1a: Iron Thorns|Wild Charge|p2a: Amoonguss\n|-resisted|p2a: Amoonguss\n|-damage|p2a: Amoonguss|73\/100\n|-damage|p1a: Iron Thorns|93\/100|[from] Recoil\n|\n|-weather|RainDance|[upkeep]\n|upkeep\n|turn|4\n|\n|t:|1684093574\n|move|p1a: Iron Thorns|Protect|p1a: Iron Thorns\n|-singleturn|p1a: Iron Thorns|Protect\n|move|p2b: Baxcalibur|Icicle Crash|p1a: Iron Thorns\n|-activate|p1a: Iron Thorns|move: Protect\n|move|p1b: Sableye|Foul Play|p2b: Baxcalibur\n|-crit|p2b: Baxcalibur\n|-damage|p2b: Baxcalibur|2\/100\n|move|p2a: Amoonguss|Pollen Puff|p2b: Baxcalibur\n|-heal|p2b: Baxcalibur|52\/100\n|\n|-weather|RainDance|[upkeep]\n|upkeep\n|turn|5\n|\n|t:|1684093598\n|-end|p1a: Iron Thorns|Quark Drive|[silent]\n|switch|p1a: Ceruledge|Ceruledge, L50, F|100\/100\n|move|p2b: Baxcalibur|Icicle Crash|p1a: Ceruledge\n|-resisted|p1a: Ceruledge\n|-damage|p1a: Ceruledge|68\/100\n|move|p1b: Sableye|Foul Play|p2b: Baxcalibur\n|-damage|p2b: Baxcalibur|2\/100\n|move|p2a: Amoonguss|Pollen Puff|p2b: Baxcalibur\n|-heal|p2b: Baxcalibur|52\/100\n|\n|-weather|none\n|-heal|p1a: Ceruledge|74\/100|[from] item: Leftovers\n|upkeep\n|turn|6\n|\n|t:|1684093624\n|move|p1a: Ceruledge|Protect|p1a: Ceruledge\n|-singleturn|p1a: Ceruledge|Protect\n|move|p2a: Amoonguss|Protect|p2a: Amoonguss\n|-singleturn|p2a: Amoonguss|Protect\n|move|p2b: Baxcalibur|Earthquake|p1a: Ceruledge|[spread] p1b\n|-activate|p2a: Amoonguss|move: Protect\n|-activate|p1a: Ceruledge|move: Protect\n|-damage|p1b: Sableye|35\/100\n|move|p1b: Sableye|Foul Play|p2b: Baxcalibur\n|-damage|p2b: Baxcalibur|3\/100\n|\n|-heal|p1a: Ceruledge|80\/100|[from] item: Leftovers\n|upkeep\n|turn|7\n|\n|t:|1684093644\n|switch|p2b: Azumarill|Azumarill, L50, F|100\/100\n|switch|p1b: Iron Thorns|Iron Thorns, L50, tera:Grass|93\/100\n|move|p1a: Ceruledge|Shadow Sneak|p2b: Azumarill\n|-damage|p2b: Azumarill|78\/100\n|move|p2a: Amoonguss|Spore|p1b: Iron Thorns\n|-immune|p1b: Iron Thorns\n|\n|-heal|p1a: Ceruledge|86\/100|[from] item: Leftovers\n|upkeep\n|turn|8\n|\n|t:|1684093667\n|move|p2b: Azumarill|Protect|p2b: Azumarill\n|-singleturn|p2b: Azumarill|Protect\n|move|p1a: Ceruledge|Bitter Blade|p2a: Amoonguss\n|-supereffective|p2a: Amoonguss\n|-damage|p2a: Amoonguss|3\/100\n|-heal|p1a: Ceruledge|100\/100|[from] drain|[of] p2a: Amoonguss\n|-enditem|p2a: Amoonguss|Aguav Berry|[eat]\n|-heal|p2a: Amoonguss|36\/100|[from] item: Aguav Berry\n|move|p1b: Iron Thorns|Wild Charge|p2b: Azumarill\n|-activate|p2b: Azumarill|move: Protect\n|move|p2a: Amoonguss|Spore|p1a: Ceruledge\n|-status|p1a: Ceruledge|slp|[from] move: Spore\n|\n|upkeep\n|turn|9\n|\n|t:|1684093682\n|switch|p2a: Baxcalibur|Baxcalibur, L50, M, tera:Ground|3\/100\n|cant|p1a: Ceruledge|slp\n|move|p1b: Iron Thorns|Wild Charge|p2b: Azumarill\n|-supereffective|p2b: Azumarill\n|-damage|p2b: Azumarill|0 fnt\n|faint|p2b: Azumarill\n|-damage|p1b: Iron Thorns|74\/100|[from] Recoil\n|\n|upkeep\n|\n|t:|1684093687\n|switch|p2b: Amoonguss|Amoonguss, L50, F|69\/100\n|turn|10\n|\n|t:|1684093701\n|move|p1b: Iron Thorns|Protect|p1b: Iron Thorns\n|-singleturn|p1b: Iron Thorns|Protect\n|move|p2b: Amoonguss|Rage Powder|p2b: Amoonguss\n|-singleturn|p2b: Amoonguss|move: Rage Powder\n|-curestatus|p1a: Ceruledge|slp|[msg]\n|move|p1a: Ceruledge|Shadow Sneak|p2b: Amoonguss\n|-damage|p2b: Amoonguss|52\/100\n|move|p2a: Baxcalibur|Icicle Crash|p1b: Iron Thorns\n|-activate|p1b: Iron Thorns|move: Protect\n|\n|upkeep\n|turn|11\n|\n|t:|1684093718\n|move|p2b: Amoonguss|Rage Powder|p2b: Amoonguss\n|-singleturn|p2b: Amoonguss|move: Rage Powder\n|move|p1a: Ceruledge|Bitter Blade|p2b: Amoonguss\n|-supereffective|p2b: Amoonguss\n|-damage|p2b: Amoonguss|0 fnt\n|faint|p2b: Amoonguss\n|move|p2a: Baxcalibur|Earthquake|p1a: Ceruledge|[spread] p1a,p1b\n|-supereffective|p1a: Ceruledge\n|-resisted|p1b: Iron Thorns\n|-damage|p1a: Ceruledge|2\/100\n|-damage|p1b: Iron Thorns|56\/100\n|move|p1b: Iron Thorns|Rock Slide|p2a: Baxcalibur\n|-resisted|p2a: Baxcalibur\n|-damage|p2a: Baxcalibur|0 fnt\n|faint|p2a: Baxcalibur\n|\n|win|Cosentino\n|raw|Cosentino's rating: 1253 → 1280<\/strong> (+27 for winning)\n|raw|Stone Fury's rating: 1282 → 1255<\/strong> (-27 for losing)\n","uploadtime":1684093733,"views":5,"p1id":"cosentino","p2id":"stonefury","formatid":"gen9vgc2023regulationc","rating":1255,"private":0,"password":""}