{"id":"gen9vgc2023regulationc-1859117014","p1":"Kobazco","p2":"simonxl","format":"[Gen 9] VGC 2023 Regulation C","log":"|j|\u2606Kobazco\n|j|\u2606simonxl\n|t:|1683406461\n|gametype|doubles\n|player|p1|Kobazco|lady-gen4|\n|player|p2|simonxl|hiker|\n|teamsize|p1|6\n|teamsize|p2|6\n|gen|9\n|tier|[Gen 9] VGC 2023 Regulation C\n|rule|Species Clause: Limit one of each Pok\u00e9mon\n|rule|Item Clause: Limit one of each item\n|clearpoke\n|poke|p1|Ceruledge, L50, F|\n|poke|p1|Glimmora, L50, M|\n|poke|p1|Arboliva, L50, M|\n|poke|p1|Torkoal, L50, F|\n|poke|p1|Ting-Lu, L50|\n|poke|p1|Flutter Mane, L50|\n|poke|p2|Annihilape, L50, M|\n|poke|p2|Maushold, L50|\n|poke|p2|Ting-Lu, L50|\n|poke|p2|Corviknight, L50, F|\n|poke|p2|Arcanine, L50, F|\n|poke|p2|Rotom-Wash, L50|\n|teampreview|4\nsimonxl has agreed to open team sheets.\nKobazco has agreed to open team sheets.\n|inactive|Battle timer is ON: inactive players will automatically lose when time's up. (requested by Kobazco)\n|c|\u2606simonxl|G2\n|inactive|Kobazco has 60 seconds left.\n|inactive|simonxl has 60 seconds left.\n|\n|t:|1683406519\n|start\n|switch|p1a: Glimmora|Glimmora, L50, M|100\/100\n|switch|p1b: Torkoal|Torkoal, L50, F|100\/100\n|switch|p2a: Maushold|Maushold, L50|100\/100\n|switch|p2b: Annihilape|Annihilape, L50, M|100\/100\n|-weather|SunnyDay|[from] ability: Drought|[of] p1b: Torkoal\n|turn|1\n|inactive|Kobazco has 30 seconds left.\n|inactive|simonxl has 30 seconds left.\n|inactive|simonxl has 20 seconds left.\n|inactive|Kobazco has 20 seconds left.\n|inactive|Kobazco has 15 seconds left.\n|inactive|Kobazco has 10 seconds left.\n|inactive|Kobazco has 5 seconds left.\n|\n|t:|1683406576\n|move|p2a: Maushold|Beat Up|p2b: Annihilape\n|-damage|p2b: Annihilape|99\/100\n|-damage|p2b: Annihilape|96\/100\n|-damage|p2b: Annihilape|94\/100\n|-damage|p2b: Annihilape|92\/100\n|-hitcount|p2b: Annihilape|4\n|move|p2b: Annihilape|Rage Fist|p1a: Glimmora\n|-enditem|p1a: Glimmora|Focus Sash\n|-damage|p1a: Glimmora|1\/100\n|-activate|p1a: Glimmora|ability: Toxic Debris\n|-sidestart|p2: simonxl|move: Toxic Spikes\n|move|p1a: Glimmora|Earth Power|p2b: Annihilape\n|-damage|p2b: Annihilape|72\/100\n|move|p1b: Torkoal|Overheat|p2b: Annihilape\n|-damage|p2b: Annihilape|36\/100\n|-unboost|p1b: Torkoal|spa|2\n|-enditem|p1b: Torkoal|Eject Pack\n|inactive|Kobazco has 30 seconds left.\n|inactive|Kobazco has 20 seconds left.\n|inactive|Kobazco has 15 seconds left.\n|inactive|Kobazco has 10 seconds left.\n|inactive|Kobazco has 5 seconds left.\n|\n|t:|1683406627\n|switch|p1b: Arboliva|Arboliva, L50, M, shiny|100\/100\n|\n|-weather|SunnyDay|[upkeep]\n|-heal|p2b: Annihilape|42\/100|[from] item: Leftovers\n|upkeep\n|turn|2\n|inactive|Kobazco has 30 seconds left.\n|inactive|simonxl has 30 seconds left.\n|inactive|Kobazco has 20 seconds left.\n|inactive|simonxl has 20 seconds left.\n|inactive|Kobazco has 15 seconds left.\n|inactive|simonxl has 15 seconds left.\n|inactive|Kobazco has 10 seconds left.\n|inactive|simonxl has 10 seconds left.\n|inactive|Kobazco has 5 seconds left.\n|inactive|simonxl has 5 seconds left.\n|\n|t:|1683406682\n|move|p2a: Maushold|Follow Me|p2a: Maushold\n|-singleturn|p2a: Maushold|move: Follow Me\n|move|p2b: Annihilape|Drain Punch|p1b: Arboliva\n|-supereffective|p1b: Arboliva\n|-damage|p1b: Arboliva|38\/100\n|-heal|p2b: Annihilape|70\/100|[from] drain|[of] p1b: Arboliva\n|-enditem|p1b: Arboliva|Sitrus Berry|[eat]\n|-heal|p1b: Arboliva|63\/100|[from] item: Sitrus Berry\n|move|p1a: Glimmora|Mortal Spin|p2a: Maushold|[spread] p2a,p2b\n|-resisted|p2b: Annihilape\n|-damage|p2a: Maushold|95\/100\n|-damage|p2b: Annihilape|69\/100\n|-status|p2a: Maushold|psn\n|-status|p2b: Annihilape|psn\n|move|p1b: Arboliva|Giga Drain|p2a: Maushold\n|-damage|p2a: Maushold|59\/100 psn\n|-heal|p1b: Arboliva|80\/100|[from] drain|[of] p2a: Maushold\n|\n|-weather|SunnyDay|[upkeep]\n|-heal|p2b: Annihilape|75\/100 psn|[from] item: Leftovers\n|-damage|p2a: Maushold|47\/100 psn|[from] psn\n|-damage|p2b: Annihilape|63\/100 psn|[from] psn\n|-item|p1b: Arboliva|Sitrus Berry|[from] ability: Harvest\n|upkeep\n|turn|3\n|inactive|Kobazco has 30 seconds left.\n|inactive|simonxl has 30 seconds left.\n|inactive|simonxl has 20 seconds left.\n|inactive|simonxl has 15 seconds left.\n|inactive|simonxl has 10 seconds left.\n|\n|t:|1683406728\n|-terastallize|p2b: Annihilape|Poison\n|move|p1a: Glimmora|Spiky Shield|p1a: Glimmora\n|-singleturn|p1a: Glimmora|move: Protect\n|move|p2a: Maushold|Beat Up|p1a: Glimmora\n|-activate|p1a: Glimmora|move: Protect\n|move|p2b: Annihilape|Rage Fist|p1b: Arboliva\n|-immune|p1b: Arboliva\n|move|p1b: Arboliva|Leech Seed|p2b: Annihilape\n|-start|p2b: Annihilape|move: Leech Seed\n|\n|-weather|SunnyDay|[upkeep]\n|-heal|p2b: Annihilape|69\/100 psn|[from] item: Leftovers\n|-damage|p2b: Annihilape|56\/100 psn|[from] Leech Seed|[of] p1b: Arboliva\n|-heal|p1b: Arboliva|94\/100|[silent]\n|-damage|p2a: Maushold|35\/100 psn|[from] psn\n|-damage|p2b: Annihilape|44\/100 psn|[from] psn\n|upkeep\n|turn|4\n|inactive|Kobazco has 30 seconds left.\n|inactive|simonxl has 30 seconds left.\n|\n|t:|1683406759\n|move|p2a: Maushold|Encore|p1a: Glimmora\n|-start|p1a: Glimmora|Encore\n|move|p2b: Annihilape|Bulk Up|p2b: Annihilape\n|-boost|p2b: Annihilape|atk|1\n|-boost|p2b: Annihilape|def|1\n|move|p1a: Glimmora|Spiky Shield|p1a: Glimmora\n|-singleturn|p1a: Glimmora|move: Protect\n|move|p1b: Arboliva|Giga Drain|p2a: Maushold\n|-damage|p2a: Maushold|0 fnt\n|-heal|p1b: Arboliva|100\/100|[from] drain|[of] p2a: Maushold\n|faint|p2a: Maushold\n|\n|-weather|SunnyDay|[upkeep]\n|-heal|p2b: Annihilape|50\/100 psn|[from] item: Leftovers\n|-damage|p2b: Annihilape|38\/100 psn|[from] Leech Seed|[of] p1b: Arboliva\n|-damage|p2b: Annihilape|25\/100 psn|[from] psn\n|upkeep\n|\n|t:|1683406776\n|switch|p2a: Corviknight|Corviknight, L50, F|100\/100\n|turn|5\n|\n|t:|1683406799\n|move|p1a: Glimmora|Spiky Shield||[still]\n|-fail|p1a: Glimmora\n|move|p1b: Arboliva|Protect|p1b: Arboliva\n|-singleturn|p1b: Arboliva|Protect\n|move|p2b: Annihilape|Drain Punch|p1b: Arboliva\n|-activate|p1b: Arboliva|move: Protect\n|move|p2a: Corviknight|Iron Head|p1a: Glimmora\n|-supereffective|p1a: Glimmora\n|-damage|p1a: Glimmora|0 fnt\n|-activate|p1a: Glimmora|ability: Toxic Debris\n|-sidestart|p2: simonxl|move: Toxic Spikes\n|faint|p1a: Glimmora\n|\n|-weather|none\n|-heal|p2b: Annihilape|31\/100 psn|[from] item: Leftovers\n|-damage|p2b: Annihilape|19\/100 psn|[from] Leech Seed|[of] p1b: Arboliva\n|-damage|p2b: Annihilape|6\/100 psn|[from] psn\n|upkeep\n|inactive|Kobazco has 30 seconds left.\n|inactive|Kobazco has 20 seconds left.\n|inactive|Kobazco has 15 seconds left.\n|inactive|Kobazco has 10 seconds left.\n|\n|t:|1683406845\n|switch|p1a: Flutter Mane|Flutter Mane, L50|100\/100\n|turn|6\n|inactive|Kobazco has 30 seconds left.\n|inactive|Kobazco has 20 seconds left.\n|inactive|Kobazco has 15 seconds left.\n|inactive|simonxl has 30 seconds left.\n|inactive|simonxl has 20 seconds left.\n|inactive|simonxl has 15 seconds left.\n|\n|t:|1683406916\n|move|p1a: Flutter Mane|Thunderbolt|p2b: Annihilape\n|-damage|p2b: Annihilape|0 fnt\n|faint|p2b: Annihilape\n|move|p2a: Corviknight|Iron Head|p1a: Flutter Mane\n|-supereffective|p1a: Flutter Mane\n|-damage|p1a: Flutter Mane|0 fnt\n|faint|p1a: Flutter Mane\n|-end|p1a: Flutter Mane|Protosynthesis|[silent]\n|move|p1b: Arboliva|Pollen Puff|p1: Flutter Mane|[notarget]\n|-fail|p1b: Arboliva\n|\n|upkeep\n|\n|t:|1683406926\n|switch|p1a: Torkoal|Torkoal, L50, F|100\/100\n|switch|p2b: Ting-Lu|Ting-Lu, L50|100\/100\n|-status|p2b: Ting-Lu|tox\n|-ability|p2b: Ting-Lu|Vessel of Ruin\n|-weather|SunnyDay|[from] ability: Drought|[of] p1a: Torkoal\n|turn|7\n|inactive|Kobazco has 30 seconds left.\n|inactive|Kobazco has 20 seconds left.\n|inactive|Kobazco has 15 seconds left.\n|\n|t:|1683406968\n|move|p2a: Corviknight|Brave Bird|p1b: Arboliva\n|-supereffective|p1b: Arboliva\n|-damage|p1b: Arboliva|26\/100\n|-enditem|p1b: Arboliva|Sitrus Berry|[eat]\n|-heal|p1b: Arboliva|51\/100|[from] item: Sitrus Berry\n|-damage|p2a: Corviknight|78\/100|[from] Recoil\n|move|p2b: Ting-Lu|Stomping Tantrum|p1a: Torkoal\n|-supereffective|p1a: Torkoal\n|-damage|p1a: Torkoal|52\/100\n|move|p1b: Arboliva|Pollen Puff|p1a: Torkoal\n|-heal|p1a: Torkoal|100\/100\n|move|p1a: Torkoal|Yawn||[still]\n|-fail|p1a: Torkoal\n|\n|-weather|SunnyDay|[upkeep]\n|-damage|p2b: Ting-Lu|94\/100 tox|[from] psn\n|-item|p1b: Arboliva|Sitrus Berry|[from] ability: Harvest\n|upkeep\n|turn|8\n|c|\u2606Kobazco|wait im stupid\n|c|\u2606Kobazco|classic\n|c|\u2606simonxl|It happens lol\n|inactive|Kobazco has 30 seconds left.\n|c|\u2606Kobazco|this is why I prefer to play on console\n|c|\u2606simonxl|Ive done that before\n|inactive|Kobazco has 20 seconds left.\n|c|\u2606Kobazco|I miss obvious stuff on showdown easier ):\n|inactive|Kobazco has 15 seconds left.\n|inactive|Kobazco has 10 seconds left.\n|inactive|Kobazco has 5 seconds left.\n|c|\u2606simonxl|I mean we can move to console after this lol\n|\n|t:|1683407022\n|-terastallize|p1b: Arboliva|Water\n|move|p2a: Corviknight|Brave Bird|p1b: Arboliva\n|-damage|p1b: Arboliva|11\/100\n|-enditem|p1b: Arboliva|Sitrus Berry|[eat]\n|-heal|p1b: Arboliva|36\/100|[from] item: Sitrus Berry\n|-damage|p2a: Corviknight|66\/100|[from] Recoil\n|move|p2b: Ting-Lu|Snarl|p1a: Torkoal|[spread] p1a,p1b\n|-damage|p1a: Torkoal|93\/100\n|-damage|p1b: Arboliva|30\/100\n|-unboost|p1a: Torkoal|spa|1\n|-unboost|p1b: Arboliva|spa|1\n|move|p1b: Arboliva|Giga Drain|p2b: Ting-Lu\n|-supereffective|p2b: Ting-Lu\n|-damage|p2b: Ting-Lu|79\/100 tox\n|-heal|p1b: Arboliva|40\/100|[from] drain|[of] p2b: Ting-Lu\n|move|p1a: Torkoal|Overheat|p2a: Corviknight\n|-supereffective|p2a: Corviknight\n|-damage|p2a: Corviknight|8\/100\n|-unboost|p1a: Torkoal|spa|2\n|\n|-weather|SunnyDay|[upkeep]\n|-damage|p2b: Ting-Lu|67\/100 tox|[from] psn\n|-item|p1b: Arboliva|Sitrus Berry|[from] ability: Harvest\n|upkeep\n|-enditem|p1b: Arboliva|Sitrus Berry|[eat]\n|-heal|p1b: Arboliva|65\/100|[from] item: Sitrus Berry\n|turn|9\n|inactive|Kobazco has 15 seconds left this turn.\n|c|\u2606Kobazco|teams not on c onsole yet\n|inactive|Kobazco has 10 seconds left.\n|inactive|Kobazco has 5 seconds left.\n|-message|Kobazco lost due to inactivity.\n|\n|win|simonxl\n|l|\u2606Kobazco\n","uploadtime":1683407086,"views":15,"p1id":"kobazco","p2id":"simonxl","formatid":"gen9vgc2023regulationc","rating":0,"private":0,"password":""}