{"id":"gen9vgc2023regulationc-1847523824","p1":"Sprye0216","p2":"Injustified99","format":"[Gen 9] VGC 2023 Regulation C","log":"|j|\u2606Sprye0216\n|j|\u2606Injustified99\n|t:|1681967024\n|gametype|doubles\n|player|p1|Sprye0216|skyla|1142\n|player|p2|Injustified99|backpacker|1234\n|teamsize|p1|6\n|teamsize|p2|6\n|gen|9\n|tier|[Gen 9] VGC 2023 Regulation C\n|rated|\n|rule|Species Clause: Limit one of each Pok\u00e9mon\n|rule|Item Clause: Limit one of each item\n|clearpoke\n|poke|p1|Talonflame, L50, F|\n|poke|p1|Garchomp, L50, F|\n|poke|p1|Gholdengo, L50|\n|poke|p1|Palafin, L50, M|\n|poke|p1|Amoonguss, L50, M|\n|poke|p1|Chien-Pao, L50|\n|poke|p2|Bronzong, L50|\n|poke|p2|Drednaw, L50, F|\n|poke|p2|Sylveon, L50, F|\n|poke|p2|Toxtricity, L50, M|\n|poke|p2|Armarouge, L50, F|\n|poke|p2|Greedent, L50, F|\n|teampreview|4\nSprye0216 has agreed to open team sheets.\n|\n|t:|1681967041\n|start\n|switch|p1a: Talonflame|Talonflame, L50, F|100\/100\n|switch|p1b: Garchomp|Garchomp, L50, F|100\/100\n|switch|p2a: Bronzong|Bronzong, L50|100\/100\n|switch|p2b: Sylveon|Sylveon, L50, F|100\/100\n|turn|1\n|\n|t:|1681967060\n|-terastallize|p1b: Garchomp|Fire\n|move|p1a: Talonflame|Taunt|p2a: Bronzong\n|-start|p2a: Bronzong|move: Taunt\n|-enditem|p2a: Bronzong|Mental Herb\n|-end|p2a: Bronzong|move: Taunt\n|move|p1b: Garchomp|Earthquake|p2a: Bronzong|[spread] p2a,p2b\n|-immune|p1a: Talonflame\n|-supereffective|p2a: Bronzong\n|-damage|p2a: Bronzong|32\/100\n|-damage|p2b: Sylveon|44\/100\n|move|p2b: Sylveon|Light Screen|p2b: Sylveon\n|-sidestart|p2: Injustified99|move: Light Screen\n|move|p2a: Bronzong|Trick Room|p2a: Bronzong\n|-fieldstart|move: Trick Room|[of] p2a: Bronzong\n|\n|upkeep\n|turn|2\n|\n|t:|1681967082\n|move|p2a: Bronzong|Helping Hand|p2b: Sylveon\n|-singleturn|p2b: Sylveon|Helping Hand|[of] p2a: Bronzong\n|move|p1a: Talonflame|Brave Bird|p2b: Sylveon\n|-damage|p2b: Sylveon|0 fnt\n|faint|p2b: Sylveon\n|-damage|p1a: Talonflame|84\/100|[from] Recoil\n|move|p1b: Garchomp|Earthquake|p2a: Bronzong|[spread] p2a\n|-immune|p1a: Talonflame\n|-supereffective|p2a: Bronzong\n|-damage|p2a: Bronzong|0 fnt\n|faint|p2a: Bronzong\n|\n|upkeep\n|\n|t:|1681967090\n|switch|p2a: Drednaw|Drednaw, L50, F|100\/100\n|switch|p2b: Armarouge|Armarouge, L50, F|100\/100\n|turn|3\n|\n|t:|1681967112\n|move|p1b: Garchomp|Protect|p1b: Garchomp\n|-singleturn|p1b: Garchomp|Protect\n|move|p2b: Armarouge|Wide Guard|p2b: Armarouge\n|-singleturn|p2b: Armarouge|Wide Guard\n|move|p2a: Drednaw|Rock Slide|p1a: Talonflame|[spread] p1a\n|-activate|p1b: Garchomp|move: Protect\n|-supereffective|p1a: Talonflame\n|-damage|p1a: Talonflame|0 fnt\n|faint|p1a: Talonflame\n|-damage|p2a: Drednaw|91\/100|[from] item: Life Orb\n|\n|upkeep\n|\n|t:|1681967126\n|switch|p1a: Palafin|Palafin, L50, M|100\/100\n|turn|4\n|\n|t:|1681967140\n|detailschange|p1a: Palafin|Palafin-Hero, L50, M\n|switch|p1a: Gholdengo|Gholdengo, L50|100\/100\n|-terastallize|p2b: Armarouge|Grass\n|move|p2a: Drednaw|Liquidation|p1b: Garchomp\n|-supereffective|p1b: Garchomp\n|-damage|p1b: Garchomp|0 fnt\n|-damage|p2a: Drednaw|79\/100|[from] ability: Rough Skin|[of] p1b: Garchomp\n|faint|p1b: Garchomp\n|-damage|p2a: Drednaw|69\/100|[from] item: Life Orb\n|move|p2b: Armarouge|Energy Ball|p1a: Gholdengo\n|-resisted|p1a: Gholdengo\n|-damage|p1a: Gholdengo|76\/100\n|\n|upkeep\n|\n|t:|1681967153\n|switch|p1b: Palafin|Palafin-Hero, L50, M|100\/100\n|-activate|p1b: Palafin|ability: Zero to Hero\n|turn|5\n|\n|t:|1681967177\n|move|p1b: Palafin|Protect|p1b: Palafin\n|-singleturn|p1b: Palafin|Protect\n|move|p2a: Drednaw|Crunch|p1a: Gholdengo\n|-supereffective|p1a: Gholdengo\n|-damage|p1a: Gholdengo|0 fnt\n|faint|p1a: Gholdengo\n|-damage|p2a: Drednaw|59\/100|[from] item: Life Orb\n|move|p2b: Armarouge|Energy Ball|p1b: Palafin\n|-activate|p1b: Palafin|move: Protect\n|\n|-sideend|p2: Injustified99|move: Light Screen\n|-fieldend|move: Trick Room\n|upkeep\n|turn|6\n|\n|t:|1681967194\n|move|p1b: Palafin|Wave Crash|p2b: Armarouge\n|-resisted|p2b: Armarouge\n|-damage|p2b: Armarouge|54\/100\n|-damage|p1b: Palafin|86\/100|[from] Recoil\n|move|p2b: Armarouge|Energy Ball|p1b: Palafin\n|-supereffective|p1b: Palafin\n|-damage|p1b: Palafin|0 fnt\n|faint|p1b: Palafin\n|\n|win|Injustified99\n|raw|Sprye0216's rating: 1142 → 1123<\/strong> (-19 for losing)\n|raw|Injustified99's rating: 1234 → 1253<\/strong> (+19 for winning)\n|l|\u2606Injustified99\n","uploadtime":1681967206,"views":6,"p1id":"sprye0216","p2id":"injustified99","formatid":"gen9vgc2023regulationc","rating":1123,"private":0,"password":""}