{"id":"gen9vgc2023regulationc-1860880143","p1":"shelmerfudd","p2":"Piccolo Ruiz","format":"[Gen 9] VGC 2023 Regulation C","log":"|j|\u2606shelmerfudd\n|j|\u2606Piccolo Ruiz\n|t:|1683689651\n|gametype|doubles\n|player|p1|shelmerfudd|doctor|1241\n|player|p2|Piccolo Ruiz|valerie|1364\n|teamsize|p1|6\n|teamsize|p2|6\n|gen|9\n|tier|[Gen 9] VGC 2023 Regulation C\n|rated|\n|rule|Species Clause: Limit one of each Pok\u00e9mon\n|rule|Item Clause: Limit one of each item\n|clearpoke\n|poke|p1|Gyarados, L50, F|\n|poke|p1|Ting-Lu, L50|\n|poke|p1|Arcanine, L50, F|\n|poke|p1|Amoonguss, L50, M|\n|poke|p1|Flutter Mane, L50|\n|poke|p1|Tyranitar, L50, M|\n|poke|p2|Flutter Mane, L50|\n|poke|p2|Amoonguss, L50, F|\n|poke|p2|Gyarados, L50, F|\n|poke|p2|Chi-Yu, L50|\n|poke|p2|Ting-Lu, L50|\n|poke|p2|Baxcalibur, L50, F|\n|teampreview|4\n|inactive|Battle timer is ON: inactive players will automatically lose when time's up. (requested by Piccolo Ruiz)\n|inactive|shelmerfudd has 60 seconds left.\n|inactive|Piccolo Ruiz has 60 seconds left.\n|\n|t:|1683689710\n|start\n|switch|p1a: Tyranitar|Tyranitar, L50, M|100\/100\n|switch|p1b: Amoonguss|Amoonguss, L50, M|100\/100\n|switch|p2a: Bianca|Gyarados, L50, F, shiny|100\/100\n|switch|p2b: Katya|Baxcalibur, L50, F, shiny|100\/100\n|-ability|p2a: Bianca|Intimidate|boost\n|-unboost|p1a: Tyranitar|atk|1\n|-unboost|p1b: Amoonguss|atk|1\n|-weather|Sandstorm|[from] ability: Sand Stream|[of] p1a: Tyranitar\n|turn|1\n|\n|t:|1683689732\n|move|p1b: Amoonguss|Rage Powder|p1b: Amoonguss\n|-singleturn|p1b: Amoonguss|move: Rage Powder\n|move|p2b: Katya|Icicle Crash|p1b: Amoonguss\n|-supereffective|p1b: Amoonguss\n|-damage|p1b: Amoonguss|16\/100\n|-enditem|p1b: Amoonguss|Sitrus Berry|[eat]\n|-heal|p1b: Amoonguss|41\/100|[from] item: Sitrus Berry\n|move|p2a: Bianca|Taunt|p1b: Amoonguss\n|-start|p1b: Amoonguss|move: Taunt\n|move|p1a: Tyranitar|Rock Slide|p2b: Katya|[spread] p2a,p2b\n|-supereffective|p2a: Bianca\n|-crit|p2a: Bianca\n|-supereffective|p2b: Katya\n|-damage|p2a: Bianca|0 fnt\n|-damage|p2b: Katya|45\/100\n|faint|p2a: Bianca\n|\n|-weather|Sandstorm|[upkeep]\n|-damage|p2b: Katya|39\/100|[from] Sandstorm\n|-damage|p1b: Amoonguss|35\/100|[from] Sandstorm\n|upkeep\n|\n|t:|1683689744\n|switch|p2a: Sasha Colby|Flutter Mane, L50|100\/100\n|-enditem|p2a: Sasha Colby|Booster Energy\n|-activate|p2a: Sasha Colby|ability: Protosynthesis|[fromitem]\n|-start|p2a: Sasha Colby|protosynthesisspa\n|turn|2\n|\n|t:|1683689758\n|-terastallize|p2a: Sasha Colby|Fairy\n|move|p2a: Sasha Colby|Moonblast|p1a: Tyranitar\n|-supereffective|p1a: Tyranitar\n|-damage|p1a: Tyranitar|6\/100\n|move|p2b: Katya|Icicle Crash|p1a: Tyranitar\n|-damage|p1a: Tyranitar|0 fnt\n|faint|p1a: Tyranitar\n|move|p1b: Amoonguss|Pollen Puff|p1: Tyranitar|[notarget]\n|-fail|p1b: Amoonguss\n|\n|-weather|Sandstorm|[upkeep]\n|-damage|p2a: Sasha Colby|94\/100|[from] Sandstorm\n|-damage|p2b: Katya|34\/100|[from] Sandstorm\n|-damage|p1b: Amoonguss|29\/100|[from] Sandstorm\n|upkeep\n|\n|t:|1683689776\n|switch|p1a: Gyarados|Gyarados, L50, F, shiny|100\/100\n|turn|3\n|\n|t:|1683689801\n|-terastallize|p1a: Gyarados|Flying\n|move|p2a: Sasha Colby|Moonblast|p1a: Gyarados\n|-damage|p1a: Gyarados|2\/100\n|move|p1a: Gyarados|Tera Blast|p2b: Katya\n|-damage|p2b: Katya|0 fnt\n|faint|p2b: Katya\n|-ability|p1a: Gyarados|Moxie|boost\n|-boost|p1a: Gyarados|atk|1\n|move|p1b: Amoonguss|Clear Smog|p2a: Sasha Colby\n|-supereffective|p2a: Sasha Colby\n|-damage|p2a: Sasha Colby|60\/100\n|-clearboost|p2a: Sasha Colby\n|\n|-weather|Sandstorm|[upkeep]\n|-damage|p2a: Sasha Colby|54\/100|[from] Sandstorm\n|-damage|p1a: Gyarados|0 fnt|[from] Sandstorm\n|-damage|p1b: Amoonguss|23\/100|[from] Sandstorm\n|faint|p1a: Gyarados\n|upkeep\n|\n|t:|1683689816\n|switch|p1a: Ting-Lu|Ting-Lu, L50|100\/100\n|switch|p2b: Mo Heart|Chi-Yu, L50|100\/100\n|-ability|p2b: Mo Heart|Beads of Ruin\n|-ability|p1a: Ting-Lu|Vessel of Ruin\n|turn|4\n|\n|t:|1683689827\n|move|p2a: Sasha Colby|Moonblast|p1a: Ting-Lu\n|-supereffective|p1a: Ting-Lu\n|-damage|p1a: Ting-Lu|25\/100\n|move|p2b: Mo Heart|Flamethrower|p1b: Amoonguss\n|-supereffective|p1b: Amoonguss\n|-damage|p1b: Amoonguss|0 fnt\n|faint|p1b: Amoonguss\n|move|p1a: Ting-Lu|Heavy Slam|p2a: Sasha Colby\n|-supereffective|p2a: Sasha Colby\n|-damage|p2a: Sasha Colby|0 fnt\n|faint|p2a: Sasha Colby\n|-end|p2a: Sasha Colby|Protosynthesis|[silent]\n|\n|-weather|Sandstorm|[upkeep]\n|upkeep\n|turn|5\n|\n|t:|1683689840\n|move|p2b: Mo Heart|Dark Pulse|p1a: Ting-Lu\n|-resisted|p1a: Ting-Lu\n|-crit|p1a: Ting-Lu\n|-damage|p1a: Ting-Lu|10\/100\n|move|p1a: Ting-Lu|Stomping Tantrum|p2b: Mo Heart\n|-supereffective|p2b: Mo Heart\n|-damage|p2b: Mo Heart|11\/100\n|\n|-weather|none\n|upkeep\n|turn|6\n|\n|t:|1683689852\n|move|p2b: Mo Heart|Dark Pulse|p1a: Ting-Lu\n|-resisted|p1a: Ting-Lu\n|-damage|p1a: Ting-Lu|0 fnt\n|faint|p1a: Ting-Lu\n|\n|win|Piccolo Ruiz\n|raw|shelmerfudd's rating: 1241 → 1224<\/strong> (-17 for losing)\n|raw|Piccolo Ruiz's rating: 1364 → 1377<\/strong> (+13 for winning)\n|l|\u2606shelmerfudd\n","uploadtime":1683689860,"views":16,"p1id":"shelmerfudd","p2id":"piccoloruiz","formatid":"gen9vgc2023regulationc","rating":1224,"private":0,"password":""}