{"id":"gen9vgc2023regulationc-1862815084","p1":"GenericName3333","p2":"DaddyIce","format":"[Gen 9] VGC 2023 Regulation C","log":"|j|\u2606GenericName3333\n|j|\u2606DaddyIce\n|t:|1683924982\n|gametype|doubles\n|player|p1|GenericName3333|rosa-pokestar|\n|player|p2|DaddyIce|cheryl|\n|teamsize|p1|6\n|teamsize|p2|6\n|gen|9\n|tier|[Gen 9] VGC 2023 Regulation C\n|rule|Tera Type Preview: Tera Types are shown at Team Preview\n|rule|Species Clause: Limit one of each Pok\u00e9mon\n|rule|Item Clause: Limit one of each item\n|clearpoke\n|poke|p1|Gholdengo, L50|\n|poke|p1|Palafin, L50, F|\n|poke|p1|Mudsdale, L50, F|\n|poke|p1|Bellibolt, L50, F|\n|poke|p1|Foongus, L50, M|\n|poke|p1|Dragonite, L50, M|\n|poke|p2|Chien-Pao, L50|\n|poke|p2|Gholdengo, L50|\n|poke|p2|Dondozo, L50, F|\n|poke|p2|Tatsugiri, L50, M|\n|poke|p2|Glimmora, L50, M|\n|poke|p2|Corviknight, L50, M|\n|teampreview|4\n|raw|GenericName3333's Tera Types: \/ \/ \/ \/ \/ \n|raw|DaddyIce's Tera Types: \/ \/ \/ \/ \/ \n|c|\u2606GenericName3333|g2\n|c|\u2606DaddyIce|glhf\n|c|\u2606GenericName3333|glhf!\nDaddyIce rejected open team sheets.\n|\n|t:|1683925626\n|start\n|switch|p1a: Palafin|Palafin, L50, F|100\/100\n|switch|p1b: Mudsdale|Mudsdale, L50, F|100\/100\n|switch|p2a: Willie Sutton|Corviknight, L50, M|100\/100\n|switch|p2b: Butch Cassidy|Chien-Pao, L50|100\/100\n|-ability|p2b: Butch Cassidy|Sword of Ruin\n|-ability|p2a: Willie Sutton|Pressure\n|turn|1\n|\n|t:|1683925670\n|detailschange|p1a: Palafin|Palafin-Hero, L50, F\n|switch|p1a: Foongus|Foongus, L50, M|100\/100\n|-terastallize|p1b: Mudsdale|Fire\n|move|p2b: Butch Cassidy|Protect|p2b: Butch Cassidy\n|-singleturn|p2b: Butch Cassidy|Protect\n|move|p2a: Willie Sutton|Screech|p1b: Mudsdale\n|-unboost|p1b: Mudsdale|def|2\n|move|p1b: Mudsdale|Double Kick|p2b: Butch Cassidy\n|-activate|p2b: Butch Cassidy|move: Protect\n|\n|upkeep\n|turn|2\n|\n|t:|1683925712\n|move|p2b: Butch Cassidy|Crunch|p1b: Mudsdale\n|-damage|p1b: Mudsdale|0 fnt\n|faint|p1b: Mudsdale\n|move|p2a: Willie Sutton|Taunt|p1a: Foongus\n|-start|p1a: Foongus|move: Taunt\n|move|p1a: Foongus|Clear Smog|p1: Mudsdale|[notarget]\n|-fail|p1a: Foongus\n|\n|upkeep\n|\n|t:|1683925742\n|switch|p1b: Palafin|Palafin-Hero, L50, F|100\/100\n|-activate|p1b: Palafin|ability: Zero to Hero\n|turn|3\n|\n|t:|1683925758\n|switch|p1a: Gholdengo|Gholdengo, L50|100\/100\n|-terastallize|p2b: Butch Cassidy|Ice\n|move|p1b: Palafin|Jet Punch|p2b: Butch Cassidy\n|-damage|p2b: Butch Cassidy|46\/100\n|move|p2b: Butch Cassidy|Ice Spinner|p1a: Gholdengo\n|-resisted|p1a: Gholdengo\n|-damage|p1a: Gholdengo|62\/100\n|move|p2a: Willie Sutton|Screech|p1b: Palafin\n|-unboost|p1b: Palafin|def|2\n|\n|upkeep\n|turn|4\n|\n|t:|1683925784\n|move|p1b: Palafin|Protect|p1b: Palafin\n|-singleturn|p1b: Palafin|Protect\n|move|p2b: Butch Cassidy|Crunch|p1a: Gholdengo\n|-supereffective|p1a: Gholdengo\n|-damage|p1a: Gholdengo|0 fnt\n|faint|p1a: Gholdengo\n|move|p2a: Willie Sutton|Screech|p1b: Palafin\n|-activate|p1b: Palafin|move: Protect\n|\n|upkeep\n|\n|t:|1683925787\n|switch|p1a: Foongus|Foongus, L50, M|100\/100\n|turn|5\n|\n|t:|1683925800\n|move|p2b: Butch Cassidy|Protect|p2b: Butch Cassidy\n|-singleturn|p2b: Butch Cassidy|Protect\n|move|p1b: Palafin|Jet Punch|p2b: Butch Cassidy\n|-activate|p2b: Butch Cassidy|move: Protect\n|move|p2a: Willie Sutton|Taunt|p1a: Foongus\n|-start|p1a: Foongus|move: Taunt\n|cant|p1a: Foongus|move: Taunt|Spore\n|\n|upkeep\n|turn|6\n|\n|t:|1683925830\n|switch|p2b: Clyde Barrow|Tatsugiri, L50, M|100\/100\n|move|p1b: Palafin|Jet Punch|p2b: Clyde Barrow\n|-resisted|p2b: Clyde Barrow\n|-damage|p2b: Clyde Barrow|80\/100\n|move|p2a: Willie Sutton|Brave Bird|p1b: Palafin\n|-damage|p1b: Palafin|15\/100\n|-damage|p2a: Willie Sutton|75\/100|[from] Recoil\n|move|p1a: Foongus|Pollen Puff|p1b: Palafin\n|-heal|p1b: Palafin|65\/100\n|\n|upkeep\n|turn|7\n|\n|t:|1683925850\n|move|p1b: Palafin|Wave Crash|p2a: Willie Sutton\n|-damage|p2a: Willie Sutton|20\/100\n|-damage|p1b: Palafin|48\/100|[from] item: Rocky Helmet|[of] p2a: Willie Sutton\n|-damage|p1b: Palafin|27\/100|[from] Recoil\n|move|p2b: Clyde Barrow|Icy Wind|p1b: Palafin|[spread] p1a,p1b\n|-supereffective|p1a: Foongus\n|-resisted|p1b: Palafin\n|-damage|p1a: Foongus|73\/100\n|-damage|p1b: Palafin|20\/100\n|-unboost|p1a: Foongus|spe|1\n|-unboost|p1b: Palafin|spe|1\n|move|p2a: Willie Sutton|Brave Bird|p1b: Palafin\n|-damage|p1b: Palafin|0 fnt\n|faint|p1b: Palafin\n|-damage|p2a: Willie Sutton|15\/100|[from] Recoil\n|move|p1a: Foongus|Pollen Puff|p1: Palafin|[notarget]\n|-fail|p1a: Foongus\n|\n|-end|p1a: Foongus|move: Taunt\n|upkeep\n|turn|8\n|c|\u2606GenericName3333|gg\n|\n|t:|1683925862\n|move|p2b: Clyde Barrow|Taunt|p1a: Foongus\n|-start|p1a: Foongus|move: Taunt\n|move|p2a: Willie Sutton|Roost|p2a: Willie Sutton\n|-heal|p2a: Willie Sutton|64\/100\n|-singleturn|p2a: Willie Sutton|move: Roost\n|cant|p1a: Foongus|move: Taunt|Spore\n|\n|upkeep\n|turn|9\n|\n|t:|1683925871\n|move|p2b: Clyde Barrow|Icy Wind|p1a: Foongus\n|-supereffective|p1a: Foongus\n|-damage|p1a: Foongus|37\/100\n|-unboost|p1a: Foongus|spe|1\n|move|p2a: Willie Sutton|Brave Bird|p1a: Foongus\n|-supereffective|p1a: Foongus\n|-damage|p1a: Foongus|0 fnt\n|faint|p1a: Foongus\n|-damage|p2a: Willie Sutton|54\/100|[from] Recoil\n|\n|win|DaddyIce\n|c|\u2606DaddyIce|gg\n|l|\u2606DaddyIce\n","uploadtime":1683926311,"views":18,"p1id":"genericname3333","p2id":"daddyice","formatid":"gen9vgc2023regulationc","rating":0,"private":0,"password":""}