{"id":"gen9vgc2023regulationc-1848178823","p1":"averagetf2enjoyer","p2":"Ellvaekyoo","format":"[Gen 9] VGC 2023 Regulation C","log":"|j|\u2606averagetf2enjoyer\n|j|\u2606Ellvaekyoo\n|t:|1682039054\n|gametype|doubles\n|player|p1|averagetf2enjoyer|170|1086\n|player|p2|Ellvaekyoo|blaine|1182\n|teamsize|p1|6\n|teamsize|p2|6\n|gen|9\n|tier|[Gen 9] VGC 2023 Regulation C\n|rated|\n|rule|Species Clause: Limit one of each Pok\u00e9mon\n|rule|Item Clause: Limit one of each item\n|clearpoke\n|poke|p1|Sableye, L50, F|\n|poke|p1|Torkoal, L50, M|\n|poke|p1|Floatzel, L50, M|\n|poke|p1|Slither Wing, L50|\n|poke|p1|Bombirdier, L50, F|\n|poke|p1|Ceruledge, L50, M|\n|poke|p2|Glimmora, L50, F|\n|poke|p2|Wo-Chien, L50|\n|poke|p2|Flutter Mane, L50|\n|poke|p2|Arcanine, L50, F|\n|poke|p2|Dondozo, L50, M|\n|poke|p2|Tatsugiri, L50, F|\n|teampreview|4\n|inactive|Battle timer is ON: inactive players will automatically lose when time's up. (requested by Ellvaekyoo)\n|inactive|Ellvaekyoo has 60 seconds left.\n|inactive|Ellvaekyoo has 30 seconds left.\n|inactive|Ellvaekyoo has 20 seconds left.\n|inactive|Ellvaekyoo has 15 seconds left.\n|inactive|Ellvaekyoo has 10 seconds left.\n|inactive|Ellvaekyoo has 5 seconds left.\n|\n|t:|1682039140\n|start\n|switch|p1a: Torkoal|Torkoal, L50, M, shiny|100\/100\n|switch|p1b: Combat Wings|Slither Wing, L50|100\/100\n|switch|p2a: Glimmora|Glimmora, L50, F|100\/100\n|switch|p2b: Dondozo|Dondozo, L50, M|100\/100\n|-weather|SunnyDay|[from] ability: Drought|[of] p1a: Torkoal\n|-activate|p1b: Combat Wings|ability: Protosynthesis\n|-start|p1b: Combat Wings|protosynthesisatk\n|turn|1\n|inactive|Ellvaekyoo has 30 seconds left.\n|inactive|Ellvaekyoo has 20 seconds left.\n|inactive|Ellvaekyoo has 15 seconds left.\n|inactive|Ellvaekyoo has 10 seconds left.\n|\n|t:|1682039185\n|switch|p2a: Tatsugiri|Tatsugiri, L50, F|100\/100\n|-activate|p2a: Tatsugiri|ability: Commander|[of] p2b: Dondozo\n|-boost|p2b: Dondozo|atk|2\n|-boost|p2b: Dondozo|spa|2\n|-boost|p2b: Dondozo|spe|2\n|-boost|p2b: Dondozo|def|2\n|-boost|p2b: Dondozo|spd|2\n|move|p1b: Combat Wings|First Impression|p2a: Tatsugiri|[miss]\n|-miss|p1b: Combat Wings|p2a: Tatsugiri\n|move|p2b: Dondozo|Earthquake|p1b: Combat Wings|[spread] p1a,p1b\n|-miss|p2b: Dondozo|p2a: Tatsugiri\n|-supereffective|p1a: Torkoal\n|-resisted|p1b: Combat Wings\n|-damage|p1a: Torkoal|35\/100\n|-damage|p1b: Combat Wings|80\/100\n|move|p1a: Torkoal|Will-O-Wisp|p2b: Dondozo\n|-status|p2b: Dondozo|brn\n|\n|-weather|SunnyDay|[upkeep]\n|-heal|p1b: Combat Wings|86\/100|[from] item: Leftovers\n|-damage|p2b: Dondozo|94\/100 brn|[from] brn\n|upkeep\n|turn|2\n|inactive|averagetf2enjoyer has 30 seconds left.\n|\n|t:|1682039215\n|-end|p1b: Combat Wings|Protosynthesis|[silent]\n|switch|p1b: Gengar :D|Sableye, L50, F|100\/100\n|move|p1a: Torkoal|Protect|p1a: Torkoal\n|-singleturn|p1a: Torkoal|Protect\n|move|p2b: Dondozo|Earthquake|p1b: Gengar :D|[spread] p1b\n|-miss|p2b: Dondozo|p2a: Tatsugiri\n|-activate|p1a: Torkoal|move: Protect\n|-damage|p1b: Gengar :D|71\/100\n|\n|-weather|SunnyDay|[upkeep]\n|-heal|p2b: Dondozo|100\/100 brn|[from] item: Leftovers\n|-damage|p2b: Dondozo|94\/100 brn|[from] brn\n|upkeep\n|turn|3\n|\n|t:|1682039232\n|move|p2b: Dondozo|Protect|p2b: Dondozo\n|-singleturn|p2b: Dondozo|Protect\n|move|p1b: Gengar :D|Fake Out|p2b: Dondozo\n|-activate|p2b: Dondozo|move: Protect\n|move|p1a: Torkoal|Clear Smog|p2b: Dondozo\n|-activate|p2b: Dondozo|move: Protect\n|\n|-weather|SunnyDay|[upkeep]\n|-heal|p2b: Dondozo|100\/100 brn|[from] item: Leftovers\n|-damage|p2b: Dondozo|94\/100 brn|[from] brn\n|upkeep\n|turn|4\n|\n|t:|1682039255\n|-terastallize|p1a: Torkoal|Grass\n|move|p2b: Dondozo|Order Up|p1b: Gengar :D\n|-crit|p1b: Gengar :D\n|-damage|p1b: Gengar :D|26\/100\n|-boost|p2b: Dondozo|atk|1\n|move|p1b: Gengar :D|Rock Tomb|p2b: Dondozo|[miss]\n|-miss|p1b: Gengar :D|p2b: Dondozo\n|move|p1a: Torkoal|Clear Smog|p2b: Dondozo\n|-damage|p2b: Dondozo|89\/100 brn\n|-clearboost|p2b: Dondozo\n|\n|-weather|SunnyDay|[upkeep]\n|-heal|p2b: Dondozo|95\/100 brn|[from] item: Leftovers\n|-damage|p2b: Dondozo|89\/100 brn|[from] brn\n|upkeep\n|turn|5\n|inactive|averagetf2enjoyer has 30 seconds left.\n|\n|t:|1682039283\n|switch|p1b: Combat Wings|Slither Wing, L50|86\/100\n|-activate|p1b: Combat Wings|ability: Protosynthesis\n|-start|p1b: Combat Wings|protosynthesisatk\n|move|p2b: Dondozo|Order Up|p1b: Combat Wings\n|-crit|p1b: Combat Wings\n|-damage|p1b: Combat Wings|70\/100\n|-boost|p2b: Dondozo|atk|1\n|move|p1a: Torkoal|Clear Smog|p2b: Dondozo\n|-damage|p2b: Dondozo|77\/100 brn\n|-clearboost|p2b: Dondozo\n|\n|-weather|SunnyDay|[upkeep]\n|-heal|p1b: Combat Wings|77\/100|[from] item: Leftovers\n|-heal|p2b: Dondozo|84\/100 brn|[from] item: Leftovers\n|-damage|p2b: Dondozo|77\/100 brn|[from] brn\n|upkeep\n|turn|6\n|\n|t:|1682039305\n|move|p1b: Combat Wings|First Impression|p2b: Dondozo\n|-damage|p2b: Dondozo|32\/100 brn\n|move|p2b: Dondozo|Earthquake|p1a: Torkoal|[spread] p1a,p1b\n|-miss|p2b: Dondozo|p2a: Tatsugiri\n|-resisted|p1a: Torkoal\n|-resisted|p1b: Combat Wings\n|-damage|p1a: Torkoal|32\/100\n|-damage|p1b: Combat Wings|72\/100\n|move|p1a: Torkoal|Clear Smog|p2b: Dondozo\n|-damage|p2b: Dondozo|22\/100 brn\n|-clearboost|p2b: Dondozo\n|\n|-weather|SunnyDay|[upkeep]\n|-heal|p1b: Combat Wings|79\/100|[from] item: Leftovers\n|-heal|p2b: Dondozo|28\/100 brn|[from] item: Leftovers\n|-damage|p2b: Dondozo|22\/100 brn|[from] brn\n|upkeep\n|turn|7\n|inactive|averagetf2enjoyer has 30 seconds left.\n|\n|t:|1682039334\n|move|p1b: Combat Wings|Leech Life|p2b: Dondozo\n|-damage|p2b: Dondozo|0 fnt\n|-heal|p1b: Combat Wings|92\/100|[from] drain|[of] p2b: Dondozo\n|faint|p2b: Dondozo\n|move|p1a: Torkoal|Eruption|p2a: Tatsugiri\n|-resisted|p2a: Tatsugiri\n|-damage|p2a: Tatsugiri|92\/100\n|\n|-weather|SunnyDay|[upkeep]\n|-heal|p1b: Combat Wings|98\/100|[from] item: Leftovers\n|upkeep\n|\n|t:|1682039343\n|switch|p2b: Arcanine|Arcanine, L50, F|100\/100\n|-ability|p2b: Arcanine|Intimidate|boost\n|-unboost|p1a: Torkoal|atk|1\n|-unboost|p1b: Combat Wings|atk|1\n|turn|8\n|\n|t:|1682039366\n|-end|p1b: Combat Wings|Protosynthesis|[silent]\n|switch|p1b: Eleanor|Bombirdier, L50, F, shiny|100\/100\n|move|p2a: Tatsugiri|Muddy Water|p1b: Eleanor|[spread] p1a,p1b\n|-resisted|p1a: Torkoal\n|-damage|p1a: Torkoal|23\/100\n|-damage|p1b: Eleanor|77\/100\n|move|p2b: Arcanine|Will-O-Wisp|p1b: Eleanor\n|-status|p1b: Eleanor|brn\n|move|p1a: Torkoal|Will-O-Wisp|p2a: Tatsugiri\n|-status|p2a: Tatsugiri|brn\n|\n|-weather|none\n|-damage|p2a: Tatsugiri|86\/100 brn|[from] brn\n|-damage|p1b: Eleanor|71\/100 brn|[from] brn\n|upkeep\n|turn|9\n|\n|t:|1682039391\n|move|p1a: Torkoal|Protect|p1a: Torkoal\n|-singleturn|p1a: Torkoal|Protect\n|move|p2a: Tatsugiri|Muddy Water|p1a: Torkoal|[spread] p1b\n|-activate|p1a: Torkoal|move: Protect\n|-damage|p1b: Eleanor|26\/100 brn\n|-unboost|p1b: Eleanor|accuracy|1\n|move|p1b: Eleanor|Knock Off|p2b: Arcanine\n|-damage|p2b: Arcanine|81\/100\n|-enditem|p2b: Arcanine|Sitrus Berry|[from] move: Knock Off|[of] p1b: Eleanor\n|move|p2b: Arcanine|Flare Blitz|p1b: Eleanor\n|-damage|p1b: Eleanor|0 fnt\n|faint|p1b: Eleanor\n|-damage|p2b: Arcanine|74\/100|[from] Recoil\n|\n|-damage|p2a: Tatsugiri|80\/100 brn|[from] brn\n|upkeep\n|\n|t:|1682039416\n|switch|p1b: Gengar :D|Sableye, L50, F|26\/100\n|turn|10\n|\n|t:|1682039428\n|switch|p2b: Glimmora|Glimmora, L50, F|100\/100\n|switch|p1a: Combat Wings|Slither Wing, L50|98\/100\n|move|p1b: Gengar :D|Fake Out|p2b: Glimmora\n|-resisted|p2b: Glimmora\n|-damage|p2b: Glimmora|95\/100\n|-activate|p2b: Glimmora|ability: Toxic Debris\n|-sidestart|p1: averagetf2enjoyer|move: Toxic Spikes\n|move|p2a: Tatsugiri|Muddy Water|p1a: Combat Wings|[spread] p1a,p1b\n|-damage|p1a: Combat Wings|68\/100\n|-damage|p1b: Gengar :D|0 fnt\n|faint|p1b: Gengar :D\n|\n|-heal|p1a: Combat Wings|74\/100|[from] item: Leftovers\n|-damage|p2a: Tatsugiri|73\/100 brn|[from] brn\n|upkeep\n|\n|t:|1682039445\n|switch|p1b: Torkoal|Torkoal, L50, M, shiny, tera:Grass|23\/100\n|-status|p1b: Torkoal|psn\n|-weather|SunnyDay|[from] ability: Drought|[of] p1b: Torkoal\n|-activate|p1a: Combat Wings|ability: Protosynthesis\n|-start|p1a: Combat Wings|protosynthesisatk\n|turn|11\n|inactive|Ellvaekyoo has 30 seconds left.\n|inactive|Ellvaekyoo has 20 seconds left.\n|inactive|Ellvaekyoo has 15 seconds left.\n|\n|t:|1682039486\n|move|p1a: Combat Wings|First Impression|p2a: Tatsugiri\n|-damage|p2a: Tatsugiri|0 fnt\n|faint|p2a: Tatsugiri\n|move|p2b: Glimmora|Sludge Bomb|p1a: Combat Wings\n|-damage|p1a: Combat Wings|32\/100\n|move|p1b: Torkoal|Will-O-Wisp|p2b: Glimmora|[miss]\n|-miss|p1b: Torkoal|p2b: Glimmora\n|\n|-weather|SunnyDay|[upkeep]\n|-heal|p1a: Combat Wings|38\/100|[from] item: Leftovers\n|-damage|p1b: Torkoal|11\/100 psn|[from] psn\n|upkeep\n|\n|t:|1682039497\n|switch|p2a: Arcanine|Arcanine, L50, F|74\/100\n|-ability|p2a: Arcanine|Intimidate|boost\n|-unboost|p1a: Combat Wings|atk|1\n|-unboost|p1b: Torkoal|atk|1\n|turn|12\n|\n|t:|1682039516\n|-terastallize|p2b: Glimmora|Grass\n|move|p2a: Arcanine|Extreme Speed|p1a: Combat Wings\n|-damage|p1a: Combat Wings|20\/100\n|move|p2b: Glimmora|Sludge Bomb|p1a: Combat Wings\n|-damage|p1a: Combat Wings|0 fnt\n|faint|p1a: Combat Wings\n|-end|p1a: Combat Wings|Protosynthesis|[silent]\n|move|p1b: Torkoal|Will-O-Wisp|p2b: Glimmora\n|-status|p2b: Glimmora|brn\n|\n|-weather|SunnyDay|[upkeep]\n|-damage|p1b: Torkoal|0 fnt|[from] psn\n|faint|p1b: Torkoal\n|\n|win|Ellvaekyoo\n|upkeep\n|raw|averagetf2enjoyer's rating: 1086 → 1069<\/strong> (-17 for losing)\n|raw|Ellvaekyoo's rating: 1182 → 1200<\/strong> (+18 for winning)\n|c|\u2606Ellvaekyoo|noob\n","uploadtime":1682039533,"views":5,"p1id":"averagetf2enjoyer","p2id":"ellvaekyoo","formatid":"gen9vgc2023regulationc","rating":1069,"private":0,"password":""}