{"id":"gen9vgc2023regulationc-1859081902","p1":"AbsRam","p2":"tauro96","format":"[Gen 9] VGC 2023 Regulation C","log":"|j|\u2606AbsRam\n|j|\u2606tauro96\n|t:|1683402238\n|gametype|doubles\n|player|p1|AbsRam|265|1254\n|player|p2|tauro96|101|1275\n|teamsize|p1|6\n|teamsize|p2|6\n|gen|9\n|tier|[Gen 9] VGC 2023 Regulation C\n|rated|\n|rule|Species Clause: Limit one of each Pok\u00e9mon\n|rule|Item Clause: Limit one of each item\n|clearpoke\n|poke|p1|Torkoal, L50, M|\n|poke|p1|Lilligant, L50, F|\n|poke|p1|Murkrow, L50, F|\n|poke|p1|Gholdengo, L50|\n|poke|p1|Chien-Pao, L50|\n|poke|p1|Dragonite, L50, M|\n|poke|p2|Orthworm, L50, F|\n|poke|p2|Dragonite, L50, M|\n|poke|p2|Ting-Lu, L50|\n|poke|p2|Chien-Pao, L50|\n|poke|p2|Gyarados, L50, M|\n|poke|p2|Flutter Mane, L50|\n|teampreview|4\n|inactive|Battle timer is ON: inactive players will automatically lose when time's up. (requested by tauro96)\n|inactive|AbsRam has 60 seconds left.\n|\n|t:|1683402312\n|start\n|switch|p1a: Lilligant|Lilligant, L50, F, shiny|100\/100\n|switch|p1b: Torkoal|Torkoal, L50, M|100\/100\n|switch|p2a: Gyarados|Gyarados, L50, M|100\/100\n|switch|p2b: Dragonite|Dragonite, L50, M|100\/100\n|-ability|p2a: Gyarados|Intimidate|boost\n|-unboost|p1a: Lilligant|atk|1\n|-unboost|p1b: Torkoal|atk|1\n|-weather|SunnyDay|[from] ability: Drought|[of] p1b: Torkoal\n|turn|1\n|inactive|AbsRam has 30 seconds left.\n|\n|t:|1683402337\n|switch|p1a: Murkrow|Murkrow, L50, F|100\/100\n|move|p2a: Gyarados|Taunt|p1a: Murkrow\n|-start|p1a: Murkrow|move: Taunt\n|move|p2b: Dragonite|Earthquake|p1b: Torkoal|[spread] p1b\n|-immune|p2a: Gyarados\n|-immune|p1a: Murkrow\n|-supereffective|p1b: Torkoal\n|-damage|p1b: Torkoal|60\/100\n|move|p1b: Torkoal|Eruption|p2a: Gyarados|[spread] p2a,p2b\n|-resisted|p2a: Gyarados\n|-resisted|p2b: Dragonite\n|-damage|p2a: Gyarados|81\/100\n|-damage|p2b: Dragonite|75\/100\n|\n|-weather|SunnyDay|[upkeep]\n|upkeep\n|turn|2\n|\n|t:|1683402360\n|switch|p2a: Ting-Lu|Ting-Lu, L50|100\/100\n|-ability|p2a: Ting-Lu|Vessel of Ruin\n|move|p1b: Torkoal|Protect|p1b: Torkoal\n|-singleturn|p1b: Torkoal|Protect\n|move|p1a: Murkrow|Foul Play|p2b: Dragonite\n|-damage|p2b: Dragonite|25\/100\n|move|p2b: Dragonite|Dragon Dance|p2b: Dragonite\n|-boost|p2b: Dragonite|atk|1\n|-boost|p2b: Dragonite|spe|1\n|\n|-weather|SunnyDay|[upkeep]\n|upkeep\n|turn|3\n|inactive|tauro96 has 30 seconds left.\n|\n|t:|1683402386\n|switch|p1b: Lilligant|Lilligant, L50, F, shiny|100\/100\n|-terastallize|p2b: Dragonite|Flying\n|move|p2b: Dragonite|Tera Blast|p1a: Murkrow\n|-damage|p1a: Murkrow|7\/100\n|move|p1a: Murkrow|Foul Play|p2b: Dragonite\n|-damage|p2b: Dragonite|0 fnt\n|faint|p2b: Dragonite\n|move|p2a: Ting-Lu|Rock Slide|p1a: Murkrow|[spread] p1a\n|-miss|p2a: Ting-Lu|p1b: Lilligant\n|-supereffective|p1a: Murkrow\n|-damage|p1a: Murkrow|0 fnt\n|faint|p1a: Murkrow\n|\n|-weather|SunnyDay|[upkeep]\n|upkeep\n|\n|t:|1683402405\n|switch|p1a: Torkoal|Torkoal, L50, M|60\/100\n|switch|p2b: Gyarados|Gyarados, L50, M|81\/100\n|-ability|p2b: Gyarados|Intimidate|boost\n|-unboost|p1a: Torkoal|atk|1\n|-unboost|p1b: Lilligant|atk|1\n|turn|4\n|\n|t:|1683402423\n|switch|p2a: Chien-Pao|Chien-Pao, L50|100\/100\n|-ability|p2a: Chien-Pao|Sword of Ruin\n|-terastallize|p1a: Torkoal|Grass\n|move|p1b: Lilligant|Sleep Powder|p2b: Gyarados\n|-status|p2b: Gyarados|slp|[from] move: Sleep Powder\n|cant|p2b: Gyarados|slp\n|move|p1a: Torkoal|Flamethrower|p2a: Chien-Pao\n|-supereffective|p2a: Chien-Pao\n|-enditem|p2a: Chien-Pao|Focus Sash\n|-damage|p2a: Chien-Pao|1\/100\n|-status|p2a: Chien-Pao|brn\n|\n|-weather|SunnyDay|[upkeep]\n|-damage|p2a: Chien-Pao|0 fnt|[from] brn\n|faint|p2a: Chien-Pao\n|upkeep\n|\n|t:|1683402436\n|switch|p2a: Ting-Lu|Ting-Lu, L50|100\/100\n|-ability|p2a: Ting-Lu|Vessel of Ruin\n|turn|5\n|\n|t:|1683402454\n|move|p1b: Lilligant|Giga Drain|p2b: Gyarados\n|-damage|p2b: Gyarados|63\/100 slp\n|cant|p2b: Gyarados|slp\n|move|p2a: Ting-Lu|Rock Slide|p1b: Lilligant|[spread] p1b\n|-miss|p2a: Ting-Lu|p1a: Torkoal\n|-damage|p1b: Lilligant|64\/100\n|move|p1a: Torkoal|Flamethrower|p2a: Ting-Lu\n|-damage|p2a: Ting-Lu|57\/100\n|\n|-weather|none\n|upkeep\n|turn|6\n|\n|t:|1683402476\n|switch|p1a: Gholdengo|Gholdengo, L50|100\/100\n|move|p1b: Lilligant|Giga Drain|p2a: Ting-Lu\n|-supereffective|p2a: Ting-Lu\n|-damage|p2a: Ting-Lu|22\/100\n|-heal|p1b: Lilligant|89\/100|[from] drain|[of] p2a: Ting-Lu\n|cant|p2b: Gyarados|slp\n|move|p2a: Ting-Lu|Rock Slide|p1b: Lilligant|[spread] p1a,p1b\n|-resisted|p1a: Gholdengo\n|-crit|p1b: Lilligant\n|-damage|p1a: Gholdengo|84\/100\n|-damage|p1b: Lilligant|38\/100\n|\n|upkeep\n|turn|7\n|\n|t:|1683402492\n|switch|p1a: Torkoal|Torkoal, L50, M, tera:Grass|60\/100\n|-weather|SunnyDay|[from] ability: Drought|[of] p1a: Torkoal\n|move|p1b: Lilligant|Giga Drain|p2a: Ting-Lu\n|-supereffective|p2a: Ting-Lu\n|-damage|p2a: Ting-Lu|0 fnt\n|-heal|p1b: Lilligant|53\/100|[from] drain|[of] p2a: Ting-Lu\n|faint|p2a: Ting-Lu\n|-curestatus|p2b: Gyarados|slp|[msg]\n|move|p2b: Gyarados|Icy Wind|p1b: Lilligant|[spread] p1a,p1b\n|-supereffective|p1a: Torkoal\n|-supereffective|p1b: Lilligant\n|-damage|p1a: Torkoal|44\/100\n|-damage|p1b: Lilligant|37\/100\n|-unboost|p1a: Torkoal|spe|1\n|\n|-weather|SunnyDay|[upkeep]\n|upkeep\n|turn|8\n|\n|t:|1683402515\n|move|p1b: Lilligant|Sleep Powder|p2b: Gyarados\n|-status|p2b: Gyarados|slp|[from] move: Sleep Powder\n|cant|p2b: Gyarados|slp\n|move|p1a: Torkoal|Flamethrower|p2b: Gyarados\n|-resisted|p2b: Gyarados\n|-damage|p2b: Gyarados|38\/100 slp\n|\n|-weather|SunnyDay|[upkeep]\n|upkeep\n|turn|9\n|-message|tauro96 forfeited.\n|\n|win|AbsRam\n|raw|AbsRam's rating: 1254 → 1281<\/strong> (+27 for winning)\n|raw|tauro96's rating: 1275 → 1248<\/strong> (-27 for losing)\n|l|\u2606tauro96\n|j|\u2606tauro96\n|player|p2|tauro96|101\n","uploadtime":1683402533,"views":12,"p1id":"absram","p2id":"tauro96","formatid":"gen9vgc2023regulationc","rating":1248,"private":0,"password":""}