{"id":"gen9vgc2023regulationc-1851789820","p1":"thewhale98","p2":"Adri 2022","format":"[Gen 9] VGC 2023 Regulation C","log":"|j|\u2606thewhale98\n|j|\u2606Adri 2022\n|t:|1682484065\n|gametype|doubles\n|player|p1|thewhale98|volkner|1132\n|player|p2|Adri 2022|plasmagrunt|1057\n|teamsize|p1|6\n|teamsize|p2|6\n|gen|9\n|tier|[Gen 9] VGC 2023 Regulation C\n|rated|\n|rule|Species Clause: Limit one of each Pok\u00e9mon\n|rule|Item Clause: Limit one of each item\n|clearpoke\n|poke|p1|Hatterene, L50, F|\n|poke|p1|Indeedee-F, L50, F|\n|poke|p1|Torkoal, L50, F|\n|poke|p1|Flutter Mane, L50|\n|poke|p1|Brute Bonnet, L50|\n|poke|p1|Ting-Lu, L50|\n|poke|p2|Chien-Pao, L50|\n|poke|p2|Staraptor, L50, F|\n|poke|p2|Amoonguss, L50, M|\n|poke|p2|Palafin, L50, M|\n|poke|p2|Flutter Mane, L50|\n|poke|p2|Iron Hands, L50|\n|teampreview|4\nthewhale98 has agreed to open team sheets.\n|\n|t:|1682484090\n|start\n|switch|p1a: Hatterene|Hatterene, L50, F|100\/100\n|switch|p1b: Indeedee|Indeedee-F, L50, F|100\/100\n|switch|p2a: Iron Hands|Iron Hands, L50|100\/100\n|switch|p2b: Staraptor|Staraptor, L50, F|100\/100\n|-ability|p2b: Staraptor|Intimidate|boost\n|-unboost|p1a: Hatterene|atk|1\n|-unboost|p1b: Indeedee|atk|1\n|-fieldstart|move: Psychic Terrain|[from] ability: Psychic Surge|[of] p1b: Indeedee\n|-enditem|p1b: Indeedee|Psychic Seed\n|-boost|p1b: Indeedee|spd|1|[from] item: Psychic Seed\n|turn|1\n|\n|t:|1682484113\n|move|p1b: Indeedee|Follow Me|p1b: Indeedee\n|-singleturn|p1b: Indeedee|move: Follow Me\n|move|p2b: Staraptor|Tailwind|p2b: Staraptor\n|-sidestart|p2: Adri 2022|move: Tailwind\n|move|p2a: Iron Hands|Iron Head|p1b: Indeedee\n|-damage|p1b: Indeedee|73\/100\n|move|p1a: Hatterene|Trick Room|p1a: Hatterene\n|-fieldstart|move: Trick Room|[of] p1a: Hatterene\n|\n|upkeep\n|turn|2\n|\n|t:|1682484130\n|move|p1b: Indeedee|Follow Me|p1b: Indeedee\n|-singleturn|p1b: Indeedee|move: Follow Me\n|move|p1a: Hatterene|Dazzling Gleam|p2b: Staraptor|[spread] p2a,p2b\n|-supereffective|p2a: Iron Hands\n|-damage|p2a: Iron Hands|49\/100\n|-damage|p2b: Staraptor|26\/100\n|-damage|p1a: Hatterene|91\/100|[from] item: Life Orb\n|move|p2a: Iron Hands|Iron Head|p1b: Indeedee\n|-damage|p1b: Indeedee|48\/100\n|move|p2b: Staraptor|Brave Bird|p1b: Indeedee\n|-damage|p1b: Indeedee|0 fnt\n|faint|p1b: Indeedee\n|-damage|p2b: Staraptor|10\/100|[from] Recoil\n|\n|upkeep\n|\n|t:|1682484143\n|switch|p1b: Torkoal|Torkoal, L50, F|100\/100\n|-weather|SunnyDay|[from] ability: Drought|[of] p1b: Torkoal\n|turn|3\n|\n|t:|1682484166\n|move|p2b: Staraptor|Protect|p2b: Staraptor\n|-singleturn|p2b: Staraptor|Protect\n|move|p1b: Torkoal|Eruption|p2a: Iron Hands|[spread] p2a\n|-activate|p2b: Staraptor|move: Protect\n|-damage|p2a: Iron Hands|4\/100\n|move|p1a: Hatterene|Dazzling Gleam|p2a: Iron Hands|[spread] p2a\n|-activate|p2b: Staraptor|move: Protect\n|-supereffective|p2a: Iron Hands\n|-damage|p2a: Iron Hands|0 fnt\n|faint|p2a: Iron Hands\n|-end|p2a: Iron Hands|Quark Drive|[silent]\n|-damage|p1a: Hatterene|81\/100|[from] item: Life Orb\n|\n|-weather|SunnyDay|[upkeep]\n|upkeep\n|\n|t:|1682484180\n|switch|p2a: Amoonguss|Amoonguss, L50, M|100\/100\n|turn|4\n|\n|t:|1682484195\n|-terastallize|p1b: Torkoal|Fire\n|-terastallize|p2a: Amoonguss|Water\n|move|p1b: Torkoal|Eruption|p2b: Staraptor|[spread] p2a,p2b\n|-resisted|p2a: Amoonguss\n|-damage|p2a: Amoonguss|58\/100\n|-damage|p2b: Staraptor|0 fnt\n|faint|p2b: Staraptor\n|move|p1a: Hatterene|Psyshock|p2a: Amoonguss\n|-damage|p2a: Amoonguss|0 fnt\n|faint|p2a: Amoonguss\n|-damage|p1a: Hatterene|71\/100|[from] item: Life Orb\n|\n|-weather|SunnyDay|[upkeep]\n|-sideend|p2: Adri 2022|move: Tailwind\n|upkeep\n|\n|t:|1682484210\n|switch|p2a: Flutter Mane|Flutter Mane, L50|100\/100\n|-activate|p2a: Flutter Mane|ability: Protosynthesis\n|-start|p2a: Flutter Mane|protosynthesisspa\n|turn|5\n|\n|t:|1682484230\n|move|p2a: Flutter Mane|Protect|p2a: Flutter Mane\n|-singleturn|p2a: Flutter Mane|Protect\n|move|p1b: Torkoal|Overheat|p2a: Flutter Mane\n|-activate|p2a: Flutter Mane|move: Protect\n|move|p1a: Hatterene|Psyshock|p2a: Flutter Mane\n|-activate|p2a: Flutter Mane|move: Protect\n|\n|-weather|SunnyDay|[upkeep]\n|-fieldend|move: Trick Room\n|-fieldend|move: Psychic Terrain\n|upkeep\n|turn|6\n|\n|t:|1682484243\n|move|p2a: Flutter Mane|Power Gem|p1b: Torkoal\n|-supereffective|p1b: Torkoal\n|-damage|p1b: Torkoal|4\/100\n|move|p1a: Hatterene|Psyshock|p2a: Flutter Mane\n|-damage|p2a: Flutter Mane|0 fnt\n|faint|p2a: Flutter Mane\n|-end|p2a: Flutter Mane|Protosynthesis|[silent]\n|-damage|p1a: Hatterene|61\/100|[from] item: Life Orb\n|\n|win|thewhale98\n|raw|thewhale98's rating: 1132 → 1152<\/strong> (+20 for winning)\n|raw|Adri 2022's rating: 1057 → 1042<\/strong> (-15 for losing)\n|l|\u2606thewhale98\n","uploadtime":1682484253,"views":8,"p1id":"thewhale98","p2id":"adri2022","formatid":"gen9vgc2023regulationc","rating":1042,"private":0,"password":""}