{"id":"gen9vgc2023regulationc-1852947713","p1":"ruinpokemonareop","p2":"elementalscion","format":"[Gen 9] VGC 2023 Regulation C","log":"|j|\u2606ruinpokemonareop\n|j|\u2606elementalscion\n|t:|1682619686\n|gametype|doubles\n|player|p1|ruinpokemonareop|1|1230\n|player|p2|elementalscion|riley|1280\n|teamsize|p1|6\n|teamsize|p2|6\n|gen|9\n|tier|[Gen 9] VGC 2023 Regulation C\n|rated|\n|rule|Species Clause: Limit one of each Pok\u00e9mon\n|rule|Item Clause: Limit one of each item\n|clearpoke\n|poke|p1|Ting-Lu, L50|\n|poke|p1|Chien-Pao, L50|\n|poke|p1|Wo-Chien, L50|\n|poke|p1|Chi-Yu, L50|\n|poke|p1|Amoonguss, L50, M|\n|poke|p1|Bronzong, L50|\n|poke|p2|Ting-Lu, L50|\n|poke|p2|Palafin, L50, M|\n|poke|p2|Ceruledge, L50, F|\n|poke|p2|Flutter Mane, L50|\n|poke|p2|Roaring Moon, L50|\n|poke|p2|Amoonguss, L50, M|\n|teampreview|4\n|c|\u2606elementalscion|Well that is all 4 ruins on one team\n|n|\u2606ruinpokemonareop|ruinpokemonareop\n|c|\u2606ruinpokemonareop|they are op\n|\n|t:|1682619740\n|start\n|switch|p1a: Amoonguss|Amoonguss, L50, M|100\/100\n|switch|p1b: Chi-Yu|Chi-Yu, L50|100\/100\n|switch|p2a: Ceruledge|Ceruledge, L50, F|100\/100\n|switch|p2b: Palafin|Palafin, L50, M|100\/100\n|-ability|p1b: Chi-Yu|Beads of Ruin\n|turn|1\n|c|\u2606elementalscion|That doesn't mean you have to run all 4 lol, I've seen teams that are fine without any\n|\n|t:|1682619770\n|detailschange|p2b: Palafin|Palafin-Hero, L50, M\n|switch|p2b: Amoonguss|Amoonguss, L50, M|100\/100\n|-terastallize|p2a: Ceruledge|Grass\n|-terastallize|p1a: Amoonguss|Water\n|move|p1b: Chi-Yu|Dark Pulse|p2a: Ceruledge\n|-damage|p2a: Ceruledge|65\/100\n|move|p2a: Ceruledge|Close Combat|p1b: Chi-Yu\n|-supereffective|p1b: Chi-Yu\n|-damage|p1b: Chi-Yu|0 fnt\n|-unboost|p2a: Ceruledge|def|1\n|-unboost|p2a: Ceruledge|spd|1\n|faint|p1b: Chi-Yu\n|move|p1a: Amoonguss|Spore|p2b: Amoonguss\n|-immune|p2b: Amoonguss\n|\n|upkeep\n|\n|t:|1682619789\n|switch|p1b: Chien-Pao|Chien-Pao, L50|100\/100\n|-ability|p1b: Chien-Pao|Sword of Ruin\n|turn|2\n|c|\u2606elementalscion|Nice op goldfish\n|\n|t:|1682619809\n|switch|p2a: Palafin|Palafin-Hero, L50, M|100\/100\n|-activate|p2a: Palafin|ability: Zero to Hero\n|move|p1a: Amoonguss|Rage Powder|p1a: Amoonguss\n|-singleturn|p1a: Amoonguss|move: Rage Powder\n|move|p1b: Chien-Pao|Ice Spinner|p2b: Amoonguss\n|-supereffective|p2b: Amoonguss\n|-damage|p2b: Amoonguss|11\/100\n|-enditem|p2b: Amoonguss|Sitrus Berry|[eat]\n|-heal|p2b: Amoonguss|36\/100|[from] item: Sitrus Berry\n|move|p2b: Amoonguss|Spore|p1b: Chien-Pao\n|-status|p1b: Chien-Pao|slp|[from] move: Spore\n|\n|upkeep\n|turn|3\n|\n|t:|1682619832\n|move|p1a: Amoonguss|Rage Powder|p1a: Amoonguss\n|-singleturn|p1a: Amoonguss|move: Rage Powder\n|cant|p1b: Chien-Pao|slp\n|move|p2a: Palafin|Wave Crash|p1b: Chien-Pao\n|-enditem|p1b: Chien-Pao|Focus Sash\n|-damage|p1b: Chien-Pao|1\/100 slp\n|-damage|p2a: Palafin|76\/100|[from] Recoil\n|move|p2b: Amoonguss|Pollen Puff|p1b: Chien-Pao\n|-supereffective|p1b: Chien-Pao\n|-damage|p1b: Chien-Pao|0 fnt\n|faint|p1b: Chien-Pao\n|\n|upkeep\n|\n|t:|1682619872\n|switch|p1b: Ting-Lu|Ting-Lu, L50|100\/100\n|-ability|p1b: Ting-Lu|Vessel of Ruin\n|turn|4\n|\n|t:|1682619883\n|move|p2a: Palafin|Wave Crash|p1b: Ting-Lu\n|-supereffective|p1b: Ting-Lu\n|-damage|p1b: Ting-Lu|9\/100\n|-damage|p2a: Palafin|38\/100|[from] Recoil\n|move|p1b: Ting-Lu|Stomping Tantrum|p2b: Amoonguss\n|-damage|p2b: Amoonguss|8\/100\n|move|p1a: Amoonguss|Spore|p2a: Palafin\n|-activate|p2a: Palafin|item: Safety Goggles|Spore\n|move|p2b: Amoonguss|Pollen Puff|p2a: Palafin\n|-heal|p2a: Palafin|87\/100\n|\n|upkeep\n|turn|5\n|-message|ruinpokemonareop forfeited.\n|\n|win|elementalscion\n|raw|ruinpokemonareop's rating: 1230 → 1209<\/strong> (-21 for losing)\n|raw|elementalscion's rating: 1280 → 1301<\/strong> (+21 for winning)\n|l|\u2606ruinpokemonareop\n","uploadtime":1682619909,"views":5,"p1id":"ruinpokemonareop","p2id":"elementalscion","formatid":"gen9vgc2023regulationc","rating":1209,"private":0,"password":""}