{"id":"gen9vgc2023regulationc-1864075162","p1":"Feesh Time","p2":"tatsuwin","format":"[Gen 9] VGC 2023 Regulation C","log":"|j|\u2606Feesh Time\n|j|\u2606tatsuwin\n|t:|1684113864\n|gametype|doubles\n|player|p1|Feesh Time|emmet|1389\n|player|p2|tatsuwin|266|1379\n|teamsize|p1|6\n|teamsize|p2|6\n|gen|9\n|tier|[Gen 9] VGC 2023 Regulation C\n|rated|\n|rule|Species Clause: Limit one of each Pok\u00e9mon\n|rule|Item Clause: Limit one of each item\n|clearpoke\n|poke|p1|Iron Bundle, L50|\n|poke|p1|Chi-Yu, L50|\n|poke|p1|Flutter Mane, L50|\n|poke|p1|Glimmora, L50, F|\n|poke|p1|Dondozo, L50, F|\n|poke|p1|Tatsugiri-Droopy, L50, M|\n|poke|p2|Iron Hands, L50|\n|poke|p2|Gyarados, L50, F|\n|poke|p2|Amoonguss, L50, M|\n|poke|p2|Ting-Lu, L50|\n|poke|p2|Chi-Yu, L50|\n|poke|p2|Flutter Mane, L50|\n|teampreview|4\nFeesh Time has agreed to open team sheets.\ntatsuwin has agreed to open team sheets.\n|inactive|Battle timer is ON: inactive players will automatically lose when time's up. (requested by tatsuwin)\n|inactive|tatsuwin has 60 seconds left.\n|\n|t:|1684113939\n|start\n|switch|p1a: Flutter Mane|Flutter Mane, L50|100\/100\n|switch|p1b: Chi-Yu|Chi-Yu, L50|100\/100\n|switch|p2a: Ting-Lu|Ting-Lu, L50|100\/100\n|switch|p2b: Iron Hands|Iron Hands, L50|100\/100\n|-ability|p1b: Chi-Yu|Beads of Ruin\n|-ability|p2a: Ting-Lu|Vessel of Ruin\n|turn|1\n|inactive|tatsuwin has 30 seconds left.\n|inactive|Feesh Time has 30 seconds left.\n|\n|t:|1684113978\n|switch|p1b: Dondozo|Dondozo, L50, F|100\/100\n|-terastallize|p2a: Ting-Lu|Water\n|move|p1a: Flutter Mane|Moonblast|p2b: Iron Hands\n|-supereffective|p2b: Iron Hands\n|-damage|p2b: Iron Hands|33\/100\n|-unboost|p2b: Iron Hands|spa|1\n|move|p2b: Iron Hands|Drain Punch|p1b: Dondozo\n|-damage|p1b: Dondozo|70\/100\n|-heal|p2b: Iron Hands|47\/100|[from] drain|[of] p1b: Dondozo\n|move|p2a: Ting-Lu|Heavy Slam|p1a: Flutter Mane\n|-supereffective|p1a: Flutter Mane\n|-damage|p1a: Flutter Mane|0 fnt\n|faint|p1a: Flutter Mane\n|-end|p1a: Flutter Mane|Protosynthesis|[silent]\n|\n|-heal|p1b: Dondozo|76\/100|[from] item: Leftovers\n|upkeep\n|\n|t:|1684113997\n|switch|p1a: Tatsugiri|Tatsugiri-Droopy, L50, M|100\/100\n|-activate|p1a: Tatsugiri|ability: Commander|[of] p1b: Dondozo\n|-boost|p1b: Dondozo|atk|2\n|-boost|p1b: Dondozo|spa|2\n|-boost|p1b: Dondozo|spe|2\n|-boost|p1b: Dondozo|def|2\n|-boost|p1b: Dondozo|spd|2\n|turn|2\n|inactive|tatsuwin has 30 seconds left.\n|\n|t:|1684114029\n|switch|p2a: Amoonguss|Amoonguss, L50, M, shiny|100\/100\n|-terastallize|p1b: Dondozo|Grass\n|move|p1b: Dondozo|Tera Blast|p2a: Amoonguss\n|-resisted|p2a: Amoonguss\n|-damage|p2a: Amoonguss|85\/100\n|move|p2b: Iron Hands|Drain Punch|p1b: Dondozo\n|-damage|p1b: Dondozo|62\/100\n|-heal|p2b: Iron Hands|54\/100|[from] drain|[of] p1b: Dondozo\n|\n|-heal|p1b: Dondozo|68\/100|[from] item: Leftovers\n|upkeep\n|turn|3\n|inactive|tatsuwin has 30 seconds left.\n|inactive|tatsuwin has 20 seconds left.\n|inactive|tatsuwin has 15 seconds left.\n|\n|t:|1684114071\n|-end|p2b: Iron Hands|Quark Drive|[silent]\n|switch|p2b: Ting-Lu|Ting-Lu, L50, tera:Water|100\/100\n|-ability|p2b: Ting-Lu|Vessel of Ruin\n|move|p1b: Dondozo|Wave Crash|p2b: Ting-Lu\n|-resisted|p2b: Ting-Lu\n|-damage|p2b: Ting-Lu|70\/100\n|-damage|p1b: Dondozo|57\/100|[from] Recoil\n|move|p2a: Amoonguss|Clear Smog|p1b: Dondozo\n|-supereffective|p1b: Dondozo\n|-damage|p1b: Dondozo|44\/100\n|-clearboost|p1b: Dondozo\n|\n|-heal|p1b: Dondozo|50\/100|[from] item: Leftovers\n|-heal|p2b: Ting-Lu|76\/100|[from] item: Leftovers\n|upkeep\n|turn|4\n|inactive|tatsuwin has 30 seconds left.\n|\n|t:|1684114098\n|move|p1b: Dondozo|Tera Blast|p2b: Ting-Lu\n|-supereffective|p2b: Ting-Lu\n|-damage|p2b: Ting-Lu|39\/100\n|move|p2b: Ting-Lu|Ruination|p1b: Dondozo\n|-damage|p1b: Dondozo|25\/100\n|move|p2a: Amoonguss|Pollen Puff|p2b: Ting-Lu\n|-heal|p2b: Ting-Lu|89\/100\n|\n|-heal|p1b: Dondozo|32\/100|[from] item: Leftovers\n|-heal|p2b: Ting-Lu|95\/100|[from] item: Leftovers\n|upkeep\n|turn|5\n|inactive|tatsuwin has 30 seconds left.\n|-message|Feesh Time forfeited.\n|\n|win|tatsuwin\n|raw|Feesh Time's rating: 1389 → 1368<\/strong> (-21 for losing)\n|raw|tatsuwin's rating: 1379 → 1400<\/strong> (+21 for winning)\n|l|\u2606Feesh Time\n","uploadtime":1684114133,"views":8,"p1id":"feeshtime","p2id":"tatsuwin","formatid":"gen9vgc2023regulationc","rating":1368,"private":0,"password":""}