{"id":"gen9vgc2023regulationc-1859267091","p1":"yukke1209","p2":"cobalt_poke","format":"[Gen 9] VGC 2023 Regulation C","log":"|j|\u2606yukke1209\n|j|\u2606cobalt_poke\n|t:|1683426117\n|gametype|doubles\n|player|p1|yukke1209|lass-gen4|1721\n|player|p2|cobalt_poke|lenora|1639\n|teamsize|p1|6\n|teamsize|p2|6\n|gen|9\n|tier|[Gen 9] VGC 2023 Regulation C\n|rated|\n|rule|Species Clause: Limit one of each Pok\u00e9mon\n|rule|Item Clause: Limit one of each item\n|clearpoke\n|poke|p1|Ting-Lu, L50|\n|poke|p1|Flutter Mane, L50|\n|poke|p1|Bronzong, L50|\n|poke|p1|Gyarados, L50, F|\n|poke|p1|Abomasnow, L50, M|\n|poke|p1|Iron Bundle, L50|\n|poke|p2|Annihilape, L50, F|\n|poke|p2|Maushold-Four, L50|\n|poke|p2|Amoonguss, L50, M|\n|poke|p2|Flutter Mane, L50|\n|poke|p2|Ting-Lu, L50|\n|poke|p2|Roaring Moon, L50|\n|teampreview|4\n|inactive|Battle timer is ON: inactive players will automatically lose when time's up. (requested by yukke1209)\n|j| christianfinity\n|\n|t:|1683426136\n|start\n|switch|p1a: Flutter Mane|Flutter Mane, L50|100\/100\n|switch|p1b: Iron Bundle|Iron Bundle, L50|100\/100\n|switch|p2a: Annihilape|Annihilape, L50, F|100\/100\n|switch|p2b: Maushold|Maushold-Four, L50|100\/100\n|-enditem|p1b: Iron Bundle|Booster Energy\n|-activate|p1b: Iron Bundle|ability: Quark Drive|[fromitem]\n|-start|p1b: Iron Bundle|quarkdrivespe\n|turn|1\n|\n|t:|1683426142\n|-terastallize|p1b: Iron Bundle|Ghost\n|-terastallize|p2a: Annihilape|Poison\n|move|p1b: Iron Bundle|Hydro Pump|p2a: Annihilape\n|-damage|p2a: Annihilape|74\/100\n|move|p2b: Maushold|Beat Up|p2a: Annihilape\n|-damage|p2a: Annihilape|72\/100\n|-damage|p2a: Annihilape|70\/100\n|-damage|p2a: Annihilape|68\/100\n|-damage|p2a: Annihilape|66\/100\n|-hitcount|p2a: Annihilape|4\n|move|p1a: Flutter Mane|Moonblast|p2a: Annihilape\n|-resisted|p2a: Annihilape\n|-damage|p2a: Annihilape|44\/100\n|move|p2a: Annihilape|Rage Fist|p1b: Iron Bundle\n|-supereffective|p1b: Iron Bundle\n|-damage|p1b: Iron Bundle|0 fnt\n|faint|p1b: Iron Bundle\n|-end|p1b: Iron Bundle|Quark Drive|[silent]\n|\n|-heal|p2a: Annihilape|50\/100|[from] item: Leftovers\n|upkeep\n|\n|t:|1683426152\n|switch|p1b: Abomasnow|Abomasnow, L50, M|100\/100\n|-weather|Snow|[from] ability: Snow Warning|[of] p1b: Abomasnow\n|turn|2\n|\n|t:|1683426161\n|move|p2b: Maushold|Protect|p2b: Maushold\n|-singleturn|p2b: Maushold|Protect\n|move|p1a: Flutter Mane|Moonblast|p2b: Maushold\n|-activate|p2b: Maushold|move: Protect\n|move|p2a: Annihilape|Rage Fist|p1b: Abomasnow\n|-damage|p1b: Abomasnow|0 fnt\n|faint|p1b: Abomasnow\n|\n|-weather|Snow|[upkeep]\n|-heal|p2a: Annihilape|56\/100|[from] item: Leftovers\n|upkeep\n|\n|t:|1683426168\n|switch|p1b: Gyarados|Gyarados, L50, F|100\/100\n|-ability|p1b: Gyarados|Intimidate|boost\n|-unboost|p2a: Annihilape|atk|1\n|-unboost|p2b: Maushold|atk|1\n|turn|3\n|\n|t:|1683426172\n|move|p2b: Maushold|Follow Me|p2b: Maushold\n|-singleturn|p2b: Maushold|move: Follow Me\n|move|p1a: Flutter Mane|Moonblast|p2b: Maushold\n|-enditem|p2b: Maushold|Focus Sash\n|-damage|p2b: Maushold|1\/100\n|move|p1b: Gyarados|Thunder Wave|p2b: Maushold\n|-status|p2b: Maushold|par\n|move|p2a: Annihilape|Rage Fist|p1a: Flutter Mane\n|-supereffective|p1a: Flutter Mane\n|-damage|p1a: Flutter Mane|0 fnt\n|faint|p1a: Flutter Mane\n|-end|p1a: Flutter Mane|Protosynthesis|[silent]\n|\n|-weather|Snow|[upkeep]\n|-heal|p2a: Annihilape|63\/100|[from] item: Leftovers\n|upkeep\n|turn|4\n|\n|t:|1683426184\n|switch|p2a: Ting-Lu|Ting-Lu, L50|100\/100\n|-ability|p2a: Ting-Lu|Vessel of Ruin\n|move|p2b: Maushold|Baby-Doll Eyes|p1b: Gyarados\n|-unboost|p1b: Gyarados|atk|1\n|move|p1b: Gyarados|Surf|p2a: Ting-Lu|[spread] p2a,p2b\n|-supereffective|p2a: Ting-Lu\n|-damage|p2a: Ting-Lu|92\/100\n|-damage|p2b: Maushold|0 fnt\n|faint|p2b: Maushold\n|\n|-weather|Snow|[upkeep]\n|upkeep\n|j| merah merona\n|\n|t:|1683426202\n|switch|p2b: Roaring Moon|Roaring Moon, L50|100\/100\n|-enditem|p2b: Roaring Moon|Booster Energy\n|-activate|p2b: Roaring Moon|ability: Protosynthesis|[fromitem]\n|-start|p2b: Roaring Moon|protosynthesisspe\n|turn|5\n|\n|t:|1683426207\n|move|p2b: Roaring Moon|Protect|p2b: Roaring Moon\n|-singleturn|p2b: Roaring Moon|Protect\n|move|p1b: Gyarados|Waterfall|p2a: Ting-Lu\n|-supereffective|p2a: Ting-Lu\n|-damage|p2a: Ting-Lu|64\/100\n|cant|p2a: Ting-Lu|flinch\n|\n|-weather|Snow|[upkeep]\n|upkeep\n|turn|6\n|\n|t:|1683426217\n|move|p2b: Roaring Moon|Breaking Swipe|p1b: Gyarados\n|-damage|p1b: Gyarados|66\/100\n|-unboost|p1b: Gyarados|atk|1\n|move|p1b: Gyarados|Waterfall|p2a: Ting-Lu\n|-supereffective|p2a: Ting-Lu\n|-damage|p2a: Ting-Lu|43\/100\n|move|p2a: Ting-Lu|Rock Slide|p1b: Gyarados\n|-supereffective|p1b: Gyarados\n|-damage|p1b: Gyarados|9\/100\n|\n|-weather|none\n|upkeep\n|turn|7\n|\n|t:|1683426223\n|move|p2b: Roaring Moon|Breaking Swipe|p1b: Gyarados\n|-damage|p1b: Gyarados|0 fnt\n|faint|p1b: Gyarados\n|\n|win|cobalt_poke\n|raw|yukke1209's rating: 1721 → 1696<\/strong> (-25 for losing)\n|raw|cobalt_poke's rating: 1639 → 1664<\/strong> (+25 for winning)\n|l|\u2606cobalt_poke\n","uploadtime":1683426231,"views":10,"p1id":"yukke1209","p2id":"cobaltpoke","formatid":"gen9vgc2023regulationc","rating":1664,"private":0,"password":""}