{"id":"gen9vgc2023regulationc-1847488327","p1":"foiledfeline","p2":"civicVGC","format":"[Gen 9] VGC 2023 Regulation C","log":"|j|\u2606foiledfeline\n|j|\u2606civicVGC\n|t:|1681961469\n|gametype|doubles\n|player|p1|foiledfeline|steven|1322\n|player|p2|civicVGC|170|1423\n|teamsize|p1|6\n|teamsize|p2|6\n|gen|9\n|tier|[Gen 9] VGC 2023 Regulation C\n|rated|\n|rule|Species Clause: Limit one of each Pok\u00e9mon\n|rule|Item Clause: Limit one of each item\n|clearpoke\n|poke|p1|Flutter Mane, L50|\n|poke|p1|Talonflame, L50, M|\n|poke|p1|Baxcalibur, L50, F|\n|poke|p1|Ting-Lu, L50|\n|poke|p1|Gyarados, L50, F|\n|poke|p1|Breloom, L50, F|\n|poke|p2|Ting-Lu, L50|\n|poke|p2|Dragonite, L50, F|\n|poke|p2|Flutter Mane, L50|\n|poke|p2|Annihilape, L50, M|\n|poke|p2|Amoonguss, L50, F|\n|poke|p2|Gyarados, L50, M|\n|teampreview|4\nfoiledfeline has agreed to open team sheets.\n|\n|t:|1681961516\n|start\n|switch|p1a: Talonflame|Talonflame, L50, M|100\/100\n|switch|p1b: Baxcalibur|Baxcalibur, L50, F|100\/100\n|switch|p2a: Annihilape|Annihilape, L50, M|100\/100\n|switch|p2b: Amoonguss|Amoonguss, L50, F|100\/100\n|turn|1\n|\n|t:|1681961546\n|-terastallize|p1b: Baxcalibur|Ground\n|move|p1a: Talonflame|Brave Bird|p2b: Amoonguss\n|-supereffective|p2b: Amoonguss\n|-damage|p2b: Amoonguss|27\/100\n|-enditem|p2b: Amoonguss|Sitrus Berry|[eat]\n|-heal|p2b: Amoonguss|52\/100|[from] item: Sitrus Berry\n|-damage|p1a: Talonflame|66\/100|[from] Recoil\n|move|p2a: Annihilape|Bulk Up|p2a: Annihilape\n|-boost|p2a: Annihilape|atk|1\n|-boost|p2a: Annihilape|def|1\n|move|p1b: Baxcalibur|Earthquake|p2b: Amoonguss|[spread] p2a,p2b\n|-immune|p1a: Talonflame\n|-damage|p2a: Annihilape|67\/100\n|-damage|p2b: Amoonguss|19\/100\n|move|p2b: Amoonguss|Spore|p1b: Baxcalibur\n|-status|p1b: Baxcalibur|slp|[from] move: Spore\n|\n|-heal|p2a: Annihilape|74\/100|[from] item: Leftovers\n|upkeep\n|turn|2\n|\n|t:|1681961590\n|switch|p2b: Flutter Mane|Flutter Mane, L50|100\/100\n|move|p2a: Annihilape|Protect|p2a: Annihilape\n|-singleturn|p2a: Annihilape|Protect\n|move|p1a: Talonflame|Will-O-Wisp|p2a: Annihilape\n|-activate|p2a: Annihilape|move: Protect\n|cant|p1b: Baxcalibur|slp\n|\n|-heal|p2a: Annihilape|80\/100|[from] item: Leftovers\n|upkeep\n|turn|3\n|\n|t:|1681961608\n|move|p2b: Flutter Mane|Shadow Ball|p1a: Talonflame\n|-damage|p1a: Talonflame|0 fnt\n|faint|p1a: Talonflame\n|move|p2a: Annihilape|Drain Punch|p1b: Baxcalibur\n|-damage|p1b: Baxcalibur|52\/100 slp\n|-heal|p2a: Annihilape|100\/100|[from] drain|[of] p1b: Baxcalibur\n|cant|p1b: Baxcalibur|slp\n|\n|upkeep\n|\n|t:|1681961620\n|switch|p1a: Ting-Lu|Ting-Lu, L50|100\/100\n|-ability|p1a: Ting-Lu|Vessel of Ruin\n|turn|4\n|\n|t:|1681961637\n|-end|p2b: Flutter Mane|Protosynthesis|[silent]\n|switch|p2b: Amoonguss|Amoonguss, L50, F|52\/100\n|move|p2a: Annihilape|Rage Fist|p1b: Baxcalibur\n|-damage|p1b: Baxcalibur|0 fnt\n|faint|p1b: Baxcalibur\n|move|p1a: Ting-Lu|Heavy Slam|p2b: Amoonguss\n|-damage|p2b: Amoonguss|20\/100\n|\n|upkeep\n|\n|t:|1681961647\n|switch|p1b: Breloom|Breloom, L50, F|100\/100\n|turn|5\n|\n|t:|1681961681\n|switch|p2b: Ting-Lu|Ting-Lu, L50|100\/100\n|-ability|p2b: Ting-Lu|Vessel of Ruin\n|move|p2a: Annihilape|Rage Fist|p1b: Breloom\n|-damage|p1b: Breloom|5\/100\n|move|p1b: Breloom|Spore|p2a: Annihilape\n|-status|p2a: Annihilape|slp|[from] move: Spore\n|move|p1a: Ting-Lu|Heavy Slam|p2b: Ting-Lu\n|-damage|p2b: Ting-Lu|92\/100\n|\n|upkeep\n|turn|6\n|\n|t:|1681961709\n|switch|p2b: Amoonguss|Amoonguss, L50, F|53\/100\n|cant|p2a: Annihilape|slp\n|move|p1b: Breloom|Spore|p2b: Amoonguss\n|-immune|p2b: Amoonguss\n|move|p1a: Ting-Lu|Ruination|p2a: Annihilape\n|-damage|p2a: Annihilape|50\/100 slp\n|\n|-heal|p2a: Annihilape|57\/100 slp|[from] item: Leftovers\n|upkeep\n|turn|7\n|\n|t:|1681961728\n|-curestatus|p2a: Annihilape|slp|[msg]\n|move|p2a: Annihilape|Drain Punch|p1a: Ting-Lu\n|-supereffective|p1a: Ting-Lu\n|-damage|p1a: Ting-Lu|40\/100\n|-heal|p2a: Annihilape|91\/100|[from] drain|[of] p1a: Ting-Lu\n|move|p1b: Breloom|Bullet Seed|p2a: Annihilape\n|-damage|p2a: Annihilape|77\/100\n|-damage|p2a: Annihilape|61\/100\n|-damage|p2a: Annihilape|45\/100\n|-damage|p2a: Annihilape|29\/100\n|-damage|p2a: Annihilape|14\/100\n|-hitcount|p2a: Annihilape|5\n|move|p1a: Ting-Lu|Heavy Slam|p2b: Amoonguss\n|-damage|p2b: Amoonguss|25\/100\n|move|p2b: Amoonguss|Clear Smog|p1b: Breloom\n|-supereffective|p1b: Breloom\n|-crit|p1b: Breloom\n|-damage|p1b: Breloom|0 fnt\n|-clearboost|p1b: Breloom\n|faint|p1b: Breloom\n|\n|-heal|p2a: Annihilape|21\/100|[from] item: Leftovers\n|-heal|p1a: Ting-Lu|47\/100|[from] item: Leftovers\n|upkeep\n|turn|8\n|\n|t:|1681961758\n|move|p2a: Annihilape|Drain Punch|p1a: Ting-Lu\n|-supereffective|p1a: Ting-Lu\n|-damage|p1a: Ting-Lu|0 fnt\n|-heal|p2a: Annihilape|48\/100|[from] drain|[of] p1a: Ting-Lu\n|faint|p1a: Ting-Lu\n|\n|win|civicVGC\n|raw|foiledfeline's rating: 1322 → 1308<\/strong> (-14 for losing)\n|raw|civicVGC's rating: 1423 → 1437<\/strong> (+14 for winning)\n","uploadtime":1681961765,"views":8,"p1id":"foiledfeline","p2id":"civicvgc","formatid":"gen9vgc2023regulationc","rating":1308,"private":0,"password":""}