{"id":"gen9vgc2023regulationc-1850562308","p1":"Bachata_Mix","p2":"PBR ESC4N0R","format":"[Gen 9] VGC 2023 Regulation C","log":"|j|\u2606Bachata_Mix\n|j|\u2606PBR ESC4N0R\n|t:|1682348867\n|gametype|doubles\n|player|p1|Bachata_Mix|bellelba|1262\n|player|p2|PBR ESC4N0R|firebreather|1289\n|teamsize|p1|6\n|teamsize|p2|6\n|gen|9\n|tier|[Gen 9] VGC 2023 Regulation C\n|rated|\n|rule|Species Clause: Limit one of each Pok\u00e9mon\n|rule|Item Clause: Limit one of each item\n|clearpoke\n|poke|p1|Palafin, L50, M|\n|poke|p1|Flutter Mane, L50|\n|poke|p1|Annihilape, L50, M|\n|poke|p1|Ting-Lu, L50|\n|poke|p1|Iron Hands, L50|\n|poke|p1|Amoonguss, L50, F|\n|poke|p2|Arcanine, L50, M|\n|poke|p2|Flutter Mane, L50|\n|poke|p2|Amoonguss, L50, M|\n|poke|p2|Palafin, L50, M|\n|poke|p2|Ting-Lu, L50|\n|poke|p2|Dragonite, L50, M|\n|teampreview|4\n|\n|t:|1682348899\n|start\n|switch|p1a: angy boy|Annihilape, L50, M|100\/100\n|switch|p1b: fungus|Amoonguss, L50, F|100\/100\n|switch|p2a: Palafin|Palafin, L50, M, shiny|100\/100\n|switch|p2b: Amoonguss|Amoonguss, L50, M, shiny|100\/100\n|turn|1\n|\n|t:|1682348922\n|detailschange|p2a: Palafin|Palafin-Hero, L50, M, shiny\n|switch|p2a: Arcanine|Arcanine, L50, M, shiny|100\/100\n|-ability|p2a: Arcanine|Intimidate|boost\n|-unboost|p1a: angy boy|atk|1\n|-ability|p1a: angy boy|Defiant|boost\n|-boost|p1a: angy boy|atk|2\n|-unboost|p1b: fungus|atk|1\n|move|p1a: angy boy|Final Gambit|p2b: Amoonguss\n|-damage|p2b: Amoonguss|2\/100\n|-enditem|p2b: Amoonguss|Sitrus Berry|[eat]\n|-heal|p2b: Amoonguss|27\/100|[from] item: Sitrus Berry\n|faint|p1a: angy boy\n|move|p2b: Amoonguss|Spore|p1b: fungus\n|-immune|p1b: fungus\n|move|p1b: fungus|Spore|p2a: Arcanine\n|-activate|p2a: Arcanine|item: Safety Goggles|Spore\n|\n|upkeep\n|\n|t:|1682348948\n|switch|p1a: ITS A 1 HIT KO|Ting-Lu, L50|100\/100\n|-ability|p1a: ITS A 1 HIT KO|Vessel of Ruin\n|turn|2\n|\n|t:|1682348972\n|switch|p2b: Dragonite|Dragonite, L50, M|100\/100\n|-terastallize|p1a: ITS A 1 HIT KO|Water\n|move|p1b: fungus|Protect|p1b: fungus\n|-singleturn|p1b: fungus|Protect\n|move|p2a: Arcanine|Howl|p2a: Arcanine|[spread] p2a,p2b\n|-boost|p2a: Arcanine|atk|1\n|-boost|p2b: Dragonite|atk|1\n|move|p1a: ITS A 1 HIT KO|Heavy Slam|p2b: Dragonite\n|-damage|p2b: Dragonite|73\/100\n|\n|upkeep\n|turn|3\n|\n|t:|1682348999\n|move|p2a: Arcanine|Howl|p2a: Arcanine|[spread] p2a,p2b\n|-boost|p2a: Arcanine|atk|1\n|-boost|p2b: Dragonite|atk|1\n|move|p2b: Dragonite|Ice Spinner|p1b: fungus\n|-supereffective|p1b: fungus\n|-damage|p1b: fungus|5\/100\n|move|p1a: ITS A 1 HIT KO|Fissure|p2a: Arcanine|[miss]\n|-miss|p1a: ITS A 1 HIT KO|p2a: Arcanine\n|move|p1b: fungus|Spore|p2b: Dragonite\n|-status|p2b: Dragonite|slp|[from] move: Spore\n|-enditem|p2b: Dragonite|Lum Berry|[eat]\n|-curestatus|p2b: Dragonite|slp|[msg]\n|\n|upkeep\n|turn|4\n|\n|t:|1682349029\n|switch|p1b: daril|Iron Hands, L50|100\/100\n|-terastallize|p2b: Dragonite|Normal\n|move|p2a: Arcanine|Extreme Speed|p1b: daril\n|-damage|p1b: daril|65\/100\n|move|p2b: Dragonite|Extreme Speed|p1a: ITS A 1 HIT KO\n|-damage|p1a: ITS A 1 HIT KO|37\/100\n|move|p1a: ITS A 1 HIT KO|Stomping Tantrum|p2a: Arcanine\n|-supereffective|p2a: Arcanine\n|-damage|p2a: Arcanine|0 fnt\n|faint|p2a: Arcanine\n|\n|-heal|p1a: ITS A 1 HIT KO|43\/100|[from] item: Leftovers\n|upkeep\n|\n|t:|1682349048\n|switch|p2a: Amoonguss|Amoonguss, L50, M, shiny|60\/100\n|turn|5\n|\n|t:|1682349069\n|move|p1b: daril|Fake Out|p2b: Dragonite\n|-damage|p2b: Dragonite|56\/100\n|move|p2b: Dragonite|Extreme Speed|p1a: ITS A 1 HIT KO\n|-damage|p1a: ITS A 1 HIT KO|0 fnt\n|faint|p1a: ITS A 1 HIT KO\n|move|p2a: Amoonguss|Pollen Puff|p2b: Dragonite\n|-heal|p2b: Dragonite|100\/100\n|\n|upkeep\n|\n|t:|1682349091\n|switch|p1a: fungus|Amoonguss, L50, F|38\/100\n|turn|6\n|\n|t:|1682349113\n|move|p2b: Dragonite|Ice Spinner|p1a: fungus\n|-supereffective|p1a: fungus\n|-damage|p1a: fungus|0 fnt\n|faint|p1a: fungus\n|move|p1b: daril|Drain Punch|p2b: Dragonite\n|-supereffective|p2b: Dragonite\n|-damage|p2b: Dragonite|8\/100\n|-heal|p1b: daril|100\/100|[from] drain|[of] p2b: Dragonite\n|move|p2a: Amoonguss|Spore|p1b: daril\n|-status|p1b: daril|slp|[from] move: Spore\n|\n|upkeep\n|turn|7\n|\n|t:|1682349133\n|move|p2b: Dragonite|Extreme Speed|p1b: daril\n|-damage|p1b: daril|33\/100 slp\n|cant|p1b: daril|slp\n|move|p2a: Amoonguss|Pollen Puff|p2b: Dragonite\n|-heal|p2b: Dragonite|58\/100\n|\n|upkeep\n|turn|8\n|-message|Bachata_Mix forfeited.\n|\n|win|PBR ESC4N0R\n|raw|Bachata_Mix's rating: 1262 → 1239<\/strong> (-23 for losing)\n|raw|PBR ESC4N0R's rating: 1289 → 1312<\/strong> (+23 for winning)\n|l|\u2606Bachata_Mix\n","uploadtime":1682349233,"views":23,"p1id":"bachatamix","p2id":"pbresc4n0r","formatid":"gen9vgc2023regulationc","rating":1239,"private":0,"password":""}