{"id":"gen9vgc2023regulationc-1847272914","p1":"Lucawufflekinz","p2":"haha u rage quit","format":"[Gen 9] VGC 2023 Regulation C","log":"|j|\u2606Lucawufflekinz\n|j|\u2606haha u rage quit\n|t:|1681933568\n|gametype|doubles\n|player|p1|Lucawufflekinz|1|1288\n|player|p2|haha u rage quit|pokemaniac|1234\n|teamsize|p1|6\n|teamsize|p2|6\n|gen|9\n|tier|[Gen 9] VGC 2023 Regulation C\n|rated|\n|rule|Species Clause: Limit one of each Pok\u00e9mon\n|rule|Item Clause: Limit one of each item\n|clearpoke\n|poke|p1|Flutter Mane, L50|\n|poke|p1|Gyarados, L50, M|\n|poke|p1|Arcanine, L50, M|\n|poke|p1|Scizor, L50, F|\n|poke|p1|Iron Bundle, L50|\n|poke|p1|Amoonguss, L50, M|\n|poke|p2|Garganacl, L50, M|\n|poke|p2|Wo-Chien, L50|\n|poke|p2|Amoonguss, L50, M|\n|poke|p2|Ting-Lu, L50|\n|poke|p2|Dondozo, L50, M|\n|poke|p2|Arcanine, L50, M|\n|teampreview|4\n|\n|t:|1681933647\n|start\n|switch|p1a: Arcanine|Arcanine, L50, M|100\/100\n|switch|p1b: Gyarados|Gyarados, L50, M|100\/100\n|switch|p2a: Garganacl|Garganacl, L50, M|100\/100\n|switch|p2b: Arcanine|Arcanine, L50, M|100\/100\n|-ability|p2b: Arcanine|Intimidate|boost\n|-unboost|p1a: Arcanine|atk|1\n|-unboost|p1b: Gyarados|atk|1\n|-ability|p1a: Arcanine|Intimidate|boost\n|-unboost|p2a: Garganacl|atk|1\n|-unboost|p2b: Arcanine|atk|1\n|-ability|p1b: Gyarados|Intimidate|boost\n|-unboost|p2a: Garganacl|atk|1\n|-unboost|p2b: Arcanine|atk|1\n|turn|1\n|\n|t:|1681933666\n|-terastallize|p2a: Garganacl|Poison\n|move|p1a: Arcanine|Howl|p1a: Arcanine|[spread] p1a,p1b\n|-boost|p1a: Arcanine|atk|1\n|-boost|p1b: Gyarados|atk|1\n|move|p2b: Arcanine|Wild Charge|p1b: Gyarados\n|-supereffective|p1b: Gyarados\n|-damage|p1b: Gyarados|29\/100\n|-damage|p2b: Arcanine|81\/100|[from] Recoil\n|move|p1b: Gyarados|Dragon Dance|p1b: Gyarados\n|-boost|p1b: Gyarados|atk|1\n|-boost|p1b: Gyarados|spe|1\n|move|p2a: Garganacl|Salt Cure|p1a: Arcanine\n|-supereffective|p1a: Arcanine\n|-damage|p1a: Arcanine|82\/100\n|-start|p1a: Arcanine|Salt Cure\n|\n|-damage|p1a: Arcanine|70\/100|[from] Salt Cure\n|upkeep\n|turn|2\n|\n|t:|1681933694\n|switch|p1a: Amoonguss|Amoonguss, L50, M|100\/100\n|move|p1b: Gyarados|Protect|p1b: Gyarados\n|-singleturn|p1b: Gyarados|Protect\n|move|p2b: Arcanine|Protect|p2b: Arcanine\n|-singleturn|p2b: Arcanine|Protect\n|move|p2a: Garganacl|Salt Cure|p1b: Gyarados\n|-activate|p1b: Gyarados|move: Protect\n|\n|upkeep\n|turn|3\n|\n|t:|1681933716\n|switch|p2b: Amoonguss|Amoonguss, L50, M|100\/100\n|move|p1b: Gyarados|Waterfall|p2b: Amoonguss\n|-resisted|p2b: Amoonguss\n|-damage|p2b: Amoonguss|71\/100\n|move|p2a: Garganacl|Salt Cure|p1b: Gyarados\n|-supereffective|p1b: Gyarados\n|-damage|p1b: Gyarados|13\/100\n|-start|p1b: Gyarados|Salt Cure\n|move|p1a: Amoonguss|Pollen Puff|p1b: Gyarados\n|-heal|p1b: Gyarados|62\/100\n|\n|-heal|p2b: Amoonguss|77\/100|[from] item: Black Sludge\n|-damage|p1b: Gyarados|38\/100|[from] Salt Cure\n|upkeep\n|turn|4\n|\n|t:|1681933737\n|-terastallize|p1b: Gyarados|Flying\n|move|p1b: Gyarados|Tera Blast|p2b: Amoonguss\n|-supereffective|p2b: Amoonguss\n|-damage|p2b: Amoonguss|0 fnt\n|faint|p2b: Amoonguss\n|move|p2a: Garganacl|Fissure|p1a: Amoonguss\n|-damage|p1a: Amoonguss|0 fnt\n|faint|p1a: Amoonguss\n|-ohko\n|\n|-damage|p1b: Gyarados|25\/100|[from] Salt Cure\n|upkeep\n|\n|t:|1681933753\n|switch|p1a: Iron Bundle|Iron Bundle, L50|100\/100\n|switch|p2b: Dondozo|Dondozo, L50, M|100\/100\n|-enditem|p1a: Iron Bundle|Booster Energy\n|-activate|p1a: Iron Bundle|ability: Quark Drive|[fromitem]\n|-start|p1a: Iron Bundle|quarkdrivespe\n|turn|5\n|\n|t:|1681933768\n|move|p2b: Dondozo|Protect|p2b: Dondozo\n|-singleturn|p2b: Dondozo|Protect\n|move|p1a: Iron Bundle|Freeze-Dry|p2b: Dondozo\n|-activate|p2b: Dondozo|move: Protect\n|move|p1b: Gyarados|Tera Blast|p2b: Dondozo\n|-activate|p2b: Dondozo|move: Protect\n|move|p2a: Garganacl|Salt Cure|p1a: Iron Bundle\n|-supereffective|p1a: Iron Bundle\n|-damage|p1a: Iron Bundle|82\/100\n|-start|p1a: Iron Bundle|Salt Cure\n|\n|-damage|p1a: Iron Bundle|57\/100|[from] Salt Cure\n|-damage|p1b: Gyarados|13\/100|[from] Salt Cure\n|upkeep\n|turn|6\n|\n|t:|1681933788\n|switch|p2b: Arcanine|Arcanine, L50, M|81\/100\n|-ability|p2b: Arcanine|Intimidate|boost\n|-unboost|p1a: Iron Bundle|atk|1\n|-unboost|p1b: Gyarados|atk|1\n|move|p2a: Garganacl|Protect|p2a: Garganacl\n|-singleturn|p2a: Garganacl|Protect\n|move|p1a: Iron Bundle|Encore||[still]\n|-fail|p1a: Iron Bundle\n|move|p1b: Gyarados|Waterfall|p2a: Garganacl\n|-activate|p2a: Garganacl|move: Protect\n|\n|-damage|p1a: Iron Bundle|32\/100|[from] Salt Cure\n|-damage|p1b: Gyarados|1\/100|[from] Salt Cure\n|upkeep\n|turn|7\n|\n|t:|1681933825\n|switch|p2a: Dondozo|Dondozo, L50, M|100\/100\n|move|p2b: Arcanine|Protect|p2b: Arcanine\n|-singleturn|p2b: Arcanine|Protect\n|move|p1a: Iron Bundle|Encore||[still]\n|-fail|p1a: Iron Bundle\n|move|p1b: Gyarados|Waterfall|p2b: Arcanine\n|-activate|p2b: Arcanine|move: Protect\n|\n|-damage|p1a: Iron Bundle|7\/100|[from] Salt Cure\n|-damage|p1b: Gyarados|0 fnt|[from] Salt Cure\n|faint|p1b: Gyarados\n|upkeep\n|-message|Lucawufflekinz forfeited.\n|\n|win|haha u rage quit\n|raw|Lucawufflekinz's rating: 1288 → 1259<\/strong> (-29 for losing)\n|raw|haha u rage quit's rating: 1234 → 1263<\/strong> (+29 for winning)\n|l|\u2606Lucawufflekinz\n","uploadtime":1681933851,"views":14,"p1id":"lucawufflekinz","p2id":"hahauragequit","formatid":"gen9vgc2023regulationc","rating":1259,"private":0,"password":""}