{"id":"gen9vgc2023regulationc-1856879496","p1":"hyija0910","p2":"vivalink","format":"[Gen 9] VGC 2023 Regulation C","log":"|j|\u2606hyija0910\n|j|\u2606vivalink\n|t:|1683122144\n|gametype|doubles\n|player|p1|hyija0910|265|1071\n|player|p2|vivalink|medium|1135\n|teamsize|p1|6\n|teamsize|p2|6\n|gen|9\n|tier|[Gen 9] VGC 2023 Regulation C\n|rated|\n|rule|Species Clause: Limit one of each Pok\u00e9mon\n|rule|Item Clause: Limit one of each item\n|clearpoke\n|poke|p1|Lycanroc-Dusk, L50, F|\n|poke|p1|Amoonguss, L50, M|\n|poke|p1|Sylveon, L50, F|\n|poke|p1|Medicham, L50, F|\n|poke|p1|Houndoom, L50, M|\n|poke|p1|Kingambit, L50, F|\n|poke|p2|Palafin, L50, F|\n|poke|p2|Flutter Mane, L50|\n|poke|p2|Arcanine, L50, M|\n|poke|p2|Ting-Lu, L50|\n|poke|p2|Amoonguss, L50, M|\n|poke|p2|Kingambit, L50, M|\n|teampreview|4\n|inactive|Battle timer is ON: inactive players will automatically lose when time's up. (requested by hyija0910)\nvivalink rejected open team sheets.\n|inactive|vivalink has 60 seconds left.\n|\n|t:|1683122200\n|start\n|switch|p1a: Amoonguss|Amoonguss, L50, M, shiny|100\/100\n|switch|p1b: Medicham|Medicham, L50, F, shiny|100\/100\n|switch|p2a: Palafin|Palafin, L50, F|100\/100\n|switch|p2b: Ting-Lu|Ting-Lu, L50|100\/100\n|-ability|p2b: Ting-Lu|Vessel of Ruin\n|turn|1\n|inactive|vivalink has 30 seconds left.\n|\n|t:|1683122231\n|detailschange|p2a: Palafin|Palafin-Hero, L50, F\n|switch|p2a: Arcanine|Arcanine, L50, M|100\/100\n|-ability|p2a: Arcanine|Intimidate|boost\n|-unboost|p1a: Amoonguss|atk|1\n|-unboost|p1b: Medicham|atk|1\n|-terastallize|p2b: Ting-Lu|Grass\n|move|p1b: Medicham|Fake Out|p2b: Ting-Lu\n|-damage|p2b: Ting-Lu|95\/100\n|cant|p2b: Ting-Lu|flinch\n|move|p1a: Amoonguss|Spore|p2a: Arcanine\n|-activate|p2a: Arcanine|item: Safety Goggles|Spore\n|\n|upkeep\n|turn|2\n|\n|t:|1683122255\n|move|p1b: Medicham|Reflect|p1b: Medicham\n|-sidestart|p1: hyija0910|Reflect\n|move|p2a: Arcanine|Will-O-Wisp|p1b: Medicham\n|-status|p1b: Medicham|brn\n|move|p2b: Ting-Lu|Ruination|p1a: Amoonguss\n|-damage|p1a: Amoonguss|51\/100\n|move|p1a: Amoonguss|Pollen Puff|p2b: Ting-Lu\n|-supereffective|p2b: Ting-Lu\n|-damage|p2b: Ting-Lu|81\/100\n|\n|-damage|p1b: Medicham|95\/100 brn|[from] brn\n|upkeep\n|turn|3\n|inactive|hyija0910 has 30 seconds left.\n|\n|t:|1683122283\n|switch|p1a: Houndoom|Houndoom, L50, M, shiny|100\/100\n|move|p1b: Medicham|Light Screen|p1b: Medicham\n|-sidestart|p1: hyija0910|move: Light Screen\n|move|p2a: Arcanine|Flare Blitz|p1a: Houndoom\n|-start|p1a: Houndoom|ability: Flash Fire\n|move|p2b: Ting-Lu|Ruination|p1b: Medicham\n|-damage|p1b: Medicham|48\/100 brn\n|\n|-damage|p1b: Medicham|42\/100 brn|[from] brn\n|upkeep\n|turn|4\n|inactive|hyija0910 has 30 seconds left.\n|\n|t:|1683122313\n|switch|p1b: Lycanroc|Lycanroc-Dusk, L50, F, shiny|100\/100\n|switch|p2b: Palafin|Palafin-Hero, L50, F|100\/100\n|-activate|p2b: Palafin|ability: Zero to Hero\n|move|p1a: Houndoom|Nasty Plot|p1a: Houndoom\n|-boost|p1a: Houndoom|spa|2\n|move|p2a: Arcanine|Howl|p2a: Arcanine|[spread] p2a,p2b\n|-boost|p2a: Arcanine|atk|1\n|-boost|p2b: Palafin|atk|1\n|\n|upkeep\n|turn|5\n|inactive|hyija0910 has 30 seconds left.\n|inactive|vivalink has 30 seconds left.\n|\n|t:|1683122341\n|-terastallize|p1a: Houndoom|Grass\n|move|p1b: Lycanroc|Accelerock|p2a: Arcanine\n|-supereffective|p2a: Arcanine\n|-crit|p2a: Arcanine\n|-damage|p2a: Arcanine|17\/100\n|move|p2b: Palafin|Jet Punch|p1a: Houndoom\n|-resisted|p1a: Houndoom\n|-damage|p1a: Houndoom|53\/100\n|move|p1a: Houndoom|Tera Blast|p2b: Palafin\n|-supereffective|p2b: Palafin\n|-damage|p2b: Palafin|0 fnt\n|faint|p2b: Palafin\n|-damage|p1a: Houndoom|43\/100|[from] item: Life Orb\n|move|p2a: Arcanine|Will-O-Wisp|p1b: Lycanroc|[miss]\n|-miss|p2a: Arcanine|p1b: Lycanroc\n|\n|upkeep\n|inactive|vivalink has 30 seconds left.\n|\n|t:|1683122373\n|switch|p2b: Ting-Lu|Ting-Lu, L50, tera:Grass|81\/100\n|-ability|p2b: Ting-Lu|Vessel of Ruin\n|turn|6\n|\n|t:|1683122388\n|switch|p2a: Amoonguss|Amoonguss, L50, M|100\/100\n|move|p1b: Lycanroc|Accelerock|p2a: Amoonguss\n|-damage|p2a: Amoonguss|79\/100\n|-damage|p1b: Lycanroc|84\/100|[from] item: Rocky Helmet|[of] p2a: Amoonguss\n|move|p1a: Houndoom|Overheat|p2b: Ting-Lu\n|-supereffective|p2b: Ting-Lu\n|-damage|p2b: Ting-Lu|0 fnt\n|-unboost|p1a: Houndoom|spa|2\n|faint|p2b: Ting-Lu\n|-damage|p1a: Houndoom|33\/100|[from] item: Life Orb\n|\n|upkeep\n|\n|t:|1683122402\n|switch|p2b: Arcanine|Arcanine, L50, M|17\/100\n|-ability|p2b: Arcanine|Intimidate|boost\n|-unboost|p1a: Houndoom|atk|1\n|-unboost|p1b: Lycanroc|atk|1\n|turn|7\n|\n|t:|1683122412\n|move|p2b: Arcanine|Extreme Speed|p1a: Houndoom\n|-damage|p1a: Houndoom|3\/100\n|move|p2a: Amoonguss|Rage Powder|p2a: Amoonguss\n|-singleturn|p2a: Amoonguss|move: Rage Powder\n|move|p1b: Lycanroc|Accelerock|p2a: Amoonguss\n|-damage|p2a: Amoonguss|65\/100\n|-damage|p1b: Lycanroc|67\/100|[from] item: Rocky Helmet|[of] p2a: Amoonguss\n|move|p1a: Houndoom|Overheat|p2a: Amoonguss\n|-supereffective|p2a: Amoonguss\n|-damage|p2a: Amoonguss|0 fnt\n|-unboost|p1a: Houndoom|spa|2\n|faint|p2a: Amoonguss\n|-damage|p1a: Houndoom|0 fnt|[from] item: Life Orb\n|faint|p1a: Houndoom\n|\n|upkeep\n|\n|t:|1683122427\n|switch|p1a: Medicham|Medicham, L50, F, shiny|42\/100 brn\n|turn|8\n|\n|t:|1683122437\n|move|p1a: Medicham|Fake Out|p2b: Arcanine\n|-damage|p2b: Arcanine|11\/100\n|cant|p2b: Arcanine|flinch\n|move|p1b: Lycanroc|Accelerock|p2b: Arcanine\n|-supereffective|p2b: Arcanine\n|-damage|p2b: Arcanine|0 fnt\n|faint|p2b: Arcanine\n|\n|win|hyija0910\n|raw|hyija0910's rating: 1071 → 1106<\/strong> (+35 for winning)\n|raw|vivalink's rating: 1135 → 1105<\/strong> (-30 for losing)\n","uploadtime":1683122450,"views":11,"p1id":"hyija0910","p2id":"vivalink","formatid":"gen9vgc2023regulationc","rating":1105,"private":0,"password":""}