{"id":"gen9vgc2023regulationc-1850838942","p1":"Verdas1128","p2":"Radio Free C-Side","format":"[Gen 9] VGC 2023 Regulation C","log":"|j|\u2606Verdas1128\n|j|\u2606Radio Free C-Side\n|t:|1682372981\n|gametype|doubles\n|player|p1|Verdas1128|caitlin|\n|player|p2|Radio Free C-Side|steven|\n|teamsize|p1|6\n|teamsize|p2|6\n|gen|9\n|tier|[Gen 9] VGC 2023 Regulation C\n|rated|Tournament battle\n|rule|Species Clause: Limit one of each Pok\u00e9mon\n|rule|Item Clause: Limit one of each item\n|clearpoke\n|poke|p1|Garchomp, L50, M|\n|poke|p1|Wo-Chien, L50|\n|poke|p1|Gyarados, L50, M|\n|poke|p1|Flutter Mane, L50|\n|poke|p1|Glimmora, L50, F|\n|poke|p1|Arcanine, L50, F|\n|poke|p2|Dragapult, L50, M|\n|poke|p2|Stantler, L50, F|\n|poke|p2|Kingambit, L50, M|\n|poke|p2|Hatterene, L50, F|\n|poke|p2|Indeedee-F, L50, F|\n|poke|p2|Iron Hands, L50|\n|teampreview|4\n|raw| Open Team Sheet for Verdas1128<\/summary>Garchomp @ Life Orb Ability: Rough Skin Level: 50 Tera Type: Fire - Dragon Claw - Earthquake - Stomping Tantrum - Protect Wo-Chien @ Leftovers Ability: Tablets of Ruin Level: 50 Tera Type: Poison - Knock Off - Pollen Puff - Leech Seed - Protect Gyarados @ Sitrus Berry Ability: Intimidate Level: 50 Tera Type: Steel - Waterfall - Thunder Wave - Taunt - Helping Hand Flutter Mane @ Focus Sash Ability: Protosynthesis Level: 50 Tera Type: Fairy - Shadow Ball - Moonblast - Dazzling Gleam - Protect Glimmora @ Assault Vest Ability: Toxic Debris Level: 50 Tera Type: Grass - Power Gem - Sludge Bomb - Earth Power - Mortal Spin Arcanine @ Safety Goggles Ability: Intimidate Level: 50 Tera Type: Flying - Flare Blitz - Will-O-Wisp - Howl - Extreme Speed <\/details><\/div> Open Team Sheet for Radio Free C-Side<\/summary>Dragapult @ Choice Band Ability: Clear Body Level: 50 Tera Type: Steel - Dragon Darts - Phantom Force - Tera Blast - Facade Stantler @ Eviolite Ability: Intimidate Level: 50 Tera Type: Ghost - Skill Swap - Trick Room - Bulldoze - Shadow Ball Kingambit @ Weakness Policy Ability: Defiant Level: 50 Tera Type: Flying - Tera Blast - Kowtow Cleave - Protect - Sucker Punch Hatterene (F) @ Life Orb Ability: Magic Bounce Level: 50 Tera Type: Fairy - Dazzling Gleam - Psyshock - Protect - Trick Room Indeedee (Indeedee-F) (F) @ Psychic Seed Ability: Psychic Surge Level: 50 Tera Type: Fairy - Trick Room - Follow Me - Helping Hand - Heal Pulse Iron Hands @ Safety Goggles Ability: Quark Drive Level: 50 Tera Type: Fire - Fake Out - Swords Dance - Drain Punch - Wild Charge <\/details><\/div>\n|c|\u2606Radio Free C-Side|glhf\n|c|\u2606Verdas1128|u2\n|inactive|Battle timer is ON: inactive players will automatically lose when time's up. (requested by Radio Free C-Side)\n|c|\u2606Radio Free C-Side|I did not mean to select this team\n|c|\u2606Radio Free C-Side|oops\n|\n|t:|1682373016\n|start\n|switch|p1a: Garchomp|Garchomp, L50, M|100\/100\n|switch|p1b: Wo-Chien|Wo-Chien, L50|100\/100\n|switch|p2a: Hatterene|Hatterene, L50, F|100\/100\n|switch|p2b: Indeedee|Indeedee-F, L50, F|100\/100\n|-fieldstart|move: Psychic Terrain|[from] ability: Psychic Surge|[of] p2b: Indeedee\n|-enditem|p2b: Indeedee|Psychic Seed\n|-boost|p2b: Indeedee|spd|1|[from] item: Psychic Seed\n|-ability|p1b: Wo-Chien|Tablets of Ruin\n|turn|1\n|\n|t:|1682373034\n|move|p2b: Indeedee|Follow Me|p2b: Indeedee\n|-singleturn|p2b: Indeedee|move: Follow Me\n|move|p1a: Garchomp|Earthquake|p2b: Indeedee|[spread] p1b,p2a,p2b\n|-resisted|p1b: Wo-Chien\n|-damage|p1b: Wo-Chien|86\/100\n|-damage|p2a: Hatterene|60\/100\n|-damage|p2b: Indeedee|67\/100\n|-damage|p1a: Garchomp|91\/100|[from] item: Life Orb\n|move|p1b: Wo-Chien|Knock Off|p2b: Indeedee\n|-supereffective|p2b: Indeedee\n|-damage|p2b: Indeedee|32\/100\n|move|p2a: Hatterene|Trick Room|p2a: Hatterene\n|-fieldstart|move: Trick Room|[of] p2a: Hatterene\n|\n|-heal|p1b: Wo-Chien|93\/100|[from] item: Leftovers\n|upkeep\n|turn|2\n|\n|t:|1682373052\n|-terastallize|p2a: Hatterene|Fairy\n|-terastallize|p1a: Garchomp|Fire\n|move|p2b: Indeedee|Helping Hand|p2a: Hatterene\n|-singleturn|p2a: Hatterene|Helping Hand|[of] p2b: Indeedee\n|move|p1b: Wo-Chien|Protect|p1b: Wo-Chien\n|-singleturn|p1b: Wo-Chien|Protect\n|move|p2a: Hatterene|Dazzling Gleam|p1a: Garchomp|[spread] p1a\n|-activate|p1b: Wo-Chien|move: Protect\n|-resisted|p1a: Garchomp\n|-damage|p1a: Garchomp|37\/100\n|-damage|p2a: Hatterene|50\/100|[from] item: Life Orb\n|move|p1a: Garchomp|Earthquake|p2a: Hatterene|[spread] p2a,p2b\n|-activate|p1b: Wo-Chien|move: Protect\n|-damage|p2a: Hatterene|9\/100\n|-damage|p2b: Indeedee|0 fnt\n|faint|p2b: Indeedee\n|-damage|p1a: Garchomp|27\/100|[from] item: Life Orb\n|\n|-heal|p1b: Wo-Chien|99\/100|[from] item: Leftovers\n|upkeep\n|\n|t:|1682373069\n|switch|p2b: Iron Hands|Iron Hands, L50|100\/100\n|turn|3\n|\n|t:|1682373073\n|switch|p1b: Arcanine|Arcanine, L50, F|100\/100\n|-ability|p1b: Arcanine|Intimidate|boost\n|-unboost|p2a: Hatterene|atk|1\n|-unboost|p2b: Iron Hands|atk|1\n|move|p1a: Garchomp|Protect|p1a: Garchomp\n|-singleturn|p1a: Garchomp|Protect\n|move|p2a: Hatterene|Dazzling Gleam|p1a: Garchomp|[spread] p1b\n|-activate|p1a: Garchomp|move: Protect\n|-resisted|p1b: Arcanine\n|-damage|p1b: Arcanine|71\/100\n|-damage|p2a: Hatterene|0 fnt|[from] item: Life Orb\n|faint|p2a: Hatterene\n|move|p2b: Iron Hands|Swords Dance|p2b: Iron Hands\n|-boost|p2b: Iron Hands|atk|2\n|\n|upkeep\n|\n|t:|1682373079\n|switch|p2a: Kingambit|Kingambit, L50, M|100\/100\n|turn|4\n|\n|t:|1682373088\n|switch|p1b: Wo-Chien|Wo-Chien, L50|99\/100\n|-ability|p1b: Wo-Chien|Tablets of Ruin\n|move|p2a: Kingambit|Kowtow Cleave|p1a: Garchomp\n|-damage|p1a: Garchomp|0 fnt\n|-damage|p2a: Kingambit|88\/100|[from] ability: Rough Skin|[of] p1a: Garchomp\n|faint|p1a: Garchomp\n|move|p2b: Iron Hands|Drain Punch|p1b: Wo-Chien\n|-supereffective|p1b: Wo-Chien\n|-damage|p1b: Wo-Chien|14\/100\n|\n|-heal|p1b: Wo-Chien|20\/100|[from] item: Leftovers\n|upkeep\n|\n|t:|1682373097\n|switch|p1a: Flutter Mane|Flutter Mane, L50|100\/100\n|turn|5\n|\n|t:|1682373106\n|move|p1a: Flutter Mane|Protect|p1a: Flutter Mane\n|-singleturn|p1a: Flutter Mane|Protect\n|move|p2a: Kingambit|Kowtow Cleave|p1a: Flutter Mane\n|-activate|p1a: Flutter Mane|move: Protect\n|move|p2b: Iron Hands|Wild Charge|p1a: Flutter Mane\n|-activate|p1a: Flutter Mane|move: Protect\n|move|p1b: Wo-Chien|Leech Seed|p2a: Kingambit\n|-start|p2a: Kingambit|move: Leech Seed\n|\n|-heal|p1b: Wo-Chien|26\/100|[from] item: Leftovers\n|-damage|p2a: Kingambit|76\/100|[from] Leech Seed|[of] p1b: Wo-Chien\n|-heal|p1b: Wo-Chien|39\/100|[silent]\n|-fieldend|move: Trick Room\n|-fieldend|move: Psychic Terrain\n|upkeep\n|turn|6\n|inactive|Radio Free C-Side has 30 seconds left.\n|\n|t:|1682373139\n|move|p1a: Flutter Mane|Dazzling Gleam|p2b: Iron Hands|[spread] p2a,p2b\n|-supereffective|p2b: Iron Hands\n|-damage|p2a: Kingambit|47\/100\n|-damage|p2b: Iron Hands|48\/100\n|move|p1b: Wo-Chien|Pollen Puff|p1a: Flutter Mane\n|-immune|p1a: Flutter Mane\n|move|p2b: Iron Hands|Wild Charge|p1a: Flutter Mane\n|-enditem|p1a: Flutter Mane|Focus Sash\n|-damage|p1a: Flutter Mane|1\/100\n|-damage|p2b: Iron Hands|34\/100|[from] Recoil\n|move|p2a: Kingambit|Kowtow Cleave|p1a: Flutter Mane\n|-damage|p1a: Flutter Mane|0 fnt\n|faint|p1a: Flutter Mane\n|-end|p1a: Flutter Mane|Protosynthesis|[silent]\n|\n|-heal|p1b: Wo-Chien|45\/100|[from] item: Leftovers\n|-damage|p2a: Kingambit|35\/100|[from] Leech Seed|[of] p1b: Wo-Chien\n|-heal|p1b: Wo-Chien|58\/100|[silent]\n|upkeep\n|\n|t:|1682373146\n|switch|p1a: Arcanine|Arcanine, L50, F|71\/100\n|-ability|p1a: Arcanine|Intimidate|boost\n|-unboost|p2a: Kingambit|atk|1\n|-ability|p2a: Kingambit|Defiant|boost\n|-boost|p2a: Kingambit|atk|2\n|-unboost|p2b: Iron Hands|atk|1\n|turn|7\n|\n|t:|1682373159\n|move|p1a: Arcanine|Flare Blitz|p2b: Iron Hands\n|-damage|p2b: Iron Hands|3\/100\n|-damage|p1a: Arcanine|59\/100|[from] Recoil\n|move|p1b: Wo-Chien|Pollen Puff|p1a: Arcanine\n|-heal|p1a: Arcanine|100\/100\n|move|p2b: Iron Hands|Drain Punch|p1b: Wo-Chien\n|-supereffective|p1b: Wo-Chien\n|-damage|p1b: Wo-Chien|1\/100\n|-heal|p2b: Iron Hands|27\/100|[from] drain|[of] p1b: Wo-Chien\n|move|p2a: Kingambit|Kowtow Cleave|p1a: Arcanine\n|-damage|p1a: Arcanine|44\/100\n|\n|-heal|p1b: Wo-Chien|7\/100|[from] item: Leftovers\n|-damage|p2a: Kingambit|23\/100|[from] Leech Seed|[of] p1b: Wo-Chien\n|-heal|p1b: Wo-Chien|20\/100|[silent]\n|upkeep\n|turn|8\n|inactive|Verdas1128 has 30 seconds left.\n|\n|t:|1682373190\n|move|p1a: Arcanine|Will-O-Wisp|p2b: Iron Hands\n|-status|p2b: Iron Hands|brn\n|move|p1b: Wo-Chien|Pollen Puff|p1a: Arcanine\n|-heal|p1a: Arcanine|93\/100\n|move|p2b: Iron Hands|Drain Punch|p1b: Wo-Chien\n|-supereffective|p1b: Wo-Chien\n|-damage|p1b: Wo-Chien|0 fnt\n|-heal|p2b: Iron Hands|35\/100 brn|[from] drain|[of] p1b: Wo-Chien\n|faint|p1b: Wo-Chien\n|move|p2a: Kingambit|Kowtow Cleave|p1a: Arcanine\n|-damage|p1a: Arcanine|16\/100\n|\n|-damage|p2b: Iron Hands|29\/100 brn|[from] brn\n|upkeep\n|turn|9\n|\n|t:|1682373205\n|move|p1a: Arcanine|Flare Blitz|p2a: Kingambit\n|-supereffective|p2a: Kingambit\n|-damage|p2a: Kingambit|0 fnt\n|faint|p2a: Kingambit\n|-damage|p1a: Arcanine|8\/100|[from] Recoil\n|move|p2b: Iron Hands|Wild Charge|p1a: Arcanine\n|-damage|p1a: Arcanine|0 fnt\n|faint|p1a: Arcanine\n|-damage|p2b: Iron Hands|27\/100 brn|[from] Recoil\n|\n|win|Radio Free C-Side\n|n|\u2606Verdas1128|verdas1128\n|n|\u2606Radio Free C-Side|radiofreecside\n","uploadtime":1682373208,"views":8,"p1id":"verdas1128","p2id":"radiofreecside","formatid":"gen9vgc2023regulationc","rating":0,"private":0,"password":""}