{"id":"gen9vgc2023regulationc-1859645124","p1":"R3d_VGC","p2":"MasteriusL","format":"[Gen 9] VGC 2023 Regulation C","log":"|j|\u2606R3d_VGC\n|j|\u2606MasteriusL\n|t:|1683552239\n|gametype|doubles\n|player|p1|R3d_VGC|lance|1466\n|player|p2|MasteriusL|n|1413\n|teamsize|p1|6\n|teamsize|p2|6\n|gen|9\n|tier|[Gen 9] VGC 2023 Regulation C\n|rated|\n|rule|Species Clause: Limit one of each Pok\u00e9mon\n|rule|Item Clause: Limit one of each item\n|clearpoke\n|poke|p1|Ting-Lu, L50|\n|poke|p1|Palafin, L50, M|\n|poke|p1|Arcanine, L50, M|\n|poke|p1|Chien-Pao, L50|\n|poke|p1|Gholdengo, L50|\n|poke|p1|Amoonguss, L50, F|\n|poke|p2|Sableye, L50, M|\n|poke|p2|Flutter Mane, L50|\n|poke|p2|Chien-Pao, L50|\n|poke|p2|Dragonite, L50, M|\n|poke|p2|Arcanine, L50, F|\n|poke|p2|Great Tusk, L50|\n|teampreview|4\n|inactive|Battle timer is ON: inactive players will automatically lose when time's up. (requested by MasteriusL)\nR3d_VGC has agreed to open team sheets.\n|\n|t:|1683552261\n|start\n|switch|p1a: Lidl Inci|Arcanine, L50, M|100\/100\n|switch|p1b: Toshinori|Palafin, L50, M|100\/100\n|switch|p2a: Chien-Pao|Chien-Pao, L50|100\/100\n|switch|p2b: Dragonite|Dragonite, L50, M|100\/100\n|-ability|p2a: Chien-Pao|Sword of Ruin\n|-ability|p1a: Lidl Inci|Intimidate|boost\n|-unboost|p2a: Chien-Pao|atk|1\n|-fail|p2b: Dragonite|unboost|Attack|[from] ability: Inner Focus|[of] p2b: Dragonite\n|turn|1\n|\n|t:|1683552270\n|detailschange|p1b: Toshinori|Palafin-Hero, L50, M\n|switch|p1b: Cervaso|Ting-Lu, L50|100\/100\n|-ability|p1b: Cervaso|Vessel of Ruin\n|-terastallize|p2b: Dragonite|Normal\n|move|p2b: Dragonite|Extreme Speed|p1a: Lidl Inci\n|-damage|p1a: Lidl Inci|0 fnt\n|faint|p1a: Lidl Inci\n|move|p2a: Chien-Pao|Ice Spinner|p1b: Cervaso\n|-supereffective|p1b: Cervaso\n|-damage|p1b: Cervaso|65\/100\n|\n|upkeep\n|\n|t:|1683552285\n|switch|p1a: Toshinori|Palafin-Hero, L50, M|100\/100\n|-activate|p1a: Toshinori|ability: Zero to Hero\n|turn|2\n|\n|t:|1683552290\n|move|p1a: Toshinori|Protect|p1a: Toshinori\n|-singleturn|p1a: Toshinori|Protect\n|move|p2b: Dragonite|Extreme Speed|p1a: Toshinori\n|-activate|p1a: Toshinori|move: Protect\n|move|p2a: Chien-Pao|Sacred Sword|p1a: Toshinori\n|-activate|p1a: Toshinori|move: Protect\n|move|p1b: Cervaso|Ruination|p2b: Dragonite\n|-damage|p2b: Dragonite|51\/100\n|\n|upkeep\n|turn|3\n|\n|t:|1683552305\n|-terastallize|p1a: Toshinori|Water\n|move|p2b: Dragonite|Extreme Speed|p1a: Toshinori\n|-damage|p1a: Toshinori|16\/100\n|move|p1a: Toshinori|Jet Punch|p2b: Dragonite\n|-damage|p2b: Dragonite|0 fnt\n|faint|p2b: Dragonite\n|move|p2a: Chien-Pao|Sacred Sword|p1b: Cervaso\n|-supereffective|p1b: Cervaso\n|-damage|p1b: Cervaso|39\/100\n|move|p1b: Cervaso|Rock Tomb|p2a: Chien-Pao\n|-supereffective|p2a: Chien-Pao\n|-damage|p2a: Chien-Pao|48\/100\n|-unboost|p2a: Chien-Pao|spe|1\n|\n|upkeep\n|\n|t:|1683552317\n|switch|p2b: Flutter Mane|Flutter Mane, L50, shiny|100\/100\n|turn|4\n|\n|t:|1683552326\n|move|p1a: Toshinori|Protect|p1a: Toshinori\n|-singleturn|p1a: Toshinori|Protect\n|move|p2b: Flutter Mane|Dazzling Gleam|p1a: Toshinori|[spread] p1b\n|-activate|p1a: Toshinori|move: Protect\n|-supereffective|p1b: Cervaso\n|-damage|p1b: Cervaso|0 fnt\n|faint|p1b: Cervaso\n|move|p2a: Chien-Pao|Ice Spinner|p1a: Toshinori\n|-activate|p1a: Toshinori|move: Protect\n|\n|upkeep\n|\n|t:|1683552330\n|switch|p1b: Gengivite|Chien-Pao, L50|100\/100\n|-ability|p1b: Gengivite|Sword of Ruin\n|turn|5\n|\n|t:|1683552338\n|move|p1b: Gengivite|Sucker Punch|p2b: Flutter Mane\n|-damage|p2b: Flutter Mane|0 fnt\n|faint|p2b: Flutter Mane\n|-end|p2b: Flutter Mane|Protosynthesis|[silent]\n|-damage|p1b: Gengivite|91\/100|[from] item: Life Orb\n|move|p1a: Toshinori|Jet Punch|p2a: Chien-Pao\n|-damage|p2a: Chien-Pao|0 fnt\n|faint|p2a: Chien-Pao\n|\n|upkeep\n|\n|t:|1683552345\n|switch|p2a: Great Tusk|Great Tusk, L50, shiny|100\/100\n|turn|6\n|\n|t:|1683552349\n|move|p1a: Toshinori|Jet Punch|p2a: Great Tusk\n|-supereffective|p2a: Great Tusk\n|-damage|p2a: Great Tusk|0 fnt\n|faint|p2a: Great Tusk\n|-end|p2a: Great Tusk|Protosynthesis|[silent]\n|\n|win|R3d_VGC\n|raw|R3d_VGC's rating: 1466 → 1483<\/strong> (+17 for winning)\n|raw|MasteriusL's rating: 1413 → 1396<\/strong> (-17 for losing)\n|c|\u2606R3d_VGC|gg\n|l|\u2606MasteriusL\n","uploadtime":1683552368,"views":7,"p1id":"r3dvgc","p2id":"masteriusl","formatid":"gen9vgc2023regulationc","rating":1396,"private":0,"password":""}