{"id":"gen9vgc2023regulationc-1863838730","p1":"azulite_poke","p2":"tang justin","format":"[Gen 9] VGC 2023 Regulation C","log":"|j|\u2606azulite_poke\n|j|\u2606tang justin\n|t:|1684083891\n|gametype|doubles\n|player|p1|azulite_poke|palmer|\n|player|p2|tang justin|caitlin|\n|teamsize|p1|6\n|teamsize|p2|6\n|gen|9\n|tier|[Gen 9] VGC 2023 Regulation C\n|rule|Species Clause: Limit one of each Pok\u00e9mon\n|rule|Item Clause: Limit one of each item\n|clearpoke\n|poke|p1|Iron Bundle, L50|\n|poke|p1|Dragonite, L50, M|\n|poke|p1|Kingambit, L50, F|\n|poke|p1|Flutter Mane, L50|\n|poke|p1|Abomasnow, L50, F|\n|poke|p1|Great Tusk, L50|\n|poke|p2|Ting-Lu, L50|\n|poke|p2|Dragonite, L50, F|\n|poke|p2|Dondozo, L50, M|\n|poke|p2|Chien-Pao, L50|\n|poke|p2|Tatsugiri-Stretchy, L50, M|\n|poke|p2|Glimmora, L50, F|\n|teampreview|4\n|c|\u2606azulite_poke|g1\nazulite_poke has agreed to open team sheets.\ntang justin has agreed to open team sheets.\n|j| baaaaat_\n|j|+Zelda\n|j| Yoshiandlugia\n|c|+Zelda|go justin tang\n|c| baaaaat_|make games public pls\n|c|\u2606azulite_poke|@neil\n|c|\u2606tang justin|what do I type\n|c|\u2606tang justin|sry\n|c| baaaaat_|,\/public room\n|c|\u2606tang justin|\/log tang justin made this room public.\n|j| Orangex733\n|j| Jooniethebest\n|l| Jooniethebest\n|j| Deemo Hyouryou\n|j| Jooniethebest\n|\n|t:|1684084122\n|start\n|switch|p1a: Iron Bundle|Iron Bundle, L50|100\/100\n|switch|p1b: Abomasnow|Abomasnow, L50, F|100\/100\n|switch|p2a: Dondozo|Dondozo, L50, M|100\/100\n|switch|p2b: Ting-Lu|Ting-Lu, L50|100\/100\n|-weather|Snow|[from] ability: Snow Warning|[of] p1b: Abomasnow\n|-ability|p2b: Ting-Lu|Vessel of Ruin\n|turn|1\n|\n|t:|1684084130\n|-terastallize|p2b: Ting-Lu|Fairy\n|move|p1a: Iron Bundle|Blizzard|p2a: Dondozo|[spread] p2a,p2b\n|-resisted|p2a: Dondozo\n|-damage|p2a: Dondozo|80\/100\n|-damage|p2b: Ting-Lu|74\/100\n|move|p1b: Abomasnow|Aurora Veil|p1b: Abomasnow\n|-sidestart|p1: azulite_poke|move: Aurora Veil\n|move|p2b: Ting-Lu|Stealth Rock|p1b: Abomasnow\n|-sidestart|p1: azulite_poke|move: Stealth Rock\n|move|p2a: Dondozo|Yawn|p1a: Iron Bundle\n|-start|p1a: Iron Bundle|move: Yawn|[of] p2a: Dondozo\n|\n|-weather|Snow|[upkeep]\n|-heal|p2a: Dondozo|86\/100|[from] item: Leftovers\n|upkeep\n|turn|2\n|j| UberVylit\n|\n|t:|1684084177\n|move|p2a: Dondozo|Protect|p2a: Dondozo\n|-singleturn|p2a: Dondozo|Protect\n|move|p1a: Iron Bundle|Blizzard|p2b: Ting-Lu|[spread] p2b\n|-activate|p2a: Dondozo|move: Protect\n|-damage|p2b: Ting-Lu|50\/100\n|move|p1b: Abomasnow|Blizzard|p2b: Ting-Lu|[spread] p2b\n|-activate|p2a: Dondozo|move: Protect\n|-damage|p2b: Ting-Lu|34\/100\n|move|p2b: Ting-Lu|Ruination|p1b: Abomasnow\n|-damage|p1b: Abomasnow|50\/100\n|\n|-weather|Snow|[upkeep]\n|-heal|p2a: Dondozo|92\/100|[from] item: Leftovers\n|-end|p1a: Iron Bundle|move: Yawn|[silent]\n|-status|p1a: Iron Bundle|slp\n|upkeep\n|turn|3\n|j| sempr9\n|\n|t:|1684084194\n|cant|p1a: Iron Bundle|slp\n|move|p1b: Abomasnow|Leaf Storm|p2a: Dondozo\n|-supereffective|p2a: Dondozo\n|-damage|p2a: Dondozo|24\/100\n|-unboost|p1b: Abomasnow|spa|2\n|move|p2b: Ting-Lu|Ruination|p1a: Iron Bundle\n|-damage|p1a: Iron Bundle|50\/100 slp\n|move|p2a: Dondozo|Yawn|p1b: Abomasnow\n|-start|p1b: Abomasnow|move: Yawn|[of] p2a: Dondozo\n|\n|-weather|Snow|[upkeep]\n|-heal|p2a: Dondozo|30\/100|[from] item: Leftovers\n|upkeep\n|turn|4\n|\n|t:|1684084211\n|switch|p1b: Kingambit|Kingambit, L50, F|100\/100\n|-damage|p1b: Kingambit|95\/100|[from] Stealth Rock\n|move|p2a: Dondozo|Protect|p2a: Dondozo\n|-singleturn|p2a: Dondozo|Protect\n|cant|p1a: Iron Bundle|slp\n|move|p2b: Ting-Lu|Earthquake|p1b: Kingambit|[spread] p1a,p1b\n|-activate|p2a: Dondozo|move: Protect\n|-supereffective|p1b: Kingambit\n|-damage|p1a: Iron Bundle|35\/100 slp\n|-damage|p1b: Kingambit|67\/100\n|\n|-weather|Snow|[upkeep]\n|-heal|p2a: Dondozo|36\/100|[from] item: Leftovers\n|upkeep\n|turn|5\n|\n|t:|1684084240\n|-curestatus|p1a: Iron Bundle|slp|[msg]\n|move|p1a: Iron Bundle|Blizzard|p2b: Ting-Lu|[spread] p2a,p2b\n|-resisted|p2a: Dondozo\n|-damage|p2a: Dondozo|16\/100\n|-damage|p2b: Ting-Lu|5\/100\n|move|p1b: Kingambit|Kowtow Cleave|p2a: Dondozo\n|-damage|p2a: Dondozo|0 fnt\n|faint|p2a: Dondozo\n|move|p2b: Ting-Lu|Ruination|p1b: Kingambit\n|-damage|p1b: Kingambit|34\/100\n|\n|-weather|none\n|-sideend|p1: azulite_poke|move: Aurora Veil\n|upkeep\n|\n|t:|1684084248\n|switch|p2a: Chien-Pao|Chien-Pao, L50|100\/100\n|-ability|p2a: Chien-Pao|Sword of Ruin\n|turn|6\n|\n|t:|1684084276\n|-end|p1a: Iron Bundle|Quark Drive|[silent]\n|switch|p1a: Abomasnow|Abomasnow, L50, F|50\/100\n|-damage|p1a: Abomasnow|26\/100|[from] Stealth Rock\n|-weather|Snow|[from] ability: Snow Warning|[of] p1a: Abomasnow\n|move|p2a: Chien-Pao|Protect|p2a: Chien-Pao\n|-singleturn|p2a: Chien-Pao|Protect\n|move|p1b: Kingambit|Low Kick|p2a: Chien-Pao\n|-activate|p2a: Chien-Pao|move: Protect\n|move|p2b: Ting-Lu|Earthquake|p1b: Kingambit|[spread] p1a,p1b\n|-activate|p2a: Chien-Pao|move: Protect\n|-resisted|p1a: Abomasnow\n|-supereffective|p1b: Kingambit\n|-damage|p1a: Abomasnow|11\/100\n|-damage|p1b: Kingambit|0 fnt\n|faint|p1b: Kingambit\n|\n|-weather|Snow|[upkeep]\n|upkeep\n|\n|t:|1684084290\n|switch|p1b: Flutter Mane|Flutter Mane, L50|100\/100\n|-damage|p1b: Flutter Mane|88\/100|[from] Stealth Rock\n|-enditem|p1b: Flutter Mane|Booster Energy\n|-activate|p1b: Flutter Mane|ability: Protosynthesis|[fromitem]\n|-start|p1b: Flutter Mane|protosynthesisspe\n|turn|7\n|j| TabuVGC\n|\n|t:|1684084312\n|move|p1b: Flutter Mane|Dazzling Gleam|p2b: Ting-Lu|[spread] p2a,p2b\n|-supereffective|p2a: Chien-Pao\n|-damage|p2a: Chien-Pao|30\/100\n|-damage|p2b: Ting-Lu|0 fnt\n|faint|p2b: Ting-Lu\n|move|p2a: Chien-Pao|Ice Spinner|p1b: Flutter Mane\n|-damage|p1b: Flutter Mane|0 fnt\n|faint|p1b: Flutter Mane\n|-end|p1b: Flutter Mane|Protosynthesis|[silent]\n|move|p1a: Abomasnow|Leaf Storm|p2a: Chien-Pao\n|-damage|p2a: Chien-Pao|0 fnt\n|-unboost|p1a: Abomasnow|spa|2\n|faint|p2a: Chien-Pao\n|\n|-weather|Snow|[upkeep]\n|upkeep\n|\n|t:|1684084322\n|switch|p1b: Iron Bundle|Iron Bundle, L50|35\/100\n|switch|p2b: Glimmora|Glimmora, L50, F|100\/100\n|-damage|p1b: Iron Bundle|10\/100|[from] Stealth Rock\n|turn|8\n|l| Orangex733\n|\n|t:|1684084340\n|-terastallize|p1b: Iron Bundle|Ice\n|move|p1a: Abomasnow|Helping Hand|p1b: Iron Bundle\n|-singleturn|p1b: Iron Bundle|Helping Hand|[of] p1a: Abomasnow\n|move|p1b: Iron Bundle|Blizzard|p2b: Glimmora\n|-damage|p2b: Glimmora|0 fnt\n|faint|p2b: Glimmora\n|\n|win|azulite_poke\n|c|\u2606tang justin|gg\n|j| JMOdri\n|j| theyummybagel\n|l| Jooniethebest\n|l|\u2606azulite_poke\n|j| Sratsym\n|l|+Zelda\n|j| Jooniethebest\n|l| Jooniethebest\n|j| Pokemon19385\n|l| Pokemon19385\n|j| Pokemon19385\n|l| Pokemon19385\n|j| Pokemon19385\n|j| Orangex733\n|l| Pokemon19385\n|l| sempr9\n|j| pokeway96\n|l| Orangex733\n|l| pokeway96\n|l| TabuVGC\n|l| Yoshiandlugia\n|l| Deemo Hyouryou\n|l| UberVylit\n|l| JMOdri\n|j|+Eeveon7\u2764\n|l|+Eeveon7\u2764\n|j| xaria eb\n|l| xaria eb\n|j| mausdnite\n|l| mausdnite\n|l| theyummybagel\n|l| baaaaat_\n|l|\u2606tang justin\n|l| Sratsym\n|j| Nosnort\n|l| Nosnort\n|j| JayVGC YT\n","uploadtime":1684084408,"views":23,"p1id":"azulitepoke","p2id":"tangjustin","formatid":"gen9vgc2023regulationc","rating":0,"private":0,"password":""}