{"id":"gen9vgc2023regulationc-1853155288","p1":"AnemoneGlitch","p2":"EverCoop","format":"[Gen 9] VGC 2023 Regulation C","log":"|j|\u2606AnemoneGlitch\n|j|\u2606EverCoop\n|t:|1682641929\n|gametype|doubles\n|player|p1|AnemoneGlitch|1|1564\n|player|p2|EverCoop|blue-gen1rbchampion|1537\n|teamsize|p1|6\n|teamsize|p2|6\n|gen|9\n|tier|[Gen 9] VGC 2023 Regulation C\n|rated|\n|rule|Species Clause: Limit one of each Pok\u00e9mon\n|rule|Item Clause: Limit one of each item\n|clearpoke\n|poke|p1|Orthworm, L50, F|\n|poke|p1|Dragonite, L50, F|\n|poke|p1|Ting-Lu, L50|\n|poke|p1|Gyarados, L50, M|\n|poke|p1|Flutter Mane, L50|\n|poke|p1|Amoonguss, L50, F|\n|poke|p2|Dragonite, L50, F|\n|poke|p2|Chien-Pao, L50|\n|poke|p2|Orthworm, L50, F|\n|poke|p2|Iron Moth, L50|\n|poke|p2|Rotom-Wash, L50|\n|poke|p2|Corviknight, L50, F|\n|teampreview|4\n|inactive|Battle timer is ON: inactive players will automatically lose when time's up. (requested by EverCoop)\n|inactive|AnemoneGlitch has 60 seconds left.\n|\n|t:|1682641961\n|start\n|switch|p1a: Orthworm|Orthworm, L50, F|100\/100\n|switch|p1b: Ting-Lu|Ting-Lu, L50|100\/100\n|switch|p2a: Iron Moth|Iron Moth, L50|100\/100\n|switch|p2b: Rotom|Rotom-Wash, L50|100\/100\n|-ability|p1b: Ting-Lu|Vessel of Ruin\n|-enditem|p2a: Iron Moth|Booster Energy\n|-activate|p2a: Iron Moth|ability: Quark Drive|[fromitem]\n|-start|p2a: Iron Moth|quarkdrivespa\n|turn|1\n|j| carlospvn\n|j| Winnethepooh\n|inactive|AnemoneGlitch has 30 seconds left.\n|inactive|EverCoop has 30 seconds left.\n|inactive|AnemoneGlitch has 20 seconds left.\n|inactive|EverCoop has 20 seconds left.\n|inactive|AnemoneGlitch has 15 seconds left.\n|inactive|EverCoop has 15 seconds left.\n|\n|t:|1682642005\n|-terastallize|p2a: Iron Moth|Water\n|move|p2a: Iron Moth|Energy Ball|p1b: Ting-Lu\n|-supereffective|p1b: Ting-Lu\n|-damage|p1b: Ting-Lu|49\/100\n|move|p2b: Rotom|Hydro Pump|p1a: Orthworm|[miss]\n|-miss|p2b: Rotom|p1a: Orthworm\n|move|p1b: Ting-Lu|Rock Slide|p2b: Rotom|[spread] p2a,p2b\n|-damage|p2a: Iron Moth|60\/100\n|-damage|p2b: Rotom|75\/100\n|move|p1a: Orthworm|Shed Tail|p1a: Orthworm\n|-start|p1a: Orthworm|Substitute|[from] move: Shed Tail\n|-damage|p1a: Orthworm|50\/100\n|-enditem|p1a: Orthworm|Sitrus Berry|[eat]\n|-heal|p1a: Orthworm|75\/100|[from] item: Sitrus Berry\n|\n|t:|1682642026\n|switch|p1a: Flutter Mane|Flutter Mane, L50|100\/100|[from] Shed Tail\n|-enditem|p1a: Flutter Mane|Booster Energy\n|-activate|p1a: Flutter Mane|ability: Protosynthesis|[fromitem]\n|-start|p1a: Flutter Mane|protosynthesisspa\n|\n|upkeep\n|turn|2\n|\n|t:|1682642044\n|switch|p1b: Orthworm|Orthworm, L50, F|75\/100\n|-terastallize|p1a: Flutter Mane|Fairy\n|move|p2a: Iron Moth|Protect|p2a: Iron Moth\n|-singleturn|p2a: Iron Moth|Protect\n|move|p1a: Flutter Mane|Dazzling Gleam|p2a: Iron Moth|[spread] p2b\n|-activate|p2a: Iron Moth|move: Protect\n|-damage|p2b: Rotom|16\/100\n|move|p2b: Rotom|Hydro Pump|p1b: Orthworm\n|-damage|p1b: Orthworm|14\/100\n|\n|upkeep\n|turn|3\n|inactive|AnemoneGlitch has 30 seconds left.\n|inactive|EverCoop has 30 seconds left.\n|inactive|EverCoop has 20 seconds left.\n|\n|t:|1682642079\n|move|p2b: Rotom|Protect|p2b: Rotom\n|-singleturn|p2b: Rotom|Protect\n|move|p1a: Flutter Mane|Dazzling Gleam|p2a: Iron Moth|[spread] p2a\n|-activate|p2b: Rotom|move: Protect\n|-damage|p2a: Iron Moth|0 fnt\n|faint|p2a: Iron Moth\n|-end|p2a: Iron Moth|Quark Drive|[silent]\n|move|p1b: Orthworm|Body Press|p2b: Rotom\n|-activate|p2b: Rotom|move: Protect\n|\n|upkeep\n|\n|t:|1682642087\n|switch|p2a: Orthworm|Orthworm, L50, F|100\/100\n|turn|4\n|\n|t:|1682642102\n|move|p1a: Flutter Mane|Dazzling Gleam|p2b: Rotom|[spread] p2a,p2b\n|-resisted|p2a: Orthworm\n|-damage|p2a: Orthworm|67\/100\n|-damage|p2b: Rotom|0 fnt\n|faint|p2b: Rotom\n|move|p2a: Orthworm|Shed Tail|p2a: Orthworm\n|-start|p2a: Orthworm|Substitute|[from] move: Shed Tail\n|-damage|p2a: Orthworm|17\/100\n|-enditem|p2a: Orthworm|Sitrus Berry|[eat]\n|-heal|p2a: Orthworm|42\/100|[from] item: Sitrus Berry\n|\n|t:|1682642111\n|switch|p2a: Dragonite|Dragonite, L50, F|100\/100|[from] Shed Tail\n|move|p1b: Orthworm|Body Press|p2a: Dragonite\n|-resisted|p2a: Dragonite\n|-activate|p2a: Dragonite|move: Substitute|[damage]\n|\n|upkeep\n|\n|t:|1682642117\n|switch|p2b: Orthworm|Orthworm, L50, F|42\/100\n|turn|5\n|\n|t:|1682642142\n|move|p1a: Flutter Mane|Shadow Ball|p2b: Orthworm\n|-damage|p2b: Orthworm|0 fnt\n|faint|p2b: Orthworm\n|move|p2a: Dragonite|Dragon Claw|p1b: Orthworm\n|-resisted|p1b: Orthworm\n|-damage|p1b: Orthworm|0 fnt\n|faint|p1b: Orthworm\n|\n|upkeep\n|\n|t:|1682642155\n|switch|p1b: Ting-Lu|Ting-Lu, L50|49\/100\n|-ability|p1b: Ting-Lu|Vessel of Ruin\n|turn|6\n|-message|EverCoop forfeited.\n|\n|win|AnemoneGlitch\n|raw|AnemoneGlitch's rating: 1564 → 1582<\/strong> (+18 for winning)\n|raw|EverCoop's rating: 1537 → 1519<\/strong> (-18 for losing)\n|l|\u2606EverCoop\n|l|\u2606AnemoneGlitch\n|l| Winnethepooh\n|j| Winnethepooh\n","uploadtime":1682642381,"views":6,"p1id":"anemoneglitch","p2id":"evercoop","formatid":"gen9vgc2023regulationc","rating":1519,"private":0,"password":""}