{"id":"gen9vgc2023regulationc-1854700886","p1":"ChorusFruitFarmer","p2":"yohjek","format":"[Gen 9] VGC 2023 Regulation C","log":"|j|\u2606ChorusFruitFarmer\n|j|\u2606yohjek\n|t:|1682853026\n|gametype|doubles\n|player|p1|ChorusFruitFarmer|penny|1151\n|player|p2|yohjek|maylene|1093\n|teamsize|p1|6\n|teamsize|p2|6\n|gen|9\n|tier|[Gen 9] VGC 2023 Regulation C\n|rated|\n|rule|Species Clause: Limit one of each Pok\u00e9mon\n|rule|Item Clause: Limit one of each item\n|clearpoke\n|poke|p1|Roaring Moon, L50|\n|poke|p1|Kilowattrel, L50, F|\n|poke|p1|Amoonguss, L50, F|\n|poke|p1|Arcanine, L50, F|\n|poke|p1|Iron Hands, L50|\n|poke|p1|Clawitzer, L50, F|\n|poke|p2|Haxorus, L50, M|\n|poke|p2|Meowscarada, L50, F|\n|poke|p2|Talonflame, L50, M|\n|poke|p2|Grimmsnarl, L50, M|\n|poke|p2|Gyarados, L50, M|\n|poke|p2|Gholdengo, L50|\n|teampreview|4\n|inactive|Battle timer is ON: inactive players will automatically lose when time's up. (requested by ChorusFruitFarmer)\n|j| Electricall\n|c|\u2606ChorusFruitFarmer|Good luck, have fun.\n|inactive|yohjek has 60 seconds left.\n|\n|t:|1682853077\n|start\n|switch|p1a: Bloodmoon|Roaring Moon, L50|100\/100\n|switch|p1b: Goose|Kilowattrel, L50, F, shiny|100\/100\n|switch|p2a: Meowscarada|Meowscarada, L50, F|100\/100\n|switch|p2b: Gyarados|Gyarados, L50, M|100\/100\n|-ability|p2b: Gyarados|Intimidate|boost\n|-unboost|p1a: Bloodmoon|atk|1\n|-unboost|p1b: Goose|atk|1\n|-enditem|p1a: Bloodmoon|Booster Energy\n|-activate|p1a: Bloodmoon|ability: Protosynthesis|[fromitem]\n|-start|p1a: Bloodmoon|protosynthesisspe\n|turn|1\n|inactive|yohjek has 30 seconds left.\n|\n|t:|1682853104\n|switch|p2a: Grimmsnarl|Grimmsnarl, L50, M|100\/100\n|move|p1a: Bloodmoon|Tailwind|p1a: Bloodmoon\n|-sidestart|p1: ChorusFruitFarmer|move: Tailwind\n|-start|p1b: Goose|Charge|Tailwind|[from] ability: Wind Power\n|move|p1b: Goose|U-turn|p2a: Grimmsnarl\n|-damage|p2a: Grimmsnarl|89\/100\n|-damage|p1b: Goose|91\/100|[from] item: Life Orb\n|\n|t:|1682853111\n|switch|p1b: AmberGoop|Amoonguss, L50, F, shiny|100\/100|[from] U-turn\n|move|p2b: Gyarados|Ice Fang|p1b: AmberGoop\n|-supereffective|p1b: AmberGoop\n|-damage|p1b: AmberGoop|49\/100\n|-damage|p2b: Gyarados|84\/100|[from] item: Rocky Helmet|[of] p1b: AmberGoop\n|-damage|p2b: Gyarados|74\/100|[from] item: Life Orb\n|\n|upkeep\n|turn|2\n|\n|t:|1682853131\n|switch|p1b: Clap These Cheeks|Iron Hands, L50|100\/100\n|move|p2a: Grimmsnarl|Reflect|p2a: Grimmsnarl\n|-sidestart|p2: yohjek|Reflect\n|move|p1a: Bloodmoon|Iron Head|p2a: Grimmsnarl\n|-supereffective|p2a: Grimmsnarl\n|-damage|p2a: Grimmsnarl|56\/100\n|move|p2b: Gyarados|Ice Fang|p1a: Bloodmoon\n|-supereffective|p1a: Bloodmoon\n|-damage|p1a: Bloodmoon|16\/100\n|-damage|p2b: Gyarados|64\/100|[from] item: Life Orb\n|\n|upkeep\n|turn|3\n|inactive|yohjek has 30 seconds left.\n|\n|t:|1682853162\n|-terastallize|p2b: Gyarados|Ground\n|move|p1a: Bloodmoon|Iron Head|p2a: Grimmsnarl\n|-supereffective|p2a: Grimmsnarl\n|-damage|p2a: Grimmsnarl|26\/100\n|move|p1b: Clap These Cheeks|Drain Punch|p2b: Gyarados\n|-crit|p2b: Gyarados\n|-damage|p2b: Gyarados|0 fnt\n|faint|p2b: Gyarados\n|move|p2a: Grimmsnarl|Spirit Break|p1a: Bloodmoon\n|-supereffective|p1a: Bloodmoon\n|-damage|p1a: Bloodmoon|0 fnt\n|faint|p1a: Bloodmoon\n|-end|p1a: Bloodmoon|Protosynthesis|[silent]\n|\n|upkeep\n|\n|t:|1682853177\n|switch|p1a: Goose|Kilowattrel, L50, F, shiny|91\/100\n|switch|p2b: Haxorus|Haxorus, L50, M|100\/100\n|-ability|p2b: Haxorus|Mold Breaker\n|turn|4\n|\n|t:|1682853184\n|move|p2a: Grimmsnarl|Parting Shot|p1b: Clap These Cheeks\n|-unboost|p1b: Clap These Cheeks|atk|1\n|-unboost|p1b: Clap These Cheeks|spa|1\n|\n|t:|1682853189\n|switch|p2a: Meowscarada|Meowscarada, L50, F|100\/100|[from] Parting Shot\n|move|p1a: Goose|Hurricane|p2b: Haxorus\n|-damage|p2b: Haxorus|6\/100\n|-damage|p1a: Goose|82\/100|[from] item: Life Orb\n|move|p1b: Clap These Cheeks|Ice Punch|p2b: Haxorus\n|-supereffective|p2b: Haxorus\n|-damage|p2b: Haxorus|0 fnt\n|faint|p2b: Haxorus\n|\n|-sideend|p1: ChorusFruitFarmer|move: Tailwind\n|upkeep\n|\n|t:|1682853203\n|switch|p2b: Grimmsnarl|Grimmsnarl, L50, M|26\/100\n|turn|5\n|\n|t:|1682853217\n|-end|p1b: Clap These Cheeks|Quark Drive|[silent]\n|switch|p1b: AmberGoop|Amoonguss, L50, F, shiny|82\/100\n|move|p1a: Goose|Discharge|p2a: Meowscarada|[spread] p1b,p2a,p2b\n|-resisted|p1b: AmberGoop\n|-resisted|p2a: Meowscarada\n|-damage|p1b: AmberGoop|68\/100\n|-damage|p2a: Meowscarada|75\/100\n|-damage|p2b: Grimmsnarl|2\/100\n|-damage|p1a: Goose|72\/100|[from] item: Life Orb\n|move|p2a: Meowscarada|Flower Trick|p1b: AmberGoop\n|-resisted|p1b: AmberGoop\n|-crit|p1b: AmberGoop\n|-damage|p1b: AmberGoop|57\/100\n|move|p2b: Grimmsnarl|Spirit Break|p1b: AmberGoop\n|-resisted|p1b: AmberGoop\n|-damage|p1b: AmberGoop|44\/100\n|-unboost|p1b: AmberGoop|spa|1\n|-damage|p2b: Grimmsnarl|0 fnt|[from] item: Rocky Helmet|[of] p1b: AmberGoop\n|faint|p2b: Grimmsnarl\n|\n|upkeep\n|turn|6\n|-message|yohjek forfeited.\n|\n|win|ChorusFruitFarmer\n|raw|ChorusFruitFarmer's rating: 1151 → 1172<\/strong> (+21 for winning)\n|raw|yohjek's rating: 1093 → 1073<\/strong> (-20 for losing)\n|l|\u2606yohjek\n","uploadtime":1682853237,"views":14,"p1id":"chorusfruitfarmer","p2id":"yohjek","formatid":"gen9vgc2023regulationc","rating":1073,"private":0,"password":""}