{"id":"gen9vgc2023regulationc-1859858620","p1":"TrendanBrendan","p2":"GruffuddH","format":"[Gen 9] VGC 2023 Regulation C","log":"|j|\u2606TrendanBrendan\n|j|\u2606GruffuddH\n|t:|1683570439\n|gametype|doubles\n|player|p1|TrendanBrendan|elio|\n|player|p2|GruffuddH|rika|\n|teamsize|p1|6\n|teamsize|p2|6\n|gen|9\n|tier|[Gen 9] VGC 2023 Regulation C\n|rule|Species Clause: Limit one of each Pok\u00e9mon\n|rule|Item Clause: Limit one of each item\n|clearpoke\n|poke|p1|Corviknight, L50, F|\n|poke|p1|Amoonguss, L50, F|\n|poke|p1|Arcanine, L50, M|\n|poke|p1|Palafin, L50, F|\n|poke|p1|Flutter Mane, L50|\n|poke|p1|Ting-Lu, L50|\n|poke|p2|Orthworm, L50, F|\n|poke|p2|Gastrodon, L50, M|\n|poke|p2|Flutter Mane, L50|\n|poke|p2|Wo-Chien, L50|\n|poke|p2|Chi-Yu, L50|\n|poke|p2|Glimmora, L50, F|\n|teampreview|4\nTrendanBrendan has agreed to open team sheets.\nGruffuddH has agreed to open team sheets.\n|inactive|Battle timer is ON: inactive players will automatically lose when time's up. (requested by GruffuddH)\n|\n|t:|1683570506\n|start\n|switch|p1a: Brieze|Palafin, L50, F, shiny|100\/100\n|switch|p1b: Gillie|Amoonguss, L50, F|100\/100\n|switch|p2a: Flutter LAME|Flutter Mane, L50|100\/100\n|switch|p2b: PEE-Yu|Chi-Yu, L50|100\/100\n|-ability|p2b: PEE-Yu|Beads of Ruin\n|turn|1\n|inactiveoff|Battle timer is now OFF.\n|\n|t:|1683570534\n|-end|p2a: Flutter LAME|Protosynthesis|[silent]\n|switch|p2a: ASStrodon|Gastrodon, L50, M|100\/100\n|detailschange|p1a: Brieze|Palafin-Hero, L50, F, shiny\n|switch|p1a: Mooshold|Ting-Lu, L50|100\/100\n|-ability|p1a: Mooshold|Vessel of Ruin\n|-terastallize|p2b: PEE-Yu|Fire\n|move|p2b: PEE-Yu|Overheat|p1b: Gillie\n|-supereffective|p1b: Gillie\n|-damage|p1b: Gillie|0 fnt\n|-unboost|p2b: PEE-Yu|spa|2\n|-enditem|p2b: PEE-Yu|Eject Pack\n|faint|p1b: Gillie\n|\n|t:|1683570552\n|switch|p2b: BOREthworm|Orthworm, L50, F|100\/100\n|\n|upkeep\n|\n|t:|1683570562\n|switch|p1b: Corviknight|Corviknight, L50, F, shiny|100\/100\n|turn|2\n|\n|t:|1683570571\n|move|p1b: Corviknight|Bulk Up|p1b: Corviknight\n|-boost|p1b: Corviknight|atk|1\n|-boost|p1b: Corviknight|def|1\n|move|p2b: BOREthworm|Shed Tail|p2b: BOREthworm\n|-start|p2b: BOREthworm|Substitute|[from] move: Shed Tail\n|-damage|p2b: BOREthworm|50\/100\n|-enditem|p2b: BOREthworm|Sitrus Berry|[eat]\n|-heal|p2b: BOREthworm|75\/100|[from] item: Sitrus Berry\n|\n|t:|1683570585\n|switch|p2b: Flutter LAME|Flutter Mane, L50|100\/100|[from] Shed Tail\n|move|p1a: Mooshold|Fissure|p2a: ASStrodon|[miss]\n|-miss|p1a: Mooshold|p2a: ASStrodon\n|move|p2a: ASStrodon|Yawn|p1a: Mooshold\n|-start|p1a: Mooshold|move: Yawn|[of] p2a: ASStrodon\n|\n|upkeep\n|turn|3\n|\n|t:|1683570603\n|move|p2b: Flutter LAME|Moonblast|p1a: Mooshold\n|-supereffective|p1a: Mooshold\n|-damage|p1a: Mooshold|49\/100\n|move|p1b: Corviknight|Iron Head|p2b: Flutter LAME\n|-supereffective|p2b: Flutter LAME\n|-end|p2b: Flutter LAME|Substitute\n|move|p1a: Mooshold|Heavy Slam|p2b: Flutter LAME\n|-supereffective|p2b: Flutter LAME\n|-damage|p2b: Flutter LAME|0 fnt\n|faint|p2b: Flutter LAME\n|-end|p2b: Flutter LAME|Protosynthesis|[silent]\n|move|p2a: ASStrodon|Clear Smog|p1b: Corviknight\n|-immune|p1b: Corviknight\n|\n|-end|p1a: Mooshold|move: Yawn|[silent]\n|-status|p1a: Mooshold|slp\n|upkeep\n|\n|t:|1683570617\n|switch|p2b: PEE-Yu|Chi-Yu, L50, tera:Fire|100\/100\n|-ability|p2b: PEE-Yu|Beads of Ruin\n|turn|4\n|\n|t:|1683570650\n|switch|p2a: BOREthworm|Orthworm, L50, F|75\/100\n|-terastallize|p1b: Corviknight|Flying\n|move|p2b: PEE-Yu|Will-O-Wisp|p1b: Corviknight\n|-status|p1b: Corviknight|brn\n|-enditem|p1b: Corviknight|Lum Berry|[eat]\n|-curestatus|p1b: Corviknight|brn|[msg]\n|move|p1b: Corviknight|Brave Bird|p2b: PEE-Yu\n|-damage|p2b: PEE-Yu|0 fnt\n|faint|p2b: PEE-Yu\n|-damage|p1b: Corviknight|80\/100|[from] Recoil\n|cant|p1a: Mooshold|slp\n|\n|upkeep\n|\n|t:|1683570663\n|switch|p2b: ASStrodon|Gastrodon, L50, M|100\/100\n|turn|5\n|\n|t:|1683570680\n|move|p1b: Corviknight|Bulk Up|p1b: Corviknight\n|-boost|p1b: Corviknight|atk|1\n|-boost|p1b: Corviknight|def|1\n|move|p2a: BOREthworm|Iron Defense|p2a: BOREthworm\n|-boost|p2a: BOREthworm|def|2\n|cant|p1a: Mooshold|slp\n|move|p2b: ASStrodon|Yawn|p1b: Corviknight\n|-start|p1b: Corviknight|move: Yawn|[of] p2b: ASStrodon\n|\n|upkeep\n|turn|6\n|\n|t:|1683570706\n|move|p1b: Corviknight|Bulk Up|p1b: Corviknight\n|-boost|p1b: Corviknight|atk|1\n|-boost|p1b: Corviknight|def|1\n|move|p2a: BOREthworm|Body Press|p1a: Mooshold\n|-supereffective|p1a: Mooshold\n|-damage|p1a: Mooshold|0 fnt\n|faint|p1a: Mooshold\n|move|p2b: ASStrodon|Earth Power|p1b: Corviknight\n|-immune|p1b: Corviknight\n|\n|-end|p1b: Corviknight|move: Yawn|[silent]\n|-status|p1b: Corviknight|slp\n|upkeep\n|\n|t:|1683570716\n|switch|p1a: Brieze|Palafin-Hero, L50, F, shiny|100\/100\n|-activate|p1a: Brieze|ability: Zero to Hero\n|turn|7\n|\n|t:|1683570726\n|move|p1a: Brieze|Protect|p1a: Brieze\n|-singleturn|p1a: Brieze|Protect\n|cant|p1b: Corviknight|slp\n|move|p2a: BOREthworm|Body Press|p1b: Corviknight\n|-resisted|p1b: Corviknight\n|-damage|p1b: Corviknight|71\/100 slp\n|move|p2b: ASStrodon|Earth Power|p1a: Brieze\n|-activate|p1a: Brieze|move: Protect\n|\n|upkeep\n|turn|8\n|\n|t:|1683570746\n|move|p1a: Brieze|Protect||[still]\n|-fail|p1a: Brieze\n|cant|p1b: Corviknight|slp\n|move|p2a: BOREthworm|Heavy Slam|p1b: Corviknight\n|-damage|p1b: Corviknight|61\/100 slp\n|move|p2b: ASStrodon|Yawn|p1a: Brieze\n|-start|p1a: Brieze|move: Yawn|[of] p2b: ASStrodon\n|\n|upkeep\n|turn|9\n|\n|t:|1683570759\n|move|p1a: Brieze|Protect|p1a: Brieze\n|-singleturn|p1a: Brieze|Protect\n|cant|p1b: Corviknight|slp\n|move|p2a: BOREthworm|Iron Defense|p2a: BOREthworm\n|-boost|p2a: BOREthworm|def|2\n|move|p2b: ASStrodon|Recover||[still]\n|-fail|p2b: ASStrodon|heal\n|\n|-end|p1a: Brieze|move: Yawn|[silent]\n|-status|p1a: Brieze|slp\n|upkeep\n|turn|10\n|\n|t:|1683570771\n|cant|p1a: Brieze|slp\n|-curestatus|p1b: Corviknight|slp|[msg]\n|move|p1b: Corviknight|Brave Bird|p2b: ASStrodon\n|-damage|p2b: ASStrodon|0 fnt\n|faint|p2b: ASStrodon\n|-damage|p1b: Corviknight|26\/100|[from] Recoil\n|move|p2a: BOREthworm|Iron Defense|p2a: BOREthworm\n|-boost|p2a: BOREthworm|def|2\n|\n|upkeep\n|turn|11\n|\n|t:|1683570783\n|-curestatus|p1a: Brieze|slp|[msg]\n|move|p1a: Brieze|Haze|p1a: Brieze\n|-clearallboost\n|move|p1b: Corviknight|Roost|p1b: Corviknight\n|-heal|p1b: Corviknight|76\/100\n|-hint|If a Flying Terastallized Pokemon uses Roost, it remains Flying-type.\n|move|p2a: BOREthworm|Body Press|p1b: Corviknight\n|-resisted|p1b: Corviknight\n|-damage|p1b: Corviknight|65\/100\n|\n|upkeep\n|turn|12\n|\n|t:|1683570802\n|move|p1a: Brieze|Wave Crash|p2a: BOREthworm\n|-damage|p2a: BOREthworm|0 fnt\n|faint|p2a: BOREthworm\n|-damage|p1a: Brieze|79\/100|[from] Recoil\n|\n|win|TrendanBrendan\n","uploadtime":1683570823,"views":14,"p1id":"trendanbrendan","p2id":"gruffuddh","formatid":"gen9vgc2023regulationc","rating":0,"private":0,"password":""}