{"id":"gen9vgc2023regulationc-1848432773","p1":"Kaibar","p2":"Knightmoon_25-X","format":"[Gen 9] VGC 2023 Regulation C","log":"|j|\u2606Kaibar\n|j|\u2606Knightmoon_25-X\n|t:|1682077439\n|gametype|doubles\n|player|p1|Kaibar|blackbelt-gen4dp|1206\n|player|p2|Knightmoon_25-X|steven|1111\n|teamsize|p1|6\n|teamsize|p2|6\n|gen|9\n|tier|[Gen 9] VGC 2023 Regulation C\n|rated|\n|rule|Species Clause: Limit one of each Pok\u00e9mon\n|rule|Item Clause: Limit one of each item\n|clearpoke\n|poke|p1|Arcanine, L50, M|\n|poke|p1|Amoonguss, L50, F|\n|poke|p1|Kingambit, L50, F|\n|poke|p1|Flutter Mane, L50|\n|poke|p1|Dragonite, L50, F|\n|poke|p1|Palafin, L50, M|\n|poke|p2|Flutter Mane, L50|\n|poke|p2|Oranguru, L50, F|\n|poke|p2|Chi-Yu, L50|\n|poke|p2|Murkrow, L50, M|\n|poke|p2|Arcanine, L50, F|\n|poke|p2|Wo-Chien, L50|\n|teampreview|4\nKaibar has agreed to open team sheets.\n|inactive|Battle timer is ON: inactive players will automatically lose when time's up. (requested by Knightmoon_25-X)\n|\n|t:|1682077462\n|start\n|switch|p1a: Kingambit|Kingambit, L50, F|100\/100\n|switch|p1b: Palafin|Palafin, L50, M|100\/100\n|switch|p2a: Flutter Mane|Flutter Mane, L50|100\/100\n|switch|p2b: Oranguru|Oranguru, L50, F|100\/100\n|-enditem|p2a: Flutter Mane|Booster Energy\n|-activate|p2b: Oranguru|ability: Symbiosis|Choice Specs|[of] p2a: Flutter Mane\n|-activate|p2a: Flutter Mane|ability: Protosynthesis|[fromitem]\n|-start|p2a: Flutter Mane|protosynthesisspa\n|turn|1\n|inactive|Kaibar has 30 seconds left.\n|\n|t:|1682077491\n|detailschange|p1b: Palafin|Palafin-Hero, L50, M\n|switch|p1b: Windy|Arcanine, L50, M, shiny|100\/100\n|-ability|p1b: Windy|Intimidate|boost\n|-unboost|p2a: Flutter Mane|atk|1\n|-unboost|p2b: Oranguru|atk|1\n|switch|p2b: Chi-Yu|Chi-Yu, L50|100\/100\n|-ability|p2b: Chi-Yu|Beads of Ruin\n|-terastallize|p2a: Flutter Mane|Fairy\n|-terastallize|p1a: Kingambit|Dark\n|move|p2a: Flutter Mane|Dazzling Gleam|p1a: Kingambit|[spread] p1a,p1b\n|-supereffective|p1a: Kingambit\n|-resisted|p1b: Windy\n|-damage|p1a: Kingambit|0 fnt\n|-damage|p1b: Windy|43\/100\n|faint|p1a: Kingambit\n|\n|upkeep\n|\n|t:|1682077511\n|switch|p1a: Flutter Mane|Flutter Mane, L50|100\/100\n|-enditem|p1a: Flutter Mane|Booster Energy\n|-activate|p1a: Flutter Mane|ability: Protosynthesis|[fromitem]\n|-start|p1a: Flutter Mane|protosynthesisspa\n|turn|2\n|\n|t:|1682077525\n|move|p1b: Windy|Extreme Speed|p2a: Flutter Mane\n|-damage|p2a: Flutter Mane|47\/100\n|move|p1a: Flutter Mane|Moonblast|p2a: Flutter Mane\n|-damage|p2a: Flutter Mane|0 fnt\n|faint|p2a: Flutter Mane\n|-end|p2a: Flutter Mane|Protosynthesis|[silent]\n|move|p2b: Chi-Yu|Snarl|p1a: Flutter Mane|[spread] p1a,p1b\n|-damage|p1a: Flutter Mane|63\/100\n|-damage|p1b: Windy|9\/100\n|-unboost|p1a: Flutter Mane|spa|1\n|-unboost|p1b: Windy|spa|1\n|-damage|p2b: Chi-Yu|90\/100|[from] item: Life Orb\n|\n|upkeep\n|\n|t:|1682077537\n|switch|p2a: Oranguru|Oranguru, L50, F|100\/100\n|turn|3\n|inactive|Kaibar has 30 seconds left.\n|\n|t:|1682077563\n|move|p1b: Windy|Extreme Speed|p2b: Chi-Yu\n|-damage|p2b: Chi-Yu|51\/100\n|move|p1a: Flutter Mane|Dazzling Gleam|p2b: Chi-Yu|[spread] p2a,p2b\n|-damage|p2a: Oranguru|72\/100\n|-damage|p2b: Chi-Yu|19\/100\n|move|p2b: Chi-Yu|Heat Wave|p1a: Flutter Mane|[spread] p1a,p1b\n|-resisted|p1b: Windy\n|-damage|p1a: Flutter Mane|0 fnt\n|-damage|p1b: Windy|0 fnt\n|faint|p1a: Flutter Mane\n|-end|p1a: Flutter Mane|Protosynthesis|[silent]\n|faint|p1b: Windy\n|-damage|p2b: Chi-Yu|9\/100|[from] item: Life Orb\n|move|p2a: Oranguru|Instruct|p2b: Chi-Yu\n|-singleturn|p2b: Chi-Yu|move: Instruct|[of] p2a: Oranguru\n|move|p2b: Chi-Yu|Heat Wave|p1: Flutter Mane|[notarget]\n|-fail|p2b: Chi-Yu\n|\n|upkeep\n|\n|t:|1682077581\n|switch|p1b: Palafin|Palafin-Hero, L50, M|100\/100\n|-activate|p1b: Palafin|ability: Zero to Hero\n|turn|4\n|\n|t:|1682077589\n|switch|p2b: Wo-Chien|Wo-Chien, L50|100\/100\n|-ability|p2b: Wo-Chien|Tablets of Ruin\n|move|p1b: Palafin|Jet Punch|p2b: Wo-Chien\n|-resisted|p2b: Wo-Chien\n|-damage|p2b: Wo-Chien|85\/100\n|-damage|p1b: Palafin|84\/100|[from] item: Rocky Helmet|[of] p2b: Wo-Chien\n|move|p2a: Oranguru|Chilling Water|p1b: Palafin\n|-resisted|p1b: Palafin\n|-damage|p1b: Palafin|78\/100\n|-unboost|p1b: Palafin|atk|1\n|\n|upkeep\n|turn|5\n|\n|t:|1682077607\n|move|p1b: Palafin|Wave Crash|p2a: Oranguru\n|-damage|p2a: Oranguru|30\/100\n|-damage|p1b: Palafin|67\/100|[from] Recoil\n|move|p2b: Wo-Chien|Leech Seed|p1b: Palafin\n|-start|p1b: Palafin|move: Leech Seed\n|move|p2a: Oranguru|Chilling Water|p1b: Palafin\n|-resisted|p1b: Palafin\n|-damage|p1b: Palafin|62\/100\n|-unboost|p1b: Palafin|atk|1\n|\n|-damage|p1b: Palafin|50\/100|[from] Leech Seed|[of] p2b: Wo-Chien\n|-heal|p2b: Wo-Chien|98\/100|[silent]\n|upkeep\n|turn|6\n|\n|t:|1682077622\n|move|p2a: Oranguru|Protect|p2a: Oranguru\n|-singleturn|p2a: Oranguru|Protect\n|move|p1b: Palafin|Haze|p1b: Palafin\n|-clearallboost\n|move|p2b: Wo-Chien|Ruination|p1b: Palafin\n|-damage|p1b: Palafin|25\/100\n|\n|-damage|p1b: Palafin|13\/100|[from] Leech Seed|[of] p2b: Wo-Chien\n|-heal|p2b: Wo-Chien|100\/100|[silent]\n|upkeep\n|turn|7\n|\n|t:|1682077638\n|move|p2b: Wo-Chien|Protect|p2b: Wo-Chien\n|-singleturn|p2b: Wo-Chien|Protect\n|move|p1b: Palafin|Wave Crash|p2a: Oranguru\n|-damage|p2a: Oranguru|0 fnt\n|faint|p2a: Oranguru\n|-damage|p1b: Palafin|4\/100|[from] Recoil\n|\n|-damage|p1b: Palafin|0 fnt|[from] Leech Seed|[of] p2b: Wo-Chien\n|faint|p1b: Palafin\n|\n|win|Knightmoon_25-X\n|upkeep\n|raw|Kaibar's rating: 1206 → 1174<\/strong> (-32 for losing)\n|raw|Knightmoon_25-X's rating: 1111 → 1143<\/strong> (+32 for winning)\n","uploadtime":1682077643,"views":17,"p1id":"kaibar","p2id":"knightmoon25x","formatid":"gen9vgc2023regulationc","rating":1143,"private":0,"password":""}