{"id":"gen9vgc2023regulationc-1852520879","p1":"niftynifty","p2":"Stabbington III","format":"[Gen 9] VGC 2023 Regulation C","log":"|j|\u2606niftynifty\n|j|\u2606Stabbington III\n|t:|1682569033\n|gametype|doubles\n|player|p1|niftynifty|janitor|1193\n|player|p2|Stabbington III|266|1282\n|teamsize|p1|6\n|teamsize|p2|6\n|gen|9\n|tier|[Gen 9] VGC 2023 Regulation C\n|rated|\n|rule|Species Clause: Limit one of each Pok\u00e9mon\n|rule|Item Clause: Limit one of each item\n|clearpoke\n|poke|p1|Farigiraf, L50, M|\n|poke|p1|Tatsugiri-Droopy, L50, F|\n|poke|p1|Garganacl, L50, M|\n|poke|p1|Chi-Yu, L50|\n|poke|p1|Wo-Chien, L50|\n|poke|p1|Flutter Mane, L50|\n|poke|p2|Kingambit, L50, F|\n|poke|p2|Flutter Mane, L50|\n|poke|p2|Chi-Yu, L50|\n|poke|p2|Chien-Pao, L50|\n|poke|p2|Talonflame, L50, F|\n|poke|p2|Iron Bundle, L50|\n|teampreview|4\n|inactive|Battle timer is ON: inactive players will automatically lose when time's up. (requested by Stabbington III)\n|\n|t:|1682569055\n|start\n|switch|p1a: Farigiraf|Farigiraf, L50, M|100\/100\n|switch|p1b: Garganacl|Garganacl, L50, M|100\/100\n|switch|p2a: Jade|Chi-Yu, L50|100\/100\n|switch|p2b: Flo|Flutter Mane, L50|100\/100\n|-ability|p2a: Jade|Beads of Ruin\n|turn|1\n|\n|t:|1682569077\n|-terastallize|p2a: Jade|Grass\n|move|p1a: Farigiraf|Protect|p1a: Farigiraf\n|-singleturn|p1a: Farigiraf|Protect\n|move|p2a: Jade|Tera Blast|p1b: Garganacl\n|-supereffective|p1b: Garganacl\n|-damage|p1b: Garganacl|0 fnt\n|faint|p1b: Garganacl\n|move|p2b: Flo|Moonblast|p1a: Farigiraf\n|-activate|p1a: Farigiraf|move: Protect\n|\n|upkeep\n|\n|t:|1682569087\n|switch|p1b: Wo-Chien|Wo-Chien, L50|100\/100\n|-ability|p1b: Wo-Chien|Tablets of Ruin\n|turn|2\n|\n|t:|1682569112\n|switch|p2a: Jian Bao|Chien-Pao, L50|100\/100\n|-ability|p2a: Jian Bao|Sword of Ruin\n|-terastallize|p1b: Wo-Chien|Poison\n|move|p2b: Flo|Moonblast|p1b: Wo-Chien\n|-resisted|p1b: Wo-Chien\n|-damage|p1b: Wo-Chien|78\/100\n|-damage|p2b: Flo|91\/100|[from] item: Life Orb\n|move|p1a: Farigiraf|Dazzling Gleam|p2b: Flo|[spread] p2a,p2b\n|-supereffective|p2a: Jian Bao\n|-damage|p2a: Jian Bao|45\/100\n|-damage|p2b: Flo|75\/100\n|move|p1b: Wo-Chien|Knock Off|p2b: Flo\n|-damage|p2b: Flo|7\/100\n|-enditem|p2b: Flo|Life Orb|[from] move: Knock Off|[of] p1b: Wo-Chien\n|\n|-heal|p1b: Wo-Chien|84\/100|[from] item: Leftovers\n|upkeep\n|turn|3\n|inactive|niftynifty has 30 seconds left.\n|inactive|Stabbington III has 30 seconds left.\n|\n|t:|1682569147\n|move|p2a: Jian Bao|Ice Spinner|p1b: Wo-Chien\n|-damage|p1b: Wo-Chien|56\/100\n|move|p2b: Flo|Shadow Ball|p1b: Wo-Chien\n|-damage|p1b: Wo-Chien|28\/100\n|-unboost|p1b: Wo-Chien|spd|1\n|move|p1a: Farigiraf|Dazzling Gleam|p2b: Flo|[spread] p2a,p2b\n|-supereffective|p2a: Jian Bao\n|-damage|p2a: Jian Bao|0 fnt\n|-damage|p2b: Flo|0 fnt\n|faint|p2a: Jian Bao\n|faint|p2b: Flo\n|-end|p2b: Flo|Protosynthesis|[silent]\n|move|p1b: Wo-Chien|Pollen Puff|p2: Jian Bao|[notarget]\n|-fail|p1b: Wo-Chien\n|\n|-heal|p1b: Wo-Chien|34\/100|[from] item: Leftovers\n|upkeep\n|\n|t:|1682569162\n|switch|p2a: Jade|Chi-Yu, L50, tera:Grass|100\/100\n|switch|p2b: Tokugawa|Kingambit, L50, F, shiny|100\/100\n|-ability|p2a: Jade|Beads of Ruin\n|turn|4\n|\n|t:|1682569175\n|switch|p1a: Tatsugiri|Tatsugiri-Droopy, L50, F, shiny|100\/100\n|move|p2b: Tokugawa|Sucker Punch||[still]\n|-fail|p2b: Tokugawa\n|move|p2a: Jade|Heat Wave|p1b: Wo-Chien|[spread] p1a,p1b\n|-resisted|p1a: Tatsugiri\n|-damage|p1a: Tatsugiri|81\/100\n|-damage|p1b: Wo-Chien|0 fnt\n|-status|p1a: Tatsugiri|brn\n|faint|p1b: Wo-Chien\n|\n|-damage|p1a: Tatsugiri|75\/100 brn|[from] brn\n|upkeep\n|\n|t:|1682569186\n|switch|p1b: Farigiraf|Farigiraf, L50, M|100\/100\n|turn|5\n|\n|t:|1682569194\n|move|p2b: Tokugawa|Sucker Punch||[still]\n|cant|p1b: Farigiraf|ability: Armor Tail|Sucker Punch|[of] p2b: Tokugawa\n|move|p2a: Jade|Heat Wave|p1b: Farigiraf|[spread] p1a,p1b\n|-resisted|p1a: Tatsugiri\n|-damage|p1a: Tatsugiri|59\/100 brn\n|-damage|p1b: Farigiraf|55\/100\n|move|p1a: Tatsugiri|Icy Wind|p2b: Tokugawa|[spread] p2a,p2b\n|-supereffective|p2a: Jade\n|-resisted|p2b: Tokugawa\n|-damage|p2a: Jade|70\/100\n|-damage|p2b: Tokugawa|94\/100\n|-unboost|p2a: Jade|spe|1\n|-unboost|p2b: Tokugawa|spe|1\n|-ability|p2b: Tokugawa|Defiant|boost\n|-boost|p2b: Tokugawa|atk|2\n|move|p1b: Farigiraf|Low Kick|p2b: Tokugawa\n|-supereffective|p2b: Tokugawa\n|-damage|p2b: Tokugawa|38\/100\n|\n|-damage|p1a: Tatsugiri|53\/100 brn|[from] brn\n|upkeep\n|turn|6\n|inactive|niftynifty has 30 seconds left.\n|inactive|niftynifty has 20 seconds left.\n|inactive|niftynifty has 15 seconds left.\n|\n|t:|1682569237\n|move|p2a: Jade|Heat Wave|p1b: Farigiraf|[spread] p1a,p1b\n|-resisted|p1a: Tatsugiri\n|-damage|p1a: Tatsugiri|35\/100 brn\n|-damage|p1b: Farigiraf|6\/100\n|move|p1a: Tatsugiri|Draco Meteor|p2a: Jade\n|-damage|p2a: Jade|0 fnt\n|-unboost|p1a: Tatsugiri|spa|2\n|faint|p2a: Jade\n|move|p1b: Farigiraf|Low Kick|p2b: Tokugawa\n|-supereffective|p2b: Tokugawa\n|-damage|p2b: Tokugawa|0 fnt\n|faint|p2b: Tokugawa\n|\n|win|niftynifty\n|raw|niftynifty's rating: 1193 → 1224<\/strong> (+31 for winning)\n|raw|Stabbington III's rating: 1282 → 1251<\/strong> (-31 for losing)\n|c|\u2606niftynifty|gg\n|c|\u2606Stabbington III|i forgot\n|c|\u2606Stabbington III|armor tailllll\n|c|\u2606Stabbington III|ggs\n|l|\u2606Stabbington III\n","uploadtime":1682569249,"views":12,"p1id":"niftynifty","p2id":"stabbingtoniii","formatid":"gen9vgc2023regulationc","rating":1224,"private":0,"password":""}