{"id":"gen9vgc2023regulationc-1856236580","p1":"Inwaves22","p2":"mathtass","format":"[Gen 9] VGC 2023 Regulation C","log":"|j|\u2606Inwaves22\n|j|\u2606mathtass\n|t:|1683043402\n|gametype|doubles\n|player|p1|Inwaves22|falkner|1356\n|player|p2|mathtass|170|1409\n|teamsize|p1|6\n|teamsize|p2|6\n|gen|9\n|tier|[Gen 9] VGC 2023 Regulation C\n|rated|\n|rule|Species Clause: Limit one of each Pok\u00e9mon\n|rule|Item Clause: Limit one of each item\n|clearpoke\n|poke|p1|Glimmora, L50, M|\n|poke|p1|Chi-Yu, L50|\n|poke|p1|Flutter Mane, L50|\n|poke|p1|Dragonite, L50, F|\n|poke|p1|Dondozo, L50, M|\n|poke|p1|Tatsugiri, L50, M|\n|poke|p2|Amoonguss, L50, F|\n|poke|p2|Chi-Yu, L50|\n|poke|p2|Arcanine, L50, F|\n|poke|p2|Dragonite, L50, M|\n|poke|p2|Flutter Mane, L50|\n|poke|p2|Iron Hands, L50|\n|teampreview|4\n|\n|t:|1683043426\n|start\n|switch|p1a: Glimmora|Glimmora, L50, M|100\/100\n|switch|p1b: Dondozo|Dondozo, L50, M|100\/100\n|switch|p2a: Blaze|Chi-Yu, L50|100\/100\n|switch|p2b: Lady Mane|Flutter Mane, L50, shiny|100\/100\n|-ability|p2a: Blaze|Beads of Ruin\n|turn|1\n|\n|t:|1683043453\n|-terastallize|p2a: Blaze|Grass\n|move|p1a: Glimmora|Spiky Shield|p1a: Glimmora\n|-singleturn|p1a: Glimmora|move: Protect\n|move|p2b: Lady Mane|Shadow Ball|p1a: Glimmora\n|-activate|p1a: Glimmora|move: Protect\n|move|p2a: Blaze|Dark Pulse|p1a: Glimmora\n|-activate|p1a: Glimmora|move: Protect\n|move|p1b: Dondozo|Wave Crash|p2a: Blaze\n|-resisted|p2a: Blaze\n|-damage|p2a: Blaze|68\/100\n|-damage|p1b: Dondozo|95\/100|[from] Recoil\n|\n|upkeep\n|turn|2\n|\n|t:|1683043472\n|move|p2b: Lady Mane|Shadow Ball|p1a: Glimmora\n|-damage|p1a: Glimmora|19\/100\n|-unboost|p1a: Glimmora|spd|1\n|move|p2a: Blaze|Dark Pulse|p1a: Glimmora\n|-damage|p1a: Glimmora|0 fnt\n|faint|p1a: Glimmora\n|-damage|p2a: Blaze|58\/100|[from] item: Life Orb\n|move|p1b: Dondozo|Bulldoze|p2b: Lady Mane|[spread] p2a,p2b\n|-resisted|p2a: Blaze\n|-damage|p2a: Blaze|50\/100\n|-damage|p2b: Lady Mane|78\/100\n|-unboost|p2a: Blaze|spe|1\n|-unboost|p2b: Lady Mane|spe|1\n|\n|upkeep\n|\n|t:|1683043490\n|switch|p1a: Flutter Mane|Flutter Mane, L50|100\/100\n|-enditem|p1a: Flutter Mane|Booster Energy\n|-activate|p1a: Flutter Mane|ability: Protosynthesis|[fromitem]\n|-start|p1a: Flutter Mane|protosynthesisspe\n|turn|3\n|\n|t:|1683043524\n|-terastallize|p1a: Flutter Mane|Steel\n|move|p1a: Flutter Mane|Moonblast|p2a: Blaze\n|-damage|p2a: Blaze|0 fnt\n|faint|p2a: Blaze\n|move|p2b: Lady Mane|Shadow Ball|p1a: Flutter Mane\n|-damage|p1a: Flutter Mane|59\/100\n|move|p1b: Dondozo|Yawn|p2b: Lady Mane\n|-start|p2b: Lady Mane|move: Yawn|[of] p1b: Dondozo\n|\n|upkeep\n|\n|t:|1683043533\n|switch|p2a: Titan|Dragonite, L50, M, shiny|100\/100\n|turn|4\n|\n|t:|1683043565\n|-end|p2b: Lady Mane|Protosynthesis|[silent]\n|switch|p2b: Adore|Amoonguss, L50, F, shiny|100\/100\n|move|p1a: Flutter Mane|Substitute|p1a: Flutter Mane\n|-start|p1a: Flutter Mane|Substitute\n|-damage|p1a: Flutter Mane|34\/100\n|move|p2a: Titan|Stomping Tantrum|p1a: Flutter Mane\n|-supereffective|p1a: Flutter Mane\n|-end|p1a: Flutter Mane|Substitute\n|move|p1b: Dondozo|Yawn|p2a: Titan\n|-start|p2a: Titan|move: Yawn|[of] p1b: Dondozo\n|\n|upkeep\n|turn|5\n|\n|t:|1683043580\n|switch|p2a: Lady Mane|Flutter Mane, L50, shiny|78\/100\n|switch|p1b: Dragonite|Dragonite, L50, F|100\/100\n|move|p1a: Flutter Mane|Protect|p1a: Flutter Mane\n|-singleturn|p1a: Flutter Mane|Protect\n|move|p2b: Adore|Spore|p1b: Dragonite\n|-status|p1b: Dragonite|slp|[from] move: Spore\n|\n|upkeep\n|turn|6\n|\n|t:|1683043631\n|move|p1a: Flutter Mane|Moonblast|p2a: Lady Mane\n|-damage|p2a: Lady Mane|22\/100\n|move|p2a: Lady Mane|Shadow Ball|p1a: Flutter Mane\n|-damage|p1a: Flutter Mane|0 fnt\n|faint|p1a: Flutter Mane\n|-end|p1a: Flutter Mane|Protosynthesis|[silent]\n|cant|p1b: Dragonite|slp\n|move|p2b: Adore|Clear Smog|p1b: Dragonite\n|-damage|p1b: Dragonite|89\/100 slp\n|-clearboost|p1b: Dragonite\n|\n|upkeep\n|inactive|Battle timer is ON: inactive players will automatically lose when time's up. (requested by mathtass)\n|inactive|Inwaves22 has 60 seconds left.\n|inactive|Inwaves22 has 30 seconds left.\n|\n|t:|1683043697\n|switch|p1a: Dondozo|Dondozo, L50, M|95\/100\n|turn|7\n|\n|t:|1683043711\n|move|p1a: Dondozo|Protect|p1a: Dondozo\n|-singleturn|p1a: Dondozo|Protect\n|move|p2a: Lady Mane|Moonblast|p1b: Dragonite\n|-supereffective|p1b: Dragonite\n|-damage|p1b: Dragonite|0 fnt\n|faint|p1b: Dragonite\n|move|p2b: Adore|Spore|p1a: Dondozo\n|-activate|p1a: Dondozo|move: Protect\n|\n|upkeep\n|turn|8\n|inactive|Inwaves22 has 30 seconds left.\n|inactive|mathtass has 30 seconds left.\n|inactive|Inwaves22 has 20 seconds left.\n|inactive|Inwaves22 has 15 seconds left.\n|inactive|Inwaves22 has 10 seconds left.\n|\n|t:|1683043760\n|move|p2a: Lady Mane|Moonblast|p1a: Dondozo\n|-damage|p1a: Dondozo|58\/100\n|move|p1a: Dondozo|Wave Crash|p2a: Lady Mane\n|-damage|p2a: Lady Mane|0 fnt\n|faint|p2a: Lady Mane\n|-end|p2a: Lady Mane|Protosynthesis|[silent]\n|-damage|p1a: Dondozo|55\/100|[from] Recoil\n|move|p2b: Adore|Spore|p1a: Dondozo\n|-status|p1a: Dondozo|slp|[from] move: Spore\n|\n|upkeep\n|\n|t:|1683043763\n|switch|p2a: Titan|Dragonite, L50, M, shiny|100\/100\n|turn|9\n|inactive|Inwaves22 has 30 seconds left.\n|inactive|Inwaves22 has 20 seconds left.\n|\n|t:|1683043800\n|move|p2a: Titan|Stomping Tantrum|p1a: Dondozo\n|-damage|p1a: Dondozo|38\/100 slp\n|-enditem|p1a: Dondozo|Sitrus Berry|[eat]\n|-heal|p1a: Dondozo|63\/100 slp|[from] item: Sitrus Berry\n|cant|p1a: Dondozo|slp\n|move|p2b: Adore|Pollen Puff|p1a: Dondozo\n|-damage|p1a: Dondozo|45\/100 slp\n|\n|upkeep\n|turn|10\n|-message|Inwaves22 forfeited.\n|\n|win|mathtass\n|raw|Inwaves22's rating: 1356 → 1339<\/strong> (-17 for losing)\n|raw|mathtass's rating: 1409 → 1426<\/strong> (+17 for winning)\n|l|\u2606mathtass\n","uploadtime":1683043882,"views":18,"p1id":"inwaves22","p2id":"mathtass","formatid":"gen9vgc2023regulationc","rating":1339,"private":0,"password":""}