{"id":"gen9vgc2023regulationc-1862922938","p1":"Doggs tw","p2":"L0LZ4N0m4","format":"[Gen 9] VGC 2023 Regulation C","log":"|j|\u2606Doggs tw\n|j|\u2606L0LZ4N0m4\n|t:|1683938906\n|gametype|doubles\n|player|p1|Doggs tw|fisherman-gen4|1307\n|player|p2|L0LZ4N0m4|aromalady|1350\n|teamsize|p1|6\n|teamsize|p2|6\n|gen|9\n|tier|[Gen 9] VGC 2023 Regulation C\n|rated|\n|rule|Species Clause: Limit one of each Pok\u00e9mon\n|rule|Item Clause: Limit one of each item\n|clearpoke\n|poke|p1|Gholdengo, L50|\n|poke|p1|Arcanine, L50, F|\n|poke|p1|Maushold, L50|\n|poke|p1|Iron Bundle, L50|\n|poke|p1|Roaring Moon, L50|\n|poke|p1|Ting-Lu, L50|\n|poke|p2|Tyranitar, L50, F|\n|poke|p2|Palafin, L50, F|\n|poke|p2|Kingambit, L50, F|\n|poke|p2|Flutter Mane, L50|\n|poke|p2|Arcanine, L50, F|\n|poke|p2|Amoonguss, L50, F|\n|teampreview|4\n|inactive|Battle timer is ON: inactive players will automatically lose when time's up. (requested by L0LZ4N0m4)\n|inactive|Doggs tw also wants the timer to be on.\nDoggs tw has agreed to open team sheets.\n|inactive|L0LZ4N0m4 has 60 seconds left.\n|\n|t:|1683938952\n|start\n|switch|p1a: Roaring Moon|Roaring Moon, L50|100\/100\n|switch|p1b: Maushold|Maushold, L50|100\/100\n|switch|p2a: Tyranitar|Tyranitar, L50, F|100\/100\n|switch|p2b: Palafin|Palafin, L50, F|100\/100\n|-weather|Sandstorm|[from] ability: Sand Stream|[of] p2a: Tyranitar\n|-enditem|p1a: Roaring Moon|Booster Energy\n|-activate|p1a: Roaring Moon|ability: Protosynthesis|[fromitem]\n|-start|p1a: Roaring Moon|protosynthesisspe\n|turn|1\n|\n|t:|1683938974\n|move|p2b: Palafin|Protect|p2b: Palafin\n|-singleturn|p2b: Palafin|Protect\n|move|p1a: Roaring Moon|Breaking Swipe|p2a: Tyranitar|[spread] p2a\n|-activate|p2b: Palafin|move: Protect\n|-damage|p2a: Tyranitar|82\/100\n|-unboost|p2a: Tyranitar|atk|1\n|move|p1b: Maushold|Super Fang|p2b: Palafin\n|-activate|p2b: Palafin|move: Protect\n|move|p2a: Tyranitar|Rock Slide|p1b: Maushold|[spread] p1a,p1b\n|-crit|p1b: Maushold\n|-damage|p1a: Roaring Moon|84\/100\n|-damage|p1b: Maushold|44\/100\n|-enditem|p1b: Maushold|Sitrus Berry|[eat]\n|-heal|p1b: Maushold|69\/100|[from] item: Sitrus Berry\n|\n|-weather|Sandstorm|[upkeep]\n|-damage|p1a: Roaring Moon|79\/100|[from] Sandstorm\n|-damage|p1b: Maushold|63\/100|[from] Sandstorm\n|-damage|p2b: Palafin|95\/100|[from] Sandstorm\n|upkeep\n|turn|2\n|inactive|L0LZ4N0m4 has 30 seconds left.\n|inactive|L0LZ4N0m4 has 20 seconds left.\n|\n|t:|1683939011\n|detailschange|p2b: Palafin|Palafin-Hero, L50, F\n|switch|p2b: Kingambit|Kingambit, L50, F|100\/100\n|move|p1a: Roaring Moon|Tailwind|p1a: Roaring Moon\n|-sidestart|p1: Doggs tw|move: Tailwind\n|move|p1b: Maushold|Super Fang|p2b: Kingambit\n|-damage|p2b: Kingambit|50\/100\n|move|p2a: Tyranitar|Rock Slide|p1a: Roaring Moon|[spread] p1a,p1b\n|-damage|p1a: Roaring Moon|62\/100\n|-damage|p1b: Maushold|38\/100\n|\n|-weather|Sandstorm|[upkeep]\n|-damage|p1a: Roaring Moon|56\/100|[from] Sandstorm\n|-damage|p1b: Maushold|31\/100|[from] Sandstorm\n|upkeep\n|turn|3\n|\n|t:|1683939031\n|-end|p1a: Roaring Moon|Protosynthesis|[silent]\n|switch|p1a: Ting-Lu|Ting-Lu, L50|100\/100\n|-ability|p1a: Ting-Lu|Vessel of Ruin\n|move|p1b: Maushold|Protect|p1b: Maushold\n|-singleturn|p1b: Maushold|Protect\n|move|p2b: Kingambit|Sucker Punch||[still]\n|-fail|p2b: Kingambit\n|move|p2a: Tyranitar|Rock Slide|p1a: Ting-Lu|[spread] p1a\n|-activate|p1b: Maushold|move: Protect\n|-resisted|p1a: Ting-Lu\n|-damage|p1a: Ting-Lu|96\/100\n|\n|-weather|Sandstorm|[upkeep]\n|-damage|p1b: Maushold|25\/100|[from] Sandstorm\n|upkeep\n|turn|4\n|\n|t:|1683939046\n|move|p2b: Kingambit|Protect|p2b: Kingambit\n|-singleturn|p2b: Kingambit|Protect\n|move|p1b: Maushold|Encore|p2b: Kingambit\n|-activate|p2b: Kingambit|move: Protect\n|move|p1a: Ting-Lu|Stomping Tantrum|p2a: Tyranitar\n|-supereffective|p2a: Tyranitar\n|-damage|p2a: Tyranitar|0 fnt\n|faint|p2a: Tyranitar\n|\n|-weather|Sandstorm|[upkeep]\n|-damage|p1b: Maushold|19\/100|[from] Sandstorm\n|upkeep\n|\n|t:|1683939056\n|switch|p2a: Flutter Mane|Flutter Mane, L50|100\/100\n|turn|5\n|\n|t:|1683939068\n|move|p1b: Maushold|Follow Me|p1b: Maushold\n|-singleturn|p1b: Maushold|move: Follow Me\n|move|p2a: Flutter Mane|Dazzling Gleam|p1b: Maushold|[spread] p1a,p1b\n|-supereffective|p1a: Ting-Lu\n|-crit|p1a: Ting-Lu\n|-damage|p1a: Ting-Lu|22\/100\n|-damage|p1b: Maushold|0 fnt\n|faint|p1b: Maushold\n|move|p1a: Ting-Lu|Stomping Tantrum|p2a: Flutter Mane\n|-damage|p2a: Flutter Mane|0 fnt\n|faint|p2a: Flutter Mane\n|-end|p2a: Flutter Mane|Protosynthesis|[silent]\n|move|p2b: Kingambit|Kowtow Cleave|p1a: Ting-Lu\n|-resisted|p1a: Ting-Lu\n|-damage|p1a: Ting-Lu|9\/100\n|\n|-weather|none\n|-sideend|p1: Doggs tw|move: Tailwind\n|upkeep\n|\n|t:|1683939081\n|switch|p2a: Palafin|Palafin-Hero, L50, F|95\/100\n|switch|p1b: Roaring Moon|Roaring Moon, L50|56\/100\n|-activate|p2a: Palafin|ability: Zero to Hero\n|turn|6\n|\n|t:|1683939095\n|move|p1b: Roaring Moon|Protect|p1b: Roaring Moon\n|-singleturn|p1b: Roaring Moon|Protect\n|move|p2a: Palafin|Jet Punch|p1b: Roaring Moon\n|-activate|p1b: Roaring Moon|move: Protect\n|move|p2b: Kingambit|Sucker Punch|p1a: Ting-Lu\n|-resisted|p1a: Ting-Lu\n|-damage|p1a: Ting-Lu|0 fnt\n|faint|p1a: Ting-Lu\n|\n|upkeep\n|\n|t:|1683939103\n|switch|p1a: Gholdengo|Gholdengo, L50|100\/100\n|turn|7\n|\n|t:|1683939124\n|-terastallize|p1a: Gholdengo|Water\n|move|p2a: Palafin|Jet Punch|p1b: Roaring Moon\n|-resisted|p1b: Roaring Moon\n|-damage|p1b: Roaring Moon|27\/100\n|move|p1b: Roaring Moon|Throat Chop|p2b: Kingambit\n|-resisted|p2b: Kingambit\n|-damage|p2b: Kingambit|33\/100\n|-start|p2b: Kingambit|Throat Chop|[silent]\n|move|p1a: Gholdengo|Make It Rain|p2a: Palafin|[spread] p2a,p2b\n|-resisted|p2a: Palafin\n|-resisted|p2b: Kingambit\n|-damage|p2a: Palafin|71\/100\n|-damage|p2b: Kingambit|10\/100\n|-unboost|p1a: Gholdengo|spa|1\n|move|p2b: Kingambit|Swords Dance|p2b: Kingambit\n|-boost|p2b: Kingambit|atk|2\n|\n|upkeep\n|turn|8\n|\n|t:|1683939145\n|move|p2a: Palafin|Jet Punch|p1b: Roaring Moon\n|-resisted|p1b: Roaring Moon\n|-damage|p1b: Roaring Moon|0 fnt\n|faint|p1b: Roaring Moon\n|-end|p1b: Roaring Moon|Protosynthesis|[silent]\n|move|p2b: Kingambit|Sucker Punch||[still]\n|-fail|p2b: Kingambit\n|move|p1a: Gholdengo|Nasty Plot|p1a: Gholdengo\n|-boost|p1a: Gholdengo|spa|2\n|\n|-end|p2b: Kingambit|Throat Chop|[silent]\n|upkeep\n|turn|9\n|\n|t:|1683939158\n|move|p2b: Kingambit|Sucker Punch|p1a: Gholdengo\n|-damage|p1a: Gholdengo|25\/100\n|move|p2a: Palafin|Haze|p2a: Palafin\n|-clearallboost\n|move|p1a: Gholdengo|Make It Rain|p2b: Kingambit|[spread] p2a,p2b\n|-resisted|p2a: Palafin\n|-resisted|p2b: Kingambit\n|-damage|p2a: Palafin|47\/100\n|-damage|p2b: Kingambit|0 fnt\n|-unboost|p1a: Gholdengo|spa|1\n|faint|p2b: Kingambit\n|\n|-heal|p1a: Gholdengo|31\/100|[from] item: Leftovers\n|upkeep\n|turn|10\n|\n|t:|1683939171\n|move|p1a: Gholdengo|Protect|p1a: Gholdengo\n|-singleturn|p1a: Gholdengo|Protect\n|move|p2a: Palafin|Wave Crash|p1a: Gholdengo\n|-activate|p1a: Gholdengo|move: Protect\n|\n|-heal|p1a: Gholdengo|37\/100|[from] item: Leftovers\n|upkeep\n|turn|11\n|\n|t:|1683939179\n|move|p2a: Palafin|Wave Crash|p1a: Gholdengo\n|-resisted|p1a: Gholdengo\n|-damage|p1a: Gholdengo|0 fnt\n|faint|p1a: Gholdengo\n|-damage|p2a: Palafin|36\/100|[from] Recoil\n|\n|win|L0LZ4N0m4\n|raw|Doggs tw's rating: 1307 → 1289<\/strong> (-18 for losing)\n|raw|L0LZ4N0m4's rating: 1350 → 1368<\/strong> (+18 for winning)\n|l|\u2606Doggs tw\n","uploadtime":1683939189,"views":12,"p1id":"doggstw","p2id":"l0lz4n0m4","formatid":"gen9vgc2023regulationc","rating":1289,"private":0,"password":""}