{"id":"gen9vgc2023regulationc-1854640294","p1":"NaughtyGirl-chan","p2":"mythical weavile","format":"[Gen 9] VGC 2023 Regulation C","log":"|j|\u2606NaughtyGirl-chan\n|j|\u2606mythical weavile\n|t:|1682841415\n|gametype|doubles\n|player|p1|NaughtyGirl-chan|iono|1361\n|player|p2|mythical weavile|170|1390\n|teamsize|p1|6\n|teamsize|p2|6\n|gen|9\n|tier|[Gen 9] VGC 2023 Regulation C\n|rated|\n|rule|Species Clause: Limit one of each Pok\u00e9mon\n|rule|Item Clause: Limit one of each item\n|clearpoke\n|poke|p1|Murkrow, L50, F|\n|poke|p1|Chi-Yu, L50|\n|poke|p1|Flutter Mane, L50|\n|poke|p1|Great Tusk, L50|\n|poke|p1|Brute Bonnet, L50|\n|poke|p1|Corviknight, L50, M|\n|poke|p2|Dondozo, L50, M|\n|poke|p2|Tatsugiri, L50, F|\n|poke|p2|Tinkaton, L50, F|\n|poke|p2|Gyarados, L50, F|\n|poke|p2|Tyranitar, L50, F|\n|poke|p2|Lycanroc, L50, F|\n|teampreview|4\n|inactive|Battle timer is ON: inactive players will automatically lose when time's up. (requested by mythical weavile)\n|inactive|NaughtyGirl-chan also wants the timer to be on.\n|inactive|NaughtyGirl-chan has 60 seconds left.\n|inactive|mythical weavile has 60 seconds left.\n|j| THUNDERSND77\n|inactive|NaughtyGirl-chan has 30 seconds left.\n|inactive|NaughtyGirl-chan has 20 seconds left.\n|inactive|NaughtyGirl-chan has 15 seconds left.\n|inactive|NaughtyGirl-chan has 10 seconds left.\n|\n|t:|1682841500\n|start\n|switch|p1a: Great Tusk|Great Tusk, L50|100\/100\n|switch|p1b: Corviknight|Corviknight, L50, M|100\/100\n|switch|p2a: Dondozo|Dondozo, L50, M|100\/100\n|switch|p2b: Gyarados|Gyarados, L50, F|100\/100\n|-ability|p2b: Gyarados|Intimidate|boost\n|-unboost|p1a: Great Tusk|atk|1\n|-ability|p1b: Corviknight|Mirror Armor\n|-unboost|p2b: Gyarados|atk|1\n|turn|1\n|inactive|mythical weavile has 30 seconds left.\n|inactive|mythical weavile has 20 seconds left.\n|inactive|mythical weavile has 15 seconds left.\n|\n|t:|1682841541\n|-end|p1a: Great Tusk|Protosynthesis|[silent]\n|switch|p1a: Brute Bonnet|Brute Bonnet, L50|100\/100\n|move|p2a: Dondozo|Protect|p2a: Dondozo\n|-singleturn|p2a: Dondozo|Protect\n|move|p2b: Gyarados|Thunder Wave|p1b: Corviknight\n|-status|p1b: Corviknight|par\n|move|p1b: Corviknight|U-turn|p2a: Dondozo\n|-activate|p2a: Dondozo|move: Protect\n|\n|upkeep\n|turn|2\n|inactive|mythical weavile has 30 seconds left.\n|inactive|mythical weavile has 20 seconds left.\n|\n|t:|1682841579\n|-end|p1a: Brute Bonnet|Protosynthesis|[silent]\n|switch|p1a: Murkrow|Murkrow, L50, F, shiny|100\/100\n|switch|p2a: Tyranitar|Tyranitar, L50, F|100\/100\n|-weather|Sandstorm|[from] ability: Sand Stream|[of] p2a: Tyranitar\n|-terastallize|p2b: Gyarados|Flying\n|move|p2b: Gyarados|Tera Blast|p1a: Murkrow\n|-damage|p1a: Murkrow|62\/100\n|move|p1b: Corviknight|U-turn|p2a: Tyranitar\n|-supereffective|p2a: Tyranitar\n|-damage|p2a: Tyranitar|50\/100\n|\n|t:|1682841591\n|switch|p1b: Brute Bonnet|Brute Bonnet, L50|100\/100|[from] U-turn\n|\n|-weather|Sandstorm|[upkeep]\n|-damage|p1a: Murkrow|56\/100|[from] Sandstorm\n|-damage|p1b: Brute Bonnet|95\/100|[from] Sandstorm\n|upkeep\n|turn|3\n|inactive|NaughtyGirl-chan has 30 seconds left.\n|\n|t:|1682841618\n|move|p1a: Murkrow|Tailwind|p1a: Murkrow\n|-sidestart|p1: NaughtyGirl-chan|move: Tailwind\n|move|p1b: Brute Bonnet|Bullet Seed|p2a: Tyranitar\n|-supereffective|p2a: Tyranitar\n|-damage|p2a: Tyranitar|29\/100\n|-supereffective|p2a: Tyranitar\n|-damage|p2a: Tyranitar|5\/100\n|-supereffective|p2a: Tyranitar\n|-damage|p2a: Tyranitar|0 fnt\n|faint|p2a: Tyranitar\n|-hitcount|p2: Tyranitar|3\n|move|p2b: Gyarados|Tera Blast|p1b: Brute Bonnet\n|-supereffective|p1b: Brute Bonnet\n|-damage|p1b: Brute Bonnet|25\/100\n|\n|-weather|Sandstorm|[upkeep]\n|-damage|p1a: Murkrow|50\/100|[from] Sandstorm\n|-damage|p1b: Brute Bonnet|19\/100|[from] Sandstorm\n|upkeep\n|\n|t:|1682841632\n|switch|p2a: Dondozo|Dondozo, L50, M|100\/100\n|turn|4\n|\n|t:|1682841656\n|switch|p1a: Corviknight|Corviknight, L50, M|100\/100 par\n|move|p2a: Dondozo|Protect|p2a: Dondozo\n|-singleturn|p2a: Dondozo|Protect\n|move|p1b: Brute Bonnet|Spore|p2b: Gyarados\n|-activate|p2b: Gyarados|item: Safety Goggles|Spore\n|move|p2b: Gyarados|Tera Blast|p1b: Brute Bonnet\n|-supereffective|p1b: Brute Bonnet\n|-damage|p1b: Brute Bonnet|0 fnt\n|faint|p1b: Brute Bonnet\n|-end|p1b: Brute Bonnet|Protosynthesis|[silent]\n|\n|-weather|Sandstorm|[upkeep]\n|-damage|p2a: Dondozo|94\/100|[from] Sandstorm\n|-heal|p2a: Dondozo|100\/100|[from] item: Leftovers\n|upkeep\n|\n|t:|1682841669\n|switch|p1b: Great Tusk|Great Tusk, L50|100\/100\n|turn|5\n|\n|t:|1682841686\n|switch|p2b: Tatsugiri|Tatsugiri, L50, F|100\/100\n|-activate|p2b: Tatsugiri|ability: Commander|[of] p2a: Dondozo\n|-boost|p2a: Dondozo|atk|2\n|-boost|p2a: Dondozo|spa|2\n|-boost|p2a: Dondozo|spe|2\n|-boost|p2a: Dondozo|def|2\n|-boost|p2a: Dondozo|spd|2\n|-terastallize|p1b: Great Tusk|Steel\n|move|p1b: Great Tusk|Rock Slide|p2a: Dondozo|[spread] p2a\n|-miss|p1b: Great Tusk|p2b: Tatsugiri\n|-damage|p2a: Dondozo|93\/100\n|cant|p2a: Dondozo|flinch\n|move|p1a: Corviknight|Brave Bird|p2b: Tatsugiri|[miss]\n|-miss|p1a: Corviknight|p2b: Tatsugiri\n|\n|-weather|Sandstorm|[upkeep]\n|-damage|p2b: Tatsugiri|94\/100|[from] Sandstorm\n|-damage|p2a: Dondozo|87\/100|[from] Sandstorm\n|-heal|p2a: Dondozo|93\/100|[from] item: Leftovers\n|upkeep\n|turn|6\n|inactive|mythical weavile has 30 seconds left.\n|\n|t:|1682841712\n|-end|p1b: Great Tusk|Protosynthesis|[silent]\n|switch|p1b: Murkrow|Murkrow, L50, F, shiny|50\/100\n|move|p2a: Dondozo|Wave Crash|p1a: Corviknight\n|-damage|p1a: Corviknight|11\/100 par\n|-damage|p2a: Dondozo|69\/100|[from] Recoil\n|move|p1a: Corviknight|Brave Bird|p2a: Dondozo\n|-crit|p2a: Dondozo\n|-damage|p2a: Dondozo|0 fnt\n|faint|p2a: Dondozo\n|-damage|p1a: Corviknight|0 fnt|[from] Recoil\n|faint|p1a: Corviknight\n|\n|-weather|none\n|-sideend|p1: NaughtyGirl-chan|move: Tailwind\n|upkeep\n|\n|t:|1682841725\n|switch|p1a: Great Tusk|Great Tusk, L50, tera:Steel|100\/100\n|switch|p2a: Gyarados|Gyarados, L50, F, tera:Flying|100\/100\n|-ability|p2a: Gyarados|Intimidate|boost\n|-unboost|p1a: Great Tusk|atk|1\n|-unboost|p1b: Murkrow|atk|1\n|turn|7\n|inactive|NaughtyGirl-chan has 30 seconds left.\n|\n|t:|1682841753\n|move|p1b: Murkrow|Haze|p1b: Murkrow\n|-clearallboost\n|move|p1a: Great Tusk|Rock Slide|p2b: Tatsugiri|[spread] p2a\n|-miss|p1a: Great Tusk|p2b: Tatsugiri\n|-supereffective|p2a: Gyarados\n|-damage|p2a: Gyarados|57\/100\n|move|p2b: Tatsugiri|Muddy Water|p1a: Great Tusk|[spread] p1a\n|-miss|p2b: Tatsugiri|p1b: Murkrow\n|-damage|p1a: Great Tusk|51\/100\n|move|p2a: Gyarados|Waterfall|p1a: Great Tusk\n|-damage|p1a: Great Tusk|20\/100\n|\n|upkeep\n|turn|8\n|\n|t:|1682841769\n|move|p1b: Murkrow|Sunny Day|p1b: Murkrow\n|-weather|SunnyDay\n|-activate|p1a: Great Tusk|ability: Protosynthesis\n|-start|p1a: Great Tusk|protosynthesisatk\n|move|p1a: Great Tusk|Rock Slide|p2b: Tatsugiri|[spread] p2a,p2b\n|-supereffective|p2a: Gyarados\n|-crit|p2a: Gyarados\n|-damage|p2a: Gyarados|0 fnt\n|-damage|p2b: Tatsugiri|49\/100\n|faint|p2a: Gyarados\n|move|p2b: Tatsugiri|Muddy Water|p1b: Murkrow|[spread] p1a,p1b\n|-damage|p1a: Great Tusk|0 fnt\n|-damage|p1b: Murkrow|33\/100\n|faint|p1a: Great Tusk\n|-end|p1a: Great Tusk|Protosynthesis|[silent]\n|\n|-weather|SunnyDay|[upkeep]\n|upkeep\n|turn|9\n|\n|t:|1682841780\n|move|p2b: Tatsugiri|Muddy Water|p1b: Murkrow\n|-damage|p1b: Murkrow|8\/100\n|-unboost|p1b: Murkrow|accuracy|1\n|move|p1b: Murkrow|Foul Play|p2b: Tatsugiri\n|-damage|p2b: Tatsugiri|26\/100\n|\n|-weather|SunnyDay|[upkeep]\n|upkeep\n|turn|10\n|\n|t:|1682841788\n|move|p2b: Tatsugiri|Muddy Water|p1b: Murkrow\n|-damage|p1b: Murkrow|0 fnt\n|faint|p1b: Murkrow\n|\n|win|mythical weavile\n|raw|NaughtyGirl-chan's rating: 1361 → 1343<\/strong> (-18 for losing)\n|raw|mythical weavile's rating: 1390 → 1408<\/strong> (+18 for winning)\n","uploadtime":1682841793,"views":19,"p1id":"naughtygirlchan","p2id":"mythicalweavile","formatid":"gen9vgc2023regulationc","rating":1343,"private":0,"password":""}