{"id":"gen9vgc2023regulationc-1850843972","p1":"Radio Free C-Side","p2":"Wixums","format":"[Gen 9] VGC 2023 Regulation C","log":"|j|\u2606Radio Free C-Side\n|j|\u2606Wixums\n|t:|1682373535\n|gametype|doubles\n|player|p1|Radio Free C-Side|steven|\n|player|p2|Wixums|wicke|\n|teamsize|p1|6\n|teamsize|p2|6\n|gen|9\n|tier|[Gen 9] VGC 2023 Regulation C\n|rated|Tournament battle\n|rule|Species Clause: Limit one of each Pok\u00e9mon\n|rule|Item Clause: Limit one of each item\n|clearpoke\n|poke|p1|Dragapult, L50, M|\n|poke|p1|Stantler, L50, F|\n|poke|p1|Kingambit, L50, F|\n|poke|p1|Hatterene, L50, F|\n|poke|p1|Indeedee-F, L50, F|\n|poke|p1|Iron Hands, L50|\n|poke|p2|Chi-Yu, L50|\n|poke|p2|Amoonguss, L50, F|\n|poke|p2|Gyarados, L50, M|\n|poke|p2|Flutter Mane, L50|\n|poke|p2|Garchomp, L50, F|\n|poke|p2|Kingambit, L50, F|\n|teampreview|4\n|raw| Open Team Sheet for Radio Free C-Side<\/summary>Dragapult @ Choice Band Ability: Clear Body Level: 50 Tera Type: Steel - Dragon Darts - Phantom Force - Tera Blast - Facade Stantler @ Eviolite Ability: Intimidate Level: 50 Tera Type: Ghost - Skill Swap - Trick Room - Bulldoze - Shadow Ball Kingambit @ Weakness Policy Ability: Defiant Level: 50 Tera Type: Flying - Tera Blast - Kowtow Cleave - Protect - Sucker Punch Hatterene (F) @ Life Orb Ability: Magic Bounce Level: 50 Tera Type: Fairy - Dazzling Gleam - Psyshock - Protect - Trick Room Indeedee (Indeedee-F) (F) @ Psychic Seed Ability: Psychic Surge Level: 50 Tera Type: Fairy - Trick Room - Follow Me - Helping Hand - Heal Pulse Iron Hands @ Safety Goggles Ability: Quark Drive Level: 50 Tera Type: Fire - Fake Out - Swords Dance - Drain Punch - Wild Charge <\/details><\/div> Open Team Sheet for Wixums<\/summary>Chi-Yu @ Focus Sash Ability: Beads of Ruin Level: 50 Tera Type: Flying - Dark Pulse - Protect - Flamethrower - Heat Wave Amoonguss @ Sitrus Berry Ability: Regenerator Level: 50 Tera Type: Water - Spore - Rage Powder - Clear Smog - Pollen Puff Gyarados @ Lum Berry Ability: Intimidate Level: 50 Shiny: Yes Tera Type: Steel - Waterfall - Protect - Thunder Wave - Iron Head Flutter Mane @ Choice Specs Ability: Protosynthesis Level: 50 Shiny: Yes Tera Type: Fairy - Shadow Ball - Moonblast - Dazzling Gleam - Thunderbolt Garchomp @ Choice Scarf Ability: Rough Skin Level: 50 Tera Type: Steel - Earthquake - Stomping Tantrum - Dragon Claw - Rock Slide Kingambit @ Assault Vest Ability: Defiant Level: 50 Tera Type: Flying - Sucker Punch - Iron Head - Kowtow Cleave - Low Kick <\/details><\/div>\n|c|\u2606Radio Free C-Side|glhf\n|inactive|Battle timer is ON: inactive players will automatically lose when time's up. (requested by Radio Free C-Side)\n|\n|t:|1682373605\n|start\n|switch|p1a: Indeedee|Indeedee-F, L50, F|100\/100\n|switch|p1b: Dragapult|Dragapult, L50, M|100\/100\n|switch|p2a: Garchomp|Garchomp, L50, F|100\/100\n|switch|p2b: Kingambit|Kingambit, L50, F|100\/100\n|-fieldstart|move: Psychic Terrain|[from] ability: Psychic Surge|[of] p1a: Indeedee\n|-enditem|p1a: Indeedee|Psychic Seed\n|-boost|p1a: Indeedee|spd|1|[from] item: Psychic Seed\n|turn|1\n|inactive|Wixums has 30 seconds left.\n|inactive|Wixums has 20 seconds left.\n|\n|t:|1682373641\n|move|p2a: Garchomp|Rock Slide|p1b: Dragapult|[spread] p1a,p1b\n|-damage|p1a: Indeedee|78\/100\n|-damage|p1b: Dragapult|67\/100\n|cant|p1b: Dragapult|flinch\n|move|p2b: Kingambit|Kowtow Cleave|p1b: Dragapult\n|-supereffective|p1b: Dragapult\n|-damage|p1b: Dragapult|0 fnt\n|faint|p1b: Dragapult\n|cant|p1a: Indeedee|flinch\n|\n|upkeep\n|c|\u2606Wixums|:I\n|c|\u2606Radio Free C-Side|well\n|\n|t:|1682373657\n|switch|p1b: Hatterene|Hatterene, L50, F|100\/100\n|turn|2\n|c|\u2606Wixums|Agency Flinch\n|inactive|Wixums has 30 seconds left.\n|\n|t:|1682373689\n|-terastallize|p2a: Garchomp|Steel\n|move|p2a: Garchomp|Rock Slide|p1a: Indeedee|[spread] p1a,p1b\n|-damage|p1a: Indeedee|58\/100\n|-damage|p1b: Hatterene|77\/100\n|move|p2b: Kingambit|Kowtow Cleave|p1a: Indeedee\n|-supereffective|p1a: Indeedee\n|-damage|p1a: Indeedee|0 fnt\n|faint|p1a: Indeedee\n|cant|p1b: Hatterene|flinch\n|\n|upkeep\n|c|\u2606Wixums|BRUH\n|\n|t:|1682373699\n|switch|p1a: Iron Hands|Iron Hands, L50|100\/100\n|turn|3\n|c|\u2606Radio Free C-Side|I'm gonna go lie down\n|c|\u2606Wixums|Listen listen\n|\n|t:|1682373718\n|move|p1b: Hatterene|Protect|p1b: Hatterene\n|-singleturn|p1b: Hatterene|Protect\n|move|p2a: Garchomp|Rock Slide|p1a: Iron Hands|[spread] p1a\n|-activate|p1b: Hatterene|move: Protect\n|-resisted|p1a: Iron Hands\n|-damage|p1a: Iron Hands|93\/100\n|move|p2b: Kingambit|Iron Head|p1b: Hatterene\n|-activate|p1b: Hatterene|move: Protect\n|move|p1a: Iron Hands|Drain Punch|p2b: Kingambit\n|-supereffective|p2b: Kingambit\n|-damage|p2b: Kingambit|0 fnt\n|-heal|p1a: Iron Hands|100\/100|[from] drain|[of] p2b: Kingambit\n|faint|p2b: Kingambit\n|\n|upkeep\n|c|\u2606Wixums|Take some tylenol\n|c|\u2606Wixums|just\n|c|\u2606Wixums|make a day of it\n|\n|t:|1682373734\n|switch|p2b: Flutter Mane|Flutter Mane, L50, shiny|100\/100\n|turn|4\n|\n|t:|1682373748\n|switch|p2a: Chi-Yu|Chi-Yu, L50|100\/100\n|-ability|p2a: Chi-Yu|Beads of Ruin\n|-terastallize|p1a: Iron Hands|Fire\n|move|p2b: Flutter Mane|Moonblast|p1a: Iron Hands\n|-resisted|p1a: Iron Hands\n|-damage|p1a: Iron Hands|61\/100\n|-unboost|p1a: Iron Hands|spa|1\n|move|p1a: Iron Hands|Wild Charge|p2b: Flutter Mane\n|-damage|p2b: Flutter Mane|10\/100\n|-damage|p1a: Iron Hands|47\/100|[from] Recoil\n|move|p1b: Hatterene|Trick Room|p1b: Hatterene\n|-fieldstart|move: Trick Room|[of] p1b: Hatterene\n|\n|upkeep\n|turn|5\n|\n|t:|1682373765\n|move|p2a: Chi-Yu|Protect|p2a: Chi-Yu\n|-singleturn|p2a: Chi-Yu|Protect\n|move|p1b: Hatterene|Dazzling Gleam|p2b: Flutter Mane|[spread] p2b\n|-activate|p2a: Chi-Yu|move: Protect\n|-damage|p2b: Flutter Mane|0 fnt\n|faint|p2b: Flutter Mane\n|-end|p2b: Flutter Mane|Protosynthesis|[silent]\n|-damage|p1b: Hatterene|67\/100|[from] item: Life Orb\n|move|p1a: Iron Hands|Drain Punch|p2a: Chi-Yu\n|-activate|p2a: Chi-Yu|move: Protect\n|\n|-fieldend|move: Psychic Terrain\n|upkeep\n|\n|t:|1682373776\n|switch|p2b: Garchomp|Garchomp, L50, F, tera:Steel|100\/100\n|turn|6\n|\n|t:|1682373785\n|move|p1b: Hatterene|Dazzling Gleam|p2a: Chi-Yu|[spread] p2a,p2b\n|-resisted|p2b: Garchomp\n|-damage|p2a: Chi-Yu|44\/100\n|-damage|p2b: Garchomp|66\/100\n|-damage|p1b: Hatterene|57\/100|[from] item: Life Orb\n|move|p1a: Iron Hands|Drain Punch|p2b: Garchomp\n|-supereffective|p2b: Garchomp\n|-crit|p2b: Garchomp\n|-damage|p2b: Garchomp|0 fnt\n|-heal|p1a: Iron Hands|74\/100|[from] drain|[of] p2b: Garchomp\n|-damage|p1a: Iron Hands|62\/100|[from] ability: Rough Skin|[of] p2b: Garchomp\n|faint|p2b: Garchomp\n|move|p2a: Chi-Yu|Flamethrower|p1b: Hatterene\n|-damage|p1b: Hatterene|0 fnt\n|faint|p1b: Hatterene\n|\n|upkeep\n|turn|7\n|\n|t:|1682373799\n|move|p2a: Chi-Yu|Protect|p2a: Chi-Yu\n|-singleturn|p2a: Chi-Yu|Protect\n|move|p1a: Iron Hands|Drain Punch|p2a: Chi-Yu\n|-activate|p2a: Chi-Yu|move: Protect\n|\n|upkeep\n|turn|8\n|\n|t:|1682373804\n|move|p2a: Chi-Yu|Protect||[still]\n|-fail|p2a: Chi-Yu\n|move|p1a: Iron Hands|Drain Punch|p2a: Chi-Yu\n|-supereffective|p2a: Chi-Yu\n|-damage|p2a: Chi-Yu|0 fnt\n|-heal|p1a: Iron Hands|75\/100|[from] drain|[of] p2a: Chi-Yu\n|faint|p2a: Chi-Yu\n|\n|win|Radio Free C-Side\n|n|\u2606Radio Free C-Side|radiofreecside\n|n|\u2606Wixums|wixums\n|c|\u2606Radio Free C-Side|gg\n|c|\u2606Wixums|gg\n","uploadtime":1682373814,"views":12,"p1id":"radiofreecside","p2id":"wixums","formatid":"gen9vgc2023regulationc","rating":0,"private":0,"password":""}