{"id":"gen9vgc2023regulationc-1845947442","p1":"ArgoMcDorko","p2":"4uzz","format":"[Gen 9] VGC 2023 Regulation C","log":"|j|\u2606ArgoMcDorko\n|j|\u26064uzz\n|t:|1681782567\n|gametype|doubles\n|player|p1|ArgoMcDorko|drayden|1051\n|player|p2|4uzz|crasherwake|1146\n|teamsize|p1|6\n|teamsize|p2|6\n|gen|9\n|tier|[Gen 9] VGC 2023 Regulation C\n|rated|\n|rule|Species Clause: Limit one of each Pok\u00e9mon\n|rule|Item Clause: Limit one of each item\n|clearpoke\n|poke|p1|Ceruledge, L50, M|\n|poke|p1|Amoonguss, L50, M|\n|poke|p1|Wo-Chien, L50|\n|poke|p1|Palafin, L50, M|\n|poke|p1|Grimmsnarl, L50, M|\n|poke|p1|Chi-Yu, L50|\n|poke|p2|Lilligant, L50, F|\n|poke|p2|Torkoal, L50, M|\n|poke|p2|Flutter Mane, L50|\n|poke|p2|Dragonite, L50, M|\n|poke|p2|Great Tusk, L50|\n|poke|p2|Iron Hands, L50|\n|teampreview|4\n|inactive|Battle timer is ON: inactive players will automatically lose when time's up. (requested by 4uzz)\n|inactive|ArgoMcDorko also wants the timer to be on.\n|\n|t:|1681782593\n|start\n|switch|p1a: Me|Ceruledge, L50, M|100\/100\n|switch|p1b: Pabafin|Palafin, L50, M|100\/100\n|switch|p2a: Cardi D|Flutter Mane, L50|100\/100\n|switch|p2b: WENAW|Iron Hands, L50|100\/100\n|turn|1\n|c|\u2606ArgoMcDorko|NiCkNaMeS\n|c|\u2606ArgoMcDorko|!!!\n|inactive|ArgoMcDorko has 30 seconds left.\n|inactive|4uzz has 30 seconds left.\n|\n|t:|1681782625\n|detailschange|p1b: Pabafin|Palafin-Hero, L50, M\n|switch|p1b: Amogus|Amoonguss, L50, M, shiny|100\/100\n|move|p2b: WENAW|Fake Out|p1b: Amogus\n|-damage|p1b: Amogus|86\/100\n|move|p1a: Me|Shadow Sneak|p2a: Cardi D\n|-supereffective|p2a: Cardi D\n|-damage|p2a: Cardi D|29\/100\n|move|p2a: Cardi D|Trick Room|p2a: Cardi D\n|-fieldstart|move: Trick Room|[of] p2a: Cardi D\n|-enditem|p2a: Cardi D|Room Service\n|-unboost|p2a: Cardi D|spe|1|[from] item: Room Service\n|\n|upkeep\n|turn|2\n|\n|t:|1681782648\n|move|p1a: Me|Shadow Sneak|p2a: Cardi D\n|-supereffective|p2a: Cardi D\n|-damage|p2a: Cardi D|0 fnt\n|faint|p2a: Cardi D\n|-end|p2a: Cardi D|Protosynthesis|[silent]\n|move|p1b: Amogus|Spore|p2b: WENAW\n|-status|p2b: WENAW|slp|[from] move: Spore\n|cant|p2b: WENAW|slp\n|\n|upkeep\n|c|\u2606ArgoMcDorko|Uh?\n|\n|t:|1681782658\n|switch|p2a: NLE Torkoal|Torkoal, L50, M|100\/100\n|-weather|SunnyDay|[from] ability: Drought|[of] p2a: NLE Torkoal\n|turn|3\n|\n|t:|1681782674\n|move|p2a: NLE Torkoal|Eruption|p1b: Amogus|[spread] p1b\n|-start|p1a: Me|ability: Flash Fire\n|-supereffective|p1b: Amogus\n|-damage|p1b: Amogus|0 fnt\n|faint|p1b: Amogus\n|-curestatus|p2b: WENAW|slp|[msg]\n|move|p2b: WENAW|Wild Charge|p1a: Me\n|-damage|p1a: Me|28\/100\n|-enditem|p1a: Me|Sitrus Berry|[eat]\n|-heal|p1a: Me|53\/100|[from] item: Sitrus Berry\n|-damage|p2b: WENAW|88\/100|[from] Recoil\n|move|p1a: Me|Bitter Blade|p2a: NLE Torkoal\n|-resisted|p2a: NLE Torkoal\n|-damage|p2a: NLE Torkoal|60\/100\n|-heal|p1a: Me|75\/100|[from] drain|[of] p2a: NLE Torkoal\n|\n|-weather|SunnyDay|[upkeep]\n|upkeep\n|\n|t:|1681782691\n|switch|p1b: Pabafin|Palafin-Hero, L50, M|100\/100\n|-activate|p1b: Pabafin|ability: Zero to Hero\n|turn|4\n|\n|t:|1681782702\n|-terastallize|p2a: NLE Torkoal|Grass\n|move|p1b: Pabafin|Jet Punch|p2a: NLE Torkoal\n|-resisted|p2a: NLE Torkoal\n|-damage|p2a: NLE Torkoal|51\/100\n|move|p2a: NLE Torkoal|Solar Beam||[still]\n|-prepare|p2a: NLE Torkoal|Solar Beam\n|-anim|p2a: NLE Torkoal|Solar Beam|p1b: Pabafin\n|-supereffective|p1b: Pabafin\n|-damage|p1b: Pabafin|0 fnt\n|faint|p1b: Pabafin\n|move|p2b: WENAW|Wild Charge|p1a: Me\n|-damage|p1a: Me|7\/100\n|-damage|p2b: WENAW|77\/100|[from] Recoil\n|move|p1a: Me|Bitter Blade|p2a: NLE Torkoal\n|-supereffective|p2a: NLE Torkoal\n|-damage|p2a: NLE Torkoal|0 fnt\n|-heal|p1a: Me|35\/100|[from] drain|[of] p2a: NLE Torkoal\n|faint|p2a: NLE Torkoal\n|\n|-weather|SunnyDay|[upkeep]\n|upkeep\n|\n|t:|1681782722\n|switch|p2a: Boaz|Great Tusk, L50|100\/100\n|switch|p1b: SnapThatChildsBack|Chi-Yu, L50|100\/100\n|-ability|p1b: SnapThatChildsBack|Beads of Ruin\n|-activate|p2a: Boaz|ability: Protosynthesis\n|-start|p2a: Boaz|protosynthesisatk\n|turn|5\n|\n|t:|1681782739\n|move|p1a: Me|Shadow Sneak|p2b: WENAW\n|-damage|p2b: WENAW|60\/100\n|move|p2b: WENAW|Close Combat|p1b: SnapThatChildsBack\n|-supereffective|p1b: SnapThatChildsBack\n|-crit|p1b: SnapThatChildsBack\n|-damage|p1b: SnapThatChildsBack|0 fnt\n|-unboost|p2b: WENAW|def|1\n|-unboost|p2b: WENAW|spd|1\n|faint|p1b: SnapThatChildsBack\n|move|p2a: Boaz|Earthquake|p1a: Me|[spread] p2b,p1a\n|-supereffective|p2b: WENAW\n|-supereffective|p1a: Me\n|-damage|p2b: WENAW|0 fnt\n|-damage|p1a: Me|0 fnt\n|faint|p2b: WENAW\n|-end|p2b: WENAW|Quark Drive|[silent]\n|faint|p1a: Me\n|\n|win|4uzz\n|raw|ArgoMcDorko's rating: 1051 → 1038<\/strong> (-13 for losing)\n|raw|4uzz's rating: 1146 → 1164<\/strong> (+18 for winning)\n|l|\u2606ArgoMcDorko\n","uploadtime":1681782783,"views":11,"p1id":"argomcdorko","p2id":"4uzz","formatid":"gen9vgc2023regulationc","rating":1038,"private":0,"password":""}