{"id":"gen9vgc2023regulationc-1863978799","p1":"esotilin12345678","p2":"nickfang6","format":"[Gen 9] VGC 2023 Regulation C","log":"|j|\u2606esotilin12345678\n|j|\u2606nickfang6\n|t:|1684100625\n|gametype|doubles\n|player|p1|esotilin12345678|hilbert-wonderlauncher|1393\n|player|p2|nickfang6|101|1488\n|teamsize|p1|6\n|teamsize|p2|6\n|gen|9\n|tier|[Gen 9] VGC 2023 Regulation C\n|rated|\n|rule|Species Clause: Limit one of each Pok\u00e9mon\n|rule|Item Clause: Limit one of each item\n|clearpoke\n|poke|p1|Ceruledge, L50, M|\n|poke|p1|Gyarados, L50, M|\n|poke|p1|Amoonguss, L50, M|\n|poke|p1|Klefki, L50, F|\n|poke|p1|Flutter Mane, L50|\n|poke|p1|Garchomp, L50, M|\n|poke|p2|Iron Bundle, L50|\n|poke|p2|Flutter Mane, L50|\n|poke|p2|Chien-Pao, L50|\n|poke|p2|Kingambit, L50, M|\n|poke|p2|Scizor, L50, F|\n|poke|p2|Great Tusk, L50|\n|teampreview|4\n|inactive|Battle timer is ON: inactive players will automatically lose when time's up. (requested by nickfang6)\nnickfang6 has agreed to open team sheets.\n|inactive|esotilin12345678 has 60 seconds left.\n|inactive|nickfang6 has 60 seconds left.\nesotilin12345678 has agreed to open team sheets.\n|inactive|esotilin12345678 has 30 seconds left.\n|inactive|nickfang6 has 30 seconds left.\n|inactive|nickfang6 has 20 seconds left.\n|inactive|nickfang6 has 15 seconds left.\n|j| Chi Yu Trick room\n|\n|t:|1684100710\n|start\n|switch|p1a: Klefki|Klefki, L50, F|100\/100\n|switch|p1b: Ceruledge|Ceruledge, L50, M|100\/100\n|switch|p2a: Chien-Pao|Chien-Pao, L50|100\/100\n|switch|p2b: Great Tusk|Great Tusk, L50|100\/100\n|-ability|p2a: Chien-Pao|Sword of Ruin\n|turn|1\n|\n|t:|1684100730\n|switch|p1b: Gyarados|Gyarados, L50, M, shiny|100\/100\n|-ability|p1b: Gyarados|Intimidate|boost\n|-unboost|p2a: Chien-Pao|atk|1\n|-unboost|p2b: Great Tusk|atk|1\n|-terastallize|p2a: Chien-Pao|Flying\n|move|p1a: Klefki|Reflect|p1a: Klefki\n|-sidestart|p1: esotilin12345678|Reflect\n|move|p2b: Great Tusk|Earthquake|p1b: Gyarados|[spread] p1a\n|-immune|p2a: Chien-Pao\n|-immune|p1b: Gyarados\n|-supereffective|p1a: Klefki\n|-damage|p1a: Klefki|59\/100\n|move|p2a: Chien-Pao|Ice Spinner|p1b: Gyarados\n|-damage|p1b: Gyarados|76\/100\n|\n|upkeep\n|turn|2\n|inactive|esotilin12345678 has 30 seconds left.\n|\n|t:|1684100758\n|-end|p2b: Great Tusk|Protosynthesis|[silent]\n|switch|p2b: Kingambit|Kingambit, L50, M|100\/100\n|switch|p2a: Iron Bundle|Iron Bundle, L50|100\/100\n|-enditem|p2a: Iron Bundle|Booster Energy\n|-activate|p2a: Iron Bundle|ability: Quark Drive|[fromitem]\n|-start|p2a: Iron Bundle|quarkdrivespe\n|move|p1a: Klefki|Thunder Wave|p2a: Iron Bundle\n|-status|p2a: Iron Bundle|par\n|move|p1b: Gyarados|Icy Wind|p2a: Iron Bundle|[spread] p2a,p2b\n|-resisted|p2a: Iron Bundle\n|-resisted|p2b: Kingambit\n|-damage|p2a: Iron Bundle|97\/100 par\n|-damage|p2b: Kingambit|99\/100\n|-unboost|p2a: Iron Bundle|spe|1\n|-unboost|p2b: Kingambit|spe|1\n|-ability|p2b: Kingambit|Defiant|boost\n|-boost|p2b: Kingambit|atk|2\n|\n|upkeep\n|turn|3\n|\n|t:|1684100779\n|-terastallize|p1b: Gyarados|Electric\n|move|p2a: Iron Bundle|Icy Wind|p1a: Klefki|[spread] p1a,p1b\n|-resisted|p1a: Klefki\n|-damage|p1a: Klefki|49\/100\n|-damage|p1b: Gyarados|61\/100\n|-unboost|p1a: Klefki|spe|1\n|-unboost|p1b: Gyarados|spe|1\n|move|p1b: Gyarados|Waterfall|p2b: Kingambit\n|-damage|p2b: Kingambit|72\/100\n|move|p1a: Klefki|Foul Play|p2b: Kingambit\n|-resisted|p2b: Kingambit\n|-damage|p2b: Kingambit|47\/100\n|move|p2b: Kingambit|Brick Break|p1a: Klefki\n|-sideend|p1: esotilin12345678|Reflect\n|-damage|p1a: Klefki|0 fnt\n|faint|p1a: Klefki\n|\n|upkeep\n|\n|t:|1684100800\n|switch|p1a: Garchomp|Garchomp, L50, M|100\/100\n|turn|4\n|\n|t:|1684100815\n|move|p1b: Gyarados|Protect|p1b: Gyarados\n|-singleturn|p1b: Gyarados|Protect\n|move|p2b: Kingambit|Sucker Punch||[still]\n|-fail|p2b: Kingambit\n|move|p1a: Garchomp|Earthquake|p2b: Kingambit|[spread] p2a,p2b\n|-activate|p1b: Gyarados|move: Protect\n|-supereffective|p2b: Kingambit\n|-damage|p2a: Iron Bundle|49\/100 par\n|-damage|p2b: Kingambit|0 fnt\n|faint|p2b: Kingambit\n|cant|p2a: Iron Bundle|par\n|\n|upkeep\n|\n|t:|1684100827\n|switch|p2b: Chien-Pao|Chien-Pao, L50, tera:Flying|100\/100\n|-ability|p2b: Chien-Pao|Sword of Ruin\n|turn|5\n|\n|t:|1684100845\n|switch|p1a: Ceruledge|Ceruledge, L50, M|100\/100\n|move|p2b: Chien-Pao|Ice Spinner|p1a: Ceruledge\n|-resisted|p1a: Ceruledge\n|-damage|p1a: Ceruledge|68\/100\n|cant|p2a: Iron Bundle|par\n|move|p1b: Gyarados|Icy Wind|p2b: Chien-Pao|[spread] \n|-miss|p1b: Gyarados|p2a: Iron Bundle\n|-miss|p1b: Gyarados|p2b: Chien-Pao\n|\n|upkeep\n|turn|6\n|inactive|nickfang6 has 30 seconds left.\n|\n|t:|1684100872\n|move|p2b: Chien-Pao|Protect|p2b: Chien-Pao\n|-singleturn|p2b: Chien-Pao|Protect\n|move|p1a: Ceruledge|Shadow Sneak|p2b: Chien-Pao\n|-activate|p2b: Chien-Pao|move: Protect\n|cant|p2a: Iron Bundle|par\n|move|p1b: Gyarados|Waterfall|p2b: Chien-Pao\n|-activate|p2b: Chien-Pao|move: Protect\n|\n|upkeep\n|turn|7\n|\n|t:|1684100897\n|move|p2b: Chien-Pao|Sucker Punch|p1b: Gyarados\n|-damage|p1b: Gyarados|14\/100\n|move|p1a: Ceruledge|Shadow Sneak|p2b: Chien-Pao\n|-damage|p2b: Chien-Pao|72\/100\n|move|p2a: Iron Bundle|Icy Wind|p1b: Gyarados|[spread] p1a,p1b\n|-resisted|p1a: Ceruledge\n|-damage|p1a: Ceruledge|57\/100\n|-damage|p1b: Gyarados|0 fnt\n|faint|p1b: Gyarados\n|\n|upkeep\n|-message|esotilin12345678 forfeited.\n|\n|win|nickfang6\n|raw|esotilin12345678's rating: 1393 → 1378<\/strong> (-15 for losing)\n|raw|nickfang6's rating: 1488 → 1503<\/strong> (+15 for winning)\n|l|\u2606esotilin12345678\n","uploadtime":1684100909,"views":13,"p1id":"esotilin12345678","p2id":"nickfang6","formatid":"gen9vgc2023regulationc","rating":1378,"private":0,"password":""}