{"id":"gen9vgc2023regulationc-1846454149","p1":"charlie0301","p2":"bronzongbroomsvgc","format":"[Gen 9] VGC 2023 Regulation C","log":"|j|\u2606charlie0301\n|j|\u2606bronzongbroomsvgc\n|t:|1681842160\n|gametype|doubles\n|player|p1|charlie0301|265|\n|player|p2|bronzongbroomsvgc|265|\n|teamsize|p1|6\n|teamsize|p2|6\n|gen|9\n|tier|[Gen 9] VGC 2023 Regulation C\n|rule|Species Clause: Limit one of each Pok\u00e9mon\n|rule|Item Clause: Limit one of each item\n|clearpoke\n|poke|p1|Ting-Lu, L50|\n|poke|p1|Gothitelle, L50, M|\n|poke|p1|Flutter Mane, L50|\n|poke|p1|Amoonguss, L50, F|\n|poke|p1|Iron Hands, L50|\n|poke|p1|Arcanine, L50, F|\n|poke|p2|Goodra, L50, F|\n|poke|p2|Wo-Chien, L50|\n|poke|p2|Pelipper, L50, M|\n|poke|p2|Corviknight, L50, M|\n|poke|p2|Tatsugiri-Droopy, L50, F|\n|poke|p2|Dondozo, L50, M|\n|teampreview|4\n|inactive|Battle timer is ON: inactive players will automatically lose when time's up. (requested by charlie0301)\n|inactiveoff|Battle timer is now OFF.\n|c|\u2606bronzongbroomsvgc|g1\ncharlie0301 has agreed to open team sheets.\nbronzongbroomsvgc has agreed to open team sheets.\n|c|\u2606bronzongbroomsvgc|glhf\n|\n|t:|1681842250\n|start\n|switch|p1a: Void Fiend|Flutter Mane, L50|100\/100\n|switch|p1b: Captain|Arcanine, L50, F|100\/100\n|switch|p2a: Corviknight|Corviknight, L50, M|100\/100\n|switch|p2b: Pelipper|Pelipper, L50, M|100\/100\n|-ability|p1b: Captain|Intimidate|boost\n|-ability|p2a: Corviknight|Mirror Armor\n|-unboost|p1b: Captain|atk|1\n|-unboost|p2b: Pelipper|atk|1\n|-weather|RainDance|[from] ability: Drizzle|[of] p2b: Pelipper\n|turn|1\n|\n|t:|1681842283\n|switch|p1b: Artificer|Gothitelle, L50, M|100\/100\n|move|p1a: Void Fiend|Perish Song|p1a: Void Fiend\n|-start|p1a: Void Fiend|perish3|[silent]\n|-start|p1b: Artificer|perish3|[silent]\n|-start|p2a: Corviknight|perish3|[silent]\n|-start|p2b: Pelipper|perish3|[silent]\n|-fieldactivate|move: Perish Song\n|move|p2a: Corviknight|Brave Bird|p1a: Void Fiend\n|-enditem|p1a: Void Fiend|Focus Sash\n|-damage|p1a: Void Fiend|1\/100\n|-damage|p2a: Corviknight|76\/100|[from] Recoil\n|move|p2b: Pelipper|Hydro Pump|p1b: Artificer\n|-damage|p1b: Artificer|55\/100\n|\n|-weather|RainDance|[upkeep]\n|-start|p1a: Void Fiend|perish3\n|-start|p2a: Corviknight|perish3\n|-start|p2b: Pelipper|perish3\n|-start|p1b: Artificer|perish3\n|upkeep\n|turn|2\n|\n|t:|1681842330\n|-terastallize|p1b: Artificer|Water\n|move|p1a: Void Fiend|Protect|p1a: Void Fiend\n|-singleturn|p1a: Void Fiend|Protect\n|move|p1b: Artificer|Fake Out|p2a: Corviknight\n|-resisted|p2a: Corviknight\n|-damage|p2a: Corviknight|73\/100\n|cant|p2a: Corviknight|flinch\n|move|p2b: Pelipper|Hurricane|p1a: Void Fiend\n|-activate|p1a: Void Fiend|move: Protect\n|\n|-weather|RainDance|[upkeep]\n|-start|p1a: Void Fiend|perish2\n|-start|p2a: Corviknight|perish2\n|-start|p2b: Pelipper|perish2\n|-start|p1b: Artificer|perish2\n|upkeep\n|turn|3\n|\n|t:|1681842363\n|-end|p1a: Void Fiend|Protosynthesis|[silent]\n|switch|p1a: Loader|Iron Hands, L50|100\/100\n|move|p1b: Artificer|Protect|p1b: Artificer\n|-singleturn|p1b: Artificer|Protect\n|move|p2a: Corviknight|Brave Bird|p1b: Artificer\n|-activate|p1b: Artificer|move: Protect\n|move|p2b: Pelipper|Hurricane|p1a: Loader\n|-damage|p1a: Loader|81\/100\n|\n|-weather|RainDance|[upkeep]\n|-start|p2a: Corviknight|perish1\n|-start|p1b: Artificer|perish1\n|-start|p2b: Pelipper|perish1\n|upkeep\n|turn|4\n|\n|t:|1681842396\n|switch|p1b: Void Fiend|Flutter Mane, L50|1\/100\n|move|p1a: Loader|Fake Out|p2a: Corviknight\n|-resisted|p2a: Corviknight\n|-damage|p2a: Corviknight|65\/100\n|cant|p2a: Corviknight|flinch\n|move|p2b: Pelipper|Hurricane|p1b: Void Fiend\n|-damage|p1b: Void Fiend|0 fnt\n|faint|p1b: Void Fiend\n|-end|p1b: Void Fiend|Protosynthesis|[silent]\n|\n|-weather|RainDance|[upkeep]\n|-start|p2a: Corviknight|perish0\n|-start|p2b: Pelipper|perish0\n|upkeep\n|faint|p2a: Corviknight\n|faint|p2b: Pelipper\n|\n|t:|1681842418\n|switch|p1b: Artificer|Gothitelle, L50, M, tera:Water|55\/100\n|switch|p2a: Dondozo|Dondozo, L50, M|100\/100\n|switch|p2b: Tatsugiri|Tatsugiri-Droopy, L50, F, shiny|100\/100\n|-activate|p2b: Tatsugiri|ability: Commander|[of] p2a: Dondozo\n|-boost|p2a: Dondozo|atk|2\n|-boost|p2a: Dondozo|spa|2\n|-boost|p2a: Dondozo|spe|2\n|-boost|p2a: Dondozo|def|2\n|-boost|p2a: Dondozo|spd|2\n|turn|5\n|\n|t:|1681842433\n|-terastallize|p2a: Dondozo|Water\n|move|p2a: Dondozo|Protect|p2a: Dondozo\n|-singleturn|p2a: Dondozo|Protect\n|move|p1b: Artificer|Fake Out|p2a: Dondozo\n|-activate|p2a: Dondozo|move: Protect\n|move|p1a: Loader|Wild Charge|p2a: Dondozo\n|-activate|p2a: Dondozo|move: Protect\n|\n|-weather|RainDance|[upkeep]\n|upkeep\n|turn|6\n|\n|t:|1681842454\n|move|p2a: Dondozo|Wave Crash|p1b: Artificer\n|-resisted|p1b: Artificer\n|-damage|p1b: Artificer|0 fnt\n|faint|p1b: Artificer\n|-damage|p2a: Dondozo|86\/100|[from] Recoil\n|move|p1a: Loader|Volt Switch|p2a: Dondozo\n|-supereffective|p2a: Dondozo\n|-damage|p2a: Dondozo|70\/100\n|\n|t:|1681842464\n|-end|p1a: Loader|Quark Drive|[silent]\n|switch|p1a: Captain|Arcanine, L50, F|100\/100|[from] Volt Switch\n|-ability|p1a: Captain|Intimidate|boost\n|-unboost|p2a: Dondozo|atk|1\n|-unboost|p2b: Tatsugiri|atk|1\n|\n|-weather|RainDance|[upkeep]\n|upkeep\n|\n|t:|1681842466\n|switch|p1b: Loader|Iron Hands, L50|81\/100\n|turn|7\n|\n|t:|1681842474\n|move|p2a: Dondozo|Protect|p2a: Dondozo\n|-singleturn|p2a: Dondozo|Protect\n|move|p1b: Loader|Fake Out|p2a: Dondozo\n|-activate|p2a: Dondozo|move: Protect\n|move|p1a: Captain|Will-O-Wisp|p2a: Dondozo\n|-activate|p2a: Dondozo|move: Protect\n|\n|-weather|RainDance|[upkeep]\n|upkeep\n|turn|8\n|\n|t:|1681842482\n|move|p1a: Captain|Protect|p1a: Captain\n|-singleturn|p1a: Captain|Protect\n|move|p2a: Dondozo|Surf|p1b: Loader|[spread] p1b\n|-miss|p2a: Dondozo|p2b: Tatsugiri\n|-activate|p1a: Captain|move: Protect\n|-damage|p1b: Loader|26\/100\n|move|p1b: Loader|Wild Charge|p2a: Dondozo\n|-supereffective|p2a: Dondozo\n|-damage|p2a: Dondozo|32\/100\n|-damage|p1b: Loader|17\/100|[from] Recoil\n|\n|-weather|none\n|upkeep\n|turn|9\n|\n|t:|1681842500\n|move|p1a: Captain|Extreme Speed|p2a: Dondozo\n|-damage|p2a: Dondozo|22\/100\n|move|p2a: Dondozo|Surf|p1b: Loader|[spread] p1a,p1b\n|-miss|p2a: Dondozo|p2b: Tatsugiri\n|-supereffective|p1a: Captain\n|-damage|p1a: Captain|0 fnt\n|-damage|p1b: Loader|0 fnt\n|faint|p1a: Captain\n|faint|p1b: Loader\n|-end|p1b: Loader|Quark Drive|[silent]\n|\n|win|bronzongbroomsvgc\n|l|\u2606charlie0301\n|j| outdaSIX\n|l| outdaSIX\n","uploadtime":1681843161,"views":9,"p1id":"charlie0301","p2id":"bronzongbroomsvgc","formatid":"gen9vgc2023regulationc","rating":0,"private":0,"password":""}