{"id":"gen9vgc2023regulationc-1860151182","p1":"PqlarBear","p2":"TechnoZ","format":"[Gen 9] VGC 2023 Regulation C","log":"|j|\u2606PqlarBear\n|j|\u2606TechnoZ\n|t:|1683601532\n|gametype|doubles\n|player|p1|PqlarBear|265|\n|player|p2|TechnoZ|shauntal|\n|teamsize|p1|6\n|teamsize|p2|6\n|gen|9\n|tier|[Gen 9] VGC 2023 Regulation C\n|rule|Species Clause: Limit one of each Pok\u00e9mon\n|rule|Item Clause: Limit one of each item\n|clearpoke\n|poke|p1|Flutter Mane, L50|\n|poke|p1|Chi-Yu, L50|\n|poke|p1|Palafin, L50, F|\n|poke|p1|Corviknight, L50, M|\n|poke|p1|Iron Hands, L50|\n|poke|p1|Amoonguss, L50, M|\n|poke|p2|Dondozo, L50, M|\n|poke|p2|Tatsugiri, L50, M|\n|poke|p2|Sylveon, L50, F|\n|poke|p2|Flutter Mane, L50|\n|poke|p2|Gholdengo, L50|\n|poke|p2|Wo-Chien, L50|\n|teampreview|4\n|c|\u2606PqlarBear|G2\nTechnoZ has agreed to open team sheets.\nPqlarBear has agreed to open team sheets.\n|c|\u2606TechnoZ|g2\n|j|+Eeveon7\u2764\n|j| WunderTusk\n|j| baaaaat_\n|c|\u2606TechnoZ|glhf\n|c|\u2606PqlarBear|glhf\n|j| SteelPupa\n|j| Yoshiandlugia\n|j| UberVylit\n|j| Polpolpo\n|j| Chazzfan\n|j| tekagt\n|j| sempr9\n|inactive|Battle timer is ON: inactive players will automatically lose when time's up. (requested by TechnoZ)\n|\n|t:|1683602437\n|start\n|switch|p1a: Chi-Yu|Chi-Yu, L50|100\/100\n|switch|p1b: Palafin|Palafin, L50, F|100\/100\n|switch|p2a: Justin Burns|Gholdengo, L50|100\/100\n|switch|p2b: Sejun|Flutter Mane, L50|100\/100\n|-ability|p1a: Chi-Yu|Beads of Ruin\n|-enditem|p2b: Sejun|Booster Energy\n|-activate|p2b: Sejun|ability: Protosynthesis|[fromitem]\n|-start|p2b: Sejun|protosynthesisspe\n|turn|1\n|inactive|PqlarBear has 30 seconds left.\n|inactive|TechnoZ has 30 seconds left.\n|inactive|PqlarBear has 20 seconds left.\n|inactive|TechnoZ has 20 seconds left.\n|inactive|PqlarBear has 15 seconds left.\n|inactive|TechnoZ has 15 seconds left.\n|inactive|TechnoZ has 10 seconds left.\n|inactive|TechnoZ has 5 seconds left.\n|\n|t:|1683602489\n|detailschange|p1b: Palafin|Palafin-Hero, L50, F\n|switch|p1b: Amoonguss|Amoonguss, L50, M|100\/100\n|-terastallize|p2b: Sejun|Water\n|move|p2a: Justin Burns|Protect|p2a: Justin Burns\n|-singleturn|p2a: Justin Burns|Protect\n|move|p2b: Sejun|Moonblast|p1a: Chi-Yu\n|-damage|p1a: Chi-Yu|57\/100\n|-unboost|p1a: Chi-Yu|spa|1\n|move|p1a: Chi-Yu|Dark Pulse|p2a: Justin Burns\n|-activate|p2a: Justin Burns|move: Protect\n|\n|upkeep\n|turn|2\n|inactive|PqlarBear has 30 seconds left.\n|inactive|PqlarBear has 20 seconds left.\n|inactive|PqlarBear has 15 seconds left.\n|\n|t:|1683602532\n|-end|p2b: Sejun|Protosynthesis|[silent]\n|switch|p2b: Ashton|Wo-Chien, L50|100\/100\n|-ability|p2b: Ashton|Tablets of Ruin\n|switch|p2a: Rheniya|Sylveon, L50, F|100\/100\n|move|p1a: Chi-Yu|Dark Pulse|p2a: Rheniya\n|-resisted|p2a: Rheniya\n|-damage|p2a: Rheniya|80\/100\n|move|p1b: Amoonguss|Pollen Puff|p1a: Chi-Yu\n|-heal|p1a: Chi-Yu|100\/100\n|\n|upkeep\n|turn|3\n|inactive|TechnoZ has 30 seconds left.\n|\n|t:|1683602557\n|switch|p1a: Iron Hands|Iron Hands, L50|100\/100\n|switch|p2a: Justin Burns|Gholdengo, L50|100\/100\n|move|p2b: Ashton|Leech Seed|p1a: Iron Hands\n|-start|p1a: Iron Hands|move: Leech Seed\n|move|p1b: Amoonguss|Spore|p2a: Justin Burns\n|-immune|p2a: Justin Burns|[from] ability: Good as Gold\n|\n|-damage|p1a: Iron Hands|88\/100|[from] Leech Seed|[of] p2b: Ashton\n|upkeep\n|turn|4\n|inactive|PqlarBear has 30 seconds left.\n|inactive|TechnoZ has 30 seconds left.\n|inactive|PqlarBear has 20 seconds left.\n|inactive|TechnoZ has 20 seconds left.\n|inactive|PqlarBear has 15 seconds left.\n|\n|t:|1683602600\n|move|p2a: Justin Burns|Nasty Plot|p2a: Justin Burns\n|-boost|p2a: Justin Burns|spa|2\n|move|p2b: Ashton|Leech Seed||[still]\n|-fail|p2b: Ashton\n|move|p1a: Iron Hands|Volt Switch|p2a: Justin Burns\n|-damage|p2a: Justin Burns|88\/100\n|\n|t:|1683602605\n|-end|p1a: Iron Hands|Quark Drive|[silent]\n|switch|p1a: Chi-Yu|Chi-Yu, L50|100\/100|[from] Volt Switch\n|-ability|p1a: Chi-Yu|Beads of Ruin\n|move|p1b: Amoonguss|Pollen Puff|p2b: Ashton\n|-supereffective|p2b: Ashton\n|-damage|p2b: Ashton|48\/100\n|\n|upkeep\n|turn|5\n|\n|t:|1683602629\n|switch|p1b: Iron Hands|Iron Hands, L50|88\/100\n|move|p2a: Justin Burns|Protect|p2a: Justin Burns\n|-singleturn|p2a: Justin Burns|Protect\n|move|p1a: Chi-Yu|Heat Wave|p2a: Justin Burns|[spread] p2b\n|-activate|p2a: Justin Burns|move: Protect\n|-supereffective|p2b: Ashton\n|-damage|p2b: Ashton|0 fnt\n|faint|p2b: Ashton\n|\n|upkeep\n|\n|t:|1683602641\n|switch|p2b: Sejun|Flutter Mane, L50, tera:Water|100\/100\n|turn|6\n|inactive|TechnoZ has 30 seconds left.\n|inactive|TechnoZ has 20 seconds left.\n|inactive|TechnoZ has 15 seconds left.\n|\n|t:|1683602682\n|switch|p2a: Rheniya|Sylveon, L50, F|80\/100\n|move|p2b: Sejun|Protect|p2b: Sejun\n|-singleturn|p2b: Sejun|Protect\n|move|p1b: Iron Hands|Fake Out|p2b: Sejun\n|-activate|p2b: Sejun|move: Protect\n|move|p1a: Chi-Yu|Heat Wave|p2a: Rheniya|[spread] p2a\n|-activate|p2b: Sejun|move: Protect\n|-damage|p2a: Rheniya|31\/100\n|-enditem|p2a: Rheniya|Sitrus Berry|[eat]\n|-heal|p2a: Rheniya|55\/100|[from] item: Sitrus Berry\n|\n|upkeep\n|turn|7\n|inactive|PqlarBear has 30 seconds left.\n|inactive|TechnoZ has 30 seconds left.\n|inactive|PqlarBear has 20 seconds left.\n|inactive|PqlarBear has 15 seconds left.\n|inactive|PqlarBear has 10 seconds left.\n|inactive|PqlarBear has 5 seconds left.\n|\n|t:|1683602734\n|switch|p1a: Amoonguss|Amoonguss, L50, M|100\/100\n|-terastallize|p1b: Iron Hands|Grass\n|move|p2a: Rheniya|Protect|p2a: Rheniya\n|-singleturn|p2a: Rheniya|Protect\n|move|p2b: Sejun|Icy Wind|p1a: Amoonguss|[spread] p1a,p1b\n|-supereffective|p1a: Amoonguss\n|-supereffective|p1b: Iron Hands\n|-damage|p1a: Amoonguss|76\/100\n|-damage|p1b: Iron Hands|75\/100\n|-unboost|p1a: Amoonguss|spe|1\n|-unboost|p1b: Iron Hands|spe|1\n|move|p1b: Iron Hands|Wild Charge|p2b: Sejun\n|-supereffective|p2b: Sejun\n|-damage|p2b: Sejun|0 fnt\n|faint|p2b: Sejun\n|-end|p2b: Sejun|Protosynthesis|[silent]\n|-damage|p1b: Iron Hands|60\/100|[from] Recoil\n|\n|upkeep\n|\n|t:|1683602747\n|switch|p2b: Justin Burns|Gholdengo, L50|88\/100\n|turn|8\n|\n|t:|1683602768\n|move|p2a: Rheniya|Protect||[still]\n|-fail|p2a: Rheniya\n|move|p2b: Justin Burns|Nasty Plot|p2b: Justin Burns\n|-boost|p2b: Justin Burns|spa|2\n|move|p1b: Iron Hands|Volt Switch|p2b: Justin Burns\n|-damage|p2b: Justin Burns|75\/100\n|\n|t:|1683602771\n|-end|p1b: Iron Hands|Quark Drive|[silent]\n|switch|p1b: Chi-Yu|Chi-Yu, L50|100\/100|[from] Volt Switch\n|-ability|p1b: Chi-Yu|Beads of Ruin\n|move|p1a: Amoonguss|Spore|p2a: Rheniya\n|-status|p2a: Rheniya|slp|[from] move: Spore\n|\n|upkeep\n|turn|9\n|\n|t:|1683602790\n|move|p1b: Chi-Yu|Heat Wave|p2a: Rheniya|[spread] p2a,p2b\n|-supereffective|p2b: Justin Burns\n|-damage|p2a: Rheniya|9\/100 slp\n|-damage|p2b: Justin Burns|0 fnt\n|faint|p2b: Justin Burns\n|cant|p2a: Rheniya|slp\n|move|p1a: Amoonguss|Pollen Puff|p1b: Chi-Yu\n|-immune|p1b: Chi-Yu\n|\n|upkeep\n|turn|10\n|c|\u2606TechnoZ|ggs wp; good luck in the rest!\n|-message|TechnoZ forfeited.\n|\n|win|PqlarBear\n|c|\u2606PqlarBear|ggs\n|l| Yoshiandlugia\n|c|\u2606PqlarBear|Likewise\n|l|+Eeveon7\u2764\n|l| Chazzfan\n|l| tekagt\n","uploadtime":1683602824,"views":48,"p1id":"pqlarbear","p2id":"technoz","formatid":"gen9vgc2023regulationc","rating":0,"private":0,"password":""}