{"id":"gen9vgc2023regulationc-1852351018","p1":"anshar_training","p2":"Zachkahan","format":"[Gen 9] VGC 2023 Regulation C","log":"|j|\u2606anshar_training\n|j|\u2606Zachkahan\n|t:|1682547036\n|gametype|doubles\n|player|p1|anshar_training|colress|1094\n|player|p2|Zachkahan|1|1092\n|teamsize|p1|6\n|teamsize|p2|6\n|gen|9\n|tier|[Gen 9] VGC 2023 Regulation C\n|rated|\n|rule|Species Clause: Limit one of each Pok\u00e9mon\n|rule|Item Clause: Limit one of each item\n|clearpoke\n|poke|p1|Palafin, L50, M|\n|poke|p1|Flutter Mane, L50|\n|poke|p1|Arcanine, L50, F|\n|poke|p1|Amoonguss, L50, F|\n|poke|p1|Ting-Lu, L50|\n|poke|p1|Roaring Moon, L50|\n|poke|p2|Bronzong, L50|\n|poke|p2|Bellibolt, L50, M|\n|poke|p2|Iron Valiant, L50|\n|poke|p2|Ceruledge, L50, M|\n|poke|p2|Ting-Lu, L50|\n|poke|p2|Palafin, L50, F|\n|teampreview|4\n|inactive|Battle timer is ON: inactive players will automatically lose when time's up. (requested by anshar_training)\n|\n|t:|1682547129\n|start\n|switch|p1a: Cornelia|Flutter Mane, L50|100\/100\n|switch|p1b: Apolo|Arcanine, L50, F|100\/100\n|switch|p2a: Ceruledge|Ceruledge, L50, M|100\/100\n|switch|p2b: Palafin|Palafin, L50, F, shiny|100\/100\n|-ability|p1b: Apolo|Intimidate|boost\n|-fail|p2a: Ceruledge|unboost|[from] item: Clear Amulet|[of] p2a: Ceruledge\n|-unboost|p2b: Palafin|atk|1\n|turn|1\n|inactive|anshar_training has 30 seconds left.\n|\n|t:|1682547158\n|switch|p1b: Susy|Amoonguss, L50, F|100\/100\n|detailschange|p2b: Palafin|Palafin-Hero, L50, F, shiny\n|switch|p2b: Ting-Lu|Ting-Lu, L50|100\/100\n|-ability|p2b: Ting-Lu|Vessel of Ruin\n|move|p2a: Ceruledge|Protect|p2a: Ceruledge\n|-singleturn|p2a: Ceruledge|Protect\n|move|p1a: Cornelia|Shadow Ball|p2a: Ceruledge\n|-activate|p2a: Ceruledge|move: Protect\n|\n|upkeep\n|turn|2\n|inactive|Zachkahan has 30 seconds left.\n|\n|t:|1682547188\n|-terastallize|p2a: Ceruledge|Grass\n|move|p1a: Cornelia|Shadow Ball|p2a: Ceruledge\n|-damage|p2a: Ceruledge|57\/100\n|move|p2a: Ceruledge|Bulk Up|p2a: Ceruledge\n|-boost|p2a: Ceruledge|atk|1\n|-boost|p2a: Ceruledge|def|1\n|move|p2b: Ting-Lu|Rock Slide|p1a: Cornelia|[spread] p1a,p1b\n|-damage|p1a: Cornelia|71\/100\n|-damage|p1b: Susy|86\/100\n|move|p1b: Susy|Spore|p2b: Ting-Lu\n|-status|p2b: Ting-Lu|slp|[from] move: Spore\n|\n|upkeep\n|turn|3\n|\n|t:|1682547207\n|-end|p1a: Cornelia|Protosynthesis|[silent]\n|switch|p1a: Apolo|Arcanine, L50, F|100\/100\n|-ability|p1a: Apolo|Intimidate|boost\n|-fail|p2a: Ceruledge|unboost|[from] item: Clear Amulet|[of] p2a: Ceruledge\n|-unboost|p2b: Ting-Lu|atk|1\n|move|p1b: Susy|Protect|p1b: Susy\n|-singleturn|p1b: Susy|Protect\n|move|p2a: Ceruledge|Bitter Blade|p1b: Susy\n|-activate|p1b: Susy|move: Protect\n|cant|p2b: Ting-Lu|slp\n|\n|upkeep\n|turn|4\n|\n|t:|1682547227\n|move|p1a: Apolo|Will-O-Wisp|p2a: Ceruledge\n|-start|p2a: Ceruledge|ability: Flash Fire\n|move|p2a: Ceruledge|Bulk Up|p2a: Ceruledge\n|-boost|p2a: Ceruledge|atk|1\n|-boost|p2a: Ceruledge|def|1\n|cant|p2b: Ting-Lu|slp\n|move|p1b: Susy|Pollen Puff|p2a: Ceruledge\n|-supereffective|p2a: Ceruledge\n|-damage|p2a: Ceruledge|29\/100\n|\n|upkeep\n|turn|5\n|\n|t:|1682547245\n|move|p2a: Ceruledge|Protect|p2a: Ceruledge\n|-singleturn|p2a: Ceruledge|Protect\n|move|p1a: Apolo|Extreme Speed|p2a: Ceruledge\n|-activate|p2a: Ceruledge|move: Protect\n|-curestatus|p2b: Ting-Lu|slp|[msg]\n|move|p2b: Ting-Lu|Rock Slide|p1a: Apolo|[spread] p1a,p1b\n|-supereffective|p1a: Apolo\n|-damage|p1a: Apolo|75\/100\n|-damage|p1b: Susy|76\/100\n|cant|p1b: Susy|flinch\n|\n|upkeep\n|turn|6\n|\n|t:|1682547269\n|switch|p2b: Palafin|Palafin-Hero, L50, F, shiny|100\/100\n|-activate|p2b: Palafin|ability: Zero to Hero\n|move|p1a: Apolo|Extreme Speed|p2a: Ceruledge\n|-damage|p2a: Ceruledge|15\/100\n|move|p2a: Ceruledge|Bitter Blade|p1b: Susy\n|-supereffective|p1b: Susy\n|-damage|p1b: Susy|0 fnt\n|-heal|p2a: Ceruledge|60\/100|[from] drain|[of] p1b: Susy\n|faint|p1b: Susy\n|\n|upkeep\n|\n|t:|1682547285\n|switch|p1b: Benito|Roaring Moon, L50|100\/100\n|-enditem|p1b: Benito|Booster Energy\n|-activate|p1b: Benito|ability: Protosynthesis|[fromitem]\n|-start|p1b: Benito|protosynthesisatk\n|turn|7\n|inactive|Zachkahan has 30 seconds left.\n|\n|t:|1682547312\n|-terastallize|p1a: Apolo|Grass\n|move|p2a: Ceruledge|Protect|p2a: Ceruledge\n|-singleturn|p2a: Ceruledge|Protect\n|move|p1b: Benito|Acrobatics|p2a: Ceruledge\n|-activate|p2a: Ceruledge|move: Protect\n|move|p1a: Apolo|Will-O-Wisp|p2b: Palafin\n|-status|p2b: Palafin|brn\n|move|p2b: Palafin|Wave Crash|p1b: Benito\n|-resisted|p1b: Benito\n|-damage|p1b: Benito|77\/100\n|-damage|p2b: Palafin|93\/100 brn|[from] Recoil\n|\n|-damage|p2b: Palafin|87\/100 brn|[from] brn\n|upkeep\n|turn|8\n|inactive|Zachkahan has 30 seconds left.\n|\n|t:|1682547339\n|move|p1a: Apolo|Extreme Speed|p2a: Ceruledge\n|-damage|p2a: Ceruledge|46\/100\n|move|p2b: Palafin|Jet Punch|p1b: Benito\n|-resisted|p1b: Benito\n|-damage|p1b: Benito|64\/100\n|move|p2a: Ceruledge|Shadow Sneak|p1b: Benito\n|-resisted|p1b: Benito\n|-damage|p1b: Benito|40\/100\n|move|p1b: Benito|Acrobatics|p2a: Ceruledge\n|-supereffective|p2a: Ceruledge\n|-damage|p2a: Ceruledge|0 fnt\n|faint|p2a: Ceruledge\n|\n|-damage|p2b: Palafin|81\/100 brn|[from] brn\n|upkeep\n|\n|t:|1682547357\n|switch|p2a: Iron Valiant|Iron Valiant, L50|100\/100\n|turn|9\n|\n|t:|1682547377\n|move|p1b: Benito|Protect|p1b: Benito\n|-singleturn|p1b: Benito|Protect\n|move|p2a: Iron Valiant|Moonblast|p1b: Benito\n|-activate|p1b: Benito|move: Protect\n|move|p1a: Apolo|Will-O-Wisp|p2a: Iron Valiant\n|-status|p2a: Iron Valiant|brn\n|move|p2b: Palafin|Wave Crash|p1a: Apolo\n|-resisted|p1a: Apolo\n|-damage|p1a: Apolo|52\/100\n|-damage|p2b: Palafin|73\/100 brn|[from] Recoil\n|\n|-damage|p2a: Iron Valiant|94\/100 brn|[from] brn\n|-damage|p2b: Palafin|67\/100 brn|[from] brn\n|upkeep\n|turn|10\n|inactive|anshar_training has 30 seconds left.\n|inactive|Zachkahan has 30 seconds left.\n|\n|t:|1682547409\n|-end|p2a: Iron Valiant|Quark Drive|[silent]\n|switch|p2a: Ting-Lu|Ting-Lu, L50|100\/100\n|-ability|p2a: Ting-Lu|Vessel of Ruin\n|-end|p1b: Benito|Protosynthesis|[silent]\n|switch|p1b: Cornelia|Flutter Mane, L50|71\/100\n|move|p1a: Apolo|Extreme Speed|p2b: Palafin\n|-damage|p2b: Palafin|47\/100 brn\n|move|p2b: Palafin|Wave Crash|p1b: Cornelia\n|-damage|p1b: Cornelia|0 fnt\n|faint|p1b: Cornelia\n|-end|p1b: Cornelia|Protosynthesis|[silent]\n|-damage|p2b: Palafin|31\/100 brn|[from] Recoil\n|\n|-damage|p2b: Palafin|25\/100 brn|[from] brn\n|upkeep\n|\n|t:|1682547424\n|switch|p1b: Benito|Roaring Moon, L50|40\/100\n|turn|11\n|\n|t:|1682547445\n|switch|p2a: Iron Valiant|Iron Valiant, L50|94\/100 brn\n|move|p1b: Benito|Protect|p1b: Benito\n|-singleturn|p1b: Benito|Protect\n|move|p1a: Apolo|Protect|p1a: Apolo\n|-singleturn|p1a: Apolo|Protect\n|move|p2b: Palafin|Wave Crash|p1a: Apolo\n|-activate|p1a: Apolo|move: Protect\n|\n|-damage|p2a: Iron Valiant|88\/100 brn|[from] brn\n|-damage|p2b: Palafin|19\/100 brn|[from] brn\n|upkeep\n|turn|12\n|\n|t:|1682547463\n|move|p2a: Iron Valiant|Protect|p2a: Iron Valiant\n|-singleturn|p2a: Iron Valiant|Protect\n|move|p1a: Apolo|Extreme Speed|p2b: Palafin\n|-damage|p2b: Palafin|0 fnt\n|faint|p2b: Palafin\n|move|p1b: Benito|Throat Chop|p2a: Iron Valiant\n|-activate|p2a: Iron Valiant|move: Protect\n|\n|-damage|p2a: Iron Valiant|82\/100 brn|[from] brn\n|upkeep\n|\n|t:|1682547475\n|switch|p2b: Ting-Lu|Ting-Lu, L50|100\/100\n|-ability|p2b: Ting-Lu|Vessel of Ruin\n|turn|13\n|inactive|Zachkahan has 30 seconds left.\n|\n|t:|1682547501\n|move|p2a: Iron Valiant|Aura Sphere|p1b: Benito\n|-supereffective|p1b: Benito\n|-damage|p1b: Benito|0 fnt\n|faint|p1b: Benito\n|-end|p1b: Benito|Protosynthesis|[silent]\n|move|p1a: Apolo|Will-O-Wisp|p2b: Ting-Lu\n|-status|p2b: Ting-Lu|brn\n|move|p2b: Ting-Lu|Ruination|p1a: Apolo\n|-damage|p1a: Apolo|26\/100\n|\n|-damage|p2a: Iron Valiant|76\/100 brn|[from] brn\n|-damage|p2b: Ting-Lu|94\/100 brn|[from] brn\n|upkeep\n|turn|14\n|\n|t:|1682547521\n|move|p1a: Apolo|Protect|p1a: Apolo\n|-singleturn|p1a: Apolo|Protect\n|move|p2a: Iron Valiant|Shadow Ball|p1a: Apolo\n|-activate|p1a: Apolo|move: Protect\n|move|p2b: Ting-Lu|Stomping Tantrum|p1a: Apolo\n|-activate|p1a: Apolo|move: Protect\n|\n|-damage|p2a: Iron Valiant|70\/100 brn|[from] brn\n|-damage|p2b: Ting-Lu|88\/100 brn|[from] brn\n|upkeep\n|turn|15\n|\n|t:|1682547537\n|move|p1a: Apolo|Extreme Speed|p2b: Ting-Lu\n|-damage|p2b: Ting-Lu|73\/100 brn\n|move|p2a: Iron Valiant|Moonblast|p1a: Apolo\n|-damage|p1a: Apolo|0 fnt\n|faint|p1a: Apolo\n|\n|win|Zachkahan\n|raw|anshar_training's rating: 1094 → 1070<\/strong> (-24 for losing)\n|raw|Zachkahan's rating: 1092 → 1118<\/strong> (+26 for winning)\n","uploadtime":1682547546,"views":13,"p1id":"anshartraining","p2id":"zachkahan","formatid":"gen9vgc2023regulationc","rating":1070,"private":0,"password":""}