{"id":"gen9vgc2023regulationc-1856289205","p1":"Inferno prodigy","p2":"Conkledonk","format":"[Gen 9] VGC 2023 Regulation C","log":"|j|\u2606Inferno prodigy\n|j|\u2606Conkledonk\n|t:|1683047928\n|gametype|doubles\n|player|p1|Inferno prodigy|266|\n|player|p2|Conkledonk|hiker-gen4|\n|teamsize|p1|6\n|teamsize|p2|6\n|gen|9\n|tier|[Gen 9] VGC 2023 Regulation C\n|rule|Species Clause: Limit one of each Pok\u00e9mon\n|rule|Item Clause: Limit one of each item\n|clearpoke\n|poke|p1|Dragonite, L50, F|\n|poke|p1|Chien-Pao, L50|\n|poke|p1|Flutter Mane, L50|\n|poke|p1|Arcanine, L50, F|\n|poke|p1|Iron Hands, L50|\n|poke|p1|Palafin, L50, F|\n|poke|p2|Dondozo, L50, F|\n|poke|p2|Tatsugiri-Stretchy, L50, F|\n|poke|p2|Glimmora, L50, F|\n|poke|p2|Pawmot, L50, F|\n|poke|p2|Talonflame, L50, M|\n|poke|p2|Gholdengo, L50|\n|teampreview|4\nConkledonk has agreed to open team sheets.\n|c|\u2606Conkledonk|g2\n|c|\u2606Conkledonk|glhf\n|\n|t:|1683048314\n|start\n|switch|p1a: Arcanine|Arcanine, L50, F|100\/100\n|switch|p1b: Palafin|Palafin, L50, F|100\/100\n|switch|p2a: Pawmot|Pawmot, L50, F|100\/100\n|switch|p2b: Glimmora|Glimmora, L50, F, shiny|100\/100\n|-ability|p1a: Arcanine|Intimidate|boost\n|-unboost|p2a: Pawmot|atk|1\n|-unboost|p2b: Glimmora|atk|1\n|turn|1\n|inactive|Battle timer is ON: inactive players will automatically lose when time's up. (requested by Conkledonk)\n|\n|t:|1683048329\n|detailschange|p1b: Palafin|Palafin-Hero, L50, F\n|switch|p1b: Dragonite|Dragonite, L50, F|100\/100\n|move|p1a: Arcanine|Protect|p1a: Arcanine\n|-singleturn|p1a: Arcanine|Protect\n|move|p2a: Pawmot|Fake Out|p1b: Dragonite\n|-damage|p1b: Dragonite|92\/100\n|move|p2b: Glimmora|Mortal Spin|p1b: Dragonite|[spread] p1b\n|-activate|p1a: Arcanine|move: Protect\n|-damage|p1b: Dragonite|89\/100\n|-status|p1b: Dragonite|psn\n|-enditem|p1b: Dragonite|Lum Berry|[eat]\n|-curestatus|p1b: Dragonite|psn|[msg]\n|\n|upkeep\n|turn|2\n|inactive|Inferno prodigy has 30 seconds left.\n|inactive|Conkledonk has 30 seconds left.\n|\n|t:|1683048356\n|move|p2a: Pawmot|Double Shock|p1a: Arcanine\n|-damage|p1a: Arcanine|56\/100\n|-start|p2a: Pawmot|typechange|???\/Fighting|[from] move: Double Shock\n|move|p1a: Arcanine|Flare Blitz|p2a: Pawmot\n|-damage|p2a: Pawmot|9\/100\n|-damage|p1a: Arcanine|34\/100|[from] Recoil\n|move|p1b: Dragonite|Stomping Tantrum|p2b: Glimmora\n|-supereffective|p2b: Glimmora\n|-damage|p2b: Glimmora|0 fnt\n|-activate|p2b: Glimmora|ability: Toxic Debris\n|-sidestart|p1: Inferno prodigy|move: Toxic Spikes\n|faint|p2b: Glimmora\n|\n|upkeep\n|\n|t:|1683048369\n|switch|p2b: Dondozo|Dondozo, L50, F|100\/100\n|turn|3\n|\n|t:|1683048381\n|switch|p2a: Tatsugiri|Tatsugiri-Stretchy, L50, F|100\/100\n|-activate|p2a: Tatsugiri|ability: Commander|[of] p2b: Dondozo\n|-boost|p2b: Dondozo|atk|2\n|-boost|p2b: Dondozo|spa|2\n|-boost|p2b: Dondozo|spe|2\n|-boost|p2b: Dondozo|def|2\n|-boost|p2b: Dondozo|spd|2\n|switch|p1a: Palafin|Palafin-Hero, L50, F|100\/100\n|-status|p1a: Palafin|psn\n|-activate|p1a: Palafin|ability: Zero to Hero\n|move|p1b: Dragonite|Extreme Speed|p2a: Tatsugiri|[miss]\n|-miss|p1b: Dragonite|p2a: Tatsugiri\n|move|p2b: Dondozo|Order Up|p1b: Dragonite\n|-supereffective|p1b: Dragonite\n|-damage|p1b: Dragonite|3\/100\n|-boost|p2b: Dondozo|spe|1\n|\n|-damage|p1a: Palafin|88\/100 psn|[from] psn\n|upkeep\n|turn|4\n|\n|t:|1683048395\n|switch|p1b: Arcanine|Arcanine, L50, F|34\/100\n|-status|p1b: Arcanine|psn\n|-ability|p1b: Arcanine|Intimidate|boost\n|-unboost|p2a: Tatsugiri|atk|1\n|-unboost|p2b: Dondozo|atk|1\n|-terastallize|p2b: Dondozo|Grass\n|move|p1a: Palafin|Protect|p1a: Palafin\n|-singleturn|p1a: Palafin|Protect\n|move|p2b: Dondozo|Tera Blast|p1a: Palafin\n|-activate|p1a: Palafin|move: Protect\n|\n|-damage|p1a: Palafin|75\/100 psn|[from] psn\n|-damage|p1b: Arcanine|21\/100 psn|[from] psn\n|upkeep\n|turn|5\n|\n|t:|1683048407\n|move|p2b: Dondozo|Tera Blast|p1a: Palafin\n|-supereffective|p1a: Palafin\n|-damage|p1a: Palafin|0 fnt\n|faint|p1a: Palafin\n|move|p1b: Arcanine|Will-O-Wisp|p2b: Dondozo\n|-status|p2b: Dondozo|brn\n|\n|-damage|p1b: Arcanine|9\/100 psn|[from] psn\n|-damage|p2b: Dondozo|94\/100 brn|[from] brn\n|upkeep\n|\n|t:|1683048415\n|switch|p1a: Iron Hands|Iron Hands, L50|100\/100\n|-status|p1a: Iron Hands|psn\n|turn|6\n|\n|t:|1683048429\n|-terastallize|p1a: Iron Hands|Grass\n|move|p2b: Dondozo|Protect|p2b: Dondozo\n|-singleturn|p2b: Dondozo|Protect\n|move|p1b: Arcanine|Flare Blitz|p2b: Dondozo\n|-activate|p2b: Dondozo|move: Protect\n|move|p1a: Iron Hands|Drain Punch|p2b: Dondozo\n|-activate|p2b: Dondozo|move: Protect\n|\n|-heal|p2b: Dondozo|100\/100 brn|[from] item: Leftovers\n|-damage|p1b: Arcanine|0 fnt|[from] psn\n|faint|p1b: Arcanine\n|-damage|p1a: Iron Hands|88\/100 psn|[from] psn\n|-damage|p2b: Dondozo|94\/100 brn|[from] brn\n|upkeep\n|\n|t:|1683048432\n|switch|p1b: Dragonite|Dragonite, L50, F|3\/100\n|turn|7\n|\n|t:|1683048451\n|move|p1b: Dragonite|Extreme Speed|p2b: Dondozo\n|-damage|p2b: Dondozo|83\/100 brn\n|move|p2b: Dondozo|Order Up|p1b: Dragonite\n|-supereffective|p1b: Dragonite\n|-damage|p1b: Dragonite|0 fnt\n|faint|p1b: Dragonite\n|-boost|p2b: Dondozo|spe|1\n|move|p1a: Iron Hands|Drain Punch|p2b: Dondozo\n|-crit|p2b: Dondozo\n|-damage|p2b: Dondozo|35\/100 brn\n|-heal|p1a: Iron Hands|100\/100 psn|[from] drain|[of] p2b: Dondozo\n|\n|-heal|p2b: Dondozo|41\/100 brn|[from] item: Leftovers\n|-damage|p1a: Iron Hands|88\/100 psn|[from] psn\n|-damage|p2b: Dondozo|35\/100 brn|[from] brn\n|upkeep\n|turn|8\n|\n|t:|1683048462\n|move|p2b: Dondozo|Protect|p2b: Dondozo\n|-singleturn|p2b: Dondozo|Protect\n|move|p1a: Iron Hands|Drain Punch|p2b: Dondozo\n|-activate|p2b: Dondozo|move: Protect\n|\n|-heal|p2b: Dondozo|41\/100 brn|[from] item: Leftovers\n|-damage|p1a: Iron Hands|76\/100 psn|[from] psn\n|-damage|p2b: Dondozo|35\/100 brn|[from] brn\n|upkeep\n|turn|9\n|\n|t:|1683048465\n|move|p2b: Dondozo|Order Up|p1a: Iron Hands\n|-crit|p1a: Iron Hands\n|-damage|p1a: Iron Hands|58\/100 psn\n|-boost|p2b: Dondozo|spe|1\n|move|p1a: Iron Hands|Drain Punch|p2b: Dondozo\n|-damage|p2b: Dondozo|20\/100 brn\n|-heal|p1a: Iron Hands|65\/100 psn|[from] drain|[of] p2b: Dondozo\n|\n|-heal|p2b: Dondozo|27\/100 brn|[from] item: Leftovers\n|-damage|p1a: Iron Hands|53\/100 psn|[from] psn\n|-damage|p2b: Dondozo|20\/100 brn|[from] brn\n|upkeep\n|turn|10\n|\n|t:|1683048475\n|move|p2b: Dondozo|Protect|p2b: Dondozo\n|-singleturn|p2b: Dondozo|Protect\n|move|p1a: Iron Hands|Drain Punch|p2b: Dondozo\n|-activate|p2b: Dondozo|move: Protect\n|\n|-heal|p2b: Dondozo|27\/100 brn|[from] item: Leftovers\n|-damage|p1a: Iron Hands|41\/100 psn|[from] psn\n|-damage|p2b: Dondozo|20\/100 brn|[from] brn\n|upkeep\n|turn|11\n|\n|t:|1683048479\n|move|p2b: Dondozo|Order Up|p1a: Iron Hands\n|-damage|p1a: Iron Hands|29\/100 psn\n|-boost|p2b: Dondozo|spe|1\n|move|p1a: Iron Hands|Drain Punch|p2b: Dondozo\n|-damage|p2b: Dondozo|4\/100 brn\n|-heal|p1a: Iron Hands|36\/100 psn|[from] drain|[of] p2b: Dondozo\n|\n|-heal|p2b: Dondozo|11\/100 brn|[from] item: Leftovers\n|-damage|p1a: Iron Hands|24\/100 psn|[from] psn\n|-damage|p2b: Dondozo|4\/100 brn|[from] brn\n|upkeep\n|turn|12\n|\n|t:|1683048484\n|move|p2b: Dondozo|Protect|p2b: Dondozo\n|-singleturn|p2b: Dondozo|Protect\n|move|p1a: Iron Hands|Drain Punch|p2b: Dondozo\n|-activate|p2b: Dondozo|move: Protect\n|\n|-heal|p2b: Dondozo|11\/100 brn|[from] item: Leftovers\n|-damage|p1a: Iron Hands|12\/100 psn|[from] psn\n|-damage|p2b: Dondozo|4\/100 brn|[from] brn\n|upkeep\n|turn|13\n|\n|t:|1683048487\n|move|p2b: Dondozo|Order Up|p1a: Iron Hands\n|-damage|p1a: Iron Hands|1\/100 psn\n|-boost|p2b: Dondozo|spe|0\n|move|p1a: Iron Hands|Drain Punch|p2b: Dondozo\n|-crit|p2b: Dondozo\n|-damage|p2b: Dondozo|0 fnt\n|-heal|p1a: Iron Hands|3\/100 psn|[from] drain|[of] p2b: Dondozo\n|faint|p2b: Dondozo\n|\n|-damage|p1a: Iron Hands|0 fnt|[from] psn\n|faint|p1a: Iron Hands\n|-end|p1a: Iron Hands|Quark Drive|[silent]\n|\n|win|Conkledonk\n|upkeep\n|c|\u2606Inferno prodigy|Gg\n|c|\u2606Conkledonk|gg\n|l|\u2606Inferno prodigy\n","uploadtime":1683048807,"views":11,"p1id":"infernoprodigy","p2id":"conkledonk","formatid":"gen9vgc2023regulationc","rating":0,"private":0,"password":""}