{"id":"gen9vgc2023regulationc-1859984506","p1":"pepo1212","p2":"Dkakfkfkd","format":"[Gen 9] VGC 2023 Regulation C","log":"|j|\u2606pepo1212\n|j|\u2606Dkakfkfkd\n|t:|1683581981\n|gametype|doubles\n|player|p1|pepo1212|marlon|1119\n|player|p2|Dkakfkfkd|unknown|1051\n|teamsize|p1|6\n|teamsize|p2|6\n|gen|9\n|tier|[Gen 9] VGC 2023 Regulation C\n|rated|\n|rule|Species Clause: Limit one of each Pok\u00e9mon\n|rule|Item Clause: Limit one of each item\n|clearpoke\n|poke|p1|Lilligant, L50, F|\n|poke|p1|Torkoal, L50, F|\n|poke|p1|Flutter Mane, L50|\n|poke|p1|Kingambit, L50, F|\n|poke|p1|Dragonite, L50, F|\n|poke|p1|Great Tusk, L50|\n|poke|p2|Farigiraf, L50, M|\n|poke|p2|Iron Hands, L50|\n|poke|p2|Sableye, L50, M|\n|poke|p2|Flutter Mane, L50|\n|poke|p2|Lilligant, L50, F|\n|poke|p2|Torkoal, L50, M|\n|teampreview|4\n|inactive|Battle timer is ON: inactive players will automatically lose when time's up. (requested by Dkakfkfkd)\n|inactive|pepo1212 has 60 seconds left.\n|inactive|pepo1212 has 30 seconds left.\n|\n|t:|1683582047\n|start\n|switch|p1a: Kojiro|Kingambit, L50, F, shiny|100\/100\n|switch|p1b: Darwin|Torkoal, L50, F, shiny|100\/100\n|switch|p2a: Melman|Farigiraf, L50, M|100\/100\n|switch|p2b: Cartier|Sableye, L50, M|100\/100\n|-weather|SunnyDay|[from] ability: Drought|[of] p1b: Darwin\n|turn|1\n|inactive|pepo1212 has 30 seconds left.\n|inactive|Dkakfkfkd has 30 seconds left.\n|inactive|pepo1212 has 20 seconds left.\n|inactive|Dkakfkfkd has 20 seconds left.\n|inactive|Dkakfkfkd has 15 seconds left.\n|\n|t:|1683582089\n|-terastallize|p2a: Melman|Fairy\n|move|p1b: Darwin|Protect|p1b: Darwin\n|-singleturn|p1b: Darwin|Protect\n|move|p2b: Cartier|Light Screen|p2b: Cartier\n|-sidestart|p2: Dkakfkfkd|move: Light Screen\n|move|p1a: Kojiro|Kowtow Cleave|p2a: Melman\n|-resisted|p2a: Melman\n|-damage|p2a: Melman|75\/100\n|move|p2a: Melman|Hyper Voice|p1b: Darwin|[spread] p1a\n|-activate|p1b: Darwin|move: Protect\n|-resisted|p1a: Kojiro\n|-damage|p1a: Kojiro|91\/100\n|\n|-weather|SunnyDay|[upkeep]\n|upkeep\n|turn|2\n|inactive|Dkakfkfkd has 30 seconds left.\n|inactive|Dkakfkfkd has 20 seconds left.\n|inactive|Dkakfkfkd has 15 seconds left.\n|\n|t:|1683582131\n|move|p2b: Cartier|Reflect|p2b: Cartier\n|-sidestart|p2: Dkakfkfkd|Reflect\n|move|p1a: Kojiro|Iron Head|p2a: Melman\n|-supereffective|p2a: Melman\n|-damage|p2a: Melman|15\/100\n|cant|p2a: Melman|flinch\n|move|p1b: Darwin|Eruption|p2a: Melman|[spread] p2a,p2b\n|-damage|p2a: Melman|0 fnt\n|-damage|p2b: Cartier|32\/100\n|faint|p2a: Melman\n|\n|-weather|SunnyDay|[upkeep]\n|upkeep\n|\n|t:|1683582141\n|switch|p2a: Mellow Bowser|Torkoal, L50, M|100\/100\n|turn|3\n|\n|t:|1683582151\n|move|p1a: Kojiro|Sucker Punch||[still]\n|-fail|p1a: Kojiro\n|move|p2b: Cartier|Quash|p1b: Darwin\n|-activate|p1b: Darwin|move: Quash\n|move|p2a: Mellow Bowser|Eruption|p1a: Kojiro|[spread] p1a,p1b\n|-supereffective|p1a: Kojiro\n|-resisted|p1b: Darwin\n|-damage|p1a: Kojiro|0 fnt\n|-damage|p1b: Darwin|37\/100\n|faint|p1a: Kojiro\n|-damage|p2a: Mellow Bowser|91\/100|[from] item: Life Orb\n|move|p1b: Darwin|Earth Power|p2a: Mellow Bowser\n|-supereffective|p2a: Mellow Bowser\n|-damage|p2a: Mellow Bowser|46\/100\n|\n|-weather|SunnyDay|[upkeep]\n|upkeep\n|\n|t:|1683582168\n|switch|p1a: Manny|Great Tusk, L50, shiny|100\/100\n|-activate|p1a: Manny|ability: Protosynthesis\n|-start|p1a: Manny|protosynthesisatk\n|turn|4\n|\n|t:|1683582184\n|move|p1b: Darwin|Protect|p1b: Darwin\n|-singleturn|p1b: Darwin|Protect\n|move|p2b: Cartier|Quash|p1a: Manny\n|-activate|p1a: Manny|move: Quash\n|move|p2a: Mellow Bowser|Solar Beam||[still]\n|-prepare|p2a: Mellow Bowser|Solar Beam\n|-anim|p2a: Mellow Bowser|Solar Beam|p1a: Manny\n|-supereffective|p1a: Manny\n|-damage|p1a: Manny|0 fnt\n|faint|p1a: Manny\n|-end|p1a: Manny|Protosynthesis|[silent]\n|-damage|p2a: Mellow Bowser|36\/100|[from] item: Life Orb\n|\n|-weather|SunnyDay|[upkeep]\n|upkeep\n|\n|t:|1683582198\n|switch|p1a: Melendi|Flutter Mane, L50, shiny|100\/100\n|-activate|p1a: Melendi|ability: Protosynthesis\n|-start|p1a: Melendi|protosynthesisspa\n|turn|5\n|\n|t:|1683582208\n|move|p2b: Cartier|Quash|p1a: Melendi\n|-activate|p1a: Melendi|move: Quash\n|move|p2a: Mellow Bowser|Heat Wave|p1b: Darwin|[spread] p1a\n|-miss|p2a: Mellow Bowser|p1b: Darwin\n|-damage|p1a: Melendi|33\/100\n|-damage|p2a: Mellow Bowser|26\/100|[from] item: Life Orb\n|move|p1b: Darwin|Earth Power|p2a: Mellow Bowser\n|-supereffective|p2a: Mellow Bowser\n|-damage|p2a: Mellow Bowser|0 fnt\n|faint|p2a: Mellow Bowser\n|move|p1a: Melendi|Dazzling Gleam|p2b: Cartier\n|-supereffective|p2b: Cartier\n|-damage|p2b: Cartier|0 fnt\n|faint|p2b: Cartier\n|\n|-weather|none\n|-end|p1a: Melendi|Protosynthesis\n|upkeep\n|\n|t:|1683582225\n|switch|p2b: Ex-wife|Flutter Mane, L50|100\/100\n|turn|6\n|\n|t:|1683582235\n|-terastallize|p1b: Darwin|Fire\n|move|p2b: Ex-wife|Shadow Ball|p1a: Melendi\n|-supereffective|p1a: Melendi\n|-damage|p1a: Melendi|0 fnt\n|faint|p1a: Melendi\n|-end|p1a: Melendi|Protosynthesis|[silent]\n|move|p1b: Darwin|Eruption|p2b: Ex-wife\n|-crit|p2b: Ex-wife\n|-damage|p2b: Ex-wife|38\/100\n|\n|upkeep\n|turn|7\n|\n|t:|1683582253\n|move|p2b: Ex-wife|Shadow Ball|p1b: Darwin\n|-damage|p1b: Darwin|0 fnt\n|faint|p1b: Darwin\n|\n|win|Dkakfkfkd\n|raw|pepo1212's rating: 1119 → 1089<\/strong> (-30 for losing)\n|raw|Dkakfkfkd's rating: 1051 → 1090<\/strong> (+39 for winning)\n|l|\u2606pepo1212\n","uploadtime":1683582461,"views":9,"p1id":"pepo1212","p2id":"dkakfkfkd","formatid":"gen9vgc2023regulationc","rating":1089,"private":0,"password":""}