{"id":"gen9vgc2023regulationc-1857799097","p1":"shiftyyy","p2":"raul6248","format":"[Gen 9] VGC 2023 Regulation C","log":"|j|\u2606shiftyyy\n|j|\u2606raul6248\n|t:|1683232944\n|gametype|doubles\n|player|p1|shiftyyy|clerkf|1339\n|player|p2|raul6248|shadowtriad|1292\n|teamsize|p1|6\n|teamsize|p2|6\n|gen|9\n|tier|[Gen 9] VGC 2023 Regulation C\n|rated|\n|rule|Species Clause: Limit one of each Pok\u00e9mon\n|rule|Item Clause: Limit one of each item\n|clearpoke\n|poke|p1|Garchomp, L50, M|\n|poke|p1|Flutter Mane, L50|\n|poke|p1|Gyarados, L50, F|\n|poke|p1|Iron Hands, L50|\n|poke|p1|Talonflame, L50, F|\n|poke|p1|Chien-Pao, L50|\n|poke|p2|Abomasnow, L50, M|\n|poke|p2|Iron Bundle, L50|\n|poke|p2|Flutter Mane, L50|\n|poke|p2|Arcanine, L50, F|\n|poke|p2|Corviknight, L50, F|\n|poke|p2|Ting-Lu, L50|\n|teampreview|4\nraul6248 has agreed to open team sheets.\nshiftyyy has agreed to open team sheets.\n|\n|t:|1683232990\n|start\n|switch|p1a: Iron Hands|Iron Hands, L50|100\/100\n|switch|p1b: Garchomp|Garchomp, L50, M|100\/100\n|switch|p2a: Abomasnow|Abomasnow, L50, M|100\/100\n|switch|p2b: Iron Bundle|Iron Bundle, L50|100\/100\n|-weather|Snow|[from] ability: Snow Warning|[of] p2a: Abomasnow\n|turn|1\n|\n|t:|1683233016\n|-terastallize|p2b: Iron Bundle|Ghost\n|-terastallize|p1b: Garchomp|Fire\n|move|p1a: Iron Hands|Fake Out|p2b: Iron Bundle\n|-immune|p2b: Iron Bundle\n|move|p2b: Iron Bundle|Aurora Veil|p2b: Iron Bundle\n|-sidestart|p2: raul6248|move: Aurora Veil\n|move|p1b: Garchomp|Rock Slide|p2a: Abomasnow|[spread] p2a,p2b\n|-supereffective|p2a: Abomasnow\n|-damage|p2a: Abomasnow|79\/100\n|-damage|p2b: Iron Bundle|86\/100\n|move|p2a: Abomasnow|Blizzard|p1b: Garchomp|[spread] p1a,p1b\n|-resisted|p1b: Garchomp\n|-damage|p1a: Iron Hands|79\/100\n|-damage|p1b: Garchomp|82\/100\n|\n|-weather|Snow|[upkeep]\n|upkeep\n|turn|2\n|\n|t:|1683233043\n|switch|p2a: Arcanine|Arcanine, L50, F|100\/100\n|-ability|p2a: Arcanine|Intimidate|boost\n|-unboost|p1a: Iron Hands|atk|1\n|-fail|p1b: Garchomp|unboost|[from] item: Clear Amulet|[of] p1b: Garchomp\n|move|p1b: Garchomp|Protect|p1b: Garchomp\n|-singleturn|p1b: Garchomp|Protect\n|move|p2b: Iron Bundle|Hydro Pump|p1b: Garchomp\n|-activate|p1b: Garchomp|move: Protect\n|move|p1a: Iron Hands|Drain Punch|p2a: Arcanine\n|-damage|p2a: Arcanine|76\/100\n|-heal|p1a: Iron Hands|89\/100|[from] drain|[of] p2a: Arcanine\n|\n|-weather|Snow|[upkeep]\n|upkeep\n|turn|3\n|\n|t:|1683233081\n|switch|p1b: Flutter Mane|Flutter Mane, L50|100\/100\n|-end|p1a: Iron Hands|Quark Drive|[silent]\n|switch|p1a: Talonflame|Talonflame, L50, F|100\/100\n|move|p2b: Iron Bundle|Hydro Pump|p1b: Flutter Mane\n|-damage|p1b: Flutter Mane|55\/100\n|move|p2a: Arcanine|Will-O-Wisp|p1a: Talonflame\n|-immune|p1a: Talonflame\n|\n|-weather|Snow|[upkeep]\n|upkeep\n|turn|4\n|\n|t:|1683233100\n|-end|p2b: Iron Bundle|Quark Drive|[silent]\n|switch|p2b: Abomasnow|Abomasnow, L50, M|79\/100\n|-end|p1b: Flutter Mane|Protosynthesis|[silent]\n|switch|p1b: Garchomp|Garchomp, L50, M, tera:Fire|82\/100\n|move|p1a: Talonflame|Tailwind|p1a: Talonflame\n|-sidestart|p1: shiftyyy|move: Tailwind\n|move|p2a: Arcanine|Flare Blitz|p1b: Garchomp\n|-resisted|p1b: Garchomp\n|-crit|p1b: Garchomp\n|-damage|p1b: Garchomp|52\/100\n|-damage|p2a: Arcanine|64\/100|[from] ability: Rough Skin|[of] p1b: Garchomp\n|-damage|p2a: Arcanine|54\/100|[from] Recoil\n|\n|-weather|Snow|[upkeep]\n|upkeep\n|turn|5\n|\n|t:|1683233141\n|move|p1b: Garchomp|Protect|p1b: Garchomp\n|-singleturn|p1b: Garchomp|Protect\n|move|p2a: Arcanine|Protect|p2a: Arcanine\n|-singleturn|p2a: Arcanine|Protect\n|move|p1a: Talonflame|Brave Bird|p2b: Abomasnow\n|-supereffective|p2b: Abomasnow\n|-damage|p2b: Abomasnow|44\/100\n|-damage|p1a: Talonflame|88\/100|[from] Recoil\n|move|p2b: Abomasnow|Earth Power|p1b: Garchomp\n|-activate|p1b: Garchomp|move: Protect\n|\n|-weather|none\n|-sideend|p2: raul6248|move: Aurora Veil\n|upkeep\n|turn|6\n|\n|t:|1683233168\n|switch|p2a: Corviknight|Corviknight, L50, F|100\/100\n|switch|p2b: Iron Bundle|Iron Bundle, L50, tera:Ghost|86\/100\n|move|p1a: Talonflame|Brave Bird|p2b: Iron Bundle\n|-damage|p2b: Iron Bundle|47\/100\n|-damage|p1a: Talonflame|78\/100|[from] Recoil\n|move|p1b: Garchomp|Earthquake|p2a: Corviknight|[spread] p2b\n|-immune|p1a: Talonflame\n|-immune|p2a: Corviknight\n|-damage|p2b: Iron Bundle|1\/100\n|\n|upkeep\n|turn|7\n|\n|t:|1683233191\n|switch|p2a: Abomasnow|Abomasnow, L50, M|44\/100\n|-weather|Snow|[from] ability: Snow Warning|[of] p2a: Abomasnow\n|move|p1a: Talonflame|Brave Bird|p2b: Iron Bundle\n|-damage|p2b: Iron Bundle|0 fnt\n|faint|p2b: Iron Bundle\n|-end|p2b: Iron Bundle|Quark Drive|[silent]\n|-damage|p1a: Talonflame|78\/100|[from] Recoil\n|move|p1b: Garchomp|Swords Dance|p1b: Garchomp\n|-boost|p1b: Garchomp|atk|2\n|\n|-weather|Snow|[upkeep]\n|-sideend|p1: shiftyyy|move: Tailwind\n|upkeep\n|\n|t:|1683233200\n|switch|p2b: Arcanine|Arcanine, L50, F|54\/100\n|-ability|p2b: Arcanine|Intimidate|boost\n|-unboost|p1a: Talonflame|atk|1\n|-fail|p1b: Garchomp|unboost|[from] item: Clear Amulet|[of] p1b: Garchomp\n|turn|8\n|\n|t:|1683233217\n|move|p2b: Arcanine|Extreme Speed|p1b: Garchomp\n|-damage|p1b: Garchomp|34\/100\n|-damage|p2b: Arcanine|42\/100|[from] ability: Rough Skin|[of] p1b: Garchomp\n|move|p1a: Talonflame|Brave Bird|p2a: Abomasnow\n|-supereffective|p2a: Abomasnow\n|-crit|p2a: Abomasnow\n|-damage|p2a: Abomasnow|0 fnt\n|faint|p2a: Abomasnow\n|-damage|p1a: Talonflame|63\/100|[from] Recoil\n|move|p1b: Garchomp|Earthquake|p2b: Arcanine|[spread] p2b\n|-immune|p1a: Talonflame\n|-supereffective|p2b: Arcanine\n|-damage|p2b: Arcanine|0 fnt\n|faint|p2b: Arcanine\n|\n|-weather|Snow|[upkeep]\n|upkeep\n|\n|t:|1683233223\n|switch|p2b: Corviknight|Corviknight, L50, F|100\/100\n|turn|9\n|\n|t:|1683233235\n|move|p1a: Talonflame|Will-O-Wisp|p2b: Corviknight\n|-status|p2b: Corviknight|brn\n|move|p1b: Garchomp|Rock Slide|p2b: Corviknight\n|-damage|p2b: Corviknight|59\/100 brn\n|move|p2b: Corviknight|Bulk Up|p2b: Corviknight\n|-boost|p2b: Corviknight|atk|1\n|-boost|p2b: Corviknight|def|1\n|\n|-weather|Snow|[upkeep]\n|-heal|p2b: Corviknight|65\/100 brn|[from] item: Leftovers\n|-damage|p2b: Corviknight|59\/100 brn|[from] brn\n|upkeep\n|turn|10\n|c|\u2606raul6248|gg\n|\n|t:|1683233248\n|switch|p1a: Iron Hands|Iron Hands, L50|89\/100\n|move|p1b: Garchomp|Rock Slide|p2b: Corviknight\n|-damage|p2b: Corviknight|32\/100 brn\n|cant|p2b: Corviknight|flinch\n|\n|-weather|Snow|[upkeep]\n|-heal|p2b: Corviknight|38\/100 brn|[from] item: Leftovers\n|-damage|p2b: Corviknight|32\/100 brn|[from] brn\n|upkeep\n|turn|11\n|\n|t:|1683233256\n|move|p1b: Garchomp|Rock Slide|p2b: Corviknight\n|-damage|p2b: Corviknight|4\/100 brn\n|move|p2b: Corviknight|Brave Bird|p1a: Iron Hands\n|-damage|p1a: Iron Hands|69\/100\n|-damage|p2b: Corviknight|0 fnt|[from] Recoil\n|faint|p2b: Corviknight\n|\n|win|shiftyyy\n|raw|shiftyyy's rating: 1339 → 1356<\/strong> (+17 for winning)\n|raw|raul6248's rating: 1292 → 1270<\/strong> (-22 for losing)\n|l|\u2606raul6248\n","uploadtime":1683233272,"views":24,"p1id":"shiftyyy","p2id":"raul6248","formatid":"gen9vgc2023regulationc","rating":1270,"private":0,"password":""}