{"id":"gen9vgc2023regulationc-1854940978","p1":"haha you rage quit","p2":"Hipertyu","format":"[Gen 9] VGC 2023 Regulation C","log":"|j|\u2606haha you rage quit\n|j|\u2606Hipertyu\n|t:|1682883130\n|gametype|doubles\n|player|p1|haha you rage quit|pokemaniac|1158\n|player|p2|Hipertyu|170|1058\n|teamsize|p1|6\n|teamsize|p2|4\n|gen|9\n|tier|[Gen 9] VGC 2023 Regulation C\n|rated|\n|rule|Species Clause: Limit one of each Pok\u00e9mon\n|rule|Item Clause: Limit one of each item\n|clearpoke\n|poke|p1|Pelipper, L50, M|\n|poke|p1|Indeedee-F, L50, F|\n|poke|p1|Armarouge, L50, M|\n|poke|p1|Gastrodon, L50, M|\n|poke|p1|Hatterene, L50, F|\n|poke|p1|Kingambit, L50, M|\n|poke|p2|Numel, L50, F|\n|poke|p2|Braviary, L50, M|\n|poke|p2|Alomomola, L50, F|\n|poke|p2|Ampharos, L50, F|\n|teampreview|4\n|inactive|Battle timer is ON: inactive players will automatically lose when time's up. (requested by Hipertyu)\n|\n|t:|1682883159\n|start\n|switch|p1a: Indeedee|Indeedee-F, L50, F, shiny|100\/100\n|switch|p1b: Hatterene|Hatterene, L50, F|100\/100\n|switch|p2a: Numel|Numel, L50, F|100\/100\n|switch|p2b: Braviary|Braviary, L50, M|100\/100\n|-fieldstart|move: Psychic Terrain|[from] ability: Psychic Surge|[of] p1a: Indeedee\n|-enditem|p1a: Indeedee|Psychic Seed\n|-boost|p1a: Indeedee|spd|1|[from] item: Psychic Seed\n|turn|1\n|\n|t:|1682883178\n|move|p1b: Hatterene|Protect|p1b: Hatterene\n|-singleturn|p1b: Hatterene|Protect\n|move|p2b: Braviary|Sky Attack||[still]\n|-prepare|p2b: Braviary|Sky Attack\n|move|p2a: Numel|Howl|p2a: Numel|[spread] p2a,p2b\n|-boost|p2a: Numel|atk|2\n|-boost|p2b: Braviary|atk|1\n|move|p1a: Indeedee|Trick Room|p1a: Indeedee\n|-fieldstart|move: Trick Room|[of] p1a: Indeedee\n|\n|upkeep\n|turn|2\n|inactive|haha you rage quit has 30 seconds left.\n|inactive|haha you rage quit has 20 seconds left.\n|\n|t:|1682883214\n|move|p1a: Indeedee|Follow Me|p1a: Indeedee\n|-singleturn|p1a: Indeedee|move: Follow Me\n|move|p1b: Hatterene|Psychic|p2b: Braviary\n|-damage|p2b: Braviary|0 fnt\n|faint|p2b: Braviary\n|-damage|p1b: Hatterene|91\/100|[from] item: Life Orb\n|move|p2a: Numel|Stockpile|p2a: Numel\n|-start|p2a: Numel|stockpile1\n|-boost|p2a: Numel|def|2\n|-boost|p2a: Numel|spd|2\n|\n|upkeep\n|\n|t:|1682883224\n|switch|p2b: Ampharos|Ampharos, L50, F|100\/100\n|turn|3\n|\n|t:|1682883243\n|move|p1a: Indeedee|Follow Me|p1a: Indeedee\n|-singleturn|p1a: Indeedee|move: Follow Me\n|move|p1b: Hatterene|Psychic|p2b: Ampharos\n|-damage|p2b: Ampharos|0 fnt\n|faint|p2b: Ampharos\n|-damage|p1b: Hatterene|81\/100|[from] item: Life Orb\n|move|p2a: Numel|Howl|p2a: Numel\n|-boost|p2a: Numel|atk|2\n|\n|upkeep\n|\n|t:|1682883251\n|switch|p2b: Alomomola|Alomomola, L50, F|100\/100\n|turn|4\n|\n|t:|1682883259\n|move|p1a: Indeedee|Follow Me|p1a: Indeedee\n|-singleturn|p1a: Indeedee|move: Follow Me\n|move|p1b: Hatterene|Psychic|p2b: Alomomola\n|-damage|p2b: Alomomola|0 fnt\n|faint|p2b: Alomomola\n|-damage|p1b: Hatterene|71\/100|[from] item: Life Orb\n|move|p2a: Numel|Stockpile|p2a: Numel\n|-start|p2a: Numel|stockpile2\n|-boost|p2a: Numel|def|2\n|-boost|p2a: Numel|spd|2\n|\n|upkeep\n|turn|5\n|\n|t:|1682883273\n|move|p1a: Indeedee|Helping Hand|p1b: Hatterene\n|-singleturn|p1b: Hatterene|Helping Hand|[of] p1a: Indeedee\n|move|p1b: Hatterene|Psychic|p2a: Numel\n|-damage|p2a: Numel|48\/100\n|-damage|p1b: Hatterene|61\/100|[from] item: Life Orb\n|move|p2a: Numel|Flare Blitz|p1a: Indeedee\n|-crit|p1a: Indeedee\n|-damage|p1a: Indeedee|0 fnt\n|faint|p1a: Indeedee\n|-damage|p2a: Numel|7\/100|[from] Recoil\n|\n|-fieldend|move: Trick Room\n|-fieldend|move: Psychic Terrain\n|upkeep\n|\n|t:|1682883284\n|switch|p1a: Kingambit|Kingambit, L50, M, shiny|100\/100\n|turn|6\n|\n|t:|1682883289\n|move|p1a: Kingambit|Sucker Punch||[still]\n|-fail|p1a: Kingambit\n|move|p2a: Numel|Swallow|p2a: Numel\n|-heal|p2a: Numel|57\/100\n|-unboost|p2a: Numel|def|4\n|-unboost|p2a: Numel|spd|4\n|-end|p2a: Numel|Stockpile\n|move|p1b: Hatterene|Trick Room|p1b: Hatterene\n|-fieldstart|move: Trick Room|[of] p1b: Hatterene\n|\n|upkeep\n|turn|7\n|\n|t:|1682883301\n|move|p1b: Hatterene|Psychic|p2a: Numel\n|-crit|p2a: Numel\n|-damage|p2a: Numel|0 fnt\n|faint|p2a: Numel\n|-damage|p1b: Hatterene|52\/100|[from] item: Life Orb\n|\n|win|haha you rage quit\n|raw|haha you rage quit's rating: 1158 → 1176<\/strong> (+18 for winning)\n|raw|Hipertyu's rating: 1058 → 1045<\/strong> (-13 for losing)\n|l|\u2606Hipertyu\n","uploadtime":1682883312,"views":6,"p1id":"hahayouragequit","p2id":"hipertyu","formatid":"gen9vgc2023regulationc","rating":1045,"private":0,"password":""}