{"id":"gen9vgc2023regulationc-1860735072","p1":"P OMEGALUL L","p2":"Elizardbeth440","format":"[Gen 9] VGC 2023 Regulation C","log":"|j|\u2606P OMEGALUL L\n|j|\u2606Elizardbeth440\n|t:|1683671541\n|gametype|doubles\n|player|p1|P OMEGALUL L|169|\n|player|p2|Elizardbeth440|hilda-wonderlauncher|\n|teamsize|p1|6\n|teamsize|p2|6\n|gen|9\n|tier|[Gen 9] VGC 2023 Regulation C\n|rated|Tournament battle\n|rule|Species Clause: Limit one of each Pok\u00e9mon\n|rule|Item Clause: Limit one of each item\n|clearpoke\n|poke|p1|Amoonguss, L50, M|\n|poke|p1|Arcanine, L50, F|\n|poke|p1|Palafin, L50, M|\n|poke|p1|Ting-Lu, L50|\n|poke|p1|Flutter Mane, L50|\n|poke|p1|Baxcalibur, L50, M|\n|poke|p2|Breloom, L50, F|\n|poke|p2|Amoonguss, L50, F|\n|poke|p2|Ting-Lu, L50|\n|poke|p2|Rotom-Heat, L50|\n|poke|p2|Gyarados, L50, F|\n|poke|p2|Flutter Mane, L50|\n|teampreview|4\n|raw| Open Team Sheet for P OMEGALUL L<\/summary>Amoonguss @ Sitrus Berry Ability: Regenerator Level: 50 Tera Type: Water - Pollen Puff - Rage Powder - Spore - Protect Arcanine @ Safety Goggles Ability: Intimidate Level: 50 Tera Type: Water - Flare Blitz - Extreme Speed - Will-O-Wisp - Protect Palafin @ Mystic Water Ability: Zero to Hero Level: 50 Tera Type: Water - Jet Punch - Wave Crash - Haze - Protect Ting-Lu @ Assault Vest Ability: Vessel of Ruin Level: 50 Tera Type: Grass - Stomping Tantrum - Heavy Slam - Fissure - Ruination Flutter Mane @ Choice Specs Ability: Protosynthesis Level: 50 Tera Type: Fairy - Moonblast - Dazzling Gleam - Shadow Ball - Thunderbolt Baxcalibur @ Clear Amulet Ability: Thermal Exchange Level: 50 Tera Type: Poison - Glaive Rush - Icicle Crash - Ice Shard - Protect <\/details><\/div> Open Team Sheet for Elizardbeth440<\/summary>Breloom (F) @ Toxic Orb Ability: Poison Heal Level: 50 Shiny: Yes Tera Type: Electric - Protect - Spore - Thunder Punch - Focus Punch Amoonguss (F) @ Leftovers Ability: Regenerator Level: 50 Tera Type: Water - Protect - Rage Powder - Spore - Pollen Puff Ting-Lu @ Assault Vest Ability: Vessel of Ruin Level: 50 Tera Type: Poison - Earthquake - Rock Tomb - Heavy Slam - Ruination Rotom (Rotom-Heat) @ Life Orb Ability: Levitate Level: 50 Shiny: Yes Tera Type: Ice - Protect - Overheat - Thunderbolt - Tera Blast Gyarados (F) @ Mirror Herb Ability: Intimidate Level: 50 Shiny: Yes Tera Type: Flying - Protect - Dragon Dance - Waterfall - Tera Blast Flutter Mane @ Choice Specs Ability: Protosynthesis Level: 50 Tera Type: Steel - Moonblast - Shadow Ball - Dazzling Gleam - Thunderbolt <\/details><\/div>\n|inactive|Battle timer is ON: inactive players will automatically lose when time's up. (requested by Elizardbeth440)\n|c|\u2606P OMEGALUL L|gl hf\n|j| Wyvern129\n|c|\u2606Elizardbeth440|glhf!\n|j| himothy23\n|c|\u2606P OMEGALUL L|Breloom <3\n|inactive|P OMEGALUL L has 60 seconds left.\n|inactive|Elizardbeth440 has 60 seconds left.\n|j| Folve\n|inactive|P OMEGALUL L has 30 seconds left.\n|inactive|Elizardbeth440 has 30 seconds left.\n|j| vsevfswws\n|inactive|P OMEGALUL L has 20 seconds left.\n|l| Folve\n|inactive|P OMEGALUL L has 15 seconds left.\n|inactive|P OMEGALUL L has 10 seconds left.\n|inactive|P OMEGALUL L has 5 seconds left.\n|c|\u2606Elizardbeth440|yesss Breloom :)\n|\n|t:|1683671630\n|start\n|switch|p1a: Arcanine|Arcanine, L50, F|100\/100\n|switch|p1b: Palafin|Palafin, L50, M|100\/100\n|switch|p2a: Breloom|Breloom, L50, F, shiny|100\/100\n|switch|p2b: Amoonguss|Amoonguss, L50, F|100\/100\n|-ability|p1a: Arcanine|Intimidate|boost\n|-unboost|p2a: Breloom|atk|1\n|-unboost|p2b: Amoonguss|atk|1\n|turn|1\n|j| MEXES\n|inactive|Elizardbeth440 has 30 seconds left.\n|j| SlowHomie\n|inactive|Elizardbeth440 has 20 seconds left.\n|\n|t:|1683671666\n|detailschange|p1b: Palafin|Palafin-Hero, L50, M\n|switch|p1b: Amoonguss|Amoonguss, L50, M|100\/100\n|-terastallize|p2a: Breloom|Electric\n|-singleturn|p2a: Breloom|move: Focus Punch\n|move|p2b: Amoonguss|Protect|p2b: Amoonguss\n|-singleturn|p2b: Amoonguss|Protect\n|move|p1a: Arcanine|Flare Blitz|p2b: Amoonguss\n|-activate|p2b: Amoonguss|move: Protect\n|move|p2a: Breloom|Focus Punch|p1a: Arcanine\n|-damage|p1a: Arcanine|42\/100\n|\n|-status|p2a: Breloom|tox|[from] item: Toxic Orb\n|upkeep\n|turn|2\n|inactive|P OMEGALUL L has 30 seconds left.\n|inactive|Elizardbeth440 has 30 seconds left.\n|c| MEXES|se puso bien electrica\n|inactive|P OMEGALUL L has 20 seconds left.\n|inactive|Elizardbeth440 has 20 seconds left.\n|inactive|P OMEGALUL L has 15 seconds left.\n|inactive|Elizardbeth440 has 15 seconds left.\n|inactive|Elizardbeth440 has 10 seconds left.\n|\n|t:|1683671714\n|switch|p2b: Ting-Lu|Ting-Lu, L50|100\/100\n|-ability|p2b: Ting-Lu|Vessel of Ruin\n|move|p1a: Arcanine|Extreme Speed|p2a: Breloom\n|-damage|p2a: Breloom|75\/100 tox\n|move|p2a: Breloom|Thunder Punch|p1a: Arcanine\n|-damage|p1a: Arcanine|14\/100\n|move|p1b: Amoonguss|Pollen Puff|p1a: Arcanine\n|-heal|p1a: Arcanine|63\/100\n|\n|-heal|p2a: Breloom|88\/100 tox|[from] ability: Poison Heal\n|upkeep\n|turn|3\n|inactive|P OMEGALUL L has 30 seconds left.\n|inactive|Elizardbeth440 has 30 seconds left.\n|inactive|Elizardbeth440 has 20 seconds left.\n|\n|t:|1683671750\n|switch|p1a: Baxcalibur|Baxcalibur, L50, M|100\/100\n|move|p2a: Breloom|Protect|p2a: Breloom\n|-singleturn|p2a: Breloom|Protect\n|move|p2b: Ting-Lu|Ruination|p1b: Amoonguss|[miss]\n|-miss|p2b: Ting-Lu|p1b: Amoonguss\n|move|p1b: Amoonguss|Spore|p2b: Ting-Lu\n|-status|p2b: Ting-Lu|slp|[from] move: Spore\n|\n|-heal|p2a: Breloom|100\/100 tox|[from] ability: Poison Heal\n|upkeep\n|turn|4\n|c|\u2606Elizardbeth440|smh\n|c| Wyvern129|unlucky\n|inactive|Elizardbeth440 has 30 seconds left.\n|\n|t:|1683671775\n|move|p1b: Amoonguss|Rage Powder|p1b: Amoonguss\n|-singleturn|p1b: Amoonguss|move: Rage Powder\n|move|p1a: Baxcalibur|Glaive Rush|p2a: Breloom\n|-damage|p2a: Breloom|27\/100 tox\n|-singlemove|p1a: Baxcalibur|Glaive Rush|[silent]\n|move|p2a: Breloom|Spore|p1b: Amoonguss\n|-immune|p1b: Amoonguss\n|cant|p2b: Ting-Lu|slp\n|\n|-heal|p2a: Breloom|39\/100 tox|[from] ability: Poison Heal\n|upkeep\n|turn|5\n|\n|t:|1683671793\n|move|p2a: Breloom|Protect|p2a: Breloom\n|-singleturn|p2a: Breloom|Protect\n|move|p1b: Amoonguss|Rage Powder|p1b: Amoonguss\n|-singleturn|p1b: Amoonguss|move: Rage Powder\n|move|p1a: Baxcalibur|Icicle Crash|p2b: Ting-Lu\n|-supereffective|p2b: Ting-Lu\n|-damage|p2b: Ting-Lu|39\/100 slp\n|cant|p2b: Ting-Lu|slp\n|\n|-heal|p2a: Breloom|52\/100 tox|[from] ability: Poison Heal\n|upkeep\n|turn|6\n|\n|t:|1683671811\n|switch|p2a: Flutter Mane|Flutter Mane, L50|100\/100\n|move|p1b: Amoonguss|Rage Powder|p1b: Amoonguss\n|-singleturn|p1b: Amoonguss|move: Rage Powder\n|move|p1a: Baxcalibur|Icicle Crash|p2b: Ting-Lu\n|-supereffective|p2b: Ting-Lu\n|-damage|p2b: Ting-Lu|0 fnt\n|faint|p2b: Ting-Lu\n|\n|upkeep\n|\n|t:|1683671823\n|switch|p2b: Amoonguss|Amoonguss, L50, F|100\/100\n|turn|7\n|inactive|Elizardbeth440 has 30 seconds left.\n|inactive|Elizardbeth440 has 20 seconds left.\n|\n|t:|1683671859\n|move|p1a: Baxcalibur|Protect|p1a: Baxcalibur\n|-singleturn|p1a: Baxcalibur|Protect\n|move|p2b: Amoonguss|Rage Powder|p2b: Amoonguss\n|-singleturn|p2b: Amoonguss|move: Rage Powder\n|move|p2a: Flutter Mane|Dazzling Gleam|p1a: Baxcalibur|[spread] p1b\n|-activate|p1a: Baxcalibur|move: Protect\n|-resisted|p1b: Amoonguss\n|-damage|p1b: Amoonguss|82\/100\n|move|p1b: Amoonguss|Spore|p2a: Flutter Mane\n|-status|p2a: Flutter Mane|slp|[from] move: Spore\n|\n|upkeep\n|turn|8\n|l| MEXES\n|inactive|Elizardbeth440 has 30 seconds left.\n|\n|t:|1683671884\n|switch|p1a: Arcanine|Arcanine, L50, F|63\/100\n|-ability|p1a: Arcanine|Intimidate|boost\n|-unboost|p2a: Flutter Mane|atk|1\n|-unboost|p2b: Amoonguss|atk|1\n|cant|p2a: Flutter Mane|slp\n|move|p2b: Amoonguss|Spore|p1a: Arcanine\n|-activate|p1a: Arcanine|item: Safety Goggles|Spore\n|move|p1b: Amoonguss|Pollen Puff|p1a: Arcanine\n|-heal|p1a: Arcanine|100\/100\n|\n|upkeep\n|turn|9\n|\n|t:|1683671905\n|-end|p2a: Flutter Mane|Protosynthesis|[silent]\n|switch|p2a: Breloom|Breloom, L50, F, shiny, tera:Electric|52\/100 tox\n|move|p1a: Arcanine|Flare Blitz|p2a: Breloom\n|-damage|p2a: Breloom|0 fnt\n|faint|p2a: Breloom\n|-damage|p1a: Arcanine|86\/100|[from] Recoil\n|move|p2b: Amoonguss|Pollen Puff|p2: Breloom|[notarget]\n|-fail|p2b: Amoonguss\n|move|p1b: Amoonguss|Pollen Puff|p1a: Arcanine\n|-heal|p1a: Arcanine|100\/100\n|\n|upkeep\n|\n|t:|1683671917\n|switch|p2a: Flutter Mane|Flutter Mane, L50|100\/100 slp\n|turn|10\n|\n|t:|1683671941\n|-curestatus|p2a: Flutter Mane|slp|[msg]\n|move|p2a: Flutter Mane|Shadow Ball|p1a: Arcanine\n|-damage|p1a: Arcanine|39\/100\n|move|p1a: Arcanine|Flare Blitz|p2a: Flutter Mane\n|-damage|p2a: Flutter Mane|2\/100\n|-status|p2a: Flutter Mane|brn\n|-damage|p1a: Arcanine|12\/100|[from] Recoil\n|move|p2b: Amoonguss|Pollen Puff|p2a: Flutter Mane\n|-heal|p2a: Flutter Mane|52\/100 brn\n|move|p1b: Amoonguss|Pollen Puff|p1a: Arcanine\n|-heal|p1a: Arcanine|62\/100\n|\n|-damage|p2a: Flutter Mane|46\/100 brn|[from] brn\n|upkeep\n|turn|11\n|inactive|Elizardbeth440 has 30 seconds left.\n|inactive|Elizardbeth440 has 20 seconds left.\n|\n|t:|1683671979\n|move|p1b: Amoonguss|Rage Powder|p1b: Amoonguss\n|-singleturn|p1b: Amoonguss|move: Rage Powder\n|move|p2a: Flutter Mane|Shadow Ball|p1b: Amoonguss\n|-damage|p1b: Amoonguss|32\/100\n|-enditem|p1b: Amoonguss|Sitrus Berry|[eat]\n|-heal|p1b: Amoonguss|57\/100|[from] item: Sitrus Berry\n|move|p1a: Arcanine|Flare Blitz|p2a: Flutter Mane\n|-damage|p2a: Flutter Mane|0 fnt\n|faint|p2a: Flutter Mane\n|-end|p2a: Flutter Mane|Protosynthesis|[silent]\n|-damage|p1a: Arcanine|49\/100|[from] Recoil\n|move|p2b: Amoonguss|Pollen Puff|p2: Flutter Mane|[notarget]\n|-fail|p2b: Amoonguss\n|\n|upkeep\n|turn|12\n|-message|Elizardbeth440 forfeited.\n|\n|win|P OMEGALUL L\n|n|\u2606P OMEGALUL L|pomegalull\n|n|\u2606Elizardbeth440|elizardbeth440\n|n| Wyvern129|wyvern129\n|n| himothy23|himothy23\n|n| vsevfswws|vsevfswws\n|n| SlowHomie|slowhomie\n","uploadtime":1683671996,"views":13,"p1id":"pomegalull","p2id":"elizardbeth440","formatid":"gen9vgc2023regulationc","rating":0,"private":0,"password":""}