{"id":"gen9vgc2023regulationc-1861317659","p1":"Angelo Neres","p2":"Awesomeacuz13","format":"[Gen 9] VGC 2023 Regulation C","log":"|j|\u2606Angelo Neres\n|j|\u2606Awesomeacuz13\n|t:|1683745352\n|gametype|doubles\n|player|p1|Angelo Neres|2|1191\n|player|p2|Awesomeacuz13|hanbei-conquest|1185\n|teamsize|p1|6\n|teamsize|p2|6\n|gen|9\n|tier|[Gen 9] VGC 2023 Regulation C\n|rated|\n|rule|Species Clause: Limit one of each Pok\u00e9mon\n|rule|Item Clause: Limit one of each item\n|clearpoke\n|poke|p1|Flutter Mane, L50|\n|poke|p1|Scizor, L50, F|\n|poke|p1|Gallade, L50, M|\n|poke|p1|Garchomp, L50, M|\n|poke|p1|Gyarados, L50, F|\n|poke|p1|Amoonguss, L50, M|\n|poke|p2|Chi-Yu, L50|\n|poke|p2|Torkoal, L50, F|\n|poke|p2|Flutter Mane, L50|\n|poke|p2|Great Tusk, L50|\n|poke|p2|Kingambit, L50, M|\n|poke|p2|Murkrow, L50, M|\n|teampreview|4\n|inactive|Battle timer is ON: inactive players will automatically lose when time's up. (requested by Angelo Neres)\n|\n|t:|1683745376\n|start\n|switch|p1a: Gyarados|Gyarados, L50, F|100\/100\n|switch|p1b: Flutter Mane|Flutter Mane, L50|100\/100\n|switch|p2a: Murkrow|Murkrow, L50, M|100\/100\n|switch|p2b: Muramasa|Kingambit, L50, M|100\/100\n|-ability|p1a: Gyarados|Intimidate|boost\n|-unboost|p2a: Murkrow|atk|1\n|-unboost|p2b: Muramasa|atk|1\n|-ability|p2b: Muramasa|Defiant|boost\n|-boost|p2b: Muramasa|atk|2\n|-enditem|p1b: Flutter Mane|Booster Energy\n|-activate|p1b: Flutter Mane|ability: Protosynthesis|[fromitem]\n|-start|p1b: Flutter Mane|protosynthesisspa\n|turn|1\n|\n|t:|1683745398\n|move|p1b: Flutter Mane|Protect|p1b: Flutter Mane\n|-singleturn|p1b: Flutter Mane|Protect\n|move|p2a: Murkrow|Taunt|p1a: Gyarados\n|-start|p1a: Gyarados|move: Taunt\n|cant|p1a: Gyarados|move: Taunt|Thunder Wave\n|move|p2b: Muramasa|Iron Head|p1b: Flutter Mane\n|-activate|p1b: Flutter Mane|move: Protect\n|\n|upkeep\n|turn|2\n|inactive|Angelo Neres has 30 seconds left.\n|\n|t:|1683745423\n|-end|p1b: Flutter Mane|Protosynthesis|[silent]\n|switch|p1b: Amoonguss|Amoonguss, L50, M|100\/100\n|move|p2a: Murkrow|Tailwind|p2a: Murkrow\n|-sidestart|p2: Awesomeacuz13|move: Tailwind\n|move|p2b: Muramasa|Iron Head|p1b: Amoonguss\n|-damage|p1b: Amoonguss|42\/100\n|-enditem|p1b: Amoonguss|Sitrus Berry|[eat]\n|-heal|p1b: Amoonguss|67\/100|[from] item: Sitrus Berry\n|move|p1a: Gyarados|Waterfall|p2a: Murkrow\n|-damage|p2a: Murkrow|48\/100\n|\n|upkeep\n|turn|3\n|inactive|Angelo Neres has 30 seconds left.\n|inactive|Angelo Neres has 20 seconds left.\n|inactive|Angelo Neres has 15 seconds left.\n|\n|t:|1683745466\n|switch|p1a: Flutter Mane|Flutter Mane, L50|100\/100\n|move|p2a: Murkrow|Taunt|p1b: Amoonguss\n|-start|p1b: Amoonguss|move: Taunt\n|move|p2b: Muramasa|Kowtow Cleave|p1a: Flutter Mane\n|-damage|p1a: Flutter Mane|0 fnt\n|faint|p1a: Flutter Mane\n|-end|p1a: Flutter Mane|Protosynthesis|[silent]\n|move|p1b: Amoonguss|Pollen Puff|p2a: Murkrow\n|-damage|p2a: Murkrow|29\/100\n|\n|upkeep\n|\n|t:|1683745480\n|switch|p1a: Gyarados|Gyarados, L50, F|100\/100\n|-ability|p1a: Gyarados|Intimidate|boost\n|-unboost|p2a: Murkrow|atk|1\n|-unboost|p2b: Muramasa|atk|1\n|-ability|p2b: Muramasa|Defiant|boost\n|-boost|p2b: Muramasa|atk|2\n|turn|4\n|\n|t:|1683745499\n|switch|p1b: Gallade|Gallade, L50, M|100\/100\n|move|p2a: Murkrow|Taunt|p1a: Gyarados\n|-start|p1a: Gyarados|move: Taunt\n|move|p2b: Muramasa|Kowtow Cleave|p1a: Gyarados\n|-damage|p1a: Gyarados|0 fnt\n|faint|p1a: Gyarados\n|\n|upkeep\n|\n|t:|1683745508\n|switch|p1a: Amoonguss|Amoonguss, L50, M|99\/100\n|turn|5\n|inactive|Angelo Neres has 30 seconds left.\n|\n|t:|1683745537\n|-terastallize|p2b: Muramasa|Fire\n|move|p2a: Murkrow|Taunt|p1a: Amoonguss\n|-start|p1a: Amoonguss|move: Taunt\n|move|p1b: Gallade|Sacred Sword|p2a: Murkrow\n|-crit|p2a: Murkrow\n|-damage|p2a: Murkrow|0 fnt\n|faint|p2a: Murkrow\n|move|p2b: Muramasa|Kowtow Cleave|p1b: Gallade\n|-enditem|p1b: Gallade|Focus Sash\n|-damage|p1b: Gallade|1\/100\n|cant|p1a: Amoonguss|move: Taunt|Spore\n|\n|-sideend|p2: Awesomeacuz13|move: Tailwind\n|upkeep\n|\n|t:|1683745551\n|switch|p2a: E.D. ESTAROSSA|Great Tusk, L50|100\/100\n|turn|6\n|-message|Angelo Neres forfeited.\n|\n|win|Awesomeacuz13\n|raw|Angelo Neres's rating: 1191 → 1166<\/strong> (-25 for losing)\n|raw|Awesomeacuz13's rating: 1185 → 1210<\/strong> (+25 for winning)\n|l|\u2606Angelo Neres\n","uploadtime":1683745559,"views":17,"p1id":"angeloneres","p2id":"awesomeacuz13","formatid":"gen9vgc2023regulationc","rating":1166,"private":0,"password":""}