{"id":"gen9vgc2023regulationc-1856175600","p1":"Widxen","p2":"myselfkula","format":"[Gen 9] VGC 2023 Regulation C","log":"|j|\u2606Widxen\n|j|\u2606myselfkula\n|t:|1683037730\n|gametype|doubles\n|player|p1|Widxen|101|1219\n|player|p2|myselfkula|1|1134\n|teamsize|p1|6\n|teamsize|p2|6\n|gen|9\n|tier|[Gen 9] VGC 2023 Regulation C\n|rated|\n|rule|Species Clause: Limit one of each Pok\u00e9mon\n|rule|Item Clause: Limit one of each item\n|clearpoke\n|poke|p1|Ting-Lu, L50|\n|poke|p1|Gyarados, L50, M|\n|poke|p1|Meowscarada, L50, M|\n|poke|p1|Arcanine, L50, F|\n|poke|p1|Flutter Mane, L50|\n|poke|p1|Iron Bundle, L50|\n|poke|p2|Maushold-Four, L50|\n|poke|p2|Annihilape, L50, F|\n|poke|p2|Chien-Pao, L50|\n|poke|p2|Iron Bundle, L50|\n|poke|p2|Amoonguss, L50, M|\n|poke|p2|Abomasnow, L50, F|\n|teampreview|4\n|inactive|Battle timer is ON: inactive players will automatically lose when time's up. (requested by myselfkula)\n|\n|t:|1683037781\n|start\n|switch|p1a: Arcanine|Arcanine, L50, F|100\/100\n|switch|p1b: Flutter Mane|Flutter Mane, L50|100\/100\n|switch|p2a: Iron Bundle|Iron Bundle, L50, shiny|100\/100\n|switch|p2b: Abomasnow|Abomasnow, L50, F|100\/100\n|-ability|p1a: Arcanine|Intimidate|boost\n|-unboost|p2a: Iron Bundle|atk|1\n|-unboost|p2b: Abomasnow|atk|1\n|-weather|Snow|[from] ability: Snow Warning|[of] p2b: Abomasnow\n|-enditem|p2a: Iron Bundle|Booster Energy\n|-activate|p2a: Iron Bundle|ability: Quark Drive|[fromitem]\n|-start|p2a: Iron Bundle|quarkdrivespe\n|-enditem|p1b: Flutter Mane|Booster Energy\n|-activate|p1b: Flutter Mane|ability: Protosynthesis|[fromitem]\n|-start|p1b: Flutter Mane|protosynthesisspa\n|turn|1\n|inactive|Widxen has 30 seconds left.\n|inactive|myselfkula has 30 seconds left.\n|inactive|myselfkula has 20 seconds left.\n|\n|t:|1683037821\n|move|p2a: Iron Bundle|Protect|p2a: Iron Bundle\n|-singleturn|p2a: Iron Bundle|Protect\n|move|p1a: Arcanine|Protect|p1a: Arcanine\n|-singleturn|p1a: Arcanine|Protect\n|move|p1b: Flutter Mane|Moonblast|p2a: Iron Bundle\n|-activate|p2a: Iron Bundle|move: Protect\n|move|p2b: Abomasnow|Aurora Veil|p2b: Abomasnow\n|-sidestart|p2: myselfkula|move: Aurora Veil\n|\n|-weather|Snow|[upkeep]\n|upkeep\n|turn|2\n|\n|t:|1683037841\n|-terastallize|p1a: Arcanine|Water\n|move|p1b: Flutter Mane|Protect|p1b: Flutter Mane\n|-singleturn|p1b: Flutter Mane|Protect\n|move|p2a: Iron Bundle|Blizzard|p1a: Arcanine|[spread] p1a\n|-activate|p1b: Flutter Mane|move: Protect\n|-resisted|p1a: Arcanine\n|-damage|p1a: Arcanine|85\/100\n|move|p1a: Arcanine|Will-O-Wisp|p2b: Abomasnow\n|-status|p2b: Abomasnow|brn\n|move|p2b: Abomasnow|Blizzard|p1a: Arcanine|[spread] p1a\n|-activate|p1b: Flutter Mane|move: Protect\n|-resisted|p1a: Arcanine\n|-damage|p1a: Arcanine|67\/100\n|-damage|p2b: Abomasnow|91\/100 brn|[from] item: Life Orb\n|\n|-weather|Snow|[upkeep]\n|-damage|p2b: Abomasnow|85\/100 brn|[from] brn\n|upkeep\n|turn|3\n|inactive|Widxen has 30 seconds left.\n|inactive|myselfkula has 30 seconds left.\n|inactive|myselfkula has 20 seconds left.\n|\n|t:|1683037878\n|move|p2a: Iron Bundle|Freeze-Dry|p1a: Arcanine\n|-supereffective|p1a: Arcanine\n|-damage|p1a: Arcanine|7\/100\n|move|p1b: Flutter Mane|Moonblast|p2a: Iron Bundle\n|-damage|p2a: Iron Bundle|21\/100\n|move|p1a: Arcanine|Flare Blitz|p2b: Abomasnow\n|-supereffective|p2b: Abomasnow\n|-damage|p2b: Abomasnow|0 fnt\n|faint|p2b: Abomasnow\n|-damage|p1a: Arcanine|0 fnt|[from] Recoil\n|faint|p1a: Arcanine\n|\n|-weather|Snow|[upkeep]\n|upkeep\n|\n|t:|1683037892\n|switch|p1a: Gyarados|Gyarados, L50, M|100\/100\n|switch|p2b: Chien-Pao|Chien-Pao, L50|100\/100\n|-ability|p2b: Chien-Pao|Sword of Ruin\n|-ability|p1a: Gyarados|Intimidate|boost\n|-unboost|p2a: Iron Bundle|atk|1\n|-unboost|p2b: Chien-Pao|atk|1\n|turn|4\n|\n|t:|1683037927\n|move|p1b: Flutter Mane|Protect|p1b: Flutter Mane\n|-singleturn|p1b: Flutter Mane|Protect\n|move|p2b: Chien-Pao|Sucker Punch||[still]\n|-fail|p2b: Chien-Pao\n|move|p2a: Iron Bundle|Freeze-Dry|p1a: Gyarados\n|-supereffective|p1a: Gyarados\n|-damage|p1a: Gyarados|15\/100\n|move|p1a: Gyarados|Thunder Wave|p2b: Chien-Pao\n|-status|p2b: Chien-Pao|par\n|\n|-weather|Snow|[upkeep]\n|upkeep\n|turn|5\n|\n|t:|1683037948\n|move|p2b: Chien-Pao|Sucker Punch||[still]\n|-fail|p2b: Chien-Pao\n|move|p2a: Iron Bundle|Blizzard|p1a: Gyarados|[spread] p1a,p1b\n|-damage|p1a: Gyarados|0 fnt\n|-damage|p1b: Flutter Mane|69\/100\n|faint|p1a: Gyarados\n|move|p1b: Flutter Mane|Substitute|p1b: Flutter Mane\n|-start|p1b: Flutter Mane|Substitute\n|-damage|p1b: Flutter Mane|44\/100\n|\n|-weather|none\n|-sideend|p2: myselfkula|move: Aurora Veil\n|upkeep\n|\n|t:|1683037953\n|switch|p1a: Iron Bundle|Iron Bundle, L50|100\/100\n|turn|6\n|inactive|Widxen has 30 seconds left.\n|\n|t:|1683037979\n|move|p2b: Chien-Pao|Sucker Punch||[still]\n|-fail|p2b: Chien-Pao\n|move|p2a: Iron Bundle|Freeze-Dry|p1a: Iron Bundle\n|-damage|p1a: Iron Bundle|38\/100\n|move|p1a: Iron Bundle|Encore|p2b: Chien-Pao\n|-start|p2b: Chien-Pao|Encore\n|move|p1b: Flutter Mane|Shadow Ball|p2a: Iron Bundle\n|-damage|p2a: Iron Bundle|0 fnt\n|faint|p2a: Iron Bundle\n|-end|p2a: Iron Bundle|Quark Drive|[silent]\n|\n|upkeep\n|\n|t:|1683037993\n|switch|p2a: Annihilape|Annihilape, L50, F|100\/100\n|turn|7\n|\n|t:|1683038014\n|-terastallize|p2a: Annihilape|Fire\n|move|p1a: Iron Bundle|Protect|p1a: Iron Bundle\n|-singleturn|p1a: Iron Bundle|Protect\n|cant|p2b: Chien-Pao|par\n|move|p1b: Flutter Mane|Shadow Ball|p2a: Annihilape\n|-damage|p2a: Annihilape|62\/100\n|move|p2a: Annihilape|Rage Fist|p1b: Flutter Mane\n|-supereffective|p1b: Flutter Mane\n|-end|p1b: Flutter Mane|Substitute\n|\n|-heal|p2a: Annihilape|68\/100|[from] item: Leftovers\n|upkeep\n|turn|8\n|\n|t:|1683038032\n|move|p1b: Flutter Mane|Protect|p1b: Flutter Mane\n|-singleturn|p1b: Flutter Mane|Protect\n|move|p2b: Chien-Pao|Sucker Punch||[still]\n|-fail|p2b: Chien-Pao\n|move|p1a: Iron Bundle|Encore|p2a: Annihilape\n|-start|p2a: Annihilape|Encore\n|move|p2a: Annihilape|Rage Fist|p1b: Flutter Mane\n|-activate|p1b: Flutter Mane|move: Protect\n|\n|-heal|p2a: Annihilape|75\/100|[from] item: Leftovers\n|upkeep\n|turn|9\n|\n|t:|1683038052\n|move|p1a: Iron Bundle|Protect|p1a: Iron Bundle\n|-singleturn|p1a: Iron Bundle|Protect\n|move|p2b: Chien-Pao|Sucker Punch||[still]\n|-fail|p2b: Chien-Pao\n|move|p1b: Flutter Mane|Substitute|p1b: Flutter Mane\n|-start|p1b: Flutter Mane|Substitute\n|-damage|p1b: Flutter Mane|19\/100\n|move|p2a: Annihilape|Rage Fist|p1b: Flutter Mane\n|-supereffective|p1b: Flutter Mane\n|-end|p1b: Flutter Mane|Substitute\n|\n|-heal|p2a: Annihilape|81\/100|[from] item: Leftovers\n|-end|p2b: Chien-Pao|Encore\n|upkeep\n|turn|10\n|\n|t:|1683038068\n|cant|p2b: Chien-Pao|par\n|move|p1a: Iron Bundle|Encore|p2b: Chien-Pao\n|-start|p2b: Chien-Pao|Encore\n|move|p1b: Flutter Mane|Shadow Ball|p2a: Annihilape\n|-damage|p2a: Annihilape|37\/100\n|move|p2a: Annihilape|Rage Fist|p1b: Flutter Mane\n|-supereffective|p1b: Flutter Mane\n|-damage|p1b: Flutter Mane|0 fnt\n|faint|p1b: Flutter Mane\n|-end|p1b: Flutter Mane|Protosynthesis|[silent]\n|\n|-heal|p2a: Annihilape|43\/100|[from] item: Leftovers\n|-end|p2a: Annihilape|Encore\n|upkeep\n|turn|11\n|\n|t:|1683038083\n|cant|p2b: Chien-Pao|par\n|move|p1a: Iron Bundle|Freeze-Dry|p2a: Annihilape\n|-resisted|p2a: Annihilape\n|-damage|p2a: Annihilape|29\/100\n|move|p2a: Annihilape|Rage Fist|p1a: Iron Bundle\n|-damage|p1a: Iron Bundle|0 fnt\n|faint|p1a: Iron Bundle\n|-end|p1a: Iron Bundle|Quark Drive|[silent]\n|\n|win|myselfkula\n|raw|Widxen's rating: 1219 → 1188<\/strong> (-31 for losing)\n|raw|myselfkula's rating: 1134 → 1165<\/strong> (+31 for winning)\n|l|\u2606Widxen\n","uploadtime":1683038100,"views":4,"p1id":"widxen","p2id":"myselfkula","formatid":"gen9vgc2023regulationc","rating":1165,"private":0,"password":""}