{"id":"gen9vgc2023regulationc-1845425970","p1":"99jiuli","p2":"Fluse1907","format":"[Gen 9] VGC 2023 Regulation C","log":"|j|\u260699jiuli\n|j|\u2606Fluse1907\n|t:|1681731708\n|gametype|doubles\n|player|p1|99jiuli|265|1000\n|player|p2|Fluse1907|265|1040\n|teamsize|p1|6\n|teamsize|p2|6\n|gen|9\n|tier|[Gen 9] VGC 2023 Regulation C\n|rated|\n|rule|Species Clause: Limit one of each Pok\u00e9mon\n|rule|Item Clause: Limit one of each item\n|clearpoke\n|poke|p1|Torkoal, L50, F|\n|poke|p1|Lilligant, L50, F|\n|poke|p1|Dragonite, L50, F|\n|poke|p1|Chien-Pao, L50|\n|poke|p1|Great Tusk, L50|\n|poke|p1|Flutter Mane, L50|\n|poke|p2|Iron Jugulis, L50|\n|poke|p2|Wo-Chien, L50|\n|poke|p2|Palafin, L50, F|\n|poke|p2|Gastrodon, L50, F|\n|poke|p2|Iron Valiant, L50|\n|poke|p2|Arcanine, L50, M|\n|teampreview|4\n|inactive|Battle timer is ON: inactive players will automatically lose when time's up. (requested by 99jiuli)\n99jiuli rejected open team sheets.\n|inactive|Fluse1907 has 60 seconds left.\n|inactive|Fluse1907 has 30 seconds left.\n|\n|t:|1681731772\n|start\n|switch|p1a: Torkoal|Torkoal, L50, F|100\/100\n|switch|p1b: Lilligant|Lilligant, L50, F|100\/100\n|switch|p2a: Arcanine|Arcanine, L50, M|100\/100\n|switch|p2b: Wo-Chien|Wo-Chien, L50|100\/100\n|-ability|p2a: Arcanine|Intimidate|boost\n|-fail|p1a: Torkoal|unboost|[from] ability: White Smoke|[of] p1a: Torkoal\n|-unboost|p1b: Lilligant|atk|1\n|-ability|p2b: Wo-Chien|Tablets of Ruin\n|turn|1\n|inactive|Fluse1907 has 30 seconds left.\n|\n|t:|1681731799\n|move|p1a: Torkoal|Protect|p1a: Torkoal\n|-singleturn|p1a: Torkoal|Protect\n|move|p1b: Lilligant|Sleep Powder|p2a: Arcanine\n|-status|p2a: Arcanine|slp|[from] move: Sleep Powder\n|cant|p2a: Arcanine|slp\n|move|p2b: Wo-Chien|Rain Dance|p2b: Wo-Chien\n|-weather|RainDance\n|\n|-weather|RainDance|[upkeep]\n|upkeep\n|turn|2\n|inactive|99jiuli has 30 seconds left.\n|inactive|Fluse1907 has 30 seconds left.\n|\n|t:|1681731832\n|switch|p1a: Dragonite|Dragonite, L50, F|100\/100\n|-terastallize|p2b: Wo-Chien|Poison\n|move|p1b: Lilligant|Protect|p1b: Lilligant\n|-singleturn|p1b: Lilligant|Protect\n|cant|p2a: Arcanine|slp\n|move|p2b: Wo-Chien|Pollen Puff|p1b: Lilligant\n|-activate|p1b: Lilligant|move: Protect\n|\n|-weather|RainDance|[upkeep]\n|upkeep\n|turn|3\n|inactive|99jiuli has 30 seconds left.\n|\n|t:|1681731861\n|-terastallize|p1a: Dragonite|Flying\n|move|p1b: Lilligant|Sleep Powder|p2a: Arcanine\n|-fail|p2a: Arcanine|slp\n|move|p1a: Dragonite|Tera Blast|p2b: Wo-Chien\n|-damage|p2b: Wo-Chien|39\/100\n|cant|p2a: Arcanine|slp\n|move|p2b: Wo-Chien|Pollen Puff|p1b: Lilligant\n|-supereffective|p1b: Lilligant\n|-damage|p1b: Lilligant|50\/100\n|\n|-weather|RainDance|[upkeep]\n|-heal|p2b: Wo-Chien|45\/100|[from] item: Leftovers\n|upkeep\n|turn|4\n|\n|t:|1681731885\n|switch|p2b: Iron Jugulis|Iron Jugulis, L50|100\/100\n|-enditem|p2b: Iron Jugulis|Booster Energy\n|-activate|p2b: Iron Jugulis|ability: Quark Drive|[fromitem]\n|-start|p2b: Iron Jugulis|quarkdrivespa\n|move|p1b: Lilligant|Protect|p1b: Lilligant\n|-singleturn|p1b: Lilligant|Protect\n|move|p1a: Dragonite|Tera Blast|p2b: Iron Jugulis\n|-damage|p2b: Iron Jugulis|0 fnt\n|faint|p2b: Iron Jugulis\n|-end|p2b: Iron Jugulis|Quark Drive|[silent]\n|-curestatus|p2a: Arcanine|slp|[msg]\n|move|p2a: Arcanine|Will-O-Wisp|p1a: Dragonite\n|-status|p1a: Dragonite|brn\n|\n|-weather|RainDance|[upkeep]\n|-damage|p1a: Dragonite|94\/100 brn|[from] brn\n|upkeep\n|\n|t:|1681731905\n|switch|p2b: Palafin|Palafin, L50, F|100\/100\n|turn|5\n|\n|t:|1681731920\n|detailschange|p2b: Palafin|Palafin-Hero, L50, F\n|switch|p2b: Wo-Chien|Wo-Chien, L50, tera:Poison|45\/100\n|-ability|p2b: Wo-Chien|Tablets of Ruin\n|move|p1b: Lilligant|Sleep Powder|p2b: Wo-Chien\n|-status|p2b: Wo-Chien|slp|[from] move: Sleep Powder\n|move|p1a: Dragonite|Tera Blast|p2b: Wo-Chien\n|-damage|p2b: Wo-Chien|12\/100 slp\n|move|p2a: Arcanine|Flare Blitz|p1b: Lilligant\n|-supereffective|p1b: Lilligant\n|-damage|p1b: Lilligant|0 fnt\n|faint|p1b: Lilligant\n|-damage|p2a: Arcanine|86\/100|[from] Recoil\n|\n|-weather|none\n|-heal|p2b: Wo-Chien|19\/100 slp|[from] item: Leftovers\n|-damage|p1a: Dragonite|88\/100 brn|[from] brn\n|upkeep\n|\n|t:|1681731935\n|switch|p1b: Torkoal|Torkoal, L50, F|100\/100\n|turn|6\n|\n|t:|1681731949\n|move|p1a: Dragonite|Tera Blast|p2a: Arcanine\n|-damage|p2a: Arcanine|52\/100\n|move|p2a: Arcanine|Snarl|p1b: Torkoal|[spread] p1a,p1b\n|-damage|p1a: Dragonite|80\/100 brn\n|-damage|p1b: Torkoal|90\/100\n|-unboost|p1a: Dragonite|spa|1\n|cant|p2b: Wo-Chien|slp\n|move|p1b: Torkoal|Eruption|p2a: Arcanine|[spread] p2a,p2b\n|-resisted|p2a: Arcanine\n|-damage|p2a: Arcanine|27\/100\n|-damage|p2b: Wo-Chien|0 fnt\n|faint|p2b: Wo-Chien\n|\n|-damage|p1a: Dragonite|74\/100 brn|[from] brn\n|upkeep\n|\n|t:|1681731962\n|switch|p2b: Palafin|Palafin-Hero, L50, F|100\/100\n|-activate|p2b: Palafin|ability: Zero to Hero\n|turn|7\n|inactive|Fluse1907 has 30 seconds left.\n|inactive|Fluse1907 has 20 seconds left.\n|inactive|Fluse1907 has 15 seconds left.\n|\n|t:|1681732005\n|move|p1b: Torkoal|Protect|p1b: Torkoal\n|-singleturn|p1b: Torkoal|Protect\n|move|p1a: Dragonite|Tera Blast|p2b: Palafin\n|-damage|p2b: Palafin|57\/100\n|move|p2b: Palafin|Wave Crash|p1b: Torkoal\n|-activate|p1b: Torkoal|move: Protect\n|move|p2a: Arcanine|Flare Blitz|p1b: Torkoal\n|-activate|p1b: Torkoal|move: Protect\n|\n|-damage|p1a: Dragonite|68\/100 brn|[from] brn\n|upkeep\n|turn|8\n|\n|t:|1681732029\n|move|p1a: Dragonite|Tera Blast|p2b: Palafin\n|-damage|p2b: Palafin|17\/100\n|move|p2b: Palafin|Wave Crash|p1b: Torkoal\n|-supereffective|p1b: Torkoal\n|-damage|p1b: Torkoal|0 fnt\n|faint|p1b: Torkoal\n|-damage|p2b: Palafin|0 fnt|[from] Recoil\n|faint|p2b: Palafin\n|move|p2a: Arcanine|Flare Blitz|p1a: Dragonite\n|-damage|p1a: Dragonite|4\/100 brn\n|-damage|p2a: Arcanine|9\/100|[from] Recoil\n|\n|-damage|p1a: Dragonite|0 fnt|[from] brn\n|faint|p1a: Dragonite\n|upkeep\n|\n|t:|1681732044\n|switch|p1b: Chien-Pao|Chien-Pao, L50|100\/100\n|-ability|p1b: Chien-Pao|Sword of Ruin\n|turn|9\n|\n|t:|1681732052\n|move|p2a: Arcanine|Extreme Speed|p1b: Chien-Pao\n|-damage|p1b: Chien-Pao|63\/100\n|move|p1b: Chien-Pao|Sacred Sword|p2a: Arcanine\n|-damage|p2a: Arcanine|0 fnt\n|faint|p2a: Arcanine\n|\n|win|99jiuli\n|raw|99jiuli's rating: 1000 → 1045<\/strong> (+45 for winning)\n|raw|Fluse1907's rating: 1040 → 1022<\/strong> (-18 for losing)\n|l|\u2606Fluse1907\n","uploadtime":1681732062,"views":7,"p1id":"99jiuli","p2id":"fluse1907","formatid":"gen9vgc2023regulationc","rating":1022,"private":0,"password":""}