{"id":"gen9vgc2023regulationc-1862145936","p1":"kalalu22","p2":"Magiplop","format":"[Gen 9] VGC 2023 Regulation C","log":"|j|\u2606kalalu22\n|j|\u2606Magiplop\n|t:|1683841915\n|gametype|doubles\n|player|p1|kalalu22|265|1140\n|player|p2|Magiplop|101|1128\n|teamsize|p1|6\n|teamsize|p2|6\n|gen|9\n|tier|[Gen 9] VGC 2023 Regulation C\n|rated|\n|rule|Species Clause: Limit one of each Pok\u00e9mon\n|rule|Item Clause: Limit one of each item\n|clearpoke\n|poke|p1|Iron Bundle, L50|\n|poke|p1|Tyranitar, L50, F|\n|poke|p1|Wo-Chien, L50|\n|poke|p1|Glimmora, L50, M|\n|poke|p1|Gyarados, L50, F|\n|poke|p1|Flutter Mane, L50|\n|poke|p2|Lumineon, L50, F|\n|poke|p2|Pelipper, L50, M|\n|poke|p2|Palafin, L50, M|\n|poke|p2|Amoonguss, L50, F|\n|poke|p2|Flutter Mane, L50|\n|poke|p2|Iron Hands, L50|\n|teampreview|4\n|inactive|Battle timer is ON: inactive players will automatically lose when time's up. (requested by kalalu22)\n|inactive|kalalu22 has 60 seconds left.\n|\n|t:|1683841949\n|start\n|switch|p1a: Tyranitar|Tyranitar, L50, F|100\/100\n|switch|p1b: Wo-Chien|Wo-Chien, L50|100\/100\n|switch|p2a: Lumineon|Lumineon, L50, F|100\/100\n|switch|p2b: Palafin|Palafin, L50, M|100\/100\n|-weather|Sandstorm|[from] ability: Sand Stream|[of] p1a: Tyranitar\n|-ability|p1b: Wo-Chien|Tablets of Ruin\n|turn|1\n|inactive|Magiplop has 30 seconds left.\n|inactive|Magiplop has 20 seconds left.\n|\n|t:|1683841987\n|detailschange|p2b: Palafin|Palafin-Hero, L50, M\n|switch|p2b: Pelipper|Pelipper, L50, M|100\/100\n|-weather|RainDance|[from] ability: Drizzle|[of] p2b: Pelipper\n|switch|p1a: Gyarados|Gyarados, L50, F|100\/100\n|-ability|p1a: Gyarados|Intimidate|boost\n|-unboost|p2a: Lumineon|atk|1\n|-unboost|p2b: Pelipper|atk|1\n|move|p2a: Lumineon|Hydro Pump|p1a: Gyarados\n|-resisted|p1a: Gyarados\n|-damage|p1a: Gyarados|82\/100\n|move|p1b: Wo-Chien|Leech Seed|p2b: Pelipper\n|-start|p2b: Pelipper|move: Leech Seed\n|\n|-weather|RainDance|[upkeep]\n|-damage|p2b: Pelipper|88\/100|[from] Leech Seed|[of] p1b: Wo-Chien\n|upkeep\n|turn|2\n|\n|t:|1683842011\n|move|p2a: Lumineon|Encore|p1b: Wo-Chien\n|-start|p1b: Wo-Chien|Encore\n|move|p1a: Gyarados|Taunt|p2b: Pelipper\n|-start|p2b: Pelipper|move: Taunt\n|move|p1b: Wo-Chien|Leech Seed|p2a: Lumineon\n|-start|p2a: Lumineon|move: Leech Seed\n|move|p2b: Pelipper|U-turn|p1b: Wo-Chien\n|-supereffective|p1b: Wo-Chien\n|-damage|p1b: Wo-Chien|84\/100\n|\n|t:|1683842020\n|switch|p2b: Flutter Mane|Flutter Mane, L50|100\/100|[from] U-turn\n|-enditem|p2b: Flutter Mane|Booster Energy\n|-activate|p2b: Flutter Mane|ability: Protosynthesis|[fromitem]\n|-start|p2b: Flutter Mane|protosynthesisspe\n|\n|-weather|RainDance|[upkeep]\n|-heal|p1b: Wo-Chien|90\/100|[from] item: Leftovers\n|-damage|p2a: Lumineon|88\/100|[from] Leech Seed|[of] p1b: Wo-Chien\n|-heal|p1b: Wo-Chien|100\/100|[silent]\n|upkeep\n|turn|3\n|\n|t:|1683842036\n|-terastallize|p1b: Wo-Chien|Water\n|move|p2a: Lumineon|Tailwind|p2a: Lumineon\n|-sidestart|p2: Magiplop|move: Tailwind\n|move|p2b: Flutter Mane|Thunder|p1a: Gyarados\n|-supereffective|p1a: Gyarados\n|-damage|p1a: Gyarados|0 fnt\n|faint|p1a: Gyarados\n|move|p1b: Wo-Chien|Leech Seed|p2b: Flutter Mane\n|-start|p2b: Flutter Mane|move: Leech Seed\n|\n|-weather|RainDance|[upkeep]\n|-damage|p2a: Lumineon|76\/100|[from] Leech Seed|[of] p1b: Wo-Chien\n|-damage|p2b: Flutter Mane|88\/100|[from] Leech Seed|[of] p1b: Wo-Chien\n|upkeep\n|\n|t:|1683842049\n|switch|p1a: Tyranitar|Tyranitar, L50, F|100\/100\n|-weather|Sandstorm|[from] ability: Sand Stream|[of] p1a: Tyranitar\n|turn|4\n|\n|t:|1683842061\n|-end|p2b: Flutter Mane|Protosynthesis|[silent]\n|switch|p2b: Pelipper|Pelipper, L50, M|88\/100\n|-weather|RainDance|[from] ability: Drizzle|[of] p2b: Pelipper\n|switch|p1a: Glimmora|Glimmora, L50, M|100\/100\n|move|p2a: Lumineon|Hydro Pump|p1a: Glimmora|[miss]\n|-miss|p2a: Lumineon|p1a: Glimmora\n|move|p1b: Wo-Chien|Leech Seed|p2b: Pelipper\n|-start|p2b: Pelipper|move: Leech Seed\n|\n|-weather|RainDance|[upkeep]\n|-damage|p2a: Lumineon|64\/100|[from] Leech Seed|[of] p1b: Wo-Chien\n|-damage|p2b: Pelipper|76\/100|[from] Leech Seed|[of] p1b: Wo-Chien\n|-end|p1b: Wo-Chien|Encore\n|upkeep\n|turn|5\n|inactive|Magiplop has 30 seconds left.\n|\n|t:|1683842088\n|switch|p1b: Tyranitar|Tyranitar, L50, F|100\/100\n|-weather|Sandstorm|[from] ability: Sand Stream|[of] p1b: Tyranitar\n|move|p2a: Lumineon|Encore||[still]\n|-fail|p2a: Lumineon\n|move|p2b: Pelipper|U-turn|p1a: Glimmora\n|-resisted|p1a: Glimmora\n|-damage|p1a: Glimmora|96\/100\n|-activate|p1a: Glimmora|ability: Toxic Debris\n|-sidestart|p2: Magiplop|move: Toxic Spikes\n|\n|t:|1683842092\n|switch|p2b: Palafin|Palafin-Hero, L50, M|100\/100|[from] U-turn\n|-status|p2b: Palafin|psn\n|-activate|p2b: Palafin|ability: Zero to Hero\n|move|p1a: Glimmora|Mortal Spin|p2b: Palafin|[spread] p2a,p2b\n|-damage|p2a: Lumineon|59\/100\n|-damage|p2b: Palafin|96\/100 psn\n|-status|p2a: Lumineon|psn\n|\n|-weather|Sandstorm|[upkeep]\n|-damage|p2a: Lumineon|54\/100 psn|[from] Sandstorm\n|-damage|p2a: Lumineon|42\/100 psn|[from] Leech Seed|[of] p1b: Tyranitar\n|-damage|p2a: Lumineon|30\/100 psn|[from] psn\n|-damage|p2b: Palafin|83\/100 psn|[from] psn\n|upkeep\n|turn|6\n|\n|t:|1683842112\n|switch|p1a: Wo-Chien|Wo-Chien, L50, tera:Water|100\/100\n|-ability|p1a: Wo-Chien|Tablets of Ruin\n|-terastallize|p2b: Palafin|Water\n|move|p2a: Lumineon|Safeguard|p2a: Lumineon\n|-sidestart|p2: Magiplop|Safeguard\n|move|p2b: Palafin|Wave Crash|p1b: Tyranitar\n|-supereffective|p1b: Tyranitar\n|-damage|p1b: Tyranitar|0 fnt\n|faint|p1b: Tyranitar\n|-damage|p2b: Palafin|55\/100 psn|[from] Recoil\n|\n|-weather|Sandstorm|[upkeep]\n|-damage|p2a: Lumineon|24\/100 psn|[from] Sandstorm\n|-damage|p1a: Wo-Chien|94\/100|[from] Sandstorm\n|-heal|p1a: Wo-Chien|100\/100|[from] item: Leftovers\n|-damage|p2a: Lumineon|12\/100 psn|[from] psn\n|-damage|p2b: Palafin|43\/100 psn|[from] psn\n|-sideend|p2: Magiplop|move: Tailwind\n|upkeep\n|\n|t:|1683842127\n|switch|p1b: Glimmora|Glimmora, L50, M|96\/100\n|turn|7\n|\n|t:|1683842140\n|switch|p2b: Pelipper|Pelipper, L50, M|76\/100\n|-weather|RainDance|[from] ability: Drizzle|[of] p2b: Pelipper\n|move|p2a: Lumineon|Tailwind|p2a: Lumineon\n|-sidestart|p2: Magiplop|move: Tailwind\n|move|p1b: Glimmora|Power Gem|p2b: Pelipper\n|-supereffective|p2b: Pelipper\n|-damage|p2b: Pelipper|0 fnt\n|faint|p2b: Pelipper\n|move|p1a: Wo-Chien|Leech Seed||[still]\n|-fail|p1a: Wo-Chien\n|\n|-weather|RainDance|[upkeep]\n|-damage|p2a: Lumineon|0 fnt|[from] Leech Seed|[of] p1b: Glimmora\n|-heal|p1b: Glimmora|100\/100|[silent]\n|faint|p2a: Lumineon\n|upkeep\n|\n|t:|1683842149\n|switch|p2a: Flutter Mane|Flutter Mane, L50|88\/100\n|switch|p2b: Palafin|Palafin-Hero, L50, M, tera:Water|43\/100 psn\n|turn|8\n|\n|t:|1683842157\n|move|p1a: Wo-Chien|Protect|p1a: Wo-Chien\n|-singleturn|p1a: Wo-Chien|Protect\n|move|p2a: Flutter Mane|Thunder|p1a: Wo-Chien\n|-activate|p1a: Wo-Chien|move: Protect\n|move|p2b: Palafin|Wave Crash|p1b: Glimmora\n|-supereffective|p1b: Glimmora\n|-damage|p1b: Glimmora|0 fnt\n|-activate|p1b: Glimmora|ability: Toxic Debris\n|-sidestart|p2: Magiplop|move: Toxic Spikes\n|faint|p1b: Glimmora\n|-damage|p2b: Palafin|12\/100 psn|[from] Recoil\n|\n|-weather|RainDance|[upkeep]\n|-damage|p2b: Palafin|0 fnt|[from] psn\n|faint|p2b: Palafin\n|upkeep\n|turn|9\n|\n|t:|1683842169\n|move|p2a: Flutter Mane|Thunder|p1a: Wo-Chien\n|-supereffective|p1a: Wo-Chien\n|-damage|p1a: Wo-Chien|54\/100\n|move|p1a: Wo-Chien|Leech Seed|p2a: Flutter Mane|[miss]\n|-miss|p1a: Wo-Chien|p2a: Flutter Mane\n|\n|-weather|RainDance|[upkeep]\n|-heal|p1a: Wo-Chien|60\/100|[from] item: Leftovers\n|upkeep\n|turn|10\n|\n|t:|1683842180\n|move|p2a: Flutter Mane|Thunder|p1a: Wo-Chien\n|-supereffective|p1a: Wo-Chien\n|-damage|p1a: Wo-Chien|14\/100\n|move|p1a: Wo-Chien|Leech Seed|p2a: Flutter Mane\n|-start|p2a: Flutter Mane|move: Leech Seed\n|\n|-weather|RainDance|[upkeep]\n|-heal|p1a: Wo-Chien|20\/100|[from] item: Leftovers\n|-damage|p2a: Flutter Mane|76\/100|[from] Leech Seed|[of] p1a: Wo-Chien\n|-heal|p1a: Wo-Chien|29\/100|[silent]\n|-sideend|p2: Magiplop|Safeguard\n|-sideend|p2: Magiplop|move: Tailwind\n|upkeep\n|turn|11\n|\n|t:|1683842189\n|move|p1a: Wo-Chien|Protect|p1a: Wo-Chien\n|-singleturn|p1a: Wo-Chien|Protect\n|move|p2a: Flutter Mane|Thunder|p1a: Wo-Chien\n|-activate|p1a: Wo-Chien|move: Protect\n|\n|-weather|RainDance|[upkeep]\n|-heal|p1a: Wo-Chien|35\/100|[from] item: Leftovers\n|-damage|p2a: Flutter Mane|64\/100|[from] Leech Seed|[of] p1a: Wo-Chien\n|-heal|p1a: Wo-Chien|44\/100|[silent]\n|upkeep\n|turn|12\n|\n|t:|1683842203\n|move|p2a: Flutter Mane|Thunder|p1a: Wo-Chien\n|-supereffective|p1a: Wo-Chien\n|-damage|p1a: Wo-Chien|0 fnt\n|faint|p1a: Wo-Chien\n|\n|win|Magiplop\n|raw|kalalu22's rating: 1140 → 1114<\/strong> (-26 for losing)\n|raw|Magiplop's rating: 1128 → 1154<\/strong> (+26 for winning)\n|c|\u2606kalalu22|gg\n|l|\u2606Magiplop\n","uploadtime":1683842218,"views":6,"p1id":"kalalu22","p2id":"magiplop","formatid":"gen9vgc2023regulationc","rating":1114,"private":0,"password":""}