{"id":"gen9vgc2023regulationc-1845422886","p1":"taro14","p2":"JayoticNL","format":"[Gen 9] VGC 2023 Regulation C","log":"|j|\u2606taro14\n|j|\u2606JayoticNL\n|t:|1681731294\n|gametype|doubles\n|player|p1|taro14|dawn|1314\n|player|p2|JayoticNL|emmet|1296\n|teamsize|p1|6\n|teamsize|p2|6\n|gen|9\n|tier|[Gen 9] VGC 2023 Regulation C\n|rated|\n|rule|Species Clause: Limit one of each Pok\u00e9mon\n|rule|Item Clause: Limit one of each item\n|clearpoke\n|poke|p1|Arcanine, L50, F|\n|poke|p1|Amoonguss, L50, M|\n|poke|p1|Ting-Lu, L50|\n|poke|p1|Palafin, L50, F|\n|poke|p1|Flutter Mane, L50|\n|poke|p1|Baxcalibur, L50, F|\n|poke|p2|Wo-Chien, L50|\n|poke|p2|Scream Tail, L50|\n|poke|p2|Flutter Mane, L50|\n|poke|p2|Chi-Yu, L50|\n|poke|p2|Gyarados, L50, M|\n|poke|p2|Sandy Shocks, L50|\n|teampreview|4\n|inactive|Battle timer is ON: inactive players will automatically lose when time's up. (requested by JayoticNL)\n|\n|t:|1681731354\n|start\n|switch|p1a: Arcanine|Arcanine, L50, F|100\/100\n|switch|p1b: Flutter Mane|Flutter Mane, L50|100\/100\n|switch|p2a: Wo-Chien|Wo-Chien, L50|100\/100\n|switch|p2b: Scream Tail|Scream Tail, L50|100\/100\n|-ability|p1a: Arcanine|Intimidate|boost\n|-unboost|p2a: Wo-Chien|atk|1\n|-unboost|p2b: Scream Tail|atk|1\n|-ability|p2a: Wo-Chien|Tablets of Ruin\n|-enditem|p2b: Scream Tail|Booster Energy\n|-activate|p2b: Scream Tail|ability: Protosynthesis|[fromitem]\n|-start|p2b: Scream Tail|protosynthesisspe\n|turn|1\n|inactive|taro14 has 30 seconds left.\n|\n|t:|1681731380\n|switch|p1a: Amoonguss|Amoonguss, L50, M|100\/100\n|-terastallize|p2a: Wo-Chien|Poison\n|move|p2b: Scream Tail|Protect|p2b: Scream Tail\n|-singleturn|p2b: Scream Tail|Protect\n|move|p1b: Flutter Mane|Shadow Ball|p2b: Scream Tail\n|-activate|p2b: Scream Tail|move: Protect\n|move|p2a: Wo-Chien|Leech Seed|p1b: Flutter Mane\n|-start|p1b: Flutter Mane|move: Leech Seed\n|\n|-damage|p1b: Flutter Mane|88\/100|[from] Leech Seed|[of] p2a: Wo-Chien\n|upkeep\n|turn|2\n|inactive|taro14 has 30 seconds left.\n|inactive|JayoticNL has 30 seconds left.\n|\n|t:|1681731412\n|move|p2a: Wo-Chien|Protect|p2a: Wo-Chien\n|-singleturn|p2a: Wo-Chien|Protect\n|move|p2b: Scream Tail|Disable|p1b: Flutter Mane\n|-start|p1b: Flutter Mane|Disable|Shadow Ball\n|cant|p1b: Flutter Mane|Disable|Shadow Ball\n|move|p1a: Amoonguss|Spore|p2a: Wo-Chien\n|-activate|p2a: Wo-Chien|move: Protect\n|\n|-damage|p1b: Flutter Mane|76\/100|[from] Leech Seed|[of] p2a: Wo-Chien\n|upkeep\n|turn|3\n|inactive|taro14 has 30 seconds left.\n|inactive|JayoticNL has 30 seconds left.\n|\n|t:|1681731444\n|-end|p1b: Flutter Mane|Protosynthesis|[silent]\n|switch|p1b: Baxcalibur|Baxcalibur, L50, F|100\/100\n|switch|p1a: Arcanine|Arcanine, L50, F|100\/100\n|-ability|p1a: Arcanine|Intimidate|boost\n|-unboost|p2a: Wo-Chien|atk|1\n|-unboost|p2b: Scream Tail|atk|1\n|move|p2b: Scream Tail|Disable||[still]\n|-fail|p2b: Scream Tail\n|move|p2a: Wo-Chien|Foul Play|p1b: Baxcalibur\n|-damage|p1b: Baxcalibur|43\/100\n|\n|upkeep\n|turn|4\n|inactive|taro14 has 30 seconds left.\n|inactive|JayoticNL has 30 seconds left.\n|\n|t:|1681731477\n|switch|p1b: Amoonguss|Amoonguss, L50, M|100\/100\n|move|p2b: Scream Tail|Protect|p2b: Scream Tail\n|-singleturn|p2b: Scream Tail|Protect\n|move|p2a: Wo-Chien|Protect|p2a: Wo-Chien\n|-singleturn|p2a: Wo-Chien|Protect\n|move|p1a: Arcanine|Flare Blitz|p2b: Scream Tail\n|-activate|p2b: Scream Tail|move: Protect\n|\n|upkeep\n|turn|5\n|\n|t:|1681731501\n|switch|p1a: Baxcalibur|Baxcalibur, L50, F|43\/100\n|move|p2b: Scream Tail|Protect|p2b: Scream Tail\n|-singleturn|p2b: Scream Tail|Protect\n|move|p2a: Wo-Chien|Leech Seed|p1a: Baxcalibur\n|-start|p1a: Baxcalibur|move: Leech Seed\n|move|p1b: Amoonguss|Pollen Puff|p1a: Baxcalibur\n|-heal|p1a: Baxcalibur|93\/100\n|\n|-damage|p1a: Baxcalibur|81\/100|[from] Leech Seed|[of] p2a: Wo-Chien\n|upkeep\n|turn|6\n|\n|t:|1681731522\n|switch|p1a: Arcanine|Arcanine, L50, F|100\/100\n|-ability|p1a: Arcanine|Intimidate|boost\n|-unboost|p2a: Wo-Chien|atk|1\n|-unboost|p2b: Scream Tail|atk|1\n|move|p2b: Scream Tail|Encore|p1b: Amoonguss\n|-start|p1b: Amoonguss|Encore\n|move|p2a: Wo-Chien|Foul Play|p1a: Arcanine\n|-damage|p1a: Arcanine|52\/100\n|move|p1b: Amoonguss|Pollen Puff|p2b: Scream Tail\n|-damage|p2b: Scream Tail|87\/100\n|\n|upkeep\n|turn|7\n|\n|t:|1681731545\n|move|p2b: Scream Tail|Disable|p1b: Amoonguss\n|-start|p1b: Amoonguss|Disable|Pollen Puff\n|move|p1a: Arcanine|Flare Blitz|p2a: Wo-Chien\n|-damage|p2a: Wo-Chien|68\/100\n|-damage|p1a: Arcanine|41\/100|[from] Recoil\n|move|p2a: Wo-Chien|Foul Play|p1a: Arcanine\n|-damage|p1a: Arcanine|0 fnt\n|faint|p1a: Arcanine\n|cant|p1b: Amoonguss|Disable|Pollen Puff\n|\n|upkeep\n|\n|t:|1681731563\n|switch|p1a: Baxcalibur|Baxcalibur, L50, F|81\/100\n|turn|8\n|\n|t:|1681731574\n|switch|p1b: Flutter Mane|Flutter Mane, L50|76\/100\n|move|p2b: Scream Tail|Protect|p2b: Scream Tail\n|-singleturn|p2b: Scream Tail|Protect\n|move|p1a: Baxcalibur|Glaive Rush|p2a: Wo-Chien\n|-damage|p2a: Wo-Chien|25\/100\n|-singlemove|p1a: Baxcalibur|Glaive Rush|[silent]\n|-enditem|p2a: Wo-Chien|Aguav Berry|[eat]\n|-heal|p2a: Wo-Chien|59\/100|[from] item: Aguav Berry\n|move|p2a: Wo-Chien|Foul Play|p1a: Baxcalibur\n|-damage|p1a: Baxcalibur|0 fnt\n|faint|p1a: Baxcalibur\n|\n|upkeep\n|\n|t:|1681731588\n|switch|p1a: Amoonguss|Amoonguss, L50, M|100\/100\n|turn|9\n|\n|t:|1681731610\n|-end|p2b: Scream Tail|Protosynthesis|[silent]\n|switch|p2b: Gyarados|Gyarados, L50, M, shiny|100\/100\n|-ability|p2b: Gyarados|Intimidate|boost\n|-unboost|p1a: Amoonguss|atk|1\n|-unboost|p1b: Flutter Mane|atk|1\n|move|p1b: Flutter Mane|Shadow Ball|p2b: Gyarados\n|-damage|p2b: Gyarados|47\/100\n|-enditem|p2b: Gyarados|Sitrus Berry|[eat]\n|-heal|p2b: Gyarados|71\/100|[from] item: Sitrus Berry\n|move|p2a: Wo-Chien|Leech Seed|p1b: Flutter Mane\n|-start|p1b: Flutter Mane|move: Leech Seed\n|move|p1a: Amoonguss|Spore|p2a: Wo-Chien\n|-status|p2a: Wo-Chien|slp|[from] move: Spore\n|\n|-damage|p1b: Flutter Mane|64\/100|[from] Leech Seed|[of] p2a: Wo-Chien\n|-heal|p2a: Wo-Chien|67\/100 slp|[silent]\n|upkeep\n|turn|10\n|inactive|taro14 has 30 seconds left.\n|\n|t:|1681731640\n|cant|p2a: Wo-Chien|slp\n|move|p1a: Amoonguss|Rage Powder|p1a: Amoonguss\n|-singleturn|p1a: Amoonguss|move: Rage Powder\n|move|p1b: Flutter Mane|Shadow Ball|p2b: Gyarados\n|-damage|p2b: Gyarados|19\/100\n|move|p2b: Gyarados|Taunt|p1a: Amoonguss\n|-start|p1a: Amoonguss|move: Taunt\n|\n|-damage|p1b: Flutter Mane|52\/100|[from] Leech Seed|[of] p2a: Wo-Chien\n|-heal|p2a: Wo-Chien|75\/100 slp|[silent]\n|upkeep\n|turn|11\n|\n|t:|1681731657\n|move|p1b: Flutter Mane|Shadow Ball|p2b: Gyarados\n|-damage|p2b: Gyarados|0 fnt\n|faint|p2b: Gyarados\n|-curestatus|p2a: Wo-Chien|slp|[msg]\n|move|p2a: Wo-Chien|Pollen Puff|p2: Gyarados|[notarget]\n|-fail|p2a: Wo-Chien\n|move|p1a: Amoonguss|Pollen Puff|p1b: Flutter Mane\n|-heal|p1b: Flutter Mane|100\/100\n|\n|-damage|p1b: Flutter Mane|88\/100|[from] Leech Seed|[of] p2a: Wo-Chien\n|-heal|p2a: Wo-Chien|84\/100|[silent]\n|upkeep\n|\n|t:|1681731666\n|switch|p2b: Scream Tail|Scream Tail, L50|87\/100\n|turn|12\n|\n|t:|1681731684\n|move|p1b: Flutter Mane|Shadow Ball|p2b: Scream Tail\n|-supereffective|p2b: Scream Tail\n|-damage|p2b: Scream Tail|0 fnt\n|faint|p2b: Scream Tail\n|-end|p2b: Scream Tail|Protosynthesis|[silent]\n|move|p2a: Wo-Chien|Foul Play|p1b: Flutter Mane\n|-damage|p1b: Flutter Mane|66\/100\n|move|p1a: Amoonguss|Pollen Puff|p1b: Flutter Mane\n|-heal|p1b: Flutter Mane|100\/100\n|\n|-damage|p1b: Flutter Mane|88\/100|[from] Leech Seed|[of] p2a: Wo-Chien\n|-heal|p2a: Wo-Chien|92\/100|[silent]\n|upkeep\n|\n|t:|1681731687\n|switch|p2b: Flutter Mane|Flutter Mane, L50|100\/100\n|turn|13\n|\n|t:|1681731706\n|-terastallize|p1b: Flutter Mane|Fairy\n|move|p2b: Flutter Mane|Shadow Ball|p1b: Flutter Mane\n|-damage|p1b: Flutter Mane|47\/100\n|-unboost|p1b: Flutter Mane|spd|1\n|move|p1b: Flutter Mane|Shadow Ball|p2b: Flutter Mane\n|-supereffective|p2b: Flutter Mane\n|-enditem|p2b: Flutter Mane|Focus Sash\n|-damage|p2b: Flutter Mane|1\/100\n|move|p2a: Wo-Chien|Foul Play|p1b: Flutter Mane\n|-resisted|p1b: Flutter Mane\n|-damage|p1b: Flutter Mane|37\/100\n|move|p1a: Amoonguss|Pollen Puff|p1b: Flutter Mane\n|-heal|p1b: Flutter Mane|86\/100\n|\n|-damage|p1b: Flutter Mane|74\/100|[from] Leech Seed|[of] p2a: Wo-Chien\n|-heal|p2a: Wo-Chien|100\/100|[silent]\n|-end|p1a: Amoonguss|move: Taunt\n|upkeep\n|turn|14\n|inactive|taro14 has 30 seconds left.\n|inactive|JayoticNL has 30 seconds left.\n|\n|t:|1681731736\n|move|p2b: Flutter Mane|Moonblast|p1b: Flutter Mane\n|-damage|p1b: Flutter Mane|0 fnt\n|faint|p1b: Flutter Mane\n|-end|p1b: Flutter Mane|Protosynthesis|[silent]\n|move|p2a: Wo-Chien|Pollen Puff|p2b: Flutter Mane\n|-heal|p2b: Flutter Mane|51\/100\n|move|p1a: Amoonguss|Spore|p2a: Wo-Chien\n|-status|p2a: Wo-Chien|slp|[from] move: Spore\n|\n|upkeep\n|turn|15\n|l|\u2606taro14\n|inactive|taro14 disconnected and has a minute to reconnect!\n|player|p1|\n|inactive|taro14 has 30 seconds left.\n|inactive|taro14 has 20 seconds left.\n|inactive|taro14 has 15 seconds left.\n|inactive|taro14 has 10 seconds left.\n|inactive|taro14 has 5 seconds left.\n|-message|taro14 lost due to inactivity.\n|\n|win|JayoticNL\n|raw|taro14's rating: 1314 → 1293<\/strong> (-21 for losing)\n|raw|JayoticNL's rating: 1296 → 1322<\/strong> (+26 for winning)\n","uploadtime":1681731855,"views":7,"p1id":"taro14","p2id":"jayoticnl","formatid":"gen9vgc2023regulationc","rating":1293,"private":0,"password":""}