{"id":"gen9vgc2023regulationc-1857768468","p1":"Duckman96","p2":"Renan 26","format":"[Gen 9] VGC 2023 Regulation C","log":"|j|\u2606Duckman96\n|j|\u2606Renan 26\n|t:|1683229886\n|gametype|doubles\n|player|p1|Duckman96|102|1172\n|player|p2|Renan 26|grimsley|1182\n|teamsize|p1|6\n|teamsize|p2|6\n|gen|9\n|tier|[Gen 9] VGC 2023 Regulation C\n|rated|\n|rule|Species Clause: Limit one of each Pok\u00e9mon\n|rule|Item Clause: Limit one of each item\n|clearpoke\n|poke|p1|Volcarona, L50, M|\n|poke|p1|Gastrodon, L50, M|\n|poke|p1|Tinkaton, L50, F|\n|poke|p1|Tsareena, L50, F|\n|poke|p1|Salazzle, L50, F|\n|poke|p1|Chien-Pao, L50|\n|poke|p2|Roaring Moon, L50|\n|poke|p2|Gyarados, L50, M|\n|poke|p2|Chien-Pao, L50|\n|poke|p2|Great Tusk, L50|\n|poke|p2|Ceruledge, L50, F|\n|poke|p2|Amoonguss, L50, F|\n|teampreview|4\n|\n|t:|1683229916\n|start\n|switch|p1a: Salazzle|Salazzle, L50, F|100\/100\n|switch|p1b: Chien-Pao|Chien-Pao, L50|100\/100\n|switch|p2a: Elizabeth|Ceruledge, L50, F, shiny|100\/100\n|switch|p2b: Percy Jackson|Gyarados, L50, M|100\/100\n|-ability|p1b: Chien-Pao|Sword of Ruin\n|-ability|p2b: Percy Jackson|Intimidate|boost\n|-fail|p1a: Salazzle|unboost|Attack|[from] ability: Oblivious|[of] p1a: Salazzle\n|-unboost|p1b: Chien-Pao|atk|1\n|turn|1\n|\n|t:|1683229948\n|switch|p1b: Gastrodon|Gastrodon, L50, M|100\/100\n|move|p1a: Salazzle|Fake Tears|p2b: Percy Jackson\n|-unboost|p2b: Percy Jackson|spd|2\n|move|p2a: Elizabeth|Bulk Up|p2a: Elizabeth\n|-boost|p2a: Elizabeth|atk|1\n|-boost|p2a: Elizabeth|def|1\n|move|p2b: Percy Jackson|Thunder Wave|p1b: Gastrodon\n|-immune|p1b: Gastrodon\n|\n|upkeep\n|turn|2\n|\n|t:|1683229973\n|-terastallize|p1b: Gastrodon|Fire\n|move|p2a: Elizabeth|Shadow Sneak|p1a: Salazzle\n|-damage|p1a: Salazzle|32\/100\n|move|p1a: Salazzle|Sludge Bomb|p2a: Elizabeth\n|-resisted|p2a: Elizabeth\n|-crit|p2a: Elizabeth\n|-damage|p2a: Elizabeth|64\/100\n|move|p2b: Percy Jackson|Taunt|p1b: Gastrodon\n|-start|p1b: Gastrodon|move: Taunt\n|move|p1b: Gastrodon|Icy Wind|p2b: Percy Jackson|[spread] p2a,p2b\n|-resisted|p2a: Elizabeth\n|-damage|p2a: Elizabeth|59\/100\n|-damage|p2b: Percy Jackson|83\/100\n|-unboost|p2b: Percy Jackson|spe|1\n|\n|upkeep\n|turn|3\n|inactive|Battle timer is ON: inactive players will automatically lose when time's up. (requested by Duckman96)\n|\n|t:|1683230011\n|move|p2b: Percy Jackson|Helping Hand|p2a: Elizabeth\n|-singleturn|p2a: Elizabeth|Helping Hand|[of] p2b: Percy Jackson\n|move|p1a: Salazzle|Sludge Bomb|p2a: Elizabeth\n|-resisted|p2a: Elizabeth\n|-damage|p2a: Elizabeth|34\/100\n|move|p2a: Elizabeth|Bitter Blade|p1a: Salazzle\n|-resisted|p1a: Salazzle\n|-damage|p1a: Salazzle|0 fnt\n|-heal|p2a: Elizabeth|49\/100|[from] drain|[of] p1a: Salazzle\n|faint|p1a: Salazzle\n|move|p1b: Gastrodon|Chilling Water|p2a: Elizabeth\n|-supereffective|p2a: Elizabeth\n|-damage|p2a: Elizabeth|12\/100\n|\n|upkeep\n|\n|t:|1683230026\n|switch|p1a: Chien-Pao|Chien-Pao, L50|100\/100\n|-ability|p1a: Chien-Pao|Sword of Ruin\n|turn|4\n|\n|t:|1683230038\n|move|p2a: Elizabeth|Protect|p2a: Elizabeth\n|-singleturn|p2a: Elizabeth|Protect\n|move|p1a: Chien-Pao|Throat Chop|p2a: Elizabeth\n|-activate|p2a: Elizabeth|move: Protect\n|move|p2b: Percy Jackson|Thunder Wave|p1a: Chien-Pao\n|-status|p1a: Chien-Pao|par\n|move|p1b: Gastrodon|Icy Wind|p2a: Elizabeth|[spread] p2b\n|-activate|p2a: Elizabeth|move: Protect\n|-damage|p2b: Percy Jackson|67\/100\n|-unboost|p2b: Percy Jackson|spe|1\n|\n|-end|p1b: Gastrodon|move: Taunt\n|upkeep\n|turn|5\n|inactive|Renan 26 has 30 seconds left.\n|inactive|Duckman96 has 30 seconds left.\n|\n|t:|1683230069\n|switch|p1a: Volcarona|Volcarona, L50, M|100\/100\n|switch|p2b: Tigr\u00e3o|Chien-Pao, L50|100\/100\n|-ability|p2b: Tigr\u00e3o|Sword of Ruin\n|-terastallize|p2a: Elizabeth|Grass\n|move|p2a: Elizabeth|Bitter Blade|p1a: Volcarona\n|-damage|p1a: Volcarona|8\/100\n|-heal|p2a: Elizabeth|71\/100|[from] drain|[of] p1a: Volcarona\n|-damage|p2a: Elizabeth|54\/100|[from] item: Rocky Helmet|[of] p1a: Volcarona\n|move|p1b: Gastrodon|Chilling Water|p2b: Tigr\u00e3o\n|-damage|p2b: Tigr\u00e3o|73\/100\n|-unboost|p2b: Tigr\u00e3o|atk|1\n|\n|upkeep\n|turn|6\n|inactive|Duckman96 has 30 seconds left.\n|inactive|Renan 26 has 30 seconds left.\n|\n|t:|1683230102\n|move|p2b: Tigr\u00e3o|Sucker Punch|p1b: Gastrodon\n|-damage|p1b: Gastrodon|77\/100\n|move|p2a: Elizabeth|Bitter Blade|p1b: Gastrodon\n|-resisted|p1b: Gastrodon\n|-damage|p1b: Gastrodon|39\/100\n|-heal|p2a: Elizabeth|82\/100|[from] drain|[of] p1b: Gastrodon\n|move|p1a: Volcarona|Fiery Dance|p2b: Tigr\u00e3o\n|-supereffective|p2b: Tigr\u00e3o\n|-damage|p2b: Tigr\u00e3o|0 fnt\n|faint|p2b: Tigr\u00e3o\n|move|p1b: Gastrodon|Icy Wind|p2a: Elizabeth\n|-supereffective|p2a: Elizabeth\n|-damage|p2a: Elizabeth|54\/100\n|\n|-heal|p1b: Gastrodon|45\/100|[from] item: Leftovers\n|upkeep\n|\n|t:|1683230118\n|switch|p2b: Many|Great Tusk, L50|100\/100\n|turn|7\n|\n|t:|1683230127\n|move|p1a: Volcarona|Rage Powder|p1a: Volcarona\n|-singleturn|p1a: Volcarona|move: Rage Powder\n|move|p2a: Elizabeth|Shadow Sneak|p1b: Gastrodon\n|-damage|p1b: Gastrodon|22\/100\n|move|p2b: Many|Rock Slide|p1b: Gastrodon|[spread] p1a,p1b\n|-supereffective|p1a: Volcarona\n|-supereffective|p1b: Gastrodon\n|-damage|p1a: Volcarona|0 fnt\n|-damage|p1b: Gastrodon|0 fnt\n|faint|p1a: Volcarona\n|faint|p1b: Gastrodon\n|\n|upkeep\n|\n|t:|1683230139\n|switch|p1b: Chien-Pao|Chien-Pao, L50|100\/100 par\n|-ability|p1b: Chien-Pao|Sword of Ruin\n|turn|8\n|\n|t:|1683230150\n|move|p2b: Many|Rock Slide|p1b: Chien-Pao\n|-supereffective|p1b: Chien-Pao\n|-damage|p1b: Chien-Pao|20\/100 par\n|move|p2a: Elizabeth|Bitter Blade|p1b: Chien-Pao\n|-supereffective|p1b: Chien-Pao\n|-damage|p1b: Chien-Pao|0 fnt\n|-heal|p2a: Elizabeth|64\/100|[from] drain|[of] p1b: Chien-Pao\n|faint|p1b: Chien-Pao\n|\n|win|Renan 26\n|raw|Duckman96's rating: 1172 → 1148<\/strong> (-24 for losing)\n|raw|Renan 26's rating: 1182 → 1206<\/strong> (+24 for winning)\n|c|\u2606Renan 26|gg\n|l|\u2606Duckman96\n","uploadtime":1683230168,"views":6,"p1id":"duckman96","p2id":"renan26","formatid":"gen9vgc2023regulationc","rating":1148,"private":0,"password":""}