{"id":"gen9vgc2023regulationc-1857047655","p1":"SilCypher","p2":"Fireboule","format":"[Gen 9] VGC 2023 Regulation C","log":"|j|\u2606SilCypher\n|j|\u2606Fireboule\n|t:|1683140564\n|gametype|doubles\n|player|p1|SilCypher|265|1411\n|player|p2|Fireboule|rocketgruntf|1297\n|teamsize|p1|6\n|teamsize|p2|6\n|gen|9\n|tier|[Gen 9] VGC 2023 Regulation C\n|rated|\n|rule|Species Clause: Limit one of each Pok\u00e9mon\n|rule|Item Clause: Limit one of each item\n|clearpoke\n|poke|p1|Great Tusk, L50|\n|poke|p1|Torkoal, L50, F|\n|poke|p1|Flutter Mane, L50|\n|poke|p1|Chi-Yu, L50|\n|poke|p1|Lilligant, L50, F|\n|poke|p1|Roaring Moon, L50|\n|poke|p2|Pelipper, L50, F|\n|poke|p2|Drednaw, L50, F|\n|poke|p2|Dragonite, L50, F|\n|poke|p2|Chien-Pao, L50|\n|poke|p2|Flutter Mane, L50|\n|poke|p2|Chi-Yu, L50|\n|teampreview|4\nSilCypher has agreed to open team sheets.\n|inactive|Battle timer is ON: inactive players will automatically lose when time's up. (requested by Fireboule)\n|\n|t:|1683140601\n|start\n|switch|p1a: Flutter Mane|Flutter Mane, L50|100\/100\n|switch|p1b: Chi-Yu|Chi-Yu, L50|100\/100\n|switch|p2a: Flutter Mane|Flutter Mane, L50|100\/100\n|switch|p2b: Chi-Yu|Chi-Yu, L50|100\/100\n|-ability|p2b: Chi-Yu|Beads of Ruin\n|-ability|p1b: Chi-Yu|Beads of Ruin\n|-enditem|p2a: Flutter Mane|Booster Energy\n|-activate|p2a: Flutter Mane|ability: Protosynthesis|[fromitem]\n|-start|p2a: Flutter Mane|protosynthesisspa\n|turn|1\n|inactive|SilCypher has 30 seconds left.\n|\n|t:|1683140632\n|-terastallize|p2a: Flutter Mane|Fairy\n|-terastallize|p1a: Flutter Mane|Fairy\n|move|p2b: Chi-Yu|Snarl|p1a: Flutter Mane|[spread] p1a,p1b\n|-resisted|p1a: Flutter Mane\n|-resisted|p1b: Chi-Yu\n|-damage|p1a: Flutter Mane|88\/100\n|-damage|p1b: Chi-Yu|87\/100\n|-unboost|p1a: Flutter Mane|spa|1\n|-unboost|p1b: Chi-Yu|spa|1\n|move|p1a: Flutter Mane|Dazzling Gleam|p2b: Chi-Yu|[spread] p2a,p2b\n|-crit|p2b: Chi-Yu\n|-damage|p2a: Flutter Mane|48\/100\n|-damage|p2b: Chi-Yu|6\/100\n|move|p2a: Flutter Mane|Dazzling Gleam|p1b: Chi-Yu|[spread] p1a,p1b\n|-damage|p1a: Flutter Mane|10\/100\n|-damage|p1b: Chi-Yu|18\/100\n|move|p1b: Chi-Yu|Heat Wave|p2a: Flutter Mane|[spread] p2a,p2b\n|-resisted|p2b: Chi-Yu\n|-damage|p2a: Flutter Mane|7\/100\n|-damage|p2b: Chi-Yu|0 fnt\n|faint|p2b: Chi-Yu\n|-damage|p1b: Chi-Yu|8\/100|[from] item: Life Orb\n|\n|upkeep\n|\n|t:|1683140650\n|switch|p2b: Drednaw|Drednaw, L50, F|100\/100\n|turn|2\n|inactive|SilCypher has 30 seconds left.\n|inactive|SilCypher has 20 seconds left.\n|inactive|SilCypher has 15 seconds left.\n|inactive|SilCypher has 10 seconds left.\n|\n|t:|1683140699\n|-end|p2a: Flutter Mane|Protosynthesis|[silent]\n|switch|p2a: Pelipper|Pelipper, L50, F|100\/100\n|-weather|RainDance|[from] ability: Drizzle|[of] p2a: Pelipper\n|-end|p1a: Flutter Mane|Protosynthesis|[silent]\n|switch|p1a: Torkoal|Torkoal, L50, F|100\/100\n|-weather|SunnyDay|[from] ability: Drought|[of] p1a: Torkoal\n|move|p1b: Chi-Yu|Dark Pulse|p2a: Pelipper\n|-damage|p2a: Pelipper|33\/100\n|-damage|p1b: Chi-Yu|0 fnt|[from] item: Life Orb\n|faint|p1b: Chi-Yu\n|move|p2b: Drednaw|Rock Slide|p1a: Torkoal|[miss]\n|-miss|p2b: Drednaw|p1a: Torkoal\n|\n|-weather|SunnyDay|[upkeep]\n|upkeep\n|\n|t:|1683140718\n|switch|p1b: Roaring Moon|Roaring Moon, L50|100\/100\n|-activate|p1b: Roaring Moon|ability: Protosynthesis\n|-start|p1b: Roaring Moon|protosynthesisatk\n|turn|3\n|\n|t:|1683140736\n|switch|p2a: Flutter Mane|Flutter Mane, L50, tera:Fairy|7\/100\n|-activate|p2a: Flutter Mane|ability: Protosynthesis\n|-start|p2a: Flutter Mane|protosynthesisspa\n|move|p1b: Roaring Moon|Scale Shot|p2b: Drednaw|[miss]\n|-miss|p1b: Roaring Moon|p2b: Drednaw\n|move|p2b: Drednaw|Shell Smash|p2b: Drednaw\n|-unboost|p2b: Drednaw|def|1\n|-unboost|p2b: Drednaw|spd|1\n|-boost|p2b: Drednaw|atk|2\n|-boost|p2b: Drednaw|spa|2\n|-boost|p2b: Drednaw|spe|2\n|-enditem|p2b: Drednaw|White Herb\n|-clearnegativeboost|p2b: Drednaw|[silent]\n|move|p1a: Torkoal|Flamethrower|p2a: Flutter Mane\n|-damage|p2a: Flutter Mane|0 fnt\n|faint|p2a: Flutter Mane\n|-end|p2a: Flutter Mane|Protosynthesis|[silent]\n|\n|-weather|SunnyDay|[upkeep]\n|upkeep\n|\n|t:|1683140752\n|switch|p2a: Pelipper|Pelipper, L50, F|33\/100\n|-weather|RainDance|[from] ability: Drizzle|[of] p2a: Pelipper\n|-end|p1b: Roaring Moon|Protosynthesis\n|turn|4\n|inactive|SilCypher has 30 seconds left.\n|inactive|SilCypher has 20 seconds left.\n|\n|t:|1683140793\n|switch|p1a: Flutter Mane|Flutter Mane, L50, tera:Fairy|10\/100\n|move|p2b: Drednaw|Liquidation|p1b: Roaring Moon\n|-resisted|p1b: Roaring Moon\n|-damage|p1b: Roaring Moon|22\/100\n|move|p1b: Roaring Moon|Scale Shot|p2a: Pelipper\n|-damage|p2a: Pelipper|15\/100\n|-damage|p2a: Pelipper|0 fnt\n|faint|p2a: Pelipper\n|-hitcount|p2: Pelipper|2\n|-unboost|p1b: Roaring Moon|def|1\n|-boost|p1b: Roaring Moon|spe|1\n|\n|-weather|RainDance|[upkeep]\n|upkeep\n|turn|5\n|\n|t:|1683140818\n|-end|p1a: Flutter Mane|Protosynthesis|[silent]\n|switch|p1a: Torkoal|Torkoal, L50, F|100\/100\n|-weather|SunnyDay|[from] ability: Drought|[of] p1a: Torkoal\n|-activate|p1b: Roaring Moon|ability: Protosynthesis\n|-start|p1b: Roaring Moon|protosynthesisspe\n|move|p1b: Roaring Moon|Protect|p1b: Roaring Moon\n|-singleturn|p1b: Roaring Moon|Protect\n|move|p2b: Drednaw|Rock Slide|p1b: Roaring Moon|[spread] p1a\n|-activate|p1b: Roaring Moon|move: Protect\n|-supereffective|p1a: Torkoal\n|-damage|p1a: Torkoal|12\/100\n|\n|-weather|SunnyDay|[upkeep]\n|upkeep\n|turn|6\n|inactive|SilCypher has 30 seconds left.\n|inactive|SilCypher has 20 seconds left.\n|inactive|SilCypher has 15 seconds left.\n|inactive|SilCypher has 10 seconds left.\n|\n|t:|1683140863\n|move|p1a: Torkoal|Protect|p1a: Torkoal\n|-singleturn|p1a: Torkoal|Protect\n|move|p1b: Roaring Moon|Tailwind|p1b: Roaring Moon\n|-sidestart|p1: SilCypher|move: Tailwind\n|move|p2b: Drednaw|Rock Slide|p1a: Torkoal|[spread] p1b\n|-activate|p1a: Torkoal|move: Protect\n|-damage|p1b: Roaring Moon|0 fnt\n|faint|p1b: Roaring Moon\n|-end|p1b: Roaring Moon|Protosynthesis|[silent]\n|\n|-weather|SunnyDay|[upkeep]\n|upkeep\n|\n|t:|1683140872\n|switch|p1b: Flutter Mane|Flutter Mane, L50, tera:Fairy|10\/100\n|-activate|p1b: Flutter Mane|ability: Protosynthesis\n|-start|p1b: Flutter Mane|protosynthesisspa\n|turn|7\n|\n|t:|1683140887\n|move|p1a: Torkoal|Helping Hand|p1b: Flutter Mane\n|-singleturn|p1b: Flutter Mane|Helping Hand|[of] p1a: Torkoal\n|move|p1b: Flutter Mane|Moonblast|p2b: Drednaw\n|-damage|p2b: Drednaw|0 fnt\n|faint|p2b: Drednaw\n|\n|win|SilCypher\n|raw|SilCypher's rating: 1411 → 1425<\/strong> (+14 for winning)\n|raw|Fireboule's rating: 1297 → 1280<\/strong> (-17 for losing)\n|l|\u2606Fireboule\n","uploadtime":1683140923,"views":16,"p1id":"silcypher","p2id":"fireboule","formatid":"gen9vgc2023regulationc","rating":1280,"private":0,"password":""}