{"id":"gen9vgc2023regulationc-1849288868","p1":"MiggHD_Br","p2":"Lorge Coffee","format":"[Gen 9] VGC 2023 Regulation C","log":"|j|\u2606MiggHD_Br\n|j|\u2606Lorge Coffee\n|t:|1682182088\n|gametype|doubles\n|player|p1|MiggHD_Br|hugh|1090\n|player|p2|Lorge Coffee|shauntal|1092\n|teamsize|p1|6\n|teamsize|p2|6\n|gen|9\n|tier|[Gen 9] VGC 2023 Regulation C\n|rated|\n|rule|Species Clause: Limit one of each Pok\u00e9mon\n|rule|Item Clause: Limit one of each item\n|clearpoke\n|poke|p1|Ting-Lu, L50|\n|poke|p1|Kingambit, L50, M|\n|poke|p1|Ceruledge, L50, M|\n|poke|p1|Flutter Mane, L50|\n|poke|p1|Torkoal, L50, F|\n|poke|p1|Indeedee-F, L50, F|\n|poke|p2|Iron Bundle, L50|\n|poke|p2|Iron Treads, L50|\n|poke|p2|Iron Thorns, L50|\n|poke|p2|Talonflame, L50, M|\n|poke|p2|Annihilape, L50, F|\n|poke|p2|Wo-Chien, L50|\n|teampreview|4\n|inactive|Battle timer is ON: inactive players will automatically lose when time's up. (requested by Lorge Coffee)\n|inactive|Lorge Coffee has 60 seconds left.\n|inactive|MiggHD_Br has 60 seconds left.\n|\n|t:|1682182145\n|start\n|switch|p1a: Ceruledge|Ceruledge, L50, M|100\/100\n|switch|p1b: Indeedee|Indeedee-F, L50, F|100\/100\n|switch|p2a: Talonflame|Talonflame, L50, M|100\/100\n|switch|p2b: Annihilape|Annihilape, L50, F|100\/100\n|-fieldstart|move: Psychic Terrain|[from] ability: Psychic Surge|[of] p1b: Indeedee\n|turn|1\n|\n|t:|1682182164\n|-terastallize|p2b: Annihilape|Fire\n|move|p1b: Indeedee|Follow Me|p1b: Indeedee\n|-singleturn|p1b: Indeedee|move: Follow Me\n|move|p2a: Talonflame|Tailwind|p2a: Talonflame\n|-sidestart|p2: Lorge Coffee|move: Tailwind\n|move|p2b: Annihilape|Bulk Up|p2b: Annihilape\n|-boost|p2b: Annihilape|atk|1\n|-boost|p2b: Annihilape|def|1\n|move|p1a: Ceruledge|Swords Dance|p1a: Ceruledge\n|-boost|p1a: Ceruledge|atk|2\n|\n|upkeep\n|turn|2\n|inactive|MiggHD_Br has 30 seconds left.\n|\n|t:|1682182194\n|move|p2a: Talonflame|Quick Guard|p2a: Talonflame\n|-singleturn|p2a: Talonflame|Quick Guard\n|move|p1b: Indeedee|Follow Me|p1b: Indeedee\n|-singleturn|p1b: Indeedee|move: Follow Me\n|move|p2b: Annihilape|Bulk Up|p2b: Annihilape\n|-boost|p2b: Annihilape|atk|1\n|-boost|p2b: Annihilape|def|1\n|move|p1a: Ceruledge|Shadow Claw|p2b: Annihilape\n|-damage|p2b: Annihilape|63\/100\n|\n|-heal|p2b: Annihilape|69\/100|[from] item: Leftovers\n|upkeep\n|turn|3\n|\n|t:|1682182212\n|move|p1b: Indeedee|Follow Me|p1b: Indeedee\n|-singleturn|p1b: Indeedee|move: Follow Me\n|move|p2a: Talonflame|Overheat|p1b: Indeedee\n|-damage|p1b: Indeedee|57\/100\n|-unboost|p2a: Talonflame|spa|2\n|move|p2b: Annihilape|Drain Punch|p1b: Indeedee\n|-damage|p1b: Indeedee|0 fnt\n|-heal|p2b: Annihilape|89\/100|[from] drain|[of] p1b: Indeedee\n|faint|p1b: Indeedee\n|move|p1a: Ceruledge|Shadow Claw|p2b: Annihilape\n|-damage|p2b: Annihilape|57\/100\n|\n|-heal|p2b: Annihilape|63\/100|[from] item: Leftovers\n|upkeep\n|\n|t:|1682182233\n|switch|p1b: Kingambit|Kingambit, L50, M|100\/100\n|-activate|p1b: Kingambit|ability: Supreme Overlord\n|-start|p1b: Kingambit|fallen1|[silent]\n|turn|4\n|\n|t:|1682182241\n|-terastallize|p1b: Kingambit|Psychic\n|move|p2a: Talonflame|Protect|p2a: Talonflame\n|-singleturn|p2a: Talonflame|Protect\n|move|p2b: Annihilape|Rage Fist|p1a: Ceruledge\n|-supereffective|p1a: Ceruledge\n|-enditem|p1a: Ceruledge|Focus Sash\n|-damage|p1a: Ceruledge|1\/100\n|-ability|p1a: Ceruledge|Weak Armor|boost\n|-unboost|p1a: Ceruledge|def|1\n|-boost|p1a: Ceruledge|spe|2\n|move|p1a: Ceruledge|Shadow Claw|p2b: Annihilape\n|-damage|p2b: Annihilape|32\/100\n|move|p1b: Kingambit|Tera Blast|p2b: Annihilape\n|-crit|p2b: Annihilape\n|-damage|p2b: Annihilape|0 fnt\n|faint|p2b: Annihilape\n|\n|-sideend|p2: Lorge Coffee|move: Tailwind\n|upkeep\n|\n|t:|1682182260\n|switch|p2b: Iron Treads|Iron Treads, L50|100\/100\n|turn|5\n|\n|t:|1682182272\n|move|p2a: Talonflame|Tailwind|p2a: Talonflame\n|-sidestart|p2: Lorge Coffee|move: Tailwind\n|move|p2b: Iron Treads|Earthquake|p1b: Kingambit|[spread] p1a,p1b\n|-immune|p2a: Talonflame\n|-supereffective|p1a: Ceruledge\n|-damage|p1a: Ceruledge|0 fnt\n|-damage|p1b: Kingambit|65\/100\n|faint|p1a: Ceruledge\n|-damage|p2b: Iron Treads|91\/100|[from] item: Life Orb\n|move|p1b: Kingambit|Swords Dance|p1b: Kingambit\n|-boost|p1b: Kingambit|atk|2\n|\n|-fieldend|move: Psychic Terrain\n|upkeep\n|\n|t:|1682182286\n|switch|p1a: Ting-Lu|Ting-Lu, L50|100\/100\n|-ability|p1a: Ting-Lu|Vessel of Ruin\n|turn|6\n|\n|t:|1682182303\n|switch|p2a: Iron Bundle|Iron Bundle, L50|100\/100\n|move|p2b: Iron Treads|Ice Spinner|p1a: Ting-Lu\n|-supereffective|p1a: Ting-Lu\n|-damage|p1a: Ting-Lu|63\/100\n|-damage|p2b: Iron Treads|81\/100|[from] item: Life Orb\n|move|p1b: Kingambit|Tera Blast|p2a: Iron Bundle\n|-enditem|p2a: Iron Bundle|Focus Sash\n|-damage|p2a: Iron Bundle|1\/100\n|move|p1a: Ting-Lu|Fissure|p2b: Iron Treads\n|-damage|p2b: Iron Treads|0 fnt\n|faint|p2b: Iron Treads\n|-end|p2b: Iron Treads|Quark Drive|[silent]\n|-ohko\n|\n|upkeep\n|\n|t:|1682182305\n|switch|p2b: Talonflame|Talonflame, L50, M|100\/100\n|turn|7\n|c|\u2606MiggHD_Br|LOL\n|c|\u2606MiggHD_Br|IT REAL LANDED\n|inactive|MiggHD_Br has 30 seconds left.\n|\n|t:|1682182336\n|move|p1b: Kingambit|Sucker Punch|p2a: Iron Bundle\n|-damage|p2a: Iron Bundle|0 fnt\n|faint|p2a: Iron Bundle\n|-end|p2a: Iron Bundle|Quark Drive|[silent]\n|move|p2b: Talonflame|Overheat|p1b: Kingambit\n|-damage|p1b: Kingambit|29\/100\n|-unboost|p2b: Talonflame|spa|2\n|move|p1a: Ting-Lu|Stone Edge|p2b: Talonflame\n|-supereffective|p2b: Talonflame\n|-damage|p2b: Talonflame|0 fnt\n|faint|p2b: Talonflame\n|\n|win|MiggHD_Br\n|raw|MiggHD_Br's rating: 1090 → 1117<\/strong> (+27 for winning)\n|raw|Lorge Coffee's rating: 1092 → 1068<\/strong> (-24 for losing)\n","uploadtime":1682182353,"views":7,"p1id":"migghdbr","p2id":"lorgecoffee","formatid":"gen9vgc2023regulationc","rating":1068,"private":0,"password":""}