{"id":"gen9vgc2023regulationc-1848575111","p1":"dreamswgh","p2":"DaveMarkin","format":"[Gen 9] VGC 2023 Regulation C","log":"|j|\u2606dreamswgh\n|j|\u2606DaveMarkin\n|t:|1682091293\n|gametype|doubles\n|player|p1|dreamswgh|nate|1374\n|player|p2|DaveMarkin|1|1349\n|teamsize|p1|6\n|teamsize|p2|6\n|gen|9\n|tier|[Gen 9] VGC 2023 Regulation C\n|rated|\n|rule|Species Clause: Limit one of each Pok\u00e9mon\n|rule|Item Clause: Limit one of each item\n|clearpoke\n|poke|p1|Torkoal, L50, M|\n|poke|p1|Flutter Mane, L50|\n|poke|p1|Indeedee-F, L50, F|\n|poke|p1|Hatterene, L50, F|\n|poke|p1|Corviknight, L50, M|\n|poke|p1|Mudsdale, L50, F|\n|poke|p2|Ting-Lu, L50|\n|poke|p2|Amoonguss, L50, F|\n|poke|p2|Arcanine, L50, M|\n|poke|p2|Flutter Mane, L50|\n|poke|p2|Palafin, L50, F|\n|poke|p2|Glimmora, L50, M|\n|teampreview|4\nDaveMarkin has agreed to open team sheets.\n|inactive|Battle timer is ON: inactive players will automatically lose when time's up. (requested by DaveMarkin)\ndreamswgh has agreed to open team sheets.\n|\n|t:|1682091339\n|start\n|switch|p1a: Nevada|Indeedee-F, L50, F|100\/100\n|switch|p1b: Okalahoma|Corviknight, L50, M|100\/100\n|switch|p2a: Glimmora|Glimmora, L50, M|100\/100\n|switch|p2b: Ting-Lu|Ting-Lu, L50|100\/100\n|-fieldstart|move: Psychic Terrain|[from] ability: Psychic Surge|[of] p1a: Nevada\n|-enditem|p1a: Nevada|Psychic Seed\n|-boost|p1a: Nevada|spd|1|[from] item: Psychic Seed\n|-ability|p2b: Ting-Lu|Vessel of Ruin\n|turn|1\n|\n|t:|1682091362\n|move|p2a: Glimmora|Mortal Spin|p1a: Nevada|[spread] p1a\n|-immune|p1b: Okalahoma\n|-damage|p1a: Nevada|97\/100\n|-status|p1a: Nevada|psn\n|move|p1b: Okalahoma|U-turn|p2b: Ting-Lu\n|-supereffective|p2b: Ting-Lu\n|-damage|p2b: Ting-Lu|73\/100\n|-enditem|p2b: Ting-Lu|Weakness Policy\n|-boost|p2b: Ting-Lu|atk|2|[from] item: Weakness Policy\n|-boost|p2b: Ting-Lu|spa|2|[from] item: Weakness Policy\n|inactive|dreamswgh has 30 seconds left.\n|\n|t:|1682091394\n|switch|p1b: New Mexico|Hatterene, L50, F|100\/100|[from] U-turn\n|move|p2b: Ting-Lu|Ruination|p1b: New Mexico\n|-damage|p1b: New Mexico|51\/100\n|move|p1a: Nevada|Trick Room|p1a: Nevada\n|-fieldstart|move: Trick Room|[of] p1a: Nevada\n|\n|-damage|p1a: Nevada|84\/100 psn|[from] psn\n|upkeep\n|turn|2\n|\n|t:|1682091415\n|-terastallize|p2a: Glimmora|Grass\n|move|p1a: Nevada|Helping Hand|p1b: New Mexico\n|-singleturn|p1b: New Mexico|Helping Hand|[of] p1a: Nevada\n|move|p1b: New Mexico|Dazzling Gleam|p2b: Ting-Lu|[spread] p2a,p2b\n|-supereffective|p2b: Ting-Lu\n|-damage|p2a: Glimmora|65\/100\n|-damage|p2b: Ting-Lu|13\/100\n|-damage|p1b: New Mexico|41\/100|[from] item: Life Orb\n|move|p2b: Ting-Lu|Heavy Slam|p1b: New Mexico\n|-supereffective|p1b: New Mexico\n|-damage|p1b: New Mexico|0 fnt\n|faint|p1b: New Mexico\n|move|p2a: Glimmora|Mortal Spin|p1a: Nevada\n|-damage|p1a: Nevada|78\/100 psn\n|\n|-damage|p1a: Nevada|66\/100 psn|[from] psn\n|upkeep\n|\n|t:|1682091425\n|switch|p1b: Arizona|Torkoal, L50, M|100\/100\n|-weather|SunnyDay|[from] ability: Drought|[of] p1b: Arizona\n|turn|3\n|\n|t:|1682091437\n|move|p1a: Nevada|Helping Hand|p1b: Arizona\n|-singleturn|p1b: Arizona|Helping Hand|[of] p1a: Nevada\n|move|p1b: Arizona|Eruption|p2a: Glimmora|[spread] p2a,p2b\n|-supereffective|p2a: Glimmora\n|-damage|p2a: Glimmora|0 fnt\n|-damage|p2b: Ting-Lu|0 fnt\n|faint|p2a: Glimmora\n|faint|p2b: Ting-Lu\n|\n|-weather|SunnyDay|[upkeep]\n|-damage|p1a: Nevada|54\/100 psn|[from] psn\n|upkeep\n|\n|t:|1682091446\n|switch|p2b: Arcanine|Arcanine, L50, M|100\/100\n|switch|p2a: Amoonguss|Amoonguss, L50, F|100\/100\n|-ability|p2b: Arcanine|Intimidate|boost\n|-unboost|p1a: Nevada|atk|1\n|-unboost|p1b: Arizona|atk|1\n|turn|4\n|\n|t:|1682091462\n|move|p1a: Nevada|Helping Hand|p1b: Arizona\n|-singleturn|p1b: Arizona|Helping Hand|[of] p1a: Nevada\n|move|p2a: Amoonguss|Protect|p2a: Amoonguss\n|-singleturn|p2a: Amoonguss|Protect\n|move|p1b: Arizona|Eruption|p2b: Arcanine|[spread] p2b\n|-activate|p2a: Amoonguss|move: Protect\n|-resisted|p2b: Arcanine\n|-damage|p2b: Arcanine|20\/100\n|move|p2b: Arcanine|Flare Blitz|p1a: Nevada\n|-damage|p1a: Nevada|0 fnt\n|faint|p1a: Nevada\n|-damage|p2b: Arcanine|3\/100|[from] Recoil\n|\n|-weather|SunnyDay|[upkeep]\n|upkeep\n|\n|t:|1682091474\n|switch|p1a: Okalahoma|Corviknight, L50, M|100\/100\n|turn|5\n|\n|t:|1682091484\n|-terastallize|p1a: Okalahoma|Fire\n|move|p2a: Amoonguss|Protect||[still]\n|-fail|p2a: Amoonguss\n|move|p2b: Arcanine|Protect|p2b: Arcanine\n|-singleturn|p2b: Arcanine|Protect\n|move|p1b: Arizona|Eruption|p2b: Arcanine|[spread] p2a\n|-activate|p2b: Arcanine|move: Protect\n|-supereffective|p2a: Amoonguss\n|-damage|p2a: Amoonguss|0 fnt\n|faint|p2a: Amoonguss\n|move|p1a: Okalahoma|Brave Bird|p2b: Arcanine\n|-activate|p2b: Arcanine|move: Protect\n|\n|-weather|SunnyDay|[upkeep]\n|-fieldend|move: Trick Room\n|-fieldend|move: Psychic Terrain\n|upkeep\n|turn|6\n|-message|DaveMarkin forfeited.\n|\n|win|dreamswgh\n|raw|dreamswgh's rating: 1374 → 1393<\/strong> (+19 for winning)\n|raw|DaveMarkin's rating: 1349 → 1330<\/strong> (-19 for losing)\n|l|\u2606DaveMarkin\n","uploadtime":1682091498,"views":8,"p1id":"dreamswgh","p2id":"davemarkin","formatid":"gen9vgc2023regulationc","rating":1330,"private":0,"password":""}