{"id":"gen9vgc2023regulationc-1857904189","p1":"HiKraunty","p2":"Elite_4_Allen","format":"[Gen 9] VGC 2023 Regulation C","log":"|j|\u2606HiKraunty\n|j|\u2606Elite_4_Allen\n|t:|1683245407\n|gametype|doubles\n|player|p1|HiKraunty|hilda|\n|player|p2|Elite_4_Allen|marlon|\n|teamsize|p1|6\n|teamsize|p2|6\n|gen|9\n|tier|[Gen 9] VGC 2023 Regulation C\n|rule|Species Clause: Limit one of each Pok\u00e9mon\n|rule|Item Clause: Limit one of each item\n|clearpoke\n|poke|p1|Flutter Mane, L50|\n|poke|p1|Iron Bundle, L50|\n|poke|p1|Great Tusk, L50|\n|poke|p1|Amoonguss, L50, F|\n|poke|p1|Murkrow, L50, M|\n|poke|p1|Chi-Yu, L50|\n|poke|p2|Dondozo, L50, M|\n|poke|p2|Tatsugiri, L50, M|\n|poke|p2|Glimmora, L50, F|\n|poke|p2|Dragonite, L50, F|\n|poke|p2|Chien-Pao, L50|\n|poke|p2|Flutter Mane, L50|\n|teampreview|4\n|c|\u2606HiKraunty|g1\nElite_4_Allen has agreed to open team sheets.\nHiKraunty has agreed to open team sheets.\n|c|\u2606Elite_4_Allen|glhf\n|c|\u2606HiKraunty|glhf\n|\n|t:|1683245532\n|start\n|switch|p1a: Stone Treads|Great Tusk, L50|100\/100\n|switch|p1b: Regiceki|Iron Bundle, L50|100\/100\n|switch|p2a: Dragonite|Dragonite, L50, F|100\/100\n|switch|p2b: Chien-Pao|Chien-Pao, L50|100\/100\n|-ability|p2b: Chien-Pao|Sword of Ruin\n|-enditem|p1b: Regiceki|Booster Energy\n|-activate|p1b: Regiceki|ability: Quark Drive|[fromitem]\n|-start|p1b: Regiceki|quarkdrivespe\n|turn|1\n|\n|t:|1683245578\n|-terastallize|p1a: Stone Treads|Steel\n|-terastallize|p2a: Dragonite|Flying\n|move|p1b: Regiceki|Protect|p1b: Regiceki\n|-singleturn|p1b: Regiceki|Protect\n|move|p2b: Chien-Pao|Protect|p2b: Chien-Pao\n|-singleturn|p2b: Chien-Pao|Protect\n|move|p1a: Stone Treads|Rock Slide|p2b: Chien-Pao|[spread] \n|-activate|p2b: Chien-Pao|move: Protect\n|-miss|p1a: Stone Treads|p2a: Dragonite\n|move|p2a: Dragonite|Tera Blast|p1b: Regiceki\n|-activate|p1b: Regiceki|move: Protect\n|\n|upkeep\n|turn|2\n|c|\u2606HiKraunty|oh dang\n|c|\u2606HiKraunty|I used the wrong team lol\n|c|\u2606Elite_4_Allen|do you wanna start over?\n|c|\u2606HiKraunty|it's OK, i will ask if I can change in the next round\n|c|\u2606HiKraunty|but fine with this set\n|c|\u2606Elite_4_Allen|alright cool\n|\n|t:|1683245706\n|switch|p2b: Dondozo|Dondozo, L50, M|100\/100\n|move|p1b: Regiceki|Icy Wind|p2b: Dondozo|[spread] p2b\n|-miss|p1b: Regiceki|p2a: Dragonite\n|-resisted|p2b: Dondozo\n|-damage|p2b: Dondozo|90\/100\n|-unboost|p2b: Dondozo|spe|1\n|move|p1a: Stone Treads|Rock Slide|p2a: Dragonite|[spread] p2b\n|-miss|p1a: Stone Treads|p2a: Dragonite\n|-damage|p2b: Dondozo|76\/100\n|move|p2a: Dragonite|Tera Blast|p1b: Regiceki\n|-damage|p1b: Regiceki|36\/100\n|\n|-heal|p2b: Dondozo|82\/100|[from] item: Leftovers\n|upkeep\n|turn|3\n|c|\u2606Elite_4_Allen|sorry\n|c|\u2606HiKraunty|its ok\n|\n|t:|1683245757\n|move|p1b: Regiceki|Protect|p1b: Regiceki\n|-singleturn|p1b: Regiceki|Protect\n|move|p2a: Dragonite|Extreme Speed|p1b: Regiceki\n|-activate|p1b: Regiceki|move: Protect\n|move|p1a: Stone Treads|Rock Slide|p2a: Dragonite|[spread] p2a\n|-miss|p1a: Stone Treads|p2b: Dondozo\n|-supereffective|p2a: Dragonite\n|-crit|p2a: Dragonite\n|-damage|p2a: Dragonite|69\/100\n|move|p2b: Dondozo|Earthquake|p1b: Regiceki|[spread] p1a\n|-activate|p1b: Regiceki|move: Protect\n|-immune|p2a: Dragonite\n|-supereffective|p1a: Stone Treads\n|-damage|p1a: Stone Treads|67\/100\n|\n|-heal|p2b: Dondozo|89\/100|[from] item: Leftovers\n|upkeep\n|turn|4\n|\n|t:|1683245789\n|switch|p2a: Tatsugiri|Tatsugiri, L50, M|100\/100\n|-activate|p2a: Tatsugiri|ability: Commander|[of] p2b: Dondozo\n|-boost|p2b: Dondozo|atk|2\n|-boost|p2b: Dondozo|spa|2\n|-boost|p2b: Dondozo|spe|2\n|-boost|p2b: Dondozo|def|2\n|-boost|p2b: Dondozo|spd|2\n|move|p1b: Regiceki|Freeze-Dry|p2b: Dondozo\n|-supereffective|p2b: Dondozo\n|-damage|p2b: Dondozo|48\/100\n|move|p1a: Stone Treads|Rock Slide|p2a: Tatsugiri|[spread] p2b\n|-miss|p1a: Stone Treads|p2a: Tatsugiri\n|-damage|p2b: Dondozo|41\/100\n|move|p2b: Dondozo|Earthquake|p1a: Stone Treads|[spread] p1a,p1b\n|-miss|p2b: Dondozo|p2a: Tatsugiri\n|-supereffective|p1a: Stone Treads\n|-damage|p1a: Stone Treads|0 fnt\n|-damage|p1b: Regiceki|0 fnt\n|faint|p1a: Stone Treads\n|-end|p1a: Stone Treads|Protosynthesis|[silent]\n|faint|p1b: Regiceki\n|-end|p1b: Regiceki|Quark Drive|[silent]\n|\n|-heal|p2b: Dondozo|47\/100|[from] item: Leftovers\n|upkeep\n|\n|t:|1683245796\n|switch|p1b: Hax|Murkrow, L50, M|100\/100\n|switch|p1a: First Pick|Flutter Mane, L50|100\/100\n|turn|5\n|\n|t:|1683245832\n|move|p1b: Hax|Haze|p1b: Hax\n|-clearallboost\n|move|p1a: First Pick|Dazzling Gleam|p2a: Tatsugiri|[spread] p2b\n|-miss|p1a: First Pick|p2a: Tatsugiri\n|-crit|p2b: Dondozo\n|-damage|p2b: Dondozo|0 fnt\n|faint|p2b: Dondozo\n|\n|upkeep\n|\n|t:|1683245857\n|switch|p2b: Chien-Pao|Chien-Pao, L50|100\/100\n|-ability|p2b: Chien-Pao|Sword of Ruin\n|turn|6\n|\n|t:|1683245893\n|move|p1b: Hax|Tailwind|p1b: Hax\n|-sidestart|p1: HiKraunty|move: Tailwind\n|move|p1a: First Pick|Dazzling Gleam|p2b: Chien-Pao|[spread] p2a,p2b\n|-supereffective|p2a: Tatsugiri\n|-supereffective|p2b: Chien-Pao\n|-damage|p2a: Tatsugiri|3\/100\n|-enditem|p2b: Chien-Pao|Focus Sash\n|-damage|p2b: Chien-Pao|1\/100\n|move|p2a: Tatsugiri|Icy Wind|p1a: First Pick|[spread] p1a,p1b\n|-supereffective|p1b: Hax\n|-damage|p1a: First Pick|89\/100\n|-damage|p1b: Hax|71\/100\n|-unboost|p1a: First Pick|spe|1\n|-unboost|p1b: Hax|spe|1\n|move|p2b: Chien-Pao|Ice Spinner|p1b: Hax\n|-supereffective|p1b: Hax\n|-damage|p1b: Hax|0 fnt\n|faint|p1b: Hax\n|\n|upkeep\n|turn|7\n|\n|t:|1683245933\n|move|p2b: Chien-Pao|Protect|p2b: Chien-Pao\n|-singleturn|p2b: Chien-Pao|Protect\n|move|p1a: First Pick|Dazzling Gleam|p2b: Chien-Pao|[spread] p2a\n|-activate|p2b: Chien-Pao|move: Protect\n|-supereffective|p2a: Tatsugiri\n|-damage|p2a: Tatsugiri|0 fnt\n|faint|p2a: Tatsugiri\n|\n|upkeep\n|\n|t:|1683245938\n|switch|p2a: Dragonite|Dragonite, L50, F, tera:Flying|69\/100\n|turn|8\n|\n|t:|1683245944\n|move|p2b: Chien-Pao|Sucker Punch|p1a: First Pick\n|-damage|p1a: First Pick|21\/100\n|move|p1a: First Pick|Dazzling Gleam|p2b: Chien-Pao|[spread] p2a,p2b\n|-supereffective|p2b: Chien-Pao\n|-damage|p2a: Dragonite|31\/100\n|-damage|p2b: Chien-Pao|0 fnt\n|faint|p2b: Chien-Pao\n|move|p2a: Dragonite|Tera Blast|p1a: First Pick\n|-damage|p1a: First Pick|0 fnt\n|faint|p1a: First Pick\n|-end|p1a: First Pick|Protosynthesis|[silent]\n|\n|win|Elite_4_Allen\n|l|\u2606Elite_4_Allen\n|l|\u2606HiKraunty\n|j|\u2606HiKraunty\n|player|p1|HiKraunty|hilda\n","uploadtime":1683247024,"views":6,"p1id":"hikraunty","p2id":"elite4allen","formatid":"gen9vgc2023regulationc","rating":0,"private":0,"password":""}