{"id":"gen9vgc2023regulationc-1862968505","p1":"wackomarko","p2":"JollyRogers40","format":"[Gen 9] VGC 2023 Regulation C","log":"|j|\u2606wackomarko\n|j|\u2606JollyRogers40\n|t:|1683945385\n|gametype|doubles\n|player|p1|wackomarko|hiker-gen4|1085\n|player|p2|JollyRogers40|blaine|1031\n|teamsize|p1|6\n|teamsize|p2|6\n|gen|9\n|tier|[Gen 9] VGC 2023 Regulation C\n|rated|\n|rule|Species Clause: Limit one of each Pok\u00e9mon\n|rule|Item Clause: Limit one of each item\n|clearpoke\n|poke|p1|Talonflame, L50, F|\n|poke|p1|Amoonguss, L50, M|\n|poke|p1|Flutter Mane, L50|\n|poke|p1|Chien-Pao, L50|\n|poke|p1|Gyarados, L50, M|\n|poke|p1|Dragapult, L50, F|\n|poke|p2|Arcanine, L50, M|\n|poke|p2|Palafin, L50, M|\n|poke|p2|Wo-Chien, L50|\n|poke|p2|Amoonguss, L50, M|\n|poke|p2|Gothitelle, L50, F|\n|poke|p2|Glimmora, L50, M|\n|teampreview|4\nwackomarko has agreed to open team sheets.\nJollyRogers40 rejected open team sheets.\n|\n|t:|1683945430\n|start\n|switch|p1a: Amoonguss|Amoonguss, L50, M|100\/100\n|switch|p1b: Flutter Mane|Flutter Mane, L50, shiny|100\/100\n|switch|p2a: Wo-Chien|Wo-Chien, L50|100\/100\n|switch|p2b: Arcanine|Arcanine, L50, M|100\/100\n|-ability|p2b: Arcanine|Intimidate|boost\n|-unboost|p1a: Amoonguss|atk|1\n|-unboost|p1b: Flutter Mane|atk|1\n|-ability|p2a: Wo-Chien|Tablets of Ruin\n|turn|1\n|\n|t:|1683945472\n|-terastallize|p1a: Amoonguss|Water\n|move|p1b: Flutter Mane|Dazzling Gleam|p2b: Arcanine|[spread] p2a,p2b\n|-supereffective|p2a: Wo-Chien\n|-resisted|p2b: Arcanine\n|-damage|p2a: Wo-Chien|58\/100\n|-damage|p2b: Arcanine|87\/100\n|-damage|p1b: Flutter Mane|91\/100|[from] item: Life Orb\n|move|p2b: Arcanine|Will-O-Wisp|p1a: Amoonguss\n|-status|p1a: Amoonguss|brn\n|move|p2a: Wo-Chien|Knock Off|p1b: Flutter Mane\n|-damage|p1b: Flutter Mane|37\/100\n|-enditem|p1b: Flutter Mane|Life Orb|[from] move: Knock Off|[of] p2a: Wo-Chien\n|move|p1a: Amoonguss|Spore|p2b: Arcanine\n|-activate|p2b: Arcanine|item: Safety Goggles|Spore\n|\n|-heal|p2a: Wo-Chien|65\/100|[from] item: Leftovers\n|-damage|p1a: Amoonguss|95\/100 brn|[from] brn\n|upkeep\n|turn|2\n|\n|t:|1683945531\n|-end|p1b: Flutter Mane|Protosynthesis|[silent]\n|switch|p1b: Chien-Pao|Chien-Pao, L50|100\/100\n|-ability|p1b: Chien-Pao|Sword of Ruin\n|move|p2b: Arcanine|Snarl|p1a: Amoonguss|[spread] p1a,p1b\n|-resisted|p1b: Chien-Pao\n|-damage|p1a: Amoonguss|87\/100 brn\n|-damage|p1b: Chien-Pao|93\/100\n|-unboost|p1a: Amoonguss|spa|1\n|-unboost|p1b: Chien-Pao|spa|1\n|move|p2a: Wo-Chien|Giga Drain|p1a: Amoonguss\n|-supereffective|p1a: Amoonguss\n|-damage|p1a: Amoonguss|48\/100 brn\n|-heal|p2a: Wo-Chien|87\/100|[from] drain|[of] p1a: Amoonguss\n|-enditem|p1a: Amoonguss|Sitrus Berry|[eat]\n|-heal|p1a: Amoonguss|73\/100 brn|[from] item: Sitrus Berry\n|move|p1a: Amoonguss|Pollen Puff|p1b: Chien-Pao\n|-heal|p1b: Chien-Pao|100\/100\n|\n|-heal|p2a: Wo-Chien|93\/100|[from] item: Leftovers\n|-damage|p1a: Amoonguss|67\/100 brn|[from] brn\n|upkeep\n|turn|3\n|\n|t:|1683945561\n|-terastallize|p2a: Wo-Chien|Poison\n|move|p1b: Chien-Pao|Ice Spinner|p2a: Wo-Chien\n|-crit|p2a: Wo-Chien\n|-damage|p2a: Wo-Chien|39\/100\n|move|p2b: Arcanine|Will-O-Wisp|p1b: Chien-Pao\n|-status|p1b: Chien-Pao|brn\n|move|p2a: Wo-Chien|Leech Seed|p1b: Chien-Pao|[miss]\n|-miss|p2a: Wo-Chien|p1b: Chien-Pao\n|move|p1a: Amoonguss|Pollen Puff|p2a: Wo-Chien\n|-resisted|p2a: Wo-Chien\n|-damage|p2a: Wo-Chien|35\/100\n|\n|-heal|p2a: Wo-Chien|42\/100|[from] item: Leftovers\n|-damage|p1b: Chien-Pao|95\/100 brn|[from] brn\n|-damage|p1a: Amoonguss|61\/100 brn|[from] brn\n|upkeep\n|turn|4\n|\n|t:|1683945586\n|move|p1b: Chien-Pao|Ice Spinner|p2a: Wo-Chien\n|-damage|p2a: Wo-Chien|24\/100\n|move|p2b: Arcanine|Flare Blitz|p1b: Chien-Pao\n|-supereffective|p1b: Chien-Pao\n|-crit|p1b: Chien-Pao\n|-damage|p1b: Chien-Pao|0 fnt\n|faint|p1b: Chien-Pao\n|-damage|p2b: Arcanine|62\/100|[from] Recoil\n|move|p2a: Wo-Chien|Giga Drain|p1a: Amoonguss\n|-supereffective|p1a: Amoonguss\n|-damage|p1a: Amoonguss|28\/100 brn\n|-heal|p2a: Wo-Chien|44\/100|[from] drain|[of] p1a: Amoonguss\n|move|p1a: Amoonguss|Pollen Puff|p1: Chien-Pao|[notarget]\n|-fail|p1a: Amoonguss\n|\n|-heal|p2a: Wo-Chien|50\/100|[from] item: Leftovers\n|-damage|p1a: Amoonguss|22\/100 brn|[from] brn\n|upkeep\n|\n|t:|1683945601\n|switch|p1b: Dragapult|Dragapult, L50, F, shiny|100\/100\n|turn|5\n|\n|t:|1683945621\n|switch|p2b: Glimmora|Glimmora, L50, M|100\/100\n|move|p1a: Amoonguss|Rage Powder|p1a: Amoonguss\n|-singleturn|p1a: Amoonguss|move: Rage Powder\n|move|p1b: Dragapult|Phantom Force||[still]\n|-prepare|p1b: Dragapult|Phantom Force\n|move|p2a: Wo-Chien|Giga Drain|p1a: Amoonguss\n|-supereffective|p1a: Amoonguss\n|-damage|p1a: Amoonguss|0 fnt\n|-heal|p2a: Wo-Chien|62\/100|[from] drain|[of] p1a: Amoonguss\n|faint|p1a: Amoonguss\n|\n|-heal|p2a: Wo-Chien|69\/100|[from] item: Leftovers\n|upkeep\n|\n|t:|1683945632\n|switch|p1a: Flutter Mane|Flutter Mane, L50, shiny|37\/100\n|turn|6\n|\n|t:|1683945649\n|move|p1b: Dragapult|Phantom Force|p2a: Wo-Chien|[from]lockedmove\n|-damage|p2a: Wo-Chien|21\/100\n|move|p1a: Flutter Mane|Shadow Ball|p2a: Wo-Chien\n|-damage|p2a: Wo-Chien|0 fnt\n|faint|p2a: Wo-Chien\n|move|p2b: Glimmora|Dazzling Gleam|p1a: Flutter Mane|[spread] p1a,p1b\n|-supereffective|p1b: Dragapult\n|-damage|p1a: Flutter Mane|18\/100\n|-damage|p1b: Dragapult|46\/100\n|\n|upkeep\n|\n|t:|1683945665\n|switch|p2a: Arcanine|Arcanine, L50, M|62\/100\n|-ability|p2a: Arcanine|Intimidate|boost\n|-unboost|p1a: Flutter Mane|atk|1\n|-fail|p1b: Dragapult|unboost|[from] ability: Clear Body|[of] p1b: Dragapult\n|turn|7\n|\n|t:|1683945682\n|move|p1b: Dragapult|Phantom Force||[still]\n|-prepare|p1b: Dragapult|Phantom Force\n|move|p1a: Flutter Mane|Shadow Ball|p2b: Glimmora\n|-damage|p2b: Glimmora|64\/100\n|move|p2b: Glimmora|Dazzling Gleam|p1b: Dragapult|[spread] p1a\n|-miss|p2b: Glimmora|p1b: Dragapult\n|-damage|p1a: Flutter Mane|0 fnt\n|faint|p1a: Flutter Mane\n|-end|p1a: Flutter Mane|Protosynthesis|[silent]\n|move|p2a: Arcanine|Snarl|p1b: Dragapult|[miss]\n|-miss|p2a: Arcanine|p1b: Dragapult\n|\n|upkeep\n|turn|8\n|\n|t:|1683945699\n|move|p1b: Dragapult|Phantom Force|p2b: Glimmora|[from]lockedmove\n|-damage|p2b: Glimmora|0 fnt\n|faint|p2b: Glimmora\n|move|p2a: Arcanine|Will-O-Wisp|p1b: Dragapult\n|-status|p1b: Dragapult|brn\n|\n|-damage|p1b: Dragapult|40\/100 brn|[from] brn\n|upkeep\n|\n|t:|1683945707\n|switch|p2b: Gothitelle|Gothitelle, L50, F|100\/100\n|turn|9\n|\n|t:|1683945727\n|move|p1b: Dragapult|Phantom Force||[still]\n|-prepare|p1b: Dragapult|Phantom Force\n|move|p2a: Arcanine|Flare Blitz|p1b: Dragapult|[miss]\n|-miss|p2a: Arcanine|p1b: Dragapult\n|move|p2b: Gothitelle|Heal Pulse|p2a: Arcanine\n|-heal|p2a: Arcanine|100\/100\n|\n|-damage|p1b: Dragapult|33\/100 brn|[from] brn\n|upkeep\n|turn|10\n|\n|t:|1683945738\n|move|p1b: Dragapult|Phantom Force|p2b: Gothitelle|[from]lockedmove\n|-supereffective|p2b: Gothitelle\n|-damage|p2b: Gothitelle|36\/100\n|move|p2a: Arcanine|Flare Blitz|p1b: Dragapult\n|-resisted|p1b: Dragapult\n|-damage|p1b: Dragapult|4\/100 brn\n|-damage|p2a: Arcanine|92\/100|[from] Recoil\n|move|p2b: Gothitelle|Dark Pulse|p1b: Dragapult\n|-supereffective|p1b: Dragapult\n|-damage|p1b: Dragapult|0 fnt\n|faint|p1b: Dragapult\n|\n|win|JollyRogers40\n|raw|wackomarko's rating: 1085 → 1059<\/strong> (-26 for losing)\n|raw|JollyRogers40's rating: 1031 → 1072<\/strong> (+41 for winning)\n|c|\u2606JollyRogers40|GG\n|c|\u2606wackomarko|gg indeed\n","uploadtime":1683945752,"views":13,"p1id":"wackomarko","p2id":"jollyrogers40","formatid":"gen9vgc2023regulationc","rating":1059,"private":0,"password":""}