{"id":"gen9vgc2023regulationc-1855316840","p1":"kimdontplaycomplol","p2":"PrismaAce","format":"[Gen 9] VGC 2023 Regulation C","log":"|j|\u2606kimdontplaycomplol\n|j|\u2606PrismaAce\n|t:|1682935841\n|gametype|doubles\n|player|p1|kimdontplaycomplol|102|1086\n|player|p2|PrismaAce|akari|1082\n|teamsize|p1|6\n|teamsize|p2|6\n|gen|9\n|tier|[Gen 9] VGC 2023 Regulation C\n|rated|\n|rule|Species Clause: Limit one of each Pok\u00e9mon\n|rule|Item Clause: Limit one of each item\n|clearpoke\n|poke|p1|Tauros-Paldea-Blaze, L50, M|\n|poke|p1|Kingambit, L50, M|\n|poke|p1|Palafin, L50, M|\n|poke|p1|Abomasnow, L50, M|\n|poke|p1|Flutter Mane, L50|\n|poke|p1|Amoonguss, L50, M|\n|poke|p2|Ting-Lu, L50|\n|poke|p2|Wo-Chien, L50|\n|poke|p2|Gothitelle, L50, F|\n|poke|p2|Arcanine, L50, F|\n|poke|p2|Palafin, L50, M|\n|poke|p2|Chi-Yu, L50|\n|teampreview|4\n|inactive|Battle timer is ON: inactive players will automatically lose when time's up. (requested by kimdontplaycomplol)\n|inactive|PrismaAce has 60 seconds left.\n|\n|t:|1682935882\n|start\n|switch|p1a: Palafin|Palafin, L50, M|100\/100\n|switch|p1b: Amoonguss|Amoonguss, L50, M, shiny|100\/100\n|switch|p2a: Chi-Yu|Chi-Yu, L50|100\/100\n|switch|p2b: pre-record|Gothitelle, L50, F|100\/100\n|-ability|p2a: Chi-Yu|Beads of Ruin\n|turn|1\n|inactive|PrismaAce has 30 seconds left.\n|\n|t:|1682935908\n|-terastallize|p1b: Amoonguss|Water\n|move|p1a: Palafin|Protect|p1a: Palafin\n|-singleturn|p1a: Palafin|Protect\n|move|p2a: Chi-Yu|Protect|p2a: Chi-Yu\n|-singleturn|p2a: Chi-Yu|Protect\n|move|p2b: pre-record|Thunder Wave|p1a: Palafin\n|-activate|p1a: Palafin|move: Protect\n|move|p1b: Amoonguss|Spore|p2a: Chi-Yu\n|-activate|p2a: Chi-Yu|move: Protect\n|\n|upkeep\n|turn|2\n|inactive|kimdontplaycomplol has 30 seconds left.\n|\n|t:|1682935933\n|switch|p2a: Arcanine|Arcanine, L50, F|100\/100\n|-ability|p2a: Arcanine|Intimidate|boost\n|-unboost|p1a: Palafin|atk|1\n|-unboost|p1b: Amoonguss|atk|1\n|move|p1b: Amoonguss|Rage Powder|p1b: Amoonguss\n|-singleturn|p1b: Amoonguss|move: Rage Powder\n|move|p1a: Palafin|Flip Turn|p2a: Arcanine\n|-supereffective|p2a: Arcanine\n|-damage|p2a: Arcanine|66\/100\n|\n|t:|1682935946\n|detailschange|p1a: Palafin|Palafin-Hero, L50, M\n|switch|p1a: Flutter Mane|Flutter Mane, L50, shiny|100\/100|[from] Flip Turn\n|move|p2b: pre-record|Thunder Wave|p1b: Amoonguss\n|-status|p1b: Amoonguss|par\n|\n|upkeep\n|turn|3\n|\n|t:|1682935962\n|-terastallize|p2b: pre-record|Normal\n|move|p1b: Amoonguss|Rage Powder|p1b: Amoonguss\n|-singleturn|p1b: Amoonguss|move: Rage Powder\n|move|p1a: Flutter Mane|Power Gem|p2a: Arcanine\n|-supereffective|p2a: Arcanine\n|-damage|p2a: Arcanine|0 fnt\n|faint|p2a: Arcanine\n|move|p2b: pre-record|Heal Pulse|p1b: Amoonguss\n|-fail|p1b: Amoonguss|heal\n|\n|upkeep\n|\n|t:|1682935971\n|switch|p2a: high skill gaming|Ting-Lu, L50|100\/100\n|-ability|p2a: high skill gaming|Vessel of Ruin\n|turn|4\n|\n|t:|1682935991\n|-end|p1a: Flutter Mane|Protosynthesis|[silent]\n|switch|p1a: Palafin|Palafin-Hero, L50, M|100\/100\n|-activate|p1a: Palafin|ability: Zero to Hero\n|move|p2b: pre-record|Thunder Wave|p1a: Palafin\n|-status|p1a: Palafin|par\n|move|p2a: high skill gaming|Mud-Slap|p1b: Amoonguss\n|-damage|p1b: Amoonguss|97\/100 par\n|-unboost|p1b: Amoonguss|accuracy|1\n|move|p1b: Amoonguss|Spore|p2a: high skill gaming\n|-status|p2a: high skill gaming|slp|[from] move: Spore\n|\n|-heal|p1b: Amoonguss|100\/100 par|[from] item: Leftovers\n|upkeep\n|turn|5\n|inactive|PrismaAce has 30 seconds left.\n|\n|t:|1682936018\n|move|p1a: Palafin|Jet Punch|p2b: pre-record\n|-damage|p2b: pre-record|55\/100\n|move|p2b: pre-record|Psychic|p1a: Palafin\n|-damage|p1a: Palafin|75\/100 par\n|cant|p2a: high skill gaming|slp\n|move|p1b: Amoonguss|Pollen Puff|p2a: high skill gaming|[miss]\n|-miss|p1b: Amoonguss|p2a: high skill gaming\n|\n|-heal|p2b: pre-record|61\/100|[from] item: Leftovers\n|upkeep\n|turn|6\n|\n|t:|1682936038\n|move|p1a: Palafin|Jet Punch|p2b: pre-record\n|-damage|p2b: pre-record|16\/100\n|move|p2b: pre-record|Psychic|p1a: Palafin\n|-damage|p1a: Palafin|47\/100 par\n|cant|p2a: high skill gaming|slp\n|cant|p1b: Amoonguss|par\n|\n|-heal|p2b: pre-record|22\/100|[from] item: Leftovers\n|upkeep\n|turn|7\n|\n|t:|1682936060\n|move|p1a: Palafin|Jet Punch|p2b: pre-record\n|-damage|p2b: pre-record|0 fnt\n|faint|p2b: pre-record\n|cant|p2a: high skill gaming|slp\n|move|p1b: Amoonguss|Pollen Puff|p1a: Palafin\n|-heal|p1a: Palafin|97\/100 par\n|\n|upkeep\n|\n|t:|1682936067\n|switch|p2b: Chi-Yu|Chi-Yu, L50|100\/100\n|-ability|p2b: Chi-Yu|Beads of Ruin\n|turn|8\n|\n|t:|1682936076\n|move|p2b: Chi-Yu|Protect|p2b: Chi-Yu\n|-singleturn|p2b: Chi-Yu|Protect\n|move|p1a: Palafin|Jet Punch|p2b: Chi-Yu\n|-activate|p2b: Chi-Yu|move: Protect\n|-curestatus|p2a: high skill gaming|slp|[msg]\n|move|p2a: high skill gaming|Fissure|p1b: Amoonguss\n|-damage|p1b: Amoonguss|0 fnt\n|faint|p1b: Amoonguss\n|-ohko\n|\n|upkeep\n|\n|t:|1682936088\n|switch|p1b: Flutter Mane|Flutter Mane, L50, shiny|100\/100\n|turn|9\n|\n|t:|1682936096\n|move|p2b: Chi-Yu|Protect|p2b: Chi-Yu\n|-singleturn|p2b: Chi-Yu|Protect\n|cant|p1a: Palafin|par\n|move|p1b: Flutter Mane|Dazzling Gleam|p2a: high skill gaming|[spread] p2a\n|-activate|p2b: Chi-Yu|move: Protect\n|-supereffective|p2a: high skill gaming\n|-damage|p2a: high skill gaming|65\/100\n|move|p2a: high skill gaming|Heavy Slam|p1b: Flutter Mane\n|-supereffective|p1b: Flutter Mane\n|-damage|p1b: Flutter Mane|0 fnt\n|faint|p1b: Flutter Mane\n|-end|p1b: Flutter Mane|Protosynthesis|[silent]\n|\n|upkeep\n|\n|t:|1682936107\n|switch|p1b: Kingambit|Kingambit, L50, M, shiny|100\/100\n|turn|10\n|\n|t:|1682936117\n|move|p1a: Palafin|Jet Punch|p2b: Chi-Yu\n|-supereffective|p2b: Chi-Yu\n|-enditem|p2b: Chi-Yu|Focus Sash\n|-damage|p2b: Chi-Yu|1\/100\n|move|p2b: Chi-Yu|Overheat|p1b: Kingambit\n|-supereffective|p1b: Kingambit\n|-damage|p1b: Kingambit|0 fnt\n|-unboost|p2b: Chi-Yu|spa|2\n|faint|p1b: Kingambit\n|move|p2a: high skill gaming|Mud-Slap|p1a: Palafin\n|-damage|p1a: Palafin|90\/100 par\n|-unboost|p1a: Palafin|accuracy|1\n|\n|upkeep\n|turn|11\n|-message|kimdontplaycomplol forfeited.\n|\n|win|PrismaAce\n|raw|kimdontplaycomplol's rating: 1086 → 1063<\/strong> (-23 for losing)\n|raw|PrismaAce's rating: 1082 → 1110<\/strong> (+28 for winning)\n|l|\u2606kimdontplaycomplol\n","uploadtime":1682936129,"views":23,"p1id":"kimdontplaycomplol","p2id":"prismaace","formatid":"gen9vgc2023regulationc","rating":1063,"private":0,"password":""}