{"id":"gen9vgc2023regulationc-1863309811","p1":"almo5000","p2":"Charlisito","format":"[Gen 9] VGC 2023 Regulation C","log":"|j|\u2606almo5000\n|j|\u2606Charlisito\n|t:|1684000845\n|gametype|doubles\n|player|p1|almo5000|cynthia|1165\n|player|p2|Charlisito|lucas|1199\n|teamsize|p1|6\n|teamsize|p2|6\n|gen|9\n|tier|[Gen 9] VGC 2023 Regulation C\n|rated|\n|rule|Species Clause: Limit one of each Pok\u00e9mon\n|rule|Item Clause: Limit one of each item\n|clearpoke\n|poke|p1|Iron Hands, L50|\n|poke|p1|Amoonguss, L50, F|\n|poke|p1|Arcanine, L50, M|\n|poke|p1|Ting-Lu, L50|\n|poke|p1|Baxcalibur, L50, M|\n|poke|p1|Flutter Mane, L50|\n|poke|p2|Dondozo, L50, M|\n|poke|p2|Baxcalibur, L50, F|\n|poke|p2|Tatsugiri-Droopy, L50, F|\n|poke|p2|Corviknight, L50, M|\n|poke|p2|Flutter Mane, L50|\n|poke|p2|Chi-Yu, L50|\n|teampreview|4\nCharlisito has agreed to open team sheets.\n|\n|t:|1684000866\n|start\n|switch|p1a: Ting-Lu|Ting-Lu, L50|100\/100\n|switch|p1b: Iron Hands|Iron Hands, L50|100\/100\n|switch|p2a: Flutter Mane|Flutter Mane, L50|100\/100\n|switch|p2b: Chi-Yu|Chi-Yu, L50|100\/100\n|-ability|p2b: Chi-Yu|Beads of Ruin\n|-ability|p1a: Ting-Lu|Vessel of Ruin\n|-enditem|p2a: Flutter Mane|Booster Energy\n|-activate|p2a: Flutter Mane|ability: Protosynthesis|[fromitem]\n|-start|p2a: Flutter Mane|protosynthesisspe\n|turn|1\n|\n|t:|1684000883\n|-terastallize|p1b: Iron Hands|Fire\n|move|p2a: Flutter Mane|Moonblast|p1a: Ting-Lu\n|-supereffective|p1a: Ting-Lu\n|-damage|p1a: Ting-Lu|15\/100\n|-enditem|p1a: Ting-Lu|Sitrus Berry|[eat]\n|-heal|p1a: Ting-Lu|40\/100|[from] item: Sitrus Berry\n|move|p2b: Chi-Yu|Dark Pulse|p1b: Iron Hands\n|-damage|p1b: Iron Hands|69\/100\n|-damage|p2b: Chi-Yu|90\/100|[from] item: Life Orb\n|move|p1b: Iron Hands|Wild Charge|p2a: Flutter Mane\n|-damage|p2a: Flutter Mane|0 fnt\n|faint|p2a: Flutter Mane\n|-end|p2a: Flutter Mane|Protosynthesis|[silent]\n|-damage|p1b: Iron Hands|56\/100|[from] Recoil\n|move|p1a: Ting-Lu|Heavy Slam|p2b: Chi-Yu\n|-resisted|p2b: Chi-Yu\n|-damage|p2b: Chi-Yu|58\/100\n|\n|upkeep\n|\n|t:|1684000886\n|switch|p2a: Dondozo|Dondozo, L50, M|100\/100\n|turn|2\n|\n|t:|1684000908\n|switch|p2b: Tatsugiri|Tatsugiri-Droopy, L50, F|100\/100\n|-activate|p2b: Tatsugiri|ability: Commander|[of] p2a: Dondozo\n|-boost|p2a: Dondozo|atk|2\n|-boost|p2a: Dondozo|spa|2\n|-boost|p2a: Dondozo|spe|2\n|-boost|p2a: Dondozo|def|2\n|-boost|p2a: Dondozo|spd|2\n|move|p2a: Dondozo|Earthquake|p1a: Ting-Lu|[spread] p1a,p1b\n|-miss|p2a: Dondozo|p2b: Tatsugiri\n|-supereffective|p1b: Iron Hands\n|-damage|p1a: Ting-Lu|13\/100\n|-damage|p1b: Iron Hands|5\/100\n|move|p1b: Iron Hands|Volt Switch|p2a: Dondozo\n|-supereffective|p2a: Dondozo\n|-damage|p2a: Dondozo|87\/100\n|\n|t:|1684000922\n|-end|p1b: Iron Hands|Quark Drive|[silent]\n|switch|p1b: Amoonguss|Amoonguss, L50, F|100\/100|[from] Volt Switch\n|move|p1a: Ting-Lu|Stomping Tantrum|p2b: Tatsugiri|[miss]\n|-miss|p1a: Ting-Lu|p2b: Tatsugiri\n|\n|-heal|p2a: Dondozo|93\/100|[from] item: Leftovers\n|upkeep\n|turn|3\n|\n|t:|1684000932\n|-terastallize|p2a: Dondozo|Grass\n|move|p1a: Ting-Lu|Protect|p1a: Ting-Lu\n|-singleturn|p1a: Ting-Lu|Protect\n|move|p2a: Dondozo|Earthquake|p1a: Ting-Lu|[spread] p1b\n|-miss|p2a: Dondozo|p2b: Tatsugiri\n|-activate|p1a: Ting-Lu|move: Protect\n|-damage|p1b: Amoonguss|61\/100\n|move|p1b: Amoonguss|Spore|p2a: Dondozo\n|-immune|p2a: Dondozo\n|\n|-heal|p2a: Dondozo|99\/100|[from] item: Leftovers\n|-heal|p1b: Amoonguss|67\/100|[from] item: Leftovers\n|upkeep\n|turn|4\n|\n|t:|1684000949\n|move|p2a: Dondozo|Earthquake|p1a: Ting-Lu|[spread] p1a,p1b\n|-miss|p2a: Dondozo|p2b: Tatsugiri\n|-damage|p1a: Ting-Lu|0 fnt\n|-damage|p1b: Amoonguss|28\/100\n|faint|p1a: Ting-Lu\n|move|p1b: Amoonguss|Clear Smog|p2a: Dondozo\n|-supereffective|p2a: Dondozo\n|-damage|p2a: Dondozo|81\/100\n|-clearboost|p2a: Dondozo\n|\n|-heal|p2a: Dondozo|87\/100|[from] item: Leftovers\n|-heal|p1b: Amoonguss|34\/100|[from] item: Leftovers\n|upkeep\n|\n|t:|1684000961\n|switch|p1a: Flutter Mane|Flutter Mane, L50|100\/100\n|turn|5\n|\n|t:|1684000965\n|move|p1b: Amoonguss|Rage Powder|p1b: Amoonguss\n|-singleturn|p1b: Amoonguss|move: Rage Powder\n|move|p1a: Flutter Mane|Dazzling Gleam|p2a: Dondozo|[spread] p2a\n|-miss|p1a: Flutter Mane|p2b: Tatsugiri\n|-damage|p2a: Dondozo|49\/100\n|move|p2a: Dondozo|Wave Crash|p1a: Flutter Mane\n|-enditem|p1a: Flutter Mane|Focus Sash\n|-damage|p1a: Flutter Mane|1\/100\n|-damage|p2a: Dondozo|30\/100|[from] Recoil\n|\n|-heal|p2a: Dondozo|36\/100|[from] item: Leftovers\n|-heal|p1b: Amoonguss|40\/100|[from] item: Leftovers\n|upkeep\n|turn|6\n|\n|t:|1684000979\n|move|p1a: Flutter Mane|Protect|p1a: Flutter Mane\n|-singleturn|p1a: Flutter Mane|Protect\n|move|p2a: Dondozo|Earthquake|p1b: Amoonguss|[spread] p1b\n|-miss|p2a: Dondozo|p2b: Tatsugiri\n|-activate|p1a: Flutter Mane|move: Protect\n|-damage|p1b: Amoonguss|22\/100\n|move|p1b: Amoonguss|Clear Smog|p2a: Dondozo\n|-supereffective|p2a: Dondozo\n|-damage|p2a: Dondozo|4\/100\n|-clearboost|p2a: Dondozo\n|\n|-heal|p2a: Dondozo|10\/100|[from] item: Leftovers\n|-heal|p1b: Amoonguss|28\/100|[from] item: Leftovers\n|upkeep\n|turn|7\n|\n|t:|1684000997\n|move|p1a: Flutter Mane|Dazzling Gleam|p2a: Dondozo|[spread] p2a\n|-miss|p1a: Flutter Mane|p2b: Tatsugiri\n|-damage|p2a: Dondozo|0 fnt\n|faint|p2a: Dondozo\n|move|p1b: Amoonguss|Spore|p2b: Tatsugiri\n|-status|p2b: Tatsugiri|slp|[from] move: Spore\n|\n|-heal|p1b: Amoonguss|34\/100|[from] item: Leftovers\n|upkeep\n|\n|t:|1684000999\n|switch|p2a: Chi-Yu|Chi-Yu, L50|58\/100\n|-ability|p2a: Chi-Yu|Beads of Ruin\n|turn|8\n|\n|t:|1684001010\n|move|p1b: Amoonguss|Rage Powder|p1b: Amoonguss\n|-singleturn|p1b: Amoonguss|move: Rage Powder\n|cant|p2b: Tatsugiri|slp\n|move|p2b: Tatsugiri|Sleep Talk|p2b: Tatsugiri\n|move|p2b: Tatsugiri|Draco Meteor|p1b: Amoonguss|[from]move: Sleep Talk\n|-damage|p1b: Amoonguss|0 fnt\n|-unboost|p2b: Tatsugiri|spa|2\n|faint|p1b: Amoonguss\n|move|p1a: Flutter Mane|Dazzling Gleam|p2a: Chi-Yu|[spread] p2a,p2b\n|-supereffective|p2b: Tatsugiri\n|-damage|p2a: Chi-Yu|17\/100\n|-damage|p2b: Tatsugiri|0 fnt\n|faint|p2b: Tatsugiri\n|move|p2a: Chi-Yu|Flamethrower|p1a: Flutter Mane\n|-crit|p1a: Flutter Mane\n|-damage|p1a: Flutter Mane|0 fnt\n|faint|p1a: Flutter Mane\n|-end|p1a: Flutter Mane|Protosynthesis|[silent]\n|-damage|p2a: Chi-Yu|7\/100|[from] item: Life Orb\n|\n|upkeep\n|inactive|Battle timer is ON: inactive players will automatically lose when time's up. (requested by Charlisito)\n|\n|t:|1684001041\n|switch|p1b: Iron Hands|Iron Hands, L50, tera:Fire|5\/100\n|turn|9\n|\n|t:|1684001044\n|move|p2a: Chi-Yu|Protect|p2a: Chi-Yu\n|-singleturn|p2a: Chi-Yu|Protect\n|move|p1b: Iron Hands|Fake Out|p2a: Chi-Yu\n|-activate|p2a: Chi-Yu|move: Protect\n|\n|upkeep\n|turn|10\n|\n|t:|1684001050\n|move|p2a: Chi-Yu|Dark Pulse|p1b: Iron Hands\n|-damage|p1b: Iron Hands|0 fnt\n|faint|p1b: Iron Hands\n|-end|p1b: Iron Hands|Quark Drive|[silent]\n|-damage|p2a: Chi-Yu|0 fnt|[from] item: Life Orb\n|faint|p2a: Chi-Yu\n|\n|win|Charlisito\n|raw|almo5000's rating: 1165 → 1142<\/strong> (-23 for losing)\n|raw|Charlisito's rating: 1199 → 1222<\/strong> (+23 for winning)\n|l|\u2606almo5000\n","uploadtime":1684001054,"views":6,"p1id":"almo5000","p2id":"charlisito","formatid":"gen9vgc2023regulationc","rating":1142,"private":0,"password":""}