{"id":"gen9vgc2023regulationc-1854343906","p1":"Vengeful potato","p2":"Whammyy!!","format":"[Gen 9] VGC 2023 Regulation C","log":"|j|\u2606Vengeful potato\n|j|\u2606Whammyy!!\n|t:|1682799359\n|gametype|doubles\n|player|p1|Vengeful potato|swimmer-gen4|1164\n|player|p2|Whammyy!!|101|1177\n|teamsize|p1|6\n|teamsize|p2|6\n|gen|9\n|tier|[Gen 9] VGC 2023 Regulation C\n|rated|\n|rule|Species Clause: Limit one of each Pok\u00e9mon\n|rule|Item Clause: Limit one of each item\n|clearpoke\n|poke|p1|Iron Treads, L50|\n|poke|p1|Gyarados, L50, M|\n|poke|p1|Armarouge, L50, F|\n|poke|p1|Wo-Chien, L50|\n|poke|p1|Maushold-Four, L50|\n|poke|p1|Flutter Mane, L50|\n|poke|p2|Annihilape, L50, F|\n|poke|p2|Kilowattrel, L50, F|\n|poke|p2|Talonflame, L50, M|\n|poke|p2|Pincurchin, L50, F|\n|poke|p2|Iron Hands, L50|\n|poke|p2|Iron Treads, L50|\n|teampreview|4\n|\n|t:|1682799399\n|start\n|switch|p1a: Gyarados|Gyarados, L50, M|100\/100\n|switch|p1b: Flutter Mane|Flutter Mane, L50|100\/100\n|switch|p2a: Kilowattrel|Kilowattrel, L50, F|100\/100\n|switch|p2b: Talonflame|Talonflame, L50, M|100\/100\n|-ability|p1a: Gyarados|Intimidate|boost\n|-unboost|p2a: Kilowattrel|atk|1\n|-unboost|p2b: Talonflame|atk|1\n|turn|1\n|\n|t:|1682799412\n|switch|p1a: Iron Treads|Iron Treads, L50|100\/100\n|-terastallize|p2b: Talonflame|Ground\n|move|p2b: Talonflame|Tailwind|p2b: Talonflame\n|-sidestart|p2: Whammyy!!|move: Tailwind\n|-start|p2a: Kilowattrel|Charge|Tailwind|[from] ability: Wind Power\n|move|p2a: Kilowattrel|Discharge|p1a: Iron Treads|[spread] p1b\n|-immune|p2b: Talonflame\n|-immune|p1a: Iron Treads\n|-damage|p1b: Flutter Mane|16\/100\n|-damage|p2a: Kilowattrel|91\/100|[from] item: Life Orb\n|-end|p2a: Kilowattrel|Charge|[silent]\n|move|p1b: Flutter Mane|Power Gem|p2b: Talonflame\n|-resisted|p2b: Talonflame\n|-damage|p2b: Talonflame|65\/100\n|\n|upkeep\n|turn|2\n|\n|t:|1682799436\n|-end|p1b: Flutter Mane|Protosynthesis|[silent]\n|switch|p1b: Wo-Chien|Wo-Chien, L50|100\/100\n|-ability|p1b: Wo-Chien|Tablets of Ruin\n|move|p2b: Talonflame|Tera Blast|p1a: Iron Treads\n|-supereffective|p1a: Iron Treads\n|-damage|p1a: Iron Treads|75\/100\n|move|p2a: Kilowattrel|Discharge|p1b: Wo-Chien|[spread] p1b\n|-immune|p2b: Talonflame\n|-immune|p1a: Iron Treads\n|-resisted|p1b: Wo-Chien\n|-damage|p1b: Wo-Chien|88\/100\n|-damage|p2a: Kilowattrel|81\/100|[from] item: Life Orb\n|move|p1a: Iron Treads|Ice Spinner|p2a: Kilowattrel\n|-supereffective|p2a: Kilowattrel\n|-damage|p2a: Kilowattrel|17\/100\n|\n|-heal|p1b: Wo-Chien|94\/100|[from] item: Leftovers\n|upkeep\n|turn|3\n|\n|t:|1682799458\n|move|p1b: Wo-Chien|Protect|p1b: Wo-Chien\n|-singleturn|p1b: Wo-Chien|Protect\n|move|p2b: Talonflame|Acrobatics|p1b: Wo-Chien\n|-activate|p1b: Wo-Chien|move: Protect\n|move|p2a: Kilowattrel|Air Slash|p1b: Wo-Chien\n|-activate|p1b: Wo-Chien|move: Protect\n|move|p1a: Iron Treads|Ice Spinner|p2b: Talonflame\n|-supereffective|p2b: Talonflame\n|-damage|p2b: Talonflame|4\/100\n|\n|-heal|p1b: Wo-Chien|99\/100|[from] item: Leftovers\n|upkeep\n|turn|4\n|\n|t:|1682799476\n|switch|p1b: Gyarados|Gyarados, L50, M|100\/100\n|-ability|p1b: Gyarados|Intimidate|boost\n|-unboost|p2a: Kilowattrel|atk|1\n|-unboost|p2b: Talonflame|atk|1\n|move|p2b: Talonflame|Protect|p2b: Talonflame\n|-singleturn|p2b: Talonflame|Protect\n|move|p2a: Kilowattrel|Discharge|p1b: Gyarados|[spread] p1b\n|-activate|p2b: Talonflame|move: Protect\n|-immune|p1a: Iron Treads\n|-supereffective|p1b: Gyarados\n|-damage|p1b: Gyarados|0 fnt\n|faint|p1b: Gyarados\n|-damage|p2a: Kilowattrel|7\/100|[from] item: Life Orb\n|move|p1a: Iron Treads|Volt Switch|p2a: Kilowattrel\n|-damage|p2a: Kilowattrel|0 fnt\n|faint|p2a: Kilowattrel\n|\n|t:|1682799489\n|-end|p1a: Iron Treads|Quark Drive|[silent]\n|switch|p1a: Flutter Mane|Flutter Mane, L50|16\/100|[from] Volt Switch\n|\n|-sideend|p2: Whammyy!!|move: Tailwind\n|upkeep\n|\n|t:|1682799496\n|switch|p2a: Pincurchin|Pincurchin, L50, F|100\/100\n|switch|p1b: Iron Treads|Iron Treads, L50|75\/100\n|-fieldstart|move: Electric Terrain|[from] ability: Electric Surge|[of] p2a: Pincurchin\n|-activate|p1b: Iron Treads|ability: Quark Drive\n|-start|p1b: Iron Treads|quarkdriveatk\n|turn|5\n|\n|t:|1682799518\n|-end|p1a: Flutter Mane|Protosynthesis|[silent]\n|switch|p1a: Wo-Chien|Wo-Chien, L50|99\/100\n|-ability|p1a: Wo-Chien|Tablets of Ruin\n|move|p2a: Pincurchin|Sucker Punch||[still]\n|-fail|p2a: Pincurchin\n|move|p2b: Talonflame|Tailwind|p2b: Talonflame\n|-sidestart|p2: Whammyy!!|move: Tailwind\n|move|p1b: Iron Treads|Earthquake|p2b: Talonflame|[spread] p1a,p2a,p2b\n|-resisted|p1a: Wo-Chien\n|-supereffective|p2a: Pincurchin\n|-crit|p2b: Talonflame\n|-damage|p1a: Wo-Chien|87\/100\n|-damage|p2a: Pincurchin|24\/100\n|-damage|p2b: Talonflame|0 fnt\n|faint|p2b: Talonflame\n|\n|-heal|p1a: Wo-Chien|93\/100|[from] item: Leftovers\n|upkeep\n|\n|t:|1682799532\n|switch|p2b: Iron Hands|Iron Hands, L50|100\/100\n|-activate|p2b: Iron Hands|ability: Quark Drive\n|-start|p2b: Iron Hands|quarkdriveatk\n|turn|6\n|\n|t:|1682799552\n|-end|p1b: Iron Treads|Quark Drive|[silent]\n|switch|p1b: Flutter Mane|Flutter Mane, L50|16\/100\n|move|p2b: Iron Hands|Drain Punch|p1b: Flutter Mane\n|-immune|p1b: Flutter Mane\n|move|p1a: Wo-Chien|Leech Seed|p2b: Iron Hands\n|-start|p2b: Iron Hands|move: Leech Seed\n|move|p2a: Pincurchin|Curse|p2a: Pincurchin\n|-unboost|p2a: Pincurchin|spe|1\n|-boost|p2a: Pincurchin|atk|1\n|-boost|p2a: Pincurchin|def|1\n|\n|-heal|p1a: Wo-Chien|99\/100|[from] item: Leftovers\n|-damage|p2b: Iron Hands|88\/100|[from] Leech Seed|[of] p1a: Wo-Chien\n|-heal|p1a: Wo-Chien|100\/100|[silent]\n|upkeep\n|turn|7\n|\n|t:|1682799575\n|-end|p1b: Flutter Mane|Protosynthesis|[silent]\n|switch|p1b: Iron Treads|Iron Treads, L50|75\/100\n|-activate|p1b: Iron Treads|ability: Quark Drive\n|-start|p1b: Iron Treads|quarkdriveatk\n|move|p2a: Pincurchin|Sucker Punch||[still]\n|-fail|p2a: Pincurchin\n|move|p2b: Iron Hands|Drain Punch|p1a: Wo-Chien\n|-supereffective|p1a: Wo-Chien\n|-damage|p1a: Wo-Chien|35\/100\n|-heal|p2b: Iron Hands|100\/100|[from] drain|[of] p1a: Wo-Chien\n|move|p1a: Wo-Chien|Leech Seed|p2a: Pincurchin\n|-start|p2a: Pincurchin|move: Leech Seed\n|\n|-heal|p1a: Wo-Chien|40\/100|[from] item: Leftovers\n|-damage|p2b: Iron Hands|88\/100|[from] Leech Seed|[of] p1a: Wo-Chien\n|-heal|p1a: Wo-Chien|57\/100|[silent]\n|-damage|p2a: Pincurchin|12\/100|[from] Leech Seed|[of] p1a: Wo-Chien\n|-heal|p1a: Wo-Chien|67\/100|[silent]\n|upkeep\n|turn|8\n|\n|t:|1682799590\n|-end|p1b: Iron Treads|Quark Drive|[silent]\n|switch|p1b: Flutter Mane|Flutter Mane, L50|16\/100\n|move|p1a: Wo-Chien|Protect|p1a: Wo-Chien\n|-singleturn|p1a: Wo-Chien|Protect\n|move|p2a: Pincurchin|Sucker Punch||[still]\n|-fail|p2a: Pincurchin\n|move|p2b: Iron Hands|Drain Punch|p1b: Flutter Mane\n|-immune|p1b: Flutter Mane\n|\n|-heal|p1a: Wo-Chien|73\/100|[from] item: Leftovers\n|-damage|p2b: Iron Hands|76\/100|[from] Leech Seed|[of] p1a: Wo-Chien\n|-heal|p1a: Wo-Chien|90\/100|[silent]\n|-damage|p2a: Pincurchin|0 fnt|[from] Leech Seed|[of] p1a: Wo-Chien\n|-heal|p1a: Wo-Chien|98\/100|[silent]\n|faint|p2a: Pincurchin\n|-sideend|p2: Whammyy!!|move: Tailwind\n|upkeep\n|turn|9\n|\n|t:|1682799601\n|move|p1b: Flutter Mane|Moonblast|p2b: Iron Hands\n|-supereffective|p2b: Iron Hands\n|-damage|p2b: Iron Hands|6\/100\n|move|p1a: Wo-Chien|Pollen Puff|p1b: Flutter Mane\n|-heal|p1b: Flutter Mane|66\/100\n|move|p2b: Iron Hands|Drain Punch|p1a: Wo-Chien\n|-supereffective|p1a: Wo-Chien\n|-damage|p1a: Wo-Chien|39\/100\n|-heal|p2b: Iron Hands|28\/100|[from] drain|[of] p1a: Wo-Chien\n|\n|-heal|p1a: Wo-Chien|44\/100|[from] item: Leftovers\n|-damage|p2b: Iron Hands|15\/100|[from] Leech Seed|[of] p1a: Wo-Chien\n|-heal|p1a: Wo-Chien|61\/100|[silent]\n|upkeep\n|turn|10\n|-message|Whammyy!! forfeited.\n|\n|win|Vengeful potato\n|raw|Vengeful potato's rating: 1164 → 1190<\/strong> (+26 for winning)\n|raw|Whammyy!!'s rating: 1177 → 1151<\/strong> (-26 for losing)\n|l|\u2606Whammyy!!\n","uploadtime":1682799616,"views":12,"p1id":"vengefulpotato","p2id":"whammyy","formatid":"gen9vgc2023regulationc","rating":1151,"private":0,"password":""}