{"id":"gen9vgc2023regulationc-1854838258","p1":"aquaarmor23","p2":"Rockayy","format":"[Gen 9] VGC 2023 Regulation C","log":"|j|\u2606aquaarmor23\n|j|\u2606Rockayy\n|t:|1682871905\n|gametype|doubles\n|player|p1|aquaarmor23|266|\n|player|p2|Rockayy|1|\n|teamsize|p1|6\n|teamsize|p2|6\n|gen|9\n|tier|[Gen 9] VGC 2023 Regulation C\n|rule|Species Clause: Limit one of each Pok\u00e9mon\n|rule|Item Clause: Limit one of each item\n|clearpoke\n|poke|p1|Torkoal, L50, M|\n|poke|p1|Flutter Mane, L50|\n|poke|p1|Lilligant, L50, F|\n|poke|p1|Great Tusk, L50|\n|poke|p1|Iron Hands, L50|\n|poke|p1|Chien-Pao, L50|\n|poke|p2|Amoonguss, L50, M|\n|poke|p2|Salamence, L50, M|\n|poke|p2|Meowscarada, L50, F|\n|poke|p2|Annihilape, L50, F|\n|poke|p2|Kingambit, L50, M|\n|poke|p2|Skeledirge, L50, F|\n|teampreview|4\nRockayy has agreed to open team sheets.\naquaarmor23 has agreed to open team sheets.\n|\n|t:|1682871969\n|start\n|switch|p1a: i like turtles|Torkoal, L50, M|100\/100\n|switch|p1b: not flesh hands|Iron Hands, L50|100\/100\n|switch|p2a: Skeledirge|Skeledirge, L50, F|100\/100\n|switch|p2b: Meowscarada|Meowscarada, L50, F|100\/100\n|-weather|SunnyDay|[from] ability: Drought|[of] p1a: i like turtles\n|-enditem|p1b: not flesh hands|Booster Energy\n|-activate|p1b: not flesh hands|ability: Quark Drive|[fromitem]\n|-start|p1b: not flesh hands|quarkdriveatk\n|turn|1\n|\n|t:|1682872015\n|move|p2b: Meowscarada|Protect|p2b: Meowscarada\n|-start|p2b: Meowscarada|typechange|Normal|[from] ability: Protean\n|-singleturn|p2b: Meowscarada|Protect\n|move|p1b: not flesh hands|Fake Out|p2b: Meowscarada\n|-activate|p2b: Meowscarada|move: Protect\n|move|p2a: Skeledirge|Torch Song|p1b: not flesh hands\n|-damage|p1b: not flesh hands|54\/100\n|-boost|p2a: Skeledirge|spa|1\n|move|p1a: i like turtles|Eruption|p2b: Meowscarada|[spread] p2a\n|-activate|p2b: Meowscarada|move: Protect\n|-resisted|p2a: Skeledirge\n|-damage|p2a: Skeledirge|76\/100\n|\n|-weather|SunnyDay|[upkeep]\n|upkeep\n|turn|2\n|\n|t:|1682872063\n|move|p1a: i like turtles|Protect|p1a: i like turtles\n|-singleturn|p1a: i like turtles|Protect\n|move|p2b: Meowscarada|U-turn|p1b: not flesh hands\n|-resisted|p1b: not flesh hands\n|-damage|p1b: not flesh hands|46\/100\n|\n|t:|1682872068\n|switch|p2b: Salamence|Salamence, L50, M|100\/100|[from] U-turn\n|-ability|p2b: Salamence|Intimidate|boost\n|-unboost|p1a: i like turtles|atk|1\n|-unboost|p1b: not flesh hands|atk|1\n|move|p2a: Skeledirge|Earth Power|p1a: i like turtles\n|-activate|p1a: i like turtles|move: Protect\n|move|p1b: not flesh hands|Drain Punch|p2b: Salamence\n|-resisted|p2b: Salamence\n|-damage|p2b: Salamence|84\/100\n|-heal|p1b: not flesh hands|53\/100|[from] drain|[of] p2b: Salamence\n|\n|-weather|SunnyDay|[upkeep]\n|upkeep\n|turn|3\n|\n|t:|1682872115\n|move|p2b: Salamence|Tailwind|p2b: Salamence\n|-sidestart|p2: Rockayy|move: Tailwind\n|move|p2a: Skeledirge|Earth Power|p1a: i like turtles\n|-supereffective|p1a: i like turtles\n|-damage|p1a: i like turtles|0 fnt\n|faint|p1a: i like turtles\n|move|p1b: not flesh hands|Wild Charge|p2a: Skeledirge\n|-damage|p2a: Skeledirge|22\/100\n|-damage|p1b: not flesh hands|41\/100|[from] Recoil\n|\n|-weather|SunnyDay|[upkeep]\n|upkeep\n|\n|t:|1682872128\n|switch|p1a: kitty|Chien-Pao, L50|100\/100\n|-ability|p1a: kitty|Sword of Ruin\n|turn|4\n|\n|t:|1682872156\n|-terastallize|p2b: Salamence|Fairy\n|move|p1a: kitty|Sucker Punch|p2a: Skeledirge\n|-supereffective|p2a: Skeledirge\n|-damage|p2a: Skeledirge|0 fnt\n|faint|p2a: Skeledirge\n|move|p2b: Salamence|Heat Wave|p1b: not flesh hands|[spread] p1b\n|-miss|p2b: Salamence|p1a: kitty\n|-damage|p1b: not flesh hands|22\/100\n|move|p1b: not flesh hands|Wild Charge|p2b: Salamence\n|-damage|p2b: Salamence|35\/100\n|-damage|p1b: not flesh hands|11\/100|[from] Recoil\n|\n|-weather|SunnyDay|[upkeep]\n|upkeep\n|\n|t:|1682872172\n|switch|p2a: Meowscarada|Meowscarada, L50, F|100\/100\n|turn|5\n|j| awesome10billion\n|\n|t:|1682872201\n|move|p1a: kitty|Protect|p1a: kitty\n|-singleturn|p1a: kitty|Protect\n|move|p2a: Meowscarada|U-turn|p1a: kitty\n|-start|p2a: Meowscarada|typechange|Bug|[from] ability: Protean\n|-activate|p1a: kitty|move: Protect\n|move|p2b: Salamence|Roost|p2b: Salamence\n|-heal|p2b: Salamence|85\/100\n|move|p1b: not flesh hands|Drain Punch|p2a: Meowscarada\n|-resisted|p2a: Meowscarada\n|-damage|p2a: Meowscarada|64\/100\n|-heal|p1b: not flesh hands|23\/100|[from] drain|[of] p2a: Meowscarada\n|\n|-weather|SunnyDay|[upkeep]\n|upkeep\n|turn|6\n|\n|t:|1682872264\n|move|p2a: Meowscarada|U-turn|p1b: not flesh hands\n|-resisted|p1b: not flesh hands\n|-crit|p1b: not flesh hands\n|-damage|p1b: not flesh hands|2\/100\n|\n|t:|1682872269\n|switch|p2a: Kingambit|Kingambit, L50, M|100\/100|[from] U-turn\n|-activate|p2a: Kingambit|ability: Supreme Overlord\n|-start|p2a: Kingambit|fallen1|[silent]\n|move|p2b: Salamence|Heat Wave|p1b: not flesh hands|[spread] p1a,p1b\n|-supereffective|p1a: kitty\n|-damage|p1a: kitty|15\/100\n|-damage|p1b: not flesh hands|0 fnt\n|faint|p1b: not flesh hands\n|-end|p1b: not flesh hands|Quark Drive|[silent]\n|move|p1a: kitty|Ice Spinner|p2a: Kingambit\n|-resisted|p2a: Kingambit\n|-damage|p2a: Kingambit|82\/100\n|\n|-weather|SunnyDay|[upkeep]\n|-sideend|p2: Rockayy|move: Tailwind\n|upkeep\n|\n|t:|1682872280\n|switch|p1b: hockey hair|Flutter Mane, L50|100\/100\n|-activate|p1b: hockey hair|ability: Protosynthesis\n|-start|p1b: hockey hair|protosynthesisspe\n|turn|7\n|\n|t:|1682872301\n|move|p1a: kitty|Protect|p1a: kitty\n|-singleturn|p1a: kitty|Protect\n|move|p2a: Kingambit|Sucker Punch|p1b: hockey hair\n|-damage|p1b: hockey hair|0 fnt\n|faint|p1b: hockey hair\n|-end|p1b: hockey hair|Protosynthesis|[silent]\n|move|p2b: Salamence|Heat Wave|p1a: kitty\n|-activate|p1a: kitty|move: Protect\n|\n|-weather|SunnyDay|[upkeep]\n|upkeep\n|turn|8\n|c|\u2606aquaarmor23|gg\n|\n|t:|1682872320\n|move|p2b: Salamence|Helping Hand|p2a: Kingambit\n|-singleturn|p2a: Kingambit|Helping Hand|[of] p2b: Salamence\n|move|p2a: Kingambit|Sucker Punch|p1a: kitty\n|-resisted|p1a: kitty\n|-damage|p1a: kitty|0 fnt\n|faint|p1a: kitty\n|\n|win|Rockayy\n|l|\u2606aquaarmor23\n","uploadtime":1682872332,"views":19,"p1id":"aquaarmor23","p2id":"rockayy","formatid":"gen9vgc2023regulationc","rating":0,"private":0,"password":""}