{"id":"gen9vgc2023regulationc-1851571632","p1":"Gimmick Trials","p2":"Duecal1on","format":"[Gen 9] VGC 2023 Regulation C","log":"|j|\u2606Gimmick Trials\n|j|\u2606Duecal1on\n|t:|1682456869\n|gametype|doubles\n|player|p1|Gimmick Trials|rosa|1116\n|player|p2|Duecal1on|pokefan|1141\n|teamsize|p1|6\n|teamsize|p2|6\n|gen|9\n|tier|[Gen 9] VGC 2023 Regulation C\n|rated|\n|rule|Species Clause: Limit one of each Pok\u00e9mon\n|rule|Item Clause: Limit one of each item\n|clearpoke\n|poke|p1|Indeedee-F, L50, F|\n|poke|p1|Armarouge, L50, M|\n|poke|p1|Iron Hands, L50|\n|poke|p1|Torkoal, L50, M|\n|poke|p1|Hatterene, L50, F|\n|poke|p1|Brute Bonnet, L50|\n|poke|p2|Ting-Lu, L50|\n|poke|p2|Rotom-Wash, L50|\n|poke|p2|Scizor, L50, M|\n|poke|p2|Dondozo, L50, M|\n|poke|p2|Tatsugiri-Stretchy, L50, M|\n|poke|p2|Iron Bundle, L50|\n|teampreview|4\n|\n|t:|1682456892\n|start\n|switch|p1a: Indeedee|Indeedee-F, L50, F|100\/100\n|switch|p1b: Armarouge|Armarouge, L50, M|100\/100\n|switch|p2a: Ting-Lu|Ting-Lu, L50|100\/100\n|switch|p2b: Rotom|Rotom-Wash, L50|100\/100\n|-fieldstart|move: Psychic Terrain|[from] ability: Psychic Surge|[of] p1a: Indeedee\n|-enditem|p1a: Indeedee|Psychic Seed\n|-boost|p1a: Indeedee|spd|1|[from] item: Psychic Seed\n|-ability|p2a: Ting-Lu|Vessel of Ruin\n|turn|1\n|\n|t:|1682456901\n|move|p2b: Rotom|Protect|p2b: Rotom\n|-singleturn|p2b: Rotom|Protect\n|move|p1a: Indeedee|Follow Me|p1a: Indeedee\n|-singleturn|p1a: Indeedee|move: Follow Me\n|move|p2a: Ting-Lu|Snarl|p1a: Indeedee|[spread] \n|-miss|p2a: Ting-Lu|p1a: Indeedee\n|-miss|p2a: Ting-Lu|p1b: Armarouge\n|move|p1b: Armarouge|Trick Room|p1b: Armarouge\n|-fieldstart|move: Trick Room|[of] p1b: Armarouge\n|\n|upkeep\n|turn|2\n|\n|t:|1682456948\n|switch|p1a: Hatterene|Hatterene, L50, F|100\/100\n|move|p1b: Armarouge|Wide Guard|p1b: Armarouge\n|-singleturn|p1b: Armarouge|Wide Guard\n|move|p2a: Ting-Lu|Snarl|p1a: Hatterene|[spread] \n|-activate|p1a: Hatterene|move: Wide Guard\n|-activate|p1b: Armarouge|move: Wide Guard\n|move|p2b: Rotom|Thunderbolt|p1b: Armarouge\n|-damage|p1b: Armarouge|67\/100\n|\n|upkeep\n|turn|3\n|\n|t:|1682456970\n|-terastallize|p1b: Armarouge|Psychic\n|move|p2b: Rotom|Protect|p2b: Rotom\n|-singleturn|p2b: Rotom|Protect\n|move|p1a: Hatterene|Magic Powder|p2a: Ting-Lu\n|-start|p2a: Ting-Lu|typechange|Psychic\n|move|p2a: Ting-Lu|Stomping Tantrum|p1b: Armarouge\n|-damage|p1b: Armarouge|47\/100\n|move|p1b: Armarouge|Expanding Force|p2b: Rotom|[spread] p2a\n|-activate|p2b: Rotom|move: Protect\n|-resisted|p2a: Ting-Lu\n|-damage|p2a: Ting-Lu|81\/100\n|\n|upkeep\n|turn|4\n|\n|t:|1682456991\n|move|p1a: Hatterene|Dazzling Gleam|p2b: Rotom|[spread] p2a,p2b\n|-damage|p2a: Ting-Lu|64\/100\n|-damage|p2b: Rotom|68\/100\n|-damage|p1a: Hatterene|91\/100|[from] item: Life Orb\n|move|p2a: Ting-Lu|Snarl|p1b: Armarouge|[spread] p1a,p1b\n|-supereffective|p1b: Armarouge\n|-damage|p1a: Hatterene|84\/100\n|-damage|p1b: Armarouge|33\/100\n|-unboost|p1a: Hatterene|spa|1\n|-unboost|p1b: Armarouge|spa|1\n|move|p1b: Armarouge|Expanding Force|p2a: Ting-Lu|[spread] p2a,p2b\n|-resisted|p2a: Ting-Lu\n|-damage|p2a: Ting-Lu|52\/100\n|-damage|p2b: Rotom|21\/100\n|-enditem|p2b: Rotom|Sitrus Berry|[eat]\n|-heal|p2b: Rotom|46\/100|[from] item: Sitrus Berry\n|move|p2b: Rotom|Thunderbolt|p1a: Hatterene\n|-damage|p1a: Hatterene|54\/100\n|\n|upkeep\n|turn|5\n|j| big chuges 10 xyz\n|\n|t:|1682457010\n|move|p2b: Rotom|Protect|p2b: Rotom\n|-singleturn|p2b: Rotom|Protect\n|move|p1b: Armarouge|Wide Guard|p1b: Armarouge\n|-singleturn|p1b: Armarouge|Wide Guard\n|move|p1a: Hatterene|Dazzling Gleam|p2b: Rotom|[spread] p2a\n|-activate|p2b: Rotom|move: Protect\n|-damage|p2a: Ting-Lu|42\/100\n|-damage|p1a: Hatterene|44\/100|[from] item: Life Orb\n|move|p2a: Ting-Lu|Snarl|p1b: Armarouge|[spread] \n|-activate|p1a: Hatterene|move: Wide Guard\n|-activate|p1b: Armarouge|move: Wide Guard\n|\n|-fieldend|move: Trick Room\n|-fieldend|move: Psychic Terrain\n|upkeep\n|turn|6\n|\n|t:|1682457029\n|move|p2b: Rotom|Thunderbolt|p1b: Armarouge\n|-damage|p1b: Armarouge|3\/100\n|-status|p1b: Armarouge|par\n|move|p2a: Ting-Lu|Stomping Tantrum|p1a: Hatterene\n|-damage|p1a: Hatterene|21\/100\n|move|p1a: Hatterene|Dazzling Gleam|p2a: Ting-Lu|[spread] p2a,p2b\n|-damage|p2a: Ting-Lu|33\/100\n|-damage|p2b: Rotom|23\/100\n|-damage|p1a: Hatterene|11\/100|[from] item: Life Orb\n|move|p1b: Armarouge|Trick Room|p1b: Armarouge\n|-fieldstart|move: Trick Room|[of] p1b: Armarouge\n|\n|upkeep\n|turn|7\n|\n|t:|1682457051\n|move|p2b: Rotom|Protect|p2b: Rotom\n|-singleturn|p2b: Rotom|Protect\n|cant|p1b: Armarouge|par\n|move|p1a: Hatterene|Dazzling Gleam|p2b: Rotom|[spread] p2a\n|-activate|p2b: Rotom|move: Protect\n|-damage|p2a: Ting-Lu|22\/100\n|-damage|p1a: Hatterene|2\/100|[from] item: Life Orb\n|move|p2a: Ting-Lu|Stomping Tantrum|p1b: Armarouge\n|-damage|p1b: Armarouge|0 fnt\n|faint|p1b: Armarouge\n|\n|upkeep\n|\n|t:|1682457061\n|switch|p1b: Brute Bonnet|Brute Bonnet, L50|100\/100\n|turn|8\n|\n|t:|1682457084\n|move|p1a: Hatterene|Dazzling Gleam|p2a: Ting-Lu|[spread] p2a,p2b\n|-damage|p2a: Ting-Lu|11\/100\n|-damage|p2b: Rotom|0 fnt\n|faint|p2b: Rotom\n|-damage|p1a: Hatterene|0 fnt|[from] item: Life Orb\n|faint|p1a: Hatterene\n|move|p2a: Ting-Lu|Ruination|p1b: Brute Bonnet\n|-damage|p1b: Brute Bonnet|50\/100\n|move|p1b: Brute Bonnet|Bullet Seed|p2a: Ting-Lu\n|-damage|p2a: Ting-Lu|4\/100\n|-damage|p2a: Ting-Lu|0 fnt\n|faint|p2a: Ting-Lu\n|-hitcount|p2: Ting-Lu|2\n|\n|upkeep\n|\n|t:|1682457100\n|switch|p1a: Indeedee|Indeedee-F, L50, F|100\/100\n|switch|p2a: Dondozo|Dondozo, L50, M, shiny|100\/100\n|switch|p2b: Tatsugiri|Tatsugiri-Stretchy, L50, M, shiny|100\/100\n|-activate|p2b: Tatsugiri|ability: Commander|[of] p2a: Dondozo\n|-boost|p2a: Dondozo|atk|2\n|-boost|p2a: Dondozo|spa|2\n|-boost|p2a: Dondozo|spe|2\n|-boost|p2a: Dondozo|def|2\n|-boost|p2a: Dondozo|spd|2\n|-fieldstart|move: Psychic Terrain|[from] ability: Psychic Surge|[of] p1a: Indeedee\n|turn|9\n|l| big chuges 10 xyz\n|inactive|Battle timer is ON: inactive players will automatically lose when time's up. (requested by Duecal1on)\n|\n|t:|1682457131\n|move|p2a: Dondozo|Protect|p2a: Dondozo\n|-singleturn|p2a: Dondozo|Protect\n|move|p1a: Indeedee|Follow Me|p1a: Indeedee\n|-singleturn|p1a: Indeedee|move: Follow Me\n|move|p1b: Brute Bonnet|Spore|p2a: Dondozo\n|-activate|p2a: Dondozo|move: Protect\n|\n|upkeep\n|turn|10\n|inactive|Duecal1on has 30 seconds left.\n|\n|t:|1682457158\n|move|p1a: Indeedee|Follow Me|p1a: Indeedee\n|-singleturn|p1a: Indeedee|move: Follow Me\n|move|p1b: Brute Bonnet|Spore|p2a: Dondozo\n|-status|p2a: Dondozo|slp|[from] move: Spore\n|cant|p2a: Dondozo|slp\n|\n|-fieldend|move: Trick Room\n|upkeep\n|turn|11\n|\n|t:|1682457170\n|-terastallize|p2a: Dondozo|Flying\n|move|p1a: Indeedee|Helping Hand|p1b: Brute Bonnet\n|-singleturn|p1b: Brute Bonnet|Helping Hand|[of] p1a: Indeedee\n|-curestatus|p2a: Dondozo|slp|[msg]\n|move|p2a: Dondozo|Earthquake|p1b: Brute Bonnet|[spread] p1a,p1b\n|-miss|p2a: Dondozo|p2b: Tatsugiri\n|-resisted|p1b: Brute Bonnet\n|-damage|p1a: Indeedee|63\/100\n|-damage|p1b: Brute Bonnet|36\/100\n|move|p1b: Brute Bonnet|Bullet Seed|p2a: Dondozo\n|-resisted|p2a: Dondozo\n|-damage|p2a: Dondozo|98\/100\n|-resisted|p2a: Dondozo\n|-damage|p2a: Dondozo|95\/100\n|-resisted|p2a: Dondozo\n|-damage|p2a: Dondozo|93\/100\n|-resisted|p2a: Dondozo\n|-damage|p2a: Dondozo|91\/100\n|-resisted|p2a: Dondozo\n|-damage|p2a: Dondozo|88\/100\n|-hitcount|p2a: Dondozo|5\n|\n|-heal|p2a: Dondozo|95\/100|[from] item: Leftovers\n|upkeep\n|turn|12\n|\n|t:|1682457195\n|move|p2a: Dondozo|Wave Crash|p1a: Indeedee\n|-damage|p1a: Indeedee|0 fnt\n|faint|p1a: Indeedee\n|-damage|p2a: Dondozo|80\/100|[from] Recoil\n|move|p1b: Brute Bonnet|Spore|p2a: Dondozo\n|-status|p2a: Dondozo|slp|[from] move: Spore\n|\n|-heal|p2a: Dondozo|86\/100 slp|[from] item: Leftovers\n|upkeep\n|turn|13\n|\n|t:|1682457206\n|cant|p2a: Dondozo|slp\n|move|p1b: Brute Bonnet|Bullet Seed|p2a: Dondozo\n|-resisted|p2a: Dondozo\n|-damage|p2a: Dondozo|85\/100 slp\n|-resisted|p2a: Dondozo\n|-crit|p2a: Dondozo\n|-damage|p2a: Dondozo|79\/100 slp\n|-resisted|p2a: Dondozo\n|-damage|p2a: Dondozo|77\/100 slp\n|-resisted|p2a: Dondozo\n|-damage|p2a: Dondozo|74\/100 slp\n|-resisted|p2a: Dondozo\n|-damage|p2a: Dondozo|72\/100 slp\n|-hitcount|p2a: Dondozo|5\n|\n|-heal|p2a: Dondozo|79\/100 slp|[from] item: Leftovers\n|-fieldend|move: Psychic Terrain\n|upkeep\n|turn|14\n|-message|Gimmick Trials forfeited.\n|\n|win|Duecal1on\n|raw|Gimmick Trials's rating: 1116 → 1093<\/strong> (-23 for losing)\n|raw|Duecal1on's rating: 1141 → 1164<\/strong> (+23 for winning)\n|l|\u2606Gimmick Trials\n","uploadtime":1682457229,"views":13,"p1id":"gimmicktrials","p2id":"duecal1on","formatid":"gen9vgc2023regulationc","rating":1093,"private":0,"password":""}