{"id":"gen9vgc2023regulationc-1853142005","p1":"VivixVGC","p2":"Naricedilussovgc","format":"[Gen 9] VGC 2023 Regulation C","log":"|j|\u2606VivixVGC\n|j|\u2606Naricedilussovgc\n|t:|1682640279\n|gametype|doubles\n|player|p1|VivixVGC|backersf|1170\n|player|p2|Naricedilussovgc|170|1272\n|teamsize|p1|6\n|teamsize|p2|6\n|gen|9\n|tier|[Gen 9] VGC 2023 Regulation C\n|rated|\n|rule|Species Clause: Limit one of each Pok\u00e9mon\n|rule|Item Clause: Limit one of each item\n|clearpoke\n|poke|p1|Dondozo, L50, M|\n|poke|p1|Tatsugiri-Stretchy, L50, M|\n|poke|p1|Glimmora, L50, M|\n|poke|p1|Chi-Yu, L50|\n|poke|p1|Pelipper, L50, M|\n|poke|p1|Ting-Lu, L50|\n|poke|p2|Garchomp, L50, F|\n|poke|p2|Talonflame, L50, F|\n|poke|p2|Orthworm, L50, M|\n|poke|p2|Abomasnow, L50, M|\n|poke|p2|Iron Hands, L50|\n|poke|p2|Chien-Pao, L50|\n|teampreview|4\n|inactive|Battle timer is ON: inactive players will automatically lose when time's up. (requested by VivixVGC)\nVivixVGC has agreed to open team sheets.\n|inactive|VivixVGC has 60 seconds left.\n|inactive|Naricedilussovgc has 60 seconds left.\n|inactive|VivixVGC has 30 seconds left.\n|\n|t:|1682640346\n|start\n|switch|p1a: Dondozo|Dondozo, L50, M, shiny|100\/100\n|switch|p1b: Pelipper|Pelipper, L50, M, shiny|100\/100\n|switch|p2a: HHHHA|Iron Hands, L50|100\/100\n|switch|p2b: ANTONIO|Garchomp, L50, F|100\/100\n|-weather|RainDance|[from] ability: Drizzle|[of] p1b: Pelipper\n|turn|1\n|\n|t:|1682640366\n|move|p1a: Dondozo|Protect|p1a: Dondozo\n|-singleturn|p1a: Dondozo|Protect\n|move|p2b: ANTONIO|Rock Slide|p1a: Dondozo|[spread] \n|-activate|p1a: Dondozo|move: Protect\n|-miss|p2b: ANTONIO|p1b: Pelipper\n|move|p1b: Pelipper|Tailwind|p1b: Pelipper\n|-sidestart|p1: VivixVGC|move: Tailwind\n|move|p2a: HHHHA|Thunder Punch|p1b: Pelipper\n|-supereffective|p1b: Pelipper\n|-enditem|p1b: Pelipper|Focus Sash\n|-damage|p1b: Pelipper|1\/100\n|\n|-weather|RainDance|[upkeep]\n|upkeep\n|turn|2\n|\n|t:|1682640387\n|switch|p1b: Tatsugiri|Tatsugiri-Stretchy, L50, M|100\/100\n|-activate|p1b: Tatsugiri|ability: Commander|[of] p1a: Dondozo\n|-boost|p1a: Dondozo|atk|2\n|-boost|p1a: Dondozo|spa|2\n|-boost|p1a: Dondozo|spe|2\n|-boost|p1a: Dondozo|def|2\n|-boost|p1a: Dondozo|spd|2\n|-terastallize|p1a: Dondozo|Water\n|move|p1a: Dondozo|Surf|p2b: ANTONIO|[spread] p2a,p2b\n|-miss|p1a: Dondozo|p1b: Tatsugiri\n|-damage|p2a: HHHHA|36\/100\n|-damage|p2b: ANTONIO|0 fnt\n|faint|p2b: ANTONIO\n|move|p2a: HHHHA|Thunder Punch|p1a: Dondozo\n|-supereffective|p1a: Dondozo\n|-damage|p1a: Dondozo|66\/100\n|-status|p1a: Dondozo|par\n|\n|-weather|RainDance|[upkeep]\n|upkeep\n|\n|t:|1682640406\n|switch|p2b: CAZZZZZZ|Abomasnow, L50, M, shiny|100\/100\n|-weather|Snow|[from] ability: Snow Warning|[of] p2b: CAZZZZZZ\n|turn|3\n|\n|t:|1682640415\n|move|p1a: Dondozo|Surf|p2b: CAZZZZZZ|[spread] p2a,p2b\n|-miss|p1a: Dondozo|p1b: Tatsugiri\n|-resisted|p2b: CAZZZZZZ\n|-damage|p2a: HHHHA|0 fnt\n|-damage|p2b: CAZZZZZZ|64\/100\n|faint|p2a: HHHHA\n|-end|p2a: HHHHA|Quark Drive|[silent]\n|move|p2b: CAZZZZZZ|Aurora Veil|p2b: CAZZZZZZ\n|-sidestart|p2: Naricedilussovgc|move: Aurora Veil\n|\n|-weather|Snow|[upkeep]\n|upkeep\n|\n|t:|1682640425\n|switch|p2a: CHE|Orthworm, L50, M, shiny|100\/100\n|turn|4\n|\n|t:|1682640435\n|cant|p1a: Dondozo|par\n|move|p2a: CHE|Iron Defense|p2a: CHE\n|-boost|p2a: CHE|def|2\n|move|p2b: CAZZZZZZ|Wood Hammer|p1a: Dondozo\n|-supereffective|p1a: Dondozo\n|-damage|p1a: Dondozo|20\/100 par\n|-damage|p2b: CAZZZZZZ|47\/100|[from] Recoil\n|\n|-weather|Snow|[upkeep]\n|-sideend|p1: VivixVGC|move: Tailwind\n|upkeep\n|turn|5\n|\n|t:|1682640453\n|move|p1a: Dondozo|Surf|p2a: CHE|[spread] p2a,p2b\n|-miss|p1a: Dondozo|p1b: Tatsugiri\n|-crit|p2a: CHE\n|-resisted|p2b: CAZZZZZZ\n|-damage|p2a: CHE|0 fnt\n|-damage|p2b: CAZZZZZZ|24\/100\n|faint|p2a: CHE\n|move|p2b: CAZZZZZZ|Wood Hammer|p1a: Dondozo\n|-supereffective|p1a: Dondozo\n|-damage|p1a: Dondozo|0 fnt\n|faint|p1a: Dondozo\n|-damage|p2b: CAZZZZZZ|16\/100|[from] Recoil\n|\n|-weather|Snow|[upkeep]\n|upkeep\n|\n|t:|1682640458\n|switch|p1a: Pelipper|Pelipper, L50, M, shiny|1\/100\n|-weather|RainDance|[from] ability: Drizzle|[of] p1a: Pelipper\n|turn|6\n|c|\u2606Naricedilussovgc|Ma quanto hai la madre troia\n|-message|Naricedilussovgc forfeited.\n|\n|win|VivixVGC\n|raw|VivixVGC's rating: 1170 → 1202<\/strong> (+32 for winning)\n|raw|Naricedilussovgc's rating: 1272 → 1240<\/strong> (-32 for losing)\n","uploadtime":1682640470,"views":5,"p1id":"vivixvgc","p2id":"naricedilussovgc","formatid":"gen9vgc2023regulationc","rating":1202,"private":0,"password":""}