{"id":"gen9vgc2023regulationc-1848679583","p1":"Can'tStopFalling","p2":"safercloud","format":"[Gen 9] VGC 2023 Regulation C","log":"|j|\u2606Can'tStopFalling\n|j|\u2606safercloud\n|t:|1682100190\n|gametype|doubles\n|player|p1|Can'tStopFalling|clair|1286\n|player|p2|safercloud|102|1236\n|teamsize|p1|6\n|teamsize|p2|6\n|gen|9\n|tier|[Gen 9] VGC 2023 Regulation C\n|rated|\n|rule|Species Clause: Limit one of each Pok\u00e9mon\n|rule|Item Clause: Limit one of each item\n|clearpoke\n|poke|p1|Palafin, L50, M|\n|poke|p1|Amoonguss, L50, M|\n|poke|p1|Arcanine, L50, M|\n|poke|p1|Flutter Mane, L50|\n|poke|p1|Stonjourner, L50, F|\n|poke|p1|Farigiraf, L50, F|\n|poke|p2|Tatsugiri, L50, F|\n|poke|p2|Dondozo, L50, F|\n|poke|p2|Chi-Yu, L50|\n|poke|p2|Dachsbun, L50, F|\n|poke|p2|Corviknight, L50, F|\n|poke|p2|Muk, L50, M|\n|teampreview|4\n|\n|t:|1682100213\n|start\n|switch|p1a: Papaya|Stonjourner, L50, F|100\/100\n|switch|p1b: Cherry|Farigiraf, L50, F, shiny|100\/100\n|switch|p2a: Tatsugiri|Tatsugiri, L50, F|100\/100\n|switch|p2b: Chi-Yu|Chi-Yu, L50|100\/100\n|-ability|p2b: Chi-Yu|Beads of Ruin\n|turn|1\n|\n|t:|1682100231\n|-terastallize|p1b: Cherry|Normal\n|move|p2b: Chi-Yu|Dark Pulse|p1b: Cherry\n|-damage|p1b: Cherry|47\/100\n|move|p1a: Papaya|Rock Slide|p2a: Tatsugiri|[spread] p2a\n|-miss|p1a: Papaya|p2b: Chi-Yu\n|-damage|p2a: Tatsugiri|48\/100\n|cant|p2a: Tatsugiri|flinch\n|move|p1b: Cherry|Hyper Voice|p2a: Tatsugiri|[spread] p2a,p2b\n|-damage|p2a: Tatsugiri|0 fnt\n|-damage|p2b: Chi-Yu|53\/100\n|faint|p2a: Tatsugiri\n|-enditem|p1b: Cherry|Throat Spray\n|-boost|p1b: Cherry|spa|1|[from] item: Throat Spray\n|\n|upkeep\n|\n|t:|1682100247\n|switch|p2a: Dachsbun|Dachsbun, L50, F|100\/100\n|turn|2\n|\n|t:|1682100255\n|move|p1a: Papaya|Wide Guard|p1a: Papaya\n|-singleturn|p1a: Papaya|Wide Guard\n|move|p2b: Chi-Yu|Lava Plume|p1b: Cherry|[spread] \n|-activate|p1a: Papaya|move: Wide Guard\n|-activate|p1b: Cherry|move: Wide Guard\n|-ability|p2a: Dachsbun|Well-Baked Body|boost\n|-boost|p2a: Dachsbun|def|2\n|move|p2a: Dachsbun|Body Press|p1a: Papaya\n|-supereffective|p1a: Papaya\n|-damage|p1a: Papaya|32\/100\n|move|p1b: Cherry|Skill Swap|p2a: Dachsbun\n|-activate|p1b: Cherry|move: Skill Swap|Well-Baked Body|Armor Tail|[of] p2a: Dachsbun\n|\n|upkeep\n|turn|3\n|\n|t:|1682100275\n|move|p1b: Cherry|Protect|p1b: Cherry\n|-singleturn|p1b: Cherry|Protect\n|move|p2b: Chi-Yu|Dark Pulse|p1a: Papaya\n|-damage|p1a: Papaya|0 fnt\n|faint|p1a: Papaya\n|move|p2a: Dachsbun|Body Press|p1b: Cherry\n|-activate|p1b: Cherry|move: Protect\n|\n|upkeep\n|\n|t:|1682100284\n|switch|p1a: Passionfruit|Flutter Mane, L50|100\/100\n|-enditem|p1a: Passionfruit|Booster Energy\n|-activate|p1a: Passionfruit|ability: Protosynthesis|[fromitem]\n|-start|p1a: Passionfruit|protosynthesisspa\n|turn|4\n|\n|t:|1682100293\n|move|p2b: Chi-Yu|Protect|p2b: Chi-Yu\n|-singleturn|p2b: Chi-Yu|Protect\n|move|p1a: Passionfruit|Moonblast|p2b: Chi-Yu\n|-activate|p2b: Chi-Yu|move: Protect\n|move|p2a: Dachsbun|Body Press|p1b: Cherry\n|-supereffective|p1b: Cherry\n|-damage|p1b: Cherry|0 fnt\n|faint|p1b: Cherry\n|\n|upkeep\n|\n|t:|1682100297\n|switch|p1b: Banana|Arcanine, L50, M|100\/100\n|-ability|p1b: Banana|Intimidate|boost\n|-unboost|p2a: Dachsbun|atk|1\n|-unboost|p2b: Chi-Yu|atk|1\n|turn|5\n|\n|t:|1682100312\n|-terastallize|p2a: Dachsbun|Fairy\n|move|p1a: Passionfruit|Moonblast|p2b: Chi-Yu\n|-damage|p2b: Chi-Yu|0 fnt\n|faint|p2b: Chi-Yu\n|move|p1b: Banana|Howl|p1b: Banana|[spread] p1a,p1b\n|-boost|p1a: Passionfruit|atk|1\n|-boost|p1b: Banana|atk|1\n|move|p2a: Dachsbun|Play Rough|p1a: Passionfruit\n|-damage|p1a: Passionfruit|68\/100\n|\n|upkeep\n|\n|t:|1682100321\n|switch|p2b: Corviknight|Corviknight, L50, F|100\/100\n|turn|6\n|\n|t:|1682100345\n|move|p1a: Passionfruit|Protect|p1a: Passionfruit\n|-singleturn|p1a: Passionfruit|Protect\n|move|p1b: Banana|Flare Blitz|p2b: Corviknight\n|-supereffective|p2b: Corviknight\n|-damage|p2b: Corviknight|0 fnt\n|faint|p2b: Corviknight\n|-damage|p1b: Banana|69\/100|[from] Recoil\n|move|p2a: Dachsbun|Yawn|p1b: Banana\n|-start|p1b: Banana|move: Yawn|[of] p2a: Dachsbun\n|\n|upkeep\n|turn|7\n|\n|t:|1682100360\n|move|p2a: Dachsbun|Protect|p2a: Dachsbun\n|-singleturn|p2a: Dachsbun|Protect\n|move|p1a: Passionfruit|Moonblast|p2a: Dachsbun\n|-activate|p2a: Dachsbun|move: Protect\n|move|p1b: Banana|Flare Blitz|p2a: Dachsbun\n|-activate|p2a: Dachsbun|move: Protect\n|\n|-end|p1b: Banana|move: Yawn|[silent]\n|-status|p1b: Banana|slp\n|upkeep\n|turn|8\n|\n|t:|1682100383\n|move|p1a: Passionfruit|Moonblast|p2a: Dachsbun\n|-damage|p2a: Dachsbun|43\/100\n|-unboost|p2a: Dachsbun|spa|1\n|cant|p1b: Banana|slp\n|move|p2a: Dachsbun|Play Rough|p1a: Passionfruit\n|-damage|p1a: Passionfruit|35\/100\n|\n|-heal|p2a: Dachsbun|49\/100|[from] item: Leftovers\n|upkeep\n|turn|9\n|\n|t:|1682100394\n|move|p1a: Passionfruit|Moonblast|p2a: Dachsbun\n|-crit|p2a: Dachsbun\n|-damage|p2a: Dachsbun|0 fnt\n|faint|p2a: Dachsbun\n|\n|win|Can'tStopFalling\n|raw|Can'tStopFalling's rating: 1286 → 1307<\/strong> (+21 for winning)\n|raw|safercloud's rating: 1236 → 1215<\/strong> (-21 for losing)\n|l|\u2606safercloud\n","uploadtime":1682100472,"views":13,"p1id":"cantstopfalling","p2id":"safercloud","formatid":"gen9vgc2023regulationc","rating":1215,"private":0,"password":""}