{"id":"gen9vgc2023regulationc-1848870670","p1":"maucs","p2":"Kammala","format":"[Gen 9] VGC 2023 Regulation C","log":"|j|\u2606maucs\n|j|\u2606Kammala\n|t:|1682119903\n|gametype|doubles\n|player|p1|maucs|giovanni|1203\n|player|p2|Kammala|2|1318\n|teamsize|p1|6\n|teamsize|p2|6\n|gen|9\n|tier|[Gen 9] VGC 2023 Regulation C\n|rated|\n|rule|Species Clause: Limit one of each Pok\u00e9mon\n|rule|Item Clause: Limit one of each item\n|clearpoke\n|poke|p1|Baxcalibur, L50, F|\n|poke|p1|Chien-Pao, L50|\n|poke|p1|Flutter Mane, L50|\n|poke|p1|Orthworm, L50, M|\n|poke|p1|Great Tusk, L50|\n|poke|p1|Talonflame, L50, M|\n|poke|p2|Azumarill, L50, M|\n|poke|p2|Amoonguss, L50, F|\n|poke|p2|Tauros-Paldea-Blaze, L50, M|\n|poke|p2|Ting-Lu, L50|\n|poke|p2|Baxcalibur, L50, M|\n|poke|p2|Flutter Mane, L50|\n|teampreview|4\n|inactive|Battle timer is ON: inactive players will automatically lose when time's up. (requested by Kammala)\n|inactive|maucs also wants the timer to be on.\nKammala has agreed to open team sheets.\n|inactive|Kammala has 60 seconds left.\n|\n|t:|1682119937\n|start\n|switch|p1a: Talonflame|Talonflame, L50, M|100\/100\n|switch|p1b: Flutter Mane|Flutter Mane, L50|100\/100\n|switch|p2a: Tauros|Tauros-Paldea-Blaze, L50, M|100\/100\n|switch|p2b: Ting-Lu|Ting-Lu, L50|100\/100\n|-ability|p2a: Tauros|Intimidate|boost\n|-unboost|p1a: Talonflame|atk|1\n|-unboost|p1b: Flutter Mane|atk|1\n|-ability|p2b: Ting-Lu|Vessel of Ruin\n|turn|1\n|\n|t:|1682119957\n|-end|p1b: Flutter Mane|Protosynthesis|[silent]\n|switch|p1b: Orthworm|Orthworm, L50, M|100\/100\n|move|p2a: Tauros|Protect|p2a: Tauros\n|-singleturn|p2a: Tauros|Protect\n|move|p1a: Talonflame|Tailwind|p1a: Talonflame\n|-sidestart|p1: maucs|move: Tailwind\n|move|p2b: Ting-Lu|Stealth Rock|p1a: Talonflame\n|-sidestart|p1: maucs|move: Stealth Rock\n|\n|upkeep\n|turn|2\n|\n|t:|1682119974\n|switch|p1a: Great Tusk|Great Tusk, L50|100\/100\n|-damage|p1a: Great Tusk|98\/100|[from] Stealth Rock\n|move|p1b: Orthworm|Iron Defense|p1b: Orthworm\n|-boost|p1b: Orthworm|def|2\n|move|p2a: Tauros|Will-O-Wisp|p1b: Orthworm\n|-status|p1b: Orthworm|brn\n|move|p2b: Ting-Lu|Ruination|p1a: Great Tusk\n|-damage|p1a: Great Tusk|49\/100\n|\n|-damage|p1b: Orthworm|94\/100 brn|[from] brn\n|upkeep\n|turn|3\n|inactive|Kammala has 30 seconds left.\n|\n|t:|1682120004\n|-terastallize|p1a: Great Tusk|Ground\n|-terastallize|p2a: Tauros|Grass\n|move|p1a: Great Tusk|Earthquake|p2a: Tauros|[spread] p2a,p2b\n|-heal|p1b: Orthworm|100\/100 brn|[from] ability: Earth Eater|[of] p1a: Great Tusk\n|-resisted|p2a: Tauros\n|-damage|p2a: Tauros|77\/100\n|-damage|p2b: Ting-Lu|69\/100\n|move|p1b: Orthworm|Iron Defense|p1b: Orthworm\n|-boost|p1b: Orthworm|def|2\n|move|p2a: Tauros|Flare Blitz|p1b: Orthworm\n|-supereffective|p1b: Orthworm\n|-damage|p1b: Orthworm|76\/100 brn\n|-damage|p2a: Tauros|69\/100|[from] Recoil\n|move|p2b: Ting-Lu|Heavy Slam|p1b: Orthworm\n|-resisted|p1b: Orthworm\n|-damage|p1b: Orthworm|73\/100 brn\n|\n|-heal|p1b: Orthworm|79\/100 brn|[from] item: Leftovers\n|-heal|p2b: Ting-Lu|75\/100|[from] item: Leftovers\n|-damage|p1b: Orthworm|73\/100 brn|[from] brn\n|upkeep\n|turn|4\n|\n|t:|1682120030\n|move|p2a: Tauros|Protect|p2a: Tauros\n|-singleturn|p2a: Tauros|Protect\n|move|p1a: Great Tusk|Close Combat|p2b: Ting-Lu\n|-supereffective|p2b: Ting-Lu\n|-damage|p2b: Ting-Lu|0 fnt\n|-unboost|p1a: Great Tusk|def|1\n|-unboost|p1a: Great Tusk|spd|1\n|faint|p2b: Ting-Lu\n|move|p1b: Orthworm|Iron Defense|p1b: Orthworm\n|-boost|p1b: Orthworm|def|2\n|\n|-heal|p1b: Orthworm|79\/100 brn|[from] item: Leftovers\n|-damage|p1b: Orthworm|73\/100 brn|[from] brn\n|-sideend|p1: maucs|move: Tailwind\n|upkeep\n|\n|t:|1682120040\n|switch|p2b: Flutter Mane|Flutter Mane, L50|100\/100\n|-enditem|p2b: Flutter Mane|Booster Energy\n|-activate|p2b: Flutter Mane|ability: Protosynthesis|[fromitem]\n|-start|p2b: Flutter Mane|protosynthesisspa\n|turn|5\n|\n|t:|1682120050\n|move|p2b: Flutter Mane|Shadow Ball|p1b: Orthworm\n|-damage|p1b: Orthworm|8\/100 brn\n|move|p2a: Tauros|Will-O-Wisp|p1a: Great Tusk\n|-status|p1a: Great Tusk|brn\n|move|p1a: Great Tusk|Heavy Slam|p2b: Flutter Mane\n|-supereffective|p2b: Flutter Mane\n|-damage|p2b: Flutter Mane|5\/100\n|move|p1b: Orthworm|Shed Tail|p1b: Orthworm\n|-fail|p1b: Orthworm|move: Shed Tail|[weak]\n|\n|-heal|p1b: Orthworm|15\/100 brn|[from] item: Leftovers\n|-damage|p1a: Great Tusk|43\/100 brn|[from] brn\n|-damage|p1b: Orthworm|8\/100 brn|[from] brn\n|upkeep\n|turn|6\n|inactive|Kammala has 30 seconds left.\n|\n|t:|1682120077\n|switch|p2a: Azumarill|Azumarill, L50, M|100\/100\n|move|p2b: Flutter Mane|Dazzling Gleam|p1b: Orthworm|[spread] p1a,p1b\n|-resisted|p1b: Orthworm\n|-damage|p1a: Great Tusk|0 fnt\n|-damage|p1b: Orthworm|0 fnt\n|faint|p1a: Great Tusk\n|-end|p1a: Great Tusk|Protosynthesis|[silent]\n|faint|p1b: Orthworm\n|\n|upkeep\n|\n|t:|1682120082\n|switch|p1a: Talonflame|Talonflame, L50, M|100\/100\n|switch|p1b: Flutter Mane|Flutter Mane, L50|100\/100\n|-damage|p1a: Talonflame|50\/100|[from] Stealth Rock\n|-damage|p1b: Flutter Mane|88\/100|[from] Stealth Rock\n|turn|7\n|\n|t:|1682120094\n|move|p2b: Flutter Mane|Protect|p2b: Flutter Mane\n|-singleturn|p2b: Flutter Mane|Protect\n|move|p1a: Talonflame|Quick Guard|p1a: Talonflame\n|-singleturn|p1a: Talonflame|Quick Guard\n|move|p1b: Flutter Mane|Dazzling Gleam|p2a: Azumarill|[spread] p2a\n|-activate|p2b: Flutter Mane|move: Protect\n|-damage|p2a: Azumarill|65\/100\n|move|p2a: Azumarill|Liquidation|p1a: Talonflame\n|-supereffective|p1a: Talonflame\n|-damage|p1a: Talonflame|0 fnt\n|faint|p1a: Talonflame\n|\n|upkeep\n|turn|8\n|-message|maucs forfeited.\n|\n|win|Kammala\n|raw|maucs's rating: 1203 → 1186<\/strong> (-17 for losing)\n|raw|Kammala's rating: 1318 → 1332<\/strong> (+14 for winning)\n|l|\u2606maucs\n","uploadtime":1682120109,"views":40,"p1id":"maucs","p2id":"kammala","formatid":"gen9vgc2023regulationc","rating":1186,"private":0,"password":""}