{"id":"gen9vgc2023regulationc-1848967250","p1":"Atlat","p2":"Laramoney","format":"[Gen 9] VGC 2023 Regulation C","log":"|j|\u2606Atlat\n|j|\u2606Laramoney\n|t:|1682132305\n|gametype|doubles\n|player|p1|Atlat|psychic-gen4|\n|player|p2|Laramoney|170|\n|teamsize|p1|6\n|teamsize|p2|6\n|gen|9\n|tier|[Gen 9] VGC 2023 Regulation C\n|rule|Species Clause: Limit one of each Pok\u00e9mon\n|rule|Item Clause: Limit one of each item\n|clearpoke\n|poke|p1|Abomasnow, L50, F|\n|poke|p1|Arcanine, L50, M|\n|poke|p1|Farigiraf, L50, M|\n|poke|p1|Stantler, L50, F|\n|poke|p1|Dragalge, L50, M|\n|poke|p1|Vespiquen, L50, F|\n|poke|p2|Scizor, L50, M|\n|poke|p2|Tyranitar, L50, M|\n|poke|p2|Garchomp, L50, M|\n|poke|p2|Iron Bundle, L50|\n|poke|p2|Grimmsnarl, L50, M|\n|poke|p2|Roaring Moon, L50|\n|teampreview|4\n|\n|t:|1682132332\n|start\n|switch|p1a: Stantler|Stantler, L50, F|100\/100\n|switch|p1b: Arcanine|Arcanine, L50, M|100\/100\n|switch|p2a: Tyranitar|Tyranitar, L50, M|100\/100\n|switch|p2b: Grimmsnarl|Grimmsnarl, L50, M|100\/100\n|-ability|p1b: Arcanine|Intimidate|boost\n|-unboost|p2a: Tyranitar|atk|1\n|-unboost|p2b: Grimmsnarl|atk|1\n|-ability|p1a: Stantler|Intimidate|boost\n|-unboost|p2a: Tyranitar|atk|1\n|-unboost|p2b: Grimmsnarl|atk|1\n|-weather|Sandstorm|[from] ability: Sand Stream|[of] p2a: Tyranitar\n|turn|1\n|\n|t:|1682132361\n|switch|p1a: Abomasnow|Abomasnow, L50, F, shiny|100\/100\n|-weather|Snow|[from] ability: Snow Warning|[of] p1a: Abomasnow\n|switch|p2a: Garchomp|Garchomp, L50, M|100\/100\n|move|p2b: Grimmsnarl|Reflect|p2b: Grimmsnarl\n|-sidestart|p2: Laramoney|Reflect\n|move|p1b: Arcanine|Will-O-Wisp|p2a: Garchomp\n|-status|p2a: Garchomp|brn\n|\n|-weather|Snow|[upkeep]\n|-damage|p2a: Garchomp|94\/100 brn|[from] brn\n|upkeep\n|turn|2\n|\n|t:|1682132381\n|switch|p2a: Tyranitar|Tyranitar, L50, M|100\/100\n|-weather|Sandstorm|[from] ability: Sand Stream|[of] p2a: Tyranitar\n|move|p2b: Grimmsnarl|Light Screen|p2b: Grimmsnarl\n|-sidestart|p2: Laramoney|move: Light Screen\n|move|p1b: Arcanine|Flare Blitz|p2b: Grimmsnarl\n|-damage|p2b: Grimmsnarl|67\/100\n|-damage|p1b: Arcanine|89\/100|[from] Recoil\n|move|p1a: Abomasnow|Aurora Veil||[still]\n|-fail|p1a: Abomasnow\n|\n|-weather|Sandstorm|[upkeep]\n|-damage|p1b: Arcanine|83\/100|[from] Sandstorm\n|-damage|p2b: Grimmsnarl|61\/100|[from] Sandstorm\n|-damage|p1a: Abomasnow|94\/100|[from] Sandstorm\n|upkeep\n|turn|3\n|\n|t:|1682132414\n|switch|p1a: Stantler|Stantler, L50, F|100\/100\n|-ability|p1a: Stantler|Intimidate|boost\n|-unboost|p2a: Tyranitar|atk|1\n|-unboost|p2b: Grimmsnarl|atk|1\n|move|p2a: Tyranitar|Protect|p2a: Tyranitar\n|-singleturn|p2a: Tyranitar|Protect\n|move|p2b: Grimmsnarl|Thunder Wave|p1b: Arcanine\n|-status|p1b: Arcanine|par\n|cant|p1b: Arcanine|par\n|\n|-weather|Sandstorm|[upkeep]\n|-damage|p1a: Stantler|94\/100|[from] Sandstorm\n|-damage|p2b: Grimmsnarl|55\/100|[from] Sandstorm\n|-damage|p1b: Arcanine|77\/100 par|[from] Sandstorm\n|upkeep\n|turn|4\n|\n|t:|1682132434\n|switch|p2a: Garchomp|Garchomp, L50, M|94\/100 brn\n|switch|p1b: Abomasnow|Abomasnow, L50, F, shiny|94\/100\n|-weather|Snow|[from] ability: Snow Warning|[of] p1b: Abomasnow\n|move|p2b: Grimmsnarl|Thunder Wave|p1a: Stantler\n|-status|p1a: Stantler|par\n|move|p1a: Stantler|Trick Room|p1a: Stantler\n|-fieldstart|move: Trick Room|[of] p1a: Stantler\n|\n|-weather|Snow|[upkeep]\n|-damage|p2a: Garchomp|88\/100 brn|[from] brn\n|upkeep\n|turn|5\n|\n|t:|1682132465\n|switch|p2a: Tyranitar|Tyranitar, L50, M|100\/100\n|-weather|Sandstorm|[from] ability: Sand Stream|[of] p2a: Tyranitar\n|move|p2b: Grimmsnarl|Thunder Wave|p1b: Abomasnow\n|-status|p1b: Abomasnow|par\n|cant|p1b: Abomasnow|par\n|move|p1a: Stantler|Skill Swap|p1b: Abomasnow\n|-activate|p1a: Stantler|move: Skill Swap|||[of] p1b: Abomasnow\n|-weather|Snow|[from] ability: Snow Warning|[of] p1a: Stantler\n|-ability|p1b: Abomasnow|Intimidate|boost\n|-unboost|p2a: Tyranitar|atk|1\n|-unboost|p2b: Grimmsnarl|atk|1\n|\n|-weather|Snow|[upkeep]\n|upkeep\n|turn|6\n|\n|t:|1682132497\n|switch|p2a: Garchomp|Garchomp, L50, M|88\/100 brn\n|cant|p1b: Abomasnow|par\n|move|p1a: Stantler|Skill Swap|p1b: Abomasnow\n|-activate|p1a: Stantler|move: Skill Swap|||[of] p1b: Abomasnow\n|-ability|p1a: Stantler|Intimidate|boost\n|-unboost|p2a: Garchomp|atk|1\n|-unboost|p2b: Grimmsnarl|atk|1\n|move|p2b: Grimmsnarl|Spirit Break|p1b: Abomasnow\n|-damage|p1b: Abomasnow|88\/100 par\n|-unboost|p1b: Abomasnow|spa|1\n|\n|-weather|Snow|[upkeep]\n|-damage|p2a: Garchomp|82\/100 brn|[from] brn\n|upkeep\n|turn|7\n|\n|t:|1682132529\n|switch|p1b: Arcanine|Arcanine, L50, M|77\/100 par\n|-ability|p1b: Arcanine|Intimidate|boost\n|-unboost|p2a: Garchomp|atk|1\n|-unboost|p2b: Grimmsnarl|atk|1\n|-enditem|p1b: Arcanine|Room Service\n|-unboost|p1b: Arcanine|spe|1|[from] item: Room Service\n|switch|p2a: Tyranitar|Tyranitar, L50, M|100\/100\n|-weather|Sandstorm|[from] ability: Sand Stream|[of] p2a: Tyranitar\n|cant|p1a: Stantler|par\n|move|p2b: Grimmsnarl|Spirit Break|p1b: Arcanine\n|-resisted|p1b: Arcanine\n|-damage|p1b: Arcanine|73\/100 par\n|-unboost|p1b: Arcanine|spa|1\n|\n|-weather|Sandstorm|[upkeep]\n|-damage|p1b: Arcanine|67\/100 par|[from] Sandstorm\n|-damage|p1a: Stantler|88\/100 par|[from] Sandstorm\n|-damage|p2b: Grimmsnarl|50\/100|[from] Sandstorm\n|upkeep\n|turn|8\n|j| soleilfe\n|\n|t:|1682132583\n|switch|p1a: Abomasnow|Abomasnow, L50, F, shiny|88\/100 par\n|-weather|Snow|[from] ability: Snow Warning|[of] p1a: Abomasnow\n|switch|p2b: Garchomp|Garchomp, L50, M|82\/100 brn\n|switch|p2a: Iron Bundle|Iron Bundle, L50|100\/100\n|move|p1b: Arcanine|Flare Blitz|p2b: Garchomp|[miss]\n|-miss|p1b: Arcanine|p2b: Garchomp\n|\n|-weather|Snow|[upkeep]\n|-damage|p2b: Garchomp|76\/100 brn|[from] brn\n|-sideend|p2: Laramoney|Reflect\n|-fieldend|move: Trick Room\n|upkeep\n|turn|9\n|\n|t:|1682132621\n|-end|p2a: Iron Bundle|Quark Drive|[silent]\n|switch|p2a: Tyranitar|Tyranitar, L50, M|100\/100\n|-weather|Sandstorm|[from] ability: Sand Stream|[of] p2a: Tyranitar\n|-terastallize|p1b: Arcanine|Grass\n|cant|p1b: Arcanine|par\n|move|p2b: Garchomp|Swords Dance|p2b: Garchomp\n|-boost|p2b: Garchomp|atk|2\n|move|p1a: Abomasnow|Energy Ball|p2a: Tyranitar\n|-supereffective|p2a: Tyranitar\n|-damage|p2a: Tyranitar|73\/100\n|-enditem|p2a: Tyranitar|Weakness Policy\n|-boost|p2a: Tyranitar|atk|2|[from] item: Weakness Policy\n|-boost|p2a: Tyranitar|spa|2|[from] item: Weakness Policy\n|\n|-weather|Sandstorm|[upkeep]\n|-damage|p1b: Arcanine|62\/100 par|[from] Sandstorm\n|-damage|p1a: Abomasnow|82\/100 par|[from] Sandstorm\n|-damage|p2b: Garchomp|70\/100 brn|[from] brn\n|-sideend|p2: Laramoney|move: Light Screen\n|upkeep\n|turn|10\n|\n|t:|1682132652\n|move|p2b: Garchomp|Swords Dance|p2b: Garchomp\n|-boost|p2b: Garchomp|atk|2\n|move|p2a: Tyranitar|Dragon Dance|p2a: Tyranitar\n|-boost|p2a: Tyranitar|atk|1\n|-boost|p2a: Tyranitar|spe|1\n|cant|p1b: Arcanine|par\n|move|p1a: Abomasnow|Blizzard|p2a: Tyranitar|[spread] p2a,p2b\n|-supereffective|p2b: Garchomp\n|-damage|p2a: Tyranitar|57\/100\n|-damage|p2b: Garchomp|0 fnt\n|faint|p2b: Garchomp\n|\n|-weather|Sandstorm|[upkeep]\n|-damage|p1b: Arcanine|56\/100 par|[from] Sandstorm\n|-damage|p1a: Abomasnow|76\/100 par|[from] Sandstorm\n|upkeep\n|\n|t:|1682132662\n|switch|p2b: Grimmsnarl|Grimmsnarl, L50, M|50\/100\n|turn|11\n|c|\u2606Atlat|What the actual fuck is this battle?\n|\n|t:|1682132677\n|-terastallize|p2a: Tyranitar|Steel\n|move|p2b: Grimmsnarl|Light Screen|p2b: Grimmsnarl\n|-sidestart|p2: Laramoney|move: Light Screen\n|move|p2a: Tyranitar|Rock Slide|p1b: Arcanine|[spread] p1a,p1b\n|-supereffective|p1a: Abomasnow\n|-damage|p1a: Abomasnow|0 fnt\n|-damage|p1b: Arcanine|0 fnt\n|faint|p1a: Abomasnow\n|faint|p1b: Arcanine\n|\n|-weather|Sandstorm|[upkeep]\n|-damage|p2b: Grimmsnarl|44\/100|[from] Sandstorm\n|upkeep\n|c|\u2606Laramoney|Literally \ud83d\ude05\n|l| soleilfe\n|\n|t:|1682132686\n|switch|p1b: Vespiquen|Vespiquen, L50, F, shiny|100\/100\n|switch|p1a: Stantler|Stantler, L50, F|88\/100 par\n|-ability|p1b: Vespiquen|Unnerve\n|-ability|p1a: Stantler|Intimidate|boost\n|-unboost|p2a: Tyranitar|atk|1\n|-unboost|p2b: Grimmsnarl|atk|1\n|turn|12\n|\n|t:|1682132705\n|move|p2b: Grimmsnarl|Thunder Wave|p1b: Vespiquen\n|-status|p1b: Vespiquen|par\n|move|p2a: Tyranitar|Rock Slide|p1a: Stantler|[spread] p1a,p1b\n|-supereffective|p1b: Vespiquen\n|-damage|p1a: Stantler|43\/100 par\n|-damage|p1b: Vespiquen|0 fnt\n|faint|p1b: Vespiquen\n|move|p1a: Stantler|Trick Room|p1a: Stantler\n|-fieldstart|move: Trick Room|[of] p1a: Stantler\n|\n|-weather|Sandstorm|[upkeep]\n|-damage|p1a: Stantler|37\/100 par|[from] Sandstorm\n|-damage|p2b: Grimmsnarl|38\/100|[from] Sandstorm\n|upkeep\n|turn|13\n|c|\u2606Atlat|gg\n|-message|Atlat forfeited.\n|\n|win|Laramoney\n|l|\u2606Atlat\n|c|\u2606Laramoney|Ggs\n|l|\u2606Laramoney\n|j|\u2606Laramoney\n|player|p2|Laramoney|170\n","uploadtime":1682132772,"views":30,"p1id":"atlat","p2id":"laramoney","formatid":"gen9vgc2023regulationc","rating":0,"private":0,"password":""}