{"id":"gen9vgc2023regulationc-1852921540","p1":"Magiplop","p2":"TooGoodra","format":"[Gen 9] VGC 2023 Regulation C","log":"|j|\u2606Magiplop\n|j|\u2606TooGoodra\n|t:|1682617494\n|gametype|doubles\n|player|p1|Magiplop|2|1161\n|player|p2|TooGoodra|101|1102\n|teamsize|p1|6\n|teamsize|p2|6\n|gen|9\n|tier|[Gen 9] VGC 2023 Regulation C\n|rated|\n|rule|Species Clause: Limit one of each Pok\u00e9mon\n|rule|Item Clause: Limit one of each item\n|clearpoke\n|poke|p1|Lokix, L50, M|\n|poke|p1|Palafin, L50, M|\n|poke|p1|Flutter Mane, L50|\n|poke|p1|Amoonguss, L50, F|\n|poke|p1|Arcanine, L50, F|\n|poke|p1|Tsareena, L50, F|\n|poke|p2|Gholdengo, L50|\n|poke|p2|Goodra, L50, F|\n|poke|p2|Pelipper, L50, M|\n|poke|p2|Palafin, L50, M|\n|poke|p2|Raichu, L50, F|\n|poke|p2|Wo-Chien, L50|\n|teampreview|4\n|inactive|Battle timer is ON: inactive players will automatically lose when time's up. (requested by Magiplop)\n|\n|t:|1682617516\n|start\n|switch|p1a: Palafin|Palafin, L50, M|100\/100\n|switch|p1b: Lokix|Lokix, L50, M, shiny|100\/100\n|switch|p2a: Pelipper|Pelipper, L50, M|100\/100\n|switch|p2b: Palafin|Palafin, L50, M|100\/100\n|-weather|RainDance|[from] ability: Drizzle|[of] p2a: Pelipper\n|turn|1\n|\n|t:|1682617530\n|detailschange|p2b: Palafin|Palafin-Hero, L50, M\n|switch|p2b: Gholdengo|Gholdengo, L50|100\/100\n|move|p1b: Lokix|First Impression|p2a: Pelipper\n|-resisted|p2a: Pelipper\n|-crit|p2a: Pelipper\n|-damage|p2a: Pelipper|36\/100\n|move|p1a: Palafin|Jet Punch|p2a: Pelipper\n|-resisted|p2a: Pelipper\n|-damage|p2a: Pelipper|16\/100\n|move|p2a: Pelipper|Tailwind|p2a: Pelipper\n|-sidestart|p2: TooGoodra|move: Tailwind\n|\n|-weather|RainDance|[upkeep]\n|upkeep\n|turn|2\n|\n|t:|1682617556\n|move|p1a: Palafin|Jet Punch|p2b: Gholdengo\n|-damage|p2b: Gholdengo|67\/100\n|move|p1b: Lokix|Sucker Punch||[still]\n|-fail|p1b: Lokix\n|move|p2a: Pelipper|Hurricane|p1b: Lokix\n|-supereffective|p1b: Lokix\n|-damage|p1b: Lokix|18\/100\n|move|p2b: Gholdengo|Nasty Plot|p2b: Gholdengo\n|-boost|p2b: Gholdengo|spa|2\n|\n|-weather|RainDance|[upkeep]\n|upkeep\n|turn|3\n|inactive|TooGoodra has 30 seconds left.\n|\n|t:|1682617585\n|move|p2b: Gholdengo|Protect|p2b: Gholdengo\n|-singleturn|p2b: Gholdengo|Protect\n|move|p1b: Lokix|Sucker Punch|p2a: Pelipper\n|-damage|p2a: Pelipper|0 fnt\n|faint|p2a: Pelipper\n|move|p1a: Palafin|Focus Energy|p1a: Palafin\n|-start|p1a: Palafin|move: Focus Energy\n|\n|-weather|RainDance|[upkeep]\n|upkeep\n|\n|t:|1682617595\n|switch|p2a: Wo-Chien|Wo-Chien, L50|100\/100\n|-ability|p2a: Wo-Chien|Tablets of Ruin\n|turn|4\n|\n|t:|1682617611\n|move|p1a: Palafin|Jet Punch|p2b: Gholdengo\n|-crit|p2b: Gholdengo\n|-damage|p2b: Gholdengo|27\/100\n|move|p1b: Lokix|Sucker Punch||[still]\n|-fail|p1b: Lokix\n|move|p2b: Gholdengo|Nasty Plot|p2b: Gholdengo\n|-boost|p2b: Gholdengo|spa|2\n|move|p2a: Wo-Chien|Pollen Puff|p2b: Gholdengo\n|-heal|p2b: Gholdengo|77\/100\n|\n|-weather|RainDance|[upkeep]\n|-sideend|p2: TooGoodra|move: Tailwind\n|upkeep\n|turn|5\n|\n|t:|1682617630\n|detailschange|p1a: Palafin|Palafin-Hero, L50, M\n|switch|p1a: Tsareena|Tsareena, L50, F|100\/100\n|move|p2b: Gholdengo|Protect|p2b: Gholdengo\n|-singleturn|p2b: Gholdengo|Protect\n|move|p1b: Lokix|U-turn|p2a: Wo-Chien\n|-supereffective|p2a: Wo-Chien\n|-damage|p2a: Wo-Chien|32\/100\n|\n|t:|1682617634\n|switch|p1b: Palafin|Palafin-Hero, L50, M|100\/100|[from] U-turn\n|-activate|p1b: Palafin|ability: Zero to Hero\n|move|p2a: Wo-Chien|Foul Play|p1b: Palafin\n|-crit|p1b: Palafin\n|-damage|p1b: Palafin|22\/100\n|\n|-weather|RainDance|[upkeep]\n|-heal|p2a: Wo-Chien|38\/100|[from] item: Leftovers\n|upkeep\n|turn|6\n|inactive|TooGoodra has 30 seconds left.\n|inactive|TooGoodra has 20 seconds left.\n|inactive|TooGoodra has 15 seconds left.\n|inactive|TooGoodra has 10 seconds left.\n|\n|t:|1682617682\n|-terastallize|p1b: Palafin|Water\n|move|p1a: Tsareena|Helping Hand|p1b: Palafin\n|-singleturn|p1b: Palafin|Helping Hand|[of] p1a: Tsareena\n|move|p1b: Palafin|Jet Punch|p2b: Gholdengo\n|-crit|p2b: Gholdengo\n|-damage|p2b: Gholdengo|0 fnt\n|faint|p2b: Gholdengo\n|move|p2a: Wo-Chien|Foul Play|p1b: Palafin\n|-damage|p1b: Palafin|0 fnt\n|faint|p1b: Palafin\n|\n|-weather|RainDance|[upkeep]\n|-heal|p2a: Wo-Chien|44\/100|[from] item: Leftovers\n|upkeep\n|\n|t:|1682617699\n|switch|p2b: Palafin|Palafin-Hero, L50, M|100\/100\n|switch|p1b: Sada|Flutter Mane, L50|100\/100\n|-activate|p2b: Palafin|ability: Zero to Hero\n|turn|7\n|\n|t:|1682617719\n|move|p1a: Tsareena|Helping Hand|p1b: Sada\n|-singleturn|p1b: Sada|Helping Hand|[of] p1a: Tsareena\n|move|p2b: Palafin|Protect|p2b: Palafin\n|-singleturn|p2b: Palafin|Protect\n|move|p1b: Sada|Thunderbolt|p2b: Palafin\n|-activate|p2b: Palafin|move: Protect\n|move|p2a: Wo-Chien|Leech Seed|p1b: Sada\n|-start|p1b: Sada|move: Leech Seed\n|\n|-weather|RainDance|[upkeep]\n|-heal|p2a: Wo-Chien|50\/100|[from] item: Leftovers\n|-damage|p1b: Sada|88\/100|[from] Leech Seed|[of] p2a: Wo-Chien\n|-heal|p2a: Wo-Chien|59\/100|[silent]\n|upkeep\n|turn|8\n|\n|t:|1682617742\n|move|p1a: Tsareena|Helping Hand|p1b: Sada\n|-singleturn|p1b: Sada|Helping Hand|[of] p1a: Tsareena\n|move|p2b: Palafin|Protect||[still]\n|-fail|p2b: Palafin\n|move|p1b: Sada|Thunderbolt|p2b: Palafin\n|-supereffective|p2b: Palafin\n|-damage|p2b: Palafin|0 fnt\n|faint|p2b: Palafin\n|move|p2a: Wo-Chien|Pollen Puff|p1a: Tsareena\n|-supereffective|p1a: Tsareena\n|-damage|p1a: Tsareena|52\/100\n|\n|-weather|none\n|-heal|p2a: Wo-Chien|65\/100|[from] item: Leftovers\n|-damage|p1b: Sada|76\/100|[from] Leech Seed|[of] p2a: Wo-Chien\n|-heal|p2a: Wo-Chien|73\/100|[silent]\n|upkeep\n|turn|9\n|\n|t:|1682617766\n|-end|p1b: Sada|Protosynthesis|[silent]\n|switch|p1b: Lokix|Lokix, L50, M, shiny|18\/100\n|move|p2a: Wo-Chien|Protect|p2a: Wo-Chien\n|-singleturn|p2a: Wo-Chien|Protect\n|move|p1a: Tsareena|Taunt|p2a: Wo-Chien\n|-activate|p2a: Wo-Chien|move: Protect\n|\n|-heal|p2a: Wo-Chien|80\/100|[from] item: Leftovers\n|upkeep\n|turn|10\n|\n|t:|1682617785\n|-terastallize|p2a: Wo-Chien|Fairy\n|move|p1a: Tsareena|Helping Hand|p1b: Lokix\n|-singleturn|p1b: Lokix|Helping Hand|[of] p1a: Tsareena\n|move|p1b: Lokix|First Impression|p2a: Wo-Chien\n|-resisted|p2a: Wo-Chien\n|-damage|p2a: Wo-Chien|48\/100\n|move|p2a: Wo-Chien|Pollen Puff|p1a: Tsareena\n|-supereffective|p1a: Tsareena\n|-damage|p1a: Tsareena|1\/100\n|\n|-heal|p2a: Wo-Chien|55\/100|[from] item: Leftovers\n|upkeep\n|turn|11\n|\n|t:|1682617809\n|move|p2a: Wo-Chien|Protect|p2a: Wo-Chien\n|-singleturn|p2a: Wo-Chien|Protect\n|move|p1b: Lokix|Feint|p2a: Wo-Chien\n|-activate|p2a: Wo-Chien|move: Feint\n|-damage|p2a: Wo-Chien|49\/100\n|move|p1a: Tsareena|Taunt|p2a: Wo-Chien\n|-start|p2a: Wo-Chien|move: Taunt\n|\n|-heal|p2a: Wo-Chien|56\/100|[from] item: Leftovers\n|upkeep\n|turn|12\n|\n|t:|1682617821\n|move|p1b: Lokix|Sucker Punch|p2a: Wo-Chien\n|-resisted|p2a: Wo-Chien\n|-damage|p2a: Wo-Chien|38\/100\n|move|p1a: Tsareena|Trop Kick|p2a: Wo-Chien\n|-damage|p2a: Wo-Chien|21\/100\n|-unboost|p2a: Wo-Chien|atk|1\n|move|p2a: Wo-Chien|Foul Play|p1b: Lokix\n|-resisted|p1b: Lokix\n|-damage|p1b: Lokix|0 fnt\n|faint|p1b: Lokix\n|\n|-heal|p2a: Wo-Chien|27\/100|[from] item: Leftovers\n|upkeep\n|\n|t:|1682617827\n|switch|p1b: Sada|Flutter Mane, L50|76\/100\n|turn|13\n|\n|t:|1682617838\n|move|p1a: Tsareena|Helping Hand|p1b: Sada\n|-singleturn|p1b: Sada|Helping Hand|[of] p1a: Tsareena\n|move|p1b: Sada|Moonblast|p2a: Wo-Chien\n|-damage|p2a: Wo-Chien|0 fnt\n|faint|p2a: Wo-Chien\n|\n|win|Magiplop\n|raw|Magiplop's rating: 1161 → 1182<\/strong> (+21 for winning)\n|raw|TooGoodra's rating: 1102 → 1081<\/strong> (-21 for losing)\n|l|\u2606TooGoodra\n","uploadtime":1682617848,"views":7,"p1id":"magiplop","p2id":"toogoodra","formatid":"gen9vgc2023regulationc","rating":1081,"private":0,"password":""}