{"id":"gen9vgc2023regulationc-1854075676","p1":"NaughtyGirl-chan","p2":"kiwigal","format":"[Gen 9] VGC 2023 Regulation C","log":"|j|\u2606NaughtyGirl-chan\n|j|\u2606kiwigal\n|t:|1682764775\n|gametype|doubles\n|player|p1|NaughtyGirl-chan|iono|1390\n|player|p2|kiwigal|emma|1416\n|teamsize|p1|6\n|teamsize|p2|6\n|gen|9\n|tier|[Gen 9] VGC 2023 Regulation C\n|rated|\n|rule|Species Clause: Limit one of each Pok\u00e9mon\n|rule|Item Clause: Limit one of each item\n|clearpoke\n|poke|p1|Pikachu, L50, M|\n|poke|p1|Gyarados, L50, M|\n|poke|p1|Amoonguss, L50, F|\n|poke|p1|Dragonite, L50, M|\n|poke|p1|Pelipper, L50, F|\n|poke|p1|Chien-Pao, L50|\n|poke|p2|Dragonite, L50, F|\n|poke|p2|Ting-Lu, L50|\n|poke|p2|Flutter Mane, L50|\n|poke|p2|Arcanine, L50, F|\n|poke|p2|Wo-Chien, L50|\n|poke|p2|Glimmora, L50, F|\n|teampreview|4\n|inactive|Battle timer is ON: inactive players will automatically lose when time's up. (requested by NaughtyGirl-chan)\n|c|\u2606kiwigal|gl hf\nkiwigal has agreed to open team sheets.\nNaughtyGirl-chan has agreed to open team sheets.\n|inactive|NaughtyGirl-chan has 60 seconds left.\n|inactive|kiwigal has 60 seconds left.\n|inactive|NaughtyGirl-chan has 30 seconds left.\n|inactive|kiwigal has 30 seconds left.\n|inactive|NaughtyGirl-chan has 20 seconds left.\n|inactive|NaughtyGirl-chan has 15 seconds left.\n|inactive|NaughtyGirl-chan has 10 seconds left.\n|inactive|NaughtyGirl-chan has 5 seconds left.\n|\n|t:|1682764862\n|start\n|switch|p1a: Pikachu|Pikachu, L50, M|100\/100\n|switch|p1b: Dragonite|Dragonite, L50, M|100\/100\n|switch|p2a: Ting-Lu|Ting-Lu, L50|100\/100\n|switch|p2b: Dragonite|Dragonite, L50, F|100\/100\n|-ability|p2a: Ting-Lu|Vessel of Ruin\n|turn|1\n|inactive|NaughtyGirl-chan has 30 seconds left.\n|inactive|kiwigal has 30 seconds left.\n|inactive|NaughtyGirl-chan has 20 seconds left.\n|inactive|NaughtyGirl-chan has 15 seconds left.\n|inactive|NaughtyGirl-chan has 10 seconds left.\n|\n|t:|1682764908\n|move|p1a: Pikachu|Fake Out|p2a: Ting-Lu\n|-damage|p2a: Ting-Lu|95\/100\n|move|p2b: Dragonite|Extreme Speed|p1b: Dragonite\n|-damage|p1b: Dragonite|85\/100\n|move|p1b: Dragonite|Tailwind|p1b: Dragonite\n|-sidestart|p1: NaughtyGirl-chan|move: Tailwind\n|cant|p2a: Ting-Lu|flinch\n|\n|upkeep\n|turn|2\n|inactive|NaughtyGirl-chan has 30 seconds left.\n|\n|t:|1682764939\n|move|p1a: Pikachu|Surf|p2b: Dragonite|[spread] p1b,p2a,p2b\n|-resisted|p1b: Dragonite\n|-supereffective|p2a: Ting-Lu\n|-resisted|p2b: Dragonite\n|-damage|p1b: Dragonite|77\/100\n|-damage|p2a: Ting-Lu|64\/100\n|-damage|p2b: Dragonite|96\/100\n|move|p1b: Dragonite|Rock Slide|p2b: Dragonite|[spread] p2a,p2b\n|-resisted|p2a: Ting-Lu\n|-supereffective|p2b: Dragonite\n|-damage|p2a: Ting-Lu|58\/100\n|-damage|p2b: Dragonite|55\/100\n|move|p2b: Dragonite|Stomping Tantrum|p1a: Pikachu\n|-supereffective|p1a: Pikachu\n|-damage|p1a: Pikachu|0 fnt\n|faint|p1a: Pikachu\n|move|p2a: Ting-Lu|Rock Slide|p1b: Dragonite\n|-supereffective|p1b: Dragonite\n|-damage|p1b: Dragonite|26\/100\n|\n|upkeep\n|\n|t:|1682764955\n|switch|p1a: Chien-Pao|Chien-Pao, L50|100\/100\n|-ability|p1a: Chien-Pao|Sword of Ruin\n|turn|3\n|\n|t:|1682764971\n|move|p1b: Dragonite|Protect|p1b: Dragonite\n|-singleturn|p1b: Dragonite|Protect\n|move|p2b: Dragonite|Protect|p2b: Dragonite\n|-singleturn|p2b: Dragonite|Protect\n|move|p2a: Ting-Lu|Protect|p2a: Ting-Lu\n|-singleturn|p2a: Ting-Lu|Protect\n|move|p1a: Chien-Pao|Sacred Sword|p2a: Ting-Lu\n|-activate|p2a: Ting-Lu|move: Protect\n|\n|upkeep\n|turn|4\n|\n|t:|1682764994\n|-terastallize|p2a: Ting-Lu|Water\n|move|p2b: Dragonite|Extreme Speed|p1a: Chien-Pao\n|-damage|p1a: Chien-Pao|58\/100\n|move|p1a: Chien-Pao|Ice Spinner|p2a: Ting-Lu\n|-resisted|p2a: Ting-Lu\n|-damage|p2a: Ting-Lu|40\/100\n|move|p1b: Dragonite|Rock Slide|p2a: Ting-Lu|[spread] p2a,p2b\n|-supereffective|p2b: Dragonite\n|-damage|p2a: Ting-Lu|23\/100\n|-damage|p2b: Dragonite|2\/100\n|move|p2a: Ting-Lu|Rock Slide|p1b: Dragonite|[spread] p1b\n|-miss|p2a: Ting-Lu|p1a: Chien-Pao\n|-supereffective|p1b: Dragonite\n|-damage|p1b: Dragonite|0 fnt\n|faint|p1b: Dragonite\n|\n|-sideend|p1: NaughtyGirl-chan|move: Tailwind\n|upkeep\n|\n|t:|1682765007\n|switch|p1b: Pelipper|Pelipper, L50, F|100\/100\n|-weather|RainDance|[from] ability: Drizzle|[of] p1b: Pelipper\n|turn|5\n|\n|t:|1682765031\n|-terastallize|p1a: Chien-Pao|Ghost\n|move|p2b: Dragonite|Protect|p2b: Dragonite\n|-singleturn|p2b: Dragonite|Protect\n|move|p2a: Ting-Lu|Protect|p2a: Ting-Lu\n|-singleturn|p2a: Ting-Lu|Protect\n|move|p1a: Chien-Pao|Sacred Sword|p2a: Ting-Lu\n|-activate|p2a: Ting-Lu|move: Protect\n|move|p1b: Pelipper|Hurricane|p2b: Dragonite\n|-activate|p2b: Dragonite|move: Protect\n|\n|-weather|RainDance|[upkeep]\n|upkeep\n|turn|6\n|\n|t:|1682765048\n|move|p2b: Dragonite|Extreme Speed|p1b: Pelipper\n|-damage|p1b: Pelipper|67\/100\n|move|p1a: Chien-Pao|Ice Spinner|p2b: Dragonite\n|-supereffective|p2b: Dragonite\n|-crit|p2b: Dragonite\n|-damage|p2b: Dragonite|0 fnt\n|faint|p2b: Dragonite\n|move|p1b: Pelipper|Hurricane|p2a: Ting-Lu\n|-damage|p2a: Ting-Lu|3\/100\n|move|p2a: Ting-Lu|Rock Slide|p1b: Pelipper|[spread] p1a,p1b\n|-supereffective|p1b: Pelipper\n|-damage|p1a: Chien-Pao|32\/100\n|-damage|p1b: Pelipper|23\/100\n|-enditem|p1b: Pelipper|Sitrus Berry|[eat]\n|-heal|p1b: Pelipper|47\/100|[from] item: Sitrus Berry\n|\n|-weather|RainDance|[upkeep]\n|upkeep\n|\n|t:|1682765066\n|switch|p2b: Flutter Mane|Flutter Mane, L50|100\/100\n|turn|7\n|inactive|NaughtyGirl-chan has 30 seconds left.\n|\n|t:|1682765101\n|switch|p2a: Wo-Chien|Wo-Chien, L50|100\/100\n|-ability|p2a: Wo-Chien|Tablets of Ruin\n|move|p2b: Flutter Mane|Shadow Ball|p1a: Chien-Pao\n|-supereffective|p1a: Chien-Pao\n|-damage|p1a: Chien-Pao|0 fnt\n|faint|p1a: Chien-Pao\n|move|p1b: Pelipper|Hurricane|p2b: Flutter Mane\n|-damage|p2b: Flutter Mane|61\/100\n|\n|-weather|RainDance|[upkeep]\n|upkeep\n|turn|8\n|c|\u2606kiwigal|gg\n|-message|NaughtyGirl-chan forfeited.\n|\n|win|kiwigal\n|raw|NaughtyGirl-chan's rating: 1390 → 1371<\/strong> (-19 for losing)\n|raw|kiwigal's rating: 1416 → 1435<\/strong> (+19 for winning)\n|l|\u2606NaughtyGirl-chan\n","uploadtime":1682765456,"views":16,"p1id":"naughtygirlchan","p2id":"kiwigal","formatid":"gen9vgc2023regulationc","rating":1371,"private":0,"password":""}