{"id":"gen9vgc2023regulationc-1847727063","p1":"chickeneggduckeggs","p2":"PixelMaster98146","format":"[Gen 9] VGC 2023 Regulation C","log":"|j|\u2606chickeneggduckeggs\n|j|\u2606PixelMaster98146\n|t:|1681996663\n|gametype|doubles\n|player|p1|chickeneggduckeggs|marley|1285\n|player|p2|PixelMaster98146|palmer|1364\n|teamsize|p1|6\n|teamsize|p2|6\n|gen|9\n|tier|[Gen 9] VGC 2023 Regulation C\n|rated|\n|rule|Species Clause: Limit one of each Pok\u00e9mon\n|rule|Item Clause: Limit one of each item\n|clearpoke\n|poke|p1|Chi-Yu, L50|\n|poke|p1|Hydreigon, L50, F|\n|poke|p1|Scizor, L50, F|\n|poke|p1|Flutter Mane, L50|\n|poke|p1|Rotom-Wash, L50|\n|poke|p1|Garchomp, L50, F|\n|poke|p2|Ting-Lu, L50|\n|poke|p2|Amoonguss, L50, M|\n|poke|p2|Palafin, L50, F|\n|poke|p2|Arcanine, L50, F|\n|poke|p2|Flutter Mane, L50|\n|poke|p2|Baxcalibur, L50, M|\n|teampreview|4\nPixelMaster98146 has agreed to open team sheets.\n|\n|t:|1681996707\n|start\n|switch|p1a: Chi-Yu|Chi-Yu, L50|100\/100\n|switch|p1b: Flutter Mane|Flutter Mane, L50|100\/100\n|switch|p2a: Bowlhead|Ting-Lu, L50|100\/100\n|switch|p2b: Baxcalibur|Baxcalibur, L50, M|100\/100\n|-ability|p1a: Chi-Yu|Beads of Ruin\n|-ability|p2a: Bowlhead|Vessel of Ruin\n|turn|1\n|\n|t:|1681996737\n|-terastallize|p2a: Bowlhead|Poison\n|move|p2b: Baxcalibur|Protect|p2b: Baxcalibur\n|-singleturn|p2b: Baxcalibur|Protect\n|move|p1b: Flutter Mane|Shadow Ball|p2b: Baxcalibur\n|-activate|p2b: Baxcalibur|move: Protect\n|move|p1a: Chi-Yu|Dark Pulse|p2b: Baxcalibur\n|-activate|p2b: Baxcalibur|move: Protect\n|move|p2a: Bowlhead|Rock Slide|p1a: Chi-Yu|[spread] p1a,p1b\n|-supereffective|p1a: Chi-Yu\n|-damage|p1a: Chi-Yu|39\/100\n|-damage|p1b: Flutter Mane|56\/100\n|\n|upkeep\n|turn|2\n|\n|t:|1681996775\n|move|p2b: Baxcalibur|Protect||[still]\n|-fail|p2b: Baxcalibur\n|move|p1b: Flutter Mane|Moonblast|p2b: Baxcalibur\n|-supereffective|p2b: Baxcalibur\n|-damage|p2b: Baxcalibur|0 fnt\n|faint|p2b: Baxcalibur\n|move|p1a: Chi-Yu|Heat Wave|p2a: Bowlhead\n|-damage|p2a: Bowlhead|71\/100\n|-damage|p1a: Chi-Yu|30\/100|[from] item: Life Orb\n|move|p2a: Bowlhead|Rock Slide|p1a: Chi-Yu|[spread] p1a\n|-miss|p2a: Bowlhead|p1b: Flutter Mane\n|-supereffective|p1a: Chi-Yu\n|-damage|p1a: Chi-Yu|0 fnt\n|faint|p1a: Chi-Yu\n|\n|upkeep\n|\n|t:|1681996794\n|switch|p1a: Scizor|Scizor, L50, F|100\/100\n|switch|p2b: Incincanine|Arcanine, L50, F|100\/100\n|-ability|p2b: Incincanine|Intimidate|boost\n|-unboost|p1a: Scizor|atk|1\n|-unboost|p1b: Flutter Mane|atk|1\n|turn|3\n|\n|t:|1681996813\n|switch|p1a: Rotom|Rotom-Wash, L50|100\/100\n|move|p1b: Flutter Mane|Shadow Ball|p2b: Incincanine\n|-damage|p2b: Incincanine|70\/100\n|move|p2b: Incincanine|Flare Blitz|p1a: Rotom\n|-resisted|p1a: Rotom\n|-damage|p1a: Rotom|79\/100\n|-status|p1a: Rotom|brn\n|-damage|p2b: Incincanine|64\/100|[from] Recoil\n|move|p2a: Bowlhead|Heavy Slam|p1b: Flutter Mane\n|-supereffective|p1b: Flutter Mane\n|-damage|p1b: Flutter Mane|0 fnt\n|faint|p1b: Flutter Mane\n|-end|p1b: Flutter Mane|Protosynthesis|[silent]\n|\n|-heal|p1a: Rotom|84\/100 brn|[from] item: Leftovers\n|-damage|p1a: Rotom|79\/100 brn|[from] brn\n|upkeep\n|\n|t:|1681996829\n|switch|p1b: Scizor|Scizor, L50, F|100\/100\n|turn|4\n|\n|t:|1681996866\n|-terastallize|p1b: Scizor|Water\n|move|p1b: Scizor|Bullet Punch|p2a: Bowlhead\n|-damage|p2a: Bowlhead|42\/100\n|move|p2b: Incincanine|Will-O-Wisp|p1b: Scizor\n|-status|p1b: Scizor|brn\n|move|p1a: Rotom|Hydro Pump|p2b: Incincanine\n|-supereffective|p2b: Incincanine\n|-damage|p2b: Incincanine|3\/100\n|move|p2a: Bowlhead|Stomping Tantrum|p1b: Scizor\n|-damage|p1b: Scizor|64\/100 brn\n|\n|-heal|p1a: Rotom|84\/100 brn|[from] item: Leftovers\n|-damage|p1a: Rotom|79\/100 brn|[from] brn\n|-damage|p1b: Scizor|58\/100 brn|[from] brn\n|upkeep\n|turn|5\n|\n|t:|1681996889\n|move|p2b: Incincanine|Protect|p2b: Incincanine\n|-singleturn|p2b: Incincanine|Protect\n|move|p1b: Scizor|Bullet Punch|p2b: Incincanine\n|-activate|p2b: Incincanine|move: Protect\n|move|p1a: Rotom|Hydro Pump|p2a: Bowlhead\n|-damage|p2a: Bowlhead|28\/100\n|move|p2a: Bowlhead|Ruination|p1b: Scizor\n|-damage|p1b: Scizor|29\/100 brn\n|\n|-heal|p1a: Rotom|84\/100 brn|[from] item: Leftovers\n|-damage|p1a: Rotom|79\/100 brn|[from] brn\n|-damage|p1b: Scizor|23\/100 brn|[from] brn\n|upkeep\n|turn|6\n|\n|t:|1681996913\n|move|p2b: Incincanine|Protect|p2b: Incincanine\n|-singleturn|p2b: Incincanine|Protect\n|move|p1b: Scizor|Bullet Punch|p2b: Incincanine\n|-activate|p2b: Incincanine|move: Protect\n|move|p1a: Rotom|Hydro Pump|p2a: Bowlhead|[miss]\n|-miss|p1a: Rotom|p2a: Bowlhead\n|move|p2a: Bowlhead|Rock Slide|p1b: Scizor|[spread] p1a,p1b\n|-damage|p1a: Rotom|62\/100 brn\n|-damage|p1b: Scizor|5\/100 brn\n|\n|-heal|p1a: Rotom|68\/100 brn|[from] item: Leftovers\n|-damage|p1a: Rotom|62\/100 brn|[from] brn\n|-damage|p1b: Scizor|0 fnt|[from] brn\n|faint|p1b: Scizor\n|upkeep\n|turn|7\n|\n|t:|1681996938\n|move|p2b: Incincanine|Flare Blitz|p1a: Rotom\n|-resisted|p1a: Rotom\n|-damage|p1a: Rotom|39\/100 brn\n|-damage|p2b: Incincanine|0 fnt|[from] Recoil\n|faint|p2b: Incincanine\n|move|p1a: Rotom|Will-O-Wisp|p2a: Bowlhead|[miss]\n|-miss|p1a: Rotom|p2a: Bowlhead\n|move|p2a: Bowlhead|Ruination|p1a: Rotom\n|-damage|p1a: Rotom|20\/100 brn\n|\n|-heal|p1a: Rotom|25\/100 brn|[from] item: Leftovers\n|-damage|p1a: Rotom|20\/100 brn|[from] brn\n|upkeep\n|\n|t:|1681996950\n|switch|p2b: Mischief|Flutter Mane, L50|100\/100\n|turn|8\n|\n|t:|1681996962\n|move|p2b: Mischief|Moonblast|p1a: Rotom\n|-damage|p1a: Rotom|0 fnt\n|faint|p1a: Rotom\n|\n|win|PixelMaster98146\n|raw|chickeneggduckeggs's rating: 1285 → 1266<\/strong> (-19 for losing)\n|raw|PixelMaster98146's rating: 1364 → 1380<\/strong> (+16 for winning)\n|l|\u2606chickeneggduckeggs\n","uploadtime":1681996978,"views":7,"p1id":"chickeneggduckeggs","p2id":"pixelmaster98146","formatid":"gen9vgc2023regulationc","rating":1266,"private":0,"password":""}