{"id":"gen9vgc2023regulationc-1845514856","p1":"MorangoTango","p2":"KinimaP","format":"[Gen 9] VGC 2023 Regulation C","log":"|j|\u2606MorangoTango\n|j|\u2606KinimaP\n|t:|1681741122\n|gametype|doubles\n|player|p1|MorangoTango|101|1373\n|player|p2|KinimaP|cameraman|1494\n|teamsize|p1|6\n|teamsize|p2|6\n|gen|9\n|tier|[Gen 9] VGC 2023 Regulation C\n|rated|\n|rule|Species Clause: Limit one of each Pok\u00e9mon\n|rule|Item Clause: Limit one of each item\n|clearpoke\n|poke|p1|Flutter Mane, L50|\n|poke|p1|Arcanine, L50, M|\n|poke|p1|Amoonguss, L50, M|\n|poke|p1|Ting-Lu, L50|\n|poke|p1|Baxcalibur, L50, M|\n|poke|p1|Palafin, L50, M|\n|poke|p2|Ting-Lu, L50|\n|poke|p2|Chien-Pao, L50|\n|poke|p2|Dragonite, L50, M|\n|poke|p2|Annihilape, L50, M|\n|poke|p2|Flutter Mane, L50|\n|poke|p2|Amoonguss, L50, M|\n|teampreview|4\nMorangoTango has agreed to open team sheets.\n|\n|t:|1681741148\n|start\n|switch|p1a: Baxcalibur|Baxcalibur, L50, M|100\/100\n|switch|p1b: Flutter Mane|Flutter Mane, L50|100\/100\n|switch|p2a: Ting-Lu|Ting-Lu, L50|100\/100\n|switch|p2b: Flutter Mane|Flutter Mane, L50|100\/100\n|-ability|p2a: Ting-Lu|Vessel of Ruin\n|-enditem|p2b: Flutter Mane|Booster Energy\n|-activate|p2b: Flutter Mane|ability: Protosynthesis|[fromitem]\n|-start|p2b: Flutter Mane|protosynthesisspe\n|turn|1\n|inactive|Battle timer is ON: inactive players will automatically lose when time's up. (requested by MorangoTango)\n|\n|t:|1681741174\n|-end|p1b: Flutter Mane|Protosynthesis|[silent]\n|switch|p1b: Arcanine|Arcanine, L50, M|100\/100\n|-ability|p1b: Arcanine|Intimidate|boost\n|-unboost|p2a: Ting-Lu|atk|1\n|-unboost|p2b: Flutter Mane|atk|1\n|-terastallize|p1a: Baxcalibur|Poison\n|-terastallize|p2a: Ting-Lu|Water\n|move|p2b: Flutter Mane|Protect|p2b: Flutter Mane\n|-singleturn|p2b: Flutter Mane|Protect\n|move|p1a: Baxcalibur|Icicle Crash|p2b: Flutter Mane\n|-activate|p2b: Flutter Mane|move: Protect\n|move|p2a: Ting-Lu|Earthquake|p1a: Baxcalibur|[spread] p1a,p1b\n|-activate|p2b: Flutter Mane|move: Protect\n|-supereffective|p1a: Baxcalibur\n|-supereffective|p1b: Arcanine\n|-damage|p1a: Baxcalibur|57\/100\n|-damage|p1b: Arcanine|48\/100\n|\n|upkeep\n|turn|2\n|inactive|MorangoTango has 30 seconds left.\n|inactive|KinimaP has 30 seconds left.\n|\n|t:|1681741204\n|-end|p2b: Flutter Mane|Protosynthesis|[silent]\n|switch|p2b: Annihilape|Annihilape, L50, M|100\/100\n|move|p1b: Arcanine|Will-O-Wisp|p2a: Ting-Lu\n|-status|p2a: Ting-Lu|brn\n|move|p1a: Baxcalibur|Icicle Crash|p2b: Annihilape\n|-damage|p2b: Annihilape|49\/100\n|move|p2a: Ting-Lu|Earthquake|p1b: Arcanine|[spread] p2b,p1a,p1b\n|-supereffective|p1a: Baxcalibur\n|-supereffective|p1b: Arcanine\n|-damage|p2b: Annihilape|37\/100\n|-damage|p1a: Baxcalibur|35\/100\n|-damage|p1b: Arcanine|22\/100\n|\n|-heal|p2b: Annihilape|43\/100|[from] item: Leftovers\n|-damage|p2a: Ting-Lu|94\/100 brn|[from] brn\n|upkeep\n|turn|3\n|\n|t:|1681741226\n|switch|p1b: Palafin|Palafin, L50, M|100\/100\n|move|p1a: Baxcalibur|Protect|p1a: Baxcalibur\n|-singleturn|p1a: Baxcalibur|Protect\n|move|p2b: Annihilape|Protect|p2b: Annihilape\n|-singleturn|p2b: Annihilape|Protect\n|move|p2a: Ting-Lu|Earthquake|p1a: Baxcalibur|[spread] p1b\n|-activate|p2b: Annihilape|move: Protect\n|-activate|p1a: Baxcalibur|move: Protect\n|-damage|p1b: Palafin|86\/100\n|\n|-heal|p2b: Annihilape|49\/100|[from] item: Leftovers\n|-damage|p2a: Ting-Lu|88\/100 brn|[from] brn\n|upkeep\n|turn|4\n|\n|t:|1681741250\n|detailschange|p1b: Palafin|Palafin-Hero, L50, M\n|switch|p1b: Flutter Mane|Flutter Mane, L50|100\/100\n|move|p1a: Baxcalibur|Icicle Crash|p2b: Annihilape\n|-damage|p2b: Annihilape|0 fnt\n|faint|p2b: Annihilape\n|move|p2a: Ting-Lu|Stomping Tantrum|p1a: Baxcalibur\n|-supereffective|p1a: Baxcalibur\n|-damage|p1a: Baxcalibur|13\/100\n|\n|-damage|p2a: Ting-Lu|82\/100 brn|[from] brn\n|upkeep\n|\n|t:|1681741262\n|switch|p2b: Flutter Mane|Flutter Mane, L50|100\/100\n|turn|5\n|\n|t:|1681741275\n|move|p2b: Flutter Mane|Protect|p2b: Flutter Mane\n|-singleturn|p2b: Flutter Mane|Protect\n|move|p1b: Flutter Mane|Thunderbolt|p2a: Ting-Lu\n|-supereffective|p2a: Ting-Lu\n|-damage|p2a: Ting-Lu|43\/100 brn\n|move|p1a: Baxcalibur|Glaive Rush|p2a: Ting-Lu\n|-damage|p2a: Ting-Lu|0 fnt\n|-singlemove|p1a: Baxcalibur|Glaive Rush|[silent]\n|faint|p2a: Ting-Lu\n|\n|upkeep\n|\n|t:|1681741286\n|switch|p2a: Amoonguss|Amoonguss, L50, M|100\/100\n|turn|6\n|\n|t:|1681741301\n|-end|p1b: Flutter Mane|Protosynthesis|[silent]\n|switch|p1b: Arcanine|Arcanine, L50, M|22\/100\n|-ability|p1b: Arcanine|Intimidate|boost\n|-unboost|p2a: Amoonguss|atk|1\n|-unboost|p2b: Flutter Mane|atk|1\n|move|p2a: Amoonguss|Rage Powder|p2a: Amoonguss\n|-singleturn|p2a: Amoonguss|move: Rage Powder\n|move|p1a: Baxcalibur|Ice Shard|p2a: Amoonguss\n|-supereffective|p2a: Amoonguss\n|-damage|p2a: Amoonguss|60\/100\n|move|p2b: Flutter Mane|Shadow Ball|p1b: Arcanine\n|-damage|p1b: Arcanine|0 fnt\n|faint|p1b: Arcanine\n|\n|upkeep\n|\n|t:|1681741318\n|switch|p1b: Flutter Mane|Flutter Mane, L50|100\/100\n|turn|7\n|\n|t:|1681741334\n|move|p1b: Flutter Mane|Shadow Ball|p2b: Flutter Mane\n|-supereffective|p2b: Flutter Mane\n|-damage|p2b: Flutter Mane|0 fnt\n|faint|p2b: Flutter Mane\n|-end|p2b: Flutter Mane|Protosynthesis|[silent]\n|move|p1a: Baxcalibur|Icicle Crash|p2a: Amoonguss\n|-supereffective|p2a: Amoonguss\n|-damage|p2a: Amoonguss|0 fnt\n|faint|p2a: Amoonguss\n|\n|win|MorangoTango\n|raw|MorangoTango's rating: 1373 → 1400<\/strong> (+27 for winning)\n|raw|KinimaP's rating: 1494 → 1467<\/strong> (-27 for losing)\n|c|\u2606MorangoTango|Gg\n|c|\u2606KinimaP|Gg\n|l|\u2606MorangoTango\n","uploadtime":1681741363,"views":9,"p1id":"morangotango","p2id":"kinimap","formatid":"gen9vgc2023regulationc","rating":1400,"private":0,"password":""}