{"id":"gen9vgc2023regulationc-1854532673","p1":"Icefanngs","p2":"MAJOLION","format":"[Gen 9] VGC 2023 Regulation C","log":"|j|\u2606Icefanngs\n|j|\u2606MAJOLION\n|t:|1682823238\n|gametype|doubles\n|player|p1|Icefanngs|265|1011\n|player|p2|MAJOLION|102|1028\n|teamsize|p1|6\n|teamsize|p2|6\n|gen|9\n|tier|[Gen 9] VGC 2023 Regulation C\n|rated|\n|rule|Species Clause: Limit one of each Pok\u00e9mon\n|rule|Item Clause: Limit one of each item\n|clearpoke\n|poke|p1|Vaporeon, L50, F|\n|poke|p1|Jolteon, L50, M|\n|poke|p1|Leafeon, L50, F|\n|poke|p1|Umbreon, L50, M|\n|poke|p1|Espeon, L50, F|\n|poke|p1|Sylveon, L50, F|\n|poke|p2|Palafin, L50, F|\n|poke|p2|Amoonguss, L50, F|\n|poke|p2|Arcanine, L50, M|\n|poke|p2|Flutter Mane, L50|\n|poke|p2|Ting-Lu, L50|\n|poke|p2|Torkoal, L50, M|\n|teampreview|4\n|inactive|Battle timer is ON: inactive players will automatically lose when time's up. (requested by MAJOLION)\n|inactive|Icefanngs has 60 seconds left.\n|\n|t:|1682823291\n|start\n|switch|p1a: Aqua|Vaporeon, L50, F|100\/100\n|switch|p1b: Speed|Jolteon, L50, M|100\/100\n|switch|p2a: Ting-Lu|Ting-Lu, L50|100\/100\n|switch|p2b: Amoonguss|Amoonguss, L50, F|100\/100\n|-ability|p2a: Ting-Lu|Vessel of Ruin\n|turn|1\n|inactive|MAJOLION has 30 seconds left.\n|inactive|MAJOLION has 20 seconds left.\n|\n|t:|1682823331\n|move|p1b: Speed|Protect|p1b: Speed\n|-singleturn|p1b: Speed|Protect\n|move|p2b: Amoonguss|Rage Powder|p2b: Amoonguss\n|-singleturn|p2b: Amoonguss|move: Rage Powder\n|move|p2a: Ting-Lu|Fissure|p1b: Speed\n|-activate|p1b: Speed|move: Protect\n|move|p1a: Aqua|Icy Wind|p2b: Amoonguss|[spread] p2a,p2b\n|-supereffective|p2a: Ting-Lu\n|-supereffective|p2b: Amoonguss\n|-damage|p2a: Ting-Lu|87\/100\n|-damage|p2b: Amoonguss|81\/100\n|-unboost|p2a: Ting-Lu|spe|1\n|-unboost|p2b: Amoonguss|spe|1\n|\n|upkeep\n|turn|2\n|\n|t:|1682823354\n|switch|p1b: Dawn|Espeon, L50, F|100\/100\n|move|p1a: Aqua|Muddy Water|p2a: Ting-Lu|[spread] p2a,p2b\n|-supereffective|p2a: Ting-Lu\n|-resisted|p2b: Amoonguss\n|-damage|p2a: Ting-Lu|55\/100\n|-damage|p2b: Amoonguss|68\/100\n|-unboost|p2a: Ting-Lu|accuracy|1\n|move|p2a: Ting-Lu|Earthquake|p1b: Dawn|[spread] p2b,p1b\n|-miss|p2a: Ting-Lu|p1a: Aqua\n|-damage|p2b: Amoonguss|32\/100\n|-damage|p1b: Dawn|36\/100\n|-enditem|p2b: Amoonguss|Sitrus Berry|[eat]\n|-heal|p2b: Amoonguss|57\/100|[from] item: Sitrus Berry\n|move|p2b: Amoonguss|Sludge Bomb|p1b: Dawn\n|-crit|p1b: Dawn\n|-damage|p1b: Dawn|0 fnt\n|faint|p1b: Dawn\n|\n|upkeep\n|\n|t:|1682823371\n|switch|p1b: Blade|Leafeon, L50, F|100\/100\n|turn|3\n|\n|t:|1682823385\n|-terastallize|p2a: Ting-Lu|Flying\n|move|p1b: Blade|X-Scissor|p2b: Amoonguss\n|-damage|p2b: Amoonguss|20\/100\n|-damage|p1b: Blade|90\/100|[from] item: Life Orb\n|move|p1a: Aqua|Icy Wind|p2b: Amoonguss|[spread] p2a,p2b\n|-supereffective|p2a: Ting-Lu\n|-supereffective|p2b: Amoonguss\n|-damage|p2a: Ting-Lu|43\/100\n|-damage|p2b: Amoonguss|0 fnt\n|-unboost|p2a: Ting-Lu|spe|1\n|faint|p2b: Amoonguss\n|move|p2a: Ting-Lu|Fissure|p1b: Blade|[miss]\n|-miss|p2a: Ting-Lu|p1b: Blade\n|\n|upkeep\n|\n|t:|1682823401\n|switch|p2b: Arcanine|Arcanine, L50, M|100\/100\n|-ability|p2b: Arcanine|Intimidate|boost\n|-unboost|p1a: Aqua|atk|1\n|-unboost|p1b: Blade|atk|1\n|turn|4\n|\n|t:|1682823420\n|-terastallize|p1b: Blade|Water\n|move|p2b: Arcanine|Heat Wave|p1a: Aqua|[spread] p1a,p1b\n|-resisted|p1a: Aqua\n|-resisted|p1b: Blade\n|-crit|p1b: Blade\n|-damage|p1a: Aqua|88\/100\n|-damage|p1b: Blade|40\/100\n|move|p1b: Blade|Tera Blast|p2a: Ting-Lu\n|-damage|p2a: Ting-Lu|22\/100\n|-damage|p1b: Blade|30\/100|[from] item: Life Orb\n|move|p1a: Aqua|Muddy Water|p2a: Ting-Lu|[spread] p2a,p2b\n|-supereffective|p2b: Arcanine\n|-damage|p2a: Ting-Lu|7\/100\n|-damage|p2b: Arcanine|28\/100\n|move|p2a: Ting-Lu|Stomping Tantrum|p1b: Blade\n|-damage|p1b: Blade|0 fnt\n|faint|p1b: Blade\n|\n|upkeep\n|\n|t:|1682823435\n|switch|p1b: Speed|Jolteon, L50, M|100\/100\n|turn|5\n|\n|t:|1682823442\n|move|p1a: Aqua|Protect|p1a: Aqua\n|-singleturn|p1a: Aqua|Protect\n|move|p1b: Speed|Discharge|p2a: Ting-Lu|[spread] p2a,p2b\n|-activate|p1a: Aqua|move: Protect\n|-supereffective|p2a: Ting-Lu\n|-damage|p2a: Ting-Lu|0 fnt\n|-damage|p2b: Arcanine|0 fnt\n|faint|p2a: Ting-Lu\n|faint|p2b: Arcanine\n|\n|upkeep\n|\n|t:|1682823449\n|switch|p2b: Torkoal|Torkoal, L50, M|100\/100\n|-weather|SunnyDay|[from] ability: Drought|[of] p2b: Torkoal\n|turn|6\n|-message|MAJOLION forfeited.\n|\n|win|Icefanngs\n|raw|Icefanngs's rating: 1011 → 1051<\/strong> (+40 for winning)\n|raw|MAJOLION's rating: 1028 → 1013<\/strong> (-15 for losing)\n|l|\u2606MAJOLION\n|c|\u2606Icefanngs|Gg\n","uploadtime":1682823469,"views":9,"p1id":"icefanngs","p2id":"majolion","formatid":"gen9vgc2023regulationc","rating":1013,"private":0,"password":""}