{"id":"gen9vgc2023regulationc-1848822487","p1":"CheesyCheeserton","p2":"PakTinCTC","format":"[Gen 9] VGC 2023 Regulation C","log":"|j|\u2606CheesyCheeserton\n|j|\u2606PakTinCTC\n|t:|1682114167\n|gametype|doubles\n|player|p1|CheesyCheeserton|penny|1108\n|player|p2|PakTinCTC|101|1000\n|teamsize|p1|6\n|teamsize|p2|6\n|gen|9\n|tier|[Gen 9] VGC 2023 Regulation C\n|rated|\n|rule|Species Clause: Limit one of each Pok\u00e9mon\n|rule|Item Clause: Limit one of each item\n|clearpoke\n|poke|p1|Tyranitar, L50, F|\n|poke|p1|Glimmora, L50, F|\n|poke|p1|Garchomp, L50, F|\n|poke|p1|Corviknight, L50, F|\n|poke|p1|Arcanine, L50, F|\n|poke|p1|Sandy Shocks, L50|\n|poke|p2|Great Tusk, L50|\n|poke|p2|Flutter Mane, L50|\n|poke|p2|Misdreavus, L50, F|\n|poke|p2|Lycanroc-Midnight, L50, M|\n|poke|p2|Chi-Yu, L50|\n|poke|p2|Torkoal, L50, M|\n|teampreview|4\n|inactive|Battle timer is ON: inactive players will automatically lose when time's up. (requested by PakTinCTC)\n|inactive|PakTinCTC has 60 seconds left.\nCheesyCheeserton rejected open team sheets.\n|inactive|PakTinCTC has 30 seconds left.\n|inactive|PakTinCTC has 20 seconds left.\n|inactive|PakTinCTC has 15 seconds left.\n|inactive|PakTinCTC has 10 seconds left.\n|inactive|PakTinCTC has 5 seconds left.\n|\n|t:|1682114276\n|start\n|switch|p1a: Dill Dough|Sandy Shocks, L50|100\/100\n|switch|p1b: Bubbles|Glimmora, L50, F|100\/100\n|switch|p2a: Mane|Misdreavus, L50, F|100\/100\n|switch|p2b: Howling Moon|Lycanroc-Midnight, L50, M|100\/100\n|-enditem|p1a: Dill Dough|Booster Energy\n|-activate|p1a: Dill Dough|ability: Protosynthesis|[fromitem]\n|-start|p1a: Dill Dough|protosynthesisspe\n|turn|1\n|inactive|PakTinCTC has 30 seconds left.\n|inactive|PakTinCTC has 20 seconds left.\n|inactive|PakTinCTC has 15 seconds left.\n|inactive|PakTinCTC has 10 seconds left.\n|inactive|PakTinCTC has 5 seconds left.\n|\n|t:|1682114329\n|-terastallize|p2a: Mane|Electric\n|move|p2b: Howling Moon|Protect|p2b: Howling Moon\n|-singleturn|p2b: Howling Moon|Protect\n|move|p1a: Dill Dough|Earth Power|p2b: Howling Moon\n|-activate|p2b: Howling Moon|move: Protect\n|move|p1b: Bubbles|Mortal Spin|p2b: Howling Moon|[spread] p2a\n|-activate|p2b: Howling Moon|move: Protect\n|-damage|p2a: Mane|97\/100\n|-status|p2a: Mane|psn\n|move|p2a: Mane|Trick Room|p2a: Mane\n|-fieldstart|move: Trick Room|[of] p2a: Mane\n|\n|-damage|p2a: Mane|85\/100 psn|[from] psn\n|upkeep\n|turn|2\n|inactive|PakTinCTC has 30 seconds left.\n|inactive|PakTinCTC has 20 seconds left.\n|inactive|PakTinCTC has 15 seconds left.\n|\n|t:|1682114372\n|move|p1b: Bubbles|Spiky Shield|p1b: Bubbles\n|-singleturn|p1b: Bubbles|move: Protect\n|move|p1a: Dill Dough|Protect|p1a: Dill Dough\n|-singleturn|p1a: Dill Dough|Protect\n|move|p2a: Mane|Skill Swap|p2b: Howling Moon\n|-activate|p2a: Mane|move: Skill Swap|||[of] p2b: Howling Moon\n|move|p2b: Howling Moon|Rock Slide|p1b: Bubbles|[spread] \n|-activate|p1a: Dill Dough|move: Protect\n|-activate|p1b: Bubbles|move: Protect\n|\n|-damage|p2a: Mane|73\/100 psn|[from] psn\n|upkeep\n|turn|3\n|\n|t:|1682114391\n|switch|p2b: Chikoal|Torkoal, L50, M|100\/100\n|-weather|SunnyDay|[from] ability: Drought|[of] p2b: Chikoal\n|move|p2a: Mane|Skill Swap|p2b: Chikoal\n|-activate|p2a: Mane|move: Skill Swap|||[of] p2b: Chikoal\n|move|p1b: Bubbles|Mortal Spin|p2a: Mane|[spread] p2a,p2b\n|-damage|p2a: Mane|69\/100 psn\n|-damage|p2b: Chikoal|97\/100\n|-status|p2b: Chikoal|psn\n|move|p1a: Dill Dough|Thunderbolt|p2b: Chikoal\n|-damage|p2b: Chikoal|36\/100 psn\n|\n|-weather|SunnyDay|[upkeep]\n|-damage|p2b: Chikoal|24\/100 psn|[from] psn\n|-damage|p2a: Mane|57\/100 psn|[from] psn\n|upkeep\n|turn|4\n|inactive|PakTinCTC has 30 seconds left.\n|inactive|PakTinCTC has 20 seconds left.\n|inactive|PakTinCTC has 15 seconds left.\n|inactive|PakTinCTC has 10 seconds left.\n|\n|t:|1682114439\n|switch|p2a: Howling Moon|Lycanroc-Midnight, L50, M|100\/100\n|move|p1b: Bubbles|Spiky Shield|p1b: Bubbles\n|-singleturn|p1b: Bubbles|move: Protect\n|move|p1a: Dill Dough|Protect|p1a: Dill Dough\n|-singleturn|p1a: Dill Dough|Protect\n|move|p2b: Chikoal|Fissure|p1b: Bubbles\n|-activate|p1b: Bubbles|move: Protect\n|\n|-weather|SunnyDay|[upkeep]\n|-damage|p2b: Chikoal|11\/100 psn|[from] psn\n|upkeep\n|turn|5\n|\n|t:|1682114464\n|move|p2b: Chikoal|Fissure|p1a: Dill Dough\n|-damage|p1a: Dill Dough|0 fnt\n|faint|p1a: Dill Dough\n|-end|p1a: Dill Dough|Protosynthesis|[silent]\n|-ohko\n|move|p1b: Bubbles|Mortal Spin|p2b: Chikoal|[spread] p2a,p2b\n|-resisted|p2a: Howling Moon\n|-crit|p2b: Chikoal\n|-damage|p2a: Howling Moon|97\/100\n|-damage|p2b: Chikoal|6\/100 psn\n|-status|p2a: Howling Moon|psn\n|move|p2a: Howling Moon|Stone Edge|p1b: Bubbles\n|-damage|p1b: Bubbles|55\/100\n|-activate|p1b: Bubbles|ability: Toxic Debris\n|-sidestart|p2: PakTinCTC|move: Toxic Spikes\n|\n|-weather|SunnyDay|[upkeep]\n|-damage|p2b: Chikoal|0 fnt|[from] psn\n|faint|p2b: Chikoal\n|-damage|p2a: Howling Moon|85\/100 psn|[from] psn\n|-fieldend|move: Trick Room\n|upkeep\n|\n|t:|1682114482\n|switch|p1a: Noms|Tyranitar, L50, F|100\/100\n|switch|p2b: Dondophan|Great Tusk, L50|100\/100\n|-status|p2b: Dondophan|psn\n|-activate|p2b: Dondophan|ability: Protosynthesis\n|-start|p2b: Dondophan|protosynthesisspe\n|-weather|Sandstorm|[from] ability: Sand Stream|[of] p1a: Noms\n|-end|p2b: Dondophan|Protosynthesis\n|-enditem|p2b: Dondophan|Booster Energy\n|-activate|p2b: Dondophan|ability: Protosynthesis|[fromitem]\n|-start|p2b: Dondophan|protosynthesisspe\n|turn|6\n|\n|t:|1682114499\n|-terastallize|p1a: Noms|Flying\n|move|p2a: Howling Moon|Protect|p2a: Howling Moon\n|-singleturn|p2a: Howling Moon|Protect\n|move|p1b: Bubbles|Spiky Shield|p1b: Bubbles\n|-singleturn|p1b: Bubbles|move: Protect\n|move|p2b: Dondophan|Earthquake|p1a: Noms|[spread] \n|-activate|p2a: Howling Moon|move: Protect\n|-activate|p1b: Bubbles|move: Protect\n|-immune|p1a: Noms\n|move|p1a: Noms|Ice Beam|p2b: Dondophan\n|-supereffective|p2b: Dondophan\n|-damage|p2b: Dondophan|44\/100 psn\n|\n|-weather|Sandstorm|[upkeep]\n|-damage|p1a: Noms|94\/100|[from] Sandstorm\n|-damage|p2b: Dondophan|32\/100 psn|[from] psn\n|-damage|p2a: Howling Moon|73\/100 psn|[from] psn\n|upkeep\n|turn|7\n|\n|t:|1682114522\n|-end|p2b: Dondophan|Protosynthesis|[silent]\n|switch|p2b: Mane|Misdreavus, L50, F, tera:Electric|57\/100 psn\n|move|p2a: Howling Moon|Stone Edge|p1a: Noms\n|-supereffective|p1a: Noms\n|-damage|p1a: Noms|20\/100\n|move|p1b: Bubbles|Venoshock|p2a: Howling Moon\n|-resisted|p2a: Howling Moon\n|-damage|p2a: Howling Moon|46\/100 psn\n|move|p1a: Noms|Ice Beam|p2b: Mane\n|-damage|p2b: Mane|38\/100 psn\n|\n|-weather|Sandstorm|[upkeep]\n|-damage|p2b: Mane|32\/100 psn|[from] Sandstorm\n|-damage|p1a: Noms|13\/100|[from] Sandstorm\n|-damage|p2a: Howling Moon|34\/100 psn|[from] psn\n|-damage|p2b: Mane|20\/100 psn|[from] psn\n|upkeep\n|turn|8\n|\n|t:|1682114547\n|switch|p1a: Chomps|Garchomp, L50, F|100\/100\n|move|p2a: Howling Moon|Rock Slide|p1b: Bubbles|[spread] p1a,p1b\n|-resisted|p1a: Chomps\n|-damage|p1a: Chomps|87\/100\n|-damage|p1b: Bubbles|32\/100\n|-activate|p1b: Bubbles|ability: Toxic Debris\n|-sidestart|p2: PakTinCTC|move: Toxic Spikes\n|move|p1b: Bubbles|Venoshock|p2a: Howling Moon\n|-resisted|p2a: Howling Moon\n|-damage|p2a: Howling Moon|5\/100 psn\n|move|p2b: Mane|Foul Play|p1b: Bubbles\n|-damage|p1b: Bubbles|19\/100\n|\n|-weather|Sandstorm|[upkeep]\n|-damage|p2b: Mane|14\/100 psn|[from] Sandstorm\n|-damage|p2a: Howling Moon|0 fnt|[from] psn\n|faint|p2a: Howling Moon\n|-damage|p2b: Mane|2\/100 psn|[from] psn\n|upkeep\n|\n|t:|1682114564\n|switch|p2a: Dondophan|Great Tusk, L50|32\/100 psn\n|turn|9\n|\n|t:|1682114572\n|move|p1b: Bubbles|Spiky Shield|p1b: Bubbles\n|-singleturn|p1b: Bubbles|move: Protect\n|move|p1a: Chomps|Earthquake|p2a: Dondophan|[spread] p2a\n|-activate|p1b: Bubbles|move: Protect\n|-immune|p2b: Mane|[from] ability: Levitate\n|-damage|p2a: Dondophan|0 fnt\n|faint|p2a: Dondophan\n|-end|p2a: Dondophan|Protosynthesis|[silent]\n|move|p2b: Mane|Foul Play|p1a: Chomps|[miss]\n|-miss|p2b: Mane|p1a: Chomps\n|\n|-weather|Sandstorm|[upkeep]\n|-damage|p2b: Mane|0 fnt|[from] Sandstorm\n|faint|p2b: Mane\n|\n|win|CheesyCheeserton\n|upkeep\n|raw|CheesyCheeserton's rating: 1108 → 1125<\/strong> (+17 for winning)\n|raw|PakTinCTC's rating: 1000 → 1000<\/strong> (+0 for losing)\n|l|\u2606PakTinCTC\n","uploadtime":1682114588,"views":11,"p1id":"cheesycheeserton","p2id":"paktinctc","formatid":"gen9vgc2023regulationc","rating":1000,"private":0,"password":""}