{"id":"gen9vgc2023regulationc-1851044466","p1":"Champ.Braeden","p2":"snaelstorm","format":"[Gen 9] VGC 2023 Regulation C","log":"|j|\u2606Champ.Braeden\n|j|\u2606snaelstorm\n|t:|1682399072\n|gametype|doubles\n|player|p1|Champ.Braeden|101|1339\n|player|p2|snaelstorm|dahlia|1307\n|teamsize|p1|6\n|teamsize|p2|6\n|gen|9\n|tier|[Gen 9] VGC 2023 Regulation C\n|rated|\n|rule|Species Clause: Limit one of each Pok\u00e9mon\n|rule|Item Clause: Limit one of each item\n|clearpoke\n|poke|p1|Annihilape, L50, F|\n|poke|p1|Chien-Pao, L50|\n|poke|p1|Scizor, L50, M|\n|poke|p1|Ting-Lu, L50|\n|poke|p1|Palafin, L50, F|\n|poke|p1|Dragonite, L50, M|\n|poke|p2|Wo-Chien, L50|\n|poke|p2|Glimmora, L50, F|\n|poke|p2|Gyarados, L50, M|\n|poke|p2|Flutter Mane, L50|\n|poke|p2|Ceruledge, L50, F|\n|poke|p2|Garganacl, L50, M|\n|teampreview|4\nChamp.Braeden rejected open team sheets.\n|inactive|Battle timer is ON: inactive players will automatically lose when time's up. (requested by Champ.Braeden)\n|\n|t:|1682399118\n|start\n|switch|p1a: Palafin|Palafin, L50, F|100\/100\n|switch|p1b: Scizor|Scizor, L50, M|100\/100\n|switch|p2a: Ceruledge|Ceruledge, L50, F|100\/100\n|switch|p2b: Garganacl|Garganacl, L50, M|100\/100\n|turn|1\n|inactive|snaelstorm has 30 seconds left.\n|\n|t:|1682399144\n|detailschange|p1a: Palafin|Palafin-Hero, L50, F\n|switch|p1a: Ting-Lu|Ting-Lu, L50|100\/100\n|-ability|p1a: Ting-Lu|Vessel of Ruin\n|switch|p2b: Gyarados|Gyarados, L50, M|100\/100\n|-ability|p2b: Gyarados|Intimidate|boost\n|-unboost|p1a: Ting-Lu|atk|1\n|-unboost|p1b: Scizor|atk|1\n|-terastallize|p1b: Scizor|Water\n|move|p2a: Ceruledge|Bulk Up|p2a: Ceruledge\n|-boost|p2a: Ceruledge|atk|1\n|-boost|p2a: Ceruledge|def|1\n|move|p1b: Scizor|Tera Blast|p2a: Ceruledge\n|-supereffective|p2a: Ceruledge\n|-damage|p2a: Ceruledge|52\/100\n|\n|upkeep\n|turn|2\n|\n|t:|1682399165\n|-terastallize|p2a: Ceruledge|Grass\n|move|p2b: Gyarados|Whirlpool|p1b: Scizor\n|-resisted|p1b: Scizor\n|-crit|p1b: Scizor\n|-damage|p1b: Scizor|95\/100\n|-activate|p1b: Scizor|move: Whirlpool|[of] p2b: Gyarados\n|move|p2a: Ceruledge|Bitter Blade|p1a: Ting-Lu\n|-damage|p1a: Ting-Lu|57\/100\n|-heal|p2a: Ceruledge|84\/100|[from] drain|[of] p1a: Ting-Lu\n|-damage|p2a: Ceruledge|75\/100|[from] item: Life Orb\n|move|p1b: Scizor|Swords Dance|p1b: Scizor\n|-boost|p1b: Scizor|atk|2\n|move|p1a: Ting-Lu|Rock Slide|p2b: Gyarados|[spread] p2a,p2b\n|-crit|p2a: Ceruledge\n|-supereffective|p2b: Gyarados\n|-damage|p2a: Ceruledge|52\/100\n|-damage|p2b: Gyarados|82\/100\n|\n|-damage|p1b: Scizor|82\/100|[from] move: Whirlpool|[partiallytrapped]\n|upkeep\n|turn|3\n|inactive|snaelstorm has 30 seconds left.\n|\n|t:|1682399198\n|move|p2a: Ceruledge|Protect|p2a: Ceruledge\n|-singleturn|p2a: Ceruledge|Protect\n|move|p2b: Gyarados|Waterfall|p1a: Ting-Lu\n|-supereffective|p1a: Ting-Lu\n|-damage|p1a: Ting-Lu|26\/100\n|move|p1b: Scizor|Tera Blast|p2a: Ceruledge\n|-activate|p2a: Ceruledge|move: Protect\n|move|p1a: Ting-Lu|Rock Slide|p2b: Gyarados|[spread] p2b\n|-activate|p2a: Ceruledge|move: Protect\n|-supereffective|p2b: Gyarados\n|-damage|p2b: Gyarados|63\/100\n|\n|-damage|p1b: Scizor|70\/100|[from] move: Whirlpool|[partiallytrapped]\n|upkeep\n|turn|4\n|\n|t:|1682399209\n|move|p2b: Gyarados|Waterfall|p1b: Scizor\n|-resisted|p1b: Scizor\n|-damage|p1b: Scizor|55\/100\n|move|p2a: Ceruledge|Bitter Blade|p1a: Ting-Lu\n|-crit|p1a: Ting-Lu\n|-damage|p1a: Ting-Lu|0 fnt\n|-heal|p2a: Ceruledge|71\/100|[from] drain|[of] p1a: Ting-Lu\n|faint|p1a: Ting-Lu\n|-damage|p2a: Ceruledge|61\/100|[from] item: Life Orb\n|move|p1b: Scizor|Tera Blast|p2a: Ceruledge\n|-resisted|p2a: Ceruledge\n|-damage|p2a: Ceruledge|37\/100\n|\n|-damage|p1b: Scizor|42\/100|[from] move: Whirlpool|[partiallytrapped]\n|upkeep\n|\n|t:|1682399222\n|switch|p1a: Chien-Pao|Chien-Pao, L50|100\/100\n|-ability|p1a: Chien-Pao|Sword of Ruin\n|turn|5\n|inactive|snaelstorm has 30 seconds left.\n|\n|t:|1682399252\n|move|p2a: Ceruledge|Shadow Sneak|p1b: Scizor\n|-damage|p1b: Scizor|0 fnt\n|faint|p1b: Scizor\n|-damage|p2a: Ceruledge|28\/100|[from] item: Life Orb\n|move|p1a: Chien-Pao|Ice Spinner|p2b: Gyarados\n|-damage|p2b: Gyarados|15\/100\n|-enditem|p2b: Gyarados|Sitrus Berry|[eat]\n|-heal|p2b: Gyarados|40\/100|[from] item: Sitrus Berry\n|move|p2b: Gyarados|Whirlpool|p1a: Chien-Pao\n|-damage|p1a: Chien-Pao|88\/100\n|-activate|p1a: Chien-Pao|move: Whirlpool|[of] p2b: Gyarados\n|\n|-damage|p1a: Chien-Pao|76\/100|[from] move: Whirlpool|[partiallytrapped]\n|upkeep\n|\n|t:|1682399255\n|switch|p1b: Palafin|Palafin-Hero, L50, F|100\/100\n|-activate|p1b: Palafin|ability: Zero to Hero\n|turn|6\n|\n|t:|1682399270\n|move|p1a: Chien-Pao|Ice Spinner|p2a: Ceruledge\n|-supereffective|p2a: Ceruledge\n|-damage|p2a: Ceruledge|0 fnt\n|faint|p2a: Ceruledge\n|move|p1b: Palafin|Wave Crash|p2b: Gyarados\n|-resisted|p2b: Gyarados\n|-crit|p2b: Gyarados\n|-damage|p2b: Gyarados|0 fnt\n|faint|p2b: Gyarados\n|-damage|p1b: Palafin|88\/100|[from] Recoil\n|\n|-end|p1a: Chien-Pao|Whirlpool|[partiallytrapped]|[silent]\n|upkeep\n|\n|t:|1682399273\n|switch|p2b: Garganacl|Garganacl, L50, M|100\/100\n|switch|p2a: Wo-Chien|Wo-Chien, L50|100\/100\n|-ability|p2a: Wo-Chien|Tablets of Ruin\n|turn|7\n|inactive|snaelstorm has 30 seconds left.\n|\n|t:|1682399298\n|move|p2b: Garganacl|Protect|p2b: Garganacl\n|-singleturn|p2b: Garganacl|Protect\n|move|p1a: Chien-Pao|Sacred Sword|p2b: Garganacl\n|-activate|p2b: Garganacl|move: Protect\n|move|p1b: Palafin|Wave Crash|p2b: Garganacl\n|-activate|p2b: Garganacl|move: Protect\n|move|p2a: Wo-Chien|Leech Seed|p1a: Chien-Pao\n|-start|p1a: Chien-Pao|move: Leech Seed\n|\n|-damage|p1a: Chien-Pao|64\/100|[from] Leech Seed|[of] p2a: Wo-Chien\n|upkeep\n|turn|8\n|\n|t:|1682399315\n|move|p1a: Chien-Pao|Sacred Sword|p2b: Garganacl\n|-supereffective|p2b: Garganacl\n|-damage|p2b: Garganacl|66\/100\n|move|p1b: Palafin|Wave Crash|p2b: Garganacl\n|-supereffective|p2b: Garganacl\n|-damage|p2b: Garganacl|0 fnt\n|faint|p2b: Garganacl\n|-damage|p1b: Palafin|67\/100|[from] Recoil\n|move|p2a: Wo-Chien|Pollen Puff|p1a: Chien-Pao\n|-supereffective|p1a: Chien-Pao\n|-damage|p1a: Chien-Pao|0 fnt\n|faint|p1a: Chien-Pao\n|\n|upkeep\n|turn|9\n|inactive|Champ.Braeden has 30 seconds left.\n|inactive|Champ.Braeden has 20 seconds left.\n|inactive|Champ.Braeden has 15 seconds left.\n|inactive|Champ.Braeden has 10 seconds left.\n|inactive|Champ.Braeden has 5 seconds left.\n|\n|t:|1682399370\n|move|p1b: Palafin|Jet Punch|p2a: Wo-Chien\n|-resisted|p2a: Wo-Chien\n|-damage|p2a: Wo-Chien|86\/100\n|move|p2a: Wo-Chien|Leech Seed|p1b: Palafin\n|-start|p1b: Palafin|move: Leech Seed\n|\n|-heal|p2a: Wo-Chien|93\/100|[from] item: Leftovers\n|-damage|p1b: Palafin|55\/100|[from] Leech Seed|[of] p2a: Wo-Chien\n|-heal|p2a: Wo-Chien|100\/100|[silent]\n|upkeep\n|turn|10\n|inactive|Champ.Braeden has 30 seconds left.\n|inactive|Champ.Braeden has 20 seconds left.\n|inactive|Champ.Braeden has 15 seconds left.\n|inactive|Champ.Braeden has 10 seconds left.\n|inactive|Champ.Braeden has 5 seconds left.\n|\n|t:|1682399425\n|move|p1b: Palafin|Jet Punch|p2a: Wo-Chien\n|-resisted|p2a: Wo-Chien\n|-damage|p2a: Wo-Chien|85\/100\n|move|p2a: Wo-Chien|Ruination|p1b: Palafin\n|-damage|p1b: Palafin|28\/100\n|\n|-heal|p2a: Wo-Chien|91\/100|[from] item: Leftovers\n|-damage|p1b: Palafin|15\/100|[from] Leech Seed|[of] p2a: Wo-Chien\n|-heal|p2a: Wo-Chien|100\/100|[silent]\n|upkeep\n|turn|11\n|inactive|Champ.Braeden has 30 seconds left.\n|inactive|Champ.Braeden has 20 seconds left.\n|inactive|Champ.Braeden has 15 seconds left.\n|inactive|Champ.Braeden has 10 seconds left.\n|inactive|Champ.Braeden has 5 seconds left.\n|\n|t:|1682399480\n|move|p1b: Palafin|Jet Punch|p2a: Wo-Chien\n|-resisted|p2a: Wo-Chien\n|-damage|p2a: Wo-Chien|86\/100\n|move|p2a: Wo-Chien|Pollen Puff|p1b: Palafin\n|-damage|p1b: Palafin|0 fnt\n|faint|p1b: Palafin\n|\n|win|snaelstorm\n|raw|Champ.Braeden's rating: 1339 → 1317<\/strong> (-22 for losing)\n|raw|snaelstorm's rating: 1307 → 1329<\/strong> (+22 for winning)\n","uploadtime":1682399484,"views":11,"p1id":"champbraeden","p2id":"snaelstorm","formatid":"gen9vgc2023regulationc","rating":1317,"private":0,"password":""}