{"id":"gen9vgc2023regulationc-1852019044","p1":"mafumafusimpsimp","p2":"nik holo","format":"[Gen 9] VGC 2023 Regulation C","log":"|j|\u2606mafumafusimpsimp\n|j|\u2606nik holo\n|t:|1682517233\n|gametype|doubles\n|player|p1|mafumafusimpsimp|crasherwake|\n|player|p2|nik holo|101|\n|teamsize|p1|6\n|teamsize|p2|6\n|gen|9\n|tier|[Gen 9] VGC 2023 Regulation C\n|rated|Tournament battle\n|rule|Species Clause: Limit one of each Pok\u00e9mon\n|rule|Item Clause: Limit one of each item\n|clearpoke\n|poke|p1|Breloom, L50, F|\n|poke|p1|Chien-Pao, L50|\n|poke|p1|Flutter Mane, L50|\n|poke|p1|Kingambit, L50, F|\n|poke|p1|Iron Hands, L50|\n|poke|p1|Iron Bundle, L50|\n|poke|p2|Hariyama, L50, M|\n|poke|p2|Farigiraf, L50, F|\n|poke|p2|Torkoal, L50, M|\n|poke|p2|Brute Bonnet, L50|\n|poke|p2|Iron Bundle, L50|\n|poke|p2|Flutter Mane, L50|\n|teampreview|4\n|raw| Open Team Sheet for mafumafusimpsimp<\/summary>Breloom @ Focus Sash Ability: Technician Level: 50 Tera Type: Fighting - Bullet Seed - Mach Punch - Rock Tomb - Spore Chien-Pao @ Life Orb Ability: Sword of Ruin Level: 50 Tera Type: Ghost - Protect - Ice Spinner - Sucker Punch - Sacred Sword Flutter Mane @ Booster Energy Ability: Protosynthesis Level: 50 Tera Type: Fairy - Dazzling Gleam - Moonblast - Shadow Ball - Protect Kingambit @ Safety Goggles Ability: Defiant Level: 50 Tera Type: Flying - Tera Blast - Iron Head - Swords Dance - Sucker Punch Iron Hands @ Clear Amulet Ability: Quark Drive Level: 50 Tera Type: Fire - Swords Dance - Drain Punch - Thunder Punch - Protect Iron Bundle @ Covert Cloak Ability: Quark Drive Level: 50 Tera Type: Ice - Icy Wind - Freeze-Dry - Hydro Pump - Encore <\/details><\/div> Open Team Sheet for nik holo<\/summary>Hariyama @ Assault Vest Ability: Thick Fat Level: 50 Tera Type: Dark - Close Combat - Fake Out - Feint - Knock Off Farigiraf @ Mental Herb Ability: Armor Tail Level: 50 Tera Type: Grass - Psychic - Trick Room - Helping Hand - Protect Torkoal @ Charcoal Ability: Drought Level: 50 Tera Type: Fire - Eruption - Flamethrower - Protect - Helping Hand Brute Bonnet @ Loaded Dice Ability: Protosynthesis Level: 50 Tera Type: Poison - Bullet Seed - Sucker Punch - Spore - Rage Powder Iron Bundle @ Booster Energy Ability: Quark Drive Level: 50 Tera Type: Ghost - Icy Wind - Freeze-Dry - Hydro Pump - Protect Flutter Mane @ Choice Specs Ability: Protosynthesis Level: 50 Tera Type: Fairy - Dazzling Gleam - Moonblast - Shadow Ball - Power Gem <\/details><\/div>\n|c|\u2606mafumafusimpsimp|glhf\n|c|\u2606nik holo|glhf\n|\n|t:|1682517249\n|start\n|switch|p1a: Iron Hands|Iron Hands, L50|100\/100\n|switch|p1b: Kingambit|Kingambit, L50, F|100\/100\n|switch|p2a: Hariyama|Hariyama, L50, M|100\/100\n|switch|p2b: Farigiraf|Farigiraf, L50, F|100\/100\n|turn|1\n|\n|t:|1682517278\n|switch|p1b: Flutter Mane|Flutter Mane, L50|100\/100\n|-enditem|p1b: Flutter Mane|Booster Energy\n|-activate|p1b: Flutter Mane|ability: Protosynthesis|[fromitem]\n|-start|p1b: Flutter Mane|protosynthesisspa\n|move|p2a: Hariyama|Fake Out|p1b: Flutter Mane\n|-immune|p1b: Flutter Mane\n|move|p1a: Iron Hands|Swords Dance|p1a: Iron Hands\n|-boost|p1a: Iron Hands|atk|2\n|move|p2b: Farigiraf|Trick Room|p2b: Farigiraf\n|-fieldstart|move: Trick Room|[of] p2b: Farigiraf\n|\n|upkeep\n|turn|2\n|\n|t:|1682517299\n|move|p1a: Iron Hands|Protect|p1a: Iron Hands\n|-singleturn|p1a: Iron Hands|Protect\n|move|p2b: Farigiraf|Protect|p2b: Farigiraf\n|-singleturn|p2b: Farigiraf|Protect\n|move|p2a: Hariyama|Close Combat|p1a: Iron Hands\n|-activate|p1a: Iron Hands|move: Protect\n|move|p1b: Flutter Mane|Moonblast|p2a: Hariyama\n|-supereffective|p2a: Hariyama\n|-damage|p2a: Hariyama|28\/100\n|\n|upkeep\n|turn|3\n|\n|t:|1682517314\n|-terastallize|p1a: Iron Hands|Fire\n|move|p2a: Hariyama|Close Combat|p1a: Iron Hands\n|-damage|p1a: Iron Hands|57\/100\n|-unboost|p2a: Hariyama|def|1\n|-unboost|p2a: Hariyama|spd|1\n|move|p1a: Iron Hands|Drain Punch|p2b: Farigiraf\n|-damage|p2b: Farigiraf|34\/100\n|-heal|p1a: Iron Hands|90\/100|[from] drain|[of] p2b: Farigiraf\n|move|p2b: Farigiraf|Psychic|p1a: Iron Hands\n|-damage|p1a: Iron Hands|65\/100\n|move|p1b: Flutter Mane|Dazzling Gleam|p2a: Hariyama|[spread] p2a,p2b\n|-supereffective|p2a: Hariyama\n|-damage|p2a: Hariyama|0 fnt\n|-damage|p2b: Farigiraf|0 fnt\n|faint|p2a: Hariyama\n|faint|p2b: Farigiraf\n|\n|upkeep\n|\n|t:|1682517332\n|switch|p2a: Torkoal|Torkoal, L50, M|100\/100\n|switch|p2b: Flutter Mane|Flutter Mane, L50|100\/100\n|-weather|SunnyDay|[from] ability: Drought|[of] p2a: Torkoal\n|-activate|p2b: Flutter Mane|ability: Protosynthesis\n|-start|p2b: Flutter Mane|protosynthesisspe\n|turn|4\n|\n|t:|1682517340\n|-terastallize|p2a: Torkoal|Fire\n|move|p1a: Iron Hands|Protect|p1a: Iron Hands\n|-singleturn|p1a: Iron Hands|Protect\n|move|p1b: Flutter Mane|Protect|p1b: Flutter Mane\n|-singleturn|p1b: Flutter Mane|Protect\n|move|p2a: Torkoal|Eruption|p1a: Iron Hands|[spread] \n|-activate|p1a: Iron Hands|move: Protect\n|-activate|p1b: Flutter Mane|move: Protect\n|move|p2b: Flutter Mane|Dazzling Gleam|p1b: Flutter Mane|[spread] \n|-activate|p1a: Iron Hands|move: Protect\n|-activate|p1b: Flutter Mane|move: Protect\n|\n|-weather|SunnyDay|[upkeep]\n|upkeep\n|turn|5\n|\n|t:|1682517359\n|move|p2a: Torkoal|Eruption|p1b: Flutter Mane|[spread] p1a,p1b\n|-resisted|p1a: Iron Hands\n|-damage|p1a: Iron Hands|22\/100\n|-damage|p1b: Flutter Mane|0 fnt\n|faint|p1b: Flutter Mane\n|-end|p1b: Flutter Mane|Protosynthesis|[silent]\n|move|p1a: Iron Hands|Drain Punch|p2a: Torkoal\n|-damage|p2a: Torkoal|33\/100\n|-heal|p1a: Iron Hands|47\/100|[from] drain|[of] p2a: Torkoal\n|move|p2b: Flutter Mane|Dazzling Gleam|p1a: Iron Hands\n|-resisted|p1a: Iron Hands\n|-damage|p1a: Iron Hands|24\/100\n|\n|-weather|SunnyDay|[upkeep]\n|-fieldend|move: Trick Room\n|upkeep\n|\n|t:|1682517370\n|switch|p1b: Breloom|Breloom, L50, F|100\/100\n|turn|6\n|j| babiwi bewey\u2714\ufe0f\n|\n|t:|1682517384\n|move|p2a: Torkoal|Helping Hand|p2b: Flutter Mane\n|-singleturn|p2b: Flutter Mane|Helping Hand|[of] p2a: Torkoal\n|move|p1a: Iron Hands|Protect|p1a: Iron Hands\n|-singleturn|p1a: Iron Hands|Protect\n|move|p2b: Flutter Mane|Dazzling Gleam|p1b: Breloom|[spread] p1b\n|-activate|p1a: Iron Hands|move: Protect\n|-supereffective|p1b: Breloom\n|-enditem|p1b: Breloom|Focus Sash\n|-damage|p1b: Breloom|1\/100\n|move|p1b: Breloom|Spore|p2b: Flutter Mane\n|-status|p2b: Flutter Mane|slp|[from] move: Spore\n|\n|-weather|SunnyDay|[upkeep]\n|upkeep\n|turn|7\n|\n|t:|1682517405\n|move|p2a: Torkoal|Protect|p2a: Torkoal\n|-singleturn|p2a: Torkoal|Protect\n|cant|p2b: Flutter Mane|slp\n|move|p1b: Breloom|Bullet Seed|p2b: Flutter Mane\n|-damage|p2b: Flutter Mane|62\/100 slp\n|-damage|p2b: Flutter Mane|18\/100 slp\n|-hitcount|p2b: Flutter Mane|2\n|move|p1a: Iron Hands|Drain Punch|p2a: Torkoal\n|-activate|p2a: Torkoal|move: Protect\n|\n|-weather|SunnyDay|[upkeep]\n|upkeep\n|turn|8\n|\n|t:|1682517420\n|move|p2a: Torkoal|Helping Hand|p2b: Flutter Mane\n|-singleturn|p2b: Flutter Mane|Helping Hand|[of] p2a: Torkoal\n|-curestatus|p2b: Flutter Mane|slp|[msg]\n|move|p2b: Flutter Mane|Dazzling Gleam|p1a: Iron Hands|[spread] p1a,p1b\n|-resisted|p1a: Iron Hands\n|-supereffective|p1b: Breloom\n|-damage|p1a: Iron Hands|0 fnt\n|-damage|p1b: Breloom|0 fnt\n|faint|p1a: Iron Hands\n|-end|p1a: Iron Hands|Quark Drive|[silent]\n|faint|p1b: Breloom\n|\n|-weather|none\n|-end|p2b: Flutter Mane|Protosynthesis\n|upkeep\n|c| babiwi bewey\u2714\ufe0f|nice bullet seed\n|\n|t:|1682517425\n|switch|p1b: Kingambit|Kingambit, L50, F|100\/100\n|turn|9\n|n|!mafumafusimpsimp|mafumafusimpsimp\n|c| babiwi bewey\u2714\ufe0f|LMAO\n|\n|t:|1682517450\n|move|p1b: Kingambit|Sucker Punch|p2a: Torkoal\n|-damage|p2a: Torkoal|2\/100\n|move|p2b: Flutter Mane|Dazzling Gleam|p1b: Kingambit\n|-damage|p1b: Kingambit|41\/100\n|move|p2a: Torkoal|Flamethrower|p1b: Kingambit\n|-supereffective|p1b: Kingambit\n|-damage|p1b: Kingambit|0 fnt\n|faint|p1b: Kingambit\n|\n|win|nik holo\n","uploadtime":1682517431,"views":8,"p1id":"mafumafusimpsimp","p2id":"nikholo","formatid":"gen9vgc2023regulationc","rating":0,"private":0,"password":""}