{"id":"gen9vgc2023regulationc-1864014240","p1":"Ciq108","p2":"RylektVGC","format":"[Gen 9] VGC 2023 Regulation C","log":"|j|\u2606Ciq108\n|j|\u2606RylektVGC\n|t:|1684105396\n|gametype|doubles\n|player|p1|Ciq108|170|\n|player|p2|RylektVGC|flannery|\n|teamsize|p1|6\n|teamsize|p2|6\n|gen|9\n|tier|[Gen 9] VGC 2023 Regulation C\n|rule|Species Clause: Limit one of each Pok\u00e9mon\n|rule|Item Clause: Limit one of each item\n|clearpoke\n|poke|p1|Chien-Pao, L50|\n|poke|p1|Lucario, L50, M|\n|poke|p1|Gardevoir, L50, M|\n|poke|p1|Rotom-Heat, L50|\n|poke|p1|Garchomp, L50, M|\n|poke|p1|Gastrodon, L50, F|\n|poke|p2|Great Tusk, L50|\n|poke|p2|Kilowattrel, L50, F|\n|poke|p2|Torkoal, L50, F|\n|poke|p2|Oranguru, L50, M|\n|poke|p2|Umbreon, L50, F|\n|poke|p2|Persian, L50, F|\n|teampreview|4\n|inactive|Battle timer is ON: inactive players will automatically lose when time's up. (requested by RylektVGC)\n|inactiveoff|Battle timer is now OFF.\nRylektVGC rejected open team sheets.\n|c|\u2606RylektVGC|G1\n|j| thefriending\n|c| thefriending|Ciq losing? \ud83e\udd14\n|c|\u2606Ciq108|Could u get links pls\n|c|\u2606Ciq108|As if lol\n|c|\u2606RylektVGC|Got you\n|c|\u2606RylektVGC|Glhf\n|c|\u2606Ciq108|Ty\n|c|\u2606Ciq108|Glhf\n|j| SusJingles\n|j| Memebasedgod\n|c| thefriending|SusVitor\n|c| SusJingles|Dont be sussybakas\n|\n|t:|1684105504\n|start\n|switch|p1a: Chien-Pao|Chien-Pao, L50|100\/100\n|switch|p1b: Lucario|Lucario, L50, M|100\/100\n|switch|p2a: Open Your Heart|Persian, L50, F|100\/100\n|switch|p2b: I Am... All of Me|Oranguru, L50, M, shiny|100\/100\n|-ability|p1a: Chien-Pao|Sword of Ruin\n|turn|1\n|c| SusJingles|No kevs is sus\n|\n|t:|1684105516\n|move|p1a: Chien-Pao|Protect|p1a: Chien-Pao\n|-singleturn|p1a: Chien-Pao|Protect\n|move|p2a: Open Your Heart|Fake Out|p1a: Chien-Pao\n|-activate|p1a: Chien-Pao|move: Protect\n|move|p1b: Lucario|Close Combat|p2b: I Am... All of Me\n|-damage|p2b: I Am... All of Me|16\/100\n|-unboost|p1b: Lucario|def|1\n|-unboost|p1b: Lucario|spd|1\n|-damage|p1b: Lucario|91\/100|[from] item: Life Orb\n|move|p2b: I Am... All of Me|Trick Room|p2b: I Am... All of Me\n|-fieldstart|move: Trick Room|[of] p2b: I Am... All of Me\n|\n|upkeep\n|turn|2\n|\n|t:|1684105547\n|switch|p1a: Rotom|Rotom-Heat, L50|100\/100\n|move|p1b: Lucario|Extreme Speed|p2b: I Am... All of Me\n|-damage|p2b: I Am... All of Me|0 fnt\n|faint|p2b: I Am... All of Me\n|-damage|p1b: Lucario|81\/100|[from] item: Life Orb\n|move|p2a: Open Your Heart|Snarl|p1a: Rotom|[spread] p1a,p1b\n|-resisted|p1b: Lucario\n|-crit|p1b: Lucario\n|-damage|p1a: Rotom|90\/100\n|-damage|p1b: Lucario|63\/100\n|-unboost|p1a: Rotom|spa|1\n|-unboost|p1b: Lucario|spa|1\n|\n|upkeep\n|\n|t:|1684105553\n|switch|p2b: Never Turn Back|Torkoal, L50, F, shiny|100\/100\n|-weather|SunnyDay|[from] ability: Drought|[of] p2b: Never Turn Back\n|turn|3\n|c| Memebasedgod|crit mattered\n|\n|t:|1684105570\n|-terastallize|p2b: Never Turn Back|Fire\n|move|p1b: Lucario|Extreme Speed|p2b: Never Turn Back\n|-damage|p2b: Never Turn Back|74\/100\n|-damage|p1b: Lucario|54\/100|[from] item: Life Orb\n|move|p2b: Never Turn Back|Eruption|p1b: Lucario|[spread] p1a,p1b\n|-resisted|p1a: Rotom\n|-supereffective|p1b: Lucario\n|-damage|p1a: Rotom|47\/100\n|-damage|p1b: Lucario|0 fnt\n|-enditem|p1a: Rotom|Sitrus Berry|[eat]\n|-heal|p1a: Rotom|72\/100|[from] item: Sitrus Berry\n|faint|p1b: Lucario\n|move|p1a: Rotom|Light Screen|p1a: Rotom\n|-sidestart|p1: Ciq108|move: Light Screen\n|move|p2a: Open Your Heart|Snarl|p1a: Rotom\n|-damage|p1a: Rotom|62\/100\n|-unboost|p1a: Rotom|spa|1\n|\n|-weather|SunnyDay|[upkeep]\n|upkeep\n|\n|t:|1684105588\n|switch|p1b: Garchomp|Garchomp, L50, M|100\/100\n|turn|4\n|\n|t:|1684105600\n|move|p2b: Never Turn Back|Overheat|p1b: Garchomp\n|-resisted|p1b: Garchomp\n|-crit|p1b: Garchomp\n|-damage|p1b: Garchomp|0 fnt\n|-unboost|p2b: Never Turn Back|spa|2\n|faint|p1b: Garchomp\n|move|p1a: Rotom|Discharge|p2a: Open Your Heart|[spread] p2a,p2b\n|-damage|p2a: Open Your Heart|83\/100\n|-damage|p2b: Never Turn Back|59\/100\n|-status|p2a: Open Your Heart|par\n|move|p2a: Open Your Heart|Icy Wind|p1a: Rotom\n|-resisted|p1a: Rotom\n|-damage|p1a: Rotom|58\/100\n|-unboost|p1a: Rotom|spe|1\n|\n|-weather|SunnyDay|[upkeep]\n|upkeep\n|c|\u2606Ciq108|Welp\n|c| thefriending|No way kekw\n|c| SusJingles|Sus crit\n|\n|t:|1684105621\n|switch|p1b: Chien-Pao|Chien-Pao, L50|100\/100\n|-ability|p1b: Chien-Pao|Sword of Ruin\n|turn|5\n|c| Memebasedgod|joever heat fr\n|\n|t:|1684105633\n|switch|p2a: Seven Rings|Umbreon, L50, F|100\/100\n|move|p2b: Never Turn Back|Protect|p2b: Never Turn Back\n|-singleturn|p2b: Never Turn Back|Protect\n|move|p1a: Rotom|Protect|p1a: Rotom\n|-singleturn|p1a: Rotom|Protect\n|move|p1b: Chien-Pao|Protect||[still]\n|-fail|p1b: Chien-Pao\n|\n|-weather|SunnyDay|[upkeep]\n|-fieldend|move: Trick Room\n|upkeep\n|turn|6\n|\n|t:|1684105667\n|switch|p2b: Open Your Heart|Persian, L50, F|83\/100 par\n|move|p1b: Chien-Pao|Ice Spinner|p2a: Seven Rings\n|-damage|p2a: Seven Rings|59\/100\n|move|p2a: Seven Rings|Yawn|p1b: Chien-Pao\n|-start|p1b: Chien-Pao|move: Yawn|[of] p2a: Seven Rings\n|move|p1a: Rotom|Overheat|p2a: Seven Rings\n|-damage|p2a: Seven Rings|37\/100\n|-unboost|p1a: Rotom|spa|2\n|\n|-weather|SunnyDay|[upkeep]\n|-heal|p2a: Seven Rings|43\/100|[from] item: Leftovers\n|upkeep\n|turn|7\n|\n|t:|1684105694\n|move|p2b: Open Your Heart|Fake Out|p1b: Chien-Pao\n|-damage|p1b: Chien-Pao|82\/100\n|cant|p1b: Chien-Pao|flinch\n|move|p2a: Seven Rings|Moonlight|p2a: Seven Rings\n|-heal|p2a: Seven Rings|100\/100\n|move|p1a: Rotom|Overheat|p2a: Seven Rings\n|-damage|p2a: Seven Rings|85\/100\n|-unboost|p1a: Rotom|spa|2\n|\n|-weather|none\n|-heal|p2a: Seven Rings|91\/100|[from] item: Leftovers\n|-end|p1b: Chien-Pao|move: Yawn|[silent]\n|-status|p1b: Chien-Pao|slp\n|-sideend|p1: Ciq108|move: Light Screen\n|upkeep\n|turn|8\n|\n|t:|1684105716\n|switch|p2b: Never Turn Back|Torkoal, L50, F, shiny, tera:Fire|59\/100\n|-weather|SunnyDay|[from] ability: Drought|[of] p2b: Never Turn Back\n|cant|p1b: Chien-Pao|slp\n|move|p2a: Seven Rings|Snarl|p1b: Chien-Pao|[spread] p1a,p1b\n|-resisted|p1b: Chien-Pao\n|-crit|p1b: Chien-Pao\n|-damage|p1a: Rotom|46\/100\n|-damage|p1b: Chien-Pao|72\/100 slp\n|-unboost|p1b: Chien-Pao|spa|1\n|move|p1a: Rotom|Light Screen|p1a: Rotom\n|-sidestart|p1: Ciq108|move: Light Screen\n|\n|-weather|SunnyDay|[upkeep]\n|-heal|p2a: Seven Rings|97\/100|[from] item: Leftovers\n|upkeep\n|turn|9\n|\n|t:|1684105739\n|cant|p1b: Chien-Pao|slp\n|move|p2a: Seven Rings|Snarl|p1b: Chien-Pao|[spread] p1a,p1b\n|-resisted|p1b: Chien-Pao\n|-damage|p1a: Rotom|39\/100\n|-damage|p1b: Chien-Pao|67\/100 slp\n|-unboost|p1b: Chien-Pao|spa|1\n|move|p1a: Rotom|Overheat|p2b: Never Turn Back\n|-resisted|p2b: Never Turn Back\n|-damage|p2b: Never Turn Back|46\/100\n|move|p2b: Never Turn Back|Eruption|p1a: Rotom|[spread] p1a,p1b\n|-resisted|p1a: Rotom\n|-supereffective|p1b: Chien-Pao\n|-damage|p1a: Rotom|19\/100\n|-damage|p1b: Chien-Pao|0 fnt\n|faint|p1b: Chien-Pao\n|\n|-weather|SunnyDay|[upkeep]\n|-heal|p2a: Seven Rings|100\/100|[from] item: Leftovers\n|upkeep\n|turn|10\n|\n|t:|1684105755\n|move|p2a: Seven Rings|Foul Play|p1a: Rotom\n|-damage|p1a: Rotom|5\/100\n|move|p1a: Rotom|Discharge|p2b: Never Turn Back|[spread] p2a,p2b\n|-crit|p2b: Never Turn Back\n|-damage|p2a: Seven Rings|97\/100\n|-damage|p2b: Never Turn Back|2\/100\n|-status|p2b: Never Turn Back|par\n|move|p2b: Never Turn Back|Overheat|p1a: Rotom\n|-resisted|p1a: Rotom\n|-damage|p1a: Rotom|0 fnt\n|-unboost|p2b: Never Turn Back|spa|2\n|faint|p1a: Rotom\n|\n|win|RylektVGC\n|c|\u2606RylektVGC|gg\n|l| thefriending\n|l| SusJingles\n","uploadtime":1684105772,"views":8,"p1id":"ciq108","p2id":"rylektvgc","formatid":"gen9vgc2023regulationc","rating":0,"private":0,"password":""}