{"id":"gen9vgc2023regulationc-1854482389","p1":"UBE3ANGEL","p2":"Post GC2 testing","format":"[Gen 9] VGC 2023 Regulation C","log":"|j|\u2606UBE3ANGEL\n|j|\u2606Post GC2 testing\n|t:|1682816636\n|gametype|doubles\n|player|p1|UBE3ANGEL|265|1401\n|player|p2|Post GC2 testing|colress|1489\n|teamsize|p1|6\n|teamsize|p2|6\n|gen|9\n|tier|[Gen 9] VGC 2023 Regulation C\n|rated|\n|rule|Species Clause: Limit one of each Pok\u00e9mon\n|rule|Item Clause: Limit one of each item\n|clearpoke\n|poke|p1|Flutter Mane, L50|\n|poke|p1|Amoonguss, L50, F|\n|poke|p1|Dragonite, L50, F|\n|poke|p1|Ting-Lu, L50|\n|poke|p1|Arcanine, L50, F|\n|poke|p1|Palafin, L50, F|\n|poke|p2|Orthworm, L50, F|\n|poke|p2|Dragonite, L50, F|\n|poke|p2|Ting-Lu, L50|\n|poke|p2|Gyarados, L50, M|\n|poke|p2|Flutter Mane, L50|\n|poke|p2|Chien-Pao, L50|\n|teampreview|4\n|\n|t:|1682816657\n|start\n|switch|p1a: Arcanine|Arcanine, L50, F|100\/100\n|switch|p1b: Palafin|Palafin, L50, F|100\/100\n|switch|p2a: Israfel|Ting-Lu, L50|100\/100\n|switch|p2b: Muppet|Orthworm, L50, F, shiny|100\/100\n|-ability|p1a: Arcanine|Intimidate|boost\n|-unboost|p2a: Israfel|atk|1\n|-unboost|p2b: Muppet|atk|1\n|-ability|p2a: Israfel|Vessel of Ruin\n|turn|1\n|\n|t:|1682816678\n|detailschange|p1b: Palafin|Palafin-Hero, L50, F\n|switch|p1b: Amoonguss|Amoonguss, L50, F|100\/100\n|move|p1a: Arcanine|Will-O-Wisp|p2a: Israfel\n|-status|p2a: Israfel|brn\n|move|p2a: Israfel|Earthquake|p1a: Arcanine|[spread] p1a,p1b\n|-immune|p2b: Muppet|[from] ability: Earth Eater\n|-supereffective|p1a: Arcanine\n|-damage|p1a: Arcanine|64\/100\n|-damage|p1b: Amoonguss|88\/100\n|move|p2b: Muppet|Iron Defense|p2b: Muppet\n|-boost|p2b: Muppet|def|2\n|\n|-damage|p2a: Israfel|94\/100 brn|[from] brn\n|upkeep\n|turn|2\n|\n|t:|1682816703\n|switch|p1a: Palafin|Palafin-Hero, L50, F|100\/100\n|-activate|p1a: Palafin|ability: Zero to Hero\n|move|p2a: Israfel|Earthquake|p1a: Palafin|[spread] p1a,p1b\n|-immune|p2b: Muppet|[from] ability: Earth Eater\n|-crit|p1a: Palafin\n|-damage|p1a: Palafin|68\/100\n|-damage|p1b: Amoonguss|74\/100\n|move|p2b: Muppet|Shed Tail|p2b: Muppet\n|-start|p2b: Muppet|Substitute|[from] move: Shed Tail\n|-damage|p2b: Muppet|50\/100\n|-enditem|p2b: Muppet|Sitrus Berry|[eat]\n|-heal|p2b: Muppet|75\/100|[from] item: Sitrus Berry\n|\n|t:|1682816716\n|switch|p2b: Lancelot|Dragonite, L50, F|100\/100|[from] Shed Tail\n|move|p1b: Amoonguss|Spore||[still]\n|-fail|p1b: Amoonguss\n|\n|-damage|p2a: Israfel|88\/100 brn|[from] brn\n|upkeep\n|turn|3\n|\n|t:|1682816730\n|-terastallize|p2b: Lancelot|Flying\n|move|p2b: Lancelot|Tera Blast|p1b: Amoonguss\n|-supereffective|p1b: Amoonguss\n|-damage|p1b: Amoonguss|0 fnt\n|faint|p1b: Amoonguss\n|move|p1a: Palafin|Wave Crash|p2b: Lancelot\n|-end|p2b: Lancelot|Substitute\n|-damage|p1a: Palafin|61\/100|[from] Recoil|[of] p2b: Lancelot\n|move|p2a: Israfel|Earthquake|p1a: Palafin|[spread] p1a\n|-immune|p2b: Lancelot\n|-damage|p1a: Palafin|46\/100\n|\n|-damage|p2a: Israfel|82\/100 brn|[from] brn\n|upkeep\n|\n|t:|1682816745\n|switch|p1b: Flutter Mane|Flutter Mane, L50, shiny|100\/100\n|turn|4\n|\n|t:|1682816801\n|switch|p2a: Muppet|Orthworm, L50, F, shiny|75\/100\n|move|p1a: Palafin|Jet Punch|p2b: Lancelot\n|-damage|p2b: Lancelot|79\/100\n|move|p1b: Flutter Mane|Thunderbolt|p2b: Lancelot\n|-supereffective|p2b: Lancelot\n|-damage|p2b: Lancelot|0 fnt\n|faint|p2b: Lancelot\n|\n|upkeep\n|\n|t:|1682816811\n|switch|p2b: Dem eyes tho|Flutter Mane, L50|100\/100\n|turn|5\n|\n|t:|1682816818\n|move|p2b: Dem eyes tho|Moonblast|p1a: Palafin\n|-crit|p1a: Palafin\n|-damage|p1a: Palafin|0 fnt\n|faint|p1a: Palafin\n|move|p1b: Flutter Mane|Thunderbolt|p2a: Muppet\n|-damage|p2a: Muppet|20\/100\n|move|p2a: Muppet|Heavy Slam|p1b: Flutter Mane\n|-supereffective|p1b: Flutter Mane\n|-damage|p1b: Flutter Mane|0 fnt\n|faint|p1b: Flutter Mane\n|-end|p1b: Flutter Mane|Protosynthesis|[silent]\n|\n|upkeep\n|\n|t:|1682816831\n|switch|p1b: Arcanine|Arcanine, L50, F|64\/100\n|-ability|p1b: Arcanine|Intimidate|boost\n|-unboost|p2a: Muppet|atk|1\n|-unboost|p2b: Dem eyes tho|atk|1\n|turn|6\n|\n|t:|1682816836\n|switch|p2a: Israfel|Ting-Lu, L50|82\/100 brn\n|-ability|p2a: Israfel|Vessel of Ruin\n|move|p2b: Dem eyes tho|Moonblast|p1b: Arcanine\n|-resisted|p1b: Arcanine\n|-damage|p1b: Arcanine|38\/100\n|move|p1b: Arcanine|Flare Blitz|p2b: Dem eyes tho\n|-damage|p2b: Dem eyes tho|24\/100\n|-damage|p1b: Arcanine|17\/100|[from] Recoil\n|\n|-damage|p2a: Israfel|76\/100 brn|[from] brn\n|upkeep\n|turn|7\n|-message|UBE3ANGEL forfeited.\n|\n|win|Post GC2 testing\n|raw|UBE3ANGEL's rating: 1401 → 1386<\/strong> (-15 for losing)\n|raw|Post GC2 testing's rating: 1489 → 1504<\/strong> (+15 for winning)\n|l|\u2606UBE3ANGEL\n|c|\u2606Post GC2 testing|Gg\n","uploadtime":1682816857,"views":10,"p1id":"ube3angel","p2id":"postgc2testing","formatid":"gen9vgc2023regulationc","rating":1386,"private":0,"password":""}