{"id":"gen9vgc2023regulationc-1850038361","p1":"Mr. Darwin","p2":"eshe0","format":"[Gen 9] VGC 2023 Regulation C","log":"|j|\u2606Mr. Darwin\n|j|\u2606eshe0\n|t:|1682280547\n|gametype|doubles\n|player|p1|Mr. Darwin|266|\n|player|p2|eshe0|101|\n|teamsize|p1|6\n|teamsize|p2|6\n|gen|9\n|tier|[Gen 9] VGC 2023 Regulation C\n|rule|Species Clause: Limit one of each Pok\u00e9mon\n|rule|Item Clause: Limit one of each item\n|clearpoke\n|poke|p1|Iron Moth, L50|\n|poke|p1|Gogoat, L50, F|\n|poke|p1|Houndstone, L50, F|\n|poke|p1|Gastrodon, L50, F|\n|poke|p1|Grimmsnarl, L50, M|\n|poke|p1|Tyranitar, L50, F|\n|poke|p2|Dachsbun, L50, F|\n|poke|p2|Kingambit, L50, M|\n|poke|p2|Iron Valiant, L50|\n|poke|p2|Pawmot, L50, M|\n|poke|p2|Stantler, L50, M|\n|poke|p2|Krokorok, L50, M|\n|teampreview|4\n|c|\u2606eshe0|glhf\n|j| judevgc\n|c|\u2606Mr. Darwin|u2\n|j| exstraspaceDND\n|\n|t:|1682280602\n|start\n|switch|p1a: Gogoat|Gogoat, L50, F, shiny|100\/100\n|switch|p1b: Gastrodon|Gastrodon, L50, F, shiny|100\/100\n|switch|p2a: Pawmot|Pawmot, L50, M|100\/100\n|switch|p2b: Iron Valiant|Iron Valiant, L50|100\/100\n|turn|1\n|inactive|Battle timer is ON: inactive players will automatically lose when time's up. (requested by Mr. Darwin)\n|c| exstraspaceDND|omg\n|c| judevgc|yo darwin I love the changes you made to your team\n|c| exstraspaceDND|so many dogs\n|c|\u2606eshe0|tru\n|c| judevgc|looking real scary now\n|c|\u2606eshe0|doggo team\n|inactive|Mr. Darwin has 60 seconds left.\n|c|\u2606Mr. Darwin|yeah lol im still getting the hang of it. Hopefully i can figure it out\n|c|\u2606Mr. Darwin|big dawgs\n|\n|t:|1682280647\n|move|p2a: Pawmot|Fake Out|p1a: Gogoat\n|-damage|p1a: Gogoat|86\/100\n|move|p2b: Iron Valiant|Swords Dance|p2b: Iron Valiant\n|-boost|p2b: Iron Valiant|atk|2\n|cant|p1a: Gogoat|flinch\n|move|p1b: Gastrodon|Earth Power|p2a: Pawmot\n|-supereffective|p2a: Pawmot\n|-enditem|p2a: Pawmot|Shuca Berry|[eat]\n|-enditem|p2a: Pawmot|Shuca Berry|[weaken]\n|-damage|p2a: Pawmot|58\/100\n|\n|upkeep\n|turn|2\n|\n|t:|1682280668\n|move|p2a: Pawmot|Protect|p2a: Pawmot\n|-singleturn|p2a: Pawmot|Protect\n|move|p2b: Iron Valiant|Drain Punch|p1b: Gastrodon\n|-damage|p1b: Gastrodon|41\/100\n|move|p1a: Gogoat|Bulk Up|p1a: Gogoat\n|-boost|p1a: Gogoat|atk|1\n|-boost|p1a: Gogoat|def|1\n|move|p1b: Gastrodon|Chilling Water|p2b: Iron Valiant\n|-damage|p2b: Iron Valiant|69\/100\n|\n|upkeep\n|turn|3\n|c| exstraspaceDND|god dam\n|c|\u2606Mr. Darwin|clear amulet?\n|c| judevgc|:O\n|c|\u2606eshe0|I came prepped\n|c| exstraspaceDND|gastrodon is thick\n|inactive|Mr. Darwin has 30 seconds left.\n|\n|t:|1682280698\n|move|p1b: Gastrodon|Protect|p1b: Gastrodon\n|-singleturn|p1b: Gastrodon|Protect\n|move|p2b: Iron Valiant|Drain Punch|p1b: Gastrodon\n|-activate|p1b: Gastrodon|move: Protect\n|move|p2a: Pawmot|Close Combat|p1a: Gogoat\n|-damage|p1a: Gogoat|43\/100\n|-unboost|p2a: Pawmot|def|1\n|-unboost|p2a: Pawmot|spd|1\n|move|p1a: Gogoat|Earthquake|p2a: Pawmot|[spread] p2a,p2b\n|-activate|p1b: Gastrodon|move: Protect\n|-supereffective|p2a: Pawmot\n|-damage|p2a: Pawmot|0 fnt\n|-damage|p2b: Iron Valiant|34\/100\n|faint|p2a: Pawmot\n|\n|upkeep\n|\n|t:|1682280710\n|switch|p2a: Kingambit|Kingambit, L50, M|100\/100\n|turn|4\n|\n|t:|1682280722\n|-terastallize|p2a: Kingambit|Fighting\n|move|p2b: Iron Valiant|Drain Punch|p1b: Gastrodon\n|-damage|p1b: Gastrodon|0 fnt\n|-heal|p2b: Iron Valiant|63\/100|[from] drain|[of] p1b: Gastrodon\n|faint|p1b: Gastrodon\n|move|p1a: Gogoat|Milk Drink|p1a: Gogoat\n|-heal|p1a: Gogoat|93\/100\n|move|p2a: Kingambit|Kowtow Cleave|p1a: Gogoat\n|-damage|p1a: Gogoat|61\/100\n|\n|upkeep\n|\n|t:|1682280731\n|switch|p1b: Tyranitar|Tyranitar, L50, F, shiny|100\/100\n|-weather|Sandstorm|[from] ability: Sand Stream|[of] p1b: Tyranitar\n|turn|5\n|\n|t:|1682280747\n|-terastallize|p1a: Gogoat|Grass\n|move|p1b: Tyranitar|Protect|p1b: Tyranitar\n|-singleturn|p1b: Tyranitar|Protect\n|move|p2b: Iron Valiant|Drain Punch|p1a: Gogoat\n|-damage|p1a: Gogoat|23\/100\n|-heal|p2b: Iron Valiant|92\/100|[from] drain|[of] p1a: Gogoat\n|-enditem|p1a: Gogoat|Salac Berry|[eat]\n|-boost|p1a: Gogoat|spe|1|[from] item: Salac Berry\n|move|p1a: Gogoat|Horn Leech|p2b: Iron Valiant\n|-damage|p2b: Iron Valiant|31\/100\n|-heal|p1a: Gogoat|44\/100|[from] drain|[of] p2b: Iron Valiant\n|move|p2a: Kingambit|Iron Head|p1b: Tyranitar\n|-activate|p1b: Tyranitar|move: Protect\n|\n|-weather|Sandstorm|[upkeep]\n|-damage|p2b: Iron Valiant|25\/100|[from] Sandstorm\n|-damage|p1a: Gogoat|37\/100|[from] Sandstorm\n|-damage|p2a: Kingambit|95\/100|[from] Sandstorm\n|upkeep\n|turn|6\n|c| judevgc|the GOAT\n|c| exstraspaceDND|uffff\n|inactive|Mr. Darwin has 30 seconds left.\n|inactive|eshe0 has 30 seconds left.\n|\n|t:|1682280778\n|switch|p1a: Houndstone|Houndstone, L50, F|100\/100\n|move|p2b: Iron Valiant|Drain Punch|p1a: Houndstone\n|-immune|p1a: Houndstone\n|move|p1b: Tyranitar|Crunch|p2b: Iron Valiant\n|-resisted|p2b: Iron Valiant\n|-damage|p2b: Iron Valiant|12\/100\n|move|p2a: Kingambit|Iron Head|p1a: Houndstone\n|-damage|p1a: Houndstone|45\/100\n|\n|-weather|Sandstorm|[upkeep]\n|-damage|p2b: Iron Valiant|6\/100|[from] Sandstorm\n|-damage|p2a: Kingambit|89\/100|[from] Sandstorm\n|upkeep\n|turn|7\n|inactive|Mr. Darwin has 30 seconds left.\n|\n|t:|1682280803\n|move|p1a: Houndstone|Shadow Sneak|p2b: Iron Valiant\n|-damage|p2b: Iron Valiant|0 fnt\n|faint|p2b: Iron Valiant\n|-end|p2b: Iron Valiant|Quark Drive|[silent]\n|-damage|p1a: Houndstone|35\/100|[from] item: Life Orb\n|move|p2a: Kingambit|Sucker Punch||[still]\n|-fail|p2a: Kingambit\n|move|p1b: Tyranitar|Crunch|p2a: Kingambit\n|-resisted|p2a: Kingambit\n|-damage|p2a: Kingambit|73\/100\n|\n|-weather|Sandstorm|[upkeep]\n|-damage|p2a: Kingambit|67\/100|[from] Sandstorm\n|upkeep\n|\n|t:|1682280807\n|switch|p2b: Dachsbun|Dachsbun, L50, F|100\/100\n|turn|8\n|\n|t:|1682280819\n|switch|p1b: Gogoat|Gogoat, L50, F, shiny, tera:Grass|37\/100\n|move|p1a: Houndstone|Howl|p1a: Houndstone|[spread] p1a,p1b\n|-boost|p1a: Houndstone|atk|1\n|-boost|p1b: Gogoat|atk|1\n|move|p2b: Dachsbun|Body Press|p1b: Gogoat\n|-damage|p1b: Gogoat|17\/100\n|move|p2a: Kingambit|Iron Head|p1a: Houndstone\n|-damage|p1a: Houndstone|0 fnt\n|faint|p1a: Houndstone\n|\n|-weather|Sandstorm|[upkeep]\n|-damage|p2b: Dachsbun|94\/100|[from] Sandstorm\n|-damage|p1b: Gogoat|10\/100|[from] Sandstorm\n|-damage|p2a: Kingambit|61\/100|[from] Sandstorm\n|upkeep\n|\n|t:|1682280828\n|switch|p1a: Tyranitar|Tyranitar, L50, F, shiny|100\/100\n|turn|9\n|\n|t:|1682280845\n|move|p2b: Dachsbun|Yawn|p1b: Gogoat\n|-start|p1b: Gogoat|move: Yawn|[of] p2b: Dachsbun\n|move|p1b: Gogoat|Milk Drink|p1b: Gogoat\n|-heal|p1b: Gogoat|60\/100\n|move|p1a: Tyranitar|Rock Slide|p2b: Dachsbun|[spread] p2a,p2b\n|-resisted|p2a: Kingambit\n|-damage|p2a: Kingambit|50\/100\n|-damage|p2b: Dachsbun|64\/100\n|cant|p2a: Kingambit|flinch\n|\n|-weather|none\n|upkeep\n|turn|10\n|c| exstraspaceDND|noooooooooooooooooooo\n|\n|t:|1682280865\n|move|p2b: Dachsbun|Body Press|p1a: Tyranitar\n|-supereffective|p1a: Tyranitar\n|-damage|p1a: Tyranitar|35\/100\n|move|p1b: Gogoat|Horn Leech|p2a: Kingambit\n|-damage|p2a: Kingambit|12\/100\n|-heal|p1b: Gogoat|78\/100|[from] drain|[of] p2a: Kingambit\n|move|p1a: Tyranitar|Rock Slide|p2a: Kingambit|[spread] p2a,p2b\n|-resisted|p2a: Kingambit\n|-damage|p2a: Kingambit|0 fnt\n|-damage|p2b: Dachsbun|34\/100\n|faint|p2a: Kingambit\n|\n|-end|p1b: Gogoat|move: Yawn|[silent]\n|-status|p1b: Gogoat|slp\n|upkeep\n|turn|11\n|c| exstraspaceDND|thats unfortunate\n|\n|t:|1682280880\n|move|p2b: Dachsbun|Wish|p2b: Dachsbun\n|cant|p1b: Gogoat|slp\n|move|p1a: Tyranitar|Rock Slide|p2b: Dachsbun\n|-damage|p2b: Dachsbun|0 fnt\n|faint|p2b: Dachsbun\n|\n|win|Mr. Darwin\n|c|\u2606Mr. Darwin|gg\n|c|\u2606eshe0|fuck\n|c|\u2606Mr. Darwin|needed that flinch\n|c|\u2606eshe0|I forgor spread damage\n|c|\u2606eshe0|https:\/\/play.pokemonshowdown.com\/battle-gen9vgc2023regulationc-1850042050\n|l| exstraspaceDND\n|l|\u2606Mr. Darwin\n","uploadtime":1682281662,"views":9,"p1id":"mrdarwin","p2id":"eshe0","formatid":"gen9vgc2023regulationc","rating":0,"private":0,"password":""}