{"id":"gen9vgc2023regulationc-1847277509","p1":"Gone2Flavortown21","p2":"Markingdra","format":"[Gen 9] VGC 2023 Regulation C","log":"|j|\u2606Gone2Flavortown21\n|j|\u2606Markingdra\n|t:|1681933997\n|gametype|doubles\n|player|p1|Gone2Flavortown21|2|1405\n|player|p2|Markingdra|rocketgrunt|1363\n|teamsize|p1|6\n|teamsize|p2|6\n|gen|9\n|tier|[Gen 9] VGC 2023 Regulation C\n|rated|\n|rule|Species Clause: Limit one of each Pok\u00e9mon\n|rule|Item Clause: Limit one of each item\n|clearpoke\n|poke|p1|Volcarona, L50, M|\n|poke|p1|Azumarill, L50, F|\n|poke|p1|Rotom-Mow, L50|\n|poke|p1|Dragonite, L50, F|\n|poke|p1|Flutter Mane, L50|\n|poke|p1|Murkrow, L50, F|\n|poke|p2|Flutter Mane, L50|\n|poke|p2|Amoonguss, L50, F|\n|poke|p2|Pelipper, L50, M|\n|poke|p2|Palafin, L50, F|\n|poke|p2|Chien-Pao, L50|\n|poke|p2|Iron Hands, L50|\n|teampreview|4\nMarkingdra has agreed to open team sheets.\n|\n|t:|1681934030\n|start\n|switch|p1a: Murkrow|Murkrow, L50, F|100\/100\n|switch|p1b: Dragonite|Dragonite, L50, F|100\/100\n|switch|p2a: Chien-Pao|Chien-Pao, L50|100\/100\n|switch|p2b: Palafin|Palafin, L50, F, shiny|100\/100\n|-ability|p2a: Chien-Pao|Sword of Ruin\n|turn|1\n|\n|t:|1681934047\n|-terastallize|p1b: Dragonite|Steel\n|move|p1a: Murkrow|Tailwind|p1a: Murkrow\n|-sidestart|p1: Gone2Flavortown21|move: Tailwind\n|move|p1b: Dragonite|Earthquake|p2b: Palafin|[spread] p2a,p2b\n|-immune|p1a: Murkrow\n|-damage|p2a: Chien-Pao|37\/100\n|-damage|p2b: Palafin|33\/100\n|move|p2a: Chien-Pao|Ice Spinner|p1b: Dragonite\n|-resisted|p1b: Dragonite\n|-damage|p1b: Dragonite|57\/100\n|move|p2b: Palafin|Wave Crash|p1b: Dragonite\n|-damage|p1b: Dragonite|0 fnt\n|faint|p1b: Dragonite\n|-damage|p2b: Palafin|18\/100|[from] Recoil\n|\n|-heal|p2b: Palafin|24\/100|[from] item: Leftovers\n|upkeep\n|\n|t:|1681934060\n|switch|p1b: Flutter Mane|Flutter Mane, L50|100\/100\n|-enditem|p1b: Flutter Mane|Booster Energy\n|-activate|p1b: Flutter Mane|ability: Protosynthesis|[fromitem]\n|-start|p1b: Flutter Mane|protosynthesisspa\n|turn|2\n|\n|t:|1681934079\n|-end|p1b: Flutter Mane|Protosynthesis|[silent]\n|switch|p1b: Rotom|Rotom-Mow, L50|100\/100\n|switch|p2a: Flutter Mane|Flutter Mane, L50|100\/100\n|-enditem|p2a: Flutter Mane|Booster Energy\n|-activate|p2a: Flutter Mane|ability: Protosynthesis|[fromitem]\n|-start|p2a: Flutter Mane|protosynthesisspe\n|move|p2b: Palafin|Protect|p2b: Palafin\n|-singleturn|p2b: Palafin|Protect\n|move|p1a: Murkrow|Brave Bird|p2b: Palafin\n|-activate|p2b: Palafin|move: Protect\n|\n|-heal|p2b: Palafin|29\/100|[from] item: Leftovers\n|upkeep\n|turn|3\n|\n|t:|1681934093\n|detailschange|p2b: Palafin|Palafin-Hero, L50, F, shiny\n|switch|p2b: Iron Hands|Iron Hands, L50, shiny|100\/100\n|move|p2a: Flutter Mane|Moonblast|p1a: Murkrow\n|-supereffective|p1a: Murkrow\n|-damage|p1a: Murkrow|0 fnt\n|faint|p1a: Murkrow\n|move|p1b: Rotom|Thunderbolt|p2b: Iron Hands\n|-resisted|p2b: Iron Hands\n|-damage|p2b: Iron Hands|91\/100\n|\n|upkeep\n|\n|t:|1681934096\n|switch|p1a: Flutter Mane|Flutter Mane, L50|100\/100\n|turn|4\n|\n|t:|1681934116\n|move|p2a: Flutter Mane|Protect|p2a: Flutter Mane\n|-singleturn|p2a: Flutter Mane|Protect\n|move|p1a: Flutter Mane|Moonblast|p2a: Flutter Mane\n|-activate|p2a: Flutter Mane|move: Protect\n|move|p1b: Rotom|Thunderbolt|p2a: Flutter Mane\n|-activate|p2a: Flutter Mane|move: Protect\n|move|p2b: Iron Hands|Thunder Punch|p1a: Flutter Mane\n|-damage|p1a: Flutter Mane|13\/100\n|\n|-sideend|p1: Gone2Flavortown21|move: Tailwind\n|upkeep\n|turn|5\n|-message|Gone2Flavortown21 forfeited.\n|\n|win|Markingdra\n|raw|Gone2Flavortown21's rating: 1405 → 1383<\/strong> (-22 for losing)\n|raw|Markingdra's rating: 1363 → 1385<\/strong> (+22 for winning)\n|l|\u2606Gone2Flavortown21\n","uploadtime":1681934136,"views":12,"p1id":"gone2flavortown21","p2id":"markingdra","formatid":"gen9vgc2023regulationc","rating":1383,"private":0,"password":""}