{"id":"gen9vgc2023regulationc-1846277666","p1":"OlimpianVJ","p2":"ADKaori","format":"[Gen 9] VGC 2023 Regulation C","log":"|j|\u2606OlimpianVJ\n|j|\u2606ADKaori\n|t:|1681827836\n|gametype|doubles\n|player|p1|OlimpianVJ|harlequin|1099\n|player|p2|ADKaori|elesa|1031\n|teamsize|p1|6\n|teamsize|p2|6\n|gen|9\n|tier|[Gen 9] VGC 2023 Regulation C\n|rated|\n|rule|Species Clause: Limit one of each Pok\u00e9mon\n|rule|Item Clause: Limit one of each item\n|clearpoke\n|poke|p1|Gyarados, L50, M|\n|poke|p1|Ting-Lu, L50|\n|poke|p1|Flutter Mane, L50|\n|poke|p1|Amoonguss, L50, F|\n|poke|p1|Iron Hands, L50|\n|poke|p1|Arcanine, L50, F|\n|poke|p2|Clodsire, L50, F|\n|poke|p2|Pelipper, L50, M|\n|poke|p2|Orthworm, L50, F|\n|poke|p2|Tyranitar, L50, F|\n|poke|p2|Dudunsparce-*, L50, F|\n|poke|p2|Tsareena, L50, F|\n|teampreview|4\nADKaori rejected open team sheets.\n|\n|t:|1681827858\n|start\n|switch|p1a: Iron Hands|Iron Hands, L50|100\/100\n|switch|p1b: Ting-Lu|Ting-Lu, L50|100\/100\n|switch|p2a: Dudunsparce|Dudunsparce-Three-Segment, L50, F|100\/100\n|switch|p2b: Pelipper|Pelipper, L50, M|100\/100\n|-weather|RainDance|[from] ability: Drizzle|[of] p2b: Pelipper\n|-ability|p1b: Ting-Lu|Vessel of Ruin\n|turn|1\n|\n|t:|1681827871\n|move|p1b: Ting-Lu|Protect|p1b: Ting-Lu\n|-singleturn|p1b: Ting-Lu|Protect\n|move|p2a: Dudunsparce|Rock Slide|p1b: Ting-Lu|[spread] p1a\n|-activate|p1b: Ting-Lu|move: Protect\n|-resisted|p1a: Iron Hands\n|-damage|p1a: Iron Hands|95\/100\n|move|p2b: Pelipper|Tailwind|p2b: Pelipper\n|-sidestart|p2: ADKaori|move: Tailwind\n|cant|p1a: Iron Hands|flinch\n|\n|-weather|RainDance|[upkeep]\n|upkeep\n|turn|2\n|\n|t:|1681827889\n|switch|p1b: Amoonguss|Amoonguss, L50, F, shiny|100\/100\n|move|p2b: Pelipper|Wide Guard|p2b: Pelipper\n|-singleturn|p2b: Pelipper|Wide Guard\n|move|p2a: Dudunsparce|Rock Slide|p1a: Iron Hands|[spread] p1a,p1b\n|-resisted|p1a: Iron Hands\n|-damage|p1a: Iron Hands|90\/100\n|-damage|p1b: Amoonguss|85\/100\n|move|p1a: Iron Hands|Volt Switch|p2b: Pelipper\n|-supereffective|p2b: Pelipper\n|-damage|p2b: Pelipper|29\/100\n|\n|t:|1681827900\n|-end|p1a: Iron Hands|Quark Drive|[silent]\n|switch|p1a: Ting-Lu|Ting-Lu, L50|100\/100|[from] Volt Switch\n|-ability|p1a: Ting-Lu|Vessel of Ruin\n|\n|-weather|RainDance|[upkeep]\n|-heal|p1b: Amoonguss|91\/100|[from] item: Leftovers\n|upkeep\n|turn|3\n|\n|t:|1681827910\n|move|p1a: Ting-Lu|Protect|p1a: Ting-Lu\n|-singleturn|p1a: Ting-Lu|Protect\n|move|p2a: Dudunsparce|Rock Slide|p1b: Amoonguss|[spread] \n|-activate|p1a: Ting-Lu|move: Protect\n|-miss|p2a: Dudunsparce|p1b: Amoonguss\n|move|p2b: Pelipper|Hurricane|p1b: Amoonguss\n|-supereffective|p1b: Amoonguss\n|-damage|p1b: Amoonguss|22\/100\n|-start|p1b: Amoonguss|confusion\n|-activate|p1b: Amoonguss|confusion\n|move|p1b: Amoonguss|Spore|p2a: Dudunsparce\n|-status|p2a: Dudunsparce|slp|[from] move: Spore\n|\n|-weather|RainDance|[upkeep]\n|-heal|p1b: Amoonguss|28\/100|[from] item: Leftovers\n|upkeep\n|turn|4\n|\n|t:|1681827931\n|switch|p1b: Iron Hands|Iron Hands, L50|90\/100\n|cant|p2a: Dudunsparce|slp\n|move|p2b: Pelipper|Hurricane|p1a: Ting-Lu\n|-damage|p1a: Ting-Lu|69\/100\n|move|p1a: Ting-Lu|Fissure|p2a: Dudunsparce|[miss]\n|-miss|p1a: Ting-Lu|p2a: Dudunsparce\n|\n|-weather|RainDance|[upkeep]\n|-sideend|p2: ADKaori|move: Tailwind\n|upkeep\n|turn|5\n|\n|t:|1681827947\n|cant|p2a: Dudunsparce|slp\n|move|p2b: Pelipper|Tailwind|p2b: Pelipper\n|-sidestart|p2: ADKaori|move: Tailwind\n|move|p1b: Iron Hands|Thunder Punch|p2b: Pelipper\n|-supereffective|p2b: Pelipper\n|-damage|p2b: Pelipper|0 fnt\n|faint|p2b: Pelipper\n|move|p1a: Ting-Lu|Fissure|p2a: Dudunsparce|[miss]\n|-miss|p1a: Ting-Lu|p2a: Dudunsparce\n|\n|-weather|none\n|upkeep\n|\n|t:|1681827958\n|switch|p2b: Tsareena|Tsareena, L50, F|100\/100\n|turn|6\n|\n|t:|1681827965\n|-curestatus|p2a: Dudunsparce|slp|[msg]\n|move|p2a: Dudunsparce|Rock Slide|p1a: Ting-Lu|[spread] p1a,p1b\n|-resisted|p1a: Ting-Lu\n|-resisted|p1b: Iron Hands\n|-damage|p1a: Ting-Lu|66\/100\n|-damage|p1b: Iron Hands|84\/100\n|move|p2b: Tsareena|Low Kick|p1a: Ting-Lu\n|-supereffective|p1a: Ting-Lu\n|-damage|p1a: Ting-Lu|27\/100\n|-damage|p2b: Tsareena|84\/100|[from] item: Rocky Helmet|[of] p1a: Ting-Lu\n|cant|p1b: Iron Hands|flinch\n|move|p1a: Ting-Lu|Fissure|p2b: Tsareena|[miss]\n|-miss|p1a: Ting-Lu|p2b: Tsareena\n|\n|upkeep\n|turn|7\n|\n|t:|1681827993\n|move|p1a: Ting-Lu|Protect|p1a: Ting-Lu\n|-singleturn|p1a: Ting-Lu|Protect\n|move|p2a: Dudunsparce|Rock Slide|p1a: Ting-Lu|[spread] p1b\n|-activate|p1a: Ting-Lu|move: Protect\n|-resisted|p1b: Iron Hands\n|-damage|p1b: Iron Hands|79\/100\n|move|p2b: Tsareena|Trop Kick|p1b: Iron Hands\n|-damage|p1b: Iron Hands|54\/100\n|-unboost|p1b: Iron Hands|atk|1\n|cant|p1b: Iron Hands|flinch\n|\n|upkeep\n|turn|8\n|\n|t:|1681828016\n|-terastallize|p1b: Iron Hands|Fighting\n|move|p2a: Dudunsparce|Rock Slide|p1a: Ting-Lu|[spread] p1a,p1b\n|-resisted|p1a: Ting-Lu\n|-resisted|p1b: Iron Hands\n|-damage|p1a: Ting-Lu|23\/100\n|-damage|p1b: Iron Hands|48\/100\n|move|p2b: Tsareena|Low Kick|p1a: Ting-Lu\n|-supereffective|p1a: Ting-Lu\n|-crit|p1a: Ting-Lu\n|-damage|p1a: Ting-Lu|0 fnt\n|-damage|p2b: Tsareena|68\/100|[from] item: Rocky Helmet|[of] p1a: Ting-Lu\n|faint|p1a: Ting-Lu\n|cant|p1b: Iron Hands|flinch\n|\n|-sideend|p2: ADKaori|move: Tailwind\n|upkeep\n|\n|t:|1681828031\n|switch|p1a: Amoonguss|Amoonguss, L50, F, shiny|62\/100\n|turn|9\n|\n|t:|1681828039\n|move|p2a: Dudunsparce|Rock Slide|p1b: Iron Hands|[spread] p1a,p1b\n|-resisted|p1b: Iron Hands\n|-damage|p1a: Amoonguss|45\/100\n|-damage|p1b: Iron Hands|43\/100\n|move|p2b: Tsareena|Taunt|p1a: Amoonguss\n|-start|p1a: Amoonguss|move: Taunt\n|cant|p1b: Iron Hands|flinch\n|cant|p1a: Amoonguss|flinch\n|\n|-heal|p1a: Amoonguss|51\/100|[from] item: Leftovers\n|upkeep\n|turn|10\n|\n|t:|1681828055\n|move|p2a: Dudunsparce|Rock Slide|p1a: Amoonguss|[spread] p1a,p1b\n|-resisted|p1b: Iron Hands\n|-damage|p1a: Amoonguss|36\/100\n|-damage|p1b: Iron Hands|37\/100\n|move|p2b: Tsareena|U-turn|p1a: Amoonguss\n|-damage|p1a: Amoonguss|13\/100\n|\n|t:|1681828063\n|switch|p2b: Clodsire|Clodsire, L50, F|100\/100|[from] U-turn\n|move|p1b: Iron Hands|Drain Punch|p2a: Dudunsparce\n|-supereffective|p2a: Dudunsparce\n|-damage|p2a: Dudunsparce|11\/100\n|-heal|p1b: Iron Hands|72\/100|[from] drain|[of] p2a: Dudunsparce\n|cant|p1a: Amoonguss|flinch\n|\n|-heal|p1a: Amoonguss|19\/100|[from] item: Leftovers\n|upkeep\n|turn|11\n|\n|t:|1681828084\n|move|p2a: Dudunsparce|Rock Slide|p1a: Amoonguss|[spread] p1a,p1b\n|-resisted|p1b: Iron Hands\n|-crit|p1b: Iron Hands\n|-damage|p1a: Amoonguss|3\/100\n|-damage|p1b: Iron Hands|64\/100\n|cant|p1b: Iron Hands|flinch\n|move|p1a: Amoonguss|Pollen Puff|p2b: Clodsire\n|-resisted|p2b: Clodsire\n|-damage|p2b: Clodsire|95\/100\n|move|p2b: Clodsire|Toxic|p1b: Iron Hands\n|-status|p1b: Iron Hands|tox\n|\n|-heal|p1a: Amoonguss|9\/100|[from] item: Leftovers\n|-heal|p2b: Clodsire|100\/100|[from] item: Black Sludge\n|-damage|p1b: Iron Hands|58\/100 tox|[from] psn\n|-end|p1a: Amoonguss|move: Taunt\n|upkeep\n|turn|12\n|\n|t:|1681828107\n|-end|p1b: Iron Hands|Quark Drive|[silent]\n|switch|p1b: Flutter Mane|Flutter Mane, L50|100\/100\n|move|p2a: Dudunsparce|Rock Slide|p1b: Flutter Mane|[spread] p1a,p1b\n|-damage|p1a: Amoonguss|0 fnt\n|-damage|p1b: Flutter Mane|68\/100\n|faint|p1a: Amoonguss\n|move|p2b: Clodsire|Chilling Water|p1b: Flutter Mane\n|-damage|p1b: Flutter Mane|63\/100\n|-unboost|p1b: Flutter Mane|atk|1\n|\n|upkeep\n|\n|t:|1681828116\n|switch|p1a: Iron Hands|Iron Hands, L50, tera:Fighting|58\/100 tox\n|turn|13\n|\n|t:|1681828124\n|move|p2a: Dudunsparce|Rock Slide|p1a: Iron Hands|[spread] p1a\n|-miss|p2a: Dudunsparce|p1b: Flutter Mane\n|-resisted|p1a: Iron Hands\n|-damage|p1a: Iron Hands|53\/100 tox\n|move|p1b: Flutter Mane|Dazzling Gleam|p2a: Dudunsparce|[spread] p2a,p2b\n|-resisted|p2b: Clodsire\n|-damage|p2a: Dudunsparce|0 fnt\n|-damage|p2b: Clodsire|91\/100\n|faint|p2a: Dudunsparce\n|move|p1a: Iron Hands|Drain Punch|p2b: Clodsire\n|-resisted|p2b: Clodsire\n|-damage|p2b: Clodsire|57\/100\n|-heal|p1a: Iron Hands|69\/100 tox|[from] drain|[of] p2b: Clodsire\n|move|p2b: Clodsire|Toxic|p1b: Flutter Mane\n|-status|p1b: Flutter Mane|tox\n|\n|-heal|p2b: Clodsire|63\/100|[from] item: Black Sludge\n|-damage|p1b: Flutter Mane|57\/100 tox|[from] psn\n|-damage|p1a: Iron Hands|63\/100 tox|[from] psn\n|upkeep\n|\n|t:|1681828141\n|switch|p2a: Tsareena|Tsareena, L50, F|68\/100\n|turn|14\n|\n|t:|1681828159\n|move|p1b: Flutter Mane|Shadow Ball|p2a: Tsareena\n|-damage|p2a: Tsareena|22\/100\n|-unboost|p2a: Tsareena|spd|1\n|move|p2a: Tsareena|Trop Kick|p1a: Iron Hands\n|-damage|p1a: Iron Hands|40\/100 tox\n|-unboost|p1a: Iron Hands|atk|1\n|move|p1a: Iron Hands|Drain Punch|p2a: Tsareena\n|-damage|p2a: Tsareena|0 fnt\n|-heal|p1a: Iron Hands|47\/100 tox|[from] drain|[of] p2a: Tsareena\n|faint|p2a: Tsareena\n|move|p2b: Clodsire|Recover|p2b: Clodsire\n|-heal|p2b: Clodsire|100\/100\n|\n|-damage|p1b: Flutter Mane|44\/100 tox|[from] psn\n|-damage|p1a: Iron Hands|35\/100 tox|[from] psn\n|upkeep\n|turn|15\n|\n|t:|1681828184\n|move|p1b: Flutter Mane|Energy Ball|p2b: Clodsire\n|-damage|p2b: Clodsire|82\/100\n|move|p1a: Iron Hands|Drain Punch|p2b: Clodsire\n|-resisted|p2b: Clodsire\n|-damage|p2b: Clodsire|60\/100\n|-heal|p1a: Iron Hands|45\/100 tox|[from] drain|[of] p2b: Clodsire\n|move|p2b: Clodsire|Recover|p2b: Clodsire\n|-heal|p2b: Clodsire|100\/100\n|\n|-damage|p1b: Flutter Mane|26\/100 tox|[from] psn\n|-damage|p1a: Iron Hands|27\/100 tox|[from] psn\n|upkeep\n|turn|16\n|\n|t:|1681828201\n|move|p1b: Flutter Mane|Dark Pulse|p2b: Clodsire\n|-damage|p2b: Clodsire|86\/100\n|move|p1a: Iron Hands|Drain Punch|p2b: Clodsire\n|-resisted|p2b: Clodsire\n|-damage|p2b: Clodsire|64\/100\n|-heal|p1a: Iron Hands|37\/100 tox|[from] drain|[of] p2b: Clodsire\n|move|p2b: Clodsire|Recover|p2b: Clodsire\n|-heal|p2b: Clodsire|100\/100\n|\n|-damage|p1b: Flutter Mane|1\/100 tox|[from] psn\n|-damage|p1a: Iron Hands|12\/100 tox|[from] psn\n|upkeep\n|turn|17\n|c|\u2606OlimpianVJ|u are bullshit\n|c|\u2606ADKaori|?\n|\n|t:|1681828221\n|move|p1b: Flutter Mane|Dark Pulse|p2b: Clodsire\n|-damage|p2b: Clodsire|84\/100\n|move|p1a: Iron Hands|Drain Punch|p2b: Clodsire\n|-resisted|p2b: Clodsire\n|-damage|p2b: Clodsire|62\/100\n|-heal|p1a: Iron Hands|22\/100 tox|[from] drain|[of] p2b: Clodsire\n|move|p2b: Clodsire|Recover|p2b: Clodsire\n|-heal|p2b: Clodsire|100\/100\n|\n|-damage|p1b: Flutter Mane|0 fnt|[from] psn\n|faint|p1b: Flutter Mane\n|-end|p1b: Flutter Mane|Protosynthesis|[silent]\n|-damage|p1a: Iron Hands|0 fnt|[from] psn\n|faint|p1a: Iron Hands\n|-end|p1a: Iron Hands|Quark Drive|[silent]\n|\n|win|ADKaori\n|upkeep\n|raw|OlimpianVJ's rating: 1099 → 1069<\/strong> (-30 for losing)\n|raw|ADKaori's rating: 1031 → 1073<\/strong> (+42 for winning)\n|c|\u2606ADKaori|why?\n|l|\u2606OlimpianVJ\n|c|\u2606ADKaori|gg\n","uploadtime":1681828254,"views":9,"p1id":"olimpianvj","p2id":"adkaori","formatid":"gen9vgc2023regulationc","rating":1069,"private":0,"password":""}