{"id":"gen9vgc2023regulationc-1856714155","p1":"crazytothemax","p2":"kiwiking52","format":"[Gen 9] VGC 2023 Regulation C","log":"|j|\u2606crazytothemax\n|j|\u2606kiwiking52\n|t:|1683099344\n|gametype|doubles\n|player|p1|crazytothemax|cynthia|\n|player|p2|kiwiking52|102|\n|teamsize|p1|6\n|teamsize|p2|6\n|gen|9\n|tier|[Gen 9] VGC 2023 Regulation C\n|rule|Species Clause: Limit one of each Pok\u00e9mon\n|rule|Item Clause: Limit one of each item\n|clearpoke\n|poke|p1|Palafin, L50, M|\n|poke|p1|Chien-Pao, L50|\n|poke|p1|Dragapult, L50, M|\n|poke|p1|Amoonguss, L50, F|\n|poke|p1|Arcanine, L50, M|\n|poke|p1|Flutter Mane, L50|\n|poke|p2|Ting-Lu, L50|\n|poke|p2|Abomasnow, L50, F|\n|poke|p2|Flutter Mane, L50|\n|poke|p2|Iron Hands, L50|\n|poke|p2|Bronzong, L50|\n|poke|p2|Arcanine, L50, F|\n|teampreview|4\n|\n|t:|1683099403\n|start\n|switch|p1a: Bundle|Chien-Pao, L50|100\/100\n|switch|p1b: Dnite|Dragapult, L50, M|100\/100\n|switch|p2a: Bronzong|Bronzong, L50|100\/100\n|switch|p2b: Abomasnow|Abomasnow, L50, F|100\/100\n|-ability|p1a: Bundle|Sword of Ruin\n|-weather|Snow|[from] ability: Snow Warning|[of] p2b: Abomasnow\n|turn|1\n|\n|t:|1683099457\n|-terastallize|p1b: Dnite|Steel\n|move|p1a: Bundle|Sucker Punch||[still]\n|-fail|p1a: Bundle\n|move|p1b: Dnite|Tera Blast|p2b: Abomasnow\n|-supereffective|p2b: Abomasnow\n|-damage|p2b: Abomasnow|0 fnt\n|faint|p2b: Abomasnow\n|move|p2a: Bronzong|Trick Room|p2a: Bronzong\n|-fieldstart|move: Trick Room|[of] p2a: Bronzong\n|\n|-weather|Snow|[upkeep]\n|upkeep\n|\n|t:|1683099469\n|switch|p2b: Ting-Lu|Ting-Lu, L50|100\/100\n|-ability|p2b: Ting-Lu|Vessel of Ruin\n|turn|2\n|\n|t:|1683099534\n|move|p2a: Bronzong|Gyro Ball|p1a: Bundle\n|-supereffective|p1a: Bundle\n|-damage|p1a: Bundle|18\/100\n|move|p2b: Ting-Lu|Earthquake|p1a: Bundle|[spread] p1a,p1b\n|-immune|p2a: Bronzong|[from] ability: Levitate\n|-supereffective|p1b: Dnite\n|-damage|p1a: Bundle|0 fnt\n|-damage|p1b: Dnite|0 fnt\n|faint|p1a: Bundle\n|faint|p1b: Dnite\n|\n|-weather|Snow|[upkeep]\n|upkeep\n|\n|t:|1683099552\n|switch|p1a: Dozo|Palafin, L50, M|100\/100\n|switch|p1b: ChiYu|Arcanine, L50, M|100\/100\n|-ability|p1b: ChiYu|Intimidate|boost\n|-unboost|p2a: Bronzong|atk|1\n|-unboost|p2b: Ting-Lu|atk|1\n|turn|3\n|\n|t:|1683099606\n|move|p2a: Bronzong|Protect|p2a: Bronzong\n|-singleturn|p2a: Bronzong|Protect\n|move|p1a: Dozo|Jet Punch|p2b: Ting-Lu\n|-supereffective|p2b: Ting-Lu\n|-damage|p2b: Ting-Lu|68\/100\n|move|p2b: Ting-Lu|Earthquake|p1a: Dozo|[spread] p1a,p1b\n|-activate|p2a: Bronzong|move: Protect\n|-supereffective|p1b: ChiYu\n|-damage|p1a: Dozo|57\/100\n|-damage|p1b: ChiYu|16\/100\n|move|p1b: ChiYu|Flare Blitz|p2a: Bronzong\n|-activate|p2a: Bronzong|move: Protect\n|\n|-weather|Snow|[upkeep]\n|upkeep\n|turn|4\n|\n|t:|1683099650\n|move|p1b: ChiYu|Protect|p1b: ChiYu\n|-singleturn|p1b: ChiYu|Protect\n|move|p2a: Bronzong|Safeguard|p2a: Bronzong\n|-sidestart|p2: kiwiking52|Safeguard\n|move|p2b: Ting-Lu|Earthquake|p1b: ChiYu|[spread] p1a\n|-activate|p1b: ChiYu|move: Protect\n|-immune|p2a: Bronzong|[from] ability: Levitate\n|-damage|p1a: Dozo|16\/100\n|move|p1a: Dozo|Wave Crash|p2b: Ting-Lu\n|-supereffective|p2b: Ting-Lu\n|-damage|p2b: Ting-Lu|2\/100\n|-damage|p1a: Dozo|0 fnt|[from] Recoil\n|faint|p1a: Dozo\n|\n|-weather|Snow|[upkeep]\n|upkeep\n|turn|5\n|\n|t:|1683099698\n|move|p1b: ChiYu|Extreme Speed|p2b: Ting-Lu\n|-damage|p2b: Ting-Lu|0 fnt\n|faint|p2b: Ting-Lu\n|move|p2a: Bronzong|Gyro Ball|p1b: ChiYu\n|-resisted|p1b: ChiYu\n|-damage|p1b: ChiYu|4\/100\n|\n|-weather|none\n|-fieldend|move: Trick Room\n|upkeep\n|\n|t:|1683099722\n|switch|p2b: Iron Hands|Iron Hands, L50|100\/100\n|turn|6\n|\n|t:|1683099776\n|move|p2b: Iron Hands|Fake Out|p1b: ChiYu\n|-damage|p1b: ChiYu|0 fnt\n|faint|p1b: ChiYu\n|\n|win|kiwiking52\n","uploadtime":1683099801,"views":10,"p1id":"crazytothemax","p2id":"kiwiking52","formatid":"gen9vgc2023regulationc","rating":0,"private":0,"password":""}