{"id":"gen9vgc2023regulationc-1863985119","p1":"sempr9","p2":"starmaster","format":"[Gen 9] VGC 2023 Regulation C","log":"|j|\u2606sempr9\n|j|\u2606starmaster\n|t:|1684101424\n|gametype|doubles\n|player|p1|sempr9|miriam|\n|player|p2|starmaster|#ssdivserpents|\n|teamsize|p1|6\n|teamsize|p2|6\n|gen|9\n|tier|[Gen 9] VGC 2023 Regulation C\n|rule|Species Clause: Limit one of each Pok\u00e9mon\n|rule|Item Clause: Limit one of each item\n|clearpoke\n|poke|p1|Scream Tail, L50|\n|poke|p1|Iron Bundle, L50|\n|poke|p1|Flutter Mane, L50|\n|poke|p1|Annihilape, L50, F|\n|poke|p1|Chi-Yu, L50|\n|poke|p1|Amoonguss, L50, F|\n|poke|p2|Iron Bundle, L50|\n|poke|p2|Great Tusk, L50|\n|poke|p2|Amoonguss, L50, F|\n|poke|p2|Flutter Mane, L50|\n|poke|p2|Talonflame, L50, M|\n|poke|p2|Kingambit, L50, F|\n|teampreview|4\nsempr9 has agreed to open team sheets.\n|c|\u2606starmaster|g2\nstarmaster has agreed to open team sheets.\n|j| Borghi\n|j| IchigoZangeCorner\n|j| ck49\n|j| xrn\n|j|+TPP\n|j|+Stone Cold\n|l|+Stone Cold\n|j| corvere\u2661\n|\n|t:|1684101869\n|start\n|switch|p1a: Iron Bundle|Iron Bundle, L50, shiny|100\/100\n|switch|p1b: Amoonguss|Amoonguss, L50, F, shiny|100\/100\n|switch|p2a: Iron Bundle|Iron Bundle, L50|100\/100\n|switch|p2b: Great Tusk|Great Tusk, L50|100\/100\n|-enditem|p2a: Iron Bundle|Booster Energy\n|-activate|p2a: Iron Bundle|ability: Quark Drive|[fromitem]\n|-start|p2a: Iron Bundle|quarkdrivespe\n|turn|1\n|j|+Stone Cold\n|j| tagmouse27\n|l|+Stone Cold\n|j|+Stone Cold\n|\n|t:|1684101929\n|move|p2b: Great Tusk|Protect|p2b: Great Tusk\n|-singleturn|p2b: Great Tusk|Protect\n|move|p2a: Iron Bundle|Icy Wind|p1b: Amoonguss|[spread] p1a,p1b\n|-resisted|p1a: Iron Bundle\n|-supereffective|p1b: Amoonguss\n|-damage|p1a: Iron Bundle|91\/100\n|-damage|p1b: Amoonguss|65\/100\n|-unboost|p1a: Iron Bundle|spe|1\n|-unboost|p1b: Amoonguss|spe|1\n|move|p1a: Iron Bundle|Freeze-Dry|p2b: Great Tusk\n|-activate|p2b: Great Tusk|move: Protect\n|move|p1b: Amoonguss|Spore|p2a: Iron Bundle\n|-status|p2a: Iron Bundle|slp|[from] move: Spore\n|\n|upkeep\n|turn|2\n|l| xrn\n|\n|t:|1684101981\n|-end|p2a: Iron Bundle|Quark Drive|[silent]\n|switch|p2a: Talonflame|Talonflame, L50, M|100\/100\n|-terastallize|p2b: Great Tusk|Ground\n|move|p1b: Amoonguss|Rage Powder|p1b: Amoonguss\n|-singleturn|p1b: Amoonguss|move: Rage Powder\n|move|p2b: Great Tusk|Earthquake|p1a: Iron Bundle|[spread] p1a,p1b\n|-immune|p2a: Talonflame\n|-damage|p1a: Iron Bundle|3\/100\n|-damage|p1b: Amoonguss|3\/100\n|-damage|p2b: Great Tusk|91\/100|[from] item: Life Orb\n|move|p1a: Iron Bundle|Freeze-Dry|p2b: Great Tusk\n|-supereffective|p2b: Great Tusk\n|-damage|p2b: Great Tusk|0 fnt\n|faint|p2b: Great Tusk\n|-end|p2b: Great Tusk|Protosynthesis|[silent]\n|\n|upkeep\n|j| claire tang\n|\n|t:|1684101997\n|switch|p2b: Flutter Mane|Flutter Mane, L50|100\/100\n|turn|3\n|\n|t:|1684102030\n|move|p1b: Amoonguss|Protect|p1b: Amoonguss\n|-singleturn|p1b: Amoonguss|Protect\n|move|p2a: Talonflame|Tailwind|p2a: Talonflame\n|-sidestart|p2: starmaster|move: Tailwind\n|move|p2b: Flutter Mane|Dazzling Gleam|p1b: Amoonguss|[spread] p1a\n|-activate|p1b: Amoonguss|move: Protect\n|-damage|p1a: Iron Bundle|0 fnt\n|faint|p1a: Iron Bundle\n|-end|p1a: Iron Bundle|Quark Drive|[silent]\n|\n|upkeep\n|\n|t:|1684102035\n|switch|p1a: Annihilape|Annihilape, L50, F|100\/100\n|turn|4\n|\n|t:|1684102068\n|-end|p2b: Flutter Mane|Protosynthesis|[silent]\n|switch|p2b: Iron Bundle|Iron Bundle, L50|100\/100 slp\n|-terastallize|p1a: Annihilape|Fire\n|move|p1b: Amoonguss|Rage Powder|p1b: Amoonguss\n|-singleturn|p1b: Amoonguss|move: Rage Powder\n|move|p2a: Talonflame|Brave Bird|p1b: Amoonguss\n|-supereffective|p1b: Amoonguss\n|-damage|p1b: Amoonguss|0 fnt\n|-damage|p2a: Talonflame|84\/100|[from] item: Rocky Helmet|[of] p1b: Amoonguss\n|faint|p1b: Amoonguss\n|-damage|p2a: Talonflame|83\/100|[from] Recoil\n|move|p1a: Annihilape|Rage Fist|p2b: Iron Bundle\n|-damage|p2b: Iron Bundle|77\/100 slp\n|\n|upkeep\n|\n|t:|1684102084\n|switch|p1b: Flutter Mane|Flutter Mane, L50|100\/100\n|turn|5\n|j| Beka\n|j|+Litwick@!\n|l|+Stone Cold\n|\n|t:|1684102141\n|move|p2a: Talonflame|Brave Bird|p1b: Flutter Mane\n|-damage|p1b: Flutter Mane|8\/100\n|-damage|p2a: Talonflame|59\/100|[from] Recoil\n|cant|p2b: Iron Bundle|slp\n|move|p1b: Flutter Mane|Dazzling Gleam|p2b: Iron Bundle|[spread] p2a,p2b\n|-resisted|p2a: Talonflame\n|-damage|p2a: Talonflame|25\/100\n|-damage|p2b: Iron Bundle|0 fnt\n|faint|p2b: Iron Bundle\n|-end|p2b: Iron Bundle|Quark Drive|[silent]\n|move|p1a: Annihilape|Rage Fist|p2a: Talonflame\n|-damage|p2a: Talonflame|0 fnt\n|faint|p2a: Talonflame\n|\n|upkeep\n|\n|t:|1684102169\n|switch|p2a: Flutter Mane|Flutter Mane, L50|100\/100\n|turn|6\n|j|+dex\n|j|+Stone Cold\n|\n|t:|1684102177\n|move|p2a: Flutter Mane|Shadow Ball|p1b: Flutter Mane\n|-supereffective|p1b: Flutter Mane\n|-damage|p1b: Flutter Mane|0 fnt\n|faint|p1b: Flutter Mane\n|-end|p1b: Flutter Mane|Protosynthesis|[silent]\n|move|p1a: Annihilape|Rage Fist|p2a: Flutter Mane\n|-supereffective|p2a: Flutter Mane\n|-damage|p2a: Flutter Mane|35\/100\n|\n|-sideend|p2: starmaster|move: Tailwind\n|upkeep\n|turn|7\n|\n|t:|1684102180\n|move|p2a: Flutter Mane|Shadow Ball|p1a: Annihilape\n|-damage|p1a: Annihilape|55\/100\n|move|p1a: Annihilape|Rage Fist|p2a: Flutter Mane\n|-supereffective|p2a: Flutter Mane\n|-damage|p2a: Flutter Mane|0 fnt\n|faint|p2a: Flutter Mane\n|-end|p2a: Flutter Mane|Protosynthesis|[silent]\n|\n|win|sempr9\n|j| xrn\n|c|\u2606starmaster|gg\n|c|\u2606sempr9|gg\n|l|+dex\n|l| ck49\n|l|\u2606starmaster\n|l| xrn\n|l| corvere\u2661\n|l| IchigoZangeCorner\n|l|+Stone Cold\n|j|+ILoveMashing\n|l| Borghi\n|l| Beka\n|l| tagmouse27\n|l|+TPP\n|j| Borghi\n|l|+ILoveMashing\n|l|+Litwick\n|j|\u2606starmaster\n|player|p2|starmaster|#ssdivserpents\n|l| Borghi\n|l| claire tang\n|j| ima\n|l| ima\n|l|\u2606starmaster\n|player|p2|\n|j|\u2606starmaster\n|player|p2|starmaster|#ssdivserpents\n","uploadtime":1684102186,"views":23,"p1id":"sempr9","p2id":"starmaster","formatid":"gen9vgc2023regulationc","rating":0,"private":0,"password":""}