{"id":"gen9vgc2023regulationc-1852927053","p1":"Cyruno","p2":"icedragonkid105","format":"[Gen 9] VGC 2023 Regulation C","log":"|j|\u2606Cyruno\n|j|\u2606icedragonkid105\n|t:|1682617949\n|gametype|doubles\n|player|p1|Cyruno|blue|1299\n|player|p2|icedragonkid105|1|1203\n|teamsize|p1|6\n|teamsize|p2|6\n|gen|9\n|tier|[Gen 9] VGC 2023 Regulation C\n|rated|\n|rule|Species Clause: Limit one of each Pok\u00e9mon\n|rule|Item Clause: Limit one of each item\n|clearpoke\n|poke|p1|Scizor, L50, M|\n|poke|p1|Flutter Mane, L50|\n|poke|p1|Chien-Pao, L50|\n|poke|p1|Arcanine, L50, F|\n|poke|p1|Azumarill, L50, M|\n|poke|p1|Amoonguss, L50, M|\n|poke|p2|Baxcalibur, L50, M|\n|poke|p2|Flutter Mane, L50|\n|poke|p2|Chi-Yu, L50|\n|poke|p2|Iron Hands, L50|\n|poke|p2|Iron Bundle, L50|\n|poke|p2|Arcanine, L50, M|\n|teampreview|4\n|\n|t:|1682617977\n|start\n|switch|p1a: Ice Weasel|Chien-Pao, L50|100\/100\n|switch|p1b: Scissors|Scizor, L50, M|100\/100\n|switch|p2a: K-9|Arcanine, L50, M|100\/100\n|switch|p2b: Glacius|Baxcalibur, L50, M|100\/100\n|-ability|p1a: Ice Weasel|Sword of Ruin\n|-ability|p2a: K-9|Intimidate|boost\n|-unboost|p1a: Ice Weasel|atk|1\n|-fail|p1b: Scissors|unboost|[from] item: Clear Amulet|[of] p1b: Scissors\n|turn|1\n|\n|t:|1682618002\n|-terastallize|p2b: Glacius|Poison\n|move|p1a: Ice Weasel|Protect|p1a: Ice Weasel\n|-singleturn|p1a: Ice Weasel|Protect\n|move|p1b: Scissors|Protect|p1b: Scissors\n|-singleturn|p1b: Scissors|Protect\n|move|p2a: K-9|Howl|p2a: K-9|[spread] p2a,p2b\n|-boost|p2a: K-9|atk|1\n|-boost|p2b: Glacius|atk|1\n|move|p2b: Glacius|Icicle Crash|p1b: Scissors\n|-activate|p1b: Scissors|move: Protect\n|\n|upkeep\n|turn|2\n|\n|t:|1682618028\n|-terastallize|p1b: Scissors|Fire\n|move|p2b: Glacius|Ice Shard|p1a: Ice Weasel\n|-resisted|p1a: Ice Weasel\n|-damage|p1a: Ice Weasel|74\/100\n|move|p1a: Ice Weasel|Ice Spinner|p2b: Glacius\n|-damage|p2b: Glacius|70\/100\n|move|p2a: K-9|Flare Blitz|p1b: Scissors\n|-resisted|p1b: Scissors\n|-damage|p1b: Scissors|36\/100\n|-damage|p2a: K-9|78\/100|[from] Recoil\n|move|p1b: Scissors|U-turn|p2b: Glacius\n|-resisted|p2b: Glacius\n|-damage|p2b: Glacius|45\/100\n|\n|t:|1682618036\n|switch|p1b: Jessica|Azumarill, L50, M|100\/100|[from] U-turn\n|\n|upkeep\n|turn|3\n|\n|t:|1682618061\n|move|p2b: Glacius|Protect|p2b: Glacius\n|-singleturn|p2b: Glacius|Protect\n|move|p2a: K-9|Extreme Speed|p1b: Jessica\n|-damage|p1b: Jessica|45\/100\n|move|p1a: Ice Weasel|Sucker Punch||[still]\n|-fail|p1a: Ice Weasel\n|move|p1b: Jessica|Liquidation|p2a: K-9\n|-supereffective|p2a: K-9\n|-damage|p2a: K-9|0 fnt\n|faint|p2a: K-9\n|\n|upkeep\n|\n|t:|1682618074\n|switch|p2a: Dom|Iron Hands, L50|100\/100\n|turn|4\n|\n|t:|1682618091\n|move|p1a: Ice Weasel|Sucker Punch|p2b: Glacius\n|-damage|p2b: Glacius|16\/100\n|move|p2b: Glacius|Icicle Crash|p1b: Jessica\n|-resisted|p1b: Jessica\n|-damage|p1b: Jessica|0 fnt\n|faint|p1b: Jessica\n|move|p2a: Dom|Drain Punch|p1a: Ice Weasel\n|-supereffective|p1a: Ice Weasel\n|-damage|p1a: Ice Weasel|0 fnt\n|faint|p1a: Ice Weasel\n|\n|upkeep\n|\n|t:|1682618099\n|switch|p1a: Misdreavus v2|Flutter Mane, L50|100\/100\n|switch|p1b: Scissors|Scizor, L50, M, tera:Fire|36\/100\n|-enditem|p1a: Misdreavus v2|Booster Energy\n|-activate|p1a: Misdreavus v2|ability: Protosynthesis|[fromitem]\n|-start|p1a: Misdreavus v2|protosynthesisspa\n|turn|5\n|\n|t:|1682618127\n|move|p2b: Glacius|Ice Shard|p1a: Misdreavus v2\n|-damage|p1a: Misdreavus v2|40\/100\n|move|p1b: Scissors|Bullet Punch|p2b: Glacius\n|-damage|p2b: Glacius|0 fnt\n|faint|p2b: Glacius\n|move|p1a: Misdreavus v2|Dazzling Gleam|p2a: Dom\n|-supereffective|p2a: Dom\n|-damage|p2a: Dom|34\/100\n|move|p2a: Dom|Wild Charge|p1b: Scissors\n|-damage|p1b: Scissors|0 fnt\n|faint|p1b: Scissors\n|-damage|p2a: Dom|28\/100|[from] Recoil\n|\n|upkeep\n|\n|t:|1682618141\n|switch|p2b: Glitch|Iron Bundle, L50, shiny|100\/100\n|turn|6\n|\n|t:|1682618150\n|move|p2b: Glitch|Freeze-Dry|p1a: Misdreavus v2\n|-damage|p1a: Misdreavus v2|8\/100\n|-status|p1a: Misdreavus v2|frz\n|cant|p1a: Misdreavus v2|frz\n|move|p2a: Dom|Wild Charge|p1a: Misdreavus v2\n|-damage|p1a: Misdreavus v2|0 fnt\n|faint|p1a: Misdreavus v2\n|-end|p1a: Misdreavus v2|Protosynthesis|[silent]\n|-damage|p2a: Dom|27\/100|[from] Recoil\n|\n|win|icedragonkid105\n|raw|Cyruno's rating: 1299 → 1267<\/strong> (-32 for losing)\n|raw|icedragonkid105's rating: 1203 → 1235<\/strong> (+32 for winning)\n|l|\u2606Cyruno\n","uploadtime":1682618169,"views":7,"p1id":"cyruno","p2id":"icedragonkid105","formatid":"gen9vgc2023regulationc","rating":1235,"private":0,"password":""}