{"id":"gen9vgc2023regulationc-1855219466","p1":"Piff92","p2":"Kim Wexler Gaming","format":"[Gen 9] VGC 2023 Regulation C","log":"|j|\u2606Piff92\n|j|\u2606Kim Wexler Gaming\n|t:|1682917141\n|gametype|doubles\n|player|p1|Piff92|101|1115\n|player|p2|Kim Wexler Gaming|penny|1145\n|teamsize|p1|6\n|teamsize|p2|6\n|gen|9\n|tier|[Gen 9] VGC 2023 Regulation C\n|rated|\n|rule|Species Clause: Limit one of each Pok\u00e9mon\n|rule|Item Clause: Limit one of each item\n|clearpoke\n|poke|p1|Pikachu, L50, M|\n|poke|p1|Meowscarada, L50, F|\n|poke|p1|Gastrodon, L50, F|\n|poke|p1|Pelipper, L50, F|\n|poke|p1|Drednaw, L50, M|\n|poke|p1|Farigiraf, L50, F|\n|poke|p2|Indeedee, L50, M|\n|poke|p2|Armarouge, L50, F|\n|poke|p2|Flutter Mane, L50|\n|poke|p2|Drednaw, L50, F|\n|poke|p2|Chien-Pao, L50|\n|poke|p2|Dragonite, L50, F|\n|teampreview|4\n|inactive|Battle timer is ON: inactive players will automatically lose when time's up. (requested by Kim Wexler Gaming)\nPiff92 rejected open team sheets.\n|c|\u2606Kim Wexler Gaming|Good luck, have fun.\n|c|\u2606Piff92|you too\n|inactive|Piff92 has 60 seconds left.\n|\n|t:|1682917189\n|start\n|switch|p1a: Pikachu|Pikachu, L50, M|100\/100\n|switch|p1b: Pelipper|Pelipper, L50, F|100\/100\n|switch|p2a: Tara|Chien-Pao, L50|100\/100\n|switch|p2b: Ninja Turtle!|Drednaw, L50, F, shiny|100\/100\n|-ability|p2a: Tara|Sword of Ruin\n|-weather|RainDance|[from] ability: Drizzle|[of] p1b: Pelipper\n|turn|1\n|inactive|Piff92 has 30 seconds left.\n|inactive|Kim Wexler Gaming has 30 seconds left.\n|\n|t:|1682917224\n|switch|p1b: Farigiraf|Farigiraf, L50, F|100\/100\n|move|p2a: Tara|Sucker Punch||[still]\n|cant|p1b: Farigiraf|ability: Armor Tail|Sucker Punch|[of] p2a: Tara\n|move|p1a: Pikachu|Thunder|p2b: Ninja Turtle!\n|-supereffective|p2b: Ninja Turtle!\n|-damage|p2b: Ninja Turtle!|0 fnt\n|faint|p2b: Ninja Turtle!\n|\n|-weather|RainDance|[upkeep]\n|upkeep\n|\n|t:|1682917231\n|switch|p2b: Esmerelda|Flutter Mane, L50|100\/100\n|-enditem|p2b: Esmerelda|Booster Energy\n|-activate|p2b: Esmerelda|ability: Protosynthesis|[fromitem]\n|-start|p2b: Esmerelda|protosynthesisspa\n|turn|2\n|inactive|Piff92 has 30 seconds left.\n|\n|t:|1682917256\n|-terastallize|p1b: Farigiraf|Fairy\n|move|p1a: Pikachu|Protect|p1a: Pikachu\n|-singleturn|p1a: Pikachu|Protect\n|move|p2a: Tara|Ice Spinner|p1b: Farigiraf\n|-damage|p1b: Farigiraf|55\/100\n|move|p2b: Esmerelda|Moonblast|p1a: Pikachu\n|-activate|p1a: Pikachu|move: Protect\n|move|p1b: Farigiraf|Trick Room|p1b: Farigiraf\n|-fieldstart|move: Trick Room|[of] p1b: Farigiraf\n|\n|-weather|RainDance|[upkeep]\n|upkeep\n|turn|3\n|inactive|Piff92 has 30 seconds left.\n|\n|t:|1682917286\n|move|p2b: Esmerelda|Protect|p2b: Esmerelda\n|-singleturn|p2b: Esmerelda|Protect\n|move|p2a: Tara|Protect|p2a: Tara\n|-singleturn|p2a: Tara|Protect\n|move|p1b: Farigiraf|Dazzling Gleam|p2a: Tara|[spread] \n|-activate|p2a: Tara|move: Protect\n|-activate|p2b: Esmerelda|move: Protect\n|move|p1a: Pikachu|Thunder|p2b: Esmerelda\n|-activate|p2b: Esmerelda|move: Protect\n|\n|-weather|RainDance|[upkeep]\n|upkeep\n|turn|4\n|\n|t:|1682917307\n|move|p1b: Farigiraf|Dazzling Gleam|p2a: Tara|[spread] p2a,p2b\n|-supereffective|p2a: Tara\n|-damage|p2a: Tara|6\/100\n|-damage|p2b: Esmerelda|70\/100\n|move|p1a: Pikachu|Thunder|p2b: Esmerelda\n|-damage|p2b: Esmerelda|0 fnt\n|faint|p2b: Esmerelda\n|-end|p2b: Esmerelda|Protosynthesis|[silent]\n|move|p2a: Tara|Ice Spinner|p1a: Pikachu\n|-damage|p1a: Pikachu|0 fnt\n|faint|p1a: Pikachu\n|\n|-weather|RainDance|[upkeep]\n|upkeep\n|\n|t:|1682917323\n|switch|p1a: Drednaw|Drednaw, L50, M|100\/100\n|switch|p2b: Cute Tummy|Dragonite, L50, F, shiny|100\/100\n|turn|5\n|\n|t:|1682917335\n|move|p2b: Cute Tummy|Protect|p2b: Cute Tummy\n|-singleturn|p2b: Cute Tummy|Protect\n|move|p2a: Tara|Protect|p2a: Tara\n|-singleturn|p2a: Tara|Protect\n|move|p1a: Drednaw|Protect|p1a: Drednaw\n|-singleturn|p1a: Drednaw|Protect\n|move|p1b: Farigiraf|Dazzling Gleam|p2b: Cute Tummy|[spread] \n|-activate|p2a: Tara|move: Protect\n|-activate|p2b: Cute Tummy|move: Protect\n|\n|-weather|none\n|upkeep\n|turn|6\n|\n|t:|1682917351\n|-terastallize|p2b: Cute Tummy|Normal\n|move|p2a: Tara|Protect|p2a: Tara\n|-singleturn|p2a: Tara|Protect\n|move|p1b: Farigiraf|Dazzling Gleam|p2b: Cute Tummy|[spread] p2b\n|-activate|p2a: Tara|move: Protect\n|-damage|p2b: Cute Tummy|88\/100\n|move|p1a: Drednaw|Rock Slide|p2b: Cute Tummy|[spread] \n|-activate|p2a: Tara|move: Protect\n|-miss|p1a: Drednaw|p2b: Cute Tummy\n|move|p2b: Cute Tummy|Dragon Dance|p2b: Cute Tummy\n|-boost|p2b: Cute Tummy|atk|1\n|-boost|p2b: Cute Tummy|spe|1\n|\n|-fieldend|move: Trick Room\n|upkeep\n|turn|7\n|inactive|Piff92 has 30 seconds left.\n|inactive|Kim Wexler Gaming has 30 seconds left.\n|\n|t:|1682917381\n|switch|p1a: Pelipper|Pelipper, L50, F|100\/100\n|-weather|RainDance|[from] ability: Drizzle|[of] p1a: Pelipper\n|move|p2a: Tara|Ice Spinner|p1b: Farigiraf\n|-damage|p1b: Farigiraf|9\/100\n|move|p2b: Cute Tummy|Dragon Claw|p1a: Pelipper\n|-crit|p1a: Pelipper\n|-damage|p1a: Pelipper|0 fnt\n|faint|p1a: Pelipper\n|move|p1b: Farigiraf|Psychic|p2b: Cute Tummy\n|-damage|p2b: Cute Tummy|46\/100\n|\n|-weather|RainDance|[upkeep]\n|upkeep\n|\n|t:|1682917394\n|switch|p1a: Drednaw|Drednaw, L50, M|100\/100\n|turn|8\n|\n|t:|1682917404\n|move|p2a: Tara|Protect|p2a: Tara\n|-singleturn|p2a: Tara|Protect\n|move|p1a: Drednaw|Rock Slide|p2b: Cute Tummy|[spread] \n|-activate|p2a: Tara|move: Protect\n|-miss|p1a: Drednaw|p2b: Cute Tummy\n|move|p2b: Cute Tummy|Dragon Claw|p1a: Drednaw\n|-damage|p1a: Drednaw|8\/100\n|move|p1b: Farigiraf|Psychic|p2b: Cute Tummy\n|-damage|p2b: Cute Tummy|4\/100\n|\n|-weather|RainDance|[upkeep]\n|upkeep\n|turn|9\n|\n|t:|1682917422\n|move|p1a: Drednaw|Protect|p1a: Drednaw\n|-singleturn|p1a: Drednaw|Protect\n|move|p2b: Cute Tummy|Protect|p2b: Cute Tummy\n|-singleturn|p2b: Cute Tummy|Protect\n|move|p2a: Tara|Ice Spinner|p1b: Farigiraf\n|-damage|p1b: Farigiraf|0 fnt\n|faint|p1b: Farigiraf\n|\n|-weather|RainDance|[upkeep]\n|upkeep\n|turn|10\n|\n|t:|1682917432\n|move|p2a: Tara|Protect|p2a: Tara\n|-singleturn|p2a: Tara|Protect\n|move|p2b: Cute Tummy|Extreme Speed|p1a: Drednaw\n|-resisted|p1a: Drednaw\n|-damage|p1a: Drednaw|0 fnt\n|faint|p1a: Drednaw\n|\n|win|Kim Wexler Gaming\n|raw|Piff92's rating: 1115 → 1092<\/strong> (-23 for losing)\n|raw|Kim Wexler Gaming's rating: 1145 → 1168<\/strong> (+23 for winning)\n|c|\u2606Kim Wexler Gaming|G.g.w.p.\n|c|\u2606Piff92|gg\n","uploadtime":1682917443,"views":19,"p1id":"piff92","p2id":"kimwexlergaming","formatid":"gen9vgc2023regulationc","rating":1092,"private":0,"password":""}