{"id":"gen9vgc2023regulationc-1863618351","p1":"gs wendigo","p2":"Defwing","format":"[Gen 9] VGC 2023 Regulation C","log":"|j|\u2606gs wendigo\n|j|\u2606Defwing\n|t:|1684044445\n|gametype|doubles\n|player|p1|gs wendigo|169|1277\n|player|p2|Defwing|2|1246\n|teamsize|p1|6\n|teamsize|p2|6\n|gen|9\n|tier|[Gen 9] VGC 2023 Regulation C\n|rated|\n|rule|Species Clause: Limit one of each Pok\u00e9mon\n|rule|Item Clause: Limit one of each item\n|clearpoke\n|poke|p1|Ting-Lu, L50|\n|poke|p1|Indeedee-F, L50, F|\n|poke|p1|Orthworm, L50, M|\n|poke|p1|Azumarill, L50, M|\n|poke|p1|Hawlucha, L50, F|\n|poke|p1|Armarouge, L50, M|\n|poke|p2|Torkoal, L50, M|\n|poke|p2|Lilligant, L50, F|\n|poke|p2|Great Tusk, L50|\n|poke|p2|Flutter Mane, L50|\n|poke|p2|Kingambit, L50, M|\n|poke|p2|Dragonite, L50, M|\n|teampreview|4\n|\n|t:|1684044497\n|start\n|switch|p1a: OOPS|Indeedee-F, L50, F|100\/100\n|switch|p1b: BDE|Orthworm, L50, M|100\/100\n|switch|p2a: Great Tusk|Great Tusk, L50|100\/100\n|switch|p2b: Dragonite|Dragonite, L50, M|100\/100\n|-fieldstart|move: Psychic Terrain|[from] ability: Psychic Surge|[of] p1a: OOPS\n|turn|1\n|\n|t:|1684044515\n|move|p1a: OOPS|Follow Me|p1a: OOPS\n|-singleturn|p1a: OOPS|move: Follow Me\n|move|p2a: Great Tusk|Close Combat|p1a: OOPS\n|-damage|p1a: OOPS|11\/100\n|-unboost|p2a: Great Tusk|def|1\n|-unboost|p2a: Great Tusk|spd|1\n|move|p2b: Dragonite|Ice Spinner|p1a: OOPS\n|-damage|p1a: OOPS|0 fnt\n|-fieldend|move: Psychic Terrain\n|faint|p1a: OOPS\n|move|p1b: BDE|Shed Tail|p1b: BDE\n|-start|p1b: BDE|Substitute|[from] move: Shed Tail\n|-damage|p1b: BDE|50\/100\n|-enditem|p1b: BDE|Sitrus Berry|[eat]\n|-heal|p1b: BDE|75\/100|[from] item: Sitrus Berry\n|\n|t:|1684044536\n|switch|p1b: GOON SQUAD|Hawlucha, L50, F|100\/100|[from] Shed Tail\n|\n|upkeep\n|c|\u2606gs wendigo|That was a great play gg\n|\n|t:|1684044553\n|switch|p1a: WENDIGO|Ting-Lu, L50|100\/100\n|-ability|p1a: WENDIGO|Vessel of Ruin\n|turn|2\n|\n|t:|1684044589\n|-end|p2a: Great Tusk|Protosynthesis|[silent]\n|switch|p2a: Torkoal|Torkoal, L50, M|100\/100\n|-weather|SunnyDay|[from] ability: Drought|[of] p2a: Torkoal\n|move|p1b: GOON SQUAD|Swords Dance|p1b: GOON SQUAD\n|-boost|p1b: GOON SQUAD|atk|2\n|move|p2b: Dragonite|Ice Spinner|p1b: GOON SQUAD\n|-supereffective|p1b: GOON SQUAD\n|-end|p1b: GOON SQUAD|Substitute\n|move|p1a: WENDIGO|Earthquake|p2a: Torkoal|[spread] p2a\n|-immune|p1b: GOON SQUAD\n|-immune|p2b: Dragonite\n|-supereffective|p2a: Torkoal\n|-damage|p2a: Torkoal|52\/100\n|\n|-weather|SunnyDay|[upkeep]\n|upkeep\n|turn|3\n|\n|t:|1684044628\n|-terastallize|p1b: GOON SQUAD|Electric\n|-terastallize|p2b: Dragonite|Flying\n|move|p2a: Torkoal|Protect|p2a: Torkoal\n|-singleturn|p2a: Torkoal|Protect\n|move|p1b: GOON SQUAD|Swords Dance|p1b: GOON SQUAD\n|-boost|p1b: GOON SQUAD|atk|2\n|move|p2b: Dragonite|Tera Blast|p1b: GOON SQUAD\n|-resisted|p1b: GOON SQUAD\n|-damage|p1b: GOON SQUAD|58\/100\n|move|p1a: WENDIGO|Fissure|p2a: Torkoal\n|-activate|p2a: Torkoal|move: Protect\n|\n|-weather|SunnyDay|[upkeep]\n|upkeep\n|turn|4\n|\n|t:|1684044668\n|move|p2b: Dragonite|Extreme Speed|p1b: GOON SQUAD\n|-damage|p1b: GOON SQUAD|11\/100\n|move|p1b: GOON SQUAD|Thunder Punch|p2b: Dragonite\n|-supereffective|p2b: Dragonite\n|-damage|p2b: Dragonite|9\/100\n|move|p1a: WENDIGO|Stomping Tantrum|p2a: Torkoal\n|-supereffective|p2a: Torkoal\n|-damage|p2a: Torkoal|4\/100\n|move|p2a: Torkoal|Flamethrower|p1b: GOON SQUAD\n|-damage|p1b: GOON SQUAD|0 fnt\n|faint|p1b: GOON SQUAD\n|\n|-weather|SunnyDay|[upkeep]\n|upkeep\n|\n|t:|1684044683\n|switch|p1b: BDE|Orthworm, L50, M|75\/100\n|turn|5\n|\n|t:|1684044694\n|move|p2b: Dragonite|Ice Spinner|p1a: WENDIGO\n|-supereffective|p1a: WENDIGO\n|-damage|p1a: WENDIGO|67\/100\n|move|p1b: BDE|Iron Defense|p1b: BDE\n|-boost|p1b: BDE|def|2\n|move|p1a: WENDIGO|Earthquake|p2a: Torkoal|[spread] p2a\n|-heal|p1b: BDE|99\/100|[from] ability: Earth Eater|[of] p1a: WENDIGO\n|-immune|p2b: Dragonite\n|-supereffective|p2a: Torkoal\n|-damage|p2a: Torkoal|0 fnt\n|faint|p2a: Torkoal\n|\n|-weather|SunnyDay|[upkeep]\n|upkeep\n|\n|t:|1684044709\n|switch|p2a: Great Tusk|Great Tusk, L50|100\/100\n|-activate|p2a: Great Tusk|ability: Protosynthesis\n|-start|p2a: Great Tusk|protosynthesisatk\n|turn|6\n|\n|t:|1684044729\n|move|p2a: Great Tusk|Close Combat|p1a: WENDIGO\n|-supereffective|p1a: WENDIGO\n|-crit|p1a: WENDIGO\n|-damage|p1a: WENDIGO|0 fnt\n|-unboost|p2a: Great Tusk|def|1\n|-unboost|p2a: Great Tusk|spd|1\n|faint|p1a: WENDIGO\n|move|p2b: Dragonite|Ice Spinner|p1b: BDE\n|-resisted|p1b: BDE\n|-damage|p1b: BDE|94\/100\n|move|p1b: BDE|Iron Defense|p1b: BDE\n|-boost|p1b: BDE|def|2\n|\n|-weather|none\n|-end|p2a: Great Tusk|Protosynthesis\n|upkeep\n|turn|7\n|\n|t:|1684044746\n|switch|p2b: Kingambit|Kingambit, L50, M|100\/100\n|move|p2a: Great Tusk|Close Combat|p1b: BDE\n|-supereffective|p1b: BDE\n|-damage|p1b: BDE|63\/100\n|-unboost|p2a: Great Tusk|def|1\n|-unboost|p2a: Great Tusk|spd|1\n|move|p1b: BDE|Iron Defense|p1b: BDE\n|-boost|p1b: BDE|def|2\n|\n|upkeep\n|turn|8\n|\n|t:|1684044760\n|move|p2a: Great Tusk|Close Combat|p1b: BDE\n|-supereffective|p1b: BDE\n|-damage|p1b: BDE|38\/100\n|-unboost|p2a: Great Tusk|def|1\n|-unboost|p2a: Great Tusk|spd|1\n|move|p1b: BDE|Body Press|p2b: Kingambit\n|-supereffective|p2b: Kingambit\n|-damage|p2b: Kingambit|0 fnt\n|faint|p2b: Kingambit\n|\n|upkeep\n|\n|t:|1684044769\n|switch|p2b: Dragonite|Dragonite, L50, M, tera:Flying|9\/100\n|turn|9\n|\n|t:|1684044778\n|move|p2b: Dragonite|Protect|p2b: Dragonite\n|-singleturn|p2b: Dragonite|Protect\n|move|p2a: Great Tusk|Close Combat|p1b: BDE\n|-supereffective|p1b: BDE\n|-damage|p1b: BDE|14\/100\n|-unboost|p2a: Great Tusk|def|1\n|-unboost|p2a: Great Tusk|spd|1\n|move|p1b: BDE|Body Press|p2a: Great Tusk\n|-damage|p2a: Great Tusk|0 fnt\n|faint|p2a: Great Tusk\n|-end|p2a: Great Tusk|Protosynthesis|[silent]\n|\n|upkeep\n|turn|10\n|\n|t:|1684044793\n|move|p2b: Dragonite|Tera Blast|p1b: BDE\n|-resisted|p1b: BDE\n|-damage|p1b: BDE|7\/100\n|move|p1b: BDE|Body Press|p2b: Dragonite\n|-resisted|p2b: Dragonite\n|-damage|p2b: Dragonite|0 fnt\n|faint|p2b: Dragonite\n|\n|win|gs wendigo\n|raw|gs wendigo's rating: 1277 → 1300<\/strong> (+23 for winning)\n|raw|Defwing's rating: 1246 → 1223<\/strong> (-23 for losing)\n|l|\u2606Defwing\n","uploadtime":1684044810,"views":14,"p1id":"gswendigo","p2id":"defwing","formatid":"gen9vgc2023regulationc","rating":1223,"private":0,"password":""}