{"id":"gen9vgc2023regulationc-1863728621","p1":"revocolombia","p2":"Blumagination","format":"[Gen 9] VGC 2023 Regulation C","log":"|j|\u2606revocolombia\n|j|\u2606Blumagination\n|t:|1684068303\n|gametype|doubles\n|player|p1|revocolombia|pokemonranger-gen4|1431\n|player|p2|Blumagination|clown|1354\n|teamsize|p1|6\n|teamsize|p2|6\n|gen|9\n|tier|[Gen 9] VGC 2023 Regulation C\n|rated|\n|rule|Species Clause: Limit one of each Pok\u00e9mon\n|rule|Item Clause: Limit one of each item\n|clearpoke\n|poke|p1|Flutter Mane, L50|\n|poke|p1|Annihilape, L50, F|\n|poke|p1|Dragonite, L50, F|\n|poke|p1|Chien-Pao, L50|\n|poke|p1|Murkrow, L50, F|\n|poke|p1|Gholdengo, L50|\n|poke|p2|Tyranitar, L50, F|\n|poke|p2|Lycanroc, L50, F|\n|poke|p2|Flutter Mane, L50|\n|poke|p2|Armarouge, L50, M|\n|poke|p2|Corviknight, L50, F|\n|poke|p2|Indeedee-F, L50, F|\n|teampreview|4\n|inactive|Battle timer is ON: inactive players will automatically lose when time's up. (requested by Blumagination)\n|\n|t:|1684068332\n|start\n|switch|p1a: Chien-Pao|Chien-Pao, L50|100\/100\n|switch|p1b: Annihilape|Annihilape, L50, F, shiny|100\/100\n|switch|p2a: Flutter Mane|Flutter Mane, L50|100\/100\n|switch|p2b: Corviknight|Corviknight, L50, F|100\/100\n|-ability|p1a: Chien-Pao|Sword of Ruin\n|-enditem|p2a: Flutter Mane|Booster Energy\n|-activate|p2a: Flutter Mane|ability: Protosynthesis|[fromitem]\n|-start|p2a: Flutter Mane|protosynthesisspa\n|turn|1\n|\n|t:|1684068352\n|-terastallize|p2a: Flutter Mane|Fairy\n|-terastallize|p1b: Annihilape|Fire\n|move|p1a: Chien-Pao|Ice Spinner|p2a: Flutter Mane\n|-damage|p2a: Flutter Mane|27\/100\n|move|p2a: Flutter Mane|Dazzling Gleam|p1a: Chien-Pao|[spread] p1a,p1b\n|-supereffective|p1a: Chien-Pao\n|-resisted|p1b: Annihilape\n|-enditem|p1a: Chien-Pao|Focus Sash\n|-damage|p1a: Chien-Pao|1\/100\n|-damage|p1b: Annihilape|78\/100\n|move|p1b: Annihilape|Bulk Up|p1b: Annihilape\n|-boost|p1b: Annihilape|atk|1\n|-boost|p1b: Annihilape|def|1\n|move|p2b: Corviknight|Brave Bird|p1b: Annihilape\n|-damage|p1b: Annihilape|35\/100\n|-damage|p2b: Corviknight|84\/100|[from] Recoil\n|\n|-heal|p1b: Annihilape|41\/100|[from] item: Leftovers\n|-heal|p2b: Corviknight|90\/100|[from] item: Leftovers\n|upkeep\n|turn|2\n|inactive|revocolombia has 30 seconds left.\n|inactive|revocolombia has 20 seconds left.\n|\n|t:|1684068392\n|move|p2a: Flutter Mane|Protect|p2a: Flutter Mane\n|-singleturn|p2a: Flutter Mane|Protect\n|move|p2b: Corviknight|Protect|p2b: Corviknight\n|-singleturn|p2b: Corviknight|Protect\n|move|p1a: Chien-Pao|Ice Shard|p2a: Flutter Mane\n|-activate|p2a: Flutter Mane|move: Protect\n|move|p1b: Annihilape|Rage Fist|p2b: Corviknight\n|-activate|p2b: Corviknight|move: Protect\n|\n|-heal|p1b: Annihilape|48\/100|[from] item: Leftovers\n|-heal|p2b: Corviknight|96\/100|[from] item: Leftovers\n|upkeep\n|turn|3\n|\n|t:|1684068412\n|-end|p2a: Flutter Mane|Protosynthesis|[silent]\n|switch|p2a: Tyranitar|Tyranitar, L50, F|100\/100\n|-weather|Sandstorm|[from] ability: Sand Stream|[of] p2a: Tyranitar\n|move|p1a: Chien-Pao|Ice Shard|p2a: Tyranitar\n|-damage|p2a: Tyranitar|77\/100\n|move|p1b: Annihilape|Rage Fist|p2b: Corviknight\n|-damage|p2b: Corviknight|0 fnt\n|faint|p2b: Corviknight\n|\n|-weather|Sandstorm|[upkeep]\n|-damage|p1a: Chien-Pao|0 fnt|[from] Sandstorm\n|-damage|p1b: Annihilape|41\/100|[from] Sandstorm\n|faint|p1a: Chien-Pao\n|-heal|p1b: Annihilape|48\/100|[from] item: Leftovers\n|upkeep\n|\n|t:|1684068433\n|switch|p1a: Dragonite|Dragonite, L50, F|100\/100\n|switch|p2b: Lycanroc|Lycanroc, L50, F|100\/100\n|turn|4\n|\n|t:|1684068455\n|move|p2b: Lycanroc|Rock Slide|p1b: Annihilape|[spread] p1a,p1b\n|-supereffective|p1a: Dragonite\n|-supereffective|p1b: Annihilape\n|-damage|p1a: Dragonite|69\/100\n|-damage|p1b: Annihilape|12\/100\n|move|p1a: Dragonite|Low Kick|p2a: Tyranitar\n|-supereffective|p2a: Tyranitar\n|-damage|p2a: Tyranitar|0 fnt\n|faint|p2a: Tyranitar\n|move|p1b: Annihilape|Rage Fist|p2b: Lycanroc\n|-enditem|p2b: Lycanroc|Focus Sash\n|-damage|p2b: Lycanroc|1\/100\n|\n|-weather|Sandstorm|[upkeep]\n|-damage|p1a: Dragonite|63\/100|[from] Sandstorm\n|-damage|p1b: Annihilape|6\/100|[from] Sandstorm\n|-heal|p1b: Annihilape|12\/100|[from] item: Leftovers\n|upkeep\n|\n|t:|1684068460\n|switch|p2a: Flutter Mane|Flutter Mane, L50, tera:Fairy|27\/100\n|turn|5\n|j| BewearJ\n|\n|t:|1684068482\n|move|p2b: Lycanroc|Protect|p2b: Lycanroc\n|-singleturn|p2b: Lycanroc|Protect\n|move|p2a: Flutter Mane|Protect|p2a: Flutter Mane\n|-singleturn|p2a: Flutter Mane|Protect\n|move|p1b: Annihilape|Protect|p1b: Annihilape\n|-singleturn|p1b: Annihilape|Protect\n|move|p1a: Dragonite|Extreme Speed|p2b: Lycanroc\n|-activate|p2b: Lycanroc|move: Protect\n|\n|-weather|Sandstorm|[upkeep]\n|-damage|p2a: Flutter Mane|21\/100|[from] Sandstorm\n|-damage|p1a: Dragonite|57\/100|[from] Sandstorm\n|-damage|p1b: Annihilape|6\/100|[from] Sandstorm\n|-heal|p1b: Annihilape|12\/100|[from] item: Leftovers\n|upkeep\n|turn|6\n|\n|t:|1684068502\n|move|p1a: Dragonite|Extreme Speed|p2b: Lycanroc\n|-resisted|p2b: Lycanroc\n|-damage|p2b: Lycanroc|0 fnt\n|faint|p2b: Lycanroc\n|move|p2a: Flutter Mane|Dazzling Gleam|p1b: Annihilape|[spread] p1a,p1b\n|-supereffective|p1a: Dragonite\n|-resisted|p1b: Annihilape\n|-damage|p1a: Dragonite|0 fnt\n|-damage|p1b: Annihilape|0 fnt\n|faint|p1a: Dragonite\n|faint|p1b: Annihilape\n|\n|-weather|Sandstorm|[upkeep]\n|-damage|p2a: Flutter Mane|15\/100|[from] Sandstorm\n|upkeep\n|\n|t:|1684068517\n|switch|p1b: Flutter Mane|Flutter Mane, L50|100\/100\n|-enditem|p1b: Flutter Mane|Booster Energy\n|-activate|p1b: Flutter Mane|ability: Protosynthesis|[fromitem]\n|-start|p1b: Flutter Mane|protosynthesisspe\n|turn|7\n|\n|t:|1684068523\n|move|p1b: Flutter Mane|Shadow Ball|p2a: Flutter Mane\n|-damage|p2a: Flutter Mane|0 fnt\n|faint|p2a: Flutter Mane\n|-end|p2a: Flutter Mane|Protosynthesis|[silent]\n|\n|win|revocolombia\n|raw|revocolombia's rating: 1431 → 1447<\/strong> (+16 for winning)\n|raw|Blumagination's rating: 1354 → 1338<\/strong> (-16 for losing)\n|l|\u2606Blumagination\n","uploadtime":1684068537,"views":10,"p1id":"revocolombia","p2id":"blumagination","formatid":"gen9vgc2023regulationc","rating":1338,"private":0,"password":""}