{"id":"gen9vgc2023regulationc-1849490968","p1":"JohanDK","p2":"Grimmjane","format":"[Gen 9] VGC 2023 Regulation C","log":"|j|\u2606JohanDK\n|j|\u2606Grimmjane\n|t:|1682204707\n|gametype|doubles\n|player|p1|JohanDK|102|1164\n|player|p2|Grimmjane|102|1170\n|teamsize|p1|6\n|teamsize|p2|6\n|gen|9\n|tier|[Gen 9] VGC 2023 Regulation C\n|rated|\n|rule|Species Clause: Limit one of each Pok\u00e9mon\n|rule|Item Clause: Limit one of each item\n|clearpoke\n|poke|p1|Palafin, L50, M|\n|poke|p1|Chien-Pao, L50|\n|poke|p1|Dragapult, L50, M|\n|poke|p1|Amoonguss, L50, M|\n|poke|p1|Arcanine, L50, M|\n|poke|p1|Flutter Mane, L50|\n|poke|p2|Torkoal, L50, M|\n|poke|p2|Lilligant, L50, F|\n|poke|p2|Flutter Mane, L50|\n|poke|p2|Braviary, L50, M|\n|poke|p2|Baxcalibur, L50, M|\n|poke|p2|Hariyama, L50, M|\n|teampreview|4\n|inactive|Battle timer is ON: inactive players will automatically lose when time's up. (requested by Grimmjane)\n|\n|t:|1682204740\n|start\n|switch|p1a: WoChien|Amoonguss, L50, M|100\/100\n|switch|p1b: Mimi|Flutter Mane, L50|100\/100\n|switch|p2a: Braviary|Braviary, L50, M|100\/100\n|switch|p2b: Flutter Mane|Flutter Mane, L50|100\/100\n|-enditem|p1b: Mimi|Booster Energy\n|-activate|p1b: Mimi|ability: Protosynthesis|[fromitem]\n|-start|p1b: Mimi|protosynthesisspa\n|turn|1\n|inactive|JohanDK has 30 seconds left.\n|inactive|Grimmjane has 30 seconds left.\n|\n|t:|1682204767\n|-end|p1b: Mimi|Protosynthesis|[silent]\n|switch|p1b: Dozo|Palafin, L50, M|100\/100\n|-terastallize|p1a: WoChien|Water\n|move|p2a: Braviary|Brave Bird|p1a: WoChien\n|-damage|p1a: WoChien|43\/100\n|-enditem|p1a: WoChien|Sitrus Berry|[eat]\n|-heal|p1a: WoChien|68\/100|[from] item: Sitrus Berry\n|-damage|p2a: Braviary|76\/100|[from] Recoil\n|move|p1a: WoChien|Spore|p2a: Braviary\n|-status|p2a: Braviary|slp|[from] move: Spore\n|move|p2b: Flutter Mane|Trick Room|p2b: Flutter Mane\n|-fieldstart|move: Trick Room|[of] p2b: Flutter Mane\n|\n|upkeep\n|turn|2\n|\n|t:|1682204792\n|detailschange|p1b: Dozo|Palafin-Hero, L50, M\n|switch|p1b: Mimi|Flutter Mane, L50|100\/100\n|move|p2b: Flutter Mane|Protect|p2b: Flutter Mane\n|-singleturn|p2b: Flutter Mane|Protect\n|move|p1a: WoChien|Spore|p2b: Flutter Mane\n|-activate|p2b: Flutter Mane|move: Protect\n|cant|p2a: Braviary|slp\n|\n|upkeep\n|turn|3\n|\n|t:|1682204814\n|move|p1a: WoChien|Spore|p2b: Flutter Mane\n|-status|p2b: Flutter Mane|slp|[from] move: Spore\n|move|p1b: Mimi|Moonblast|p2a: Braviary\n|-damage|p2a: Braviary|16\/100 slp\n|cant|p2a: Braviary|slp\n|cant|p2b: Flutter Mane|slp\n|\n|upkeep\n|turn|4\n|\n|t:|1682204835\n|move|p1a: WoChien|Rage Powder|p1a: WoChien\n|-singleturn|p1a: WoChien|move: Rage Powder\n|move|p1b: Mimi|Dazzling Gleam|p2a: Braviary|[spread] p2a,p2b\n|-damage|p2a: Braviary|0 fnt\n|-damage|p2b: Flutter Mane|75\/100 slp\n|faint|p2a: Braviary\n|cant|p2b: Flutter Mane|slp\n|\n|upkeep\n|\n|t:|1682204845\n|switch|p2a: Torkoal|Torkoal, L50, M|100\/100\n|-weather|SunnyDay|[from] ability: Drought|[of] p2a: Torkoal\n|-activate|p1b: Mimi|ability: Protosynthesis\n|-start|p1b: Mimi|protosynthesisspa\n|-activate|p2b: Flutter Mane|ability: Protosynthesis\n|-start|p2b: Flutter Mane|protosynthesisspe\n|turn|5\n|\n|t:|1682204858\n|-terastallize|p2a: Torkoal|Grass\n|move|p2a: Torkoal|Eruption|p1b: Mimi|[spread] p1a,p1b\n|-resisted|p1a: WoChien\n|-damage|p1a: WoChien|30\/100\n|-damage|p1b: Mimi|19\/100\n|move|p1a: WoChien|Spore|p2a: Torkoal\n|-immune|p2a: Torkoal\n|move|p1b: Mimi|Shadow Ball|p2b: Flutter Mane\n|-supereffective|p2b: Flutter Mane\n|-damage|p2b: Flutter Mane|0 fnt\n|faint|p2b: Flutter Mane\n|-end|p2b: Flutter Mane|Protosynthesis|[silent]\n|\n|-weather|SunnyDay|[upkeep]\n|-fieldend|move: Trick Room\n|upkeep\n|\n|t:|1682204873\n|switch|p2b: Hariyama|Hariyama, L50, M|100\/100\n|turn|6\n|\n|t:|1682204890\n|move|p1a: WoChien|Protect|p1a: WoChien\n|-singleturn|p1a: WoChien|Protect\n|move|p2b: Hariyama|Fake Out|p1a: WoChien\n|-activate|p1a: WoChien|move: Protect\n|move|p1b: Mimi|Moonblast|p2b: Hariyama\n|-supereffective|p2b: Hariyama\n|-damage|p2b: Hariyama|0 fnt\n|faint|p2b: Hariyama\n|move|p2a: Torkoal|Flamethrower|p1b: Mimi\n|-damage|p1b: Mimi|0 fnt\n|faint|p1b: Mimi\n|-end|p1b: Mimi|Protosynthesis|[silent]\n|\n|-weather|SunnyDay|[upkeep]\n|upkeep\n|\n|t:|1682204907\n|switch|p1b: Dnite|Dragapult, L50, M|100\/100\n|turn|7\n|-message|Grimmjane forfeited.\n|\n|win|JohanDK\n|raw|JohanDK's rating: 1164 → 1189<\/strong> (+25 for winning)\n|raw|Grimmjane's rating: 1170 → 1145<\/strong> (-25 for losing)\n","uploadtime":1682204925,"views":2,"p1id":"johandk","p2id":"grimmjane","formatid":"gen9vgc2023regulationc","rating":1145,"private":0,"password":""}