{"id":"gen9vgc2023regulationc-1855311744","p1":"rasfdgsdfgsdfg","p2":"PrismaAce","format":"[Gen 9] VGC 2023 Regulation C","log":"|j|\u2606rasfdgsdfgsdfg\n|j|\u2606PrismaAce\n|t:|1682934935\n|gametype|doubles\n|player|p1|rasfdgsdfgsdfg|dancer|1000\n|player|p2|PrismaAce|akari|1069\n|teamsize|p1|6\n|teamsize|p2|6\n|gen|9\n|tier|[Gen 9] VGC 2023 Regulation C\n|rated|\n|rule|Species Clause: Limit one of each Pok\u00e9mon\n|rule|Item Clause: Limit one of each item\n|clearpoke\n|poke|p1|Lycanroc-Midnight, L50, M|\n|poke|p1|Chansey, L50, F|\n|poke|p1|Dondozo, L50, F|\n|poke|p1|Wo-Chien, L50|\n|poke|p1|Skuntank, L50, M|\n|poke|p1|Rabsca, L50, F|\n|poke|p2|Ting-Lu, L50|\n|poke|p2|Wo-Chien, L50|\n|poke|p2|Gothitelle, L50, F|\n|poke|p2|Arcanine, L50, F|\n|poke|p2|Palafin, L50, M|\n|poke|p2|Chi-Yu, L50|\n|teampreview|4\nrasfdgsdfgsdfg rejected open team sheets.\n|\n|t:|1682934973\n|start\n|switch|p1a: Chupa|Lycanroc-Midnight, L50, M, shiny|100\/100\n|switch|p1b: Life Is Carnival|Chansey, L50, F, shiny|100\/100\n|switch|p2a: pre-record|Gothitelle, L50, F|100\/100\n|switch|p2b: Palafin|Palafin, L50, M|100\/100\n|turn|1\n|\n|t:|1682934997\n|detailschange|p2b: Palafin|Palafin-Hero, L50, M\n|switch|p2b: mr bull|Ting-Lu, L50|100\/100\n|-ability|p2b: mr bull|Vessel of Ruin\n|move|p2a: pre-record|Fake Out|p1a: Chupa\n|-resisted|p1a: Chupa\n|-damage|p1a: Chupa|97\/100\n|cant|p1a: Chupa|flinch\n|move|p1b: Life Is Carnival|Skill Swap|p1a: Chupa\n|-activate|p1b: Life Is Carnival|move: Skill Swap|||[of] p1a: Chupa\n|\n|upkeep\n|turn|2\n|\n|t:|1682935019\n|move|p1a: Chupa|Close Combat|p2b: mr bull\n|-supereffective|p2b: mr bull\n|-damage|p2b: mr bull|59\/100\n|-unboost|p1a: Chupa|def|1\n|-unboost|p1a: Chupa|spd|1\n|move|p2a: pre-record|Thunder Wave|p1a: Chupa\n|-status|p1a: Chupa|par\n|move|p1b: Life Is Carnival|Sing|p2a: pre-record\n|-status|p2a: pre-record|slp|[from] move: Sing\n|move|p2b: mr bull|Fissure|p1b: Life Is Carnival\n|-damage|p1b: Life Is Carnival|0 fnt\n|faint|p1b: Life Is Carnival\n|-ohko\n|\n|upkeep\n|\n|t:|1682935039\n|switch|p1b: Gyojin|Dondozo, L50, F, shiny|100\/100\n|turn|3\n|c|\u2606PrismaAce|nice no guard\n|\n|t:|1682935057\n|-terastallize|p2b: mr bull|Grass\n|cant|p2a: pre-record|slp\n|cant|p1a: Chupa|par\n|move|p2b: mr bull|Mud-Slap|p1b: Gyojin\n|-damage|p1b: Gyojin|97\/100\n|-unboost|p1b: Gyojin|accuracy|1\n|move|p1b: Gyojin|Body Press|p2b: mr bull\n|-damage|p2b: mr bull|42\/100\n|\n|-heal|p1b: Gyojin|100\/100|[from] item: Leftovers\n|upkeep\n|turn|4\n|\n|t:|1682935078\n|-curestatus|p2a: pre-record|slp|[msg]\n|move|p2a: pre-record|Heal Pulse|p2b: mr bull\n|-heal|p2b: mr bull|92\/100\n|move|p1a: Chupa|Close Combat|p2b: mr bull\n|-damage|p2b: mr bull|70\/100\n|-unboost|p1a: Chupa|def|1\n|-unboost|p1a: Chupa|spd|1\n|move|p2b: mr bull|Heavy Slam|p1a: Chupa\n|-supereffective|p1a: Chupa\n|-damage|p1a: Chupa|0 fnt\n|faint|p1a: Chupa\n|move|p1b: Gyojin|Body Press|p2b: mr bull\n|-damage|p2b: mr bull|55\/100\n|\n|upkeep\n|\n|t:|1682935092\n|switch|p1a: Garbage Lord|Wo-Chien, L50|100\/100\n|-ability|p1a: Garbage Lord|Tablets of Ruin\n|turn|5\n|\n|t:|1682935111\n|-terastallize|p1b: Gyojin|Ghost\n|move|p1a: Garbage Lord|Mean Look|p2b: mr bull\n|-activate|p2b: mr bull|trapped\n|move|p2a: pre-record|Thunder Wave|p1a: Garbage Lord\n|-status|p1a: Garbage Lord|par\n|move|p2b: mr bull|Mud-Slap|p1b: Gyojin\n|-damage|p1b: Gyojin|97\/100\n|-unboost|p1b: Gyojin|accuracy|1\n|move|p1b: Gyojin|Curse|p2a: pre-record\n|-start|p2a: pre-record|Curse|[of] p1b: Gyojin\n|-damage|p1b: Gyojin|47\/100\n|\n|-heal|p1b: Gyojin|53\/100|[from] item: Leftovers\n|-damage|p2a: pre-record|76\/100|[from] Curse\n|upkeep\n|turn|6\n|\n|t:|1682935139\n|move|p1b: Gyojin|Protect|p1b: Gyojin\n|-singleturn|p1b: Gyojin|Protect\n|move|p2a: pre-record|Heal Pulse|p2b: mr bull\n|-heal|p2b: mr bull|100\/100\n|move|p2b: mr bull|Fissure|p1a: Garbage Lord|[miss]\n|-miss|p2b: mr bull|p1a: Garbage Lord\n|move|p1a: Garbage Lord|Mean Look|p2a: pre-record\n|-activate|p2a: pre-record|trapped\n|\n|-heal|p2a: pre-record|82\/100|[from] item: Leftovers\n|-heal|p1b: Gyojin|59\/100|[from] item: Leftovers\n|-damage|p2a: pre-record|57\/100|[from] Curse\n|upkeep\n|turn|7\n|\n|t:|1682935171\n|move|p2a: pre-record|Psychic|p1b: Gyojin\n|-damage|p1b: Gyojin|41\/100\n|move|p2b: mr bull|Fissure|p1a: Garbage Lord\n|-damage|p1a: Garbage Lord|0 fnt\n|faint|p1a: Garbage Lord\n|-ohko\n|move|p1b: Gyojin|Curse|p2b: mr bull\n|-start|p2b: mr bull|Curse|[of] p1b: Gyojin\n|-damage|p1b: Gyojin|0 fnt\n|faint|p1b: Gyojin\n|\n|win|PrismaAce\n|raw|rasfdgsdfgsdfg's rating: 1000 → 1000<\/strong> (+0 for losing)\n|raw|PrismaAce's rating: 1069 → 1093<\/strong> (+24 for winning)\n|c|\u2606PrismaAce|mean look live reaction\n|l|\u2606rasfdgsdfgsdfg\n","uploadtime":1682935184,"views":19,"p1id":"rasfdgsdfgsdfg","p2id":"prismaace","formatid":"gen9vgc2023regulationc","rating":1000,"private":0,"password":""}