{"id":"gen9vgc2023regulationc-1860138614","p1":"NickNoName","p2":"Awesomeacuz13","format":"[Gen 9] VGC 2023 Regulation C","log":"|j|\u2606NickNoName\n|j|\u2606Awesomeacuz13\n|t:|1683599865\n|gametype|doubles\n|player|p1|NickNoName|170|1116\n|player|p2|Awesomeacuz13|hanbei-conquest|1102\n|teamsize|p1|6\n|teamsize|p2|6\n|gen|9\n|tier|[Gen 9] VGC 2023 Regulation C\n|rated|\n|rule|Species Clause: Limit one of each Pok\u00e9mon\n|rule|Item Clause: Limit one of each item\n|clearpoke\n|poke|p1|Slither Wing, L50|\n|poke|p1|Scream Tail, L50|\n|poke|p1|Roaring Moon, L50|\n|poke|p1|Sandy Shocks, L50|\n|poke|p1|Flutter Mane, L50|\n|poke|p1|Brute Bonnet, L50|\n|poke|p2|Chi-Yu, L50|\n|poke|p2|Torkoal, L50, F|\n|poke|p2|Flutter Mane, L50|\n|poke|p2|Great Tusk, L50|\n|poke|p2|Kingambit, L50, M|\n|poke|p2|Jumpluff, L50, M|\n|teampreview|4\n|\n|t:|1683599896\n|start\n|switch|p1a: Scream Tail|Scream Tail, L50|100\/100\n|switch|p1b: Brute Bonnet|Brute Bonnet, L50|100\/100\n|switch|p2a: E.D. ESTAROSSA|Great Tusk, L50|100\/100\n|switch|p2b: Inferno|Chi-Yu, L50|100\/100\n|-ability|p2b: Inferno|Beads of Ruin\n|-enditem|p1a: Scream Tail|Booster Energy\n|-activate|p1a: Scream Tail|ability: Protosynthesis|[fromitem]\n|-start|p1a: Scream Tail|protosynthesisspe\n|turn|1\n|\n|t:|1683599914\n|-terastallize|p2b: Inferno|Grass\n|-terastallize|p1b: Brute Bonnet|Ghost\n|move|p1a: Scream Tail|Noble Roar|p1b: Brute Bonnet\n|-unboost|p1b: Brute Bonnet|atk|1\n|-unboost|p1b: Brute Bonnet|spa|1\n|move|p2b: Inferno|Heat Wave|p1a: Scream Tail|[spread] p1b\n|-miss|p2b: Inferno|p1a: Scream Tail\n|-crit|p1b: Brute Bonnet\n|-damage|p1b: Brute Bonnet|41\/100\n|-enditem|p1b: Brute Bonnet|Sitrus Berry|[eat]\n|-heal|p1b: Brute Bonnet|66\/100|[from] item: Sitrus Berry\n|move|p2a: E.D. ESTAROSSA|Headlong Rush|p1a: Scream Tail\n|-crit|p1a: Scream Tail\n|-damage|p1a: Scream Tail|0 fnt\n|-unboost|p2a: E.D. ESTAROSSA|def|1\n|-unboost|p2a: E.D. ESTAROSSA|spd|1\n|faint|p1a: Scream Tail\n|-end|p1a: Scream Tail|Protosynthesis|[silent]\n|-damage|p2a: E.D. ESTAROSSA|90\/100|[from] item: Life Orb\n|move|p1b: Brute Bonnet|Spore|p2a: E.D. ESTAROSSA\n|-status|p2a: E.D. ESTAROSSA|slp|[from] move: Spore\n|\n|upkeep\n|\n|t:|1683599942\n|switch|p1a: Flutter Mane|Flutter Mane, L50|100\/100\n|turn|2\n|\n|t:|1683599948\n|-end|p2a: E.D. ESTAROSSA|Protosynthesis|[silent]\n|switch|p2a: Vegas Nights|Flutter Mane, L50|100\/100\n|move|p2b: Inferno|Heat Wave|p1b: Brute Bonnet|[spread] p1a,p1b\n|-damage|p1a: Flutter Mane|52\/100\n|-damage|p1b: Brute Bonnet|19\/100\n|move|p1a: Flutter Mane|Mystical Fire|p2b: Inferno\n|-supereffective|p2b: Inferno\n|-damage|p2b: Inferno|42\/100\n|-unboost|p2b: Inferno|spa|1\n|move|p1b: Brute Bonnet|Sunny Day|p1b: Brute Bonnet\n|-weather|SunnyDay\n|-activate|p2a: Vegas Nights|ability: Protosynthesis\n|-start|p2a: Vegas Nights|protosynthesisspe\n|-activate|p1a: Flutter Mane|ability: Protosynthesis\n|-start|p1a: Flutter Mane|protosynthesisspe\n|-activate|p1b: Brute Bonnet|ability: Protosynthesis\n|-start|p1b: Brute Bonnet|protosynthesisspe\n|\n|-weather|SunnyDay|[upkeep]\n|upkeep\n|turn|3\n|\n|t:|1683599966\n|move|p2a: Vegas Nights|Dazzling Gleam|p1a: Flutter Mane|[spread] p1a,p1b\n|-damage|p1a: Flutter Mane|3\/100\n|-damage|p1b: Brute Bonnet|0 fnt\n|faint|p1b: Brute Bonnet\n|-end|p1b: Brute Bonnet|Protosynthesis|[silent]\n|move|p1a: Flutter Mane|Mystical Fire|p2b: Inferno\n|-supereffective|p2b: Inferno\n|-damage|p2b: Inferno|0 fnt\n|faint|p2b: Inferno\n|\n|-weather|SunnyDay|[upkeep]\n|upkeep\n|\n|t:|1683599970\n|switch|p2b: Muramasa|Kingambit, L50, M|100\/100\n|switch|p1b: Roaring Moon|Roaring Moon, L50|100\/100\n|-activate|p1b: Roaring Moon|ability: Protosynthesis\n|-start|p1b: Roaring Moon|protosynthesisspe\n|turn|4\n|\n|t:|1683599976\n|move|p1a: Flutter Mane|Protect|p1a: Flutter Mane\n|-singleturn|p1a: Flutter Mane|Protect\n|move|p2b: Muramasa|Sucker Punch||[still]\n|-fail|p2b: Muramasa\n|move|p2a: Vegas Nights|Dazzling Gleam|p1b: Roaring Moon|[spread] p1b\n|-activate|p1a: Flutter Mane|move: Protect\n|-supereffective|p1b: Roaring Moon\n|-damage|p1b: Roaring Moon|0 fnt\n|faint|p1b: Roaring Moon\n|-end|p1b: Roaring Moon|Protosynthesis|[silent]\n|\n|-weather|SunnyDay|[upkeep]\n|upkeep\n|turn|5\n|\n|t:|1683599985\n|move|p2b: Muramasa|Sucker Punch|p1a: Flutter Mane\n|-damage|p1a: Flutter Mane|0 fnt\n|faint|p1a: Flutter Mane\n|-end|p1a: Flutter Mane|Protosynthesis|[silent]\n|\n|win|Awesomeacuz13\n|raw|NickNoName's rating: 1116 → 1090<\/strong> (-26 for losing)\n|raw|Awesomeacuz13's rating: 1102 → 1128<\/strong> (+26 for winning)\n|l|\u2606NickNoName\n","uploadtime":1683599990,"views":3,"p1id":"nicknoname","p2id":"awesomeacuz13","formatid":"gen9vgc2023regulationc","rating":1090,"private":0,"password":""}