{"id":"gen9vgc2023regulationc-1857896281","p1":"Iron Paws","p2":"Charlisito","format":"[Gen 9] VGC 2023 Regulation C","log":"|j|\u2606Iron Paws\n|j|\u2606Charlisito\n|t:|1683244410\n|gametype|doubles\n|player|p1|Iron Paws|flannery|1200\n|player|p2|Charlisito|lucas|1228\n|teamsize|p1|6\n|teamsize|p2|6\n|gen|9\n|tier|[Gen 9] VGC 2023 Regulation C\n|rated|\n|rule|Species Clause: Limit one of each Pok\u00e9mon\n|rule|Item Clause: Limit one of each item\n|clearpoke\n|poke|p1|Palafin, L50, M|\n|poke|p1|Pelipper, L50, M|\n|poke|p1|Flutter Mane, L50|\n|poke|p1|Iron Bundle, L50|\n|poke|p1|Amoonguss, L50, F|\n|poke|p1|Chi-Yu, L50|\n|poke|p2|Palafin, L50, M|\n|poke|p2|Arcanine, L50, M|\n|poke|p2|Amoonguss, L50, M|\n|poke|p2|Flutter Mane, L50|\n|poke|p2|Ting-Lu, L50|\n|poke|p2|Bellibolt, L50, F|\n|teampreview|4\nIron Paws has agreed to open team sheets.\nCharlisito has agreed to open team sheets.\n|\n|t:|1683244477\n|start\n|switch|p1a: Palafin|Palafin, L50, M|100\/100\n|switch|p1b: Iron Bundle|Iron Bundle, L50|100\/100\n|switch|p2a: Bellibolt|Bellibolt, L50, F|100\/100\n|switch|p2b: Palafin|Palafin, L50, M|100\/100\n|turn|1\n|\n|t:|1683244498\n|detailschange|p1a: Palafin|Palafin-Hero, L50, M\n|switch|p1a: Chi-Yu|Chi-Yu, L50|100\/100\n|-ability|p1a: Chi-Yu|Beads of Ruin\n|move|p2b: Palafin|Protect|p2b: Palafin\n|-singleturn|p2b: Palafin|Protect\n|move|p1b: Iron Bundle|Freeze-Dry|p2a: Bellibolt\n|-damage|p2a: Bellibolt|78\/100\n|-start|p2a: Bellibolt|Charge|Freeze-Dry|[from] ability: Electromorphosis\n|move|p2a: Bellibolt|Parabolic Charge|p1a: Chi-Yu|[spread] p1a,p1b\n|-activate|p2b: Palafin|move: Protect\n|-supereffective|p1b: Iron Bundle\n|-damage|p1a: Chi-Yu|64\/100\n|-heal|p2a: Bellibolt|91\/100|[from] drain|[of] p1a: Chi-Yu\n|-enditem|p1b: Iron Bundle|Focus Sash\n|-damage|p1b: Iron Bundle|1\/100\n|-heal|p2a: Bellibolt|100\/100|[from] drain|[of] p1b: Iron Bundle\n|-end|p2a: Bellibolt|Charge|[silent]\n|\n|upkeep\n|turn|2\n|\n|t:|1683244521\n|move|p2b: Palafin|Jet Punch|p1b: Iron Bundle\n|-resisted|p1b: Iron Bundle\n|-damage|p1b: Iron Bundle|0 fnt\n|faint|p1b: Iron Bundle\n|-end|p1b: Iron Bundle|Quark Drive|[silent]\n|move|p1a: Chi-Yu|Nasty Plot|p1a: Chi-Yu\n|-boost|p1a: Chi-Yu|spa|2\n|move|p2a: Bellibolt|Volt Switch|p1a: Chi-Yu\n|-damage|p1a: Chi-Yu|33\/100\n|\n|t:|1683244524\n|switch|p2a: Ting-Lu|Ting-Lu, L50|100\/100|[from] Volt Switch\n|-ability|p2a: Ting-Lu|Vessel of Ruin\n|\n|upkeep\n|\n|t:|1683244537\n|switch|p1b: Flutter Mane|Flutter Mane, L50|100\/100\n|-enditem|p1b: Flutter Mane|Booster Energy\n|-activate|p1b: Flutter Mane|ability: Protosynthesis|[fromitem]\n|-start|p1b: Flutter Mane|protosynthesisspa\n|turn|3\n|\n|t:|1683244543\n|detailschange|p2b: Palafin|Palafin-Hero, L50, M\n|switch|p2b: Arcanine|Arcanine, L50, M|100\/100\n|-ability|p2b: Arcanine|Intimidate|boost\n|-unboost|p1a: Chi-Yu|atk|1\n|-unboost|p1b: Flutter Mane|atk|1\n|move|p1a: Chi-Yu|Protect|p1a: Chi-Yu\n|-singleturn|p1a: Chi-Yu|Protect\n|move|p1b: Flutter Mane|Moonblast|p2b: Arcanine\n|-resisted|p2b: Arcanine\n|-damage|p2b: Arcanine|65\/100\n|-unboost|p2b: Arcanine|spa|1\n|move|p2a: Ting-Lu|Stomping Tantrum|p1a: Chi-Yu\n|-activate|p1a: Chi-Yu|move: Protect\n|\n|upkeep\n|turn|4\n|\n|t:|1683244569\n|move|p1b: Flutter Mane|Moonblast|p2a: Ting-Lu\n|-supereffective|p2a: Ting-Lu\n|-damage|p2a: Ting-Lu|12\/100\n|-unboost|p2a: Ting-Lu|spa|1\n|move|p1a: Chi-Yu|Flamethrower|p2a: Ting-Lu\n|-damage|p2a: Ting-Lu|0 fnt\n|faint|p2a: Ting-Lu\n|move|p2b: Arcanine|Flare Blitz|p1b: Flutter Mane\n|-damage|p1b: Flutter Mane|12\/100\n|-damage|p2b: Arcanine|44\/100|[from] Recoil\n|\n|upkeep\n|\n|t:|1683244577\n|switch|p2a: Bellibolt|Bellibolt, L50, F|100\/100\n|turn|5\n|\n|t:|1683244585\n|move|p2b: Arcanine|Extreme Speed|p1a: Chi-Yu\n|-damage|p1a: Chi-Yu|3\/100\n|move|p1b: Flutter Mane|Dazzling Gleam|p2a: Bellibolt|[spread] p2a,p2b\n|-resisted|p2b: Arcanine\n|-damage|p2a: Bellibolt|73\/100\n|-damage|p2b: Arcanine|15\/100\n|-start|p2a: Bellibolt|Charge|Dazzling Gleam|[from] ability: Electromorphosis\n|move|p1a: Chi-Yu|Dark Pulse|p2a: Bellibolt\n|-damage|p2a: Bellibolt|22\/100\n|-start|p2a: Bellibolt|Charge|Dark Pulse|[from] ability: Electromorphosis\n|move|p2a: Bellibolt|Parabolic Charge|p1b: Flutter Mane|[spread] p2b,p1a,p1b\n|-damage|p2b: Arcanine|0 fnt\n|-heal|p2a: Bellibolt|29\/100|[from] drain|[of] p2b: Arcanine\n|-damage|p1a: Chi-Yu|0 fnt\n|-heal|p2a: Bellibolt|30\/100|[from] drain|[of] p1a: Chi-Yu\n|-damage|p1b: Flutter Mane|0 fnt\n|-heal|p2a: Bellibolt|34\/100|[from] drain|[of] p1b: Flutter Mane\n|faint|p2b: Arcanine\n|faint|p1a: Chi-Yu\n|faint|p1b: Flutter Mane\n|-end|p1b: Flutter Mane|Protosynthesis|[silent]\n|-end|p2a: Bellibolt|Charge|[silent]\n|\n|upkeep\n|\n|t:|1683244606\n|switch|p2b: Palafin|Palafin-Hero, L50, M|100\/100\n|switch|p1a: Palafin|Palafin-Hero, L50, M|100\/100\n|-activate|p1a: Palafin|ability: Zero to Hero\n|-activate|p2b: Palafin|ability: Zero to Hero\n|turn|6\n|\n|t:|1683244624\n|-terastallize|p1a: Palafin|Water\n|-terastallize|p2a: Bellibolt|Grass\n|move|p1a: Palafin|Jet Punch|p2a: Bellibolt\n|-resisted|p2a: Bellibolt\n|-damage|p2a: Bellibolt|5\/100\n|-start|p2a: Bellibolt|Charge|Jet Punch|[from] ability: Electromorphosis\n|move|p2b: Palafin|Wave Crash|p1a: Palafin\n|-resisted|p1a: Palafin\n|-crit|p1a: Palafin\n|-damage|p1a: Palafin|38\/100\n|-damage|p2b: Palafin|80\/100|[from] Recoil\n|move|p2a: Bellibolt|Tera Blast|p1a: Palafin\n|-supereffective|p1a: Palafin\n|-damage|p1a: Palafin|0 fnt\n|faint|p1a: Palafin\n|\n|win|Charlisito\n|raw|Iron Paws's rating: 1200 → 1177<\/strong> (-23 for losing)\n|raw|Charlisito's rating: 1228 → 1251<\/strong> (+23 for winning)\n|l|\u2606Iron Paws\n","uploadtime":1683244684,"views":9,"p1id":"ironpaws","p2id":"charlisito","formatid":"gen9vgc2023regulationc","rating":1177,"private":0,"password":""}