{"id":"gen9vgc2023regulationc-1857018213","p1":"Nails","p2":"TabuVGC","format":"[Gen 9] VGC 2023 Regulation C","log":"|j|\u2606Nails\n|j|\u2606TabuVGC\n|t:|1683137273\n|gametype|doubles\n|player|p1|Nails|#scl2terrors|\n|player|p2|TabuVGC|alder|\n|teamsize|p1|6\n|teamsize|p2|6\n|gen|9\n|tier|[Gen 9] VGC 2023 Regulation C\n|rule|Species Clause: Limit one of each Pok\u00e9mon\n|rule|Item Clause: Limit one of each item\n|clearpoke\n|poke|p1|Great Tusk, L50|\n|poke|p1|Chi-Yu, L50|\n|poke|p1|Flutter Mane, L50|\n|poke|p1|Iron Bundle, L50|\n|poke|p1|Murkrow, L50, F|\n|poke|p1|Kingambit, L50, M|\n|poke|p2|Kingambit, L50, M|\n|poke|p2|Flutter Mane, L50|\n|poke|p2|Palafin, L50, M|\n|poke|p2|Iron Hands, L50|\n|poke|p2|Amoonguss, L50, F|\n|poke|p2|Arcanine, L50, F|\n|teampreview|4\n|c|\u2606Nails|g2\n|c|\u2606TabuVGC|g2\nTabuVGC has agreed to open team sheets.\n|j| Bertigo\n|j| JMOdri\nNails has agreed to open team sheets.\n|j| Svenvgc\n|j| PqlarBear\n|c|\u2606TabuVGC|hf\n|j| IchigoZangeCorner\n|j| QueirozVGC\n|j| Oriol.plazai\n|j| Anisphia\n|n|\u2606Nails|nails\n|n|\u2606Nails|nails\n|j| tagmouse27\n|j| duckpond\n|j| Ally\n|c|\u2606Nails|in\n|l| Ally\n|c|\u2606Nails|(ps bugging out)\n|c| duckpond|skill issue\n|c|\u2606TabuVGC|kekw\n|j| Ally\n|j| JoeUX9\n|j| NJ11VGC\n|l| QueirozVGC\n|l| Ally\n|l| NJ11VGC\n|\n|t:|1683138022\n|start\n|switch|p1a: Murkrow|Murkrow, L50, F|100\/100\n|switch|p1b: Flutter Mane|Flutter Mane, L50|100\/100\n|switch|p2a: Kingambit|Kingambit, L50, M, shiny|100\/100\n|switch|p2b: Flutter Mane|Flutter Mane, L50|100\/100\n|-enditem|p2b: Flutter Mane|Booster Energy\n|-activate|p2b: Flutter Mane|ability: Protosynthesis|[fromitem]\n|-start|p2b: Flutter Mane|protosynthesisspa\n|turn|1\n|j| Jarshall\n|j|+starmaster\n|j| QueirozVGC\n|\n|t:|1683138122\n|-terastallize|p1b: Flutter Mane|Fairy\n|move|p1a: Murkrow|Tailwind|p1a: Murkrow\n|-sidestart|p1: Nails|move: Tailwind\n|move|p1b: Flutter Mane|Dazzling Gleam|p2a: Kingambit|[spread] p2a,p2b\n|-damage|p2a: Kingambit|63\/100\n|-damage|p2b: Flutter Mane|41\/100\n|move|p2b: Flutter Mane|Substitute|p2b: Flutter Mane\n|-start|p2b: Flutter Mane|Substitute\n|-damage|p2b: Flutter Mane|16\/100\n|move|p2a: Kingambit|Iron Head|p1b: Flutter Mane\n|-supereffective|p1b: Flutter Mane\n|-damage|p1b: Flutter Mane|0 fnt\n|faint|p1b: Flutter Mane\n|-end|p1b: Flutter Mane|Protosynthesis|[silent]\n|\n|upkeep\n|\n|t:|1683138140\n|switch|p1b: Great Tusk|Great Tusk, L50|100\/100\n|turn|2\n|j| Ally\n|j| Robbie35646\n|n| Robbie35646|robbie35646\n|j| NJ11VGC\n|j| Finabas\n|\n|t:|1683138212\n|switch|p2a: Amoonguss|Amoonguss, L50, F, shiny|100\/100\n|move|p2b: Flutter Mane|Protect|p2b: Flutter Mane\n|-singleturn|p2b: Flutter Mane|Protect\n|move|p1a: Murkrow|Sunny Day|p1a: Murkrow\n|-weather|SunnyDay\n|-activate|p1b: Great Tusk|ability: Protosynthesis\n|-start|p1b: Great Tusk|protosynthesisatk\n|move|p1b: Great Tusk|Earthquake|p2a: Amoonguss|[spread] p2a\n|-activate|p2b: Flutter Mane|move: Protect\n|-immune|p1a: Murkrow\n|-damage|p2a: Amoonguss|58\/100\n|\n|-weather|SunnyDay|[upkeep]\n|upkeep\n|turn|3\n|j| Izzy22x\n|\n|t:|1683138271\n|move|p2a: Amoonguss|Rage Powder|p2a: Amoonguss\n|-singleturn|p2a: Amoonguss|move: Rage Powder\n|move|p1b: Great Tusk|Earthquake|p2b: Flutter Mane|[spread] p2a,p2b\n|-immune|p1a: Murkrow\n|-end|p2b: Flutter Mane|Substitute\n|-damage|p2a: Amoonguss|14\/100\n|move|p1a: Murkrow|Foul Play|p2a: Amoonguss\n|-damage|p2a: Amoonguss|0 fnt\n|faint|p2a: Amoonguss\n|move|p2b: Flutter Mane|Moonblast|p1b: Great Tusk\n|-supereffective|p1b: Great Tusk\n|-damage|p1b: Great Tusk|0 fnt\n|faint|p1b: Great Tusk\n|-end|p1b: Great Tusk|Protosynthesis|[silent]\n|\n|-weather|SunnyDay|[upkeep]\n|upkeep\n|\n|t:|1683138276\n|switch|p1b: Chi-Yu|Chi-Yu, L50|100\/100\n|switch|p2a: Kingambit|Kingambit, L50, M, shiny|63\/100\n|-ability|p1b: Chi-Yu|Beads of Ruin\n|turn|4\n|l| JoeUX9\n|l| Robbie35646\n|l| NJ11VGC\n|\n|t:|1683138365\n|switch|p2a: Arcanine|Arcanine, L50, F, shiny|100\/100\n|-ability|p2a: Arcanine|Intimidate|boost\n|-unboost|p1a: Murkrow|atk|1\n|-unboost|p1b: Chi-Yu|atk|1\n|move|p1b: Chi-Yu|Protect|p1b: Chi-Yu\n|-singleturn|p1b: Chi-Yu|Protect\n|move|p2b: Flutter Mane|Protect|p2b: Flutter Mane\n|-singleturn|p2b: Flutter Mane|Protect\n|move|p1a: Murkrow|Foul Play|p2a: Arcanine\n|-damage|p2a: Arcanine|60\/100\n|\n|-weather|SunnyDay|[upkeep]\n|-sideend|p1: Nails|move: Tailwind\n|upkeep\n|turn|5\n|j| JoeUX9\n|\n|t:|1683138381\n|move|p1a: Murkrow|Tailwind|p1a: Murkrow\n|-sidestart|p1: Nails|move: Tailwind\n|move|p1b: Chi-Yu|Heat Wave|p2a: Arcanine|[spread] p2a,p2b\n|-resisted|p2a: Arcanine\n|-damage|p2a: Arcanine|7\/100\n|-damage|p2b: Flutter Mane|0 fnt\n|-enditem|p2a: Arcanine|Sitrus Berry|[eat]\n|-heal|p2a: Arcanine|31\/100|[from] item: Sitrus Berry\n|faint|p2b: Flutter Mane\n|-end|p2b: Flutter Mane|Protosynthesis|[silent]\n|-damage|p1b: Chi-Yu|91\/100|[from] item: Life Orb\n|move|p2a: Arcanine|Flare Blitz|p1b: Chi-Yu\n|-resisted|p1b: Chi-Yu\n|-damage|p1b: Chi-Yu|21\/100\n|-damage|p2a: Arcanine|16\/100|[from] Recoil\n|\n|-weather|SunnyDay|[upkeep]\n|upkeep\n|\n|t:|1683138395\n|switch|p2b: Kingambit|Kingambit, L50, M, shiny|63\/100\n|turn|6\n|j| NJ11VGC\n|l| Ally\n|\n|t:|1683138480\n|-terastallize|p2b: Kingambit|Water\n|move|p1b: Chi-Yu|Protect|p1b: Chi-Yu\n|-singleturn|p1b: Chi-Yu|Protect\n|move|p2a: Arcanine|Extreme Speed|p1b: Chi-Yu\n|-activate|p1b: Chi-Yu|move: Protect\n|move|p1a: Murkrow|Foul Play|p2b: Kingambit\n|-damage|p2b: Kingambit|21\/100\n|move|p2b: Kingambit|Iron Head|p1a: Murkrow\n|-damage|p1a: Murkrow|3\/100\n|\n|-weather|none\n|upkeep\n|turn|7\n|\n|t:|1683138502\n|move|p2a: Arcanine|Extreme Speed|p1b: Chi-Yu\n|-damage|p1b: Chi-Yu|0 fnt\n|faint|p1b: Chi-Yu\n|move|p2b: Kingambit|Sucker Punch|p1a: Murkrow\n|-resisted|p1a: Murkrow\n|-damage|p1a: Murkrow|0 fnt\n|faint|p1a: Murkrow\n|\n|win|TabuVGC\n|c|\u2606Nails|gg\n|c|\u2606TabuVGC|gg\n|l| JoeUX9\n|l| Finabas\n|l| NJ11VGC\n|l| duckpond\n|j| Orangex337\n|l| Orangex337\n|l|+starmaster\n|l| QueirozVGC\n|l| Oriol.plazai\n|l| IchigoZangeCorner\n","uploadtime":1683139083,"views":37,"p1id":"nails","p2id":"tabuvgc","formatid":"gen9vgc2023regulationc","rating":0,"private":0,"password":""}