{"id":"gen9vgc2023regulationc-1848300068","p1":"Dodo18","p2":"memeshe","format":"[Gen 9] VGC 2023 Regulation C","log":"|j|\u2606Dodo18\n|j|\u2606memeshe\n|t:|1682056270\n|gametype|doubles\n|player|p1|Dodo18|169|1100\n|player|p2|memeshe|170|1018\n|teamsize|p1|6\n|teamsize|p2|6\n|gen|9\n|tier|[Gen 9] VGC 2023 Regulation C\n|rated|\n|rule|Species Clause: Limit one of each Pok\u00e9mon\n|rule|Item Clause: Limit one of each item\n|clearpoke\n|poke|p1|Ting-Lu, L50|\n|poke|p1|Glimmora, L50, F|\n|poke|p1|Dragonite, L50, F|\n|poke|p1|Chi-Yu, L50|\n|poke|p1|Dondozo, L50, M|\n|poke|p1|Flutter Mane, L50|\n|poke|p2|Drifblim, L50, M|\n|poke|p2|Squawkabilly, L50, F|\n|poke|p2|Gothitelle, L50, M|\n|poke|p2|Klefki, L50, F|\n|poke|p2|Magnezone, L50|\n|poke|p2|Flutter Mane, L50|\n|teampreview|4\n|\n|t:|1682056305\n|start\n|switch|p1a: Glimmora|Glimmora, L50, F|100\/100\n|switch|p1b: Chi-Yu|Chi-Yu, L50|100\/100\n|switch|p2a: Klefki|Klefki, L50, F, shiny|100\/100\n|switch|p2b: Flutter Mane|Flutter Mane, L50, shiny|100\/100\n|-ability|p1b: Chi-Yu|Beads of Ruin\n|turn|1\n|inactive|Battle timer is ON: inactive players will automatically lose when time's up. (requested by memeshe)\n|c|\u2606memeshe|hello\n|\n|t:|1682056409\n|switch|p1a: Dondozo|Dondozo, L50, M|100\/100\n|-terastallize|p1b: Chi-Yu|Grass\n|-terastallize|p2a: Klefki|Water\n|move|p2b: Flutter Mane|Protect|p2b: Flutter Mane\n|-singleturn|p2b: Flutter Mane|Protect\n|move|p2a: Klefki|Light Screen|p2a: Klefki\n|-sidestart|p2: memeshe|move: Light Screen\n|move|p1b: Chi-Yu|Taunt|p2a: Klefki\n|-start|p2a: Klefki|move: Taunt\n|\n|upkeep\n|turn|2\n|inactive|Dodo18 has 30 seconds left.\n|inactive|memeshe has 30 seconds left.\n|inactive|Dodo18 has 20 seconds left.\n|inactive|Dodo18 has 15 seconds left.\n|\n|t:|1682056449\n|switch|p2a: Magnezone|Magnezone, L50, shiny|100\/100\n|move|p2b: Flutter Mane|Perish Song|p2b: Flutter Mane\n|-start|p1a: Dondozo|perish3|[silent]\n|-start|p1b: Chi-Yu|perish3|[silent]\n|-start|p2a: Magnezone|perish3|[silent]\n|-start|p2b: Flutter Mane|perish3|[silent]\n|-fieldactivate|move: Perish Song\n|move|p1b: Chi-Yu|Dark Pulse|p2b: Flutter Mane\n|-damage|p2b: Flutter Mane|61\/100\n|move|p1a: Dondozo|Heavy Slam|p2b: Flutter Mane\n|-supereffective|p2b: Flutter Mane\n|-damage|p2b: Flutter Mane|0 fnt\n|faint|p2b: Flutter Mane\n|-end|p2b: Flutter Mane|Protosynthesis|[silent]\n|\n|-start|p1b: Chi-Yu|perish3\n|-start|p1a: Dondozo|perish3\n|-start|p2a: Magnezone|perish3\n|upkeep\n|\n|t:|1682056463\n|switch|p2b: Gothitelle|Gothitelle, L50, M, shiny|100\/100\n|turn|3\n|inactive|Dodo18 has 30 seconds left.\n|\n|t:|1682056492\n|move|p2b: Gothitelle|Fake Out|p1b: Chi-Yu\n|-damage|p1b: Chi-Yu|92\/100\n|move|p1b: Chi-Yu|Heat Wave|p2a: Magnezone|[spread] \n|-miss|p1b: Chi-Yu|p2a: Magnezone\n|-miss|p1b: Chi-Yu|p2b: Gothitelle\n|move|p1a: Dondozo|Heavy Slam|p2b: Gothitelle\n|-damage|p2b: Gothitelle|72\/100\n|move|p2a: Magnezone|Volt Switch|p1a: Dondozo\n|-supereffective|p1a: Dondozo\n|-damage|p1a: Dondozo|0 fnt\n|faint|p1a: Dondozo\n|\n|t:|1682056509\n|switch|p2a: Klefki|Klefki, L50, F, shiny, tera:Water|100\/100|[from] Volt Switch\n|\n|-start|p1b: Chi-Yu|perish2\n|upkeep\n|\n|t:|1682056523\n|switch|p1a: Flutter Mane|Flutter Mane, L50|100\/100\n|-enditem|p1a: Flutter Mane|Booster Energy\n|-activate|p1a: Flutter Mane|ability: Protosynthesis|[fromitem]\n|-start|p1a: Flutter Mane|protosynthesisspe\n|turn|4\n|\n|t:|1682056553\n|move|p2b: Gothitelle|Protect|p2b: Gothitelle\n|-singleturn|p2b: Gothitelle|Protect\n|move|p2a: Klefki|Thunder Wave|p1a: Flutter Mane\n|-status|p1a: Flutter Mane|par\n|move|p1b: Chi-Yu|Heat Wave|p2b: Gothitelle|[spread] p2a\n|-activate|p2b: Gothitelle|move: Protect\n|-resisted|p2a: Klefki\n|-damage|p2a: Klefki|84\/100\n|-enditem|p2a: Klefki|Eject Button\n|\n|t:|1682056564\n|switch|p2a: Magnezone|Magnezone, L50, shiny|100\/100\n|move|p1a: Flutter Mane|Substitute|p1a: Flutter Mane\n|-start|p1a: Flutter Mane|Substitute\n|-damage|p1a: Flutter Mane|75\/100 par\n|\n|-start|p1b: Chi-Yu|perish1\n|upkeep\n|turn|5\n|inactive|Dodo18 has 30 seconds left.\n|\n|t:|1682056599\n|switch|p2b: Klefki|Klefki, L50, F, shiny, tera:Water|84\/100\n|move|p1b: Chi-Yu|Dark Pulse|p2b: Klefki\n|-damage|p2b: Klefki|47\/100\n|move|p1a: Flutter Mane|Shadow Ball|p2b: Klefki\n|-damage|p2b: Klefki|16\/100\n|move|p2a: Magnezone|Volt Switch|p1a: Flutter Mane\n|-end|p1a: Flutter Mane|Substitute\n|\n|t:|1682056611\n|switch|p2a: Gothitelle|Gothitelle, L50, M, shiny|72\/100|[from] Volt Switch\n|\n|-start|p1b: Chi-Yu|perish0\n|-sideend|p2: memeshe|move: Light Screen\n|upkeep\n|faint|p1b: Chi-Yu\n|\n|t:|1682056613\n|switch|p1b: Glimmora|Glimmora, L50, F|100\/100\n|turn|6\n|inactive|Dodo18 has 30 seconds left.\n|inactive|Dodo18 has 20 seconds left.\n|\n|t:|1682056650\n|move|p1b: Glimmora|Spiky Shield|p1b: Glimmora\n|-singleturn|p1b: Glimmora|move: Protect\n|move|p2b: Klefki|Thunder Wave|p1b: Glimmora\n|-activate|p1b: Glimmora|move: Protect\n|cant|p1a: Flutter Mane|par\n|move|p2a: Gothitelle|Heal Pulse|p2b: Klefki\n|-heal|p2b: Klefki|66\/100\n|\n|upkeep\n|turn|7\n|inactive|Dodo18 has 30 seconds left.\n|\n|t:|1682056675\n|move|p2a: Gothitelle|Protect|p2a: Gothitelle\n|-singleturn|p2a: Gothitelle|Protect\n|move|p2b: Klefki|Light Screen|p2b: Klefki\n|-sidestart|p2: memeshe|move: Light Screen\n|move|p1b: Glimmora|Mortal Spin|p2b: Klefki|[spread] p2b\n|-activate|p2a: Gothitelle|move: Protect\n|-damage|p2b: Klefki|62\/100\n|-status|p2b: Klefki|psn\n|cant|p1a: Flutter Mane|par\n|\n|-damage|p2b: Klefki|50\/100 psn|[from] psn\n|upkeep\n|turn|8\n|inactive|Dodo18 has 30 seconds left.\n|\n|t:|1682056707\n|switch|p2a: Magnezone|Magnezone, L50, shiny|100\/100\n|move|p2b: Klefki|Thunder Wave|p1b: Glimmora\n|-status|p1b: Glimmora|par\n|move|p1a: Flutter Mane|Shadow Ball|p2a: Magnezone\n|-damage|p2a: Magnezone|70\/100\n|cant|p1b: Glimmora|par\n|\n|-damage|p2b: Klefki|38\/100 psn|[from] psn\n|upkeep\n|turn|9\n|inactive|Dodo18 has 30 seconds left.\n|inactive|memeshe has 30 seconds left.\n|inactive|Dodo18 has 20 seconds left.\n|inactive|Dodo18 has 15 seconds left.\n|inactive|Dodo18 has 10 seconds left.\n|\n|t:|1682056752\n|switch|p2b: Gothitelle|Gothitelle, L50, M, shiny|72\/100\n|move|p1a: Flutter Mane|Moonblast|p2b: Gothitelle\n|-damage|p2b: Gothitelle|50\/100\n|move|p1b: Glimmora|Mortal Spin|p2a: Magnezone|[spread] p2b\n|-immune|p2a: Magnezone\n|-damage|p2b: Gothitelle|46\/100\n|-status|p2b: Gothitelle|psn\n|move|p2a: Magnezone|Flash Cannon|p1a: Flutter Mane\n|-supereffective|p1a: Flutter Mane\n|-damage|p1a: Flutter Mane|0 fnt\n|faint|p1a: Flutter Mane\n|-end|p1a: Flutter Mane|Protosynthesis|[silent]\n|\n|-damage|p2b: Gothitelle|33\/100 psn|[from] psn\n|upkeep\n|turn|10\n|\n|t:|1682056775\n|move|p1b: Glimmora|Spiky Shield|p1b: Glimmora\n|-singleturn|p1b: Glimmora|move: Protect\n|move|p2b: Gothitelle|Heal Pulse|p2a: Magnezone\n|-heal|p2a: Magnezone|100\/100\n|move|p2a: Magnezone|Flash Cannon|p1b: Glimmora\n|-activate|p1b: Glimmora|move: Protect\n|\n|-damage|p2b: Gothitelle|21\/100 psn|[from] psn\n|upkeep\n|-enditem|p2b: Gothitelle|Wiki Berry|[eat]\n|-heal|p2b: Gothitelle|54\/100 psn|[from] item: Wiki Berry\n|turn|11\n|inactive|Dodo18 has 30 seconds left.\n|\n|t:|1682056805\n|move|p2b: Gothitelle|Psychic|p1b: Glimmora\n|-supereffective|p1b: Glimmora\n|-damage|p1b: Glimmora|14\/100 par\n|move|p1b: Glimmora|Power Gem|p2b: Gothitelle\n|-damage|p2b: Gothitelle|34\/100 psn\n|move|p2a: Magnezone|Flash Cannon|p1b: Glimmora\n|-supereffective|p1b: Glimmora\n|-damage|p1b: Glimmora|0 fnt\n|faint|p1b: Glimmora\n|\n|win|memeshe\n|raw|Dodo18's rating: 1100 → 1069<\/strong> (-31 for losing)\n|raw|memeshe's rating: 1018 → 1064<\/strong> (+46 for winning)\n|l|\u2606Dodo18\n","uploadtime":1682056818,"views":8,"p1id":"dodo18","p2id":"memeshe","formatid":"gen9vgc2023regulationc","rating":1064,"private":0,"password":""}