{"id":"gen9vgc2023regulationc-1846011699","p1":"cvlmnd117","p2":"knight8512","format":"[Gen 9] VGC 2023 Regulation C","log":"|j|\u2606cvlmnd117\n|j|\u2606knight8512\n|t:|1681791152\n|gametype|doubles\n|player|p1|cvlmnd117|2|1063\n|player|p2|knight8512|boarder|1118\n|teamsize|p1|6\n|teamsize|p2|6\n|gen|9\n|tier|[Gen 9] VGC 2023 Regulation C\n|rated|\n|rule|Species Clause: Limit one of each Pok\u00e9mon\n|rule|Item Clause: Limit one of each item\n|clearpoke\n|poke|p1|Chi-Yu, L50|\n|poke|p1|Baxcalibur, L50, F|\n|poke|p1|Grimmsnarl, L50, M|\n|poke|p1|Farigiraf, L50, F|\n|poke|p1|Palafin, L50, M|\n|poke|p1|Amoonguss, L50, M|\n|poke|p2|Talonflame, L50, F|\n|poke|p2|Garchomp, L50, F|\n|poke|p2|Gyarados, L50, M|\n|poke|p2|Kingambit, L50, F|\n|poke|p2|Flutter Mane, L50|\n|poke|p2|Arboliva, L50, M|\n|teampreview|4\n|\n|t:|1681791234\n|start\n|switch|p1a: Grimmsnarl|Grimmsnarl, L50, M|100\/100\n|switch|p1b: Palafin|Palafin, L50, M|100\/100\n|switch|p2a: Gyarados|Gyarados, L50, M|100\/100\n|switch|p2b: Flutter Mane|Flutter Mane, L50|100\/100\n|-ability|p2a: Gyarados|Intimidate|boost\n|-unboost|p1a: Grimmsnarl|atk|1\n|-unboost|p1b: Palafin|atk|1\n|turn|1\n|\n|t:|1681791255\n|detailschange|p1b: Palafin|Palafin-Hero, L50, M\n|switch|p1b: Farigiraf|Farigiraf, L50, F|100\/100\n|-terastallize|p2b: Flutter Mane|Fairy\n|move|p2a: Gyarados|Helping Hand|p2b: Flutter Mane\n|-singleturn|p2b: Flutter Mane|Helping Hand|[of] p2a: Gyarados\n|move|p1a: Grimmsnarl|Thunder Wave|p2b: Flutter Mane\n|-status|p2b: Flutter Mane|par\n|cant|p2b: Flutter Mane|par\n|\n|upkeep\n|turn|2\n|\n|t:|1681791274\n|move|p1a: Grimmsnarl|Thunder Wave|p2a: Gyarados\n|-status|p2a: Gyarados|par\n|move|p2b: Flutter Mane|Dazzling Gleam|p1a: Grimmsnarl|[spread] p1a,p1b\n|-supereffective|p1a: Grimmsnarl\n|-damage|p1a: Grimmsnarl|0 fnt\n|-damage|p1b: Farigiraf|35\/100\n|faint|p1a: Grimmsnarl\n|move|p1b: Farigiraf|Nasty Plot|p1b: Farigiraf\n|-boost|p1b: Farigiraf|spa|2\n|move|p2a: Gyarados|Taunt|p1b: Farigiraf\n|-start|p1b: Farigiraf|move: Taunt\n|\n|upkeep\n|\n|t:|1681791288\n|switch|p1a: Palafin|Palafin-Hero, L50, M|100\/100\n|-activate|p1a: Palafin|ability: Zero to Hero\n|turn|3\n|\n|t:|1681791311\n|-end|p2b: Flutter Mane|Protosynthesis|[silent]\n|switch|p2b: Arboliva|Arboliva, L50, M|100\/100\n|move|p1a: Palafin|Jet Punch|p2b: Arboliva\n|-resisted|p2b: Arboliva\n|-damage|p2b: Arboliva|83\/100\n|-fieldstart|move: Grassy Terrain|[from] ability: Seed Sower|[of] p2b: Arboliva\n|-enditem|p2b: Arboliva|Grassy Seed\n|-boost|p2b: Arboliva|def|1|[from] item: Grassy Seed\n|move|p1b: Farigiraf|Psychic|p2a: Gyarados\n|-crit|p2a: Gyarados\n|-damage|p2a: Gyarados|0 fnt\n|faint|p2a: Gyarados\n|\n|-heal|p1b: Farigiraf|41\/100|[from] Grassy Terrain\n|-heal|p2b: Arboliva|89\/100|[from] Grassy Terrain\n|upkeep\n|\n|t:|1681791333\n|switch|p2a: Garchomp|Garchomp, L50, F|100\/100\n|turn|4\n|\n|t:|1681791351\n|move|p2a: Garchomp|Protect|p2a: Garchomp\n|-singleturn|p2a: Garchomp|Protect\n|move|p1a: Palafin|Protect|p1a: Palafin\n|-singleturn|p1a: Palafin|Protect\n|move|p1b: Farigiraf|Hyper Voice|p2a: Garchomp|[spread] p2b\n|-activate|p2a: Garchomp|move: Protect\n|-damage|p2b: Arboliva|28\/100\n|move|p2b: Arboliva|Strength Sap|p1a: Palafin\n|-activate|p1a: Palafin|move: Protect\n|\n|-heal|p1b: Farigiraf|47\/100|[from] Grassy Terrain\n|-heal|p2b: Arboliva|34\/100|[from] Grassy Terrain\n|upkeep\n|turn|5\n|\n|t:|1681791387\n|switch|p1a: Chi-Yu|Chi-Yu, L50|100\/100\n|-ability|p1a: Chi-Yu|Beads of Ruin\n|switch|p2b: Flutter Mane|Flutter Mane, L50, tera:Fairy|100\/100 par\n|-terastallize|p1b: Farigiraf|Normal\n|move|p2a: Garchomp|Dragon Claw|p1b: Farigiraf\n|-damage|p1b: Farigiraf|0 fnt\n|faint|p1b: Farigiraf\n|-damage|p2a: Garchomp|91\/100|[from] item: Life Orb\n|\n|-heal|p2a: Garchomp|97\/100|[from] Grassy Terrain\n|upkeep\n|\n|t:|1681791400\n|switch|p1b: Palafin|Palafin-Hero, L50, M|100\/100\n|turn|6\n|\n|t:|1681791423\n|move|p1b: Palafin|Protect|p1b: Palafin\n|-singleturn|p1b: Palafin|Protect\n|move|p1a: Chi-Yu|Lava Plume|p2b: Flutter Mane|[spread] p2a,p2b\n|-activate|p1b: Palafin|move: Protect\n|-resisted|p2a: Garchomp\n|-crit|p2b: Flutter Mane\n|-damage|p2a: Garchomp|75\/100\n|-damage|p2b: Flutter Mane|53\/100 par\n|move|p2a: Garchomp|Stomping Tantrum|p1a: Chi-Yu\n|-supereffective|p1a: Chi-Yu\n|-damage|p1a: Chi-Yu|0 fnt\n|faint|p1a: Chi-Yu\n|-damage|p2a: Garchomp|65\/100|[from] item: Life Orb\n|move|p2b: Flutter Mane|Dazzling Gleam|p1b: Palafin\n|-activate|p1b: Palafin|move: Protect\n|\n|-heal|p2a: Garchomp|71\/100|[from] Grassy Terrain\n|-heal|p2b: Flutter Mane|58\/100 par|[from] Grassy Terrain\n|upkeep\n|turn|7\n|\n|t:|1681791461\n|move|p1b: Palafin|Jet Punch|p2b: Flutter Mane\n|-damage|p2b: Flutter Mane|0 fnt\n|faint|p2b: Flutter Mane\n|-end|p2b: Flutter Mane|Protosynthesis|[silent]\n|move|p2a: Garchomp|Dragon Claw|p1b: Palafin\n|-damage|p1b: Palafin|47\/100\n|-damage|p2a: Garchomp|61\/100|[from] item: Life Orb\n|\n|-heal|p2a: Garchomp|67\/100|[from] Grassy Terrain\n|-heal|p1b: Palafin|53\/100|[from] Grassy Terrain\n|-fieldend|move: Grassy Terrain\n|upkeep\n|\n|t:|1681791473\n|switch|p2b: Arboliva|Arboliva, L50, M|34\/100\n|turn|8\n|\n|t:|1681791484\n|move|p2a: Garchomp|Protect|p2a: Garchomp\n|-singleturn|p2a: Garchomp|Protect\n|move|p1b: Palafin|Jet Punch|p2a: Garchomp\n|-activate|p2a: Garchomp|move: Protect\n|move|p2b: Arboliva|Strength Sap|p1b: Palafin\n|-unboost|p1b: Palafin|atk|1\n|-heal|p2b: Arboliva|100\/100\n|\n|upkeep\n|turn|9\n|\n|t:|1681791499\n|move|p1b: Palafin|Jet Punch|p2a: Garchomp\n|-crit|p2a: Garchomp\n|-damage|p2a: Garchomp|0 fnt\n|-damage|p1b: Palafin|40\/100|[from] ability: Rough Skin|[of] p2a: Garchomp\n|faint|p2a: Garchomp\n|move|p2b: Arboliva|Giga Drain|p1b: Palafin\n|-supereffective|p1b: Palafin\n|-damage|p1b: Palafin|0 fnt\n|faint|p1b: Palafin\n|\n|win|knight8512\n|raw|cvlmnd117's rating: 1063 → 1047<\/strong> (-16 for losing)\n|raw|knight8512's rating: 1118 → 1139<\/strong> (+21 for winning)\n|l|\u2606cvlmnd117\n|l|\u2606knight8512\n|j|\u2606knight8512\n|player|p2|knight8512|boarder\n","uploadtime":1681791743,"views":3,"p1id":"cvlmnd117","p2id":"knight8512","formatid":"gen9vgc2023regulationc","rating":1047,"private":0,"password":""}