{"id":"gen9vgc2023regulationc-1847288620","p1":"bolsadechurros","p2":"haha u rage quit","format":"[Gen 9] VGC 2023 Regulation C","log":"|j|\u2606bolsadechurros\n|j|\u2606haha u rage quit\n|t:|1681935018\n|gametype|doubles\n|player|p1|bolsadechurros|101|1128\n|player|p2|haha u rage quit|pokemaniac|1213\n|teamsize|p1|6\n|teamsize|p2|6\n|gen|9\n|tier|[Gen 9] VGC 2023 Regulation C\n|rated|\n|rule|Species Clause: Limit one of each Pok\u00e9mon\n|rule|Item Clause: Limit one of each item\n|clearpoke\n|poke|p1|Torkoal, L50, M|\n|poke|p1|Indeedee-F, L50, F|\n|poke|p1|Flutter Mane, L50|\n|poke|p1|Brute Bonnet, L50|\n|poke|p1|Roaring Moon, L50|\n|poke|p1|Armarouge, L50, F|\n|poke|p2|Garganacl, L50, M|\n|poke|p2|Wo-Chien, L50|\n|poke|p2|Amoonguss, L50, M|\n|poke|p2|Ting-Lu, L50|\n|poke|p2|Dondozo, L50, M|\n|poke|p2|Arcanine, L50, M|\n|teampreview|4\n|inactive|Battle timer is ON: inactive players will automatically lose when time's up. (requested by bolsadechurros)\n|\n|t:|1681935062\n|start\n|switch|p1a: Armarouge|Armarouge, L50, F|100\/100\n|switch|p1b: Indeedee|Indeedee-F, L50, F|100\/100\n|switch|p2a: Garganacl|Garganacl, L50, M|100\/100\n|switch|p2b: Ting-Lu|Ting-Lu, L50|100\/100\n|-fieldstart|move: Psychic Terrain|[from] ability: Psychic Surge|[of] p1b: Indeedee\n|-enditem|p1b: Indeedee|Psychic Seed\n|-boost|p1b: Indeedee|spd|1|[from] item: Psychic Seed\n|-ability|p2b: Ting-Lu|Vessel of Ruin\n|turn|1\n|\n|t:|1681935086\n|move|p1b: Indeedee|Follow Me|p1b: Indeedee\n|-singleturn|p1b: Indeedee|move: Follow Me\n|move|p2b: Ting-Lu|Sand Tomb|p1b: Indeedee|[miss]\n|-miss|p2b: Ting-Lu|p1b: Indeedee\n|move|p2a: Garganacl|Salt Cure|p1b: Indeedee\n|-damage|p1b: Indeedee|86\/100\n|-start|p1b: Indeedee|Salt Cure\n|move|p1a: Armarouge|Trick Room|p1a: Armarouge\n|-fieldstart|move: Trick Room|[of] p1a: Armarouge\n|\n|-damage|p1b: Indeedee|74\/100|[from] Salt Cure\n|upkeep\n|turn|2\n|inactive|haha u rage quit has 30 seconds left.\n|inactive|haha u rage quit has 20 seconds left.\n|\n|t:|1681935122\n|switch|p1a: Brute Bonnet|Brute Bonnet, L50|100\/100\n|move|p1b: Indeedee|Follow Me|p1b: Indeedee\n|-singleturn|p1b: Indeedee|move: Follow Me\n|move|p2a: Garganacl|Salt Cure|p1b: Indeedee\n|-damage|p1b: Indeedee|60\/100\n|move|p2b: Ting-Lu|Sand Tomb|p1b: Indeedee\n|-damage|p1b: Indeedee|46\/100\n|-activate|p1b: Indeedee|move: Sand Tomb|[of] p2b: Ting-Lu\n|\n|-damage|p1b: Indeedee|33\/100|[from] Salt Cure\n|-damage|p1b: Indeedee|21\/100|[from] move: Sand Tomb|[partiallytrapped]\n|upkeep\n|turn|3\n|inactive|haha u rage quit has 30 seconds left.\n|\n|t:|1681935155\n|switch|p2b: Arcanine|Arcanine, L50, M|100\/100\n|-ability|p2b: Arcanine|Intimidate|boost\n|-unboost|p1a: Brute Bonnet|atk|1\n|-unboost|p1b: Indeedee|atk|1\n|move|p1b: Indeedee|Helping Hand|p1a: Brute Bonnet\n|-singleturn|p1a: Brute Bonnet|Helping Hand|[of] p1b: Indeedee\n|move|p2a: Garganacl|Protect|p2a: Garganacl\n|-singleturn|p2a: Garganacl|Protect\n|move|p1a: Brute Bonnet|Bullet Seed|p2b: Arcanine\n|-resisted|p2b: Arcanine\n|-damage|p2b: Arcanine|93\/100\n|-resisted|p2b: Arcanine\n|-damage|p2b: Arcanine|86\/100\n|-resisted|p2b: Arcanine\n|-damage|p2b: Arcanine|78\/100\n|-resisted|p2b: Arcanine\n|-damage|p2b: Arcanine|70\/100\n|-resisted|p2b: Arcanine\n|-damage|p2b: Arcanine|63\/100\n|-hitcount|p2b: Arcanine|5\n|\n|-end|p1b: Indeedee|Sand Tomb|[partiallytrapped]|[silent]\n|-damage|p1b: Indeedee|8\/100|[from] Salt Cure\n|upkeep\n|turn|4\n|inactive|bolsadechurros has 30 seconds left.\n|inactive|haha u rage quit has 30 seconds left.\n|inactive|haha u rage quit has 20 seconds left.\n|inactive|haha u rage quit has 15 seconds left.\n|\n|t:|1681935197\n|-terastallize|p2a: Garganacl|Ghost\n|move|p2a: Garganacl|Salt Cure|p1a: Brute Bonnet\n|-damage|p1a: Brute Bonnet|89\/100\n|-start|p1a: Brute Bonnet|Salt Cure\n|move|p1a: Brute Bonnet|Spore|p2b: Arcanine\n|-activate|p2b: Arcanine|item: Safety Goggles|Spore\n|move|p1b: Indeedee|Dazzling Gleam|p2a: Garganacl|[spread] p2a,p2b\n|-resisted|p2b: Arcanine\n|-damage|p2a: Garganacl|92\/100\n|-damage|p2b: Arcanine|55\/100\n|move|p2b: Arcanine|Flare Blitz|p1a: Brute Bonnet\n|-supereffective|p1a: Brute Bonnet\n|-damage|p1a: Brute Bonnet|0 fnt\n|faint|p1a: Brute Bonnet\n|-end|p1a: Brute Bonnet|Protosynthesis|[silent]\n|-damage|p2b: Arcanine|17\/100|[from] Recoil\n|\n|-heal|p2a: Garganacl|98\/100|[from] item: Leftovers\n|-damage|p1b: Indeedee|0 fnt|[from] Salt Cure\n|faint|p1b: Indeedee\n|upkeep\n|inactive|bolsadechurros has 30 seconds left.\n|\n|t:|1681935225\n|switch|p1a: Armarouge|Armarouge, L50, F|100\/100\n|switch|p1b: Torkoal|Torkoal, L50, M|100\/100\n|-weather|SunnyDay|[from] ability: Drought|[of] p1b: Torkoal\n|turn|5\n|\n|t:|1681935245\n|move|p2a: Garganacl|Protect|p2a: Garganacl\n|-singleturn|p2a: Garganacl|Protect\n|move|p2b: Arcanine|Protect|p2b: Arcanine\n|-singleturn|p2b: Arcanine|Protect\n|move|p1b: Torkoal|Eruption|p2a: Garganacl|[spread] \n|-activate|p2a: Garganacl|move: Protect\n|-activate|p2b: Arcanine|move: Protect\n|move|p1a: Armarouge|Expanding Force|p2b: Arcanine|[spread] \n|-activate|p2a: Garganacl|move: Protect\n|-activate|p2b: Arcanine|move: Protect\n|\n|-weather|SunnyDay|[upkeep]\n|-heal|p2a: Garganacl|100\/100|[from] item: Leftovers\n|-fieldend|move: Trick Room\n|-fieldend|move: Psychic Terrain\n|upkeep\n|turn|6\n|l|\u2606bolsadechurros\n|inactive|bolsadechurros disconnected and has a minute to reconnect!\n|player|p1|\n|inactive|bolsadechurros has 30 seconds left.\n|inactive|haha u rage quit has 30 seconds left.\n|inactive|bolsadechurros has 20 seconds left.\n|inactive|haha u rage quit has 20 seconds left.\n|inactive|bolsadechurros has 15 seconds left.\n|inactive|bolsadechurros has 10 seconds left.\n|inactive|bolsadechurros has 5 seconds left.\n|-message|bolsadechurros lost due to inactivity.\n|\n|win|haha u rage quit\n|raw|bolsadechurros's rating: 1128 → 1109<\/strong> (-19 for losing)\n|raw|haha u rage quit's rating: 1213 → 1232<\/strong> (+19 for winning)\n","uploadtime":1681935325,"views":6,"p1id":"bolsadechurros","p2id":"hahauragequit","formatid":"gen9vgc2023regulationc","rating":1109,"private":0,"password":""}