{"id":"gen9vgc2023regulationc-1848299578","p1":"Mattmaster2010","p2":"Emberbloom","format":"[Gen 9] VGC 2023 Regulation C","log":"|j|\u2606Mattmaster2010\n|j|\u2606Emberbloom\n|t:|1682056179\n|gametype|doubles\n|player|p1|Mattmaster2010|169|1433\n|player|p2|Emberbloom|flannery|1394\n|teamsize|p1|6\n|teamsize|p2|6\n|gen|9\n|tier|[Gen 9] VGC 2023 Regulation C\n|rated|\n|rule|Species Clause: Limit one of each Pok\u00e9mon\n|rule|Item Clause: Limit one of each item\n|clearpoke\n|poke|p1|Chi-Yu, L50|\n|poke|p1|Flutter Mane, L50|\n|poke|p1|Dragonite, L50, M|\n|poke|p1|Breloom, L50, F|\n|poke|p1|Chien-Pao, L50|\n|poke|p1|Scizor, L50, F|\n|poke|p2|Corviknight, L50, M|\n|poke|p2|Tyranitar, L50, F|\n|poke|p2|Garchomp, L50, M|\n|poke|p2|Amoonguss, L50, F|\n|poke|p2|Arcanine, L50, M|\n|poke|p2|Iron Bundle, L50|\n|teampreview|4\nMattmaster2010 has agreed to open team sheets.\n|\n|t:|1682056234\n|start\n|switch|p1a: Flutter Mane|Flutter Mane, L50|100\/100\n|switch|p1b: Chi-Yu|Chi-Yu, L50|100\/100\n|switch|p2a: Tyranitar|Tyranitar, L50, F, shiny|100\/100\n|switch|p2b: Garchomp|Garchomp, L50, M|100\/100\n|-ability|p1b: Chi-Yu|Beads of Ruin\n|-weather|Sandstorm|[from] ability: Sand Stream|[of] p2a: Tyranitar\n|-enditem|p1a: Flutter Mane|Booster Energy\n|-activate|p1a: Flutter Mane|ability: Protosynthesis|[fromitem]\n|-start|p1a: Flutter Mane|protosynthesisspe\n|turn|1\n|\n|t:|1682056264\n|-terastallize|p1a: Flutter Mane|Fairy\n|move|p2b: Garchomp|Protect|p2b: Garchomp\n|-singleturn|p2b: Garchomp|Protect\n|move|p1a: Flutter Mane|Dazzling Gleam|p2b: Garchomp|[spread] p2a\n|-activate|p2b: Garchomp|move: Protect\n|-supereffective|p2a: Tyranitar\n|-damage|p2a: Tyranitar|60\/100\n|move|p1b: Chi-Yu|Heat Wave|p2b: Garchomp|[spread] p2a\n|-activate|p2b: Garchomp|move: Protect\n|-resisted|p2a: Tyranitar\n|-damage|p2a: Tyranitar|51\/100\n|-status|p2a: Tyranitar|brn\n|move|p2a: Tyranitar|Rock Slide|p1b: Chi-Yu|[spread] p1a,p1b\n|-supereffective|p1b: Chi-Yu\n|-damage|p1a: Flutter Mane|66\/100\n|-damage|p1b: Chi-Yu|47\/100\n|\n|-weather|Sandstorm|[upkeep]\n|-damage|p1a: Flutter Mane|60\/100|[from] Sandstorm\n|-damage|p1b: Chi-Yu|40\/100|[from] Sandstorm\n|-damage|p2a: Tyranitar|45\/100 brn|[from] brn\n|upkeep\n|turn|2\n|\n|t:|1682056296\n|switch|p2a: Arcanine|Arcanine, L50, M|100\/100\n|-ability|p2a: Arcanine|Intimidate|boost\n|-unboost|p1a: Flutter Mane|atk|1\n|-unboost|p1b: Chi-Yu|atk|1\n|-terastallize|p2b: Garchomp|Fire\n|move|p1a: Flutter Mane|Dazzling Gleam|p2a: Arcanine|[spread] p2a,p2b\n|-resisted|p2a: Arcanine\n|-resisted|p2b: Garchomp\n|-crit|p2b: Garchomp\n|-damage|p2a: Arcanine|75\/100\n|-damage|p2b: Garchomp|57\/100\n|move|p1b: Chi-Yu|Heat Wave|p2b: Garchomp|[spread] p2b\n|-miss|p1b: Chi-Yu|p2a: Arcanine\n|-resisted|p2b: Garchomp\n|-damage|p2b: Garchomp|27\/100\n|move|p2b: Garchomp|Rock Slide|p1b: Chi-Yu|[spread] p1a,p1b\n|-supereffective|p1b: Chi-Yu\n|-damage|p1a: Flutter Mane|16\/100\n|-damage|p1b: Chi-Yu|0 fnt\n|faint|p1b: Chi-Yu\n|\n|-weather|Sandstorm|[upkeep]\n|-damage|p1a: Flutter Mane|10\/100|[from] Sandstorm\n|upkeep\n|\n|t:|1682056307\n|switch|p1b: Dragonite|Dragonite, L50, M|100\/100\n|turn|3\n|\n|t:|1682056326\n|move|p2b: Garchomp|Protect|p2b: Garchomp\n|-singleturn|p2b: Garchomp|Protect\n|move|p1b: Dragonite|Extreme Speed|p2a: Arcanine\n|-damage|p2a: Arcanine|31\/100\n|move|p1a: Flutter Mane|Dazzling Gleam|p2b: Garchomp|[spread] p2a\n|-activate|p2b: Garchomp|move: Protect\n|-resisted|p2a: Arcanine\n|-damage|p2a: Arcanine|12\/100\n|move|p2a: Arcanine|Will-O-Wisp|p1b: Dragonite\n|-status|p1b: Dragonite|brn\n|\n|-weather|Sandstorm|[upkeep]\n|-damage|p1a: Flutter Mane|4\/100|[from] Sandstorm\n|-damage|p1b: Dragonite|94\/100 brn|[from] Sandstorm\n|-damage|p1b: Dragonite|88\/100 brn|[from] brn\n|upkeep\n|turn|4\n|\n|t:|1682056375\n|switch|p2b: Tyranitar|Tyranitar, L50, F, shiny|45\/100 brn\n|switch|p2a: Corviknight|Corviknight, L50, M|100\/100\n|move|p1b: Dragonite|Extreme Speed|p2a: Corviknight\n|-resisted|p2a: Corviknight\n|-crit|p2a: Corviknight\n|-damage|p2a: Corviknight|86\/100\n|move|p1a: Flutter Mane|Dazzling Gleam|p2b: Tyranitar|[spread] p2a,p2b\n|-resisted|p2a: Corviknight\n|-supereffective|p2b: Tyranitar\n|-damage|p2a: Corviknight|66\/100\n|-damage|p2b: Tyranitar|14\/100 brn\n|\n|-weather|Sandstorm|[upkeep]\n|-damage|p1a: Flutter Mane|0 fnt|[from] Sandstorm\n|-damage|p1b: Dragonite|82\/100 brn|[from] Sandstorm\n|faint|p1a: Flutter Mane\n|-end|p1a: Flutter Mane|Protosynthesis|[silent]\n|-damage|p1b: Dragonite|76\/100 brn|[from] brn\n|-damage|p2b: Tyranitar|8\/100 brn|[from] brn\n|upkeep\n|\n|t:|1682056386\n|switch|p1a: Chien-Pao|Chien-Pao, L50|100\/100\n|-ability|p1a: Chien-Pao|Sword of Ruin\n|turn|5\n|\n|t:|1682056416\n|switch|p2b: Arcanine|Arcanine, L50, M|12\/100\n|-ability|p2b: Arcanine|Intimidate|boost\n|-unboost|p1a: Chien-Pao|atk|1\n|-unboost|p1b: Dragonite|atk|1\n|move|p1b: Dragonite|Extreme Speed|p2b: Arcanine\n|-damage|p2b: Arcanine|0 fnt\n|faint|p2b: Arcanine\n|move|p1a: Chien-Pao|Ice Spinner|p2a: Corviknight\n|-damage|p2a: Corviknight|39\/100\n|move|p2a: Corviknight|Tailwind|p2a: Corviknight\n|-sidestart|p2: Emberbloom|move: Tailwind\n|\n|-weather|none\n|-damage|p1b: Dragonite|70\/100 brn|[from] brn\n|upkeep\n|\n|t:|1682056427\n|switch|p2b: Tyranitar|Tyranitar, L50, F, shiny|8\/100 brn\n|-weather|Sandstorm|[from] ability: Sand Stream|[of] p2b: Tyranitar\n|turn|6\n|\n|t:|1682056451\n|move|p1b: Dragonite|Extreme Speed|p2b: Tyranitar\n|-resisted|p2b: Tyranitar\n|-damage|p2b: Tyranitar|0 fnt\n|faint|p2b: Tyranitar\n|move|p1a: Chien-Pao|Sucker Punch|p2a: Corviknight\n|-damage|p2a: Corviknight|14\/100\n|move|p2a: Corviknight|Iron Head|p1a: Chien-Pao\n|-supereffective|p1a: Chien-Pao\n|-damage|p1a: Chien-Pao|33\/100\n|\n|-weather|Sandstorm|[upkeep]\n|-damage|p1a: Chien-Pao|28\/100|[from] Sandstorm\n|-damage|p1b: Dragonite|64\/100 brn|[from] Sandstorm\n|-damage|p1b: Dragonite|58\/100 brn|[from] brn\n|upkeep\n|\n|t:|1682056455\n|switch|p2b: Garchomp|Garchomp, L50, M, tera:Fire|27\/100\n|turn|7\n|inactive|Battle timer is ON: inactive players will automatically lose when time's up. (requested by Mattmaster2010)\n|\n|t:|1682056498\n|move|p1b: Dragonite|Extreme Speed|p2a: Corviknight\n|-resisted|p2a: Corviknight\n|-damage|p2a: Corviknight|6\/100\n|move|p1a: Chien-Pao|Sucker Punch|p2b: Garchomp\n|-damage|p2b: Garchomp|0 fnt\n|faint|p2b: Garchomp\n|move|p2a: Corviknight|Brave Bird|p1b: Dragonite\n|-damage|p1b: Dragonite|6\/100 brn\n|-damage|p2a: Corviknight|0 fnt|[from] Recoil\n|faint|p2a: Corviknight\n|\n|win|Mattmaster2010\n|raw|Mattmaster2010's rating: 1433 → 1451<\/strong> (+18 for winning)\n|raw|Emberbloom's rating: 1394 → 1376<\/strong> (-18 for losing)\n|l|\u2606Mattmaster2010\n","uploadtime":1682056519,"views":0,"p1id":"mattmaster2010","p2id":"emberbloom","formatid":"gen9vgc2023regulationc","rating":1376,"private":0,"password":""}