{"id":"gen9vgc2023regulationc-1845510904","p1":"md06","p2":"Keboblepopper","format":"[Gen 9] VGC 2023 Regulation C","log":"|j|\u2606md06\n|j|\u2606Keboblepopper\n|t:|1681740778\n|gametype|doubles\n|player|p1|md06|cowgirl|\n|player|p2|Keboblepopper|n|\n|teamsize|p1|6\n|teamsize|p2|6\n|gen|9\n|tier|[Gen 9] VGC 2023 Regulation C\n|rated|Tournament battle\n|rule|Species Clause: Limit one of each Pok\u00e9mon\n|rule|Item Clause: Limit one of each item\n|clearpoke\n|poke|p1|Wo-Chien, L50|\n|poke|p1|Toxapex, L50, F|\n|poke|p1|Garganacl, L50, M|\n|poke|p1|Iron Hands, L50|\n|poke|p1|Flutter Mane, L50|\n|poke|p1|Rotom-Wash, L50|\n|poke|p2|Chi-Yu, L50|\n|poke|p2|Flutter Mane, L50|\n|poke|p2|Iron Bundle, L50|\n|poke|p2|Ting-Lu, L50|\n|poke|p2|Dragapult, L50, F|\n|poke|p2|Amoonguss, L50, M|\n|teampreview|4\n|raw| Open Team Sheet for md06<\/summary>The Stall (Wo-Chien) @ Leftovers Ability: Tablets of Ruin Level: 50 Tera Type: Poison - Leech Seed - Pollen Puff - Protect - Snarl The Fall (Toxapex) @ Black Sludge Ability: Regenerator Level: 50 Tera Type: Poison - Baneful Bunker - Haze - Toxic - Infestation The Wall (Garganacl) @ Quick Claw Ability: Purifying Salt Level: 50 Tera Type: Ghost - Protect - Recover - Salt Cure - Heavy Slam The Brawl (Iron Hands) @ Assault Vest Ability: Quark Drive Level: 50 Tera Type: Fighting - Drain Punch - Wild Charge - Fake Out - Earthquake The Ball (Flutter Mane) @ Booster Energy Ability: Protosynthesis Level: 50 Tera Type: Fairy - Dazzling Gleam - Protect - Taunt - Perish Song The Gall (Rotom-Wash) @ Safety Goggles Ability: Levitate Level: 50 Tera Type: Electric - Will-O-Wisp - Thunderbolt - Hydro Pump - Protect <\/details><\/div> Open Team Sheet for Keboblepopper<\/summary>Red Hot Goldfish (Chi-Yu) @ Life Orb Ability: Beads of Ruin Level: 50 Tera Type: Grass - Protect - Heat Wave - Dark Pulse - Tera Blast Ol\u2019 Reliable (Flutter Mane) @ Choice Specs Ability: Protosynthesis Level: 50 Tera Type: Fairy - Moonblast - Dazzling Gleam - Shadow Ball - Power Gem Never Miss (Iron Bundle) @ Booster Energy Ability: Quark Drive Level: 50 Tera Type: Ghost - Protect - Hydro Pump - Icy Wind - Freeze-Dry Tis but a scatch (Ting-Lu) @ Assault Vest Ability: Vessel of Ruin Level: 50 Tera Type: Grass - Fissure - Stomping Tantrum - Snarl - Heavy Slam Calc this! (Dragapult) @ Choice Band Ability: Clear Body Level: 50 Tera Type: Steel - Dragon Darts - Phantom Force - Tera Blast - U-turn Amogus (Amoonguss) @ Sitrus Berry Ability: Regenerator Level: 50 Tera Type: Water - Protect - Spore - Rage Powder - Pollen Puff <\/details><\/div>\n|inactive|Battle timer is ON: inactive players will automatically lose when time's up. (requested by Keboblepopper)\n|j| Bakonlikescufant\n|j| acorn_viyici\n|j| chicagolocaltop16\n|j| Wheeel\n|inactive|md06 has 60 seconds left.\n|inactive|Keboblepopper has 60 seconds left.\n|\n|t:|1681740815\n|start\n|switch|p1a: The Stall|Wo-Chien, L50|100\/100\n|switch|p1b: The Fall|Toxapex, L50, F|100\/100\n|switch|p2a: Tis but a scatch|Ting-Lu, L50|100\/100\n|switch|p2b: Amogus|Amoonguss, L50, M|100\/100\n|-ability|p1a: The Stall|Tablets of Ruin\n|-ability|p2a: Tis but a scatch|Vessel of Ruin\n|turn|1\n|j| Mashiru493\n|l| acorn_viyici\n|j| Moniiim\n|inactive|md06 has 30 seconds left.\n|\n|t:|1681740849\n|-terastallize|p2a: Tis but a scatch|Grass\n|move|p1a: The Stall|Snarl|p2b: Amogus|[spread] p2a,p2b\n|-damage|p2a: Tis but a scatch|96\/100\n|-damage|p2b: Amogus|92\/100\n|-unboost|p2a: Tis but a scatch|spa|1\n|-unboost|p2b: Amogus|spa|1\n|move|p2a: Tis but a scatch|Fissure|p1a: The Stall|[miss]\n|-miss|p2a: Tis but a scatch|p1a: The Stall\n|move|p1b: The Fall|Infestation|p2a: Tis but a scatch\n|-supereffective|p2a: Tis but a scatch\n|-damage|p2a: Tis but a scatch|94\/100\n|-activate|p2a: Tis but a scatch|move: Infestation|[of] p1b: The Fall\n|move|p2b: Amogus|Spore|p1b: The Fall\n|-status|p1b: The Fall|slp|[from] move: Spore\n|\n|-damage|p2a: Tis but a scatch|81\/100|[from] move: Infestation|[partiallytrapped]\n|upkeep\n|turn|2\n|inactive|md06 has 30 seconds left.\n|\n|t:|1681740880\n|cant|p1b: The Fall|slp\n|move|p1a: The Stall|Snarl|p2b: Amogus|[spread] p2a,p2b\n|-crit|p2b: Amogus\n|-damage|p2a: Tis but a scatch|77\/100\n|-damage|p2b: Amogus|81\/100\n|-unboost|p2a: Tis but a scatch|spa|1\n|-unboost|p2b: Amogus|spa|1\n|move|p2a: Tis but a scatch|Stomping Tantrum|p1b: The Fall\n|-supereffective|p1b: The Fall\n|-damage|p1b: The Fall|38\/100 slp\n|move|p2b: Amogus|Pollen Puff|p1a: The Stall\n|-supereffective|p1a: The Stall\n|-damage|p1a: The Stall|82\/100\n|\n|-heal|p1a: The Stall|87\/100|[from] item: Leftovers\n|-heal|p1b: The Fall|44\/100 slp|[from] item: Black Sludge\n|-damage|p2a: Tis but a scatch|65\/100|[from] move: Infestation|[partiallytrapped]\n|upkeep\n|turn|3\n|inactive|md06 has 30 seconds left.\n|inactive|Keboblepopper has 30 seconds left.\n|inactive|Keboblepopper has 20 seconds left.\n|inactive|Keboblepopper has 15 seconds left.\n|\n|t:|1681740922\n|move|p1a: The Stall|Pollen Puff|p1b: The Fall\n|-heal|p1b: The Fall|93\/100 slp\n|move|p2a: Tis but a scatch|Fissure|p1a: The Stall|[miss]\n|-miss|p2a: Tis but a scatch|p1a: The Stall\n|cant|p1b: The Fall|slp\n|move|p2b: Amogus|Pollen Puff|p2a: Tis but a scatch\n|-heal|p2a: Tis but a scatch|100\/100\n|\n|-heal|p1a: The Stall|93\/100|[from] item: Leftovers\n|-heal|p1b: The Fall|99\/100 slp|[from] item: Black Sludge\n|-damage|p2a: Tis but a scatch|88\/100|[from] move: Infestation|[partiallytrapped]\n|upkeep\n|turn|4\n|inactive|md06 has 30 seconds left.\n|inactive|Keboblepopper has 30 seconds left.\n|c| chicagolocaltop16|fissure just not hitting today lol\n|\n|t:|1681740949\n|move|p1a: The Stall|Pollen Puff|p2b: Amogus\n|-damage|p2b: Amogus|70\/100\n|move|p2a: Tis but a scatch|Stomping Tantrum|p1b: The Fall\n|-supereffective|p1b: The Fall\n|-damage|p1b: The Fall|37\/100 slp\n|cant|p1b: The Fall|slp\n|move|p2b: Amogus|Pollen Puff|p1a: The Stall\n|-supereffective|p1a: The Stall\n|-damage|p1a: The Stall|74\/100\n|\n|-heal|p1a: The Stall|80\/100|[from] item: Leftovers\n|-heal|p1b: The Fall|43\/100 slp|[from] item: Black Sludge\n|-damage|p2a: Tis but a scatch|76\/100|[from] move: Infestation|[partiallytrapped]\n|upkeep\n|turn|5\n|inactive|md06 has 30 seconds left.\n|\n|t:|1681740980\n|-curestatus|p1b: The Fall|slp|[msg]\n|move|p1b: The Fall|Baneful Bunker|p1b: The Fall\n|-singleturn|p1b: The Fall|move: Protect\n|move|p1a: The Stall|Snarl|p2a: Tis but a scatch|[spread] p2a,p2b\n|-damage|p2a: Tis but a scatch|72\/100\n|-damage|p2b: Amogus|62\/100\n|-unboost|p2a: Tis but a scatch|spa|1\n|-unboost|p2b: Amogus|spa|1\n|move|p2a: Tis but a scatch|Fissure|p1a: The Stall|[miss]\n|-miss|p2a: Tis but a scatch|p1a: The Stall\n|move|p2b: Amogus|Spore|p1b: The Fall\n|-activate|p1b: The Fall|move: Protect\n|\n|-heal|p1a: The Stall|86\/100|[from] item: Leftovers\n|-heal|p1b: The Fall|48\/100|[from] item: Black Sludge\n|-end|p2a: Tis but a scatch|Infestation|[partiallytrapped]\n|upkeep\n|turn|6\n|c| Moniiim|as it should\n|inactive|md06 has 30 seconds left.\n|inactive|Keboblepopper has 30 seconds left.\n|inactive|md06 has 20 seconds left.\n|\n|t:|1681741017\n|move|p1a: The Stall|Pollen Puff|p1b: The Fall\n|-heal|p1b: The Fall|98\/100\n|move|p2a: Tis but a scatch|Stomping Tantrum|p1b: The Fall\n|-supereffective|p1b: The Fall\n|-damage|p1b: The Fall|28\/100\n|move|p1b: The Fall|Toxic|p2a: Tis but a scatch\n|-status|p2a: Tis but a scatch|tox\n|move|p2b: Amogus|Pollen Puff|p1a: The Stall\n|-supereffective|p1a: The Stall\n|-damage|p1a: The Stall|71\/100\n|\n|-heal|p1a: The Stall|77\/100|[from] item: Leftovers\n|-heal|p1b: The Fall|34\/100|[from] item: Black Sludge\n|-damage|p2a: Tis but a scatch|66\/100 tox|[from] psn\n|upkeep\n|turn|7\n|\n|t:|1681741038\n|move|p1a: The Stall|Pollen Puff|p1b: The Fall\n|-heal|p1b: The Fall|83\/100\n|move|p2a: Tis but a scatch|Fissure|p1a: The Stall|[miss]\n|-miss|p2a: Tis but a scatch|p1a: The Stall\n|move|p1b: The Fall|Infestation|p2a: Tis but a scatch\n|-supereffective|p2a: Tis but a scatch\n|-damage|p2a: Tis but a scatch|64\/100 tox\n|-activate|p2a: Tis but a scatch|move: Infestation|[of] p1b: The Fall\n|move|p2b: Amogus|Spore|p1b: The Fall\n|-status|p1b: The Fall|slp|[from] move: Spore\n|\n|-heal|p1a: The Stall|83\/100|[from] item: Leftovers\n|-heal|p1b: The Fall|89\/100 slp|[from] item: Black Sludge\n|-damage|p2a: Tis but a scatch|52\/100 tox|[from] psn\n|-damage|p2a: Tis but a scatch|39\/100 tox|[from] move: Infestation|[partiallytrapped]\n|upkeep\n|turn|8\n|inactive|md06 has 30 seconds left.\n|\n|t:|1681741068\n|cant|p1b: The Fall|slp\n|move|p1a: The Stall|Snarl|p2b: Amogus|[spread] p2a,p2b\n|-damage|p2a: Tis but a scatch|36\/100 tox\n|-damage|p2b: Amogus|54\/100\n|-unboost|p2a: Tis but a scatch|spa|1\n|-unboost|p2b: Amogus|spa|1\n|move|p2a: Tis but a scatch|Fissure|p1a: The Stall|[miss]\n|-miss|p2a: Tis but a scatch|p1a: The Stall\n|move|p2b: Amogus|Pollen Puff|p2a: Tis but a scatch\n|-heal|p2a: Tis but a scatch|86\/100 tox\n|\n|-heal|p1a: The Stall|88\/100|[from] item: Leftovers\n|-heal|p1b: The Fall|95\/100 slp|[from] item: Black Sludge\n|-damage|p2a: Tis but a scatch|67\/100 tox|[from] psn\n|-damage|p2a: Tis but a scatch|55\/100 tox|[from] move: Infestation|[partiallytrapped]\n|upkeep\n|turn|9\n|inactive|md06 has 30 seconds left.\n|inactive|Keboblepopper has 30 seconds left.\n|inactive|md06 has 20 seconds left.\n|\n|t:|1681741104\n|switch|p2b: Ol\u2019 Reliable|Flutter Mane, L50|100\/100\n|cant|p1b: The Fall|slp\n|move|p1a: The Stall|Pollen Puff|p2a: Tis but a scatch\n|-supereffective|p2a: Tis but a scatch\n|-damage|p2a: Tis but a scatch|41\/100 tox\n|move|p2a: Tis but a scatch|Fissure|p1a: The Stall\n|-damage|p1a: The Stall|0 fnt\n|faint|p1a: The Stall\n|-ohko\n|\n|-heal|p1b: The Fall|100\/100 slp|[from] item: Black Sludge\n|-damage|p2a: Tis but a scatch|17\/100 tox|[from] psn\n|-damage|p2a: Tis but a scatch|5\/100 tox|[from] move: Infestation|[partiallytrapped]\n|upkeep\n|c| Bakonlikescufant|FISSURE\n|\n|t:|1681741119\n|switch|p1a: The Wall|Garganacl, L50, M|100\/100\n|turn|10\n|c| Bakonlikescufant|YEAAA\n|\n|t:|1681741132\n|cant|p1b: The Fall|slp\n|move|p2b: Ol\u2019 Reliable|Moonblast|p1a: The Wall\n|-damage|p1a: The Wall|59\/100\n|move|p2a: Tis but a scatch|Fissure|p1b: The Fall|[miss]\n|-miss|p2a: Tis but a scatch|p1b: The Fall\n|move|p1a: The Wall|Salt Cure|p2b: Ol\u2019 Reliable\n|-damage|p2b: Ol\u2019 Reliable|66\/100\n|-start|p2b: Ol\u2019 Reliable|Salt Cure\n|\n|-damage|p2a: Tis but a scatch|0 fnt|[from] psn\n|faint|p2a: Tis but a scatch\n|-damage|p2b: Ol\u2019 Reliable|54\/100|[from] Salt Cure\n|upkeep\n|c| Moniiim|damn\n|\n|t:|1681741143\n|switch|p2a: Never Miss|Iron Bundle, L50|100\/100\n|-enditem|p2a: Never Miss|Booster Energy\n|-activate|p2a: Never Miss|ability: Quark Drive|[fromitem]\n|-start|p2a: Never Miss|quarkdrivespe\n|turn|11\n|\n|t:|1681741158\n|move|p1a: The Wall|Protect|p1a: The Wall\n|-singleturn|p1a: The Wall|Protect\n|move|p2a: Never Miss|Hydro Pump|p1a: The Wall\n|-activate|p1a: The Wall|move: Protect\n|move|p2b: Ol\u2019 Reliable|Moonblast|p1a: The Wall\n|-activate|p1a: The Wall|move: Protect\n|-curestatus|p1b: The Fall|slp|[msg]\n|move|p1b: The Fall|Toxic|p2a: Never Miss\n|-status|p2a: Never Miss|tox\n|\n|-damage|p2a: Never Miss|94\/100 tox|[from] psn\n|-damage|p2b: Ol\u2019 Reliable|41\/100|[from] Salt Cure\n|upkeep\n|turn|12\n|l| Bakonlikescufant\n|l| Moniiim\n|inactive|md06 has 30 seconds left.\n|-activate|p1a: The Wall|item: Quick Claw\n|\n|t:|1681741191\n|-end|p2b: Ol\u2019 Reliable|Protosynthesis|[silent]\n|switch|p2b: Amogus|Amoonguss, L50, M|87\/100\n|move|p1a: The Wall|Recover|p1a: The Wall\n|-heal|p1a: The Wall|100\/100\n|move|p2a: Never Miss|Hydro Pump|p1a: The Wall\n|-supereffective|p1a: The Wall\n|-damage|p1a: The Wall|17\/100\n|move|p1b: The Fall|Toxic|p2b: Amogus\n|-immune|p2b: Amogus\n|\n|-damage|p2a: Never Miss|82\/100 tox|[from] psn\n|upkeep\n|turn|13\n|inactive|Keboblepopper has 30 seconds left.\n|\n|t:|1681741218\n|move|p1a: The Wall|Protect|p1a: The Wall\n|-singleturn|p1a: The Wall|Protect\n|move|p2a: Never Miss|Hydro Pump|p1a: The Wall\n|-activate|p1a: The Wall|move: Protect\n|move|p1b: The Fall|Infestation|p2a: Never Miss\n|-damage|p2a: Never Miss|76\/100 tox\n|-activate|p2a: Never Miss|move: Infestation|[of] p1b: The Fall\n|move|p2b: Amogus|Spore|p1b: The Fall\n|-status|p1b: The Fall|slp|[from] move: Spore\n|\n|-damage|p2a: Never Miss|58\/100 tox|[from] psn\n|-damage|p2a: Never Miss|46\/100 tox|[from] move: Infestation|[partiallytrapped]\n|upkeep\n|turn|14\n|\n|t:|1681741235\n|cant|p1b: The Fall|slp\n|move|p2a: Never Miss|Hydro Pump|p1a: The Wall\n|-supereffective|p1a: The Wall\n|-damage|p1a: The Wall|0 fnt\n|faint|p1a: The Wall\n|move|p2b: Amogus|Pollen Puff|p2a: Never Miss\n|-heal|p2a: Never Miss|95\/100 tox\n|\n|-damage|p2a: Never Miss|71\/100 tox|[from] psn\n|-damage|p2a: Never Miss|59\/100 tox|[from] move: Infestation|[partiallytrapped]\n|upkeep\n|\n|t:|1681741247\n|switch|p1a: The Ball|Flutter Mane, L50|100\/100\n|-enditem|p1a: The Ball|Booster Energy\n|-activate|p1a: The Ball|ability: Protosynthesis|[fromitem]\n|-start|p1a: The Ball|protosynthesisspa\n|turn|15\n|\n|t:|1681741261\n|-curestatus|p1b: The Fall|slp|[msg]\n|move|p1b: The Fall|Baneful Bunker|p1b: The Fall\n|-singleturn|p1b: The Fall|move: Protect\n|move|p2a: Never Miss|Freeze-Dry|p1b: The Fall\n|-activate|p1b: The Fall|move: Protect\n|move|p1a: The Ball|Dazzling Gleam|p2b: Amogus|[spread] p2a,p2b\n|-resisted|p2b: Amogus\n|-damage|p2a: Never Miss|0 fnt\n|-damage|p2b: Amogus|73\/100\n|faint|p2a: Never Miss\n|-end|p2a: Never Miss|Quark Drive|[silent]\n|move|p2b: Amogus|Spore|p1a: The Ball\n|-status|p1a: The Ball|slp|[from] move: Spore\n|\n|upkeep\n|j| Bakonlikescufant\n|\n|t:|1681741273\n|switch|p2a: Ol\u2019 Reliable|Flutter Mane, L50|41\/100\n|turn|16\n|\n|t:|1681741290\n|-terastallize|p1a: The Ball|Fairy\n|cant|p1a: The Ball|slp\n|move|p2a: Ol\u2019 Reliable|Shadow Ball|p1a: The Ball\n|-damage|p1a: The Ball|44\/100 slp\n|-unboost|p1a: The Ball|spd|1\n|move|p1b: The Fall|Toxic|p2a: Ol\u2019 Reliable\n|-status|p2a: Ol\u2019 Reliable|tox\n|move|p2b: Amogus|Pollen Puff|p2a: Ol\u2019 Reliable\n|-heal|p2a: Ol\u2019 Reliable|91\/100 tox\n|\n|-damage|p2a: Ol\u2019 Reliable|85\/100 tox|[from] psn\n|upkeep\n|turn|17\n|inactive|md06 has 30 seconds left.\n|inactive|md06 has 20 seconds left.\n|\n|t:|1681741309\n|move|p2a: Ol\u2019 Reliable|Shadow Ball|p1a: The Ball\n|-damage|p1a: The Ball|0 fnt\n|faint|p1a: The Ball\n|-end|p1a: The Ball|Protosynthesis|[silent]\n|move|p1b: The Fall|Infestation|p2a: Ol\u2019 Reliable\n|-resisted|p2a: Ol\u2019 Reliable\n|-damage|p2a: Ol\u2019 Reliable|84\/100 tox\n|-activate|p2a: Ol\u2019 Reliable|move: Infestation|[of] p1b: The Fall\n|move|p2b: Amogus|Spore|p1b: The Fall\n|-status|p1b: The Fall|slp|[from] move: Spore\n|\n|-damage|p2a: Ol\u2019 Reliable|72\/100 tox|[from] psn\n|-damage|p2a: Ol\u2019 Reliable|60\/100 tox|[from] move: Infestation|[partiallytrapped]\n|upkeep\n|turn|18\n|inactive|md06 has 20 seconds left this turn.\n|inactive|md06 has 15 seconds left.\n|inactive|md06 has 10 seconds left.\n|\n|t:|1681741322\n|cant|p1b: The Fall|slp\n|move|p2a: Ol\u2019 Reliable|Shadow Ball|p1b: The Fall\n|-damage|p1b: The Fall|57\/100 slp\n|move|p2b: Amogus|Pollen Puff|p2a: Ol\u2019 Reliable\n|-heal|p2a: Ol\u2019 Reliable|100\/100 tox\n|\n|-heal|p1b: The Fall|62\/100 slp|[from] item: Black Sludge\n|-damage|p2a: Ol\u2019 Reliable|82\/100 tox|[from] psn\n|-damage|p2a: Ol\u2019 Reliable|70\/100 tox|[from] move: Infestation|[partiallytrapped]\n|upkeep\n|turn|19\n|inactive|md06 has 10 seconds left this turn.\n|\n|t:|1681741336\n|-curestatus|p1b: The Fall|slp|[msg]\n|move|p1b: The Fall|Baneful Bunker|p1b: The Fall\n|-singleturn|p1b: The Fall|move: Protect\n|move|p2a: Ol\u2019 Reliable|Shadow Ball|p1b: The Fall\n|-activate|p1b: The Fall|move: Protect\n|move|p2b: Amogus|Pollen Puff|p2a: Ol\u2019 Reliable\n|-heal|p2a: Ol\u2019 Reliable|100\/100 tox\n|\n|-heal|p1b: The Fall|68\/100|[from] item: Black Sludge\n|-damage|p2a: Ol\u2019 Reliable|76\/100 tox|[from] psn\n|-damage|p2a: Ol\u2019 Reliable|64\/100 tox|[from] move: Infestation|[partiallytrapped]\n|upkeep\n|turn|20\n|inactive|md06 has 10 seconds left this turn.\n|inactive|md06 has 5 seconds left.\n|-message|md06 lost due to inactivity.\n|\n|win|Keboblepopper\n|n|\u2606md06|md06\n|n|\u2606Keboblepopper|keboblepopper\n|n| chicagolocaltop16|chicagolocaltop16\n|n| Wheeel|wheeel\n|n| Mashiru493|mashiru493\n|n| Bakonlikescufant|bakonlikescufant\n","uploadtime":1681741347,"views":9,"p1id":"md06","p2id":"keboblepopper","formatid":"gen9vgc2023regulationc","rating":0,"private":0,"password":""}