{"id":"gen9vgc2023regulationc-1860186044","p1":"Dragonizedcube","p2":"l0523","format":"[Gen 9] VGC 2023 Regulation C","log":"|j|\u2606Dragonizedcube\n|j|\u2606l0523\n|t:|1683606653\n|gametype|doubles\n|player|p1|Dragonizedcube|pokemaniac|1059\n|player|p2|l0523|170|1029\n|teamsize|p1|6\n|teamsize|p2|6\n|gen|9\n|tier|[Gen 9] VGC 2023 Regulation C\n|rated|\n|rule|Species Clause: Limit one of each Pok\u00e9mon\n|rule|Item Clause: Limit one of each item\n|clearpoke\n|poke|p1|Tyranitar, L50, M|\n|poke|p1|Salazzle, L50, F|\n|poke|p1|Tauros-Paldea-Aqua, L50, M|\n|poke|p1|Flutter Mane, L50|\n|poke|p1|Amoonguss, L50, F|\n|poke|p1|Volcarona, L50, F|\n|poke|p2|Oricorio-Pom-Pom, L50, F|\n|poke|p2|Quaquaval, L50, F|\n|poke|p2|Dragapult, L50, F|\n|poke|p2|Iron Moth, L50|\n|poke|p2|Ting-Lu, L50|\n|poke|p2|Chien-Pao, L50|\n|teampreview|4\n|inactive|Battle timer is ON: inactive players will automatically lose when time's up. (requested by Dragonizedcube)\nDragonizedcube rejected open team sheets.\n|\n|t:|1683606706\n|start\n|switch|p1a: Sizzle|Salazzle, L50, F|100\/100\n|switch|p1b: Tauros|Tauros-Paldea-Aqua, L50, M|100\/100\n|switch|p2a: Quaquaval|Quaquaval, L50, F|100\/100\n|switch|p2b: Oricorio|Oricorio-Pom-Pom, L50, F|100\/100\n|-ability|p1b: Tauros|Intimidate|boost\n|-unboost|p2a: Quaquaval|atk|1\n|-unboost|p2b: Oricorio|atk|1\n|turn|1\n|inactive|Dragonizedcube has 30 seconds left.\n|inactive|l0523 has 30 seconds left.\n|\n|t:|1683606738\n|move|p1a: Sizzle|Will-O-Wisp|p2a: Quaquaval\n|-status|p2a: Quaquaval|brn\n|move|p2b: Oricorio|Substitute|p2b: Oricorio\n|-start|p2b: Oricorio|Substitute\n|-damage|p2b: Oricorio|76\/100\n|move|p2a: Quaquaval|Aqua Step|p1a: Sizzle\n|-supereffective|p1a: Sizzle\n|-damage|p1a: Sizzle|43\/100\n|-boost|p2a: Quaquaval|spe|1\n|-activate|p2b: Oricorio|ability: Dancer\n|move|p2b: Oricorio|Aqua Step|p1a: Sizzle|[from]ability: Dancer\n|-supereffective|p1a: Sizzle\n|-damage|p1a: Sizzle|4\/100\n|-boost|p2b: Oricorio|spe|1\n|move|p1b: Tauros|Raging Bull|p2b: Oricorio\n|-end|p2b: Oricorio|Substitute\n|\n|-damage|p2a: Quaquaval|94\/100 brn|[from] brn\n|upkeep\n|turn|2\n|inactive|Dragonizedcube has 30 seconds left.\n|inactive|l0523 has 30 seconds left.\n|\n|t:|1683606769\n|-terastallize|p1b: Tauros|Steel\n|move|p1a: Sizzle|Protect|p1a: Sizzle\n|-singleturn|p1a: Sizzle|Protect\n|move|p2b: Oricorio|Acrobatics|p1a: Sizzle\n|-activate|p1a: Sizzle|move: Protect\n|move|p2a: Quaquaval|Feather Dance|p1b: Tauros\n|-unboost|p1b: Tauros|atk|2\n|-activate|p2b: Oricorio|ability: Dancer\n|move|p2b: Oricorio|Feather Dance|p1b: Tauros|[from]ability: Dancer\n|-unboost|p1b: Tauros|atk|2\n|move|p1b: Tauros|Raging Bull|p2b: Oricorio\n|-damage|p2b: Oricorio|59\/100\n|\n|-damage|p2a: Quaquaval|88\/100 brn|[from] brn\n|upkeep\n|turn|3\n|inactive|l0523 has 30 seconds left.\n|\n|t:|1683606796\n|switch|p1a: Rex|Tyranitar, L50, M, shiny|100\/100\n|-weather|Sandstorm|[from] ability: Sand Stream|[of] p1a: Rex\n|switch|p1b: get wisped|Flutter Mane, L50|100\/100\n|move|p2b: Oricorio|Substitute|p2b: Oricorio\n|-start|p2b: Oricorio|Substitute\n|-damage|p2b: Oricorio|35\/100\n|-enditem|p2b: Oricorio|Sitrus Berry|[eat]\n|-heal|p2b: Oricorio|59\/100|[from] item: Sitrus Berry\n|move|p2a: Quaquaval|Aqua Step|p1a: Rex\n|-supereffective|p1a: Rex\n|-damage|p1a: Rex|72\/100\n|-boost|p2a: Quaquaval|spe|1\n|-activate|p2b: Oricorio|ability: Dancer\n|move|p2b: Oricorio|Aqua Step|p1a: Rex|[from]ability: Dancer\n|-supereffective|p1a: Rex\n|-damage|p1a: Rex|52\/100\n|-boost|p2b: Oricorio|spe|1\n|\n|-weather|Sandstorm|[upkeep]\n|-damage|p2b: Oricorio|53\/100|[from] Sandstorm\n|-damage|p2a: Quaquaval|82\/100 brn|[from] Sandstorm\n|-damage|p1b: get wisped|94\/100|[from] Sandstorm\n|-damage|p2a: Quaquaval|75\/100 brn|[from] brn\n|upkeep\n|turn|4\n|inactive|l0523 has 30 seconds left.\n|inactive|l0523 has 20 seconds left.\n|inactive|l0523 has 15 seconds left.\n|inactive|l0523 has 10 seconds left.\n|\n|t:|1683606842\n|move|p2b: Oricorio|Acrobatics|p1b: get wisped\n|-damage|p1b: get wisped|50\/100\n|move|p2a: Quaquaval|Aqua Step|p1a: Rex\n|-supereffective|p1a: Rex\n|-damage|p1a: Rex|24\/100\n|-boost|p2a: Quaquaval|spe|1\n|-activate|p2b: Oricorio|ability: Dancer\n|move|p2b: Oricorio|Aqua Step|p1a: Rex|[from]ability: Dancer\n|-supereffective|p1a: Rex\n|-damage|p1a: Rex|5\/100\n|-boost|p2b: Oricorio|spe|1\n|move|p1b: get wisped|Dazzling Gleam|p2b: Oricorio|[spread] p2a,p2b\n|-end|p2b: Oricorio|Substitute\n|-supereffective|p2a: Quaquaval\n|-damage|p2a: Quaquaval|0 fnt\n|faint|p2a: Quaquaval\n|-damage|p1b: get wisped|40\/100|[from] item: Life Orb\n|move|p1a: Rex|Rock Slide|p2b: Oricorio\n|-supereffective|p2b: Oricorio\n|-damage|p2b: Oricorio|0 fnt\n|faint|p2b: Oricorio\n|\n|-weather|Sandstorm|[upkeep]\n|-damage|p1b: get wisped|34\/100|[from] Sandstorm\n|upkeep\n|inactive|l0523 has 30 seconds left.\n|\n|t:|1683606868\n|switch|p2b: Dragapult|Dragapult, L50, F|100\/100\n|switch|p2a: Iron Moth|Iron Moth, L50|100\/100\n|-enditem|p2a: Iron Moth|Booster Energy\n|-activate|p2a: Iron Moth|ability: Quark Drive|[fromitem]\n|-start|p2a: Iron Moth|quarkdrivespa\n|turn|5\n|\n|t:|1683606881\n|move|p2b: Dragapult|Protect|p2b: Dragapult\n|-singleturn|p2b: Dragapult|Protect\n|move|p1b: get wisped|Dazzling Gleam|p2b: Dragapult|[spread] p2a\n|-activate|p2b: Dragapult|move: Protect\n|-resisted|p2a: Iron Moth\n|-damage|p2a: Iron Moth|91\/100\n|-damage|p1b: get wisped|24\/100|[from] item: Life Orb\n|move|p2a: Iron Moth|Sludge Wave|p1b: get wisped|[spread] p1a,p1b\n|-activate|p2b: Dragapult|move: Protect\n|-resisted|p1a: Rex\n|-damage|p1a: Rex|0 fnt\n|-damage|p1b: get wisped|0 fnt\n|faint|p1a: Rex\n|faint|p1b: get wisped\n|-end|p1b: get wisped|Protosynthesis|[silent]\n|\n|-weather|Sandstorm|[upkeep]\n|-damage|p2b: Dragapult|94\/100|[from] Sandstorm\n|-damage|p2a: Iron Moth|85\/100|[from] Sandstorm\n|upkeep\n|\n|t:|1683606892\n|switch|p1b: Tauros|Tauros-Paldea-Aqua, L50, M, tera:Steel|100\/100\n|switch|p1a: Sizzle|Salazzle, L50, F|4\/100\n|-ability|p1b: Tauros|Intimidate|boost\n|-unboost|p2a: Iron Moth|atk|1\n|-unboost|p2b: Dragapult|atk|1\n|turn|6\n|inactive|Dragonizedcube has 30 seconds left.\n|\n|t:|1683606920\n|-terastallize|p2b: Dragapult|Steel\n|move|p1b: Tauros|Aqua Jet|p2b: Dragapult\n|-damage|p2b: Dragapult|69\/100\n|move|p2b: Dragapult|Dragon Darts|p1b: Tauros\n|-resisted|p1b: Tauros\n|-damage|p1b: Tauros|92\/100\n|-anim|p2b: Dragapult|Dragon Darts|p1a: Sizzle\n|-damage|p1a: Sizzle|0 fnt\n|faint|p1a: Sizzle\n|move|p2a: Iron Moth|Sludge Wave|p1b: Tauros|[spread] \n|-immune|p2b: Dragapult\n|-immune|p1b: Tauros\n|\n|-weather|Sandstorm|[upkeep]\n|-damage|p2a: Iron Moth|79\/100|[from] Sandstorm\n|upkeep\n|turn|7\n|\n|t:|1683606942\n|move|p2b: Dragapult|Dragon Darts|p1b: Tauros\n|-resisted|p1b: Tauros\n|-damage|p1b: Tauros|85\/100\n|-anim|p2b: Dragapult|Dragon Darts|p1b: Tauros\n|-resisted|p1b: Tauros\n|-damage|p1b: Tauros|78\/100\n|move|p2a: Iron Moth|Fiery Dance|p1b: Tauros\n|-supereffective|p1b: Tauros\n|-damage|p1b: Tauros|0 fnt\n|faint|p1b: Tauros\n|\n|win|l0523\n|raw|Dragonizedcube's rating: 1059 → 1039<\/strong> (-20 for losing)\n|raw|l0523's rating: 1029 → 1068<\/strong> (+39 for winning)\n|l|\u2606Dragonizedcube\n","uploadtime":1683607200,"views":10,"p1id":"dragonizedcube","p2id":"l0523","formatid":"gen9vgc2023regulationc","rating":1039,"private":0,"password":""}