{"id":"gen9vgc2023regulationc-1854819801","p1":"shbones","p2":"Joi1234","format":"[Gen 9] VGC 2023 Regulation C","log":"|j|\u2606shbones\n|j|\u2606Joi1234\n|t:|1682869825\n|gametype|doubles\n|player|p1|shbones|bugcatcher|1108\n|player|p2|Joi1234|102|1068\n|teamsize|p1|6\n|teamsize|p2|6\n|gen|9\n|tier|[Gen 9] VGC 2023 Regulation C\n|rated|\n|rule|Species Clause: Limit one of each Pok\u00e9mon\n|rule|Item Clause: Limit one of each item\n|clearpoke\n|poke|p1|Rabsca, L50, F|\n|poke|p1|Orthworm, L50, F|\n|poke|p1|Lurantis, L50, F|\n|poke|p1|Dudunsparce-*, L50, M|\n|poke|p1|Volcarona, L50, F|\n|poke|p1|Frosmoth, L50, M|\n|poke|p2|Chien-Pao, L50|\n|poke|p2|Flutter Mane, L50|\n|poke|p2|Iron Hands, L50|\n|poke|p2|Chi-Yu, L50|\n|poke|p2|Arcanine, L50, F|\n|poke|p2|Slither Wing, L50|\n|teampreview|4\n|inactive|Battle timer is ON: inactive players will automatically lose when time's up. (requested by shbones)\n|inactive|Joi1234 has 60 seconds left.\n|\n|t:|1682869925\n|start\n|switch|p1a: Dudunsparce|Dudunsparce, L50, M|100\/100\n|switch|p1b: Orthworm|Orthworm, L50, F|100\/100\n|switch|p2a: Iron Hands|Iron Hands, L50, shiny|100\/100\n|switch|p2b: Chien-Pao|Chien-Pao, L50|100\/100\n|-ability|p2b: Chien-Pao|Sword of Ruin\n|-enditem|p2a: Iron Hands|Booster Energy\n|-activate|p2a: Iron Hands|ability: Quark Drive|[fromitem]\n|-start|p2a: Iron Hands|quarkdriveatk\n|turn|1\n|inactive|shbones has 30 seconds left.\n|inactive|Joi1234 has 30 seconds left.\n|inactive|shbones has 20 seconds left.\n|inactive|Joi1234 has 20 seconds left.\n|inactive|Joi1234 has 15 seconds left.\n|inactive|shbones has 15 seconds left.\n|inactive|Joi1234 has 10 seconds left.\n|inactive|shbones has 10 seconds left.\n|inactive|Joi1234 has 5 seconds left.\n|\n|t:|1682869979\n|-terastallize|p1b: Orthworm|Poison\n|move|p2b: Chien-Pao|Sacred Sword|p1b: Orthworm\n|-resisted|p1b: Orthworm\n|-damage|p1b: Orthworm|85\/100\n|move|p1a: Dudunsparce|Tailwind|p1a: Dudunsparce\n|-sidestart|p1: shbones|move: Tailwind\n|move|p1b: Orthworm|Iron Defense|p1b: Orthworm\n|-boost|p1b: Orthworm|def|2\n|move|p2a: Iron Hands|Close Combat|p1a: Dudunsparce\n|-supereffective|p1a: Dudunsparce\n|-damage|p1a: Dudunsparce|0 fnt\n|-unboost|p2a: Iron Hands|def|1\n|-unboost|p2a: Iron Hands|spd|1\n|-damage|p2a: Iron Hands|84\/100|[from] item: Rocky Helmet|[of] p1a: Dudunsparce\n|faint|p1a: Dudunsparce\n|\n|upkeep\n|\n|t:|1682870002\n|switch|p1a: Lurantis|Lurantis, L50, F, shiny|100\/100\n|turn|2\n|\n|t:|1682870018\n|move|p2b: Chien-Pao|Protect|p2b: Chien-Pao\n|-singleturn|p2b: Chien-Pao|Protect\n|move|p1b: Orthworm|Body Press|p2b: Chien-Pao\n|-activate|p2b: Chien-Pao|move: Protect\n|move|p1a: Lurantis|Leaf Storm|p2a: Iron Hands\n|-crit|p2a: Iron Hands\n|-damage|p2a: Iron Hands|0 fnt\n|-boost|p1a: Lurantis|spa|2\n|faint|p2a: Iron Hands\n|-end|p2a: Iron Hands|Quark Drive|[silent]\n|\n|upkeep\n|inactive|Joi1234 has 30 seconds left.\n|inactive|Joi1234 has 20 seconds left.\n|inactive|Joi1234 has 15 seconds left.\n|inactive|Joi1234 has 10 seconds left.\n|inactive|Joi1234 has 5 seconds left.\n|\n|t:|1682870068\n|switch|p2a: Slither Wing|Slither Wing, L50, shiny|100\/100\n|turn|3\n|\n|t:|1682870081\n|move|p2a: Slither Wing|First Impression|p1a: Lurantis\n|-supereffective|p1a: Lurantis\n|-damage|p1a: Lurantis|0 fnt\n|faint|p1a: Lurantis\n|move|p2b: Chien-Pao|Ice Spinner|p1b: Orthworm\n|-damage|p1b: Orthworm|64\/100\n|move|p1b: Orthworm|Body Press|p2b: Chien-Pao\n|-supereffective|p2b: Chien-Pao\n|-enditem|p2b: Chien-Pao|Focus Sash\n|-damage|p2b: Chien-Pao|1\/100\n|\n|upkeep\n|\n|t:|1682870096\n|switch|p1a: Frosmoth|Frosmoth, L50, M, shiny|100\/100\n|turn|4\n|\n|t:|1682870115\n|-terastallize|p2a: Slither Wing|Ground\n|move|p2b: Chien-Pao|Protect|p2b: Chien-Pao\n|-singleturn|p2b: Chien-Pao|Protect\n|move|p1a: Frosmoth|Ice Beam|p2a: Slither Wing\n|-supereffective|p2a: Slither Wing\n|-damage|p2a: Slither Wing|7\/100\n|-damage|p1a: Frosmoth|91\/100|[from] item: Life Orb\n|move|p1b: Orthworm|Iron Defense|p1b: Orthworm\n|-boost|p1b: Orthworm|def|2\n|move|p2a: Slither Wing|Earthquake|p1a: Frosmoth|[spread] p1a\n|-activate|p2b: Chien-Pao|move: Protect\n|-heal|p1b: Orthworm|89\/100|[from] ability: Earth Eater|[of] p2a: Slither Wing\n|-resisted|p1a: Frosmoth\n|-damage|p1a: Frosmoth|56\/100\n|\n|-sideend|p1: shbones|move: Tailwind\n|upkeep\n|turn|5\n|inactive|Joi1234 has 30 seconds left.\n|inactive|Joi1234 has 20 seconds left.\n|inactive|Joi1234 has 15 seconds left.\n|\n|t:|1682870157\n|move|p2b: Chien-Pao|Sucker Punch|p1a: Frosmoth\n|-damage|p1a: Frosmoth|0 fnt\n|faint|p1a: Frosmoth\n|move|p2a: Slither Wing|U-turn|p1b: Orthworm\n|-resisted|p1b: Orthworm\n|-damage|p1b: Orthworm|83\/100\n|\n|t:|1682870164\n|-end|p2a: Slither Wing|Protosynthesis|[silent]\n|switch|p2a: Arcanine|Arcanine, L50, F, shiny|100\/100|[from] U-turn\n|-ability|p2a: Arcanine|Intimidate|boost\n|-unboost|p1b: Orthworm|atk|1\n|move|p1b: Orthworm|Body Press|p2b: Chien-Pao\n|-supereffective|p2b: Chien-Pao\n|-damage|p2b: Chien-Pao|0 fnt\n|faint|p2b: Chien-Pao\n|\n|upkeep\n|\n|t:|1682870173\n|switch|p2b: Slither Wing|Slither Wing, L50, shiny, tera:Ground|7\/100\n|turn|6\n|inactive|Joi1234 has 30 seconds left.\n|inactive|Joi1234 has 20 seconds left.\n|\n|t:|1682870210\n|move|p2b: Slither Wing|First Impression|p1b: Orthworm\n|-resisted|p1b: Orthworm\n|-damage|p1b: Orthworm|77\/100\n|move|p2a: Arcanine|Will-O-Wisp|p1b: Orthworm\n|-status|p1b: Orthworm|brn\n|move|p1b: Orthworm|Body Press|p2b: Slither Wing\n|-damage|p2b: Slither Wing|0 fnt\n|faint|p2b: Slither Wing\n|-end|p2b: Slither Wing|Protosynthesis|[silent]\n|\n|-damage|p1b: Orthworm|71\/100 brn|[from] brn\n|upkeep\n|turn|7\n|\n|t:|1682870222\n|move|p2a: Arcanine|Protect|p2a: Arcanine\n|-singleturn|p2a: Arcanine|Protect\n|move|p1b: Orthworm|Body Press|p2a: Arcanine\n|-activate|p2a: Arcanine|move: Protect\n|\n|-damage|p1b: Orthworm|64\/100 brn|[from] brn\n|upkeep\n|turn|8\n|\n|t:|1682870234\n|move|p2a: Arcanine|Extreme Speed|p1b: Orthworm\n|-damage|p1b: Orthworm|57\/100 brn\n|move|p1b: Orthworm|Body Press|p2a: Arcanine\n|-damage|p2a: Arcanine|63\/100\n|\n|-damage|p1b: Orthworm|51\/100 brn|[from] brn\n|upkeep\n|turn|9\n|\n|t:|1682870244\n|move|p2a: Arcanine|Protect|p2a: Arcanine\n|-singleturn|p2a: Arcanine|Protect\n|move|p1b: Orthworm|Iron Defense|p1b: Orthworm\n|-boost|p1b: Orthworm|def|2\n|\n|-damage|p1b: Orthworm|45\/100 brn|[from] brn\n|upkeep\n|-enditem|p1b: Orthworm|Sitrus Berry|[eat]\n|-heal|p1b: Orthworm|69\/100 brn|[from] item: Sitrus Berry\n|turn|10\n|\n|t:|1682870259\n|move|p2a: Arcanine|Extreme Speed|p1b: Orthworm\n|-damage|p1b: Orthworm|64\/100 brn\n|move|p1b: Orthworm|Body Press|p2a: Arcanine\n|-damage|p2a: Arcanine|12\/100\n|-enditem|p2a: Arcanine|Sitrus Berry|[eat]\n|-heal|p2a: Arcanine|37\/100|[from] item: Sitrus Berry\n|\n|-damage|p1b: Orthworm|58\/100 brn|[from] brn\n|upkeep\n|turn|11\n|\n|t:|1682870268\n|move|p2a: Arcanine|Protect|p2a: Arcanine\n|-singleturn|p2a: Arcanine|Protect\n|move|p1b: Orthworm|Body Press|p2a: Arcanine\n|-activate|p2a: Arcanine|move: Protect\n|\n|-damage|p1b: Orthworm|51\/100 brn|[from] brn\n|upkeep\n|turn|12\n|\n|t:|1682870279\n|move|p2a: Arcanine|Flare Blitz|p1b: Orthworm\n|-damage|p1b: Orthworm|39\/100 brn\n|-damage|p2a: Arcanine|33\/100|[from] Recoil\n|move|p1b: Orthworm|Body Press|p2a: Arcanine\n|-damage|p2a: Arcanine|0 fnt\n|faint|p2a: Arcanine\n|\n|win|shbones\n|raw|shbones's rating: 1108 → 1129<\/strong> (+21 for winning)\n|raw|Joi1234's rating: 1053 → 1038<\/strong> (-15 for losing)\n|l|\u2606Joi1234\n|c|\u2606shbones|gg\n","uploadtime":1682870292,"views":16,"p1id":"shbones","p2id":"joi1234","formatid":"gen9vgc2023regulationc","rating":1038,"private":0,"password":""}