{"id":"gen9vgc2023regulationc-1845678585","p1":"Gutico","p2":"aave","format":"[Gen 9] VGC 2023 Regulation C","log":"|j|\u2606Gutico\n|j|\u2606aave\n|t:|1681754880\n|gametype|doubles\n|player|p1|Gutico|2|1577\n|player|p2|aave|170|1644\n|teamsize|p1|6\n|teamsize|p2|6\n|gen|9\n|tier|[Gen 9] VGC 2023 Regulation C\n|rated|\n|rule|Species Clause: Limit one of each Pok\u00e9mon\n|rule|Item Clause: Limit one of each item\n|clearpoke\n|poke|p1|Dondozo, L50, F|\n|poke|p1|Tatsugiri, L50, F|\n|poke|p1|Glimmora, L50, F|\n|poke|p1|Corviknight, L50, M|\n|poke|p1|Chi-Yu, L50|\n|poke|p1|Iron Bundle, L50|\n|poke|p2|Wo-Chien, L50|\n|poke|p2|Flutter Mane, L50|\n|poke|p2|Glimmora, L50, F|\n|poke|p2|Arcanine, L50, M|\n|poke|p2|Dondozo, L50, M|\n|poke|p2|Tatsugiri, L50, M|\n|teampreview|4\naave has agreed to open team sheets.\n|inactive|Battle timer is ON: inactive players will automatically lose when time's up. (requested by aave)\n|\n|t:|1681754910\n|start\n|switch|p1a: Chi-Yu|Chi-Yu, L50|100\/100\n|switch|p1b: Iron Bundle|Iron Bundle, L50|100\/100\n|switch|p2a: Glimmora|Glimmora, L50, F|100\/100\n|switch|p2b: Arcanine|Arcanine, L50, M|100\/100\n|-ability|p1a: Chi-Yu|Beads of Ruin\n|-ability|p2b: Arcanine|Intimidate|boost\n|-unboost|p1a: Chi-Yu|atk|1\n|-unboost|p1b: Iron Bundle|atk|1\n|-enditem|p1b: Iron Bundle|Booster Energy\n|-activate|p1b: Iron Bundle|ability: Quark Drive|[fromitem]\n|-start|p1b: Iron Bundle|quarkdrivespe\n|turn|1\n|j| ZacianLoveMe\n|inactive|Gutico has 30 seconds left.\n|inactive|aave has 30 seconds left.\n|\n|t:|1681754942\n|-terastallize|p2a: Glimmora|Water\n|move|p2b: Arcanine|Protect|p2b: Arcanine\n|-singleturn|p2b: Arcanine|Protect\n|move|p1b: Iron Bundle|Hydro Pump|p2a: Glimmora\n|-resisted|p2a: Glimmora\n|-damage|p2a: Glimmora|77\/100\n|move|p1a: Chi-Yu|Dark Pulse|p2b: Arcanine\n|-activate|p2b: Arcanine|move: Protect\n|move|p2a: Glimmora|Power Gem|p1b: Iron Bundle\n|-supereffective|p1b: Iron Bundle\n|-damage|p1b: Iron Bundle|0 fnt\n|faint|p1b: Iron Bundle\n|-end|p1b: Iron Bundle|Quark Drive|[silent]\n|\n|upkeep\n|\n|t:|1681754946\n|switch|p1b: Dondozo|Dondozo, L50, F|100\/100\n|turn|2\n|\n|t:|1681754965\n|switch|p1a: Tatsugiri|Tatsugiri, L50, F|100\/100\n|-activate|p1a: Tatsugiri|ability: Commander|[of] p1b: Dondozo\n|-boost|p1b: Dondozo|atk|2\n|-boost|p1b: Dondozo|spa|2\n|-boost|p1b: Dondozo|spe|2\n|-boost|p1b: Dondozo|def|2\n|-boost|p1b: Dondozo|spd|2\n|move|p1b: Dondozo|Earthquake|p2b: Arcanine|[spread] p2a,p2b\n|-miss|p1b: Dondozo|p1a: Tatsugiri\n|-supereffective|p2b: Arcanine\n|-damage|p2a: Glimmora|42\/100\n|-damage|p2b: Arcanine|16\/100\n|-activate|p2a: Glimmora|ability: Toxic Debris\n|-sidestart|p1: Gutico|move: Toxic Spikes\n|-enditem|p2b: Arcanine|Sitrus Berry|[eat]\n|-heal|p2b: Arcanine|40\/100|[from] item: Sitrus Berry\n|move|p2b: Arcanine|Will-O-Wisp|p1b: Dondozo\n|-status|p1b: Dondozo|brn\n|move|p2a: Glimmora|Mortal Spin|p1a: Tatsugiri|[spread] p1b\n|-miss|p2a: Glimmora|p1a: Tatsugiri\n|-damage|p1b: Dondozo|99\/100 brn\n|\n|-heal|p1b: Dondozo|100\/100 brn|[from] item: Leftovers\n|-damage|p1b: Dondozo|94\/100 brn|[from] brn\n|upkeep\n|turn|3\n|\n|t:|1681754983\n|switch|p2b: Wo-Chien|Wo-Chien, L50|100\/100\n|-ability|p2b: Wo-Chien|Tablets of Ruin\n|move|p1b: Dondozo|Earthquake|p2b: Wo-Chien|[spread] p2a,p2b\n|-miss|p1b: Dondozo|p1a: Tatsugiri\n|-resisted|p2b: Wo-Chien\n|-damage|p2a: Glimmora|28\/100\n|-damage|p2b: Wo-Chien|95\/100\n|-activate|p2a: Glimmora|ability: Toxic Debris\n|-sidestart|p1: Gutico|move: Toxic Spikes\n|move|p2a: Glimmora|Sludge Bomb|p1b: Dondozo\n|-damage|p1b: Dondozo|71\/100 brn\n|\n|-heal|p1b: Dondozo|78\/100 brn|[from] item: Leftovers\n|-heal|p2b: Wo-Chien|100\/100|[from] item: Leftovers\n|-damage|p1b: Dondozo|71\/100 brn|[from] brn\n|upkeep\n|turn|4\n|inactive|Gutico has 30 seconds left.\n|\n|t:|1681755017\n|-terastallize|p1b: Dondozo|Grass\n|move|p1b: Dondozo|Tera Blast|p2a: Glimmora\n|-supereffective|p2a: Glimmora\n|-crit|p2a: Glimmora\n|-damage|p2a: Glimmora|0 fnt\n|faint|p2a: Glimmora\n|move|p2b: Wo-Chien|Pollen Puff|p2: Glimmora|[notarget]\n|-fail|p2b: Wo-Chien\n|\n|-heal|p1b: Dondozo|78\/100 brn|[from] item: Leftovers\n|-damage|p1b: Dondozo|71\/100 brn|[from] brn\n|upkeep\n|\n|t:|1681755025\n|switch|p2a: Flutter Mane|Flutter Mane, L50|100\/100\n|-enditem|p2a: Flutter Mane|Booster Energy\n|-activate|p2a: Flutter Mane|ability: Protosynthesis|[fromitem]\n|-start|p2a: Flutter Mane|protosynthesisspe\n|turn|5\n|\n|t:|1681755041\n|move|p2a: Flutter Mane|Substitute|p2a: Flutter Mane\n|-start|p2a: Flutter Mane|Substitute\n|-damage|p2a: Flutter Mane|76\/100\n|move|p1b: Dondozo|Tera Blast|p2a: Flutter Mane\n|-end|p2a: Flutter Mane|Substitute\n|move|p2b: Wo-Chien|Foul Play|p1b: Dondozo\n|-damage|p1b: Dondozo|59\/100 brn\n|\n|-heal|p1b: Dondozo|65\/100 brn|[from] item: Leftovers\n|-damage|p1b: Dondozo|59\/100 brn|[from] brn\n|upkeep\n|turn|6\n|\n|t:|1681755051\n|move|p2a: Flutter Mane|Substitute|p2a: Flutter Mane\n|-start|p2a: Flutter Mane|Substitute\n|-damage|p2a: Flutter Mane|51\/100\n|move|p1b: Dondozo|Tera Blast|p2a: Flutter Mane\n|-end|p2a: Flutter Mane|Substitute\n|move|p2b: Wo-Chien|Pollen Puff|p2a: Flutter Mane\n|-heal|p2a: Flutter Mane|100\/100\n|\n|-heal|p1b: Dondozo|65\/100 brn|[from] item: Leftovers\n|-damage|p1b: Dondozo|59\/100 brn|[from] brn\n|upkeep\n|turn|7\n|\n|t:|1681755067\n|move|p2a: Flutter Mane|Substitute|p2a: Flutter Mane\n|-start|p2a: Flutter Mane|Substitute\n|-damage|p2a: Flutter Mane|76\/100\n|move|p1b: Dondozo|Tera Blast|p2a: Flutter Mane\n|-end|p2a: Flutter Mane|Substitute\n|move|p2b: Wo-Chien|Foul Play|p1b: Dondozo\n|-damage|p1b: Dondozo|46\/100 brn\n|\n|-heal|p1b: Dondozo|53\/100 brn|[from] item: Leftovers\n|-damage|p1b: Dondozo|46\/100 brn|[from] brn\n|upkeep\n|turn|8\n|inactive|Gutico has 30 seconds left.\n|inactive|Gutico has 20 seconds left.\n|\n|t:|1681755103\n|move|p2a: Flutter Mane|Substitute|p2a: Flutter Mane\n|-start|p2a: Flutter Mane|Substitute\n|-damage|p2a: Flutter Mane|51\/100\n|move|p1b: Dondozo|Tera Blast|p2a: Flutter Mane\n|-end|p2a: Flutter Mane|Substitute\n|move|p2b: Wo-Chien|Pollen Puff|p2a: Flutter Mane\n|-heal|p2a: Flutter Mane|100\/100\n|\n|-heal|p1b: Dondozo|53\/100 brn|[from] item: Leftovers\n|-damage|p1b: Dondozo|46\/100 brn|[from] brn\n|upkeep\n|turn|9\n|inactive|aave has 30 seconds left.\n|\n|t:|1681755133\n|move|p2a: Flutter Mane|Substitute|p2a: Flutter Mane\n|-start|p2a: Flutter Mane|Substitute\n|-damage|p2a: Flutter Mane|76\/100\n|move|p1b: Dondozo|Tera Blast|p2a: Flutter Mane\n|-end|p2a: Flutter Mane|Substitute\n|move|p2b: Wo-Chien|Foul Play|p1b: Dondozo\n|-damage|p1b: Dondozo|33\/100 brn\n|\n|-heal|p1b: Dondozo|39\/100 brn|[from] item: Leftovers\n|-damage|p1b: Dondozo|33\/100 brn|[from] brn\n|upkeep\n|turn|10\n|inactive|Gutico has 30 seconds left.\n|inactive|Gutico has 20 seconds left.\n|\n|t:|1681755170\n|move|p2a: Flutter Mane|Substitute|p2a: Flutter Mane\n|-start|p2a: Flutter Mane|Substitute\n|-damage|p2a: Flutter Mane|51\/100\n|move|p1b: Dondozo|Tera Blast|p2a: Flutter Mane\n|-end|p2a: Flutter Mane|Substitute\n|move|p2b: Wo-Chien|Pollen Puff|p2a: Flutter Mane\n|-heal|p2a: Flutter Mane|100\/100\n|\n|-heal|p1b: Dondozo|39\/100 brn|[from] item: Leftovers\n|-damage|p1b: Dondozo|33\/100 brn|[from] brn\n|upkeep\n|turn|11\n|\n|t:|1681755177\n|move|p2a: Flutter Mane|Substitute|p2a: Flutter Mane\n|-start|p2a: Flutter Mane|Substitute\n|-damage|p2a: Flutter Mane|76\/100\n|move|p1b: Dondozo|Tera Blast|p2a: Flutter Mane\n|-end|p2a: Flutter Mane|Substitute\n|move|p2b: Wo-Chien|Foul Play|p1b: Dondozo\n|-damage|p1b: Dondozo|20\/100 brn\n|\n|-heal|p1b: Dondozo|26\/100 brn|[from] item: Leftovers\n|-damage|p1b: Dondozo|20\/100 brn|[from] brn\n|upkeep\n|turn|12\n|\n|t:|1681755187\n|move|p2a: Flutter Mane|Substitute|p2a: Flutter Mane\n|-start|p2a: Flutter Mane|Substitute\n|-damage|p2a: Flutter Mane|51\/100\n|move|p1b: Dondozo|Tera Blast|p2a: Flutter Mane\n|-end|p2a: Flutter Mane|Substitute\n|move|p2b: Wo-Chien|Pollen Puff|p2a: Flutter Mane\n|-heal|p2a: Flutter Mane|100\/100\n|\n|-heal|p1b: Dondozo|26\/100 brn|[from] item: Leftovers\n|-damage|p1b: Dondozo|20\/100 brn|[from] brn\n|upkeep\n|turn|13\n|\n|t:|1681755198\n|move|p2a: Flutter Mane|Hex|p1b: Dondozo\n|-damage|p1b: Dondozo|0 fnt\n|faint|p1b: Dondozo\n|move|p2b: Wo-Chien|Leech Seed|p1a: Tatsugiri\n|-start|p1a: Tatsugiri|move: Leech Seed\n|\n|-damage|p1a: Tatsugiri|88\/100|[from] Leech Seed|[of] p2b: Wo-Chien\n|upkeep\n|\n|t:|1681755201\n|switch|p1b: Chi-Yu|Chi-Yu, L50|100\/100\n|-status|p1b: Chi-Yu|tox\n|-ability|p1b: Chi-Yu|Beads of Ruin\n|turn|14\n|\n|t:|1681755213\n|move|p2a: Flutter Mane|Protect|p2a: Flutter Mane\n|-singleturn|p2a: Flutter Mane|Protect\n|move|p1b: Chi-Yu|Protect|p1b: Chi-Yu\n|-singleturn|p1b: Chi-Yu|Protect\n|move|p2b: Wo-Chien|Protect|p2b: Wo-Chien\n|-singleturn|p2b: Wo-Chien|Protect\n|move|p1a: Tatsugiri|Icy Wind|p2a: Flutter Mane|[spread] \n|-activate|p2a: Flutter Mane|move: Protect\n|-activate|p2b: Wo-Chien|move: Protect\n|\n|-damage|p1a: Tatsugiri|75\/100|[from] Leech Seed|[of] p2b: Wo-Chien\n|-damage|p1b: Chi-Yu|94\/100 tox|[from] psn\n|upkeep\n|turn|15\n|\n|t:|1681755226\n|switch|p2b: Arcanine|Arcanine, L50, M|40\/100\n|-ability|p2b: Arcanine|Intimidate|boost\n|-unboost|p1a: Tatsugiri|atk|1\n|-unboost|p1b: Chi-Yu|atk|1\n|move|p2a: Flutter Mane|Moonblast|p1a: Tatsugiri\n|-supereffective|p1a: Tatsugiri\n|-damage|p1a: Tatsugiri|0 fnt\n|faint|p1a: Tatsugiri\n|move|p1b: Chi-Yu|Heat Wave|p2b: Arcanine|[spread] p2a,p2b\n|-resisted|p2b: Arcanine\n|-damage|p2a: Flutter Mane|49\/100\n|-damage|p2b: Arcanine|14\/100\n|\n|-damage|p1b: Chi-Yu|82\/100 tox|[from] psn\n|upkeep\n|turn|16\n|\n|t:|1681755238\n|move|p2a: Flutter Mane|Protect|p2a: Flutter Mane\n|-singleturn|p2a: Flutter Mane|Protect\n|move|p2b: Arcanine|Protect|p2b: Arcanine\n|-singleturn|p2b: Arcanine|Protect\n|move|p1b: Chi-Yu|Heat Wave|p2a: Flutter Mane|[spread] \n|-activate|p2a: Flutter Mane|move: Protect\n|-activate|p2b: Arcanine|move: Protect\n|\n|-damage|p1b: Chi-Yu|64\/100 tox|[from] psn\n|upkeep\n|turn|17\n|\n|t:|1681755244\n|move|p2b: Arcanine|Protect||[still]\n|-fail|p2b: Arcanine\n|move|p2a: Flutter Mane|Substitute|p2a: Flutter Mane\n|-start|p2a: Flutter Mane|Substitute\n|-damage|p2a: Flutter Mane|24\/100\n|move|p1b: Chi-Yu|Heat Wave|p2b: Arcanine|[spread] p2a,p2b\n|-end|p2a: Flutter Mane|Substitute\n|-resisted|p2b: Arcanine\n|-damage|p2b: Arcanine|0 fnt\n|faint|p2b: Arcanine\n|\n|-damage|p1b: Chi-Yu|39\/100 tox|[from] psn\n|upkeep\n|\n|t:|1681755249\n|switch|p2b: Wo-Chien|Wo-Chien, L50|100\/100\n|-ability|p2b: Wo-Chien|Tablets of Ruin\n|turn|18\n|\n|t:|1681755254\n|move|p2b: Wo-Chien|Protect|p2b: Wo-Chien\n|-singleturn|p2b: Wo-Chien|Protect\n|move|p2a: Flutter Mane|Moonblast|p1b: Chi-Yu\n|-damage|p1b: Chi-Yu|0 fnt\n|faint|p1b: Chi-Yu\n|\n|win|aave\n|raw|Gutico's rating: 1577 → 1561<\/strong> (-16 for losing)\n|raw|aave's rating: 1644 → 1660<\/strong> (+16 for winning)\n|l|\u2606aave\n|l|\u2606Gutico\n","uploadtime":1681755452,"views":9,"p1id":"gutico","p2id":"aave","formatid":"gen9vgc2023regulationc","rating":1561,"private":0,"password":""}