{"id":"gen9vgc2023regulationc-1862921745","p1":"matiasordenes","p2":"jchemmy","format":"[Gen 9] VGC 2023 Regulation C","log":"|j|\u2606matiasordenes\n|j|\u2606jchemmy\n|t:|1683938737\n|gametype|doubles\n|player|p1|matiasordenes|102|1307\n|player|p2|jchemmy|brock|1397\n|teamsize|p1|6\n|teamsize|p2|6\n|gen|9\n|tier|[Gen 9] VGC 2023 Regulation C\n|rated|\n|rule|Species Clause: Limit one of each Pok\u00e9mon\n|rule|Item Clause: Limit one of each item\n|clearpoke\n|poke|p1|Roaring Moon, L50|\n|poke|p1|Volcarona, L50, F|\n|poke|p1|Tsareena, L50, F|\n|poke|p1|Gyarados, L50, F|\n|poke|p1|Ting-Lu, L50|\n|poke|p1|Gholdengo, L50|\n|poke|p2|Flutter Mane, L50|\n|poke|p2|Ting-Lu, L50|\n|poke|p2|Baxcalibur, L50, F|\n|poke|p2|Palafin, L50, F|\n|poke|p2|Arcanine, L50, M|\n|poke|p2|Amoonguss, L50, F|\n|teampreview|4\n|inactive|Battle timer is ON: inactive players will automatically lose when time's up. (requested by jchemmy)\nmatiasordenes has agreed to open team sheets.\njchemmy has agreed to open team sheets.\n|inactive|jchemmy has 60 seconds left.\n|\n|t:|1683938775\n|start\n|switch|p1a: Volcarona|Volcarona, L50, F|100\/100\n|switch|p1b: Gyarados|Gyarados, L50, F|100\/100\n|switch|p2a: Arcanine|Arcanine, L50, M|100\/100\n|switch|p2b: Flutter Mane|Flutter Mane, L50|100\/100\n|-ability|p2a: Arcanine|Intimidate|boost\n|-unboost|p1a: Volcarona|atk|1\n|-unboost|p1b: Gyarados|atk|1\n|-ability|p1b: Gyarados|Intimidate|boost\n|-unboost|p2a: Arcanine|atk|1\n|-unboost|p2b: Flutter Mane|atk|1\n|turn|1\n|\n|t:|1683938785\n|switch|p2a: Amoonguss|Amoonguss, L50, F|100\/100\n|move|p1a: Volcarona|Rage Powder|p1a: Volcarona\n|-singleturn|p1a: Volcarona|move: Rage Powder\n|move|p2b: Flutter Mane|Thunderbolt|p1a: Volcarona\n|-damage|p1a: Volcarona|61\/100\n|move|p1b: Gyarados|Thunder Wave|p2b: Flutter Mane\n|-status|p2b: Flutter Mane|par\n|\n|upkeep\n|turn|2\n|inactive|jchemmy has 30 seconds left.\n|\n|t:|1683938814\n|-end|p2b: Flutter Mane|Protosynthesis|[silent]\n|switch|p2b: Arcanine|Arcanine, L50, M|100\/100\n|-ability|p2b: Arcanine|Intimidate|boost\n|-unboost|p1a: Volcarona|atk|1\n|-unboost|p1b: Gyarados|atk|1\n|move|p1a: Volcarona|Rage Powder|p1a: Volcarona\n|-singleturn|p1a: Volcarona|move: Rage Powder\n|move|p1b: Gyarados|Taunt|p2a: Amoonguss\n|-start|p2a: Amoonguss|move: Taunt\n|cant|p2a: Amoonguss|move: Taunt|Spore\n|\n|upkeep\n|turn|3\n|\n|t:|1683938834\n|switch|p1b: Gholdengo|Gholdengo, L50|100\/100\n|move|p2b: Arcanine|Flare Blitz|p1a: Volcarona\n|-damage|p1a: Volcarona|13\/100\n|-damage|p2b: Arcanine|85\/100|[from] Recoil\n|move|p1a: Volcarona|Heat Wave|p2a: Amoonguss|[spread] p2a,p2b\n|-supereffective|p2a: Amoonguss\n|-resisted|p2b: Arcanine\n|-damage|p2a: Amoonguss|40\/100\n|-damage|p2b: Arcanine|70\/100\n|-enditem|p2a: Amoonguss|Sitrus Berry|[eat]\n|-heal|p2a: Amoonguss|65\/100|[from] item: Sitrus Berry\n|move|p2a: Amoonguss|Pollen Puff|p2b: Arcanine\n|-heal|p2b: Arcanine|100\/100\n|\n|upkeep\n|turn|4\n|inactive|jchemmy has 30 seconds left.\n|inactive|jchemmy has 20 seconds left.\n|inactive|jchemmy has 15 seconds left.\n|inactive|jchemmy has 10 seconds left.\n|inactive|jchemmy has 5 seconds left.\n|\n|t:|1683938889\n|switch|p1b: Tsareena|Tsareena, L50, F|100\/100\n|move|p2b: Arcanine|Flare Blitz|p1a: Volcarona\n|-damage|p1a: Volcarona|0 fnt\n|faint|p1a: Volcarona\n|-damage|p2b: Arcanine|96\/100|[from] Recoil\n|move|p2a: Amoonguss|Pollen Puff|p1b: Tsareena\n|-supereffective|p1b: Tsareena\n|-damage|p1b: Tsareena|78\/100\n|\n|-end|p2a: Amoonguss|move: Taunt\n|upkeep\n|\n|t:|1683938899\n|switch|p1a: Gyarados|Gyarados, L50, F|100\/100\n|-ability|p1a: Gyarados|Intimidate|boost\n|-unboost|p2a: Amoonguss|atk|1\n|-unboost|p2b: Arcanine|atk|1\n|turn|5\n|inactive|matiasordenes has 30 seconds left.\n|inactive|jchemmy has 30 seconds left.\n|inactive|jchemmy has 20 seconds left.\n|inactive|matiasordenes has 20 seconds left.\n|inactive|jchemmy has 15 seconds left.\n|inactive|jchemmy has 10 seconds left.\n|inactive|jchemmy has 5 seconds left.\n|\n|t:|1683938950\n|switch|p2a: Flutter Mane|Flutter Mane, L50|100\/100 par\n|-terastallize|p1b: Tsareena|Water\n|move|p2b: Arcanine|Flare Blitz|p1b: Tsareena\n|-resisted|p1b: Tsareena\n|-damage|p1b: Tsareena|65\/100\n|-damage|p2b: Arcanine|92\/100|[from] Recoil\n|move|p1a: Gyarados|Thunder Wave|p2b: Arcanine|[miss]\n|-miss|p1a: Gyarados|p2b: Arcanine\n|move|p1b: Tsareena|Zen Headbutt|p2a: Flutter Mane|[miss]\n|-miss|p1b: Tsareena|p2a: Flutter Mane\n|\n|upkeep\n|turn|6\n|\n|t:|1683938975\n|-end|p2a: Flutter Mane|Protosynthesis|[silent]\n|switch|p2a: Amoonguss|Amoonguss, L50, F|98\/100\n|move|p2b: Arcanine|Will-O-Wisp|p1b: Tsareena\n|-status|p1b: Tsareena|brn\n|move|p1a: Gyarados|Thunder Wave|p2b: Arcanine\n|-status|p2b: Arcanine|par\n|move|p1b: Tsareena|Zen Headbutt|p2a: Amoonguss\n|-supereffective|p2a: Amoonguss\n|-damage|p2a: Amoonguss|78\/100\n|\n|-damage|p1b: Tsareena|59\/100 brn|[from] brn\n|upkeep\n|turn|7\n|\n|t:|1683938994\n|switch|p2b: Flutter Mane|Flutter Mane, L50|100\/100 par\n|move|p1a: Gyarados|Waterfall|p2b: Flutter Mane\n|-damage|p2b: Flutter Mane|43\/100 par\n|move|p1b: Tsareena|Zen Headbutt|p2a: Amoonguss\n|-supereffective|p2a: Amoonguss\n|-damage|p2a: Amoonguss|60\/100\n|move|p2a: Amoonguss|Spore|p1a: Gyarados\n|-status|p1a: Gyarados|slp|[from] move: Spore\n|\n|-damage|p1b: Tsareena|53\/100 brn|[from] brn\n|upkeep\n|turn|8\n|inactive|jchemmy has 30 seconds left.\n|\n|t:|1683939027\n|switch|p1a: Gholdengo|Gholdengo, L50|100\/100\n|move|p1b: Tsareena|Zen Headbutt|p2b: Flutter Mane\n|-damage|p2b: Flutter Mane|28\/100 par\n|move|p2b: Flutter Mane|Thunderbolt|p1a: Gholdengo\n|-damage|p1a: Gholdengo|50\/100\n|-status|p1a: Gholdengo|par\n|move|p2a: Amoonguss|Pollen Puff|p2b: Flutter Mane\n|-heal|p2b: Flutter Mane|77\/100 par\n|\n|-damage|p1b: Tsareena|47\/100 brn|[from] brn\n|upkeep\n|turn|9\n|-message|matiasordenes forfeited.\n|\n|win|jchemmy\n|raw|matiasordenes's rating: 1307 → 1292<\/strong> (-15 for losing)\n|raw|jchemmy's rating: 1397 → 1412<\/strong> (+15 for winning)\n|l|\u2606matiasordenes\n","uploadtime":1683939046,"views":14,"p1id":"matiasordenes","p2id":"jchemmy","formatid":"gen9vgc2023regulationc","rating":1292,"private":0,"password":""}