{"id":"gen9vgc2023regulationc-1863800115","p1":"helyo283","p2":"Arcacagne","format":"[Gen 9] VGC 2023 Regulation C","log":"|j|\u2606helyo283\n|j|\u2606Arcacagne\n|t:|1684079314\n|gametype|doubles\n|player|p1|helyo283|266|1330\n|player|p2|Arcacagne|265|1411\n|teamsize|p1|6\n|teamsize|p2|6\n|gen|9\n|tier|[Gen 9] VGC 2023 Regulation C\n|rated|\n|rule|Species Clause: Limit one of each Pok\u00e9mon\n|rule|Item Clause: Limit one of each item\n|clearpoke\n|poke|p1|Chien-Pao, L50|\n|poke|p1|Dragonite, L50, M|\n|poke|p1|Great Tusk, L50|\n|poke|p1|Talonflame, L50, M|\n|poke|p1|Palafin, L50, F|\n|poke|p1|Flutter Mane, L50|\n|poke|p2|Chi-Yu, L50|\n|poke|p2|Flutter Mane, L50|\n|poke|p2|Amoonguss, L50, M|\n|poke|p2|Ting-Lu, L50|\n|poke|p2|Iron Hands, L50|\n|poke|p2|Gyarados, L50, M|\n|teampreview|4\n|inactive|Battle timer is ON: inactive players will automatically lose when time's up. (requested by helyo283)\n|inactive|Arcacagne has 60 seconds left.\n|\n|t:|1684079386\n|start\n|switch|p1a: Talonflame|Talonflame, L50, M|100\/100\n|switch|p1b: Palafin|Palafin, L50, F|100\/100\n|switch|p2a: Gyarados|Gyarados, L50, M|100\/100\n|switch|p2b: Iron Hands|Iron Hands, L50|100\/100\n|-ability|p2a: Gyarados|Intimidate|boost\n|-unboost|p1a: Talonflame|atk|1\n|-unboost|p1b: Palafin|atk|1\n|turn|1\n|\n|t:|1684079409\n|move|p1b: Palafin|Protect|p1b: Palafin\n|-singleturn|p1b: Palafin|Protect\n|move|p2b: Iron Hands|Fake Out|p1a: Talonflame\n|-damage|p1a: Talonflame|86\/100\n|move|p1a: Talonflame|Tailwind|p1a: Talonflame\n|-sidestart|p1: helyo283|move: Tailwind\n|move|p2a: Gyarados|Waterfall|p1a: Talonflame\n|-supereffective|p1a: Talonflame\n|-damage|p1a: Talonflame|3\/100\n|\n|upkeep\n|turn|2\n|\n|t:|1684079429\n|detailschange|p1b: Palafin|Palafin-Hero, L50, F\n|switch|p1b: Dragonite|Dragonite, L50, M|100\/100\n|move|p1a: Talonflame|Will-O-Wisp|p2b: Iron Hands\n|-status|p2b: Iron Hands|brn\n|-enditem|p2b: Iron Hands|Lum Berry|[eat]\n|-curestatus|p2b: Iron Hands|brn|[msg]\n|move|p2a: Gyarados|Thunder Wave|p1b: Dragonite|[miss]\n|-miss|p2a: Gyarados|p1b: Dragonite\n|move|p2b: Iron Hands|Thunder Punch|p1a: Talonflame\n|-supereffective|p1a: Talonflame\n|-damage|p1a: Talonflame|0 fnt\n|faint|p1a: Talonflame\n|\n|upkeep\n|\n|t:|1684079441\n|switch|p1a: Chien-Pao|Chien-Pao, L50|100\/100\n|-ability|p1a: Chien-Pao|Sword of Ruin\n|turn|3\n|\n|t:|1684079459\n|-terastallize|p1b: Dragonite|Normal\n|move|p1b: Dragonite|Extreme Speed|p2b: Iron Hands\n|-damage|p2b: Iron Hands|36\/100\n|move|p1a: Chien-Pao|Ice Spinner|p2a: Gyarados\n|-damage|p2a: Gyarados|49\/100\n|-enditem|p2a: Gyarados|Sitrus Berry|[eat]\n|-heal|p2a: Gyarados|74\/100|[from] item: Sitrus Berry\n|move|p2a: Gyarados|Thunder Wave|p1b: Dragonite\n|-status|p1b: Dragonite|par\n|move|p2b: Iron Hands|Drain Punch|p1a: Chien-Pao\n|-supereffective|p1a: Chien-Pao\n|-crit|p1a: Chien-Pao\n|-enditem|p1a: Chien-Pao|Focus Sash\n|-damage|p1a: Chien-Pao|1\/100\n|-heal|p2b: Iron Hands|66\/100|[from] drain|[of] p1a: Chien-Pao\n|\n|upkeep\n|turn|4\n|inactive|Arcacagne has 30 seconds left.\n|\n|t:|1684079485\n|-end|p2b: Iron Hands|Quark Drive|[silent]\n|switch|p2b: Amoonguss|Amoonguss, L50, M|100\/100\n|move|p1b: Dragonite|Extreme Speed|p2b: Amoonguss\n|-damage|p2b: Amoonguss|19\/100\n|move|p1a: Chien-Pao|Ice Spinner|p2b: Amoonguss\n|-supereffective|p2b: Amoonguss\n|-damage|p2b: Amoonguss|0 fnt\n|faint|p2b: Amoonguss\n|move|p2a: Gyarados|Waterfall|p1a: Chien-Pao\n|-damage|p1a: Chien-Pao|0 fnt\n|faint|p1a: Chien-Pao\n|\n|-sideend|p1: helyo283|move: Tailwind\n|upkeep\n|\n|t:|1684079503\n|switch|p1a: Palafin|Palafin-Hero, L50, F|100\/100\n|switch|p2b: Iron Hands|Iron Hands, L50|66\/100\n|-activate|p1a: Palafin|ability: Zero to Hero\n|turn|5\n|\n|t:|1684079524\n|move|p1a: Palafin|Protect|p1a: Palafin\n|-singleturn|p1a: Palafin|Protect\n|cant|p1b: Dragonite|par\n|move|p2a: Gyarados|Thunder Wave|p1a: Palafin\n|-activate|p1a: Palafin|move: Protect\n|move|p2b: Iron Hands|Drain Punch|p1b: Dragonite\n|-supereffective|p1b: Dragonite\n|-damage|p1b: Dragonite|37\/100 par\n|-heal|p2b: Iron Hands|91\/100|[from] drain|[of] p1b: Dragonite\n|\n|upkeep\n|turn|6\n|\n|t:|1684079541\n|move|p1b: Dragonite|Extreme Speed|p2a: Gyarados\n|-damage|p2a: Gyarados|0 fnt\n|faint|p2a: Gyarados\n|move|p1a: Palafin|Jet Punch|p2b: Iron Hands\n|-damage|p2b: Iron Hands|59\/100\n|move|p2b: Iron Hands|Drain Punch|p1b: Dragonite\n|-supereffective|p1b: Dragonite\n|-damage|p1b: Dragonite|0 fnt\n|-heal|p2b: Iron Hands|73\/100|[from] drain|[of] p1b: Dragonite\n|faint|p1b: Dragonite\n|\n|upkeep\n|\n|t:|1684079552\n|switch|p2a: Chi-Yu|Chi-Yu, L50|100\/100\n|-ability|p2a: Chi-Yu|Beads of Ruin\n|turn|7\n|\n|t:|1684079563\n|-terastallize|p2a: Chi-Yu|Water\n|move|p2a: Chi-Yu|Nasty Plot|p2a: Chi-Yu\n|-boost|p2a: Chi-Yu|spa|2\n|move|p1a: Palafin|Wave Crash|p2b: Iron Hands\n|-damage|p2b: Iron Hands|16\/100\n|-damage|p1a: Palafin|77\/100|[from] Recoil\n|move|p2b: Iron Hands|Thunder Punch|p1a: Palafin\n|-supereffective|p1a: Palafin\n|-damage|p1a: Palafin|13\/100\n|\n|upkeep\n|turn|8\n|\n|t:|1684079577\n|move|p1a: Palafin|Jet Punch|p2b: Iron Hands\n|-damage|p2b: Iron Hands|0 fnt\n|faint|p2b: Iron Hands\n|-end|p2b: Iron Hands|Quark Drive|[silent]\n|move|p2a: Chi-Yu|Dark Pulse|p1a: Palafin\n|-damage|p1a: Palafin|0 fnt\n|faint|p1a: Palafin\n|\n|win|Arcacagne\n|raw|helyo283's rating: 1330 → 1315<\/strong> (-15 for losing)\n|raw|Arcacagne's rating: 1411 → 1426<\/strong> (+15 for winning)\n|l|\u2606helyo283\n","uploadtime":1684079590,"views":12,"p1id":"helyo283","p2id":"arcacagne","formatid":"gen9vgc2023regulationc","rating":1315,"private":0,"password":""}