{"id":"gen9vgc2023regulationc-1849507353","p1":"Metalblaster1506","p2":"Spler","format":"[Gen 9] VGC 2023 Regulation C","log":"|j|\u2606Metalblaster1506\n|j|\u2606Spler\n|t:|1682206728\n|gametype|doubles\n|player|p1|Metalblaster1506|169|1014\n|player|p2|Spler|266|1017\n|teamsize|p1|6\n|teamsize|p2|6\n|gen|9\n|tier|[Gen 9] VGC 2023 Regulation C\n|rated|\n|rule|Species Clause: Limit one of each Pok\u00e9mon\n|rule|Item Clause: Limit one of each item\n|clearpoke\n|poke|p1|Annihilape, L50, F|\n|poke|p1|Tauros-Paldea-Blaze, L50, M|\n|poke|p1|Lucario, L50, F|\n|poke|p1|Pawmot, L50, M|\n|poke|p1|Breloom, L50, F|\n|poke|p1|Hawlucha, L50, M|\n|poke|p2|Iron Valiant, L50|\n|poke|p2|Chi-Yu, L50|\n|poke|p2|Chien-Pao, L50|\n|poke|p2|Dragonite, L50, M|\n|poke|p2|Amoonguss, L50, F|\n|poke|p2|Palafin, L50, M|\n|teampreview|4\n|\n|t:|1682206748\n|start\n|switch|p1a: Tauros|Tauros-Paldea-Blaze, L50, M|100\/100\n|switch|p1b: Hawlucha|Hawlucha, L50, M|100\/100\n|switch|p2a: Iron Valiant|Iron Valiant, L50|100\/100\n|switch|p2b: Chi-Yu|Chi-Yu, L50|100\/100\n|-ability|p2b: Chi-Yu|Beads of Ruin\n|-ability|p1a: Tauros|Intimidate|boost\n|-unboost|p2a: Iron Valiant|atk|1\n|-unboost|p2b: Chi-Yu|atk|1\n|-enditem|p2a: Iron Valiant|Booster Energy\n|-activate|p2a: Iron Valiant|ability: Quark Drive|[fromitem]\n|-start|p2a: Iron Valiant|quarkdrivespe\n|turn|1\n|inactive|Battle timer is ON: inactive players will automatically lose when time's up. (requested by Spler)\n|\n|t:|1682206793\n|move|p1a: Tauros|Protect|p1a: Tauros\n|-singleturn|p1a: Tauros|Protect\n|move|p2a: Iron Valiant|Moonblast|p1b: Hawlucha\n|-supereffective|p1b: Hawlucha\n|-damage|p1b: Hawlucha|0 fnt\n|faint|p1b: Hawlucha\n|move|p2b: Chi-Yu|Heat Wave|p1a: Tauros\n|-activate|p1a: Tauros|move: Protect\n|\n|upkeep\n|\n|t:|1682206807\n|switch|p1b: Pawmot|Pawmot, L50, M|100\/100\n|turn|2\n|\n|t:|1682206823\n|move|p1b: Pawmot|Fake Out|p2a: Iron Valiant\n|-damage|p2a: Iron Valiant|84\/100\n|cant|p2a: Iron Valiant|flinch\n|move|p2b: Chi-Yu|Heat Wave|p1a: Tauros|[spread] p1a\n|-miss|p2b: Chi-Yu|p1b: Pawmot\n|-resisted|p1a: Tauros\n|-damage|p1a: Tauros|64\/100\n|-enditem|p1a: Tauros|Eject Button\n|\n|t:|1682206839\n|switch|p1a: Lucario|Lucario, L50, F|100\/100\n|\n|upkeep\n|turn|3\n|inactive|Metalblaster1506 has 30 seconds left.\n|inactive|Metalblaster1506 has 20 seconds left.\n|\n|t:|1682206876\n|move|p2a: Iron Valiant|Moonblast|p1b: Pawmot\n|-supereffective|p1b: Pawmot\n|-crit|p1b: Pawmot\n|-damage|p1b: Pawmot|0 fnt\n|faint|p1b: Pawmot\n|move|p2b: Chi-Yu|Heat Wave|p1a: Lucario\n|-supereffective|p1a: Lucario\n|-enditem|p1a: Lucario|Focus Sash\n|-damage|p1a: Lucario|1\/100\n|move|p1a: Lucario|Close Combat|p2b: Chi-Yu\n|-supereffective|p2b: Chi-Yu\n|-damage|p2b: Chi-Yu|0 fnt\n|-unboost|p1a: Lucario|def|1\n|-unboost|p1a: Lucario|spd|1\n|faint|p2b: Chi-Yu\n|\n|upkeep\n|\n|t:|1682206894\n|switch|p1b: Tauros|Tauros-Paldea-Blaze, L50, M|64\/100\n|switch|p2b: Chien-Pao|Chien-Pao, L50|100\/100\n|-ability|p2b: Chien-Pao|Sword of Ruin\n|-ability|p1b: Tauros|Intimidate|boost\n|-unboost|p2a: Iron Valiant|atk|1\n|-unboost|p2b: Chien-Pao|atk|1\n|turn|4\n|\n|t:|1682206919\n|-terastallize|p2b: Chien-Pao|Ghost\n|move|p2b: Chien-Pao|Sucker Punch|p1a: Lucario\n|-resisted|p1a: Lucario\n|-crit|p1a: Lucario\n|-damage|p1a: Lucario|0 fnt\n|faint|p1a: Lucario\n|move|p2a: Iron Valiant|Moonblast|p1b: Tauros\n|-damage|p1b: Tauros|3\/100\n|move|p1b: Tauros|Body Press|p2b: Chien-Pao\n|-immune|p2b: Chien-Pao\n|\n|upkeep\n|turn|5\n|\n|t:|1682206937\n|move|p2a: Iron Valiant|Moonblast|p1b: Tauros\n|-damage|p1b: Tauros|0 fnt\n|faint|p1b: Tauros\n|\n|win|Spler\n|raw|Metalblaster1506's rating: 1014 → 1002<\/strong> (-12 for losing)\n|raw|Spler's rating: 1017 → 1054<\/strong> (+37 for winning)\n|l|\u2606Metalblaster1506\n","uploadtime":1682206944,"views":3,"p1id":"metalblaster1506","p2id":"spler","formatid":"gen9vgc2023regulationc","rating":1002,"private":0,"password":""}