{"id":"gen9vgc2023regulationc-1850274449","p1":"Kim Wexler Gaming","p2":"Dr Scoob","format":"[Gen 9] VGC 2023 Regulation C","log":"|j|\u2606Kim Wexler Gaming\n|j|\u2606Dr Scoob\n|t:|1682309314\n|gametype|doubles\n|player|p1|Kim Wexler Gaming|penny|1130\n|player|p2|Dr Scoob|101|1197\n|teamsize|p1|6\n|teamsize|p2|6\n|gen|9\n|tier|[Gen 9] VGC 2023 Regulation C\n|rated|\n|rule|Species Clause: Limit one of each Pok\u00e9mon\n|rule|Item Clause: Limit one of each item\n|clearpoke\n|poke|p1|Iron Jugulis, L50|\n|poke|p1|Garchomp, L50, F|\n|poke|p1|Chien-Pao, L50|\n|poke|p1|Kilowattrel, L50, F|\n|poke|p1|Mismagius, L50, F|\n|poke|p1|Ting-Lu, L50|\n|poke|p2|Annihilape, L50, F|\n|poke|p2|Amoonguss, L50, M|\n|poke|p2|Baxcalibur, L50, F|\n|poke|p2|Gholdengo, L50|\n|poke|p2|Iron Bundle, L50|\n|poke|p2|Ting-Lu, L50|\n|teampreview|4\n|inactive|Battle timer is ON: inactive players will automatically lose when time's up. (requested by Kim Wexler Gaming)\n|\n|t:|1682309327\n|start\n|switch|p1a: Whaaaaaat.|Iron Jugulis, L50|100\/100\n|switch|p1b: Dommy Mommy|Garchomp, L50, F, shiny|100\/100\n|switch|p2a: Baxcalibur|Baxcalibur, L50, F|100\/100\n|switch|p2b: Happy Holidays|Iron Bundle, L50|100\/100\n|-enditem|p2b: Happy Holidays|Booster Energy\n|-activate|p2b: Happy Holidays|ability: Quark Drive|[fromitem]\n|-start|p2b: Happy Holidays|quarkdrivespe\n|-enditem|p1a: Whaaaaaat.|Booster Energy\n|-activate|p1a: Whaaaaaat.|ability: Quark Drive|[fromitem]\n|-start|p1a: Whaaaaaat.|quarkdrivespe\n|turn|1\n|c|\u2606Kim Wexler Gaming|Good luck, have fun.\n|\n|t:|1682309347\n|move|p1b: Dommy Mommy|Protect|p1b: Dommy Mommy\n|-singleturn|p1b: Dommy Mommy|Protect\n|move|p2a: Baxcalibur|Ice Shard|p1b: Dommy Mommy\n|-activate|p1b: Dommy Mommy|move: Protect\n|move|p2b: Happy Holidays|Icy Wind|p1a: Whaaaaaat.|[spread] p1a\n|-activate|p1b: Dommy Mommy|move: Protect\n|-supereffective|p1a: Whaaaaaat.\n|-damage|p1a: Whaaaaaat.|52\/100\n|-unboost|p1a: Whaaaaaat.|spe|1\n|move|p1a: Whaaaaaat.|Tailwind|p1a: Whaaaaaat.\n|-sidestart|p1: Kim Wexler Gaming|move: Tailwind\n|\n|upkeep\n|turn|2\n|\n|t:|1682309360\n|-terastallize|p1b: Dommy Mommy|Fire\n|move|p2a: Baxcalibur|Ice Shard|p1b: Dommy Mommy\n|-resisted|p1b: Dommy Mommy\n|-damage|p1b: Dommy Mommy|88\/100\n|move|p1a: Whaaaaaat.|Snarl|p2b: Happy Holidays|[spread] p2a,p2b\n|-damage|p2a: Baxcalibur|81\/100\n|-damage|p2b: Happy Holidays|59\/100\n|-unboost|p2b: Happy Holidays|spa|1\n|move|p1b: Dommy Mommy|Earthquake|p2b: Happy Holidays|[spread] p2a,p2b\n|-immune|p1a: Whaaaaaat.\n|-damage|p2a: Baxcalibur|47\/100\n|-damage|p2b: Happy Holidays|13\/100\n|move|p2b: Happy Holidays|Icy Wind|p1a: Whaaaaaat.|[spread] p1a,p1b\n|-supereffective|p1a: Whaaaaaat.\n|-resisted|p1b: Dommy Mommy\n|-damage|p1a: Whaaaaaat.|20\/100\n|-damage|p1b: Dommy Mommy|81\/100\n|-unboost|p1a: Whaaaaaat.|spe|1\n|\n|upkeep\n|turn|3\n|\n|t:|1682309380\n|move|p2a: Baxcalibur|Ice Shard|p1a: Whaaaaaat.\n|-supereffective|p1a: Whaaaaaat.\n|-damage|p1a: Whaaaaaat.|0 fnt\n|faint|p1a: Whaaaaaat.\n|-end|p1a: Whaaaaaat.|Quark Drive|[silent]\n|move|p1b: Dommy Mommy|Earthquake|p2a: Baxcalibur|[spread] p2a,p2b\n|-damage|p2a: Baxcalibur|14\/100\n|-damage|p2b: Happy Holidays|0 fnt\n|faint|p2b: Happy Holidays\n|-end|p2b: Happy Holidays|Quark Drive|[silent]\n|\n|upkeep\n|\n|t:|1682309400\n|switch|p2b: Ting-Lu|Ting-Lu, L50|100\/100\n|switch|p1a: Tara|Chien-Pao, L50|100\/100\n|-ability|p1a: Tara|Sword of Ruin\n|-item|p1a: Tara|Air Balloon\n|-ability|p2b: Ting-Lu|Vessel of Ruin\n|turn|4\n|\n|t:|1682309414\n|-terastallize|p2b: Ting-Lu|Poison\n|move|p1a: Tara|Ice Shard|p2a: Baxcalibur\n|-damage|p2a: Baxcalibur|0 fnt\n|faint|p2a: Baxcalibur\n|move|p1b: Dommy Mommy|Earthquake|p2b: Ting-Lu|[spread] p2b\n|-immune|p1a: Tara\n|-supereffective|p2b: Ting-Lu\n|-damage|p2b: Ting-Lu|42\/100\n|move|p2b: Ting-Lu|Heavy Slam|p1a: Tara\n|-supereffective|p1a: Tara\n|-damage|p1a: Tara|9\/100\n|-enditem|p1a: Tara|Air Balloon\n|\n|-sideend|p1: Kim Wexler Gaming|move: Tailwind\n|upkeep\n|\n|t:|1682309426\n|switch|p2a: Monkey Business|Annihilape, L50, F|100\/100\n|turn|5\n|\n|t:|1682309434\n|move|p1a: Tara|Icicle Crash|p2a: Monkey Business\n|-damage|p2a: Monkey Business|43\/100\n|move|p1b: Dommy Mommy|Earthquake|p2b: Ting-Lu|[spread] p1a,p2a,p2b\n|-supereffective|p2b: Ting-Lu\n|-crit|p2b: Ting-Lu\n|-damage|p1a: Tara|0 fnt\n|-damage|p2a: Monkey Business|0 fnt\n|-damage|p2b: Ting-Lu|0 fnt\n|faint|p1a: Tara\n|faint|p2a: Monkey Business\n|faint|p2b: Ting-Lu\n|\n|win|Kim Wexler Gaming\n|raw|Kim Wexler Gaming's rating: 1130 → 1160<\/strong> (+30 for winning)\n|raw|Dr Scoob's rating: 1197 → 1167<\/strong> (-30 for losing)\n|c|\u2606Kim Wexler Gaming|G.g.w.p.\n","uploadtime":1682309442,"views":27,"p1id":"kimwexlergaming","p2id":"drscoob","formatid":"gen9vgc2023regulationc","rating":1160,"private":0,"password":""}