{"id":"gen9vgc2023regulationc-1847893709","p1":"coss511","p2":"playroughbulu","format":"[Gen 9] VGC 2023 Regulation C","log":"|j|\u2606coss511\n|j|\u2606playroughbulu\n|t:|1682010592\n|gametype|doubles\n|player|p1|coss511|dragontamer|1164\n|player|p2|playroughbulu|n-masters|1159\n|teamsize|p1|6\n|teamsize|p2|6\n|gen|9\n|tier|[Gen 9] VGC 2023 Regulation C\n|rated|\n|rule|Species Clause: Limit one of each Pok\u00e9mon\n|rule|Item Clause: Limit one of each item\n|clearpoke\n|poke|p1|Corviknight, L50, F|\n|poke|p1|Chien-Pao, L50|\n|poke|p1|Dragapult, L50, M|\n|poke|p1|Ting-Lu, L50|\n|poke|p1|Palafin, L50, M|\n|poke|p1|Ceruledge, L50, M|\n|poke|p2|Iron Bundle, L50|\n|poke|p2|Farigiraf, L50, M|\n|poke|p2|Talonflame, L50, M|\n|poke|p2|Wo-Chien, L50|\n|poke|p2|Chi-Yu, L50|\n|poke|p2|Flutter Mane, L50|\n|teampreview|4\n|inactive|Battle timer is ON: inactive players will automatically lose when time's up. (requested by coss511)\n|inactive|playroughbulu has 60 seconds left.\n|\n|t:|1682010645\n|start\n|switch|p1a: Chien-Pao|Chien-Pao, L50|100\/100\n|switch|p1b: Ceruledge|Ceruledge, L50, M|100\/100\n|switch|p2a: Talonflame|Talonflame, L50, M|100\/100\n|switch|p2b: Chi-Yu|Chi-Yu, L50|100\/100\n|-ability|p1a: Chien-Pao|Sword of Ruin\n|-ability|p2b: Chi-Yu|Beads of Ruin\n|turn|1\n|inactive|playroughbulu has 30 seconds left.\n|\n|t:|1682010671\n|switch|p2b: Farigiraf|Farigiraf, L50, M|100\/100\n|move|p1a: Chien-Pao|Sacred Sword|p2b: Farigiraf\n|-damage|p2b: Farigiraf|64\/100\n|move|p2a: Talonflame|Will-O-Wisp|p1a: Chien-Pao\n|-status|p1a: Chien-Pao|brn\n|move|p1b: Ceruledge|Bulk Up|p1b: Ceruledge\n|-boost|p1b: Ceruledge|atk|1\n|-boost|p1b: Ceruledge|def|1\n|\n|-damage|p1a: Chien-Pao|95\/100 brn|[from] brn\n|upkeep\n|turn|2\n|inactive|playroughbulu has 30 seconds left.\n|\n|t:|1682010704\n|move|p1a: Chien-Pao|Throat Chop|p2b: Farigiraf\n|-supereffective|p2b: Farigiraf\n|-enditem|p2b: Farigiraf|Colbur Berry|[eat]\n|-enditem|p2b: Farigiraf|Colbur Berry|[weaken]\n|-damage|p2b: Farigiraf|41\/100\n|-start|p2b: Farigiraf|Throat Chop|[silent]\n|move|p2a: Talonflame|Tailwind|p2a: Talonflame\n|-sidestart|p2: playroughbulu|move: Tailwind\n|move|p2b: Farigiraf|Psychic|p1b: Ceruledge\n|-damage|p1b: Ceruledge|52\/100\n|move|p1b: Ceruledge|Bitter Blade|p2b: Farigiraf\n|-damage|p2b: Farigiraf|0 fnt\n|-heal|p1b: Ceruledge|82\/100|[from] drain|[of] p2b: Farigiraf\n|faint|p2b: Farigiraf\n|\n|-damage|p1a: Chien-Pao|89\/100 brn|[from] brn\n|upkeep\n|\n|t:|1682010720\n|switch|p2b: Chi-Yu|Chi-Yu, L50|100\/100\n|-ability|p2b: Chi-Yu|Beads of Ruin\n|turn|3\n|\n|t:|1682010735\n|move|p1a: Chien-Pao|Ice Shard|p2a: Talonflame\n|-damage|p2a: Talonflame|84\/100\n|move|p2a: Talonflame|Brave Bird|p1b: Ceruledge\n|-damage|p1b: Ceruledge|13\/100\n|-damage|p2a: Talonflame|65\/100|[from] Recoil\n|move|p2b: Chi-Yu|Dark Pulse|p1b: Ceruledge\n|-supereffective|p1b: Ceruledge\n|-damage|p1b: Ceruledge|0 fnt\n|faint|p1b: Ceruledge\n|\n|-damage|p1a: Chien-Pao|83\/100 brn|[from] brn\n|upkeep\n|\n|t:|1682010746\n|switch|p1b: Ting-Lu|Ting-Lu, L50|100\/100\n|-ability|p1b: Ting-Lu|Vessel of Ruin\n|turn|4\n|\n|t:|1682010759\n|switch|p2b: Iron Bundle|Iron Bundle, L50|100\/100\n|move|p2a: Talonflame|Will-O-Wisp|p1b: Ting-Lu|[miss]\n|-miss|p2a: Talonflame|p1b: Ting-Lu\n|move|p1a: Chien-Pao|Ice Spinner|p2a: Talonflame\n|-damage|p2a: Talonflame|31\/100\n|move|p1b: Ting-Lu|Stomping Tantrum|p2b: Iron Bundle\n|-damage|p2b: Iron Bundle|44\/100\n|\n|-damage|p1a: Chien-Pao|77\/100 brn|[from] brn\n|upkeep\n|turn|5\n|inactive|playroughbulu has 30 seconds left.\n|inactive|playroughbulu has 20 seconds left.\n|inactive|playroughbulu has 15 seconds left.\n|inactive|playroughbulu has 10 seconds left.\n|\n|t:|1682010806\n|switch|p1b: Corviknight|Corviknight, L50, F|100\/100\n|move|p1a: Chien-Pao|Ice Shard|p2a: Talonflame\n|-damage|p2a: Talonflame|12\/100\n|move|p2b: Iron Bundle|Freeze-Dry|p1b: Corviknight\n|-damage|p1b: Corviknight|69\/100\n|move|p2a: Talonflame|Will-O-Wisp|p1b: Corviknight\n|-status|p1b: Corviknight|brn\n|\n|-damage|p1a: Chien-Pao|71\/100 brn|[from] brn\n|-damage|p1b: Corviknight|63\/100 brn|[from] brn\n|-sideend|p2: playroughbulu|move: Tailwind\n|upkeep\n|turn|6\n|inactive|coss511 has 30 seconds left.\n|\n|t:|1682010833\n|move|p2a: Talonflame|Quick Guard|p2a: Talonflame\n|-singleturn|p2a: Talonflame|Quick Guard\n|move|p1a: Chien-Pao|Ice Shard|p2a: Talonflame\n|-activate|p2a: Talonflame|move: Quick Guard\n|move|p2b: Iron Bundle|Hydro Pump|p1a: Chien-Pao\n|-damage|p1a: Chien-Pao|0 fnt\n|faint|p1a: Chien-Pao\n|move|p1b: Corviknight|Body Press|p2b: Iron Bundle\n|-supereffective|p2b: Iron Bundle\n|-damage|p2b: Iron Bundle|22\/100\n|\n|-damage|p1b: Corviknight|58\/100 brn|[from] brn\n|upkeep\n|\n|t:|1682010845\n|switch|p1a: Ting-Lu|Ting-Lu, L50|100\/100\n|-ability|p1a: Ting-Lu|Vessel of Ruin\n|turn|7\n|\n|t:|1682010854\n|move|p2b: Iron Bundle|Hydro Pump|p1b: Corviknight\n|-damage|p1b: Corviknight|22\/100 brn\n|-enditem|p1b: Corviknight|Aguav Berry|[eat]\n|-heal|p1b: Corviknight|55\/100 brn|[from] item: Aguav Berry\n|move|p2a: Talonflame|Will-O-Wisp|p1a: Ting-Lu\n|-status|p1a: Ting-Lu|brn\n|move|p1b: Corviknight|Brave Bird|p2a: Talonflame\n|-damage|p2a: Talonflame|0 fnt\n|faint|p2a: Talonflame\n|-damage|p1b: Corviknight|52\/100 brn|[from] Recoil\n|move|p1a: Ting-Lu|Stomping Tantrum|p2b: Iron Bundle\n|-damage|p2b: Iron Bundle|0 fnt\n|faint|p2b: Iron Bundle\n|-end|p2b: Iron Bundle|Quark Drive|[silent]\n|\n|-damage|p1b: Corviknight|46\/100 brn|[from] brn\n|-damage|p1a: Ting-Lu|94\/100 brn|[from] brn\n|upkeep\n|\n|t:|1682010871\n|switch|p2a: Chi-Yu|Chi-Yu, L50|100\/100\n|-ability|p2a: Chi-Yu|Beads of Ruin\n|turn|8\n|\n|t:|1682010879\n|-terastallize|p2a: Chi-Yu|Grass\n|-terastallize|p1b: Corviknight|Water\n|move|p2a: Chi-Yu|Heat Wave|p1a: Ting-Lu|[spread] p1a,p1b\n|-resisted|p1b: Corviknight\n|-crit|p1b: Corviknight\n|-damage|p1a: Ting-Lu|69\/100 brn\n|-damage|p1b: Corviknight|12\/100 brn\n|move|p1b: Corviknight|Tailwind|p1b: Corviknight\n|-sidestart|p1: coss511|move: Tailwind\n|move|p1a: Ting-Lu|Stomping Tantrum|p2a: Chi-Yu\n|-resisted|p2a: Chi-Yu\n|-damage|p2a: Chi-Yu|88\/100\n|\n|-damage|p1b: Corviknight|6\/100 brn|[from] brn\n|-damage|p1a: Ting-Lu|63\/100 brn|[from] brn\n|upkeep\n|turn|9\n|\n|t:|1682010901\n|move|p1b: Corviknight|Brave Bird|p2a: Chi-Yu\n|-supereffective|p2a: Chi-Yu\n|-damage|p2a: Chi-Yu|25\/100\n|-damage|p1b: Corviknight|0 fnt|[from] Recoil\n|faint|p1b: Corviknight\n|move|p2a: Chi-Yu|Heat Wave|p1a: Ting-Lu|[miss]\n|-miss|p2a: Chi-Yu|p1a: Ting-Lu\n|move|p1a: Ting-Lu|Heavy Slam|p2a: Chi-Yu\n|-damage|p2a: Chi-Yu|0 fnt\n|faint|p2a: Chi-Yu\n|\n|win|coss511\n|raw|coss511's rating: 1164 → 1189<\/strong> (+25 for winning)\n|raw|playroughbulu's rating: 1159 → 1134<\/strong> (-25 for losing)\n|l|\u2606coss511\n","uploadtime":1682010929,"views":11,"p1id":"coss511","p2id":"playroughbulu","formatid":"gen9vgc2023regulationc","rating":1134,"private":0,"password":""}