{"id":"gen9vgc2023regulationc-1858556649","p1":"PianginaPardo","p2":"PritzShow","format":"[Gen 9] VGC 2023 Regulation C","log":"|j|\u2606PianginaPardo\n|j|\u2606PritzShow\n|t:|1683324991\n|gametype|doubles\n|player|p1|PianginaPardo|169|1323\n|player|p2|PritzShow|fisherman-gen4|1369\n|teamsize|p1|6\n|teamsize|p2|6\n|gen|9\n|tier|[Gen 9] VGC 2023 Regulation C\n|rated|\n|rule|Species Clause: Limit one of each Pok\u00e9mon\n|rule|Item Clause: Limit one of each item\n|clearpoke\n|poke|p1|Iron Hands, L50|\n|poke|p1|Ting-Lu, L50|\n|poke|p1|Amoonguss, L50, M|\n|poke|p1|Gyarados, L50, F|\n|poke|p1|Iron Bundle, L50|\n|poke|p1|Flutter Mane, L50|\n|poke|p2|Gyarados, L50, F|\n|poke|p2|Flutter Mane, L50|\n|poke|p2|Chi-Yu, L50|\n|poke|p2|Amoonguss, L50, M|\n|poke|p2|Ting-Lu, L50|\n|poke|p2|Baxcalibur, L50, M|\n|teampreview|4\n|inactive|Battle timer is ON: inactive players will automatically lose when time's up. (requested by PritzShow)\nPritzShow has agreed to open team sheets.\nPianginaPardo has agreed to open team sheets.\n|inactive|PianginaPardo has 60 seconds left.\n|inactive|PritzShow has 60 seconds left.\n|inactive|PianginaPardo has 30 seconds left.\n|inactive|PritzShow has 30 seconds left.\n|inactive|PritzShow has 20 seconds left.\n|\n|t:|1683325064\n|start\n|switch|p1a: Iron Hands|Iron Hands, L50|100\/100\n|switch|p1b: Ting-Lu|Ting-Lu, L50|100\/100\n|switch|p2a: Flutter Mane|Flutter Mane, L50|100\/100\n|switch|p2b: Gyarados|Gyarados, L50, F|100\/100\n|-ability|p2b: Gyarados|Intimidate|boost\n|-unboost|p1a: Iron Hands|atk|1\n|-unboost|p1b: Ting-Lu|atk|1\n|-ability|p1b: Ting-Lu|Vessel of Ruin\n|-enditem|p2a: Flutter Mane|Booster Energy\n|-activate|p2a: Flutter Mane|ability: Protosynthesis|[fromitem]\n|-start|p2a: Flutter Mane|protosynthesisspa\n|turn|1\n|inactive|PianginaPardo has 30 seconds left.\n|inactive|PritzShow has 30 seconds left.\n|inactive|PritzShow has 20 seconds left.\n|\n|t:|1683325102\n|-end|p1a: Iron Hands|Quark Drive|[silent]\n|switch|p1a: Gyarados|Gyarados, L50, F|100\/100\n|-ability|p1a: Gyarados|Intimidate|boost\n|-unboost|p2a: Flutter Mane|atk|1\n|-unboost|p2b: Gyarados|atk|1\n|-terastallize|p2b: Gyarados|Fairy\n|move|p2a: Flutter Mane|Protect|p2a: Flutter Mane\n|-singleturn|p2a: Flutter Mane|Protect\n|move|p2b: Gyarados|Waterfall|p1b: Ting-Lu\n|-supereffective|p1b: Ting-Lu\n|-damage|p1b: Ting-Lu|75\/100\n|move|p1b: Ting-Lu|Heavy Slam|p2a: Flutter Mane\n|-activate|p2a: Flutter Mane|move: Protect\n|\n|upkeep\n|turn|2\n|inactive|PianginaPardo has 30 seconds left.\n|inactive|PianginaPardo has 20 seconds left.\n|\n|t:|1683325139\n|switch|p2b: Baxcalibur|Baxcalibur, L50, M|100\/100\n|move|p2a: Flutter Mane|Substitute|p2a: Flutter Mane\n|-start|p2a: Flutter Mane|Substitute\n|-damage|p2a: Flutter Mane|76\/100\n|move|p1a: Gyarados|Taunt|p2a: Flutter Mane\n|-start|p2a: Flutter Mane|move: Taunt\n|move|p1b: Ting-Lu|Stomping Tantrum|p2a: Flutter Mane\n|-end|p2a: Flutter Mane|Substitute\n|\n|upkeep\n|turn|3\n|inactive|PianginaPardo has 30 seconds left.\n|\n|t:|1683325165\n|-end|p2a: Flutter Mane|Protosynthesis|[silent]\n|switch|p2a: Gyarados|Gyarados, L50, F, tera:Fairy|100\/100\n|-ability|p2a: Gyarados|Intimidate|boost\n|-unboost|p1a: Gyarados|atk|1\n|-unboost|p1b: Ting-Lu|atk|1\n|move|p1a: Gyarados|Thunder Wave|p2b: Baxcalibur\n|-status|p2b: Baxcalibur|par\n|move|p1b: Ting-Lu|Heavy Slam|p2a: Gyarados\n|-supereffective|p2a: Gyarados\n|-damage|p2a: Gyarados|82\/100\n|cant|p2b: Baxcalibur|par\n|\n|upkeep\n|turn|4\n|inactive|PritzShow has 30 seconds left.\n|\n|t:|1683325195\n|switch|p1b: Iron Bundle|Iron Bundle, L50|100\/100\n|-enditem|p1b: Iron Bundle|Booster Energy\n|-activate|p1b: Iron Bundle|ability: Quark Drive|[fromitem]\n|-start|p1b: Iron Bundle|quarkdrivespe\n|move|p1a: Gyarados|Taunt|p2a: Gyarados\n|-start|p2a: Gyarados|move: Taunt\n|cant|p2a: Gyarados|move: Taunt|Taunt\n|move|p2b: Baxcalibur|Icicle Spear|p1b: Iron Bundle\n|-resisted|p1b: Iron Bundle\n|-damage|p1b: Iron Bundle|96\/100\n|-resisted|p1b: Iron Bundle\n|-damage|p1b: Iron Bundle|92\/100\n|-resisted|p1b: Iron Bundle\n|-damage|p1b: Iron Bundle|88\/100\n|-resisted|p1b: Iron Bundle\n|-damage|p1b: Iron Bundle|83\/100\n|-hitcount|p1b: Iron Bundle|4\n|\n|upkeep\n|turn|5\n|inactive|PianginaPardo has 30 seconds left.\n|\n|t:|1683325224\n|switch|p1a: Iron Hands|Iron Hands, L50|100\/100\n|switch|p2a: Ting-Lu|Ting-Lu, L50|100\/100\n|-ability|p2a: Ting-Lu|Vessel of Ruin\n|switch|p2b: Flutter Mane|Flutter Mane, L50|76\/100\n|move|p1b: Iron Bundle|Encore||[still]\n|-fail|p1b: Iron Bundle\n|\n|upkeep\n|turn|6\n|inactive|PianginaPardo has 30 seconds left.\n|inactive|PritzShow has 30 seconds left.\n|\n|t:|1683325252\n|switch|p2a: Gyarados|Gyarados, L50, F, tera:Fairy|82\/100\n|-ability|p2a: Gyarados|Intimidate|boost\n|-unboost|p1a: Iron Hands|atk|1\n|-unboost|p1b: Iron Bundle|atk|1\n|move|p1a: Iron Hands|Fake Out|p2a: Gyarados\n|-damage|p2a: Gyarados|71\/100\n|move|p1b: Iron Bundle|Icy Wind|p2b: Flutter Mane|[spread] p2a,p2b\n|-damage|p2a: Gyarados|57\/100\n|-damage|p2b: Flutter Mane|59\/100\n|-unboost|p2a: Gyarados|spe|1\n|-unboost|p2b: Flutter Mane|spe|1\n|move|p2b: Flutter Mane|Moonblast|p1b: Iron Bundle\n|-crit|p1b: Iron Bundle\n|-damage|p1b: Iron Bundle|0 fnt\n|faint|p1b: Iron Bundle\n|-end|p1b: Iron Bundle|Quark Drive|[silent]\n|\n|upkeep\n|\n|t:|1683325273\n|switch|p1b: Gyarados|Gyarados, L50, F|100\/100\n|-ability|p1b: Gyarados|Intimidate|boost\n|-unboost|p2a: Gyarados|atk|1\n|-unboost|p2b: Flutter Mane|atk|1\n|turn|7\n|\n|t:|1683325291\n|-end|p2b: Flutter Mane|Protosynthesis|[silent]\n|switch|p2b: Baxcalibur|Baxcalibur, L50, M|100\/100 par\n|switch|p2a: Ting-Lu|Ting-Lu, L50|100\/100\n|-ability|p2a: Ting-Lu|Vessel of Ruin\n|-terastallize|p1a: Iron Hands|Fire\n|move|p1b: Gyarados|Taunt|p2a: Ting-Lu\n|-start|p2a: Ting-Lu|move: Taunt\n|move|p1a: Iron Hands|Swords Dance|p1a: Iron Hands\n|-boost|p1a: Iron Hands|atk|2\n|\n|upkeep\n|turn|8\n|\n|t:|1683325315\n|switch|p1b: Ting-Lu|Ting-Lu, L50|75\/100\n|-ability|p1b: Ting-Lu|Vessel of Ruin\n|switch|p2b: Gyarados|Gyarados, L50, F, tera:Fairy|57\/100\n|-ability|p2b: Gyarados|Intimidate|boost\n|-unboost|p1a: Iron Hands|atk|1\n|-unboost|p1b: Ting-Lu|atk|1\n|move|p1a: Iron Hands|Drain Punch|p2a: Ting-Lu\n|-supereffective|p2a: Ting-Lu\n|-damage|p2a: Ting-Lu|49\/100\n|move|p2a: Ting-Lu|Earthquake|p1b: Ting-Lu|[spread] p2b,p1a,p1b\n|-supereffective|p1a: Iron Hands\n|-damage|p2b: Gyarados|15\/100\n|-damage|p1a: Iron Hands|53\/100\n|-damage|p1b: Ting-Lu|54\/100\n|\n|upkeep\n|turn|9\n|inactive|PritzShow has 30 seconds left.\n|\n|t:|1683325345\n|switch|p1b: Gyarados|Gyarados, L50, F|100\/100\n|-ability|p1b: Gyarados|Intimidate|boost\n|-unboost|p2a: Ting-Lu|atk|1\n|-unboost|p2b: Gyarados|atk|1\n|move|p2b: Gyarados|Waterfall|p1a: Iron Hands\n|-supereffective|p1a: Iron Hands\n|-damage|p1a: Iron Hands|21\/100\n|move|p1a: Iron Hands|Drain Punch|p2a: Ting-Lu\n|-supereffective|p2a: Ting-Lu\n|-damage|p2a: Ting-Lu|0 fnt\n|-heal|p1a: Iron Hands|44\/100|[from] drain|[of] p2a: Ting-Lu\n|faint|p2a: Ting-Lu\n|\n|upkeep\n|\n|t:|1683325355\n|switch|p2a: Flutter Mane|Flutter Mane, L50|59\/100\n|turn|10\n|\n|t:|1683325376\n|switch|p2b: Baxcalibur|Baxcalibur, L50, M|100\/100 par\n|move|p2a: Flutter Mane|Moonblast|p1b: Gyarados\n|-damage|p1b: Gyarados|58\/100\n|move|p1b: Gyarados|Thunder Wave|p2b: Baxcalibur\n|-fail|p2b: Baxcalibur|par\n|move|p1a: Iron Hands|Wild Charge|p2b: Baxcalibur\n|-resisted|p2b: Baxcalibur\n|-damage|p2b: Baxcalibur|80\/100 par\n|-damage|p1a: Iron Hands|40\/100|[from] Recoil\n|\n|upkeep\n|turn|11\n|\n|t:|1683325395\n|move|p2b: Baxcalibur|Ice Shard|p1b: Gyarados\n|-damage|p1b: Gyarados|38\/100\n|move|p2a: Flutter Mane|Moonblast|p1b: Gyarados\n|-damage|p1b: Gyarados|0 fnt\n|faint|p1b: Gyarados\n|move|p1a: Iron Hands|Drain Punch|p2b: Baxcalibur\n|-supereffective|p2b: Baxcalibur\n|-damage|p2b: Baxcalibur|5\/100 par\n|-heal|p1a: Iron Hands|74\/100|[from] drain|[of] p2b: Baxcalibur\n|\n|upkeep\n|\n|t:|1683325404\n|switch|p1b: Ting-Lu|Ting-Lu, L50|54\/100\n|-ability|p1b: Ting-Lu|Vessel of Ruin\n|turn|12\n|\n|t:|1683325424\n|move|p2a: Flutter Mane|Protect|p2a: Flutter Mane\n|-singleturn|p2a: Flutter Mane|Protect\n|move|p1a: Iron Hands|Wild Charge|p2a: Flutter Mane\n|-activate|p2a: Flutter Mane|move: Protect\n|move|p1b: Ting-Lu|Heavy Slam|p2a: Flutter Mane\n|-activate|p2a: Flutter Mane|move: Protect\n|move|p2b: Baxcalibur|Glaive Rush|p1a: Iron Hands\n|-damage|p1a: Iron Hands|25\/100\n|-singlemove|p2b: Baxcalibur|Glaive Rush|[silent]\n|\n|upkeep\n|turn|13\n|\n|t:|1683325442\n|move|p2b: Baxcalibur|Ice Shard|p1b: Ting-Lu\n|-supereffective|p1b: Ting-Lu\n|-damage|p1b: Ting-Lu|24\/100\n|move|p2a: Flutter Mane|Moonblast|p1b: Ting-Lu\n|-supereffective|p1b: Ting-Lu\n|-damage|p1b: Ting-Lu|0 fnt\n|faint|p1b: Ting-Lu\n|move|p1a: Iron Hands|Drain Punch|p2b: Baxcalibur\n|-supereffective|p2b: Baxcalibur\n|-damage|p2b: Baxcalibur|0 fnt\n|-heal|p1a: Iron Hands|27\/100|[from] drain|[of] p2b: Baxcalibur\n|faint|p2b: Baxcalibur\n|\n|upkeep\n|\n|t:|1683325446\n|switch|p2b: Gyarados|Gyarados, L50, F, tera:Fairy|15\/100\n|-ability|p2b: Gyarados|Intimidate|boost\n|-unboost|p1a: Iron Hands|atk|1\n|turn|14\n|\n|t:|1683325462\n|move|p2a: Flutter Mane|Shadow Ball|p1a: Iron Hands\n|-damage|p1a: Iron Hands|0 fnt\n|faint|p1a: Iron Hands\n|-end|p1a: Iron Hands|Quark Drive|[silent]\n|\n|win|PritzShow\n|raw|PianginaPardo's rating: 1323 → 1306<\/strong> (-17 for losing)\n|raw|PritzShow's rating: 1369 → 1386<\/strong> (+17 for winning)\n","uploadtime":1683325466,"views":6,"p1id":"pianginapardo","p2id":"pritzshow","formatid":"gen9vgc2023regulationc","rating":1306,"private":0,"password":""}