{"id":"gen9vgc2023regulationc-1858753980","p1":"Villbs2","p2":"gorilnx","format":"[Gen 9] VGC 2023 Regulation C","log":"|j|\u2606Villbs2\n|j|\u2606gorilnx\n|t:|1683354285\n|gametype|doubles\n|player|p1|Villbs2|2|1216\n|player|p2|gorilnx|dawn-gen4pt|1277\n|teamsize|p1|6\n|teamsize|p2|6\n|gen|9\n|tier|[Gen 9] VGC 2023 Regulation C\n|rated|\n|rule|Species Clause: Limit one of each Pok\u00e9mon\n|rule|Item Clause: Limit one of each item\n|clearpoke\n|poke|p1|Flutter Mane, L50|\n|poke|p1|Abomasnow, L50, F|\n|poke|p1|Iron Bundle, L50|\n|poke|p1|Dragonite, L50, F|\n|poke|p1|Great Tusk, L50|\n|poke|p1|Gholdengo, L50|\n|poke|p2|Palafin, L50, M|\n|poke|p2|Amoonguss, L50, M|\n|poke|p2|Flutter Mane, L50|\n|poke|p2|Arcanine, L50, F|\n|poke|p2|Ting-Lu, L50|\n|poke|p2|Baxcalibur, L50, M|\n|teampreview|4\n|inactive|Battle timer is ON: inactive players will automatically lose when time's up. (requested by gorilnx)\n|inactive|Villbs2 has 60 seconds left.\n|\n|t:|1683354347\n|start\n|switch|p1a: Abomasnow|Abomasnow, L50, F|100\/100\n|switch|p1b: Iron Bundle|Iron Bundle, L50|100\/100\n|switch|p2a: Palafin|Palafin, L50, M|100\/100\n|switch|p2b: Flutter Mane|Flutter Mane, L50|100\/100\n|-weather|Snow|[from] ability: Snow Warning|[of] p1a: Abomasnow\n|-enditem|p1b: Iron Bundle|Booster Energy\n|-activate|p1b: Iron Bundle|ability: Quark Drive|[fromitem]\n|-start|p1b: Iron Bundle|quarkdrivespe\n|turn|1\n|inactive|Villbs2 has 30 seconds left.\n|inactive|gorilnx has 30 seconds left.\n|inactive|Villbs2 has 20 seconds left.\n|inactive|gorilnx has 20 seconds left.\n|inactive|Villbs2 has 15 seconds left.\n|inactive|gorilnx has 15 seconds left.\n|\n|t:|1683354391\n|move|p2a: Palafin|Protect|p2a: Palafin\n|-singleturn|p2a: Palafin|Protect\n|move|p1b: Iron Bundle|Aurora Veil|p1b: Iron Bundle\n|-sidestart|p1: Villbs2|move: Aurora Veil\n|move|p2b: Flutter Mane|Moonblast|p1b: Iron Bundle\n|-damage|p1b: Iron Bundle|5\/100\n|move|p1a: Abomasnow|Giga Drain|p2b: Flutter Mane\n|-damage|p2b: Flutter Mane|67\/100\n|\n|-weather|Snow|[upkeep]\n|upkeep\n|turn|2\n|\n|t:|1683354409\n|-end|p2b: Flutter Mane|Protosynthesis|[silent]\n|switch|p2b: Ting-Lu|Ting-Lu, L50|100\/100\n|-ability|p2b: Ting-Lu|Vessel of Ruin\n|move|p1b: Iron Bundle|Protect|p1b: Iron Bundle\n|-singleturn|p1b: Iron Bundle|Protect\n|move|p2a: Palafin|Jet Punch|p1b: Iron Bundle\n|-activate|p1b: Iron Bundle|move: Protect\n|move|p1a: Abomasnow|Giga Drain|p2a: Palafin\n|-supereffective|p2a: Palafin\n|-damage|p2a: Palafin|44\/100\n|\n|-weather|Snow|[upkeep]\n|upkeep\n|turn|3\n|\n|t:|1683354428\n|-end|p1b: Iron Bundle|Quark Drive|[silent]\n|switch|p1b: Gholdengo|Gholdengo, L50|100\/100\n|detailschange|p2a: Palafin|Palafin-Hero, L50, M\n|switch|p2a: Arcanine|Arcanine, L50, F|100\/100\n|-ability|p2a: Arcanine|Intimidate|boost\n|-unboost|p1a: Abomasnow|atk|1\n|-unboost|p1b: Gholdengo|atk|1\n|move|p1a: Abomasnow|Blizzard|p2b: Ting-Lu|[spread] p2a,p2b\n|-resisted|p2a: Arcanine\n|-supereffective|p2b: Ting-Lu\n|-damage|p2a: Arcanine|87\/100\n|-damage|p2b: Ting-Lu|77\/100\n|move|p2b: Ting-Lu|Fissure|p1a: Abomasnow|[miss]\n|-miss|p2b: Ting-Lu|p1a: Abomasnow\n|\n|-weather|Snow|[upkeep]\n|upkeep\n|turn|4\n|\n|t:|1683354451\n|switch|p1a: Iron Bundle|Iron Bundle, L50|5\/100\n|-terastallize|p1b: Gholdengo|Water\n|move|p2a: Arcanine|Flare Blitz|p1a: Iron Bundle\n|-damage|p1a: Iron Bundle|0 fnt\n|faint|p1a: Iron Bundle\n|-end|p1a: Iron Bundle|Quark Drive|[silent]\n|-damage|p2a: Arcanine|86\/100|[from] Recoil\n|move|p1b: Gholdengo|Nasty Plot|p1b: Gholdengo\n|-boost|p1b: Gholdengo|spa|2\n|move|p2b: Ting-Lu|Ruination|p1b: Gholdengo\n|-damage|p1b: Gholdengo|51\/100\n|\n|-weather|Snow|[upkeep]\n|-heal|p1b: Gholdengo|57\/100|[from] item: Leftovers\n|upkeep\n|\n|t:|1683354471\n|switch|p1a: Flutter Mane|Flutter Mane, L50|100\/100\n|turn|5\n|\n|t:|1683354492\n|move|p2a: Arcanine|Protect|p2a: Arcanine\n|-singleturn|p2a: Arcanine|Protect\n|move|p1a: Flutter Mane|Dazzling Gleam|p2a: Arcanine|[spread] p2b\n|-activate|p2a: Arcanine|move: Protect\n|-supereffective|p2b: Ting-Lu\n|-damage|p2b: Ting-Lu|49\/100\n|move|p1b: Gholdengo|Make It Rain|p2a: Arcanine|[spread] p2b\n|-activate|p2a: Arcanine|move: Protect\n|-crit|p2b: Ting-Lu\n|-damage|p2b: Ting-Lu|3\/100\n|-unboost|p1b: Gholdengo|spa|1\n|move|p2b: Ting-Lu|Heavy Slam|p1a: Flutter Mane\n|-supereffective|p1a: Flutter Mane\n|-damage|p1a: Flutter Mane|18\/100\n|\n|-weather|none\n|-heal|p1b: Gholdengo|63\/100|[from] item: Leftovers\n|-sideend|p1: Villbs2|move: Aurora Veil\n|upkeep\n|turn|6\n|inactive|Villbs2 has 30 seconds left.\n|inactive|gorilnx has 30 seconds left.\n|inactive|gorilnx has 20 seconds left.\n|inactive|gorilnx has 15 seconds left.\n|\n|t:|1683354532\n|move|p2a: Arcanine|Extreme Speed|p1b: Gholdengo\n|-damage|p1b: Gholdengo|39\/100\n|move|p1a: Flutter Mane|Dazzling Gleam|p2b: Ting-Lu|[spread] p2a,p2b\n|-resisted|p2a: Arcanine\n|-supereffective|p2b: Ting-Lu\n|-damage|p2a: Arcanine|69\/100\n|-damage|p2b: Ting-Lu|0 fnt\n|faint|p2b: Ting-Lu\n|move|p1b: Gholdengo|Shadow Ball|p2a: Arcanine\n|-damage|p2a: Arcanine|3\/100\n|\n|-heal|p1b: Gholdengo|46\/100|[from] item: Leftovers\n|upkeep\n|\n|t:|1683354545\n|switch|p2b: Flutter Mane|Flutter Mane, L50|67\/100\n|turn|7\n|\n|t:|1683354557\n|move|p2a: Arcanine|Protect|p2a: Arcanine\n|-singleturn|p2a: Arcanine|Protect\n|move|p1b: Gholdengo|Protect|p1b: Gholdengo\n|-singleturn|p1b: Gholdengo|Protect\n|move|p2b: Flutter Mane|Dazzling Gleam|p1b: Gholdengo|[spread] p1a\n|-activate|p1b: Gholdengo|move: Protect\n|-damage|p1a: Flutter Mane|0 fnt\n|faint|p1a: Flutter Mane\n|-end|p1a: Flutter Mane|Protosynthesis|[silent]\n|\n|-heal|p1b: Gholdengo|52\/100|[from] item: Leftovers\n|upkeep\n|\n|t:|1683354569\n|switch|p1a: Abomasnow|Abomasnow, L50, F|100\/100\n|-weather|Snow|[from] ability: Snow Warning|[of] p1a: Abomasnow\n|turn|8\n|\n|t:|1683354586\n|move|p1b: Gholdengo|Protect||[still]\n|-fail|p1b: Gholdengo\n|move|p2b: Flutter Mane|Dazzling Gleam|p1a: Abomasnow|[spread] p1a,p1b\n|-damage|p1a: Abomasnow|65\/100\n|-damage|p1b: Gholdengo|4\/100\n|move|p2a: Arcanine|Flare Blitz|p1a: Abomasnow\n|-supereffective|p1a: Abomasnow\n|-damage|p1a: Abomasnow|0 fnt\n|faint|p1a: Abomasnow\n|-damage|p2a: Arcanine|0 fnt|[from] Recoil\n|faint|p2a: Arcanine\n|\n|-weather|Snow|[upkeep]\n|-heal|p1b: Gholdengo|11\/100|[from] item: Leftovers\n|upkeep\n|-message|Villbs2 forfeited.\n|\n|win|gorilnx\n|raw|Villbs2's rating: 1216 → 1195<\/strong> (-21 for losing)\n|raw|gorilnx's rating: 1277 → 1298<\/strong> (+21 for winning)\n|l|\u2606Villbs2\n","uploadtime":1683354599,"views":8,"p1id":"villbs2","p2id":"gorilnx","formatid":"gen9vgc2023regulationc","rating":1195,"private":0,"password":""}