{"id":"gen9vgc2023regulationc-1859944823","p1":"Fetfatzidis18","p2":"Emirnent","format":"[Gen 9] VGC 2023 Regulation C","log":"|j|\u2606Fetfatzidis18\n|j|\u2606Emirnent\n|t:|1683578094\n|gametype|doubles\n|player|p1|Fetfatzidis18|harlequin|1557\n|player|p2|Emirnent|volo|1745\n|teamsize|p1|6\n|teamsize|p2|6\n|gen|9\n|tier|[Gen 9] VGC 2023 Regulation C\n|rated|\n|rule|Species Clause: Limit one of each Pok\u00e9mon\n|rule|Item Clause: Limit one of each item\n|clearpoke\n|poke|p1|Garchomp, L50, F|\n|poke|p1|Talonflame, L50, F|\n|poke|p1|Gholdengo, L50|\n|poke|p1|Gallade, L50, M|\n|poke|p1|Iron Bundle, L50|\n|poke|p1|Amoonguss, L50, M|\n|poke|p2|Salamence, L50, M|\n|poke|p2|Great Tusk, L50|\n|poke|p2|Talonflame, L50, F|\n|poke|p2|Chien-Pao, L50|\n|poke|p2|Kingambit, L50, F|\n|poke|p2|Iron Bundle, L50|\n|teampreview|4\n|inactive|Battle timer is ON: inactive players will automatically lose when time's up. (requested by Fetfatzidis18)\n|\n|t:|1683578120\n|start\n|switch|p1a: Talonflame|Talonflame, L50, F|100\/100\n|switch|p1b: Garchomp|Garchomp, L50, F|100\/100\n|switch|p2a: Talonflame|Talonflame, L50, F|100\/100\n|switch|p2b: Kingambit|Kingambit, L50, F|100\/100\n|turn|1\n|j| Aykori\n|\n|t:|1683578137\n|switch|p2b: Salamence|Salamence, L50, M|100\/100\n|-ability|p2b: Salamence|Intimidate|boost\n|-unboost|p1a: Talonflame|atk|1\n|-fail|p1b: Garchomp|unboost|[from] item: Clear Amulet|[of] p1b: Garchomp\n|move|p2a: Talonflame|Tailwind|p2a: Talonflame\n|-sidestart|p2: Emirnent|move: Tailwind\n|move|p1a: Talonflame|Will-O-Wisp|p2b: Salamence\n|-status|p2b: Salamence|brn\n|move|p1b: Garchomp|Rock Slide|p2b: Salamence|[spread] p2a,p2b\n|-supereffective|p2a: Talonflame\n|-supereffective|p2b: Salamence\n|-damage|p2a: Talonflame|0 fnt\n|-damage|p2b: Salamence|52\/100 brn\n|faint|p2a: Talonflame\n|\n|-damage|p2b: Salamence|45\/100 brn|[from] brn\n|upkeep\n|\n|t:|1683578147\n|switch|p2a: Great Tusk|Great Tusk, L50|100\/100\n|turn|2\n|\n|t:|1683578158\n|move|p1b: Garchomp|Protect|p1b: Garchomp\n|-singleturn|p1b: Garchomp|Protect\n|move|p1a: Talonflame|Tailwind|p1a: Talonflame\n|-sidestart|p1: Fetfatzidis18|move: Tailwind\n|move|p2a: Great Tusk|Rock Slide|p1a: Talonflame|[spread] p1a\n|-activate|p1b: Garchomp|move: Protect\n|-supereffective|p1a: Talonflame\n|-damage|p1a: Talonflame|0 fnt\n|faint|p1a: Talonflame\n|move|p2b: Salamence|Dragon Claw|p1b: Garchomp\n|-activate|p1b: Garchomp|move: Protect\n|\n|-damage|p2b: Salamence|39\/100 brn|[from] brn\n|upkeep\n|\n|t:|1683578170\n|switch|p1a: Iron Bundle|Iron Bundle, L50|100\/100\n|-enditem|p1a: Iron Bundle|Booster Energy\n|-activate|p1a: Iron Bundle|ability: Quark Drive|[fromitem]\n|-start|p1a: Iron Bundle|quarkdrivespe\n|turn|3\n|\n|t:|1683578180\n|-end|p2a: Great Tusk|Protosynthesis|[silent]\n|switch|p2a: Kingambit|Kingambit, L50, F|100\/100\n|move|p1a: Iron Bundle|Hydro Pump|p2a: Kingambit\n|-damage|p2a: Kingambit|70\/100\n|move|p1b: Garchomp|Rock Slide|p2a: Kingambit|[spread] p2a,p2b\n|-resisted|p2a: Kingambit\n|-supereffective|p2b: Salamence\n|-damage|p2a: Kingambit|61\/100\n|-damage|p2b: Salamence|0 fnt\n|faint|p2b: Salamence\n|\n|upkeep\n|\n|t:|1683578189\n|switch|p2b: Great Tusk|Great Tusk, L50|100\/100\n|turn|4\n|\n|t:|1683578208\n|-terastallize|p2b: Great Tusk|Fire\n|move|p1a: Iron Bundle|Protect|p1a: Iron Bundle\n|-singleturn|p1a: Iron Bundle|Protect\n|move|p2b: Great Tusk|Rock Slide|p1b: Garchomp|[spread] p1b\n|-activate|p1a: Iron Bundle|move: Protect\n|-resisted|p1b: Garchomp\n|-damage|p1b: Garchomp|91\/100\n|move|p1b: Garchomp|Earthquake|p2b: Great Tusk|[spread] p2a,p2b\n|-activate|p1a: Iron Bundle|move: Protect\n|-supereffective|p2a: Kingambit\n|-supereffective|p2b: Great Tusk\n|-damage|p2a: Kingambit|0 fnt\n|-damage|p2b: Great Tusk|40\/100\n|faint|p2a: Kingambit\n|\n|-sideend|p2: Emirnent|move: Tailwind\n|upkeep\n|turn|5\n|-message|Emirnent forfeited.\n|\n|win|Fetfatzidis18\n|raw|Fetfatzidis18's rating: 1557 → 1587<\/strong> (+30 for winning)\n|raw|Emirnent's rating: 1745 → 1715<\/strong> (-30 for losing)\n|l|\u2606Emirnent\n|l| Aykori\n","uploadtime":1683578228,"views":12,"p1id":"fetfatzidis18","p2id":"emirnent","formatid":"gen9vgc2023regulationc","rating":1587,"private":0,"password":""}