{"id":"gen9vgc2023regulationc-1859169560","p1":"Topical Rainstorm","p2":"Caelthefruit","format":"[Gen 9] VGC 2023 Regulation C","log":"|j|\u2606Topical Rainstorm\n|j|\u2606Caelthefruit\n|t:|1683413008\n|gametype|doubles\n|player|p1|Topical Rainstorm|zinzolin|\n|player|p2|Caelthefruit|red|\n|teamsize|p1|6\n|teamsize|p2|6\n|gen|9\n|tier|[Gen 9] VGC 2023 Regulation C\n|rule|Species Clause: Limit one of each Pok\u00e9mon\n|rule|Item Clause: Limit one of each item\n|clearpoke\n|poke|p1|Palafin, L50, M|\n|poke|p1|Tatsugiri-Stretchy, L50, F|\n|poke|p1|Iron Bundle, L50|\n|poke|p1|Arcanine, L50, M|\n|poke|p1|Amoonguss, L50, F|\n|poke|p1|Flutter Mane, L50|\n|poke|p2|Crabominable, L50, F|\n|poke|p2|Honchkrow, L50, F|\n|poke|p2|Amoonguss, L50, F|\n|poke|p2|Flamigo, L50, M|\n|poke|p2|Iron Hands, L50|\n|poke|p2|Grimmsnarl, L50, M|\n|teampreview|4\n|inactive|Battle timer is ON: inactive players will automatically lose when time's up. (requested by Topical Rainstorm)\n|\n|t:|1683413019\n|start\n|switch|p1a: Palafin|Palafin, L50, M, shiny|100\/100\n|switch|p1b: Flutter Mane|Flutter Mane, L50|100\/100\n|switch|p2a: Crabominable|Crabominable, L50, F, shiny|100\/100\n|switch|p2b: Amoonguss|Amoonguss, L50, F, shiny|100\/100\n|turn|1\n|\n|t:|1683413035\n|detailschange|p1a: Palafin|Palafin-Hero, L50, M, shiny\n|switch|p1a: Amoonguss|Amoonguss, L50, F, shiny|100\/100\n|switch|p2a: Grimmsnarl|Grimmsnarl, L50, M, shiny|100\/100\n|move|p1b: Flutter Mane|Moonblast|p2a: Grimmsnarl\n|-supereffective|p2a: Grimmsnarl\n|-enditem|p2a: Grimmsnarl|Focus Sash\n|-damage|p2a: Grimmsnarl|1\/100\n|move|p2b: Amoonguss|Spore|p1b: Flutter Mane\n|-status|p1b: Flutter Mane|slp|[from] move: Spore\n|\n|upkeep\n|turn|2\n|\n|t:|1683413060\n|-end|p1b: Flutter Mane|Protosynthesis|[silent]\n|switch|p1b: Iron Bundle|Iron Bundle, L50|100\/100\n|-enditem|p1b: Iron Bundle|Booster Energy\n|-activate|p1b: Iron Bundle|ability: Quark Drive|[fromitem]\n|-start|p1b: Iron Bundle|quarkdrivespe\n|move|p2a: Grimmsnarl|Fake Out|p1a: Amoonguss\n|-damage|p1a: Amoonguss|89\/100\n|-status|p2a: Grimmsnarl|slp|[from] ability: Effect Spore|[of] p1a: Amoonguss\n|cant|p1a: Amoonguss|flinch\n|move|p2b: Amoonguss|Pollen Puff|p1b: Iron Bundle\n|-crit|p1b: Iron Bundle\n|-damage|p1b: Iron Bundle|47\/100\n|\n|upkeep\n|turn|3\n|c|\u2606Topical Rainstorm|Bro\n|inactive|Caelthefruit has 30 seconds left.\n|\n|t:|1683413087\n|cant|p2a: Grimmsnarl|slp\n|move|p1b: Iron Bundle|Freeze-Dry|p2b: Amoonguss\n|-supereffective|p2b: Amoonguss\n|-damage|p2b: Amoonguss|40\/100\n|move|p2b: Amoonguss|Spore|p1b: Iron Bundle\n|-status|p1b: Iron Bundle|slp|[from] move: Spore\n|move|p1a: Amoonguss|Pollen Puff|p2a: Grimmsnarl\n|-damage|p2a: Grimmsnarl|0 fnt\n|faint|p2a: Grimmsnarl\n|\n|-heal|p2b: Amoonguss|46\/100|[from] item: Leftovers\n|upkeep\n|\n|t:|1683413104\n|switch|p2a: Crabominable|Crabominable, L50, F, shiny|100\/100\n|turn|4\n|\n|t:|1683413118\n|-terastallize|p2a: Crabominable|Fighting\n|cant|p1b: Iron Bundle|slp\n|move|p2b: Amoonguss|Rage Powder|p2b: Amoonguss\n|-singleturn|p2b: Amoonguss|move: Rage Powder\n|move|p2a: Crabominable|Close Combat|p1b: Iron Bundle\n|-supereffective|p1b: Iron Bundle\n|-crit|p1b: Iron Bundle\n|-damage|p1b: Iron Bundle|0 fnt\n|-unboost|p2a: Crabominable|def|1\n|-unboost|p2a: Crabominable|spd|1\n|faint|p1b: Iron Bundle\n|-end|p1b: Iron Bundle|Quark Drive|[silent]\n|move|p1a: Amoonguss|Spore|p2a: Crabominable\n|-status|p2a: Crabominable|slp|[from] move: Spore\n|\n|-heal|p2b: Amoonguss|52\/100|[from] item: Leftovers\n|upkeep\n|c|\u2606Topical Rainstorm|..\n|\n|t:|1683413135\n|switch|p1b: Flutter Mane|Flutter Mane, L50|100\/100 slp\n|turn|5\n|l|\u2606Caelthefruit\n|inactive|Caelthefruit disconnected!\n|player|p2|\n|j|\u2606Caelthefruit\n|inactive|Caelthefruit reconnected and has 40 seconds left.\n|player|p2|Caelthefruit|red\n|inactive|Caelthefruit has 30 seconds left.\n|\n|t:|1683413162\n|switch|p2a: Flamigo|Flamigo, L50, M, shiny|100\/100\n|-copyboost|p2a: Flamigo|p2b: Amoonguss|[from] ability: Costar\n|cant|p1b: Flutter Mane|slp\n|move|p1a: Amoonguss|Pollen Puff|p2a: Flamigo\n|-resisted|p2a: Flamigo\n|-damage|p2a: Flamigo|95\/100\n|move|p2b: Amoonguss|Pollen Puff|p1a: Amoonguss\n|-damage|p1a: Amoonguss|76\/100\n|\n|-heal|p2b: Amoonguss|58\/100|[from] item: Leftovers\n|upkeep\n|turn|6\n|\n|t:|1683413186\n|cant|p1b: Flutter Mane|slp\n|move|p2a: Flamigo|Acrobatics|p1a: Amoonguss\n|-supereffective|p1a: Amoonguss\n|-damage|p1a: Amoonguss|0 fnt\n|faint|p1a: Amoonguss\n|move|p2b: Amoonguss|Pollen Puff|p1b: Flutter Mane\n|-resisted|p1b: Flutter Mane\n|-damage|p1b: Flutter Mane|96\/100 slp\n|\n|-heal|p2b: Amoonguss|63\/100|[from] item: Leftovers\n|upkeep\n|\n|t:|1683413190\n|switch|p1a: Palafin|Palafin-Hero, L50, M, shiny|100\/100\n|-activate|p1a: Palafin|ability: Zero to Hero\n|turn|7\n|\n|t:|1683413205\n|move|p1a: Palafin|Protect|p1a: Palafin\n|-singleturn|p1a: Palafin|Protect\n|move|p2b: Amoonguss|Rage Powder|p2b: Amoonguss\n|-singleturn|p2b: Amoonguss|move: Rage Powder\n|cant|p1b: Flutter Mane|slp\n|move|p2a: Flamigo|Acrobatics|p1a: Palafin\n|-activate|p1a: Palafin|move: Protect\n|\n|-heal|p2b: Amoonguss|69\/100|[from] item: Leftovers\n|upkeep\n|turn|8\n|\n|t:|1683413221\n|-terastallize|p1a: Palafin|Water\n|-curestatus|p1b: Flutter Mane|slp|[msg]\n|move|p1b: Flutter Mane|Mystical Fire|p2b: Amoonguss\n|-supereffective|p2b: Amoonguss\n|-damage|p2b: Amoonguss|17\/100\n|-unboost|p2b: Amoonguss|spa|1\n|move|p1a: Palafin|Wave Crash|p2a: Flamigo\n|-damage|p2a: Flamigo|0 fnt\n|faint|p2a: Flamigo\n|-damage|p1a: Palafin|72\/100|[from] Recoil\n|move|p2b: Amoonguss|Spore|p1a: Palafin\n|-status|p1a: Palafin|slp|[from] move: Spore\n|\n|-heal|p2b: Amoonguss|23\/100|[from] item: Leftovers\n|upkeep\n|\n|t:|1683413240\n|switch|p2a: Crabominable|Crabominable, L50, F, shiny, tera:Fighting|100\/100 slp\n|turn|9\n|\n|t:|1683413255\n|cant|p1a: Palafin|slp\n|move|p1b: Flutter Mane|Moonblast|p2a: Crabominable\n|-supereffective|p2a: Crabominable\n|-damage|p2a: Crabominable|0 fnt\n|faint|p2a: Crabominable\n|move|p2b: Amoonguss|Spore|p1b: Flutter Mane\n|-status|p1b: Flutter Mane|slp|[from] move: Spore\n|\n|-heal|p2b: Amoonguss|29\/100|[from] item: Leftovers\n|upkeep\n|turn|10\n|\n|t:|1683413273\n|cant|p1a: Palafin|slp\n|cant|p1b: Flutter Mane|slp\n|move|p2b: Amoonguss|Spore|p1a: Palafin\n|-fail|p1a: Palafin|slp\n|\n|-heal|p2b: Amoonguss|35\/100|[from] item: Leftovers\n|upkeep\n|turn|11\n|c|\u2606Topical Rainstorm|What you should be doing\n|c|\u2606Topical Rainstorm|Is pollen puffing\n|\n|t:|1683413296\n|-curestatus|p1a: Palafin|slp|[msg]\n|move|p1a: Palafin|Jet Punch|p2b: Amoonguss\n|-resisted|p2b: Amoonguss\n|-damage|p2b: Amoonguss|6\/100\n|-status|p1a: Palafin|psn|[from] ability: Effect Spore|[of] p2b: Amoonguss\n|cant|p1b: Flutter Mane|slp\n|move|p2b: Amoonguss|Pollen Puff|p1a: Palafin\n|-damage|p1a: Palafin|60\/100 psn\n|\n|-heal|p2b: Amoonguss|12\/100|[from] item: Leftovers\n|-damage|p1a: Palafin|48\/100 psn|[from] psn\n|upkeep\n|turn|12\n|c|\u2606Topical Rainstorm|Aughta boy\n|\n|t:|1683413321\n|move|p1a: Palafin|Jet Punch|p2b: Amoonguss\n|-resisted|p2b: Amoonguss\n|-damage|p2b: Amoonguss|0 fnt\n|faint|p2b: Amoonguss\n|\n|win|Topical Rainstorm\n|c|\u2606Topical Rainstorm|Gg\n","uploadtime":1683413327,"views":10,"p1id":"topicalrainstorm","p2id":"caelthefruit","formatid":"gen9vgc2023regulationc","rating":0,"private":0,"password":""}