{"id":"gen9vgc2023regulationc-1850349525","p1":"Foffa","p2":"Valkenhine","format":"[Gen 9] VGC 2023 Regulation C","log":"|j|\u2606Foffa\n|j|\u2606Valkenhine\n|t:|1682322717\n|gametype|doubles\n|player|p1|Foffa|265|1277\n|player|p2|Valkenhine|koga|1226\n|teamsize|p1|6\n|teamsize|p2|6\n|gen|9\n|tier|[Gen 9] VGC 2023 Regulation C\n|rated|\n|rule|Species Clause: Limit one of each Pok\u00e9mon\n|rule|Item Clause: Limit one of each item\n|clearpoke\n|poke|p1|Ting-Lu, L50|\n|poke|p1|Arcanine, L50, M|\n|poke|p1|Amoonguss, L50, F|\n|poke|p1|Flutter Mane, L50|\n|poke|p1|Corviknight, L50, F|\n|poke|p1|Gastrodon, L50, M|\n|poke|p2|Vaporeon, L50, M|\n|poke|p2|Grimmsnarl, L50, M|\n|poke|p2|Flutter Mane, L50|\n|poke|p2|Palafin, L50, M|\n|poke|p2|Baxcalibur, L50, F|\n|poke|p2|Volcarona, L50, M|\n|teampreview|4\n|inactive|Battle timer is ON: inactive players will automatically lose when time's up. (requested by Valkenhine)\n|\n|t:|1682322755\n|start\n|switch|p1a: Ting-Lu|Ting-Lu, L50|100\/100\n|switch|p1b: Corviknight|Corviknight, L50, F|100\/100\n|switch|p2a: Grimmsnarl|Grimmsnarl, L50, M|100\/100\n|switch|p2b: Palafin|Palafin, L50, M|100\/100\n|-ability|p1a: Ting-Lu|Vessel of Ruin\n|turn|1\n|\n|t:|1682322770\n|switch|p1a: Gastrodon|Gastrodon, L50, M|100\/100\n|move|p2b: Palafin|Protect|p2b: Palafin\n|-singleturn|p2b: Palafin|Protect\n|move|p2a: Grimmsnarl|Taunt|p1b: Corviknight\n|-start|p1b: Corviknight|move: Taunt\n|cant|p1b: Corviknight|move: Taunt|Bulk Up\n|\n|upkeep\n|turn|2\n|inactive|Foffa has 30 seconds left.\n|inactive|Valkenhine has 30 seconds left.\n|inactive|Valkenhine has 20 seconds left.\n|inactive|Valkenhine has 15 seconds left.\n|\n|t:|1682322811\n|detailschange|p2b: Palafin|Palafin-Hero, L50, M\n|switch|p2b: Volcarona|Volcarona, L50, M|100\/100\n|move|p2a: Grimmsnarl|Reflect|p2a: Grimmsnarl\n|-sidestart|p2: Valkenhine|Reflect\n|move|p1b: Corviknight|Brave Bird|p2b: Volcarona\n|-supereffective|p2b: Volcarona\n|-damage|p2b: Volcarona|56\/100\n|-status|p1b: Corviknight|brn|[from] ability: Flame Body|[of] p2b: Volcarona\n|-enditem|p1b: Corviknight|Lum Berry|[eat]\n|-curestatus|p1b: Corviknight|brn|[msg]\n|-damage|p1b: Corviknight|86\/100|[from] Recoil\n|move|p1a: Gastrodon|Icy Wind|p2b: Volcarona|[spread] p2a,p2b\n|-crit|p2a: Grimmsnarl\n|-resisted|p2b: Volcarona\n|-damage|p2a: Grimmsnarl|83\/100\n|-damage|p2b: Volcarona|50\/100\n|-unboost|p2a: Grimmsnarl|spe|1\n|-unboost|p2b: Volcarona|spe|1\n|\n|-heal|p2b: Volcarona|57\/100|[from] item: Leftovers\n|upkeep\n|turn|3\n|inactive|Foffa has 30 seconds left.\n|inactive|Valkenhine has 30 seconds left.\n|\n|t:|1682322841\n|switch|p2b: Palafin|Palafin-Hero, L50, M|100\/100\n|-activate|p2b: Palafin|ability: Zero to Hero\n|move|p1a: Gastrodon|Protect|p1a: Gastrodon\n|-singleturn|p1a: Gastrodon|Protect\n|move|p2a: Grimmsnarl|Light Screen|p2a: Grimmsnarl\n|-sidestart|p2: Valkenhine|move: Light Screen\n|move|p1b: Corviknight|Brave Bird|p2b: Palafin\n|-damage|p2b: Palafin|76\/100\n|-damage|p1b: Corviknight|77\/100|[from] Recoil\n|\n|-end|p1b: Corviknight|move: Taunt\n|upkeep\n|turn|4\n|inactive|Foffa has 30 seconds left.\n|inactive|Valkenhine has 30 seconds left.\n|\n|t:|1682322873\n|move|p2a: Grimmsnarl|Taunt|p1b: Corviknight\n|-start|p1b: Corviknight|move: Taunt\n|cant|p1b: Corviknight|move: Taunt|Bulk Up\n|move|p2b: Palafin|Close Combat|p1b: Corviknight\n|-damage|p1b: Corviknight|29\/100\n|-unboost|p2b: Palafin|def|1\n|-unboost|p2b: Palafin|spd|1\n|move|p1a: Gastrodon|Earth Power|p2b: Palafin\n|-crit|p2b: Palafin\n|-damage|p2b: Palafin|0 fnt\n|faint|p2b: Palafin\n|\n|upkeep\n|c|\u2606Valkenhine|????????????????????????\n|c|\u2606Valkenhine|aight\n|\n|t:|1682322888\n|switch|p2b: Flutter Mane|Flutter Mane, L50|100\/100\n|-enditem|p2b: Flutter Mane|Booster Energy\n|-activate|p2b: Flutter Mane|ability: Protosynthesis|[fromitem]\n|-start|p2b: Flutter Mane|protosynthesisspe\n|turn|5\n|c|\u2606Foffa|im sorry bro\n|c|\u2606Valkenhine|was NOT expecting that lol\n|c|\u2606Valkenhine|it happens\n|\n|t:|1682322913\n|switch|p1b: Ting-Lu|Ting-Lu, L50|100\/100\n|-ability|p1b: Ting-Lu|Vessel of Ruin\n|move|p2b: Flutter Mane|Shadow Ball|p1b: Ting-Lu\n|-resisted|p1b: Ting-Lu\n|-damage|p1b: Ting-Lu|94\/100\n|move|p1a: Gastrodon|Icy Wind|p2b: Flutter Mane|[spread] p2a,p2b\n|-damage|p2a: Grimmsnarl|77\/100\n|-damage|p2b: Flutter Mane|95\/100\n|-unboost|p2a: Grimmsnarl|spe|1\n|-unboost|p2b: Flutter Mane|spe|1\n|move|p2a: Grimmsnarl|Spirit Break|p1a: Gastrodon\n|-damage|p1a: Gastrodon|66\/100\n|-unboost|p1a: Gastrodon|spa|1\n|\n|upkeep\n|turn|6\n|inactive|Foffa has 30 seconds left.\n|inactive|Valkenhine has 30 seconds left.\n|\n|t:|1682322942\n|-end|p2b: Flutter Mane|Protosynthesis|[silent]\n|switch|p2b: Volcarona|Volcarona, L50, M|57\/100\n|-terastallize|p1b: Ting-Lu|Steel\n|move|p1a: Gastrodon|Protect|p1a: Gastrodon\n|-singleturn|p1a: Gastrodon|Protect\n|move|p1b: Ting-Lu|Heavy Slam|p2b: Volcarona\n|-resisted|p2b: Volcarona\n|-damage|p2b: Volcarona|38\/100\n|-status|p1b: Ting-Lu|brn|[from] ability: Flame Body|[of] p2b: Volcarona\n|move|p2a: Grimmsnarl|Spirit Break|p1a: Gastrodon\n|-activate|p1a: Gastrodon|move: Protect\n|\n|-heal|p2b: Volcarona|44\/100|[from] item: Leftovers\n|-damage|p1b: Ting-Lu|88\/100 brn|[from] brn\n|upkeep\n|turn|7\n|\n|t:|1682322966\n|switch|p2a: Flutter Mane|Flutter Mane, L50|95\/100\n|-terastallize|p2b: Volcarona|Grass\n|move|p2b: Volcarona|Quiver Dance|p2b: Volcarona\n|-boost|p2b: Volcarona|spa|1\n|-boost|p2b: Volcarona|spd|1\n|-boost|p2b: Volcarona|spe|1\n|move|p1b: Ting-Lu|Rock Slide|p2b: Volcarona|[spread] p2b\n|-miss|p1b: Ting-Lu|p2a: Flutter Mane\n|-damage|p2b: Volcarona|39\/100\n|move|p1a: Gastrodon|Recover|p1a: Gastrodon\n|-heal|p1a: Gastrodon|100\/100\n|\n|-heal|p2b: Volcarona|45\/100|[from] item: Leftovers\n|-damage|p1b: Ting-Lu|82\/100 brn|[from] brn\n|upkeep\n|turn|8\n|inactive|Foffa has 30 seconds left.\n|inactive|Valkenhine has 30 seconds left.\n|\n|t:|1682322992\n|move|p1a: Gastrodon|Protect|p1a: Gastrodon\n|-singleturn|p1a: Gastrodon|Protect\n|move|p2a: Flutter Mane|Shadow Ball|p1b: Ting-Lu\n|-damage|p1b: Ting-Lu|70\/100 brn\n|move|p2b: Volcarona|Morning Sun|p2b: Volcarona\n|-heal|p2b: Volcarona|95\/100\n|move|p1b: Ting-Lu|Earthquake|p2a: Flutter Mane|[spread] p2a,p2b\n|-activate|p1a: Gastrodon|move: Protect\n|-resisted|p2b: Volcarona\n|-damage|p2a: Flutter Mane|74\/100\n|-damage|p2b: Volcarona|90\/100\n|\n|-heal|p2b: Volcarona|96\/100|[from] item: Leftovers\n|-damage|p1b: Ting-Lu|64\/100 brn|[from] brn\n|upkeep\n|turn|9\n|\n|t:|1682323016\n|switch|p1a: Corviknight|Corviknight, L50, F|29\/100\n|move|p2a: Flutter Mane|Shadow Ball|p1a: Corviknight\n|-damage|p1a: Corviknight|4\/100\n|move|p2b: Volcarona|Quiver Dance|p2b: Volcarona\n|-boost|p2b: Volcarona|spa|1\n|-boost|p2b: Volcarona|spd|1\n|-boost|p2b: Volcarona|spe|1\n|move|p1b: Ting-Lu|Heavy Slam|p2a: Flutter Mane\n|-supereffective|p2a: Flutter Mane\n|-damage|p2a: Flutter Mane|1\/100\n|\n|-heal|p2b: Volcarona|100\/100|[from] item: Leftovers\n|-damage|p1b: Ting-Lu|58\/100 brn|[from] brn\n|-sideend|p2: Valkenhine|Reflect\n|upkeep\n|turn|10\n|inactive|Foffa has 30 seconds left.\n|\n|t:|1682323048\n|switch|p1b: Gastrodon|Gastrodon, L50, M|100\/100\n|move|p2b: Volcarona|Heat Wave|p1b: Gastrodon|[spread] p1a,p1b\n|-supereffective|p1a: Corviknight\n|-resisted|p1b: Gastrodon\n|-damage|p1a: Corviknight|0 fnt\n|-damage|p1b: Gastrodon|71\/100\n|-status|p1b: Gastrodon|brn\n|faint|p1a: Corviknight\n|move|p2a: Flutter Mane|Shadow Ball|p1b: Gastrodon\n|-damage|p1b: Gastrodon|36\/100 brn\n|\n|-damage|p1b: Gastrodon|30\/100 brn|[from] brn\n|-sideend|p2: Valkenhine|move: Light Screen\n|upkeep\n|\n|t:|1682323058\n|switch|p1a: Flutter Mane|Flutter Mane, L50|100\/100\n|turn|11\n|\n|t:|1682323069\n|move|p1b: Gastrodon|Protect|p1b: Gastrodon\n|-singleturn|p1b: Gastrodon|Protect\n|move|p2b: Volcarona|Quiver Dance|p2b: Volcarona\n|-boost|p2b: Volcarona|spa|1\n|-boost|p2b: Volcarona|spd|1\n|-boost|p2b: Volcarona|spe|1\n|move|p2a: Flutter Mane|Imprison|p2a: Flutter Mane\n|-start|p2a: Flutter Mane|move: Imprison\n|cant|p1a: Flutter Mane|move: Imprison|Dazzling Gleam\n|\n|-damage|p1b: Gastrodon|24\/100 brn|[from] brn\n|upkeep\n|turn|12\n|c|\u2606Foffa|wow imprison flutter\n|c|\u2606Foffa|cool\n|c|\u2606Valkenhine|66% usage\n|inactive|Foffa has 30 seconds left.\n|c|\u2606Valkenhine|Found that it lerned Imprison. pretty neat\n|inactive|Foffa has 20 seconds left.\n|\n|t:|1682323105\n|-end|p1a: Flutter Mane|Protosynthesis|[silent]\n|switch|p1a: Ting-Lu|Ting-Lu, L50, tera:Steel|58\/100 brn\n|-ability|p1a: Ting-Lu|Vessel of Ruin\n|move|p2b: Volcarona|Heat Wave|p1b: Gastrodon|[spread] p1b\n|-miss|p2b: Volcarona|p1a: Ting-Lu\n|-resisted|p1b: Gastrodon\n|-damage|p1b: Gastrodon|0 fnt\n|faint|p1b: Gastrodon\n|move|p2a: Flutter Mane|Dazzling Gleam|p1a: Ting-Lu\n|-resisted|p1a: Ting-Lu\n|-damage|p1a: Ting-Lu|51\/100 brn\n|\n|-damage|p1a: Ting-Lu|45\/100 brn|[from] brn\n|upkeep\n|\n|t:|1682323112\n|switch|p1b: Flutter Mane|Flutter Mane, L50|100\/100\n|turn|13\n|-message|Foffa forfeited.\n|\n|win|Valkenhine\n|raw|Foffa's rating: 1277 → 1248<\/strong> (-29 for losing)\n|raw|Valkenhine's rating: 1226 → 1255<\/strong> (+29 for winning)\n|c|\u2606Foffa|gg\n|c|\u2606Valkenhine|gg\n|l|\u2606Foffa\n","uploadtime":1682323125,"views":23,"p1id":"foffa","p2id":"valkenhine","formatid":"gen9vgc2023regulationc","rating":1248,"private":0,"password":""}