{"id":"gen9vgc2023regulationc-1845925350","p1":"TStorm","p2":"Chi U R Dead","format":"[Gen 9] VGC 2023 Regulation C","log":"|j|\u2606TStorm\n|j|\u2606Chi U R Dead\n|t:|1681779962\n|gametype|doubles\n|player|p1|TStorm|170|1502\n|player|p2|Chi U R Dead|marley|1540\n|teamsize|p1|6\n|teamsize|p2|6\n|gen|9\n|tier|[Gen 9] VGC 2023 Regulation C\n|rated|\n|rule|Species Clause: Limit one of each Pok\u00e9mon\n|rule|Item Clause: Limit one of each item\n|clearpoke\n|poke|p1|Flutter Mane, L50|\n|poke|p1|Palafin, L50, F|\n|poke|p1|Amoonguss, L50, M|\n|poke|p1|Baxcalibur, L50, F|\n|poke|p1|Arcanine, L50, F|\n|poke|p1|Ting-Lu, L50|\n|poke|p2|Chi-Yu, L50|\n|poke|p2|Flutter Mane, L50|\n|poke|p2|Iron Bundle, L50|\n|poke|p2|Sableye, L50, M|\n|poke|p2|Gothitelle, L50, M|\n|poke|p2|Scizor, L50, M|\n|teampreview|4\n|inactive|Battle timer is ON: inactive players will automatically lose when time's up. (requested by Chi U R Dead)\n|inactive|TStorm has 60 seconds left.\n|inactive|TStorm has 30 seconds left.\n|inactive|TStorm has 20 seconds left.\n|inactive|TStorm has 15 seconds left.\n|inactive|TStorm has 10 seconds left.\n|inactive|TStorm has 5 seconds left.\n|\n|t:|1681780075\n|start\n|switch|p1a: Flutter Mane|Flutter Mane, L50|100\/100\n|switch|p1b: Kayla My Love \ud83d\ude18|Palafin, L50, F, shiny|100\/100\n|switch|p2a: Gothitelle|Gothitelle, L50, M|100\/100\n|switch|p2b: Scizor|Scizor, L50, M|100\/100\n|turn|1\n|inactive|TStorm has 30 seconds left.\n|inactive|TStorm has 20 seconds left.\n|inactive|TStorm has 15 seconds left.\n|\n|t:|1681780117\n|-end|p1a: Flutter Mane|Protosynthesis|[silent]\n|switch|p1a: Not Amoonguss|Amoonguss, L50, M, shiny|100\/100\n|move|p1b: Kayla My Love \ud83d\ude18|Protect|p1b: Kayla My Love \ud83d\ude18\n|-singleturn|p1b: Kayla My Love \ud83d\ude18|Protect\n|move|p2a: Gothitelle|Fake Out|p1b: Kayla My Love \ud83d\ude18\n|-activate|p1b: Kayla My Love \ud83d\ude18|move: Protect\n|move|p2b: Scizor|U-turn|p1a: Not Amoonguss\n|-damage|p1a: Not Amoonguss|44\/100\n|\n|t:|1681780123\n|switch|p2b: Iron Bundle|Iron Bundle, L50|100\/100|[from] U-turn\n|-enditem|p2b: Iron Bundle|Booster Energy\n|-activate|p2b: Iron Bundle|ability: Quark Drive|[fromitem]\n|-start|p2b: Iron Bundle|quarkdrivespe\n|\n|upkeep\n|turn|2\n|inactive|TStorm has 30 seconds left.\n|\n|t:|1681780155\n|move|p2b: Iron Bundle|Freeze-Dry|p1a: Not Amoonguss\n|-supereffective|p1a: Not Amoonguss\n|-damage|p1a: Not Amoonguss|0 fnt\n|faint|p1a: Not Amoonguss\n|move|p1b: Kayla My Love \ud83d\ude18|Wave Crash|p2b: Iron Bundle\n|-resisted|p2b: Iron Bundle\n|-damage|p2b: Iron Bundle|75\/100\n|-damage|p1b: Kayla My Love \ud83d\ude18|95\/100|[from] Recoil\n|move|p2a: Gothitelle|Energy Ball|p1b: Kayla My Love \ud83d\ude18\n|-supereffective|p1b: Kayla My Love \ud83d\ude18\n|-damage|p1b: Kayla My Love \ud83d\ude18|48\/100\n|\n|upkeep\n|\n|t:|1681780165\n|switch|p1a: Baxcalibur|Baxcalibur, L50, F|100\/100\n|turn|3\n|\n|t:|1681780177\n|move|p2b: Iron Bundle|Protect|p2b: Iron Bundle\n|-singleturn|p2b: Iron Bundle|Protect\n|move|p2a: Gothitelle|Protect|p2a: Gothitelle\n|-singleturn|p2a: Gothitelle|Protect\n|move|p1b: Kayla My Love \ud83d\ude18|Wave Crash|p2a: Gothitelle\n|-activate|p2a: Gothitelle|move: Protect\n|move|p1a: Baxcalibur|Dragon Dance|p1a: Baxcalibur\n|-boost|p1a: Baxcalibur|atk|1\n|-boost|p1a: Baxcalibur|spe|1\n|\n|upkeep\n|turn|4\n|\n|t:|1681780200\n|move|p1b: Kayla My Love \ud83d\ude18|Protect|p1b: Kayla My Love \ud83d\ude18\n|-singleturn|p1b: Kayla My Love \ud83d\ude18|Protect\n|move|p2b: Iron Bundle|Icy Wind|p1a: Baxcalibur|[spread] p1a\n|-activate|p1b: Kayla My Love \ud83d\ude18|move: Protect\n|-damage|p1a: Baxcalibur|81\/100\n|move|p1a: Baxcalibur|Glaive Rush|p2b: Iron Bundle\n|-damage|p2b: Iron Bundle|0 fnt\n|-singlemove|p1a: Baxcalibur|Glaive Rush|[silent]\n|faint|p2b: Iron Bundle\n|-end|p2b: Iron Bundle|Quark Drive|[silent]\n|move|p2a: Gothitelle|Psychic|p1a: Baxcalibur\n|-crit|p1a: Baxcalibur\n|-damage|p1a: Baxcalibur|2\/100\n|\n|upkeep\n|\n|t:|1681780209\n|switch|p2b: Scizor|Scizor, L50, M|100\/100\n|turn|5\n|\n|t:|1681780228\n|-terastallize|p1b: Kayla My Love \ud83d\ude18|Water\n|move|p1a: Baxcalibur|Ice Shard|p2a: Gothitelle\n|-damage|p2a: Gothitelle|61\/100\n|move|p2b: Scizor|Bullet Punch|p1a: Baxcalibur\n|-supereffective|p1a: Baxcalibur\n|-damage|p1a: Baxcalibur|0 fnt\n|faint|p1a: Baxcalibur\n|move|p1b: Kayla My Love \ud83d\ude18|Wave Crash|p2b: Scizor\n|-damage|p2b: Scizor|33\/100\n|-damage|p1b: Kayla My Love \ud83d\ude18|29\/100|[from] Recoil\n|move|p2a: Gothitelle|Energy Ball|p1b: Kayla My Love \ud83d\ude18\n|-supereffective|p1b: Kayla My Love \ud83d\ude18\n|-damage|p1b: Kayla My Love \ud83d\ude18|0 fnt\n|faint|p1b: Kayla My Love \ud83d\ude18\n|\n|upkeep\n|\n|t:|1681780238\n|switch|p1b: Flutter Mane|Flutter Mane, L50|100\/100\n|turn|6\n|\n|t:|1681780241\n|move|p2b: Scizor|Bullet Punch|p1b: Flutter Mane\n|-supereffective|p1b: Flutter Mane\n|-damage|p1b: Flutter Mane|0 fnt\n|faint|p1b: Flutter Mane\n|-end|p1b: Flutter Mane|Protosynthesis|[silent]\n|\n|win|Chi U R Dead\n|raw|TStorm's rating: 1502 → 1484<\/strong> (-18 for losing)\n|raw|Chi U R Dead's rating: 1540 → 1558<\/strong> (+18 for winning)\n","uploadtime":1681780245,"views":8,"p1id":"tstorm","p2id":"chiurdead","formatid":"gen9vgc2023regulationc","rating":1484,"private":0,"password":""}