{"id":"gen9vgc2023regulationc-1862839784","p1":"TGH_sr","p2":"Carno777","format":"[Gen 9] VGC 2023 Regulation C","log":"|j|\u2606TGH_sr\n|j|\u2606Carno777\n|t:|1683927857\n|gametype|doubles\n|player|p1|TGH_sr|steven|1229\n|player|p2|Carno777|lance|1137\n|teamsize|p1|6\n|teamsize|p2|6\n|gen|9\n|tier|[Gen 9] VGC 2023 Regulation C\n|rated|\n|rule|Species Clause: Limit one of each Pok\u00e9mon\n|rule|Item Clause: Limit one of each item\n|clearpoke\n|poke|p1|Talonflame, L50, F|\n|poke|p1|Garchomp, L50, M|\n|poke|p1|Kingambit, L50, M|\n|poke|p1|Amoonguss, L50, F|\n|poke|p1|Iron Bundle, L50|\n|poke|p1|Flutter Mane, L50|\n|poke|p2|Dragapult, L50, M|\n|poke|p2|Noivern, L50, M|\n|poke|p2|Brute Bonnet, L50|\n|poke|p2|Gholdengo, L50|\n|poke|p2|Dondozo, L50, F|\n|poke|p2|Scream Tail, L50|\n|teampreview|4\n|inactive|Battle timer is ON: inactive players will automatically lose when time's up. (requested by Carno777)\nTGH_sr has agreed to open team sheets.\n|inactive|TGH_sr has 60 seconds left.\nCarno777 has agreed to open team sheets.\n|inactive|TGH_sr has 30 seconds left.\n|inactive|TGH_sr has 20 seconds left.\n|inactive|TGH_sr has 15 seconds left.\n|\n|t:|1683927935\n|start\n|switch|p1a: Talonflame|Talonflame, L50, F|100\/100\n|switch|p1b: Garchomp|Garchomp, L50, M|100\/100\n|switch|p2a: Dragapult|Dragapult, L50, M|100\/100\n|switch|p2b: Noivern|Noivern, L50, M|100\/100\n|turn|1\n|inactive|TGH_sr has 30 seconds left.\n|inactive|Carno777 has 30 seconds left.\n|inactive|TGH_sr has 20 seconds left.\n|inactive|TGH_sr has 15 seconds left.\n|\n|t:|1683927979\n|switch|p2a: Dondozo|Dondozo, L50, F|100\/100\n|-terastallize|p1b: Garchomp|Steel\n|move|p1a: Talonflame|Tailwind|p1a: Talonflame\n|-sidestart|p1: TGH_sr|move: Tailwind\n|move|p1b: Garchomp|Earthquake|p2b: Noivern|[spread] p2a\n|-immune|p1a: Talonflame\n|-immune|p2b: Noivern\n|-damage|p2a: Dondozo|57\/100\n|move|p2b: Noivern|Heat Wave|p1b: Garchomp|[spread] p1a,p1b\n|-resisted|p1a: Talonflame\n|-supereffective|p1b: Garchomp\n|-damage|p1a: Talonflame|84\/100\n|-damage|p1b: Garchomp|63\/100\n|\n|-heal|p2a: Dondozo|64\/100|[from] item: Leftovers\n|upkeep\n|turn|2\n|inactive|TGH_sr has 30 seconds left.\n|inactive|TGH_sr has 20 seconds left.\n|\n|t:|1683928016\n|move|p1a: Talonflame|Brave Bird|p2b: Noivern\n|-damage|p2b: Noivern|22\/100\n|-damage|p1a: Talonflame|57\/100|[from] Recoil\n|-damage|p1a: Talonflame|47\/100|[from] item: Life Orb\n|move|p1b: Garchomp|Earthquake|p2a: Dondozo|[spread] p2a\n|-immune|p1a: Talonflame\n|-immune|p2b: Noivern\n|-damage|p2a: Dondozo|23\/100\n|move|p2b: Noivern|Heat Wave|p1b: Garchomp|[spread] p1a,p1b\n|-resisted|p1a: Talonflame\n|-supereffective|p1b: Garchomp\n|-damage|p1a: Talonflame|31\/100\n|-damage|p1b: Garchomp|26\/100\n|move|p2a: Dondozo|Rock Slide|p1b: Garchomp|[spread] p1a\n|-miss|p2a: Dondozo|p1b: Garchomp\n|-supereffective|p1a: Talonflame\n|-damage|p1a: Talonflame|0 fnt\n|faint|p1a: Talonflame\n|\n|-heal|p2a: Dondozo|30\/100|[from] item: Leftovers\n|upkeep\n|inactive|TGH_sr has 30 seconds left.\n|\n|t:|1683928047\n|switch|p1a: Kingambit|Kingambit, L50, M|100\/100\n|turn|3\n|\n|t:|1683928067\n|switch|p1b: Amoonguss|Amoonguss, L50, F|100\/100\n|move|p2a: Dondozo|Protect|p2a: Dondozo\n|-singleturn|p2a: Dondozo|Protect\n|move|p1a: Kingambit|Sucker Punch|p2b: Noivern\n|-damage|p2b: Noivern|0 fnt\n|faint|p2b: Noivern\n|\n|-heal|p2a: Dondozo|36\/100|[from] item: Leftovers\n|upkeep\n|\n|t:|1683928076\n|switch|p2b: Brute Bonnet|Brute Bonnet, L50|100\/100\n|turn|4\n|inactive|TGH_sr has 30 seconds left.\n|inactive|TGH_sr has 20 seconds left.\n|inactive|TGH_sr has 15 seconds left.\n|inactive|TGH_sr has 10 seconds left.\n|\n|t:|1683928126\n|move|p1a: Kingambit|Protect|p1a: Kingambit\n|-singleturn|p1a: Kingambit|Protect\n|move|p2b: Brute Bonnet|Spore|p1a: Kingambit\n|-activate|p1a: Kingambit|move: Protect\n|move|p1b: Amoonguss|Spore|p2a: Dondozo\n|-status|p2a: Dondozo|slp|[from] move: Spore\n|cant|p2a: Dondozo|slp\n|\n|-heal|p2a: Dondozo|42\/100 slp|[from] item: Leftovers\n|-sideend|p1: TGH_sr|move: Tailwind\n|upkeep\n|turn|5\n|inactive|TGH_sr has 30 seconds left.\n|\n|t:|1683928158\n|-curestatus|p2a: Dondozo|slp|[msg]\n|move|p2a: Dondozo|Protect|p2a: Dondozo\n|-singleturn|p2a: Dondozo|Protect\n|move|p2b: Brute Bonnet|Spore|p1a: Kingambit\n|-status|p1a: Kingambit|slp|[from] move: Spore\n|cant|p1a: Kingambit|slp\n|move|p1b: Amoonguss|Pollen Puff|p2b: Brute Bonnet\n|-supereffective|p2b: Brute Bonnet\n|-enditem|p2b: Brute Bonnet|Tanga Berry|[eat]\n|-enditem|p2b: Brute Bonnet|Tanga Berry|[weaken]\n|-damage|p2b: Brute Bonnet|73\/100\n|\n|-heal|p2a: Dondozo|48\/100|[from] item: Leftovers\n|upkeep\n|turn|6\n|inactive|TGH_sr has 30 seconds left.\n|inactive|TGH_sr has 20 seconds left.\n|inactive|TGH_sr has 15 seconds left.\n|inactive|TGH_sr has 10 seconds left.\n|\n|t:|1683928205\n|cant|p1a: Kingambit|slp\n|move|p2b: Brute Bonnet|Crunch|p1b: Amoonguss\n|-damage|p1b: Amoonguss|65\/100\n|move|p2a: Dondozo|Wave Crash|p1a: Kingambit\n|-damage|p1a: Kingambit|60\/100 slp\n|-damage|p2a: Dondozo|38\/100|[from] Recoil\n|move|p1b: Amoonguss|Pollen Puff|p1a: Kingambit\n|-heal|p1a: Kingambit|100\/100 slp\n|\n|-heal|p2a: Dondozo|44\/100|[from] item: Leftovers\n|upkeep\n|turn|7\n|inactive|TGH_sr has 30 seconds left.\n|\n|t:|1683928235\n|move|p2b: Brute Bonnet|Crunch|p1b: Amoonguss\n|-damage|p1b: Amoonguss|27\/100\n|-enditem|p1b: Amoonguss|Sitrus Berry|[eat]\n|-heal|p1b: Amoonguss|52\/100|[from] item: Sitrus Berry\n|cant|p1a: Kingambit|slp\n|move|p2a: Dondozo|Heavy Slam|p1b: Amoonguss\n|-damage|p1b: Amoonguss|17\/100\n|move|p1b: Amoonguss|Pollen Puff|p1a: Kingambit\n|-immune|p1a: Kingambit\n|\n|-heal|p2a: Dondozo|50\/100|[from] item: Leftovers\n|upkeep\n|turn|8\n|inactive|TGH_sr has 30 seconds left.\n|inactive|Carno777 has 30 seconds left.\n|inactive|TGH_sr has 20 seconds left.\n|\n|t:|1683928274\n|move|p2b: Brute Bonnet|Rage Powder|p2b: Brute Bonnet\n|-singleturn|p2b: Brute Bonnet|move: Rage Powder\n|-curestatus|p1a: Kingambit|slp|[msg]\n|move|p1a: Kingambit|Kowtow Cleave|p2b: Brute Bonnet\n|-resisted|p2b: Brute Bonnet\n|-damage|p2b: Brute Bonnet|50\/100\n|move|p2a: Dondozo|Rock Slide|p1a: Kingambit|[spread] p1a,p1b\n|-resisted|p1a: Kingambit\n|-damage|p1a: Kingambit|94\/100\n|-damage|p1b: Amoonguss|2\/100\n|cant|p1b: Amoonguss|flinch\n|\n|-heal|p2a: Dondozo|57\/100|[from] item: Leftovers\n|upkeep\n|turn|9\n|inactive|TGH_sr has 30 seconds left.\n|inactive|TGH_sr has 20 seconds left.\n|inactive|TGH_sr has 15 seconds left.\n|inactive|TGH_sr has 10 seconds left.\n|inactive|TGH_sr has 5 seconds left.\n|\n|t:|1683928325\n|switch|p1b: Garchomp|Garchomp, L50, M, tera:Steel|26\/100\n|move|p2b: Brute Bonnet|Spore|p1a: Kingambit\n|-status|p1a: Kingambit|slp|[from] move: Spore\n|cant|p1a: Kingambit|slp\n|move|p2a: Dondozo|Rock Slide|p1a: Kingambit|[spread] p1a,p1b\n|-resisted|p1a: Kingambit\n|-resisted|p1b: Garchomp\n|-damage|p1a: Kingambit|88\/100 slp\n|-damage|p1b: Garchomp|18\/100\n|\n|-heal|p2a: Dondozo|63\/100|[from] item: Leftovers\n|upkeep\n|turn|10\n|inactive|TGH_sr has 30 seconds left.\n|inactive|Carno777 has 30 seconds left.\n|\n|t:|1683928363\n|move|p1b: Garchomp|Dragon Claw|p2b: Brute Bonnet\n|-damage|p2b: Brute Bonnet|0 fnt\n|faint|p2b: Brute Bonnet\n|-end|p2b: Brute Bonnet|Protosynthesis|[silent]\n|cant|p1a: Kingambit|slp\n|move|p2a: Dondozo|Wave Crash|p1b: Garchomp\n|-damage|p1b: Garchomp|0 fnt\n|-damage|p2a: Dondozo|50\/100|[from] ability: Rough Skin|[of] p1b: Garchomp\n|faint|p1b: Garchomp\n|-damage|p2a: Dondozo|46\/100|[from] Recoil\n|\n|-heal|p2a: Dondozo|52\/100|[from] item: Leftovers\n|upkeep\n|inactive|TGH_sr has 30 seconds left.\n|\n|t:|1683928375\n|switch|p1b: Amoonguss|Amoonguss, L50, F|35\/100\n|switch|p2b: Dragapult|Dragapult, L50, M|100\/100\n|turn|11\n|inactive|TGH_sr has 25 seconds left this turn.\n|inactive|TGH_sr has 20 seconds left.\n|inactive|TGH_sr has 15 seconds left.\n|inactive|TGH_sr has 10 seconds left.\n|inactive|TGH_sr has 5 seconds left.\n|inactive|Carno777 has 30 seconds left.\n|\n|t:|1683928401\n|-terastallize|p2b: Dragapult|Dragon\n|move|p1b: Amoonguss|Rage Powder|p1b: Amoonguss\n|-singleturn|p1b: Amoonguss|move: Rage Powder\n|move|p2b: Dragapult|Phantom Force||[still]\n|-prepare|p2b: Dragapult|Phantom Force\n|cant|p1a: Kingambit|slp\n|move|p2a: Dondozo|Wave Crash|p1b: Amoonguss\n|-resisted|p1b: Amoonguss\n|-damage|p1b: Amoonguss|9\/100\n|-damage|p2a: Dondozo|44\/100|[from] Recoil\n|\n|-heal|p2a: Dondozo|51\/100|[from] item: Leftovers\n|upkeep\n|turn|12\n|inactive|TGH_sr has 5 seconds left this turn.\n|-message|TGH_sr lost due to inactivity.\n|\n|win|Carno777\n|raw|TGH_sr's rating: 1229 → 1198<\/strong> (-31 for losing)\n|raw|Carno777's rating: 1137 → 1168<\/strong> (+31 for winning)\n|l|\u2606Carno777\n","uploadtime":1683928423,"views":12,"p1id":"tghsr","p2id":"carno777","formatid":"gen9vgc2023regulationc","rating":1168,"private":0,"password":""}