{"id":"gen9vgc2023regulationc-1858686398","p1":"Echo Rose#9471","p2":"maverick8","format":"[Gen 9] VGC 2023 Regulation C","log":"|j|\u2606Echo Rose#9471\n|j|\u2606maverick8\n|t:|1683342455\n|gametype|doubles\n|player|p1|Echo Rose#9471|1|1394\n|player|p2|maverick8|plasmagrunt|1332\n|teamsize|p1|6\n|teamsize|p2|6\n|gen|9\n|tier|[Gen 9] VGC 2023 Regulation C\n|rated|\n|rule|Species Clause: Limit one of each Pok\u00e9mon\n|rule|Item Clause: Limit one of each item\n|clearpoke\n|poke|p1|Annihilape, L50, M|\n|poke|p1|Maushold-Four, L50|\n|poke|p1|Amoonguss, L50, F|\n|poke|p1|Arcanine, L50, F|\n|poke|p1|Tatsugiri, L50, M|\n|poke|p1|Glimmora, L50, M|\n|poke|p2|Azumarill, L50, M|\n|poke|p2|Arcanine, L50, M|\n|poke|p2|Amoonguss, L50, F|\n|poke|p2|Dragonite, L50, M|\n|poke|p2|Chien-Pao, L50|\n|poke|p2|Flutter Mane, L50|\n|teampreview|4\n|j| FlagHorse\nmaverick8 has agreed to open team sheets.\n|inactive|Battle timer is ON: inactive players will automatically lose when time's up. (requested by maverick8)\n|inactive|maverick8 has 60 seconds left.\nEcho Rose#9471 has agreed to open team sheets.\n|inactive|maverick8 has 30 seconds left.\n|inactive|Echo Rose#9471 has 60 seconds left.\n|inactive|maverick8 has 20 seconds left.\n|\n|t:|1683342564\n|start\n|switch|p1a: Annihilape|Annihilape, L50, M|100\/100\n|switch|p1b: Maushold|Maushold-Four, L50|100\/100\n|switch|p2a: Flutter Mane|Flutter Mane, L50|100\/100\n|switch|p2b: Chien-Pao|Chien-Pao, L50|100\/100\n|-ability|p2b: Chien-Pao|Sword of Ruin\n|-enditem|p2a: Flutter Mane|Booster Energy\n|-activate|p2a: Flutter Mane|ability: Protosynthesis|[fromitem]\n|-start|p2a: Flutter Mane|protosynthesisspe\n|turn|1\n|inactive|Echo Rose#9471 has 30 seconds left.\n|inactive|maverick8 has 30 seconds left.\n|inactive|Echo Rose#9471 has 20 seconds left.\n|inactive|maverick8 has 20 seconds left.\n|inactive|Echo Rose#9471 has 15 seconds left.\n|inactive|maverick8 has 15 seconds left.\n|inactive|Echo Rose#9471 has 10 seconds left.\n|inactive|Echo Rose#9471 has 5 seconds left.\n|\n|t:|1683342615\n|-terastallize|p1a: Annihilape|Fire\n|move|p1b: Maushold|Protect|p1b: Maushold\n|-singleturn|p1b: Maushold|Protect\n|move|p2a: Flutter Mane|Substitute|p2a: Flutter Mane\n|-start|p2a: Flutter Mane|Substitute\n|-damage|p2a: Flutter Mane|76\/100\n|move|p2b: Chien-Pao|Ice Spinner|p1b: Maushold\n|-activate|p1b: Maushold|move: Protect\n|move|p1a: Annihilape|Rage Fist|p2a: Flutter Mane\n|-supereffective|p2a: Flutter Mane\n|-crit|p2a: Flutter Mane\n|-end|p2a: Flutter Mane|Substitute\n|\n|upkeep\n|turn|2\n|l| FlagHorse\n|inactive|maverick8 has 30 seconds left.\n|\n|t:|1683342644\n|-terastallize|p2a: Flutter Mane|Fairy\n|move|p2a: Flutter Mane|Moonblast|p1a: Annihilape\n|-resisted|p1a: Annihilape\n|-damage|p1a: Annihilape|79\/100\n|move|p2b: Chien-Pao|Sacred Sword|p1a: Annihilape\n|-damage|p1a: Annihilape|47\/100\n|move|p1b: Maushold|Beat Up|p2b: Chien-Pao\n|-resisted|p2b: Chien-Pao\n|-damage|p2b: Chien-Pao|99\/100\n|-resisted|p2b: Chien-Pao\n|-damage|p2b: Chien-Pao|97\/100\n|-resisted|p2b: Chien-Pao\n|-damage|p2b: Chien-Pao|95\/100\n|-resisted|p2b: Chien-Pao\n|-damage|p2b: Chien-Pao|93\/100\n|-hitcount|p2b: Chien-Pao|4\n|move|p1a: Annihilape|Drain Punch|p2b: Chien-Pao\n|-supereffective|p2b: Chien-Pao\n|-damage|p2b: Chien-Pao|0 fnt\n|-heal|p1a: Annihilape|81\/100|[from] drain|[of] p2b: Chien-Pao\n|faint|p2b: Chien-Pao\n|\n|-heal|p1a: Annihilape|87\/100|[from] item: Leftovers\n|upkeep\n|\n|t:|1683342658\n|switch|p2b: Dragonite|Dragonite, L50, M|100\/100\n|turn|3\n|\n|t:|1683342680\n|move|p1b: Maushold|Protect|p1b: Maushold\n|-singleturn|p1b: Maushold|Protect\n|move|p2a: Flutter Mane|Moonblast|p1a: Annihilape\n|-resisted|p1a: Annihilape\n|-damage|p1a: Annihilape|68\/100\n|-unboost|p1a: Annihilape|spa|1\n|-ability|p1a: Annihilape|Defiant|boost\n|-boost|p1a: Annihilape|atk|2\n|move|p1a: Annihilape|Rage Fist|p2a: Flutter Mane\n|-damage|p2a: Flutter Mane|0 fnt\n|faint|p2a: Flutter Mane\n|-end|p2a: Flutter Mane|Protosynthesis|[silent]\n|move|p2b: Dragonite|Rock Slide|p1b: Maushold|[spread] p1a\n|-activate|p1b: Maushold|move: Protect\n|-supereffective|p1a: Annihilape\n|-damage|p1a: Annihilape|39\/100\n|\n|-heal|p1a: Annihilape|45\/100|[from] item: Leftovers\n|upkeep\n|\n|t:|1683342694\n|switch|p2a: Amoonguss|Amoonguss, L50, F, shiny|100\/100\n|turn|4\n|\n|t:|1683342701\n|move|p1b: Maushold|Follow Me|p1b: Maushold\n|-singleturn|p1b: Maushold|move: Follow Me\n|move|p2a: Amoonguss|Rage Powder|p2a: Amoonguss\n|-singleturn|p2a: Amoonguss|move: Rage Powder\n|move|p1a: Annihilape|Rage Fist|p2a: Amoonguss\n|-damage|p2a: Amoonguss|0 fnt\n|faint|p2a: Amoonguss\n|move|p2b: Dragonite|Rock Slide|p1a: Annihilape|[spread] p1a,p1b\n|-supereffective|p1a: Annihilape\n|-crit|p1a: Annihilape\n|-damage|p1a: Annihilape|0 fnt\n|-damage|p1b: Maushold|73\/100\n|faint|p1a: Annihilape\n|\n|upkeep\n|\n|t:|1683342711\n|switch|p1a: Glimmer|Glimmora, L50, M|100\/100\n|turn|5\n|\n|t:|1683342721\n|move|p1b: Maushold|Protect|p1b: Maushold\n|-singleturn|p1b: Maushold|Protect\n|move|p2b: Dragonite|Rock Slide|p1a: Glimmer|[spread] p1a\n|-activate|p1b: Maushold|move: Protect\n|-damage|p1a: Glimmer|86\/100\n|move|p1a: Glimmer|Power Gem|p2b: Dragonite\n|-supereffective|p2b: Dragonite\n|-damage|p2b: Dragonite|28\/100\n|\n|upkeep\n|turn|6\n|-message|maverick8 forfeited.\n|\n|win|Echo Rose#9471\n|raw|Echo Rose#9471's rating: 1394 → 1410<\/strong> (+16 for winning)\n|raw|maverick8's rating: 1332 → 1316<\/strong> (-16 for losing)\n|l|\u2606maverick8\n","uploadtime":1683342733,"views":12,"p1id":"echorose9471","p2id":"maverick8","formatid":"gen9vgc2023regulationc","rating":1316,"private":0,"password":""}