{"id":"gen9vgc2023regulationc-1854080058","p1":"Stormzd","p2":"capibaraanapoli","format":"[Gen 9] VGC 2023 Regulation C","log":"|j|\u2606Stormzd\n|j|\u2606capibaraanapoli\n|t:|1682765591\n|gametype|doubles\n|player|p1|Stormzd|ghetsis|1118\n|player|p2|capibaraanapoli|170|1134\n|teamsize|p1|6\n|teamsize|p2|6\n|gen|9\n|tier|[Gen 9] VGC 2023 Regulation C\n|rated|\n|rule|Species Clause: Limit one of each Pok\u00e9mon\n|rule|Item Clause: Limit one of each item\n|clearpoke\n|poke|p1|Ampharos, L50, M|\n|poke|p1|Iron Bundle, L50|\n|poke|p1|Iron Hands, L50|\n|poke|p1|Arcanine, L50, F|\n|poke|p1|Amoonguss, L50, F|\n|poke|p1|Mimikyu, L50, M|\n|poke|p2|Ceruledge, L50, F|\n|poke|p2|Scream Tail, L50|\n|poke|p2|Ting-Lu, L50|\n|poke|p2|Gyarados, L50, M|\n|poke|p2|Pachirisu, L50, F|\n|poke|p2|Appletun, L50, M|\n|teampreview|4\n|inactive|Battle timer is ON: inactive players will automatically lose when time's up. (requested by capibaraanapoli)\n|\n|t:|1682765650\n|start\n|switch|p1a: Iron Hands|Iron Hands, L50|100\/100\n|switch|p1b: Amoonguss|Amoonguss, L50, F|100\/100\n|switch|p2a: Pachirisu|Pachirisu, L50, F|100\/100\n|switch|p2b: Ceruledge|Ceruledge, L50, F|100\/100\n|turn|1\n|\n|t:|1682765671\n|switch|p1b: Arcanine|Arcanine, L50, F|100\/100\n|-ability|p1b: Arcanine|Intimidate|boost\n|-unboost|p2a: Pachirisu|atk|1\n|-fail|p2b: Ceruledge|unboost|[from] item: Clear Amulet|[of] p2b: Ceruledge\n|move|p2a: Pachirisu|Follow Me|p2a: Pachirisu\n|-singleturn|p2a: Pachirisu|move: Follow Me\n|move|p2b: Ceruledge|Bitter Blade|p1a: Iron Hands\n|-damage|p1a: Iron Hands|61\/100\n|move|p1a: Iron Hands|Wild Charge|p2a: Pachirisu\n|-immune|p2a: Pachirisu|[from] ability: Volt Absorb\n|\n|upkeep\n|turn|2\n|inactive|capibaraanapoli has 30 seconds left.\n|\n|t:|1682765702\n|switch|p2b: Gyarados|Gyarados, L50, M|100\/100\n|-ability|p2b: Gyarados|Intimidate|boost\n|-unboost|p1a: Iron Hands|atk|1\n|-unboost|p1b: Arcanine|atk|1\n|move|p2a: Pachirisu|Nuzzle|p1b: Arcanine\n|-damage|p1b: Arcanine|97\/100\n|-status|p1b: Arcanine|par\n|move|p1a: Iron Hands|Drain Punch|p2a: Pachirisu\n|-damage|p2a: Pachirisu|56\/100\n|-heal|p1a: Iron Hands|77\/100|[from] drain|[of] p2a: Pachirisu\n|move|p1b: Arcanine|Close Combat|p2a: Pachirisu\n|-damage|p2a: Pachirisu|17\/100\n|-unboost|p1b: Arcanine|def|1\n|-unboost|p1b: Arcanine|spd|1\n|\n|upkeep\n|turn|3\n|inactive|Stormzd has 30 seconds left.\n|inactive|capibaraanapoli has 30 seconds left.\n|inactive|capibaraanapoli has 20 seconds left.\n|\n|t:|1682765738\n|cant|p1b: Arcanine|par\n|move|p2a: Pachirisu|Charm|p1a: Iron Hands\n|-unboost|p1a: Iron Hands|atk|2\n|move|p2b: Gyarados|Waterfall|p1b: Arcanine\n|-supereffective|p1b: Arcanine\n|-damage|p1b: Arcanine|0 fnt\n|faint|p1b: Arcanine\n|-damage|p2b: Gyarados|91\/100|[from] item: Life Orb\n|move|p1a: Iron Hands|Drain Punch|p2a: Pachirisu\n|-damage|p2a: Pachirisu|0 fnt\n|-heal|p1a: Iron Hands|84\/100|[from] drain|[of] p2a: Pachirisu\n|faint|p2a: Pachirisu\n|\n|upkeep\n|\n|t:|1682765757\n|switch|p2a: Appletun|Appletun, L50, M|100\/100\n|switch|p1b: Iron Bundle|Iron Bundle, L50|100\/100\n|turn|4\n|\n|t:|1682765768\n|-terastallize|p2a: Appletun|Steel\n|move|p1b: Iron Bundle|Freeze-Dry|p2a: Appletun\n|-resisted|p2a: Appletun\n|-damage|p2a: Appletun|91\/100\n|move|p2b: Gyarados|Waterfall|p1b: Iron Bundle\n|-resisted|p1b: Iron Bundle\n|-damage|p1b: Iron Bundle|66\/100\n|-damage|p2b: Gyarados|81\/100|[from] item: Life Orb\n|move|p1a: Iron Hands|Volt Switch|p2b: Gyarados\n|-supereffective|p2b: Gyarados\n|-damage|p2b: Gyarados|21\/100\n|\n|t:|1682765779\n|-end|p1a: Iron Hands|Quark Drive|[silent]\n|switch|p1a: Amoonguss|Amoonguss, L50, F|100\/100|[from] Volt Switch\n|move|p2a: Appletun|Iron Defense|p2a: Appletun\n|-boost|p2a: Appletun|def|2\n|\n|-heal|p2a: Appletun|97\/100|[from] item: Leftovers\n|upkeep\n|turn|5\n|\n|t:|1682765792\n|move|p1b: Iron Bundle|Freeze-Dry|p2b: Gyarados\n|-supereffective|p2b: Gyarados\n|-damage|p2b: Gyarados|0 fnt\n|faint|p2b: Gyarados\n|move|p1a: Amoonguss|Spore|p2a: Appletun\n|-status|p2a: Appletun|slp|[from] move: Spore\n|cant|p2a: Appletun|slp\n|\n|-heal|p2a: Appletun|100\/100 slp|[from] item: Leftovers\n|upkeep\n|\n|t:|1682765798\n|switch|p2b: Ceruledge|Ceruledge, L50, F|100\/100\n|turn|6\n|\n|t:|1682765809\n|-terastallize|p1a: Amoonguss|Fire\n|move|p2b: Ceruledge|Protect|p2b: Ceruledge\n|-singleturn|p2b: Ceruledge|Protect\n|move|p1a: Amoonguss|Rage Powder|p1a: Amoonguss\n|-singleturn|p1a: Amoonguss|move: Rage Powder\n|move|p1b: Iron Bundle|Hydro Pump|p2b: Ceruledge\n|-activate|p2b: Ceruledge|move: Protect\n|cant|p2a: Appletun|slp\n|\n|upkeep\n|turn|7\n|\n|t:|1682765823\n|move|p1a: Amoonguss|Rage Powder|p1a: Amoonguss\n|-singleturn|p1a: Amoonguss|move: Rage Powder\n|move|p1b: Iron Bundle|Hydro Pump|p2a: Appletun|[miss]\n|-miss|p1b: Iron Bundle|p2a: Appletun\n|move|p2b: Ceruledge|Bitter Blade|p1a: Amoonguss\n|-resisted|p1a: Amoonguss\n|-damage|p1a: Amoonguss|81\/100\n|-curestatus|p2a: Appletun|slp|[msg]\n|move|p2a: Appletun|Leech Seed|p1a: Amoonguss\n|-start|p1a: Amoonguss|move: Leech Seed\n|\n|-damage|p1a: Amoonguss|69\/100|[from] Leech Seed|[of] p2a: Appletun\n|upkeep\n|turn|8\n|\n|t:|1682765840\n|move|p1a: Amoonguss|Rage Powder|p1a: Amoonguss\n|-singleturn|p1a: Amoonguss|move: Rage Powder\n|move|p2b: Ceruledge|Shadow Sneak|p1a: Amoonguss\n|-crit|p1a: Amoonguss\n|-damage|p1a: Amoonguss|42\/100\n|-enditem|p1a: Amoonguss|Sitrus Berry|[eat]\n|-heal|p1a: Amoonguss|67\/100|[from] item: Sitrus Berry\n|move|p1b: Iron Bundle|Hydro Pump|p2b: Ceruledge\n|-supereffective|p2b: Ceruledge\n|-damage|p2b: Ceruledge|0 fnt\n|faint|p2b: Ceruledge\n|move|p2a: Appletun|Iron Defense|p2a: Appletun\n|-boost|p2a: Appletun|def|2\n|\n|-damage|p1a: Amoonguss|55\/100|[from] Leech Seed|[of] p2a: Appletun\n|upkeep\n|turn|9\n|\n|t:|1682765851\n|move|p1b: Iron Bundle|Hydro Pump|p2a: Appletun\n|-damage|p2a: Appletun|43\/100\n|move|p1a: Amoonguss|Spore|p2a: Appletun\n|-status|p2a: Appletun|slp|[from] move: Spore\n|cant|p2a: Appletun|slp\n|\n|-heal|p2a: Appletun|49\/100 slp|[from] item: Leftovers\n|-damage|p1a: Amoonguss|43\/100|[from] Leech Seed|[of] p2a: Appletun\n|-heal|p2a: Appletun|62\/100 slp|[silent]\n|upkeep\n|turn|10\n|\n|t:|1682765867\n|switch|p1a: Iron Hands|Iron Hands, L50|84\/100\n|-curestatus|p2a: Appletun|slp|[msg]\n|move|p2a: Appletun|Protect|p2a: Appletun\n|-singleturn|p2a: Appletun|Protect\n|move|p1b: Iron Bundle|Hydro Pump|p2a: Appletun\n|-activate|p2a: Appletun|move: Protect\n|\n|-heal|p2a: Appletun|68\/100|[from] item: Leftovers\n|upkeep\n|turn|11\n|\n|t:|1682765883\n|move|p2a: Appletun|Protect|p2a: Appletun\n|-singleturn|p2a: Appletun|Protect\n|move|p1a: Iron Hands|Fake Out|p2a: Appletun\n|-activate|p2a: Appletun|move: Protect\n|move|p1b: Iron Bundle|Hydro Pump|p2a: Appletun\n|-activate|p2a: Appletun|move: Protect\n|\n|-heal|p2a: Appletun|74\/100|[from] item: Leftovers\n|upkeep\n|turn|12\n|\n|t:|1682765890\n|move|p1b: Iron Bundle|Hydro Pump|p2a: Appletun|[miss]\n|-miss|p1b: Iron Bundle|p2a: Appletun\n|move|p1a: Iron Hands|Drain Punch|p2a: Appletun\n|-supereffective|p2a: Appletun\n|-crit|p2a: Appletun\n|-damage|p2a: Appletun|0 fnt\n|-heal|p1a: Iron Hands|100\/100|[from] drain|[of] p2a: Appletun\n|faint|p2a: Appletun\n|\n|win|Stormzd\n|raw|Stormzd's rating: 1118 → 1144<\/strong> (+26 for winning)\n|raw|capibaraanapoli's rating: 1134 → 1108<\/strong> (-26 for losing)\n|l|\u2606capibaraanapoli\n|c|\u2606Stormzd|bro my luck\n","uploadtime":1682765903,"views":22,"p1id":"stormzd","p2id":"capibaraanapoli","formatid":"gen9vgc2023regulationc","rating":1108,"private":0,"password":""}