{"id":"gen9vgc2023regulationc-1848088803","p1":"ScooteezyYT","p2":"PiscoFGT","format":"[Gen 9] VGC 2023 Regulation C","log":"|j|\u2606ScooteezyYT\n|j|\u2606PiscoFGT\n|t:|1682028376\n|gametype|doubles\n|player|p1|ScooteezyYT|red|1370\n|player|p2|PiscoFGT|lucas|1353\n|teamsize|p1|6\n|teamsize|p2|6\n|gen|9\n|tier|[Gen 9] VGC 2023 Regulation C\n|rated|\n|rule|Species Clause: Limit one of each Pok\u00e9mon\n|rule|Item Clause: Limit one of each item\n|clearpoke\n|poke|p1|Azumarill, L50, F|\n|poke|p1|Amoonguss, L50, F|\n|poke|p1|Arcanine, L50, F|\n|poke|p1|Flutter Mane, L50|\n|poke|p1|Chien-Pao, L50|\n|poke|p1|Dragonite, L50, M|\n|poke|p2|Abomasnow, L50, M|\n|poke|p2|Iron Bundle, L50|\n|poke|p2|Scream Tail, L50|\n|poke|p2|Gyarados, L50, M|\n|poke|p2|Iron Hands, L50|\n|poke|p2|Garchomp, L50, M|\n|teampreview|4\n|inactive|Battle timer is ON: inactive players will automatically lose when time's up. (requested by PiscoFGT)\n|\n|t:|1682028406\n|start\n|switch|p1a: Azumarill|Azumarill, L50, F|100\/100\n|switch|p1b: Arcanine|Arcanine, L50, F|100\/100\n|switch|p2a: Gyarados|Gyarados, L50, M, shiny|100\/100\n|switch|p2b: Iron Hands|Iron Hands, L50, shiny|100\/100\n|-ability|p1b: Arcanine|Intimidate|boost\n|-unboost|p2a: Gyarados|atk|1\n|-fail|p2b: Iron Hands|unboost|[from] item: Clear Amulet|[of] p2b: Iron Hands\n|-ability|p2a: Gyarados|Intimidate|boost\n|-unboost|p1a: Azumarill|atk|1\n|-unboost|p1b: Arcanine|atk|1\n|turn|1\n|\n|t:|1682028427\n|switch|p1a: Chien-Pao|Chien-Pao, L50|100\/100\n|-ability|p1a: Chien-Pao|Sword of Ruin\n|-terastallize|p2b: Iron Hands|Fire\n|move|p1b: Arcanine|Will-O-Wisp|p2b: Iron Hands\n|-immune|p2b: Iron Hands\n|move|p2a: Gyarados|Thunder Wave|p1b: Arcanine\n|-status|p1b: Arcanine|par\n|move|p2b: Iron Hands|Thunder Punch|p1a: Chien-Pao\n|-damage|p1a: Chien-Pao|35\/100\n|\n|upkeep\n|turn|2\n|\n|t:|1682028447\n|move|p1a: Chien-Pao|Protect|p1a: Chien-Pao\n|-singleturn|p1a: Chien-Pao|Protect\n|move|p2a: Gyarados|Thunder Wave|p1b: Arcanine\n|-fail|p1b: Arcanine|par\n|move|p1b: Arcanine|Will-O-Wisp|p2a: Gyarados\n|-status|p2a: Gyarados|brn\n|move|p2b: Iron Hands|Thunder Punch|p1a: Chien-Pao\n|-activate|p1a: Chien-Pao|move: Protect\n|\n|-damage|p2a: Gyarados|95\/100 brn|[from] brn\n|upkeep\n|turn|3\n|\n|t:|1682028470\n|move|p1a: Chien-Pao|Ice Spinner|p2a: Gyarados\n|-damage|p2a: Gyarados|50\/100 brn\n|move|p2a: Gyarados|Waterfall|p1b: Arcanine\n|-supereffective|p1b: Arcanine\n|-damage|p1b: Arcanine|62\/100 par\n|move|p1b: Arcanine|Howl|p1b: Arcanine|[spread] p1a,p1b\n|-boost|p1a: Chien-Pao|atk|1\n|-boost|p1b: Arcanine|atk|1\n|move|p2b: Iron Hands|Thunder Punch|p1a: Chien-Pao\n|-damage|p1a: Chien-Pao|0 fnt\n|faint|p1a: Chien-Pao\n|\n|-heal|p2a: Gyarados|56\/100 brn|[from] item: Leftovers\n|-damage|p2a: Gyarados|50\/100 brn|[from] brn\n|upkeep\n|\n|t:|1682028475\n|switch|p1a: Azumarill|Azumarill, L50, F|100\/100\n|turn|4\n|\n|t:|1682028492\n|-terastallize|p1a: Azumarill|Fire\n|move|p2a: Gyarados|Helping Hand|p2b: Iron Hands\n|-singleturn|p2b: Iron Hands|Helping Hand|[of] p2a: Gyarados\n|move|p1b: Arcanine|Howl|p1b: Arcanine|[spread] p1a,p1b\n|-boost|p1a: Azumarill|atk|1\n|-boost|p1b: Arcanine|atk|1\n|move|p1a: Azumarill|Play Rough|p2a: Gyarados\n|-damage|p2a: Gyarados|0 fnt\n|faint|p2a: Gyarados\n|move|p2b: Iron Hands|Thunder Punch|p1a: Azumarill\n|-damage|p1a: Azumarill|30\/100\n|\n|upkeep\n|inactive|PiscoFGT has 30 seconds left.\n|l|\u2606PiscoFGT\n|inactive|PiscoFGT disconnected and has a minute to reconnect!\n|player|p2|\n|inactive|PiscoFGT has 20 seconds left.\n|inactive|PiscoFGT has 15 seconds left.\n|inactive|PiscoFGT has 10 seconds left.\n|inactive|PiscoFGT has 5 seconds left.\n|j|\u2606PiscoFGT\n|inactive|PiscoFGT reconnected and has 5 seconds left.\n|player|p2|PiscoFGT|lucas\n|\n|t:|1682028547\n|switch|p2a: Scream Tail|Scream Tail, L50|100\/100\n|-enditem|p2a: Scream Tail|Booster Energy\n|-activate|p2a: Scream Tail|ability: Protosynthesis|[fromitem]\n|-start|p2a: Scream Tail|protosynthesisspe\n|turn|5\n|\n|t:|1682028562\n|move|p2a: Scream Tail|Protect|p2a: Scream Tail\n|-singleturn|p2a: Scream Tail|Protect\n|move|p1b: Arcanine|Extreme Speed|p2b: Iron Hands\n|-damage|p2b: Iron Hands|76\/100\n|move|p1a: Azumarill|Aqua Jet|p2b: Iron Hands\n|-supereffective|p2b: Iron Hands\n|-crit|p2b: Iron Hands\n|-damage|p2b: Iron Hands|0 fnt\n|faint|p2b: Iron Hands\n|-end|p2b: Iron Hands|Quark Drive|[silent]\n|\n|upkeep\n|\n|t:|1682028570\n|switch|p2b: Garchomp|Garchomp, L50, M|100\/100\n|turn|6\n|\n|t:|1682028585\n|move|p2a: Scream Tail|Protect||[still]\n|-fail|p2a: Scream Tail\n|move|p1b: Arcanine|Extreme Speed|p2b: Garchomp\n|-damage|p2b: Garchomp|61\/100\n|-damage|p1b: Arcanine|50\/100 par|[from] ability: Rough Skin|[of] p2b: Garchomp\n|move|p1a: Azumarill|Aqua Jet|p2b: Garchomp\n|-damage|p2b: Garchomp|21\/100\n|-damage|p1a: Azumarill|18\/100|[from] ability: Rough Skin|[of] p2b: Garchomp\n|move|p2b: Garchomp|Earthquake|p1a: Azumarill|[spread] p2a,p1a,p1b\n|-supereffective|p1a: Azumarill\n|-supereffective|p1b: Arcanine\n|-damage|p2a: Scream Tail|76\/100\n|-damage|p1a: Azumarill|0 fnt\n|-damage|p1b: Arcanine|0 fnt\n|faint|p1a: Azumarill\n|faint|p1b: Arcanine\n|\n|upkeep\n|\n|t:|1682028592\n|switch|p1b: Dragonite|Dragonite, L50, M|100\/100\n|turn|7\n|\n|t:|1682028598\n|move|p2a: Scream Tail|Protect|p2a: Scream Tail\n|-singleturn|p2a: Scream Tail|Protect\n|move|p1b: Dragonite|Extreme Speed|p2b: Garchomp\n|-damage|p2b: Garchomp|0 fnt\n|-damage|p1b: Dragonite|88\/100|[from] ability: Rough Skin|[of] p2b: Garchomp\n|faint|p2b: Garchomp\n|\n|upkeep\n|turn|8\n|\n|t:|1682028607\n|move|p1b: Dragonite|Extreme Speed|p2a: Scream Tail\n|-damage|p2a: Scream Tail|42\/100\n|move|p2a: Scream Tail|Disable|p1b: Dragonite\n|-start|p1b: Dragonite|Disable|Extreme Speed\n|\n|upkeep\n|turn|9\n|\n|t:|1682028614\n|move|p2a: Scream Tail|Encore|p1b: Dragonite\n|-start|p1b: Dragonite|Encore\n|-activate|p1b: Dragonite|move: Struggle\n|move|p1b: Dragonite|Struggle|p2a: Scream Tail\n|-damage|p2a: Scream Tail|24\/100\n|-damage|p1b: Dragonite|63\/100|[from] recoil\n|\n|upkeep\n|turn|10\n|\n|t:|1682028621\n|move|p2a: Scream Tail|Dazzling Gleam|p1b: Dragonite\n|-supereffective|p1b: Dragonite\n|-damage|p1b: Dragonite|27\/100\n|-activate|p1b: Dragonite|move: Struggle\n|move|p1b: Dragonite|Struggle|p2a: Scream Tail\n|-damage|p2a: Scream Tail|2\/100\n|-damage|p1b: Dragonite|2\/100|[from] recoil\n|\n|upkeep\n|turn|11\n|\n|t:|1682028630\n|move|p2a: Scream Tail|Dazzling Gleam|p1b: Dragonite\n|-supereffective|p1b: Dragonite\n|-damage|p1b: Dragonite|0 fnt\n|faint|p1b: Dragonite\n|\n|win|PiscoFGT\n|raw|ScooteezyYT's rating: 1347 → 1327<\/strong> (-20 for losing)\n|raw|PiscoFGT's rating: 1353 → 1373<\/strong> (+20 for winning)\n","uploadtime":1682028640,"views":4,"p1id":"scooteezyyt","p2id":"piscofgt","formatid":"gen9vgc2023regulationc","rating":1327,"private":0,"password":""}