{"id":"gen9vgc2023regulationc-1852968973","p1":"Wyvern129","p2":"Ghazi02","format":"[Gen 9] VGC 2023 Regulation C","log":"|j|\u2606Wyvern129\n|j|\u2606Ghazi02\n|t:|1682621542\n|gametype|doubles\n|player|p1|Wyvern129|giovanni|\n|player|p2|Ghazi02|lucas|\n|teamsize|p1|6\n|teamsize|p2|6\n|gen|9\n|tier|[Gen 9] VGC 2023 Regulation C\n|rule|Species Clause: Limit one of each Pok\u00e9mon\n|rule|Item Clause: Limit one of each item\n|clearpoke\n|poke|p1|Flutter Mane, L50|\n|poke|p1|Iron Hands, L50|\n|poke|p1|Amoonguss, L50, M|\n|poke|p1|Chi-Yu, L50|\n|poke|p1|Gholdengo, L50|\n|poke|p1|Garchomp, L50, F|\n|poke|p2|Lilligant, L50, F|\n|poke|p2|Torkoal, L50, M|\n|poke|p2|Flutter Mane, L50|\n|poke|p2|Kingambit, L50, M|\n|poke|p2|Dragonite, L50, M|\n|poke|p2|Great Tusk, L50|\n|teampreview|4\n|inactive|Battle timer is ON: inactive players will automatically lose when time's up. (requested by Ghazi02)\nGhazi02 rejected open team sheets.\n|inactive|Wyvern129 has 60 seconds left.\n|\n|t:|1682621582\n|start\n|switch|p1a: Iron Hands|Iron Hands, L50|100\/100\n|switch|p1b: Chi-Yu|Chi-Yu, L50|100\/100\n|switch|p2a: NUCLEAR|Torkoal, L50, M, shiny|100\/100\n|switch|p2b: MOB|Lilligant, L50, F, shiny|100\/100\n|-ability|p1b: Chi-Yu|Beads of Ruin\n|-weather|SunnyDay|[from] ability: Drought|[of] p2a: NUCLEAR\n|turn|1\n|inactive|Wyvern129 has 30 seconds left.\n|\n|t:|1682621608\n|move|p2b: MOB|Protect|p2b: MOB\n|-singleturn|p2b: MOB|Protect\n|move|p2a: NUCLEAR|Protect|p2a: NUCLEAR\n|-singleturn|p2a: NUCLEAR|Protect\n|move|p1a: Iron Hands|Fake Out|p2a: NUCLEAR\n|-activate|p2a: NUCLEAR|move: Protect\n|move|p1b: Chi-Yu|Heat Wave|p2a: NUCLEAR|[spread] \n|-activate|p2a: NUCLEAR|move: Protect\n|-activate|p2b: MOB|move: Protect\n|\n|-weather|SunnyDay|[upkeep]\n|upkeep\n|turn|2\n|\n|t:|1682621622\n|move|p2b: MOB|After You|p2a: NUCLEAR\n|-activate|p2a: NUCLEAR|move: After You\n|move|p2a: NUCLEAR|Eruption|p1a: Iron Hands|[spread] p1a,p1b\n|-resisted|p1b: Chi-Yu\n|-damage|p1a: Iron Hands|34\/100\n|-damage|p1b: Chi-Yu|47\/100\n|move|p1b: Chi-Yu|Heat Wave|p2a: NUCLEAR|[spread] \n|-miss|p1b: Chi-Yu|p2a: NUCLEAR\n|-miss|p1b: Chi-Yu|p2b: MOB\n|move|p1a: Iron Hands|Drain Punch|p2b: MOB\n|-damage|p2b: MOB|34\/100\n|-heal|p1a: Iron Hands|55\/100|[from] drain|[of] p2b: MOB\n|\n|-weather|SunnyDay|[upkeep]\n|upkeep\n|turn|3\n|c|\u2606Ghazi02|hiding\n|\n|t:|1682621645\n|move|p2b: MOB|After You|p2a: NUCLEAR\n|-activate|p2a: NUCLEAR|move: After You\n|move|p2a: NUCLEAR|Eruption|p1a: Iron Hands|[spread] p1a,p1b\n|-crit|p1a: Iron Hands\n|-resisted|p1b: Chi-Yu\n|-damage|p1a: Iron Hands|0 fnt\n|-damage|p1b: Chi-Yu|0 fnt\n|faint|p1a: Iron Hands\n|-end|p1a: Iron Hands|Quark Drive|[silent]\n|faint|p1b: Chi-Yu\n|\n|-weather|SunnyDay|[upkeep]\n|upkeep\n|\n|t:|1682621653\n|switch|p1b: Gholdengo|Gholdengo, L50|100\/100\n|switch|p1a: Flutter Mane|Flutter Mane, L50|100\/100\n|-activate|p1a: Flutter Mane|ability: Protosynthesis\n|-start|p1a: Flutter Mane|protosynthesisspe\n|turn|4\n|\n|t:|1682621670\n|move|p1b: Gholdengo|Protect|p1b: Gholdengo\n|-singleturn|p1b: Gholdengo|Protect\n|move|p2b: MOB|After You|p2a: NUCLEAR\n|-activate|p2a: NUCLEAR|move: After You\n|move|p2a: NUCLEAR|Eruption|p1a: Flutter Mane|[spread] p1a\n|-activate|p1b: Gholdengo|move: Protect\n|-damage|p1a: Flutter Mane|13\/100\n|move|p1a: Flutter Mane|Dazzling Gleam|p2a: NUCLEAR|[spread] p2a,p2b\n|-resisted|p2a: NUCLEAR\n|-damage|p2a: NUCLEAR|80\/100\n|-damage|p2b: MOB|0 fnt\n|faint|p2b: MOB\n|\n|-weather|SunnyDay|[upkeep]\n|upkeep\n|\n|t:|1682621682\n|switch|p2b: BIGHEAD|Great Tusk, L50, shiny|100\/100\n|-activate|p2b: BIGHEAD|ability: Protosynthesis\n|-start|p2b: BIGHEAD|protosynthesisatk\n|turn|5\n|inactive|Wyvern129 has 30 seconds left.\n|\n|t:|1682621708\n|-terastallize|p2b: BIGHEAD|Steel\n|move|p1a: Flutter Mane|Shadow Ball|p2a: NUCLEAR\n|-damage|p2a: NUCLEAR|20\/100\n|move|p2b: BIGHEAD|Headlong Rush|p1b: Gholdengo\n|-supereffective|p1b: Gholdengo\n|-damage|p1b: Gholdengo|0 fnt\n|-unboost|p2b: BIGHEAD|def|1\n|-unboost|p2b: BIGHEAD|spd|1\n|faint|p1b: Gholdengo\n|move|p2a: NUCLEAR|Eruption|p1a: Flutter Mane\n|-damage|p1a: Flutter Mane|0 fnt\n|faint|p1a: Flutter Mane\n|-end|p1a: Flutter Mane|Protosynthesis|[silent]\n|\n|win|Ghazi02\n","uploadtime":1682621734,"views":5,"p1id":"wyvern129","p2id":"ghazi02","formatid":"gen9vgc2023regulationc","rating":0,"private":0,"password":""}