{"id":"gen9vgc2023regulationc-1845489925","p1":"weejx","p2":"GB Seraphix","format":"[Gen 9] VGC 2023 Regulation C","log":"|j|\u2606weejx\n|j|\u2606GB Seraphix\n|t:|1681738828\n|gametype|doubles\n|player|p1|weejx|colress|1149\n|player|p2|GB Seraphix|rosa|1221\n|teamsize|p1|6\n|teamsize|p2|6\n|gen|9\n|tier|[Gen 9] VGC 2023 Regulation C\n|rated|\n|rule|Species Clause: Limit one of each Pok\u00e9mon\n|rule|Item Clause: Limit one of each item\n|clearpoke\n|poke|p1|Ceruledge, L50, F|\n|poke|p1|Amoonguss, L50, M|\n|poke|p1|Farigiraf, L50, M|\n|poke|p1|Baxcalibur, L50, F|\n|poke|p1|Gastrodon, L50, F|\n|poke|p1|Rotom-Mow, L50|\n|poke|p2|Maushold, L50|\n|poke|p2|Annihilape, L50, M|\n|poke|p2|Amoonguss, L50, M|\n|poke|p2|Gholdengo, L50|\n|poke|p2|Ting-Lu, L50|\n|poke|p2|Gyarados, L50, M|\n|teampreview|4\n|\n|t:|1681738881\n|start\n|switch|p1a: Knife|Ceruledge, L50, F, shiny|100\/100\n|switch|p1b: Ladle|Farigiraf, L50, M|100\/100\n|switch|p2a: Maushold|Maushold, L50|100\/100\n|switch|p2b: Gholdengo|Gholdengo, L50|100\/100\n|turn|1\n|\n|t:|1681738925\n|-terastallize|p1b: Ladle|Fire\n|move|p2a: Maushold|Follow Me|p2a: Maushold\n|-singleturn|p2a: Maushold|move: Follow Me\n|move|p2b: Gholdengo|Trick|p1b: Ladle\n|-activate|p2b: Gholdengo|move: Trick|[of] p1b: Ladle\n|-item|p1b: Ladle|Choice Specs|[from] move: Trick\n|-item|p2b: Gholdengo|Safety Goggles|[from] move: Trick\n|move|p1a: Knife|Bitter Blade|p2a: Maushold\n|-damage|p2a: Maushold|47\/100\n|move|p1b: Ladle|Trick Room|p1b: Ladle\n|-fieldstart|move: Trick Room|[of] p1b: Ladle\n|\n|upkeep\n|turn|2\n|\n|t:|1681738956\n|switch|p1b: Dishwasher|Gastrodon, L50, F|100\/100\n|-terastallize|p2b: Gholdengo|Water\n|move|p2a: Maushold|Protect|p2a: Maushold\n|-singleturn|p2a: Maushold|Protect\n|move|p1a: Knife|Bitter Blade|p2b: Gholdengo\n|-resisted|p2b: Gholdengo\n|-damage|p2b: Gholdengo|84\/100\n|move|p2b: Gholdengo|Shadow Ball|p1a: Knife\n|-supereffective|p1a: Knife\n|-crit|p1a: Knife\n|-damage|p1a: Knife|0 fnt\n|faint|p1a: Knife\n|\n|upkeep\n|\n|t:|1681738967\n|switch|p1a: Ladle|Farigiraf, L50, M, tera:Fire|100\/100\n|turn|3\n|\n|t:|1681738990\n|move|p1b: Dishwasher|Chilling Water|p2a: Maushold\n|-damage|p2a: Maushold|30\/100\n|-unboost|p2a: Maushold|atk|1\n|move|p1a: Ladle|Psyshock|p2b: Gholdengo\n|-damage|p2b: Gholdengo|40\/100\n|move|p2b: Gholdengo|Shadow Ball|p1a: Ladle\n|-damage|p1a: Ladle|51\/100\n|move|p2a: Maushold|Super Fang|p1b: Dishwasher\n|-damage|p1b: Dishwasher|50\/100\n|\n|-heal|p1b: Dishwasher|56\/100|[from] item: Leftovers\n|upkeep\n|turn|4\n|\n|t:|1681739009\n|move|p2a: Maushold|Follow Me|p2a: Maushold\n|-singleturn|p2a: Maushold|move: Follow Me\n|move|p1b: Dishwasher|Chilling Water|p2a: Maushold\n|-damage|p2a: Maushold|13\/100\n|-unboost|p2a: Maushold|atk|1\n|move|p1a: Ladle|Psyshock|p2a: Maushold\n|-crit|p2a: Maushold\n|-damage|p2a: Maushold|0 fnt\n|faint|p2a: Maushold\n|move|p2b: Gholdengo|Make It Rain|p1b: Dishwasher|[spread] p1a,p1b\n|-resisted|p1a: Ladle\n|-resisted|p1b: Dishwasher\n|-damage|p1a: Ladle|23\/100\n|-damage|p1b: Dishwasher|32\/100\n|-unboost|p2b: Gholdengo|spa|1\n|\n|-heal|p1b: Dishwasher|38\/100|[from] item: Leftovers\n|upkeep\n|\n|t:|1681739028\n|switch|p2a: Annihilape|Annihilape, L50, M|100\/100\n|turn|5\n|\n|t:|1681739058\n|move|p2a: Annihilape|Protect|p2a: Annihilape\n|-singleturn|p2a: Annihilape|Protect\n|move|p1b: Dishwasher|Recover|p1b: Dishwasher\n|-heal|p1b: Dishwasher|88\/100\n|move|p1a: Ladle|Psyshock|p2b: Gholdengo\n|-damage|p2b: Gholdengo|0 fnt\n|faint|p2b: Gholdengo\n|\n|-heal|p1b: Dishwasher|94\/100|[from] item: Leftovers\n|-fieldend|move: Trick Room\n|upkeep\n|\n|t:|1681739068\n|switch|p2b: Amoonguss|Amoonguss, L50, M|100\/100\n|turn|6\n|\n|t:|1681739085\n|switch|p1b: Icebox|Baxcalibur, L50, F|100\/100\n|move|p2a: Annihilape|Bulk Up|p2a: Annihilape\n|-boost|p2a: Annihilape|atk|1\n|-boost|p2a: Annihilape|def|1\n|move|p1a: Ladle|Psyshock|p2b: Amoonguss\n|-supereffective|p2b: Amoonguss\n|-damage|p2b: Amoonguss|0 fnt\n|faint|p2b: Amoonguss\n|\n|upkeep\n|turn|7\n|\n|t:|1681739097\n|move|p2a: Annihilape|Drain Punch|p1b: Icebox\n|-supereffective|p1b: Icebox\n|-damage|p1b: Icebox|19\/100\n|move|p1b: Icebox|Glaive Rush|p2a: Annihilape\n|-damage|p2a: Annihilape|58\/100\n|-singlemove|p1b: Icebox|Glaive Rush|[silent]\n|move|p1a: Ladle|Psyshock|p2a: Annihilape\n|-supereffective|p2a: Annihilape\n|-damage|p2a: Annihilape|0 fnt\n|faint|p2a: Annihilape\n|\n|win|weejx\n|raw|weejx's rating: 1149 → 1179<\/strong> (+30 for winning)\n|raw|GB Seraphix's rating: 1221 → 1191<\/strong> (-30 for losing)\n|c|\u2606weejx|Thanks for the specs\n|l|\u2606weejx\n","uploadtime":1681739120,"views":9,"p1id":"weejx","p2id":"gbseraphix","formatid":"gen9vgc2023regulationc","rating":1179,"private":0,"password":""}