{"id":"gen9vgc2023regulationc-1862927407","p1":"The Local Emo","p2":"wackomarko","format":"[Gen 9] VGC 2023 Regulation C","log":"|j|\u2606The Local Emo\n|j|\u2606wackomarko\n|t:|1683939524\n|gametype|doubles\n|player|p1|The Local Emo|guitarist|1064\n|player|p2|wackomarko|hiker-gen4|1133\n|teamsize|p1|6\n|teamsize|p2|6\n|gen|9\n|tier|[Gen 9] VGC 2023 Regulation C\n|rated|\n|rule|Species Clause: Limit one of each Pok\u00e9mon\n|rule|Item Clause: Limit one of each item\n|clearpoke\n|poke|p1|Dondozo, L50, M|\n|poke|p1|Tatsugiri, L50, M|\n|poke|p1|Flutter Mane, L50|\n|poke|p1|Flamigo, L50, F|\n|poke|p1|Kingambit, L50, F|\n|poke|p1|Dragapult, L50, M|\n|poke|p2|Talonflame, L50, M|\n|poke|p2|Amoonguss, L50, M|\n|poke|p2|Flutter Mane, L50|\n|poke|p2|Chien-Pao, L50|\n|poke|p2|Gyarados, L50, F|\n|poke|p2|Dragapult, L50, M|\n|teampreview|4\nThe Local Emo rejected open team sheets.\n|c|\u2606The Local Emo|glhf\n|\n|t:|1683939589\n|start\n|switch|p1a: *insert use rate*|Flutter Mane, L50, shiny|100\/100\n|switch|p1b: perishable goods|Tatsugiri, L50, M, shiny|100\/100\n|switch|p2a: Talonflame|Talonflame, L50, M, shiny|100\/100\n|switch|p2b: Chien-Pao|Chien-Pao, L50|100\/100\n|-ability|p2b: Chien-Pao|Sword of Ruin\n|turn|1\n|c|\u2606wackomarko|same to you\n|\n|t:|1683939612\n|move|p2b: Chien-Pao|Protect|p2b: Chien-Pao\n|-singleturn|p2b: Chien-Pao|Protect\n|move|p1b: perishable goods|Protect|p1b: perishable goods\n|-singleturn|p1b: perishable goods|Protect\n|move|p2a: Talonflame|Tailwind|p2a: Talonflame\n|-sidestart|p2: wackomarko|move: Tailwind\n|move|p1a: *insert use rate*|Perish Song|p1a: *insert use rate*\n|-start|p1a: *insert use rate*|perish3|[silent]\n|-start|p1b: perishable goods|perish3|[silent]\n|-start|p2a: Talonflame|perish3|[silent]\n|-start|p2b: Chien-Pao|perish3|[silent]\n|-fieldactivate|move: Perish Song\n|\n|-start|p2b: Chien-Pao|perish3\n|-start|p2a: Talonflame|perish3\n|-start|p1a: *insert use rate*|perish3\n|-start|p1b: perishable goods|perish3\n|upkeep\n|turn|2\n|\n|t:|1683939659\n|move|p1b: perishable goods|Endure|p1b: perishable goods\n|-singleturn|p1b: perishable goods|move: Endure\n|move|p2b: Chien-Pao|Sucker Punch|p1a: *insert use rate*\n|-damage|p1a: *insert use rate*|7\/100\n|move|p2a: Talonflame|Brave Bird|p1a: *insert use rate*\n|-damage|p1a: *insert use rate*|0 fnt\n|faint|p1a: *insert use rate*\n|-end|p1a: *insert use rate*|Protosynthesis|[silent]\n|-damage|p2a: Talonflame|99\/100|[from] Recoil\n|\n|-start|p2b: Chien-Pao|perish2\n|-start|p2a: Talonflame|perish2\n|-start|p1b: perishable goods|perish2\n|upkeep\n|\n|t:|1683939677\n|switch|p1a: The Bozo|Dondozo, L50, M, shiny|100\/100\n|-activate|p1b: perishable goods|ability: Commander|[of] p1a: The Bozo\n|-boost|p1a: The Bozo|atk|2\n|-boost|p1a: The Bozo|spa|2\n|-boost|p1a: The Bozo|spe|2\n|-boost|p1a: The Bozo|def|2\n|-boost|p1a: The Bozo|spd|2\n|turn|3\n|\n|t:|1683939687\n|switch|p2b: Dragapult|Dragapult, L50, M, shiny|100\/100\n|switch|p2a: Flutter Mane|Flutter Mane, L50, shiny|100\/100\n|move|p1a: The Bozo|Protect||[still]\n|-fail|p1a: The Bozo\n|\n|-start|p1b: perishable goods|perish1\n|upkeep\n|turn|4\n|\n|t:|1683939712\n|-end|p2a: Flutter Mane|Protosynthesis|[silent]\n|switch|p2a: Chien-Pao|Chien-Pao, L50|100\/100\n|-ability|p2a: Chien-Pao|Sword of Ruin\n|-terastallize|p2b: Dragapult|Dragon\n|-terastallize|p1a: The Bozo|Steel\n|move|p2b: Dragapult|Dragon Darts|p1a: The Bozo\n|-resisted|p1a: The Bozo\n|-damage|p1a: The Bozo|90\/100\n|-anim|p2b: Dragapult|Dragon Darts|p1a: The Bozo\n|-resisted|p1a: The Bozo\n|-damage|p1a: The Bozo|80\/100\n|move|p1a: The Bozo|Heavy Slam|p2a: Chien-Pao\n|-supereffective|p2a: Chien-Pao\n|-damage|p2a: Chien-Pao|2\/100\n|\n|-heal|p1a: The Bozo|86\/100|[from] item: Leftovers\n|-start|p1b: perishable goods|perish0\n|-sideend|p2: wackomarko|move: Tailwind\n|upkeep\n|faint|p1b: perishable goods\n|\n|t:|1683939728\n|switch|p1b: Kingambit|Kingambit, L50, F|100\/100\n|turn|5\n|\n|t:|1683939750\n|switch|p2b: Talonflame|Talonflame, L50, M, shiny|99\/100\n|move|p2a: Chien-Pao|Sucker Punch|p1a: The Bozo\n|-damage|p1a: The Bozo|73\/100\n|move|p1a: The Bozo|Heavy Slam|p2a: Chien-Pao\n|-supereffective|p2a: Chien-Pao\n|-damage|p2a: Chien-Pao|0 fnt\n|faint|p2a: Chien-Pao\n|move|p1b: Kingambit|Swords Dance|p1b: Kingambit\n|-boost|p1b: Kingambit|atk|2\n|\n|-heal|p1a: The Bozo|79\/100|[from] item: Leftovers\n|upkeep\n|\n|t:|1683939776\n|switch|p2a: Flutter Mane|Flutter Mane, L50, shiny|100\/100\n|turn|6\n|\n|t:|1683939790\n|move|p2a: Flutter Mane|Protect|p2a: Flutter Mane\n|-singleturn|p2a: Flutter Mane|Protect\n|move|p2b: Talonflame|Will-O-Wisp|p1b: Kingambit\n|-status|p1b: Kingambit|brn\n|move|p1a: The Bozo|Liquidation|p2b: Talonflame\n|-supereffective|p2b: Talonflame\n|-damage|p2b: Talonflame|0 fnt\n|faint|p2b: Talonflame\n|move|p1b: Kingambit|Iron Head|p2a: Flutter Mane\n|-activate|p2a: Flutter Mane|move: Protect\n|\n|-heal|p1a: The Bozo|85\/100|[from] item: Leftovers\n|-damage|p1b: Kingambit|95\/100 brn|[from] brn\n|upkeep\n|\n|t:|1683939805\n|switch|p2b: Dragapult|Dragapult, L50, M, shiny, tera:Dragon|100\/100\n|turn|7\n|j| A Borygon\n|\n|t:|1683939840\n|move|p2b: Dragapult|Phantom Force||[still]\n|-prepare|p2b: Dragapult|Phantom Force\n|move|p2a: Flutter Mane|Shadow Ball|p1a: The Bozo\n|-damage|p1a: The Bozo|58\/100\n|-damage|p2a: Flutter Mane|91\/100|[from] item: Life Orb\n|move|p1a: The Bozo|Heavy Slam|p2a: Flutter Mane\n|-supereffective|p2a: Flutter Mane\n|-damage|p2a: Flutter Mane|0 fnt\n|faint|p2a: Flutter Mane\n|-end|p2a: Flutter Mane|Protosynthesis|[silent]\n|move|p1b: Kingambit|Swords Dance|p1b: Kingambit\n|-boost|p1b: Kingambit|atk|2\n|\n|-heal|p1a: The Bozo|64\/100|[from] item: Leftovers\n|-damage|p1b: Kingambit|89\/100 brn|[from] brn\n|upkeep\n|turn|8\n|\n|t:|1683939859\n|move|p2b: Dragapult|Phantom Force|p1a: The Bozo|[from]lockedmove\n|-damage|p1a: The Bozo|43\/100\n|move|p1a: The Bozo|Heavy Slam|p2b: Dragapult\n|-damage|p2b: Dragapult|0 fnt\n|faint|p2b: Dragapult\n|\n|win|The Local Emo\n|raw|The Local Emo's rating: 1064 → 1100<\/strong> (+36 for winning)\n|raw|wackomarko's rating: 1133 → 1103<\/strong> (-30 for losing)\n|c|\u2606wackomarko|gg\n|c|\u2606The Local Emo|gg wp\n|l|\u2606The Local Emo\n","uploadtime":1683939870,"views":9,"p1id":"thelocalemo","p2id":"wackomarko","formatid":"gen9vgc2023regulationc","rating":1100,"private":0,"password":""}