{"id":"gen9vgc2023regulationc-1849847381","p1":"shiftyyy","p2":"cfycvy","format":"[Gen 9] VGC 2023 Regulation C","log":"|j|\u2606shiftyyy\n|j|\u2606cfycvy\n|t:|1682260104\n|gametype|doubles\n|player|p1|shiftyyy|dawn-gen4pt|1150\n|player|p2|cfycvy|clown|1084\n|teamsize|p1|6\n|teamsize|p2|6\n|gen|9\n|tier|[Gen 9] VGC 2023 Regulation C\n|rated|\n|rule|Species Clause: Limit one of each Pok\u00e9mon\n|rule|Item Clause: Limit one of each item\n|clearpoke\n|poke|p1|Corviknight, L50, F|\n|poke|p1|Ting-Lu, L50|\n|poke|p1|Annihilape, L50, M|\n|poke|p1|Flutter Mane, L50|\n|poke|p1|Chien-Pao, L50|\n|poke|p1|Amoonguss, L50, M|\n|poke|p2|Wo-Chien, L50|\n|poke|p2|Flutter Mane, L50|\n|poke|p2|Toxapex, L50, M|\n|poke|p2|Orthworm, L50, F|\n|poke|p2|Scizor, L50, M|\n|poke|p2|Gyarados, L50, M|\n|teampreview|4\n|\n|t:|1682260146\n|start\n|switch|p1a: Corviknight|Corviknight, L50, F|100\/100\n|switch|p1b: Ting-Lu|Ting-Lu, L50|100\/100\n|switch|p2a: Orthworm|Orthworm, L50, F|100\/100\n|switch|p2b: Wo-Chien|Wo-Chien, L50|100\/100\n|-ability|p2b: Wo-Chien|Tablets of Ruin\n|-ability|p1b: Ting-Lu|Vessel of Ruin\n|turn|1\n|\n|t:|1682260182\n|switch|p1b: Annihilape|Annihilape, L50, M|100\/100\n|move|p2b: Wo-Chien|Leech Seed|p1b: Annihilape\n|-start|p1b: Annihilape|move: Leech Seed\n|move|p1a: Corviknight|Bulk Up|p1a: Corviknight\n|-boost|p1a: Corviknight|atk|1\n|-boost|p1a: Corviknight|def|1\n|move|p2a: Orthworm|Iron Defense|p2a: Orthworm\n|-boost|p2a: Orthworm|def|2\n|\n|-damage|p1b: Annihilape|88\/100|[from] Leech Seed|[of] p2b: Wo-Chien\n|upkeep\n|turn|2\n|\n|t:|1682260215\n|move|p2b: Wo-Chien|Protect|p2b: Wo-Chien\n|-singleturn|p2b: Wo-Chien|Protect\n|move|p1b: Annihilape|Bulk Up|p1b: Annihilape\n|-boost|p1b: Annihilape|atk|1\n|-boost|p1b: Annihilape|def|1\n|move|p1a: Corviknight|Brave Bird|p2b: Wo-Chien\n|-activate|p2b: Wo-Chien|move: Protect\n|move|p2a: Orthworm|Iron Defense|p2a: Orthworm\n|-boost|p2a: Orthworm|def|2\n|\n|-heal|p1b: Annihilape|94\/100|[from] item: Leftovers\n|-damage|p1b: Annihilape|82\/100|[from] Leech Seed|[of] p2b: Wo-Chien\n|upkeep\n|turn|3\n|\n|t:|1682260243\n|switch|p2b: Flutter Mane|Flutter Mane, L50|100\/100\n|move|p1b: Annihilape|Drain Punch|p2a: Orthworm\n|-supereffective|p2a: Orthworm\n|-damage|p2a: Orthworm|79\/100\n|-heal|p1b: Annihilape|91\/100|[from] drain|[of] p2a: Orthworm\n|move|p1a: Corviknight|Brave Bird|p2b: Flutter Mane\n|-damage|p2b: Flutter Mane|0 fnt\n|faint|p2b: Flutter Mane\n|-end|p2b: Flutter Mane|Protosynthesis|[silent]\n|-damage|p1a: Corviknight|78\/100|[from] Recoil\n|move|p2a: Orthworm|Body Press|p1a: Corviknight\n|-damage|p1a: Corviknight|33\/100\n|-enditem|p1a: Corviknight|Sitrus Berry|[eat]\n|-heal|p1a: Corviknight|58\/100|[from] item: Sitrus Berry\n|\n|-heal|p1b: Annihilape|97\/100|[from] item: Leftovers\n|upkeep\n|\n|t:|1682260272\n|switch|p2b: Wo-Chien|Wo-Chien, L50|100\/100\n|-ability|p2b: Wo-Chien|Tablets of Ruin\n|turn|4\n|\n|t:|1682260284\n|-terastallize|p2b: Wo-Chien|Steel\n|move|p1b: Annihilape|Drain Punch|p2a: Orthworm\n|-supereffective|p2a: Orthworm\n|-damage|p2a: Orthworm|61\/100\n|-heal|p1b: Annihilape|100\/100|[from] drain|[of] p2a: Orthworm\n|move|p2b: Wo-Chien|Leech Seed|p1a: Corviknight\n|-start|p1a: Corviknight|move: Leech Seed\n|move|p1a: Corviknight|Bulk Up|p1a: Corviknight\n|-boost|p1a: Corviknight|atk|1\n|-boost|p1a: Corviknight|def|1\n|move|p2a: Orthworm|Body Press|p1a: Corviknight\n|-damage|p1a: Corviknight|28\/100\n|\n|-damage|p1b: Annihilape|88\/100|[from] Leech Seed|[of] p2b: Wo-Chien\n|-damage|p1a: Corviknight|16\/100|[from] Leech Seed|[of] p2b: Wo-Chien\n|upkeep\n|turn|5\n|\n|t:|1682260308\n|move|p2b: Wo-Chien|Protect|p2b: Wo-Chien\n|-singleturn|p2b: Wo-Chien|Protect\n|move|p1b: Annihilape|Drain Punch|p2b: Wo-Chien\n|-activate|p2b: Wo-Chien|move: Protect\n|move|p1a: Corviknight|Roost|p1a: Corviknight\n|-heal|p1a: Corviknight|66\/100\n|-singleturn|p1a: Corviknight|move: Roost\n|move|p2a: Orthworm|Iron Defense|p2a: Orthworm\n|-boost|p2a: Orthworm|def|2\n|\n|-heal|p1b: Annihilape|94\/100|[from] item: Leftovers\n|-damage|p1b: Annihilape|82\/100|[from] Leech Seed|[of] p2b: Wo-Chien\n|-damage|p1a: Corviknight|54\/100|[from] Leech Seed|[of] p2b: Wo-Chien\n|upkeep\n|turn|6\n|\n|t:|1682260335\n|move|p1b: Annihilape|Bulk Up|p1b: Annihilape\n|-boost|p1b: Annihilape|atk|1\n|-boost|p1b: Annihilape|def|1\n|move|p2b: Wo-Chien|Pollen Puff|p2a: Orthworm\n|-heal|p2a: Orthworm|100\/100\n|move|p1a: Corviknight|Roost|p1a: Corviknight\n|-heal|p1a: Corviknight|100\/100\n|-singleturn|p1a: Corviknight|move: Roost\n|move|p2a: Orthworm|Body Press|p1a: Corviknight\n|-supereffective|p1a: Corviknight\n|-damage|p1a: Corviknight|32\/100\n|\n|-heal|p1b: Annihilape|88\/100|[from] item: Leftovers\n|-damage|p1b: Annihilape|75\/100|[from] Leech Seed|[of] p2b: Wo-Chien\n|-damage|p1a: Corviknight|20\/100|[from] Leech Seed|[of] p2b: Wo-Chien\n|upkeep\n|turn|7\n|\n|t:|1682260369\n|switch|p1a: Amoonguss|Amoonguss, L50, M|100\/100\n|move|p2b: Wo-Chien|Protect|p2b: Wo-Chien\n|-singleturn|p2b: Wo-Chien|Protect\n|move|p1b: Annihilape|Drain Punch|p2b: Wo-Chien\n|-activate|p2b: Wo-Chien|move: Protect\n|move|p2a: Orthworm|Body Press|p1a: Amoonguss\n|-resisted|p1a: Amoonguss\n|-damage|p1a: Amoonguss|65\/100\n|-damage|p2a: Orthworm|84\/100|[from] item: Rocky Helmet|[of] p1a: Amoonguss\n|\n|-heal|p1b: Annihilape|82\/100|[from] item: Leftovers\n|-damage|p1b: Annihilape|69\/100|[from] Leech Seed|[of] p2b: Wo-Chien\n|upkeep\n|turn|8\n|\n|t:|1682260419\n|move|p1b: Annihilape|Drain Punch|p2b: Wo-Chien\n|-supereffective|p2b: Wo-Chien\n|-damage|p2b: Wo-Chien|12\/100\n|-heal|p1b: Annihilape|100\/100|[from] drain|[of] p2b: Wo-Chien\n|move|p2b: Wo-Chien|Giga Drain|p1b: Annihilape\n|-damage|p1b: Annihilape|81\/100\n|-heal|p2b: Wo-Chien|22\/100|[from] drain|[of] p1b: Annihilape\n|move|p2a: Orthworm|Body Press|p1a: Amoonguss\n|-resisted|p1a: Amoonguss\n|-damage|p1a: Amoonguss|28\/100\n|-damage|p2a: Orthworm|68\/100|[from] item: Rocky Helmet|[of] p1a: Amoonguss\n|move|p1a: Amoonguss|Spore|p2a: Orthworm\n|-status|p2a: Orthworm|slp|[from] move: Spore\n|\n|-heal|p1b: Annihilape|88\/100|[from] item: Leftovers\n|-heal|p2b: Wo-Chien|29\/100|[from] item: Leftovers\n|-damage|p1b: Annihilape|75\/100|[from] Leech Seed|[of] p2b: Wo-Chien\n|-heal|p2b: Wo-Chien|42\/100|[silent]\n|upkeep\n|turn|9\n|\n|t:|1682260458\n|switch|p1a: Corviknight|Corviknight, L50, F|20\/100\n|move|p2b: Wo-Chien|Protect|p2b: Wo-Chien\n|-singleturn|p2b: Wo-Chien|Protect\n|move|p1b: Annihilape|Drain Punch|p2a: Orthworm\n|-supereffective|p2a: Orthworm\n|-damage|p2a: Orthworm|50\/100 slp\n|-heal|p1b: Annihilape|82\/100|[from] drain|[of] p2a: Orthworm\n|-enditem|p2a: Orthworm|Sitrus Berry|[eat]\n|-heal|p2a: Orthworm|75\/100 slp|[from] item: Sitrus Berry\n|cant|p2a: Orthworm|slp\n|\n|-heal|p1b: Annihilape|88\/100|[from] item: Leftovers\n|-heal|p2b: Wo-Chien|48\/100|[from] item: Leftovers\n|-damage|p1b: Annihilape|76\/100|[from] Leech Seed|[of] p2b: Wo-Chien\n|-heal|p2b: Wo-Chien|62\/100|[silent]\n|upkeep\n|turn|10\n|\n|t:|1682260480\n|switch|p2b: Scizor|Scizor, L50, M|100\/100\n|move|p1b: Annihilape|Drain Punch|p2b: Scizor\n|-damage|p2b: Scizor|27\/100\n|-heal|p1b: Annihilape|100\/100|[from] drain|[of] p2b: Scizor\n|move|p1a: Corviknight|Roost|p1a: Corviknight\n|-heal|p1a: Corviknight|70\/100\n|-singleturn|p1a: Corviknight|move: Roost\n|cant|p2a: Orthworm|slp\n|\n|-damage|p1b: Annihilape|88\/100|[from] Leech Seed|[of] p2b: Scizor\n|-heal|p2b: Scizor|42\/100|[silent]\n|upkeep\n|turn|11\n|\n|t:|1682260521\n|move|p1b: Annihilape|Bulk Up|p1b: Annihilape\n|-boost|p1b: Annihilape|atk|1\n|-boost|p1b: Annihilape|def|1\n|move|p1a: Corviknight|Brave Bird|p2b: Scizor\n|-damage|p2b: Scizor|0 fnt\n|faint|p2b: Scizor\n|-damage|p1a: Corviknight|59\/100|[from] Recoil\n|cant|p2a: Orthworm|slp\n|\n|-heal|p1b: Annihilape|94\/100|[from] item: Leftovers\n|upkeep\n|\n|t:|1682260532\n|switch|p2b: Wo-Chien|Wo-Chien, L50, tera:Steel|62\/100\n|-ability|p2b: Wo-Chien|Tablets of Ruin\n|turn|12\n|\n|t:|1682260551\n|move|p1b: Annihilape|Bulk Up|p1b: Annihilape\n|-boost|p1b: Annihilape|atk|1\n|-boost|p1b: Annihilape|def|1\n|move|p2b: Wo-Chien|Leech Seed|p1a: Corviknight\n|-start|p1a: Corviknight|move: Leech Seed\n|move|p1a: Corviknight|Iron Head|p2a: Orthworm\n|-resisted|p2a: Orthworm\n|-damage|p2a: Orthworm|74\/100 slp\n|-curestatus|p2a: Orthworm|slp|[msg]\n|cant|p2a: Orthworm|flinch\n|\n|-heal|p1b: Annihilape|100\/100|[from] item: Leftovers\n|-heal|p2b: Wo-Chien|68\/100|[from] item: Leftovers\n|-damage|p1b: Annihilape|88\/100|[from] Leech Seed|[of] p2b: Wo-Chien\n|-heal|p2b: Wo-Chien|82\/100|[silent]\n|-damage|p1a: Corviknight|46\/100|[from] Leech Seed|[of] p2b: Wo-Chien\n|-heal|p2b: Wo-Chien|95\/100|[silent]\n|upkeep\n|turn|13\n|\n|t:|1682260576\n|move|p2b: Wo-Chien|Protect|p2b: Wo-Chien\n|-singleturn|p2b: Wo-Chien|Protect\n|move|p1b: Annihilape|Bulk Up|p1b: Annihilape\n|-boost|p1b: Annihilape|atk|1\n|-boost|p1b: Annihilape|def|1\n|move|p1a: Corviknight|Iron Head|p2a: Orthworm\n|-resisted|p2a: Orthworm\n|-damage|p2a: Orthworm|72\/100\n|move|p2a: Orthworm|Body Press|p1a: Corviknight\n|-crit|p1a: Corviknight\n|-damage|p1a: Corviknight|0 fnt\n|faint|p1a: Corviknight\n|\n|-heal|p1b: Annihilape|94\/100|[from] item: Leftovers\n|-heal|p2b: Wo-Chien|100\/100|[from] item: Leftovers\n|-damage|p1b: Annihilape|82\/100|[from] Leech Seed|[of] p2b: Wo-Chien\n|upkeep\n|\n|t:|1682260595\n|switch|p1a: Amoonguss|Amoonguss, L50, M|61\/100\n|turn|14\n|\n|t:|1682260604\n|move|p1a: Amoonguss|Protect|p1a: Amoonguss\n|-singleturn|p1a: Amoonguss|Protect\n|move|p1b: Annihilape|Drain Punch|p2b: Wo-Chien\n|-supereffective|p2b: Wo-Chien\n|-damage|p2b: Wo-Chien|0 fnt\n|-heal|p1b: Annihilape|100\/100|[from] drain|[of] p2b: Wo-Chien\n|faint|p2b: Wo-Chien\n|move|p2a: Orthworm|Body Press|p1a: Amoonguss\n|-activate|p1a: Amoonguss|move: Protect\n|\n|upkeep\n|turn|15\n|-message|cfycvy forfeited.\n|\n|win|shiftyyy\n|raw|shiftyyy's rating: 1150 → 1170<\/strong> (+20 for winning)\n|raw|cfycvy's rating: 1084 → 1066<\/strong> (-18 for losing)\n|l|\u2606cfycvy\n","uploadtime":1682260619,"views":21,"p1id":"shiftyyy","p2id":"cfycvy","formatid":"gen9vgc2023regulationc","rating":1066,"private":0,"password":""}