{"id":"gen9vgc2023regulationc-1851732062","p1":"goofer674","p2":"pinkmarlinguy","format":"[Gen 9] VGC 2023 Regulation C","log":"|j|\u2606goofer674\n|j|\u2606pinkmarlinguy\n|t:|1682475537\n|gametype|doubles\n|player|p1|goofer674|266|1051\n|player|p2|pinkmarlinguy|will|1076\n|teamsize|p1|6\n|teamsize|p2|6\n|gen|9\n|tier|[Gen 9] VGC 2023 Regulation C\n|rated|\n|rule|Species Clause: Limit one of each Pok\u00e9mon\n|rule|Item Clause: Limit one of each item\n|clearpoke\n|poke|p1|Espathra, L50, M|\n|poke|p1|Sandy Shocks, L50|\n|poke|p1|Farigiraf, L50, F|\n|poke|p1|Iron Bundle, L50|\n|poke|p1|Chi-Yu, L50|\n|poke|p1|Talonflame, L50, M|\n|poke|p2|Iron Bundle, L50|\n|poke|p2|Garchomp, L50, M|\n|poke|p2|Chien-Pao, L50|\n|poke|p2|Talonflame, L50, M|\n|poke|p2|Gholdengo, L50|\n|poke|p2|Iron Hands, L50|\n|teampreview|4\n|\n|t:|1682475579\n|start\n|switch|p1a: Talonflame|Talonflame, L50, M|100\/100\n|switch|p1b: Sandy Shocks|Sandy Shocks, L50|100\/100\n|switch|p2a: Gay|Talonflame, L50, M|100\/100\n|switch|p2b: The Lady|Garchomp, L50, M|100\/100\n|-enditem|p1b: Sandy Shocks|Booster Energy\n|-activate|p1b: Sandy Shocks|ability: Protosynthesis|[fromitem]\n|-start|p1b: Sandy Shocks|protosynthesisspe\n|turn|1\n|\n|t:|1682475620\n|move|p2a: Gay|Tailwind|p2a: Gay\n|-sidestart|p2: pinkmarlinguy|move: Tailwind\n|move|p1a: Talonflame|Tailwind|p1a: Talonflame\n|-sidestart|p1: goofer674|move: Tailwind\n|move|p1b: Sandy Shocks|Gravity|p1b: Sandy Shocks\n|-fieldstart|move: Gravity\n|move|p2b: The Lady|Rock Slide|p1b: Sandy Shocks|[spread] p1a,p1b\n|-supereffective|p1a: Talonflame\n|-resisted|p1b: Sandy Shocks\n|-damage|p1a: Talonflame|0 fnt\n|-damage|p1b: Sandy Shocks|91\/100\n|faint|p1a: Talonflame\n|\n|upkeep\n|\n|t:|1682475631\n|switch|p1a: Espathra|Espathra, L50, M, shiny|100\/100\n|turn|2\n|\n|t:|1682475663\n|move|p1b: Sandy Shocks|Protect|p1b: Sandy Shocks\n|-singleturn|p1b: Sandy Shocks|Protect\n|move|p1a: Espathra|Protect|p1a: Espathra\n|-singleturn|p1a: Espathra|Protect\n|move|p2b: The Lady|Protect|p2b: The Lady\n|-singleturn|p2b: The Lady|Protect\n|move|p2a: Gay|Will-O-Wisp|p1b: Sandy Shocks\n|-activate|p1b: Sandy Shocks|move: Protect\n|\n|-ability|p1a: Espathra|Speed Boost|boost\n|-boost|p1a: Espathra|spe|1\n|upkeep\n|turn|3\n|\n|t:|1682475688\n|move|p1b: Sandy Shocks|Discharge|p2b: The Lady|[spread] p1a,p2a\n|-immune|p2b: The Lady\n|-supereffective|p2a: Gay\n|-damage|p1a: Espathra|62\/100\n|-damage|p2a: Gay|25\/100\n|move|p1a: Espathra|Hypnosis|p2b: The Lady\n|-status|p2b: The Lady|slp|[from] move: Hypnosis\n|move|p2a: Gay|Will-O-Wisp|p1b: Sandy Shocks\n|-status|p1b: Sandy Shocks|brn\n|cant|p2b: The Lady|slp\n|\n|-damage|p1b: Sandy Shocks|85\/100 brn|[from] brn\n|-ability|p1a: Espathra|Speed Boost|boost\n|-boost|p1a: Espathra|spe|1\n|upkeep\n|turn|4\n|\n|t:|1682475729\n|move|p1a: Espathra|Lumina Crash|p2a: Gay\n|-damage|p2a: Gay|0 fnt\n|faint|p2a: Gay\n|move|p1b: Sandy Shocks|Earth Power|p2b: The Lady\n|-damage|p2b: The Lady|60\/100 slp\n|cant|p2b: The Lady|slp\n|\n|-damage|p1b: Sandy Shocks|79\/100 brn|[from] brn\n|-sideend|p2: pinkmarlinguy|move: Tailwind\n|-sideend|p1: goofer674|move: Tailwind\n|-ability|p1a: Espathra|Speed Boost|boost\n|-boost|p1a: Espathra|spe|1\n|upkeep\n|\n|t:|1682475740\n|switch|p2a: Santa|Iron Bundle, L50|100\/100\n|-enditem|p2a: Santa|Booster Energy\n|-activate|p2a: Santa|ability: Quark Drive|[fromitem]\n|-start|p2a: Santa|quarkdrivespe\n|turn|5\n|\n|t:|1682475756\n|cant|p2b: The Lady|slp\n|move|p1a: Espathra|Hypnosis|p2a: Santa\n|-status|p2a: Santa|slp|[from] move: Hypnosis\n|cant|p2a: Santa|slp\n|move|p1b: Sandy Shocks|Earth Power|p2a: Santa\n|-damage|p2a: Santa|29\/100 slp\n|\n|-damage|p1b: Sandy Shocks|73\/100 brn|[from] brn\n|-fieldend|move: Gravity\n|-ability|p1a: Espathra|Speed Boost|boost\n|-boost|p1a: Espathra|spe|1\n|upkeep\n|turn|6\n|\n|t:|1682475773\n|-end|p2a: Santa|Quark Drive|[silent]\n|switch|p2a: Gato|Chien-Pao, L50|100\/100\n|-ability|p2a: Gato|Sword of Ruin\n|-curestatus|p2b: The Lady|slp|[msg]\n|move|p2b: The Lady|Protect|p2b: The Lady\n|-singleturn|p2b: The Lady|Protect\n|move|p1a: Espathra|Lumina Crash|p2b: The Lady\n|-activate|p2b: The Lady|move: Protect\n|move|p1b: Sandy Shocks|Gravity|p1b: Sandy Shocks\n|-fieldstart|move: Gravity\n|\n|-damage|p1b: Sandy Shocks|67\/100 brn|[from] brn\n|-ability|p1a: Espathra|Speed Boost|boost\n|-boost|p1a: Espathra|spe|1\n|upkeep\n|turn|7\n|\n|t:|1682475816\n|-terastallize|p1a: Espathra|Fairy\n|move|p2a: Gato|Protect|p2a: Gato\n|-singleturn|p2a: Gato|Protect\n|move|p1a: Espathra|Dazzling Gleam|p2b: The Lady|[spread] p2b\n|-activate|p2a: Gato|move: Protect\n|-supereffective|p2b: The Lady\n|-damage|p2b: The Lady|14\/100\n|move|p1b: Sandy Shocks|Earth Power|p2a: Gato\n|-activate|p2a: Gato|move: Protect\n|move|p2b: The Lady|Earthquake|p1a: Espathra|[spread] p1a,p1b\n|-activate|p2a: Gato|move: Protect\n|-supereffective|p1b: Sandy Shocks\n|-damage|p1a: Espathra|10\/100\n|-damage|p1b: Sandy Shocks|0 fnt\n|faint|p1b: Sandy Shocks\n|-end|p1b: Sandy Shocks|Protosynthesis|[silent]\n|\n|-ability|p1a: Espathra|Speed Boost|boost\n|-boost|p1a: Espathra|spe|1\n|upkeep\n|\n|t:|1682475827\n|switch|p1b: Chi-Yu|Chi-Yu, L50|100\/100\n|-ability|p1b: Chi-Yu|Beads of Ruin\n|turn|8\n|\n|t:|1682475857\n|-terastallize|p2a: Gato|Dark\n|move|p1a: Espathra|Protect|p1a: Espathra\n|-singleturn|p1a: Espathra|Protect\n|move|p2b: The Lady|Protect|p2b: The Lady\n|-singleturn|p2b: The Lady|Protect\n|move|p2a: Gato|Sucker Punch||[still]\n|-fail|p2a: Gato\n|move|p1b: Chi-Yu|Dark Pulse|p2b: The Lady\n|-activate|p2b: The Lady|move: Protect\n|\n|upkeep\n|turn|9\n|\n|t:|1682475873\n|move|p2a: Gato|Sucker Punch||[still]\n|-fail|p2a: Gato\n|move|p1a: Espathra|Hypnosis|p2b: The Lady\n|-status|p2b: The Lady|slp|[from] move: Hypnosis\n|cant|p2b: The Lady|slp\n|move|p1b: Chi-Yu|Dark Pulse|p2b: The Lady\n|-damage|p2b: The Lady|0 fnt\n|faint|p2b: The Lady\n|\n|upkeep\n|\n|t:|1682475884\n|switch|p2b: Santa|Iron Bundle, L50|29\/100 slp\n|turn|10\n|\n|t:|1682475899\n|move|p1a: Espathra|Protect|p1a: Espathra\n|-singleturn|p1a: Espathra|Protect\n|-curestatus|p2b: Santa|slp|[msg]\n|move|p2b: Santa|Protect|p2b: Santa\n|-singleturn|p2b: Santa|Protect\n|move|p2a: Gato|Sucker Punch||[still]\n|-fail|p2a: Gato\n|move|p1b: Chi-Yu|Dark Pulse|p2a: Gato\n|-resisted|p2a: Gato\n|-damage|p2a: Gato|30\/100\n|\n|-fieldend|move: Gravity\n|upkeep\n|turn|11\n|\n|t:|1682475915\n|move|p2b: Santa|Protect|p2b: Santa\n|-singleturn|p2b: Santa|Protect\n|move|p1a: Espathra|Hypnosis|p2b: Santa\n|-activate|p2b: Santa|move: Protect\n|move|p2a: Gato|Sacred Sword|p1b: Chi-Yu\n|-supereffective|p1b: Chi-Yu\n|-damage|p1b: Chi-Yu|0 fnt\n|faint|p1b: Chi-Yu\n|\n|upkeep\n|turn|12\n|\n|t:|1682475939\n|move|p2a: Gato|Sucker Punch|p1a: Espathra\n|-resisted|p1a: Espathra\n|-crit|p1a: Espathra\n|-damage|p1a: Espathra|0 fnt\n|faint|p1a: Espathra\n|\n|win|pinkmarlinguy\n|raw|goofer674's rating: 1051 → 1035<\/strong> (-16 for losing)\n|raw|pinkmarlinguy's rating: 1076 → 1103<\/strong> (+27 for winning)\n|c|\u2606pinkmarlinguy|gg\n|l|\u2606goofer674\n","uploadtime":1682476344,"views":13,"p1id":"goofer674","p2id":"pinkmarlinguy","formatid":"gen9vgc2023regulationc","rating":1035,"private":0,"password":""}