{"id":"gen9vgc2023regulationc-1861578473","p1":"YellowMex","p2":"chipndip","format":"[Gen 9] VGC 2023 Regulation C","log":"|j|\u2606YellowMex\n|j|\u2606chipndip\n|t:|1683775860\n|gametype|doubles\n|player|p1|YellowMex|schoolkid-gen4|\n|player|p2|chipndip|marlon|\n|teamsize|p1|6\n|teamsize|p2|6\n|gen|9\n|tier|[Gen 9] VGC 2023 Regulation C\n|rule|Species Clause: Limit one of each Pok\u00e9mon\n|rule|Item Clause: Limit one of each item\n|clearpoke\n|poke|p1|Annihilape, L50, M|\n|poke|p1|Maushold, L50|\n|poke|p1|Flutter Mane, L50|\n|poke|p1|Tyranitar, L50, M|\n|poke|p1|Lycanroc, L50, F|\n|poke|p1|Ting-Lu, L50|\n|poke|p2|Chien-Pao, L50|\n|poke|p2|Indeedee-F, L50, F|\n|poke|p2|Florges-Blue, L50, F|\n|poke|p2|Tauros-Paldea-Aqua, L50, M|\n|poke|p2|Volcarona, L50, M|\n|poke|p2|Brute Bonnet, L50|\n|teampreview|4\n|inactive|Battle timer is ON: inactive players will automatically lose when time's up. (requested by YellowMex)\nchipndip has agreed to open team sheets.\n|inactive|chipndip has 60 seconds left.\nYellowMex has agreed to open team sheets.\n|inactive|chipndip has 30 seconds left.\n|inactive|chipndip has 20 seconds left.\n|inactive|chipndip has 15 seconds left.\n|inactive|chipndip has 10 seconds left.\n|inactive|chipndip has 5 seconds left.\n|\n|t:|1683775950\n|start\n|switch|p1a: Flutter Mane|Flutter Mane, L50|100\/100\n|switch|p1b: Tyranitar|Tyranitar, L50, M|100\/100\n|switch|p2a: Chien-Pao|Chien-Pao, L50|100\/100\n|switch|p2b: Brute Bonnet|Brute Bonnet, L50|100\/100\n|-ability|p2a: Chien-Pao|Sword of Ruin\n|-weather|Sandstorm|[from] ability: Sand Stream|[of] p1b: Tyranitar\n|turn|1\n|inactive|chipndip has 30 seconds left.\n|\n|t:|1683775982\n|switch|p1b: Annihilape|Annihilape, L50, M|100\/100\n|-terastallize|p1a: Flutter Mane|Fairy\n|-terastallize|p2b: Brute Bonnet|Fire\n|move|p2a: Chien-Pao|Ice Spinner|p1a: Flutter Mane\n|-damage|p1a: Flutter Mane|0 fnt\n|faint|p1a: Flutter Mane\n|-end|p1a: Flutter Mane|Protosynthesis|[silent]\n|move|p2b: Brute Bonnet|Spore|p1b: Annihilape\n|-status|p1b: Annihilape|slp|[from] move: Spore\n|\n|-weather|Sandstorm|[upkeep]\n|-damage|p2a: Chien-Pao|95\/100|[from] Sandstorm\n|-damage|p1b: Annihilape|94\/100 slp|[from] Sandstorm\n|-damage|p2b: Brute Bonnet|94\/100|[from] Sandstorm\n|-heal|p1b: Annihilape|100\/100 slp|[from] item: Leftovers\n|upkeep\n|\n|t:|1683775992\n|switch|p1a: Lycanroc|Lycanroc, L50, F|100\/100\n|turn|2\n|c|\u2606YellowMex|fk man!\n|\n|t:|1683776015\n|move|p2a: Chien-Pao|Protect|p2a: Chien-Pao\n|-singleturn|p2a: Chien-Pao|Protect\n|cant|p1b: Annihilape|slp\n|move|p1a: Lycanroc|Rock Slide|p2a: Chien-Pao|[spread] p2b\n|-activate|p2a: Chien-Pao|move: Protect\n|-supereffective|p2b: Brute Bonnet\n|-crit|p2b: Brute Bonnet\n|-damage|p2b: Brute Bonnet|4\/100\n|-enditem|p2b: Brute Bonnet|Sitrus Berry|[eat]\n|-heal|p2b: Brute Bonnet|28\/100|[from] item: Sitrus Berry\n|cant|p2b: Brute Bonnet|flinch\n|\n|-weather|Sandstorm|[upkeep]\n|-damage|p2a: Chien-Pao|89\/100|[from] Sandstorm\n|-damage|p1b: Annihilape|94\/100 slp|[from] Sandstorm\n|-damage|p2b: Brute Bonnet|22\/100|[from] Sandstorm\n|-heal|p1b: Annihilape|100\/100 slp|[from] item: Leftovers\n|upkeep\n|turn|3\n|inactive|chipndip has 30 seconds left.\n|inactive|chipndip has 20 seconds left.\n|inactive|chipndip has 15 seconds left.\n|inactive|chipndip has 10 seconds left.\n|\n|t:|1683776061\n|move|p1a: Lycanroc|Rock Slide|p2a: Chien-Pao|[spread] p2a\n|-miss|p1a: Lycanroc|p2b: Brute Bonnet\n|-supereffective|p2a: Chien-Pao\n|-damage|p2a: Chien-Pao|16\/100\n|move|p2a: Chien-Pao|Ice Spinner|p1a: Lycanroc\n|-damage|p1a: Lycanroc|5\/100\n|cant|p1b: Annihilape|slp\n|move|p2b: Brute Bonnet|Seed Bomb|p1a: Lycanroc\n|-supereffective|p1a: Lycanroc\n|-damage|p1a: Lycanroc|0 fnt\n|faint|p1a: Lycanroc\n|\n|-weather|Sandstorm|[upkeep]\n|-damage|p2a: Chien-Pao|10\/100|[from] Sandstorm\n|-damage|p1b: Annihilape|94\/100 slp|[from] Sandstorm\n|-damage|p2b: Brute Bonnet|16\/100|[from] Sandstorm\n|-heal|p1b: Annihilape|100\/100 slp|[from] item: Leftovers\n|upkeep\n|\n|t:|1683776070\n|switch|p1a: Tyranitar|Tyranitar, L50, M|100\/100\n|turn|4\n|c|\u2606YellowMex|damn\n|c|\u2606YellowMex|gg\n|\n|t:|1683776086\n|move|p2a: Chien-Pao|Sacred Sword|p1a: Tyranitar\n|-supereffective|p1a: Tyranitar\n|-damage|p1a: Tyranitar|0 fnt\n|faint|p1a: Tyranitar\n|cant|p1b: Annihilape|slp\n|move|p2b: Brute Bonnet|Spore|p1b: Annihilape\n|-fail|p1b: Annihilape|slp\n|\n|-weather|Sandstorm|[upkeep]\n|-damage|p2a: Chien-Pao|4\/100|[from] Sandstorm\n|-damage|p1b: Annihilape|94\/100 slp|[from] Sandstorm\n|-damage|p2b: Brute Bonnet|10\/100|[from] Sandstorm\n|-heal|p1b: Annihilape|100\/100 slp|[from] item: Leftovers\n|upkeep\n|turn|5\n|\n|t:|1683776104\n|switch|p2a: Florges|Florges-Blue, L50, F|100\/100\n|-curestatus|p1b: Annihilape|slp|[msg]\n|move|p1b: Annihilape|Bulk Up|p1b: Annihilape\n|-boost|p1b: Annihilape|atk|1\n|-boost|p1b: Annihilape|def|1\n|move|p2b: Brute Bonnet|Spore|p1b: Annihilape\n|-status|p1b: Annihilape|slp|[from] move: Spore\n|\n|-weather|none\n|upkeep\n|turn|6\n|c|\u2606YellowMex|rip me\n|\n|t:|1683776120\n|move|p2b: Brute Bonnet|Protect|p2b: Brute Bonnet\n|-singleturn|p2b: Brute Bonnet|Protect\n|cant|p1b: Annihilape|slp\n|move|p2a: Florges|Calm Mind|p2a: Florges\n|-boost|p2a: Florges|spa|1\n|-boost|p2a: Florges|spd|1\n|\n|upkeep\n|turn|7\n|c|\u2606YellowMex|i got a flinch but i also missed\n|c|\u2606chipndip|I'm not touching that thing until I am POSITIVE it dies\n|\n|t:|1683776136\n|-curestatus|p1b: Annihilape|slp|[msg]\n|move|p1b: Annihilape|Drain Punch|p2b: Brute Bonnet\n|-damage|p2b: Brute Bonnet|0 fnt\n|faint|p2b: Brute Bonnet\n|-end|p2b: Brute Bonnet|Protosynthesis|[silent]\n|move|p2a: Florges|Moonblast|p1b: Annihilape\n|-supereffective|p1b: Annihilape\n|-damage|p1b: Annihilape|0 fnt\n|faint|p1b: Annihilape\n|\n|win|chipndip\n|c|\u2606chipndip|Aight good sets\n|c|\u2606YellowMex|ow\n|c|\u2606YellowMex|ye\n|c|\u2606YellowMex|very close\n|c|\u2606chipndip|That flinch tilted the fuck out of me for like\n|c|\u2606chipndip|a good .75 seconds\n|c|\u2606chipndip|You're actually not that bad at this\n|c|\u2606YellowMex|:D\n|c|\u2606YellowMex|ty ty\n|c|\u2606YellowMex|ggs\n|c|\u2606YellowMex|i win another day\n|l|\u2606YellowMex\n|c|\u2606chipndip|Hopefully not\n","uploadtime":1683776485,"views":18,"p1id":"yellowmex","p2id":"chipndip","formatid":"gen9vgc2023regulationc","rating":0,"private":0,"password":""}