{"id":"gen9vgc2023regulationc-1856550782","p1":"hhy6","p2":"Alacritus","format":"[Gen 9] VGC 2023 Regulation C","log":"|j|\u2606hhy6\n|j|\u2606Alacritus\n|t:|1683074691\n|gametype|doubles\n|player|p1|hhy6|102|1084\n|player|p2|Alacritus|169|1053\n|teamsize|p1|6\n|teamsize|p2|6\n|gen|9\n|tier|[Gen 9] VGC 2023 Regulation C\n|rated|\n|rule|Species Clause: Limit one of each Pok\u00e9mon\n|rule|Item Clause: Limit one of each item\n|clearpoke\n|poke|p1|Torkoal, L50, M|\n|poke|p1|Chi-Yu, L50|\n|poke|p1|Bronzong, L50|\n|poke|p1|Gastrodon, L50, F|\n|poke|p1|Grimmsnarl, L50, M|\n|poke|p1|Skeledirge, L50, F|\n|poke|p2|Wo-Chien, L50|\n|poke|p2|Garganacl, L50, F|\n|poke|p2|Salamence, L50, F|\n|poke|p2|Flutter Mane, L50|\n|poke|p2|Torkoal, L50, M|\n|poke|p2|Palafin, L50, M|\n|teampreview|4\n|inactive|Battle timer is ON: inactive players will automatically lose when time's up. (requested by hhy6)\n|\n|t:|1683074725\n|start\n|switch|p1a: Bronzong|Bronzong, L50|100\/100\n|switch|p1b: Grimmsnarl|Grimmsnarl, L50, M|100\/100\n|switch|p2a: Flutter Mane|Flutter Mane, L50|100\/100\n|switch|p2b: Salamence|Salamence, L50, F|100\/100\n|-ability|p2b: Salamence|Intimidate|boost\n|-unboost|p1a: Bronzong|atk|1\n|-unboost|p1b: Grimmsnarl|atk|1\n|turn|1\n|\n|t:|1683074741\n|move|p2a: Flutter Mane|Protect|p2a: Flutter Mane\n|-singleturn|p2a: Flutter Mane|Protect\n|move|p1b: Grimmsnarl|Fake Out|p2b: Salamence\n|-damage|p2b: Salamence|89\/100\n|cant|p2b: Salamence|flinch\n|move|p1a: Bronzong|Trick Room|p1a: Bronzong\n|-fieldstart|move: Trick Room|[of] p1a: Bronzong\n|\n|upkeep\n|turn|2\n|\n|t:|1683074763\n|-end|p2a: Flutter Mane|Protosynthesis|[silent]\n|switch|p2a: Wo-Chien|Wo-Chien, L50|100\/100\n|-ability|p2a: Wo-Chien|Tablets of Ruin\n|move|p1b: Grimmsnarl|Sucker Punch||[still]\n|-fail|p1b: Grimmsnarl\n|move|p1a: Bronzong|Iron Head|p2a: Wo-Chien\n|-crit|p2a: Wo-Chien\n|-damage|p2a: Wo-Chien|74\/100\n|-damage|p1a: Bronzong|84\/100|[from] item: Rocky Helmet|[of] p2a: Wo-Chien\n|move|p2b: Salamence|Flamethrower|p1a: Bronzong\n|-supereffective|p1a: Bronzong\n|-damage|p1a: Bronzong|13\/100\n|\n|upkeep\n|turn|3\n|\n|t:|1683074786\n|switch|p1a: Skeledirge|Skeledirge, L50, F|100\/100\n|move|p2a: Wo-Chien|Ruination|p1b: Grimmsnarl\n|-damage|p1b: Grimmsnarl|51\/100\n|move|p2b: Salamence|Flamethrower|p1b: Grimmsnarl\n|-damage|p1b: Grimmsnarl|6\/100\n|move|p1b: Grimmsnarl|Spirit Break|p2b: Salamence\n|-supereffective|p2b: Salamence\n|-damage|p2b: Salamence|36\/100\n|-unboost|p2b: Salamence|spa|1\n|\n|upkeep\n|turn|4\n|inactive|Alacritus has 30 seconds left.\n|\n|t:|1683074816\n|switch|p1b: Bronzong|Bronzong, L50|13\/100\n|move|p2a: Wo-Chien|Ruination|p1a: Skeledirge\n|-damage|p1a: Skeledirge|51\/100\n|move|p1a: Skeledirge|Torch Song|p2a: Wo-Chien\n|-supereffective|p2a: Wo-Chien\n|-damage|p2a: Wo-Chien|20\/100\n|-boost|p1a: Skeledirge|spa|1\n|move|p2b: Salamence|Flamethrower|p1b: Bronzong\n|-supereffective|p1b: Bronzong\n|-crit|p1b: Bronzong\n|-damage|p1b: Bronzong|0 fnt\n|faint|p1b: Bronzong\n|\n|-heal|p1a: Skeledirge|57\/100|[from] item: Leftovers\n|upkeep\n|\n|t:|1683074825\n|switch|p1b: Grimmsnarl|Grimmsnarl, L50, M|6\/100\n|turn|5\n|\n|t:|1683074844\n|move|p2a: Wo-Chien|Protect|p2a: Wo-Chien\n|-singleturn|p2a: Wo-Chien|Protect\n|move|p1b: Grimmsnarl|Fake Out|p2b: Salamence\n|-damage|p2b: Salamence|23\/100\n|move|p1a: Skeledirge|Torch Song|p2a: Wo-Chien\n|-activate|p2a: Wo-Chien|move: Protect\n|cant|p2b: Salamence|flinch\n|\n|-heal|p1a: Skeledirge|62\/100|[from] item: Leftovers\n|-fieldend|move: Trick Room\n|upkeep\n|turn|6\n|\n|t:|1683074859\n|move|p1b: Grimmsnarl|Sucker Punch|p2b: Salamence\n|-damage|p2b: Salamence|0 fnt\n|faint|p2b: Salamence\n|move|p1a: Skeledirge|Torch Song|p2a: Wo-Chien\n|-supereffective|p2a: Wo-Chien\n|-damage|p2a: Wo-Chien|0 fnt\n|-boost|p1a: Skeledirge|spa|1\n|faint|p2a: Wo-Chien\n|\n|-heal|p1a: Skeledirge|68\/100|[from] item: Leftovers\n|upkeep\n|\n|t:|1683074871\n|switch|p2b: Flutter Mane|Flutter Mane, L50|100\/100\n|switch|p2a: Palafin|Palafin, L50, M|100\/100\n|turn|7\n|\n|t:|1683074882\n|move|p1a: Skeledirge|Protect|p1a: Skeledirge\n|-singleturn|p1a: Skeledirge|Protect\n|move|p2a: Palafin|Jet Punch|p1b: Grimmsnarl\n|-damage|p1b: Grimmsnarl|0 fnt\n|faint|p1b: Grimmsnarl\n|move|p2b: Flutter Mane|Shadow Ball|p1a: Skeledirge\n|-activate|p1a: Skeledirge|move: Protect\n|\n|-heal|p1a: Skeledirge|74\/100|[from] item: Leftovers\n|upkeep\n|\n|t:|1683074887\n|switch|p1b: Gastrodon|Gastrodon, L50, F|100\/100\n|turn|8\n|\n|t:|1683074910\n|-terastallize|p2a: Palafin|Water\n|-terastallize|p1a: Skeledirge|Fairy\n|move|p2b: Flutter Mane|Protect|p2b: Flutter Mane\n|-singleturn|p2b: Flutter Mane|Protect\n|move|p2a: Palafin|Jet Punch|p1b: Gastrodon\n|-activate|p1b: Gastrodon|ability: Storm Drain\n|-ability|p1b: Gastrodon|Storm Drain|boost\n|-boost|p1b: Gastrodon|spa|1\n|move|p1a: Skeledirge|Torch Song|p2b: Flutter Mane\n|-activate|p2b: Flutter Mane|move: Protect\n|move|p1b: Gastrodon|Sludge Bomb|p2b: Flutter Mane\n|-activate|p2b: Flutter Mane|move: Protect\n|\n|-heal|p1a: Skeledirge|80\/100|[from] item: Leftovers\n|upkeep\n|turn|9\n|\n|t:|1683074929\n|move|p2b: Flutter Mane|Shadow Ball|p1a: Skeledirge\n|-damage|p1a: Skeledirge|15\/100\n|-damage|p2b: Flutter Mane|91\/100|[from] item: Life Orb\n|move|p2a: Palafin|Haze|p2a: Palafin\n|-clearallboost\n|move|p1a: Skeledirge|Torch Song|p2b: Flutter Mane\n|-crit|p2b: Flutter Mane\n|-damage|p2b: Flutter Mane|0 fnt\n|-boost|p1a: Skeledirge|spa|1\n|faint|p2b: Flutter Mane\n|-end|p2b: Flutter Mane|Protosynthesis|[silent]\n|move|p1b: Gastrodon|Earth Power|p2a: Palafin\n|-damage|p2a: Palafin|58\/100\n|\n|-heal|p1a: Skeledirge|21\/100|[from] item: Leftovers\n|upkeep\n|turn|10\n|-message|Alacritus forfeited.\n|\n|win|hhy6\n|raw|hhy6's rating: 1084 → 1109<\/strong> (+25 for winning)\n|raw|Alacritus's rating: 1053 → 1037<\/strong> (-16 for losing)\n|l|\u2606Alacritus\n","uploadtime":1683074949,"views":12,"p1id":"hhy6","p2id":"alacritus","formatid":"gen9vgc2023regulationc","rating":1037,"private":0,"password":""}