{"id":"gen9vgc2023regulationc-1852074787","p1":"Teamsure1","p2":"haha u rage quit","format":"[Gen 9] VGC 2023 Regulation C","log":"|j|\u2606Teamsure1\n|j|\u2606haha u rage quit\n|t:|1682522056\n|gametype|doubles\n|player|p1|Teamsure1|266|1165\n|player|p2|haha u rage quit|pokemaniac|1246\n|teamsize|p1|6\n|teamsize|p2|6\n|gen|9\n|tier|[Gen 9] VGC 2023 Regulation C\n|rated|\n|rule|Species Clause: Limit one of each Pok\u00e9mon\n|rule|Item Clause: Limit one of each item\n|clearpoke\n|poke|p1|Scizor, L50, M|\n|poke|p1|Chi-Yu, L50|\n|poke|p1|Dachsbun, L50, M|\n|poke|p1|Glimmora, L50, M|\n|poke|p1|Tsareena, L50, F|\n|poke|p1|Gyarados, L50, M|\n|poke|p2|Glimmora, L50, M|\n|poke|p2|Iron Bundle, L50|\n|poke|p2|Dondozo, L50, M|\n|poke|p2|Dragonite, L50, M|\n|poke|p2|Tatsugiri-Droopy, L50, M|\n|poke|p2|Chi-Yu, L50|\n|teampreview|4\n|\n|t:|1682522090\n|start\n|switch|p1a: Chi-Yu|Chi-Yu, L50|100\/100\n|switch|p1b: Glimmora|Glimmora, L50, M|100\/100\n|switch|p2a: Chi-Yu|Chi-Yu, L50|100\/100\n|switch|p2b: Glimmora|Glimmora, L50, M, shiny|100\/100\n|-ability|p1a: Chi-Yu|Beads of Ruin\n|-ability|p2a: Chi-Yu|Beads of Ruin\n|turn|1\n|inactive|Battle timer is ON: inactive players will automatically lose when time's up. (requested by Teamsure1)\n|\n|t:|1682522116\n|-terastallize|p1a: Chi-Yu|Grass\n|move|p2a: Chi-Yu|Protect|p2a: Chi-Yu\n|-singleturn|p2a: Chi-Yu|Protect\n|move|p1a: Chi-Yu|Psychic|p2b: Glimmora\n|-supereffective|p2b: Glimmora\n|-damage|p2b: Glimmora|57\/100\n|move|p1b: Glimmora|Power Gem|p2a: Chi-Yu\n|-activate|p2a: Chi-Yu|move: Protect\n|move|p2b: Glimmora|Power Gem|p1a: Chi-Yu\n|-damage|p1a: Chi-Yu|61\/100\n|\n|upkeep\n|turn|2\n|inactive|Teamsure1 has 30 seconds left.\n|inactive|haha u rage quit has 30 seconds left.\n|inactive|haha u rage quit has 20 seconds left.\n|\n|t:|1682522156\n|switch|p1a: Gyarados|Gyarados, L50, M|100\/100\n|-ability|p1a: Gyarados|Intimidate|boost\n|-unboost|p2a: Chi-Yu|atk|1\n|-unboost|p2b: Glimmora|atk|1\n|switch|p2a: Dondozo|Dondozo, L50, M|100\/100\n|move|p1b: Glimmora|Power Gem|p2a: Dondozo\n|-damage|p2a: Dondozo|60\/100\n|move|p2b: Glimmora|Sludge Bomb|p1a: Gyarados\n|-damage|p1a: Gyarados|65\/100\n|\n|upkeep\n|turn|3\n|inactive|Teamsure1 has 30 seconds left.\n|\n|t:|1682522186\n|switch|p1a: Chi-Yu|Chi-Yu, L50, tera:Grass|61\/100\n|-ability|p1a: Chi-Yu|Beads of Ruin\n|move|p2a: Dondozo|Protect|p2a: Dondozo\n|-singleturn|p2a: Dondozo|Protect\n|move|p1b: Glimmora|Energy Ball|p2a: Dondozo\n|-activate|p2a: Dondozo|move: Protect\n|move|p2b: Glimmora|Power Gem|p1a: Chi-Yu\n|-damage|p1a: Chi-Yu|24\/100\n|\n|upkeep\n|turn|4\n|inactive|haha u rage quit has 30 seconds left.\n|\n|t:|1682522215\n|switch|p2a: Tatsugiri|Tatsugiri-Droopy, L50, M|100\/100\n|move|p1a: Chi-Yu|Tera Blast|p2b: Glimmora\n|-damage|p2b: Glimmora|30\/100\n|move|p1b: Glimmora|Energy Ball|p2a: Tatsugiri\n|-damage|p2a: Tatsugiri|39\/100\n|move|p2b: Glimmora|Sludge Bomb|p1a: Chi-Yu\n|-supereffective|p1a: Chi-Yu\n|-damage|p1a: Chi-Yu|0 fnt\n|faint|p1a: Chi-Yu\n|\n|upkeep\n|\n|t:|1682522231\n|switch|p1a: Tsareena|Tsareena, L50, F|100\/100\n|turn|5\n|inactive|haha u rage quit has 30 seconds left.\n|inactive|haha u rage quit has 20 seconds left.\n|\n|t:|1682522271\n|switch|p2a: Dondozo|Dondozo, L50, M|60\/100\n|move|p1a: Tsareena|Protect|p1a: Tsareena\n|-singleturn|p1a: Tsareena|Protect\n|move|p1b: Glimmora|Energy Ball|p2b: Glimmora\n|-damage|p2b: Glimmora|11\/100\n|move|p2b: Glimmora|Sludge Bomb|p1a: Tsareena\n|-activate|p1a: Tsareena|move: Protect\n|\n|upkeep\n|turn|6\n|\n|t:|1682522292\n|switch|p1a: Gyarados|Gyarados, L50, M|65\/100\n|-ability|p1a: Gyarados|Intimidate|boost\n|-fail|p2a: Dondozo|unboost|Attack|[from] ability: Oblivious|[of] p2a: Dondozo\n|-unboost|p2b: Glimmora|atk|1\n|move|p2a: Dondozo|Protect|p2a: Dondozo\n|-singleturn|p2a: Dondozo|Protect\n|move|p1b: Glimmora|Energy Ball|p2b: Glimmora\n|-damage|p2b: Glimmora|0 fnt\n|faint|p2b: Glimmora\n|\n|upkeep\n|\n|t:|1682522312\n|switch|p2b: Tatsugiri|Tatsugiri-Droopy, L50, M|39\/100\n|-activate|p2b: Tatsugiri|ability: Commander|[of] p2a: Dondozo\n|-boost|p2a: Dondozo|atk|2\n|-boost|p2a: Dondozo|spa|2\n|-boost|p2a: Dondozo|spe|2\n|-boost|p2a: Dondozo|def|2\n|-boost|p2a: Dondozo|spd|2\n|turn|7\n|\n|t:|1682522321\n|switch|p1a: Tsareena|Tsareena, L50, F|100\/100\n|-terastallize|p2a: Dondozo|Electric\n|move|p2a: Dondozo|Tera Blast|p1a: Tsareena\n|-resisted|p1a: Tsareena\n|-damage|p1a: Tsareena|64\/100\n|move|p1b: Glimmora|Energy Ball|p2a: Dondozo\n|-damage|p2a: Dondozo|45\/100\n|\n|upkeep\n|turn|8\n|inactive|Teamsure1 has 30 seconds left.\n|\n|t:|1682522349\n|move|p2a: Dondozo|Earthquake|p1b: Glimmora|[spread] p1a,p1b\n|-miss|p2a: Dondozo|p2b: Tatsugiri\n|-resisted|p1a: Tsareena\n|-supereffective|p1b: Glimmora\n|-damage|p1a: Tsareena|45\/100\n|-enditem|p1b: Glimmora|Focus Sash\n|-damage|p1b: Glimmora|1\/100\n|-activate|p1b: Glimmora|ability: Toxic Debris\n|-sidestart|p2: haha u rage quit|move: Toxic Spikes\n|move|p1b: Glimmora|Power Gem|p2a: Dondozo\n|-damage|p2a: Dondozo|25\/100\n|move|p1a: Tsareena|Bullet Seed|p2a: Dondozo\n|-damage|p2a: Dondozo|20\/100\n|-damage|p2a: Dondozo|16\/100\n|-damage|p2a: Dondozo|10\/100\n|-damage|p2a: Dondozo|6\/100\n|-damage|p2a: Dondozo|1\/100\n|-hitcount|p2a: Dondozo|5\n|\n|upkeep\n|turn|9\n|inactive|Teamsure1 has 30 seconds left.\n|\n|t:|1682522377\n|move|p1b: Glimmora|Spiky Shield|p1b: Glimmora\n|-singleturn|p1b: Glimmora|move: Protect\n|move|p1a: Tsareena|Protect|p1a: Tsareena\n|-singleturn|p1a: Tsareena|Protect\n|move|p2a: Dondozo|Tera Blast|p1a: Tsareena\n|-activate|p1a: Tsareena|move: Protect\n|\n|upkeep\n|turn|10\n|-message|Teamsure1 forfeited.\n|\n|win|haha u rage quit\n|raw|Teamsure1's rating: 1165 → 1146<\/strong> (-19 for losing)\n|raw|haha u rage quit's rating: 1246 → 1265<\/strong> (+19 for winning)\n|l|\u2606Teamsure1\n","uploadtime":1682522404,"views":13,"p1id":"teamsure1","p2id":"hahauragequit","formatid":"gen9vgc2023regulationc","rating":1146,"private":0,"password":""}