{"id":"gen9vgc2023regulationc-1861420368","p1":"Annabel123","p2":"alexurrada","format":"[Gen 9] VGC 2023 Regulation C","log":"|j|\u2606Annabel123\n|j|\u2606alexurrada\n|t:|1683755799\n|gametype|doubles\n|player|p1|Annabel123|swimmerf-gen4dp|1034\n|player|p2|alexurrada|wallace|1026\n|teamsize|p1|6\n|teamsize|p2|6\n|gen|9\n|tier|[Gen 9] VGC 2023 Regulation C\n|rated|\n|rule|Species Clause: Limit one of each Pok\u00e9mon\n|rule|Item Clause: Limit one of each item\n|clearpoke\n|poke|p1|Annihilape, L50, F|\n|poke|p1|Hatterene, L50, F|\n|poke|p1|Copperajah, L50, M|\n|poke|p1|Salamence, L50, M|\n|poke|p1|Rotom-Wash, L50|\n|poke|p1|Amoonguss, L50, F|\n|poke|p2|Dondozo, L50, M|\n|poke|p2|Tatsugiri, L50, M|\n|poke|p2|Electrode, L50|\n|poke|p2|Flutter Mane, L50|\n|poke|p2|Amoonguss, L50, F|\n|poke|p2|Dudunsparce-*, L50, M|\n|teampreview|4\nalexurrada rejected open team sheets.\n|\n|t:|1683755855\n|start\n|switch|p1a: Amoonguss|Amoonguss, L50, F|100\/100\n|switch|p1b: Haunted3DS|Rotom-Wash, L50, shiny|100\/100\n|switch|p2a: Tatsugiri|Tatsugiri, L50, M|100\/100\n|switch|p2b: Electrode|Electrode, L50|100\/100\n|turn|1\n|\n|t:|1683755892\n|switch|p1b: Annihilape|Annihilape, L50, F|100\/100\n|move|p2a: Tatsugiri|Endure|p2a: Tatsugiri\n|-singleturn|p2a: Tatsugiri|move: Endure\n|move|p1a: Amoonguss|Protect|p1a: Amoonguss\n|-singleturn|p1a: Amoonguss|Protect\n|move|p2b: Electrode|Explosion|p1b: Annihilape|[spread] p2a\n|-activate|p1a: Amoonguss|move: Protect\n|-immune|p1b: Annihilape\n|-activate|p2a: Tatsugiri|move: Endure\n|-damage|p2a: Tatsugiri|1\/100\n|faint|p2b: Electrode\n|\n|-status|p2a: Tatsugiri|tox|[from] item: Toxic Orb\n|upkeep\n|c|\u2606Annabel123|Nice\n|\n|t:|1683755912\n|switch|p2b: Dondozo|Dondozo, L50, M|100\/100\n|-activate|p2a: Tatsugiri|ability: Commander|[of] p2b: Dondozo\n|-boost|p2b: Dondozo|atk|2\n|-boost|p2b: Dondozo|spa|2\n|-boost|p2b: Dondozo|spe|2\n|-boost|p2b: Dondozo|def|2\n|-boost|p2b: Dondozo|spd|2\n|turn|2\n|\n|t:|1683755933\n|move|p1b: Annihilape|Close Combat|p2b: Dondozo\n|-damage|p2b: Dondozo|80\/100\n|-unboost|p1b: Annihilape|def|1\n|-unboost|p1b: Annihilape|spd|1\n|move|p2b: Dondozo|Order Up|p1a: Amoonguss\n|-damage|p1a: Amoonguss|65\/100\n|-boost|p2b: Dondozo|atk|1\n|move|p1a: Amoonguss|Spore|p2b: Dondozo\n|-status|p2b: Dondozo|slp|[from] move: Spore\n|\n|-heal|p2b: Dondozo|86\/100 slp|[from] item: Leftovers\n|-heal|p1a: Amoonguss|71\/100|[from] item: Black Sludge\n|-damage|p2a: Tatsugiri|0 fnt|[from] psn\n|faint|p2a: Tatsugiri\n|upkeep\n|c|\u2606alexurrada|thanks i guess\n|\n|t:|1683755945\n|switch|p2a: Flutter Mane|Flutter Mane, L50|100\/100\n|-item|p2a: Flutter Mane|Air Balloon\n|turn|3\n|\n|t:|1683755966\n|switch|p1b: Haunted3DS|Rotom-Wash, L50, shiny|100\/100\n|move|p1a: Amoonguss|Protect|p1a: Amoonguss\n|-singleturn|p1a: Amoonguss|Protect\n|move|p2a: Flutter Mane|Mystical Fire|p1a: Amoonguss\n|-activate|p1a: Amoonguss|move: Protect\n|cant|p2b: Dondozo|slp\n|\n|-heal|p2b: Dondozo|93\/100 slp|[from] item: Leftovers\n|-heal|p1a: Amoonguss|77\/100|[from] item: Black Sludge\n|upkeep\n|turn|4\n|\n|t:|1683755992\n|move|p2a: Flutter Mane|Mystical Fire|p1a: Amoonguss\n|-supereffective|p1a: Amoonguss\n|-damage|p1a: Amoonguss|22\/100\n|-unboost|p1a: Amoonguss|spa|1\n|move|p1b: Haunted3DS|Volt Switch|p2b: Dondozo\n|-supereffective|p2b: Dondozo\n|-damage|p2b: Dondozo|69\/100 slp\n|\n|t:|1683756001\n|switch|p1b: Copperajah|Copperajah, L50, M|100\/100|[from] Volt Switch\n|-curestatus|p2b: Dondozo|slp|[msg]\n|move|p2b: Dondozo|Liquidation|p1b: Copperajah\n|-damage|p1b: Copperajah|0 fnt\n|faint|p1b: Copperajah\n|move|p1a: Amoonguss|Spore|p2a: Flutter Mane\n|-status|p2a: Flutter Mane|slp|[from] move: Spore\n|\n|-heal|p2b: Dondozo|75\/100|[from] item: Leftovers\n|-heal|p1a: Amoonguss|28\/100|[from] item: Black Sludge\n|upkeep\n|\n|t:|1683756013\n|switch|p1b: Annihilape|Annihilape, L50, F|100\/100\n|turn|5\n|\n|t:|1683756037\n|-terastallize|p1b: Annihilape|Fighting\n|move|p1a: Amoonguss|Rage Powder|p1a: Amoonguss\n|-singleturn|p1a: Amoonguss|move: Rage Powder\n|cant|p2a: Flutter Mane|slp\n|move|p1b: Annihilape|Rage Fist|p2a: Flutter Mane\n|-supereffective|p2a: Flutter Mane\n|-damage|p2a: Flutter Mane|30\/100 slp\n|-enditem|p2a: Flutter Mane|Air Balloon\n|move|p2b: Dondozo|Order Up|p1a: Amoonguss\n|-damage|p1a: Amoonguss|0 fnt\n|faint|p1a: Amoonguss\n|-boost|p2b: Dondozo|atk|1\n|\n|-heal|p2b: Dondozo|81\/100|[from] item: Leftovers\n|upkeep\n|\n|t:|1683756045\n|switch|p1a: Haunted3DS|Rotom-Wash, L50, shiny|100\/100\n|turn|6\n|\n|t:|1683756064\n|cant|p2a: Flutter Mane|slp\n|move|p1a: Haunted3DS|Will-O-Wisp|p2b: Dondozo\n|-status|p2b: Dondozo|brn\n|move|p1b: Annihilape|Rage Fist|p2a: Flutter Mane\n|-supereffective|p2a: Flutter Mane\n|-damage|p2a: Flutter Mane|0 fnt\n|faint|p2a: Flutter Mane\n|-end|p2a: Flutter Mane|Protosynthesis|[silent]\n|move|p2b: Dondozo|Liquidation|p1a: Haunted3DS\n|-resisted|p1a: Haunted3DS\n|-damage|p1a: Haunted3DS|68\/100\n|\n|-heal|p2b: Dondozo|87\/100 brn|[from] item: Leftovers\n|-damage|p2b: Dondozo|81\/100 brn|[from] brn\n|upkeep\n|turn|7\n|\n|t:|1683756080\n|move|p1a: Haunted3DS|Volt Switch|p2b: Dondozo\n|-supereffective|p2b: Dondozo\n|-damage|p2b: Dondozo|52\/100 brn\n|move|p1b: Annihilape|Rage Fist|p2b: Dondozo\n|-damage|p2b: Dondozo|45\/100 brn\n|move|p2b: Dondozo|Order Up|p1a: Haunted3DS\n|-damage|p1a: Haunted3DS|27\/100\n|-boost|p2b: Dondozo|atk|1\n|\n|-heal|p2b: Dondozo|51\/100 brn|[from] item: Leftovers\n|-damage|p2b: Dondozo|45\/100 brn|[from] brn\n|upkeep\n|turn|8\n|\n|t:|1683756096\n|move|p1a: Haunted3DS|Volt Switch|p2b: Dondozo\n|-supereffective|p2b: Dondozo\n|-damage|p2b: Dondozo|19\/100 brn\n|move|p1b: Annihilape|Rage Fist|p2b: Dondozo\n|-damage|p2b: Dondozo|12\/100 brn\n|move|p2b: Dondozo|Order Up|p1a: Haunted3DS\n|-damage|p1a: Haunted3DS|0 fnt\n|faint|p1a: Haunted3DS\n|-boost|p2b: Dondozo|atk|1\n|\n|-heal|p2b: Dondozo|18\/100 brn|[from] item: Leftovers\n|-damage|p2b: Dondozo|12\/100 brn|[from] brn\n|upkeep\n|turn|9\n|\n|t:|1683756104\n|-terastallize|p2b: Dondozo|Water\n|move|p1b: Annihilape|Close Combat|p2b: Dondozo\n|-crit|p2b: Dondozo\n|-damage|p2b: Dondozo|0 fnt\n|-unboost|p1b: Annihilape|def|1\n|-unboost|p1b: Annihilape|spd|1\n|faint|p2b: Dondozo\n|\n|win|Annabel123\n|raw|Annabel123's rating: 1034 → 1068<\/strong> (+34 for winning)\n|raw|alexurrada's rating: 1026 → 1012<\/strong> (-14 for losing)\n|l|\u2606alexurrada\n","uploadtime":1683756114,"views":5,"p1id":"annabel123","p2id":"alexurrada","formatid":"gen9vgc2023regulationc","rating":1012,"private":0,"password":""}