{"id":"gen9vgc2023regulationc-1849013837","p1":"Codameron","p2":"PatMatrick","format":"[Gen 9] VGC 2023 Regulation C","log":"|j|\u2606Codameron\n|j|\u2606PatMatrick\n|t:|1682139041\n|gametype|doubles\n|player|p1|Codameron|2|1109\n|player|p2|PatMatrick|266|1108\n|teamsize|p1|6\n|teamsize|p2|6\n|gen|9\n|tier|[Gen 9] VGC 2023 Regulation C\n|rated|\n|rule|Species Clause: Limit one of each Pok\u00e9mon\n|rule|Item Clause: Limit one of each item\n|clearpoke\n|poke|p1|Bellibolt, L50, M|\n|poke|p1|Wo-Chien, L50|\n|poke|p1|Cloyster, L50, M|\n|poke|p1|Scizor, L50, F|\n|poke|p1|Foongus, L50, F|\n|poke|p1|Polteageist, L50|\n|poke|p2|Arcanine, L50, M|\n|poke|p2|Ting-Lu, L50|\n|poke|p2|Amoonguss, L50, F|\n|poke|p2|Flutter Mane, L50|\n|poke|p2|Kingambit, L50, F|\n|poke|p2|Palafin, L50, F|\n|teampreview|4\nPatMatrick rejected open team sheets.\n|inactive|Battle timer is ON: inactive players will automatically lose when time's up. (requested by PatMatrick)\n|\n|t:|1682139096\n|start\n|switch|p1a: Cloyster|Cloyster, L50, M|100\/100\n|switch|p1b: Foongus|Foongus, L50, F|100\/100\n|switch|p2a: Sweet Dee|Flutter Mane, L50|100\/100\n|switch|p2b: Mac|Palafin, L50, F|100\/100\n|turn|1\n|inactive|PatMatrick has 30 seconds left.\n|inactive|PatMatrick has 20 seconds left.\n|inactive|PatMatrick has 15 seconds left.\n|inactive|PatMatrick has 10 seconds left.\n|inactive|PatMatrick has 5 seconds left.\n|\n|t:|1682139150\n|move|p2b: Mac|Protect|p2b: Mac\n|-singleturn|p2b: Mac|Protect\n|move|p1b: Foongus|Rage Powder|p1b: Foongus\n|-singleturn|p1b: Foongus|move: Rage Powder\n|move|p2a: Sweet Dee|Thunderbolt|p1b: Foongus\n|-resisted|p1b: Foongus\n|-damage|p1b: Foongus|86\/100\n|-damage|p2a: Sweet Dee|91\/100|[from] item: Life Orb\n|move|p1a: Cloyster|Icicle Spear|p2a: Sweet Dee\n|-damage|p2a: Sweet Dee|70\/100\n|-damage|p2a: Sweet Dee|51\/100\n|-damage|p2a: Sweet Dee|32\/100\n|-damage|p2a: Sweet Dee|14\/100\n|-damage|p2a: Sweet Dee|0 fnt\n|faint|p2a: Sweet Dee\n|-end|p2a: Sweet Dee|Protosynthesis|[silent]\n|-hitcount|p2: Sweet Dee|5\n|\n|upkeep\n|\n|t:|1682139167\n|switch|p2a: Charlie|Arcanine, L50, M|100\/100\n|-ability|p2a: Charlie|Intimidate|boost\n|-unboost|p1a: Cloyster|atk|1\n|-unboost|p1b: Foongus|atk|1\n|turn|2\n|inactive|Codameron has 30 seconds left.\n|\n|t:|1682139200\n|detailschange|p2b: Mac|Palafin-Hero, L50, F\n|switch|p2b: Frank|Amoonguss, L50, F|100\/100\n|move|p1a: Cloyster|Shell Smash|p1a: Cloyster\n|-unboost|p1a: Cloyster|def|1\n|-unboost|p1a: Cloyster|spd|1\n|-boost|p1a: Cloyster|atk|2\n|-boost|p1a: Cloyster|spa|2\n|-boost|p1a: Cloyster|spe|2\n|move|p2a: Charlie|Flare Blitz|p1b: Foongus\n|-supereffective|p1b: Foongus\n|-damage|p1b: Foongus|0 fnt\n|faint|p1b: Foongus\n|-damage|p2a: Charlie|75\/100|[from] Recoil\n|\n|upkeep\n|\n|t:|1682139218\n|switch|p1b: Polteageist|Polteageist, L50|100\/100\n|turn|3\n|\n|t:|1682139238\n|move|p2b: Frank|Rage Powder|p2b: Frank\n|-singleturn|p2b: Frank|move: Rage Powder\n|move|p1a: Cloyster|Icicle Spear|p2b: Frank\n|-supereffective|p2b: Frank\n|-damage|p2b: Frank|70\/100\n|-supereffective|p2b: Frank\n|-damage|p2b: Frank|41\/100\n|-enditem|p2b: Frank|Sitrus Berry|[eat]\n|-heal|p2b: Frank|66\/100|[from] item: Sitrus Berry\n|-supereffective|p2b: Frank\n|-damage|p2b: Frank|38\/100\n|-supereffective|p2b: Frank\n|-damage|p2b: Frank|11\/100\n|-supereffective|p2b: Frank\n|-damage|p2b: Frank|0 fnt\n|faint|p2b: Frank\n|-hitcount|p2: Frank|5\n|move|p2a: Charlie|Will-O-Wisp|p1a: Cloyster\n|-status|p1a: Cloyster|brn\n|move|p1b: Polteageist|Shadow Ball|p2a: Charlie\n|-damage|p2a: Charlie|30\/100\n|\n|-damage|p1a: Cloyster|95\/100 brn|[from] brn\n|upkeep\n|\n|t:|1682139258\n|switch|p2b: Mac|Palafin-Hero, L50, F|100\/100\n|-activate|p2b: Mac|ability: Zero to Hero\n|turn|4\n|inactive|Codameron has 30 seconds left.\n|\n|t:|1682139285\n|switch|p1b: Wo-Chien|Wo-Chien, L50|100\/100\n|-ability|p1b: Wo-Chien|Tablets of Ruin\n|-terastallize|p2b: Mac|Water\n|move|p1a: Cloyster|Icicle Spear|p2a: Charlie\n|-resisted|p2a: Charlie\n|-damage|p2a: Charlie|27\/100\n|-resisted|p2a: Charlie\n|-damage|p2a: Charlie|24\/100\n|-resisted|p2a: Charlie\n|-damage|p2a: Charlie|21\/100\n|-resisted|p2a: Charlie\n|-damage|p2a: Charlie|19\/100\n|-resisted|p2a: Charlie\n|-damage|p2a: Charlie|16\/100\n|-hitcount|p2a: Charlie|5\n|move|p2a: Charlie|Howl|p2a: Charlie|[spread] p2a,p2b\n|-boost|p2a: Charlie|atk|1\n|-boost|p2b: Mac|atk|1\n|move|p2b: Mac|Wave Crash|p1b: Wo-Chien\n|-resisted|p1b: Wo-Chien\n|-damage|p1b: Wo-Chien|40\/100\n|-damage|p2b: Mac|82\/100|[from] Recoil\n|\n|-heal|p1b: Wo-Chien|46\/100|[from] item: Leftovers\n|-damage|p1a: Cloyster|89\/100 brn|[from] brn\n|upkeep\n|turn|5\n|inactive|Codameron has 30 seconds left.\n|inactive|PatMatrick has 30 seconds left.\n|\n|t:|1682139316\n|-terastallize|p1b: Wo-Chien|Water\n|move|p1a: Cloyster|Rock Blast|p2a: Charlie\n|-supereffective|p2a: Charlie\n|-damage|p2a: Charlie|6\/100\n|-supereffective|p2a: Charlie\n|-damage|p2a: Charlie|0 fnt\n|faint|p2a: Charlie\n|-hitcount|p2: Charlie|2\n|move|p2b: Mac|Haze|p2b: Mac\n|-clearallboost\n|move|p1b: Wo-Chien|Leech Seed|p2b: Mac\n|-start|p2b: Mac|move: Leech Seed\n|\n|-heal|p1b: Wo-Chien|53\/100|[from] item: Leftovers\n|-damage|p2b: Mac|70\/100|[from] Leech Seed|[of] p1b: Wo-Chien\n|-heal|p1b: Wo-Chien|66\/100|[silent]\n|-damage|p1a: Cloyster|84\/100 brn|[from] brn\n|upkeep\n|turn|6\n|-message|PatMatrick forfeited.\n|\n|win|Codameron\n|raw|Codameron's rating: 1109 → 1134<\/strong> (+25 for winning)\n|raw|PatMatrick's rating: 1108 → 1083<\/strong> (-25 for losing)\n|l|\u2606PatMatrick\n","uploadtime":1682139344,"views":12,"p1id":"codameron","p2id":"patmatrick","formatid":"gen9vgc2023regulationc","rating":1083,"private":0,"password":""}