{"id":"gen9vgc2023regulationc-1853209090","p1":"XZacLee","p2":"AguaSteppin'","format":"[Gen 9] VGC 2023 Regulation C","log":"|j|\u2606XZacLee\n|j|\u2606AguaSteppin'\n|t:|1682648890\n|gametype|doubles\n|player|p1|XZacLee|larry|1388\n|player|p2|AguaSteppin'|red|1309\n|teamsize|p1|6\n|teamsize|p2|6\n|gen|9\n|tier|[Gen 9] VGC 2023 Regulation C\n|rated|\n|rule|Species Clause: Limit one of each Pok\u00e9mon\n|rule|Item Clause: Limit one of each item\n|clearpoke\n|poke|p1|Orthworm, L50, M|\n|poke|p1|Gyarados, L50, F|\n|poke|p1|Ting-Lu, L50|\n|poke|p1|Flutter Mane, L50|\n|poke|p1|Dragonite, L50, M|\n|poke|p1|Skeledirge, L50, F|\n|poke|p2|Annihilape, L50, M|\n|poke|p2|Gholdengo, L50|\n|poke|p2|Maushold, L50|\n|poke|p2|Arcanine, L50, F|\n|poke|p2|Roaring Moon, L50|\n|poke|p2|Iron Bundle, L50|\n|teampreview|4\n|inactive|Battle timer is ON: inactive players will automatically lose when time's up. (requested by AguaSteppin')\nXZacLee has agreed to open team sheets.\n|inactive|XZacLee has 60 seconds left.\nAguaSteppin' has agreed to open team sheets.\n|inactive|XZacLee has 30 seconds left.\n|inactive|XZacLee has 20 seconds left.\n|\n|t:|1682648963\n|start\n|switch|p1a: Ting-Lu|Ting-Lu, L50|100\/100\n|switch|p1b: Orthworm|Orthworm, L50, M|100\/100\n|switch|p2a: Goblin|Annihilape, L50, M|100\/100\n|switch|p2b: Gholdenjoe|Gholdengo, L50|100\/100\n|-ability|p1a: Ting-Lu|Vessel of Ruin\n|turn|1\n|inactive|AguaSteppin' has 30 seconds left.\n|inactive|AguaSteppin' has 20 seconds left.\n|inactive|AguaSteppin' has 15 seconds left.\n|inactive|AguaSteppin' has 10 seconds left.\n|\n|t:|1682649010\n|switch|p2b: Maushold|Maushold, L50|100\/100\n|move|p1b: Orthworm|Protect|p1b: Orthworm\n|-singleturn|p1b: Orthworm|Protect\n|move|p2a: Goblin|Bulk Up|p2a: Goblin\n|-boost|p2a: Goblin|atk|1\n|-boost|p2a: Goblin|def|1\n|move|p1a: Ting-Lu|Stomping Tantrum|p2b: Maushold\n|-damage|p2b: Maushold|54\/100\n|\n|upkeep\n|turn|2\n|inactive|AguaSteppin' has 30 seconds left.\n|\n|t:|1682649039\n|move|p2b: Maushold|Thunder Wave|p1b: Orthworm\n|-status|p1b: Orthworm|par\n|move|p2a: Goblin|Bulk Up|p2a: Goblin\n|-boost|p2a: Goblin|atk|1\n|-boost|p2a: Goblin|def|1\n|move|p1a: Ting-Lu|Stomping Tantrum|p2b: Maushold\n|-damage|p2b: Maushold|7\/100\n|move|p1b: Orthworm|Shed Tail|p1b: Orthworm\n|-start|p1b: Orthworm|Substitute|[from] move: Shed Tail\n|-damage|p1b: Orthworm|50\/100 par\n|-enditem|p1b: Orthworm|Sitrus Berry|[eat]\n|-heal|p1b: Orthworm|75\/100 par|[from] item: Sitrus Berry\n|\n|t:|1682649054\n|switch|p1b: Skeledirge|Skeledirge, L50, F|100\/100|[from] Shed Tail\n|\n|upkeep\n|turn|3\n|inactive|AguaSteppin' has 30 seconds left.\n|\n|t:|1682649080\n|switch|p1a: Orthworm|Orthworm, L50, M|75\/100 par\n|move|p2b: Maushold|Fake Tears|p1a: Orthworm\n|-unboost|p1a: Orthworm|spd|2\n|move|p2a: Goblin|Rage Fist|p1b: Skeledirge\n|-supereffective|p1b: Skeledirge\n|-end|p1b: Skeledirge|Substitute\n|move|p1b: Skeledirge|Torch Song|p2b: Maushold\n|-damage|p2b: Maushold|0 fnt\n|-boost|p1b: Skeledirge|spa|1\n|faint|p2b: Maushold\n|\n|upkeep\n|\n|t:|1682649092\n|switch|p2b: Gholdenjoe|Gholdengo, L50|100\/100\n|turn|4\n|inactive|XZacLee has 30 seconds left.\n|inactive|AguaSteppin' has 30 seconds left.\n|inactive|XZacLee has 20 seconds left.\n|\n|t:|1682649131\n|-terastallize|p1b: Skeledirge|Grass\n|move|p2a: Goblin|Rage Fist|p1b: Skeledirge\n|-damage|p1b: Skeledirge|79\/100\n|move|p2b: Gholdenjoe|Shadow Ball|p1b: Skeledirge\n|-damage|p1b: Skeledirge|35\/100\n|move|p1b: Skeledirge|Tera Blast|p2b: Gholdenjoe\n|-resisted|p2b: Gholdenjoe\n|-damage|p2b: Gholdenjoe|70\/100\n|move|p1a: Orthworm|Shed Tail|p1a: Orthworm\n|-start|p1a: Orthworm|Substitute|[from] move: Shed Tail\n|-damage|p1a: Orthworm|24\/100 par\n|\n|t:|1682649138\n|switch|p1a: Ting-Lu|Ting-Lu, L50|100\/100|[from] Shed Tail\n|-ability|p1a: Ting-Lu|Vessel of Ruin\n|\n|-heal|p2b: Gholdenjoe|76\/100|[from] item: Leftovers\n|-heal|p1b: Skeledirge|41\/100|[from] item: Leftovers\n|upkeep\n|turn|5\n|\n|t:|1682649162\n|switch|p2b: Bast|Arcanine, L50, F|100\/100\n|-ability|p2b: Bast|Intimidate|boost\n|-immune|p1a: Ting-Lu\n|-unboost|p1b: Skeledirge|atk|1\n|move|p1b: Skeledirge|Protect|p1b: Skeledirge\n|-singleturn|p1b: Skeledirge|Protect\n|move|p2a: Goblin|Drain Punch|p1b: Skeledirge\n|-activate|p1b: Skeledirge|move: Protect\n|move|p1a: Ting-Lu|Stomping Tantrum|p2b: Bast\n|-supereffective|p2b: Bast\n|-crit|p2b: Bast\n|-damage|p2b: Bast|0 fnt\n|faint|p2b: Bast\n|\n|-heal|p1b: Skeledirge|47\/100|[from] item: Leftovers\n|upkeep\n|\n|t:|1682649171\n|switch|p2b: Gholdenjoe|Gholdengo, L50|76\/100\n|turn|6\n|\n|t:|1682649192\n|switch|p1b: Orthworm|Orthworm, L50, M|24\/100 par\n|-terastallize|p2b: Gholdenjoe|Water\n|move|p2a: Goblin|Rage Fist|p1b: Orthworm\n|-damage|p1b: Orthworm|0 fnt\n|faint|p1b: Orthworm\n|move|p2b: Gholdenjoe|Shadow Ball|p1a: Ting-Lu\n|-resisted|p1a: Ting-Lu\n|-activate|p1a: Ting-Lu|move: Substitute|[damage]\n|move|p1a: Ting-Lu|Earthquake|p2b: Gholdenjoe|[spread] p2a,p2b\n|-damage|p2a: Goblin|83\/100\n|-damage|p2b: Gholdenjoe|42\/100\n|\n|-heal|p2b: Gholdenjoe|48\/100|[from] item: Leftovers\n|upkeep\n|\n|t:|1682649199\n|switch|p1b: Dragonite|Dragonite, L50, M|100\/100\n|turn|7\n|\n|t:|1682649216\n|move|p1b: Dragonite|Extreme Speed|p2b: Gholdenjoe\n|-damage|p2b: Gholdenjoe|22\/100\n|move|p2a: Goblin|Drain Punch|p1a: Ting-Lu\n|-supereffective|p1a: Ting-Lu\n|-end|p1a: Ting-Lu|Substitute\n|-heal|p2a: Goblin|89\/100|[from] drain|[of] p1a: Ting-Lu\n|move|p2b: Gholdenjoe|Make It Rain|p1a: Ting-Lu|[spread] p1a,p1b\n|-damage|p1a: Ting-Lu|82\/100\n|-damage|p1b: Dragonite|86\/100\n|-unboost|p2b: Gholdenjoe|spa|1\n|move|p1a: Ting-Lu|Ruination|p2a: Goblin\n|-damage|p2a: Goblin|45\/100\n|-enditem|p2a: Goblin|Sitrus Berry|[eat]\n|-heal|p2a: Goblin|70\/100|[from] item: Sitrus Berry\n|\n|-heal|p2b: Gholdenjoe|28\/100|[from] item: Leftovers\n|upkeep\n|turn|8\n|inactive|XZacLee has 30 seconds left.\n|\n|t:|1682649241\n|move|p2b: Gholdenjoe|Protect|p2b: Gholdenjoe\n|-singleturn|p2b: Gholdenjoe|Protect\n|move|p1b: Dragonite|Extreme Speed|p2b: Gholdenjoe\n|-activate|p2b: Gholdenjoe|move: Protect\n|move|p2a: Goblin|Rage Fist|p1b: Dragonite\n|-damage|p1b: Dragonite|0 fnt\n|faint|p1b: Dragonite\n|move|p1a: Ting-Lu|Ruination|p2a: Goblin\n|-damage|p2a: Goblin|35\/100\n|\n|-heal|p2b: Gholdenjoe|34\/100|[from] item: Leftovers\n|upkeep\n|\n|t:|1682649245\n|switch|p1b: Skeledirge|Skeledirge, L50, F, tera:Grass|47\/100\n|turn|9\n|\n|t:|1682649264\n|move|p1b: Skeledirge|Protect|p1b: Skeledirge\n|-singleturn|p1b: Skeledirge|Protect\n|move|p2a: Goblin|Drain Punch|p1a: Ting-Lu\n|-supereffective|p1a: Ting-Lu\n|-damage|p1a: Ting-Lu|0 fnt\n|-heal|p2a: Goblin|80\/100|[from] drain|[of] p1a: Ting-Lu\n|faint|p1a: Ting-Lu\n|move|p2b: Gholdenjoe|Make It Rain|p1b: Skeledirge\n|-activate|p1b: Skeledirge|move: Protect\n|\n|-heal|p2b: Gholdenjoe|40\/100|[from] item: Leftovers\n|-heal|p1b: Skeledirge|53\/100|[from] item: Leftovers\n|upkeep\n|turn|10\n|-message|XZacLee forfeited.\n|\n|win|AguaSteppin'\n|raw|XZacLee's rating: 1388 → 1364<\/strong> (-24 for losing)\n|raw|AguaSteppin''s rating: 1309 → 1333<\/strong> (+24 for winning)\n|l|\u2606XZacLee\n","uploadtime":1682649368,"views":10,"p1id":"xzaclee","p2id":"aguasteppin","formatid":"gen9vgc2023regulationc","rating":1333,"private":0,"password":""}