{"id":"gen9vgc2023regulationc-1855217582","p1":"nightamara","p2":"tkinthemiddle","format":"[Gen 9] VGC 2023 Regulation C","log":"|j|\u2606nightamara\n|j|\u2606tkinthemiddle\n|t:|1682916826\n|gametype|doubles\n|player|p1|nightamara|greta-gen3|1174\n|player|p2|tkinthemiddle|pokemonbreederf-gen4|1154\n|teamsize|p1|6\n|teamsize|p2|6\n|gen|9\n|tier|[Gen 9] VGC 2023 Regulation C\n|rated|\n|rule|Species Clause: Limit one of each Pok\u00e9mon\n|rule|Item Clause: Limit one of each item\n|clearpoke\n|poke|p1|Flutter Mane, L50|\n|poke|p1|Ting-Lu, L50|\n|poke|p1|Gothitelle, L50, F|\n|poke|p1|Arcanine, L50, M|\n|poke|p1|Scizor, L50, M|\n|poke|p1|Murkrow, L50, M|\n|poke|p2|Amoonguss, L50, M|\n|poke|p2|Kingambit, L50, M|\n|poke|p2|Flutter Mane, L50|\n|poke|p2|Hydreigon, L50, F|\n|poke|p2|Iron Hands, L50|\n|poke|p2|Kilowattrel, L50, F|\n|teampreview|4\nnightamara has agreed to open team sheets.\n|\n|t:|1682916890\n|start\n|switch|p1a: Cha Hae In|Flutter Mane, L50|100\/100\n|switch|p1b: Scizor|Scizor, L50, M, shiny|100\/100\n|switch|p2a: Hydreigon|Hydreigon, L50, F|100\/100\n|switch|p2b: Iron Hands|Iron Hands, L50|100\/100\n|turn|1\n|\n|t:|1682916921\n|switch|p1b: Sung Jinah|Gothitelle, L50, F|100\/100\n|-terastallize|p2a: Hydreigon|Poison\n|move|p1a: Cha Hae In|Perish Song|p1a: Cha Hae In\n|-start|p1a: Cha Hae In|perish3|[silent]\n|-start|p1b: Sung Jinah|perish3|[silent]\n|-start|p2a: Hydreigon|perish3|[silent]\n|-start|p2b: Iron Hands|perish3|[silent]\n|-fieldactivate|move: Perish Song\n|move|p2a: Hydreigon|Heat Wave|p1a: Cha Hae In|[spread] p1b\n|-miss|p2a: Hydreigon|p1a: Cha Hae In\n|-damage|p1b: Sung Jinah|76\/100\n|-damage|p2a: Hydreigon|91\/100|[from] item: Life Orb\n|move|p2b: Iron Hands|Rock Slide|p1a: Cha Hae In|[spread] p1a,p1b\n|-crit|p1b: Sung Jinah\n|-damage|p1a: Cha Hae In|52\/100\n|-damage|p1b: Sung Jinah|46\/100\n|-enditem|p1b: Sung Jinah|Sitrus Berry|[eat]\n|-heal|p1b: Sung Jinah|71\/100|[from] item: Sitrus Berry\n|\n|-start|p1a: Cha Hae In|perish3\n|-start|p2a: Hydreigon|perish3\n|-start|p1b: Sung Jinah|perish3\n|-start|p2b: Iron Hands|perish3\n|upkeep\n|turn|2\n|\n|t:|1682916974\n|move|p1a: Cha Hae In|Protect|p1a: Cha Hae In\n|-singleturn|p1a: Cha Hae In|Protect\n|move|p1b: Sung Jinah|Fake Out|p2a: Hydreigon\n|-damage|p2a: Hydreigon|85\/100\n|cant|p2a: Hydreigon|flinch\n|move|p2b: Iron Hands|Rock Slide|p1b: Sung Jinah|[spread] p1b\n|-activate|p1a: Cha Hae In|move: Protect\n|-damage|p1b: Sung Jinah|51\/100\n|\n|-start|p1a: Cha Hae In|perish2\n|-start|p2a: Hydreigon|perish2\n|-start|p1b: Sung Jinah|perish2\n|-start|p2b: Iron Hands|perish2\n|upkeep\n|turn|3\n|\n|t:|1682916986\n|-end|p1a: Cha Hae In|Protosynthesis|[silent]\n|switch|p1a: Yoo Jinho|Arcanine, L50, M|100\/100\n|-ability|p1a: Yoo Jinho|Intimidate|boost\n|-unboost|p2a: Hydreigon|atk|1\n|-unboost|p2b: Iron Hands|atk|1\n|move|p1b: Sung Jinah|Protect|p1b: Sung Jinah\n|-singleturn|p1b: Sung Jinah|Protect\n|move|p2a: Hydreigon|Dark Pulse|p1b: Sung Jinah\n|-activate|p1b: Sung Jinah|move: Protect\n|move|p2b: Iron Hands|Rock Slide|p1a: Yoo Jinho|[spread] p1a\n|-activate|p1b: Sung Jinah|move: Protect\n|-supereffective|p1a: Yoo Jinho\n|-crit|p1a: Yoo Jinho\n|-damage|p1a: Yoo Jinho|33\/100\n|\n|-start|p2a: Hydreigon|perish1\n|-start|p1b: Sung Jinah|perish1\n|-start|p2b: Iron Hands|perish1\n|upkeep\n|turn|4\n|\n|t:|1682917009\n|move|p1a: Yoo Jinho|Protect|p1a: Yoo Jinho\n|-singleturn|p1a: Yoo Jinho|Protect\n|move|p2a: Hydreigon|Earth Power|p1a: Yoo Jinho\n|-activate|p1a: Yoo Jinho|move: Protect\n|move|p1b: Sung Jinah|Psychic|p2a: Hydreigon\n|-supereffective|p2a: Hydreigon\n|-damage|p2a: Hydreigon|25\/100\n|move|p2b: Iron Hands|Close Combat|p1b: Sung Jinah\n|-resisted|p1b: Sung Jinah\n|-damage|p1b: Sung Jinah|27\/100\n|-unboost|p2b: Iron Hands|def|1\n|-unboost|p2b: Iron Hands|spd|1\n|\n|-start|p2a: Hydreigon|perish0\n|-start|p1b: Sung Jinah|perish0\n|-start|p2b: Iron Hands|perish0\n|faint|p2a: Hydreigon\n|faint|p1b: Sung Jinah\n|faint|p2b: Iron Hands\n|-end|p2b: Iron Hands|Quark Drive|[silent]\n|upkeep\n|\n|t:|1682917015\n|switch|p2a: Flutter Mane|Flutter Mane, L50|100\/100\n|switch|p1b: Cha Hae In|Flutter Mane, L50|52\/100\n|switch|p2b: Amoonguss|Amoonguss, L50, M|100\/100\n|turn|5\n|\n|t:|1682917039\n|move|p1b: Cha Hae In|Perish Song|p1b: Cha Hae In\n|-start|p1a: Yoo Jinho|perish3|[silent]\n|-start|p1b: Cha Hae In|perish3|[silent]\n|-start|p2a: Flutter Mane|perish3|[silent]\n|-start|p2b: Amoonguss|perish3|[silent]\n|-fieldactivate|move: Perish Song\n|move|p2a: Flutter Mane|Dazzling Gleam|p1a: Yoo Jinho|[spread] p1a,p1b\n|-resisted|p1a: Yoo Jinho\n|-damage|p1a: Yoo Jinho|17\/100\n|-damage|p1b: Cha Hae In|20\/100\n|move|p1a: Yoo Jinho|Flare Blitz|p2a: Flutter Mane\n|-crit|p2a: Flutter Mane\n|-damage|p2a: Flutter Mane|0 fnt\n|faint|p2a: Flutter Mane\n|-end|p2a: Flutter Mane|Protosynthesis|[silent]\n|-damage|p1a: Yoo Jinho|0 fnt|[from] Recoil\n|faint|p1a: Yoo Jinho\n|move|p2b: Amoonguss|Spore|p1b: Cha Hae In\n|-status|p1b: Cha Hae In|slp|[from] move: Spore\n|\n|-start|p1b: Cha Hae In|perish3\n|-start|p2b: Amoonguss|perish3\n|upkeep\n|\n|t:|1682917046\n|switch|p1a: Scizor|Scizor, L50, M, shiny|100\/100\n|turn|6\n|-message|tkinthemiddle forfeited.\n|\n|win|nightamara\n|raw|nightamara's rating: 1174 → 1198<\/strong> (+24 for winning)\n|raw|tkinthemiddle's rating: 1154 → 1130<\/strong> (-24 for losing)\n|l|\u2606tkinthemiddle\n","uploadtime":1682917066,"views":15,"p1id":"nightamara","p2id":"tkinthemiddle","formatid":"gen9vgc2023regulationc","rating":1130,"private":0,"password":""}