{"id":"gen9vgc2023regulationc-1852395881","p1":"Mr Wonderful01","p2":"anshar_training","format":"[Gen 9] VGC 2023 Regulation C","log":"|j|\u2606Mr Wonderful01\n|j|\u2606anshar_training\n|t:|1682552397\n|gametype|doubles\n|player|p1|Mr Wonderful01|gentleman-gen4|1075\n|player|p2|anshar_training|colress|1055\n|teamsize|p1|6\n|teamsize|p2|6\n|gen|9\n|tier|[Gen 9] VGC 2023 Regulation C\n|rated|\n|rule|Species Clause: Limit one of each Pok\u00e9mon\n|rule|Item Clause: Limit one of each item\n|clearpoke\n|poke|p1|Dondozo, L50, M|\n|poke|p1|Tatsugiri-Droopy, L50, F|\n|poke|p1|Rabsca, L50, M|\n|poke|p1|Scyther, L50, F|\n|poke|p1|Staraptor, L50, F|\n|poke|p1|Scream Tail, L50|\n|poke|p2|Palafin, L50, M|\n|poke|p2|Flutter Mane, L50|\n|poke|p2|Arcanine, L50, F|\n|poke|p2|Amoonguss, L50, M|\n|poke|p2|Ting-Lu, L50|\n|poke|p2|Roaring Moon, L50|\n|teampreview|4\n|inactive|Battle timer is ON: inactive players will automatically lose when time's up. (requested by anshar_training)\n|\n|t:|1682552433\n|start\n|switch|p1a: Pizza|Scyther, L50, F|100\/100\n|switch|p1b: Blue|Staraptor, L50, F, shiny|100\/100\n|switch|p2a: Cornelia|Flutter Mane, L50|100\/100\n|switch|p2b: PlusUltra|Palafin, L50, M|100\/100\n|turn|1\n|\n|t:|1682552454\n|detailschange|p2b: PlusUltra|Palafin-Hero, L50, M\n|switch|p2b: Benito|Roaring Moon, L50|100\/100\n|-enditem|p2b: Benito|Booster Energy\n|-activate|p2b: Benito|ability: Protosynthesis|[fromitem]\n|-start|p2b: Benito|protosynthesisatk\n|-terastallize|p1a: Pizza|Flying\n|move|p1b: Blue|Brave Bird|p2b: Benito\n|-damage|p2b: Benito|15\/100\n|-damage|p1b: Blue|68\/100|[from] Recoil\n|move|p2a: Cornelia|Thunderbolt|p1b: Blue\n|-supereffective|p1b: Blue\n|-damage|p1b: Blue|0 fnt\n|faint|p1b: Blue\n|move|p1a: Pizza|Aerial Ace|p2a: Cornelia\n|-damage|p2a: Cornelia|10\/100\n|\n|upkeep\n|inactive|Mr Wonderful01 has 30 seconds left.\n|\n|t:|1682552480\n|switch|p1b: Wesley|Tatsugiri-Droopy, L50, F, shiny|100\/100\n|turn|2\n|\n|t:|1682552492\n|move|p1b: Wesley|Protect|p1b: Wesley\n|-singleturn|p1b: Wesley|Protect\n|move|p2b: Benito|Protect|p2b: Benito\n|-singleturn|p2b: Benito|Protect\n|move|p1a: Pizza|Feint|p2b: Benito\n|-activate|p2b: Benito|move: Feint\n|-damage|p2b: Benito|0 fnt\n|faint|p2b: Benito\n|-end|p2b: Benito|Protosynthesis|[silent]\n|move|p2a: Cornelia|Thunderbolt|p1a: Pizza\n|-supereffective|p1a: Pizza\n|-damage|p1a: Pizza|22\/100\n|\n|upkeep\n|\n|t:|1682552504\n|switch|p2b: PlusUltra|Palafin-Hero, L50, M|100\/100\n|-activate|p2b: PlusUltra|ability: Zero to Hero\n|turn|3\n|\n|t:|1682552521\n|move|p1a: Pizza|Protect|p1a: Pizza\n|-singleturn|p1a: Pizza|Protect\n|move|p2a: Cornelia|Thunderbolt|p1a: Pizza\n|-activate|p1a: Pizza|move: Protect\n|move|p1b: Wesley|Nasty Plot|p1b: Wesley\n|-boost|p1b: Wesley|spa|2\n|move|p2b: PlusUltra|Haze|p2b: PlusUltra\n|-clearallboost\n|\n|upkeep\n|turn|4\n|\n|t:|1682552539\n|switch|p2b: Susy|Amoonguss, L50, M|100\/100\n|move|p1a: Pizza|Feint|p2b: Susy\n|-damage|p2b: Susy|89\/100\n|move|p2a: Cornelia|Thunderbolt|p1a: Pizza\n|-supereffective|p1a: Pizza\n|-damage|p1a: Pizza|0 fnt\n|faint|p1a: Pizza\n|move|p1b: Wesley|Nasty Plot|p1b: Wesley\n|-boost|p1b: Wesley|spa|2\n|\n|upkeep\n|\n|t:|1682552545\n|switch|p1a: Kingpin|Dondozo, L50, M, shiny|100\/100\n|-activate|p1b: Wesley|ability: Commander|[of] p1a: Kingpin\n|-boost|p1a: Kingpin|atk|2\n|-boost|p1a: Kingpin|spa|2\n|-boost|p1a: Kingpin|spe|2\n|-boost|p1a: Kingpin|def|2\n|-boost|p1a: Kingpin|spd|2\n|turn|5\n|\n|t:|1682552558\n|-end|p2a: Cornelia|Protosynthesis|[silent]\n|switch|p2a: PlusUltra|Palafin-Hero, L50, M|100\/100\n|move|p2b: Susy|Rage Powder|p2b: Susy\n|-singleturn|p2b: Susy|move: Rage Powder\n|move|p1a: Kingpin|Earthquake|p2a: PlusUltra|[spread] p2a,p2b\n|-miss|p1a: Kingpin|p1b: Wesley\n|-damage|p2a: PlusUltra|59\/100\n|-damage|p2b: Susy|51\/100\n|\n|upkeep\n|turn|6\n|\n|t:|1682552568\n|move|p2b: Susy|Rage Powder|p2b: Susy\n|-singleturn|p2b: Susy|move: Rage Powder\n|move|p1a: Kingpin|Earthquake|p2a: PlusUltra|[spread] p2a,p2b\n|-miss|p1a: Kingpin|p1b: Wesley\n|-damage|p2a: PlusUltra|19\/100\n|-damage|p2b: Susy|13\/100\n|-enditem|p2b: Susy|Sitrus Berry|[eat]\n|-heal|p2b: Susy|37\/100|[from] item: Sitrus Berry\n|move|p2a: PlusUltra|Haze|p2a: PlusUltra\n|-clearallboost\n|\n|upkeep\n|turn|7\n|\n|t:|1682552583\n|move|p2a: PlusUltra|Protect|p2a: PlusUltra\n|-singleturn|p2a: PlusUltra|Protect\n|move|p1a: Kingpin|Earthquake|p2b: Susy|[spread] p2b\n|-miss|p1a: Kingpin|p1b: Wesley\n|-activate|p2a: PlusUltra|move: Protect\n|-damage|p2b: Susy|18\/100\n|move|p2b: Susy|Pollen Puff|p2a: PlusUltra\n|-activate|p2a: PlusUltra|move: Protect\n|\n|upkeep\n|turn|8\n|\n|t:|1682552599\n|move|p2a: PlusUltra|Jet Punch|p1a: Kingpin\n|-resisted|p1a: Kingpin\n|-damage|p1a: Kingpin|85\/100\n|move|p1a: Kingpin|Earthquake|p2b: Susy|[spread] p2a,p2b\n|-miss|p1a: Kingpin|p1b: Wesley\n|-damage|p2a: PlusUltra|0 fnt\n|-damage|p2b: Susy|0 fnt\n|faint|p2a: PlusUltra\n|faint|p2b: Susy\n|\n|upkeep\n|\n|t:|1682552610\n|switch|p2a: Cornelia|Flutter Mane, L50|10\/100\n|turn|9\n|\n|t:|1682552623\n|-terastallize|p2a: Cornelia|Fairy\n|move|p2a: Cornelia|Thunderbolt|p1a: Kingpin\n|-supereffective|p1a: Kingpin\n|-damage|p1a: Kingpin|0 fnt\n|faint|p1a: Kingpin\n|\n|upkeep\n|turn|10\n|\n|t:|1682552634\n|move|p2a: Cornelia|Thunderbolt|p1b: Wesley\n|-damage|p1b: Wesley|46\/100\n|move|p1b: Wesley|Surf|p2a: Cornelia\n|-damage|p2a: Cornelia|0 fnt\n|faint|p2a: Cornelia\n|-end|p2a: Cornelia|Protosynthesis|[silent]\n|-damage|p1b: Wesley|36\/100|[from] item: Life Orb\n|\n|win|Mr Wonderful01\n|raw|Mr Wonderful01's rating: 1075 → 1102<\/strong> (+27 for winning)\n|raw|anshar_training's rating: 1055 → 1038<\/strong> (-17 for losing)\n","uploadtime":1682552647,"views":9,"p1id":"mrwonderful01","p2id":"anshartraining","formatid":"gen9vgc2023regulationc","rating":1038,"private":0,"password":""}