{"id":"gen9vgc2023regulationc-1857294824","p1":"mtwoods444","p2":"NicoHaxVGC","format":"[Gen 9] VGC 2023 Regulation C","log":"|j|\u2606mtwoods444\n|j|\u2606NicoHaxVGC\n|t:|1683169123\n|gametype|doubles\n|player|p1|mtwoods444|red|1229\n|player|p2|NicoHaxVGC|red|1281\n|teamsize|p1|4\n|teamsize|p2|6\n|gen|9\n|tier|[Gen 9] VGC 2023 Regulation C\n|rated|\n|rule|Species Clause: Limit one of each Pok\u00e9mon\n|rule|Item Clause: Limit one of each item\n|clearpoke\n|poke|p1|Slowbro, L50, M|\n|poke|p1|Magneton, L50|\n|poke|p1|Muk, L50, F|\n|poke|p1|Vaporeon, L50, F|\n|poke|p2|Corviknight, L50, F|\n|poke|p2|Ting-Lu, L50|\n|poke|p2|Annihilape, L50, M|\n|poke|p2|Maushold, L50|\n|poke|p2|Iron Bundle, L50|\n|poke|p2|Flutter Mane, L50|\n|teampreview|4\n|inactive|Battle timer is ON: inactive players will automatically lose when time's up. (requested by NicoHaxVGC)\n|inactive|NicoHaxVGC has 60 seconds left.\n|\n|t:|1683169154\n|start\n|switch|p1a: Slowbro|Slowbro, L50, M|100\/100\n|switch|p1b: Muk|Muk, L50, F|100\/100\n|switch|p2a: Cyborg|Iron Bundle, L50|100\/100\n|switch|p2b: Star fire|Flutter Mane, L50|100\/100\n|-enditem|p2a: Cyborg|Booster Energy\n|-activate|p2a: Cyborg|ability: Quark Drive|[fromitem]\n|-start|p2a: Cyborg|quarkdrivespe\n|turn|1\n|inactive|mtwoods444 has 30 seconds left.\n|\n|t:|1683169181\n|move|p1a: Slowbro|Protect|p1a: Slowbro\n|-singleturn|p1a: Slowbro|Protect\n|move|p2a: Cyborg|Freeze-Dry|p1a: Slowbro\n|-activate|p1a: Slowbro|move: Protect\n|move|p2b: Star fire|Shadow Ball|p1a: Slowbro\n|-activate|p1a: Slowbro|move: Protect\n|move|p1b: Muk|Poison Jab|p2b: Star fire\n|-damage|p2b: Star fire|31\/100\n|\n|upkeep\n|turn|2\n|\n|t:|1683169200\n|-end|p2b: Star fire|Protosynthesis|[silent]\n|switch|p2b: Robin|Annihilape, L50, M|100\/100\n|-terastallize|p1a: Slowbro|Dark\n|move|p2a: Cyborg|Freeze-Dry|p1a: Slowbro\n|-damage|p1a: Slowbro|78\/100\n|move|p1b: Muk|Poison Jab|p2a: Cyborg\n|-crit|p2a: Cyborg\n|-damage|p2a: Cyborg|31\/100\n|move|p1a: Slowbro|Trick Room|p1a: Slowbro\n|-fieldstart|move: Trick Room|[of] p1a: Slowbro\n|\n|-heal|p1a: Slowbro|84\/100|[from] item: Leftovers\n|upkeep\n|turn|3\n|inactive|mtwoods444 has 30 seconds left.\n|inactive|mtwoods444 has 20 seconds left.\n|\n|t:|1683169236\n|-end|p2a: Cyborg|Quark Drive|[silent]\n|switch|p2a: Beast boy|Ting-Lu, L50|100\/100\n|-ability|p2a: Beast boy|Vessel of Ruin\n|-terastallize|p2b: Robin|Water\n|move|p1b: Muk|Shadow Sneak|p2b: Robin\n|-damage|p2b: Robin|87\/100\n|move|p1a: Slowbro|Yawn|p2b: Robin\n|-start|p2b: Robin|move: Yawn|[of] p1a: Slowbro\n|move|p2b: Robin|Drain Punch|p1a: Slowbro\n|-supereffective|p1a: Slowbro\n|-damage|p1a: Slowbro|33\/100\n|-heal|p2b: Robin|100\/100|[from] drain|[of] p1a: Slowbro\n|\n|-heal|p1a: Slowbro|39\/100|[from] item: Leftovers\n|upkeep\n|turn|4\n|inactive|mtwoods444 has 30 seconds left.\n|inactive|NicoHaxVGC has 30 seconds left.\n|inactive|mtwoods444 has 20 seconds left.\n|inactive|mtwoods444 has 15 seconds left.\n|inactive|mtwoods444 has 10 seconds left.\n|\n|t:|1683169282\n|move|p1b: Muk|Protect|p1b: Muk\n|-singleturn|p1b: Muk|Protect\n|move|p1a: Slowbro|Chilling Water|p2a: Beast boy\n|-supereffective|p2a: Beast boy\n|-damage|p2a: Beast boy|88\/100\n|-unboost|p2a: Beast boy|atk|1\n|move|p2a: Beast boy|Ruination|p1b: Muk\n|-activate|p1b: Muk|move: Protect\n|move|p2b: Robin|Drain Punch|p1a: Slowbro\n|-supereffective|p1a: Slowbro\n|-damage|p1a: Slowbro|0 fnt\n|faint|p1a: Slowbro\n|\n|-end|p2b: Robin|move: Yawn|[silent]\n|-status|p2b: Robin|slp\n|upkeep\n|\n|t:|1683169296\n|switch|p1a: Vaporeon|Vaporeon, L50, F|100\/100\n|turn|5\n|inactive|mtwoods444 has 30 seconds left.\n|\n|t:|1683169322\n|move|p1b: Muk|Poison Jab|p2a: Beast boy\n|-resisted|p2a: Beast boy\n|-damage|p2a: Beast boy|77\/100\n|-status|p2a: Beast boy|psn\n|move|p2a: Beast boy|Ruination|p1b: Muk\n|-damage|p1b: Muk|51\/100\n|move|p1a: Vaporeon|Muddy Water|p2b: Robin|[spread] \n|-miss|p1a: Vaporeon|p2a: Beast boy\n|-miss|p1a: Vaporeon|p2b: Robin\n|cant|p2b: Robin|slp\n|\n|-damage|p2a: Beast boy|65\/100 psn|[from] psn\n|upkeep\n|turn|6\n|\n|t:|1683169343\n|move|p1b: Muk|Drain Punch|p2a: Beast boy\n|-supereffective|p2a: Beast boy\n|-damage|p2a: Beast boy|36\/100 psn\n|-heal|p1b: Muk|70\/100|[from] drain|[of] p2a: Beast boy\n|move|p2a: Beast boy|Ruination|p1b: Muk\n|-damage|p1b: Muk|35\/100\n|-enditem|p1b: Muk|Sitrus Berry|[eat]\n|-heal|p1b: Muk|60\/100|[from] item: Sitrus Berry\n|move|p1a: Vaporeon|Muddy Water|p2a: Beast boy|[spread] p2a,p2b\n|-supereffective|p2a: Beast boy\n|-resisted|p2b: Robin\n|-damage|p2a: Beast boy|10\/100 psn\n|-damage|p2b: Robin|89\/100 slp\n|-unboost|p2b: Robin|accuracy|1\n|-ability|p2b: Robin|Defiant|boost\n|-boost|p2b: Robin|atk|2\n|cant|p2b: Robin|slp\n|\n|-heal|p2b: Robin|95\/100 slp|[from] item: Leftovers\n|-damage|p2a: Beast boy|0 fnt|[from] psn\n|faint|p2a: Beast boy\n|-fieldend|move: Trick Room\n|upkeep\n|\n|t:|1683169366\n|switch|p2a: Cyborg|Iron Bundle, L50|31\/100\n|turn|7\n|inactive|mtwoods444 has 30 seconds left.\n|\n|t:|1683169397\n|move|p2a: Cyborg|Protect|p2a: Cyborg\n|-singleturn|p2a: Cyborg|Protect\n|cant|p2b: Robin|slp\n|move|p1a: Vaporeon|Muddy Water|p2b: Robin|[spread] p2b\n|-activate|p2a: Cyborg|move: Protect\n|-resisted|p2b: Robin\n|-damage|p2b: Robin|81\/100 slp\n|move|p1b: Muk|Drain Punch|p2a: Cyborg\n|-activate|p2a: Cyborg|move: Protect\n|\n|-heal|p2b: Robin|87\/100 slp|[from] item: Leftovers\n|upkeep\n|turn|8\n|\n|t:|1683169418\n|move|p2a: Cyborg|Freeze-Dry|p1a: Vaporeon\n|-supereffective|p1a: Vaporeon\n|-damage|p1a: Vaporeon|63\/100\n|-curestatus|p2b: Robin|slp|[msg]\n|move|p2b: Robin|Rage Fist|p1b: Muk\n|-damage|p1b: Muk|0 fnt\n|faint|p1b: Muk\n|move|p1a: Vaporeon|Muddy Water|p2b: Robin|[spread] p2a,p2b\n|-resisted|p2a: Cyborg\n|-resisted|p2b: Robin\n|-damage|p2a: Cyborg|4\/100\n|-damage|p2b: Robin|72\/100\n|\n|-heal|p2b: Robin|78\/100|[from] item: Leftovers\n|upkeep\n|\n|t:|1683169430\n|switch|p1b: Magneton|Magneton, L50|100\/100\n|turn|9\n|\n|t:|1683169445\n|move|p1b: Magneton|Protect|p1b: Magneton\n|-singleturn|p1b: Magneton|Protect\n|move|p2a: Cyborg|Freeze-Dry|p1a: Vaporeon\n|-supereffective|p1a: Vaporeon\n|-damage|p1a: Vaporeon|22\/100\n|move|p2b: Robin|Drain Punch|p1b: Magneton\n|-activate|p1b: Magneton|move: Protect\n|move|p1a: Vaporeon|Muddy Water|p2a: Cyborg|[spread] p2a,p2b\n|-resisted|p2a: Cyborg\n|-resisted|p2b: Robin\n|-damage|p2a: Cyborg|0 fnt\n|-damage|p2b: Robin|63\/100\n|-unboost|p2b: Robin|accuracy|1\n|-ability|p2b: Robin|Defiant|boost\n|-boost|p2b: Robin|atk|2\n|faint|p2a: Cyborg\n|-end|p2a: Cyborg|Quark Drive|[silent]\n|\n|-heal|p2b: Robin|69\/100|[from] item: Leftovers\n|upkeep\n|\n|t:|1683169461\n|switch|p2a: Star fire|Flutter Mane, L50|31\/100\n|turn|10\n|\n|t:|1683169483\n|move|p2a: Star fire|Shadow Ball|p1a: Vaporeon\n|-damage|p1a: Vaporeon|0 fnt\n|faint|p1a: Vaporeon\n|move|p2b: Robin|Drain Punch|p1b: Magneton|[miss]\n|-miss|p2b: Robin|p1b: Magneton\n|move|p1b: Magneton|Thunderbolt|p2b: Robin\n|-supereffective|p2b: Robin\n|-damage|p2b: Robin|0 fnt\n|faint|p2b: Robin\n|\n|upkeep\n|turn|11\n|\n|t:|1683169494\n|move|p2a: Star fire|Shadow Ball|p1b: Magneton\n|-damage|p1b: Magneton|40\/100\n|move|p1b: Magneton|Flash Cannon|p2a: Star fire\n|-supereffective|p2a: Star fire\n|-damage|p2a: Star fire|0 fnt\n|faint|p2a: Star fire\n|-end|p2a: Star fire|Protosynthesis|[silent]\n|\n|win|mtwoods444\n|raw|mtwoods444's rating: 1229 → 1258<\/strong> (+29 for winning)\n|raw|NicoHaxVGC's rating: 1281 → 1252<\/strong> (-29 for losing)\n","uploadtime":1683169498,"views":13,"p1id":"mtwoods444","p2id":"nicohaxvgc","formatid":"gen9vgc2023regulationc","rating":1252,"private":0,"password":""}