{"id":"gen9vgc2023regulationc-1851459250","p1":"BroDontFuckWithMe","p2":"JimmyLeSimplet","format":"[Gen 9] VGC 2023 Regulation C","log":"|j|\u2606BroDontFuckWithMe\n|j|\u2606JimmyLeSimplet\n|t:|1682446855\n|gametype|doubles\n|player|p1|BroDontFuckWithMe|265|1519\n|player|p2|JimmyLeSimplet|ethan|1556\n|teamsize|p1|6\n|teamsize|p2|6\n|gen|9\n|tier|[Gen 9] VGC 2023 Regulation C\n|rated|\n|rule|Species Clause: Limit one of each Pok\u00e9mon\n|rule|Item Clause: Limit one of each item\n|clearpoke\n|poke|p1|Great Tusk, L50|\n|poke|p1|Amoonguss, L50, M|\n|poke|p1|Tyranitar, L50, M|\n|poke|p1|Iron Bundle, L50|\n|poke|p1|Talonflame, L50, F|\n|poke|p1|Gholdengo, L50|\n|poke|p2|Iron Bundle, L50|\n|poke|p2|Gholdengo, L50|\n|poke|p2|Mimikyu, L50, F|\n|poke|p2|Pelipper, L50, F|\n|poke|p2|Palafin, L50, M|\n|poke|p2|Murkrow, L50, M|\n|teampreview|4\n|\n|t:|1682446875\n|start\n|switch|p1a: Iron Bundle|Iron Bundle, L50|100\/100\n|switch|p1b: Gholdengo|Gholdengo, L50|100\/100\n|switch|p2a: Gholdengo|Gholdengo, L50|100\/100\n|switch|p2b: Pelipper|Pelipper, L50, F, shiny|100\/100\n|-weather|RainDance|[from] ability: Drizzle|[of] p2b: Pelipper\n|-enditem|p1a: Iron Bundle|Booster Energy\n|-activate|p1a: Iron Bundle|ability: Quark Drive|[fromitem]\n|-start|p1a: Iron Bundle|quarkdrivespe\n|turn|1\n|inactive|Battle timer is ON: inactive players will automatically lose when time's up. (requested by BroDontFuckWithMe)\n|\n|t:|1682446885\n|switch|p1b: Tyranitar|Tyranitar, L50, M|100\/100\n|-weather|Sandstorm|[from] ability: Sand Stream|[of] p1b: Tyranitar\n|-terastallize|p2a: Gholdengo|Water\n|move|p2b: Pelipper|Protect|p2b: Pelipper\n|-singleturn|p2b: Pelipper|Protect\n|move|p1a: Iron Bundle|Freeze-Dry|p2b: Pelipper\n|-activate|p2b: Pelipper|move: Protect\n|move|p2a: Gholdengo|Make It Rain|p1b: Tyranitar|[spread] p1a,p1b\n|-supereffective|p1b: Tyranitar\n|-damage|p1a: Iron Bundle|0 fnt\n|-damage|p1b: Tyranitar|26\/100\n|-unboost|p2a: Gholdengo|spa|1\n|faint|p1a: Iron Bundle\n|-end|p1a: Iron Bundle|Quark Drive|[silent]\n|\n|-weather|Sandstorm|[upkeep]\n|-damage|p2a: Gholdengo|94\/100|[from] Sandstorm\n|-damage|p2b: Pelipper|95\/100|[from] Sandstorm\n|upkeep\n|\n|t:|1682446898\n|switch|p1a: Talonflame|Talonflame, L50, F|100\/100\n|turn|2\n|j| Withoutexcuse\n|\n|t:|1682446909\n|move|p1a: Talonflame|Tailwind|p1a: Talonflame\n|-sidestart|p1: BroDontFuckWithMe|move: Tailwind\n|move|p1b: Tyranitar|Rock Slide|p2b: Pelipper|[spread] p2a,p2b\n|-supereffective|p2b: Pelipper\n|-damage|p2a: Gholdengo|57\/100\n|-damage|p2b: Pelipper|4\/100\n|cant|p2a: Gholdengo|flinch\n|move|p2b: Pelipper|Hydro Pump|p1a: Talonflame\n|-supereffective|p1a: Talonflame\n|-damage|p1a: Talonflame|0 fnt\n|faint|p1a: Talonflame\n|\n|-weather|Sandstorm|[upkeep]\n|-damage|p2a: Gholdengo|51\/100|[from] Sandstorm\n|-damage|p2b: Pelipper|0 fnt|[from] Sandstorm\n|faint|p2b: Pelipper\n|upkeep\n|\n|t:|1682446929\n|switch|p1a: Gholdengo|Gholdengo, L50|100\/100\n|switch|p2b: Iron Bundle|Iron Bundle, L50, shiny|100\/100\n|-enditem|p2b: Iron Bundle|Booster Energy\n|-activate|p2b: Iron Bundle|ability: Quark Drive|[fromitem]\n|-start|p2b: Iron Bundle|quarkdrivespe\n|turn|3\n|\n|t:|1682446952\n|switch|p2a: Mimikyu|Mimikyu, L50, F, shiny|100\/100\n|-terastallize|p1a: Gholdengo|Water\n|move|p2b: Iron Bundle|Protect|p2b: Iron Bundle\n|-singleturn|p2b: Iron Bundle|Protect\n|move|p1a: Gholdengo|Make It Rain|p2a: Mimikyu|[spread] p2a\n|-activate|p2b: Iron Bundle|move: Protect\n|-activate|p2a: Mimikyu|ability: Disguise\n|-damage|p2a: Mimikyu|100\/100\n|-unboost|p1a: Gholdengo|spa|1\n|detailschange|p2a: Mimikyu|Mimikyu-Busted, L50, F, shiny\n|-damage|p2a: Mimikyu|88\/100|[from] pokemon: Mimikyu-Busted\n|move|p1b: Tyranitar|Assurance|p2a: Mimikyu\n|-damage|p2a: Mimikyu|0 fnt\n|faint|p2a: Mimikyu\n|\n|-weather|Sandstorm|[upkeep]\n|-damage|p2b: Iron Bundle|94\/100|[from] Sandstorm\n|-damage|p1a: Gholdengo|95\/100|[from] Sandstorm\n|-heal|p1a: Gholdengo|100\/100|[from] item: Leftovers\n|upkeep\n|\n|t:|1682446967\n|switch|p2a: Gholdengo|Gholdengo, L50, tera:Water|51\/100\n|turn|4\n|\n|t:|1682446977\n|move|p2b: Iron Bundle|Freeze-Dry|p1a: Gholdengo\n|-supereffective|p1a: Gholdengo\n|-damage|p1a: Gholdengo|31\/100\n|move|p1a: Gholdengo|Make It Rain|p2b: Iron Bundle|[spread] p2a,p2b\n|-resisted|p2a: Gholdengo\n|-damage|p2a: Gholdengo|31\/100\n|-damage|p2b: Iron Bundle|21\/100\n|-unboost|p1a: Gholdengo|spa|1\n|move|p1b: Tyranitar|Assurance|p2a: Gholdengo\n|-damage|p2a: Gholdengo|0 fnt\n|faint|p2a: Gholdengo\n|\n|-weather|Sandstorm|[upkeep]\n|-damage|p2b: Iron Bundle|15\/100|[from] Sandstorm\n|-damage|p1a: Gholdengo|25\/100|[from] Sandstorm\n|-heal|p1a: Gholdengo|31\/100|[from] item: Leftovers\n|upkeep\n|turn|5\n|\n|t:|1682446984\n|move|p2b: Iron Bundle|Freeze-Dry|p1a: Gholdengo\n|-supereffective|p1a: Gholdengo\n|-damage|p1a: Gholdengo|0 fnt\n|faint|p1a: Gholdengo\n|move|p1b: Tyranitar|Assurance|p2b: Iron Bundle\n|-damage|p2b: Iron Bundle|0 fnt\n|faint|p2b: Iron Bundle\n|-end|p2b: Iron Bundle|Quark Drive|[silent]\n|\n|win|BroDontFuckWithMe\n|raw|BroDontFuckWithMe's rating: 1519 → 1541<\/strong> (+22 for winning)\n|raw|JimmyLeSimplet's rating: 1556 → 1534<\/strong> (-22 for losing)\n|l|\u2606JimmyLeSimplet\n","uploadtime":1682447345,"views":14,"p1id":"brodontfuckwithme","p2id":"jimmylesimplet","formatid":"gen9vgc2023regulationc","rating":1534,"private":0,"password":""}