{"id":"gen9vgc2023regulationc-1847482443","p1":"BrookPardo","p2":"peytoncookie","format":"[Gen 9] VGC 2023 Regulation C","log":"|j|\u2606BrookPardo\n|j|\u2606peytoncookie\n|t:|1681960670\n|gametype|doubles\n|player|p1|BrookPardo|biker-gen4|1189\n|player|p2|peytoncookie|ninjaboy|1194\n|teamsize|p1|6\n|teamsize|p2|6\n|gen|9\n|tier|[Gen 9] VGC 2023 Regulation C\n|rated|\n|rule|Species Clause: Limit one of each Pok\u00e9mon\n|rule|Item Clause: Limit one of each item\n|clearpoke\n|poke|p1|Chi-Yu, L50|\n|poke|p1|Flutter Mane, L50|\n|poke|p1|Gholdengo, L50|\n|poke|p1|Amoonguss, L50, F|\n|poke|p1|Palafin, L50, M|\n|poke|p1|Kingambit, L50, M|\n|poke|p2|Gothitelle, L50, M|\n|poke|p2|Scream Tail, L50|\n|poke|p2|Arcanine, L50, M|\n|poke|p2|Ting-Lu, L50|\n|poke|p2|Flutter Mane, L50|\n|poke|p2|Palafin, L50, M|\n|teampreview|4\npeytoncookie has agreed to open team sheets.\n|\n|t:|1681960708\n|start\n|switch|p1a: Chi-Yu|Chi-Yu, L50|100\/100\n|switch|p1b: Gholdengo|Gholdengo, L50|100\/100\n|switch|p2a: Gothitelle|Gothitelle, L50, M|100\/100\n|switch|p2b: Palafin|Palafin, L50, M|100\/100\n|-ability|p1a: Chi-Yu|Beads of Ruin\n|turn|1\n|\n|t:|1681960745\n|-terastallize|p1a: Chi-Yu|Water\n|-terastallize|p2b: Palafin|Water\n|move|p1b: Gholdengo|Protect|p1b: Gholdengo\n|-singleturn|p1b: Gholdengo|Protect\n|move|p2a: Gothitelle|Fake Out|p1a: Chi-Yu\n|-damage|p1a: Chi-Yu|91\/100\n|cant|p1a: Chi-Yu|flinch\n|move|p2b: Palafin|Wave Crash|p1b: Gholdengo\n|-activate|p1b: Gholdengo|move: Protect\n|\n|upkeep\n|turn|2\n|\n|t:|1681960777\n|switch|p1b: Droop|Amoonguss, L50, F, shiny|100\/100\n|move|p1a: Chi-Yu|Dark Pulse|p2a: Gothitelle\n|-supereffective|p2a: Gothitelle\n|-damage|p2a: Gothitelle|0 fnt\n|faint|p2a: Gothitelle\n|move|p2b: Palafin|Wave Crash|p1b: Droop\n|-resisted|p1b: Droop\n|-damage|p1b: Droop|72\/100\n|-damage|p2b: Palafin|84\/100|[from] item: Rocky Helmet|[of] p1b: Droop\n|-damage|p2b: Palafin|73\/100|[from] Recoil\n|\n|upkeep\n|\n|t:|1681960795\n|switch|p2a: Scream Tail|Scream Tail, L50, shiny|100\/100\n|-enditem|p2a: Scream Tail|Booster Energy\n|-activate|p2a: Scream Tail|ability: Protosynthesis|[fromitem]\n|-start|p2a: Scream Tail|protosynthesisspe\n|turn|3\n|\n|t:|1681960814\n|switch|p1a: Gholdengo|Gholdengo, L50|100\/100\n|move|p2a: Scream Tail|Protect|p2a: Scream Tail\n|-singleturn|p2a: Scream Tail|Protect\n|move|p2b: Palafin|Protect|p2b: Palafin\n|-singleturn|p2b: Palafin|Protect\n|move|p1b: Droop|Rage Powder|p1b: Droop\n|-singleturn|p1b: Droop|move: Rage Powder\n|\n|upkeep\n|turn|4\n|\n|t:|1681960846\n|move|p1b: Droop|Rage Powder|p1b: Droop\n|-singleturn|p1b: Droop|move: Rage Powder\n|move|p2b: Palafin|Jet Punch|p1b: Droop\n|-resisted|p1b: Droop\n|-damage|p1b: Droop|57\/100\n|-damage|p2b: Palafin|57\/100|[from] item: Rocky Helmet|[of] p1b: Droop\n|move|p2a: Scream Tail|Disable|p1b: Droop\n|-start|p1b: Droop|Disable|Rage Powder\n|move|p1a: Gholdengo|Make It Rain|p2b: Palafin|[spread] p2a,p2b\n|-supereffective|p2a: Scream Tail\n|-resisted|p2b: Palafin\n|-damage|p2a: Scream Tail|22\/100\n|-damage|p2b: Palafin|22\/100\n|-unboost|p1a: Gholdengo|spa|1\n|-damage|p1a: Gholdengo|91\/100|[from] item: Life Orb\n|\n|upkeep\n|turn|5\n|\n|t:|1681960875\n|move|p2a: Scream Tail|Protect|p2a: Scream Tail\n|-singleturn|p2a: Scream Tail|Protect\n|move|p2b: Palafin|Protect|p2b: Palafin\n|-singleturn|p2b: Palafin|Protect\n|move|p1a: Gholdengo|Make It Rain|p2b: Palafin|[spread] \n|-activate|p2a: Scream Tail|move: Protect\n|-activate|p2b: Palafin|move: Protect\n|move|p1b: Droop|Pollen Puff|p1a: Gholdengo\n|-heal|p1a: Gholdengo|100\/100\n|\n|upkeep\n|turn|6\n|\n|t:|1681960904\n|move|p2b: Palafin|Jet Punch|p1a: Gholdengo\n|-damage|p1a: Gholdengo|70\/100\n|move|p2a: Scream Tail|Disable||[still]\n|-fail|p2a: Scream Tail\n|move|p1a: Gholdengo|Make It Rain|p2a: Scream Tail|[spread] p2a,p2b\n|-supereffective|p2a: Scream Tail\n|-resisted|p2b: Palafin\n|-damage|p2a: Scream Tail|0 fnt\n|-damage|p2b: Palafin|0 fnt\n|-unboost|p1a: Gholdengo|spa|1\n|faint|p2a: Scream Tail\n|-end|p2a: Scream Tail|Protosynthesis|[silent]\n|faint|p2b: Palafin\n|-damage|p1a: Gholdengo|60\/100|[from] item: Life Orb\n|move|p1b: Droop|Spore|p2: Scream Tail|[notarget]\n|-fail|p1b: Droop\n|\n|upkeep\n|\n|t:|1681960921\n|switch|p2b: Flutter Mane|Flutter Mane, L50|100\/100\n|turn|7\n|\n|t:|1681960930\n|switch|p1a: Chi-Yu|Chi-Yu, L50, tera:Water|91\/100\n|-ability|p1a: Chi-Yu|Beads of Ruin\n|move|p2b: Flutter Mane|Shadow Ball|p1a: Chi-Yu\n|-damage|p1a: Chi-Yu|36\/100\n|-unboost|p1a: Chi-Yu|spd|1\n|move|p1b: Droop|Spore|p2b: Flutter Mane\n|-status|p2b: Flutter Mane|slp|[from] move: Spore\n|\n|upkeep\n|turn|8\n|\n|t:|1681960944\n|switch|p1b: Gholdengo|Gholdengo, L50|60\/100\n|cant|p2b: Flutter Mane|slp\n|move|p1a: Chi-Yu|Flamethrower|p2b: Flutter Mane\n|-enditem|p2b: Flutter Mane|Focus Sash\n|-damage|p2b: Flutter Mane|1\/100 slp\n|\n|upkeep\n|turn|9\n|\n|t:|1681960956\n|-curestatus|p2b: Flutter Mane|slp|[msg]\n|move|p2b: Flutter Mane|Shadow Ball|p1a: Chi-Yu\n|-damage|p1a: Chi-Yu|0 fnt\n|faint|p1a: Chi-Yu\n|move|p1b: Gholdengo|Make It Rain|p2b: Flutter Mane\n|-supereffective|p2b: Flutter Mane\n|-damage|p2b: Flutter Mane|0 fnt\n|-unboost|p1b: Gholdengo|spa|1\n|faint|p2b: Flutter Mane\n|-end|p2b: Flutter Mane|Protosynthesis|[silent]\n|-damage|p1b: Gholdengo|50\/100|[from] item: Life Orb\n|\n|win|BrookPardo\n|raw|BrookPardo's rating: 1189 → 1214<\/strong> (+25 for winning)\n|raw|peytoncookie's rating: 1194 → 1169<\/strong> (-25 for losing)\n|l|\u2606BrookPardo\n","uploadtime":1681962249,"views":10,"p1id":"brookpardo","p2id":"peytoncookie","formatid":"gen9vgc2023regulationc","rating":1169,"private":0,"password":""}