{"id":"gen9vgc2023regulationc-1860204012","p1":"PerenniumFalcon","p2":"sandy ocky way","format":"[Gen 9] VGC 2023 Regulation C","log":"|j|\u2606PerenniumFalcon\n|j|\u2606sandy ocky way\n|t:|1683609676\n|gametype|doubles\n|player|p1|PerenniumFalcon|juggler|1435\n|player|p2|sandy ocky way|101|1482\n|teamsize|p1|6\n|teamsize|p2|6\n|gen|9\n|tier|[Gen 9] VGC 2023 Regulation C\n|rated|\n|rule|Species Clause: Limit one of each Pok\u00e9mon\n|rule|Item Clause: Limit one of each item\n|clearpoke\n|poke|p1|Chi-Yu, L50|\n|poke|p1|Garchomp, L50, F|\n|poke|p1|Talonflame, L50, M|\n|poke|p1|Amoonguss, L50, M|\n|poke|p1|Flutter Mane, L50|\n|poke|p1|Corviknight, L50, F|\n|poke|p2|Ting-Lu, L50|\n|poke|p2|Vivillon-Polar, L50, M|\n|poke|p2|Dragonite, L50, F|\n|poke|p2|Iron Bundle, L50|\n|poke|p2|Abomasnow, L50, F|\n|poke|p2|Gholdengo, L50|\n|teampreview|4\nPerenniumFalcon has agreed to open team sheets.\nsandy ocky way has agreed to open team sheets.\n|j| Lenny.Nachtara\n|j| HalfGallon67\n|l| HalfGallon67\n|inactive|Battle timer is ON: inactive players will automatically lose when time's up. (requested by sandy ocky way)\n|\n|t:|1683609725\n|start\n|switch|p1a: Talonflame|Talonflame, L50, M|100\/100\n|switch|p1b: Flutter Mane|Flutter Mane, L50|100\/100\n|switch|p2a: Iron Bundle|Iron Bundle, L50|100\/100\n|switch|p2b: Abomasnow|Abomasnow, L50, F|100\/100\n|-weather|Snow|[from] ability: Snow Warning|[of] p2b: Abomasnow\n|-enditem|p2a: Iron Bundle|Booster Energy\n|-activate|p2a: Iron Bundle|ability: Quark Drive|[fromitem]\n|-start|p2a: Iron Bundle|quarkdrivespe\n|turn|1\n|j| Braindeadmeta\n|\n|t:|1683609743\n|move|p1a: Talonflame|Tailwind|p1a: Talonflame\n|-sidestart|p1: PerenniumFalcon|move: Tailwind\n|move|p2b: Abomasnow|Ice Shard|p1a: Talonflame\n|-damage|p1a: Talonflame|79\/100\n|-damage|p2b: Abomasnow|91\/100|[from] item: Life Orb\n|move|p1b: Flutter Mane|Dazzling Gleam|p2b: Abomasnow|[spread] p2a,p2b\n|-damage|p2a: Iron Bundle|34\/100\n|-damage|p2b: Abomasnow|40\/100\n|move|p2a: Iron Bundle|Aurora Veil|p2a: Iron Bundle\n|-sidestart|p2: sandy ocky way|move: Aurora Veil\n|\n|-weather|Snow|[upkeep]\n|upkeep\n|turn|2\n|inactive|PerenniumFalcon has 30 seconds left.\n|inactive|PerenniumFalcon has 20 seconds left.\n|inactive|PerenniumFalcon has 15 seconds left.\n|\n|t:|1683609786\n|move|p2b: Abomasnow|Helping Hand|p2a: Iron Bundle\n|-singleturn|p2a: Iron Bundle|Helping Hand|[of] p2b: Abomasnow\n|move|p1a: Talonflame|Brave Bird|p2b: Abomasnow\n|-supereffective|p2b: Abomasnow\n|-damage|p2b: Abomasnow|5\/100\n|-damage|p1a: Talonflame|68\/100|[from] Recoil\n|move|p1b: Flutter Mane|Dazzling Gleam|p2a: Iron Bundle|[spread] p2a,p2b\n|-damage|p2a: Iron Bundle|0 fnt\n|-damage|p2b: Abomasnow|0 fnt\n|faint|p2a: Iron Bundle\n|-end|p2a: Iron Bundle|Quark Drive|[silent]\n|faint|p2b: Abomasnow\n|\n|-weather|Snow|[upkeep]\n|upkeep\n|\n|t:|1683609802\n|switch|p2a: Ting-Lu|Ting-Lu, L50|100\/100\n|switch|p2b: Vivillon|Vivillon-Polar, L50, M|100\/100\n|-ability|p2a: Ting-Lu|Vessel of Ruin\n|turn|3\n|\n|t:|1683609816\n|-end|p1b: Flutter Mane|Protosynthesis|[silent]\n|switch|p1b: Corviknight|Corviknight, L50, F|100\/100\n|-terastallize|p2a: Ting-Lu|Ground\n|move|p1a: Talonflame|Taunt|p2b: Vivillon\n|-start|p2b: Vivillon|move: Taunt\n|cant|p2b: Vivillon|move: Taunt|Safeguard\n|move|p2a: Ting-Lu|Rock Slide|p1b: Corviknight|[spread] p1b\n|-miss|p2a: Ting-Lu|p1a: Talonflame\n|-damage|p1b: Corviknight|77\/100\n|\n|-weather|Snow|[upkeep]\n|upkeep\n|turn|4\n|\n|t:|1683609832\n|move|p1a: Talonflame|Will-O-Wisp|p2a: Ting-Lu\n|-status|p2a: Ting-Lu|brn\n|move|p1b: Corviknight|Iron Head|p2b: Vivillon\n|-damage|p2b: Vivillon|65\/100\n|cant|p2b: Vivillon|flinch\n|move|p2a: Ting-Lu|Rock Slide|p1b: Corviknight|[spread] p1a,p1b\n|-supereffective|p1a: Talonflame\n|-damage|p1a: Talonflame|0 fnt\n|-damage|p1b: Corviknight|65\/100\n|faint|p1a: Talonflame\n|\n|-weather|Snow|[upkeep]\n|-damage|p2a: Ting-Lu|95\/100 brn|[from] brn\n|-sideend|p1: PerenniumFalcon|move: Tailwind\n|upkeep\n|\n|t:|1683609848\n|switch|p1a: Garchomp|Garchomp, L50, F|100\/100\n|turn|5\n|\n|t:|1683609867\n|move|p1a: Garchomp|Swords Dance|p1a: Garchomp\n|-boost|p1a: Garchomp|atk|2\n|move|p2b: Vivillon|Pollen Puff|p2a: Ting-Lu\n|-heal|p2a: Ting-Lu|100\/100 brn\n|move|p1b: Corviknight|Brave Bird|p2b: Vivillon\n|-supereffective|p2b: Vivillon\n|-damage|p2b: Vivillon|0 fnt\n|faint|p2b: Vivillon\n|-damage|p1b: Corviknight|45\/100|[from] Recoil\n|move|p2a: Ting-Lu|Rock Slide|p1a: Garchomp|[spread] p1a,p1b\n|-resisted|p1a: Garchomp\n|-damage|p1a: Garchomp|94\/100\n|-damage|p1b: Corviknight|34\/100\n|\n|-weather|none\n|-damage|p2a: Ting-Lu|95\/100 brn|[from] brn\n|-sideend|p2: sandy ocky way|move: Aurora Veil\n|upkeep\n|turn|6\n|-message|sandy ocky way forfeited.\n|\n|win|PerenniumFalcon\n|raw|PerenniumFalcon's rating: 1435 → 1458<\/strong> (+23 for winning)\n|raw|sandy ocky way's rating: 1482 → 1459<\/strong> (-23 for losing)\n|l|\u2606sandy ocky way\n|l|\u2606PerenniumFalcon\n|l| Braindeadmeta\n|j| HalfGallon67\n","uploadtime":1683609889,"views":13,"p1id":"perenniumfalcon","p2id":"sandyockyway","formatid":"gen9vgc2023regulationc","rating":1458,"private":0,"password":""}