{"id":"gen9vgc2023regulationc-1855243857","p1":"TDLemons","p2":"PokemonPesticide","format":"[Gen 9] VGC 2023 Regulation C","log":"|j|\u2606TDLemons\n|j|\u2606PokemonPesticide\n|t:|1682921625\n|gametype|doubles\n|player|p1|TDLemons|gentleman-gen4|1061\n|player|p2|PokemonPesticide|rocketgrunt|1124\n|teamsize|p1|6\n|teamsize|p2|6\n|gen|9\n|tier|[Gen 9] VGC 2023 Regulation C\n|rated|\n|rule|Species Clause: Limit one of each Pok\u00e9mon\n|rule|Item Clause: Limit one of each item\n|clearpoke\n|poke|p1|Lycanroc-Dusk, L50, M|\n|poke|p1|Toxapex, L50, F|\n|poke|p1|Meowscarada, L50, F|\n|poke|p1|Barraskewda, L50, M|\n|poke|p1|Goodra, L50, M|\n|poke|p1|Tinkaton, L50, F|\n|poke|p2|Indeedee-F, L50, F|\n|poke|p2|Klawf, L50, F|\n|poke|p2|Flamigo, L50, F|\n|poke|p2|Garchomp, L50, M|\n|poke|p2|Gardevoir, L50, F|\n|poke|p2|Kilowattrel, L50, M|\n|teampreview|4\n|\n|t:|1682921682\n|start\n|switch|p1a: Pastel|Toxapex, L50, F, shiny|100\/100\n|switch|p1b: Tinkaton|Tinkaton, L50, F|100\/100\n|switch|p2a: Garchomp|Garchomp, L50, M|100\/100\n|switch|p2b: Klawf|Klawf, L50, F|100\/100\n|-ability|p1b: Tinkaton|Mold Breaker\n|turn|1\n|\n|t:|1682921713\n|move|p2a: Garchomp|Earthquake|p1b: Tinkaton|[spread] p2b,p1a,p1b\n|-supereffective|p2b: Klawf\n|-supereffective|p1a: Pastel\n|-supereffective|p1b: Tinkaton\n|-damage|p2b: Klawf|20\/100\n|-damage|p1a: Pastel|51\/100\n|-damage|p1b: Tinkaton|34\/100\n|-enditem|p2b: Klawf|Weakness Policy\n|-boost|p2b: Klawf|atk|2|[from] item: Weakness Policy\n|-boost|p2b: Klawf|spa|2|[from] item: Weakness Policy\n|-ability|p2b: Klawf|Anger Shell|boost\n|-boost|p2b: Klawf|atk|1\n|-boost|p2b: Klawf|spa|1\n|-boost|p2b: Klawf|spe|1\n|-unboost|p2b: Klawf|def|1\n|-unboost|p2b: Klawf|spd|1\n|move|p2b: Klawf|Rock Slide|p1a: Pastel|[spread] p1a\n|-miss|p2b: Klawf|p1b: Tinkaton\n|-damage|p1a: Pastel|16\/100\n|move|p1b: Tinkaton|Play Rough|p2a: Garchomp\n|-supereffective|p2a: Garchomp\n|-damage|p2a: Garchomp|45\/100\n|-damage|p1b: Tinkaton|21\/100|[from] ability: Rough Skin|[of] p2a: Garchomp\n|move|p1a: Pastel|Toxic Spikes|p2b: Klawf\n|-sidestart|p2: PokemonPesticide|move: Toxic Spikes\n|\n|-heal|p1a: Pastel|22\/100|[from] item: Black Sludge\n|upkeep\n|turn|2\n|\n|t:|1682921758\n|switch|p2a: Flamigo|Flamigo, L50, F|100\/100\n|-copyboost|p2a: Flamigo|p2b: Klawf|[from] ability: Costar\n|move|p1a: Pastel|Baneful Bunker|p1a: Pastel\n|-singleturn|p1a: Pastel|move: Protect\n|move|p2b: Klawf|Rock Slide|p1a: Pastel|[spread] p1b\n|-activate|p1a: Pastel|move: Protect\n|-resisted|p1b: Tinkaton\n|-damage|p1b: Tinkaton|0 fnt\n|faint|p1b: Tinkaton\n|\n|-heal|p1a: Pastel|28\/100|[from] item: Black Sludge\n|upkeep\n|\n|t:|1682921780\n|switch|p1b: Heart|Barraskewda, L50, M|100\/100\n|turn|3\n|\n|t:|1682921816\n|switch|p2a: Indeedee|Indeedee-F, L50, F|100\/100\n|-status|p2a: Indeedee|psn\n|-fieldstart|move: Psychic Terrain|[from] ability: Psychic Surge|[of] p2a: Indeedee\n|-enditem|p2a: Indeedee|Psychic Seed\n|-boost|p2a: Indeedee|spd|1|[from] item: Psychic Seed\n|switch|p1a: Sanic|Lycanroc-Dusk, L50, M, shiny|100\/100\n|move|p1b: Heart|Aqua Jet|p2b: Klawf\n|-activate|p2b: Klawf|move: Psychic Terrain\n|move|p2b: Klawf|Rock Slide|p1a: Sanic|[spread] p1a\n|-miss|p2b: Klawf|p1b: Heart\n|-damage|p1a: Sanic|0 fnt\n|faint|p1a: Sanic\n|\n|-damage|p2a: Indeedee|88\/100 psn|[from] psn\n|upkeep\n|\n|t:|1682921832\n|switch|p1a: Pastel|Toxapex, L50, F, shiny|61\/100\n|turn|4\n|\n|t:|1682921839\n|move|p2a: Indeedee|Helping Hand|p2b: Klawf\n|-singleturn|p2b: Klawf|Helping Hand|[of] p2a: Indeedee\n|move|p2b: Klawf|Rock Slide|p1b: Heart|[spread] p1a,p1b\n|-damage|p1a: Pastel|2\/100\n|-damage|p1b: Heart|0 fnt\n|faint|p1b: Heart\n|move|p1a: Pastel|Infestation|p2a: Indeedee\n|-supereffective|p2a: Indeedee\n|-damage|p2a: Indeedee|84\/100 psn\n|-activate|p2a: Indeedee|move: Infestation|[of] p1a: Pastel\n|\n|-heal|p1a: Pastel|8\/100|[from] item: Black Sludge\n|-damage|p2a: Indeedee|71\/100 psn|[from] psn\n|-damage|p2a: Indeedee|59\/100 psn|[from] move: Infestation|[partiallytrapped]\n|upkeep\n|turn|5\n|\n|t:|1682921865\n|move|p1a: Pastel|Baneful Bunker|p1a: Pastel\n|-singleturn|p1a: Pastel|move: Protect\n|move|p2b: Klawf|Knock Off|p1a: Pastel\n|-activate|p1a: Pastel|move: Protect\n|-status|p2b: Klawf|psn\n|move|p2a: Indeedee|Dazzling Gleam|p1a: Pastel\n|-activate|p1a: Pastel|move: Protect\n|\n|-heal|p1a: Pastel|13\/100|[from] item: Black Sludge\n|-damage|p2b: Klawf|8\/100 psn|[from] psn\n|-damage|p2a: Indeedee|46\/100 psn|[from] psn\n|-damage|p2a: Indeedee|34\/100 psn|[from] move: Infestation|[partiallytrapped]\n|upkeep\n|turn|6\n|\n|t:|1682921884\n|move|p1a: Pastel|Baneful Bunker||[still]\n|-fail|p1a: Pastel\n|move|p2b: Klawf|Knock Off|p1a: Pastel\n|-damage|p1a: Pastel|0 fnt\n|-enditem|p1a: Pastel|Black Sludge|[from] move: Knock Off|[of] p2b: Klawf\n|faint|p1a: Pastel\n|\n|win|PokemonPesticide\n|raw|TDLemons's rating: 1061 → 1045<\/strong> (-16 for losing)\n|raw|PokemonPesticide's rating: 1124 → 1145<\/strong> (+21 for winning)\n|l|\u2606TDLemons\n","uploadtime":1682921936,"views":23,"p1id":"tdlemons","p2id":"pokemonpesticide","formatid":"gen9vgc2023regulationc","rating":1045,"private":0,"password":""}