{"id":"gen9vgc2023regulationc-1858714298","p1":"RedLeo1763","p2":"Ykeudd","format":"[Gen 9] VGC 2023 Regulation C","log":"|j|\u2606RedLeo1763\n|j|\u2606Ykeudd\n|t:|1683346874\n|gametype|doubles\n|player|p1|RedLeo1763|ethan|1101\n|player|p2|Ykeudd|winona|1000\n|teamsize|p1|6\n|teamsize|p2|6\n|gen|9\n|tier|[Gen 9] VGC 2023 Regulation C\n|rated|\n|rule|Species Clause: Limit one of each Pok\u00e9mon\n|rule|Item Clause: Limit one of each item\n|clearpoke\n|poke|p1|Flutter Mane, L50|\n|poke|p1|Amoonguss, L50, M|\n|poke|p1|Chien-Pao, L50|\n|poke|p1|Dragapult, L50, M|\n|poke|p1|Ceruledge, L50, F|\n|poke|p1|Gyarados, L50, F|\n|poke|p2|Chi-Yu, L50|\n|poke|p2|Flutter Mane, L50|\n|poke|p2|Iron Bundle, L50|\n|poke|p2|Iron Hands, L50|\n|poke|p2|Pachirisu, L50, F|\n|poke|p2|Gyarados, L50, F|\n|teampreview|4\n|j| gogo3212\nYkeudd rejected open team sheets.\n|\n|t:|1683346944\n|start\n|switch|p1a: Ceruledge|Ceruledge, L50, F|100\/100\n|switch|p1b: Gyarados|Gyarados, L50, F|100\/100\n|switch|p2a: Iron Hands|Iron Hands, L50|100\/100\n|switch|p2b: Pachirisu|Pachirisu, L50, F|100\/100\n|-ability|p1b: Gyarados|Intimidate|boost\n|-unboost|p2a: Iron Hands|atk|1\n|-unboost|p2b: Pachirisu|atk|1\n|turn|1\n|\n|t:|1683346984\n|move|p1b: Gyarados|Protect|p1b: Gyarados\n|-singleturn|p1b: Gyarados|Protect\n|move|p1a: Ceruledge|Bulk Up|p1a: Ceruledge\n|-boost|p1a: Ceruledge|atk|1\n|-boost|p1a: Ceruledge|def|1\n|move|p2b: Pachirisu|Nuzzle|p1a: Ceruledge\n|-damage|p1a: Ceruledge|98\/100\n|-status|p1a: Ceruledge|par\n|move|p2a: Iron Hands|Swords Dance|p2a: Iron Hands\n|-boost|p2a: Iron Hands|atk|2\n|\n|-heal|p1a: Ceruledge|100\/100 par|[from] item: Leftovers\n|upkeep\n|turn|2\n|\n|t:|1683347022\n|move|p1b: Gyarados|Waterfall|p2a: Iron Hands\n|-damage|p2a: Iron Hands|75\/100\n|move|p2b: Pachirisu|Encore|p1a: Ceruledge\n|-start|p1a: Ceruledge|Encore\n|move|p1a: Ceruledge|Bulk Up|p1a: Ceruledge\n|-boost|p1a: Ceruledge|atk|1\n|-boost|p1a: Ceruledge|def|1\n|move|p2a: Iron Hands|Wild Charge|p1b: Gyarados\n|-supereffective|p1b: Gyarados\n|-enditem|p1b: Gyarados|Wacan Berry|[eat]\n|-enditem|p1b: Gyarados|Wacan Berry|[weaken]\n|-damage|p1b: Gyarados|0 fnt\n|faint|p1b: Gyarados\n|-damage|p2a: Iron Hands|54\/100|[from] Recoil\n|\n|upkeep\n|\n|t:|1683347036\n|switch|p1b: Dragapult|Dragapult, L50, M|100\/100\n|turn|3\n|\n|t:|1683347072\n|move|p1b: Dragapult|U-turn|p2a: Iron Hands\n|-resisted|p2a: Iron Hands\n|-damage|p2a: Iron Hands|40\/100\n|-enditem|p2a: Iron Hands|Sitrus Berry|[eat]\n|-heal|p2a: Iron Hands|65\/100|[from] item: Sitrus Berry\n|\n|t:|1683347079\n|switch|p1b: Chien-Pao|Chien-Pao, L50|100\/100|[from] U-turn\n|-ability|p1b: Chien-Pao|Sword of Ruin\n|move|p2b: Pachirisu|Nuzzle|p1b: Chien-Pao\n|-damage|p1b: Chien-Pao|97\/100\n|-status|p1b: Chien-Pao|par\n|move|p1a: Ceruledge|Bulk Up|p1a: Ceruledge\n|-boost|p1a: Ceruledge|atk|1\n|-boost|p1a: Ceruledge|def|1\n|move|p2a: Iron Hands|Wild Charge|p1b: Chien-Pao\n|-damage|p1b: Chien-Pao|0 fnt\n|faint|p1b: Chien-Pao\n|-damage|p2a: Iron Hands|49\/100|[from] Recoil\n|\n|upkeep\n|\n|t:|1683347094\n|switch|p1b: Dragapult|Dragapult, L50, M|100\/100\n|turn|4\n|\n|t:|1683347107\n|move|p1b: Dragapult|Dragon Darts|p2a: Iron Hands\n|-damage|p2a: Iron Hands|21\/100\n|-anim|p1b: Dragapult|Dragon Darts|p2b: Pachirisu\n|-damage|p2b: Pachirisu|59\/100\n|move|p2b: Pachirisu|Nuzzle|p1b: Dragapult\n|-resisted|p1b: Dragapult\n|-damage|p1b: Dragapult|99\/100\n|-status|p1b: Dragapult|par\n|cant|p1a: Ceruledge|par\n|move|p2a: Iron Hands|Wild Charge|p1b: Dragapult\n|-resisted|p1b: Dragapult\n|-damage|p1b: Dragapult|38\/100 par\n|-damage|p2a: Iron Hands|10\/100|[from] Recoil\n|\n|-end|p1a: Ceruledge|Encore\n|upkeep\n|turn|5\n|\n|t:|1683347130\n|move|p2b: Pachirisu|Encore|p1a: Ceruledge\n|-start|p1a: Ceruledge|Encore\n|cant|p1b: Dragapult|par\n|cant|p1a: Ceruledge|par\n|move|p2a: Iron Hands|Wild Charge|p1b: Dragapult\n|-resisted|p1b: Dragapult\n|-damage|p1b: Dragapult|0 fnt\n|faint|p1b: Dragapult\n|-damage|p2a: Iron Hands|4\/100|[from] Recoil\n|\n|upkeep\n|turn|6\n|-message|RedLeo1763 forfeited.\n|\n|win|Ykeudd\n|raw|RedLeo1763's rating: 1101 → 1069<\/strong> (-32 for losing)\n|raw|Ykeudd's rating: 1000 → 1051<\/strong> (+51 for winning)\n|l|\u2606RedLeo1763\n","uploadtime":1683347161,"views":6,"p1id":"redleo1763","p2id":"ykeudd","formatid":"gen9vgc2023regulationc","rating":1051,"private":0,"password":""}