{"id":"gen9vgc2023regulationc-1849501186","p1":"SpeedyLinguine","p2":"MarkOnWindows","format":"[Gen 9] VGC 2023 Regulation C","log":"|j|\u2606SpeedyLinguine\n|j|\u2606MarkOnWindows\n|t:|1682205962\n|gametype|doubles\n|player|p1|SpeedyLinguine|hoopster|\n|player|p2|MarkOnWindows|skier|\n|teamsize|p1|6\n|teamsize|p2|6\n|gen|9\n|tier|[Gen 9] VGC 2023 Regulation C\n|rule|Species Clause: Limit one of each Pok\u00e9mon\n|rule|Item Clause: Limit one of each item\n|clearpoke\n|poke|p1|Flutter Mane, L50|\n|poke|p1|Hydreigon, L50, F|\n|poke|p1|Gholdengo, L50|\n|poke|p1|Talonflame, L50, F|\n|poke|p1|Amoonguss, L50, F|\n|poke|p1|Palafin, L50, M|\n|poke|p2|Great Tusk, L50|\n|poke|p2|Sableye, L50, F|\n|poke|p2|Gholdengo, L50|\n|poke|p2|Iron Valiant, L50|\n|poke|p2|Roaring Moon, L50|\n|poke|p2|Amoonguss, L50, M|\n|teampreview|4\nSpeedyLinguine has agreed to open team sheets.\nMarkOnWindows has agreed to open team sheets.\n|\n|t:|1682206005\n|start\n|switch|p1a: Palafin|Palafin, L50, M|100\/100\n|switch|p1b: The House|Hydreigon, L50, F|100\/100\n|switch|p2a: Sableye|Sableye, L50, F|100\/100\n|switch|p2b: Gholdengo|Gholdengo, L50|100\/100\n|turn|1\n|\n|t:|1682206021\n|detailschange|p1a: Palafin|Palafin-Hero, L50, M\n|switch|p1a: Immovable object|Amoonguss, L50, F|100\/100\n|move|p2a: Sableye|Will-O-Wisp|p1a: Immovable object\n|-status|p1a: Immovable object|brn\n|move|p2b: Gholdengo|Dazzling Gleam|p1b: The House|[spread] p1a,p1b\n|-resisted|p1a: Immovable object\n|-supereffective|p1b: The House\n|-damage|p1a: Immovable object|93\/100 brn\n|-damage|p1b: The House|0 fnt\n|faint|p1b: The House\n|\n|-damage|p1a: Immovable object|87\/100 brn|[from] brn\n|upkeep\n|\n|t:|1682206033\n|switch|p1b: Palafin|Palafin-Hero, L50, M|100\/100\n|-activate|p1b: Palafin|ability: Zero to Hero\n|turn|2\n|\n|t:|1682206046\n|switch|p2b: Iron Valiant|Iron Valiant, L50|100\/100\n|-terastallize|p1b: Palafin|Water\n|move|p1a: Immovable object|Rage Powder|p1a: Immovable object\n|-singleturn|p1a: Immovable object|move: Rage Powder\n|move|p1b: Palafin|Jet Punch|p2b: Iron Valiant\n|-damage|p2b: Iron Valiant|19\/100\n|move|p2a: Sableye|Will-O-Wisp|p1a: Immovable object\n|-fail|p1a: Immovable object|brn\n|\n|-damage|p1a: Immovable object|81\/100 brn|[from] brn\n|upkeep\n|turn|3\n|\n|t:|1682206079\n|move|p1b: Palafin|Jet Punch|p2b: Iron Valiant\n|-damage|p2b: Iron Valiant|0 fnt\n|faint|p2b: Iron Valiant\n|-end|p2b: Iron Valiant|Quark Drive|[silent]\n|move|p2a: Sableye|Disable|p1a: Immovable object\n|-start|p1a: Immovable object|Disable|Rage Powder\n|move|p1a: Immovable object|Spore|p2a: Sableye\n|-status|p2a: Sableye|slp|[from] move: Spore\n|\n|-damage|p1a: Immovable object|75\/100 brn|[from] brn\n|upkeep\n|\n|t:|1682206085\n|switch|p2b: Great Tusk|Great Tusk, L50|100\/100\n|turn|4\n|\n|t:|1682206099\n|-terastallize|p2b: Great Tusk|Ground\n|cant|p2a: Sableye|slp\n|move|p1b: Palafin|Wave Crash|p2a: Sableye\n|-damage|p2a: Sableye|0 fnt\n|faint|p2a: Sableye\n|-damage|p1b: Palafin|71\/100|[from] Recoil\n|move|p2b: Great Tusk|Headlong Rush|p1a: Immovable object\n|-damage|p1a: Immovable object|6\/100 brn\n|-unboost|p2b: Great Tusk|def|1\n|-unboost|p2b: Great Tusk|spd|1\n|-enditem|p1a: Immovable object|Sitrus Berry|[eat]\n|-heal|p1a: Immovable object|31\/100 brn|[from] item: Sitrus Berry\n|move|p1a: Immovable object|Leaf Storm|p2b: Great Tusk\n|-supereffective|p2b: Great Tusk\n|-damage|p2b: Great Tusk|35\/100\n|-unboost|p1a: Immovable object|spa|2\n|\n|-damage|p1a: Immovable object|25\/100 brn|[from] brn\n|upkeep\n|\n|t:|1682206111\n|switch|p2a: Gholdengo|Gholdengo, L50|100\/100\n|turn|5\n|\n|t:|1682206127\n|move|p1b: Palafin|Jet Punch|p2a: Gholdengo\n|-damage|p2a: Gholdengo|31\/100\n|move|p2a: Gholdengo|Thunderbolt|p1b: Palafin\n|-supereffective|p1b: Palafin\n|-damage|p1b: Palafin|0 fnt\n|faint|p1b: Palafin\n|move|p2b: Great Tusk|Headlong Rush|p1a: Immovable object\n|-damage|p1a: Immovable object|0 fnt\n|-unboost|p2b: Great Tusk|def|1\n|-unboost|p2b: Great Tusk|spd|1\n|faint|p1a: Immovable object\n|\n|upkeep\n|\n|t:|1682206132\n|switch|p1a: MY GUY|Talonflame, L50, F|100\/100\n|turn|6\n|\n|t:|1682206139\n|move|p2a: Gholdengo|Thunderbolt|p1a: MY GUY\n|-supereffective|p1a: MY GUY\n|-damage|p1a: MY GUY|19\/100\n|move|p1a: MY GUY|Flare Blitz|p2a: Gholdengo\n|-supereffective|p2a: Gholdengo\n|-damage|p2a: Gholdengo|0 fnt\n|faint|p2a: Gholdengo\n|-damage|p1a: MY GUY|10\/100|[from] Recoil\n|move|p2b: Great Tusk|Close Combat|p1a: MY GUY\n|-resisted|p1a: MY GUY\n|-damage|p1a: MY GUY|0 fnt\n|-unboost|p2b: Great Tusk|def|1\n|-unboost|p2b: Great Tusk|spd|1\n|faint|p1a: MY GUY\n|\n|win|MarkOnWindows\n|l|\u2606SpeedyLinguine\n","uploadtime":1682206155,"views":4,"p1id":"speedylinguine","p2id":"markonwindows","formatid":"gen9vgc2023regulationc","rating":0,"private":0,"password":""}