{"id":"gen9vgc2023regulationc-1862893370","p1":"wackomarko","p2":"Lordblakeob","format":"[Gen 9] VGC 2023 Regulation C","log":"|j|\u2606wackomarko\n|j|\u2606Lordblakeob\n|t:|1683934813\n|gametype|doubles\n|player|p1|wackomarko|hiker-gen4|1077\n|player|p2|Lordblakeob|2|1061\n|teamsize|p1|6\n|teamsize|p2|6\n|gen|9\n|tier|[Gen 9] VGC 2023 Regulation C\n|rated|\n|rule|Species Clause: Limit one of each Pok\u00e9mon\n|rule|Item Clause: Limit one of each item\n|clearpoke\n|poke|p1|Talonflame, L50, M|\n|poke|p1|Amoonguss, L50, F|\n|poke|p1|Flutter Mane, L50|\n|poke|p1|Chien-Pao, L50|\n|poke|p1|Gyarados, L50, F|\n|poke|p1|Dragapult, L50, F|\n|poke|p2|Dudunsparce-*, L50, M|\n|poke|p2|Dragapult, L50, F|\n|poke|p2|Chien-Pao, L50|\n|poke|p2|Gyarados, L50, F|\n|poke|p2|Bombirdier, L50, M|\n|poke|p2|Flutter Mane, L50|\n|teampreview|4\n|\n|t:|1683934841\n|start\n|switch|p1a: Talonflame|Talonflame, L50, M, shiny|100\/100\n|switch|p1b: Dragapult|Dragapult, L50, F, shiny|100\/100\n|switch|p2a: Dudunsparce|Dudunsparce-Three-Segment, L50, M|100\/100\n|switch|p2b: Dragapult|Dragapult, L50, F|100\/100\n|turn|1\n|\n|t:|1683934864\n|move|p1b: Dragapult|Phantom Force||[still]\n|-prepare|p1b: Dragapult|Phantom Force\n|move|p2b: Dragapult|Thunder Wave|p1a: Talonflame\n|-status|p1a: Talonflame|par\n|cant|p1a: Talonflame|par\n|move|p2a: Dudunsparce|Shadow Ball|p1b: Dragapult|[miss]\n|-miss|p2a: Dudunsparce|p1b: Dragapult\n|\n|upkeep\n|turn|2\n|\n|t:|1683934890\n|-terastallize|p2b: Dragapult|Dragon\n|move|p1a: Talonflame|Tailwind|p1a: Talonflame\n|-sidestart|p1: wackomarko|move: Tailwind\n|move|p1b: Dragapult|Phantom Force|p2b: Dragapult|[from]lockedmove\n|-damage|p2b: Dragapult|28\/100\n|move|p2b: Dragapult|Infestation|p1a: Talonflame\n|-resisted|p1a: Talonflame\n|-damage|p1a: Talonflame|99\/100 par\n|-activate|p1a: Talonflame|move: Infestation|[of] p2b: Dragapult\n|move|p2a: Dudunsparce|Shadow Ball|p1b: Dragapult\n|-supereffective|p1b: Dragapult\n|-damage|p1b: Dragapult|53\/100\n|\n|-damage|p1a: Talonflame|83\/100 par|[from] move: Infestation|[partiallytrapped]\n|upkeep\n|turn|3\n|\n|t:|1683934913\n|switch|p1b: Chien-Pao|Chien-Pao, L50|100\/100\n|-ability|p1b: Chien-Pao|Sword of Ruin\n|move|p2b: Dragapult|Confuse Ray|p1a: Talonflame\n|-start|p1a: Talonflame|confusion\n|-activate|p1a: Talonflame|confusion\n|move|p1a: Talonflame|Brave Bird|p2b: Dragapult\n|-damage|p2b: Dragapult|0 fnt\n|faint|p2b: Dragapult\n|-damage|p1a: Talonflame|72\/100 par|[from] Recoil\n|move|p2a: Dudunsparce|Calm Mind|p2a: Dudunsparce\n|-boost|p2a: Dudunsparce|spa|1\n|-boost|p2a: Dudunsparce|spd|1\n|\n|-end|p1a: Talonflame|Infestation|[partiallytrapped]|[silent]\n|upkeep\n|\n|t:|1683934932\n|switch|p2b: Flutter Mane|Flutter Mane, L50|100\/100\n|-enditem|p2b: Flutter Mane|Booster Energy\n|-activate|p2b: Flutter Mane|ability: Protosynthesis|[fromitem]\n|-start|p2b: Flutter Mane|protosynthesisspe\n|turn|4\n|\n|t:|1683934947\n|move|p1b: Chien-Pao|Sucker Punch|p2b: Flutter Mane\n|-damage|p2b: Flutter Mane|0 fnt\n|faint|p2b: Flutter Mane\n|-end|p2b: Flutter Mane|Protosynthesis|[silent]\n|-activate|p1a: Talonflame|confusion\n|-damage|p1a: Talonflame|61\/100 par|[from] confusion\n|move|p2a: Dudunsparce|Boomburst|p1a: Talonflame|[spread] p1a,p1b\n|-damage|p1a: Talonflame|0 fnt\n|-damage|p1b: Chien-Pao|22\/100\n|faint|p1a: Talonflame\n|\n|upkeep\n|\n|t:|1683934958\n|switch|p2b: Bombirdier|Bombirdier, L50, M|100\/100\n|switch|p1a: Dragapult|Dragapult, L50, F, shiny|53\/100\n|turn|5\n|\n|t:|1683934976\n|-terastallize|p1a: Dragapult|Dragon\n|move|p1b: Chien-Pao|Sucker Punch|p2b: Bombirdier\n|-resisted|p2b: Bombirdier\n|-damage|p2b: Bombirdier|65\/100\n|move|p1a: Dragapult|Dragon Darts|p2a: Dudunsparce\n|-damage|p2a: Dudunsparce|54\/100\n|-anim|p1a: Dragapult|Dragon Darts|p2b: Bombirdier\n|-damage|p2b: Bombirdier|0 fnt\n|faint|p2b: Bombirdier\n|move|p2a: Dudunsparce|Shadow Ball|p1a: Dragapult\n|-damage|p1a: Dragapult|19\/100\n|\n|-heal|p2a: Dudunsparce|60\/100|[from] item: Leftovers\n|-sideend|p1: wackomarko|move: Tailwind\n|upkeep\n|turn|6\n|\n|t:|1683934991\n|move|p1b: Chien-Pao|Sucker Punch|p2a: Dudunsparce\n|-damage|p2a: Dudunsparce|27\/100\n|move|p1a: Dragapult|Dragon Darts|p2a: Dudunsparce\n|-damage|p2a: Dudunsparce|0 fnt\n|faint|p2a: Dudunsparce\n|\n|win|wackomarko\n|raw|wackomarko's rating: 1077 → 1104<\/strong> (+27 for winning)\n|raw|Lordblakeob's rating: 1061 → 1043<\/strong> (-18 for losing)\n|l|\u2606Lordblakeob\n","uploadtime":1683935003,"views":7,"p1id":"wackomarko","p2id":"lordblakeob","formatid":"gen9vgc2023regulationc","rating":1043,"private":0,"password":""}