{"id":"gen9vgc2023regulationc-1852883802","p1":"Tawn","p2":"RossMellow","format":"[Gen 9] VGC 2023 Regulation C","log":"|j|\u2606Tawn\n|j|\u2606RossMellow\n|t:|1682614327\n|gametype|doubles\n|player|p1|Tawn|red|1134\n|player|p2|RossMellow|102|1043\n|teamsize|p1|6\n|teamsize|p2|6\n|gen|9\n|tier|[Gen 9] VGC 2023 Regulation C\n|rated|\n|rule|Species Clause: Limit one of each Pok\u00e9mon\n|rule|Item Clause: Limit one of each item\n|clearpoke\n|poke|p1|Indeedee-F, L50, F|\n|poke|p1|Armarouge, L50, F|\n|poke|p1|Bisharp, L50, M|\n|poke|p1|Quaquaval, L50, F|\n|poke|p1|Chi-Yu, L50|\n|poke|p1|Murkrow, L50, M|\n|poke|p2|Oricorio, L50, F|\n|poke|p2|Florges-Orange, L50, F|\n|poke|p2|Chi-Yu, L50|\n|poke|p2|Iron Moth, L50|\n|poke|p2|Quaquaval, L50, M|\n|poke|p2|Grafaiai, L50, M|\n|teampreview|4\n|\n|t:|1682614354\n|start\n|switch|p1a: Indeedee|Indeedee-F, L50, F|100\/100\n|switch|p1b: Armarouge|Armarouge, L50, F|100\/100\n|switch|p2a: Oricorio|Oricorio, L50, F|100\/100\n|switch|p2b: Quaquaval|Quaquaval, L50, M|100\/100\n|-fieldstart|move: Psychic Terrain|[from] ability: Psychic Surge|[of] p1a: Indeedee\n|turn|1\n|\n|t:|1682614372\n|move|p1a: Indeedee|Follow Me|p1a: Indeedee\n|-singleturn|p1a: Indeedee|move: Follow Me\n|move|p2b: Quaquaval|Aqua Step|p1a: Indeedee\n|-damage|p1a: Indeedee|41\/100\n|-boost|p2b: Quaquaval|spe|1\n|-activate|p2a: Oricorio|ability: Dancer\n|move|p2a: Oricorio|Aqua Step|p1a: Indeedee|[from]ability: Dancer\n|-damage|p1a: Indeedee|20\/100\n|-boost|p2a: Oricorio|spe|1\n|move|p2a: Oricorio|Tailwind|p2a: Oricorio\n|-sidestart|p2: RossMellow|move: Tailwind\n|move|p1b: Armarouge|Trick Room|p1b: Armarouge\n|-fieldstart|move: Trick Room|[of] p1b: Armarouge\n|\n|upkeep\n|turn|2\n|\n|t:|1682614396\n|move|p2a: Oricorio|Protect|p2a: Oricorio\n|-singleturn|p2a: Oricorio|Protect\n|move|p2b: Quaquaval|Detect|p2b: Quaquaval\n|-singleturn|p2b: Quaquaval|Protect\n|move|p1b: Armarouge|Expanding Force|p2a: Oricorio|[spread] \n|-activate|p2a: Oricorio|move: Protect\n|-activate|p2b: Quaquaval|move: Protect\n|move|p1a: Indeedee|Psyshock|p2b: Quaquaval\n|-activate|p2b: Quaquaval|move: Protect\n|\n|upkeep\n|turn|3\n|\n|t:|1682614416\n|move|p2b: Quaquaval|Aqua Jet|p1a: Indeedee\n|-activate|p1a: Indeedee|move: Psychic Terrain\n|move|p1b: Armarouge|Expanding Force|p2a: Oricorio|[spread] p2a,p2b\n|-supereffective|p2b: Quaquaval\n|-damage|p2a: Oricorio|0 fnt\n|-enditem|p2b: Quaquaval|Focus Sash\n|-damage|p2b: Quaquaval|1\/100\n|faint|p2a: Oricorio\n|-damage|p1b: Armarouge|91\/100|[from] item: Life Orb\n|move|p1a: Indeedee|Psyshock|p2b: Quaquaval\n|-supereffective|p2b: Quaquaval\n|-damage|p2b: Quaquaval|0 fnt\n|faint|p2b: Quaquaval\n|\n|upkeep\n|\n|t:|1682614430\n|switch|p2a: Iron Moth|Iron Moth, L50|100\/100\n|switch|p2b: Florges|Florges-Orange, L50, F|100\/100\n|-enditem|p2a: Iron Moth|Booster Energy\n|-activate|p2b: Florges|ability: Symbiosis|Assault Vest|[of] p2a: Iron Moth\n|-activate|p2a: Iron Moth|ability: Quark Drive|[fromitem]\n|-start|p2a: Iron Moth|quarkdrivespe\n|turn|4\n|\n|t:|1682614461\n|-terastallize|p2b: Florges|Steel\n|move|p1b: Armarouge|Expanding Force|p2a: Iron Moth|[spread] p2a,p2b\n|-supereffective|p2a: Iron Moth\n|-resisted|p2b: Florges\n|-damage|p2a: Iron Moth|0 fnt\n|-damage|p2b: Florges|72\/100\n|faint|p2a: Iron Moth\n|-end|p2a: Iron Moth|Quark Drive|[silent]\n|-damage|p1b: Armarouge|81\/100|[from] item: Life Orb\n|move|p1a: Indeedee|Psyshock|p2b: Florges\n|-resisted|p2b: Florges\n|-damage|p2b: Florges|38\/100\n|move|p2b: Florges|Copycat|p2b: Florges\n|move|p2b: Florges|Psyshock|p1a: Indeedee|[from]move: Copycat\n|-resisted|p1a: Indeedee\n|-damage|p1a: Indeedee|0 fnt\n|faint|p1a: Indeedee\n|\n|-sideend|p2: RossMellow|move: Tailwind\n|upkeep\n|\n|t:|1682614478\n|switch|p1a: Bisharp|Bisharp, L50, M|100\/100\n|turn|5\n|\n|t:|1682614485\n|move|p1a: Bisharp|Protect|p1a: Bisharp\n|-singleturn|p1a: Bisharp|Protect\n|move|p1b: Armarouge|Armor Cannon|p2b: Florges\n|-supereffective|p2b: Florges\n|-damage|p2b: Florges|0 fnt\n|-unboost|p1b: Armarouge|def|1\n|-unboost|p1b: Armarouge|spd|1\n|faint|p2b: Florges\n|-damage|p1b: Armarouge|71\/100|[from] item: Life Orb\n|\n|win|Tawn\n|raw|Tawn's rating: 1134 → 1153<\/strong> (+19 for winning)\n|raw|RossMellow's rating: 1043 → 1031<\/strong> (-12 for losing)\n|l|\u2606RossMellow\n","uploadtime":1682614500,"views":6,"p1id":"tawn","p2id":"rossmellow","formatid":"gen9vgc2023regulationc","rating":1031,"private":0,"password":""}