{"id":"gen9vgc2023regulationc-1847497492","p1":"Sawkon45","p2":"OnHoldWithTheIRS","format":"[Gen 9] VGC 2023 Regulation C","log":"|j|\u2606Sawkon45\n|j|\u2606OnHoldWithTheIRS\n|t:|1681962794\n|gametype|doubles\n|player|p1|Sawkon45|101|1195\n|player|p2|OnHoldWithTheIRS|clerk|1290\n|teamsize|p1|6\n|teamsize|p2|6\n|gen|9\n|tier|[Gen 9] VGC 2023 Regulation C\n|rated|\n|rule|Species Clause: Limit one of each Pok\u00e9mon\n|rule|Item Clause: Limit one of each item\n|clearpoke\n|poke|p1|Flutter Mane, L50|\n|poke|p1|Ting-Lu, L50|\n|poke|p1|Arcanine, L50, F|\n|poke|p1|Amoonguss, L50, M|\n|poke|p1|Palafin, L50, F|\n|poke|p1|Baxcalibur, L50, M|\n|poke|p2|Iron Bundle, L50|\n|poke|p2|Chi-Yu, L50|\n|poke|p2|Indeedee-F, L50, F|\n|poke|p2|Revavroom, L50, F|\n|poke|p2|Baxcalibur, L50, M|\n|poke|p2|Iron Hands, L50|\n|teampreview|4\nOnHoldWithTheIRS has agreed to open team sheets.\nSawkon45 has agreed to open team sheets.\n|\n|t:|1681962887\n|start\n|switch|p1a: Ting-Lu|Ting-Lu, L50|100\/100\n|switch|p1b: Palafin|Palafin, L50, F|100\/100\n|switch|p2a: Iron Bundle|Iron Bundle, L50|100\/100\n|switch|p2b: Iron Hands|Iron Hands, L50|100\/100\n|-ability|p1a: Ting-Lu|Vessel of Ruin\n|turn|1\n|\n|t:|1681962930\n|detailschange|p1b: Palafin|Palafin-Hero, L50, F\n|switch|p1b: Amoonguss|Amoonguss, L50, M|100\/100\n|move|p2b: Iron Hands|Fake Out|p1a: Ting-Lu\n|-damage|p1a: Ting-Lu|91\/100\n|move|p2a: Iron Bundle|Icy Wind|p1a: Ting-Lu|[spread] p1a,p1b\n|-supereffective|p1a: Ting-Lu\n|-supereffective|p1b: Amoonguss\n|-damage|p1a: Ting-Lu|73\/100\n|-damage|p1b: Amoonguss|68\/100\n|-unboost|p1a: Ting-Lu|spe|1\n|-unboost|p1b: Amoonguss|spe|1\n|cant|p1a: Ting-Lu|flinch\n|\n|upkeep\n|turn|2\n|\n|t:|1681962959\n|-terastallize|p1a: Ting-Lu|Poison\n|move|p2a: Iron Bundle|Freeze-Dry|p1b: Amoonguss\n|-supereffective|p1b: Amoonguss\n|-damage|p1b: Amoonguss|5\/100\n|move|p2b: Iron Hands|Drain Punch|p1a: Ting-Lu\n|-resisted|p1a: Ting-Lu\n|-damage|p1a: Ting-Lu|60\/100\n|move|p1a: Ting-Lu|Heavy Slam|p2a: Iron Bundle\n|-damage|p2a: Iron Bundle|47\/100\n|move|p1b: Amoonguss|Pollen Puff|p1a: Ting-Lu\n|-heal|p1a: Ting-Lu|100\/100\n|\n|upkeep\n|turn|3\n|\n|t:|1681963006\n|-end|p2a: Iron Bundle|Quark Drive|[silent]\n|switch|p2a: Indeedee|Indeedee-F, L50, F|100\/100\n|-fieldstart|move: Psychic Terrain|[from] ability: Psychic Surge|[of] p2a: Indeedee\n|switch|p1b: Flutter Mane|Flutter Mane, L50|100\/100\n|-enditem|p1b: Flutter Mane|Booster Energy\n|-activate|p1b: Flutter Mane|ability: Protosynthesis|[fromitem]\n|-start|p1b: Flutter Mane|protosynthesisspa\n|move|p2b: Iron Hands|Wild Charge|p1b: Flutter Mane\n|-damage|p1b: Flutter Mane|27\/100\n|-damage|p2b: Iron Hands|89\/100|[from] Recoil\n|move|p1a: Ting-Lu|Stomping Tantrum|p2a: Indeedee\n|-damage|p2a: Indeedee|54\/100\n|-damage|p1a: Ting-Lu|84\/100|[from] item: Rocky Helmet|[of] p2a: Indeedee\n|\n|upkeep\n|turn|4\n|\n|t:|1681963044\n|move|p2a: Indeedee|Follow Me|p2a: Indeedee\n|-singleturn|p2a: Indeedee|move: Follow Me\n|move|p1b: Flutter Mane|Dazzling Gleam|p2b: Iron Hands|[spread] p2a,p2b\n|-supereffective|p2b: Iron Hands\n|-damage|p2a: Indeedee|29\/100\n|-damage|p2b: Iron Hands|49\/100\n|move|p2b: Iron Hands|Wild Charge|p1b: Flutter Mane\n|-damage|p1b: Flutter Mane|0 fnt\n|faint|p1b: Flutter Mane\n|-end|p1b: Flutter Mane|Protosynthesis|[silent]\n|-damage|p2b: Iron Hands|45\/100|[from] Recoil\n|move|p1a: Ting-Lu|Fissure|p2a: Indeedee\n|-damage|p2a: Indeedee|0 fnt\n|faint|p2a: Indeedee\n|-ohko\n|\n|upkeep\n|\n|t:|1681963059\n|switch|p1b: Amoonguss|Amoonguss, L50, M|39\/100\n|switch|p2a: Iron Bundle|Iron Bundle, L50|47\/100\n|turn|5\n|\n|t:|1681963075\n|switch|p1b: Palafin|Palafin-Hero, L50, F|100\/100\n|-activate|p1b: Palafin|ability: Zero to Hero\n|move|p2a: Iron Bundle|Icy Wind|p1b: Palafin|[spread] p1a,p1b\n|-resisted|p1b: Palafin\n|-damage|p1a: Ting-Lu|74\/100\n|-damage|p1b: Palafin|92\/100\n|-unboost|p1a: Ting-Lu|spe|1\n|-unboost|p1b: Palafin|spe|1\n|move|p2b: Iron Hands|Wild Charge|p1a: Ting-Lu\n|-damage|p1a: Ting-Lu|40\/100\n|-damage|p2b: Iron Hands|37\/100|[from] Recoil\n|move|p1a: Ting-Lu|Stomping Tantrum|p2b: Iron Hands\n|-supereffective|p2b: Iron Hands\n|-damage|p2b: Iron Hands|0 fnt\n|faint|p2b: Iron Hands\n|-end|p2b: Iron Hands|Quark Drive|[silent]\n|\n|upkeep\n|\n|t:|1681963090\n|switch|p2b: Baxcalibur|Baxcalibur, L50, M|100\/100\n|turn|6\n|\n|t:|1681963124\n|switch|p1a: Amoonguss|Amoonguss, L50, M|72\/100\n|-terastallize|p2b: Baxcalibur|Water\n|move|p1b: Palafin|Protect|p1b: Palafin\n|-singleturn|p1b: Palafin|Protect\n|move|p2a: Iron Bundle|Freeze-Dry|p1b: Palafin\n|-activate|p1b: Palafin|move: Protect\n|move|p2b: Baxcalibur|Icicle Spear|p1a: Amoonguss\n|-supereffective|p1a: Amoonguss\n|-damage|p1a: Amoonguss|50\/100\n|-supereffective|p1a: Amoonguss\n|-damage|p1a: Amoonguss|25\/100\n|-supereffective|p1a: Amoonguss\n|-damage|p1a: Amoonguss|3\/100\n|-supereffective|p1a: Amoonguss\n|-damage|p1a: Amoonguss|0 fnt\n|faint|p1a: Amoonguss\n|-hitcount|p1: Amoonguss|4\n|\n|upkeep\n|\n|t:|1681963140\n|switch|p1a: Ting-Lu|Ting-Lu, L50, tera:Poison|40\/100\n|-ability|p1a: Ting-Lu|Vessel of Ruin\n|turn|7\n|\n|t:|1681963152\n|move|p2a: Iron Bundle|Freeze-Dry|p1b: Palafin\n|-supereffective|p1b: Palafin\n|-damage|p1b: Palafin|25\/100\n|move|p2b: Baxcalibur|Icicle Spear|p1a: Ting-Lu\n|-damage|p1a: Ting-Lu|31\/100\n|-damage|p1a: Ting-Lu|21\/100\n|-damage|p1a: Ting-Lu|12\/100\n|-damage|p1a: Ting-Lu|3\/100\n|-hitcount|p1a: Ting-Lu|4\n|move|p1b: Palafin|Wave Crash|p2b: Baxcalibur\n|-resisted|p2b: Baxcalibur\n|-damage|p2b: Baxcalibur|64\/100\n|-damage|p1b: Palafin|12\/100|[from] Recoil\n|move|p1a: Ting-Lu|Fissure|p2b: Baxcalibur|[miss]\n|-miss|p1a: Ting-Lu|p2b: Baxcalibur\n|\n|-fieldend|move: Psychic Terrain\n|upkeep\n|turn|8\n|-message|Sawkon45 forfeited.\n|\n|win|OnHoldWithTheIRS\n|raw|Sawkon45's rating: 1195 → 1177<\/strong> (-18 for losing)\n|raw|OnHoldWithTheIRS's rating: 1290 → 1308<\/strong> (+18 for winning)\n|l|\u2606Sawkon45\n","uploadtime":1681963303,"views":5,"p1id":"sawkon45","p2id":"onholdwiththeirs","formatid":"gen9vgc2023regulationc","rating":1177,"private":0,"password":""}