{"id":"gen9vgc2023regulationc-1850381292","p1":"Mashazard","p2":"lateralvs","format":"[Gen 9] VGC 2023 Regulation C","log":"|j|\u2606Mashazard\n|j|\u2606lateralvs\n|t:|1682328135\n|gametype|doubles\n|player|p1|Mashazard|265|1635\n|player|p2|lateralvs|giovanni|1536\n|teamsize|p1|6\n|teamsize|p2|6\n|gen|9\n|tier|[Gen 9] VGC 2023 Regulation C\n|rated|\n|rule|Species Clause: Limit one of each Pok\u00e9mon\n|rule|Item Clause: Limit one of each item\n|clearpoke\n|poke|p1|Amoonguss, L50, M|\n|poke|p1|Talonflame, L50, M|\n|poke|p1|Garchomp, L50, F|\n|poke|p1|Chien-Pao, L50|\n|poke|p1|Flutter Mane, L50|\n|poke|p1|Rotom-Wash, L50|\n|poke|p2|Iron Jugulis, L50|\n|poke|p2|Garchomp, L50, F|\n|poke|p2|Gholdengo, L50|\n|poke|p2|Chien-Pao, L50|\n|poke|p2|Gyarados, L50, M|\n|poke|p2|Kingambit, L50, F|\n|teampreview|4\nlateralvs has agreed to open team sheets.\nMashazard has agreed to open team sheets.\n|j| Rabbihorn\n|\n|t:|1682328205\n|start\n|switch|p1a: Cotcotcotcot|Talonflame, L50, M|100\/100\n|switch|p1b: Vrouuuum|Rotom-Wash, L50|100\/100\n|switch|p2a: Gholdengo|Gholdengo, L50|100\/100\n|switch|p2b: Chien-Pao|Chien-Pao, L50|100\/100\n|-ability|p2b: Chien-Pao|Sword of Ruin\n|turn|1\n|\n|t:|1682328245\n|move|p1b: Vrouuuum|Protect|p1b: Vrouuuum\n|-singleturn|p1b: Vrouuuum|Protect\n|move|p1a: Cotcotcotcot|Will-O-Wisp|p2b: Chien-Pao\n|-status|p2b: Chien-Pao|brn\n|move|p2b: Chien-Pao|Ice Spinner|p1a: Cotcotcotcot\n|-damage|p1a: Cotcotcotcot|64\/100\n|move|p2a: Gholdengo|Shadow Ball|p1b: Vrouuuum\n|-activate|p1b: Vrouuuum|move: Protect\n|\n|-damage|p2b: Chien-Pao|95\/100 brn|[from] brn\n|upkeep\n|turn|2\n|\n|t:|1682328269\n|switch|p1b: Woafwoaf|Chien-Pao, L50|100\/100\n|-ability|p1b: Woafwoaf|Sword of Ruin\n|move|p1a: Cotcotcotcot|Brave Bird|p2b: Chien-Pao\n|-damage|p2b: Chien-Pao|46\/100 brn\n|-damage|p1a: Cotcotcotcot|50\/100|[from] Recoil\n|move|p2b: Chien-Pao|Ice Spinner|p1a: Cotcotcotcot\n|-damage|p1a: Cotcotcotcot|12\/100\n|move|p2a: Gholdengo|Shadow Ball|p1b: Woafwoaf\n|-resisted|p1b: Woafwoaf\n|-damage|p1b: Woafwoaf|44\/100\n|\n|-damage|p2b: Chien-Pao|40\/100 brn|[from] brn\n|upkeep\n|turn|3\n|\n|t:|1682328309\n|switch|p2a: Gyarados|Gyarados, L50, M|100\/100\n|-ability|p2a: Gyarados|Intimidate|boost\n|-unboost|p1a: Cotcotcotcot|atk|1\n|-unboost|p1b: Woafwoaf|atk|1\n|move|p2b: Chien-Pao|Protect|p2b: Chien-Pao\n|-singleturn|p2b: Chien-Pao|Protect\n|move|p1b: Woafwoaf|Ice Spinner|p2a: Gyarados\n|-damage|p2a: Gyarados|72\/100\n|move|p1a: Cotcotcotcot|Tailwind|p1a: Cotcotcotcot\n|-sidestart|p1: Mashazard|move: Tailwind\n|\n|-damage|p2b: Chien-Pao|34\/100 brn|[from] brn\n|upkeep\n|turn|4\n|j| ScV Gengar\n|\n|t:|1682328342\n|switch|p2b: Gholdengo|Gholdengo, L50|100\/100\n|move|p1b: Woafwoaf|Sacred Sword|p2b: Gholdengo\n|-immune|p2b: Gholdengo\n|move|p1a: Cotcotcotcot|Will-O-Wisp|p2a: Gyarados\n|-status|p2a: Gyarados|brn\n|move|p2a: Gyarados|Thunder Wave|p1b: Woafwoaf\n|-status|p1b: Woafwoaf|par\n|\n|-damage|p2a: Gyarados|66\/100 brn|[from] brn\n|upkeep\n|turn|5\n|inactive|Battle timer is ON: inactive players will automatically lose when time's up. (requested by lateralvs)\n|j| Conquistatore\n|inactive|Mashazard has 60 seconds left.\n|inactive|Mashazard has 30 seconds left.\n|inactive|Mashazard has 20 seconds left.\n|inactive|Mashazard has 15 seconds left.\n|inactive|Mashazard has 10 seconds left.\n|inactive|Mashazard has 5 seconds left.\n|\n|t:|1682328514\n|switch|p2b: Garchomp|Garchomp, L50, F|100\/100\n|move|p1b: Woafwoaf|Protect|p1b: Woafwoaf\n|-singleturn|p1b: Woafwoaf|Protect\n|move|p1a: Cotcotcotcot|Brave Bird|p2b: Garchomp\n|-damage|p2b: Garchomp|66\/100\n|-damage|p1a: Cotcotcotcot|0 fnt|[from] ability: Rough Skin|[of] p2b: Garchomp\n|faint|p1a: Cotcotcotcot\n|move|p2a: Gyarados|Thunder Wave|p1b: Woafwoaf\n|-activate|p1b: Woafwoaf|move: Protect\n|\n|-damage|p2a: Gyarados|60\/100 brn|[from] brn\n|upkeep\n|inactive|Mashazard has 30 seconds left.\n|inactive|Mashazard has 20 seconds left.\n|inactive|Mashazard has 15 seconds left.\n|inactive|Mashazard has 10 seconds left.\n|inactive|Mashazard has 5 seconds left.\n|\n|t:|1682328569\n|switch|p1a: Grrrrrrr|Garchomp, L50, F|100\/100\n|turn|6\n|inactive|Mashazard has 30 seconds left.\n|inactive|lateralvs has 30 seconds left.\n|inactive|Mashazard has 20 seconds left.\n|inactive|Mashazard has 15 seconds left.\n|inactive|Mashazard has 10 seconds left.\n|inactive|Mashazard has 5 seconds left.\n|\n|t:|1682328624\n|switch|p2a: Chien-Pao|Chien-Pao, L50|34\/100 brn\n|-ability|p2a: Chien-Pao|Sword of Ruin\n|move|p1a: Grrrrrrr|Protect|p1a: Grrrrrrr\n|-singleturn|p1a: Grrrrrrr|Protect\n|cant|p1b: Woafwoaf|par\n|move|p2b: Garchomp|Protect||[still]\n|-fail|p2b: Garchomp\n|\n|-damage|p2a: Chien-Pao|29\/100 brn|[from] brn\n|-sideend|p1: Mashazard|move: Tailwind\n|upkeep\n|turn|7\n|inactive|Mashazard has 30 seconds left.\n|inactive|Mashazard has 20 seconds left.\n|inactive|Mashazard has 15 seconds left.\n|inactive|Mashazard has 10 seconds left.\n|inactive|Mashazard has 5 seconds left.\n|\n|t:|1682328677\n|switch|p2b: Gyarados|Gyarados, L50, M|60\/100 brn\n|-ability|p2b: Gyarados|Intimidate|boost\n|-unboost|p1a: Grrrrrrr|atk|1\n|-unboost|p1b: Woafwoaf|atk|1\n|switch|p1b: Vrouuuum|Rotom-Wash, L50|100\/100\n|-terastallize|p1a: Grrrrrrr|Fire\n|move|p2a: Chien-Pao|Ice Spinner|p1a: Grrrrrrr\n|-resisted|p1a: Grrrrrrr\n|-damage|p1a: Grrrrrrr|87\/100\n|-damage|p2a: Chien-Pao|17\/100 brn|[from] ability: Rough Skin|[of] p1a: Grrrrrrr\n|move|p1a: Grrrrrrr|Earthquake|p2b: Gyarados|[spread] p2a\n|-immune|p1b: Vrouuuum|[from] ability: Levitate\n|-immune|p2b: Gyarados\n|-damage|p2a: Chien-Pao|0 fnt\n|faint|p2a: Chien-Pao\n|-damage|p1a: Grrrrrrr|77\/100|[from] item: Life Orb\n|\n|-damage|p2b: Gyarados|54\/100 brn|[from] brn\n|upkeep\n|inactive|lateralvs has 30 seconds left.\n|\n|t:|1682328705\n|switch|p2a: Garchomp|Garchomp, L50, F|66\/100\n|turn|8\n|inactive|lateralvs has 30 seconds left.\n|inactive|Mashazard has 30 seconds left.\n|inactive|lateralvs has 20 seconds left.\n|inactive|lateralvs has 15 seconds left.\n|\n|t:|1682328749\n|move|p2b: Gyarados|Helping Hand|p2a: Garchomp\n|-singleturn|p2a: Garchomp|Helping Hand|[of] p2b: Gyarados\n|move|p1a: Grrrrrrr|Protect|p1a: Grrrrrrr\n|-singleturn|p1a: Grrrrrrr|Protect\n|move|p2a: Garchomp|Rock Slide|p1b: Vrouuuum|[spread] p1b\n|-activate|p1a: Grrrrrrr|move: Protect\n|-damage|p1b: Vrouuuum|51\/100\n|-damage|p2a: Garchomp|56\/100|[from] item: Life Orb\n|move|p1b: Vrouuuum|Hydro Pump|p2a: Garchomp\n|-damage|p2a: Garchomp|3\/100\n|\n|-damage|p2b: Gyarados|48\/100 brn|[from] brn\n|upkeep\n|turn|9\n|j| omkomok029\n|inactive|lateralvs has 30 seconds left.\n|inactive|lateralvs has 20 seconds left.\n|inactive|lateralvs has 15 seconds left.\n|inactive|lateralvs has 10 seconds left.\n|\n|t:|1682328798\n|switch|p1a: Woafwoaf|Chien-Pao, L50|44\/100 par\n|-ability|p1a: Woafwoaf|Sword of Ruin\n|move|p2b: Gyarados|Helping Hand|p2a: Garchomp\n|-singleturn|p2a: Garchomp|Helping Hand|[of] p2b: Gyarados\n|move|p2a: Garchomp|Rock Slide|p1b: Vrouuuum|[spread] p1a,p1b\n|-supereffective|p1a: Woafwoaf\n|-damage|p1a: Woafwoaf|0 fnt\n|-damage|p1b: Vrouuuum|0 fnt\n|faint|p1a: Woafwoaf\n|faint|p1b: Vrouuuum\n|-damage|p2a: Garchomp|0 fnt|[from] item: Life Orb\n|faint|p2a: Garchomp\n|\n|-damage|p2b: Gyarados|42\/100 brn|[from] brn\n|upkeep\n|\n|t:|1682328808\n|switch|p2a: Gholdengo|Gholdengo, L50|100\/100\n|switch|p1b: Grrrrrrr|Garchomp, L50, F, tera:Fire|77\/100\n|turn|10\n|\n|t:|1682328815\n|move|p1b: Grrrrrrr|Earthquake|p2a: Gholdengo|[spread] p2a\n|-immune|p2b: Gyarados\n|-supereffective|p2a: Gholdengo\n|-damage|p2a: Gholdengo|8\/100\n|-damage|p1b: Grrrrrrr|67\/100|[from] item: Life Orb\n|move|p2a: Gholdengo|Make It Rain|p1b: Grrrrrrr\n|-resisted|p1b: Grrrrrrr\n|-damage|p1b: Grrrrrrr|17\/100\n|-unboost|p2a: Gholdengo|spa|1\n|move|p2b: Gyarados|Thunder Wave|p1b: Grrrrrrr\n|-status|p1b: Grrrrrrr|par\n|\n|-damage|p2b: Gyarados|36\/100 brn|[from] brn\n|upkeep\n|turn|11\n|\n|t:|1682328829\n|move|p2a: Gholdengo|Make It Rain|p1b: Grrrrrrr\n|-resisted|p1b: Grrrrrrr\n|-damage|p1b: Grrrrrrr|0 fnt\n|-unboost|p2a: Gholdengo|spa|1\n|faint|p1b: Grrrrrrr\n|\n|win|lateralvs\n|raw|Mashazard's rating: 1635 → 1609<\/strong> (-26 for losing)\n|raw|lateralvs's rating: 1536 → 1562<\/strong> (+26 for winning)\n","uploadtime":1682328835,"views":24,"p1id":"mashazard","p2id":"lateralvs","formatid":"gen9vgc2023regulationc","rating":1562,"private":0,"password":""}