{"id":"gen9vgc2023regulationc-1850094631","p1":"jayballester","p2":"Tuxmux","format":"[Gen 9] VGC 2023 Regulation C","log":"|j|\u2606jayballester\n|j|\u2606Tuxmux\n|t:|1682286610\n|gametype|doubles\n|player|p1|jayballester|riley|\n|player|p2|Tuxmux|266|\n|teamsize|p1|6\n|teamsize|p2|6\n|gen|9\n|tier|[Gen 9] VGC 2023 Regulation C\n|rule|Species Clause: Limit one of each Pok\u00e9mon\n|rule|Item Clause: Limit one of each item\n|clearpoke\n|poke|p1|Tyranitar, L50, M|\n|poke|p1|Palafin, L50, F|\n|poke|p1|Toedscool, L50, F|\n|poke|p1|Garganacl, L50, F|\n|poke|p1|Salazzle, L50, F|\n|poke|p1|Breloom, L50, F|\n|poke|p2|Talonflame, L50, M|\n|poke|p2|Hydreigon, L50, F|\n|poke|p2|Tinkaton, L50, F|\n|poke|p2|Azumarill, L50, F|\n|poke|p2|Lucario, L50, F|\n|poke|p2|Toxapex, L50, M|\n|teampreview|4\n|\n|t:|1682286655\n|start\n|switch|p1a: Palafin|Palafin, L50, F|100\/100\n|switch|p1b: Breloom|Breloom, L50, F|100\/100\n|switch|p2a: good pick (not)|Hydreigon, L50, F|100\/100\n|switch|p2b: who tf uses this|Talonflame, L50, M|100\/100\n|turn|1\n|\n|t:|1682286695\n|switch|p1b: Garganacl|Garganacl, L50, F|100\/100\n|move|p2b: who tf uses this|Protect|p2b: who tf uses this\n|-singleturn|p2b: who tf uses this|Protect\n|move|p2a: good pick (not)|Flamethrower|p1b: Garganacl\n|-resisted|p1b: Garganacl\n|-damage|p1b: Garganacl|78\/100\n|move|p1a: Palafin|Wave Crash|p2b: who tf uses this\n|-activate|p2b: who tf uses this|move: Protect\n|\n|-heal|p1b: Garganacl|84\/100|[from] item: Leftovers\n|upkeep\n|turn|2\n|\n|t:|1682286729\n|switch|p2a: jay was onto smth|Azumarill, L50, F|100\/100\n|move|p1a: Palafin|Protect|p1a: Palafin\n|-singleturn|p1a: Palafin|Protect\n|move|p2b: who tf uses this|Tailwind|p2b: who tf uses this\n|-sidestart|p2: Tuxmux|move: Tailwind\n|move|p1b: Garganacl|Salt Cure|p2b: who tf uses this\n|-supereffective|p2b: who tf uses this\n|-damage|p2b: who tf uses this|29\/100\n|-start|p2b: who tf uses this|Salt Cure\n|\n|-heal|p1b: Garganacl|90\/100|[from] item: Leftovers\n|-damage|p2b: who tf uses this|17\/100|[from] Salt Cure\n|upkeep\n|turn|3\n|\n|t:|1682286752\n|detailschange|p1a: Palafin|Palafin-Hero, L50, F\n|switch|p1a: Tyranitar|Tyranitar, L50, M|100\/100\n|-weather|Sandstorm|[from] ability: Sand Stream|[of] p1a: Tyranitar\n|-terastallize|p1b: Garganacl|Water\n|move|p2b: who tf uses this|Protect|p2b: who tf uses this\n|-singleturn|p2b: who tf uses this|Protect\n|move|p2a: jay was onto smth|Liquidation|p1b: Garganacl\n|-resisted|p1b: Garganacl\n|-damage|p1b: Garganacl|70\/100\n|move|p1b: Garganacl|Salt Cure|p2a: jay was onto smth\n|-damage|p2a: jay was onto smth|83\/100\n|-start|p2a: jay was onto smth|Salt Cure\n|\n|-weather|Sandstorm|[upkeep]\n|-damage|p2b: who tf uses this|11\/100|[from] Sandstorm\n|-damage|p2a: jay was onto smth|77\/100|[from] Sandstorm\n|-damage|p1b: Garganacl|64\/100|[from] Sandstorm\n|-heal|p1b: Garganacl|70\/100|[from] item: Leftovers\n|-damage|p2b: who tf uses this|0 fnt|[from] Salt Cure\n|faint|p2b: who tf uses this\n|-damage|p2a: jay was onto smth|52\/100|[from] Salt Cure\n|upkeep\n|\n|t:|1682286761\n|switch|p2b: gen 4\/6 staple|Lucario, L50, F|100\/100\n|-item|p2b: gen 4\/6 staple|Air Balloon\n|turn|4\n|\n|t:|1682286787\n|-terastallize|p2b: gen 4\/6 staple|Steel\n|move|p2b: gen 4\/6 staple|Steel Beam|p1b: Garganacl\n|-resisted|p1b: Garganacl\n|-damage|p1b: Garganacl|27\/100\n|-damage|p2b: gen 4\/6 staple|50\/100|[from] steelbeam\n|move|p2a: jay was onto smth|Liquidation|p1a: Tyranitar\n|-supereffective|p1a: Tyranitar\n|-damage|p1a: Tyranitar|0 fnt\n|faint|p1a: Tyranitar\n|move|p1b: Garganacl|Body Press|p2b: gen 4\/6 staple\n|-supereffective|p2b: gen 4\/6 staple\n|-crit|p2b: gen 4\/6 staple\n|-damage|p2b: gen 4\/6 staple|0 fnt\n|-enditem|p2b: gen 4\/6 staple|Air Balloon\n|faint|p2b: gen 4\/6 staple\n|\n|-weather|Sandstorm|[upkeep]\n|-damage|p2a: jay was onto smth|46\/100|[from] Sandstorm\n|-damage|p1b: Garganacl|21\/100|[from] Sandstorm\n|-heal|p1b: Garganacl|27\/100|[from] item: Leftovers\n|-damage|p2a: jay was onto smth|21\/100|[from] Salt Cure\n|upkeep\n|\n|t:|1682286806\n|switch|p2b: good pick (not)|Hydreigon, L50, F|100\/100\n|switch|p1a: Palafin|Palafin-Hero, L50, F|100\/100\n|-activate|p1a: Palafin|ability: Zero to Hero\n|turn|5\n|c|\u2606Tuxmux|fuck it we tera steel steel beam for 43%\n|c|\u2606jayballester|lmao\n|c|\u2606Tuxmux|ezzzz\n|\n|t:|1682286823\n|move|p1b: Garganacl|Protect|p1b: Garganacl\n|-singleturn|p1b: Garganacl|Protect\n|move|p2b: good pick (not)|Draco Meteor|p1a: Palafin\n|-damage|p1a: Palafin|0 fnt\n|-unboost|p2b: good pick (not)|spa|2\n|faint|p1a: Palafin\n|move|p2a: jay was onto smth|Liquidation|p1b: Garganacl\n|-activate|p1b: Garganacl|move: Protect\n|\n|-weather|Sandstorm|[upkeep]\n|-damage|p2b: good pick (not)|95\/100|[from] Sandstorm\n|-damage|p2a: jay was onto smth|15\/100|[from] Sandstorm\n|-damage|p1b: Garganacl|21\/100|[from] Sandstorm\n|-heal|p1b: Garganacl|27\/100|[from] item: Leftovers\n|-damage|p2a: jay was onto smth|0 fnt|[from] Salt Cure\n|faint|p2a: jay was onto smth\n|-sideend|p2: Tuxmux|move: Tailwind\n|upkeep\n|c|\u2606jayballester|holy shit\n|c|\u2606Tuxmux|i didn tthink this shit out at all dw\n|\n|t:|1682286838\n|switch|p1a: Breloom|Breloom, L50, F|100\/100\n|turn|6\n|c|\u2606jayballester|I literally copied the paste that jstar used against me in playoffs HHAHAH\n|c|\u2606Tuxmux|LMFAO\n|\n|t:|1682286865\n|move|p1a: Breloom|Mach Punch|p2b: good pick (not)\n|-supereffective|p2b: good pick (not)\n|-damage|p2b: good pick (not)|0 fnt\n|faint|p2b: good pick (not)\n|-damage|p1a: Breloom|91\/100|[from] item: Life Orb\n|\n|win|jayballester\n|c|\u2606Tuxmux|6 pokemon weak to salt cure go brrrrrr\n|c|\u2606Tuxmux|ggs\n","uploadtime":1682286875,"views":8,"p1id":"jayballester","p2id":"tuxmux","formatid":"gen9vgc2023regulationc","rating":0,"private":0,"password":""}