{"id":"gen9vgc2023regulationc-1863192919","p1":"oojclops","p2":"ErPaoletto","format":"[Gen 9] VGC 2023 Regulation C","log":"|j|\u2606oojclops\n|j|\u2606ErPaoletto\n|t:|1683986404\n|gametype|doubles\n|player|p1|oojclops|rocketgruntf|1052\n|player|p2|ErPaoletto|265|1101\n|teamsize|p1|6\n|teamsize|p2|6\n|gen|9\n|tier|[Gen 9] VGC 2023 Regulation C\n|rated|\n|rule|Species Clause: Limit one of each Pok\u00e9mon\n|rule|Item Clause: Limit one of each item\n|clearpoke\n|poke|p1|Arcanine, L50, F|\n|poke|p1|Flutter Mane, L50|\n|poke|p1|Kingambit, L50, M|\n|poke|p1|Gothitelle, L50, F|\n|poke|p1|Maushold, L50|\n|poke|p1|Breloom, L50, M|\n|poke|p2|Dudunsparce-*, L50, F|\n|poke|p2|Jumpluff, L50, F|\n|poke|p2|Indeedee-F, L50, F|\n|poke|p2|Armarouge, L50, M|\n|poke|p2|Iron Bundle, L50|\n|poke|p2|Flutter Mane, L50|\n|teampreview|4\n|inactive|Battle timer is ON: inactive players will automatically lose when time's up. (requested by ErPaoletto)\n|inactive|oojclops has 60 seconds left.\n|inactive|ErPaoletto has 60 seconds left.\n|\n|t:|1683986451\n|start\n|switch|p1a: Flutter Mane|Flutter Mane, L50|100\/100\n|switch|p1b: Breloom|Breloom, L50, M|100\/100\n|switch|p2a: Indeedee|Indeedee-F, L50, F|100\/100\n|switch|p2b: Dudunsparce|Dudunsparce, L50, F, shiny|100\/100\n|-fieldstart|move: Psychic Terrain|[from] ability: Psychic Surge|[of] p2a: Indeedee\n|-enditem|p1a: Flutter Mane|Booster Energy\n|-activate|p1a: Flutter Mane|ability: Protosynthesis|[fromitem]\n|-start|p1a: Flutter Mane|protosynthesisspe\n|turn|1\n|\n|t:|1683986476\n|move|p2b: Dudunsparce|Protect|p2b: Dudunsparce\n|-singleturn|p2b: Dudunsparce|Protect\n|move|p1a: Flutter Mane|Icy Wind|p2b: Dudunsparce|[spread] p2a\n|-activate|p2b: Dudunsparce|move: Protect\n|-damage|p2a: Indeedee|89\/100\n|-unboost|p2a: Indeedee|spe|1\n|move|p1b: Breloom|Spore|p2a: Indeedee\n|-status|p2a: Indeedee|slp|[from] move: Spore\n|cant|p2a: Indeedee|slp\n|\n|upkeep\n|turn|2\n|inactive|ErPaoletto has 30 seconds left.\n|inactive|ErPaoletto has 20 seconds left.\n|\n|t:|1683986514\n|-terastallize|p2b: Dudunsparce|Rock\n|cant|p2a: Indeedee|slp\n|move|p1a: Flutter Mane|Moonblast|p2a: Indeedee\n|-damage|p2a: Indeedee|50\/100 slp\n|-unboost|p2a: Indeedee|spa|1\n|move|p1b: Breloom|Spore|p2b: Dudunsparce\n|-status|p2b: Dudunsparce|slp|[from] move: Spore\n|cant|p2b: Dudunsparce|slp\n|\n|upkeep\n|turn|3\n|inactive|oojclops has 30 seconds left.\n|\n|t:|1683986540\n|switch|p2b: Armarouge|Armarouge, L50, M|100\/100\n|move|p1a: Flutter Mane|Moonblast|p2b: Armarouge\n|-resisted|p2b: Armarouge\n|-damage|p2b: Armarouge|78\/100\n|move|p1b: Breloom|Bullet Seed|p2a: Indeedee\n|-damage|p2a: Indeedee|29\/100 slp\n|-damage|p2a: Indeedee|8\/100 slp\n|-hitcount|p2a: Indeedee|2\n|cant|p2a: Indeedee|slp\n|\n|upkeep\n|turn|4\n|\n|t:|1683986559\n|move|p1b: Breloom|Protect|p1b: Breloom\n|-singleturn|p1b: Breloom|Protect\n|-curestatus|p2a: Indeedee|slp|[msg]\n|move|p2a: Indeedee|Protect|p2a: Indeedee\n|-singleturn|p2a: Indeedee|Protect\n|move|p1a: Flutter Mane|Icy Wind|p2b: Armarouge|[spread] p2b\n|-activate|p2a: Indeedee|move: Protect\n|-resisted|p2b: Armarouge\n|-damage|p2b: Armarouge|72\/100\n|-unboost|p2b: Armarouge|spe|1\n|move|p2b: Armarouge|Armor Cannon|p1b: Breloom\n|-activate|p1b: Breloom|move: Protect\n|\n|upkeep\n|turn|5\n|\n|t:|1683986579\n|move|p1a: Flutter Mane|Icy Wind|p2a: Indeedee|[spread] p2a,p2b\n|-resisted|p2b: Armarouge\n|-damage|p2a: Indeedee|0 fnt\n|-damage|p2b: Armarouge|65\/100\n|-unboost|p2b: Armarouge|spe|1\n|faint|p2a: Indeedee\n|move|p1b: Breloom|Spore|p2b: Armarouge\n|-status|p2b: Armarouge|slp|[from] move: Spore\n|cant|p2b: Armarouge|slp\n|\n|upkeep\n|\n|t:|1683986590\n|switch|p2a: Iron Bundle|Iron Bundle, L50, shiny|100\/100\n|-enditem|p2a: Iron Bundle|Booster Energy\n|-activate|p2a: Iron Bundle|ability: Quark Drive|[fromitem]\n|-start|p2a: Iron Bundle|quarkdrivespe\n|turn|6\n|inactive|oojclops has 30 seconds left.\n|\n|t:|1683986616\n|move|p2a: Iron Bundle|Icy Wind|p1a: Flutter Mane|[spread] p1a,p1b\n|-supereffective|p1b: Breloom\n|-damage|p1a: Flutter Mane|81\/100\n|-damage|p1b: Breloom|31\/100\n|-unboost|p1a: Flutter Mane|spe|1\n|-unboost|p1b: Breloom|spe|1\n|move|p1a: Flutter Mane|Shadow Ball|p2b: Armarouge\n|-supereffective|p2b: Armarouge\n|-damage|p2b: Armarouge|0 fnt\n|faint|p2b: Armarouge\n|move|p1b: Breloom|Bullet Seed|p2a: Iron Bundle\n|-supereffective|p2a: Iron Bundle\n|-damage|p2a: Iron Bundle|50\/100\n|-supereffective|p2a: Iron Bundle\n|-damage|p2a: Iron Bundle|0 fnt\n|faint|p2a: Iron Bundle\n|-end|p2a: Iron Bundle|Quark Drive|[silent]\n|-hitcount|p2: Iron Bundle|2\n|\n|upkeep\n|inactive|ErPaoletto has 30 seconds left.\n|\n|t:|1683986649\n|switch|p2b: Dudunsparce|Dudunsparce, L50, F, shiny, tera:Rock|100\/100 slp\n|turn|7\n|\n|t:|1683986658\n|move|p1a: Flutter Mane|Shadow Ball|p2b: Dudunsparce\n|-damage|p2b: Dudunsparce|69\/100 slp\n|-unboost|p2b: Dudunsparce|spd|1\n|cant|p2b: Dudunsparce|slp\n|move|p1b: Breloom|Bullet Seed|p2b: Dudunsparce\n|-supereffective|p2b: Dudunsparce\n|-damage|p2b: Dudunsparce|26\/100 slp\n|-supereffective|p2b: Dudunsparce\n|-damage|p2b: Dudunsparce|0 fnt\n|faint|p2b: Dudunsparce\n|-hitcount|p2: Dudunsparce|2\n|\n|win|oojclops\n|raw|oojclops's rating: 1052 → 1089<\/strong> (+37 for winning)\n|raw|ErPaoletto's rating: 1101 → 1072<\/strong> (-29 for losing)\n|l|\u2606ErPaoletto\n","uploadtime":1683986672,"views":12,"p1id":"oojclops","p2id":"erpaoletto","formatid":"gen9vgc2023regulationc","rating":1072,"private":0,"password":""}