{"id":"gen9vgc2023regulationc-1847289055","p1":"MLJP","p2":"ClickForVictory","format":"[Gen 9] VGC 2023 Regulation C","log":"|j|\u2606MLJP\n|j|\u2606ClickForVictory\n|t:|1681935059\n|gametype|doubles\n|player|p1|MLJP|266|1381\n|player|p2|ClickForVictory|furisodegirl-black|1418\n|teamsize|p1|6\n|teamsize|p2|6\n|gen|9\n|tier|[Gen 9] VGC 2023 Regulation C\n|rated|\n|rule|Species Clause: Limit one of each Pok\u00e9mon\n|rule|Item Clause: Limit one of each item\n|clearpoke\n|poke|p1|Scream Tail, L50|\n|poke|p1|Flutter Mane, L50|\n|poke|p1|Ting-Lu, L50|\n|poke|p1|Gothitelle, L50, F|\n|poke|p1|Arcanine, L50, F|\n|poke|p1|Palafin, L50, M|\n|poke|p2|Flutter Mane, L50|\n|poke|p2|Amoonguss, L50, F|\n|poke|p2|Iron Jugulis, L50|\n|poke|p2|Great Tusk, L50|\n|poke|p2|Bruxish, L50, M|\n|poke|p2|Chi-Yu, L50|\n|teampreview|4\n|inactive|Battle timer is ON: inactive players will automatically lose when time's up. (requested by MLJP)\n|c|\u2606ClickForVictory|have fun1\nClickForVictory has agreed to open team sheets.\n|inactive|ClickForVictory has 60 seconds left.\nMLJP rejected open team sheets.\n|c|\u2606ClickForVictory|* !\n|c|\u2606MLJP|sorry practicing for ic\n|inactive|ClickForVictory has 30 seconds left.\n|c|\u2606MLJP|global challenge\n|inactive|ClickForVictory has 20 seconds left.\n|inactive|ClickForVictory has 15 seconds left.\n|inactive|ClickForVictory has 10 seconds left.\n|inactive|ClickForVictory has 5 seconds left.\n|\n|t:|1681935151\n|start\n|switch|p1a: Scream Tail|Scream Tail, L50|100\/100\n|switch|p1b: Ting-Lu|Ting-Lu, L50|100\/100\n|switch|p2a: Mega Dodrio|Iron Jugulis, L50, shiny|100\/100\n|switch|p2b: Fiendish Fish|Chi-Yu, L50|100\/100\n|-ability|p2b: Fiendish Fish|Beads of Ruin\n|-ability|p1b: Ting-Lu|Vessel of Ruin\n|-enditem|p1a: Scream Tail|Booster Energy\n|-activate|p1a: Scream Tail|ability: Protosynthesis|[fromitem]\n|-start|p1a: Scream Tail|protosynthesisspe\n|-enditem|p2a: Mega Dodrio|Booster Energy\n|-activate|p2a: Mega Dodrio|ability: Quark Drive|[fromitem]\n|-start|p2a: Mega Dodrio|quarkdrivespe\n|turn|1\n|inactive|MLJP has 30 seconds left.\n|inactive|MLJP has 20 seconds left.\n|\n|t:|1681935187\n|switch|p1b: Gothitelle|Gothitelle, L50, F|100\/100\n|-terastallize|p2b: Fiendish Fish|Fire\n|move|p1a: Scream Tail|Perish Song|p1a: Scream Tail\n|-start|p1a: Scream Tail|perish3|[silent]\n|-start|p1b: Gothitelle|perish3|[silent]\n|-start|p2a: Mega Dodrio|perish3|[silent]\n|-start|p2b: Fiendish Fish|perish3|[silent]\n|-fieldactivate|move: Perish Song\n|move|p2a: Mega Dodrio|Earth Power|p1b: Gothitelle\n|-damage|p1b: Gothitelle|77\/100\n|move|p2b: Fiendish Fish|Overheat|p1b: Gothitelle\n|-damage|p1b: Gothitelle|0 fnt\n|-unboost|p2b: Fiendish Fish|spa|2\n|faint|p1b: Gothitelle\n|\n|-start|p1a: Scream Tail|perish3\n|-start|p2a: Mega Dodrio|perish3\n|-start|p2b: Fiendish Fish|perish3\n|upkeep\n|\n|t:|1681935202\n|switch|p1b: Ting-Lu|Ting-Lu, L50|100\/100\n|-ability|p1b: Ting-Lu|Vessel of Ruin\n|turn|2\n|inactive|MLJP has 30 seconds left.\n|inactive|ClickForVictory has 30 seconds left.\n|\n|t:|1681935236\n|switch|p2b: Mamoswole|Great Tusk, L50, shiny|100\/100\n|move|p1a: Scream Tail|Disable|p2a: Mega Dodrio\n|-start|p2a: Mega Dodrio|Disable|Earth Power\n|cant|p2a: Mega Dodrio|Disable|Earth Power\n|move|p1b: Ting-Lu|Sand Tomb|p2b: Mamoswole\n|-damage|p2b: Mamoswole|91\/100\n|-activate|p2b: Mamoswole|move: Sand Tomb|[of] p1b: Ting-Lu\n|\n|-damage|p2b: Mamoswole|79\/100|[from] move: Sand Tomb|[partiallytrapped]\n|-start|p1a: Scream Tail|perish2\n|-start|p2a: Mega Dodrio|perish2\n|upkeep\n|turn|3\n|inactive|ClickForVictory has 30 seconds left.\n|\n|t:|1681935263\n|move|p1a: Scream Tail|Perish Song|p1a: Scream Tail\n|-start|p1b: Ting-Lu|perish3|[silent]\n|-start|p2b: Mamoswole|perish3|[silent]\n|-fieldactivate|move: Perish Song\n|move|p2a: Mega Dodrio|Tailwind|p2a: Mega Dodrio\n|-sidestart|p2: ClickForVictory|move: Tailwind\n|move|p2b: Mamoswole|Headlong Rush|p1a: Scream Tail\n|-damage|p1a: Scream Tail|53\/100\n|-unboost|p2b: Mamoswole|def|1\n|-unboost|p2b: Mamoswole|spd|1\n|move|p1b: Ting-Lu|Heavy Slam|p2a: Mega Dodrio\n|-damage|p2a: Mega Dodrio|76\/100\n|\n|-damage|p2b: Mamoswole|66\/100|[from] move: Sand Tomb|[partiallytrapped]\n|-start|p2a: Mega Dodrio|perish1\n|-start|p2b: Mamoswole|perish3\n|-start|p1a: Scream Tail|perish1\n|-start|p1b: Ting-Lu|perish3\n|upkeep\n|turn|4\n|inactive|MLJP has 30 seconds left.\n|\n|t:|1681935290\n|-end|p2a: Mega Dodrio|Quark Drive|[silent]\n|switch|p2a: Spectral Spaghetti|Flutter Mane, L50, shiny|100\/100\n|-end|p1a: Scream Tail|Protosynthesis|[silent]\n|switch|p1a: Arcanine|Arcanine, L50, F|100\/100\n|-ability|p1a: Arcanine|Intimidate|boost\n|-unboost|p2a: Spectral Spaghetti|atk|1\n|-fail|p2b: Mamoswole|unboost|[from] item: Clear Amulet|[of] p2b: Mamoswole\n|move|p2b: Mamoswole|Close Combat|p1b: Ting-Lu\n|-supereffective|p1b: Ting-Lu\n|-damage|p1b: Ting-Lu|24\/100\n|-unboost|p2b: Mamoswole|def|1\n|-unboost|p2b: Mamoswole|spd|1\n|move|p1b: Ting-Lu|Sand Tomb|p2a: Spectral Spaghetti\n|-damage|p2a: Spectral Spaghetti|79\/100\n|-activate|p2a: Spectral Spaghetti|move: Sand Tomb|[of] p1b: Ting-Lu\n|\n|-heal|p1b: Ting-Lu|30\/100|[from] item: Leftovers\n|-damage|p2a: Spectral Spaghetti|67\/100|[from] move: Sand Tomb|[partiallytrapped]\n|-damage|p2b: Mamoswole|54\/100|[from] move: Sand Tomb|[partiallytrapped]\n|-start|p2b: Mamoswole|perish2\n|-start|p1b: Ting-Lu|perish2\n|upkeep\n|turn|5\n|inactive|MLJP has 30 seconds left.\n|inactive|MLJP has 20 seconds left.\n|inactive|MLJP has 15 seconds left.\n|inactive|MLJP has 10 seconds left.\n|\n|t:|1681935338\n|switch|p1b: Scream Tail|Scream Tail, L50|53\/100\n|-terastallize|p1a: Arcanine|Water\n|move|p2a: Spectral Spaghetti|Power Gem|p1a: Arcanine\n|-damage|p1a: Arcanine|50\/100\n|move|p2b: Mamoswole|Headlong Rush|p1b: Scream Tail\n|-damage|p1b: Scream Tail|5\/100\n|-unboost|p2b: Mamoswole|def|1\n|-unboost|p2b: Mamoswole|spd|1\n|move|p1a: Arcanine|Flare Blitz|p2a: Spectral Spaghetti\n|-damage|p2a: Spectral Spaghetti|0 fnt\n|faint|p2a: Spectral Spaghetti\n|-end|p2a: Spectral Spaghetti|Protosynthesis|[silent]\n|-damage|p1a: Arcanine|30\/100|[from] Recoil\n|\n|-end|p2b: Mamoswole|Sand Tomb|[partiallytrapped]|[silent]\n|-start|p2b: Mamoswole|perish1\n|upkeep\n|\n|t:|1681935350\n|switch|p2a: Fiendish Fish|Chi-Yu, L50, tera:Fire|100\/100\n|-ability|p2a: Fiendish Fish|Beads of Ruin\n|turn|6\n|inactive|MLJP has 30 seconds left.\n|inactive|MLJP has 20 seconds left.\n|\n|t:|1681935386\n|move|p1a: Arcanine|Protect|p1a: Arcanine\n|-singleturn|p1a: Arcanine|Protect\n|move|p2a: Fiendish Fish|Heat Wave|p1b: Scream Tail|[spread] p1b\n|-activate|p1a: Arcanine|move: Protect\n|-damage|p1b: Scream Tail|0 fnt\n|faint|p1b: Scream Tail\n|-end|p1b: Scream Tail|Protosynthesis|[silent]\n|move|p2b: Mamoswole|Headlong Rush|p1a: Arcanine\n|-activate|p1a: Arcanine|move: Protect\n|\n|-start|p2b: Mamoswole|perish0\n|-sideend|p2: ClickForVictory|move: Tailwind\n|faint|p2b: Mamoswole\n|-end|p2b: Mamoswole|Protosynthesis|[silent]\n|upkeep\n|\n|t:|1681935397\n|switch|p1b: Ting-Lu|Ting-Lu, L50|30\/100\n|switch|p2b: Mega Dodrio|Iron Jugulis, L50, shiny|76\/100\n|-ability|p1b: Ting-Lu|Vessel of Ruin\n|turn|7\n|\n|t:|1681935410\n|move|p2a: Fiendish Fish|Heat Wave|p1a: Arcanine|[spread] p1a,p1b\n|-resisted|p1a: Arcanine\n|-crit|p1a: Arcanine\n|-damage|p1a: Arcanine|0 fnt\n|-damage|p1b: Ting-Lu|1\/100\n|faint|p1a: Arcanine\n|move|p2b: Mega Dodrio|Snarl|p1b: Ting-Lu\n|-resisted|p1b: Ting-Lu\n|-damage|p1b: Ting-Lu|0 fnt\n|faint|p1b: Ting-Lu\n|\n|win|ClickForVictory\n|raw|MLJP's rating: 1381 → 1363<\/strong> (-18 for losing)\n|raw|ClickForVictory's rating: 1418 → 1436<\/strong> (+18 for winning)\n|l|\u2606MLJP\n|c|\u2606ClickForVictory|GG!\n","uploadtime":1681935474,"views":8,"p1id":"mljp","p2id":"clickforvictory","formatid":"gen9vgc2023regulationc","rating":1363,"private":0,"password":""}