{"id":"gen9vgc2023regulationc-1852551789","p1":"Andrey. Iam7","p2":"MuskyMan","format":"[Gen 9] VGC 2023 Regulation C","log":"|j|\u2606Andrey. Iam7\n|j|\u2606MuskyMan\n|t:|1682574641\n|gametype|doubles\n|player|p1|Andrey. Iam7|koga|1062\n|player|p2|MuskyMan|169|1132\n|teamsize|p1|6\n|teamsize|p2|6\n|gen|9\n|tier|[Gen 9] VGC 2023 Regulation C\n|rated|\n|rule|Species Clause: Limit one of each Pok\u00e9mon\n|rule|Item Clause: Limit one of each item\n|clearpoke\n|poke|p1|Bruxish, L50, F|\n|poke|p1|Flamigo, L50, M|\n|poke|p1|Coalossal, L50, M|\n|poke|p1|Chi-Yu, L50|\n|poke|p1|Breloom, L50, F|\n|poke|p1|Dachsbun, L50, M|\n|poke|p2|Sylveon, L50, F|\n|poke|p2|Vaporeon, L50, F|\n|poke|p2|Skeledirge, L50, F|\n|poke|p2|Oranguru, L50, F|\n|poke|p2|Venomoth, L50, F|\n|poke|p2|Iron Hands, L50|\n|teampreview|4\n|inactive|Battle timer is ON: inactive players will automatically lose when time's up. (requested by Andrey. Iam7)\nMuskyMan rejected open team sheets.\n|inactive|Andrey. Iam7 has 60 seconds left.\n|\n|t:|1682574693\n|start\n|switch|p1a: Chi-Yu|Chi-Yu, L50|100\/100\n|switch|p1b: Coalossal|Coalossal, L50, M|100\/100\n|switch|p2a: Sylveon|Sylveon, L50, F, shiny|100\/100\n|switch|p2b: Skeledirge|Skeledirge, L50, F|100\/100\n|-ability|p1a: Chi-Yu|Beads of Ruin\n|turn|1\n|\n|t:|1682574717\n|move|p1a: Chi-Yu|Dark Pulse|p2b: Skeledirge\n|-supereffective|p2b: Skeledirge\n|-damage|p2b: Skeledirge|0 fnt\n|faint|p2b: Skeledirge\n|move|p1b: Coalossal|Power Gem|p2a: Sylveon\n|-damage|p2a: Sylveon|65\/100\n|move|p2a: Sylveon|Hyper Voice|p1b: Coalossal|[spread] p1a,p1b\n|-resisted|p1b: Coalossal\n|-damage|p1a: Chi-Yu|39\/100\n|-damage|p1b: Coalossal|65\/100\n|\n|upkeep\n|\n|t:|1682574729\n|switch|p2b: Oranguru|Oranguru, L50, F, shiny|100\/100\n|turn|2\n|inactive|Andrey. Iam7 has 30 seconds left.\n|\n|t:|1682574754\n|move|p1a: Chi-Yu|Dark Pulse|p2b: Oranguru\n|-supereffective|p2b: Oranguru\n|-damage|p2b: Oranguru|0 fnt\n|faint|p2b: Oranguru\n|move|p1b: Coalossal|Heat Wave|p2a: Sylveon\n|-damage|p2a: Sylveon|28\/100\n|move|p2a: Sylveon|Hyper Voice|p1b: Coalossal|[spread] p1a,p1b\n|-resisted|p1b: Coalossal\n|-damage|p1a: Chi-Yu|0 fnt\n|-damage|p1b: Coalossal|25\/100\n|faint|p1a: Chi-Yu\n|\n|upkeep\n|\n|t:|1682574768\n|switch|p1a: Flamigo|Flamigo, L50, M|100\/100\n|switch|p2b: Iron Hands|Iron Hands, L50|100\/100\n|-copyboost|p1a: Flamigo|p1b: Coalossal|[from] ability: Costar\n|-enditem|p2b: Iron Hands|Booster Energy\n|-activate|p2b: Iron Hands|ability: Quark Drive|[fromitem]\n|-start|p2b: Iron Hands|quarkdriveatk\n|turn|3\n|\n|t:|1682574792\n|-terastallize|p2b: Iron Hands|Fairy\n|move|p1a: Flamigo|Tailwind|p1a: Flamigo\n|-sidestart|p1: Andrey. Iam7|move: Tailwind\n|move|p1b: Coalossal|Power Gem|p2a: Sylveon\n|-damage|p2a: Sylveon|2\/100\n|move|p2b: Iron Hands|Wild Charge|p1a: Flamigo\n|-supereffective|p1a: Flamigo\n|-enditem|p1a: Flamigo|Focus Sash\n|-damage|p1a: Flamigo|1\/100\n|-damage|p2b: Iron Hands|84\/100|[from] Recoil\n|move|p2a: Sylveon|Hyper Voice|p1a: Flamigo|[spread] p1a,p1b\n|-supereffective|p1a: Flamigo\n|-resisted|p1b: Coalossal\n|-damage|p1a: Flamigo|0 fnt\n|-damage|p1b: Coalossal|0 fnt\n|faint|p1a: Flamigo\n|faint|p1b: Coalossal\n|\n|upkeep\n|\n|t:|1682574811\n|switch|p1b: Breloom|Breloom, L50, F|100\/100\n|turn|4\n|\n|t:|1682574828\n|move|p1b: Breloom|Mach Punch|p2a: Sylveon\n|-resisted|p2a: Sylveon\n|-damage|p2a: Sylveon|0 fnt\n|faint|p2a: Sylveon\n|move|p2b: Iron Hands|Drain Punch|p1b: Breloom\n|-damage|p1b: Breloom|14\/100\n|-heal|p2b: Iron Hands|100\/100|[from] drain|[of] p1b: Breloom\n|\n|upkeep\n|turn|5\n|\n|t:|1682574840\n|move|p1b: Breloom|Spore|p2b: Iron Hands\n|-status|p2b: Iron Hands|slp|[from] move: Spore\n|cant|p2b: Iron Hands|slp\n|\n|upkeep\n|turn|6\n|\n|t:|1682574851\n|move|p1b: Breloom|Bullet Seed|p2b: Iron Hands\n|-damage|p2b: Iron Hands|83\/100 slp\n|-damage|p2b: Iron Hands|66\/100 slp\n|-hitcount|p2b: Iron Hands|2\n|-curestatus|p2b: Iron Hands|slp|[msg]\n|move|p2b: Iron Hands|Drain Punch|p1b: Breloom\n|-damage|p1b: Breloom|0 fnt\n|-heal|p2b: Iron Hands|70\/100|[from] drain|[of] p1b: Breloom\n|faint|p1b: Breloom\n|\n|win|MuskyMan\n|raw|Andrey. Iam7's rating: 1062 → 1047<\/strong> (-15 for losing)\n|raw|MuskyMan's rating: 1132 → 1152<\/strong> (+20 for winning)\n|l|\u2606MuskyMan\n","uploadtime":1682574889,"views":13,"p1id":"andreyiam7","p2id":"muskyman","formatid":"gen9vgc2023regulationc","rating":1047,"private":0,"password":""}