{"id":"gen9vgc2023regulationc-1859139356","p1":"TGH_sr","p2":"RogueWings16758","format":"[Gen 9] VGC 2023 Regulation C","log":"|j|\u2606TGH_sr\n|j|\u2606RogueWings16758\n|t:|1683409200\n|gametype|doubles\n|player|p1|TGH_sr|steven|1381\n|player|p2|RogueWings16758|266|1398\n|teamsize|p1|6\n|teamsize|p2|6\n|gen|9\n|tier|[Gen 9] VGC 2023 Regulation C\n|rated|\n|rule|Species Clause: Limit one of each Pok\u00e9mon\n|rule|Item Clause: Limit one of each item\n|clearpoke\n|poke|p1|Talonflame, L50, F|\n|poke|p1|Garchomp, L50, M|\n|poke|p1|Kingambit, L50, F|\n|poke|p1|Iron Bundle, L50|\n|poke|p1|Flutter Mane, L50|\n|poke|p1|Amoonguss, L50, M|\n|poke|p2|Ting-Lu, L50|\n|poke|p2|Abomasnow, L50, F|\n|poke|p2|Flutter Mane, L50|\n|poke|p2|Iron Hands, L50|\n|poke|p2|Bronzong, L50|\n|poke|p2|Arcanine, L50, F|\n|teampreview|4\nTGH_sr has agreed to open team sheets.\n|inactive|Battle timer is ON: inactive players will automatically lose when time's up. (requested by RogueWings16758)\n|\n|t:|1683409300\n|start\n|switch|p1a: Kingambit|Kingambit, L50, F|100\/100\n|switch|p1b: Amoonguss|Amoonguss, L50, M|100\/100\n|switch|p2a: Iron Hands|Iron Hands, L50|100\/100\n|switch|p2b: Bronzong|Bronzong, L50|100\/100\n|turn|1\n|inactive|TGH_sr has 30 seconds left.\n|inactive|RogueWings16758 has 30 seconds left.\n|inactive|RogueWings16758 has 20 seconds left.\n|inactive|RogueWings16758 has 15 seconds left.\n|inactive|RogueWings16758 has 10 seconds left.\n|inactive|RogueWings16758 has 5 seconds left.\n|\n|t:|1683409355\n|-terastallize|p1a: Kingambit|Dark\n|move|p2a: Iron Hands|Fake Out|p1a: Kingambit\n|-damage|p1a: Kingambit|89\/100\n|cant|p1a: Kingambit|flinch\n|move|p1b: Amoonguss|Spore|p2b: Bronzong\n|-activate|p2b: Bronzong|item: Safety Goggles|Spore\n|move|p2b: Bronzong|Trick Room|p2b: Bronzong\n|-fieldstart|move: Trick Room|[of] p2b: Bronzong\n|\n|upkeep\n|turn|2\n|inactive|TGH_sr has 30 seconds left.\n|inactive|RogueWings16758 has 30 seconds left.\n|inactive|RogueWings16758 has 20 seconds left.\n|\n|t:|1683409393\n|-terastallize|p2a: Iron Hands|Grass\n|move|p2b: Bronzong|Protect|p2b: Bronzong\n|-singleturn|p2b: Bronzong|Protect\n|move|p1b: Amoonguss|Rage Powder|p1b: Amoonguss\n|-singleturn|p1b: Amoonguss|move: Rage Powder\n|move|p2a: Iron Hands|Close Combat|p1a: Kingambit\n|-supereffective|p1a: Kingambit\n|-damage|p1a: Kingambit|0 fnt\n|-unboost|p2a: Iron Hands|def|1\n|-unboost|p2a: Iron Hands|spd|1\n|faint|p1a: Kingambit\n|\n|upkeep\n|\n|t:|1683409413\n|switch|p1a: Garchomp|Garchomp, L50, M|100\/100\n|turn|3\n|\n|t:|1683409434\n|-end|p2a: Iron Hands|Quark Drive|[silent]\n|switch|p2a: Abomasnow|Abomasnow, L50, F|100\/100\n|-weather|Snow|[from] ability: Snow Warning|[of] p2a: Abomasnow\n|move|p1b: Amoonguss|Protect|p1b: Amoonguss\n|-singleturn|p1b: Amoonguss|Protect\n|move|p1a: Garchomp|Protect|p1a: Garchomp\n|-singleturn|p1a: Garchomp|Protect\n|move|p2b: Bronzong|Gyro Ball|p1a: Garchomp\n|-activate|p1a: Garchomp|move: Protect\n|\n|-weather|Snow|[upkeep]\n|upkeep\n|turn|4\n|inactive|TGH_sr has 30 seconds left.\n|inactive|TGH_sr has 20 seconds left.\n|\n|t:|1683409470\n|switch|p1a: Flutter Mane|Flutter Mane, L50|100\/100\n|move|p2b: Bronzong|Gyro Ball|p2a: Abomasnow\n|-supereffective|p2a: Abomasnow\n|-damage|p2a: Abomasnow|81\/100\n|-enditem|p2a: Abomasnow|Weakness Policy\n|-boost|p2a: Abomasnow|atk|2|[from] item: Weakness Policy\n|-boost|p2a: Abomasnow|spa|2|[from] item: Weakness Policy\n|move|p1b: Amoonguss|Pollen Puff|p1a: Flutter Mane\n|-immune|p1a: Flutter Mane\n|move|p2a: Abomasnow|Blizzard|p1b: Amoonguss|[spread] p1a,p1b\n|-supereffective|p1b: Amoonguss\n|-damage|p1a: Flutter Mane|27\/100\n|-damage|p1b: Amoonguss|0 fnt\n|faint|p1b: Amoonguss\n|\n|-weather|Snow|[upkeep]\n|upkeep\n|\n|t:|1683409485\n|switch|p1b: Garchomp|Garchomp, L50, M|100\/100\n|turn|5\n|\n|t:|1683409506\n|move|p2b: Bronzong|Protect|p2b: Bronzong\n|-singleturn|p2b: Bronzong|Protect\n|move|p1b: Garchomp|Protect|p1b: Garchomp\n|-singleturn|p1b: Garchomp|Protect\n|move|p2a: Abomasnow|Blizzard|p1a: Flutter Mane|[spread] p1a\n|-activate|p1b: Garchomp|move: Protect\n|-damage|p1a: Flutter Mane|0 fnt\n|faint|p1a: Flutter Mane\n|-end|p1a: Flutter Mane|Protosynthesis|[silent]\n|\n|-weather|Snow|[upkeep]\n|-fieldend|move: Trick Room\n|upkeep\n|turn|6\n|c|\u2606RogueWings16758|gg\n|inactive|TGH_sr has 30 seconds left.\n|\n|t:|1683409531\n|move|p1b: Garchomp|Iron Head|p2a: Abomasnow\n|-supereffective|p2a: Abomasnow\n|-damage|p2a: Abomasnow|22\/100\n|-damage|p1b: Garchomp|91\/100|[from] item: Life Orb\n|move|p2a: Abomasnow|Blizzard|p1b: Garchomp\n|-supereffective|p1b: Garchomp\n|-damage|p1b: Garchomp|0 fnt\n|faint|p1b: Garchomp\n|\n|win|RogueWings16758\n|raw|TGH_sr's rating: 1381 → 1362<\/strong> (-19 for losing)\n|raw|RogueWings16758's rating: 1398 → 1417<\/strong> (+19 for winning)\n|l|\u2606RogueWings16758\n","uploadtime":1683409555,"views":8,"p1id":"tghsr","p2id":"roguewings16758","formatid":"gen9vgc2023regulationc","rating":1362,"private":0,"password":""}