{"id":"gen9vgc2023regulationc-1845777054","p1":"La Strada","p2":"Hecma","format":"[Gen 9] VGC 2023 Regulation C","log":"|j|\u2606La Strada\n|j|\u2606Hecma\n|t:|1681763572\n|gametype|doubles\n|player|p1|La Strada|n|1004\n|player|p2|Hecma|102|1110\n|teamsize|p1|6\n|teamsize|p2|6\n|gen|9\n|tier|[Gen 9] VGC 2023 Regulation C\n|rated|\n|rule|Species Clause: Limit one of each Pok\u00e9mon\n|rule|Item Clause: Limit one of each item\n|clearpoke\n|poke|p1|Chi-Yu, L50|\n|poke|p1|Iron Bundle, L50|\n|poke|p1|Gyarados, L50, M|\n|poke|p1|Flutter Mane, L50|\n|poke|p1|Ceruledge, L50, F|\n|poke|p1|Abomasnow, L50, F|\n|poke|p2|Palafin, L50, F|\n|poke|p2|Chien-Pao, L50|\n|poke|p2|Dragapult, L50, F|\n|poke|p2|Amoonguss, L50, M|\n|poke|p2|Arcanine, L50, F|\n|poke|p2|Flutter Mane, L50|\n|teampreview|4\n|inactive|Battle timer is ON: inactive players will automatically lose when time's up. (requested by Hecma)\nLa Strada has agreed to open team sheets.\n|inactive|Hecma has 60 seconds left.\n|\n|t:|1681763617\n|start\n|switch|p1a: Abomasnow|Abomasnow, L50, F|100\/100\n|switch|p1b: Iron Bundle|Iron Bundle, L50|100\/100\n|switch|p2a: Palafin|Palafin, L50, F, shiny|100\/100\n|switch|p2b: Chien-Pao|Chien-Pao, L50|100\/100\n|-ability|p2b: Chien-Pao|Sword of Ruin\n|-weather|Snow|[from] ability: Snow Warning|[of] p1a: Abomasnow\n|turn|1\n|\n|t:|1681763631\n|detailschange|p2a: Palafin|Palafin-Hero, L50, F, shiny\n|switch|p2a: Flutter Mane|Flutter Mane, L50, shiny|100\/100\n|-enditem|p2a: Flutter Mane|Booster Energy\n|-activate|p2a: Flutter Mane|ability: Protosynthesis|[fromitem]\n|-start|p2a: Flutter Mane|protosynthesisspa\n|move|p1b: Iron Bundle|Blizzard|p2a: Flutter Mane|[spread] p2a,p2b\n|-resisted|p2b: Chien-Pao\n|-damage|p2a: Flutter Mane|43\/100\n|-damage|p2b: Chien-Pao|54\/100\n|move|p2b: Chien-Pao|Sacred Sword|p1b: Iron Bundle\n|-supereffective|p1b: Iron Bundle\n|-damage|p1b: Iron Bundle|29\/100\n|move|p1a: Abomasnow|Blizzard|p2b: Chien-Pao|[spread] p2a,p2b\n|-resisted|p2b: Chien-Pao\n|-damage|p2a: Flutter Mane|5\/100\n|-damage|p2b: Chien-Pao|25\/100\n|\n|-weather|Snow|[upkeep]\n|upkeep\n|turn|2\n|\n|t:|1681763654\n|switch|p2b: Palafin|Palafin-Hero, L50, F, shiny|100\/100\n|-activate|p2b: Palafin|ability: Zero to Hero\n|switch|p1a: Gyarados|Gyarados, L50, M|100\/100\n|-ability|p1a: Gyarados|Intimidate|boost\n|-unboost|p2a: Flutter Mane|atk|1\n|-unboost|p2b: Palafin|atk|1\n|move|p2a: Flutter Mane|Protect|p2a: Flutter Mane\n|-singleturn|p2a: Flutter Mane|Protect\n|move|p1b: Iron Bundle|Blizzard|p2a: Flutter Mane|[spread] p2b\n|-activate|p2a: Flutter Mane|move: Protect\n|-resisted|p2b: Palafin\n|-damage|p2b: Palafin|71\/100\n|\n|-weather|Snow|[upkeep]\n|upkeep\n|turn|3\n|inactive|La Strada has 30 seconds left.\n|inactive|La Strada has 20 seconds left.\n|inactive|La Strada has 15 seconds left.\n|inactive|La Strada has 10 seconds left.\n|\n|t:|1681763700\n|-end|p1b: Iron Bundle|Quark Drive|[silent]\n|switch|p1b: Abomasnow|Abomasnow, L50, F|100\/100\n|move|p2b: Palafin|Protect|p2b: Palafin\n|-singleturn|p2b: Palafin|Protect\n|move|p2a: Flutter Mane|Dazzling Gleam|p1b: Abomasnow|[spread] p1a,p1b\n|-damage|p1a: Gyarados|74\/100\n|-damage|p1b: Abomasnow|54\/100\n|move|p1a: Gyarados|Earthquake|p2b: Palafin|[spread] p1b,p2a\n|-activate|p2b: Palafin|move: Protect\n|-resisted|p1b: Abomasnow\n|-damage|p1b: Abomasnow|40\/100\n|-damage|p2a: Flutter Mane|0 fnt\n|faint|p2a: Flutter Mane\n|-end|p2a: Flutter Mane|Protosynthesis|[silent]\n|\n|-weather|Snow|[upkeep]\n|upkeep\n|\n|t:|1681763709\n|switch|p2a: Arcanine|Arcanine, L50, F|100\/100\n|-ability|p2a: Arcanine|Intimidate|boost\n|-unboost|p1a: Gyarados|atk|1\n|-unboost|p1b: Abomasnow|atk|1\n|turn|4\n|\n|t:|1681763727\n|-terastallize|p1a: Gyarados|Flying\n|move|p1b: Abomasnow|Helping Hand|p1a: Gyarados\n|-singleturn|p1a: Gyarados|Helping Hand|[of] p1b: Abomasnow\n|move|p2a: Arcanine|Will-O-Wisp|p1a: Gyarados\n|-status|p1a: Gyarados|brn\n|move|p1a: Gyarados|Tera Blast|p2b: Palafin\n|-crit|p2b: Palafin\n|-damage|p2b: Palafin|15\/100\n|move|p2b: Palafin|Wave Crash|p1b: Abomasnow\n|-resisted|p1b: Abomasnow\n|-damage|p1b: Abomasnow|11\/100\n|-damage|p2b: Palafin|7\/100|[from] Recoil\n|\n|-weather|Snow|[upkeep]\n|-damage|p1a: Gyarados|68\/100 brn|[from] brn\n|upkeep\n|turn|5\n|\n|t:|1681763747\n|move|p1b: Abomasnow|Helping Hand|p1a: Gyarados\n|-singleturn|p1a: Gyarados|Helping Hand|[of] p1b: Abomasnow\n|move|p2b: Palafin|Protect|p2b: Palafin\n|-singleturn|p2b: Palafin|Protect\n|move|p2a: Arcanine|Extreme Speed|p1b: Abomasnow\n|-damage|p1b: Abomasnow|0 fnt\n|faint|p1b: Abomasnow\n|move|p1a: Gyarados|Earthquake|p2a: Arcanine|[spread] p2a\n|-activate|p2b: Palafin|move: Protect\n|-supereffective|p2a: Arcanine\n|-damage|p2a: Arcanine|72\/100\n|\n|-weather|none\n|-damage|p1a: Gyarados|62\/100 brn|[from] brn\n|upkeep\n|\n|t:|1681763767\n|switch|p1b: Iron Bundle|Iron Bundle, L50|29\/100\n|turn|6\n|\n|t:|1681763783\n|-terastallize|p2a: Arcanine|Flying\n|move|p2a: Arcanine|Extreme Speed|p1b: Iron Bundle\n|-damage|p1b: Iron Bundle|0 fnt\n|faint|p1b: Iron Bundle\n|-end|p1b: Iron Bundle|Quark Drive|[silent]\n|move|p2b: Palafin|Jet Punch|p1a: Gyarados\n|-damage|p1a: Gyarados|19\/100 brn\n|move|p1a: Gyarados|Tera Blast|p2b: Palafin\n|-damage|p2b: Palafin|0 fnt\n|faint|p2b: Palafin\n|\n|-damage|p1a: Gyarados|13\/100 brn|[from] brn\n|upkeep\n|\n|t:|1681763794\n|switch|p1b: Flutter Mane|Flutter Mane, L50|100\/100\n|switch|p2b: Chien-Pao|Chien-Pao, L50|25\/100\n|-ability|p2b: Chien-Pao|Sword of Ruin\n|-enditem|p1b: Flutter Mane|Booster Energy\n|-activate|p1b: Flutter Mane|ability: Protosynthesis|[fromitem]\n|-start|p1b: Flutter Mane|protosynthesisspe\n|turn|7\n|inactive|La Strada has 30 seconds left.\n|\n|t:|1681763825\n|move|p2b: Chien-Pao|Protect|p2b: Chien-Pao\n|-singleturn|p2b: Chien-Pao|Protect\n|move|p1b: Flutter Mane|Dazzling Gleam|p2b: Chien-Pao|[spread] p2a\n|-activate|p2b: Chien-Pao|move: Protect\n|-damage|p2a: Arcanine|37\/100\n|move|p2a: Arcanine|Flare Blitz|p1b: Flutter Mane\n|-damage|p1b: Flutter Mane|0 fnt\n|faint|p1b: Flutter Mane\n|-end|p1b: Flutter Mane|Protosynthesis|[silent]\n|-damage|p2a: Arcanine|15\/100|[from] Recoil\n|move|p1a: Gyarados|Tera Blast|p2a: Arcanine\n|-damage|p2a: Arcanine|0 fnt\n|faint|p2a: Arcanine\n|\n|-damage|p1a: Gyarados|8\/100 brn|[from] brn\n|upkeep\n|turn|8\n|c|\u2606Hecma|ggs\n|\n|t:|1681763840\n|move|p2b: Chien-Pao|Sucker Punch|p1a: Gyarados\n|-damage|p1a: Gyarados|0 fnt\n|faint|p1a: Gyarados\n|\n|win|Hecma\n|raw|La Strada's rating: 1004 → 1000<\/strong> (-4 for losing)\n|raw|Hecma's rating: 1110 → 1128<\/strong> (+18 for winning)\n","uploadtime":1681763845,"views":5,"p1id":"lastrada","p2id":"hecma","formatid":"gen9vgc2023regulationc","rating":1000,"private":0,"password":""}