{"id":"gen9vgc2023regulationc-1864136954","p1":"testtestbaby","p2":"ThatGuyTi","format":"[Gen 9] VGC 2023 Regulation C","log":"|j|\u2606testtestbaby\n|j|\u2606ThatGuyTi\n|t:|1684123031\n|gametype|doubles\n|player|p1|testtestbaby|1|1342\n|player|p2|ThatGuyTi|lance|1296\n|teamsize|p1|6\n|teamsize|p2|6\n|gen|9\n|tier|[Gen 9] VGC 2023 Regulation C\n|rated|\n|rule|Species Clause: Limit one of each Pok\u00e9mon\n|rule|Item Clause: Limit one of each item\n|clearpoke\n|poke|p1|Dondozo, L50, M|\n|poke|p1|Tatsugiri, L50, F|\n|poke|p1|Grafaiai, L50, F|\n|poke|p1|Flutter Mane, L50|\n|poke|p1|Great Tusk, L50|\n|poke|p1|Arcanine, L50, M|\n|poke|p2|Farigiraf, L50, M|\n|poke|p2|Iron Hands, L50|\n|poke|p2|Tyranitar, L50, M|\n|poke|p2|Torkoal, L50, F|\n|poke|p2|Dondozo, L50, F|\n|poke|p2|Annihilape, L50, M|\n|teampreview|4\n|inactive|Battle timer is ON: inactive players will automatically lose when time's up. (requested by ThatGuyTi)\n|\n|t:|1684123115\n|start\n|switch|p1a: Grafaiai|Grafaiai, L50, F|100\/100\n|switch|p1b: Great Tusk|Great Tusk, L50|100\/100\n|switch|p2a: Farigiraf|Farigiraf, L50, M|100\/100\n|switch|p2b: Iron Hands|Iron Hands, L50|100\/100\n|-enditem|p2b: Iron Hands|Booster Energy\n|-activate|p2b: Iron Hands|ability: Quark Drive|[fromitem]\n|-start|p2b: Iron Hands|quarkdriveatk\n|turn|1\n|\n|t:|1684123138\n|-end|p1b: Great Tusk|Protosynthesis|[silent]\n|switch|p1b: Arcanine|Arcanine, L50, M|100\/100\n|-ability|p1b: Arcanine|Intimidate|boost\n|-unboost|p2a: Farigiraf|atk|1\n|-unboost|p2b: Iron Hands|atk|1\n|move|p2b: Iron Hands|Fake Out|p1b: Arcanine\n|-damage|p1b: Arcanine|84\/100\n|move|p1a: Grafaiai|Foul Play|p2a: Farigiraf\n|-supereffective|p2a: Farigiraf\n|-damage|p2a: Farigiraf|78\/100\n|move|p2a: Farigiraf|Trick Room|p2a: Farigiraf\n|-fieldstart|move: Trick Room|[of] p2a: Farigiraf\n|\n|upkeep\n|turn|2\n|inactive|testtestbaby has 30 seconds left.\n|inactive|testtestbaby has 20 seconds left.\n|\n|t:|1684123176\n|-end|p2b: Iron Hands|Quark Drive|[silent]\n|switch|p2b: Annihilape|Annihilape, L50, M|100\/100\n|switch|p2a: Dondozo|Dondozo, L50, F|100\/100\n|switch|p1b: Great Tusk|Great Tusk, L50|100\/100\n|move|p1a: Grafaiai|Sunny Day|p1a: Grafaiai\n|-weather|SunnyDay\n|-activate|p1b: Great Tusk|ability: Protosynthesis\n|-start|p1b: Great Tusk|protosynthesisatk\n|\n|-weather|SunnyDay|[upkeep]\n|upkeep\n|turn|3\n|inactive|testtestbaby has 30 seconds left.\n|inactive|testtestbaby has 20 seconds left.\n|\n|t:|1684123216\n|-terastallize|p2a: Dondozo|Water\n|move|p1a: Grafaiai|Parting Shot|p2a: Dondozo\n|-unboost|p2a: Dondozo|atk|1\n|-unboost|p2a: Dondozo|spa|1\n|\n|t:|1684123222\n|switch|p1a: Flutter Mane|Flutter Mane, L50|100\/100|[from] Parting Shot\n|-activate|p1a: Flutter Mane|ability: Protosynthesis\n|-start|p1a: Flutter Mane|protosynthesisspa\n|move|p2a: Dondozo|Wave Crash|p1b: Great Tusk\n|-supereffective|p1b: Great Tusk\n|-damage|p1b: Great Tusk|53\/100\n|-damage|p2a: Dondozo|88\/100|[from] Recoil\n|move|p2b: Annihilape|Bulk Up|p2b: Annihilape\n|-boost|p2b: Annihilape|atk|1\n|-boost|p2b: Annihilape|def|1\n|move|p1b: Great Tusk|Headlong Rush|p2b: Annihilape\n|-damage|p2b: Annihilape|28\/100\n|-unboost|p1b: Great Tusk|def|1\n|-unboost|p1b: Great Tusk|spd|1\n|-damage|p1b: Great Tusk|43\/100|[from] item: Life Orb\n|\n|-weather|SunnyDay|[upkeep]\n|upkeep\n|turn|4\n|inactive|testtestbaby has 30 seconds left.\n|inactive|ThatGuyTi has 30 seconds left.\n|\n|t:|1684123257\n|-end|p1b: Great Tusk|Protosynthesis|[silent]\n|switch|p1b: Grafaiai|Grafaiai, L50, F|100\/100\n|-terastallize|p1a: Flutter Mane|Grass\n|move|p2a: Dondozo|Wave Crash|p1b: Grafaiai\n|-damage|p1b: Grafaiai|39\/100\n|-damage|p2a: Dondozo|74\/100|[from] Recoil\n|move|p2b: Annihilape|Rage Fist|p1a: Flutter Mane\n|-damage|p1a: Flutter Mane|0 fnt\n|faint|p1a: Flutter Mane\n|-end|p1a: Flutter Mane|Protosynthesis|[silent]\n|\n|-weather|SunnyDay|[upkeep]\n|upkeep\n|inactive|testtestbaby has 30 seconds left.\n|\n|t:|1684123286\n|switch|p1a: Great Tusk|Great Tusk, L50|43\/100\n|-activate|p1a: Great Tusk|ability: Protosynthesis\n|-start|p1a: Great Tusk|protosynthesisatk\n|turn|5\n|inactive|testtestbaby has 30 seconds left.\n|inactive|testtestbaby has 20 seconds left.\n|inactive|testtestbaby has 15 seconds left.\n|\n|t:|1684123327\n|move|p1a: Great Tusk|Protect|p1a: Great Tusk\n|-singleturn|p1a: Great Tusk|Protect\n|move|p2a: Dondozo|Wave Crash|p1a: Great Tusk\n|-activate|p1a: Great Tusk|move: Protect\n|move|p2b: Annihilape|Drain Punch|p1b: Grafaiai\n|-damage|p1b: Grafaiai|0 fnt\n|-heal|p2b: Annihilape|43\/100|[from] drain|[of] p1b: Grafaiai\n|faint|p1b: Grafaiai\n|\n|-weather|SunnyDay|[upkeep]\n|-fieldend|move: Trick Room\n|upkeep\n|\n|t:|1684123337\n|switch|p1b: Arcanine|Arcanine, L50, M|84\/100\n|-ability|p1b: Arcanine|Intimidate|boost\n|-unboost|p2a: Dondozo|atk|1\n|-unboost|p2b: Annihilape|atk|1\n|-ability|p2b: Annihilape|Defiant|boost\n|-boost|p2b: Annihilape|atk|2\n|turn|6\n|inactive|testtestbaby has 30 seconds left.\n|inactive|testtestbaby has 20 seconds left.\n|inactive|testtestbaby has 15 seconds left.\n|\n|t:|1684123379\n|switch|p2a: Iron Hands|Iron Hands, L50|100\/100\n|move|p2b: Annihilape|Protect|p2b: Annihilape\n|-singleturn|p2b: Annihilape|Protect\n|move|p1b: Arcanine|Flare Blitz|p2a: Iron Hands\n|-damage|p2a: Iron Hands|12\/100\n|-damage|p1b: Arcanine|42\/100|[from] Recoil\n|move|p1a: Great Tusk|Headlong Rush|p2a: Iron Hands\n|-supereffective|p2a: Iron Hands\n|-damage|p2a: Iron Hands|0 fnt\n|-unboost|p1a: Great Tusk|def|1\n|-unboost|p1a: Great Tusk|spd|1\n|faint|p2a: Iron Hands\n|-end|p2a: Iron Hands|Quark Drive|[silent]\n|-damage|p1a: Great Tusk|34\/100|[from] item: Life Orb\n|\n|-weather|none\n|-end|p1a: Great Tusk|Protosynthesis\n|upkeep\n|\n|t:|1684123398\n|switch|p2a: Farigiraf|Farigiraf, L50, M|78\/100\n|turn|7\n|inactive|testtestbaby has 30 seconds left.\n|\n|t:|1684123427\n|move|p1b: Arcanine|Flare Blitz|p2a: Farigiraf\n|-damage|p2a: Farigiraf|0 fnt\n|faint|p2a: Farigiraf\n|-damage|p1b: Arcanine|9\/100|[from] Recoil\n|move|p1a: Great Tusk|Headlong Rush|p2b: Annihilape\n|-damage|p2b: Annihilape|0 fnt\n|-unboost|p1a: Great Tusk|def|1\n|-unboost|p1a: Great Tusk|spd|1\n|faint|p2b: Annihilape\n|-damage|p1a: Great Tusk|24\/100|[from] item: Life Orb\n|\n|upkeep\n|\n|t:|1684123438\n|switch|p2b: Dondozo|Dondozo, L50, F, tera:Water|74\/100\n|turn|8\n|\n|t:|1684123461\n|move|p1b: Arcanine|Flare Blitz|p2b: Dondozo\n|-resisted|p2b: Dondozo\n|-damage|p2b: Dondozo|47\/100\n|-damage|p1b: Arcanine|0 fnt|[from] Recoil\n|faint|p1b: Arcanine\n|move|p1a: Great Tusk|Headlong Rush|p2b: Dondozo\n|-damage|p2b: Dondozo|1\/100\n|-unboost|p1a: Great Tusk|def|1\n|-unboost|p1a: Great Tusk|spd|1\n|-damage|p1a: Great Tusk|14\/100|[from] item: Life Orb\n|move|p2b: Dondozo|Stomping Tantrum|p1a: Great Tusk\n|-damage|p1a: Great Tusk|0 fnt\n|faint|p1a: Great Tusk\n|-end|p1a: Great Tusk|Protosynthesis|[silent]\n|\n|win|ThatGuyTi\n|raw|testtestbaby's rating: 1342 → 1319<\/strong> (-23 for losing)\n|raw|ThatGuyTi's rating: 1296 → 1324<\/strong> (+28 for winning)\n","uploadtime":1684123475,"views":5,"p1id":"testtestbaby","p2id":"thatguyti","formatid":"gen9vgc2023regulationc","rating":1319,"private":0,"password":""}