{"id":"gen9vgc2023regulationc-1852348858","p1":"b(R)2","p2":"paradoxarena","format":"[Gen 9] VGC 2023 Regulation C","log":"|j|\u2606b(R)2\n|j|\u2606paradoxarena\n|t:|1682546788\n|gametype|doubles\n|player|p1|b(R)2|266|1214\n|player|p2|paradoxarena|red|1221\n|teamsize|p1|6\n|teamsize|p2|6\n|gen|9\n|tier|[Gen 9] VGC 2023 Regulation C\n|rated|\n|rule|Species Clause: Limit one of each Pok\u00e9mon\n|rule|Item Clause: Limit one of each item\n|clearpoke\n|poke|p1|Ting-Lu, L50|\n|poke|p1|Amoonguss, L50, M|\n|poke|p1|Garganacl, L50, F|\n|poke|p1|Arcanine, L50, M|\n|poke|p1|Roaring Moon, L50|\n|poke|p1|Iron Bundle, L50|\n|poke|p2|Chi-Yu, L50|\n|poke|p2|Flutter Mane, L50|\n|poke|p2|Iron Bundle, L50|\n|poke|p2|Dragonite, L50, M|\n|poke|p2|Amoonguss, L50, M|\n|poke|p2|Gyarados, L50, F|\n|teampreview|4\nb(R)2 has agreed to open team sheets.\n|\n|t:|1682546813\n|start\n|switch|p1a: Garganacl|Garganacl, L50, F|100\/100\n|switch|p1b: Arcanine|Arcanine, L50, M|100\/100\n|switch|p2a: Ta-Da!|Chi-Yu, L50|100\/100\n|switch|p2b: Scarlett|Flutter Mane, L50|100\/100\n|-ability|p2a: Ta-Da!|Beads of Ruin\n|-ability|p1b: Arcanine|Intimidate|boost\n|-unboost|p2a: Ta-Da!|atk|1\n|-unboost|p2b: Scarlett|atk|1\n|turn|1\n|\n|t:|1682546835\n|-terastallize|p2b: Scarlett|Rock\n|move|p1b: Arcanine|Protect|p1b: Arcanine\n|-singleturn|p1b: Arcanine|Protect\n|move|p2b: Scarlett|Power Gem|p1b: Arcanine\n|-activate|p1b: Arcanine|move: Protect\n|move|p2a: Ta-Da!|Snarl|p1a: Garganacl|[spread] p1a\n|-activate|p1b: Arcanine|move: Protect\n|-damage|p1a: Garganacl|81\/100\n|-unboost|p1a: Garganacl|spa|1\n|move|p1a: Garganacl|Salt Cure|p2a: Ta-Da!\n|-supereffective|p2a: Ta-Da!\n|-damage|p2a: Ta-Da!|53\/100\n|-start|p2a: Ta-Da!|Salt Cure\n|\n|-heal|p1a: Garganacl|87\/100|[from] item: Leftovers\n|-damage|p2a: Ta-Da!|40\/100|[from] Salt Cure\n|upkeep\n|turn|2\n|\n|t:|1682546866\n|switch|p1b: Ting-Lu|Ting-Lu, L50|100\/100\n|-ability|p1b: Ting-Lu|Vessel of Ruin\n|move|p2b: Scarlett|Power Gem|p1b: Ting-Lu\n|-resisted|p1b: Ting-Lu\n|-damage|p1b: Ting-Lu|85\/100\n|move|p2a: Ta-Da!|Dark Pulse|p1a: Garganacl\n|-damage|p1a: Garganacl|55\/100\n|cant|p1a: Garganacl|flinch\n|\n|-heal|p1a: Garganacl|61\/100|[from] item: Leftovers\n|-damage|p2a: Ta-Da!|28\/100|[from] Salt Cure\n|upkeep\n|turn|3\n|\n|t:|1682546894\n|switch|p2a: Hot Pants|Iron Bundle, L50|100\/100\n|-enditem|p2a: Hot Pants|Booster Energy\n|-activate|p2a: Hot Pants|ability: Quark Drive|[fromitem]\n|-start|p2a: Hot Pants|quarkdrivespe\n|switch|p1b: Amoonguss|Amoonguss, L50, M|100\/100\n|move|p2b: Scarlett|Power Gem|p1b: Amoonguss\n|-damage|p1b: Amoonguss|40\/100\n|-enditem|p1b: Amoonguss|Sitrus Berry|[eat]\n|-heal|p1b: Amoonguss|65\/100|[from] item: Sitrus Berry\n|move|p1a: Garganacl|Recover|p1a: Garganacl\n|-heal|p1a: Garganacl|100\/100\n|\n|upkeep\n|turn|4\n|\n|t:|1682546924\n|switch|p1b: Arcanine|Arcanine, L50, M|100\/100\n|-ability|p1b: Arcanine|Intimidate|boost\n|-unboost|p2a: Hot Pants|atk|1\n|-unboost|p2b: Scarlett|atk|1\n|move|p2a: Hot Pants|Freeze-Dry|p1b: Arcanine\n|-resisted|p1b: Arcanine\n|-damage|p1b: Arcanine|81\/100\n|move|p2b: Scarlett|Power Gem|p1b: Arcanine\n|-supereffective|p1b: Arcanine\n|-damage|p1b: Arcanine|0 fnt\n|faint|p1b: Arcanine\n|move|p1a: Garganacl|Salt Cure|p2a: Hot Pants\n|-supereffective|p2a: Hot Pants\n|-damage|p2a: Hot Pants|64\/100\n|-start|p2a: Hot Pants|Salt Cure\n|\n|-damage|p2a: Hot Pants|39\/100|[from] Salt Cure\n|upkeep\n|\n|t:|1682546945\n|switch|p1b: Amoonguss|Amoonguss, L50, M|98\/100\n|turn|5\n|\n|t:|1682546956\n|move|p1b: Amoonguss|Protect|p1b: Amoonguss\n|-singleturn|p1b: Amoonguss|Protect\n|move|p2a: Hot Pants|Freeze-Dry|p1b: Amoonguss\n|-activate|p1b: Amoonguss|move: Protect\n|move|p2b: Scarlett|Power Gem|p1b: Amoonguss\n|-activate|p1b: Amoonguss|move: Protect\n|move|p1a: Garganacl|Stealth Rock|p2b: Scarlett\n|-sidestart|p2: paradoxarena|move: Stealth Rock\n|\n|-damage|p2a: Hot Pants|15\/100|[from] Salt Cure\n|upkeep\n|turn|6\n|\n|t:|1682546998\n|move|p2a: Hot Pants|Freeze-Dry|p1b: Amoonguss\n|-supereffective|p1b: Amoonguss\n|-damage|p1b: Amoonguss|33\/100\n|move|p2b: Scarlett|Power Gem|p1b: Amoonguss\n|-damage|p1b: Amoonguss|0 fnt\n|faint|p1b: Amoonguss\n|move|p1a: Garganacl|Salt Cure|p2b: Scarlett\n|-damage|p2b: Scarlett|72\/100\n|-start|p2b: Scarlett|Salt Cure\n|\n|-damage|p2a: Hot Pants|0 fnt|[from] Salt Cure\n|faint|p2a: Hot Pants\n|-end|p2a: Hot Pants|Quark Drive|[silent]\n|-damage|p2b: Scarlett|60\/100|[from] Salt Cure\n|upkeep\n|\n|t:|1682547012\n|switch|p2a: The World|Gyarados, L50, F, shiny|100\/100\n|switch|p1b: Ting-Lu|Ting-Lu, L50|85\/100\n|-damage|p2a: The World|76\/100|[from] Stealth Rock\n|-ability|p2a: The World|Intimidate|boost\n|-unboost|p1a: Garganacl|atk|1\n|-unboost|p1b: Ting-Lu|atk|1\n|-ability|p1b: Ting-Lu|Vessel of Ruin\n|turn|7\n|\n|t:|1682547044\n|-terastallize|p1b: Ting-Lu|Poison\n|move|p2b: Scarlett|Power Gem|p1b: Ting-Lu\n|-damage|p1b: Ting-Lu|64\/100\n|move|p2a: The World|Waterfall|p1b: Ting-Lu\n|-damage|p1b: Ting-Lu|46\/100\n|cant|p1b: Ting-Lu|flinch\n|move|p1a: Garganacl|Salt Cure|p2a: The World\n|-supereffective|p2a: The World\n|-crit|p2a: The World\n|-damage|p2a: The World|31\/100\n|-start|p2a: The World|Salt Cure\n|\n|-damage|p2b: Scarlett|47\/100|[from] Salt Cure\n|-damage|p2a: The World|6\/100|[from] Salt Cure\n|upkeep\n|turn|8\n|\n|t:|1682547066\n|move|p2b: Scarlett|Power Gem|p1b: Ting-Lu\n|-damage|p1b: Ting-Lu|25\/100\n|move|p2a: The World|Waterfall|p1b: Ting-Lu\n|-damage|p1b: Ting-Lu|6\/100\n|move|p1b: Ting-Lu|Stomping Tantrum|p2b: Scarlett\n|-supereffective|p2b: Scarlett\n|-damage|p2b: Scarlett|0 fnt\n|faint|p2b: Scarlett\n|-end|p2b: Scarlett|Protosynthesis|[silent]\n|move|p1a: Garganacl|Salt Cure|p2a: The World\n|-supereffective|p2a: The World\n|-damage|p2a: The World|0 fnt\n|faint|p2a: The World\n|\n|upkeep\n|\n|t:|1682547085\n|switch|p2b: Ta-Da!|Chi-Yu, L50|28\/100\n|-damage|p2b: Ta-Da!|4\/100|[from] Stealth Rock\n|-ability|p2b: Ta-Da!|Beads of Ruin\n|turn|9\n|\n|t:|1682547093\n|move|p2b: Ta-Da!|Heat Wave|p1b: Ting-Lu|[spread] p1a,p1b\n|-resisted|p1a: Garganacl\n|-damage|p1a: Garganacl|88\/100\n|-damage|p1b: Ting-Lu|0 fnt\n|faint|p1b: Ting-Lu\n|move|p1a: Garganacl|Salt Cure|p2b: Ta-Da!\n|-supereffective|p2b: Ta-Da!\n|-damage|p2b: Ta-Da!|0 fnt\n|faint|p2b: Ta-Da!\n|\n|win|b(R)2\n|raw|b(R)2's rating: 1214 → 1240<\/strong> (+26 for winning)\n|raw|paradoxarena's rating: 1221 → 1195<\/strong> (-26 for losing)\n","uploadtime":1682547098,"views":26,"p1id":"br2","p2id":"paradoxarena","formatid":"gen9vgc2023regulationc","rating":1195,"private":0,"password":""}