{"id":"gen9vgc2023regulationc-1846620031","p1":"palanciaga","p2":"Charlisito","format":"[Gen 9] VGC 2023 Regulation C","log":"|j|\u2606palanciaga\n|j|\u2606Charlisito\n|t:|1681858071\n|gametype|doubles\n|player|p1|palanciaga|pokefanf-gen4|1000\n|player|p2|Charlisito|169|1057\n|teamsize|p1|6\n|teamsize|p2|6\n|gen|9\n|tier|[Gen 9] VGC 2023 Regulation C\n|rated|\n|rule|Species Clause: Limit one of each Pok\u00e9mon\n|rule|Item Clause: Limit one of each item\n|clearpoke\n|poke|p1|Flutter Mane, L50|\n|poke|p1|Amoonguss, L50, M|\n|poke|p1|Corviknight, L50, M|\n|poke|p1|Palafin, L50, F|\n|poke|p1|Arcanine, L50, F|\n|poke|p1|Ting-Lu, L50|\n|poke|p2|Palafin, L50, M|\n|poke|p2|Arcanine, L50, M|\n|poke|p2|Amoonguss, L50, M|\n|poke|p2|Flutter Mane, L50|\n|poke|p2|Ting-Lu, L50|\n|poke|p2|Slither Wing, L50|\n|teampreview|4\n|inactive|Battle timer is ON: inactive players will automatically lose when time's up. (requested by palanciaga)\n|inactive|Charlisito has 60 seconds left.\n|\n|t:|1681858103\n|start\n|switch|p1a: Corviknight|Corviknight, L50, M|100\/100\n|switch|p1b: Palafin|Palafin, L50, F|100\/100\n|switch|p2a: Flutter Mane|Flutter Mane, L50|100\/100\n|switch|p2b: Amoonguss|Amoonguss, L50, M|100\/100\n|-enditem|p2a: Flutter Mane|Booster Energy\n|-activate|p2a: Flutter Mane|ability: Protosynthesis|[fromitem]\n|-start|p2a: Flutter Mane|protosynthesisspa\n|turn|1\n|\n|t:|1681858122\n|detailschange|p1b: Palafin|Palafin-Hero, L50, F\n|switch|p1b: Amoonguss|Amoonguss, L50, M|100\/100\n|switch|p2b: Arcanine|Arcanine, L50, M|100\/100\n|-ability|p2b: Arcanine|Intimidate|boost\n|-ability|p1a: Corviknight|Mirror Armor\n|-unboost|p2b: Arcanine|atk|1\n|-unboost|p1b: Amoonguss|atk|1\n|move|p2a: Flutter Mane|Protect|p2a: Flutter Mane\n|-singleturn|p2a: Flutter Mane|Protect\n|move|p1a: Corviknight|Brave Bird|p2b: Arcanine\n|-damage|p2b: Arcanine|14\/100\n|-damage|p1a: Corviknight|70\/100|[from] Recoil\n|\n|upkeep\n|turn|2\n|inactive|palanciaga has 30 seconds left.\n|\n|t:|1681858150\n|-terastallize|p1a: Corviknight|Fire\n|move|p1b: Amoonguss|Protect|p1b: Amoonguss\n|-singleturn|p1b: Amoonguss|Protect\n|move|p2a: Flutter Mane|Shadow Ball|p1a: Corviknight\n|-damage|p1a: Corviknight|0 fnt\n|faint|p1a: Corviknight\n|move|p2b: Arcanine|Flare Blitz|p1b: Amoonguss\n|-activate|p1b: Amoonguss|move: Protect\n|\n|upkeep\n|\n|t:|1681858158\n|switch|p1a: Palafin|Palafin-Hero, L50, F|100\/100\n|-activate|p1a: Palafin|ability: Zero to Hero\n|turn|3\n|\n|t:|1681858180\n|switch|p2b: Amoonguss|Amoonguss, L50, M|100\/100\n|move|p2a: Flutter Mane|Dazzling Gleam|p1a: Palafin|[spread] p1a,p1b\n|-resisted|p1b: Amoonguss\n|-damage|p1a: Palafin|55\/100\n|-damage|p1b: Amoonguss|80\/100\n|move|p1a: Palafin|Wave Crash|p2b: Amoonguss\n|-resisted|p2b: Amoonguss\n|-damage|p2b: Amoonguss|62\/100\n|-damage|p1a: Palafin|39\/100|[from] item: Rocky Helmet|[of] p2b: Amoonguss\n|-damage|p1a: Palafin|25\/100|[from] Recoil\n|-damage|p1a: Palafin|15\/100|[from] item: Life Orb\n|move|p1b: Amoonguss|Spore|p2a: Flutter Mane\n|-status|p2a: Flutter Mane|slp|[from] move: Spore\n|\n|upkeep\n|turn|4\n|\n|t:|1681858193\n|move|p1a: Palafin|Jet Punch|p2a: Flutter Mane\n|-damage|p2a: Flutter Mane|9\/100 slp\n|-damage|p1a: Palafin|6\/100|[from] item: Life Orb\n|cant|p2a: Flutter Mane|slp\n|move|p1b: Amoonguss|Spore|p1a: Palafin\n|-status|p1a: Palafin|slp|[from] move: Spore\n|move|p2b: Amoonguss|Spore|p1a: Palafin\n|-fail|p1a: Palafin|slp\n|\n|upkeep\n|turn|5\n|-message|palanciaga forfeited.\n|\n|win|Charlisito\n|raw|palanciaga's rating: 1000 → 1000<\/strong> (+0 for losing)\n|raw|Charlisito's rating: 1057 → 1083<\/strong> (+26 for winning)\n|l|\u2606palanciaga\n","uploadtime":1681858244,"views":10,"p1id":"palanciaga","p2id":"charlisito","formatid":"gen9vgc2023regulationc","rating":1000,"private":0,"password":""}