{"id":"gen9vgc2023regulationc-1863682505","p1":"menglan","p2":"thsryjyj","format":"[Gen 9] VGC 2023 Regulation C","log":"|j|\u2606menglan\n|j|\u2606thsryjyj\n|t:|1684059186\n|gametype|doubles\n|player|p1|menglan|poppy|1198\n|player|p2|thsryjyj|2|1195\n|teamsize|p1|6\n|teamsize|p2|6\n|gen|9\n|tier|[Gen 9] VGC 2023 Regulation C\n|rated|\n|rule|Species Clause: Limit one of each Pok\u00e9mon\n|rule|Item Clause: Limit one of each item\n|clearpoke\n|poke|p1|Maushold-Four, L50|\n|poke|p1|Annihilape, L50, F|\n|poke|p1|Lycanroc, L50, F|\n|poke|p1|Tyranitar, L50, F|\n|poke|p1|Indeedee-F, L50, F|\n|poke|p1|Flutter Mane, L50|\n|poke|p2|Grimmsnarl, L50, M|\n|poke|p2|Garganacl, L50, F|\n|poke|p2|Arcanine, L50, F|\n|poke|p2|Meowscarada, L50, M|\n|poke|p2|Ting-Lu, L50|\n|poke|p2|Scizor, L50, M|\n|teampreview|4\n|inactive|Battle timer is ON: inactive players will automatically lose when time's up. (requested by menglan)\n|inactive|thsryjyj has 60 seconds left.\n|c|\u2606menglan|\u3002\n|inactive|thsryjyj has 30 seconds left.\n|inactive|thsryjyj has 20 seconds left.\n|inactive|thsryjyj has 15 seconds left.\n|inactive|thsryjyj has 10 seconds left.\n|inactive|thsryjyj has 5 seconds left.\n|\n|t:|1684059297\n|start\n|switch|p1a: Indeedee|Indeedee-F, L50, F, shiny|100\/100\n|switch|p1b: Flutter Mane|Flutter Mane, L50|100\/100\n|switch|p2a: Grimmsnarl|Grimmsnarl, L50, M|100\/100\n|switch|p2b: Garganacl|Garganacl, L50, F|100\/100\n|-fieldstart|move: Psychic Terrain|[from] ability: Psychic Surge|[of] p1a: Indeedee\n|-enditem|p1b: Flutter Mane|Booster Energy\n|-activate|p1b: Flutter Mane|ability: Protosynthesis|[fromitem]\n|-start|p1b: Flutter Mane|protosynthesisspa\n|turn|1\n|inactive|thsryjyj has 30 seconds left.\n|inactive|thsryjyj has 20 seconds left.\n|inactive|thsryjyj has 15 seconds left.\n|inactive|thsryjyj has 10 seconds left.\n|inactive|thsryjyj has 5 seconds left.\n|\n|t:|1684059352\n|-terastallize|p1b: Flutter Mane|Fairy\n|move|p1b: Flutter Mane|Dazzling Gleam|p2b: Garganacl|[spread] p2a,p2b\n|-supereffective|p2a: Grimmsnarl\n|-damage|p2a: Grimmsnarl|1\/100\n|-damage|p2b: Garganacl|70\/100\n|move|p1a: Indeedee|Psychic|p2b: Garganacl\n|-damage|p2b: Garganacl|46\/100\n|move|p2a: Grimmsnarl|Spirit Break|p1b: Flutter Mane\n|-damage|p1b: Flutter Mane|54\/100\n|-unboost|p1b: Flutter Mane|spa|1\n|move|p2b: Garganacl|Salt Cure|p1b: Flutter Mane\n|-damage|p1b: Flutter Mane|33\/100\n|-start|p1b: Flutter Mane|Salt Cure\n|\n|-heal|p2b: Garganacl|52\/100|[from] item: Leftovers\n|-damage|p1b: Flutter Mane|21\/100|[from] Salt Cure\n|upkeep\n|turn|2\n|inactive|menglan has 30 seconds left.\n|inactive|thsryjyj has 30 seconds left.\n|inactive|thsryjyj has 20 seconds left.\n|inactive|thsryjyj has 15 seconds left.\n|inactive|thsryjyj has 10 seconds left.\n|inactive|thsryjyj has 5 seconds left.\n|\n|t:|1684059407\n|move|p1b: Flutter Mane|Dazzling Gleam|p2a: Grimmsnarl|[spread] p2a,p2b\n|-supereffective|p2a: Grimmsnarl\n|-damage|p2a: Grimmsnarl|0 fnt\n|-damage|p2b: Garganacl|28\/100\n|faint|p2a: Grimmsnarl\n|move|p1a: Indeedee|Psychic|p2b: Garganacl\n|-damage|p2b: Garganacl|4\/100\n|move|p2b: Garganacl|Salt Cure|p1a: Indeedee\n|-damage|p1a: Indeedee|86\/100\n|-start|p1a: Indeedee|Salt Cure\n|\n|-heal|p2b: Garganacl|10\/100|[from] item: Leftovers\n|-damage|p1b: Flutter Mane|9\/100|[from] Salt Cure\n|-damage|p1a: Indeedee|74\/100|[from] Salt Cure\n|upkeep\n|inactive|thsryjyj has 30 seconds left.\n|inactive|thsryjyj has 20 seconds left.\n|inactive|thsryjyj has 15 seconds left.\n|inactive|thsryjyj has 10 seconds left.\n|inactive|thsryjyj has 5 seconds left.\n|\n|t:|1684059462\n|switch|p2a: Arcanine|Arcanine, L50, F|100\/100\n|-ability|p2a: Arcanine|Intimidate|boost\n|-unboost|p1a: Indeedee|atk|1\n|-unboost|p1b: Flutter Mane|atk|1\n|turn|3\n|inactive|thsryjyj has 30 seconds left.\n|inactive|thsryjyj has 20 seconds left.\n|inactive|thsryjyj has 15 seconds left.\n|inactive|thsryjyj has 10 seconds left.\n|inactive|thsryjyj has 5 seconds left.\n|\n|t:|1684059517\n|move|p1b: Flutter Mane|Shadow Ball|p2a: Arcanine\n|-damage|p2a: Arcanine|62\/100\n|move|p2a: Arcanine|Howl|p2a: Arcanine|[spread] p2a,p2b\n|-boost|p2a: Arcanine|atk|1\n|-boost|p2b: Garganacl|atk|1\n|move|p1a: Indeedee|Psychic|p2b: Garganacl\n|-damage|p2b: Garganacl|0 fnt\n|faint|p2b: Garganacl\n|\n|-damage|p1b: Flutter Mane|0 fnt|[from] Salt Cure\n|faint|p1b: Flutter Mane\n|-end|p1b: Flutter Mane|Protosynthesis|[silent]\n|-damage|p1a: Indeedee|62\/100|[from] Salt Cure\n|upkeep\n|inactive|thsryjyj has 30 seconds left.\n|inactive|thsryjyj has 20 seconds left.\n|inactive|thsryjyj has 15 seconds left.\n|inactive|thsryjyj has 10 seconds left.\n|inactive|thsryjyj has 5 seconds left.\n|\n|t:|1684059572\n|switch|p1b: Maushold|Maushold-Four, L50|100\/100\n|switch|p2b: Meowscarada|Meowscarada, L50, M|100\/100\n|turn|4\n|inactive|thsryjyj has 30 seconds left.\n|inactive|thsryjyj has 20 seconds left.\n|c|\u2606menglan|what are you doing\n|inactive|thsryjyj has 15 seconds left.\n|inactive|thsryjyj has 10 seconds left.\n|inactive|thsryjyj has 5 seconds left.\n|\n|t:|1684059627\n|move|p1a: Indeedee|Follow Me|p1a: Indeedee\n|-singleturn|p1a: Indeedee|move: Follow Me\n|move|p2b: Meowscarada|Flower Trick|p1a: Indeedee\n|-crit|p1a: Indeedee\n|-damage|p1a: Indeedee|14\/100\n|move|p1b: Maushold|Population Bomb|p2a: Arcanine\n|-damage|p2a: Arcanine|51\/100\n|-damage|p2a: Arcanine|39\/100\n|-damage|p2a: Arcanine|27\/100\n|-damage|p2a: Arcanine|15\/100\n|-damage|p2a: Arcanine|3\/100\n|-damage|p2a: Arcanine|0 fnt\n|faint|p2a: Arcanine\n|-hitcount|p2: Arcanine|6\n|\n|-damage|p1a: Indeedee|2\/100|[from] Salt Cure\n|upkeep\n|turn|5\n|inactive|thsryjyj has 30 seconds left.\n|inactive|thsryjyj has 20 seconds left.\n|inactive|thsryjyj has 15 seconds left.\n|c|\u2606menglan|you mother fuck\n|inactive|thsryjyj has 10 seconds left.\n|inactive|thsryjyj has 5 seconds left.\n|\n|t:|1684059682\n|move|p1a: Indeedee|Follow Me|p1a: Indeedee\n|-singleturn|p1a: Indeedee|move: Follow Me\n|move|p2b: Meowscarada|Flower Trick|p1a: Indeedee\n|-crit|p1a: Indeedee\n|-damage|p1a: Indeedee|0 fnt\n|faint|p1a: Indeedee\n|move|p1b: Maushold|Population Bomb|p2b: Meowscarada\n|-damage|p2b: Meowscarada|82\/100\n|-damage|p2b: Meowscarada|64\/100\n|-damage|p2b: Meowscarada|45\/100\n|-damage|p2b: Meowscarada|29\/100\n|-damage|p2b: Meowscarada|10\/100\n|-damage|p2b: Meowscarada|0 fnt\n|faint|p2b: Meowscarada\n|-hitcount|p2: Meowscarada|6\n|\n|win|menglan\n|raw|menglan's rating: 1198 → 1217<\/strong> (+19 for winning)\n|raw|thsryjyj's rating: 1115 → 1096<\/strong> (-19 for losing)\n","uploadtime":1684059669,"views":10,"p1id":"menglan","p2id":"thsryjyj","formatid":"gen9vgc2023regulationc","rating":1096,"private":0,"password":""}