{"id":"gen9vgc2023regulationc-1846839137","p1":"PaIIadium46","p2":"Topperlecat","format":"[Gen 9] VGC 2023 Regulation C","log":"|j|\u2606PaIIadium46\n|j|\u2606Topperlecat\n|t:|1681888413\n|gametype|doubles\n|player|p1|PaIIadium46|170|1035\n|player|p2|Topperlecat|chili|1145\n|teamsize|p1|6\n|teamsize|p2|6\n|gen|9\n|tier|[Gen 9] VGC 2023 Regulation C\n|rated|\n|rule|Species Clause: Limit one of each Pok\u00e9mon\n|rule|Item Clause: Limit one of each item\n|clearpoke\n|poke|p1|Wo-Chien, L50|\n|poke|p1|Corviknight, L50, M|\n|poke|p1|Gengar, L50, M|\n|poke|p1|Salamence, L50, M|\n|poke|p1|Chien-Pao, L50|\n|poke|p1|Tatsugiri-Stretchy, L50, M|\n|poke|p2|Ting-Lu, L50|\n|poke|p2|Glimmora, L50, F|\n|poke|p2|Corviknight, L50, M|\n|poke|p2|Iron Hands, L50|\n|poke|p2|Arcanine, L50, M|\n|poke|p2|Klefki, L50, F|\n|teampreview|4\n|\n|t:|1681888493\n|start\n|switch|p1a: Chien-Pao|Chien-Pao, L50|100\/100\n|switch|p1b: Corviknight|Corviknight, L50, M, shiny|100\/100\n|switch|p2a: big dog :)|Arcanine, L50, M|100\/100\n|switch|p2b: THE GOAT|Ting-Lu, L50|100\/100\n|-ability|p1b: Corviknight|Unnerve\n|-ability|p1a: Chien-Pao|Sword of Ruin\n|-ability|p2a: big dog :)|Intimidate|boost\n|-unboost|p1a: Chien-Pao|atk|1\n|-unboost|p1b: Corviknight|atk|1\n|-ability|p2b: THE GOAT|Vessel of Ruin\n|turn|1\n|\n|t:|1681888524\n|move|p2b: THE GOAT|Protect|p2b: THE GOAT\n|-singleturn|p2b: THE GOAT|Protect\n|move|p1a: Chien-Pao|Ice Spinner|p2b: THE GOAT\n|-activate|p2b: THE GOAT|move: Protect\n|move|p2a: big dog :)|Will-O-Wisp|p1a: Chien-Pao\n|-status|p1a: Chien-Pao|brn\n|move|p1b: Corviknight|Tailwind|p1b: Corviknight\n|-sidestart|p1: PaIIadium46|move: Tailwind\n|\n|-damage|p1a: Chien-Pao|95\/100 brn|[from] brn\n|upkeep\n|turn|2\n|\n|t:|1681888544\n|switch|p2b: better incin|Iron Hands, L50|100\/100\n|move|p1b: Corviknight|Protect|p1b: Corviknight\n|-singleturn|p1b: Corviknight|Protect\n|move|p1a: Chien-Pao|Sacred Sword|p2b: better incin\n|-crit|p2b: better incin\n|-damage|p2b: better incin|78\/100\n|move|p2a: big dog :)|Flare Blitz|p1b: Corviknight\n|-activate|p1b: Corviknight|move: Protect\n|\n|-damage|p1a: Chien-Pao|89\/100 brn|[from] brn\n|upkeep\n|turn|3\n|\n|t:|1681888580\n|-terastallize|p1b: Corviknight|Ground\n|move|p2b: better incin|Fake Out|p1a: Chien-Pao\n|-damage|p1a: Chien-Pao|68\/100 brn\n|cant|p1a: Chien-Pao|flinch\n|move|p1b: Corviknight|Iron Defense|p1b: Corviknight\n|-boost|p1b: Corviknight|def|2\n|move|p2a: big dog :)|Flare Blitz|p1b: Corviknight\n|-damage|p1b: Corviknight|79\/100\n|-damage|p2a: big dog :)|93\/100|[from] Recoil\n|\n|-heal|p1b: Corviknight|84\/100|[from] item: Leftovers\n|-damage|p1a: Chien-Pao|62\/100 brn|[from] brn\n|upkeep\n|turn|4\n|\n|t:|1681888604\n|move|p1b: Corviknight|Protect|p1b: Corviknight\n|-singleturn|p1b: Corviknight|Protect\n|move|p1a: Chien-Pao|Psychic Fangs|p2b: better incin\n|-supereffective|p2b: better incin\n|-damage|p2b: better incin|61\/100\n|move|p2a: big dog :)|Will-O-Wisp|p1b: Corviknight\n|-activate|p1b: Corviknight|move: Protect\n|move|p2b: better incin|Drain Punch|p1b: Corviknight\n|-activate|p1b: Corviknight|move: Protect\n|\n|-heal|p1b: Corviknight|90\/100|[from] item: Leftovers\n|-damage|p1a: Chien-Pao|56\/100 brn|[from] brn\n|-sideend|p1: PaIIadium46|move: Tailwind\n|upkeep\n|turn|5\n|\n|t:|1681888625\n|move|p1a: Chien-Pao|Psychic Fangs|p2b: better incin\n|-supereffective|p2b: better incin\n|-damage|p2b: better incin|44\/100\n|move|p2a: big dog :)|Will-O-Wisp|p1b: Corviknight\n|-status|p1b: Corviknight|brn\n|move|p1b: Corviknight|Tailwind|p1b: Corviknight\n|-sidestart|p1: PaIIadium46|move: Tailwind\n|move|p2b: better incin|Drain Punch|p1b: Corviknight\n|-damage|p1b: Corviknight|71\/100 brn\n|-heal|p2b: better incin|52\/100|[from] drain|[of] p1b: Corviknight\n|\n|-heal|p1b: Corviknight|77\/100 brn|[from] item: Leftovers\n|-damage|p1a: Chien-Pao|50\/100 brn|[from] brn\n|-damage|p1b: Corviknight|71\/100 brn|[from] brn\n|upkeep\n|turn|6\n|\n|t:|1681888644\n|move|p1b: Corviknight|Protect|p1b: Corviknight\n|-singleturn|p1b: Corviknight|Protect\n|move|p1a: Chien-Pao|Psychic Fangs|p2b: better incin\n|-supereffective|p2b: better incin\n|-damage|p2b: better incin|34\/100\n|move|p2a: big dog :)|Flare Blitz|p1b: Corviknight\n|-activate|p1b: Corviknight|move: Protect\n|move|p2b: better incin|Drain Punch|p1a: Chien-Pao\n|-supereffective|p1a: Chien-Pao\n|-damage|p1a: Chien-Pao|0 fnt\n|-heal|p2b: better incin|50\/100|[from] drain|[of] p1a: Chien-Pao\n|faint|p1a: Chien-Pao\n|\n|-heal|p1b: Corviknight|77\/100 brn|[from] item: Leftovers\n|-damage|p1b: Corviknight|71\/100 brn|[from] brn\n|upkeep\n|\n|t:|1681888663\n|switch|p1a: Tatsugiri|Tatsugiri-Stretchy, L50, M, shiny|100\/100\n|turn|7\n|\n|t:|1681888675\n|move|p2a: big dog :)|Protect|p2a: big dog :)\n|-singleturn|p2a: big dog :)|Protect\n|move|p1a: Tatsugiri|Chilling Water|p2a: big dog :)\n|-activate|p2a: big dog :)|move: Protect\n|move|p1b: Corviknight|Iron Defense|p1b: Corviknight\n|-boost|p1b: Corviknight|def|2\n|move|p2b: better incin|Drain Punch|p1a: Tatsugiri\n|-damage|p1a: Tatsugiri|20\/100\n|-heal|p2b: better incin|74\/100|[from] drain|[of] p1a: Tatsugiri\n|\n|-heal|p1b: Corviknight|77\/100 brn|[from] item: Leftovers\n|-damage|p1b: Corviknight|71\/100 brn|[from] brn\n|upkeep\n|turn|8\n|\n|t:|1681888706\n|switch|p1a: Wo-Chien|Wo-Chien, L50|100\/100\n|-ability|p1a: Wo-Chien|Tablets of Ruin\n|move|p2a: big dog :)|Extreme Speed|p1a: Wo-Chien\n|-crit|p1a: Wo-Chien\n|-damage|p1a: Wo-Chien|78\/100\n|move|p1b: Corviknight|Iron Head|p2b: better incin\n|-resisted|p2b: better incin\n|-damage|p2b: better incin|72\/100\n|move|p2b: better incin|Drain Punch|p1b: Corviknight\n|-damage|p1b: Corviknight|64\/100 brn\n|-heal|p2b: better incin|75\/100|[from] drain|[of] p1b: Corviknight\n|\n|-heal|p1b: Corviknight|70\/100 brn|[from] item: Leftovers\n|-damage|p1b: Corviknight|64\/100 brn|[from] brn\n|-sideend|p1: PaIIadium46|move: Tailwind\n|upkeep\n|turn|9\n|\n|t:|1681888740\n|move|p2a: big dog :)|Flare Blitz|p1a: Wo-Chien\n|-supereffective|p1a: Wo-Chien\n|-damage|p1a: Wo-Chien|10\/100\n|-damage|p2a: big dog :)|74\/100|[from] Recoil\n|move|p1a: Wo-Chien|Leech Seed|p2b: better incin\n|-start|p2b: better incin|move: Leech Seed\n|move|p1b: Corviknight|Tailwind|p1b: Corviknight\n|-sidestart|p1: PaIIadium46|move: Tailwind\n|move|p2b: better incin|Drain Punch|p1a: Wo-Chien\n|-supereffective|p1a: Wo-Chien\n|-damage|p1a: Wo-Chien|0 fnt\n|-heal|p2b: better incin|79\/100|[from] drain|[of] p1a: Wo-Chien\n|faint|p1a: Wo-Chien\n|\n|-heal|p1b: Corviknight|70\/100 brn|[from] item: Leftovers\n|-damage|p1b: Corviknight|64\/100 brn|[from] brn\n|upkeep\n|\n|t:|1681888758\n|switch|p1a: Tatsugiri|Tatsugiri-Stretchy, L50, M, shiny|20\/100\n|turn|10\n|\n|t:|1681888768\n|-end|p2b: better incin|Quark Drive|[silent]\n|switch|p2b: THE GOAT|Ting-Lu, L50|100\/100\n|-ability|p2b: THE GOAT|Vessel of Ruin\n|move|p2a: big dog :)|Extreme Speed|p1a: Tatsugiri\n|-damage|p1a: Tatsugiri|0 fnt\n|faint|p1a: Tatsugiri\n|move|p1b: Corviknight|Iron Head|p2b: THE GOAT\n|-damage|p2b: THE GOAT|96\/100\n|\n|-heal|p1b: Corviknight|70\/100 brn|[from] item: Leftovers\n|-heal|p2b: THE GOAT|100\/100|[from] item: Leftovers\n|-damage|p1b: Corviknight|64\/100 brn|[from] brn\n|upkeep\n|turn|11\n|\n|t:|1681888785\n|move|p1b: Corviknight|Protect|p1b: Corviknight\n|-singleturn|p1b: Corviknight|Protect\n|move|p2a: big dog :)|Flare Blitz|p1b: Corviknight\n|-activate|p1b: Corviknight|move: Protect\n|move|p2b: THE GOAT|Fissure|p1b: Corviknight\n|-activate|p1b: Corviknight|move: Protect\n|\n|-heal|p1b: Corviknight|70\/100 brn|[from] item: Leftovers\n|-damage|p1b: Corviknight|64\/100 brn|[from] brn\n|upkeep\n|turn|12\n|\n|t:|1681888799\n|move|p1b: Corviknight|Iron Defense|p1b: Corviknight\n|-boost|p1b: Corviknight|def|2\n|move|p2a: big dog :)|Flare Blitz|p1b: Corviknight\n|-damage|p1b: Corviknight|55\/100 brn\n|-damage|p2a: big dog :)|71\/100|[from] Recoil\n|move|p2b: THE GOAT|Fissure|p1b: Corviknight\n|-damage|p1b: Corviknight|0 fnt\n|faint|p1b: Corviknight\n|-ohko\n|\n|win|Topperlecat\n|raw|PaIIadium46's rating: 1035 → 1024<\/strong> (-11 for losing)\n|raw|Topperlecat's rating: 1145 → 1162<\/strong> (+17 for winning)\n|l|\u2606PaIIadium46\n","uploadtime":1681888810,"views":16,"p1id":"paiiadium46","p2id":"topperlecat","formatid":"gen9vgc2023regulationc","rating":1024,"private":0,"password":""}