{"id":"gen9vgc2023regulationc-1845156390","p1":"KrisKiwii","p2":"KnickNom","format":"[Gen 9] VGC 2023 Regulation C","log":"|j|\u2606KrisKiwii\n|j|\u2606KnickNom\n|t:|1681690292\n|gametype|doubles\n|player|p1|KrisKiwii|doubleteam|\n|player|p2|KnickNom|leon|\n|teamsize|p1|6\n|teamsize|p2|6\n|gen|9\n|tier|[Gen 9] VGC 2023 Regulation C\n|rule|Species Clause: Limit one of each Pok\u00e9mon\n|rule|Item Clause: Limit one of each item\n|clearpoke\n|poke|p1|Tatsugiri-Stretchy, L50, F|\n|poke|p1|Dondozo, L50, F|\n|poke|p1|Volcarona, L50, F|\n|poke|p1|Annihilape, L50, M|\n|poke|p1|Flutter Mane, L50|\n|poke|p1|Maushold, L50|\n|poke|p2|Slither Wing, L50|\n|poke|p2|Torkoal, L50, M|\n|poke|p2|Chien-Pao, L50|\n|poke|p2|Great Tusk, L50|\n|poke|p2|Flutter Mane, L50|\n|poke|p2|Dragonite, L50, M|\n|teampreview|4\n|c|\u2606KrisKiwii|g1 :D\n|j| Bostonl1\n|c|\u2606KnickNom|i dm'd u team sheet\n|c|\u2606KrisKiwii|gotcha doing the same now\n|l| Bostonl1\n|c|\u2606KrisKiwii|i done the wrong sheet\n|c|\u2606KrisKiwii|i gave the evs ones XD\n|c|\u2606KnickNom|oh fuck LOL\n|j| Bostonl1\n|c|\u2606KrisKiwii|yeah welp-\n|c|\u2606KrisKiwii|its alrightlyy\n|c|\u2606KrisKiwii|XD\n|c|\u2606KrisKiwii|glhf tho\n|c|\u2606KnickNom|ok u rdy?\n|j| flowerboy123\n|c|\u2606KrisKiwii|ja\n|inactive|Battle timer is ON: inactive players will automatically lose when time's up. (requested by KnickNom)\n|l|flowerboy123\n|j| spazime\n|inactive|KrisKiwii has 60 seconds left.\n|inactive|KnickNom has 60 seconds left.\n|\n|t:|1681690483\n|start\n|switch|p1a: Maushold|Maushold, L50|100\/100\n|switch|p1b: Flutter Mane|Flutter Mane, L50|100\/100\n|switch|p2a: Torkoal|Torkoal, L50, M|100\/100\n|switch|p2b: Great Tusk|Great Tusk, L50|100\/100\n|-weather|SunnyDay|[from] ability: Drought|[of] p2a: Torkoal\n|-activate|p2b: Great Tusk|ability: Protosynthesis\n|-start|p2b: Great Tusk|protosynthesisatk\n|-activate|p1b: Flutter Mane|ability: Protosynthesis\n|-start|p1b: Flutter Mane|protosynthesisspe\n|turn|1\n|inactive|KrisKiwii has 30 seconds left.\n|inactive|KnickNom has 30 seconds left.\n|inactive|KrisKiwii has 20 seconds left.\n|inactive|KrisKiwii has 15 seconds left.\n|inactive|KnickNom has 20 seconds left.\n|inactive|KrisKiwii has 10 seconds left.\n|\n|t:|1681690529\n|-terastallize|p1b: Flutter Mane|Fairy\n|-terastallize|p2b: Great Tusk|Steel\n|move|p2a: Torkoal|Protect|p2a: Torkoal\n|-singleturn|p2a: Torkoal|Protect\n|move|p1a: Maushold|Follow Me|p1a: Maushold\n|-singleturn|p1a: Maushold|move: Follow Me\n|move|p1b: Flutter Mane|Dazzling Gleam|p2b: Great Tusk|[spread] p2b\n|-activate|p2a: Torkoal|move: Protect\n|-resisted|p2b: Great Tusk\n|-damage|p2b: Great Tusk|54\/100\n|-damage|p1b: Flutter Mane|90\/100|[from] item: Life Orb\n|move|p2b: Great Tusk|Headlong Rush|p1a: Maushold\n|-damage|p1a: Maushold|0 fnt\n|-unboost|p2b: Great Tusk|def|1\n|-unboost|p2b: Great Tusk|spd|1\n|faint|p1a: Maushold\n|\n|-weather|SunnyDay|[upkeep]\n|upkeep\n|\n|t:|1681690539\n|switch|p1a: Dondozo|Dondozo, L50, F|100\/100\n|turn|2\n|\n|t:|1681690566\n|-end|p2b: Great Tusk|Protosynthesis|[silent]\n|switch|p2b: Slither Wing|Slither Wing, L50|100\/100\n|-activate|p2b: Slither Wing|ability: Protosynthesis\n|-start|p2b: Slither Wing|protosynthesisatk\n|move|p1b: Flutter Mane|Shadow Ball|p2b: Slither Wing\n|-damage|p2b: Slither Wing|65\/100\n|-damage|p1b: Flutter Mane|80\/100|[from] item: Life Orb\n|move|p1a: Dondozo|Substitute|p1a: Dondozo\n|-start|p1a: Dondozo|Substitute\n|-damage|p1a: Dondozo|75\/100\n|move|p2a: Torkoal|Eruption|p1a: Dondozo|[spread] p1a,p1b\n|-resisted|p1a: Dondozo\n|-end|p1a: Dondozo|Substitute\n|-damage|p1b: Flutter Mane|0 fnt\n|faint|p1b: Flutter Mane\n|-end|p1b: Flutter Mane|Protosynthesis|[silent]\n|\n|-weather|SunnyDay|[upkeep]\n|-heal|p1a: Dondozo|82\/100|[from] item: Leftovers\n|upkeep\n|\n|t:|1681690578\n|switch|p1b: Tatsugiri|Tatsugiri-Stretchy, L50, F|100\/100\n|-activate|p1b: Tatsugiri|ability: Commander|[of] p1a: Dondozo\n|-boost|p1a: Dondozo|atk|2\n|-boost|p1a: Dondozo|spa|2\n|-boost|p1a: Dondozo|spe|2\n|-boost|p1a: Dondozo|def|2\n|-boost|p1a: Dondozo|spd|2\n|turn|3\n|\n|t:|1681690587\n|move|p1a: Dondozo|Protect|p1a: Dondozo\n|-singleturn|p1a: Dondozo|Protect\n|move|p2b: Slither Wing|First Impression|p1a: Dondozo\n|-activate|p1a: Dondozo|move: Protect\n|move|p2a: Torkoal|Eruption|p1a: Dondozo|[spread] \n|-miss|p2a: Torkoal|p1b: Tatsugiri\n|-activate|p1a: Dondozo|move: Protect\n|\n|-weather|SunnyDay|[upkeep]\n|-heal|p1a: Dondozo|88\/100|[from] item: Leftovers\n|upkeep\n|turn|4\n|\n|t:|1681690610\n|move|p1a: Dondozo|Wave Crash|p2a: Torkoal\n|-supereffective|p2a: Torkoal\n|-damage|p2a: Torkoal|19\/100\n|-damage|p1a: Dondozo|68\/100|[from] Recoil\n|move|p2b: Slither Wing|Close Combat|p1a: Dondozo\n|-damage|p1a: Dondozo|37\/100\n|-unboost|p2b: Slither Wing|def|1\n|-unboost|p2b: Slither Wing|spd|1\n|move|p2a: Torkoal|Flamethrower|p1a: Dondozo\n|-resisted|p1a: Dondozo\n|-damage|p1a: Dondozo|18\/100\n|\n|-weather|SunnyDay|[upkeep]\n|-heal|p1a: Dondozo|24\/100|[from] item: Leftovers\n|upkeep\n|turn|5\n|inactive|KrisKiwii has 30 seconds left.\n|inactive|KnickNom has 30 seconds left.\n|\n|t:|1681690637\n|-end|p2b: Slither Wing|Protosynthesis|[silent]\n|switch|p2b: Flutter Mane|Flutter Mane, L50|100\/100\n|-activate|p2b: Flutter Mane|ability: Protosynthesis\n|-start|p2b: Flutter Mane|protosynthesisspe\n|move|p1a: Dondozo|Protect|p1a: Dondozo\n|-singleturn|p1a: Dondozo|Protect\n|move|p2a: Torkoal|Flamethrower|p1a: Dondozo\n|-activate|p1a: Dondozo|move: Protect\n|\n|-weather|none\n|-end|p2b: Flutter Mane|Protosynthesis\n|-heal|p1a: Dondozo|30\/100|[from] item: Leftovers\n|upkeep\n|turn|6\n|\n|t:|1681690654\n|switch|p2a: Slither Wing|Slither Wing, L50|65\/100\n|move|p2b: Flutter Mane|Moonblast|p1a: Dondozo\n|-damage|p1a: Dondozo|0 fnt\n|faint|p1a: Dondozo\n|-damage|p2b: Flutter Mane|91\/100|[from] item: Life Orb\n|\n|upkeep\n|turn|7\n|\n|t:|1681690662\n|move|p2a: Slither Wing|First Impression|p1b: Tatsugiri\n|-damage|p1b: Tatsugiri|0 fnt\n|faint|p1b: Tatsugiri\n|\n|win|KnickNom\n|c|\u2606KnickNom|gg\n|c|\u2606KrisKiwii|gg ^^\n|c|\u2606KnickNom|https:\/\/play.pokemonshowdown.com\/battle-gen9vgc2023regulationc-1845156550\n|l| Bostonl1\n|l| spazime\n|j| Bostonl1\n|j| ErryUnregistered\n","uploadtime":1681690977,"views":29,"p1id":"kriskiwii","p2id":"knicknom","formatid":"gen9vgc2023regulationc","rating":0,"private":0,"password":""}