{"id":"gen9vgc2023regulationc-1856635121","p1":"LumpySangsu","p2":"Rhoads031","format":"[Gen 9] VGC 2023 Regulation C","log":"|j|\u2606LumpySangsu\n|j|\u2606Rhoads031\n|t:|1683085681\n|gametype|doubles\n|player|p1|LumpySangsu|2|1375\n|player|p2|Rhoads031|101|1440\n|teamsize|p1|6\n|teamsize|p2|6\n|gen|9\n|tier|[Gen 9] VGC 2023 Regulation C\n|rated|\n|rule|Species Clause: Limit one of each Pok\u00e9mon\n|rule|Item Clause: Limit one of each item\n|clearpoke\n|poke|p1|Chien-Pao, L50|\n|poke|p1|Dragonite, L50, M|\n|poke|p1|Flutter Mane, L50|\n|poke|p1|Great Tusk, L50|\n|poke|p1|Lilligant, L50, F|\n|poke|p1|Torkoal, L50, F|\n|poke|p2|Abomasnow, L50, M|\n|poke|p2|Iron Bundle, L50|\n|poke|p2|Arcanine, L50, M|\n|poke|p2|Garchomp, L50, M|\n|poke|p2|Corviknight, L50, M|\n|poke|p2|Flutter Mane, L50|\n|teampreview|4\n|inactive|Battle timer is ON: inactive players will automatically lose when time's up. (requested by Rhoads031)\n|inactive|Rhoads031 has 60 seconds left.\n|\n|t:|1683085726\n|start\n|switch|p1a: Dragonite|Dragonite, L50, M|100\/100\n|switch|p1b: Chien-Pao|Chien-Pao, L50|100\/100\n|switch|p2a: Garchomp|Garchomp, L50, M|100\/100\n|switch|p2b: Iron Bundle|Iron Bundle, L50, shiny|100\/100\n|-ability|p1b: Chien-Pao|Sword of Ruin\n|turn|1\n|inactive|Rhoads031 has 30 seconds left.\n|inactive|Rhoads031 has 20 seconds left.\n|inactive|Rhoads031 has 15 seconds left.\n|\n|t:|1683085770\n|-terastallize|p1a: Dragonite|Flying\n|move|p2a: Garchomp|Protect|p2a: Garchomp\n|-singleturn|p2a: Garchomp|Protect\n|move|p2b: Iron Bundle|Icy Wind|p1b: Chien-Pao|[spread] p1a,p1b\n|-supereffective|p1a: Dragonite\n|-resisted|p1b: Chien-Pao\n|-damage|p1a: Dragonite|81\/100\n|-damage|p1b: Chien-Pao|87\/100\n|-unboost|p1a: Dragonite|spe|1\n|-unboost|p1b: Chien-Pao|spe|1\n|move|p1b: Chien-Pao|Sacred Sword|p2b: Iron Bundle\n|-supereffective|p2b: Iron Bundle\n|-damage|p2b: Iron Bundle|14\/100\n|move|p1a: Dragonite|Dragon Dance|p1a: Dragonite\n|-boost|p1a: Dragonite|atk|1\n|-boost|p1a: Dragonite|spe|1\n|\n|upkeep\n|turn|2\n|inactive|LumpySangsu has 30 seconds left.\n|inactive|Rhoads031 has 30 seconds left.\n|\n|t:|1683085804\n|-end|p2b: Iron Bundle|Quark Drive|[silent]\n|switch|p2b: Corviknight|Corviknight, L50, M, shiny|100\/100\n|move|p1b: Chien-Pao|Sucker Punch||[still]\n|-fail|p1b: Chien-Pao\n|move|p2a: Garchomp|Earthquake|p1b: Chien-Pao|[spread] p1b\n|-immune|p2b: Corviknight\n|-immune|p1a: Dragonite\n|-damage|p1b: Chien-Pao|35\/100\n|move|p1a: Dragonite|Dragon Dance|p1a: Dragonite\n|-boost|p1a: Dragonite|atk|1\n|-boost|p1a: Dragonite|spe|1\n|\n|upkeep\n|turn|3\n|inactive|Rhoads031 has 30 seconds left.\n|inactive|Rhoads031 has 20 seconds left.\n|inactive|Rhoads031 has 15 seconds left.\n|inactive|Rhoads031 has 10 seconds left.\n|inactive|Rhoads031 has 5 seconds left.\n|\n|t:|1683085854\n|move|p1b: Chien-Pao|Protect|p1b: Chien-Pao\n|-singleturn|p1b: Chien-Pao|Protect\n|move|p1a: Dragonite|Tera Blast|p2a: Garchomp\n|-damage|p2a: Garchomp|0 fnt\n|faint|p2a: Garchomp\n|move|p2b: Corviknight|Tailwind|p2b: Corviknight\n|-sidestart|p2: Rhoads031|move: Tailwind\n|\n|upkeep\n|\n|t:|1683085865\n|switch|p2a: Flutter Mane|Flutter Mane, L50|100\/100\n|-enditem|p2a: Flutter Mane|Booster Energy\n|-activate|p2a: Flutter Mane|ability: Protosynthesis|[fromitem]\n|-start|p2a: Flutter Mane|protosynthesisspa\n|turn|4\n|\n|t:|1683085883\n|-terastallize|p2a: Flutter Mane|Fairy\n|move|p1b: Chien-Pao|Sucker Punch|p2a: Flutter Mane\n|-resisted|p2a: Flutter Mane\n|-damage|p2a: Flutter Mane|49\/100\n|move|p2a: Flutter Mane|Moonblast|p1a: Dragonite\n|-damage|p1a: Dragonite|0 fnt\n|faint|p1a: Dragonite\n|move|p2b: Corviknight|Iron Head|p1b: Chien-Pao\n|-supereffective|p1b: Chien-Pao\n|-damage|p1b: Chien-Pao|0 fnt\n|faint|p1b: Chien-Pao\n|\n|upkeep\n|\n|t:|1683085889\n|switch|p1b: Lilligant|Lilligant, L50, F|100\/100\n|switch|p1a: Torkoal|Torkoal, L50, F|100\/100\n|-weather|SunnyDay|[from] ability: Drought|[of] p1a: Torkoal\n|turn|5\n|\n|t:|1683085911\n|move|p1b: Lilligant|Protect|p1b: Lilligant\n|-singleturn|p1b: Lilligant|Protect\n|move|p1a: Torkoal|Protect|p1a: Torkoal\n|-singleturn|p1a: Torkoal|Protect\n|move|p2a: Flutter Mane|Shadow Ball|p1a: Torkoal\n|-activate|p1a: Torkoal|move: Protect\n|move|p2b: Corviknight|Brave Bird|p1b: Lilligant\n|-activate|p1b: Lilligant|move: Protect\n|\n|-weather|SunnyDay|[upkeep]\n|upkeep\n|turn|6\n|inactive|Rhoads031 has 30 seconds left.\n|inactive|Rhoads031 has 20 seconds left.\n|inactive|Rhoads031 has 15 seconds left.\n|inactive|LumpySangsu has 30 seconds left.\n|inactive|Rhoads031 has 10 seconds left.\n|\n|t:|1683085965\n|move|p2a: Flutter Mane|Shadow Ball|p1a: Torkoal\n|-damage|p1a: Torkoal|17\/100\n|move|p1b: Lilligant|Sleep Powder|p2b: Corviknight\n|-activate|p2b: Corviknight|item: Safety Goggles|Sleep Powder\n|move|p2b: Corviknight|Brave Bird|p1a: Torkoal\n|-damage|p1a: Torkoal|0 fnt\n|faint|p1a: Torkoal\n|-damage|p2b: Corviknight|96\/100|[from] Recoil\n|\n|-weather|SunnyDay|[upkeep]\n|-sideend|p2: Rhoads031|move: Tailwind\n|upkeep\n|turn|7\n|-message|LumpySangsu forfeited.\n|\n|win|Rhoads031\n|raw|LumpySangsu's rating: 1375 → 1359<\/strong> (-16 for losing)\n|raw|Rhoads031's rating: 1440 → 1456<\/strong> (+16 for winning)\n|l|\u2606LumpySangsu\n","uploadtime":1683085989,"views":11,"p1id":"lumpysangsu","p2id":"rhoads031","formatid":"gen9vgc2023regulationc","rating":1359,"private":0,"password":""}