{"id":"gen9vgc2023regulationc-1853301493","p1":"mugiwaraLux","p2":"ruking511","format":"[Gen 9] VGC 2023 Regulation C","log":"|j|\u2606mugiwaraLux\n|j|\u2606ruking511\n|t:|1682664081\n|gametype|doubles\n|player|p1|mugiwaraLux|1|1388\n|player|p2|ruking511|169|1319\n|teamsize|p1|6\n|teamsize|p2|6\n|gen|9\n|tier|[Gen 9] VGC 2023 Regulation C\n|rated|\n|rule|Species Clause: Limit one of each Pok\u00e9mon\n|rule|Item Clause: Limit one of each item\n|clearpoke\n|poke|p1|Palafin, L50, M|\n|poke|p1|Amoonguss, L50, M|\n|poke|p1|Flutter Mane, L50|\n|poke|p1|Arcanine, L50, M|\n|poke|p1|Chien-Pao, L50|\n|poke|p1|Roaring Moon, L50|\n|poke|p2|Wo-Chien, L50|\n|poke|p2|Blissey, L50, F|\n|poke|p2|Annihilape, L50, M|\n|poke|p2|Maushold, L50|\n|poke|p2|Ceruledge, L50, M|\n|poke|p2|Ting-Lu, L50|\n|teampreview|4\n|inactive|Battle timer is ON: inactive players will automatically lose when time's up. (requested by mugiwaraLux)\n|inactive|ruking511 also wants the timer to be on.\nmugiwaraLux has agreed to open team sheets.\n|\n|t:|1682664104\n|start\n|switch|p1a: Palafin|Palafin, L50, M|100\/100\n|switch|p1b: Amoonguss|Amoonguss, L50, M|100\/100\n|switch|p2a: Annihilape|Annihilape, L50, M|100\/100\n|switch|p2b: Maushold|Maushold, L50|100\/100\n|turn|1\n|\n|t:|1682664119\n|move|p2b: Maushold|Beat Up|p2a: Annihilape\n|-damage|p2a: Annihilape|99\/100\n|-damage|p2a: Annihilape|97\/100\n|-damage|p2a: Annihilape|96\/100\n|-damage|p2a: Annihilape|95\/100\n|-hitcount|p2a: Annihilape|4\n|move|p1a: Palafin|Wave Crash|p2b: Maushold\n|-crit|p2b: Maushold\n|-damage|p2b: Maushold|4\/100\n|-damage|p1a: Palafin|69\/100|[from] Recoil\n|move|p2a: Annihilape|Bulk Up|p2a: Annihilape\n|-boost|p2a: Annihilape|atk|1\n|-boost|p2a: Annihilape|def|1\n|move|p1b: Amoonguss|Spore|p2a: Annihilape\n|-immune|p2a: Annihilape|[from] ability: Vital Spirit\n|\n|upkeep\n|turn|2\n|inactive|ruking511 has 30 seconds left.\n|\n|t:|1682664148\n|move|p2b: Maushold|Protect|p2b: Maushold\n|-singleturn|p2b: Maushold|Protect\n|move|p1a: Palafin|Haze|p1a: Palafin\n|-clearallboost\n|move|p2a: Annihilape|Rage Fist|p1a: Palafin\n|-crit|p1a: Palafin\n|-damage|p1a: Palafin|0 fnt\n|faint|p1a: Palafin\n|move|p1b: Amoonguss|Pollen Puff|p2b: Maushold\n|-activate|p2b: Maushold|move: Protect\n|\n|upkeep\n|\n|t:|1682664164\n|switch|p1a: Roaring Moon|Roaring Moon, L50|100\/100\n|-enditem|p1a: Roaring Moon|Booster Energy\n|-activate|p1a: Roaring Moon|ability: Protosynthesis|[fromitem]\n|-start|p1a: Roaring Moon|protosynthesisatk\n|turn|3\n|\n|t:|1682664187\n|-terastallize|p1a: Roaring Moon|Flying\n|-terastallize|p2a: Annihilape|Fire\n|move|p1b: Amoonguss|Rage Powder|p1b: Amoonguss\n|-singleturn|p1b: Amoonguss|move: Rage Powder\n|move|p2b: Maushold|Beat Up|p1b: Amoonguss\n|-damage|p1b: Amoonguss|98\/100\n|-damage|p1b: Amoonguss|96\/100\n|-damage|p1b: Amoonguss|95\/100\n|-damage|p1b: Amoonguss|94\/100\n|-hitcount|p1b: Amoonguss|4\n|move|p1a: Roaring Moon|Dragon Dance|p1a: Roaring Moon\n|-boost|p1a: Roaring Moon|atk|1\n|-boost|p1a: Roaring Moon|spe|1\n|move|p2a: Annihilape|Rage Fist|p1b: Amoonguss\n|-damage|p1b: Amoonguss|10\/100\n|-enditem|p1b: Amoonguss|Sitrus Berry|[eat]\n|-heal|p1b: Amoonguss|35\/100|[from] item: Sitrus Berry\n|\n|upkeep\n|turn|4\n|\n|t:|1682664212\n|move|p2b: Maushold|Follow Me|p2b: Maushold\n|-singleturn|p2b: Maushold|move: Follow Me\n|move|p1b: Amoonguss|Rage Powder|p1b: Amoonguss\n|-singleturn|p1b: Amoonguss|move: Rage Powder\n|move|p1a: Roaring Moon|Acrobatics|p2b: Maushold\n|-damage|p2b: Maushold|0 fnt\n|faint|p2b: Maushold\n|move|p2a: Annihilape|Rage Fist|p1b: Amoonguss\n|-damage|p1b: Amoonguss|0 fnt\n|faint|p1b: Amoonguss\n|\n|upkeep\n|\n|t:|1682664226\n|switch|p2b: Blissey|Blissey, L50, F|100\/100\n|switch|p1b: Mimi|Flutter Mane, L50|100\/100\n|turn|5\n|\n|t:|1682664244\n|move|p1a: Roaring Moon|Acrobatics|p2a: Annihilape\n|-damage|p2a: Annihilape|0 fnt\n|faint|p2a: Annihilape\n|move|p1b: Mimi|Moonblast|p2b: Blissey\n|-damage|p2b: Blissey|81\/100\n|-unboost|p2b: Blissey|spa|1\n|move|p2b: Blissey|Heal Pulse|p2: Annihilape|[notarget]\n|-fail|p2b: Blissey\n|\n|upkeep\n|\n|t:|1682664254\n|switch|p2a: Wo-Chien|Wo-Chien, L50|100\/100\n|-ability|p2a: Wo-Chien|Tablets of Ruin\n|turn|6\n|\n|t:|1682664263\n|move|p1a: Roaring Moon|Acrobatics|p2b: Blissey\n|-damage|p2b: Blissey|0 fnt\n|faint|p2b: Blissey\n|move|p1b: Mimi|Moonblast|p2a: Wo-Chien\n|-supereffective|p2a: Wo-Chien\n|-damage|p2a: Wo-Chien|29\/100\n|move|p2a: Wo-Chien|Leech Seed|p1a: Roaring Moon|[miss]\n|-miss|p2a: Wo-Chien|p1a: Roaring Moon\n|\n|-heal|p2a: Wo-Chien|35\/100|[from] item: Leftovers\n|upkeep\n|turn|7\n|c|\u2606mugiwaraLux|gg\n|-message|ruking511 forfeited.\n|\n|win|mugiwaraLux\n|raw|mugiwaraLux's rating: 1388 → 1404<\/strong> (+16 for winning)\n|raw|ruking511's rating: 1319 → 1303<\/strong> (-16 for losing)\n|l|\u2606ruking511\n","uploadtime":1682664277,"views":10,"p1id":"mugiwaralux","p2id":"ruking511","formatid":"gen9vgc2023regulationc","rating":1303,"private":0,"password":""}