{"id":"gen9vgc2023regulationc-1845793260","p1":"elgervax","p2":"skrtank","format":"[Gen 9] VGC 2023 Regulation C","log":"|j|\u2606elgervax\n|j|\u2606skrtank\n|t:|1681765119\n|gametype|doubles\n|player|p1|elgervax|266|1208\n|player|p2|skrtank|jupiter|1257\n|teamsize|p1|6\n|teamsize|p2|6\n|gen|9\n|tier|[Gen 9] VGC 2023 Regulation C\n|rated|\n|rule|Species Clause: Limit one of each Pok\u00e9mon\n|rule|Item Clause: Limit one of each item\n|clearpoke\n|poke|p1|Palafin, L50, F|\n|poke|p1|Flutter Mane, L50|\n|poke|p1|Arcanine, L50, F|\n|poke|p1|Amoonguss, L50, F|\n|poke|p1|Ting-Lu, L50|\n|poke|p1|Roaring Moon, L50|\n|poke|p2|Volcarona, L50, M|\n|poke|p2|Bellibolt, L50, M|\n|poke|p2|Houndstone, L50, M|\n|poke|p2|Hatterene, L50, F|\n|poke|p2|Barraskewda, L50, M|\n|poke|p2|Tyranitar, L50, M|\n|teampreview|4\n|inactive|Battle timer is ON: inactive players will automatically lose when time's up. (requested by elgervax)\nskrtank has agreed to open team sheets.\n|inactive|elgervax has 60 seconds left.\n|\n|t:|1681765160\n|start\n|switch|p1a: Amoonguss|Amoonguss, L50, F|100\/100\n|switch|p1b: Ting-Lu|Ting-Lu, L50|100\/100\n|switch|p2a: Gunnados|Barraskewda, L50, M|100\/100\n|switch|p2b: Thuggerona|Volcarona, L50, M|100\/100\n|-ability|p1b: Ting-Lu|Vessel of Ruin\n|turn|1\n|inactive|elgervax has 30 seconds left.\n|inactive|skrtank has 30 seconds left.\n|inactive|elgervax has 20 seconds left.\n|inactive|elgervax has 15 seconds left.\n|inactive|elgervax has 10 seconds left.\n|\n|t:|1681765207\n|-terastallize|p1b: Ting-Lu|Poison\n|move|p2a: Gunnados|Psychic Fangs|p1a: Amoonguss\n|-supereffective|p1a: Amoonguss\n|-damage|p1a: Amoonguss|24\/100\n|-enditem|p1a: Amoonguss|Sitrus Berry|[eat]\n|-heal|p1a: Amoonguss|49\/100|[from] item: Sitrus Berry\n|-damage|p2a: Gunnados|91\/100|[from] item: Life Orb\n|move|p2b: Thuggerona|Heat Wave|p1b: Ting-Lu|[spread] p1a,p1b\n|-supereffective|p1a: Amoonguss\n|-damage|p1a: Amoonguss|13\/100\n|-damage|p1b: Ting-Lu|87\/100\n|-status|p1b: Ting-Lu|brn\n|move|p1b: Ting-Lu|Sand Tomb|p2b: Thuggerona\n|-damage|p2b: Thuggerona|91\/100\n|-activate|p2b: Thuggerona|move: Sand Tomb|[of] p1b: Ting-Lu\n|move|p1a: Amoonguss|Spore|p2a: Gunnados\n|-status|p2a: Gunnados|slp|[from] move: Spore\n|\n|-damage|p1b: Ting-Lu|81\/100 brn|[from] brn\n|-damage|p2b: Thuggerona|79\/100|[from] move: Sand Tomb|[partiallytrapped]\n|upkeep\n|turn|2\n|inactive|elgervax has 30 seconds left.\n|\n|t:|1681765241\n|switch|p1a: Roaring Moon|Roaring Moon, L50|100\/100\n|-enditem|p1a: Roaring Moon|Booster Energy\n|-activate|p1a: Roaring Moon|ability: Protosynthesis|[fromitem]\n|-start|p1a: Roaring Moon|protosynthesisatk\n|cant|p2a: Gunnados|slp\n|move|p2b: Thuggerona|Quiver Dance|p2b: Thuggerona\n|-boost|p2b: Thuggerona|spa|1\n|-boost|p2b: Thuggerona|spd|1\n|-boost|p2b: Thuggerona|spe|1\n|move|p1b: Ting-Lu|Ruination|p2b: Thuggerona\n|-damage|p2b: Thuggerona|40\/100\n|\n|-damage|p1b: Ting-Lu|75\/100 brn|[from] brn\n|-damage|p2b: Thuggerona|27\/100|[from] move: Sand Tomb|[partiallytrapped]\n|upkeep\n|turn|3\n|inactive|elgervax has 30 seconds left.\n|\n|t:|1681765270\n|move|p2b: Thuggerona|Rage Powder|p2b: Thuggerona\n|-singleturn|p2b: Thuggerona|move: Rage Powder\n|cant|p2a: Gunnados|slp\n|move|p1a: Roaring Moon|Dragon Dance|p1a: Roaring Moon\n|-boost|p1a: Roaring Moon|atk|1\n|-boost|p1a: Roaring Moon|spe|1\n|move|p1b: Ting-Lu|Stomping Tantrum|p2b: Thuggerona\n|-damage|p2b: Thuggerona|6\/100\n|\n|-damage|p1b: Ting-Lu|68\/100 brn|[from] brn\n|-damage|p2b: Thuggerona|0 fnt|[from] move: Sand Tomb|[partiallytrapped]\n|faint|p2b: Thuggerona\n|upkeep\n|\n|t:|1681765286\n|switch|p2b: Tyranitar|Tyranitar, L50, M|100\/100\n|-weather|Sandstorm|[from] ability: Sand Stream|[of] p2b: Tyranitar\n|turn|4\n|\n|t:|1681765310\n|-curestatus|p2a: Gunnados|slp|[msg]\n|move|p2a: Gunnados|Protect|p2a: Gunnados\n|-singleturn|p2a: Gunnados|Protect\n|move|p1a: Roaring Moon|Acrobatics|p2a: Gunnados\n|-activate|p2a: Gunnados|move: Protect\n|move|p2b: Tyranitar|Rock Slide|p1b: Ting-Lu|[spread] p1a,p1b\n|-damage|p1a: Roaring Moon|60\/100\n|-damage|p1b: Ting-Lu|50\/100 brn\n|cant|p1b: Ting-Lu|flinch\n|\n|-weather|Sandstorm|[upkeep]\n|-damage|p1a: Roaring Moon|54\/100|[from] Sandstorm\n|-damage|p2a: Gunnados|85\/100|[from] Sandstorm\n|-damage|p1b: Ting-Lu|44\/100 brn|[from] Sandstorm\n|-damage|p1b: Ting-Lu|38\/100 brn|[from] brn\n|upkeep\n|turn|5\n|\n|t:|1681765333\n|switch|p2a: Takeoff|Houndstone, L50, M|100\/100\n|move|p1a: Roaring Moon|Acrobatics|p2a: Takeoff\n|-damage|p2a: Takeoff|14\/100\n|-enditem|p2a: Takeoff|Sitrus Berry|[eat]\n|-heal|p2a: Takeoff|39\/100|[from] item: Sitrus Berry\n|move|p2b: Tyranitar|Rock Slide|p1a: Roaring Moon|[spread] p1a,p1b\n|-crit|p1b: Ting-Lu\n|-damage|p1a: Roaring Moon|13\/100\n|-damage|p1b: Ting-Lu|11\/100 brn\n|move|p1b: Ting-Lu|Sand Tomb|p2b: Tyranitar\n|-supereffective|p2b: Tyranitar\n|-damage|p2b: Tyranitar|87\/100\n|-activate|p2b: Tyranitar|move: Sand Tomb|[of] p1b: Ting-Lu\n|\n|-weather|Sandstorm|[upkeep]\n|-damage|p1a: Roaring Moon|7\/100|[from] Sandstorm\n|-damage|p1b: Ting-Lu|5\/100 brn|[from] Sandstorm\n|-damage|p1b: Ting-Lu|0 fnt|[from] brn\n|faint|p1b: Ting-Lu\n|-end|p2b: Tyranitar|Sand Tomb|[partiallytrapped]|[silent]\n|upkeep\n|inactive|elgervax has 30 seconds left.\n|inactive|elgervax has 20 seconds left.\n|inactive|elgervax has 15 seconds left.\n|\n|t:|1681765378\n|switch|p1b: Flutter Mane|Flutter Mane, L50|100\/100\n|turn|6\n|inactive|skrtank has 30 seconds left.\n|\n|t:|1681765407\n|-terastallize|p2b: Tyranitar|Ground\n|move|p2a: Takeoff|Ally Switch|p2a: Takeoff\n|swap|p2a: Takeoff|1|[from] move: Ally Switch\n|move|p1a: Roaring Moon|Throat Chop|p2b: Takeoff\n|-supereffective|p2b: Takeoff\n|-damage|p2b: Takeoff|0 fnt\n|faint|p2b: Takeoff\n|move|p1b: Flutter Mane|Dazzling Gleam|p2a: Tyranitar\n|-damage|p2a: Tyranitar|27\/100\n|move|p2a: Tyranitar|Rock Slide|p1b: Flutter Mane|[spread] p1a,p1b\n|-damage|p1a: Roaring Moon|0 fnt\n|-damage|p1b: Flutter Mane|33\/100\n|faint|p1a: Roaring Moon\n|-end|p1a: Roaring Moon|Protosynthesis|[silent]\n|\n|-weather|Sandstorm|[upkeep]\n|-damage|p1b: Flutter Mane|27\/100|[from] Sandstorm\n|upkeep\n|\n|t:|1681765424\n|switch|p1a: Amoonguss|Amoonguss, L50, F|46\/100\n|switch|p2b: Gunnados|Barraskewda, L50, M|85\/100\n|turn|7\n|\n|t:|1681765442\n|move|p1a: Amoonguss|Rage Powder|p1a: Amoonguss\n|-singleturn|p1a: Amoonguss|move: Rage Powder\n|move|p2b: Gunnados|Liquidation|p1b: Flutter Mane\n|-damage|p1b: Flutter Mane|0 fnt\n|faint|p1b: Flutter Mane\n|-end|p1b: Flutter Mane|Protosynthesis|[silent]\n|-damage|p2b: Gunnados|76\/100|[from] item: Life Orb\n|move|p2a: Tyranitar|Rock Slide|p1a: Amoonguss\n|-damage|p1a: Amoonguss|0 fnt\n|faint|p1a: Amoonguss\n|\n|win|skrtank\n|raw|elgervax's rating: 1208 → 1187<\/strong> (-21 for losing)\n|raw|skrtank's rating: 1257 → 1278<\/strong> (+21 for winning)\n|c|\u2606skrtank|o.O\n|l|\u2606skrtank\n","uploadtime":1681765548,"views":7,"p1id":"elgervax","p2id":"skrtank","formatid":"gen9vgc2023regulationc","rating":1187,"private":0,"password":""}