{"id":"gen9vgc2023regulationc-1845851065","p1":"DaveMarkin","p2":"Keveloper","format":"[Gen 9] VGC 2023 Regulation C","log":"|j|\u2606DaveMarkin\n|j|\u2606Keveloper\n|t:|1681771326\n|gametype|doubles\n|player|p1|DaveMarkin|266|1400\n|player|p2|Keveloper|ash|1384\n|teamsize|p1|6\n|teamsize|p2|6\n|gen|9\n|tier|[Gen 9] VGC 2023 Regulation C\n|rated|\n|rule|Species Clause: Limit one of each Pok\u00e9mon\n|rule|Item Clause: Limit one of each item\n|clearpoke\n|poke|p1|Dondozo, L50, F|\n|poke|p1|Tatsugiri, L50, F|\n|poke|p1|Glimmora, L50, M|\n|poke|p1|Iron Bundle, L50|\n|poke|p1|Chi-Yu, L50|\n|poke|p1|Arcanine, L50, M|\n|poke|p2|Orthworm, L50, M|\n|poke|p2|Dragonite, L50, F|\n|poke|p2|Ting-Lu, L50|\n|poke|p2|Gyarados, L50, F|\n|poke|p2|Flutter Mane, L50|\n|poke|p2|Chien-Pao, L50|\n|teampreview|4\nDaveMarkin has agreed to open team sheets.\n|inactive|Battle timer is ON: inactive players will automatically lose when time's up. (requested by DaveMarkin)\n|c|\u2606Keveloper|sorry, practicing for the closed team sheet global challenge\n|c|\u2606Keveloper|glhf\n|c|\u2606DaveMarkin|understood\n|c|\u2606DaveMarkin|glhf\n|inactive|Keveloper has 60 seconds left.\n|inactive|Keveloper has 30 seconds left.\n|inactive|Keveloper has 20 seconds left.\n|inactive|Keveloper has 15 seconds left.\n|inactive|Keveloper has 10 seconds left.\n|\n|t:|1681771409\n|start\n|switch|p1a: Iron Bundle|Iron Bundle, L50|100\/100\n|switch|p1b: Chi-Yu|Chi-Yu, L50|100\/100\n|switch|p2a: Orthworm|Orthworm, L50, M|100\/100\n|switch|p2b: Gyarados|Gyarados, L50, F|100\/100\n|-ability|p1b: Chi-Yu|Beads of Ruin\n|-ability|p2b: Gyarados|Intimidate|boost\n|-unboost|p1a: Iron Bundle|atk|1\n|-unboost|p1b: Chi-Yu|atk|1\n|-enditem|p1a: Iron Bundle|Booster Energy\n|-activate|p1a: Iron Bundle|ability: Quark Drive|[fromitem]\n|-start|p1a: Iron Bundle|quarkdrivespe\n|turn|1\n|inactive|Keveloper has 30 seconds left.\n|\n|t:|1681771441\n|-terastallize|p2a: Orthworm|Fire\n|move|p1a: Iron Bundle|Icy Wind|p2b: Gyarados|[spread] p2a,p2b\n|-resisted|p2a: Orthworm\n|-damage|p2a: Orthworm|84\/100\n|-damage|p2b: Gyarados|79\/100\n|-unboost|p2a: Orthworm|spe|1\n|-unboost|p2b: Gyarados|spe|1\n|move|p1b: Chi-Yu|Heat Wave|p2b: Gyarados|[spread] p2a,p2b\n|-resisted|p2a: Orthworm\n|-resisted|p2b: Gyarados\n|-crit|p2b: Gyarados\n|-damage|p2a: Orthworm|37\/100\n|-damage|p2b: Gyarados|25\/100\n|-enditem|p2a: Orthworm|Sitrus Berry|[eat]\n|-heal|p2a: Orthworm|62\/100|[from] item: Sitrus Berry\n|move|p2b: Gyarados|Bulldoze|p1a: Iron Bundle|[spread] p1a,p1b\n|-heal|p2a: Orthworm|87\/100|[from] ability: Earth Eater|[of] p2b: Gyarados\n|-supereffective|p1b: Chi-Yu\n|-damage|p1a: Iron Bundle|87\/100\n|-damage|p1b: Chi-Yu|61\/100\n|-unboost|p1a: Iron Bundle|spe|1\n|-unboost|p1b: Chi-Yu|spe|1\n|move|p2a: Orthworm|Shed Tail|p2a: Orthworm\n|-start|p2a: Orthworm|Substitute|[from] move: Shed Tail\n|-damage|p2a: Orthworm|37\/100\n|\n|t:|1681771459\n|switch|p2a: Dragonite|Dragonite, L50, F|100\/100|[from] Shed Tail\n|\n|upkeep\n|turn|2\n|\n|t:|1681771476\n|-end|p1a: Iron Bundle|Quark Drive|[silent]\n|switch|p1a: Dondozo|Dondozo, L50, F|100\/100\n|switch|p1b: Tatsugiri|Tatsugiri, L50, F|100\/100\n|-activate|p1b: Tatsugiri|ability: Commander|[of] p1a: Dondozo\n|-boost|p1a: Dondozo|atk|2\n|-boost|p1a: Dondozo|spa|2\n|-boost|p1a: Dondozo|spe|2\n|-boost|p1a: Dondozo|def|2\n|-boost|p1a: Dondozo|spd|2\n|switch|p2b: Orthworm|Orthworm, L50, M, tera:Fire|37\/100\n|move|p2a: Dragonite|Earthquake|p1a: Dondozo|[spread] p1a\n|-miss|p2a: Dragonite|p1b: Tatsugiri\n|-heal|p2b: Orthworm|62\/100|[from] ability: Earth Eater|[of] p2a: Dragonite\n|-damage|p1a: Dondozo|92\/100\n|\n|-heal|p1a: Dondozo|98\/100|[from] item: Leftovers\n|upkeep\n|turn|3\n|\n|t:|1681771498\n|switch|p2b: Gyarados|Gyarados, L50, F|25\/100\n|-ability|p2b: Gyarados|Intimidate|boost\n|-unboost|p1a: Dondozo|atk|1\n|-unboost|p1b: Tatsugiri|atk|1\n|move|p1a: Dondozo|Wave Crash|p2b: Gyarados\n|-resisted|p2b: Gyarados\n|-damage|p2b: Gyarados|0 fnt\n|faint|p2b: Gyarados\n|-damage|p1a: Dondozo|91\/100|[from] Recoil\n|move|p2a: Dragonite|Earthquake|p1b: Tatsugiri|[spread] p1a\n|-miss|p2a: Dragonite|p1b: Tatsugiri\n|-damage|p1a: Dondozo|83\/100\n|\n|-heal|p1a: Dondozo|89\/100|[from] item: Leftovers\n|upkeep\n|\n|t:|1681771505\n|switch|p2b: Chien-Pao|Chien-Pao, L50|100\/100\n|-ability|p2b: Chien-Pao|Sword of Ruin\n|turn|4\n|\n|t:|1681771524\n|move|p2b: Chien-Pao|Haze|p2b: Chien-Pao\n|-clearallboost\n|move|p2a: Dragonite|Dragon Dance|p2a: Dragonite\n|-boost|p2a: Dragonite|atk|1\n|-boost|p2a: Dragonite|spe|1\n|move|p1a: Dondozo|Wave Crash|p2b: Chien-Pao\n|-damage|p2b: Chien-Pao|25\/100\n|-damage|p1a: Dondozo|72\/100|[from] Recoil\n|\n|-heal|p1a: Dondozo|78\/100|[from] item: Leftovers\n|upkeep\n|turn|5\n|\n|t:|1681771547\n|move|p2b: Chien-Pao|Protect|p2b: Chien-Pao\n|-singleturn|p2b: Chien-Pao|Protect\n|move|p2a: Dragonite|Extreme Speed|p1a: Dondozo\n|-damage|p1a: Dondozo|51\/100\n|move|p1a: Dondozo|Wave Crash|p2b: Chien-Pao\n|-activate|p2b: Chien-Pao|move: Protect\n|\n|-heal|p1a: Dondozo|57\/100|[from] item: Leftovers\n|upkeep\n|turn|6\n|\n|t:|1681771560\n|move|p2a: Dragonite|Extreme Speed|p1a: Dondozo\n|-damage|p1a: Dondozo|32\/100\n|move|p2b: Chien-Pao|Sucker Punch|p1a: Dondozo\n|-damage|p1a: Dondozo|0 fnt\n|faint|p1a: Dondozo\n|\n|upkeep\n|\n|t:|1681771570\n|switch|p1a: Chi-Yu|Chi-Yu, L50|61\/100\n|-ability|p1a: Chi-Yu|Beads of Ruin\n|turn|7\n|\n|t:|1681771579\n|switch|p2b: Orthworm|Orthworm, L50, M, tera:Fire|62\/100\n|-terastallize|p1a: Chi-Yu|Ghost\n|move|p1b: Tatsugiri|Muddy Water|p2b: Orthworm|[spread] p2a,p2b\n|-resisted|p2a: Dragonite\n|-activate|p2a: Dragonite|move: Substitute|[damage]\n|-supereffective|p2b: Orthworm\n|-damage|p2b: Orthworm|0 fnt\n|faint|p2b: Orthworm\n|move|p2a: Dragonite|Earthquake|p1a: Chi-Yu|[spread] p1a,p1b\n|-damage|p1a: Chi-Yu|1\/100\n|-damage|p1b: Tatsugiri|35\/100\n|move|p1a: Chi-Yu|Dark Pulse|p2a: Dragonite\n|-end|p2a: Dragonite|Substitute\n|\n|upkeep\n|\n|t:|1681771594\n|switch|p2b: Chien-Pao|Chien-Pao, L50|25\/100\n|-ability|p2b: Chien-Pao|Sword of Ruin\n|turn|8\n|\n|t:|1681771603\n|move|p2a: Dragonite|Extreme Speed|p1b: Tatsugiri\n|-damage|p1b: Tatsugiri|0 fnt\n|faint|p1b: Tatsugiri\n|move|p2b: Chien-Pao|Sucker Punch|p1a: Chi-Yu\n|-supereffective|p1a: Chi-Yu\n|-damage|p1a: Chi-Yu|0 fnt\n|faint|p1a: Chi-Yu\n|\n|upkeep\n|\n|t:|1681771610\n|switch|p1b: Iron Bundle|Iron Bundle, L50|87\/100\n|turn|9\n|\n|t:|1681771619\n|move|p2a: Dragonite|Extreme Speed|p1b: Iron Bundle\n|-damage|p1b: Iron Bundle|25\/100\n|move|p2b: Chien-Pao|Sucker Punch|p1b: Iron Bundle\n|-damage|p1b: Iron Bundle|0 fnt\n|faint|p1b: Iron Bundle\n|-end|p1b: Iron Bundle|Quark Drive|[silent]\n|\n|win|Keveloper\n|raw|DaveMarkin's rating: 1400 → 1379<\/strong> (-21 for losing)\n|raw|Keveloper's rating: 1384 → 1405<\/strong> (+21 for winning)\n|l|\u2606DaveMarkin\n|c|\u2606Keveloper|gg\n","uploadtime":1681771626,"views":6,"p1id":"davemarkin","p2id":"keveloper","formatid":"gen9vgc2023regulationc","rating":1379,"private":0,"password":""}