{"id":"gen9vgc2023regulationc-1860959566","p1":"hisanory","p2":"TonyJazs","format":"[Gen 9] VGC 2023 Regulation C","log":"|j|\u2606hisanory\n|j|\u2606TonyJazs\n|t:|1683703381\n|gametype|doubles\n|player|p1|hisanory|169|1019\n|player|p2|TonyJazs|brawly|1012\n|teamsize|p1|6\n|teamsize|p2|6\n|gen|9\n|tier|[Gen 9] VGC 2023 Regulation C\n|rated|\n|rule|Species Clause: Limit one of each Pok\u00e9mon\n|rule|Item Clause: Limit one of each item\n|clearpoke\n|poke|p1|Armarouge, L50, M|\n|poke|p1|Indeedee-F, L50, F|\n|poke|p1|Roaring Moon, L50|\n|poke|p1|Corviknight, L50, F|\n|poke|p1|Garchomp, L50, F|\n|poke|p1|Flutter Mane, L50|\n|poke|p2|Sableye, L50, F|\n|poke|p2|Magnezone, L50|\n|poke|p2|Eelektross, L50, F|\n|poke|p2|Flutter Mane, L50|\n|poke|p2|Ting-Lu, L50|\n|poke|p2|Garganacl, L50, M|\n|teampreview|4\n|inactive|Battle timer is ON: inactive players will automatically lose when time's up. (requested by TonyJazs)\n|inactive|hisanory also wants the timer to be on.\n|inactive|TonyJazs has 60 seconds left.\n|\n|t:|1683703441\n|start\n|switch|p1a: Garchomp|Garchomp, L50, F|100\/100\n|switch|p1b: Roaring Moon|Roaring Moon, L50, shiny|100\/100\n|switch|p2a: Ting-Lu|Ting-Lu, L50|100\/100\n|switch|p2b: Flutter Mane|Flutter Mane, L50, shiny|100\/100\n|-ability|p2a: Ting-Lu|Vessel of Ruin\n|-enditem|p1b: Roaring Moon|Booster Energy\n|-activate|p1b: Roaring Moon|ability: Protosynthesis|[fromitem]\n|-start|p1b: Roaring Moon|protosynthesisspe\n|-enditem|p2b: Flutter Mane|Booster Energy\n|-activate|p2b: Flutter Mane|ability: Protosynthesis|[fromitem]\n|-start|p2b: Flutter Mane|protosynthesisspd\n|turn|1\n|\n|t:|1683703465\n|-terastallize|p1b: Roaring Moon|Flying\n|-terastallize|p2b: Flutter Mane|Fairy\n|move|p1b: Roaring Moon|Tailwind|p1b: Roaring Moon\n|-sidestart|p1: hisanory|move: Tailwind\n|move|p1a: Garchomp|Earthquake|p2b: Flutter Mane|[spread] p2a,p2b\n|-immune|p1b: Roaring Moon\n|-damage|p2a: Ting-Lu|75\/100\n|-damage|p2b: Flutter Mane|26\/100\n|move|p2b: Flutter Mane|Dazzling Gleam|p1b: Roaring Moon|[spread] p1a,p1b\n|-supereffective|p1a: Garchomp\n|-damage|p1a: Garchomp|37\/100\n|-damage|p1b: Roaring Moon|74\/100\n|move|p2a: Ting-Lu|Rock Slide|p1b: Roaring Moon|[spread] p1b\n|-miss|p2a: Ting-Lu|p1a: Garchomp\n|-supereffective|p1b: Roaring Moon\n|-damage|p1b: Roaring Moon|39\/100\n|\n|upkeep\n|turn|2\n|inactive|hisanory has 30 seconds left.\n|inactive|hisanory has 20 seconds left.\n|\n|t:|1683703500\n|move|p2b: Flutter Mane|Protect|p2b: Flutter Mane\n|-singleturn|p2b: Flutter Mane|Protect\n|move|p1b: Roaring Moon|Acrobatics|p2b: Flutter Mane\n|-activate|p2b: Flutter Mane|move: Protect\n|move|p1a: Garchomp|Earthquake|p2a: Ting-Lu|[spread] p2a\n|-activate|p2b: Flutter Mane|move: Protect\n|-immune|p1b: Roaring Moon\n|-damage|p2a: Ting-Lu|52\/100\n|move|p2a: Ting-Lu|Rock Slide|p1b: Roaring Moon|[spread] p1a,p1b\n|-resisted|p1a: Garchomp\n|-supereffective|p1b: Roaring Moon\n|-damage|p1a: Garchomp|29\/100\n|-damage|p1b: Roaring Moon|2\/100\n|\n|upkeep\n|turn|3\n|\n|t:|1683703521\n|-end|p2b: Flutter Mane|Protosynthesis|[silent]\n|switch|p2b: Garganacl|Garganacl, L50, M, shiny|100\/100\n|move|p1b: Roaring Moon|Acrobatics|p2a: Ting-Lu\n|-damage|p2a: Ting-Lu|22\/100\n|-enditem|p2a: Ting-Lu|Sitrus Berry|[eat]\n|-heal|p2a: Ting-Lu|47\/100|[from] item: Sitrus Berry\n|move|p1a: Garchomp|Earthquake|p2b: Garganacl|[spread] p2a,p2b\n|-immune|p1b: Roaring Moon\n|-supereffective|p2b: Garganacl\n|-damage|p2a: Ting-Lu|24\/100\n|-damage|p2b: Garganacl|54\/100\n|move|p2a: Ting-Lu|Rock Slide|p1a: Garchomp|[spread] p1a,p1b\n|-resisted|p1a: Garchomp\n|-supereffective|p1b: Roaring Moon\n|-damage|p1a: Garchomp|21\/100\n|-damage|p1b: Roaring Moon|0 fnt\n|faint|p1b: Roaring Moon\n|-end|p1b: Roaring Moon|Protosynthesis|[silent]\n|\n|-heal|p2b: Garganacl|60\/100|[from] item: Leftovers\n|upkeep\n|\n|t:|1683703539\n|switch|p1b: Indeedee|Indeedee-F, L50, F, shiny|100\/100\n|-fieldstart|move: Psychic Terrain|[from] ability: Psychic Surge|[of] p1b: Indeedee\n|turn|4\n|\n|t:|1683703553\n|move|p1b: Indeedee|Protect|p1b: Indeedee\n|-singleturn|p1b: Indeedee|Protect\n|move|p1a: Garchomp|Earthquake|p2b: Garganacl|[spread] p2a,p2b\n|-activate|p1b: Indeedee|move: Protect\n|-supereffective|p2b: Garganacl\n|-damage|p2a: Ting-Lu|0 fnt\n|-damage|p2b: Garganacl|8\/100\n|faint|p2a: Ting-Lu\n|move|p2b: Garganacl|Salt Cure|p1a: Garchomp\n|-resisted|p1a: Garchomp\n|-damage|p1a: Garchomp|12\/100\n|-start|p1a: Garchomp|Salt Cure\n|\n|-heal|p2b: Garganacl|14\/100|[from] item: Leftovers\n|-damage|p1a: Garchomp|0 fnt|[from] Salt Cure\n|faint|p1a: Garchomp\n|-sideend|p1: hisanory|move: Tailwind\n|upkeep\n|\n|t:|1683703568\n|switch|p1a: Armarouge|Armarouge, L50, M, shiny|100\/100\n|switch|p2a: Flutter Mane|Flutter Mane, L50, shiny, tera:Fairy|26\/100\n|turn|5\n|\n|t:|1683703583\n|move|p1a: Armarouge|Protect|p1a: Armarouge\n|-singleturn|p1a: Armarouge|Protect\n|move|p2a: Flutter Mane|Shadow Ball|p1a: Armarouge\n|-activate|p1a: Armarouge|move: Protect\n|move|p2b: Garganacl|Recover|p2b: Garganacl\n|-heal|p2b: Garganacl|64\/100\n|move|p1b: Indeedee|Trick Room|p1b: Indeedee\n|-fieldstart|move: Trick Room|[of] p1b: Indeedee\n|\n|-heal|p2b: Garganacl|70\/100|[from] item: Leftovers\n|upkeep\n|turn|6\n|inactive|hisanory has 30 seconds left.\n|\n|t:|1683703612\n|move|p2a: Flutter Mane|Protect|p2a: Flutter Mane\n|-singleturn|p2a: Flutter Mane|Protect\n|move|p1b: Indeedee|Follow Me|p1b: Indeedee\n|-singleturn|p1b: Indeedee|move: Follow Me\n|move|p2b: Garganacl|Salt Cure|p1b: Indeedee\n|-damage|p1b: Indeedee|85\/100\n|-start|p1b: Indeedee|Salt Cure\n|move|p1a: Armarouge|Expanding Force|p2a: Flutter Mane|[spread] p2b\n|-activate|p2a: Flutter Mane|move: Protect\n|-damage|p2b: Garganacl|0 fnt\n|faint|p2b: Garganacl\n|-damage|p1a: Armarouge|91\/100|[from] item: Life Orb\n|\n|-damage|p1b: Indeedee|73\/100|[from] Salt Cure\n|upkeep\n|\n|t:|1683703624\n|switch|p2b: Magnezone|Magnezone, L50, shiny|100\/100\n|-item|p2b: Magnezone|Air Balloon\n|turn|7\n|\n|t:|1683703645\n|move|p2b: Magnezone|Protect|p2b: Magnezone\n|-singleturn|p2b: Magnezone|Protect\n|move|p1b: Indeedee|Follow Me|p1b: Indeedee\n|-singleturn|p1b: Indeedee|move: Follow Me\n|move|p1a: Armarouge|Expanding Force|p2b: Magnezone|[spread] p2a\n|-activate|p2b: Magnezone|move: Protect\n|-damage|p2a: Flutter Mane|0 fnt\n|faint|p2a: Flutter Mane\n|-end|p2a: Flutter Mane|Protosynthesis|[silent]\n|-damage|p1a: Armarouge|82\/100|[from] item: Life Orb\n|\n|-damage|p1b: Indeedee|60\/100|[from] Salt Cure\n|upkeep\n|turn|8\n|inactive|hisanory has 30 seconds left.\n|inactive|hisanory has 20 seconds left.\n|\n|t:|1683703684\n|move|p1b: Indeedee|Follow Me|p1b: Indeedee\n|-singleturn|p1b: Indeedee|move: Follow Me\n|move|p2b: Magnezone|Thunderbolt|p1b: Indeedee\n|-damage|p1b: Indeedee|11\/100\n|move|p1a: Armarouge|Expanding Force|p2b: Magnezone\n|-resisted|p2b: Magnezone\n|-damage|p2b: Magnezone|42\/100\n|-enditem|p2b: Magnezone|Air Balloon\n|-damage|p1a: Armarouge|72\/100|[from] item: Life Orb\n|\n|-damage|p1b: Indeedee|0 fnt|[from] Salt Cure\n|faint|p1b: Indeedee\n|-fieldend|move: Psychic Terrain\n|upkeep\n|turn|9\n|\n|t:|1683703705\n|move|p2b: Magnezone|Thunderbolt|p1a: Armarouge\n|-damage|p1a: Armarouge|13\/100\n|move|p1a: Armarouge|Expanding Force|p2b: Magnezone\n|-resisted|p2b: Magnezone\n|-damage|p2b: Magnezone|12\/100\n|-damage|p1a: Armarouge|3\/100|[from] item: Life Orb\n|\n|-fieldend|move: Trick Room\n|upkeep\n|turn|10\n|\n|t:|1683703721\n|move|p2b: Magnezone|Protect|p2b: Magnezone\n|-singleturn|p2b: Magnezone|Protect\n|move|p1a: Armarouge|Heat Wave|p2b: Magnezone\n|-activate|p2b: Magnezone|move: Protect\n|\n|upkeep\n|turn|11\n|\n|t:|1683703733\n|move|p1a: Armarouge|Heat Wave|p2b: Magnezone\n|-supereffective|p2b: Magnezone\n|-damage|p2b: Magnezone|0 fnt\n|faint|p2b: Magnezone\n|-damage|p1a: Armarouge|0 fnt|[from] item: Life Orb\n|faint|p1a: Armarouge\n|\n|win|hisanory\n|raw|hisanory's rating: 1019 → 1055<\/strong> (+36 for winning)\n|raw|TonyJazs's rating: 1012 → 1000<\/strong> (-12 for losing)\n|c|\u2606TonyJazs|gg\n|l|\u2606hisanory\n","uploadtime":1683703743,"views":12,"p1id":"hisanory","p2id":"tonyjazs","formatid":"gen9vgc2023regulationc","rating":1000,"private":0,"password":""}