{"id":"gen9vgc2023regulationc-1847032740","p1":"megaswampert52","p2":"Mess in Distress","format":"[Gen 9] VGC 2023 Regulation C","log":"|j|\u2606megaswampert52\n|j|\u2606Mess in Distress\n|t:|1681913416\n|gametype|doubles\n|player|p1|megaswampert52|raihan-masters|1387\n|player|p2|Mess in Distress|iono|1421\n|teamsize|p1|6\n|teamsize|p2|6\n|gen|9\n|tier|[Gen 9] VGC 2023 Regulation C\n|rated|\n|rule|Species Clause: Limit one of each Pok\u00e9mon\n|rule|Item Clause: Limit one of each item\n|clearpoke\n|poke|p1|Palafin, L50, M|\n|poke|p1|Chien-Pao, L50|\n|poke|p1|Dragapult, L50, F|\n|poke|p1|Pawmot, L50, F|\n|poke|p1|Arcanine, L50, M|\n|poke|p1|Flutter Mane, L50|\n|poke|p2|Bronzong, L50|\n|poke|p2|Ting-Lu, L50|\n|poke|p2|Flutter Mane, L50|\n|poke|p2|Chi-Yu, L50|\n|poke|p2|Azumarill, L50, F|\n|poke|p2|Amoonguss, L50, F|\n|teampreview|4\n|inactive|Battle timer is ON: inactive players will automatically lose when time's up. (requested by megaswampert52)\n|j| Px Gx\n|inactive|megaswampert52 has 60 seconds left.\n|inactive|Mess in Distress has 60 seconds left.\n|\n|t:|1681913457\n|start\n|switch|p1a: Diego|Chien-Pao, L50|100\/100\n|switch|p1b: Bingo|Arcanine, L50, M|100\/100\n|switch|p2a: Amoonguss|Amoonguss, L50, F|100\/100\n|switch|p2b: Bronzong|Bronzong, L50|100\/100\n|-ability|p1a: Diego|Sword of Ruin\n|-ability|p1b: Bingo|Intimidate|boost\n|-unboost|p2a: Amoonguss|atk|1\n|-unboost|p2b: Bronzong|atk|1\n|turn|1\n|\n|t:|1681913480\n|switch|p2a: Ting-Lu|Ting-Lu, L50|100\/100\n|-ability|p2a: Ting-Lu|Vessel of Ruin\n|move|p1a: Diego|Protect|p1a: Diego\n|-singleturn|p1a: Diego|Protect\n|move|p1b: Bingo|Flare Blitz|p2a: Ting-Lu\n|-damage|p2a: Ting-Lu|62\/100\n|-damage|p1b: Bingo|85\/100|[from] Recoil\n|move|p2b: Bronzong|Trick Room|p2b: Bronzong\n|-fieldstart|move: Trick Room|[of] p2b: Bronzong\n|\n|upkeep\n|turn|2\n|\n|t:|1681913496\n|move|p2b: Bronzong|Iron Defense|p2b: Bronzong\n|-boost|p2b: Bronzong|def|2\n|move|p2a: Ting-Lu|Stomping Tantrum|p1b: Bingo\n|-supereffective|p1b: Bingo\n|-damage|p1b: Bingo|0 fnt\n|faint|p1b: Bingo\n|move|p1a: Diego|Ice Spinner|p2a: Ting-Lu\n|-supereffective|p2a: Ting-Lu\n|-damage|p2a: Ting-Lu|0 fnt\n|faint|p2a: Ting-Lu\n|\n|upkeep\n|inactive|megaswampert52 has 30 seconds left.\n|inactive|megaswampert52 has 20 seconds left.\n|\n|t:|1681913532\n|switch|p2a: Azumarill|Azumarill, L50, F|100\/100\n|switch|p1b: Pawmot|Pawmot, L50, F|100\/100\n|turn|3\n|inactive|Mess in Distress has 30 seconds left.\n|inactive|Mess in Distress has 20 seconds left.\n|\n|t:|1681913569\n|-terastallize|p2b: Bronzong|Fire\n|move|p2a: Azumarill|Protect|p2a: Azumarill\n|-singleturn|p2a: Azumarill|Protect\n|move|p1b: Pawmot|Fake Out|p2a: Azumarill\n|-activate|p2a: Azumarill|move: Protect\n|move|p1a: Diego|Sucker Punch|p2b: Bronzong\n|-damage|p2b: Bronzong|83\/100\n|move|p2b: Bronzong|Gyro Ball|p1a: Diego\n|-supereffective|p1a: Diego\n|-damage|p1a: Diego|18\/100\n|\n|upkeep\n|turn|4\n|\n|t:|1681913592\n|move|p1a: Diego|Protect|p1a: Diego\n|-singleturn|p1a: Diego|Protect\n|move|p2b: Bronzong|Body Press|p1b: Pawmot\n|-damage|p1b: Pawmot|2\/100\n|move|p2a: Azumarill|Play Rough|p1b: Pawmot\n|-supereffective|p1b: Pawmot\n|-enditem|p1b: Pawmot|Roseli Berry|[eat]\n|-enditem|p1b: Pawmot|Roseli Berry|[weaken]\n|-damage|p1b: Pawmot|0 fnt\n|faint|p1b: Pawmot\n|\n|upkeep\n|\n|t:|1681913602\n|switch|p1b: Joker|Flutter Mane, L50|100\/100\n|-enditem|p1b: Joker|Booster Energy\n|-activate|p1b: Joker|ability: Protosynthesis|[fromitem]\n|-start|p1b: Joker|protosynthesisspa\n|turn|5\n|\n|t:|1681913612\n|move|p1b: Joker|Protect|p1b: Joker\n|-singleturn|p1b: Joker|Protect\n|move|p1a: Diego|Sucker Punch|p2b: Bronzong\n|-damage|p2b: Bronzong|68\/100\n|move|p2b: Bronzong|Gyro Ball|p1a: Diego\n|-supereffective|p1a: Diego\n|-damage|p1a: Diego|0 fnt\n|faint|p1a: Diego\n|move|p2a: Azumarill|Belly Drum|p2a: Azumarill\n|-damage|p2a: Azumarill|50\/100\n|-setboost|p2a: Azumarill|atk|6|[from] move: Belly Drum\n|-enditem|p2a: Azumarill|Sitrus Berry|[eat]\n|-heal|p2a: Azumarill|75\/100|[from] item: Sitrus Berry\n|\n|-fieldend|move: Trick Room\n|upkeep\n|turn|6\n|\n|t:|1681913624\n|-terastallize|p1b: Joker|Fairy\n|move|p2a: Azumarill|Protect|p2a: Azumarill\n|-singleturn|p2a: Azumarill|Protect\n|move|p1b: Joker|Dazzling Gleam|p2b: Bronzong|[spread] p2b\n|-activate|p2a: Azumarill|move: Protect\n|-resisted|p2b: Bronzong\n|-damage|p2b: Bronzong|41\/100\n|move|p2b: Bronzong|Trick Room|p2b: Bronzong\n|-fieldstart|move: Trick Room|[of] p2b: Bronzong\n|\n|upkeep\n|turn|7\n|\n|t:|1681913630\n|move|p2a: Azumarill|Aqua Jet|p1b: Joker\n|-damage|p1b: Joker|0 fnt\n|faint|p1b: Joker\n|-end|p1b: Joker|Protosynthesis|[silent]\n|\n|win|Mess in Distress\n|raw|megaswampert52's rating: 1387 → 1369<\/strong> (-18 for losing)\n|raw|Mess in Distress's rating: 1421 → 1439<\/strong> (+18 for winning)\n|l|\u2606megaswampert52\n","uploadtime":1681913636,"views":10,"p1id":"megaswampert52","p2id":"messindistress","formatid":"gen9vgc2023regulationc","rating":1369,"private":0,"password":""}