{"id":"gen9vgc2023regulationc-1854931155","p1":"DJsnor","p2":"chuqidos","format":"[Gen 9] VGC 2023 Regulation C","log":"|j|\u2606DJsnor\n|j|\u2606chuqidos\n|t:|1682882054\n|gametype|doubles\n|player|p1|DJsnor|benga|1165\n|player|p2|chuqidos|101|1072\n|teamsize|p1|6\n|teamsize|p2|6\n|gen|9\n|tier|[Gen 9] VGC 2023 Regulation C\n|rated|\n|rule|Species Clause: Limit one of each Pok\u00e9mon\n|rule|Item Clause: Limit one of each item\n|clearpoke\n|poke|p1|Arcanine, L50, F|\n|poke|p1|Amoonguss, L50, M|\n|poke|p1|Noivern, L50, M|\n|poke|p1|Polteageist, L50|\n|poke|p1|Azumarill, L50, F|\n|poke|p1|Iron Hands, L50|\n|poke|p2|Scream Tail, L50|\n|poke|p2|Iron Hands, L50|\n|poke|p2|Amoonguss, L50, M|\n|poke|p2|Ting-Lu, L50|\n|poke|p2|Palafin, L50, F|\n|poke|p2|Arcanine, L50, M|\n|teampreview|4\n|\n|t:|1682882124\n|start\n|switch|p1a: Arcanine|Arcanine, L50, F, shiny|100\/100\n|switch|p1b: Noivern|Noivern, L50, M, shiny|100\/100\n|switch|p2a: Scream Tail|Scream Tail, L50|100\/100\n|switch|p2b: Iron Hands|Iron Hands, L50|100\/100\n|-item|p2a: Scream Tail|Booster Energy|[from] ability: Frisk|[of] p1b: Noivern|[identify]\n|-item|p2b: Iron Hands|Lum Berry|[from] ability: Frisk|[of] p1b: Noivern|[identify]\n|-ability|p1a: Arcanine|Intimidate|boost\n|-unboost|p2a: Scream Tail|atk|1\n|-unboost|p2b: Iron Hands|atk|1\n|-enditem|p2a: Scream Tail|Booster Energy\n|-activate|p2a: Scream Tail|ability: Protosynthesis|[fromitem]\n|-start|p2a: Scream Tail|protosynthesisspe\n|turn|1\n|\n|t:|1682882157\n|switch|p1a: Polteageist|Polteageist, L50, shiny|100\/100\n|-terastallize|p1b: Noivern|Normal\n|move|p2a: Scream Tail|Howl|p2a: Scream Tail|[spread] p2a,p2b\n|-boost|p2a: Scream Tail|atk|1\n|-boost|p2b: Iron Hands|atk|1\n|move|p1b: Noivern|Boomburst|p2b: Iron Hands|[spread] p2a,p2b\n|-immune|p1a: Polteageist\n|-damage|p2a: Scream Tail|67\/100\n|-damage|p2b: Iron Hands|71\/100\n|-enditem|p1b: Noivern|Throat Spray\n|-boost|p1b: Noivern|spa|1|[from] item: Throat Spray\n|move|p2b: Iron Hands|Swords Dance|p2b: Iron Hands\n|-boost|p2b: Iron Hands|atk|2\n|\n|upkeep\n|turn|2\n|\n|t:|1682882187\n|move|p2a: Scream Tail|Disable|p1b: Noivern\n|-start|p1b: Noivern|Disable|Boomburst\n|cant|p1b: Noivern|Disable|Boomburst\n|move|p1a: Polteageist|Shell Smash|p1a: Polteageist\n|-unboost|p1a: Polteageist|def|1\n|-unboost|p1a: Polteageist|spd|1\n|-boost|p1a: Polteageist|atk|2\n|-boost|p1a: Polteageist|spa|2\n|-boost|p1a: Polteageist|spe|2\n|move|p2b: Iron Hands|Swords Dance|p2b: Iron Hands\n|-boost|p2b: Iron Hands|atk|2\n|\n|upkeep\n|turn|3\n|\n|t:|1682882223\n|move|p1a: Polteageist|Stored Power|p2b: Iron Hands\n|-supereffective|p2b: Iron Hands\n|-damage|p2b: Iron Hands|0 fnt\n|faint|p2b: Iron Hands\n|-end|p2b: Iron Hands|Quark Drive|[silent]\n|move|p2a: Scream Tail|Encore|p1a: Polteageist\n|-start|p1a: Polteageist|Encore\n|move|p1b: Noivern|Air Slash|p2a: Scream Tail\n|-damage|p2a: Scream Tail|32\/100\n|\n|upkeep\n|\n|t:|1682882227\n|switch|p2b: Ting-Lu|Ting-Lu, L50|100\/100\n|-ability|p2b: Ting-Lu|Vessel of Ruin\n|turn|4\n|\n|t:|1682882242\n|move|p2a: Scream Tail|Protect|p2a: Scream Tail\n|-singleturn|p2a: Scream Tail|Protect\n|move|p1a: Polteageist|Stored Power|p2a: Scream Tail\n|-activate|p2a: Scream Tail|move: Protect\n|move|p1b: Noivern|Air Slash|p2b: Ting-Lu|[miss]\n|-miss|p1b: Noivern|p2b: Ting-Lu\n|move|p2b: Ting-Lu|Payback|p1a: Polteageist\n|-supereffective|p1a: Polteageist\n|-enditem|p1a: Polteageist|Focus Sash\n|-damage|p1a: Polteageist|1\/100\n|-ability|p1a: Polteageist|Weak Armor|boost\n|-unboost|p1a: Polteageist|def|1\n|-boost|p1a: Polteageist|spe|2\n|\n|upkeep\n|turn|5\n|\n|t:|1682882290\n|move|p2a: Scream Tail|Protect||[still]\n|-fail|p2a: Scream Tail\n|move|p1a: Polteageist|Stored Power|p2a: Scream Tail\n|-resisted|p2a: Scream Tail\n|-damage|p2a: Scream Tail|0 fnt\n|faint|p2a: Scream Tail\n|-end|p2a: Scream Tail|Protosynthesis|[silent]\n|move|p1b: Noivern|Air Slash|p2b: Ting-Lu|[miss]\n|-miss|p1b: Noivern|p2b: Ting-Lu\n|move|p2b: Ting-Lu|Payback|p1a: Polteageist\n|-supereffective|p1a: Polteageist\n|-damage|p1a: Polteageist|0 fnt\n|faint|p1a: Polteageist\n|\n|-end|p1b: Noivern|Disable\n|upkeep\n|\n|t:|1682882311\n|switch|p2a: Arcanine|Arcanine, L50, M|100\/100\n|switch|p1a: Arcanine|Arcanine, L50, F, shiny|100\/100\n|-ability|p1a: Arcanine|Intimidate|boost\n|-unboost|p2a: Arcanine|atk|1\n|-unboost|p2b: Ting-Lu|atk|1\n|-ability|p2a: Arcanine|Intimidate|boost\n|-unboost|p1a: Arcanine|atk|1\n|-unboost|p1b: Noivern|atk|1\n|turn|6\n|\n|t:|1682882327\n|move|p1b: Noivern|Boomburst|p2a: Arcanine|[spread] p1a,p2a,p2b\n|-crit|p1a: Arcanine\n|-damage|p1a: Arcanine|3\/100\n|-damage|p2a: Arcanine|47\/100\n|-damage|p2b: Ting-Lu|72\/100\n|move|p1a: Arcanine|Play Rough|p2b: Ting-Lu\n|-supereffective|p2b: Ting-Lu\n|-damage|p2b: Ting-Lu|49\/100\n|move|p2a: Arcanine|Flare Blitz|p1b: Noivern\n|-damage|p1b: Noivern|53\/100\n|-damage|p2a: Arcanine|33\/100|[from] Recoil\n|move|p2b: Ting-Lu|Stomping Tantrum|p1a: Arcanine\n|-supereffective|p1a: Arcanine\n|-damage|p1a: Arcanine|0 fnt\n|faint|p1a: Arcanine\n|\n|upkeep\n|l|\u2606DJsnor\n|player|p1|\n|j|\u2606DJsnor\n|player|p1|DJsnor|benga\n|\n|t:|1682882370\n|switch|p1a: Amoonguss|Amoonguss, L50, M, shiny|100\/100\n|turn|7\n|\n|t:|1682882383\n|move|p2a: Arcanine|Protect|p2a: Arcanine\n|-singleturn|p2a: Arcanine|Protect\n|move|p1b: Noivern|Boomburst|p2a: Arcanine|[spread] p1a,p2b\n|-activate|p2a: Arcanine|move: Protect\n|-damage|p1a: Amoonguss|54\/100\n|-damage|p2b: Ting-Lu|23\/100\n|move|p2b: Ting-Lu|Payback|p1b: Noivern\n|-damage|p1b: Noivern|14\/100\n|move|p1a: Amoonguss|Giga Drain|p2b: Ting-Lu\n|-supereffective|p2b: Ting-Lu\n|-damage|p2b: Ting-Lu|5\/100\n|-heal|p1a: Amoonguss|64\/100|[from] drain|[of] p2b: Ting-Lu\n|\n|upkeep\n|turn|8\n|\n|t:|1682882423\n|-terastallize|p2a: Arcanine|Grass\n|move|p2a: Arcanine|Extreme Speed|p1b: Noivern\n|-damage|p1b: Noivern|0 fnt\n|faint|p1b: Noivern\n|move|p2b: Ting-Lu|Fissure|p1a: Amoonguss|[miss]\n|-miss|p2b: Ting-Lu|p1a: Amoonguss\n|move|p1a: Amoonguss|Sludge Bomb|p2a: Arcanine\n|-supereffective|p2a: Arcanine\n|-damage|p2a: Arcanine|0 fnt\n|faint|p2a: Arcanine\n|\n|upkeep\n|turn|9\n|\n|t:|1682882438\n|move|p2b: Ting-Lu|Fissure|p1a: Amoonguss|[miss]\n|-miss|p2b: Ting-Lu|p1a: Amoonguss\n|move|p1a: Amoonguss|Giga Drain|p2b: Ting-Lu\n|-supereffective|p2b: Ting-Lu\n|-damage|p2b: Ting-Lu|0 fnt\n|-heal|p1a: Amoonguss|67\/100|[from] drain|[of] p2b: Ting-Lu\n|faint|p2b: Ting-Lu\n|\n|win|DJsnor\n|raw|DJsnor's rating: 1165 → 1183<\/strong> (+18 for winning)\n|raw|chuqidos's rating: 1072 → 1057<\/strong> (-15 for losing)\n|l|\u2606chuqidos\n|c|\u2606DJsnor|ggz\n","uploadtime":1682882465,"views":10,"p1id":"djsnor","p2id":"chuqidos","formatid":"gen9vgc2023regulationc","rating":1057,"private":0,"password":""}