{"id":"gen9vgc2023regulationc-1858319379","p1":"ENERGETICOS","p2":"CapnTophat","format":"[Gen 9] VGC 2023 Regulation C","log":"|j|\u2606ENERGETICOS\n|j|\u2606CapnTophat\n|t:|1683301587\n|gametype|doubles\n|player|p1|ENERGETICOS|101|1045\n|player|p2|CapnTophat|cynthia-gen4|1061\n|teamsize|p1|6\n|teamsize|p2|6\n|gen|9\n|tier|[Gen 9] VGC 2023 Regulation C\n|rated|\n|rule|Species Clause: Limit one of each Pok\u00e9mon\n|rule|Item Clause: Limit one of each item\n|clearpoke\n|poke|p1|Amoonguss, L50, F|\n|poke|p1|Annihilape, L50, M|\n|poke|p1|Dragapult, L50, M|\n|poke|p1|Flutter Mane, L50|\n|poke|p1|Palafin, L50, M|\n|poke|p1|Chien-Pao, L50|\n|poke|p2|Annihilape, L50, F|\n|poke|p2|Maushold-Four, L50|\n|poke|p2|Ting-Lu, L50|\n|poke|p2|Arcanine, L50, M|\n|poke|p2|Flutter Mane, L50|\n|poke|p2|Amoonguss, L50, F|\n|teampreview|4\n|inactive|Battle timer is ON: inactive players will automatically lose when time's up. (requested by CapnTophat)\nCapnTophat rejected open team sheets.\n|inactive|ENERGETICOS has 60 seconds left.\n|inactive|CapnTophat has 60 seconds left.\n|\n|t:|1683301623\n|start\n|switch|p1a: Annihilape|Annihilape, L50, M|100\/100\n|switch|p1b: Flutter Mane|Flutter Mane, L50|100\/100\n|switch|p2a: Annihilape|Annihilape, L50, F|100\/100\n|switch|p2b: Maushold|Maushold-Four, L50|100\/100\n|-enditem|p1b: Flutter Mane|Booster Energy\n|-activate|p1b: Flutter Mane|ability: Protosynthesis|[fromitem]\n|-start|p1b: Flutter Mane|protosynthesisspa\n|turn|1\n|\n|t:|1683301645\n|-terastallize|p2a: Annihilape|Fire\n|move|p2b: Maushold|Protect|p2b: Maushold\n|-singleturn|p2b: Maushold|Protect\n|move|p1b: Flutter Mane|Shadow Ball|p2a: Annihilape\n|-damage|p2a: Annihilape|60\/100\n|move|p1a: Annihilape|Shadow Punch|p2a: Annihilape\n|-damage|p2a: Annihilape|39\/100\n|move|p2a: Annihilape|Bulk Up|p2a: Annihilape\n|-boost|p2a: Annihilape|atk|1\n|-boost|p2a: Annihilape|def|1\n|\n|upkeep\n|turn|2\n|inactive|ENERGETICOS has 30 seconds left.\n|\n|t:|1683301675\n|move|p2b: Maushold|Follow Me|p2b: Maushold\n|-singleturn|p2b: Maushold|move: Follow Me\n|move|p1b: Flutter Mane|Moonblast|p2b: Maushold\n|-damage|p2b: Maushold|12\/100\n|move|p1a: Annihilape|Drain Punch|p2b: Maushold\n|-supereffective|p2b: Maushold\n|-damage|p2b: Maushold|0 fnt\n|faint|p2b: Maushold\n|move|p2a: Annihilape|Rage Fist|p1b: Flutter Mane\n|-supereffective|p1b: Flutter Mane\n|-damage|p1b: Flutter Mane|0 fnt\n|faint|p1b: Flutter Mane\n|-end|p1b: Flutter Mane|Protosynthesis|[silent]\n|\n|upkeep\n|\n|t:|1683301689\n|switch|p1b: Dragapult|Dragapult, L50, M, shiny|100\/100\n|switch|p2b: Amoonguss|Amoonguss, L50, F|100\/100\n|turn|3\n|\n|t:|1683301709\n|move|p1a: Annihilape|Protect|p1a: Annihilape\n|-singleturn|p1a: Annihilape|Protect\n|move|p2a: Annihilape|Protect|p2a: Annihilape\n|-singleturn|p2a: Annihilape|Protect\n|move|p1b: Dragapult|Phantom Force||[still]\n|-prepare|p1b: Dragapult|Phantom Force\n|move|p2b: Amoonguss|Spore|p1b: Dragapult|[miss]\n|-miss|p2b: Amoonguss|p1b: Dragapult\n|\n|upkeep\n|turn|4\n|\n|t:|1683301724\n|move|p1a: Annihilape|Protect|p1a: Annihilape\n|-singleturn|p1a: Annihilape|Protect\n|move|p2b: Amoonguss|Rage Powder|p2b: Amoonguss\n|-singleturn|p2b: Amoonguss|move: Rage Powder\n|move|p1b: Dragapult|Phantom Force|p2b: Amoonguss|[from]lockedmove\n|-damage|p2b: Amoonguss|57\/100\n|move|p2a: Annihilape|Rage Fist|p1a: Annihilape\n|-activate|p1a: Annihilape|move: Protect\n|\n|upkeep\n|turn|5\n|\n|t:|1683301748\n|move|p1b: Dragapult|Phantom Force||[still]\n|-prepare|p1b: Dragapult|Phantom Force\n|move|p1a: Annihilape|Drain Punch|p2b: Amoonguss\n|-resisted|p2b: Amoonguss\n|-damage|p2b: Amoonguss|43\/100\n|-enditem|p2b: Amoonguss|Sitrus Berry|[eat]\n|-heal|p2b: Amoonguss|68\/100|[from] item: Sitrus Berry\n|move|p2a: Annihilape|Rage Fist|p1a: Annihilape\n|-supereffective|p1a: Annihilape\n|-damage|p1a: Annihilape|0 fnt\n|faint|p1a: Annihilape\n|move|p2b: Amoonguss|Pollen Puff|p2a: Annihilape\n|-heal|p2a: Annihilape|89\/100\n|\n|upkeep\n|\n|t:|1683301764\n|switch|p1a: Palafin|Palafin, L50, M|100\/100\n|turn|6\n|\n|t:|1683301773\n|move|p2a: Annihilape|Protect|p2a: Annihilape\n|-singleturn|p2a: Annihilape|Protect\n|move|p1b: Dragapult|Phantom Force|p2a: Annihilape|[from]lockedmove\n|-activate|p2a: Annihilape|move: Phantom Force|[broken]\n|-damage|p2a: Annihilape|58\/100\n|move|p1a: Palafin|Wave Crash|p2a: Annihilape\n|-supereffective|p2a: Annihilape\n|-damage|p2a: Annihilape|0 fnt\n|faint|p2a: Annihilape\n|-damage|p1a: Palafin|77\/100|[from] Recoil\n|move|p2b: Amoonguss|Spore|p1a: Palafin\n|-status|p1a: Palafin|slp|[from] move: Spore\n|\n|upkeep\n|\n|t:|1683301785\n|switch|p2a: Ting-Lu|Ting-Lu, L50|100\/100\n|-ability|p2a: Ting-Lu|Vessel of Ruin\n|turn|7\n|\n|t:|1683301804\n|move|p1b: Dragapult|Phantom Force||[still]\n|-prepare|p1b: Dragapult|Phantom Force\n|cant|p1a: Palafin|slp\n|move|p2a: Ting-Lu|Ruination|p1a: Palafin\n|-damage|p1a: Palafin|39\/100 slp\n|move|p2b: Amoonguss|Pollen Puff|p1a: Palafin\n|-damage|p1a: Palafin|18\/100 slp\n|\n|upkeep\n|turn|8\n|inactive|ENERGETICOS has 30 seconds left.\n|\n|t:|1683301831\n|move|p1b: Dragapult|Phantom Force|p2b: Amoonguss|[from]lockedmove\n|-damage|p2b: Amoonguss|31\/100\n|-curestatus|p1a: Palafin|slp|[msg]\n|move|p1a: Palafin|Wave Crash|p2a: Ting-Lu\n|-supereffective|p2a: Ting-Lu\n|-damage|p2a: Ting-Lu|36\/100\n|-damage|p1a: Palafin|0 fnt|[from] Recoil\n|faint|p1a: Palafin\n|move|p2a: Ting-Lu|Fissure|p1b: Dragapult|[miss]\n|-miss|p2a: Ting-Lu|p1b: Dragapult\n|move|p2b: Amoonguss|Pollen Puff|p1b: Dragapult\n|-resisted|p1b: Dragapult\n|-damage|p1b: Dragapult|92\/100\n|\n|upkeep\n|turn|9\n|\n|t:|1683301851\n|move|p1b: Dragapult|Phantom Force||[still]\n|-prepare|p1b: Dragapult|Phantom Force\n|move|p2a: Ting-Lu|Ruination|p1b: Dragapult|[miss]\n|-miss|p2a: Ting-Lu|p1b: Dragapult\n|move|p2b: Amoonguss|Pollen Puff|p2a: Ting-Lu\n|-heal|p2a: Ting-Lu|86\/100\n|\n|upkeep\n|turn|10\n|\n|t:|1683301861\n|move|p1b: Dragapult|Phantom Force|p2b: Amoonguss|[from]lockedmove\n|-damage|p2b: Amoonguss|0 fnt\n|faint|p2b: Amoonguss\n|move|p2a: Ting-Lu|Stomping Tantrum|p1b: Dragapult\n|-damage|p1b: Dragapult|4\/100\n|\n|upkeep\n|turn|11\n|\n|t:|1683301870\n|move|p1b: Dragapult|Phantom Force||[still]\n|-prepare|p1b: Dragapult|Phantom Force\n|move|p2a: Ting-Lu|Stomping Tantrum|p1b: Dragapult|[miss]\n|-miss|p2a: Ting-Lu|p1b: Dragapult\n|\n|upkeep\n|turn|12\n|\n|t:|1683301876\n|move|p1b: Dragapult|Phantom Force|p2a: Ting-Lu|[from]lockedmove\n|-resisted|p2a: Ting-Lu\n|-damage|p2a: Ting-Lu|70\/100\n|move|p2a: Ting-Lu|Fissure|p1b: Dragapult|[miss]\n|-miss|p2a: Ting-Lu|p1b: Dragapult\n|\n|upkeep\n|turn|13\n|\n|t:|1683301885\n|move|p1b: Dragapult|Phantom Force||[still]\n|-prepare|p1b: Dragapult|Phantom Force\n|move|p2a: Ting-Lu|Stomping Tantrum|p1b: Dragapult|[miss]\n|-miss|p2a: Ting-Lu|p1b: Dragapult\n|\n|upkeep\n|turn|14\n|\n|t:|1683301903\n|move|p1b: Dragapult|Phantom Force|p2a: Ting-Lu|[from]lockedmove\n|-resisted|p2a: Ting-Lu\n|-damage|p2a: Ting-Lu|56\/100\n|move|p2a: Ting-Lu|Fissure|p1b: Dragapult\n|-damage|p1b: Dragapult|0 fnt\n|faint|p1b: Dragapult\n|-ohko\n|\n|win|CapnTophat\n|raw|ENERGETICOS's rating: 1045 → 1029<\/strong> (-16 for losing)\n|raw|CapnTophat's rating: 1061 → 1090<\/strong> (+29 for winning)\n","uploadtime":1683301912,"views":4,"p1id":"energeticos","p2id":"capntophat","formatid":"gen9vgc2023regulationc","rating":1029,"private":0,"password":""}