{"id":"gen9vgc2023regulationc-1849651872","p1":"Connowot","p2":"Fdeyvsr","format":"[Gen 9] VGC 2023 Regulation C","log":"|j|\u2606Connowot\n|j|\u2606Fdeyvsr\n|t:|1682225996\n|gametype|doubles\n|player|p1|Connowot|102|1161\n|player|p2|Fdeyvsr|unknownf|1062\n|teamsize|p1|6\n|teamsize|p2|6\n|gen|9\n|tier|[Gen 9] VGC 2023 Regulation C\n|rated|\n|rule|Species Clause: Limit one of each Pok\u00e9mon\n|rule|Item Clause: Limit one of each item\n|clearpoke\n|poke|p1|Amoonguss, L50, M|\n|poke|p1|Palafin, L50, M|\n|poke|p1|Flutter Mane, L50|\n|poke|p1|Arcanine, L50, F|\n|poke|p1|Ting-Lu, L50|\n|poke|p1|Baxcalibur, L50, M|\n|poke|p2|Annihilape, L50, M|\n|poke|p2|Orthworm, L50, M|\n|poke|p2|Sableye, L50, M|\n|poke|p2|Roaring Moon, L50|\n|poke|p2|Flamigo, L50, F|\n|poke|p2|Kingambit, L50, M|\n|teampreview|4\n|inactive|Battle timer is ON: inactive players will automatically lose when time's up. (requested by Fdeyvsr)\n|\n|t:|1682226015\n|start\n|switch|p1a: Arcanine|Arcanine, L50, F|100\/100\n|switch|p1b: Flutter Mane|Flutter Mane, L50|100\/100\n|switch|p2a: Annihilape|Annihilape, L50, M|100\/100\n|switch|p2b: Sableye|Sableye, L50, M|100\/100\n|-ability|p1a: Arcanine|Intimidate|boost\n|-unboost|p2a: Annihilape|atk|1\n|-ability|p2a: Annihilape|Defiant|boost\n|-boost|p2a: Annihilape|atk|2\n|-unboost|p2b: Sableye|atk|1\n|-enditem|p1b: Flutter Mane|Booster Energy\n|-activate|p1b: Flutter Mane|ability: Protosynthesis|[fromitem]\n|-start|p1b: Flutter Mane|protosynthesisspa\n|turn|1\n|\n|t:|1682226029\n|-terastallize|p1b: Flutter Mane|Fairy\n|-terastallize|p2a: Annihilape|Fire\n|move|p2b: Sableye|Light Screen|p2b: Sableye\n|-sidestart|p2: Fdeyvsr|move: Light Screen\n|move|p1b: Flutter Mane|Dazzling Gleam|p2b: Sableye|[spread] p2a,p2b\n|-resisted|p2a: Annihilape\n|-supereffective|p2b: Sableye\n|-damage|p2a: Annihilape|84\/100\n|-damage|p2b: Sableye|0 fnt\n|faint|p2b: Sableye\n|move|p1a: Arcanine|Will-O-Wisp|p2a: Annihilape\n|-immune|p2a: Annihilape\n|move|p2a: Annihilape|Bulk Up|p2a: Annihilape\n|-boost|p2a: Annihilape|atk|1\n|-boost|p2a: Annihilape|def|1\n|\n|-heal|p2a: Annihilape|90\/100|[from] item: Leftovers\n|upkeep\n|\n|t:|1682226042\n|switch|p2b: Flamigo|Flamigo, L50, F|100\/100\n|turn|2\n|\n|t:|1682226054\n|move|p1b: Flutter Mane|Shadow Ball|p2a: Annihilape\n|-damage|p2a: Annihilape|58\/100\n|move|p2b: Flamigo|Brave Bird|p1a: Arcanine\n|-damage|p1a: Arcanine|15\/100\n|-enditem|p1a: Arcanine|Figy Berry|[eat]\n|-heal|p1a: Arcanine|48\/100|[from] item: Figy Berry\n|-damage|p2b: Flamigo|65\/100|[from] Recoil\n|-damage|p2b: Flamigo|55\/100|[from] item: Life Orb\n|move|p1a: Arcanine|Will-O-Wisp|p2b: Flamigo\n|-status|p2b: Flamigo|brn\n|move|p2a: Annihilape|Rage Fist|p1b: Flutter Mane\n|-damage|p1b: Flutter Mane|0 fnt\n|faint|p1b: Flutter Mane\n|-end|p1b: Flutter Mane|Protosynthesis|[silent]\n|\n|-heal|p2a: Annihilape|64\/100|[from] item: Leftovers\n|-damage|p2b: Flamigo|50\/100 brn|[from] brn\n|upkeep\n|\n|t:|1682226079\n|switch|p1b: Ting-Lu|Ting-Lu, L50|100\/100\n|-ability|p1b: Ting-Lu|Vessel of Ruin\n|turn|3\n|\n|t:|1682226099\n|move|p1a: Arcanine|Extreme Speed|p2b: Flamigo\n|-damage|p2b: Flamigo|14\/100 brn\n|move|p2b: Flamigo|Close Combat|p1b: Ting-Lu\n|-supereffective|p1b: Ting-Lu\n|-damage|p1b: Ting-Lu|54\/100\n|-unboost|p2b: Flamigo|def|1\n|-unboost|p2b: Flamigo|spd|1\n|-damage|p2b: Flamigo|4\/100 brn|[from] item: Life Orb\n|move|p2a: Annihilape|Drain Punch|p1b: Ting-Lu\n|-supereffective|p1b: Ting-Lu\n|-damage|p1b: Ting-Lu|0 fnt\n|-heal|p2a: Annihilape|94\/100|[from] drain|[of] p1b: Ting-Lu\n|faint|p1b: Ting-Lu\n|\n|-heal|p2a: Annihilape|99\/100|[from] item: Leftovers\n|-damage|p2b: Flamigo|0 fnt|[from] brn\n|faint|p2b: Flamigo\n|upkeep\n|\n|t:|1682226111\n|switch|p2b: Kingambit|Kingambit, L50, M|100\/100\n|switch|p1b: Amoonguss|Amoonguss, L50, M|100\/100\n|turn|4\n|\n|t:|1682226117\n|move|p1b: Amoonguss|Rage Powder|p1b: Amoonguss\n|-singleturn|p1b: Amoonguss|move: Rage Powder\n|move|p1a: Arcanine|Flare Blitz|p2b: Kingambit\n|-supereffective|p2b: Kingambit\n|-damage|p2b: Kingambit|19\/100\n|-damage|p1a: Arcanine|20\/100|[from] Recoil\n|move|p2a: Annihilape|Taunt|p1b: Amoonguss\n|-start|p1b: Amoonguss|move: Taunt\n|move|p2b: Kingambit|Kowtow Cleave|p1b: Amoonguss\n|-damage|p1b: Amoonguss|51\/100\n|\n|-heal|p2a: Annihilape|100\/100|[from] item: Leftovers\n|upkeep\n|turn|5\n|\n|t:|1682226134\n|move|p2b: Kingambit|Sucker Punch|p1a: Arcanine\n|-damage|p1a: Arcanine|0 fnt\n|faint|p1a: Arcanine\n|move|p2a: Annihilape|Rage Fist|p1b: Amoonguss\n|-damage|p1b: Amoonguss|0 fnt\n|faint|p1b: Amoonguss\n|\n|win|Fdeyvsr\n|raw|Connowot's rating: 1161 → 1129<\/strong> (-32 for losing)\n|raw|Fdeyvsr's rating: 1062 → 1101<\/strong> (+39 for winning)\n|l|\u2606Connowot\n","uploadtime":1682226140,"views":16,"p1id":"connowot","p2id":"fdeyvsr","formatid":"gen9vgc2023regulationc","rating":1101,"private":0,"password":""}