{"id":"gen9vgc2023regulationc-1862210521","p1":"Bob Couch","p2":"Chefrey Boyardee","format":"[Gen 9] VGC 2023 Regulation C","log":"|j|\u2606Bob Couch\n|j|\u2606Chefrey Boyardee\n|t:|1683849919\n|gametype|doubles\n|player|p1|Bob Couch|byron|1249\n|player|p2|Chefrey Boyardee|266|1349\n|teamsize|p1|6\n|teamsize|p2|6\n|gen|9\n|tier|[Gen 9] VGC 2023 Regulation C\n|rated|\n|rule|Species Clause: Limit one of each Pok\u00e9mon\n|rule|Item Clause: Limit one of each item\n|clearpoke\n|poke|p1|Pelipper, L50, F|\n|poke|p1|Iron Bundle, L50|\n|poke|p1|Amoonguss, L50, F|\n|poke|p1|Baxcalibur, L50, F|\n|poke|p1|Gholdengo, L50|\n|poke|p1|Azumarill, L50, M|\n|poke|p2|Chi-Yu, L50|\n|poke|p2|Torkoal, L50, M|\n|poke|p2|Jumpluff, L50, M|\n|poke|p2|Flutter Mane, L50|\n|poke|p2|Great Tusk, L50|\n|poke|p2|Orthworm, L50, F|\n|teampreview|4\nChefrey Boyardee has agreed to open team sheets.\nBob Couch has agreed to open team sheets.\n|inactive|Battle timer is ON: inactive players will automatically lose when time's up. (requested by Chefrey Boyardee)\n|\n|t:|1683849960\n|start\n|switch|p1a: Gholdengo|Gholdengo, L50|100\/100\n|switch|p1b: Baxcalibur|Baxcalibur, L50, F|100\/100\n|switch|p2a: Orthworm|Orthworm, L50, F|100\/100\n|switch|p2b: Great Tusk|Great Tusk, L50|100\/100\n|turn|1\n|inactive|Bob Couch has 30 seconds left.\n|\n|t:|1683849989\n|-terastallize|p1a: Gholdengo|Flying\n|move|p1b: Baxcalibur|Icicle Crash|p2b: Great Tusk\n|-supereffective|p2b: Great Tusk\n|-damage|p2b: Great Tusk|30\/100\n|move|p1a: Gholdengo|Nasty Plot|p1a: Gholdengo\n|-boost|p1a: Gholdengo|spa|2\n|move|p2b: Great Tusk|Earthquake|p1a: Gholdengo|[spread] p1b\n|-immune|p2a: Orthworm|[from] ability: Earth Eater\n|-immune|p1a: Gholdengo\n|-damage|p1b: Baxcalibur|68\/100\n|move|p2a: Orthworm|Stealth Rock|p1a: Gholdengo\n|-sidestart|p1: Bob Couch|move: Stealth Rock\n|\n|upkeep\n|turn|2\n|inactive|Bob Couch has 30 seconds left.\n|inactive|Chefrey Boyardee has 30 seconds left.\n|inactive|Bob Couch has 20 seconds left.\n|\n|t:|1683850025\n|move|p1b: Baxcalibur|Icicle Crash|p2b: Great Tusk|[miss]\n|-miss|p1b: Baxcalibur|p2b: Great Tusk\n|move|p1a: Gholdengo|Shadow Ball|p2a: Orthworm\n|-damage|p2a: Orthworm|12\/100\n|-enditem|p2a: Orthworm|Sitrus Berry|[eat]\n|-heal|p2a: Orthworm|37\/100|[from] item: Sitrus Berry\n|move|p2b: Great Tusk|Rock Slide|p1b: Baxcalibur|[spread] p1a,p1b\n|-supereffective|p1a: Gholdengo\n|-supereffective|p1b: Baxcalibur\n|-damage|p1a: Gholdengo|64\/100\n|-damage|p1b: Baxcalibur|34\/100\n|move|p2a: Orthworm|Body Press|p1b: Baxcalibur\n|-supereffective|p1b: Baxcalibur\n|-damage|p1b: Baxcalibur|0 fnt\n|faint|p1b: Baxcalibur\n|\n|-heal|p1a: Gholdengo|71\/100|[from] item: Leftovers\n|upkeep\n|\n|t:|1683850035\n|switch|p1b: Azumarill|Azumarill, L50, M|100\/100\n|-damage|p1b: Azumarill|88\/100|[from] Stealth Rock\n|turn|3\n|\n|t:|1683850054\n|move|p1b: Azumarill|Aqua Jet|p2b: Great Tusk\n|-supereffective|p2b: Great Tusk\n|-damage|p2b: Great Tusk|0 fnt\n|faint|p2b: Great Tusk\n|-end|p2b: Great Tusk|Protosynthesis|[silent]\n|-damage|p1b: Azumarill|78\/100|[from] item: Life Orb\n|move|p1a: Gholdengo|Shadow Ball|p2a: Orthworm\n|-damage|p2a: Orthworm|0 fnt\n|faint|p2a: Orthworm\n|\n|-heal|p1a: Gholdengo|77\/100|[from] item: Leftovers\n|upkeep\n|\n|t:|1683850063\n|switch|p2b: Chi-Yu|Chi-Yu, L50|100\/100\n|switch|p2a: Flutter Mane|Flutter Mane, L50|100\/100\n|-ability|p2b: Chi-Yu|Beads of Ruin\n|turn|4\n|inactive|Bob Couch has 30 seconds left.\n|\n|t:|1683850089\n|-terastallize|p2b: Chi-Yu|Water\n|move|p1a: Gholdengo|Protect|p1a: Gholdengo\n|-singleturn|p1a: Gholdengo|Protect\n|move|p1b: Azumarill|Aqua Jet|p2b: Chi-Yu\n|-resisted|p2b: Chi-Yu\n|-crit|p2b: Chi-Yu\n|-damage|p2b: Chi-Yu|76\/100\n|-damage|p1b: Azumarill|68\/100|[from] item: Life Orb\n|move|p2a: Flutter Mane|Power Gem|p1a: Gholdengo\n|-activate|p1a: Gholdengo|move: Protect\n|move|p2b: Chi-Yu|Nasty Plot|p2b: Chi-Yu\n|-boost|p2b: Chi-Yu|spa|2\n|\n|-heal|p2b: Chi-Yu|82\/100|[from] item: Leftovers\n|-heal|p1a: Gholdengo|83\/100|[from] item: Leftovers\n|upkeep\n|turn|5\n|inactive|Chefrey Boyardee has 30 seconds left.\n|inactive|Bob Couch has 30 seconds left.\n|\n|t:|1683850123\n|switch|p1a: Pelipper|Pelipper, L50, F|100\/100\n|-damage|p1a: Pelipper|76\/100|[from] Stealth Rock\n|-weather|RainDance|[from] ability: Drizzle|[of] p1a: Pelipper\n|move|p1b: Azumarill|Aqua Jet|p2a: Flutter Mane\n|-damage|p2a: Flutter Mane|4\/100\n|-damage|p1b: Azumarill|58\/100|[from] item: Life Orb\n|move|p2a: Flutter Mane|Power Gem|p1a: Pelipper\n|-supereffective|p1a: Pelipper\n|-damage|p1a: Pelipper|0 fnt\n|faint|p1a: Pelipper\n|move|p2b: Chi-Yu|Dark Pulse|p1b: Azumarill\n|-resisted|p1b: Azumarill\n|-damage|p1b: Azumarill|12\/100\n|\n|-weather|RainDance|[upkeep]\n|-heal|p2b: Chi-Yu|88\/100|[from] item: Leftovers\n|upkeep\n|\n|t:|1683850130\n|switch|p1a: Gholdengo|Gholdengo, L50, tera:Flying|83\/100\n|-damage|p1a: Gholdengo|58\/100|[from] Stealth Rock\n|turn|6\n|\n|t:|1683850155\n|move|p1b: Azumarill|Aqua Jet|p2a: Flutter Mane\n|-damage|p2a: Flutter Mane|0 fnt\n|faint|p2a: Flutter Mane\n|-end|p2a: Flutter Mane|Protosynthesis|[silent]\n|-damage|p1b: Azumarill|2\/100|[from] item: Life Orb\n|move|p2b: Chi-Yu|Heat Wave|p1b: Azumarill|[spread] p1b\n|-miss|p2b: Chi-Yu|p1a: Gholdengo\n|-resisted|p1b: Azumarill\n|-damage|p1b: Azumarill|0 fnt\n|faint|p1b: Azumarill\n|move|p1a: Gholdengo|Shadow Ball|p2b: Chi-Yu\n|-damage|p2b: Chi-Yu|47\/100\n|\n|-weather|RainDance|[upkeep]\n|-heal|p2b: Chi-Yu|53\/100|[from] item: Leftovers\n|-heal|p1a: Gholdengo|64\/100|[from] item: Leftovers\n|upkeep\n|turn|7\n|\n|t:|1683850172\n|move|p1a: Gholdengo|Protect|p1a: Gholdengo\n|-singleturn|p1a: Gholdengo|Protect\n|move|p2b: Chi-Yu|Dark Pulse|p1a: Gholdengo\n|-activate|p1a: Gholdengo|move: Protect\n|\n|-weather|RainDance|[upkeep]\n|-heal|p2b: Chi-Yu|59\/100|[from] item: Leftovers\n|-heal|p1a: Gholdengo|71\/100|[from] item: Leftovers\n|upkeep\n|turn|8\n|\n|t:|1683850178\n|move|p2b: Chi-Yu|Dark Pulse|p1a: Gholdengo\n|-damage|p1a: Gholdengo|0 fnt\n|faint|p1a: Gholdengo\n|\n|win|Chefrey Boyardee\n|raw|Bob Couch's rating: 1249 → 1231<\/strong> (-18 for losing)\n|raw|Chefrey Boyardee's rating: 1349 → 1363<\/strong> (+14 for winning)\n","uploadtime":1683850183,"views":8,"p1id":"bobcouch","p2id":"chefreyboyardee","formatid":"gen9vgc2023regulationc","rating":1231,"private":0,"password":""}