{"id":"gen9vgc2023regulationc-1859331347","p1":"xiaozhililili","p2":"Atrix MJ","format":"[Gen 9] VGC 2023 Regulation C","log":"|j|\u2606xiaozhililili\n|j|\u2606Atrix MJ\n|t:|1683436173\n|gametype|doubles\n|player|p1|xiaozhililili|169|1557\n|player|p2|Atrix MJ|adaman|1554\n|teamsize|p1|6\n|teamsize|p2|6\n|gen|9\n|tier|[Gen 9] VGC 2023 Regulation C\n|rated|\n|rule|Species Clause: Limit one of each Pok\u00e9mon\n|rule|Item Clause: Limit one of each item\n|clearpoke\n|poke|p1|Iron Bundle, L50|\n|poke|p1|Flutter Mane, L50|\n|poke|p1|Chi-Yu, L50|\n|poke|p1|Baxcalibur, L50, M|\n|poke|p1|Wo-Chien, L50|\n|poke|p1|Scizor, L50, F|\n|poke|p2|Chi-Yu, L50|\n|poke|p2|Amoonguss, L50, F|\n|poke|p2|Iron Hands, L50|\n|poke|p2|Gyarados, L50, F|\n|poke|p2|Flutter Mane, L50|\n|poke|p2|Gothitelle, L50, F|\n|teampreview|4\n|inactive|Battle timer is ON: inactive players will automatically lose when time's up. (requested by Atrix MJ)\nAtrix MJ has agreed to open team sheets.\n|inactive|xiaozhililili has 60 seconds left.\n|\n|t:|1683436207\n|start\n|switch|p1a: Flutter Mane|Flutter Mane, L50|100\/100\n|switch|p1b: Chi-Yu|Chi-Yu, L50|100\/100\n|switch|p2a: Iron Hands|Iron Hands, L50|100\/100\n|switch|p2b: Gothitelle|Gothitelle, L50, F|100\/100\n|-ability|p1b: Chi-Yu|Beads of Ruin\n|turn|1\n|\n|t:|1683436220\n|-terastallize|p2b: Gothitelle|Steel\n|move|p2a: Iron Hands|Protect|p2a: Iron Hands\n|-singleturn|p2a: Iron Hands|Protect\n|move|p1a: Flutter Mane|Moonblast|p2a: Iron Hands\n|-activate|p2a: Iron Hands|move: Protect\n|move|p1b: Chi-Yu|Dark Pulse|p2b: Gothitelle\n|-damage|p2b: Gothitelle|40\/100\n|-damage|p1b: Chi-Yu|91\/100|[from] item: Life Orb\n|move|p2b: Gothitelle|Trick Room|p2b: Gothitelle\n|-fieldstart|move: Trick Room|[of] p2b: Gothitelle\n|\n|upkeep\n|turn|2\n|inactive|Atrix MJ has 30 seconds left.\n|\n|t:|1683436249\n|move|p1b: Chi-Yu|Protect|p1b: Chi-Yu\n|-singleturn|p1b: Chi-Yu|Protect\n|move|p2a: Iron Hands|Thunder Punch|p1a: Flutter Mane\n|-damage|p1a: Flutter Mane|45\/100\n|move|p2b: Gothitelle|Psychic|p1a: Flutter Mane\n|-damage|p1a: Flutter Mane|11\/100\n|move|p1a: Flutter Mane|Moonblast|p2a: Iron Hands\n|-supereffective|p2a: Iron Hands\n|-damage|p2a: Iron Hands|0 fnt\n|faint|p2a: Iron Hands\n|-end|p2a: Iron Hands|Quark Drive|[silent]\n|\n|upkeep\n|\n|t:|1683436260\n|switch|p2a: Amoonguss|Amoonguss, L50, F|100\/100\n|turn|3\n|\n|t:|1683436264\n|-terastallize|p1b: Chi-Yu|Grass\n|move|p2a: Amoonguss|Spore|p1b: Chi-Yu\n|-immune|p1b: Chi-Yu\n|move|p2b: Gothitelle|Psychic|p1a: Flutter Mane\n|-crit|p1a: Flutter Mane\n|-damage|p1a: Flutter Mane|0 fnt\n|faint|p1a: Flutter Mane\n|-end|p1a: Flutter Mane|Protosynthesis|[silent]\n|move|p1b: Chi-Yu|Heat Wave|p2a: Amoonguss|[spread] p2a,p2b\n|-supereffective|p2a: Amoonguss\n|-supereffective|p2b: Gothitelle\n|-damage|p2a: Amoonguss|3\/100\n|-damage|p2b: Gothitelle|0 fnt\n|-enditem|p2a: Amoonguss|Sitrus Berry|[eat]\n|-heal|p2a: Amoonguss|28\/100|[from] item: Sitrus Berry\n|faint|p2b: Gothitelle\n|-damage|p1b: Chi-Yu|82\/100|[from] item: Life Orb\n|\n|upkeep\n|\n|t:|1683436276\n|switch|p2b: Flutter Mane|Flutter Mane, L50|100\/100\n|switch|p1a: Wo-Chien|Wo-Chien, L50|100\/100\n|-ability|p1a: Wo-Chien|Tablets of Ruin\n|turn|4\n|\n|t:|1683436291\n|move|p1b: Chi-Yu|Protect|p1b: Chi-Yu\n|-singleturn|p1b: Chi-Yu|Protect\n|move|p2a: Amoonguss|Pollen Puff|p1a: Wo-Chien\n|-supereffective|p1a: Wo-Chien\n|-damage|p1a: Wo-Chien|57\/100\n|move|p1a: Wo-Chien|Snarl|p2b: Flutter Mane|[spread] p2a,p2b\n|-damage|p2a: Amoonguss|12\/100\n|-damage|p2b: Flutter Mane|79\/100\n|-unboost|p2a: Amoonguss|spa|1\n|-unboost|p2b: Flutter Mane|spa|1\n|move|p2b: Flutter Mane|Dazzling Gleam|p1b: Chi-Yu|[spread] p1a\n|-activate|p1b: Chi-Yu|move: Protect\n|-supereffective|p1a: Wo-Chien\n|-damage|p1a: Wo-Chien|24\/100\n|\n|upkeep\n|turn|5\n|\n|t:|1683436305\n|move|p2b: Flutter Mane|Protect|p2b: Flutter Mane\n|-singleturn|p2b: Flutter Mane|Protect\n|move|p2a: Amoonguss|Pollen Puff|p1a: Wo-Chien\n|-supereffective|p1a: Wo-Chien\n|-damage|p1a: Wo-Chien|0 fnt\n|faint|p1a: Wo-Chien\n|move|p1b: Chi-Yu|Heat Wave|p2b: Flutter Mane|[spread] \n|-activate|p2b: Flutter Mane|move: Protect\n|-miss|p1b: Chi-Yu|p2a: Amoonguss\n|\n|-fieldend|move: Trick Room\n|upkeep\n|\n|t:|1683436311\n|switch|p1a: Baxcalibur|Baxcalibur, L50, M|100\/100\n|turn|6\n|\n|t:|1683436319\n|move|p2a: Amoonguss|Rage Powder|p2a: Amoonguss\n|-singleturn|p2a: Amoonguss|move: Rage Powder\n|move|p1a: Baxcalibur|Ice Shard|p2a: Amoonguss\n|-supereffective|p2a: Amoonguss\n|-damage|p2a: Amoonguss|0 fnt\n|faint|p2a: Amoonguss\n|move|p2b: Flutter Mane|Dazzling Gleam|p1b: Chi-Yu|[spread] p1a,p1b\n|-supereffective|p1a: Baxcalibur\n|-crit|p1a: Baxcalibur\n|-damage|p1a: Baxcalibur|0 fnt\n|-damage|p1b: Chi-Yu|57\/100\n|faint|p1a: Baxcalibur\n|move|p1b: Chi-Yu|Dark Pulse|p2b: Flutter Mane\n|-damage|p2b: Flutter Mane|0 fnt\n|faint|p2b: Flutter Mane\n|-end|p2b: Flutter Mane|Protosynthesis|[silent]\n|-damage|p1b: Chi-Yu|47\/100|[from] item: Life Orb\n|\n|win|xiaozhililili\n|raw|xiaozhililili's rating: 1557 → 1577<\/strong> (+20 for winning)\n|raw|Atrix MJ's rating: 1554 → 1534<\/strong> (-20 for losing)\n","uploadtime":1683436324,"views":7,"p1id":"xiaozhililili","p2id":"atrixmj","formatid":"gen9vgc2023regulationc","rating":1534,"private":0,"password":""}