{"id":"gen9vgc2023regulationc-1860084093","p1":"ice ice lol","p2":"dashrekawanobi","format":"[Gen 9] VGC 2023 Regulation C","log":"|j|\u2606ice ice lol\n|j|\u2606dashrekawanobi\n|t:|1683593328\n|gametype|doubles\n|player|p1|ice ice lol|rocketgrunt|\n|player|p2|dashrekawanobi|elesa-gen5bw2|\n|teamsize|p1|6\n|teamsize|p2|6\n|gen|9\n|tier|[Gen 9] VGC 2023 Regulation C\n|rule|Species Clause: Limit one of each Pok\u00e9mon\n|rule|Item Clause: Limit one of each item\n|clearpoke\n|poke|p1|Torkoal, L50, F|\n|poke|p1|Flutter Mane, L50|\n|poke|p1|Kingambit, L50, F|\n|poke|p1|Dragonite, L50, F|\n|poke|p1|Great Tusk, L50|\n|poke|p1|Leafeon, L50, F|\n|poke|p2|Volcarona, L50, M|\n|poke|p2|Flutter Mane, L50|\n|poke|p2|Oricorio-Pom-Pom, L50, M|\n|poke|p2|Chi-Yu, L50|\n|poke|p2|Wo-Chien, L50|\n|poke|p2|Palafin, L50, F|\n|teampreview|4\n|c|\u2606dashrekawanobi|fine\ndashrekawanobi rejected open team sheets.\n|c|\u2606ice ice lol|best of 3 glhf\n|c|\u2606dashrekawanobi|u2\n|\n|t:|1683593351\n|start\n|switch|p1a: Torkoal|Torkoal, L50, F, shiny|100\/100\n|switch|p1b: Flutter Mane|Flutter Mane, L50, shiny|100\/100\n|switch|p2a: Flutter Mane|Flutter Mane, L50|100\/100\n|switch|p2b: Palafin|Palafin, L50, F|100\/100\n|-weather|SunnyDay|[from] ability: Drought|[of] p1a: Torkoal\n|-activate|p2a: Flutter Mane|ability: Protosynthesis\n|-start|p2a: Flutter Mane|protosynthesisspe\n|-activate|p1b: Flutter Mane|ability: Protosynthesis\n|-start|p1b: Flutter Mane|protosynthesisspa\n|turn|1\n|\n|t:|1683593377\n|switch|p1a: Leafeon|Leafeon, L50, F, shiny|100\/100\n|-terastallize|p2b: Palafin|Water\n|move|p2a: Flutter Mane|Shadow Ball|p1b: Flutter Mane\n|-supereffective|p1b: Flutter Mane\n|-damage|p1b: Flutter Mane|9\/100\n|-unboost|p1b: Flutter Mane|spd|1\n|move|p1b: Flutter Mane|Shadow Ball|p2a: Flutter Mane\n|-supereffective|p2a: Flutter Mane\n|-damage|p2a: Flutter Mane|0 fnt\n|faint|p2a: Flutter Mane\n|-end|p2a: Flutter Mane|Protosynthesis|[silent]\n|move|p2b: Palafin|Wave Crash|p1a: Leafeon\n|-resisted|p1a: Leafeon\n|-damage|p1a: Leafeon|85\/100\n|-damage|p2b: Palafin|96\/100|[from] Recoil\n|\n|-weather|SunnyDay|[upkeep]\n|upkeep\n|\n|t:|1683593383\n|switch|p2a: Oricorio|Oricorio-Pom-Pom, L50, M|100\/100\n|turn|2\n|\n|t:|1683593393\n|move|p2b: Palafin|Jet Punch|p1b: Flutter Mane\n|-damage|p1b: Flutter Mane|0 fnt\n|faint|p1b: Flutter Mane\n|-end|p1b: Flutter Mane|Protosynthesis|[silent]\n|move|p1a: Leafeon|Leaf Blade|p2b: Palafin\n|-supereffective|p2b: Palafin\n|-damage|p2b: Palafin|0 fnt\n|faint|p2b: Palafin\n|-damage|p1a: Leafeon|75\/100|[from] item: Life Orb\n|move|p2a: Oricorio|Air Slash|p1a: Leafeon|[miss]\n|-miss|p2a: Oricorio|p1a: Leafeon\n|\n|-weather|SunnyDay|[upkeep]\n|upkeep\n|\n|t:|1683593401\n|switch|p1b: Dragonite|Dragonite, L50, F|100\/100\n|switch|p2b: Volcarona|Volcarona, L50, M|100\/100\n|turn|3\n|\n|t:|1683593410\n|-terastallize|p1b: Dragonite|Flying\n|move|p2b: Volcarona|Protect|p2b: Volcarona\n|-singleturn|p2b: Volcarona|Protect\n|move|p1a: Leafeon|Yawn|p2b: Volcarona\n|-activate|p2b: Volcarona|move: Protect\n|move|p2a: Oricorio|Revelation Dance|p1b: Dragonite\n|-supereffective|p1b: Dragonite\n|-damage|p1b: Dragonite|60\/100\n|move|p1b: Dragonite|Tera Blast|p2b: Volcarona\n|-activate|p2b: Volcarona|move: Protect\n|\n|-weather|SunnyDay|[upkeep]\n|upkeep\n|turn|4\n|\n|t:|1683593428\n|move|p1a: Leafeon|Yawn|p2b: Volcarona\n|-start|p2b: Volcarona|move: Yawn|[of] p1a: Leafeon\n|move|p2a: Oricorio|Air Slash|p1a: Leafeon\n|-supereffective|p1a: Leafeon\n|-damage|p1a: Leafeon|0 fnt\n|faint|p1a: Leafeon\n|move|p2b: Volcarona|Fiery Dance|p1b: Dragonite\n|-damage|p1b: Dragonite|6\/100\n|-activate|p2a: Oricorio|ability: Dancer\n|move|p2a: Oricorio|Fiery Dance|p1b: Dragonite|[from]ability: Dancer\n|-damage|p1b: Dragonite|0 fnt\n|-boost|p2a: Oricorio|spa|1\n|faint|p1b: Dragonite\n|\n|-weather|SunnyDay|[upkeep]\n|upkeep\n|\n|t:|1683593440\n|switch|p1b: Torkoal|Torkoal, L50, F, shiny|100\/100\n|turn|5\n|\n|t:|1683593449\n|move|p2b: Volcarona|Quiver Dance|p2b: Volcarona\n|-boost|p2b: Volcarona|spa|1\n|-boost|p2b: Volcarona|spd|1\n|-boost|p2b: Volcarona|spe|1\n|-activate|p2a: Oricorio|ability: Dancer\n|move|p2a: Oricorio|Quiver Dance|p2a: Oricorio|[from]ability: Dancer\n|-boost|p2a: Oricorio|spa|1\n|-boost|p2a: Oricorio|spd|1\n|-boost|p2a: Oricorio|spe|1\n|move|p2a: Oricorio|Revelation Dance|p1b: Torkoal\n|-damage|p1b: Torkoal|0 fnt\n|faint|p1b: Torkoal\n|\n|win|dashrekawanobi\n|c|\u2606dashrekawanobi|gg\n","uploadtime":1683593465,"views":4,"p1id":"iceicelol","p2id":"dashrekawanobi","formatid":"gen9vgc2023regulationc","rating":0,"private":0,"password":""}