{"id":"gen9vgc2023regulationc-1845227801","p1":"therealjackmcg","p2":"DLBC12","format":"[Gen 9] VGC 2023 Regulation C","log":"|j|\u2606therealjackmcg\n|j|\u2606DLBC12\n|t:|1681699010\n|gametype|doubles\n|player|p1|therealjackmcg|ninjaboy|\n|player|p2|DLBC12|guitarist|\n|teamsize|p1|6\n|teamsize|p2|6\n|gen|9\n|tier|[Gen 9] VGC 2023 Regulation C\n|rated|Tournament battle\n|rule|Species Clause: Limit one of each Pok\u00e9mon\n|rule|Item Clause: Limit one of each item\n|clearpoke\n|poke|p1|Mimikyu, L50, F|\n|poke|p1|Arcanine, L50, F|\n|poke|p1|Garganacl, L50, F|\n|poke|p1|Iron Hands, L50|\n|poke|p1|Gholdengo, L50|\n|poke|p1|Wo-Chien, L50|\n|poke|p2|Flutter Mane, L50|\n|poke|p2|Torkoal, L50, M|\n|poke|p2|Great Tusk, L50|\n|poke|p2|Iron Hands, L50|\n|poke|p2|Chi-Yu, L50|\n|poke|p2|Indeedee-F, L50, F|\n|teampreview|4\n|raw| Open Team Sheet for therealjackmcg<\/summary>Mimikyu @ Life Orb Ability: Disguise Level: 50 Tera Type: Ghost - Shadow Claw - Shadow Sneak - Play Rough - Protect Arcanine @ Sitrus Berry Ability: Intimidate Level: 50 Tera Type: Water - Flare Blitz - Will-O-Wisp - Snarl - Protect Garganacl @ Leftovers Ability: Purifying Salt Level: 50 Tera Type: Poison - Salt Cure - Wide Guard - Recover - Protect Iron Hands @ Assault Vest Ability: Quark Drive Level: 50 Tera Type: Fighting - Wild Charge - Drain Punch - Volt Switch - Fake Out Gholdengo @ Choice Specs Ability: Good as Gold Level: 50 Tera Type: Steel - Make It Rain - Shadow Ball - Thunderbolt - Power Gem Wo-Chien @ Big Root Ability: Tablets of Ruin Level: 50 Tera Type: Water - Pollen Puff - Ruination - Leech Seed - Protect <\/details><\/div> Open Team Sheet for DLBC12<\/summary>Flutter Mane @ Life Orb Ability: Protosynthesis Level: 50 Tera Type: Fairy - Moonblast - Shadow Ball - Dazzling Gleam - Protect Torkoal @ Charcoal Ability: Drought Level: 50 Tera Type: Fire - Protect - Eruption - Earth Power - Yawn Great Tusk @ Assault Vest Ability: Protosynthesis Level: 50 Hidden Power: Fighting Tera Type: Fighting - Ice Spinner - Headlong Rush - Close Combat - Earthquake Iron Hands @ Sitrus Berry Ability: Quark Drive Level: 50 Tera Type: Grass - Fake Out - Drain Punch - Wild Charge - Protect Chi-Yu @ Focus Sash Ability: Beads of Ruin Level: 50 Tera Type: Grass - Protect - Heat Wave - Dark Pulse - Tera Blast Indeedee (Indeedee-F) (F) @ Mental Herb Ability: Psychic Surge Level: 50 Tera Type: Fire - Protect - Helping Hand - Psychic - Follow Me <\/details><\/div>\n|\n|t:|1681699057\n|start\n|switch|p1a: Wo-Chien|Wo-Chien, L50|100\/100\n|switch|p1b: Garganacl|Garganacl, L50, F|100\/100\n|switch|p2a: Chi-Yu|Chi-Yu, L50|100\/100\n|switch|p2b: Indeedee|Indeedee-F, L50, F|100\/100\n|-ability|p2a: Chi-Yu|Beads of Ruin\n|-fieldstart|move: Psychic Terrain|[from] ability: Psychic Surge|[of] p2b: Indeedee\n|-ability|p1a: Wo-Chien|Tablets of Ruin\n|turn|1\n|inactive|Battle timer is ON: inactive players will automatically lose when time's up. (requested by DLBC12)\n|inactive|DLBC12 has 60 seconds left.\n|\n|t:|1681699108\n|-terastallize|p2a: Chi-Yu|Grass\n|-terastallize|p1a: Wo-Chien|Water\n|move|p2b: Indeedee|Follow Me|p2b: Indeedee\n|-singleturn|p2b: Indeedee|move: Follow Me\n|move|p2a: Chi-Yu|Tera Blast|p1b: Garganacl\n|-supereffective|p1b: Garganacl\n|-damage|p1b: Garganacl|0 fnt\n|faint|p1b: Garganacl\n|move|p1a: Wo-Chien|Leech Seed|p2b: Indeedee\n|-start|p2b: Indeedee|move: Leech Seed\n|\n|-damage|p2b: Indeedee|88\/100|[from] Leech Seed|[of] p1a: Wo-Chien\n|upkeep\n|c|\u2606therealjackmcg|awe\n|\n|t:|1681699123\n|switch|p1b: Arcanine|Arcanine, L50, F|100\/100\n|-ability|p1b: Arcanine|Intimidate|boost\n|-unboost|p2a: Chi-Yu|atk|1\n|-unboost|p2b: Indeedee|atk|1\n|turn|2\n|j| ThunderbirdBC\n|inactive|DLBC12 has 30 seconds left.\n|c|\u2606therealjackmcg|i wasnt expecting that maybe i should have looked at the team sheet lol\n|\n|t:|1681699151\n|move|p2a: Chi-Yu|Protect|p2a: Chi-Yu\n|-singleturn|p2a: Chi-Yu|Protect\n|move|p1a: Wo-Chien|Protect|p1a: Wo-Chien\n|-singleturn|p1a: Wo-Chien|Protect\n|move|p1b: Arcanine|Snarl|p2b: Indeedee|[spread] p2b\n|-activate|p2a: Chi-Yu|move: Protect\n|-supereffective|p2b: Indeedee\n|-damage|p2b: Indeedee|70\/100\n|-unboost|p2b: Indeedee|spa|1\n|move|p2b: Indeedee|Psychic|p1b: Arcanine\n|-damage|p1b: Arcanine|76\/100\n|-unboost|p1b: Arcanine|spd|1\n|\n|-damage|p2b: Indeedee|58\/100|[from] Leech Seed|[of] p1a: Wo-Chien\n|upkeep\n|turn|3\n|\n|t:|1681699171\n|switch|p1a: Gholdengo|Gholdengo, L50|100\/100\n|move|p2b: Indeedee|Helping Hand|p2a: Chi-Yu\n|-singleturn|p2a: Chi-Yu|Helping Hand|[of] p2b: Indeedee\n|move|p2a: Chi-Yu|Tera Blast|p1a: Gholdengo\n|-resisted|p1a: Gholdengo\n|-damage|p1a: Gholdengo|49\/100\n|move|p1b: Arcanine|Snarl|p2a: Chi-Yu|[spread] p2a,p2b\n|-supereffective|p2b: Indeedee\n|-damage|p2a: Chi-Yu|90\/100\n|-damage|p2b: Indeedee|38\/100\n|-unboost|p2a: Chi-Yu|spa|1\n|-unboost|p2b: Indeedee|spa|1\n|\n|-damage|p2b: Indeedee|26\/100|[from] Leech Seed|[of] p1a: Gholdengo\n|-heal|p1a: Gholdengo|63\/100|[silent]\n|upkeep\n|turn|4\n|inactive|DLBC12 has 30 seconds left.\n|\n|t:|1681699206\n|move|p2a: Chi-Yu|Protect|p2a: Chi-Yu\n|-singleturn|p2a: Chi-Yu|Protect\n|move|p2b: Indeedee|Protect|p2b: Indeedee\n|-singleturn|p2b: Indeedee|Protect\n|move|p1a: Gholdengo|Make It Rain|p2a: Chi-Yu|[spread] \n|-activate|p2a: Chi-Yu|move: Protect\n|-activate|p2b: Indeedee|move: Protect\n|move|p1b: Arcanine|Flare Blitz|p2a: Chi-Yu\n|-activate|p2a: Chi-Yu|move: Protect\n|\n|-damage|p2b: Indeedee|13\/100|[from] Leech Seed|[of] p1a: Gholdengo\n|-heal|p1a: Gholdengo|76\/100|[silent]\n|upkeep\n|turn|5\n|\n|t:|1681699227\n|move|p2b: Indeedee|Follow Me|p2b: Indeedee\n|-singleturn|p2b: Indeedee|move: Follow Me\n|move|p2a: Chi-Yu|Dark Pulse|p1a: Gholdengo\n|-supereffective|p1a: Gholdengo\n|-damage|p1a: Gholdengo|0 fnt\n|faint|p1a: Gholdengo\n|move|p1b: Arcanine|Flare Blitz|p2b: Indeedee\n|-damage|p2b: Indeedee|0 fnt\n|faint|p2b: Indeedee\n|-damage|p1b: Arcanine|72\/100|[from] Recoil\n|\n|-fieldend|move: Psychic Terrain\n|upkeep\n|\n|t:|1681699239\n|switch|p1a: Wo-Chien|Wo-Chien, L50, tera:Water|100\/100\n|switch|p2b: Flutter Mane|Flutter Mane, L50|100\/100\n|-ability|p1a: Wo-Chien|Tablets of Ruin\n|turn|6\n|inactive|DLBC12 has 30 seconds left.\n|\n|t:|1681699272\n|move|p1a: Wo-Chien|Protect|p1a: Wo-Chien\n|-singleturn|p1a: Wo-Chien|Protect\n|move|p2b: Flutter Mane|Shadow Ball|p1b: Arcanine\n|-damage|p1b: Arcanine|0 fnt\n|faint|p1b: Arcanine\n|-damage|p2b: Flutter Mane|90\/100|[from] item: Life Orb\n|move|p2a: Chi-Yu|Dark Pulse|p1a: Wo-Chien\n|-activate|p1a: Wo-Chien|move: Protect\n|\n|upkeep\n|turn|7\n|inactive|therealjackmcg has 30 seconds left.\n|\n|t:|1681699299\n|move|p1a: Wo-Chien|Protect|p1a: Wo-Chien\n|-singleturn|p1a: Wo-Chien|Protect\n|move|p2b: Flutter Mane|Shadow Ball|p1a: Wo-Chien\n|-activate|p1a: Wo-Chien|move: Protect\n|move|p2a: Chi-Yu|Tera Blast|p1a: Wo-Chien\n|-activate|p1a: Wo-Chien|move: Protect\n|\n|upkeep\n|turn|8\n|\n|t:|1681699309\n|move|p2b: Flutter Mane|Shadow Ball|p1a: Wo-Chien\n|-damage|p1a: Wo-Chien|58\/100\n|-damage|p2b: Flutter Mane|80\/100|[from] item: Life Orb\n|move|p2a: Chi-Yu|Tera Blast|p1a: Wo-Chien\n|-supereffective|p1a: Wo-Chien\n|-damage|p1a: Wo-Chien|17\/100\n|move|p1a: Wo-Chien|Ruination|p2b: Flutter Mane\n|-damage|p2b: Flutter Mane|40\/100\n|\n|upkeep\n|turn|9\n|\n|t:|1681699325\n|move|p2b: Flutter Mane|Protect|p2b: Flutter Mane\n|-singleturn|p2b: Flutter Mane|Protect\n|move|p2a: Chi-Yu|Tera Blast|p1a: Wo-Chien\n|-supereffective|p1a: Wo-Chien\n|-damage|p1a: Wo-Chien|0 fnt\n|faint|p1a: Wo-Chien\n|\n|win|DLBC12\n|n|\u2606therealjackmcg|therealjackmcg\n|n|\u2606DLBC12|dlbc12\n|n| ThunderbirdBC|thunderbirdbc\n|l|\u2606therealjackmcg\n","uploadtime":1681699343,"views":7,"p1id":"therealjackmcg","p2id":"dlbc12","formatid":"gen9vgc2023regulationc","rating":0,"private":0,"password":""}