{"id":"gen9vgc2023regulationc-1857433005","p1":"AntVerita","p2":"leoroop","format":"[Gen 9] VGC 2023 Regulation C","log":"|j|\u2606AntVerita\n|j|\u2606leoroop\n|t:|1683192359\n|gametype|doubles\n|player|p1|AntVerita|169|1088\n|player|p2|leoroop|backpacker|1122\n|teamsize|p1|5\n|teamsize|p2|6\n|gen|9\n|tier|[Gen 9] VGC 2023 Regulation C\n|rated|\n|rule|Species Clause: Limit one of each Pok\u00e9mon\n|rule|Item Clause: Limit one of each item\n|clearpoke\n|poke|p1|Annihilape, L50, M|\n|poke|p1|Abomasnow, L50, M|\n|poke|p1|Iron Bundle, L50|\n|poke|p1|Chi-Yu, L50|\n|poke|p1|Arcanine, L50, F|\n|poke|p2|Gyarados, L50, F|\n|poke|p2|Amoonguss, L50, M|\n|poke|p2|Kingambit, L50, M|\n|poke|p2|Flutter Mane, L50|\n|poke|p2|Chi-Yu, L50|\n|poke|p2|Baxcalibur, L50, M|\n|teampreview|4\n|inactive|Battle timer is ON: inactive players will automatically lose when time's up. (requested by AntVerita)\n|\n|t:|1683192386\n|start\n|switch|p1a: Abomasnow|Abomasnow, L50, M|100\/100\n|switch|p1b: Iron Bundle|Iron Bundle, L50|100\/100\n|switch|p2a: Kingambit|Kingambit, L50, M|100\/100\n|switch|p2b: Chi-Yu|Chi-Yu, L50|100\/100\n|-ability|p2b: Chi-Yu|Beads of Ruin\n|-weather|Snow|[from] ability: Snow Warning|[of] p1a: Abomasnow\n|turn|1\n|\n|t:|1683192411\n|move|p2b: Chi-Yu|Heat Wave|p1b: Iron Bundle|[spread] p1a,p1b\n|-supereffective|p1a: Abomasnow\n|-damage|p1a: Abomasnow|0 fnt\n|-damage|p1b: Iron Bundle|3\/100\n|faint|p1a: Abomasnow\n|move|p1b: Iron Bundle|Aurora Veil|p1b: Iron Bundle\n|-sidestart|p1: AntVerita|move: Aurora Veil\n|move|p2a: Kingambit|Iron Head|p1b: Iron Bundle\n|-damage|p1b: Iron Bundle|0 fnt\n|faint|p1b: Iron Bundle\n|-end|p1b: Iron Bundle|Quark Drive|[silent]\n|\n|-weather|Snow|[upkeep]\n|upkeep\n|\n|t:|1683192420\n|switch|p1b: Arcanine|Arcanine, L50, F|100\/100\n|switch|p1a: Annihilape|Annihilape, L50, M|100\/100\n|-ability|p1b: Arcanine|Intimidate|boost\n|-unboost|p2a: Kingambit|atk|1\n|-ability|p2a: Kingambit|Defiant|boost\n|-boost|p2a: Kingambit|atk|2\n|-enditem|p1a: Annihilape|Mirror Herb\n|-boost|p1a: Annihilape|atk|2|[from] item: Mirror Herb\n|-unboost|p2b: Chi-Yu|atk|1\n|turn|2\n|\n|t:|1683192444\n|-terastallize|p1a: Annihilape|Fire\n|-terastallize|p2a: Kingambit|Fire\n|move|p2b: Chi-Yu|Heat Wave|p1a: Annihilape|[spread] p1a,p1b\n|-resisted|p1a: Annihilape\n|-resisted|p1b: Arcanine\n|-damage|p1a: Annihilape|87\/100\n|-damage|p1b: Arcanine|87\/100\n|move|p1b: Arcanine|Will-O-Wisp|p2a: Kingambit\n|-immune|p2a: Kingambit\n|move|p1a: Annihilape|Bulk Up|p1a: Annihilape\n|-boost|p1a: Annihilape|atk|1\n|-boost|p1a: Annihilape|def|1\n|move|p2a: Kingambit|Assurance|p1b: Arcanine\n|-damage|p1b: Arcanine|15\/100\n|-enditem|p1b: Arcanine|Aguav Berry|[eat]\n|-heal|p1b: Arcanine|48\/100|[from] item: Aguav Berry\n|\n|-weather|Snow|[upkeep]\n|upkeep\n|turn|3\n|inactive|leoroop has 30 seconds left.\n|\n|t:|1683192473\n|switch|p2b: Amoonguss|Amoonguss, L50, M|100\/100\n|move|p2a: Kingambit|Sucker Punch||[still]\n|-fail|p2a: Kingambit\n|move|p1b: Arcanine|Howl|p1b: Arcanine|[spread] p1a,p1b\n|-boost|p1a: Annihilape|atk|1\n|-boost|p1b: Arcanine|atk|1\n|move|p1a: Annihilape|Drain Punch|p2b: Amoonguss\n|-resisted|p2b: Amoonguss\n|-damage|p2b: Amoonguss|61\/100\n|-heal|p1a: Annihilape|100\/100|[from] drain|[of] p2b: Amoonguss\n|\n|-weather|Snow|[upkeep]\n|upkeep\n|turn|4\n|\n|t:|1683192491\n|move|p1b: Arcanine|Howl|p1b: Arcanine|[spread] p1a,p1b\n|-boost|p1a: Annihilape|atk|1\n|-boost|p1b: Arcanine|atk|1\n|move|p1a: Annihilape|Rage Fist|p2b: Amoonguss\n|-damage|p2b: Amoonguss|0 fnt\n|faint|p2b: Amoonguss\n|move|p2a: Kingambit|Assurance|p1b: Arcanine\n|-damage|p1b: Arcanine|12\/100\n|\n|-weather|Snow|[upkeep]\n|upkeep\n|\n|t:|1683192514\n|switch|p2b: Chi-Yu|Chi-Yu, L50|100\/100\n|-ability|p2b: Chi-Yu|Beads of Ruin\n|turn|5\n|\n|t:|1683192529\n|move|p2b: Chi-Yu|Dark Pulse|p1a: Annihilape\n|-damage|p1a: Annihilape|70\/100\n|move|p1b: Arcanine|Flare Blitz|p2a: Kingambit\n|-resisted|p2a: Kingambit\n|-damage|p2a: Kingambit|66\/100\n|-damage|p1b: Arcanine|0 fnt|[from] Recoil\n|faint|p1b: Arcanine\n|move|p1a: Annihilape|Drain Punch|p2b: Chi-Yu\n|-supereffective|p2b: Chi-Yu\n|-damage|p2b: Chi-Yu|0 fnt\n|-heal|p1a: Annihilape|100\/100|[from] drain|[of] p2b: Chi-Yu\n|faint|p2b: Chi-Yu\n|move|p2a: Kingambit|Assurance|p1a: Annihilape\n|-crit|p1a: Annihilape\n|-damage|p1a: Annihilape|0 fnt\n|faint|p1a: Annihilape\n|\n|win|leoroop\n|raw|AntVerita's rating: 1088 → 1067<\/strong> (-21 for losing)\n|raw|leoroop's rating: 1122 → 1145<\/strong> (+23 for winning)\n","uploadtime":1683192541,"views":15,"p1id":"antverita","p2id":"leoroop","formatid":"gen9vgc2023regulationc","rating":1067,"private":0,"password":""}