{"id":"gen9vgc2023regulationc-1852800375","p1":"icedragonkid105","p2":"EchelonOsaka","format":"[Gen 9] VGC 2023 Regulation C","log":"|j|\u2606icedragonkid105\n|j|\u2606EchelonOsaka\n|t:|1682607377\n|gametype|doubles\n|player|p1|icedragonkid105|265|1175\n|player|p2|EchelonOsaka|265|1199\n|teamsize|p1|6\n|teamsize|p2|6\n|gen|9\n|tier|[Gen 9] VGC 2023 Regulation C\n|rated|\n|rule|Species Clause: Limit one of each Pok\u00e9mon\n|rule|Item Clause: Limit one of each item\n|clearpoke\n|poke|p1|Baxcalibur, L50, M|\n|poke|p1|Flutter Mane, L50|\n|poke|p1|Chi-Yu, L50|\n|poke|p1|Iron Hands, L50|\n|poke|p1|Iron Bundle, L50|\n|poke|p1|Arcanine, L50, M|\n|poke|p2|Gyarados, L50, M|\n|poke|p2|Amoonguss, L50, M|\n|poke|p2|Gothitelle, L50, F|\n|poke|p2|Flutter Mane, L50|\n|poke|p2|Scream Tail, L50|\n|poke|p2|Arcanine, L50, M|\n|teampreview|4\n|\n|t:|1682607423\n|start\n|switch|p1a: Dom|Iron Hands, L50|100\/100\n|switch|p1b: Glacius|Baxcalibur, L50, M|100\/100\n|switch|p2a: Gyarados|Gyarados, L50, M|100\/100\n|switch|p2b: Flutter Mane|Flutter Mane, L50|100\/100\n|-ability|p2a: Gyarados|Intimidate|boost\n|-unboost|p1a: Dom|atk|1\n|-fail|p1b: Glacius|unboost|[from] item: Clear Amulet|[of] p1b: Glacius\n|turn|1\n|inactive|Battle timer is ON: inactive players will automatically lose when time's up. (requested by icedragonkid105)\n|\n|t:|1682607446\n|switch|p2a: Gothitelle|Gothitelle, L50, F|100\/100\n|-terastallize|p1b: Glacius|Poison\n|move|p2b: Flutter Mane|Perish Song|p2b: Flutter Mane\n|-start|p1a: Dom|perish3|[silent]\n|-start|p1b: Glacius|perish3|[silent]\n|-start|p2a: Gothitelle|perish3|[silent]\n|-start|p2b: Flutter Mane|perish3|[silent]\n|-fieldactivate|move: Perish Song\n|move|p1b: Glacius|Icicle Crash|p2b: Flutter Mane\n|-damage|p2b: Flutter Mane|19\/100\n|move|p1a: Dom|Volt Switch|p2a: Gothitelle\n|-damage|p2a: Gothitelle|91\/100\n|\n|t:|1682607459\n|-end|p1a: Dom|Quark Drive|[silent]\n|switch|p1a: Rouge|Flutter Mane, L50, shiny|100\/100|[from] Volt Switch\n|-enditem|p1a: Rouge|Booster Energy\n|-activate|p1a: Rouge|ability: Protosynthesis|[fromitem]\n|-start|p1a: Rouge|protosynthesisspe\n|\n|-heal|p2b: Flutter Mane|25\/100|[from] item: Leftovers\n|-start|p2b: Flutter Mane|perish3\n|-start|p1b: Glacius|perish3\n|-start|p2a: Gothitelle|perish3\n|upkeep\n|turn|2\n|inactive|EchelonOsaka has 30 seconds left.\n|\n|t:|1682607486\n|-terastallize|p2a: Gothitelle|Dark\n|move|p2a: Gothitelle|Fake Out|p1b: Glacius\n|-damage|p1b: Glacius|95\/100\n|move|p1a: Rouge|Dazzling Gleam|p2b: Flutter Mane|[spread] p2a,p2b\n|-supereffective|p2a: Gothitelle\n|-damage|p2a: Gothitelle|40\/100\n|-damage|p2b: Flutter Mane|0 fnt\n|faint|p2b: Flutter Mane\n|-end|p2b: Flutter Mane|Protosynthesis|[silent]\n|cant|p1b: Glacius|flinch\n|\n|-start|p1b: Glacius|perish2\n|-start|p2a: Gothitelle|perish2\n|upkeep\n|\n|t:|1682607501\n|switch|p2b: Gyarados|Gyarados, L50, M|100\/100\n|-ability|p2b: Gyarados|Intimidate|boost\n|-unboost|p1a: Rouge|atk|1\n|-fail|p1b: Glacius|unboost|[from] item: Clear Amulet|[of] p1b: Glacius\n|turn|3\n|\n|t:|1682607512\n|move|p2a: Gothitelle|Protect|p2a: Gothitelle\n|-singleturn|p2a: Gothitelle|Protect\n|move|p1a: Rouge|Dazzling Gleam|p2b: Gyarados|[spread] p2b\n|-activate|p2a: Gothitelle|move: Protect\n|-damage|p2b: Gyarados|73\/100\n|move|p2b: Gyarados|Iron Head|p1a: Rouge\n|-supereffective|p1a: Rouge\n|-damage|p1a: Rouge|9\/100\n|move|p1b: Glacius|Glaive Rush|p2b: Gyarados\n|-damage|p2b: Gyarados|6\/100\n|-singlemove|p1b: Glacius|Glaive Rush|[silent]\n|\n|-start|p1b: Glacius|perish1\n|-start|p2a: Gothitelle|perish1\n|upkeep\n|turn|4\n|inactive|icedragonkid105 has 30 seconds left.\n|inactive|EchelonOsaka has 30 seconds left.\n|\n|t:|1682607545\n|switch|p2a: Amoonguss|Amoonguss, L50, M|100\/100\n|move|p1b: Glacius|Ice Shard|p2a: Amoonguss\n|-supereffective|p2a: Amoonguss\n|-damage|p2a: Amoonguss|56\/100\n|move|p1a: Rouge|Dazzling Gleam|p2b: Gyarados|[spread] p2a,p2b\n|-resisted|p2a: Amoonguss\n|-damage|p2a: Amoonguss|44\/100\n|-damage|p2b: Gyarados|0 fnt\n|faint|p2b: Gyarados\n|\n|-start|p1b: Glacius|perish0\n|upkeep\n|faint|p1b: Glacius\n|\n|t:|1682607558\n|switch|p2b: Gothitelle|Gothitelle, L50, F, tera:Dark|40\/100\n|switch|p1b: Dom|Iron Hands, L50|100\/100\n|turn|5\n|inactive|EchelonOsaka has 30 seconds left.\n|inactive|EchelonOsaka has 20 seconds left.\n|c|\u2606icedragonkid105|Gg\n|inactive|EchelonOsaka has 15 seconds left.\n|\n|t:|1682607603\n|move|p2b: Gothitelle|Protect|p2b: Gothitelle\n|-singleturn|p2b: Gothitelle|Protect\n|move|p1b: Dom|Fake Out|p2b: Gothitelle\n|-activate|p2b: Gothitelle|move: Protect\n|move|p1a: Rouge|Mystical Fire|p2a: Amoonguss\n|-supereffective|p2a: Amoonguss\n|-damage|p2a: Amoonguss|1\/100\n|-unboost|p2a: Amoonguss|spa|1\n|-enditem|p2a: Amoonguss|Aguav Berry|[eat]\n|-heal|p2a: Amoonguss|35\/100|[from] item: Aguav Berry\n|move|p2a: Amoonguss|Spore|p1a: Rouge\n|-status|p1a: Rouge|slp|[from] move: Spore\n|\n|upkeep\n|turn|6\n|inactive|icedragonkid105 has 30 seconds left.\n|inactive|EchelonOsaka has 30 seconds left.\n|\n|t:|1682607633\n|cant|p1a: Rouge|slp\n|move|p2a: Amoonguss|Rage Powder|p2a: Amoonguss\n|-singleturn|p2a: Amoonguss|move: Rage Powder\n|move|p2b: Gothitelle|Thunderbolt|p1a: Rouge\n|-damage|p1a: Rouge|0 fnt\n|faint|p1a: Rouge\n|-end|p1a: Rouge|Protosynthesis|[silent]\n|move|p1b: Dom|Drain Punch|p2a: Amoonguss\n|-resisted|p2a: Amoonguss\n|-damage|p2a: Amoonguss|16\/100\n|\n|upkeep\n|\n|t:|1682607645\n|switch|p1a: K-9|Arcanine, L50, M|100\/100\n|-ability|p1a: K-9|Intimidate|boost\n|-unboost|p2a: Amoonguss|atk|1\n|-unboost|p2b: Gothitelle|atk|1\n|turn|7\n|\n|t:|1682607660\n|move|p1a: K-9|Flare Blitz|p2a: Amoonguss\n|-supereffective|p2a: Amoonguss\n|-damage|p2a: Amoonguss|0 fnt\n|faint|p2a: Amoonguss\n|-damage|p1a: K-9|94\/100|[from] Recoil\n|move|p2b: Gothitelle|Heal Pulse|p2: Amoonguss|[notarget]\n|-fail|p2b: Gothitelle\n|move|p1b: Dom|Drain Punch|p2b: Gothitelle\n|-supereffective|p2b: Gothitelle\n|-damage|p2b: Gothitelle|0 fnt\n|faint|p2b: Gothitelle\n|\n|win|icedragonkid105\n|raw|icedragonkid105's rating: 1175 → 1202<\/strong> (+27 for winning)\n|raw|EchelonOsaka's rating: 1199 → 1172<\/strong> (-27 for losing)\n|l|\u2606EchelonOsaka\n","uploadtime":1682607684,"views":6,"p1id":"icedragonkid105","p2id":"echelonosaka","formatid":"gen9vgc2023regulationc","rating":1172,"private":0,"password":""}