{"id":"gen9vgc2023regulationc-1852389323","p1":"DonDeLenguas","p2":"MinimanYT","format":"[Gen 9] VGC 2023 Regulation C","log":"|j|\u2606DonDeLenguas\n|j|\u203dMinimanYT\n|t:|1682551591\n|gametype|doubles\n|player|p1|DonDeLenguas|benga|1535\n|player|p2|MinimanYT|iris|1448\n|teamsize|p1|6\n|teamsize|p2|6\n|gen|9\n|tier|[Gen 9] VGC 2023 Regulation C\n|rated|\n|rule|Species Clause: Limit one of each Pok\u00e9mon\n|rule|Item Clause: Limit one of each item\n|clearpoke\n|poke|p1|Murkrow, L50, M|\n|poke|p1|Great Tusk, L50|\n|poke|p1|Flutter Mane, L50|\n|poke|p1|Armarouge, L50, M|\n|poke|p1|Annihilape, L50, M|\n|poke|p1|Chi-Yu, L50|\n|poke|p2|Glimmora, L50, F|\n|poke|p2|Iron Bundle, L50|\n|poke|p2|Chien-Pao, L50|\n|poke|p2|Braviary, L50, M|\n|poke|p2|Pawmot, L50, M|\n|poke|p2|Arcanine, L50, M|\n|teampreview|4\n|inactive|Battle timer is ON: inactive players will automatically lose when time's up. (requested by DonDeLenguas)\n|\n|t:|1682551643\n|start\n|switch|p1a: Murkrow|Murkrow, L50, M|100\/100\n|switch|p1b: Great Tusk|Great Tusk, L50|100\/100\n|switch|p2a: Braviary|Braviary, L50, M|100\/100\n|switch|p2b: Chien-Pao|Chien-Pao, L50|100\/100\n|-ability|p2b: Chien-Pao|Sword of Ruin\n|turn|1\n|\n|t:|1682551663\n|switch|p2b: Arcanine|Arcanine, L50, M|100\/100\n|-ability|p2b: Arcanine|Intimidate|boost\n|-unboost|p1a: Murkrow|atk|1\n|-unboost|p1b: Great Tusk|atk|1\n|move|p1a: Murkrow|Tailwind|p1a: Murkrow\n|-sidestart|p1: DonDeLenguas|move: Tailwind\n|move|p1b: Great Tusk|Rock Slide|p2b: Arcanine|[spread] p2a,p2b\n|-supereffective|p2a: Braviary\n|-supereffective|p2b: Arcanine\n|-damage|p2a: Braviary|50\/100\n|-damage|p2b: Arcanine|56\/100\n|move|p2a: Braviary|Brave Bird|p1b: Great Tusk\n|-supereffective|p1b: Great Tusk\n|-damage|p1b: Great Tusk|17\/100\n|-damage|p2a: Braviary|21\/100|[from] Recoil\n|\n|upkeep\n|turn|2\n|\n|t:|1682551686\n|switch|p2a: Chien-Pao|Chien-Pao, L50|100\/100\n|-ability|p2a: Chien-Pao|Sword of Ruin\n|move|p2b: Arcanine|Extreme Speed|p1b: Great Tusk\n|-damage|p1b: Great Tusk|0 fnt\n|faint|p1b: Great Tusk\n|-end|p1b: Great Tusk|Protosynthesis|[silent]\n|move|p1a: Murkrow|Sunny Day|p1a: Murkrow\n|-weather|SunnyDay\n|\n|-weather|SunnyDay|[upkeep]\n|upkeep\n|\n|t:|1682551697\n|switch|p1b: Flutter Mane|Flutter Mane, L50|100\/100\n|-activate|p1b: Flutter Mane|ability: Protosynthesis\n|-start|p1b: Flutter Mane|protosynthesisspa\n|turn|3\n|inactive|MinimanYT has 30 seconds left.\n|\n|t:|1682551722\n|move|p2a: Chien-Pao|Sucker Punch|p1b: Flutter Mane\n|-damage|p1b: Flutter Mane|0 fnt\n|faint|p1b: Flutter Mane\n|-end|p1b: Flutter Mane|Protosynthesis|[silent]\n|-damage|p2a: Chien-Pao|91\/100|[from] item: Life Orb\n|move|p1a: Murkrow|Brave Bird|p2a: Chien-Pao\n|-damage|p2a: Chien-Pao|59\/100\n|-damage|p1a: Murkrow|91\/100|[from] Recoil\n|move|p2b: Arcanine|Will-O-Wisp|p1a: Murkrow\n|-status|p1a: Murkrow|brn\n|\n|-weather|SunnyDay|[upkeep]\n|-damage|p1a: Murkrow|85\/100 brn|[from] brn\n|upkeep\n|\n|t:|1682551729\n|switch|p1b: Annihilape|Annihilape, L50, M|100\/100\n|turn|4\n|\n|t:|1682551744\n|-terastallize|p1b: Annihilape|Fire\n|move|p2a: Chien-Pao|Protect|p2a: Chien-Pao\n|-singleturn|p2a: Chien-Pao|Protect\n|move|p1a: Murkrow|Brave Bird|p2a: Chien-Pao\n|-activate|p2a: Chien-Pao|move: Protect\n|move|p1b: Annihilape|Bulk Up|p1b: Annihilape\n|-boost|p1b: Annihilape|atk|1\n|-boost|p1b: Annihilape|def|1\n|move|p2b: Arcanine|Flare Blitz|p1a: Murkrow\n|-damage|p1a: Murkrow|0 fnt\n|faint|p1a: Murkrow\n|-damage|p2b: Arcanine|32\/100|[from] Recoil\n|\n|-weather|SunnyDay|[upkeep]\n|-sideend|p1: DonDeLenguas|move: Tailwind\n|upkeep\n|turn|5\n|inactive|MinimanYT has 30 seconds left.\n|\n|t:|1682551773\n|switch|p2b: Pawmot|Pawmot, L50, M|100\/100\n|move|p2a: Chien-Pao|Sacred Sword|p1b: Annihilape\n|-damage|p1b: Annihilape|45\/100\n|-damage|p2a: Chien-Pao|50\/100|[from] item: Life Orb\n|move|p1b: Annihilape|Bulk Up|p1b: Annihilape\n|-boost|p1b: Annihilape|atk|1\n|-boost|p1b: Annihilape|def|1\n|\n|-weather|SunnyDay|[upkeep]\n|-heal|p1b: Annihilape|51\/100|[from] item: Leftovers\n|upkeep\n|turn|6\n|\n|t:|1682551785\n|move|p2b: Pawmot|Fake Out|p1b: Annihilape\n|-damage|p1b: Annihilape|42\/100\n|move|p2a: Chien-Pao|Sacred Sword|p1b: Annihilape\n|-damage|p1b: Annihilape|0 fnt\n|faint|p1b: Annihilape\n|-damage|p2a: Chien-Pao|40\/100|[from] item: Life Orb\n|\n|win|MinimanYT\n|raw|DonDeLenguas's rating: 1535 → 1510<\/strong> (-25 for losing)\n|raw|MinimanYT's rating: 1448 → 1473<\/strong> (+25 for winning)\n|l|\u2606DonDeLenguas\n","uploadtime":1682551806,"views":18,"p1id":"dondelenguas","p2id":"minimanyt","formatid":"gen9vgc2023regulationc","rating":1473,"private":0,"password":""}