{"id":"gen9vgc2023regulationc-1849652004","p1":"godfloof","p2":"BattlelegendRyan","format":"[Gen 9] VGC 2023 Regulation C","log":"|j|\u2606godfloof\n|j|\u2606BattlelegendRyan\n|t:|1682226019\n|gametype|doubles\n|player|p1|godfloof|2|1067\n|player|p2|BattlelegendRyan|palmer|1043\n|teamsize|p1|6\n|teamsize|p2|6\n|gen|9\n|tier|[Gen 9] VGC 2023 Regulation C\n|rated|\n|rule|Species Clause: Limit one of each Pok\u00e9mon\n|rule|Item Clause: Limit one of each item\n|clearpoke\n|poke|p1|Palafin, L50, F|\n|poke|p1|Flutter Mane, L50|\n|poke|p1|Arcanine, L50, M|\n|poke|p1|Ting-Lu, L50|\n|poke|p1|Amoonguss, L50, M|\n|poke|p1|Kingambit, L50, M|\n|poke|p2|Azumarill, L50, M|\n|poke|p2|Maushold, L50|\n|poke|p2|Palafin, L50, F|\n|poke|p2|Dragapult, L50, M|\n|poke|p2|Gholdengo, L50|\n|poke|p2|Amoonguss, L50, F|\n|teampreview|4\n|\n|t:|1682226031\n|start\n|switch|p1a: Arcanine|Arcanine, L50, M, shiny|100\/100\n|switch|p1b: Ting-Lu|Ting-Lu, L50|100\/100\n|switch|p2a: zoomie|Azumarill, L50, M|100\/100\n|switch|p2b: Maushold|Maushold, L50|100\/100\n|-ability|p1a: Arcanine|Intimidate|boost\n|-unboost|p2a: zoomie|atk|1\n|-unboost|p2b: Maushold|atk|1\n|-ability|p1b: Ting-Lu|Vessel of Ruin\n|turn|1\n|\n|t:|1682226046\n|move|p2b: Maushold|Follow Me|p2b: Maushold\n|-singleturn|p2b: Maushold|move: Follow Me\n|move|p1a: Arcanine|Howl|p1a: Arcanine|[spread] p1a,p1b\n|-boost|p1a: Arcanine|atk|1\n|-boost|p1b: Ting-Lu|atk|1\n|move|p1b: Ting-Lu|Ruination|p2b: Maushold\n|-damage|p2b: Maushold|50\/100\n|move|p2a: zoomie|Belly Drum|p2a: zoomie\n|-damage|p2a: zoomie|50\/100\n|-setboost|p2a: zoomie|atk|6|[from] move: Belly Drum\n|-enditem|p2a: zoomie|Sitrus Berry|[eat]\n|-heal|p2a: zoomie|75\/100|[from] item: Sitrus Berry\n|\n|upkeep\n|turn|2\n|\n|t:|1682226064\n|-terastallize|p2a: zoomie|Water\n|move|p2a: zoomie|Aqua Jet|p1b: Ting-Lu\n|-supereffective|p1b: Ting-Lu\n|-damage|p1b: Ting-Lu|0 fnt\n|faint|p1b: Ting-Lu\n|move|p2b: Maushold|Thunder Wave|p1a: Arcanine\n|-status|p1a: Arcanine|par\n|move|p1a: Arcanine|Will-O-Wisp|p2a: zoomie\n|-status|p2a: zoomie|brn\n|\n|-damage|p2a: zoomie|69\/100 brn|[from] brn\n|upkeep\n|\n|t:|1682226071\n|switch|p1b: Amoonguss|Amoonguss, L50, M|100\/100\n|turn|3\n|\n|t:|1682226082\n|cant|p1a: Arcanine|par\n|move|p2a: zoomie|Aqua Jet|p1a: Arcanine\n|-supereffective|p1a: Arcanine\n|-damage|p1a: Arcanine|0 fnt\n|faint|p1a: Arcanine\n|move|p2b: Maushold|Thunder Wave|p1b: Amoonguss\n|-status|p1b: Amoonguss|par\n|move|p1b: Amoonguss|Spore|p2b: Maushold\n|-status|p2b: Maushold|slp|[from] move: Spore\n|\n|-damage|p2a: zoomie|63\/100 brn|[from] brn\n|upkeep\n|\n|t:|1682226086\n|switch|p1a: Flutter Mane|Flutter Mane, L50, shiny|100\/100\n|-enditem|p1a: Flutter Mane|Booster Energy\n|-activate|p1a: Flutter Mane|ability: Protosynthesis|[fromitem]\n|-start|p1a: Flutter Mane|protosynthesisspa\n|turn|4\n|\n|t:|1682226103\n|-terastallize|p1a: Flutter Mane|Fairy\n|move|p1b: Amoonguss|Protect|p1b: Amoonguss\n|-singleturn|p1b: Amoonguss|Protect\n|move|p2a: zoomie|Aqua Jet|p1a: Flutter Mane\n|-damage|p1a: Flutter Mane|0 fnt\n|faint|p1a: Flutter Mane\n|-end|p1a: Flutter Mane|Protosynthesis|[silent]\n|cant|p2b: Maushold|slp\n|\n|-damage|p2a: zoomie|57\/100 brn|[from] brn\n|upkeep\n|turn|5\n|-message|godfloof forfeited.\n|\n|win|BattlelegendRyan\n|raw|godfloof's rating: 1067 → 1046<\/strong> (-21 for losing)\n|raw|BattlelegendRyan's rating: 1043 → 1079<\/strong> (+36 for winning)\n|l|\u2606godfloof\n","uploadtime":1682226118,"views":16,"p1id":"godfloof","p2id":"battlelegendryan","formatid":"gen9vgc2023regulationc","rating":1046,"private":0,"password":""}