{"id":"gen9vgc2023regulationc-1863933029","p1":"T3hSleepyShuckle","p2":"WillieDangerously","format":"[Gen 9] VGC 2023 Regulation C","log":"|j|\u2606T3hSleepyShuckle\n|j|\u2606WillieDangerously\n|t:|1684094925\n|gametype|doubles\n|player|p1|T3hSleepyShuckle|bugcatcher-gen4dp|1206\n|player|p2|WillieDangerously|psychic-gen4|1223\n|teamsize|p1|6\n|teamsize|p2|6\n|gen|9\n|tier|[Gen 9] VGC 2023 Regulation C\n|rated|\n|rule|Species Clause: Limit one of each Pok\u00e9mon\n|rule|Item Clause: Limit one of each item\n|clearpoke\n|poke|p1|Iron Valiant, L50|\n|poke|p1|Flutter Mane, L50|\n|poke|p1|Iron Moth, L50|\n|poke|p1|Rotom-Mow, L50|\n|poke|p1|Electrode, L50|\n|poke|p1|Gastrodon, L50, F|\n|poke|p2|Gholdengo, L50|\n|poke|p2|Wo-Chien, L50|\n|poke|p2|Iron Bundle, L50|\n|poke|p2|Dragapult, L50, F|\n|poke|p2|Hippowdon, L50, M|\n|poke|p2|Glimmora, L50, M|\n|teampreview|4\n|c|\u2606T3hSleepyShuckle|glhf\nT3hSleepyShuckle has agreed to open team sheets.\n|\n|t:|1684094999\n|start\n|switch|p1a: Gastrodon|Gastrodon, L50, F|100\/100\n|switch|p1b: Rotom|Rotom-Mow, L50|100\/100\n|switch|p2a: Hippowdon|Hippowdon, L50, M|100\/100\n|switch|p2b: Glimmora|Glimmora, L50, M|100\/100\n|-weather|Sandstorm|[from] ability: Sand Stream|[of] p2a: Hippowdon\n|turn|1\n|inactive|Battle timer is ON: inactive players will automatically lose when time's up. (requested by T3hSleepyShuckle)\n|\n|t:|1684095029\n|-terastallize|p2b: Glimmora|Grass\n|move|p2a: Hippowdon|Protect|p2a: Hippowdon\n|-singleturn|p2a: Hippowdon|Protect\n|move|p1a: Gastrodon|Protect|p1a: Gastrodon\n|-singleturn|p1a: Gastrodon|Protect\n|move|p2b: Glimmora|Energy Ball|p1a: Gastrodon\n|-activate|p1a: Gastrodon|move: Protect\n|move|p1b: Rotom|Leaf Storm|p2a: Hippowdon\n|-activate|p2a: Hippowdon|move: Protect\n|\n|-weather|Sandstorm|[upkeep]\n|-damage|p2b: Glimmora|95\/100|[from] Sandstorm\n|-damage|p1b: Rotom|95\/100|[from] Sandstorm\n|upkeep\n|turn|2\n|inactive|T3hSleepyShuckle has 30 seconds left.\n|inactive|WillieDangerously has 30 seconds left.\n|inactive|T3hSleepyShuckle has 20 seconds left.\n|\n|t:|1684095067\n|switch|p2a: Wo-Chien|Wo-Chien, L50|100\/100\n|-ability|p2a: Wo-Chien|Tablets of Ruin\n|switch|p1a: Iron Moth|Iron Moth, L50|100\/100\n|move|p2b: Glimmora|Mortal Spin|p1b: Rotom|[spread] p1a,p1b\n|-resisted|p1a: Iron Moth\n|-supereffective|p1b: Rotom\n|-damage|p1a: Iron Moth|98\/100\n|-damage|p1b: Rotom|87\/100\n|-status|p1b: Rotom|psn\n|move|p1b: Rotom|Leaf Storm|p2a: Wo-Chien\n|-resisted|p2a: Wo-Chien\n|-damage|p2a: Wo-Chien|79\/100\n|-unboost|p1b: Rotom|spa|2\n|-enditem|p1b: Rotom|Eject Pack\n|inactive|T3hSleepyShuckle has 30 seconds left.\n|\n|t:|1684095093\n|switch|p1b: Flutter Mane|Flutter Mane, L50|100\/100\n|-enditem|p1b: Flutter Mane|Booster Energy\n|-activate|p1b: Flutter Mane|ability: Protosynthesis|[fromitem]\n|-start|p1b: Flutter Mane|protosynthesisspe\n|\n|-weather|Sandstorm|[upkeep]\n|-damage|p1b: Flutter Mane|95\/100|[from] Sandstorm\n|-damage|p1a: Iron Moth|92\/100|[from] Sandstorm\n|-damage|p2b: Glimmora|89\/100|[from] Sandstorm\n|-damage|p2a: Wo-Chien|72\/100|[from] Sandstorm\n|-heal|p2a: Wo-Chien|79\/100|[from] item: Leftovers\n|upkeep\n|turn|3\n|inactive|T3hSleepyShuckle has 30 seconds left.\n|inactive|T3hSleepyShuckle has 20 seconds left.\n|inactive|T3hSleepyShuckle has 15 seconds left.\n|inactive|T3hSleepyShuckle has 10 seconds left.\n|inactive|T3hSleepyShuckle has 5 seconds left.\n|\n|t:|1684095148\n|move|p1b: Flutter Mane|Protect|p1b: Flutter Mane\n|-singleturn|p1b: Flutter Mane|Protect\n|move|p2a: Wo-Chien|Protect|p2a: Wo-Chien\n|-singleturn|p2a: Wo-Chien|Protect\n|move|p1a: Iron Moth|Discharge|p2a: Wo-Chien|[spread] p2b\n|-activate|p1b: Flutter Mane|move: Protect\n|-activate|p2a: Wo-Chien|move: Protect\n|-resisted|p2b: Glimmora\n|-damage|p2b: Glimmora|83\/100\n|move|p2b: Glimmora|Mortal Spin|p1b: Flutter Mane|[spread] p1a\n|-activate|p1b: Flutter Mane|move: Protect\n|-resisted|p1a: Iron Moth\n|-damage|p1a: Iron Moth|90\/100\n|\n|-weather|Sandstorm|[upkeep]\n|-damage|p1b: Flutter Mane|89\/100|[from] Sandstorm\n|-damage|p1a: Iron Moth|84\/100|[from] Sandstorm\n|-damage|p2b: Glimmora|77\/100|[from] Sandstorm\n|-damage|p2a: Wo-Chien|72\/100|[from] Sandstorm\n|-heal|p2a: Wo-Chien|79\/100|[from] item: Leftovers\n|upkeep\n|turn|4\n|inactive|T3hSleepyShuckle has 30 seconds left.\n|inactive|WillieDangerously has 30 seconds left.\n|\n|t:|1684095183\n|switch|p2a: Hippowdon|Hippowdon, L50, M|100\/100\n|move|p1b: Flutter Mane|Moonblast|p2a: Hippowdon\n|-damage|p2a: Hippowdon|61\/100\n|move|p1a: Iron Moth|Acid Spray|p2a: Hippowdon\n|-resisted|p2a: Hippowdon\n|-damage|p2a: Hippowdon|54\/100\n|-unboost|p2a: Hippowdon|spd|2\n|move|p2b: Glimmora|Earth Power|p1a: Iron Moth\n|-supereffective|p1a: Iron Moth\n|-damage|p1a: Iron Moth|0 fnt\n|faint|p1a: Iron Moth\n|-end|p1a: Iron Moth|Quark Drive|[silent]\n|\n|-weather|Sandstorm|[upkeep]\n|-damage|p1b: Flutter Mane|83\/100|[from] Sandstorm\n|-damage|p2b: Glimmora|71\/100|[from] Sandstorm\n|upkeep\n|\n|t:|1684095200\n|switch|p1a: Rotom|Rotom-Mow, L50|87\/100 psn\n|turn|5\n|\n|t:|1684095220\n|move|p1a: Rotom|Protect|p1a: Rotom\n|-singleturn|p1a: Rotom|Protect\n|move|p2a: Hippowdon|Protect|p2a: Hippowdon\n|-singleturn|p2a: Hippowdon|Protect\n|move|p1b: Flutter Mane|Moonblast|p2a: Hippowdon\n|-activate|p2a: Hippowdon|move: Protect\n|move|p2b: Glimmora|Mortal Spin|p1a: Rotom|[spread] p1b\n|-activate|p1a: Rotom|move: Protect\n|-damage|p1b: Flutter Mane|75\/100\n|-status|p1b: Flutter Mane|psn\n|\n|-weather|none\n|-damage|p1b: Flutter Mane|63\/100 psn|[from] psn\n|-damage|p1a: Rotom|75\/100 psn|[from] psn\n|upkeep\n|turn|6\n|inactive|T3hSleepyShuckle has 30 seconds left.\n|inactive|WillieDangerously has 30 seconds left.\n|inactive|T3hSleepyShuckle has 20 seconds left.\n|inactive|WillieDangerously has 20 seconds left.\n|inactive|T3hSleepyShuckle has 15 seconds left.\n|inactive|WillieDangerously has 15 seconds left.\n|inactive|WillieDangerously has 10 seconds left.\n|\n|t:|1684095267\n|switch|p2a: Dragapult|Dragapult, L50, F|100\/100\n|move|p1b: Flutter Mane|Shadow Ball|p2b: Glimmora\n|-damage|p2b: Glimmora|46\/100\n|move|p2b: Glimmora|Energy Ball|p1b: Flutter Mane\n|-damage|p1b: Flutter Mane|23\/100 psn\n|move|p1a: Rotom|Leaf Storm|p2a: Dragapult\n|-resisted|p2a: Dragapult\n|-damage|p2a: Dragapult|60\/100\n|-unboost|p1a: Rotom|spa|2\n|\n|-damage|p1b: Flutter Mane|11\/100 psn|[from] psn\n|-damage|p1a: Rotom|63\/100 psn|[from] psn\n|upkeep\n|turn|7\n|inactive|T3hSleepyShuckle has 30 seconds left.\n|inactive|WillieDangerously has 30 seconds left.\n|inactive|T3hSleepyShuckle has 20 seconds left.\n|inactive|WillieDangerously has 20 seconds left.\n|inactive|T3hSleepyShuckle has 15 seconds left.\n|inactive|WillieDangerously has 15 seconds left.\n|inactive|T3hSleepyShuckle has 10 seconds left.\n|inactive|WillieDangerously has 10 seconds left.\n|inactive|T3hSleepyShuckle has 5 seconds left.\n|\n|t:|1684095324\n|switch|p1a: Gastrodon|Gastrodon, L50, F|100\/100\n|move|p2a: Dragapult|Protect|p2a: Dragapult\n|-singleturn|p2a: Dragapult|Protect\n|move|p1b: Flutter Mane|Moonblast|p2b: Glimmora\n|-damage|p2b: Glimmora|11\/100\n|move|p2b: Glimmora|Mortal Spin|p1a: Gastrodon|[spread] p1a,p1b\n|-resisted|p1a: Gastrodon\n|-damage|p1a: Gastrodon|99\/100\n|-damage|p1b: Flutter Mane|3\/100 psn\n|-status|p1a: Gastrodon|psn\n|\n|-heal|p1a: Gastrodon|100\/100 psn|[from] item: Leftovers\n|-damage|p1b: Flutter Mane|0 fnt|[from] psn\n|faint|p1b: Flutter Mane\n|-end|p1b: Flutter Mane|Protosynthesis|[silent]\n|-damage|p1a: Gastrodon|88\/100 psn|[from] psn\n|upkeep\n|\n|t:|1684095341\n|switch|p1b: Rotom|Rotom-Mow, L50|63\/100 psn\n|turn|8\n|inactive|T3hSleepyShuckle has 30 seconds left.\n|\n|t:|1684095374\n|switch|p2a: Hippowdon|Hippowdon, L50, M|54\/100\n|-weather|Sandstorm|[from] ability: Sand Stream|[of] p2a: Hippowdon\n|move|p1a: Gastrodon|Protect|p1a: Gastrodon\n|-singleturn|p1a: Gastrodon|Protect\n|move|p2b: Glimmora|Energy Ball|p1a: Gastrodon\n|-activate|p1a: Gastrodon|move: Protect\n|move|p1b: Rotom|Thunderbolt|p2b: Glimmora\n|-resisted|p2b: Glimmora\n|-damage|p2b: Glimmora|0 fnt\n|faint|p2b: Glimmora\n|\n|-weather|Sandstorm|[upkeep]\n|-damage|p1b: Rotom|57\/100 psn|[from] Sandstorm\n|-heal|p1a: Gastrodon|94\/100 psn|[from] item: Leftovers\n|-damage|p1b: Rotom|45\/100 psn|[from] psn\n|-damage|p1a: Gastrodon|82\/100 psn|[from] psn\n|upkeep\n|\n|t:|1684095389\n|switch|p2b: Dragapult|Dragapult, L50, F|60\/100\n|turn|9\n|\n|t:|1684095413\n|move|p2a: Hippowdon|Protect|p2a: Hippowdon\n|-singleturn|p2a: Hippowdon|Protect\n|move|p2b: Dragapult|Dragon Darts|p1b: Rotom\n|-damage|p1b: Rotom|12\/100 psn\n|-anim|p2b: Dragapult|Dragon Darts|p1a: Gastrodon\n|-damage|p1a: Gastrodon|51\/100 psn\n|-damage|p2b: Dragapult|50\/100|[from] item: Life Orb\n|move|p1b: Rotom|Will-O-Wisp|p2b: Dragapult\n|-status|p2b: Dragapult|brn\n|move|p1a: Gastrodon|Muddy Water|p2b: Dragapult|[spread] p2b\n|-activate|p2a: Hippowdon|move: Protect\n|-resisted|p2b: Dragapult\n|-damage|p2b: Dragapult|32\/100 brn\n|\n|-weather|Sandstorm|[upkeep]\n|-damage|p2b: Dragapult|25\/100 brn|[from] Sandstorm\n|-damage|p1b: Rotom|6\/100 psn|[from] Sandstorm\n|-heal|p1a: Gastrodon|57\/100 psn|[from] item: Leftovers\n|-damage|p1b: Rotom|0 fnt|[from] psn\n|faint|p1b: Rotom\n|-damage|p1a: Gastrodon|45\/100 psn|[from] psn\n|-damage|p2b: Dragapult|19\/100 brn|[from] brn\n|upkeep\n|turn|10\n|inactive|T3hSleepyShuckle has 30 seconds left.\n|\n|t:|1684095443\n|-terastallize|p1a: Gastrodon|Water\n|move|p2b: Dragapult|Disable|p1a: Gastrodon\n|-start|p1a: Gastrodon|Disable|Muddy Water\n|move|p2a: Hippowdon|Sand Tomb|p1a: Gastrodon|[miss]\n|-miss|p2a: Hippowdon|p1a: Gastrodon\n|cant|p1a: Gastrodon|Disable|Muddy Water\n|\n|-weather|Sandstorm|[upkeep]\n|-damage|p2b: Dragapult|13\/100 brn|[from] Sandstorm\n|-damage|p1a: Gastrodon|38\/100 psn|[from] Sandstorm\n|-heal|p1a: Gastrodon|45\/100 psn|[from] item: Leftovers\n|-damage|p1a: Gastrodon|32\/100 psn|[from] psn\n|-damage|p2b: Dragapult|7\/100 brn|[from] brn\n|upkeep\n|turn|11\n|\n|t:|1684095459\n|move|p1a: Gastrodon|Protect|p1a: Gastrodon\n|-singleturn|p1a: Gastrodon|Protect\n|move|p2b: Dragapult|Dragon Darts|p1a: Gastrodon\n|-activate|p1a: Gastrodon|move: Protect\n|move|p2a: Hippowdon|Sand Tomb|p1a: Gastrodon\n|-activate|p1a: Gastrodon|move: Protect\n|\n|-weather|Sandstorm|[upkeep]\n|-damage|p2b: Dragapult|1\/100 brn|[from] Sandstorm\n|-damage|p1a: Gastrodon|26\/100 psn|[from] Sandstorm\n|-heal|p1a: Gastrodon|32\/100 psn|[from] item: Leftovers\n|-damage|p1a: Gastrodon|20\/100 psn|[from] psn\n|-damage|p2b: Dragapult|0 fnt|[from] brn\n|faint|p2b: Dragapult\n|upkeep\n|\n|t:|1684095462\n|switch|p2b: Wo-Chien|Wo-Chien, L50|79\/100\n|-ability|p2b: Wo-Chien|Tablets of Ruin\n|turn|12\n|inactive|T3hSleepyShuckle has 30 seconds left.\n|\n|t:|1684095478\n|move|p2b: Wo-Chien|Pollen Puff|p2a: Hippowdon\n|-heal|p2a: Hippowdon|100\/100\n|move|p2a: Hippowdon|Sand Tomb|p1a: Gastrodon\n|-damage|p1a: Gastrodon|9\/100 psn\n|-activate|p1a: Gastrodon|move: Sand Tomb|[of] p2a: Hippowdon\n|move|p1a: Gastrodon|Icy Wind|p2a: Hippowdon|[spread] p2a,p2b\n|-supereffective|p2a: Hippowdon\n|-supereffective|p2b: Wo-Chien\n|-damage|p2a: Hippowdon|79\/100\n|-damage|p2b: Wo-Chien|63\/100\n|-unboost|p2a: Hippowdon|spe|1\n|-unboost|p2b: Wo-Chien|spe|1\n|\n|-weather|none\n|-heal|p2b: Wo-Chien|69\/100|[from] item: Leftovers\n|-heal|p1a: Gastrodon|15\/100 psn|[from] item: Leftovers\n|-damage|p1a: Gastrodon|3\/100 psn|[from] psn\n|-damage|p1a: Gastrodon|0 fnt|[from] move: Sand Tomb|[partiallytrapped]\n|faint|p1a: Gastrodon\n|\n|win|WillieDangerously\n|upkeep\n|inactive|T3hSleepyShuckle has 25 seconds left this turn.\n|raw|T3hSleepyShuckle's rating: 1206 → 1182<\/strong> (-24 for losing)\n|raw|WillieDangerously's rating: 1223 → 1247<\/strong> (+24 for winning)\n","uploadtime":1684095482,"views":3,"p1id":"t3hsleepyshuckle","p2id":"williedangerously","formatid":"gen9vgc2023regulationc","rating":1182,"private":0,"password":""}