{"id":"gen9vgc2023regulationc-1856014865","p1":"LoafOfGodlyBread","p2":"Ze Banded","format":"[Gen 9] VGC 2023 Regulation C","log":"|j|\u2606LoafOfGodlyBread\n|j|\u2606Ze Banded\n|t:|1683017439\n|gametype|doubles\n|player|p1|LoafOfGodlyBread|marshal|\n|player|p2|Ze Banded|zinzolin|\n|teamsize|p1|6\n|teamsize|p2|6\n|gen|9\n|tier|[Gen 9] VGC 2023 Regulation C\n|rated|Tournament battle\n|rule|Species Clause: Limit one of each Pok\u00e9mon\n|rule|Item Clause: Limit one of each item\n|clearpoke\n|poke|p1|Dondozo, L50, M|\n|poke|p1|Tatsugiri-Droopy, L50, F|\n|poke|p1|Ting-Lu, L50|\n|poke|p1|Flutter Mane, L50|\n|poke|p1|Rotom-Heat, L50|\n|poke|p1|Amoonguss, L50, M|\n|poke|p2|Dondozo, L50, M|\n|poke|p2|Tatsugiri-Stretchy, L50, M|\n|poke|p2|Hatterene, L50, F|\n|poke|p2|Indeedee-F, L50, F|\n|poke|p2|Amoonguss, L50, M|\n|poke|p2|Torkoal, L50, M|\n|teampreview|4\n|raw| Open Team Sheet for LoafOfGodlyBread<\/summary>Mayo (Dondozo) @ Leftovers Ability: Unaware Level: 50 Shiny: Yes Tera Type: Ground - Wave Crash - Earthquake - Facade - Protect Imposter (Tatsugiri-Droopy) @ Choice Scarf Ability: Commander Level: 50 Tera Type: Dragon - Icy Wind - Draco Meteor - Muddy Water - Taunt Fruit-loops (Ting-Lu) @ Assault Vest Ability: Vessel of Ruin Level: 50 Tera Type: Water - Throat Chop - Stomping Tantrum - Fissure - Heavy Slam Mia Fey (Flutter Mane) @ Choice Specs Ability: Protosynthesis Level: 50 Tera Type: Fairy - Moonblast - Shadow Ball - Dazzling Gleam - Icy Wind Dinner's ready! (Rotom-Heat) @ Safety Goggles Ability: Levitate Level: 50 Shiny: Yes Tera Type: Fire - Overheat - Will-O-Wisp - Volt Switch - Protect Crewmate (Amoonguss) @ Sitrus Berry Ability: Regenerator Level: 50 Shiny: Yes Tera Type: Flying - Spore - Rage Powder - Pollen Puff - Protect <\/details><\/div> Open Team Sheet for Ze Banded<\/summary>Dondozo @ Choice Band Ability: Unaware Level: 50 Shiny: Yes Tera Type: Grass - Wave Crash - Earthquake - Tera Blast - Facade Tatsugiri (Tatsugiri-Stretchy) @ Choice Scarf Ability: Commander Level: 50 Tera Type: Dragon - Muddy Water - Draco Meteor - Icy Wind - Dragon Pulse Hatterene (F) @ Covert Cloak Ability: Magic Bounce Level: 50 Tera Type: Fire - Trick Room - Psychic - Dazzling Gleam - Mystical Fire Indeedee (Indeedee-F) (F) @ Safety Goggles Ability: Psychic Surge Level: 50 Tera Type: Psychic - Protect - Follow Me - Helping Hand - Psychic Amoonguss @ Sitrus Berry Ability: Regenerator Level: 50 Tera Type: Grass - Protect - Rage Powder - Spore - Pollen Puff Torkoal @ Charcoal Ability: Drought Level: 50 Tera Type: Fire - Protect - Eruption - Flamethrower - Clear Smog <\/details><\/div>\n|inactive|Battle timer is ON: inactive players will automatically lose when time's up. (requested by Ze Banded)\n|c|\u2606Ze Banded|its not stopping now\n|c|\u2606LoafOfGodlyBread|glhf\n|inactive|LoafOfGodlyBread has 60 seconds left.\n|c|\u2606Ze Banded|u2\n|\n|t:|1683017477\n|start\n|switch|p1a: Dinner's ready!|Rotom-Heat, L50, shiny|100\/100\n|switch|p1b: Fruit-loops|Ting-Lu, L50|100\/100\n|switch|p2a: Hatterene|Hatterene, L50, F|100\/100\n|switch|p2b: Amoonguss|Amoonguss, L50, M|100\/100\n|-ability|p1b: Fruit-loops|Vessel of Ruin\n|turn|1\n|\n|t:|1683017491\n|-terastallize|p1b: Fruit-loops|Water\n|-terastallize|p2a: Hatterene|Fire\n|move|p2b: Amoonguss|Protect|p2b: Amoonguss\n|-singleturn|p2b: Amoonguss|Protect\n|move|p1a: Dinner's ready!|Overheat|p2b: Amoonguss\n|-activate|p2b: Amoonguss|move: Protect\n|move|p1b: Fruit-loops|Heavy Slam|p2a: Hatterene\n|-resisted|p2a: Hatterene\n|-damage|p2a: Hatterene|78\/100\n|move|p2a: Hatterene|Trick Room|p2a: Hatterene\n|-fieldstart|move: Trick Room|[of] p2a: Hatterene\n|\n|upkeep\n|turn|2\n|\n|t:|1683017511\n|switch|p2a: Dondozo|Dondozo, L50, M, shiny|100\/100\n|move|p2b: Amoonguss|Spore|p1a: Dinner's ready!\n|-activate|p1a: Dinner's ready!|item: Safety Goggles|Spore\n|move|p1b: Fruit-loops|Stomping Tantrum|p2a: Dondozo\n|-damage|p2a: Dondozo|75\/100\n|move|p1a: Dinner's ready!|Overheat|p2b: Amoonguss\n|-supereffective|p2b: Amoonguss\n|-damage|p2b: Amoonguss|23\/100\n|-unboost|p1a: Dinner's ready!|spa|2\n|-enditem|p2b: Amoonguss|Sitrus Berry|[eat]\n|-heal|p2b: Amoonguss|48\/100|[from] item: Sitrus Berry\n|\n|upkeep\n|turn|3\n|c|\u2606Ze Banded|i cant read\n|\n|t:|1683017532\n|move|p2b: Amoonguss|Spore|p1b: Fruit-loops\n|-status|p1b: Fruit-loops|slp|[from] move: Spore\n|cant|p1b: Fruit-loops|slp\n|move|p2a: Dondozo|Wave Crash|p1a: Dinner's ready!\n|-supereffective|p1a: Dinner's ready!\n|-damage|p1a: Dinner's ready!|0 fnt\n|faint|p1a: Dinner's ready!\n|-damage|p2a: Dondozo|52\/100|[from] Recoil\n|\n|upkeep\n|\n|t:|1683017541\n|switch|p1a: Mayo|Dondozo, L50, M, shiny|100\/100\n|turn|4\n|j| HoodWNKD\n|\n|t:|1683017556\n|switch|p2a: Hatterene|Hatterene, L50, F, tera:Fire|78\/100\n|move|p1a: Mayo|Protect|p1a: Mayo\n|-singleturn|p1a: Mayo|Protect\n|move|p2b: Amoonguss|Spore|p1a: Mayo\n|-activate|p1a: Mayo|move: Protect\n|cant|p1b: Fruit-loops|slp\n|\n|upkeep\n|turn|5\n|\n|t:|1683017578\n|move|p1a: Mayo|Protect||[still]\n|-fail|p1a: Mayo\n|move|p2a: Hatterene|Psychic|p1b: Fruit-loops\n|-damage|p1b: Fruit-loops|82\/100 slp\n|move|p2b: Amoonguss|Spore|p1a: Mayo\n|-status|p1a: Mayo|slp|[from] move: Spore\n|-curestatus|p1b: Fruit-loops|slp|[msg]\n|move|p1b: Fruit-loops|Stomping Tantrum|p2b: Amoonguss\n|-damage|p2b: Amoonguss|0 fnt\n|faint|p2b: Amoonguss\n|\n|-fieldend|move: Trick Room\n|upkeep\n|\n|t:|1683017586\n|switch|p2b: Dondozo|Dondozo, L50, M, shiny|52\/100\n|turn|6\n|j| SeydouVGC\n|inactive|LoafOfGodlyBread has 30 seconds left.\n|inactive|LoafOfGodlyBread has 20 seconds left.\n|inactive|LoafOfGodlyBread has 15 seconds left.\n|inactive|LoafOfGodlyBread has 10 seconds left.\n|inactive|LoafOfGodlyBread has 5 seconds left.\n|\n|t:|1683017638\n|switch|p2a: Tatsugiri|Tatsugiri-Stretchy, L50, M|100\/100\n|-activate|p2a: Tatsugiri|ability: Commander|[of] p2b: Dondozo\n|-boost|p2b: Dondozo|atk|2\n|-boost|p2b: Dondozo|spa|2\n|-boost|p2b: Dondozo|spe|2\n|-boost|p2b: Dondozo|def|2\n|-boost|p2b: Dondozo|spd|2\n|move|p2b: Dondozo|Earthquake|p1b: Fruit-loops|[spread] p1a,p1b\n|-miss|p2b: Dondozo|p2a: Tatsugiri\n|-damage|p1a: Mayo|80\/100 slp\n|-damage|p1b: Fruit-loops|43\/100\n|cant|p1a: Mayo|slp\n|move|p1b: Fruit-loops|Stomping Tantrum|p2b: Dondozo\n|-damage|p2b: Dondozo|39\/100\n|\n|-heal|p1a: Mayo|86\/100 slp|[from] item: Leftovers\n|upkeep\n|turn|7\n|j| ElRompeTesoOLT\n|inactive|LoafOfGodlyBread has 30 seconds left.\n|\n|t:|1683017663\n|move|p2b: Dondozo|Earthquake|p1b: Fruit-loops|[spread] p1a,p1b\n|-miss|p2b: Dondozo|p2a: Tatsugiri\n|-crit|p1a: Mayo\n|-damage|p1a: Mayo|49\/100 slp\n|-damage|p1b: Fruit-loops|6\/100\n|cant|p1a: Mayo|slp\n|move|p1b: Fruit-loops|Fissure|p2b: Dondozo\n|-damage|p2b: Dondozo|0 fnt\n|faint|p2b: Dondozo\n|-ohko\n|\n|-heal|p1a: Mayo|55\/100 slp|[from] item: Leftovers\n|upkeep\n|c|\u2606Ze Banded|A\n|\n|t:|1683017674\n|switch|p2b: Hatterene|Hatterene, L50, F, tera:Fire|78\/100\n|turn|8\n|\n|t:|1683017697\n|switch|p1b: Imposter|Tatsugiri-Droopy, L50, F|100\/100\n|-activate|p1b: Imposter|ability: Commander|[of] p1a: Mayo\n|-boost|p1a: Mayo|atk|2\n|-boost|p1a: Mayo|spa|2\n|-boost|p1a: Mayo|spe|2\n|-boost|p1a: Mayo|def|2\n|-boost|p1a: Mayo|spd|2\n|move|p2a: Tatsugiri|Draco Meteor|p1b: Imposter|[miss]\n|-miss|p2a: Tatsugiri|p1b: Imposter\n|-curestatus|p1a: Mayo|slp|[msg]\n|move|p1a: Mayo|Wave Crash|p2b: Hatterene\n|-supereffective|p2b: Hatterene\n|-damage|p2b: Hatterene|0 fnt\n|faint|p2b: Hatterene\n|-damage|p1a: Mayo|36\/100|[from] Recoil\n|\n|-heal|p1a: Mayo|43\/100|[from] item: Leftovers\n|upkeep\n|turn|9\n|l| SeydouVGC\n|c|\u2606LoafOfGodlyBread|ggs man\n|\n|t:|1683017716\n|move|p2a: Tatsugiri|Draco Meteor|p1a: Mayo|[miss]\n|-miss|p2a: Tatsugiri|p1a: Mayo\n|move|p1a: Mayo|Earthquake|p2a: Tatsugiri|[spread] p2a\n|-miss|p1a: Mayo|p1b: Imposter\n|-damage|p2a: Tatsugiri|29\/100\n|\n|-heal|p1a: Mayo|49\/100|[from] item: Leftovers\n|upkeep\n|turn|10\n|j|^Finabas\n|c|\u2606Ze Banded|My fissure luck is terrible as always\n|c|\u2606Ze Banded|ggwp\n|\n|t:|1683017726\n|move|p2a: Tatsugiri|Draco Meteor|p1a: Mayo\n|-crit|p1a: Mayo\n|-damage|p1a: Mayo|0 fnt\n|-unboost|p2a: Tatsugiri|spa|2\n|faint|p1a: Mayo\n|\n|upkeep\n|c|\u2606LoafOfGodlyBread|u2 man\n|c|\u2606Ze Banded|WAIT?\n|\n|t:|1683017733\n|switch|p1a: Fruit-loops|Ting-Lu, L50, tera:Water|6\/100\n|-ability|p1a: Fruit-loops|Vessel of Ruin\n|turn|11\n|c|\u2606LoafOfGodlyBread|hold up\n|c| HoodWNKD|does he win the speed tie and crit?\n|\n|t:|1683017752\n|move|p2a: Tatsugiri|Draco Meteor|p1a: Fruit-loops\n|-damage|p1a: Fruit-loops|0 fnt\n|-unboost|p2a: Tatsugiri|spa|2\n|faint|p1a: Fruit-loops\n|move|p1b: Imposter|Draco Meteor|p2a: Tatsugiri\n|-supereffective|p2a: Tatsugiri\n|-damage|p2a: Tatsugiri|0 fnt\n|-unboost|p1b: Imposter|spa|2\n|faint|p2a: Tatsugiri\n|\n|win|LoafOfGodlyBread\n|n|\u2606LoafOfGodlyBread|loafofgodlybread\n|n|\u2606Ze Banded|zebanded\n|n| HoodWNKD|hoodwnkd\n|n| ElRompeTesoOLT|elrompetesoolt\n|n| Finabas|finabas\n|c|\u2606Ze Banded|ahh\n|c|\u2606Ze Banded|ggwp\n|c| HoodWNKD|gg\n|c|\u2606LoafOfGodlyBread|gg\n|c|\u2606LoafOfGodlyBread|down to the wire of if i missed draco\n","uploadtime":1683017775,"views":14,"p1id":"loafofgodlybread","p2id":"zebanded","formatid":"gen9vgc2023regulationc","rating":0,"private":0,"password":""}