{"id":"gen9vgc2023regulationc-1859072631","p1":"scrubrocket","p2":"Eb_The_Scholar","format":"[Gen 9] VGC 2023 Regulation C","log":"|j|\u2606scrubrocket\n|j|\u2606Eb_The_Scholar\n|t:|1683401169\n|gametype|doubles\n|player|p1|scrubrocket|266|1099\n|player|p2|Eb_The_Scholar|palmer|1000\n|teamsize|p1|6\n|teamsize|p2|6\n|gen|9\n|tier|[Gen 9] VGC 2023 Regulation C\n|rated|\n|rule|Species Clause: Limit one of each Pok\u00e9mon\n|rule|Item Clause: Limit one of each item\n|clearpoke\n|poke|p1|Iron Bundle, L50|\n|poke|p1|Arcanine, L50, M|\n|poke|p1|Amoonguss, L50, F|\n|poke|p1|Chien-Pao, L50|\n|poke|p1|Dragonite, L50, M|\n|poke|p1|Flutter Mane, L50|\n|poke|p2|Amoonguss, L50, M|\n|poke|p2|Rotom-Wash, L50|\n|poke|p2|Ting-Lu, L50|\n|poke|p2|Flutter Mane, L50|\n|poke|p2|Arcanine, L50, M|\n|poke|p2|Indeedee-F, L50, F|\n|teampreview|4\n|\n|t:|1683401215\n|start\n|switch|p1a: Chien-Pao|Chien-Pao, L50|100\/100\n|switch|p1b: Iron Bundle|Iron Bundle, L50|100\/100\n|switch|p2a: Rotom|Rotom-Wash, L50|100\/100\n|switch|p2b: Indeedee|Indeedee-F, L50, F|100\/100\n|-ability|p1a: Chien-Pao|Sword of Ruin\n|-fieldstart|move: Psychic Terrain|[from] ability: Psychic Surge|[of] p2b: Indeedee\n|turn|1\n|inactive|Battle timer is ON: inactive players will automatically lose when time's up. (requested by scrubrocket)\n|\n|t:|1683401233\n|move|p2b: Indeedee|Follow Me|p2b: Indeedee\n|-singleturn|p2b: Indeedee|move: Follow Me\n|move|p1b: Iron Bundle|Freeze-Dry|p2b: Indeedee\n|-damage|p2b: Indeedee|65\/100\n|move|p1a: Chien-Pao|Ice Spinner|p2b: Indeedee\n|-damage|p2b: Indeedee|0 fnt\n|-fieldend|move: Psychic Terrain\n|faint|p2b: Indeedee\n|move|p2a: Rotom|Thunderbolt|p1b: Iron Bundle\n|-supereffective|p1b: Iron Bundle\n|-damage|p1b: Iron Bundle|13\/100\n|\n|upkeep\n|\n|t:|1683401246\n|switch|p2b: Arcanine|Arcanine, L50, M|100\/100\n|-ability|p2b: Arcanine|Intimidate|boost\n|-unboost|p1a: Chien-Pao|atk|1\n|-unboost|p1b: Iron Bundle|atk|1\n|turn|2\n|\n|t:|1683401264\n|-end|p1b: Iron Bundle|Quark Drive|[silent]\n|switch|p1b: Flutter Mane|Flutter Mane, L50|100\/100\n|move|p2a: Rotom|Protect|p2a: Rotom\n|-singleturn|p2a: Rotom|Protect\n|move|p1a: Chien-Pao|Sucker Punch||[still]\n|-fail|p1a: Chien-Pao\n|move|p2b: Arcanine|Will-O-Wisp|p1a: Chien-Pao\n|-status|p1a: Chien-Pao|brn\n|\n|-damage|p1a: Chien-Pao|95\/100 brn|[from] brn\n|upkeep\n|turn|3\n|inactive|scrubrocket has 30 seconds left.\n|inactive|Eb_The_Scholar has 30 seconds left.\n|\n|t:|1683401295\n|switch|p2a: Ting-Lu|Ting-Lu, L50|100\/100\n|-ability|p2a: Ting-Lu|Vessel of Ruin\n|move|p1b: Flutter Mane|Shadow Ball|p2b: Arcanine\n|-damage|p2b: Arcanine|45\/100\n|-unboost|p2b: Arcanine|spd|1\n|move|p1a: Chien-Pao|Sacred Sword|p2b: Arcanine\n|-damage|p2b: Arcanine|33\/100\n|move|p2b: Arcanine|Iron Head|p1b: Flutter Mane\n|-supereffective|p1b: Flutter Mane\n|-damage|p1b: Flutter Mane|0 fnt\n|faint|p1b: Flutter Mane\n|-end|p1b: Flutter Mane|Protosynthesis|[silent]\n|\n|-damage|p1a: Chien-Pao|89\/100 brn|[from] brn\n|upkeep\n|\n|t:|1683401308\n|switch|p1b: Arcanine|Arcanine, L50, M|100\/100\n|-ability|p1b: Arcanine|Intimidate|boost\n|-unboost|p2a: Ting-Lu|atk|1\n|-unboost|p2b: Arcanine|atk|1\n|turn|4\n|inactive|Eb_The_Scholar has 30 seconds left.\n|\n|t:|1683401334\n|switch|p2a: Rotom|Rotom-Wash, L50|100\/100\n|move|p1a: Chien-Pao|Ice Spinner|p2a: Rotom\n|-resisted|p2a: Rotom\n|-damage|p2a: Rotom|93\/100\n|move|p1b: Arcanine|Will-O-Wisp|p2a: Rotom\n|-status|p2a: Rotom|brn\n|move|p2b: Arcanine|Iron Head|p1a: Chien-Pao\n|-supereffective|p1a: Chien-Pao\n|-damage|p1a: Chien-Pao|54\/100 brn\n|\n|-heal|p2a: Rotom|99\/100 brn|[from] item: Leftovers\n|-damage|p1a: Chien-Pao|48\/100 brn|[from] brn\n|-damage|p2a: Rotom|93\/100 brn|[from] brn\n|upkeep\n|turn|5\n|inactive|Eb_The_Scholar has 30 seconds left.\n|inactive|scrubrocket has 30 seconds left.\n|\n|t:|1683401364\n|move|p1b: Arcanine|Extreme Speed|p2b: Arcanine\n|-damage|p2b: Arcanine|9\/100\n|move|p1a: Chien-Pao|Sacred Sword|p2a: Rotom\n|-damage|p2a: Rotom|81\/100 brn\n|move|p2b: Arcanine|Iron Head|p1a: Chien-Pao\n|-supereffective|p1a: Chien-Pao\n|-damage|p1a: Chien-Pao|7\/100 brn\n|move|p2a: Rotom|Hydro Pump|p1b: Arcanine\n|-supereffective|p1b: Arcanine\n|-damage|p1b: Arcanine|21\/100\n|\n|-heal|p2a: Rotom|86\/100 brn|[from] item: Leftovers\n|-damage|p1a: Chien-Pao|1\/100 brn|[from] brn\n|-damage|p2a: Rotom|81\/100 brn|[from] brn\n|upkeep\n|turn|6\n|inactive|Eb_The_Scholar has 30 seconds left.\n|inactive|Eb_The_Scholar has 20 seconds left.\n|\n|t:|1683401404\n|move|p1b: Arcanine|Extreme Speed|p2b: Arcanine\n|-damage|p2b: Arcanine|0 fnt\n|faint|p2b: Arcanine\n|move|p1a: Chien-Pao|Sacred Sword|p2a: Rotom\n|-damage|p2a: Rotom|67\/100 brn\n|move|p2a: Rotom|Thunderbolt|p1b: Arcanine\n|-damage|p1b: Arcanine|0 fnt\n|faint|p1b: Arcanine\n|\n|-heal|p2a: Rotom|72\/100 brn|[from] item: Leftovers\n|-damage|p1a: Chien-Pao|0 fnt|[from] brn\n|faint|p1a: Chien-Pao\n|-damage|p2a: Rotom|67\/100 brn|[from] brn\n|upkeep\n|\n|t:|1683401422\n|switch|p1b: Iron Bundle|Iron Bundle, L50|13\/100\n|switch|p2b: Ting-Lu|Ting-Lu, L50|100\/100\n|-ability|p2b: Ting-Lu|Vessel of Ruin\n|turn|7\n|\n|t:|1683401440\n|-terastallize|p2b: Ting-Lu|Poison\n|move|p1b: Iron Bundle|Freeze-Dry|p2a: Rotom\n|-supereffective|p2a: Rotom\n|-damage|p2a: Rotom|15\/100 brn\n|move|p2a: Rotom|Thunderbolt|p1b: Iron Bundle\n|-supereffective|p1b: Iron Bundle\n|-damage|p1b: Iron Bundle|0 fnt\n|faint|p1b: Iron Bundle\n|-end|p1b: Iron Bundle|Quark Drive|[silent]\n|\n|win|Eb_The_Scholar\n|raw|scrubrocket's rating: 1099 → 1067<\/strong> (-32 for losing)\n|raw|Eb_The_Scholar's rating: 1000 → 1051<\/strong> (+51 for winning)\n","uploadtime":1683401451,"views":10,"p1id":"scrubrocket","p2id":"ebthescholar","formatid":"gen9vgc2023regulationc","rating":1051,"private":0,"password":""}