{"id":"gen9vgc2023regulationc-1846775318","p1":"oLLLiver","p2":"Sumo'sWeenusVGC","format":"[Gen 9] VGC 2023 Regulation C","log":"|j|\u2606oLLLiver\n|j|\u2606Sumo'sWeenusVGC\n|t:|1681877358\n|gametype|doubles\n|player|p1|oLLLiver|170|1163\n|player|p2|Sumo'sWeenusVGC|colress|1150\n|teamsize|p1|6\n|teamsize|p2|6\n|gen|9\n|tier|[Gen 9] VGC 2023 Regulation C\n|rated|\n|rule|Species Clause: Limit one of each Pok\u00e9mon\n|rule|Item Clause: Limit one of each item\n|clearpoke\n|poke|p1|Slither Wing, L50|\n|poke|p1|Tyranitar, L50, M|\n|poke|p1|Flutter Mane, L50|\n|poke|p1|Chien-Pao, L50|\n|poke|p1|Houndstone, L50, M|\n|poke|p1|Volcarona, L50, F|\n|poke|p2|Annihilape, L50, M|\n|poke|p2|Chien-Pao, L50|\n|poke|p2|Flutter Mane, L50|\n|poke|p2|Arcanine, L50, M|\n|poke|p2|Palafin, L50, F|\n|poke|p2|Amoonguss, L50, F|\n|teampreview|4\n|inactive|Battle timer is ON: inactive players will automatically lose when time's up. (requested by Sumo'sWeenusVGC)\nSumo'sWeenusVGC has agreed to open team sheets.\n|inactive|Sumo'sWeenusVGC has 60 seconds left.\n|\n|t:|1681877400\n|start\n|switch|p1a: Slither Wing|Slither Wing, L50|100\/100\n|switch|p1b: Tyranitar|Tyranitar, L50, M|100\/100\n|switch|p2a: Psi Mu Signma|Annihilape, L50, M, shiny|100\/100\n|switch|p2b: Slif's Woof|Arcanine, L50, M, shiny|100\/100\n|-ability|p2b: Slif's Woof|Intimidate|boost\n|-unboost|p1a: Slither Wing|atk|1\n|-unboost|p1b: Tyranitar|atk|1\n|-weather|Sandstorm|[from] ability: Sand Stream|[of] p1b: Tyranitar\n|-enditem|p1a: Slither Wing|Booster Energy\n|-activate|p1a: Slither Wing|ability: Protosynthesis|[fromitem]\n|-start|p1a: Slither Wing|protosynthesisatk\n|turn|1\n|inactive|oLLLiver has 30 seconds left.\n|inactive|oLLLiver has 20 seconds left.\n|inactive|oLLLiver has 15 seconds left.\n|inactive|oLLLiver has 10 seconds left.\n|\n|t:|1681877445\n|-terastallize|p1b: Tyranitar|Flying\n|move|p2a: Psi Mu Signma|Protect|p2a: Psi Mu Signma\n|-singleturn|p2a: Psi Mu Signma|Protect\n|move|p1a: Slither Wing|First Impression|p2a: Psi Mu Signma\n|-activate|p2a: Psi Mu Signma|move: Protect\n|move|p2b: Slif's Woof|Howl|p2b: Slif's Woof|[spread] p2a,p2b\n|-boost|p2a: Psi Mu Signma|atk|1\n|-boost|p2b: Slif's Woof|atk|1\n|move|p1b: Tyranitar|Tera Blast|p2a: Psi Mu Signma\n|-activate|p2a: Psi Mu Signma|move: Protect\n|\n|-weather|Sandstorm|[upkeep]\n|-damage|p1b: Tyranitar|95\/100|[from] Sandstorm\n|-damage|p2a: Psi Mu Signma|94\/100|[from] Sandstorm\n|-damage|p1a: Slither Wing|95\/100|[from] Sandstorm\n|-heal|p2a: Psi Mu Signma|100\/100|[from] item: Leftovers\n|upkeep\n|turn|2\n|\n|t:|1681877468\n|switch|p2b: Doll-Pugno|Palafin, L50, F, shiny|100\/100\n|-terastallize|p2a: Psi Mu Signma|Fire\n|move|p1b: Tyranitar|Tera Blast|p2a: Psi Mu Signma\n|-damage|p2a: Psi Mu Signma|56\/100\n|move|p2a: Psi Mu Signma|Bulk Up|p2a: Psi Mu Signma\n|-boost|p2a: Psi Mu Signma|atk|1\n|-boost|p2a: Psi Mu Signma|def|1\n|move|p1a: Slither Wing|Close Combat|p2b: Doll-Pugno\n|-damage|p2b: Doll-Pugno|29\/100\n|-unboost|p1a: Slither Wing|def|1\n|-unboost|p1a: Slither Wing|spd|1\n|\n|-weather|Sandstorm|[upkeep]\n|-damage|p2b: Doll-Pugno|23\/100|[from] Sandstorm\n|-damage|p1b: Tyranitar|89\/100|[from] Sandstorm\n|-damage|p2a: Psi Mu Signma|50\/100|[from] Sandstorm\n|-damage|p1a: Slither Wing|89\/100|[from] Sandstorm\n|-heal|p2a: Psi Mu Signma|56\/100|[from] item: Leftovers\n|upkeep\n|turn|3\n|inactive|Sumo'sWeenusVGC has 30 seconds left.\n|\n|t:|1681877500\n|detailschange|p2b: Doll-Pugno|Palafin-Hero, L50, F, shiny\n|switch|p2b: Slif's Woof|Arcanine, L50, M, shiny|100\/100\n|-ability|p2b: Slif's Woof|Intimidate|boost\n|-unboost|p1a: Slither Wing|atk|1\n|-unboost|p1b: Tyranitar|atk|1\n|move|p1b: Tyranitar|Tera Blast|p2a: Psi Mu Signma\n|-damage|p2a: Psi Mu Signma|40\/100\n|move|p2a: Psi Mu Signma|Rage Fist|p1b: Tyranitar\n|-damage|p1b: Tyranitar|0 fnt\n|faint|p1b: Tyranitar\n|move|p1a: Slither Wing|Close Combat|p2a: Psi Mu Signma\n|-damage|p2a: Psi Mu Signma|9\/100\n|-unboost|p1a: Slither Wing|def|1\n|-unboost|p1a: Slither Wing|spd|1\n|\n|-weather|Sandstorm|[upkeep]\n|-damage|p2a: Psi Mu Signma|3\/100|[from] Sandstorm\n|-damage|p1a: Slither Wing|83\/100|[from] Sandstorm\n|-heal|p2a: Psi Mu Signma|9\/100|[from] item: Leftovers\n|upkeep\n|\n|t:|1681877520\n|switch|p1b: Flutter Mane|Flutter Mane, L50|100\/100\n|turn|4\n|\n|t:|1681877530\n|-end|p1a: Slither Wing|Protosynthesis|[silent]\n|switch|p1a: Houndstone|Houndstone, L50, M|100\/100\n|move|p2a: Psi Mu Signma|Protect|p2a: Psi Mu Signma\n|-singleturn|p2a: Psi Mu Signma|Protect\n|move|p1b: Flutter Mane|Dazzling Gleam|p2b: Slif's Woof|[spread] p2b\n|-activate|p2a: Psi Mu Signma|move: Protect\n|-resisted|p2b: Slif's Woof\n|-damage|p2b: Slif's Woof|81\/100\n|move|p2b: Slif's Woof|Flare Blitz|p1b: Flutter Mane\n|-damage|p1b: Flutter Mane|18\/100\n|-damage|p2b: Slif's Woof|62\/100|[from] Recoil\n|\n|-weather|Sandstorm|[upkeep]\n|-damage|p1b: Flutter Mane|12\/100|[from] Sandstorm\n|-damage|p2a: Psi Mu Signma|3\/100|[from] Sandstorm\n|-heal|p2a: Psi Mu Signma|9\/100|[from] item: Leftovers\n|upkeep\n|turn|5\n|inactive|Sumo'sWeenusVGC has 30 seconds left.\n|inactive|Sumo'sWeenusVGC has 20 seconds left.\n|\n|t:|1681877569\n|move|p1a: Houndstone|Last Respects|p2b: Slif's Woof\n|-damage|p2b: Slif's Woof|4\/100\n|-damage|p1a: Houndstone|91\/100|[from] item: Life Orb\n|move|p1b: Flutter Mane|Dazzling Gleam|p2b: Slif's Woof|[spread] p2a,p2b\n|-resisted|p2a: Psi Mu Signma\n|-resisted|p2b: Slif's Woof\n|-damage|p2a: Psi Mu Signma|0 fnt\n|-damage|p2b: Slif's Woof|0 fnt\n|faint|p2a: Psi Mu Signma\n|faint|p2b: Slif's Woof\n|\n|-weather|none\n|upkeep\n|\n|t:|1681877581\n|switch|p2b: Doll-Pugno|Palafin-Hero, L50, F, shiny|23\/100\n|switch|p2a: Noodle|Chien-Pao, L50|100\/100\n|-ability|p2a: Noodle|Sword of Ruin\n|-activate|p2b: Doll-Pugno|ability: Zero to Hero\n|turn|6\n|inactive|Sumo'sWeenusVGC has 30 seconds left.\n|\n|t:|1681877608\n|move|p2a: Noodle|Sucker Punch|p1b: Flutter Mane\n|-damage|p1b: Flutter Mane|0 fnt\n|faint|p1b: Flutter Mane\n|-end|p1b: Flutter Mane|Protosynthesis|[silent]\n|move|p2b: Doll-Pugno|Jet Punch|p1a: Houndstone\n|-damage|p1a: Houndstone|29\/100\n|move|p1a: Houndstone|Play Rough|p2a: Noodle|[miss]\n|-miss|p1a: Houndstone|p2a: Noodle\n|\n|upkeep\n|\n|t:|1681877621\n|switch|p1b: Slither Wing|Slither Wing, L50|83\/100\n|turn|7\n|\n|t:|1681877637\n|move|p2a: Noodle|Protect|p2a: Noodle\n|-singleturn|p2a: Noodle|Protect\n|move|p2b: Doll-Pugno|Protect|p2b: Doll-Pugno\n|-singleturn|p2b: Doll-Pugno|Protect\n|move|p1b: Slither Wing|First Impression|p2a: Noodle\n|-activate|p2a: Noodle|move: Protect\n|move|p1a: Houndstone|Shadow Sneak|p2b: Doll-Pugno\n|-activate|p2b: Doll-Pugno|move: Protect\n|\n|upkeep\n|turn|8\n|\n|t:|1681877656\n|move|p1a: Houndstone|Protect|p1a: Houndstone\n|-singleturn|p1a: Houndstone|Protect\n|move|p2b: Doll-Pugno|Jet Punch|p1a: Houndstone\n|-activate|p1a: Houndstone|move: Protect\n|move|p2a: Noodle|Ice Spinner|p1b: Slither Wing\n|-damage|p1b: Slither Wing|21\/100\n|move|p1b: Slither Wing|Leech Life|p2b: Doll-Pugno\n|-damage|p2b: Doll-Pugno|0 fnt\n|-heal|p1b: Slither Wing|33\/100|[from] drain|[of] p2b: Doll-Pugno\n|faint|p2b: Doll-Pugno\n|\n|upkeep\n|turn|9\n|inactive|Sumo'sWeenusVGC has 30 seconds left.\n|\n|t:|1681877681\n|move|p2a: Noodle|Protect|p2a: Noodle\n|-singleturn|p2a: Noodle|Protect\n|move|p1b: Slither Wing|Leech Life|p2a: Noodle\n|-activate|p2a: Noodle|move: Protect\n|move|p1a: Houndstone|Play Rough|p2a: Noodle\n|-activate|p2a: Noodle|move: Protect\n|\n|upkeep\n|turn|10\n|\n|t:|1681877700\n|move|p2a: Noodle|Ice Spinner|p1b: Slither Wing\n|-damage|p1b: Slither Wing|0 fnt\n|faint|p1b: Slither Wing\n|-end|p1b: Slither Wing|Protosynthesis|[silent]\n|move|p1a: Houndstone|Play Rough|p2a: Noodle\n|-supereffective|p2a: Noodle\n|-damage|p2a: Noodle|2\/100\n|-damage|p1a: Houndstone|19\/100|[from] item: Life Orb\n|\n|upkeep\n|turn|11\n|\n|t:|1681877711\n|move|p1a: Houndstone|Protect|p1a: Houndstone\n|-singleturn|p1a: Houndstone|Protect\n|move|p2a: Noodle|Sucker Punch||[still]\n|-fail|p2a: Noodle\n|\n|upkeep\n|turn|12\n|\n|t:|1681877725\n|move|p2a: Noodle|Sucker Punch|p1a: Houndstone\n|-supereffective|p1a: Houndstone\n|-damage|p1a: Houndstone|0 fnt\n|faint|p1a: Houndstone\n|\n|win|Sumo'sWeenusVGC\n|raw|oLLLiver's rating: 1163 → 1137<\/strong> (-26 for losing)\n|raw|Sumo'sWeenusVGC's rating: 1150 → 1176<\/strong> (+26 for winning)\n|l|\u2606oLLLiver\n","uploadtime":1681877750,"views":11,"p1id":"ollliver","p2id":"sumosweenusvgc","formatid":"gen9vgc2023regulationc","rating":1137,"private":0,"password":""}