{"id":"gen9vgc2023regulationc-1855936654","p1":"s50301","p2":"Akukyo","format":"[Gen 9] VGC 2023 Regulation C","log":"|j|\u2606s50301\n|j|\u2606Akukyo\n|t:|1683003373\n|gametype|doubles\n|player|p1|s50301|169|1092\n|player|p2|Akukyo|rosa|1142\n|teamsize|p1|6\n|teamsize|p2|6\n|gen|9\n|tier|[Gen 9] VGC 2023 Regulation C\n|rated|\n|rule|Species Clause: Limit one of each Pok\u00e9mon\n|rule|Item Clause: Limit one of each item\n|clearpoke\n|poke|p1|Toxapex, L50, M|\n|poke|p1|Glimmora, L50, M|\n|poke|p1|Iron Moth, L50|\n|poke|p1|Wo-Chien, L50|\n|poke|p1|Scizor, L50, M|\n|poke|p1|Palafin, L50, F|\n|poke|p2|Torkoal, L50, F|\n|poke|p2|Leafeon, L50, M|\n|poke|p2|Chien-Pao, L50|\n|poke|p2|Gholdengo, L50|\n|poke|p2|Slither Wing, L50|\n|poke|p2|Dragonite, L50, M|\n|teampreview|4\n|inactive|Battle timer is ON: inactive players will automatically lose when time's up. (requested by Akukyo)\n|inactive|s50301 has 60 seconds left.\n|inactive|Akukyo has 60 seconds left.\n|\n|t:|1683003427\n|start\n|switch|p1a: Glimmora|Glimmora, L50, M|100\/100\n|switch|p1b: Palafin|Palafin, L50, F|100\/100\n|switch|p2a: Gholdengo|Gholdengo, L50|100\/100\n|switch|p2b: Slither Wing|Slither Wing, L50|100\/100\n|-item|p1a: Glimmora|Air Balloon\n|turn|1\n|inactive|s50301 has 30 seconds left.\n|\n|t:|1683003454\n|detailschange|p1b: Palafin|Palafin-Hero, L50, F\n|switch|p1b: Toxapex|Toxapex, L50, M|100\/100\n|move|p2b: Slither Wing|First Impression|p1b: Toxapex\n|-resisted|p1b: Toxapex\n|-damage|p1b: Toxapex|81\/100\n|move|p2a: Gholdengo|Make It Rain|p1b: Toxapex|[spread] p1a,p1b\n|-supereffective|p1a: Glimmora\n|-resisted|p1b: Toxapex\n|-damage|p1a: Glimmora|0 fnt\n|-damage|p1b: Toxapex|64\/100\n|-unboost|p2a: Gholdengo|spa|1\n|-enditem|p1a: Glimmora|Air Balloon\n|faint|p1a: Glimmora\n|\n|-heal|p1b: Toxapex|70\/100|[from] item: Black Sludge\n|upkeep\n|\n|t:|1683003468\n|switch|p1a: Palafin|Palafin-Hero, L50, F|100\/100\n|-activate|p1a: Palafin|ability: Zero to Hero\n|turn|2\n|\n|t:|1683003487\n|switch|p2a: Torkoal|Torkoal, L50, F|100\/100\n|-weather|SunnyDay|[from] ability: Drought|[of] p2a: Torkoal\n|-activate|p2b: Slither Wing|ability: Protosynthesis\n|-start|p2b: Slither Wing|protosynthesisatk\n|-terastallize|p1a: Palafin|Water\n|move|p1a: Palafin|Jet Punch|p2a: Torkoal\n|-supereffective|p2a: Torkoal\n|-damage|p2a: Torkoal|55\/100\n|move|p2b: Slither Wing|Stomping Tantrum|p1b: Toxapex\n|-supereffective|p1b: Toxapex\n|-damage|p1b: Toxapex|16\/100\n|move|p1b: Toxapex|Toxic|p2b: Slither Wing\n|-status|p2b: Slither Wing|tox\n|\n|-weather|SunnyDay|[upkeep]\n|-heal|p1b: Toxapex|22\/100|[from] item: Black Sludge\n|-damage|p2b: Slither Wing|95\/100 tox|[from] psn\n|upkeep\n|turn|3\n|inactive|s50301 has 30 seconds left.\n|\n|t:|1683003518\n|move|p1b: Toxapex|Baneful Bunker|p1b: Toxapex\n|-singleturn|p1b: Toxapex|move: Protect\n|move|p1a: Palafin|Jet Punch|p2a: Torkoal\n|-supereffective|p2a: Torkoal\n|-damage|p2a: Torkoal|12\/100\n|-enditem|p2a: Torkoal|Sitrus Berry|[eat]\n|-heal|p2a: Torkoal|37\/100|[from] item: Sitrus Berry\n|move|p2b: Slither Wing|Stomping Tantrum|p1b: Toxapex\n|-activate|p1b: Toxapex|move: Protect\n|move|p2a: Torkoal|Yawn|p1a: Palafin\n|-start|p1a: Palafin|move: Yawn|[of] p2a: Torkoal\n|\n|-weather|SunnyDay|[upkeep]\n|-heal|p1b: Toxapex|28\/100|[from] item: Black Sludge\n|-damage|p2b: Slither Wing|83\/100 tox|[from] psn\n|upkeep\n|turn|4\n|inactive|s50301 has 30 seconds left.\n|inactive|s50301 has 20 seconds left.\n|inactive|s50301 has 15 seconds left.\n|inactive|s50301 has 10 seconds left.\n|\n|t:|1683003564\n|move|p1a: Palafin|Wave Crash|p2a: Torkoal\n|-supereffective|p2a: Torkoal\n|-damage|p2a: Torkoal|0 fnt\n|faint|p2a: Torkoal\n|-damage|p1a: Palafin|88\/100|[from] Recoil\n|move|p2b: Slither Wing|Stomping Tantrum|p1b: Toxapex\n|-supereffective|p1b: Toxapex\n|-damage|p1b: Toxapex|0 fnt\n|faint|p1b: Toxapex\n|\n|-weather|SunnyDay|[upkeep]\n|-damage|p2b: Slither Wing|65\/100 tox|[from] psn\n|-end|p1a: Palafin|move: Yawn|[silent]\n|-status|p1a: Palafin|slp\n|upkeep\n|\n|t:|1683003575\n|switch|p1b: Scizor|Scizor, L50, M|100\/100\n|switch|p2a: Leafeon|Leafeon, L50, M|100\/100\n|turn|5\n|inactive|s50301 has 30 seconds left.\n|\n|t:|1683003607\n|-terastallize|p2b: Slither Wing|Fire\n|move|p1b: Scizor|Bullet Punch|p2b: Slither Wing\n|-resisted|p2b: Slither Wing\n|-damage|p2b: Slither Wing|33\/100 tox\n|move|p2a: Leafeon|Leaf Blade|p1a: Palafin\n|-supereffective|p1a: Palafin\n|-damage|p1a: Palafin|0 fnt\n|faint|p1a: Palafin\n|-damage|p2a: Leafeon|91\/100|[from] item: Life Orb\n|move|p2b: Slither Wing|Flare Blitz|p1b: Scizor\n|-supereffective|p1b: Scizor\n|-damage|p1b: Scizor|0 fnt\n|faint|p1b: Scizor\n|-damage|p2b: Slither Wing|2\/100 tox|[from] Recoil\n|\n|win|Akukyo\n|raw|s50301's rating: 1092 → 1072<\/strong> (-20 for losing)\n|raw|Akukyo's rating: 1142 → 1163<\/strong> (+21 for winning)\n|l|\u2606s50301\n","uploadtime":1683003685,"views":13,"p1id":"s50301","p2id":"akukyo","formatid":"gen9vgc2023regulationc","rating":1072,"private":0,"password":""}