{"id":"gen9vgc2023regulationc-1849368928","p1":"kiwigal","p2":"Bobeti","format":"[Gen 9] VGC 2023 Regulation C","log":"|j|\u2606kiwigal\n|j|\u2606Bobeti\n|t:|1682190794\n|gametype|doubles\n|player|p1|kiwigal|emma|1282\n|player|p2|Bobeti|2|1251\n|teamsize|p1|6\n|teamsize|p2|6\n|gen|9\n|tier|[Gen 9] VGC 2023 Regulation C\n|rated|\n|rule|Species Clause: Limit one of each Pok\u00e9mon\n|rule|Item Clause: Limit one of each item\n|clearpoke\n|poke|p1|Wo-Chien, L50|\n|poke|p1|Chi-Yu, L50|\n|poke|p1|Scizor, L50, M|\n|poke|p1|Glimmora, L50, M|\n|poke|p1|Vaporeon, L50, M|\n|poke|p1|Ting-Lu, L50|\n|poke|p2|Orthworm, L50, M|\n|poke|p2|Dragonite, L50, F|\n|poke|p2|Ting-Lu, L50|\n|poke|p2|Gyarados, L50, M|\n|poke|p2|Flutter Mane, L50|\n|poke|p2|Chien-Pao, L50|\n|teampreview|4\n|c|\u2606kiwigal|gl hf\n|inactive|Battle timer is ON: inactive players will automatically lose when time's up. (requested by Bobeti)\nkiwigal has agreed to open team sheets.\n|inactive|kiwigal has 60 seconds left.\n|inactive|kiwigal has 30 seconds left.\n|inactive|kiwigal has 20 seconds left.\n|l|\u2606Bobeti\n|inactive|Bobeti disconnected and has a minute to reconnect!\n|player|p2|\n|j|\u2606Bobeti\n|inactive|Bobeti reconnected.\n|player|p2|Bobeti|2\n|inactive|kiwigal has 15 seconds left.\n|\n|t:|1682190890\n|start\n|switch|p1a: Glimmora|Glimmora, L50, M|100\/100\n|switch|p1b: Wo-Chien|Wo-Chien, L50|100\/100\n|switch|p2a: Orthworm|Orthworm, L50, M|100\/100\n|switch|p2b: Ting-Lu|Ting-Lu, L50|100\/100\n|-ability|p2b: Ting-Lu|Vessel of Ruin\n|-ability|p1b: Wo-Chien|Tablets of Ruin\n|turn|1\n|\n|t:|1682190915\n|move|p1a: Glimmora|Mortal Spin|p2a: Orthworm|[spread] p2b\n|-immune|p2a: Orthworm\n|-resisted|p2b: Ting-Lu\n|-damage|p2b: Ting-Lu|99\/100\n|-status|p2b: Ting-Lu|psn\n|move|p2b: Ting-Lu|Bulldoze|p1b: Wo-Chien|[spread] p1a,p1b\n|-immune|p2a: Orthworm|[from] ability: Earth Eater\n|-supereffective|p1a: Glimmora\n|-resisted|p1b: Wo-Chien\n|-enditem|p1a: Glimmora|Focus Sash\n|-damage|p1a: Glimmora|1\/100\n|-damage|p1b: Wo-Chien|91\/100\n|-unboost|p1a: Glimmora|spe|1\n|-unboost|p1b: Wo-Chien|spe|1\n|-activate|p1a: Glimmora|ability: Toxic Debris\n|-sidestart|p2: Bobeti|move: Toxic Spikes\n|move|p2a: Orthworm|Iron Defense|p2a: Orthworm\n|-boost|p2a: Orthworm|def|2\n|move|p1b: Wo-Chien|Ruination|p2a: Orthworm|[miss]\n|-miss|p1b: Wo-Chien|p2a: Orthworm\n|\n|-damage|p2b: Ting-Lu|88\/100 psn|[from] psn\n|upkeep\n|turn|2\n|inactive|kiwigal has 30 seconds left.\n|inactive|Bobeti has 30 seconds left.\n|\n|t:|1682190942\n|move|p1a: Glimmora|Spiky Shield|p1a: Glimmora\n|-singleturn|p1a: Glimmora|move: Protect\n|move|p2b: Ting-Lu|Bulldoze|p1b: Wo-Chien|[spread] p1b\n|-activate|p1a: Glimmora|move: Protect\n|-immune|p2a: Orthworm|[from] ability: Earth Eater\n|-resisted|p1b: Wo-Chien\n|-damage|p1b: Wo-Chien|82\/100\n|-unboost|p1b: Wo-Chien|spe|1\n|move|p2a: Orthworm|Shed Tail|p2a: Orthworm\n|-start|p2a: Orthworm|Substitute|[from] move: Shed Tail\n|-damage|p2a: Orthworm|50\/100\n|-enditem|p2a: Orthworm|Sitrus Berry|[eat]\n|-heal|p2a: Orthworm|75\/100|[from] item: Sitrus Berry\n|\n|t:|1682190957\n|switch|p2a: Flutter Mane|Flutter Mane, L50|100\/100|[from] Shed Tail\n|-status|p2a: Flutter Mane|psn\n|move|p1b: Wo-Chien|Leech Seed||[still]\n|-fail|p1b: Wo-Chien\n|\n|-damage|p2a: Flutter Mane|88\/100 psn|[from] psn\n|-damage|p2b: Ting-Lu|75\/100 psn|[from] psn\n|upkeep\n|turn|3\n|\n|t:|1682190975\n|switch|p2b: Orthworm|Orthworm, L50, M|75\/100\n|move|p1b: Wo-Chien|Protect|p1b: Wo-Chien\n|-singleturn|p1b: Wo-Chien|Protect\n|move|p2a: Flutter Mane|Dazzling Gleam|p1b: Wo-Chien|[spread] p1a\n|-activate|p1b: Wo-Chien|move: Protect\n|-resisted|p1a: Glimmora\n|-damage|p1a: Glimmora|0 fnt\n|faint|p1a: Glimmora\n|\n|-damage|p2a: Flutter Mane|76\/100 psn|[from] psn\n|upkeep\n|\n|t:|1682190988\n|switch|p1a: Chi-Yu|Chi-Yu, L50|100\/100\n|-ability|p1a: Chi-Yu|Beads of Ruin\n|turn|4\n|\n|t:|1682191004\n|switch|p1b: Scizor|Scizor, L50, M|100\/100\n|-terastallize|p2b: Orthworm|Fire\n|move|p2a: Flutter Mane|Dazzling Gleam|p1b: Scizor|[spread] p1a,p1b\n|-resisted|p1b: Scizor\n|-damage|p1a: Chi-Yu|55\/100\n|-damage|p1b: Scizor|78\/100\n|move|p1a: Chi-Yu|Flamethrower|p2b: Orthworm\n|-resisted|p2b: Orthworm\n|-damage|p2b: Orthworm|38\/100\n|move|p2b: Orthworm|Body Press|p1a: Chi-Yu\n|-supereffective|p1a: Chi-Yu\n|-damage|p1a: Chi-Yu|0 fnt\n|faint|p1a: Chi-Yu\n|\n|-damage|p2a: Flutter Mane|64\/100 psn|[from] psn\n|upkeep\n|\n|t:|1682191019\n|switch|p1a: Wo-Chien|Wo-Chien, L50|82\/100\n|-ability|p1a: Wo-Chien|Tablets of Ruin\n|turn|5\n|\n|t:|1682191035\n|-end|p2a: Flutter Mane|Protosynthesis|[silent]\n|switch|p2a: Ting-Lu|Ting-Lu, L50|75\/100 psn\n|-ability|p2a: Ting-Lu|Vessel of Ruin\n|-terastallize|p1a: Wo-Chien|Poison\n|move|p1a: Wo-Chien|Leech Seed|p2b: Orthworm\n|-start|p2b: Orthworm|move: Leech Seed\n|move|p2b: Orthworm|Body Press|p1a: Wo-Chien\n|-resisted|p1a: Wo-Chien\n|-crit|p1a: Wo-Chien\n|-damage|p1a: Wo-Chien|68\/100\n|move|p1b: Scizor|Thief|p2a: Ting-Lu\n|-resisted|p2a: Ting-Lu\n|-damage|p2a: Ting-Lu|68\/100 psn\n|\n|-damage|p2b: Orthworm|25\/100|[from] Leech Seed|[of] p1a: Wo-Chien\n|-heal|p1a: Wo-Chien|82\/100|[silent]\n|-damage|p2a: Ting-Lu|55\/100 psn|[from] psn\n|upkeep\n|turn|6\n|inactive|kiwigal has 30 seconds left.\n|inactive|Bobeti has 30 seconds left.\n|\n|t:|1682191066\n|move|p2a: Ting-Lu|Bulldoze|p1b: Scizor|[spread] p1a,p1b\n|-heal|p2b: Orthworm|50\/100|[from] ability: Earth Eater|[of] p2a: Ting-Lu\n|-supereffective|p1a: Wo-Chien\n|-damage|p1a: Wo-Chien|41\/100\n|-damage|p1b: Scizor|56\/100\n|-unboost|p1a: Wo-Chien|spe|1\n|-unboost|p1b: Scizor|spe|1\n|move|p2b: Orthworm|Iron Defense|p2b: Orthworm\n|-boost|p2b: Orthworm|def|2\n|move|p1a: Wo-Chien|Ruination|p2a: Ting-Lu\n|-damage|p2a: Ting-Lu|28\/100 psn\n|move|p1b: Scizor|Close Combat|p2a: Ting-Lu\n|-supereffective|p2a: Ting-Lu\n|-damage|p2a: Ting-Lu|0 fnt\n|-unboost|p1b: Scizor|def|1\n|-unboost|p1b: Scizor|spd|1\n|faint|p2a: Ting-Lu\n|\n|-damage|p2b: Orthworm|38\/100|[from] Leech Seed|[of] p1a: Wo-Chien\n|-heal|p1a: Wo-Chien|55\/100|[silent]\n|upkeep\n|inactive|Bobeti has 30 seconds left.\n|inactive|Bobeti has 20 seconds left.\n|\n|t:|1682191102\n|switch|p2a: Flutter Mane|Flutter Mane, L50|64\/100 psn\n|turn|7\n|inactive|kiwigal has 30 seconds left.\n|inactive|Bobeti has 30 seconds left.\n|inactive|kiwigal has 20 seconds left.\n|\n|t:|1682191138\n|move|p1b: Scizor|Bullet Punch|p2a: Flutter Mane\n|-supereffective|p2a: Flutter Mane\n|-crit|p2a: Flutter Mane\n|-damage|p2a: Flutter Mane|0 fnt\n|faint|p2a: Flutter Mane\n|-end|p2a: Flutter Mane|Protosynthesis|[silent]\n|move|p2b: Orthworm|Body Press|p1b: Scizor\n|-damage|p1b: Scizor|0 fnt\n|faint|p1b: Scizor\n|move|p1a: Wo-Chien|Pollen Puff|p1: Scizor|[notarget]\n|-fail|p1a: Wo-Chien\n|\n|-damage|p2b: Orthworm|26\/100|[from] Leech Seed|[of] p1a: Wo-Chien\n|-heal|p1a: Wo-Chien|70\/100|[silent]\n|upkeep\n|\n|t:|1682191150\n|switch|p2a: Chien-Pao|Chien-Pao, L50|100\/100\n|-status|p2a: Chien-Pao|psn\n|-ability|p2a: Chien-Pao|Sword of Ruin\n|turn|8\n|\n|t:|1682191161\n|move|p1a: Wo-Chien|Protect|p1a: Wo-Chien\n|-singleturn|p1a: Wo-Chien|Protect\n|move|p2a: Chien-Pao|Ice Spinner|p1a: Wo-Chien\n|-activate|p1a: Wo-Chien|move: Protect\n|move|p2b: Orthworm|Heavy Slam|p1a: Wo-Chien\n|-activate|p1a: Wo-Chien|move: Protect\n|\n|-damage|p2b: Orthworm|14\/100|[from] Leech Seed|[of] p1a: Wo-Chien\n|-heal|p1a: Wo-Chien|84\/100|[silent]\n|-damage|p2a: Chien-Pao|88\/100 psn|[from] psn\n|upkeep\n|turn|9\n|\n|t:|1682191176\n|move|p2a: Chien-Pao|Ice Spinner|p1a: Wo-Chien\n|-damage|p1a: Wo-Chien|52\/100\n|move|p2b: Orthworm|Body Press|p1a: Wo-Chien\n|-resisted|p1a: Wo-Chien\n|-damage|p1a: Wo-Chien|29\/100\n|move|p1a: Wo-Chien|Leech Seed|p2a: Chien-Pao\n|-start|p2a: Chien-Pao|move: Leech Seed\n|\n|-damage|p2a: Chien-Pao|76\/100 psn|[from] Leech Seed|[of] p1a: Wo-Chien\n|-heal|p1a: Wo-Chien|42\/100|[silent]\n|-damage|p2b: Orthworm|2\/100|[from] Leech Seed|[of] p1a: Wo-Chien\n|-heal|p1a: Wo-Chien|56\/100|[silent]\n|-damage|p2a: Chien-Pao|64\/100 psn|[from] psn\n|upkeep\n|turn|10\n|\n|t:|1682191201\n|move|p1a: Wo-Chien|Protect|p1a: Wo-Chien\n|-singleturn|p1a: Wo-Chien|Protect\n|move|p2a: Chien-Pao|Ice Spinner|p1a: Wo-Chien\n|-activate|p1a: Wo-Chien|move: Protect\n|move|p2b: Orthworm|Body Press|p1a: Wo-Chien\n|-activate|p1a: Wo-Chien|move: Protect\n|\n|-damage|p2a: Chien-Pao|52\/100 psn|[from] Leech Seed|[of] p1a: Wo-Chien\n|-heal|p1a: Wo-Chien|69\/100|[silent]\n|-damage|p2b: Orthworm|0 fnt|[from] Leech Seed|[of] p1a: Wo-Chien\n|-heal|p1a: Wo-Chien|71\/100|[silent]\n|faint|p2b: Orthworm\n|-damage|p2a: Chien-Pao|40\/100 psn|[from] psn\n|upkeep\n|turn|11\n|c|\u2606kiwigal|gg\n|\n|t:|1682191219\n|move|p2a: Chien-Pao|Ice Spinner|p1a: Wo-Chien\n|-damage|p1a: Wo-Chien|39\/100\n|move|p1a: Wo-Chien|Pollen Puff|p2a: Chien-Pao\n|-supereffective|p2a: Chien-Pao\n|-damage|p2a: Chien-Pao|0 fnt\n|faint|p2a: Chien-Pao\n|\n|win|kiwigal\n|raw|kiwigal's rating: 1282 → 1305<\/strong> (+23 for winning)\n|raw|Bobeti's rating: 1251 → 1228<\/strong> (-23 for losing)\n|l|\u2606Bobeti\n","uploadtime":1682191308,"views":12,"p1id":"kiwigal","p2id":"bobeti","formatid":"gen9vgc2023regulationc","rating":1228,"private":0,"password":""}