{"id":"gen9vgc2023regulationc-1862780300","p1":"grafaudawg","p2":"Arcacagne","format":"[Gen 9] VGC 2023 Regulation C","log":"|j|\u2606grafaudawg\n|j|\u2606Arcacagne\n|t:|1683921172\n|gametype|doubles\n|player|p1|grafaudawg|170|1111\n|player|p2|Arcacagne|169|1197\n|teamsize|p1|6\n|teamsize|p2|6\n|gen|9\n|tier|[Gen 9] VGC 2023 Regulation C\n|rated|\n|rule|Species Clause: Limit one of each Pok\u00e9mon\n|rule|Item Clause: Limit one of each item\n|clearpoke\n|poke|p1|Iron Hands, L50|\n|poke|p1|Gholdengo, L50|\n|poke|p1|Chi-Yu, L50|\n|poke|p1|Palafin, L50, M|\n|poke|p1|Iron Bundle, L50|\n|poke|p1|Flutter Mane, L50|\n|poke|p2|Chi-Yu, L50|\n|poke|p2|Flutter Mane, L50|\n|poke|p2|Amoonguss, L50, F|\n|poke|p2|Ting-Lu, L50|\n|poke|p2|Iron Hands, L50|\n|poke|p2|Gyarados, L50, F|\n|teampreview|4\n|inactive|Battle timer is ON: inactive players will automatically lose when time's up. (requested by grafaudawg)\n|\n|t:|1683921222\n|start\n|switch|p1a: Palafin|Palafin, L50, M|100\/100\n|switch|p1b: Cheezers|Gholdengo, L50|100\/100\n|switch|p2a: Ting-Lu|Ting-Lu, L50|100\/100\n|switch|p2b: Chi-Yu|Chi-Yu, L50|100\/100\n|-ability|p2b: Chi-Yu|Beads of Ruin\n|-ability|p2a: Ting-Lu|Vessel of Ruin\n|turn|1\n|inactive|grafaudawg has 30 seconds left.\n|\n|t:|1683921250\n|switch|p2b: Gyarados|Gyarados, L50, F|100\/100\n|-ability|p2b: Gyarados|Intimidate|boost\n|-unboost|p1a: Palafin|atk|1\n|-unboost|p1b: Cheezers|atk|1\n|-terastallize|p1b: Cheezers|Water\n|-terastallize|p2a: Ting-Lu|Poison\n|move|p1a: Palafin|Jet Punch|p2b: Gyarados\n|-resisted|p2b: Gyarados\n|-damage|p2b: Gyarados|91\/100\n|move|p1b: Cheezers|Shadow Ball|p2b: Gyarados\n|-damage|p2b: Gyarados|64\/100\n|move|p2a: Ting-Lu|Earthquake|p1a: Palafin|[spread] p1a,p1b\n|-immune|p2b: Gyarados\n|-damage|p1a: Palafin|45\/100\n|-damage|p1b: Cheezers|50\/100\n|-enditem|p1b: Cheezers|Sitrus Berry|[eat]\n|-heal|p1b: Cheezers|75\/100|[from] item: Sitrus Berry\n|\n|upkeep\n|turn|2\n|inactive|grafaudawg has 30 seconds left.\n|inactive|Arcacagne has 30 seconds left.\n|\n|t:|1683921282\n|detailschange|p1a: Palafin|Palafin-Hero, L50, M\n|switch|p1a: Iron Hands|Iron Hands, L50|100\/100\n|move|p2b: Gyarados|Waterfall|p1b: Cheezers\n|-resisted|p1b: Cheezers\n|-crit|p1b: Cheezers\n|-damage|p1b: Cheezers|52\/100\n|move|p1b: Cheezers|Shadow Ball|p2a: Ting-Lu\n|-damage|p2a: Ting-Lu|75\/100\n|move|p2a: Ting-Lu|Earthquake|p1a: Iron Hands|[spread] p1a,p1b\n|-immune|p2b: Gyarados\n|-supereffective|p1a: Iron Hands\n|-damage|p1a: Iron Hands|43\/100\n|-damage|p1b: Cheezers|4\/100\n|\n|upkeep\n|turn|3\n|inactive|grafaudawg has 30 seconds left.\n|\n|t:|1683921313\n|move|p2b: Gyarados|Protect|p2b: Gyarados\n|-singleturn|p2b: Gyarados|Protect\n|move|p1b: Cheezers|Protect|p1b: Cheezers\n|-singleturn|p1b: Cheezers|Protect\n|move|p2a: Ting-Lu|Earthquake|p1b: Cheezers|[spread] p1a\n|-activate|p2b: Gyarados|move: Protect\n|-activate|p1b: Cheezers|move: Protect\n|-supereffective|p1a: Iron Hands\n|-damage|p1a: Iron Hands|0 fnt\n|faint|p1a: Iron Hands\n|-end|p1a: Iron Hands|Quark Drive|[silent]\n|\n|upkeep\n|\n|t:|1683921324\n|switch|p1a: Iron Bundle|Iron Bundle, L50|100\/100\n|-enditem|p1a: Iron Bundle|Booster Energy\n|-activate|p1a: Iron Bundle|ability: Quark Drive|[fromitem]\n|-start|p1a: Iron Bundle|quarkdrivespe\n|turn|4\n|\n|t:|1683921339\n|move|p1a: Iron Bundle|Freeze-Dry|p2b: Gyarados\n|-supereffective|p2b: Gyarados\n|-damage|p2b: Gyarados|0 fnt\n|faint|p2b: Gyarados\n|move|p1b: Cheezers|Shadow Ball|p2a: Ting-Lu\n|-damage|p2a: Ting-Lu|50\/100\n|move|p2a: Ting-Lu|Earthquake|p1b: Cheezers|[spread] p1a,p1b\n|-damage|p1a: Iron Bundle|51\/100\n|-damage|p1b: Cheezers|0 fnt\n|faint|p1b: Cheezers\n|\n|upkeep\n|\n|t:|1683921355\n|switch|p2b: Iron Hands|Iron Hands, L50|100\/100\n|switch|p1b: Palafin|Palafin-Hero, L50, M|45\/100\n|-activate|p1b: Palafin|ability: Zero to Hero\n|turn|5\n|\n|t:|1683921376\n|switch|p2a: Chi-Yu|Chi-Yu, L50|100\/100\n|-ability|p2a: Chi-Yu|Beads of Ruin\n|move|p1b: Palafin|Protect|p1b: Palafin\n|-singleturn|p1b: Palafin|Protect\n|move|p2b: Iron Hands|Fake Out|p1a: Iron Bundle\n|-damage|p1a: Iron Bundle|38\/100\n|cant|p1a: Iron Bundle|flinch\n|\n|upkeep\n|turn|6\n|\n|t:|1683921397\n|move|p2a: Chi-Yu|Protect|p2a: Chi-Yu\n|-singleturn|p2a: Chi-Yu|Protect\n|move|p1b: Palafin|Jet Punch|p2a: Chi-Yu\n|-activate|p2a: Chi-Yu|move: Protect\n|move|p1a: Iron Bundle|Icy Wind|p2b: Iron Hands|[spread] p2b\n|-activate|p2a: Chi-Yu|move: Protect\n|-damage|p2b: Iron Hands|86\/100\n|-unboost|p2b: Iron Hands|spe|1\n|move|p2b: Iron Hands|Thunder Punch|p1b: Palafin\n|-supereffective|p1b: Palafin\n|-damage|p1b: Palafin|0 fnt\n|faint|p1b: Palafin\n|\n|upkeep\n|turn|7\n|\n|t:|1683921418\n|move|p1a: Iron Bundle|Freeze-Dry|p2a: Chi-Yu\n|-resisted|p2a: Chi-Yu\n|-damage|p2a: Chi-Yu|81\/100\n|move|p2a: Chi-Yu|Dark Pulse|p1a: Iron Bundle\n|-damage|p1a: Iron Bundle|0 fnt\n|faint|p1a: Iron Bundle\n|-end|p1a: Iron Bundle|Quark Drive|[silent]\n|\n|win|Arcacagne\n|raw|grafaudawg's rating: 1111 → 1092<\/strong> (-19 for losing)\n|raw|Arcacagne's rating: 1197 → 1216<\/strong> (+19 for winning)\n|l|\u2606grafaudawg\n","uploadtime":1683921428,"views":15,"p1id":"grafaudawg","p2id":"arcacagne","formatid":"gen9vgc2023regulationc","rating":1092,"private":0,"password":""}