{"id":"gen9vgc2023regulationc-1854369182","p1":"my form empties","p2":"KCELLEY","format":"[Gen 9] VGC 2023 Regulation C","log":"|j|\u2606my form empties\n|j|\u2606KCELLEY\n|t:|1682802341\n|gametype|doubles\n|player|p1|my form empties|unknownf|1231\n|player|p2|KCELLEY|erika|1229\n|teamsize|p1|6\n|teamsize|p2|6\n|gen|9\n|tier|[Gen 9] VGC 2023 Regulation C\n|rated|\n|rule|Species Clause: Limit one of each Pok\u00e9mon\n|rule|Item Clause: Limit one of each item\n|clearpoke\n|poke|p1|Roaring Moon, L50|\n|poke|p1|Corviknight, L50, M|\n|poke|p1|Garchomp, L50, F|\n|poke|p1|Flutter Mane, L50|\n|poke|p1|Arcanine, L50, F|\n|poke|p1|Gyarados, L50, M|\n|poke|p2|Dragapult, L50, F|\n|poke|p2|Amoonguss, L50, F|\n|poke|p2|Flutter Mane, L50|\n|poke|p2|Ting-Lu, L50|\n|poke|p2|Chien-Pao, L50|\n|poke|p2|Palafin, L50, F|\n|teampreview|4\nmy form empties has agreed to open team sheets.\nKCELLEY has agreed to open team sheets.\n|inactive|Battle timer is ON: inactive players will automatically lose when time's up. (requested by KCELLEY)\n|inactive|my form empties has 60 seconds left.\n|inactive|KCELLEY has 60 seconds left.\n|inactive|KCELLEY has 30 seconds left.\n|inactive|KCELLEY has 20 seconds left.\n|inactive|KCELLEY has 15 seconds left.\n|\n|t:|1682802426\n|start\n|switch|p1a: Roaring Moon|Roaring Moon, L50|100\/100\n|switch|p1b: Corviknight|Corviknight, L50, M|100\/100\n|switch|p2a: Chien-Pao|Chien-Pao, L50|100\/100\n|switch|p2b: Palafin|Palafin, L50, F, shiny|100\/100\n|-ability|p2a: Chien-Pao|Sword of Ruin\n|-enditem|p1a: Roaring Moon|Booster Energy\n|-activate|p1a: Roaring Moon|ability: Protosynthesis|[fromitem]\n|-start|p1a: Roaring Moon|protosynthesisspe\n|turn|1\n|inactive|KCELLEY has 30 seconds left.\n|inactive|KCELLEY has 20 seconds left.\n|inactive|KCELLEY has 15 seconds left.\n|inactive|KCELLEY has 10 seconds left.\n|inactive|KCELLEY has 5 seconds left.\n|\n|t:|1682802480\n|detailschange|p2b: Palafin|Palafin-Hero, L50, F, shiny\n|switch|p2b: Amoonguss|Amoonguss, L50, F|100\/100\n|move|p1a: Roaring Moon|Protect|p1a: Roaring Moon\n|-singleturn|p1a: Roaring Moon|Protect\n|move|p2a: Chien-Pao|Protect|p2a: Chien-Pao\n|-singleturn|p2a: Chien-Pao|Protect\n|move|p1b: Corviknight|Tailwind|p1b: Corviknight\n|-sidestart|p1: my form empties|move: Tailwind\n|\n|upkeep\n|turn|2\n|inactive|KCELLEY has 30 seconds left.\n|inactive|KCELLEY has 20 seconds left.\n|\n|t:|1682802515\n|-terastallize|p1a: Roaring Moon|Flying\n|-terastallize|p2b: Amoonguss|Water\n|move|p2b: Amoonguss|Rage Powder|p2b: Amoonguss\n|-singleturn|p2b: Amoonguss|move: Rage Powder\n|move|p1a: Roaring Moon|Acrobatics|p2b: Amoonguss\n|-damage|p2b: Amoonguss|38\/100\n|-damage|p1a: Roaring Moon|84\/100|[from] item: Rocky Helmet|[of] p2b: Amoonguss\n|move|p1b: Corviknight|Brave Bird|p2b: Amoonguss\n|-damage|p2b: Amoonguss|0 fnt\n|-damage|p1b: Corviknight|84\/100|[from] item: Rocky Helmet|[of] p2b: Amoonguss\n|faint|p2b: Amoonguss\n|-damage|p1b: Corviknight|71\/100|[from] Recoil\n|move|p2a: Chien-Pao|Ice Spinner|p1a: Roaring Moon\n|-supereffective|p1a: Roaring Moon\n|-damage|p1a: Roaring Moon|0 fnt\n|faint|p1a: Roaring Moon\n|-end|p1a: Roaring Moon|Protosynthesis|[silent]\n|\n|upkeep\n|\n|t:|1682802533\n|switch|p1a: Gyarados|Gyarados, L50, M|100\/100\n|switch|p2b: Palafin|Palafin-Hero, L50, F, shiny|100\/100\n|-ability|p1a: Gyarados|Intimidate|boost\n|-unboost|p2a: Chien-Pao|atk|1\n|-unboost|p2b: Palafin|atk|1\n|-activate|p2b: Palafin|ability: Zero to Hero\n|turn|3\n|inactive|KCELLEY has 30 seconds left.\n|inactive|KCELLEY has 20 seconds left.\n|\n|t:|1682802569\n|move|p2a: Chien-Pao|Protect|p2a: Chien-Pao\n|-singleturn|p2a: Chien-Pao|Protect\n|move|p1a: Gyarados|Thunder Wave|p2b: Palafin\n|-status|p2b: Palafin|par\n|move|p1b: Corviknight|Iron Head|p2a: Chien-Pao\n|-activate|p2a: Chien-Pao|move: Protect\n|move|p2b: Palafin|Wave Crash|p1b: Corviknight\n|-damage|p1b: Corviknight|5\/100\n|-enditem|p1b: Corviknight|Sitrus Berry|[eat]\n|-heal|p1b: Corviknight|30\/100|[from] item: Sitrus Berry\n|-damage|p2b: Palafin|79\/100 par|[from] Recoil\n|\n|upkeep\n|turn|4\n|inactive|KCELLEY has 30 seconds left.\n|inactive|KCELLEY has 20 seconds left.\n|inactive|KCELLEY has 15 seconds left.\n|inactive|KCELLEY has 10 seconds left.\n|inactive|KCELLEY has 5 seconds left.\n|\n|t:|1682802621\n|switch|p2a: Dragapult|Dragapult, L50, F|100\/100\n|move|p2b: Palafin|Jet Punch|p1b: Corviknight\n|-crit|p1b: Corviknight\n|-damage|p1b: Corviknight|0 fnt\n|faint|p1b: Corviknight\n|move|p1a: Gyarados|Waterfall|p2a: Dragapult\n|-resisted|p2a: Dragapult\n|-damage|p2a: Dragapult|72\/100\n|\n|-sideend|p1: my form empties|move: Tailwind\n|upkeep\n|\n|t:|1682802635\n|switch|p1b: MINT JAMS|Flutter Mane, L50|100\/100\n|turn|5\n|inactive|KCELLEY has 30 seconds left.\n|inactive|KCELLEY has 20 seconds left.\n|inactive|KCELLEY has 15 seconds left.\n|inactive|KCELLEY has 10 seconds left.\n|inactive|KCELLEY has 5 seconds left.\n|\n|t:|1682802686\n|move|p2a: Dragapult|Phantom Force||[still]\n|-prepare|p2a: Dragapult|Phantom Force\n|move|p1b: MINT JAMS|Dazzling Gleam|p2a: Dragapult|[spread] p2b\n|-miss|p1b: MINT JAMS|p2a: Dragapult\n|-damage|p2b: Palafin|40\/100 par\n|move|p1a: Gyarados|Waterfall|p2a: Dragapult|[miss]\n|-miss|p1a: Gyarados|p2a: Dragapult\n|move|p2b: Palafin|Wave Crash|p1b: MINT JAMS\n|-damage|p1b: MINT JAMS|0 fnt\n|faint|p1b: MINT JAMS\n|-end|p1b: MINT JAMS|Protosynthesis|[silent]\n|-damage|p2b: Palafin|15\/100 par|[from] Recoil\n|\n|upkeep\n|turn|6\n|\n|t:|1682802705\n|move|p2a: Dragapult|Phantom Force|p1a: Gyarados|[from]lockedmove\n|-damage|p1a: Gyarados|29\/100\n|move|p1a: Gyarados|Waterfall|p2b: Palafin\n|-resisted|p2b: Palafin\n|-damage|p2b: Palafin|0 fnt\n|faint|p2b: Palafin\n|\n|-heal|p1a: Gyarados|35\/100|[from] item: Leftovers\n|upkeep\n|-message|my form empties forfeited.\n|\n|win|KCELLEY\n|raw|my form empties's rating: 1231 → 1206<\/strong> (-25 for losing)\n|raw|KCELLEY's rating: 1229 → 1254<\/strong> (+25 for winning)\n","uploadtime":1682802710,"views":18,"p1id":"myformempties","p2id":"kcelley","formatid":"gen9vgc2023regulationc","rating":1206,"private":0,"password":""}