{"id":"gen9vgc2023regulationc-1850973563","p1":"tealpens1","p2":"ThreeStar3","format":"[Gen 9] VGC 2023 Regulation C","log":"|j|\u2606tealpens1\n|j|\u2606ThreeStar3\n|t:|1682388835\n|gametype|doubles\n|player|p1|tealpens1|2|1169\n|player|p2|ThreeStar3|red|1124\n|teamsize|p1|6\n|teamsize|p2|6\n|gen|9\n|tier|[Gen 9] VGC 2023 Regulation C\n|rated|\n|rule|Species Clause: Limit one of each Pok\u00e9mon\n|rule|Item Clause: Limit one of each item\n|clearpoke\n|poke|p1|Farigiraf, L50, M|\n|poke|p1|Iron Hands, L50|\n|poke|p1|Garchomp, L50, F|\n|poke|p1|Talonflame, L50, F|\n|poke|p1|Flutter Mane, L50|\n|poke|p1|Amoonguss, L50, M|\n|poke|p2|Iron Bundle, L50|\n|poke|p2|Tinkaton, L50, F|\n|poke|p2|Iron Hands, L50|\n|poke|p2|Gyarados, L50, M|\n|poke|p2|Arcanine, L50, M|\n|poke|p2|Gholdengo, L50|\n|teampreview|4\n|inactive|Battle timer is ON: inactive players will automatically lose when time's up. (requested by tealpens1)\n|inactive|ThreeStar3 has 60 seconds left.\n|\n|t:|1682388902\n|start\n|switch|p1a: Farigiraf|Farigiraf, L50, M|100\/100\n|switch|p1b: Amoonguss|Amoonguss, L50, M|100\/100\n|switch|p2a: Iron Bundle|Iron Bundle, L50|100\/100\n|switch|p2b: Tinkaton|Tinkaton, L50, F|100\/100\n|-ability|p2b: Tinkaton|Mold Breaker\n|turn|1\n|\n|t:|1682388921\n|move|p2b: Tinkaton|Fake Out|p1a: Farigiraf\n|-damage|p1a: Farigiraf|94\/100\n|move|p1b: Amoonguss|Rage Powder|p1b: Amoonguss\n|-singleturn|p1b: Amoonguss|move: Rage Powder\n|move|p2a: Iron Bundle|Freeze-Dry|p1b: Amoonguss\n|-supereffective|p1b: Amoonguss\n|-damage|p1b: Amoonguss|39\/100\n|cant|p1a: Farigiraf|flinch\n|\n|upkeep\n|turn|2\n|inactive|tealpens1 has 30 seconds left.\n|inactive|ThreeStar3 has 30 seconds left.\n|\n|t:|1682388955\n|switch|p1b: Iron Hands|Iron Hands, L50|100\/100\n|move|p2b: Tinkaton|Helping Hand|p2a: Iron Bundle\n|-singleturn|p2a: Iron Bundle|Helping Hand|[of] p2b: Tinkaton\n|move|p2a: Iron Bundle|Icy Wind|p1b: Iron Hands|[spread] p1a,p1b\n|-damage|p1a: Farigiraf|63\/100\n|-damage|p1b: Iron Hands|83\/100\n|-unboost|p1a: Farigiraf|spe|1\n|-unboost|p1b: Iron Hands|spe|1\n|move|p1a: Farigiraf|Trick Room|p1a: Farigiraf\n|-fieldstart|move: Trick Room|[of] p1a: Farigiraf\n|\n|upkeep\n|turn|3\n|inactive|tealpens1 has 30 seconds left.\n|inactive|tealpens1 has 20 seconds left.\n|\n|t:|1682388995\n|move|p2a: Iron Bundle|Protect|p2a: Iron Bundle\n|-singleturn|p2a: Iron Bundle|Protect\n|move|p1b: Iron Hands|Drain Punch|p2b: Tinkaton\n|-damage|p2b: Tinkaton|53\/100\n|-heal|p1b: Iron Hands|100\/100|[from] drain|[of] p2b: Tinkaton\n|move|p1a: Farigiraf|Hyper Voice|p2a: Iron Bundle|[spread] p2b\n|-activate|p2a: Iron Bundle|move: Protect\n|-resisted|p2b: Tinkaton\n|-damage|p2b: Tinkaton|42\/100\n|-enditem|p2b: Tinkaton|Sitrus Berry|[eat]\n|-heal|p2b: Tinkaton|67\/100|[from] item: Sitrus Berry\n|-enditem|p1a: Farigiraf|Throat Spray\n|-boost|p1a: Farigiraf|spa|1|[from] item: Throat Spray\n|move|p2b: Tinkaton|Thunder Wave|p1a: Farigiraf\n|-status|p1a: Farigiraf|par\n|\n|upkeep\n|turn|4\n|inactive|tealpens1 has 30 seconds left.\n|inactive|ThreeStar3 has 30 seconds left.\n|inactive|tealpens1 has 20 seconds left.\n|inactive|tealpens1 has 15 seconds left.\n|inactive|tealpens1 has 10 seconds left.\n|inactive|tealpens1 has 5 seconds left.\n|\n|t:|1682389047\n|move|p2b: Tinkaton|Helping Hand|p2a: Iron Bundle\n|-singleturn|p2a: Iron Bundle|Helping Hand|[of] p2b: Tinkaton\n|move|p1a: Farigiraf|Psychic|p2b: Tinkaton\n|-resisted|p2b: Tinkaton\n|-damage|p2b: Tinkaton|45\/100\n|move|p1b: Iron Hands|Drain Punch|p2a: Iron Bundle\n|-supereffective|p2a: Iron Bundle\n|-enditem|p2a: Iron Bundle|Focus Sash\n|-damage|p2a: Iron Bundle|1\/100\n|move|p2a: Iron Bundle|Hydro Pump|p1a: Farigiraf\n|-damage|p1a: Farigiraf|0 fnt\n|faint|p1a: Farigiraf\n|\n|upkeep\n|\n|t:|1682389060\n|switch|p1a: Amoonguss|Amoonguss, L50, M|73\/100\n|turn|5\n|\n|t:|1682389076\n|switch|p2b: Gholdengo|Gholdengo, L50|100\/100\n|move|p2a: Iron Bundle|Protect|p2a: Iron Bundle\n|-singleturn|p2a: Iron Bundle|Protect\n|move|p1a: Amoonguss|Spore|p2b: Gholdengo\n|-immune|p2b: Gholdengo|[from] ability: Good as Gold\n|move|p1b: Iron Hands|Wild Charge|p2a: Iron Bundle\n|-activate|p2a: Iron Bundle|move: Protect\n|\n|upkeep\n|turn|6\n|inactive|tealpens1 has 30 seconds left.\n|inactive|ThreeStar3 has 30 seconds left.\n|\n|t:|1682389108\n|-end|p1b: Iron Hands|Quark Drive|[silent]\n|switch|p1b: Flutter Mane|Flutter Mane, L50|100\/100\n|move|p2b: Gholdengo|Protect|p2b: Gholdengo\n|-singleturn|p2b: Gholdengo|Protect\n|move|p1a: Amoonguss|Spore|p2a: Iron Bundle\n|-status|p2a: Iron Bundle|slp|[from] move: Spore\n|cant|p2a: Iron Bundle|slp\n|\n|-fieldend|move: Trick Room\n|upkeep\n|turn|7\n|inactive|tealpens1 has 30 seconds left.\n|inactive|tealpens1 has 20 seconds left.\n|inactive|tealpens1 has 15 seconds left.\n|inactive|tealpens1 has 10 seconds left.\n|\n|t:|1682389153\n|switch|p1a: Iron Hands|Iron Hands, L50|100\/100\n|-terastallize|p2b: Gholdengo|Steel\n|-curestatus|p2a: Iron Bundle|slp|[msg]\n|move|p2a: Iron Bundle|Icy Wind|p1b: Flutter Mane|[spread] p1a,p1b\n|-damage|p1a: Iron Hands|89\/100\n|-damage|p1b: Flutter Mane|80\/100\n|-unboost|p1a: Iron Hands|spe|1\n|-unboost|p1b: Flutter Mane|spe|1\n|move|p2b: Gholdengo|Make It Rain|p1a: Iron Hands|[spread] p1a,p1b\n|-resisted|p1a: Iron Hands\n|-supereffective|p1b: Flutter Mane\n|-damage|p1a: Iron Hands|67\/100\n|-damage|p1b: Flutter Mane|0 fnt\n|-unboost|p2b: Gholdengo|spa|1\n|faint|p1b: Flutter Mane\n|-end|p1b: Flutter Mane|Protosynthesis|[silent]\n|-damage|p2b: Gholdengo|91\/100|[from] item: Life Orb\n|\n|upkeep\n|\n|t:|1682389178\n|switch|p1b: Amoonguss|Amoonguss, L50, M|100\/100\n|turn|8\n|inactive|tealpens1 has 30 seconds left.\n|inactive|tealpens1 has 20 seconds left.\n|inactive|tealpens1 has 15 seconds left.\n|inactive|tealpens1 has 10 seconds left.\n|inactive|tealpens1 has 5 seconds left.\n|\n|t:|1682389232\n|switch|p2b: Tinkaton|Tinkaton, L50, F|45\/100\n|-ability|p2b: Tinkaton|Mold Breaker\n|move|p1b: Amoonguss|Rage Powder|p1b: Amoonguss\n|-singleturn|p1b: Amoonguss|move: Rage Powder\n|move|p2a: Iron Bundle|Freeze-Dry|p1b: Amoonguss\n|-supereffective|p1b: Amoonguss\n|-damage|p1b: Amoonguss|37\/100\n|-status|p1b: Amoonguss|frz\n|move|p1a: Iron Hands|Drain Punch|p2b: Tinkaton\n|-damage|p2b: Tinkaton|0 fnt\n|-heal|p1a: Iron Hands|85\/100|[from] drain|[of] p2b: Tinkaton\n|faint|p2b: Tinkaton\n|\n|upkeep\n|\n|t:|1682389249\n|switch|p2b: Gholdengo|Gholdengo, L50, tera:Steel|91\/100\n|turn|9\n|inactive|tealpens1 has 30 seconds left.\n|inactive|tealpens1 has 20 seconds left.\n|inactive|tealpens1 has 15 seconds left.\n|inactive|tealpens1 has 10 seconds left.\n|\n|t:|1682389296\n|move|p2a: Iron Bundle|Freeze-Dry|p1b: Amoonguss\n|-supereffective|p1b: Amoonguss\n|-damage|p1b: Amoonguss|0 fnt\n|faint|p1b: Amoonguss\n|move|p2b: Gholdengo|Nasty Plot|p2b: Gholdengo\n|-boost|p2b: Gholdengo|spa|2\n|move|p1a: Iron Hands|Drain Punch|p2b: Gholdengo\n|-supereffective|p2b: Gholdengo\n|-damage|p2b: Gholdengo|0 fnt\n|-heal|p1a: Iron Hands|100\/100|[from] drain|[of] p2b: Gholdengo\n|faint|p2b: Gholdengo\n|\n|upkeep\n|\n|t:|1682389309\n|switch|p2b: Gyarados|Gyarados, L50, M|100\/100\n|turn|10\n|inactive|tealpens1 has 30 seconds left.\n|inactive|ThreeStar3 has 30 seconds left.\n|inactive|tealpens1 has 20 seconds left.\n|\n|t:|1682389347\n|move|p2a: Iron Bundle|Hydro Pump|p1a: Iron Hands\n|-damage|p1a: Iron Hands|69\/100\n|move|p2b: Gyarados|Dragon Dance|p2b: Gyarados\n|-boost|p2b: Gyarados|atk|1\n|-boost|p2b: Gyarados|spe|1\n|move|p1a: Iron Hands|Wild Charge|p2b: Gyarados\n|-supereffective|p2b: Gyarados\n|-damage|p2b: Gyarados|0 fnt\n|faint|p2b: Gyarados\n|-damage|p1a: Iron Hands|51\/100|[from] Recoil\n|\n|upkeep\n|turn|11\n|inactive|tealpens1 has 30 seconds left.\n|inactive|tealpens1 has 20 seconds left.\n|\n|t:|1682389371\n|-terastallize|p1a: Iron Hands|Grass\n|move|p2a: Iron Bundle|Freeze-Dry|p1a: Iron Hands\n|-supereffective|p1a: Iron Hands\n|-damage|p1a: Iron Hands|13\/100\n|move|p1a: Iron Hands|Drain Punch|p2a: Iron Bundle\n|-supereffective|p2a: Iron Bundle\n|-damage|p2a: Iron Bundle|0 fnt\n|-heal|p1a: Iron Hands|13\/100|[from] drain|[of] p2a: Iron Bundle\n|faint|p2a: Iron Bundle\n|-end|p2a: Iron Bundle|Quark Drive|[silent]\n|\n|win|tealpens1\n|inactive|tealpens1 has 20 seconds left this turn.\n|raw|tealpens1's rating: 1169 → 1191<\/strong> (+22 for winning)\n|raw|ThreeStar3's rating: 1124 → 1102<\/strong> (-22 for losing)\n|c|\u2606tealpens1|GG\n|c|\u2606tealpens1|where was the hydro\n","uploadtime":1682389389,"views":13,"p1id":"tealpens1","p2id":"threestar3","formatid":"gen9vgc2023regulationc","rating":1102,"private":0,"password":""}