{"id":"gen9vgc2023regulationc-1850621647","p1":"Rattigan34","p2":"Pnuma","format":"[Gen 9] VGC 2023 Regulation C","log":"|j|\u2606Rattigan34\n|j|\u2606Pnuma\n|t:|1682353759\n|gametype|doubles\n|player|p1|Rattigan34|drayden|1114\n|player|p2|Pnuma|veteran|1049\n|teamsize|p1|6\n|teamsize|p2|6\n|gen|9\n|tier|[Gen 9] VGC 2023 Regulation C\n|rated|\n|rule|Species Clause: Limit one of each Pok\u00e9mon\n|rule|Item Clause: Limit one of each item\n|clearpoke\n|poke|p1|Palafin, L50, F|\n|poke|p1|Chien-Pao, L50|\n|poke|p1|Dragapult, L50, M|\n|poke|p1|Amoonguss, L50, F|\n|poke|p1|Arcanine, L50, F|\n|poke|p1|Flutter Mane, L50|\n|poke|p2|Annihilape, L50, M|\n|poke|p2|Maushold-Four, L50|\n|poke|p2|Jumpluff, L50, F|\n|poke|p2|Armarouge, L50, M|\n|poke|p2|Indeedee-F, L50, F|\n|poke|p2|Iron Bundle, L50|\n|teampreview|4\n|inactive|Battle timer is ON: inactive players will automatically lose when time's up. (requested by Pnuma)\nRattigan34 has agreed to open team sheets.\n|inactive|Rattigan34 has 60 seconds left.\n|inactive|Pnuma has 60 seconds left.\nPnuma rejected open team sheets.\n|inactive|Rattigan34 has 30 seconds left.\n|\n|t:|1682353824\n|start\n|switch|p1a: Dnite|Dragapult, L50, M|100\/100\n|switch|p1b: WoChien|Amoonguss, L50, F|100\/100\n|switch|p2a: Annihilape|Annihilape, L50, M|100\/100\n|switch|p2b: Maushold|Maushold-Four, L50|100\/100\n|turn|1\n|\n|t:|1682353840\n|move|p1b: WoChien|Rage Powder|p1b: WoChien\n|-singleturn|p1b: WoChien|move: Rage Powder\n|move|p2a: Annihilape|U-turn|p1b: WoChien\n|-damage|p1b: WoChien|79\/100\n|\n|t:|1682353844\n|switch|p2a: Jumpluff|Jumpluff, L50, F, shiny|100\/100|[from] U-turn\n|move|p1a: Dnite|Phantom Force||[still]\n|-prepare|p1a: Dnite|Phantom Force\n|move|p2b: Maushold|Population Bomb|p1b: WoChien\n|-damage|p1b: WoChien|70\/100\n|-damage|p1b: WoChien|60\/100\n|-damage|p1b: WoChien|50\/100\n|-enditem|p1b: WoChien|Sitrus Berry|[eat]\n|-heal|p1b: WoChien|75\/100|[from] item: Sitrus Berry\n|-damage|p1b: WoChien|65\/100\n|-crit|p1b: WoChien\n|-damage|p1b: WoChien|51\/100\n|-damage|p1b: WoChien|41\/100\n|-damage|p1b: WoChien|30\/100\n|-damage|p1b: WoChien|20\/100\n|-damage|p1b: WoChien|10\/100\n|-damage|p1b: WoChien|0 fnt\n|faint|p1b: WoChien\n|-hitcount|p1: WoChien|10\n|\n|upkeep\n|\n|t:|1682353867\n|switch|p1b: Mimi|Flutter Mane, L50|100\/100\n|-enditem|p1b: Mimi|Booster Energy\n|-activate|p1b: Mimi|ability: Protosynthesis|[fromitem]\n|-start|p1b: Mimi|protosynthesisspa\n|turn|2\n|inactive|Rattigan34 has 30 seconds left.\n|inactive|Rattigan34 has 20 seconds left.\n|inactive|Rattigan34 has 15 seconds left.\n|inactive|Rattigan34 has 10 seconds left.\n|inactive|Rattigan34 has 5 seconds left.\n|\n|t:|1682353917\n|move|p1b: Mimi|Protect|p1b: Mimi\n|-singleturn|p1b: Mimi|Protect\n|move|p2b: Maushold|Follow Me|p2b: Maushold\n|-singleturn|p2b: Maushold|move: Follow Me\n|move|p1a: Dnite|Phantom Force|p2b: Maushold|[from]lockedmove\n|-immune|p2b: Maushold\n|move|p2a: Jumpluff|Leech Seed|p1b: Mimi\n|-activate|p1b: Mimi|move: Protect\n|\n|upkeep\n|turn|3\n|inactive|Rattigan34 has 30 seconds left.\n|\n|t:|1682353946\n|switch|p1a: ChiYu|Arcanine, L50, F|100\/100\n|-ability|p1a: ChiYu|Intimidate|boost\n|-unboost|p2a: Jumpluff|atk|1\n|-unboost|p2b: Maushold|atk|1\n|-terastallize|p2a: Jumpluff|Poison\n|move|p2b: Maushold|Follow Me|p2b: Maushold\n|-singleturn|p2b: Maushold|move: Follow Me\n|move|p2a: Jumpluff|Leech Seed|p1b: Mimi\n|-start|p1b: Mimi|move: Leech Seed\n|move|p1b: Mimi|Dazzling Gleam|p2b: Maushold|[spread] p2a,p2b\n|-resisted|p2a: Jumpluff\n|-damage|p2a: Jumpluff|82\/100\n|-damage|p2b: Maushold|46\/100\n|\n|-heal|p2a: Jumpluff|88\/100|[from] item: Leftovers\n|-damage|p1b: Mimi|89\/100|[from] Leech Seed|[of] p2a: Jumpluff\n|-heal|p2a: Jumpluff|98\/100|[silent]\n|upkeep\n|turn|4\n|inactive|Rattigan34 has 30 seconds left.\n|inactive|Rattigan34 has 20 seconds left.\n|inactive|Rattigan34 has 15 seconds left.\n|\n|t:|1682353988\n|-end|p1b: Mimi|Protosynthesis|[silent]\n|switch|p1b: Dnite|Dragapult, L50, M|100\/100\n|move|p2b: Maushold|Population Bomb|p1a: ChiYu\n|-damage|p1a: ChiYu|91\/100\n|-damage|p1a: ChiYu|83\/100\n|-damage|p1a: ChiYu|75\/100\n|-damage|p1a: ChiYu|68\/100\n|-crit|p1a: ChiYu\n|-damage|p1a: ChiYu|51\/100\n|-damage|p1a: ChiYu|43\/100\n|-damage|p1a: ChiYu|34\/100\n|-damage|p1a: ChiYu|27\/100\n|-damage|p1a: ChiYu|19\/100\n|-damage|p1a: ChiYu|11\/100\n|-hitcount|p1a: ChiYu|10\n|move|p2a: Jumpluff|Cotton Guard|p2a: Jumpluff\n|-boost|p2a: Jumpluff|def|3\n|move|p1a: ChiYu|Flare Blitz|p2a: Jumpluff\n|-damage|p2a: Jumpluff|73\/100\n|-damage|p1a: ChiYu|4\/100|[from] Recoil\n|\n|-heal|p2a: Jumpluff|79\/100|[from] item: Leftovers\n|upkeep\n|turn|5\n|-message|Rattigan34 forfeited.\n|\n|win|Pnuma\n|raw|Rattigan34's rating: 1114 → 1084<\/strong> (-30 for losing)\n|raw|Pnuma's rating: 1049 → 1088<\/strong> (+39 for winning)\n|l|\u2606Rattigan34\n","uploadtime":1682354016,"views":17,"p1id":"rattigan34","p2id":"pnuma","formatid":"gen9vgc2023regulationc","rating":1084,"private":0,"password":""}