{"id":"gen9vgc2023regulationc-1857100714","p1":"McDubbieEnthusiast","p2":"Riverss1","format":"[Gen 9] VGC 2023 Regulation C","log":"|j|\u2606McDubbieEnthusiast\n|j|\u2606Riverss1\n|t:|1683145839\n|gametype|doubles\n|player|p1|McDubbieEnthusiast|pokemonbreeder-gen4|1352\n|player|p2|Riverss1|koga|1371\n|teamsize|p1|6\n|teamsize|p2|6\n|gen|9\n|tier|[Gen 9] VGC 2023 Regulation C\n|rated|\n|rule|Species Clause: Limit one of each Pok\u00e9mon\n|rule|Item Clause: Limit one of each item\n|clearpoke\n|poke|p1|Tyranitar, L50, M|\n|poke|p1|Garchomp, L50, F|\n|poke|p1|Scream Tail, L50|\n|poke|p1|Corviknight, L50, F|\n|poke|p1|Gholdengo, L50|\n|poke|p1|Lycanroc, L50, F|\n|poke|p2|Rotom-Heat, L50|\n|poke|p2|Oranguru, L50, F|\n|poke|p2|Ting-Lu, L50|\n|poke|p2|Clawitzer, L50, M|\n|poke|p2|Maushold-Four, L50|\n|poke|p2|Annihilape, L50, F|\n|teampreview|4\n|inactive|Battle timer is ON: inactive players will automatically lose when time's up. (requested by Riverss1)\n|inactive|McDubbieEnthusiast has 60 seconds left.\n|inactive|McDubbieEnthusiast has 30 seconds left.\n|\n|t:|1683145918\n|start\n|switch|p1a: Beholder|Scream Tail, L50, shiny|100\/100\n|switch|p1b: Mimic|Gholdengo, L50|100\/100\n|switch|p2a: Clawitzer|Clawitzer, L50, M|100\/100\n|switch|p2b: Oranguru|Oranguru, L50, F, shiny|100\/100\n|-enditem|p1a: Beholder|Booster Energy\n|-activate|p1a: Beholder|ability: Protosynthesis|[fromitem]\n|-start|p1a: Beholder|protosynthesisspe\n|turn|1\n|inactive|McDubbieEnthusiast has 30 seconds left.\n|\n|t:|1683145946\n|-terastallize|p2a: Clawitzer|Water\n|move|p1a: Beholder|Thunder Wave|p2b: Oranguru\n|-status|p2b: Oranguru|par\n|move|p1b: Mimic|Thunderbolt|p2a: Clawitzer\n|-supereffective|p2a: Clawitzer\n|-damage|p2a: Clawitzer|32\/100\n|-status|p2a: Clawitzer|par\n|cant|p2a: Clawitzer|par\n|move|p2b: Oranguru|Trick Room|p2b: Oranguru\n|-fieldstart|move: Trick Room|[of] p2b: Oranguru\n|\n|upkeep\n|turn|2\n|\n|t:|1683145967\n|-terastallize|p1b: Mimic|Water\n|move|p2a: Clawitzer|Surf|p1b: Mimic|[spread] p1a,p1b\n|-activate|p2b: Oranguru|ability: Telepathy\n|-resisted|p1b: Mimic\n|-damage|p1a: Beholder|55\/100\n|-damage|p1b: Mimic|64\/100\n|-damage|p2a: Clawitzer|22\/100 par|[from] item: Life Orb\n|move|p2b: Oranguru|Instruct|p2a: Clawitzer\n|-singleturn|p2a: Clawitzer|move: Instruct|[of] p2b: Oranguru\n|move|p2a: Clawitzer|Surf|p1b: Mimic|[spread] p1a,p1b\n|-activate|p2b: Oranguru|ability: Telepathy\n|-resisted|p1b: Mimic\n|-damage|p1a: Beholder|13\/100\n|-damage|p1b: Mimic|27\/100\n|-damage|p2a: Clawitzer|13\/100 par|[from] item: Life Orb\n|move|p1b: Mimic|Thunderbolt|p2a: Clawitzer\n|-supereffective|p2a: Clawitzer\n|-damage|p2a: Clawitzer|0 fnt\n|faint|p2a: Clawitzer\n|move|p1a: Beholder|Disable|p2b: Oranguru\n|-start|p2b: Oranguru|Disable|Instruct\n|-enditem|p2b: Oranguru|Mental Herb\n|-end|p2b: Oranguru|Disable\n|\n|upkeep\n|\n|t:|1683145990\n|switch|p2a: Rotom|Rotom-Heat, L50, shiny|100\/100\n|turn|3\n|inactive|Riverss1 has 30 seconds left.\n|\n|t:|1683146016\n|switch|p1b: Tarrasque|Tyranitar, L50, M, shiny|100\/100\n|-weather|Sandstorm|[from] ability: Sand Stream|[of] p1b: Tarrasque\n|-end|p1a: Beholder|Protosynthesis|[silent]\n|switch|p1a: Roc|Corviknight, L50, F|100\/100\n|move|p2b: Oranguru|Foul Play|p1b: Tarrasque\n|-resisted|p1b: Tarrasque\n|-damage|p1b: Tarrasque|85\/100\n|move|p2a: Rotom|Discharge|p1b: Tarrasque|[spread] p1a,p1b\n|-activate|p2b: Oranguru|ability: Telepathy\n|-supereffective|p1a: Roc\n|-damage|p1a: Roc|41\/100\n|-damage|p1b: Tarrasque|61\/100\n|\n|-weather|Sandstorm|[upkeep]\n|-damage|p2b: Oranguru|94\/100 par|[from] Sandstorm\n|-damage|p2a: Rotom|95\/100|[from] Sandstorm\n|upkeep\n|turn|4\n|inactive|McDubbieEnthusiast has 30 seconds left.\n|\n|t:|1683146042\n|move|p2b: Oranguru|Instruct|p2a: Rotom\n|-singleturn|p2a: Rotom|move: Instruct|[of] p2b: Oranguru\n|move|p2a: Rotom|Discharge|p1b: Tarrasque|[spread] p1a,p1b\n|-activate|p2b: Oranguru|ability: Telepathy\n|-supereffective|p1a: Roc\n|-damage|p1a: Roc|0 fnt\n|-damage|p1b: Tarrasque|38\/100\n|faint|p1a: Roc\n|move|p2a: Rotom|Discharge|p1b: Tarrasque|[spread] p1b\n|-activate|p2b: Oranguru|ability: Telepathy\n|-damage|p1b: Tarrasque|14\/100\n|move|p1b: Tarrasque|Dragon Dance|p1b: Tarrasque\n|-boost|p1b: Tarrasque|atk|1\n|-boost|p1b: Tarrasque|spe|1\n|\n|-weather|Sandstorm|[upkeep]\n|-damage|p2b: Oranguru|88\/100 par|[from] Sandstorm\n|-damage|p2a: Rotom|89\/100|[from] Sandstorm\n|upkeep\n|\n|t:|1683146052\n|switch|p1a: Beholder|Scream Tail, L50, shiny|13\/100\n|turn|5\n|\n|t:|1683146067\n|move|p1b: Tarrasque|Protect|p1b: Tarrasque\n|-singleturn|p1b: Tarrasque|Protect\n|move|p2b: Oranguru|Instruct|p2a: Rotom\n|-singleturn|p2a: Rotom|move: Instruct|[of] p2b: Oranguru\n|move|p2a: Rotom|Discharge|p1b: Tarrasque|[spread] p1a\n|-activate|p1b: Tarrasque|move: Protect\n|-activate|p2b: Oranguru|ability: Telepathy\n|-damage|p1a: Beholder|0 fnt\n|faint|p1a: Beholder\n|-end|p1a: Beholder|Protosynthesis|[silent]\n|move|p2a: Rotom|Discharge|p1b: Tarrasque|[spread] \n|-activate|p1b: Tarrasque|move: Protect\n|-activate|p2b: Oranguru|ability: Telepathy\n|\n|-weather|Sandstorm|[upkeep]\n|-damage|p2b: Oranguru|82\/100 par|[from] Sandstorm\n|-damage|p2a: Rotom|83\/100|[from] Sandstorm\n|-fieldend|move: Trick Room\n|upkeep\n|\n|t:|1683146072\n|switch|p1a: Mimic|Gholdengo, L50, tera:Water|27\/100\n|turn|6\n|\n|t:|1683146087\n|move|p1a: Mimic|Tera Blast|p2a: Rotom\n|-supereffective|p2a: Rotom\n|-damage|p2a: Rotom|0 fnt\n|faint|p2a: Rotom\n|move|p1b: Tarrasque|Rock Slide|p2b: Oranguru\n|-damage|p2b: Oranguru|27\/100 par\n|cant|p2b: Oranguru|flinch\n|\n|-weather|Sandstorm|[upkeep]\n|-damage|p1a: Mimic|21\/100|[from] Sandstorm\n|-damage|p2b: Oranguru|21\/100 par|[from] Sandstorm\n|upkeep\n|\n|t:|1683146097\n|switch|p2a: Ting-Lu|Ting-Lu, L50|100\/100\n|-ability|p2a: Ting-Lu|Vessel of Ruin\n|turn|7\n|\n|t:|1683146108\n|move|p1a: Mimic|Tera Blast|p2a: Ting-Lu\n|-supereffective|p2a: Ting-Lu\n|-damage|p2a: Ting-Lu|70\/100\n|move|p1b: Tarrasque|Rock Slide|p2b: Oranguru|[spread] p2a\n|-miss|p1b: Tarrasque|p2b: Oranguru\n|-resisted|p2a: Ting-Lu\n|-damage|p2a: Ting-Lu|57\/100\n|cant|p2a: Ting-Lu|flinch\n|move|p2b: Oranguru|Instruct||[still]\n|-fail|p2b: Oranguru\n|\n|-weather|none\n|upkeep\n|turn|8\n|j| thatsaniceloaf\n|\n|t:|1683146123\n|move|p2b: Oranguru|Protect|p2b: Oranguru\n|-singleturn|p2b: Oranguru|Protect\n|move|p1a: Mimic|Tera Blast|p2b: Oranguru\n|-activate|p2b: Oranguru|move: Protect\n|move|p1b: Tarrasque|Low Kick|p2a: Ting-Lu\n|-supereffective|p2a: Ting-Lu\n|-damage|p2a: Ting-Lu|0 fnt\n|faint|p2a: Ting-Lu\n|\n|upkeep\n|turn|9\n|-message|Riverss1 forfeited.\n|\n|win|McDubbieEnthusiast\n|raw|McDubbieEnthusiast's rating: 1352 → 1373<\/strong> (+21 for winning)\n|raw|Riverss1's rating: 1371 → 1350<\/strong> (-21 for losing)\n|l|\u2606Riverss1\n","uploadtime":1683146136,"views":18,"p1id":"mcdubbieenthusiast","p2id":"riverss1","formatid":"gen9vgc2023regulationc","rating":1350,"private":0,"password":""}