{"id":"gen9vgc2023regulationc-1857664913","p1":"Ytterby","p2":"xiifrn","format":"[Gen 9] VGC 2023 Regulation C","log":"|j|\u2606Ytterby\n|j|\u2606xiifrn\n|t:|1683219782\n|gametype|doubles\n|player|p1|Ytterby|brycenman|1175\n|player|p2|xiifrn|hiker-gen4|1111\n|teamsize|p1|6\n|teamsize|p2|6\n|gen|9\n|tier|[Gen 9] VGC 2023 Regulation C\n|rated|\n|rule|Species Clause: Limit one of each Pok\u00e9mon\n|rule|Item Clause: Limit one of each item\n|clearpoke\n|poke|p1|Flutter Mane, L50|\n|poke|p1|Arcanine, L50, M|\n|poke|p1|Torkoal, L50, M|\n|poke|p1|Chi-Yu, L50|\n|poke|p1|Murkrow, L50, M|\n|poke|p1|Great Tusk, L50|\n|poke|p2|Chien-Pao, L50|\n|poke|p2|Ting-Lu, L50|\n|poke|p2|Flutter Mane, L50|\n|poke|p2|Annihilape, L50, F|\n|poke|p2|Arcanine, L50, M|\n|poke|p2|Amoonguss, L50, F|\n|teampreview|4\n|n|\u2606Ytterby|ytterby\n|\n|t:|1683219833\n|start\n|switch|p1a: Chi-Yu|Chi-Yu, L50|100\/100\n|switch|p1b: Farter Man|Flutter Mane, L50|100\/100\n|switch|p2a: Ting-Lu|Ting-Lu, L50|100\/100\n|switch|p2b: Arcanine|Arcanine, L50, M|100\/100\n|-ability|p1a: Chi-Yu|Beads of Ruin\n|-ability|p2b: Arcanine|Intimidate|boost\n|-unboost|p1a: Chi-Yu|atk|1\n|-unboost|p1b: Farter Man|atk|1\n|-ability|p2a: Ting-Lu|Vessel of Ruin\n|turn|1\n|\n|t:|1683219856\n|-end|p1b: Farter Man|Protosynthesis|[silent]\n|switch|p1b: AN|Arcanine, L50, M|100\/100\n|-ability|p1b: AN|Intimidate|boost\n|-unboost|p2a: Ting-Lu|atk|1\n|-unboost|p2b: Arcanine|atk|1\n|-terastallize|p1a: Chi-Yu|Water\n|move|p2a: Ting-Lu|Protect|p2a: Ting-Lu\n|-singleturn|p2a: Ting-Lu|Protect\n|move|p1a: Chi-Yu|Tera Blast|p2b: Arcanine\n|-supereffective|p2b: Arcanine\n|-damage|p2b: Arcanine|12\/100\n|move|p2b: Arcanine|Flare Blitz|p1a: Chi-Yu\n|-resisted|p1a: Chi-Yu\n|-damage|p1a: Chi-Yu|75\/100\n|-damage|p2b: Arcanine|7\/100|[from] Recoil\n|\n|upkeep\n|turn|2\n|\n|t:|1683219882\n|switch|p2b: Annihilape|Annihilape, L50, F|100\/100\n|move|p1a: Chi-Yu|Tera Blast|p2a: Ting-Lu\n|-supereffective|p2a: Ting-Lu\n|-damage|p2a: Ting-Lu|25\/100\n|-enditem|p2a: Ting-Lu|Aguav Berry|[eat]\n|-heal|p2a: Ting-Lu|58\/100|[from] item: Aguav Berry\n|move|p1b: AN|Heat Wave|p2b: Annihilape|[spread] p2a,p2b\n|-damage|p2a: Ting-Lu|34\/100\n|-damage|p2b: Annihilape|75\/100\n|move|p2a: Ting-Lu|Rock Slide|p1b: AN|[spread] p1a,p1b\n|-supereffective|p1b: AN\n|-damage|p1a: Chi-Yu|54\/100\n|-damage|p1b: AN|68\/100\n|\n|-heal|p2b: Annihilape|81\/100|[from] item: Leftovers\n|upkeep\n|turn|3\n|\n|t:|1683219916\n|-terastallize|p2b: Annihilape|Fire\n|move|p1a: Chi-Yu|Tera Blast|p2b: Annihilape\n|-supereffective|p2b: Annihilape\n|-damage|p2b: Annihilape|6\/100\n|move|p1b: AN|Heat Wave|p2b: Annihilape|[spread] p2a,p2b\n|-resisted|p2b: Annihilape\n|-damage|p2a: Ting-Lu|9\/100\n|-damage|p2b: Annihilape|0 fnt\n|faint|p2b: Annihilape\n|move|p2a: Ting-Lu|Rock Slide|p1a: Chi-Yu|[spread] p1a,p1b\n|-supereffective|p1b: AN\n|-damage|p1a: Chi-Yu|32\/100\n|-damage|p1b: AN|35\/100\n|\n|upkeep\n|\n|t:|1683219930\n|switch|p2b: Arcanine|Arcanine, L50, M|7\/100\n|-ability|p2b: Arcanine|Intimidate|boost\n|-unboost|p1a: Chi-Yu|atk|1\n|-unboost|p1b: AN|atk|1\n|turn|4\n|\n|t:|1683219941\n|move|p2b: Arcanine|Extreme Speed|p1a: Chi-Yu\n|-crit|p1a: Chi-Yu\n|-damage|p1a: Chi-Yu|0 fnt\n|faint|p1a: Chi-Yu\n|move|p1b: AN|Heat Wave|p2b: Arcanine|[spread] p2a,p2b\n|-resisted|p2b: Arcanine\n|-damage|p2a: Ting-Lu|0 fnt\n|-damage|p2b: Arcanine|0 fnt\n|faint|p2a: Ting-Lu\n|faint|p2b: Arcanine\n|\n|upkeep\n|\n|t:|1683219953\n|switch|p1a: TMAN|Torkoal, L50, M|100\/100\n|switch|p2b: Flutter Mane|Flutter Mane, L50|100\/100\n|-weather|SunnyDay|[from] ability: Drought|[of] p1a: TMAN\n|-activate|p2b: Flutter Mane|ability: Protosynthesis\n|-start|p2b: Flutter Mane|protosynthesisspe\n|turn|5\n|\n|t:|1683219967\n|move|p2b: Flutter Mane|Protect|p2b: Flutter Mane\n|-singleturn|p2b: Flutter Mane|Protect\n|move|p1b: AN|Protect|p1b: AN\n|-singleturn|p1b: AN|Protect\n|move|p1a: TMAN|Heat Wave|p2b: Flutter Mane\n|-activate|p2b: Flutter Mane|move: Protect\n|\n|-weather|SunnyDay|[upkeep]\n|upkeep\n|turn|6\n|\n|t:|1683219979\n|move|p2b: Flutter Mane|Shadow Ball|p1b: AN\n|-damage|p1b: AN|0 fnt\n|faint|p1b: AN\n|move|p1a: TMAN|Heat Wave|p2b: Flutter Mane|[miss]\n|-miss|p1a: TMAN|p2b: Flutter Mane\n|\n|-weather|SunnyDay|[upkeep]\n|upkeep\n|\n|t:|1683219985\n|switch|p1b: Farter Man|Flutter Mane, L50|100\/100\n|-activate|p1b: Farter Man|ability: Protosynthesis\n|-start|p1b: Farter Man|protosynthesisspe\n|turn|7\n|\n|t:|1683219999\n|move|p1b: Farter Man|Shadow Ball|p2b: Flutter Mane\n|-supereffective|p2b: Flutter Mane\n|-damage|p2b: Flutter Mane|0 fnt\n|faint|p2b: Flutter Mane\n|-end|p2b: Flutter Mane|Protosynthesis|[silent]\n|-damage|p1b: Farter Man|91\/100|[from] item: Life Orb\n|\n|win|Ytterby\n|raw|Ytterby's rating: 1175 → 1195<\/strong> (+20 for winning)\n|raw|xiifrn's rating: 1111 → 1091<\/strong> (-20 for losing)\n|l|\u2606xiifrn\n","uploadtime":1683220035,"views":12,"p1id":"ytterby","p2id":"xiifrn","formatid":"gen9vgc2023regulationc","rating":1091,"private":0,"password":""}