{"id":"gen9vgc2023regulationc-1855029539","p1":"number1eiscuefan","p2":"crimson_requiem5","format":"[Gen 9] VGC 2023 Regulation C","log":"|j|\u2606number1eiscuefan\n|j|\u2606crimson_requiem5\n|t:|1682892805\n|gametype|doubles\n|player|p1|number1eiscuefan|caitlin|1094\n|player|p2|crimson_requiem5|102|1114\n|teamsize|p1|6\n|teamsize|p2|6\n|gen|9\n|tier|[Gen 9] VGC 2023 Regulation C\n|rated|\n|rule|Species Clause: Limit one of each Pok\u00e9mon\n|rule|Item Clause: Limit one of each item\n|clearpoke\n|poke|p1|Eiscue, L50, F|\n|poke|p1|Abomasnow, L50, M|\n|poke|p1|Chien-Pao, L50|\n|poke|p1|Pelipper, L50, F|\n|poke|p1|Palafin, L50, F|\n|poke|p1|Amoonguss, L50, M|\n|poke|p2|Amoonguss, L50, M|\n|poke|p2|Palafin, L50, M|\n|poke|p2|Arcanine, L50, M|\n|poke|p2|Ting-Lu, L50|\n|poke|p2|Annihilape, L50, F|\n|poke|p2|Maushold, L50|\n|teampreview|4\nnumber1eiscuefan has agreed to open team sheets.\ncrimson_requiem5 has agreed to open team sheets.\n|\n|t:|1682892840\n|start\n|switch|p1a: Amoonguss|Amoonguss, L50, M|100\/100\n|switch|p1b: Eiscue|Eiscue, L50, F, shiny|100\/100\n|switch|p2a: Annihilape|Annihilape, L50, F|100\/100\n|switch|p2b: Maushold|Maushold, L50|100\/100\n|turn|1\n|\n|t:|1682892871\n|switch|p2a: Arcanine|Arcanine, L50, M, shiny|100\/100\n|-ability|p2a: Arcanine|Intimidate|boost\n|-unboost|p1a: Amoonguss|atk|1\n|-unboost|p1b: Eiscue|atk|1\n|move|p1a: Amoonguss|Rage Powder|p1a: Amoonguss\n|-singleturn|p1a: Amoonguss|move: Rage Powder\n|move|p2b: Maushold|Super Fang|p1a: Amoonguss\n|-damage|p1a: Amoonguss|51\/100\n|move|p1b: Eiscue|Belly Drum|p1b: Eiscue\n|-damage|p1b: Eiscue|51\/100\n|-setboost|p1b: Eiscue|atk|6|[from] move: Belly Drum\n|\n|upkeep\n|turn|2\n|\n|t:|1682892899\n|-terastallize|p1b: Eiscue|Water\n|move|p2b: Maushold|Follow Me|p2b: Maushold\n|-singleturn|p2b: Maushold|move: Follow Me\n|move|p2a: Arcanine|Flare Blitz|p1b: Eiscue\n|-activate|p1b: Eiscue|ability: Ice Face\n|-damage|p1b: Eiscue|51\/100\n|detailschange|p1b: Eiscue|Eiscue-Noice, L50, F, shiny, tera:Water\n|move|p1b: Eiscue|Liquidation|p2b: Maushold\n|-enditem|p2b: Maushold|Focus Sash\n|-damage|p2b: Maushold|1\/100\n|-unboost|p2b: Maushold|def|1\n|move|p1a: Amoonguss|Pollen Puff|p2b: Maushold\n|-damage|p2b: Maushold|0 fnt\n|faint|p2b: Maushold\n|\n|upkeep\n|\n|t:|1682892912\n|switch|p2b: Annihilape|Annihilape, L50, F|100\/100\n|turn|3\n|\n|t:|1682892942\n|-terastallize|p2a: Arcanine|Water\n|move|p2b: Annihilape|Protect|p2b: Annihilape\n|-singleturn|p2b: Annihilape|Protect\n|move|p1a: Amoonguss|Rage Powder|p1a: Amoonguss\n|-singleturn|p1a: Amoonguss|move: Rage Powder\n|move|p1b: Eiscue|Liquidation|p2b: Annihilape\n|-activate|p2b: Annihilape|move: Protect\n|move|p2a: Arcanine|Flare Blitz|p1b: Eiscue\n|-resisted|p1b: Eiscue\n|-damage|p1b: Eiscue|20\/100\n|-damage|p2a: Arcanine|91\/100|[from] Recoil\n|\n|upkeep\n|turn|4\n|\n|t:|1682892962\n|switch|p1a: Abomasnow|Abomasnow, L50, M|100\/100\n|-weather|Snow|[from] ability: Snow Warning|[of] p1a: Abomasnow\n|-activate|p1b: Eiscue|ability: Ice Face\n|detailschange|p1b: Eiscue|Eiscue, L50, F, shiny, tera:Water\n|move|p2a: Arcanine|Extreme Speed|p1b: Eiscue\n|-activate|p1b: Eiscue|ability: Ice Face\n|-damage|p1b: Eiscue|20\/100\n|detailschange|p1b: Eiscue|Eiscue-Noice, L50, F, shiny, tera:Water\n|move|p1b: Eiscue|Liquidation|p2b: Annihilape\n|-damage|p2b: Annihilape|0 fnt\n|faint|p2b: Annihilape\n|\n|-weather|Snow|[upkeep]\n|upkeep\n|\n|t:|1682892969\n|switch|p2b: Palafin|Palafin, L50, M|100\/100\n|turn|5\n|\n|t:|1682892986\n|move|p1b: Eiscue|Protect|p1b: Eiscue\n|-singleturn|p1b: Eiscue|Protect\n|move|p2b: Palafin|Jet Punch|p1b: Eiscue\n|-activate|p1b: Eiscue|move: Protect\n|move|p2a: Arcanine|Flare Blitz|p1a: Abomasnow\n|-supereffective|p1a: Abomasnow\n|-enditem|p1a: Abomasnow|Focus Sash\n|-damage|p1a: Abomasnow|1\/100\n|-damage|p2a: Arcanine|58\/100|[from] Recoil\n|move|p1a: Abomasnow|Energy Ball|p2b: Palafin\n|-supereffective|p2b: Palafin\n|-damage|p2b: Palafin|0 fnt\n|faint|p2b: Palafin\n|\n|-weather|Snow|[upkeep]\n|upkeep\n|turn|6\n|\n|t:|1682893015\n|move|p2a: Arcanine|Extreme Speed|p1b: Eiscue\n|-damage|p1b: Eiscue|0 fnt\n|faint|p1b: Eiscue\n|move|p1a: Abomasnow|Aurora Veil|p1a: Abomasnow\n|-sidestart|p1: number1eiscuefan|move: Aurora Veil\n|\n|-weather|Snow|[upkeep]\n|upkeep\n|\n|t:|1682893047\n|switch|p1b: Amoonguss|Amoonguss, L50, M|84\/100\n|turn|7\n|\n|t:|1682893056\n|move|p2a: Arcanine|Extreme Speed|p1a: Abomasnow\n|-damage|p1a: Abomasnow|0 fnt\n|faint|p1a: Abomasnow\n|move|p1b: Amoonguss|Rage Powder|p1b: Amoonguss\n|-singleturn|p1b: Amoonguss|move: Rage Powder\n|\n|-weather|Snow|[upkeep]\n|upkeep\n|\n|t:|1682893061\n|switch|p1a: Chien-Pao|Chien-Pao, L50|100\/100\n|-ability|p1a: Chien-Pao|Sword of Ruin\n|turn|8\n|\n|t:|1682893082\n|move|p2a: Arcanine|Protect|p2a: Arcanine\n|-singleturn|p2a: Arcanine|Protect\n|move|p1a: Chien-Pao|Sacred Sword|p2a: Arcanine\n|-activate|p2a: Arcanine|move: Protect\n|move|p1b: Amoonguss|Pollen Puff|p2a: Arcanine\n|-activate|p2a: Arcanine|move: Protect\n|\n|-weather|none\n|upkeep\n|turn|9\n|\n|t:|1682893098\n|move|p1a: Chien-Pao|Sacred Sword|p2a: Arcanine\n|-damage|p2a: Arcanine|22\/100\n|move|p2a: Arcanine|Flare Blitz|p1a: Chien-Pao\n|-supereffective|p1a: Chien-Pao\n|-damage|p1a: Chien-Pao|39\/100\n|-enditem|p1a: Chien-Pao|Sitrus Berry|[eat]\n|-heal|p1a: Chien-Pao|64\/100|[from] item: Sitrus Berry\n|-damage|p2a: Arcanine|3\/100|[from] Recoil\n|move|p1b: Amoonguss|Pollen Puff|p2a: Arcanine\n|-damage|p2a: Arcanine|0 fnt\n|faint|p2a: Arcanine\n|\n|win|number1eiscuefan\n|raw|number1eiscuefan's rating: 1094 → 1121<\/strong> (+27 for winning)\n|raw|crimson_requiem5's rating: 1114 → 1088<\/strong> (-26 for losing)\n|l|\u2606crimson_requiem5\n|c|\u2606number1eiscuefan|gg\n","uploadtime":1682893114,"views":10,"p1id":"number1eiscuefan","p2id":"crimsonrequiem5","formatid":"gen9vgc2023regulationc","rating":1088,"private":0,"password":""}