{"id":"gen9vgc2023regulationc-1859476174","p1":"FakeAllen","p2":"Arcacagne","format":"[Gen 9] VGC 2023 Regulation C","log":"|j|\u2606FakeAllen\n|j|\u2606Arcacagne\n|t:|1683473415\n|gametype|doubles\n|player|p1|FakeAllen|170|1157\n|player|p2|Arcacagne|2|1242\n|teamsize|p1|6\n|teamsize|p2|6\n|gen|9\n|tier|[Gen 9] VGC 2023 Regulation C\n|rated|\n|rule|Species Clause: Limit one of each Pok\u00e9mon\n|rule|Item Clause: Limit one of each item\n|clearpoke\n|poke|p1|Garganacl, L50, M|\n|poke|p1|Sandy Shocks, L50|\n|poke|p1|Heracross, L50, F|\n|poke|p1|Arcanine, L50, M|\n|poke|p1|Bronzong, L50|\n|poke|p1|Ting-Lu, L50|\n|poke|p2|Chi-Yu, L50|\n|poke|p2|Flutter Mane, L50|\n|poke|p2|Amoonguss, L50, M|\n|poke|p2|Palafin, L50, F|\n|poke|p2|Kingambit, L50, M|\n|poke|p2|Arcanine, L50, F|\n|teampreview|4\n|inactive|Battle timer is ON: inactive players will automatically lose when time's up. (requested by FakeAllen)\n|inactive|FakeAllen has 60 seconds left.\n|\n|t:|1683473465\n|start\n|switch|p1a: Rocky|Garganacl, L50, M|100\/100\n|switch|p1b: RK9|Arcanine, L50, M|100\/100\n|switch|p2a: Chi-Yu|Chi-Yu, L50|100\/100\n|switch|p2b: Palafin|Palafin, L50, F|100\/100\n|-ability|p1b: RK9|Intimidate|boost\n|-unboost|p2a: Chi-Yu|atk|1\n|-unboost|p2b: Palafin|atk|1\n|-ability|p2a: Chi-Yu|Beads of Ruin\n|turn|1\n|inactive|Arcacagne has 30 seconds left.\n|\n|t:|1683473497\n|-terastallize|p1a: Rocky|Ghost\n|move|p1b: RK9|Will-O-Wisp|p2b: Palafin|[miss]\n|-miss|p1b: RK9|p2b: Palafin\n|move|p2a: Chi-Yu|Nasty Plot|p2a: Chi-Yu\n|-boost|p2a: Chi-Yu|spa|2\n|move|p2b: Palafin|Wave Crash|p1b: RK9\n|-supereffective|p1b: RK9\n|-damage|p1b: RK9|20\/100\n|-damage|p2b: Palafin|72\/100|[from] Recoil\n|move|p1a: Rocky|Salt Cure|p2a: Chi-Yu\n|-supereffective|p2a: Chi-Yu\n|-damage|p2a: Chi-Yu|67\/100\n|-start|p2a: Chi-Yu|Salt Cure\n|\n|-damage|p2a: Chi-Yu|55\/100|[from] Salt Cure\n|upkeep\n|turn|2\n|\n|t:|1683473519\n|move|p1a: Rocky|Protect|p1a: Rocky\n|-singleturn|p1a: Rocky|Protect\n|move|p2b: Palafin|Jet Punch|p1b: RK9\n|-supereffective|p1b: RK9\n|-damage|p1b: RK9|0 fnt\n|faint|p1b: RK9\n|move|p2a: Chi-Yu|Dark Pulse|p1a: Rocky\n|-activate|p1a: Rocky|move: Protect\n|\n|-damage|p2a: Chi-Yu|42\/100|[from] Salt Cure\n|upkeep\n|\n|t:|1683473533\n|switch|p1b: BMT|Ting-Lu, L50|100\/100\n|-ability|p1b: BMT|Vessel of Ruin\n|turn|3\n|\n|t:|1683473554\n|detailschange|p2b: Palafin|Palafin-Hero, L50, F\n|switch|p2b: Amoonguss|Amoonguss, L50, M|100\/100\n|switch|p1a: Zonger|Bronzong, L50, shiny|100\/100\n|move|p2a: Chi-Yu|Dark Pulse|p1a: Zonger\n|-supereffective|p1a: Zonger\n|-damage|p1a: Zonger|0 fnt\n|faint|p1a: Zonger\n|move|p1b: BMT|Earthquake|p2a: Chi-Yu|[spread] p2a,p2b\n|-supereffective|p2a: Chi-Yu\n|-damage|p2a: Chi-Yu|0 fnt\n|-damage|p2b: Amoonguss|70\/100\n|faint|p2a: Chi-Yu\n|\n|upkeep\n|inactive|Arcacagne has 30 seconds left.\n|\n|t:|1683473579\n|switch|p2a: Palafin|Palafin-Hero, L50, F|72\/100\n|switch|p1a: Rocky|Garganacl, L50, M, tera:Ghost|100\/100\n|-activate|p2a: Palafin|ability: Zero to Hero\n|turn|4\n|\n|t:|1683473597\n|move|p2a: Palafin|Protect|p2a: Palafin\n|-singleturn|p2a: Palafin|Protect\n|move|p1b: BMT|Earthquake|p2a: Palafin|[spread] p1a,p2b\n|-activate|p2a: Palafin|move: Protect\n|-damage|p1a: Rocky|77\/100\n|-damage|p2b: Amoonguss|38\/100\n|-enditem|p2b: Amoonguss|Sitrus Berry|[eat]\n|-heal|p2b: Amoonguss|62\/100|[from] item: Sitrus Berry\n|move|p1a: Rocky|Salt Cure|p2a: Palafin\n|-activate|p2a: Palafin|move: Protect\n|move|p2b: Amoonguss|Spore|p1b: BMT\n|-status|p1b: BMT|slp|[from] move: Spore\n|\n|-heal|p1a: Rocky|83\/100|[from] item: Leftovers\n|upkeep\n|turn|5\n|\n|t:|1683473619\n|move|p2a: Palafin|Wave Crash|p1b: BMT\n|-supereffective|p1b: BMT\n|-damage|p1b: BMT|0 fnt\n|faint|p1b: BMT\n|-damage|p2a: Palafin|23\/100|[from] Recoil\n|move|p1a: Rocky|Salt Cure|p2a: Palafin\n|-damage|p2a: Palafin|7\/100\n|-start|p2a: Palafin|Salt Cure\n|move|p2b: Amoonguss|Pollen Puff|p2a: Palafin\n|-heal|p2a: Palafin|57\/100\n|\n|-heal|p1a: Rocky|88\/100|[from] item: Leftovers\n|-damage|p2a: Palafin|32\/100|[from] Salt Cure\n|upkeep\n|turn|6\n|\n|t:|1683473637\n|move|p2a: Palafin|Jet Punch|p1a: Rocky\n|-damage|p1a: Rocky|59\/100\n|move|p1a: Rocky|Salt Cure|p2b: Amoonguss\n|-damage|p2b: Amoonguss|50\/100\n|-start|p2b: Amoonguss|Salt Cure\n|move|p2b: Amoonguss|Pollen Puff|p2a: Palafin\n|-heal|p2a: Palafin|82\/100\n|\n|-heal|p1a: Rocky|65\/100|[from] item: Leftovers\n|-damage|p2a: Palafin|57\/100|[from] Salt Cure\n|-damage|p2b: Amoonguss|38\/100|[from] Salt Cure\n|upkeep\n|turn|7\n|\n|t:|1683473658\n|-terastallize|p2a: Palafin|Grass\n|move|p1a: Rocky|Protect|p1a: Rocky\n|-singleturn|p1a: Rocky|Protect\n|move|p2a: Palafin|Jet Punch|p1a: Rocky\n|-activate|p1a: Rocky|move: Protect\n|move|p2b: Amoonguss|Pollen Puff|p2a: Palafin\n|-heal|p2a: Palafin|100\/100\n|\n|-heal|p1a: Rocky|71\/100|[from] item: Leftovers\n|-damage|p2a: Palafin|88\/100|[from] Salt Cure\n|-damage|p2b: Amoonguss|26\/100|[from] Salt Cure\n|upkeep\n|turn|8\n|\n|t:|1683473672\n|switch|p2b: Flutter Mane|Flutter Mane, L50|100\/100\n|-enditem|p2b: Flutter Mane|Booster Energy\n|-activate|p2b: Flutter Mane|ability: Protosynthesis|[fromitem]\n|-start|p2b: Flutter Mane|protosynthesisspa\n|move|p2a: Palafin|Wave Crash|p1a: Rocky\n|-damage|p1a: Rocky|4\/100\n|-damage|p2a: Palafin|62\/100|[from] Recoil\n|move|p1a: Rocky|Recover|p1a: Rocky\n|-heal|p1a: Rocky|54\/100\n|\n|-heal|p1a: Rocky|60\/100|[from] item: Leftovers\n|-damage|p2a: Palafin|49\/100|[from] Salt Cure\n|upkeep\n|turn|9\n|\n|t:|1683473689\n|switch|p2a: Amoonguss|Amoonguss, L50, M|59\/100\n|move|p1a: Rocky|Protect|p1a: Rocky\n|-singleturn|p1a: Rocky|Protect\n|move|p2b: Flutter Mane|Substitute|p2b: Flutter Mane\n|-start|p2b: Flutter Mane|Substitute\n|-damage|p2b: Flutter Mane|76\/100\n|\n|-heal|p1a: Rocky|66\/100|[from] item: Leftovers\n|upkeep\n|turn|10\n|c|\u2606Arcacagne|gg\n|\n|t:|1683473703\n|move|p2a: Amoonguss|Protect|p2a: Amoonguss\n|-singleturn|p2a: Amoonguss|Protect\n|move|p2b: Flutter Mane|Shadow Ball|p1a: Rocky\n|-supereffective|p1a: Rocky\n|-damage|p1a: Rocky|25\/100\n|move|p1a: Rocky|Salt Cure|p2a: Amoonguss\n|-activate|p2a: Amoonguss|move: Protect\n|\n|-heal|p1a: Rocky|31\/100|[from] item: Leftovers\n|upkeep\n|turn|11\n|\n|t:|1683473715\n|move|p2b: Flutter Mane|Shadow Ball|p1a: Rocky\n|-supereffective|p1a: Rocky\n|-damage|p1a: Rocky|0 fnt\n|faint|p1a: Rocky\n|\n|win|Arcacagne\n|raw|FakeAllen's rating: 1157 → 1138<\/strong> (-19 for losing)\n|raw|Arcacagne's rating: 1242 → 1261<\/strong> (+19 for winning)\n|l|\u2606FakeAllen\n","uploadtime":1683473723,"views":10,"p1id":"fakeallen","p2id":"arcacagne","formatid":"gen9vgc2023regulationc","rating":1138,"private":0,"password":""}