{"id":"gen9vgc2023regulationc-1850720116","p1":"Fastjon4444","p2":"NeverGonnaDoIt","format":"[Gen 9] VGC 2023 Regulation C","log":"|j|\u2606Fastjon4444\n|j|\u2606NeverGonnaDoIt\n|t:|1682361869\n|gametype|doubles\n|player|p1|Fastjon4444|hilbert|1291\n|player|p2|NeverGonnaDoIt|red-gen2|1236\n|teamsize|p1|6\n|teamsize|p2|6\n|gen|9\n|tier|[Gen 9] VGC 2023 Regulation C\n|rated|\n|rule|Species Clause: Limit one of each Pok\u00e9mon\n|rule|Item Clause: Limit one of each item\n|clearpoke\n|poke|p1|Chien-Pao, L50|\n|poke|p1|Dragapult, L50, M|\n|poke|p1|Arcanine, L50, M|\n|poke|p1|Flutter Mane, L50|\n|poke|p1|Palafin, L50, M|\n|poke|p1|Amoonguss, L50, M|\n|poke|p2|Chi-Yu, L50|\n|poke|p2|Baxcalibur, L50, M|\n|poke|p2|Flutter Mane, L50|\n|poke|p2|Gyarados, L50, M|\n|poke|p2|Iron Hands, L50|\n|poke|p2|Amoonguss, L50, F|\n|teampreview|4\n|\n|t:|1682361920\n|start\n|switch|p1a: Dragapult|Dragapult, L50, M|100\/100\n|switch|p1b: Arcanine|Arcanine, L50, M|100\/100\n|switch|p2a: Iron Hands|Iron Hands, L50|100\/100\n|switch|p2b: Baxcalibur|Baxcalibur, L50, M|100\/100\n|-ability|p1b: Arcanine|Intimidate|boost\n|-unboost|p2a: Iron Hands|atk|1\n|-unboost|p2b: Baxcalibur|atk|1\n|turn|1\n|\n|t:|1682361942\n|-terastallize|p1a: Dragapult|Steel\n|-terastallize|p2b: Baxcalibur|Steel\n|move|p2a: Iron Hands|Fake Out|p1b: Arcanine\n|-damage|p1b: Arcanine|89\/100\n|move|p1a: Dragapult|Tera Blast|p2b: Baxcalibur\n|-resisted|p2b: Baxcalibur\n|-damage|p2b: Baxcalibur|83\/100\n|cant|p1b: Arcanine|flinch\n|move|p2b: Baxcalibur|Glaive Rush|p1b: Arcanine\n|-damage|p1b: Arcanine|24\/100\n|-singlemove|p2b: Baxcalibur|Glaive Rush|[silent]\n|-enditem|p1b: Arcanine|Sitrus Berry|[eat]\n|-heal|p1b: Arcanine|49\/100|[from] item: Sitrus Berry\n|-damage|p2b: Baxcalibur|73\/100|[from] item: Life Orb\n|\n|upkeep\n|turn|2\n|\n|t:|1682361969\n|-end|p2a: Iron Hands|Quark Drive|[silent]\n|switch|p2a: Flutter Mane|Flutter Mane, L50|100\/100\n|-enditem|p2a: Flutter Mane|Booster Energy\n|-activate|p2a: Flutter Mane|ability: Protosynthesis|[fromitem]\n|-start|p2a: Flutter Mane|protosynthesisspa\n|move|p2b: Baxcalibur|Protect|p2b: Baxcalibur\n|-singleturn|p2b: Baxcalibur|Protect\n|move|p1a: Dragapult|Phantom Force||[still]\n|-prepare|p1a: Dragapult|Phantom Force\n|move|p1b: Arcanine|Will-O-Wisp|p2a: Flutter Mane\n|-status|p2a: Flutter Mane|brn\n|\n|-damage|p2a: Flutter Mane|94\/100 brn|[from] brn\n|upkeep\n|turn|3\n|\n|t:|1682361992\n|switch|p2b: Iron Hands|Iron Hands, L50|100\/100\n|move|p1a: Dragapult|Phantom Force|p2b: Iron Hands|[from]lockedmove\n|-damage|p2b: Iron Hands|70\/100\n|move|p2a: Flutter Mane|Hex|p1b: Arcanine\n|-damage|p1b: Arcanine|3\/100\n|move|p1b: Arcanine|Flare Blitz|p2b: Iron Hands\n|-damage|p2b: Iron Hands|32\/100\n|-damage|p1b: Arcanine|0 fnt|[from] Recoil\n|faint|p1b: Arcanine\n|\n|-damage|p2a: Flutter Mane|88\/100 brn|[from] brn\n|upkeep\n|\n|t:|1682362010\n|switch|p1b: Flutter Mane|Flutter Mane, L50|100\/100\n|turn|4\n|\n|t:|1682362037\n|move|p2b: Iron Hands|Fake Out|p1a: Dragapult\n|-resisted|p1a: Dragapult\n|-damage|p1a: Dragapult|90\/100\n|cant|p1a: Dragapult|flinch\n|move|p2a: Flutter Mane|Hex|p1b: Flutter Mane\n|-supereffective|p1b: Flutter Mane\n|-damage|p1b: Flutter Mane|8\/100\n|move|p1b: Flutter Mane|Moonblast|p2b: Iron Hands\n|-supereffective|p2b: Iron Hands\n|-damage|p2b: Iron Hands|0 fnt\n|faint|p2b: Iron Hands\n|-end|p2b: Iron Hands|Quark Drive|[silent]\n|\n|-damage|p2a: Flutter Mane|82\/100 brn|[from] brn\n|upkeep\n|\n|t:|1682362050\n|switch|p2b: Gyarados|Gyarados, L50, M, shiny|100\/100\n|-ability|p2b: Gyarados|Intimidate|boost\n|-fail|p1a: Dragapult|unboost|[from] ability: Clear Body|[of] p1a: Dragapult\n|-unboost|p1b: Flutter Mane|atk|1\n|turn|5\n|\n|t:|1682362060\n|move|p2a: Flutter Mane|Protect|p2a: Flutter Mane\n|-singleturn|p2a: Flutter Mane|Protect\n|move|p1a: Dragapult|Tera Blast|p2a: Flutter Mane\n|-activate|p2a: Flutter Mane|move: Protect\n|move|p1b: Flutter Mane|Moonblast|p2b: Gyarados\n|-damage|p2b: Gyarados|39\/100\n|move|p2b: Gyarados|Thunder Wave|p1a: Dragapult\n|-status|p1a: Dragapult|par\n|-enditem|p1a: Dragapult|Lum Berry|[eat]\n|-curestatus|p1a: Dragapult|par|[msg]\n|\n|-heal|p2b: Gyarados|45\/100|[from] item: Leftovers\n|-damage|p2a: Flutter Mane|76\/100 brn|[from] brn\n|upkeep\n|turn|6\n|\n|t:|1682362084\n|move|p1a: Dragapult|Tera Blast|p2a: Flutter Mane\n|-supereffective|p2a: Flutter Mane\n|-damage|p2a: Flutter Mane|0 fnt\n|faint|p2a: Flutter Mane\n|-end|p2a: Flutter Mane|Protosynthesis|[silent]\n|move|p1b: Flutter Mane|Moonblast|p2b: Gyarados\n|-damage|p2b: Gyarados|0 fnt\n|faint|p2b: Gyarados\n|\n|upkeep\n|c|\u2606NeverGonnaDoIt|Lum berry for fucks sake\n|c|\u2606NeverGonnaDoIt|Fuck that shit\n|-message|NeverGonnaDoIt forfeited.\n|\n|win|Fastjon4444\n|raw|Fastjon4444's rating: 1291 → 1312<\/strong> (+21 for winning)\n|raw|NeverGonnaDoIt's rating: 1236 → 1215<\/strong> (-21 for losing)\n|l|\u2606NeverGonnaDoIt\n","uploadtime":1682362099,"views":11,"p1id":"fastjon4444","p2id":"nevergonnadoit","formatid":"gen9vgc2023regulationc","rating":1215,"private":0,"password":""}