{"id":"gen9vgc2023regulationc-1855793481","p1":"Umbra Hand","p2":"NicoHaxVGC","format":"[Gen 9] VGC 2023 Regulation C","log":"|j|\u2606Umbra Hand\n|j|\u2606NicoHaxVGC\n|t:|1682984867\n|gametype|doubles\n|player|p1|Umbra Hand|janitor|1344\n|player|p2|NicoHaxVGC|red|1307\n|teamsize|p1|6\n|teamsize|p2|6\n|gen|9\n|tier|[Gen 9] VGC 2023 Regulation C\n|rated|\n|rule|Species Clause: Limit one of each Pok\u00e9mon\n|rule|Item Clause: Limit one of each item\n|clearpoke\n|poke|p1|Murkrow, L50, F|\n|poke|p1|Chien-Pao, L50|\n|poke|p1|Kingambit, L50, M|\n|poke|p1|Brambleghast, L50, F|\n|poke|p1|Ting-Lu, L50|\n|poke|p1|Talonflame, L50, F|\n|poke|p2|Corviknight, L50, F|\n|poke|p2|Ting-Lu, L50|\n|poke|p2|Annihilape, L50, M|\n|poke|p2|Amoonguss, L50, F|\n|poke|p2|Iron Bundle, L50|\n|poke|p2|Flutter Mane, L50|\n|teampreview|4\n|inactive|Battle timer is ON: inactive players will automatically lose when time's up. (requested by NicoHaxVGC)\n|\n|t:|1682984884\n|start\n|switch|p1a: Murkrow|Murkrow, L50, F|100\/100\n|switch|p1b: Ting-Lu|Ting-Lu, L50|100\/100\n|switch|p2a: Raven|Corviknight, L50, F|100\/100\n|switch|p2b: Cyborg|Iron Bundle, L50|100\/100\n|-ability|p1b: Ting-Lu|Vessel of Ruin\n|-enditem|p2b: Cyborg|Booster Energy\n|-activate|p2b: Cyborg|ability: Quark Drive|[fromitem]\n|-start|p2b: Cyborg|quarkdrivespe\n|turn|1\n|\n|t:|1682984901\n|move|p1a: Murkrow|Taunt|p2a: Raven\n|-start|p2a: Raven|move: Taunt\n|move|p2b: Cyborg|Icy Wind|p1a: Murkrow|[spread] p1a,p1b\n|-supereffective|p1a: Murkrow\n|-supereffective|p1b: Ting-Lu\n|-damage|p1a: Murkrow|49\/100\n|-damage|p1b: Ting-Lu|75\/100\n|-unboost|p1a: Murkrow|spe|1\n|-unboost|p1b: Ting-Lu|spe|1\n|cant|p2a: Raven|move: Taunt|Tailwind\n|move|p1b: Ting-Lu|Heavy Slam|p2b: Cyborg\n|-damage|p2b: Cyborg|38\/100\n|\n|upkeep\n|turn|2\n|inactive|NicoHaxVGC has 30 seconds left.\n|\n|t:|1682984929\n|switch|p2a: Beast boy|Ting-Lu, L50|100\/100\n|-ability|p2a: Beast boy|Vessel of Ruin\n|move|p1a: Murkrow|Tailwind|p1a: Murkrow\n|-sidestart|p1: Umbra Hand|move: Tailwind\n|move|p2b: Cyborg|Freeze-Dry|p1b: Ting-Lu\n|-supereffective|p1b: Ting-Lu\n|-damage|p1b: Ting-Lu|33\/100\n|move|p1b: Ting-Lu|Heavy Slam|p2b: Cyborg\n|-damage|p2b: Cyborg|0 fnt\n|faint|p2b: Cyborg\n|-end|p2b: Cyborg|Quark Drive|[silent]\n|\n|upkeep\n|\n|t:|1682984942\n|switch|p2b: Robin|Annihilape, L50, M|100\/100\n|turn|3\n|\n|t:|1682984960\n|switch|p1b: Brambleghast|Brambleghast, L50, F|100\/100\n|-ability|p1b: Brambleghast|Wind Rider|boost\n|-boost|p1b: Brambleghast|atk|1\n|move|p1a: Murkrow|Taunt|p2b: Robin\n|-start|p2b: Robin|move: Taunt\n|cant|p2b: Robin|move: Taunt|Bulk Up\n|move|p2a: Beast boy|Stomping Tantrum|p1b: Brambleghast\n|-resisted|p1b: Brambleghast\n|-damage|p1b: Brambleghast|71\/100\n|\n|upkeep\n|turn|4\n|\n|t:|1682984984\n|switch|p2a: Raven|Corviknight, L50, F|100\/100\n|-terastallize|p2b: Robin|Fire\n|move|p1b: Brambleghast|Bullet Seed|p2b: Robin\n|-resisted|p2b: Robin\n|-damage|p2b: Robin|91\/100\n|-resisted|p2b: Robin\n|-damage|p2b: Robin|82\/100\n|-resisted|p2b: Robin\n|-damage|p2b: Robin|73\/100\n|-resisted|p2b: Robin\n|-damage|p2b: Robin|63\/100\n|-hitcount|p2b: Robin|4\n|move|p2b: Robin|Rage Fist|p1b: Brambleghast\n|-supereffective|p1b: Brambleghast\n|-damage|p1b: Brambleghast|0 fnt\n|faint|p1b: Brambleghast\n|move|p1a: Murkrow|Foul Play|p2b: Robin\n|-damage|p2b: Robin|21\/100\n|\n|-heal|p2b: Robin|27\/100|[from] item: Leftovers\n|upkeep\n|\n|t:|1682984993\n|switch|p1b: Ting-Lu|Ting-Lu, L50|33\/100\n|-ability|p1b: Ting-Lu|Vessel of Ruin\n|turn|5\n|\n|t:|1682985012\n|switch|p2b: Beast boy|Ting-Lu, L50|100\/100\n|-ability|p2b: Beast boy|Vessel of Ruin\n|move|p1a: Murkrow|Taunt|p2a: Raven\n|-start|p2a: Raven|move: Taunt\n|move|p1b: Ting-Lu|Rock Slide|p2b: Beast boy|[spread] p2a,p2b\n|-resisted|p2b: Beast boy\n|-damage|p2a: Raven|75\/100\n|-damage|p2b: Beast boy|93\/100\n|cant|p2a: Raven|flinch\n|\n|-sideend|p1: Umbra Hand|move: Tailwind\n|upkeep\n|turn|6\n|inactive|NicoHaxVGC has 30 seconds left.\n|\n|t:|1682985039\n|switch|p2b: Robin|Annihilape, L50, M, tera:Fire|27\/100\n|move|p1a: Murkrow|Tailwind|p1a: Murkrow\n|-sidestart|p1: Umbra Hand|move: Tailwind\n|move|p1b: Ting-Lu|Rock Slide|p2b: Robin|[spread] p2a,p2b\n|-supereffective|p2b: Robin\n|-damage|p2a: Raven|52\/100\n|-damage|p2b: Robin|0 fnt\n|faint|p2b: Robin\n|cant|p2a: Raven|flinch\n|\n|upkeep\n|\n|t:|1682985048\n|switch|p2b: Beast boy|Ting-Lu, L50|93\/100\n|-ability|p2b: Beast boy|Vessel of Ruin\n|turn|7\n|\n|t:|1682985061\n|move|p1b: Ting-Lu|Rock Slide|p2a: Raven|[spread] p2a,p2b\n|-resisted|p2b: Beast boy\n|-damage|p2a: Raven|29\/100\n|-damage|p2b: Beast boy|85\/100\n|move|p1a: Murkrow|Foul Play|p2a: Raven\n|-damage|p2a: Raven|2\/100\n|move|p2a: Raven|Brave Bird|p1b: Ting-Lu\n|-damage|p1b: Ting-Lu|9\/100\n|-damage|p2a: Raven|0 fnt|[from] Recoil\n|faint|p2a: Raven\n|move|p2b: Beast boy|Stone Edge|p1a: Murkrow\n|-supereffective|p1a: Murkrow\n|-damage|p1a: Murkrow|0 fnt\n|faint|p1a: Murkrow\n|\n|upkeep\n|\n|t:|1682985075\n|switch|p1a: Chien-Pao|Chien-Pao, L50|100\/100\n|-ability|p1a: Chien-Pao|Sword of Ruin\n|-item|p1a: Chien-Pao|Air Balloon\n|turn|8\n|\n|t:|1682985088\n|move|p1a: Chien-Pao|Ice Spinner|p2b: Beast boy\n|-supereffective|p2b: Beast boy\n|-damage|p2b: Beast boy|30\/100\n|move|p1b: Ting-Lu|Rock Slide|p2b: Beast boy\n|-resisted|p2b: Beast boy\n|-damage|p2b: Beast boy|16\/100\n|move|p2b: Beast boy|Heavy Slam|p1a: Chien-Pao\n|-supereffective|p1a: Chien-Pao\n|-crit|p1a: Chien-Pao\n|-damage|p1a: Chien-Pao|0 fnt\n|-enditem|p1a: Chien-Pao|Air Balloon\n|faint|p1a: Chien-Pao\n|\n|upkeep\n|turn|9\n|\n|t:|1682985104\n|move|p1b: Ting-Lu|Rock Slide|p2b: Beast boy\n|-resisted|p2b: Beast boy\n|-damage|p2b: Beast boy|6\/100\n|cant|p2b: Beast boy|flinch\n|\n|-sideend|p1: Umbra Hand|move: Tailwind\n|upkeep\n|turn|10\n|\n|t:|1682985111\n|move|p1b: Ting-Lu|Rock Slide|p2b: Beast boy\n|-resisted|p2b: Beast boy\n|-damage|p2b: Beast boy|0 fnt\n|faint|p2b: Beast boy\n|\n|win|Umbra Hand\n|raw|Umbra Hand's rating: 1344 → 1362<\/strong> (+18 for winning)\n|raw|NicoHaxVGC's rating: 1307 → 1289<\/strong> (-18 for losing)\n|c|\u2606NicoHaxVGC|gg\n|c|\u2606Umbra Hand|gg\n","uploadtime":1682985120,"views":18,"p1id":"umbrahand","p2id":"nicohaxvgc","formatid":"gen9vgc2023regulationc","rating":1289,"private":0,"password":""}