{"id":"gen9vgc2023regulationc-1853158860","p1":"stardust_XX","p2":"MightyMudsdale","format":"[Gen 9] VGC 2023 Regulation C","log":"|j|\u2606stardust_XX\n|j|\u2606MightyMudsdale\n|t:|1682642373\n|gametype|doubles\n|player|p1|stardust_XX|rosa|1306\n|player|p2|MightyMudsdale|nessa-masters|1297\n|teamsize|p1|6\n|teamsize|p2|6\n|gen|9\n|tier|[Gen 9] VGC 2023 Regulation C\n|rated|\n|rule|Species Clause: Limit one of each Pok\u00e9mon\n|rule|Item Clause: Limit one of each item\n|clearpoke\n|poke|p1|Ting-Lu, L50|\n|poke|p1|Chien-Pao, L50|\n|poke|p1|Flutter Mane, L50|\n|poke|p1|Dragonite, L50, M|\n|poke|p1|Amoonguss, L50, M|\n|poke|p1|Iron Bundle, L50|\n|poke|p2|Orthworm, L50, F|\n|poke|p2|Gyarados, L50, F|\n|poke|p2|Flutter Mane, L50|\n|poke|p2|Chi-Yu, L50|\n|poke|p2|Gastrodon-East, L50, F|\n|poke|p2|Farigiraf, L50, M|\n|teampreview|4\n|c|\u2606MightyMudsdale|gl hf\nMightyMudsdale has agreed to open team sheets.\n|\n|t:|1682642428\n|start\n|switch|p1a: Ting-Lu|Ting-Lu, L50|100\/100\n|switch|p1b: Chien-Pao|Chien-Pao, L50|100\/100\n|switch|p2a: Tali|Farigiraf, L50, M|100\/100\n|switch|p2b: Jeff|Orthworm, L50, F|100\/100\n|-ability|p1b: Chien-Pao|Sword of Ruin\n|-ability|p1a: Ting-Lu|Vessel of Ruin\n|turn|1\n|\n|t:|1682642449\n|move|p1b: Chien-Pao|Sacred Sword|p2b: Jeff\n|-supereffective|p2b: Jeff\n|-damage|p2b: Jeff|46\/100\n|-enditem|p2b: Jeff|Sitrus Berry|[eat]\n|-heal|p2b: Jeff|71\/100|[from] item: Sitrus Berry\n|move|p2b: Jeff|Iron Defense|p2b: Jeff\n|-boost|p2b: Jeff|def|2\n|move|p1a: Ting-Lu|Throat Chop|p2a: Tali\n|-supereffective|p2a: Tali\n|-enditem|p2a: Tali|Colbur Berry|[eat]\n|-enditem|p2a: Tali|Colbur Berry|[weaken]\n|-damage|p2a: Tali|56\/100\n|-start|p2a: Tali|Throat Chop|[silent]\n|move|p2a: Tali|Trick Room|p2a: Tali\n|-fieldstart|move: Trick Room|[of] p2a: Tali\n|\n|upkeep\n|turn|2\n|\n|t:|1682642477\n|switch|p1b: Amoonguss|Amoonguss, L50, M|100\/100\n|move|p1a: Ting-Lu|Throat Chop|p2a: Tali\n|-supereffective|p2a: Tali\n|-damage|p2a: Tali|0 fnt\n|faint|p2a: Tali\n|move|p2b: Jeff|Body Press|p1a: Ting-Lu\n|-supereffective|p1a: Ting-Lu\n|-damage|p1a: Ting-Lu|39\/100\n|\n|upkeep\n|\n|t:|1682642488\n|switch|p2a: Unagi|Gyarados, L50, F|100\/100\n|-ability|p2a: Unagi|Intimidate|boost\n|-fail|p1a: Ting-Lu|unboost|[from] item: Clear Amulet|[of] p1a: Ting-Lu\n|-unboost|p1b: Amoonguss|atk|1\n|turn|3\n|\n|t:|1682642502\n|move|p1a: Ting-Lu|Protect|p1a: Ting-Lu\n|-singleturn|p1a: Ting-Lu|Protect\n|move|p2b: Jeff|Protect|p2b: Jeff\n|-singleturn|p2b: Jeff|Protect\n|move|p1b: Amoonguss|Spore|p2a: Unagi\n|-activate|p2a: Unagi|item: Safety Goggles|Spore\n|move|p2a: Unagi|Taunt|p1b: Amoonguss\n|-start|p1b: Amoonguss|move: Taunt\n|\n|upkeep\n|turn|4\n|\n|t:|1682642518\n|move|p1b: Amoonguss|Pollen Puff|p1a: Ting-Lu\n|-heal|p1a: Ting-Lu|89\/100\n|move|p1a: Ting-Lu|Throat Chop|p2a: Unagi\n|-damage|p2a: Unagi|60\/100\n|-start|p2a: Unagi|Throat Chop|[silent]\n|move|p2b: Jeff|Body Press|p1a: Ting-Lu\n|-supereffective|p1a: Ting-Lu\n|-crit|p1a: Ting-Lu\n|-damage|p1a: Ting-Lu|7\/100\n|move|p2a: Unagi|Thunder Wave|p1b: Amoonguss\n|-status|p1b: Amoonguss|par\n|\n|upkeep\n|turn|5\n|\n|t:|1682642547\n|move|p2a: Unagi|Helping Hand|p2b: Jeff\n|-singleturn|p2b: Jeff|Helping Hand|[of] p2a: Unagi\n|move|p1b: Amoonguss|Pollen Puff|p1a: Ting-Lu\n|-heal|p1a: Ting-Lu|57\/100\n|move|p1a: Ting-Lu|Throat Chop|p2a: Unagi\n|-damage|p2a: Unagi|18\/100\n|move|p2b: Jeff|Heavy Slam|p1b: Amoonguss\n|-damage|p1b: Amoonguss|39\/100 par\n|-enditem|p1b: Amoonguss|Sitrus Berry|[eat]\n|-heal|p1b: Amoonguss|64\/100 par|[from] item: Sitrus Berry\n|\n|-end|p2a: Unagi|Throat Chop|[silent]\n|-fieldend|move: Trick Room\n|upkeep\n|turn|6\n|\n|t:|1682642572\n|move|p2a: Unagi|Helping Hand|p2b: Jeff\n|-singleturn|p2b: Jeff|Helping Hand|[of] p2a: Unagi\n|move|p1a: Ting-Lu|Protect|p1a: Ting-Lu\n|-singleturn|p1a: Ting-Lu|Protect\n|move|p2b: Jeff|Body Press|p1a: Ting-Lu\n|-activate|p1a: Ting-Lu|move: Protect\n|move|p1b: Amoonguss|Pollen Puff|p2a: Unagi\n|-resisted|p2a: Unagi\n|-damage|p2a: Unagi|13\/100\n|\n|-end|p1b: Amoonguss|move: Taunt\n|upkeep\n|turn|7\n|\n|t:|1682642600\n|switch|p2a: Chi-Yu|Chi-Yu, L50|100\/100\n|-ability|p2a: Chi-Yu|Beads of Ruin\n|switch|p1b: Flutter Mane|Flutter Mane, L50|100\/100\n|move|p2b: Jeff|Body Press|p1a: Ting-Lu\n|-supereffective|p1a: Ting-Lu\n|-damage|p1a: Ting-Lu|0 fnt\n|faint|p1a: Ting-Lu\n|\n|upkeep\n|\n|t:|1682642615\n|switch|p1a: Amoonguss|Amoonguss, L50, M|97\/100 par\n|turn|8\n|\n|t:|1682642633\n|-terastallize|p1a: Amoonguss|Water\n|move|p2a: Chi-Yu|Overheat|p1a: Amoonguss\n|-resisted|p1a: Amoonguss\n|-damage|p1a: Amoonguss|61\/100 par\n|-unboost|p2a: Chi-Yu|spa|2\n|move|p1b: Flutter Mane|Dazzling Gleam|p2a: Chi-Yu|[spread] p2a,p2b\n|-resisted|p2b: Jeff\n|-damage|p2a: Chi-Yu|47\/100\n|-damage|p2b: Jeff|31\/100\n|move|p2b: Jeff|Heavy Slam|p1b: Flutter Mane\n|-supereffective|p1b: Flutter Mane\n|-damage|p1b: Flutter Mane|0 fnt\n|faint|p1b: Flutter Mane\n|-end|p1b: Flutter Mane|Protosynthesis|[silent]\n|move|p1a: Amoonguss|Spore|p2b: Jeff\n|-status|p2b: Jeff|slp|[from] move: Spore\n|\n|upkeep\n|\n|t:|1682642647\n|switch|p1b: Chien-Pao|Chien-Pao, L50|100\/100\n|-ability|p1b: Chien-Pao|Sword of Ruin\n|turn|9\n|\n|t:|1682642666\n|switch|p2a: Unagi|Gyarados, L50, F|13\/100\n|-ability|p2a: Unagi|Intimidate|boost\n|-unboost|p1a: Amoonguss|atk|1\n|-unboost|p1b: Chien-Pao|atk|1\n|cant|p2b: Jeff|slp\n|move|p1b: Chien-Pao|Sacred Sword|p2a: Unagi\n|-resisted|p2a: Unagi\n|-damage|p2a: Unagi|0 fnt\n|faint|p2a: Unagi\n|move|p1a: Amoonguss|Pollen Puff|p2b: Jeff\n|-resisted|p2b: Jeff\n|-damage|p2b: Jeff|19\/100 slp\n|\n|upkeep\n|\n|t:|1682642675\n|switch|p2a: Chi-Yu|Chi-Yu, L50|47\/100\n|-ability|p2a: Chi-Yu|Beads of Ruin\n|turn|10\n|\n|t:|1682642695\n|-terastallize|p2a: Chi-Yu|Water\n|move|p1a: Amoonguss|Rage Powder|p1a: Amoonguss\n|-singleturn|p1a: Amoonguss|move: Rage Powder\n|move|p2a: Chi-Yu|Heat Wave|p1b: Chien-Pao|[spread] p1a,p1b\n|-resisted|p1a: Amoonguss\n|-supereffective|p1b: Chien-Pao\n|-damage|p1a: Amoonguss|41\/100 par\n|-enditem|p1b: Chien-Pao|Focus Sash\n|-damage|p1b: Chien-Pao|1\/100\n|move|p1b: Chien-Pao|Sacred Sword|p2b: Jeff\n|-supereffective|p2b: Jeff\n|-damage|p2b: Jeff|0 fnt\n|faint|p2b: Jeff\n|\n|upkeep\n|turn|11\n|\n|t:|1682642712\n|move|p1b: Chien-Pao|Protect|p1b: Chien-Pao\n|-singleturn|p1b: Chien-Pao|Protect\n|move|p2a: Chi-Yu|Heat Wave|p1a: Amoonguss|[spread] \n|-activate|p1b: Chien-Pao|move: Protect\n|-miss|p2a: Chi-Yu|p1a: Amoonguss\n|cant|p1a: Amoonguss|par\n|\n|upkeep\n|turn|12\n|\n|t:|1682642731\n|move|p1b: Chien-Pao|Protect||[still]\n|-fail|p1b: Chien-Pao\n|move|p2a: Chi-Yu|Heat Wave|p1a: Amoonguss|[spread] p1a,p1b\n|-resisted|p1a: Amoonguss\n|-supereffective|p1b: Chien-Pao\n|-damage|p1a: Amoonguss|22\/100 par\n|-damage|p1b: Chien-Pao|0 fnt\n|faint|p1b: Chien-Pao\n|move|p1a: Amoonguss|Spore|p2a: Chi-Yu\n|-status|p2a: Chi-Yu|slp|[from] move: Spore\n|\n|upkeep\n|turn|13\n|\n|t:|1682642741\n|cant|p2a: Chi-Yu|slp\n|cant|p1a: Amoonguss|par\n|\n|upkeep\n|turn|14\n|\n|t:|1682642746\n|cant|p2a: Chi-Yu|slp\n|move|p1a: Amoonguss|Pollen Puff|p2a: Chi-Yu\n|-damage|p2a: Chi-Yu|28\/100 slp\n|\n|upkeep\n|turn|15\n|\n|t:|1682642752\n|cant|p2a: Chi-Yu|slp\n|move|p1a: Amoonguss|Pollen Puff|p2a: Chi-Yu\n|-damage|p2a: Chi-Yu|8\/100 slp\n|\n|upkeep\n|turn|16\n|\n|t:|1682642758\n|-curestatus|p2a: Chi-Yu|slp|[msg]\n|move|p2a: Chi-Yu|Heat Wave|p1a: Amoonguss\n|-resisted|p1a: Amoonguss\n|-damage|p1a: Amoonguss|0 fnt\n|faint|p1a: Amoonguss\n|\n|win|MightyMudsdale\n|raw|stardust_XX's rating: 1306 → 1285<\/strong> (-21 for losing)\n|raw|MightyMudsdale's rating: 1297 → 1323<\/strong> (+26 for winning)\n|c|\u2606MightyMudsdale|gg\n|c|\u2606MightyMudsdale|wp\n|l|\u2606stardust_XX\n|c|\u2606MightyMudsdale|that was super close\n","uploadtime":1682642778,"views":7,"p1id":"stardustxx","p2id":"mightymudsdale","formatid":"gen9vgc2023regulationc","rating":1285,"private":0,"password":""}