{"id":"gen9vgc2023regulationc-1863848039","p1":"ogden2","p2":"Determewnation","format":"[Gen 9] VGC 2023 Regulation C","log":"|j|\u2606ogden2\n|j|\u2606Determewnation\n|t:|1684085003\n|gametype|doubles\n|player|p1|ogden2|clay|1358\n|player|p2|Determewnation|akari-isekai|1435\n|teamsize|p1|6\n|teamsize|p2|6\n|gen|9\n|tier|[Gen 9] VGC 2023 Regulation C\n|rated|\n|rule|Species Clause: Limit one of each Pok\u00e9mon\n|rule|Item Clause: Limit one of each item\n|clearpoke\n|poke|p1|Flutter Mane, L50|\n|poke|p1|Garganacl, L50, M|\n|poke|p1|Ting-Lu, L50|\n|poke|p1|Gyarados, L50, F|\n|poke|p1|Arcanine, L50, F|\n|poke|p1|Breloom, L50, M|\n|poke|p2|Goodra, L50, F|\n|poke|p2|Murkrow, L50, F|\n|poke|p2|Meowscarada, L50, M|\n|poke|p2|Gholdengo, L50|\n|poke|p2|Indeedee-F, L50, F|\n|poke|p2|Iron Treads, L50|\n|teampreview|4\n|\n|t:|1684085028\n|start\n|switch|p1a: Arcanine|Arcanine, L50, F|100\/100\n|switch|p1b: Breloom|Breloom, L50, M|100\/100\n|switch|p2a: Murkrow|Murkrow, L50, F|100\/100\n|switch|p2b: Gholdengo|Gholdengo, L50|100\/100\n|-ability|p1a: Arcanine|Intimidate|boost\n|-unboost|p2a: Murkrow|atk|1\n|-unboost|p2b: Gholdengo|atk|1\n|turn|1\n|\n|t:|1684085052\n|switch|p2a: Meowscarada|Meowscarada, L50, M|100\/100\n|move|p2b: Gholdengo|Protect|p2b: Gholdengo\n|-singleturn|p2b: Gholdengo|Protect\n|move|p1a: Arcanine|Flare Blitz|p2b: Gholdengo\n|-activate|p2b: Gholdengo|move: Protect\n|move|p1b: Breloom|Spore|p2a: Meowscarada\n|-immune|p2a: Meowscarada\n|\n|upkeep\n|turn|2\n|\n|t:|1684085093\n|move|p1b: Breloom|Protect|p1b: Breloom\n|-singleturn|p1b: Breloom|Protect\n|move|p2a: Meowscarada|Knock Off|p1a: Arcanine\n|-start|p2a: Meowscarada|typechange|Dark|[from] ability: Protean\n|-damage|p1a: Arcanine|18\/100\n|-enditem|p1a: Arcanine|Sitrus Berry|[from] move: Knock Off|[of] p2a: Meowscarada\n|move|p1a: Arcanine|Flare Blitz|p2a: Meowscarada\n|-damage|p2a: Meowscarada|15\/100\n|-damage|p1a: Arcanine|0 fnt|[from] Recoil\n|faint|p1a: Arcanine\n|move|p2b: Gholdengo|Shadow Ball|p1b: Breloom\n|-activate|p1b: Breloom|move: Protect\n|\n|upkeep\n|\n|t:|1684085100\n|switch|p1a: Ting-Lu|Ting-Lu, L50|100\/100\n|-ability|p1a: Ting-Lu|Vessel of Ruin\n|turn|3\n|\n|t:|1684085113\n|switch|p2a: Goodra|Goodra, L50, F, shiny|100\/100\n|-terastallize|p1a: Ting-Lu|Grass\n|move|p1b: Breloom|Mach Punch|p2a: Goodra\n|-damage|p2a: Goodra|71\/100\n|move|p2b: Gholdengo|Nasty Plot|p2b: Gholdengo\n|-boost|p2b: Gholdengo|spa|2\n|move|p1a: Ting-Lu|Stomping Tantrum|p2b: Gholdengo\n|-supereffective|p2b: Gholdengo\n|-damage|p2b: Gholdengo|13\/100\n|\n|upkeep\n|turn|4\n|\n|t:|1684085130\n|move|p1b: Breloom|Mach Punch|p2a: Goodra\n|-damage|p2a: Goodra|38\/100\n|move|p2b: Gholdengo|Make It Rain|p1a: Ting-Lu|[spread] p1a,p1b\n|-damage|p1a: Ting-Lu|51\/100\n|-enditem|p1b: Breloom|Focus Sash\n|-damage|p1b: Breloom|1\/100\n|-unboost|p2b: Gholdengo|spa|1\n|-damage|p2b: Gholdengo|4\/100|[from] item: Life Orb\n|move|p2a: Goodra|Flamethrower|p1a: Ting-Lu\n|-supereffective|p1a: Ting-Lu\n|-damage|p1a: Ting-Lu|27\/100\n|move|p1a: Ting-Lu|Stomping Tantrum|p2b: Gholdengo\n|-supereffective|p2b: Gholdengo\n|-crit|p2b: Gholdengo\n|-damage|p2b: Gholdengo|0 fnt\n|faint|p2b: Gholdengo\n|\n|upkeep\n|\n|t:|1684085142\n|switch|p2b: Murkrow|Murkrow, L50, F|100\/100\n|turn|5\n|\n|t:|1684085164\n|switch|p1b: Garganacl|Garganacl, L50, M|100\/100\n|move|p2b: Murkrow|Foul Play|p1a: Ting-Lu\n|-damage|p1a: Ting-Lu|0 fnt\n|faint|p1a: Ting-Lu\n|move|p2a: Goodra|Flamethrower|p1b: Garganacl\n|-resisted|p1b: Garganacl\n|-damage|p1b: Garganacl|91\/100\n|\n|-heal|p1b: Garganacl|97\/100|[from] item: Leftovers\n|upkeep\n|\n|t:|1684085168\n|switch|p1a: Breloom|Breloom, L50, M|1\/100\n|turn|6\n|\n|t:|1684085195\n|move|p1a: Breloom|Protect|p1a: Breloom\n|-singleturn|p1a: Breloom|Protect\n|move|p2b: Murkrow|Foul Play|p1b: Garganacl\n|-damage|p1b: Garganacl|74\/100\n|move|p2a: Goodra|Hydro Pump|p1b: Garganacl\n|-supereffective|p1b: Garganacl\n|-damage|p1b: Garganacl|27\/100\n|move|p1b: Garganacl|Body Press|p2a: Goodra\n|-damage|p2a: Goodra|16\/100\n|\n|-heal|p1b: Garganacl|32\/100|[from] item: Leftovers\n|upkeep\n|turn|7\n|-message|ogden2 forfeited.\n|\n|win|Determewnation\n|raw|ogden2's rating: 1358 → 1342<\/strong> (-16 for losing)\n|raw|Determewnation's rating: 1435 → 1451<\/strong> (+16 for winning)\n|l|\u2606ogden2\n","uploadtime":1684085219,"views":9,"p1id":"ogden2","p2id":"determewnation","formatid":"gen9vgc2023regulationc","rating":1342,"private":0,"password":""}