{"id":"gen9vgc2023regulationc-1858623653","p1":"JuggOrNawt","p2":"arcaninesrules","format":"[Gen 9] VGC 2023 Regulation C","log":"|j|\u2606JuggOrNawt\n|j|\u2606arcaninesrules\n|t:|1683333732\n|gametype|doubles\n|player|p1|JuggOrNawt|102|1210\n|player|p2|arcaninesrules|266|1151\n|teamsize|p1|6\n|teamsize|p2|6\n|gen|9\n|tier|[Gen 9] VGC 2023 Regulation C\n|rated|\n|rule|Species Clause: Limit one of each Pok\u00e9mon\n|rule|Item Clause: Limit one of each item\n|clearpoke\n|poke|p1|Glimmora, L50, M|\n|poke|p1|Abomasnow, L50, M|\n|poke|p1|Gyarados, L50, M|\n|poke|p1|Roaring Moon, L50|\n|poke|p1|Flutter Mane, L50|\n|poke|p1|Dragonite, L50, F|\n|poke|p2|Chi-Yu, L50|\n|poke|p2|Flutter Mane, L50|\n|poke|p2|Chien-Pao, L50|\n|poke|p2|Gyarados, L50, F|\n|poke|p2|Amoonguss, L50, F|\n|poke|p2|Iron Hands, L50|\n|teampreview|4\n|inactive|Battle timer is ON: inactive players will automatically lose when time's up. (requested by arcaninesrules)\narcaninesrules has agreed to open team sheets.\n|inactive|JuggOrNawt has 60 seconds left.\n|inactive|arcaninesrules has 60 seconds left.\n|\n|t:|1683333786\n|start\n|switch|p1a: Glimmora|Glimmora, L50, M|100\/100\n|switch|p1b: Flutter Mane|Flutter Mane, L50|100\/100\n|switch|p2a: Gyarados|Gyarados, L50, F|100\/100\n|switch|p2b: Iron Hands|Iron Hands, L50|100\/100\n|-ability|p2a: Gyarados|Intimidate|boost\n|-unboost|p1a: Glimmora|atk|1\n|-unboost|p1b: Flutter Mane|atk|1\n|-item|p1a: Glimmora|Air Balloon\n|turn|1\n|inactive|arcaninesrules has 30 seconds left.\n|\n|t:|1683333815\n|-terastallize|p2a: Gyarados|Steel\n|move|p1a: Glimmora|Spiky Shield|p1a: Glimmora\n|-singleturn|p1a: Glimmora|move: Protect\n|move|p1b: Flutter Mane|Dazzling Gleam|p2a: Gyarados|[spread] p2a,p2b\n|-resisted|p2a: Gyarados\n|-supereffective|p2b: Iron Hands\n|-damage|p2a: Gyarados|79\/100\n|-damage|p2b: Iron Hands|53\/100\n|move|p2a: Gyarados|Iron Head|p1b: Flutter Mane\n|-supereffective|p1b: Flutter Mane\n|-damage|p1b: Flutter Mane|0 fnt\n|faint|p1b: Flutter Mane\n|-end|p1b: Flutter Mane|Protosynthesis|[silent]\n|move|p2b: Iron Hands|Volt Switch|p1a: Glimmora\n|-activate|p1a: Glimmora|move: Protect\n|\n|upkeep\n|\n|t:|1683333830\n|switch|p1b: Gyarados|Gyarados, L50, M|100\/100\n|-ability|p1b: Gyarados|Intimidate|boost\n|-unboost|p2a: Gyarados|atk|1\n|-unboost|p2b: Iron Hands|atk|1\n|turn|2\n|\n|t:|1683333852\n|-terastallize|p1a: Glimmora|Grass\n|move|p2a: Gyarados|Dragon Dance|p2a: Gyarados\n|-boost|p2a: Gyarados|atk|1\n|-boost|p2a: Gyarados|spe|1\n|move|p1a: Glimmora|Toxic|p2a: Gyarados\n|-status|p2a: Gyarados|tox\n|move|p1b: Gyarados|Waterfall|p2b: Iron Hands\n|-damage|p2b: Iron Hands|25\/100\n|move|p2b: Iron Hands|Volt Switch|p1a: Glimmora\n|-resisted|p1a: Glimmora\n|-damage|p1a: Glimmora|94\/100\n|-enditem|p1a: Glimmora|Air Balloon\n|\n|t:|1683333872\n|-end|p2b: Iron Hands|Quark Drive|[silent]\n|switch|p2b: Flutter Mane|Flutter Mane, L50|100\/100|[from] Volt Switch\n|-enditem|p2b: Flutter Mane|Booster Energy\n|-activate|p2b: Flutter Mane|ability: Protosynthesis|[fromitem]\n|-start|p2b: Flutter Mane|protosynthesisspe\n|\n|-damage|p2a: Gyarados|73\/100 tox|[from] psn\n|upkeep\n|turn|3\n|\n|t:|1683333888\n|move|p2b: Flutter Mane|Thunderbolt|p1b: Gyarados\n|-supereffective|p1b: Gyarados\n|-damage|p1b: Gyarados|0 fnt\n|faint|p1b: Gyarados\n|move|p2a: Gyarados|Iron Head|p1a: Glimmora\n|-damage|p1a: Glimmora|56\/100\n|move|p1a: Glimmora|Toxic|p2b: Flutter Mane\n|-status|p2b: Flutter Mane|tox\n|\n|-damage|p2b: Flutter Mane|94\/100 tox|[from] psn\n|-damage|p2a: Gyarados|61\/100 tox|[from] psn\n|upkeep\n|\n|t:|1683333898\n|switch|p1b: Roaring Moon|Roaring Moon, L50|100\/100\n|-enditem|p1b: Roaring Moon|Booster Energy\n|-activate|p1b: Roaring Moon|ability: Protosynthesis|[fromitem]\n|-start|p1b: Roaring Moon|protosynthesisatk\n|turn|4\n|\n|t:|1683333910\n|move|p1b: Roaring Moon|Protect|p1b: Roaring Moon\n|-singleturn|p1b: Roaring Moon|Protect\n|move|p2b: Flutter Mane|Moonblast|p1b: Roaring Moon\n|-activate|p1b: Roaring Moon|move: Protect\n|move|p2a: Gyarados|Taunt|p1a: Glimmora\n|-start|p1a: Glimmora|move: Taunt\n|move|p1a: Glimmora|Venoshock|p2b: Flutter Mane\n|-damage|p2b: Flutter Mane|29\/100 tox\n|\n|-damage|p2b: Flutter Mane|17\/100 tox|[from] psn\n|-damage|p2a: Gyarados|43\/100 tox|[from] psn\n|upkeep\n|turn|5\n|inactive|JuggOrNawt has 30 seconds left.\n|inactive|JuggOrNawt has 20 seconds left.\n|inactive|JuggOrNawt has 15 seconds left.\n|inactive|JuggOrNawt has 10 seconds left.\n|inactive|JuggOrNawt has 5 seconds left.\n|\n|t:|1683333964\n|move|p1b: Roaring Moon|Protect|p1b: Roaring Moon\n|-singleturn|p1b: Roaring Moon|Protect\n|move|p2b: Flutter Mane|Moonblast|p1b: Roaring Moon\n|-activate|p1b: Roaring Moon|move: Protect\n|move|p2a: Gyarados|Iron Head|p1a: Glimmora\n|-damage|p1a: Glimmora|21\/100\n|move|p1a: Glimmora|Power Gem|p2a: Gyarados\n|-resisted|p2a: Gyarados\n|-damage|p2a: Gyarados|24\/100 tox\n|\n|-damage|p2b: Flutter Mane|0 fnt|[from] psn\n|faint|p2b: Flutter Mane\n|-end|p2b: Flutter Mane|Protosynthesis|[silent]\n|-damage|p2a: Gyarados|0 fnt|[from] psn\n|faint|p2a: Gyarados\n|upkeep\n|\n|t:|1683333969\n|switch|p2b: Amoonguss|Amoonguss, L50, F|100\/100\n|switch|p2a: Iron Hands|Iron Hands, L50|25\/100\n|turn|6\n|inactive|JuggOrNawt has 30 seconds left.\n|c|\u2606arcaninesrules|double protect :'C\n|inactive|JuggOrNawt has 20 seconds left.\n|\n|t:|1683334008\n|move|p2b: Amoonguss|Rage Powder|p2b: Amoonguss\n|-singleturn|p2b: Amoonguss|move: Rage Powder\n|move|p1b: Roaring Moon|Acrobatics|p2b: Amoonguss\n|-supereffective|p2b: Amoonguss\n|-damage|p2b: Amoonguss|18\/100\n|move|p1a: Glimmora|Power Gem|p2a: Iron Hands\n|-resisted|p2a: Iron Hands\n|-damage|p2a: Iron Hands|16\/100\n|move|p2a: Iron Hands|Drain Punch|p1b: Roaring Moon\n|-supereffective|p1b: Roaring Moon\n|-damage|p1b: Roaring Moon|20\/100\n|-heal|p2a: Iron Hands|49\/100|[from] drain|[of] p1b: Roaring Moon\n|\n|-heal|p2b: Amoonguss|24\/100|[from] item: Leftovers\n|-end|p1a: Glimmora|move: Taunt\n|upkeep\n|turn|7\n|\n|t:|1683334032\n|move|p1b: Roaring Moon|Protect|p1b: Roaring Moon\n|-singleturn|p1b: Roaring Moon|Protect\n|move|p2b: Amoonguss|Rage Powder|p2b: Amoonguss\n|-singleturn|p2b: Amoonguss|move: Rage Powder\n|move|p1a: Glimmora|Power Gem|p2b: Amoonguss\n|-damage|p2b: Amoonguss|0 fnt\n|faint|p2b: Amoonguss\n|move|p2a: Iron Hands|Drain Punch|p1a: Glimmora\n|-damage|p1a: Glimmora|0 fnt\n|-heal|p2a: Iron Hands|56\/100|[from] drain|[of] p1a: Glimmora\n|faint|p1a: Glimmora\n|\n|upkeep\n|turn|8\n|\n|t:|1683334044\n|move|p1b: Roaring Moon|Acrobatics|p2a: Iron Hands\n|-damage|p2a: Iron Hands|20\/100\n|move|p2a: Iron Hands|Drain Punch|p1b: Roaring Moon\n|-supereffective|p1b: Roaring Moon\n|-damage|p1b: Roaring Moon|0 fnt\n|-heal|p2a: Iron Hands|28\/100|[from] drain|[of] p1b: Roaring Moon\n|faint|p1b: Roaring Moon\n|-end|p1b: Roaring Moon|Protosynthesis|[silent]\n|\n|win|arcaninesrules\n|raw|JuggOrNawt's rating: 1210 → 1181<\/strong> (-29 for losing)\n|raw|arcaninesrules's rating: 1151 → 1180<\/strong> (+29 for winning)\n|l|\u2606JuggOrNawt\n","uploadtime":1683335725,"views":4,"p1id":"juggornawt","p2id":"arcaninesrules","formatid":"gen9vgc2023regulationc","rating":1180,"private":0,"password":""}