{"id":"gen9vgc2023regulationc-1861016128","p1":"Bambambi","p2":"LILNPALM1627","format":"[Gen 9] VGC 2023 Regulation C","log":"|j|\u2606Bambambi\n|j|\u2606LILNPALM1627\n|t:|1683714813\n|gametype|doubles\n|player|p1|Bambambi|wallace-gen6|1205\n|player|p2|LILNPALM1627|266|1114\n|teamsize|p1|6\n|teamsize|p2|6\n|gen|9\n|tier|[Gen 9] VGC 2023 Regulation C\n|rated|\n|rule|Species Clause: Limit one of each Pok\u00e9mon\n|rule|Item Clause: Limit one of each item\n|clearpoke\n|poke|p1|Flutter Mane, L50|\n|poke|p1|Chi-Yu, L50|\n|poke|p1|Gothitelle, L50, F|\n|poke|p1|Scream Tail, L50|\n|poke|p1|Murkrow, L50, M|\n|poke|p1|Great Tusk, L50|\n|poke|p2|Flutter Mane, L50|\n|poke|p2|Medicham, L50, F|\n|poke|p2|Dragonite, L50, M|\n|poke|p2|Chien-Pao, L50|\n|poke|p2|Arcanine, L50, M|\n|poke|p2|Amoonguss, L50, F|\n|teampreview|4\n|\n|t:|1683714830\n|start\n|switch|p1a: Mr. God|Murkrow, L50, M, shiny|100\/100\n|switch|p1b: Great Tusk|Great Tusk, L50|100\/100\n|switch|p2a: :)|Dragonite, L50, M, shiny|100\/100\n|switch|p2b: Clover|Medicham, L50, F, shiny|100\/100\n|turn|1\n|c|\u2606Bambambi|Cool team\n|inactive|Battle timer is ON: inactive players will automatically lose when time's up. (requested by LILNPALM1627)\n|c|\u2606LILNPALM1627|thank\n|c|\u2606LILNPALM1627|you too\n|\n|t:|1683714873\n|-terastallize|p1b: Great Tusk|Fire\n|-terastallize|p2a: :)|Flying\n|move|p2b: Clover|Fake Out|p1a: Mr. God\n|-crit|p1a: Mr. God\n|-damage|p1a: Mr. God|58\/100\n|-damage|p2b: Clover|91\/100|[from] item: Life Orb\n|cant|p1a: Mr. God|flinch\n|move|p1b: Great Tusk|Tera Blast|p2b: Clover\n|-damage|p2b: Clover|39\/100\n|move|p2a: :)|Tailwind|p2a: :)\n|-sidestart|p2: LILNPALM1627|move: Tailwind\n|\n|upkeep\n|turn|2\n|inactive|Bambambi has 30 seconds left.\n|\n|t:|1683714903\n|move|p2b: Clover|Detect|p2b: Clover\n|-singleturn|p2b: Clover|Protect\n|move|p1a: Mr. God|Tailwind|p1a: Mr. God\n|-sidestart|p1: Bambambi|move: Tailwind\n|move|p1b: Great Tusk|Tera Blast|p2a: :)\n|-damage|p2a: :)|83\/100\n|move|p2a: :)|Stomping Tantrum|p1b: Great Tusk\n|-supereffective|p1b: Great Tusk\n|-damage|p1b: Great Tusk|60\/100\n|\n|upkeep\n|turn|3\n|\n|t:|1683714926\n|move|p1a: Mr. God|Sunny Day|p1a: Mr. God\n|-weather|SunnyDay\n|-activate|p1b: Great Tusk|ability: Protosynthesis\n|-start|p1b: Great Tusk|protosynthesisdef\n|move|p2b: Clover|Bullet Punch|p1a: Mr. God\n|-crit|p1a: Mr. God\n|-damage|p1a: Mr. God|8\/100\n|-damage|p2b: Clover|30\/100|[from] item: Life Orb\n|move|p1b: Great Tusk|Tera Blast|p2a: :)\n|-damage|p2a: :)|33\/100\n|move|p2a: :)|Stomping Tantrum|p1b: Great Tusk\n|-supereffective|p1b: Great Tusk\n|-damage|p1b: Great Tusk|32\/100\n|\n|-weather|SunnyDay|[upkeep]\n|upkeep\n|turn|4\n|inactive|Bambambi has 30 seconds left.\n|inactive|LILNPALM1627 has 30 seconds left.\n|\n|t:|1683714960\n|switch|p1a: Chi-Yu|Chi-Yu, L50|100\/100\n|-ability|p1a: Chi-Yu|Beads of Ruin\n|move|p2b: Clover|Bullet Punch|p1a: Chi-Yu\n|-resisted|p1a: Chi-Yu\n|-crit|p1a: Chi-Yu\n|-damage|p1a: Chi-Yu|76\/100\n|-damage|p2b: Clover|21\/100|[from] item: Life Orb\n|move|p1b: Great Tusk|Tera Blast|p2b: Clover\n|-damage|p2b: Clover|0 fnt\n|faint|p2b: Clover\n|move|p2a: :)|Stomping Tantrum|p1b: Great Tusk\n|-supereffective|p1b: Great Tusk\n|-damage|p1b: Great Tusk|5\/100\n|-enditem|p1b: Great Tusk|Figy Berry|[eat]\n|-heal|p1b: Great Tusk|38\/100|[from] item: Figy Berry\n|\n|-weather|SunnyDay|[upkeep]\n|-sideend|p2: LILNPALM1627|move: Tailwind\n|upkeep\n|\n|t:|1683714976\n|switch|p2b: Luigi|Amoonguss, L50, F, shiny|100\/100\n|turn|5\n|\n|t:|1683714993\n|move|p1a: Chi-Yu|Heat Wave|p2b: Luigi|[spread] p2b\n|-miss|p1a: Chi-Yu|p2a: :)\n|-supereffective|p2b: Luigi\n|-damage|p2b: Luigi|0 fnt\n|faint|p2b: Luigi\n|-damage|p1a: Chi-Yu|67\/100|[from] item: Life Orb\n|move|p1b: Great Tusk|Tera Blast|p2a: :)\n|-damage|p2a: :)|0 fnt\n|faint|p2a: :)\n|\n|-weather|SunnyDay|[upkeep]\n|-sideend|p1: Bambambi|move: Tailwind\n|upkeep\n|\n|t:|1683715005\n|switch|p2b: yeti|Chien-Pao, L50|100\/100\n|-ability|p2b: yeti|Sword of Ruin\n|turn|6\n|\n|t:|1683715014\n|move|p2b: yeti|Sucker Punch|p1b: Great Tusk\n|-damage|p1b: Great Tusk|14\/100\n|move|p1a: Chi-Yu|Heat Wave|p2b: yeti\n|-supereffective|p2b: yeti\n|-enditem|p2b: yeti|Focus Sash\n|-damage|p2b: yeti|1\/100\n|-damage|p1a: Chi-Yu|57\/100|[from] item: Life Orb\n|move|p1b: Great Tusk|Body Press|p2b: yeti\n|-supereffective|p2b: yeti\n|-damage|p2b: yeti|0 fnt\n|faint|p2b: yeti\n|\n|win|Bambambi\n|raw|Bambambi's rating: 1205 → 1224<\/strong> (+19 for winning)\n|raw|LILNPALM1627's rating: 1114 → 1095<\/strong> (-19 for losing)\n|c|\u2606Bambambi|gg\n|l|\u2606LILNPALM1627\n|c|\u2606Bambambi|murkrow tusk lead is adapted from a clover team\n","uploadtime":1683715043,"views":16,"p1id":"bambambi","p2id":"lilnpalm1627","formatid":"gen9vgc2023regulationc","rating":1095,"private":0,"password":""}