{"id":"gen9vgc2023regulationc-1854685608","p1":"Sumovgc","p2":"Raderph","format":"[Gen 9] VGC 2023 Regulation C","log":"|j|\u2606Sumovgc\n|j|\u2606Raderph\n|t:|1682850188\n|gametype|doubles\n|player|p1|Sumovgc|169|\n|player|p2|Raderph|hiker|\n|teamsize|p1|6\n|teamsize|p2|6\n|gen|9\n|tier|[Gen 9] VGC 2023 Regulation C\n|rule|Species Clause: Limit one of each Pok\u00e9mon\n|rule|Item Clause: Limit one of each item\n|clearpoke\n|poke|p1|Chi-Yu, L50|\n|poke|p1|Sandy Shocks, L50|\n|poke|p1|Sableye, L50, F|\n|poke|p1|Pachirisu, L50, F|\n|poke|p1|Tyranitar, L50, M|\n|poke|p1|Lycanroc, L50, M|\n|poke|p2|Grimmsnarl, L50, M|\n|poke|p2|Great Tusk, L50|\n|poke|p2|Lilligant, L50, F|\n|poke|p2|Dragalge, L50, F|\n|poke|p2|Lokix, L50, F|\n|poke|p2|Iron Valiant, L50|\n|teampreview|4\n|inactive|Battle timer is ON: inactive players will automatically lose when time's up. (requested by Sumovgc)\n|inactiveoff|Battle timer is now OFF.\n|c|\u2606Sumovgc|gl hf\n|c|\u2606Sumovgc|game 1\n|c|\u2606Raderph|GLHF\n|\n|t:|1682850258\n|start\n|switch|p1a: Mecha Gojira|Tyranitar, L50, M|100\/100\n|switch|p1b: TheDogIStoleFromSy|Lycanroc, L50, M|100\/100\n|switch|p2a: Olgoi-Khorkhoi|Lokix, L50, F|100\/100\n|switch|p2b: Sasquatch|Grimmsnarl, L50, M|100\/100\n|-weather|Sandstorm|[from] ability: Sand Stream|[of] p1a: Mecha Gojira\n|turn|1\n|\n|t:|1682850284\n|-terastallize|p1a: Mecha Gojira|Flying\n|move|p2b: Sasquatch|Fake Out|p1b: TheDogIStoleFromSy\n|-resisted|p1b: TheDogIStoleFromSy\n|-damage|p1b: TheDogIStoleFromSy|92\/100\n|cant|p1b: TheDogIStoleFromSy|flinch\n|move|p2a: Olgoi-Khorkhoi|Axe Kick|p1a: Mecha Gojira\n|-resisted|p1a: Mecha Gojira\n|-damage|p1a: Mecha Gojira|62\/100\n|move|p1a: Mecha Gojira|Tera Blast|p2a: Olgoi-Khorkhoi\n|-supereffective|p2a: Olgoi-Khorkhoi\n|-damage|p2a: Olgoi-Khorkhoi|0 fnt\n|faint|p2a: Olgoi-Khorkhoi\n|\n|-weather|Sandstorm|[upkeep]\n|-damage|p2b: Sasquatch|95\/100|[from] Sandstorm\n|upkeep\n|\n|t:|1682850302\n|switch|p2a: Ogopogo|Dragalge, L50, F|100\/100\n|turn|2\n|\n|t:|1682850337\n|-terastallize|p2a: Ogopogo|Dragon\n|move|p2b: Sasquatch|Reflect|p2b: Sasquatch\n|-sidestart|p2: Raderph|Reflect\n|move|p1b: TheDogIStoleFromSy|Leer|p2a: Ogopogo|[spread] p2a,p2b\n|-unboost|p2a: Ogopogo|def|1\n|-unboost|p2b: Sasquatch|def|1\n|move|p1a: Mecha Gojira|Iron Head|p2b: Sasquatch\n|-supereffective|p2b: Sasquatch\n|-damage|p2b: Sasquatch|39\/100\n|move|p2a: Ogopogo|Dragon Pulse|p1a: Mecha Gojira\n|-damage|p1a: Mecha Gojira|4\/100\n|\n|-weather|Sandstorm|[upkeep]\n|-damage|p2b: Sasquatch|33\/100|[from] Sandstorm\n|-damage|p2a: Ogopogo|95\/100|[from] Sandstorm\n|upkeep\n|turn|3\n|\n|t:|1682850380\n|move|p1b: TheDogIStoleFromSy|Rock Slide|p2b: Sasquatch|[spread] p2a,p2b\n|-damage|p2a: Ogopogo|63\/100\n|-damage|p2b: Sasquatch|6\/100\n|move|p1a: Mecha Gojira|Rock Slide|p2a: Ogopogo|[spread] p2a,p2b\n|-damage|p2a: Ogopogo|28\/100\n|-damage|p2b: Sasquatch|0 fnt\n|faint|p2b: Sasquatch\n|cant|p2a: Ogopogo|flinch\n|\n|-weather|Sandstorm|[upkeep]\n|-damage|p2a: Ogopogo|22\/100|[from] Sandstorm\n|upkeep\n|\n|t:|1682850391\n|switch|p2b: Yeren|Iron Valiant, L50|100\/100\n|-enditem|p2b: Yeren|Booster Energy\n|-activate|p2b: Yeren|ability: Quark Drive|[fromitem]\n|-start|p2b: Yeren|quarkdrivespe\n|turn|4\n|\n|t:|1682850418\n|move|p1b: TheDogIStoleFromSy|Rock Slide|p2a: Ogopogo|[spread] p2a,p2b\n|-resisted|p2b: Yeren\n|-damage|p2a: Ogopogo|0 fnt\n|-damage|p2b: Yeren|88\/100\n|faint|p2a: Ogopogo\n|cant|p2b: Yeren|flinch\n|move|p1a: Mecha Gojira|Iron Head|p2b: Yeren\n|-supereffective|p2b: Yeren\n|-damage|p2b: Yeren|33\/100\n|\n|-weather|Sandstorm|[upkeep]\n|-damage|p2b: Yeren|27\/100|[from] Sandstorm\n|upkeep\n|turn|5\n|\n|t:|1682850432\n|move|p2b: Yeren|Protect|p2b: Yeren\n|-singleturn|p2b: Yeren|Protect\n|move|p1b: TheDogIStoleFromSy|Rock Slide|p2b: Yeren\n|-activate|p2b: Yeren|move: Protect\n|move|p1a: Mecha Gojira|Iron Head|p2b: Yeren\n|-activate|p2b: Yeren|move: Protect\n|\n|-weather|none\n|upkeep\n|turn|6\n|\n|t:|1682850457\n|move|p2b: Yeren|Leaf Blade|p1b: TheDogIStoleFromSy\n|-supereffective|p1b: TheDogIStoleFromSy\n|-damage|p1b: TheDogIStoleFromSy|0 fnt\n|faint|p1b: TheDogIStoleFromSy\n|move|p1a: Mecha Gojira|Tera Blast|p2b: Yeren\n|-supereffective|p2b: Yeren\n|-crit|p2b: Yeren\n|-damage|p2b: Yeren|0 fnt\n|faint|p2b: Yeren\n|-end|p2b: Yeren|Quark Drive|[silent]\n|\n|win|Sumovgc\n|c|\u2606Sumovgc|gg\n|c|\u2606Raderph|gg\n","uploadtime":1682850468,"views":11,"p1id":"sumovgc","p2id":"raderph","formatid":"gen9vgc2023regulationc","rating":0,"private":0,"password":""}