{"id":"gen9vgc2023regulationc-1857001734","p1":"tcalver","p2":"Arcacagne","format":"[Gen 9] VGC 2023 Regulation C","log":"|j|\u2606tcalver\n|j|\u2606Arcacagne\n|t:|1683135435\n|gametype|doubles\n|player|p1|tcalver|2|1321\n|player|p2|Arcacagne|265|1295\n|teamsize|p1|6\n|teamsize|p2|6\n|gen|9\n|tier|[Gen 9] VGC 2023 Regulation C\n|rated|\n|rule|Species Clause: Limit one of each Pok\u00e9mon\n|rule|Item Clause: Limit one of each item\n|clearpoke\n|poke|p1|Oranguru, L50, M|\n|poke|p1|Murkrow, L50, F|\n|poke|p1|Chi-Yu, L50|\n|poke|p1|Orthworm, L50, F|\n|poke|p1|Torkoal, L50, F|\n|poke|p1|Jumpluff, L50, F|\n|poke|p2|Chi-Yu, L50|\n|poke|p2|Flutter Mane, L50|\n|poke|p2|Amoonguss, L50, F|\n|poke|p2|Palafin, L50, M|\n|poke|p2|Kingambit, L50, M|\n|poke|p2|Arcanine, L50, F|\n|teampreview|4\n|\n|t:|1683135459\n|start\n|switch|p1a: Murkrow|Murkrow, L50, F|100\/100\n|switch|p1b: Jumpluff|Jumpluff, L50, F|100\/100\n|switch|p2a: Chi-Yu|Chi-Yu, L50|100\/100\n|switch|p2b: Amoonguss|Amoonguss, L50, F|100\/100\n|-ability|p2a: Chi-Yu|Beads of Ruin\n|turn|1\n|\n|t:|1683135484\n|move|p1a: Murkrow|Taunt|p2b: Amoonguss\n|-start|p2b: Amoonguss|move: Taunt\n|move|p1b: Jumpluff|Sleep Powder|p2a: Chi-Yu\n|-activate|p2a: Chi-Yu|item: Safety Goggles|Sleep Powder\n|move|p2a: Chi-Yu|Nasty Plot|p2a: Chi-Yu\n|-boost|p2a: Chi-Yu|spa|2\n|cant|p2b: Amoonguss|move: Taunt|Spore\n|\n|upkeep\n|turn|2\n|\n|t:|1683135513\n|switch|p2b: Flutter Mane|Flutter Mane, L50|100\/100\n|-enditem|p2b: Flutter Mane|Booster Energy\n|-activate|p2b: Flutter Mane|ability: Protosynthesis|[fromitem]\n|-start|p2b: Flutter Mane|protosynthesisspa\n|move|p1a: Murkrow|Sunny Day|p1a: Murkrow\n|-weather|SunnyDay\n|move|p1b: Jumpluff|Encore|p2a: Chi-Yu\n|-start|p2a: Chi-Yu|Encore\n|move|p2a: Chi-Yu|Nasty Plot|p2a: Chi-Yu\n|-boost|p2a: Chi-Yu|spa|2\n|\n|-weather|SunnyDay|[upkeep]\n|upkeep\n|turn|3\n|\n|t:|1683135536\n|switch|p1a: Chi-Yu|Chi-Yu, L50|100\/100\n|-ability|p1a: Chi-Yu|Beads of Ruin\n|-terastallize|p2b: Flutter Mane|Fairy\n|move|p1b: Jumpluff|Sleep Powder|p2b: Flutter Mane\n|-status|p2b: Flutter Mane|slp|[from] move: Sleep Powder\n|cant|p2b: Flutter Mane|slp\n|move|p2a: Chi-Yu|Nasty Plot|p2a: Chi-Yu\n|-boost|p2a: Chi-Yu|spa|2\n|\n|-weather|SunnyDay|[upkeep]\n|upkeep\n|turn|4\n|\n|t:|1683135556\n|cant|p2b: Flutter Mane|slp\n|move|p1b: Jumpluff|Tailwind|p1b: Jumpluff\n|-sidestart|p1: tcalver|move: Tailwind\n|move|p1a: Chi-Yu|Nasty Plot|p1a: Chi-Yu\n|-boost|p1a: Chi-Yu|spa|2\n|move|p2a: Chi-Yu|Nasty Plot|p2a: Chi-Yu\n|-boost|p2a: Chi-Yu|spa|0\n|\n|-weather|SunnyDay|[upkeep]\n|-end|p2a: Chi-Yu|Encore\n|upkeep\n|turn|5\n|\n|t:|1683135582\n|move|p2a: Chi-Yu|Protect|p2a: Chi-Yu\n|-singleturn|p2a: Chi-Yu|Protect\n|move|p1b: Jumpluff|Encore|p2a: Chi-Yu\n|-activate|p2a: Chi-Yu|move: Protect\n|move|p1a: Chi-Yu|Nasty Plot|p1a: Chi-Yu\n|-boost|p1a: Chi-Yu|spa|2\n|-curestatus|p2b: Flutter Mane|slp|[msg]\n|move|p2b: Flutter Mane|Moonblast|p1b: Jumpluff\n|-enditem|p1b: Jumpluff|Focus Sash\n|-damage|p1b: Jumpluff|1\/100\n|\n|-weather|SunnyDay|[upkeep]\n|upkeep\n|turn|6\n|inactive|Battle timer is ON: inactive players will automatically lose when time's up. (requested by tcalver)\n|\n|t:|1683135605\n|-terastallize|p1a: Chi-Yu|Fire\n|move|p1b: Jumpluff|Encore|p2a: Chi-Yu\n|-start|p2a: Chi-Yu|Encore\n|move|p1a: Chi-Yu|Heat Wave|p2a: Chi-Yu|[spread] p2a,p2b\n|-resisted|p2a: Chi-Yu\n|-crit|p2b: Flutter Mane\n|-damage|p2a: Chi-Yu|0 fnt\n|-damage|p2b: Flutter Mane|0 fnt\n|faint|p2a: Chi-Yu\n|faint|p2b: Flutter Mane\n|-end|p2b: Flutter Mane|Protosynthesis|[silent]\n|\n|-weather|none\n|upkeep\n|\n|t:|1683135615\n|switch|p2b: Arcanine|Arcanine, L50, F|100\/100\n|switch|p2a: Amoonguss|Amoonguss, L50, F|100\/100\n|-ability|p2b: Arcanine|Intimidate|boost\n|-unboost|p1a: Chi-Yu|atk|1\n|-unboost|p1b: Jumpluff|atk|1\n|turn|7\n|\n|t:|1683135636\n|move|p1b: Jumpluff|Rage Powder|p1b: Jumpluff\n|-singleturn|p1b: Jumpluff|move: Rage Powder\n|move|p2b: Arcanine|Extreme Speed|p1b: Jumpluff\n|-damage|p1b: Jumpluff|0 fnt\n|faint|p1b: Jumpluff\n|move|p1a: Chi-Yu|Heat Wave|p2b: Arcanine|[spread] p2a,p2b\n|-supereffective|p2a: Amoonguss\n|-resisted|p2b: Arcanine\n|-damage|p2a: Amoonguss|0 fnt\n|-damage|p2b: Arcanine|0 fnt\n|faint|p2a: Amoonguss\n|faint|p2b: Arcanine\n|\n|win|tcalver\n|raw|tcalver's rating: 1321 → 1340<\/strong> (+19 for winning)\n|raw|Arcacagne's rating: 1295 → 1272<\/strong> (-23 for losing)\n","uploadtime":1683135665,"views":15,"p1id":"tcalver","p2id":"arcacagne","formatid":"gen9vgc2023regulationc","rating":1272,"private":0,"password":""}