{"id":"gen9vgc2023regulationc-1856637029","p1":"avestercredits","p2":"Knightedsquirrel","format":"[Gen 9] VGC 2023 Regulation C","log":"|j|\u2606avestercredits\n|j|\u2606Knightedsquirrel\n|t:|1683085971\n|gametype|doubles\n|player|p1|avestercredits|backpacker|1169\n|player|p2|Knightedsquirrel|170|1163\n|teamsize|p1|6\n|teamsize|p2|6\n|gen|9\n|tier|[Gen 9] VGC 2023 Regulation C\n|rated|\n|rule|Species Clause: Limit one of each Pok\u00e9mon\n|rule|Item Clause: Limit one of each item\n|clearpoke\n|poke|p1|Iron Hands, L50|\n|poke|p1|Arcanine, L50, F|\n|poke|p1|Ting-Lu, L50|\n|poke|p1|Farigiraf, L50, F|\n|poke|p1|Palafin, L50, M|\n|poke|p1|Amoonguss, L50, F|\n|poke|p2|Abomasnow, L50, F|\n|poke|p2|Iron Bundle, L50|\n|poke|p2|Rotom-Frost, L50|\n|poke|p2|Iron Hands, L50|\n|poke|p2|Arcanine, L50, M|\n|poke|p2|Dugtrio, L50, M|\n|teampreview|4\n|inactive|Battle timer is ON: inactive players will automatically lose when time's up. (requested by avestercredits)\n|\n|t:|1683086001\n|start\n|switch|p1a: Farigiraf|Farigiraf, L50, F|100\/100\n|switch|p1b: Iron Hands|Iron Hands, L50|100\/100\n|switch|p2a: Abomasnow|Abomasnow, L50, F|100\/100\n|switch|p2b: Iron Bundle|Iron Bundle, L50|100\/100\n|-weather|Snow|[from] ability: Snow Warning|[of] p2a: Abomasnow\n|-enditem|p2b: Iron Bundle|Booster Energy\n|-activate|p2b: Iron Bundle|ability: Quark Drive|[fromitem]\n|-start|p2b: Iron Bundle|quarkdrivespe\n|turn|1\n|\n|t:|1683086023\n|move|p2b: Iron Bundle|Protect|p2b: Iron Bundle\n|-singleturn|p2b: Iron Bundle|Protect\n|move|p1b: Iron Hands|Fake Out|p2a: Abomasnow\n|-damage|p2a: Abomasnow|88\/100\n|cant|p2a: Abomasnow|flinch\n|move|p1a: Farigiraf|Trick Room|p1a: Farigiraf\n|-fieldstart|move: Trick Room|[of] p1a: Farigiraf\n|\n|-weather|Snow|[upkeep]\n|upkeep\n|turn|2\n|\n|t:|1683086039\n|move|p2a: Abomasnow|Protect|p2a: Abomasnow\n|-singleturn|p2a: Abomasnow|Protect\n|move|p1a: Farigiraf|Psychic|p2a: Abomasnow\n|-activate|p2a: Abomasnow|move: Protect\n|move|p1b: Iron Hands|Drain Punch|p2b: Iron Bundle\n|-supereffective|p2b: Iron Bundle\n|-damage|p2b: Iron Bundle|30\/100\n|move|p2b: Iron Bundle|Aurora Veil|p2b: Iron Bundle\n|-sidestart|p2: Knightedsquirrel|move: Aurora Veil\n|\n|-weather|Snow|[upkeep]\n|upkeep\n|turn|3\n|\n|t:|1683086061\n|move|p2b: Iron Bundle|Protect|p2b: Iron Bundle\n|-singleturn|p2b: Iron Bundle|Protect\n|move|p1a: Farigiraf|Psychic|p2b: Iron Bundle\n|-activate|p2b: Iron Bundle|move: Protect\n|move|p1b: Iron Hands|Drain Punch|p2a: Abomasnow\n|-supereffective|p2a: Abomasnow\n|-damage|p2a: Abomasnow|41\/100\n|-enditem|p2a: Abomasnow|Weakness Policy\n|-boost|p2a: Abomasnow|atk|2|[from] item: Weakness Policy\n|-boost|p2a: Abomasnow|spa|2|[from] item: Weakness Policy\n|move|p2a: Abomasnow|Blizzard|p1a: Farigiraf|[spread] p1a,p1b\n|-crit|p1b: Iron Hands\n|-damage|p1a: Farigiraf|25\/100\n|-damage|p1b: Iron Hands|34\/100\n|\n|-weather|Snow|[upkeep]\n|upkeep\n|turn|4\n|\n|t:|1683086085\n|-end|p2b: Iron Bundle|Quark Drive|[silent]\n|switch|p2b: Rotom|Rotom-Frost, L50|100\/100\n|move|p2a: Abomasnow|Protect|p2a: Abomasnow\n|-singleturn|p2a: Abomasnow|Protect\n|move|p1a: Farigiraf|Hyper Voice|p2b: Rotom|[spread] p2b\n|-activate|p2a: Abomasnow|move: Protect\n|-damage|p2b: Rotom|72\/100\n|move|p1b: Iron Hands|Drain Punch|p2a: Abomasnow\n|-activate|p2a: Abomasnow|move: Protect\n|\n|-weather|Snow|[upkeep]\n|-heal|p2b: Rotom|77\/100|[from] item: Leftovers\n|upkeep\n|turn|5\n|inactive|Knightedsquirrel has 30 seconds left.\n|\n|t:|1683086110\n|-terastallize|p2a: Abomasnow|Grass\n|move|p1a: Farigiraf|Psychic|p2b: Rotom\n|-damage|p2b: Rotom|38\/100\n|move|p1b: Iron Hands|Drain Punch|p2a: Abomasnow\n|-damage|p2a: Abomasnow|7\/100\n|-heal|p1b: Iron Hands|47\/100|[from] drain|[of] p2a: Abomasnow\n|move|p2a: Abomasnow|Giga Drain|p1a: Farigiraf\n|-crit|p1a: Farigiraf\n|-damage|p1a: Farigiraf|0 fnt\n|-heal|p2a: Abomasnow|21\/100|[from] drain|[of] p1a: Farigiraf\n|faint|p1a: Farigiraf\n|move|p2b: Rotom|Nasty Plot|p2b: Rotom\n|-boost|p2b: Rotom|spa|2\n|\n|-weather|none\n|-heal|p2b: Rotom|44\/100|[from] item: Leftovers\n|-fieldend|move: Trick Room\n|upkeep\n|\n|t:|1683086127\n|switch|p1a: Ting-Lu|Ting-Lu, L50|100\/100\n|-ability|p1a: Ting-Lu|Vessel of Ruin\n|turn|6\n|\n|t:|1683086148\n|-terastallize|p1a: Ting-Lu|Poison\n|move|p2b: Rotom|Blizzard|p1b: Iron Hands|[spread] p1b\n|-miss|p2b: Rotom|p1a: Ting-Lu\n|-damage|p1b: Iron Hands|14\/100\n|-status|p1b: Iron Hands|frz\n|move|p2a: Abomasnow|Blizzard|p1a: Ting-Lu|[spread] p1a,p1b\n|-damage|p1a: Ting-Lu|65\/100\n|-damage|p1b: Iron Hands|0 fnt\n|faint|p1b: Iron Hands\n|-end|p1b: Iron Hands|Quark Drive|[silent]\n|move|p1a: Ting-Lu|Throat Chop|p2b: Rotom\n|-damage|p2b: Rotom|12\/100\n|-start|p2b: Rotom|Throat Chop|[silent]\n|\n|-heal|p2b: Rotom|18\/100|[from] item: Leftovers\n|-heal|p1a: Ting-Lu|71\/100|[from] item: Leftovers\n|-sideend|p2: Knightedsquirrel|move: Aurora Veil\n|upkeep\n|\n|t:|1683086163\n|switch|p1b: Arcanine|Arcanine, L50, F, shiny|100\/100\n|-ability|p1b: Arcanine|Intimidate|boost\n|-unboost|p2a: Abomasnow|atk|1\n|-unboost|p2b: Rotom|atk|1\n|turn|7\n|\n|t:|1683086184\n|move|p2a: Abomasnow|Protect|p2a: Abomasnow\n|-singleturn|p2a: Abomasnow|Protect\n|move|p2b: Rotom|Volt Switch|p1b: Arcanine\n|-damage|p1b: Arcanine|61\/100\n|\n|t:|1683086191\n|switch|p2b: Iron Bundle|Iron Bundle, L50|30\/100|[from] Volt Switch\n|move|p1b: Arcanine|Heat Wave|p2a: Abomasnow|[spread] \n|-activate|p2a: Abomasnow|move: Protect\n|-miss|p1b: Arcanine|p2b: Iron Bundle\n|move|p1a: Ting-Lu|Throat Chop|p2b: Iron Bundle\n|-damage|p2b: Iron Bundle|0 fnt\n|faint|p2b: Iron Bundle\n|-end|p2b: Iron Bundle|Quark Drive|[silent]\n|\n|-heal|p1a: Ting-Lu|77\/100|[from] item: Leftovers\n|upkeep\n|\n|t:|1683086212\n|switch|p2b: Dugtrio|Dugtrio, L50, M|100\/100\n|turn|8\n|\n|t:|1683086230\n|switch|p2a: Rotom|Rotom-Frost, L50|18\/100\n|move|p2b: Dugtrio|Earthquake|p1b: Arcanine|[spread] p1a,p1b\n|-immune|p2a: Rotom|[from] ability: Levitate\n|-supereffective|p1a: Ting-Lu\n|-supereffective|p1b: Arcanine\n|-damage|p1a: Ting-Lu|38\/100\n|-damage|p1b: Arcanine|0 fnt\n|faint|p1b: Arcanine\n|move|p1a: Ting-Lu|Throat Chop|p2b: Dugtrio\n|-damage|p2b: Dugtrio|10\/100\n|-start|p2b: Dugtrio|Throat Chop|[silent]\n|\n|-heal|p2a: Rotom|24\/100|[from] item: Leftovers\n|-heal|p1a: Ting-Lu|44\/100|[from] item: Leftovers\n|upkeep\n|turn|9\n|-message|avestercredits forfeited.\n|\n|win|Knightedsquirrel\n|raw|avestercredits's rating: 1169 → 1144<\/strong> (-25 for losing)\n|raw|Knightedsquirrel's rating: 1163 → 1188<\/strong> (+25 for winning)\n|l|\u2606avestercredits\n","uploadtime":1683086249,"views":8,"p1id":"avestercredits","p2id":"knightedsquirrel","formatid":"gen9vgc2023regulationc","rating":1144,"private":0,"password":""}