{"id":"gen9vgc2023regulationc-1845984054","p1":"413XPlayz","p2":"Koukougnon","format":"[Gen 9] VGC 2023 Regulation C","log":"|j|\u2606413XPlayz\n|j|\u2606Koukougnon\n|t:|1681787236\n|gametype|doubles\n|player|p1|413XPlayz|psychic|\n|player|p2|Koukougnon|workerice|\n|teamsize|p1|6\n|teamsize|p2|6\n|gen|9\n|tier|[Gen 9] VGC 2023 Regulation C\n|rated|Tournament battle\n|rule|Species Clause: Limit one of each Pok\u00e9mon\n|rule|Item Clause: Limit one of each item\n|clearpoke\n|poke|p1|Iron Hands, L50|\n|poke|p1|Amoonguss, L50, F|\n|poke|p1|Pelipper, L50, F|\n|poke|p1|Palafin, L50, F|\n|poke|p1|Baxcalibur, L50, F|\n|poke|p1|Flutter Mane, L50|\n|poke|p2|Palafin, L50, F|\n|poke|p2|Arcanine, L50, M|\n|poke|p2|Amoonguss, L50, F|\n|poke|p2|Flutter Mane, L50|\n|poke|p2|Dragonite, L50, F|\n|poke|p2|Kingambit, L50, F|\n|teampreview|4\n|raw| Open Team Sheet for 413XPlayz<\/summary>Iron Hands @ Assault Vest Ability: Quark Drive Level: 50 Shiny: Yes Tera Type: Grass - Fake Out - Close Combat - Wild Charge - Volt Switch Amoonguss (F) @ Sitrus Berry Ability: Regenerator Level: 50 Tera Type: Steel - Spore - Rage Powder - Pollen Puff - Protect Pelipper (F) @ Focus Sash Ability: Drizzle Level: 50 Tera Type: Flying - Hurricane - Hydro Pump - Tailwind - Protect Palafin (F) @ Mystic Water Ability: Zero to Hero Level: 50 Tera Type: Water - Jet Punch - Wave Crash - Haze - Protect Baxcalibur (F) @ Dragon Fang Ability: Thermal Exchange Level: 50 Tera Type: Poison - Glaive Rush - Ice Shard - Icicle Crash - Protect Flutter Mane @ Booster Energy Ability: Protosynthesis Level: 50 Tera Type: Steel - Moonblast - Shadow Ball - Dazzling Gleam - Protect <\/details><\/div> Open Team Sheet for Koukougnon<\/summary>Palafin @ Mystic Water Ability: Zero to Hero Level: 50 Tera Type: Grass - Wave Crash - Jet Punch - Haze - Protect Arcanine @ Safety Goggles Ability: Intimidate Level: 50 Tera Type: Flying - Flare Blitz - Extreme Speed - Will-O-Wisp - Howl Amoonguss @ Mental Herb Ability: Regenerator Level: 50 Tera Type: Water - Spore - Rage Powder - Pollen Puff - Protect Flutter Mane @ Focus Sash Ability: Protosynthesis Level: 50 Tera Type: Fairy - Moonblast - Shadow Ball - Dazzling Gleam - Protect Dragonite @ Clear Amulet Ability: Multiscale Level: 50 Tera Type: Flying - Tera Blast - Extreme Speed - Stomping Tantrum - Protect Kingambit @ Assault Vest Ability: Defiant Level: 50 Tera Type: Fire - Assurance - Iron Head - Sucker Punch - Low Kick <\/details><\/div>\n|j| Radio Free C-Side\n|j| Wottl3y\n|inactive|Battle timer is ON: inactive players will automatically lose when time's up. (requested by Koukougnon)\n|j| blooperlink123\n|j|%Borghi\n|l| blooperlink123\n|inactive|413XPlayz has 60 seconds left.\n|\n|t:|1681787332\n|start\n|switch|p1a: Baxcalibur|Baxcalibur, L50, F|100\/100\n|switch|p1b: Pelipper|Pelipper, L50, F|100\/100\n|switch|p2a: Flutter Mane|Flutter Mane, L50|100\/100\n|switch|p2b: Dragonite|Dragonite, L50, F|100\/100\n|-weather|RainDance|[from] ability: Drizzle|[of] p1b: Pelipper\n|turn|1\n|inactive|413XPlayz has 30 seconds left.\n|inactive|Koukougnon has 30 seconds left.\n|inactive|Koukougnon has 20 seconds left.\n|inactive|Koukougnon has 15 seconds left.\n|inactive|413XPlayz has 20 seconds left.\n|\n|t:|1681787384\n|switch|p1b: Amoonguss|Amoonguss, L50, F|100\/100\n|switch|p2b: Arcanine|Arcanine, L50, M|100\/100\n|-ability|p2b: Arcanine|Intimidate|boost\n|-unboost|p1a: Baxcalibur|atk|1\n|-unboost|p1b: Amoonguss|atk|1\n|-terastallize|p1a: Baxcalibur|Poison\n|move|p2a: Flutter Mane|Shadow Ball|p1a: Baxcalibur\n|-damage|p1a: Baxcalibur|63\/100\n|move|p1a: Baxcalibur|Icicle Crash|p2a: Flutter Mane\n|-damage|p2a: Flutter Mane|17\/100\n|\n|-weather|RainDance|[upkeep]\n|upkeep\n|turn|2\n|inactive|413XPlayz has 30 seconds left.\n|inactive|Koukougnon has 30 seconds left.\n|\n|t:|1681787418\n|move|p2a: Flutter Mane|Protect|p2a: Flutter Mane\n|-singleturn|p2a: Flutter Mane|Protect\n|move|p2b: Arcanine|Howl|p2b: Arcanine|[spread] p2a,p2b\n|-boost|p2a: Flutter Mane|atk|1\n|-boost|p2b: Arcanine|atk|1\n|move|p1a: Baxcalibur|Glaive Rush|p2b: Arcanine\n|-damage|p2b: Arcanine|30\/100\n|-singlemove|p1a: Baxcalibur|Glaive Rush|[silent]\n|move|p1b: Amoonguss|Pollen Puff|p1a: Baxcalibur\n|-heal|p1a: Baxcalibur|100\/100\n|\n|-weather|RainDance|[upkeep]\n|upkeep\n|turn|3\n|j| Wo-ChienBlend\n|j| blooperlink123\n|inactive|413XPlayz has 30 seconds left.\n|l| blooperlink123\n|inactive|413XPlayz has 20 seconds left.\n|\n|t:|1681787453\n|move|p1a: Baxcalibur|Ice Shard|p2a: Flutter Mane\n|-damage|p2a: Flutter Mane|0 fnt\n|faint|p2a: Flutter Mane\n|-end|p2a: Flutter Mane|Protosynthesis|[silent]\n|move|p2b: Arcanine|Flare Blitz|p1a: Baxcalibur\n|-damage|p1a: Baxcalibur|70\/100\n|-ability|p1a: Baxcalibur|Thermal Exchange|boost\n|-boost|p1a: Baxcalibur|atk|1\n|-damage|p2b: Arcanine|20\/100|[from] Recoil\n|move|p1b: Amoonguss|Spore|p2b: Arcanine\n|-activate|p2b: Arcanine|item: Safety Goggles|Spore\n|\n|-weather|RainDance|[upkeep]\n|upkeep\n|\n|t:|1681787468\n|switch|p2a: Amoonguss|Amoonguss, L50, F|100\/100\n|turn|4\n|\n|t:|1681787490\n|move|p1a: Baxcalibur|Protect|p1a: Baxcalibur\n|-singleturn|p1a: Baxcalibur|Protect\n|move|p1b: Amoonguss|Protect|p1b: Amoonguss\n|-singleturn|p1b: Amoonguss|Protect\n|move|p2b: Arcanine|Flare Blitz|p1b: Amoonguss\n|-activate|p1b: Amoonguss|move: Protect\n|move|p2a: Amoonguss|Spore|p1a: Baxcalibur\n|-activate|p1a: Baxcalibur|move: Protect\n|\n|-weather|RainDance|[upkeep]\n|upkeep\n|turn|5\n|\n|t:|1681787505\n|move|p2a: Amoonguss|Rage Powder|p2a: Amoonguss\n|-singleturn|p2a: Amoonguss|move: Rage Powder\n|move|p2b: Arcanine|Flare Blitz|p1b: Amoonguss\n|-supereffective|p1b: Amoonguss\n|-damage|p1b: Amoonguss|40\/100\n|-enditem|p1b: Amoonguss|Sitrus Berry|[eat]\n|-heal|p1b: Amoonguss|65\/100|[from] item: Sitrus Berry\n|-damage|p2b: Arcanine|0 fnt|[from] Recoil\n|faint|p2b: Arcanine\n|move|p1a: Baxcalibur|Glaive Rush|p2a: Amoonguss\n|-damage|p2a: Amoonguss|27\/100\n|-singlemove|p1a: Baxcalibur|Glaive Rush|[silent]\n|move|p1b: Amoonguss|Pollen Puff|p1a: Baxcalibur\n|-heal|p1a: Baxcalibur|100\/100\n|\n|-weather|none\n|upkeep\n|\n|t:|1681787512\n|switch|p2b: Dragonite|Dragonite, L50, F|100\/100\n|turn|6\n|j| WeirdPolyCouple\n|\n|t:|1681787529\n|switch|p1b: Flutter Mane|Flutter Mane, L50|100\/100\n|-enditem|p1b: Flutter Mane|Booster Energy\n|-activate|p1b: Flutter Mane|ability: Protosynthesis|[fromitem]\n|-start|p1b: Flutter Mane|protosynthesisspa\n|-terastallize|p2b: Dragonite|Flying\n|move|p1a: Baxcalibur|Protect|p1a: Baxcalibur\n|-singleturn|p1a: Baxcalibur|Protect\n|move|p2b: Dragonite|Tera Blast|p1b: Flutter Mane\n|-damage|p1b: Flutter Mane|27\/100\n|move|p2a: Amoonguss|Spore|p1a: Baxcalibur\n|-activate|p1a: Baxcalibur|move: Protect\n|\n|upkeep\n|turn|7\n|inactive|Koukougnon has 30 seconds left.\n|\n|t:|1681787563\n|move|p2a: Amoonguss|Protect|p2a: Amoonguss\n|-singleturn|p2a: Amoonguss|Protect\n|move|p1b: Flutter Mane|Moonblast|p2b: Dragonite\n|-damage|p2b: Dragonite|72\/100\n|move|p1a: Baxcalibur|Glaive Rush|p2a: Amoonguss\n|-activate|p2a: Amoonguss|move: Protect\n|move|p2b: Dragonite|Tera Blast|p1b: Flutter Mane\n|-damage|p1b: Flutter Mane|0 fnt\n|faint|p1b: Flutter Mane\n|-end|p1b: Flutter Mane|Protosynthesis|[silent]\n|\n|upkeep\n|\n|t:|1681787576\n|switch|p1b: Pelipper|Pelipper, L50, F|100\/100\n|-weather|RainDance|[from] ability: Drizzle|[of] p1b: Pelipper\n|turn|8\n|\n|t:|1681787595\n|move|p1b: Pelipper|Hurricane|p2a: Amoonguss\n|-supereffective|p2a: Amoonguss\n|-damage|p2a: Amoonguss|0 fnt\n|faint|p2a: Amoonguss\n|move|p1a: Baxcalibur|Icicle Crash|p2b: Dragonite\n|-supereffective|p2b: Dragonite\n|-damage|p2b: Dragonite|0 fnt\n|faint|p2b: Dragonite\n|\n|win|413XPlayz\n|n|\u2606413XPlayz|413xplayz\n|n|\u2606Koukougnon|koukougnon\n|n| Radio Free C-Side|radiofreecside\n|n| Wottl3y|wottl3y\n|n| Borghi|borghi\n|n| Wo-ChienBlend|wochienblend\n|n| WeirdPolyCouple|weirdpolycouple\n|c|\u2606413XPlayz|gg\n|c|\u2606Koukougnon|l2p\n|l| Radio Free C-Side\n|l| Wottl3y\n|l|\u2606Koukougnon\n|l| Wo-ChienBlend\n|l| Borghi\n","uploadtime":1681787618,"views":5,"p1id":"413xplayz","p2id":"koukougnon","formatid":"gen9vgc2023regulationc","rating":0,"private":0,"password":""}