{"id":"gen9vgc2023regulationc-1862551026","p1":"lordben46","p2":"Yuuuuj","format":"[Gen 9] VGC 2023 Regulation C","log":"|j|\u2606lordben46\n|j|\u2606Yuuuuj\n|t:|1683899953\n|gametype|doubles\n|player|p1|lordben46|170|\n|player|p2|Yuuuuj|169|\n|teamsize|p1|6\n|teamsize|p2|6\n|gen|9\n|tier|[Gen 9] VGC 2023 Regulation C\n|rule|Species Clause: Limit one of each Pok\u00e9mon\n|rule|Item Clause: Limit one of each item\n|clearpoke\n|poke|p1|Tyranitar, L50, F|\n|poke|p1|Gholdengo, L50|\n|poke|p1|Gastrodon, L50, F|\n|poke|p1|Great Tusk, L50|\n|poke|p1|Kingambit, L50, M|\n|poke|p1|Armarouge, L50, M|\n|poke|p2|Gastrodon, L50, F|\n|poke|p2|Amoonguss, L50, F|\n|poke|p2|Garchomp, L50, M|\n|poke|p2|Rotom-Heat, L50|\n|poke|p2|Scizor, L50, M|\n|poke|p2|Honchkrow, L50, M|\n|teampreview|4\n|\n|t:|1683899990\n|start\n|switch|p1a: Tyranitar|Tyranitar, L50, F|100\/100\n|switch|p1b: Kingambit|Kingambit, L50, M|100\/100\n|switch|p2a: Rotom|Rotom-Heat, L50|100\/100\n|switch|p2b: Garchomp|Garchomp, L50, M|100\/100\n|-weather|Sandstorm|[from] ability: Sand Stream|[of] p1a: Tyranitar\n|turn|1\n|\n|t:|1683900015\n|move|p1a: Tyranitar|Protect|p1a: Tyranitar\n|-singleturn|p1a: Tyranitar|Protect\n|move|p1b: Kingambit|Sucker Punch|p2a: Rotom\n|-damage|p2a: Rotom|35\/100\n|-damage|p1b: Kingambit|91\/100|[from] item: Life Orb\n|move|p2b: Garchomp|Swords Dance|p2b: Garchomp\n|-boost|p2b: Garchomp|atk|2\n|move|p2a: Rotom|Discharge|p1a: Tyranitar|[spread] p1b\n|-activate|p1a: Tyranitar|move: Protect\n|-immune|p2b: Garchomp\n|-damage|p1b: Kingambit|63\/100\n|-status|p1b: Kingambit|par\n|-damage|p2a: Rotom|25\/100|[from] item: Life Orb\n|\n|-weather|Sandstorm|[upkeep]\n|-damage|p2a: Rotom|19\/100|[from] Sandstorm\n|upkeep\n|turn|2\n|\n|t:|1683900047\n|-terastallize|p1a: Tyranitar|Flying\n|cant|p1b: Kingambit|par\n|move|p2b: Garchomp|Stomping Tantrum|p1a: Tyranitar\n|-immune|p1a: Tyranitar\n|move|p2a: Rotom|Overheat|p1b: Kingambit\n|-supereffective|p1b: Kingambit\n|-damage|p1b: Kingambit|0 fnt\n|-unboost|p2a: Rotom|spa|2\n|faint|p1b: Kingambit\n|-end|p1b: Kingambit|fallenundefined|[silent]\n|-damage|p2a: Rotom|10\/100|[from] item: Life Orb\n|move|p1a: Tyranitar|Tera Blast|p2b: Garchomp\n|-damage|p2b: Garchomp|54\/100\n|\n|-weather|Sandstorm|[upkeep]\n|-damage|p2a: Rotom|4\/100|[from] Sandstorm\n|-damage|p1a: Tyranitar|95\/100|[from] Sandstorm\n|upkeep\n|\n|t:|1683900065\n|switch|p1b: Great Tusk|Great Tusk, L50|100\/100\n|turn|3\n|\n|t:|1683900085\n|move|p2b: Garchomp|Protect|p2b: Garchomp\n|-singleturn|p2b: Garchomp|Protect\n|move|p1a: Tyranitar|Protect|p1a: Tyranitar\n|-singleturn|p1a: Tyranitar|Protect\n|move|p1b: Great Tusk|Ice Spinner|p2b: Garchomp\n|-activate|p2b: Garchomp|move: Protect\n|move|p2a: Rotom|Discharge|p1a: Tyranitar|[spread] \n|-activate|p2b: Garchomp|move: Protect\n|-activate|p1a: Tyranitar|move: Protect\n|-immune|p1b: Great Tusk\n|\n|-weather|Sandstorm|[upkeep]\n|-damage|p2a: Rotom|0 fnt|[from] Sandstorm\n|-damage|p1a: Tyranitar|89\/100|[from] Sandstorm\n|faint|p2a: Rotom\n|upkeep\n|\n|t:|1683900098\n|switch|p2a: Gastrodon|Gastrodon, L50, F|100\/100\n|turn|4\n|\n|t:|1683900125\n|move|p1b: Great Tusk|Ice Spinner|p2b: Garchomp\n|-supereffective|p2b: Garchomp\n|-damage|p2b: Garchomp|0 fnt\n|-damage|p1b: Great Tusk|88\/100|[from] ability: Rough Skin|[of] p2b: Garchomp\n|faint|p2b: Garchomp\n|move|p1a: Tyranitar|Crunch|p2a: Gastrodon\n|-damage|p2a: Gastrodon|48\/100\n|move|p2a: Gastrodon|Hydro Pump|p1b: Great Tusk\n|-supereffective|p1b: Great Tusk\n|-damage|p1b: Great Tusk|0 fnt\n|faint|p1b: Great Tusk\n|-end|p1b: Great Tusk|Protosynthesis|[silent]\n|\n|-weather|Sandstorm|[upkeep]\n|-damage|p1a: Tyranitar|83\/100|[from] Sandstorm\n|-heal|p2a: Gastrodon|54\/100|[from] item: Leftovers\n|upkeep\n|\n|t:|1683900139\n|switch|p1b: Armarouge|Armarouge, L50, M|100\/100\n|switch|p2b: Honchkrow|Honchkrow, L50, M|100\/100\n|turn|5\n|\n|t:|1683900177\n|move|p1b: Armarouge|Ally Switch|p1b: Armarouge\n|swap|p1b: Armarouge|0|[from] move: Ally Switch\n|move|p2b: Honchkrow|Sucker Punch||[still]\n|-fail|p2b: Honchkrow\n|move|p1b: Tyranitar|Crunch|p2a: Gastrodon\n|-damage|p2a: Gastrodon|1\/100\n|-unboost|p2a: Gastrodon|def|1\n|move|p2a: Gastrodon|Ancient Power|p1b: Tyranitar\n|-supereffective|p1b: Tyranitar\n|-damage|p1b: Tyranitar|51\/100\n|\n|-weather|none\n|-heal|p2a: Gastrodon|7\/100|[from] item: Leftovers\n|upkeep\n|turn|6\n|\n|t:|1683900222\n|move|p2b: Honchkrow|Sucker Punch|p1b: Tyranitar\n|-damage|p1b: Tyranitar|6\/100\n|-enditem|p1b: Tyranitar|Sitrus Berry|[eat]\n|-heal|p1b: Tyranitar|31\/100|[from] item: Sitrus Berry\n|move|p1a: Armarouge|Armor Cannon|p2b: Honchkrow\n|-damage|p2b: Honchkrow|2\/100\n|-unboost|p1a: Armarouge|def|1\n|-unboost|p1a: Armarouge|spd|1\n|move|p1b: Tyranitar|Crunch|p2a: Gastrodon\n|-damage|p2a: Gastrodon|0 fnt\n|faint|p2a: Gastrodon\n|\n|upkeep\n|turn|7\n|\n|t:|1683900245\n|move|p1b: Tyranitar|Protect|p1b: Tyranitar\n|-singleturn|p1b: Tyranitar|Protect\n|move|p2b: Honchkrow|Sucker Punch|p1a: Armarouge\n|-supereffective|p1a: Armarouge\n|-damage|p1a: Armarouge|0 fnt\n|faint|p1a: Armarouge\n|\n|upkeep\n|turn|8\n|c|\u2606Yuuuuj|Gg\n|\n|t:|1683900258\n|move|p2b: Honchkrow|Sucker Punch|p1b: Tyranitar\n|-damage|p1b: Tyranitar|0 fnt\n|faint|p1b: Tyranitar\n|\n|win|Yuuuuj\n|l|\u2606lordben46\n","uploadtime":1683900280,"views":8,"p1id":"lordben46","p2id":"yuuuuj","formatid":"gen9vgc2023regulationc","rating":0,"private":0,"password":""}