{"id":"gen9vgc2023regulationc-1849285905","p1":"Zak-001","p2":"Artmantalo","format":"[Gen 9] VGC 2023 Regulation C","log":"|j|\u2606Zak-001\n|j|\u2606Artmantalo\n|t:|1682181756\n|gametype|doubles\n|player|p1|Zak-001|101|1211\n|player|p2|Artmantalo|buck|1168\n|teamsize|p1|6\n|teamsize|p2|6\n|gen|9\n|tier|[Gen 9] VGC 2023 Regulation C\n|rated|\n|rule|Species Clause: Limit one of each Pok\u00e9mon\n|rule|Item Clause: Limit one of each item\n|clearpoke\n|poke|p1|Chi-Yu, L50|\n|poke|p1|Frosmoth, L50, F|\n|poke|p1|Flutter Mane, L50|\n|poke|p1|Wo-Chien, L50|\n|poke|p1|Scream Tail, L50|\n|poke|p1|Gastrodon, L50, M|\n|poke|p2|Arcanine, L50, M|\n|poke|p2|Flutter Mane, L50|\n|poke|p2|Amoonguss, L50, F|\n|poke|p2|Palafin, L50, M|\n|poke|p2|Gholdengo, L50|\n|poke|p2|Dragonite, L50, F|\n|teampreview|4\n|inactive|Battle timer is ON: inactive players will automatically lose when time's up. (requested by Zak-001)\n|inactive|Artmantalo has 60 seconds left.\n|inactive|Artmantalo has 30 seconds left.\n|inactive|Artmantalo has 20 seconds left.\n|inactive|Artmantalo has 15 seconds left.\n|inactive|Artmantalo has 10 seconds left.\n|\n|t:|1682181839\n|start\n|switch|p1a: Chi-Yu|Chi-Yu, L50|100\/100\n|switch|p1b: Flutter Mane|Flutter Mane, L50|100\/100\n|switch|p2a: Amoonguss|Amoonguss, L50, F|100\/100\n|switch|p2b: Dragonite|Dragonite, L50, F|100\/100\n|-ability|p1a: Chi-Yu|Beads of Ruin\n|turn|1\n|inactive|Artmantalo has 30 seconds left.\n|inactive|Artmantalo has 20 seconds left.\n|\n|t:|1682181876\n|-terastallize|p2a: Amoonguss|Water\n|move|p1b: Flutter Mane|Shadow Ball|p2a: Amoonguss\n|-damage|p2a: Amoonguss|48\/100\n|-enditem|p2a: Amoonguss|Sitrus Berry|[eat]\n|-heal|p2a: Amoonguss|73\/100|[from] item: Sitrus Berry\n|move|p1a: Chi-Yu|Will-O-Wisp|p2b: Dragonite\n|-status|p2b: Dragonite|brn\n|move|p2b: Dragonite|Tailwind|p2b: Dragonite\n|-sidestart|p2: Artmantalo|move: Tailwind\n|move|p2a: Amoonguss|Spore|p1a: Chi-Yu\n|-status|p1a: Chi-Yu|slp|[from] move: Spore\n|\n|-damage|p2b: Dragonite|94\/100 brn|[from] brn\n|upkeep\n|turn|2\n|inactive|Zak-001 has 30 seconds left.\n|inactive|Artmantalo has 30 seconds left.\n|\n|t:|1682181901\n|switch|p2b: Flutter Mane|Flutter Mane, L50|100\/100\n|cant|p1a: Chi-Yu|slp\n|move|p1b: Flutter Mane|Moonblast|p2b: Flutter Mane\n|-damage|p2b: Flutter Mane|24\/100\n|move|p2a: Amoonguss|Spore|p1b: Flutter Mane\n|-status|p1b: Flutter Mane|slp|[from] move: Spore\n|\n|upkeep\n|turn|3\n|\n|t:|1682181923\n|move|p2b: Flutter Mane|Shadow Ball|p1b: Flutter Mane\n|-supereffective|p1b: Flutter Mane\n|-enditem|p1b: Flutter Mane|Focus Sash\n|-damage|p1b: Flutter Mane|1\/100 slp\n|-unboost|p1b: Flutter Mane|spd|1\n|-damage|p2b: Flutter Mane|14\/100|[from] item: Life Orb\n|cant|p1b: Flutter Mane|slp\n|cant|p1a: Chi-Yu|slp\n|move|p2a: Amoonguss|Pollen Puff|p2b: Flutter Mane\n|-heal|p2b: Flutter Mane|64\/100\n|\n|upkeep\n|turn|4\n|inactive|Artmantalo has 30 seconds left.\n|\n|t:|1682181949\n|move|p2b: Flutter Mane|Moonblast|p1a: Chi-Yu\n|-damage|p1a: Chi-Yu|30\/100 slp\n|-damage|p2b: Flutter Mane|54\/100|[from] item: Life Orb\n|-curestatus|p1b: Flutter Mane|slp|[msg]\n|move|p1b: Flutter Mane|Moonblast|p2b: Flutter Mane\n|-damage|p2b: Flutter Mane|0 fnt\n|faint|p2b: Flutter Mane\n|-end|p2b: Flutter Mane|Protosynthesis|[silent]\n|-curestatus|p1a: Chi-Yu|slp|[msg]\n|move|p1a: Chi-Yu|Snarl|p2a: Amoonguss\n|-damage|p2a: Amoonguss|42\/100\n|-unboost|p2a: Amoonguss|spa|1\n|move|p2a: Amoonguss|Pollen Puff|p1b: Flutter Mane\n|-resisted|p1b: Flutter Mane\n|-damage|p1b: Flutter Mane|0 fnt\n|faint|p1b: Flutter Mane\n|-end|p1b: Flutter Mane|Protosynthesis|[silent]\n|\n|-sideend|p2: Artmantalo|move: Tailwind\n|upkeep\n|\n|t:|1682181967\n|switch|p1b: Frosmoth|Frosmoth, L50, F|100\/100\n|switch|p2b: Dragonite|Dragonite, L50, F|94\/100 brn\n|turn|5\n|\n|t:|1682181989\n|switch|p2a: Arcanine|Arcanine, L50, M|100\/100\n|-ability|p2a: Arcanine|Intimidate|boost\n|-unboost|p1a: Chi-Yu|atk|1\n|-unboost|p1b: Frosmoth|atk|1\n|-terastallize|p1b: Frosmoth|Fire\n|move|p1a: Chi-Yu|Protect|p1a: Chi-Yu\n|-singleturn|p1a: Chi-Yu|Protect\n|move|p2b: Dragonite|Protect|p2b: Dragonite\n|-singleturn|p2b: Dragonite|Protect\n|move|p1b: Frosmoth|Ice Beam|p2b: Dragonite\n|-activate|p2b: Dragonite|move: Protect\n|\n|-damage|p2b: Dragonite|88\/100 brn|[from] brn\n|upkeep\n|turn|6\n|inactive|Artmantalo has 30 seconds left.\n|\n|t:|1682182016\n|switch|p1a: Gastrodon|Gastrodon, L50, M|100\/100\n|switch|p2b: Amoonguss|Amoonguss, L50, F, tera:Water|75\/100\n|move|p2a: Arcanine|Howl|p2a: Arcanine|[spread] p2a,p2b\n|-boost|p2a: Arcanine|atk|1\n|-boost|p2b: Amoonguss|atk|1\n|move|p1b: Frosmoth|Quiver Dance|p1b: Frosmoth\n|-boost|p1b: Frosmoth|spa|1\n|-boost|p1b: Frosmoth|spd|1\n|-boost|p1b: Frosmoth|spe|1\n|\n|upkeep\n|turn|7\n|inactive|Artmantalo has 30 seconds left.\n|inactive|Artmantalo has 20 seconds left.\n|inactive|Artmantalo has 15 seconds left.\n|inactive|Artmantalo has 10 seconds left.\n|inactive|Artmantalo has 5 seconds left.\n|\n|t:|1682182068\n|move|p2a: Arcanine|Protect|p2a: Arcanine\n|-singleturn|p2a: Arcanine|Protect\n|move|p1b: Frosmoth|Giga Drain|p2b: Amoonguss\n|-supereffective|p2b: Amoonguss\n|-damage|p2b: Amoonguss|14\/100\n|move|p1a: Gastrodon|Earth Power|p2a: Arcanine\n|-activate|p2a: Arcanine|move: Protect\n|move|p2b: Amoonguss|Spore|p1a: Gastrodon\n|-status|p1a: Gastrodon|slp|[from] move: Spore\n|\n|upkeep\n|turn|8\n|\n|t:|1682182089\n|switch|p2b: Dragonite|Dragonite, L50, F|88\/100 brn\n|move|p2a: Arcanine|Howl|p2a: Arcanine|[spread] p2a,p2b\n|-boost|p2a: Arcanine|atk|1\n|-boost|p2b: Dragonite|atk|1\n|move|p1b: Frosmoth|Ice Beam|p2b: Dragonite\n|-supereffective|p2b: Dragonite\n|-damage|p2b: Dragonite|0 fnt\n|faint|p2b: Dragonite\n|cant|p1a: Gastrodon|slp\n|\n|upkeep\n|c|\u2606Zak-001|gg\n|\n|t:|1682182095\n|switch|p2b: Amoonguss|Amoonguss, L50, F, tera:Water|47\/100\n|turn|9\n|\n|t:|1682182114\n|move|p2b: Amoonguss|Protect|p2b: Amoonguss\n|-singleturn|p2b: Amoonguss|Protect\n|move|p2a: Arcanine|Flare Blitz|p1b: Frosmoth\n|-resisted|p1b: Frosmoth\n|-damage|p1b: Frosmoth|46\/100\n|-damage|p2a: Arcanine|84\/100|[from] Recoil\n|move|p1b: Frosmoth|Giga Drain|p2b: Amoonguss\n|-activate|p2b: Amoonguss|move: Protect\n|cant|p1a: Gastrodon|slp\n|\n|upkeep\n|turn|10\n|\n|t:|1682182130\n|move|p2b: Amoonguss|Protect||[still]\n|-fail|p2b: Amoonguss\n|move|p2a: Arcanine|Flare Blitz|p1b: Frosmoth\n|-resisted|p1b: Frosmoth\n|-damage|p1b: Frosmoth|0 fnt\n|faint|p1b: Frosmoth\n|-damage|p2a: Arcanine|71\/100|[from] Recoil\n|cant|p1a: Gastrodon|slp\n|\n|upkeep\n|\n|t:|1682182139\n|switch|p1b: Chi-Yu|Chi-Yu, L50|30\/100\n|-ability|p1b: Chi-Yu|Beads of Ruin\n|turn|11\n|\n|t:|1682182164\n|move|p2a: Arcanine|Protect|p2a: Arcanine\n|-singleturn|p2a: Arcanine|Protect\n|move|p1b: Chi-Yu|Flamethrower|p2b: Amoonguss\n|-resisted|p2b: Amoonguss\n|-damage|p2b: Amoonguss|22\/100\n|-curestatus|p1a: Gastrodon|slp|[msg]\n|move|p1a: Gastrodon|Earth Power|p2a: Arcanine\n|-activate|p2a: Arcanine|move: Protect\n|move|p2b: Amoonguss|Spore|p1a: Gastrodon\n|-status|p1a: Gastrodon|slp|[from] move: Spore\n|\n|upkeep\n|turn|12\n|inactive|Zak-001 has 30 seconds left.\n|\n|t:|1682182191\n|move|p2b: Amoonguss|Protect|p2b: Amoonguss\n|-singleturn|p2b: Amoonguss|Protect\n|move|p1b: Chi-Yu|Flamethrower|p2b: Amoonguss\n|-activate|p2b: Amoonguss|move: Protect\n|move|p2a: Arcanine|Flare Blitz|p1b: Chi-Yu\n|-resisted|p1b: Chi-Yu\n|-damage|p1b: Chi-Yu|0 fnt\n|faint|p1b: Chi-Yu\n|-damage|p2a: Arcanine|63\/100|[from] Recoil\n|cant|p1a: Gastrodon|slp\n|\n|upkeep\n|turn|13\n|\n|t:|1682182214\n|move|p2b: Amoonguss|Rage Powder|p2b: Amoonguss\n|-singleturn|p2b: Amoonguss|move: Rage Powder\n|move|p2a: Arcanine|Flare Blitz|p1a: Gastrodon\n|-resisted|p1a: Gastrodon\n|-damage|p1a: Gastrodon|45\/100 slp\n|-damage|p2a: Arcanine|43\/100|[from] Recoil\n|cant|p1a: Gastrodon|slp\n|\n|upkeep\n|turn|14\n|\n|t:|1682182225\n|move|p2b: Amoonguss|Rage Powder|p2b: Amoonguss\n|-singleturn|p2b: Amoonguss|move: Rage Powder\n|move|p2a: Arcanine|Flare Blitz|p1a: Gastrodon\n|-resisted|p1a: Gastrodon\n|-damage|p1a: Gastrodon|0 fnt\n|faint|p1a: Gastrodon\n|-damage|p2a: Arcanine|26\/100|[from] Recoil\n|\n|win|Artmantalo\n|raw|Zak-001's rating: 1211 → 1183<\/strong> (-28 for losing)\n|raw|Artmantalo's rating: 1168 → 1196<\/strong> (+28 for winning)\n|c|\u2606Artmantalo|Hahahaha gg\n|l|\u2606Zak-001\n","uploadtime":1682182253,"views":6,"p1id":"zak001","p2id":"artmantalo","formatid":"gen9vgc2023regulationc","rating":1183,"private":0,"password":""}