{"id":"gen9vgc2023regulationc-1857185901","p1":"NicoHaxVGC","p2":"Cdogp","format":"[Gen 9] VGC 2023 Regulation C","log":"|j|\u2606NicoHaxVGC\n|j|\u2606Cdogp\n|t:|1683155399\n|gametype|doubles\n|player|p1|NicoHaxVGC|red|1366\n|player|p2|Cdogp|wattson|1258\n|teamsize|p1|6\n|teamsize|p2|6\n|gen|9\n|tier|[Gen 9] VGC 2023 Regulation C\n|rated|\n|rule|Species Clause: Limit one of each Pok\u00e9mon\n|rule|Item Clause: Limit one of each item\n|clearpoke\n|poke|p1|Corviknight, L50, F|\n|poke|p1|Ting-Lu, L50|\n|poke|p1|Annihilape, L50, M|\n|poke|p1|Maushold, L50|\n|poke|p1|Iron Bundle, L50|\n|poke|p1|Flutter Mane, L50|\n|poke|p2|Kingambit, L50, F|\n|poke|p2|Flutter Mane, L50|\n|poke|p2|Chi-Yu, L50|\n|poke|p2|Amoonguss, L50, F|\n|poke|p2|Dragonite, L50, F|\n|poke|p2|Arcanine, L50, F|\n|teampreview|4\n|inactive|Battle timer is ON: inactive players will automatically lose when time's up. (requested by Cdogp)\n|inactive|NicoHaxVGC also wants the timer to be on.\n|\n|t:|1683155418\n|start\n|switch|p1a: Raven|Corviknight, L50, F|100\/100\n|switch|p1b: Beast boy|Ting-Lu, L50|100\/100\n|switch|p2a: Flutter Mane|Flutter Mane, L50|100\/100\n|switch|p2b: Dragonite|Dragonite, L50, F|100\/100\n|-ability|p1b: Beast boy|Vessel of Ruin\n|-enditem|p2a: Flutter Mane|Booster Energy\n|-activate|p2a: Flutter Mane|ability: Protosynthesis|[fromitem]\n|-start|p2a: Flutter Mane|protosynthesisspe\n|turn|1\n|\n|t:|1683155441\n|-terastallize|p2b: Dragonite|Normal\n|-terastallize|p1a: Raven|Fire\n|move|p2b: Dragonite|Extreme Speed|p1b: Beast boy\n|-damage|p1b: Beast boy|76\/100\n|move|p2a: Flutter Mane|Moonblast|p1b: Beast boy\n|-supereffective|p1b: Beast boy\n|-damage|p1b: Beast boy|40\/100\n|move|p1a: Raven|Iron Head|p2a: Flutter Mane\n|-supereffective|p2a: Flutter Mane\n|-damage|p2a: Flutter Mane|0 fnt\n|faint|p2a: Flutter Mane\n|-end|p2a: Flutter Mane|Protosynthesis|[silent]\n|move|p1b: Beast boy|Ruination|p2b: Dragonite\n|-damage|p2b: Dragonite|51\/100\n|\n|upkeep\n|\n|t:|1683155452\n|switch|p2a: Chi-Yu|Chi-Yu, L50|100\/100\n|-ability|p2a: Chi-Yu|Beads of Ruin\n|turn|2\n|\n|t:|1683155470\n|move|p2a: Chi-Yu|Dark Pulse|p1a: Raven\n|-damage|p1a: Raven|50\/100\n|-damage|p2a: Chi-Yu|90\/100|[from] item: Life Orb\n|move|p2b: Dragonite|Low Kick|p1b: Beast boy\n|-supereffective|p1b: Beast boy\n|-damage|p1b: Beast boy|0 fnt\n|faint|p1b: Beast boy\n|move|p1a: Raven|Brave Bird|p2a: Chi-Yu\n|-damage|p2a: Chi-Yu|25\/100\n|-damage|p1a: Raven|36\/100|[from] Recoil\n|\n|upkeep\n|\n|t:|1683155490\n|switch|p1b: Cyborg|Iron Bundle, L50|100\/100\n|-enditem|p1b: Cyborg|Booster Energy\n|-activate|p1b: Cyborg|ability: Quark Drive|[fromitem]\n|-start|p1b: Cyborg|quarkdrivespe\n|turn|3\n|inactive|Cdogp has 30 seconds left.\n|\n|t:|1683155517\n|move|p2a: Chi-Yu|Protect|p2a: Chi-Yu\n|-singleturn|p2a: Chi-Yu|Protect\n|move|p2b: Dragonite|Extreme Speed|p1b: Cyborg\n|-damage|p1b: Cyborg|54\/100\n|move|p1b: Cyborg|Hydro Pump|p2a: Chi-Yu\n|-activate|p2a: Chi-Yu|move: Protect\n|move|p1a: Raven|Roost|p1a: Raven\n|-heal|p1a: Raven|86\/100\n|\n|upkeep\n|turn|4\n|inactive|NicoHaxVGC has 30 seconds left.\n|\n|t:|1683155549\n|switch|p2a: Kingambit|Kingambit, L50, F, shiny|100\/100\n|move|p2b: Dragonite|Extreme Speed|p1b: Cyborg\n|-damage|p1b: Cyborg|3\/100\n|move|p1b: Cyborg|Freeze-Dry|p2b: Dragonite\n|-damage|p2b: Dragonite|22\/100\n|-status|p2b: Dragonite|frz\n|-enditem|p2b: Dragonite|Lum Berry|[eat]\n|-curestatus|p2b: Dragonite|frz|[msg]\n|move|p1a: Raven|Brave Bird|p2a: Kingambit\n|-resisted|p2a: Kingambit\n|-damage|p2a: Kingambit|83\/100\n|-damage|p1a: Raven|80\/100|[from] Recoil\n|\n|upkeep\n|turn|5\n|inactive|NicoHaxVGC has 30 seconds left.\n|\n|t:|1683155577\n|-end|p1b: Cyborg|Quark Drive|[silent]\n|switch|p1b: Star fire|Flutter Mane, L50|100\/100\n|move|p2b: Dragonite|Extreme Speed|p1a: Raven\n|-damage|p1a: Raven|40\/100\n|move|p2a: Kingambit|Sucker Punch||[still]\n|-fail|p2a: Kingambit\n|move|p1a: Raven|Brave Bird|p2b: Dragonite\n|-damage|p2b: Dragonite|0 fnt\n|faint|p2b: Dragonite\n|-damage|p1a: Raven|33\/100|[from] Recoil\n|\n|upkeep\n|\n|t:|1683155580\n|switch|p2b: Chi-Yu|Chi-Yu, L50|25\/100\n|-ability|p2b: Chi-Yu|Beads of Ruin\n|turn|6\n|\n|t:|1683155597\n|move|p2b: Chi-Yu|Protect|p2b: Chi-Yu\n|-singleturn|p2b: Chi-Yu|Protect\n|move|p1b: Star fire|Dazzling Gleam|p2b: Chi-Yu|[spread] p2a\n|-activate|p2b: Chi-Yu|move: Protect\n|-damage|p2a: Kingambit|40\/100\n|move|p1a: Raven|Roost|p1a: Raven\n|-heal|p1a: Raven|83\/100\n|move|p2a: Kingambit|Iron Head|p1b: Star fire\n|-supereffective|p1b: Star fire\n|-damage|p1b: Star fire|0 fnt\n|faint|p1b: Star fire\n|-end|p1b: Star fire|Protosynthesis|[silent]\n|\n|upkeep\n|\n|t:|1683155609\n|switch|p1b: Cyborg|Iron Bundle, L50|3\/100\n|turn|7\n|\n|t:|1683155615\n|move|p1b: Cyborg|Protect|p1b: Cyborg\n|-singleturn|p1b: Cyborg|Protect\n|move|p2a: Kingambit|Sucker Punch||[still]\n|-fail|p2a: Kingambit\n|move|p2b: Chi-Yu|Dark Pulse|p1a: Raven\n|-damage|p1a: Raven|15\/100\n|-damage|p2b: Chi-Yu|15\/100|[from] item: Life Orb\n|cant|p1a: Raven|flinch\n|\n|upkeep\n|turn|8\n|c|\u2606NicoHaxVGC|oh no\n|\n|t:|1683155638\n|move|p1b: Cyborg|Protect||[still]\n|-fail|p1b: Cyborg\n|move|p2a: Kingambit|Sucker Punch||[still]\n|-fail|p2a: Kingambit\n|move|p2b: Chi-Yu|Dark Pulse|p1a: Raven\n|-damage|p1a: Raven|0 fnt\n|faint|p1a: Raven\n|-damage|p2b: Chi-Yu|5\/100|[from] item: Life Orb\n|\n|upkeep\n|turn|9\n|\n|t:|1683155646\n|move|p1b: Cyborg|Protect|p1b: Cyborg\n|-singleturn|p1b: Cyborg|Protect\n|move|p2a: Kingambit|Sucker Punch||[still]\n|-fail|p2a: Kingambit\n|move|p2b: Chi-Yu|Dark Pulse|p1b: Cyborg\n|-activate|p1b: Cyborg|move: Protect\n|\n|upkeep\n|turn|10\n|\n|t:|1683155654\n|move|p1b: Cyborg|Protect||[still]\n|-fail|p1b: Cyborg\n|move|p2a: Kingambit|Sucker Punch||[still]\n|-fail|p2a: Kingambit\n|move|p2b: Chi-Yu|Dark Pulse|p1b: Cyborg\n|-damage|p1b: Cyborg|0 fnt\n|faint|p1b: Cyborg\n|-end|p1b: Cyborg|Quark Drive|[silent]\n|-damage|p2b: Chi-Yu|0 fnt|[from] item: Life Orb\n|faint|p2b: Chi-Yu\n|\n|win|Cdogp\n|raw|NicoHaxVGC's rating: 1366 → 1341<\/strong> (-25 for losing)\n|raw|Cdogp's rating: 1286 → 1317<\/strong> (+31 for winning)\n|c|\u2606NicoHaxVGC|gg\n","uploadtime":1683155666,"views":9,"p1id":"nicohaxvgc","p2id":"cdogp","formatid":"gen9vgc2023regulationc","rating":1317,"private":0,"password":""}