{"id":"gen9vgc2023regulationc-1849455500","p1":"The Silent Fin","p2":"Jrdog","format":"[Gen 9] VGC 2023 Regulation C","log":"|j|\u2606The Silent Fin\n|j|\u2606Jrdog\n|t:|1682200458\n|gametype|doubles\n|player|p1|The Silent Fin|dawn-gen4pt|1083\n|player|p2|Jrdog|2|1136\n|teamsize|p1|6\n|teamsize|p2|6\n|gen|9\n|tier|[Gen 9] VGC 2023 Regulation C\n|rated|\n|rule|Species Clause: Limit one of each Pok\u00e9mon\n|rule|Item Clause: Limit one of each item\n|clearpoke\n|poke|p1|Lilligant, L50, F|\n|poke|p1|Arcanine, L50, M|\n|poke|p1|Kilowattrel, L50, F|\n|poke|p1|Roaring Moon, L50|\n|poke|p1|Glimmora, L50, F|\n|poke|p1|Meowscarada, L50, F|\n|poke|p2|Eelektross, L50, M|\n|poke|p2|Pincurchin, L50, M|\n|poke|p2|Indeedee-F, L50, F|\n|poke|p2|Armarouge, L50, M|\n|poke|p2|Mimikyu, L50, M|\n|poke|p2|Iron Bundle, L50|\n|teampreview|4\n|\n|t:|1682200505\n|start\n|switch|p1a: Glimmora|Glimmora, L50, F, shiny|100\/100\n|switch|p1b: Lilligant|Lilligant, L50, F, shiny|100\/100\n|switch|p2a: Pincurchin|Pincurchin, L50, M, shiny|100\/100\n|switch|p2b: Mimikyu|Mimikyu, L50, M, shiny|100\/100\n|-fieldstart|move: Electric Terrain|[from] ability: Electric Surge|[of] p2a: Pincurchin\n|turn|1\n|\n|t:|1682200539\n|move|p1b: Lilligant|Quiver Dance|p1b: Lilligant\n|-boost|p1b: Lilligant|spa|1\n|-boost|p1b: Lilligant|spd|1\n|-boost|p1b: Lilligant|spe|1\n|move|p1a: Glimmora|Power Gem|p2b: Mimikyu\n|-activate|p2b: Mimikyu|ability: Disguise\n|-damage|p2b: Mimikyu|100\/100\n|detailschange|p2b: Mimikyu|Mimikyu-Busted, L50, M, shiny\n|-damage|p2b: Mimikyu|88\/100|[from] pokemon: Mimikyu-Busted\n|move|p2a: Pincurchin|Poison Jab|p1b: Lilligant\n|-supereffective|p1b: Lilligant\n|-damage|p1b: Lilligant|54\/100\n|move|p2b: Mimikyu|Trick Room|p2b: Mimikyu\n|-fieldstart|move: Trick Room|[of] p2b: Mimikyu\n|\n|upkeep\n|turn|2\n|\n|t:|1682200573\n|-terastallize|p1b: Lilligant|Electric\n|move|p2a: Pincurchin|Poison Jab|p1b: Lilligant\n|-damage|p1b: Lilligant|30\/100\n|move|p2b: Mimikyu|Taunt|p1a: Glimmora\n|-start|p1a: Glimmora|move: Taunt\n|move|p1a: Glimmora|Power Gem|p2a: Pincurchin\n|-damage|p2a: Pincurchin|73\/100\n|move|p1b: Lilligant|Energy Ball|p2a: Pincurchin\n|-damage|p2a: Pincurchin|25\/100\n|\n|upkeep\n|turn|3\n|\n|t:|1682200629\n|move|p2a: Pincurchin|Liquidation|p1b: Lilligant\n|-damage|p1b: Lilligant|1\/100\n|move|p2b: Mimikyu|Play Rough|p1b: Lilligant\n|-damage|p1b: Lilligant|0 fnt\n|faint|p1b: Lilligant\n|move|p1a: Glimmora|Power Gem|p2a: Pincurchin\n|-damage|p2a: Pincurchin|0 fnt\n|faint|p2a: Pincurchin\n|\n|upkeep\n|\n|t:|1682200646\n|switch|p2a: Eelektross|Eelektross, L50, M, shiny|100\/100\n|switch|p1b: Roaring Moon|Roaring Moon, L50, shiny|100\/100\n|-enditem|p2a: Eelektross|Electric Seed\n|-boost|p2a: Eelektross|def|1|[from] item: Electric Seed\n|-enditem|p1b: Roaring Moon|Booster Energy\n|-activate|p1b: Roaring Moon|ability: Protosynthesis|[fromitem]\n|-start|p1b: Roaring Moon|protosynthesisatk\n|turn|4\n|\n|t:|1682200675\n|move|p1b: Roaring Moon|Protect|p1b: Roaring Moon\n|-singleturn|p1b: Roaring Moon|Protect\n|move|p2a: Eelektross|Wild Charge|p1a: Glimmora\n|-crit|p1a: Glimmora\n|-damage|p1a: Glimmora|52\/100\n|-activate|p1a: Glimmora|ability: Toxic Debris\n|-sidestart|p2: Jrdog|move: Toxic Spikes\n|-damage|p2a: Eelektross|87\/100|[from] Recoil\n|move|p2b: Mimikyu|Play Rough|p1b: Roaring Moon\n|-activate|p1b: Roaring Moon|move: Protect\n|move|p1a: Glimmora|Power Gem|p2b: Mimikyu\n|-damage|p2b: Mimikyu|54\/100\n|\n|-end|p1a: Glimmora|move: Taunt\n|upkeep\n|turn|5\n|\n|t:|1682200707\n|move|p1a: Glimmora|Spiky Shield|p1a: Glimmora\n|-singleturn|p1a: Glimmora|move: Protect\n|move|p2a: Eelektross|Wild Charge|p1a: Glimmora\n|-activate|p1a: Glimmora|move: Protect\n|-damage|p2a: Eelektross|74\/100|[from] Spiky Shield|[of] p1a: Glimmora\n|move|p2b: Mimikyu|Play Rough|p1b: Roaring Moon\n|-supereffective|p1b: Roaring Moon\n|-damage|p1b: Roaring Moon|0 fnt\n|faint|p1b: Roaring Moon\n|-end|p1b: Roaring Moon|Protosynthesis|[silent]\n|\n|-fieldend|move: Trick Room\n|-fieldend|move: Electric Terrain\n|upkeep\n|\n|t:|1682200717\n|switch|p1b: Meowscarada|Meowscarada, L50, F, shiny|100\/100\n|turn|6\n|\n|t:|1682200743\n|move|p1b: Meowscarada|Flower Trick|p2b: Mimikyu\n|-crit|p2b: Mimikyu\n|-damage|p2b: Mimikyu|0 fnt\n|faint|p2b: Mimikyu\n|-damage|p1b: Meowscarada|91\/100|[from] item: Life Orb\n|move|p1a: Glimmora|Power Gem|p2a: Eelektross\n|-damage|p2a: Eelektross|40\/100\n|move|p2a: Eelektross|U-turn|p1b: Meowscarada\n|-supereffective|p1b: Meowscarada\n|-damage|p1b: Meowscarada|0 fnt\n|faint|p1b: Meowscarada\n|\n|t:|1682200753\n|switch|p2a: Armarouge|Armarouge, L50, M, shiny|100\/100|[from] U-turn\n|-status|p2a: Armarouge|psn\n|\n|-damage|p2a: Armarouge|88\/100 psn|[from] psn\n|upkeep\n|\n|t:|1682200755\n|switch|p2b: Eelektross|Eelektross, L50, M, shiny|40\/100\n|turn|7\n|\n|t:|1682200766\n|-terastallize|p2a: Armarouge|Grass\n|move|p1a: Glimmora|Spiky Shield|p1a: Glimmora\n|-singleturn|p1a: Glimmora|move: Protect\n|move|p2b: Eelektross|Wild Charge|p1a: Glimmora\n|-activate|p1a: Glimmora|move: Protect\n|-damage|p2b: Eelektross|28\/100|[from] Spiky Shield|[of] p1a: Glimmora\n|move|p2a: Armarouge|Trick Room|p2a: Armarouge\n|-fieldstart|move: Trick Room|[of] p2a: Armarouge\n|\n|-damage|p2a: Armarouge|76\/100 psn|[from] psn\n|upkeep\n|turn|8\n|c|\u2606Jrdog|gg\n|\n|t:|1682200780\n|move|p2b: Eelektross|Wild Charge|p1a: Glimmora\n|-damage|p1a: Glimmora|19\/100\n|-activate|p1a: Glimmora|ability: Toxic Debris\n|-sidestart|p2: Jrdog|move: Toxic Spikes\n|-enditem|p1a: Glimmora|Aguav Berry|[eat]\n|-heal|p1a: Glimmora|53\/100|[from] item: Aguav Berry\n|-damage|p2b: Eelektross|19\/100|[from] Recoil\n|move|p2a: Armarouge|Expanding Force|p1a: Glimmora\n|-supereffective|p1a: Glimmora\n|-damage|p1a: Glimmora|0 fnt\n|faint|p1a: Glimmora\n|-damage|p2a: Armarouge|66\/100 psn|[from] item: Life Orb\n|\n|win|Jrdog\n|raw|The Silent Fin's rating: 1083 → 1064<\/strong> (-19 for losing)\n|raw|Jrdog's rating: 1136 → 1157<\/strong> (+21 for winning)\n|l|\u2606The Silent Fin\n","uploadtime":1682200800,"views":12,"p1id":"thesilentfin","p2id":"jrdog","formatid":"gen9vgc2023regulationc","rating":1064,"private":0,"password":""}