{"id":"gen9vgc2023regulationc-1848884003","p1":"blooperlink123","p2":"Dusk_Volca","format":"[Gen 9] VGC 2023 Regulation C","log":"|j|\u2606blooperlink123\n|j|\u2606Dusk_Volca\n|t:|1682121611\n|gametype|doubles\n|player|p1|blooperlink123|266|\n|player|p2|Dusk_Volca|unknown|\n|teamsize|p1|6\n|teamsize|p2|6\n|gen|9\n|tier|[Gen 9] VGC 2023 Regulation C\n|rule|Species Clause: Limit one of each Pok\u00e9mon\n|rule|Item Clause: Limit one of each item\n|clearpoke\n|poke|p1|Ceruledge, L50, F|\n|poke|p1|Iron Valiant, L50|\n|poke|p1|Ting-Lu, L50|\n|poke|p1|Iron Bundle, L50|\n|poke|p1|Flutter Mane, L50|\n|poke|p1|Amoonguss, L50, F|\n|poke|p2|Amoonguss, L50, F|\n|poke|p2|Flutter Mane, L50|\n|poke|p2|Dragonite, L50, F|\n|poke|p2|Iron Hands, L50|\n|poke|p2|Chien-Pao, L50|\n|poke|p2|Chi-Yu, L50|\n|teampreview|4\nblooperlink123 has agreed to open team sheets.\nDusk_Volca has agreed to open team sheets.\n|\n|t:|1682121749\n|start\n|switch|p1a: Vergil|Ceruledge, L50, F|100\/100\n|switch|p1b: Camp Lazzlo|Ting-Lu, L50|100\/100\n|switch|p2a: only cans|Iron Hands, L50, shiny|100\/100\n|switch|p2b: graveyard keeper|Flutter Mane, L50, shiny|100\/100\n|-ability|p1b: Camp Lazzlo|Vessel of Ruin\n|turn|1\n|\n|t:|1682121882\n|-terastallize|p1a: Vergil|Grass\n|move|p2a: only cans|Fake Out|p1b: Camp Lazzlo\n|-damage|p1b: Camp Lazzlo|90\/100\n|move|p2b: graveyard keeper|Shadow Ball|p1a: Vergil\n|-damage|p1a: Vergil|59\/100\n|move|p1a: Vergil|Bulk Up|p1a: Vergil\n|-boost|p1a: Vergil|atk|1\n|-boost|p1a: Vergil|def|1\n|cant|p1b: Camp Lazzlo|flinch\n|\n|upkeep\n|turn|2\n|\n|t:|1682121953\n|switch|p1b: Alpha Misdreavus|Flutter Mane, L50|100\/100\n|move|p2b: graveyard keeper|Shadow Ball|p1a: Vergil\n|-damage|p1a: Vergil|0 fnt\n|faint|p1a: Vergil\n|move|p2a: only cans|Volt Switch|p1b: Alpha Misdreavus\n|-damage|p1b: Alpha Misdreavus|87\/100\n|\n|t:|1682121978\n|-end|p2a: only cans|Quark Drive|[silent]\n|switch|p2a: superhot vr|Chi-Yu, L50|100\/100|[from] Volt Switch\n|-ability|p2a: superhot vr|Beads of Ruin\n|\n|upkeep\n|\n|t:|1682121993\n|switch|p1a: Club Penguin|Iron Bundle, L50, shiny|100\/100\n|-enditem|p1a: Club Penguin|Booster Energy\n|-activate|p1a: Club Penguin|ability: Quark Drive|[fromitem]\n|-start|p1a: Club Penguin|quarkdrivespe\n|turn|3\n|\n|t:|1682122034\n|-terastallize|p2a: superhot vr|Dark\n|move|p1a: Club Penguin|Hydro Pump|p2a: superhot vr\n|-crit|p2a: superhot vr\n|-damage|p2a: superhot vr|5\/100\n|move|p2a: superhot vr|Snarl|p1b: Alpha Misdreavus|[spread] p1a,p1b\n|-damage|p1a: Club Penguin|3\/100\n|-damage|p1b: Alpha Misdreavus|39\/100\n|-unboost|p1a: Club Penguin|spa|1\n|-unboost|p1b: Alpha Misdreavus|spa|1\n|move|p1b: Alpha Misdreavus|Shadow Ball|p2b: graveyard keeper\n|-supereffective|p2b: graveyard keeper\n|-damage|p2b: graveyard keeper|12\/100\n|move|p2b: graveyard keeper|Shadow Ball|p1b: Alpha Misdreavus\n|-supereffective|p1b: Alpha Misdreavus\n|-damage|p1b: Alpha Misdreavus|0 fnt\n|faint|p1b: Alpha Misdreavus\n|-end|p1b: Alpha Misdreavus|Protosynthesis|[silent]\n|\n|upkeep\n|\n|t:|1682122045\n|switch|p1b: Camp Lazzlo|Ting-Lu, L50|90\/100\n|-ability|p1b: Camp Lazzlo|Vessel of Ruin\n|turn|4\n|\n|t:|1682122076\n|-end|p2b: graveyard keeper|Protosynthesis|[silent]\n|switch|p2b: only cans|Iron Hands, L50, shiny|100\/100\n|move|p1a: Club Penguin|Icy Wind|p2b: only cans|[spread] p2a\n|-miss|p1a: Club Penguin|p2b: only cans\n|-damage|p2a: superhot vr|0 fnt\n|faint|p2a: superhot vr\n|move|p1b: Camp Lazzlo|Stomping Tantrum|p2b: only cans\n|-supereffective|p2b: only cans\n|-damage|p2b: only cans|43\/100\n|\n|upkeep\n|\n|t:|1682122085\n|switch|p2a: elden ring|Dragonite, L50, F, shiny|100\/100\n|turn|5\n|\n|t:|1682122131\n|move|p1a: Club Penguin|Protect|p1a: Club Penguin\n|-singleturn|p1a: Club Penguin|Protect\n|move|p2b: only cans|Fake Out|p1b: Camp Lazzlo\n|-damage|p1b: Camp Lazzlo|81\/100\n|move|p2a: elden ring|Extreme Speed|p1a: Club Penguin\n|-activate|p1a: Club Penguin|move: Protect\n|cant|p1b: Camp Lazzlo|flinch\n|\n|upkeep\n|turn|6\n|\n|t:|1682122151\n|move|p1a: Club Penguin|Protect||[still]\n|-fail|p1a: Club Penguin\n|move|p2a: elden ring|Extreme Speed|p1a: Club Penguin\n|-damage|p1a: Club Penguin|0 fnt\n|faint|p1a: Club Penguin\n|-end|p1a: Club Penguin|Quark Drive|[silent]\n|move|p2b: only cans|Drain Punch|p1b: Camp Lazzlo\n|-supereffective|p1b: Camp Lazzlo\n|-damage|p1b: Camp Lazzlo|22\/100\n|-heal|p2b: only cans|73\/100|[from] drain|[of] p1b: Camp Lazzlo\n|move|p1b: Camp Lazzlo|Stomping Tantrum|p2b: only cans\n|-supereffective|p2b: only cans\n|-damage|p2b: only cans|0 fnt\n|faint|p2b: only cans\n|-end|p2b: only cans|Quark Drive|[silent]\n|\n|upkeep\n|\n|t:|1682122164\n|switch|p2b: graveyard keeper|Flutter Mane, L50, shiny|12\/100\n|turn|7\n|\n|t:|1682122174\n|move|p2a: elden ring|Extreme Speed|p1b: Camp Lazzlo\n|-damage|p1b: Camp Lazzlo|2\/100\n|move|p2b: graveyard keeper|Moonblast|p1b: Camp Lazzlo\n|-supereffective|p1b: Camp Lazzlo\n|-damage|p1b: Camp Lazzlo|0 fnt\n|faint|p1b: Camp Lazzlo\n|\n|win|Dusk_Volca\n|l|\u2606blooperlink123\n","uploadtime":1682122179,"views":11,"p1id":"blooperlink123","p2id":"duskvolca","formatid":"gen9vgc2023regulationc","rating":0,"private":0,"password":""}