{"id":"gen9vgc2023regulationc-1847400280","p1":"SamueltheFox","p2":"Flowers28","format":"[Gen 9] VGC 2023 Regulation C","log":"|j|\u2606SamueltheFox\n|j|\u2606Flowers28\n|t:|1681950691\n|gametype|doubles\n|player|p1|SamueltheFox|265|1000\n|player|p2|Flowers28|acetrainer-gen4dp|1076\n|teamsize|p1|6\n|teamsize|p2|6\n|gen|9\n|tier|[Gen 9] VGC 2023 Regulation C\n|rated|\n|rule|Species Clause: Limit one of each Pok\u00e9mon\n|rule|Item Clause: Limit one of each item\n|clearpoke\n|poke|p1|Meowscarada, L50, F|\n|poke|p1|Corviknight, L50, F|\n|poke|p1|Glimmora, L50, M|\n|poke|p1|Arcanine, L50, M|\n|poke|p1|Flutter Mane, L50|\n|poke|p1|Iron Bundle, L50|\n|poke|p2|Maushold-Four, L50|\n|poke|p2|Lucario, L50, M|\n|poke|p2|Amoonguss, L50, M|\n|poke|p2|Arcanine, L50, M|\n|poke|p2|Flutter Mane, L50|\n|poke|p2|Garchomp, L50, M|\n|teampreview|4\n|\n|t:|1681950712\n|start\n|switch|p1a: Arcanine|Arcanine, L50, M|100\/100\n|switch|p1b: Corviknight|Corviknight, L50, F|100\/100\n|switch|p2a: Arcanine|Arcanine, L50, M|100\/100\n|switch|p2b: Garchomp|Garchomp, L50, M|100\/100\n|-ability|p1a: Arcanine|Intimidate|boost\n|-unboost|p2a: Arcanine|atk|1\n|-unboost|p2b: Garchomp|atk|1\n|-ability|p2a: Arcanine|Intimidate|boost\n|-unboost|p1a: Arcanine|atk|1\n|-ability|p1b: Corviknight|Mirror Armor\n|-unboost|p2a: Arcanine|atk|1\n|turn|1\n|\n|t:|1681950734\n|move|p2b: Garchomp|Protect|p2b: Garchomp\n|-singleturn|p2b: Garchomp|Protect\n|move|p2a: Arcanine|Howl|p2a: Arcanine|[spread] p2a,p2b\n|-boost|p2a: Arcanine|atk|1\n|-boost|p2b: Garchomp|atk|1\n|move|p1a: Arcanine|Will-O-Wisp|p2b: Garchomp\n|-activate|p2b: Garchomp|move: Protect\n|move|p1b: Corviknight|Tailwind|p1b: Corviknight\n|-sidestart|p1: SamueltheFox|move: Tailwind\n|\n|upkeep\n|turn|2\n|\n|t:|1681950752\n|-terastallize|p2b: Garchomp|Fire\n|move|p1b: Corviknight|Protect|p1b: Corviknight\n|-singleturn|p1b: Corviknight|Protect\n|move|p1a: Arcanine|Will-O-Wisp|p2b: Garchomp\n|-immune|p2b: Garchomp\n|move|p2b: Garchomp|Stomping Tantrum|p1a: Arcanine\n|-supereffective|p1a: Arcanine\n|-damage|p1a: Arcanine|11\/100\n|move|p2a: Arcanine|Howl|p2a: Arcanine|[spread] p2a,p2b\n|-boost|p2a: Arcanine|atk|1\n|-boost|p2b: Garchomp|atk|1\n|\n|upkeep\n|turn|3\n|\n|t:|1681950797\n|switch|p1a: Iron Bundle|Iron Bundle, L50|100\/100\n|-enditem|p1a: Iron Bundle|Booster Energy\n|-activate|p1a: Iron Bundle|ability: Quark Drive|[fromitem]\n|-start|p1a: Iron Bundle|quarkdrivespe\n|move|p1b: Corviknight|Iron Head|p2b: Garchomp\n|-resisted|p2b: Garchomp\n|-damage|p2b: Garchomp|87\/100\n|-damage|p1b: Corviknight|88\/100|[from] ability: Rough Skin|[of] p2b: Garchomp\n|move|p2b: Garchomp|Fire Fang|p1b: Corviknight\n|-supereffective|p1b: Corviknight\n|-damage|p1b: Corviknight|11\/100\n|-enditem|p1b: Corviknight|Sitrus Berry|[eat]\n|-heal|p1b: Corviknight|36\/100|[from] item: Sitrus Berry\n|move|p2a: Arcanine|Flare Blitz|p1a: Iron Bundle\n|-damage|p1a: Iron Bundle|40\/100\n|-status|p1a: Iron Bundle|brn\n|-damage|p2a: Arcanine|87\/100|[from] Recoil\n|\n|-damage|p1a: Iron Bundle|34\/100 brn|[from] brn\n|upkeep\n|turn|4\n|\n|t:|1681950852\n|move|p1b: Corviknight|Protect|p1b: Corviknight\n|-singleturn|p1b: Corviknight|Protect\n|move|p2b: Garchomp|Protect|p2b: Garchomp\n|-singleturn|p2b: Garchomp|Protect\n|move|p1a: Iron Bundle|Hydro Pump|p2a: Arcanine\n|-supereffective|p2a: Arcanine\n|-damage|p2a: Arcanine|0 fnt\n|faint|p2a: Arcanine\n|\n|-damage|p1a: Iron Bundle|28\/100 brn|[from] brn\n|-sideend|p1: SamueltheFox|move: Tailwind\n|upkeep\n|\n|t:|1681950862\n|switch|p2a: Amoonguss|Amoonguss, L50, M, shiny|100\/100\n|turn|5\n|\n|t:|1681950880\n|move|p1a: Iron Bundle|Freeze-Dry|p2a: Amoonguss\n|-supereffective|p2a: Amoonguss\n|-crit|p2a: Amoonguss\n|-damage|p2a: Amoonguss|5\/100\n|-enditem|p2a: Amoonguss|Sitrus Berry|[eat]\n|-heal|p2a: Amoonguss|30\/100|[from] item: Sitrus Berry\n|move|p2b: Garchomp|Stomping Tantrum|p1a: Iron Bundle\n|-damage|p1a: Iron Bundle|0 fnt\n|faint|p1a: Iron Bundle\n|-end|p1a: Iron Bundle|Quark Drive|[silent]\n|move|p1b: Corviknight|Brave Bird|p2a: Amoonguss\n|-supereffective|p2a: Amoonguss\n|-damage|p2a: Amoonguss|0 fnt\n|faint|p2a: Amoonguss\n|-damage|p1b: Corviknight|25\/100|[from] Recoil\n|\n|upkeep\n|\n|t:|1681950897\n|switch|p1a: Meowscarada|Meowscarada, L50, F|100\/100\n|switch|p2a: Flutter Mane|Flutter Mane, L50|100\/100\n|turn|6\n|\n|t:|1681950933\n|move|p1a: Meowscarada|Knock Off|p2a: Flutter Mane\n|-start|p1a: Meowscarada|typechange|Dark|[from] ability: Protean\n|-damage|p2a: Flutter Mane|0 fnt\n|-enditem|p2a: Flutter Mane|Choice Specs|[from] move: Knock Off|[of] p1a: Meowscarada\n|faint|p2a: Flutter Mane\n|-end|p2a: Flutter Mane|Protosynthesis|[silent]\n|move|p2b: Garchomp|Fire Fang|p1b: Corviknight\n|-supereffective|p1b: Corviknight\n|-damage|p1b: Corviknight|0 fnt\n|faint|p1b: Corviknight\n|\n|upkeep\n|\n|t:|1681950946\n|switch|p1b: Arcanine|Arcanine, L50, M|11\/100\n|-ability|p1b: Arcanine|Intimidate|boost\n|-unboost|p2b: Garchomp|atk|1\n|turn|7\n|\n|t:|1681950957\n|move|p2b: Garchomp|Protect|p2b: Garchomp\n|-singleturn|p2b: Garchomp|Protect\n|move|p1b: Arcanine|Extreme Speed|p2b: Garchomp\n|-activate|p2b: Garchomp|move: Protect\n|move|p1a: Meowscarada|Knock Off|p2b: Garchomp\n|-activate|p2b: Garchomp|move: Protect\n|\n|upkeep\n|turn|8\n|\n|t:|1681950972\n|move|p1b: Arcanine|Extreme Speed|p2b: Garchomp\n|-damage|p2b: Garchomp|65\/100\n|-damage|p1b: Arcanine|0 fnt|[from] ability: Rough Skin|[of] p2b: Garchomp\n|faint|p1b: Arcanine\n|move|p1a: Meowscarada|Knock Off|p2b: Garchomp\n|-damage|p2b: Garchomp|0 fnt\n|-damage|p1a: Meowscarada|89\/100|[from] ability: Rough Skin|[of] p2b: Garchomp\n|-enditem|p2b: Garchomp|Safety Goggles|[from] move: Knock Off|[of] p1a: Meowscarada\n|faint|p2b: Garchomp\n|\n|win|SamueltheFox\n|raw|SamueltheFox's rating: 1000 → 1049<\/strong> (+49 for winning)\n|raw|Flowers28's rating: 1076 → 1050<\/strong> (-26 for losing)\n|l|\u2606Flowers28\n","uploadtime":1681950994,"views":4,"p1id":"samuelthefox","p2id":"flowers28","formatid":"gen9vgc2023regulationc","rating":1049,"private":0,"password":""}