{"id":"gen9vgc2023regulationc-1845153113","p1":"Planthony","p2":"dogson5","format":"[Gen 9] VGC 2023 Regulation C","log":"|j|\u2606Planthony\n|j|\u2606dogson5\n|t:|1681689897\n|gametype|doubles\n|player|p1|Planthony|266|1377\n|player|p2|dogson5|nate|1358\n|teamsize|p1|6\n|teamsize|p2|6\n|gen|9\n|tier|[Gen 9] VGC 2023 Regulation C\n|rated|\n|rule|Species Clause: Limit one of each Pok\u00e9mon\n|rule|Item Clause: Limit one of each item\n|clearpoke\n|poke|p1|Glimmora, L50, F|\n|poke|p1|Iron Bundle, L50|\n|poke|p1|Dondozo, L50, M|\n|poke|p1|Dragonite, L50, F|\n|poke|p1|Tatsugiri, L50, F|\n|poke|p1|Chi-Yu, L50|\n|poke|p2|Palafin, L50, M|\n|poke|p2|Flutter Mane, L50|\n|poke|p2|Arcanine, L50, F|\n|poke|p2|Ting-Lu, L50|\n|poke|p2|Amoonguss, L50, F|\n|poke|p2|Kingambit, L50, F|\n|teampreview|4\n|\n|t:|1681689941\n|start\n|switch|p1a: Dragonite|Dragonite, L50, F|100\/100\n|switch|p1b: Glimmora|Glimmora, L50, F|100\/100\n|switch|p2a: Palafin|Palafin, L50, M|100\/100\n|switch|p2b: Kingambit|Kingambit, L50, F|100\/100\n|turn|1\n|\n|t:|1681689981\n|detailschange|p2a: Palafin|Palafin-Hero, L50, M\n|switch|p2a: Arcanine|Arcanine, L50, F|100\/100\n|-ability|p2a: Arcanine|Intimidate|boost\n|-unboost|p1a: Dragonite|atk|1\n|-unboost|p1b: Glimmora|atk|1\n|-terastallize|p1b: Glimmora|Grass\n|-terastallize|p2b: Kingambit|Dark\n|move|p1b: Glimmora|Power Gem|p2a: Arcanine\n|-supereffective|p2a: Arcanine\n|-damage|p2a: Arcanine|0 fnt\n|faint|p2a: Arcanine\n|move|p1a: Dragonite|Earthquake|p2b: Kingambit|[spread] p1b,p2b\n|-resisted|p1b: Glimmora\n|-damage|p1b: Glimmora|85\/100\n|-damage|p2b: Kingambit|77\/100\n|-activate|p1b: Glimmora|ability: Toxic Debris\n|-sidestart|p2: dogson5|move: Toxic Spikes\n|move|p2b: Kingambit|Kowtow Cleave|p1a: Dragonite\n|-damage|p1a: Dragonite|60\/100\n|\n|upkeep\n|\n|t:|1681690001\n|switch|p2a: Amoonguss|Amoonguss, L50, F|100\/100\n|-sideend|p2: dogson5|move: Toxic Spikes|[of] p2a: Amoonguss\n|turn|2\n|inactive|Battle timer is ON: inactive players will automatically lose when time's up. (requested by Planthony)\n|\n|t:|1681690029\n|move|p2b: Kingambit|Sucker Punch|p1a: Dragonite\n|-damage|p1a: Dragonite|0 fnt\n|faint|p1a: Dragonite\n|move|p1b: Glimmora|Mortal Spin|p2b: Kingambit|[spread] p2a,p2b\n|-damage|p2a: Amoonguss|99\/100\n|-damage|p2b: Kingambit|75\/100\n|-status|p2b: Kingambit|psn\n|-damage|p1b: Glimmora|68\/100|[from] item: Rocky Helmet|[of] p2a: Amoonguss\n|move|p2a: Amoonguss|Pollen Puff|p2b: Kingambit\n|-heal|p2b: Kingambit|100\/100 psn\n|\n|-damage|p2b: Kingambit|88\/100 psn|[from] psn\n|upkeep\n|inactive|Planthony has 30 seconds left.\n|inactive|Planthony has 20 seconds left.\n|inactive|Planthony has 15 seconds left.\n|inactive|Planthony has 10 seconds left.\n|\n|t:|1681690074\n|switch|p1a: Tatsugiri|Tatsugiri, L50, F|100\/100\n|turn|3\n|inactive|Planthony has 30 seconds left.\n|inactive|Planthony has 20 seconds left.\n|\n|t:|1681690112\n|move|p1a: Tatsugiri|Draco Meteor|p2a: Amoonguss\n|-damage|p2a: Amoonguss|40\/100\n|-unboost|p1a: Tatsugiri|spa|2\n|move|p1b: Glimmora|Energy Ball|p2b: Kingambit\n|-damage|p2b: Kingambit|36\/100 psn\n|move|p2b: Kingambit|Swords Dance|p2b: Kingambit\n|-boost|p2b: Kingambit|atk|2\n|move|p2a: Amoonguss|Spore|p1b: Glimmora\n|-immune|p1b: Glimmora\n|\n|-damage|p2b: Kingambit|24\/100 psn|[from] psn\n|upkeep\n|turn|4\n|inactive|Planthony has 30 seconds left.\n|inactive|dogson5 has 30 seconds left.\n|\n|t:|1681690144\n|switch|p1a: Dondozo|Dondozo, L50, M|100\/100\n|move|p2b: Kingambit|Sucker Punch|p1b: Glimmora\n|-damage|p1b: Glimmora|0 fnt\n|-activate|p1b: Glimmora|ability: Toxic Debris\n|-sidestart|p2: dogson5|move: Toxic Spikes\n|faint|p1b: Glimmora\n|move|p2a: Amoonguss|Pollen Puff|p2b: Kingambit\n|-heal|p2b: Kingambit|73\/100 psn\n|\n|-damage|p2b: Kingambit|61\/100 psn|[from] psn\n|upkeep\n|\n|t:|1681690153\n|switch|p1b: Tatsugiri|Tatsugiri, L50, F|100\/100\n|-activate|p1b: Tatsugiri|ability: Commander|[of] p1a: Dondozo\n|-boost|p1a: Dondozo|atk|2\n|-boost|p1a: Dondozo|spa|2\n|-boost|p1a: Dondozo|spe|2\n|-boost|p1a: Dondozo|def|2\n|-boost|p1a: Dondozo|spd|2\n|turn|5\n|\n|t:|1681690167\n|switch|p2a: Palafin|Palafin-Hero, L50, M|100\/100\n|-status|p2a: Palafin|psn\n|-activate|p2a: Palafin|ability: Zero to Hero\n|move|p2b: Kingambit|Protect|p2b: Kingambit\n|-singleturn|p2b: Kingambit|Protect\n|move|p1a: Dondozo|Earthquake|p2b: Kingambit|[spread] p2a\n|-miss|p1a: Dondozo|p1b: Tatsugiri\n|-activate|p2b: Kingambit|move: Protect\n|-damage|p2a: Palafin|67\/100 psn\n|\n|-damage|p2a: Palafin|55\/100 psn|[from] psn\n|-damage|p2b: Kingambit|49\/100 psn|[from] psn\n|upkeep\n|turn|6\n|j| Playest\n|l| Playest\n|inactive|dogson5 has 30 seconds left.\n|\n|t:|1681690196\n|move|p1a: Dondozo|Earthquake|p2b: Kingambit|[spread] p2a,p2b\n|-miss|p1a: Dondozo|p1b: Tatsugiri\n|-damage|p2a: Palafin|20\/100 psn\n|-damage|p2b: Kingambit|19\/100 psn\n|move|p2a: Palafin|Haze|p2a: Palafin\n|-clearallboost\n|move|p2b: Kingambit|Kowtow Cleave|p1a: Dondozo\n|-crit|p1a: Dondozo\n|-damage|p1a: Dondozo|23\/100\n|\n|-heal|p1a: Dondozo|29\/100|[from] item: Leftovers\n|-damage|p2a: Palafin|8\/100 psn|[from] psn\n|-damage|p2b: Kingambit|7\/100 psn|[from] psn\n|upkeep\n|turn|7\n|inactive|dogson5 has 30 seconds left.\n|\n|t:|1681690226\n|move|p1a: Dondozo|Protect|p1a: Dondozo\n|-singleturn|p1a: Dondozo|Protect\n|move|p2a: Palafin|Wave Crash|p1a: Dondozo\n|-activate|p1a: Dondozo|move: Protect\n|move|p2b: Kingambit|Kowtow Cleave|p1a: Dondozo\n|-activate|p1a: Dondozo|move: Protect\n|\n|-heal|p1a: Dondozo|35\/100|[from] item: Leftovers\n|-damage|p2a: Palafin|0 fnt|[from] psn\n|faint|p2a: Palafin\n|-damage|p2b: Kingambit|0 fnt|[from] psn\n|faint|p2b: Kingambit\n|upkeep\n|c|\u2606dogson5|gg\n|-message|dogson5 forfeited.\n|\n|win|Planthony\n|raw|Planthony's rating: 1357 → 1377<\/strong> (+20 for winning)\n|raw|dogson5's rating: 1358 → 1338<\/strong> (-20 for losing)\n|l|\u2606dogson5\n","uploadtime":1681690241,"views":14,"p1id":"planthony","p2id":"dogson5","formatid":"gen9vgc2023regulationc","rating":1338,"private":0,"password":""}