{"id":"gen9vgc2023regulationc-1864389977","p1":"Alkii","p2":"JK_Jirachi","format":"[Gen 9] VGC 2023 Regulation C","log":"|j|\u2606Alkii\n|j|\u2606JK_Jirachi\n|t:|1684162270\n|gametype|doubles\n|player|p1|Alkii|102|1207\n|player|p2|JK_Jirachi|rosa|1140\n|teamsize|p1|6\n|teamsize|p2|6\n|gen|9\n|tier|[Gen 9] VGC 2023 Regulation C\n|rated|\n|rule|Species Clause: Limit one of each Pok\u00e9mon\n|rule|Item Clause: Limit one of each item\n|clearpoke\n|poke|p1|Scream Tail, L50|\n|poke|p1|Flutter Mane, L50|\n|poke|p1|Gothitelle, L50, F|\n|poke|p1|Arcanine, L50, F|\n|poke|p1|Amoonguss, L50, F|\n|poke|p1|Palafin, L50, F|\n|poke|p2|Chi-Yu, L50|\n|poke|p2|Flutter Mane, L50|\n|poke|p2|Tatsugiri-Droopy, L50, M|\n|poke|p2|Iron Valiant, L50|\n|poke|p2|Indeedee-F, L50, F|\n|poke|p2|Armarouge, L50, F|\n|teampreview|4\nJK_Jirachi has agreed to open team sheets.\n|\n|t:|1684162298\n|start\n|switch|p1a: Palafin|Palafin, L50, F|100\/100\n|switch|p1b: Amoonguss|Amoonguss, L50, F|100\/100\n|switch|p2a: Indeedee|Indeedee-F, L50, F|100\/100\n|switch|p2b: Iron Valiant|Iron Valiant, L50, shiny|100\/100\n|-fieldstart|move: Psychic Terrain|[from] ability: Psychic Surge|[of] p2a: Indeedee\n|-enditem|p2a: Indeedee|Psychic Seed\n|-boost|p2a: Indeedee|spd|1|[from] item: Psychic Seed\n|turn|1\n|inactive|Battle timer is ON: inactive players will automatically lose when time's up. (requested by Alkii)\n|\n|t:|1684162326\n|-terastallize|p1a: Palafin|Water\n|move|p2a: Indeedee|Follow Me|p2a: Indeedee\n|-singleturn|p2a: Indeedee|move: Follow Me\n|move|p2b: Iron Valiant|Shadow Ball|p1a: Palafin\n|-crit|p1a: Palafin\n|-damage|p1a: Palafin|23\/100\n|move|p1a: Palafin|Wave Crash|p2a: Indeedee\n|-crit|p2a: Indeedee\n|-damage|p2a: Indeedee|0 fnt\n|faint|p2a: Indeedee\n|-damage|p1a: Palafin|0 fnt|[from] Recoil\n|faint|p1a: Palafin\n|move|p1b: Amoonguss|Spore|p2b: Iron Valiant\n|-status|p2b: Iron Valiant|slp|[from] move: Spore\n|\n|upkeep\n|\n|t:|1684162345\n|switch|p1a: Scream Tail|Scream Tail, L50|100\/100\n|switch|p2a: Tatsugiri|Tatsugiri-Droopy, L50, M, shiny|100\/100\n|-enditem|p1a: Scream Tail|Booster Energy\n|-activate|p1a: Scream Tail|ability: Protosynthesis|[fromitem]\n|-start|p1a: Scream Tail|protosynthesisspe\n|turn|2\n|\n|t:|1684162358\n|switch|p1b: Gothitelle|Gothitelle, L50, F|100\/100\n|move|p1a: Scream Tail|Perish Song|p1a: Scream Tail\n|-start|p1a: Scream Tail|perish3|[silent]\n|-start|p1b: Gothitelle|perish3|[silent]\n|-start|p2a: Tatsugiri|perish3|[silent]\n|-start|p2b: Iron Valiant|perish3|[silent]\n|-fieldactivate|move: Perish Song\n|cant|p2b: Iron Valiant|slp\n|move|p2a: Tatsugiri|Draco Meteor|p1b: Gothitelle\n|-damage|p1b: Gothitelle|52\/100\n|-unboost|p2a: Tatsugiri|spa|2\n|-enditem|p2a: Tatsugiri|White Herb\n|-clearnegativeboost|p2a: Tatsugiri|[silent]\n|\n|-start|p1a: Scream Tail|perish3\n|-start|p2b: Iron Valiant|perish3\n|-start|p2a: Tatsugiri|perish3\n|-start|p1b: Gothitelle|perish3\n|upkeep\n|turn|3\n|inactive|Alkii has 30 seconds left.\n|\n|t:|1684162384\n|move|p1b: Gothitelle|Fake Out|p2b: Iron Valiant\n|-activate|p2b: Iron Valiant|move: Psychic Terrain\n|move|p1a: Scream Tail|Disable|p2a: Tatsugiri\n|-start|p2a: Tatsugiri|Disable|Draco Meteor\n|-curestatus|p2b: Iron Valiant|slp|[msg]\n|move|p2b: Iron Valiant|Shadow Ball|p1b: Gothitelle\n|-supereffective|p1b: Gothitelle\n|-damage|p1b: Gothitelle|0 fnt\n|faint|p1b: Gothitelle\n|cant|p2a: Tatsugiri|Disable|Draco Meteor\n|\n|-start|p1a: Scream Tail|perish2\n|-start|p2b: Iron Valiant|perish2\n|-start|p2a: Tatsugiri|perish2\n|upkeep\n|\n|t:|1684162398\n|switch|p1b: Amoonguss|Amoonguss, L50, F|100\/100\n|turn|4\n|\n|t:|1684162406\n|switch|p2a: Flutter Mane|Flutter Mane, L50, shiny|100\/100\n|-terastallize|p2b: Iron Valiant|Ghost\n|move|p1a: Scream Tail|Play Rough|p2a: Flutter Mane\n|-crit|p2a: Flutter Mane\n|-damage|p2a: Flutter Mane|22\/100\n|move|p2b: Iron Valiant|Shadow Ball|p1a: Scream Tail\n|-supereffective|p1a: Scream Tail\n|-damage|p1a: Scream Tail|19\/100\n|move|p1b: Amoonguss|Spore|p2b: Iron Valiant\n|-status|p2b: Iron Valiant|slp|[from] move: Spore\n|\n|-start|p1a: Scream Tail|perish1\n|-start|p2b: Iron Valiant|perish1\n|upkeep\n|turn|5\n|\n|t:|1684162427\n|-end|p2b: Iron Valiant|Quark Drive|[silent]\n|switch|p2b: Tatsugiri|Tatsugiri-Droopy, L50, M, shiny|100\/100\n|move|p2a: Flutter Mane|Protect|p2a: Flutter Mane\n|-singleturn|p2a: Flutter Mane|Protect\n|move|p1a: Scream Tail|Play Rough|p2a: Flutter Mane\n|-activate|p2a: Flutter Mane|move: Protect\n|move|p1b: Amoonguss|Pollen Puff|p2a: Flutter Mane\n|-activate|p2a: Flutter Mane|move: Protect\n|\n|-start|p1a: Scream Tail|perish0\n|-fieldend|move: Psychic Terrain\n|faint|p1a: Scream Tail\n|-end|p1a: Scream Tail|Protosynthesis|[silent]\n|upkeep\n|turn|6\n|-message|Alkii forfeited.\n|\n|win|JK_Jirachi\n|raw|Alkii's rating: 1207 → 1177<\/strong> (-30 for losing)\n|raw|JK_Jirachi's rating: 1140 → 1170<\/strong> (+30 for winning)\n|l|\u2606Alkii\n","uploadtime":1684162445,"views":3,"p1id":"alkii","p2id":"jkjirachi","formatid":"gen9vgc2023regulationc","rating":1170,"private":0,"password":""}