{"id":"gen9vgc2023regulationc-1861895350","p1":"joshdonnie","p2":"lpgil","format":"[Gen 9] VGC 2023 Regulation C","log":"|j|\u2606joshdonnie\n|j|\u2606lpgil\n|t:|1683818735\n|gametype|doubles\n|player|p1|joshdonnie|1|1223\n|player|p2|lpgil|265|1110\n|teamsize|p1|6\n|teamsize|p2|6\n|gen|9\n|tier|[Gen 9] VGC 2023 Regulation C\n|rated|\n|rule|Species Clause: Limit one of each Pok\u00e9mon\n|rule|Item Clause: Limit one of each item\n|clearpoke\n|poke|p1|Garchomp, L50, M|\n|poke|p1|Annihilape, L50, F|\n|poke|p1|Kingambit, L50, M|\n|poke|p1|Rotom-Wash, L50|\n|poke|p1|Volcarona, L50, M|\n|poke|p1|Corviknight, L50, M|\n|poke|p2|Chien-Pao, L50|\n|poke|p2|Amoonguss, L50, M|\n|poke|p2|Gholdengo, L50|\n|poke|p2|Azumarill, L50, F|\n|poke|p2|Iron Valiant, L50|\n|poke|p2|Dragonite, L50, M|\n|teampreview|4\n|\n|t:|1683818781\n|start\n|switch|p1a: Annihilape|Annihilape, L50, F|100\/100\n|switch|p1b: Garchomp|Garchomp, L50, M|100\/100\n|switch|p2a: Chien-Pao|Chien-Pao, L50|100\/100\n|switch|p2b: Amoonguss|Amoonguss, L50, M|100\/100\n|-ability|p2a: Chien-Pao|Sword of Ruin\n|turn|1\n|\n|t:|1683818804\n|-terastallize|p1b: Garchomp|Steel\n|move|p1a: Annihilape|Protect|p1a: Annihilape\n|-singleturn|p1a: Annihilape|Protect\n|move|p2a: Chien-Pao|Ice Spinner|p1b: Garchomp\n|-resisted|p1b: Garchomp\n|-damage|p1b: Garchomp|57\/100\n|-damage|p2a: Chien-Pao|88\/100|[from] ability: Rough Skin|[of] p1b: Garchomp\n|move|p1b: Garchomp|Earthquake|p2a: Chien-Pao|[spread] p2a,p2b\n|-activate|p1a: Annihilape|move: Protect\n|-damage|p2a: Chien-Pao|33\/100\n|-damage|p2b: Amoonguss|43\/100\n|-enditem|p2b: Amoonguss|Sitrus Berry|[eat]\n|-heal|p2b: Amoonguss|68\/100|[from] item: Sitrus Berry\n|move|p2b: Amoonguss|Spore|p1a: Annihilape\n|-activate|p1a: Annihilape|move: Protect\n|\n|upkeep\n|turn|2\n|\n|t:|1683818853\n|switch|p2a: Azumarill|Azumarill, L50, F|100\/100\n|switch|p1a: Volcarona|Volcarona, L50, M|100\/100\n|move|p1b: Garchomp|Protect|p1b: Garchomp\n|-singleturn|p1b: Garchomp|Protect\n|move|p2b: Amoonguss|Rage Powder|p2b: Amoonguss\n|-singleturn|p2b: Amoonguss|move: Rage Powder\n|\n|upkeep\n|turn|3\n|\n|t:|1683818877\n|switch|p1a: Rotom|Rotom-Wash, L50|100\/100\n|-terastallize|p2a: Azumarill|Water\n|move|p2b: Amoonguss|Rage Powder|p2b: Amoonguss\n|-singleturn|p2b: Amoonguss|move: Rage Powder\n|move|p2a: Azumarill|Aqua Jet|p1a: Rotom\n|-resisted|p1a: Rotom\n|-damage|p1a: Rotom|90\/100\n|move|p1b: Garchomp|Earthquake|p2a: Azumarill|[spread] p2a,p2b\n|-immune|p1a: Rotom|[from] ability: Levitate\n|-crit|p2a: Azumarill\n|-damage|p2a: Azumarill|50\/100\n|-damage|p2b: Amoonguss|26\/100\n|\n|upkeep\n|turn|4\n|\n|t:|1683818906\n|move|p1b: Garchomp|Earthquake|p2a: Azumarill|[spread] p2a,p2b\n|-immune|p1a: Rotom|[from] ability: Levitate\n|-damage|p2a: Azumarill|16\/100\n|-damage|p2b: Amoonguss|0 fnt\n|faint|p2b: Amoonguss\n|move|p1a: Rotom|Thunderbolt|p2a: Azumarill\n|-supereffective|p2a: Azumarill\n|-damage|p2a: Azumarill|0 fnt\n|faint|p2a: Azumarill\n|\n|upkeep\n|\n|t:|1683818918\n|switch|p2a: Gholdengo|Gholdengo, L50|100\/100\n|switch|p2b: Chien-Pao|Chien-Pao, L50|33\/100\n|-ability|p2b: Chien-Pao|Sword of Ruin\n|turn|5\n|\n|t:|1683818934\n|move|p1b: Garchomp|Protect|p1b: Garchomp\n|-singleturn|p1b: Garchomp|Protect\n|move|p2b: Chien-Pao|Crunch|p1a: Rotom\n|-damage|p1a: Rotom|0 fnt\n|faint|p1a: Rotom\n|move|p2a: Gholdengo|Shadow Ball|p1b: Garchomp\n|-activate|p1b: Garchomp|move: Protect\n|\n|upkeep\n|\n|t:|1683818958\n|switch|p1a: Volcarona|Volcarona, L50, M|100\/100\n|turn|6\n|\n|t:|1683818967\n|move|p1a: Volcarona|Protect|p1a: Volcarona\n|-singleturn|p1a: Volcarona|Protect\n|move|p2b: Chien-Pao|Crunch|p1a: Volcarona\n|-activate|p1a: Volcarona|move: Protect\n|move|p1b: Garchomp|Earthquake|p2a: Gholdengo|[spread] p2a,p2b\n|-activate|p1a: Volcarona|move: Protect\n|-supereffective|p2a: Gholdengo\n|-damage|p2a: Gholdengo|0 fnt\n|-damage|p2b: Chien-Pao|0 fnt\n|faint|p2a: Gholdengo\n|faint|p2b: Chien-Pao\n|\n|win|joshdonnie\n|raw|joshdonnie's rating: 1223 → 1240<\/strong> (+17 for winning)\n|raw|lpgil's rating: 1110 → 1093<\/strong> (-17 for losing)\n","uploadtime":1683818977,"views":8,"p1id":"joshdonnie","p2id":"lpgil","formatid":"gen9vgc2023regulationc","rating":1093,"private":0,"password":""}