{"id":"gen9vgc2023regulationc-1859300382","p1":"GoatedGoats","p2":"elolow","format":"[Gen 9] VGC 2023 Regulation C","log":"|j|\u2606GoatedGoats\n|j|\u2606elolow\n|t:|1683430853\n|gametype|doubles\n|player|p1|GoatedGoats|rancher|1169\n|player|p2|elolow|169|1097\n|teamsize|p1|6\n|teamsize|p2|6\n|gen|9\n|tier|[Gen 9] VGC 2023 Regulation C\n|rated|\n|rule|Species Clause: Limit one of each Pok\u00e9mon\n|rule|Item Clause: Limit one of each item\n|clearpoke\n|poke|p1|Sandy Shocks, L50|\n|poke|p1|Flapple, L50, M|\n|poke|p1|Azumarill, L50, F|\n|poke|p1|Chi-Yu, L50|\n|poke|p1|Bronzong, L50|\n|poke|p1|Maushold-Four, L50|\n|poke|p2|Murkrow, L50, F|\n|poke|p2|Stonjourner, L50, M|\n|poke|p2|Hatterene, L50, F|\n|poke|p2|Iron Hands, L50|\n|poke|p2|Roaring Moon, L50|\n|poke|p2|Gholdengo, L50|\n|teampreview|4\n|inactive|Battle timer is ON: inactive players will automatically lose when time's up. (requested by GoatedGoats)\n|inactive|GoatedGoats has 60 seconds left.\n|inactive|elolow has 60 seconds left.\n|inactive|GoatedGoats has 30 seconds left.\n|inactive|GoatedGoats has 20 seconds left.\n|\n|t:|1683430926\n|start\n|switch|p1a: Maushold|Maushold-Four, L50|100\/100\n|switch|p1b: Bronzong|Bronzong, L50|100\/100\n|switch|p2a: Stonjourner|Stonjourner, L50, M|100\/100\n|switch|p2b: Gholdengo|Gholdengo, L50|100\/100\n|turn|1\n|inactive|elolow has 30 seconds left.\n|inactive|GoatedGoats has 30 seconds left.\n|inactive|elolow has 20 seconds left.\n|inactive|elolow has 15 seconds left.\n|\n|t:|1683430969\n|move|p1a: Maushold|Protect|p1a: Maushold\n|-singleturn|p1a: Maushold|Protect\n|move|p2b: Gholdengo|Shadow Ball|p1b: Bronzong\n|-supereffective|p1b: Bronzong\n|-damage|p1b: Bronzong|40\/100\n|move|p2a: Stonjourner|Rock Slide|p1b: Bronzong|[spread] p1b\n|-activate|p1a: Maushold|move: Protect\n|-resisted|p1b: Bronzong\n|-damage|p1b: Bronzong|29\/100\n|move|p1b: Bronzong|Gravity|p1b: Bronzong\n|-fieldstart|move: Gravity\n|\n|upkeep\n|turn|2\n|inactive|GoatedGoats has 30 seconds left.\n|inactive|elolow has 30 seconds left.\n|inactive|GoatedGoats has 20 seconds left.\n|inactive|elolow has 20 seconds left.\n|inactive|elolow has 15 seconds left.\n|inactive|elolow has 10 seconds left.\n|\n|t:|1683431019\n|switch|p1a: Chi-Yu|Chi-Yu, L50|100\/100\n|-ability|p1a: Chi-Yu|Beads of Ruin\n|move|p2a: Stonjourner|Protect|p2a: Stonjourner\n|-singleturn|p2a: Stonjourner|Protect\n|move|p1b: Bronzong|Protect|p1b: Bronzong\n|-singleturn|p1b: Bronzong|Protect\n|move|p2b: Gholdengo|Nasty Plot|p2b: Gholdengo\n|-boost|p2b: Gholdengo|spa|2\n|\n|upkeep\n|turn|3\n|inactive|GoatedGoats has 30 seconds left.\n|\n|t:|1683431046\n|-terastallize|p2b: Gholdengo|Water\n|move|p1a: Chi-Yu|Dark Pulse|p2b: Gholdengo\n|-damage|p2b: Gholdengo|36\/100\n|-enditem|p2b: Gholdengo|Sitrus Berry|[eat]\n|-heal|p2b: Gholdengo|60\/100|[from] item: Sitrus Berry\n|-damage|p1a: Chi-Yu|91\/100|[from] item: Life Orb\n|cant|p2b: Gholdengo|flinch\n|move|p2a: Stonjourner|Rock Slide|p1b: Bronzong|[spread] p1a,p1b\n|-supereffective|p1a: Chi-Yu\n|-resisted|p1b: Bronzong\n|-damage|p1a: Chi-Yu|0 fnt\n|-damage|p1b: Bronzong|13\/100\n|faint|p1a: Chi-Yu\n|move|p1b: Bronzong|Hypnosis|p2a: Stonjourner\n|-status|p2a: Stonjourner|slp|[from] move: Hypnosis\n|\n|upkeep\n|\n|t:|1683431061\n|switch|p1a: Etch a Sketch|Sandy Shocks, L50|100\/100\n|-enditem|p1a: Etch a Sketch|Booster Energy\n|-activate|p1a: Etch a Sketch|ability: Protosynthesis|[fromitem]\n|-start|p1a: Etch a Sketch|protosynthesisspe\n|turn|4\n|inactive|elolow has 30 seconds left.\n|\n|t:|1683431091\n|switch|p1b: Maushold|Maushold-Four, L50|100\/100\n|move|p1a: Etch a Sketch|Zap Cannon|p2b: Gholdengo\n|-supereffective|p2b: Gholdengo\n|-damage|p2b: Gholdengo|0 fnt\n|faint|p2b: Gholdengo\n|cant|p2a: Stonjourner|slp\n|\n|upkeep\n|inactive|elolow has 30 seconds left.\n|inactive|elolow has 20 seconds left.\n|inactive|elolow has 15 seconds left.\n|\n|t:|1683431133\n|switch|p2b: Roaring Moon|Roaring Moon, L50|100\/100\n|turn|5\n|\n|t:|1683431154\n|move|p1a: Etch a Sketch|Zap Cannon|p2b: Roaring Moon\n|-resisted|p2b: Roaring Moon\n|-damage|p2b: Roaring Moon|78\/100\n|-status|p2b: Roaring Moon|par\n|move|p1b: Maushold|Population Bomb|p2b: Roaring Moon\n|-damage|p2b: Roaring Moon|70\/100 par\n|-damage|p2b: Roaring Moon|63\/100 par\n|-damage|p2b: Roaring Moon|56\/100 par\n|-damage|p2b: Roaring Moon|49\/100 par\n|-damage|p2b: Roaring Moon|42\/100 par\n|-damage|p2b: Roaring Moon|35\/100 par\n|-damage|p2b: Roaring Moon|28\/100 par\n|-damage|p2b: Roaring Moon|22\/100 par\n|-damage|p2b: Roaring Moon|14\/100 par\n|-damage|p2b: Roaring Moon|7\/100 par\n|-hitcount|p2b: Roaring Moon|10\n|-curestatus|p2a: Stonjourner|slp|[msg]\n|move|p2a: Stonjourner|Rock Slide|p1a: Etch a Sketch|[spread] p1a,p1b\n|-resisted|p1a: Etch a Sketch\n|-damage|p1a: Etch a Sketch|87\/100\n|-damage|p1b: Maushold|57\/100\n|move|p2b: Roaring Moon|Outrage|p1b: Maushold\n|-damage|p1b: Maushold|0 fnt\n|faint|p1b: Maushold\n|\n|-fieldend|move: Gravity\n|upkeep\n|\n|t:|1683431164\n|switch|p1b: Bronzong|Bronzong, L50|13\/100\n|turn|6\n|inactive|GoatedGoats has 30 seconds left.\n|\n|t:|1683431193\n|move|p1b: Bronzong|Protect|p1b: Bronzong\n|-singleturn|p1b: Bronzong|Protect\n|move|p1a: Etch a Sketch|Earth Power|p2b: Roaring Moon\n|-damage|p2b: Roaring Moon|0 fnt\n|faint|p2b: Roaring Moon\n|-end|p2b: Roaring Moon|Protosynthesis|[silent]\n|move|p2a: Stonjourner|Rock Slide|p1b: Bronzong|[spread] p1a\n|-activate|p1b: Bronzong|move: Protect\n|-resisted|p1a: Etch a Sketch\n|-damage|p1a: Etch a Sketch|69\/100\n|\n|upkeep\n|\n|t:|1683431211\n|switch|p2b: Hatterene|Hatterene, L50, F|100\/100\n|turn|7\n|inactive|GoatedGoats has 30 seconds left.\n|\n|t:|1683431246\n|move|p1a: Etch a Sketch|Earth Power|p2a: Stonjourner\n|-supereffective|p2a: Stonjourner\n|-damage|p2a: Stonjourner|0 fnt\n|faint|p2a: Stonjourner\n|move|p1b: Bronzong|Hypnosis|p2b: Hatterene\n|move|p2b: Hatterene|Hypnosis|p1b: Bronzong|[from]ability: Magic Bounce|[miss]\n|-miss|p2b: Hatterene|p1b: Bronzong\n|move|p2b: Hatterene|Psychic|p1a: Etch a Sketch\n|-crit|p1a: Etch a Sketch\n|-damage|p1a: Etch a Sketch|0 fnt\n|faint|p1a: Etch a Sketch\n|-end|p1a: Etch a Sketch|Protosynthesis|[silent]\n|\n|upkeep\n|turn|8\n|\n|t:|1683431259\n|move|p1b: Bronzong|Hypnosis|p2b: Hatterene\n|move|p2b: Hatterene|Hypnosis|p1b: Bronzong|[from]ability: Magic Bounce\n|-status|p1b: Bronzong|slp|[from] move: Hypnosis\n|move|p2b: Hatterene|Dark Pulse|p1b: Bronzong\n|-supereffective|p1b: Bronzong\n|-damage|p1b: Bronzong|0 fnt\n|faint|p1b: Bronzong\n|\n|win|elolow\n|raw|GoatedGoats's rating: 1169 → 1139<\/strong> (-30 for losing)\n|raw|elolow's rating: 1097 → 1128<\/strong> (+31 for winning)\n|l|\u2606GoatedGoats\n|c|\u2606elolow|gg\n","uploadtime":1683431476,"views":12,"p1id":"goatedgoats","p2id":"elolow","formatid":"gen9vgc2023regulationc","rating":1128,"private":0,"password":""}