{"id":"gen9vgc2023regulationc-1854875790","p1":"HeffNastyy","p2":"muddyswamppert","format":"[Gen 9] VGC 2023 Regulation C","log":"|j|\u2606HeffNastyy\n|j|\u2606muddyswamppert\n|t:|1682875979\n|gametype|doubles\n|player|p1|HeffNastyy|lance|\n|player|p2|muddyswamppert|cynthia-gen4|\n|teamsize|p1|6\n|teamsize|p2|6\n|gen|9\n|tier|[Gen 9] VGC 2023 Regulation C\n|rule|Species Clause: Limit one of each Pok\u00e9mon\n|rule|Item Clause: Limit one of each item\n|clearpoke\n|poke|p1|Garchomp, L50, F|\n|poke|p1|Chien-Pao, L50|\n|poke|p1|Talonflame, L50, M|\n|poke|p1|Gyarados, L50, M|\n|poke|p1|Flutter Mane, L50|\n|poke|p1|Iron Hands, L50|\n|poke|p2|Drednaw, L50, M|\n|poke|p2|Amoonguss, L50, F|\n|poke|p2|Pelipper, L50, M|\n|poke|p2|Baxcalibur, L50, M|\n|poke|p2|Scizor, L50, M|\n|poke|p2|Iron Valiant, L50|\n|teampreview|4\n|inactive|Battle timer is ON: inactive players will automatically lose when time's up. (requested by muddyswamppert)\n|c|\u2606HeffNastyy|g3\n|inactiveoff|Battle timer is now OFF.\nHeffNastyy has agreed to open team sheets.\n|c|\u2606muddyswamppert|g3\nmuddyswamppert has agreed to open team sheets.\n|c|\u2606muddyswamppert|glhf\n|c|\u2606HeffNastyy|u2\n|\n|t:|1682876652\n|start\n|switch|p1a: Riley|Iron Hands, L50|100\/100\n|switch|p1b: Jaws|Gyarados, L50, M, shiny|100\/100\n|switch|p2a: Pelipper|Pelipper, L50, M|100\/100\n|switch|p2b: Amoonguss|Amoonguss, L50, F|100\/100\n|-weather|RainDance|[from] ability: Drizzle|[of] p2a: Pelipper\n|-ability|p1b: Jaws|Intimidate|boost\n|-unboost|p2a: Pelipper|atk|1\n|-unboost|p2b: Amoonguss|atk|1\n|turn|1\n|c|\u2606muddyswamppert|plz this is so close\n|\n|t:|1682876672\n|-terastallize|p1a: Riley|Grass\n|move|p1a: Riley|Fake Out|p2a: Pelipper\n|-damage|p2a: Pelipper|81\/100\n|cant|p2a: Pelipper|flinch\n|move|p1b: Jaws|Taunt|p2b: Amoonguss\n|-start|p2b: Amoonguss|move: Taunt\n|cant|p2b: Amoonguss|move: Taunt|Spore\n|\n|-weather|RainDance|[upkeep]\n|upkeep\n|turn|2\n|\n|t:|1682876705\n|move|p2a: Pelipper|Protect|p2a: Pelipper\n|-singleturn|p2a: Pelipper|Protect\n|move|p1b: Jaws|Thunder Wave|p2b: Amoonguss|[miss]\n|-miss|p1b: Jaws|p2b: Amoonguss\n|move|p1a: Riley|Wild Charge|p2a: Pelipper\n|-activate|p2a: Pelipper|move: Protect\n|move|p2b: Amoonguss|Pollen Puff|p1a: Riley\n|-supereffective|p1a: Riley\n|-damage|p1a: Riley|75\/100\n|\n|-weather|RainDance|[upkeep]\n|upkeep\n|turn|3\n|\n|t:|1682876727\n|move|p2a: Pelipper|Hurricane|p1a: Riley\n|-supereffective|p1a: Riley\n|-damage|p1a: Riley|27\/100\n|move|p1b: Jaws|Thunder Wave|p2a: Pelipper\n|-status|p2a: Pelipper|par\n|move|p1a: Riley|Wild Charge|p2a: Pelipper\n|-supereffective|p2a: Pelipper\n|-damage|p2a: Pelipper|0 fnt\n|faint|p2a: Pelipper\n|-damage|p1a: Riley|15\/100|[from] Recoil\n|move|p2b: Amoonguss|Pollen Puff|p2: Pelipper|[notarget]\n|-fail|p2b: Amoonguss\n|\n|-weather|RainDance|[upkeep]\n|-end|p2b: Amoonguss|move: Taunt\n|upkeep\n|\n|t:|1682876733\n|switch|p2a: Drednaw|Drednaw, L50, M|100\/100\n|turn|4\n|\n|t:|1682876752\n|move|p2b: Amoonguss|Rage Powder|p2b: Amoonguss\n|-singleturn|p2b: Amoonguss|move: Rage Powder\n|move|p2a: Drednaw|Rock Slide|p1b: Jaws|[spread] p1a,p1b\n|-supereffective|p1b: Jaws\n|-damage|p1a: Riley|0 fnt\n|-damage|p1b: Jaws|50\/100\n|-enditem|p1b: Jaws|Sitrus Berry|[eat]\n|-heal|p1b: Jaws|75\/100|[from] item: Sitrus Berry\n|faint|p1a: Riley\n|-end|p1a: Riley|Quark Drive|[silent]\n|cant|p1b: Jaws|flinch\n|\n|-weather|RainDance|[upkeep]\n|upkeep\n|c|\u2606HeffNastyy|wow that could be huge\n|c|\u2606muddyswamppert|so true\n|\n|t:|1682876783\n|switch|p1a: Lilith|Flutter Mane, L50, shiny|100\/100\n|-enditem|p1a: Lilith|Booster Energy\n|-activate|p1a: Lilith|ability: Protosynthesis|[fromitem]\n|-start|p1a: Lilith|protosynthesisspa\n|turn|5\n|\n|t:|1682876800\n|move|p1a: Lilith|Protect|p1a: Lilith\n|-singleturn|p1a: Lilith|Protect\n|move|p2b: Amoonguss|Rage Powder|p2b: Amoonguss\n|-singleturn|p2b: Amoonguss|move: Rage Powder\n|move|p2a: Drednaw|Rock Slide|p1a: Lilith|[spread] p1b\n|-activate|p1a: Lilith|move: Protect\n|-supereffective|p1b: Jaws\n|-crit|p1b: Jaws\n|-damage|p1b: Jaws|0 fnt\n|faint|p1b: Jaws\n|\n|-weather|none\n|upkeep\n|c|\u2606muddyswamppert|oh plz\n|c|\u2606HeffNastyy|okay guess thats game then lol\n|\n|t:|1682876815\n|switch|p1b: Diego|Chien-Pao, L50|100\/100\n|-ability|p1b: Diego|Sword of Ruin\n|turn|6\n|c|\u2606HeffNastyy|hax really screwd me this tournament\n|\n|t:|1682876834\n|-terastallize|p2a: Drednaw|Water\n|move|p2b: Amoonguss|Rage Powder|p2b: Amoonguss\n|-singleturn|p2b: Amoonguss|move: Rage Powder\n|move|p1b: Diego|Ice Spinner|p2b: Amoonguss\n|-supereffective|p2b: Amoonguss\n|-damage|p2b: Amoonguss|0 fnt\n|faint|p2b: Amoonguss\n|move|p1a: Lilith|Moonblast|p2a: Drednaw\n|-damage|p2a: Drednaw|6\/100\n|move|p2a: Drednaw|Liquidation|p1a: Lilith\n|-damage|p1a: Lilith|0 fnt\n|faint|p1a: Lilith\n|-end|p1a: Lilith|Protosynthesis|[silent]\n|\n|upkeep\n|\n|t:|1682876840\n|switch|p2b: Iron Valiant|Iron Valiant, L50|100\/100\n|-enditem|p2b: Iron Valiant|Booster Energy\n|-activate|p2b: Iron Valiant|ability: Quark Drive|[fromitem]\n|-start|p2b: Iron Valiant|quarkdrivespe\n|turn|7\n|\n|t:|1682876860\n|move|p2b: Iron Valiant|Spirit Break|p1b: Diego\n|-supereffective|p1b: Diego\n|-enditem|p1b: Diego|Focus Sash\n|-damage|p1b: Diego|1\/100\n|-unboost|p1b: Diego|spa|1\n|move|p1b: Diego|Ice Spinner|p2a: Drednaw\n|-resisted|p2a: Drednaw\n|-damage|p2a: Drednaw|0 fnt\n|faint|p2a: Drednaw\n|\n|upkeep\n|turn|8\n|c|\u2606muddyswamppert|gg\n|c|\u2606HeffNastyy|ggs\n|\n|t:|1682876873\n|move|p1b: Diego|Sucker Punch|p2b: Iron Valiant\n|-resisted|p2b: Iron Valiant\n|-damage|p2b: Iron Valiant|84\/100\n|move|p2b: Iron Valiant|Spirit Break|p1b: Diego\n|-supereffective|p1b: Diego\n|-damage|p1b: Diego|0 fnt\n|faint|p1b: Diego\n|\n|win|muddyswamppert\n|l|\u2606muddyswamppert\n","uploadtime":1682877066,"views":9,"p1id":"heffnastyy","p2id":"muddyswamppert","formatid":"gen9vgc2023regulationc","rating":0,"private":0,"password":""}