{"id":"gen9vgc2023regulationc-1861010986","p1":"iuubhbhvl","p2":"D-scNSe","format":"[Gen 9] VGC 2023 Regulation C","log":"|j|\u2606iuubhbhvl\n|j|\u2606D-scNSe\n|t:|1683713891\n|gametype|doubles\n|player|p1|iuubhbhvl|red|1481\n|player|p2|D-scNSe|169|1353\n|teamsize|p1|6\n|teamsize|p2|6\n|gen|9\n|tier|[Gen 9] VGC 2023 Regulation C\n|rated|\n|rule|Species Clause: Limit one of each Pok\u00e9mon\n|rule|Item Clause: Limit one of each item\n|clearpoke\n|poke|p1|Flutter Mane, L50|\n|poke|p1|Great Tusk, L50|\n|poke|p1|Arcanine, L50, M|\n|poke|p1|Torkoal, L50, M|\n|poke|p1|Iron Hands, L50|\n|poke|p1|Amoonguss, L50, M|\n|poke|p2|Flutter Mane, L50|\n|poke|p2|Ting-Lu, L50|\n|poke|p2|Maushold-Four, L50|\n|poke|p2|Annihilape, L50, F|\n|poke|p2|Iron Bundle, L50|\n|poke|p2|Arcanine, L50, M|\n|teampreview|4\n|\n|t:|1683713924\n|start\n|switch|p1a: Flutter Mane|Flutter Mane, L50|100\/100\n|switch|p1b: Amoonguss|Amoonguss, L50, M|100\/100\n|switch|p2a: Annihilape|Annihilape, L50, F|100\/100\n|switch|p2b: Arcanine|Arcanine, L50, M|100\/100\n|-ability|p2b: Arcanine|Intimidate|boost\n|-unboost|p1a: Flutter Mane|atk|1\n|-unboost|p1b: Amoonguss|atk|1\n|turn|1\n|\n|t:|1683713941\n|-terastallize|p2a: Annihilape|Fire\n|-terastallize|p1a: Flutter Mane|Fairy\n|move|p2b: Arcanine|Flare Blitz|p1b: Amoonguss\n|-supereffective|p1b: Amoonguss\n|-damage|p1b: Amoonguss|14\/100\n|-enditem|p1b: Amoonguss|Sitrus Berry|[eat]\n|-heal|p1b: Amoonguss|39\/100|[from] item: Sitrus Berry\n|-damage|p2b: Arcanine|68\/100|[from] Recoil\n|move|p2a: Annihilape|Rage Fist|p1a: Flutter Mane\n|-damage|p1a: Flutter Mane|68\/100\n|move|p1b: Amoonguss|Spore|p2a: Annihilape\n|-status|p2a: Annihilape|slp|[from] move: Spore\n|move|p1a: Flutter Mane|Trick Room|p1a: Flutter Mane\n|-fieldstart|move: Trick Room|[of] p1a: Flutter Mane\n|\n|upkeep\n|turn|2\n|\n|t:|1683713970\n|switch|p1b: Torkoal|Torkoal, L50, M|100\/100\n|-weather|SunnyDay|[from] ability: Drought|[of] p1b: Torkoal\n|-activate|p1a: Flutter Mane|ability: Protosynthesis\n|-start|p1a: Flutter Mane|protosynthesisspa\n|cant|p2a: Annihilape|slp\n|move|p1a: Flutter Mane|Shadow Ball|p2a: Annihilape\n|-damage|p2a: Annihilape|55\/100 slp\n|move|p2b: Arcanine|Flare Blitz|p1a: Flutter Mane\n|-damage|p1a: Flutter Mane|0 fnt\n|faint|p1a: Flutter Mane\n|-end|p1a: Flutter Mane|Protosynthesis|[silent]\n|-damage|p2b: Arcanine|49\/100|[from] Recoil\n|-enditem|p2b: Arcanine|Sitrus Berry|[eat]\n|-heal|p2b: Arcanine|74\/100|[from] item: Sitrus Berry\n|\n|-weather|SunnyDay|[upkeep]\n|-heal|p2a: Annihilape|61\/100 slp|[from] item: Leftovers\n|upkeep\n|\n|t:|1683713984\n|switch|p1a: Iron Hands|Iron Hands, L50|100\/100\n|turn|3\n|\n|t:|1683713998\n|cant|p2a: Annihilape|slp\n|move|p2b: Arcanine|Protect|p2b: Arcanine\n|-singleturn|p2b: Arcanine|Protect\n|move|p1b: Torkoal|Eruption|p2b: Arcanine|[spread] p2a\n|-activate|p2b: Arcanine|move: Protect\n|-resisted|p2a: Annihilape\n|-damage|p2a: Annihilape|22\/100 slp\n|move|p1a: Iron Hands|Wild Charge|p2b: Arcanine\n|-activate|p2b: Arcanine|move: Protect\n|\n|-weather|SunnyDay|[upkeep]\n|-heal|p2a: Annihilape|28\/100 slp|[from] item: Leftovers\n|upkeep\n|turn|4\n|\n|t:|1683714015\n|cant|p2a: Annihilape|slp\n|move|p1b: Torkoal|Eruption|p2a: Annihilape|[spread] p2a,p2b\n|-resisted|p2a: Annihilape\n|-resisted|p2b: Arcanine\n|-damage|p2a: Annihilape|0 fnt\n|-damage|p2b: Arcanine|34\/100\n|faint|p2a: Annihilape\n|move|p1a: Iron Hands|Wild Charge|p2b: Arcanine\n|-damage|p2b: Arcanine|0 fnt\n|faint|p2b: Arcanine\n|-damage|p1a: Iron Hands|94\/100|[from] Recoil\n|\n|-weather|SunnyDay|[upkeep]\n|upkeep\n|\n|t:|1683714026\n|switch|p2a: Iron Bundle|Iron Bundle, L50|100\/100\n|switch|p2b: Flutter Mane|Flutter Mane, L50|100\/100\n|-activate|p2b: Flutter Mane|ability: Protosynthesis\n|-start|p2b: Flutter Mane|protosynthesisspe\n|turn|5\n|\n|t:|1683714037\n|move|p2a: Iron Bundle|Protect|p2a: Iron Bundle\n|-singleturn|p2a: Iron Bundle|Protect\n|move|p2b: Flutter Mane|Protect|p2b: Flutter Mane\n|-singleturn|p2b: Flutter Mane|Protect\n|move|p1b: Torkoal|Eruption|p2b: Flutter Mane|[spread] \n|-activate|p2a: Iron Bundle|move: Protect\n|-activate|p2b: Flutter Mane|move: Protect\n|move|p1a: Iron Hands|Wild Charge|p2b: Flutter Mane\n|-activate|p2b: Flutter Mane|move: Protect\n|\n|-weather|SunnyDay|[upkeep]\n|-fieldend|move: Trick Room\n|upkeep\n|turn|6\n|\n|t:|1683714053\n|move|p2b: Flutter Mane|Moonblast|p1a: Iron Hands\n|-supereffective|p1a: Iron Hands\n|-damage|p1a: Iron Hands|50\/100\n|move|p2a: Iron Bundle|Freeze-Dry|p1a: Iron Hands\n|-damage|p1a: Iron Hands|36\/100\n|move|p1a: Iron Hands|Drain Punch|p2a: Iron Bundle\n|-supereffective|p2a: Iron Bundle\n|-damage|p2a: Iron Bundle|14\/100\n|-heal|p1a: Iron Hands|58\/100|[from] drain|[of] p2a: Iron Bundle\n|move|p1b: Torkoal|Heat Wave|p2b: Flutter Mane|[spread] p2a\n|-miss|p1b: Torkoal|p2b: Flutter Mane\n|-damage|p2a: Iron Bundle|0 fnt\n|faint|p2a: Iron Bundle\n|-end|p2a: Iron Bundle|Quark Drive|[silent]\n|\n|-weather|none\n|-end|p2b: Flutter Mane|Protosynthesis\n|upkeep\n|-enditem|p2b: Flutter Mane|Booster Energy\n|-activate|p2b: Flutter Mane|ability: Protosynthesis|[fromitem]\n|-start|p2b: Flutter Mane|protosynthesisspe\n|turn|7\n|\n|t:|1683714080\n|move|p2b: Flutter Mane|Moonblast|p1a: Iron Hands\n|-supereffective|p1a: Iron Hands\n|-damage|p1a: Iron Hands|16\/100\n|-unboost|p1a: Iron Hands|spa|1\n|move|p1a: Iron Hands|Wild Charge|p2b: Flutter Mane\n|-damage|p2b: Flutter Mane|21\/100\n|-damage|p1a: Iron Hands|5\/100|[from] Recoil\n|move|p1b: Torkoal|Eruption|p2b: Flutter Mane\n|-damage|p2b: Flutter Mane|0 fnt\n|faint|p2b: Flutter Mane\n|-end|p2b: Flutter Mane|Protosynthesis|[silent]\n|\n|win|iuubhbhvl\n|raw|iuubhbhvl's rating: 1481 → 1494<\/strong> (+13 for winning)\n|raw|D-scNSe's rating: 1353 → 1340<\/strong> (-13 for losing)\n","uploadtime":1683714092,"views":17,"p1id":"iuubhbhvl","p2id":"dscnse","formatid":"gen9vgc2023regulationc","rating":1340,"private":0,"password":""}