{"id":"gen9vgc2023regulationc-1844914453","p1":"Adolfcitron","p2":"JWNORRIS","format":"[Gen 9] VGC 2023 Regulation C","log":"|j|\u2606Adolfcitron\n|j|\u2606JWNORRIS\n|t:|1681663596\n|gametype|doubles\n|player|p1|Adolfcitron|riley|1096\n|player|p2|JWNORRIS|cynthia-gen4|1000\n|teamsize|p1|6\n|teamsize|p2|6\n|gen|9\n|tier|[Gen 9] VGC 2023 Regulation C\n|rated|\n|rule|Species Clause: Limit one of each Pok\u00e9mon\n|rule|Item Clause: Limit one of each item\n|clearpoke\n|poke|p1|Pelipper, L50, F|\n|poke|p1|Arcanine, L50, M|\n|poke|p1|Iron Hands, L50|\n|poke|p1|Palafin, L50, M|\n|poke|p1|Ting-Lu, L50|\n|poke|p1|Iron Bundle, L50|\n|poke|p2|Flutter Mane, L50|\n|poke|p2|Gothitelle, L50, M|\n|poke|p2|Pelipper, L50, M|\n|poke|p2|Kilowattrel, L50, F|\n|poke|p2|Breloom, L50, F|\n|poke|p2|Annihilape, L50, M|\n|teampreview|4\n|inactive|Battle timer is ON: inactive players will automatically lose when time's up. (requested by JWNORRIS)\n|inactive|Adolfcitron has 60 seconds left.\n|\n|t:|1681663630\n|start\n|switch|p1a: Pelipper|Pelipper, L50, F|100\/100\n|switch|p1b: Iron Bundle|Iron Bundle, L50|100\/100\n|switch|p2a: Breloom|Breloom, L50, F|100\/100\n|switch|p2b: Gothitelle|Gothitelle, L50, M, shiny|100\/100\n|-weather|RainDance|[from] ability: Drizzle|[of] p1a: Pelipper\n|-enditem|p1b: Iron Bundle|Booster Energy\n|-activate|p1b: Iron Bundle|ability: Quark Drive|[fromitem]\n|-start|p1b: Iron Bundle|quarkdrivespe\n|turn|1\n|inactive|Adolfcitron has 30 seconds left.\n|inactive|Adolfcitron has 20 seconds left.\n|inactive|Adolfcitron has 15 seconds left.\n|l|\u2606JWNORRIS\n|inactive|JWNORRIS disconnected and has a minute to reconnect!\n|player|p2|\n|\n|t:|1681663674\n|move|p1b: Iron Bundle|Freeze-Dry|p2b: Gothitelle\n|-damage|p2b: Gothitelle|78\/100\n|-status|p2b: Gothitelle|frz\n|move|p1a: Pelipper|Hurricane|p2a: Breloom\n|-supereffective|p2a: Breloom\n|-damage|p2a: Breloom|0 fnt\n|faint|p2a: Breloom\n|-damage|p1a: Pelipper|91\/100|[from] item: Life Orb\n|cant|p2b: Gothitelle|frz\n|\n|-weather|RainDance|[upkeep]\n|upkeep\n|j|\u2606JWNORRIS\n|inactive|JWNORRIS reconnected and has 55 seconds left.\n|player|p2|JWNORRIS|cynthia-gen4\n|\n|t:|1681663687\n|switch|p2a: Pelipper|Pelipper, L50, M|100\/100\n|turn|2\n|c|\u2606Adolfcitron|sorry:\uff08\n|inactive|Adolfcitron has 30 seconds left.\n|\n|t:|1681663715\n|move|p1b: Iron Bundle|Freeze-Dry|p2a: Pelipper\n|-supereffective|p2a: Pelipper\n|-enditem|p2a: Pelipper|Focus Sash\n|-damage|p2a: Pelipper|1\/100\n|move|p2a: Pelipper|Tailwind|p2a: Pelipper\n|-sidestart|p2: JWNORRIS|move: Tailwind\n|cant|p2b: Gothitelle|frz\n|move|p1a: Pelipper|Tailwind|p1a: Pelipper\n|-sidestart|p1: Adolfcitron|move: Tailwind\n|\n|-weather|RainDance|[upkeep]\n|upkeep\n|turn|3\n|\n|t:|1681663732\n|move|p1b: Iron Bundle|Icy Wind|p2a: Pelipper|[spread] p2a,p2b\n|-crit|p2a: Pelipper\n|-damage|p2a: Pelipper|0 fnt\n|-damage|p2b: Gothitelle|63\/100 frz\n|-unboost|p2b: Gothitelle|spe|1\n|faint|p2a: Pelipper\n|move|p1a: Pelipper|Hurricane|p2b: Gothitelle\n|-damage|p2b: Gothitelle|23\/100 frz\n|-start|p2b: Gothitelle|confusion\n|-enditem|p2b: Gothitelle|Wiki Berry|[eat]\n|-heal|p2b: Gothitelle|56\/100 frz|[from] item: Wiki Berry\n|-damage|p1a: Pelipper|81\/100|[from] item: Life Orb\n|cant|p2b: Gothitelle|frz\n|\n|-weather|RainDance|[upkeep]\n|upkeep\n|\n|t:|1681663736\n|switch|p2a: Annihilape|Annihilape, L50, M|100\/100\n|turn|4\n|inactive|Adolfcitron has 30 seconds left.\n|inactive|Adolfcitron has 20 seconds left.\n|inactive|Adolfcitron has 15 seconds left.\n|\n|t:|1681663778\n|-terastallize|p1a: Pelipper|Flying\n|move|p1b: Iron Bundle|Freeze-Dry|p2b: Gothitelle\n|-damage|p2b: Gothitelle|31\/100 frz\n|move|p2a: Annihilape|Thunder Punch|p1a: Pelipper\n|-supereffective|p1a: Pelipper\n|-damage|p1a: Pelipper|25\/100\n|-status|p1a: Pelipper|par\n|cant|p2b: Gothitelle|frz\n|move|p1a: Pelipper|Hurricane|p2a: Annihilape\n|-supereffective|p2a: Annihilape\n|-damage|p2a: Annihilape|0 fnt\n|faint|p2a: Annihilape\n|-damage|p1a: Pelipper|15\/100 par|[from] item: Life Orb\n|\n|-weather|RainDance|[upkeep]\n|upkeep\n|turn|5\n|\n|t:|1681663791\n|move|p1b: Iron Bundle|Freeze-Dry|p2b: Gothitelle\n|-damage|p2b: Gothitelle|8\/100 frz\n|-curestatus|p2b: Gothitelle|frz|[msg]\n|-activate|p2b: Gothitelle|confusion\n|move|p2b: Gothitelle|Psychic|p1a: Pelipper\n|-damage|p1a: Pelipper|0 fnt\n|faint|p1a: Pelipper\n|\n|-weather|none\n|-sideend|p2: JWNORRIS|move: Tailwind\n|-sideend|p1: Adolfcitron|move: Tailwind\n|upkeep\n|-message|JWNORRIS forfeited.\n|\n|win|Adolfcitron\n|raw|Adolfcitron's rating: 1096 → 1115<\/strong> (+19 for winning)\n|raw|JWNORRIS's rating: 1000 → 1000<\/strong> (+0 for losing)\n|l|\u2606JWNORRIS\n","uploadtime":1681663809,"views":16,"p1id":"adolfcitron","p2id":"jwnorris","formatid":"gen9vgc2023regulationc","rating":1000,"private":0,"password":""}