{"id":"gen9vgc2023regulationc-1846855025","p1":"ZeLazyName","p2":"AleexVGC","format":"[Gen 9] VGC 2023 Regulation C","log":"|j|\u2606ZeLazyName\n|j|\u2606AleexVGC\n|t:|1681891059\n|gametype|doubles\n|player|p1|ZeLazyName|266|1004\n|player|p2|AleexVGC|102|1055\n|teamsize|p1|6\n|teamsize|p2|6\n|gen|9\n|tier|[Gen 9] VGC 2023 Regulation C\n|rated|\n|rule|Species Clause: Limit one of each Pok\u00e9mon\n|rule|Item Clause: Limit one of each item\n|clearpoke\n|poke|p1|Flutter Mane, L50|\n|poke|p1|Baxcalibur, L50, M|\n|poke|p1|Iron Bundle, L50|\n|poke|p1|Roaring Moon, L50|\n|poke|p1|Ceruledge, L50, M|\n|poke|p1|Torkoal, L50, M|\n|poke|p2|Iron Hands, L50|\n|poke|p2|Amoonguss, L50, F|\n|poke|p2|Arcanine, L50, F|\n|poke|p2|Palafin, L50, F|\n|poke|p2|Baxcalibur, L50, F|\n|poke|p2|Dragonite, L50, F|\n|teampreview|4\n|inactive|Battle timer is ON: inactive players will automatically lose when time's up. (requested by ZeLazyName)\n|\n|t:|1681891121\n|start\n|switch|p1a: Iron Bundle|Iron Bundle, L50|100\/100\n|switch|p1b: Flutter Mane|Flutter Mane, L50, shiny|100\/100\n|switch|p2a: Arcanine|Arcanine, L50, F|100\/100\n|switch|p2b: BlockBuster|Baxcalibur, L50, F|100\/100\n|-ability|p2a: Arcanine|Intimidate|boost\n|-unboost|p1a: Iron Bundle|atk|1\n|-unboost|p1b: Flutter Mane|atk|1\n|-enditem|p1a: Iron Bundle|Booster Energy\n|-activate|p1a: Iron Bundle|ability: Quark Drive|[fromitem]\n|-start|p1a: Iron Bundle|quarkdrivespe\n|turn|1\n|inactive|ZeLazyName has 30 seconds left.\n|inactive|AleexVGC has 30 seconds left.\n|inactive|ZeLazyName has 20 seconds left.\n|inactive|ZeLazyName has 15 seconds left.\n|inactive|ZeLazyName has 10 seconds left.\n|\n|t:|1681891166\n|-end|p1b: Flutter Mane|Protosynthesis|[silent]\n|switch|p1b: Baxcalibur|Baxcalibur, L50, M|100\/100\n|move|p2b: BlockBuster|Protect|p2b: BlockBuster\n|-singleturn|p2b: BlockBuster|Protect\n|move|p1a: Iron Bundle|Hydro Pump|p2a: Arcanine\n|-supereffective|p2a: Arcanine\n|-damage|p2a: Arcanine|12\/100\n|move|p2a: Arcanine|Will-O-Wisp|p1b: Baxcalibur\n|-immune|p1b: Baxcalibur|[from] ability: Thermal Exchange\n|\n|upkeep\n|turn|2\n|inactive|AleexVGC has 30 seconds left.\n|inactive|AleexVGC has 20 seconds left.\n|inactive|AleexVGC has 15 seconds left.\n|inactive|ZeLazyName has 30 seconds left.\n|inactive|AleexVGC has 10 seconds left.\n|\n|t:|1681891215\n|move|p2a: Arcanine|Extreme Speed|p1b: Baxcalibur\n|-damage|p1b: Baxcalibur|84\/100\n|move|p1a: Iron Bundle|Hydro Pump|p2a: Arcanine\n|-supereffective|p2a: Arcanine\n|-damage|p2a: Arcanine|0 fnt\n|faint|p2a: Arcanine\n|move|p2b: BlockBuster|Icicle Crash|p1b: Baxcalibur\n|-damage|p1b: Baxcalibur|37\/100\n|cant|p1b: Baxcalibur|flinch\n|\n|upkeep\n|\n|t:|1681891236\n|switch|p2a: ShiningArmor|Dragonite, L50, F|100\/100\n|turn|3\n|\n|t:|1681891250\n|-terastallize|p1b: Baxcalibur|Steel\n|move|p2b: BlockBuster|Ice Shard|p1b: Baxcalibur\n|-resisted|p1b: Baxcalibur\n|-damage|p1b: Baxcalibur|26\/100\n|move|p1a: Iron Bundle|Freeze-Dry|p2a: ShiningArmor\n|-supereffective|p2a: ShiningArmor\n|-damage|p2a: ShiningArmor|37\/100\n|move|p1b: Baxcalibur|Dragon Dance|p1b: Baxcalibur\n|-boost|p1b: Baxcalibur|atk|1\n|-boost|p1b: Baxcalibur|spe|1\n|move|p2a: ShiningArmor|Ice Spinner|p1a: Iron Bundle\n|-resisted|p1a: Iron Bundle\n|-damage|p1a: Iron Bundle|91\/100\n|\n|upkeep\n|turn|4\n|inactive|AleexVGC has 30 seconds left.\n|\n|t:|1681891277\n|move|p1a: Iron Bundle|Protect|p1a: Iron Bundle\n|-singleturn|p1a: Iron Bundle|Protect\n|move|p2a: ShiningArmor|Protect|p2a: ShiningArmor\n|-singleturn|p2a: ShiningArmor|Protect\n|move|p1b: Baxcalibur|Glaive Rush|p2b: BlockBuster\n|-supereffective|p2b: BlockBuster\n|-damage|p2b: BlockBuster|0 fnt\n|-singlemove|p1b: Baxcalibur|Glaive Rush|[silent]\n|faint|p2b: BlockBuster\n|\n|upkeep\n|\n|t:|1681891282\n|switch|p2b: Shrom41Mor|Amoonguss, L50, F|100\/100\n|turn|5\n|\n|t:|1681891296\n|move|p2a: ShiningArmor|Protect|p2a: ShiningArmor\n|-singleturn|p2a: ShiningArmor|Protect\n|move|p1a: Iron Bundle|Icy Wind|p2a: ShiningArmor|[spread] p2b\n|-activate|p2a: ShiningArmor|move: Protect\n|-supereffective|p2b: Shrom41Mor\n|-damage|p2b: Shrom41Mor|70\/100\n|-unboost|p2b: Shrom41Mor|spe|1\n|move|p1b: Baxcalibur|Icicle Spear|p2a: ShiningArmor\n|-activate|p2a: ShiningArmor|move: Protect\n|move|p2b: Shrom41Mor|Spore|p1a: Iron Bundle\n|-status|p1a: Iron Bundle|slp|[from] move: Spore\n|\n|upkeep\n|turn|6\n|inactive|AleexVGC has 30 seconds left.\n|\n|t:|1681891325\n|move|p2a: ShiningArmor|Extreme Speed|p1b: Baxcalibur\n|-resisted|p1b: Baxcalibur\n|-damage|p1b: Baxcalibur|13\/100\n|cant|p1a: Iron Bundle|slp\n|move|p1b: Baxcalibur|Icicle Spear|p2b: Shrom41Mor\n|-supereffective|p2b: Shrom41Mor\n|-damage|p2b: Shrom41Mor|27\/100\n|-enditem|p2b: Shrom41Mor|Sitrus Berry|[eat]\n|-heal|p2b: Shrom41Mor|52\/100|[from] item: Sitrus Berry\n|-supereffective|p2b: Shrom41Mor\n|-damage|p2b: Shrom41Mor|8\/100\n|-supereffective|p2b: Shrom41Mor\n|-damage|p2b: Shrom41Mor|0 fnt\n|faint|p2b: Shrom41Mor\n|-hitcount|p2: Shrom41Mor|3\n|\n|upkeep\n|turn|7\n|inactive|AleexVGC has 30 seconds left.\n|\n|t:|1681891357\n|-terastallize|p2a: ShiningArmor|Flying\n|move|p1b: Baxcalibur|Protect|p1b: Baxcalibur\n|-singleturn|p1b: Baxcalibur|Protect\n|cant|p1a: Iron Bundle|slp\n|move|p2a: ShiningArmor|Tera Blast|p1b: Baxcalibur\n|-activate|p1b: Baxcalibur|move: Protect\n|\n|upkeep\n|turn|8\n|\n|t:|1681891370\n|-curestatus|p1a: Iron Bundle|slp|[msg]\n|move|p1a: Iron Bundle|Freeze-Dry|p2a: ShiningArmor\n|-supereffective|p2a: ShiningArmor\n|-damage|p2a: ShiningArmor|0 fnt\n|faint|p2a: ShiningArmor\n|\n|win|ZeLazyName\n|raw|ZeLazyName's rating: 1004 → 1049<\/strong> (+45 for winning)\n|raw|AleexVGC's rating: 1055 → 1034<\/strong> (-21 for losing)\n|l|\u2606AleexVGC\n","uploadtime":1681891381,"views":8,"p1id":"zelazyname","p2id":"aleexvgc","formatid":"gen9vgc2023regulationc","rating":1034,"private":0,"password":""}