{"id":"gen9vgc2023regulationc-1856679271","p1":"iStockphoto","p2":"NUM-AMI-JISATZ","format":"[Gen 9] VGC 2023 Regulation C","log":"|j|\u2606iStockphoto\n|j|\u2606NUM-AMI-JISATZ\n|t:|1683093149\n|gametype|doubles\n|player|p1|iStockphoto|266|1064\n|player|p2|NUM-AMI-JISATZ|elesa|1168\n|teamsize|p1|6\n|teamsize|p2|6\n|gen|9\n|tier|[Gen 9] VGC 2023 Regulation C\n|rated|\n|rule|Species Clause: Limit one of each Pok\u00e9mon\n|rule|Item Clause: Limit one of each item\n|clearpoke\n|poke|p1|Abomasnow, L50, M|\n|poke|p1|Baxcalibur, L50, M|\n|poke|p1|Ting-Lu, L50|\n|poke|p1|Maushold, L50|\n|poke|p1|Wo-Chien, L50|\n|poke|p1|Gholdengo, L50|\n|poke|p2|Great Tusk, L50|\n|poke|p2|Chi-Yu, L50|\n|poke|p2|Flutter Mane, L50|\n|poke|p2|Iron Bundle, L50|\n|poke|p2|Murkrow, L50, M|\n|poke|p2|Arcanine, L50, M|\n|teampreview|4\niStockphoto has agreed to open team sheets.\n|inactive|Battle timer is ON: inactive players will automatically lose when time's up. (requested by iStockphoto)\n|\n|t:|1683093210\n|start\n|switch|p1a: Abomasnow|Abomasnow, L50, M|100\/100\n|switch|p1b: Gholdengo|Gholdengo, L50|100\/100\n|switch|p2a: Murkrow|Murkrow, L50, M|100\/100\n|switch|p2b: Chi-Yu|Chi-Yu, L50|100\/100\n|-ability|p2b: Chi-Yu|Beads of Ruin\n|-weather|Snow|[from] ability: Snow Warning|[of] p1a: Abomasnow\n|turn|1\n|inactive|iStockphoto has 30 seconds left.\n|\n|t:|1683093238\n|switch|p1b: Ting-Lu|Ting-Lu, L50|100\/100\n|-ability|p1b: Ting-Lu|Vessel of Ruin\n|-terastallize|p2b: Chi-Yu|Grass\n|move|p2a: Murkrow|Sunny Day|p2a: Murkrow\n|-weather|SunnyDay\n|move|p2b: Chi-Yu|Tera Blast|p1a: Abomasnow\n|-resisted|p1a: Abomasnow\n|-damage|p1a: Abomasnow|85\/100\n|move|p1a: Abomasnow|Aurora Veil||[still]\n|-fail|p1a: Abomasnow\n|\n|-weather|SunnyDay|[upkeep]\n|upkeep\n|turn|2\n|\n|t:|1683093262\n|move|p1a: Abomasnow|Protect|p1a: Abomasnow\n|-singleturn|p1a: Abomasnow|Protect\n|move|p2a: Murkrow|Tailwind|p2a: Murkrow\n|-sidestart|p2: NUM-AMI-JISATZ|move: Tailwind\n|move|p2b: Chi-Yu|Flamethrower|p1a: Abomasnow\n|-activate|p1a: Abomasnow|move: Protect\n|move|p1b: Ting-Lu|Fissure|p2b: Chi-Yu\n|-damage|p2b: Chi-Yu|0 fnt\n|faint|p2b: Chi-Yu\n|-ohko\n|\n|-weather|SunnyDay|[upkeep]\n|upkeep\n|\n|t:|1683093274\n|switch|p2b: Arcanine|Arcanine, L50, M|100\/100\n|-ability|p2b: Arcanine|Intimidate|boost\n|-unboost|p1a: Abomasnow|atk|1\n|-unboost|p1b: Ting-Lu|atk|1\n|turn|3\n|\n|t:|1683093292\n|switch|p1a: Baxcalibur|Baxcalibur, L50, M|100\/100\n|move|p2b: Arcanine|Flare Blitz|p1a: Baxcalibur\n|-damage|p1a: Baxcalibur|18\/100\n|-ability|p1a: Baxcalibur|Thermal Exchange|boost\n|-boost|p1a: Baxcalibur|atk|1\n|-damage|p2b: Arcanine|74\/100|[from] Recoil\n|move|p2a: Murkrow|Foul Play|p1a: Baxcalibur\n|-damage|p1a: Baxcalibur|0 fnt\n|faint|p1a: Baxcalibur\n|move|p1b: Ting-Lu|Ruination|p2b: Arcanine\n|-damage|p2b: Arcanine|37\/100\n|\n|-weather|SunnyDay|[upkeep]\n|upkeep\n|\n|t:|1683093306\n|switch|p1a: Abomasnow|Abomasnow, L50, M|85\/100\n|-weather|Snow|[from] ability: Snow Warning|[of] p1a: Abomasnow\n|turn|4\n|\n|t:|1683093324\n|-terastallize|p1a: Abomasnow|Water\n|move|p2a: Murkrow|Sunny Day|p2a: Murkrow\n|-weather|SunnyDay\n|move|p2b: Arcanine|Flare Blitz|p1a: Abomasnow\n|-resisted|p1a: Abomasnow\n|-damage|p1a: Abomasnow|36\/100\n|-damage|p2b: Arcanine|21\/100|[from] Recoil\n|move|p1a: Abomasnow|Blizzard|p2b: Arcanine|[spread] p2a,p2b\n|-supereffective|p2a: Murkrow\n|-resisted|p2b: Arcanine\n|-damage|p2a: Murkrow|57\/100\n|-damage|p2b: Arcanine|14\/100\n|move|p1b: Ting-Lu|Stomping Tantrum|p2b: Arcanine\n|-supereffective|p2b: Arcanine\n|-damage|p2b: Arcanine|0 fnt\n|faint|p2b: Arcanine\n|\n|-weather|SunnyDay|[upkeep]\n|upkeep\n|\n|t:|1683093338\n|switch|p2b: Flutter Mane|Flutter Mane, L50|100\/100\n|-activate|p2b: Flutter Mane|ability: Protosynthesis\n|-start|p2b: Flutter Mane|protosynthesisspe\n|turn|5\n|\n|t:|1683093352\n|move|p1a: Abomasnow|Protect|p1a: Abomasnow\n|-singleturn|p1a: Abomasnow|Protect\n|move|p2b: Flutter Mane|Moonblast|p1b: Ting-Lu\n|-supereffective|p1b: Ting-Lu\n|-damage|p1b: Ting-Lu|64\/100\n|move|p2a: Murkrow|Foul Play|p1a: Abomasnow\n|-activate|p1a: Abomasnow|move: Protect\n|move|p1b: Ting-Lu|Heavy Slam|p2b: Flutter Mane\n|-supereffective|p2b: Flutter Mane\n|-damage|p2b: Flutter Mane|35\/100\n|\n|-weather|SunnyDay|[upkeep]\n|-sideend|p2: NUM-AMI-JISATZ|move: Tailwind\n|upkeep\n|turn|6\n|\n|t:|1683093371\n|move|p2b: Flutter Mane|Moonblast|p1b: Ting-Lu\n|-supereffective|p1b: Ting-Lu\n|-damage|p1b: Ting-Lu|29\/100\n|-unboost|p1b: Ting-Lu|spa|1\n|move|p2a: Murkrow|Foul Play|p1a: Abomasnow\n|-damage|p1a: Abomasnow|10\/100\n|move|p1a: Abomasnow|Icy Wind|p2b: Flutter Mane|[spread] p2a,p2b\n|-supereffective|p2a: Murkrow\n|-damage|p2a: Murkrow|36\/100\n|-damage|p2b: Flutter Mane|26\/100\n|-unboost|p2a: Murkrow|spe|1\n|-unboost|p2b: Flutter Mane|spe|1\n|move|p1b: Ting-Lu|Heavy Slam|p2b: Flutter Mane\n|-supereffective|p2b: Flutter Mane\n|-damage|p2b: Flutter Mane|0 fnt\n|faint|p2b: Flutter Mane\n|-end|p2b: Flutter Mane|Protosynthesis|[silent]\n|\n|-weather|SunnyDay|[upkeep]\n|upkeep\n|turn|7\n|-message|NUM-AMI-JISATZ forfeited.\n|\n|win|iStockphoto\n|raw|iStockphoto's rating: 1064 → 1103<\/strong> (+39 for winning)\n|raw|NUM-AMI-JISATZ's rating: 1168 → 1136<\/strong> (-32 for losing)\n|l|\u2606NUM-AMI-JISATZ\n","uploadtime":1683093393,"views":7,"p1id":"istockphoto","p2id":"numamijisatz","formatid":"gen9vgc2023regulationc","rating":1103,"private":0,"password":""}