{"id":"gen9vgc2023regulationc-1851783523","p1":"LumpySangsu","p2":"MLGmushroom","format":"[Gen 9] VGC 2023 Regulation C","log":"|j|\u2606LumpySangsu\n|j|\u2606MLGmushroom\n|t:|1682483004\n|gametype|doubles\n|player|p1|LumpySangsu|265|1126\n|player|p2|MLGmushroom|blue|1174\n|teamsize|p1|6\n|teamsize|p2|6\n|gen|9\n|tier|[Gen 9] VGC 2023 Regulation C\n|rated|\n|rule|Species Clause: Limit one of each Pok\u00e9mon\n|rule|Item Clause: Limit one of each item\n|clearpoke\n|poke|p1|Iron Bundle, L50|\n|poke|p1|Glimmora, L50, M|\n|poke|p1|Arcanine, L50, F|\n|poke|p1|Ting-Lu, L50|\n|poke|p1|Amoonguss, L50, F|\n|poke|p1|Garganacl, L50, M|\n|poke|p2|Chien-Pao, L50|\n|poke|p2|Roaring Moon, L50|\n|poke|p2|Flutter Mane, L50|\n|poke|p2|Amoonguss, L50, F|\n|poke|p2|Gyarados, L50, F|\n|poke|p2|Scizor, L50, F|\n|teampreview|4\n|\n|t:|1682483043\n|start\n|switch|p1a: Garganacl|Garganacl, L50, M|100\/100\n|switch|p1b: Ting-Lu|Ting-Lu, L50|100\/100\n|switch|p2a: Flutter Mane|Flutter Mane, L50|100\/100\n|switch|p2b: Gyarados|Gyarados, L50, F|100\/100\n|-ability|p2b: Gyarados|Intimidate|boost\n|-unboost|p1a: Garganacl|atk|1\n|-unboost|p1b: Ting-Lu|atk|1\n|-ability|p1b: Ting-Lu|Vessel of Ruin\n|turn|1\n|\n|t:|1682483074\n|switch|p1a: Arcanine|Arcanine, L50, F|100\/100\n|-ability|p1a: Arcanine|Intimidate|boost\n|-unboost|p2a: Flutter Mane|atk|1\n|-unboost|p2b: Gyarados|atk|1\n|move|p2a: Flutter Mane|Protect|p2a: Flutter Mane\n|-singleturn|p2a: Flutter Mane|Protect\n|move|p2b: Gyarados|Waterfall|p1b: Ting-Lu\n|-supereffective|p1b: Ting-Lu\n|-damage|p1b: Ting-Lu|71\/100\n|move|p1b: Ting-Lu|Heavy Slam|p2a: Flutter Mane\n|-activate|p2a: Flutter Mane|move: Protect\n|\n|upkeep\n|turn|2\n|\n|t:|1682483098\n|-end|p2a: Flutter Mane|Protosynthesis|[silent]\n|switch|p2a: Amoonguss|Amoonguss, L50, F|100\/100\n|move|p2b: Gyarados|Waterfall|p1a: Arcanine\n|-supereffective|p1a: Arcanine\n|-damage|p1a: Arcanine|43\/100\n|move|p1a: Arcanine|Flare Blitz|p2b: Gyarados\n|-resisted|p2b: Gyarados\n|-damage|p2b: Gyarados|77\/100\n|-damage|p1a: Arcanine|35\/100|[from] Recoil\n|move|p1b: Ting-Lu|Ruination|p2a: Amoonguss\n|-damage|p2a: Amoonguss|51\/100\n|\n|upkeep\n|turn|3\n|\n|t:|1682483116\n|switch|p1b: Amoonguss|Amoonguss, L50, F|100\/100\n|move|p1a: Arcanine|Protect|p1a: Arcanine\n|-singleturn|p1a: Arcanine|Protect\n|move|p2b: Gyarados|Waterfall|p1a: Arcanine\n|-activate|p1a: Arcanine|move: Protect\n|move|p2a: Amoonguss|Spore|p1b: Amoonguss\n|-immune|p1b: Amoonguss\n|\n|upkeep\n|turn|4\n|\n|t:|1682483137\n|switch|p1a: Garganacl|Garganacl, L50, M|100\/100\n|move|p1b: Amoonguss|Rage Powder|p1b: Amoonguss\n|-singleturn|p1b: Amoonguss|move: Rage Powder\n|move|p2b: Gyarados|Taunt|p1b: Amoonguss\n|-start|p1b: Amoonguss|move: Taunt\n|move|p2a: Amoonguss|Pollen Puff|p2b: Gyarados\n|-heal|p2b: Gyarados|100\/100\n|\n|upkeep\n|turn|5\n|\n|t:|1682483152\n|switch|p2a: Roaring Moon|Roaring Moon, L50|100\/100\n|-enditem|p2a: Roaring Moon|Booster Energy\n|-activate|p2a: Roaring Moon|ability: Protosynthesis|[fromitem]\n|-start|p2a: Roaring Moon|protosynthesisatk\n|switch|p1b: Arcanine|Arcanine, L50, F|35\/100\n|-ability|p1b: Arcanine|Intimidate|boost\n|-unboost|p2a: Roaring Moon|atk|1\n|-unboost|p2b: Gyarados|atk|1\n|-terastallize|p1a: Garganacl|Ghost\n|move|p2b: Gyarados|Taunt|p1a: Garganacl\n|-start|p1a: Garganacl|move: Taunt\n|move|p1a: Garganacl|Salt Cure|p2b: Gyarados\n|-supereffective|p2b: Gyarados\n|-damage|p2b: Gyarados|68\/100\n|-start|p2b: Gyarados|Salt Cure\n|\n|-damage|p2b: Gyarados|43\/100|[from] Salt Cure\n|upkeep\n|turn|6\n|\n|t:|1682483189\n|switch|p1b: Amoonguss|Amoonguss, L50, F|100\/100\n|switch|p2b: Amoonguss|Amoonguss, L50, F|84\/100\n|switch|p1a: Ting-Lu|Ting-Lu, L50|71\/100\n|-ability|p1a: Ting-Lu|Vessel of Ruin\n|move|p2a: Roaring Moon|Throat Chop|p1a: Ting-Lu\n|-resisted|p1a: Ting-Lu\n|-damage|p1a: Ting-Lu|61\/100\n|-start|p1a: Ting-Lu|Throat Chop|[silent]\n|\n|upkeep\n|turn|7\n|\n|t:|1682483201\n|-end|p2a: Roaring Moon|Protosynthesis|[silent]\n|switch|p2a: Gyarados|Gyarados, L50, F|43\/100\n|-ability|p2a: Gyarados|Intimidate|boost\n|-unboost|p1a: Ting-Lu|atk|1\n|-unboost|p1b: Amoonguss|atk|1\n|switch|p1a: Garganacl|Garganacl, L50, M, tera:Ghost|100\/100\n|move|p2b: Amoonguss|Spore|p1a: Garganacl\n|-immune|p1a: Garganacl|[from] ability: Purifying Salt\n|move|p1b: Amoonguss|Spore|p2a: Gyarados\n|-status|p2a: Gyarados|slp|[from] move: Spore\n|-enditem|p2a: Gyarados|Lum Berry|[eat]\n|-curestatus|p2a: Gyarados|slp|[msg]\n|\n|upkeep\n|turn|8\n|\n|t:|1682483231\n|move|p1b: Amoonguss|Protect|p1b: Amoonguss\n|-singleturn|p1b: Amoonguss|Protect\n|move|p2a: Gyarados|Taunt|p1b: Amoonguss\n|-activate|p1b: Amoonguss|move: Protect\n|move|p2b: Amoonguss|Pollen Puff|p2a: Gyarados\n|-heal|p2a: Gyarados|93\/100\n|move|p1a: Garganacl|Salt Cure|p2a: Gyarados\n|-supereffective|p2a: Gyarados\n|-damage|p2a: Gyarados|61\/100\n|-start|p2a: Gyarados|Salt Cure\n|\n|-damage|p2a: Gyarados|36\/100|[from] Salt Cure\n|upkeep\n|turn|9\n|\n|t:|1682483248\n|switch|p2b: Flutter Mane|Flutter Mane, L50|100\/100\n|move|p2a: Gyarados|Taunt|p1b: Amoonguss\n|-start|p1b: Amoonguss|move: Taunt\n|move|p1a: Garganacl|Salt Cure|p2b: Flutter Mane\n|-damage|p2b: Flutter Mane|77\/100\n|-start|p2b: Flutter Mane|Salt Cure\n|cant|p1b: Amoonguss|move: Taunt|Spore\n|\n|-damage|p2b: Flutter Mane|65\/100|[from] Salt Cure\n|-damage|p2a: Gyarados|11\/100|[from] Salt Cure\n|upkeep\n|turn|10\n|\n|t:|1682483269\n|switch|p2a: Amoonguss|Amoonguss, L50, F|100\/100\n|switch|p1b: Ting-Lu|Ting-Lu, L50|61\/100\n|-ability|p1b: Ting-Lu|Vessel of Ruin\n|-terastallize|p2b: Flutter Mane|Fairy\n|move|p2b: Flutter Mane|Shadow Ball|p1a: Garganacl\n|-supereffective|p1a: Garganacl\n|-damage|p1a: Garganacl|67\/100\n|-unboost|p1a: Garganacl|spd|1\n|-damage|p2b: Flutter Mane|55\/100|[from] item: Life Orb\n|move|p1a: Garganacl|Recover|p1a: Garganacl\n|-heal|p1a: Garganacl|100\/100\n|\n|-damage|p2b: Flutter Mane|43\/100|[from] Salt Cure\n|upkeep\n|turn|11\n|\n|t:|1682483293\n|move|p1b: Ting-Lu|Protect|p1b: Ting-Lu\n|-singleturn|p1b: Ting-Lu|Protect\n|move|p2b: Flutter Mane|Dazzling Gleam|p1b: Ting-Lu|[spread] p1a\n|-activate|p1b: Ting-Lu|move: Protect\n|-damage|p1a: Garganacl|49\/100\n|-damage|p2b: Flutter Mane|34\/100|[from] item: Life Orb\n|move|p2a: Amoonguss|Pollen Puff|p2b: Flutter Mane\n|-heal|p2b: Flutter Mane|83\/100\n|move|p1a: Garganacl|Salt Cure|p2a: Amoonguss\n|-damage|p2a: Amoonguss|90\/100\n|-start|p2a: Amoonguss|Salt Cure\n|\n|-heal|p1a: Garganacl|55\/100|[from] item: Leftovers\n|-damage|p2b: Flutter Mane|71\/100|[from] Salt Cure\n|-damage|p2a: Amoonguss|77\/100|[from] Salt Cure\n|upkeep\n|turn|12\n|\n|t:|1682483311\n|switch|p1a: Arcanine|Arcanine, L50, F|35\/100\n|-ability|p1a: Arcanine|Intimidate|boost\n|-unboost|p2a: Amoonguss|atk|1\n|-unboost|p2b: Flutter Mane|atk|1\n|move|p2b: Flutter Mane|Dazzling Gleam|p1b: Ting-Lu|[spread] p1a,p1b\n|-resisted|p1a: Arcanine\n|-supereffective|p1b: Ting-Lu\n|-damage|p1a: Arcanine|18\/100\n|-damage|p1b: Ting-Lu|4\/100\n|-enditem|p1b: Ting-Lu|Sitrus Berry|[eat]\n|-heal|p1b: Ting-Lu|28\/100|[from] item: Sitrus Berry\n|-damage|p2b: Flutter Mane|62\/100|[from] item: Life Orb\n|move|p2a: Amoonguss|Pollen Puff|p2b: Flutter Mane\n|-heal|p2b: Flutter Mane|100\/100\n|move|p1b: Ting-Lu|Heavy Slam|p2b: Flutter Mane\n|-supereffective|p2b: Flutter Mane\n|-damage|p2b: Flutter Mane|0 fnt\n|faint|p2b: Flutter Mane\n|-end|p2b: Flutter Mane|Protosynthesis|[silent]\n|\n|-damage|p2a: Amoonguss|65\/100|[from] Salt Cure\n|upkeep\n|\n|t:|1682483321\n|switch|p2b: Gyarados|Gyarados, L50, F|11\/100\n|-ability|p2b: Gyarados|Intimidate|boost\n|-unboost|p1a: Arcanine|atk|1\n|-unboost|p1b: Ting-Lu|atk|1\n|turn|13\n|\n|t:|1682483336\n|switch|p1a: Amoonguss|Amoonguss, L50, F|100\/100\n|move|p1b: Ting-Lu|Protect|p1b: Ting-Lu\n|-singleturn|p1b: Ting-Lu|Protect\n|move|p2a: Amoonguss|Rage Powder|p2a: Amoonguss\n|-singleturn|p2a: Amoonguss|move: Rage Powder\n|move|p2b: Gyarados|Waterfall|p1a: Amoonguss\n|-resisted|p1a: Amoonguss\n|-damage|p1a: Amoonguss|83\/100\n|\n|-damage|p2a: Amoonguss|53\/100|[from] Salt Cure\n|upkeep\n|turn|14\n|\n|t:|1682483358\n|switch|p1b: Arcanine|Arcanine, L50, F|18\/100\n|-ability|p1b: Arcanine|Intimidate|boost\n|-unboost|p2a: Amoonguss|atk|1\n|-unboost|p2b: Gyarados|atk|1\n|move|p2b: Gyarados|Taunt|p1a: Amoonguss\n|-start|p1a: Amoonguss|move: Taunt\n|move|p2a: Amoonguss|Spore|p1b: Arcanine\n|-activate|p1b: Arcanine|item: Safety Goggles|Spore\n|cant|p1a: Amoonguss|move: Taunt|Spore\n|\n|-damage|p2a: Amoonguss|40\/100|[from] Salt Cure\n|upkeep\n|turn|15\n|\n|t:|1682483394\n|switch|p2b: Roaring Moon|Roaring Moon, L50|100\/100\n|move|p1b: Arcanine|Flare Blitz|p2a: Amoonguss\n|-supereffective|p2a: Amoonguss\n|-damage|p2a: Amoonguss|0 fnt\n|-damage|p1b: Arcanine|2\/100|[from] item: Rocky Helmet|[of] p2a: Amoonguss\n|faint|p2a: Amoonguss\n|-damage|p1b: Arcanine|0 fnt|[from] Recoil\n|faint|p1b: Arcanine\n|move|p1a: Amoonguss|Clear Smog|p2b: Roaring Moon\n|-damage|p2b: Roaring Moon|86\/100\n|-clearboost|p2b: Roaring Moon\n|\n|upkeep\n|\n|t:|1682483407\n|switch|p1b: Garganacl|Garganacl, L50, M, tera:Ghost|55\/100\n|switch|p2a: Gyarados|Gyarados, L50, F|11\/100\n|-ability|p2a: Gyarados|Intimidate|boost\n|-unboost|p1a: Amoonguss|atk|1\n|-unboost|p1b: Garganacl|atk|1\n|turn|16\n|\n|t:|1682483422\n|switch|p1a: Ting-Lu|Ting-Lu, L50|28\/100\n|-ability|p1a: Ting-Lu|Vessel of Ruin\n|move|p2b: Roaring Moon|Throat Chop|p1b: Garganacl\n|-supereffective|p1b: Garganacl\n|-damage|p1b: Garganacl|7\/100\n|-start|p1b: Garganacl|Throat Chop|[silent]\n|move|p2a: Gyarados|Thunder Wave|p1a: Ting-Lu\n|-immune|p1a: Ting-Lu\n|move|p1b: Garganacl|Recover|p1b: Garganacl\n|-heal|p1b: Garganacl|58\/100\n|\n|-heal|p1b: Garganacl|63\/100|[from] item: Leftovers\n|upkeep\n|turn|17\n|\n|t:|1682483446\n|switch|p1a: Amoonguss|Amoonguss, L50, F|100\/100\n|move|p2b: Roaring Moon|Throat Chop|p1b: Garganacl\n|-supereffective|p1b: Garganacl\n|-damage|p1b: Garganacl|8\/100\n|move|p2a: Gyarados|Waterfall|p1b: Garganacl\n|-damage|p1b: Garganacl|0 fnt\n|faint|p1b: Garganacl\n|\n|upkeep\n|\n|t:|1682483451\n|switch|p1b: Ting-Lu|Ting-Lu, L50|28\/100\n|-ability|p1b: Ting-Lu|Vessel of Ruin\n|turn|18\n|\n|t:|1682483457\n|move|p1a: Amoonguss|Rage Powder|p1a: Amoonguss\n|-singleturn|p1a: Amoonguss|move: Rage Powder\n|move|p2b: Roaring Moon|Acrobatics|p1a: Amoonguss\n|-supereffective|p1a: Amoonguss\n|-damage|p1a: Amoonguss|43\/100\n|move|p2a: Gyarados|Waterfall|p1a: Amoonguss\n|-resisted|p1a: Amoonguss\n|-damage|p1a: Amoonguss|24\/100\n|-enditem|p1a: Amoonguss|Aguav Berry|[eat]\n|-heal|p1a: Amoonguss|58\/100|[from] item: Aguav Berry\n|move|p1b: Ting-Lu|Body Press|p2b: Roaring Moon\n|-supereffective|p2b: Roaring Moon\n|-damage|p2b: Roaring Moon|39\/100\n|\n|upkeep\n|turn|19\n|\n|t:|1682483493\n|move|p1a: Amoonguss|Rage Powder|p1a: Amoonguss\n|-singleturn|p1a: Amoonguss|move: Rage Powder\n|move|p2b: Roaring Moon|Acrobatics|p1a: Amoonguss\n|-supereffective|p1a: Amoonguss\n|-damage|p1a: Amoonguss|0 fnt\n|faint|p1a: Amoonguss\n|move|p2a: Gyarados|Waterfall|p1b: Ting-Lu\n|-supereffective|p1b: Ting-Lu\n|-damage|p1b: Ting-Lu|0 fnt\n|faint|p1b: Ting-Lu\n|\n|win|MLGmushroom\n|raw|LumpySangsu's rating: 1126 → 1104<\/strong> (-22 for losing)\n|raw|MLGmushroom's rating: 1174 → 1196<\/strong> (+22 for winning)\n|l|\u2606LumpySangsu\n","uploadtime":1682483503,"views":12,"p1id":"lumpysangsu","p2id":"mlgmushroom","formatid":"gen9vgc2023regulationc","rating":1104,"private":0,"password":""}