{"id":"gen9vgc2023regulationc-1845440546","p1":"Razor90","p2":"GB Seraphix","format":"[Gen 9] VGC 2023 Regulation C","log":"|j|\u2606Razor90\n|j|\u2606GB Seraphix\n|t:|1681733555\n|gametype|doubles\n|player|p1|Razor90|colress|1266\n|player|p2|GB Seraphix|rosa|1244\n|teamsize|p1|6\n|teamsize|p2|6\n|gen|9\n|tier|[Gen 9] VGC 2023 Regulation C\n|rated|\n|rule|Species Clause: Limit one of each Pok\u00e9mon\n|rule|Item Clause: Limit one of each item\n|clearpoke\n|poke|p1|Tauros-Paldea-Aqua, L50, M|\n|poke|p1|Baxcalibur, L50, F|\n|poke|p1|Flutter Mane, L50|\n|poke|p1|Amoonguss, L50, M|\n|poke|p1|Corviknight, L50, F|\n|poke|p1|Chi-Yu, L50|\n|poke|p2|Maushold, L50|\n|poke|p2|Annihilape, L50, F|\n|poke|p2|Lurantis, L50, M|\n|poke|p2|Amoonguss, L50, M|\n|poke|p2|Gholdengo, L50|\n|poke|p2|Chi-Yu, L50|\n|teampreview|4\n|\n|t:|1681733599\n|start\n|switch|p1a: Corviknight|Corviknight, L50, F|100\/100\n|switch|p1b: Amoonguss|Amoonguss, L50, M|100\/100\n|switch|p2a: Maushold|Maushold, L50|100\/100\n|switch|p2b: Gholdengo|Gholdengo, L50|100\/100\n|turn|1\n|\n|t:|1681733637\n|switch|p1b: Chi-Yu|Chi-Yu, L50|100\/100\n|-ability|p1b: Chi-Yu|Beads of Ruin\n|move|p2a: Maushold|Super Fang|p1a: Corviknight\n|-damage|p1a: Corviknight|51\/100\n|move|p2b: Gholdengo|Thunderbolt|p1a: Corviknight\n|-supereffective|p1a: Corviknight\n|-damage|p1a: Corviknight|0 fnt\n|faint|p1a: Corviknight\n|\n|upkeep\n|\n|t:|1681733644\n|switch|p1a: Flutter Mane|Flutter Mane, L50|100\/100\n|-enditem|p1a: Flutter Mane|Booster Energy\n|-activate|p1a: Flutter Mane|ability: Protosynthesis|[fromitem]\n|-start|p1a: Flutter Mane|protosynthesisspa\n|turn|2\n|\n|t:|1681733669\n|switch|p2b: Chi-Yu|Chi-Yu, L50|100\/100\n|-ability|p2b: Chi-Yu|Beads of Ruin\n|-terastallize|p1a: Flutter Mane|Fairy\n|move|p2a: Maushold|Protect|p2a: Maushold\n|-singleturn|p2a: Maushold|Protect\n|move|p1a: Flutter Mane|Dazzling Gleam|p2b: Chi-Yu|[spread] p2b\n|-activate|p2a: Maushold|move: Protect\n|-damage|p2b: Chi-Yu|52\/100\n|move|p1b: Chi-Yu|Heat Wave|p2b: Chi-Yu|[spread] p2b\n|-activate|p2a: Maushold|move: Protect\n|-resisted|p2b: Chi-Yu\n|-damage|p2b: Chi-Yu|35\/100\n|\n|upkeep\n|turn|3\n|\n|t:|1681733699\n|move|p2a: Maushold|Follow Me|p2a: Maushold\n|-singleturn|p2a: Maushold|move: Follow Me\n|move|p1a: Flutter Mane|Dazzling Gleam|p2a: Maushold|[spread] p2a,p2b\n|-damage|p2a: Maushold|23\/100\n|-damage|p2b: Chi-Yu|0 fnt\n|faint|p2b: Chi-Yu\n|move|p1b: Chi-Yu|Dark Pulse|p2a: Maushold\n|-damage|p2a: Maushold|0 fnt\n|faint|p2a: Maushold\n|\n|upkeep\n|\n|t:|1681733709\n|switch|p2b: Gholdengo|Gholdengo, L50|100\/100\n|switch|p2a: Amoonguss|Amoonguss, L50, M|100\/100\n|turn|4\n|\n|t:|1681733723\n|-terastallize|p2b: Gholdengo|Water\n|move|p1a: Flutter Mane|Protect|p1a: Flutter Mane\n|-singleturn|p1a: Flutter Mane|Protect\n|move|p2a: Amoonguss|Rage Powder|p2a: Amoonguss\n|-singleturn|p2a: Amoonguss|move: Rage Powder\n|move|p1b: Chi-Yu|Overheat|p2a: Amoonguss\n|-supereffective|p2a: Amoonguss\n|-damage|p2a: Amoonguss|0 fnt\n|-unboost|p1b: Chi-Yu|spa|2\n|faint|p2a: Amoonguss\n|move|p2b: Gholdengo|Make It Rain|p1a: Flutter Mane|[spread] p1b\n|-activate|p1a: Flutter Mane|move: Protect\n|-resisted|p1b: Chi-Yu\n|-damage|p1b: Chi-Yu|51\/100\n|-unboost|p2b: Gholdengo|spa|1\n|\n|upkeep\n|turn|5\n|\n|t:|1681733749\n|-end|p1a: Flutter Mane|Protosynthesis|[silent]\n|switch|p1a: Amoonguss|Amoonguss, L50, M|100\/100\n|move|p1b: Chi-Yu|Protect|p1b: Chi-Yu\n|-singleturn|p1b: Chi-Yu|Protect\n|move|p2b: Gholdengo|Make It Rain|p1a: Amoonguss|[spread] p1a\n|-activate|p1b: Chi-Yu|move: Protect\n|-damage|p1a: Amoonguss|43\/100\n|-unboost|p2b: Gholdengo|spa|1\n|-enditem|p1a: Amoonguss|Sitrus Berry|[eat]\n|-heal|p1a: Amoonguss|67\/100|[from] item: Sitrus Berry\n|\n|upkeep\n|turn|6\n|\n|t:|1681733762\n|move|p1b: Chi-Yu|Dark Pulse|p2b: Gholdengo\n|-damage|p2b: Gholdengo|68\/100\n|move|p2b: Gholdengo|Make It Rain|p1b: Chi-Yu|[spread] p1a,p1b\n|-resisted|p1b: Chi-Yu\n|-crit|p1b: Chi-Yu\n|-damage|p1a: Amoonguss|22\/100\n|-damage|p1b: Chi-Yu|0 fnt\n|-unboost|p2b: Gholdengo|spa|1\n|faint|p1b: Chi-Yu\n|move|p1a: Amoonguss|Pollen Puff|p1: Chi-Yu|[notarget]\n|-fail|p1a: Amoonguss\n|\n|upkeep\n|\n|t:|1681733764\n|switch|p1b: Flutter Mane|Flutter Mane, L50, tera:Fairy|100\/100\n|turn|7\n|\n|t:|1681733775\n|move|p1b: Flutter Mane|Moonblast|p2b: Gholdengo\n|-damage|p2b: Gholdengo|0 fnt\n|faint|p2b: Gholdengo\n|\n|win|Razor90\n|raw|Razor90's rating: 1266 → 1289<\/strong> (+23 for winning)\n|raw|GB Seraphix's rating: 1244 → 1221<\/strong> (-23 for losing)\n","uploadtime":1681733780,"views":9,"p1id":"razor90","p2id":"gbseraphix","formatid":"gen9vgc2023regulationc","rating":1221,"private":0,"password":""}