{"id":"gen9vgc2023regulationc-1859559383","p1":"SamuelWizard","p2":"Alcuna possibilita","format":"[Gen 9] VGC 2023 Regulation C","log":"|j|\u2606SamuelWizard\n|j|\u2606Alcuna possibilita\n|t:|1683541714\n|gametype|doubles\n|player|p1|SamuelWizard|camper|1118\n|player|p2|Alcuna possibilita|fisherman-gen4|1158\n|teamsize|p1|6\n|teamsize|p2|6\n|gen|9\n|tier|[Gen 9] VGC 2023 Regulation C\n|rated|\n|rule|Species Clause: Limit one of each Pok\u00e9mon\n|rule|Item Clause: Limit one of each item\n|clearpoke\n|poke|p1|Scizor, L50, M|\n|poke|p1|Chien-Pao, L50|\n|poke|p1|Ceruledge, L50, F|\n|poke|p1|Palafin, L50, M|\n|poke|p1|Grimmsnarl, L50, M|\n|poke|p1|Ting-Lu, L50|\n|poke|p2|Ceruledge, L50, F|\n|poke|p2|Garchomp, L50, M|\n|poke|p2|Talonflame, L50, M|\n|poke|p2|Chien-Pao, L50|\n|poke|p2|Flutter Mane, L50|\n|poke|p2|Rotom-Wash, L50|\n|teampreview|4\n|inactive|Battle timer is ON: inactive players will automatically lose when time's up. (requested by Alcuna possibilita)\n|inactive|SamuelWizard has 60 seconds left.\n|\n|t:|1683541767\n|start\n|switch|p1a: Chien-Pao|Chien-Pao, L50|100\/100\n|switch|p1b: Palafin|Palafin, L50, M|100\/100\n|switch|p2a: Talonflame|Talonflame, L50, M|100\/100\n|switch|p2b: Rotom|Rotom-Wash, L50|100\/100\n|-ability|p1a: Chien-Pao|Sword of Ruin\n|turn|1\n|inactive|SamuelWizard has 30 seconds left.\n|\n|t:|1683541796\n|move|p1b: Palafin|Protect|p1b: Palafin\n|-singleturn|p1b: Palafin|Protect\n|move|p2a: Talonflame|Tailwind|p2a: Talonflame\n|-sidestart|p2: Alcuna possibilita|move: Tailwind\n|move|p2b: Rotom|Will-O-Wisp|p1b: Palafin\n|-activate|p1b: Palafin|move: Protect\n|move|p1a: Chien-Pao|Taunt|p2a: Talonflame\n|-start|p2a: Talonflame|move: Taunt\n|\n|upkeep\n|turn|2\n|\n|t:|1683541816\n|move|p2a: Talonflame|Brave Bird|p1a: Chien-Pao\n|-damage|p1a: Chien-Pao|51\/100\n|-damage|p2a: Talonflame|86\/100|[from] Recoil\n|move|p1a: Chien-Pao|Sucker Punch||[still]\n|-fail|p1a: Chien-Pao\n|move|p1b: Palafin|Aqua Jet|p2a: Talonflame\n|-supereffective|p2a: Talonflame\n|-damage|p2a: Talonflame|28\/100\n|move|p2b: Rotom|Volt Switch|p1b: Palafin\n|-supereffective|p1b: Palafin\n|-damage|p1b: Palafin|14\/100\n|\n|t:|1683541839\n|switch|p2b: Garchomp|Garchomp, L50, M|100\/100|[from] Volt Switch\n|\n|upkeep\n|turn|3\n|inactive|SamuelWizard has 30 seconds left.\n|inactive|Alcuna possibilita has 30 seconds left.\n|\n|t:|1683541865\n|switch|p2a: Rotom|Rotom-Wash, L50|100\/100\n|-terastallize|p2b: Garchomp|Steel\n|move|p1b: Palafin|Aqua Jet|p2a: Rotom\n|-resisted|p2a: Rotom\n|-damage|p2a: Rotom|90\/100\n|move|p2b: Garchomp|Earthquake|p1a: Chien-Pao|[spread] p1a,p1b\n|-immune|p2a: Rotom|[from] ability: Levitate\n|-damage|p1a: Chien-Pao|0 fnt\n|-damage|p1b: Palafin|0 fnt\n|faint|p1a: Chien-Pao\n|faint|p1b: Palafin\n|\n|upkeep\n|\n|t:|1683541877\n|switch|p1a: Ting-Lu|Ting-Lu, L50|100\/100\n|switch|p1b: Scizor|Scizor, L50, M|100\/100\n|-ability|p1a: Ting-Lu|Vessel of Ruin\n|turn|4\n|\n|t:|1683541895\n|move|p1b: Scizor|Protect|p1b: Scizor\n|-singleturn|p1b: Scizor|Protect\n|move|p2b: Garchomp|Earthquake|p1a: Ting-Lu|[spread] p1a\n|-activate|p1b: Scizor|move: Protect\n|-immune|p2a: Rotom|[from] ability: Levitate\n|-damage|p1a: Ting-Lu|78\/100\n|move|p2a: Rotom|Will-O-Wisp|p1a: Ting-Lu\n|-status|p1a: Ting-Lu|brn\n|move|p1a: Ting-Lu|Body Press|p2b: Garchomp\n|-supereffective|p2b: Garchomp\n|-damage|p2b: Garchomp|78\/100\n|-damage|p1a: Ting-Lu|65\/100 brn|[from] ability: Rough Skin|[of] p2b: Garchomp\n|\n|-damage|p1a: Ting-Lu|59\/100 brn|[from] brn\n|-sideend|p2: Alcuna possibilita|move: Tailwind\n|upkeep\n|turn|5\n|-message|SamuelWizard forfeited.\n|\n|win|Alcuna possibilita\n|raw|SamuelWizard's rating: 1118 → 1096<\/strong> (-22 for losing)\n|raw|Alcuna possibilita's rating: 1158 → 1180<\/strong> (+22 for winning)\n|l|\u2606SamuelWizard\n","uploadtime":1683541915,"views":11,"p1id":"samuelwizard","p2id":"alcunapossibilita","formatid":"gen9vgc2023regulationc","rating":1096,"private":0,"password":""}