{"id":"gen9vgc2023regulationc-1861914142","p1":"GamerShawty03","p2":"tcalver","format":"[Gen 9] VGC 2023 Regulation C","log":"|j|\u2606GamerShawty03\n|j|\u2606tcalver\n|t:|1683820315\n|gametype|doubles\n|player|p1|GamerShawty03|102|1278\n|player|p2|tcalver|102|1361\n|teamsize|p1|6\n|teamsize|p2|6\n|gen|9\n|tier|[Gen 9] VGC 2023 Regulation C\n|rated|\n|rule|Species Clause: Limit one of each Pok\u00e9mon\n|rule|Item Clause: Limit one of each item\n|clearpoke\n|poke|p1|Iron Bundle, L50|\n|poke|p1|Abomasnow, L50, F|\n|poke|p1|Great Tusk, L50|\n|poke|p1|Dragonite, L50, M|\n|poke|p1|Kingambit, L50, F|\n|poke|p1|Flutter Mane, L50|\n|poke|p2|Garganacl, L50, M|\n|poke|p2|Glimmora, L50, F|\n|poke|p2|Dondozo, L50, F|\n|poke|p2|Tatsugiri-Stretchy, L50, F|\n|poke|p2|Chi-Yu, L50|\n|poke|p2|Flutter Mane, L50|\n|teampreview|4\n|inactive|Battle timer is ON: inactive players will automatically lose when time's up. (requested by tcalver)\n|\n|t:|1683820389\n|start\n|switch|p1a: Iron Bundle|Iron Bundle, L50|100\/100\n|switch|p1b: Abomasnow|Abomasnow, L50, F|100\/100\n|switch|p2a: Garganacl|Garganacl, L50, M|100\/100\n|switch|p2b: Glimmora|Glimmora, L50, F|100\/100\n|-weather|Snow|[from] ability: Snow Warning|[of] p1b: Abomasnow\n|turn|1\n|\n|t:|1683820405\n|move|p1a: Iron Bundle|Hydro Pump|p2b: Glimmora\n|-supereffective|p2b: Glimmora\n|-damage|p2b: Glimmora|0 fnt\n|faint|p2b: Glimmora\n|move|p1b: Abomasnow|Leaf Storm|p2a: Garganacl\n|-supereffective|p2a: Garganacl\n|-damage|p2a: Garganacl|21\/100\n|-unboost|p1b: Abomasnow|spa|2\n|-enditem|p2a: Garganacl|Sitrus Berry|[eat]\n|-heal|p2a: Garganacl|46\/100|[from] item: Sitrus Berry\n|move|p2a: Garganacl|Salt Cure|p1a: Iron Bundle\n|-supereffective|p1a: Iron Bundle\n|-damage|p1a: Iron Bundle|76\/100\n|-start|p1a: Iron Bundle|Salt Cure\n|\n|-weather|Snow|[upkeep]\n|-damage|p1a: Iron Bundle|52\/100|[from] Salt Cure\n|upkeep\n|inactive|tcalver has 30 seconds left.\n|c|\u2606tcalver|One shooting AV glimm?\/\n|inactive|tcalver has 20 seconds left.\n|\n|t:|1683820445\n|switch|p2b: Chi-Yu|Chi-Yu, L50|100\/100\n|-ability|p2b: Chi-Yu|Beads of Ruin\n|turn|2\n|c|\u2606GamerShawty03|Yeah I'm specs\n|c|\u2606tcalver|Aaaa\n|inactive|tcalver has 30 seconds left.\n|inactive|tcalver has 20 seconds left.\n|\n|t:|1683820480\n|-end|p1a: Iron Bundle|Quark Drive|[silent]\n|switch|p1a: Flutter Mane|Flutter Mane, L50|100\/100\n|-enditem|p1a: Flutter Mane|Booster Energy\n|-activate|p1a: Flutter Mane|ability: Protosynthesis|[fromitem]\n|-start|p1a: Flutter Mane|protosynthesisspa\n|move|p2b: Chi-Yu|Heat Wave|p1a: Flutter Mane|[spread] p1a,p1b\n|-supereffective|p1b: Abomasnow\n|-damage|p1a: Flutter Mane|47\/100\n|-enditem|p1b: Abomasnow|Focus Sash\n|-damage|p1b: Abomasnow|1\/100\n|-status|p1b: Abomasnow|brn\n|move|p1b: Abomasnow|Aurora Veil|p1b: Abomasnow\n|-sidestart|p1: GamerShawty03|move: Aurora Veil\n|move|p2a: Garganacl|Recover|p2a: Garganacl\n|-heal|p2a: Garganacl|96\/100\n|\n|-weather|Snow|[upkeep]\n|-damage|p1b: Abomasnow|0 fnt|[from] brn\n|faint|p1b: Abomasnow\n|upkeep\n|\n|t:|1683820486\n|switch|p1b: Great Tusk|Great Tusk, L50|100\/100\n|turn|3\n|inactive|tcalver has 30 seconds left.\n|inactive|tcalver has 20 seconds left.\n|inactive|tcalver has 15 seconds left.\n|inactive|tcalver has 10 seconds left.\n|\n|t:|1683820534\n|switch|p2b: Flutter Mane|Flutter Mane, L50|100\/100\n|-enditem|p2b: Flutter Mane|Booster Energy\n|-activate|p2b: Flutter Mane|ability: Protosynthesis|[fromitem]\n|-start|p2b: Flutter Mane|protosynthesisspe\n|-terastallize|p2a: Garganacl|Flying\n|move|p1a: Flutter Mane|Protect|p1a: Flutter Mane\n|-singleturn|p1a: Flutter Mane|Protect\n|move|p1b: Great Tusk|Earthquake|p2a: Garganacl|[spread] p2b\n|-activate|p1a: Flutter Mane|move: Protect\n|-immune|p2a: Garganacl\n|-damage|p2b: Flutter Mane|49\/100\n|move|p2a: Garganacl|Salt Cure|p1a: Flutter Mane\n|-activate|p1a: Flutter Mane|move: Protect\n|\n|-weather|Snow|[upkeep]\n|upkeep\n|turn|4\n|\n|t:|1683820558\n|-end|p1b: Great Tusk|Protosynthesis|[silent]\n|switch|p1b: Iron Bundle|Iron Bundle, L50|52\/100\n|move|p2b: Flutter Mane|Protect|p2b: Flutter Mane\n|-singleturn|p2b: Flutter Mane|Protect\n|move|p1a: Flutter Mane|Shadow Ball|p2b: Flutter Mane\n|-activate|p2b: Flutter Mane|move: Protect\n|move|p2a: Garganacl|Salt Cure|p1a: Flutter Mane\n|-damage|p1a: Flutter Mane|28\/100\n|-start|p1a: Flutter Mane|Salt Cure\n|\n|-weather|Snow|[upkeep]\n|-damage|p1a: Flutter Mane|16\/100|[from] Salt Cure\n|upkeep\n|turn|5\n|\n|t:|1683820583\n|-terastallize|p1b: Iron Bundle|Ice\n|move|p2b: Flutter Mane|Moonblast|p1a: Flutter Mane\n|-damage|p1a: Flutter Mane|0 fnt\n|faint|p1a: Flutter Mane\n|-end|p1a: Flutter Mane|Protosynthesis|[silent]\n|move|p1b: Iron Bundle|Blizzard|p2a: Garganacl|[spread] p2a,p2b\n|-supereffective|p2a: Garganacl\n|-damage|p2a: Garganacl|0 fnt\n|-damage|p2b: Flutter Mane|0 fnt\n|faint|p2a: Garganacl\n|faint|p2b: Flutter Mane\n|-end|p2b: Flutter Mane|Protosynthesis|[silent]\n|\n|-weather|none\n|upkeep\n|\n|t:|1683820594\n|switch|p1a: Great Tusk|Great Tusk, L50|100\/100\n|switch|p2b: Chi-Yu|Chi-Yu, L50|100\/100\n|-ability|p2b: Chi-Yu|Beads of Ruin\n|turn|6\n|\n|t:|1683820600\n|move|p1a: Great Tusk|Headlong Rush|p2b: Chi-Yu\n|-supereffective|p2b: Chi-Yu\n|-enditem|p2b: Chi-Yu|Focus Sash\n|-damage|p2b: Chi-Yu|1\/100\n|-unboost|p1a: Great Tusk|def|1\n|-unboost|p1a: Great Tusk|spd|1\n|move|p1b: Iron Bundle|Blizzard|p2b: Chi-Yu|[miss]\n|-miss|p1b: Iron Bundle|p2b: Chi-Yu\n|move|p2b: Chi-Yu|Heat Wave|p1b: Iron Bundle|[spread] p1a,p1b\n|-supereffective|p1b: Iron Bundle\n|-damage|p1a: Great Tusk|11\/100\n|-damage|p1b: Iron Bundle|0 fnt\n|faint|p1b: Iron Bundle\n|-end|p1b: Iron Bundle|Quark Drive|[silent]\n|\n|-sideend|p1: GamerShawty03|move: Aurora Veil\n|upkeep\n|turn|7\n|\n|t:|1683820614\n|move|p1a: Great Tusk|Headlong Rush|p2b: Chi-Yu\n|-supereffective|p2b: Chi-Yu\n|-damage|p2b: Chi-Yu|0 fnt\n|-unboost|p1a: Great Tusk|def|1\n|-unboost|p1a: Great Tusk|spd|1\n|faint|p2b: Chi-Yu\n|\n|win|GamerShawty03\n|raw|GamerShawty03's rating: 1278 → 1309<\/strong> (+31 for winning)\n|raw|tcalver's rating: 1361 → 1336<\/strong> (-25 for losing)\n|c|\u2606GamerShawty03|gg wp\n|l|\u2606tcalver\n","uploadtime":1683820636,"views":9,"p1id":"gamershawty03","p2id":"tcalver","formatid":"gen9vgc2023regulationc","rating":1309,"private":0,"password":""}