{"id":"gen9vgc2023regulationc-1854155915","p1":"Jbenn","p2":"SisalVT","format":"[Gen 9] VGC 2023 Regulation C","log":"|j|\u2606Jbenn\n|j|\u2606SisalVT\n|t:|1682777485\n|gametype|doubles\n|player|p1|Jbenn|steven|1604\n|player|p2|SisalVT|blue|1797\n|teamsize|p1|6\n|teamsize|p2|6\n|gen|9\n|tier|[Gen 9] VGC 2023 Regulation C\n|rated|\n|rule|Species Clause: Limit one of each Pok\u00e9mon\n|rule|Item Clause: Limit one of each item\n|clearpoke\n|poke|p1|Roaring Moon, L50|\n|poke|p1|Great Tusk, L50|\n|poke|p1|Gholdengo, L50|\n|poke|p1|Hariyama, L50, F|\n|poke|p1|Mimikyu, L50, M|\n|poke|p1|Gyarados, L50, M|\n|poke|p2|Breloom, L50, F|\n|poke|p2|Chien-Pao, L50|\n|poke|p2|Flutter Mane, L50|\n|poke|p2|Chi-Yu, L50|\n|poke|p2|Dondozo, L50, M|\n|poke|p2|Tatsugiri-Stretchy, L50, M|\n|teampreview|4\nSisalVT has agreed to open team sheets.\nJbenn has agreed to open team sheets.\n|c|\u2606Jbenn|1797!\n|c|\u2606Jbenn|you're officially the highest ranked player ive ever played\n|c|\u2606SisalVT|congrats\n|c|\u2606Jbenn|to you yes\n|j| poolsideguy\n|c|\u2606Jbenn|glhf\n|\n|t:|1682777565\n|start\n|switch|p1a: Yokozuna|Hariyama, L50, F, shiny|100\/100\n|switch|p1b: Casper|Mimikyu, L50, M|100\/100\n|switch|p2a: Bottas|Flutter Mane, L50|100\/100\n|switch|p2b: Hanako|Chi-Yu, L50|100\/100\n|-ability|p2b: Hanako|Beads of Ruin\n|-enditem|p2a: Bottas|Booster Energy\n|-activate|p2a: Bottas|ability: Protosynthesis|[fromitem]\n|-start|p2a: Bottas|protosynthesisspa\n|turn|1\n|\n|t:|1682777606\n|move|p1b: Casper|Protect|p1b: Casper\n|-singleturn|p1b: Casper|Protect\n|move|p2a: Bottas|Dazzling Gleam|p1b: Casper|[spread] p1a\n|-activate|p1b: Casper|move: Protect\n|-supereffective|p1a: Yokozuna\n|-enditem|p1a: Yokozuna|Roseli Berry|[eat]\n|-enditem|p1a: Yokozuna|Roseli Berry|[weaken]\n|-damage|p1a: Yokozuna|50\/100\n|move|p2b: Hanako|Heat Wave|p1a: Yokozuna|[spread] p1a\n|-activate|p1b: Casper|move: Protect\n|-damage|p1a: Yokozuna|29\/100\n|move|p1a: Yokozuna|Iron Head|p2a: Bottas\n|-supereffective|p2a: Bottas\n|-damage|p2a: Bottas|16\/100\n|\n|upkeep\n|turn|2\n|c|\u2606SisalVT|u2\n|\n|t:|1682777645\n|move|p1a: Yokozuna|Wide Guard|p1a: Yokozuna\n|-singleturn|p1a: Yokozuna|Wide Guard\n|move|p2a: Bottas|Dazzling Gleam|p1b: Casper|[spread] \n|-activate|p1a: Yokozuna|move: Wide Guard\n|-activate|p1b: Casper|move: Wide Guard\n|move|p2b: Hanako|Dark Pulse|p1b: Casper\n|-activate|p1b: Casper|ability: Disguise\n|-damage|p1b: Casper|100\/100\n|detailschange|p1b: Casper|Mimikyu-Busted, L50, M\n|-damage|p1b: Casper|88\/100|[from] pokemon: Mimikyu-Busted\n|move|p1b: Casper|Trick Room|p1b: Casper\n|-fieldstart|move: Trick Room|[of] p1b: Casper\n|\n|upkeep\n|turn|3\n|j| carlospvn\n|\n|t:|1682777673\n|-terastallize|p2b: Hanako|Grass\n|move|p2a: Bottas|Protect|p2a: Bottas\n|-singleturn|p2a: Bottas|Protect\n|move|p1a: Yokozuna|Close Combat|p2b: Hanako\n|-crit|p2b: Hanako\n|-damage|p2b: Hanako|0 fnt\n|-unboost|p1a: Yokozuna|def|1\n|-unboost|p1a: Yokozuna|spd|1\n|faint|p2b: Hanako\n|move|p1b: Casper|Play Rough|p2a: Bottas\n|-activate|p2a: Bottas|move: Protect\n|\n|upkeep\n|\n|t:|1682777684\n|switch|p2b: Chonkster|Dondozo, L50, M|100\/100\n|turn|4\n|\n|t:|1682777724\n|switch|p1a: Haku|Gyarados, L50, M, shiny|100\/100\n|-ability|p1a: Haku|Intimidate|boost\n|-unboost|p2a: Bottas|atk|1\n|-unboost|p2b: Chonkster|atk|1\n|move|p2b: Chonkster|Protect|p2b: Chonkster\n|-singleturn|p2b: Chonkster|Protect\n|move|p1b: Casper|Curse|p2b: Chonkster\n|-start|p2b: Chonkster|Curse|[of] p1b: Casper\n|-damage|p1b: Casper|38\/100\n|-enditem|p1b: Casper|Sitrus Berry|[eat]\n|-heal|p1b: Casper|63\/100|[from] item: Sitrus Berry\n|move|p2a: Bottas|Shadow Ball|p1b: Casper\n|-supereffective|p1b: Casper\n|-damage|p1b: Casper|0 fnt\n|faint|p1b: Casper\n|\n|-damage|p2b: Chonkster|75\/100|[from] Curse\n|upkeep\n|\n|t:|1682777751\n|switch|p1b: 50 Cent|Gholdengo, L50|100\/100\n|turn|5\n|\n|t:|1682777772\n|-end|p2a: Bottas|Protosynthesis|[silent]\n|switch|p2a: Pogsukiri|Tatsugiri-Stretchy, L50, M, shiny|100\/100\n|-activate|p2a: Pogsukiri|ability: Commander|[of] p2b: Chonkster\n|-boost|p2b: Chonkster|atk|2\n|-boost|p2b: Chonkster|spa|2\n|-boost|p2b: Chonkster|spe|2\n|-boost|p2b: Chonkster|def|2\n|-boost|p2b: Chonkster|spd|2\n|-terastallize|p1b: 50 Cent|Water\n|move|p1b: 50 Cent|Nasty Plot|p1b: 50 Cent\n|-boost|p1b: 50 Cent|spa|2\n|move|p1a: Haku|Waterfall|p2a: Pogsukiri|[miss]\n|-miss|p1a: Haku|p2a: Pogsukiri\n|move|p2b: Chonkster|Rock Slide|p1b: 50 Cent|[spread] p1a,p1b\n|-supereffective|p1a: Haku\n|-damage|p1a: Haku|56\/100\n|-damage|p1b: 50 Cent|76\/100\n|\n|-heal|p1b: 50 Cent|82\/100|[from] item: Leftovers\n|-heal|p2b: Chonkster|82\/100|[from] item: Leftovers\n|-damage|p2b: Chonkster|57\/100|[from] Curse\n|upkeep\n|turn|6\n|\n|t:|1682777812\n|switch|p1a: Yokozuna|Hariyama, L50, F, shiny|29\/100\n|move|p2b: Chonkster|Protect|p2b: Chonkster\n|-singleturn|p2b: Chonkster|Protect\n|move|p1b: 50 Cent|Thunderbolt|p2b: Chonkster\n|-activate|p2b: Chonkster|move: Protect\n|\n|-heal|p1b: 50 Cent|88\/100|[from] item: Leftovers\n|-heal|p2b: Chonkster|63\/100|[from] item: Leftovers\n|-damage|p2b: Chonkster|38\/100|[from] Curse\n|-fieldend|move: Trick Room\n|upkeep\n|turn|7\n|\n|t:|1682777827\n|move|p1a: Yokozuna|Fake Out|p2b: Chonkster\n|-damage|p2b: Chonkster|33\/100\n|cant|p2b: Chonkster|flinch\n|move|p1b: 50 Cent|Thunderbolt|p2b: Chonkster\n|-supereffective|p2b: Chonkster\n|-damage|p2b: Chonkster|2\/100\n|\n|-heal|p2b: Chonkster|8\/100|[from] item: Leftovers\n|-heal|p1b: 50 Cent|94\/100|[from] item: Leftovers\n|-damage|p2b: Chonkster|0 fnt|[from] Curse\n|faint|p2b: Chonkster\n|upkeep\n|\n|t:|1682777830\n|switch|p2b: Bottas|Flutter Mane, L50|16\/100\n|turn|8\n|\n|t:|1682777885\n|switch|p1a: Haku|Gyarados, L50, M, shiny|56\/100\n|-ability|p1a: Haku|Intimidate|boost\n|-unboost|p2a: Pogsukiri|atk|1\n|-unboost|p2b: Bottas|atk|1\n|move|p1b: 50 Cent|Protect|p1b: 50 Cent\n|-singleturn|p1b: 50 Cent|Protect\n|move|p2a: Pogsukiri|Draco Meteor|p1b: 50 Cent\n|-activate|p1b: 50 Cent|move: Protect\n|move|p2b: Bottas|Moonblast|p1b: 50 Cent\n|-activate|p1b: 50 Cent|move: Protect\n|\n|-heal|p1b: 50 Cent|99\/100|[from] item: Leftovers\n|upkeep\n|turn|9\n|\n|t:|1682777901\n|switch|p1b: Yokozuna|Hariyama, L50, F, shiny|29\/100\n|move|p2a: Pogsukiri|Draco Meteor|p1b: Yokozuna\n|-damage|p1b: Yokozuna|0 fnt\n|-unboost|p2a: Pogsukiri|spa|2\n|faint|p1b: Yokozuna\n|move|p2b: Bottas|Moonblast|p1a: Haku\n|-damage|p1a: Haku|7\/100\n|move|p1a: Haku|Thunder Wave|p2a: Pogsukiri\n|-status|p2a: Pogsukiri|par\n|\n|upkeep\n|\n|t:|1682777913\n|switch|p1b: 50 Cent|Gholdengo, L50, tera:Water|99\/100\n|turn|10\n|\n|t:|1682777928\n|move|p2b: Bottas|Protect|p2b: Bottas\n|-singleturn|p2b: Bottas|Protect\n|move|p1a: Haku|Waterfall|p2b: Bottas\n|-activate|p2b: Bottas|move: Protect\n|move|p2a: Pogsukiri|Draco Meteor|p1a: Haku\n|-damage|p1a: Haku|0 fnt\n|-unboost|p2a: Pogsukiri|spa|2\n|faint|p1a: Haku\n|move|p1b: 50 Cent|Make It Rain|p2b: Bottas|[spread] p2a\n|-activate|p2b: Bottas|move: Protect\n|-resisted|p2a: Pogsukiri\n|-damage|p2a: Pogsukiri|70\/100 par\n|-unboost|p1b: 50 Cent|spa|1\n|\n|-heal|p1b: 50 Cent|100\/100|[from] item: Leftovers\n|upkeep\n|turn|11\n|\n|t:|1682777941\n|move|p2b: Bottas|Moonblast|p1b: 50 Cent\n|-damage|p1b: 50 Cent|48\/100\n|move|p1b: 50 Cent|Make It Rain|p2a: Pogsukiri|[spread] p2a,p2b\n|-resisted|p2a: Pogsukiri\n|-supereffective|p2b: Bottas\n|-damage|p2a: Pogsukiri|49\/100 par\n|-damage|p2b: Bottas|0 fnt\n|-unboost|p1b: 50 Cent|spa|1\n|faint|p2b: Bottas\n|-end|p2b: Bottas|Protosynthesis|[silent]\n|move|p2a: Pogsukiri|Draco Meteor|p1b: 50 Cent\n|-damage|p1b: 50 Cent|25\/100\n|-unboost|p2a: Pogsukiri|spa|2\n|\n|-heal|p1b: 50 Cent|31\/100|[from] item: Leftovers\n|upkeep\n|turn|12\n|\n|t:|1682777951\n|move|p1b: 50 Cent|Protect|p1b: 50 Cent\n|-singleturn|p1b: 50 Cent|Protect\n|move|p2a: Pogsukiri|Draco Meteor|p1b: 50 Cent\n|-activate|p1b: 50 Cent|move: Protect\n|\n|-heal|p1b: 50 Cent|37\/100|[from] item: Leftovers\n|upkeep\n|turn|13\n|\n|t:|1682777958\n|move|p1b: 50 Cent|Nasty Plot|p1b: 50 Cent\n|-boost|p1b: 50 Cent|spa|2\n|cant|p2a: Pogsukiri|par\n|\n|-heal|p1b: 50 Cent|43\/100|[from] item: Leftovers\n|upkeep\n|turn|14\n|\n|t:|1682777964\n|move|p1b: 50 Cent|Protect|p1b: 50 Cent\n|-singleturn|p1b: 50 Cent|Protect\n|cant|p2a: Pogsukiri|par\n|\n|-heal|p1b: 50 Cent|49\/100|[from] item: Leftovers\n|upkeep\n|turn|15\n|j| SpacegliderVGC\n|l| SpacegliderVGC\n|\n|t:|1682778003\n|move|p2a: Pogsukiri|Draco Meteor|p1b: 50 Cent\n|-damage|p1b: 50 Cent|32\/100\n|move|p1b: 50 Cent|Thunderbolt|p2a: Pogsukiri\n|-crit|p2a: Pogsukiri\n|-damage|p2a: Pogsukiri|0 fnt\n|faint|p2a: Pogsukiri\n|\n|win|Jbenn\n|raw|Jbenn's rating: 1604 → 1634<\/strong> (+30 for winning)\n|raw|SisalVT's rating: 1797 → 1767<\/strong> (-30 for losing)\n|l|\u2606SisalVT\n|l| poolsideguy\n","uploadtime":1682778091,"views":46,"p1id":"jbenn","p2id":"sisalvt","formatid":"gen9vgc2023regulationc","rating":1634,"private":0,"password":""}