{"id":"gen9vgc2023regulationc-1858731579","p1":"The Spicy Cigar","p2":"elolow","format":"[Gen 9] VGC 2023 Regulation C","log":"|j|\u2606The Spicy Cigar\n|j|\u2606elolow\n|t:|1683349950\n|gametype|doubles\n|player|p1|The Spicy Cigar|smasher|1070\n|player|p2|elolow|101|1000\n|teamsize|p1|6\n|teamsize|p2|6\n|gen|9\n|tier|[Gen 9] VGC 2023 Regulation C\n|rated|\n|rule|Species Clause: Limit one of each Pok\u00e9mon\n|rule|Item Clause: Limit one of each item\n|clearpoke\n|poke|p1|Farigiraf, L50, M|\n|poke|p1|Iron Hands, L50|\n|poke|p1|Ting-Lu, L50|\n|poke|p1|Flutter Mane, L50|\n|poke|p1|Chi-Yu, L50|\n|poke|p1|Bronzong, L50|\n|poke|p2|Chi-Yu, L50|\n|poke|p2|Gyarados, L50, M|\n|poke|p2|Stonjourner, L50, M|\n|poke|p2|Amoonguss, L50, M|\n|poke|p2|Tinkaton, L50, F|\n|poke|p2|Murkrow, L50, F|\n|teampreview|4\nelolow has agreed to open team sheets.\n|\n|t:|1683349999\n|start\n|switch|p1a: Bronzong|Bronzong, L50|100\/100\n|switch|p1b: Ting-Lu|Ting-Lu, L50|100\/100\n|switch|p2a: Chi-Yu|Chi-Yu, L50|100\/100\n|switch|p2b: Stonjourner|Stonjourner, L50, M|100\/100\n|-ability|p2a: Chi-Yu|Beads of Ruin\n|-ability|p1b: Ting-Lu|Vessel of Ruin\n|turn|1\n|\n|t:|1683350049\n|-terastallize|p1a: Bronzong|Poison\n|move|p2b: Stonjourner|Wide Guard|p2b: Stonjourner\n|-singleturn|p2b: Stonjourner|Wide Guard\n|move|p2a: Chi-Yu|Heat Wave|p1b: Ting-Lu|[spread] p1a,p1b\n|-damage|p1a: Bronzong|44\/100\n|-damage|p1b: Ting-Lu|67\/100\n|-damage|p2a: Chi-Yu|91\/100|[from] item: Life Orb\n|move|p1b: Ting-Lu|Earthquake|p2a: Chi-Yu|[spread] \n|-activate|p2a: Chi-Yu|move: Wide Guard\n|-activate|p2b: Stonjourner|move: Wide Guard\n|-immune|p1a: Bronzong|[from] ability: Levitate\n|move|p1a: Bronzong|Trick Room|p1a: Bronzong\n|-fieldstart|move: Trick Room|[of] p1a: Bronzong\n|\n|upkeep\n|turn|2\n|c|\u2606elolow|yUs\n|c|\u2606elolow|NVM\n|c|\u2606elolow|not so yus\n|\n|t:|1683350105\n|-terastallize|p2a: Chi-Yu|Grass\n|move|p2b: Stonjourner|Protect||[still]\n|-fail|p2b: Stonjourner\n|move|p1a: Bronzong|Ice Spinner|p2b: Stonjourner\n|-damage|p2b: Stonjourner|88\/100\n|move|p1b: Ting-Lu|Throat Chop|p2a: Chi-Yu\n|-damage|p2a: Chi-Yu|45\/100\n|-start|p2a: Chi-Yu|Throat Chop|[silent]\n|move|p2a: Chi-Yu|Tera Blast|p1b: Ting-Lu\n|-supereffective|p1b: Ting-Lu\n|-damage|p1b: Ting-Lu|0 fnt\n|faint|p1b: Ting-Lu\n|-damage|p2a: Chi-Yu|35\/100|[from] item: Life Orb\n|\n|-heal|p2b: Stonjourner|94\/100|[from] item: Leftovers\n|upkeep\n|\n|t:|1683350117\n|switch|p1b: Chi-Yu|Chi-Yu, L50|100\/100\n|-ability|p1b: Chi-Yu|Beads of Ruin\n|turn|3\n|c|\u2606elolow|oh weait wat\n|\n|t:|1683350136\n|move|p2a: Chi-Yu|Protect|p2a: Chi-Yu\n|-singleturn|p2a: Chi-Yu|Protect\n|move|p1b: Chi-Yu|Protect|p1b: Chi-Yu\n|-singleturn|p1b: Chi-Yu|Protect\n|move|p1a: Bronzong|Ice Spinner|p2a: Chi-Yu\n|-activate|p2a: Chi-Yu|move: Protect\n|move|p2b: Stonjourner|Rock Slide|p1b: Chi-Yu|[spread] p1a\n|-activate|p1b: Chi-Yu|move: Protect\n|-damage|p1a: Bronzong|16\/100\n|\n|-heal|p2b: Stonjourner|100\/100|[from] item: Leftovers\n|-end|p2a: Chi-Yu|Throat Chop|[silent]\n|upkeep\n|turn|4\n|\n|t:|1683350168\n|switch|p2a: Gyarados|Gyarados, L50, M|100\/100\n|-ability|p2a: Gyarados|Intimidate|boost\n|-unboost|p1a: Bronzong|atk|1\n|-unboost|p1b: Chi-Yu|atk|1\n|move|p1a: Bronzong|Ice Spinner|p2a: Gyarados\n|-damage|p2a: Gyarados|87\/100\n|-enditem|p2a: Gyarados|Red Card|[of] p1a: Bronzong\n|drag|p1a: Flutter Mane|Flutter Mane, L50|100\/100\n|-enditem|p1a: Flutter Mane|Booster Energy\n|-activate|p1a: Flutter Mane|ability: Protosynthesis|[fromitem]\n|-start|p1a: Flutter Mane|protosynthesisspe\n|move|p2b: Stonjourner|Rock Slide|p1b: Chi-Yu|[spread] p1a,p1b\n|-supereffective|p1b: Chi-Yu\n|-damage|p1a: Flutter Mane|33\/100\n|-damage|p1b: Chi-Yu|29\/100\n|move|p1b: Chi-Yu|Overheat|p2b: Stonjourner|[miss]\n|-miss|p1b: Chi-Yu|p2b: Stonjourner\n|\n|upkeep\n|turn|5\n|\n|t:|1683350186\n|move|p1b: Chi-Yu|Protect|p1b: Chi-Yu\n|-singleturn|p1b: Chi-Yu|Protect\n|move|p1a: Flutter Mane|Protect|p1a: Flutter Mane\n|-singleturn|p1a: Flutter Mane|Protect\n|move|p2b: Stonjourner|Earthquake|p1b: Chi-Yu|[spread] \n|-activate|p1a: Flutter Mane|move: Protect\n|-activate|p1b: Chi-Yu|move: Protect\n|-immune|p2a: Gyarados\n|move|p2a: Gyarados|Waterfall|p1a: Flutter Mane\n|-activate|p1a: Flutter Mane|move: Protect\n|\n|-fieldend|move: Trick Room\n|upkeep\n|turn|6\n|\n|t:|1683350204\n|move|p1a: Flutter Mane|Thunderbolt|p2a: Gyarados\n|-supereffective|p2a: Gyarados\n|-damage|p2a: Gyarados|0 fnt\n|faint|p2a: Gyarados\n|move|p1b: Chi-Yu|Heat Wave|p2b: Stonjourner\n|-resisted|p2b: Stonjourner\n|-damage|p2b: Stonjourner|20\/100\n|move|p2b: Stonjourner|Earthquake|p1b: Chi-Yu|[spread] p1a,p1b\n|-supereffective|p1b: Chi-Yu\n|-damage|p1a: Flutter Mane|0 fnt\n|-damage|p1b: Chi-Yu|0 fnt\n|faint|p1a: Flutter Mane\n|-end|p1a: Flutter Mane|Protosynthesis|[silent]\n|faint|p1b: Chi-Yu\n|\n|-heal|p2b: Stonjourner|27\/100|[from] item: Leftovers\n|upkeep\n|c|\u2606elolow|gg\n|c|\u2606The Spicy Cigar|gg\n|-message|The Spicy Cigar forfeited.\n|\n|win|elolow\n|raw|The Spicy Cigar's rating: 1070 → 1045<\/strong> (-25 for losing)\n|raw|elolow's rating: 1000 → 1048<\/strong> (+48 for winning)\n|l|\u2606The Spicy Cigar\n|l|\u2606elolow\n|j|\u2606elolow\n|player|p2|elolow|101\n","uploadtime":1683350230,"views":7,"p1id":"thespicycigar","p2id":"elolow","formatid":"gen9vgc2023regulationc","rating":1045,"private":0,"password":""}