{"id":"gen9vgc2023regulationc-1857701733","p1":"gianniking","p2":"beta\/corbata","format":"[Gen 9] VGC 2023 Regulation C","log":"|j|\u2606gianniking\n|j|\u2606beta\/corbata\n|t:|1683223681\n|gametype|doubles\n|player|p1|gianniking|265|1201\n|player|p2|beta\/corbata|chili|1161\n|teamsize|p1|6\n|teamsize|p2|6\n|gen|9\n|tier|[Gen 9] VGC 2023 Regulation C\n|rated|\n|rule|Species Clause: Limit one of each Pok\u00e9mon\n|rule|Item Clause: Limit one of each item\n|clearpoke\n|poke|p1|Annihilape, L50, F|\n|poke|p1|Maushold, L50|\n|poke|p1|Corviknight, L50, M|\n|poke|p1|Gholdengo, L50|\n|poke|p1|Iron Bundle, L50|\n|poke|p1|Ting-Lu, L50|\n|poke|p2|Ceruledge, L50, F|\n|poke|p2|Iron Bundle, L50|\n|poke|p2|Abomasnow, L50, F|\n|poke|p2|Great Tusk, L50|\n|poke|p2|Baxcalibur, L50, F|\n|poke|p2|Bronzong, L50|\n|teampreview|4\ngianniking has agreed to open team sheets.\n|inactive|Battle timer is ON: inactive players will automatically lose when time's up. (requested by gianniking)\n|\n|t:|1683223749\n|start\n|switch|p1a: Maushold|Maushold, L50|100\/100\n|switch|p1b: Gholdengo|Gholdengo, L50|100\/100\n|switch|p2a: Great Tusk|Great Tusk, L50|100\/100\n|switch|p2b: Iron Bundle|Iron Bundle, L50|100\/100\n|-enditem|p2a: Great Tusk|Booster Energy\n|-activate|p2a: Great Tusk|ability: Protosynthesis|[fromitem]\n|-start|p2a: Great Tusk|protosynthesisatk\n|turn|1\n|inactive|beta\/corbata has 30 seconds left.\n|inactive|beta\/corbata has 20 seconds left.\n|inactive|beta\/corbata has 15 seconds left.\n|inactive|beta\/corbata has 10 seconds left.\n|\n|t:|1683223795\n|switch|p1b: Corviknight|Corviknight, L50, M|100\/100\n|move|p1a: Maushold|Protect|p1a: Maushold\n|-singleturn|p1a: Maushold|Protect\n|move|p2b: Iron Bundle|Blizzard|p1a: Maushold|[spread] p1b\n|-activate|p1a: Maushold|move: Protect\n|-damage|p1b: Corviknight|74\/100\n|move|p2a: Great Tusk|Headlong Rush|p1b: Corviknight\n|-immune|p1b: Corviknight\n|\n|upkeep\n|turn|2\n|inactive|beta\/corbata has 30 seconds left.\n|\n|t:|1683223828\n|-end|p2a: Great Tusk|Protosynthesis|[silent]\n|switch|p2a: Baxcalibur|Baxcalibur, L50, F|100\/100\n|switch|p1a: Annihilape|Annihilape, L50, F|100\/100\n|move|p2b: Iron Bundle|Encore||[still]\n|-fail|p2b: Iron Bundle\n|move|p1b: Corviknight|Tailwind|p1b: Corviknight\n|-sidestart|p1: gianniking|move: Tailwind\n|\n|upkeep\n|turn|3\n|inactive|beta\/corbata has 30 seconds left.\n|inactive|beta\/corbata has 20 seconds left.\n|\n|t:|1683223864\n|-end|p2b: Iron Bundle|Quark Drive|[silent]\n|switch|p2b: Abomasnow|Abomasnow, L50, F|100\/100\n|-weather|Snow|[from] ability: Snow Warning|[of] p2b: Abomasnow\n|move|p1a: Annihilape|Drain Punch|p2b: Abomasnow\n|-supereffective|p2b: Abomasnow\n|-damage|p2b: Abomasnow|34\/100\n|-enditem|p2b: Abomasnow|Sitrus Berry|[eat]\n|-heal|p2b: Abomasnow|59\/100|[from] item: Sitrus Berry\n|move|p1b: Corviknight|Body Press|p2b: Abomasnow\n|-supereffective|p2b: Abomasnow\n|-damage|p2b: Abomasnow|9\/100\n|move|p2a: Baxcalibur|Glaive Rush|p1b: Corviknight\n|-resisted|p1b: Corviknight\n|-damage|p1b: Corviknight|51\/100\n|-singlemove|p2a: Baxcalibur|Glaive Rush|[silent]\n|\n|-weather|Snow|[upkeep]\n|upkeep\n|turn|4\n|inactive|gianniking has 30 seconds left.\n|inactive|beta\/corbata has 30 seconds left.\n|inactive|beta\/corbata has 20 seconds left.\n|inactive|beta\/corbata has 15 seconds left.\n|inactive|beta\/corbata has 10 seconds left.\n|inactive|beta\/corbata has 5 seconds left.\n|\n|t:|1683223919\n|move|p2b: Abomasnow|Protect|p2b: Abomasnow\n|-singleturn|p2b: Abomasnow|Protect\n|move|p2a: Baxcalibur|Ice Shard|p1b: Corviknight\n|-damage|p1b: Corviknight|35\/100\n|move|p1a: Annihilape|Drain Punch|p2b: Abomasnow\n|-activate|p2b: Abomasnow|move: Protect\n|move|p1b: Corviknight|Roost|p1b: Corviknight\n|-heal|p1b: Corviknight|85\/100\n|-singleturn|p1b: Corviknight|move: Roost\n|\n|-weather|Snow|[upkeep]\n|upkeep\n|turn|5\n|\n|t:|1683223939\n|switch|p2b: Great Tusk|Great Tusk, L50|100\/100\n|move|p1a: Annihilape|Drain Punch|p2a: Baxcalibur\n|-supereffective|p2a: Baxcalibur\n|-damage|p2a: Baxcalibur|59\/100\n|move|p1b: Corviknight|Body Press|p2b: Great Tusk\n|-damage|p2b: Great Tusk|77\/100\n|move|p2a: Baxcalibur|Icicle Crash|p1b: Corviknight\n|-damage|p1b: Corviknight|51\/100\n|\n|-weather|Snow|[upkeep]\n|-sideend|p1: gianniking|move: Tailwind\n|upkeep\n|turn|6\n|inactive|beta\/corbata has 30 seconds left.\n|inactive|beta\/corbata has 20 seconds left.\n|\n|t:|1683223979\n|-terastallize|p2b: Great Tusk|Ground\n|move|p1a: Annihilape|Protect|p1a: Annihilape\n|-singleturn|p1a: Annihilape|Protect\n|move|p2b: Great Tusk|Headlong Rush|p1a: Annihilape\n|-activate|p1a: Annihilape|move: Protect\n|move|p2a: Baxcalibur|Glaive Rush|p1a: Annihilape\n|-activate|p1a: Annihilape|move: Protect\n|move|p1b: Corviknight|Tailwind|p1b: Corviknight\n|-sidestart|p1: gianniking|move: Tailwind\n|\n|-weather|Snow|[upkeep]\n|upkeep\n|turn|7\n|inactive|gianniking has 30 seconds left.\n|inactive|gianniking has 20 seconds left.\n|inactive|gianniking has 15 seconds left.\n|\n|t:|1683224022\n|move|p1a: Annihilape|Drain Punch|p2a: Baxcalibur\n|-supereffective|p2a: Baxcalibur\n|-damage|p2a: Baxcalibur|12\/100\n|move|p1b: Corviknight|Brave Bird|p2b: Great Tusk\n|-damage|p2b: Great Tusk|45\/100\n|-damage|p1b: Corviknight|41\/100|[from] Recoil\n|move|p2b: Great Tusk|Headlong Rush|p1a: Annihilape\n|-damage|p1a: Annihilape|23\/100\n|-unboost|p2b: Great Tusk|def|1\n|-unboost|p2b: Great Tusk|spd|1\n|move|p2a: Baxcalibur|Glaive Rush|p1a: Annihilape\n|-damage|p1a: Annihilape|0 fnt\n|-singlemove|p2a: Baxcalibur|Glaive Rush|[silent]\n|faint|p1a: Annihilape\n|\n|-weather|none\n|upkeep\n|\n|t:|1683224041\n|switch|p1a: Gholdengo|Gholdengo, L50|100\/100\n|turn|8\n|\n|t:|1683224065\n|-end|p2b: Great Tusk|Protosynthesis|[silent]\n|switch|p2b: Abomasnow|Abomasnow, L50, F|9\/100\n|-weather|Snow|[from] ability: Snow Warning|[of] p2b: Abomasnow\n|move|p2a: Baxcalibur|Ice Shard|p1b: Corviknight\n|-damage|p1b: Corviknight|26\/100\n|move|p1a: Gholdengo|Make It Rain|p2a: Baxcalibur|[spread] p2a,p2b\n|-supereffective|p2a: Baxcalibur\n|-supereffective|p2b: Abomasnow\n|-damage|p2a: Baxcalibur|0 fnt\n|-damage|p2b: Abomasnow|0 fnt\n|-unboost|p1a: Gholdengo|spa|1\n|faint|p2a: Baxcalibur\n|faint|p2b: Abomasnow\n|move|p1b: Corviknight|Brave Bird|p2: Baxcalibur|[notarget]\n|-fail|p1b: Corviknight\n|\n|-weather|Snow|[upkeep]\n|upkeep\n|\n|t:|1683224075\n|switch|p2a: Great Tusk|Great Tusk, L50, tera:Ground|45\/100\n|switch|p2b: Iron Bundle|Iron Bundle, L50|100\/100\n|turn|9\n|inactive|beta\/corbata has 30 seconds left.\n|\n|t:|1683224111\n|switch|p1a: Maushold|Maushold, L50|100\/100\n|move|p2a: Great Tusk|Protect|p2a: Great Tusk\n|-singleturn|p2a: Great Tusk|Protect\n|move|p2b: Iron Bundle|Aurora Veil|p2b: Iron Bundle\n|-sidestart|p2: beta\/corbata|move: Aurora Veil\n|move|p1b: Corviknight|Roost|p1b: Corviknight\n|-heal|p1b: Corviknight|77\/100\n|-singleturn|p1b: Corviknight|move: Roost\n|\n|-weather|Snow|[upkeep]\n|-sideend|p1: gianniking|move: Tailwind\n|upkeep\n|turn|10\n|inactive|beta\/corbata has 30 seconds left.\n|\n|t:|1683224140\n|move|p1a: Maushold|Follow Me|p1a: Maushold\n|-singleturn|p1a: Maushold|move: Follow Me\n|move|p2b: Iron Bundle|Blizzard|p1a: Maushold|[spread] p1a,p1b\n|-damage|p1a: Maushold|67\/100\n|-damage|p1b: Corviknight|51\/100\n|move|p2a: Great Tusk|Close Combat|p1a: Maushold\n|-supereffective|p1a: Maushold\n|-damage|p1a: Maushold|0 fnt\n|-unboost|p2a: Great Tusk|def|1\n|-unboost|p2a: Great Tusk|spd|1\n|faint|p1a: Maushold\n|move|p1b: Corviknight|Tailwind|p1b: Corviknight\n|-sidestart|p1: gianniking|move: Tailwind\n|\n|-weather|Snow|[upkeep]\n|upkeep\n|\n|t:|1683224154\n|switch|p1a: Gholdengo|Gholdengo, L50|100\/100\n|turn|11\n|inactive|gianniking has 30 seconds left.\n|\n|t:|1683224183\n|-terastallize|p1a: Gholdengo|Water\n|move|p1a: Gholdengo|Make It Rain|p2a: Great Tusk|[spread] p2a,p2b\n|-damage|p2a: Great Tusk|0 fnt\n|-damage|p2b: Iron Bundle|52\/100\n|-unboost|p1a: Gholdengo|spa|1\n|faint|p2a: Great Tusk\n|-end|p2a: Great Tusk|Protosynthesis|[silent]\n|move|p2b: Iron Bundle|Hydro Pump|p1a: Gholdengo\n|-resisted|p1a: Gholdengo\n|-damage|p1a: Gholdengo|76\/100\n|move|p1b: Corviknight|Body Press|p2b: Iron Bundle\n|-supereffective|p2b: Iron Bundle\n|-damage|p2b: Iron Bundle|25\/100\n|\n|-weather|Snow|[upkeep]\n|upkeep\n|turn|12\n|-message|beta\/corbata forfeited.\n|\n|win|gianniking\n|raw|gianniking's rating: 1201 → 1223<\/strong> (+22 for winning)\n|raw|beta/corbata's rating: 1161 → 1139<\/strong> (-22 for losing)\n|l|\u2606beta\/corbata\n","uploadtime":1683224224,"views":12,"p1id":"gianniking","p2id":"betacorbata","formatid":"gen9vgc2023regulationc","rating":1139,"private":0,"password":""}