{"id":"gen9vgc2023regulationc-1863350172","p1":"Auraen","p2":"VeryGayContentVGC","format":"[Gen 9] VGC 2023 Regulation C","log":"|j|\u2606Auraen\n|j|\u2606VeryGayContentVGC\n|t:|1684005814\n|gametype|doubles\n|player|p1|Auraen|flannery|1482\n|player|p2|VeryGayContentVGC|argenta|1531\n|teamsize|p1|6\n|teamsize|p2|6\n|gen|9\n|tier|[Gen 9] VGC 2023 Regulation C\n|rated|\n|rule|Species Clause: Limit one of each Pok\u00e9mon\n|rule|Item Clause: Limit one of each item\n|clearpoke\n|poke|p1|Flutter Mane, L50|\n|poke|p1|Tauros-Paldea-Aqua, L50, M|\n|poke|p1|Corviknight, L50, M|\n|poke|p1|Iron Moth, L50|\n|poke|p1|Wo-Chien, L50|\n|poke|p1|Hariyama, L50, F|\n|poke|p2|Abomasnow, L50, F|\n|poke|p2|Iron Bundle, L50|\n|poke|p2|Chien-Pao, L50|\n|poke|p2|Maushold, L50|\n|poke|p2|Annihilape, L50, F|\n|poke|p2|Palafin, L50, F|\n|teampreview|4\n|inactive|Battle timer is ON: inactive players will automatically lose when time's up. (requested by VeryGayContentVGC)\n|inactive|Auraen has 60 seconds left.\n|\n|t:|1684005856\n|start\n|switch|p1a: Flutter Mane|Flutter Mane, L50|100\/100\n|switch|p1b: Corviknight|Corviknight, L50, M|100\/100\n|switch|p2a: Annihilape|Annihilape, L50, F|100\/100\n|switch|p2b: Palafin|Palafin, L50, F, shiny|100\/100\n|-enditem|p1a: Flutter Mane|Booster Energy\n|-activate|p1a: Flutter Mane|ability: Protosynthesis|[fromitem]\n|-start|p1a: Flutter Mane|protosynthesisspa\n|turn|1\n|inactive|VeryGayContentVGC has 30 seconds left.\n|\n|t:|1684005891\n|detailschange|p2b: Palafin|Palafin-Hero, L50, F, shiny\n|switch|p2b: Maushold|Maushold, L50, shiny|100\/100\n|-terastallize|p2a: Annihilape|Fire\n|move|p1a: Flutter Mane|Protect|p1a: Flutter Mane\n|-singleturn|p1a: Flutter Mane|Protect\n|move|p2a: Annihilape|Rage Fist|p1a: Flutter Mane\n|-activate|p1a: Flutter Mane|move: Protect\n|move|p1b: Corviknight|Tailwind|p1b: Corviknight\n|-sidestart|p1: Auraen|move: Tailwind\n|\n|upkeep\n|turn|2\n|\n|t:|1684005909\n|move|p1a: Flutter Mane|Substitute|p1a: Flutter Mane\n|-start|p1a: Flutter Mane|Substitute\n|-damage|p1a: Flutter Mane|76\/100\n|move|p1b: Corviknight|Taunt|p2b: Maushold\n|-start|p2b: Maushold|move: Taunt\n|cant|p2b: Maushold|move: Taunt|Taunt\n|move|p2a: Annihilape|Rage Fist|p1a: Flutter Mane\n|-supereffective|p1a: Flutter Mane\n|-end|p1a: Flutter Mane|Substitute\n|\n|upkeep\n|turn|3\n|\n|t:|1684005921\n|move|p1a: Flutter Mane|Shadow Ball|p2a: Annihilape\n|-damage|p2a: Annihilape|62\/100\n|move|p1b: Corviknight|Brave Bird|p2a: Annihilape\n|-damage|p2a: Annihilape|24\/100\n|-damage|p1b: Corviknight|87\/100|[from] Recoil\n|move|p2b: Maushold|Beat Up|p2a: Annihilape\n|-damage|p2a: Annihilape|22\/100\n|-damage|p2a: Annihilape|20\/100\n|-damage|p2a: Annihilape|17\/100\n|-damage|p2a: Annihilape|15\/100\n|-hitcount|p2a: Annihilape|4\n|move|p2a: Annihilape|Rage Fist|p1a: Flutter Mane\n|-supereffective|p1a: Flutter Mane\n|-damage|p1a: Flutter Mane|0 fnt\n|faint|p1a: Flutter Mane\n|-end|p1a: Flutter Mane|Protosynthesis|[silent]\n|\n|upkeep\n|\n|t:|1684005936\n|switch|p1a: Tauros|Tauros-Paldea-Aqua, L50, M|100\/100\n|-ability|p1a: Tauros|Intimidate|boost\n|-unboost|p2a: Annihilape|atk|1\n|-ability|p2a: Annihilape|Defiant|boost\n|-boost|p2a: Annihilape|atk|2\n|-unboost|p2b: Maushold|atk|1\n|turn|4\n|\n|t:|1684005947\n|move|p2a: Annihilape|Protect|p2a: Annihilape\n|-singleturn|p2a: Annihilape|Protect\n|move|p1a: Tauros|Close Combat|p2b: Maushold\n|-supereffective|p2b: Maushold\n|-damage|p2b: Maushold|7\/100\n|-unboost|p1a: Tauros|def|1\n|-unboost|p1a: Tauros|spd|1\n|-enditem|p2b: Maushold|Sitrus Berry|[eat]\n|-heal|p2b: Maushold|31\/100|[from] item: Sitrus Berry\n|move|p1b: Corviknight|Brave Bird|p2a: Annihilape\n|-activate|p2a: Annihilape|move: Protect\n|move|p2b: Maushold|Super Fang|p1a: Tauros\n|-damage|p1a: Tauros|51\/100\n|\n|-end|p2b: Maushold|move: Taunt\n|-sideend|p1: Auraen|move: Tailwind\n|upkeep\n|turn|5\n|\n|t:|1684005964\n|switch|p1b: Hariyama|Hariyama, L50, F|100\/100\n|move|p1a: Tauros|Protect|p1a: Tauros\n|-singleturn|p1a: Tauros|Protect\n|move|p2b: Maushold|Taunt|p1b: Hariyama\n|-start|p1b: Hariyama|move: Taunt\n|move|p2a: Annihilape|Rage Fist|p1a: Tauros\n|-activate|p1a: Tauros|move: Protect\n|\n|upkeep\n|turn|6\n|\n|t:|1684005985\n|move|p2a: Annihilape|Protect|p2a: Annihilape\n|-singleturn|p2a: Annihilape|Protect\n|move|p1b: Hariyama|Fake Out|p2a: Annihilape\n|-activate|p2a: Annihilape|move: Protect\n|move|p1a: Tauros|Close Combat|p2b: Maushold\n|-supereffective|p2b: Maushold\n|-damage|p2b: Maushold|0 fnt\n|-unboost|p1a: Tauros|def|1\n|-unboost|p1a: Tauros|spd|1\n|faint|p2b: Maushold\n|\n|upkeep\n|\n|t:|1684005996\n|switch|p2b: Palafin|Palafin-Hero, L50, F, shiny|100\/100\n|-activate|p2b: Palafin|ability: Zero to Hero\n|turn|7\n|\n|t:|1684006020\n|switch|p1b: Corviknight|Corviknight, L50, M|87\/100\n|move|p1a: Tauros|Aqua Jet|p2a: Annihilape\n|-supereffective|p2a: Annihilape\n|-damage|p2a: Annihilape|0 fnt\n|faint|p2a: Annihilape\n|move|p2b: Palafin|Jet Punch|p1a: Tauros\n|-resisted|p1a: Tauros\n|-damage|p1a: Tauros|11\/100\n|\n|upkeep\n|\n|t:|1684006028\n|switch|p2a: Iron Bundle|Iron Bundle, L50, shiny|100\/100\n|-enditem|p2a: Iron Bundle|Booster Energy\n|-activate|p2a: Iron Bundle|ability: Quark Drive|[fromitem]\n|-start|p2a: Iron Bundle|quarkdrivespe\n|turn|8\n|\n|t:|1684006037\n|switch|p1a: Hariyama|Hariyama, L50, F|100\/100\n|move|p2a: Iron Bundle|Blizzard|p1b: Corviknight|[spread] p1a\n|-miss|p2a: Iron Bundle|p1b: Corviknight\n|-damage|p1a: Hariyama|84\/100\n|move|p2b: Palafin|Bulk Up|p2b: Palafin\n|-boost|p2b: Palafin|atk|1\n|-boost|p2b: Palafin|def|1\n|move|p1b: Corviknight|Iron Head|p2a: Iron Bundle\n|-damage|p2a: Iron Bundle|63\/100\n|\n|upkeep\n|turn|9\n|\n|t:|1684006054\n|move|p1a: Hariyama|Fake Out|p2b: Palafin\n|-damage|p2b: Palafin|92\/100\n|move|p2a: Iron Bundle|Blizzard|p1b: Corviknight|[spread] p1a\n|-miss|p2a: Iron Bundle|p1b: Corviknight\n|-damage|p1a: Hariyama|68\/100\n|cant|p2b: Palafin|flinch\n|move|p1b: Corviknight|Tailwind|p1b: Corviknight\n|-sidestart|p1: Auraen|move: Tailwind\n|\n|upkeep\n|turn|10\n|j| OTestingACO\n|\n|t:|1684006065\n|move|p2a: Iron Bundle|Blizzard|p1b: Corviknight|[spread] p1a\n|-miss|p2a: Iron Bundle|p1b: Corviknight\n|-damage|p1a: Hariyama|52\/100\n|-status|p1a: Hariyama|frz\n|move|p1b: Corviknight|Taunt|p2b: Palafin\n|-start|p2b: Palafin|move: Taunt\n|-curestatus|p1a: Hariyama|frz|[msg]\n|move|p1a: Hariyama|Close Combat|p2a: Iron Bundle\n|-supereffective|p2a: Iron Bundle\n|-damage|p2a: Iron Bundle|0 fnt\n|-unboost|p1a: Hariyama|def|1\n|-unboost|p1a: Hariyama|spd|1\n|faint|p2a: Iron Bundle\n|-end|p2a: Iron Bundle|Quark Drive|[silent]\n|move|p2b: Palafin|Wave Crash|p1b: Corviknight\n|-damage|p1b: Corviknight|0 fnt\n|faint|p1b: Corviknight\n|-damage|p2b: Palafin|65\/100|[from] Recoil\n|\n|upkeep\n|\n|t:|1684006082\n|switch|p1b: Tauros|Tauros-Paldea-Aqua, L50, M|11\/100\n|-ability|p1b: Tauros|Intimidate|boost\n|-unboost|p2b: Palafin|atk|1\n|turn|11\n|\n|t:|1684006095\n|move|p1b: Tauros|Protect|p1b: Tauros\n|-singleturn|p1b: Tauros|Protect\n|move|p2b: Palafin|Jet Punch|p1b: Tauros\n|-activate|p1b: Tauros|move: Protect\n|move|p1a: Hariyama|Close Combat|p2b: Palafin\n|-damage|p2b: Palafin|31\/100\n|-unboost|p1a: Hariyama|def|1\n|-unboost|p1a: Hariyama|spd|1\n|\n|upkeep\n|turn|12\n|\n|t:|1684006105\n|move|p2b: Palafin|Jet Punch|p1a: Hariyama\n|-damage|p1a: Hariyama|0 fnt\n|faint|p1a: Hariyama\n|move|p1b: Tauros|Close Combat|p2b: Palafin\n|-damage|p2b: Palafin|2\/100\n|-unboost|p1b: Tauros|def|1\n|-unboost|p1b: Tauros|spd|1\n|\n|-end|p2b: Palafin|move: Taunt\n|-sideend|p1: Auraen|move: Tailwind\n|upkeep\n|turn|13\n|\n|t:|1684006115\n|-terastallize|p1b: Tauros|Water\n|move|p1b: Tauros|Aqua Jet|p2b: Palafin\n|-resisted|p2b: Palafin\n|-damage|p2b: Palafin|0 fnt\n|faint|p2b: Palafin\n|\n|win|Auraen\n|raw|Auraen's rating: 1482 → 1505<\/strong> (+23 for winning)\n|raw|VeryGayContentVGC's rating: 1531 → 1508<\/strong> (-23 for losing)\n|l|\u2606VeryGayContentVGC\n","uploadtime":1684006224,"views":2,"p1id":"auraen","p2id":"verygaycontentvgc","formatid":"gen9vgc2023regulationc","rating":1505,"private":0,"password":""}