{"id":"gen9vgc2023regulationc-1845865544","p1":"Keveloper","p2":"ApoloVGC","format":"[Gen 9] VGC 2023 Regulation C","log":"|j|\u2606Keveloper\n|j|\u2606ApoloVGC\n|t:|1681773000\n|gametype|doubles\n|player|p1|Keveloper|ash|1490\n|player|p2|ApoloVGC|lucas|1453\n|teamsize|p1|6\n|teamsize|p2|6\n|gen|9\n|tier|[Gen 9] VGC 2023 Regulation C\n|rated|\n|rule|Species Clause: Limit one of each Pok\u00e9mon\n|rule|Item Clause: Limit one of each item\n|clearpoke\n|poke|p1|Orthworm, L50, F|\n|poke|p1|Dragonite, L50, F|\n|poke|p1|Ting-Lu, L50|\n|poke|p1|Gyarados, L50, M|\n|poke|p1|Flutter Mane, L50|\n|poke|p1|Chien-Pao, L50|\n|poke|p2|Pelipper, L50, F|\n|poke|p2|Palafin, L50, F|\n|poke|p2|Chien-Pao, L50|\n|poke|p2|Iron Hands, L50|\n|poke|p2|Amoonguss, L50, F|\n|poke|p2|Gholdengo, L50|\n|teampreview|4\nApoloVGC has agreed to open team sheets.\n|\n|t:|1681773036\n|start\n|switch|p1a: Orthworm|Orthworm, L50, F|100\/100\n|switch|p1b: Gyarados|Gyarados, L50, M|100\/100\n|switch|p2a: Pelicaro|Pelipper, L50, F|100\/100\n|switch|p2b: ElCaramocho|Palafin, L50, F|100\/100\n|-ability|p1b: Gyarados|Intimidate|boost\n|-unboost|p2a: Pelicaro|atk|1\n|-unboost|p2b: ElCaramocho|atk|1\n|-weather|RainDance|[from] ability: Drizzle|[of] p2a: Pelicaro\n|turn|1\n|\n|t:|1681773075\n|-terastallize|p2b: ElCaramocho|Water\n|move|p2b: ElCaramocho|Jet Punch|p1a: Orthworm\n|-damage|p1a: Orthworm|73\/100\n|move|p1b: Gyarados|Thunder Wave|p2a: Pelicaro\n|-status|p2a: Pelicaro|par\n|move|p1a: Orthworm|Shed Tail|p1a: Orthworm\n|-start|p1a: Orthworm|Substitute|[from] move: Shed Tail\n|-damage|p1a: Orthworm|23\/100\n|-enditem|p1a: Orthworm|Sitrus Berry|[eat]\n|-heal|p1a: Orthworm|48\/100|[from] item: Sitrus Berry\n|\n|t:|1681773088\n|switch|p1a: Dragonite|Dragonite, L50, F|100\/100|[from] Shed Tail\n|move|p2a: Pelicaro|Hydro Pump|p1a: Dragonite\n|-resisted|p1a: Dragonite\n|-activate|p1a: Dragonite|move: Substitute|[damage]\n|\n|-weather|RainDance|[upkeep]\n|upkeep\n|turn|2\n|\n|t:|1681773125\n|move|p2b: ElCaramocho|Protect|p2b: ElCaramocho\n|-singleturn|p2b: ElCaramocho|Protect\n|move|p1a: Dragonite|Dragon Dance|p1a: Dragonite\n|-boost|p1a: Dragonite|atk|1\n|-boost|p1a: Dragonite|spe|1\n|move|p1b: Gyarados|Bulldoze|p2b: ElCaramocho|[spread] \n|-activate|p2b: ElCaramocho|move: Protect\n|-immune|p1a: Dragonite\n|-immune|p2a: Pelicaro\n|move|p2a: Pelicaro|Hurricane|p1b: Gyarados\n|-damage|p1b: Gyarados|61\/100\n|\n|-weather|RainDance|[upkeep]\n|upkeep\n|turn|3\n|j| Therazer456\n|\n|t:|1681773156\n|switch|p1b: Orthworm|Orthworm, L50, F|48\/100\n|detailschange|p2b: ElCaramocho|Palafin-Hero, L50, F, tera:Water\n|switch|p2b: FerroTCalmas|Iron Hands, L50|100\/100\n|-terastallize|p1a: Dragonite|Flying\n|move|p1a: Dragonite|Earthquake|p2a: Pelicaro|[spread] p2b\n|-heal|p1b: Orthworm|73\/100|[from] ability: Earth Eater|[of] p1a: Dragonite\n|-immune|p2a: Pelicaro\n|-supereffective|p2b: FerroTCalmas\n|-damage|p2b: FerroTCalmas|41\/100\n|cant|p2a: Pelicaro|par\n|\n|-weather|RainDance|[upkeep]\n|upkeep\n|turn|4\n|\n|t:|1681773184\n|cant|p2a: Pelicaro|par\n|move|p1a: Dragonite|Earthquake|p2a: Pelicaro|[spread] p2b\n|-heal|p1b: Orthworm|98\/100|[from] ability: Earth Eater|[of] p1a: Dragonite\n|-immune|p2a: Pelicaro\n|-supereffective|p2b: FerroTCalmas\n|-damage|p2b: FerroTCalmas|0 fnt\n|faint|p2b: FerroTCalmas\n|-end|p2b: FerroTCalmas|Quark Drive|[silent]\n|move|p1b: Orthworm|Iron Defense|p1b: Orthworm\n|-boost|p1b: Orthworm|def|2\n|\n|-weather|RainDance|[upkeep]\n|upkeep\n|c|\u2606ApoloVGC|....\n|\n|t:|1681773198\n|switch|p2b: Diego|Chien-Pao, L50|100\/100\n|-ability|p2b: Diego|Sword of Ruin\n|turn|5\n|c|\u2606Keveloper|unfortunate\n|\n|t:|1681773229\n|move|p1a: Dragonite|Tera Blast|p2a: Pelicaro\n|-damage|p2a: Pelicaro|0 fnt\n|faint|p2a: Pelicaro\n|move|p2b: Diego|Sacred Sword|p1b: Orthworm\n|-supereffective|p1b: Orthworm\n|-damage|p1b: Orthworm|45\/100\n|move|p1b: Orthworm|Body Press|p2b: Diego\n|-supereffective|p2b: Diego\n|-enditem|p2b: Diego|Focus Sash\n|-damage|p2b: Diego|1\/100\n|\n|-weather|RainDance|[upkeep]\n|upkeep\n|-message|ApoloVGC forfeited.\n|\n|win|Keveloper\n|raw|Keveloper's rating: 1490 → 1508<\/strong> (+18 for winning)\n|raw|ApoloVGC's rating: 1453 → 1435<\/strong> (-18 for losing)\n|l|\u2606ApoloVGC\n","uploadtime":1681773242,"views":55,"p1id":"keveloper","p2id":"apolovgc","formatid":"gen9vgc2023regulationc","rating":1435,"private":0,"password":""}