{"id":"gen9vgc2023regulationc-1846240111","p1":"Robin88812","p2":"Unhinged_LoopKids","format":"[Gen 9] VGC 2023 Regulation C","log":"|j|\u2606Robin88812\n|j|\u2606Unhinged_LoopKids\n|t:|1681824542\n|gametype|doubles\n|player|p1|Robin88812|drayden|1027\n|player|p2|Unhinged_LoopKids|n|1131\n|teamsize|p1|6\n|teamsize|p2|6\n|gen|9\n|tier|[Gen 9] VGC 2023 Regulation C\n|rated|\n|rule|Species Clause: Limit one of each Pok\u00e9mon\n|rule|Item Clause: Limit one of each item\n|clearpoke\n|poke|p1|Gyarados, L50, F|\n|poke|p1|Chi-Yu, L50|\n|poke|p1|Amoonguss, L50, F|\n|poke|p1|Slither Wing, L50|\n|poke|p1|Glimmora, L50, F|\n|poke|p1|Arcanine, L50, M|\n|poke|p2|Chien-Pao, L50|\n|poke|p2|Dragonite, L50, F|\n|poke|p2|Flutter Mane, L50|\n|poke|p2|Arcanine, L50, F|\n|poke|p2|Amoonguss, L50, M|\n|poke|p2|Palafin, L50, M|\n|teampreview|4\n|\n|t:|1681824581\n|start\n|switch|p1a: Gyarados|Gyarados, L50, F|100\/100\n|switch|p1b: KOIto|Chi-Yu, L50|100\/100\n|switch|p2a: Dragonite|Dragonite, L50, F|100\/100\n|switch|p2b: Palafin|Palafin, L50, M|100\/100\n|-ability|p1b: KOIto|Beads of Ruin\n|-ability|p1a: Gyarados|Intimidate|boost\n|-fail|p2a: Dragonite|unboost|Attack|[from] ability: Inner Focus|[of] p2a: Dragonite\n|-unboost|p2b: Palafin|atk|1\n|turn|1\n|\n|t:|1681824611\n|detailschange|p2b: Palafin|Palafin-Hero, L50, M\n|switch|p2b: Chien-Pao|Chien-Pao, L50|100\/100\n|-ability|p2b: Chien-Pao|Sword of Ruin\n|-terastallize|p1b: KOIto|Water\n|-terastallize|p2a: Dragonite|Normal\n|move|p2a: Dragonite|Extreme Speed|p1a: Gyarados\n|-damage|p1a: Gyarados|7\/100\n|-enditem|p1a: Gyarados|Aguav Berry|[eat]\n|-heal|p1a: Gyarados|40\/100|[from] item: Aguav Berry\n|move|p1b: KOIto|Nasty Plot|p1b: KOIto\n|-boost|p1b: KOIto|spa|2\n|move|p1a: Gyarados|Taunt|p2a: Dragonite\n|-start|p2a: Dragonite|move: Taunt\n|\n|upkeep\n|turn|2\n|\n|t:|1681824641\n|move|p2a: Dragonite|Extreme Speed|p1b: KOIto\n|-damage|p1b: KOIto|0 fnt\n|faint|p1b: KOIto\n|move|p2b: Chien-Pao|Sacred Sword|p1a: Gyarados\n|-resisted|p1a: Gyarados\n|-damage|p1a: Gyarados|18\/100\n|move|p1a: Gyarados|Thunder Wave|p2a: Dragonite\n|-status|p2a: Dragonite|par\n|\n|upkeep\n|\n|t:|1681824652\n|switch|p1b: Amoonguss|Amoonguss, L50, F|100\/100\n|turn|3\n|\n|t:|1681824663\n|cant|p2a: Dragonite|par\n|move|p2b: Chien-Pao|Ice Spinner|p1b: Amoonguss\n|-supereffective|p1b: Amoonguss\n|-damage|p1b: Amoonguss|6\/100\n|-enditem|p1b: Amoonguss|Sitrus Berry|[eat]\n|-heal|p1b: Amoonguss|31\/100|[from] item: Sitrus Berry\n|move|p1a: Gyarados|Waterfall|p2b: Chien-Pao\n|-damage|p2b: Chien-Pao|57\/100\n|move|p1b: Amoonguss|Pollen Puff|p1a: Gyarados\n|-heal|p1a: Gyarados|68\/100\n|\n|upkeep\n|turn|4\n|\n|t:|1681824684\n|move|p1b: Amoonguss|Protect|p1b: Amoonguss\n|-singleturn|p1b: Amoonguss|Protect\n|move|p2a: Dragonite|Extreme Speed|p1a: Gyarados\n|-damage|p1a: Gyarados|0 fnt\n|faint|p1a: Gyarados\n|move|p2b: Chien-Pao|Ice Spinner|p1b: Amoonguss\n|-activate|p1b: Amoonguss|move: Protect\n|\n|-end|p2a: Dragonite|move: Taunt\n|upkeep\n|\n|t:|1681824693\n|switch|p1a: Reptalada|Slither Wing, L50|100\/100\n|-enditem|p1a: Reptalada|Booster Energy\n|-activate|p1a: Reptalada|ability: Protosynthesis|[fromitem]\n|-start|p1a: Reptalada|protosynthesisatk\n|turn|5\n|\n|t:|1681824706\n|cant|p2a: Dragonite|par\n|move|p1b: Amoonguss|Rage Powder|p1b: Amoonguss\n|-singleturn|p1b: Amoonguss|move: Rage Powder\n|move|p2b: Chien-Pao|Ice Spinner|p1b: Amoonguss\n|-supereffective|p1b: Amoonguss\n|-damage|p1b: Amoonguss|0 fnt\n|faint|p1b: Amoonguss\n|move|p1a: Reptalada|Close Combat|p2b: Chien-Pao\n|-supereffective|p2b: Chien-Pao\n|-damage|p2b: Chien-Pao|0 fnt\n|-unboost|p1a: Reptalada|def|1\n|-unboost|p1a: Reptalada|spd|1\n|faint|p2b: Chien-Pao\n|\n|upkeep\n|\n|t:|1681824721\n|switch|p2b: Palafin|Palafin-Hero, L50, M|100\/100\n|-activate|p2b: Palafin|ability: Zero to Hero\n|turn|6\n|\n|t:|1681824735\n|move|p2a: Dragonite|Extreme Speed|p1a: Reptalada\n|-damage|p1a: Reptalada|0 fnt\n|faint|p1a: Reptalada\n|-end|p1a: Reptalada|Protosynthesis|[silent]\n|\n|win|Unhinged_LoopKids\n|raw|Robin88812's rating: 1027 → 1017<\/strong> (-10 for losing)\n|raw|Unhinged_LoopKids's rating: 1131 → 1149<\/strong> (+18 for winning)\n|l|\u2606Robin88812\n","uploadtime":1681824746,"views":10,"p1id":"robin88812","p2id":"unhingedloopkids","formatid":"gen9vgc2023regulationc","rating":1017,"private":0,"password":""}