{"id":"gen9vgc2023regulationc-1860641738","p1":"Littleh4ck","p2":"WestyLiam","format":"[Gen 9] VGC 2023 Regulation C","log":"|j|\u2606Littleh4ck\n|j|\u2606WestyLiam\n|t:|1683661772\n|gametype|doubles\n|player|p1|Littleh4ck|266|1171\n|player|p2|WestyLiam|hugh|1150\n|teamsize|p1|6\n|teamsize|p2|6\n|gen|9\n|tier|[Gen 9] VGC 2023 Regulation C\n|rated|\n|rule|Species Clause: Limit one of each Pok\u00e9mon\n|rule|Item Clause: Limit one of each item\n|clearpoke\n|poke|p1|Kingambit, L50, F|\n|poke|p1|Chien-Pao, L50|\n|poke|p1|Flutter Mane, L50|\n|poke|p1|Amoonguss, L50, F|\n|poke|p1|Dondozo, L50, M|\n|poke|p1|Iron Hands, L50|\n|poke|p2|Dondozo, L50, F|\n|poke|p2|Glimmora, L50, F|\n|poke|p2|Chi-Yu, L50|\n|poke|p2|Iron Bundle, L50|\n|poke|p2|Flutter Mane, L50|\n|poke|p2|Tatsugiri-Stretchy, L50, F|\n|teampreview|4\n|inactive|Battle timer is ON: inactive players will automatically lose when time's up. (requested by WestyLiam)\n|inactive|Littleh4ck has 60 seconds left.\n|inactive|Littleh4ck has 30 seconds left.\n|inactive|Littleh4ck has 20 seconds left.\n|inactive|Littleh4ck has 15 seconds left.\n|inactive|Littleh4ck has 10 seconds left.\n|\n|t:|1683661857\n|start\n|switch|p1a: Iron Hands|Iron Hands, L50|100\/100\n|switch|p1b: Dondozo|Dondozo, L50, M|100\/100\n|switch|p2a: Chi-Yu|Chi-Yu, L50|100\/100\n|switch|p2b: Iron Bundle|Iron Bundle, L50|100\/100\n|-ability|p2a: Chi-Yu|Beads of Ruin\n|-enditem|p2b: Iron Bundle|Booster Energy\n|-activate|p2b: Iron Bundle|ability: Quark Drive|[fromitem]\n|-start|p2b: Iron Bundle|quarkdrivespe\n|turn|1\n|inactive|Littleh4ck has 30 seconds left.\n|\n|t:|1683661884\n|move|p2b: Iron Bundle|Protect|p2b: Iron Bundle\n|-singleturn|p2b: Iron Bundle|Protect\n|move|p2a: Chi-Yu|Protect|p2a: Chi-Yu\n|-singleturn|p2a: Chi-Yu|Protect\n|move|p1a: Iron Hands|Close Combat|p2b: Iron Bundle\n|-activate|p2b: Iron Bundle|move: Protect\n|move|p1b: Dondozo|Wave Crash|p2a: Chi-Yu\n|-activate|p2a: Chi-Yu|move: Protect\n|\n|upkeep\n|turn|2\n|inactive|WestyLiam has 30 seconds left.\n|\n|t:|1683661910\n|-terastallize|p2b: Iron Bundle|Ice\n|-terastallize|p1a: Iron Hands|Flying\n|move|p2b: Iron Bundle|Freeze-Dry|p1b: Dondozo\n|-supereffective|p1b: Dondozo\n|-damage|p1b: Dondozo|0 fnt\n|faint|p1b: Dondozo\n|move|p2a: Chi-Yu|Dark Pulse|p1a: Iron Hands\n|-damage|p1a: Iron Hands|71\/100\n|move|p1a: Iron Hands|Close Combat|p2b: Iron Bundle\n|-supereffective|p2b: Iron Bundle\n|-damage|p2b: Iron Bundle|0 fnt\n|-unboost|p1a: Iron Hands|def|1\n|-unboost|p1a: Iron Hands|spd|1\n|faint|p2b: Iron Bundle\n|-end|p2b: Iron Bundle|Quark Drive|[silent]\n|\n|upkeep\n|inactive|Littleh4ck has 30 seconds left.\n|inactive|Littleh4ck has 20 seconds left.\n|\n|t:|1683661946\n|switch|p2b: Dondozo|Dondozo, L50, F|100\/100\n|switch|p1b: Flutter Mane|Flutter Mane, L50|100\/100\n|-enditem|p1b: Flutter Mane|Booster Energy\n|-activate|p1b: Flutter Mane|ability: Protosynthesis|[fromitem]\n|-start|p1b: Flutter Mane|protosynthesisspe\n|turn|3\n|\n|t:|1683661960\n|move|p2b: Dondozo|Protect|p2b: Dondozo\n|-singleturn|p2b: Dondozo|Protect\n|move|p1b: Flutter Mane|Dazzling Gleam|p2b: Dondozo|[spread] p2a\n|-activate|p2b: Dondozo|move: Protect\n|-damage|p2a: Chi-Yu|65\/100\n|move|p2a: Chi-Yu|Heat Wave|p1b: Flutter Mane|[spread] p1a,p1b\n|-damage|p1a: Iron Hands|30\/100\n|-damage|p1b: Flutter Mane|46\/100\n|-status|p1b: Flutter Mane|brn\n|move|p1a: Iron Hands|Thunder Punch|p2b: Dondozo\n|-activate|p2b: Dondozo|move: Protect\n|\n|-damage|p1b: Flutter Mane|39\/100 brn|[from] brn\n|upkeep\n|turn|4\n|\n|t:|1683661981\n|move|p1b: Flutter Mane|Protect|p1b: Flutter Mane\n|-singleturn|p1b: Flutter Mane|Protect\n|move|p2a: Chi-Yu|Heat Wave|p1b: Flutter Mane|[spread] p1a\n|-activate|p1b: Flutter Mane|move: Protect\n|-damage|p1a: Iron Hands|0 fnt\n|faint|p1a: Iron Hands\n|-end|p1a: Iron Hands|Quark Drive|[silent]\n|move|p2b: Dondozo|Wave Crash|p1b: Flutter Mane\n|-activate|p1b: Flutter Mane|move: Protect\n|\n|-damage|p1b: Flutter Mane|33\/100 brn|[from] brn\n|upkeep\n|\n|t:|1683661987\n|switch|p1a: Kingambit|Kingambit, L50, F|100\/100\n|turn|5\n|\n|t:|1683661997\n|move|p2a: Chi-Yu|Protect|p2a: Chi-Yu\n|-singleturn|p2a: Chi-Yu|Protect\n|move|p2b: Dondozo|Protect|p2b: Dondozo\n|-singleturn|p2b: Dondozo|Protect\n|move|p1b: Flutter Mane|Dazzling Gleam|p2a: Chi-Yu|[spread] \n|-activate|p2a: Chi-Yu|move: Protect\n|-activate|p2b: Dondozo|move: Protect\n|move|p1a: Kingambit|Kowtow Cleave|p2a: Chi-Yu\n|-activate|p2a: Chi-Yu|move: Protect\n|\n|-damage|p1b: Flutter Mane|27\/100 brn|[from] brn\n|upkeep\n|turn|6\n|\n|t:|1683662014\n|move|p1a: Kingambit|Sucker Punch|p2a: Chi-Yu\n|-resisted|p2a: Chi-Yu\n|-damage|p2a: Chi-Yu|29\/100\n|move|p1b: Flutter Mane|Moonblast|p2b: Dondozo\n|-damage|p2b: Dondozo|44\/100\n|move|p2a: Chi-Yu|Heat Wave|p1a: Kingambit|[spread] p1b\n|-miss|p2a: Chi-Yu|p1a: Kingambit\n|-damage|p1b: Flutter Mane|0 fnt\n|faint|p1b: Flutter Mane\n|-end|p1b: Flutter Mane|Protosynthesis|[silent]\n|move|p2b: Dondozo|Wave Crash|p1a: Kingambit\n|-damage|p1a: Kingambit|60\/100\n|-damage|p2b: Dondozo|32\/100|[from] Recoil\n|\n|-heal|p2b: Dondozo|39\/100|[from] item: Leftovers\n|upkeep\n|turn|7\n|\n|t:|1683662037\n|move|p2a: Chi-Yu|Overheat|p1a: Kingambit\n|-supereffective|p1a: Kingambit\n|-damage|p1a: Kingambit|0 fnt\n|-unboost|p2a: Chi-Yu|spa|2\n|faint|p1a: Kingambit\n|\n|win|WestyLiam\n|raw|Littleh4ck's rating: 1171 → 1144<\/strong> (-27 for losing)\n|raw|WestyLiam's rating: 1150 → 1177<\/strong> (+27 for winning)\n|l|\u2606Littleh4ck\n","uploadtime":1683662046,"views":16,"p1id":"littleh4ck","p2id":"westyliam","formatid":"gen9vgc2023regulationc","rating":1144,"private":0,"password":""}