{"id":"gen9vgc2023regulationc-1855208194","p1":"edfdfd3","p2":"yuanpi","format":"[Gen 9] VGC 2023 Regulation C","log":"|j|\u2606edfdfd3\n|j|\u2606yuanpi\n|t:|1682915313\n|gametype|doubles\n|player|p1|edfdfd3|169|1000\n|player|p2|yuanpi|170|1041\n|teamsize|p1|6\n|teamsize|p2|6\n|gen|9\n|tier|[Gen 9] VGC 2023 Regulation C\n|rated|\n|rule|Species Clause: Limit one of each Pok\u00e9mon\n|rule|Item Clause: Limit one of each item\n|clearpoke\n|poke|p1|Torkoal, L50, F|\n|poke|p1|Chi-Yu, L50|\n|poke|p1|Bronzong, L50|\n|poke|p1|Gastrodon, L50, M|\n|poke|p1|Grimmsnarl, L50, M|\n|poke|p1|Skeledirge, L50, F|\n|poke|p2|Amoonguss, L50, F|\n|poke|p2|Pelipper, L50, F|\n|poke|p2|Palafin, L50, F|\n|poke|p2|Barraskewda, L50, F|\n|poke|p2|Chien-Pao, L50|\n|poke|p2|Gholdengo, L50|\n|teampreview|4\n|inactive|Battle timer is ON: inactive players will automatically lose when time's up. (requested by edfdfd3)\n|\n|t:|1682915357\n|start\n|switch|p1a: Torkoal|Torkoal, L50, F|100\/100\n|switch|p1b: Grimmsnarl|Grimmsnarl, L50, M|100\/100\n|switch|p2a: Amoonguss|Amoonguss, L50, F|100\/100\n|switch|p2b: Palafin|Palafin, L50, F|100\/100\n|-weather|SunnyDay|[from] ability: Drought|[of] p1a: Torkoal\n|turn|1\n|\n|t:|1682915372\n|detailschange|p2b: Palafin|Palafin-Hero, L50, F\n|switch|p2b: Pelipper|Pelipper, L50, F|100\/100\n|-weather|RainDance|[from] ability: Drizzle|[of] p2b: Pelipper\n|move|p1a: Torkoal|Protect|p1a: Torkoal\n|-singleturn|p1a: Torkoal|Protect\n|move|p1b: Grimmsnarl|Trick|p2a: Amoonguss\n|-activate|p1b: Grimmsnarl|move: Trick|[of] p2a: Amoonguss\n|-item|p2a: Amoonguss|Lagging Tail|[from] move: Trick\n|-item|p1b: Grimmsnarl|Rocky Helmet|[from] move: Trick\n|move|p2a: Amoonguss|Spore|p1b: Grimmsnarl\n|-status|p1b: Grimmsnarl|slp|[from] move: Spore\n|\n|-weather|RainDance|[upkeep]\n|upkeep\n|turn|2\n|inactive|yuanpi has 30 seconds left.\n|\n|t:|1682915405\n|switch|p1b: Gastrodon|Gastrodon, L50, M|100\/100\n|move|p2b: Pelipper|Hurricane|p1b: Gastrodon\n|-damage|p1b: Gastrodon|72\/100\n|move|p1a: Torkoal|Eruption|p2b: Pelipper|[spread] p2a,p2b\n|-supereffective|p2a: Amoonguss\n|-resisted|p2b: Pelipper\n|-damage|p2a: Amoonguss|51\/100\n|-damage|p2b: Pelipper|81\/100\n|-damage|p1a: Torkoal|91\/100|[from] item: Life Orb\n|move|p2a: Amoonguss|Spore|p1a: Torkoal\n|-status|p1a: Torkoal|slp|[from] move: Spore\n|\n|-weather|RainDance|[upkeep]\n|upkeep\n|turn|3\n|\n|t:|1682915430\n|switch|p2b: Palafin|Palafin-Hero, L50, F|100\/100\n|-activate|p2b: Palafin|ability: Zero to Hero\n|switch|p1a: Skeledirge|Skeledirge, L50, F|100\/100\n|move|p1b: Gastrodon|Protect|p1b: Gastrodon\n|-singleturn|p1b: Gastrodon|Protect\n|move|p2a: Amoonguss|Spore|p1b: Gastrodon\n|-activate|p1b: Gastrodon|move: Protect\n|\n|-weather|RainDance|[upkeep]\n|upkeep\n|turn|4\n|\n|t:|1682915446\n|switch|p1b: Torkoal|Torkoal, L50, F|91\/100 slp\n|-weather|SunnyDay|[from] ability: Drought|[of] p1b: Torkoal\n|move|p2b: Palafin|Wave Crash|p1a: Skeledirge\n|-supereffective|p1a: Skeledirge\n|-damage|p1a: Skeledirge|27\/100\n|-damage|p2b: Palafin|75\/100|[from] Recoil\n|move|p1a: Skeledirge|Torch Song|p2a: Amoonguss\n|-supereffective|p2a: Amoonguss\n|-damage|p2a: Amoonguss|0 fnt\n|-boost|p1a: Skeledirge|spa|1\n|faint|p2a: Amoonguss\n|\n|-weather|SunnyDay|[upkeep]\n|-heal|p1a: Skeledirge|33\/100|[from] item: Leftovers\n|upkeep\n|\n|t:|1682915450\n|switch|p2a: Pelipper|Pelipper, L50, F|81\/100\n|-weather|RainDance|[from] ability: Drizzle|[of] p2a: Pelipper\n|turn|5\n|\n|t:|1682915464\n|switch|p1b: Grimmsnarl|Grimmsnarl, L50, M|100\/100 slp\n|move|p1a: Skeledirge|Protect|p1a: Skeledirge\n|-singleturn|p1a: Skeledirge|Protect\n|move|p2b: Palafin|Jet Punch|p1a: Skeledirge\n|-activate|p1a: Skeledirge|move: Protect\n|move|p2a: Pelipper|Hurricane|p1b: Grimmsnarl\n|-crit|p1b: Grimmsnarl\n|-damage|p1b: Grimmsnarl|39\/100 slp\n|-start|p1b: Grimmsnarl|confusion\n|\n|-weather|RainDance|[upkeep]\n|-heal|p1a: Skeledirge|39\/100|[from] item: Leftovers\n|upkeep\n|turn|6\n|\n|t:|1682915483\n|switch|p1a: Torkoal|Torkoal, L50, F|91\/100 slp\n|-weather|SunnyDay|[from] ability: Drought|[of] p1a: Torkoal\n|move|p2b: Palafin|Ice Punch|p1a: Torkoal\n|-resisted|p1a: Torkoal\n|-damage|p1a: Torkoal|79\/100 slp\n|move|p2a: Pelipper|Hurricane|p1b: Grimmsnarl\n|-damage|p1b: Grimmsnarl|0 fnt\n|faint|p1b: Grimmsnarl\n|\n|-weather|SunnyDay|[upkeep]\n|upkeep\n|\n|t:|1682915496\n|switch|p1b: Skeledirge|Skeledirge, L50, F|39\/100\n|turn|7\n|\n|t:|1682915514\n|switch|p2a: Gholdengo|Gholdengo, L50|100\/100\n|switch|p1a: Gastrodon|Gastrodon, L50, M|72\/100\n|move|p2b: Palafin|Protect|p2b: Palafin\n|-singleturn|p2b: Palafin|Protect\n|move|p1b: Skeledirge|Torch Song|p2a: Gholdengo\n|-supereffective|p2a: Gholdengo\n|-damage|p2a: Gholdengo|0 fnt\n|-boost|p1b: Skeledirge|spa|1\n|faint|p2a: Gholdengo\n|\n|-weather|SunnyDay|[upkeep]\n|-heal|p1b: Skeledirge|44\/100|[from] item: Leftovers\n|upkeep\n|\n|t:|1682915518\n|switch|p2a: Pelipper|Pelipper, L50, F|81\/100\n|-weather|RainDance|[from] ability: Drizzle|[of] p2a: Pelipper\n|turn|8\n|\n|t:|1682915543\n|-terastallize|p2a: Pelipper|Flying\n|move|p1b: Skeledirge|Protect|p1b: Skeledirge\n|-singleturn|p1b: Skeledirge|Protect\n|move|p1a: Gastrodon|Protect|p1a: Gastrodon\n|-singleturn|p1a: Gastrodon|Protect\n|move|p2b: Palafin|Ice Punch|p1a: Gastrodon\n|-activate|p1a: Gastrodon|move: Protect\n|move|p2a: Pelipper|Hurricane|p1b: Skeledirge\n|-activate|p1b: Skeledirge|move: Protect\n|\n|-weather|RainDance|[upkeep]\n|-heal|p1b: Skeledirge|50\/100|[from] item: Leftovers\n|upkeep\n|turn|9\n|\n|t:|1682915554\n|switch|p1b: Torkoal|Torkoal, L50, F|79\/100 slp\n|-weather|SunnyDay|[from] ability: Drought|[of] p1b: Torkoal\n|-terastallize|p1a: Gastrodon|Steel\n|move|p2b: Palafin|Ice Punch|p1a: Gastrodon\n|-resisted|p1a: Gastrodon\n|-damage|p1a: Gastrodon|53\/100\n|move|p2a: Pelipper|Hurricane|p1b: Torkoal|[miss]\n|-miss|p2a: Pelipper|p1b: Torkoal\n|move|p1a: Gastrodon|Sludge Bomb|p2a: Pelipper\n|-damage|p2a: Pelipper|50\/100\n|\n|-weather|SunnyDay|[upkeep]\n|upkeep\n|turn|10\n|\n|t:|1682915576\n|switch|p1b: Skeledirge|Skeledirge, L50, F|50\/100\n|move|p2a: Pelipper|Helping Hand|p2b: Palafin\n|-singleturn|p2b: Palafin|Helping Hand|[of] p2a: Pelipper\n|move|p1a: Gastrodon|Protect|p1a: Gastrodon\n|-singleturn|p1a: Gastrodon|Protect\n|move|p2b: Palafin|Ice Punch|p1b: Skeledirge\n|-resisted|p1b: Skeledirge\n|-damage|p1b: Skeledirge|29\/100\n|\n|-weather|SunnyDay|[upkeep]\n|-heal|p1b: Skeledirge|34\/100|[from] item: Leftovers\n|upkeep\n|turn|11\n|\n|t:|1682915589\n|move|p2a: Pelipper|Helping Hand|p2b: Palafin\n|-singleturn|p2b: Palafin|Helping Hand|[of] p2a: Pelipper\n|move|p1b: Skeledirge|Protect|p1b: Skeledirge\n|-singleturn|p1b: Skeledirge|Protect\n|move|p2b: Palafin|Wave Crash|p1a: Gastrodon\n|-activate|p1a: Gastrodon|ability: Storm Drain\n|-ability|p1a: Gastrodon|Storm Drain|boost\n|-boost|p1a: Gastrodon|spa|1\n|move|p1a: Gastrodon|Sludge Bomb|p2a: Pelipper\n|-damage|p2a: Pelipper|0 fnt\n|faint|p2a: Pelipper\n|\n|-weather|SunnyDay|[upkeep]\n|-heal|p1b: Skeledirge|40\/100|[from] item: Leftovers\n|upkeep\n|turn|12\n|-message|yuanpi forfeited.\n|\n|win|edfdfd3\n|raw|edfdfd3's rating: 1000 → 1045<\/strong> (+45 for winning)\n|raw|yuanpi's rating: 1041 → 1023<\/strong> (-18 for losing)\n|l|\u2606yuanpi\n","uploadtime":1682915598,"views":17,"p1id":"edfdfd3","p2id":"yuanpi","formatid":"gen9vgc2023regulationc","rating":1023,"private":0,"password":""}