{"id":"gen9vgc2023regulationc-1863502351","p1":"Kiky14","p2":"xcj805x","format":"[Gen 9] VGC 2023 Regulation C","log":"|j|\u2606Kiky14\n|j|\u2606xcj805x\n|t:|1684026168\n|gametype|doubles\n|player|p1|Kiky14|hilbert-wonderlauncher|1085\n|player|p2|xcj805x|266|1104\n|teamsize|p1|6\n|teamsize|p2|6\n|gen|9\n|tier|[Gen 9] VGC 2023 Regulation C\n|rated|\n|rule|Species Clause: Limit one of each Pok\u00e9mon\n|rule|Item Clause: Limit one of each item\n|clearpoke\n|poke|p1|Ceruledge, L50, M|\n|poke|p1|Garganacl, L50, M|\n|poke|p1|Zoroark, L50, F|\n|poke|p1|Flutter Mane, L50|\n|poke|p1|Palafin, L50, F|\n|poke|p1|Amoonguss, L50, F|\n|poke|p2|Roaring Moon, L50|\n|poke|p2|Drifblim, L50, F|\n|poke|p2|Arcanine, L50, F|\n|poke|p2|Flutter Mane, L50|\n|poke|p2|Amoonguss, L50, M|\n|poke|p2|Baxcalibur, L50, M|\n|teampreview|4\n|inactive|Battle timer is ON: inactive players will automatically lose when time's up. (requested by xcj805x)\n|\n|t:|1684026198\n|start\n|switch|p1a: New jeans|Palafin, L50, F, shiny|100\/100\n|switch|p1b: Ive|Amoonguss, L50, F|100\/100\n|switch|p2a: Drifblim|Drifblim, L50, F|100\/100\n|switch|p2b: Arcanine|Arcanine, L50, F|100\/100\n|-ability|p2b: Arcanine|Intimidate|boost\n|-unboost|p1a: New jeans|atk|1\n|-unboost|p1b: Ive|atk|1\n|turn|1\n|\n|t:|1684026219\n|move|p1a: New jeans|Flip Turn|p2b: Arcanine\n|-supereffective|p2b: Arcanine\n|-damage|p2b: Arcanine|69\/100\n|\n|t:|1684026225\n|detailschange|p1a: New jeans|Palafin-Hero, L50, F, shiny\n|switch|p1a: Mamamoo|Garganacl, L50, M|100\/100|[from] Flip Turn\n|move|p2b: Arcanine|Will-O-Wisp|p1a: Mamamoo\n|-immune|p1a: Mamamoo|[from] ability: Purifying Salt\n|move|p2a: Drifblim|Icy Wind|p1a: Mamamoo|[spread] p1a,p1b\n|-crit|p1a: Mamamoo\n|-supereffective|p1b: Ive\n|-damage|p1a: Mamamoo|89\/100\n|-damage|p1b: Ive|86\/100\n|-unboost|p1a: Mamamoo|spe|1\n|-unboost|p1b: Ive|spe|1\n|move|p1b: Ive|Spore|p2a: Drifblim\n|-status|p2a: Drifblim|slp|[from] move: Spore\n|\n|-heal|p1b: Ive|92\/100|[from] item: Black Sludge\n|upkeep\n|turn|2\n|inactive|xcj805x has 30 seconds left.\n|\n|t:|1684026251\n|move|p2b: Arcanine|Flare Blitz|p1b: Ive\n|-supereffective|p1b: Ive\n|-damage|p1b: Ive|7\/100\n|-damage|p2b: Arcanine|39\/100|[from] Recoil\n|cant|p2a: Drifblim|slp\n|move|p1a: Mamamoo|Salt Cure|p2a: Drifblim\n|-supereffective|p2a: Drifblim\n|-damage|p2a: Drifblim|72\/100 slp\n|-start|p2a: Drifblim|Salt Cure\n|move|p1b: Ive|Spore|p2b: Arcanine\n|-activate|p2b: Arcanine|item: Safety Goggles|Spore\n|\n|-heal|p1b: Ive|13\/100|[from] item: Black Sludge\n|-damage|p2a: Drifblim|59\/100 slp|[from] Salt Cure\n|upkeep\n|turn|3\n|\n|t:|1684026274\n|move|p1b: Ive|Protect|p1b: Ive\n|-singleturn|p1b: Ive|Protect\n|move|p2b: Arcanine|Flare Blitz|p1b: Ive\n|-activate|p1b: Ive|move: Protect\n|cant|p2a: Drifblim|slp\n|move|p1a: Mamamoo|Salt Cure|p2b: Arcanine\n|-supereffective|p2b: Arcanine\n|-damage|p2b: Arcanine|20\/100\n|-start|p2b: Arcanine|Salt Cure\n|\n|-heal|p1b: Ive|19\/100|[from] item: Black Sludge\n|-damage|p2b: Arcanine|8\/100|[from] Salt Cure\n|-damage|p2a: Drifblim|47\/100 slp|[from] Salt Cure\n|upkeep\n|turn|4\n|\n|t:|1684026297\n|switch|p1b: New jeans|Palafin-Hero, L50, F, shiny|100\/100\n|-activate|p1b: New jeans|ability: Zero to Hero\n|move|p2b: Arcanine|Flare Blitz|p1b: New jeans\n|-resisted|p1b: New jeans\n|-damage|p1b: New jeans|75\/100\n|-damage|p2b: Arcanine|0 fnt|[from] Recoil\n|faint|p2b: Arcanine\n|-curestatus|p2a: Drifblim|slp|[msg]\n|move|p2a: Drifblim|Icy Wind|p1a: Mamamoo|[spread] p1a,p1b\n|-resisted|p1b: New jeans\n|-damage|p1a: Mamamoo|80\/100\n|-damage|p1b: New jeans|69\/100\n|-unboost|p1a: Mamamoo|spe|1\n|-unboost|p1b: New jeans|spe|1\n|move|p1a: Mamamoo|Salt Cure|p2a: Drifblim\n|-supereffective|p2a: Drifblim\n|-damage|p2a: Drifblim|15\/100\n|\n|-damage|p2a: Drifblim|2\/100|[from] Salt Cure\n|-status|p2a: Drifblim|brn|[from] item: Flame Orb\n|upkeep\n|\n|t:|1684026319\n|switch|p2b: Flutter Mane|Flutter Mane, L50|100\/100\n|turn|5\n|\n|t:|1684026333\n|-terastallize|p1b: New jeans|Water\n|move|p1b: New jeans|Jet Punch|p2b: Flutter Mane\n|-damage|p2b: Flutter Mane|0 fnt\n|faint|p2b: Flutter Mane\n|-end|p2b: Flutter Mane|Protosynthesis|[silent]\n|move|p2a: Drifblim|Thunder Wave|p1b: New jeans\n|-status|p1b: New jeans|par\n|move|p1a: Mamamoo|Salt Cure|p2a: Drifblim\n|-supereffective|p2a: Drifblim\n|-damage|p2a: Drifblim|0 fnt\n|faint|p2a: Drifblim\n|\n|upkeep\n|\n|t:|1684026348\n|switch|p2b: Roaring Moon|Roaring Moon, L50|100\/100\n|-enditem|p2b: Roaring Moon|Booster Energy\n|-activate|p2b: Roaring Moon|ability: Protosynthesis|[fromitem]\n|-start|p2b: Roaring Moon|protosynthesisatk\n|turn|6\n|\n|t:|1684026365\n|switch|p1b: Ive|Amoonguss, L50, F|52\/100\n|move|p2b: Roaring Moon|Breaking Swipe|p1a: Mamamoo|[spread] p1a,p1b\n|-damage|p1a: Mamamoo|61\/100\n|-damage|p1b: Ive|17\/100\n|-unboost|p1a: Mamamoo|atk|1\n|-unboost|p1b: Ive|atk|1\n|move|p1a: Mamamoo|Salt Cure|p2b: Roaring Moon\n|-damage|p2b: Roaring Moon|88\/100\n|-start|p2b: Roaring Moon|Salt Cure\n|\n|-heal|p1b: Ive|23\/100|[from] item: Black Sludge\n|-damage|p2b: Roaring Moon|76\/100|[from] Salt Cure\n|upkeep\n|turn|7\n|\n|t:|1684026386\n|move|p2b: Roaring Moon|Earthquake|p1b: Ive|[spread] p1a,p1b\n|-supereffective|p1a: Mamamoo\n|-damage|p1a: Mamamoo|17\/100\n|-damage|p1b: Ive|0 fnt\n|faint|p1b: Ive\n|move|p1a: Mamamoo|Body Press|p2b: Roaring Moon\n|-supereffective|p2b: Roaring Moon\n|-damage|p2b: Roaring Moon|8\/100\n|\n|-damage|p2b: Roaring Moon|0 fnt|[from] Salt Cure\n|faint|p2b: Roaring Moon\n|-end|p2b: Roaring Moon|Protosynthesis|[silent]\n|\n|win|Kiky14\n|upkeep\n|raw|Kiky14's rating: 1085 → 1114<\/strong> (+29 for winning)\n|raw|xcj805x's rating: 1104 → 1078<\/strong> (-26 for losing)\n|l|\u2606xcj805x\n|l|\u2606Kiky14\n|j|\u2606Kiky14\n|player|p1|Kiky14|hilbert-wonderlauncher\n","uploadtime":1684026406,"views":8,"p1id":"kiky14","p2id":"xcj805x","formatid":"gen9vgc2023regulationc","rating":1078,"private":0,"password":""}