{"id":"gen9vgc2023regulationc-1851692364","p1":"mugiwaraLux","p2":"Auraen","format":"[Gen 9] VGC 2023 Regulation C","log":"|j|\u2606mugiwaraLux\n|j|\u2606Auraen\n|t:|1682470616\n|gametype|doubles\n|player|p1|mugiwaraLux|102|1287\n|player|p2|Auraen|flannery|1318\n|teamsize|p1|6\n|teamsize|p2|6\n|gen|9\n|tier|[Gen 9] VGC 2023 Regulation C\n|rated|\n|rule|Species Clause: Limit one of each Pok\u00e9mon\n|rule|Item Clause: Limit one of each item\n|clearpoke\n|poke|p1|Palafin, L50, F|\n|poke|p1|Amoonguss, L50, M|\n|poke|p1|Flutter Mane, L50|\n|poke|p1|Arcanine, L50, F|\n|poke|p1|Roaring Moon, L50|\n|poke|p1|Chien-Pao, L50|\n|poke|p2|Rotom-Wash, L50|\n|poke|p2|Wo-Chien, L50|\n|poke|p2|Salamence, L50, M|\n|poke|p2|Tyranitar, L50, M|\n|poke|p2|Glimmora, L50, M|\n|poke|p2|Gholdengo, L50|\n|teampreview|4\n|inactive|Battle timer is ON: inactive players will automatically lose when time's up. (requested by mugiwaraLux)\nmugiwaraLux has agreed to open team sheets.\nAuraen has agreed to open team sheets.\n|inactive|Auraen has 60 seconds left.\n|\n|t:|1682470664\n|start\n|switch|p1a: Palafin|Palafin, L50, F|100\/100\n|switch|p1b: ChiYu|Arcanine, L50, F|100\/100\n|switch|p2a: Gholdengo|Gholdengo, L50|100\/100\n|switch|p2b: Glimmora|Glimmora, L50, M|100\/100\n|-ability|p1b: ChiYu|Intimidate|boost\n|-unboost|p2a: Gholdengo|atk|1\n|-unboost|p2b: Glimmora|atk|1\n|turn|1\n|inactive|mugiwaraLux has 30 seconds left.\n|inactive|mugiwaraLux has 20 seconds left.\n|\n|t:|1682470703\n|move|p1a: Palafin|Protect|p1a: Palafin\n|-singleturn|p1a: Palafin|Protect\n|move|p2a: Gholdengo|Protect|p2a: Gholdengo\n|-singleturn|p2a: Gholdengo|Protect\n|move|p1b: ChiYu|Flare Blitz|p2a: Gholdengo\n|-activate|p2a: Gholdengo|move: Protect\n|move|p2b: Glimmora|Mortal Spin|p1a: Palafin|[spread] p1b\n|-activate|p1a: Palafin|move: Protect\n|-damage|p1b: ChiYu|97\/100\n|-status|p1b: ChiYu|psn\n|\n|-damage|p1b: ChiYu|85\/100 psn|[from] psn\n|upkeep\n|turn|2\n|\n|t:|1682470719\n|switch|p2a: Rotom|Rotom-Wash, L50|100\/100\n|move|p1a: Palafin|Wave Crash|p2b: Glimmora\n|-supereffective|p2b: Glimmora\n|-damage|p2b: Glimmora|18\/100\n|-activate|p2b: Glimmora|ability: Toxic Debris\n|-sidestart|p1: mugiwaraLux|move: Toxic Spikes\n|-damage|p1a: Palafin|73\/100|[from] Recoil\n|move|p1b: ChiYu|Flare Blitz|p2a: Rotom\n|-resisted|p2a: Rotom\n|-damage|p2a: Rotom|78\/100\n|-damage|p1b: ChiYu|79\/100 psn|[from] Recoil\n|move|p2b: Glimmora|Power Gem|p1b: ChiYu\n|-supereffective|p1b: ChiYu\n|-damage|p1b: ChiYu|21\/100 psn\n|\n|-damage|p1b: ChiYu|9\/100 psn|[from] psn\n|upkeep\n|turn|3\n|inactive|Auraen has 30 seconds left.\n|\n|t:|1682470746\n|move|p1a: Palafin|Protect|p1a: Palafin\n|-singleturn|p1a: Palafin|Protect\n|move|p1b: ChiYu|Extreme Speed|p2a: Rotom\n|-damage|p2a: Rotom|57\/100\n|move|p2b: Glimmora|Mortal Spin|p1b: ChiYu|[spread] p1b\n|-activate|p1a: Palafin|move: Protect\n|-damage|p1b: ChiYu|6\/100 psn\n|move|p2a: Rotom|Thunderbolt|p1b: ChiYu\n|-damage|p1b: ChiYu|0 fnt\n|faint|p1b: ChiYu\n|\n|upkeep\n|\n|t:|1682470756\n|switch|p1b: Mimi|Flutter Mane, L50|100\/100\n|-status|p1b: Mimi|psn\n|turn|4\n|\n|t:|1682470763\n|move|p2a: Rotom|Protect|p2a: Rotom\n|-singleturn|p2a: Rotom|Protect\n|move|p1a: Palafin|Jet Punch|p2b: Glimmora\n|-supereffective|p2b: Glimmora\n|-damage|p2b: Glimmora|0 fnt\n|-activate|p2b: Glimmora|ability: Toxic Debris\n|-sidestart|p1: mugiwaraLux|move: Toxic Spikes\n|faint|p2b: Glimmora\n|move|p1b: Mimi|Shadow Ball|p2a: Rotom\n|-activate|p2a: Rotom|move: Protect\n|\n|-damage|p1b: Mimi|88\/100 psn|[from] psn\n|upkeep\n|\n|t:|1682470774\n|switch|p2b: Wo-Chien|Wo-Chien, L50|100\/100\n|-ability|p2b: Wo-Chien|Tablets of Ruin\n|turn|5\n|\n|t:|1682470787\n|detailschange|p1a: Palafin|Palafin-Hero, L50, F\n|switch|p1a: Roaring Moon|Roaring Moon, L50|100\/100\n|-enditem|p1a: Roaring Moon|Booster Energy\n|-activate|p1a: Roaring Moon|ability: Protosynthesis|[fromitem]\n|-start|p1a: Roaring Moon|protosynthesisatk\n|-status|p1a: Roaring Moon|tox\n|move|p1b: Mimi|Shadow Ball|p2a: Rotom\n|-damage|p2a: Rotom|0 fnt\n|faint|p2a: Rotom\n|move|p2b: Wo-Chien|Ruination|p1b: Mimi\n|-damage|p1b: Mimi|44\/100 psn\n|\n|-damage|p1b: Mimi|32\/100 psn|[from] psn\n|-damage|p1a: Roaring Moon|95\/100 tox|[from] psn\n|upkeep\n|\n|t:|1682470799\n|switch|p2a: Gholdengo|Gholdengo, L50|100\/100\n|turn|6\n|\n|t:|1682470820\n|-terastallize|p1a: Roaring Moon|Flying\n|move|p2a: Gholdengo|Protect|p2a: Gholdengo\n|-singleturn|p2a: Gholdengo|Protect\n|move|p2b: Wo-Chien|Protect|p2b: Wo-Chien\n|-singleturn|p2b: Wo-Chien|Protect\n|move|p1b: Mimi|Shadow Ball|p2a: Gholdengo\n|-activate|p2a: Gholdengo|move: Protect\n|move|p1a: Roaring Moon|Dragon Dance|p1a: Roaring Moon\n|-boost|p1a: Roaring Moon|atk|1\n|-boost|p1a: Roaring Moon|spe|1\n|\n|-damage|p1a: Roaring Moon|83\/100 tox|[from] psn\n|-damage|p1b: Mimi|20\/100 psn|[from] psn\n|upkeep\n|turn|7\n|\n|t:|1682470838\n|-terastallize|p2a: Gholdengo|Steel\n|move|p1a: Roaring Moon|Acrobatics|p2b: Wo-Chien\n|-supereffective|p2b: Wo-Chien\n|-damage|p2b: Wo-Chien|0 fnt\n|faint|p2b: Wo-Chien\n|move|p1b: Mimi|Shadow Ball|p2a: Gholdengo\n|-damage|p2a: Gholdengo|30\/100\n|-enditem|p2a: Gholdengo|Sitrus Berry|[eat]\n|-heal|p2a: Gholdengo|55\/100|[from] item: Sitrus Berry\n|move|p2a: Gholdengo|Hex|p1a: Roaring Moon\n|-damage|p1a: Roaring Moon|25\/100 tox\n|\n|-damage|p1a: Roaring Moon|8\/100 tox|[from] psn\n|-damage|p1b: Mimi|8\/100 psn|[from] psn\n|upkeep\n|turn|8\n|\n|t:|1682470851\n|move|p2a: Gholdengo|Protect|p2a: Gholdengo\n|-singleturn|p2a: Gholdengo|Protect\n|move|p1a: Roaring Moon|Throat Chop|p2a: Gholdengo\n|-activate|p2a: Gholdengo|move: Protect\n|move|p1b: Mimi|Shadow Ball|p2a: Gholdengo\n|-activate|p2a: Gholdengo|move: Protect\n|\n|-damage|p1a: Roaring Moon|0 fnt|[from] psn\n|faint|p1a: Roaring Moon\n|-end|p1a: Roaring Moon|Protosynthesis|[silent]\n|-damage|p1b: Mimi|0 fnt|[from] psn\n|faint|p1b: Mimi\n|-end|p1b: Mimi|Protosynthesis|[silent]\n|upkeep\n|\n|t:|1682470854\n|switch|p1b: Palafin|Palafin-Hero, L50, F|73\/100\n|-status|p1b: Palafin|tox\n|-activate|p1b: Palafin|ability: Zero to Hero\n|turn|9\n|\n|t:|1682470869\n|move|p1b: Palafin|Wave Crash|p2a: Gholdengo\n|-damage|p2a: Gholdengo|0 fnt\n|faint|p2a: Gholdengo\n|-damage|p1b: Palafin|56\/100 tox|[from] Recoil\n|\n|win|mugiwaraLux\n|raw|mugiwaraLux's rating: 1287 → 1314<\/strong> (+27 for winning)\n|raw|Auraen's rating: 1318 → 1296<\/strong> (-22 for losing)\n","uploadtime":1682470874,"views":12,"p1id":"mugiwaralux","p2id":"auraen","formatid":"gen9vgc2023regulationc","rating":1296,"private":0,"password":""}