{"id":"gen9vgc2023regulationc-1864343457","p1":"BigSalta","p2":"NaecheVGC","format":"[Gen 9] VGC 2023 Regulation C","log":"|j|\u2606BigSalta\n|j|\u2606NaecheVGC\n|t:|1684157696\n|gametype|doubles\n|player|p1|BigSalta|cynthia|1491\n|player|p2|NaecheVGC|nate|1600\n|teamsize|p1|6\n|teamsize|p2|6\n|gen|9\n|tier|[Gen 9] VGC 2023 Regulation C\n|rated|\n|rule|Species Clause: Limit one of each Pok\u00e9mon\n|rule|Item Clause: Limit one of each item\n|clearpoke\n|poke|p1|Talonflame, L50, M|\n|poke|p1|Flutter Mane, L50|\n|poke|p1|Chien-Pao, L50|\n|poke|p1|Garchomp, L50, M|\n|poke|p1|Tyranitar, L50, F|\n|poke|p1|Iron Bundle, L50|\n|poke|p2|Bronzong, L50|\n|poke|p2|Honchkrow, L50, F|\n|poke|p2|Ting-Lu, L50|\n|poke|p2|Iron Hands, L50|\n|poke|p2|Amoonguss, L50, M|\n|poke|p2|Rotom-Heat, L50|\n|teampreview|4\n|inactive|Battle timer is ON: inactive players will automatically lose when time's up. (requested by NaecheVGC)\nBigSalta has agreed to open team sheets.\n|inactive|BigSalta has 60 seconds left.\n|inactive|NaecheVGC has 60 seconds left.\n|inactive|BigSalta has 30 seconds left.\n|inactive|BigSalta has 20 seconds left.\n|j| kokoyoyo\n|inactive|BigSalta has 15 seconds left.\n|\n|t:|1684157772\n|start\n|switch|p1a: Flutter Mane|Flutter Mane, L50|100\/100\n|switch|p1b: Iron Bundle|Iron Bundle, L50|100\/100\n|switch|p2a: Trick Roominator|Bronzong, L50|100\/100\n|switch|p2b: Patty Cake|Iron Hands, L50|100\/100\n|-enditem|p1b: Iron Bundle|Booster Energy\n|-activate|p1b: Iron Bundle|ability: Quark Drive|[fromitem]\n|-start|p1b: Iron Bundle|quarkdrivespe\n|turn|1\n|\n|t:|1684157790\n|-terastallize|p1b: Iron Bundle|Ghost\n|-terastallize|p2a: Trick Roominator|Water\n|move|p1b: Iron Bundle|Hydro Pump|p2a: Trick Roominator\n|-resisted|p2a: Trick Roominator\n|-damage|p2a: Trick Roominator|78\/100\n|move|p1a: Flutter Mane|Shadow Ball|p2a: Trick Roominator\n|-damage|p2a: Trick Roominator|34\/100\n|move|p2b: Patty Cake|Volt Switch|p1a: Flutter Mane\n|-damage|p1a: Flutter Mane|86\/100\n|\n|t:|1684157803\n|-end|p2b: Patty Cake|Quark Drive|[silent]\n|switch|p2b: Bowl Cut|Ting-Lu, L50|100\/100|[from] Volt Switch\n|-ability|p2b: Bowl Cut|Vessel of Ruin\n|move|p2a: Trick Roominator|Trick Room|p2a: Trick Roominator\n|-fieldstart|move: Trick Room|[of] p2a: Trick Roominator\n|\n|upkeep\n|turn|2\n|inactive|BigSalta has 30 seconds left.\n|\n|t:|1684157829\n|move|p2a: Trick Roominator|Helping Hand|p2b: Bowl Cut\n|-singleturn|p2b: Bowl Cut|Helping Hand|[of] p2a: Trick Roominator\n|move|p2b: Bowl Cut|Earthquake|p1a: Flutter Mane|[spread] p1a,p1b\n|-immune|p2a: Trick Roominator|[from] ability: Levitate\n|-damage|p1a: Flutter Mane|0 fnt\n|-damage|p1b: Iron Bundle|1\/100\n|faint|p1a: Flutter Mane\n|-end|p1a: Flutter Mane|Protosynthesis|[silent]\n|-damage|p2b: Bowl Cut|91\/100|[from] item: Life Orb\n|move|p1b: Iron Bundle|Freeze-Dry|p2a: Trick Roominator\n|-supereffective|p2a: Trick Roominator\n|-damage|p2a: Trick Roominator|0 fnt\n|faint|p2a: Trick Roominator\n|\n|upkeep\n|\n|t:|1684157846\n|switch|p2a: Moong Daal|Amoonguss, L50, M|100\/100\n|switch|p1a: Chien-Pao|Chien-Pao, L50|100\/100\n|-ability|p1a: Chien-Pao|Sword of Ruin\n|turn|3\n|\n|t:|1684157871\n|move|p1a: Chien-Pao|Protect|p1a: Chien-Pao\n|-singleturn|p1a: Chien-Pao|Protect\n|move|p1b: Iron Bundle|Protect|p1b: Iron Bundle\n|-singleturn|p1b: Iron Bundle|Protect\n|move|p2a: Moong Daal|Spore|p1a: Chien-Pao\n|-activate|p1a: Chien-Pao|move: Protect\n|move|p2b: Bowl Cut|Rock Slide|p1a: Chien-Pao|[spread] \n|-activate|p1a: Chien-Pao|move: Protect\n|-activate|p1b: Iron Bundle|move: Protect\n|\n|upkeep\n|turn|4\n|inactive|BigSalta has 30 seconds left.\n|\n|t:|1684157903\n|switch|p1a: Tyranitar|Tyranitar, L50, F|100\/100\n|-weather|Sandstorm|[from] ability: Sand Stream|[of] p1a: Tyranitar\n|move|p2a: Moong Daal|Spore|p1a: Tyranitar\n|-status|p1a: Tyranitar|slp|[from] move: Spore\n|move|p2b: Bowl Cut|Rock Slide|p1b: Iron Bundle|[spread] p1a,p1b\n|-damage|p1a: Tyranitar|80\/100 slp\n|-damage|p1b: Iron Bundle|0 fnt\n|faint|p1b: Iron Bundle\n|-end|p1b: Iron Bundle|Quark Drive|[silent]\n|-damage|p2b: Bowl Cut|81\/100|[from] item: Life Orb\n|\n|-weather|Sandstorm|[upkeep]\n|-damage|p2a: Moong Daal|95\/100|[from] Sandstorm\n|upkeep\n|\n|t:|1684157910\n|switch|p1b: Chien-Pao|Chien-Pao, L50|100\/100\n|-ability|p1b: Chien-Pao|Sword of Ruin\n|turn|5\n|\n|t:|1684157926\n|move|p1b: Chien-Pao|Protect|p1b: Chien-Pao\n|-singleturn|p1b: Chien-Pao|Protect\n|move|p2a: Moong Daal|Pollen Puff|p2b: Bowl Cut\n|-heal|p2b: Bowl Cut|100\/100\n|move|p2b: Bowl Cut|Earthquake|p1a: Tyranitar|[spread] p2a,p1a\n|-activate|p1b: Chien-Pao|move: Protect\n|-supereffective|p1a: Tyranitar\n|-damage|p2a: Moong Daal|43\/100\n|-damage|p1a: Tyranitar|0 fnt\n|-enditem|p2a: Moong Daal|Sitrus Berry|[eat]\n|-heal|p2a: Moong Daal|68\/100|[from] item: Sitrus Berry\n|faint|p1a: Tyranitar\n|-damage|p2b: Bowl Cut|91\/100|[from] item: Life Orb\n|\n|-weather|Sandstorm|[upkeep]\n|-damage|p2a: Moong Daal|62\/100|[from] Sandstorm\n|-damage|p1b: Chien-Pao|95\/100|[from] Sandstorm\n|-fieldend|move: Trick Room\n|upkeep\n|turn|6\n|inactive|BigSalta has 30 seconds left.\n|inactive|BigSalta has 20 seconds left.\n|inactive|BigSalta has 15 seconds left.\n|inactive|BigSalta has 10 seconds left.\n|c|\u2606BigSalta|Shares sheets next time you fucking dumbass\n|inactive|BigSalta has 5 seconds left.\n|\n|t:|1684157981\n|move|p1b: Chien-Pao|Ice Spinner|p2b: Bowl Cut\n|-supereffective|p2b: Bowl Cut\n|-crit|p2b: Bowl Cut\n|-damage|p2b: Bowl Cut|0 fnt\n|faint|p2b: Bowl Cut\n|move|p2a: Moong Daal|Spore|p1b: Chien-Pao\n|-status|p1b: Chien-Pao|slp|[from] move: Spore\n|\n|-weather|Sandstorm|[upkeep]\n|-damage|p1b: Chien-Pao|89\/100 slp|[from] Sandstorm\n|-damage|p2a: Moong Daal|56\/100|[from] Sandstorm\n|upkeep\n|c|\u2606NaecheVGC|Lol salty much\n|l|\u2606BigSalta\n|inactive|BigSalta disconnected and has a minute to reconnect!\n|player|p1|\n|\n|t:|1684157991\n|switch|p2b: Patty Cake|Iron Hands, L50|100\/100\n|turn|7\n|inactive|BigSalta has 30 seconds left.\n|inactive|BigSalta has 20 seconds left.\n|inactive|BigSalta has 15 seconds left.\n|inactive|BigSalta has 10 seconds left.\n|l| kokoyoyo\n|inactive|BigSalta has 5 seconds left.\n|-message|BigSalta lost due to inactivity.\n|\n|win|NaecheVGC\n|raw|BigSalta's rating: 1491 → 1477<\/strong> (-14 for losing)\n|raw|NaecheVGC's rating: 1600 → 1614<\/strong> (+14 for winning)\n","uploadtime":1684157974,"views":6,"p1id":"bigsalta","p2id":"naechevgc","formatid":"gen9vgc2023regulationc","rating":1477,"private":0,"password":""}