{"id":"gen9vgc2023regulationc-1848870842","p1":"The Penguinari","p2":"B.AngelOwO","format":"[Gen 9] VGC 2023 Regulation C","log":"|j|\u2606The Penguinari\n|j|\u2606B.AngelOwO\n|t:|1682119927\n|gametype|doubles\n|player|p1|The Penguinari|grimsley|1108\n|player|p2|B.AngelOwO|guitarist|1107\n|teamsize|p1|6\n|teamsize|p2|6\n|gen|9\n|tier|[Gen 9] VGC 2023 Regulation C\n|rated|\n|rule|Species Clause: Limit one of each Pok\u00e9mon\n|rule|Item Clause: Limit one of each item\n|clearpoke\n|poke|p1|Iron Bundle, L50|\n|poke|p1|Amoonguss, L50, F|\n|poke|p1|Chi-Yu, L50|\n|poke|p1|Corviknight, L50, M|\n|poke|p1|Flutter Mane, L50|\n|poke|p1|Iron Hands, L50|\n|poke|p2|Florges-Yellow, L50, F|\n|poke|p2|Ting-Lu, L50|\n|poke|p2|Indeedee-F, L50, F|\n|poke|p2|Pelipper, L50, M|\n|poke|p2|Barraskewda, L50, M|\n|poke|p2|Lucario, L50, F|\n|teampreview|4\n|inactive|Battle timer is ON: inactive players will automatically lose when time's up. (requested by B.AngelOwO)\nThe Penguinari has agreed to open team sheets.\n|inactive|The Penguinari has 60 seconds left.\n|\n|t:|1682119987\n|start\n|switch|p1a: Iron Bundle|Iron Bundle, L50|100\/100\n|switch|p1b: Chi-Yu|Chi-Yu, L50|100\/100\n|switch|p2a: Florges|Florges-Yellow, L50, F|100\/100\n|switch|p2b: Indeedee|Indeedee-F, L50, F|100\/100\n|-ability|p1b: Chi-Yu|Beads of Ruin\n|-fieldstart|move: Psychic Terrain|[from] ability: Psychic Surge|[of] p2b: Indeedee\n|-enditem|p1a: Iron Bundle|Booster Energy\n|-activate|p1a: Iron Bundle|ability: Quark Drive|[fromitem]\n|-start|p1a: Iron Bundle|quarkdrivespe\n|turn|1\n|\n|t:|1682120011\n|move|p1a: Iron Bundle|Protect|p1a: Iron Bundle\n|-singleturn|p1a: Iron Bundle|Protect\n|move|p2a: Florges|Protect|p2a: Florges\n|-singleturn|p2a: Florges|Protect\n|move|p1b: Chi-Yu|Heat Wave|p2a: Florges|[spread] p2b\n|-activate|p2a: Florges|move: Protect\n|-damage|p2b: Indeedee|47\/100\n|move|p2b: Indeedee|Trick Room|p2b: Indeedee\n|-fieldstart|move: Trick Room|[of] p2b: Indeedee\n|\n|upkeep\n|turn|2\n|inactive|The Penguinari has 30 seconds left.\n|\n|t:|1682120044\n|switch|p2b: Ting-Lu|Ting-Lu, L50|100\/100\n|-ability|p2b: Ting-Lu|Vessel of Ruin\n|move|p2a: Florges|Petal Blizzard|p1a: Iron Bundle|[spread] p2b,p1a,p1b\n|-supereffective|p2b: Ting-Lu\n|-supereffective|p1a: Iron Bundle\n|-resisted|p1b: Chi-Yu\n|-damage|p2b: Ting-Lu|89\/100\n|-damage|p1a: Iron Bundle|80\/100\n|-damage|p1b: Chi-Yu|93\/100\n|-enditem|p2b: Ting-Lu|Weakness Policy\n|-boost|p2b: Ting-Lu|atk|2|[from] item: Weakness Policy\n|-boost|p2b: Ting-Lu|spa|2|[from] item: Weakness Policy\n|-activate|p2a: Florges|ability: Symbiosis|Leftovers|[of] p2b: Ting-Lu\n|move|p1b: Chi-Yu|Heat Wave|p2b: Ting-Lu|[spread] p2a,p2b\n|-damage|p2a: Florges|71\/100\n|-damage|p2b: Ting-Lu|64\/100\n|move|p1a: Iron Bundle|Freeze-Dry|p2a: Florges\n|-damage|p2a: Florges|47\/100\n|\n|-heal|p2b: Ting-Lu|70\/100|[from] item: Leftovers\n|upkeep\n|turn|3\n|\n|t:|1682120068\n|-terastallize|p2b: Ting-Lu|Ground\n|move|p2a: Florges|Protect|p2a: Florges\n|-singleturn|p2a: Florges|Protect\n|move|p1b: Chi-Yu|Protect|p1b: Chi-Yu\n|-singleturn|p1b: Chi-Yu|Protect\n|move|p1a: Iron Bundle|Protect|p1a: Iron Bundle\n|-singleturn|p1a: Iron Bundle|Protect\n|move|p2b: Ting-Lu|Earthquake|p1a: Iron Bundle|[spread] \n|-activate|p2a: Florges|move: Protect\n|-activate|p1a: Iron Bundle|move: Protect\n|-activate|p1b: Chi-Yu|move: Protect\n|\n|-heal|p2b: Ting-Lu|76\/100|[from] item: Leftovers\n|upkeep\n|turn|4\n|inactive|The Penguinari has 30 seconds left.\n|inactive|The Penguinari has 20 seconds left.\n|inactive|The Penguinari has 15 seconds left.\n|\n|t:|1682120108\n|move|p2b: Ting-Lu|Rock Slide|p1a: Iron Bundle|[spread] p1a,p1b\n|-supereffective|p1a: Iron Bundle\n|-supereffective|p1b: Chi-Yu\n|-damage|p1a: Iron Bundle|5\/100\n|-damage|p1b: Chi-Yu|0 fnt\n|faint|p1b: Chi-Yu\n|move|p2a: Florges|Pollen Puff|p2b: Ting-Lu\n|-heal|p2b: Ting-Lu|100\/100\n|move|p1a: Iron Bundle|Freeze-Dry|p2b: Ting-Lu\n|-supereffective|p2b: Ting-Lu\n|-damage|p2b: Ting-Lu|66\/100\n|\n|-heal|p2b: Ting-Lu|72\/100|[from] item: Leftovers\n|upkeep\n|\n|t:|1682120120\n|switch|p1b: Iron Hands|Iron Hands, L50|100\/100\n|turn|5\n|\n|t:|1682120132\n|-terastallize|p1b: Iron Hands|Grass\n|move|p2b: Ting-Lu|Protect|p2b: Ting-Lu\n|-singleturn|p2b: Ting-Lu|Protect\n|move|p1a: Iron Bundle|Protect|p1a: Iron Bundle\n|-singleturn|p1a: Iron Bundle|Protect\n|move|p1b: Iron Hands|Drain Punch|p2b: Ting-Lu\n|-activate|p2b: Ting-Lu|move: Protect\n|move|p2a: Florges|Petal Blizzard|p1a: Iron Bundle|[spread] p1b\n|-activate|p2b: Ting-Lu|move: Protect\n|-activate|p1a: Iron Bundle|move: Protect\n|-resisted|p1b: Iron Hands\n|-damage|p1b: Iron Hands|97\/100\n|\n|-heal|p2b: Ting-Lu|78\/100|[from] item: Leftovers\n|-fieldend|move: Trick Room\n|-fieldend|move: Psychic Terrain\n|upkeep\n|turn|6\n|inactive|The Penguinari has 30 seconds left.\n|inactive|B.AngelOwO has 30 seconds left.\n|\n|t:|1682120164\n|switch|p2a: Indeedee|Indeedee-F, L50, F|47\/100\n|-fieldstart|move: Psychic Terrain|[from] ability: Psychic Surge|[of] p2a: Indeedee\n|move|p2b: Ting-Lu|Protect||[still]\n|-fail|p2b: Ting-Lu\n|move|p1a: Iron Bundle|Encore|p2b: Ting-Lu\n|-start|p2b: Ting-Lu|Encore\n|move|p1b: Iron Hands|Heavy Slam|p2a: Indeedee\n|-damage|p2a: Indeedee|6\/100\n|\n|-heal|p2b: Ting-Lu|84\/100|[from] item: Leftovers\n|upkeep\n|turn|7\n|inactive|B.AngelOwO has 30 seconds left.\n|\n|t:|1682120190\n|move|p2b: Ting-Lu|Protect|p2b: Ting-Lu\n|-singleturn|p2b: Ting-Lu|Protect\n|move|p1a: Iron Bundle|Freeze-Dry|p2b: Ting-Lu\n|-activate|p2b: Ting-Lu|move: Protect\n|move|p1b: Iron Hands|Heavy Slam|p2a: Indeedee\n|-damage|p2a: Indeedee|0 fnt\n|faint|p2a: Indeedee\n|\n|-heal|p2b: Ting-Lu|90\/100|[from] item: Leftovers\n|upkeep\n|\n|t:|1682120204\n|switch|p2a: Florges|Florges-Yellow, L50, F|47\/100\n|turn|8\n|\n|t:|1682120217\n|move|p2b: Ting-Lu|Protect||[still]\n|-fail|p2b: Ting-Lu\n|move|p1a: Iron Bundle|Freeze-Dry|p2b: Ting-Lu\n|-supereffective|p2b: Ting-Lu\n|-damage|p2b: Ting-Lu|53\/100\n|move|p2a: Florges|Petal Blizzard|p1a: Iron Bundle|[spread] p2b,p1a,p1b\n|-supereffective|p2b: Ting-Lu\n|-supereffective|p1a: Iron Bundle\n|-resisted|p1b: Iron Hands\n|-damage|p2b: Ting-Lu|41\/100\n|-damage|p1a: Iron Bundle|0 fnt\n|-damage|p1b: Iron Hands|94\/100\n|faint|p1a: Iron Bundle\n|-end|p1a: Iron Bundle|Quark Drive|[silent]\n|move|p1b: Iron Hands|Heavy Slam|p2a: Florges\n|-supereffective|p2a: Florges\n|-damage|p2a: Florges|0 fnt\n|faint|p2a: Florges\n|\n|-heal|p2b: Ting-Lu|47\/100|[from] item: Leftovers\n|upkeep\n|\n|t:|1682120236\n|switch|p1a: Flutter Mane|Flutter Mane, L50|100\/100\n|switch|p2a: Pelipper|Pelipper, L50, M|100\/100\n|-weather|RainDance|[from] ability: Drizzle|[of] p2a: Pelipper\n|turn|9\n|\n|t:|1682120259\n|move|p2b: Ting-Lu|Protect|p2b: Ting-Lu\n|-singleturn|p2b: Ting-Lu|Protect\n|move|p1a: Flutter Mane|Shadow Ball|p2b: Ting-Lu\n|-activate|p2b: Ting-Lu|move: Protect\n|move|p2a: Pelipper|Hurricane|p1b: Iron Hands\n|-supereffective|p1b: Iron Hands\n|-damage|p1b: Iron Hands|48\/100\n|move|p1b: Iron Hands|Wild Charge|p2a: Pelipper\n|-supereffective|p2a: Pelipper\n|-enditem|p2a: Pelipper|Focus Sash\n|-damage|p2a: Pelipper|1\/100\n|-damage|p1b: Iron Hands|31\/100|[from] Recoil\n|\n|-weather|RainDance|[upkeep]\n|-heal|p2b: Ting-Lu|53\/100|[from] item: Leftovers\n|-end|p2b: Ting-Lu|Encore\n|upkeep\n|turn|10\n|inactive|B.AngelOwO has 30 seconds left.\n|\n|t:|1682120287\n|move|p2a: Pelipper|Protect|p2a: Pelipper\n|-singleturn|p2a: Pelipper|Protect\n|move|p1a: Flutter Mane|Shadow Ball|p2a: Pelipper\n|-activate|p2a: Pelipper|move: Protect\n|move|p1b: Iron Hands|Drain Punch|p2b: Ting-Lu\n|-damage|p2b: Ting-Lu|25\/100\n|-heal|p1b: Iron Hands|44\/100|[from] drain|[of] p2b: Ting-Lu\n|move|p2b: Ting-Lu|Earthquake|p1a: Flutter Mane|[spread] p1a,p1b\n|-activate|p2a: Pelipper|move: Protect\n|-resisted|p1b: Iron Hands\n|-damage|p1a: Flutter Mane|0 fnt\n|-damage|p1b: Iron Hands|10\/100\n|faint|p1a: Flutter Mane\n|-end|p1a: Flutter Mane|Protosynthesis|[silent]\n|\n|-weather|RainDance|[upkeep]\n|-heal|p2b: Ting-Lu|31\/100|[from] item: Leftovers\n|-fieldend|move: Psychic Terrain\n|upkeep\n|turn|11\n|\n|t:|1682120308\n|move|p2b: Ting-Lu|Protect|p2b: Ting-Lu\n|-singleturn|p2b: Ting-Lu|Protect\n|move|p2a: Pelipper|Hurricane|p1b: Iron Hands\n|-supereffective|p1b: Iron Hands\n|-damage|p1b: Iron Hands|0 fnt\n|faint|p1b: Iron Hands\n|-end|p1b: Iron Hands|Quark Drive|[silent]\n|\n|win|B.AngelOwO\n|raw|The Penguinari's rating: 1108 → 1083<\/strong> (-25 for losing)\n|raw|B.AngelOwO's rating: 1107 → 1132<\/strong> (+25 for winning)\n","uploadtime":1682120312,"views":15,"p1id":"thepenguinari","p2id":"bangelowo","formatid":"gen9vgc2023regulationc","rating":1083,"private":0,"password":""}