{"id":"gen9vgc2023regulationc-1864225910","p1":"haburasigosi","p2":"kirans","format":"[Gen 9] VGC 2023 Regulation C","log":"|j|\u2606haburasigosi\n|j|\u2606kirans\n|t:|1684140245\n|gametype|doubles\n|player|p1|haburasigosi|169|1745\n|player|p2|kirans|rood|1754\n|teamsize|p1|6\n|teamsize|p2|6\n|gen|9\n|tier|[Gen 9] VGC 2023 Regulation C\n|rated|\n|rule|Species Clause: Limit one of each Pok\u00e9mon\n|rule|Item Clause: Limit one of each item\n|clearpoke\n|poke|p1|Pelipper, L50, M|\n|poke|p1|Ting-Lu, L50|\n|poke|p1|Palafin, L50, M|\n|poke|p1|Flutter Mane, L50|\n|poke|p1|Iron Hands, L50|\n|poke|p1|Amoonguss, L50, M|\n|poke|p2|Great Tusk, L50|\n|poke|p2|Chien-Pao, L50|\n|poke|p2|Torkoal, L50, F|\n|poke|p2|Flutter Mane, L50|\n|poke|p2|Jumpluff, L50, F|\n|poke|p2|Kingambit, L50, M|\n|teampreview|4\n|inactive|Battle timer is ON: inactive players will automatically lose when time's up. (requested by kirans)\n|\n|t:|1684140268\n|start\n|switch|p1a: Riptide|Palafin, L50, M, shiny|100\/100\n|switch|p1b: Eternal|Amoonguss, L50, M, shiny|100\/100\n|switch|p2a: Torkoal|Torkoal, L50, F|100\/100\n|switch|p2b: Great Tusk|Great Tusk, L50|100\/100\n|-weather|SunnyDay|[from] ability: Drought|[of] p2a: Torkoal\n|-activate|p2b: Great Tusk|ability: Protosynthesis\n|-start|p2b: Great Tusk|protosynthesisatk\n|turn|1\n|\n|t:|1684140287\n|detailschange|p1a: Riptide|Palafin-Hero, L50, M, shiny\n|switch|p1a: Pelipper|Pelipper, L50, M|100\/100\n|-weather|RainDance|[from] ability: Drizzle|[of] p1a: Pelipper\n|-end|p2b: Great Tusk|Protosynthesis\n|move|p2b: Great Tusk|Headlong Rush|p1a: Pelipper\n|-immune|p1a: Pelipper\n|move|p1b: Eternal|Spore|p2b: Great Tusk\n|-status|p2b: Great Tusk|slp|[from] move: Spore\n|move|p2a: Torkoal|Overheat|p1b: Eternal\n|-supereffective|p1b: Eternal\n|-damage|p1b: Eternal|67\/100\n|-unboost|p2a: Torkoal|spa|2\n|-enditem|p2a: Torkoal|Eject Pack\n|\n|t:|1684140294\n|switch|p2a: Kingambit|Kingambit, L50, M|100\/100\n|\n|-weather|RainDance|[upkeep]\n|upkeep\n|turn|2\n|\n|t:|1684140305\n|-end|p2b: Great Tusk|Protosynthesis|[silent]\n|switch|p2b: Torkoal|Torkoal, L50, F|100\/100\n|-weather|SunnyDay|[from] ability: Drought|[of] p2b: Torkoal\n|switch|p1a: Iron Hands|Iron Hands, L50|100\/100\n|-terastallize|p2a: Kingambit|Fire\n|move|p2a: Kingambit|Tera Blast|p1b: Eternal\n|-supereffective|p1b: Eternal\n|-damage|p1b: Eternal|0 fnt\n|faint|p1b: Eternal\n|\n|-weather|SunnyDay|[upkeep]\n|upkeep\n|\n|t:|1684140316\n|switch|p1b: Pelipper|Pelipper, L50, M|100\/100\n|-weather|RainDance|[from] ability: Drizzle|[of] p1b: Pelipper\n|turn|3\n|\n|t:|1684140334\n|switch|p2b: Great Tusk|Great Tusk, L50|100\/100 slp\n|move|p1b: Pelipper|Hydro Pump|p2a: Kingambit\n|-supereffective|p2a: Kingambit\n|-damage|p2a: Kingambit|4\/100\n|move|p2a: Kingambit|Kowtow Cleave|p1b: Pelipper\n|-damage|p1b: Pelipper|29\/100\n|move|p1a: Iron Hands|Swords Dance|p1a: Iron Hands\n|-boost|p1a: Iron Hands|atk|2\n|\n|-weather|RainDance|[upkeep]\n|upkeep\n|turn|4\n|\n|t:|1684140357\n|cant|p2b: Great Tusk|slp\n|move|p1b: Pelipper|Tailwind|p1b: Pelipper\n|-sidestart|p1: haburasigosi|move: Tailwind\n|move|p1a: Iron Hands|Drain Punch|p2a: Kingambit\n|-damage|p2a: Kingambit|0 fnt\n|faint|p2a: Kingambit\n|\n|-weather|RainDance|[upkeep]\n|upkeep\n|j| NoDynaNoParty\n|\n|t:|1684140366\n|switch|p2a: Torkoal|Torkoal, L50, F|100\/100\n|-weather|SunnyDay|[from] ability: Drought|[of] p2a: Torkoal\n|-activate|p2b: Great Tusk|ability: Protosynthesis\n|-start|p2b: Great Tusk|protosynthesisatk\n|turn|5\n|\n|t:|1684140376\n|move|p1b: Pelipper|Hydro Pump|p2a: Torkoal\n|-supereffective|p2a: Torkoal\n|-damage|p2a: Torkoal|60\/100\n|cant|p2b: Great Tusk|slp\n|move|p1a: Iron Hands|Drain Punch|p2a: Torkoal\n|-damage|p2a: Torkoal|0 fnt\n|faint|p2a: Torkoal\n|\n|-weather|SunnyDay|[upkeep]\n|upkeep\n|\n|t:|1684140384\n|switch|p2a: Flutter Mane|Flutter Mane, L50|100\/100\n|-activate|p2a: Flutter Mane|ability: Protosynthesis\n|-start|p2a: Flutter Mane|protosynthesisspa\n|turn|6\n|\n|t:|1684140393\n|switch|p1b: Riptide|Palafin-Hero, L50, M, shiny|100\/100\n|-activate|p1b: Riptide|ability: Zero to Hero\n|-terastallize|p1a: Iron Hands|Fire\n|cant|p2b: Great Tusk|slp\n|move|p2a: Flutter Mane|Dazzling Gleam|p1a: Iron Hands|[spread] p1a,p1b\n|-resisted|p1a: Iron Hands\n|-damage|p1a: Iron Hands|69\/100\n|-damage|p1b: Riptide|42\/100\n|move|p1a: Iron Hands|Wild Charge|p2a: Flutter Mane\n|-damage|p2a: Flutter Mane|0 fnt\n|faint|p2a: Flutter Mane\n|-end|p2a: Flutter Mane|Protosynthesis|[silent]\n|-damage|p1a: Iron Hands|54\/100|[from] Recoil\n|\n|-weather|SunnyDay|[upkeep]\n|upkeep\n|turn|7\n|-message|kirans forfeited.\n|\n|win|haburasigosi\n|raw|haburasigosi's rating: 1745 → 1766<\/strong> (+21 for winning)\n|raw|kirans's rating: 1754 → 1733<\/strong> (-21 for losing)\n|l|\u2606kirans\n|l|\u2606haburasigosi\n","uploadtime":1684140717,"views":17,"p1id":"haburasigosi","p2id":"kirans","formatid":"gen9vgc2023regulationc","rating":1733,"private":0,"password":""}