{"id":"gen9vgc2023regulationc-1846154088","p1":"XVNDR0501","p2":"Ffhjj","format":"[Gen 9] VGC 2023 Regulation C","log":"|j|\u2606XVNDR0501\n|j|\u2606Ffhjj\n|t:|1681814577\n|gametype|doubles\n|player|p1|XVNDR0501|102|1033\n|player|p2|Ffhjj|1|1047\n|teamsize|p1|6\n|teamsize|p2|6\n|gen|9\n|tier|[Gen 9] VGC 2023 Regulation C\n|rated|\n|rule|Species Clause: Limit one of each Pok\u00e9mon\n|rule|Item Clause: Limit one of each item\n|clearpoke\n|poke|p1|Flutter Mane, L50|\n|poke|p1|Chien-Pao, L50|\n|poke|p1|Amoonguss, L50, F|\n|poke|p1|Talonflame, L50, M|\n|poke|p1|Gyarados, L50, F|\n|poke|p1|Dragonite, L50, F|\n|poke|p2|Flutter Mane, L50|\n|poke|p2|Arcanine, L50, F|\n|poke|p2|Palafin, L50, M|\n|poke|p2|Kingambit, L50, F|\n|poke|p2|Amoonguss, L50, F|\n|poke|p2|Gothitelle, L50, F|\n|teampreview|4\n|inactive|Battle timer is ON: inactive players will automatically lose when time's up. (requested by Ffhjj)\n|\n|t:|1681814660\n|start\n|switch|p1a: Amoonguss|Amoonguss, L50, F|100\/100\n|switch|p1b: Dragonite|Dragonite, L50, F|100\/100\n|switch|p2a: Arcanine|Arcanine, L50, F|100\/100\n|switch|p2b: Flutter Mane|Flutter Mane, L50|100\/100\n|-ability|p2a: Arcanine|Intimidate|boost\n|-unboost|p1a: Amoonguss|atk|1\n|-unboost|p1b: Dragonite|atk|1\n|turn|1\n|inactive|XVNDR0501 has 30 seconds left.\n|inactive|XVNDR0501 has 20 seconds left.\n|inactive|XVNDR0501 has 15 seconds left.\n|inactive|XVNDR0501 has 10 seconds left.\n|\n|t:|1681814707\n|-end|p2b: Flutter Mane|Protosynthesis|[silent]\n|switch|p2b: Amoonguss|Amoonguss, L50, F|100\/100\n|switch|p1a: Gyarados|Gyarados, L50, F|100\/100\n|-ability|p1a: Gyarados|Intimidate|boost\n|-unboost|p2a: Arcanine|atk|1\n|-unboost|p2b: Amoonguss|atk|1\n|move|p1b: Dragonite|Protect|p1b: Dragonite\n|-singleturn|p1b: Dragonite|Protect\n|move|p2a: Arcanine|Will-O-Wisp|p1b: Dragonite\n|-activate|p1b: Dragonite|move: Protect\n|\n|upkeep\n|turn|2\n|inactive|XVNDR0501 has 30 seconds left.\n|\n|t:|1681814737\n|move|p2a: Arcanine|Protect|p2a: Arcanine\n|-singleturn|p2a: Arcanine|Protect\n|move|p1b: Dragonite|Earthquake|p2a: Arcanine|[spread] p2b\n|-activate|p2a: Arcanine|move: Protect\n|-immune|p1a: Gyarados\n|-damage|p2b: Amoonguss|82\/100\n|move|p1a: Gyarados|Taunt|p2b: Amoonguss\n|-start|p2b: Amoonguss|move: Taunt\n|cant|p2b: Amoonguss|move: Taunt|Spore\n|\n|upkeep\n|turn|3\n|inactive|Ffhjj has 30 seconds left.\n|\n|t:|1681814767\n|-terastallize|p2a: Arcanine|Flying\n|move|p2a: Arcanine|Will-O-Wisp|p1b: Dragonite\n|-status|p1b: Dragonite|brn\n|move|p1b: Dragonite|Dragon Dance|p1b: Dragonite\n|-boost|p1b: Dragonite|atk|1\n|-boost|p1b: Dragonite|spe|1\n|move|p1a: Gyarados|Thunder Wave|p2a: Arcanine|[miss]\n|-miss|p1a: Gyarados|p2a: Arcanine\n|move|p2b: Amoonguss|Pollen Puff|p1b: Dragonite\n|-resisted|p1b: Dragonite\n|-damage|p1b: Dragonite|96\/100 brn\n|\n|-damage|p1b: Dragonite|90\/100 brn|[from] brn\n|upkeep\n|turn|4\n|inactive|XVNDR0501 has 30 seconds left.\n|inactive|Ffhjj has 30 seconds left.\n|inactive|XVNDR0501 has 20 seconds left.\n|inactive|XVNDR0501 has 15 seconds left.\n|inactive|XVNDR0501 has 10 seconds left.\n|\n|t:|1681814816\n|switch|p2b: Flutter Mane|Flutter Mane, L50|100\/100\n|move|p1b: Dragonite|Iron Head|p2a: Arcanine\n|-crit|p2a: Arcanine\n|-damage|p2a: Arcanine|77\/100\n|move|p2a: Arcanine|Will-O-Wisp|p1a: Gyarados\n|-status|p1a: Gyarados|brn\n|move|p1a: Gyarados|Thunder Wave|p2a: Arcanine\n|-status|p2a: Arcanine|par\n|\n|-damage|p1b: Dragonite|84\/100 brn|[from] brn\n|-damage|p1a: Gyarados|95\/100 brn|[from] brn\n|upkeep\n|turn|5\n|inactive|XVNDR0501 has 30 seconds left.\n|inactive|Ffhjj has 30 seconds left.\n|\n|t:|1681814842\n|switch|p1a: Amoonguss|Amoonguss, L50, F|100\/100\n|-terastallize|p1b: Dragonite|Steel\n|move|p1b: Dragonite|Iron Head|p2b: Flutter Mane\n|-supereffective|p2b: Flutter Mane\n|-damage|p2b: Flutter Mane|23\/100\n|move|p2b: Flutter Mane|Dazzling Gleam|p1a: Amoonguss|[spread] p1a,p1b\n|-resisted|p1a: Amoonguss\n|-resisted|p1b: Dragonite\n|-damage|p1a: Amoonguss|83\/100\n|-damage|p1b: Dragonite|62\/100 brn\n|cant|p2a: Arcanine|par\n|\n|-damage|p1b: Dragonite|56\/100 brn|[from] brn\n|upkeep\n|turn|6\n|\n|t:|1681814866\n|-end|p2b: Flutter Mane|Protosynthesis|[silent]\n|switch|p2b: Kingambit|Kingambit, L50, F|100\/100\n|move|p1b: Dragonite|Iron Head|p2b: Kingambit\n|-resisted|p2b: Kingambit\n|-damage|p2b: Kingambit|91\/100\n|cant|p2a: Arcanine|par\n|move|p1a: Amoonguss|Pollen Puff|p1b: Dragonite\n|-heal|p1b: Dragonite|100\/100 brn\n|\n|-damage|p1b: Dragonite|94\/100 brn|[from] brn\n|upkeep\n|turn|7\n|inactive|XVNDR0501 has 30 seconds left.\n|\n|t:|1681814892\n|move|p1b: Dragonite|Earthquake|p2a: Arcanine|[spread] p1a,p2b\n|-immune|p2a: Arcanine\n|-supereffective|p2b: Kingambit\n|-damage|p1a: Amoonguss|69\/100\n|-damage|p2b: Kingambit|68\/100\n|move|p2b: Kingambit|Swords Dance|p2b: Kingambit\n|-boost|p2b: Kingambit|atk|2\n|cant|p2a: Arcanine|par\n|move|p1a: Amoonguss|Spore|p2b: Kingambit\n|-status|p2b: Kingambit|slp|[from] move: Spore\n|-enditem|p2b: Kingambit|Lum Berry|[eat]\n|-curestatus|p2b: Kingambit|slp|[msg]\n|\n|-damage|p1b: Dragonite|88\/100 brn|[from] brn\n|upkeep\n|turn|8\n|inactive|XVNDR0501 has 30 seconds left.\n|inactive|XVNDR0501 has 20 seconds left.\n|inactive|XVNDR0501 has 15 seconds left.\n|inactive|Ffhjj has 30 seconds left.\n|inactive|XVNDR0501 has 10 seconds left.\n|inactive|XVNDR0501 has 5 seconds left.\n|\n|t:|1681814947\n|move|p1b: Dragonite|Protect|p1b: Dragonite\n|-singleturn|p1b: Dragonite|Protect\n|move|p1a: Amoonguss|Protect|p1a: Amoonguss\n|-singleturn|p1a: Amoonguss|Protect\n|move|p2b: Kingambit|Kowtow Cleave|p1a: Amoonguss\n|-activate|p1a: Amoonguss|move: Protect\n|cant|p2a: Arcanine|par\n|\n|-damage|p1b: Dragonite|82\/100 brn|[from] brn\n|upkeep\n|turn|9\n|inactive|XVNDR0501 has 30 seconds left.\n|\n|t:|1681814982\n|move|p1b: Dragonite|Iron Head|p2a: Arcanine\n|-damage|p2a: Arcanine|50\/100 par\n|move|p2b: Kingambit|Kowtow Cleave|p1a: Amoonguss\n|-damage|p1a: Amoonguss|0 fnt\n|faint|p1a: Amoonguss\n|cant|p2a: Arcanine|flinch\n|\n|-damage|p1b: Dragonite|76\/100 brn|[from] brn\n|upkeep\n|\n|t:|1681814994\n|switch|p1a: Gyarados|Gyarados, L50, F|95\/100 brn\n|-ability|p1a: Gyarados|Intimidate|boost\n|-unboost|p2a: Arcanine|atk|1\n|-unboost|p2b: Kingambit|atk|1\n|-ability|p2b: Kingambit|Defiant|boost\n|-boost|p2b: Kingambit|atk|2\n|turn|10\n|\n|t:|1681815018\n|move|p2b: Kingambit|Sucker Punch|p1b: Dragonite\n|-damage|p1b: Dragonite|0 fnt\n|faint|p1b: Dragonite\n|move|p1a: Gyarados|Waterfall|p2b: Kingambit\n|-damage|p2b: Kingambit|53\/100\n|move|p2a: Arcanine|Flare Blitz|p1a: Gyarados\n|-resisted|p1a: Gyarados\n|-damage|p1a: Gyarados|79\/100 brn\n|-damage|p2a: Arcanine|46\/100 par|[from] Recoil\n|\n|-damage|p1a: Gyarados|73\/100 brn|[from] brn\n|upkeep\n|\n|t:|1681815029\n|switch|p1b: Flutter Mane|Flutter Mane, L50|100\/100\n|-enditem|p1b: Flutter Mane|Booster Energy\n|-activate|p1b: Flutter Mane|ability: Protosynthesis|[fromitem]\n|-start|p1b: Flutter Mane|protosynthesisspa\n|turn|11\n|\n|t:|1681815050\n|move|p2a: Arcanine|Extreme Speed|p1a: Gyarados\n|-damage|p1a: Gyarados|59\/100 brn\n|move|p2b: Kingambit|Sucker Punch||[still]\n|-fail|p2b: Kingambit\n|move|p1b: Flutter Mane|Substitute|p1b: Flutter Mane\n|-start|p1b: Flutter Mane|Substitute\n|-damage|p1b: Flutter Mane|75\/100\n|move|p1a: Gyarados|Waterfall|p2b: Kingambit\n|-crit|p2b: Kingambit\n|-damage|p2b: Kingambit|29\/100\n|\n|-damage|p1a: Gyarados|53\/100 brn|[from] brn\n|upkeep\n|turn|12\n|inactive|XVNDR0501 has 30 seconds left.\n|inactive|XVNDR0501 has 20 seconds left.\n|\n|t:|1681815087\n|move|p2b: Kingambit|Protect|p2b: Kingambit\n|-singleturn|p2b: Kingambit|Protect\n|move|p1b: Flutter Mane|Shadow Ball|p2b: Kingambit\n|-activate|p2b: Kingambit|move: Protect\n|move|p1a: Gyarados|Waterfall|p2a: Arcanine\n|-damage|p2a: Arcanine|24\/100 par\n|cant|p2a: Arcanine|par\n|\n|-damage|p1a: Gyarados|48\/100 brn|[from] brn\n|upkeep\n|turn|13\n|inactive|XVNDR0501 has 30 seconds left this turn.\n|inactive|XVNDR0501 has 20 seconds left.\n|inactive|XVNDR0501 has 15 seconds left.\n|inactive|XVNDR0501 has 10 seconds left.\n|inactive|XVNDR0501 has 5 seconds left.\n|-message|XVNDR0501 lost due to inactivity.\n|\n|win|Ffhjj\n|raw|XVNDR0501's rating: 1033 → 1019<\/strong> (-14 for losing)\n|raw|Ffhjj's rating: 1047 → 1079<\/strong> (+32 for winning)\n","uploadtime":1681815123,"views":15,"p1id":"xvndr0501","p2id":"ffhjj","formatid":"gen9vgc2023regulationc","rating":1019,"private":0,"password":""}