{"id":"gen9vgc2023regulationc-1851659433","p1":"StopTalkingandLose","p2":"Can'tStopFalling","format":"[Gen 9] VGC 2023 Regulation C","log":"|j|\u2606StopTalkingandLose\n|j|\u2606Can'tStopFalling\n|t:|1682466652\n|gametype|doubles\n|player|p1|StopTalkingandLose|maid|1343\n|player|p2|Can'tStopFalling|parasollady|1313\n|teamsize|p1|6\n|teamsize|p2|6\n|gen|9\n|tier|[Gen 9] VGC 2023 Regulation C\n|rated|\n|rule|Species Clause: Limit one of each Pok\u00e9mon\n|rule|Item Clause: Limit one of each item\n|clearpoke\n|poke|p1|Scream Tail, L50|\n|poke|p1|Gothitelle, L50, M|\n|poke|p1|Ting-Lu, L50|\n|poke|p1|Amoonguss, L50, M|\n|poke|p1|Maushold, L50|\n|poke|p1|Gholdengo, L50|\n|poke|p2|Indeedee-F, L50, F|\n|poke|p2|Hatterene, L50, F|\n|poke|p2|Torkoal, L50, F|\n|poke|p2|Brute Bonnet, L50|\n|poke|p2|Iron Hands, L50|\n|poke|p2|Azumarill, L50, M|\n|teampreview|4\n|inactive|Battle timer is ON: inactive players will automatically lose when time's up. (requested by StopTalkingandLose)\n|\n|t:|1682466683\n|start\n|switch|p1a: Amoonguss|Amoonguss, L50, M|100\/100\n|switch|p1b: Gholdengo|Gholdengo, L50|100\/100\n|switch|p2a: Indeedee|Indeedee-F, L50, F|100\/100\n|switch|p2b: Hatterene|Hatterene, L50, F|100\/100\n|-fieldstart|move: Psychic Terrain|[from] ability: Psychic Surge|[of] p2a: Indeedee\n|turn|1\n|\n|t:|1682466705\n|-terastallize|p1b: Gholdengo|Water\n|move|p2b: Hatterene|Protect|p2b: Hatterene\n|-singleturn|p2b: Hatterene|Protect\n|move|p1b: Gholdengo|Make It Rain|p2b: Hatterene|[spread] p2a\n|-activate|p2b: Hatterene|move: Protect\n|-damage|p2a: Indeedee|58\/100\n|-unboost|p1b: Gholdengo|spa|1\n|move|p1a: Amoonguss|Spore|p2b: Hatterene\n|-activate|p2b: Hatterene|move: Protect\n|move|p2a: Indeedee|Trick Room|p2a: Indeedee\n|-fieldstart|move: Trick Room|[of] p2a: Indeedee\n|\n|upkeep\n|turn|2\n|inactive|StopTalkingandLose has 30 seconds left.\n|\n|t:|1682466740\n|move|p1b: Gholdengo|Protect|p1b: Gholdengo\n|-singleturn|p1b: Gholdengo|Protect\n|move|p2b: Hatterene|Psychic|p1b: Gholdengo\n|-activate|p1b: Gholdengo|move: Protect\n|move|p1a: Amoonguss|Spore|p2b: Hatterene\n|move|p2b: Hatterene|Spore|p1a: Amoonguss|[from]ability: Magic Bounce\n|-immune|p1a: Amoonguss\n|move|p2a: Indeedee|Psychic|p1b: Gholdengo\n|-activate|p1b: Gholdengo|move: Protect\n|\n|upkeep\n|turn|3\n|\n|t:|1682466762\n|move|p2b: Hatterene|Psychic|p1b: Gholdengo\n|-damage|p1b: Gholdengo|16\/100\n|-damage|p2b: Hatterene|91\/100|[from] item: Life Orb\n|move|p1a: Amoonguss|Spore|p2a: Indeedee\n|-activate|p2a: Indeedee|item: Safety Goggles|Spore\n|move|p2a: Indeedee|Psychic|p1b: Gholdengo\n|-damage|p1b: Gholdengo|0 fnt\n|faint|p1b: Gholdengo\n|\n|upkeep\n|\n|t:|1682466772\n|switch|p1b: Scream Tail|Scream Tail, L50|100\/100\n|turn|4\n|\n|t:|1682466788\n|switch|p1a: Gothitelle|Gothitelle, L50, M|100\/100\n|move|p1b: Scream Tail|Perish Song|p1b: Scream Tail\n|-start|p1a: Gothitelle|perish3|[silent]\n|-start|p1b: Scream Tail|perish3|[silent]\n|-start|p2a: Indeedee|perish3|[silent]\n|-start|p2b: Hatterene|perish3|[silent]\n|-fieldactivate|move: Perish Song\n|move|p2b: Hatterene|Trick Room|p2b: Hatterene\n|-fieldend|move: Trick Room\n|move|p2a: Indeedee|Trick Room|p2a: Indeedee\n|-fieldstart|move: Trick Room|[of] p2a: Indeedee\n|\n|-start|p2b: Hatterene|perish3\n|-start|p2a: Indeedee|perish3\n|-start|p1a: Gothitelle|perish3\n|-start|p1b: Scream Tail|perish3\n|upkeep\n|turn|5\n|inactive|StopTalkingandLose has 30 seconds left.\n|inactive|Can'tStopFalling has 30 seconds left.\n|\n|t:|1682466820\n|move|p2a: Indeedee|Helping Hand|p2b: Hatterene\n|-singleturn|p2b: Hatterene|Helping Hand|[of] p2a: Indeedee\n|move|p1a: Gothitelle|Protect|p1a: Gothitelle\n|-singleturn|p1a: Gothitelle|Protect\n|move|p1b: Scream Tail|Protect|p1b: Scream Tail\n|-singleturn|p1b: Scream Tail|Protect\n|move|p2b: Hatterene|Psychic|p2a: Indeedee\n|-resisted|p2a: Indeedee\n|-damage|p2a: Indeedee|0 fnt\n|faint|p2a: Indeedee\n|-damage|p2b: Hatterene|81\/100|[from] item: Life Orb\n|\n|-start|p2b: Hatterene|perish2\n|-start|p1a: Gothitelle|perish2\n|-start|p1b: Scream Tail|perish2\n|-fieldend|move: Psychic Terrain\n|upkeep\n|\n|t:|1682466830\n|switch|p2a: Torkoal|Torkoal, L50, F|100\/100\n|-weather|SunnyDay|[from] ability: Drought|[of] p2a: Torkoal\n|-activate|p1b: Scream Tail|ability: Protosynthesis\n|-start|p1b: Scream Tail|protosynthesisdef\n|turn|6\n|inactive|StopTalkingandLose has 30 seconds left.\n|inactive|StopTalkingandLose has 20 seconds left.\n|inactive|StopTalkingandLose has 15 seconds left.\n|\n|t:|1682466874\n|-terastallize|p2a: Torkoal|Fire\n|move|p1b: Scream Tail|Protect||[still]\n|-fail|p1b: Scream Tail\n|move|p2a: Torkoal|Eruption|p1a: Gothitelle|[spread] p1a,p1b\n|-crit|p1a: Gothitelle\n|-damage|p1a: Gothitelle|0 fnt\n|-damage|p1b: Scream Tail|0 fnt\n|faint|p1a: Gothitelle\n|faint|p1b: Scream Tail\n|-end|p1b: Scream Tail|Protosynthesis|[silent]\n|move|p2b: Hatterene|Dazzling Gleam|p1: Gothitelle|[notarget]\n|-fail|p2b: Hatterene\n|\n|-weather|SunnyDay|[upkeep]\n|-start|p2b: Hatterene|perish1\n|upkeep\n|\n|t:|1682466888\n|switch|p1b: Amoonguss|Amoonguss, L50, M|100\/100\n|turn|7\n|-message|StopTalkingandLose forfeited.\n|\n|win|Can'tStopFalling\n|raw|StopTalkingandLose's rating: 1343 → 1321<\/strong> (-22 for losing)\n|raw|Can'tStopFalling's rating: 1313 → 1335<\/strong> (+22 for winning)\n|l|\u2606StopTalkingandLose\n","uploadtime":1682466896,"views":30,"p1id":"stoptalkingandlose","p2id":"cantstopfalling","formatid":"gen9vgc2023regulationc","rating":1321,"private":0,"password":""}