{"id":"gen9vgc2023regulationc-1862351512","p1":"MaxYoo","p2":"yisus2902","format":"[Gen 9] VGC 2023 Regulation C","log":"|j|\u2606MaxYoo\n|j|\u2606yisus2902\n|t:|1683871113\n|gametype|doubles\n|player|p1|MaxYoo|2|1351\n|player|p2|yisus2902|170|1406\n|teamsize|p1|6\n|teamsize|p2|6\n|gen|9\n|tier|[Gen 9] VGC 2023 Regulation C\n|rated|\n|rule|Species Clause: Limit one of each Pok\u00e9mon\n|rule|Item Clause: Limit one of each item\n|clearpoke\n|poke|p1|Dragonite, L50, M|\n|poke|p1|Chien-Pao, L50|\n|poke|p1|Murkrow, L50, M|\n|poke|p1|Gholdengo, L50|\n|poke|p1|Chi-Yu, L50|\n|poke|p1|Garganacl, L50, F|\n|poke|p2|Farigiraf, L50, M|\n|poke|p2|Garchomp, L50, F|\n|poke|p2|Amoonguss, L50, M|\n|poke|p2|Torkoal, L50, M|\n|poke|p2|Hariyama, L50, M|\n|poke|p2|Palafin, L50, F|\n|teampreview|4\n|inactive|Battle timer is ON: inactive players will automatically lose when time's up. (requested by yisus2902)\n|inactive|yisus2902 has 60 seconds left.\n|\n|t:|1683871161\n|start\n|switch|p1a: Murkrow|Murkrow, L50, M|100\/100\n|switch|p1b: Gholdengo|Gholdengo, L50|100\/100\n|switch|p2a: Hariyama|Hariyama, L50, M|100\/100\n|switch|p2b: Farigiraf|Farigiraf, L50, M|100\/100\n|turn|1\n|inactive|MaxYoo has 30 seconds left.\n|inactive|MaxYoo has 20 seconds left.\n|\n|t:|1683871199\n|switch|p1a: Garganacl|Garganacl, L50, F|100\/100\n|move|p2a: Hariyama|Wide Guard|p2a: Hariyama\n|-singleturn|p2a: Hariyama|Wide Guard\n|move|p1b: Gholdengo|Shadow Ball|p2a: Hariyama\n|-damage|p2a: Hariyama|32\/100\n|move|p2b: Farigiraf|Trick Room|p2b: Farigiraf\n|-fieldstart|move: Trick Room|[of] p2b: Farigiraf\n|\n|-status|p2a: Hariyama|brn|[from] item: Flame Orb\n|upkeep\n|turn|2\n|\n|t:|1683871219\n|move|p1a: Garganacl|Protect|p1a: Garganacl\n|-singleturn|p1a: Garganacl|Protect\n|move|p2a: Hariyama|Knock Off|p1a: Garganacl\n|-activate|p1a: Garganacl|move: Protect\n|move|p2b: Farigiraf|Hyper Voice|p1a: Garganacl|[spread] \n|-activate|p1a: Garganacl|move: Protect\n|-immune|p1b: Gholdengo\n|move|p1b: Gholdengo|Shadow Ball|p2a: Hariyama\n|-damage|p2a: Hariyama|0 fnt\n|faint|p2a: Hariyama\n|\n|upkeep\n|\n|t:|1683871233\n|switch|p2a: Torkoal|Torkoal, L50, M, shiny|100\/100\n|-weather|SunnyDay|[from] ability: Drought|[of] p2a: Torkoal\n|turn|3\n|\n|t:|1683871258\n|switch|p1b: Murkrow|Murkrow, L50, M|100\/100\n|-terastallize|p2a: Torkoal|Fire\n|move|p2a: Torkoal|Eruption|p1b: Murkrow|[spread] p1a,p1b\n|-resisted|p1a: Garganacl\n|-damage|p1a: Garganacl|59\/100\n|-damage|p1b: Murkrow|0 fnt\n|faint|p1b: Murkrow\n|move|p1a: Garganacl|Salt Cure|p2a: Torkoal\n|-supereffective|p2a: Torkoal\n|-damage|p2a: Torkoal|80\/100\n|-start|p2a: Torkoal|Salt Cure\n|move|p2b: Farigiraf|Hyper Voice|p1a: Garganacl\n|-resisted|p1a: Garganacl\n|-damage|p1a: Garganacl|45\/100\n|\n|-weather|SunnyDay|[upkeep]\n|-heal|p1a: Garganacl|51\/100|[from] item: Leftovers\n|-damage|p2a: Torkoal|68\/100|[from] Salt Cure\n|upkeep\n|inactive|MaxYoo has 30 seconds left.\n|inactive|MaxYoo has 20 seconds left.\n|\n|t:|1683871294\n|switch|p1b: Dragonite|Dragonite, L50, M|100\/100\n|turn|4\n|\n|t:|1683871308\n|move|p2a: Torkoal|Eruption|p1a: Garganacl|[spread] p1a,p1b\n|-resisted|p1a: Garganacl\n|-resisted|p1b: Dragonite\n|-crit|p1b: Dragonite\n|-damage|p1a: Garganacl|24\/100\n|-damage|p1b: Dragonite|76\/100\n|move|p1a: Garganacl|Recover|p1a: Garganacl\n|-heal|p1a: Garganacl|74\/100\n|move|p2b: Farigiraf|Dazzling Gleam|p1b: Dragonite|[spread] p1a,p1b\n|-supereffective|p1b: Dragonite\n|-damage|p1a: Garganacl|61\/100\n|-damage|p1b: Dragonite|39\/100\n|move|p1b: Dragonite|Stomping Tantrum|p2a: Torkoal\n|-supereffective|p2a: Torkoal\n|-crit|p2a: Torkoal\n|-damage|p2a: Torkoal|0 fnt\n|faint|p2a: Torkoal\n|\n|-weather|SunnyDay|[upkeep]\n|-heal|p1a: Garganacl|67\/100|[from] item: Leftovers\n|upkeep\n|\n|t:|1683871326\n|switch|p2a: Amoonguss|Amoonguss, L50, M|100\/100\n|turn|5\n|\n|t:|1683871342\n|switch|p1b: Gholdengo|Gholdengo, L50|100\/100\n|move|p2a: Amoonguss|Spore|p1b: Gholdengo\n|-immune|p1b: Gholdengo|[from] ability: Good as Gold\n|move|p1a: Garganacl|Recover|p1a: Garganacl\n|-heal|p1a: Garganacl|100\/100\n|move|p2b: Farigiraf|Dazzling Gleam|p1a: Garganacl|[spread] p1a,p1b\n|-resisted|p1b: Gholdengo\n|-damage|p1a: Garganacl|87\/100\n|-damage|p1b: Gholdengo|91\/100\n|\n|-weather|SunnyDay|[upkeep]\n|-heal|p1a: Garganacl|93\/100|[from] item: Leftovers\n|-fieldend|move: Trick Room\n|upkeep\n|turn|6\n|-message|yisus2902 forfeited.\n|\n|win|MaxYoo\n|raw|MaxYoo's rating: 1351 → 1374<\/strong> (+23 for winning)\n|raw|yisus2902's rating: 1406 → 1383<\/strong> (-23 for losing)\n|l|\u2606yisus2902\n","uploadtime":1683871373,"views":12,"p1id":"maxyoo","p2id":"yisus2902","formatid":"gen9vgc2023regulationc","rating":1374,"private":0,"password":""}