{"id":"gen9vgc2023regulationc-1861852357","p1":"Vengeful potato","p2":"Mut-antVGC","format":"[Gen 9] VGC 2023 Regulation C","log":"|j|\u2606Vengeful potato\n|j|\u2606Mut-antVGC\n|t:|1683815000\n|gametype|doubles\n|player|p1|Vengeful potato|swimmer-gen4|\n|player|p2|Mut-antVGC|psychic-lgpe|\n|teamsize|p1|6\n|teamsize|p2|6\n|gen|9\n|tier|[Gen 9] VGC 2023 Regulation C\n|rated|Tournament battle\n|rule|Species Clause: Limit one of each Pok\u00e9mon\n|rule|Item Clause: Limit one of each item\n|clearpoke\n|poke|p1|Pelipper, L50, F|\n|poke|p1|Drednaw, L50, M|\n|poke|p1|Gholdengo, L50|\n|poke|p1|Brute Bonnet, L50|\n|poke|p1|Dedenne, L50, F|\n|poke|p1|Toxicroak, L50, M|\n|poke|p2|Torkoal, L50, F|\n|poke|p2|Iron Bundle, L50|\n|poke|p2|Great Tusk, L50|\n|poke|p2|Talonflame, L50, M|\n|poke|p2|Flutter Mane, L50|\n|poke|p2|Chi-Yu, L50|\n|teampreview|4\n|raw| Open Team Sheet for Vengeful potato<\/summary>Pelipper (F) @ Focus Sash Ability: Drizzle Level: 50 Shiny: Yes Tera Type: Ground - Hurricane - Chilling Water - Tailwind - Wide Guard Drednaw (M) @ Choice Band Ability: Swift Swim Level: 50 Shiny: Yes Tera Type: Grass - Liquidation - Rock Slide - Head Smash - Ice Spinner Gholdengo @ Choice Scarf Ability: Good as Gold Level: 50 Tera Type: Water - Make It Rain - Shadow Ball - Tera Blast - Trick Brute Bonnet @ Booster Energy Ability: Protosynthesis Level: 50 Tera Type: Fire - Seed Bomb - Crunch - Spore - Rage Powder Dedenne (F) @ Sitrus Berry Ability: Cheek Pouch Level: 50 Shiny: Yes Tera Type: Grass - Thunder - Dazzling Gleam - Grass Knot - Protect Toxicroak (M) @ Life Orb Ability: Dry Skin Level: 50 Shiny: Yes Tera Type: Ice - Drain Punch - Gunk Shot - Ice Punch - Protect <\/details><\/div> Open Team Sheet for Mut-antVGC<\/summary>Torkoal @ Eject Pack Ability: Drought Level: 50 Tera Type: Flying - Yawn - Overheat - Helping Hand - Protect Iron Bundle @ Booster Energy Ability: Quark Drive Level: 50 Tera Type: Flying - Freeze-Dry - Icy Wind - Encore - Protect Great Tusk @ Clear Amulet Ability: Protosynthesis Level: 50 Tera Type: Fire - Rock Slide - Close Combat - Earthquake - Protect Talonflame @ Safety Goggles Ability: Gale Wings Level: 50 Tera Type: Ghost - Brave Bird - Will-O-Wisp - Tailwind - Quick Guard Flutter Mane @ Choice Specs Ability: Protosynthesis Level: 50 Tera Type: Fairy - Moonblast - Dazzling Gleam - Thunderbolt - Shadow Ball Chi-Yu @ Sitrus Berry Ability: Beads of Ruin Level: 50 Tera Type: Flying - Heat Wave - Dark Pulse - Nasty Plot - Protect <\/details><\/div>\n|j| Rocky44\n|l| Rocky44\n|j| perferw\n|j| RiotJuice\n|j| Cakestering\n|\n|t:|1683815158\n|start\n|switch|p1a: Drednaw|Drednaw, L50, M, shiny|100\/100\n|switch|p1b: Brute Bonnet|Brute Bonnet, L50|100\/100\n|switch|p2a: Torkoal|Torkoal, L50, F|100\/100\n|switch|p2b: Great Tusk|Great Tusk, L50|100\/100\n|-weather|SunnyDay|[from] ability: Drought|[of] p2a: Torkoal\n|-activate|p2b: Great Tusk|ability: Protosynthesis\n|-start|p2b: Great Tusk|protosynthesisatk\n|-activate|p1b: Brute Bonnet|ability: Protosynthesis\n|-start|p1b: Brute Bonnet|protosynthesisatk\n|turn|1\n|l| perferw\n|j| StarX99\n|j| perferw\n|c| Cakestering|kinda goofy team ngl\n|\n|t:|1683815222\n|-end|p1b: Brute Bonnet|Protosynthesis|[silent]\n|switch|p1b: Pelipper|Pelipper, L50, F, shiny|100\/100\n|-weather|RainDance|[from] ability: Drizzle|[of] p1b: Pelipper\n|-end|p2b: Great Tusk|Protosynthesis\n|move|p2b: Great Tusk|Protect|p2b: Great Tusk\n|-singleturn|p2b: Great Tusk|Protect\n|move|p1a: Drednaw|Liquidation|p2b: Great Tusk\n|-activate|p2b: Great Tusk|move: Protect\n|move|p2a: Torkoal|Yawn|p1a: Drednaw\n|-start|p1a: Drednaw|move: Yawn|[of] p2a: Torkoal\n|\n|-weather|RainDance|[upkeep]\n|upkeep\n|turn|2\n|c|\u2606Mut-antVGC|yes i know iron bundle looks like pingu\n|\n|t:|1683815247\n|switch|p1a: Brute Bonnet|Brute Bonnet, L50|100\/100\n|-enditem|p1a: Brute Bonnet|Booster Energy\n|-activate|p1a: Brute Bonnet|ability: Protosynthesis|[fromitem]\n|-start|p1a: Brute Bonnet|protosynthesisatk\n|move|p2a: Torkoal|Protect|p2a: Torkoal\n|-singleturn|p2a: Torkoal|Protect\n|move|p2b: Great Tusk|Rock Slide|p1a: Brute Bonnet|[spread] p1a,p1b\n|-supereffective|p1b: Pelipper\n|-damage|p1a: Brute Bonnet|81\/100\n|-damage|p1b: Pelipper|47\/100\n|move|p1b: Pelipper|Tailwind|p1b: Pelipper\n|-sidestart|p1: Vengeful potato|move: Tailwind\n|\n|-weather|RainDance|[upkeep]\n|upkeep\n|turn|3\n|\n|t:|1683815264\n|switch|p2a: Flutter Mane|Flutter Mane, L50|100\/100\n|move|p1a: Brute Bonnet|Spore|p2a: Flutter Mane\n|-status|p2a: Flutter Mane|slp|[from] move: Spore\n|move|p1b: Pelipper|Hurricane|p2b: Great Tusk\n|-supereffective|p2b: Great Tusk\n|-damage|p2b: Great Tusk|0 fnt\n|faint|p2b: Great Tusk\n|-end|p2b: Great Tusk|Protosynthesis|[silent]\n|\n|-weather|RainDance|[upkeep]\n|upkeep\n|\n|t:|1683815282\n|switch|p2b: Chi-Yu|Chi-Yu, L50|100\/100\n|-ability|p2b: Chi-Yu|Beads of Ruin\n|turn|4\n|\n|t:|1683815315\n|move|p2b: Chi-Yu|Protect|p2b: Chi-Yu\n|-singleturn|p2b: Chi-Yu|Protect\n|move|p1a: Brute Bonnet|Seed Bomb|p2a: Flutter Mane\n|-damage|p2a: Flutter Mane|16\/100 slp\n|move|p1b: Pelipper|Hurricane|p2b: Chi-Yu\n|-activate|p2b: Chi-Yu|move: Protect\n|cant|p2a: Flutter Mane|slp\n|\n|-weather|RainDance|[upkeep]\n|upkeep\n|turn|5\n|j| DNDS\n|\n|t:|1683815349\n|-end|p2a: Flutter Mane|Protosynthesis|[silent]\n|switch|p2a: Torkoal|Torkoal, L50, F|100\/100\n|-weather|SunnyDay|[from] ability: Drought|[of] p2a: Torkoal\n|move|p1b: Pelipper|Wide Guard|p1b: Pelipper\n|-singleturn|p1b: Pelipper|Wide Guard\n|move|p1a: Brute Bonnet|Crunch|p2a: Torkoal\n|-damage|p2a: Torkoal|61\/100\n|move|p2b: Chi-Yu|Heat Wave|p1b: Pelipper|[spread] \n|-activate|p1a: Brute Bonnet|move: Wide Guard\n|-activate|p1b: Pelipper|move: Wide Guard\n|\n|-weather|SunnyDay|[upkeep]\n|-sideend|p1: Vengeful potato|move: Tailwind\n|upkeep\n|turn|6\n|c|\u2606Mut-antVGC|ah true\n|c|\u2606Mut-antVGC|wait you didn't even have sucker on bonnet\n|c|\u2606Mut-antVGC|I'm confused\n|c| Cakestering|:skull:\n|\n|t:|1683815398\n|switch|p1b: Toxicroak|Toxicroak, L50, M, shiny|100\/100\n|move|p2b: Chi-Yu|Nasty Plot|p2b: Chi-Yu\n|-boost|p2b: Chi-Yu|spa|2\n|move|p1a: Brute Bonnet|Spore|p2b: Chi-Yu\n|-status|p2b: Chi-Yu|slp|[from] move: Spore\n|move|p2a: Torkoal|Overheat|p1a: Brute Bonnet|[miss]\n|-miss|p2a: Torkoal|p1a: Brute Bonnet\n|\n|-weather|SunnyDay|[upkeep]\n|-damage|p1b: Toxicroak|88\/100|[from] ability: Dry Skin|[of] p1b: Toxicroak\n|upkeep\n|turn|7\n|c| Cakestering|also toxicroak w\n|\n|t:|1683815419\n|switch|p2a: Flutter Mane|Flutter Mane, L50|16\/100 slp\n|-activate|p2a: Flutter Mane|ability: Protosynthesis\n|-start|p2a: Flutter Mane|protosynthesisspe\n|cant|p2b: Chi-Yu|slp\n|move|p1b: Toxicroak|Gunk Shot|p2b: Chi-Yu|[miss]\n|-miss|p1b: Toxicroak|p2b: Chi-Yu\n|move|p1a: Brute Bonnet|Spore|p2a: Flutter Mane\n|-fail|p2a: Flutter Mane|slp\n|\n|-weather|SunnyDay|[upkeep]\n|-damage|p1b: Toxicroak|76\/100|[from] ability: Dry Skin|[of] p1b: Toxicroak\n|upkeep\n|turn|8\n|\n|t:|1683815449\n|-end|p1a: Brute Bonnet|Protosynthesis|[silent]\n|switch|p1a: Pelipper|Pelipper, L50, F, shiny|47\/100\n|-weather|RainDance|[from] ability: Drizzle|[of] p1a: Pelipper\n|-end|p2a: Flutter Mane|Protosynthesis\n|cant|p2a: Flutter Mane|slp\n|cant|p2b: Chi-Yu|slp\n|move|p1b: Toxicroak|Drain Punch|p2b: Chi-Yu\n|-supereffective|p2b: Chi-Yu\n|-damage|p2b: Chi-Yu|0 fnt\n|-heal|p1b: Toxicroak|100\/100|[from] drain|[of] p2b: Chi-Yu\n|faint|p2b: Chi-Yu\n|-damage|p1b: Toxicroak|91\/100|[from] item: Life Orb\n|\n|-weather|RainDance|[upkeep]\n|-heal|p1b: Toxicroak|100\/100|[from] ability: Dry Skin\n|upkeep\n|c|\u2606Mut-antVGC|oof\n|\n|t:|1683815466\n|switch|p2b: Torkoal|Torkoal, L50, F|61\/100\n|-weather|SunnyDay|[from] ability: Drought|[of] p2b: Torkoal\n|-activate|p2a: Flutter Mane|ability: Protosynthesis\n|-start|p2a: Flutter Mane|protosynthesisspe\n|turn|9\n|\n|t:|1683815509\n|switch|p1a: Brute Bonnet|Brute Bonnet, L50|81\/100\n|-activate|p1a: Brute Bonnet|ability: Protosynthesis\n|-start|p1a: Brute Bonnet|protosynthesisatk\n|move|p2b: Torkoal|Helping Hand|p2a: Flutter Mane\n|-singleturn|p2a: Flutter Mane|Helping Hand|[of] p2b: Torkoal\n|-curestatus|p2a: Flutter Mane|slp|[msg]\n|move|p2a: Flutter Mane|Dazzling Gleam|p1a: Brute Bonnet|[spread] p1a,p1b\n|-supereffective|p1a: Brute Bonnet\n|-damage|p1a: Brute Bonnet|0 fnt\n|-damage|p1b: Toxicroak|17\/100\n|faint|p1a: Brute Bonnet\n|-end|p1a: Brute Bonnet|Protosynthesis|[silent]\n|move|p1b: Toxicroak|Ice Punch|p2a: Flutter Mane\n|-damage|p2a: Flutter Mane|0 fnt\n|faint|p2a: Flutter Mane\n|-end|p2a: Flutter Mane|Protosynthesis|[silent]\n|-damage|p1b: Toxicroak|8\/100|[from] item: Life Orb\n|\n|-weather|SunnyDay|[upkeep]\n|-damage|p1b: Toxicroak|0 fnt|[from] ability: Dry Skin|[of] p1b: Toxicroak\n|faint|p1b: Toxicroak\n|upkeep\n|\n|t:|1683815519\n|switch|p1b: Pelipper|Pelipper, L50, F, shiny|47\/100\n|switch|p1a: Drednaw|Drednaw, L50, M, shiny|100\/100\n|-weather|RainDance|[from] ability: Drizzle|[of] p1b: Pelipper\n|turn|10\n|c|\u2606Mut-antVGC|ggs\n|c|\u2606Vengeful potato|Ggs\n|l| perferw\n|c|\u2606Mut-antVGC|I can't complain I hit double protect in the last 2 games lol\n|c|\u2606Vengeful potato|Lol\n|\n|t:|1683815550\n|move|p1a: Drednaw|Liquidation|p2b: Torkoal\n|-supereffective|p2b: Torkoal\n|-damage|p2b: Torkoal|0 fnt\n|faint|p2b: Torkoal\n|\n|win|Vengeful potato\n|n|\u2606Vengeful potato|vengefulpotato\n|n|\u2606Mut-antVGC|mutantvgc\n|n| RiotJuice|riotjuice\n|n| Cakestering|cakestering\n|n| StarX99|starx99\n|n| DNDS|dnds\n","uploadtime":1683815558,"views":5,"p1id":"vengefulpotato","p2id":"mutantvgc","formatid":"gen9vgc2023regulationc","rating":0,"private":0,"password":""}