{"id":"gen9vgc2023regulationc-1852049720","p1":"esotilin123456","p2":"AcrobatVGC","format":"[Gen 9] VGC 2023 Regulation C","log":"|j|\u2606esotilin123456\n|j|\u2606AcrobatVGC\n|t:|1682519941\n|gametype|doubles\n|player|p1|esotilin123456|harlequin|\n|player|p2|AcrobatVGC|sada-ai|\n|teamsize|p1|6\n|teamsize|p2|6\n|gen|9\n|tier|[Gen 9] VGC 2023 Regulation C\n|rated|Tournament battle\n|rule|Species Clause: Limit one of each Pok\u00e9mon\n|rule|Item Clause: Limit one of each item\n|clearpoke\n|poke|p1|Arcanine, L50, M|\n|poke|p1|Gastrodon, L50, F|\n|poke|p1|Rotom-Mow, L50|\n|poke|p1|Tyranitar, L50, M|\n|poke|p1|Corviknight, L50, F|\n|poke|p1|Salamence, L50, M|\n|poke|p2|Palafin, L50, F|\n|poke|p2|Arcanine, L50, F|\n|poke|p2|Amoonguss, L50, F|\n|poke|p2|Dragonite, L50, M|\n|poke|p2|Chien-Pao, L50|\n|poke|p2|Gholdengo, L50|\n|teampreview|4\n|c|\u2606esotilin123456|crobatvgc?'''''''\/\/\/\/\/\u00a1\u00a1\u00a1\u00a1!1111??\nAcrobatVGC has agreed to open team sheets.\n|c|\u2606AcrobatVGC|What?\n|c|\u2606esotilin123456|inner focus haze tailwind taunt vgc?''''???1111\u00a1\u00a1\u00a1\u00a1\u00a1\u00a1)))))\n|j| ptelzcra\n|c|\u2606esotilin123456|aCROBATvgc\nesotilin123456 has agreed to open team sheets.\n|c|\u2606esotilin123456|glhf\n|c|\u2606AcrobatVGC|glhf\n|l| ptelzcra\n|\n|t:|1682520021\n|start\n|switch|p1a: good boi|Arcanine, L50, M|100\/100\n|switch|p1b: Great Tyrant|Tyranitar, L50, M, shiny|100\/100\n|switch|p2a: Amoonguss|Amoonguss, L50, F|100\/100\n|switch|p2b: Chien-Pao|Chien-Pao, L50|100\/100\n|-ability|p2b: Chien-Pao|Sword of Ruin\n|-ability|p1a: good boi|Intimidate|boost\n|-unboost|p2a: Amoonguss|atk|1\n|-unboost|p2b: Chien-Pao|atk|1\n|-weather|Sandstorm|[from] ability: Sand Stream|[of] p1b: Great Tyrant\n|turn|1\n|\n|t:|1682520050\n|switch|p2b: Arcanine|Arcanine, L50, F|100\/100\n|-ability|p2b: Arcanine|Intimidate|boost\n|-unboost|p1a: good boi|atk|1\n|-unboost|p1b: Great Tyrant|atk|1\n|-terastallize|p1b: Great Tyrant|Rock\n|move|p1a: good boi|Flare Blitz|p2a: Amoonguss\n|-supereffective|p2a: Amoonguss\n|-damage|p2a: Amoonguss|37\/100\n|-enditem|p2a: Amoonguss|Sitrus Berry|[eat]\n|-heal|p2a: Amoonguss|61\/100|[from] item: Sitrus Berry\n|-damage|p1a: good boi|75\/100|[from] Recoil\n|move|p1b: Great Tyrant|Rock Slide|p2a: Amoonguss|[spread] p2a,p2b\n|-supereffective|p2b: Arcanine\n|-crit|p2b: Arcanine\n|-damage|p2a: Amoonguss|37\/100\n|-damage|p2b: Arcanine|0 fnt\n|faint|p2b: Arcanine\n|cant|p2a: Amoonguss|flinch\n|\n|-weather|Sandstorm|[upkeep]\n|-damage|p1a: good boi|68\/100|[from] Sandstorm\n|-damage|p2a: Amoonguss|31\/100|[from] Sandstorm\n|upkeep\n|c|\u2606AcrobatVGC|lol\n|\n|t:|1682520064\n|switch|p2b: Dragonite|Dragonite, L50, M|100\/100\n|turn|2\n|\n|t:|1682520077\n|-terastallize|p2b: Dragonite|Flying\n|move|p1a: good boi|Extreme Speed|p2b: Dragonite\n|-damage|p2b: Dragonite|92\/100\n|move|p2b: Dragonite|Tailwind|p2b: Dragonite\n|-sidestart|p2: AcrobatVGC|move: Tailwind\n|move|p2a: Amoonguss|Spore|p1b: Great Tyrant\n|-status|p1b: Great Tyrant|slp|[from] move: Spore\n|cant|p1b: Great Tyrant|slp\n|\n|-weather|Sandstorm|[upkeep]\n|-damage|p2b: Dragonite|86\/100|[from] Sandstorm\n|-damage|p1a: good boi|62\/100|[from] Sandstorm\n|-damage|p2a: Amoonguss|25\/100|[from] Sandstorm\n|upkeep\n|turn|3\n|inactive|Battle timer is ON: inactive players will automatically lose when time's up. (requested by AcrobatVGC)\n|\n|t:|1682520124\n|switch|p2a: Chien-Pao|Chien-Pao, L50|100\/100\n|-ability|p2a: Chien-Pao|Sword of Ruin\n|move|p2b: Dragonite|Stomping Tantrum|p1a: good boi\n|-supereffective|p1a: good boi\n|-damage|p1a: good boi|0 fnt\n|faint|p1a: good boi\n|-curestatus|p1b: Great Tyrant|slp|[msg]\n|move|p1b: Great Tyrant|Rock Slide|p2b: Dragonite|[spread] p2a,p2b\n|-supereffective|p2a: Chien-Pao\n|-supereffective|p2b: Dragonite\n|-damage|p2a: Chien-Pao|23\/100\n|-damage|p2b: Dragonite|13\/100\n|\n|-weather|Sandstorm|[upkeep]\n|-damage|p2a: Chien-Pao|17\/100|[from] Sandstorm\n|-damage|p2b: Dragonite|7\/100|[from] Sandstorm\n|upkeep\n|c|\u2606AcrobatVGC|Right haha\n|\n|t:|1682520136\n|switch|p1a: IRON BIRD|Corviknight, L50, F|100\/100\n|turn|4\n|\n|t:|1682520146\n|move|p1b: Great Tyrant|Protect|p1b: Great Tyrant\n|-singleturn|p1b: Great Tyrant|Protect\n|move|p2a: Chien-Pao|Sacred Sword|p1b: Great Tyrant\n|-activate|p1b: Great Tyrant|move: Protect\n|move|p2b: Dragonite|Stomping Tantrum|p1b: Great Tyrant\n|-activate|p1b: Great Tyrant|move: Protect\n|move|p1a: IRON BIRD|Brave Bird|p2a: Chien-Pao\n|-damage|p2a: Chien-Pao|0 fnt\n|faint|p2a: Chien-Pao\n|-damage|p1a: IRON BIRD|96\/100|[from] Recoil\n|\n|-weather|Sandstorm|[upkeep]\n|-damage|p2b: Dragonite|1\/100|[from] Sandstorm\n|upkeep\n|\n|t:|1682520149\n|switch|p2a: Amoonguss|Amoonguss, L50, F|58\/100\n|turn|5\n|\n|t:|1682520163\n|switch|p1b: GROHAHSHSHSH|Gastrodon, L50, F|100\/100\n|move|p2b: Dragonite|Stomping Tantrum|p1b: GROHAHSHSHSH\n|-damage|p1b: GROHAHSHSHSH|69\/100\n|move|p2a: Amoonguss|Spore|p1a: IRON BIRD\n|-status|p1a: IRON BIRD|slp|[from] move: Spore\n|cant|p1a: IRON BIRD|slp\n|\n|-weather|none\n|-heal|p1b: GROHAHSHSHSH|75\/100|[from] item: Leftovers\n|-sideend|p2: AcrobatVGC|move: Tailwind\n|upkeep\n|turn|6\n|j| 17th Sylveon\n|inactive|esotilin123456 has 30 seconds left.\n|\n|t:|1682520189\n|move|p2b: Dragonite|Tailwind|p2b: Dragonite\n|-sidestart|p2: AcrobatVGC|move: Tailwind\n|move|p2a: Amoonguss|Pollen Puff|p2b: Dragonite\n|-heal|p2b: Dragonite|51\/100\n|-curestatus|p1a: IRON BIRD|slp|[msg]\n|move|p1a: IRON BIRD|Brave Bird|p2a: Amoonguss\n|-supereffective|p2a: Amoonguss\n|-damage|p2a: Amoonguss|0 fnt\n|faint|p2a: Amoonguss\n|-damage|p1a: IRON BIRD|74\/100|[from] Recoil\n|move|p1b: GROHAHSHSHSH|Ice Beam|p2b: Dragonite\n|-supereffective|p2b: Dragonite\n|-damage|p2b: Dragonite|5\/100\n|-status|p2b: Dragonite|frz\n|-enditem|p2b: Dragonite|Lum Berry|[eat]\n|-curestatus|p2b: Dragonite|frz|[msg]\n|\n|-heal|p1b: GROHAHSHSHSH|82\/100|[from] item: Leftovers\n|upkeep\n|turn|7\n|j| erikbound\n|l| 17th Sylveon\n|-message|AcrobatVGC forfeited.\n|\n|win|esotilin123456\n|n|\u2606esotilin123456|esotilin123456\n|n|\u2606AcrobatVGC|acrobatvgc\n|n| erikbound|erikbound\n","uploadtime":1682520225,"views":17,"p1id":"esotilin123456","p2id":"acrobatvgc","formatid":"gen9vgc2023regulationc","rating":0,"private":0,"password":""}