{"id":"gen9vgc2023regulationc-1853203125","p1":"VGChris0607k","p2":"R3quiemVGC","format":"[Gen 9] VGC 2023 Regulation C","log":"|j|\u2606VGChris0607k\n|j|\u2606R3quiemVGC\n|t:|1682648091\n|gametype|doubles\n|player|p1|VGChris0607k|2|1256\n|player|p2|R3quiemVGC|ghetsis-gen5bw|1207\n|teamsize|p1|6\n|teamsize|p2|6\n|gen|9\n|tier|[Gen 9] VGC 2023 Regulation C\n|rated|\n|rule|Species Clause: Limit one of each Pok\u00e9mon\n|rule|Item Clause: Limit one of each item\n|clearpoke\n|poke|p1|Hippowdon, L50, M|\n|poke|p1|Garganacl, L50, F|\n|poke|p1|Amoonguss, L50, M|\n|poke|p1|Chi-Yu, L50|\n|poke|p1|Iron Bundle, L50|\n|poke|p1|Gholdengo, L50|\n|poke|p2|Wo-Chien, L50|\n|poke|p2|Dondozo, L50, F|\n|poke|p2|Tatsugiri, L50, M|\n|poke|p2|Glimmora, L50, M|\n|poke|p2|Chi-Yu, L50|\n|poke|p2|Flutter Mane, L50|\n|teampreview|4\n|inactive|Battle timer is ON: inactive players will automatically lose when time's up. (requested by VGChris0607k)\n|inactive|R3quiemVGC has 60 seconds left.\n|\n|t:|1682648137\n|start\n|switch|p1a: Hippowdon|Hippowdon, L50, M|100\/100\n|switch|p1b: Garganacl|Garganacl, L50, F|100\/100\n|switch|p2a: Chi-Yu|Chi-Yu, L50|100\/100\n|switch|p2b: Flutter Mane|Flutter Mane, L50, shiny|100\/100\n|-ability|p2a: Chi-Yu|Beads of Ruin\n|-weather|Sandstorm|[from] ability: Sand Stream|[of] p1a: Hippowdon\n|turn|1\n|\n|t:|1682648160\n|-terastallize|p2b: Flutter Mane|Fairy\n|move|p1b: Garganacl|Protect|p1b: Garganacl\n|-singleturn|p1b: Garganacl|Protect\n|move|p2b: Flutter Mane|Dazzling Gleam|p1b: Garganacl|[spread] p1a\n|-activate|p1b: Garganacl|move: Protect\n|-damage|p1a: Hippowdon|39\/100\n|move|p2a: Chi-Yu|Heat Wave|p1a: Hippowdon|[spread] p1a\n|-activate|p1b: Garganacl|move: Protect\n|-damage|p1a: Hippowdon|0 fnt\n|faint|p1a: Hippowdon\n|\n|-weather|Sandstorm|[upkeep]\n|-damage|p2b: Flutter Mane|95\/100|[from] Sandstorm\n|-damage|p2a: Chi-Yu|94\/100|[from] Sandstorm\n|upkeep\n|\n|t:|1682648173\n|switch|p1a: Iron Bundle|Iron Bundle, L50|100\/100\n|-enditem|p1a: Iron Bundle|Booster Energy\n|-activate|p1a: Iron Bundle|ability: Quark Drive|[fromitem]\n|-start|p1a: Iron Bundle|quarkdrivespe\n|turn|2\n|\n|t:|1682648183\n|move|p2a: Chi-Yu|Protect|p2a: Chi-Yu\n|-singleturn|p2a: Chi-Yu|Protect\n|move|p1b: Garganacl|Wide Guard|p1b: Garganacl\n|-singleturn|p1b: Garganacl|Wide Guard\n|move|p1a: Iron Bundle|Icy Wind|p2b: Flutter Mane|[spread] p2b\n|-activate|p2a: Chi-Yu|move: Protect\n|-damage|p2b: Flutter Mane|73\/100\n|-unboost|p2b: Flutter Mane|spe|1\n|move|p2b: Flutter Mane|Dazzling Gleam|p1b: Garganacl|[spread] \n|-activate|p1a: Iron Bundle|move: Wide Guard\n|-activate|p1b: Garganacl|move: Wide Guard\n|\n|-weather|Sandstorm|[upkeep]\n|-damage|p1a: Iron Bundle|95\/100|[from] Sandstorm\n|-damage|p2a: Chi-Yu|88\/100|[from] Sandstorm\n|-damage|p2b: Flutter Mane|67\/100|[from] Sandstorm\n|upkeep\n|turn|3\n|inactive|R3quiemVGC has 30 seconds left.\n|\n|t:|1682648209\n|-end|p2b: Flutter Mane|Protosynthesis|[silent]\n|switch|p2b: Dondozo|Dondozo, L50, F, shiny|100\/100\n|move|p1a: Iron Bundle|Freeze-Dry|p2b: Dondozo\n|-supereffective|p2b: Dondozo\n|-damage|p2b: Dondozo|23\/100\n|move|p2a: Chi-Yu|Overheat|p1a: Iron Bundle\n|-damage|p1a: Iron Bundle|0 fnt\n|-unboost|p2a: Chi-Yu|spa|2\n|faint|p1a: Iron Bundle\n|-end|p1a: Iron Bundle|Quark Drive|[silent]\n|move|p1b: Garganacl|Salt Cure|p2a: Chi-Yu\n|-supereffective|p2a: Chi-Yu\n|-damage|p2a: Chi-Yu|42\/100\n|-start|p2a: Chi-Yu|Salt Cure\n|\n|-weather|Sandstorm|[upkeep]\n|-damage|p2a: Chi-Yu|36\/100|[from] Sandstorm\n|-damage|p2b: Dondozo|17\/100|[from] Sandstorm\n|-heal|p2b: Dondozo|23\/100|[from] item: Leftovers\n|-damage|p2a: Chi-Yu|24\/100|[from] Salt Cure\n|upkeep\n|\n|t:|1682648218\n|switch|p1a: Chi-Yu|Chi-Yu, L50|100\/100\n|-ability|p1a: Chi-Yu|Beads of Ruin\n|turn|4\n|inactive|R3quiemVGC has 30 seconds left.\n|\n|t:|1682648252\n|-terastallize|p1a: Chi-Yu|Water\n|move|p2b: Dondozo|Protect|p2b: Dondozo\n|-singleturn|p2b: Dondozo|Protect\n|move|p2a: Chi-Yu|Overheat|p1b: Garganacl|[miss]\n|-miss|p2a: Chi-Yu|p1b: Garganacl\n|move|p1a: Chi-Yu|Nasty Plot|p1a: Chi-Yu\n|-boost|p1a: Chi-Yu|spa|2\n|move|p1b: Garganacl|Salt Cure|p2b: Dondozo\n|-activate|p2b: Dondozo|move: Protect\n|\n|-weather|Sandstorm|[upkeep]\n|-damage|p2a: Chi-Yu|18\/100|[from] Sandstorm\n|-damage|p2b: Dondozo|17\/100|[from] Sandstorm\n|-heal|p2b: Dondozo|23\/100|[from] item: Leftovers\n|-damage|p2a: Chi-Yu|6\/100|[from] Salt Cure\n|upkeep\n|turn|5\n|\n|t:|1682648276\n|move|p2a: Chi-Yu|Overheat|p1b: Garganacl\n|-resisted|p1b: Garganacl\n|-damage|p1b: Garganacl|91\/100\n|-unboost|p2a: Chi-Yu|spa|2\n|move|p1a: Chi-Yu|Heat Wave|p2b: Dondozo|[spread] p2a,p2b\n|-resisted|p2a: Chi-Yu\n|-resisted|p2b: Dondozo\n|-damage|p2a: Chi-Yu|0 fnt\n|-damage|p2b: Dondozo|0 fnt\n|faint|p2a: Chi-Yu\n|faint|p2b: Dondozo\n|move|p1b: Garganacl|Salt Cure|p2: Chi-Yu|[notarget]\n|-fail|p1b: Garganacl\n|\n|-weather|none\n|-heal|p1b: Garganacl|97\/100|[from] item: Leftovers\n|upkeep\n|\n|t:|1682648289\n|switch|p2a: Tatsugiri|Tatsugiri, L50, M|100\/100\n|switch|p2b: Flutter Mane|Flutter Mane, L50, shiny, tera:Fairy|67\/100\n|turn|6\n|inactive|R3quiemVGC has 30 seconds left.\n|\n|t:|1682648321\n|move|p1a: Chi-Yu|Protect|p1a: Chi-Yu\n|-singleturn|p1a: Chi-Yu|Protect\n|move|p2a: Tatsugiri|Draco Meteor|p1a: Chi-Yu\n|-activate|p1a: Chi-Yu|move: Protect\n|move|p2b: Flutter Mane|Moonblast|p1b: Garganacl\n|-damage|p1b: Garganacl|7\/100\n|move|p1b: Garganacl|Salt Cure|p2a: Tatsugiri\n|-damage|p2a: Tatsugiri|73\/100\n|-start|p2a: Tatsugiri|Salt Cure\n|\n|-heal|p1b: Garganacl|13\/100|[from] item: Leftovers\n|-damage|p2a: Tatsugiri|48\/100|[from] Salt Cure\n|upkeep\n|turn|7\n|inactive|R3quiemVGC has 30 seconds left.\n|\n|t:|1682648350\n|move|p1b: Garganacl|Protect|p1b: Garganacl\n|-singleturn|p1b: Garganacl|Protect\n|move|p2a: Tatsugiri|Draco Meteor|p1a: Chi-Yu\n|-damage|p1a: Chi-Yu|25\/100\n|-unboost|p2a: Tatsugiri|spa|2\n|move|p2b: Flutter Mane|Moonblast|p1a: Chi-Yu\n|-damage|p1a: Chi-Yu|0 fnt\n|faint|p1a: Chi-Yu\n|\n|-heal|p1b: Garganacl|18\/100|[from] item: Leftovers\n|-damage|p2a: Tatsugiri|23\/100|[from] Salt Cure\n|upkeep\n|turn|8\n|\n|t:|1682648363\n|move|p2a: Tatsugiri|Draco Meteor|p1b: Garganacl\n|-crit|p1b: Garganacl\n|-damage|p1b: Garganacl|0 fnt\n|-unboost|p2a: Tatsugiri|spa|2\n|faint|p1b: Garganacl\n|\n|win|R3quiemVGC\n|raw|VGChris0607k's rating: 1256 → 1227<\/strong> (-29 for losing)\n|raw|R3quiemVGC's rating: 1207 → 1236<\/strong> (+29 for winning)\n|l|\u2606VGChris0607k\n","uploadtime":1682648743,"views":8,"p1id":"vgchris0607k","p2id":"r3quiemvgc","formatid":"gen9vgc2023regulationc","rating":1227,"private":0,"password":""}