{"id":"gen9vgc2023regulationc-1846405767","p1":"Kuriboh448","p2":"nik993","format":"[Gen 9] VGC 2023 Regulation C","log":"|j|\u203dKuriboh448\n|j|\u2606nik993\n|t:|1681838282\n|gametype|doubles\n|player|p1|Kuriboh448|102|1342\n|player|p2|nik993|169|1359\n|teamsize|p1|6\n|teamsize|p2|6\n|gen|9\n|tier|[Gen 9] VGC 2023 Regulation C\n|rated|\n|rule|Species Clause: Limit one of each Pok\u00e9mon\n|rule|Item Clause: Limit one of each item\n|clearpoke\n|poke|p1|Iron Bundle, L50|\n|poke|p1|Corviknight, L50, M|\n|poke|p1|Abomasnow, L50, F|\n|poke|p1|Garchomp, L50, F|\n|poke|p1|Chi-Yu, L50|\n|poke|p1|Flutter Mane, L50|\n|poke|p2|Palafin, L50, M|\n|poke|p2|Iron Hands, L50|\n|poke|p2|Amoonguss, L50, M|\n|poke|p2|Arcanine, L50, M|\n|poke|p2|Chien-Pao, L50|\n|poke|p2|Dragonite, L50, F|\n|teampreview|4\nnik993 has agreed to open team sheets.\n|\n|t:|1681838343\n|start\n|switch|p1a: Abomasnow|Abomasnow, L50, F|100\/100\n|switch|p1b: Iron Bundle|Iron Bundle, L50|100\/100\n|switch|p2a: Iron Hands|Iron Hands, L50|100\/100\n|switch|p2b: Chien-Pao|Chien-Pao, L50|100\/100\n|-ability|p2b: Chien-Pao|Sword of Ruin\n|-weather|Snow|[from] ability: Snow Warning|[of] p1a: Abomasnow\n|-enditem|p1b: Iron Bundle|Booster Energy\n|-activate|p1b: Iron Bundle|ability: Quark Drive|[fromitem]\n|-start|p1b: Iron Bundle|quarkdrivespe\n|turn|1\n|\n|t:|1681838369\n|move|p1b: Iron Bundle|Protect|p1b: Iron Bundle\n|-singleturn|p1b: Iron Bundle|Protect\n|move|p2a: Iron Hands|Fake Out|p1b: Iron Bundle\n|-activate|p1b: Iron Bundle|move: Protect\n|move|p2b: Chien-Pao|Sacred Sword|p1b: Iron Bundle\n|-activate|p1b: Iron Bundle|move: Protect\n|move|p1a: Abomasnow|Aurora Veil|p1a: Abomasnow\n|-sidestart|p1: Kuriboh448|move: Aurora Veil\n|\n|-weather|Snow|[upkeep]\n|upkeep\n|turn|2\n|\n|t:|1681838387\n|switch|p2b: Arcanine|Arcanine, L50, M|100\/100\n|-ability|p2b: Arcanine|Intimidate|boost\n|-unboost|p1a: Abomasnow|atk|1\n|-unboost|p1b: Iron Bundle|atk|1\n|move|p1b: Iron Bundle|Hydro Pump|p2b: Arcanine\n|-supereffective|p2b: Arcanine\n|-damage|p2b: Arcanine|0 fnt\n|faint|p2b: Arcanine\n|move|p1a: Abomasnow|Blizzard|p2a: Iron Hands\n|-damage|p2a: Iron Hands|80\/100\n|move|p2a: Iron Hands|Drain Punch|p1b: Iron Bundle\n|-supereffective|p1b: Iron Bundle\n|-damage|p1b: Iron Bundle|57\/100\n|-heal|p2a: Iron Hands|92\/100|[from] drain|[of] p1b: Iron Bundle\n|\n|-weather|Snow|[upkeep]\n|upkeep\n|\n|t:|1681838405\n|switch|p2b: Chien-Pao|Chien-Pao, L50|100\/100\n|-ability|p2b: Chien-Pao|Sword of Ruin\n|turn|3\n|\n|t:|1681838421\n|move|p1b: Iron Bundle|Icy Wind|p2b: Chien-Pao|[spread] p2a,p2b\n|-resisted|p2b: Chien-Pao\n|-damage|p2a: Iron Hands|82\/100\n|-damage|p2b: Chien-Pao|83\/100\n|-unboost|p2a: Iron Hands|spe|1\n|-unboost|p2b: Chien-Pao|spe|1\n|move|p2b: Chien-Pao|Sacred Sword|p1a: Abomasnow\n|-supereffective|p1a: Abomasnow\n|-damage|p1a: Abomasnow|61\/100\n|move|p1a: Abomasnow|Blizzard|p2b: Chien-Pao|[spread] p2a,p2b\n|-resisted|p2b: Chien-Pao\n|-damage|p2a: Iron Hands|66\/100\n|-damage|p2b: Chien-Pao|56\/100\n|move|p2a: Iron Hands|Drain Punch|p1a: Abomasnow\n|-supereffective|p1a: Abomasnow\n|-damage|p1a: Abomasnow|7\/100\n|-heal|p2a: Iron Hands|87\/100|[from] drain|[of] p1a: Abomasnow\n|\n|-weather|Snow|[upkeep]\n|upkeep\n|turn|4\n|\n|t:|1681838450\n|move|p2b: Chien-Pao|Protect|p2b: Chien-Pao\n|-singleturn|p2b: Chien-Pao|Protect\n|move|p1b: Iron Bundle|Hydro Pump|p2b: Chien-Pao\n|-activate|p2b: Chien-Pao|move: Protect\n|move|p1a: Abomasnow|Giga Drain|p2a: Iron Hands\n|-damage|p2a: Iron Hands|74\/100\n|-heal|p1a: Abomasnow|15\/100|[from] drain|[of] p2a: Iron Hands\n|move|p2a: Iron Hands|Drain Punch|p1b: Iron Bundle\n|-supereffective|p1b: Iron Bundle\n|-damage|p1b: Iron Bundle|0 fnt\n|-heal|p2a: Iron Hands|89\/100|[from] drain|[of] p1b: Iron Bundle\n|faint|p1b: Iron Bundle\n|-end|p1b: Iron Bundle|Quark Drive|[silent]\n|\n|-weather|Snow|[upkeep]\n|upkeep\n|\n|t:|1681838465\n|switch|p1b: Flutter Mane|Flutter Mane, L50|100\/100\n|turn|5\n|\n|t:|1681838486\n|switch|p1a: Corviknight|Corviknight, L50, M|100\/100\n|-terastallize|p1b: Flutter Mane|Fairy\n|-terastallize|p2a: Iron Hands|Fire\n|move|p2b: Chien-Pao|Sucker Punch||[still]\n|-fail|p2b: Chien-Pao\n|move|p1b: Flutter Mane|Dazzling Gleam|p2a: Iron Hands|[spread] p2a,p2b\n|-resisted|p2a: Iron Hands\n|-supereffective|p2b: Chien-Pao\n|-damage|p2a: Iron Hands|72\/100\n|-damage|p2b: Chien-Pao|0 fnt\n|faint|p2b: Chien-Pao\n|move|p2a: Iron Hands|Heavy Slam|p1b: Flutter Mane\n|-supereffective|p1b: Flutter Mane\n|-damage|p1b: Flutter Mane|11\/100\n|\n|-weather|none\n|upkeep\n|\n|t:|1681838496\n|switch|p2b: Amoonguss|Amoonguss, L50, M|100\/100\n|turn|6\n|\n|t:|1681838509\n|-end|p1b: Flutter Mane|Protosynthesis|[silent]\n|switch|p1b: Abomasnow|Abomasnow, L50, F|15\/100\n|-weather|Snow|[from] ability: Snow Warning|[of] p1b: Abomasnow\n|move|p1a: Corviknight|Bulk Up|p1a: Corviknight\n|-boost|p1a: Corviknight|atk|1\n|-boost|p1a: Corviknight|def|1\n|move|p2b: Amoonguss|Spore|p1a: Corviknight\n|-status|p1a: Corviknight|slp|[from] move: Spore\n|move|p2a: Iron Hands|Heavy Slam|p1b: Abomasnow\n|-supereffective|p1b: Abomasnow\n|-damage|p1b: Abomasnow|0 fnt\n|faint|p1b: Abomasnow\n|\n|-weather|Snow|[upkeep]\n|upkeep\n|\n|t:|1681838523\n|switch|p1b: Flutter Mane|Flutter Mane, L50, tera:Fairy|11\/100\n|turn|7\n|\n|t:|1681838533\n|move|p1b: Flutter Mane|Shadow Ball|p2b: Amoonguss\n|-damage|p2b: Amoonguss|44\/100\n|cant|p1a: Corviknight|slp\n|move|p2b: Amoonguss|Pollen Puff|p2a: Iron Hands\n|-heal|p2a: Iron Hands|100\/100\n|move|p2a: Iron Hands|Heavy Slam|p1b: Flutter Mane\n|-supereffective|p1b: Flutter Mane\n|-damage|p1b: Flutter Mane|0 fnt\n|faint|p1b: Flutter Mane\n|-end|p1b: Flutter Mane|Protosynthesis|[silent]\n|\n|-weather|Snow|[upkeep]\n|upkeep\n|turn|8\n|\n|t:|1681838552\n|-curestatus|p1a: Corviknight|slp|[msg]\n|move|p1a: Corviknight|Brave Bird|p2b: Amoonguss\n|-supereffective|p2b: Amoonguss\n|-damage|p2b: Amoonguss|0 fnt\n|-damage|p1a: Corviknight|84\/100|[from] item: Rocky Helmet|[of] p2b: Amoonguss\n|faint|p2b: Amoonguss\n|-damage|p1a: Corviknight|69\/100|[from] Recoil\n|move|p2a: Iron Hands|Wild Charge|p1a: Corviknight\n|-supereffective|p1a: Corviknight\n|-damage|p1a: Corviknight|36\/100\n|-damage|p2a: Iron Hands|94\/100|[from] Recoil\n|\n|-weather|Snow|[upkeep]\n|-heal|p1a: Corviknight|41\/100|[from] item: Leftovers\n|-sideend|p1: Kuriboh448|move: Aurora Veil\n|upkeep\n|turn|9\n|\n|t:|1681838572\n|move|p1a: Corviknight|Brave Bird|p2a: Iron Hands\n|-damage|p2a: Iron Hands|56\/100\n|-damage|p1a: Corviknight|26\/100|[from] Recoil\n|move|p2a: Iron Hands|Wild Charge|p1a: Corviknight\n|-supereffective|p1a: Corviknight\n|-damage|p1a: Corviknight|0 fnt\n|faint|p1a: Corviknight\n|-damage|p2a: Iron Hands|50\/100|[from] Recoil\n|\n|win|nik993\n|raw|Kuriboh448's rating: 1342 → 1323<\/strong> (-19 for losing)\n|raw|nik993's rating: 1359 → 1378<\/strong> (+19 for winning)\n|l|\u203dKuriboh448\n","uploadtime":1681838587,"views":13,"p1id":"kuriboh448","p2id":"nik993","formatid":"gen9vgc2023regulationc","rating":1323,"private":0,"password":""}