{"id":"gen9vgc2023regulationc-1852417088","p1":"anshar_training","p2":"Tronplex","format":"[Gen 9] VGC 2023 Regulation C","log":"|j|\u2606anshar_training\n|j|\u2606Tronplex\n|t:|1682555023\n|gametype|doubles\n|player|p1|anshar_training|colress|1096\n|player|p2|Tronplex|1|1171\n|teamsize|p1|6\n|teamsize|p2|6\n|gen|9\n|tier|[Gen 9] VGC 2023 Regulation C\n|rated|\n|rule|Species Clause: Limit one of each Pok\u00e9mon\n|rule|Item Clause: Limit one of each item\n|clearpoke\n|poke|p1|Palafin, L50, F|\n|poke|p1|Flutter Mane, L50|\n|poke|p1|Arcanine, L50, M|\n|poke|p1|Amoonguss, L50, F|\n|poke|p1|Ting-Lu, L50|\n|poke|p1|Roaring Moon, L50|\n|poke|p2|Chi-Yu, L50|\n|poke|p2|Magnezone, L50|\n|poke|p2|Gyarados, L50, M|\n|poke|p2|Hydreigon, L50, F|\n|poke|p2|Great Tusk, L50|\n|poke|p2|Iron Bundle, L50|\n|teampreview|4\n|inactive|Battle timer is ON: inactive players will automatically lose when time's up. (requested by anshar_training)\n|\n|t:|1682555073\n|start\n|switch|p1a: Cornelia|Flutter Mane, L50|100\/100\n|switch|p1b: Susy|Amoonguss, L50, F|100\/100\n|switch|p2a: Gyarados|Gyarados, L50, M|100\/100\n|switch|p2b: Magnezone|Magnezone, L50|100\/100\n|-ability|p2a: Gyarados|Intimidate|boost\n|-unboost|p1a: Cornelia|atk|1\n|-unboost|p1b: Susy|atk|1\n|turn|1\n|inactive|Tronplex has 30 seconds left.\n|\n|t:|1682555099\n|-terastallize|p2a: Gyarados|Flying\n|move|p1b: Susy|Rage Powder|p1b: Susy\n|-singleturn|p1b: Susy|move: Rage Powder\n|move|p1a: Cornelia|Thunderbolt|p2a: Gyarados\n|-supereffective|p2a: Gyarados\n|-damage|p2a: Gyarados|21\/100\n|move|p2a: Gyarados|Tera Blast|p1b: Susy\n|-supereffective|p1b: Susy\n|-damage|p1b: Susy|11\/100\n|-enditem|p1b: Susy|Sitrus Berry|[eat]\n|-heal|p1b: Susy|36\/100|[from] item: Sitrus Berry\n|move|p2b: Magnezone|Flash Cannon|p1b: Susy\n|-damage|p1b: Susy|0 fnt\n|faint|p1b: Susy\n|\n|upkeep\n|\n|t:|1682555113\n|switch|p1b: PlusUltra|Palafin, L50, F|100\/100\n|turn|2\n|\n|t:|1682555131\n|-end|p1a: Cornelia|Protosynthesis|[silent]\n|switch|p1a: Good Soup|Ting-Lu, L50|100\/100\n|-ability|p1a: Good Soup|Vessel of Ruin\n|move|p1b: PlusUltra|Protect|p1b: PlusUltra\n|-singleturn|p1b: PlusUltra|Protect\n|move|p2a: Gyarados|Thunder Wave|p1b: PlusUltra\n|-activate|p1b: PlusUltra|move: Protect\n|move|p2b: Magnezone|Flash Cannon|p1a: Good Soup\n|-damage|p1a: Good Soup|83\/100\n|\n|upkeep\n|turn|3\n|inactive|anshar_training has 30 seconds left.\n|inactive|Tronplex has 30 seconds left.\n|inactive|anshar_training has 20 seconds left.\n|\n|t:|1682555168\n|detailschange|p1b: PlusUltra|Palafin-Hero, L50, F\n|switch|p1b: Cornelia|Flutter Mane, L50|100\/100\n|move|p2a: Gyarados|Waterfall|p1a: Good Soup\n|-supereffective|p1a: Good Soup\n|-crit|p1a: Good Soup\n|-damage|p1a: Good Soup|14\/100\n|move|p2b: Magnezone|Flash Cannon|p1b: Cornelia\n|-supereffective|p1b: Cornelia\n|-damage|p1b: Cornelia|20\/100\n|move|p1a: Good Soup|Stomping Tantrum|p2b: Magnezone\n|-supereffective|p2b: Magnezone\n|-ability|p2b: Magnezone|Sturdy\n|-damage|p2b: Magnezone|1\/100\n|\n|upkeep\n|turn|4\n|inactive|Tronplex has 30 seconds left.\n|\n|t:|1682555198\n|switch|p1a: PlusUltra|Palafin-Hero, L50, F|100\/100\n|-activate|p1a: PlusUltra|ability: Zero to Hero\n|-terastallize|p1b: Cornelia|Fairy\n|move|p1b: Cornelia|Dazzling Gleam|p2a: Gyarados|[spread] p2a,p2b\n|-resisted|p2b: Magnezone\n|-damage|p2a: Gyarados|0 fnt\n|-damage|p2b: Magnezone|0 fnt\n|faint|p2a: Gyarados\n|faint|p2b: Magnezone\n|\n|upkeep\n|\n|t:|1682555210\n|switch|p2a: Iron Bundle|Iron Bundle, L50|100\/100\n|switch|p2b: Great Tusk|Great Tusk, L50|100\/100\n|-enditem|p2a: Iron Bundle|Booster Energy\n|-activate|p2a: Iron Bundle|ability: Quark Drive|[fromitem]\n|-start|p2a: Iron Bundle|quarkdrivespe\n|turn|5\n|inactive|Tronplex has 30 seconds left.\n|inactive|Tronplex has 20 seconds left.\n|inactive|Tronplex has 15 seconds left.\n|inactive|Tronplex has 10 seconds left.\n|inactive|Tronplex has 5 seconds left.\n|\n|t:|1682555261\n|move|p2b: Great Tusk|Protect|p2b: Great Tusk\n|-singleturn|p2b: Great Tusk|Protect\n|move|p2a: Iron Bundle|Freeze-Dry|p1b: Cornelia\n|-crit|p1b: Cornelia\n|-damage|p1b: Cornelia|0 fnt\n|faint|p1b: Cornelia\n|-end|p1b: Cornelia|Protosynthesis|[silent]\n|move|p1a: PlusUltra|Wave Crash|p2b: Great Tusk\n|-activate|p2b: Great Tusk|move: Protect\n|\n|upkeep\n|\n|t:|1682555269\n|switch|p1b: Good Soup|Ting-Lu, L50|14\/100\n|-ability|p1b: Good Soup|Vessel of Ruin\n|turn|6\n|\n|t:|1682555287\n|move|p2a: Iron Bundle|Freeze-Dry|p1a: PlusUltra\n|-supereffective|p1a: PlusUltra\n|-damage|p1a: PlusUltra|52\/100\n|move|p2b: Great Tusk|Close Combat|p1b: Good Soup\n|-supereffective|p1b: Good Soup\n|-damage|p1b: Good Soup|0 fnt\n|-unboost|p2b: Great Tusk|def|1\n|-unboost|p2b: Great Tusk|spd|1\n|faint|p1b: Good Soup\n|move|p1a: PlusUltra|Wave Crash|p2b: Great Tusk\n|-supereffective|p2b: Great Tusk\n|-damage|p2b: Great Tusk|0 fnt\n|faint|p2b: Great Tusk\n|-end|p2b: Great Tusk|Protosynthesis|[silent]\n|-damage|p1a: PlusUltra|21\/100|[from] Recoil\n|\n|upkeep\n|turn|7\n|\n|t:|1682555302\n|move|p1a: PlusUltra|Protect|p1a: PlusUltra\n|-singleturn|p1a: PlusUltra|Protect\n|move|p2a: Iron Bundle|Freeze-Dry|p1a: PlusUltra\n|-activate|p1a: PlusUltra|move: Protect\n|\n|upkeep\n|turn|8\n|\n|t:|1682555309\n|move|p1a: PlusUltra|Jet Punch|p2a: Iron Bundle\n|-resisted|p2a: Iron Bundle\n|-damage|p2a: Iron Bundle|73\/100\n|move|p2a: Iron Bundle|Freeze-Dry|p1a: PlusUltra\n|-supereffective|p1a: PlusUltra\n|-damage|p1a: PlusUltra|0 fnt\n|faint|p1a: PlusUltra\n|\n|win|Tronplex\n|raw|anshar_training's rating: 1096 → 1077<\/strong> (-19 for losing)\n|raw|Tronplex's rating: 1171 → 1191<\/strong> (+20 for winning)\n","uploadtime":1682555316,"views":14,"p1id":"anshartraining","p2id":"tronplex","formatid":"gen9vgc2023regulationc","rating":1077,"private":0,"password":""}