{"id":"gen9vgc2023regulationc-1850832123","p1":"temerence","p2":"doedel1104","format":"[Gen 9] VGC 2023 Regulation C","log":"|j|\u2606temerence\n|j|\u2606doedel1104\n|t:|1682372259\n|gametype|doubles\n|player|p1|temerence|hilbert|1053\n|player|p2|doedel1104|2|1059\n|teamsize|p1|6\n|teamsize|p2|6\n|gen|9\n|tier|[Gen 9] VGC 2023 Regulation C\n|rated|\n|rule|Species Clause: Limit one of each Pok\u00e9mon\n|rule|Item Clause: Limit one of each item\n|clearpoke\n|poke|p1|Flutter Mane, L50|\n|poke|p1|Amoonguss, L50, F|\n|poke|p1|Palafin, L50, M|\n|poke|p1|Chien-Pao, L50|\n|poke|p1|Arcanine, L50, M|\n|poke|p1|Dragapult, L50, M|\n|poke|p2|Indeedee-F, L50, F|\n|poke|p2|Armarouge, L50, F|\n|poke|p2|Torkoal, L50, M|\n|poke|p2|Hatterene, L50, F|\n|poke|p2|Kingambit, L50, M|\n|poke|p2|Annihilape, L50, M|\n|teampreview|4\n|inactive|Battle timer is ON: inactive players will automatically lose when time's up. (requested by temerence)\ntemerence has agreed to open team sheets.\ndoedel1104 rejected open team sheets.\n|c|\u2606doedel1104|Gl hf\n|c|\u2606temerence|gl hf\n|\n|t:|1682372292\n|start\n|switch|p1a: Amoonguss|Amoonguss, L50, F|100\/100\n|switch|p1b: Palafin|Palafin, L50, M|100\/100\n|switch|p2a: Indeedee|Indeedee-F, L50, F|100\/100\n|switch|p2b: Annihilape|Annihilape, L50, M|100\/100\n|-fieldstart|move: Psychic Terrain|[from] ability: Psychic Surge|[of] p2a: Indeedee\n|-enditem|p2a: Indeedee|Psychic Seed\n|-boost|p2a: Indeedee|spd|1|[from] item: Psychic Seed\n|turn|1\n|inactive|temerence has 30 seconds left.\n|inactive|doedel1104 has 30 seconds left.\n|inactive|doedel1104 has 20 seconds left.\n|\n|t:|1682372332\n|-terastallize|p1b: Palafin|Water\n|-terastallize|p2a: Indeedee|Grass\n|move|p2b: Annihilape|Final Gambit|p1b: Palafin\n|-damage|p1b: Palafin|0 fnt\n|faint|p2b: Annihilape\n|faint|p1b: Palafin\n|move|p1a: Amoonguss|Spore|p2a: Indeedee\n|-immune|p2a: Indeedee\n|move|p2a: Indeedee|Trick Room|p2a: Indeedee\n|-fieldstart|move: Trick Room|[of] p2a: Indeedee\n|\n|upkeep\n|\n|t:|1682372347\n|switch|p1b: Dragapult|Dragapult, L50, M|100\/100\n|switch|p2b: Torkoal|Torkoal, L50, M|100\/100\n|-weather|SunnyDay|[from] ability: Drought|[of] p2b: Torkoal\n|turn|2\n|\n|t:|1682372368\n|move|p2a: Indeedee|Helping Hand|p2b: Torkoal\n|-singleturn|p2b: Torkoal|Helping Hand|[of] p2a: Indeedee\n|move|p2b: Torkoal|Eruption|p1a: Amoonguss|[spread] p1a,p1b\n|-supereffective|p1a: Amoonguss\n|-resisted|p1b: Dragapult\n|-damage|p1a: Amoonguss|0 fnt\n|-damage|p1b: Dragapult|12\/100\n|faint|p1a: Amoonguss\n|move|p1b: Dragapult|Dragon Darts|p2b: Torkoal\n|-damage|p2b: Torkoal|71\/100\n|-anim|p1b: Dragapult|Dragon Darts|p2a: Indeedee\n|-damage|p2a: Indeedee|67\/100\n|\n|-weather|SunnyDay|[upkeep]\n|upkeep\n|\n|t:|1682372380\n|switch|p1a: Flutter Mane|Flutter Mane, L50|100\/100\n|-activate|p1a: Flutter Mane|ability: Protosynthesis\n|-start|p1a: Flutter Mane|protosynthesisspe\n|turn|3\n|\n|t:|1682372401\n|move|p2a: Indeedee|Helping Hand|p2b: Torkoal\n|-singleturn|p2b: Torkoal|Helping Hand|[of] p2a: Indeedee\n|move|p2b: Torkoal|Eruption|p1a: Flutter Mane|[spread] p1a,p1b\n|-resisted|p1b: Dragapult\n|-damage|p1a: Flutter Mane|12\/100\n|-damage|p1b: Dragapult|0 fnt\n|faint|p1b: Dragapult\n|move|p1a: Flutter Mane|Shadow Ball|p2b: Torkoal\n|-damage|p2b: Torkoal|11\/100\n|-unboost|p2b: Torkoal|spd|1\n|\n|-weather|SunnyDay|[upkeep]\n|upkeep\n|turn|4\n|c|\u2606doedel1104|Gg\n|\n|t:|1682372422\n|move|p2a: Indeedee|Helping Hand|p2b: Torkoal\n|-singleturn|p2b: Torkoal|Helping Hand|[of] p2a: Indeedee\n|move|p1a: Flutter Mane|Protect|p1a: Flutter Mane\n|-singleturn|p1a: Flutter Mane|Protect\n|move|p2b: Torkoal|Eruption|p1a: Flutter Mane\n|-activate|p1a: Flutter Mane|move: Protect\n|\n|-weather|SunnyDay|[upkeep]\n|upkeep\n|turn|5\n|\n|t:|1682372441\n|move|p2b: Torkoal|Flamethrower|p1a: Flutter Mane\n|-damage|p1a: Flutter Mane|0 fnt\n|faint|p1a: Flutter Mane\n|-end|p1a: Flutter Mane|Protosynthesis|[silent]\n|\n|win|doedel1104\n|raw|temerence's rating: 1053 → 1035<\/strong> (-18 for losing)\n|raw|doedel1104's rating: 1059 → 1090<\/strong> (+31 for winning)\n|c|\u2606temerence|gg\n","uploadtime":1682372448,"views":17,"p1id":"temerence","p2id":"doedel1104","formatid":"gen9vgc2023regulationc","rating":1035,"private":0,"password":""}