{"id":"gen9vgc2023regulationc-1858159963","p1":"hegoi6","p2":"SeydouVGC","format":"[Gen 9] VGC 2023 Regulation C","log":"|j|\u2606hegoi6\n|j|\u2606SeydouVGC\n|t:|1683285186\n|gametype|doubles\n|player|p1|hegoi6|2|1043\n|player|p2|SeydouVGC|flint|1062\n|teamsize|p1|6\n|teamsize|p2|6\n|gen|9\n|tier|[Gen 9] VGC 2023 Regulation C\n|rated|\n|rule|Species Clause: Limit one of each Pok\u00e9mon\n|rule|Item Clause: Limit one of each item\n|clearpoke\n|poke|p1|Flutter Mane, L50|\n|poke|p1|Kingambit, L50, F|\n|poke|p1|Iron Bundle, L50|\n|poke|p1|Arcanine, L50, M|\n|poke|p1|Great Tusk, L50|\n|poke|p1|Corviknight, L50, M|\n|poke|p2|Ting-Lu, L50|\n|poke|p2|Amoonguss, L50, M|\n|poke|p2|Arcanine, L50, M|\n|poke|p2|Roaring Moon, L50|\n|poke|p2|Garganacl, L50, F|\n|poke|p2|Iron Bundle, L50|\n|teampreview|4\n|inactive|Battle timer is ON: inactive players will automatically lose when time's up. (requested by hegoi6)\n|\n|t:|1683285258\n|start\n|switch|p1a: Santiago|Flutter Mane, L50|100\/100\n|switch|p1b: Boyle|Iron Bundle, L50|100\/100\n|switch|p2a: Garganacl|Garganacl, L50, F|100\/100\n|switch|p2b: Ting-Lu|Ting-Lu, L50|100\/100\n|-ability|p2b: Ting-Lu|Vessel of Ruin\n|-enditem|p1b: Boyle|Booster Energy\n|-activate|p1b: Boyle|ability: Quark Drive|[fromitem]\n|-start|p1b: Boyle|quarkdrivespe\n|turn|1\n|inactive|hegoi6 has 30 seconds left.\n|inactive|SeydouVGC has 30 seconds left.\n|inactive|SeydouVGC has 20 seconds left.\n|inactive|SeydouVGC has 15 seconds left.\n|inactive|SeydouVGC has 10 seconds left.\n|\n|t:|1683285304\n|-terastallize|p2b: Ting-Lu|Poison\n|move|p2a: Garganacl|Protect|p2a: Garganacl\n|-singleturn|p2a: Garganacl|Protect\n|move|p1b: Boyle|Hydro Pump|p2a: Garganacl\n|-activate|p2a: Garganacl|move: Protect\n|move|p1a: Santiago|Dazzling Gleam|p2a: Garganacl|[spread] p2b\n|-activate|p2a: Garganacl|move: Protect\n|-resisted|p2b: Ting-Lu\n|-damage|p2b: Ting-Lu|92\/100\n|move|p2b: Ting-Lu|Heavy Slam|p1a: Santiago\n|-supereffective|p1a: Santiago\n|-damage|p1a: Santiago|0 fnt\n|faint|p1a: Santiago\n|-end|p1a: Santiago|Protosynthesis|[silent]\n|\n|upkeep\n|\n|t:|1683285324\n|switch|p1a: Peralta|Kingambit, L50, F, shiny|100\/100\n|turn|2\n|\n|t:|1683285347\n|switch|p2a: Amoonguss|Amoonguss, L50, M, shiny|100\/100\n|move|p1b: Boyle|Icy Wind|p2a: Amoonguss|[spread] p2a,p2b\n|-supereffective|p2a: Amoonguss\n|-damage|p2a: Amoonguss|73\/100\n|-damage|p2b: Ting-Lu|84\/100\n|-unboost|p2a: Amoonguss|spe|1\n|-unboost|p2b: Ting-Lu|spe|1\n|move|p1a: Peralta|Iron Head|p2a: Amoonguss\n|-damage|p2a: Amoonguss|39\/100\n|-enditem|p2a: Amoonguss|Sitrus Berry|[eat]\n|-heal|p2a: Amoonguss|64\/100|[from] item: Sitrus Berry\n|move|p2b: Ting-Lu|Heavy Slam|p1b: Boyle\n|-damage|p1b: Boyle|54\/100\n|\n|upkeep\n|turn|3\n|inactive|hegoi6 has 30 seconds left.\n|inactive|SeydouVGC has 30 seconds left.\n|inactive|hegoi6 has 20 seconds left.\n|inactive|SeydouVGC has 20 seconds left.\n|inactive|SeydouVGC has 15 seconds left.\n|inactive|SeydouVGC has 10 seconds left.\n|\n|t:|1683285394\n|move|p2a: Amoonguss|Protect|p2a: Amoonguss\n|-singleturn|p2a: Amoonguss|Protect\n|move|p1b: Boyle|Freeze-Dry|p2a: Amoonguss\n|-activate|p2a: Amoonguss|move: Protect\n|move|p1a: Peralta|Assurance|p2a: Amoonguss\n|-activate|p2a: Amoonguss|move: Protect\n|move|p2b: Ting-Lu|Stomping Tantrum|p1a: Peralta\n|-supereffective|p1a: Peralta\n|-damage|p1a: Peralta|44\/100\n|\n|upkeep\n|turn|4\n|inactive|SeydouVGC has 30 seconds left.\n|\n|t:|1683285422\n|switch|p1a: Captain Holt|Corviknight, L50, M, shiny|100\/100\n|switch|p2a: Iron Bundle|Iron Bundle, L50, shiny|100\/100\n|move|p1b: Boyle|Hydro Pump|p2a: Iron Bundle\n|-resisted|p2a: Iron Bundle\n|-crit|p2a: Iron Bundle\n|-damage|p2a: Iron Bundle|38\/100\n|move|p2b: Ting-Lu|Stomping Tantrum|p1a: Captain Holt\n|-immune|p1a: Captain Holt\n|\n|upkeep\n|turn|5\n|inactive|hegoi6 has 30 seconds left.\n|inactive|hegoi6 has 20 seconds left.\n|inactive|hegoi6 has 15 seconds left.\n|\n|t:|1683285464\n|-end|p2a: Iron Bundle|Quark Drive|[silent]\n|switch|p2a: Amoonguss|Amoonguss, L50, M, shiny|97\/100\n|move|p1b: Boyle|Hydro Pump|p2a: Amoonguss\n|-resisted|p2a: Amoonguss\n|-damage|p2a: Amoonguss|79\/100\n|move|p1a: Captain Holt|Bulk Up|p1a: Captain Holt\n|-boost|p1a: Captain Holt|atk|1\n|-boost|p1a: Captain Holt|def|1\n|move|p2b: Ting-Lu|Heavy Slam|p1b: Boyle\n|-damage|p1b: Boyle|8\/100\n|\n|upkeep\n|turn|6\n|\n|t:|1683285487\n|move|p1b: Boyle|Protect|p1b: Boyle\n|-singleturn|p1b: Boyle|Protect\n|move|p2a: Amoonguss|Protect|p2a: Amoonguss\n|-singleturn|p2a: Amoonguss|Protect\n|move|p1a: Captain Holt|Bulk Up|p1a: Captain Holt\n|-boost|p1a: Captain Holt|atk|1\n|-boost|p1a: Captain Holt|def|1\n|move|p2b: Ting-Lu|Ruination|p1a: Captain Holt\n|-damage|p1a: Captain Holt|50\/100\n|\n|upkeep\n|turn|7\n|inactive|hegoi6 has 30 seconds left.\n|\n|t:|1683285515\n|move|p2a: Amoonguss|Rage Powder|p2a: Amoonguss\n|-singleturn|p2a: Amoonguss|move: Rage Powder\n|move|p1b: Boyle|Freeze-Dry|p2a: Amoonguss\n|-supereffective|p2a: Amoonguss\n|-damage|p2a: Amoonguss|35\/100\n|move|p1a: Captain Holt|Roost|p1a: Captain Holt\n|-heal|p1a: Captain Holt|100\/100\n|-singleturn|p1a: Captain Holt|move: Roost\n|move|p2b: Ting-Lu|Heavy Slam|p1b: Boyle\n|-damage|p1b: Boyle|0 fnt\n|faint|p1b: Boyle\n|-end|p1b: Boyle|Quark Drive|[silent]\n|\n|upkeep\n|\n|t:|1683285529\n|switch|p1b: Peralta|Kingambit, L50, F, shiny|44\/100\n|turn|8\n|\n|t:|1683285545\n|move|p2a: Amoonguss|Protect|p2a: Amoonguss\n|-singleturn|p2a: Amoonguss|Protect\n|move|p1b: Peralta|Sucker Punch|p2b: Ting-Lu\n|-damage|p2b: Ting-Lu|60\/100\n|move|p1a: Captain Holt|Brave Bird|p2a: Amoonguss\n|-activate|p2a: Amoonguss|move: Protect\n|move|p2b: Ting-Lu|Stomping Tantrum|p1a: Captain Holt\n|-immune|p1a: Captain Holt\n|\n|upkeep\n|turn|9\n|inactive|SeydouVGC has 30 seconds left.\n|c|\u2606SeydouVGC|I thought ground moves connected after roost?\n|inactive|SeydouVGC has 20 seconds left.\n|\n|t:|1683285581\n|switch|p2a: Garganacl|Garganacl, L50, F|100\/100\n|move|p1a: Captain Holt|Bulk Up|p1a: Captain Holt\n|-boost|p1a: Captain Holt|atk|1\n|-boost|p1a: Captain Holt|def|1\n|move|p1b: Peralta|Iron Head|p2a: Garganacl\n|-supereffective|p2a: Garganacl\n|-damage|p2a: Garganacl|39\/100\n|move|p2b: Ting-Lu|Stomping Tantrum|p1b: Peralta\n|-supereffective|p1b: Peralta\n|-damage|p1b: Peralta|0 fnt\n|faint|p1b: Peralta\n|\n|-heal|p2a: Garganacl|44\/100|[from] item: Leftovers\n|upkeep\n|turn|10\n|\n|t:|1683285600\n|move|p2a: Garganacl|Protect|p2a: Garganacl\n|-singleturn|p2a: Garganacl|Protect\n|move|p1a: Captain Holt|Brave Bird|p2a: Garganacl\n|-activate|p2a: Garganacl|move: Protect\n|move|p2b: Ting-Lu|Ruination|p1a: Captain Holt|[miss]\n|-miss|p2b: Ting-Lu|p1a: Captain Holt\n|\n|-heal|p2a: Garganacl|50\/100|[from] item: Leftovers\n|upkeep\n|turn|11\n|\n|t:|1683285618\n|move|p1a: Captain Holt|Tailwind|p1a: Captain Holt\n|-sidestart|p1: hegoi6|move: Tailwind\n|move|p2b: Ting-Lu|Ruination|p1a: Captain Holt\n|-damage|p1a: Captain Holt|50\/100\n|move|p2a: Garganacl|Recover|p2a: Garganacl\n|-heal|p2a: Garganacl|100\/100\n|\n|upkeep\n|turn|12\n|\n|t:|1683285631\n|move|p1a: Captain Holt|Roost|p1a: Captain Holt\n|-heal|p1a: Captain Holt|100\/100\n|-singleturn|p1a: Captain Holt|move: Roost\n|move|p2b: Ting-Lu|Ruination|p1a: Captain Holt|[miss]\n|-miss|p2b: Ting-Lu|p1a: Captain Holt\n|move|p2a: Garganacl|Salt Cure|p1a: Captain Holt\n|-resisted|p1a: Captain Holt\n|-damage|p1a: Captain Holt|98\/100\n|-start|p1a: Captain Holt|Salt Cure\n|\n|-damage|p1a: Captain Holt|73\/100|[from] Salt Cure\n|upkeep\n|turn|13\n|\n|t:|1683285649\n|move|p2a: Garganacl|Protect|p2a: Garganacl\n|-singleturn|p2a: Garganacl|Protect\n|move|p1a: Captain Holt|Bulk Up|p1a: Captain Holt\n|-boost|p1a: Captain Holt|atk|1\n|-boost|p1a: Captain Holt|def|1\n|move|p2b: Ting-Lu|Ruination|p1a: Captain Holt\n|-damage|p1a: Captain Holt|37\/100\n|\n|-damage|p1a: Captain Holt|12\/100|[from] Salt Cure\n|upkeep\n|turn|14\n|\n|t:|1683285670\n|switch|p2a: Amoonguss|Amoonguss, L50, M, shiny|68\/100\n|-terastallize|p1a: Captain Holt|Dragon\n|move|p1a: Captain Holt|Roost|p1a: Captain Holt\n|-heal|p1a: Captain Holt|62\/100\n|move|p2b: Ting-Lu|Stomping Tantrum|p1a: Captain Holt\n|-damage|p1a: Captain Holt|53\/100\n|\n|-damage|p1a: Captain Holt|40\/100|[from] Salt Cure\n|-sideend|p1: hegoi6|move: Tailwind\n|upkeep\n|turn|15\n|\n|t:|1683285686\n|move|p2a: Amoonguss|Protect|p2a: Amoonguss\n|-singleturn|p2a: Amoonguss|Protect\n|move|p1a: Captain Holt|Roost|p1a: Captain Holt\n|-heal|p1a: Captain Holt|90\/100\n|move|p2b: Ting-Lu|Ruination|p1a: Captain Holt\n|-damage|p1a: Captain Holt|45\/100\n|\n|-damage|p1a: Captain Holt|33\/100|[from] Salt Cure\n|upkeep\n|turn|16\n|\n|t:|1683285701\n|move|p1a: Captain Holt|Roost|p1a: Captain Holt\n|-heal|p1a: Captain Holt|83\/100\n|move|p2b: Ting-Lu|Ruination|p1a: Captain Holt\n|-damage|p1a: Captain Holt|42\/100\n|move|p2a: Amoonguss|Spore|p1a: Captain Holt\n|-activate|p1a: Captain Holt|item: Safety Goggles|Spore\n|\n|-damage|p1a: Captain Holt|29\/100|[from] Salt Cure\n|upkeep\n|turn|17\n|\n|t:|1683285717\n|move|p1a: Captain Holt|Brave Bird|p2a: Amoonguss\n|-supereffective|p2a: Amoonguss\n|-damage|p2a: Amoonguss|0 fnt\n|faint|p2a: Amoonguss\n|-damage|p1a: Captain Holt|4\/100|[from] Recoil\n|move|p2b: Ting-Lu|Ruination|p1a: Captain Holt\n|-damage|p1a: Captain Holt|2\/100\n|\n|-damage|p1a: Captain Holt|0 fnt|[from] Salt Cure\n|faint|p1a: Captain Holt\n|\n|win|SeydouVGC\n|upkeep\n|raw|hegoi6's rating: 1043 → 1027<\/strong> (-16 for losing)\n|raw|SeydouVGC's rating: 1062 → 1091<\/strong> (+29 for winning)\n","uploadtime":1683285729,"views":15,"p1id":"hegoi6","p2id":"seydouvgc","formatid":"gen9vgc2023regulationc","rating":1027,"private":0,"password":""}