{"id":"gen9vgc2023regulationc-1846468548","p1":"wdytyaia","p2":"Ol' Sweepy","format":"[Gen 9] VGC 2023 Regulation C","log":"|j|\u2606wdytyaia\n|j|\u2606Ol' Sweepy\n|t:|1681843356\n|gametype|doubles\n|player|p1|wdytyaia|flannery|1237\n|player|p2|Ol' Sweepy|janitor|1192\n|teamsize|p1|6\n|teamsize|p2|6\n|gen|9\n|tier|[Gen 9] VGC 2023 Regulation C\n|rated|\n|rule|Species Clause: Limit one of each Pok\u00e9mon\n|rule|Item Clause: Limit one of each item\n|clearpoke\n|poke|p1|Chi-Yu, L50|\n|poke|p1|Flutter Mane, L50|\n|poke|p1|Farigiraf, L50, M|\n|poke|p1|Corviknight, L50, M|\n|poke|p1|Tauros-Paldea-Aqua, L50, M|\n|poke|p1|Amoonguss, L50, F|\n|poke|p2|Roaring Moon, L50|\n|poke|p2|Volcarona, L50, F|\n|poke|p2|Amoonguss, L50, M|\n|poke|p2|Baxcalibur, L50, F|\n|poke|p2|Scizor, L50, M|\n|poke|p2|Rotom-Wash, L50|\n|teampreview|4\nwdytyaia has agreed to open team sheets.\n|inactive|Battle timer is ON: inactive players will automatically lose when time's up. (requested by Ol' Sweepy)\nOl' Sweepy rejected open team sheets.\n|\n|t:|1681843455\n|start\n|switch|p1a: Farigiraf|Farigiraf, L50, M, shiny|100\/100\n|switch|p1b: Flutter Mane|Flutter Mane, L50|100\/100\n|switch|p2a: Roaring Moon|Roaring Moon, L50|100\/100\n|switch|p2b: Volcarona|Volcarona, L50, F|100\/100\n|-enditem|p1b: Flutter Mane|Booster Energy\n|-activate|p1b: Flutter Mane|ability: Protosynthesis|[fromitem]\n|-start|p1b: Flutter Mane|protosynthesisspe\n|-enditem|p2a: Roaring Moon|Booster Energy\n|-activate|p2a: Roaring Moon|ability: Protosynthesis|[fromitem]\n|-start|p2a: Roaring Moon|protosynthesisspe\n|turn|1\n|inactive|wdytyaia has 30 seconds left.\n|inactive|Ol' Sweepy has 30 seconds left.\n|inactive|wdytyaia has 20 seconds left.\n|inactive|wdytyaia has 15 seconds left.\n|\n|t:|1681843500\n|-terastallize|p2a: Roaring Moon|Flying\n|-terastallize|p1a: Farigiraf|Water\n|move|p1b: Flutter Mane|Substitute|p1b: Flutter Mane\n|-start|p1b: Flutter Mane|Substitute\n|-damage|p1b: Flutter Mane|76\/100\n|move|p2a: Roaring Moon|Iron Head|p1b: Flutter Mane\n|-supereffective|p1b: Flutter Mane\n|-end|p1b: Flutter Mane|Substitute\n|move|p2b: Volcarona|Quiver Dance|p2b: Volcarona\n|-boost|p2b: Volcarona|spa|1\n|-boost|p2b: Volcarona|spd|1\n|-boost|p2b: Volcarona|spe|1\n|move|p1a: Farigiraf|Trick Room|p1a: Farigiraf\n|-fieldstart|move: Trick Room|[of] p1a: Farigiraf\n|\n|upkeep\n|turn|2\n|inactive|wdytyaia has 30 seconds left.\n|inactive|Ol' Sweepy has 30 seconds left.\n|inactive|wdytyaia has 20 seconds left.\n|inactive|Ol' Sweepy has 20 seconds left.\n|inactive|wdytyaia has 15 seconds left.\n|inactive|Ol' Sweepy has 15 seconds left.\n|inactive|wdytyaia has 10 seconds left.\n|\n|t:|1681843545\n|move|p1a: Farigiraf|Hyper Voice|p2b: Volcarona|[spread] p2a,p2b\n|-damage|p2a: Roaring Moon|67\/100\n|-damage|p2b: Volcarona|76\/100\n|-enditem|p1a: Farigiraf|Throat Spray\n|-boost|p1a: Farigiraf|spa|1|[from] item: Throat Spray\n|move|p2b: Volcarona|Bug Buzz|p1a: Farigiraf\n|-damage|p1a: Farigiraf|0 fnt\n|faint|p1a: Farigiraf\n|-damage|p2b: Volcarona|66\/100|[from] item: Life Orb\n|move|p2a: Roaring Moon|Iron Head|p1b: Flutter Mane\n|-supereffective|p1b: Flutter Mane\n|-damage|p1b: Flutter Mane|0 fnt\n|faint|p1b: Flutter Mane\n|-end|p1b: Flutter Mane|Protosynthesis|[silent]\n|\n|upkeep\n|\n|t:|1681843555\n|switch|p1a: Amoonguss|Amoonguss, L50, F|100\/100\n|switch|p1b: Corviknight|Corviknight, L50, M, shiny|100\/100\n|turn|3\n|\n|t:|1681843574\n|move|p1a: Amoonguss|Spore|p2a: Roaring Moon\n|-status|p2a: Roaring Moon|slp|[from] move: Spore\n|move|p1b: Corviknight|Brave Bird|p2b: Volcarona\n|-supereffective|p2b: Volcarona\n|-damage|p2b: Volcarona|0 fnt\n|faint|p2b: Volcarona\n|-damage|p1b: Corviknight|83\/100|[from] Recoil\n|cant|p2a: Roaring Moon|slp\n|\n|upkeep\n|\n|t:|1681843591\n|switch|p2b: Rotom|Rotom-Wash, L50|100\/100\n|turn|4\n|\n|t:|1681843598\n|move|p2b: Rotom|Protect|p2b: Rotom\n|-singleturn|p2b: Rotom|Protect\n|move|p1a: Amoonguss|Rage Powder|p1a: Amoonguss\n|-singleturn|p1a: Amoonguss|move: Rage Powder\n|move|p1b: Corviknight|Brave Bird|p2a: Roaring Moon\n|-damage|p2a: Roaring Moon|19\/100 slp\n|-damage|p1b: Corviknight|69\/100|[from] Recoil\n|cant|p2a: Roaring Moon|slp\n|\n|upkeep\n|turn|5\n|\n|t:|1681843605\n|move|p1a: Amoonguss|Spore|p2b: Rotom\n|-status|p2b: Rotom|slp|[from] move: Spore\n|move|p1b: Corviknight|Brave Bird|p2a: Roaring Moon\n|-damage|p2a: Roaring Moon|0 fnt\n|faint|p2a: Roaring Moon\n|-end|p2a: Roaring Moon|Protosynthesis|[silent]\n|-damage|p1b: Corviknight|64\/100|[from] Recoil\n|cant|p2b: Rotom|slp\n|\n|-fieldend|move: Trick Room\n|upkeep\n|\n|t:|1681843611\n|switch|p2a: Baxcalibur|Baxcalibur, L50, F|100\/100\n|turn|6\n|\n|t:|1681843623\n|move|p1a: Amoonguss|Protect|p1a: Amoonguss\n|-singleturn|p1a: Amoonguss|Protect\n|move|p2a: Baxcalibur|Ice Shard|p1a: Amoonguss\n|-activate|p1a: Amoonguss|move: Protect\n|cant|p2b: Rotom|slp\n|move|p1b: Corviknight|Iron Head|p2a: Baxcalibur\n|-supereffective|p2a: Baxcalibur\n|-damage|p2a: Baxcalibur|53\/100\n|\n|upkeep\n|turn|7\n|\n|t:|1681843641\n|move|p2a: Baxcalibur|Ice Shard|p1a: Amoonguss\n|-supereffective|p1a: Amoonguss\n|-damage|p1a: Amoonguss|62\/100\n|cant|p2b: Rotom|slp\n|move|p1b: Corviknight|Iron Head|p2a: Baxcalibur\n|-supereffective|p2a: Baxcalibur\n|-damage|p2a: Baxcalibur|6\/100\n|move|p1a: Amoonguss|Spore|p2a: Baxcalibur\n|-status|p2a: Baxcalibur|slp|[from] move: Spore\n|\n|upkeep\n|turn|8\n|\n|t:|1681843657\n|move|p1a: Amoonguss|Rage Powder|p1a: Amoonguss\n|-singleturn|p1a: Amoonguss|move: Rage Powder\n|cant|p2a: Baxcalibur|slp\n|-curestatus|p2b: Rotom|slp|[msg]\n|move|p2b: Rotom|Thunderbolt|p1a: Amoonguss\n|-resisted|p1a: Amoonguss\n|-damage|p1a: Amoonguss|45\/100\n|-enditem|p1a: Amoonguss|Sitrus Berry|[eat]\n|-heal|p1a: Amoonguss|70\/100|[from] item: Sitrus Berry\n|move|p1b: Corviknight|Iron Head|p2a: Baxcalibur\n|-supereffective|p2a: Baxcalibur\n|-crit|p2a: Baxcalibur\n|-damage|p2a: Baxcalibur|0 fnt\n|faint|p2a: Baxcalibur\n|\n|upkeep\n|turn|9\n|inactive|wdytyaia has 30 seconds left.\n|inactive|wdytyaia has 20 seconds left.\n|\n|t:|1681843692\n|move|p1a: Amoonguss|Rage Powder|p1a: Amoonguss\n|-singleturn|p1a: Amoonguss|move: Rage Powder\n|move|p2b: Rotom|Hyper Voice|p1b: Corviknight|[spread] p1a,p1b\n|-resisted|p1b: Corviknight\n|-damage|p1a: Amoonguss|51\/100\n|-damage|p1b: Corviknight|56\/100\n|-enditem|p2b: Rotom|Throat Spray\n|-boost|p2b: Rotom|spa|1|[from] item: Throat Spray\n|move|p1b: Corviknight|Roost|p1b: Corviknight\n|-heal|p1b: Corviknight|100\/100\n|-singleturn|p1b: Corviknight|move: Roost\n|\n|upkeep\n|turn|10\n|\n|t:|1681843711\n|move|p2b: Rotom|Thunderbolt|p1b: Corviknight\n|-supereffective|p1b: Corviknight\n|-damage|p1b: Corviknight|11\/100\n|move|p1b: Corviknight|Tailwind|p1b: Corviknight\n|-sidestart|p1: wdytyaia|move: Tailwind\n|move|p1a: Amoonguss|Spore|p2b: Rotom\n|-status|p2b: Rotom|slp|[from] move: Spore\n|\n|upkeep\n|turn|11\n|\n|t:|1681843732\n|move|p1b: Corviknight|Roost|p1b: Corviknight\n|-heal|p1b: Corviknight|61\/100\n|-singleturn|p1b: Corviknight|move: Roost\n|cant|p2b: Rotom|slp\n|move|p1a: Amoonguss|Pollen Puff|p2b: Rotom\n|-damage|p2b: Rotom|79\/100 slp\n|\n|upkeep\n|turn|12\n|\n|t:|1681843735\n|move|p1b: Corviknight|Brave Bird|p2b: Rotom\n|-resisted|p2b: Rotom\n|-damage|p2b: Rotom|62\/100 slp\n|-damage|p1b: Corviknight|57\/100|[from] Recoil\n|-curestatus|p2b: Rotom|slp|[msg]\n|move|p2b: Rotom|Hyper Voice|p1b: Corviknight|[spread] p1a,p1b\n|-resisted|p1b: Corviknight\n|-damage|p1a: Amoonguss|25\/100\n|-damage|p1b: Corviknight|46\/100\n|move|p1a: Amoonguss|Pollen Puff|p2b: Rotom\n|-damage|p2b: Rotom|42\/100\n|\n|upkeep\n|turn|13\n|inactive|wdytyaia has 30 seconds left.\n|\n|t:|1681843769\n|move|p1b: Corviknight|Iron Head|p2b: Rotom\n|-resisted|p2b: Rotom\n|-crit|p2b: Rotom\n|-damage|p2b: Rotom|32\/100\n|cant|p2b: Rotom|flinch\n|move|p1a: Amoonguss|Spore|p2b: Rotom\n|-status|p2b: Rotom|slp|[from] move: Spore\n|\n|-sideend|p1: wdytyaia|move: Tailwind\n|upkeep\n|turn|14\n|\n|t:|1681843775\n|cant|p2b: Rotom|slp\n|move|p1b: Corviknight|Brave Bird|p2b: Rotom\n|-resisted|p2b: Rotom\n|-damage|p2b: Rotom|13\/100 slp\n|-damage|p1b: Corviknight|41\/100|[from] Recoil\n|move|p1a: Amoonguss|Pollen Puff|p2b: Rotom\n|-damage|p2b: Rotom|0 fnt\n|faint|p2b: Rotom\n|\n|win|wdytyaia\n|raw|wdytyaia's rating: 1237 → 1259<\/strong> (+22 for winning)\n|raw|Ol' Sweepy's rating: 1192 → 1170<\/strong> (-22 for losing)\n|l|\u2606Ol' Sweepy\n","uploadtime":1681843791,"views":7,"p1id":"wdytyaia","p2id":"olsweepy","formatid":"gen9vgc2023regulationc","rating":1170,"private":0,"password":""}