{"id":"gen9vgc2023regulationc-1855887684","p1":"Swissersweet","p2":"Mait27","format":"[Gen 9] VGC 2023 Regulation C","log":"|j|\u2606Swissersweet\n|j|\u2606Mait27\n|t:|1682996269\n|gametype|doubles\n|player|p1|Swissersweet|ethan|1113\n|player|p2|Mait27|102|1048\n|teamsize|p1|6\n|teamsize|p2|6\n|gen|9\n|tier|[Gen 9] VGC 2023 Regulation C\n|rated|\n|rule|Species Clause: Limit one of each Pok\u00e9mon\n|rule|Item Clause: Limit one of each item\n|clearpoke\n|poke|p1|Ting-Lu, L50|\n|poke|p1|Vivillon-Fancy, L50, F|\n|poke|p1|Iron Bundle, L50|\n|poke|p1|Abomasnow, L50, M|\n|poke|p1|Annihilape, L50, M|\n|poke|p1|Chien-Pao, L50|\n|poke|p2|Klawf, L50, F|\n|poke|p2|Grimmsnarl, L50, M|\n|poke|p2|Arcanine, L50, F|\n|poke|p2|Flutter Mane, L50|\n|poke|p2|Farigiraf, L50, F|\n|poke|p2|Wo-Chien, L50|\n|teampreview|4\n|inactive|Battle timer is ON: inactive players will automatically lose when time's up. (requested by Swissersweet)\n|\n|t:|1682996291\n|start\n|switch|p1a: Abomasnow|Abomasnow, L50, M|100\/100\n|switch|p1b: Iron Bundle|Iron Bundle, L50|100\/100\n|switch|p2a: Grimmsnarl|Grimmsnarl, L50, M|100\/100\n|switch|p2b: Klawf|Klawf, L50, F|100\/100\n|-weather|Snow|[from] ability: Snow Warning|[of] p1a: Abomasnow\n|-enditem|p1b: Iron Bundle|Booster Energy\n|-activate|p1b: Iron Bundle|ability: Quark Drive|[fromitem]\n|-start|p1b: Iron Bundle|quarkdrivespe\n|turn|1\n|\n|t:|1682996310\n|move|p2a: Grimmsnarl|Fake Out|p1b: Iron Bundle\n|-damage|p1b: Iron Bundle|92\/100\n|cant|p1b: Iron Bundle|flinch\n|move|p2b: Klawf|Swords Dance|p2b: Klawf\n|-boost|p2b: Klawf|atk|2\n|move|p1a: Abomasnow|Energy Ball|p2b: Klawf\n|-supereffective|p2b: Klawf\n|-enditem|p2b: Klawf|Focus Sash\n|-damage|p2b: Klawf|1\/100\n|-unboost|p2b: Klawf|spd|1\n|-ability|p2b: Klawf|Anger Shell|boost\n|-boost|p2b: Klawf|atk|1\n|-boost|p2b: Klawf|spa|1\n|-boost|p2b: Klawf|spe|1\n|-unboost|p2b: Klawf|def|1\n|-unboost|p2b: Klawf|spd|1\n|-damage|p1a: Abomasnow|91\/100|[from] item: Life Orb\n|\n|-weather|Snow|[upkeep]\n|upkeep\n|turn|2\n|\n|t:|1682996333\n|move|p2b: Klawf|Protect|p2b: Klawf\n|-singleturn|p2b: Klawf|Protect\n|move|p1a: Abomasnow|Ice Shard|p2b: Klawf\n|-activate|p2b: Klawf|move: Protect\n|move|p2a: Grimmsnarl|Thunder Wave|p1b: Iron Bundle\n|-status|p1b: Iron Bundle|par\n|cant|p1b: Iron Bundle|par\n|\n|-weather|Snow|[upkeep]\n|upkeep\n|turn|3\n|\n|t:|1682996351\n|switch|p2b: Arcanine|Arcanine, L50, F|100\/100\n|-ability|p2b: Arcanine|Intimidate|boost\n|-unboost|p1a: Abomasnow|atk|1\n|-unboost|p1b: Iron Bundle|atk|1\n|move|p1a: Abomasnow|Ice Shard|p2b: Arcanine\n|-resisted|p2b: Arcanine\n|-damage|p2b: Arcanine|94\/100\n|-damage|p1a: Abomasnow|81\/100|[from] item: Life Orb\n|move|p2a: Grimmsnarl|Parting Shot|p1b: Iron Bundle\n|-unboost|p1b: Iron Bundle|atk|1\n|-unboost|p1b: Iron Bundle|spa|1\n|\n|t:|1682996362\n|switch|p2a: Klawf|Klawf, L50, F|1\/100|[from] Parting Shot\n|cant|p1b: Iron Bundle|par\n|\n|-weather|Snow|[upkeep]\n|upkeep\n|turn|4\n|\n|t:|1682996385\n|move|p1a: Abomasnow|Ice Shard|p2a: Klawf\n|-damage|p2a: Klawf|0 fnt\n|faint|p2a: Klawf\n|-damage|p1a: Abomasnow|72\/100|[from] item: Life Orb\n|move|p1b: Iron Bundle|Hydro Pump|p2b: Arcanine\n|-supereffective|p2b: Arcanine\n|-damage|p2b: Arcanine|24\/100\n|-enditem|p2b: Arcanine|Figy Berry|[eat]\n|-heal|p2b: Arcanine|57\/100|[from] item: Figy Berry\n|move|p2b: Arcanine|Flare Blitz|p1a: Abomasnow\n|-supereffective|p1a: Abomasnow\n|-damage|p1a: Abomasnow|0 fnt\n|faint|p1a: Abomasnow\n|-damage|p2b: Arcanine|35\/100|[from] Recoil\n|\n|-weather|Snow|[upkeep]\n|upkeep\n|inactive|Swissersweet has 30 seconds left.\n|\n|t:|1682996410\n|switch|p2a: Grimmsnarl|Grimmsnarl, L50, M|100\/100\n|switch|p1a: Vivillon|Vivillon-Fancy, L50, F|100\/100\n|turn|5\n|\n|t:|1682996434\n|move|p2a: Grimmsnarl|Fake Out|p1a: Vivillon\n|-damage|p1a: Vivillon|79\/100\n|cant|p1a: Vivillon|flinch\n|cant|p1b: Iron Bundle|par\n|move|p2b: Arcanine|Flare Blitz|p1b: Iron Bundle\n|-damage|p1b: Iron Bundle|58\/100 par\n|-damage|p2b: Arcanine|27\/100|[from] Recoil\n|\n|-weather|none\n|upkeep\n|turn|6\n|inactive|Mait27 has 30 seconds left.\n|\n|t:|1682996461\n|move|p2a: Grimmsnarl|Thunder Wave|p1a: Vivillon\n|-status|p1a: Vivillon|par\n|move|p1b: Iron Bundle|Hydro Pump|p2b: Arcanine\n|-supereffective|p2b: Arcanine\n|-damage|p2b: Arcanine|0 fnt\n|faint|p2b: Arcanine\n|cant|p1a: Vivillon|par\n|\n|upkeep\n|\n|t:|1682996471\n|switch|p2b: Wo-Chien|Wo-Chien, L50|100\/100\n|-ability|p2b: Wo-Chien|Tablets of Ruin\n|turn|7\n|inactive|Mait27 has 30 seconds left.\n|\n|t:|1682996499\n|move|p1b: Iron Bundle|Blizzard|p2a: Grimmsnarl|[spread] p2a\n|-miss|p1b: Iron Bundle|p2b: Wo-Chien\n|-damage|p2a: Grimmsnarl|81\/100\n|move|p2b: Wo-Chien|Leech Seed|p1a: Vivillon\n|-start|p1a: Vivillon|move: Leech Seed\n|move|p2a: Grimmsnarl|Spirit Break|p1b: Iron Bundle\n|-damage|p1b: Iron Bundle|38\/100 par\n|-unboost|p1b: Iron Bundle|spa|1\n|move|p1a: Vivillon|Pollen Puff|p1b: Iron Bundle\n|-heal|p1b: Iron Bundle|88\/100 par\n|\n|-damage|p1a: Vivillon|66\/100 par|[from] Leech Seed|[of] p2b: Wo-Chien\n|upkeep\n|turn|8\n|inactive|Swissersweet has 30 seconds left.\n|inactive|Mait27 has 30 seconds left.\n|\n|t:|1682996526\n|move|p2b: Wo-Chien|Protect|p2b: Wo-Chien\n|-singleturn|p2b: Wo-Chien|Protect\n|move|p1b: Iron Bundle|Blizzard|p2b: Wo-Chien|[spread] p2a\n|-activate|p2b: Wo-Chien|move: Protect\n|-damage|p2a: Grimmsnarl|64\/100\n|-status|p2a: Grimmsnarl|frz\n|cant|p2a: Grimmsnarl|frz\n|move|p1a: Vivillon|Pollen Puff|p2b: Wo-Chien\n|-activate|p2b: Wo-Chien|move: Protect\n|\n|-damage|p1a: Vivillon|54\/100 par|[from] Leech Seed|[of] p2b: Wo-Chien\n|upkeep\n|turn|9\n|inactive|Swissersweet has 30 seconds left.\n|inactive|Mait27 has 30 seconds left.\n|\n|t:|1682996558\n|-terastallize|p2b: Wo-Chien|Dark\n|cant|p1b: Iron Bundle|par\n|move|p2b: Wo-Chien|Leech Seed|p1b: Iron Bundle\n|-start|p1b: Iron Bundle|move: Leech Seed\n|cant|p2a: Grimmsnarl|frz\n|cant|p1a: Vivillon|par\n|\n|-damage|p1b: Iron Bundle|76\/100 par|[from] Leech Seed|[of] p2b: Wo-Chien\n|-damage|p1a: Vivillon|42\/100 par|[from] Leech Seed|[of] p2b: Wo-Chien\n|upkeep\n|turn|10\n|\n|t:|1682996573\n|move|p2b: Wo-Chien|Protect|p2b: Wo-Chien\n|-singleturn|p2b: Wo-Chien|Protect\n|cant|p2a: Grimmsnarl|frz\n|move|p1b: Iron Bundle|Blizzard|p2b: Wo-Chien|[spread] p2a\n|-activate|p2b: Wo-Chien|move: Protect\n|-damage|p2a: Grimmsnarl|50\/100 frz\n|cant|p1a: Vivillon|par\n|\n|-damage|p1b: Iron Bundle|63\/100 par|[from] Leech Seed|[of] p2b: Wo-Chien\n|-damage|p1a: Vivillon|30\/100 par|[from] Leech Seed|[of] p2b: Wo-Chien\n|upkeep\n|turn|11\n|\n|t:|1682996596\n|cant|p2a: Grimmsnarl|frz\n|move|p1b: Iron Bundle|Blizzard|p2a: Grimmsnarl|[spread] p2a,p2b\n|-damage|p2a: Grimmsnarl|34\/100 frz\n|-damage|p2b: Wo-Chien|90\/100\n|move|p2b: Wo-Chien|Giga Drain|p1b: Iron Bundle\n|-supereffective|p1b: Iron Bundle\n|-damage|p1b: Iron Bundle|8\/100 par\n|-heal|p2b: Wo-Chien|100\/100|[from] drain|[of] p1b: Iron Bundle\n|cant|p1a: Vivillon|par\n|\n|-damage|p1b: Iron Bundle|0 fnt|[from] Leech Seed|[of] p2b: Wo-Chien\n|faint|p1b: Iron Bundle\n|-end|p1b: Iron Bundle|Quark Drive|[silent]\n|-damage|p1a: Vivillon|17\/100 par|[from] Leech Seed|[of] p2b: Wo-Chien\n|upkeep\n|\n|t:|1682996612\n|switch|p1b: Ting-Lu|Ting-Lu, L50|100\/100\n|-ability|p1b: Ting-Lu|Vessel of Ruin\n|turn|12\n|\n|t:|1682996621\n|-terastallize|p1b: Ting-Lu|Ground\n|-curestatus|p2a: Grimmsnarl|frz|[msg]\n|move|p2a: Grimmsnarl|Parting Shot|p1b: Ting-Lu\n|-unboost|p1b: Ting-Lu|atk|1\n|-unboost|p1b: Ting-Lu|spa|1\n|move|p2b: Wo-Chien|Leech Seed|p1b: Ting-Lu\n|-start|p1b: Ting-Lu|move: Leech Seed\n|move|p1a: Vivillon|Pollen Puff|p2b: Wo-Chien\n|-supereffective|p2b: Wo-Chien\n|-damage|p2b: Wo-Chien|68\/100\n|move|p1b: Ting-Lu|Earthquake|p2a: Grimmsnarl|[spread] p2a,p2b\n|-immune|p1a: Vivillon\n|-damage|p2a: Grimmsnarl|0 fnt\n|-damage|p2b: Wo-Chien|33\/100\n|faint|p2a: Grimmsnarl\n|\n|-heal|p2b: Wo-Chien|39\/100|[from] item: Leftovers\n|-damage|p1a: Vivillon|5\/100 par|[from] Leech Seed|[of] p2b: Wo-Chien\n|-heal|p2b: Wo-Chien|49\/100|[silent]\n|-damage|p1b: Ting-Lu|88\/100|[from] Leech Seed|[of] p2b: Wo-Chien\n|-heal|p2b: Wo-Chien|65\/100|[silent]\n|upkeep\n|turn|13\n|inactive|Swissersweet has 30 seconds left.\n|\n|t:|1682996649\n|move|p2b: Wo-Chien|Protect|p2b: Wo-Chien\n|-singleturn|p2b: Wo-Chien|Protect\n|move|p1a: Vivillon|Pollen Puff|p2b: Wo-Chien\n|-activate|p2b: Wo-Chien|move: Protect\n|move|p1b: Ting-Lu|Earthquake|p2b: Wo-Chien|[spread] \n|-activate|p2b: Wo-Chien|move: Protect\n|-immune|p1a: Vivillon\n|\n|-heal|p2b: Wo-Chien|71\/100|[from] item: Leftovers\n|-damage|p1a: Vivillon|0 fnt|[from] Leech Seed|[of] p2b: Wo-Chien\n|-heal|p2b: Wo-Chien|75\/100|[silent]\n|faint|p1a: Vivillon\n|-damage|p1b: Ting-Lu|76\/100|[from] Leech Seed|[of] p2b: Wo-Chien\n|-heal|p2b: Wo-Chien|91\/100|[silent]\n|upkeep\n|turn|14\n|\n|t:|1682996668\n|move|p2b: Wo-Chien|Giga Drain|p1b: Ting-Lu\n|-supereffective|p1b: Ting-Lu\n|-damage|p1b: Ting-Lu|42\/100\n|-heal|p2b: Wo-Chien|100\/100|[from] drain|[of] p1b: Ting-Lu\n|move|p1b: Ting-Lu|Earthquake|p2b: Wo-Chien\n|-damage|p2b: Wo-Chien|56\/100\n|\n|-heal|p2b: Wo-Chien|62\/100|[from] item: Leftovers\n|-damage|p1b: Ting-Lu|30\/100|[from] Leech Seed|[of] p2b: Wo-Chien\n|-heal|p2b: Wo-Chien|78\/100|[silent]\n|upkeep\n|turn|15\n|\n|t:|1682996681\n|move|p2b: Wo-Chien|Protect|p2b: Wo-Chien\n|-singleturn|p2b: Wo-Chien|Protect\n|move|p1b: Ting-Lu|Earthquake|p2b: Wo-Chien\n|-activate|p2b: Wo-Chien|move: Protect\n|\n|-heal|p2b: Wo-Chien|84\/100|[from] item: Leftovers\n|-damage|p1b: Ting-Lu|18\/100|[from] Leech Seed|[of] p2b: Wo-Chien\n|-heal|p2b: Wo-Chien|100\/100|[silent]\n|upkeep\n|turn|16\n|-message|Swissersweet forfeited.\n|\n|win|Mait27\n|raw|Swissersweet's rating: 1113 → 1083<\/strong> (-30 for losing)\n|raw|Mait27's rating: 1048 → 1087<\/strong> (+39 for winning)\n|l|\u2606Swissersweet\n|j|\u2606Swissersweet\n|player|p1|Swissersweet|ethan\n","uploadtime":1682996695,"views":9,"p1id":"swissersweet","p2id":"mait27","formatid":"gen9vgc2023regulationc","rating":1083,"private":0,"password":""}