{"id":"gen9vgc2023regulationc-1860782670","p1":"Pokex265","p2":"Dolanator50000","format":"[Gen 9] VGC 2023 Regulation C","log":"|j|\u2606Pokex265\n|j|\u2606Dolanator50000\n|t:|1683677322\n|gametype|doubles\n|player|p1|Pokex265|riley|1123\n|player|p2|Dolanator50000|169|1049\n|teamsize|p1|6\n|teamsize|p2|6\n|gen|9\n|tier|[Gen 9] VGC 2023 Regulation C\n|rated|\n|rule|Species Clause: Limit one of each Pok\u00e9mon\n|rule|Item Clause: Limit one of each item\n|clearpoke\n|poke|p1|Tyranitar, L50, F|\n|poke|p1|Gardevoir, L50, F|\n|poke|p1|Garganacl, L50, M|\n|poke|p1|Garchomp, L50, F|\n|poke|p1|Gastrodon, L50, F|\n|poke|p1|Flutter Mane, L50|\n|poke|p2|Gothitelle, L50, M|\n|poke|p2|Mismagius, L50, F|\n|poke|p2|Eelektross, L50, M|\n|poke|p2|Krookodile, L50, M|\n|poke|p2|Toxicroak, L50, M|\n|poke|p2|Brute Bonnet, L50|\n|teampreview|4\n|inactive|Battle timer is ON: inactive players will automatically lose when time's up. (requested by Dolanator50000)\nDolanator50000 rejected open team sheets.\n|inactive|Pokex265 has 60 seconds left.\n|inactive|Pokex265 has 30 seconds left.\n|\n|t:|1683677408\n|start\n|switch|p1a: Garganacl|Garganacl, L50, M|100\/100\n|switch|p1b: Flutter Mane|Flutter Mane, L50|100\/100\n|switch|p2a: Brute Bonnet|Brute Bonnet, L50|100\/100\n|switch|p2b: Toxicroak|Toxicroak, L50, M|100\/100\n|-enditem|p1b: Flutter Mane|Booster Energy\n|-activate|p1b: Flutter Mane|ability: Protosynthesis|[fromitem]\n|-start|p1b: Flutter Mane|protosynthesisspa\n|-enditem|p2a: Brute Bonnet|Booster Energy\n|-activate|p2a: Brute Bonnet|ability: Protosynthesis|[fromitem]\n|-start|p2a: Brute Bonnet|protosynthesisatk\n|turn|1\n|\n|t:|1683677429\n|-terastallize|p2a: Brute Bonnet|Grass\n|move|p1b: Flutter Mane|Protect|p1b: Flutter Mane\n|-singleturn|p1b: Flutter Mane|Protect\n|move|p2b: Toxicroak|Fake Out|p1a: Garganacl\n|-resisted|p1a: Garganacl\n|-damage|p1a: Garganacl|96\/100\n|cant|p1a: Garganacl|flinch\n|move|p2a: Brute Bonnet|Bullet Seed|p1b: Flutter Mane\n|-activate|p1b: Flutter Mane|move: Protect\n|\n|-heal|p1a: Garganacl|100\/100|[from] item: Leftovers\n|upkeep\n|turn|2\n|inactive|Pokex265 has 30 seconds left.\n|inactive|Pokex265 has 20 seconds left.\n|inactive|Pokex265 has 15 seconds left.\n|inactive|Pokex265 has 10 seconds left.\n|inactive|Pokex265 has 5 seconds left.\n|\n|t:|1683677480\n|-end|p1b: Flutter Mane|Protosynthesis|[silent]\n|switch|p1b: Gardevoir|Gardevoir, L50, F, shiny|100\/100\n|move|p2b: Toxicroak|Gunk Shot|p1b: Gardevoir\n|-supereffective|p1b: Gardevoir\n|-damage|p1b: Gardevoir|0 fnt\n|faint|p1b: Gardevoir\n|move|p1a: Garganacl|Salt Cure|p2a: Brute Bonnet\n|-damage|p2a: Brute Bonnet|90\/100\n|-start|p2a: Brute Bonnet|Salt Cure\n|move|p2a: Brute Bonnet|Bullet Seed|p1a: Garganacl\n|-supereffective|p1a: Garganacl\n|-damage|p1a: Garganacl|72\/100\n|-supereffective|p1a: Garganacl\n|-damage|p1a: Garganacl|43\/100\n|-hitcount|p1a: Garganacl|2\n|\n|-heal|p1a: Garganacl|48\/100|[from] item: Leftovers\n|-damage|p2a: Brute Bonnet|78\/100|[from] Salt Cure\n|upkeep\n|\n|t:|1683677500\n|switch|p1b: Garchomp|Garchomp, L50, F|100\/100\n|turn|3\n|\n|t:|1683677512\n|move|p1a: Garganacl|Protect|p1a: Garganacl\n|-singleturn|p1a: Garganacl|Protect\n|move|p1b: Garchomp|Earthquake|p2b: Toxicroak|[spread] p2a,p2b\n|-activate|p1a: Garganacl|move: Protect\n|-resisted|p2a: Brute Bonnet\n|-supereffective|p2b: Toxicroak\n|-damage|p2a: Brute Bonnet|62\/100\n|-enditem|p2b: Toxicroak|Focus Sash\n|-damage|p2b: Toxicroak|1\/100\n|-damage|p1b: Garchomp|90\/100|[from] item: Life Orb\n|move|p2b: Toxicroak|Close Combat|p1a: Garganacl\n|-activate|p1a: Garganacl|move: Protect\n|move|p2a: Brute Bonnet|Bullet Seed|p1b: Garchomp\n|-damage|p1b: Garchomp|70\/100\n|-damage|p1b: Garchomp|50\/100\n|-hitcount|p1b: Garchomp|2\n|\n|-heal|p1a: Garganacl|54\/100|[from] item: Leftovers\n|-damage|p2a: Brute Bonnet|50\/100|[from] Salt Cure\n|upkeep\n|turn|4\n|inactive|Pokex265 has 30 seconds left.\n|\n|t:|1683677542\n|switch|p1a: Flutter Mane|Flutter Mane, L50|100\/100\n|move|p1b: Garchomp|Dragon Claw|p2b: Toxicroak\n|-damage|p2b: Toxicroak|0 fnt\n|faint|p2b: Toxicroak\n|-damage|p1b: Garchomp|40\/100|[from] item: Life Orb\n|move|p2a: Brute Bonnet|Bullet Seed|p1a: Flutter Mane\n|-damage|p1a: Flutter Mane|54\/100\n|-damage|p1a: Flutter Mane|2\/100\n|-hitcount|p1a: Flutter Mane|2\n|\n|-damage|p2a: Brute Bonnet|38\/100|[from] Salt Cure\n|upkeep\n|\n|t:|1683677559\n|switch|p2b: Gothitelle|Gothitelle, L50, M|100\/100\n|turn|5\n|\n|t:|1683677576\n|move|p1a: Flutter Mane|Shadow Ball|p2b: Gothitelle\n|-supereffective|p2b: Gothitelle\n|-enditem|p2b: Gothitelle|Kasib Berry|[eat]\n|-enditem|p2b: Gothitelle|Kasib Berry|[weaken]\n|-damage|p2b: Gothitelle|63\/100\n|move|p1b: Garchomp|Dragon Claw|p2a: Brute Bonnet\n|-crit|p2a: Brute Bonnet\n|-damage|p2a: Brute Bonnet|0 fnt\n|faint|p2a: Brute Bonnet\n|-end|p2a: Brute Bonnet|Protosynthesis|[silent]\n|-damage|p1b: Garchomp|30\/100|[from] item: Life Orb\n|move|p2b: Gothitelle|Trick Room|p2b: Gothitelle\n|-fieldstart|move: Trick Room|[of] p2b: Gothitelle\n|\n|upkeep\n|\n|t:|1683677584\n|switch|p2a: Mismagius|Mismagius, L50, F|100\/100\n|turn|6\n|\n|t:|1683677607\n|move|p2b: Gothitelle|Psychic|p1a: Flutter Mane\n|-damage|p1a: Flutter Mane|0 fnt\n|faint|p1a: Flutter Mane\n|-end|p1a: Flutter Mane|Protosynthesis|[silent]\n|move|p2a: Mismagius|Hex|p1b: Garchomp\n|-damage|p1b: Garchomp|2\/100\n|move|p1b: Garchomp|Earthquake|p2a: Mismagius|[spread] p2b\n|-immune|p2a: Mismagius|[from] ability: Levitate\n|-damage|p2b: Gothitelle|19\/100\n|-damage|p1b: Garchomp|0 fnt|[from] item: Life Orb\n|faint|p1b: Garchomp\n|\n|upkeep\n|\n|t:|1683677620\n|switch|p1a: Garganacl|Garganacl, L50, M|54\/100\n|turn|7\n|\n|t:|1683677624\n|move|p1a: Garganacl|Protect|p1a: Garganacl\n|-singleturn|p1a: Garganacl|Protect\n|move|p2b: Gothitelle|Fake Tears|p1a: Garganacl\n|-activate|p1a: Garganacl|move: Protect\n|move|p2a: Mismagius|Will-O-Wisp|p1a: Garganacl\n|-activate|p1a: Garganacl|move: Protect\n|\n|-heal|p1a: Garganacl|60\/100|[from] item: Leftovers\n|upkeep\n|turn|8\n|\n|t:|1683677633\n|move|p1a: Garganacl|Salt Cure|p2b: Gothitelle\n|-damage|p2b: Gothitelle|7\/100\n|-start|p2b: Gothitelle|Salt Cure\n|move|p2b: Gothitelle|Fake Tears|p1a: Garganacl\n|-unboost|p1a: Garganacl|spd|2\n|move|p2a: Mismagius|Will-O-Wisp|p1a: Garganacl\n|-immune|p1a: Garganacl|[from] ability: Purifying Salt\n|\n|-heal|p1a: Garganacl|66\/100|[from] item: Leftovers\n|-damage|p2b: Gothitelle|0 fnt|[from] Salt Cure\n|faint|p2b: Gothitelle\n|upkeep\n|turn|9\n|\n|t:|1683677652\n|move|p1a: Garganacl|Salt Cure|p2a: Mismagius\n|-damage|p2a: Mismagius|83\/100\n|-start|p2a: Mismagius|Salt Cure\n|move|p2a: Mismagius|Hex|p1a: Garganacl\n|-damage|p1a: Garganacl|43\/100\n|\n|-heal|p1a: Garganacl|48\/100|[from] item: Leftovers\n|-damage|p2a: Mismagius|71\/100|[from] Salt Cure\n|-fieldend|move: Trick Room\n|upkeep\n|turn|10\n|\n|t:|1683677660\n|move|p2a: Mismagius|Nasty Plot|p2a: Mismagius\n|-boost|p2a: Mismagius|spa|2\n|move|p1a: Garganacl|Recover|p1a: Garganacl\n|-heal|p1a: Garganacl|99\/100\n|\n|-heal|p1a: Garganacl|100\/100|[from] item: Leftovers\n|-damage|p2a: Mismagius|59\/100|[from] Salt Cure\n|upkeep\n|turn|11\n|\n|t:|1683677664\n|move|p1a: Garganacl|Protect|p1a: Garganacl\n|-singleturn|p1a: Garganacl|Protect\n|move|p2a: Mismagius|Hex|p1a: Garganacl\n|-activate|p1a: Garganacl|move: Protect\n|\n|-damage|p2a: Mismagius|47\/100|[from] Salt Cure\n|upkeep\n|turn|12\n|\n|t:|1683677671\n|move|p2a: Mismagius|Hex|p1a: Garganacl\n|-damage|p1a: Garganacl|52\/100\n|move|p1a: Garganacl|Recover|p1a: Garganacl\n|-heal|p1a: Garganacl|100\/100\n|\n|-damage|p2a: Mismagius|35\/100|[from] Salt Cure\n|upkeep\n|turn|13\n|\n|t:|1683677679\n|move|p2a: Mismagius|Nasty Plot|p2a: Mismagius\n|-boost|p2a: Mismagius|spa|2\n|move|p1a: Garganacl|Salt Cure|p2a: Mismagius\n|-damage|p2a: Mismagius|17\/100\n|-enditem|p2a: Mismagius|Aguav Berry|[eat]\n|-heal|p2a: Mismagius|50\/100|[from] item: Aguav Berry\n|\n|-damage|p2a: Mismagius|38\/100|[from] Salt Cure\n|upkeep\n|turn|14\n|c|\u2606Pokex265|gg\n|\n|t:|1683677691\n|move|p1a: Garganacl|Protect|p1a: Garganacl\n|-singleturn|p1a: Garganacl|Protect\n|move|p2a: Mismagius|Hex|p1a: Garganacl\n|-activate|p1a: Garganacl|move: Protect\n|\n|-damage|p2a: Mismagius|26\/100|[from] Salt Cure\n|upkeep\n|turn|15\n|\n|t:|1683677698\n|move|p2a: Mismagius|Hex|p1a: Garganacl\n|-damage|p1a: Garganacl|38\/100\n|move|p1a: Garganacl|Recover|p1a: Garganacl\n|-heal|p1a: Garganacl|88\/100\n|\n|-heal|p1a: Garganacl|94\/100|[from] item: Leftovers\n|-damage|p2a: Mismagius|14\/100|[from] Salt Cure\n|upkeep\n|turn|16\n|\n|t:|1683677704\n|move|p1a: Garganacl|Protect|p1a: Garganacl\n|-singleturn|p1a: Garganacl|Protect\n|move|p2a: Mismagius|Hex|p1a: Garganacl\n|-activate|p1a: Garganacl|move: Protect\n|\n|-heal|p1a: Garganacl|99\/100|[from] item: Leftovers\n|-damage|p2a: Mismagius|2\/100|[from] Salt Cure\n|upkeep\n|turn|17\n|\n|t:|1683677714\n|move|p2a: Mismagius|Hex|p1a: Garganacl\n|-damage|p1a: Garganacl|29\/100\n|move|p1a: Garganacl|Recover|p1a: Garganacl\n|-heal|p1a: Garganacl|79\/100\n|\n|-heal|p1a: Garganacl|85\/100|[from] item: Leftovers\n|-damage|p2a: Mismagius|0 fnt|[from] Salt Cure\n|faint|p2a: Mismagius\n|\n|win|Pokex265\n|upkeep\n|raw|Pokex265's rating: 1123 → 1143<\/strong> (+20 for winning)\n|raw|Dolanator50000's rating: 1049 → 1035<\/strong> (-14 for losing)\n|l|\u2606Dolanator50000\n","uploadtime":1683677727,"views":12,"p1id":"pokex265","p2id":"dolanator50000","formatid":"gen9vgc2023regulationc","rating":1035,"private":0,"password":""}