{"id":"gen9vgc2023regulationc-1848072808","p1":"cinderacha","p2":"Charliejr98","format":"[Gen 9] VGC 2023 Regulation C","log":"|j|\u2606cinderacha\n|j|\u2606Charliejr98\n|t:|1682026604\n|gametype|doubles\n|player|p1|cinderacha|serena-masters3|1118\n|player|p2|Charliejr98|striker|1156\n|teamsize|p1|6\n|teamsize|p2|6\n|gen|9\n|tier|[Gen 9] VGC 2023 Regulation C\n|rated|\n|rule|Species Clause: Limit one of each Pok\u00e9mon\n|rule|Item Clause: Limit one of each item\n|clearpoke\n|poke|p1|Gallade, L50, M|\n|poke|p1|Gyarados, L50, M|\n|poke|p1|Flutter Mane, L50|\n|poke|p1|Ting-Lu, L50|\n|poke|p1|Amoonguss, L50, F|\n|poke|p1|Dragonite, L50, M|\n|poke|p2|Flutter Mane, L50|\n|poke|p2|Murkrow, L50, F|\n|poke|p2|Brute Bonnet, L50|\n|poke|p2|Chi-Yu, L50|\n|poke|p2|Great Tusk, L50|\n|poke|p2|Corviknight, L50, M|\n|teampreview|4\n|inactive|Battle timer is ON: inactive players will automatically lose when time's up. (requested by Charliejr98)\n|\n|t:|1682026654\n|start\n|switch|p1a: Gyarados|Gyarados, L50, M|100\/100\n|switch|p1b: Ting-Lu|Ting-Lu, L50|100\/100\n|switch|p2a: Murkrow|Murkrow, L50, F|100\/100\n|switch|p2b: Flutter Mane|Flutter Mane, L50|100\/100\n|-ability|p1a: Gyarados|Intimidate|boost\n|-unboost|p2a: Murkrow|atk|1\n|-unboost|p2b: Flutter Mane|atk|1\n|-ability|p1b: Ting-Lu|Vessel of Ruin\n|turn|1\n|inactive|cinderacha has 30 seconds left.\n|inactive|cinderacha has 20 seconds left.\n|inactive|cinderacha has 15 seconds left.\n|\n|t:|1682026695\n|-terastallize|p2b: Flutter Mane|Fairy\n|-terastallize|p1b: Ting-Lu|Steel\n|move|p1a: Gyarados|Protect|p1a: Gyarados\n|-singleturn|p1a: Gyarados|Protect\n|move|p2a: Murkrow|Tailwind|p2a: Murkrow\n|-sidestart|p2: Charliejr98|move: Tailwind\n|move|p2b: Flutter Mane|Dazzling Gleam|p1a: Gyarados|[spread] p1b\n|-activate|p1a: Gyarados|move: Protect\n|-resisted|p1b: Ting-Lu\n|-damage|p1b: Ting-Lu|81\/100\n|move|p1b: Ting-Lu|Heavy Slam|p2b: Flutter Mane\n|-supereffective|p2b: Flutter Mane\n|-damage|p2b: Flutter Mane|0 fnt\n|faint|p2b: Flutter Mane\n|-end|p2b: Flutter Mane|Protosynthesis|[silent]\n|\n|upkeep\n|\n|t:|1682026710\n|switch|p2b: Great Tusk|Great Tusk, L50|100\/100\n|turn|2\n|\n|t:|1682026724\n|switch|p1b: Dragonite|Dragonite, L50, M|100\/100\n|move|p2a: Murkrow|Sunny Day|p2a: Murkrow\n|-weather|SunnyDay\n|-activate|p2b: Great Tusk|ability: Protosynthesis\n|-start|p2b: Great Tusk|protosynthesisatk\n|move|p2b: Great Tusk|Close Combat|p1b: Dragonite\n|-resisted|p1b: Dragonite\n|-damage|p1b: Dragonite|77\/100\n|-unboost|p2b: Great Tusk|def|1\n|-unboost|p2b: Great Tusk|spd|1\n|move|p1a: Gyarados|Waterfall|p2b: Great Tusk\n|-supereffective|p2b: Great Tusk\n|-damage|p2b: Great Tusk|66\/100\n|\n|-weather|SunnyDay|[upkeep]\n|upkeep\n|turn|3\n|inactive|cinderacha has 30 seconds left.\n|inactive|cinderacha has 20 seconds left.\n|inactive|cinderacha has 15 seconds left.\n|\n|t:|1682026767\n|-end|p2b: Great Tusk|Protosynthesis|[silent]\n|switch|p2b: Brute Bonnet|Brute Bonnet, L50|100\/100\n|-activate|p2b: Brute Bonnet|ability: Protosynthesis\n|-start|p2b: Brute Bonnet|protosynthesisatk\n|move|p1b: Dragonite|Extreme Speed|p2b: Brute Bonnet\n|-damage|p2b: Brute Bonnet|76\/100\n|move|p2a: Murkrow|Foul Play|p1a: Gyarados\n|-damage|p1a: Gyarados|59\/100\n|move|p1a: Gyarados|Waterfall|p2b: Brute Bonnet\n|-resisted|p2b: Brute Bonnet\n|-damage|p2b: Brute Bonnet|69\/100\n|\n|-weather|SunnyDay|[upkeep]\n|upkeep\n|turn|4\n|\n|t:|1682026789\n|move|p2a: Murkrow|Foul Play|p1a: Gyarados\n|-damage|p1a: Gyarados|20\/100\n|move|p2b: Brute Bonnet|Spore|p1b: Dragonite\n|-status|p1b: Dragonite|slp|[from] move: Spore\n|cant|p1b: Dragonite|slp\n|move|p1a: Gyarados|Taunt|p2a: Murkrow\n|-start|p2a: Murkrow|move: Taunt\n|\n|-weather|SunnyDay|[upkeep]\n|-sideend|p2: Charliejr98|move: Tailwind\n|upkeep\n|turn|5\n|\n|t:|1682026809\n|switch|p1a: Ting-Lu|Ting-Lu, L50, tera:Steel|81\/100\n|-ability|p1a: Ting-Lu|Vessel of Ruin\n|cant|p1b: Dragonite|slp\n|move|p2a: Murkrow|Foul Play|p1a: Ting-Lu\n|-damage|p1a: Ting-Lu|54\/100\n|move|p2b: Brute Bonnet|Bullet Seed|p1b: Dragonite\n|-resisted|p1b: Dragonite\n|-damage|p1b: Dragonite|72\/100 slp\n|-resisted|p1b: Dragonite\n|-damage|p1b: Dragonite|66\/100 slp\n|-resisted|p1b: Dragonite\n|-crit|p1b: Dragonite\n|-damage|p1b: Dragonite|58\/100 slp\n|-resisted|p1b: Dragonite\n|-damage|p1b: Dragonite|52\/100 slp\n|-hitcount|p1b: Dragonite|4\n|\n|-weather|SunnyDay|[upkeep]\n|upkeep\n|turn|6\n|\n|t:|1682026831\n|cant|p1b: Dragonite|slp\n|move|p2a: Murkrow|Foul Play|p1b: Dragonite\n|-damage|p1b: Dragonite|0 fnt\n|faint|p1b: Dragonite\n|move|p2b: Brute Bonnet|Bullet Seed|p1a: Ting-Lu\n|-resisted|p1a: Ting-Lu\n|-crit|p1a: Ting-Lu\n|-damage|p1a: Ting-Lu|46\/100\n|-resisted|p1a: Ting-Lu\n|-damage|p1a: Ting-Lu|41\/100\n|-resisted|p1a: Ting-Lu\n|-damage|p1a: Ting-Lu|36\/100\n|-resisted|p1a: Ting-Lu\n|-damage|p1a: Ting-Lu|30\/100\n|-hitcount|p1a: Ting-Lu|4\n|move|p1a: Ting-Lu|Heavy Slam|p2a: Murkrow\n|-damage|p2a: Murkrow|0 fnt\n|faint|p2a: Murkrow\n|\n|-weather|none\n|-end|p2b: Brute Bonnet|Protosynthesis\n|upkeep\n|\n|t:|1682026848\n|switch|p1b: Gyarados|Gyarados, L50, M|20\/100\n|switch|p2a: Great Tusk|Great Tusk, L50|66\/100\n|-ability|p1b: Gyarados|Intimidate|boost\n|-unboost|p2a: Great Tusk|atk|1\n|-unboost|p2b: Brute Bonnet|atk|1\n|turn|7\n|\n|t:|1682026871\n|move|p2b: Brute Bonnet|Sucker Punch||[still]\n|-fail|p2b: Brute Bonnet\n|move|p2a: Great Tusk|Close Combat|p1a: Ting-Lu\n|-supereffective|p1a: Ting-Lu\n|-damage|p1a: Ting-Lu|0 fnt\n|-unboost|p2a: Great Tusk|def|1\n|-unboost|p2a: Great Tusk|spd|1\n|faint|p1a: Ting-Lu\n|move|p1b: Gyarados|Taunt|p2b: Brute Bonnet\n|-start|p2b: Brute Bonnet|move: Taunt\n|\n|upkeep\n|\n|t:|1682026876\n|switch|p1a: Flutter Mane|Flutter Mane, L50|100\/100\n|-enditem|p1a: Flutter Mane|Booster Energy\n|-activate|p1a: Flutter Mane|ability: Protosynthesis|[fromitem]\n|-start|p1a: Flutter Mane|protosynthesisspa\n|turn|8\n|\n|t:|1682026894\n|move|p2b: Brute Bonnet|Sucker Punch|p1a: Flutter Mane\n|-damage|p1a: Flutter Mane|46\/100\n|move|p2a: Great Tusk|Close Combat|p1b: Gyarados\n|-resisted|p1b: Gyarados\n|-damage|p1b: Gyarados|0 fnt\n|-unboost|p2a: Great Tusk|def|1\n|-unboost|p2a: Great Tusk|spd|1\n|faint|p1b: Gyarados\n|move|p1a: Flutter Mane|Dazzling Gleam|p2a: Great Tusk|[spread] p2a,p2b\n|-supereffective|p2a: Great Tusk\n|-supereffective|p2b: Brute Bonnet\n|-crit|p2b: Brute Bonnet\n|-damage|p2a: Great Tusk|0 fnt\n|-damage|p2b: Brute Bonnet|0 fnt\n|faint|p2a: Great Tusk\n|-end|p2a: Great Tusk|Protosynthesis|[silent]\n|faint|p2b: Brute Bonnet\n|-end|p2b: Brute Bonnet|Protosynthesis|[silent]\n|\n|win|cinderacha\n|raw|cinderacha's rating: 1118 → 1146<\/strong> (+28 for winning)\n|raw|Charliejr98's rating: 1156 → 1128<\/strong> (-28 for losing)\n|l|\u2606Charliejr98\n","uploadtime":1682026910,"views":6,"p1id":"cinderacha","p2id":"charliejr98","formatid":"gen9vgc2023regulationc","rating":1128,"private":0,"password":""}