{"id":"gen9vgc2023regulationc-1855544534","p1":"WillieDangerously","p2":"JaiFain","format":"[Gen 9] VGC 2023 Regulation C","log":"|j|\u2606WillieDangerously\n|j|\u2606JaiFain\n|t:|1682960757\n|gametype|doubles\n|player|p1|WillieDangerously|psychic-gen4|1331\n|player|p2|JaiFain|camper|1434\n|teamsize|p1|6\n|teamsize|p2|6\n|gen|9\n|tier|[Gen 9] VGC 2023 Regulation C\n|rated|\n|rule|Species Clause: Limit one of each Pok\u00e9mon\n|rule|Item Clause: Limit one of each item\n|clearpoke\n|poke|p1|Espathra, L50, M|\n|poke|p1|Iron Bundle, L50|\n|poke|p1|Iron Valiant, L50|\n|poke|p1|Salamence, L50, F|\n|poke|p1|Scizor, L50, F|\n|poke|p1|Sandy Shocks, L50|\n|poke|p2|Pawmot, L50, M|\n|poke|p2|Chi-Yu, L50|\n|poke|p2|Dondozo, L50, F|\n|poke|p2|Tatsugiri-Stretchy, L50, F|\n|poke|p2|Flutter Mane, L50|\n|poke|p2|Gyarados, L50, M|\n|teampreview|4\n|\n|t:|1682960798\n|start\n|switch|p1a: Sandy Shocks|Sandy Shocks, L50|100\/100\n|switch|p1b: Iron Valiant|Iron Valiant, L50|100\/100\n|switch|p2a: Chi-Yu|Chi-Yu, L50|100\/100\n|switch|p2b: The Other Mati|Flutter Mane, L50|100\/100\n|-ability|p2a: Chi-Yu|Beads of Ruin\n|-enditem|p2b: The Other Mati|Booster Energy\n|-activate|p2b: The Other Mati|ability: Protosynthesis|[fromitem]\n|-start|p2b: The Other Mati|protosynthesisspe\n|-enditem|p1a: Sandy Shocks|Booster Energy\n|-activate|p1a: Sandy Shocks|ability: Protosynthesis|[fromitem]\n|-start|p1a: Sandy Shocks|protosynthesisspe\n|turn|1\n|\n|t:|1682960854\n|move|p2b: The Other Mati|Icy Wind|p1a: Sandy Shocks|[spread] p1a,p1b\n|-supereffective|p1a: Sandy Shocks\n|-damage|p1a: Sandy Shocks|49\/100\n|-damage|p1b: Iron Valiant|64\/100\n|-unboost|p1a: Sandy Shocks|spe|1\n|-unboost|p1b: Iron Valiant|spe|1\n|move|p1a: Sandy Shocks|Gravity|p1a: Sandy Shocks\n|-fieldstart|move: Gravity\n|move|p2a: Chi-Yu|Flamethrower|p1b: Iron Valiant\n|-damage|p1b: Iron Valiant|0 fnt\n|faint|p1b: Iron Valiant\n|-end|p1b: Iron Valiant|Quark Drive|[silent]\n|\n|upkeep\n|\n|t:|1682960864\n|switch|p1b: Salamence|Salamence, L50, F|100\/100\n|turn|2\n|\n|t:|1682960874\n|-terastallize|p1b: Salamence|Rock\n|move|p2b: The Other Mati|Icy Wind|p1b: Salamence|[spread] p1a,p1b\n|-supereffective|p1a: Sandy Shocks\n|-damage|p1a: Sandy Shocks|0 fnt\n|-damage|p1b: Salamence|76\/100\n|-unboost|p1b: Salamence|spe|1\n|faint|p1a: Sandy Shocks\n|-end|p1a: Sandy Shocks|Protosynthesis|[silent]\n|move|p2a: Chi-Yu|Flamethrower|p1b: Salamence\n|-resisted|p1b: Salamence\n|-damage|p1b: Salamence|32\/100\n|move|p1b: Salamence|Iron Head|p2b: The Other Mati\n|-supereffective|p2b: The Other Mati\n|-damage|p2b: The Other Mati|0 fnt\n|faint|p2b: The Other Mati\n|-end|p2b: The Other Mati|Protosynthesis|[silent]\n|-ability|p1b: Salamence|Moxie|boost\n|-boost|p1b: Salamence|atk|1\n|\n|upkeep\n|\n|t:|1682960886\n|switch|p2b: Dondozo|Dondozo, L50, F|100\/100\n|switch|p1a: Espathra|Espathra, L50, M|100\/100\n|turn|3\n|\n|t:|1682960897\n|move|p1a: Espathra|Hypnosis|p2b: Dondozo\n|-status|p2b: Dondozo|slp|[from] move: Hypnosis\n|move|p2a: Chi-Yu|Flamethrower|p1b: Salamence\n|-resisted|p1b: Salamence\n|-damage|p1b: Salamence|0 fnt\n|faint|p1b: Salamence\n|cant|p2b: Dondozo|slp\n|\n|-ability|p1a: Espathra|Speed Boost|boost\n|-boost|p1a: Espathra|spe|1\n|upkeep\n|turn|4\n|\n|t:|1682960904\n|move|p1a: Espathra|Hypnosis|p2a: Chi-Yu\n|-status|p2a: Chi-Yu|slp|[from] move: Hypnosis\n|cant|p2a: Chi-Yu|slp\n|cant|p2b: Dondozo|slp\n|\n|-ability|p1a: Espathra|Speed Boost|boost\n|-boost|p1a: Espathra|spe|1\n|upkeep\n|turn|5\n|-message|WillieDangerously forfeited.\n|\n|win|JaiFain\n|raw|WillieDangerously's rating: 1331 → 1317<\/strong> (-14 for losing)\n|raw|JaiFain's rating: 1434 → 1448<\/strong> (+14 for winning)\n","uploadtime":1682960916,"views":21,"p1id":"williedangerously","p2id":"jaifain","formatid":"gen9vgc2023regulationc","rating":1317,"private":0,"password":""}