{"id":"gen9vgc2023regulationc-1857137142","p1":"trainer8800","p2":"Inwaves22","format":"[Gen 9] VGC 2023 Regulation C","log":"|j|\u2606trainer8800\n|j|\u2606Inwaves22\n|t:|1683149633\n|gametype|doubles\n|player|p1|trainer8800|170|1232\n|player|p2|Inwaves22|falkner|1178\n|teamsize|p1|6\n|teamsize|p2|6\n|gen|9\n|tier|[Gen 9] VGC 2023 Regulation C\n|rated|\n|rule|Species Clause: Limit one of each Pok\u00e9mon\n|rule|Item Clause: Limit one of each item\n|clearpoke\n|poke|p1|Ting-Lu, L50|\n|poke|p1|Iron Bundle, L50|\n|poke|p1|Iron Hands, L50|\n|poke|p1|Abomasnow, L50, M|\n|poke|p1|Chi-Yu, L50|\n|poke|p1|Gholdengo, L50|\n|poke|p2|Chi-Yu, L50|\n|poke|p2|Iron Hands, L50|\n|poke|p2|Flutter Mane, L50|\n|poke|p2|Gyarados, L50, F|\n|poke|p2|Ting-Lu, L50|\n|poke|p2|Amoonguss, L50, F|\n|teampreview|4\n|inactive|Battle timer is ON: inactive players will automatically lose when time's up. (requested by trainer8800)\n|inactive|trainer8800 has 60 seconds left.\n|\n|t:|1683149689\n|start\n|switch|p1a: Abomasnow|Abomasnow, L50, M, shiny|100\/100\n|switch|p1b: Iron Bundle|Iron Bundle, L50|100\/100\n|switch|p2a: Chi-Yu|Chi-Yu, L50|100\/100\n|switch|p2b: Flutter Mane|Flutter Mane, L50|100\/100\n|-ability|p2a: Chi-Yu|Beads of Ruin\n|-weather|Snow|[from] ability: Snow Warning|[of] p1a: Abomasnow\n|-enditem|p1b: Iron Bundle|Booster Energy\n|-activate|p1b: Iron Bundle|ability: Quark Drive|[fromitem]\n|-start|p1b: Iron Bundle|quarkdrivespe\n|-enditem|p2b: Flutter Mane|Booster Energy\n|-activate|p2b: Flutter Mane|ability: Protosynthesis|[fromitem]\n|-start|p2b: Flutter Mane|protosynthesisspa\n|turn|1\n|inactive|trainer8800 has 30 seconds left.\n|\n|t:|1683149723\n|-terastallize|p1a: Abomasnow|Water\n|move|p2b: Flutter Mane|Protect|p2b: Flutter Mane\n|-singleturn|p2b: Flutter Mane|Protect\n|move|p1b: Iron Bundle|Hydro Pump|p2a: Chi-Yu|[miss]\n|-miss|p1b: Iron Bundle|p2a: Chi-Yu\n|move|p2a: Chi-Yu|Heat Wave|p1b: Iron Bundle|[spread] p1a,p1b\n|-resisted|p1a: Abomasnow\n|-damage|p1a: Abomasnow|76\/100\n|-damage|p1b: Iron Bundle|6\/100\n|move|p1a: Abomasnow|Aurora Veil|p1a: Abomasnow\n|-sidestart|p1: trainer8800|move: Aurora Veil\n|\n|-weather|Snow|[upkeep]\n|upkeep\n|turn|2\n|\n|t:|1683149752\n|switch|p2a: Iron Hands|Iron Hands, L50|100\/100\n|-terastallize|p2b: Flutter Mane|Fairy\n|move|p1b: Iron Bundle|Encore|p2b: Flutter Mane\n|-start|p2b: Flutter Mane|Encore\n|move|p2b: Flutter Mane|Protect|p2b: Flutter Mane\n|-singleturn|p2b: Flutter Mane|Protect\n|move|p1a: Abomasnow|Earth Power|p2a: Iron Hands\n|-supereffective|p2a: Iron Hands\n|-damage|p2a: Iron Hands|71\/100\n|\n|-weather|Snow|[upkeep]\n|upkeep\n|turn|3\n|\n|t:|1683149768\n|-end|p1b: Iron Bundle|Quark Drive|[silent]\n|switch|p1b: Iron Hands|Iron Hands, L50|100\/100\n|-end|p2b: Flutter Mane|Protosynthesis|[silent]\n|switch|p2b: Ting-Lu|Ting-Lu, L50|100\/100\n|-ability|p2b: Ting-Lu|Vessel of Ruin\n|move|p1a: Abomasnow|Blizzard|p2a: Iron Hands|[spread] p2a,p2b\n|-supereffective|p2b: Ting-Lu\n|-damage|p2a: Iron Hands|56\/100\n|-damage|p2b: Ting-Lu|65\/100\n|move|p2a: Iron Hands|Wild Charge|p1a: Abomasnow\n|-supereffective|p1a: Abomasnow\n|-damage|p1a: Abomasnow|2\/100\n|-damage|p2a: Iron Hands|41\/100|[from] Recoil\n|\n|-weather|Snow|[upkeep]\n|upkeep\n|turn|4\n|inactive|Inwaves22 has 30 seconds left.\n|inactive|Inwaves22 has 20 seconds left.\n|inactive|Inwaves22 has 15 seconds left.\n|inactive|Inwaves22 has 10 seconds left.\n|inactive|Inwaves22 has 5 seconds left.\n|\n|t:|1683149820\n|move|p1a: Abomasnow|Blizzard|p2a: Iron Hands|[spread] p2a,p2b\n|-supereffective|p2b: Ting-Lu\n|-damage|p2a: Iron Hands|27\/100\n|-damage|p2b: Ting-Lu|27\/100\n|-status|p2a: Iron Hands|frz\n|cant|p2a: Iron Hands|frz\n|move|p1b: Iron Hands|Focus Energy|p1b: Iron Hands\n|-start|p1b: Iron Hands|move: Focus Energy\n|move|p2b: Ting-Lu|Ruination|p1b: Iron Hands\n|-damage|p1b: Iron Hands|50\/100\n|\n|-weather|Snow|[upkeep]\n|upkeep\n|turn|5\n|\n|t:|1683149839\n|-end|p2a: Iron Hands|Quark Drive|[silent]\n|switch|p2a: Flutter Mane|Flutter Mane, L50, tera:Fairy|100\/100\n|move|p1a: Abomasnow|Earth Power|p2a: Flutter Mane\n|-damage|p2a: Flutter Mane|82\/100\n|move|p1b: Iron Hands|Drain Punch|p2b: Ting-Lu\n|-supereffective|p2b: Ting-Lu\n|-crit|p2b: Ting-Lu\n|-damage|p2b: Ting-Lu|0 fnt\n|-heal|p1b: Iron Hands|63\/100|[from] drain|[of] p2b: Ting-Lu\n|faint|p2b: Ting-Lu\n|\n|-weather|none\n|upkeep\n|\n|t:|1683149851\n|switch|p2b: Iron Hands|Iron Hands, L50|27\/100 frz\n|turn|6\n|\n|t:|1683149869\n|cant|p2b: Iron Hands|frz\n|move|p2a: Flutter Mane|Dazzling Gleam|p1b: Iron Hands|[spread] p1a,p1b\n|-supereffective|p1b: Iron Hands\n|-damage|p1a: Abomasnow|0 fnt\n|-damage|p1b: Iron Hands|15\/100\n|faint|p1a: Abomasnow\n|move|p1b: Iron Hands|Earthquake|p2b: Iron Hands|[spread] p2a,p2b\n|-crit|p2a: Flutter Mane\n|-supereffective|p2b: Iron Hands\n|-crit|p2b: Iron Hands\n|-damage|p2a: Flutter Mane|19\/100\n|-damage|p2b: Iron Hands|0 fnt\n|faint|p2b: Iron Hands\n|-end|p2b: Iron Hands|Quark Drive|[silent]\n|\n|upkeep\n|\n|t:|1683149887\n|switch|p1a: Iron Bundle|Iron Bundle, L50|6\/100\n|switch|p2b: Chi-Yu|Chi-Yu, L50|100\/100\n|-ability|p2b: Chi-Yu|Beads of Ruin\n|turn|7\n|\n|t:|1683149898\n|move|p2b: Chi-Yu|Heat Wave|p1a: Iron Bundle|[spread] p1a\n|-miss|p2b: Chi-Yu|p1b: Iron Hands\n|-damage|p1a: Iron Bundle|0 fnt\n|faint|p1a: Iron Bundle\n|-end|p1a: Iron Bundle|Quark Drive|[silent]\n|move|p2a: Flutter Mane|Dazzling Gleam|p1b: Iron Hands\n|-supereffective|p1b: Iron Hands\n|-damage|p1b: Iron Hands|0 fnt\n|faint|p1b: Iron Hands\n|-end|p1b: Iron Hands|Quark Drive|[silent]\n|\n|upkeep\n|\n|t:|1683149909\n|switch|p1a: Chi-Yu|Chi-Yu, L50|100\/100\n|-ability|p1a: Chi-Yu|Beads of Ruin\n|turn|8\n|\n|t:|1683149924\n|move|p2b: Chi-Yu|Heat Wave|p1a: Chi-Yu\n|-resisted|p1a: Chi-Yu\n|-damage|p1a: Chi-Yu|83\/100\n|move|p2a: Flutter Mane|Moonblast|p1a: Chi-Yu\n|-damage|p1a: Chi-Yu|37\/100\n|move|p1a: Chi-Yu|Heat Wave|p2a: Flutter Mane|[spread] p2b\n|-miss|p1a: Chi-Yu|p2a: Flutter Mane\n|-resisted|p2b: Chi-Yu\n|-crit|p2b: Chi-Yu\n|-damage|p2b: Chi-Yu|56\/100\n|-damage|p1a: Chi-Yu|27\/100|[from] item: Life Orb\n|\n|-sideend|p1: trainer8800|move: Aurora Veil\n|upkeep\n|turn|9\n|\n|t:|1683149936\n|move|p2b: Chi-Yu|Heat Wave|p1a: Chi-Yu\n|-resisted|p1a: Chi-Yu\n|-damage|p1a: Chi-Yu|0 fnt\n|faint|p1a: Chi-Yu\n|\n|win|Inwaves22\n|raw|trainer8800's rating: 1232 → 1203<\/strong> (-29 for losing)\n|raw|Inwaves22's rating: 1178 → 1207<\/strong> (+29 for winning)\n","uploadtime":1683149944,"views":7,"p1id":"trainer8800","p2id":"inwaves22","formatid":"gen9vgc2023regulationc","rating":1203,"private":0,"password":""}