{"id":"gen9vgc2023regulationc-1862262661","p1":"Mumumumum","p2":"aggron zheng","format":"[Gen 9] VGC 2023 Regulation C","log":"|j|\u2606Mumumumum\n|j|\u2606aggron zheng\n|t:|1683856690\n|gametype|doubles\n|player|p1|Mumumumum|265|1618\n|player|p2|aggron zheng|169|1544\n|teamsize|p1|6\n|teamsize|p2|6\n|gen|9\n|tier|[Gen 9] VGC 2023 Regulation C\n|rated|\n|rule|Species Clause: Limit one of each Pok\u00e9mon\n|rule|Item Clause: Limit one of each item\n|clearpoke\n|poke|p1|Sandy Shocks, L50|\n|poke|p1|Talonflame, L50, F|\n|poke|p1|Chi-Yu, L50|\n|poke|p1|Flutter Mane, L50|\n|poke|p1|Dondozo, L50, M|\n|poke|p1|Tatsugiri-Stretchy, L50, M|\n|poke|p2|Dondozo, L50, M|\n|poke|p2|Tatsugiri, L50, F|\n|poke|p2|Chi-Yu, L50|\n|poke|p2|Iron Bundle, L50|\n|poke|p2|Dragonite, L50, M|\n|poke|p2|Glimmora, L50, F|\n|teampreview|4\naggron zheng has agreed to open team sheets.\n|c|\u2606aggron zheng|glhf\nMumumumum has agreed to open team sheets.\n|inactive|Battle timer is ON: inactive players will automatically lose when time's up. (requested by Mumumumum)\n|inactive|aggron zheng has 60 seconds left.\n|\n|t:|1683856825\n|start\n|switch|p1a: Sandy Shocks|Sandy Shocks, L50, shiny|100\/100\n|switch|p1b: Talonflame|Talonflame, L50, F|100\/100\n|switch|p2a: Glimmora|Glimmora, L50, F|100\/100\n|switch|p2b: Iron Bundle|Iron Bundle, L50, shiny|100\/100\n|-enditem|p2b: Iron Bundle|Booster Energy\n|-activate|p2b: Iron Bundle|ability: Quark Drive|[fromitem]\n|-start|p2b: Iron Bundle|quarkdrivespe\n|turn|1\n|j| Gopii\n|j| Rocky44\n|inactive|aggron zheng has 30 seconds left.\n|l| Rocky44\n|inactive|aggron zheng has 20 seconds left.\n|inactive|aggron zheng has 15 seconds left.\n|inactive|aggron zheng has 10 seconds left.\n|inactive|aggron zheng has 5 seconds left.\n|\n|t:|1683856875\n|move|p1b: Talonflame|Tailwind|p1b: Talonflame\n|-sidestart|p1: Mumumumum|move: Tailwind\n|move|p1a: Sandy Shocks|Thunderbolt|p2b: Iron Bundle\n|-supereffective|p2b: Iron Bundle\n|-damage|p2b: Iron Bundle|0 fnt\n|faint|p2b: Iron Bundle\n|-end|p2b: Iron Bundle|Quark Drive|[silent]\n|move|p2a: Glimmora|Power Gem|p1b: Talonflame\n|-supereffective|p1b: Talonflame\n|-damage|p1b: Talonflame|0 fnt\n|faint|p1b: Talonflame\n|\n|upkeep\n|\n|t:|1683856888\n|switch|p2b: Dondozo|Dondozo, L50, M|100\/100\n|switch|p1b: Chi-Yu|Chi-Yu, L50|100\/100\n|-ability|p1b: Chi-Yu|Beads of Ruin\n|turn|2\n|inactive|Mumumumum has 30 seconds left.\n|inactive|aggron zheng has 30 seconds left.\n|inactive|aggron zheng has 20 seconds left.\n|j| adsvfdbg\n|\n|t:|1683856926\n|switch|p2a: Tatsugiri|Tatsugiri, L50, F|100\/100\n|-activate|p2a: Tatsugiri|ability: Commander|[of] p2b: Dondozo\n|-boost|p2b: Dondozo|atk|2\n|-boost|p2b: Dondozo|spa|2\n|-boost|p2b: Dondozo|spe|2\n|-boost|p2b: Dondozo|def|2\n|-boost|p2b: Dondozo|spd|2\n|move|p2b: Dondozo|Protect|p2b: Dondozo\n|-singleturn|p2b: Dondozo|Protect\n|move|p1a: Sandy Shocks|Earth Power|p2a: Tatsugiri|[miss]\n|-miss|p1a: Sandy Shocks|p2a: Tatsugiri\n|move|p1b: Chi-Yu|Heat Wave|p2a: Tatsugiri|[spread] \n|-miss|p1b: Chi-Yu|p2a: Tatsugiri\n|-activate|p2b: Dondozo|move: Protect\n|\n|upkeep\n|turn|3\n|\n|t:|1683856946\n|move|p1a: Sandy Shocks|Thunderbolt|p2b: Dondozo\n|-supereffective|p2b: Dondozo\n|-damage|p2b: Dondozo|54\/100\n|move|p1b: Chi-Yu|Overheat|p2b: Dondozo\n|-resisted|p2b: Dondozo\n|-damage|p2b: Dondozo|34\/100\n|-unboost|p1b: Chi-Yu|spa|2\n|move|p2b: Dondozo|Earthquake|p1a: Sandy Shocks|[spread] p1a,p1b\n|-miss|p2b: Dondozo|p2a: Tatsugiri\n|-supereffective|p1a: Sandy Shocks\n|-supereffective|p1b: Chi-Yu\n|-damage|p1a: Sandy Shocks|16\/100\n|-enditem|p1b: Chi-Yu|Focus Sash\n|-damage|p1b: Chi-Yu|1\/100\n|\n|-heal|p2b: Dondozo|40\/100|[from] item: Leftovers\n|upkeep\n|turn|4\n|j| Houdai\n|\n|t:|1683856956\n|switch|p1b: Flutter Mane|Flutter Mane, L50|100\/100\n|move|p2b: Dondozo|Protect|p2b: Dondozo\n|-singleturn|p2b: Dondozo|Protect\n|move|p1a: Sandy Shocks|Thunderbolt|p2b: Dondozo\n|-activate|p2b: Dondozo|move: Protect\n|\n|-heal|p2b: Dondozo|46\/100|[from] item: Leftovers\n|-sideend|p1: Mumumumum|move: Tailwind\n|upkeep\n|turn|5\n|inactive|aggron zheng has 30 seconds left.\n|\n|t:|1683856988\n|-end|p1a: Sandy Shocks|Protosynthesis|[silent]\n|switch|p1a: Chi-Yu|Chi-Yu, L50|1\/100\n|-ability|p1a: Chi-Yu|Beads of Ruin\n|-terastallize|p1b: Flutter Mane|Fairy\n|-terastallize|p2b: Dondozo|Grass\n|move|p1b: Flutter Mane|Moonblast|p2b: Dondozo\n|-damage|p2b: Dondozo|0 fnt\n|faint|p2b: Dondozo\n|-damage|p1b: Flutter Mane|91\/100|[from] item: Life Orb\n|\n|upkeep\n|\n|t:|1683856995\n|switch|p2b: Glimmora|Glimmora, L50, F|100\/100\n|turn|6\n|j| TMM_Shadow\n|inactive|aggron zheng has 30 seconds left.\n|\n|t:|1683857030\n|move|p1a: Chi-Yu|Protect|p1a: Chi-Yu\n|-singleturn|p1a: Chi-Yu|Protect\n|move|p2a: Tatsugiri|Icy Wind|p1a: Chi-Yu|[spread] p1b\n|-activate|p1a: Chi-Yu|move: Protect\n|-damage|p1b: Flutter Mane|72\/100\n|-unboost|p1b: Flutter Mane|spe|1\n|move|p1b: Flutter Mane|Dazzling Gleam|p2a: Tatsugiri|[spread] p2a,p2b\n|-supereffective|p2a: Tatsugiri\n|-resisted|p2b: Glimmora\n|-damage|p2a: Tatsugiri|0 fnt\n|-damage|p2b: Glimmora|74\/100\n|faint|p2a: Tatsugiri\n|-damage|p1b: Flutter Mane|62\/100|[from] item: Life Orb\n|move|p2b: Glimmora|Sludge Bomb|p1b: Flutter Mane\n|-supereffective|p1b: Flutter Mane\n|-damage|p1b: Flutter Mane|0 fnt\n|faint|p1b: Flutter Mane\n|-end|p1b: Flutter Mane|Protosynthesis|[silent]\n|\n|upkeep\n|\n|t:|1683857043\n|switch|p1b: Sandy Shocks|Sandy Shocks, L50, shiny|16\/100\n|turn|7\n|\n|t:|1683857067\n|move|p1b: Sandy Shocks|Earth Power|p2b: Glimmora\n|-supereffective|p2b: Glimmora\n|-damage|p2b: Glimmora|0 fnt\n|faint|p2b: Glimmora\n|\n|win|Mumumumum\n|raw|Mumumumum's rating: 1618 → 1634<\/strong> (+16 for winning)\n|raw|aggron zheng's rating: 1544 → 1528<\/strong> (-16 for losing)\n|c|\u2606aggron zheng|gg\n|l|\u2606Mumumumum\n|l| TMM_Shadow\n","uploadtime":1683857136,"views":15,"p1id":"mumumumum","p2id":"aggronzheng","formatid":"gen9vgc2023regulationc","rating":1528,"private":0,"password":""}