{"id":"gen9vgc2023regulationc-1854398505","p1":"Skoild","p2":"Kirozvzz","format":"[Gen 9] VGC 2023 Regulation C","log":"|j|\u2606Skoild\n|j|\u2606Kirozvzz\n|t:|1682805915\n|gametype|doubles\n|player|p1|Skoild|psychicf|1119\n|player|p2|Kirozvzz|lance|1044\n|teamsize|p1|6\n|teamsize|p2|6\n|gen|9\n|tier|[Gen 9] VGC 2023 Regulation C\n|rated|\n|rule|Species Clause: Limit one of each Pok\u00e9mon\n|rule|Item Clause: Limit one of each item\n|clearpoke\n|poke|p1|Wo-Chien, L50|\n|poke|p1|Scream Tail, L50|\n|poke|p1|Houndstone, L50, M|\n|poke|p1|Garganacl, L50, M|\n|poke|p1|Indeedee-F, L50, F|\n|poke|p1|Great Tusk, L50|\n|poke|p2|Dondozo, L50, M|\n|poke|p2|Tatsugiri-Stretchy, L50, M|\n|poke|p2|Chi-Yu, L50|\n|poke|p2|Flutter Mane, L50|\n|poke|p2|Dragonite, L50, F|\n|poke|p2|Glimmora, L50, M|\n|teampreview|4\n|\n|t:|1682805980\n|start\n|switch|p1a: Indeedee|Indeedee-F, L50, F|100\/100\n|switch|p1b: Houndstone|Houndstone, L50, M|100\/100\n|switch|p2a: Glimmora|Glimmora, L50, M|100\/100\n|switch|p2b: Tatsugiri|Tatsugiri-Stretchy, L50, M|100\/100\n|-fieldstart|move: Psychic Terrain|[from] ability: Psychic Surge|[of] p1a: Indeedee\n|-enditem|p1a: Indeedee|Psychic Seed\n|-boost|p1a: Indeedee|spd|1|[from] item: Psychic Seed\n|turn|1\n|\n|t:|1682806012\n|move|p2a: Glimmora|Power Gem|p1b: Houndstone\n|-damage|p1b: Houndstone|65\/100\n|move|p2b: Tatsugiri|Muddy Water|p1b: Houndstone|[spread] p1b\n|-miss|p2b: Tatsugiri|p1a: Indeedee\n|-damage|p1b: Houndstone|18\/100\n|-unboost|p1b: Houndstone|accuracy|1\n|-enditem|p1b: Houndstone|Sitrus Berry|[eat]\n|-heal|p1b: Houndstone|42\/100|[from] item: Sitrus Berry\n|move|p1b: Houndstone|Play Rough|p2b: Tatsugiri\n|-supereffective|p2b: Tatsugiri\n|-damage|p2b: Tatsugiri|33\/100\n|-unboost|p2b: Tatsugiri|atk|1\n|move|p1a: Indeedee|Trick Room|p1a: Indeedee\n|-fieldstart|move: Trick Room|[of] p1a: Indeedee\n|\n|upkeep\n|turn|2\n|\n|t:|1682806052\n|switch|p2b: Dondozo|Dondozo, L50, M|100\/100\n|move|p1a: Indeedee|Psychic|p2a: Glimmora\n|-supereffective|p2a: Glimmora\n|-damage|p2a: Glimmora|1\/100\n|move|p1b: Houndstone|Will-O-Wisp|p2a: Glimmora\n|-status|p2a: Glimmora|brn\n|move|p2a: Glimmora|Power Gem|p1b: Houndstone\n|-damage|p1b: Houndstone|9\/100\n|\n|-damage|p2a: Glimmora|0 fnt|[from] brn\n|faint|p2a: Glimmora\n|upkeep\n|\n|t:|1682806065\n|switch|p2a: Flutter Mane|Flutter Mane, L50|100\/100\n|-enditem|p2a: Flutter Mane|Booster Energy\n|-activate|p2a: Flutter Mane|ability: Protosynthesis|[fromitem]\n|-start|p2a: Flutter Mane|protosynthesisspe\n|turn|3\n|\n|t:|1682806113\n|move|p2a: Flutter Mane|Protect|p2a: Flutter Mane\n|-singleturn|p2a: Flutter Mane|Protect\n|move|p2b: Dondozo|Yawn|p1a: Indeedee\n|-start|p1a: Indeedee|move: Yawn|[of] p2b: Dondozo\n|move|p1a: Indeedee|Psychic|p2a: Flutter Mane\n|-activate|p2a: Flutter Mane|move: Protect\n|move|p1b: Houndstone|Will-O-Wisp|p2b: Dondozo\n|-status|p2b: Dondozo|brn\n|\n|-damage|p2b: Dondozo|94\/100 brn|[from] brn\n|upkeep\n|turn|4\n|\n|t:|1682806145\n|-terastallize|p2a: Flutter Mane|Steel\n|move|p2b: Dondozo|Wave Crash|p1b: Houndstone\n|-damage|p1b: Houndstone|0 fnt\n|faint|p1b: Houndstone\n|-damage|p2b: Dondozo|92\/100 brn|[from] Recoil\n|move|p1a: Indeedee|Psychic|p2a: Flutter Mane\n|-resisted|p2a: Flutter Mane\n|-damage|p2a: Flutter Mane|83\/100\n|move|p2a: Flutter Mane|Moonblast|p1a: Indeedee\n|-damage|p1a: Indeedee|68\/100\n|\n|-damage|p2b: Dondozo|86\/100 brn|[from] brn\n|-end|p1a: Indeedee|move: Yawn|[silent]\n|-status|p1a: Indeedee|slp\n|upkeep\n|\n|t:|1682806173\n|switch|p1b: Garganacl|Garganacl, L50, M, shiny|100\/100\n|turn|5\n|\n|t:|1682806207\n|-terastallize|p1b: Garganacl|Ghost\n|move|p2a: Flutter Mane|Protect|p2a: Flutter Mane\n|-singleturn|p2a: Flutter Mane|Protect\n|move|p1b: Garganacl|Salt Cure|p2a: Flutter Mane\n|-activate|p2a: Flutter Mane|move: Protect\n|move|p2b: Dondozo|Wave Crash|p1b: Garganacl\n|-damage|p1b: Garganacl|87\/100\n|-damage|p2b: Dondozo|83\/100 brn|[from] Recoil\n|cant|p1a: Indeedee|slp\n|\n|-damage|p2b: Dondozo|76\/100 brn|[from] brn\n|-fieldend|move: Trick Room\n|-fieldend|move: Psychic Terrain\n|upkeep\n|turn|6\n|\n|t:|1682806246\n|cant|p1a: Indeedee|slp\n|move|p2a: Flutter Mane|Substitute|p2a: Flutter Mane\n|-start|p2a: Flutter Mane|Substitute\n|-damage|p2a: Flutter Mane|58\/100\n|move|p2b: Dondozo|Wave Crash|p1a: Indeedee\n|-damage|p1a: Indeedee|47\/100 slp\n|-damage|p2b: Dondozo|72\/100 brn|[from] Recoil\n|move|p1b: Garganacl|Salt Cure|p2b: Dondozo\n|-damage|p2b: Dondozo|62\/100 brn\n|-start|p2b: Dondozo|Salt Cure\n|\n|-damage|p2b: Dondozo|56\/100 brn|[from] brn\n|-damage|p2b: Dondozo|31\/100 brn|[from] Salt Cure\n|upkeep\n|-enditem|p2b: Dondozo|Sitrus Berry|[eat]\n|-heal|p2b: Dondozo|56\/100 brn|[from] item: Sitrus Berry\n|turn|7\n|\n|t:|1682806271\n|switch|p1a: Scream Tail|Scream Tail, L50|100\/100\n|-enditem|p1a: Scream Tail|Booster Energy\n|-activate|p1a: Scream Tail|ability: Protosynthesis|[fromitem]\n|-start|p1a: Scream Tail|protosynthesisspe\n|move|p2a: Flutter Mane|Hex|p1b: Garganacl\n|-supereffective|p1b: Garganacl\n|-damage|p1b: Garganacl|64\/100\n|move|p2b: Dondozo|Yawn|p1a: Scream Tail\n|-start|p1a: Scream Tail|move: Yawn|[of] p2b: Dondozo\n|move|p1b: Garganacl|Salt Cure|p2b: Dondozo\n|-damage|p2b: Dondozo|47\/100 brn\n|\n|-damage|p2b: Dondozo|40\/100 brn|[from] brn\n|-damage|p2b: Dondozo|15\/100 brn|[from] Salt Cure\n|upkeep\n|turn|8\n|\n|t:|1682806327\n|switch|p2b: Tatsugiri|Tatsugiri-Stretchy, L50, M|33\/100\n|move|p2a: Flutter Mane|Hex|p1b: Garganacl\n|-supereffective|p1b: Garganacl\n|-damage|p1b: Garganacl|37\/100\n|move|p1a: Scream Tail|Light Screen|p1a: Scream Tail\n|-sidestart|p1: Skoild|move: Light Screen\n|move|p1b: Garganacl|Salt Cure|p2b: Tatsugiri\n|-damage|p2b: Tatsugiri|12\/100\n|-start|p2b: Tatsugiri|Salt Cure\n|\n|-damage|p2b: Tatsugiri|0 fnt|[from] Salt Cure\n|faint|p2b: Tatsugiri\n|-end|p1a: Scream Tail|move: Yawn|[silent]\n|-status|p1a: Scream Tail|slp\n|upkeep\n|\n|t:|1682806337\n|switch|p2b: Dondozo|Dondozo, L50, M|15\/100 brn\n|turn|9\n|\n|t:|1682806370\n|switch|p1b: Indeedee|Indeedee-F, L50, F|47\/100 slp\n|-fieldstart|move: Psychic Terrain|[from] ability: Psychic Surge|[of] p1b: Indeedee\n|move|p2a: Flutter Mane|Hex|p1a: Scream Tail\n|-supereffective|p1a: Scream Tail\n|-damage|p1a: Scream Tail|37\/100 slp\n|cant|p1a: Scream Tail|slp\n|move|p2b: Dondozo|Wave Crash|p1a: Scream Tail\n|-damage|p1a: Scream Tail|22\/100 slp\n|-damage|p2b: Dondozo|11\/100 brn|[from] Recoil\n|\n|-damage|p2b: Dondozo|5\/100 brn|[from] brn\n|upkeep\n|turn|10\n|\n|t:|1682806394\n|move|p2a: Flutter Mane|Moonblast|p1b: Indeedee\n|-damage|p1b: Indeedee|12\/100 slp\n|cant|p1a: Scream Tail|slp\n|-curestatus|p1b: Indeedee|slp|[msg]\n|move|p1b: Indeedee|Psychic|p2b: Dondozo\n|-damage|p2b: Dondozo|0 fnt\n|faint|p2b: Dondozo\n|\n|upkeep\n|turn|11\n|\n|t:|1682806446\n|move|p1b: Indeedee|Follow Me|p1b: Indeedee\n|-singleturn|p1b: Indeedee|move: Follow Me\n|move|p2a: Flutter Mane|Moonblast|p1b: Indeedee\n|-damage|p1b: Indeedee|0 fnt\n|faint|p1b: Indeedee\n|cant|p1a: Scream Tail|slp\n|\n|upkeep\n|\n|t:|1682806462\n|switch|p1b: Garganacl|Garganacl, L50, M, shiny, tera:Ghost|37\/100\n|turn|12\n|\n|t:|1682806469\n|move|p2a: Flutter Mane|Hex|p1a: Scream Tail\n|-supereffective|p1a: Scream Tail\n|-damage|p1a: Scream Tail|0 fnt\n|faint|p1a: Scream Tail\n|-end|p1a: Scream Tail|Protosynthesis|[silent]\n|move|p1b: Garganacl|Salt Cure|p2a: Flutter Mane\n|-resisted|p2a: Flutter Mane\n|-activate|p2a: Flutter Mane|move: Substitute|[damage]\n|\n|-sideend|p1: Skoild|move: Light Screen\n|upkeep\n|turn|13\n|-message|Skoild forfeited.\n|\n|win|Kirozvzz\n|raw|Skoild's rating: 1119 → 1089<\/strong> (-30 for losing)\n|raw|Kirozvzz's rating: 1044 → 1085<\/strong> (+41 for winning)\n|l|\u2606Skoild\n","uploadtime":1682806479,"views":18,"p1id":"skoild","p2id":"kirozvzz","formatid":"gen9vgc2023regulationc","rating":1085,"private":0,"password":""}