{"id":"gen9vgc2023regulationc-1852032259","p1":"GarchompExVgc","p2":"Kbvskydg0893","format":"[Gen 9] VGC 2023 Regulation C","log":"|j|\u2606GarchompExVgc\n|j|\u2606Kbvskydg0893\n|t:|1682518442\n|gametype|doubles\n|player|p1|GarchompExVgc|iris|1316\n|player|p2|Kbvskydg0893|2|1404\n|teamsize|p1|6\n|teamsize|p2|6\n|gen|9\n|tier|[Gen 9] VGC 2023 Regulation C\n|rated|\n|rule|Species Clause: Limit one of each Pok\u00e9mon\n|rule|Item Clause: Limit one of each item\n|clearpoke\n|poke|p1|Ting-Lu, L50|\n|poke|p1|Amoonguss, L50, F|\n|poke|p1|Iron Hands, L50|\n|poke|p1|Flutter Mane, L50|\n|poke|p1|Chi-Yu, L50|\n|poke|p1|Palafin, L50, F|\n|poke|p2|Iron Bundle, L50|\n|poke|p2|Mimikyu, L50, F|\n|poke|p2|Glimmora, L50, M|\n|poke|p2|Volcarona, L50, F|\n|poke|p2|Wo-Chien, L50|\n|poke|p2|Ting-Lu, L50|\n|teampreview|4\n|inactive|Battle timer is ON: inactive players will automatically lose when time's up. (requested by Kbvskydg0893)\n|\n|t:|1682518478\n|start\n|switch|p1a: Mindy|Palafin, L50, F, shiny|100\/100\n|switch|p1b: Lui|Amoonguss, L50, F, shiny|100\/100\n|switch|p2a: Mimikyu|Mimikyu, L50, F|100\/100\n|switch|p2b: Glimmora|Glimmora, L50, M|100\/100\n|turn|1\n|inactive|Kbvskydg0893 has 30 seconds left.\n|\n|t:|1682518504\n|detailschange|p1a: Mindy|Palafin-Hero, L50, F, shiny\n|switch|p1a: Rox|Iron Hands, L50, shiny|100\/100\n|switch|p2a: Volcarona|Volcarona, L50, F|100\/100\n|-terastallize|p2b: Glimmora|Grass\n|move|p2b: Glimmora|Mortal Spin|p1a: Rox|[spread] p1a,p1b\n|-damage|p1a: Rox|98\/100\n|-damage|p1b: Lui|96\/100\n|-status|p1a: Rox|psn\n|move|p1b: Lui|Spore|p2a: Volcarona\n|-activate|p2a: Volcarona|item: Safety Goggles|Spore\n|\n|-heal|p1b: Lui|100\/100|[from] item: Leftovers\n|-damage|p1a: Rox|85\/100 psn|[from] psn\n|upkeep\n|turn|2\n|inactive|GarchompExVgc has 30 seconds left.\n|inactive|Kbvskydg0893 has 30 seconds left.\n|\n|t:|1682518534\n|-end|p1a: Rox|Quark Drive|[silent]\n|switch|p1a: Sam|Chi-Yu, L50|100\/100\n|-ability|p1a: Sam|Beads of Ruin\n|move|p2b: Glimmora|Spiky Shield|p2b: Glimmora\n|-singleturn|p2b: Glimmora|move: Protect\n|move|p2a: Volcarona|Protect|p2a: Volcarona\n|-singleturn|p2a: Volcarona|Protect\n|move|p1b: Lui|Protect||[still]\n|-fail|p1b: Lui\n|\n|upkeep\n|turn|3\n|\n|t:|1682518551\n|switch|p2b: Mimikyu|Mimikyu, L50, F|100\/100\n|move|p1b: Lui|Rage Powder|p1b: Lui\n|-singleturn|p1b: Lui|move: Rage Powder\n|move|p1a: Sam|Heat Wave|p2a: Volcarona|[spread] p2a,p2b\n|-damage|p2a: Volcarona|61\/100\n|-activate|p2b: Mimikyu|ability: Disguise\n|-damage|p2b: Mimikyu|100\/100\n|detailschange|p2b: Mimikyu|Mimikyu-Busted, L50, F\n|-damage|p2b: Mimikyu|88\/100|[from] pokemon: Mimikyu-Busted\n|move|p2a: Volcarona|Struggle Bug|p1b: Lui|[spread] p1a,p1b\n|-crit|p1a: Sam\n|-damage|p1a: Sam|82\/100\n|-damage|p1b: Lui|80\/100\n|-unboost|p1a: Sam|spa|1\n|-unboost|p1b: Lui|spa|1\n|\n|-heal|p1b: Lui|86\/100|[from] item: Leftovers\n|upkeep\n|turn|4\n|inactive|GarchompExVgc has 30 seconds left.\n|inactive|Kbvskydg0893 has 30 seconds left.\n|\n|t:|1682518578\n|switch|p1b: Mindy|Palafin-Hero, L50, F, shiny|100\/100\n|-activate|p1b: Mindy|ability: Zero to Hero\n|move|p2b: Mimikyu|Protect|p2b: Mimikyu\n|-singleturn|p2b: Mimikyu|Protect\n|move|p2a: Volcarona|Fiery Dance|p1b: Mindy\n|-resisted|p1b: Mindy\n|-damage|p1b: Mindy|75\/100\n|-boost|p2a: Volcarona|spa|1\n|move|p1a: Sam|Heat Wave|p2a: Volcarona|[spread] p2a\n|-activate|p2b: Mimikyu|move: Protect\n|-damage|p2a: Volcarona|37\/100\n|\n|upkeep\n|turn|5\n|\n|t:|1682518599\n|-terastallize|p1b: Mindy|Water\n|move|p2a: Volcarona|Protect|p2a: Volcarona\n|-singleturn|p2a: Volcarona|Protect\n|move|p1b: Mindy|Jet Punch|p2b: Mimikyu\n|-damage|p2b: Mimikyu|11\/100\n|move|p1a: Sam|Heat Wave|p2b: Mimikyu|[spread] p2b\n|-activate|p2a: Volcarona|move: Protect\n|-damage|p2b: Mimikyu|0 fnt\n|faint|p2b: Mimikyu\n|\n|upkeep\n|\n|t:|1682518612\n|switch|p2b: Iron Bundle|Iron Bundle, L50|100\/100\n|-enditem|p2b: Iron Bundle|Booster Energy\n|-activate|p2b: Iron Bundle|ability: Quark Drive|[fromitem]\n|-start|p2b: Iron Bundle|quarkdrivespe\n|turn|6\n|\n|t:|1682518627\n|switch|p1a: Lui|Amoonguss, L50, F, shiny|100\/100\n|move|p1b: Mindy|Protect|p1b: Mindy\n|-singleturn|p1b: Mindy|Protect\n|move|p2b: Iron Bundle|Freeze-Dry|p1b: Mindy\n|-activate|p1b: Mindy|move: Protect\n|move|p2a: Volcarona|Struggle Bug|p1b: Mindy|[spread] p1a\n|-activate|p1b: Mindy|move: Protect\n|-damage|p1a: Lui|78\/100\n|-unboost|p1a: Lui|spa|1\n|\n|-heal|p1a: Lui|84\/100|[from] item: Leftovers\n|upkeep\n|turn|7\n|inactive|GarchompExVgc has 30 seconds left.\n|\n|t:|1682518653\n|switch|p1b: Sam|Chi-Yu, L50|82\/100\n|-ability|p1b: Sam|Beads of Ruin\n|move|p2a: Volcarona|Protect|p2a: Volcarona\n|-singleturn|p2a: Volcarona|Protect\n|move|p2b: Iron Bundle|Freeze-Dry|p1b: Sam\n|-resisted|p1b: Sam\n|-damage|p1b: Sam|72\/100\n|move|p1a: Lui|Spore|p2b: Iron Bundle\n|-status|p2b: Iron Bundle|slp|[from] move: Spore\n|\n|-heal|p1a: Lui|90\/100|[from] item: Leftovers\n|upkeep\n|turn|8\n|\n|t:|1682518670\n|cant|p2b: Iron Bundle|slp\n|move|p1b: Sam|Heat Wave|p2a: Volcarona|[spread] p2b\n|-miss|p1b: Sam|p2a: Volcarona\n|-damage|p2b: Iron Bundle|8\/100 slp\n|move|p2a: Volcarona|Struggle Bug|p1a: Lui|[spread] p1a,p1b\n|-damage|p1a: Lui|60\/100\n|-damage|p1b: Sam|57\/100\n|-unboost|p1a: Lui|spa|1\n|-unboost|p1b: Sam|spa|1\n|move|p1a: Lui|Pollen Puff|p1b: Sam\n|-heal|p1b: Sam|100\/100\n|\n|-heal|p1a: Lui|66\/100|[from] item: Leftovers\n|upkeep\n|turn|9\n|\n|t:|1682518689\n|move|p1a: Lui|Rage Powder|p1a: Lui\n|-singleturn|p1a: Lui|move: Rage Powder\n|cant|p2b: Iron Bundle|slp\n|move|p1b: Sam|Heat Wave|p2a: Volcarona|[spread] p2a,p2b\n|-damage|p2a: Volcarona|12\/100\n|-damage|p2b: Iron Bundle|0 fnt\n|faint|p2b: Iron Bundle\n|-end|p2b: Iron Bundle|Quark Drive|[silent]\n|move|p2a: Volcarona|Fiery Dance|p1a: Lui\n|-supereffective|p1a: Lui\n|-damage|p1a: Lui|0 fnt\n|faint|p1a: Lui\n|\n|upkeep\n|\n|t:|1682518710\n|switch|p2b: Glimmora|Glimmora, L50, M, tera:Grass|100\/100\n|switch|p1a: Rox|Iron Hands, L50, shiny|85\/100 psn\n|turn|10\n|\n|t:|1682518726\n|move|p2b: Glimmora|Spiky Shield|p2b: Glimmora\n|-singleturn|p2b: Glimmora|move: Protect\n|move|p2a: Volcarona|Protect|p2a: Volcarona\n|-singleturn|p2a: Volcarona|Protect\n|move|p1a: Rox|Fake Out|p2b: Glimmora\n|-activate|p2b: Glimmora|move: Protect\n|-damage|p1a: Rox|73\/100 psn|[from] Spiky Shield|[of] p2b: Glimmora\n|move|p1b: Sam|Heat Wave|p2b: Glimmora|[spread] \n|-activate|p2a: Volcarona|move: Protect\n|-activate|p2b: Glimmora|move: Protect\n|\n|-damage|p1a: Rox|60\/100 psn|[from] psn\n|upkeep\n|turn|11\n|inactive|Kbvskydg0893 has 30 seconds left.\n|inactive|Kbvskydg0893 has 20 seconds left.\n|inactive|Kbvskydg0893 has 15 seconds left.\n|\n|t:|1682518771\n|move|p2b: Glimmora|Power Gem|p1b: Sam\n|-supereffective|p1b: Sam\n|-crit|p1b: Sam\n|-damage|p1b: Sam|25\/100\n|move|p1b: Sam|Heat Wave|p2b: Glimmora|[spread] p2a,p2b\n|-supereffective|p2b: Glimmora\n|-damage|p2a: Volcarona|0 fnt\n|-damage|p2b: Glimmora|29\/100\n|faint|p2a: Volcarona\n|move|p1a: Rox|Drain Punch|p2b: Glimmora\n|-damage|p2b: Glimmora|0 fnt\n|-heal|p1a: Rox|70\/100 psn|[from] drain|[of] p2b: Glimmora\n|-activate|p2b: Glimmora|ability: Toxic Debris\n|-sidestart|p1: GarchompExVgc|move: Toxic Spikes\n|faint|p2b: Glimmora\n|-damage|p1a: Rox|60\/100 psn|[from] item: Life Orb\n|\n|win|GarchompExVgc\n|raw|GarchompExVgc's rating: 1316 → 1341<\/strong> (+25 for winning)\n|raw|Kbvskydg0893's rating: 1404 → 1379<\/strong> (-25 for losing)\n|c|\u2606GarchompExVgc|Gg\n|c|\u2606Kbvskydg0893|Gg\n|l|\u2606Kbvskydg0893\n","uploadtime":1682518821,"views":2,"p1id":"garchompexvgc","p2id":"kbvskydg0893","formatid":"gen9vgc2023regulationc","rating":1341,"private":0,"password":""}