{"id":"gen9vgc2023regulationc-1847604916","p1":"TommyT08","p2":"Ytterby","format":"[Gen 9] VGC 2023 Regulation C","log":"|j|\u2606TommyT08\n|j|\u2606Ytterby\n|t:|1681980743\n|gametype|doubles\n|player|p1|TommyT08|101|\n|player|p2|Ytterby|brycenman|\n|teamsize|p1|6\n|teamsize|p2|6\n|gen|9\n|tier|[Gen 9] VGC 2023 Regulation C\n|rule|Species Clause: Limit one of each Pok\u00e9mon\n|rule|Item Clause: Limit one of each item\n|clearpoke\n|poke|p1|Garganacl, L50, F|\n|poke|p1|Naclstack, L50, F|\n|poke|p1|Nacli, L50, M|\n|poke|p1|Ting-Lu, L50|\n|poke|p1|Gyarados, L50, M|\n|poke|p1|Blissey, L50, F|\n|poke|p2|Pikachu, L50, F|\n|poke|p2|Jolteon, L50, M|\n|poke|p2|Hariyama, L50, M|\n|poke|p2|Brute Bonnet, L50|\n|poke|p2|Polteageist, L50|\n|poke|p2|Braviary, L50, M|\n|teampreview|4\n|c|\u2606Ytterby|oops haha\nTommyT08 has agreed to open team sheets.\n|c|\u2606Ytterby|nw\n|c|\u2606TommyT08|my bad lol\nYtterby has agreed to open team sheets.\n|c|\u2606TommyT08|not going to underestimate that pikachu this time\n|\n|t:|1681980835\n|start\n|switch|p1a: Smiths|Nacli, L50, M, shiny|100\/100\n|switch|p1b: Miss-Lu|Ting-Lu, L50|100\/100\n|switch|p2a: Polteageist|Polteageist, L50|100\/100\n|switch|p2b: Brute Bonnet|Brute Bonnet, L50|100\/100\n|-ability|p1b: Miss-Lu|Vessel of Ruin\n|turn|1\n|c|\u2606TommyT08|that things scary lol\n|c|\u2606Ytterby|hehe\n|c|\u2606Ytterby|its a baby\n|\n|t:|1681980875\n|-terastallize|p1b: Miss-Lu|Poison\n|move|p2a: Polteageist|Skill Swap|p1b: Miss-Lu\n|-activate|p2a: Polteageist|move: Skill Swap|Vessel of Ruin|Weak Armor|[of] p1b: Miss-Lu\n|-ability|p2a: Polteageist|Vessel of Ruin\n|move|p2b: Brute Bonnet|Bullet Seed|p1b: Miss-Lu\n|-resisted|p1b: Miss-Lu\n|-damage|p1b: Miss-Lu|97\/100\n|-ability|p1b: Miss-Lu|Weak Armor|boost\n|-unboost|p1b: Miss-Lu|def|1\n|-boost|p1b: Miss-Lu|spe|2\n|-resisted|p1b: Miss-Lu\n|-damage|p1b: Miss-Lu|91\/100\n|-ability|p1b: Miss-Lu|Weak Armor|boost\n|-unboost|p1b: Miss-Lu|def|1\n|-boost|p1b: Miss-Lu|spe|2\n|-resisted|p1b: Miss-Lu\n|-damage|p1b: Miss-Lu|83\/100\n|-ability|p1b: Miss-Lu|Weak Armor|boost\n|-unboost|p1b: Miss-Lu|def|1\n|-boost|p1b: Miss-Lu|spe|2\n|-resisted|p1b: Miss-Lu\n|-damage|p1b: Miss-Lu|73\/100\n|-ability|p1b: Miss-Lu|Weak Armor|boost\n|-unboost|p1b: Miss-Lu|def|1\n|-resisted|p1b: Miss-Lu\n|-damage|p1b: Miss-Lu|62\/100\n|-ability|p1b: Miss-Lu|Weak Armor|boost\n|-unboost|p1b: Miss-Lu|def|1\n|-hitcount|p1b: Miss-Lu|5\n|move|p1b: Miss-Lu|Fissure|p2b: Brute Bonnet\n|-damage|p2b: Brute Bonnet|0 fnt\n|faint|p2b: Brute Bonnet\n|-end|p2b: Brute Bonnet|Protosynthesis|[silent]\n|-ohko\n|move|p1a: Smiths|Stealth Rock|p2a: Polteageist\n|-sidestart|p2: Ytterby|move: Stealth Rock\n|\n|upkeep\n|c|\u2606Ytterby|xD\n|c|\u2606TommyT08|lol\n|c|\u2606Ytterby|lmao\n|c|\u2606TommyT08|great tech\n|c|\u2606Ytterby|thanks haha\n|c|\u2606Ytterby|woulda worked if not for the tera\n|\n|t:|1681980922\n|switch|p2b: Braviary|Braviary, L50, M|100\/100\n|-damage|p2b: Braviary|76\/100|[from] Stealth Rock\n|turn|2\n|c|\u2606TommyT08|yeah i saw two grass attacks and got scared\n|c|\u2606Ytterby|i shoulda run psyshock\n|c|\u2606Ytterby|woulda been big brain\n|\n|t:|1681981000\n|-terastallize|p2b: Braviary|Ghost\n|move|p1b: Miss-Lu|Fissure|p2a: Polteageist|[miss]\n|-miss|p1b: Miss-Lu|p2a: Polteageist\n|move|p2b: Braviary|Shadow Claw|p1b: Miss-Lu\n|-crit|p1b: Miss-Lu\n|-damage|p1b: Miss-Lu|0 fnt\n|faint|p1b: Miss-Lu\n|move|p2a: Polteageist|Giga Drain|p1a: Smiths\n|-supereffective|p1a: Smiths\n|-ability|p1a: Smiths|Sturdy\n|-damage|p1a: Smiths|1\/100\n|-damage|p2a: Polteageist|91\/100|[from] item: Life Orb\n|move|p1a: Smiths|Smack Down|p2b: Braviary\n|-damage|p2b: Braviary|62\/100\n|\n|upkeep\n|c|\u2606Ytterby|super duper fast ting lu haha\n|\n|t:|1681981019\n|switch|p1b: Kettle|Naclstack, L50, F|100\/100\n|turn|3\n|\n|t:|1681981059\n|move|p2b: Braviary|Shadow Claw|p1b: Kettle\n|-damage|p1b: Kettle|86\/100\n|move|p2a: Polteageist|Giga Drain|p1b: Kettle\n|-supereffective|p1b: Kettle\n|-damage|p1b: Kettle|11\/100\n|-heal|p2a: Polteageist|100\/100|[from] drain|[of] p1b: Kettle\n|-damage|p2a: Polteageist|91\/100|[from] item: Life Orb\n|move|p1a: Smiths|Fissure|p2b: Braviary|[miss]\n|-miss|p1a: Smiths|p2b: Braviary\n|move|p1b: Kettle|Fissure|p2a: Polteageist|[miss]\n|-miss|p1b: Kettle|p2a: Polteageist\n|\n|upkeep\n|turn|4\n|c|\u2606TommyT08|drat\n|c|\u2606Ytterby|oop\n|\n|t:|1681981115\n|switch|p2b: Pikachu|Pikachu, L50, F|100\/100\n|-damage|p2b: Pikachu|89\/100|[from] Stealth Rock\n|switch|p1b: Blissey|Blissey, L50, F, shiny|100\/100\n|move|p2a: Polteageist|Giga Drain|p1b: Blissey\n|-damage|p1b: Blissey|90\/100\n|-heal|p2a: Polteageist|100\/100|[from] drain|[of] p1b: Blissey\n|-damage|p2a: Polteageist|91\/100|[from] item: Life Orb\n|move|p1a: Smiths|Fissure|p2b: Pikachu|[miss]\n|-miss|p1a: Smiths|p2b: Pikachu\n|\n|upkeep\n|turn|5\n|c|\u2606Ytterby|wait these are kills i could be giving pikachu\n|c|\u2606Ytterby|o-o\n|c|\u2606TommyT08|lol\n|\n|t:|1681981192\n|switch|p2a: Braviary|Braviary, L50, M, tera:Ghost|62\/100\n|-damage|p2a: Braviary|50\/100|[from] Stealth Rock\n|move|p1a: Smiths|Protect|p1a: Smiths\n|-singleturn|p1a: Smiths|Protect\n|move|p2b: Pikachu|Grass Knot|p1a: Smiths\n|-activate|p1a: Smiths|move: Protect\n|move|p1b: Blissey|Calm Mind|p1b: Blissey\n|-boost|p1b: Blissey|spa|1\n|-boost|p1b: Blissey|spd|1\n|\n|upkeep\n|turn|6\n|c|\u2606TommyT08|big stealth rock chip\n|\n|t:|1681981232\n|switch|p1b: Kettle|Naclstack, L50, F|11\/100\n|move|p2b: Pikachu|Grass Knot|p1a: Smiths\n|-supereffective|p1a: Smiths\n|-damage|p1a: Smiths|0 fnt\n|faint|p1a: Smiths\n|move|p2a: Braviary|Close Combat|p1b: Kettle\n|-supereffective|p1b: Kettle\n|-damage|p1b: Kettle|0 fnt\n|-unboost|p2a: Braviary|def|1\n|-unboost|p2a: Braviary|spd|1\n|faint|p1b: Kettle\n|\n|upkeep\n|\n|t:|1681981245\n|switch|p1b: Blissey|Blissey, L50, F, shiny|90\/100\n|turn|7\n|\n|t:|1681981293\n|move|p2b: Pikachu|Grass Knot|p1b: Blissey\n|-damage|p1b: Blissey|83\/100\n|move|p2a: Braviary|Close Combat|p1b: Blissey\n|-supereffective|p1b: Blissey\n|-damage|p1b: Blissey|0 fnt\n|-unboost|p2a: Braviary|def|1\n|-unboost|p2a: Braviary|spd|1\n|faint|p1b: Blissey\n|\n|win|Ytterby\n|c|\u2606Ytterby|ggwp man ^-^\n|c|\u2606TommyT08|rip\n|c|\u2606TommyT08|gg\n|c|\u2606Ytterby|better luck on the fissures next week <3\n","uploadtime":1681981308,"views":14,"p1id":"tommyt08","p2id":"ytterby","formatid":"gen9vgc2023regulationc","rating":0,"private":0,"password":""}