{"id":"gen9vgc2023regulationc-1854408856","p1":"Kirozvz","p2":"Aikalytics","format":"[Gen 9] VGC 2023 Regulation C","log":"|j|\u2606Kirozvz\n|j|\u2606Aikalytics\n|t:|1682807209\n|gametype|doubles\n|player|p1|Kirozvz|lance|1362\n|player|p2|Aikalytics|roxie|1277\n|teamsize|p1|6\n|teamsize|p2|6\n|gen|9\n|tier|[Gen 9] VGC 2023 Regulation C\n|rated|\n|rule|Species Clause: Limit one of each Pok\u00e9mon\n|rule|Item Clause: Limit one of each item\n|clearpoke\n|poke|p1|Dondozo, L50, F|\n|poke|p1|Tatsugiri-Stretchy, L50, F|\n|poke|p1|Chi-Yu, L50|\n|poke|p1|Flutter Mane, L50|\n|poke|p1|Dragonite, L50, F|\n|poke|p1|Glimmora, L50, F|\n|poke|p2|Flutter Mane, L50|\n|poke|p2|Ting-Lu, L50|\n|poke|p2|Farigiraf, L50, F|\n|poke|p2|Iron Hands, L50|\n|poke|p2|Iron Bundle, L50|\n|poke|p2|Amoonguss, L50, F|\n|teampreview|4\n|\n|t:|1682807267\n|start\n|switch|p1a: Glimmora|Glimmora, L50, F|100\/100\n|switch|p1b: Tatsugiri|Tatsugiri-Stretchy, L50, F|100\/100\n|switch|p2a: Y amigos|Farigiraf, L50, F|100\/100\n|switch|p2b: Bullwinkle|Ting-Lu, L50|100\/100\n|-ability|p2b: Bullwinkle|Vessel of Ruin\n|turn|1\n|inactive|Battle timer is ON: inactive players will automatically lose when time's up. (requested by Kirozvz)\n|inactive|Aikalytics has 60 seconds left.\n|\n|t:|1682807298\n|move|p1a: Glimmora|Earth Power|p2a: Y amigos\n|-damage|p2a: Y amigos|78\/100\n|move|p1b: Tatsugiri|Draco Meteor|p2a: Y amigos\n|-damage|p2a: Y amigos|0 fnt\n|-unboost|p1b: Tatsugiri|spa|2\n|faint|p2a: Y amigos\n|move|p2b: Bullwinkle|Fissure|p1a: Glimmora|[miss]\n|-miss|p2b: Bullwinkle|p1a: Glimmora\n|\n|upkeep\n|\n|t:|1682807312\n|switch|p2a: Rocky|Flutter Mane, L50|100\/100\n|turn|2\n|\n|t:|1682807335\n|switch|p1b: Dondozo|Dondozo, L50, F|100\/100\n|-terastallize|p2a: Rocky|Fairy\n|move|p2a: Rocky|Dazzling Gleam|p1b: Dondozo|[spread] p1a,p1b\n|-resisted|p1a: Glimmora\n|-damage|p1a: Glimmora|75\/100\n|-damage|p1b: Dondozo|79\/100\n|move|p1a: Glimmora|Toxic|p2b: Bullwinkle\n|-status|p2b: Bullwinkle|tox\n|move|p2b: Bullwinkle|Stomping Tantrum|p1a: Glimmora\n|-supereffective|p1a: Glimmora\n|-damage|p1a: Glimmora|0 fnt\n|-activate|p1a: Glimmora|ability: Toxic Debris\n|-sidestart|p2: Aikalytics|move: Toxic Spikes\n|faint|p1a: Glimmora\n|\n|-damage|p2b: Bullwinkle|94\/100 tox|[from] psn\n|upkeep\n|\n|t:|1682807349\n|switch|p1a: Tatsugiri|Tatsugiri-Stretchy, L50, F|100\/100\n|turn|3\n|\n|t:|1682807365\n|-terastallize|p1a: Tatsugiri|Ghost\n|move|p2a: Rocky|Moonblast|p1b: Dondozo\n|-damage|p1b: Dondozo|39\/100\n|-enditem|p1b: Dondozo|Sitrus Berry|[eat]\n|-heal|p1b: Dondozo|64\/100|[from] item: Sitrus Berry\n|move|p1a: Tatsugiri|Muddy Water|p2b: Bullwinkle|[spread] p2a,p2b\n|-supereffective|p2b: Bullwinkle\n|-damage|p2a: Rocky|59\/100\n|-damage|p2b: Bullwinkle|55\/100 tox\n|-unboost|p2b: Bullwinkle|accuracy|1\n|move|p1b: Dondozo|Wave Crash|p1a: Tatsugiri\n|-activate|p1a: Tatsugiri|ability: Storm Drain\n|-ability|p1a: Tatsugiri|Storm Drain|boost\n|-boost|p1a: Tatsugiri|spa|1\n|move|p2b: Bullwinkle|Fissure|p1b: Dondozo|[miss]\n|-miss|p2b: Bullwinkle|p1b: Dondozo\n|\n|-damage|p2b: Bullwinkle|42\/100 tox|[from] psn\n|upkeep\n|turn|4\n|inactive|Aikalytics has 30 seconds left.\n|inactive|Aikalytics has 20 seconds left.\n|\n|t:|1682807402\n|move|p2a: Rocky|Shadow Ball|p1a: Tatsugiri\n|-supereffective|p1a: Tatsugiri\n|-damage|p1a: Tatsugiri|29\/100\n|-unboost|p1a: Tatsugiri|spd|1\n|move|p1a: Tatsugiri|Muddy Water|p2b: Bullwinkle|[spread] p2a,p2b\n|-supereffective|p2b: Bullwinkle\n|-damage|p2a: Rocky|0 fnt\n|-damage|p2b: Bullwinkle|0 fnt\n|faint|p2a: Rocky\n|-end|p2a: Rocky|Protosynthesis|[silent]\n|faint|p2b: Bullwinkle\n|move|p1b: Dondozo|Yawn|p2: Rocky|[notarget]\n|-fail|p1b: Dondozo\n|\n|upkeep\n|\n|t:|1682807415\n|switch|p2b: Honda|Iron Hands, L50|100\/100\n|-status|p2b: Honda|psn\n|turn|5\n|\n|t:|1682807428\n|move|p2b: Honda|Fake Out|p1a: Tatsugiri\n|-immune|p1a: Tatsugiri\n|move|p1a: Tatsugiri|Muddy Water|p2b: Honda|[miss]\n|-miss|p1a: Tatsugiri|p2b: Honda\n|move|p1b: Dondozo|Bulldoze|p2b: Honda|[spread] p1a,p2b\n|-supereffective|p2b: Honda\n|-damage|p1a: Tatsugiri|12\/100\n|-damage|p2b: Honda|86\/100 psn\n|-unboost|p1a: Tatsugiri|spe|1\n|\n|-damage|p2b: Honda|74\/100 psn|[from] psn\n|upkeep\n|turn|6\n|\n|t:|1682807441\n|move|p1b: Dondozo|Protect|p1b: Dondozo\n|-singleturn|p1b: Dondozo|Protect\n|move|p1a: Tatsugiri|Muddy Water|p2b: Honda\n|-damage|p2b: Honda|0 fnt\n|faint|p2b: Honda\n|-end|p2b: Honda|Quark Drive|[silent]\n|\n|win|Kirozvz\n|raw|Kirozvz's rating: 1362 → 1377<\/strong> (+15 for winning)\n|raw|Aikalytics's rating: 1277 → 1258<\/strong> (-19 for losing)\n","uploadtime":1682807449,"views":17,"p1id":"kirozvz","p2id":"aikalytics","formatid":"gen9vgc2023regulationc","rating":1258,"private":0,"password":""}