{"id":"gen9vgc2023regulationc-1854391821","p1":"Kirozvzz","p2":"wormu","format":"[Gen 9] VGC 2023 Regulation C","log":"|j|\u2606Kirozvzz\n|j|\u2606wormu\n|t:|1682805093\n|gametype|doubles\n|player|p1|Kirozvzz|lance|1048\n|player|p2|wormu|waitress-gen4|1114\n|teamsize|p1|6\n|teamsize|p2|6\n|gen|9\n|tier|[Gen 9] VGC 2023 Regulation C\n|rated|\n|rule|Species Clause: Limit one of each Pok\u00e9mon\n|rule|Item Clause: Limit one of each item\n|clearpoke\n|poke|p1|Dondozo, L50, F|\n|poke|p1|Tatsugiri-Stretchy, L50, F|\n|poke|p1|Chi-Yu, L50|\n|poke|p1|Flutter Mane, L50|\n|poke|p1|Dragonite, L50, F|\n|poke|p1|Glimmora, L50, F|\n|poke|p2|Chi-Yu, L50|\n|poke|p2|Gyarados, L50, F|\n|poke|p2|Flutter Mane, L50|\n|poke|p2|Kingambit, L50, F|\n|poke|p2|Baxcalibur, L50, F|\n|poke|p2|Murkrow, L50, F|\n|teampreview|4\n|\n|t:|1682805162\n|start\n|switch|p1a: Glimmora|Glimmora, L50, F|100\/100\n|switch|p1b: Dondozo|Dondozo, L50, F|100\/100\n|switch|p2a: Murkrow|Murkrow, L50, F, shiny|100\/100\n|switch|p2b: Flutter Mane|Flutter Mane, L50|100\/100\n|-enditem|p2b: Flutter Mane|Booster Energy\n|-activate|p2b: Flutter Mane|ability: Protosynthesis|[fromitem]\n|-start|p2b: Flutter Mane|protosynthesisspa\n|turn|1\n|\n|t:|1682805180\n|move|p2b: Flutter Mane|Protect|p2b: Flutter Mane\n|-singleturn|p2b: Flutter Mane|Protect\n|move|p2a: Murkrow|Tailwind|p2a: Murkrow\n|-sidestart|p2: wormu|move: Tailwind\n|move|p1a: Glimmora|Toxic|p2b: Flutter Mane\n|-activate|p2b: Flutter Mane|move: Protect\n|move|p1b: Dondozo|Yawn|p2a: Murkrow\n|-start|p2a: Murkrow|move: Yawn|[of] p1b: Dondozo\n|\n|upkeep\n|turn|2\n|\n|t:|1682805210\n|switch|p2a: Baxcalibur|Baxcalibur, L50, F|100\/100\n|move|p2b: Flutter Mane|Thunderbolt|p1b: Dondozo\n|-supereffective|p1b: Dondozo\n|-damage|p1b: Dondozo|44\/100\n|-enditem|p1b: Dondozo|Sitrus Berry|[eat]\n|-heal|p1b: Dondozo|69\/100|[from] item: Sitrus Berry\n|move|p1a: Glimmora|Toxic|p2a: Baxcalibur\n|-status|p2a: Baxcalibur|tox\n|move|p1b: Dondozo|Yawn|p2b: Flutter Mane\n|-start|p2b: Flutter Mane|move: Yawn|[of] p1b: Dondozo\n|\n|-damage|p2a: Baxcalibur|95\/100 tox|[from] psn\n|upkeep\n|turn|3\n|\n|t:|1682805237\n|-end|p2b: Flutter Mane|Protosynthesis|[silent]\n|switch|p2b: Murkrow|Murkrow, L50, F, shiny|100\/100\n|move|p1a: Glimmora|Spiky Shield|p1a: Glimmora\n|-singleturn|p1a: Glimmora|move: Protect\n|move|p2a: Baxcalibur|Earthquake|p1a: Glimmora|[spread] p1b\n|-activate|p1a: Glimmora|move: Protect\n|-immune|p2b: Murkrow\n|-damage|p1b: Dondozo|50\/100\n|move|p1b: Dondozo|Yawn|p2b: Murkrow\n|-start|p2b: Murkrow|move: Yawn|[of] p1b: Dondozo\n|\n|-damage|p2a: Baxcalibur|83\/100 tox|[from] psn\n|upkeep\n|turn|4\n|\n|t:|1682805263\n|move|p2a: Baxcalibur|Glaive Rush|p1b: Dondozo\n|-damage|p1b: Dondozo|7\/100\n|-singlemove|p2a: Baxcalibur|Glaive Rush|[silent]\n|move|p2b: Murkrow|Foul Play|p1b: Dondozo\n|-damage|p1b: Dondozo|0 fnt\n|faint|p1b: Dondozo\n|move|p1a: Glimmora|Power Gem|p2a: Baxcalibur\n|-supereffective|p2a: Baxcalibur\n|-damage|p2a: Baxcalibur|0 fnt\n|faint|p2a: Baxcalibur\n|\n|-end|p2b: Murkrow|move: Yawn|[silent]\n|-status|p2b: Murkrow|slp\n|-sideend|p2: wormu|move: Tailwind\n|upkeep\n|\n|t:|1682805279\n|switch|p2a: Chi-Yu|Chi-Yu, L50|100\/100\n|switch|p1b: Flutter Mane|Flutter Mane, L50|100\/100\n|-ability|p2a: Chi-Yu|Beads of Ruin\n|-enditem|p1b: Flutter Mane|Booster Energy\n|-activate|p1b: Flutter Mane|ability: Protosynthesis|[fromitem]\n|-start|p1b: Flutter Mane|protosynthesisspe\n|turn|5\n|\n|t:|1682805299\n|move|p1b: Flutter Mane|Protect|p1b: Flutter Mane\n|-singleturn|p1b: Flutter Mane|Protect\n|cant|p2b: Murkrow|slp\n|move|p2a: Chi-Yu|Heat Wave|p1a: Glimmora|[spread] p1a\n|-activate|p1b: Flutter Mane|move: Protect\n|-resisted|p1a: Glimmora\n|-damage|p1a: Glimmora|54\/100\n|-damage|p2a: Chi-Yu|90\/100|[from] item: Life Orb\n|move|p1a: Glimmora|Toxic|p2a: Chi-Yu\n|-status|p2a: Chi-Yu|tox\n|\n|-damage|p2a: Chi-Yu|84\/100 tox|[from] psn\n|upkeep\n|turn|6\n|\n|t:|1682805316\n|-terastallize|p2a: Chi-Yu|Grass\n|move|p1a: Glimmora|Spiky Shield|p1a: Glimmora\n|-singleturn|p1a: Glimmora|move: Protect\n|cant|p2b: Murkrow|slp\n|move|p1b: Flutter Mane|Moonblast|p2a: Chi-Yu\n|-damage|p2a: Chi-Yu|28\/100 tox\n|move|p2a: Chi-Yu|Heat Wave|p1a: Glimmora|[spread] p1b\n|-activate|p1a: Glimmora|move: Protect\n|-damage|p1b: Flutter Mane|36\/100\n|-damage|p2a: Chi-Yu|18\/100 tox|[from] item: Life Orb\n|\n|-damage|p2a: Chi-Yu|6\/100 tox|[from] psn\n|upkeep\n|turn|7\n|\n|t:|1682805331\n|move|p1b: Flutter Mane|Protect|p1b: Flutter Mane\n|-singleturn|p1b: Flutter Mane|Protect\n|cant|p2b: Murkrow|slp\n|move|p2a: Chi-Yu|Heat Wave|p1b: Flutter Mane|[spread] p1a\n|-activate|p1b: Flutter Mane|move: Protect\n|-resisted|p1a: Glimmora\n|-damage|p1a: Glimmora|6\/100\n|-damage|p2a: Chi-Yu|0 fnt|[from] item: Life Orb\n|faint|p2a: Chi-Yu\n|move|p1a: Glimmora|Power Gem|p2b: Murkrow\n|-supereffective|p2b: Murkrow\n|-damage|p2b: Murkrow|0 fnt\n|faint|p2b: Murkrow\n|\n|upkeep\n|\n|t:|1682805345\n|switch|p2b: Flutter Mane|Flutter Mane, L50|100\/100\n|turn|8\n|-message|wormu forfeited.\n|\n|win|Kirozvzz\n|raw|Kirozvzz's rating: 1048 → 1087<\/strong> (+39 for winning)\n|raw|wormu's rating: 1114 → 1084<\/strong> (-30 for losing)\n|l|\u2606wormu\n","uploadtime":1682805359,"views":19,"p1id":"kirozvzz","p2id":"wormu","formatid":"gen9vgc2023regulationc","rating":1084,"private":0,"password":""}