{"id":"gen9vgc2023regulationc-1846530000","p1":"rio melaceto","p2":"tanobaum","format":"[Gen 9] VGC 2023 Regulation C","log":"|j|\u2606rio melaceto\n|j|\u2606tanobaum\n|t:|1681848794\n|gametype|doubles\n|player|p1|rio melaceto|265|1565\n|player|p2|tanobaum|norman|1566\n|teamsize|p1|6\n|teamsize|p2|6\n|gen|9\n|tier|[Gen 9] VGC 2023 Regulation C\n|rated|\n|rule|Species Clause: Limit one of each Pok\u00e9mon\n|rule|Item Clause: Limit one of each item\n|clearpoke\n|poke|p1|Brute Bonnet, L50|\n|poke|p1|Chi-Yu, L50|\n|poke|p1|Chien-Pao, L50|\n|poke|p1|Dragonite, L50, M|\n|poke|p1|Scizor, L50, F|\n|poke|p1|Flutter Mane, L50|\n|poke|p2|Bronzong, L50|\n|poke|p2|Hatterene, L50, F|\n|poke|p2|Torkoal, L50, F|\n|poke|p2|Indeedee-F, L50, F|\n|poke|p2|Armarouge, L50, M|\n|poke|p2|Amoonguss, L50, F|\n|teampreview|4\n|inactive|Battle timer is ON: inactive players will automatically lose when time's up. (requested by tanobaum)\n|inactive|rio melaceto has 60 seconds left.\n|\n|t:|1681848826\n|start\n|switch|p1a: Chien-Pao|Chien-Pao, L50|100\/100\n|switch|p1b: Scizor|Scizor, L50, F|100\/100\n|switch|p2a: Indeedee|Indeedee-F, L50, F|100\/100\n|switch|p2b: Armarouge|Armarouge, L50, M|100\/100\n|-ability|p1a: Chien-Pao|Sword of Ruin\n|-fieldstart|move: Psychic Terrain|[from] ability: Psychic Surge|[of] p2a: Indeedee\n|-enditem|p2a: Indeedee|Psychic Seed\n|-boost|p2a: Indeedee|spd|1|[from] item: Psychic Seed\n|turn|1\n|inactive|tanobaum has 30 seconds left.\n|\n|t:|1681848855\n|-terastallize|p2a: Indeedee|Poison\n|-terastallize|p1b: Scizor|Water\n|move|p1a: Chien-Pao|Ice Spinner|p2a: Indeedee\n|-crit|p2a: Indeedee\n|-damage|p2a: Indeedee|28\/100\n|-fieldend|move: Psychic Terrain\n|move|p1b: Scizor|Swords Dance|p1b: Scizor\n|-boost|p1b: Scizor|atk|2\n|move|p2b: Armarouge|Armor Cannon|p1b: Scizor\n|-resisted|p1b: Scizor\n|-damage|p1b: Scizor|69\/100\n|-unboost|p2b: Armarouge|def|1\n|-unboost|p2b: Armarouge|spd|1\n|move|p2a: Indeedee|Trick Room|p2a: Indeedee\n|-fieldstart|move: Trick Room|[of] p2a: Indeedee\n|\n|upkeep\n|turn|2\n|inactive|rio melaceto has 30 seconds left.\n|\n|t:|1681848882\n|switch|p2a: Hatterene|Hatterene, L50, F|100\/100\n|move|p1b: Scizor|Bullet Punch|p2a: Hatterene\n|-supereffective|p2a: Hatterene\n|-damage|p2a: Hatterene|0 fnt\n|faint|p2a: Hatterene\n|move|p1a: Chien-Pao|Sucker Punch|p2b: Armarouge\n|-supereffective|p2b: Armarouge\n|-enditem|p2b: Armarouge|Focus Sash\n|-damage|p2b: Armarouge|1\/100\n|move|p2b: Armarouge|Armor Cannon|p1a: Chien-Pao\n|-supereffective|p1a: Chien-Pao\n|-enditem|p1a: Chien-Pao|Focus Sash\n|-damage|p1a: Chien-Pao|1\/100\n|-unboost|p2b: Armarouge|def|1\n|-unboost|p2b: Armarouge|spd|1\n|\n|upkeep\n|\n|t:|1681848897\n|switch|p2a: Torkoal|Torkoal, L50, F|100\/100\n|-weather|SunnyDay|[from] ability: Drought|[of] p2a: Torkoal\n|turn|3\n|inactive|rio melaceto has 30 seconds left.\n|\n|t:|1681848931\n|switch|p2b: Indeedee|Indeedee-F, L50, F, tera:Poison|28\/100\n|-fieldstart|move: Psychic Terrain|[from] ability: Psychic Surge|[of] p2b: Indeedee\n|move|p1b: Scizor|Protect|p1b: Scizor\n|-singleturn|p1b: Scizor|Protect\n|move|p1a: Chien-Pao|Sucker Punch||[still]\n|-fail|p1a: Chien-Pao\n|move|p2a: Torkoal|Eruption|p1a: Chien-Pao|[spread] p1a\n|-activate|p1b: Scizor|move: Protect\n|-supereffective|p1a: Chien-Pao\n|-damage|p1a: Chien-Pao|0 fnt\n|faint|p1a: Chien-Pao\n|\n|-weather|SunnyDay|[upkeep]\n|upkeep\n|\n|t:|1681848955\n|switch|p1a: Chi-Yu|Chi-Yu, L50|100\/100\n|-ability|p1a: Chi-Yu|Beads of Ruin\n|turn|4\n|inactive|rio melaceto has 30 seconds left.\n|\n|t:|1681848981\n|move|p2b: Indeedee|Helping Hand|p2a: Torkoal\n|-singleturn|p2a: Torkoal|Helping Hand|[of] p2b: Indeedee\n|move|p2a: Torkoal|Eruption|p1a: Chi-Yu|[spread] p1a,p1b\n|-resisted|p1a: Chi-Yu\n|-resisted|p1b: Scizor\n|-damage|p1a: Chi-Yu|0 fnt\n|-damage|p1b: Scizor|0 fnt\n|faint|p1a: Chi-Yu\n|faint|p1b: Scizor\n|\n|-weather|SunnyDay|[upkeep]\n|upkeep\n|\n|t:|1681848992\n|switch|p1b: Flutter Mane|Flutter Mane, L50|100\/100\n|-activate|p1b: Flutter Mane|ability: Protosynthesis\n|-start|p1b: Flutter Mane|protosynthesisspa\n|turn|5\n|\n|t:|1681849007\n|move|p2b: Indeedee|Helping Hand|p2a: Torkoal\n|-singleturn|p2a: Torkoal|Helping Hand|[of] p2b: Indeedee\n|move|p2a: Torkoal|Eruption|p1b: Flutter Mane\n|-damage|p1b: Flutter Mane|0 fnt\n|faint|p1b: Flutter Mane\n|-end|p1b: Flutter Mane|Protosynthesis|[silent]\n|\n|win|tanobaum\n|raw|rio melaceto's rating: 1565 → 1545<\/strong> (-20 for losing)\n|raw|tanobaum's rating: 1566 → 1586<\/strong> (+20 for winning)\n","uploadtime":1681849016,"views":11,"p1id":"riomelaceto","p2id":"tanobaum","formatid":"gen9vgc2023regulationc","rating":1545,"private":0,"password":""}