{"id":"gen9vgc2023regulationc-1864172534","p1":"LeChamp James","p2":"revocolombia","format":"[Gen 9] VGC 2023 Regulation C","log":"|j|\u2606LeChamp James\n|j|\u2606revocolombia\n|t:|1684129756\n|gametype|doubles\n|player|p1|LeChamp James|hoopster|1337\n|player|p2|revocolombia|pokemonranger-gen4|1351\n|teamsize|p1|6\n|teamsize|p2|6\n|gen|9\n|tier|[Gen 9] VGC 2023 Regulation C\n|rated|\n|rule|Species Clause: Limit one of each Pok\u00e9mon\n|rule|Item Clause: Limit one of each item\n|clearpoke\n|poke|p1|Ting-Lu, L50|\n|poke|p1|Arcanine, L50, M|\n|poke|p1|Palafin, L50, M|\n|poke|p1|Amoonguss, L50, M|\n|poke|p1|Flutter Mane, L50|\n|poke|p1|Garganacl, L50, M|\n|poke|p2|Flutter Mane, L50|\n|poke|p2|Annihilape, L50, M|\n|poke|p2|Dragonite, L50, M|\n|poke|p2|Chien-Pao, L50|\n|poke|p2|Murkrow, L50, F|\n|poke|p2|Chi-Yu, L50|\n|teampreview|4\n|\n|t:|1684129796\n|start\n|switch|p1a: Flutter Mane|Flutter Mane, L50, shiny|100\/100\n|switch|p1b: Garganacl|Garganacl, L50, M, shiny|100\/100\n|switch|p2a: Annihilape|Annihilape, L50, M, shiny|100\/100\n|switch|p2b: Murkrow|Murkrow, L50, F|100\/100\n|turn|1\n|\n|t:|1684129813\n|switch|p2b: Dragonite|Dragonite, L50, M|100\/100\n|-terastallize|p2a: Annihilape|Fire\n|-terastallize|p1b: Garganacl|Water\n|move|p1a: Flutter Mane|Dazzling Gleam|p2b: Dragonite|[spread] p2a,p2b\n|-resisted|p2a: Annihilape\n|-supereffective|p2b: Dragonite\n|-damage|p2a: Annihilape|82\/100\n|-damage|p2b: Dragonite|53\/100\n|move|p2a: Annihilape|Bulk Up|p2a: Annihilape\n|-boost|p2a: Annihilape|atk|1\n|-boost|p2a: Annihilape|def|1\n|move|p1b: Garganacl|Iron Defense|p1b: Garganacl\n|-boost|p1b: Garganacl|def|2\n|\n|-heal|p2a: Annihilape|88\/100|[from] item: Leftovers\n|upkeep\n|turn|2\n|inactive|Battle timer is ON: inactive players will automatically lose when time's up. (requested by LeChamp James)\n|\n|t:|1684129837\n|-end|p1a: Flutter Mane|Protosynthesis|[silent]\n|switch|p1a: Arcanine|Arcanine, L50, M, shiny|100\/100\n|-ability|p1a: Arcanine|Intimidate|boost\n|-unboost|p2a: Annihilape|atk|1\n|-ability|p2a: Annihilape|Defiant|boost\n|-boost|p2a: Annihilape|atk|2\n|-unboost|p2b: Dragonite|atk|1\n|move|p2b: Dragonite|Low Kick|p1b: Garganacl\n|-damage|p1b: Garganacl|90\/100\n|move|p2a: Annihilape|Rage Fist|p1a: Arcanine\n|-damage|p1a: Arcanine|0 fnt\n|faint|p1a: Arcanine\n|move|p1b: Garganacl|Salt Cure|p2a: Annihilape\n|-supereffective|p2a: Annihilape\n|-damage|p2a: Annihilape|71\/100\n|-start|p2a: Annihilape|Salt Cure\n|\n|-heal|p2a: Annihilape|77\/100|[from] item: Leftovers\n|-heal|p1b: Garganacl|96\/100|[from] item: Leftovers\n|-damage|p2a: Annihilape|64\/100|[from] Salt Cure\n|upkeep\n|\n|t:|1684129855\n|switch|p1a: Flutter Mane|Flutter Mane, L50, shiny|100\/100\n|turn|3\n|inactive|revocolombia has 30 seconds left.\n|\n|t:|1684129881\n|move|p1a: Flutter Mane|Shadow Ball|p2a: Annihilape\n|-damage|p2a: Annihilape|12\/100\n|move|p2b: Dragonite|Dragon Dance|p2b: Dragonite\n|-boost|p2b: Dragonite|atk|1\n|-boost|p2b: Dragonite|spe|1\n|move|p2a: Annihilape|Rage Fist|p1a: Flutter Mane\n|-supereffective|p1a: Flutter Mane\n|-damage|p1a: Flutter Mane|0 fnt\n|faint|p1a: Flutter Mane\n|-end|p1a: Flutter Mane|Protosynthesis|[silent]\n|move|p1b: Garganacl|Salt Cure|p2b: Dragonite\n|-supereffective|p2b: Dragonite\n|-damage|p2b: Dragonite|24\/100\n|-start|p2b: Dragonite|Salt Cure\n|\n|-heal|p2a: Annihilape|18\/100|[from] item: Leftovers\n|-heal|p1b: Garganacl|100\/100|[from] item: Leftovers\n|-damage|p2b: Dragonite|12\/100|[from] Salt Cure\n|-damage|p2a: Annihilape|6\/100|[from] Salt Cure\n|upkeep\n|\n|t:|1684129897\n|switch|p1a: Amoonguss|Amoonguss, L50, M, shiny|100\/100\n|turn|4\n|\n|t:|1684129913\n|switch|p2a: Murkrow|Murkrow, L50, F|100\/100\n|move|p1a: Amoonguss|Protect|p1a: Amoonguss\n|-singleturn|p1a: Amoonguss|Protect\n|move|p2b: Dragonite|Thunder Punch|p1b: Garganacl\n|-supereffective|p1b: Garganacl\n|-damage|p1b: Garganacl|79\/100\n|move|p1b: Garganacl|Salt Cure|p2a: Murkrow\n|-supereffective|p2a: Murkrow\n|-damage|p2a: Murkrow|67\/100\n|-start|p2a: Murkrow|Salt Cure\n|\n|-heal|p1b: Garganacl|85\/100|[from] item: Leftovers\n|-damage|p2b: Dragonite|0 fnt|[from] Salt Cure\n|faint|p2b: Dragonite\n|-damage|p2a: Murkrow|55\/100|[from] Salt Cure\n|upkeep\n|\n|t:|1684129932\n|switch|p2b: Chien-Pao|Chien-Pao, L50|100\/100\n|-ability|p2b: Chien-Pao|Sword of Ruin\n|turn|5\n|\n|t:|1684129942\n|move|p2a: Murkrow|Haze|p2a: Murkrow\n|-clearallboost\n|move|p2b: Chien-Pao|Ice Spinner|p1a: Amoonguss\n|-supereffective|p1a: Amoonguss\n|-damage|p1a: Amoonguss|0 fnt\n|faint|p1a: Amoonguss\n|move|p1b: Garganacl|Salt Cure|p2b: Chien-Pao\n|-supereffective|p2b: Chien-Pao\n|-crit|p2b: Chien-Pao\n|-damage|p2b: Chien-Pao|50\/100\n|-start|p2b: Chien-Pao|Salt Cure\n|\n|-heal|p1b: Garganacl|91\/100|[from] item: Leftovers\n|-damage|p2b: Chien-Pao|38\/100|[from] Salt Cure\n|-damage|p2a: Murkrow|43\/100|[from] Salt Cure\n|upkeep\n|turn|6\n|\n|t:|1684129966\n|move|p1b: Garganacl|Protect|p1b: Garganacl\n|-singleturn|p1b: Garganacl|Protect\n|move|p2a: Murkrow|Taunt|p1b: Garganacl\n|-activate|p1b: Garganacl|move: Protect\n|move|p2b: Chien-Pao|Sacred Sword|p1b: Garganacl\n|-activate|p1b: Garganacl|move: Protect\n|\n|-heal|p1b: Garganacl|97\/100|[from] item: Leftovers\n|-damage|p2b: Chien-Pao|26\/100|[from] Salt Cure\n|-damage|p2a: Murkrow|31\/100|[from] Salt Cure\n|upkeep\n|turn|7\n|inactive|revocolombia has 30 seconds left.\n|\n|t:|1684129991\n|move|p2a: Murkrow|Taunt|p1b: Garganacl\n|-start|p1b: Garganacl|move: Taunt\n|move|p2b: Chien-Pao|Sacred Sword|p1b: Garganacl\n|-damage|p1b: Garganacl|68\/100\n|move|p1b: Garganacl|Salt Cure|p2b: Chien-Pao\n|-supereffective|p2b: Chien-Pao\n|-damage|p2b: Chien-Pao|0 fnt\n|faint|p2b: Chien-Pao\n|\n|-heal|p1b: Garganacl|74\/100|[from] item: Leftovers\n|-damage|p2a: Murkrow|19\/100|[from] Salt Cure\n|upkeep\n|\n|t:|1684130005\n|switch|p2b: Annihilape|Annihilape, L50, M, shiny, tera:Fire|6\/100\n|turn|8\n|\n|t:|1684130013\n|move|p2b: Annihilape|Rage Fist|p1b: Garganacl\n|-damage|p1b: Garganacl|40\/100\n|move|p2a: Murkrow|Foul Play|p1b: Garganacl\n|-damage|p1b: Garganacl|16\/100\n|move|p1b: Garganacl|Salt Cure|p2b: Annihilape\n|-supereffective|p2b: Annihilape\n|-damage|p2b: Annihilape|0 fnt\n|faint|p2b: Annihilape\n|\n|-heal|p1b: Garganacl|22\/100|[from] item: Leftovers\n|-damage|p2a: Murkrow|7\/100|[from] Salt Cure\n|upkeep\n|turn|9\n|\n|t:|1684130028\n|move|p2a: Murkrow|Foul Play|p1b: Garganacl\n|-damage|p1b: Garganacl|1\/100\n|move|p1b: Garganacl|Salt Cure|p2a: Murkrow\n|-supereffective|p2a: Murkrow\n|-damage|p2a: Murkrow|0 fnt\n|faint|p2a: Murkrow\n|\n|win|LeChamp James\n|raw|LeChamp James's rating: 1337 → 1358<\/strong> (+21 for winning)\n|raw|revocolombia's rating: 1351 → 1330<\/strong> (-21 for losing)\n","uploadtime":1684130038,"views":5,"p1id":"lechampjames","p2id":"revocolombia","formatid":"gen9vgc2023regulationc","rating":1330,"private":0,"password":""}