{"id":"gen9vgc2023regulationc-1845791567","p1":"atam24","p2":"uhoh I poopd","format":"[Gen 9] VGC 2023 Regulation C","log":"|j|\u2606atam24\n|j|\u2606uhoh I poopd\n|t:|1681764955\n|gametype|doubles\n|player|p1|atam24|265|1274\n|player|p2|uhoh I poopd|colress|1222\n|teamsize|p1|6\n|teamsize|p2|6\n|gen|9\n|tier|[Gen 9] VGC 2023 Regulation C\n|rated|\n|rule|Species Clause: Limit one of each Pok\u00e9mon\n|rule|Item Clause: Limit one of each item\n|clearpoke\n|poke|p1|Dragapult, L50, F|\n|poke|p1|Chien-Pao, L50|\n|poke|p1|Amoonguss, L50, F|\n|poke|p1|Arcanine, L50, F|\n|poke|p1|Palafin, L50, F|\n|poke|p1|Flutter Mane, L50|\n|poke|p2|Masquerain, L50, F|\n|poke|p2|Coalossal, L50, M|\n|poke|p2|Ting-Lu, L50|\n|poke|p2|Amoonguss, L50, M|\n|poke|p2|Arcanine, L50, M|\n|poke|p2|Palafin, L50, M|\n|teampreview|4\n|inactive|Battle timer is ON: inactive players will automatically lose when time's up. (requested by atam24)\n|\n|t:|1681765000\n|start\n|switch|p1a: Dragapult|Dragapult, L50, F|100\/100\n|switch|p1b: Arcanine|Arcanine, L50, F|100\/100\n|switch|p2a: de Havilland|Masquerain, L50, F|100\/100\n|switch|p2b: Armavee|Coalossal, L50, M|100\/100\n|-ability|p1b: Arcanine|Intimidate|boost\n|-unboost|p2a: de Havilland|atk|1\n|-unboost|p2b: Armavee|atk|1\n|-ability|p2a: de Havilland|Intimidate|boost\n|-fail|p1a: Dragapult|unboost|[from] ability: Clear Body|[of] p1a: Dragapult\n|-unboost|p1b: Arcanine|atk|1\n|turn|1\n|inactive|atam24 has 30 seconds left.\n|inactive|atam24 has 20 seconds left.\n|inactive|atam24 has 15 seconds left.\n|\n|t:|1681765043\n|move|p2a: de Havilland|Aqua Jet|p2b: Armavee\n|-supereffective|p2b: Armavee\n|-damage|p2b: Armavee|88\/100\n|-ability|p2b: Armavee|Steam Engine|boost\n|-boost|p2b: Armavee|spe|6\n|-enditem|p2b: Armavee|Weakness Policy\n|-boost|p2b: Armavee|atk|2|[from] item: Weakness Policy\n|-boost|p2b: Armavee|spa|2|[from] item: Weakness Policy\n|move|p2b: Armavee|Power Gem|p1b: Arcanine\n|-supereffective|p1b: Arcanine\n|-damage|p1b: Arcanine|0 fnt\n|faint|p1b: Arcanine\n|move|p1a: Dragapult|Dragon Darts|p2a: de Havilland\n|-damage|p2a: de Havilland|49\/100\n|-anim|p1a: Dragapult|Dragon Darts|p2b: Armavee\n|-damage|p2b: Armavee|60\/100\n|-damage|p1a: Dragapult|91\/100|[from] item: Life Orb\n|\n|upkeep\n|\n|t:|1681765058\n|switch|p1b: Chien-Pao|Chien-Pao, L50|100\/100\n|-ability|p1b: Chien-Pao|Sword of Ruin\n|turn|2\n|\n|t:|1681765074\n|move|p1b: Chien-Pao|Sucker Punch|p2b: Armavee\n|-damage|p2b: Armavee|26\/100\n|move|p2a: de Havilland|Aqua Jet|p1b: Chien-Pao\n|-damage|p1b: Chien-Pao|95\/100\n|move|p2b: Armavee|Power Gem|p1b: Chien-Pao\n|-supereffective|p1b: Chien-Pao\n|-damage|p1b: Chien-Pao|0 fnt\n|faint|p1b: Chien-Pao\n|move|p1a: Dragapult|Dragon Darts|p2a: de Havilland\n|-damage|p2a: de Havilland|0 fnt\n|-anim|p1a: Dragapult|Dragon Darts|p2b: Armavee\n|-damage|p2b: Armavee|3\/100\n|faint|p2a: de Havilland\n|-damage|p1a: Dragapult|82\/100|[from] item: Life Orb\n|\n|upkeep\n|\n|t:|1681765091\n|switch|p1b: Amoonguss|Amoonguss, L50, F|100\/100\n|switch|p2a: Toad|Amoonguss, L50, M|100\/100\n|turn|3\n|c|\u2606atam24|gg\n|\n|t:|1681765114\n|-terastallize|p2b: Armavee|Grass\n|-terastallize|p1b: Amoonguss|Water\n|move|p2a: Toad|Rage Powder|p2a: Toad\n|-singleturn|p2a: Toad|move: Rage Powder\n|move|p2b: Armavee|Heat Wave|p1b: Amoonguss|[spread] p1a,p1b\n|-resisted|p1a: Dragapult\n|-resisted|p1b: Amoonguss\n|-damage|p1a: Dragapult|46\/100\n|-damage|p1b: Amoonguss|79\/100\n|move|p1a: Dragapult|Phantom Force||[still]\n|-prepare|p1a: Dragapult|Phantom Force\n|move|p1b: Amoonguss|Spore|p2a: Toad\n|-immune|p2a: Toad\n|\n|upkeep\n|turn|4\n|\n|t:|1681765130\n|move|p2a: Toad|Rage Powder|p2a: Toad\n|-singleturn|p2a: Toad|move: Rage Powder\n|move|p2b: Armavee|Power Gem|p1a: Dragapult|[miss]\n|-miss|p2b: Armavee|p1a: Dragapult\n|move|p1a: Dragapult|Phantom Force|p2a: Toad|[from]lockedmove\n|-damage|p2a: Toad|53\/100\n|-damage|p1a: Dragapult|37\/100|[from] item: Life Orb\n|move|p1b: Amoonguss|Pollen Puff|p2a: Toad\n|-damage|p2a: Toad|38\/100\n|\n|upkeep\n|turn|5\n|\n|t:|1681765151\n|move|p2a: Toad|Rage Powder|p2a: Toad\n|-singleturn|p2a: Toad|move: Rage Powder\n|move|p2b: Armavee|Power Gem|p1a: Dragapult\n|-damage|p1a: Dragapult|0 fnt\n|faint|p1a: Dragapult\n|move|p1b: Amoonguss|Pollen Puff|p2a: Toad\n|-damage|p2a: Toad|24\/100\n|-enditem|p2a: Toad|Iapapa Berry|[eat]\n|-heal|p2a: Toad|57\/100|[from] item: Iapapa Berry\n|\n|upkeep\n|turn|6\n|-message|atam24 forfeited.\n|\n|win|uhoh I poopd\n|raw|atam24's rating: 1274 → 1245<\/strong> (-29 for losing)\n|raw|uhoh I poopd's rating: 1222 → 1251<\/strong> (+29 for winning)\n|l|\u2606atam24\n","uploadtime":1681765175,"views":35,"p1id":"atam24","p2id":"uhohipoopd","formatid":"gen9vgc2023regulationc","rating":1245,"private":0,"password":""}