{"id":"gen9vgc2023regulationc-1852972336","p1":"b(R)2","p2":"cammmmy","format":"[Gen 9] VGC 2023 Regulation C","log":"|j|\u2606b(R)2\n|j|\u2606cammmmy\n|t:|1682621843\n|gametype|doubles\n|player|p1|b(R)2|266|1339\n|player|p2|cammmmy|266|1232\n|teamsize|p1|6\n|teamsize|p2|6\n|gen|9\n|tier|[Gen 9] VGC 2023 Regulation C\n|rated|\n|rule|Species Clause: Limit one of each Pok\u00e9mon\n|rule|Item Clause: Limit one of each item\n|clearpoke\n|poke|p1|Ting-Lu, L50|\n|poke|p1|Amoonguss, L50, M|\n|poke|p1|Garganacl, L50, M|\n|poke|p1|Arcanine, L50, M|\n|poke|p1|Roaring Moon, L50|\n|poke|p1|Iron Bundle, L50|\n|poke|p2|Abomasnow, L50, F|\n|poke|p2|Baxcalibur, L50, M|\n|poke|p2|Chi-Yu, L50|\n|poke|p2|Beartic, L50, F|\n|poke|p2|Iron Bundle, L50|\n|poke|p2|Chien-Pao, L50|\n|teampreview|4\nb(R)2 has agreed to open team sheets.\n|\n|t:|1682621880\n|start\n|switch|p1a: Garganacl|Garganacl, L50, M|100\/100\n|switch|p1b: Ting-Lu|Ting-Lu, L50|100\/100\n|switch|p2a: Abomasnow|Abomasnow, L50, F|100\/100\n|switch|p2b: Iron Bundle|Iron Bundle, L50|100\/100\n|-weather|Snow|[from] ability: Snow Warning|[of] p2a: Abomasnow\n|-ability|p1b: Ting-Lu|Vessel of Ruin\n|-enditem|p2b: Iron Bundle|Booster Energy\n|-activate|p2b: Iron Bundle|ability: Quark Drive|[fromitem]\n|-start|p2b: Iron Bundle|quarkdrivespe\n|turn|1\n|\n|t:|1682621918\n|-terastallize|p1b: Ting-Lu|Poison\n|move|p2b: Iron Bundle|Blizzard|p1a: Garganacl|[spread] p1a,p1b\n|-damage|p1a: Garganacl|80\/100\n|-damage|p1b: Ting-Lu|87\/100\n|move|p2a: Abomasnow|Grass Knot|p1a: Garganacl\n|-supereffective|p1a: Garganacl\n|-damage|p1a: Garganacl|25\/100\n|move|p1b: Ting-Lu|Heavy Slam|p2a: Abomasnow\n|-supereffective|p2a: Abomasnow\n|-damage|p2a: Abomasnow|32\/100\n|move|p1a: Garganacl|Salt Cure|p2b: Iron Bundle\n|-supereffective|p2b: Iron Bundle\n|-damage|p2b: Iron Bundle|76\/100\n|-start|p2b: Iron Bundle|Salt Cure\n|\n|-weather|Snow|[upkeep]\n|-heal|p1a: Garganacl|31\/100|[from] item: Leftovers\n|-damage|p2b: Iron Bundle|51\/100|[from] Salt Cure\n|upkeep\n|turn|2\n|\n|t:|1682621954\n|switch|p2a: Chien-Pao|Chien-Pao, L50|100\/100\n|-ability|p2a: Chien-Pao|Sword of Ruin\n|move|p1a: Garganacl|Protect|p1a: Garganacl\n|-singleturn|p1a: Garganacl|Protect\n|move|p2b: Iron Bundle|Hydro Pump|p1a: Garganacl\n|-activate|p1a: Garganacl|move: Protect\n|move|p1b: Ting-Lu|Heavy Slam|p2b: Iron Bundle\n|-damage|p2b: Iron Bundle|12\/100\n|\n|-weather|Snow|[upkeep]\n|-heal|p1a: Garganacl|37\/100|[from] item: Leftovers\n|-damage|p2b: Iron Bundle|0 fnt|[from] Salt Cure\n|faint|p2b: Iron Bundle\n|-end|p2b: Iron Bundle|Quark Drive|[silent]\n|upkeep\n|\n|t:|1682621963\n|switch|p2b: Abomasnow|Abomasnow, L50, F|32\/100\n|turn|3\n|\n|t:|1682621978\n|switch|p1a: Arcanine|Arcanine, L50, M|100\/100\n|-ability|p1a: Arcanine|Intimidate|boost\n|-unboost|p2a: Chien-Pao|atk|1\n|-unboost|p2b: Abomasnow|atk|1\n|move|p2a: Chien-Pao|Psychic Fangs|p1b: Ting-Lu\n|-supereffective|p1b: Ting-Lu\n|-damage|p1b: Ting-Lu|53\/100\n|move|p2b: Abomasnow|Grass Knot|p1a: Arcanine\n|-resisted|p1a: Arcanine\n|-damage|p1a: Arcanine|82\/100\n|move|p1b: Ting-Lu|Heavy Slam|p2b: Abomasnow\n|-supereffective|p2b: Abomasnow\n|-damage|p2b: Abomasnow|0 fnt\n|faint|p2b: Abomasnow\n|\n|-weather|Snow|[upkeep]\n|upkeep\n|\n|t:|1682621984\n|switch|p2b: Baxcalibur|Baxcalibur, L50, M|100\/100\n|turn|4\n|\n|t:|1682622016\n|-terastallize|p2b: Baxcalibur|Dragon\n|move|p2a: Chien-Pao|Psychic Fangs|p1b: Ting-Lu\n|-supereffective|p1b: Ting-Lu\n|-damage|p1b: Ting-Lu|24\/100\n|move|p1a: Arcanine|Will-O-Wisp|p2a: Chien-Pao|[miss]\n|-miss|p1a: Arcanine|p2a: Chien-Pao\n|move|p2b: Baxcalibur|Glaive Rush|p1a: Arcanine\n|-damage|p1a: Arcanine|0 fnt\n|-singlemove|p2b: Baxcalibur|Glaive Rush|[silent]\n|faint|p1a: Arcanine\n|move|p1b: Ting-Lu|Heavy Slam|p2b: Baxcalibur\n|-damage|p2b: Baxcalibur|40\/100\n|\n|-weather|Snow|[upkeep]\n|upkeep\n|\n|t:|1682622029\n|switch|p1a: Iron Bundle|Iron Bundle, L50|100\/100\n|turn|5\n|\n|t:|1682622056\n|move|p2b: Baxcalibur|Protect|p2b: Baxcalibur\n|-singleturn|p2b: Baxcalibur|Protect\n|move|p1a: Iron Bundle|Freeze-Dry|p2b: Baxcalibur\n|-activate|p2b: Baxcalibur|move: Protect\n|move|p2a: Chien-Pao|Psychic Fangs|p1b: Ting-Lu\n|-supereffective|p1b: Ting-Lu\n|-damage|p1b: Ting-Lu|0 fnt\n|faint|p1b: Ting-Lu\n|\n|-weather|none\n|upkeep\n|\n|t:|1682622065\n|switch|p1b: Garganacl|Garganacl, L50, M|37\/100\n|turn|6\n|\n|t:|1682622088\n|move|p2b: Baxcalibur|Protect||[still]\n|-fail|p2b: Baxcalibur\n|move|p1a: Iron Bundle|Encore|p2b: Baxcalibur\n|-start|p2b: Baxcalibur|Encore\n|move|p2a: Chien-Pao|Sacred Sword|p1a: Iron Bundle\n|-supereffective|p1a: Iron Bundle\n|-crit|p1a: Iron Bundle\n|-enditem|p1a: Iron Bundle|Focus Sash\n|-damage|p1a: Iron Bundle|1\/100\n|move|p1b: Garganacl|Salt Cure|p2a: Chien-Pao\n|-supereffective|p2a: Chien-Pao\n|-damage|p2a: Chien-Pao|68\/100\n|-start|p2a: Chien-Pao|Salt Cure\n|\n|-heal|p1b: Garganacl|43\/100|[from] item: Leftovers\n|-damage|p2a: Chien-Pao|56\/100|[from] Salt Cure\n|upkeep\n|turn|7\n|\n|t:|1682622109\n|move|p2b: Baxcalibur|Protect|p2b: Baxcalibur\n|-singleturn|p2b: Baxcalibur|Protect\n|move|p2a: Chien-Pao|Sucker Punch|p1a: Iron Bundle\n|-damage|p1a: Iron Bundle|0 fnt\n|faint|p1a: Iron Bundle\n|-end|p1a: Iron Bundle|Quark Drive|[silent]\n|move|p1b: Garganacl|Salt Cure|p2b: Baxcalibur\n|-activate|p2b: Baxcalibur|move: Protect\n|\n|-heal|p1b: Garganacl|48\/100|[from] item: Leftovers\n|-damage|p2a: Chien-Pao|44\/100|[from] Salt Cure\n|upkeep\n|turn|8\n|\n|t:|1682622119\n|move|p2b: Baxcalibur|Protect||[still]\n|-fail|p2b: Baxcalibur\n|move|p1b: Garganacl|Protect|p1b: Garganacl\n|-singleturn|p1b: Garganacl|Protect\n|move|p2a: Chien-Pao|Sacred Sword|p1b: Garganacl\n|-activate|p1b: Garganacl|move: Protect\n|\n|-heal|p1b: Garganacl|54\/100|[from] item: Leftovers\n|-damage|p2a: Chien-Pao|32\/100|[from] Salt Cure\n|upkeep\n|turn|9\n|\n|t:|1682622133\n|move|p2b: Baxcalibur|Protect|p2b: Baxcalibur\n|-singleturn|p2b: Baxcalibur|Protect\n|move|p2a: Chien-Pao|Sacred Sword|p1b: Garganacl\n|-supereffective|p1b: Garganacl\n|-damage|p1b: Garganacl|11\/100\n|move|p1b: Garganacl|Recover|p1b: Garganacl\n|-heal|p1b: Garganacl|61\/100\n|\n|-heal|p1b: Garganacl|67\/100|[from] item: Leftovers\n|-damage|p2a: Chien-Pao|19\/100|[from] Salt Cure\n|-end|p2b: Baxcalibur|Encore\n|upkeep\n|turn|10\n|\n|t:|1682622146\n|move|p1b: Garganacl|Protect|p1b: Garganacl\n|-singleturn|p1b: Garganacl|Protect\n|move|p2a: Chien-Pao|Sacred Sword|p1b: Garganacl\n|-activate|p1b: Garganacl|move: Protect\n|move|p2b: Baxcalibur|Glaive Rush|p1b: Garganacl\n|-activate|p1b: Garganacl|move: Protect\n|\n|-heal|p1b: Garganacl|72\/100|[from] item: Leftovers\n|-damage|p2a: Chien-Pao|7\/100|[from] Salt Cure\n|upkeep\n|turn|11\n|\n|t:|1682622157\n|move|p1b: Garganacl|Protect|p1b: Garganacl\n|-singleturn|p1b: Garganacl|Protect\n|move|p2a: Chien-Pao|Sacred Sword|p1b: Garganacl\n|-activate|p1b: Garganacl|move: Protect\n|move|p2b: Baxcalibur|Glaive Rush|p1b: Garganacl\n|-activate|p1b: Garganacl|move: Protect\n|\n|-heal|p1b: Garganacl|78\/100|[from] item: Leftovers\n|-damage|p2a: Chien-Pao|0 fnt|[from] Salt Cure\n|faint|p2a: Chien-Pao\n|upkeep\n|turn|12\n|c|\u2606cammmmy|and you get the double protect when i didnt lol\n|\n|t:|1682622171\n|move|p2b: Baxcalibur|Glaive Rush|p1b: Garganacl\n|-damage|p1b: Garganacl|11\/100\n|-singlemove|p2b: Baxcalibur|Glaive Rush|[silent]\n|move|p1b: Garganacl|Salt Cure|p2b: Baxcalibur\n|-damage|p2b: Baxcalibur|16\/100\n|-start|p2b: Baxcalibur|Salt Cure\n|\n|-heal|p1b: Garganacl|16\/100|[from] item: Leftovers\n|-damage|p2b: Baxcalibur|3\/100|[from] Salt Cure\n|upkeep\n|turn|13\n|\n|t:|1682622180\n|move|p1b: Garganacl|Protect|p1b: Garganacl\n|-singleturn|p1b: Garganacl|Protect\n|move|p2b: Baxcalibur|Glaive Rush|p1b: Garganacl\n|-activate|p1b: Garganacl|move: Protect\n|\n|-heal|p1b: Garganacl|22\/100|[from] item: Leftovers\n|-damage|p2b: Baxcalibur|0 fnt|[from] Salt Cure\n|faint|p2b: Baxcalibur\n|\n|win|b(R)2\n|upkeep\n|raw|b(R)2's rating: 1339 → 1353<\/strong> (+14 for winning)\n|raw|cammmmy's rating: 1232 → 1214<\/strong> (-18 for losing)\n|l|\u2606cammmmy\n|c|\u2606b(R)2|just rolling dice out here\n|c|\u2606b(R)2|gg\n","uploadtime":1682622192,"views":7,"p1id":"br2","p2id":"cammmmy","formatid":"gen9vgc2023regulationc","rating":1214,"private":0,"password":""}