{"id":"gen9vgc2023regulationc-1846990044","p1":"RubyScarletC","p2":"Goldjunge1994","format":"[Gen 9] VGC 2023 Regulation C","log":"|j|\u2606RubyScarletC\n|j|\u2606Goldjunge1994\n|t:|1681909495\n|gametype|doubles\n|player|p1|RubyScarletC|clerkf|1399\n|player|p2|Goldjunge1994|169|1400\n|teamsize|p1|6\n|teamsize|p2|6\n|gen|9\n|tier|[Gen 9] VGC 2023 Regulation C\n|rated|\n|rule|Species Clause: Limit one of each Pok\u00e9mon\n|rule|Item Clause: Limit one of each item\n|clearpoke\n|poke|p1|Torkoal, L50, M|\n|poke|p1|Jumpluff, L50, F|\n|poke|p1|Flutter Mane, L50|\n|poke|p1|Great Tusk, L50|\n|poke|p1|Kingambit, L50, M|\n|poke|p1|Chien-Pao, L50|\n|poke|p2|Palafin, L50, M|\n|poke|p2|Gholdengo, L50|\n|poke|p2|Chien-Pao, L50|\n|poke|p2|Dragonite, L50, M|\n|poke|p2|Arcanine, L50, F|\n|poke|p2|Amoonguss, L50, F|\n|teampreview|4\n|inactive|Battle timer is ON: inactive players will automatically lose when time's up. (requested by Goldjunge1994)\n|\n|t:|1681909547\n|start\n|switch|p1a: Great Tusk|Great Tusk, L50, shiny|100\/100\n|switch|p1b: Kingambit|Kingambit, L50, M|100\/100\n|switch|p2a: Dragonite|Dragonite, L50, M|100\/100\n|switch|p2b: Arcanine|Arcanine, L50, F|100\/100\n|-ability|p2b: Arcanine|Intimidate|boost\n|-unboost|p1a: Great Tusk|atk|1\n|-unboost|p1b: Kingambit|atk|1\n|-ability|p1b: Kingambit|Defiant|boost\n|-boost|p1b: Kingambit|atk|2\n|turn|1\n|inactive|RubyScarletC has 30 seconds left.\n|inactive|Goldjunge1994 has 30 seconds left.\n|\n|t:|1681909585\n|-terastallize|p2a: Dragonite|Flying\n|-terastallize|p1b: Kingambit|Fire\n|move|p1a: Great Tusk|Rock Slide|p2a: Dragonite|[spread] p2a\n|-miss|p1a: Great Tusk|p2b: Arcanine\n|-supereffective|p2a: Dragonite\n|-damage|p2a: Dragonite|88\/100\n|move|p2b: Arcanine|Will-O-Wisp|p1b: Kingambit\n|-immune|p1b: Kingambit\n|move|p2a: Dragonite|Tera Blast|p1a: Great Tusk\n|-supereffective|p1a: Great Tusk\n|-damage|p1a: Great Tusk|10\/100\n|move|p1b: Kingambit|Assurance|p2a: Dragonite\n|-damage|p2a: Dragonite|0 fnt\n|faint|p2a: Dragonite\n|\n|upkeep\n|\n|t:|1681909603\n|switch|p2a: Amoonguss|Amoonguss, L50, F|100\/100\n|turn|2\n|inactive|RubyScarletC has 30 seconds left.\n|inactive|RubyScarletC has 20 seconds left.\n|inactive|RubyScarletC has 15 seconds left.\n|\n|t:|1681909646\n|-end|p1a: Great Tusk|Protosynthesis|[silent]\n|switch|p1a: Torkoal|Torkoal, L50, M|100\/100\n|-weather|SunnyDay|[from] ability: Drought|[of] p1a: Torkoal\n|move|p2b: Arcanine|Extreme Speed|p1a: Torkoal\n|-damage|p1a: Torkoal|84\/100\n|move|p1b: Kingambit|Assurance|p2b: Arcanine\n|-damage|p2b: Arcanine|49\/100\n|move|p2a: Amoonguss|Spore|p1b: Kingambit\n|-status|p1b: Kingambit|slp|[from] move: Spore\n|\n|-weather|SunnyDay|[upkeep]\n|upkeep\n|turn|3\n|inactive|RubyScarletC has 30 seconds left.\n|\n|t:|1681909672\n|switch|p2b: Chien-Pao|Chien-Pao, L50|100\/100\n|-ability|p2b: Chien-Pao|Sword of Ruin\n|cant|p1b: Kingambit|slp\n|move|p1a: Torkoal|Overheat|p2a: Amoonguss\n|-supereffective|p2a: Amoonguss\n|-damage|p2a: Amoonguss|2\/100\n|-unboost|p1a: Torkoal|spa|2\n|-enditem|p1a: Torkoal|Eject Pack\n|-enditem|p2a: Amoonguss|Sitrus Berry|[eat]\n|-heal|p2a: Amoonguss|27\/100|[from] item: Sitrus Berry\n|\n|t:|1681909695\n|switch|p1a: Great Tusk|Great Tusk, L50, shiny|10\/100\n|-activate|p1a: Great Tusk|ability: Protosynthesis\n|-start|p1a: Great Tusk|protosynthesisatk\n|move|p2a: Amoonguss|Spore|p1a: Great Tusk\n|-status|p1a: Great Tusk|slp|[from] move: Spore\n|\n|-weather|SunnyDay|[upkeep]\n|upkeep\n|turn|4\n|inactive|RubyScarletC has 30 seconds left.\n|\n|t:|1681909725\n|switch|p2a: Arcanine|Arcanine, L50, F|49\/100\n|-ability|p2a: Arcanine|Intimidate|boost\n|-unboost|p1a: Great Tusk|atk|1\n|-unboost|p1b: Kingambit|atk|1\n|-ability|p1b: Kingambit|Defiant|boost\n|-boost|p1b: Kingambit|atk|2\n|cant|p1a: Great Tusk|slp\n|move|p2b: Chien-Pao|Sacred Sword|p1b: Kingambit\n|-damage|p1b: Kingambit|71\/100 slp\n|cant|p1b: Kingambit|slp\n|\n|-weather|SunnyDay|[upkeep]\n|upkeep\n|turn|5\n|inactive|RubyScarletC has 30 seconds left.\n|\n|t:|1681909754\n|move|p2a: Arcanine|Extreme Speed|p1b: Kingambit\n|-crit|p1b: Kingambit\n|-damage|p1b: Kingambit|37\/100 slp\n|move|p2b: Chien-Pao|Sucker Punch|p1b: Kingambit\n|-damage|p1b: Kingambit|2\/100 slp\n|-curestatus|p1a: Great Tusk|slp|[msg]\n|move|p1a: Great Tusk|Rock Slide|p2a: Arcanine|[spread] p2a,p2b\n|-supereffective|p2a: Arcanine\n|-supereffective|p2b: Chien-Pao\n|-damage|p2a: Arcanine|1\/100\n|-damage|p2b: Chien-Pao|55\/100\n|-curestatus|p1b: Kingambit|slp|[msg]\n|move|p1b: Kingambit|Iron Head|p2b: Chien-Pao\n|-supereffective|p2b: Chien-Pao\n|-damage|p2b: Chien-Pao|0 fnt\n|faint|p2b: Chien-Pao\n|\n|-weather|SunnyDay|[upkeep]\n|upkeep\n|\n|t:|1681909771\n|switch|p2b: Amoonguss|Amoonguss, L50, F|60\/100\n|turn|6\n|\n|t:|1681909782\n|move|p2a: Arcanine|Extreme Speed|p1a: Great Tusk\n|-damage|p1a: Great Tusk|0 fnt\n|faint|p1a: Great Tusk\n|-end|p1a: Great Tusk|Protosynthesis|[silent]\n|move|p2b: Amoonguss|Rage Powder|p2b: Amoonguss\n|-singleturn|p2b: Amoonguss|move: Rage Powder\n|move|p1b: Kingambit|Assurance|p2b: Amoonguss\n|-damage|p2b: Amoonguss|0 fnt\n|faint|p2b: Amoonguss\n|\n|-weather|none\n|upkeep\n|j| sadgirl23\n|l| sadgirl23\n|\n|t:|1681909799\n|switch|p1a: Chien-Pao|Chien-Pao, L50|100\/100\n|-ability|p1a: Chien-Pao|Sword of Ruin\n|turn|7\n|\n|t:|1681909819\n|move|p2a: Arcanine|Extreme Speed|p1b: Kingambit\n|-damage|p1b: Kingambit|0 fnt\n|faint|p1b: Kingambit\n|move|p1a: Chien-Pao|Ice Spinner|p2a: Arcanine\n|-resisted|p2a: Arcanine\n|-damage|p2a: Arcanine|0 fnt\n|faint|p2a: Arcanine\n|\n|win|RubyScarletC\n|raw|RubyScarletC's rating: 1399 → 1419<\/strong> (+20 for winning)\n|raw|Goldjunge1994's rating: 1400 → 1380<\/strong> (-20 for losing)\n|l|\u2606Goldjunge1994\n","uploadtime":1681909942,"views":6,"p1id":"rubyscarletc","p2id":"goldjunge1994","formatid":"gen9vgc2023regulationc","rating":1380,"private":0,"password":""}