{"id":"gen9vgc2023regulationc-1850525235","p1":"pokechu_vgc","p2":"blackcharizard94","format":"[Gen 9] VGC 2023 Regulation C","log":"|j|\u2606pokechu_vgc\n|j|\u2606blackcharizard94\n|t:|1682345690\n|gametype|doubles\n|player|p1|pokechu_vgc|cheryl|\n|player|p2|blackcharizard94|blue|\n|teamsize|p1|4\n|teamsize|p2|4\n|gen|9\n|tier|[Gen 9] VGC 2023 Regulation C\n|rated|Tournament battle\n|rule|Species Clause: Limit one of each Pok\u00e9mon\n|rule|Item Clause: Limit one of each item\n|clearpoke\n|poke|p1|Meowscarada, L50, M|\n|poke|p1|Krookodile, L50, F|\n|poke|p1|Flamigo, L50, F|\n|poke|p1|Sableye, L50, M|\n|poke|p2|Tatsugiri, L50, M|\n|poke|p2|Dondozo, L50, F|\n|poke|p2|Roaring Moon, L50|\n|poke|p2|Gholdengo, L50|\n|teampreview|4\n|raw| Open Team Sheet for pokechu_vgc<\/summary>Meowscarada @ Choice Scarf Ability: Overgrow Level: 50 Tera Type: Grass - Flower Trick - Protect - Pollen Puff Krookodile @ Salac Berry Ability: Anger Point Level: 50 Tera Type: Ground - Earthquake - Rock Slide - Crunch - Protect Flamigo Ability: Costar Level: 50 Tera Type: Flying - Acrobatics - Close Combat - Detect - Roost Sableye @ Leftovers Ability: Prankster Level: 50 Tera Type: Dark - Skill Swap - Fire Punch - Drain Punch - Shadow Sneak <\/details><\/div> Open Team Sheet for blackcharizard94<\/summary>Tatsugiri @ Choice Scarf Ability: Commander Level: 50 Tera Type: Dragon - Muddy Water - Helping Hand - Draco Meteor - Tera Blast Dondozo @ Assault Vest Ability: Unaware Level: 50 Tera Type: Ground - Earthquake - Order Up - Wave Crash - Ice Fang Roaring Moon @ Booster Energy Ability: Protosynthesis Level: 50 Tera Type: Dragon - Acrobatics - Crunch - Earthquake - Dragon Claw Gholdengo @ Choice Specs Ability: Good as Gold Level: 50 Tera Type: Steel - Make It Rain - Shadow Ball - Dazzling Gleam - Thunderbolt <\/details><\/div>\n|inactive|Battle timer is ON: inactive players will automatically lose when time's up. (requested by blackcharizard94)\n|\n|t:|1682345708\n|start\n|switch|p1a: Meowscarada|Meowscarada, L50, M|100\/100\n|switch|p1b: Krookodile|Krookodile, L50, F|100\/100\n|switch|p2a: Tatsugiri|Tatsugiri, L50, M|100\/100\n|switch|p2b: Dondozo|Dondozo, L50, F|100\/100\n|-activate|p2a: Tatsugiri|ability: Commander|[of] p2b: Dondozo\n|-boost|p2b: Dondozo|atk|2\n|-boost|p2b: Dondozo|spa|2\n|-boost|p2b: Dondozo|spe|2\n|-boost|p2b: Dondozo|def|2\n|-boost|p2b: Dondozo|spd|2\n|turn|1\n|inactive|blackcharizard94 has 30 seconds left.\n|\n|t:|1682345738\n|move|p1b: Krookodile|Protect|p1b: Krookodile\n|-singleturn|p1b: Krookodile|Protect\n|move|p1a: Meowscarada|Flower Trick|p2b: Dondozo\n|-supereffective|p2b: Dondozo\n|-crit|p2b: Dondozo\n|-damage|p2b: Dondozo|52\/100\n|move|p2b: Dondozo|Wave Crash|p1b: Krookodile\n|-activate|p1b: Krookodile|move: Protect\n|\n|upkeep\n|turn|2\n|\n|t:|1682345755\n|-terastallize|p1b: Krookodile|Ground\n|move|p1a: Meowscarada|Flower Trick|p1b: Krookodile\n|-supereffective|p1b: Krookodile\n|-crit|p1b: Krookodile\n|-damage|p1b: Krookodile|25\/100\n|-setboost|p1b: Krookodile|atk|6|[from] ability: Anger Point\n|-enditem|p1b: Krookodile|Salac Berry|[eat]\n|-boost|p1b: Krookodile|spe|1|[from] item: Salac Berry\n|move|p1b: Krookodile|Earthquake|p2a: Tatsugiri|[spread] p1a,p2b\n|-miss|p1b: Krookodile|p2a: Tatsugiri\n|-resisted|p1a: Meowscarada\n|-damage|p1a: Meowscarada|0 fnt\n|-damage|p2b: Dondozo|34\/100\n|faint|p1a: Meowscarada\n|move|p2b: Dondozo|Wave Crash|p1b: Krookodile\n|-supereffective|p1b: Krookodile\n|-damage|p1b: Krookodile|0 fnt\n|faint|p1b: Krookodile\n|-damage|p2b: Dondozo|28\/100|[from] Recoil\n|\n|upkeep\n|\n|t:|1682345773\n|switch|p1a: Flamigo|Flamigo, L50, F|100\/100\n|switch|p1b: Sableye|Sableye, L50, M|100\/100\n|-copyboost|p1a: Flamigo|p1b: Sableye|[from] ability: Costar\n|turn|3\n|\n|t:|1682345795\n|move|p1a: Flamigo|Detect|p1a: Flamigo\n|-singleturn|p1a: Flamigo|Protect\n|move|p1b: Sableye|Shadow Sneak|p2b: Dondozo\n|-damage|p2b: Dondozo|21\/100\n|move|p2b: Dondozo|Wave Crash|p1a: Flamigo\n|-activate|p1a: Flamigo|move: Protect\n|\n|upkeep\n|turn|4\n|\n|t:|1682345815\n|move|p1b: Sableye|Shadow Sneak|p2b: Dondozo\n|-damage|p2b: Dondozo|15\/100\n|move|p2b: Dondozo|Wave Crash|p1a: Flamigo\n|-damage|p1a: Flamigo|0 fnt\n|faint|p1a: Flamigo\n|-damage|p2b: Dondozo|0 fnt|[from] Recoil\n|faint|p2b: Dondozo\n|\n|upkeep\n|\n|t:|1682345822\n|switch|p2b: Gholdengo|Gholdengo, L50|100\/100\n|turn|5\n|\n|t:|1682345830\n|-terastallize|p2b: Gholdengo|Steel\n|move|p1b: Sableye|Shadow Sneak|p2b: Gholdengo\n|-damage|p2b: Gholdengo|86\/100\n|move|p2a: Tatsugiri|Muddy Water|p1b: Sableye\n|-damage|p1b: Sableye|21\/100\n|-unboost|p1b: Sableye|accuracy|1\n|move|p2b: Gholdengo|Make It Rain|p1b: Sableye\n|-damage|p1b: Sableye|0 fnt\n|-unboost|p2b: Gholdengo|spa|1\n|faint|p1b: Sableye\n|\n|win|blackcharizard94\n|n|\u2606pokechu_vgc|pokechuvgc\n|n|\u2606blackcharizard94|blackcharizard94\n|l|\u2606pokechu_vgc\n","uploadtime":1682345841,"views":16,"p1id":"pokechuvgc","p2id":"blackcharizard94","formatid":"gen9vgc2023regulationc","rating":0,"private":0,"password":""}