{"id":"gen9vgc2023regulationc-1846854942","p1":"TonyJazs","p2":"Chaddyfootball","format":"[Gen 9] VGC 2023 Regulation C","log":"|j|\u2606TonyJazs\n|j|\u2606Chaddyfootball\n|t:|1681891044\n|gametype|doubles\n|player|p1|TonyJazs|brawly|1019\n|player|p2|Chaddyfootball|red|1022\n|teamsize|p1|6\n|teamsize|p2|6\n|gen|9\n|tier|[Gen 9] VGC 2023 Regulation C\n|rated|\n|rule|Species Clause: Limit one of each Pok\u00e9mon\n|rule|Item Clause: Limit one of each item\n|clearpoke\n|poke|p1|Pincurchin, L50, M|\n|poke|p1|Iron Hands, L50|\n|poke|p1|Ceruledge, L50, F|\n|poke|p1|Roaring Moon, L50|\n|poke|p1|Iron Bundle, L50|\n|poke|p1|Chien-Pao, L50|\n|poke|p2|Ceruledge, L50, F|\n|poke|p2|Lilligant, L50, F|\n|poke|p2|Flutter Mane, L50|\n|poke|p2|Great Tusk, L50|\n|poke|p2|Torkoal, L50, M|\n|poke|p2|Raichu, L50, F|\n|teampreview|4\n|inactive|Battle timer is ON: inactive players will automatically lose when time's up. (requested by TonyJazs)\n|inactive|Chaddyfootball has 60 seconds left.\n|\n|t:|1681891087\n|start\n|switch|p1a: Pincurchin|Pincurchin, L50, M, shiny|100\/100\n|switch|p1b: Iron Bundle|Iron Bundle, L50, shiny|100\/100\n|switch|p2a: Lilligant|Lilligant, L50, F|100\/100\n|switch|p2b: Torkoal|Torkoal, L50, M|100\/100\n|-fieldstart|move: Electric Terrain|[from] ability: Electric Surge|[of] p1a: Pincurchin\n|-activate|p1b: Iron Bundle|ability: Quark Drive\n|-start|p1b: Iron Bundle|quarkdrivespe\n|-enditem|p1a: Pincurchin|Electric Seed\n|-boost|p1a: Pincurchin|def|1|[from] item: Electric Seed\n|-weather|SunnyDay|[from] ability: Drought|[of] p2b: Torkoal\n|turn|1\n|inactive|Chaddyfootball has 30 seconds left.\n|\n|t:|1681891122\n|move|p1b: Iron Bundle|Freeze-Dry|p2a: Lilligant\n|-supereffective|p2a: Lilligant\n|-damage|p2a: Lilligant|26\/100\n|move|p2a: Lilligant|After You|p2b: Torkoal\n|-activate|p2b: Torkoal|move: After You\n|move|p2b: Torkoal|Eruption|p1a: Pincurchin|[spread] p1a,p1b\n|-damage|p1a: Pincurchin|0 fnt\n|-damage|p1b: Iron Bundle|0 fnt\n|faint|p1a: Pincurchin\n|faint|p1b: Iron Bundle\n|-end|p1b: Iron Bundle|Quark Drive|[silent]\n|\n|-weather|SunnyDay|[upkeep]\n|upkeep\n|\n|t:|1681891132\n|switch|p1b: Roaring Moon|Roaring Moon, L50, shiny|100\/100\n|switch|p1a: Ceruledge|Ceruledge, L50, F, shiny|100\/100\n|-activate|p1b: Roaring Moon|ability: Protosynthesis\n|-start|p1b: Roaring Moon|protosynthesisatk\n|turn|2\n|\n|t:|1681891148\n|switch|p2a: Ceruledge|Ceruledge, L50, F|100\/100\n|-terastallize|p1b: Roaring Moon|Flying\n|move|p1a: Ceruledge|Shadow Sneak|p2a: Ceruledge\n|-supereffective|p2a: Ceruledge\n|-damage|p2a: Ceruledge|47\/100\n|move|p1b: Roaring Moon|Acrobatics|p2b: Torkoal\n|-damage|p2b: Torkoal|66\/100\n|move|p2b: Torkoal|Earth Power|p1a: Ceruledge\n|-supereffective|p1a: Ceruledge\n|-damage|p1a: Ceruledge|36\/100\n|\n|-weather|SunnyDay|[upkeep]\n|upkeep\n|turn|3\n|\n|t:|1681891173\n|switch|p2b: Lilligant|Lilligant, L50, F|26\/100\n|move|p2a: Ceruledge|Protect|p2a: Ceruledge\n|-singleturn|p2a: Ceruledge|Protect\n|move|p1a: Ceruledge|Shadow Sneak|p2a: Ceruledge\n|-activate|p2a: Ceruledge|move: Protect\n|move|p1b: Roaring Moon|Acrobatics|p2b: Lilligant\n|-supereffective|p2b: Lilligant\n|-damage|p2b: Lilligant|0 fnt\n|faint|p2b: Lilligant\n|\n|-weather|SunnyDay|[upkeep]\n|upkeep\n|\n|t:|1681891186\n|switch|p2b: Torkoal|Torkoal, L50, M|66\/100\n|turn|4\n|\n|t:|1681891207\n|move|p1a: Ceruledge|Shadow Sneak|p2a: Ceruledge\n|-supereffective|p2a: Ceruledge\n|-damage|p2a: Ceruledge|0 fnt\n|faint|p2a: Ceruledge\n|move|p1b: Roaring Moon|Acrobatics|p2b: Torkoal\n|-damage|p2b: Torkoal|33\/100\n|move|p2b: Torkoal|Eruption|p1b: Roaring Moon|[spread] p1b\n|-start|p1a: Ceruledge|ability: Flash Fire\n|-damage|p1b: Roaring Moon|74\/100\n|\n|-weather|SunnyDay|[upkeep]\n|upkeep\n|\n|t:|1681891218\n|switch|p2a: Great Tusk|Great Tusk, L50|100\/100\n|-activate|p2a: Great Tusk|ability: Protosynthesis\n|-start|p2a: Great Tusk|protosynthesisatk\n|turn|5\n|-message|Chaddyfootball forfeited.\n|\n|win|TonyJazs\n|raw|TonyJazs's rating: 1019 → 1056<\/strong> (+37 for winning)\n|raw|Chaddyfootball's rating: 1022 → 1009<\/strong> (-13 for losing)\n|l|\u2606Chaddyfootball\n","uploadtime":1681891260,"views":6,"p1id":"tonyjazs","p2id":"chaddyfootball","formatid":"gen9vgc2023regulationc","rating":1009,"private":0,"password":""}