{"id":"gen9vgc2023regulationc-1852801470","p1":"Uahhhh","p2":"mathtass","format":"[Gen 9] VGC 2023 Regulation C","log":"|j|\u2606Uahhhh\n|j|\u2606mathtass\n|t:|1682607465\n|gametype|doubles\n|player|p1|Uahhhh|lady|\n|player|p2|mathtass|101|\n|teamsize|p1|6\n|teamsize|p2|6\n|gen|9\n|tier|[Gen 9] VGC 2023 Regulation C\n|rated|Tournament battle\n|rule|Species Clause: Limit one of each Pok\u00e9mon\n|rule|Item Clause: Limit one of each item\n|clearpoke\n|poke|p1|Chi-Yu, L50|\n|poke|p1|Great Tusk, L50|\n|poke|p1|Iron Bundle, L50|\n|poke|p1|Gholdengo, L50|\n|poke|p1|Murkrow, L50, M|\n|poke|p1|Abomasnow, L50, F|\n|poke|p2|Ting-Lu, L50|\n|poke|p2|Iron Bundle, L50|\n|poke|p2|Dragonite, L50, F|\n|poke|p2|Flutter Mane, L50|\n|poke|p2|Orthworm, L50, M|\n|poke|p2|Amoonguss, L50, F|\n|teampreview|4\n|raw| Open Team Sheet for Uahhhh<\/summary>Liyuu (Chi-Yu) @ Choice Specs Ability: Beads of Ruin Level: 50 Tera Type: Fire - Heat Wave - Overheat - Dark Pulse - Psychic Great Tusk @ Choice Scarf Ability: Protosynthesis Level: 50 Hidden Power: Fighting Tera Type: Fire - Earthquake - Headlong Rush - Close Combat - Rock Slide \u5305\u88b1\u5305\u88b1 (Iron Bundle) @ Booster Energy Ability: Quark Drive Level: 50 Tera Type: Poison - Freeze-Dry - Blizzard - Hydro Pump - Protect Gholdengo @ Sitrus Berry Ability: Good as Gold Level: 50 Tera Type: Water - Make It Rain - Shadow Ball - Nasty Plot - Protect Murkrow @ Eviolite Ability: Prankster Level: 50 Tera Type: Ghost - Foul Play - Tailwind - Haze - Sunny Day Abomasnow (F) @ Light Clay Ability: Snow Warning Level: 50 Shiny: Yes Tera Type: Rock - Blizzard - Energy Ball - Helping Hand - Aurora Veil <\/details><\/div> Open Team Sheet for mathtass<\/summary>Ting-Lu @ Assault Vest Ability: Vessel of Ruin Level: 50 Tera Type: Poison - Earthquake - Fissure - Rock Slide - Heavy Slam Iron Bundle @ Booster Energy Ability: Quark Drive Level: 50 Tera Type: Ice - Freeze-Dry - Hydro Pump - Icy Wind - Protect Dragonite @ Choice Band Ability: Inner Focus Level: 50 Tera Type: Normal - Extreme Speed - Stomping Tantrum - Ice Spinner - Dragon Claw Flutter Mane @ Focus Sash Ability: Protosynthesis Level: 50 Tera Type: Fairy - Protect - Moonblast - Dazzling Gleam - Shadow Ball Orthworm @ Sitrus Berry Ability: Earth Eater Level: 50 Shiny: Yes Tera Type: Fire - Shed Tail - Heavy Slam - Iron Defense - Body Press Amoonguss (F) @ Leftovers Ability: Regenerator Level: 50 Shiny: Yes Tera Type: Water - Pollen Puff - Rage Powder - Spore - Clear Smog <\/details><\/div>\n|j| DarkZPichuZ\n|j| choicebadkyurem\n|j| testing218\n|c| choicebadkyurem|free a rat\n|c| DarkZPichuZ|The worm\n|c| choicebadkyurem|i see an orthworm\n|c| choicebadkyurem|LETS GO FISSURE TING LU\n|j| anyatriesvgc\n|c| DarkZPichuZ|I see an worm and Obama in the other side lol\n|\n|t:|1682607522\n|start\n|switch|p1a: Abomasnow|Abomasnow, L50, F, shiny|100\/100\n|switch|p1b: \u5305\u88b1\u5305\u88b1|Iron Bundle, L50|100\/100\n|switch|p2a: Dragonite|Dragonite, L50, F|100\/100\n|switch|p2b: Flutter Mane|Flutter Mane, L50|100\/100\n|-weather|Snow|[from] ability: Snow Warning|[of] p1a: Abomasnow\n|-enditem|p1b: \u5305\u88b1\u5305\u88b1|Booster Energy\n|-activate|p1b: \u5305\u88b1\u5305\u88b1|ability: Quark Drive|[fromitem]\n|-start|p1b: \u5305\u88b1\u5305\u88b1|quarkdrivespa\n|turn|1\n|j| ptelzcra\n|\n|t:|1682607562\n|-terastallize|p2a: Dragonite|Normal\n|move|p1b: \u5305\u88b1\u5305\u88b1|Protect|p1b: \u5305\u88b1\u5305\u88b1\n|-singleturn|p1b: \u5305\u88b1\u5305\u88b1|Protect\n|move|p2a: Dragonite|Extreme Speed|p1a: Abomasnow\n|-damage|p1a: Abomasnow|46\/100\n|move|p2b: Flutter Mane|Moonblast|p1a: Abomasnow\n|-damage|p1a: Abomasnow|0 fnt\n|faint|p1a: Abomasnow\n|\n|-weather|Snow|[upkeep]\n|upkeep\n|\n|t:|1682607574\n|switch|p1a: Liyuu|Chi-Yu, L50|100\/100\n|-ability|p1a: Liyuu|Beads of Ruin\n|turn|2\n|c| DarkZPichuZ|Nooo\n|\n|t:|1682607594\n|-terastallize|p1b: \u5305\u88b1\u5305\u88b1|Poison\n|move|p2a: Dragonite|Extreme Speed|p1a: Liyuu\n|-damage|p1a: Liyuu|7\/100\n|move|p2b: Flutter Mane|Moonblast|p1b: \u5305\u88b1\u5305\u88b1\n|-resisted|p1b: \u5305\u88b1\u5305\u88b1\n|-damage|p1b: \u5305\u88b1\u5305\u88b1|50\/100\n|move|p1b: \u5305\u88b1\u5305\u88b1|Blizzard|p2a: Dragonite|[spread] p2a,p2b\n|-damage|p2a: Dragonite|33\/100\n|-damage|p2b: Flutter Mane|17\/100\n|move|p1a: Liyuu|Heat Wave|p2b: Flutter Mane|[spread] p2a,p2b\n|-damage|p2a: Dragonite|0 fnt\n|-damage|p2b: Flutter Mane|0 fnt\n|faint|p2a: Dragonite\n|faint|p2b: Flutter Mane\n|-end|p2b: Flutter Mane|Protosynthesis|[silent]\n|\n|-weather|Snow|[upkeep]\n|upkeep\n|\n|t:|1682607606\n|switch|p2b: Orthworm|Orthworm, L50, M, shiny|100\/100\n|switch|p2a: Ting-Lu|Ting-Lu, L50|100\/100\n|-ability|p2a: Ting-Lu|Vessel of Ruin\n|turn|3\n|\n|t:|1682607619\n|switch|p1a: Murkrow|Murkrow, L50, M|100\/100\n|move|p1b: \u5305\u88b1\u5305\u88b1|Blizzard|p2b: Orthworm|[spread] p2a,p2b\n|-supereffective|p2a: Ting-Lu\n|-resisted|p2b: Orthworm\n|-damage|p2a: Ting-Lu|60\/100\n|-damage|p2b: Orthworm|73\/100\n|move|p2b: Orthworm|Body Press|p1a: Murkrow\n|-damage|p1a: Murkrow|69\/100\n|move|p2a: Ting-Lu|Earthquake|p1b: \u5305\u88b1\u5305\u88b1|[spread] p1b\n|-heal|p2b: Orthworm|98\/100|[from] ability: Earth Eater|[of] p2a: Ting-Lu\n|-immune|p1a: Murkrow\n|-supereffective|p1b: \u5305\u88b1\u5305\u88b1\n|-crit|p1b: \u5305\u88b1\u5305\u88b1\n|-damage|p1b: \u5305\u88b1\u5305\u88b1|0 fnt\n|faint|p1b: \u5305\u88b1\u5305\u88b1\n|-end|p1b: \u5305\u88b1\u5305\u88b1|Quark Drive|[silent]\n|\n|-weather|Snow|[upkeep]\n|upkeep\n|\n|t:|1682607634\n|switch|p1b: Liyuu|Chi-Yu, L50|7\/100\n|-ability|p1b: Liyuu|Beads of Ruin\n|turn|4\n|\n|t:|1682607683\n|move|p1a: Murkrow|Sunny Day|p1a: Murkrow\n|-weather|SunnyDay\n|move|p1b: Liyuu|Heat Wave|p2a: Ting-Lu|[spread] p2a,p2b\n|-supereffective|p2b: Orthworm\n|-damage|p2a: Ting-Lu|18\/100\n|-damage|p2b: Orthworm|0 fnt\n|faint|p2b: Orthworm\n|move|p2a: Ting-Lu|Earthquake|p1a: Murkrow|[spread] p1b\n|-immune|p1a: Murkrow\n|-supereffective|p1b: Liyuu\n|-damage|p1b: Liyuu|0 fnt\n|faint|p1b: Liyuu\n|\n|-weather|SunnyDay|[upkeep]\n|upkeep\n|turn|5\n|\n|t:|1682607694\n|move|p1a: Murkrow|Foul Play|p2a: Ting-Lu\n|-resisted|p2a: Ting-Lu\n|-damage|p2a: Ting-Lu|5\/100\n|move|p2a: Ting-Lu|Rock Slide|p1a: Murkrow\n|-supereffective|p1a: Murkrow\n|-damage|p1a: Murkrow|25\/100\n|\n|-weather|SunnyDay|[upkeep]\n|upkeep\n|turn|6\n|\n|t:|1682607702\n|move|p1a: Murkrow|Foul Play|p2a: Ting-Lu\n|-resisted|p2a: Ting-Lu\n|-damage|p2a: Ting-Lu|0 fnt\n|faint|p2a: Ting-Lu\n|\n|win|Uahhhh\n|n|\u2606Uahhhh|uahhhh\n|n|\u2606mathtass|mathtass\n|n| DarkZPichuZ|darkzpichuz\n|n| choicebadkyurem|choicebadkyurem\n|n| testing218|testing218\n|n| anyatriesvgc|anyatriesvgc\n|n| ptelzcra|ptelzcra\n","uploadtime":1682607704,"views":3,"p1id":"uahhhh","p2id":"mathtass","formatid":"gen9vgc2023regulationc","rating":0,"private":0,"password":""}