{"id":"gen9vgc2023regulationc-1850001516","p1":"Onlyshiny","p2":"Nosejugarpokemones","format":"[Gen 9] VGC 2023 Regulation C","log":"|j|\u2606Onlyshiny\n|j|\u2606Nosejugarpokemones\n|t:|1682276762\n|gametype|doubles\n|player|p1|Onlyshiny|n|\n|player|p2|Nosejugarpokemones|1|\n|teamsize|p1|6\n|teamsize|p2|6\n|gen|9\n|tier|[Gen 9] VGC 2023 Regulation C\n|rule|Species Clause: Limit one of each Pok\u00e9mon\n|rule|Item Clause: Limit one of each item\n|clearpoke\n|poke|p1|Chien-Pao, L50|\n|poke|p1|Dragonite, L50, M|\n|poke|p1|Tatsugiri, L50, M|\n|poke|p1|Flutter Mane, L50|\n|poke|p1|Chi-Yu, L50|\n|poke|p1|Dondozo, L50, F|\n|poke|p2|Annihilape, L50, M|\n|poke|p2|Maushold-Four, L50|\n|poke|p2|Ting-Lu, L50|\n|poke|p2|Flutter Mane, L50|\n|poke|p2|Chien-Pao, L50|\n|poke|p2|Dragonite, L50, M|\n|teampreview|4\nNosejugarpokemones has agreed to open team sheets.\nOnlyshiny has agreed to open team sheets.\n|c|\u2606Nosejugarpokemones|G1\n|c|\u2606Onlyshiny|Listo bro\n|c|\u2606Onlyshiny|\u00c9xitos\n|c|\u2606Nosejugarpokemones|Listo Bro pura vida!!!\n|c|\u2606Onlyshiny|Suave que esta bugueado Showdown\n|c|\u2606Onlyshiny|Me est\u00e1 seleccionando 2 pokes\n|c|\u2606Onlyshiny|Estoy desde el celular\n|c|\u2606Nosejugarpokemones|tranquilo me avisas cualquier cosa\n|\n|t:|1682276980\n|start\n|switch|p1a: Dondozo|Dondozo, L50, F|100\/100\n|switch|p1b: La Pelos|Flutter Mane, L50|100\/100\n|switch|p2a: Maushold|Maushold-Four, L50|100\/100\n|switch|p2b: Annihilape|Annihilape, L50, M|100\/100\n|-enditem|p1b: La Pelos|Booster Energy\n|-activate|p1b: La Pelos|ability: Protosynthesis|[fromitem]\n|-start|p1b: La Pelos|protosynthesisspa\n|turn|1\n|\n|t:|1682277008\n|-end|p1b: La Pelos|Protosynthesis|[silent]\n|switch|p1b: Tatsugiri|Tatsugiri, L50, M, shiny|100\/100\n|-activate|p1b: Tatsugiri|ability: Commander|[of] p1a: Dondozo\n|-boost|p1a: Dondozo|atk|2\n|-boost|p1a: Dondozo|spa|2\n|-boost|p1a: Dondozo|spe|2\n|-boost|p1a: Dondozo|def|2\n|-boost|p1a: Dondozo|spd|2\n|move|p2b: Annihilape|Protect|p2b: Annihilape\n|-singleturn|p2b: Annihilape|Protect\n|move|p1a: Dondozo|Wave Crash|p2a: Maushold\n|-damage|p2a: Maushold|4\/100\n|-damage|p1a: Dondozo|75\/100|[from] Recoil\n|move|p2a: Maushold|Super Fang|p1a: Dondozo\n|-damage|p1a: Dondozo|38\/100\n|\n|-heal|p1a: Dondozo|44\/100|[from] item: Leftovers\n|upkeep\n|turn|2\n|\n|t:|1682277050\n|move|p2a: Maushold|Follow Me|p2a: Maushold\n|-singleturn|p2a: Maushold|move: Follow Me\n|move|p1a: Dondozo|Wave Crash|p2a: Maushold\n|-damage|p2a: Maushold|0 fnt\n|faint|p2a: Maushold\n|-damage|p1a: Dondozo|43\/100|[from] Recoil\n|move|p2b: Annihilape|Bulk Up|p2b: Annihilape\n|-boost|p2b: Annihilape|atk|1\n|-boost|p2b: Annihilape|def|1\n|\n|-heal|p1a: Dondozo|49\/100|[from] item: Leftovers\n|upkeep\n|\n|t:|1682277060\n|switch|p2a: Chien-Pao|Chien-Pao, L50|100\/100\n|-ability|p2a: Chien-Pao|Sword of Ruin\n|turn|3\n|\n|t:|1682277084\n|move|p1a: Dondozo|Protect|p1a: Dondozo\n|-singleturn|p1a: Dondozo|Protect\n|move|p2a: Chien-Pao|Haze|p2a: Chien-Pao\n|-clearallboost\n|move|p2b: Annihilape|Rage Fist|p1a: Dondozo\n|-activate|p1a: Dondozo|move: Protect\n|\n|-heal|p1a: Dondozo|55\/100|[from] item: Leftovers\n|upkeep\n|turn|4\n|\n|t:|1682277121\n|-terastallize|p2b: Annihilape|Water\n|move|p2a: Chien-Pao|Sucker Punch|p1a: Dondozo\n|-damage|p1a: Dondozo|26\/100\n|move|p2b: Annihilape|Rage Fist|p1a: Dondozo\n|-damage|p1a: Dondozo|7\/100\n|move|p1a: Dondozo|Wave Crash|p2a: Chien-Pao\n|-crit|p2a: Chien-Pao\n|-enditem|p2a: Chien-Pao|Focus Sash\n|-damage|p2a: Chien-Pao|1\/100\n|-damage|p1a: Dondozo|0 fnt|[from] Recoil\n|faint|p1a: Dondozo\n|\n|upkeep\n|\n|t:|1682277130\n|switch|p1a: Nemo|Chi-Yu, L50|100\/100\n|-ability|p1a: Nemo|Beads of Ruin\n|turn|5\n|\n|t:|1682277175\n|switch|p1a: La Pelos|Flutter Mane, L50|100\/100\n|move|p2a: Chien-Pao|Sucker Punch|p1b: Tatsugiri\n|-damage|p1b: Tatsugiri|19\/100\n|move|p1b: Tatsugiri|Dragon Pulse|p2a: Chien-Pao\n|-damage|p2a: Chien-Pao|0 fnt\n|faint|p2a: Chien-Pao\n|move|p2b: Annihilape|Drain Punch|p1a: La Pelos\n|-immune|p1a: La Pelos\n|\n|upkeep\n|\n|t:|1682277185\n|switch|p2a: Flutter Mane|Flutter Mane, L50|100\/100\n|turn|6\n|\n|t:|1682277226\n|switch|p1b: Nemo|Chi-Yu, L50|100\/100\n|-ability|p1b: Nemo|Beads of Ruin\n|-terastallize|p1a: La Pelos|Water\n|move|p2a: Flutter Mane|Dazzling Gleam|p1b: Nemo|[spread] p1a,p1b\n|-damage|p1a: La Pelos|44\/100\n|-damage|p1b: Nemo|52\/100\n|move|p1a: La Pelos|Shadow Ball|p2a: Flutter Mane\n|-supereffective|p2a: Flutter Mane\n|-damage|p2a: Flutter Mane|0 fnt\n|faint|p2a: Flutter Mane\n|-end|p2a: Flutter Mane|Protosynthesis|[silent]\n|move|p2b: Annihilape|Rage Fist|p1a: La Pelos\n|-damage|p1a: La Pelos|11\/100\n|\n|upkeep\n|turn|7\n|\n|t:|1682277251\n|move|p1a: La Pelos|Thunderbolt|p2b: Annihilape\n|-supereffective|p2b: Annihilape\n|-damage|p2b: Annihilape|42\/100\n|move|p1b: Nemo|Dark Pulse|p2b: Annihilape\n|-damage|p2b: Annihilape|0 fnt\n|faint|p2b: Annihilape\n|\n|win|Onlyshiny\n|l|\u2606Onlyshiny\n","uploadtime":1682278740,"views":10,"p1id":"onlyshiny","p2id":"nosejugarpokemones","formatid":"gen9vgc2023regulationc","rating":0,"private":0,"password":""}