{"id":"gen9vgc2023regulationc-1857565060","p1":"Goldeen Knights","p2":"lollokobra","format":"[Gen 9] VGC 2023 Regulation C","log":"|j|\u2606Goldeen Knights\n|j|\u2606lollokobra\n|t:|1683208743\n|gametype|doubles\n|player|p1|Goldeen Knights|burglar|1187\n|player|p2|lollokobra|blackbelt-gen4|1196\n|teamsize|p1|6\n|teamsize|p2|6\n|gen|9\n|tier|[Gen 9] VGC 2023 Regulation C\n|rated|\n|rule|Species Clause: Limit one of each Pok\u00e9mon\n|rule|Item Clause: Limit one of each item\n|clearpoke\n|poke|p1|Talonflame, L50, M|\n|poke|p1|Garchomp, L50, F|\n|poke|p1|Flutter Mane, L50|\n|poke|p1|Kingambit, L50, M|\n|poke|p1|Amoonguss, L50, M|\n|poke|p1|Rotom-Wash, L50|\n|poke|p2|Ting-Lu, L50|\n|poke|p2|Roaring Moon, L50|\n|poke|p2|Kilowattrel, L50, F|\n|poke|p2|Annihilape, L50, F|\n|poke|p2|Arboliva, L50, F|\n|poke|p2|Bombirdier, L50, F|\n|teampreview|4\n|inactive|Battle timer is ON: inactive players will automatically lose when time's up. (requested by lollokobra)\n|\n|t:|1683208756\n|start\n|switch|p1a: Flutter Mane|Flutter Mane, L50|100\/100\n|switch|p1b: Kingambit|Kingambit, L50, M|100\/100\n|switch|p2a: Kilowattrel|Kilowattrel, L50, F|100\/100\n|switch|p2b: Roaring Moon|Roaring Moon, L50|100\/100\n|-enditem|p1a: Flutter Mane|Booster Energy\n|-activate|p1a: Flutter Mane|ability: Protosynthesis|[fromitem]\n|-start|p1a: Flutter Mane|protosynthesisspe\n|-enditem|p2b: Roaring Moon|Booster Energy\n|-activate|p2b: Roaring Moon|ability: Protosynthesis|[fromitem]\n|-start|p2b: Roaring Moon|protosynthesisatk\n|turn|1\n|inactive|Goldeen Knights has 30 seconds left.\n|\n|t:|1683208784\n|-terastallize|p2b: Roaring Moon|Steel\n|move|p1a: Flutter Mane|Icy Wind|p2a: Kilowattrel|[spread] p2a,p2b\n|-supereffective|p2a: Kilowattrel\n|-resisted|p2b: Roaring Moon\n|-damage|p2a: Kilowattrel|48\/100\n|-damage|p2b: Roaring Moon|93\/100\n|-unboost|p2a: Kilowattrel|spe|1\n|-unboost|p2b: Roaring Moon|spe|1\n|-start|p2a: Kilowattrel|Charge|Icy Wind|[from] ability: Wind Power\n|move|p2a: Kilowattrel|Tailwind|p2a: Kilowattrel\n|-sidestart|p2: lollokobra|move: Tailwind\n|-start|p2a: Kilowattrel|Charge|Tailwind|[from] ability: Wind Power\n|move|p2b: Roaring Moon|Acrobatics|p1a: Flutter Mane\n|-damage|p1a: Flutter Mane|0 fnt\n|faint|p1a: Flutter Mane\n|-end|p1a: Flutter Mane|Protosynthesis|[silent]\n|move|p1b: Kingambit|Assurance|p2b: Roaring Moon\n|-damage|p2b: Roaring Moon|0 fnt\n|faint|p2b: Roaring Moon\n|-end|p2b: Roaring Moon|Protosynthesis|[silent]\n|\n|upkeep\n|\n|t:|1683208803\n|switch|p1a: Talonflame|Talonflame, L50, M|100\/100\n|switch|p2b: Bombirdier|Bombirdier, L50, F|100\/100\n|turn|2\n|\n|t:|1683208819\n|move|p2b: Bombirdier|Protect|p2b: Bombirdier\n|-singleturn|p2b: Bombirdier|Protect\n|move|p1b: Kingambit|Sucker Punch|p2a: Kilowattrel\n|-damage|p2a: Kilowattrel|0 fnt\n|faint|p2a: Kilowattrel\n|move|p1a: Talonflame|Will-O-Wisp|p2b: Bombirdier\n|-activate|p2b: Bombirdier|move: Protect\n|\n|upkeep\n|\n|t:|1683208824\n|switch|p2a: Annihilape|Annihilape, L50, F|100\/100\n|turn|3\n|\n|t:|1683208841\n|-terastallize|p1b: Kingambit|Fire\n|move|p1a: Talonflame|Brave Bird|p2a: Annihilape\n|-supereffective|p2a: Annihilape\n|-damage|p2a: Annihilape|20\/100\n|-damage|p1a: Talonflame|65\/100|[from] Recoil\n|move|p2b: Bombirdier|Rock Slide|p1b: Kingambit|[spread] p1b\n|-miss|p2b: Bombirdier|p1a: Talonflame\n|-supereffective|p1b: Kingambit\n|-crit|p1b: Kingambit\n|-damage|p1b: Kingambit|29\/100\n|move|p2a: Annihilape|Drain Punch|p1b: Kingambit\n|-damage|p1b: Kingambit|0 fnt\n|-heal|p2a: Annihilape|34\/100|[from] drain|[of] p1b: Kingambit\n|faint|p1b: Kingambit\n|\n|upkeep\n|\n|t:|1683208853\n|switch|p1b: Garchomp|Garchomp, L50, F|100\/100\n|turn|4\n|\n|t:|1683208872\n|move|p2b: Bombirdier|Rock Slide|p1b: Garchomp|[spread] p1a\n|-miss|p2b: Bombirdier|p1b: Garchomp\n|-supereffective|p1a: Talonflame\n|-damage|p1a: Talonflame|0 fnt\n|faint|p1a: Talonflame\n|move|p2a: Annihilape|Rage Fist|p1b: Garchomp\n|-damage|p1b: Garchomp|51\/100\n|-damage|p2a: Annihilape|21\/100|[from] ability: Rough Skin|[of] p1b: Garchomp\n|move|p1b: Garchomp|Rock Slide|p2a: Annihilape|[spread] p2a,p2b\n|-resisted|p2a: Annihilape\n|-supereffective|p2b: Bombirdier\n|-damage|p2a: Annihilape|10\/100\n|-damage|p2b: Bombirdier|34\/100\n|-damage|p1b: Garchomp|42\/100|[from] item: Life Orb\n|\n|-sideend|p2: lollokobra|move: Tailwind\n|upkeep\n|turn|5\n|\n|t:|1683208891\n|move|p2b: Bombirdier|Sucker Punch|p1b: Garchomp\n|-damage|p1b: Garchomp|10\/100\n|-damage|p2b: Bombirdier|22\/100|[from] ability: Rough Skin|[of] p1b: Garchomp\n|move|p1b: Garchomp|Rock Slide|p2a: Annihilape|[spread] p2a,p2b\n|-resisted|p2a: Annihilape\n|-supereffective|p2b: Bombirdier\n|-damage|p2a: Annihilape|0 fnt\n|-damage|p2b: Bombirdier|0 fnt\n|faint|p2a: Annihilape\n|faint|p2b: Bombirdier\n|-damage|p1b: Garchomp|0 fnt|[from] item: Life Orb\n|faint|p1b: Garchomp\n|\n|win|Goldeen Knights\n|raw|Goldeen Knights's rating: 1187 → 1213<\/strong> (+26 for winning)\n|raw|lollokobra's rating: 1196 → 1170<\/strong> (-26 for losing)\n|l|\u2606lollokobra\n","uploadtime":1683208906,"views":6,"p1id":"goldeenknights","p2id":"lollokobra","formatid":"gen9vgc2023regulationc","rating":1170,"private":0,"password":""}