{"id":"gen9vgc2023regulationc-1852672624","p1":"a14823","p2":"Fastjon4444","format":"[Gen 9] VGC 2023 Regulation C","log":"|j|\u2606a14823\n|j|\u2606Fastjon4444\n|t:|1682594491\n|gametype|doubles\n|player|p1|a14823|265|1326\n|player|p2|Fastjon4444|hilbert|1424\n|teamsize|p1|6\n|teamsize|p2|6\n|gen|9\n|tier|[Gen 9] VGC 2023 Regulation C\n|rated|\n|rule|Species Clause: Limit one of each Pok\u00e9mon\n|rule|Item Clause: Limit one of each item\n|clearpoke\n|poke|p1|Amoonguss, L50, M|\n|poke|p1|Roaring Moon, L50|\n|poke|p1|Arcanine, L50, M|\n|poke|p1|Iron Hands, L50|\n|poke|p1|Flutter Mane, L50|\n|poke|p1|Palafin, L50, M|\n|poke|p2|Chien-Pao, L50|\n|poke|p2|Dragapult, L50, M|\n|poke|p2|Arcanine, L50, F|\n|poke|p2|Flutter Mane, L50|\n|poke|p2|Palafin, L50, F|\n|poke|p2|Amoonguss, L50, F|\n|teampreview|4\n|\n|t:|1682594532\n|start\n|switch|p1a: Roaring Moon|Roaring Moon, L50|100\/100\n|switch|p1b: Amoonguss|Amoonguss, L50, M|100\/100\n|switch|p2a: Dragapult|Dragapult, L50, M|100\/100\n|switch|p2b: Flutter Mane|Flutter Mane, L50|100\/100\n|-enditem|p1a: Roaring Moon|Booster Energy\n|-activate|p1a: Roaring Moon|ability: Protosynthesis|[fromitem]\n|-start|p1a: Roaring Moon|protosynthesisatk\n|turn|1\n|\n|t:|1682594583\n|switch|p2a: Arcanine|Arcanine, L50, F|100\/100\n|-ability|p2a: Arcanine|Intimidate|boost\n|-unboost|p1a: Roaring Moon|atk|1\n|-unboost|p1b: Amoonguss|atk|1\n|-terastallize|p2b: Flutter Mane|Fairy\n|-terastallize|p1a: Roaring Moon|Flying\n|move|p1b: Amoonguss|Rage Powder|p1b: Amoonguss\n|-singleturn|p1b: Amoonguss|move: Rage Powder\n|move|p2b: Flutter Mane|Dazzling Gleam|p1a: Roaring Moon|[spread] p1a,p1b\n|-resisted|p1b: Amoonguss\n|-damage|p1a: Roaring Moon|53\/100\n|-damage|p1b: Amoonguss|75\/100\n|move|p1a: Roaring Moon|Dragon Dance|p1a: Roaring Moon\n|-boost|p1a: Roaring Moon|atk|1\n|-boost|p1a: Roaring Moon|spe|1\n|\n|upkeep\n|turn|2\n|j| Amano Ai\n|\n|t:|1682594607\n|move|p1a: Roaring Moon|Protect|p1a: Roaring Moon\n|-singleturn|p1a: Roaring Moon|Protect\n|move|p2b: Flutter Mane|Dazzling Gleam|p1b: Amoonguss|[spread] p1b\n|-activate|p1a: Roaring Moon|move: Protect\n|-resisted|p1b: Amoonguss\n|-damage|p1b: Amoonguss|50\/100\n|move|p2a: Arcanine|Flare Blitz|p1b: Amoonguss\n|-supereffective|p1b: Amoonguss\n|-damage|p1b: Amoonguss|0 fnt\n|faint|p1b: Amoonguss\n|-damage|p2a: Arcanine|82\/100|[from] Recoil\n|\n|upkeep\n|\n|t:|1682594613\n|switch|p1b: Arcanine|Arcanine, L50, M|100\/100\n|-ability|p1b: Arcanine|Intimidate|boost\n|-unboost|p2a: Arcanine|atk|1\n|-unboost|p2b: Flutter Mane|atk|1\n|turn|3\n|\n|t:|1682594637\n|move|p2a: Arcanine|Extreme Speed|p1a: Roaring Moon\n|-damage|p1a: Roaring Moon|34\/100\n|move|p1a: Roaring Moon|Acrobatics|p2a: Arcanine\n|-damage|p2a: Arcanine|0 fnt\n|faint|p2a: Arcanine\n|move|p2b: Flutter Mane|Dazzling Gleam|p1b: Arcanine|[spread] p1a,p1b\n|-resisted|p1b: Arcanine\n|-damage|p1a: Roaring Moon|0 fnt\n|-damage|p1b: Arcanine|68\/100\n|faint|p1a: Roaring Moon\n|-end|p1a: Roaring Moon|Protosynthesis|[silent]\n|move|p1b: Arcanine|Flare Blitz|p2b: Flutter Mane\n|-damage|p2b: Flutter Mane|14\/100\n|-damage|p1b: Arcanine|47\/100|[from] Recoil\n|\n|upkeep\n|\n|t:|1682594670\n|switch|p1a: Flutter Mane|Flutter Mane, L50|100\/100\n|switch|p2a: Dragapult|Dragapult, L50, M|100\/100\n|turn|4\n|\n|t:|1682594688\n|move|p1b: Arcanine|Extreme Speed|p2b: Flutter Mane\n|-damage|p2b: Flutter Mane|0 fnt\n|faint|p2b: Flutter Mane\n|-end|p2b: Flutter Mane|Protosynthesis|[silent]\n|move|p2a: Dragapult|Phantom Force||[still]\n|-prepare|p2a: Dragapult|Phantom Force\n|move|p1a: Flutter Mane|Moonblast|p2a: Dragapult|[miss]\n|-miss|p1a: Flutter Mane|p2a: Dragapult\n|\n|upkeep\n|\n|t:|1682594698\n|switch|p2b: Amoonguss|Amoonguss, L50, F|100\/100\n|turn|5\n|\n|t:|1682594723\n|move|p2b: Amoonguss|Rage Powder|p2b: Amoonguss\n|-singleturn|p2b: Amoonguss|move: Rage Powder\n|move|p2a: Dragapult|Phantom Force|p1a: Flutter Mane|[from]lockedmove\n|-supereffective|p1a: Flutter Mane\n|-enditem|p1a: Flutter Mane|Focus Sash\n|-damage|p1a: Flutter Mane|1\/100\n|move|p1a: Flutter Mane|Shadow Ball|p2b: Amoonguss\n|-damage|p2b: Amoonguss|61\/100\n|move|p1b: Arcanine|Flare Blitz|p2b: Amoonguss\n|-supereffective|p2b: Amoonguss\n|-damage|p2b: Amoonguss|0 fnt\n|-damage|p1b: Arcanine|31\/100|[from] item: Rocky Helmet|[of] p2b: Amoonguss\n|faint|p2b: Amoonguss\n|-damage|p1b: Arcanine|9\/100|[from] Recoil\n|\n|upkeep\n|turn|6\n|\n|t:|1682594742\n|move|p2a: Dragapult|Phantom Force||[still]\n|-prepare|p2a: Dragapult|Phantom Force\n|move|p1a: Flutter Mane|Moonblast|p2a: Dragapult|[miss]\n|-miss|p1a: Flutter Mane|p2a: Dragapult\n|move|p1b: Arcanine|Will-O-Wisp|p2a: Dragapult|[miss]\n|-miss|p1b: Arcanine|p2a: Dragapult\n|\n|upkeep\n|turn|7\n|\n|t:|1682594749\n|move|p2a: Dragapult|Phantom Force|p1a: Flutter Mane|[from]lockedmove\n|-supereffective|p1a: Flutter Mane\n|-damage|p1a: Flutter Mane|0 fnt\n|faint|p1a: Flutter Mane\n|-end|p1a: Flutter Mane|Protosynthesis|[silent]\n|move|p1b: Arcanine|Flare Blitz|p2a: Dragapult\n|-resisted|p2a: Dragapult\n|-damage|p2a: Dragapult|66\/100\n|-damage|p1b: Arcanine|0 fnt|[from] Recoil\n|faint|p1b: Arcanine\n|\n|win|Fastjon4444\n|raw|a14823's rating: 1326 → 1311<\/strong> (-15 for losing)\n|raw|Fastjon4444's rating: 1424 → 1439<\/strong> (+15 for winning)\n|l| Amano Ai\n","uploadtime":1682594765,"views":18,"p1id":"a14823","p2id":"fastjon4444","formatid":"gen9vgc2023regulationc","rating":1311,"private":0,"password":""}