{"id":"gen9vgc2023regulationc-1845422426","p1":"hysaaron","p2":"Aspired103","format":"[Gen 9] VGC 2023 Regulation C","log":"|j|\u2606hysaaron\n|j|\u2606Aspired103\n|t:|1681731232\n|gametype|doubles\n|player|p1|hysaaron|169|1075\n|player|p2|Aspired103|rosa|1062\n|teamsize|p1|6\n|teamsize|p2|6\n|gen|9\n|tier|[Gen 9] VGC 2023 Regulation C\n|rated|\n|rule|Species Clause: Limit one of each Pok\u00e9mon\n|rule|Item Clause: Limit one of each item\n|clearpoke\n|poke|p1|Annihilape, L50, M|\n|poke|p1|Maushold, L50|\n|poke|p1|Chien-Pao, L50|\n|poke|p1|Scizor, L50, M|\n|poke|p1|Gyarados, L50, F|\n|poke|p1|Ting-Lu, L50|\n|poke|p2|Iron Bundle, L50|\n|poke|p2|Baxcalibur, L50, M|\n|poke|p2|Slowking, L50, M|\n|poke|p2|Cetitan, L50, M|\n|poke|p2|Great Tusk, L50|\n|poke|p2|Sableye, L50, F|\n|teampreview|4\n|inactive|Battle timer is ON: inactive players will automatically lose when time's up. (requested by Aspired103)\nAspired103 has agreed to open team sheets.\n|\n|t:|1681731260\n|start\n|switch|p1a: Maushold|Maushold, L50|100\/100\n|switch|p1b: Annihilape|Annihilape, L50, M|100\/100\n|switch|p2a: Sableye|Sableye, L50, F|100\/100\n|switch|p2b: Slowking|Slowking, L50, M|100\/100\n|turn|1\n|inactive|hysaaron has 30 seconds left.\n|\n|t:|1681731292\n|-terastallize|p1a: Maushold|Ghost\n|move|p2b: Slowking|Protect|p2b: Slowking\n|-singleturn|p2b: Slowking|Protect\n|move|p2a: Sableye|Reflect|p2a: Sableye\n|-sidestart|p2: Aspired103|Reflect\n|move|p1a: Maushold|Beat Up|p1b: Annihilape\n|-damage|p1b: Annihilape|99\/100\n|-damage|p1b: Annihilape|97\/100\n|-damage|p1b: Annihilape|95\/100\n|-damage|p1b: Annihilape|93\/100\n|-hitcount|p1b: Annihilape|4\n|move|p1b: Annihilape|Rage Fist|p2b: Slowking\n|-activate|p2b: Slowking|move: Protect\n|\n|-heal|p1b: Annihilape|99\/100|[from] item: Leftovers\n|upkeep\n|turn|2\n|inactive|Aspired103 has 30 seconds left.\n|inactive|Aspired103 has 20 seconds left.\n|inactive|Aspired103 has 15 seconds left.\n|inactive|Aspired103 has 10 seconds left.\n|inactive|Aspired103 has 5 seconds left.\n|\n|t:|1681731344\n|move|p2a: Sableye|Will-O-Wisp|p1b: Annihilape|[miss]\n|-miss|p2a: Sableye|p1b: Annihilape\n|move|p1a: Maushold|Super Fang|p2b: Slowking\n|-damage|p2b: Slowking|50\/100\n|move|p1b: Annihilape|Rage Fist|p2a: Sableye\n|-damage|p2a: Sableye|0 fnt\n|faint|p2a: Sableye\n|move|p2b: Slowking|Chilly Reception|p2b: Slowking\n|-weather|Snow\n|\n|t:|1681731355\n|switch|p2b: Cetitan|Cetitan, L50, M|100\/100|[from] Chilly Reception\n|\n|-weather|Snow|[upkeep]\n|-heal|p1b: Annihilape|100\/100|[from] item: Leftovers\n|upkeep\n|\n|t:|1681731358\n|switch|p2a: Baxcalibur|Baxcalibur, L50, M|100\/100\n|turn|3\n|inactive|hysaaron has 30 seconds left.\n|\n|t:|1681731389\n|-terastallize|p2a: Baxcalibur|Ground\n|move|p1a: Maushold|Follow Me|p1a: Maushold\n|-singleturn|p1a: Maushold|move: Follow Me\n|move|p2b: Cetitan|Play Rough|p1a: Maushold\n|-damage|p1a: Maushold|57\/100\n|move|p2a: Baxcalibur|Icicle Spear|p1a: Maushold\n|-damage|p1a: Maushold|40\/100\n|-damage|p1a: Maushold|21\/100\n|-damage|p1a: Maushold|3\/100\n|-damage|p1a: Maushold|0 fnt\n|faint|p1a: Maushold\n|-hitcount|p1: Maushold|4\n|move|p1b: Annihilape|Rage Fist|p2b: Cetitan\n|-damage|p2b: Cetitan|49\/100\n|\n|-weather|Snow|[upkeep]\n|upkeep\n|inactive|hysaaron has 30 seconds left.\n|\n|t:|1681731420\n|switch|p1a: Scizor|Scizor, L50, M|100\/100\n|turn|4\n|\n|t:|1681731443\n|switch|p2b: Slowking|Slowking, L50, M|84\/100\n|move|p1b: Annihilape|Protect|p1b: Annihilape\n|-singleturn|p1b: Annihilape|Protect\n|move|p1a: Scizor|Bullet Punch|p2b: Slowking\n|-resisted|p2b: Slowking\n|-damage|p2b: Slowking|66\/100\n|move|p2a: Baxcalibur|Icicle Spear|p1b: Annihilape\n|-activate|p1b: Annihilape|move: Protect\n|\n|-weather|Snow|[upkeep]\n|upkeep\n|turn|5\n|inactive|hysaaron has 30 seconds left.\n|\n|t:|1681731472\n|switch|p1a: Gyarados|Gyarados, L50, F, shiny|100\/100\n|-ability|p1a: Gyarados|Intimidate|boost\n|-unboost|p2a: Baxcalibur|atk|1\n|-unboost|p2b: Slowking|atk|1\n|move|p2a: Baxcalibur|Earthquake|p1a: Gyarados|[spread] p2b,p1b\n|-immune|p1a: Gyarados\n|-damage|p2b: Slowking|45\/100\n|-damage|p1b: Annihilape|72\/100\n|move|p1b: Annihilape|Rage Fist|p2a: Baxcalibur\n|-damage|p2a: Baxcalibur|6\/100\n|move|p2b: Slowking|Heal Pulse|p2a: Baxcalibur\n|-heal|p2a: Baxcalibur|56\/100\n|\n|-weather|Snow|[upkeep]\n|-heal|p1b: Annihilape|78\/100|[from] item: Leftovers\n|upkeep\n|turn|6\n|inactive|hysaaron has 30 seconds left.\n|\n|t:|1681731506\n|move|p2a: Baxcalibur|Icicle Spear|p1b: Annihilape\n|-crit|p1b: Annihilape\n|-damage|p1b: Annihilape|59\/100\n|-damage|p1b: Annihilape|49\/100\n|-damage|p1b: Annihilape|40\/100\n|-damage|p1b: Annihilape|31\/100\n|-hitcount|p1b: Annihilape|4\n|move|p1b: Annihilape|Rage Fist|p2a: Baxcalibur\n|-damage|p2a: Baxcalibur|0 fnt\n|faint|p2a: Baxcalibur\n|move|p1a: Gyarados|Thunder Wave|p2b: Slowking\n|-status|p2b: Slowking|par\n|move|p2b: Slowking|Heal Pulse|p2: Baxcalibur|[notarget]\n|-fail|p2b: Slowking\n|\n|-weather|Snow|[upkeep]\n|-heal|p1b: Annihilape|37\/100|[from] item: Leftovers\n|upkeep\n|\n|t:|1681731525\n|switch|p2a: Cetitan|Cetitan, L50, M|49\/100\n|turn|7\n|\n|t:|1681731541\n|switch|p1b: Scizor|Scizor, L50, M|100\/100\n|move|p2a: Cetitan|Play Rough|p1b: Scizor\n|-resisted|p1b: Scizor\n|-damage|p1b: Scizor|85\/100\n|move|p1a: Gyarados|Thunder Wave|p2a: Cetitan\n|-status|p2a: Cetitan|par\n|move|p2b: Slowking|Heal Pulse|p2a: Cetitan\n|-heal|p2a: Cetitan|99\/100 par\n|\n|-weather|Snow|[upkeep]\n|upkeep\n|turn|8\n|-message|Aspired103 forfeited.\n|\n|win|hysaaron\n|raw|hysaaron's rating: 1075 → 1103<\/strong> (+28 for winning)\n|raw|Aspired103's rating: 1062 → 1043<\/strong> (-19 for losing)\n|l|\u2606Aspired103\n","uploadtime":1681731557,"views":5,"p1id":"hysaaron","p2id":"aspired103","formatid":"gen9vgc2023regulationc","rating":1043,"private":0,"password":""}