{"id":"gen9vgc2023regulationc-1846780626","p1":"DooT241","p2":"a3yashj","format":"[Gen 9] VGC 2023 Regulation C","log":"|j|\u2606DooT241\n|j|\u2606a3yashj\n|t:|1681878185\n|gametype|doubles\n|player|p1|DooT241|170|1166\n|player|p2|a3yashj|worker|1084\n|teamsize|p1|6\n|teamsize|p2|6\n|gen|9\n|tier|[Gen 9] VGC 2023 Regulation C\n|rated|\n|rule|Species Clause: Limit one of each Pok\u00e9mon\n|rule|Item Clause: Limit one of each item\n|clearpoke\n|poke|p1|Iron Moth, L50|\n|poke|p1|Flutter Mane, L50|\n|poke|p1|Gothitelle, L50, F|\n|poke|p1|Amoonguss, L50, F|\n|poke|p1|Chien-Pao, L50|\n|poke|p1|Gyarados, L50, M|\n|poke|p2|Dondozo, L50, F|\n|poke|p2|Tatsugiri-Droopy, L50, F|\n|poke|p2|Pelipper, L50, M|\n|poke|p2|Drednaw, L50, F|\n|poke|p2|Dragonite, L50, F|\n|poke|p2|Chien-Pao, L50|\n|teampreview|4\n|inactive|Battle timer is ON: inactive players will automatically lose when time's up. (requested by a3yashj)\n|inactive|a3yashj has 60 seconds left.\n|\n|t:|1681878225\n|start\n|switch|p1a: Amoonguss|Amoonguss, L50, F|100\/100\n|switch|p1b: Gothitelle|Gothitelle, L50, F|100\/100\n|switch|p2a: Pelipper|Pelipper, L50, M|100\/100\n|switch|p2b: Dragonite|Dragonite, L50, F|100\/100\n|-weather|RainDance|[from] ability: Drizzle|[of] p2a: Pelipper\n|-item|p2a: Pelipper|Damp Rock|[from] ability: Frisk|[of] p1b: Gothitelle|[identify]\n|-item|p2b: Dragonite|Lum Berry|[from] ability: Frisk|[of] p1b: Gothitelle|[identify]\n|turn|1\n|\n|t:|1681878249\n|move|p2a: Pelipper|Protect|p2a: Pelipper\n|-singleturn|p2a: Pelipper|Protect\n|move|p1b: Gothitelle|Fake Out|p2b: Dragonite\n|-damage|p2b: Dragonite|95\/100\n|move|p2b: Dragonite|Ice Spinner|p1a: Amoonguss\n|-supereffective|p1a: Amoonguss\n|-damage|p1a: Amoonguss|39\/100\n|-enditem|p1a: Amoonguss|Sitrus Berry|[eat]\n|-heal|p1a: Amoonguss|64\/100|[from] item: Sitrus Berry\n|move|p1a: Amoonguss|Spore|p2a: Pelipper\n|-activate|p2a: Pelipper|move: Protect\n|\n|-weather|RainDance|[upkeep]\n|upkeep\n|turn|2\n|\n|t:|1681878274\n|switch|p1a: Gyarados|Gyarados, L50, M|100\/100\n|-ability|p1a: Gyarados|Intimidate|boost\n|-unboost|p2a: Pelipper|atk|1\n|-fail|p2b: Dragonite|unboost|Attack|[from] ability: Inner Focus|[of] p2b: Dragonite\n|move|p2b: Dragonite|Ice Spinner|p1a: Gyarados\n|-damage|p1a: Gyarados|67\/100\n|-damage|p2b: Dragonite|79\/100|[from] item: Rocky Helmet|[of] p1a: Gyarados\n|move|p2a: Pelipper|Hurricane|p1a: Gyarados\n|-damage|p1a: Gyarados|19\/100\n|-start|p1a: Gyarados|confusion\n|move|p1b: Gothitelle|Taunt|p2a: Pelipper\n|-start|p2a: Pelipper|move: Taunt\n|\n|-weather|RainDance|[upkeep]\n|upkeep\n|turn|3\n|inactive|a3yashj has 30 seconds left.\n|\n|t:|1681878305\n|-activate|p1a: Gyarados|confusion\n|move|p1a: Gyarados|Protect|p1a: Gyarados\n|-singleturn|p1a: Gyarados|Protect\n|move|p2b: Dragonite|Extreme Speed|p1a: Gyarados\n|-activate|p1a: Gyarados|move: Protect\n|move|p2a: Pelipper|Hurricane|p1b: Gothitelle\n|-damage|p1b: Gothitelle|68\/100\n|move|p1b: Gothitelle|Psyshock|p2b: Dragonite\n|-damage|p2b: Dragonite|51\/100\n|\n|-weather|RainDance|[upkeep]\n|upkeep\n|turn|4\n|inactive|a3yashj has 30 seconds left.\n|\n|t:|1681878330\n|switch|p1a: Flutter Mane|Flutter Mane, L50|100\/100\n|move|p2b: Dragonite|Extreme Speed|p1a: Flutter Mane\n|-immune|p1a: Flutter Mane\n|move|p2a: Pelipper|Hurricane|p1b: Gothitelle\n|-damage|p1b: Gothitelle|34\/100\n|move|p1b: Gothitelle|Psyshock|p2b: Dragonite\n|-damage|p2b: Dragonite|25\/100\n|\n|-weather|RainDance|[upkeep]\n|upkeep\n|turn|5\n|inactive|a3yashj has 30 seconds left.\n|\n|t:|1681878360\n|switch|p2a: Dondozo|Dondozo, L50, F|100\/100\n|move|p2b: Dragonite|Extreme Speed|p1b: Gothitelle\n|-damage|p1b: Gothitelle|2\/100\n|move|p1a: Flutter Mane|Shadow Ball|p2b: Dragonite\n|-damage|p2b: Dragonite|0 fnt\n|faint|p2b: Dragonite\n|-damage|p1a: Flutter Mane|90\/100|[from] item: Life Orb\n|move|p1b: Gothitelle|Psyshock|p2a: Dondozo\n|-damage|p2a: Dondozo|79\/100\n|\n|-weather|RainDance|[upkeep]\n|upkeep\n|\n|t:|1681878374\n|switch|p2b: Tatsugiri|Tatsugiri-Droopy, L50, F, shiny|100\/100\n|-activate|p2b: Tatsugiri|ability: Commander|[of] p2a: Dondozo\n|-boost|p2a: Dondozo|atk|2\n|-boost|p2a: Dondozo|spa|2\n|-boost|p2a: Dondozo|spe|2\n|-boost|p2a: Dondozo|def|2\n|-boost|p2a: Dondozo|spd|2\n|turn|6\n|\n|t:|1681878392\n|-terastallize|p2a: Dondozo|Water\n|move|p1a: Flutter Mane|Protect|p1a: Flutter Mane\n|-singleturn|p1a: Flutter Mane|Protect\n|move|p2a: Dondozo|Surf|p1a: Flutter Mane|[spread] p1b\n|-miss|p2a: Dondozo|p2b: Tatsugiri\n|-activate|p1a: Flutter Mane|move: Protect\n|-damage|p1b: Gothitelle|0 fnt\n|faint|p1b: Gothitelle\n|-damage|p2a: Dondozo|69\/100|[from] item: Life Orb\n|\n|-weather|RainDance|[upkeep]\n|upkeep\n|\n|t:|1681878406\n|switch|p1b: Amoonguss|Amoonguss, L50, F|97\/100\n|turn|7\n|\n|t:|1681878414\n|-end|p1a: Flutter Mane|Protosynthesis|[silent]\n|switch|p1a: Gyarados|Gyarados, L50, M|19\/100\n|-ability|p1a: Gyarados|Intimidate|boost\n|-unboost|p2a: Dondozo|atk|1\n|-unboost|p2b: Tatsugiri|atk|1\n|move|p2a: Dondozo|Surf|p1a: Gyarados|[spread] p1a,p1b\n|-miss|p2a: Dondozo|p2b: Tatsugiri\n|-resisted|p1a: Gyarados\n|-resisted|p1b: Amoonguss\n|-damage|p1a: Gyarados|0 fnt\n|-damage|p1b: Amoonguss|58\/100\n|faint|p1a: Gyarados\n|-damage|p2a: Dondozo|59\/100|[from] item: Life Orb\n|move|p1b: Amoonguss|Clear Smog|p2a: Dondozo\n|-damage|p2a: Dondozo|50\/100\n|-clearboost|p2a: Dondozo\n|\n|-weather|RainDance|[upkeep]\n|upkeep\n|\n|t:|1681878431\n|switch|p1a: Flutter Mane|Flutter Mane, L50|90\/100\n|turn|8\n|\n|t:|1681878440\n|-terastallize|p1a: Flutter Mane|Ghost\n|move|p1a: Flutter Mane|Shadow Ball|p2a: Dondozo\n|-damage|p2a: Dondozo|0 fnt\n|faint|p2a: Dondozo\n|-damage|p1a: Flutter Mane|80\/100|[from] item: Life Orb\n|move|p1b: Amoonguss|Spore|p2b: Tatsugiri\n|-status|p2b: Tatsugiri|slp|[from] move: Spore\n|\n|-weather|none\n|upkeep\n|\n|t:|1681878448\n|switch|p2a: Pelipper|Pelipper, L50, M|100\/100\n|-weather|RainDance|[from] ability: Drizzle|[of] p2a: Pelipper\n|turn|9\n|\n|t:|1681878460\n|move|p1b: Amoonguss|Rage Powder|p1b: Amoonguss\n|-singleturn|p1b: Amoonguss|move: Rage Powder\n|cant|p2b: Tatsugiri|slp\n|move|p1a: Flutter Mane|Shadow Ball|p2a: Pelipper\n|-damage|p2a: Pelipper|0 fnt\n|faint|p2a: Pelipper\n|-damage|p1a: Flutter Mane|70\/100|[from] item: Life Orb\n|\n|-weather|RainDance|[upkeep]\n|upkeep\n|turn|10\n|-message|a3yashj forfeited.\n|\n|win|DooT241\n|raw|DooT241's rating: 1166 → 1185<\/strong> (+19 for winning)\n|raw|a3yashj's rating: 1084 → 1067<\/strong> (-17 for losing)\n|l|\u2606a3yashj\n","uploadtime":1681878476,"views":7,"p1id":"doot241","p2id":"a3yashj","formatid":"gen9vgc2023regulationc","rating":1067,"private":0,"password":""}