{"id":"gen9vgc2023regulationc-1854736148","p1":"subarun","p2":"Deividcarroll14MLQ","format":"[Gen 9] VGC 2023 Regulation C","log":"|j|\u2606subarun\n|j|\u2606Deividcarroll14MLQ\n|t:|1682859046\n|gametype|doubles\n|player|p1|subarun|265|1334\n|player|p2|Deividcarroll14MLQ|cyrus|1357\n|teamsize|p1|6\n|teamsize|p2|6\n|gen|9\n|tier|[Gen 9] VGC 2023 Regulation C\n|rated|\n|rule|Species Clause: Limit one of each Pok\u00e9mon\n|rule|Item Clause: Limit one of each item\n|clearpoke\n|poke|p1|Chi-Yu, L50|\n|poke|p1|Breloom, L50, M|\n|poke|p1|Tyranitar, L50, M|\n|poke|p1|Indeedee-F, L50, F|\n|poke|p1|Armarouge, L50, M|\n|poke|p1|Lycanroc, L50, M|\n|poke|p2|Tsareena, L50, F|\n|poke|p2|Talonflame, L50, F|\n|poke|p2|Garchomp, L50, M|\n|poke|p2|Iron Hands, L50|\n|poke|p2|Flutter Mane, L50|\n|poke|p2|Chien-Pao, L50|\n|teampreview|4\n|inactive|Battle timer is ON: inactive players will automatically lose when time's up. (requested by Deividcarroll14MLQ)\n|\n|t:|1682859073\n|start\n|switch|p1a: Indeedee|Indeedee-F, L50, F|100\/100\n|switch|p1b: Armarouge|Armarouge, L50, M|100\/100\n|switch|p2a: Talonflame|Talonflame, L50, F|100\/100\n|switch|p2b: Garchomp|Garchomp, L50, M|100\/100\n|-fieldstart|move: Psychic Terrain|[from] ability: Psychic Surge|[of] p1a: Indeedee\n|turn|1\n|inactive|Deividcarroll14MLQ has 30 seconds left.\n|\n|t:|1682859099\n|switch|p2a: Iron Hands|Iron Hands, L50|100\/100\n|move|p1a: Indeedee|Fake Out|p2a: Iron Hands\n|-activate|p2a: Iron Hands|move: Psychic Terrain\n|move|p2b: Garchomp|Rock Slide|p1b: Armarouge|[spread] p1a,p1b\n|-supereffective|p1b: Armarouge\n|-damage|p1a: Indeedee|81\/100\n|-damage|p1b: Armarouge|58\/100\n|-ability|p1b: Armarouge|Weak Armor|boost\n|-unboost|p1b: Armarouge|def|1\n|-boost|p1b: Armarouge|spe|2\n|move|p1b: Armarouge|Expanding Force|p2a: Iron Hands|[spread] p2a,p2b\n|-supereffective|p2a: Iron Hands\n|-damage|p2a: Iron Hands|7\/100\n|-damage|p2b: Garchomp|31\/100\n|\n|upkeep\n|turn|2\n|inactive|subarun has 30 seconds left.\n|inactive|subarun has 20 seconds left.\n|inactive|subarun has 15 seconds left.\n|\n|t:|1682859141\n|switch|p1a: Lycanroc|Lycanroc, L50, M|100\/100\n|move|p1b: Armarouge|Expanding Force|p2a: Iron Hands|[spread] p2a,p2b\n|-supereffective|p2a: Iron Hands\n|-damage|p2a: Iron Hands|0 fnt\n|-damage|p2b: Garchomp|0 fnt\n|faint|p2a: Iron Hands\n|-end|p2a: Iron Hands|Quark Drive|[silent]\n|faint|p2b: Garchomp\n|\n|upkeep\n|\n|t:|1682859150\n|switch|p2b: Flutter Mane|Flutter Mane, L50|100\/100\n|switch|p2a: Talonflame|Talonflame, L50, F|100\/100\n|-enditem|p2b: Flutter Mane|Booster Energy\n|-activate|p2b: Flutter Mane|ability: Protosynthesis|[fromitem]\n|-start|p2b: Flutter Mane|protosynthesisspa\n|turn|3\n|inactive|subarun has 30 seconds left.\n|inactive|subarun has 20 seconds left.\n|inactive|subarun has 15 seconds left.\n|inactive|subarun has 10 seconds left.\n|\n|t:|1682859200\n|move|p2a: Talonflame|Tailwind|p2a: Talonflame\n|-sidestart|p2: Deividcarroll14MLQ|move: Tailwind\n|move|p1a: Lycanroc|Accelerock|p2a: Talonflame\n|-hint|Psychic Terrain doesn't affect Pok\u00e9mon immune to Ground.\n|-supereffective|p2a: Talonflame\n|-damage|p2a: Talonflame|0 fnt\n|faint|p2a: Talonflame\n|move|p2b: Flutter Mane|Shadow Ball|p1b: Armarouge\n|-supereffective|p1b: Armarouge\n|-damage|p1b: Armarouge|0 fnt\n|faint|p1b: Armarouge\n|\n|upkeep\n|\n|t:|1682859212\n|switch|p1b: Indeedee|Indeedee-F, L50, F|81\/100\n|turn|4\n|\n|t:|1682859229\n|-terastallize|p2b: Flutter Mane|Fairy\n|-terastallize|p1a: Lycanroc|Rock\n|move|p1b: Indeedee|Helping Hand|p1a: Lycanroc\n|-singleturn|p1a: Lycanroc|Helping Hand|[of] p1b: Indeedee\n|move|p1a: Lycanroc|Accelerock|p2b: Flutter Mane\n|-activate|p2b: Flutter Mane|move: Psychic Terrain\n|move|p2b: Flutter Mane|Dazzling Gleam|p1a: Lycanroc|[spread] p1a,p1b\n|-enditem|p1a: Lycanroc|Focus Sash\n|-damage|p1a: Lycanroc|1\/100\n|-damage|p1b: Indeedee|32\/100\n|\n|upkeep\n|turn|5\n|\n|t:|1682859244\n|move|p1b: Indeedee|Follow Me|p1b: Indeedee\n|-singleturn|p1b: Indeedee|move: Follow Me\n|move|p2b: Flutter Mane|Dazzling Gleam|p1a: Lycanroc|[spread] p1a,p1b\n|-damage|p1a: Lycanroc|0 fnt\n|-damage|p1b: Indeedee|0 fnt\n|faint|p1a: Lycanroc\n|faint|p1b: Indeedee\n|\n|-fieldend|move: Psychic Terrain\n|upkeep\n|\n|t:|1682859246\n|switch|p1b: Tyranitar|Tyranitar, L50, M|100\/100\n|-weather|Sandstorm|[from] ability: Sand Stream|[of] p1b: Tyranitar\n|turn|6\n|\n|t:|1682859254\n|move|p2b: Flutter Mane|Moonblast|p1b: Tyranitar\n|-supereffective|p1b: Tyranitar\n|-damage|p1b: Tyranitar|0 fnt\n|faint|p1b: Tyranitar\n|\n|win|Deividcarroll14MLQ\n|raw|subarun's rating: 1334 → 1315<\/strong> (-19 for losing)\n|raw|Deividcarroll14MLQ's rating: 1357 → 1376<\/strong> (+19 for winning)\n|l|\u2606subarun\n","uploadtime":1682859281,"views":7,"p1id":"subarun","p2id":"deividcarroll14mlq","formatid":"gen9vgc2023regulationc","rating":1315,"private":0,"password":""}