{"id":"gen9vgc2023regulationc-1844971074","p1":"Phelon","p2":"289828a","format":"[Gen 9] VGC 2023 Regulation C","log":"|j|\u2606Phelon\n|j|\u2606289828a\n|t:|1681669534\n|gametype|doubles\n|player|p1|Phelon|burglar|1328\n|player|p2|289828a|1|1246\n|teamsize|p1|6\n|teamsize|p2|6\n|gen|9\n|tier|[Gen 9] VGC 2023 Regulation C\n|rated|\n|rule|Species Clause: Limit one of each Pok\u00e9mon\n|rule|Item Clause: Limit one of each item\n|clearpoke\n|poke|p1|Volcarona, L50, F|\n|poke|p1|Gyarados, L50, F|\n|poke|p1|Wo-Chien, L50|\n|poke|p1|Flutter Mane, L50|\n|poke|p1|Roaring Moon, L50|\n|poke|p1|Maushold-Four, L50|\n|poke|p2|Grafaiai, L50, M|\n|poke|p2|Kingambit, L50, F|\n|poke|p2|Volcarona, L50, M|\n|poke|p2|Amoonguss, L50, M|\n|poke|p2|Iron Valiant, L50|\n|poke|p2|Sandy Shocks, L50|\n|teampreview|4\nPhelon has agreed to open team sheets.\n|\n|t:|1681669601\n|start\n|switch|p1a: Roaring Moon|Roaring Moon, L50|100\/100\n|switch|p1b: Maushold|Maushold-Four, L50|100\/100\n|switch|p2a: Sandy Shocks|Sandy Shocks, L50|100\/100\n|switch|p2b: Iron Valiant|Iron Valiant, L50|100\/100\n|-enditem|p1a: Roaring Moon|Booster Energy\n|-activate|p1a: Roaring Moon|ability: Protosynthesis|[fromitem]\n|-start|p1a: Roaring Moon|protosynthesisatk\n|-enditem|p2a: Sandy Shocks|Booster Energy\n|-activate|p2a: Sandy Shocks|ability: Protosynthesis|[fromitem]\n|-start|p2a: Sandy Shocks|protosynthesisspe\n|turn|1\n|\n|t:|1681669614\n|move|p1b: Maushold|Follow Me|p1b: Maushold\n|-singleturn|p1b: Maushold|move: Follow Me\n|move|p2a: Sandy Shocks|Gravity|p2a: Sandy Shocks\n|-fieldstart|move: Gravity\n|move|p1a: Roaring Moon|Dragon Dance|p1a: Roaring Moon\n|-boost|p1a: Roaring Moon|atk|1\n|-boost|p1a: Roaring Moon|spe|1\n|move|p2b: Iron Valiant|Icy Wind|p1a: Roaring Moon|[spread] p1a,p1b\n|-supereffective|p1a: Roaring Moon\n|-damage|p1a: Roaring Moon|78\/100\n|-damage|p1b: Maushold|87\/100\n|-unboost|p1a: Roaring Moon|spe|1\n|-unboost|p1b: Maushold|spe|1\n|\n|upkeep\n|turn|2\n|\n|t:|1681669633\n|move|p1b: Maushold|Follow Me|p1b: Maushold\n|-singleturn|p1b: Maushold|move: Follow Me\n|move|p2a: Sandy Shocks|Metal Sound|p1b: Maushold\n|-unboost|p1b: Maushold|spd|2\n|move|p1a: Roaring Moon|Jaw Lock|p2a: Sandy Shocks\n|-damage|p2a: Sandy Shocks|10\/100\n|-activate|p1a: Roaring Moon|trapped\n|-activate|p2a: Sandy Shocks|trapped\n|move|p2b: Iron Valiant|Dazzling Gleam|p1b: Maushold|[spread] p1a,p1b\n|-supereffective|p1a: Roaring Moon\n|-damage|p1a: Roaring Moon|0 fnt\n|-damage|p1b: Maushold|34\/100\n|faint|p1a: Roaring Moon\n|-end|p1a: Roaring Moon|Protosynthesis|[silent]\n|\n|upkeep\n|\n|t:|1681669645\n|switch|p1a: Volcarona|Volcarona, L50, F|100\/100\n|turn|3\n|\n|t:|1681669657\n|move|p1b: Maushold|Protect|p1b: Maushold\n|-singleturn|p1b: Maushold|Protect\n|move|p2a: Sandy Shocks|Thunder|p1b: Maushold\n|-activate|p1b: Maushold|move: Protect\n|move|p2b: Iron Valiant|Hypnosis|p1a: Volcarona\n|-status|p1a: Volcarona|slp|[from] move: Hypnosis\n|cant|p1a: Volcarona|slp\n|\n|upkeep\n|turn|4\n|\n|t:|1681669676\n|move|p1b: Maushold|Protect|p1b: Maushold\n|-singleturn|p1b: Maushold|Protect\n|move|p2a: Sandy Shocks|Metal Sound|p1a: Volcarona\n|-unboost|p1a: Volcarona|spd|2\n|move|p2b: Iron Valiant|Aura Sphere|p1b: Maushold\n|-activate|p1b: Maushold|move: Protect\n|cant|p1a: Volcarona|slp\n|\n|upkeep\n|turn|5\n|\n|t:|1681669694\n|move|p1b: Maushold|Follow Me|p1b: Maushold\n|-singleturn|p1b: Maushold|move: Follow Me\n|move|p2a: Sandy Shocks|Thunder|p1b: Maushold\n|-damage|p1b: Maushold|0 fnt\n|faint|p1b: Maushold\n|move|p2b: Iron Valiant|Dazzling Gleam|p1a: Volcarona\n|-resisted|p1a: Volcarona\n|-damage|p1a: Volcarona|65\/100 slp\n|-curestatus|p1a: Volcarona|slp|[msg]\n|move|p1a: Volcarona|Heat Wave|p2a: Sandy Shocks|[spread] p2a,p2b\n|-damage|p2a: Sandy Shocks|0 fnt\n|-damage|p2b: Iron Valiant|39\/100\n|faint|p2a: Sandy Shocks\n|-end|p2a: Sandy Shocks|Protosynthesis|[silent]\n|\n|-fieldend|move: Gravity\n|upkeep\n|\n|t:|1681669710\n|switch|p2a: Grafaiai|Grafaiai, L50, M|100\/100\n|switch|p1b: Wo-Chien|Wo-Chien, L50|100\/100\n|-ability|p1b: Wo-Chien|Tablets of Ruin\n|turn|6\n|\n|t:|1681669725\n|-terastallize|p1b: Wo-Chien|Poison\n|move|p1a: Volcarona|Protect|p1a: Volcarona\n|-singleturn|p1a: Volcarona|Protect\n|move|p2b: Iron Valiant|Hypnosis|p1a: Volcarona\n|-activate|p1a: Volcarona|move: Protect\n|move|p2a: Grafaiai|Super Fang|p1b: Wo-Chien\n|-damage|p1b: Wo-Chien|50\/100\n|move|p1b: Wo-Chien|Leech Seed|p2b: Iron Valiant\n|-start|p2b: Iron Valiant|move: Leech Seed\n|\n|-heal|p1b: Wo-Chien|57\/100|[from] item: Leftovers\n|-damage|p2b: Iron Valiant|27\/100|[from] Leech Seed|[of] p1b: Wo-Chien\n|-heal|p1b: Wo-Chien|66\/100|[silent]\n|upkeep\n|turn|7\n|\n|t:|1681669754\n|move|p1b: Wo-Chien|Protect|p1b: Wo-Chien\n|-singleturn|p1b: Wo-Chien|Protect\n|move|p2b: Iron Valiant|Aura Sphere|p1a: Volcarona\n|-resisted|p1a: Volcarona\n|-damage|p1a: Volcarona|26\/100\n|move|p2a: Grafaiai|Knock Off|p1a: Volcarona\n|-damage|p1a: Volcarona|6\/100\n|-enditem|p1a: Volcarona|Covert Cloak|[from] move: Knock Off|[of] p2a: Grafaiai\n|move|p1a: Volcarona|Quiver Dance|p1a: Volcarona\n|-boost|p1a: Volcarona|spa|1\n|-boost|p1a: Volcarona|spd|1\n|-boost|p1a: Volcarona|spe|1\n|\n|-heal|p1b: Wo-Chien|72\/100|[from] item: Leftovers\n|-damage|p2b: Iron Valiant|15\/100|[from] Leech Seed|[of] p1b: Wo-Chien\n|-heal|p1b: Wo-Chien|82\/100|[silent]\n|upkeep\n|turn|8\n|\n|t:|1681669775\n|move|p2a: Grafaiai|Parting Shot|p1a: Volcarona\n|-unboost|p1a: Volcarona|atk|1\n|-unboost|p1a: Volcarona|spa|1\n|\n|t:|1681669778\n|switch|p2a: Kingambit|Kingambit, L50, F, shiny|100\/100|[from] Parting Shot\n|move|p1a: Volcarona|Heat Wave|p2b: Iron Valiant|[spread] p2a,p2b\n|-supereffective|p2a: Kingambit\n|-damage|p2a: Kingambit|37\/100\n|-damage|p2b: Iron Valiant|0 fnt\n|faint|p2b: Iron Valiant\n|-end|p2b: Iron Valiant|Quark Drive|[silent]\n|move|p1b: Wo-Chien|Leech Seed|p2a: Kingambit\n|-start|p2a: Kingambit|move: Leech Seed\n|\n|-heal|p1b: Wo-Chien|88\/100|[from] item: Leftovers\n|-damage|p2a: Kingambit|24\/100|[from] Leech Seed|[of] p1b: Wo-Chien\n|-heal|p1b: Wo-Chien|99\/100|[silent]\n|upkeep\n|\n|t:|1681669785\n|switch|p2b: Grafaiai|Grafaiai, L50, M|100\/100\n|turn|9\n|\n|t:|1681669801\n|move|p1a: Volcarona|Protect|p1a: Volcarona\n|-singleturn|p1a: Volcarona|Protect\n|move|p2a: Kingambit|Sucker Punch||[still]\n|-fail|p2a: Kingambit\n|move|p2b: Grafaiai|Super Fang|p1b: Wo-Chien\n|-damage|p1b: Wo-Chien|50\/100\n|move|p1b: Wo-Chien|Leech Seed|p2b: Grafaiai\n|-start|p2b: Grafaiai|move: Leech Seed\n|\n|-heal|p1b: Wo-Chien|57\/100|[from] item: Leftovers\n|-damage|p2b: Grafaiai|88\/100|[from] Leech Seed|[of] p1b: Wo-Chien\n|-heal|p1b: Wo-Chien|68\/100|[silent]\n|-damage|p2a: Kingambit|12\/100|[from] Leech Seed|[of] p1b: Wo-Chien\n|-heal|p1b: Wo-Chien|80\/100|[silent]\n|upkeep\n|turn|10\n|\n|t:|1681669820\n|move|p1a: Volcarona|Protect||[still]\n|-fail|p1a: Volcarona\n|move|p1b: Wo-Chien|Protect|p1b: Wo-Chien\n|-singleturn|p1b: Wo-Chien|Protect\n|move|p2b: Grafaiai|Knock Off|p1a: Volcarona\n|-damage|p1a: Volcarona|0 fnt\n|faint|p1a: Volcarona\n|move|p2a: Kingambit|Swords Dance|p2a: Kingambit\n|-boost|p2a: Kingambit|atk|2\n|\n|-heal|p1b: Wo-Chien|86\/100|[from] item: Leftovers\n|-damage|p2b: Grafaiai|76\/100|[from] Leech Seed|[of] p1b: Wo-Chien\n|-heal|p1b: Wo-Chien|97\/100|[silent]\n|-damage|p2a: Kingambit|0 fnt|[from] Leech Seed|[of] p1b: Wo-Chien\n|-heal|p1b: Wo-Chien|100\/100|[silent]\n|faint|p2a: Kingambit\n|upkeep\n|turn|11\n|\n|t:|1681669837\n|move|p2b: Grafaiai|Super Fang|p1b: Wo-Chien\n|-damage|p1b: Wo-Chien|50\/100\n|move|p1b: Wo-Chien|Foul Play|p2b: Grafaiai\n|-damage|p2b: Grafaiai|28\/100\n|\n|-heal|p1b: Wo-Chien|57\/100|[from] item: Leftovers\n|-damage|p2b: Grafaiai|16\/100|[from] Leech Seed|[of] p1b: Wo-Chien\n|-heal|p1b: Wo-Chien|68\/100|[silent]\n|upkeep\n|turn|12\n|\n|t:|1681669845\n|move|p1b: Wo-Chien|Protect|p1b: Wo-Chien\n|-singleturn|p1b: Wo-Chien|Protect\n|move|p2b: Grafaiai|Knock Off|p1b: Wo-Chien\n|-activate|p1b: Wo-Chien|move: Protect\n|\n|-heal|p1b: Wo-Chien|74\/100|[from] item: Leftovers\n|-damage|p2b: Grafaiai|3\/100|[from] Leech Seed|[of] p1b: Wo-Chien\n|-heal|p1b: Wo-Chien|85\/100|[silent]\n|upkeep\n|turn|13\n|-message|289828a forfeited.\n|\n|win|Phelon\n|raw|Phelon's rating: 1328 → 1343<\/strong> (+15 for winning)\n|raw|289828a's rating: 1246 → 1227<\/strong> (-19 for losing)\n|l|\u2606289828a\n","uploadtime":1681669856,"views":8,"p1id":"phelon","p2id":"289828a","formatid":"gen9vgc2023regulationc","rating":1227,"private":0,"password":""}