{"id":"gen9vgc2023regulationc-1862398077","p1":"going hard 2","p2":"SM0KESgirl","format":"[Gen 9] VGC 2023 Regulation C","log":"|j|\u2606going hard 2\n|j|\u2606SM0KESgirl\n|t:|1683879426\n|gametype|doubles\n|player|p1|going hard 2|thorton|1416\n|player|p2|SM0KESgirl|skyla|1321\n|teamsize|p1|6\n|teamsize|p2|6\n|gen|9\n|tier|[Gen 9] VGC 2023 Regulation C\n|rated|\n|rule|Species Clause: Limit one of each Pok\u00e9mon\n|rule|Item Clause: Limit one of each item\n|clearpoke\n|poke|p1|Flutter Mane, L50|\n|poke|p1|Chi-Yu, L50|\n|poke|p1|Gyarados, L50, M|\n|poke|p1|Amoonguss, L50, M|\n|poke|p1|Kingambit, L50, F|\n|poke|p1|Hariyama, L50, M|\n|poke|p2|Gholdengo, L50|\n|poke|p2|Murkrow, L50, F|\n|poke|p2|Baxcalibur, L50, F|\n|poke|p2|Annihilape, L50, F|\n|poke|p2|Flutter Mane, L50|\n|poke|p2|Amoonguss, L50, M|\n|teampreview|4\n|\n|t:|1683879462\n|start\n|switch|p1a: Hariyama|Hariyama, L50, M|100\/100\n|switch|p1b: Chi-Yu|Chi-Yu, L50|100\/100\n|switch|p2a: Murkrow|Murkrow, L50, F|100\/100\n|switch|p2b: Baxcalibur|Baxcalibur, L50, F|100\/100\n|-ability|p1b: Chi-Yu|Beads of Ruin\n|turn|1\n|\n|t:|1683879494\n|switch|p1b: Kingambit|Kingambit, L50, F|100\/100\n|move|p1a: Hariyama|Fake Out|p2b: Baxcalibur\n|-damage|p2b: Baxcalibur|89\/100\n|move|p2a: Murkrow|Tailwind|p2a: Murkrow\n|-sidestart|p2: SM0KESgirl|move: Tailwind\n|cant|p2b: Baxcalibur|flinch\n|\n|upkeep\n|turn|2\n|\n|t:|1683879517\n|move|p2a: Murkrow|Thunder Wave|p1a: Hariyama\n|-status|p1a: Hariyama|par\n|move|p2b: Baxcalibur|Earthquake|p1a: Hariyama|[spread] p1a,p1b\n|-immune|p2a: Murkrow\n|-supereffective|p1b: Kingambit\n|-damage|p1a: Hariyama|68\/100 par\n|-damage|p1b: Kingambit|58\/100\n|move|p1b: Kingambit|Kowtow Cleave|p2b: Baxcalibur\n|-damage|p2b: Baxcalibur|50\/100\n|move|p1a: Hariyama|Drain Punch|p2b: Baxcalibur\n|-supereffective|p2b: Baxcalibur\n|-damage|p2b: Baxcalibur|0 fnt\n|-heal|p1a: Hariyama|93\/100 par|[from] drain|[of] p2b: Baxcalibur\n|faint|p2b: Baxcalibur\n|\n|upkeep\n|\n|t:|1683879544\n|switch|p2b: Gholdengo|Gholdengo, L50|100\/100\n|turn|3\n|\n|t:|1683879558\n|-terastallize|p2b: Gholdengo|Water\n|move|p2a: Murkrow|Foul Play|p1b: Kingambit\n|-resisted|p1b: Kingambit\n|-damage|p1b: Kingambit|37\/100\n|move|p2b: Gholdengo|Make It Rain|p1b: Kingambit|[spread] p1a,p1b\n|-resisted|p1b: Kingambit\n|-damage|p1a: Hariyama|49\/100 par\n|-damage|p1b: Kingambit|0 fnt\n|-unboost|p2b: Gholdengo|spa|1\n|faint|p1b: Kingambit\n|move|p1a: Hariyama|Thunder Punch|p2b: Gholdengo\n|-supereffective|p2b: Gholdengo\n|-damage|p2b: Gholdengo|50\/100\n|\n|upkeep\n|\n|t:|1683879575\n|switch|p1b: Chi-Yu|Chi-Yu, L50|100\/100\n|-ability|p1b: Chi-Yu|Beads of Ruin\n|turn|4\n|\n|t:|1683879600\n|switch|p2b: Annihilape|Annihilape, L50, F|100\/100\n|move|p2a: Murkrow|Foul Play|p1b: Chi-Yu\n|-resisted|p1b: Chi-Yu\n|-damage|p1b: Chi-Yu|89\/100\n|move|p1b: Chi-Yu|Dark Pulse|p2b: Annihilape\n|-damage|p2b: Annihilape|68\/100\n|move|p1a: Hariyama|Drain Punch|p2b: Annihilape\n|-immune|p2b: Annihilape\n|\n|-heal|p2b: Annihilape|74\/100|[from] item: Leftovers\n|-heal|p1b: Chi-Yu|95\/100|[from] item: Leftovers\n|-sideend|p2: SM0KESgirl|move: Tailwind\n|upkeep\n|turn|5\n|\n|t:|1683879644\n|-terastallize|p1b: Chi-Yu|Water\n|move|p2a: Murkrow|Thunder Wave|p1b: Chi-Yu\n|-status|p1b: Chi-Yu|par\n|move|p2b: Annihilape|Rage Fist|p1a: Hariyama\n|-damage|p1a: Hariyama|3\/100 par\n|move|p1b: Chi-Yu|Dark Pulse|p2b: Annihilape\n|-damage|p2b: Annihilape|39\/100\n|move|p1a: Hariyama|Thunder Punch|p2b: Annihilape\n|-damage|p2b: Annihilape|13\/100\n|\n|-heal|p2b: Annihilape|19\/100|[from] item: Leftovers\n|-heal|p1b: Chi-Yu|100\/100 par|[from] item: Leftovers\n|upkeep\n|turn|6\n|\n|t:|1683879676\n|switch|p1a: Flutter Mane|Flutter Mane, L50|100\/100\n|-enditem|p1a: Flutter Mane|Booster Energy\n|-activate|p1a: Flutter Mane|ability: Protosynthesis|[fromitem]\n|-start|p1a: Flutter Mane|protosynthesisspa\n|move|p2b: Annihilape|Protect|p2b: Annihilape\n|-singleturn|p2b: Annihilape|Protect\n|move|p1b: Chi-Yu|Protect|p1b: Chi-Yu\n|-singleturn|p1b: Chi-Yu|Protect\n|move|p2a: Murkrow|Tailwind|p2a: Murkrow\n|-sidestart|p2: SM0KESgirl|move: Tailwind\n|\n|-heal|p2b: Annihilape|25\/100|[from] item: Leftovers\n|upkeep\n|turn|7\n|\n|t:|1683879706\n|switch|p2b: Gholdengo|Gholdengo, L50, tera:Water|50\/100\n|move|p2a: Murkrow|Foul Play|p1a: Flutter Mane\n|-damage|p1a: Flutter Mane|73\/100\n|move|p1a: Flutter Mane|Dazzling Gleam|p2b: Gholdengo|[spread] p2a,p2b\n|-supereffective|p2a: Murkrow\n|-damage|p2a: Murkrow|0 fnt\n|-damage|p2b: Gholdengo|0 fnt\n|faint|p2a: Murkrow\n|faint|p2b: Gholdengo\n|cant|p1b: Chi-Yu|par\n|\n|upkeep\n|\n|t:|1683879720\n|switch|p2a: Annihilape|Annihilape, L50, F|25\/100\n|turn|8\n|c|\u2606going hard 2|You are really bad bro\n|\n|t:|1683879732\n|move|p2a: Annihilape|Rage Fist|p1a: Flutter Mane\n|-supereffective|p1a: Flutter Mane\n|-damage|p1a: Flutter Mane|0 fnt\n|faint|p1a: Flutter Mane\n|-end|p1a: Flutter Mane|Protosynthesis|[silent]\n|move|p1b: Chi-Yu|Dark Pulse|p2a: Annihilape\n|-damage|p2a: Annihilape|0 fnt\n|faint|p2a: Annihilape\n|\n|win|going hard 2\n|raw|going hard 2's rating: 1416 → 1431<\/strong> (+15 for winning)\n|raw|SM0KESgirl's rating: 1321 → 1306<\/strong> (-15 for losing)\n","uploadtime":1683879743,"views":9,"p1id":"goinghard2","p2id":"sm0kesgirl","formatid":"gen9vgc2023regulationc","rating":1306,"private":0,"password":""}