{"id":"gen9vgc2023regulationc-1848827855","p1":"Priest_of_Talos","p2":"Spearstorms","format":"[Gen 9] VGC 2023 Regulation C","log":"|j|\u2606Priest_of_Talos\n|j|\u2606Spearstorms\n|t:|1682114766\n|gametype|doubles\n|player|p1|Priest_of_Talos|boarder|\n|player|p2|Spearstorms|evelyn|\n|teamsize|p1|6\n|teamsize|p2|6\n|gen|9\n|tier|[Gen 9] VGC 2023 Regulation C\n|rule|Species Clause: Limit one of each Pok\u00e9mon\n|rule|Item Clause: Limit one of each item\n|clearpoke\n|poke|p1|Ting-Lu, L50|\n|poke|p1|Amoonguss, L50, F|\n|poke|p1|Palafin, L50, F|\n|poke|p1|Arcanine, L50, M|\n|poke|p1|Flutter Mane, L50|\n|poke|p1|Annihilape, L50, M|\n|poke|p2|Dondozo, L50, F|\n|poke|p2|Tatsugiri, L50, F|\n|poke|p2|Chi-Yu, L50|\n|poke|p2|Flutter Mane, L50|\n|poke|p2|Pawmot, L50, F|\n|poke|p2|Dragonite, L50, M|\n|teampreview|4\nSpearstorms has agreed to open team sheets.\nPriest_of_Talos has agreed to open team sheets.\n|\n|t:|1682114819\n|start\n|switch|p1a: AMOGUS|Amoonguss, L50, F|100\/100\n|switch|p1b: Bjork|Arcanine, L50, M|100\/100\n|switch|p2a: Pawmot|Pawmot, L50, F|100\/100\n|switch|p2b: Flutter Mane|Flutter Mane, L50|100\/100\n|-ability|p1b: Bjork|Intimidate|boost\n|-unboost|p2a: Pawmot|atk|1\n|-unboost|p2b: Flutter Mane|atk|1\n|-enditem|p2b: Flutter Mane|Booster Energy\n|-activate|p2b: Flutter Mane|ability: Protosynthesis|[fromitem]\n|-start|p2b: Flutter Mane|protosynthesisspe\n|turn|1\n|\n|t:|1682114846\n|switch|p2a: Tatsugiri|Tatsugiri, L50, F|100\/100\n|move|p1b: Bjork|Protect|p1b: Bjork\n|-singleturn|p1b: Bjork|Protect\n|move|p1a: AMOGUS|Protect|p1a: AMOGUS\n|-singleturn|p1a: AMOGUS|Protect\n|move|p2b: Flutter Mane|Perish Song|p2b: Flutter Mane\n|-start|p1a: AMOGUS|perish3|[silent]\n|-start|p1b: Bjork|perish3|[silent]\n|-start|p2a: Tatsugiri|perish3|[silent]\n|-start|p2b: Flutter Mane|perish3|[silent]\n|-fieldactivate|move: Perish Song\n|\n|-start|p2b: Flutter Mane|perish3\n|-start|p2a: Tatsugiri|perish3\n|-start|p1b: Bjork|perish3\n|-start|p1a: AMOGUS|perish3\n|upkeep\n|turn|2\n|\n|t:|1682114881\n|-end|p2b: Flutter Mane|Protosynthesis|[silent]\n|switch|p2b: Dondozo|Dondozo, L50, F|100\/100\n|-activate|p2a: Tatsugiri|ability: Commander|[of] p2b: Dondozo\n|-boost|p2b: Dondozo|atk|2\n|-boost|p2b: Dondozo|spa|2\n|-boost|p2b: Dondozo|spe|2\n|-boost|p2b: Dondozo|def|2\n|-boost|p2b: Dondozo|spd|2\n|switch|p1b: Mr. Items|Annihilape, L50, M|100\/100\n|move|p1a: AMOGUS|Spore|p2b: Dondozo\n|-status|p2b: Dondozo|slp|[from] move: Spore\n|\n|-start|p2a: Tatsugiri|perish2\n|-start|p1a: AMOGUS|perish2\n|upkeep\n|turn|3\n|\n|t:|1682114907\n|switch|p1a: Cuphead|Ting-Lu, L50|100\/100\n|-ability|p1a: Cuphead|Vessel of Ruin\n|move|p1b: Mr. Items|Fling|p2b: Dondozo\n|-damage|p2b: Dondozo|92\/100 slp\n|-enditem|p1b: Mr. Items|Rare Bone|[from] move: Fling\n|cant|p2b: Dondozo|slp\n|\n|-heal|p2b: Dondozo|98\/100 slp|[from] item: Leftovers\n|-start|p2a: Tatsugiri|perish1\n|upkeep\n|turn|4\n|\n|t:|1682114926\n|-curestatus|p2b: Dondozo|slp|[msg]\n|move|p2b: Dondozo|Protect|p2b: Dondozo\n|-singleturn|p2b: Dondozo|Protect\n|move|p1b: Mr. Items|Acrobatics|p2b: Dondozo\n|-activate|p2b: Dondozo|move: Protect\n|move|p1a: Cuphead|Fissure|p2b: Dondozo\n|-activate|p2b: Dondozo|move: Protect\n|\n|-heal|p2b: Dondozo|100\/100|[from] item: Leftovers\n|-start|p2a: Tatsugiri|perish0\n|faint|p2a: Tatsugiri\n|upkeep\n|\n|t:|1682114937\n|switch|p2a: Pawmot|Pawmot, L50, F|100\/100\n|turn|5\n|\n|t:|1682114950\n|-terastallize|p1b: Mr. Items|Flying\n|move|p2a: Pawmot|Fake Out|p1a: Cuphead\n|-damage|p1a: Cuphead|93\/100\n|move|p1b: Mr. Items|Acrobatics|p2a: Pawmot\n|-damage|p2a: Pawmot|5\/100\n|move|p2b: Dondozo|Wave Crash|p1a: Cuphead\n|-supereffective|p1a: Cuphead\n|-damage|p1a: Cuphead|0 fnt\n|faint|p1a: Cuphead\n|-damage|p2b: Dondozo|69\/100|[from] Recoil\n|\n|-heal|p2b: Dondozo|76\/100|[from] item: Leftovers\n|upkeep\n|\n|t:|1682114968\n|switch|p1a: Bjork|Arcanine, L50, M|100\/100\n|-ability|p1a: Bjork|Intimidate|boost\n|-unboost|p2a: Pawmot|atk|1\n|-unboost|p2b: Dondozo|atk|1\n|turn|6\n|\n|t:|1682114993\n|switch|p2a: Flutter Mane|Flutter Mane, L50|100\/100\n|move|p1a: Bjork|Extreme Speed|p2a: Flutter Mane\n|-immune|p2a: Flutter Mane\n|move|p1b: Mr. Items|Acrobatics|p2b: Dondozo\n|-damage|p2b: Dondozo|62\/100\n|move|p2b: Dondozo|Wave Crash|p1b: Mr. Items\n|-damage|p1b: Mr. Items|43\/100\n|-damage|p2b: Dondozo|46\/100|[from] Recoil\n|\n|-heal|p2b: Dondozo|53\/100|[from] item: Leftovers\n|upkeep\n|turn|7\n|\n|t:|1682115013\n|move|p2a: Flutter Mane|Protect|p2a: Flutter Mane\n|-singleturn|p2a: Flutter Mane|Protect\n|move|p1a: Bjork|Will-O-Wisp|p2b: Dondozo\n|-status|p2b: Dondozo|brn\n|move|p1b: Mr. Items|Thief|p2b: Dondozo\n|-crit|p2b: Dondozo\n|-damage|p2b: Dondozo|39\/100 brn\n|-enditem|p2b: Dondozo|Leftovers|[silent]|[from] move: Thief|[of] p1b: Mr. Items\n|-item|p1b: Mr. Items|Leftovers|[from] move: Thief|[of] p2b: Dondozo\n|move|p2b: Dondozo|Wave Crash|p1b: Mr. Items\n|-damage|p1b: Mr. Items|10\/100\n|-damage|p2b: Dondozo|30\/100 brn|[from] Recoil\n|\n|-heal|p1b: Mr. Items|16\/100|[from] item: Leftovers\n|-damage|p2b: Dondozo|23\/100 brn|[from] brn\n|upkeep\n|turn|8\n|\n|t:|1682115034\n|move|p1a: Bjork|Protect|p1a: Bjork\n|-singleturn|p1a: Bjork|Protect\n|move|p1b: Mr. Items|Protect|p1b: Mr. Items\n|-singleturn|p1b: Mr. Items|Protect\n|move|p2a: Flutter Mane|Perish Song|p2a: Flutter Mane\n|-start|p1a: Bjork|perish3|[silent]\n|-start|p1b: Mr. Items|perish3|[silent]\n|-start|p2a: Flutter Mane|perish3|[silent]\n|-start|p2b: Dondozo|perish3|[silent]\n|-fieldactivate|move: Perish Song\n|move|p2b: Dondozo|Wave Crash|p1b: Mr. Items\n|-activate|p1b: Mr. Items|move: Protect\n|\n|-heal|p1b: Mr. Items|22\/100|[from] item: Leftovers\n|-damage|p2b: Dondozo|17\/100 brn|[from] brn\n|-start|p2a: Flutter Mane|perish3\n|-start|p1a: Bjork|perish3\n|-start|p1b: Mr. Items|perish3\n|-start|p2b: Dondozo|perish3\n|upkeep\n|turn|9\n|\n|t:|1682115056\n|switch|p1b: AMOGUS|Amoonguss, L50, F|100\/100\n|move|p1a: Bjork|Extreme Speed|p2b: Dondozo\n|-damage|p2b: Dondozo|11\/100 brn\n|move|p2a: Flutter Mane|Moonblast|p1b: AMOGUS\n|-resisted|p1b: AMOGUS\n|-damage|p1b: AMOGUS|77\/100\n|-unboost|p1b: AMOGUS|spa|1\n|move|p2b: Dondozo|Wave Crash|p1a: Bjork\n|-supereffective|p1a: Bjork\n|-damage|p1a: Bjork|27\/100\n|-damage|p2b: Dondozo|0 fnt|[from] Recoil\n|faint|p2b: Dondozo\n|\n|-start|p2a: Flutter Mane|perish2\n|-start|p1a: Bjork|perish2\n|upkeep\n|\n|t:|1682115069\n|switch|p2b: Pawmot|Pawmot, L50, F|5\/100\n|turn|10\n|\n|t:|1682115079\n|move|p1a: Bjork|Extreme Speed|p2b: Pawmot\n|-damage|p2b: Pawmot|0 fnt\n|faint|p2b: Pawmot\n|move|p2a: Flutter Mane|Perish Song|p2a: Flutter Mane\n|-start|p1b: AMOGUS|perish3|[silent]\n|-fieldactivate|move: Perish Song\n|move|p1b: AMOGUS|Spore|p2a: Flutter Mane\n|-status|p2a: Flutter Mane|slp|[from] move: Spore\n|\n|-start|p2a: Flutter Mane|perish1\n|-start|p1a: Bjork|perish1\n|-start|p1b: AMOGUS|perish3\n|upkeep\n|turn|11\n|\n|t:|1682115098\n|cant|p2a: Flutter Mane|slp\n|move|p1a: Bjork|Protect|p1a: Bjork\n|-singleturn|p1a: Bjork|Protect\n|move|p1b: AMOGUS|Protect||[still]\n|-fail|p1b: AMOGUS\n|\n|-start|p2a: Flutter Mane|perish0\n|-start|p1a: Bjork|perish0\n|-start|p1b: AMOGUS|perish2\n|faint|p2a: Flutter Mane\n|-end|p2a: Flutter Mane|Protosynthesis|[silent]\n|faint|p1a: Bjork\n|\n|win|Priest_of_Talos\n|upkeep\n|l|\u2606Spearstorms\n|j|\u2606Spearstorms\n|player|p2|Spearstorms|evelyn\n","uploadtime":1682115118,"views":7,"p1id":"priestoftalos","p2id":"spearstorms","formatid":"gen9vgc2023regulationc","rating":0,"private":0,"password":""}