{"id":"gen9vgc2023regulationc-1857143323","p1":"Thwack","p2":"Inwaves22","format":"[Gen 9] VGC 2023 Regulation C","log":"|j|\u2606Thwack\n|j|\u2606Inwaves22\n|t:|1683150330\n|gametype|doubles\n|player|p1|Thwack|janine-gen2|1309\n|player|p2|Inwaves22|falkner|1232\n|teamsize|p1|6\n|teamsize|p2|6\n|gen|9\n|tier|[Gen 9] VGC 2023 Regulation C\n|rated|\n|rule|Species Clause: Limit one of each Pok\u00e9mon\n|rule|Item Clause: Limit one of each item\n|clearpoke\n|poke|p1|Meowscarada, L50, F|\n|poke|p1|Arcanine, L50, M|\n|poke|p1|Ting-Lu, L50|\n|poke|p1|Flutter Mane, L50|\n|poke|p1|Baxcalibur, L50, F|\n|poke|p1|Gastrodon, L50, M|\n|poke|p2|Chi-Yu, L50|\n|poke|p2|Iron Hands, L50|\n|poke|p2|Flutter Mane, L50|\n|poke|p2|Gyarados, L50, M|\n|poke|p2|Ting-Lu, L50|\n|poke|p2|Amoonguss, L50, M|\n|teampreview|4\n|inactive|Battle timer is ON: inactive players will automatically lose when time's up. (requested by Thwack)\nThwack has agreed to open team sheets.\nInwaves22 has agreed to open team sheets.\n|inactive|Thwack has 60 seconds left.\n|\n|t:|1683150383\n|start\n|switch|p1a: Flutter Mane|Flutter Mane, L50|100\/100\n|switch|p1b: Arcanine|Arcanine, L50, M|100\/100\n|switch|p2a: Gyarados|Gyarados, L50, M|100\/100\n|switch|p2b: Iron Hands|Iron Hands, L50|100\/100\n|-ability|p1b: Arcanine|Intimidate|boost\n|-unboost|p2a: Gyarados|atk|1\n|-unboost|p2b: Iron Hands|atk|1\n|-ability|p2a: Gyarados|Intimidate|boost\n|-unboost|p1a: Flutter Mane|atk|1\n|-unboost|p1b: Arcanine|atk|1\n|turn|1\n|\n|t:|1683150397\n|move|p2b: Iron Hands|Fake Out|p1b: Arcanine\n|-damage|p1b: Arcanine|90\/100\n|move|p1a: Flutter Mane|Thunderbolt|p2a: Gyarados\n|-supereffective|p2a: Gyarados\n|-enditem|p2a: Gyarados|Wacan Berry|[eat]\n|-enditem|p2a: Gyarados|Wacan Berry|[weaken]\n|-damage|p2a: Gyarados|32\/100\n|cant|p1b: Arcanine|flinch\n|move|p2a: Gyarados|Thunder Wave|p1a: Flutter Mane\n|-status|p1a: Flutter Mane|par\n|\n|upkeep\n|turn|2\n|inactive|Thwack has 30 seconds left.\n|inactive|Inwaves22 has 30 seconds left.\n|\n|t:|1683150427\n|switch|p2a: Chi-Yu|Chi-Yu, L50|100\/100\n|-ability|p2a: Chi-Yu|Beads of Ruin\n|-end|p1a: Flutter Mane|Protosynthesis|[silent]\n|switch|p1a: Baxcalibur|Baxcalibur, L50, F|100\/100\n|move|p1b: Arcanine|Howl|p1b: Arcanine|[spread] p1a,p1b\n|-boost|p1a: Baxcalibur|atk|1\n|-boost|p1b: Arcanine|atk|1\n|move|p2b: Iron Hands|Wild Charge|p1a: Baxcalibur\n|-resisted|p1a: Baxcalibur\n|-damage|p1a: Baxcalibur|87\/100\n|-damage|p2b: Iron Hands|97\/100|[from] Recoil\n|\n|upkeep\n|turn|3\n|inactive|Thwack has 30 seconds left.\n|\n|t:|1683150453\n|-terastallize|p1a: Baxcalibur|Poison\n|move|p2a: Chi-Yu|Overheat|p1a: Baxcalibur\n|-damage|p1a: Baxcalibur|10\/100\n|-unboost|p2a: Chi-Yu|spa|2\n|-ability|p1a: Baxcalibur|Thermal Exchange|boost\n|-boost|p1a: Baxcalibur|atk|1\n|move|p1b: Arcanine|Will-O-Wisp|p2b: Iron Hands\n|-status|p2b: Iron Hands|brn\n|move|p1a: Baxcalibur|Glaive Rush|p2a: Chi-Yu\n|-damage|p2a: Chi-Yu|0 fnt\n|-singlemove|p1a: Baxcalibur|Glaive Rush|[silent]\n|faint|p2a: Chi-Yu\n|move|p2b: Iron Hands|Drain Punch|p1a: Baxcalibur\n|-resisted|p1a: Baxcalibur\n|-damage|p1a: Baxcalibur|0 fnt\n|-heal|p2b: Iron Hands|100\/100 brn|[from] drain|[of] p1a: Baxcalibur\n|faint|p1a: Baxcalibur\n|\n|-damage|p2b: Iron Hands|94\/100 brn|[from] brn\n|upkeep\n|\n|t:|1683150476\n|switch|p2a: Gyarados|Gyarados, L50, M|32\/100\n|switch|p1a: Flutter Mane|Flutter Mane, L50|100\/100 par\n|-ability|p2a: Gyarados|Intimidate|boost\n|-unboost|p1a: Flutter Mane|atk|1\n|-unboost|p1b: Arcanine|atk|1\n|turn|4\n|\n|t:|1683150495\n|move|p2a: Gyarados|Helping Hand|p2b: Iron Hands\n|-singleturn|p2b: Iron Hands|Helping Hand|[of] p2a: Gyarados\n|move|p1b: Arcanine|Will-O-Wisp|p2a: Gyarados\n|-status|p2a: Gyarados|brn\n|cant|p1a: Flutter Mane|par\n|move|p2b: Iron Hands|Wild Charge|p1a: Flutter Mane\n|-damage|p1a: Flutter Mane|52\/100 par\n|-damage|p2b: Iron Hands|87\/100 brn|[from] Recoil\n|\n|-damage|p2a: Gyarados|26\/100 brn|[from] brn\n|-damage|p2b: Iron Hands|81\/100 brn|[from] brn\n|upkeep\n|turn|5\n|inactive|Inwaves22 has 30 seconds left.\n|inactive|Inwaves22 has 20 seconds left.\n|\n|t:|1683150532\n|move|p1b: Arcanine|Flare Blitz|p2b: Iron Hands\n|-damage|p2b: Iron Hands|60\/100 brn\n|-damage|p1b: Arcanine|80\/100|[from] Recoil\n|move|p2a: Gyarados|Waterfall|p1b: Arcanine\n|-supereffective|p1b: Arcanine\n|-damage|p1b: Arcanine|50\/100\n|move|p1a: Flutter Mane|Dazzling Gleam|p2a: Gyarados|[spread] p2a,p2b\n|-supereffective|p2b: Iron Hands\n|-damage|p2a: Gyarados|0 fnt\n|-damage|p2b: Iron Hands|15\/100 brn\n|faint|p2a: Gyarados\n|move|p2b: Iron Hands|Volt Switch|p1a: Flutter Mane\n|-damage|p1a: Flutter Mane|39\/100 par\n|\n|t:|1683150545\n|-end|p2b: Iron Hands|Quark Drive|[silent]\n|switch|p2b: Flutter Mane|Flutter Mane, L50|100\/100|[from] Volt Switch\n|-enditem|p2b: Flutter Mane|Booster Energy\n|-activate|p2b: Flutter Mane|ability: Protosynthesis|[fromitem]\n|-start|p2b: Flutter Mane|protosynthesisspa\n|\n|upkeep\n|\n|t:|1683150550\n|switch|p2a: Iron Hands|Iron Hands, L50|15\/100 brn\n|turn|6\n|\n|t:|1683150566\n|-end|p1a: Flutter Mane|Protosynthesis|[silent]\n|switch|p1a: Ting-Lu|Ting-Lu, L50|100\/100\n|-ability|p1a: Ting-Lu|Vessel of Ruin\n|-terastallize|p2b: Flutter Mane|Fairy\n|move|p2a: Iron Hands|Fake Out|p1b: Arcanine\n|-damage|p1b: Arcanine|41\/100\n|move|p2b: Flutter Mane|Dazzling Gleam|p1a: Ting-Lu|[spread] p1a,p1b\n|-supereffective|p1a: Ting-Lu\n|-resisted|p1b: Arcanine\n|-damage|p1a: Ting-Lu|62\/100\n|-damage|p1b: Arcanine|17\/100\n|cant|p1b: Arcanine|flinch\n|\n|-damage|p2a: Iron Hands|9\/100 brn|[from] brn\n|upkeep\n|turn|7\n|inactive|Thwack has 30 seconds left.\n|\n|t:|1683150595\n|move|p2b: Flutter Mane|Protect|p2b: Flutter Mane\n|-singleturn|p2b: Flutter Mane|Protect\n|move|p1b: Arcanine|Flare Blitz|p2b: Flutter Mane\n|-activate|p2b: Flutter Mane|move: Protect\n|move|p2a: Iron Hands|Drain Punch|p1a: Ting-Lu\n|-supereffective|p1a: Ting-Lu\n|-damage|p1a: Ting-Lu|34\/100\n|-heal|p2a: Iron Hands|22\/100 brn|[from] drain|[of] p1a: Ting-Lu\n|move|p1a: Ting-Lu|Heavy Slam|p2b: Flutter Mane\n|-activate|p2b: Flutter Mane|move: Protect\n|\n|-damage|p2a: Iron Hands|16\/100 brn|[from] brn\n|upkeep\n|turn|8\n|\n|t:|1683150615\n|switch|p1a: Flutter Mane|Flutter Mane, L50|39\/100 par\n|move|p2b: Flutter Mane|Dazzling Gleam|p1a: Flutter Mane|[spread] p1a,p1b\n|-resisted|p1b: Arcanine\n|-damage|p1a: Flutter Mane|0 fnt\n|-damage|p1b: Arcanine|0 fnt\n|faint|p1a: Flutter Mane\n|-end|p1a: Flutter Mane|Protosynthesis|[silent]\n|faint|p1b: Arcanine\n|move|p2a: Iron Hands|Wild Charge|p1: Flutter Mane|[notarget]\n|-fail|p2a: Iron Hands\n|\n|-damage|p2a: Iron Hands|10\/100 brn|[from] brn\n|upkeep\n|\n|t:|1683150621\n|switch|p1a: Ting-Lu|Ting-Lu, L50|34\/100\n|-ability|p1a: Ting-Lu|Vessel of Ruin\n|turn|9\n|\n|t:|1683150630\n|move|p2b: Flutter Mane|Moonblast|p1a: Ting-Lu\n|-supereffective|p1a: Ting-Lu\n|-damage|p1a: Ting-Lu|0 fnt\n|faint|p1a: Ting-Lu\n|\n|win|Inwaves22\n|raw|Thwack's rating: 1309 → 1285<\/strong> (-24 for losing)\n|raw|Inwaves22's rating: 1232 → 1262<\/strong> (+30 for winning)\n","uploadtime":1683150638,"views":8,"p1id":"thwack","p2id":"inwaves22","formatid":"gen9vgc2023regulationc","rating":1262,"private":0,"password":""}