{"id":"gen9vgc2023regulationc-1858933931","p1":"Zerckan","p2":"Verdas1128","format":"[Gen 9] VGC 2023 Regulation C","log":"|j|\u2606Zerckan\n|j|\u2606Verdas1128\n|t:|1683385148\n|gametype|doubles\n|player|p1|Zerckan|morty|1159\n|player|p2|Verdas1128|caitlin|1084\n|teamsize|p1|6\n|teamsize|p2|6\n|gen|9\n|tier|[Gen 9] VGC 2023 Regulation C\n|rated|\n|rule|Species Clause: Limit one of each Pok\u00e9mon\n|rule|Item Clause: Limit one of each item\n|clearpoke\n|poke|p1|Zoroark, L50, M|\n|poke|p1|Iron Moth, L50|\n|poke|p1|Breloom, L50, F|\n|poke|p1|Garchomp, L50, M|\n|poke|p1|Chien-Pao, L50|\n|poke|p1|Maushold-Four, L50|\n|poke|p2|Chi-Yu, L50|\n|poke|p2|Iron Hands, L50|\n|poke|p2|Flutter Mane, L50|\n|poke|p2|Amoonguss, L50, M|\n|poke|p2|Corviknight, L50, F|\n|poke|p2|Iron Bundle, L50|\n|teampreview|4\n|\n|t:|1683385189\n|start\n|switch|p1a: Maushold|Maushold-Four, L50|100\/100\n|switch|p1b: Chien-Pao|Chien-Pao, L50|100\/100\n|switch|p2a: Chi-Yu|Chi-Yu, L50|100\/100\n|switch|p2b: Iron Hands|Iron Hands, L50, shiny|100\/100\n|-ability|p1b: Chien-Pao|Sword of Ruin\n|-ability|p2a: Chi-Yu|Beads of Ruin\n|turn|1\n|\n|t:|1683385233\n|move|p2b: Iron Hands|Fake Out|p1b: Chien-Pao\n|-damage|p1b: Chien-Pao|84\/100\n|move|p1a: Maushold|Follow Me|p1a: Maushold\n|-singleturn|p1a: Maushold|move: Follow Me\n|cant|p1b: Chien-Pao|flinch\n|move|p2a: Chi-Yu|Heat Wave|p1b: Chien-Pao|[spread] p1a,p1b\n|-supereffective|p1b: Chien-Pao\n|-damage|p1a: Maushold|47\/100\n|-damage|p1b: Chien-Pao|0 fnt\n|faint|p1b: Chien-Pao\n|\n|upkeep\n|\n|t:|1683385264\n|switch|p1b: Iron Moth|Iron Moth, L50|100\/100\n|turn|2\n|\n|t:|1683385288\n|move|p1b: Iron Moth|Sludge Bomb|p2a: Chi-Yu\n|-damage|p2a: Chi-Yu|58\/100\n|move|p1a: Maushold|Encore|p2b: Iron Hands\n|-start|p2b: Iron Hands|Encore\n|move|p2a: Chi-Yu|Dark Pulse|p1b: Iron Moth\n|-resisted|p1b: Iron Moth\n|-damage|p1b: Iron Moth|63\/100\n|replace|p1b: Zoroark|Zoroark, L50, M\n|-end|p1b: Zoroark|Illusion\n|move|p2b: Iron Hands|Fake Out||[still]\n|-hint|Fake Out only works on your first turn out.\n|-fail|p2b: Iron Hands\n|\n|-heal|p2a: Chi-Yu|64\/100|[from] item: Leftovers\n|upkeep\n|turn|3\n|\n|t:|1683385325\n|move|p2b: Iron Hands|Fake Out||[still]\n|-hint|Fake Out only works on your first turn out.\n|-fail|p2b: Iron Hands\n|move|p1b: Zoroark|Sludge Bomb|p2a: Chi-Yu\n|-damage|p2a: Chi-Yu|21\/100\n|move|p1a: Maushold|Super Fang|p2a: Chi-Yu|[miss]\n|-miss|p1a: Maushold|p2a: Chi-Yu\n|move|p2a: Chi-Yu|Heat Wave|p1b: Zoroark|[spread] p1a,p1b\n|-crit|p1a: Maushold\n|-damage|p1a: Maushold|0 fnt\n|-damage|p1b: Zoroark|0 fnt\n|faint|p1a: Maushold\n|faint|p1b: Zoroark\n|\n|-heal|p2a: Chi-Yu|27\/100|[from] item: Leftovers\n|upkeep\n|\n|t:|1683385346\n|switch|p1a: Iron Moth|Iron Moth, L50|100\/100\n|-enditem|p1a: Iron Moth|Booster Energy\n|-activate|p1a: Iron Moth|ability: Quark Drive|[fromitem]\n|-start|p1a: Iron Moth|quarkdrivespe\n|turn|4\n|\n|t:|1683385367\n|move|p2b: Iron Hands|Fake Out||[still]\n|-hint|Fake Out only works on your first turn out.\n|-fail|p2b: Iron Hands\n|move|p1a: Iron Moth|Dazzling Gleam|p2a: Chi-Yu|[spread] p2a,p2b\n|-supereffective|p2b: Iron Hands\n|-damage|p2a: Chi-Yu|9\/100\n|-damage|p2b: Iron Hands|59\/100\n|move|p2a: Chi-Yu|Dark Pulse|p1a: Iron Moth\n|-damage|p1a: Iron Moth|36\/100\n|\n|-heal|p2a: Chi-Yu|15\/100|[from] item: Leftovers\n|-end|p2b: Iron Hands|Encore\n|upkeep\n|turn|5\n|\n|t:|1683385381\n|-terastallize|p1a: Iron Moth|Fairy\n|move|p1a: Iron Moth|Dazzling Gleam|p2b: Iron Hands|[spread] p2a,p2b\n|-supereffective|p2b: Iron Hands\n|-damage|p2a: Chi-Yu|0 fnt\n|-damage|p2b: Iron Hands|0 fnt\n|faint|p2a: Chi-Yu\n|faint|p2b: Iron Hands\n|-end|p2b: Iron Hands|Quark Drive|[silent]\n|\n|upkeep\n|\n|t:|1683385386\n|switch|p2a: Flutter Mane|Flutter Mane, L50, shiny|100\/100\n|switch|p2b: Iron Bundle|Iron Bundle, L50, shiny|100\/100\n|-enditem|p2b: Iron Bundle|Booster Energy\n|-activate|p2b: Iron Bundle|ability: Quark Drive|[fromitem]\n|-start|p2b: Iron Bundle|quarkdrivespe\n|turn|6\n|\n|t:|1683385408\n|move|p2b: Iron Bundle|Freeze-Dry|p1a: Iron Moth\n|-damage|p1a: Iron Moth|0 fnt\n|faint|p1a: Iron Moth\n|-end|p1a: Iron Moth|Quark Drive|[silent]\n|\n|win|Verdas1128\n|raw|Zerckan's rating: 1159 → 1129<\/strong> (-30 for losing)\n|raw|Verdas1128's rating: 1084 → 1117<\/strong> (+33 for winning)\n","uploadtime":1683385412,"views":6,"p1id":"zerckan","p2id":"verdas1128","formatid":"gen9vgc2023regulationc","rating":1117,"private":0,"password":""}