{"id":"gen9vgc2023regulationc-1858707548","p1":"HayPrime","p2":"ExstraspaceDND","format":"[Gen 9] VGC 2023 Regulation C","log":"|j|\u2606HayPrime\n|j|\u2606ExstraspaceDND\n|t:|1683345740\n|gametype|doubles\n|player|p1|HayPrime|101|\n|player|p2|ExstraspaceDND|2|\n|teamsize|p1|6\n|teamsize|p2|6\n|gen|9\n|tier|[Gen 9] VGC 2023 Regulation C\n|rule|Species Clause: Limit one of each Pok\u00e9mon\n|rule|Item Clause: Limit one of each item\n|clearpoke\n|poke|p1|Gallade, L50, M|\n|poke|p1|Brute Bonnet, L50|\n|poke|p1|Tinkaton, L50, F|\n|poke|p1|Volcarona, L50, F|\n|poke|p1|Bronzor, L50|\n|poke|p1|Drednaw, L50, M|\n|poke|p2|Scizor, L50, M|\n|poke|p2|Jumpluff, L50, F|\n|poke|p2|Garchomp, L50, M|\n|poke|p2|Rotom-Heat, L50|\n|poke|p2|Iron Bundle, L50|\n|poke|p2|Qwilfish, L50, M|\n|teampreview|4\n|c|\u2606ExstraspaceDND|Glfh\n|c|\u2606ExstraspaceDND|Also did you send the live battle link?\n|c|\u2606HayPrime|lol i forgot\n|c|\u2606HayPrime|xd\n|c|\u2606HayPrime|oh well\n|c|\u2606ExstraspaceDND|Eh its what ever\n|c|\u2606ExstraspaceDND|As long as we got the replay\n|\n|t:|1683345851\n|start\n|switch|p1a: Live on the Edge|Gallade, L50, M, shiny|100\/100\n|switch|p1b: Phoenix|Volcarona, L50, F|100\/100\n|switch|p2a: Nitrous b.u.g|Scizor, L50, M|100\/100\n|switch|p2b: Baby|Jumpluff, L50, F|100\/100\n|turn|1\n|c|\u2606HayPrime|ye\n|\n|t:|1683345890\n|-terastallize|p2a: Nitrous b.u.g|Ghost\n|move|p1a: Live on the Edge|Ice Punch|p2b: Baby\n|-supereffective|p2b: Baby\n|-damage|p2b: Baby|0 fnt\n|faint|p2b: Baby\n|move|p1b: Phoenix|Heat Wave|p2a: Nitrous b.u.g\n|-damage|p2a: Nitrous b.u.g|41\/100\n|move|p2a: Nitrous b.u.g|Aerial Ace|p1b: Phoenix\n|-supereffective|p1b: Phoenix\n|-damage|p1b: Phoenix|28\/100\n|-status|p2a: Nitrous b.u.g|brn|[from] ability: Flame Body|[of] p1b: Phoenix\n|\n|-heal|p1b: Phoenix|34\/100|[from] item: Leftovers\n|-damage|p2a: Nitrous b.u.g|34\/100 brn|[from] brn\n|upkeep\n|\n|t:|1683345909\n|switch|p2b: Ho Ho ho|Iron Bundle, L50|100\/100\n|-enditem|p2b: Ho Ho ho|Booster Energy\n|-activate|p2b: Ho Ho ho|ability: Quark Drive|[fromitem]\n|-start|p2b: Ho Ho ho|quarkdrivespe\n|turn|2\n|\n|t:|1683345940\n|switch|p1a: Poppy|Tinkaton, L50, F|100\/100\n|move|p2b: Ho Ho ho|Protect|p2b: Ho Ho ho\n|-singleturn|p2b: Ho Ho ho|Protect\n|move|p1b: Phoenix|Protect|p1b: Phoenix\n|-singleturn|p1b: Phoenix|Protect\n|move|p2a: Nitrous b.u.g|Aerial Ace|p1b: Phoenix\n|-activate|p1b: Phoenix|move: Protect\n|\n|-heal|p1b: Phoenix|40\/100|[from] item: Leftovers\n|-damage|p2a: Nitrous b.u.g|28\/100 brn|[from] brn\n|upkeep\n|turn|3\n|\n|t:|1683345987\n|-end|p2b: Ho Ho ho|Quark Drive|[silent]\n|switch|p2b: Copper|Garchomp, L50, M|100\/100\n|move|p1a: Poppy|Fake Out|p2b: Copper\n|-damage|p2b: Copper|90\/100\n|-damage|p1a: Poppy|88\/100|[from] ability: Rough Skin|[of] p2b: Copper\n|move|p1b: Phoenix|Heat Wave|p2b: Copper|[spread] p2a,p2b\n|-resisted|p2b: Copper\n|-damage|p2a: Nitrous b.u.g|0 fnt\n|-damage|p2b: Copper|68\/100\n|faint|p2a: Nitrous b.u.g\n|\n|-heal|p1b: Phoenix|46\/100|[from] item: Leftovers\n|upkeep\n|\n|t:|1683346001\n|switch|p2a: Ho Ho ho|Iron Bundle, L50|100\/100\n|turn|4\n|\n|t:|1683346017\n|move|p2a: Ho Ho ho|Protect|p2a: Ho Ho ho\n|-singleturn|p2a: Ho Ho ho|Protect\n|move|p2b: Copper|Earthquake|p1a: Poppy|[spread] p1a,p1b\n|-activate|p2a: Ho Ho ho|move: Protect\n|-supereffective|p1a: Poppy\n|-damage|p1a: Poppy|12\/100\n|-damage|p1b: Phoenix|3\/100\n|move|p1b: Phoenix|Giga Drain|p2a: Ho Ho ho\n|-activate|p2a: Ho Ho ho|move: Protect\n|move|p1a: Poppy|Gigaton Hammer|p2a: Ho Ho ho\n|-activate|p2a: Ho Ho ho|move: Protect\n|\n|-heal|p1b: Phoenix|9\/100|[from] item: Leftovers\n|upkeep\n|turn|5\n|c|\u2606HayPrime|i\n|c|\u2606HayPrime|did not mean to click\n|c|\u2606HayPrime|and i am now sad\n|\n|t:|1683346048\n|switch|p1a: A Moon Gus|Brute Bonnet, L50|100\/100\n|move|p2a: Ho Ho ho|Protect|p2a: Ho Ho ho\n|-singleturn|p2a: Ho Ho ho|Protect\n|move|p2b: Copper|Earthquake|p1b: Phoenix|[spread] p1a,p1b\n|-activate|p2a: Ho Ho ho|move: Protect\n|-resisted|p1a: A Moon Gus\n|-damage|p1a: A Moon Gus|86\/100\n|-damage|p1b: Phoenix|0 fnt\n|faint|p1b: Phoenix\n|\n|upkeep\n|\n|t:|1683346057\n|switch|p1b: Live on the Edge|Gallade, L50, M, shiny|100\/100\n|turn|6\n|\n|t:|1683346098\n|move|p2a: Ho Ho ho|Freeze-Dry|p1a: A Moon Gus\n|-supereffective|p1a: A Moon Gus\n|-damage|p1a: A Moon Gus|37\/100\n|move|p1b: Live on the Edge|Ice Punch|p2b: Copper\n|-supereffective|p2b: Copper\n|-damage|p2b: Copper|0 fnt\n|-damage|p1b: Live on the Edge|88\/100|[from] ability: Rough Skin|[of] p2b: Copper\n|faint|p2b: Copper\n|move|p1a: A Moon Gus|Bullet Seed|p2a: Ho Ho ho\n|-supereffective|p2a: Ho Ho ho\n|-damage|p2a: Ho Ho ho|71\/100\n|-supereffective|p2a: Ho Ho ho\n|-damage|p2a: Ho Ho ho|42\/100\n|-supereffective|p2a: Ho Ho ho\n|-damage|p2a: Ho Ho ho|13\/100\n|-supereffective|p2a: Ho Ho ho\n|-damage|p2a: Ho Ho ho|0 fnt\n|faint|p2a: Ho Ho ho\n|-end|p2a: Ho Ho ho|Quark Drive|[silent]\n|-hitcount|p2: Ho Ho ho|4\n|\n|win|HayPrime\n|c|\u2606HayPrime|wp\n","uploadtime":1683346115,"views":19,"p1id":"hayprime","p2id":"exstraspacednd","formatid":"gen9vgc2023regulationc","rating":0,"private":0,"password":""}