{"id":"gen9vgc2023regulationc-1862421956","p1":"ethan06","p2":"Roopydoopy","format":"[Gen 9] VGC 2023 Regulation C","log":"|j|\u2606ethan06\n|j|\u2606Roopydoopy\n|t:|1683883479\n|gametype|doubles\n|player|p1|ethan06|ninjaboy|\n|player|p2|Roopydoopy|102|\n|teamsize|p1|6\n|teamsize|p2|6\n|gen|9\n|tier|[Gen 9] VGC 2023 Regulation C\n|rule|Species Clause: Limit one of each Pok\u00e9mon\n|rule|Item Clause: Limit one of each item\n|clearpoke\n|poke|p1|Dondozo, L50, M|\n|poke|p1|Tatsugiri, L50, F|\n|poke|p1|Salamence, L50, F|\n|poke|p1|Kingambit, L50, M|\n|poke|p1|Iron Valiant, L50|\n|poke|p1|Persian, L50, F|\n|poke|p2|Muk, L50, F|\n|poke|p2|Pawmot, L50, M|\n|poke|p2|Wigglytuff, L50, M|\n|poke|p2|Wo-Chien, L50|\n|poke|p2|Arcanine, L50, F|\n|poke|p2|Gothorita, L50, F|\n|teampreview|4\nRoopydoopy has agreed to open team sheets.\n|j| SlifVGC\nethan06 has agreed to open team sheets.\n|\n|t:|1683883545\n|start\n|switch|p1a: Kingambit|Kingambit, L50, M|100\/100\n|switch|p1b: Persian|Persian, L50, F|100\/100\n|switch|p2a: Gothorita|Gothorita, L50, F|100\/100\n|switch|p2b: Pawmot|Pawmot, L50, M|100\/100\n|-ability|p1b: Persian|Unnerve\n|turn|1\n|\n|t:|1683883580\n|-terastallize|p1a: Kingambit|Flying\n|move|p2b: Pawmot|Protect|p2b: Pawmot\n|-singleturn|p2b: Pawmot|Protect\n|move|p2a: Gothorita|Fake Out|p1a: Kingambit\n|-damage|p1a: Kingambit|98\/100\n|move|p1b: Persian|Feint|p2b: Pawmot\n|-activate|p2b: Pawmot|move: Feint\n|-damage|p2b: Pawmot|87\/100\n|move|p1a: Kingambit|Tera Blast|p2b: Pawmot\n|-damage|p2b: Pawmot|27\/100\n|\n|upkeep\n|turn|2\n|\n|t:|1683883603\n|-terastallize|p2b: Pawmot|Electric\n|move|p1b: Persian|Feint|p2a: Gothorita\n|-damage|p2a: Gothorita|93\/100\n|move|p2b: Pawmot|Double Shock|p1a: Kingambit\n|-supereffective|p1a: Kingambit\n|-damage|p1a: Kingambit|11\/100\n|-start|p2b: Pawmot|typechange|Electric|[from] move: Double Shock\n|move|p2a: Gothorita|Heal Pulse|p2b: Pawmot\n|-heal|p2b: Pawmot|78\/100\n|move|p1a: Kingambit|Assurance|p2a: Gothorita\n|-supereffective|p2a: Gothorita\n|-damage|p2a: Gothorita|3\/100\n|\n|upkeep\n|turn|3\n|\n|t:|1683883626\n|switch|p2a: Wigglytuff|Wigglytuff, L50, M|100\/100\n|move|p1b: Persian|Feint|p2a: Wigglytuff\n|-damage|p2a: Wigglytuff|94\/100\n|move|p2b: Pawmot|Double Shock|p1a: Kingambit\n|-supereffective|p1a: Kingambit\n|-crit|p1a: Kingambit\n|-damage|p1a: Kingambit|0 fnt\n|-start|p2b: Pawmot|typechange|Electric|[from] move: Double Shock\n|faint|p1a: Kingambit\n|\n|upkeep\n|\n|t:|1683883640\n|switch|p1a: Salamence|Salamence, L50, F|100\/100\n|-ability|p1a: Salamence|Intimidate|boost\n|-unboost|p2a: Wigglytuff|atk|1\n|-ability|p2a: Wigglytuff|Competitive|boost\n|-boost|p2a: Wigglytuff|spa|2\n|-unboost|p2b: Pawmot|atk|1\n|turn|4\n|\n|t:|1683883654\n|switch|p2b: Wo-Chien|Wo-Chien, L50|100\/100\n|-ability|p2b: Wo-Chien|Tablets of Ruin\n|move|p1b: Persian|Fake Tears|p2a: Wigglytuff\n|-unboost|p2a: Wigglytuff|spd|2\n|-ability|p2a: Wigglytuff|Competitive|boost\n|-boost|p2a: Wigglytuff|spa|2\n|move|p1a: Salamence|Hydro Pump|p2a: Wigglytuff\n|-damage|p2a: Wigglytuff|0 fnt\n|faint|p2a: Wigglytuff\n|\n|upkeep\n|\n|t:|1683883667\n|switch|p2a: Pawmot|Pawmot, L50, M, tera:Electric|78\/100\n|turn|5\n|\n|t:|1683883685\n|switch|p1a: Iron Valiant|Iron Valiant, L50|100\/100\n|move|p1b: Persian|Fake Tears|p2a: Pawmot\n|-unboost|p2a: Pawmot|spd|2\n|move|p2a: Pawmot|Ice Punch|p1a: Iron Valiant\n|-damage|p1a: Iron Valiant|74\/100\n|move|p2b: Wo-Chien|Leech Seed|p1b: Persian\n|-start|p1b: Persian|move: Leech Seed\n|\n|-damage|p1b: Persian|88\/100|[from] Leech Seed|[of] p2b: Wo-Chien\n|upkeep\n|turn|6\n|\n|t:|1683883716\n|move|p1b: Persian|Feint|p2a: Pawmot\n|-damage|p2a: Pawmot|67\/100\n|move|p2a: Pawmot|Mach Punch|p1b: Persian\n|-supereffective|p1b: Persian\n|-damage|p1b: Persian|43\/100\n|-enditem|p1b: Persian|Sitrus Berry|[eat]\n|-heal|p1b: Persian|68\/100|[from] item: Sitrus Berry\n|move|p1a: Iron Valiant|Aura Sphere|p2a: Pawmot\n|-damage|p2a: Pawmot|0 fnt\n|faint|p2a: Pawmot\n|-damage|p1a: Iron Valiant|64\/100|[from] item: Life Orb\n|move|p2b: Wo-Chien|Leech Seed|p1a: Iron Valiant\n|-start|p1a: Iron Valiant|move: Leech Seed\n|\n|-damage|p1b: Persian|56\/100|[from] Leech Seed|[of] p2b: Wo-Chien\n|-damage|p1a: Iron Valiant|51\/100|[from] Leech Seed|[of] p2b: Wo-Chien\n|upkeep\n|\n|t:|1683883730\n|switch|p2a: Gothorita|Gothorita, L50, F|3\/100\n|turn|7\n|\n|t:|1683883746\n|move|p1a: Iron Valiant|Protect|p1a: Iron Valiant\n|-singleturn|p1a: Iron Valiant|Protect\n|move|p2a: Gothorita|Fake Out|p1a: Iron Valiant\n|-activate|p1a: Iron Valiant|move: Protect\n|move|p1b: Persian|Feint|p2a: Gothorita\n|-damage|p2a: Gothorita|0 fnt\n|faint|p2a: Gothorita\n|move|p2b: Wo-Chien|Pollen Puff|p2: Gothorita|[notarget]\n|-fail|p2b: Wo-Chien\n|\n|-damage|p1b: Persian|44\/100|[from] Leech Seed|[of] p2b: Wo-Chien\n|-damage|p1a: Iron Valiant|39\/100|[from] Leech Seed|[of] p2b: Wo-Chien\n|upkeep\n|turn|8\n|\n|t:|1683883761\n|-end|p1a: Iron Valiant|Quark Drive|[silent]\n|switch|p1a: Salamence|Salamence, L50, F|100\/100\n|-ability|p1a: Salamence|Intimidate|boost\n|-unboost|p2b: Wo-Chien|atk|1\n|move|p1b: Persian|Fake Tears|p2b: Wo-Chien\n|-unboost|p2b: Wo-Chien|spd|2\n|move|p2b: Wo-Chien|Knock Off|p1a: Salamence\n|-damage|p1a: Salamence|77\/100\n|-enditem|p1a: Salamence|Choice Specs|[from] move: Knock Off|[of] p2b: Wo-Chien\n|\n|-damage|p1b: Persian|31\/100|[from] Leech Seed|[of] p2b: Wo-Chien\n|upkeep\n|turn|9\n|\n|t:|1683883775\n|move|p1b: Persian|Fake Tears|p2b: Wo-Chien\n|-unboost|p2b: Wo-Chien|spd|2\n|move|p1a: Salamence|Flamethrower|p2b: Wo-Chien\n|-supereffective|p2b: Wo-Chien\n|-damage|p2b: Wo-Chien|0 fnt\n|faint|p2b: Wo-Chien\n|\n|win|ethan06\n|c|\u2606ethan06|gg\n|l| SlifVGC\n|c|\u2606ethan06|g2\n|c|\u2606Roopydoopy|gg\n","uploadtime":1683883784,"views":19,"p1id":"ethan06","p2id":"roopydoopy","formatid":"gen9vgc2023regulationc","rating":0,"private":0,"password":""}