{"id":"gen9vgc2023regulationc-1861656308","p1":"silkorganic","p2":"whorubuthi","format":"[Gen 9] VGC 2023 Regulation C","log":"|j|\u2606silkorganic\n|j|\u2606whorubuthi\n|t:|1683789252\n|gametype|doubles\n|player|p1|silkorganic|1|1205\n|player|p2|whorubuthi|266|1137\n|teamsize|p1|6\n|teamsize|p2|6\n|gen|9\n|tier|[Gen 9] VGC 2023 Regulation C\n|rated|\n|rule|Species Clause: Limit one of each Pok\u00e9mon\n|rule|Item Clause: Limit one of each item\n|clearpoke\n|poke|p1|Altaria, L50, F|\n|poke|p1|Chi-Yu, L50|\n|poke|p1|Flutter Mane, L50|\n|poke|p1|Murkrow, L50, F|\n|poke|p1|Medicham, L50, F|\n|poke|p1|Great Tusk, L50|\n|poke|p2|Abomasnow, L50, M|\n|poke|p2|Cetitan, L50, M|\n|poke|p2|Amoonguss, L50, F|\n|poke|p2|Baxcalibur, L50, M|\n|poke|p2|Kingambit, L50, M|\n|poke|p2|Iron Bundle, L50|\n|teampreview|4\n|inactive|Battle timer is ON: inactive players will automatically lose when time's up. (requested by silkorganic)\n|inactive|whorubuthi has 60 seconds left.\n|inactive|whorubuthi has 30 seconds left.\n|inactive|whorubuthi has 20 seconds left.\n|inactive|whorubuthi has 15 seconds left.\n|inactive|whorubuthi has 10 seconds left.\n|inactive|whorubuthi has 5 seconds left.\n|\n|t:|1683789347\n|start\n|switch|p1a: NO SLEEPING|Altaria, L50, F|100\/100\n|switch|p1b: Medicham|Medicham, L50, F|100\/100\n|switch|p2a: Abomasnow|Abomasnow, L50, M|100\/100\n|switch|p2b: Iron Bundle|Iron Bundle, L50|100\/100\n|-ability|p1a: NO SLEEPING|Cloud Nine\n|-weather|Snow|[from] ability: Snow Warning|[of] p2a: Abomasnow\n|turn|1\n|\n|t:|1683789362\n|-terastallize|p1a: NO SLEEPING|Flying\n|move|p1b: Medicham|Fake Out|p2b: Iron Bundle\n|-damage|p2b: Iron Bundle|78\/100\n|cant|p2b: Iron Bundle|flinch\n|move|p1a: NO SLEEPING|Safeguard|p1a: NO SLEEPING\n|-sidestart|p1: silkorganic|Safeguard\n|move|p2a: Abomasnow|Blizzard|p1b: Medicham|[spread] p1a,p1b\n|-supereffective|p1a: NO SLEEPING\n|-damage|p1a: NO SLEEPING|50\/100\n|-damage|p1b: Medicham|47\/100\n|\n|-weather|Snow|[upkeep]\n|upkeep\n|turn|2\n|\n|t:|1683789378\n|move|p2b: Iron Bundle|Blizzard|p1a: NO SLEEPING|[spread] p1a\n|-miss|p2b: Iron Bundle|p1b: Medicham\n|-supereffective|p1a: NO SLEEPING\n|-damage|p1a: NO SLEEPING|0 fnt\n|faint|p1a: NO SLEEPING\n|move|p1b: Medicham|High Jump Kick|p2b: Iron Bundle\n|-supereffective|p2b: Iron Bundle\n|-damage|p2b: Iron Bundle|0 fnt\n|faint|p2b: Iron Bundle\n|-end|p2b: Iron Bundle|Quark Drive|[silent]\n|move|p2a: Abomasnow|Aurora Veil|p2a: Abomasnow\n|-sidestart|p2: whorubuthi|move: Aurora Veil\n|\n|-weather|Snow|[upkeep]\n|upkeep\n|\n|t:|1683789394\n|switch|p2b: Cetitan|Cetitan, L50, M|100\/100\n|switch|p1a: Chi-Yu|Chi-Yu, L50|100\/100\n|-ability|p1a: Chi-Yu|Beads of Ruin\n|turn|3\n|\n|t:|1683789415\n|-terastallize|p2b: Cetitan|Water\n|move|p1a: Chi-Yu|Heat Wave|p2a: Abomasnow|[spread] p2a,p2b\n|-supereffective|p2a: Abomasnow\n|-resisted|p2b: Cetitan\n|-enditem|p2a: Abomasnow|Focus Sash\n|-damage|p2a: Abomasnow|1\/100\n|-damage|p2b: Cetitan|96\/100\n|move|p1b: Medicham|High Jump Kick|p2b: Cetitan\n|-damage|p2b: Cetitan|41\/100\n|move|p2b: Cetitan|Liquidation|p1a: Chi-Yu\n|-supereffective|p1a: Chi-Yu\n|-damage|p1a: Chi-Yu|0 fnt\n|faint|p1a: Chi-Yu\n|move|p2a: Abomasnow|Blizzard|p1b: Medicham\n|-damage|p1b: Medicham|0 fnt\n|faint|p1b: Medicham\n|\n|-weather|Snow|[upkeep]\n|upkeep\n|\n|t:|1683789429\n|switch|p1b: Great Tusk|Great Tusk, L50|100\/100\n|turn|4\n|\n|t:|1683789439\n|move|p1b: Great Tusk|Rock Slide|p2b: Cetitan|[spread] p2a\n|-miss|p1b: Great Tusk|p2b: Cetitan\n|-supereffective|p2a: Abomasnow\n|-damage|p2a: Abomasnow|0 fnt\n|faint|p2a: Abomasnow\n|move|p2b: Cetitan|Liquidation|p1b: Great Tusk\n|-supereffective|p1b: Great Tusk\n|-crit|p1b: Great Tusk\n|-damage|p1b: Great Tusk|8\/100\n|\n|-weather|Snow|[upkeep]\n|upkeep\n|\n|t:|1683789444\n|switch|p2a: Baxcalibur|Baxcalibur, L50, M|100\/100\n|turn|5\n|c|\u2606whorubuthi|ggwp\n|\n|t:|1683789453\n|move|p2a: Baxcalibur|Ice Shard|p1b: Great Tusk\n|-supereffective|p1b: Great Tusk\n|-damage|p1b: Great Tusk|0 fnt\n|faint|p1b: Great Tusk\n|-end|p1b: Great Tusk|Protosynthesis|[silent]\n|\n|win|whorubuthi\n|raw|silkorganic's rating: 1205 → 1175<\/strong> (-30 for losing)\n|raw|whorubuthi's rating: 1137 → 1167<\/strong> (+30 for winning)\n|l|\u2606silkorganic\n|l|\u2606whorubuthi\n|j|\u2606whorubuthi\n|player|p2|whorubuthi|266\n","uploadtime":1683789584,"views":9,"p1id":"silkorganic","p2id":"whorubuthi","formatid":"gen9vgc2023regulationc","rating":1167,"private":0,"password":""}