{"id":"gen9vgc2023regulationc-1859153532","p1":"Aweea","p2":"gxxcx yt","format":"[Gen 9] VGC 2023 Regulation C","log":"|j|\u2606Aweea\n|j|\u2606gxxcx yt\n|t:|1683410966\n|gametype|doubles\n|player|p1|Aweea|170|1053\n|player|p2|gxxcx yt|102|1000\n|teamsize|p1|6\n|teamsize|p2|6\n|gen|9\n|tier|[Gen 9] VGC 2023 Regulation C\n|rated|\n|rule|Species Clause: Limit one of each Pok\u00e9mon\n|rule|Item Clause: Limit one of each item\n|clearpoke\n|poke|p1|Glalie, L50, M|\n|poke|p1|Azumarill, L50, F|\n|poke|p1|Gothitelle, L50, F|\n|poke|p1|Torkoal, L50, F|\n|poke|p1|Armarouge, L50, F|\n|poke|p1|Indeedee-F, L50, F|\n|poke|p2|Talonflame, L50, M|\n|poke|p2|Farigiraf, L50, M|\n|poke|p2|Dragonite, L50, F|\n|poke|p2|Flutter Mane, L50|\n|poke|p2|Amoonguss, L50, F|\n|poke|p2|Palafin, L50, M|\n|teampreview|4\n|inactive|Battle timer is ON: inactive players will automatically lose when time's up. (requested by Aweea)\n|\n|t:|1683410975\n|start\n|switch|p1a: Glalie|Glalie, L50, M|100\/100\n|switch|p1b: Azumarill|Azumarill, L50, F|100\/100\n|switch|p2a: Farigiraf|Farigiraf, L50, M|100\/100\n|switch|p2b: Dragonite|Dragonite, L50, F|100\/100\n|turn|1\n|inactive|gxxcx yt has 30 seconds left.\n|\n|t:|1683411006\n|-terastallize|p2b: Dragonite|Normal\n|move|p2b: Dragonite|Extreme Speed|p1b: Azumarill\n|-damage|p1b: Azumarill|18\/100\n|-enditem|p1b: Azumarill|Sitrus Berry|[eat]\n|-heal|p1b: Azumarill|43\/100|[from] item: Sitrus Berry\n|move|p2a: Farigiraf|Hyper Voice|p1a: Glalie|[spread] p1a,p1b\n|-crit|p1b: Azumarill\n|-damage|p1a: Glalie|49\/100\n|-damage|p1b: Azumarill|0 fnt\n|faint|p1b: Azumarill\n|move|p1a: Glalie|Disable|p2b: Dragonite\n|-start|p2b: Dragonite|Disable|Extreme Speed\n|\n|-ability|p1a: Glalie|Moody|boost\n|-boost|p1a: Glalie|atk|2\n|-unboost|p1a: Glalie|def|1\n|-enditem|p1a: Glalie|Eject Pack\n|upkeep\n|\n|t:|1683411025\n|switch|p1a: Gothitelle|Gothitelle, L50, F|100\/100\n|switch|p1b: Torkoal|Torkoal, L50, F|100\/100\n|-weather|SunnyDay|[from] ability: Drought|[of] p1b: Torkoal\n|turn|2\n|\n|t:|1683411044\n|move|p2a: Farigiraf|Hyper Voice|p1a: Gothitelle|[spread] p1a,p1b\n|-damage|p1a: Gothitelle|68\/100\n|-damage|p1b: Torkoal|59\/100\n|-activate|p2b: Dragonite|move: Struggle\n|move|p2b: Dragonite|Struggle|p1b: Torkoal\n|-damage|p1b: Torkoal|38\/100\n|-damage|p2b: Dragonite|75\/100|[from] recoil\n|move|p1a: Gothitelle|Foul Play|p2a: Farigiraf\n|-supereffective|p2a: Farigiraf\n|-damage|p2a: Farigiraf|63\/100\n|move|p1b: Torkoal|Eruption|p2a: Farigiraf|[spread] p2a,p2b\n|-damage|p2a: Farigiraf|30\/100\n|-damage|p2b: Dragonite|51\/100\n|\n|-weather|SunnyDay|[upkeep]\n|upkeep\n|turn|3\n|inactive|Aweea has 30 seconds left.\n|inactive|Aweea has 20 seconds left.\n|\n|t:|1683411081\n|move|p2a: Farigiraf|Hyper Voice|p1b: Torkoal|[spread] p1a,p1b\n|-damage|p1a: Gothitelle|36\/100\n|-damage|p1b: Torkoal|0 fnt\n|faint|p1b: Torkoal\n|-activate|p2b: Dragonite|move: Struggle\n|move|p2b: Dragonite|Struggle|p1a: Gothitelle\n|-damage|p1a: Gothitelle|7\/100\n|-damage|p2b: Dragonite|26\/100|[from] recoil\n|move|p1a: Gothitelle|Trick Room|p1a: Gothitelle\n|-fieldstart|move: Trick Room|[of] p1a: Gothitelle\n|\n|-weather|SunnyDay|[upkeep]\n|upkeep\n|\n|t:|1683411094\n|switch|p1b: Glalie|Glalie, L50, M|49\/100\n|turn|4\n|\n|t:|1683411109\n|move|p1b: Glalie|Ice Shard||[still]\n|cant|p2a: Farigiraf|ability: Armor Tail|Ice Shard|[of] p1b: Glalie\n|move|p1a: Gothitelle|Foul Play|p2a: Farigiraf\n|-supereffective|p2a: Farigiraf\n|-damage|p2a: Farigiraf|0 fnt\n|faint|p2a: Farigiraf\n|-activate|p2b: Dragonite|move: Struggle\n|move|p2b: Dragonite|Struggle|p1b: Glalie\n|-damage|p1b: Glalie|6\/100\n|-damage|p2b: Dragonite|0 fnt|[from] recoil\n|faint|p2b: Dragonite\n|\n|-weather|SunnyDay|[upkeep]\n|-ability|p1b: Glalie|Moody|boost\n|-boost|p1b: Glalie|spe|2\n|-unboost|p1b: Glalie|atk|1\n|upkeep\n|\n|t:|1683411113\n|switch|p2b: Amoonguss|Amoonguss, L50, F|100\/100\n|switch|p2a: Flutter Mane|Flutter Mane, L50|100\/100\n|-activate|p2a: Flutter Mane|ability: Protosynthesis\n|-start|p2a: Flutter Mane|protosynthesisspa\n|turn|5\n|inactive|Aweea has 30 seconds left.\n|\n|t:|1683411140\n|-terastallize|p1b: Glalie|Ice\n|move|p1b: Glalie|Ice Shard|p2b: Amoonguss\n|-supereffective|p2b: Amoonguss\n|-damage|p2b: Amoonguss|79\/100\n|move|p2b: Amoonguss|Spore|p1b: Glalie\n|-status|p1b: Glalie|slp|[from] move: Spore\n|move|p1a: Gothitelle|Foul Play|p2b: Amoonguss\n|-damage|p2b: Amoonguss|68\/100\n|move|p2a: Flutter Mane|Dazzling Gleam|p1b: Glalie|[spread] p1a,p1b\n|-damage|p1a: Gothitelle|0 fnt\n|-damage|p1b: Glalie|0 fnt\n|faint|p1a: Gothitelle\n|faint|p1b: Glalie\n|\n|win|gxxcx yt\n|raw|Aweea's rating: 1053 → 1032<\/strong> (-21 for losing)\n|raw|gxxcx yt's rating: 1000 → 1046<\/strong> (+46 for winning)\n|l|\u2606Aweea\n","uploadtime":1683411821,"views":12,"p1id":"aweea","p2id":"gxxcxyt","formatid":"gen9vgc2023regulationc","rating":1032,"private":0,"password":""}