{"id":"gen9vgc2023regulationc-1859817098","p1":"Iced Tristan","p2":"Duhstin","format":"[Gen 9] VGC 2023 Regulation C","log":"|j|\u2606Iced Tristan\n|j|\u2606Duhstin\n|t:|1683566995\n|gametype|doubles\n|player|p1|Iced Tristan|n|1165\n|player|p2|Duhstin|n|1153\n|teamsize|p1|6\n|teamsize|p2|6\n|gen|9\n|tier|[Gen 9] VGC 2023 Regulation C\n|rated|\n|rule|Species Clause: Limit one of each Pok\u00e9mon\n|rule|Item Clause: Limit one of each item\n|clearpoke\n|poke|p1|Iron Bundle, L50|\n|poke|p1|Abomasnow, L50, M|\n|poke|p1|Baxcalibur, L50, F|\n|poke|p1|Arcanine, L50, M|\n|poke|p1|Annihilape, L50, M|\n|poke|p1|Corviknight, L50, F|\n|poke|p2|Torkoal, L50, F|\n|poke|p2|Great Tusk, L50|\n|poke|p2|Jumpluff, L50, M|\n|poke|p2|Flutter Mane, L50|\n|poke|p2|Gyarados, L50, F|\n|poke|p2|Chi-Yu, L50|\n|teampreview|4\n|\n|t:|1683567025\n|start\n|switch|p1a: Iron Bundle|Iron Bundle, L50|100\/100\n|switch|p1b: Arcanine|Arcanine, L50, M|100\/100\n|switch|p2a: Jumpluff|Jumpluff, L50, M|100\/100\n|switch|p2b: Torkoal|Torkoal, L50, F|100\/100\n|-ability|p1b: Arcanine|Intimidate|boost\n|-unboost|p2a: Jumpluff|atk|1\n|-unboost|p2b: Torkoal|atk|1\n|-weather|SunnyDay|[from] ability: Drought|[of] p2b: Torkoal\n|-enditem|p1a: Iron Bundle|Booster Energy\n|-activate|p1a: Iron Bundle|ability: Quark Drive|[fromitem]\n|-start|p1a: Iron Bundle|quarkdrivespe\n|turn|1\n|\n|t:|1683567047\n|switch|p1b: Abomasnow|Abomasnow, L50, M|100\/100\n|-weather|Snow|[from] ability: Snow Warning|[of] p1b: Abomasnow\n|move|p2b: Torkoal|Protect|p2b: Torkoal\n|-singleturn|p2b: Torkoal|Protect\n|move|p1a: Iron Bundle|Blizzard|p2b: Torkoal|[spread] p2a\n|-activate|p2b: Torkoal|move: Protect\n|-supereffective|p2a: Jumpluff\n|-damage|p2a: Jumpluff|0 fnt\n|faint|p2a: Jumpluff\n|\n|-weather|Snow|[upkeep]\n|upkeep\n|\n|t:|1683567060\n|switch|p2a: Gyarados|Gyarados, L50, F|100\/100\n|-ability|p2a: Gyarados|Intimidate|boost\n|-unboost|p1a: Iron Bundle|atk|1\n|-unboost|p1b: Abomasnow|atk|1\n|turn|2\n|\n|t:|1683567096\n|switch|p1b: Arcanine|Arcanine, L50, M|100\/100\n|-ability|p1b: Arcanine|Intimidate|boost\n|-unboost|p2a: Gyarados|atk|1\n|-unboost|p2b: Torkoal|atk|1\n|switch|p2b: Chi-Yu|Chi-Yu, L50|100\/100\n|-ability|p2b: Chi-Yu|Beads of Ruin\n|move|p1a: Iron Bundle|Aurora Veil|p1a: Iron Bundle\n|-sidestart|p1: Iced Tristan|move: Aurora Veil\n|move|p2a: Gyarados|Thunder Wave|p1a: Iron Bundle\n|-status|p1a: Iron Bundle|par\n|\n|-weather|Snow|[upkeep]\n|upkeep\n|turn|3\n|\n|t:|1683567118\n|switch|p2a: Torkoal|Torkoal, L50, F|100\/100\n|-weather|SunnyDay|[from] ability: Drought|[of] p2a: Torkoal\n|move|p1b: Arcanine|Will-O-Wisp|p2a: Torkoal|[miss]\n|-miss|p1b: Arcanine|p2a: Torkoal\n|move|p2b: Chi-Yu|Heat Wave|p1b: Arcanine|[spread] p1a,p1b\n|-resisted|p1b: Arcanine\n|-damage|p1a: Iron Bundle|0 fnt\n|-damage|p1b: Arcanine|68\/100\n|faint|p1a: Iron Bundle\n|-end|p1a: Iron Bundle|Quark Drive|[silent]\n|-damage|p2b: Chi-Yu|91\/100|[from] item: Life Orb\n|\n|-weather|SunnyDay|[upkeep]\n|upkeep\n|\n|t:|1683567132\n|switch|p1a: Baxcalibur|Baxcalibur, L50, F|100\/100\n|turn|4\n|inactive|Battle timer is ON: inactive players will automatically lose when time's up. (requested by Duhstin)\n|\n|t:|1683567173\n|move|p2a: Torkoal|Helping Hand|p2b: Chi-Yu\n|-singleturn|p2b: Chi-Yu|Helping Hand|[of] p2a: Torkoal\n|move|p1b: Arcanine|Howl|p1b: Arcanine|[spread] p1a,p1b\n|-boost|p1a: Baxcalibur|atk|1\n|-boost|p1b: Arcanine|atk|1\n|move|p2b: Chi-Yu|Heat Wave|p1a: Baxcalibur|[spread] p1a\n|-miss|p2b: Chi-Yu|p1b: Arcanine\n|-damage|p1a: Baxcalibur|0 fnt\n|faint|p1a: Baxcalibur\n|-damage|p2b: Chi-Yu|82\/100|[from] item: Life Orb\n|\n|-weather|SunnyDay|[upkeep]\n|upkeep\n|inactive|Iced Tristan has 30 seconds left.\n|\n|t:|1683567200\n|switch|p1a: Abomasnow|Abomasnow, L50, M|100\/100\n|-weather|Snow|[from] ability: Snow Warning|[of] p1a: Abomasnow\n|turn|5\n|c|\u2606Iced Tristan|welp gg thought I'd tank that w\/ veil\n|-message|Iced Tristan forfeited.\n|\n|win|Duhstin\n|raw|Iced Tristan's rating: 1165 → 1139<\/strong> (-26 for losing)\n|raw|Duhstin's rating: 1153 → 1179<\/strong> (+26 for winning)\n","uploadtime":1683567242,"views":13,"p1id":"icedtristan","p2id":"duhstin","formatid":"gen9vgc2023regulationc","rating":1139,"private":0,"password":""}