{"id":"gen9vgc2023regulationc-1864124023","p1":"Sloth diesel","p2":"ImATree16","format":"[Gen 9] VGC 2023 Regulation C","log":"|j|\u2606Sloth diesel\n|j|\u2606ImATree16\n|t:|1684120918\n|gametype|doubles\n|player|p1|Sloth diesel|skier|1110\n|player|p2|ImATree16|170|1000\n|teamsize|p1|6\n|teamsize|p2|6\n|gen|9\n|tier|[Gen 9] VGC 2023 Regulation C\n|rated|\n|rule|Species Clause: Limit one of each Pok\u00e9mon\n|rule|Item Clause: Limit one of each item\n|clearpoke\n|poke|p1|Pelipper, L50, F|\n|poke|p1|Kingambit, L50, F|\n|poke|p1|Azumarill, L50, F|\n|poke|p1|Gholdengo, L50|\n|poke|p1|Garchomp, L50, F|\n|poke|p1|Iron Bundle, L50|\n|poke|p2|Flutter Mane, L50|\n|poke|p2|Great Tusk, L50|\n|poke|p2|Iron Bundle, L50|\n|poke|p2|Dragonite, L50, F|\n|poke|p2|Kingambit, L50, M|\n|poke|p2|Abomasnow, L50, F|\n|teampreview|4\n|inactive|Battle timer is ON: inactive players will automatically lose when time's up. (requested by ImATree16)\n|inactive|Sloth diesel has 60 seconds left.\n|\n|t:|1684120989\n|start\n|switch|p1a: Garchomp|Garchomp, L50, F, shiny|100\/100\n|switch|p1b: Gholdengo|Gholdengo, L50|100\/100\n|switch|p2a: Iron Bundle|Iron Bundle, L50|100\/100\n|switch|p2b: Abomasnow|Abomasnow, L50, F|100\/100\n|-weather|Snow|[from] ability: Snow Warning|[of] p2b: Abomasnow\n|turn|1\n|inactive|Sloth diesel has 30 seconds left.\n|inactive|Sloth diesel has 20 seconds left.\n|\n|t:|1684121025\n|-terastallize|p2a: Iron Bundle|Ice\n|-terastallize|p1b: Gholdengo|Steel\n|move|p2b: Abomasnow|Helping Hand|p2a: Iron Bundle\n|-singleturn|p2a: Iron Bundle|Helping Hand|[of] p2b: Abomasnow\n|move|p2a: Iron Bundle|Blizzard|p1a: Garchomp|[spread] p1a,p1b\n|-supereffective|p1a: Garchomp\n|-resisted|p1b: Gholdengo\n|-damage|p1a: Garchomp|0 fnt\n|-damage|p1b: Gholdengo|41\/100\n|-status|p1b: Gholdengo|frz\n|faint|p1a: Garchomp\n|-curestatus|p1b: Gholdengo|frz|[msg]\n|move|p1b: Gholdengo|Make It Rain|p2a: Iron Bundle|[spread] p2a,p2b\n|-supereffective|p2a: Iron Bundle\n|-supereffective|p2b: Abomasnow\n|-damage|p2a: Iron Bundle|0 fnt\n|-enditem|p2b: Abomasnow|Focus Sash\n|-damage|p2b: Abomasnow|1\/100\n|-unboost|p1b: Gholdengo|spa|1\n|faint|p2a: Iron Bundle\n|-end|p2a: Iron Bundle|Quark Drive|[silent]\n|\n|-weather|Snow|[upkeep]\n|-heal|p1b: Gholdengo|47\/100|[from] item: Leftovers\n|upkeep\n|inactive|Sloth diesel has 30 seconds left.\n|inactive|ImATree16 has 30 seconds left.\n|\n|t:|1684121052\n|switch|p2a: Great Tusk|Great Tusk, L50|100\/100\n|switch|p1a: Pelipper|Pelipper, L50, F, shiny|100\/100\n|-weather|RainDance|[from] ability: Drizzle|[of] p1a: Pelipper\n|turn|2\n|\n|t:|1684121061\n|move|p1b: Gholdengo|Protect|p1b: Gholdengo\n|-singleturn|p1b: Gholdengo|Protect\n|move|p2a: Great Tusk|Headlong Rush|p1b: Gholdengo\n|-activate|p1b: Gholdengo|move: Protect\n|move|p2b: Abomasnow|Leaf Storm|p1a: Pelipper\n|-damage|p1a: Pelipper|41\/100\n|-unboost|p2b: Abomasnow|spa|2\n|move|p1a: Pelipper|Tailwind|p1a: Pelipper\n|-sidestart|p1: Sloth diesel|move: Tailwind\n|\n|-weather|RainDance|[upkeep]\n|-heal|p1b: Gholdengo|53\/100|[from] item: Leftovers\n|upkeep\n|turn|3\n|\n|t:|1684121081\n|move|p1b: Gholdengo|Make It Rain|p2a: Great Tusk|[spread] p2a,p2b\n|-supereffective|p2b: Abomasnow\n|-damage|p2a: Great Tusk|34\/100\n|-damage|p2b: Abomasnow|0 fnt\n|-unboost|p1b: Gholdengo|spa|1\n|faint|p2b: Abomasnow\n|move|p2a: Great Tusk|Headlong Rush|p1b: Gholdengo\n|-supereffective|p1b: Gholdengo\n|-damage|p1b: Gholdengo|0 fnt\n|-unboost|p2a: Great Tusk|def|1\n|-unboost|p2a: Great Tusk|spd|1\n|faint|p1b: Gholdengo\n|move|p1a: Pelipper|Hurricane|p2a: Great Tusk\n|-supereffective|p2a: Great Tusk\n|-damage|p2a: Great Tusk|0 fnt\n|faint|p2a: Great Tusk\n|-end|p2a: Great Tusk|Protosynthesis|[silent]\n|\n|-weather|RainDance|[upkeep]\n|upkeep\n|\n|t:|1684121100\n|switch|p1b: Iron Bundle|Iron Bundle, L50, shiny|100\/100\n|switch|p2b: Flutter Mane|Flutter Mane, L50|100\/100\n|-enditem|p1b: Iron Bundle|Booster Energy\n|-activate|p1b: Iron Bundle|ability: Quark Drive|[fromitem]\n|-start|p1b: Iron Bundle|quarkdrivespa\n|-enditem|p2b: Flutter Mane|Booster Energy\n|-activate|p2b: Flutter Mane|ability: Protosynthesis|[fromitem]\n|-start|p2b: Flutter Mane|protosynthesisspe\n|turn|4\n|inactive|Sloth diesel has 30 seconds left.\n|\n|t:|1684121132\n|move|p1b: Iron Bundle|Freeze-Dry|p2b: Flutter Mane\n|-damage|p2b: Flutter Mane|59\/100\n|move|p2b: Flutter Mane|Dazzling Gleam|p1b: Iron Bundle|[spread] p1a,p1b\n|-damage|p1a: Pelipper|8\/100\n|-damage|p1b: Iron Bundle|47\/100\n|move|p1a: Pelipper|Hurricane|p2b: Flutter Mane\n|-damage|p2b: Flutter Mane|27\/100\n|\n|-weather|RainDance|[upkeep]\n|upkeep\n|turn|5\n|\n|t:|1684121153\n|move|p2b: Flutter Mane|Protect|p2b: Flutter Mane\n|-singleturn|p2b: Flutter Mane|Protect\n|move|p1a: Pelipper|Wide Guard|p1a: Pelipper\n|-singleturn|p1a: Pelipper|Wide Guard\n|move|p1b: Iron Bundle|Freeze-Dry|p2b: Flutter Mane\n|-activate|p2b: Flutter Mane|move: Protect\n|\n|-weather|RainDance|[upkeep]\n|-sideend|p1: Sloth diesel|move: Tailwind\n|upkeep\n|turn|6\n|\n|t:|1684121178\n|move|p2b: Flutter Mane|Moonblast|p1b: Iron Bundle\n|-damage|p1b: Iron Bundle|0 fnt\n|faint|p1b: Iron Bundle\n|-end|p1b: Iron Bundle|Quark Drive|[silent]\n|move|p1a: Pelipper|Hurricane|p2b: Flutter Mane\n|-damage|p2b: Flutter Mane|0 fnt\n|faint|p2b: Flutter Mane\n|-end|p2b: Flutter Mane|Protosynthesis|[silent]\n|\n|win|Sloth diesel\n|raw|Sloth diesel's rating: 1110 → 1127<\/strong> (+17 for winning)\n|raw|ImATree16's rating: 1000 → 1000<\/strong> (+0 for losing)\n|c|\u2606ImATree16|Nice\n","uploadtime":1684121192,"views":8,"p1id":"slothdiesel","p2id":"imatree16","formatid":"gen9vgc2023regulationc","rating":1000,"private":0,"password":""}