{"id":"gen9vgc2023regulationc-1862530428","p1":"TeraPablo19","p2":"Chaddyfootball","format":"[Gen 9] VGC 2023 Regulation C","log":"|j|\u2606TeraPablo19\n|j|\u2606Chaddyfootball\n|t:|1683897955\n|gametype|doubles\n|player|p1|TeraPablo19|morty|1068\n|player|p2|Chaddyfootball|red|1086\n|teamsize|p1|6\n|teamsize|p2|6\n|gen|9\n|tier|[Gen 9] VGC 2023 Regulation C\n|rated|\n|rule|Species Clause: Limit one of each Pok\u00e9mon\n|rule|Item Clause: Limit one of each item\n|clearpoke\n|poke|p1|Wo-Chien, L50|\n|poke|p1|Ting-Lu, L50|\n|poke|p1|Arcanine, L50, F|\n|poke|p1|Garganacl, L50, M|\n|poke|p1|Gothitelle, L50, F|\n|poke|p1|Scream Tail, L50|\n|poke|p2|Arcanine, L50, M|\n|poke|p2|Palafin, L50, M|\n|poke|p2|Meowscarada, L50, M|\n|poke|p2|Dragonite, L50, F|\n|poke|p2|Dragapult, L50, M|\n|poke|p2|Gardevoir, L50, F|\n|teampreview|4\nTeraPablo19 rejected open team sheets.\n|inactive|Battle timer is ON: inactive players will automatically lose when time's up. (requested by TeraPablo19)\n|inactive|Chaddyfootball has 60 seconds left.\n|\n|t:|1683897990\n|start\n|switch|p1a: Wo-Chien|Wo-Chien, L50|100\/100\n|switch|p1b: Arcanine|Arcanine, L50, F|100\/100\n|switch|p2a: Dragapult|Dragapult, L50, M|100\/100\n|switch|p2b: Palafin|Palafin, L50, M|100\/100\n|-ability|p1b: Arcanine|Intimidate|boost\n|-fail|p2a: Dragapult|unboost|[from] ability: Clear Body|[of] p2a: Dragapult\n|-unboost|p2b: Palafin|atk|1\n|-ability|p1a: Wo-Chien|Tablets of Ruin\n|turn|1\n|\n|t:|1683898014\n|detailschange|p2b: Palafin|Palafin-Hero, L50, M\n|switch|p2b: Gardevoir|Gardevoir, L50, F|100\/100\n|-ability|p2b: Gardevoir|Intimidate|boost\n|-unboost|p1a: Wo-Chien|atk|1\n|-unboost|p1b: Arcanine|atk|1\n|-ability|p2b: Gardevoir|Intimidate|[from] ability: Trace|[of] p1b: Arcanine\n|move|p2a: Dragapult|Phantom Force||[still]\n|-prepare|p2a: Dragapult|Phantom Force\n|move|p1b: Arcanine|Will-O-Wisp|p2b: Gardevoir\n|-status|p2b: Gardevoir|brn\n|move|p1a: Wo-Chien|Leech Seed|p2b: Gardevoir\n|-start|p2b: Gardevoir|move: Leech Seed\n|\n|-damage|p2b: Gardevoir|89\/100 brn|[from] Leech Seed|[of] p1a: Wo-Chien\n|-damage|p2b: Gardevoir|83\/100 brn|[from] brn\n|upkeep\n|turn|2\n|\n|t:|1683898037\n|-terastallize|p1a: Wo-Chien|Fairy\n|move|p2a: Dragapult|Phantom Force|p1b: Arcanine|[from]lockedmove\n|-damage|p1b: Arcanine|59\/100\n|move|p1b: Arcanine|Snarl|p2b: Gardevoir|[spread] p2a,p2b\n|-supereffective|p2a: Dragapult\n|-damage|p2a: Dragapult|77\/100\n|-damage|p2b: Gardevoir|73\/100 brn\n|-unboost|p2b: Gardevoir|spa|1\n|move|p2b: Gardevoir|Moonblast|p1a: Wo-Chien\n|-damage|p1a: Wo-Chien|74\/100\n|move|p1a: Wo-Chien|Leech Seed|p2a: Dragapult\n|-start|p2a: Dragapult|move: Leech Seed\n|\n|-heal|p1a: Wo-Chien|80\/100|[from] item: Leftovers\n|-damage|p2a: Dragapult|65\/100|[from] Leech Seed|[of] p1a: Wo-Chien\n|-heal|p1a: Wo-Chien|90\/100|[silent]\n|-damage|p2b: Gardevoir|61\/100 brn|[from] Leech Seed|[of] p1a: Wo-Chien\n|-heal|p1a: Wo-Chien|99\/100|[silent]\n|-damage|p2b: Gardevoir|55\/100 brn|[from] brn\n|upkeep\n|turn|3\n|inactive|Chaddyfootball has 30 seconds left.\n|\n|t:|1683898071\n|move|p2a: Dragapult|Phantom Force||[still]\n|-prepare|p2a: Dragapult|Phantom Force\n|move|p1b: Arcanine|Will-O-Wisp|p2a: Dragapult|[miss]\n|-miss|p1b: Arcanine|p2a: Dragapult\n|move|p2b: Gardevoir|Psychic|p1b: Arcanine\n|-damage|p1b: Arcanine|19\/100\n|move|p1a: Wo-Chien|Pollen Puff|p1b: Arcanine\n|-heal|p1b: Arcanine|69\/100\n|\n|-heal|p1a: Wo-Chien|100\/100|[from] item: Leftovers\n|-damage|p2a: Dragapult|53\/100|[from] Leech Seed|[of] p1a: Wo-Chien\n|-damage|p2b: Gardevoir|43\/100 brn|[from] Leech Seed|[of] p1a: Wo-Chien\n|-damage|p2b: Gardevoir|38\/100 brn|[from] brn\n|upkeep\n|-enditem|p2b: Gardevoir|Sitrus Berry|[eat]\n|-heal|p2b: Gardevoir|62\/100 brn|[from] item: Sitrus Berry\n|turn|4\n|inactive|Chaddyfootball has 30 seconds left.\n|inactive|TeraPablo19 has 30 seconds left.\n|\n|t:|1683898103\n|move|p2a: Dragapult|Phantom Force|p1b: Arcanine|[from]lockedmove\n|-damage|p1b: Arcanine|32\/100\n|move|p1b: Arcanine|Will-O-Wisp|p2a: Dragapult\n|-status|p2a: Dragapult|brn\n|move|p2b: Gardevoir|Psychic|p1b: Arcanine\n|-damage|p1b: Arcanine|0 fnt\n|faint|p1b: Arcanine\n|move|p1a: Wo-Chien|Ruination|p2a: Dragapult\n|-damage|p2a: Dragapult|27\/100 brn\n|\n|-damage|p2a: Dragapult|15\/100 brn|[from] Leech Seed|[of] p1a: Wo-Chien\n|-damage|p2b: Gardevoir|50\/100 brn|[from] Leech Seed|[of] p1a: Wo-Chien\n|-damage|p2a: Dragapult|8\/100 brn|[from] brn\n|-damage|p2b: Gardevoir|45\/100 brn|[from] brn\n|upkeep\n|\n|t:|1683898113\n|switch|p1b: Ting-Lu|Ting-Lu, L50|100\/100\n|-ability|p1b: Ting-Lu|Vessel of Ruin\n|turn|5\n|inactive|Chaddyfootball has 30 seconds left.\n|\n|t:|1683898146\n|switch|p2a: Dragonite|Dragonite, L50, F|100\/100\n|move|p2b: Gardevoir|Moonblast|p1b: Ting-Lu\n|-supereffective|p1b: Ting-Lu\n|-damage|p1b: Ting-Lu|75\/100\n|-unboost|p1b: Ting-Lu|spa|1\n|move|p1a: Wo-Chien|Ruination|p2b: Gardevoir\n|-damage|p2b: Gardevoir|23\/100 brn\n|move|p1b: Ting-Lu|Snarl|p2a: Dragonite|[spread] p2b\n|-miss|p1b: Ting-Lu|p2a: Dragonite\n|-damage|p2b: Gardevoir|17\/100 brn\n|-unboost|p2b: Gardevoir|spa|1\n|\n|-damage|p2b: Gardevoir|5\/100 brn|[from] Leech Seed|[of] p1a: Wo-Chien\n|-damage|p2b: Gardevoir|0 fnt|[from] brn\n|faint|p2b: Gardevoir\n|upkeep\n|\n|t:|1683898165\n|switch|p2b: Palafin|Palafin-Hero, L50, M|100\/100\n|-activate|p2b: Palafin|ability: Zero to Hero\n|turn|6\n|inactive|Chaddyfootball has 30 seconds left.\n|\n|t:|1683898190\n|-terastallize|p2b: Palafin|Water\n|move|p2a: Dragonite|Extreme Speed|p1a: Wo-Chien\n|-damage|p1a: Wo-Chien|81\/100\n|move|p2b: Palafin|Jet Punch|p1b: Ting-Lu\n|-supereffective|p1b: Ting-Lu\n|-damage|p1b: Ting-Lu|35\/100\n|move|p1a: Wo-Chien|Leech Seed|p2a: Dragonite\n|-start|p2a: Dragonite|move: Leech Seed\n|move|p1b: Ting-Lu|Fissure|p2b: Palafin|[miss]\n|-miss|p1b: Ting-Lu|p2b: Palafin\n|\n|-heal|p1a: Wo-Chien|86\/100|[from] item: Leftovers\n|-damage|p2a: Dragonite|88\/100|[from] Leech Seed|[of] p1a: Wo-Chien\n|-heal|p1a: Wo-Chien|97\/100|[silent]\n|upkeep\n|turn|7\n|inactive|Chaddyfootball has 30 seconds left.\n|\n|t:|1683898216\n|move|p2a: Dragonite|Extreme Speed|p1b: Ting-Lu\n|-damage|p1b: Ting-Lu|22\/100\n|move|p2b: Palafin|Jet Punch|p1b: Ting-Lu\n|-supereffective|p1b: Ting-Lu\n|-damage|p1b: Ting-Lu|0 fnt\n|faint|p1b: Ting-Lu\n|move|p1a: Wo-Chien|Leech Seed|p2b: Palafin\n|-start|p2b: Palafin|move: Leech Seed\n|\n|-heal|p1a: Wo-Chien|100\/100|[from] item: Leftovers\n|-damage|p2b: Palafin|88\/100|[from] Leech Seed|[of] p1a: Wo-Chien\n|-damage|p2a: Dragonite|76\/100|[from] Leech Seed|[of] p1a: Wo-Chien\n|upkeep\n|\n|t:|1683898224\n|switch|p1b: Garganacl|Garganacl, L50, M|100\/100\n|turn|8\n|\n|t:|1683898236\n|move|p2a: Dragonite|Extreme Speed|p1b: Garganacl\n|-resisted|p1b: Garganacl\n|-damage|p1b: Garganacl|91\/100\n|move|p2b: Palafin|Jet Punch|p1b: Garganacl\n|-supereffective|p1b: Garganacl\n|-damage|p1b: Garganacl|29\/100\n|-enditem|p1b: Garganacl|Sitrus Berry|[eat]\n|-heal|p1b: Garganacl|54\/100|[from] item: Sitrus Berry\n|move|p1a: Wo-Chien|Ruination|p2b: Palafin\n|-damage|p2b: Palafin|44\/100\n|move|p1b: Garganacl|Salt Cure|p2b: Palafin\n|-damage|p2b: Palafin|35\/100\n|-start|p2b: Palafin|Salt Cure\n|\n|-damage|p2b: Palafin|23\/100|[from] Leech Seed|[of] p1a: Wo-Chien\n|-damage|p2a: Dragonite|64\/100|[from] Leech Seed|[of] p1a: Wo-Chien\n|-damage|p2b: Palafin|0 fnt|[from] Salt Cure\n|faint|p2b: Palafin\n|upkeep\n|\n|t:|1683898255\n|switch|p2b: Dragapult|Dragapult, L50, M|8\/100 brn\n|turn|9\n|\n|t:|1683898275\n|move|p2a: Dragonite|Extreme Speed|p1b: Garganacl\n|-resisted|p1b: Garganacl\n|-damage|p1b: Garganacl|45\/100\n|move|p2b: Dragapult|Phantom Force||[still]\n|-prepare|p2b: Dragapult|Phantom Force\n|move|p1a: Wo-Chien|Leech Seed|p2b: Dragapult|[miss]\n|-miss|p1a: Wo-Chien|p2b: Dragapult\n|move|p1b: Garganacl|Recover|p1b: Garganacl\n|-heal|p1b: Garganacl|96\/100\n|\n|-damage|p2a: Dragonite|52\/100|[from] Leech Seed|[of] p1a: Wo-Chien\n|-damage|p2b: Dragapult|2\/100 brn|[from] brn\n|upkeep\n|turn|10\n|\n|t:|1683898295\n|move|p2a: Dragonite|Extreme Speed|p1b: Garganacl\n|-resisted|p1b: Garganacl\n|-damage|p1b: Garganacl|86\/100\n|move|p2b: Dragapult|Phantom Force|p1b: Garganacl|[from]lockedmove\n|-damage|p1b: Garganacl|81\/100\n|move|p1a: Wo-Chien|Ruination|p2a: Dragonite|[miss]\n|-miss|p1a: Wo-Chien|p2a: Dragonite\n|move|p1b: Garganacl|Salt Cure|p2a: Dragonite\n|-supereffective|p2a: Dragonite\n|-damage|p2a: Dragonite|31\/100\n|-start|p2a: Dragonite|Salt Cure\n|\n|-damage|p2a: Dragonite|19\/100|[from] Leech Seed|[of] p1a: Wo-Chien\n|-damage|p2b: Dragapult|0 fnt|[from] brn\n|faint|p2b: Dragapult\n|-damage|p2a: Dragonite|7\/100|[from] Salt Cure\n|upkeep\n|turn|11\n|-message|Chaddyfootball forfeited.\n|\n|win|TeraPablo19\n|raw|TeraPablo19's rating: 1068 → 1099<\/strong> (+31 for winning)\n|raw|Chaddyfootball's rating: 1086 → 1062<\/strong> (-24 for losing)\n|l|\u2606Chaddyfootball\n","uploadtime":1683898311,"views":8,"p1id":"terapablo19","p2id":"chaddyfootball","formatid":"gen9vgc2023regulationc","rating":1062,"private":0,"password":""}