{"id":"gen9vgc2023regulationc-1854759311","p1":"kokialcazar","p2":"Shadow83","format":"[Gen 9] VGC 2023 Regulation C","log":"|j|\u2606kokialcazar\n|j|\u2606Shadow83\n|t:|1682862398\n|gametype|doubles\n|player|p1|kokialcazar|morty|1138\n|player|p2|Shadow83|hugh|1226\n|teamsize|p1|6\n|teamsize|p2|6\n|gen|9\n|tier|[Gen 9] VGC 2023 Regulation C\n|rated|\n|rule|Species Clause: Limit one of each Pok\u00e9mon\n|rule|Item Clause: Limit one of each item\n|clearpoke\n|poke|p1|Chi-Yu, L50|\n|poke|p1|Palafin, L50, M|\n|poke|p1|Flutter Mane, L50|\n|poke|p1|Dragapult, L50, M|\n|poke|p1|Iron Bundle, L50|\n|poke|p1|Gholdengo, L50|\n|poke|p2|Arcanine, L50, M|\n|poke|p2|Iron Bundle, L50|\n|poke|p2|Rotom-Wash, L50|\n|poke|p2|Ting-Lu, L50|\n|poke|p2|Kingambit, L50, M|\n|poke|p2|Flutter Mane, L50|\n|teampreview|4\nShadow83 has agreed to open team sheets.\n|\n|t:|1682862425\n|start\n|switch|p1a: Iron Bundle|Iron Bundle, L50, shiny|100\/100\n|switch|p1b: Chi-Yu|Chi-Yu, L50|100\/100\n|switch|p2a: Ting-Lu|Ting-Lu, L50|100\/100\n|switch|p2b: Rotowash|Rotom-Wash, L50, shiny|100\/100\n|-ability|p1b: Chi-Yu|Beads of Ruin\n|-ability|p2a: Ting-Lu|Vessel of Ruin\n|-enditem|p1a: Iron Bundle|Booster Energy\n|-activate|p1a: Iron Bundle|ability: Quark Drive|[fromitem]\n|-start|p1a: Iron Bundle|quarkdrivespe\n|turn|1\n|\n|t:|1682862446\n|-terastallize|p1b: Chi-Yu|Ghost\n|move|p1a: Iron Bundle|Freeze-Dry|p2b: Rotowash\n|-supereffective|p2b: Rotowash\n|-damage|p2b: Rotowash|24\/100\n|move|p1b: Chi-Yu|Tera Blast|p2b: Rotowash\n|-damage|p2b: Rotowash|0 fnt\n|faint|p2b: Rotowash\n|move|p2a: Ting-Lu|Earthquake|p1a: Iron Bundle|[spread] p1a,p1b\n|-crit|p1b: Chi-Yu\n|-damage|p1a: Iron Bundle|60\/100\n|-damage|p1b: Chi-Yu|15\/100\n|\n|upkeep\n|\n|t:|1682862461\n|switch|p2b: Arcanine|Arcanine, L50, M|100\/100\n|-ability|p2b: Arcanine|Intimidate|boost\n|-unboost|p1a: Iron Bundle|atk|1\n|-unboost|p1b: Chi-Yu|atk|1\n|turn|2\n|\n|t:|1682862474\n|move|p1a: Iron Bundle|Hydro Pump|p2b: Arcanine\n|-supereffective|p2b: Arcanine\n|-damage|p2b: Arcanine|0 fnt\n|faint|p2b: Arcanine\n|move|p1b: Chi-Yu|Tera Blast|p2a: Ting-Lu\n|-resisted|p2a: Ting-Lu\n|-damage|p2a: Ting-Lu|86\/100\n|move|p2a: Ting-Lu|Heavy Slam|p1a: Iron Bundle\n|-damage|p1a: Iron Bundle|19\/100\n|\n|upkeep\n|\n|t:|1682862484\n|switch|p2b: Flutter Mane|Flutter Mane, L50|100\/100\n|turn|3\n|\n|t:|1682862493\n|move|p2b: Flutter Mane|Protect|p2b: Flutter Mane\n|-singleturn|p2b: Flutter Mane|Protect\n|move|p1a: Iron Bundle|Icy Wind|p2a: Ting-Lu|[spread] p2a\n|-activate|p2b: Flutter Mane|move: Protect\n|-supereffective|p2a: Ting-Lu\n|-damage|p2a: Ting-Lu|67\/100\n|-unboost|p2a: Ting-Lu|spe|1\n|move|p1b: Chi-Yu|Tera Blast|p2b: Flutter Mane\n|-activate|p2b: Flutter Mane|move: Protect\n|move|p2a: Ting-Lu|Earthquake|p1a: Iron Bundle|[spread] p1a,p1b\n|-activate|p2b: Flutter Mane|move: Protect\n|-damage|p1a: Iron Bundle|0 fnt\n|-damage|p1b: Chi-Yu|0 fnt\n|faint|p1a: Iron Bundle\n|-end|p1a: Iron Bundle|Quark Drive|[silent]\n|faint|p1b: Chi-Yu\n|\n|upkeep\n|\n|t:|1682862513\n|switch|p1a: Dragapult|Dragapult, L50, M, shiny|100\/100\n|switch|p1b: Gholdengo|Gholdengo, L50|100\/100\n|turn|4\n|\n|t:|1682862528\n|-terastallize|p2b: Flutter Mane|Fairy\n|move|p1b: Gholdengo|Protect|p1b: Gholdengo\n|-singleturn|p1b: Gholdengo|Protect\n|move|p1a: Dragapult|Phantom Force||[still]\n|-prepare|p1a: Dragapult|Phantom Force\n|move|p2b: Flutter Mane|Shadow Ball|p1b: Gholdengo\n|-activate|p1b: Gholdengo|move: Protect\n|move|p2a: Ting-Lu|Ruination|p1a: Dragapult|[miss]\n|-miss|p2a: Ting-Lu|p1a: Dragapult\n|\n|upkeep\n|turn|5\n|\n|t:|1682862543\n|move|p1a: Dragapult|Phantom Force|p2b: Flutter Mane|[from]lockedmove\n|-damage|p2b: Flutter Mane|0 fnt\n|faint|p2b: Flutter Mane\n|-end|p2b: Flutter Mane|Protosynthesis|[silent]\n|move|p1b: Gholdengo|Nasty Plot|p1b: Gholdengo\n|-boost|p1b: Gholdengo|spa|2\n|move|p2a: Ting-Lu|Ruination|p1a: Dragapult\n|-damage|p1a: Dragapult|50\/100\n|\n|upkeep\n|turn|6\n|\n|t:|1682862559\n|move|p1b: Gholdengo|Protect|p1b: Gholdengo\n|-singleturn|p1b: Gholdengo|Protect\n|move|p1a: Dragapult|Phantom Force||[still]\n|-prepare|p1a: Dragapult|Phantom Force\n|move|p2a: Ting-Lu|Earthquake|p1b: Gholdengo|[spread] \n|-miss|p2a: Ting-Lu|p1a: Dragapult\n|-activate|p1b: Gholdengo|move: Protect\n|\n|upkeep\n|turn|7\n|\n|t:|1682862570\n|move|p1a: Dragapult|Phantom Force|p2a: Ting-Lu|[from]lockedmove\n|-resisted|p2a: Ting-Lu\n|-damage|p2a: Ting-Lu|48\/100\n|move|p1b: Gholdengo|Make It Rain|p2a: Ting-Lu\n|-damage|p2a: Ting-Lu|6\/100\n|-unboost|p1b: Gholdengo|spa|1\n|move|p2a: Ting-Lu|Earthquake|p1b: Gholdengo|[spread] p1a,p1b\n|-supereffective|p1b: Gholdengo\n|-damage|p1a: Dragapult|4\/100\n|-damage|p1b: Gholdengo|33\/100\n|\n|-heal|p1b: Gholdengo|40\/100|[from] item: Leftovers\n|upkeep\n|turn|8\n|\n|t:|1682862588\n|move|p1b: Gholdengo|Protect|p1b: Gholdengo\n|-singleturn|p1b: Gholdengo|Protect\n|move|p1a: Dragapult|Phantom Force||[still]\n|-prepare|p1a: Dragapult|Phantom Force\n|move|p2a: Ting-Lu|Earthquake|p1a: Dragapult|[spread] \n|-miss|p2a: Ting-Lu|p1a: Dragapult\n|-activate|p1b: Gholdengo|move: Protect\n|\n|-heal|p1b: Gholdengo|46\/100|[from] item: Leftovers\n|upkeep\n|turn|9\n|\n|t:|1682862614\n|move|p1a: Dragapult|Phantom Force|p2a: Ting-Lu|[from]lockedmove\n|-resisted|p2a: Ting-Lu\n|-damage|p2a: Ting-Lu|0 fnt\n|faint|p2a: Ting-Lu\n|\n|win|kokialcazar\n|raw|kokialcazar's rating: 1138 → 1169<\/strong> (+31 for winning)\n|raw|Shadow83's rating: 1226 → 1195<\/strong> (-31 for losing)\n|c|\u2606Shadow83|gg\n|l|\u2606Shadow83\n","uploadtime":1682862623,"views":17,"p1id":"kokialcazar","p2id":"shadow83","formatid":"gen9vgc2023regulationc","rating":1169,"private":0,"password":""}