{"id":"gen9vgc2023regulationc-1855215743","p1":"nightamara","p2":"Rhoerner","format":"[Gen 9] VGC 2023 Regulation C","log":"|j|\u2606nightamara\n|j|\u2606Rhoerner\n|t:|1682916524\n|gametype|doubles\n|player|p1|nightamara|greta-gen3|1152\n|player|p2|Rhoerner|artist-gen4|1104\n|teamsize|p1|6\n|teamsize|p2|6\n|gen|9\n|tier|[Gen 9] VGC 2023 Regulation C\n|rated|\n|rule|Species Clause: Limit one of each Pok\u00e9mon\n|rule|Item Clause: Limit one of each item\n|clearpoke\n|poke|p1|Flutter Mane, L50|\n|poke|p1|Ting-Lu, L50|\n|poke|p1|Gothitelle, L50, F|\n|poke|p1|Arcanine, L50, M|\n|poke|p1|Scizor, L50, F|\n|poke|p1|Murkrow, L50, M|\n|poke|p2|Amoonguss, L50, M|\n|poke|p2|Ting-Lu, L50|\n|poke|p2|Cyclizar, L50, F|\n|poke|p2|Corviknight, L50, F|\n|poke|p2|Kingambit, L50, M|\n|poke|p2|Arcanine, L50, M|\n|teampreview|4\n|inactive|Battle timer is ON: inactive players will automatically lose when time's up. (requested by Rhoerner)\nnightamara has agreed to open team sheets.\n|\n|t:|1682916537\n|start\n|switch|p1a: Sung Jinah|Gothitelle, L50, F|100\/100\n|switch|p1b: Murkrow|Murkrow, L50, M|100\/100\n|switch|p2a: Amoonguss|Amoonguss, L50, M|100\/100\n|switch|p2b: Cyclizar|Cyclizar, L50, F|100\/100\n|turn|1\n|\n|t:|1682916560\n|move|p1a: Sung Jinah|Fake Out|p2a: Amoonguss\n|-damage|p2a: Amoonguss|94\/100\n|move|p2b: Cyclizar|Shed Tail|p2b: Cyclizar\n|-start|p2b: Cyclizar|Substitute|[from] move: Shed Tail\n|-damage|p2b: Cyclizar|50\/100\n|\n|t:|1682916570\n|switch|p2b: Kingambit|Kingambit, L50, M|100\/100|[from] Shed Tail\n|move|p1b: Murkrow|Foul Play|p2b: Kingambit\n|-resisted|p2b: Kingambit\n|-end|p2b: Kingambit|Substitute\n|cant|p2a: Amoonguss|flinch\n|\n|-heal|p2a: Amoonguss|99\/100|[from] item: Leftovers\n|upkeep\n|turn|2\n|inactive|Rhoerner has 30 seconds left.\n|\n|t:|1682916597\n|move|p1a: Sung Jinah|Protect|p1a: Sung Jinah\n|-singleturn|p1a: Sung Jinah|Protect\n|move|p1b: Murkrow|Perish Song|p1b: Murkrow\n|-start|p1a: Sung Jinah|perish3|[silent]\n|-start|p1b: Murkrow|perish3|[silent]\n|-start|p2a: Amoonguss|perish3|[silent]\n|-start|p2b: Kingambit|perish3|[silent]\n|-fieldactivate|move: Perish Song\n|move|p2b: Kingambit|Kowtow Cleave|p1a: Sung Jinah\n|-activate|p1a: Sung Jinah|move: Protect\n|move|p2a: Amoonguss|Spore|p1b: Murkrow\n|-status|p1b: Murkrow|slp|[from] move: Spore\n|\n|-heal|p2a: Amoonguss|100\/100|[from] item: Leftovers\n|-start|p1b: Murkrow|perish3\n|-start|p1a: Sung Jinah|perish3\n|-start|p2b: Kingambit|perish3\n|-start|p2a: Amoonguss|perish3\n|upkeep\n|turn|3\n|inactive|nightamara has 30 seconds left.\n|inactive|Rhoerner has 30 seconds left.\n|\n|t:|1682916630\n|-terastallize|p1a: Sung Jinah|Water\n|move|p1a: Sung Jinah|Protect|p1a: Sung Jinah\n|-singleturn|p1a: Sung Jinah|Protect\n|cant|p1b: Murkrow|slp\n|move|p2b: Kingambit|Kowtow Cleave|p1a: Sung Jinah\n|-activate|p1a: Sung Jinah|move: Protect\n|move|p2a: Amoonguss|Spore|p1a: Sung Jinah\n|-activate|p1a: Sung Jinah|move: Protect\n|\n|-start|p1b: Murkrow|perish2\n|-start|p1a: Sung Jinah|perish2\n|-start|p2b: Kingambit|perish2\n|-start|p2a: Amoonguss|perish2\n|upkeep\n|turn|4\n|inactive|Rhoerner has 30 seconds left.\n|\n|t:|1682916657\n|-terastallize|p2b: Kingambit|Dark\n|move|p1a: Sung Jinah|Protect|p1a: Sung Jinah\n|-singleturn|p1a: Sung Jinah|Protect\n|-curestatus|p1b: Murkrow|slp|[msg]\n|move|p1b: Murkrow|Torment|p2a: Amoonguss\n|-start|p2a: Amoonguss|Torment\n|move|p2b: Kingambit|Kowtow Cleave|p1a: Sung Jinah\n|-activate|p1a: Sung Jinah|move: Protect\n|move|p2a: Amoonguss|Spore|p1a: Sung Jinah\n|-activate|p1a: Sung Jinah|move: Protect\n|\n|-start|p1b: Murkrow|perish1\n|-start|p1a: Sung Jinah|perish1\n|-start|p2b: Kingambit|perish1\n|-start|p2a: Amoonguss|perish1\n|upkeep\n|turn|5\n|-message|Rhoerner forfeited.\n|\n|win|nightamara\n|raw|nightamara's rating: 1152 → 1174<\/strong> (+22 for winning)\n|raw|Rhoerner's rating: 1104 → 1082<\/strong> (-22 for losing)\n|l|\u2606Rhoerner\n|c|\u2606nightamara|xD\n","uploadtime":1682916674,"views":18,"p1id":"nightamara","p2id":"rhoerner","formatid":"gen9vgc2023regulationc","rating":1082,"private":0,"password":""}