{"id":"gen9vgc2023regulationc-1848936364","p1":"Valkenhine","p2":"RedstoneNinja","format":"[Gen 9] VGC 2023 Regulation C","log":"|j|\u2606Valkenhine\n|j|\u2606RedstoneNinja\n|t:|1682128322\n|gametype|doubles\n|player|p1|Valkenhine|koga|1108\n|player|p2|RedstoneNinja|emmet-masters|1019\n|teamsize|p1|6\n|teamsize|p2|6\n|gen|9\n|tier|[Gen 9] VGC 2023 Regulation C\n|rated|\n|rule|Species Clause: Limit one of each Pok\u00e9mon\n|rule|Item Clause: Limit one of each item\n|clearpoke\n|poke|p1|Vaporeon, L50, M|\n|poke|p1|Grimmsnarl, L50, M|\n|poke|p1|Flutter Mane, L50|\n|poke|p1|Palafin, L50, M|\n|poke|p1|Baxcalibur, L50, M|\n|poke|p1|Volcarona, L50, M|\n|poke|p2|Tatsugiri, L50, M|\n|poke|p2|Dondozo, L50, F|\n|poke|p2|Flamigo, L50, F|\n|poke|p2|Flutter Mane, L50|\n|poke|p2|Ting-Lu, L50|\n|poke|p2|Chi-Yu, L50|\n|teampreview|4\n|inactive|Battle timer is ON: inactive players will automatically lose when time's up. (requested by Valkenhine)\n|inactive|Valkenhine has 60 seconds left.\n|\n|t:|1682128366\n|start\n|switch|p1a: Grimmsnarl|Grimmsnarl, L50, M|100\/100\n|switch|p1b: Palafin|Palafin, L50, M|100\/100\n|switch|p2a: Ting-Lu|Ting-Lu, L50|100\/100\n|switch|p2b: Dondozo|Dondozo, L50, F, shiny|100\/100\n|-ability|p2a: Ting-Lu|Vessel of Ruin\n|turn|1\n|\n|t:|1682128384\n|move|p1b: Palafin|Protect|p1b: Palafin\n|-singleturn|p1b: Palafin|Protect\n|move|p1a: Grimmsnarl|Taunt|p2b: Dondozo\n|-start|p2b: Dondozo|move: Taunt\n|move|p2b: Dondozo|Rock Slide|p1a: Grimmsnarl|[spread] p1a\n|-activate|p1b: Palafin|move: Protect\n|-damage|p1a: Grimmsnarl|81\/100\n|move|p2a: Ting-Lu|Fissure|p1b: Palafin\n|-activate|p1b: Palafin|move: Protect\n|\n|upkeep\n|turn|2\n|inactive|Valkenhine has 30 seconds left.\n|inactive|RedstoneNinja has 30 seconds left.\n|inactive|Valkenhine has 20 seconds left.\n|inactive|RedstoneNinja has 20 seconds left.\n|\n|t:|1682128424\n|move|p1b: Palafin|Jet Punch|p2a: Ting-Lu\n|-supereffective|p2a: Ting-Lu\n|-damage|p2a: Ting-Lu|75\/100\n|move|p1a: Grimmsnarl|Reflect|p1a: Grimmsnarl\n|-sidestart|p1: Valkenhine|Reflect\n|move|p2b: Dondozo|Rock Slide|p1b: Palafin|[spread] p1a,p1b\n|-damage|p1a: Grimmsnarl|68\/100\n|-damage|p1b: Palafin|87\/100\n|move|p2a: Ting-Lu|Fissure|p1b: Palafin\n|-damage|p1b: Palafin|0 fnt\n|faint|p1b: Palafin\n|-ohko\n|\n|upkeep\n|c|\u2606Valkenhine|k\n|c|\u2606RedstoneNinja|yup\n|\n|t:|1682128447\n|switch|p1b: Volcarona|Volcarona, L50, M|100\/100\n|turn|3\n|c|\u2606Valkenhine|zzz\n|\n|t:|1682128463\n|move|p1b: Volcarona|Bug Buzz|p2a: Ting-Lu\n|-supereffective|p2a: Ting-Lu\n|-damage|p2a: Ting-Lu|41\/100\n|move|p2b: Dondozo|Wave Crash|p1b: Volcarona\n|-supereffective|p1b: Volcarona\n|-damage|p1b: Volcarona|28\/100\n|-status|p2b: Dondozo|brn|[from] ability: Flame Body|[of] p1b: Volcarona\n|-damage|p2b: Dondozo|80\/100 brn|[from] Recoil\n|move|p1a: Grimmsnarl|Spirit Break|p2a: Ting-Lu\n|-supereffective|p2a: Ting-Lu\n|-damage|p2a: Ting-Lu|13\/100\n|-unboost|p2a: Ting-Lu|spa|1\n|move|p2a: Ting-Lu|Fissure|p1a: Grimmsnarl|[miss]\n|-miss|p2a: Ting-Lu|p1a: Grimmsnarl\n|\n|-heal|p1b: Volcarona|34\/100|[from] item: Leftovers\n|-heal|p2b: Dondozo|86\/100 brn|[from] item: Leftovers\n|-damage|p2b: Dondozo|80\/100 brn|[from] brn\n|-end|p2b: Dondozo|move: Taunt\n|upkeep\n|turn|4\n|inactive|RedstoneNinja has 30 seconds left.\n|\n|t:|1682128492\n|move|p1b: Volcarona|Morning Sun|p1b: Volcarona\n|-heal|p1b: Volcarona|84\/100\n|move|p2b: Dondozo|Order Up|p1a: Grimmsnarl\n|-immune|p1a: Grimmsnarl\n|move|p1a: Grimmsnarl|Spirit Break|p2a: Ting-Lu\n|-supereffective|p2a: Ting-Lu\n|-damage|p2a: Ting-Lu|0 fnt\n|faint|p2a: Ting-Lu\n|\n|-heal|p1b: Volcarona|90\/100|[from] item: Leftovers\n|-heal|p2b: Dondozo|86\/100 brn|[from] item: Leftovers\n|-damage|p2b: Dondozo|80\/100 brn|[from] brn\n|upkeep\n|\n|t:|1682128507\n|switch|p2a: Flutter Mane|Flutter Mane, L50|100\/100\n|turn|5\n|\n|t:|1682128523\n|move|p1a: Grimmsnarl|Light Screen|p1a: Grimmsnarl\n|-sidestart|p1: Valkenhine|move: Light Screen\n|move|p2a: Flutter Mane|Shadow Ball|p1a: Grimmsnarl\n|-resisted|p1a: Grimmsnarl\n|-damage|p1a: Grimmsnarl|56\/100\n|move|p1b: Volcarona|Quiver Dance|p1b: Volcarona\n|-boost|p1b: Volcarona|spa|1\n|-boost|p1b: Volcarona|spd|1\n|-boost|p1b: Volcarona|spe|1\n|move|p2b: Dondozo|Rock Slide|p1a: Grimmsnarl|[spread] p1a,p1b\n|-supereffective|p1b: Volcarona\n|-damage|p1a: Grimmsnarl|50\/100\n|-damage|p1b: Volcarona|71\/100\n|\n|-heal|p1b: Volcarona|77\/100|[from] item: Leftovers\n|-heal|p2b: Dondozo|86\/100 brn|[from] item: Leftovers\n|-damage|p2b: Dondozo|80\/100 brn|[from] brn\n|upkeep\n|turn|6\n|inactive|Valkenhine has 30 seconds left.\n|\n|t:|1682128549\n|switch|p1a: Vaporeon|Vaporeon, L50, M|100\/100\n|move|p2a: Flutter Mane|Dazzling Gleam|p1a: Vaporeon|[spread] p1a,p1b\n|-resisted|p1b: Volcarona\n|-damage|p1a: Vaporeon|85\/100\n|-damage|p1b: Volcarona|70\/100\n|move|p1b: Volcarona|Quiver Dance|p1b: Volcarona\n|-boost|p1b: Volcarona|spa|1\n|-boost|p1b: Volcarona|spd|1\n|-boost|p1b: Volcarona|spe|1\n|move|p2b: Dondozo|Wave Crash|p1b: Volcarona\n|-supereffective|p1b: Volcarona\n|-damage|p1b: Volcarona|38\/100\n|-damage|p2b: Dondozo|71\/100 brn|[from] Recoil\n|\n|-heal|p1b: Volcarona|44\/100|[from] item: Leftovers\n|-heal|p2b: Dondozo|77\/100 brn|[from] item: Leftovers\n|-damage|p2b: Dondozo|71\/100 brn|[from] brn\n|upkeep\n|turn|7\n|\n|t:|1682128570\n|move|p1b: Volcarona|Morning Sun|p1b: Volcarona\n|-heal|p1b: Volcarona|94\/100\n|move|p2a: Flutter Mane|Shadow Ball|p1b: Volcarona\n|-damage|p1b: Volcarona|82\/100\n|move|p2b: Dondozo|Wave Crash|p1b: Volcarona\n|-supereffective|p1b: Volcarona\n|-damage|p1b: Volcarona|47\/100\n|-damage|p2b: Dondozo|61\/100 brn|[from] Recoil\n|move|p1a: Vaporeon|Wish|p1a: Vaporeon\n|\n|-heal|p1b: Volcarona|53\/100|[from] item: Leftovers\n|-heal|p2b: Dondozo|68\/100 brn|[from] item: Leftovers\n|-damage|p2b: Dondozo|61\/100 brn|[from] brn\n|upkeep\n|turn|8\n|inactive|Valkenhine has 30 seconds left.\n|\n|t:|1682128603\n|switch|p1a: Grimmsnarl|Grimmsnarl, L50, M|50\/100\n|move|p1b: Volcarona|Morning Sun|p1b: Volcarona\n|-heal|p1b: Volcarona|100\/100\n|move|p2a: Flutter Mane|Dazzling Gleam|p1a: Grimmsnarl|[spread] p1a,p1b\n|-supereffective|p1a: Grimmsnarl\n|-resisted|p1b: Volcarona\n|-damage|p1a: Grimmsnarl|10\/100\n|-damage|p1b: Volcarona|96\/100\n|move|p2b: Dondozo|Wave Crash|p1b: Volcarona\n|-supereffective|p1b: Volcarona\n|-damage|p1b: Volcarona|65\/100\n|-damage|p2b: Dondozo|52\/100 brn|[from] Recoil\n|\n|-heal|p1a: Grimmsnarl|68\/100|[from] move: Wish|[wisher] Vaporeon\n|-heal|p1b: Volcarona|71\/100|[from] item: Leftovers\n|-heal|p2b: Dondozo|59\/100 brn|[from] item: Leftovers\n|-damage|p2b: Dondozo|52\/100 brn|[from] brn\n|upkeep\n|turn|9\n|\n|t:|1682128628\n|move|p1b: Volcarona|Bug Buzz|p2b: Dondozo\n|-damage|p2b: Dondozo|6\/100 brn\n|move|p2a: Flutter Mane|Dazzling Gleam|p1a: Grimmsnarl|[spread] p1a,p1b\n|-supereffective|p1a: Grimmsnarl\n|-resisted|p1b: Volcarona\n|-damage|p1a: Grimmsnarl|33\/100\n|-damage|p1b: Volcarona|66\/100\n|move|p2b: Dondozo|Wave Crash|p1b: Volcarona\n|-supereffective|p1b: Volcarona\n|-damage|p1b: Volcarona|30\/100\n|-damage|p2b: Dondozo|0 fnt|[from] Recoil\n|faint|p2b: Dondozo\n|move|p1a: Grimmsnarl|Spirit Break|p2a: Flutter Mane\n|-damage|p2a: Flutter Mane|32\/100\n|-unboost|p2a: Flutter Mane|spa|1\n|\n|-heal|p1b: Volcarona|36\/100|[from] item: Leftovers\n|-sideend|p1: Valkenhine|Reflect\n|upkeep\n|\n|t:|1682128640\n|switch|p2b: Chi-Yu|Chi-Yu, L50|100\/100\n|-ability|p2b: Chi-Yu|Beads of Ruin\n|turn|10\n|\n|t:|1682128659\n|move|p1a: Grimmsnarl|Light Screen||[still]\n|-fail|p1a: Grimmsnarl\n|move|p2b: Chi-Yu|Heat Wave|p1b: Volcarona|[spread] p1b\n|-miss|p2b: Chi-Yu|p1a: Grimmsnarl\n|-damage|p1b: Volcarona|20\/100\n|move|p1b: Volcarona|Morning Sun|p1b: Volcarona\n|-heal|p1b: Volcarona|70\/100\n|move|p2a: Flutter Mane|Dazzling Gleam|p1a: Grimmsnarl|[spread] p1a,p1b\n|-supereffective|p1a: Grimmsnarl\n|-resisted|p1b: Volcarona\n|-damage|p1a: Grimmsnarl|0 fnt\n|-damage|p1b: Volcarona|66\/100\n|faint|p1a: Grimmsnarl\n|\n|-heal|p1b: Volcarona|72\/100|[from] item: Leftovers\n|upkeep\n|\n|t:|1682128672\n|switch|p1a: Vaporeon|Vaporeon, L50, M|85\/100\n|turn|11\n|\n|t:|1682128687\n|move|p2b: Chi-Yu|Heat Wave|p1b: Volcarona|[spread] p1a,p1b\n|-resisted|p1a: Vaporeon\n|-damage|p1a: Vaporeon|72\/100\n|-damage|p1b: Volcarona|57\/100\n|move|p1b: Volcarona|Bug Buzz|p2a: Flutter Mane\n|-resisted|p2a: Flutter Mane\n|-damage|p2a: Flutter Mane|1\/100\n|move|p2a: Flutter Mane|Dazzling Gleam|p1a: Vaporeon|[spread] p1a,p1b\n|-resisted|p1b: Volcarona\n|-damage|p1a: Vaporeon|58\/100\n|-damage|p1b: Volcarona|53\/100\n|move|p1a: Vaporeon|Wish|p1a: Vaporeon\n|\n|-heal|p1b: Volcarona|59\/100|[from] item: Leftovers\n|upkeep\n|turn|12\n|\n|t:|1682128711\n|move|p2b: Chi-Yu|Heat Wave|p1a: Vaporeon|[spread] p1a,p1b\n|-resisted|p1a: Vaporeon\n|-crit|p1a: Vaporeon\n|-damage|p1a: Vaporeon|29\/100\n|-damage|p1b: Volcarona|43\/100\n|-enditem|p1a: Vaporeon|Sitrus Berry|[eat]\n|-heal|p1a: Vaporeon|54\/100|[from] item: Sitrus Berry\n|move|p1b: Volcarona|Bug Buzz|p2b: Chi-Yu\n|-damage|p2b: Chi-Yu|10\/100\n|move|p2a: Flutter Mane|Perish Song|p2a: Flutter Mane\n|-start|p1a: Vaporeon|perish3|[silent]\n|-start|p1b: Volcarona|perish3|[silent]\n|-start|p2a: Flutter Mane|perish3|[silent]\n|-start|p2b: Chi-Yu|perish3|[silent]\n|-fieldactivate|move: Perish Song\n|move|p1a: Vaporeon|Ice Beam|p2a: Flutter Mane\n|-damage|p2a: Flutter Mane|0 fnt\n|faint|p2a: Flutter Mane\n|-end|p2a: Flutter Mane|Protosynthesis|[silent]\n|\n|-heal|p1a: Vaporeon|100\/100|[from] move: Wish|[wisher] Vaporeon\n|-heal|p1b: Volcarona|49\/100|[from] item: Leftovers\n|-start|p2b: Chi-Yu|perish3\n|-start|p1b: Volcarona|perish3\n|-start|p1a: Vaporeon|perish3\n|-sideend|p1: Valkenhine|move: Light Screen\n|upkeep\n|turn|13\n|\n|t:|1682128736\n|move|p2b: Chi-Yu|Heat Wave|p1b: Volcarona|[spread] p1a,p1b\n|-resisted|p1a: Vaporeon\n|-damage|p1a: Vaporeon|82\/100\n|-damage|p1b: Volcarona|28\/100\n|move|p1b: Volcarona|Bug Buzz|p2b: Chi-Yu\n|-damage|p2b: Chi-Yu|0 fnt\n|faint|p2b: Chi-Yu\n|\n|win|Valkenhine\n|raw|Valkenhine's rating: 1108 → 1127<\/strong> (+19 for winning)\n|raw|RedstoneNinja's rating: 1019 → 1009<\/strong> (-10 for losing)\n|l|\u2606RedstoneNinja\n|c|\u2606Valkenhine|zzz\n","uploadtime":1682128778,"views":5,"p1id":"valkenhine","p2id":"redstoneninja","formatid":"gen9vgc2023regulationc","rating":1009,"private":0,"password":""}