{"id":"gen9vgc2023regulationc-1845936551","p1":"puriness","p2":"uhoh I poopd","format":"[Gen 9] VGC 2023 Regulation C","log":"|j|\u2606puriness\n|j|\u2606uhoh I poopd\n|t:|1681781286\n|gametype|doubles\n|player|p1|puriness|unknown|1299\n|player|p2|uhoh I poopd|colress|1299\n|teamsize|p1|6\n|teamsize|p2|6\n|gen|9\n|tier|[Gen 9] VGC 2023 Regulation C\n|rated|\n|rule|Species Clause: Limit one of each Pok\u00e9mon\n|rule|Item Clause: Limit one of each item\n|clearpoke\n|poke|p1|Ting-Lu, L50|\n|poke|p1|Arcanine, L50, F|\n|poke|p1|Palafin, L50, F|\n|poke|p1|Amoonguss, L50, M|\n|poke|p1|Kingambit, L50, M|\n|poke|p1|Baxcalibur, L50, F|\n|poke|p2|Masquerain, L50, M|\n|poke|p2|Coalossal, L50, M|\n|poke|p2|Amoonguss, L50, M|\n|poke|p2|Arcanine, L50, M|\n|poke|p2|Palafin, L50, M|\n|poke|p2|Annihilape, L50, M|\n|teampreview|4\n|inactive|Battle timer is ON: inactive players will automatically lose when time's up. (requested by puriness)\n|inactive|puriness has 60 seconds left.\n|inactive|puriness has 30 seconds left.\n|\n|t:|1681781355\n|start\n|switch|p1a: Palafin|Palafin, L50, F|100\/100\n|switch|p1b: Kingambit|Kingambit, L50, M|100\/100\n|switch|p2a: Angy|Annihilape, L50, M|100\/100\n|switch|p2b: Palafin|Palafin, L50, M|100\/100\n|turn|1\n|inactive|puriness has 30 seconds left.\n|\n|t:|1681781388\n|detailschange|p2b: Palafin|Palafin-Hero, L50, M\n|switch|p2b: Toad|Amoonguss, L50, M|100\/100\n|-terastallize|p1a: Palafin|Water\n|move|p1b: Kingambit|Protect|p1b: Kingambit\n|-singleturn|p1b: Kingambit|Protect\n|move|p1a: Palafin|Wave Crash|p2a: Angy\n|-damage|p2a: Angy|35\/100\n|-damage|p1a: Palafin|78\/100|[from] Recoil\n|move|p2a: Angy|Bulk Up|p2a: Angy\n|-boost|p2a: Angy|atk|1\n|-boost|p2a: Angy|def|1\n|\n|-heal|p2a: Angy|41\/100|[from] item: Leftovers\n|upkeep\n|turn|2\n|\n|t:|1681781412\n|detailschange|p1a: Palafin|Palafin-Hero, L50, F, tera:Water\n|switch|p1a: Ting-Lu|Ting-Lu, L50|100\/100\n|-ability|p1a: Ting-Lu|Vessel of Ruin\n|move|p2b: Toad|Rage Powder|p2b: Toad\n|-singleturn|p2b: Toad|move: Rage Powder\n|move|p1b: Kingambit|Sucker Punch||[still]\n|-fail|p1b: Kingambit\n|move|p2a: Angy|Drain Punch|p1b: Kingambit\n|-supereffective|p1b: Kingambit\n|-damage|p1b: Kingambit|0 fnt\n|-heal|p2a: Angy|89\/100|[from] drain|[of] p1b: Kingambit\n|faint|p1b: Kingambit\n|\n|-heal|p2a: Angy|95\/100|[from] item: Leftovers\n|upkeep\n|\n|t:|1681781430\n|switch|p1b: Palafin|Palafin-Hero, L50, F, tera:Water|78\/100\n|-activate|p1b: Palafin|ability: Zero to Hero\n|turn|3\n|\n|t:|1681781454\n|move|p1b: Palafin|Protect|p1b: Palafin\n|-singleturn|p1b: Palafin|Protect\n|move|p2a: Angy|Protect|p2a: Angy\n|-singleturn|p2a: Angy|Protect\n|move|p1a: Ting-Lu|Fissure|p2a: Angy\n|-activate|p2a: Angy|move: Protect\n|move|p2b: Toad|Spore|p1b: Palafin\n|-activate|p1b: Palafin|move: Protect\n|\n|-heal|p2a: Angy|100\/100|[from] item: Leftovers\n|upkeep\n|turn|4\n|inactive|uhoh I poopd has 30 seconds left.\n|inactive|uhoh I poopd has 20 seconds left.\n|inactive|uhoh I poopd has 15 seconds left.\n|inactive|uhoh I poopd has 10 seconds left.\n|inactive|uhoh I poopd has 5 seconds left.\n|\n|t:|1681781505\n|switch|p1b: Arcanine|Arcanine, L50, F|100\/100\n|-ability|p1b: Arcanine|Intimidate|boost\n|-unboost|p2a: Angy|atk|1\n|-ability|p2a: Angy|Defiant|boost\n|-boost|p2a: Angy|atk|2\n|-unboost|p2b: Toad|atk|1\n|move|p2a: Angy|Drain Punch|p1a: Ting-Lu\n|-supereffective|p1a: Ting-Lu\n|-damage|p1a: Ting-Lu|43\/100\n|move|p1a: Ting-Lu|Fissure|p2a: Angy|[miss]\n|-miss|p1a: Ting-Lu|p2a: Angy\n|move|p2b: Toad|Spore|p1b: Arcanine\n|-activate|p1b: Arcanine|item: Safety Goggles|Spore\n|\n|upkeep\n|turn|5\n|inactive|puriness has 30 seconds left.\n|inactive|puriness has 20 seconds left.\n|inactive|puriness has 15 seconds left.\n|\n|t:|1681781547\n|-terastallize|p2a: Angy|Fire\n|move|p2b: Toad|Protect|p2b: Toad\n|-singleturn|p2b: Toad|Protect\n|move|p1b: Arcanine|Flare Blitz|p2b: Toad\n|-activate|p2b: Toad|move: Protect\n|move|p2a: Angy|Drain Punch|p1a: Ting-Lu\n|-supereffective|p1a: Ting-Lu\n|-damage|p1a: Ting-Lu|0 fnt\n|faint|p1a: Ting-Lu\n|\n|upkeep\n|\n|t:|1681781557\n|switch|p1a: Palafin|Palafin-Hero, L50, F, tera:Water|78\/100\n|turn|6\n|\n|t:|1681781567\n|switch|p2b: Brutus|Arcanine, L50, M, shiny|100\/100\n|-ability|p2b: Brutus|Intimidate|boost\n|-unboost|p1a: Palafin|atk|1\n|-unboost|p1b: Arcanine|atk|1\n|move|p1a: Palafin|Protect|p1a: Palafin\n|-singleturn|p1a: Palafin|Protect\n|move|p2a: Angy|Protect|p2a: Angy\n|-singleturn|p2a: Angy|Protect\n|move|p1b: Arcanine|Flare Blitz|p2b: Brutus\n|-resisted|p2b: Brutus\n|-damage|p2b: Brutus|79\/100\n|-damage|p1b: Arcanine|93\/100|[from] Recoil\n|\n|upkeep\n|turn|7\n|\n|t:|1681781587\n|switch|p2b: Toad|Amoonguss, L50, M|100\/100\n|move|p1b: Arcanine|Extreme Speed|p2a: Angy\n|-damage|p2a: Angy|90\/100\n|move|p1a: Palafin|Jet Punch|p2a: Angy\n|-supereffective|p2a: Angy\n|-damage|p2a: Angy|37\/100\n|move|p2a: Angy|Rage Fist|p1a: Palafin\n|-damage|p1a: Palafin|0 fnt\n|faint|p1a: Palafin\n|\n|-heal|p2a: Angy|43\/100|[from] item: Leftovers\n|upkeep\n|turn|8\n|\n|t:|1681781601\n|move|p1b: Arcanine|Flare Blitz|p2a: Angy\n|-resisted|p2a: Angy\n|-damage|p2a: Angy|32\/100\n|-damage|p1b: Arcanine|89\/100|[from] Recoil\n|move|p2a: Angy|Rage Fist|p1b: Arcanine\n|-damage|p1b: Arcanine|0 fnt\n|faint|p1b: Arcanine\n|\n|win|uhoh I poopd\n|raw|puriness's rating: 1299 → 1274<\/strong> (-25 for losing)\n|raw|uhoh I poopd's rating: 1299 → 1324<\/strong> (+25 for winning)\n|l|\u2606puriness\n","uploadtime":1681781612,"views":13,"p1id":"puriness","p2id":"uhohipoopd","formatid":"gen9vgc2023regulationc","rating":1274,"private":0,"password":""}