{"id":"gen9vgc2023regulationc-1847710393","p1":"Zoono","p2":"UltimoRyu","format":"[Gen 9] VGC 2023 Regulation C","log":"|j|\u2606Zoono\n|j|\u2606UltimoRyu\n|t:|1681994987\n|gametype|doubles\n|player|p1|Zoono|1|1096\n|player|p2|UltimoRyu|steven|1149\n|teamsize|p1|6\n|teamsize|p2|6\n|gen|9\n|tier|[Gen 9] VGC 2023 Regulation C\n|rated|\n|rule|Species Clause: Limit one of each Pok\u00e9mon\n|rule|Item Clause: Limit one of each item\n|clearpoke\n|poke|p1|Flutter Mane, L50|\n|poke|p1|Amoonguss, L50, M|\n|poke|p1|Arcanine, L50, F|\n|poke|p1|Palafin, L50, M|\n|poke|p1|Ting-Lu, L50|\n|poke|p1|Dragonite, L50, F|\n|poke|p2|Tinkaton, L50, F|\n|poke|p2|Gholdengo, L50|\n|poke|p2|Magnezone, L50|\n|poke|p2|Kingambit, L50, M|\n|poke|p2|Bronzong, L50|\n|poke|p2|Scizor, L50, F|\n|teampreview|4\n|\n|t:|1681995021\n|start\n|switch|p1a: PalaWIN|Palafin, L50, M|100\/100\n|switch|p1b: Amogus|Amoonguss, L50, M, shiny|100\/100\n|switch|p2a: Tinkaton|Tinkaton, L50, F|100\/100\n|switch|p2b: Magnezone|Magnezone, L50|100\/100\n|-ability|p2a: Tinkaton|Mold Breaker\n|turn|1\n|\n|t:|1681995047\n|move|p1a: PalaWIN|Protect|p1a: PalaWIN\n|-singleturn|p1a: PalaWIN|Protect\n|move|p2a: Tinkaton|Thunder Wave|p1b: Amogus\n|-status|p1b: Amogus|par\n|move|p2b: Magnezone|Volt Switch|p1a: PalaWIN\n|-activate|p1a: PalaWIN|move: Protect\n|cant|p1b: Amogus|par\n|\n|upkeep\n|turn|2\n|\n|t:|1681995068\n|detailschange|p1a: PalaWIN|Palafin-Hero, L50, M\n|switch|p1a: Nugget|Arcanine, L50, F, shiny|100\/100\n|-ability|p1a: Nugget|Intimidate|boost\n|-unboost|p2a: Tinkaton|atk|1\n|-unboost|p2b: Magnezone|atk|1\n|move|p2a: Tinkaton|Thunder Wave|p1a: Nugget\n|-status|p1a: Nugget|par\n|move|p2b: Magnezone|Volt Switch|p1a: Nugget\n|-damage|p1a: Nugget|46\/100 par\n|\n|t:|1681995079\n|switch|p2b: Kingambit|Kingambit, L50, M|100\/100|[from] Volt Switch\n|move|p1b: Amogus|Spore|p2a: Tinkaton\n|-status|p2a: Tinkaton|slp|[from] move: Spore\n|\n|upkeep\n|turn|3\n|\n|t:|1681995115\n|-terastallize|p2b: Kingambit|Fire\n|cant|p2a: Tinkaton|slp\n|move|p2b: Kingambit|Swords Dance|p2b: Kingambit\n|-boost|p2b: Kingambit|atk|2\n|move|p1a: Nugget|Will-O-Wisp|p2b: Kingambit|[miss]\n|-miss|p1a: Nugget|p2b: Kingambit\n|move|p1b: Amogus|Pollen Puff|p1a: Nugget\n|-heal|p1a: Nugget|95\/100 par\n|\n|upkeep\n|turn|4\n|\n|t:|1681995142\n|-curestatus|p2a: Tinkaton|slp|[msg]\n|move|p2a: Tinkaton|Knock Off|p1a: Nugget\n|-damage|p1a: Nugget|82\/100 par\n|-enditem|p1a: Nugget|Safety Goggles|[from] move: Knock Off|[of] p2a: Tinkaton\n|move|p2b: Kingambit|Assurance|p1a: Nugget\n|-damage|p1a: Nugget|0 fnt\n|faint|p1a: Nugget\n|move|p1b: Amogus|Spore|p2b: Kingambit\n|-status|p2b: Kingambit|slp|[from] move: Spore\n|\n|upkeep\n|\n|t:|1681995153\n|switch|p1a: PalaWIN|Palafin-Hero, L50, M|100\/100\n|-activate|p1a: PalaWIN|ability: Zero to Hero\n|turn|5\n|\n|t:|1681995167\n|cant|p1b: Amogus|par\n|move|p1a: PalaWIN|Jet Punch|p2b: Kingambit\n|-supereffective|p2b: Kingambit\n|-damage|p2b: Kingambit|29\/100 slp\n|cant|p2b: Kingambit|slp\n|move|p2a: Tinkaton|Thunder Wave|p1a: PalaWIN\n|-status|p1a: PalaWIN|par\n|\n|-heal|p2b: Kingambit|34\/100 slp|[from] item: Leftovers\n|upkeep\n|turn|6\n|\n|t:|1681995185\n|-curestatus|p2b: Kingambit|slp|[msg]\n|move|p2b: Kingambit|Protect|p2b: Kingambit\n|-singleturn|p2b: Kingambit|Protect\n|cant|p1a: PalaWIN|par\n|move|p2a: Tinkaton|Gigaton Hammer|p1a: PalaWIN\n|-resisted|p1a: PalaWIN\n|-damage|p1a: PalaWIN|81\/100 par\n|move|p1b: Amogus|Spore|p2a: Tinkaton\n|-status|p2a: Tinkaton|slp|[from] move: Spore\n|\n|-heal|p2b: Kingambit|40\/100|[from] item: Leftovers\n|upkeep\n|turn|7\n|\n|t:|1681995232\n|switch|p2a: Gholdengo|Gholdengo, L50|100\/100\n|switch|p2b: Magnezone|Magnezone, L50|100\/100\n|move|p1a: PalaWIN|Jet Punch|p2b: Magnezone\n|-damage|p2b: Magnezone|53\/100\n|move|p1b: Amogus|Spore|p2b: Magnezone\n|-status|p2b: Magnezone|slp|[from] move: Spore\n|\n|upkeep\n|turn|8\n|\n|t:|1681995252\n|cant|p1a: PalaWIN|par\n|move|p2a: Gholdengo|Nasty Plot|p2a: Gholdengo\n|-boost|p2a: Gholdengo|spa|2\n|cant|p2b: Magnezone|slp\n|move|p1b: Amogus|Spore|p2a: Gholdengo\n|-immune|p2a: Gholdengo|[from] ability: Good as Gold\n|\n|upkeep\n|turn|9\n|\n|t:|1681995270\n|cant|p1a: PalaWIN|par\n|move|p2a: Gholdengo|Make It Rain|p1b: Amogus|[spread] p1a,p1b\n|-resisted|p1a: PalaWIN\n|-damage|p1a: PalaWIN|20\/100 par\n|-damage|p1b: Amogus|0 fnt\n|-unboost|p2a: Gholdengo|spa|1\n|faint|p1b: Amogus\n|-damage|p2a: Gholdengo|91\/100|[from] item: Life Orb\n|-curestatus|p2b: Magnezone|slp|[msg]\n|move|p2b: Magnezone|Volt Switch|p1a: PalaWIN\n|-supereffective|p1a: PalaWIN\n|-damage|p1a: PalaWIN|0 fnt\n|faint|p1a: PalaWIN\n|\n|t:|1681995287\n|switch|p2b: Kingambit|Kingambit, L50, M, tera:Fire|40\/100|[from] Volt Switch\n|\n|-heal|p2b: Kingambit|46\/100|[from] item: Leftovers\n|upkeep\n|-message|Zoono forfeited.\n|\n|win|UltimoRyu\n|raw|Zoono's rating: 1096 → 1075<\/strong> (-21 for losing)\n|raw|UltimoRyu's rating: 1149 → 1170<\/strong> (+21 for winning)\n","uploadtime":1681995296,"views":15,"p1id":"zoono","p2id":"ultimoryu","formatid":"gen9vgc2023regulationc","rating":1075,"private":0,"password":""}