{"id":"gen9vgc2023regulationc-1848906001","p1":"BrazBR","p2":"kamusito98","format":"[Gen 9] VGC 2023 Regulation C","log":"|j|\u2606BrazBR\n|j|\u2606kamusito98\n|t:|1682124436\n|gametype|doubles\n|player|p1|BrazBR|red|\n|player|p2|kamusito98|hugh|\n|teamsize|p1|6\n|teamsize|p2|6\n|gen|9\n|tier|[Gen 9] VGC 2023 Regulation C\n|rule|Species Clause: Limit one of each Pok\u00e9mon\n|rule|Item Clause: Limit one of each item\n|clearpoke\n|poke|p1|Amoonguss, L50, F|\n|poke|p1|Arcanine, L50, M|\n|poke|p1|Palafin, L50, M|\n|poke|p1|Baxcalibur, L50, M|\n|poke|p1|Flutter Mane, L50|\n|poke|p1|Ting-Lu, L50|\n|poke|p2|Corviknight, L50, M|\n|poke|p2|Ting-Lu, L50|\n|poke|p2|Garchomp, L50, F|\n|poke|p2|Amoonguss, L50, F|\n|poke|p2|Flutter Mane, L50|\n|poke|p2|Gyarados, L50, M|\n|teampreview|4\nkamusito98 has agreed to open team sheets.\n|c|\u2606BrazBR|G1 again .-.\nBrazBR has agreed to open team sheets.\n|inactive|Battle timer is ON: inactive players will automatically lose when time's up. (requested by BrazBR)\n|inactive|kamusito98 has 60 seconds left.\n|\n|t:|1682124532\n|start\n|switch|p1a: Caioba|Palafin, L50, M, shiny|100\/100\n|switch|p1b: Godzilla|Baxcalibur, L50, M|100\/100\n|switch|p2a: Corviknight|Corviknight, L50, M, shiny|100\/100\n|switch|p2b: Garchomp|Garchomp, L50, F|100\/100\n|turn|1\n|inactive|BrazBR has 30 seconds left.\n|inactive|kamusito98 has 30 seconds left.\n|inactive|BrazBR has 20 seconds left.\n|\n|t:|1682124569\n|detailschange|p1a: Caioba|Palafin-Hero, L50, M, shiny\n|switch|p1a: Apolo|Arcanine, L50, M|100\/100\n|-ability|p1a: Apolo|Intimidate|boost\n|-ability|p2a: Corviknight|Mirror Armor\n|-unboost|p1a: Apolo|atk|1\n|-fail|p2b: Garchomp|unboost|[from] item: Clear Amulet|[of] p2b: Garchomp\n|move|p2b: Garchomp|Protect|p2b: Garchomp\n|-singleturn|p2b: Garchomp|Protect\n|move|p1b: Godzilla|Icicle Crash|p2b: Garchomp\n|-activate|p2b: Garchomp|move: Protect\n|move|p2a: Corviknight|Bulk Up|p2a: Corviknight\n|-boost|p2a: Corviknight|atk|1\n|-boost|p2a: Corviknight|def|1\n|\n|upkeep\n|turn|2\n|inactive|kamusito98 has 30 seconds left.\n|\n|t:|1682124598\n|-terastallize|p2b: Garchomp|Fire\n|move|p1b: Godzilla|Protect|p1b: Godzilla\n|-singleturn|p1b: Godzilla|Protect\n|move|p2b: Garchomp|Iron Head|p1b: Godzilla\n|-activate|p1b: Godzilla|move: Protect\n|move|p1a: Apolo|Will-O-Wisp|p2a: Corviknight|[miss]\n|-miss|p1a: Apolo|p2a: Corviknight\n|move|p2a: Corviknight|Tailwind|p2a: Corviknight\n|-sidestart|p2: kamusito98|move: Tailwind\n|\n|upkeep\n|turn|3\n|\n|t:|1682124618\n|switch|p1b: Caioba|Palafin-Hero, L50, M, shiny|100\/100\n|-activate|p1b: Caioba|ability: Zero to Hero\n|move|p2b: Garchomp|Earthquake|p1a: Apolo|[spread] p1a,p1b\n|-immune|p2a: Corviknight\n|-supereffective|p1a: Apolo\n|-damage|p1a: Apolo|13\/100\n|-damage|p1b: Caioba|66\/100\n|move|p2a: Corviknight|Bulk Up|p2a: Corviknight\n|-boost|p2a: Corviknight|atk|1\n|-boost|p2a: Corviknight|def|1\n|move|p1a: Apolo|Will-O-Wisp|p2a: Corviknight\n|-status|p2a: Corviknight|brn\n|\n|-damage|p2a: Corviknight|95\/100 brn|[from] brn\n|upkeep\n|turn|4\n|inactive|BrazBR has 30 seconds left.\n|inactive|kamusito98 has 30 seconds left.\n|inactive|kamusito98 has 20 seconds left.\n|\n|t:|1682124654\n|switch|p2b: Amoonguss|Amoonguss, L50, F, shiny|100\/100\n|-terastallize|p1b: Caioba|Water\n|move|p1b: Caioba|Jet Punch|p2b: Amoonguss\n|-resisted|p2b: Amoonguss\n|-damage|p2b: Amoonguss|71\/100\n|move|p2a: Corviknight|Bulk Up|p2a: Corviknight\n|-boost|p2a: Corviknight|atk|1\n|-boost|p2a: Corviknight|def|1\n|move|p1a: Apolo|Howl|p1a: Apolo|[spread] p1a,p1b\n|-boost|p1a: Apolo|atk|1\n|-boost|p1b: Caioba|atk|1\n|\n|-heal|p2a: Corviknight|100\/100 brn|[from] item: Leftovers\n|-damage|p2a: Corviknight|95\/100 brn|[from] brn\n|upkeep\n|turn|5\n|\n|t:|1682124676\n|move|p1a: Apolo|Protect|p1a: Apolo\n|-singleturn|p1a: Apolo|Protect\n|move|p1b: Caioba|Protect|p1b: Caioba\n|-singleturn|p1b: Caioba|Protect\n|move|p2a: Corviknight|Brave Bird|p1a: Apolo\n|-activate|p1a: Apolo|move: Protect\n|move|p2b: Amoonguss|Spore|p1b: Caioba\n|-activate|p1b: Caioba|move: Protect\n|\n|-heal|p2a: Corviknight|100\/100 brn|[from] item: Leftovers\n|-damage|p2a: Corviknight|95\/100 brn|[from] brn\n|-sideend|p2: kamusito98|move: Tailwind\n|upkeep\n|turn|6\n|inactive|kamusito98 has 30 seconds left.\n|inactive|kamusito98 has 20 seconds left.\n|inactive|kamusito98 has 15 seconds left.\n|inactive|BrazBR has 30 seconds left.\n|inactive|kamusito98 has 10 seconds left.\n|\n|t:|1682124725\n|move|p1a: Apolo|Flare Blitz|p2a: Corviknight\n|-supereffective|p2a: Corviknight\n|-damage|p2a: Corviknight|62\/100 brn\n|-damage|p1a: Apolo|2\/100|[from] Recoil\n|move|p1b: Caioba|Haze|p1b: Caioba\n|-clearallboost\n|move|p2a: Corviknight|Brave Bird|p1a: Apolo\n|-damage|p1a: Apolo|0 fnt\n|faint|p1a: Apolo\n|-damage|p2a: Corviknight|62\/100 brn|[from] Recoil\n|move|p2b: Amoonguss|Spore|p1b: Caioba\n|-status|p1b: Caioba|slp|[from] move: Spore\n|\n|-heal|p2a: Corviknight|68\/100 brn|[from] item: Leftovers\n|-damage|p2a: Corviknight|62\/100 brn|[from] brn\n|upkeep\n|\n|t:|1682124742\n|switch|p1a: Godzilla|Baxcalibur, L50, M|100\/100\n|turn|7\n|inactive|kamusito98 has 30 seconds left.\n|\n|t:|1682124768\n|move|p2b: Amoonguss|Protect|p2b: Amoonguss\n|-singleturn|p2b: Amoonguss|Protect\n|move|p1a: Godzilla|Glaive Rush|p2b: Amoonguss\n|-activate|p2b: Amoonguss|move: Protect\n|cant|p1b: Caioba|slp\n|move|p2a: Corviknight|Bulk Up|p2a: Corviknight\n|-boost|p2a: Corviknight|atk|1\n|-boost|p2a: Corviknight|def|1\n|\n|-heal|p2a: Corviknight|68\/100 brn|[from] item: Leftovers\n|-damage|p2a: Corviknight|62\/100 brn|[from] brn\n|upkeep\n|turn|8\n|\n|t:|1682124787\n|switch|p2b: Flutter Mane|Flutter Mane, L50|100\/100\n|move|p1a: Godzilla|Icicle Crash|p2b: Flutter Mane\n|-enditem|p2b: Flutter Mane|Focus Sash\n|-damage|p2b: Flutter Mane|1\/100\n|cant|p1b: Caioba|slp\n|move|p2a: Corviknight|Body Press|p1a: Godzilla\n|-supereffective|p1a: Godzilla\n|-damage|p1a: Godzilla|72\/100\n|\n|-heal|p2a: Corviknight|68\/100 brn|[from] item: Leftovers\n|-damage|p2a: Corviknight|62\/100 brn|[from] brn\n|upkeep\n|turn|9\n|\n|t:|1682124806\n|move|p2b: Flutter Mane|Protect|p2b: Flutter Mane\n|-singleturn|p2b: Flutter Mane|Protect\n|move|p1a: Godzilla|Ice Shard|p2b: Flutter Mane\n|-activate|p2b: Flutter Mane|move: Protect\n|cant|p1b: Caioba|slp\n|move|p2a: Corviknight|Body Press|p1a: Godzilla\n|-supereffective|p1a: Godzilla\n|-damage|p1a: Godzilla|44\/100\n|\n|-heal|p2a: Corviknight|68\/100 brn|[from] item: Leftovers\n|-damage|p2a: Corviknight|62\/100 brn|[from] brn\n|upkeep\n|turn|10\n|\n|t:|1682124821\n|-end|p2b: Flutter Mane|Protosynthesis|[silent]\n|switch|p2b: Amoonguss|Amoonguss, L50, F, shiny|100\/100\n|move|p1a: Godzilla|Ice Shard|p2b: Amoonguss\n|-supereffective|p2b: Amoonguss\n|-damage|p2b: Amoonguss|53\/100\n|-curestatus|p1b: Caioba|slp|[msg]\n|move|p1b: Caioba|Haze|p1b: Caioba\n|-clearallboost\n|move|p2a: Corviknight|Body Press|p1a: Godzilla\n|-supereffective|p1a: Godzilla\n|-damage|p1a: Godzilla|25\/100\n|\n|-heal|p2a: Corviknight|68\/100 brn|[from] item: Leftovers\n|-damage|p2a: Corviknight|62\/100 brn|[from] brn\n|upkeep\n|turn|11\n|inactive|kamusito98 has 30 seconds left.\n|\n|t:|1682124853\n|move|p2b: Amoonguss|Protect|p2b: Amoonguss\n|-singleturn|p2b: Amoonguss|Protect\n|move|p1a: Godzilla|Icicle Crash|p2b: Amoonguss\n|-activate|p2b: Amoonguss|move: Protect\n|move|p1b: Caioba|Wave Crash|p2a: Corviknight\n|-damage|p2a: Corviknight|0 fnt\n|faint|p2a: Corviknight\n|-damage|p1b: Caioba|45\/100|[from] Recoil\n|\n|upkeep\n|\n|t:|1682124867\n|switch|p2a: Garchomp|Garchomp, L50, F, tera:Fire|100\/100\n|turn|12\n|inactive|kamusito98 has 30 seconds left.\n|\n|t:|1682124905\n|move|p1b: Caioba|Protect|p1b: Caioba\n|-singleturn|p1b: Caioba|Protect\n|move|p2b: Amoonguss|Rage Powder|p2b: Amoonguss\n|-singleturn|p2b: Amoonguss|move: Rage Powder\n|move|p1a: Godzilla|Ice Shard|p2b: Amoonguss\n|-supereffective|p2b: Amoonguss\n|-damage|p2b: Amoonguss|7\/100\n|-enditem|p2b: Amoonguss|Sitrus Berry|[eat]\n|-heal|p2b: Amoonguss|32\/100|[from] item: Sitrus Berry\n|move|p2a: Garchomp|Earthquake|p1b: Caioba|[spread] p2b,p1a\n|-activate|p1b: Caioba|move: Protect\n|-damage|p2b: Amoonguss|0 fnt\n|-damage|p1a: Godzilla|0 fnt\n|faint|p2b: Amoonguss\n|faint|p1a: Godzilla\n|\n|upkeep\n|\n|t:|1682124918\n|switch|p1a: Medusa|Flutter Mane, L50|100\/100\n|switch|p2b: Flutter Mane|Flutter Mane, L50|1\/100\n|turn|13\n|inactive|kamusito98 has 30 seconds left.\n|\n|t:|1682124950\n|move|p2b: Flutter Mane|Protect|p2b: Flutter Mane\n|-singleturn|p2b: Flutter Mane|Protect\n|move|p1b: Caioba|Jet Punch|p2a: Garchomp\n|-supereffective|p2a: Garchomp\n|-damage|p2a: Garchomp|0 fnt\n|-damage|p1b: Caioba|33\/100|[from] ability: Rough Skin|[of] p2a: Garchomp\n|faint|p2a: Garchomp\n|move|p1a: Medusa|Moonblast|p2b: Flutter Mane\n|-activate|p2b: Flutter Mane|move: Protect\n|\n|upkeep\n|turn|14\n|-message|kamusito98 forfeited.\n|\n|win|BrazBR\n|c|\u2606BrazBR|gg\n|l|\u2606kamusito98\n","uploadtime":1682125498,"views":9,"p1id":"brazbr","p2id":"kamusito98","formatid":"gen9vgc2023regulationc","rating":0,"private":0,"password":""}