{"id":"gen9vgc2023regulationc-1857966535","p1":"xiao1nK","p2":"Thanias1","format":"[Gen 9] VGC 2023 Regulation C","log":"|j|\u2606xiao1nK\n|j|\u2606Thanias1\n|t:|1683253447\n|gametype|doubles\n|player|p1|xiao1nK|dawn|1224\n|player|p2|Thanias1|cameraman|1320\n|teamsize|p1|6\n|teamsize|p2|6\n|gen|9\n|tier|[Gen 9] VGC 2023 Regulation C\n|rated|\n|rule|Species Clause: Limit one of each Pok\u00e9mon\n|rule|Item Clause: Limit one of each item\n|clearpoke\n|poke|p1|Garganacl, L50, F|\n|poke|p1|Annihilape, L50, F|\n|poke|p1|Amoonguss, L50, F|\n|poke|p1|Chi-Yu, L50|\n|poke|p1|Iron Bundle, L50|\n|poke|p1|Palafin, L50, F|\n|poke|p2|Dondozo, L50, M|\n|poke|p2|Tatsugiri, L50, F|\n|poke|p2|Iron Bundle, L50|\n|poke|p2|Chi-Yu, L50|\n|poke|p2|Kingambit, L50, F|\n|poke|p2|Garchomp, L50, M|\n|teampreview|4\n|inactive|Battle timer is ON: inactive players will automatically lose when time's up. (requested by xiao1nK)\n|\n|t:|1683253494\n|start\n|switch|p1a: Garganacl|Garganacl, L50, F|100\/100\n|switch|p1b: Palafin|Palafin, L50, F|100\/100\n|switch|p2a: Chi-Yu|Chi-Yu, L50|100\/100\n|switch|p2b: Garchomp|Garchomp, L50, M|100\/100\n|-ability|p2a: Chi-Yu|Beads of Ruin\n|turn|1\n|\n|t:|1683253516\n|move|p2a: Chi-Yu|Protect|p2a: Chi-Yu\n|-singleturn|p2a: Chi-Yu|Protect\n|move|p1a: Garganacl|Wide Guard|p1a: Garganacl\n|-singleturn|p1a: Garganacl|Wide Guard\n|move|p2b: Garchomp|Earthquake|p1a: Garganacl|[spread] \n|-activate|p1a: Garganacl|move: Wide Guard\n|-activate|p1b: Palafin|move: Wide Guard\n|-activate|p2a: Chi-Yu|move: Protect\n|move|p1b: Palafin|Flip Turn|p2a: Chi-Yu\n|-activate|p2a: Chi-Yu|move: Protect\n|\n|upkeep\n|turn|2\n|\n|t:|1683253537\n|switch|p2b: Iron Bundle|Iron Bundle, L50|100\/100\n|-enditem|p2b: Iron Bundle|Booster Energy\n|-activate|p2b: Iron Bundle|ability: Quark Drive|[fromitem]\n|-start|p2b: Iron Bundle|quarkdrivespe\n|-terastallize|p2a: Chi-Yu|Grass\n|move|p1a: Garganacl|Wide Guard|p1a: Garganacl\n|-singleturn|p1a: Garganacl|Wide Guard\n|move|p2a: Chi-Yu|Tera Blast|p1a: Garganacl\n|-supereffective|p1a: Garganacl\n|-damage|p1a: Garganacl|0 fnt\n|faint|p1a: Garganacl\n|-damage|p2a: Chi-Yu|91\/100|[from] item: Life Orb\n|move|p1b: Palafin|Flip Turn|p2a: Chi-Yu\n|-resisted|p2a: Chi-Yu\n|-damage|p2a: Chi-Yu|77\/100\n|\n|t:|1683253550\n|detailschange|p1b: Palafin|Palafin-Hero, L50, F\n|switch|p1b: Annihilape|Annihilape, L50, F|100\/100|[from] Flip Turn\n|\n|upkeep\n|\n|t:|1683253553\n|switch|p1a: Amoonguss|Amoonguss, L50, F|100\/100\n|turn|3\n|\n|t:|1683253561\n|-terastallize|p1b: Annihilape|Fire\n|move|p2b: Iron Bundle|Freeze-Dry|p1a: Amoonguss\n|-supereffective|p1a: Amoonguss\n|-damage|p1a: Amoonguss|34\/100\n|move|p2a: Chi-Yu|Heat Wave|p1b: Annihilape|[spread] p1a,p1b\n|-supereffective|p1a: Amoonguss\n|-resisted|p1b: Annihilape\n|-damage|p1a: Amoonguss|0 fnt\n|-damage|p1b: Annihilape|76\/100\n|faint|p1a: Amoonguss\n|-damage|p2a: Chi-Yu|68\/100|[from] item: Life Orb\n|move|p1b: Annihilape|Bulk Up|p1b: Annihilape\n|-boost|p1b: Annihilape|atk|1\n|-boost|p1b: Annihilape|def|1\n|\n|upkeep\n|\n|t:|1683253568\n|switch|p1a: Palafin|Palafin-Hero, L50, F|100\/100\n|-activate|p1a: Palafin|ability: Zero to Hero\n|turn|4\n|inactive|Thanias1 has 30 seconds left.\n|\n|t:|1683253596\n|move|p1b: Annihilape|Protect|p1b: Annihilape\n|-singleturn|p1b: Annihilape|Protect\n|move|p2b: Iron Bundle|Freeze-Dry|p1a: Palafin\n|-supereffective|p1a: Palafin\n|-damage|p1a: Palafin|14\/100\n|move|p2a: Chi-Yu|Dark Pulse|p1b: Annihilape\n|-activate|p1b: Annihilape|move: Protect\n|move|p1a: Palafin|Wave Crash|p2a: Chi-Yu\n|-resisted|p2a: Chi-Yu\n|-damage|p2a: Chi-Yu|23\/100\n|-damage|p1a: Palafin|2\/100|[from] Recoil\n|\n|upkeep\n|turn|5\n|\n|t:|1683253608\n|move|p2a: Chi-Yu|Protect|p2a: Chi-Yu\n|-singleturn|p2a: Chi-Yu|Protect\n|move|p1a: Palafin|Jet Punch|p2a: Chi-Yu\n|-activate|p2a: Chi-Yu|move: Protect\n|move|p2b: Iron Bundle|Encore|p1b: Annihilape\n|-start|p1b: Annihilape|Encore\n|move|p1b: Annihilape|Protect||[still]\n|-fail|p1b: Annihilape\n|\n|upkeep\n|turn|6\n|-message|xiao1nK forfeited.\n|\n|win|Thanias1\n|raw|xiao1nK's rating: 1224 → 1206<\/strong> (-18 for losing)\n|raw|Thanias1's rating: 1320 → 1335<\/strong> (+15 for winning)\n|l|\u2606xiao1nK\n","uploadtime":1683253633,"views":11,"p1id":"xiao1nk","p2id":"thanias1","formatid":"gen9vgc2023regulationc","rating":1206,"private":0,"password":""}