{"id":"gen9vgc2023regulationc-1845776110","p1":"ocfrey","p2":"soraesc","format":"[Gen 9] VGC 2023 Regulation C","log":"|j|\u2606ocfrey\n|j|\u2606soraesc\n|t:|1681763483\n|gametype|doubles\n|player|p1|ocfrey|1|1102\n|player|p2|soraesc|n|1100\n|teamsize|p1|6\n|teamsize|p2|6\n|gen|9\n|tier|[Gen 9] VGC 2023 Regulation C\n|rated|\n|rule|Species Clause: Limit one of each Pok\u00e9mon\n|rule|Item Clause: Limit one of each item\n|clearpoke\n|poke|p1|Flutter Mane, L50|\n|poke|p1|Palafin, L50, M|\n|poke|p1|Arcanine, L50, F|\n|poke|p1|Glimmora, L50, M|\n|poke|p1|Ting-Lu, L50|\n|poke|p1|Amoonguss, L50, M|\n|poke|p2|Palafin, L50, F|\n|poke|p2|Glimmora, L50, F|\n|poke|p2|Arcanine, L50, F|\n|poke|p2|Scream Tail, L50|\n|poke|p2|Brute Bonnet, L50|\n|poke|p2|Iron Bundle, L50|\n|teampreview|4\n|inactive|Battle timer is ON: inactive players will automatically lose when time's up. (requested by soraesc)\n|inactive|ocfrey has 60 seconds left.\n|inactive|soraesc has 60 seconds left.\nocfrey has agreed to open team sheets.\n|\n|t:|1681763533\n|start\n|switch|p1a: Satan|Ting-Lu, L50|100\/100\n|switch|p1b: INeedAHero|Palafin, L50, M|100\/100\n|switch|p2a: Glimmora|Glimmora, L50, F|100\/100\n|switch|p2b: Scream Tail|Scream Tail, L50|100\/100\n|-ability|p1a: Satan|Vessel of Ruin\n|-enditem|p2b: Scream Tail|Booster Energy\n|-activate|p2b: Scream Tail|ability: Protosynthesis|[fromitem]\n|-start|p2b: Scream Tail|protosynthesisspe\n|turn|1\n|\n|t:|1681763552\n|-terastallize|p2a: Glimmora|Grass\n|move|p1b: INeedAHero|Jet Punch|p2a: Glimmora\n|-resisted|p2a: Glimmora\n|-damage|p2a: Glimmora|87\/100\n|-activate|p2a: Glimmora|ability: Toxic Debris\n|-sidestart|p1: ocfrey|move: Toxic Spikes\n|move|p2b: Scream Tail|Stealth Rock|p1a: Satan\n|-sidestart|p1: ocfrey|move: Stealth Rock\n|move|p2a: Glimmora|Power Gem|p1b: INeedAHero\n|-damage|p1b: INeedAHero|57\/100\n|move|p1a: Satan|Stomping Tantrum|p2a: Glimmora\n|-resisted|p2a: Glimmora\n|-damage|p2a: Glimmora|67\/100\n|-activate|p2a: Glimmora|ability: Toxic Debris\n|-sidestart|p1: ocfrey|move: Toxic Spikes\n|\n|upkeep\n|turn|2\n|\n|t:|1681763570\n|detailschange|p1b: INeedAHero|Palafin-Hero, L50, M\n|switch|p1b: Amoonguss|Amoonguss, L50, M|100\/100\n|-sideend|p1: ocfrey|move: Toxic Spikes|[of] p1b: Amoonguss\n|-damage|p1b: Amoonguss|88\/100|[from] Stealth Rock\n|move|p2b: Scream Tail|Encore|p1a: Satan\n|-start|p1a: Satan|Encore\n|move|p2a: Glimmora|Mortal Spin|p1b: Amoonguss|[spread] p1a,p1b\n|-resisted|p1a: Satan\n|-damage|p1a: Satan|99\/100\n|-damage|p1b: Amoonguss|84\/100\n|-status|p1a: Satan|psn\n|move|p1a: Satan|Stomping Tantrum|p2a: Glimmora\n|-resisted|p2a: Glimmora\n|-damage|p2a: Glimmora|49\/100\n|-activate|p2a: Glimmora|ability: Toxic Debris\n|-sidestart|p1: ocfrey|move: Toxic Spikes\n|\n|-damage|p1a: Satan|87\/100 psn|[from] psn\n|upkeep\n|turn|3\n|\n|t:|1681763586\n|switch|p1a: Loki|Flutter Mane, L50|100\/100\n|-enditem|p1a: Loki|Booster Energy\n|-activate|p1a: Loki|ability: Protosynthesis|[fromitem]\n|-start|p1a: Loki|protosynthesisspe\n|-damage|p1a: Loki|88\/100|[from] Stealth Rock\n|-status|p1a: Loki|psn\n|move|p2b: Scream Tail|Protect|p2b: Scream Tail\n|-singleturn|p2b: Scream Tail|Protect\n|move|p2a: Glimmora|Tera Blast|p1a: Loki\n|-damage|p1a: Loki|39\/100 psn\n|move|p1b: Amoonguss|Spore|p2b: Scream Tail\n|-activate|p2b: Scream Tail|move: Protect\n|\n|-damage|p1a: Loki|27\/100 psn|[from] psn\n|upkeep\n|turn|4\n|inactive|soraesc has 30 seconds left.\n|\n|t:|1681763615\n|-end|p2b: Scream Tail|Protosynthesis|[silent]\n|switch|p2b: Arcanine|Arcanine, L50, F, shiny|100\/100\n|-ability|p2b: Arcanine|Intimidate|boost\n|-unboost|p1a: Loki|atk|1\n|-unboost|p1b: Amoonguss|atk|1\n|move|p1b: Amoonguss|Rage Powder|p1b: Amoonguss\n|-singleturn|p1b: Amoonguss|move: Rage Powder\n|move|p1a: Loki|Moonblast|p2a: Glimmora\n|-damage|p2a: Glimmora|12\/100\n|move|p2a: Glimmora|Tera Blast|p1a: Loki\n|-damage|p1a: Loki|0 fnt\n|faint|p1a: Loki\n|-end|p1a: Loki|Protosynthesis|[silent]\n|\n|upkeep\n|\n|t:|1681763628\n|switch|p1a: Satan|Ting-Lu, L50|87\/100 psn\n|-damage|p1a: Satan|81\/100 psn|[from] Stealth Rock\n|-ability|p1a: Satan|Vessel of Ruin\n|turn|5\n|inactive|ocfrey has 30 seconds left.\n|\n|t:|1681763656\n|-terastallize|p1a: Satan|Steel\n|move|p2b: Arcanine|Protect|p2b: Arcanine\n|-singleturn|p2b: Arcanine|Protect\n|move|p2a: Glimmora|Tera Blast|p1a: Satan\n|-resisted|p1a: Satan\n|-damage|p1a: Satan|72\/100 psn\n|move|p1a: Satan|Fissure|p2b: Arcanine\n|-activate|p2b: Arcanine|move: Protect\n|move|p1b: Amoonguss|Pollen Puff|p2a: Glimmora\n|-supereffective|p2a: Glimmora\n|-damage|p2a: Glimmora|0 fnt\n|faint|p2a: Glimmora\n|\n|-damage|p1a: Satan|60\/100 psn|[from] psn\n|upkeep\n|\n|t:|1681763677\n|switch|p2a: Iron Bundle|Iron Bundle, L50, shiny|100\/100\n|turn|6\n|\n|t:|1681763684\n|move|p1b: Amoonguss|Rage Powder|p1b: Amoonguss\n|-singleturn|p1b: Amoonguss|move: Rage Powder\n|move|p2a: Iron Bundle|Icy Wind|p1b: Amoonguss|[spread] p1a,p1b\n|-resisted|p1a: Satan\n|-supereffective|p1b: Amoonguss\n|-damage|p1a: Satan|55\/100 psn\n|-damage|p1b: Amoonguss|56\/100\n|-unboost|p1a: Satan|spe|1\n|-unboost|p1b: Amoonguss|spe|1\n|move|p2b: Arcanine|Flare Blitz|p1a: Satan\n|-supereffective|p1a: Satan\n|-damage|p1a: Satan|0 fnt\n|faint|p1a: Satan\n|-damage|p2b: Arcanine|75\/100|[from] Recoil\n|\n|upkeep\n|-message|ocfrey forfeited.\n|\n|win|soraesc\n|raw|ocfrey's rating: 1102 → 1077<\/strong> (-25 for losing)\n|raw|soraesc's rating: 1100 → 1125<\/strong> (+25 for winning)\n|l|\u2606ocfrey\n","uploadtime":1681763701,"views":7,"p1id":"ocfrey","p2id":"soraesc","formatid":"gen9vgc2023regulationc","rating":1077,"private":0,"password":""}