{"id":"gen9vgc2023regulationc-1862273198","p1":"April112","p2":"AGSilver935","format":"[Gen 9] VGC 2023 Regulation C","log":"|j|\u2606April112\n|j|\u2606AGSilver935\n|t:|1683858103\n|gametype|doubles\n|player|p1|April112|170|1362\n|player|p2|AGSilver935|ghetsis|1413\n|teamsize|p1|6\n|teamsize|p2|6\n|gen|9\n|tier|[Gen 9] VGC 2023 Regulation C\n|rated|\n|rule|Species Clause: Limit one of each Pok\u00e9mon\n|rule|Item Clause: Limit one of each item\n|clearpoke\n|poke|p1|Flutter Mane, L50|\n|poke|p1|Gholdengo, L50|\n|poke|p1|Great Tusk, L50|\n|poke|p1|Murkrow, L50, F|\n|poke|p1|Amoonguss, L50, M|\n|poke|p1|Gyarados, L50, F|\n|poke|p2|Baxcalibur, L50, F|\n|poke|p2|Flutter Mane, L50|\n|poke|p2|Chi-Yu, L50|\n|poke|p2|Iron Bundle, L50|\n|poke|p2|Amoonguss, L50, F|\n|poke|p2|Arcanine, L50, M|\n|teampreview|4\nAGSilver935 has agreed to open team sheets.\n|j| Rito_VGC\n|inactive|Battle timer is ON: inactive players will automatically lose when time's up. (requested by April112)\n|inactive|AGSilver935 has 60 seconds left.\n|\n|t:|1683858167\n|start\n|switch|p1a: Flutter Mane|Flutter Mane, L50|100\/100\n|switch|p1b: Gholdengo|Gholdengo, L50|100\/100\n|switch|p2a: Iron Bundle|Iron Bundle, L50|100\/100\n|switch|p2b: Chi-Yu|Chi-Yu, L50|100\/100\n|-ability|p2b: Chi-Yu|Beads of Ruin\n|-enditem|p2a: Iron Bundle|Booster Energy\n|-activate|p2a: Iron Bundle|ability: Quark Drive|[fromitem]\n|-start|p2a: Iron Bundle|quarkdrivespe\n|turn|1\n|inactive|April112 has 30 seconds left.\n|inactive|AGSilver935 has 30 seconds left.\n|inactive|April112 has 20 seconds left.\n|inactive|April112 has 15 seconds left.\n|inactive|April112 has 10 seconds left.\n|inactive|AGSilver935 has 20 seconds left.\n|inactive|AGSilver935 has 15 seconds left.\n|inactive|AGSilver935 has 10 seconds left.\n|\n|t:|1683858226\n|-terastallize|p1b: Gholdengo|Water\n|move|p2a: Iron Bundle|Icy Wind|p1a: Flutter Mane|[spread] p1a,p1b\n|-resisted|p1b: Gholdengo\n|-damage|p1a: Flutter Mane|78\/100\n|-damage|p1b: Gholdengo|87\/100\n|-unboost|p1a: Flutter Mane|spe|1\n|move|p2b: Chi-Yu|Dark Pulse|p1b: Gholdengo\n|-damage|p1b: Gholdengo|25\/100\n|move|p1b: Gholdengo|Make It Rain|p2b: Chi-Yu|[spread] p2a,p2b\n|-resisted|p2b: Chi-Yu\n|-damage|p2a: Iron Bundle|0 fnt\n|-damage|p2b: Chi-Yu|72\/100\n|-unboost|p1b: Gholdengo|spa|1\n|faint|p2a: Iron Bundle\n|-end|p2a: Iron Bundle|Quark Drive|[silent]\n|move|p1a: Flutter Mane|Dazzling Gleam|p2b: Chi-Yu\n|-damage|p2b: Chi-Yu|0 fnt\n|faint|p2b: Chi-Yu\n|\n|upkeep\n|\n|t:|1683858243\n|switch|p2a: Flutter Mane|Flutter Mane, L50|100\/100\n|switch|p2b: Arcanine|Arcanine, L50, M|100\/100\n|-ability|p2b: Arcanine|Intimidate|boost\n|-unboost|p1a: Flutter Mane|atk|1\n|-unboost|p1b: Gholdengo|atk|1\n|turn|2\n|inactive|April112 has 30 seconds left.\n|\n|t:|1683858270\n|-end|p1a: Flutter Mane|Protosynthesis|[silent]\n|switch|p1a: Gyarados|Gyarados, L50, F, shiny|100\/100\n|-ability|p1a: Gyarados|Intimidate|boost\n|-unboost|p2a: Flutter Mane|atk|1\n|-unboost|p2b: Arcanine|atk|1\n|-terastallize|p2a: Flutter Mane|Fairy\n|move|p2a: Flutter Mane|Dazzling Gleam|p1a: Gyarados|[spread] p1a,p1b\n|-damage|p1a: Gyarados|49\/100\n|-damage|p1b: Gholdengo|0 fnt\n|faint|p1b: Gholdengo\n|-damage|p2a: Flutter Mane|91\/100|[from] item: Life Orb\n|move|p2b: Arcanine|Flare Blitz|p1a: Gyarados\n|-resisted|p1a: Gyarados\n|-damage|p1a: Gyarados|30\/100\n|-damage|p2b: Arcanine|94\/100|[from] Recoil\n|\n|upkeep\n|\n|t:|1683858294\n|switch|p1b: Flutter Mane|Flutter Mane, L50|78\/100\n|turn|3\n|inactive|AGSilver935 has 30 seconds left.\n|\n|t:|1683858324\n|move|p2a: Flutter Mane|Dazzling Gleam|p1b: Flutter Mane|[spread] p1a,p1b\n|-damage|p1a: Gyarados|0 fnt\n|-damage|p1b: Flutter Mane|27\/100\n|faint|p1a: Gyarados\n|-damage|p2a: Flutter Mane|81\/100|[from] item: Life Orb\n|move|p1b: Flutter Mane|Moonblast|p2a: Flutter Mane\n|-damage|p2a: Flutter Mane|4\/100\n|move|p2b: Arcanine|Howl|p2b: Arcanine|[spread] p2a,p2b\n|-boost|p2a: Flutter Mane|atk|1\n|-boost|p2b: Arcanine|atk|1\n|\n|upkeep\n|\n|t:|1683858334\n|switch|p1a: Great Tusk|Great Tusk, L50|100\/100\n|turn|4\n|inactive|April112 has 30 seconds left.\n|\n|t:|1683858359\n|move|p2b: Arcanine|Extreme Speed|p1a: Great Tusk\n|-damage|p1a: Great Tusk|82\/100\n|move|p1a: Great Tusk|Earthquake|p2b: Arcanine|[spread] p1b,p2a,p2b\n|-supereffective|p2b: Arcanine\n|-damage|p1b: Flutter Mane|0 fnt\n|-damage|p2a: Flutter Mane|0 fnt\n|-damage|p2b: Arcanine|10\/100\n|faint|p1b: Flutter Mane\n|-end|p1b: Flutter Mane|Protosynthesis|[silent]\n|faint|p2a: Flutter Mane\n|-end|p2a: Flutter Mane|Protosynthesis|[silent]\n|\n|upkeep\n|turn|5\n|\n|t:|1683858370\n|move|p2b: Arcanine|Extreme Speed|p1a: Great Tusk\n|-damage|p1a: Great Tusk|66\/100\n|move|p1a: Great Tusk|Earthquake|p2b: Arcanine\n|-supereffective|p2b: Arcanine\n|-damage|p2b: Arcanine|0 fnt\n|faint|p2b: Arcanine\n|\n|win|April112\n|raw|April112's rating: 1362 → 1385<\/strong> (+23 for winning)\n|raw|AGSilver935's rating: 1413 → 1390<\/strong> (-23 for losing)\n","uploadtime":1683858377,"views":8,"p1id":"april112","p2id":"agsilver935","formatid":"gen9vgc2023regulationc","rating":1385,"private":0,"password":""}