{"id":"gen9vgc2023regulationc-1860962985","p1":"GB Seraphix","p2":"LUMPECTOMY23","format":"[Gen 9] VGC 2023 Regulation C","log":"|j|\u2606GB Seraphix\n|j|\u2606LUMPECTOMY23\n|t:|1683703972\n|gametype|doubles\n|player|p1|GB Seraphix|rosa|1046\n|player|p2|LUMPECTOMY23|volo|1000\n|teamsize|p1|6\n|teamsize|p2|6\n|gen|9\n|tier|[Gen 9] VGC 2023 Regulation C\n|rated|\n|rule|Species Clause: Limit one of each Pok\u00e9mon\n|rule|Item Clause: Limit one of each item\n|clearpoke\n|poke|p1|Gothitelle, L50, F|\n|poke|p1|Flutter Mane, L50|\n|poke|p1|Arcanine, L50, M|\n|poke|p1|Toxapex, L50, F|\n|poke|p1|Scream Tail, L50|\n|poke|p1|Amoonguss, L50, M|\n|poke|p2|Flutter Mane, L50|\n|poke|p2|Chien-Pao, L50|\n|poke|p2|Dragonite, L50, F|\n|poke|p2|Iron Bundle, L50|\n|poke|p2|Dondozo, L50, M|\n|poke|p2|Tatsugiri, L50, M|\n|teampreview|4\n|inactive|Battle timer is ON: inactive players will automatically lose when time's up. (requested by LUMPECTOMY23)\n|\n|t:|1683703992\n|start\n|switch|p1a: BB|Flutter Mane, L50|100\/100\n|switch|p1b: Starr|Toxapex, L50, F|100\/100\n|switch|p2a: Chien-Pao|Chien-Pao, L50|100\/100\n|switch|p2b: Dragonite|Dragonite, L50, F, shiny|100\/100\n|-ability|p2a: Chien-Pao|Sword of Ruin\n|turn|1\n|\n|t:|1683704017\n|switch|p1b: Wednesday|Gothitelle, L50, F|100\/100\n|move|p2a: Chien-Pao|Protect|p2a: Chien-Pao\n|-singleturn|p2a: Chien-Pao|Protect\n|move|p1a: BB|Perish Song|p1a: BB\n|-start|p1a: BB|perish3|[silent]\n|-start|p1b: Wednesday|perish3|[silent]\n|-start|p2a: Chien-Pao|perish3|[silent]\n|-start|p2b: Dragonite|perish3|[silent]\n|-fieldactivate|move: Perish Song\n|move|p2b: Dragonite|Stomping Tantrum|p1b: Wednesday\n|-damage|p1b: Wednesday|69\/100\n|\n|-heal|p1b: Wednesday|75\/100|[from] item: Leftovers\n|-start|p1a: BB|perish3\n|-start|p2a: Chien-Pao|perish3\n|-start|p2b: Dragonite|perish3\n|-start|p1b: Wednesday|perish3\n|upkeep\n|turn|2\n|\n|t:|1683704037\n|move|p1a: BB|Protect|p1a: BB\n|-singleturn|p1a: BB|Protect\n|move|p1b: Wednesday|Fake Out|p2a: Chien-Pao\n|-damage|p2a: Chien-Pao|93\/100\n|move|p2b: Dragonite|Extreme Speed|p1b: Wednesday\n|-damage|p1b: Wednesday|44\/100\n|cant|p2a: Chien-Pao|flinch\n|\n|-heal|p1b: Wednesday|50\/100|[from] item: Leftovers\n|-start|p1a: BB|perish2\n|-start|p2a: Chien-Pao|perish2\n|-start|p2b: Dragonite|perish2\n|-start|p1b: Wednesday|perish2\n|upkeep\n|turn|3\n|inactive|GB Seraphix has 30 seconds left.\n|\n|t:|1683704063\n|-end|p1a: BB|Protosynthesis|[silent]\n|switch|p1a: Bubblegum|Scream Tail, L50|100\/100\n|-enditem|p1a: Bubblegum|Booster Energy\n|-activate|p1a: Bubblegum|ability: Protosynthesis|[fromitem]\n|-start|p1a: Bubblegum|protosynthesisspe\n|move|p2a: Chien-Pao|Protect|p2a: Chien-Pao\n|-singleturn|p2a: Chien-Pao|Protect\n|move|p1b: Wednesday|Protect|p1b: Wednesday\n|-singleturn|p1b: Wednesday|Protect\n|move|p2b: Dragonite|Extreme Speed|p1b: Wednesday\n|-activate|p1b: Wednesday|move: Protect\n|\n|-heal|p1b: Wednesday|56\/100|[from] item: Leftovers\n|-start|p2a: Chien-Pao|perish1\n|-start|p2b: Dragonite|perish1\n|-start|p1b: Wednesday|perish1\n|upkeep\n|turn|4\n|inactive|GB Seraphix has 30 seconds left.\n|\n|t:|1683704094\n|switch|p1b: BB|Flutter Mane, L50|100\/100\n|move|p2b: Dragonite|Extreme Speed|p1b: BB\n|-immune|p1b: BB\n|move|p2a: Chien-Pao|Sucker Punch||[still]\n|-fail|p2a: Chien-Pao\n|move|p1a: Bubblegum|Encore|p2a: Chien-Pao\n|-start|p2a: Chien-Pao|Encore\n|\n|-start|p2a: Chien-Pao|perish0\n|-start|p2b: Dragonite|perish0\n|upkeep\n|faint|p2a: Chien-Pao\n|faint|p2b: Dragonite\n|\n|t:|1683704106\n|switch|p2a: Dondozo|Dondozo, L50, M, shiny|100\/100\n|switch|p2b: Tatsugiri|Tatsugiri, L50, M|100\/100\n|-activate|p2b: Tatsugiri|ability: Commander|[of] p2a: Dondozo\n|-boost|p2a: Dondozo|atk|2\n|-boost|p2a: Dondozo|spa|2\n|-boost|p2a: Dondozo|spe|2\n|-boost|p2a: Dondozo|def|2\n|-boost|p2a: Dondozo|spd|2\n|turn|5\n|\n|t:|1683704118\n|move|p1a: Bubblegum|Protect|p1a: Bubblegum\n|-singleturn|p1a: Bubblegum|Protect\n|move|p1b: BB|Perish Song|p1b: BB\n|-start|p1a: Bubblegum|perish3|[silent]\n|-start|p1b: BB|perish3|[silent]\n|-start|p2a: Dondozo|perish3|[silent]\n|-miss|p1b: BB|p2b: Tatsugiri\n|-fieldactivate|move: Perish Song\n|move|p2a: Dondozo|Earthquake|p1a: Bubblegum|[spread] p1b\n|-miss|p2a: Dondozo|p2b: Tatsugiri\n|-activate|p1a: Bubblegum|move: Protect\n|-damage|p1b: BB|12\/100\n|\n|-start|p1a: Bubblegum|perish3\n|-start|p1b: BB|perish3\n|-start|p2a: Dondozo|perish3\n|upkeep\n|turn|6\n|inactive|LUMPECTOMY23 has 30 seconds left.\n|inactive|LUMPECTOMY23 has 20 seconds left.\n|inactive|LUMPECTOMY23 has 15 seconds left.\n|\n|t:|1683704160\n|move|p1b: BB|Protect|p1b: BB\n|-singleturn|p1b: BB|Protect\n|move|p1a: Bubblegum|Disable|p2a: Dondozo\n|-start|p2a: Dondozo|Disable|Earthquake\n|cant|p2a: Dondozo|Disable|Earthquake\n|\n|-start|p1a: Bubblegum|perish2\n|-start|p1b: BB|perish2\n|-start|p2a: Dondozo|perish2\n|upkeep\n|turn|7\n|-message|LUMPECTOMY23 forfeited.\n|\n|win|GB Seraphix\n|raw|GB Seraphix's rating: 1046 → 1075<\/strong> (+29 for winning)\n|raw|LUMPECTOMY23's rating: 1000 → 1000<\/strong> (+0 for losing)\n|l|\u2606GB Seraphix\n|l|\u2606LUMPECTOMY23\n|j|\u2606GB Seraphix\n|player|p1|GB Seraphix|rosa\n","uploadtime":1683704201,"views":15,"p1id":"gbseraphix","p2id":"lumpectomy23","formatid":"gen9vgc2023regulationc","rating":1000,"private":0,"password":""}