{"id":"gen9vgc2023regulationc-1851354848","p1":"pupulovessixsheep","p2":"oscraft89","format":"[Gen 9] VGC 2023 Regulation C","log":"|j|\u2606pupulovessixsheep\n|j|\u2606oscraft89\n|t:|1682438373\n|gametype|doubles\n|player|p1|pupulovessixsheep|169|1312\n|player|p2|oscraft89|265|1347\n|teamsize|p1|6\n|teamsize|p2|6\n|gen|9\n|tier|[Gen 9] VGC 2023 Regulation C\n|rated|\n|rule|Species Clause: Limit one of each Pok\u00e9mon\n|rule|Item Clause: Limit one of each item\n|clearpoke\n|poke|p1|Talonflame, L50, M|\n|poke|p1|Chi-Yu, L50|\n|poke|p1|Flutter Mane, L50|\n|poke|p1|Amoonguss, L50, M|\n|poke|p1|Tyranitar, L50, F|\n|poke|p1|Houndstone, L50, M|\n|poke|p2|Scizor, L50, M|\n|poke|p2|Chien-Pao, L50|\n|poke|p2|Gyarados, L50, M|\n|poke|p2|Roaring Moon, L50|\n|poke|p2|Amoonguss, L50, M|\n|poke|p2|Flutter Mane, L50|\n|teampreview|4\n|inactive|Battle timer is ON: inactive players will automatically lose when time's up. (requested by pupulovessixsheep)\n|\n|t:|1682438415\n|start\n|switch|p1a: Tyranitar|Tyranitar, L50, F, shiny|100\/100\n|switch|p1b: Amoonguss|Amoonguss, L50, M|100\/100\n|switch|p2a: Gyarados|Gyarados, L50, M, shiny|100\/100\n|switch|p2b: Chien-Pao|Chien-Pao, L50|100\/100\n|-ability|p2b: Chien-Pao|Sword of Ruin\n|-weather|Sandstorm|[from] ability: Sand Stream|[of] p1a: Tyranitar\n|-ability|p2a: Gyarados|Intimidate|boost\n|-unboost|p1a: Tyranitar|atk|1\n|-unboost|p1b: Amoonguss|atk|1\n|turn|1\n|inactive|pupulovessixsheep has 30 seconds left.\n|\n|t:|1682438443\n|-terastallize|p1b: Amoonguss|Rock\n|move|p1a: Tyranitar|Protect|p1a: Tyranitar\n|-singleturn|p1a: Tyranitar|Protect\n|move|p2b: Chien-Pao|Ice Spinner|p1a: Tyranitar\n|-activate|p1a: Tyranitar|move: Protect\n|move|p2a: Gyarados|Waterfall|p1a: Tyranitar\n|-activate|p1a: Tyranitar|move: Protect\n|move|p1b: Amoonguss|Spore|p2b: Chien-Pao\n|-status|p2b: Chien-Pao|slp|[from] move: Spore\n|\n|-weather|Sandstorm|[upkeep]\n|-damage|p2b: Chien-Pao|95\/100 slp|[from] Sandstorm\n|upkeep\n|turn|2\n|\n|t:|1682438459\n|move|p1b: Amoonguss|Rage Powder|p1b: Amoonguss\n|-singleturn|p1b: Amoonguss|move: Rage Powder\n|cant|p2b: Chien-Pao|slp\n|move|p1a: Tyranitar|Dragon Dance|p1a: Tyranitar\n|-boost|p1a: Tyranitar|atk|1\n|-boost|p1a: Tyranitar|spe|1\n|move|p2a: Gyarados|Taunt|p1b: Amoonguss\n|-start|p1b: Amoonguss|move: Taunt\n|\n|-weather|Sandstorm|[upkeep]\n|-damage|p2b: Chien-Pao|89\/100 slp|[from] Sandstorm\n|upkeep\n|turn|3\n|\n|t:|1682438477\n|-curestatus|p2b: Chien-Pao|slp|[msg]\n|move|p2b: Chien-Pao|Protect|p2b: Chien-Pao\n|-singleturn|p2b: Chien-Pao|Protect\n|move|p1a: Tyranitar|Rock Slide|p2b: Chien-Pao|[spread] p2a\n|-activate|p2b: Chien-Pao|move: Protect\n|-supereffective|p2a: Gyarados\n|-damage|p2a: Gyarados|28\/100\n|cant|p2a: Gyarados|flinch\n|move|p1b: Amoonguss|Pollen Puff|p2b: Chien-Pao\n|-activate|p2b: Chien-Pao|move: Protect\n|\n|-weather|Sandstorm|[upkeep]\n|-damage|p2b: Chien-Pao|83\/100|[from] Sandstorm\n|upkeep\n|turn|4\n|inactive|oscraft89 has 30 seconds left.\n|\n|t:|1682438503\n|switch|p1b: Flutter Mane|Flutter Mane, L50|100\/100\n|-enditem|p1b: Flutter Mane|Booster Energy\n|-activate|p1b: Flutter Mane|ability: Protosynthesis|[fromitem]\n|-start|p1b: Flutter Mane|protosynthesisspa\n|move|p2a: Gyarados|Helping Hand|p2b: Chien-Pao\n|-singleturn|p2b: Chien-Pao|Helping Hand|[of] p2a: Gyarados\n|move|p1a: Tyranitar|Protect|p1a: Tyranitar\n|-singleturn|p1a: Tyranitar|Protect\n|move|p2b: Chien-Pao|Sacred Sword|p1a: Tyranitar\n|-activate|p1a: Tyranitar|move: Protect\n|\n|-weather|Sandstorm|[upkeep]\n|-damage|p2b: Chien-Pao|77\/100|[from] Sandstorm\n|-damage|p1b: Flutter Mane|94\/100|[from] Sandstorm\n|upkeep\n|turn|5\n|inactive|oscraft89 has 30 seconds left.\n|\n|t:|1682438532\n|move|p2a: Gyarados|Helping Hand|p2b: Chien-Pao\n|-singleturn|p2b: Chien-Pao|Helping Hand|[of] p2a: Gyarados\n|move|p2b: Chien-Pao|Sucker Punch|p1b: Flutter Mane\n|-damage|p1b: Flutter Mane|0 fnt\n|faint|p1b: Flutter Mane\n|-end|p1b: Flutter Mane|Protosynthesis|[silent]\n|move|p1a: Tyranitar|Rock Slide|p2a: Gyarados|[spread] p2a,p2b\n|-supereffective|p2a: Gyarados\n|-supereffective|p2b: Chien-Pao\n|-damage|p2a: Gyarados|0 fnt\n|-damage|p2b: Chien-Pao|0 fnt\n|faint|p2a: Gyarados\n|faint|p2b: Chien-Pao\n|\n|-weather|none\n|upkeep\n|\n|t:|1682438547\n|switch|p2b: Flutter Mane|Flutter Mane, L50, shiny|100\/100\n|switch|p1b: Amoonguss|Amoonguss, L50, M, tera:Rock|100\/100\n|switch|p2a: Roaring Moon|Roaring Moon, L50, shiny|100\/100\n|-enditem|p2a: Roaring Moon|Booster Energy\n|-activate|p2a: Roaring Moon|ability: Protosynthesis|[fromitem]\n|-start|p2a: Roaring Moon|protosynthesisatk\n|turn|6\n|\n|t:|1682438560\n|-terastallize|p2b: Flutter Mane|Fairy\n|move|p1a: Tyranitar|Protect|p1a: Tyranitar\n|-singleturn|p1a: Tyranitar|Protect\n|move|p2a: Roaring Moon|Throat Chop|p1b: Amoonguss\n|-damage|p1b: Amoonguss|58\/100\n|-start|p1b: Amoonguss|Throat Chop|[silent]\n|move|p2b: Flutter Mane|Dazzling Gleam|p1b: Amoonguss|[spread] p1b\n|-activate|p1a: Tyranitar|move: Protect\n|-damage|p1b: Amoonguss|1\/100\n|move|p1b: Amoonguss|Spore|p2b: Flutter Mane\n|-status|p2b: Flutter Mane|slp|[from] move: Spore\n|\n|-heal|p1b: Amoonguss|7\/100|[from] item: Leftovers\n|upkeep\n|turn|7\n|\n|t:|1682438578\n|move|p1b: Amoonguss|Rage Powder|p1b: Amoonguss\n|-singleturn|p1b: Amoonguss|move: Rage Powder\n|move|p2a: Roaring Moon|Throat Chop|p1b: Amoonguss\n|-damage|p1b: Amoonguss|0 fnt\n|faint|p1b: Amoonguss\n|move|p1a: Tyranitar|Dragon Dance|p1a: Tyranitar\n|-boost|p1a: Tyranitar|atk|1\n|-boost|p1a: Tyranitar|spe|1\n|cant|p2b: Flutter Mane|slp\n|\n|upkeep\n|\n|t:|1682438588\n|switch|p1b: Chi-Yu|Chi-Yu, L50|100\/100\n|-ability|p1b: Chi-Yu|Beads of Ruin\n|turn|8\n|\n|t:|1682438597\n|move|p1b: Chi-Yu|Heat Wave|p2a: Roaring Moon|[spread] p2a\n|-miss|p1b: Chi-Yu|p2b: Flutter Mane\n|-resisted|p2a: Roaring Moon\n|-damage|p2a: Roaring Moon|74\/100\n|-status|p2a: Roaring Moon|brn\n|move|p1a: Tyranitar|Rock Slide|p2a: Roaring Moon|[spread] p2a,p2b\n|-crit|p2b: Flutter Mane\n|-damage|p2a: Roaring Moon|14\/100 brn\n|-damage|p2b: Flutter Mane|3\/100 slp\n|move|p2a: Roaring Moon|Acrobatics|p1b: Chi-Yu\n|-damage|p1b: Chi-Yu|55\/100\n|cant|p2b: Flutter Mane|slp\n|\n|-damage|p2a: Roaring Moon|8\/100 brn|[from] brn\n|upkeep\n|turn|9\n|\n|t:|1682438617\n|move|p1b: Chi-Yu|Heat Wave|p2a: Roaring Moon|[spread] p2a,p2b\n|-resisted|p2a: Roaring Moon\n|-damage|p2a: Roaring Moon|0 fnt\n|-damage|p2b: Flutter Mane|0 fnt\n|faint|p2a: Roaring Moon\n|-end|p2a: Roaring Moon|Protosynthesis|[silent]\n|faint|p2b: Flutter Mane\n|-end|p2b: Flutter Mane|Protosynthesis|[silent]\n|\n|win|pupulovessixsheep\n|raw|pupulovessixsheep's rating: 1312 → 1333<\/strong> (+21 for winning)\n|raw|oscraft89's rating: 1321 → 1300<\/strong> (-21 for losing)\n|l|\u2606oscraft89\n","uploadtime":1682438628,"views":10,"p1id":"pupulovessixsheep","p2id":"oscraft89","formatid":"gen9vgc2023regulationc","rating":1300,"private":0,"password":""}