{"id":"gen9vgc2023regulationc-1846480844","p1":"Enwkqoeken","p2":"Ricardo Randorez","format":"[Gen 9] VGC 2023 Regulation C","log":"|j|\u2606Enwkqoeken\n|j|\u2606Ricardo Randorez\n|t:|1681844405\n|gametype|doubles\n|player|p1|Enwkqoeken|265|1149\n|player|p2|Ricardo Randorez|102|1214\n|teamsize|p1|6\n|teamsize|p2|6\n|gen|9\n|tier|[Gen 9] VGC 2023 Regulation C\n|rated|\n|rule|Species Clause: Limit one of each Pok\u00e9mon\n|rule|Item Clause: Limit one of each item\n|clearpoke\n|poke|p1|Gyarados, L50, M|\n|poke|p1|Dragapult, L50, F|\n|poke|p1|Chi-Yu, L50|\n|poke|p1|Flutter Mane, L50|\n|poke|p1|Grimmsnarl, L50, M|\n|poke|p1|Amoonguss, L50, M|\n|poke|p2|Gyarados, L50, M|\n|poke|p2|Arcanine, L50, M|\n|poke|p2|Dragonite, L50, F|\n|poke|p2|Flutter Mane, L50|\n|poke|p2|Iron Jugulis, L50|\n|poke|p2|Chien-Pao, L50|\n|teampreview|4\n|inactive|Battle timer is ON: inactive players will automatically lose when time's up. (requested by Enwkqoeken)\n|inactive|Enwkqoeken has 60 seconds left.\n|inactive|Ricardo Randorez has 60 seconds left.\n|\n|t:|1681844462\n|start\n|switch|p1a: Amoonguss|Amoonguss, L50, M|100\/100\n|switch|p1b: Dragapult|Dragapult, L50, F|100\/100\n|switch|p2a: Iron Jugulis|Iron Jugulis, L50|100\/100\n|switch|p2b: Flutter Mane|Flutter Mane, L50|100\/100\n|-enditem|p2a: Iron Jugulis|Booster Energy\n|-activate|p2a: Iron Jugulis|ability: Quark Drive|[fromitem]\n|-start|p2a: Iron Jugulis|quarkdrivespe\n|turn|1\n|inactive|Ricardo Randorez has 30 seconds left.\n|\n|t:|1681844487\n|-terastallize|p1b: Dragapult|Steel\n|move|p2a: Iron Jugulis|Tailwind|p2a: Iron Jugulis\n|-sidestart|p2: Ricardo Randorez|move: Tailwind\n|move|p2b: Flutter Mane|Shadow Ball|p1b: Dragapult\n|-damage|p1b: Dragapult|27\/100\n|-damage|p2b: Flutter Mane|91\/100|[from] item: Life Orb\n|move|p1b: Dragapult|Dragon Dance|p1b: Dragapult\n|-boost|p1b: Dragapult|atk|1\n|-boost|p1b: Dragapult|spe|1\n|move|p1a: Amoonguss|Spore|p2b: Flutter Mane\n|-status|p2b: Flutter Mane|slp|[from] move: Spore\n|\n|upkeep\n|turn|2\n|inactive|Enwkqoeken has 30 seconds left.\n|\n|t:|1681844514\n|cant|p2b: Flutter Mane|slp\n|move|p1a: Amoonguss|Rage Powder|p1a: Amoonguss\n|-singleturn|p1a: Amoonguss|move: Rage Powder\n|move|p2a: Iron Jugulis|Air Slash|p1a: Amoonguss\n|-supereffective|p1a: Amoonguss\n|-damage|p1a: Amoonguss|43\/100\n|-enditem|p1a: Amoonguss|Sitrus Berry|[eat]\n|-heal|p1a: Amoonguss|68\/100|[from] item: Sitrus Berry\n|move|p1b: Dragapult|Dragon Darts|p2a: Iron Jugulis\n|-damage|p2a: Iron Jugulis|44\/100\n|-anim|p1b: Dragapult|Dragon Darts|p2a: Iron Jugulis\n|-damage|p2a: Iron Jugulis|0 fnt\n|faint|p2a: Iron Jugulis\n|-end|p2a: Iron Jugulis|Quark Drive|[silent]\n|-damage|p1b: Dragapult|17\/100|[from] item: Life Orb\n|\n|upkeep\n|\n|t:|1681844538\n|switch|p2a: Chien-Pao|Chien-Pao, L50|100\/100\n|-ability|p2a: Chien-Pao|Sword of Ruin\n|turn|3\n|\n|t:|1681844548\n|move|p1a: Amoonguss|Rage Powder|p1a: Amoonguss\n|-singleturn|p1a: Amoonguss|move: Rage Powder\n|move|p2a: Chien-Pao|Ice Spinner|p1a: Amoonguss\n|-supereffective|p1a: Amoonguss\n|-damage|p1a: Amoonguss|0 fnt\n|faint|p1a: Amoonguss\n|-curestatus|p2b: Flutter Mane|slp|[msg]\n|move|p2b: Flutter Mane|Shadow Ball|p1b: Dragapult\n|-damage|p1b: Dragapult|0 fnt\n|faint|p1b: Dragapult\n|-damage|p2b: Flutter Mane|81\/100|[from] item: Life Orb\n|\n|upkeep\n|n|\u2606Enwkqoeken|enwkqoeken\n|inactive|Enwkqoeken has 30 seconds left.\n|c|\u2606Enwkqoeken|Gg rng\n|\n|t:|1681844578\n|switch|p1b: Flutter Mane|Flutter Mane, L50|100\/100\n|switch|p1a: Gyarados|Gyarados, L50, M|100\/100\n|-ability|p1a: Gyarados|Intimidate|boost\n|-unboost|p2a: Chien-Pao|atk|1\n|-unboost|p2b: Flutter Mane|atk|1\n|turn|4\n|\n|t:|1681844594\n|move|p2a: Chien-Pao|Protect|p2a: Chien-Pao\n|-singleturn|p2a: Chien-Pao|Protect\n|move|p2b: Flutter Mane|Thunderbolt|p1a: Gyarados\n|-supereffective|p1a: Gyarados\n|-damage|p1a: Gyarados|0 fnt\n|faint|p1a: Gyarados\n|-damage|p2b: Flutter Mane|71\/100|[from] item: Life Orb\n|move|p1b: Flutter Mane|Dazzling Gleam|p2a: Chien-Pao|[spread] p2b\n|-activate|p2a: Chien-Pao|move: Protect\n|-damage|p2b: Flutter Mane|37\/100\n|\n|-sideend|p2: Ricardo Randorez|move: Tailwind\n|upkeep\n|turn|5\n|c|\u2606Enwkqoeken|Must feel nice winning with luck\n|\n|t:|1681844611\n|move|p2a: Chien-Pao|Sucker Punch|p1b: Flutter Mane\n|-damage|p1b: Flutter Mane|31\/100\n|move|p2b: Flutter Mane|Shadow Ball|p1b: Flutter Mane\n|-supereffective|p1b: Flutter Mane\n|-damage|p1b: Flutter Mane|0 fnt\n|faint|p1b: Flutter Mane\n|-end|p1b: Flutter Mane|Protosynthesis|[silent]\n|-damage|p2b: Flutter Mane|27\/100|[from] item: Life Orb\n|\n|win|Ricardo Randorez\n|raw|Enwkqoeken's rating: 1149 → 1129<\/strong> (-20 for losing)\n|raw|Ricardo Randorez's rating: 1214 → 1234<\/strong> (+20 for winning)\n|c|\u2606Enwkqoeken|And he wins the speed tir\n","uploadtime":1681844621,"views":11,"p1id":"enwkqoeken","p2id":"ricardorandorez","formatid":"gen9vgc2023regulationc","rating":1129,"private":0,"password":""}