{"id":"gen9vgc2023regulationc-1848999730","p1":"Matox","p2":"SweetSerenityGrace","format":"[Gen 9] VGC 2023 Regulation C","log":"|j|\u2606Matox\n|j|\u2606SweetSerenityGrace\n|t:|1682136861\n|gametype|doubles\n|player|p1|Matox|265|1103\n|player|p2|SweetSerenityGrace|iris-gen5bw2|1000\n|teamsize|p1|6\n|teamsize|p2|6\n|gen|9\n|tier|[Gen 9] VGC 2023 Regulation C\n|rated|\n|rule|Species Clause: Limit one of each Pok\u00e9mon\n|rule|Item Clause: Limit one of each item\n|clearpoke\n|poke|p1|Indeedee-F, L50, F|\n|poke|p1|Armarouge, L50, F|\n|poke|p1|Torkoal, L50, M|\n|poke|p1|Hatterene, L50, F|\n|poke|p1|Kingambit, L50, M|\n|poke|p1|Annihilape, L50, M|\n|poke|p2|Flutter Mane, L50|\n|poke|p2|Chi-Yu, L50|\n|poke|p2|Chien-Pao, L50|\n|poke|p2|Dragonite, L50, F|\n|poke|p2|Grimmsnarl, L50, M|\n|poke|p2|Amoonguss, L50, F|\n|teampreview|4\nMatox has agreed to open team sheets.\nSweetSerenityGrace has agreed to open team sheets.\n|inactive|Battle timer is ON: inactive players will automatically lose when time's up. (requested by SweetSerenityGrace)\n|\n|t:|1682136930\n|start\n|switch|p1a: Indeedee|Indeedee-F, L50, F|100\/100\n|switch|p1b: Annihilape|Annihilape, L50, M|100\/100\n|switch|p2a: Big Missy|Flutter Mane, L50|100\/100\n|switch|p2b: Grimmsnarl|Grimmsnarl, L50, M|100\/100\n|-fieldstart|move: Psychic Terrain|[from] ability: Psychic Surge|[of] p1a: Indeedee\n|-enditem|p1a: Indeedee|Psychic Seed\n|-boost|p1a: Indeedee|spd|1|[from] item: Psychic Seed\n|-enditem|p2a: Big Missy|Booster Energy\n|-activate|p2a: Big Missy|ability: Protosynthesis|[fromitem]\n|-start|p2a: Big Missy|protosynthesisspe\n|turn|1\n|inactive|SweetSerenityGrace has 30 seconds left.\n|\n|t:|1682136957\n|move|p2a: Big Missy|Protect|p2a: Big Missy\n|-singleturn|p2a: Big Missy|Protect\n|move|p2b: Grimmsnarl|Reflect|p2b: Grimmsnarl\n|-sidestart|p2: SweetSerenityGrace|Reflect\n|move|p1b: Annihilape|Final Gambit|p2b: Grimmsnarl\n|-damage|p2b: Grimmsnarl|0 fnt\n|faint|p1b: Annihilape\n|faint|p2b: Grimmsnarl\n|move|p1a: Indeedee|Trick Room|p1a: Indeedee\n|-fieldstart|move: Trick Room|[of] p1a: Indeedee\n|\n|upkeep\n|\n|t:|1682136976\n|switch|p2b: Dragonite|Dragonite, L50, F|100\/100\n|switch|p1b: Armarouge|Armarouge, L50, F|100\/100\n|turn|2\n|inactive|SweetSerenityGrace has 30 seconds left.\n|\n|t:|1682137006\n|-terastallize|p2b: Dragonite|Normal\n|move|p1a: Indeedee|Follow Me|p1a: Indeedee\n|-singleturn|p1a: Indeedee|move: Follow Me\n|move|p1b: Armarouge|Expanding Force|p2b: Dragonite|[spread] p2a,p2b\n|-damage|p2a: Big Missy|20\/100\n|-damage|p2b: Dragonite|67\/100\n|move|p2b: Dragonite|Ice Spinner|p1a: Indeedee\n|-damage|p1a: Indeedee|68\/100\n|-fieldend|move: Psychic Terrain\n|move|p2a: Big Missy|Trick Room|p2a: Big Missy\n|-fieldend|move: Trick Room\n|\n|upkeep\n|turn|3\n|inactive|Matox has 30 seconds left.\n|inactive|SweetSerenityGrace has 30 seconds left.\n|\n|t:|1682137035\n|switch|p1b: Hatterene|Hatterene, L50, F|100\/100\n|move|p2b: Dragonite|Extreme Speed|p1b: Hatterene\n|-damage|p1b: Hatterene|51\/100\n|move|p2a: Big Missy|Dazzling Gleam|p1a: Indeedee|[spread] p1a,p1b\n|-damage|p1a: Indeedee|47\/100\n|-damage|p1b: Hatterene|16\/100\n|move|p1a: Indeedee|Trick Room|p1a: Indeedee\n|-fieldstart|move: Trick Room|[of] p1a: Indeedee\n|\n|upkeep\n|turn|4\n|\n|t:|1682137048\n|move|p2a: Big Missy|Protect|p2a: Big Missy\n|-singleturn|p2a: Big Missy|Protect\n|move|p1b: Hatterene|Dazzling Gleam|p2a: Big Missy|[spread] p2b\n|-activate|p2a: Big Missy|move: Protect\n|-damage|p2b: Dragonite|24\/100\n|-damage|p1b: Hatterene|7\/100|[from] item: Life Orb\n|move|p1a: Indeedee|Dazzling Gleam|p2b: Dragonite|[spread] p2b\n|-activate|p2a: Big Missy|move: Protect\n|-damage|p2b: Dragonite|11\/100\n|move|p2b: Dragonite|Dragon Dance|p2b: Dragonite\n|-boost|p2b: Dragonite|atk|1\n|-boost|p2b: Dragonite|spe|1\n|\n|upkeep\n|turn|5\n|inactive|Matox has 30 seconds left.\n|inactive|SweetSerenityGrace has 30 seconds left.\n|inactive|Matox has 20 seconds left.\n|\n|t:|1682137086\n|move|p2b: Dragonite|Extreme Speed|p1b: Hatterene\n|-crit|p1b: Hatterene\n|-damage|p1b: Hatterene|0 fnt\n|faint|p1b: Hatterene\n|move|p1a: Indeedee|Dazzling Gleam|p2b: Dragonite|[spread] p2a,p2b\n|-damage|p2a: Big Missy|7\/100\n|-damage|p2b: Dragonite|0 fnt\n|faint|p2b: Dragonite\n|move|p2a: Big Missy|Dazzling Gleam|p1a: Indeedee\n|-damage|p1a: Indeedee|18\/100\n|\n|upkeep\n|\n|t:|1682137097\n|switch|p1b: Armarouge|Armarouge, L50, F|100\/100\n|switch|p2b: Chi-Yu|Chi-Yu, L50|100\/100\n|-ability|p2b: Chi-Yu|Beads of Ruin\n|turn|6\n|\n|t:|1682137111\n|move|p2a: Big Missy|Protect|p2a: Big Missy\n|-singleturn|p2a: Big Missy|Protect\n|move|p1b: Armarouge|Armor Cannon|p2b: Chi-Yu\n|-resisted|p2b: Chi-Yu\n|-damage|p2b: Chi-Yu|78\/100\n|-unboost|p1b: Armarouge|def|1\n|-unboost|p1b: Armarouge|spd|1\n|move|p1a: Indeedee|Dazzling Gleam|p2a: Big Missy|[spread] p2b\n|-activate|p2a: Big Missy|move: Protect\n|-damage|p2b: Chi-Yu|69\/100\n|move|p2b: Chi-Yu|Dark Pulse|p1a: Indeedee\n|-supereffective|p1a: Indeedee\n|-damage|p1a: Indeedee|0 fnt\n|faint|p1a: Indeedee\n|\n|-heal|p2b: Chi-Yu|75\/100|[from] item: Leftovers\n|upkeep\n|turn|7\n|inactive|SweetSerenityGrace has 30 seconds left.\n|\n|t:|1682137141\n|-terastallize|p1b: Armarouge|Grass\n|move|p1b: Armarouge|Expanding Force|p2a: Big Missy\n|-damage|p2a: Big Missy|0 fnt\n|faint|p2a: Big Missy\n|-end|p2a: Big Missy|Protosynthesis|[silent]\n|move|p2b: Chi-Yu|Dark Pulse|p1b: Armarouge\n|-damage|p1b: Armarouge|18\/100\n|\n|-heal|p2b: Chi-Yu|81\/100|[from] item: Leftovers\n|-fieldend|move: Trick Room\n|upkeep\n|turn|8\n|\n|t:|1682137152\n|move|p2b: Chi-Yu|Dark Pulse|p1b: Armarouge\n|-damage|p1b: Armarouge|0 fnt\n|faint|p1b: Armarouge\n|\n|win|SweetSerenityGrace\n|raw|Matox's rating: 1103 → 1071<\/strong> (-32 for losing)\n|raw|SweetSerenityGrace's rating: 1000 → 1052<\/strong> (+52 for winning)\n","uploadtime":1682137163,"views":12,"p1id":"matox","p2id":"sweetserenitygrace","formatid":"gen9vgc2023regulationc","rating":1052,"private":0,"password":""}