{"id":"gen9vgc2023regulationc-1859071263","p1":"Nightfront","p2":"SpadesHS","format":"[Gen 9] VGC 2023 Regulation C","log":"|j|\u2606Nightfront\n|j|\u2606SpadesHS\n|t:|1683401010\n|gametype|doubles\n|player|p1|Nightfront|winona-gen6|\n|player|p2|SpadesHS|n|\n|teamsize|p1|6\n|teamsize|p2|6\n|gen|9\n|tier|[Gen 9] VGC 2023 Regulation C\n|rule|Species Clause: Limit one of each Pok\u00e9mon\n|rule|Item Clause: Limit one of each item\n|clearpoke\n|poke|p1|Iron Treads, L50|\n|poke|p1|Hydreigon, L50, M|\n|poke|p1|Pawmot, L50, M|\n|poke|p1|Slowking, L50, F|\n|poke|p1|Arboliva, L50, M|\n|poke|p1|Glalie, L50, M|\n|poke|p2|Amoonguss, L50, M|\n|poke|p2|Palafin, L50, M|\n|poke|p2|Arcanine, L50, F|\n|poke|p2|Ting-Lu, L50|\n|poke|p2|Kingambit, L50, M|\n|poke|p2|Flutter Mane, L50|\n|teampreview|4\n|\n|t:|1683401045\n|start\n|switch|p1a: Iron Treads|Iron Treads, L50|100\/100\n|switch|p1b: Hydreigon|Hydreigon, L50, M|100\/100\n|switch|p2a: Timeline|Flutter Mane, L50|100\/100\n|switch|p2b: Imposter|Amoonguss, L50, M|100\/100\n|turn|1\n|\n|t:|1683401054\n|-terastallize|p1b: Hydreigon|Fire\n|move|p2b: Imposter|Rage Powder|p2b: Imposter\n|-singleturn|p2b: Imposter|move: Rage Powder\n|move|p1a: Iron Treads|Iron Head|p2b: Imposter\n|-damage|p2b: Imposter|68\/100\n|move|p2a: Timeline|Shadow Ball|p1a: Iron Treads\n|-damage|p1a: Iron Treads|10\/100\n|move|p1b: Hydreigon|Heat Wave|p2b: Imposter|[spread] p2a,p2b\n|-supereffective|p2b: Imposter\n|-damage|p2a: Timeline|63\/100\n|-damage|p2b: Imposter|2\/100\n|-enditem|p2b: Imposter|Sitrus Berry|[eat]\n|-heal|p2b: Imposter|27\/100|[from] item: Sitrus Berry\n|\n|upkeep\n|turn|2\n|\n|t:|1683401080\n|move|p2b: Imposter|Rage Powder|p2b: Imposter\n|-singleturn|p2b: Imposter|move: Rage Powder\n|move|p1a: Iron Treads|Iron Head|p2b: Imposter\n|-damage|p2b: Imposter|0 fnt\n|faint|p2b: Imposter\n|move|p2a: Timeline|Shadow Ball|p1b: Hydreigon\n|-damage|p1b: Hydreigon|61\/100\n|move|p1b: Hydreigon|Draco Meteor|p2a: Timeline\n|-immune|p2a: Timeline\n|\n|upkeep\n|\n|t:|1683401089\n|switch|p2b: Magnus|Kingambit, L50, M|100\/100\n|turn|3\n|\n|t:|1683401101\n|-end|p1a: Iron Treads|Quark Drive|[silent]\n|switch|p1a: Pawmot|Pawmot, L50, M|100\/100\n|-end|p2a: Timeline|Protosynthesis|[silent]\n|switch|p2a: Tiki|Ting-Lu, L50|100\/100\n|-ability|p2a: Tiki|Vessel of Ruin\n|-terastallize|p2b: Magnus|Dark\n|move|p2b: Magnus|Sucker Punch||[still]\n|-fail|p2b: Magnus\n|move|p1b: Hydreigon|Flash Cannon|p2a: Tiki\n|-damage|p2a: Tiki|89\/100\n|\n|upkeep\n|turn|4\n|\n|t:|1683401125\n|move|p2b: Magnus|Sucker Punch|p1b: Hydreigon\n|-damage|p1b: Hydreigon|0 fnt\n|faint|p1b: Hydreigon\n|move|p1a: Pawmot|Close Combat|p2b: Magnus\n|-supereffective|p2b: Magnus\n|-damage|p2b: Magnus|11\/100\n|-unboost|p1a: Pawmot|def|1\n|-unboost|p1a: Pawmot|spd|1\n|move|p2a: Tiki|Stomping Tantrum|p1a: Pawmot\n|-supereffective|p1a: Pawmot\n|-enditem|p1a: Pawmot|Focus Sash\n|-damage|p1a: Pawmot|1\/100\n|\n|upkeep\n|\n|t:|1683401131\n|switch|p1b: Glalie|Glalie, L50, M|100\/100\n|turn|5\n|\n|t:|1683401144\n|move|p2b: Magnus|Sucker Punch||[still]\n|-fail|p2b: Magnus\n|move|p1a: Pawmot|Revival Blessing|p1a: Pawmot\n|\n|t:|1683401147\n|-heal|p1: Hydreigon|50\/100|[from] move: Revival Blessing\n|move|p1b: Glalie|Substitute|p1b: Glalie\n|-start|p1b: Glalie|Substitute\n|-damage|p1b: Glalie|76\/100\n|move|p2a: Tiki|Heavy Slam|p1b: Glalie\n|-supereffective|p1b: Glalie\n|-end|p1b: Glalie|Substitute\n|\n|-heal|p1b: Glalie|82\/100|[from] item: Leftovers\n|-ability|p1b: Glalie|Moody|boost\n|-boost|p1b: Glalie|def|2\n|-unboost|p1b: Glalie|spe|1\n|upkeep\n|turn|6\n|\n|t:|1683401165\n|move|p2b: Magnus|Sucker Punch|p1a: Pawmot\n|-resisted|p1a: Pawmot\n|-damage|p1a: Pawmot|0 fnt\n|faint|p1a: Pawmot\n|move|p2a: Tiki|Heavy Slam|p1b: Glalie\n|-supereffective|p1b: Glalie\n|-damage|p1b: Glalie|65\/100\n|move|p1b: Glalie|Freeze-Dry|p2b: Magnus\n|-damage|p2b: Magnus|0 fnt\n|faint|p2b: Magnus\n|\n|-heal|p1b: Glalie|71\/100|[from] item: Leftovers\n|-ability|p1b: Glalie|Moody|boost\n|-boost|p1b: Glalie|spd|2\n|-unboost|p1b: Glalie|spa|1\n|upkeep\n|\n|t:|1683401175\n|switch|p1a: Hydreigon|Hydreigon, L50, M|50\/100\n|switch|p2b: Timeline|Flutter Mane, L50|63\/100\n|turn|7\n|\n|t:|1683401187\n|move|p2b: Timeline|Dazzling Gleam|p1b: Glalie|[spread] p1a,p1b\n|-supereffective|p1a: Hydreigon\n|-crit|p1a: Hydreigon\n|-damage|p1a: Hydreigon|0 fnt\n|-damage|p1b: Glalie|51\/100\n|faint|p1a: Hydreigon\n|move|p2a: Tiki|Ruination|p1b: Glalie\n|-damage|p1b: Glalie|26\/100\n|move|p1b: Glalie|Substitute|p1b: Glalie\n|-start|p1b: Glalie|Substitute\n|-damage|p1b: Glalie|2\/100\n|\n|-heal|p1b: Glalie|7\/100|[from] item: Leftovers\n|-ability|p1b: Glalie|Moody|boost\n|-boost|p1b: Glalie|spe|2\n|-unboost|p1b: Glalie|def|1\n|upkeep\n|\n|t:|1683401191\n|switch|p1a: Iron Treads|Iron Treads, L50|10\/100\n|turn|8\n|\n|t:|1683401198\n|move|p1a: Iron Treads|Protect|p1a: Iron Treads\n|-singleturn|p1a: Iron Treads|Protect\n|move|p1b: Glalie|Protect|p1b: Glalie\n|-singleturn|p1b: Glalie|Protect\n|move|p2b: Timeline|Dazzling Gleam|p1a: Iron Treads|[spread] \n|-activate|p1a: Iron Treads|move: Protect\n|-activate|p1b: Glalie|move: Protect\n|move|p2a: Tiki|Earthquake|p1a: Iron Treads|[spread] p2b\n|-activate|p1a: Iron Treads|move: Protect\n|-activate|p1b: Glalie|move: Protect\n|-damage|p2b: Timeline|7\/100\n|\n|-heal|p1b: Glalie|13\/100|[from] item: Leftovers\n|-ability|p1b: Glalie|Moody|boost\n|-boost|p1b: Glalie|spe|2\n|-unboost|p1b: Glalie|def|1\n|upkeep\n|turn|9\n|\n|t:|1683401208\n|move|p1b: Glalie|Sheer Cold|p2a: Tiki\n|-damage|p2a: Tiki|0 fnt\n|faint|p2a: Tiki\n|-ohko\n|move|p1a: Iron Treads|Iron Head|p2b: Timeline\n|-supereffective|p2b: Timeline\n|-damage|p2b: Timeline|0 fnt\n|faint|p2b: Timeline\n|-end|p2b: Timeline|Protosynthesis|[silent]\n|\n|win|Nightfront\n","uploadtime":1683401350,"views":12,"p1id":"nightfront","p2id":"spadeshs","formatid":"gen9vgc2023regulationc","rating":0,"private":0,"password":""}