{"id":"gen9vgc2023regulationc-1860890481","p1":"bway","p2":"Soda49","format":"[Gen 9] VGC 2023 Regulation C","log":"|j|\u2606bway\n|j|\u2606Soda49\n|t:|1683691168\n|gametype|doubles\n|player|p1|bway|hilda|1154\n|player|p2|Soda49|170|1139\n|teamsize|p1|6\n|teamsize|p2|6\n|gen|9\n|tier|[Gen 9] VGC 2023 Regulation C\n|rated|\n|rule|Species Clause: Limit one of each Pok\u00e9mon\n|rule|Item Clause: Limit one of each item\n|clearpoke\n|poke|p1|Kingambit, L50, M|\n|poke|p1|Torkoal, L50, M|\n|poke|p1|Flutter Mane, L50|\n|poke|p1|Jumpluff, L50, F|\n|poke|p1|Great Tusk, L50|\n|poke|p1|Chien-Pao, L50|\n|poke|p2|Pawmot, L50, F|\n|poke|p2|Tatsugiri, L50, M|\n|poke|p2|Dondozo, L50, M|\n|poke|p2|Gholdengo, L50|\n|poke|p2|Volcarona, L50, F|\n|poke|p2|Chi-Yu, L50|\n|teampreview|4\nbway has agreed to open team sheets.\n|inactive|Battle timer is ON: inactive players will automatically lose when time's up. (requested by Soda49)\n|\n|t:|1683691204\n|start\n|switch|p1a: Jumpluff|Jumpluff, L50, F|100\/100\n|switch|p1b: Torkoal|Torkoal, L50, M|100\/100\n|switch|p2a: Pawmot|Pawmot, L50, F|100\/100\n|switch|p2b: Dondozo|Dondozo, L50, M|100\/100\n|-weather|SunnyDay|[from] ability: Drought|[of] p1b: Torkoal\n|turn|1\n|inactive|Soda49 has 30 seconds left.\n|\n|t:|1683691229\n|move|p2a: Pawmot|Fake Out|p1a: Jumpluff\n|-damage|p1a: Jumpluff|88\/100\n|move|p1a: Jumpluff|Tailwind|p1a: Jumpluff\n|-sidestart|p1: bway|move: Tailwind\n|move|p2b: Dondozo|Wave Crash|p1b: Torkoal\n|-supereffective|p1b: Torkoal\n|-damage|p1b: Torkoal|70\/100\n|-damage|p2b: Dondozo|93\/100|[from] Recoil\n|move|p1b: Torkoal|Overheat|p2b: Dondozo\n|-resisted|p2b: Dondozo\n|-damage|p2b: Dondozo|50\/100\n|-unboost|p1b: Torkoal|spa|2\n|-enditem|p1b: Torkoal|Eject Pack\n|\n|t:|1683691243\n|switch|p1b: Flutter Mane|Flutter Mane, L50|100\/100\n|-activate|p1b: Flutter Mane|ability: Protosynthesis\n|-start|p1b: Flutter Mane|protosynthesisspe\n|\n|-weather|SunnyDay|[upkeep]\n|-heal|p2b: Dondozo|56\/100|[from] item: Leftovers\n|upkeep\n|turn|2\n|\n|t:|1683691254\n|switch|p2a: Tatsugiri|Tatsugiri, L50, M|100\/100\n|-activate|p2a: Tatsugiri|ability: Commander|[of] p2b: Dondozo\n|-boost|p2b: Dondozo|atk|2\n|-boost|p2b: Dondozo|spa|2\n|-boost|p2b: Dondozo|spe|2\n|-boost|p2b: Dondozo|def|2\n|-boost|p2b: Dondozo|spd|2\n|-terastallize|p1b: Flutter Mane|Fairy\n|move|p2b: Dondozo|Protect|p2b: Dondozo\n|-singleturn|p2b: Dondozo|Protect\n|move|p1a: Jumpluff|Encore|p2a: Tatsugiri|[miss]\n|-miss|p1a: Jumpluff|p2a: Tatsugiri\n|move|p1b: Flutter Mane|Moonblast|p2b: Dondozo\n|-activate|p2b: Dondozo|move: Protect\n|\n|-weather|SunnyDay|[upkeep]\n|-heal|p2b: Dondozo|62\/100|[from] item: Leftovers\n|upkeep\n|turn|3\n|inactive|Soda49 has 30 seconds left.\n|\n|t:|1683691280\n|move|p1a: Jumpluff|Sleep Powder|p2b: Dondozo\n|-status|p2b: Dondozo|slp|[from] move: Sleep Powder\n|move|p1b: Flutter Mane|Moonblast|p2b: Dondozo\n|-damage|p2b: Dondozo|15\/100 slp\n|-unboost|p2b: Dondozo|spa|1\n|cant|p2b: Dondozo|slp\n|\n|-weather|SunnyDay|[upkeep]\n|-heal|p2b: Dondozo|21\/100 slp|[from] item: Leftovers\n|upkeep\n|turn|4\n|\n|t:|1683691291\n|cant|p2b: Dondozo|slp\n|move|p1a: Jumpluff|Leaf Storm|p2b: Dondozo\n|-supereffective|p2b: Dondozo\n|-damage|p2b: Dondozo|0 fnt\n|-unboost|p1a: Jumpluff|spa|2\n|faint|p2b: Dondozo\n|move|p1b: Flutter Mane|Moonblast|p2a: Tatsugiri\n|-supereffective|p2a: Tatsugiri\n|-crit|p2a: Tatsugiri\n|-damage|p2a: Tatsugiri|0 fnt\n|faint|p2a: Tatsugiri\n|\n|-weather|SunnyDay|[upkeep]\n|-sideend|p1: bway|move: Tailwind\n|upkeep\n|\n|t:|1683691299\n|switch|p2a: Pawmot|Pawmot, L50, F|100\/100\n|switch|p2b: Volcarona|Volcarona, L50, F|100\/100\n|turn|5\n|\n|t:|1683691314\n|-terastallize|p2a: Pawmot|Electric\n|move|p1a: Jumpluff|Sleep Powder|p2b: Volcarona\n|-status|p2b: Volcarona|slp|[from] move: Sleep Powder\n|move|p1b: Flutter Mane|Moonblast|p2a: Pawmot\n|-enditem|p2a: Pawmot|Focus Sash\n|-damage|p2a: Pawmot|1\/100\n|-unboost|p2a: Pawmot|spa|1\n|move|p2a: Pawmot|Double Shock|p1b: Flutter Mane\n|-damage|p1b: Flutter Mane|0 fnt\n|-start|p2a: Pawmot|typechange|Electric|[from] move: Double Shock\n|faint|p1b: Flutter Mane\n|-end|p1b: Flutter Mane|Protosynthesis|[silent]\n|cant|p2b: Volcarona|slp\n|\n|-weather|none\n|upkeep\n|\n|t:|1683691328\n|switch|p1b: Great Tusk|Great Tusk, L50|100\/100\n|turn|6\n|\n|t:|1683691341\n|move|p1b: Great Tusk|Headlong Rush|p2b: Volcarona\n|-damage|p2b: Volcarona|44\/100 slp\n|-unboost|p1b: Great Tusk|def|1\n|-unboost|p1b: Great Tusk|spd|1\n|-enditem|p2b: Volcarona|Sitrus Berry|[eat]\n|-heal|p2b: Volcarona|69\/100 slp|[from] item: Sitrus Berry\n|move|p2a: Pawmot|Revival Blessing|p2a: Pawmot\n|\n|t:|1683691350\n|-heal|p2: Tatsugiri|50\/100|[from] move: Revival Blessing\n|move|p1a: Jumpluff|Leaf Storm|p2a: Pawmot\n|-damage|p2a: Pawmot|0 fnt\n|-unboost|p1a: Jumpluff|spa|2\n|faint|p2a: Pawmot\n|cant|p2b: Volcarona|slp\n|\n|upkeep\n|\n|t:|1683691355\n|switch|p2a: Tatsugiri|Tatsugiri, L50, M|50\/100\n|turn|7\n|inactive|Soda49 has 30 seconds left.\n|\n|t:|1683691383\n|move|p1b: Great Tusk|Headlong Rush|p2b: Volcarona\n|-damage|p2b: Volcarona|11\/100 slp\n|-unboost|p1b: Great Tusk|def|1\n|-unboost|p1b: Great Tusk|spd|1\n|-status|p1b: Great Tusk|brn|[from] ability: Flame Body|[of] p2b: Volcarona\n|move|p2a: Tatsugiri|Muddy Water|p1a: Jumpluff|[spread] p1a,p1b\n|-resisted|p1a: Jumpluff\n|-supereffective|p1b: Great Tusk\n|-damage|p1a: Jumpluff|70\/100\n|-damage|p1b: Great Tusk|0 fnt\n|faint|p1b: Great Tusk\n|-end|p1b: Great Tusk|Protosynthesis|[silent]\n|move|p1a: Jumpluff|Tailwind|p1a: Jumpluff\n|-sidestart|p1: bway|move: Tailwind\n|cant|p2b: Volcarona|slp\n|\n|upkeep\n|\n|t:|1683691388\n|switch|p1b: Torkoal|Torkoal, L50, M|70\/100\n|-weather|SunnyDay|[from] ability: Drought|[of] p1b: Torkoal\n|turn|8\n|inactive|Soda49 has 30 seconds left.\n|\n|t:|1683691415\n|move|p1a: Jumpluff|Leaf Storm|p2a: Tatsugiri\n|-damage|p2a: Tatsugiri|38\/100\n|-unboost|p1a: Jumpluff|spa|2\n|move|p2a: Tatsugiri|Muddy Water|p1b: Torkoal|[spread] p1a,p1b\n|-resisted|p1a: Jumpluff\n|-supereffective|p1b: Torkoal\n|-damage|p1a: Jumpluff|63\/100\n|-damage|p1b: Torkoal|26\/100\n|-curestatus|p2b: Volcarona|slp|[msg]\n|move|p2b: Volcarona|Struggle Bug|p1a: Jumpluff|[spread] p1a,p1b\n|-resisted|p1b: Torkoal\n|-damage|p1a: Jumpluff|46\/100\n|-damage|p1b: Torkoal|15\/100\n|-unboost|p1b: Torkoal|spa|1\n|move|p1b: Torkoal|Overheat|p2b: Volcarona\n|-damage|p2b: Volcarona|0 fnt\n|-unboost|p1b: Torkoal|spa|2\n|faint|p2b: Volcarona\n|\n|-weather|SunnyDay|[upkeep]\n|upkeep\n|turn|9\n|\n|t:|1683691435\n|move|p1a: Jumpluff|Sleep Powder|p2a: Tatsugiri|[miss]\n|-miss|p1a: Jumpluff|p2a: Tatsugiri\n|move|p2a: Tatsugiri|Muddy Water|p1a: Jumpluff|[spread] p1a,p1b\n|-resisted|p1a: Jumpluff\n|-supereffective|p1b: Torkoal\n|-damage|p1a: Jumpluff|38\/100\n|-damage|p1b: Torkoal|0 fnt\n|faint|p1b: Torkoal\n|\n|-weather|SunnyDay|[upkeep]\n|upkeep\n|turn|10\n|\n|t:|1683691444\n|move|p1a: Jumpluff|Sleep Powder|p2a: Tatsugiri\n|-status|p2a: Tatsugiri|slp|[from] move: Sleep Powder\n|cant|p2a: Tatsugiri|slp\n|\n|-weather|SunnyDay|[upkeep]\n|-sideend|p1: bway|move: Tailwind\n|upkeep\n|turn|11\n|\n|t:|1683691451\n|move|p1a: Jumpluff|Leaf Storm|p2a: Tatsugiri\n|-damage|p2a: Tatsugiri|27\/100 slp\n|-curestatus|p2a: Tatsugiri|slp|[msg]\n|move|p2a: Tatsugiri|Muddy Water|p1a: Jumpluff\n|-resisted|p1a: Jumpluff\n|-crit|p1a: Jumpluff\n|-damage|p1a: Jumpluff|21\/100\n|\n|-weather|SunnyDay|[upkeep]\n|upkeep\n|turn|12\n|\n|t:|1683691462\n|move|p1a: Jumpluff|Sleep Powder|p2a: Tatsugiri\n|-status|p2a: Tatsugiri|slp|[from] move: Sleep Powder\n|cant|p2a: Tatsugiri|slp\n|\n|-weather|none\n|upkeep\n|turn|13\n|\n|t:|1683691466\n|-curestatus|p2a: Tatsugiri|slp|[msg]\n|move|p2a: Tatsugiri|Muddy Water|p1a: Jumpluff|[miss]\n|-miss|p2a: Tatsugiri|p1a: Jumpluff\n|move|p1a: Jumpluff|Leaf Storm|p2a: Tatsugiri|[miss]\n|-miss|p1a: Jumpluff|p2a: Tatsugiri\n|\n|upkeep\n|turn|14\n|\n|t:|1683691478\n|move|p2a: Tatsugiri|Muddy Water|p1a: Jumpluff\n|-resisted|p1a: Jumpluff\n|-damage|p1a: Jumpluff|0 fnt\n|faint|p1a: Jumpluff\n|\n|win|Soda49\n|raw|bway's rating: 1154 → 1128<\/strong> (-26 for losing)\n|raw|Soda49's rating: 1139 → 1165<\/strong> (+26 for winning)\n","uploadtime":1683691482,"views":15,"p1id":"bway","p2id":"soda49","formatid":"gen9vgc2023regulationc","rating":1128,"private":0,"password":""}