{"id":"gen9vgc2023regulationc-1862229182","p1":"stack of pancake","p2":"IcanBoogie","format":"[Gen 9] VGC 2023 Regulation C","log":"|j|\u2606stack of pancake\n|j|\u2606IcanBoogie\n|t:|1683852287\n|gametype|doubles\n|player|p1|stack of pancake|steven|1120\n|player|p2|IcanBoogie|bugcatcher-gen4dp|1196\n|teamsize|p1|6\n|teamsize|p2|6\n|gen|9\n|tier|[Gen 9] VGC 2023 Regulation C\n|rated|\n|rule|Species Clause: Limit one of each Pok\u00e9mon\n|rule|Item Clause: Limit one of each item\n|clearpoke\n|poke|p1|Murkrow, L50, M|\n|poke|p1|Flutter Mane, L50|\n|poke|p1|Great Tusk, L50|\n|poke|p1|Amoonguss, L50, F|\n|poke|p1|Kingambit, L50, M|\n|poke|p1|Arcanine, L50, F|\n|poke|p2|Dragonite, L50, F|\n|poke|p2|Iron Bundle, L50|\n|poke|p2|Chi-Yu, L50|\n|poke|p2|Iron Hands, L50|\n|poke|p2|Great Tusk, L50|\n|poke|p2|Flutter Mane, L50|\n|teampreview|4\n|inactive|Battle timer is ON: inactive players will automatically lose when time's up. (requested by IcanBoogie)\nstack of pancake has agreed to open team sheets.\n|inactive|stack of pancake has 60 seconds left.\n|inactive|IcanBoogie has 60 seconds left.\n|inactive|stack of pancake has 30 seconds left.\nIcanBoogie has agreed to open team sheets.\n|inactive|stack of pancake has 20 seconds left.\n|inactive|stack of pancake has 15 seconds left.\n|inactive|stack of pancake has 10 seconds left.\n|inactive|stack of pancake has 5 seconds left.\n|\n|t:|1683852378\n|start\n|switch|p1a: Flutter Mane|Flutter Mane, L50|100\/100\n|switch|p1b: Murkrow|Murkrow, L50, M|100\/100\n|switch|p2a: Iron Hands|Iron Hands, L50|100\/100\n|switch|p2b: Chi-Yu|Chi-Yu, L50|100\/100\n|-ability|p2b: Chi-Yu|Beads of Ruin\n|turn|1\n|inactive|stack of pancake has 30 seconds left.\n|\n|t:|1683852405\n|-terastallize|p1b: Murkrow|Ghost\n|move|p2a: Iron Hands|Fake Out|p1b: Murkrow\n|-immune|p1b: Murkrow\n|move|p1b: Murkrow|Sunny Day|p1b: Murkrow\n|-weather|SunnyDay\n|-activate|p1a: Flutter Mane|ability: Protosynthesis\n|-start|p1a: Flutter Mane|protosynthesisspa\n|move|p1a: Flutter Mane|Moonblast|p2a: Iron Hands\n|-supereffective|p2a: Iron Hands\n|-damage|p2a: Iron Hands|0 fnt\n|faint|p2a: Iron Hands\n|-end|p2a: Iron Hands|Quark Drive|[silent]\n|move|p2b: Chi-Yu|Heat Wave|p1b: Murkrow|[spread] p1a,p1b\n|-damage|p1a: Flutter Mane|27\/100\n|-enditem|p1b: Murkrow|Focus Sash\n|-damage|p1b: Murkrow|1\/100\n|-status|p1b: Murkrow|brn\n|\n|-weather|SunnyDay|[upkeep]\n|-damage|p1b: Murkrow|0 fnt|[from] brn\n|faint|p1b: Murkrow\n|upkeep\n|inactive|IcanBoogie has 30 seconds left.\n|\n|t:|1683852435\n|switch|p1b: Kingambit|Kingambit, L50, M|100\/100\n|switch|p2a: Flutter Mane|Flutter Mane, L50|100\/100\n|-activate|p2a: Flutter Mane|ability: Protosynthesis\n|-start|p2a: Flutter Mane|protosynthesisspa\n|turn|2\n|inactive|stack of pancake has 30 seconds left.\n|\n|t:|1683852464\n|move|p1a: Flutter Mane|Moonblast|p2b: Chi-Yu\n|-damage|p2b: Chi-Yu|0 fnt\n|faint|p2b: Chi-Yu\n|move|p2a: Flutter Mane|Dazzling Gleam|p1b: Kingambit|[spread] p1a,p1b\n|-damage|p1a: Flutter Mane|0 fnt\n|-damage|p1b: Kingambit|69\/100\n|faint|p1a: Flutter Mane\n|-end|p1a: Flutter Mane|Protosynthesis|[silent]\n|move|p1b: Kingambit|Iron Head|p2a: Flutter Mane\n|-supereffective|p2a: Flutter Mane\n|-damage|p2a: Flutter Mane|0 fnt\n|faint|p2a: Flutter Mane\n|-end|p2a: Flutter Mane|Protosynthesis|[silent]\n|\n|-weather|SunnyDay|[upkeep]\n|upkeep\n|\n|t:|1683852477\n|switch|p1a: Amoonguss|Amoonguss, L50, F|100\/100\n|switch|p2a: Great Tusk|Great Tusk, L50|100\/100\n|-activate|p2a: Great Tusk|ability: Protosynthesis\n|-start|p2a: Great Tusk|protosynthesisatk\n|turn|3\n|inactive|IcanBoogie has 30 seconds left.\n|\n|t:|1683852506\n|move|p1a: Amoonguss|Rage Powder|p1a: Amoonguss\n|-singleturn|p1a: Amoonguss|move: Rage Powder\n|move|p1b: Kingambit|Sucker Punch|p2a: Great Tusk\n|-resisted|p2a: Great Tusk\n|-damage|p2a: Great Tusk|85\/100\n|move|p2a: Great Tusk|Close Combat|p1a: Amoonguss\n|-resisted|p1a: Amoonguss\n|-damage|p1a: Amoonguss|67\/100\n|-unboost|p2a: Great Tusk|def|1\n|-unboost|p2a: Great Tusk|spd|1\n|\n|-weather|SunnyDay|[upkeep]\n|upkeep\n|turn|4\n|inactive|stack of pancake has 30 seconds left.\n|\n|t:|1683852532\n|-terastallize|p2a: Great Tusk|Steel\n|move|p1a: Amoonguss|Rage Powder|p1a: Amoonguss\n|-singleturn|p1a: Amoonguss|move: Rage Powder\n|move|p2a: Great Tusk|Ice Spinner|p1a: Amoonguss\n|-supereffective|p1a: Amoonguss\n|-damage|p1a: Amoonguss|7\/100\n|-enditem|p1a: Amoonguss|Sitrus Berry|[eat]\n|-heal|p1a: Amoonguss|32\/100|[from] item: Sitrus Berry\n|move|p1b: Kingambit|Iron Head|p2a: Great Tusk\n|-resisted|p2a: Great Tusk\n|-damage|p2a: Great Tusk|60\/100\n|\n|-weather|SunnyDay|[upkeep]\n|upkeep\n|turn|5\n|inactive|stack of pancake has 30 seconds left.\n|\n|t:|1683852559\n|move|p1a: Amoonguss|Rage Powder|p1a: Amoonguss\n|-singleturn|p1a: Amoonguss|move: Rage Powder\n|move|p1b: Kingambit|Sucker Punch|p2a: Great Tusk\n|-damage|p2a: Great Tusk|11\/100\n|move|p2a: Great Tusk|Earthquake|p1a: Amoonguss|[spread] p1a,p1b\n|-supereffective|p1b: Kingambit\n|-damage|p1a: Amoonguss|0 fnt\n|-damage|p1b: Kingambit|0 fnt\n|faint|p1a: Amoonguss\n|faint|p1b: Kingambit\n|\n|win|IcanBoogie\n|raw|stack of pancake's rating: 1120 → 1100<\/strong> (-20 for losing)\n|raw|IcanBoogie's rating: 1196 → 1216<\/strong> (+20 for winning)\n|c|\u2606IcanBoogie|Gg\n","uploadtime":1683852570,"views":9,"p1id":"stackofpancake","p2id":"icanboogie","formatid":"gen9vgc2023regulationc","rating":1100,"private":0,"password":""}