{"id":"gen9vgc2023regulationc-1845139187","p1":"Planthony","p2":"Glinteighty","format":"[Gen 9] VGC 2023 Regulation C","log":"|j|\u2606Planthony\n|j|\u2606Glinteighty\n|t:|1681688199\n|gametype|doubles\n|player|p1|Planthony|266|1336\n|player|p2|Glinteighty|n|1259\n|teamsize|p1|6\n|teamsize|p2|6\n|gen|9\n|tier|[Gen 9] VGC 2023 Regulation C\n|rated|\n|rule|Species Clause: Limit one of each Pok\u00e9mon\n|rule|Item Clause: Limit one of each item\n|clearpoke\n|poke|p1|Glimmora, L50, F|\n|poke|p1|Iron Bundle, L50|\n|poke|p1|Dondozo, L50, F|\n|poke|p1|Dragonite, L50, F|\n|poke|p1|Tatsugiri, L50, M|\n|poke|p1|Chi-Yu, L50|\n|poke|p2|Gothitelle, L50, F|\n|poke|p2|Flutter Mane, L50|\n|poke|p2|Palafin, L50, M|\n|poke|p2|Arcanine, L50, F|\n|poke|p2|Corviknight, L50, F|\n|poke|p2|Amoonguss, L50, F|\n|teampreview|4\n|\n|t:|1681688235\n|start\n|switch|p1a: Glimmora|Glimmora, L50, F|100\/100\n|switch|p1b: Dragonite|Dragonite, L50, F|100\/100\n|switch|p2a: Flutter Mane|Flutter Mane, L50|100\/100\n|switch|p2b: Arcanine|Arcanine, L50, F|100\/100\n|-ability|p2b: Arcanine|Intimidate|boost\n|-unboost|p1a: Glimmora|atk|1\n|-unboost|p1b: Dragonite|atk|1\n|-enditem|p2a: Flutter Mane|Booster Energy\n|-activate|p2a: Flutter Mane|ability: Protosynthesis|[fromitem]\n|-start|p2a: Flutter Mane|protosynthesisspe\n|turn|1\n|\n|t:|1681688253\n|switch|p2b: Amoonguss|Amoonguss, L50, F|100\/100\n|-terastallize|p1a: Glimmora|Grass\n|move|p2a: Flutter Mane|Moonblast|p1b: Dragonite\n|-supereffective|p1b: Dragonite\n|-damage|p1b: Dragonite|58\/100\n|-unboost|p1b: Dragonite|spa|1\n|move|p1a: Glimmora|Power Gem|p2b: Amoonguss\n|-damage|p2b: Amoonguss|58\/100\n|move|p1b: Dragonite|Earthquake|p2b: Amoonguss|[spread] p1a,p2a,p2b\n|-resisted|p1a: Glimmora\n|-damage|p1a: Glimmora|84\/100\n|-damage|p2a: Flutter Mane|40\/100\n|-damage|p2b: Amoonguss|36\/100\n|-activate|p1a: Glimmora|ability: Toxic Debris\n|-sidestart|p2: Glinteighty|move: Toxic Spikes\n|\n|upkeep\n|turn|2\n|\n|t:|1681688296\n|switch|p2b: Arcanine|Arcanine, L50, F|100\/100\n|-status|p2b: Arcanine|psn\n|-ability|p2b: Arcanine|Intimidate|boost\n|-unboost|p1a: Glimmora|atk|1\n|-unboost|p1b: Dragonite|atk|1\n|move|p2a: Flutter Mane|Protect|p2a: Flutter Mane\n|-singleturn|p2a: Flutter Mane|Protect\n|move|p1a: Glimmora|Power Gem|p2a: Flutter Mane\n|-activate|p2a: Flutter Mane|move: Protect\n|move|p1b: Dragonite|Earthquake|p2b: Arcanine|[spread] p1a,p2b\n|-activate|p2a: Flutter Mane|move: Protect\n|-resisted|p1a: Glimmora\n|-supereffective|p2b: Arcanine\n|-damage|p1a: Glimmora|74\/100\n|-damage|p2b: Arcanine|55\/100 psn\n|-activate|p1a: Glimmora|ability: Toxic Debris\n|-sidestart|p2: Glinteighty|move: Toxic Spikes\n|\n|-damage|p2b: Arcanine|43\/100 psn|[from] psn\n|upkeep\n|turn|3\n|\n|t:|1681688318\n|switch|p1a: Chi-Yu|Chi-Yu, L50|100\/100\n|-ability|p1a: Chi-Yu|Beads of Ruin\n|switch|p1b: Iron Bundle|Iron Bundle, L50|100\/100\n|-enditem|p1b: Iron Bundle|Booster Energy\n|-activate|p1b: Iron Bundle|ability: Quark Drive|[fromitem]\n|-start|p1b: Iron Bundle|quarkdrivespe\n|move|p2a: Flutter Mane|Moonblast|p1b: Iron Bundle\n|-damage|p1b: Iron Bundle|0 fnt\n|faint|p1b: Iron Bundle\n|-end|p1b: Iron Bundle|Quark Drive|[silent]\n|move|p2b: Arcanine|Flare Blitz|p1a: Chi-Yu\n|-resisted|p1a: Chi-Yu\n|-damage|p1a: Chi-Yu|64\/100\n|-damage|p2b: Arcanine|35\/100 psn|[from] Recoil\n|\n|-damage|p2b: Arcanine|22\/100 psn|[from] psn\n|upkeep\n|\n|t:|1681688334\n|switch|p1b: Dragonite|Dragonite, L50, F|58\/100\n|turn|4\n|\n|t:|1681688385\n|switch|p2b: Amoonguss|Amoonguss, L50, F|69\/100\n|-sideend|p2: Glinteighty|move: Toxic Spikes|[of] p2b: Amoonguss\n|move|p2a: Flutter Mane|Protect|p2a: Flutter Mane\n|-singleturn|p2a: Flutter Mane|Protect\n|move|p1b: Dragonite|Extreme Speed|p2b: Amoonguss\n|-damage|p2b: Amoonguss|33\/100\n|move|p1a: Chi-Yu|Dark Pulse|p2a: Flutter Mane\n|-activate|p2a: Flutter Mane|move: Protect\n|\n|upkeep\n|turn|5\n|\n|t:|1681688428\n|switch|p1b: Glimmora|Glimmora, L50, F, tera:Grass|74\/100\n|move|p2b: Amoonguss|Protect|p2b: Amoonguss\n|-singleturn|p2b: Amoonguss|Protect\n|move|p2a: Flutter Mane|Moonblast|p1a: Chi-Yu\n|-damage|p1a: Chi-Yu|5\/100\n|-unboost|p1a: Chi-Yu|spa|1\n|move|p1a: Chi-Yu|Heat Wave|p2b: Amoonguss|[spread] p2a\n|-activate|p2b: Amoonguss|move: Protect\n|-damage|p2a: Flutter Mane|6\/100\n|\n|upkeep\n|turn|6\n|inactive|Battle timer is ON: inactive players will automatically lose when time's up. (requested by Planthony)\n|inactive|Planthony has 60 seconds left.\n|inactive|Glinteighty has 60 seconds left.\n|inactive|Glinteighty has 30 seconds left.\n|inactive|Glinteighty has 20 seconds left.\n|inactive|Glinteighty has 15 seconds left.\n|inactive|Glinteighty has 10 seconds left.\n|inactive|Glinteighty has 5 seconds left.\n|\n|t:|1681688519\n|move|p2a: Flutter Mane|Moonblast|p1b: Glimmora\n|-damage|p1b: Glimmora|28\/100\n|move|p1a: Chi-Yu|Dark Pulse|p2b: Amoonguss\n|-crit|p2b: Amoonguss\n|-damage|p2b: Amoonguss|0 fnt\n|faint|p2b: Amoonguss\n|move|p1b: Glimmora|Power Gem|p2a: Flutter Mane\n|-damage|p2a: Flutter Mane|0 fnt\n|faint|p2a: Flutter Mane\n|-end|p2a: Flutter Mane|Protosynthesis|[silent]\n|\n|upkeep\n|\n|t:|1681688537\n|switch|p2a: Gothitelle|Gothitelle, L50, F|100\/100\n|switch|p2b: Arcanine|Arcanine, L50, F|22\/100 psn\n|-ability|p2b: Arcanine|Intimidate|boost\n|-unboost|p1a: Chi-Yu|atk|1\n|-unboost|p1b: Glimmora|atk|1\n|turn|7\n|\n|t:|1681688547\n|move|p1a: Chi-Yu|Protect|p1a: Chi-Yu\n|-singleturn|p1a: Chi-Yu|Protect\n|move|p2a: Gothitelle|Fake Out|p1a: Chi-Yu\n|-activate|p1a: Chi-Yu|move: Protect\n|move|p2b: Arcanine|Extreme Speed|p1b: Glimmora\n|-damage|p1b: Glimmora|8\/100\n|-activate|p1b: Glimmora|ability: Toxic Debris\n|-sidestart|p2: Glinteighty|move: Toxic Spikes\n|move|p1b: Glimmora|Power Gem|p2a: Gothitelle\n|-damage|p2a: Gothitelle|58\/100\n|\n|-damage|p2b: Arcanine|10\/100 psn|[from] psn\n|upkeep\n|turn|8\n|\n|t:|1681688570\n|move|p2b: Arcanine|Extreme Speed|p1a: Chi-Yu\n|-damage|p1a: Chi-Yu|0 fnt\n|faint|p1a: Chi-Yu\n|move|p1b: Glimmora|Mortal Spin|p2a: Gothitelle|[spread] p2a,p2b\n|-damage|p2a: Gothitelle|54\/100\n|-damage|p2b: Arcanine|7\/100 psn\n|-status|p2a: Gothitelle|psn\n|move|p2a: Gothitelle|Psychic|p1b: Glimmora\n|-damage|p1b: Glimmora|0 fnt\n|faint|p1b: Glimmora\n|\n|-damage|p2b: Arcanine|0 fnt|[from] psn\n|faint|p2b: Arcanine\n|-damage|p2a: Gothitelle|42\/100 psn|[from] psn\n|upkeep\n|-enditem|p2a: Gothitelle|Sitrus Berry|[eat]\n|-heal|p2a: Gothitelle|67\/100 psn|[from] item: Sitrus Berry\n|\n|t:|1681688574\n|switch|p1b: Dragonite|Dragonite, L50, F|58\/100\n|turn|9\n|\n|t:|1681688582\n|-terastallize|p2a: Gothitelle|Dark\n|move|p1b: Dragonite|Outrage|p2a: Gothitelle\n|-damage|p2a: Gothitelle|0 fnt\n|faint|p2a: Gothitelle\n|\n|win|Planthony\n|raw|Planthony's rating: 1336 → 1352<\/strong> (+16 for winning)\n|raw|Glinteighty's rating: 1259 → 1239<\/strong> (-20 for losing)\n","uploadtime":1681688589,"views":11,"p1id":"planthony","p2id":"glinteighty","formatid":"gen9vgc2023regulationc","rating":1239,"private":0,"password":""}