{"id":"gen9vgc2023regulationc-1852740302","p1":"teehee638","p2":"coolour","format":"[Gen 9] VGC 2023 Regulation C","log":"|j|\u2606teehee638\n|j|\u203dcoolour\n|t:|1682602080\n|gametype|doubles\n|player|p1|teehee638|1|1219\n|player|p2|coolour|265|1190\n|teamsize|p1|6\n|teamsize|p2|6\n|gen|9\n|tier|[Gen 9] VGC 2023 Regulation C\n|rated|\n|rule|Species Clause: Limit one of each Pok\u00e9mon\n|rule|Item Clause: Limit one of each item\n|clearpoke\n|poke|p1|Scizor, L50, F|\n|poke|p1|Scream Tail, L50|\n|poke|p1|Arcanine, L50, F|\n|poke|p1|Dragapult, L50, F|\n|poke|p1|Iron Bundle, L50|\n|poke|p1|Chi-Yu, L50|\n|poke|p2|Arcanine, L50, M|\n|poke|p2|Flutter Mane, L50|\n|poke|p2|Palafin, L50, F|\n|poke|p2|Amoonguss, L50, M|\n|poke|p2|Roaring Moon, L50|\n|poke|p2|Ting-Lu, L50|\n|teampreview|4\n|inactive|Battle timer is ON: inactive players will automatically lose when time's up. (requested by coolour)\n|\n|t:|1682602105\n|start\n|switch|p1a: Dragapult|Dragapult, L50, F, shiny|100\/100\n|switch|p1b: Scream Tail|Scream Tail, L50, shiny|100\/100\n|switch|p2a: Arcanine|Arcanine, L50, M, shiny|100\/100\n|switch|p2b: Palafin|Palafin, L50, F|100\/100\n|-ability|p2a: Arcanine|Intimidate|boost\n|-fail|p1a: Dragapult|unboost|[from] ability: Clear Body|[of] p1a: Dragapult\n|-unboost|p1b: Scream Tail|atk|1\n|-enditem|p1b: Scream Tail|Booster Energy\n|-activate|p1b: Scream Tail|ability: Protosynthesis|[fromitem]\n|-start|p1b: Scream Tail|protosynthesisspe\n|turn|1\n|inactive|teehee638 has 30 seconds left.\n|\n|t:|1682602140\n|detailschange|p2b: Palafin|Palafin-Hero, L50, F\n|switch|p2b: Ting-Lu|Ting-Lu, L50|100\/100\n|-ability|p2b: Ting-Lu|Vessel of Ruin\n|move|p1b: Scream Tail|Howl|p1b: Scream Tail|[spread] p1a,p1b\n|-boost|p1a: Dragapult|atk|1\n|-boost|p1b: Scream Tail|atk|1\n|move|p1a: Dragapult|Dragon Darts|p2a: Arcanine\n|-damage|p2a: Arcanine|63\/100\n|-anim|p1a: Dragapult|Dragon Darts|p2b: Ting-Lu\n|-damage|p2b: Ting-Lu|71\/100\n|-damage|p1a: Dragapult|91\/100|[from] item: Life Orb\n|move|p2a: Arcanine|Will-O-Wisp|p1a: Dragapult\n|-status|p1a: Dragapult|brn\n|\n|-heal|p2b: Ting-Lu|77\/100|[from] item: Leftovers\n|-damage|p1a: Dragapult|85\/100 brn|[from] brn\n|upkeep\n|turn|2\n|inactive|teehee638 has 30 seconds left.\n|inactive|coolour has 30 seconds left.\n|\n|t:|1682602167\n|move|p2a: Arcanine|Protect|p2a: Arcanine\n|-singleturn|p2a: Arcanine|Protect\n|move|p1b: Scream Tail|Howl|p1b: Scream Tail|[spread] p1a,p1b\n|-boost|p1a: Dragapult|atk|1\n|-boost|p1b: Scream Tail|atk|1\n|move|p1a: Dragapult|Dragon Darts|p2b: Ting-Lu\n|-damage|p2b: Ting-Lu|59\/100\n|-anim|p1a: Dragapult|Dragon Darts|p2b: Ting-Lu\n|-damage|p2b: Ting-Lu|42\/100\n|-damage|p1a: Dragapult|76\/100 brn|[from] item: Life Orb\n|move|p2b: Ting-Lu|Heavy Slam|p1b: Scream Tail\n|-supereffective|p1b: Scream Tail\n|-damage|p1b: Scream Tail|48\/100\n|\n|-heal|p2b: Ting-Lu|48\/100|[from] item: Leftovers\n|-damage|p1a: Dragapult|70\/100 brn|[from] brn\n|upkeep\n|turn|3\n|inactive|coolour has 30 seconds left.\n|inactive|coolour has 20 seconds left.\n|inactive|coolour has 15 seconds left.\n|inactive|coolour has 10 seconds left.\n|\n|t:|1682602215\n|switch|p2b: Palafin|Palafin-Hero, L50, F|100\/100\n|-activate|p2b: Palafin|ability: Zero to Hero\n|move|p1b: Scream Tail|Play Rough|p2b: Palafin\n|-damage|p2b: Palafin|69\/100\n|move|p1a: Dragapult|Dragon Darts|p2b: Palafin\n|-damage|p2b: Palafin|42\/100\n|-anim|p1a: Dragapult|Dragon Darts|p2a: Arcanine\n|-damage|p2a: Arcanine|41\/100\n|-damage|p1a: Dragapult|60\/100 brn|[from] item: Life Orb\n|move|p2a: Arcanine|Flare Blitz|p1b: Scream Tail\n|-damage|p1b: Scream Tail|10\/100\n|-damage|p2a: Arcanine|27\/100|[from] Recoil\n|\n|-damage|p1a: Dragapult|54\/100 brn|[from] brn\n|upkeep\n|turn|4\n|\n|t:|1682602234\n|-terastallize|p1a: Dragapult|Dragon\n|move|p2a: Arcanine|Extreme Speed|p1b: Scream Tail\n|-damage|p1b: Scream Tail|0 fnt\n|faint|p1b: Scream Tail\n|-end|p1b: Scream Tail|Protosynthesis|[silent]\n|move|p1a: Dragapult|Dragon Darts|p2b: Palafin\n|-damage|p2b: Palafin|6\/100\n|-anim|p1a: Dragapult|Dragon Darts|p2a: Arcanine\n|-damage|p2a: Arcanine|0 fnt\n|faint|p2a: Arcanine\n|-damage|p1a: Dragapult|45\/100 brn|[from] item: Life Orb\n|move|p2b: Palafin|Haze|p2b: Palafin\n|-clearallboost\n|\n|-damage|p1a: Dragapult|39\/100 brn|[from] brn\n|upkeep\n|\n|t:|1682602248\n|switch|p1b: Iron Bundle|Iron Bundle, L50, shiny|100\/100\n|switch|p2a: Ting-Lu|Ting-Lu, L50|48\/100\n|-ability|p2a: Ting-Lu|Vessel of Ruin\n|turn|5\n|\n|t:|1682602261\n|move|p1a: Dragapult|Sucker Punch|p2b: Palafin\n|-damage|p2b: Palafin|0 fnt\n|faint|p2b: Palafin\n|-damage|p1a: Dragapult|29\/100 brn|[from] item: Life Orb\n|move|p1b: Iron Bundle|Hydro Pump|p2a: Ting-Lu\n|-supereffective|p2a: Ting-Lu\n|-damage|p2a: Ting-Lu|0 fnt\n|faint|p2a: Ting-Lu\n|\n|-damage|p1a: Dragapult|24\/100 brn|[from] brn\n|upkeep\n|\n|t:|1682602268\n|switch|p2b: Roaring Moon|Roaring Moon, L50|100\/100\n|-enditem|p2b: Roaring Moon|Booster Energy\n|-activate|p2b: Roaring Moon|ability: Protosynthesis|[fromitem]\n|-start|p2b: Roaring Moon|protosynthesisatk\n|turn|6\n|\n|t:|1682602277\n|move|p2b: Roaring Moon|Protect|p2b: Roaring Moon\n|-singleturn|p2b: Roaring Moon|Protect\n|move|p1a: Dragapult|Dragon Darts|p2b: Roaring Moon\n|-activate|p2b: Roaring Moon|move: Protect\n|move|p1b: Iron Bundle|Icy Wind|p2b: Roaring Moon\n|-activate|p2b: Roaring Moon|move: Protect\n|\n|-damage|p1a: Dragapult|18\/100 brn|[from] brn\n|upkeep\n|turn|7\n|\n|t:|1682602293\n|-terastallize|p2b: Roaring Moon|Flying\n|move|p1a: Dragapult|Dragon Darts|p2b: Roaring Moon\n|-damage|p2b: Roaring Moon|76\/100\n|-anim|p1a: Dragapult|Dragon Darts|p2b: Roaring Moon\n|-damage|p2b: Roaring Moon|49\/100\n|-damage|p1a: Dragapult|8\/100 brn|[from] item: Life Orb\n|move|p1b: Iron Bundle|Icy Wind|p2b: Roaring Moon\n|-supereffective|p2b: Roaring Moon\n|-crit|p2b: Roaring Moon\n|-damage|p2b: Roaring Moon|0 fnt\n|faint|p2b: Roaring Moon\n|-end|p2b: Roaring Moon|Protosynthesis|[silent]\n|\n|win|teehee638\n|raw|teehee638's rating: 1219 → 1242<\/strong> (+23 for winning)\n|raw|coolour's rating: 1190 → 1167<\/strong> (-23 for losing)\n|l|\u203dcoolour\n","uploadtime":1682602303,"views":15,"p1id":"teehee638","p2id":"coolour","formatid":"gen9vgc2023regulationc","rating":1167,"private":0,"password":""}