{"id":"gen9vgc2023regulationc-1855147308","p1":"mrmattopolis","p2":"bubafulbo","format":"[Gen 9] VGC 2023 Regulation C","log":"|j|\u2606mrmattopolis\n|j|\u2606bubafulbo\n|t:|1682907070\n|gametype|doubles\n|player|p1|mrmattopolis|ltsurge|1273\n|player|p2|bubafulbo|cynthia-gen4|1321\n|teamsize|p1|6\n|teamsize|p2|6\n|gen|9\n|tier|[Gen 9] VGC 2023 Regulation C\n|rated|\n|rule|Species Clause: Limit one of each Pok\u00e9mon\n|rule|Item Clause: Limit one of each item\n|clearpoke\n|poke|p1|Tauros-Paldea-Blaze, L50, M|\n|poke|p1|Corviknight, L50, M|\n|poke|p1|Rotom-Wash, L50|\n|poke|p1|Flutter Mane, L50|\n|poke|p1|Garchomp, L50, M|\n|poke|p1|Glimmora, L50, M|\n|poke|p2|Arcanine, L50, F|\n|poke|p2|Sableye, L50, F|\n|poke|p2|Ceruledge, L50, F|\n|poke|p2|Flutter Mane, L50|\n|poke|p2|Ting-Lu, L50|\n|poke|p2|Amoonguss, L50, F|\n|teampreview|4\n|inactive|Battle timer is ON: inactive players will automatically lose when time's up. (requested by bubafulbo)\n|\n|t:|1682907114\n|start\n|switch|p1a: Garchomp|Garchomp, L50, M|100\/100\n|switch|p1b: Corviknight|Corviknight, L50, M|100\/100\n|switch|p2a: Ceruledge|Ceruledge, L50, F|100\/100\n|switch|p2b: Sableye|Sableye, L50, F|100\/100\n|turn|1\n|\n|t:|1682907132\n|-terastallize|p2a: Ceruledge|Grass\n|move|p1b: Corviknight|Protect|p1b: Corviknight\n|-singleturn|p1b: Corviknight|Protect\n|move|p2b: Sableye|Reflect|p2b: Sableye\n|-sidestart|p2: bubafulbo|Reflect\n|move|p1a: Garchomp|Earthquake|p2a: Ceruledge|[spread] p2a,p2b\n|-activate|p1b: Corviknight|move: Protect\n|-resisted|p2a: Ceruledge\n|-damage|p2a: Ceruledge|85\/100\n|-damage|p2b: Sableye|65\/100\n|move|p2a: Ceruledge|Bitter Blade|p1b: Corviknight\n|-activate|p1b: Corviknight|move: Protect\n|\n|upkeep\n|turn|2\n|\n|t:|1682907152\n|-terastallize|p1a: Garchomp|Fire\n|move|p2b: Sableye|Encore|p1b: Corviknight\n|-start|p1b: Corviknight|Encore\n|move|p1a: Garchomp|Tera Blast|p2a: Ceruledge\n|-start|p2a: Ceruledge|ability: Flash Fire\n|move|p2a: Ceruledge|Bulk Up|p2a: Ceruledge\n|-boost|p2a: Ceruledge|atk|1\n|-boost|p2a: Ceruledge|def|1\n|move|p1b: Corviknight|Protect||[still]\n|-fail|p1b: Corviknight\n|\n|upkeep\n|turn|3\n|\n|t:|1682907170\n|switch|p1b: Tauros|Tauros-Paldea-Blaze, L50, M|100\/100\n|-ability|p1b: Tauros|Intimidate|boost\n|-fail|p2a: Ceruledge|unboost|[from] item: Clear Amulet|[of] p2a: Ceruledge\n|-unboost|p2b: Sableye|atk|1\n|move|p2b: Sableye|Encore|p1a: Garchomp\n|-start|p1a: Garchomp|Encore\n|move|p1a: Garchomp|Tera Blast|p2b: Sableye\n|-damage|p2b: Sableye|32\/100\n|move|p2a: Ceruledge|Bulk Up|p2a: Ceruledge\n|-boost|p2a: Ceruledge|atk|1\n|-boost|p2a: Ceruledge|def|1\n|\n|upkeep\n|turn|4\n|\n|t:|1682907185\n|move|p2b: Sableye|Disable|p1a: Garchomp\n|-start|p1a: Garchomp|Disable|Tera Blast\n|cant|p1a: Garchomp|Disable|Tera Blast\n|move|p1b: Tauros|Will-O-Wisp|p2a: Ceruledge\n|-immune|p2a: Ceruledge|[from] ability: Flash Fire\n|move|p2a: Ceruledge|Bulk Up|p2a: Ceruledge\n|-boost|p2a: Ceruledge|atk|1\n|-boost|p2a: Ceruledge|def|1\n|\n|upkeep\n|turn|5\n|-message|mrmattopolis forfeited.\n|\n|win|bubafulbo\n|raw|mrmattopolis's rating: 1273 → 1251<\/strong> (-22 for losing)\n|raw|bubafulbo's rating: 1321 → 1338<\/strong> (+17 for winning)\n|l|\u2606mrmattopolis\n","uploadtime":1682907196,"views":14,"p1id":"mrmattopolis","p2id":"bubafulbo","formatid":"gen9vgc2023regulationc","rating":1251,"private":0,"password":""}