{"id":"gen9vgc2023regulationc-1846368542","p1":"FlappleFan93","p2":"MareeohYT","format":"[Gen 9] VGC 2023 Regulation C","log":"|j|\u2606FlappleFan93\n|j|\u2606MareeohYT\n|t:|1681835277\n|gametype|doubles\n|player|p1|FlappleFan93|flannery|1485\n|player|p2|MareeohYT|policeman-gen4|1396\n|teamsize|p1|6\n|teamsize|p2|6\n|gen|9\n|tier|[Gen 9] VGC 2023 Regulation C\n|rated|\n|rule|Species Clause: Limit one of each Pok\u00e9mon\n|rule|Item Clause: Limit one of each item\n|clearpoke\n|poke|p1|Bellibolt, L50, F|\n|poke|p1|Gastrodon, L50, F|\n|poke|p1|Tauros-Paldea-Blaze, L50, M|\n|poke|p1|Amoonguss, L50, M|\n|poke|p1|Dragapult, L50, M|\n|poke|p1|Chien-Pao, L50|\n|poke|p2|Ting-Lu, L50|\n|poke|p2|Palafin, L50, F|\n|poke|p2|Amoonguss, L50, F|\n|poke|p2|Arcanine, L50, F|\n|poke|p2|Flutter Mane, L50|\n|poke|p2|Baxcalibur, L50, M|\n|teampreview|4\nFlappleFan93 has agreed to open team sheets.\n|inactive|Battle timer is ON: inactive players will automatically lose when time's up. (requested by MareeohYT)\n|\n|t:|1681835348\n|start\n|switch|p1a: Tauros|Tauros-Paldea-Blaze, L50, M|100\/100\n|switch|p1b: Dragapult|Dragapult, L50, M, shiny|100\/100\n|switch|p2a: Flutter Mane|Flutter Mane, L50|100\/100\n|switch|p2b: Arcanine|Arcanine, L50, F|100\/100\n|-ability|p1a: Tauros|Intimidate|boost\n|-unboost|p2a: Flutter Mane|atk|1\n|-unboost|p2b: Arcanine|atk|1\n|-ability|p2b: Arcanine|Intimidate|boost\n|-unboost|p1a: Tauros|atk|1\n|-fail|p1b: Dragapult|unboost|[from] ability: Clear Body|[of] p1b: Dragapult\n|turn|1\n|inactive|FlappleFan93 has 30 seconds left.\n|inactive|MareeohYT has 30 seconds left.\n|\n|t:|1681835377\n|-terastallize|p2a: Flutter Mane|Steel\n|move|p1a: Tauros|Protect|p1a: Tauros\n|-singleturn|p1a: Tauros|Protect\n|move|p1b: Dragapult|Phantom Force||[still]\n|-prepare|p1b: Dragapult|Phantom Force\n|move|p2a: Flutter Mane|Dazzling Gleam|p1a: Tauros|[spread] \n|-miss|p2a: Flutter Mane|p1b: Dragapult\n|-activate|p1a: Tauros|move: Protect\n|move|p2b: Arcanine|Flare Blitz|p1b: Dragapult|[miss]\n|-miss|p2b: Arcanine|p1b: Dragapult\n|\n|upkeep\n|turn|2\n|inactive|FlappleFan93 has 30 seconds left.\n|\n|t:|1681835406\n|-end|p2a: Flutter Mane|Protosynthesis|[silent]\n|switch|p2a: Ting-Lu|Ting-Lu, L50|100\/100\n|-ability|p2a: Ting-Lu|Vessel of Ruin\n|move|p1b: Dragapult|Phantom Force|p2a: Ting-Lu|[from]lockedmove\n|-resisted|p2a: Ting-Lu\n|-damage|p2a: Ting-Lu|80\/100\n|move|p1a: Tauros|Close Combat|p2a: Ting-Lu\n|-supereffective|p2a: Ting-Lu\n|-damage|p2a: Ting-Lu|30\/100\n|-unboost|p1a: Tauros|def|1\n|-unboost|p1a: Tauros|spd|1\n|move|p2b: Arcanine|Will-O-Wisp|p1b: Dragapult\n|-status|p1b: Dragapult|brn\n|\n|-damage|p1b: Dragapult|94\/100 brn|[from] brn\n|upkeep\n|turn|3\n|inactive|FlappleFan93 has 30 seconds left.\n|inactive|MareeohYT has 30 seconds left.\n|\n|t:|1681835436\n|switch|p2b: Amoonguss|Amoonguss, L50, F|100\/100\n|move|p1b: Dragapult|Phantom Force||[still]\n|-prepare|p1b: Dragapult|Phantom Force\n|move|p1a: Tauros|Close Combat|p2a: Ting-Lu\n|-supereffective|p2a: Ting-Lu\n|-damage|p2a: Ting-Lu|0 fnt\n|-unboost|p1a: Tauros|def|1\n|-unboost|p1a: Tauros|spd|1\n|faint|p2a: Ting-Lu\n|\n|-damage|p1b: Dragapult|88\/100 brn|[from] brn\n|upkeep\n|\n|t:|1681835442\n|switch|p2a: Flutter Mane|Flutter Mane, L50, tera:Steel|100\/100\n|turn|4\n|inactive|FlappleFan93 has 30 seconds left.\n|\n|t:|1681835467\n|switch|p1a: Gastrodon|Gastrodon, L50, F|100\/100\n|move|p1b: Dragapult|Phantom Force|p2a: Flutter Mane|[from]lockedmove\n|-damage|p2a: Flutter Mane|39\/100\n|move|p2a: Flutter Mane|Dazzling Gleam|p1a: Gastrodon|[spread] p1a,p1b\n|-supereffective|p1b: Dragapult\n|-damage|p1a: Gastrodon|67\/100\n|-damage|p1b: Dragapult|0 fnt\n|faint|p1b: Dragapult\n|move|p2b: Amoonguss|Pollen Puff|p2a: Flutter Mane\n|-heal|p2a: Flutter Mane|89\/100\n|\n|-heal|p1a: Gastrodon|73\/100|[from] item: Leftovers\n|upkeep\n|\n|t:|1681835489\n|switch|p1b: Tauros|Tauros-Paldea-Blaze, L50, M|100\/100\n|-ability|p1b: Tauros|Intimidate|boost\n|-unboost|p2a: Flutter Mane|atk|1\n|-unboost|p2b: Amoonguss|atk|1\n|turn|5\n|\n|t:|1681835500\n|-end|p2a: Flutter Mane|Protosynthesis|[silent]\n|switch|p2a: Arcanine|Arcanine, L50, F|100\/100\n|-ability|p2a: Arcanine|Intimidate|boost\n|-unboost|p1a: Gastrodon|atk|1\n|-unboost|p1b: Tauros|atk|1\n|move|p1b: Tauros|Flare Blitz|p2a: Arcanine\n|-resisted|p2a: Arcanine\n|-damage|p2a: Arcanine|82\/100\n|-damage|p1b: Tauros|93\/100|[from] Recoil\n|move|p1a: Gastrodon|Muddy Water|p2a: Arcanine|[spread] p2a,p2b\n|-supereffective|p2a: Arcanine\n|-resisted|p2b: Amoonguss\n|-damage|p2a: Arcanine|43\/100\n|-damage|p2b: Amoonguss|92\/100\n|-unboost|p2b: Amoonguss|accuracy|1\n|move|p2b: Amoonguss|Spore|p1a: Gastrodon\n|-status|p1a: Gastrodon|slp|[from] move: Spore\n|\n|-heal|p1a: Gastrodon|79\/100 slp|[from] item: Leftovers\n|upkeep\n|turn|6\n|\n|t:|1681835525\n|move|p1b: Tauros|Protect|p1b: Tauros\n|-singleturn|p1b: Tauros|Protect\n|move|p2a: Arcanine|Extreme Speed|p1b: Tauros\n|-activate|p1b: Tauros|move: Protect\n|cant|p1a: Gastrodon|slp\n|move|p2b: Amoonguss|Pollen Puff|p2a: Arcanine\n|-heal|p2a: Arcanine|92\/100\n|\n|-heal|p1a: Gastrodon|85\/100 slp|[from] item: Leftovers\n|upkeep\n|turn|7\n|inactive|MareeohYT has 30 seconds left.\n|\n|t:|1681835552\n|switch|p2a: Flutter Mane|Flutter Mane, L50, tera:Steel|89\/100\n|move|p2b: Amoonguss|Protect|p2b: Amoonguss\n|-singleturn|p2b: Amoonguss|Protect\n|move|p1b: Tauros|Flare Blitz|p2b: Amoonguss\n|-activate|p2b: Amoonguss|move: Protect\n|cant|p1a: Gastrodon|slp\n|\n|-heal|p1a: Gastrodon|91\/100 slp|[from] item: Leftovers\n|upkeep\n|turn|8\n|inactive|FlappleFan93 has 30 seconds left.\n|inactive|MareeohYT has 30 seconds left.\n|inactive|FlappleFan93 has 20 seconds left.\n|\n|t:|1681835590\n|-terastallize|p1a: Gastrodon|Fire\n|move|p2b: Amoonguss|Rage Powder|p2b: Amoonguss\n|-singleturn|p2b: Amoonguss|move: Rage Powder\n|move|p2a: Flutter Mane|Moonblast|p1b: Tauros\n|-damage|p1b: Tauros|0 fnt\n|faint|p1b: Tauros\n|-curestatus|p1a: Gastrodon|slp|[msg]\n|move|p1a: Gastrodon|Earth Power|p2b: Amoonguss\n|-damage|p2b: Amoonguss|66\/100\n|\n|-heal|p1a: Gastrodon|97\/100|[from] item: Leftovers\n|upkeep\n|\n|t:|1681835601\n|switch|p1b: Chien-Pao|Chien-Pao, L50|100\/100\n|-ability|p1b: Chien-Pao|Sword of Ruin\n|turn|9\n|\n|t:|1681835615\n|move|p1b: Chien-Pao|Protect|p1b: Chien-Pao\n|-singleturn|p1b: Chien-Pao|Protect\n|move|p2b: Amoonguss|Rage Powder|p2b: Amoonguss\n|-singleturn|p2b: Amoonguss|move: Rage Powder\n|move|p2a: Flutter Mane|Moonblast|p1b: Chien-Pao\n|-activate|p1b: Chien-Pao|move: Protect\n|move|p1a: Gastrodon|Earth Power|p2b: Amoonguss\n|-damage|p2b: Amoonguss|41\/100\n|-enditem|p2b: Amoonguss|Sitrus Berry|[eat]\n|-heal|p2b: Amoonguss|66\/100|[from] item: Sitrus Berry\n|\n|-heal|p1a: Gastrodon|100\/100|[from] item: Leftovers\n|upkeep\n|turn|10\n|\n|t:|1681835632\n|move|p2b: Amoonguss|Rage Powder|p2b: Amoonguss\n|-singleturn|p2b: Amoonguss|move: Rage Powder\n|move|p1b: Chien-Pao|Ice Spinner|p2b: Amoonguss\n|-supereffective|p2b: Amoonguss\n|-damage|p2b: Amoonguss|0 fnt\n|faint|p2b: Amoonguss\n|move|p2a: Flutter Mane|Moonblast|p1b: Chien-Pao\n|-supereffective|p1b: Chien-Pao\n|-enditem|p1b: Chien-Pao|Focus Sash\n|-damage|p1b: Chien-Pao|1\/100\n|move|p1a: Gastrodon|Earth Power|p2a: Flutter Mane\n|-supereffective|p2a: Flutter Mane\n|-damage|p2a: Flutter Mane|38\/100\n|\n|upkeep\n|\n|t:|1681835636\n|switch|p2b: Arcanine|Arcanine, L50, F|92\/100\n|-ability|p2b: Arcanine|Intimidate|boost\n|-unboost|p1a: Gastrodon|atk|1\n|-unboost|p1b: Chien-Pao|atk|1\n|turn|11\n|\n|t:|1681835655\n|move|p1b: Chien-Pao|Protect|p1b: Chien-Pao\n|-singleturn|p1b: Chien-Pao|Protect\n|move|p2b: Arcanine|Extreme Speed|p1b: Chien-Pao\n|-activate|p1b: Chien-Pao|move: Protect\n|move|p2a: Flutter Mane|Moonblast|p1a: Gastrodon\n|-resisted|p1a: Gastrodon\n|-damage|p1a: Gastrodon|76\/100\n|-unboost|p1a: Gastrodon|spa|1\n|move|p1a: Gastrodon|Muddy Water|p2b: Arcanine|[spread] p2a,p2b\n|-supereffective|p2b: Arcanine\n|-damage|p2a: Flutter Mane|26\/100\n|-damage|p2b: Arcanine|65\/100\n|-unboost|p2b: Arcanine|accuracy|1\n|\n|-heal|p1a: Gastrodon|82\/100|[from] item: Leftovers\n|upkeep\n|turn|12\n|\n|t:|1681835675\n|move|p2b: Arcanine|Extreme Speed|p1b: Chien-Pao|[miss]\n|-miss|p2b: Arcanine|p1b: Chien-Pao\n|move|p1b: Chien-Pao|Sucker Punch|p2a: Flutter Mane\n|-damage|p2a: Flutter Mane|0 fnt\n|faint|p2a: Flutter Mane\n|-end|p2a: Flutter Mane|Protosynthesis|[silent]\n|move|p1a: Gastrodon|Earth Power|p2b: Arcanine\n|-supereffective|p2b: Arcanine\n|-damage|p2b: Arcanine|28\/100\n|\n|-heal|p1a: Gastrodon|88\/100|[from] item: Leftovers\n|upkeep\n|turn|13\n|-message|MareeohYT forfeited.\n|\n|win|FlappleFan93\n|raw|FlappleFan93's rating: 1485 → 1500<\/strong> (+15 for winning)\n|raw|MareeohYT's rating: 1396 → 1381<\/strong> (-15 for losing)\n|l|\u2606FlappleFan93\n","uploadtime":1681835689,"views":11,"p1id":"flapplefan93","p2id":"mareeohyt","formatid":"gen9vgc2023regulationc","rating":1381,"private":0,"password":""}