{"id":"gen9vgc2023regulationc-1847929027","p1":"Hoeninho","p2":"Alexis_student","format":"[Gen 9] VGC 2023 Regulation C","log":"|j|\u2606Hoeninho\n|j|\u2606Alexis_student\n|t:|1682013478\n|gametype|doubles\n|player|p1|Hoeninho|2|1082\n|player|p2|Alexis_student|1|1173\n|teamsize|p1|6\n|teamsize|p2|6\n|gen|9\n|tier|[Gen 9] VGC 2023 Regulation C\n|rated|\n|rule|Species Clause: Limit one of each Pok\u00e9mon\n|rule|Item Clause: Limit one of each item\n|clearpoke\n|poke|p1|Coalossal, L50, F|\n|poke|p1|Raichu, L50, M|\n|poke|p1|Iron Jugulis, L50|\n|poke|p1|Salamence, L50, M|\n|poke|p1|Masquerain, L50, F|\n|poke|p1|Flutter Mane, L50|\n|poke|p2|Dondozo, L50, F|\n|poke|p2|Tatsugiri, L50, F|\n|poke|p2|Glimmora, L50, F|\n|poke|p2|Iron Bundle, L50|\n|poke|p2|Dragonite, L50, M|\n|poke|p2|Chi-Yu, L50|\n|teampreview|4\n|\n|t:|1682013503\n|start\n|switch|p1a: Coalossal|Coalossal, L50, F, shiny|100\/100\n|switch|p1b: Masquerain|Masquerain, L50, F|100\/100\n|switch|p2a: Glimmora|Glimmora, L50, F|100\/100\n|switch|p2b: Chi-Yu|Chi-Yu, L50|100\/100\n|-ability|p2b: Chi-Yu|Beads of Ruin\n|-ability|p1b: Masquerain|Intimidate|boost\n|-unboost|p2a: Glimmora|atk|1\n|-unboost|p2b: Chi-Yu|atk|1\n|turn|1\n|inactive|Battle timer is ON: inactive players will automatically lose when time's up. (requested by Hoeninho)\n|\n|t:|1682013527\n|-terastallize|p1a: Coalossal|Ground\n|move|p2b: Chi-Yu|Protect|p2b: Chi-Yu\n|-singleturn|p2b: Chi-Yu|Protect\n|move|p1b: Masquerain|Aqua Jet|p1a: Coalossal\n|-supereffective|p1a: Coalossal\n|-damage|p1a: Coalossal|91\/100\n|-ability|p1a: Coalossal|Steam Engine|boost\n|-boost|p1a: Coalossal|spe|6\n|-enditem|p1a: Coalossal|Weakness Policy\n|-boost|p1a: Coalossal|atk|2|[from] item: Weakness Policy\n|-boost|p1a: Coalossal|spa|2|[from] item: Weakness Policy\n|move|p1a: Coalossal|Earthquake|p2a: Glimmora|[spread] p2a\n|-activate|p2b: Chi-Yu|move: Protect\n|-immune|p1b: Masquerain\n|-supereffective|p2a: Glimmora\n|-damage|p2a: Glimmora|0 fnt\n|-activate|p2a: Glimmora|ability: Toxic Debris\n|-sidestart|p1: Hoeninho|move: Toxic Spikes\n|faint|p2a: Glimmora\n|\n|upkeep\n|\n|t:|1682013546\n|switch|p2a: Dondozo|Dondozo, L50, F|100\/100\n|turn|2\n|\n|t:|1682013560\n|switch|p2b: Tatsugiri|Tatsugiri, L50, F|100\/100\n|-activate|p2b: Tatsugiri|ability: Commander|[of] p2a: Dondozo\n|-boost|p2a: Dondozo|atk|2\n|-boost|p2a: Dondozo|spa|2\n|-boost|p2a: Dondozo|spe|2\n|-boost|p2a: Dondozo|def|2\n|-boost|p2a: Dondozo|spd|2\n|move|p1a: Coalossal|Rock Slide|p2b: Tatsugiri|[spread] p2a\n|-miss|p1a: Coalossal|p2b: Tatsugiri\n|-damage|p2a: Dondozo|83\/100\n|cant|p2a: Dondozo|flinch\n|move|p1b: Masquerain|Icy Wind|p2a: Dondozo|[spread] p2a\n|-miss|p1b: Masquerain|p2b: Tatsugiri\n|-resisted|p2a: Dondozo\n|-damage|p2a: Dondozo|81\/100\n|-unboost|p2a: Dondozo|spe|1\n|\n|-heal|p2a: Dondozo|87\/100|[from] item: Leftovers\n|upkeep\n|turn|3\n|\n|t:|1682013585\n|move|p1a: Coalossal|Earthquake|p2a: Dondozo|[spread] p2a\n|-miss|p1a: Coalossal|p2b: Tatsugiri\n|-immune|p1b: Masquerain\n|-damage|p2a: Dondozo|64\/100\n|move|p2a: Dondozo|Wave Crash|p1a: Coalossal\n|-supereffective|p1a: Coalossal\n|-damage|p1a: Coalossal|0 fnt\n|faint|p1a: Coalossal\n|-damage|p2a: Dondozo|39\/100|[from] Recoil\n|move|p1b: Masquerain|Icy Wind|p2b: Tatsugiri|[spread] p2a\n|-miss|p1b: Masquerain|p2b: Tatsugiri\n|-resisted|p2a: Dondozo\n|-damage|p2a: Dondozo|37\/100\n|-unboost|p2a: Dondozo|spe|1\n|\n|-heal|p2a: Dondozo|43\/100|[from] item: Leftovers\n|upkeep\n|\n|t:|1682013602\n|switch|p1a: Raichu|Raichu, L50, M|100\/100\n|-status|p1a: Raichu|psn\n|turn|4\n|\n|t:|1682013620\n|move|p2a: Dondozo|Protect|p2a: Dondozo\n|-singleturn|p2a: Dondozo|Protect\n|move|p1a: Raichu|Nuzzle|p2a: Dondozo\n|-activate|p2a: Dondozo|move: Protect\n|move|p1b: Masquerain|Struggle Bug|p2a: Dondozo|[spread] \n|-miss|p1b: Masquerain|p2b: Tatsugiri\n|-activate|p2a: Dondozo|move: Protect\n|\n|-heal|p2a: Dondozo|50\/100|[from] item: Leftovers\n|-damage|p1a: Raichu|89\/100 psn|[from] psn\n|upkeep\n|turn|5\n|\n|t:|1682013643\n|-terastallize|p2a: Dondozo|Grass\n|move|p1a: Raichu|Nuzzle|p2a: Dondozo\n|-resisted|p2a: Dondozo\n|-damage|p2a: Dondozo|48\/100\n|-status|p2a: Dondozo|par\n|move|p1b: Masquerain|Struggle Bug|p2a: Dondozo|[spread] p2a\n|-miss|p1b: Masquerain|p2b: Tatsugiri\n|-supereffective|p2a: Dondozo\n|-damage|p2a: Dondozo|35\/100 par\n|-unboost|p2a: Dondozo|spa|1\n|move|p2a: Dondozo|Tera Blast|p1a: Raichu\n|-crit|p1a: Raichu\n|-damage|p1a: Raichu|0 fnt\n|faint|p1a: Raichu\n|\n|-heal|p2a: Dondozo|41\/100 par|[from] item: Leftovers\n|upkeep\n|\n|t:|1682013657\n|switch|p1a: Salamence|Salamence, L50, M|100\/100\n|-ability|p1a: Salamence|Intimidate|boost\n|-fail|p2a: Dondozo|unboost|Attack|[from] ability: Oblivious|[of] p2a: Dondozo\n|-unboost|p2b: Tatsugiri|atk|1\n|turn|6\n|\n|t:|1682013670\n|move|p1a: Salamence|Dragon Claw|p2a: Dondozo\n|-damage|p2a: Dondozo|27\/100 par\n|move|p1b: Masquerain|Struggle Bug|p2a: Dondozo|[spread] p2a\n|-miss|p1b: Masquerain|p2b: Tatsugiri\n|-supereffective|p2a: Dondozo\n|-damage|p2a: Dondozo|13\/100 par\n|-unboost|p2a: Dondozo|spa|1\n|move|p2a: Dondozo|Wave Crash|p1a: Salamence\n|-resisted|p1a: Salamence\n|-damage|p1a: Salamence|43\/100\n|-enditem|p1a: Salamence|Sitrus Berry|[eat]\n|-heal|p1a: Salamence|67\/100|[from] item: Sitrus Berry\n|-damage|p2a: Dondozo|0 fnt|[from] Recoil\n|faint|p2a: Dondozo\n|\n|upkeep\n|\n|t:|1682013686\n|switch|p2a: Chi-Yu|Chi-Yu, L50|100\/100\n|-ability|p2a: Chi-Yu|Beads of Ruin\n|turn|7\n|\n|t:|1682013697\n|move|p1a: Salamence|Protect|p1a: Salamence\n|-singleturn|p1a: Salamence|Protect\n|move|p2b: Tatsugiri|Draco Meteor|p1a: Salamence\n|-activate|p1a: Salamence|move: Protect\n|move|p2a: Chi-Yu|Heat Wave|p1b: Masquerain|[spread] p1b\n|-activate|p1a: Salamence|move: Protect\n|-supereffective|p1b: Masquerain\n|-damage|p1b: Masquerain|0 fnt\n|faint|p1b: Masquerain\n|\n|upkeep\n|turn|8\n|\n|t:|1682013712\n|move|p2b: Tatsugiri|Draco Meteor|p1a: Salamence\n|-supereffective|p1a: Salamence\n|-crit|p1a: Salamence\n|-damage|p1a: Salamence|0 fnt\n|-unboost|p2b: Tatsugiri|spa|2\n|faint|p1a: Salamence\n|\n|win|Alexis_student\n|raw|Hoeninho's rating: 1082 → 1065<\/strong> (-17 for losing)\n|raw|Alexis_student's rating: 1173 → 1192<\/strong> (+19 for winning)\n|l|\u2606Hoeninho\n","uploadtime":1682013724,"views":12,"p1id":"hoeninho","p2id":"alexisstudent","formatid":"gen9vgc2023regulationc","rating":1065,"private":0,"password":""}