{"id":"gen9vgc2023regulationc-1846010496","p1":"Audi A5 Sportback","p2":"vasperchu","format":"[Gen 9] VGC 2023 Regulation C","log":"|j|\u2606Audi A5 Sportback\n|j|\u2606vasperchu\n|t:|1681790960\n|gametype|doubles\n|player|p1|Audi A5 Sportback|101|1340\n|player|p2|vasperchu|1|1320\n|teamsize|p1|6\n|teamsize|p2|6\n|gen|9\n|tier|[Gen 9] VGC 2023 Regulation C\n|rated|\n|rule|Species Clause: Limit one of each Pok\u00e9mon\n|rule|Item Clause: Limit one of each item\n|clearpoke\n|poke|p1|Roaring Moon, L50|\n|poke|p1|Flutter Mane, L50|\n|poke|p1|Ting-Lu, L50|\n|poke|p1|Arcanine, L50, M|\n|poke|p1|Amoonguss, L50, M|\n|poke|p1|Palafin, L50, F|\n|poke|p2|Gothitelle, L50, F|\n|poke|p2|Baxcalibur, L50, M|\n|poke|p2|Volcarona, L50, M|\n|poke|p2|Scizor, L50, M|\n|poke|p2|Bellibolt, L50, M|\n|poke|p2|Lucario, L50, M|\n|teampreview|4\nAudi A5 Sportback has agreed to open team sheets.\n|\n|t:|1681790991\n|start\n|switch|p1a: Roaring Moon|Roaring Moon, L50, shiny|100\/100\n|switch|p1b: Amoonguss|Amoonguss, L50, M, shiny|100\/100\n|switch|p2a: Gothitelle|Gothitelle, L50, F|100\/100\n|switch|p2b: Volcarona|Volcarona, L50, M|100\/100\n|-enditem|p1a: Roaring Moon|Booster Energy\n|-activate|p1a: Roaring Moon|ability: Protosynthesis|[fromitem]\n|-start|p1a: Roaring Moon|protosynthesisatk\n|turn|1\n|\n|t:|1681791022\n|move|p2a: Gothitelle|Fake Out|p1a: Roaring Moon\n|-damage|p1a: Roaring Moon|93\/100\n|cant|p1a: Roaring Moon|flinch\n|move|p2b: Volcarona|Tailwind|p2b: Volcarona\n|-sidestart|p2: vasperchu|move: Tailwind\n|move|p1b: Amoonguss|Spore|p2a: Gothitelle\n|-status|p2a: Gothitelle|slp|[from] move: Spore\n|\n|upkeep\n|turn|2\n|\n|t:|1681791042\n|-terastallize|p1b: Amoonguss|Water\n|move|p2b: Volcarona|Will-O-Wisp|p1a: Roaring Moon\n|-status|p1a: Roaring Moon|brn\n|move|p1a: Roaring Moon|Dragon Dance|p1a: Roaring Moon\n|-boost|p1a: Roaring Moon|atk|1\n|-boost|p1a: Roaring Moon|spe|1\n|cant|p2a: Gothitelle|slp\n|move|p1b: Amoonguss|Spore|p2b: Volcarona\n|-status|p2b: Volcarona|slp|[from] move: Spore\n|\n|-damage|p1a: Roaring Moon|87\/100 brn|[from] brn\n|upkeep\n|turn|3\n|\n|t:|1681791059\n|move|p1a: Roaring Moon|Dragon Dance|p1a: Roaring Moon\n|-boost|p1a: Roaring Moon|atk|1\n|-boost|p1a: Roaring Moon|spe|1\n|cant|p2b: Volcarona|slp\n|-curestatus|p2a: Gothitelle|slp|[msg]\n|move|p2a: Gothitelle|Charm|p1a: Roaring Moon\n|-unboost|p1a: Roaring Moon|atk|2\n|move|p1b: Amoonguss|Pollen Puff|p2a: Gothitelle\n|-supereffective|p2a: Gothitelle\n|-damage|p2a: Gothitelle|73\/100\n|\n|-damage|p1a: Roaring Moon|81\/100 brn|[from] brn\n|upkeep\n|turn|4\n|\n|t:|1681791078\n|move|p1a: Roaring Moon|Dragon Dance|p1a: Roaring Moon\n|-boost|p1a: Roaring Moon|atk|1\n|-boost|p1a: Roaring Moon|spe|1\n|cant|p2b: Volcarona|slp\n|move|p2a: Gothitelle|Charm|p1a: Roaring Moon\n|-unboost|p1a: Roaring Moon|atk|2\n|move|p1b: Amoonguss|Spore|p2a: Gothitelle\n|-status|p2a: Gothitelle|slp|[from] move: Spore\n|\n|-damage|p1a: Roaring Moon|75\/100 brn|[from] brn\n|-sideend|p2: vasperchu|move: Tailwind\n|upkeep\n|turn|5\n|\n|t:|1681791096\n|move|p1a: Roaring Moon|Dragon Dance|p1a: Roaring Moon\n|-boost|p1a: Roaring Moon|atk|1\n|-boost|p1a: Roaring Moon|spe|1\n|-curestatus|p2b: Volcarona|slp|[msg]\n|move|p2b: Volcarona|Struggle Bug|p1b: Amoonguss|[spread] p1a,p1b\n|-supereffective|p1a: Roaring Moon\n|-damage|p1a: Roaring Moon|42\/100 brn\n|-damage|p1b: Amoonguss|86\/100\n|-unboost|p1a: Roaring Moon|spa|1\n|-unboost|p1b: Amoonguss|spa|1\n|cant|p2a: Gothitelle|slp\n|move|p1b: Amoonguss|Pollen Puff|p1a: Roaring Moon\n|-heal|p1a: Roaring Moon|92\/100 brn\n|\n|-damage|p1a: Roaring Moon|86\/100 brn|[from] brn\n|upkeep\n|turn|6\n|\n|t:|1681791121\n|move|p1a: Roaring Moon|Throat Chop|p2a: Gothitelle\n|-supereffective|p2a: Gothitelle\n|-damage|p2a: Gothitelle|7\/100 slp\n|-start|p2a: Gothitelle|Throat Chop|[silent]\n|-enditem|p2a: Gothitelle|Figy Berry|[eat]\n|-heal|p2a: Gothitelle|40\/100 slp|[from] item: Figy Berry\n|move|p2b: Volcarona|Struggle Bug|p1a: Roaring Moon|[spread] p1a,p1b\n|-supereffective|p1a: Roaring Moon\n|-damage|p1a: Roaring Moon|52\/100 brn\n|-damage|p1b: Amoonguss|72\/100\n|-unboost|p1a: Roaring Moon|spa|1\n|-unboost|p1b: Amoonguss|spa|1\n|cant|p2a: Gothitelle|slp\n|move|p1b: Amoonguss|Spore|p2b: Volcarona\n|-status|p2b: Volcarona|slp|[from] move: Spore\n|\n|-damage|p1a: Roaring Moon|46\/100 brn|[from] brn\n|upkeep\n|turn|7\n|\n|t:|1681791140\n|move|p1a: Roaring Moon|Throat Chop|p2a: Gothitelle\n|-supereffective|p2a: Gothitelle\n|-damage|p2a: Gothitelle|0 fnt\n|faint|p2a: Gothitelle\n|cant|p2b: Volcarona|slp\n|move|p1b: Amoonguss|Pollen Puff|p1a: Roaring Moon\n|-heal|p1a: Roaring Moon|96\/100 brn\n|\n|-damage|p1a: Roaring Moon|90\/100 brn|[from] brn\n|upkeep\n|\n|t:|1681791158\n|switch|p2a: Baxcalibur|Baxcalibur, L50, M|100\/100\n|turn|8\n|\n|t:|1681791173\n|-terastallize|p2a: Baxcalibur|Ground\n|-curestatus|p2b: Volcarona|slp|[msg]\n|move|p2b: Volcarona|Rage Powder|p2b: Volcarona\n|-singleturn|p2b: Volcarona|move: Rage Powder\n|move|p1a: Roaring Moon|Acrobatics|p2b: Volcarona\n|-supereffective|p2b: Volcarona\n|-damage|p2b: Volcarona|45\/100\n|move|p2a: Baxcalibur|Icicle Spear|p1a: Roaring Moon\n|-supereffective|p1a: Roaring Moon\n|-damage|p1a: Roaring Moon|52\/100 brn\n|-supereffective|p1a: Roaring Moon\n|-damage|p1a: Roaring Moon|12\/100 brn\n|-supereffective|p1a: Roaring Moon\n|-damage|p1a: Roaring Moon|0 fnt\n|faint|p1a: Roaring Moon\n|-end|p1a: Roaring Moon|Protosynthesis|[silent]\n|-hitcount|p1: Roaring Moon|3\n|move|p1b: Amoonguss|Spore|p2b: Volcarona\n|-status|p2b: Volcarona|slp|[from] move: Spore\n|\n|-heal|p2b: Volcarona|51\/100 slp|[from] item: Leftovers\n|upkeep\n|\n|t:|1681791194\n|switch|p1a: Palafin|Palafin, L50, F, shiny|100\/100\n|turn|9\n|\n|t:|1681791211\n|detailschange|p1a: Palafin|Palafin-Hero, L50, F, shiny\n|switch|p1a: Ting-Lu|Ting-Lu, L50|100\/100\n|-ability|p1a: Ting-Lu|Vessel of Ruin\n|move|p2a: Baxcalibur|Icicle Spear|p1a: Ting-Lu\n|-supereffective|p1a: Ting-Lu\n|-damage|p1a: Ting-Lu|84\/100\n|-supereffective|p1a: Ting-Lu\n|-damage|p1a: Ting-Lu|67\/100\n|-supereffective|p1a: Ting-Lu\n|-damage|p1a: Ting-Lu|49\/100\n|-supereffective|p1a: Ting-Lu\n|-damage|p1a: Ting-Lu|32\/100\n|-hitcount|p1a: Ting-Lu|4\n|cant|p2b: Volcarona|slp\n|move|p1b: Amoonguss|Spore|p2a: Baxcalibur\n|-status|p2a: Baxcalibur|slp|[from] move: Spore\n|\n|-heal|p2b: Volcarona|57\/100 slp|[from] item: Leftovers\n|upkeep\n|turn|10\n|\n|t:|1681791232\n|cant|p2a: Baxcalibur|slp\n|cant|p2b: Volcarona|slp\n|move|p1a: Ting-Lu|Sand Tomb|p2b: Volcarona\n|-damage|p2b: Volcarona|40\/100 slp\n|-activate|p2b: Volcarona|move: Sand Tomb|[of] p1a: Ting-Lu\n|move|p1b: Amoonguss|Pollen Puff|p1a: Ting-Lu\n|-heal|p1a: Ting-Lu|82\/100\n|\n|-heal|p2b: Volcarona|46\/100 slp|[from] item: Leftovers\n|-damage|p2b: Volcarona|34\/100 slp|[from] move: Sand Tomb|[partiallytrapped]\n|upkeep\n|turn|11\n|\n|t:|1681791254\n|move|p1b: Amoonguss|Protect|p1b: Amoonguss\n|-singleturn|p1b: Amoonguss|Protect\n|-curestatus|p2a: Baxcalibur|slp|[msg]\n|move|p2a: Baxcalibur|Dragon Dance|p2a: Baxcalibur\n|-boost|p2a: Baxcalibur|atk|1\n|-boost|p2a: Baxcalibur|spe|1\n|cant|p2b: Volcarona|slp\n|move|p1a: Ting-Lu|Sand Tomb|p2a: Baxcalibur\n|-damage|p2a: Baxcalibur|84\/100\n|-activate|p2a: Baxcalibur|move: Sand Tomb|[of] p1a: Ting-Lu\n|\n|-heal|p2b: Volcarona|40\/100 slp|[from] item: Leftovers\n|-damage|p2a: Baxcalibur|72\/100|[from] move: Sand Tomb|[partiallytrapped]\n|-damage|p2b: Volcarona|28\/100 slp|[from] move: Sand Tomb|[partiallytrapped]\n|upkeep\n|turn|12\n|\n|t:|1681791279\n|-curestatus|p2b: Volcarona|slp|[msg]\n|move|p2b: Volcarona|Rage Powder|p2b: Volcarona\n|-singleturn|p2b: Volcarona|move: Rage Powder\n|move|p2a: Baxcalibur|Icicle Spear|p1a: Ting-Lu\n|-supereffective|p1a: Ting-Lu\n|-damage|p1a: Ting-Lu|56\/100\n|-supereffective|p1a: Ting-Lu\n|-damage|p1a: Ting-Lu|31\/100\n|-supereffective|p1a: Ting-Lu\n|-damage|p1a: Ting-Lu|5\/100\n|-supereffective|p1a: Ting-Lu\n|-damage|p1a: Ting-Lu|0 fnt\n|faint|p1a: Ting-Lu\n|-hitcount|p1: Ting-Lu|4\n|move|p1b: Amoonguss|Spore|p2b: Volcarona\n|-status|p2b: Volcarona|slp|[from] move: Spore\n|\n|-heal|p2b: Volcarona|34\/100 slp|[from] item: Leftovers\n|-end|p2a: Baxcalibur|Sand Tomb|[partiallytrapped]|[silent]\n|-end|p2b: Volcarona|Sand Tomb|[partiallytrapped]|[silent]\n|upkeep\n|\n|t:|1681791295\n|switch|p1a: Palafin|Palafin-Hero, L50, F, shiny|100\/100\n|-activate|p1a: Palafin|ability: Zero to Hero\n|turn|13\n|\n|t:|1681791311\n|move|p1b: Amoonguss|Rage Powder|p1b: Amoonguss\n|-singleturn|p1b: Amoonguss|move: Rage Powder\n|move|p2a: Baxcalibur|Icicle Spear|p1b: Amoonguss\n|-resisted|p1b: Amoonguss\n|-damage|p1b: Amoonguss|63\/100\n|-resisted|p1b: Amoonguss\n|-damage|p1b: Amoonguss|53\/100\n|-resisted|p1b: Amoonguss\n|-damage|p1b: Amoonguss|44\/100\n|-enditem|p1b: Amoonguss|Sitrus Berry|[eat]\n|-heal|p1b: Amoonguss|69\/100|[from] item: Sitrus Berry\n|-resisted|p1b: Amoonguss\n|-damage|p1b: Amoonguss|60\/100\n|-hitcount|p1b: Amoonguss|4\n|move|p1a: Palafin|Wave Crash|p2a: Baxcalibur\n|-supereffective|p2a: Baxcalibur\n|-damage|p2a: Baxcalibur|0 fnt\n|faint|p2a: Baxcalibur\n|-damage|p1a: Palafin|79\/100|[from] Recoil\n|cant|p2b: Volcarona|slp\n|\n|-heal|p2b: Volcarona|40\/100 slp|[from] item: Leftovers\n|upkeep\n|\n|t:|1681791328\n|switch|p2a: Bellibolt|Bellibolt, L50, M|100\/100\n|turn|14\n|\n|t:|1681791342\n|move|p1b: Amoonguss|Rage Powder|p1b: Amoonguss\n|-singleturn|p1b: Amoonguss|move: Rage Powder\n|move|p1a: Palafin|Jet Punch|p2b: Volcarona\n|-supereffective|p2b: Volcarona\n|-damage|p2b: Volcarona|0 fnt\n|faint|p2b: Volcarona\n|move|p2a: Bellibolt|Parabolic Charge|p1b: Amoonguss|[spread] p1a,p1b\n|-supereffective|p1a: Palafin\n|-supereffective|p1b: Amoonguss\n|-damage|p1a: Palafin|44\/100\n|-damage|p1b: Amoonguss|25\/100\n|\n|upkeep\n|turn|15\n|\n|t:|1681791352\n|move|p1a: Palafin|Wave Crash|p2a: Bellibolt\n|-damage|p2a: Bellibolt|27\/100\n|-start|p2a: Bellibolt|Charge|Wave Crash|[from] ability: Electromorphosis\n|-damage|p1a: Palafin|19\/100|[from] Recoil\n|move|p1b: Amoonguss|Pollen Puff|p1a: Palafin\n|-heal|p1a: Palafin|69\/100\n|move|p2a: Bellibolt|Parabolic Charge|p1b: Amoonguss|[spread] p1a,p1b\n|-supereffective|p1a: Palafin\n|-supereffective|p1b: Amoonguss\n|-damage|p1a: Palafin|0 fnt\n|-heal|p2a: Bellibolt|60\/100|[from] drain|[of] p1a: Palafin\n|-damage|p1b: Amoonguss|0 fnt\n|-heal|p2a: Bellibolt|72\/100|[from] drain|[of] p1b: Amoonguss\n|faint|p1a: Palafin\n|faint|p1b: Amoonguss\n|-end|p2a: Bellibolt|Charge|[silent]\n|\n|win|vasperchu\n|raw|Audi A5 Sportback's rating: 1340 → 1319<\/strong> (-21 for losing)\n|raw|vasperchu's rating: 1320 → 1341<\/strong> (+21 for winning)\n|l|\u2606Audi A5 Sportback\n","uploadtime":1681791380,"views":7,"p1id":"audia5sportback","p2id":"vasperchu","formatid":"gen9vgc2023regulationc","rating":1319,"private":0,"password":""}