{"id":"gen9vgc2023regulationc-1861186620","p1":"setupmovesR4noobs","p2":"Goldeb4980","format":"[Gen 9] VGC 2023 Regulation C","log":"|j|\u2606setupmovesR4noobs\n|j|\u2606Goldeb4980\n|t:|1683734110\n|gametype|doubles\n|player|p1|setupmovesR4noobs|102|1133\n|player|p2|Goldeb4980|erika|1112\n|teamsize|p1|6\n|teamsize|p2|6\n|gen|9\n|tier|[Gen 9] VGC 2023 Regulation C\n|rated|\n|rule|Species Clause: Limit one of each Pok\u00e9mon\n|rule|Item Clause: Limit one of each item\n|clearpoke\n|poke|p1|Gholdengo, L50|\n|poke|p1|Dondozo, L50, F|\n|poke|p1|Tatsugiri, L50, F|\n|poke|p1|Azumarill, L50, M|\n|poke|p1|Kingambit, L50, F|\n|poke|p1|Skeledirge, L50, F|\n|poke|p2|Meowscarada, L50, F|\n|poke|p2|Flutter Mane, L50|\n|poke|p2|Rotom-Wash, L50|\n|poke|p2|Hydreigon, L50, M|\n|poke|p2|Indeedee-F, L50, F|\n|poke|p2|Floatzel, L50, M|\n|teampreview|4\n|\n|t:|1683734130\n|start\n|switch|p1a: Dondozo|Dondozo, L50, F|100\/100\n|switch|p1b: Tatsugiri|Tatsugiri, L50, F|100\/100\n|switch|p2a: Rotom|Rotom-Wash, L50|100\/100\n|switch|p2b: Indeedee|Indeedee-F, L50, F|100\/100\n|-activate|p1b: Tatsugiri|ability: Commander|[of] p1a: Dondozo\n|-boost|p1a: Dondozo|atk|2\n|-boost|p1a: Dondozo|spa|2\n|-boost|p1a: Dondozo|spe|2\n|-boost|p1a: Dondozo|def|2\n|-boost|p1a: Dondozo|spd|2\n|-fieldstart|move: Psychic Terrain|[from] ability: Psychic Surge|[of] p2b: Indeedee\n|turn|1\n|\n|t:|1683734151\n|move|p2b: Indeedee|Follow Me|p2b: Indeedee\n|-singleturn|p2b: Indeedee|move: Follow Me\n|move|p2a: Rotom|Nasty Plot|p2a: Rotom\n|-boost|p2a: Rotom|spa|2\n|move|p1a: Dondozo|Order Up|p2b: Indeedee\n|-damage|p2b: Indeedee|29\/100\n|-boost|p1a: Dondozo|atk|1\n|\n|upkeep\n|turn|2\n|\n|t:|1683734170\n|-terastallize|p2a: Rotom|Electric\n|move|p2b: Indeedee|Helping Hand|p2a: Rotom\n|-singleturn|p2a: Rotom|Helping Hand|[of] p2b: Indeedee\n|move|p2a: Rotom|Thunderbolt|p1a: Dondozo\n|-supereffective|p1a: Dondozo\n|-damage|p1a: Dondozo|0 fnt\n|faint|p1a: Dondozo\n|\n|upkeep\n|\n|t:|1683734184\n|switch|p1a: Gholdengo|Gholdengo, L50|100\/100\n|turn|3\n|\n|t:|1683734203\n|-terastallize|p1a: Gholdengo|Steel\n|move|p2b: Indeedee|Follow Me|p2b: Indeedee\n|-singleturn|p2b: Indeedee|move: Follow Me\n|move|p1a: Gholdengo|Make It Rain|p2b: Indeedee|[spread] p2a,p2b\n|-resisted|p2a: Rotom\n|-damage|p2a: Rotom|52\/100\n|-damage|p2b: Indeedee|0 fnt\n|-unboost|p1a: Gholdengo|spa|1\n|faint|p2b: Indeedee\n|move|p2a: Rotom|Dark Pulse|p1a: Gholdengo\n|-damage|p1a: Gholdengo|41\/100\n|move|p1b: Tatsugiri|Muddy Water|p2a: Rotom\n|-damage|p2a: Rotom|0 fnt\n|faint|p2a: Rotom\n|\n|upkeep\n|\n|t:|1683734224\n|switch|p2a: Meowscarada|Meowscarada, L50, F|100\/100\n|switch|p2b: Flutter Mane|Flutter Mane, L50|100\/100\n|turn|4\n|\n|t:|1683734243\n|move|p2b: Flutter Mane|Mystical Fire|p1a: Gholdengo\n|-supereffective|p1a: Gholdengo\n|-damage|p1a: Gholdengo|0 fnt\n|faint|p1a: Gholdengo\n|move|p2a: Meowscarada|Play Rough|p1b: Tatsugiri|[miss]\n|-start|p2a: Meowscarada|typechange|Fairy|[from] ability: Protean\n|-miss|p2a: Meowscarada|p1b: Tatsugiri\n|move|p1b: Tatsugiri|Icy Wind|p2a: Meowscarada|[spread] p2a,p2b\n|-damage|p2a: Meowscarada|80\/100\n|-damage|p2b: Flutter Mane|87\/100\n|-unboost|p2a: Meowscarada|spe|1\n|-unboost|p2b: Flutter Mane|spe|1\n|\n|upkeep\n|\n|t:|1683734259\n|switch|p1a: Kingambit|Kingambit, L50, F|100\/100\n|-activate|p1a: Kingambit|ability: Supreme Overlord\n|-start|p1a: Kingambit|fallen2|[silent]\n|turn|5\n|\n|t:|1683734271\n|move|p1a: Kingambit|Sucker Punch|p2b: Flutter Mane\n|-activate|p2b: Flutter Mane|move: Psychic Terrain\n|move|p2b: Flutter Mane|Mystical Fire|p1a: Kingambit\n|-supereffective|p1a: Kingambit\n|-crit|p1a: Kingambit\n|-damage|p1a: Kingambit|22\/100\n|-unboost|p1a: Kingambit|spa|1\n|move|p2a: Meowscarada|Play Rough|p1b: Tatsugiri|[miss]\n|-miss|p2a: Meowscarada|p1b: Tatsugiri\n|move|p1b: Tatsugiri|Muddy Water|p2a: Meowscarada|[spread] p2a,p2b\n|-damage|p2a: Meowscarada|32\/100\n|-damage|p2b: Flutter Mane|54\/100\n|\n|-fieldend|move: Psychic Terrain\n|upkeep\n|turn|6\n|\n|t:|1683734311\n|move|p1a: Kingambit|Sucker Punch||[still]\n|-fail|p1a: Kingambit\n|move|p2b: Flutter Mane|Perish Song|p2b: Flutter Mane\n|-start|p1a: Kingambit|perish3|[silent]\n|-start|p1b: Tatsugiri|perish3|[silent]\n|-start|p2a: Meowscarada|perish3|[silent]\n|-start|p2b: Flutter Mane|perish3|[silent]\n|-fieldactivate|move: Perish Song\n|move|p2a: Meowscarada|Play Rough|p1a: Kingambit\n|-crit|p1a: Kingambit\n|-damage|p1a: Kingambit|0 fnt\n|faint|p1a: Kingambit\n|-end|p1a: Kingambit|fallen2|[silent]\n|move|p1b: Tatsugiri|Muddy Water|p2b: Flutter Mane|[spread] p2a,p2b\n|-crit|p2b: Flutter Mane\n|-damage|p2a: Meowscarada|0 fnt\n|-damage|p2b: Flutter Mane|7\/100\n|-unboost|p2b: Flutter Mane|accuracy|1\n|faint|p2a: Meowscarada\n|\n|-start|p2b: Flutter Mane|perish3\n|-start|p1b: Tatsugiri|perish3\n|upkeep\n|turn|7\n|\n|t:|1683734330\n|move|p2b: Flutter Mane|Dazzling Gleam|p1b: Tatsugiri|[miss]\n|-miss|p2b: Flutter Mane|p1b: Tatsugiri\n|move|p1b: Tatsugiri|Icy Wind|p2b: Flutter Mane\n|-damage|p2b: Flutter Mane|0 fnt\n|faint|p2b: Flutter Mane\n|-end|p2b: Flutter Mane|Protosynthesis|[silent]\n|\n|win|setupmovesR4noobs\n|raw|setupmovesR4noobs's rating: 1133 → 1156<\/strong> (+23 for winning)\n|raw|Goldeb4980's rating: 1112 → 1089<\/strong> (-23 for losing)\n|l|\u2606Goldeb4980\n|c|\u2606setupmovesR4noobs|I feel bad I know how that feels\n|l|\u2606setupmovesR4noobs\n|j|\u2606Goldeb4980\n|player|p2|Goldeb4980|erika\n","uploadtime":1683734438,"views":9,"p1id":"setupmovesr4noobs","p2id":"goldeb4980","formatid":"gen9vgc2023regulationc","rating":1089,"private":0,"password":""}