{"id":"gen9vgc2023regulationc-1851786222","p1":"bananahammer74","p2":"Tivmi","format":"[Gen 9] VGC 2023 Regulation C","log":"|j|\u2606bananahammer74\n|j|\u2606Tivmi\n|t:|1682483445\n|gametype|doubles\n|player|p1|bananahammer74|swimmer-gen4dp|1161\n|player|p2|Tivmi|iris-gen5bw2|1213\n|teamsize|p1|6\n|teamsize|p2|6\n|gen|9\n|tier|[Gen 9] VGC 2023 Regulation C\n|rated|\n|rule|Species Clause: Limit one of each Pok\u00e9mon\n|rule|Item Clause: Limit one of each item\n|clearpoke\n|poke|p1|Palafin, L50, M|\n|poke|p1|Chien-Pao, L50|\n|poke|p1|Dragapult, L50, M|\n|poke|p1|Amoonguss, L50, M|\n|poke|p1|Arcanine, L50, F|\n|poke|p1|Flutter Mane, L50|\n|poke|p2|Kingambit, L50, M|\n|poke|p2|Amoonguss, L50, M|\n|poke|p2|Dragapult, L50, M|\n|poke|p2|Chien-Pao, L50|\n|poke|p2|Glimmora, L50, M|\n|poke|p2|Maushold-Four, L50|\n|teampreview|4\nbananahammer74 has agreed to open team sheets.\n|inactive|Battle timer is ON: inactive players will automatically lose when time's up. (requested by bananahammer74)\n|inactive|Tivmi has 60 seconds left.\n|\n|t:|1682483485\n|start\n|switch|p1a: Dozo|Palafin, L50, M|100\/100\n|switch|p1b: Mimi|Flutter Mane, L50|100\/100\n|switch|p2a: Kingambit|Kingambit, L50, M|100\/100\n|switch|p2b: Amoonguss|Amoonguss, L50, M|100\/100\n|-enditem|p1b: Mimi|Booster Energy\n|-activate|p1b: Mimi|ability: Protosynthesis|[fromitem]\n|-start|p1b: Mimi|protosynthesisspa\n|turn|1\n|inactive|bananahammer74 has 30 seconds left.\n|\n|t:|1682483511\n|detailschange|p1a: Dozo|Palafin-Hero, L50, M\n|switch|p1a: ChiYu|Arcanine, L50, F|100\/100\n|-ability|p1a: ChiYu|Intimidate|boost\n|-unboost|p2a: Kingambit|atk|1\n|-ability|p2a: Kingambit|Defiant|boost\n|-boost|p2a: Kingambit|atk|2\n|-unboost|p2b: Amoonguss|atk|1\n|move|p2a: Kingambit|Protect|p2a: Kingambit\n|-singleturn|p2a: Kingambit|Protect\n|move|p1b: Mimi|Moonblast|p2a: Kingambit\n|-activate|p2a: Kingambit|move: Protect\n|move|p2b: Amoonguss|Spore|p1b: Mimi\n|-status|p1b: Mimi|slp|[from] move: Spore\n|\n|upkeep\n|turn|2\n|inactive|Tivmi has 30 seconds left.\n|inactive|Tivmi has 20 seconds left.\n|inactive|bananahammer74 has 30 seconds left.\n|inactive|Tivmi has 15 seconds left.\n|inactive|Tivmi has 10 seconds left.\n|\n|t:|1682483560\n|switch|p2b: Chien-Pao|Chien-Pao, L50|100\/100\n|-ability|p2b: Chien-Pao|Sword of Ruin\n|-terastallize|p2a: Kingambit|Flying\n|cant|p1b: Mimi|slp\n|move|p1a: ChiYu|Flare Blitz|p2a: Kingambit\n|-damage|p2a: Kingambit|53\/100\n|-status|p2a: Kingambit|brn\n|-enditem|p2a: Kingambit|Lum Berry|[eat]\n|-curestatus|p2a: Kingambit|brn|[msg]\n|-damage|p1a: ChiYu|84\/100|[from] Recoil\n|move|p2a: Kingambit|Tera Blast|p1a: ChiYu\n|-damage|p1a: ChiYu|0 fnt\n|faint|p1a: ChiYu\n|\n|upkeep\n|inactive|bananahammer74 has 30 seconds left.\n|\n|t:|1682483588\n|switch|p1a: Dozo|Palafin-Hero, L50, M|100\/100\n|-activate|p1a: Dozo|ability: Zero to Hero\n|turn|3\n|\n|t:|1682483596\n|switch|p2b: Amoonguss|Amoonguss, L50, M|100\/100\n|move|p2a: Kingambit|Protect|p2a: Kingambit\n|-singleturn|p2a: Kingambit|Protect\n|move|p1a: Dozo|Jet Punch|p2a: Kingambit\n|-activate|p2a: Kingambit|move: Protect\n|-curestatus|p1b: Mimi|slp|[msg]\n|move|p1b: Mimi|Dazzling Gleam|p2a: Kingambit|[spread] p2b\n|-activate|p2a: Kingambit|move: Protect\n|-resisted|p2b: Amoonguss\n|-crit|p2b: Amoonguss\n|-damage|p2b: Amoonguss|77\/100\n|\n|upkeep\n|turn|4\n|\n|t:|1682483616\n|-terastallize|p1b: Mimi|Fairy\n|move|p2b: Amoonguss|Rage Powder|p2b: Amoonguss\n|-singleturn|p2b: Amoonguss|move: Rage Powder\n|move|p1b: Mimi|Dazzling Gleam|p2b: Amoonguss|[spread] p2a,p2b\n|-resisted|p2b: Amoonguss\n|-crit|p2b: Amoonguss\n|-damage|p2a: Kingambit|7\/100\n|-damage|p2b: Amoonguss|42\/100\n|move|p1a: Dozo|Wave Crash|p2b: Amoonguss\n|-resisted|p2b: Amoonguss\n|-damage|p2b: Amoonguss|5\/100\n|-enditem|p2b: Amoonguss|Iapapa Berry|[eat]\n|-heal|p2b: Amoonguss|38\/100|[from] item: Iapapa Berry\n|-damage|p1a: Dozo|87\/100|[from] Recoil\n|move|p2a: Kingambit|Iron Head|p1b: Mimi\n|-supereffective|p1b: Mimi\n|-damage|p1b: Mimi|0 fnt\n|faint|p1b: Mimi\n|-end|p1b: Mimi|Protosynthesis|[silent]\n|\n|upkeep\n|\n|t:|1682483631\n|switch|p1b: Dnite|Dragapult, L50, M|100\/100\n|turn|5\n|\n|t:|1682483644\n|move|p2b: Amoonguss|Rage Powder|p2b: Amoonguss\n|-singleturn|p2b: Amoonguss|move: Rage Powder\n|move|p1a: Dozo|Jet Punch|p2b: Amoonguss\n|-resisted|p2b: Amoonguss\n|-crit|p2b: Amoonguss\n|-damage|p2b: Amoonguss|8\/100\n|move|p1b: Dnite|Dragon Darts|p2b: Amoonguss\n|-damage|p2b: Amoonguss|0 fnt\n|faint|p2b: Amoonguss\n|move|p2a: Kingambit|Kowtow Cleave|p1b: Dnite\n|-supereffective|p1b: Dnite\n|-crit|p1b: Dnite\n|-damage|p1b: Dnite|0 fnt\n|faint|p1b: Dnite\n|\n|upkeep\n|\n|t:|1682483665\n|switch|p2b: Dragapult|Dragapult, L50, M|100\/100\n|turn|6\n|\n|t:|1682483687\n|move|p1a: Dozo|Protect|p1a: Dozo\n|-singleturn|p1a: Dozo|Protect\n|move|p2b: Dragapult|U-turn|p1a: Dozo\n|-activate|p1a: Dozo|move: Protect\n|move|p2a: Kingambit|Kowtow Cleave|p1a: Dozo\n|-activate|p1a: Dozo|move: Protect\n|\n|upkeep\n|turn|7\n|\n|t:|1682483699\n|move|p2b: Dragapult|U-turn|p1a: Dozo\n|-damage|p1a: Dozo|59\/100\n|\n|t:|1682483701\n|switch|p2b: Chien-Pao|Chien-Pao, L50|100\/100|[from] U-turn\n|-ability|p2b: Chien-Pao|Sword of Ruin\n|move|p1a: Dozo|Wave Crash|p2b: Chien-Pao\n|-enditem|p2b: Chien-Pao|Focus Sash\n|-damage|p2b: Chien-Pao|1\/100\n|-damage|p1a: Dozo|34\/100|[from] Recoil\n|move|p2a: Kingambit|Kowtow Cleave|p1a: Dozo\n|-crit|p1a: Dozo\n|-damage|p1a: Dozo|0 fnt\n|faint|p1a: Dozo\n|\n|win|Tivmi\n|raw|bananahammer74's rating: 1161 → 1140<\/strong> (-21 for losing)\n|raw|Tivmi's rating: 1213 → 1234<\/strong> (+21 for winning)\n|l|\u2606bananahammer74\n|c|\u2606Tivmi|gg\n","uploadtime":1682483719,"views":13,"p1id":"bananahammer74","p2id":"tivmi","formatid":"gen9vgc2023regulationc","rating":1140,"private":0,"password":""}