{"id":"gen9vgc2023regulationc-1858910178","p1":"TheEeveeAnimations","p2":"Cammyrupt11","format":"[Gen 9] VGC 2023 Regulation C","log":"|j|\u2606TheEeveeAnimations\n|j|\u2606Cammyrupt11\n|t:|1683382279\n|gametype|doubles\n|player|p1|TheEeveeAnimations|dahlia|\n|player|p2|Cammyrupt11|youngster-gen4dp|\n|teamsize|p1|6\n|teamsize|p2|6\n|gen|9\n|tier|[Gen 9] VGC 2023 Regulation C\n|rated|Tournament battle\n|rule|Species Clause: Limit one of each Pok\u00e9mon\n|rule|Item Clause: Limit one of each item\n|clearpoke\n|poke|p1|Ting-Lu, L50|\n|poke|p1|Gyarados, L50, F|\n|poke|p1|Roaring Moon, L50|\n|poke|p1|Klefki, L50, M|\n|poke|p1|Amoonguss, L50, M|\n|poke|p1|Iron Hands, L50|\n|poke|p2|Kingambit, L50, M|\n|poke|p2|Chien-Pao, L50|\n|poke|p2|Arcanine, L50, M|\n|poke|p2|Flutter Mane, L50|\n|poke|p2|Amoonguss, L50, M|\n|poke|p2|Palafin, L50, M|\n|teampreview|4\n|raw| Open Team Sheet for TheEeveeAnimations<\/summary>Ting-Lu @ Leftovers Ability: Vessel of Ruin Level: 50 Tera Type: Water - Sand Tomb - Snarl - Protect - Heavy Slam Gyarados @ Binding Band Ability: Intimidate Level: 50 Tera Type: Poison - Whirlpool - Protect - Waterfall - Taunt Roaring Moon @ Booster Energy Ability: Protosynthesis Level: 50 Tera Type: Flying - Dragon Dance - Roost - Acrobatics - Protect Klefki @ Light Clay Ability: Prankster Level: 50 Tera Type: Fire - Dazzling Gleam - Light Screen - Reflect - Thunder Wave Amoonguss @ Sitrus Berry Ability: Regenerator Level: 50 Tera Type: Water - Clear Smog - Spore - Pollen Puff - Rage Powder Iron Hands @ Assault Vest Ability: Quark Drive Level: 50 Tera Type: Grass - Volt Switch - Fake Out - Close Combat - Wild Charge <\/details><\/div> Open Team Sheet for Cammyrupt11<\/summary>Kingambit @ Assault Vest Ability: Defiant Level: 50 Tera Type: Flying - Iron Head - Sucker Punch - Assurance - Tera Blast Chien-Pao @ Focus Sash Ability: Sword of Ruin Level: 50 Tera Type: Ghost - Ice Spinner - Sucker Punch - Sacred Sword - Protect Arcanine (M) @ Safety Goggles Ability: Intimidate Level: 50 Tera Type: Water - Flare Blitz - Extreme Speed - Will-O-Wisp - Protect Flutter Mane @ Choice Specs Ability: Protosynthesis Level: 50 Tera Type: Fairy - Shadow Ball - Dazzling Gleam - Thunderbolt - Moonblast Amoonguss (M) @ Sitrus Berry Ability: Regenerator Level: 50 Tera Type: Water - Pollen Puff - Clear Smog - Rage Powder - Spore Palafin (M) @ Mystic Water Ability: Zero to Hero Level: 50 Shiny: Yes Tera Type: Water - Jet Punch - Wave Crash - Substitute - Protect <\/details><\/div>\n|j| Noinoinoi\n|j| Draxolotl\n|j| TrickyOwl\n|j| XD VIRGO\n|j| Bakonlikescufant\n|c|\u2606TheEeveeAnimations|Sick team\n|c|\u2606TheEeveeAnimations|glhf\n|c|\u2606Cammyrupt11|glhf\n|j| Insertable194\n|j| rent_b0i\n|j| DurantBestSweeper\n|j| Tempest brute\n|\n|t:|1683382316\n|start\n|switch|p1a: Iron Hands|Iron Hands, L50|100\/100\n|switch|p1b: Klefki|Klefki, L50, M|100\/100\n|switch|p2a: Kingambit|Kingambit, L50, M|100\/100\n|switch|p2b: Arcanine|Arcanine, L50, M|100\/100\n|-ability|p2b: Arcanine|Intimidate|boost\n|-unboost|p1a: Iron Hands|atk|1\n|-unboost|p1b: Klefki|atk|1\n|turn|1\n|c| Bakonlikescufant|da KIS\n|j| Bdubs wings\n|c| Bakonlikescufant|DA KLEF KIS\n|c| rent_b0i|no commentary\n|c| Bakonlikescufant|aw\n|c| rent_b0i|ikr\n|c| Draxolotl|cammyrupt dont underestimate the power of a keychain\n|\n|t:|1683382347\n|switch|p2a: Flutter Mane|Flutter Mane, L50|100\/100\n|move|p1b: Klefki|Thunder Wave|p2b: Arcanine\n|-status|p2b: Arcanine|par\n|move|p2b: Arcanine|Will-O-Wisp|p1a: Iron Hands\n|-status|p1a: Iron Hands|brn\n|move|p1a: Iron Hands|Close Combat|p2a: Flutter Mane\n|-immune|p2a: Flutter Mane\n|\n|-damage|p1a: Iron Hands|94\/100 brn|[from] brn\n|upkeep\n|turn|2\n|c| rent_b0i|someone getting a little bit sensitive when we talk so don't\n|j| gamall\n|\n|t:|1683382389\n|move|p1b: Klefki|Light Screen|p1b: Klefki\n|-sidestart|p1: TheEeveeAnimations|move: Light Screen\n|move|p2a: Flutter Mane|Dazzling Gleam|p1b: Klefki|[spread] p1a,p1b\n|-supereffective|p1a: Iron Hands\n|-resisted|p1b: Klefki\n|-damage|p1a: Iron Hands|67\/100 brn\n|-damage|p1b: Klefki|85\/100\n|move|p2b: Arcanine|Flare Blitz|p1b: Klefki\n|-supereffective|p1b: Klefki\n|-damage|p1b: Klefki|0 fnt\n|faint|p1b: Klefki\n|-damage|p2b: Arcanine|77\/100 par|[from] Recoil\n|move|p1a: Iron Hands|Volt Switch|p2a: Flutter Mane\n|-damage|p2a: Flutter Mane|87\/100\n|\n|t:|1683382405\n|-end|p1a: Iron Hands|Quark Drive|[silent]\n|switch|p1a: Roaring Moon|Roaring Moon, L50|100\/100|[from] Volt Switch\n|-enditem|p1a: Roaring Moon|Booster Energy\n|-activate|p1a: Roaring Moon|ability: Protosynthesis|[fromitem]\n|-start|p1a: Roaring Moon|protosynthesisatk\n|\n|upkeep\n|\n|t:|1683382407\n|switch|p1b: Ting-Lu|Ting-Lu, L50|100\/100\n|-ability|p1b: Ting-Lu|Vessel of Ruin\n|turn|3\n|\n|t:|1683382439\n|-end|p2a: Flutter Mane|Protosynthesis|[silent]\n|switch|p2a: Kingambit|Kingambit, L50, M|100\/100\n|-terastallize|p1a: Roaring Moon|Flying\n|move|p1a: Roaring Moon|Dragon Dance|p1a: Roaring Moon\n|-boost|p1a: Roaring Moon|atk|1\n|-boost|p1a: Roaring Moon|spe|1\n|move|p2b: Arcanine|Will-O-Wisp|p1a: Roaring Moon\n|-status|p1a: Roaring Moon|brn\n|move|p1b: Ting-Lu|Heavy Slam|p2a: Kingambit\n|-resisted|p2a: Kingambit\n|-damage|p2a: Kingambit|89\/100\n|\n|-damage|p1a: Roaring Moon|95\/100 brn|[from] brn\n|upkeep\n|turn|4\n|\n|t:|1683382462\n|switch|p2a: Flutter Mane|Flutter Mane, L50|87\/100\n|move|p1a: Roaring Moon|Protect|p1a: Roaring Moon\n|-singleturn|p1a: Roaring Moon|Protect\n|move|p2b: Arcanine|Will-O-Wisp|p1b: Ting-Lu\n|-status|p1b: Ting-Lu|brn\n|move|p1b: Ting-Lu|Sand Tomb|p2b: Arcanine|[miss]\n|-miss|p1b: Ting-Lu|p2b: Arcanine\n|\n|-damage|p1a: Roaring Moon|89\/100 brn|[from] brn\n|-damage|p1b: Ting-Lu|94\/100 brn|[from] brn\n|upkeep\n|turn|5\n|c|\u2606TheEeveeAnimations|I have missed like 5 sand tombs today\n|c|\u2606Cammyrupt11|I feel the pain\n|c| rent_b0i|don't say anything back to that\n|c|\u2606Cammyrupt11|Usuaally I miss 90% of my wisps\n|c|\u2606Cammyrupt11|Shocked these have all hit\n|c|\u2606TheEeveeAnimations|I stopped running wisp\n|\n|t:|1683382518\n|-end|p2a: Flutter Mane|Protosynthesis|[silent]\n|switch|p2a: Kingambit|Kingambit, L50, M|89\/100\n|move|p2b: Arcanine|Protect|p2b: Arcanine\n|-singleturn|p2b: Arcanine|Protect\n|move|p1a: Roaring Moon|Acrobatics|p2a: Kingambit\n|-resisted|p2a: Kingambit\n|-damage|p2a: Kingambit|70\/100\n|move|p1b: Ting-Lu|Snarl|p2b: Arcanine|[spread] p2a\n|-activate|p2b: Arcanine|move: Protect\n|-resisted|p2a: Kingambit\n|-damage|p2a: Kingambit|67\/100\n|-unboost|p2a: Kingambit|spa|1\n|-ability|p2a: Kingambit|Defiant|boost\n|-boost|p2a: Kingambit|atk|2\n|\n|-heal|p1b: Ting-Lu|100\/100 brn|[from] item: Leftovers\n|-damage|p1a: Roaring Moon|83\/100 brn|[from] brn\n|-damage|p1b: Ting-Lu|94\/100 brn|[from] brn\n|upkeep\n|turn|6\n|c|\u2606TheEeveeAnimations|for the sole purpose of i hate missing it\n|c| Noinoinoi|As Pokemon masters always say,\n|c|\u2606TheEeveeAnimations|I definitely boned myself here\n|c| Noinoinoi|if its not 100 accurate, then its 50\n|c| Draxolotl|yes\n|\n|t:|1683382547\n|switch|p1b: Iron Hands|Iron Hands, L50|67\/100 brn\n|-terastallize|p2a: Kingambit|Flying\n|move|p1a: Roaring Moon|Protect|p1a: Roaring Moon\n|-singleturn|p1a: Roaring Moon|Protect\n|move|p2b: Arcanine|Extreme Speed|p1b: Iron Hands\n|-damage|p1b: Iron Hands|53\/100 brn\n|move|p2a: Kingambit|Assurance|p1b: Iron Hands\n|-resisted|p1b: Iron Hands\n|-damage|p1b: Iron Hands|7\/100 brn\n|\n|-damage|p1a: Roaring Moon|77\/100 brn|[from] brn\n|-damage|p1b: Iron Hands|1\/100 brn|[from] brn\n|upkeep\n|turn|7\n|c| rent_b0i|we not supposed to talk y'all\n|l| DurantBestSweeper\n|c|\u2606TheEeveeAnimations|First off\n|c|\u2606TheEeveeAnimations|thats not what i said\n|c| Bdubs wings|Bro it\u2019s 9am y\u2019all some grinders fr\n|c| Draxolotl|rent_B0i stfu\n|c| rent_b0i|please refrain from the commentary\n|\n|t:|1683382593\n|switch|p2b: Flutter Mane|Flutter Mane, L50|87\/100\n|move|p2a: Kingambit|Sucker Punch|p1a: Roaring Moon\n|-damage|p1a: Roaring Moon|3\/100 brn\n|move|p1a: Roaring Moon|Acrobatics|p2a: Kingambit\n|-damage|p2a: Kingambit|26\/100\n|move|p1b: Iron Hands|Wild Charge|p2a: Kingambit\n|-supereffective|p2a: Kingambit\n|-damage|p2a: Kingambit|0 fnt\n|faint|p2a: Kingambit\n|-damage|p1b: Iron Hands|0 fnt|[from] Recoil\n|faint|p1b: Iron Hands\n|-end|p1b: Iron Hands|Quark Drive|[silent]\n|\n|-damage|p1a: Roaring Moon|0 fnt|[from] brn\n|faint|p1a: Roaring Moon\n|-end|p1a: Roaring Moon|Protosynthesis|[silent]\n|upkeep\n|c| rent_b0i|that's what they just said to me\n|\n|t:|1683382607\n|switch|p2a: Arcanine|Arcanine, L50, M|77\/100 par\n|switch|p1b: Ting-Lu|Ting-Lu, L50|94\/100 brn\n|-ability|p2a: Arcanine|Intimidate|boost\n|-unboost|p1b: Ting-Lu|atk|1\n|-ability|p1b: Ting-Lu|Vessel of Ruin\n|turn|8\n|c|\u2606TheEeveeAnimations|You were commentating on my opponents plays\n|l| Bakonlikescufant\n|j| pokeveteran04\n|c|\u2606TheEeveeAnimations|which was just rude\n|c| rent_b0i|?\n|c| Noinoinoi|Imagine eevee lands 3 fissures in a row\n|\n|t:|1683382632\n|cant|p2a: Arcanine|par\n|move|p2b: Flutter Mane|Moonblast|p1b: Ting-Lu\n|-supereffective|p1b: Ting-Lu\n|-damage|p1b: Ting-Lu|52\/100 brn\n|-unboost|p1b: Ting-Lu|spa|1\n|move|p1b: Ting-Lu|Sand Tomb|p2a: Arcanine\n|-supereffective|p2a: Arcanine\n|-damage|p2a: Arcanine|68\/100 par\n|-activate|p2a: Arcanine|move: Sand Tomb|[of] p1b: Ting-Lu\n|\n|-heal|p1b: Ting-Lu|59\/100 brn|[from] item: Leftovers\n|-damage|p1b: Ting-Lu|52\/100 brn|[from] brn\n|-damage|p2a: Arcanine|56\/100 par|[from] move: Sand Tomb|[partiallytrapped]\n|upkeep\n|turn|9\n|\n|t:|1683382645\n|move|p2a: Arcanine|Extreme Speed|p1b: Ting-Lu\n|-damage|p1b: Ting-Lu|42\/100 brn\n|move|p2b: Flutter Mane|Moonblast|p1b: Ting-Lu\n|-supereffective|p1b: Ting-Lu\n|-damage|p1b: Ting-Lu|0 fnt\n|faint|p1b: Ting-Lu\n|\n|win|Cammyrupt11\n|n|\u2606TheEeveeAnimations|theeeveeanimations\n|n|\u2606Cammyrupt11|cammyrupt11\n|n| Noinoinoi|noinoinoi\n|n| Draxolotl|draxolotl\n|n| TrickyOwl|trickyowl\n|n| XD VIRGO|xdvirgo\n|n| Insertable194|insertable194\n|n| rent_b0i|rentb0i\n|n| Tempest brute|tempestbrute\n|n| Bdubs wings|bdubswings\n|n| gamall|gamall\n|n| pokeveteran04|pokeveteran04\n","uploadtime":1683382646,"views":7,"p1id":"theeeveeanimations","p2id":"cammyrupt11","formatid":"gen9vgc2023regulationc","rating":0,"private":0,"password":""}