{"id":"gen9vgc2023regulationc-1854086620","p1":"81double\u5df4\u4f0a\u8fbe\u5e03","p2":"ialcc","format":"[Gen 9] VGC 2023 Regulation C","log":"|j|\u260681double\u5df4\u4f0a\u8fbe\u5e03\n|j|\u2606ialcc\n|t:|1682766831\n|gametype|doubles\n|player|p1|81double\u5df4\u4f0a\u8fbe\u5e03|steven|\n|player|p2|ialcc|266|\n|teamsize|p1|6\n|teamsize|p2|6\n|gen|9\n|tier|[Gen 9] VGC 2023 Regulation C\n|rule|Species Clause: Limit one of each Pok\u00e9mon\n|rule|Item Clause: Limit one of each item\n|clearpoke\n|poke|p1|Arcanine, L50, M|\n|poke|p1|Ting-Lu, L50|\n|poke|p1|Amoonguss, L50, M|\n|poke|p1|Flutter Mane, L50|\n|poke|p1|Palafin, L50, M|\n|poke|p1|Dragonite, L50, M|\n|poke|p2|Ting-Lu, L50|\n|poke|p2|Flutter Mane, L50|\n|poke|p2|Palafin, L50, M|\n|poke|p2|Amoonguss, L50, F|\n|poke|p2|Arcanine, L50, M|\n|poke|p2|Baxcalibur, L50, M|\n|teampreview|4\n81double\u5df4\u4f0a\u8fbe\u5e03 has agreed to open team sheets.\n|c|\u2606ialcc|g1\nialcc has agreed to open team sheets.\n|\n|t:|1682766935\n|start\n|switch|p1a: Amoonguss|Amoonguss, L50, M, shiny|100\/100\n|switch|p1b: Dragonite|Dragonite, L50, M, shiny|100\/100\n|switch|p2a: Palafin|Palafin, L50, M|100\/100\n|switch|p2b: Baxcalibur|Baxcalibur, L50, M|100\/100\n|turn|1\n|\n|t:|1682766977\n|detailschange|p2a: Palafin|Palafin-Hero, L50, M\n|switch|p2a: Amoonguss|Amoonguss, L50, F|100\/100\n|-terastallize|p1b: Dragonite|Normal\n|move|p1b: Dragonite|Extreme Speed|p2b: Baxcalibur\n|-damage|p2b: Baxcalibur|42\/100\n|move|p1a: Amoonguss|Rage Powder|p1a: Amoonguss\n|-singleturn|p1a: Amoonguss|move: Rage Powder\n|move|p2b: Baxcalibur|Icicle Crash|p1a: Amoonguss\n|-supereffective|p1a: Amoonguss\n|-damage|p1a: Amoonguss|0 fnt\n|faint|p1a: Amoonguss\n|-damage|p2b: Baxcalibur|32\/100|[from] item: Life Orb\n|\n|upkeep\n|\n|t:|1682766994\n|switch|p1a: Our Canine|Arcanine, L50, M, shiny|100\/100\n|-ability|p1a: Our Canine|Intimidate|boost\n|-unboost|p2a: Amoonguss|atk|1\n|-unboost|p2b: Baxcalibur|atk|1\n|turn|2\n|\n|t:|1682767019\n|-terastallize|p2a: Amoonguss|Water\n|move|p1b: Dragonite|Extreme Speed|p2b: Baxcalibur\n|-damage|p2b: Baxcalibur|0 fnt\n|faint|p2b: Baxcalibur\n|move|p1a: Our Canine|Will-O-Wisp|p2a: Amoonguss\n|-status|p2a: Amoonguss|brn\n|move|p2a: Amoonguss|Spore|p1b: Dragonite\n|-status|p1b: Dragonite|slp|[from] move: Spore\n|\n|-damage|p2a: Amoonguss|95\/100 brn|[from] brn\n|upkeep\n|\n|t:|1682767034\n|switch|p2b: Palafin|Palafin-Hero, L50, M|100\/100\n|-activate|p2b: Palafin|ability: Zero to Hero\n|turn|3\n|\n|t:|1682767042\n|move|p1a: Our Canine|Protect|p1a: Our Canine\n|-singleturn|p1a: Our Canine|Protect\n|cant|p1b: Dragonite|slp\n|move|p2a: Amoonguss|Rage Powder|p2a: Amoonguss\n|-singleturn|p2a: Amoonguss|move: Rage Powder\n|move|p2b: Palafin|Substitute|p2b: Palafin\n|-start|p2b: Palafin|Substitute\n|-damage|p2b: Palafin|76\/100\n|\n|-damage|p2a: Amoonguss|89\/100 brn|[from] brn\n|upkeep\n|turn|4\n|\n|t:|1682767083\n|switch|p2a: Arcanine|Arcanine, L50, M|100\/100\n|-ability|p2a: Arcanine|Intimidate|boost\n|-unboost|p1a: Our Canine|atk|1\n|-fail|p1b: Dragonite|unboost|Attack|[from] ability: Inner Focus|[of] p1b: Dragonite\n|-curestatus|p1b: Dragonite|slp|[msg]\n|move|p1b: Dragonite|Extreme Speed|p2b: Palafin\n|-end|p2b: Palafin|Substitute\n|move|p1a: Our Canine|Snarl|p2b: Palafin|[spread] p2a,p2b\n|-damage|p2a: Arcanine|91\/100\n|-damage|p2b: Palafin|68\/100\n|-unboost|p2a: Arcanine|spa|1\n|-unboost|p2b: Palafin|spa|1\n|move|p2b: Palafin|Wave Crash|p1b: Dragonite\n|-damage|p1b: Dragonite|18\/100\n|-damage|p2b: Palafin|42\/100|[from] Recoil\n|\n|upkeep\n|turn|5\n|\n|t:|1682767148\n|switch|p1b: Flitter|Flutter Mane, L50, shiny|100\/100\n|-enditem|p1b: Flitter|Booster Energy\n|-activate|p1b: Flitter|ability: Protosynthesis|[fromitem]\n|-start|p1b: Flitter|protosynthesisspa\n|move|p1a: Our Canine|Protect|p1a: Our Canine\n|-singleturn|p1a: Our Canine|Protect\n|move|p2b: Palafin|Protect|p2b: Palafin\n|-singleturn|p2b: Palafin|Protect\n|move|p2a: Arcanine|Flare Blitz|p1b: Flitter\n|-damage|p1b: Flitter|6\/100\n|-damage|p2a: Arcanine|65\/100|[from] Recoil\n|\n|upkeep\n|turn|6\n|\n|t:|1682767165\n|switch|p2a: Amoonguss|Amoonguss, L50, F, tera:Water|100\/100 brn\n|move|p1b: Flitter|Protect|p1b: Flitter\n|-singleturn|p1b: Flitter|Protect\n|move|p2b: Palafin|Jet Punch|p1b: Flitter\n|-activate|p1b: Flitter|move: Protect\n|move|p1a: Our Canine|Will-O-Wisp|p2b: Palafin\n|-status|p2b: Palafin|brn\n|\n|-damage|p2b: Palafin|36\/100 brn|[from] brn\n|-damage|p2a: Amoonguss|95\/100 brn|[from] brn\n|upkeep\n|turn|7\n|\n|t:|1682767191\n|move|p1b: Flitter|Protect|p1b: Flitter\n|-singleturn|p1b: Flitter|Protect\n|move|p2b: Palafin|Jet Punch|p1b: Flitter\n|-activate|p1b: Flitter|move: Protect\n|move|p1a: Our Canine|Flare Blitz|p2b: Palafin\n|-resisted|p2b: Palafin\n|-damage|p2b: Palafin|20\/100 brn\n|-damage|p1a: Our Canine|95\/100|[from] Recoil\n|move|p2a: Amoonguss|Pollen Puff|p2b: Palafin\n|-heal|p2b: Palafin|70\/100 brn\n|\n|-damage|p2b: Palafin|64\/100 brn|[from] brn\n|-damage|p2a: Amoonguss|89\/100 brn|[from] brn\n|upkeep\n|turn|8\n|\n|t:|1682767221\n|switch|p1a: Dragonite|Dragonite, L50, M, shiny, tera:Normal|18\/100\n|move|p2b: Palafin|Jet Punch|p1b: Flitter\n|-damage|p1b: Flitter|0 fnt\n|faint|p1b: Flitter\n|-end|p1b: Flitter|Protosynthesis|[silent]\n|move|p2a: Amoonguss|Pollen Puff|p2b: Palafin\n|-heal|p2b: Palafin|100\/100 brn\n|\n|-damage|p2b: Palafin|95\/100 brn|[from] brn\n|-damage|p2a: Amoonguss|83\/100 brn|[from] brn\n|upkeep\n|\n|t:|1682767227\n|switch|p1b: Our Canine|Arcanine, L50, M, shiny|95\/100\n|-ability|p1b: Our Canine|Intimidate|boost\n|-unboost|p2a: Amoonguss|atk|1\n|-unboost|p2b: Palafin|atk|1\n|turn|9\n|\n|t:|1682767246\n|switch|p2b: Arcanine|Arcanine, L50, M|65\/100\n|-ability|p2b: Arcanine|Intimidate|boost\n|-fail|p1a: Dragonite|unboost|Attack|[from] ability: Inner Focus|[of] p1a: Dragonite\n|-unboost|p1b: Our Canine|atk|1\n|move|p1a: Dragonite|Extreme Speed|p2b: Arcanine\n|-crit|p2b: Arcanine\n|-damage|p2b: Arcanine|0 fnt\n|faint|p2b: Arcanine\n|move|p1b: Our Canine|Flare Blitz|p2a: Amoonguss\n|-resisted|p2a: Amoonguss\n|-damage|p2a: Amoonguss|69\/100 brn\n|-damage|p1b: Our Canine|90\/100|[from] Recoil\n|move|p2a: Amoonguss|Spore|p1a: Dragonite\n|-status|p1a: Dragonite|slp|[from] move: Spore\n|\n|-damage|p2a: Amoonguss|63\/100 brn|[from] brn\n|upkeep\n|\n|t:|1682767261\n|switch|p2b: Palafin|Palafin-Hero, L50, M|95\/100 brn\n|turn|10\n|\n|t:|1682767269\n|cant|p1a: Dragonite|slp\n|move|p1b: Our Canine|Flare Blitz|p2b: Palafin\n|-resisted|p2b: Palafin\n|-damage|p2b: Palafin|78\/100 brn\n|-damage|p1b: Our Canine|84\/100|[from] Recoil\n|move|p2b: Palafin|Wave Crash|p1a: Dragonite\n|-damage|p1a: Dragonite|0 fnt\n|faint|p1a: Dragonite\n|-damage|p2b: Palafin|72\/100 brn|[from] Recoil\n|move|p2a: Amoonguss|Pollen Puff|p2b: Palafin\n|-heal|p2b: Palafin|100\/100 brn\n|\n|-damage|p2b: Palafin|95\/100 brn|[from] brn\n|-damage|p2a: Amoonguss|57\/100 brn|[from] brn\n|upkeep\n|turn|11\n|-message|81double\u5df4\u4f0a\u8fbe\u5e03 forfeited.\n|\n|win|ialcc\n|l|\u2606ialcc\n|l|\u260681double\u5df4\u4f0a\u8fbe\u5e03\n|j|\u260681double\u5df4\u4f0a\u8fbe\u5e03\n|player|p1|81double\u5df4\u4f0a\u8fbe\u5e03|steven\n|j|\u2606ialcc\n|player|p2|ialcc|266\n","uploadtime":1682767784,"views":16,"p1id":"81double","p2id":"ialcc","formatid":"gen9vgc2023regulationc","rating":0,"private":0,"password":""}