{"id":"gen9vgc2023regulationc-1860729288","p1":"difelix","p2":"canIgetAHuhhhYAaa","format":"[Gen 9] VGC 2023 Regulation C","log":"|j|\u2606difelix\n|j|\u2606canIgetAHuhhhYAaa\n|t:|1683670873\n|gametype|doubles\n|player|p1|difelix|265|1285\n|player|p2|canIgetAHuhhhYAaa|265|1204\n|teamsize|p1|6\n|teamsize|p2|6\n|gen|9\n|tier|[Gen 9] VGC 2023 Regulation C\n|rated|\n|rule|Species Clause: Limit one of each Pok\u00e9mon\n|rule|Item Clause: Limit one of each item\n|clearpoke\n|poke|p1|Flutter Mane, L50|\n|poke|p1|Chi-Yu, L50|\n|poke|p1|Amoonguss, L50, M|\n|poke|p1|Annihilape, L50, F|\n|poke|p1|Scream Tail, L50|\n|poke|p1|Iron Bundle, L50|\n|poke|p2|Scovillain, L50, F|\n|poke|p2|Torkoal, L50, M|\n|poke|p2|Roaring Moon, L50|\n|poke|p2|Sandy Shocks, L50|\n|poke|p2|Espathra, L50, M|\n|poke|p2|Tinkaton, L50, F|\n|teampreview|4\n|inactive|Battle timer is ON: inactive players will automatically lose when time's up. (requested by difelix)\n|\n|t:|1683670944\n|start\n|switch|p1a: Scream Tail|Scream Tail, L50|100\/100\n|switch|p1b: Annihilape|Annihilape, L50, F|100\/100\n|switch|p2a: Sandy Shocks|Sandy Shocks, L50|100\/100\n|switch|p2b: Espathra|Espathra, L50, M|100\/100\n|-enditem|p1a: Scream Tail|Booster Energy\n|-activate|p1a: Scream Tail|ability: Protosynthesis|[fromitem]\n|-start|p1a: Scream Tail|protosynthesisspe\n|turn|1\n|inactive|difelix has 30 seconds left.\n|inactive|canIgetAHuhhhYAaa has 30 seconds left.\n|\n|t:|1683670975\n|move|p1b: Annihilape|Protect|p1b: Annihilape\n|-singleturn|p1b: Annihilape|Protect\n|move|p1a: Scream Tail|Dazzling Gleam|p2b: Espathra|[spread] p2a,p2b\n|-damage|p2a: Sandy Shocks|83\/100\n|-damage|p2b: Espathra|81\/100\n|move|p2a: Sandy Shocks|Gravity|p2a: Sandy Shocks\n|-fieldstart|move: Gravity\n|move|p2b: Espathra|Substitute|p2b: Espathra\n|-start|p2b: Espathra|Substitute\n|-damage|p2b: Espathra|56\/100\n|\n|-heal|p2b: Espathra|62\/100|[from] item: Leftovers\n|-ability|p2b: Espathra|Speed Boost|boost\n|-boost|p2b: Espathra|spe|1\n|upkeep\n|turn|2\n|inactive|difelix has 30 seconds left.\n|\n|t:|1683671005\n|move|p1a: Scream Tail|Encore|p2b: Espathra\n|-start|p2b: Espathra|Encore\n|move|p2b: Espathra|Substitute|p2b: Espathra\n|-fail|p2b: Espathra|move: Substitute\n|move|p2a: Sandy Shocks|Thunder|p1b: Annihilape\n|-damage|p1b: Annihilape|48\/100\n|-status|p1b: Annihilape|par\n|-enditem|p1b: Annihilape|Sitrus Berry|[eat]\n|-heal|p1b: Annihilape|73\/100 par|[from] item: Sitrus Berry\n|move|p1b: Annihilape|Bulk Up|p1b: Annihilape\n|-boost|p1b: Annihilape|atk|1\n|-boost|p1b: Annihilape|def|1\n|\n|-heal|p2b: Espathra|68\/100|[from] item: Leftovers\n|-ability|p2b: Espathra|Speed Boost|boost\n|-boost|p2b: Espathra|spe|1\n|upkeep\n|turn|3\n|inactive|difelix has 30 seconds left.\n|inactive|canIgetAHuhhhYAaa has 30 seconds left.\n|inactive|difelix has 20 seconds left.\n|inactive|difelix has 15 seconds left.\n|inactive|difelix has 10 seconds left.\n|\n|t:|1683671052\n|switch|p2b: Tinkaton|Tinkaton, L50, F|100\/100\n|-ability|p2b: Tinkaton|Mold Breaker\n|move|p1a: Scream Tail|Disable|p2a: Sandy Shocks\n|-start|p2a: Sandy Shocks|Disable|Thunder\n|cant|p2a: Sandy Shocks|Disable|Thunder\n|move|p1b: Annihilape|Drain Punch|p2b: Tinkaton\n|-damage|p2b: Tinkaton|38\/100\n|-heal|p1b: Annihilape|99\/100 par|[from] drain|[of] p2b: Tinkaton\n|\n|upkeep\n|turn|4\n|inactive|difelix has 30 seconds left.\n|inactive|canIgetAHuhhhYAaa has 30 seconds left.\n|inactive|canIgetAHuhhhYAaa has 20 seconds left.\n|inactive|canIgetAHuhhhYAaa has 15 seconds left.\n|inactive|canIgetAHuhhhYAaa has 10 seconds left.\n|inactive|canIgetAHuhhhYAaa has 5 seconds left.\n|\n|t:|1683671107\n|move|p1a: Scream Tail|Protect|p1a: Scream Tail\n|-singleturn|p1a: Scream Tail|Protect\n|move|p2a: Sandy Shocks|Protect|p2a: Sandy Shocks\n|-singleturn|p2a: Sandy Shocks|Protect\n|move|p2b: Tinkaton|Fake Out|p1b: Annihilape\n|-immune|p1b: Annihilape\n|move|p1b: Annihilape|Rage Fist|p2a: Sandy Shocks\n|-activate|p2a: Sandy Shocks|move: Protect\n|\n|upkeep\n|turn|5\n|inactive|difelix has 30 seconds left.\n|inactive|canIgetAHuhhhYAaa has 30 seconds left.\n|\n|t:|1683671141\n|move|p1a: Scream Tail|Encore|p2b: Tinkaton\n|-start|p2b: Tinkaton|Encore\n|move|p2a: Sandy Shocks|Earth Power|p1b: Annihilape\n|-damage|p1b: Annihilape|57\/100 par\n|move|p2b: Tinkaton|Fake Out||[still]\n|-hint|Fake Out only works on your first turn out.\n|-fail|p2b: Tinkaton\n|move|p1b: Annihilape|Rage Fist|p2a: Sandy Shocks\n|-damage|p2a: Sandy Shocks|0 fnt\n|faint|p2a: Sandy Shocks\n|-end|p2a: Sandy Shocks|Protosynthesis|[silent]\n|\n|-fieldend|move: Gravity\n|upkeep\n|\n|t:|1683671150\n|switch|p2a: Scovillain|Scovillain, L50, F|100\/100\n|turn|6\n|inactive|difelix has 30 seconds left.\n|\n|t:|1683671175\n|switch|p2b: Espathra|Espathra, L50, M|68\/100\n|move|p1a: Scream Tail|Protect|p1a: Scream Tail\n|-singleturn|p1a: Scream Tail|Protect\n|move|p2a: Scovillain|Fire Blast|p1a: Scream Tail\n|-activate|p1a: Scream Tail|move: Protect\n|move|p1b: Annihilape|Drain Punch|p2a: Scovillain\n|-damage|p2a: Scovillain|6\/100\n|-heal|p1b: Annihilape|92\/100 par|[from] drain|[of] p2a: Scovillain\n|\n|-heal|p2b: Espathra|74\/100|[from] item: Leftovers\n|upkeep\n|turn|7\n|\n|t:|1683671195\n|-terastallize|p2b: Espathra|Fairy\n|move|p1a: Scream Tail|Dazzling Gleam|p2a: Scovillain|[spread] p2a,p2b\n|-resisted|p2a: Scovillain\n|-damage|p2a: Scovillain|0 fnt\n|-damage|p2b: Espathra|51\/100\n|faint|p2a: Scovillain\n|move|p2b: Espathra|Hypnosis|p1b: Annihilape|[miss]\n|-miss|p2b: Espathra|p1b: Annihilape\n|move|p1b: Annihilape|Rage Fist|p2b: Espathra\n|-damage|p2b: Espathra|0 fnt\n|faint|p2b: Espathra\n|\n|upkeep\n|\n|t:|1683671203\n|switch|p2b: Tinkaton|Tinkaton, L50, F|38\/100\n|-ability|p2b: Tinkaton|Mold Breaker\n|turn|8\n|\n|t:|1683671213\n|move|p1a: Scream Tail|Protect|p1a: Scream Tail\n|-singleturn|p1a: Scream Tail|Protect\n|move|p1b: Annihilape|Protect|p1b: Annihilape\n|-singleturn|p1b: Annihilape|Protect\n|move|p2b: Tinkaton|Play Rough|p1b: Annihilape\n|-activate|p1b: Annihilape|move: Protect\n|\n|upkeep\n|turn|9\n|\n|t:|1683671230\n|-terastallize|p1b: Annihilape|Fire\n|move|p1a: Scream Tail|Encore|p2b: Tinkaton\n|-start|p2b: Tinkaton|Encore\n|move|p2b: Tinkaton|Play Rough|p1b: Annihilape\n|-resisted|p1b: Annihilape\n|-damage|p1b: Annihilape|82\/100 par\n|move|p1b: Annihilape|Drain Punch|p2b: Tinkaton\n|-damage|p2b: Tinkaton|0 fnt\n|-heal|p1b: Annihilape|98\/100 par|[from] drain|[of] p2b: Tinkaton\n|faint|p2b: Tinkaton\n|\n|win|difelix\n|raw|difelix's rating: 1285 → 1304<\/strong> (+19 for winning)\n|raw|canIgetAHuhhhYAaa's rating: 1204 → 1185<\/strong> (-19 for losing)\n","uploadtime":1683671254,"views":16,"p1id":"difelix","p2id":"canigetahuhhhyaaa","formatid":"gen9vgc2023regulationc","rating":1185,"private":0,"password":""}