{"id":"gen9vgc2023regulationc-1853111295","p1":"Gerva02VGC","p2":"mugiwaraLux","format":"[Gen 9] VGC 2023 Regulation C","log":"|j|\u2606Gerva02VGC\n|j|\u2606mugiwaraLux\n|t:|1682636511\n|gametype|doubles\n|player|p1|Gerva02VGC|1|1317\n|player|p2|mugiwaraLux|1|1375\n|teamsize|p1|6\n|teamsize|p2|6\n|gen|9\n|tier|[Gen 9] VGC 2023 Regulation C\n|rated|\n|rule|Species Clause: Limit one of each Pok\u00e9mon\n|rule|Item Clause: Limit one of each item\n|clearpoke\n|poke|p1|Iron Bundle, L50|\n|poke|p1|Chi-Yu, L50|\n|poke|p1|Flutter Mane, L50|\n|poke|p1|Talonflame, L50, M|\n|poke|p1|Kingambit, L50, F|\n|poke|p1|Great Tusk, L50|\n|poke|p2|Palafin, L50, F|\n|poke|p2|Amoonguss, L50, F|\n|poke|p2|Flutter Mane, L50|\n|poke|p2|Arcanine, L50, M|\n|poke|p2|Chien-Pao, L50|\n|poke|p2|Roaring Moon, L50|\n|teampreview|4\n|inactive|Battle timer is ON: inactive players will automatically lose when time's up. (requested by mugiwaraLux)\nGerva02VGC has agreed to open team sheets.\nmugiwaraLux has agreed to open team sheets.\n|inactive|Gerva02VGC has 60 seconds left.\n|inactive|mugiwaraLux has 60 seconds left.\n|\n|t:|1682636557\n|start\n|switch|p1a: Bartolo|Iron Bundle, L50|100\/100\n|switch|p1b: Mario|Flutter Mane, L50|100\/100\n|switch|p2a: Arcanine|Arcanine, L50, M|100\/100\n|switch|p2b: Amoonguss|Amoonguss, L50, F|100\/100\n|-ability|p2a: Arcanine|Intimidate|boost\n|-unboost|p1a: Bartolo|atk|1\n|-unboost|p1b: Mario|atk|1\n|-enditem|p1a: Bartolo|Booster Energy\n|-activate|p1a: Bartolo|ability: Quark Drive|[fromitem]\n|-start|p1a: Bartolo|quarkdrivespe\n|turn|1\n|inactive|Gerva02VGC has 30 seconds left.\n|inactive|Gerva02VGC has 20 seconds left.\n|\n|t:|1682636597\n|move|p2a: Arcanine|Protect|p2a: Arcanine\n|-singleturn|p2a: Arcanine|Protect\n|move|p1a: Bartolo|Freeze-Dry|p2b: Amoonguss\n|-supereffective|p2b: Amoonguss\n|-damage|p2b: Amoonguss|49\/100\n|-enditem|p2b: Amoonguss|Sitrus Berry|[eat]\n|-heal|p2b: Amoonguss|74\/100|[from] item: Sitrus Berry\n|move|p1b: Mario|Shadow Ball|p2b: Amoonguss\n|-damage|p2b: Amoonguss|26\/100\n|move|p2b: Amoonguss|Spore|p1a: Bartolo\n|-status|p1a: Bartolo|slp|[from] move: Spore\n|\n|upkeep\n|turn|2\n|\n|t:|1682636619\n|switch|p2b: Palafin|Palafin, L50, F|100\/100\n|cant|p1a: Bartolo|slp\n|move|p1b: Mario|Shadow Ball|p2a: Arcanine\n|-damage|p2a: Arcanine|45\/100\n|move|p2a: Arcanine|Flare Blitz|p1b: Mario\n|-damage|p1b: Mario|11\/100\n|-status|p1b: Mario|brn\n|-damage|p2a: Arcanine|21\/100|[from] Recoil\n|\n|-damage|p1b: Mario|5\/100 brn|[from] brn\n|upkeep\n|turn|3\n|\n|t:|1682636641\n|move|p2b: Palafin|Protect|p2b: Palafin\n|-singleturn|p2b: Palafin|Protect\n|move|p2a: Arcanine|Protect|p2a: Arcanine\n|-singleturn|p2a: Arcanine|Protect\n|-curestatus|p1a: Bartolo|slp|[msg]\n|move|p1a: Bartolo|Freeze-Dry|p2b: Palafin\n|-activate|p2b: Palafin|move: Protect\n|move|p1b: Mario|Shadow Ball|p2a: Arcanine\n|-activate|p2a: Arcanine|move: Protect\n|\n|-damage|p1b: Mario|0 fnt|[from] brn\n|faint|p1b: Mario\n|-end|p1b: Mario|Protosynthesis|[silent]\n|upkeep\n|\n|t:|1682636659\n|switch|p1b: Gambo|Kingambit, L50, F|100\/100\n|turn|4\n|\n|t:|1682636681\n|detailschange|p2b: Palafin|Palafin-Hero, L50, F\n|switch|p2b: Amoonguss|Amoonguss, L50, F|59\/100\n|-terastallize|p1b: Gambo|Flying\n|move|p1b: Gambo|Sucker Punch||[still]\n|-fail|p1b: Gambo\n|move|p1a: Bartolo|Freeze-Dry|p2b: Amoonguss\n|-supereffective|p2b: Amoonguss\n|-damage|p2b: Amoonguss|7\/100\n|-status|p2b: Amoonguss|frz\n|move|p2a: Arcanine|Will-O-Wisp|p1b: Gambo\n|-status|p1b: Gambo|brn\n|\n|-damage|p1b: Gambo|95\/100 brn|[from] brn\n|upkeep\n|turn|5\n|inactive|Gerva02VGC has 30 seconds left.\n|\n|t:|1682636713\n|move|p2a: Arcanine|Extreme Speed|p1a: Bartolo\n|-damage|p1a: Bartolo|75\/100\n|move|p1b: Gambo|Sucker Punch||[still]\n|-fail|p1b: Gambo\n|move|p1a: Bartolo|Freeze-Dry|p2a: Arcanine\n|-resisted|p2a: Arcanine\n|-damage|p2a: Arcanine|8\/100\n|cant|p2b: Amoonguss|frz\n|\n|-damage|p1b: Gambo|89\/100 brn|[from] brn\n|upkeep\n|turn|6\n|\n|t:|1682636733\n|move|p1a: Bartolo|Protect|p1a: Bartolo\n|-singleturn|p1a: Bartolo|Protect\n|move|p2a: Arcanine|Extreme Speed|p1a: Bartolo\n|-activate|p1a: Bartolo|move: Protect\n|move|p1b: Gambo|Assurance|p2a: Arcanine\n|-damage|p2a: Arcanine|0 fnt\n|faint|p2a: Arcanine\n|-curestatus|p2b: Amoonguss|frz|[msg]\n|move|p2b: Amoonguss|Spore|p1a: Bartolo\n|-activate|p1a: Bartolo|move: Protect\n|\n|-damage|p1b: Gambo|83\/100 brn|[from] brn\n|upkeep\n|\n|t:|1682636740\n|switch|p2a: Chien-Pao|Chien-Pao, L50|100\/100\n|-ability|p2a: Chien-Pao|Sword of Ruin\n|turn|7\n|\n|t:|1682636757\n|move|p2b: Amoonguss|Protect|p2b: Amoonguss\n|-singleturn|p2b: Amoonguss|Protect\n|move|p1a: Bartolo|Icy Wind|p2b: Amoonguss|[spread] p2a\n|-activate|p2b: Amoonguss|move: Protect\n|-resisted|p2a: Chien-Pao\n|-damage|p2a: Chien-Pao|86\/100\n|-unboost|p2a: Chien-Pao|spe|1\n|move|p2a: Chien-Pao|Ice Spinner|p1b: Gambo\n|-supereffective|p1b: Gambo\n|-damage|p1b: Gambo|5\/100 brn\n|move|p1b: Gambo|Iron Head|p2a: Chien-Pao\n|-supereffective|p2a: Chien-Pao\n|-damage|p2a: Chien-Pao|18\/100\n|\n|-damage|p1b: Gambo|0 fnt|[from] brn\n|faint|p1b: Gambo\n|upkeep\n|\n|t:|1682636771\n|switch|p1b: Calogero|Chi-Yu, L50|100\/100\n|-ability|p1b: Calogero|Beads of Ruin\n|turn|8\n|\n|t:|1682636784\n|move|p2a: Chien-Pao|Protect|p2a: Chien-Pao\n|-singleturn|p2a: Chien-Pao|Protect\n|move|p1a: Bartolo|Icy Wind|p2b: Amoonguss|[spread] p2b\n|-activate|p2a: Chien-Pao|move: Protect\n|-supereffective|p2b: Amoonguss\n|-damage|p2b: Amoonguss|0 fnt\n|faint|p2b: Amoonguss\n|move|p1b: Calogero|Dark Pulse|p2a: Chien-Pao\n|-activate|p2a: Chien-Pao|move: Protect\n|\n|upkeep\n|\n|t:|1682636797\n|switch|p2b: Palafin|Palafin-Hero, L50, F|100\/100\n|-activate|p2b: Palafin|ability: Zero to Hero\n|turn|9\n|inactive|Gerva02VGC has 30 seconds left.\n|inactive|Gerva02VGC has 20 seconds left.\n|\n|t:|1682636838\n|-terastallize|p2b: Palafin|Water\n|move|p1a: Bartolo|Protect|p1a: Bartolo\n|-singleturn|p1a: Bartolo|Protect\n|move|p2b: Palafin|Jet Punch|p1a: Bartolo\n|-activate|p1a: Bartolo|move: Protect\n|move|p2a: Chien-Pao|Sucker Punch||[still]\n|-fail|p2a: Chien-Pao\n|move|p1b: Calogero|Dark Pulse|p2a: Chien-Pao\n|-resisted|p2a: Chien-Pao\n|-damage|p2a: Chien-Pao|0 fnt\n|faint|p2a: Chien-Pao\n|\n|upkeep\n|turn|10\n|\n|t:|1682636854\n|move|p1a: Bartolo|Freeze-Dry|p2b: Palafin\n|-supereffective|p2b: Palafin\n|-damage|p2b: Palafin|15\/100\n|move|p1b: Calogero|Dark Pulse|p2b: Palafin\n|-damage|p2b: Palafin|0 fnt\n|faint|p2b: Palafin\n|\n|win|Gerva02VGC\n|raw|Gerva02VGC's rating: 1317 → 1340<\/strong> (+23 for winning)\n|raw|mugiwaraLux's rating: 1375 → 1352<\/strong> (-23 for losing)\n|c|\u2606Gerva02VGC|gg\n","uploadtime":1682636863,"views":9,"p1id":"gerva02vgc","p2id":"mugiwaralux","formatid":"gen9vgc2023regulationc","rating":1340,"private":0,"password":""}