{"id":"gen9vgc2023regulationc-1847407809","p1":"Pro umper","p2":"MrOktagon","format":"[Gen 9] VGC 2023 Regulation C","log":"|j|\u2606Pro umper\n|j|\u2606MrOktagon\n|t:|1681951558\n|gametype|doubles\n|player|p1|Pro umper|265|1181\n|player|p2|MrOktagon|brawly|1139\n|teamsize|p1|6\n|teamsize|p2|6\n|gen|9\n|tier|[Gen 9] VGC 2023 Regulation C\n|rated|\n|rule|Species Clause: Limit one of each Pok\u00e9mon\n|rule|Item Clause: Limit one of each item\n|clearpoke\n|poke|p1|Brambleghast, L50, F|\n|poke|p1|Spiritomb, L50, M|\n|poke|p1|Lumineon, L50, F|\n|poke|p1|Sylveon, L50, F|\n|poke|p1|Salamence, L50, M|\n|poke|p1|Ting-Lu, L50|\n|poke|p2|Dondozo, L50, F|\n|poke|p2|Tatsugiri-Droopy, L50, M|\n|poke|p2|Chien-Pao, L50|\n|poke|p2|Gholdengo, L50|\n|poke|p2|Glimmora, L50, F|\n|poke|p2|Arcanine, L50, F|\n|teampreview|4\n|\n|t:|1681951600\n|start\n|switch|p1a: Brambleghast|Brambleghast, L50, F|100\/100\n|switch|p1b: Lumineon|Lumineon, L50, F|100\/100\n|switch|p2a: Dondozo|Dondozo, L50, F|100\/100\n|switch|p2b: Chien-Pao|Chien-Pao, L50|100\/100\n|-ability|p2b: Chien-Pao|Sword of Ruin\n|turn|1\n|\n|t:|1681951629\n|move|p1a: Brambleghast|Protect|p1a: Brambleghast\n|-singleturn|p1a: Brambleghast|Protect\n|move|p2b: Chien-Pao|Ice Spinner|p1a: Brambleghast\n|-activate|p1a: Brambleghast|move: Protect\n|move|p1b: Lumineon|Tailwind|p1b: Lumineon\n|-sidestart|p1: Pro umper|move: Tailwind\n|-ability|p1a: Brambleghast|Wind Rider|boost\n|-boost|p1a: Brambleghast|atk|1\n|move|p2a: Dondozo|Wave Crash|p1b: Lumineon\n|-activate|p1b: Lumineon|ability: Storm Drain\n|-ability|p1b: Lumineon|Storm Drain|boost\n|-boost|p1b: Lumineon|spa|1\n|\n|upkeep\n|turn|2\n|\n|t:|1681951658\n|move|p2b: Chien-Pao|Sucker Punch|p1a: Brambleghast\n|-supereffective|p1a: Brambleghast\n|-damage|p1a: Brambleghast|0 fnt\n|faint|p1a: Brambleghast\n|move|p1b: Lumineon|Encore|p2a: Dondozo\n|-start|p2a: Dondozo|Encore\n|move|p2a: Dondozo|Wave Crash|p1b: Lumineon\n|-ability|p1b: Lumineon|Storm Drain|boost\n|-boost|p1b: Lumineon|spa|1\n|\n|upkeep\n|\n|t:|1681951668\n|switch|p1a: Spiritomb|Spiritomb, L50, M|100\/100\n|turn|3\n|\n|t:|1681951680\n|switch|p2a: Arcanine|Arcanine, L50, F|100\/100\n|-ability|p2a: Arcanine|Intimidate|boost\n|-unboost|p1a: Spiritomb|atk|1\n|-unboost|p1b: Lumineon|atk|1\n|move|p2b: Chien-Pao|Sucker Punch||[still]\n|-fail|p2b: Chien-Pao\n|move|p1b: Lumineon|Encore|p2b: Chien-Pao\n|-start|p2b: Chien-Pao|Encore\n|move|p1a: Spiritomb|Will-O-Wisp|p2b: Chien-Pao\n|-status|p2b: Chien-Pao|brn\n|\n|-damage|p2b: Chien-Pao|95\/100 brn|[from] brn\n|upkeep\n|turn|4\n|\n|t:|1681951717\n|switch|p2a: Dondozo|Dondozo, L50, F|100\/100\n|move|p2b: Chien-Pao|Sucker Punch||[still]\n|-fail|p2b: Chien-Pao\n|move|p1b: Lumineon|Soak|p2a: Dondozo\n|-fail|p2a: Dondozo\n|move|p1a: Spiritomb|Trick Room|p1a: Spiritomb\n|-fieldstart|move: Trick Room|[of] p1a: Spiritomb\n|\n|-damage|p2b: Chien-Pao|89\/100 brn|[from] brn\n|-sideend|p1: Pro umper|move: Tailwind\n|upkeep\n|turn|5\n|\n|t:|1681951752\n|-terastallize|p2a: Dondozo|Grass\n|move|p2b: Chien-Pao|Sucker Punch||[still]\n|-fail|p2b: Chien-Pao\n|move|p1a: Spiritomb|Will-O-Wisp|p2a: Dondozo\n|-status|p2a: Dondozo|brn\n|move|p2a: Dondozo|Tera Blast|p1b: Lumineon\n|-supereffective|p1b: Lumineon\n|-damage|p1b: Lumineon|46\/100\n|move|p1b: Lumineon|Soak|p2b: Chien-Pao\n|-start|p2b: Chien-Pao|typechange|Water\n|\n|-damage|p2a: Dondozo|94\/100 brn|[from] brn\n|-damage|p2b: Chien-Pao|83\/100 brn|[from] brn\n|upkeep\n|turn|6\n|\n|t:|1681951771\n|switch|p2b: Arcanine|Arcanine, L50, F|100\/100\n|-ability|p2b: Arcanine|Intimidate|boost\n|-unboost|p1a: Spiritomb|atk|1\n|-unboost|p1b: Lumineon|atk|1\n|move|p1a: Spiritomb|Pain Split|p2a: Dondozo\n|-sethp|p2a: Dondozo|82\/100 brn|[from] move: Pain Split|[silent]\n|-sethp|p1a: Spiritomb|100\/100|[from] move: Pain Split\n|move|p2a: Dondozo|Tera Blast|p1b: Lumineon\n|-supereffective|p1b: Lumineon\n|-damage|p1b: Lumineon|6\/100\n|move|p1b: Lumineon|Icy Wind|p2a: Dondozo|[spread] p2a,p2b\n|-supereffective|p2a: Dondozo\n|-resisted|p2b: Arcanine\n|-damage|p2a: Dondozo|56\/100 brn\n|-damage|p2b: Arcanine|92\/100\n|-unboost|p2a: Dondozo|spe|1\n|-unboost|p2b: Arcanine|spe|1\n|\n|-heal|p2a: Dondozo|62\/100 brn|[from] item: Leftovers\n|-damage|p2a: Dondozo|56\/100 brn|[from] brn\n|upkeep\n|turn|7\n|\n|t:|1681951803\n|move|p2b: Arcanine|Extreme Speed|p1b: Lumineon\n|-damage|p1b: Lumineon|0 fnt\n|faint|p1b: Lumineon\n|move|p1a: Spiritomb|Snarl|p2b: Arcanine|[spread] p2a,p2b\n|-damage|p2a: Dondozo|44\/100 brn\n|-damage|p2b: Arcanine|74\/100\n|-unboost|p2a: Dondozo|spa|1\n|-unboost|p2b: Arcanine|spa|1\n|move|p2a: Dondozo|Wave Crash|p1a: Spiritomb\n|-damage|p1a: Spiritomb|72\/100\n|-damage|p2a: Dondozo|38\/100 brn|[from] Recoil\n|\n|-heal|p2a: Dondozo|44\/100 brn|[from] item: Leftovers\n|-damage|p2a: Dondozo|38\/100 brn|[from] brn\n|upkeep\n|\n|t:|1681951816\n|switch|p1b: Sylveon|Sylveon, L50, F|100\/100\n|turn|8\n|\n|t:|1681951832\n|move|p1a: Spiritomb|Snarl|p2b: Arcanine|[spread] p2a,p2b\n|-damage|p2a: Dondozo|27\/100 brn\n|-damage|p2b: Arcanine|58\/100\n|-unboost|p2a: Dondozo|spa|1\n|-unboost|p2b: Arcanine|spa|1\n|move|p2a: Dondozo|Earthquake|p1a: Spiritomb|[spread] p2b,p1a,p1b\n|-supereffective|p2b: Arcanine\n|-damage|p2b: Arcanine|32\/100\n|-damage|p1a: Spiritomb|61\/100\n|-damage|p1b: Sylveon|86\/100\n|move|p2b: Arcanine|Will-O-Wisp|p1a: Spiritomb\n|-status|p1a: Spiritomb|brn\n|move|p1b: Sylveon|Calm Mind|p1b: Sylveon\n|-boost|p1b: Sylveon|spa|1\n|-boost|p1b: Sylveon|spd|1\n|\n|-heal|p2a: Dondozo|33\/100 brn|[from] item: Leftovers\n|-heal|p1b: Sylveon|92\/100|[from] item: Leftovers\n|-damage|p1a: Spiritomb|55\/100 brn|[from] brn\n|-damage|p2a: Dondozo|27\/100 brn|[from] brn\n|-fieldend|move: Trick Room\n|upkeep\n|turn|9\n|\n|t:|1681951858\n|move|p1b: Sylveon|Hyper Voice|p2b: Arcanine|[spread] p2a,p2b\n|-resisted|p2b: Arcanine\n|-crit|p2b: Arcanine\n|-damage|p2a: Dondozo|0 fnt\n|-damage|p2b: Arcanine|0 fnt\n|faint|p2a: Dondozo\n|faint|p2b: Arcanine\n|move|p1a: Spiritomb|Trick Room|p1a: Spiritomb\n|-fieldstart|move: Trick Room|[of] p1a: Spiritomb\n|\n|-heal|p1b: Sylveon|98\/100|[from] item: Leftovers\n|-damage|p1a: Spiritomb|50\/100 brn|[from] brn\n|upkeep\n|\n|t:|1681951868\n|switch|p2a: Chien-Pao|Chien-Pao, L50|83\/100 brn\n|switch|p2b: Tatsugiri|Tatsugiri-Droopy, L50, M, shiny|100\/100\n|-ability|p2a: Chien-Pao|Sword of Ruin\n|turn|10\n|-message|MrOktagon forfeited.\n|\n|win|Pro umper\n|raw|Pro umper's rating: 1181 → 1203<\/strong> (+22 for winning)\n|raw|MrOktagon's rating: 1139 → 1117<\/strong> (-22 for losing)\n|l|\u2606MrOktagon\n","uploadtime":1681951894,"views":11,"p1id":"proumper","p2id":"mroktagon","formatid":"gen9vgc2023regulationc","rating":1117,"private":0,"password":""}