{"id":"gen9vgc2023regulationc-1862267628","p1":"Skitz06","p2":"Raiu Akimoto","format":"[Gen 9] VGC 2023 Regulation C","log":"|j|\u2606Skitz06\n|j|\u2606Raiu Akimoto\n|t:|1683857362\n|gametype|doubles\n|player|p1|Skitz06|pokemaniac|1043\n|player|p2|Raiu Akimoto|n|1112\n|teamsize|p1|6\n|teamsize|p2|6\n|gen|9\n|tier|[Gen 9] VGC 2023 Regulation C\n|rated|\n|rule|Species Clause: Limit one of each Pok\u00e9mon\n|rule|Item Clause: Limit one of each item\n|clearpoke\n|poke|p1|Tinkaton, L50, F|\n|poke|p1|Iron Hands, L50|\n|poke|p1|Iron Bundle, L50|\n|poke|p1|Gholdengo, L50|\n|poke|p1|Arcanine, L50, M|\n|poke|p1|Garchomp, L50, F|\n|poke|p2|Indeedee-F, L50, F|\n|poke|p2|Armarouge, L50, M|\n|poke|p2|Abomasnow, L50, M|\n|poke|p2|Iron Bundle, L50|\n|poke|p2|Ting-Lu, L50|\n|poke|p2|Annihilape, L50, M|\n|teampreview|4\n|inactive|Battle timer is ON: inactive players will automatically lose when time's up. (requested by Raiu Akimoto)\n|j| Rito_VGC\nSkitz06 rejected open team sheets.\n|inactive|Raiu Akimoto has 60 seconds left.\n|inactive|Raiu Akimoto has 30 seconds left.\n|\n|t:|1683857423\n|start\n|switch|p1a: Iron Hands|Iron Hands, L50|100\/100\n|switch|p1b: Garchomp|Garchomp, L50, F|100\/100\n|switch|p2a: Indeedee|Indeedee-F, L50, F, shiny|100\/100\n|switch|p2b: Ting-Lu|Ting-Lu, L50|100\/100\n|-fieldstart|move: Psychic Terrain|[from] ability: Psychic Surge|[of] p2a: Indeedee\n|-enditem|p2a: Indeedee|Psychic Seed\n|-boost|p2a: Indeedee|spd|1|[from] item: Psychic Seed\n|-ability|p2b: Ting-Lu|Vessel of Ruin\n|turn|1\n|inactive|Skitz06 has 30 seconds left.\n|inactive|Raiu Akimoto has 30 seconds left.\n|inactive|Skitz06 has 20 seconds left.\n|inactive|Skitz06 has 15 seconds left.\n|inactive|Raiu Akimoto has 20 seconds left.\n|inactive|Skitz06 has 10 seconds left.\n|inactive|Skitz06 has 5 seconds left.\n|\n|t:|1683857478\n|switch|p2a: Abomasnow|Abomasnow, L50, M, shiny|100\/100\n|-weather|Snow|[from] ability: Snow Warning|[of] p2a: Abomasnow\n|move|p1b: Garchomp|Dragon Claw|p2a: Abomasnow\n|-damage|p2a: Abomasnow|67\/100\n|move|p1a: Iron Hands|Drain Punch|p2b: Ting-Lu\n|-supereffective|p2b: Ting-Lu\n|-damage|p2b: Ting-Lu|40\/100\n|move|p2b: Ting-Lu|Ruination|p1a: Iron Hands\n|-damage|p1a: Iron Hands|50\/100\n|\n|-weather|Snow|[upkeep]\n|upkeep\n|turn|2\n|inactive|Raiu Akimoto has 30 seconds left.\n|inactive|Raiu Akimoto has 20 seconds left.\n|\n|t:|1683857514\n|-terastallize|p2b: Ting-Lu|Poison\n|move|p1b: Garchomp|Dragon Claw|p2a: Abomasnow\n|-damage|p2a: Abomasnow|33\/100\n|move|p2a: Abomasnow|Aurora Veil|p2a: Abomasnow\n|-sidestart|p2: Raiu Akimoto|move: Aurora Veil\n|move|p1a: Iron Hands|Drain Punch|p2b: Ting-Lu\n|-resisted|p2b: Ting-Lu\n|-damage|p2b: Ting-Lu|30\/100\n|-heal|p1a: Iron Hands|57\/100|[from] drain|[of] p2b: Ting-Lu\n|move|p2b: Ting-Lu|Stomping Tantrum|p1a: Iron Hands\n|-supereffective|p1a: Iron Hands\n|-damage|p1a: Iron Hands|0 fnt\n|faint|p1a: Iron Hands\n|-end|p1a: Iron Hands|Quark Drive|[silent]\n|\n|-weather|Snow|[upkeep]\n|upkeep\n|\n|t:|1683857528\n|switch|p1a: Arcanine|Arcanine, L50, M|100\/100\n|-ability|p1a: Arcanine|Intimidate|boost\n|-unboost|p2a: Abomasnow|atk|1\n|-unboost|p2b: Ting-Lu|atk|1\n|turn|3\n|\n|t:|1683857543\n|move|p1b: Garchomp|Dragon Claw|p2a: Abomasnow\n|-damage|p2a: Abomasnow|10\/100\n|move|p1a: Arcanine|Flare Blitz|p2b: Ting-Lu\n|-damage|p2b: Ting-Lu|11\/100\n|-damage|p1a: Arcanine|92\/100|[from] Recoil\n|move|p2a: Abomasnow|Earth Power|p1a: Arcanine\n|-supereffective|p1a: Arcanine\n|-damage|p1a: Arcanine|53\/100\n|move|p2b: Ting-Lu|Ruination|p1a: Arcanine\n|-damage|p1a: Arcanine|27\/100\n|\n|-weather|Snow|[upkeep]\n|upkeep\n|turn|4\n|inactive|Raiu Akimoto has 30 seconds left.\n|\n|t:|1683857572\n|switch|p2a: Annihilape|Annihilape, L50, M, shiny|100\/100\n|move|p1b: Garchomp|Dragon Claw|p2a: Annihilape\n|-damage|p2a: Annihilape|73\/100\n|move|p1a: Arcanine|Flare Blitz|p2b: Ting-Lu\n|-damage|p2b: Ting-Lu|0 fnt\n|faint|p2b: Ting-Lu\n|-damage|p1a: Arcanine|22\/100|[from] Recoil\n|\n|-weather|Snow|[upkeep]\n|-heal|p2a: Annihilape|79\/100|[from] item: Leftovers\n|upkeep\n|\n|t:|1683857586\n|switch|p2b: Indeedee|Indeedee-F, L50, F, shiny|100\/100\n|turn|5\n|inactive|Raiu Akimoto has 30 seconds left.\n|\n|t:|1683857617\n|switch|p1b: Gholdengo|Gholdengo, L50|100\/100\n|move|p1a: Arcanine|Flare Blitz|p2b: Indeedee\n|-damage|p2b: Indeedee|71\/100\n|-damage|p1a: Arcanine|14\/100|[from] Recoil\n|move|p2a: Annihilape|Rage Fist|p1a: Arcanine\n|-damage|p1a: Arcanine|0 fnt\n|faint|p1a: Arcanine\n|move|p2b: Indeedee|Dazzling Gleam|p1b: Gholdengo\n|-resisted|p1b: Gholdengo\n|-damage|p1b: Gholdengo|89\/100\n|\n|-weather|none\n|-heal|p2a: Annihilape|86\/100|[from] item: Leftovers\n|-fieldend|move: Psychic Terrain\n|upkeep\n|\n|t:|1683857631\n|switch|p1a: Garchomp|Garchomp, L50, F|100\/100\n|turn|6\n|\n|t:|1683857648\n|move|p2a: Annihilape|Protect|p2a: Annihilape\n|-singleturn|p2a: Annihilape|Protect\n|move|p1a: Garchomp|Swords Dance|p1a: Garchomp\n|-boost|p1a: Garchomp|atk|2\n|move|p1b: Gholdengo|Make It Rain|p2b: Indeedee|[spread] p2b\n|-activate|p2a: Annihilape|move: Protect\n|-damage|p2b: Indeedee|29\/100\n|-unboost|p1b: Gholdengo|spa|1\n|-damage|p1b: Gholdengo|79\/100|[from] item: Life Orb\n|move|p2b: Indeedee|Trick Room|p2b: Indeedee\n|-fieldstart|move: Trick Room|[of] p2b: Indeedee\n|\n|-heal|p2a: Annihilape|92\/100|[from] item: Leftovers\n|-sideend|p2: Raiu Akimoto|move: Aurora Veil\n|upkeep\n|turn|7\n|\n|t:|1683857670\n|move|p2b: Indeedee|Follow Me|p2b: Indeedee\n|-singleturn|p2b: Indeedee|move: Follow Me\n|move|p2a: Annihilape|Bulk Up|p2a: Annihilape\n|-boost|p2a: Annihilape|atk|1\n|-boost|p2a: Annihilape|def|1\n|move|p1b: Gholdengo|Shadow Ball|p2b: Indeedee\n|-immune|p2b: Indeedee\n|move|p1a: Garchomp|Rock Slide|p2a: Annihilape|[spread] p2a,p2b\n|-resisted|p2a: Annihilape\n|-damage|p2a: Annihilape|79\/100\n|-damage|p2b: Indeedee|0 fnt\n|faint|p2b: Indeedee\n|\n|-heal|p2a: Annihilape|86\/100|[from] item: Leftovers\n|upkeep\n|\n|t:|1683857686\n|switch|p2b: Abomasnow|Abomasnow, L50, M, shiny|10\/100\n|-weather|Snow|[from] ability: Snow Warning|[of] p2b: Abomasnow\n|turn|8\n|\n|t:|1683857696\n|move|p2b: Abomasnow|Aurora Veil|p2b: Abomasnow\n|-sidestart|p2: Raiu Akimoto|move: Aurora Veil\n|move|p2a: Annihilape|Rage Fist|p1b: Gholdengo\n|-supereffective|p1b: Gholdengo\n|-damage|p1b: Gholdengo|0 fnt\n|faint|p1b: Gholdengo\n|move|p1a: Garchomp|Rock Slide|p2b: Abomasnow|[spread] p2a,p2b\n|-resisted|p2a: Annihilape\n|-supereffective|p2b: Abomasnow\n|-damage|p2a: Annihilape|77\/100\n|-damage|p2b: Abomasnow|0 fnt\n|faint|p2b: Abomasnow\n|\n|-weather|Snow|[upkeep]\n|-heal|p2a: Annihilape|84\/100|[from] item: Leftovers\n|upkeep\n|turn|9\n|inactive|Skitz06 has 30 seconds left.\n|\n|t:|1683857722\n|move|p2a: Annihilape|Rage Fist|p1a: Garchomp\n|-damage|p1a: Garchomp|0 fnt\n|faint|p1a: Garchomp\n|\n|win|Raiu Akimoto\n|raw|Skitz06's rating: 1043 → 1030<\/strong> (-13 for losing)\n|raw|Raiu Akimoto's rating: 1112 → 1132<\/strong> (+20 for winning)\n|l|\u2606Skitz06\n|l| Rito_VGC\n","uploadtime":1683857737,"views":15,"p1id":"skitz06","p2id":"raiuakimoto","formatid":"gen9vgc2023regulationc","rating":1030,"private":0,"password":""}