{"id":"gen9vgc2023regulationc-1850832427","p1":"Eagrill","p2":"tuxmux","format":"[Gen 9] VGC 2023 Regulation C","log":"|j|\u2606Eagrill\n|j|\u2606tuxmux\n|t:|1682372292\n|gametype|doubles\n|player|p1|Eagrill|265|\n|player|p2|tuxmux|2|\n|teamsize|p1|6\n|teamsize|p2|6\n|gen|9\n|tier|[Gen 9] VGC 2023 Regulation C\n|rule|Species Clause: Limit one of each Pok\u00e9mon\n|rule|Item Clause: Limit one of each item\n|clearpoke\n|poke|p1|Ceruledge, L50, M|\n|poke|p1|Coalossal, L50, M|\n|poke|p1|Gastrodon, L50, M|\n|poke|p1|Kilowattrel, L50, F|\n|poke|p1|Grimmsnarl, L50, M|\n|poke|p1|Brambleghast, L50, M|\n|poke|p2|Talonflame, L50, F|\n|poke|p2|Hydreigon, L50, M|\n|poke|p2|Tinkaton, L50, F|\n|poke|p2|Azumarill, L50, M|\n|poke|p2|Lucario, L50, M|\n|poke|p2|Toxapex, L50, M|\n|teampreview|4\n|inactive|Battle timer is ON: inactive players will automatically lose when time's up. (requested by Eagrill)\n|inactive|Eagrill has 60 seconds left.\n|inactive|tuxmux has 60 seconds left.\n|j| jayballester\n|inactive|Eagrill has 30 seconds left.\n|inactive|Eagrill has 20 seconds left.\n|inactive|Eagrill has 15 seconds left.\n|inactive|Eagrill has 10 seconds left.\n|inactive|Eagrill has 5 seconds left.\n|\n|t:|1682372382\n|start\n|switch|p1a: I dont have this|Ceruledge, L50, M|100\/100\n|switch|p1b: I have this|Coalossal, L50, M|100\/100\n|switch|p2a: who tf uses this|Talonflame, L50, F|100\/100\n|switch|p2b: Specs Hex Pex|Toxapex, L50, M|100\/100\n|turn|1\n|c| jayballester|ehm\n|c|\u2606Eagrill|brother\n|\n|t:|1682372401\n|-terastallize|p2a: who tf uses this|Flying\n|move|p1a: I dont have this|Protect|p1a: I dont have this\n|-singleturn|p1a: I dont have this|Protect\n|move|p2a: who tf uses this|Brave Bird|p1a: I dont have this\n|-activate|p1a: I dont have this|move: Protect\n|move|p2b: Specs Hex Pex|Toxic Spikes|p1a: I dont have this\n|-sidestart|p1: Eagrill|move: Toxic Spikes\n|move|p1b: I have this|Power Gem|p2a: who tf uses this\n|-supereffective|p2a: who tf uses this\n|-damage|p2a: who tf uses this|19\/100\n|\n|upkeep\n|turn|2\n|\n|t:|1682372421\n|move|p2a: who tf uses this|Protect|p2a: who tf uses this\n|-singleturn|p2a: who tf uses this|Protect\n|move|p1a: I dont have this|Bitter Blade|p2a: who tf uses this\n|-activate|p2a: who tf uses this|move: Protect\n|move|p2b: Specs Hex Pex|Sludge Bomb|p1a: I dont have this\n|-resisted|p1a: I dont have this\n|-damage|p1a: I dont have this|90\/100\n|-status|p1a: I dont have this|psn\n|move|p1b: I have this|Power Gem|p2b: Specs Hex Pex\n|-damage|p2b: Specs Hex Pex|77\/100\n|\n|-heal|p2b: Specs Hex Pex|83\/100|[from] item: Leftovers\n|-damage|p1a: I dont have this|78\/100 psn|[from] psn\n|upkeep\n|turn|3\n|\n|t:|1682372442\n|switch|p2a: good pick (not)|Hydreigon, L50, M|100\/100\n|move|p1a: I dont have this|Bitter Blade|p2a: good pick (not)\n|-resisted|p2a: good pick (not)\n|-damage|p2a: good pick (not)|75\/100\n|-heal|p1a: I dont have this|92\/100 psn|[from] drain|[of] p2a: good pick (not)\n|move|p2b: Specs Hex Pex|Hex|p1a: I dont have this\n|-supereffective|p1a: I dont have this\n|-damage|p1a: I dont have this|52\/100 psn\n|move|p1b: I have this|Power Gem|p2b: Specs Hex Pex\n|-damage|p2b: Specs Hex Pex|58\/100\n|\n|-heal|p2b: Specs Hex Pex|64\/100|[from] item: Leftovers\n|-damage|p1a: I dont have this|40\/100 psn|[from] psn\n|upkeep\n|turn|4\n|inactive|Eagrill has 30 seconds left.\n|inactive|Eagrill has 20 seconds left.\n|\n|t:|1682372479\n|switch|p1b: nor this|Kilowattrel, L50, F|100\/100\n|move|p1a: I dont have this|Protect|p1a: I dont have this\n|-singleturn|p1a: I dont have this|Protect\n|move|p2b: Specs Hex Pex|Baneful Bunker|p2b: Specs Hex Pex\n|-singleturn|p2b: Specs Hex Pex|move: Protect\n|move|p2a: good pick (not)|Flash Cannon|p1b: nor this\n|-resisted|p1b: nor this\n|-damage|p1b: nor this|59\/100\n|\n|-heal|p2b: Specs Hex Pex|69\/100|[from] item: Leftovers\n|-damage|p1a: I dont have this|28\/100 psn|[from] psn\n|upkeep\n|turn|5\n|inactive|tuxmux has 30 seconds left.\n|\n|t:|1682372506\n|move|p1b: nor this|Tailwind|p1b: nor this\n|-sidestart|p1: Eagrill|move: Tailwind\n|-start|p1b: nor this|Charge|Tailwind|[from] ability: Wind Power\n|move|p1a: I dont have this|Close Combat|p2a: good pick (not)\n|-supereffective|p2a: good pick (not)\n|-damage|p2a: good pick (not)|0 fnt\n|-unboost|p1a: I dont have this|def|1\n|-unboost|p1a: I dont have this|spd|1\n|faint|p2a: good pick (not)\n|move|p2b: Specs Hex Pex|Hex|p1a: I dont have this\n|-supereffective|p1a: I dont have this\n|-damage|p1a: I dont have this|0 fnt\n|faint|p1a: I dont have this\n|\n|-heal|p2b: Specs Hex Pex|75\/100|[from] item: Leftovers\n|upkeep\n|j| Jstardude\n|\n|t:|1682372524\n|switch|p2a: gen 4\/6 staple|Lucario, L50, M|100\/100\n|switch|p1a: dont have this|Gastrodon, L50, M|100\/100\n|-status|p1a: dont have this|psn\n|turn|6\n|inactive|Eagrill has 30 seconds left.\n|inactive|Eagrill has 20 seconds left.\n|inactiveoff|Battle timer is now OFF.\n|\n|t:|1682372564\n|move|p2a: gen 4\/6 staple|Protect|p2a: gen 4\/6 staple\n|-singleturn|p2a: gen 4\/6 staple|Protect\n|move|p1b: nor this|Thunderbolt|p2b: Specs Hex Pex\n|-supereffective|p2b: Specs Hex Pex\n|-damage|p2b: Specs Hex Pex|0 fnt\n|faint|p2b: Specs Hex Pex\n|-end|p1b: nor this|Charge|[silent]\n|move|p1a: dont have this|Surf|p2a: gen 4\/6 staple|[spread] p1b\n|-activate|p2a: gen 4\/6 staple|move: Protect\n|-damage|p1b: nor this|23\/100\n|\n|-damage|p1a: dont have this|88\/100 psn|[from] psn\n|upkeep\n|c|\u2606tuxmux|the hex\n|c|\u2606tuxmux|NO\n|c| jayballester|THE PEX IS GONE\n|\n|t:|1682372577\n|switch|p2b: who tf uses this|Talonflame, L50, F, tera:Flying|19\/100\n|turn|7\n|c| jayballester|LONG LIVE THE PEX\n|\n|t:|1682372615\n|move|p2b: who tf uses this|Protect|p2b: who tf uses this\n|-singleturn|p2b: who tf uses this|Protect\n|move|p1b: nor this|Thunderbolt|p2a: gen 4\/6 staple\n|-damage|p2a: gen 4\/6 staple|34\/100\n|move|p2a: gen 4\/6 staple|Aura Sphere|p1a: dont have this\n|-crit|p1a: dont have this\n|-damage|p1a: dont have this|28\/100 psn\n|move|p1a: dont have this|Icy Wind|p2b: who tf uses this|[spread] p2a\n|-activate|p2b: who tf uses this|move: Protect\n|-resisted|p2a: gen 4\/6 staple\n|-damage|p2a: gen 4\/6 staple|28\/100\n|-unboost|p2a: gen 4\/6 staple|spe|1\n|\n|-heal|p1a: dont have this|34\/100 psn|[from] item: Leftovers\n|-damage|p1a: dont have this|22\/100 psn|[from] psn\n|upkeep\n|turn|8\n|\n|t:|1682372640\n|move|p2a: gen 4\/6 staple|Protect|p2a: gen 4\/6 staple\n|-singleturn|p2a: gen 4\/6 staple|Protect\n|move|p1b: nor this|Thunderbolt|p2b: who tf uses this\n|-supereffective|p2b: who tf uses this\n|-damage|p2b: who tf uses this|0 fnt\n|faint|p2b: who tf uses this\n|move|p1a: dont have this|Icy Wind|p2a: gen 4\/6 staple\n|-activate|p2a: gen 4\/6 staple|move: Protect\n|\n|-heal|p1a: dont have this|28\/100 psn|[from] item: Leftovers\n|-damage|p1a: dont have this|16\/100 psn|[from] psn\n|-sideend|p1: Eagrill|move: Tailwind\n|upkeep\n|turn|9\n|\n|t:|1682372690\n|move|p1b: nor this|Thunderbolt|p2a: gen 4\/6 staple\n|-crit|p2a: gen 4\/6 staple\n|-damage|p2a: gen 4\/6 staple|0 fnt\n|faint|p2a: gen 4\/6 staple\n|\n|win|Eagrill\n|c|\u2606tuxmux|gg\n","uploadtime":1682372700,"views":12,"p1id":"eagrill","p2id":"tuxmux","formatid":"gen9vgc2023regulationc","rating":0,"private":0,"password":""}