{"id":"gen9vgc2023regulationc-1861524051","p1":"RonJohn","p2":"reyndria","format":"[Gen 9] VGC 2023 Regulation C","log":"|j|\u2606RonJohn\n|j|\u2606reyndria\n|t:|1683768547\n|gametype|doubles\n|player|p1|RonJohn|266|1118\n|player|p2|reyndria|steven|1000\n|teamsize|p1|6\n|teamsize|p2|6\n|gen|9\n|tier|[Gen 9] VGC 2023 Regulation C\n|rated|\n|rule|Species Clause: Limit one of each Pok\u00e9mon\n|rule|Item Clause: Limit one of each item\n|clearpoke\n|poke|p1|Flutter Mane, L50|\n|poke|p1|Orthworm, L50, M|\n|poke|p1|Dragonite, L50, F|\n|poke|p1|Amoonguss, L50, M|\n|poke|p1|Gyarados, L50, F|\n|poke|p1|Ting-Lu, L50|\n|poke|p2|Armarouge, L50, M|\n|poke|p2|Oranguru, L50, F|\n|poke|p2|Indeedee-F, L50, F|\n|poke|p2|Azumarill, L50, M|\n|poke|p2|Arboliva, L50, F|\n|poke|p2|Amoonguss, L50, F|\n|teampreview|4\nRonJohn has agreed to open team sheets.\n|inactive|Battle timer is ON: inactive players will automatically lose when time's up. (requested by RonJohn)\nreyndria rejected open team sheets.\n|\n|t:|1683768579\n|start\n|switch|p1a: Dragonite|Dragonite, L50, F|100\/100\n|switch|p1b: Gyarados|Gyarados, L50, F|100\/100\n|switch|p2a: Armarouge|Armarouge, L50, M|100\/100\n|switch|p2b: Oranguru|Oranguru, L50, F|100\/100\n|-ability|p1b: Gyarados|Intimidate|boost\n|-unboost|p2a: Armarouge|atk|1\n|-unboost|p2b: Oranguru|atk|1\n|turn|1\n|\n|t:|1683768609\n|move|p1a: Dragonite|Earthquake|p2a: Armarouge|[spread] p2a,p2b\n|-immune|p1b: Gyarados\n|-supereffective|p2a: Armarouge\n|-damage|p2a: Armarouge|47\/100\n|-damage|p2b: Oranguru|69\/100\n|-ability|p2a: Armarouge|Weak Armor|boost\n|-unboost|p2a: Armarouge|def|1\n|-boost|p2a: Armarouge|spe|2\n|move|p2a: Armarouge|Expanding Force|p1b: Gyarados\n|-damage|p1b: Gyarados|63\/100\n|move|p1b: Gyarados|Taunt|p2b: Oranguru\n|-start|p2b: Oranguru|move: Taunt\n|cant|p2b: Oranguru|move: Taunt|Taunt\n|\n|upkeep\n|turn|2\n|inactive|RonJohn has 30 seconds left.\n|inactive|reyndria has 30 seconds left.\n|inactive|RonJohn has 20 seconds left.\n|\n|t:|1683768645\n|switch|p2a: Azumarill|Azumarill, L50, M|100\/100\n|move|p1a: Dragonite|Earthquake|p2b: Oranguru|[spread] p2a,p2b\n|-immune|p1b: Gyarados\n|-damage|p2a: Azumarill|72\/100\n|-damage|p2b: Oranguru|38\/100\n|move|p1b: Gyarados|Waterfall|p2a: Azumarill\n|-resisted|p2a: Azumarill\n|-damage|p2a: Azumarill|52\/100\n|move|p2b: Oranguru|Psychic|p1b: Gyarados\n|-damage|p1b: Gyarados|40\/100\n|\n|upkeep\n|turn|3\n|inactive|RonJohn has 30 seconds left.\n|inactive|RonJohn has 20 seconds left.\n|inactive|RonJohn has 15 seconds left.\n|inactive|RonJohn has 10 seconds left.\n|\n|t:|1683768695\n|move|p1a: Dragonite|Earthquake|p2b: Oranguru|[spread] p2a,p2b\n|-immune|p1b: Gyarados\n|-damage|p2a: Azumarill|21\/100\n|-damage|p2b: Oranguru|5\/100\n|move|p1b: Gyarados|Thunder Wave|p2a: Azumarill|[miss]\n|-miss|p1b: Gyarados|p2a: Azumarill\n|move|p2b: Oranguru|Psychic|p1b: Gyarados\n|-damage|p1b: Gyarados|12\/100\n|move|p2a: Azumarill|Ice Spinner|p1a: Dragonite\n|-supereffective|p1a: Dragonite\n|-damage|p1a: Dragonite|20\/100\n|\n|-end|p2b: Oranguru|move: Taunt\n|upkeep\n|turn|4\n|inactive|RonJohn has 30 seconds left.\n|inactive|reyndria has 30 seconds left.\n|\n|t:|1683768725\n|move|p2a: Azumarill|Aqua Jet|p1b: Gyarados\n|-resisted|p1b: Gyarados\n|-damage|p1b: Gyarados|0 fnt\n|faint|p1b: Gyarados\n|move|p1a: Dragonite|Earthquake|p2b: Oranguru|[spread] p2a,p2b\n|-damage|p2a: Azumarill|0 fnt\n|-damage|p2b: Oranguru|0 fnt\n|faint|p2a: Azumarill\n|faint|p2b: Oranguru\n|\n|upkeep\n|\n|t:|1683768736\n|switch|p1b: Flutter Mane|Flutter Mane, L50|100\/100\n|switch|p2b: Indeedee|Indeedee-F, L50, F|100\/100\n|switch|p2a: Armarouge|Armarouge, L50, M|47\/100\n|-fieldstart|move: Psychic Terrain|[from] ability: Psychic Surge|[of] p2b: Indeedee\n|turn|5\n|inactive|RonJohn has 30 seconds left.\n|\n|t:|1683768771\n|move|p1b: Flutter Mane|Shadow Ball|p2a: Armarouge\n|-supereffective|p2a: Armarouge\n|-damage|p2a: Armarouge|0 fnt\n|faint|p2a: Armarouge\n|move|p2b: Indeedee|Heal Pulse|p2: Armarouge|[notarget]\n|-fail|p2b: Indeedee\n|move|p1a: Dragonite|Earthquake|p2b: Indeedee|[spread] p1b,p2b\n|-damage|p1b: Flutter Mane|38\/100\n|-damage|p2b: Indeedee|61\/100\n|\n|upkeep\n|turn|6\n|-message|reyndria forfeited.\n|\n|win|RonJohn\n|raw|RonJohn's rating: 1118 → 1135<\/strong> (+17 for winning)\n|raw|reyndria's rating: 1000 → 1000<\/strong> (+0 for losing)\n|l|\u2606reyndria\n|c|\u2606RonJohn|gg\n","uploadtime":1683768787,"views":21,"p1id":"ronjohn","p2id":"reyndria","formatid":"gen9vgc2023regulationc","rating":1000,"private":0,"password":""}