{"id":"gen9vgc2023regulationc-1848486258","p1":"hjhdhjjgjiiufh","p2":"project g1","format":"[Gen 9] VGC 2023 Regulation C","log":"|j|\u2606hjhdhjjgjiiufh\n|j|\u2606project g1\n|t:|1682083503\n|gametype|doubles\n|player|p1|hjhdhjjgjiiufh|169|1209\n|player|p2|project g1|backersf|1144\n|teamsize|p1|6\n|teamsize|p2|6\n|gen|9\n|tier|[Gen 9] VGC 2023 Regulation C\n|rated|\n|rule|Species Clause: Limit one of each Pok\u00e9mon\n|rule|Item Clause: Limit one of each item\n|clearpoke\n|poke|p1|Amoonguss, L50, F|\n|poke|p1|Arcanine, L50, F|\n|poke|p1|Palafin, L50, F|\n|poke|p1|Flutter Mane, L50|\n|poke|p1|Wo-Chien, L50|\n|poke|p1|Goodra, L50, F|\n|poke|p2|Abomasnow, L50, M|\n|poke|p2|Baxcalibur, L50, M|\n|poke|p2|Iron Bundle, L50|\n|poke|p2|Gholdengo, L50|\n|poke|p2|Pawmot, L50, M|\n|poke|p2|Arboliva, L50, M|\n|teampreview|4\n|\n|t:|1682083539\n|start\n|switch|p1a: Arcanine|Arcanine, L50, F|100\/100\n|switch|p1b: Wo-Chien|Wo-Chien, L50|100\/100\n|switch|p2a: Abomasnow|Abomasnow, L50, M|100\/100\n|switch|p2b: Iron Bundle|Iron Bundle, L50|100\/100\n|-ability|p1a: Arcanine|Intimidate|boost\n|-unboost|p2a: Abomasnow|atk|1\n|-unboost|p2b: Iron Bundle|atk|1\n|-ability|p1b: Wo-Chien|Tablets of Ruin\n|-weather|Snow|[from] ability: Snow Warning|[of] p2a: Abomasnow\n|turn|1\n|\n|t:|1682083559\n|-terastallize|p2a: Abomasnow|Water\n|move|p2b: Iron Bundle|Hydro Pump|p1a: Arcanine\n|-supereffective|p1a: Arcanine\n|-damage|p1a: Arcanine|0 fnt\n|faint|p1a: Arcanine\n|move|p1b: Wo-Chien|Giga Drain|p2b: Iron Bundle\n|-supereffective|p2b: Iron Bundle\n|-damage|p2b: Iron Bundle|55\/100\n|move|p2a: Abomasnow|Aurora Veil|p2a: Abomasnow\n|-sidestart|p2: project g1|move: Aurora Veil\n|\n|-weather|Snow|[upkeep]\n|upkeep\n|\n|t:|1682083569\n|switch|p1a: Flutter Mane|Flutter Mane, L50|100\/100\n|-enditem|p1a: Flutter Mane|Booster Energy\n|-activate|p1a: Flutter Mane|ability: Protosynthesis|[fromitem]\n|-start|p1a: Flutter Mane|protosynthesisspa\n|turn|2\n|\n|t:|1682083579\n|-terastallize|p1b: Wo-Chien|Poison\n|move|p1a: Flutter Mane|Shadow Ball|p2b: Iron Bundle\n|-damage|p2b: Iron Bundle|20\/100\n|move|p2b: Iron Bundle|Blizzard|p1b: Wo-Chien|[spread] p1a,p1b\n|-damage|p1a: Flutter Mane|68\/100\n|-damage|p1b: Wo-Chien|77\/100\n|move|p1b: Wo-Chien|Leech Seed|p2a: Abomasnow\n|-start|p2a: Abomasnow|move: Leech Seed\n|move|p2a: Abomasnow|Blizzard|p1b: Wo-Chien|[spread] p1a,p1b\n|-damage|p1a: Flutter Mane|40\/100\n|-damage|p1b: Wo-Chien|56\/100\n|\n|-weather|Snow|[upkeep]\n|-heal|p1b: Wo-Chien|62\/100|[from] item: Leftovers\n|-damage|p2a: Abomasnow|88\/100|[from] Leech Seed|[of] p1b: Wo-Chien\n|-heal|p1b: Wo-Chien|75\/100|[silent]\n|upkeep\n|turn|3\n|\n|t:|1682083604\n|switch|p2a: Arboliva|Arboliva, L50, M|100\/100\n|move|p1a: Flutter Mane|Shadow Ball|p2b: Iron Bundle\n|-damage|p2b: Iron Bundle|0 fnt\n|faint|p2b: Iron Bundle\n|-end|p2b: Iron Bundle|Quark Drive|[silent]\n|move|p1b: Wo-Chien|Pollen Puff|p1a: Flutter Mane\n|-heal|p1a: Flutter Mane|90\/100\n|\n|-weather|Snow|[upkeep]\n|-heal|p1b: Wo-Chien|81\/100|[from] item: Leftovers\n|upkeep\n|\n|t:|1682083615\n|switch|p2b: Abomasnow|Abomasnow, L50, M, tera:Water|88\/100\n|turn|4\n|inactive|Battle timer is ON: inactive players will automatically lose when time's up. (requested by hjhdhjjgjiiufh)\n|\n|t:|1682083684\n|move|p1a: Flutter Mane|Mystical Fire|p2a: Arboliva\n|-supereffective|p2a: Arboliva\n|-damage|p2a: Arboliva|59\/100\n|-unboost|p2a: Arboliva|spa|1\n|-fieldstart|move: Grassy Terrain|[from] ability: Seed Sower|[of] p2a: Arboliva\n|move|p1b: Wo-Chien|Leech Seed|p2b: Abomasnow\n|-start|p2b: Abomasnow|move: Leech Seed\n|move|p2b: Abomasnow|Blizzard|p1b: Wo-Chien|[spread] p1a,p1b\n|-damage|p1a: Flutter Mane|61\/100\n|-damage|p1b: Wo-Chien|59\/100\n|move|p2a: Arboliva|Leaf Storm|p1a: Flutter Mane\n|-damage|p1a: Flutter Mane|7\/100\n|-unboost|p2a: Arboliva|spa|2\n|\n|-weather|Snow|[upkeep]\n|-heal|p1a: Flutter Mane|13\/100|[from] Grassy Terrain\n|-heal|p1b: Wo-Chien|66\/100|[from] Grassy Terrain\n|-heal|p1b: Wo-Chien|72\/100|[from] item: Leftovers\n|-heal|p2b: Abomasnow|94\/100|[from] Grassy Terrain\n|-heal|p2a: Arboliva|65\/100|[from] Grassy Terrain\n|-damage|p2b: Abomasnow|82\/100|[from] Leech Seed|[of] p1b: Wo-Chien\n|-heal|p1b: Wo-Chien|84\/100|[silent]\n|upkeep\n|turn|5\n|inactive|hjhdhjjgjiiufh has 30 seconds left.\n|\n|t:|1682083712\n|move|p1a: Flutter Mane|Mystical Fire|p2b: Abomasnow\n|-resisted|p2b: Abomasnow\n|-damage|p2b: Abomasnow|73\/100\n|-unboost|p2b: Abomasnow|spa|1\n|move|p1b: Wo-Chien|Pollen Puff|p1a: Flutter Mane\n|-heal|p1a: Flutter Mane|63\/100\n|move|p2b: Abomasnow|Blizzard|p1b: Wo-Chien|[spread] p1a,p1b\n|-damage|p1a: Flutter Mane|43\/100\n|-damage|p1b: Wo-Chien|70\/100\n|-status|p1a: Flutter Mane|frz\n|move|p2a: Arboliva|Dazzling Gleam|p1a: Flutter Mane|[spread] p1a,p1b\n|-resisted|p1b: Wo-Chien\n|-damage|p1a: Flutter Mane|36\/100 frz\n|-damage|p1b: Wo-Chien|67\/100\n|\n|-weather|none\n|-heal|p1a: Flutter Mane|42\/100 frz|[from] Grassy Terrain\n|-heal|p1b: Wo-Chien|73\/100|[from] Grassy Terrain\n|-heal|p1b: Wo-Chien|79\/100|[from] item: Leftovers\n|-heal|p2b: Abomasnow|79\/100|[from] Grassy Terrain\n|-heal|p2a: Arboliva|71\/100|[from] Grassy Terrain\n|-damage|p2b: Abomasnow|66\/100|[from] Leech Seed|[of] p1b: Wo-Chien\n|-heal|p1b: Wo-Chien|92\/100|[silent]\n|-sideend|p2: project g1|move: Aurora Veil\n|upkeep\n|turn|6\n|\n|t:|1682083736\n|switch|p2a: Pawmot|Pawmot, L50, M|100\/100\n|cant|p1a: Flutter Mane|frz\n|move|p1b: Wo-Chien|Pollen Puff|p1a: Flutter Mane\n|-heal|p1a: Flutter Mane|92\/100 frz\n|move|p2b: Abomasnow|Blizzard|p1b: Wo-Chien|[spread] p1b\n|-miss|p2b: Abomasnow|p1a: Flutter Mane\n|-damage|p1b: Wo-Chien|76\/100\n|\n|-heal|p1a: Flutter Mane|98\/100 frz|[from] Grassy Terrain\n|-heal|p1b: Wo-Chien|82\/100|[from] Grassy Terrain\n|-heal|p1b: Wo-Chien|89\/100|[from] item: Leftovers\n|-heal|p2b: Abomasnow|73\/100|[from] Grassy Terrain\n|-damage|p2b: Abomasnow|60\/100|[from] Leech Seed|[of] p1b: Wo-Chien\n|-heal|p1b: Wo-Chien|100\/100|[silent]\n|upkeep\n|turn|7\n|inactive|project g1 has 30 seconds left.\n|\n|t:|1682083764\n|switch|p2b: Arboliva|Arboliva, L50, M|71\/100\n|move|p2a: Pawmot|Fake Out|p1b: Wo-Chien\n|-damage|p1b: Wo-Chien|92\/100\n|cant|p1a: Flutter Mane|frz\n|cant|p1b: Wo-Chien|flinch\n|\n|-heal|p1a: Flutter Mane|100\/100 frz|[from] Grassy Terrain\n|-heal|p1b: Wo-Chien|98\/100|[from] Grassy Terrain\n|-heal|p1b: Wo-Chien|100\/100|[from] item: Leftovers\n|-heal|p2b: Arboliva|77\/100|[from] Grassy Terrain\n|upkeep\n|turn|8\n|inactive|project g1 has 30 seconds left.\n|\n|t:|1682083794\n|cant|p1a: Flutter Mane|frz\n|move|p2a: Pawmot|Revival Blessing|p2a: Pawmot\n|\n|t:|1682083798\n|-heal|p2: Iron Bundle|50\/100|[from] move: Revival Blessing\n|move|p1b: Wo-Chien|Leech Seed|p2a: Pawmot\n|-start|p2a: Pawmot|move: Leech Seed\n|move|p2b: Arboliva|Leaf Storm|p1a: Flutter Mane\n|-damage|p1a: Flutter Mane|9\/100 frz\n|-unboost|p2b: Arboliva|spa|2\n|\n|-heal|p1a: Flutter Mane|15\/100 frz|[from] Grassy Terrain\n|-heal|p2b: Arboliva|83\/100|[from] Grassy Terrain\n|-damage|p2a: Pawmot|88\/100|[from] Leech Seed|[of] p1b: Wo-Chien\n|-fieldend|move: Grassy Terrain\n|upkeep\n|turn|9\n|\n|t:|1682083812\n|switch|p2b: Abomasnow|Abomasnow, L50, M, tera:Water|60\/100\n|-weather|Snow|[from] ability: Snow Warning|[of] p2b: Abomasnow\n|cant|p1a: Flutter Mane|frz\n|move|p2a: Pawmot|Encore|p1b: Wo-Chien\n|-start|p1b: Wo-Chien|Encore\n|move|p1b: Wo-Chien|Leech Seed|p2b: Abomasnow\n|-start|p2b: Abomasnow|move: Leech Seed\n|\n|-weather|Snow|[upkeep]\n|-damage|p2a: Pawmot|76\/100|[from] Leech Seed|[of] p1b: Wo-Chien\n|-damage|p2b: Abomasnow|48\/100|[from] Leech Seed|[of] p1b: Wo-Chien\n|upkeep\n|turn|10\n|\n|t:|1682083829\n|switch|p2a: Iron Bundle|Iron Bundle, L50|50\/100\n|switch|p1b: Goodra|Goodra, L50, F|100\/100\n|cant|p1a: Flutter Mane|frz\n|move|p2b: Abomasnow|Blizzard|p1a: Flutter Mane|[spread] p1a,p1b\n|-supereffective|p1b: Goodra\n|-damage|p1a: Flutter Mane|0 fnt\n|-damage|p1b: Goodra|68\/100\n|faint|p1a: Flutter Mane\n|-end|p1a: Flutter Mane|Protosynthesis|[silent]\n|\n|-weather|Snow|[upkeep]\n|-damage|p2b: Abomasnow|36\/100|[from] Leech Seed|[of] p1b: Goodra\n|-heal|p1b: Goodra|81\/100|[silent]\n|upkeep\n|\n|t:|1682083836\n|switch|p1a: Wo-Chien|Wo-Chien, L50, tera:Poison|100\/100\n|-ability|p1a: Wo-Chien|Tablets of Ruin\n|turn|11\n|\n|t:|1682083847\n|move|p2a: Iron Bundle|Blizzard|p1a: Wo-Chien|[spread] p1a,p1b\n|-supereffective|p1b: Goodra\n|-damage|p1a: Wo-Chien|77\/100\n|-damage|p1b: Goodra|42\/100\n|move|p1b: Goodra|Life Dew|p1b: Goodra|[spread] p1a,p1b\n|-heal|p1a: Wo-Chien|100\/100\n|-heal|p1b: Goodra|67\/100\n|move|p1a: Wo-Chien|Giga Drain|p2a: Iron Bundle\n|-supereffective|p2a: Iron Bundle\n|-damage|p2a: Iron Bundle|6\/100\n|move|p2b: Abomasnow|Aurora Veil|p2b: Abomasnow\n|-sidestart|p2: project g1|move: Aurora Veil\n|\n|-weather|Snow|[upkeep]\n|-damage|p2b: Abomasnow|24\/100|[from] Leech Seed|[of] p1b: Goodra\n|-heal|p1b: Goodra|80\/100|[silent]\n|upkeep\n|turn|12\n|\n|t:|1682083863\n|move|p2a: Iron Bundle|Blizzard|p1a: Wo-Chien|[spread] p1a,p1b\n|-supereffective|p1b: Goodra\n|-damage|p1a: Wo-Chien|77\/100\n|-damage|p1b: Goodra|41\/100\n|move|p1b: Goodra|Life Dew|p1b: Goodra|[spread] p1a,p1b\n|-heal|p1a: Wo-Chien|100\/100\n|-heal|p1b: Goodra|66\/100\n|move|p1a: Wo-Chien|Giga Drain|p2b: Abomasnow\n|-supereffective|p2b: Abomasnow\n|-damage|p2b: Abomasnow|0 fnt\n|faint|p2b: Abomasnow\n|\n|-weather|Snow|[upkeep]\n|upkeep\n|\n|t:|1682083877\n|switch|p2b: Pawmot|Pawmot, L50, M|76\/100\n|turn|13\n|\n|t:|1682083892\n|move|p2b: Pawmot|Fake Out|p1b: Goodra\n|-damage|p1b: Goodra|56\/100\n|move|p2a: Iron Bundle|Blizzard|p1a: Wo-Chien|[spread] p1a,p1b\n|-supereffective|p1b: Goodra\n|-damage|p1a: Wo-Chien|77\/100\n|-damage|p1b: Goodra|15\/100\n|-status|p1a: Wo-Chien|frz\n|-enditem|p1b: Goodra|Iapapa Berry|[eat]\n|-heal|p1b: Goodra|48\/100|[from] item: Iapapa Berry\n|cant|p1b: Goodra|flinch\n|cant|p1a: Wo-Chien|frz\n|\n|-weather|none\n|-heal|p1a: Wo-Chien|83\/100 frz|[from] item: Leftovers\n|upkeep\n|turn|14\n|inactive|project g1 has 30 seconds left.\n|\n|t:|1682083921\n|move|p2b: Pawmot|Mach Punch|p1b: Goodra\n|-damage|p1b: Goodra|30\/100\n|move|p2a: Iron Bundle|Freeze-Dry|p1b: Goodra\n|-supereffective|p1b: Goodra\n|-damage|p1b: Goodra|0 fnt\n|faint|p1b: Goodra\n|cant|p1a: Wo-Chien|frz\n|\n|-heal|p1a: Wo-Chien|90\/100 frz|[from] item: Leftovers\n|upkeep\n|turn|15\n|\n|t:|1682083937\n|switch|p2b: Arboliva|Arboliva, L50, M|83\/100\n|move|p2a: Iron Bundle|Hydro Pump|p1a: Wo-Chien\n|-damage|p1a: Wo-Chien|58\/100 frz\n|cant|p1a: Wo-Chien|frz\n|\n|-heal|p1a: Wo-Chien|65\/100 frz|[from] item: Leftovers\n|-sideend|p2: project g1|move: Aurora Veil\n|upkeep\n|turn|16\n|\n|t:|1682083950\n|-curestatus|p1a: Wo-Chien|frz|[msg]\n|move|p1a: Wo-Chien|Protect|p1a: Wo-Chien\n|-singleturn|p1a: Wo-Chien|Protect\n|move|p2a: Iron Bundle|Hydro Pump|p1a: Wo-Chien\n|-activate|p1a: Wo-Chien|move: Protect\n|move|p2b: Arboliva|Pollen Puff|p2a: Iron Bundle\n|-heal|p2a: Iron Bundle|56\/100\n|\n|-heal|p1a: Wo-Chien|71\/100|[from] item: Leftovers\n|upkeep\n|turn|17\n|\n|t:|1682083960\n|move|p2a: Iron Bundle|Hydro Pump|p1a: Wo-Chien\n|-damage|p1a: Wo-Chien|36\/100\n|move|p1a: Wo-Chien|Giga Drain|p2a: Iron Bundle\n|-supereffective|p2a: Iron Bundle\n|-damage|p2a: Iron Bundle|10\/100\n|-heal|p1a: Wo-Chien|56\/100|[from] drain|[of] p2a: Iron Bundle\n|move|p2b: Arboliva|Pollen Puff|p2a: Iron Bundle\n|-heal|p2a: Iron Bundle|60\/100\n|\n|-heal|p1a: Wo-Chien|62\/100|[from] item: Leftovers\n|upkeep\n|turn|18\n|inactive|project g1 has 30 seconds left.\n|\n|t:|1682083987\n|move|p2a: Iron Bundle|Hydro Pump|p1a: Wo-Chien\n|-damage|p1a: Wo-Chien|32\/100\n|move|p1a: Wo-Chien|Giga Drain|p2a: Iron Bundle\n|-supereffective|p2a: Iron Bundle\n|-damage|p2a: Iron Bundle|8\/100\n|-heal|p1a: Wo-Chien|54\/100|[from] drain|[of] p2a: Iron Bundle\n|move|p2b: Arboliva|Pollen Puff|p2a: Iron Bundle\n|-heal|p2a: Iron Bundle|58\/100\n|\n|-heal|p1a: Wo-Chien|60\/100|[from] item: Leftovers\n|upkeep\n|turn|19\n|\n|t:|1682084008\n|move|p2a: Iron Bundle|Flip Turn|p1a: Wo-Chien\n|-damage|p1a: Wo-Chien|50\/100\n|\n|t:|1682084011\n|-end|p2a: Iron Bundle|Quark Drive|[silent]\n|switch|p2a: Pawmot|Pawmot, L50, M|76\/100|[from] Flip Turn\n|move|p1a: Wo-Chien|Giga Drain|p2a: Pawmot\n|-damage|p2a: Pawmot|30\/100\n|-heal|p1a: Wo-Chien|68\/100|[from] drain|[of] p2a: Pawmot\n|move|p2b: Arboliva|Leaf Storm|p1a: Wo-Chien\n|-resisted|p1a: Wo-Chien\n|-damage|p1a: Wo-Chien|44\/100\n|-unboost|p2b: Arboliva|spa|2\n|\n|-heal|p1a: Wo-Chien|50\/100|[from] item: Leftovers\n|upkeep\n|turn|20\n|\n|t:|1682084025\n|switch|p2b: Iron Bundle|Iron Bundle, L50|58\/100\n|move|p1a: Wo-Chien|Protect|p1a: Wo-Chien\n|-singleturn|p1a: Wo-Chien|Protect\n|move|p2a: Pawmot|Fake Out|p1a: Wo-Chien\n|-activate|p1a: Wo-Chien|move: Protect\n|\n|-heal|p1a: Wo-Chien|57\/100|[from] item: Leftovers\n|upkeep\n|turn|21\n|\n|t:|1682084035\n|move|p2a: Pawmot|Encore|p1a: Wo-Chien\n|-start|p1a: Wo-Chien|Encore\n|move|p2b: Iron Bundle|Hydro Pump|p1a: Wo-Chien\n|-damage|p1a: Wo-Chien|27\/100\n|move|p1a: Wo-Chien|Protect||[still]\n|-fail|p1a: Wo-Chien\n|\n|-heal|p1a: Wo-Chien|33\/100|[from] item: Leftovers\n|upkeep\n|turn|22\n|-message|hjhdhjjgjiiufh forfeited.\n|\n|win|project g1\n|raw|hjhdhjjgjiiufh's rating: 1209 → 1179<\/strong> (-30 for losing)\n|raw|project g1's rating: 1144 → 1174<\/strong> (+30 for winning)\n|l|\u2606hjhdhjjgjiiufh\n|c|\u2606project g1|gg\n","uploadtime":1682084064,"views":12,"p1id":"hjhdhjjgjiiufh","p2id":"projectg1","formatid":"gen9vgc2023regulationc","rating":1174,"private":0,"password":""}