{"id":"gen9vgc2023regulationc-1849506951","p1":"IamMx3","p2":"jchemmy","format":"[Gen 9] VGC 2023 Regulation C","log":"|j|\u2606IamMx3\n|j|\u2606jchemmy\n|t:|1682206678\n|gametype|doubles\n|player|p1|IamMx3|palmer|1326\n|player|p2|jchemmy|brock|1292\n|teamsize|p1|6\n|teamsize|p2|6\n|gen|9\n|tier|[Gen 9] VGC 2023 Regulation C\n|rated|\n|rule|Species Clause: Limit one of each Pok\u00e9mon\n|rule|Item Clause: Limit one of each item\n|clearpoke\n|poke|p1|Talonflame, L50, M|\n|poke|p1|Garchomp, L50, F|\n|poke|p1|Flutter Mane, L50|\n|poke|p1|Amoonguss, L50, M|\n|poke|p1|Kingambit, L50, F|\n|poke|p1|Iron Bundle, L50|\n|poke|p2|Arcanine, L50, M|\n|poke|p2|Palafin, L50, M|\n|poke|p2|Flutter Mane, L50|\n|poke|p2|Ting-Lu, L50|\n|poke|p2|Amoonguss, L50, F|\n|poke|p2|Baxcalibur, L50, M|\n|teampreview|4\n|inactive|Battle timer is ON: inactive players will automatically lose when time's up. (requested by jchemmy)\njchemmy has agreed to open team sheets.\nIamMx3 has agreed to open team sheets.\n|inactive|IamMx3 has 60 seconds left.\n|inactive|jchemmy has 60 seconds left.\n|inactive|IamMx3 has 30 seconds left.\n|\n|t:|1682206740\n|start\n|switch|p1a: Iron Bundle|Iron Bundle, L50|100\/100\n|switch|p1b: Kingambit|Kingambit, L50, F|100\/100\n|switch|p2a: Palafin|Palafin, L50, M|100\/100\n|switch|p2b: Ting-Lu|Ting-Lu, L50|100\/100\n|-ability|p2b: Ting-Lu|Vessel of Ruin\n|-enditem|p1a: Iron Bundle|Booster Energy\n|-activate|p1a: Iron Bundle|ability: Quark Drive|[fromitem]\n|-start|p1a: Iron Bundle|quarkdrivespe\n|turn|1\n|inactive|jchemmy has 30 seconds left.\n|\n|t:|1682206767\n|detailschange|p2a: Palafin|Palafin-Hero, L50, M\n|switch|p2a: Baxcalibur|Baxcalibur, L50, M|100\/100\n|-terastallize|p1b: Kingambit|Flying\n|-terastallize|p2b: Ting-Lu|Poison\n|move|p1a: Iron Bundle|Hydro Pump|p2b: Ting-Lu\n|-damage|p2b: Ting-Lu|83\/100\n|move|p1b: Kingambit|Tera Blast|p2b: Ting-Lu\n|-damage|p2b: Ting-Lu|55\/100\n|move|p2b: Ting-Lu|Ruination|p1b: Kingambit\n|-damage|p1b: Kingambit|50\/100\n|\n|upkeep\n|turn|2\n|\n|t:|1682206789\n|move|p1a: Iron Bundle|Freeze-Dry|p2a: Baxcalibur\n|-damage|p2a: Baxcalibur|80\/100\n|move|p2a: Baxcalibur|Icicle Crash|p1b: Kingambit|[miss]\n|-miss|p2a: Baxcalibur|p1b: Kingambit\n|move|p1b: Kingambit|Iron Head|p2a: Baxcalibur\n|-supereffective|p2a: Baxcalibur\n|-damage|p2a: Baxcalibur|0 fnt\n|faint|p2a: Baxcalibur\n|move|p2b: Ting-Lu|Ruination|p1a: Iron Bundle\n|-damage|p1a: Iron Bundle|51\/100\n|\n|upkeep\n|\n|t:|1682206801\n|switch|p2a: Palafin|Palafin-Hero, L50, M|100\/100\n|-activate|p2a: Palafin|ability: Zero to Hero\n|turn|3\n|\n|t:|1682206813\n|move|p2a: Palafin|Protect|p2a: Palafin\n|-singleturn|p2a: Palafin|Protect\n|move|p1a: Iron Bundle|Freeze-Dry|p2a: Palafin\n|-activate|p2a: Palafin|move: Protect\n|move|p1b: Kingambit|Kowtow Cleave|p2a: Palafin\n|-activate|p2a: Palafin|move: Protect\n|move|p2b: Ting-Lu|Stomping Tantrum|p1a: Iron Bundle\n|-damage|p1a: Iron Bundle|5\/100\n|\n|upkeep\n|turn|4\n|\n|t:|1682206829\n|move|p1a: Iron Bundle|Protect|p1a: Iron Bundle\n|-singleturn|p1a: Iron Bundle|Protect\n|move|p2a: Palafin|Jet Punch|p1a: Iron Bundle\n|-activate|p1a: Iron Bundle|move: Protect\n|move|p1b: Kingambit|Kowtow Cleave|p2a: Palafin\n|-damage|p2a: Palafin|58\/100\n|move|p2b: Ting-Lu|Ruination|p1b: Kingambit\n|-damage|p1b: Kingambit|25\/100\n|\n|upkeep\n|turn|5\n|\n|t:|1682206844\n|-end|p1a: Iron Bundle|Quark Drive|[silent]\n|switch|p1a: Amoonguss|Amoonguss, L50, M|100\/100\n|move|p2a: Palafin|Protect|p2a: Palafin\n|-singleturn|p2a: Palafin|Protect\n|move|p1b: Kingambit|Kowtow Cleave|p2b: Ting-Lu\n|-damage|p2b: Ting-Lu|23\/100\n|move|p2b: Ting-Lu|Stomping Tantrum|p1a: Amoonguss\n|-damage|p1a: Amoonguss|73\/100\n|\n|upkeep\n|turn|6\n|\n|t:|1682206857\n|switch|p2a: Amoonguss|Amoonguss, L50, F|100\/100\n|move|p1a: Amoonguss|Rage Powder|p1a: Amoonguss\n|-singleturn|p1a: Amoonguss|move: Rage Powder\n|move|p1b: Kingambit|Kowtow Cleave|p2b: Ting-Lu\n|-damage|p2b: Ting-Lu|0 fnt\n|faint|p2b: Ting-Lu\n|\n|upkeep\n|\n|t:|1682206861\n|switch|p2b: Palafin|Palafin-Hero, L50, M|58\/100\n|turn|7\n|\n|t:|1682206872\n|move|p2b: Palafin|Wave Crash|p1a: Amoonguss\n|-resisted|p1a: Amoonguss\n|-damage|p1a: Amoonguss|36\/100\n|-enditem|p1a: Amoonguss|Sitrus Berry|[eat]\n|-heal|p1a: Amoonguss|60\/100|[from] item: Sitrus Berry\n|-damage|p2b: Palafin|45\/100|[from] Recoil\n|move|p1b: Kingambit|Tera Blast|p2a: Amoonguss\n|-supereffective|p2a: Amoonguss\n|-damage|p2a: Amoonguss|31\/100\n|-enditem|p2a: Amoonguss|Sitrus Berry|[eat]\n|-heal|p2a: Amoonguss|56\/100|[from] item: Sitrus Berry\n|move|p1a: Amoonguss|Spore|p2b: Palafin\n|-status|p2b: Palafin|slp|[from] move: Spore\n|move|p2a: Amoonguss|Pollen Puff|p2b: Palafin\n|-heal|p2b: Palafin|95\/100 slp\n|\n|upkeep\n|turn|8\n|\n|t:|1682206885\n|move|p2a: Amoonguss|Protect|p2a: Amoonguss\n|-singleturn|p2a: Amoonguss|Protect\n|cant|p2b: Palafin|slp\n|move|p1b: Kingambit|Tera Blast|p2a: Amoonguss\n|-activate|p2a: Amoonguss|move: Protect\n|move|p1a: Amoonguss|Pollen Puff|p1b: Kingambit\n|-heal|p1b: Kingambit|75\/100\n|\n|upkeep\n|turn|9\n|-message|jchemmy forfeited.\n|\n|win|IamMx3\n|raw|IamMx3's rating: 1326 → 1344<\/strong> (+18 for winning)\n|raw|jchemmy's rating: 1292 → 1269<\/strong> (-23 for losing)\n","uploadtime":1682206889,"views":6,"p1id":"iammx3","p2id":"jchemmy","formatid":"gen9vgc2023regulationc","rating":1269,"private":0,"password":""}