{"id":"gen9vgc2023regulationc-1860503691","p1":"Josuee_29","p2":"SeaOfBlueFlowers","format":"[Gen 9] VGC 2023 Regulation C","log":"|j|\u2606Josuee_29\n|j|\u2606SeaOfBlueFlowers\n|t:|1683649844\n|gametype|doubles\n|player|p1|Josuee_29|169|1040\n|player|p2|SeaOfBlueFlowers|gentleman|1114\n|teamsize|p1|6\n|teamsize|p2|6\n|gen|9\n|tier|[Gen 9] VGC 2023 Regulation C\n|rated|\n|rule|Species Clause: Limit one of each Pok\u00e9mon\n|rule|Item Clause: Limit one of each item\n|clearpoke\n|poke|p1|Chien-Pao, L50|\n|poke|p1|Flutter Mane, L50|\n|poke|p1|Arcanine, L50, F|\n|poke|p1|Amoonguss, L50, M|\n|poke|p1|Palafin, L50, F|\n|poke|p1|Dragonite, L50, M|\n|poke|p2|Great Tusk, L50|\n|poke|p2|Rabsca, L50, M|\n|poke|p2|Torkoal, L50, M|\n|poke|p2|Annihilape, L50, F|\n|poke|p2|Amoonguss, L50, F|\n|poke|p2|Flutter Mane, L50|\n|teampreview|4\n|\n|t:|1683649901\n|start\n|switch|p1a: Palafin|Palafin, L50, F|100\/100\n|switch|p1b: Flutter Mane|Flutter Mane, L50|100\/100\n|switch|p2a: Rabsca|Rabsca, L50, M|100\/100\n|switch|p2b: Annihilape|Annihilape, L50, F|100\/100\n|turn|1\n|\n|t:|1683649958\n|move|p2b: Annihilape|Final Gambit|p1a: Palafin\n|-damage|p1a: Palafin|0 fnt\n|faint|p2b: Annihilape\n|faint|p1a: Palafin\n|move|p1b: Flutter Mane|Moonblast|p2a: Rabsca\n|-damage|p2a: Rabsca|44\/100\n|move|p2a: Rabsca|Trick Room|p2a: Rabsca\n|-fieldstart|move: Trick Room|[of] p2a: Rabsca\n|\n|upkeep\n|\n|t:|1683649973\n|switch|p1a: Dragonite|Dragonite, L50, M|100\/100\n|switch|p2b: Great Tusk|Great Tusk, L50|100\/100\n|turn|2\n|\n|t:|1683649994\n|-end|p1b: Flutter Mane|Protosynthesis|[silent]\n|switch|p1b: Chien-Pao|Chien-Pao, L50|100\/100\n|-ability|p1b: Chien-Pao|Sword of Ruin\n|move|p2a: Rabsca|Protect|p2a: Rabsca\n|-singleturn|p2a: Rabsca|Protect\n|move|p2b: Great Tusk|Ice Spinner|p1a: Dragonite\n|-supereffective|p1a: Dragonite\n|-damage|p1a: Dragonite|0 fnt\n|faint|p1a: Dragonite\n|\n|upkeep\n|\n|t:|1683650009\n|switch|p1a: Flutter Mane|Flutter Mane, L50|100\/100\n|turn|3\n|\n|t:|1683650028\n|-end|p2b: Great Tusk|Protosynthesis|[silent]\n|switch|p2b: Flutter Mane|Flutter Mane, L50|100\/100\n|move|p1b: Chien-Pao|Sucker Punch||[still]\n|-fail|p1b: Chien-Pao\n|move|p2a: Rabsca|Revival Blessing|p2a: Rabsca\n|-enditem|p2a: Rabsca|Leppa Berry|[eat]\n|-activate|p2a: Rabsca|item: Leppa Berry|Revival Blessing|[consumed]\n|\n|t:|1683650035\n|-heal|p2: Annihilape|50\/100|[from] move: Revival Blessing\n|move|p1a: Flutter Mane|Moonblast|p2b: Flutter Mane\n|-damage|p2b: Flutter Mane|37\/100\n|\n|upkeep\n|turn|4\n|\n|t:|1683650065\n|move|p2a: Rabsca|Protect|p2a: Rabsca\n|-singleturn|p2a: Rabsca|Protect\n|move|p1b: Chien-Pao|Sucker Punch|p2b: Flutter Mane\n|-damage|p2b: Flutter Mane|0 fnt\n|faint|p2b: Flutter Mane\n|-end|p2b: Flutter Mane|Protosynthesis|[silent]\n|move|p1a: Flutter Mane|Moonblast|p2a: Rabsca\n|-activate|p2a: Rabsca|move: Protect\n|\n|upkeep\n|\n|t:|1683650071\n|switch|p2b: Great Tusk|Great Tusk, L50|100\/100\n|turn|5\n|\n|t:|1683650100\n|move|p1b: Chien-Pao|Sucker Punch|p2a: Rabsca\n|-supereffective|p2a: Rabsca\n|-damage|p2a: Rabsca|0 fnt\n|faint|p2a: Rabsca\n|move|p2b: Great Tusk|Earthquake|p1a: Flutter Mane|[spread] p1a,p1b\n|-damage|p1a: Flutter Mane|0 fnt\n|-damage|p1b: Chien-Pao|10\/100\n|faint|p1a: Flutter Mane\n|-end|p1a: Flutter Mane|Protosynthesis|[silent]\n|\n|-fieldend|move: Trick Room\n|upkeep\n|\n|t:|1683650102\n|switch|p2a: Annihilape|Annihilape, L50, F|50\/100\n|turn|6\n|\n|t:|1683650119\n|move|p1b: Chien-Pao|Protect|p1b: Chien-Pao\n|-singleturn|p1b: Chien-Pao|Protect\n|move|p2a: Annihilape|Close Combat|p1b: Chien-Pao\n|-activate|p1b: Chien-Pao|move: Protect\n|move|p2b: Great Tusk|Earthquake|p1b: Chien-Pao|[spread] p2a\n|-activate|p1b: Chien-Pao|move: Protect\n|-damage|p2a: Annihilape|0 fnt\n|faint|p2a: Annihilape\n|\n|upkeep\n|turn|7\n|\n|t:|1683650138\n|-terastallize|p2b: Great Tusk|Ground\n|move|p1b: Chien-Pao|Ice Spinner|p2b: Great Tusk\n|-supereffective|p2b: Great Tusk\n|-damage|p2b: Great Tusk|25\/100\n|move|p2b: Great Tusk|Earthquake|p1b: Chien-Pao\n|-damage|p1b: Chien-Pao|0 fnt\n|faint|p1b: Chien-Pao\n|\n|win|SeaOfBlueFlowers\n|raw|Josuee_29's rating: 1040 → 1027<\/strong> (-13 for losing)\n|raw|SeaOfBlueFlowers's rating: 1114 → 1134<\/strong> (+20 for winning)\n","uploadtime":1683650150,"views":6,"p1id":"josuee29","p2id":"seaofblueflowers","formatid":"gen9vgc2023regulationc","rating":1027,"private":0,"password":""}