{"id":"gen9vgc2023regulationc-1845679228","p1":"muddyswamppert","p2":"jeffman323","format":"[Gen 9] VGC 2023 Regulation C","log":"|j|\u2606muddyswamppert\n|j|\u2606jeffman323\n|t:|1681754931\n|gametype|doubles\n|player|p1|muddyswamppert|cynthia-gen4|\n|player|p2|jeffman323|steven|\n|teamsize|p1|6\n|teamsize|p2|6\n|gen|9\n|tier|[Gen 9] VGC 2023 Regulation C\n|rule|Species Clause: Limit one of each Pok\u00e9mon\n|rule|Item Clause: Limit one of each item\n|clearpoke\n|poke|p1|Amoonguss, L50, M|\n|poke|p1|Iron Moth, L50|\n|poke|p1|Tauros-Paldea-Aqua, L50, M|\n|poke|p1|Chien-Pao, L50|\n|poke|p1|Flutter Mane, L50|\n|poke|p1|Baxcalibur, L50, F|\n|poke|p2|Hatterene, L50, F|\n|poke|p2|Indeedee-F, L50, F|\n|poke|p2|Torkoal, L50, F|\n|poke|p2|Kingambit, L50, M|\n|poke|p2|Iron Hands, L50|\n|poke|p2|Brute Bonnet, L50|\n|teampreview|4\n|inactive|Battle timer is ON: inactive players will automatically lose when time's up. (requested by muddyswamppert)\njeffman323 has agreed to open team sheets.\n|c|\u2606muddyswamppert|this team\n|c|\u2606muddyswamppert|is my best one\n|inactive|jeffman323 has 60 seconds left.\n|j| Keveloper\n|l| Keveloper\nmuddyswamppert has agreed to open team sheets.\n|j| Keveloper\n|inactive|jeffman323 has 30 seconds left.\n|inactive|jeffman323 has 20 seconds left.\n|inactive|jeffman323 has 15 seconds left.\n|inactive|jeffman323 has 10 seconds left.\n|\n|t:|1681755014\n|start\n|switch|p1a: Iron Moth|Iron Moth, L50|100\/100\n|switch|p1b: Flutter Mane|Flutter Mane, L50|100\/100\n|switch|p2a: Iron Hands|Iron Hands, L50|100\/100\n|switch|p2b: Hatterene|Hatterene, L50, F|100\/100\n|-enditem|p1a: Iron Moth|Booster Energy\n|-activate|p1a: Iron Moth|ability: Quark Drive|[fromitem]\n|-start|p1a: Iron Moth|quarkdrivespe\n|turn|1\n|\n|t:|1681755034\n|move|p2a: Iron Hands|Fake Out|p1a: Iron Moth\n|-damage|p1a: Iron Moth|76\/100\n|cant|p1a: Iron Moth|flinch\n|move|p1b: Flutter Mane|Dazzling Gleam|p2a: Iron Hands|[spread] p2a,p2b\n|-supereffective|p2a: Iron Hands\n|-crit|p2a: Iron Hands\n|-damage|p2a: Iron Hands|19\/100\n|-damage|p2b: Hatterene|51\/100\n|move|p2b: Hatterene|Trick Room|p2b: Hatterene\n|-fieldstart|move: Trick Room|[of] p2b: Hatterene\n|\n|upkeep\n|turn|2\n|inactive|jeffman323 has 30 seconds left.\n|\n|t:|1681755063\n|move|p2b: Hatterene|Protect|p2b: Hatterene\n|-singleturn|p2b: Hatterene|Protect\n|move|p2a: Iron Hands|Earthquake|p1b: Flutter Mane|[spread] p1a,p1b\n|-activate|p2b: Hatterene|move: Protect\n|-supereffective|p1a: Iron Moth\n|-damage|p1a: Iron Moth|0 fnt\n|-damage|p1b: Flutter Mane|49\/100\n|faint|p1a: Iron Moth\n|-end|p1a: Iron Moth|Quark Drive|[silent]\n|move|p1b: Flutter Mane|Dazzling Gleam|p2b: Hatterene|[spread] p2a\n|-activate|p2b: Hatterene|move: Protect\n|-supereffective|p2a: Iron Hands\n|-damage|p2a: Iron Hands|0 fnt\n|faint|p2a: Iron Hands\n|-end|p2a: Iron Hands|Quark Drive|[silent]\n|\n|upkeep\n|\n|t:|1681755072\n|switch|p2a: Torkoal|Torkoal, L50, F|100\/100\n|switch|p1a: Tauros|Tauros-Paldea-Aqua, L50, M|100\/100\n|-weather|SunnyDay|[from] ability: Drought|[of] p2a: Torkoal\n|-activate|p1b: Flutter Mane|ability: Protosynthesis\n|-start|p1b: Flutter Mane|protosynthesisspe\n|-ability|p1a: Tauros|Intimidate|boost\n|-unboost|p2a: Torkoal|atk|1\n|-unboost|p2b: Hatterene|atk|1\n|turn|3\n|\n|t:|1681755085\n|move|p1a: Tauros|Aqua Jet|p2a: Torkoal\n|-supereffective|p2a: Torkoal\n|-damage|p2a: Torkoal|80\/100\n|move|p2a: Torkoal|Eruption|p1a: Tauros|[spread] p1a,p1b\n|-resisted|p1a: Tauros\n|-damage|p1a: Tauros|60\/100\n|-damage|p1b: Flutter Mane|0 fnt\n|faint|p1b: Flutter Mane\n|-end|p1b: Flutter Mane|Protosynthesis|[silent]\n|move|p2b: Hatterene|Psychic|p1a: Tauros\n|-supereffective|p1a: Tauros\n|-damage|p1a: Tauros|0 fnt\n|faint|p1a: Tauros\n|\n|-weather|SunnyDay|[upkeep]\n|upkeep\n|c|\u2606muddyswamppert|bruh trickroom\n|\n|t:|1681755100\n|switch|p1b: Baxcalibur|Baxcalibur, L50, F|100\/100\n|turn|4\n|\n|t:|1681755111\n|-terastallize|p1b: Baxcalibur|Ground\n|move|p2a: Torkoal|Eruption|p1b: Baxcalibur\n|-damage|p1b: Baxcalibur|38\/100\n|-ability|p1b: Baxcalibur|Thermal Exchange|boost\n|-boost|p1b: Baxcalibur|atk|1\n|move|p2b: Hatterene|Dazzling Gleam|p1b: Baxcalibur\n|-damage|p1b: Baxcalibur|6\/100\n|move|p1b: Baxcalibur|Earthquake|p2b: Hatterene|[spread] p2a,p2b\n|-supereffective|p2a: Torkoal\n|-damage|p2a: Torkoal|0 fnt\n|-damage|p2b: Hatterene|0 fnt\n|faint|p2a: Torkoal\n|faint|p2b: Hatterene\n|\n|-weather|SunnyDay|[upkeep]\n|upkeep\n|\n|t:|1681755122\n|switch|p2b: Kingambit|Kingambit, L50, M|100\/100\n|turn|5\n|\n|t:|1681755129\n|-terastallize|p2b: Kingambit|Flying\n|move|p2b: Kingambit|Sucker Punch|p1b: Baxcalibur\n|-crit|p1b: Baxcalibur\n|-damage|p1b: Baxcalibur|0 fnt\n|faint|p1b: Baxcalibur\n|\n|win|jeffman323\n|c|\u2606muddyswamppert|gg\n","uploadtime":1681755177,"views":11,"p1id":"muddyswamppert","p2id":"jeffman323","formatid":"gen9vgc2023regulationc","rating":0,"private":0,"password":""}