{"id":"gen9vgc2023regulationc-1854851596","p1":"99jiuli","p2":"Sondowner","format":"[Gen 9] VGC 2023 Regulation C","log":"|j|\u260699jiuli\n|j|\u2606Sondowner\n|t:|1682873348\n|gametype|doubles\n|player|p1|99jiuli|169|1202\n|player|p2|Sondowner|pokemonranger-gen4|1135\n|teamsize|p1|6\n|teamsize|p2|6\n|gen|9\n|tier|[Gen 9] VGC 2023 Regulation C\n|rated|\n|rule|Species Clause: Limit one of each Pok\u00e9mon\n|rule|Item Clause: Limit one of each item\n|clearpoke\n|poke|p1|Klefki, L50, F|\n|poke|p1|Corviknight, L50, F|\n|poke|p1|Chi-Yu, L50|\n|poke|p1|Flutter Mane, L50|\n|poke|p1|Roaring Moon, L50|\n|poke|p1|Annihilape, L50, F|\n|poke|p2|Murkrow, L50, F|\n|poke|p2|Flutter Mane, L50|\n|poke|p2|Gholdengo, L50|\n|poke|p2|Arcanine, L50, M|\n|poke|p2|Slither Wing, L50|\n|poke|p2|Sandy Shocks, L50|\n|teampreview|4\n|inactive|Battle timer is ON: inactive players will automatically lose when time's up. (requested by 99jiuli)\n|inactive|99jiuli has 60 seconds left.\n|inactive|Sondowner has 60 seconds left.\n|\n|t:|1682873386\n|start\n|switch|p1a: Flutter Mane|Flutter Mane, L50|100\/100\n|switch|p1b: Corviknight|Corviknight, L50, F|100\/100\n|switch|p2a: Sandy Shocks|Sandy Shocks, L50|100\/100\n|switch|p2b: Murkrow|Murkrow, L50, F|100\/100\n|turn|1\n|inactive|99jiuli has 30 seconds left.\n|\n|t:|1682873416\n|move|p2b: Murkrow|Tailwind|p2b: Murkrow\n|-sidestart|p2: Sondowner|move: Tailwind\n|move|p2a: Sandy Shocks|Flash Cannon|p1a: Flutter Mane\n|-supereffective|p1a: Flutter Mane\n|-damage|p1a: Flutter Mane|30\/100\n|-damage|p2a: Sandy Shocks|91\/100|[from] item: Life Orb\n|move|p1a: Flutter Mane|Dazzling Gleam|p2a: Sandy Shocks|[spread] p2a,p2b\n|-supereffective|p2b: Murkrow\n|-damage|p2a: Sandy Shocks|28\/100\n|-damage|p2b: Murkrow|0 fnt\n|faint|p2b: Murkrow\n|move|p1b: Corviknight|Tailwind|p1b: Corviknight\n|-sidestart|p1: 99jiuli|move: Tailwind\n|\n|upkeep\n|\n|t:|1682873435\n|switch|p2b: Gholdengo|Gholdengo, L50|100\/100\n|turn|2\n|\n|t:|1682873453\n|-end|p1a: Flutter Mane|Protosynthesis|[silent]\n|switch|p1a: Klefki|Klefki, L50, F|100\/100\n|move|p2a: Sandy Shocks|Volt Switch|p1b: Corviknight\n|-supereffective|p1b: Corviknight\n|-damage|p1b: Corviknight|19\/100\n|-enditem|p1b: Corviknight|Sitrus Berry|[eat]\n|-heal|p1b: Corviknight|44\/100|[from] item: Sitrus Berry\n|-damage|p2a: Sandy Shocks|19\/100|[from] item: Life Orb\n|\n|t:|1682873461\n|-end|p2a: Sandy Shocks|Protosynthesis|[silent]\n|switch|p2a: Flutter Mane|Flutter Mane, L50|100\/100|[from] Volt Switch\n|move|p2b: Gholdengo|Shadow Ball|p1a: Klefki\n|-damage|p1a: Klefki|52\/100\n|move|p1b: Corviknight|Brave Bird|p2a: Flutter Mane\n|-enditem|p2a: Flutter Mane|Focus Sash\n|-damage|p2a: Flutter Mane|1\/100\n|-damage|p1b: Corviknight|23\/100|[from] Recoil\n|\n|upkeep\n|turn|3\n|\n|t:|1682873485\n|move|p1a: Klefki|Light Screen|p1a: Klefki\n|-sidestart|p1: 99jiuli|move: Light Screen\n|move|p2a: Flutter Mane|Shadow Ball|p1b: Corviknight\n|-damage|p1b: Corviknight|0 fnt\n|faint|p1b: Corviknight\n|move|p2b: Gholdengo|Nasty Plot|p2b: Gholdengo\n|-boost|p2b: Gholdengo|spa|2\n|\n|upkeep\n|\n|t:|1682873494\n|switch|p1b: Flutter Mane|Flutter Mane, L50|30\/100\n|turn|4\n|\n|t:|1682873506\n|move|p2a: Flutter Mane|Protect|p2a: Flutter Mane\n|-singleturn|p2a: Flutter Mane|Protect\n|move|p2b: Gholdengo|Protect|p2b: Gholdengo\n|-singleturn|p2b: Gholdengo|Protect\n|move|p1a: Klefki|Thunder Wave|p2a: Flutter Mane\n|-activate|p2a: Flutter Mane|move: Protect\n|move|p1b: Flutter Mane|Shadow Ball|p2b: Gholdengo\n|-activate|p2b: Gholdengo|move: Protect\n|\n|-sideend|p1: 99jiuli|move: Tailwind\n|-sideend|p2: Sondowner|move: Tailwind\n|upkeep\n|turn|5\n|\n|t:|1682873525\n|-terastallize|p2b: Gholdengo|Water\n|move|p2a: Flutter Mane|Protect||[still]\n|-fail|p2a: Flutter Mane\n|move|p1a: Klefki|Thunder Wave|p2a: Flutter Mane\n|-status|p2a: Flutter Mane|par\n|move|p1b: Flutter Mane|Shadow Ball|p2b: Gholdengo\n|-damage|p2b: Gholdengo|21\/100\n|-unboost|p2b: Gholdengo|spd|1\n|move|p2b: Gholdengo|Make It Rain|p1b: Flutter Mane|[spread] p1a,p1b\n|-supereffective|p1b: Flutter Mane\n|-damage|p1a: Klefki|0 fnt\n|-damage|p1b: Flutter Mane|0 fnt\n|-unboost|p2b: Gholdengo|spa|1\n|faint|p1a: Klefki\n|faint|p1b: Flutter Mane\n|-end|p1b: Flutter Mane|Protosynthesis|[silent]\n|\n|-heal|p2b: Gholdengo|27\/100|[from] item: Leftovers\n|upkeep\n|\n|t:|1682873547\n|switch|p1b: Chi-Yu|Chi-Yu, L50|100\/100\n|-ability|p1b: Chi-Yu|Beads of Ruin\n|turn|6\n|-message|Sondowner forfeited.\n|\n|win|99jiuli\n|raw|99jiuli's rating: 1202 → 1222<\/strong> (+20 for winning)\n|raw|Sondowner's rating: 1135 → 1115<\/strong> (-20 for losing)\n|l|\u2606Sondowner\n","uploadtime":1682873565,"views":8,"p1id":"99jiuli","p2id":"sondowner","formatid":"gen9vgc2023regulationc","rating":1115,"private":0,"password":""}