{"id":"gen9vgc2023regulationc-1853344160","p1":"devgeeks","p2":"Dugtr","format":"[Gen 9] VGC 2023 Regulation C","log":"|j|\u2606devgeeks\n|j|\u2606Dugtr\n|t:|1682671530\n|gametype|doubles\n|player|p1|devgeeks|collector|1295\n|player|p2|Dugtr|hiker-gen4|1223\n|teamsize|p1|6\n|teamsize|p2|6\n|gen|9\n|tier|[Gen 9] VGC 2023 Regulation C\n|rated|\n|rule|Species Clause: Limit one of each Pok\u00e9mon\n|rule|Item Clause: Limit one of each item\n|clearpoke\n|poke|p1|Maushold-Four, L50|\n|poke|p1|Annihilape, L50, M|\n|poke|p1|Flutter Mane, L50|\n|poke|p1|Amoonguss, L50, F|\n|poke|p1|Gyarados, L50, F|\n|poke|p1|Chi-Yu, L50|\n|poke|p2|Annihilape, L50, F|\n|poke|p2|Ceruledge, L50, F|\n|poke|p2|Murkrow, L50, F|\n|poke|p2|Arcanine, L50, M|\n|poke|p2|Maushold-Four, L50|\n|poke|p2|Baxcalibur, L50, M|\n|teampreview|4\n|inactive|Battle timer is ON: inactive players will automatically lose when time's up. (requested by Dugtr)\n|inactive|Dugtr has 60 seconds left.\n|\n|t:|1682671572\n|start\n|switch|p1a: Fam Bam Bam|Maushold-Four, L50|100\/100\n|switch|p1b: Capt Caveman|Annihilape, L50, M, shiny|100\/100\n|switch|p2a: Annihilape|Annihilape, L50, F|100\/100\n|switch|p2b: Murkrow|Murkrow, L50, F|100\/100\n|turn|1\n|inactive|Dugtr has 30 seconds left.\n|\n|t:|1682671598\n|-terastallize|p1b: Capt Caveman|Water\n|-terastallize|p2a: Annihilape|Water\n|move|p2b: Murkrow|Tailwind|p2b: Murkrow\n|-sidestart|p2: Dugtr|move: Tailwind\n|move|p2a: Annihilape|Bulk Up|p2a: Annihilape\n|-boost|p2a: Annihilape|atk|1\n|-boost|p2a: Annihilape|def|1\n|move|p1a: Fam Bam Bam|Beat Up|p1b: Capt Caveman\n|-damage|p1b: Capt Caveman|99\/100\n|-damage|p1b: Capt Caveman|97\/100\n|-damage|p1b: Capt Caveman|95\/100\n|-damage|p1b: Capt Caveman|93\/100\n|-hitcount|p1b: Capt Caveman|4\n|move|p1b: Capt Caveman|Rage Fist|p2a: Annihilape\n|-damage|p2a: Annihilape|27\/100\n|\n|-heal|p2a: Annihilape|33\/100|[from] item: Leftovers\n|upkeep\n|turn|2\n|\n|t:|1682671618\n|move|p1a: Fam Bam Bam|Follow Me|p1a: Fam Bam Bam\n|-singleturn|p1a: Fam Bam Bam|move: Follow Me\n|move|p2b: Murkrow|Taunt|p1a: Fam Bam Bam\n|-start|p1a: Fam Bam Bam|move: Taunt\n|move|p2a: Annihilape|Drain Punch|p1a: Fam Bam Bam\n|-supereffective|p1a: Fam Bam Bam\n|-damage|p1a: Fam Bam Bam|0 fnt\n|-heal|p2a: Annihilape|75\/100|[from] drain|[of] p1a: Fam Bam Bam\n|faint|p1a: Fam Bam Bam\n|move|p1b: Capt Caveman|Rage Fist|p2a: Annihilape\n|-damage|p2a: Annihilape|0 fnt\n|faint|p2a: Annihilape\n|\n|upkeep\n|\n|t:|1682671631\n|switch|p1a: Zzzzzz|Amoonguss, L50, F|100\/100\n|switch|p2a: Ceruledge|Ceruledge, L50, F|100\/100\n|turn|3\n|\n|t:|1682671640\n|move|p1a: Zzzzzz|Protect|p1a: Zzzzzz\n|-singleturn|p1a: Zzzzzz|Protect\n|move|p2b: Murkrow|Sunny Day|p2b: Murkrow\n|-weather|SunnyDay\n|move|p2a: Ceruledge|Solar Blade||[still]\n|-prepare|p2a: Ceruledge|Solar Blade\n|-anim|p2a: Ceruledge|Solar Blade|p1b: Capt Caveman\n|-supereffective|p1b: Capt Caveman\n|-damage|p1b: Capt Caveman|0 fnt\n|faint|p1b: Capt Caveman\n|-damage|p2a: Ceruledge|91\/100|[from] item: Life Orb\n|\n|-weather|SunnyDay|[upkeep]\n|upkeep\n|\n|t:|1682671651\n|switch|p1b: Miss Nancy|Flutter Mane, L50|100\/100\n|-activate|p1b: Miss Nancy|ability: Protosynthesis\n|-start|p1b: Miss Nancy|protosynthesisspa\n|turn|4\n|inactive|Dugtr has 30 seconds left.\n|c|\u2606devgeeks|Cool tech\n|inactive|Dugtr has 20 seconds left.\n|inactive|Dugtr has 15 seconds left.\n|inactive|Dugtr has 10 seconds left.\n|\n|t:|1682671700\n|switch|p2a: Baxcalibur|Baxcalibur, L50, M|100\/100\n|move|p1a: Zzzzzz|Rage Powder|p1a: Zzzzzz\n|-singleturn|p1a: Zzzzzz|move: Rage Powder\n|move|p2b: Murkrow|Taunt|p1a: Zzzzzz\n|-start|p1a: Zzzzzz|move: Taunt\n|move|p1b: Miss Nancy|Dazzling Gleam|p2a: Baxcalibur|[spread] p2a,p2b\n|-supereffective|p2a: Baxcalibur\n|-supereffective|p2b: Murkrow\n|-damage|p2a: Baxcalibur|17\/100\n|-damage|p2b: Murkrow|9\/100\n|\n|-weather|SunnyDay|[upkeep]\n|-sideend|p2: Dugtr|move: Tailwind\n|upkeep\n|turn|5\n|inactive|Dugtr has 30 seconds left.\n|\n|t:|1682671725\n|move|p2b: Murkrow|Tailwind|p2b: Murkrow\n|-sidestart|p2: Dugtr|move: Tailwind\n|move|p1b: Miss Nancy|Dazzling Gleam|p2b: Murkrow|[spread] p2a,p2b\n|-supereffective|p2a: Baxcalibur\n|-supereffective|p2b: Murkrow\n|-crit|p2b: Murkrow\n|-damage|p2a: Baxcalibur|0 fnt\n|-damage|p2b: Murkrow|0 fnt\n|faint|p2a: Baxcalibur\n|faint|p2b: Murkrow\n|move|p1a: Zzzzzz|Pollen Puff|p1b: Miss Nancy\n|-immune|p1b: Miss Nancy\n|\n|-weather|SunnyDay|[upkeep]\n|upkeep\n|\n|t:|1682671734\n|switch|p2b: Ceruledge|Ceruledge, L50, F|91\/100\n|turn|6\n|\n|t:|1682671742\n|move|p1b: Miss Nancy|Dazzling Gleam|p2b: Ceruledge\n|-resisted|p2b: Ceruledge\n|-damage|p2b: Ceruledge|63\/100\n|move|p2b: Ceruledge|Bitter Blade|p1b: Miss Nancy\n|-damage|p1b: Miss Nancy|0 fnt\n|-heal|p2b: Ceruledge|100\/100|[from] drain|[of] p1b: Miss Nancy\n|faint|p1b: Miss Nancy\n|-end|p1b: Miss Nancy|Protosynthesis|[silent]\n|-damage|p2b: Ceruledge|91\/100|[from] item: Life Orb\n|move|p1a: Zzzzzz|Pollen Puff|p1: Miss Nancy|[notarget]\n|-fail|p1a: Zzzzzz\n|\n|-weather|SunnyDay|[upkeep]\n|upkeep\n|turn|7\n|\n|t:|1682671755\n|move|p2b: Ceruledge|Bitter Blade|p1a: Zzzzzz\n|-supereffective|p1a: Zzzzzz\n|-damage|p1a: Zzzzzz|0 fnt\n|-heal|p2b: Ceruledge|100\/100|[from] drain|[of] p1a: Zzzzzz\n|faint|p1a: Zzzzzz\n|-damage|p2b: Ceruledge|91\/100|[from] item: Life Orb\n|\n|win|Dugtr\n|raw|devgeeks's rating: 1295 → 1265<\/strong> (-30 for losing)\n|raw|Dugtr's rating: 1223 → 1253<\/strong> (+30 for winning)\n|l|\u2606Dugtr\n","uploadtime":1682671783,"views":6,"p1id":"devgeeks","p2id":"dugtr","formatid":"gen9vgc2023regulationc","rating":1253,"private":0,"password":""}