{"id":"gen9vgc2023regulationc-1856621066","p1":"crakerd12","p2":"MAF1001","format":"[Gen 9] VGC 2023 Regulation C","log":"|j|\u2606crakerd12\n|j|\u2606MAF1001\n|t:|1683083649\n|gametype|doubles\n|player|p1|crakerd12|102|\n|player|p2|MAF1001|unknown|\n|teamsize|p1|6\n|teamsize|p2|6\n|gen|9\n|tier|[Gen 9] VGC 2023 Regulation C\n|rule|Species Clause: Limit one of each Pok\u00e9mon\n|rule|Item Clause: Limit one of each item\n|clearpoke\n|poke|p1|Torkoal, L50, M|\n|poke|p1|Heracross, L50, M|\n|poke|p1|Dragonite, L50, F|\n|poke|p1|Gengar, L50, F|\n|poke|p1|Raichu, L50, M|\n|poke|p1|Noivern, L50, F|\n|poke|p2|Torkoal, L50, F|\n|poke|p2|Great Tusk, L50|\n|poke|p2|Rotom-Wash, L50|\n|poke|p2|Staraptor, L50, F|\n|poke|p2|Annihilape, L50, M|\n|poke|p2|Goodra, L50, F|\n|teampreview|4\n|\n|t:|1683083721\n|start\n|switch|p1a: Gengar|Gengar, L50, F|100\/100\n|switch|p1b: Dragonite|Dragonite, L50, F|100\/100\n|switch|p2a: Torkoal|Torkoal, L50, F|100\/100\n|switch|p2b: Great Tusk|Great Tusk, L50|100\/100\n|-weather|SunnyDay|[from] ability: Drought|[of] p2a: Torkoal\n|-activate|p2b: Great Tusk|ability: Protosynthesis\n|-start|p2b: Great Tusk|protosynthesisatk\n|-item|p2a: Torkoal|Air Balloon\n|turn|1\n|\n|t:|1683083765\n|move|p1a: Gengar|Shadow Ball|p2a: Torkoal\n|-damage|p2a: Torkoal|46\/100\n|-enditem|p2a: Torkoal|Air Balloon\n|move|p2b: Great Tusk|Ice Spinner|p1b: Dragonite\n|-supereffective|p1b: Dragonite\n|-damage|p1b: Dragonite|35\/100\n|move|p1b: Dragonite|Dragon Dance|p1b: Dragonite\n|-boost|p1b: Dragonite|atk|1\n|-boost|p1b: Dragonite|spe|1\n|move|p2a: Torkoal|Yawn|p1a: Gengar\n|-start|p1a: Gengar|move: Yawn|[of] p2a: Torkoal\n|\n|-weather|SunnyDay|[upkeep]\n|-heal|p1b: Dragonite|40\/100|[from] item: Leftovers\n|upkeep\n|turn|2\n|\n|t:|1683083805\n|switch|p1a: Heracross|Heracross, L50, M|100\/100\n|-terastallize|p1b: Dragonite|Dragon\n|move|p1b: Dragonite|Outrage|p2b: Great Tusk\n|-damage|p2b: Great Tusk|2\/100\n|move|p2b: Great Tusk|Headlong Rush|p1a: Heracross\n|-resisted|p1a: Heracross\n|-damage|p1a: Heracross|39\/100\n|-unboost|p2b: Great Tusk|def|1\n|-unboost|p2b: Great Tusk|spd|1\n|move|p2a: Torkoal|Yawn|p1b: Dragonite\n|-start|p1b: Dragonite|move: Yawn|[of] p2a: Torkoal\n|\n|-weather|SunnyDay|[upkeep]\n|-heal|p1b: Dragonite|46\/100|[from] item: Leftovers\n|-status|p1a: Heracross|brn|[from] item: Flame Orb\n|upkeep\n|turn|3\n|\n|t:|1683083831\n|move|p1b: Dragonite|Outrage|p2b: Great Tusk|[from]lockedmove\n|-crit|p2b: Great Tusk\n|-damage|p2b: Great Tusk|0 fnt\n|faint|p2b: Great Tusk\n|-end|p2b: Great Tusk|Protosynthesis|[silent]\n|move|p1a: Heracross|Earthquake|p2a: Torkoal|[spread] p1b,p2a\n|-supereffective|p2a: Torkoal\n|-damage|p1b: Dragonite|12\/100\n|-damage|p2a: Torkoal|0 fnt\n|faint|p2a: Torkoal\n|\n|-weather|SunnyDay|[upkeep]\n|-heal|p1b: Dragonite|18\/100|[from] item: Leftovers\n|-damage|p1a: Heracross|33\/100 brn|[from] brn\n|-end|p1b: Dragonite|move: Yawn|[silent]\n|-status|p1b: Dragonite|slp\n|upkeep\n|\n|t:|1683083844\n|switch|p2b: Rotom|Rotom-Wash, L50|100\/100\n|switch|p2a: Goodra|Goodra, L50, F|100\/100\n|turn|4\n|\n|t:|1683083871\n|-terastallize|p2a: Goodra|Fairy\n|cant|p1b: Dragonite|slp\n|move|p2a: Goodra|Flamethrower|p1a: Heracross\n|-supereffective|p1a: Heracross\n|-damage|p1a: Heracross|0 fnt\n|faint|p1a: Heracross\n|-damage|p2a: Goodra|91\/100|[from] item: Life Orb\n|move|p2b: Rotom|Volt Switch|p1b: Dragonite\n|-resisted|p1b: Dragonite\n|-damage|p1b: Dragonite|0 fnt\n|faint|p1b: Dragonite\n|\n|-weather|SunnyDay|[upkeep]\n|upkeep\n|\n|t:|1683083884\n|switch|p1a: Torkoal|Torkoal, L50, M|100\/100\n|switch|p1b: Gengar|Gengar, L50, F|100\/100\n|turn|5\n|\n|t:|1683083907\n|move|p2a: Goodra|Mud Shot|p1b: Gengar\n|-supereffective|p1b: Gengar\n|-damage|p1b: Gengar|26\/100\n|-unboost|p1b: Gengar|spe|1\n|-damage|p2a: Goodra|81\/100|[from] item: Life Orb\n|move|p2b: Rotom|Dark Pulse|p1b: Gengar\n|-supereffective|p1b: Gengar\n|-damage|p1b: Gengar|0 fnt\n|-start|p2b: Rotom|Disable|Dark Pulse|[from] ability: Cursed Body|[of] p1b: Gengar\n|faint|p1b: Gengar\n|move|p1a: Torkoal|Earth Power|p2a: Goodra\n|-damage|p2a: Goodra|67\/100\n|\n|-weather|none\n|upkeep\n|turn|6\n|\n|t:|1683083944\n|move|p2a: Goodra|Mud Shot|p1a: Torkoal\n|-supereffective|p1a: Torkoal\n|-damage|p1a: Torkoal|52\/100\n|-unboost|p1a: Torkoal|spe|1\n|-damage|p2a: Goodra|57\/100|[from] item: Life Orb\n|move|p2b: Rotom|Volt Switch|p1a: Torkoal\n|-damage|p1a: Torkoal|15\/100\n|move|p1a: Torkoal|Heat Wave|p2a: Goodra|[spread] p2a,p2b\n|-resisted|p2b: Rotom\n|-damage|p2a: Goodra|41\/100\n|-damage|p2b: Rotom|88\/100\n|\n|upkeep\n|turn|7\n|\n|t:|1683083966\n|move|p2a: Goodra|Mud Shot|p1a: Torkoal\n|-supereffective|p1a: Torkoal\n|-damage|p1a: Torkoal|0 fnt\n|faint|p1a: Torkoal\n|-damage|p2a: Goodra|31\/100|[from] item: Life Orb\n|\n|win|MAF1001\n|c|\u2606MAF1001|gg\n","uploadtime":1683083973,"views":17,"p1id":"crakerd12","p2id":"maf1001","formatid":"gen9vgc2023regulationc","rating":0,"private":0,"password":""}