{"id":"gen9vgc2023regulationc-1846251160","p1":"Disobedient_vgc","p2":"Lucario3021","format":"[Gen 9] VGC 2023 Regulation C","log":"|j|\u2606Disobedient_vgc\n|j|\u2606Lucario3021\n|t:|1681825550\n|gametype|doubles\n|player|p1|Disobedient_vgc|palmer|1116\n|player|p2|Lucario3021|102|1050\n|teamsize|p1|6\n|teamsize|p2|6\n|gen|9\n|tier|[Gen 9] VGC 2023 Regulation C\n|rated|\n|rule|Species Clause: Limit one of each Pok\u00e9mon\n|rule|Item Clause: Limit one of each item\n|clearpoke\n|poke|p1|Gyarados, L50, M|\n|poke|p1|Ting-Lu, L50|\n|poke|p1|Haxorus, L50, M|\n|poke|p1|Flutter Mane, L50|\n|poke|p1|Amoonguss, L50, F|\n|poke|p1|Chi-Yu, L50|\n|poke|p2|Brute Bonnet, L50|\n|poke|p2|Great Tusk, L50|\n|poke|p2|Hydreigon, L50, M|\n|poke|p2|Garganacl, L50, M|\n|poke|p2|Arcanine, L50, M|\n|poke|p2|Iron Hands, L50|\n|teampreview|4\nDisobedient_vgc rejected open team sheets.\n|\n|t:|1681825637\n|start\n|switch|p1a: Ting-Lu|Ting-Lu, L50|100\/100\n|switch|p1b: Gyarados|Gyarados, L50, M, shiny|100\/100\n|switch|p2a: Hydreigon|Hydreigon, L50, M, shiny|100\/100\n|switch|p2b: Iron Hands|Iron Hands, L50|100\/100\n|-ability|p1b: Gyarados|Intimidate|boost\n|-unboost|p2a: Hydreigon|atk|1\n|-unboost|p2b: Iron Hands|atk|1\n|-ability|p1a: Ting-Lu|Vessel of Ruin\n|turn|1\n|\n|t:|1681825657\n|move|p2b: Iron Hands|Fake Out|p1a: Ting-Lu\n|-damage|p1a: Ting-Lu|94\/100\n|move|p2a: Hydreigon|Focus Energy|p2a: Hydreigon\n|-start|p2a: Hydreigon|move: Focus Energy\n|move|p1b: Gyarados|Dragon Dance|p1b: Gyarados\n|-boost|p1b: Gyarados|atk|1\n|-boost|p1b: Gyarados|spe|1\n|cant|p1a: Ting-Lu|flinch\n|\n|upkeep\n|turn|2\n|\n|t:|1681825695\n|-terastallize|p1b: Gyarados|Flying\n|move|p1b: Gyarados|Tera Blast|p2a: Hydreigon\n|-damage|p2a: Hydreigon|0 fnt\n|faint|p2a: Hydreigon\n|move|p2b: Iron Hands|Swords Dance|p2b: Iron Hands\n|-boost|p2b: Iron Hands|atk|2\n|move|p1a: Ting-Lu|Stomping Tantrum|p2b: Iron Hands\n|-supereffective|p2b: Iron Hands\n|-damage|p2b: Iron Hands|6\/100\n|\n|upkeep\n|\n|t:|1681825711\n|switch|p2a: Arcanine|Arcanine, L50, M|100\/100\n|-ability|p2a: Arcanine|Intimidate|boost\n|-unboost|p1a: Ting-Lu|atk|1\n|-unboost|p1b: Gyarados|atk|1\n|turn|3\n|\n|t:|1681825728\n|switch|p1a: Amoonguss|Amoonguss, L50, F, shiny|100\/100\n|move|p1b: Gyarados|Protect|p1b: Gyarados\n|-singleturn|p1b: Gyarados|Protect\n|move|p2a: Arcanine|Will-O-Wisp|p1b: Gyarados\n|-activate|p1b: Gyarados|move: Protect\n|move|p2b: Iron Hands|Drain Punch|p1a: Amoonguss\n|-resisted|p1a: Amoonguss\n|-damage|p1a: Amoonguss|57\/100\n|-heal|p2b: Iron Hands|24\/100|[from] drain|[of] p1a: Amoonguss\n|\n|upkeep\n|turn|4\n|\n|t:|1681825753\n|move|p1a: Amoonguss|Rage Powder|p1a: Amoonguss\n|-singleturn|p1a: Amoonguss|move: Rage Powder\n|move|p1b: Gyarados|Waterfall|p2b: Iron Hands\n|-damage|p2b: Iron Hands|0 fnt\n|faint|p2b: Iron Hands\n|-end|p2b: Iron Hands|Quark Drive|[silent]\n|move|p2a: Arcanine|Will-O-Wisp|p1a: Amoonguss\n|-status|p1a: Amoonguss|brn\n|\n|-damage|p1a: Amoonguss|51\/100 brn|[from] brn\n|upkeep\n|\n|t:|1681825764\n|switch|p2b: Brute Bonnet|Brute Bonnet, L50|100\/100\n|turn|5\n|\n|t:|1681825784\n|move|p2a: Arcanine|Extreme Speed|p1b: Gyarados\n|-damage|p1b: Gyarados|69\/100\n|move|p2b: Brute Bonnet|Sucker Punch||[still]\n|-fail|p2b: Brute Bonnet\n|move|p1b: Gyarados|Dragon Dance|p1b: Gyarados\n|-boost|p1b: Gyarados|atk|1\n|-boost|p1b: Gyarados|spe|1\n|move|p1a: Amoonguss|Spore|p2a: Arcanine\n|-status|p2a: Arcanine|slp|[from] move: Spore\n|\n|-damage|p1a: Amoonguss|45\/100 brn|[from] brn\n|upkeep\n|turn|6\n|\n|t:|1681825804\n|move|p1b: Gyarados|Tera Blast|p2b: Brute Bonnet\n|-supereffective|p2b: Brute Bonnet\n|-damage|p2b: Brute Bonnet|0 fnt\n|faint|p2b: Brute Bonnet\n|-end|p2b: Brute Bonnet|Protosynthesis|[silent]\n|move|p1a: Amoonguss|Pollen Puff|p1b: Gyarados\n|-heal|p1b: Gyarados|100\/100\n|cant|p2a: Arcanine|slp\n|\n|-damage|p1a: Amoonguss|40\/100 brn|[from] brn\n|upkeep\n|turn|7\n|c|\u2606Lucario3021|gg\n|c|\u2606Disobedient_vgc|gg\n|\n|t:|1681825823\n|cant|p2a: Arcanine|slp\n|move|p1a: Amoonguss|Rage Powder|p1a: Amoonguss\n|-singleturn|p1a: Amoonguss|move: Rage Powder\n|move|p1b: Gyarados|Waterfall|p2a: Arcanine\n|-supereffective|p2a: Arcanine\n|-damage|p2a: Arcanine|0 fnt\n|faint|p2a: Arcanine\n|\n|win|Disobedient_vgc\n|raw|Disobedient_vgc's rating: 1116 → 1136<\/strong> (+20 for winning)\n|raw|Lucario3021's rating: 1050 → 1036<\/strong> (-14 for losing)\n|l|\u2606Lucario3021\n","uploadtime":1681827312,"views":5,"p1id":"disobedientvgc","p2id":"lucario3021","formatid":"gen9vgc2023regulationc","rating":1036,"private":0,"password":""}