{"id":"gen9vgc2023regulationc-1855166419","p1":"19402u","p2":"Peculiar Caribou","format":"[Gen 9] VGC 2023 Regulation C","log":"|j|\u260619402u\n|j|\u2606Peculiar Caribou\n|t:|1682909478\n|gametype|doubles\n|player|p1|19402u|1|\n|player|p2|Peculiar Caribou|cyclist|\n|teamsize|p1|6\n|teamsize|p2|6\n|gen|9\n|tier|[Gen 9] VGC 2023 Regulation C\n|rule|Species Clause: Limit one of each Pok\u00e9mon\n|rule|Item Clause: Limit one of each item\n|clearpoke\n|poke|p1|Dondozo, L50, F|\n|poke|p1|Tatsugiri, L50, M|\n|poke|p1|Pelipper, L50, F|\n|poke|p1|Drednaw, L50, M|\n|poke|p1|Murkrow, L50, F|\n|poke|p1|Great Tusk, L50|\n|poke|p2|Glimmora, L50, M|\n|poke|p2|Dragonite, L50, F|\n|poke|p2|Dondozo, L50, M|\n|poke|p2|Tatsugiri, L50, F|\n|poke|p2|Chi-Yu, L50|\n|poke|p2|Iron Bundle, L50|\n|teampreview|4\nPeculiar Caribou has agreed to open team sheets.\n19402u has agreed to open team sheets.\n|c|\u2606Peculiar Caribou|gl hf\n|c|\u260619402u|glhf\n|\n|t:|1682909559\n|start\n|switch|p1a: Dondozo|Dondozo, L50, F|100\/100\n|switch|p1b: Pelipper|Pelipper, L50, F|100\/100\n|switch|p2a: Dondozo|Dondozo, L50, M|100\/100\n|switch|p2b: Dragonite|Dragonite, L50, F, shiny|100\/100\n|-weather|RainDance|[from] ability: Drizzle|[of] p1b: Pelipper\n|turn|1\n|\n|t:|1682909593\n|move|p2a: Dondozo|Protect|p2a: Dondozo\n|-singleturn|p2a: Dondozo|Protect\n|move|p1a: Dondozo|Protect|p1a: Dondozo\n|-singleturn|p1a: Dondozo|Protect\n|move|p2b: Dragonite|Outrage|p1a: Dondozo\n|-activate|p1a: Dondozo|move: Protect\n|move|p1b: Pelipper|Hurricane|p2b: Dragonite\n|-crit|p2b: Dragonite\n|-damage|p2b: Dragonite|62\/100\n|\n|-weather|RainDance|[upkeep]\n|upkeep\n|turn|2\n|\n|t:|1682909615\n|switch|p1b: Tatsugiri|Tatsugiri, L50, M, shiny|100\/100\n|-activate|p1b: Tatsugiri|ability: Commander|[of] p1a: Dondozo\n|-boost|p1a: Dondozo|atk|2\n|-boost|p1a: Dondozo|spa|2\n|-boost|p1a: Dondozo|spe|2\n|-boost|p1a: Dondozo|def|2\n|-boost|p1a: Dondozo|spd|2\n|move|p1a: Dondozo|Surf|p2a: Dondozo|[spread] p2a,p2b\n|-miss|p1a: Dondozo|p1b: Tatsugiri\n|-resisted|p2a: Dondozo\n|-resisted|p2b: Dragonite\n|-damage|p2a: Dondozo|70\/100\n|-damage|p2b: Dragonite|28\/100\n|move|p2b: Dragonite|Outrage|p1b: Tatsugiri|[miss]\n|-miss|p2b: Dragonite|p1b: Tatsugiri\n|move|p2a: Dondozo|Wave Crash|p1b: Tatsugiri|[miss]\n|-miss|p2a: Dondozo|p1b: Tatsugiri\n|\n|-weather|RainDance|[upkeep]\n|-heal|p2a: Dondozo|76\/100|[from] item: Leftovers\n|upkeep\n|turn|3\n|\n|t:|1682909640\n|-terastallize|p2a: Dondozo|Grass\n|move|p1a: Dondozo|Surf|p2a: Dondozo|[spread] p2a,p2b\n|-miss|p1a: Dondozo|p1b: Tatsugiri\n|-resisted|p2a: Dondozo\n|-resisted|p2b: Dragonite\n|-crit|p2b: Dragonite\n|-damage|p2a: Dondozo|46\/100\n|-damage|p2b: Dragonite|0 fnt\n|faint|p2b: Dragonite\n|move|p2a: Dondozo|Tera Blast|p1a: Dondozo\n|-supereffective|p1a: Dondozo\n|-damage|p1a: Dondozo|73\/100\n|\n|-weather|RainDance|[upkeep]\n|-heal|p2a: Dondozo|52\/100|[from] item: Leftovers\n|upkeep\n|\n|t:|1682909651\n|switch|p2b: Iron Bundle|Iron Bundle, L50|100\/100\n|-enditem|p2b: Iron Bundle|Booster Energy\n|-activate|p2b: Iron Bundle|ability: Quark Drive|[fromitem]\n|-start|p2b: Iron Bundle|quarkdrivespe\n|turn|4\n|\n|t:|1682909681\n|-terastallize|p1a: Dondozo|Grass\n|move|p2b: Iron Bundle|Protect|p2b: Iron Bundle\n|-singleturn|p2b: Iron Bundle|Protect\n|move|p1a: Dondozo|Tera Blast|p2b: Iron Bundle\n|-activate|p2b: Iron Bundle|move: Protect\n|move|p2a: Dondozo|Tera Blast|p1a: Dondozo\n|-resisted|p1a: Dondozo\n|-damage|p1a: Dondozo|66\/100\n|\n|-weather|RainDance|[upkeep]\n|-heal|p2a: Dondozo|58\/100|[from] item: Leftovers\n|upkeep\n|turn|5\n|\n|t:|1682909690\n|move|p2b: Iron Bundle|Freeze-Dry|p1a: Dondozo\n|-supereffective|p1a: Dondozo\n|-damage|p1a: Dondozo|29\/100\n|-enditem|p1a: Dondozo|Sitrus Berry|[eat]\n|-heal|p1a: Dondozo|54\/100|[from] item: Sitrus Berry\n|move|p1a: Dondozo|Tera Blast|p2b: Iron Bundle\n|-supereffective|p2b: Iron Bundle\n|-damage|p2b: Iron Bundle|0 fnt\n|faint|p2b: Iron Bundle\n|-end|p2b: Iron Bundle|Quark Drive|[silent]\n|move|p2a: Dondozo|Wave Crash|p1a: Dondozo\n|-resisted|p1a: Dondozo\n|-damage|p1a: Dondozo|39\/100\n|-damage|p2a: Dondozo|54\/100|[from] Recoil\n|\n|-weather|RainDance|[upkeep]\n|-heal|p2a: Dondozo|60\/100|[from] item: Leftovers\n|upkeep\n|\n|t:|1682909694\n|switch|p2b: Tatsugiri|Tatsugiri, L50, F|100\/100\n|-activate|p2b: Tatsugiri|ability: Commander|[of] p2a: Dondozo\n|-boost|p2a: Dondozo|atk|2\n|-boost|p2a: Dondozo|spa|2\n|-boost|p2a: Dondozo|spe|2\n|-boost|p2a: Dondozo|def|2\n|-boost|p2a: Dondozo|spd|2\n|turn|6\n|\n|t:|1682909707\n|move|p2a: Dondozo|Protect|p2a: Dondozo\n|-singleturn|p2a: Dondozo|Protect\n|move|p1a: Dondozo|Wave Crash|p2a: Dondozo\n|-activate|p2a: Dondozo|move: Protect\n|\n|-weather|RainDance|[upkeep]\n|-heal|p2a: Dondozo|66\/100|[from] item: Leftovers\n|upkeep\n|turn|7\n|\n|t:|1682909714\n|move|p2a: Dondozo|Wave Crash|p1a: Dondozo\n|-resisted|p1a: Dondozo\n|-damage|p1a: Dondozo|24\/100\n|-damage|p2a: Dondozo|61\/100|[from] Recoil\n|move|p1a: Dondozo|Wave Crash|p2a: Dondozo\n|-resisted|p2a: Dondozo\n|-damage|p2a: Dondozo|15\/100\n|-damage|p1a: Dondozo|8\/100|[from] Recoil\n|\n|-weather|RainDance|[upkeep]\n|-heal|p2a: Dondozo|21\/100|[from] item: Leftovers\n|upkeep\n|turn|8\n|\n|t:|1682909723\n|move|p2a: Dondozo|Protect|p2a: Dondozo\n|-singleturn|p2a: Dondozo|Protect\n|move|p1a: Dondozo|Wave Crash|p2a: Dondozo\n|-activate|p2a: Dondozo|move: Protect\n|\n|-weather|none\n|-heal|p2a: Dondozo|27\/100|[from] item: Leftovers\n|upkeep\n|turn|9\n|\n|t:|1682909733\n|move|p2a: Dondozo|Wave Crash|p1a: Dondozo\n|-resisted|p1a: Dondozo\n|-damage|p1a: Dondozo|0 fnt\n|faint|p1a: Dondozo\n|-damage|p2a: Dondozo|24\/100|[from] Recoil\n|\n|-heal|p2a: Dondozo|31\/100|[from] item: Leftovers\n|upkeep\n|\n|t:|1682909740\n|switch|p1a: Pelipper|Pelipper, L50, F|100\/100\n|-weather|RainDance|[from] ability: Drizzle|[of] p1a: Pelipper\n|turn|10\n|\n|t:|1682909751\n|move|p2a: Dondozo|Protect|p2a: Dondozo\n|-singleturn|p2a: Dondozo|Protect\n|move|p1b: Tatsugiri|Draco Meteor|p2a: Dondozo\n|-activate|p2a: Dondozo|move: Protect\n|move|p1a: Pelipper|Hurricane|p2a: Dondozo\n|-activate|p2a: Dondozo|move: Protect\n|\n|-weather|RainDance|[upkeep]\n|-heal|p2a: Dondozo|37\/100|[from] item: Leftovers\n|upkeep\n|turn|11\n|\n|t:|1682909770\n|move|p1b: Tatsugiri|Draco Meteor|p2a: Dondozo\n|-damage|p2a: Dondozo|6\/100\n|-unboost|p1b: Tatsugiri|spa|2\n|move|p2a: Dondozo|Wave Crash|p1a: Pelipper\n|-resisted|p1a: Pelipper\n|-damage|p1a: Pelipper|10\/100\n|-damage|p2a: Dondozo|0 fnt|[from] Recoil\n|faint|p2a: Dondozo\n|move|p1a: Pelipper|Hurricane|p2b: Tatsugiri\n|-damage|p2b: Tatsugiri|40\/100\n|\n|-weather|RainDance|[upkeep]\n|upkeep\n|turn|12\n|\n|t:|1682909781\n|move|p1a: Pelipper|Quick Attack|p2b: Tatsugiri\n|-damage|p2b: Tatsugiri|31\/100\n|move|p1b: Tatsugiri|Draco Meteor|p2b: Tatsugiri\n|-supereffective|p2b: Tatsugiri\n|-damage|p2b: Tatsugiri|0 fnt\n|-unboost|p1b: Tatsugiri|spa|2\n|faint|p2b: Tatsugiri\n|\n|win|19402u\n|c|\u260619402u|gg\n|c|\u2606Peculiar Caribou|gg\n|c|\u260619402u|unfortunate for your outrages\n|c|\u2606Peculiar Caribou|yeah\n","uploadtime":1682909807,"views":14,"p1id":"19402u","p2id":"peculiarcaribou","formatid":"gen9vgc2023regulationc","rating":0,"private":0,"password":""}