{"id":"gen9vgc2023regulationc-1863856379","p1":"Hyanryu","p2":"Cm3112","format":"[Gen 9] VGC 2023 Regulation C","log":"|j|\u2606Hyanryu\n|j|\u2606Cm3112\n|t:|1684085992\n|gametype|doubles\n|player|p1|Hyanryu|n|1482\n|player|p2|Cm3112|1|1585\n|teamsize|p1|6\n|teamsize|p2|6\n|gen|9\n|tier|[Gen 9] VGC 2023 Regulation C\n|rated|\n|rule|Species Clause: Limit one of each Pok\u00e9mon\n|rule|Item Clause: Limit one of each item\n|clearpoke\n|poke|p1|Dondozo, L50, M|\n|poke|p1|Tatsugiri-Droopy, L50, M|\n|poke|p1|Glimmora, L50, F|\n|poke|p1|Ting-Lu, L50|\n|poke|p1|Wo-Chien, L50|\n|poke|p1|Baxcalibur, L50, M|\n|poke|p2|Grimmsnarl, L50, M|\n|poke|p2|Iron Hands, L50|\n|poke|p2|Gholdengo, L50|\n|poke|p2|Dragonite, L50, F|\n|poke|p2|Wo-Chien, L50|\n|poke|p2|Ceruledge, L50, M|\n|teampreview|4\n|inactive|Battle timer is ON: inactive players will automatically lose when time's up. (requested by Hyanryu)\n|\n|t:|1684086030\n|start\n|switch|p1a: Ting-Lu|Ting-Lu, L50|100\/100\n|switch|p1b: Wo-Chien|Wo-Chien, L50|100\/100\n|switch|p2a: Grimmsnarl|Grimmsnarl, L50, M|100\/100\n|switch|p2b: Gholdengo|Gholdengo, L50|100\/100\n|-ability|p1b: Wo-Chien|Tablets of Ruin\n|-ability|p1a: Ting-Lu|Vessel of Ruin\n|turn|1\n|\n|t:|1684086051\n|switch|p2b: Wo-Chien|Wo-Chien, L50|100\/100\n|-ability|p2b: Wo-Chien|Tablets of Ruin\n|move|p2a: Grimmsnarl|Fake Out|p1b: Wo-Chien\n|-damage|p1b: Wo-Chien|93\/100\n|cant|p1b: Wo-Chien|flinch\n|move|p1a: Ting-Lu|Fissure|p2b: Wo-Chien|[miss]\n|-miss|p1a: Ting-Lu|p2b: Wo-Chien\n|\n|-heal|p1b: Wo-Chien|99\/100|[from] item: Leftovers\n|upkeep\n|turn|2\n|\n|t:|1684086071\n|move|p2b: Wo-Chien|Protect|p2b: Wo-Chien\n|-singleturn|p2b: Wo-Chien|Protect\n|move|p1b: Wo-Chien|Ruination|p2a: Grimmsnarl\n|-damage|p2a: Grimmsnarl|50\/100\n|move|p2a: Grimmsnarl|Spirit Break|p1a: Ting-Lu\n|-supereffective|p1a: Ting-Lu\n|-crit|p1a: Ting-Lu\n|-damage|p1a: Ting-Lu|52\/100\n|-unboost|p1a: Ting-Lu|spa|1\n|move|p1a: Ting-Lu|Ruination|p2b: Wo-Chien\n|-activate|p2b: Wo-Chien|move: Protect\n|\n|-heal|p1b: Wo-Chien|100\/100|[from] item: Leftovers\n|upkeep\n|turn|3\n|\n|t:|1684086093\n|move|p1b: Wo-Chien|Pollen Puff|p1a: Ting-Lu\n|-heal|p1a: Ting-Lu|100\/100\n|move|p2b: Wo-Chien|Pollen Puff|p1b: Wo-Chien\n|-supereffective|p1b: Wo-Chien\n|-damage|p1b: Wo-Chien|57\/100\n|move|p2a: Grimmsnarl|Spirit Break|p1a: Ting-Lu\n|-supereffective|p1a: Ting-Lu\n|-damage|p1a: Ting-Lu|68\/100\n|-unboost|p1a: Ting-Lu|spa|1\n|move|p1a: Ting-Lu|Fissure|p2b: Wo-Chien\n|-damage|p2b: Wo-Chien|0 fnt\n|faint|p2b: Wo-Chien\n|-ohko\n|\n|-heal|p1b: Wo-Chien|63\/100|[from] item: Leftovers\n|upkeep\n|\n|t:|1684086112\n|switch|p2b: Iron Hands|Iron Hands, L50|100\/100\n|turn|4\n|\n|t:|1684086127\n|-terastallize|p1b: Wo-Chien|Poison\n|-terastallize|p2b: Iron Hands|Flying\n|move|p1b: Wo-Chien|Ruination|p2b: Iron Hands\n|-damage|p2b: Iron Hands|51\/100\n|move|p2a: Grimmsnarl|Spirit Break|p1b: Wo-Chien\n|-resisted|p1b: Wo-Chien\n|-damage|p1b: Wo-Chien|52\/100\n|-unboost|p1b: Wo-Chien|spa|1\n|move|p2b: Iron Hands|Drain Punch|p1b: Wo-Chien\n|-resisted|p1b: Wo-Chien\n|-crit|p1b: Wo-Chien\n|-damage|p1b: Wo-Chien|34\/100\n|-heal|p2b: Iron Hands|57\/100|[from] drain|[of] p1b: Wo-Chien\n|move|p1a: Ting-Lu|Fissure|p2b: Iron Hands\n|-immune|p2b: Iron Hands\n|\n|-heal|p1b: Wo-Chien|41\/100|[from] item: Leftovers\n|upkeep\n|turn|5\n|inactive|Hyanryu has 30 seconds left.\n|\n|t:|1684086155\n|move|p1b: Wo-Chien|Leech Seed|p2b: Iron Hands\n|-start|p2b: Iron Hands|move: Leech Seed\n|move|p2a: Grimmsnarl|Spirit Break|p1a: Ting-Lu\n|-supereffective|p1a: Ting-Lu\n|-damage|p1a: Ting-Lu|34\/100\n|-unboost|p1a: Ting-Lu|spa|1\n|move|p2b: Iron Hands|Drain Punch|p1a: Ting-Lu\n|-supereffective|p1a: Ting-Lu\n|-damage|p1a: Ting-Lu|0 fnt\n|-heal|p2b: Iron Hands|75\/100|[from] drain|[of] p1a: Ting-Lu\n|faint|p1a: Ting-Lu\n|\n|-heal|p1b: Wo-Chien|47\/100|[from] item: Leftovers\n|-damage|p2b: Iron Hands|62\/100|[from] Leech Seed|[of] p1b: Wo-Chien\n|-heal|p1b: Wo-Chien|63\/100|[silent]\n|upkeep\n|\n|t:|1684086176\n|switch|p1a: Ghost|Tatsugiri-Droopy, L50, M, shiny|100\/100\n|turn|6\n|\n|t:|1684086187\n|switch|p1b: Namazu|Dondozo, L50, M, shiny|100\/100\n|-activate|p1a: Ghost|ability: Commander|[of] p1b: Namazu\n|-boost|p1b: Namazu|atk|2\n|-boost|p1b: Namazu|spa|2\n|-boost|p1b: Namazu|spe|2\n|-boost|p1b: Namazu|def|2\n|-boost|p1b: Namazu|spd|2\n|move|p2a: Grimmsnarl|Spirit Break|p1a: Ghost|[miss]\n|-miss|p2a: Grimmsnarl|p1a: Ghost\n|move|p2b: Iron Hands|Thunder Punch|p1b: Namazu\n|-supereffective|p1b: Namazu\n|-damage|p1b: Namazu|71\/100\n|\n|-damage|p2b: Iron Hands|50\/100|[from] Leech Seed|[of] p1b: Namazu\n|-heal|p1b: Namazu|85\/100|[silent]\n|upkeep\n|turn|7\n|\n|t:|1684086212\n|move|p2a: Grimmsnarl|Taunt|p1b: Namazu\n|-start|p1b: Namazu|move: Taunt\n|move|p1b: Namazu|Wave Crash|p2b: Iron Hands\n|-damage|p2b: Iron Hands|0 fnt\n|faint|p2b: Iron Hands\n|-end|p2b: Iron Hands|Quark Drive|[silent]\n|-damage|p1b: Namazu|66\/100|[from] Recoil\n|\n|upkeep\n|-message|Cm3112 forfeited.\n|\n|win|Hyanryu\n|raw|Hyanryu's rating: 1482 → 1508<\/strong> (+26 for winning)\n|raw|Cm3112's rating: 1585 → 1559<\/strong> (-26 for losing)\n|l|\u2606Cm3112\n","uploadtime":1684086229,"views":10,"p1id":"hyanryu","p2id":"cm3112","formatid":"gen9vgc2023regulationc","rating":1508,"private":0,"password":""}