{"id":"gen9vgc2023regulationc-1848421807","p1":"Hactorgv_128","p2":"Dr.Dedded","format":"[Gen 9] VGC 2023 Regulation C","log":"|j|\u2606Hactorgv_128\n|j|\u2606Dr.Dedded\n|t:|1682075927\n|gametype|doubles\n|player|p1|Hactorgv_128|bruno|1114\n|player|p2|Dr.Dedded|drayden|1177\n|teamsize|p1|6\n|teamsize|p2|6\n|gen|9\n|tier|[Gen 9] VGC 2023 Regulation C\n|rated|\n|rule|Species Clause: Limit one of each Pok\u00e9mon\n|rule|Item Clause: Limit one of each item\n|clearpoke\n|poke|p1|Zangoose, L50, M|\n|poke|p1|Indeedee-F, L50, F|\n|poke|p1|Ting-Lu, L50|\n|poke|p1|Azumarill, L50, M|\n|poke|p1|Gengar, L50, F|\n|poke|p1|Bellibolt, L50, M|\n|poke|p2|Tyranitar, L50, F|\n|poke|p2|Cacturne, L50, M|\n|poke|p2|Hippowdon, L50, F|\n|poke|p2|Sandaconda, L50, M|\n|poke|p2|Houndstone, L50, F|\n|poke|p2|Iron Thorns, L50|\n|teampreview|4\n|inactive|Battle timer is ON: inactive players will automatically lose when time's up. (requested by Hactorgv_128)\n|\n|t:|1682075951\n|start\n|switch|p1a: Ting-Lu|Ting-Lu, L50|100\/100\n|switch|p1b: Bellibolt|Bellibolt, L50, M|100\/100\n|switch|p2a: Tyranitar|Tyranitar, L50, F|100\/100\n|switch|p2b: Cacturne|Cacturne, L50, M, shiny|100\/100\n|-weather|Sandstorm|[from] ability: Sand Stream|[of] p2a: Tyranitar\n|-ability|p1a: Ting-Lu|Vessel of Ruin\n|turn|1\n|\n|t:|1682075973\n|move|p2b: Cacturne|Leech Seed|p1a: Ting-Lu\n|-start|p1a: Ting-Lu|move: Leech Seed\n|move|p2a: Tyranitar|Low Kick|p1a: Ting-Lu\n|-supereffective|p1a: Ting-Lu\n|-damage|p1a: Ting-Lu|50\/100\n|move|p1b: Bellibolt|Reflect|p1b: Bellibolt\n|-sidestart|p1: Hactorgv_128|Reflect\n|move|p1a: Ting-Lu|Stealth Rock|p2b: Cacturne\n|-sidestart|p2: Dr.Dedded|move: Stealth Rock\n|\n|-weather|Sandstorm|[upkeep]\n|-damage|p1b: Bellibolt|94\/100|[from] Sandstorm\n|-heal|p1a: Ting-Lu|56\/100|[from] item: Leftovers\n|-damage|p1a: Ting-Lu|44\/100|[from] Leech Seed|[of] p2b: Cacturne\n|upkeep\n|turn|2\n|\n|t:|1682075988\n|move|p2b: Cacturne|Leech Seed|p1b: Bellibolt\n|-start|p1b: Bellibolt|move: Leech Seed\n|move|p2a: Tyranitar|Rock Slide|p1b: Bellibolt|[spread] p1a,p1b\n|-resisted|p1a: Ting-Lu\n|-damage|p1a: Ting-Lu|38\/100\n|-damage|p1b: Bellibolt|77\/100\n|-start|p1b: Bellibolt|Charge|Rock Slide|[from] ability: Electromorphosis\n|move|p1a: Ting-Lu|Spikes|p2b: Cacturne\n|-sidestart|p2: Dr.Dedded|Spikes\n|cant|p1b: Bellibolt|flinch\n|\n|-weather|Sandstorm|[upkeep]\n|-damage|p1b: Bellibolt|71\/100|[from] Sandstorm\n|-heal|p1a: Ting-Lu|44\/100|[from] item: Leftovers\n|-damage|p1b: Bellibolt|59\/100|[from] Leech Seed|[of] p2b: Cacturne\n|-damage|p1a: Ting-Lu|31\/100|[from] Leech Seed|[of] p2b: Cacturne\n|upkeep\n|turn|3\n|\n|t:|1682076011\n|move|p2a: Tyranitar|Rock Slide|p1b: Bellibolt|[spread] p1a,p1b\n|-resisted|p1a: Ting-Lu\n|-damage|p1a: Ting-Lu|26\/100\n|-damage|p1b: Bellibolt|40\/100\n|-start|p1b: Bellibolt|Charge|Rock Slide|[from] ability: Electromorphosis\n|move|p2b: Cacturne|Toxic Spikes|p1b: Bellibolt\n|-sidestart|p1: Hactorgv_128|move: Toxic Spikes\n|move|p1a: Ting-Lu|Heavy Slam|p2b: Cacturne\n|-damage|p2b: Cacturne|52\/100\n|move|p1b: Bellibolt|Light Screen|p1b: Bellibolt\n|-sidestart|p1: Hactorgv_128|move: Light Screen\n|\n|-weather|Sandstorm|[upkeep]\n|-damage|p1b: Bellibolt|34\/100|[from] Sandstorm\n|-heal|p1a: Ting-Lu|32\/100|[from] item: Leftovers\n|-damage|p1a: Ting-Lu|20\/100|[from] Leech Seed|[of] p2b: Cacturne\n|-heal|p2b: Cacturne|71\/100|[silent]\n|-damage|p1b: Bellibolt|22\/100|[from] Leech Seed|[of] p2b: Cacturne\n|-heal|p2b: Cacturne|85\/100|[silent]\n|upkeep\n|turn|4\n|\n|t:|1682076028\n|move|p2b: Cacturne|Toxic Spikes|p1b: Bellibolt\n|-sidestart|p1: Hactorgv_128|move: Toxic Spikes\n|move|p2a: Tyranitar|Rock Slide|p1b: Bellibolt|[spread] p1a,p1b\n|-resisted|p1a: Ting-Lu\n|-damage|p1a: Ting-Lu|14\/100\n|-damage|p1b: Bellibolt|4\/100\n|-start|p1b: Bellibolt|Charge|Rock Slide|[from] ability: Electromorphosis\n|cant|p1a: Ting-Lu|flinch\n|move|p1b: Bellibolt|Parabolic Charge|p2b: Cacturne|[spread] p2a,p2b\n|-immune|p1a: Ting-Lu\n|-resisted|p2b: Cacturne\n|-damage|p2a: Tyranitar|85\/100\n|-heal|p1b: Bellibolt|12\/100|[from] drain|[of] p2a: Tyranitar\n|-damage|p2b: Cacturne|61\/100\n|-heal|p1b: Bellibolt|22\/100|[from] drain|[of] p2b: Cacturne\n|-end|p1b: Bellibolt|Charge|[silent]\n|\n|-weather|Sandstorm|[upkeep]\n|-damage|p1b: Bellibolt|16\/100|[from] Sandstorm\n|-heal|p1a: Ting-Lu|20\/100|[from] item: Leftovers\n|-damage|p1b: Bellibolt|4\/100|[from] Leech Seed|[of] p2b: Cacturne\n|-heal|p2b: Cacturne|76\/100|[silent]\n|-damage|p1a: Ting-Lu|8\/100|[from] Leech Seed|[of] p2b: Cacturne\n|-heal|p2b: Cacturne|94\/100|[silent]\n|upkeep\n|turn|5\n|\n|t:|1682076051\n|move|p2a: Tyranitar|Rock Slide|p1b: Bellibolt|[spread] p1b\n|-miss|p2a: Tyranitar|p1a: Ting-Lu\n|-damage|p1b: Bellibolt|0 fnt\n|faint|p1b: Bellibolt\n|move|p2b: Cacturne|Toxic Spikes||[still]\n|-fail|p2b: Cacturne\n|move|p1a: Ting-Lu|Heavy Slam|p2b: Cacturne\n|-damage|p2b: Cacturne|38\/100\n|\n|-weather|none\n|-heal|p1a: Ting-Lu|14\/100|[from] item: Leftovers\n|-damage|p1a: Ting-Lu|2\/100|[from] Leech Seed|[of] p2b: Cacturne\n|-heal|p2b: Cacturne|56\/100|[silent]\n|upkeep\n|\n|t:|1682076064\n|switch|p1b: Gengar|Gengar, L50, F|100\/100\n|-sideend|p1: Hactorgv_128|move: Toxic Spikes|[of] p1b: Gengar\n|turn|6\n|\n|t:|1682076075\n|move|p2b: Cacturne|Sucker Punch|p1b: Gengar\n|-supereffective|p1b: Gengar\n|-damage|p1b: Gengar|20\/100\n|-start|p2b: Cacturne|Disable|Sucker Punch|[from] ability: Cursed Body|[of] p1b: Gengar\n|move|p1b: Gengar|Sludge Bomb|p2b: Cacturne\n|-supereffective|p2b: Cacturne\n|-damage|p2b: Cacturne|0 fnt\n|faint|p2b: Cacturne\n|move|p2a: Tyranitar|Rock Slide|p1a: Ting-Lu|[spread] p1a\n|-miss|p2a: Tyranitar|p1b: Gengar\n|-resisted|p1a: Ting-Lu\n|-damage|p1a: Ting-Lu|0 fnt\n|faint|p1a: Ting-Lu\n|\n|upkeep\n|\n|t:|1682076090\n|switch|p2b: Hippowdon|Hippowdon, L50, F, shiny|100\/100\n|switch|p1a: Azumarill|Azumarill, L50, M|100\/100\n|-damage|p2b: Hippowdon|94\/100|[from] Stealth Rock\n|-damage|p2b: Hippowdon|82\/100|[from] Spikes\n|-weather|Sandstorm|[from] ability: Sand Stream|[of] p2b: Hippowdon\n|turn|7\n|\n|t:|1682076108\n|-terastallize|p2b: Hippowdon|Steel\n|move|p1b: Gengar|Dazzling Gleam|p2a: Tyranitar|[spread] p2a,p2b\n|-supereffective|p2a: Tyranitar\n|-resisted|p2b: Hippowdon\n|-damage|p2a: Tyranitar|69\/100\n|-damage|p2b: Hippowdon|70\/100\n|move|p2a: Tyranitar|Rock Slide|p1b: Gengar|[spread] p1a,p1b\n|-damage|p1a: Azumarill|80\/100\n|-damage|p1b: Gengar|0 fnt\n|faint|p1b: Gengar\n|cant|p1a: Azumarill|flinch\n|move|p2b: Hippowdon|Curse|p2b: Hippowdon\n|-unboost|p2b: Hippowdon|spe|1\n|-boost|p2b: Hippowdon|atk|1\n|-boost|p2b: Hippowdon|def|1\n|\n|-weather|Sandstorm|[upkeep]\n|-damage|p1a: Azumarill|74\/100|[from] Sandstorm\n|-heal|p2b: Hippowdon|76\/100|[from] item: Leftovers\n|upkeep\n|turn|8\n|\n|t:|1682076130\n|move|p2a: Tyranitar|Rock Slide|p1a: Azumarill\n|-damage|p1a: Azumarill|42\/100\n|-enditem|p1a: Azumarill|Sitrus Berry|[eat]\n|-heal|p1a: Azumarill|67\/100|[from] item: Sitrus Berry\n|move|p1a: Azumarill|Brick Break|p2a: Tyranitar\n|-supereffective|p2a: Tyranitar\n|-damage|p2a: Tyranitar|12\/100\n|move|p2b: Hippowdon|Heavy Slam|p1a: Azumarill\n|-crit|p1a: Azumarill\n|-damage|p1a: Azumarill|0 fnt\n|faint|p1a: Azumarill\n|\n|win|Dr.Dedded\n|raw|Hactorgv_128's rating: 1114 → 1093<\/strong> (-21 for losing)\n|raw|Dr.Dedded's rating: 1177 → 1198<\/strong> (+21 for winning)\n|c|\u2606Hactorgv_128|Gg\n|c|\u2606Dr.Dedded|gg\n|l|\u2606Hactorgv_128\n","uploadtime":1682076161,"views":11,"p1id":"hactorgv128","p2id":"drdedded","formatid":"gen9vgc2023regulationc","rating":1093,"private":0,"password":""}