{"id":"gen9vgc2023regulationc-1850825588","p1":"temerence","p2":"lambboy32","format":"[Gen 9] VGC 2023 Regulation C","log":"|j|\u2606temerence\n|j|\u2606lambboy32\n|t:|1682371559\n|gametype|doubles\n|player|p1|temerence|hilbert|1096\n|player|p2|lambboy32|265|1024\n|teamsize|p1|6\n|teamsize|p2|6\n|gen|9\n|tier|[Gen 9] VGC 2023 Regulation C\n|rated|\n|rule|Species Clause: Limit one of each Pok\u00e9mon\n|rule|Item Clause: Limit one of each item\n|clearpoke\n|poke|p1|Flutter Mane, L50|\n|poke|p1|Amoonguss, L50, M|\n|poke|p1|Palafin, L50, F|\n|poke|p1|Chien-Pao, L50|\n|poke|p1|Arcanine, L50, M|\n|poke|p1|Dragapult, L50, F|\n|poke|p2|Jolteon, L50, M|\n|poke|p2|Pelipper, L50, M|\n|poke|p2|Scizor, L50, M|\n|poke|p2|Garchomp, L50, F|\n|poke|p2|Amoonguss, L50, F|\n|poke|p2|Beartic, L50, M|\n|teampreview|4\n|\n|t:|1682371595\n|start\n|switch|p1a: Flutter Mane|Flutter Mane, L50|100\/100\n|switch|p1b: Palafin|Palafin, L50, F|100\/100\n|switch|p2a: Beartic|Beartic, L50, M|100\/100\n|switch|p2b: Pelipper|Pelipper, L50, M|100\/100\n|-weather|RainDance|[from] ability: Drizzle|[of] p2b: Pelipper\n|-enditem|p1a: Flutter Mane|Booster Energy\n|-activate|p1a: Flutter Mane|ability: Protosynthesis|[fromitem]\n|-start|p1a: Flutter Mane|protosynthesisspe\n|turn|1\n|inactive|Battle timer is ON: inactive players will automatically lose when time's up. (requested by temerence)\n|inactive|temerence has 60 seconds left.\n|\n|t:|1682371637\n|-terastallize|p1b: Palafin|Water\n|move|p1a: Flutter Mane|Shadow Ball|p2a: Beartic\n|-damage|p2a: Beartic|51\/100\n|move|p2a: Beartic|Shadow Claw|p1a: Flutter Mane\n|-supereffective|p1a: Flutter Mane\n|-damage|p1a: Flutter Mane|0 fnt\n|faint|p1a: Flutter Mane\n|-end|p1a: Flutter Mane|Protosynthesis|[silent]\n|move|p1b: Palafin|Wave Crash|p2a: Beartic\n|-damage|p2a: Beartic|0 fnt\n|faint|p2a: Beartic\n|-damage|p1b: Palafin|84\/100|[from] Recoil\n|move|p2b: Pelipper|Hurricane|p1b: Palafin\n|-damage|p1b: Palafin|15\/100\n|\n|-weather|RainDance|[upkeep]\n|upkeep\n|\n|t:|1682371653\n|switch|p1a: Amoonguss|Amoonguss, L50, M|100\/100\n|switch|p2a: Scizor|Scizor, L50, M|100\/100\n|turn|2\n|\n|t:|1682371668\n|move|p1b: Palafin|Protect|p1b: Palafin\n|-singleturn|p1b: Palafin|Protect\n|move|p2a: Scizor|Bullet Punch|p1b: Palafin\n|-activate|p1b: Palafin|move: Protect\n|move|p2b: Pelipper|Hurricane|p1a: Amoonguss\n|-supereffective|p1a: Amoonguss\n|-damage|p1a: Amoonguss|32\/100\n|-enditem|p1a: Amoonguss|Sitrus Berry|[eat]\n|-heal|p1a: Amoonguss|57\/100|[from] item: Sitrus Berry\n|move|p1a: Amoonguss|Pollen Puff|p1b: Palafin\n|-activate|p1b: Palafin|move: Protect\n|\n|-weather|RainDance|[upkeep]\n|upkeep\n|turn|3\n|inactive|temerence has 30 seconds left.\n|inactive|lambboy32 has 30 seconds left.\n|\n|t:|1682371701\n|move|p1b: Palafin|Jet Punch|p2a: Scizor\n|-damage|p2a: Scizor|43\/100\n|move|p2a: Scizor|U-turn|p1b: Palafin\n|-damage|p1b: Palafin|0 fnt\n|faint|p1b: Palafin\n|-damage|p2a: Scizor|33\/100|[from] item: Life Orb\n|\n|t:|1682371707\n|switch|p2a: Amoonguss|Amoonguss, L50, F|100\/100|[from] U-turn\n|move|p2b: Pelipper|Hurricane|p1a: Amoonguss\n|-supereffective|p1a: Amoonguss\n|-damage|p1a: Amoonguss|0 fnt\n|faint|p1a: Amoonguss\n|\n|-weather|RainDance|[upkeep]\n|upkeep\n|\n|t:|1682371717\n|switch|p1a: Arcanine|Arcanine, L50, M|100\/100\n|-ability|p1a: Arcanine|Intimidate|boost\n|-unboost|p2a: Amoonguss|atk|1\n|-unboost|p2b: Pelipper|atk|1\n|turn|4\n|\n|t:|1682371729\n|move|p1a: Arcanine|Flare Blitz|p2a: Amoonguss\n|-supereffective|p2a: Amoonguss\n|-damage|p2a: Amoonguss|56\/100\n|-damage|p1a: Arcanine|84\/100|[from] Recoil\n|move|p2b: Pelipper|Surf|p1a: Arcanine|[spread] p2a,p1a\n|-resisted|p2a: Amoonguss\n|-crit|p2a: Amoonguss\n|-supereffective|p1a: Arcanine\n|-damage|p2a: Amoonguss|32\/100\n|-damage|p1a: Arcanine|13\/100\n|move|p2a: Amoonguss|Pollen Puff|p1a: Arcanine\n|-resisted|p1a: Arcanine\n|-damage|p1a: Arcanine|6\/100\n|\n|-weather|RainDance|[upkeep]\n|-heal|p2a: Amoonguss|38\/100|[from] item: Leftovers\n|upkeep\n|turn|5\n|\n|t:|1682371746\n|move|p1a: Arcanine|Protect|p1a: Arcanine\n|-singleturn|p1a: Arcanine|Protect\n|move|p2b: Pelipper|Surf|p1a: Arcanine|[spread] p2a\n|-activate|p1a: Arcanine|move: Protect\n|-resisted|p2a: Amoonguss\n|-damage|p2a: Amoonguss|23\/100\n|move|p2a: Amoonguss|Pollen Puff|p1a: Arcanine\n|-activate|p1a: Arcanine|move: Protect\n|\n|-weather|RainDance|[upkeep]\n|-heal|p2a: Amoonguss|29\/100|[from] item: Leftovers\n|upkeep\n|turn|6\n|\n|t:|1682371761\n|move|p1a: Arcanine|Extreme Speed|p2a: Amoonguss\n|-damage|p2a: Amoonguss|8\/100\n|move|p2b: Pelipper|Surf|p1a: Arcanine|[spread] p2a,p1a\n|-resisted|p2a: Amoonguss\n|-supereffective|p1a: Arcanine\n|-damage|p2a: Amoonguss|0 fnt\n|-damage|p1a: Arcanine|0 fnt\n|faint|p2a: Amoonguss\n|faint|p1a: Arcanine\n|\n|win|lambboy32\n|raw|temerence's rating: 1096 → 1067<\/strong> (-29 for losing)\n|raw|lambboy32's rating: 1024 → 1068<\/strong> (+44 for winning)\n|c|\u2606temerence|gg\n","uploadtime":1682371775,"views":13,"p1id":"temerence","p2id":"lambboy32","formatid":"gen9vgc2023regulationc","rating":1067,"private":0,"password":""}