{"id":"gen9vgc2023regulationc-1848574537","p1":"a lonely fart","p2":"sauceconnoisseur","format":"[Gen 9] VGC 2023 Regulation C","log":"|j|\u2606a lonely fart\n|j|\u2606sauceconnoisseur\n|t:|1682091247\n|gametype|doubles\n|player|p1|a lonely fart|265|1466\n|player|p2|sauceconnoisseur|swimmer|1361\n|teamsize|p1|6\n|teamsize|p2|6\n|gen|9\n|tier|[Gen 9] VGC 2023 Regulation C\n|rated|\n|rule|Species Clause: Limit one of each Pok\u00e9mon\n|rule|Item Clause: Limit one of each item\n|clearpoke\n|poke|p1|Gyarados, L50, M|\n|poke|p1|Scizor, L50, M|\n|poke|p1|Amoonguss, L50, F|\n|poke|p1|Arcanine, L50, M|\n|poke|p1|Flutter Mane, L50|\n|poke|p1|Iron Bundle, L50|\n|poke|p2|Maushold, L50|\n|poke|p2|Annihilape, L50, F|\n|poke|p2|Amoonguss, L50, M|\n|poke|p2|Flutter Mane, L50|\n|poke|p2|Talonflame, L50, M|\n|poke|p2|Palafin, L50, M|\n|teampreview|4\n|inactive|Battle timer is ON: inactive players will automatically lose when time's up. (requested by a lonely fart)\n|\n|t:|1682091275\n|start\n|switch|p1a: Flutter Mane|Flutter Mane, L50|100\/100\n|switch|p1b: Iron Bundle|Iron Bundle, L50|100\/100\n|switch|p2a: Maushold|Maushold, L50|100\/100\n|switch|p2b: Ape 2.0|Annihilape, L50, F|100\/100\n|-enditem|p1b: Iron Bundle|Booster Energy\n|-activate|p1b: Iron Bundle|ability: Quark Drive|[fromitem]\n|-start|p1b: Iron Bundle|quarkdrivespe\n|turn|1\n|\n|t:|1682091289\n|switch|p2b: Amoonguss|Amoonguss, L50, M|100\/100\n|-terastallize|p1a: Flutter Mane|Fairy\n|move|p2a: Maushold|Protect|p2a: Maushold\n|-singleturn|p2a: Maushold|Protect\n|move|p1b: Iron Bundle|Hydro Pump|p2b: Amoonguss\n|-resisted|p2b: Amoonguss\n|-damage|p2b: Amoonguss|85\/100\n|move|p1a: Flutter Mane|Dazzling Gleam|p2a: Maushold|[spread] p2b\n|-activate|p2a: Maushold|move: Protect\n|-resisted|p2b: Amoonguss\n|-damage|p2b: Amoonguss|67\/100\n|\n|upkeep\n|turn|2\n|inactive|sauceconnoisseur has 30 seconds left.\n|\n|t:|1682091316\n|move|p2a: Maushold|Follow Me|p2a: Maushold\n|-singleturn|p2a: Maushold|move: Follow Me\n|move|p1b: Iron Bundle|Hydro Pump|p2a: Maushold\n|-damage|p2a: Maushold|45\/100\n|move|p1a: Flutter Mane|Dazzling Gleam|p2b: Amoonguss|[spread] p2a,p2b\n|-resisted|p2b: Amoonguss\n|-damage|p2a: Maushold|0 fnt\n|-damage|p2b: Amoonguss|47\/100\n|-enditem|p2b: Amoonguss|Sitrus Berry|[eat]\n|-heal|p2b: Amoonguss|72\/100|[from] item: Sitrus Berry\n|faint|p2a: Maushold\n|move|p2b: Amoonguss|Spore|p1a: Flutter Mane\n|-status|p1a: Flutter Mane|slp|[from] move: Spore\n|\n|upkeep\n|\n|t:|1682091323\n|switch|p2a: Ape 2.0|Annihilape, L50, F|100\/100\n|turn|3\n|\n|t:|1682091339\n|move|p1b: Iron Bundle|Protect|p1b: Iron Bundle\n|-singleturn|p1b: Iron Bundle|Protect\n|cant|p1a: Flutter Mane|slp\n|move|p2a: Ape 2.0|Bulk Up|p2a: Ape 2.0\n|-boost|p2a: Ape 2.0|atk|1\n|-boost|p2a: Ape 2.0|def|1\n|move|p2b: Amoonguss|Spore|p1b: Iron Bundle\n|-activate|p1b: Iron Bundle|move: Protect\n|\n|upkeep\n|turn|4\n|\n|t:|1682091357\n|-terastallize|p2a: Ape 2.0|Fire\n|move|p2b: Amoonguss|Rage Powder|p2b: Amoonguss\n|-singleturn|p2b: Amoonguss|move: Rage Powder\n|move|p1b: Iron Bundle|Freeze-Dry|p2b: Amoonguss\n|-supereffective|p2b: Amoonguss\n|-damage|p2b: Amoonguss|12\/100\n|cant|p1a: Flutter Mane|slp\n|move|p2a: Ape 2.0|Drain Punch|p1b: Iron Bundle\n|-supereffective|p1b: Iron Bundle\n|-damage|p1b: Iron Bundle|0 fnt\n|faint|p1b: Iron Bundle\n|-end|p1b: Iron Bundle|Quark Drive|[silent]\n|\n|upkeep\n|\n|t:|1682091369\n|switch|p1b: Gyarados|Gyarados, L50, M|100\/100\n|-ability|p1b: Gyarados|Intimidate|boost\n|-unboost|p2a: Ape 2.0|atk|1\n|-ability|p2a: Ape 2.0|Defiant|boost\n|-boost|p2a: Ape 2.0|atk|2\n|-unboost|p2b: Amoonguss|atk|1\n|turn|5\n|inactive|sauceconnoisseur has 30 seconds left.\n|inactive|a lonely fart has 30 seconds left.\n|\n|t:|1682091399\n|move|p2a: Ape 2.0|Protect|p2a: Ape 2.0\n|-singleturn|p2a: Ape 2.0|Protect\n|cant|p1a: Flutter Mane|slp\n|move|p1b: Gyarados|Waterfall|p2a: Ape 2.0\n|-activate|p2a: Ape 2.0|move: Protect\n|move|p2b: Amoonguss|Spore|p1b: Gyarados\n|-status|p1b: Gyarados|slp|[from] move: Spore\n|\n|upkeep\n|turn|6\n|\n|t:|1682091415\n|-curestatus|p1a: Flutter Mane|slp|[msg]\n|move|p1a: Flutter Mane|Dazzling Gleam|p2a: Ape 2.0|[spread] p2a,p2b\n|-resisted|p2a: Ape 2.0\n|-resisted|p2b: Amoonguss\n|-damage|p2a: Ape 2.0|76\/100\n|-damage|p2b: Amoonguss|0 fnt\n|faint|p2b: Amoonguss\n|cant|p1b: Gyarados|slp\n|move|p2a: Ape 2.0|Rage Fist|p1a: Flutter Mane\n|-damage|p1a: Flutter Mane|0 fnt\n|faint|p1a: Flutter Mane\n|-end|p1a: Flutter Mane|Protosynthesis|[silent]\n|\n|-heal|p2a: Ape 2.0|82\/100|[from] item: Leftovers\n|upkeep\n|\n|t:|1682091425\n|switch|p1a: Scizor|Scizor, L50, M|100\/100\n|switch|p2b: Talonflame|Talonflame, L50, M|100\/100\n|turn|7\n|\n|t:|1682091438\n|move|p2b: Talonflame|Tailwind|p2b: Talonflame\n|-sidestart|p2: sauceconnoisseur|move: Tailwind\n|move|p2a: Ape 2.0|Rage Fist|p1b: Gyarados\n|-damage|p1b: Gyarados|11\/100 slp\n|-enditem|p1b: Gyarados|Sitrus Berry|[eat]\n|-heal|p1b: Gyarados|36\/100 slp|[from] item: Sitrus Berry\n|cant|p1b: Gyarados|slp\n|move|p1a: Scizor|Close Combat|p2a: Ape 2.0\n|-damage|p2a: Ape 2.0|56\/100\n|-unboost|p1a: Scizor|def|1\n|-unboost|p1a: Scizor|spd|1\n|\n|-heal|p2a: Ape 2.0|62\/100|[from] item: Leftovers\n|upkeep\n|turn|8\n|-message|a lonely fart forfeited.\n|\n|win|sauceconnoisseur\n|raw|a lonely fart's rating: 1466 → 1440<\/strong> (-26 for losing)\n|raw|sauceconnoisseur's rating: 1361 → 1387<\/strong> (+26 for winning)\n|l|\u2606a lonely fart\n","uploadtime":1682091456,"views":7,"p1id":"alonelyfart","p2id":"sauceconnoisseur","formatid":"gen9vgc2023regulationc","rating":1387,"private":0,"password":""}