{"id":"gen9vgc2023regulationc-1854623284","p1":"xiaoyang2004","p2":"snoople boot","format":"[Gen 9] VGC 2023 Regulation C","log":"|j|\u2606xiaoyang2004\n|j|\u2606snoople boot\n|t:|1682838012\n|gametype|doubles\n|player|p1|xiaoyang2004|lyra|1389\n|player|p2|snoople boot|birdkeeper-gen4dp|1401\n|teamsize|p1|6\n|teamsize|p2|6\n|gen|9\n|tier|[Gen 9] VGC 2023 Regulation C\n|rated|\n|rule|Species Clause: Limit one of each Pok\u00e9mon\n|rule|Item Clause: Limit one of each item\n|clearpoke\n|poke|p1|Torkoal, L50, M|\n|poke|p1|Jumpluff, L50, F|\n|poke|p1|Great Tusk, L50|\n|poke|p1|Flutter Mane, L50|\n|poke|p1|Chi-Yu, L50|\n|poke|p1|Roaring Moon, L50|\n|poke|p2|Espathra, L50, F|\n|poke|p2|Sandy Shocks, L50|\n|poke|p2|Chi-Yu, L50|\n|poke|p2|Flutter Mane, L50|\n|poke|p2|Gyarados, L50, F|\n|poke|p2|Garchomp, L50, M|\n|teampreview|4\nsnoople boot has agreed to open team sheets.\n|\n|t:|1682838040\n|start\n|switch|p1a: Flutter Mane|Flutter Mane, L50, shiny|100\/100\n|switch|p1b: Roaring Moon|Roaring Moon, L50, shiny|100\/100\n|switch|p2a: Sandy Shocks|Sandy Shocks, L50, shiny|100\/100\n|switch|p2b: Espathra|Espathra, L50, F, shiny|100\/100\n|-enditem|p2a: Sandy Shocks|Booster Energy\n|-activate|p2a: Sandy Shocks|ability: Protosynthesis|[fromitem]\n|-start|p2a: Sandy Shocks|protosynthesisspe\n|turn|1\n|\n|t:|1682838061\n|move|p2a: Sandy Shocks|Gravity|p2a: Sandy Shocks\n|-fieldstart|move: Gravity\n|move|p1a: Flutter Mane|Shadow Ball|p2b: Espathra\n|-supereffective|p2b: Espathra\n|-enditem|p2b: Espathra|Focus Sash\n|-damage|p2b: Espathra|1\/100\n|move|p1b: Roaring Moon|Tailwind|p1b: Roaring Moon\n|-sidestart|p1: xiaoyang2004|move: Tailwind\n|move|p2b: Espathra|Hypnosis|p1a: Flutter Mane\n|-status|p1a: Flutter Mane|slp|[from] move: Hypnosis\n|\n|-ability|p2b: Espathra|Speed Boost|boost\n|-boost|p2b: Espathra|spe|1\n|upkeep\n|turn|2\n|\n|t:|1682838084\n|move|p2b: Espathra|Protect|p2b: Espathra\n|-singleturn|p2b: Espathra|Protect\n|cant|p1a: Flutter Mane|slp\n|move|p1b: Roaring Moon|Throat Chop|p2a: Sandy Shocks\n|-damage|p2a: Sandy Shocks|56\/100\n|-start|p2a: Sandy Shocks|Throat Chop|[silent]\n|move|p2a: Sandy Shocks|Earth Power|p1a: Flutter Mane\n|-damage|p1a: Flutter Mane|52\/100 slp\n|\n|-ability|p2b: Espathra|Speed Boost|boost\n|-boost|p2b: Espathra|spe|1\n|upkeep\n|turn|3\n|\n|t:|1682838108\n|-curestatus|p1a: Flutter Mane|slp|[msg]\n|move|p1a: Flutter Mane|Dazzling Gleam|p2a: Sandy Shocks|[spread] p2a,p2b\n|-damage|p2a: Sandy Shocks|18\/100\n|-damage|p2b: Espathra|0 fnt\n|faint|p2b: Espathra\n|move|p1b: Roaring Moon|Throat Chop|p2a: Sandy Shocks\n|-damage|p2a: Sandy Shocks|0 fnt\n|faint|p2a: Sandy Shocks\n|-end|p2a: Sandy Shocks|Protosynthesis|[silent]\n|\n|upkeep\n|\n|t:|1682838116\n|switch|p2b: Chi-Yu|Chi-Yu, L50|100\/100\n|switch|p2a: Flutter Mane|Flutter Mane, L50|100\/100\n|-ability|p2b: Chi-Yu|Beads of Ruin\n|turn|4\n|\n|t:|1682838132\n|-terastallize|p2a: Flutter Mane|Fairy\n|move|p1a: Flutter Mane|Dazzling Gleam|p2a: Flutter Mane|[spread] p2a,p2b\n|-damage|p2a: Flutter Mane|58\/100\n|-damage|p2b: Chi-Yu|62\/100\n|move|p1b: Roaring Moon|Throat Chop|p2a: Flutter Mane\n|-resisted|p2a: Flutter Mane\n|-damage|p2a: Flutter Mane|7\/100\n|-start|p2a: Flutter Mane|Throat Chop|[silent]\n|move|p2a: Flutter Mane|Dazzling Gleam|p1b: Roaring Moon|[spread] p1a,p1b\n|-supereffective|p1b: Roaring Moon\n|-damage|p1a: Flutter Mane|0 fnt\n|-damage|p1b: Roaring Moon|0 fnt\n|faint|p1a: Flutter Mane\n|-end|p1a: Flutter Mane|Protosynthesis|[silent]\n|faint|p1b: Roaring Moon\n|-end|p1b: Roaring Moon|Protosynthesis|[silent]\n|-damage|p2a: Flutter Mane|0 fnt|[from] item: Life Orb\n|faint|p2a: Flutter Mane\n|-end|p2a: Flutter Mane|Protosynthesis|[silent]\n|move|p2b: Chi-Yu|Dark Pulse|p1: Flutter Mane|[notarget]\n|-fail|p2b: Chi-Yu\n|\n|-sideend|p1: xiaoyang2004|move: Tailwind\n|upkeep\n|\n|t:|1682838149\n|switch|p1a: Great Tusk|Great Tusk, L50, shiny|100\/100\n|switch|p1b: Chi-Yu|Chi-Yu, L50|100\/100\n|-ability|p1b: Chi-Yu|Beads of Ruin\n|turn|5\n|-message|snoople boot forfeited.\n|\n|win|xiaoyang2004\n|raw|xiaoyang2004's rating: 1389 → 1410<\/strong> (+21 for winning)\n|raw|snoople boot's rating: 1401 → 1380<\/strong> (-21 for losing)\n|l|\u2606snoople boot\n","uploadtime":1682838159,"views":18,"p1id":"xiaoyang2004","p2id":"snoopleboot","formatid":"gen9vgc2023regulationc","rating":1380,"private":0,"password":""}