{"id":"gen9vgc2023regulationc-1860907537","p1":"iStockphoto","p2":"kawhicu lennit 25","format":"[Gen 9] VGC 2023 Regulation C","log":"|j|\u2606iStockphoto\n|j|\u2606kawhicu lennit 25\n|t:|1683693885\n|gametype|doubles\n|player|p1|iStockphoto|170|1198\n|player|p2|kawhicu lennit 25|worker|1228\n|teamsize|p1|6\n|teamsize|p2|6\n|gen|9\n|tier|[Gen 9] VGC 2023 Regulation C\n|rated|\n|rule|Species Clause: Limit one of each Pok\u00e9mon\n|rule|Item Clause: Limit one of each item\n|clearpoke\n|poke|p1|Abomasnow, L50, M|\n|poke|p1|Baxcalibur, L50, F|\n|poke|p1|Ting-Lu, L50|\n|poke|p1|Maushold, L50|\n|poke|p1|Wo-Chien, L50|\n|poke|p1|Gholdengo, L50|\n|poke|p2|Glalie, L50, M|\n|poke|p2|Sableye, L50, F|\n|poke|p2|Flamigo, L50, M|\n|poke|p2|Chansey, L50, F|\n|poke|p2|Farigiraf, L50, F|\n|poke|p2|Arcanine, L50, F|\n|teampreview|4\niStockphoto has agreed to open team sheets.\n|inactive|Battle timer is ON: inactive players will automatically lose when time's up. (requested by kawhicu lennit 25)\n|\n|t:|1683693918\n|start\n|switch|p1a: Baxcalibur|Baxcalibur, L50, F|100\/100\n|switch|p1b: Maushold|Maushold, L50|100\/100\n|switch|p2a: Arcanine|Arcanine, L50, F|100\/100\n|switch|p2b: Chansey|Chansey, L50, F|100\/100\n|-ability|p2a: Arcanine|Intimidate|boost\n|-fail|p1a: Baxcalibur|unboost|[from] item: Clear Amulet|[of] p1a: Baxcalibur\n|-unboost|p1b: Maushold|atk|1\n|turn|1\n|\n|t:|1683693934\n|move|p1b: Maushold|Taunt|p2b: Chansey\n|-start|p2b: Chansey|move: Taunt\n|move|p1a: Baxcalibur|Dragon Dance|p1a: Baxcalibur\n|-boost|p1a: Baxcalibur|atk|1\n|-boost|p1a: Baxcalibur|spe|1\n|move|p2a: Arcanine|Will-O-Wisp|p1b: Maushold\n|-status|p1b: Maushold|brn\n|cant|p2b: Chansey|move: Taunt|Thunder Wave\n|\n|-damage|p1b: Maushold|94\/100 brn|[from] brn\n|upkeep\n|turn|2\n|\n|t:|1683693955\n|switch|p2b: Sableye|Sableye, L50, F|100\/100\n|move|p1a: Baxcalibur|Dragon Dance|p1a: Baxcalibur\n|-boost|p1a: Baxcalibur|atk|1\n|-boost|p1a: Baxcalibur|spe|1\n|move|p1b: Maushold|Super Fang|p2b: Sableye\n|-immune|p2b: Sableye\n|move|p2a: Arcanine|Snarl|p1a: Baxcalibur|[spread] p1a,p1b\n|-damage|p1a: Baxcalibur|92\/100\n|-damage|p1b: Maushold|82\/100 brn\n|-unboost|p1b: Maushold|spa|1\n|\n|-damage|p1b: Maushold|76\/100 brn|[from] brn\n|upkeep\n|turn|3\n|\n|t:|1683693977\n|switch|p2a: Glalie|Glalie, L50, M|100\/100\n|move|p1b: Maushold|Protect|p1b: Maushold\n|-singleturn|p1b: Maushold|Protect\n|move|p2b: Sableye|Encore|p1a: Baxcalibur\n|-start|p1a: Baxcalibur|Encore\n|move|p1a: Baxcalibur|Dragon Dance|p1a: Baxcalibur\n|-boost|p1a: Baxcalibur|atk|1\n|-boost|p1a: Baxcalibur|spe|1\n|\n|-damage|p1b: Maushold|70\/100 brn|[from] brn\n|-ability|p2a: Glalie|Moody|boost\n|-boost|p2a: Glalie|def|2\n|-unboost|p2a: Glalie|spe|1\n|upkeep\n|turn|4\n|\n|t:|1683694000\n|move|p2b: Sableye|Encore|p1b: Maushold\n|-start|p1b: Maushold|Encore\n|move|p1a: Baxcalibur|Dragon Dance|p1a: Baxcalibur\n|-boost|p1a: Baxcalibur|atk|1\n|-boost|p1a: Baxcalibur|spe|1\n|move|p1b: Maushold|Protect||[still]\n|-fail|p1b: Maushold\n|move|p2a: Glalie|Substitute|p2a: Glalie\n|-start|p2a: Glalie|Substitute\n|-damage|p2a: Glalie|76\/100\n|\n|-heal|p2a: Glalie|82\/100|[from] item: Leftovers\n|-damage|p1b: Maushold|64\/100 brn|[from] brn\n|-ability|p2a: Glalie|Moody|boost\n|-boost|p2a: Glalie|spd|2\n|-unboost|p2a: Glalie|spe|1\n|upkeep\n|turn|5\n|\n|t:|1683694025\n|switch|p1b: Abomasnow|Abomasnow, L50, M|100\/100\n|-weather|Snow|[from] ability: Snow Warning|[of] p1b: Abomasnow\n|move|p2b: Sableye|Fake Out||[still]\n|-hint|Fake Out only works on your first turn out.\n|-fail|p2b: Sableye\n|move|p1a: Baxcalibur|Dragon Dance|p1a: Baxcalibur\n|-boost|p1a: Baxcalibur|atk|1\n|-boost|p1a: Baxcalibur|spe|1\n|move|p2a: Glalie|Freeze-Dry|p1a: Baxcalibur\n|-damage|p1a: Baxcalibur|59\/100\n|\n|-weather|Snow|[upkeep]\n|-heal|p2a: Glalie|88\/100|[from] item: Leftovers\n|-end|p1a: Baxcalibur|Encore\n|-ability|p2a: Glalie|Moody|boost\n|-boost|p2a: Glalie|spd|2\n|-unboost|p2a: Glalie|def|1\n|upkeep\n|turn|6\n|\n|t:|1683694051\n|switch|p2b: Arcanine|Arcanine, L50, F|100\/100\n|-ability|p2b: Arcanine|Intimidate|boost\n|-fail|p1a: Baxcalibur|unboost|[from] item: Clear Amulet|[of] p1a: Baxcalibur\n|-unboost|p1b: Abomasnow|atk|1\n|-terastallize|p1a: Baxcalibur|Ice\n|move|p1a: Baxcalibur|Ice Shard|p2b: Arcanine\n|-resisted|p2b: Arcanine\n|-damage|p2b: Arcanine|37\/100\n|move|p1b: Abomasnow|Aurora Veil|p1b: Abomasnow\n|-sidestart|p1: iStockphoto|move: Aurora Veil\n|move|p2a: Glalie|Freeze-Dry|p1a: Baxcalibur\n|-resisted|p1a: Baxcalibur\n|-damage|p1a: Baxcalibur|48\/100\n|\n|-weather|Snow|[upkeep]\n|-heal|p2a: Glalie|94\/100|[from] item: Leftovers\n|-ability|p2a: Glalie|Moody|boost\n|-boost|p2a: Glalie|def|2\n|-unboost|p2a: Glalie|spe|1\n|upkeep\n|turn|7\n|inactive|iStockphoto has 30 seconds left.\n|\n|t:|1683694077\n|move|p1b: Abomasnow|Protect|p1b: Abomasnow\n|-singleturn|p1b: Abomasnow|Protect\n|move|p1a: Baxcalibur|Earthquake|p2b: Arcanine|[spread] p2a,p2b\n|-activate|p1b: Abomasnow|move: Protect\n|-end|p2a: Glalie|Substitute\n|-supereffective|p2b: Arcanine\n|-damage|p2b: Arcanine|0 fnt\n|faint|p2b: Arcanine\n|move|p2a: Glalie|Earthquake|p1a: Baxcalibur|[spread] p1a\n|-activate|p1b: Abomasnow|move: Protect\n|-damage|p1a: Baxcalibur|42\/100\n|\n|-weather|Snow|[upkeep]\n|-heal|p2a: Glalie|99\/100|[from] item: Leftovers\n|-ability|p2a: Glalie|Moody|boost\n|-boost|p2a: Glalie|spe|2\n|-unboost|p2a: Glalie|spa|1\n|upkeep\n|\n|t:|1683694093\n|switch|p2b: Sableye|Sableye, L50, F|100\/100\n|turn|8\n|\n|t:|1683694109\n|switch|p1b: Maushold|Maushold, L50|64\/100 brn\n|move|p2b: Sableye|Fake Out|p1a: Baxcalibur\n|-damage|p1a: Baxcalibur|39\/100\n|cant|p1a: Baxcalibur|flinch\n|move|p2a: Glalie|Substitute|p2a: Glalie\n|-start|p2a: Glalie|Substitute\n|-damage|p2a: Glalie|75\/100\n|\n|-weather|Snow|[upkeep]\n|-heal|p2a: Glalie|81\/100|[from] item: Leftovers\n|-damage|p1b: Maushold|58\/100 brn|[from] brn\n|-ability|p2a: Glalie|Moody|boost\n|-boost|p2a: Glalie|def|2\n|-unboost|p2a: Glalie|spe|1\n|upkeep\n|turn|9\n|inactive|iStockphoto has 30 seconds left.\n|inactive|kawhicu lennit 25 has 30 seconds left.\n|\n|t:|1683694142\n|-terastallize|p2b: Sableye|Steel\n|move|p1b: Maushold|Protect|p1b: Maushold\n|-singleturn|p1b: Maushold|Protect\n|move|p2b: Sableye|Disable|p1a: Baxcalibur\n|-start|p1a: Baxcalibur|Disable|Earthquake\n|cant|p1a: Baxcalibur|Disable|Earthquake\n|move|p2a: Glalie|Freeze-Dry|p1a: Baxcalibur\n|-resisted|p1a: Baxcalibur\n|-damage|p1a: Baxcalibur|34\/100\n|\n|-weather|none\n|-heal|p2a: Glalie|87\/100|[from] item: Leftovers\n|-damage|p1b: Maushold|52\/100 brn|[from] brn\n|-ability|p2a: Glalie|Moody|boost\n|-boost|p2a: Glalie|spd|2\n|-unboost|p2a: Glalie|spa|1\n|upkeep\n|turn|10\n|inactive|iStockphoto has 30 seconds left.\n|\n|t:|1683694176\n|switch|p1b: Abomasnow|Abomasnow, L50, M|100\/100\n|-weather|Snow|[from] ability: Snow Warning|[of] p1b: Abomasnow\n|move|p2b: Sableye|Encore||[still]\n|-fail|p2b: Sableye\n|move|p1a: Baxcalibur|Icicle Crash|p2b: Sableye\n|-resisted|p2b: Sableye\n|-damage|p2b: Sableye|0 fnt\n|faint|p2b: Sableye\n|move|p2a: Glalie|Freeze-Dry|p1a: Baxcalibur\n|-resisted|p1a: Baxcalibur\n|-damage|p1a: Baxcalibur|29\/100\n|\n|-weather|Snow|[upkeep]\n|-heal|p2a: Glalie|92\/100|[from] item: Leftovers\n|-sideend|p1: iStockphoto|move: Aurora Veil\n|-ability|p2a: Glalie|Moody|boost\n|-boost|p2a: Glalie|def|1\n|-unboost|p2a: Glalie|spd|1\n|upkeep\n|\n|t:|1683694183\n|switch|p2b: Chansey|Chansey, L50, F|100\/100\n|turn|11\n|\n|t:|1683694204\n|move|p1a: Baxcalibur|Icicle Crash|p2b: Chansey\n|-damage|p2b: Chansey|0 fnt\n|faint|p2b: Chansey\n|move|p1b: Abomasnow|Aurora Veil|p1b: Abomasnow\n|-sidestart|p1: iStockphoto|move: Aurora Veil\n|move|p2a: Glalie|Earthquake|p1a: Baxcalibur|[spread] p1a,p1b\n|-resisted|p1b: Abomasnow\n|-damage|p1a: Baxcalibur|23\/100\n|-damage|p1b: Abomasnow|97\/100\n|\n|-weather|Snow|[upkeep]\n|-heal|p2a: Glalie|98\/100|[from] item: Leftovers\n|-ability|p2a: Glalie|Moody|boost\n|-boost|p2a: Glalie|atk|2\n|-unboost|p2a: Glalie|spa|1\n|upkeep\n|turn|12\n|\n|t:|1683694225\n|switch|p1b: Maushold|Maushold, L50|52\/100 brn\n|move|p1a: Baxcalibur|Icicle Crash|p2a: Glalie\n|-resisted|p2a: Glalie\n|-end|p2a: Glalie|Substitute\n|move|p2a: Glalie|Earthquake|p1b: Maushold|[spread] p1a,p1b\n|-damage|p1a: Baxcalibur|14\/100\n|-damage|p1b: Maushold|28\/100 brn\n|\n|-weather|Snow|[upkeep]\n|-heal|p2a: Glalie|100\/100|[from] item: Leftovers\n|-damage|p1b: Maushold|22\/100 brn|[from] brn\n|-end|p1a: Baxcalibur|Disable\n|-ability|p2a: Glalie|Moody|boost\n|-boost|p2a: Glalie|atk|2\n|-unboost|p2a: Glalie|spd|1\n|upkeep\n|turn|13\n|\n|t:|1683694248\n|move|p1b: Maushold|Protect|p1b: Maushold\n|-singleturn|p1b: Maushold|Protect\n|move|p2a: Glalie|Protect|p2a: Glalie\n|-singleturn|p2a: Glalie|Protect\n|move|p1a: Baxcalibur|Earthquake|p2a: Glalie|[spread] \n|-activate|p1b: Maushold|move: Protect\n|-activate|p2a: Glalie|move: Protect\n|\n|-weather|Snow|[upkeep]\n|-damage|p1b: Maushold|16\/100 brn|[from] brn\n|-ability|p2a: Glalie|Moody|boost\n|-boost|p2a: Glalie|spa|2\n|-unboost|p2a: Glalie|atk|1\n|upkeep\n|turn|14\n|\n|t:|1683694265\n|move|p1a: Baxcalibur|Icicle Crash|p2a: Glalie\n|-resisted|p2a: Glalie\n|-damage|p2a: Glalie|75\/100\n|move|p1b: Maushold|Taunt|p2a: Glalie\n|-start|p2a: Glalie|move: Taunt\n|move|p2a: Glalie|Earthquake|p1b: Maushold|[spread] p1a,p1b\n|-crit|p1a: Baxcalibur\n|-damage|p1a: Baxcalibur|0 fnt\n|-damage|p1b: Maushold|0 fnt\n|faint|p1a: Baxcalibur\n|faint|p1b: Maushold\n|\n|-weather|none\n|-heal|p2a: Glalie|81\/100|[from] item: Leftovers\n|-ability|p2a: Glalie|Moody|boost\n|-boost|p2a: Glalie|spd|2\n|-unboost|p2a: Glalie|spa|1\n|upkeep\n|\n|t:|1683694282\n|switch|p1b: Abomasnow|Abomasnow, L50, M|97\/100\n|switch|p1a: Gholdengo|Gholdengo, L50|100\/100\n|-weather|Snow|[from] ability: Snow Warning|[of] p1b: Abomasnow\n|turn|15\n|\n|t:|1683694299\n|move|p1a: Gholdengo|Nasty Plot|p1a: Gholdengo\n|-boost|p1a: Gholdengo|spa|2\n|move|p1b: Abomasnow|Blizzard|p2a: Glalie\n|-resisted|p2a: Glalie\n|-damage|p2a: Glalie|76\/100\n|move|p2a: Glalie|Earthquake|p1a: Gholdengo|[spread] p1a,p1b\n|-supereffective|p1a: Gholdengo\n|-crit|p1a: Gholdengo\n|-resisted|p1b: Abomasnow\n|-damage|p1a: Gholdengo|11\/100\n|-damage|p1b: Abomasnow|88\/100\n|-enditem|p1a: Gholdengo|Weakness Policy\n|-boost|p1a: Gholdengo|atk|2|[from] item: Weakness Policy\n|-boost|p1a: Gholdengo|spa|2|[from] item: Weakness Policy\n|\n|-weather|Snow|[upkeep]\n|-heal|p2a: Glalie|82\/100|[from] item: Leftovers\n|-sideend|p1: iStockphoto|move: Aurora Veil\n|-ability|p2a: Glalie|Moody|boost\n|-boost|p2a: Glalie|spa|2\n|-unboost|p2a: Glalie|atk|1\n|upkeep\n|turn|16\n|\n|t:|1683694318\n|move|p1a: Gholdengo|Make It Rain|p2a: Glalie\n|-supereffective|p2a: Glalie\n|-damage|p2a: Glalie|0 fnt\n|-unboost|p1a: Gholdengo|spa|1\n|faint|p2a: Glalie\n|\n|win|iStockphoto\n|raw|iStockphoto's rating: 1198 → 1225<\/strong> (+27 for winning)\n|raw|kawhicu lennit 25's rating: 1228 → 1201<\/strong> (-27 for losing)\n|c|\u2606iStockphoto|gg!\n","uploadtime":1683694333,"views":13,"p1id":"istockphoto","p2id":"kawhiculennit25","formatid":"gen9vgc2023regulationc","rating":1201,"private":0,"password":""}