{"id":"gen9vgc2023regulationc-1849017025","p1":"Codameron","p2":"zzjplaz","format":"[Gen 9] VGC 2023 Regulation C","log":"|j|\u2606Codameron\n|j|\u2606zzjplaz\n|t:|1682139576\n|gametype|doubles\n|player|p1|Codameron|2|1110\n|player|p2|zzjplaz|rosa|1114\n|teamsize|p1|6\n|teamsize|p2|6\n|gen|9\n|tier|[Gen 9] VGC 2023 Regulation C\n|rated|\n|rule|Species Clause: Limit one of each Pok\u00e9mon\n|rule|Item Clause: Limit one of each item\n|clearpoke\n|poke|p1|Bellibolt, L50, F|\n|poke|p1|Wo-Chien, L50|\n|poke|p1|Cloyster, L50, F|\n|poke|p1|Scizor, L50, M|\n|poke|p1|Foongus, L50, F|\n|poke|p1|Polteageist, L50|\n|poke|p2|Palafin, L50, F|\n|poke|p2|Chien-Pao, L50|\n|poke|p2|Dragapult, L50, F|\n|poke|p2|Amoonguss, L50, F|\n|poke|p2|Arcanine, L50, F|\n|poke|p2|Flutter Mane, L50|\n|teampreview|4\n|inactive|Battle timer is ON: inactive players will automatically lose when time's up. (requested by zzjplaz)\n|inactive|Codameron has 60 seconds left.\n|\n|t:|1682139621\n|start\n|switch|p1a: Scizor|Scizor, L50, M|100\/100\n|switch|p1b: Bellibolt|Bellibolt, L50, F, shiny|100\/100\n|switch|p2a: WoChien|Amoonguss, L50, F|100\/100\n|switch|p2b: Mimi|Flutter Mane, L50|100\/100\n|-enditem|p2b: Mimi|Booster Energy\n|-activate|p2b: Mimi|ability: Protosynthesis|[fromitem]\n|-start|p2b: Mimi|protosynthesisspa\n|turn|1\n|\n|t:|1682139640\n|-end|p2b: Mimi|Protosynthesis|[silent]\n|switch|p2b: ChiYu|Arcanine, L50, F|100\/100\n|-ability|p2b: ChiYu|Intimidate|boost\n|-unboost|p1a: Scizor|atk|1\n|-unboost|p1b: Bellibolt|atk|1\n|move|p2a: WoChien|Rage Powder|p2a: WoChien\n|-singleturn|p2a: WoChien|move: Rage Powder\n|move|p1a: Scizor|U-turn|p2a: WoChien\n|-damage|p2a: WoChien|79\/100\n|\n|t:|1682139648\n|switch|p1a: Wo-Chien|Wo-Chien, L50|100\/100|[from] U-turn\n|-ability|p1a: Wo-Chien|Tablets of Ruin\n|move|p1b: Bellibolt|Light Screen|p1b: Bellibolt\n|-sidestart|p1: Codameron|move: Light Screen\n|\n|upkeep\n|turn|2\n|\n|t:|1682139669\n|-terastallize|p1b: Bellibolt|Water\n|move|p2b: ChiYu|Protect|p2b: ChiYu\n|-singleturn|p2b: ChiYu|Protect\n|move|p1a: Wo-Chien|Leech Seed|p2b: ChiYu\n|-activate|p2b: ChiYu|move: Protect\n|move|p1b: Bellibolt|Muddy Water|p2a: WoChien|[spread] \n|-activate|p2b: ChiYu|move: Protect\n|-miss|p1b: Bellibolt|p2a: WoChien\n|move|p2a: WoChien|Spore|p1b: Bellibolt\n|-status|p1b: Bellibolt|slp|[from] move: Spore\n|\n|upkeep\n|turn|3\n|\n|t:|1682139693\n|move|p2b: ChiYu|Flare Blitz|p1a: Wo-Chien\n|-supereffective|p1a: Wo-Chien\n|-damage|p1a: Wo-Chien|41\/100\n|-damage|p2b: ChiYu|81\/100|[from] Recoil\n|move|p1a: Wo-Chien|Leech Seed|p2b: ChiYu\n|-start|p2b: ChiYu|move: Leech Seed\n|cant|p1b: Bellibolt|slp\n|move|p2a: WoChien|Pollen Puff|p1a: Wo-Chien\n|-supereffective|p1a: Wo-Chien\n|-damage|p1a: Wo-Chien|14\/100\n|\n|-heal|p1a: Wo-Chien|20\/100|[from] item: Leftovers\n|-damage|p2b: ChiYu|69\/100|[from] Leech Seed|[of] p1a: Wo-Chien\n|-heal|p1a: Wo-Chien|32\/100|[silent]\n|upkeep\n|turn|4\n|inactive|zzjplaz has 30 seconds left.\n|\n|t:|1682139718\n|switch|p2a: Bundle|Chien-Pao, L50|100\/100\n|-ability|p2a: Bundle|Sword of Ruin\n|move|p1a: Wo-Chien|Protect|p1a: Wo-Chien\n|-singleturn|p1a: Wo-Chien|Protect\n|move|p2b: ChiYu|Flare Blitz|p1a: Wo-Chien\n|-activate|p1a: Wo-Chien|move: Protect\n|cant|p1b: Bellibolt|slp\n|\n|-heal|p1a: Wo-Chien|39\/100|[from] item: Leftovers\n|-damage|p2b: ChiYu|56\/100|[from] Leech Seed|[of] p1a: Wo-Chien\n|-heal|p1a: Wo-Chien|51\/100|[silent]\n|upkeep\n|turn|5\n|inactive|Codameron has 30 seconds left.\n|inactive|zzjplaz has 30 seconds left.\n|\n|t:|1682139748\n|switch|p2b: WoChien|Amoonguss, L50, F|100\/100\n|switch|p1a: Polteageist|Polteageist, L50|100\/100\n|move|p2a: Bundle|Ice Spinner|p1a: Polteageist\n|-crit|p1a: Polteageist\n|-damage|p1a: Polteageist|0 fnt\n|-start|p2a: Bundle|Disable|Ice Spinner|[from] ability: Cursed Body|[of] p1a: Polteageist\n|faint|p1a: Polteageist\n|-curestatus|p1b: Bellibolt|slp|[msg]\n|move|p1b: Bellibolt|Muddy Water|p2b: WoChien|[spread] p2a,p2b\n|-resisted|p2b: WoChien\n|-damage|p2a: Bundle|47\/100\n|-damage|p2b: WoChien|88\/100\n|\n|upkeep\n|\n|t:|1682139765\n|switch|p1a: Scizor|Scizor, L50, M|100\/100\n|turn|6\n|\n|t:|1682139775\n|move|p2a: Bundle|Protect|p2a: Bundle\n|-singleturn|p2a: Bundle|Protect\n|move|p1a: Scizor|Bullet Punch|p2a: Bundle\n|-activate|p2a: Bundle|move: Protect\n|move|p1b: Bellibolt|Reflect|p1b: Bellibolt\n|-sidestart|p1: Codameron|Reflect\n|move|p2b: WoChien|Spore|p1a: Scizor\n|-status|p1a: Scizor|slp|[from] move: Spore\n|\n|upkeep\n|turn|7\n|\n|t:|1682139793\n|switch|p2a: ChiYu|Arcanine, L50, F|56\/100\n|-ability|p2a: ChiYu|Intimidate|boost\n|-unboost|p1a: Scizor|atk|1\n|-unboost|p1b: Bellibolt|atk|1\n|cant|p1a: Scizor|slp\n|move|p1b: Bellibolt|Muddy Water|p2b: WoChien|[spread] p2a,p2b\n|-supereffective|p2a: ChiYu\n|-resisted|p2b: WoChien\n|-damage|p2a: ChiYu|0 fnt\n|-damage|p2b: WoChien|74\/100\n|faint|p2a: ChiYu\n|move|p2b: WoChien|Pollen Puff|p2: ChiYu|[notarget]\n|-fail|p2b: WoChien\n|\n|upkeep\n|\n|t:|1682139805\n|switch|p2a: Mimi|Flutter Mane, L50|100\/100\n|turn|8\n|\n|t:|1682139815\n|-terastallize|p2a: Mimi|Fairy\n|cant|p1a: Scizor|slp\n|move|p2a: Mimi|Dazzling Gleam|p1a: Scizor|[spread] p1a,p1b\n|-resisted|p1a: Scizor\n|-damage|p1a: Scizor|90\/100 slp\n|-damage|p1b: Bellibolt|74\/100\n|-start|p1b: Bellibolt|Charge|Dazzling Gleam|[from] ability: Electromorphosis\n|move|p1b: Bellibolt|Muddy Water|p2a: Mimi|[spread] p2a,p2b\n|-resisted|p2b: WoChien\n|-damage|p2a: Mimi|69\/100\n|-damage|p2b: WoChien|61\/100\n|-unboost|p2a: Mimi|accuracy|1\n|-unboost|p2b: WoChien|accuracy|1\n|move|p2b: WoChien|Spore|p1b: Bellibolt\n|-status|p1b: Bellibolt|slp|[from] move: Spore\n|\n|-sideend|p1: Codameron|move: Light Screen\n|upkeep\n|turn|9\n|\n|t:|1682139834\n|switch|p2b: Bundle|Chien-Pao, L50|47\/100\n|-ability|p2b: Bundle|Sword of Ruin\n|cant|p1a: Scizor|slp\n|move|p2a: Mimi|Dazzling Gleam|p1b: Bellibolt|[spread] p1a,p1b\n|-resisted|p1a: Scizor\n|-damage|p1a: Scizor|74\/100 slp\n|-damage|p1b: Bellibolt|33\/100 slp\n|-start|p1b: Bellibolt|Charge|Dazzling Gleam|[from] ability: Electromorphosis\n|cant|p1b: Bellibolt|slp\n|\n|upkeep\n|turn|10\n|\n|t:|1682139851\n|-end|p2a: Mimi|Protosynthesis|[silent]\n|switch|p2a: WoChien|Amoonguss, L50, F|95\/100\n|move|p2b: Bundle|Protect|p2b: Bundle\n|-singleturn|p2b: Bundle|Protect\n|-curestatus|p1a: Scizor|slp|[msg]\n|move|p1a: Scizor|Bullet Punch|p2a: WoChien\n|-damage|p2a: WoChien|70\/100\n|-curestatus|p1b: Bellibolt|slp|[msg]\n|move|p1b: Bellibolt|Thunderbolt|p2b: Bundle\n|-activate|p2b: Bundle|move: Protect\n|-end|p1b: Bellibolt|Charge|[silent]\n|\n|upkeep\n|turn|11\n|\n|t:|1682139876\n|move|p2a: WoChien|Rage Powder|p2a: WoChien\n|-singleturn|p2a: WoChien|move: Rage Powder\n|move|p2b: Bundle|Sacred Sword|p1a: Scizor\n|-damage|p1a: Scizor|47\/100\n|move|p1a: Scizor|U-turn|p2a: WoChien\n|-damage|p2a: WoChien|37\/100\n|-enditem|p2a: WoChien|Sitrus Berry|[eat]\n|-heal|p2a: WoChien|62\/100|[from] item: Sitrus Berry\n|\n|t:|1682139884\n|switch|p1a: Wo-Chien|Wo-Chien, L50|51\/100|[from] U-turn\n|-ability|p1a: Wo-Chien|Tablets of Ruin\n|move|p1b: Bellibolt|Muddy Water|p2a: WoChien|[spread] p2a,p2b\n|-resisted|p2a: WoChien\n|-damage|p2a: WoChien|47\/100\n|-damage|p2b: Bundle|0 fnt\n|-unboost|p2a: WoChien|accuracy|1\n|faint|p2b: Bundle\n|\n|-heal|p1a: Wo-Chien|57\/100|[from] item: Leftovers\n|upkeep\n|\n|t:|1682139892\n|switch|p2b: Mimi|Flutter Mane, L50, tera:Fairy|69\/100\n|turn|12\n|\n|t:|1682139902\n|move|p1a: Wo-Chien|Protect|p1a: Wo-Chien\n|-singleturn|p1a: Wo-Chien|Protect\n|move|p2b: Mimi|Dazzling Gleam|p1b: Bellibolt|[spread] p1b\n|-activate|p1a: Wo-Chien|move: Protect\n|-damage|p1b: Bellibolt|0 fnt\n|faint|p1b: Bellibolt\n|move|p2a: WoChien|Pollen Puff|p2b: Mimi\n|-heal|p2b: Mimi|100\/100\n|\n|-heal|p1a: Wo-Chien|64\/100|[from] item: Leftovers\n|upkeep\n|\n|t:|1682139914\n|switch|p1b: Scizor|Scizor, L50, M|47\/100\n|turn|13\n|inactive|Codameron has 30 seconds left.\n|\n|t:|1682139941\n|move|p2a: WoChien|Rage Powder|p2a: WoChien\n|-singleturn|p2a: WoChien|move: Rage Powder\n|move|p2b: Mimi|Shadow Ball|p1b: Scizor\n|-damage|p1b: Scizor|15\/100\n|move|p1a: Wo-Chien|Snarl|p2a: WoChien|[spread] p2a,p2b\n|-resisted|p2b: Mimi\n|-damage|p2a: WoChien|36\/100\n|-damage|p2b: Mimi|94\/100\n|-unboost|p2a: WoChien|spa|1\n|-unboost|p2b: Mimi|spa|1\n|move|p1b: Scizor|Pounce|p2a: WoChien\n|-damage|p2a: WoChien|10\/100\n|-unboost|p2a: WoChien|spe|1\n|\n|-heal|p1a: Wo-Chien|70\/100|[from] item: Leftovers\n|-sideend|p1: Codameron|Reflect\n|upkeep\n|turn|14\n|\n|t:|1682139962\n|move|p2a: WoChien|Rage Powder|p2a: WoChien\n|-singleturn|p2a: WoChien|move: Rage Powder\n|move|p1b: Scizor|Bullet Punch|p2a: WoChien\n|-damage|p2a: WoChien|0 fnt\n|faint|p2a: WoChien\n|move|p2b: Mimi|Shadow Ball|p1b: Scizor\n|-damage|p1b: Scizor|0 fnt\n|faint|p1b: Scizor\n|move|p1a: Wo-Chien|Leech Seed|p2b: Mimi\n|-start|p2b: Mimi|move: Leech Seed\n|\n|-heal|p1a: Wo-Chien|76\/100|[from] item: Leftovers\n|-damage|p2b: Mimi|82\/100|[from] Leech Seed|[of] p1a: Wo-Chien\n|-heal|p1a: Wo-Chien|85\/100|[silent]\n|upkeep\n|turn|15\n|\n|t:|1682139977\n|move|p1a: Wo-Chien|Protect|p1a: Wo-Chien\n|-singleturn|p1a: Wo-Chien|Protect\n|move|p2b: Mimi|Moonblast|p1a: Wo-Chien\n|-activate|p1a: Wo-Chien|move: Protect\n|\n|-heal|p1a: Wo-Chien|91\/100|[from] item: Leftovers\n|-damage|p2b: Mimi|70\/100|[from] Leech Seed|[of] p1a: Wo-Chien\n|-heal|p1a: Wo-Chien|99\/100|[silent]\n|upkeep\n|turn|16\n|\n|t:|1682139986\n|move|p2b: Mimi|Moonblast|p1a: Wo-Chien\n|-supereffective|p1a: Wo-Chien\n|-damage|p1a: Wo-Chien|52\/100\n|move|p1a: Wo-Chien|Snarl|p2b: Mimi\n|-resisted|p2b: Mimi\n|-damage|p2b: Mimi|62\/100\n|-unboost|p2b: Mimi|spa|1\n|\n|-heal|p1a: Wo-Chien|58\/100|[from] item: Leftovers\n|-damage|p2b: Mimi|50\/100|[from] Leech Seed|[of] p1a: Wo-Chien\n|-heal|p1a: Wo-Chien|67\/100|[silent]\n|upkeep\n|turn|17\n|\n|t:|1682139998\n|move|p1a: Wo-Chien|Protect|p1a: Wo-Chien\n|-singleturn|p1a: Wo-Chien|Protect\n|move|p2b: Mimi|Moonblast|p1a: Wo-Chien\n|-activate|p1a: Wo-Chien|move: Protect\n|\n|-heal|p1a: Wo-Chien|73\/100|[from] item: Leftovers\n|-damage|p2b: Mimi|38\/100|[from] Leech Seed|[of] p1a: Wo-Chien\n|-heal|p1a: Wo-Chien|82\/100|[silent]\n|upkeep\n|turn|18\n|\n|t:|1682140008\n|move|p2b: Mimi|Moonblast|p1a: Wo-Chien\n|-supereffective|p1a: Wo-Chien\n|-damage|p1a: Wo-Chien|47\/100\n|-unboost|p1a: Wo-Chien|spa|1\n|move|p1a: Wo-Chien|Snarl|p2b: Mimi\n|-resisted|p2b: Mimi\n|-damage|p2b: Mimi|32\/100\n|-unboost|p2b: Mimi|spa|1\n|\n|-heal|p1a: Wo-Chien|53\/100|[from] item: Leftovers\n|-damage|p2b: Mimi|20\/100|[from] Leech Seed|[of] p1a: Wo-Chien\n|-heal|p1a: Wo-Chien|62\/100|[silent]\n|upkeep\n|turn|19\n|\n|t:|1682140022\n|move|p1a: Wo-Chien|Protect|p1a: Wo-Chien\n|-singleturn|p1a: Wo-Chien|Protect\n|move|p2b: Mimi|Moonblast|p1a: Wo-Chien\n|-activate|p1a: Wo-Chien|move: Protect\n|\n|-heal|p1a: Wo-Chien|68\/100|[from] item: Leftovers\n|-damage|p2b: Mimi|8\/100|[from] Leech Seed|[of] p1a: Wo-Chien\n|-heal|p1a: Wo-Chien|77\/100|[silent]\n|upkeep\n|turn|20\n|\n|t:|1682140033\n|move|p1a: Wo-Chien|Protect||[still]\n|-fail|p1a: Wo-Chien\n|move|p2b: Mimi|Moonblast|p1a: Wo-Chien\n|-supereffective|p1a: Wo-Chien\n|-damage|p1a: Wo-Chien|48\/100\n|-unboost|p1a: Wo-Chien|spa|1\n|\n|-heal|p1a: Wo-Chien|54\/100|[from] item: Leftovers\n|-damage|p2b: Mimi|0 fnt|[from] Leech Seed|[of] p1a: Wo-Chien\n|-heal|p1a: Wo-Chien|60\/100|[silent]\n|faint|p2b: Mimi\n|-end|p2b: Mimi|Protosynthesis|[silent]\n|\n|win|Codameron\n|upkeep\n|raw|Codameron's rating: 1110 → 1135<\/strong> (+25 for winning)\n|raw|zzjplaz's rating: 1114 → 1089<\/strong> (-25 for losing)\n|c|\u2606Codameron|gg\n","uploadtime":1682140049,"views":13,"p1id":"codameron","p2id":"zzjplaz","formatid":"gen9vgc2023regulationc","rating":1089,"private":0,"password":""}