{"id":"gen9vgc2023regulationc-1857464188","p1":"StantlerGOAT","p2":"A_TerroneVGC","format":"[Gen 9] VGC 2023 Regulation C","log":"|j|\u2606StantlerGOAT\n|j|\u2606A_TerroneVGC\n|t:|1683197243\n|gametype|doubles\n|player|p1|StantlerGOAT|265|1127\n|player|p2|A_TerroneVGC|170|1236\n|teamsize|p1|6\n|teamsize|p2|6\n|gen|9\n|tier|[Gen 9] VGC 2023 Regulation C\n|rated|\n|rule|Species Clause: Limit one of each Pok\u00e9mon\n|rule|Item Clause: Limit one of each item\n|clearpoke\n|poke|p1|Ting-Lu, L50|\n|poke|p1|Slowbro, L50, M|\n|poke|p1|Iron Hands, L50|\n|poke|p1|Bronzong, L50|\n|poke|p1|Clawitzer, L50, M|\n|poke|p1|Torkoal, L50, M|\n|poke|p2|Chi-Yu, L50|\n|poke|p2|Flutter Mane, L50|\n|poke|p2|Great Tusk, L50|\n|poke|p2|Iron Bundle, L50|\n|poke|p2|Kingambit, L50, M|\n|poke|p2|Talonflame, L50, M|\n|teampreview|4\n|l|\u2606A_TerroneVGC\n|player|p2|\n|j|\u2606A_TerroneVGC\n|player|p2|A_TerroneVGC|170\n|\n|t:|1683197297\n|start\n|switch|p1a: Ting-Lu|Ting-Lu, L50|100\/100\n|switch|p1b: Slowbro|Slowbro, L50, M|100\/100\n|switch|p2a: Chi-Yu|Chi-Yu, L50|100\/100\n|switch|p2b: Flutter Mane|Flutter Mane, L50|100\/100\n|-ability|p2a: Chi-Yu|Beads of Ruin\n|-ability|p1a: Ting-Lu|Vessel of Ruin\n|turn|1\n|inactive|Battle timer is ON: inactive players will automatically lose when time's up. (requested by StantlerGOAT)\n|\n|t:|1683197314\n|-end|p2b: Flutter Mane|Protosynthesis|[silent]\n|switch|p2b: Kingambit|Kingambit, L50, M|100\/100\n|-terastallize|p1b: Slowbro|Grass\n|move|p1a: Ting-Lu|Protect|p1a: Ting-Lu\n|-singleturn|p1a: Ting-Lu|Protect\n|move|p2a: Chi-Yu|Dark Pulse|p1b: Slowbro\n|-damage|p1b: Slowbro|66\/100\n|move|p1b: Slowbro|Trick Room|p1b: Slowbro\n|-fieldstart|move: Trick Room|[of] p1b: Slowbro\n|\n|upkeep\n|turn|2\n|\n|t:|1683197336\n|-terastallize|p2b: Kingambit|Flying\n|move|p2a: Chi-Yu|Protect|p2a: Chi-Yu\n|-singleturn|p2a: Chi-Yu|Protect\n|move|p1b: Slowbro|Surf|p2b: Kingambit|[spread] p1a,p2b\n|-activate|p2a: Chi-Yu|move: Protect\n|-supereffective|p1a: Ting-Lu\n|-damage|p1a: Ting-Lu|69\/100\n|-damage|p2b: Kingambit|86\/100\n|-enditem|p1a: Ting-Lu|Weakness Policy\n|-boost|p1a: Ting-Lu|atk|2|[from] item: Weakness Policy\n|-boost|p1a: Ting-Lu|spa|2|[from] item: Weakness Policy\n|move|p1a: Ting-Lu|Earthquake|p2a: Chi-Yu|[spread] p1b\n|-activate|p2a: Chi-Yu|move: Protect\n|-immune|p2b: Kingambit\n|-resisted|p1b: Slowbro\n|-damage|p1b: Slowbro|35\/100\n|move|p2b: Kingambit|Tera Blast|p1b: Slowbro\n|-supereffective|p1b: Slowbro\n|-damage|p1b: Slowbro|0 fnt\n|faint|p1b: Slowbro\n|\n|upkeep\n|\n|t:|1683197350\n|switch|p1b: Clawitzer|Clawitzer, L50, M|100\/100\n|turn|3\n|inactive|A_TerroneVGC has 30 seconds left.\n|\n|t:|1683197378\n|move|p2b: Kingambit|Sucker Punch|p1b: Clawitzer\n|-damage|p1b: Clawitzer|55\/100\n|move|p1a: Ting-Lu|Rock Slide|p2b: Kingambit|[spread] p2a,p2b\n|-supereffective|p2a: Chi-Yu\n|-supereffective|p2b: Kingambit\n|-enditem|p2a: Chi-Yu|Focus Sash\n|-damage|p2a: Chi-Yu|1\/100\n|-damage|p2b: Kingambit|33\/100\n|move|p1b: Clawitzer|Water Pulse|p2a: Chi-Yu\n|-supereffective|p2a: Chi-Yu\n|-damage|p2a: Chi-Yu|0 fnt\n|faint|p2a: Chi-Yu\n|-damage|p1b: Clawitzer|45\/100|[from] item: Life Orb\n|\n|upkeep\n|\n|t:|1683197394\n|switch|p2a: Great Tusk|Great Tusk, L50|100\/100\n|turn|4\n|\n|t:|1683197408\n|move|p1b: Clawitzer|Protect|p1b: Clawitzer\n|-singleturn|p1b: Clawitzer|Protect\n|move|p2a: Great Tusk|Protect|p2a: Great Tusk\n|-singleturn|p2a: Great Tusk|Protect\n|move|p2b: Kingambit|Sucker Punch||[still]\n|-fail|p2b: Kingambit\n|move|p1a: Ting-Lu|Rock Slide|p2a: Great Tusk|[spread] p2b\n|-activate|p2a: Great Tusk|move: Protect\n|-supereffective|p2b: Kingambit\n|-damage|p2b: Kingambit|0 fnt\n|faint|p2b: Kingambit\n|\n|upkeep\n|\n|t:|1683197418\n|switch|p2b: Flutter Mane|Flutter Mane, L50|100\/100\n|turn|5\n|\n|t:|1683197429\n|move|p1a: Ting-Lu|Heavy Slam|p2b: Flutter Mane\n|-supereffective|p2b: Flutter Mane\n|-damage|p2b: Flutter Mane|0 fnt\n|faint|p2b: Flutter Mane\n|-end|p2b: Flutter Mane|Protosynthesis|[silent]\n|move|p1b: Clawitzer|Water Pulse|p2a: Great Tusk\n|-supereffective|p2a: Great Tusk\n|-damage|p2a: Great Tusk|0 fnt\n|faint|p2a: Great Tusk\n|-end|p2a: Great Tusk|Protosynthesis|[silent]\n|-damage|p1b: Clawitzer|36\/100|[from] item: Life Orb\n|\n|win|StantlerGOAT\n|raw|StantlerGOAT's rating: 1127 → 1160<\/strong> (+33 for winning)\n|raw|A_TerroneVGC's rating: 1236 → 1203<\/strong> (-33 for losing)\n|l|\u2606A_TerroneVGC\n","uploadtime":1683197442,"views":14,"p1id":"stantlergoat","p2id":"aterronevgc","formatid":"gen9vgc2023regulationc","rating":1160,"private":0,"password":""}