{"id":"gen9vgc2023regulationc-1852316486","p1":"DuelLuna","p2":"MightyMudsdale","format":"[Gen 9] VGC 2023 Regulation C","log":"|j|\u2606DuelLuna\n|j|\u2606MightyMudsdale\n|t:|1682543250\n|gametype|doubles\n|player|p1|DuelLuna|caitlin|\n|player|p2|MightyMudsdale|nessa-masters|\n|teamsize|p1|6\n|teamsize|p2|6\n|gen|9\n|tier|[Gen 9] VGC 2023 Regulation C\n|rule|Species Clause: Limit one of each Pok\u00e9mon\n|rule|Item Clause: Limit one of each item\n|clearpoke\n|poke|p1|Gholdengo, L50|\n|poke|p1|Maushold, L50|\n|poke|p1|Iron Bundle, L50|\n|poke|p1|Garchomp, L50, M|\n|poke|p1|Talonflame, L50, F|\n|poke|p1|Iron Hands, L50|\n|poke|p2|Flutter Mane, L50|\n|poke|p2|Gastrodon-East, L50, M|\n|poke|p2|Maushold, L50|\n|poke|p2|Annihilape, L50, M|\n|poke|p2|Ting-Lu, L50|\n|poke|p2|Talonflame, L50, F|\n|teampreview|4\nDuelLuna has agreed to open team sheets.\nMightyMudsdale has agreed to open team sheets.\n|c|\u2606DuelLuna|Hf\n|c|\u2606MightyMudsdale|gl hf\n|\n|t:|1682543279\n|start\n|switch|p1a: Gold OS|Gholdengo, L50|100\/100\n|switch|p1b: Critical mauss|Maushold, L50|100\/100\n|switch|p2a: Hairspray|Flutter Mane, L50|100\/100\n|switch|p2b: Dante|Annihilape, L50, M|100\/100\n|-enditem|p2a: Hairspray|Booster Energy\n|-activate|p2a: Hairspray|ability: Protosynthesis|[fromitem]\n|-start|p2a: Hairspray|protosynthesisspa\n|turn|1\n|\n|t:|1682543297\n|-terastallize|p2a: Hairspray|Fairy\n|move|p1b: Critical mauss|Follow Me|p1b: Critical mauss\n|-singleturn|p1b: Critical mauss|move: Follow Me\n|move|p2a: Hairspray|Moonblast|p1b: Critical mauss\n|-damage|p1b: Critical mauss|17\/100\n|move|p1a: Gold OS|Nasty Plot|p1a: Gold OS\n|-boost|p1a: Gold OS|spa|2\n|move|p2b: Dante|Bulk Up|p2b: Dante\n|-boost|p2b: Dante|atk|1\n|-boost|p2b: Dante|def|1\n|\n|upkeep\n|turn|2\n|\n|t:|1682543319\n|move|p1b: Critical mauss|Follow Me|p1b: Critical mauss\n|-singleturn|p1b: Critical mauss|move: Follow Me\n|move|p2a: Hairspray|Dazzling Gleam|p1b: Critical mauss|[spread] p1a,p1b\n|-resisted|p1a: Gold OS\n|-damage|p1a: Gold OS|81\/100\n|-damage|p1b: Critical mauss|0 fnt\n|faint|p1b: Critical mauss\n|move|p1a: Gold OS|Make It Rain|p2b: Dante|[spread] p2a,p2b\n|-supereffective|p2a: Hairspray\n|-damage|p2a: Hairspray|0 fnt\n|-damage|p2b: Dante|19\/100\n|-unboost|p1a: Gold OS|spa|1\n|-enditem|p2b: Dante|Sitrus Berry|[eat]\n|-heal|p2b: Dante|43\/100|[from] item: Sitrus Berry\n|faint|p2a: Hairspray\n|-end|p2a: Hairspray|Protosynthesis|[silent]\n|move|p2b: Dante|Rage Fist|p1a: Gold OS\n|-supereffective|p1a: Gold OS\n|-damage|p1a: Gold OS|0 fnt\n|faint|p1a: Gold OS\n|\n|upkeep\n|\n|t:|1682543332\n|switch|p2a: Aroostook|Ting-Lu, L50|100\/100\n|switch|p1b: Bolt the birb|Talonflame, L50, F|100\/100\n|switch|p1a: Ordinance|Iron Bundle, L50|100\/100\n|-ability|p2a: Aroostook|Vessel of Ruin\n|-enditem|p1a: Ordinance|Booster Energy\n|-activate|p1a: Ordinance|ability: Quark Drive|[fromitem]\n|-start|p1a: Ordinance|quarkdrivespe\n|turn|3\n|\n|t:|1682543347\n|switch|p2b: Squishy|Gastrodon-East, L50, M|100\/100\n|move|p1a: Ordinance|Freeze-Dry|p2a: Aroostook\n|-supereffective|p2a: Aroostook\n|-damage|p2a: Aroostook|71\/100\n|move|p1b: Bolt the birb|Will-O-Wisp|p2a: Aroostook|[miss]\n|-miss|p1b: Bolt the birb|p2a: Aroostook\n|move|p2a: Aroostook|Snarl|p1b: Bolt the birb|[spread] \n|-miss|p2a: Aroostook|p1a: Ordinance\n|-miss|p2a: Aroostook|p1b: Bolt the birb\n|\n|upkeep\n|turn|4\n|\n|t:|1682543387\n|move|p1a: Ordinance|Protect|p1a: Ordinance\n|-singleturn|p1a: Ordinance|Protect\n|move|p1b: Bolt the birb|Taunt|p2b: Squishy\n|-start|p2b: Squishy|move: Taunt\n|move|p2b: Squishy|Earth Power|p1a: Ordinance\n|-activate|p1a: Ordinance|move: Protect\n|move|p2a: Aroostook|Stomping Tantrum|p1a: Ordinance\n|-activate|p1a: Ordinance|move: Protect\n|\n|upkeep\n|turn|5\n|\n|t:|1682543399\n|move|p1a: Ordinance|Freeze-Dry|p2b: Squishy\n|-supereffective|p2b: Squishy\n|-damage|p2b: Squishy|2\/100\n|move|p1b: Bolt the birb|Will-O-Wisp|p2a: Aroostook|[miss]\n|-miss|p1b: Bolt the birb|p2a: Aroostook\n|move|p2b: Squishy|Earth Power|p1a: Ordinance\n|-damage|p1a: Ordinance|59\/100\n|move|p2a: Aroostook|Snarl|p1b: Bolt the birb|[spread] p1a,p1b\n|-damage|p1a: Ordinance|41\/100\n|-damage|p1b: Bolt the birb|86\/100\n|-unboost|p1a: Ordinance|spa|1\n|\n|upkeep\n|turn|6\n|c|\u2606DuelLuna|My tflame is blind today\n|\n|t:|1682543426\n|move|p1a: Ordinance|Freeze-Dry|p2b: Squishy\n|-supereffective|p2b: Squishy\n|-damage|p2b: Squishy|0 fnt\n|faint|p2b: Squishy\n|move|p1b: Bolt the birb|Will-O-Wisp|p2a: Aroostook\n|-status|p2a: Aroostook|brn\n|move|p2a: Aroostook|Snarl|p1a: Ordinance|[spread] p1a,p1b\n|-damage|p1a: Ordinance|22\/100\n|-damage|p1b: Bolt the birb|71\/100\n|-unboost|p1a: Ordinance|spa|1\n|\n|-damage|p2a: Aroostook|65\/100 brn|[from] brn\n|upkeep\n|c|\u2606MightyMudsdale|I'd say \"I see that\" but the bird sure dont\n|\n|t:|1682543436\n|switch|p2b: Dante|Annihilape, L50, M|43\/100\n|turn|7\n|\n|t:|1682543443\n|move|p2b: Dante|Protect|p2b: Dante\n|-singleturn|p2b: Dante|Protect\n|move|p1a: Ordinance|Hydro Pump|p2a: Aroostook\n|-supereffective|p2a: Aroostook\n|-damage|p2a: Aroostook|43\/100 brn\n|move|p1b: Bolt the birb|Brave Bird|p2b: Dante\n|-activate|p2b: Dante|move: Protect\n|move|p2a: Aroostook|Snarl|p1b: Bolt the birb|[spread] p1a,p1b\n|-damage|p1a: Ordinance|4\/100\n|-damage|p1b: Bolt the birb|58\/100\n|-unboost|p1a: Ordinance|spa|1\n|\n|-damage|p2a: Aroostook|37\/100 brn|[from] brn\n|upkeep\n|turn|8\n|c|\u2606DuelLuna|True lmao\n|\n|t:|1682543461\n|move|p1a: Ordinance|Hydro Pump|p2a: Aroostook\n|-supereffective|p2a: Aroostook\n|-damage|p2a: Aroostook|17\/100 brn\n|move|p1b: Bolt the birb|Brave Bird|p2b: Dante\n|-supereffective|p2b: Dante\n|-damage|p2b: Dante|0 fnt\n|faint|p2b: Dante\n|-damage|p1b: Bolt the birb|40\/100|[from] Recoil\n|move|p2a: Aroostook|Snarl|p1a: Ordinance|[spread] p1a,p1b\n|-damage|p1a: Ordinance|0 fnt\n|-damage|p1b: Bolt the birb|26\/100\n|faint|p1a: Ordinance\n|-end|p1a: Ordinance|Quark Drive|[silent]\n|\n|-damage|p2a: Aroostook|10\/100 brn|[from] brn\n|upkeep\n|turn|9\n|c|\u2606MightyMudsdale|gg g2\n|\n|t:|1682543474\n|move|p1b: Bolt the birb|Brave Bird|p2a: Aroostook\n|-damage|p2a: Aroostook|0 fnt\n|faint|p2a: Aroostook\n|-damage|p1b: Bolt the birb|20\/100|[from] Recoil\n|\n|win|DuelLuna\n|c|\u2606DuelLuna|Gg\n","uploadtime":1682543481,"views":80,"p1id":"duelluna","p2id":"mightymudsdale","formatid":"gen9vgc2023regulationc","rating":0,"private":0,"password":""}