{"id":"gen9vgc2023regulationc-1860221927","p1":"ngocang","p2":"SweetSerenityGrace","format":"[Gen 9] VGC 2023 Regulation C","log":"|j|\u2606ngocang\n|j|\u2606SweetSerenityGrace\n|t:|1683612939\n|gametype|doubles\n|player|p1|ngocang|hilda-wonderlauncher|1233\n|player|p2|SweetSerenityGrace|iris-gen5bw2|1196\n|teamsize|p1|6\n|teamsize|p2|6\n|gen|9\n|tier|[Gen 9] VGC 2023 Regulation C\n|rated|\n|rule|Species Clause: Limit one of each Pok\u00e9mon\n|rule|Item Clause: Limit one of each item\n|clearpoke\n|poke|p1|Murkrow, L50, F|\n|poke|p1|Corviknight, L50, M|\n|poke|p1|Flutter Mane, L50|\n|poke|p1|Great Tusk, L50|\n|poke|p1|Brute Bonnet, L50|\n|poke|p1|Chi-Yu, L50|\n|poke|p2|Flutter Mane, L50|\n|poke|p2|Chi-Yu, L50|\n|poke|p2|Palafin, L50, F|\n|poke|p2|Dragonite, L50, F|\n|poke|p2|Iron Hands, L50|\n|poke|p2|Amoonguss, L50, F|\n|teampreview|4\n|\n|t:|1683612962\n|start\n|switch|p1a: Flutter Mane|Flutter Mane, L50|100\/100\n|switch|p1b: Brute Bonnet|Brute Bonnet, L50|100\/100\n|switch|p2a: Big Missy|Flutter Mane, L50|100\/100\n|switch|p2b: Chi-Yu|Chi-Yu, L50|100\/100\n|-ability|p2b: Chi-Yu|Beads of Ruin\n|-enditem|p2a: Big Missy|Booster Energy\n|-activate|p2a: Big Missy|ability: Protosynthesis|[fromitem]\n|-start|p2a: Big Missy|protosynthesisspe\n|turn|1\n|\n|t:|1683612984\n|-terastallize|p1b: Brute Bonnet|Fire\n|move|p2a: Big Missy|Protect|p2a: Big Missy\n|-singleturn|p2a: Big Missy|Protect\n|move|p1b: Brute Bonnet|Rage Powder|p1b: Brute Bonnet\n|-singleturn|p1b: Brute Bonnet|move: Rage Powder\n|move|p1a: Flutter Mane|Dazzling Gleam|p2a: Big Missy|[spread] p2b\n|-activate|p2a: Big Missy|move: Protect\n|-damage|p2b: Chi-Yu|65\/100\n|move|p2b: Chi-Yu|Heat Wave|p1a: Flutter Mane|[spread] p1a,p1b\n|-resisted|p1b: Brute Bonnet\n|-damage|p1a: Flutter Mane|57\/100\n|-damage|p1b: Brute Bonnet|78\/100\n|\n|-heal|p2b: Chi-Yu|71\/100|[from] item: Leftovers\n|upkeep\n|turn|2\n|\n|t:|1683613029\n|-end|p1a: Flutter Mane|Protosynthesis|[silent]\n|switch|p1a: Corviknight|Corviknight, L50, M, shiny|100\/100\n|move|p1b: Brute Bonnet|Sucker Punch|p2b: Chi-Yu\n|-resisted|p2b: Chi-Yu\n|-damage|p2b: Chi-Yu|43\/100\n|move|p2a: Big Missy|Shadow Ball|p1a: Corviknight\n|-damage|p1a: Corviknight|41\/100\n|move|p2b: Chi-Yu|Dark Pulse|p1b: Brute Bonnet\n|-damage|p1b: Brute Bonnet|34\/100\n|\n|-heal|p2b: Chi-Yu|49\/100|[from] item: Leftovers\n|upkeep\n|turn|3\n|\n|t:|1683613055\n|move|p1b: Brute Bonnet|Rage Powder|p1b: Brute Bonnet\n|-singleturn|p1b: Brute Bonnet|move: Rage Powder\n|move|p2a: Big Missy|Shadow Ball|p1b: Brute Bonnet\n|-damage|p1b: Brute Bonnet|0 fnt\n|faint|p1b: Brute Bonnet\n|-end|p1b: Brute Bonnet|Protosynthesis|[silent]\n|move|p2b: Chi-Yu|Heat Wave|p1a: Corviknight\n|-supereffective|p1a: Corviknight\n|-damage|p1a: Corviknight|0 fnt\n|faint|p1a: Corviknight\n|\n|-heal|p2b: Chi-Yu|55\/100|[from] item: Leftovers\n|upkeep\n|\n|t:|1683613066\n|switch|p1a: Flutter Mane|Flutter Mane, L50|57\/100\n|switch|p1b: Chi-Yu|Chi-Yu, L50|100\/100\n|-ability|p1b: Chi-Yu|Beads of Ruin\n|turn|4\n|\n|t:|1683613081\n|move|p2b: Chi-Yu|Protect|p2b: Chi-Yu\n|-singleturn|p2b: Chi-Yu|Protect\n|move|p2a: Big Missy|Shadow Ball|p1a: Flutter Mane\n|-supereffective|p1a: Flutter Mane\n|-damage|p1a: Flutter Mane|0 fnt\n|faint|p1a: Flutter Mane\n|-end|p1a: Flutter Mane|Protosynthesis|[silent]\n|move|p1b: Chi-Yu|Heat Wave|p2a: Big Missy|[spread] \n|-activate|p2b: Chi-Yu|move: Protect\n|-miss|p1b: Chi-Yu|p2a: Big Missy\n|\n|-heal|p2b: Chi-Yu|62\/100|[from] item: Leftovers\n|upkeep\n|turn|5\n|-message|ngocang forfeited.\n|\n|win|SweetSerenityGrace\n|raw|ngocang's rating: 1233 → 1205<\/strong> (-28 for losing)\n|raw|SweetSerenityGrace's rating: 1196 → 1224<\/strong> (+28 for winning)\n|l|\u2606ngocang\n","uploadtime":1683613127,"views":8,"p1id":"ngocang","p2id":"sweetserenitygrace","formatid":"gen9vgc2023regulationc","rating":1205,"private":0,"password":""}