{"id":"gen9vgc2023regulationc-1851061868","p1":"jackiepeanuts","p2":"T-Goose","format":"[Gen 9] VGC 2023 Regulation C","log":"|j|\u2606jackiepeanuts\n|j|\u2606T-Goose\n|t:|1682402338\n|gametype|doubles\n|player|p1|jackiepeanuts|1|1474\n|player|p2|T-Goose|birdkeeper-gen3rs|1446\n|teamsize|p1|6\n|teamsize|p2|6\n|gen|9\n|tier|[Gen 9] VGC 2023 Regulation C\n|rated|\n|rule|Species Clause: Limit one of each Pok\u00e9mon\n|rule|Item Clause: Limit one of each item\n|clearpoke\n|poke|p1|Lokix, L50, F|\n|poke|p1|Flutter Mane, L50|\n|poke|p1|Chien-Pao, L50|\n|poke|p1|Ting-Lu, L50|\n|poke|p1|Dragonite, L50, M|\n|poke|p1|Orthworm, L50, F|\n|poke|p2|Palafin, L50, F|\n|poke|p2|Flutter Mane, L50|\n|poke|p2|Amoonguss, L50, M|\n|poke|p2|Arcanine, L50, F|\n|poke|p2|Chien-Pao, L50|\n|poke|p2|Iron Hands, L50|\n|teampreview|4\n|inactive|Battle timer is ON: inactive players will automatically lose when time's up. (requested by T-Goose)\nT-Goose has agreed to open team sheets.\njackiepeanuts has agreed to open team sheets.\n|\n|t:|1682402371\n|start\n|switch|p1a: Flutter Mane|Flutter Mane, L50|100\/100\n|switch|p1b: Orthworm|Orthworm, L50, F|100\/100\n|switch|p2a: Chien-Pao|Chien-Pao, L50|100\/100\n|switch|p2b: Iron Hands|Iron Hands, L50|100\/100\n|-ability|p2a: Chien-Pao|Sword of Ruin\n|-enditem|p1a: Flutter Mane|Booster Energy\n|-activate|p1a: Flutter Mane|ability: Protosynthesis|[fromitem]\n|-start|p1a: Flutter Mane|protosynthesisspa\n|turn|1\n|\n|t:|1682402388\n|move|p2b: Iron Hands|Fake Out|p1b: Orthworm\n|-resisted|p1b: Orthworm\n|-damage|p1b: Orthworm|93\/100\n|move|p2a: Chien-Pao|Ice Spinner|p1a: Flutter Mane\n|-damage|p1a: Flutter Mane|14\/100\n|move|p1a: Flutter Mane|Dazzling Gleam|p2a: Chien-Pao|[spread] p2a,p2b\n|-supereffective|p2a: Chien-Pao\n|-supereffective|p2b: Iron Hands\n|-enditem|p2a: Chien-Pao|Focus Sash\n|-damage|p2a: Chien-Pao|1\/100\n|-damage|p2b: Iron Hands|50\/100\n|cant|p1b: Orthworm|flinch\n|\n|upkeep\n|turn|2\n|\n|t:|1682402405\n|move|p1a: Flutter Mane|Protect|p1a: Flutter Mane\n|-singleturn|p1a: Flutter Mane|Protect\n|move|p2a: Chien-Pao|Ice Shard|p1a: Flutter Mane\n|-activate|p1a: Flutter Mane|move: Protect\n|move|p1b: Orthworm|Shed Tail|p1b: Orthworm\n|-start|p1b: Orthworm|Substitute|[from] move: Shed Tail\n|-damage|p1b: Orthworm|42\/100\n|-enditem|p1b: Orthworm|Sitrus Berry|[eat]\n|-heal|p1b: Orthworm|67\/100|[from] item: Sitrus Berry\n|\n|t:|1682402416\n|switch|p1b: Dragonite|Dragonite, L50, M|100\/100|[from] Shed Tail\n|move|p2b: Iron Hands|Drain Punch|p1b: Dragonite\n|-resisted|p1b: Dragonite\n|-activate|p1b: Dragonite|move: Substitute|[damage]\n|-heal|p2b: Iron Hands|56\/100|[from] drain|[of] p1b: Dragonite\n|\n|upkeep\n|turn|3\n|\n|t:|1682402430\n|-end|p1a: Flutter Mane|Protosynthesis|[silent]\n|switch|p1a: Orthworm|Orthworm, L50, F|67\/100\n|move|p2a: Chien-Pao|Protect|p2a: Chien-Pao\n|-singleturn|p2a: Chien-Pao|Protect\n|move|p1b: Dragonite|Earthquake|p2a: Chien-Pao|[spread] p2b\n|-activate|p2a: Chien-Pao|move: Protect\n|-heal|p1a: Orthworm|92\/100|[from] ability: Earth Eater|[of] p1b: Dragonite\n|-supereffective|p2b: Iron Hands\n|-damage|p2b: Iron Hands|5\/100\n|move|p2b: Iron Hands|Wild Charge|p1b: Dragonite\n|-end|p1b: Dragonite|Substitute\n|-damage|p2b: Iron Hands|3\/100|[from] Recoil|[of] p1b: Dragonite\n|\n|upkeep\n|turn|4\n|\n|t:|1682402455\n|-terastallize|p1b: Dragonite|Flying\n|move|p2a: Chien-Pao|Ice Shard|p1b: Dragonite\n|-supereffective|p1b: Dragonite\n|-damage|p1b: Dragonite|69\/100\n|move|p1b: Dragonite|Earthquake|p2a: Chien-Pao|[spread] p2a,p2b\n|-heal|p1a: Orthworm|100\/100|[from] ability: Earth Eater|[of] p1b: Dragonite\n|-supereffective|p2b: Iron Hands\n|-damage|p2a: Chien-Pao|0 fnt\n|-damage|p2b: Iron Hands|0 fnt\n|faint|p2a: Chien-Pao\n|faint|p2b: Iron Hands\n|-end|p2b: Iron Hands|Quark Drive|[silent]\n|move|p1a: Orthworm|Shed Tail|p1a: Orthworm\n|-start|p1a: Orthworm|Substitute|[from] move: Shed Tail\n|-damage|p1a: Orthworm|50\/100\n|\n|t:|1682402469\n|switch|p1a: Flutter Mane|Flutter Mane, L50|14\/100|[from] Shed Tail\n|\n|upkeep\n|\n|t:|1682402475\n|switch|p2a: Flutter Mane|Flutter Mane, L50|100\/100\n|switch|p2b: Arcanine|Arcanine, L50, F|100\/100\n|-ability|p2b: Arcanine|Intimidate|boost\n|-immune|p1a: Flutter Mane\n|-unboost|p1b: Dragonite|atk|1\n|-enditem|p2a: Flutter Mane|Booster Energy\n|-activate|p2a: Flutter Mane|ability: Protosynthesis|[fromitem]\n|-start|p2a: Flutter Mane|protosynthesisspe\n|turn|5\n|inactive|T-Goose has 30 seconds left.\n|\n|t:|1682402510\n|-terastallize|p2a: Flutter Mane|Ghost\n|move|p2a: Flutter Mane|Dazzling Gleam|p1b: Dragonite|[spread] p1a,p1b\n|-end|p1a: Flutter Mane|Substitute\n|-damage|p1b: Dragonite|35\/100\n|move|p1a: Flutter Mane|Shadow Ball|p2a: Flutter Mane\n|-supereffective|p2a: Flutter Mane\n|-damage|p2a: Flutter Mane|10\/100\n|-unboost|p2a: Flutter Mane|spd|1\n|move|p2b: Arcanine|Flare Blitz|p1b: Dragonite\n|-damage|p1b: Dragonite|0 fnt\n|faint|p1b: Dragonite\n|-damage|p2b: Arcanine|89\/100|[from] Recoil\n|\n|upkeep\n|\n|t:|1682402526\n|switch|p1b: Ting-Lu|Ting-Lu, L50|100\/100\n|-ability|p1b: Ting-Lu|Vessel of Ruin\n|turn|6\n|\n|t:|1682402536\n|move|p2a: Flutter Mane|Protect|p2a: Flutter Mane\n|-singleturn|p2a: Flutter Mane|Protect\n|move|p1a: Flutter Mane|Protect|p1a: Flutter Mane\n|-singleturn|p1a: Flutter Mane|Protect\n|move|p2b: Arcanine|Will-O-Wisp|p1b: Ting-Lu\n|-status|p1b: Ting-Lu|brn\n|move|p1b: Ting-Lu|Earthquake|p2b: Arcanine|[spread] p2b\n|-activate|p1a: Flutter Mane|move: Protect\n|-activate|p2a: Flutter Mane|move: Protect\n|-supereffective|p2b: Arcanine\n|-damage|p2b: Arcanine|41\/100\n|\n|-damage|p1b: Ting-Lu|94\/100 brn|[from] brn\n|upkeep\n|turn|7\n|\n|t:|1682402551\n|-end|p1a: Flutter Mane|Protosynthesis|[silent]\n|switch|p1a: Orthworm|Orthworm, L50, F|50\/100\n|move|p2a: Flutter Mane|Dazzling Gleam|p1a: Orthworm|[spread] p1a,p1b\n|-resisted|p1a: Orthworm\n|-supereffective|p1b: Ting-Lu\n|-damage|p1a: Orthworm|36\/100\n|-damage|p1b: Ting-Lu|68\/100 brn\n|move|p2b: Arcanine|Flare Blitz|p1b: Ting-Lu\n|-damage|p1b: Ting-Lu|37\/100 brn\n|-damage|p2b: Arcanine|25\/100|[from] Recoil\n|move|p1b: Ting-Lu|Earthquake|p2b: Arcanine|[spread] p2a,p2b\n|-heal|p1a: Orthworm|60\/100|[from] ability: Earth Eater|[of] p1b: Ting-Lu\n|-supereffective|p2b: Arcanine\n|-damage|p2a: Flutter Mane|0 fnt\n|-damage|p2b: Arcanine|0 fnt\n|faint|p2a: Flutter Mane\n|-end|p2a: Flutter Mane|Protosynthesis|[silent]\n|faint|p2b: Arcanine\n|\n|win|jackiepeanuts\n|raw|jackiepeanuts's rating: 1474 → 1492<\/strong> (+18 for winning)\n|raw|T-Goose's rating: 1446 → 1428<\/strong> (-18 for losing)\n|l|\u2606T-Goose\n","uploadtime":1682402580,"views":9,"p1id":"jackiepeanuts","p2id":"tgoose","formatid":"gen9vgc2023regulationc","rating":1428,"private":0,"password":""}