{"id":"gen9vgc2023regulationc-1847600865","p1":"Leafaruen","p2":"BlindMagneton","format":"[Gen 9] VGC 2023 Regulation C","log":"|j|\u2606Leafaruen\n|j|\u2606BlindMagneton\n|t:|1681980118\n|gametype|doubles\n|player|p1|Leafaruen|acetrainer-gen4dp|1312\n|player|p2|BlindMagneton|wattson|1299\n|teamsize|p1|6\n|teamsize|p2|6\n|gen|9\n|tier|[Gen 9] VGC 2023 Regulation C\n|rated|\n|rule|Species Clause: Limit one of each Pok\u00e9mon\n|rule|Item Clause: Limit one of each item\n|clearpoke\n|poke|p1|Scyther, L50, F|\n|poke|p1|Great Tusk, L50|\n|poke|p1|Palafin, L50, M|\n|poke|p1|Pelipper, L50, M|\n|poke|p1|Amoonguss, L50, M|\n|poke|p1|Chien-Pao, L50|\n|poke|p2|Iron Bundle, L50|\n|poke|p2|Garganacl, L50, F|\n|poke|p2|Ceruledge, L50, M|\n|poke|p2|Grimmsnarl, L50, M|\n|poke|p2|Dachsbun, L50, M|\n|poke|p2|Dragapult, L50, M|\n|teampreview|4\n|inactive|Battle timer is ON: inactive players will automatically lose when time's up. (requested by Leafaruen)\nLeafaruen rejected open team sheets.\n|inactive|Leafaruen has 60 seconds left.\n|inactive|BlindMagneton has 60 seconds left.\n|\n|t:|1681980177\n|start\n|switch|p1a: Scyther|Scyther, L50, F|100\/100\n|switch|p1b: Palafin|Palafin, L50, M|100\/100\n|switch|p2a: Grimmsnarl|Grimmsnarl, L50, M|100\/100\n|switch|p2b: Dragapult|Dragapult, L50, M|100\/100\n|turn|1\n|\n|t:|1681980198\n|detailschange|p1b: Palafin|Palafin-Hero, L50, M\n|switch|p1b: Pelipper|Pelipper, L50, M|100\/100\n|-weather|RainDance|[from] ability: Drizzle|[of] p1b: Pelipper\n|-terastallize|p1a: Scyther|Steel\n|move|p2a: Grimmsnarl|Swagger|p1b: Pelipper\n|-boost|p1b: Pelipper|atk|2\n|-enditem|p2b: Dragapult|Mirror Herb\n|-boost|p2b: Dragapult|atk|2|[from] item: Mirror Herb\n|-start|p1b: Pelipper|confusion\n|move|p2b: Dragapult|Acrobatics|p1a: Scyther\n|-resisted|p1a: Scyther\n|-damage|p1a: Scyther|69\/100\n|move|p1a: Scyther|Swords Dance|p1a: Scyther\n|-boost|p1a: Scyther|atk|2\n|\n|-weather|RainDance|[upkeep]\n|upkeep\n|turn|2\n|inactive|BlindMagneton has 30 seconds left.\n|inactive|BlindMagneton has 20 seconds left.\n|\n|t:|1681980234\n|move|p1a: Scyther|Protect|p1a: Scyther\n|-singleturn|p1a: Scyther|Protect\n|move|p2b: Dragapult|Phantom Force||[still]\n|-prepare|p2b: Dragapult|Phantom Force\n|move|p2a: Grimmsnarl|Drain Punch|p1a: Scyther\n|-activate|p1a: Scyther|move: Protect\n|-activate|p1b: Pelipper|confusion\n|move|p1b: Pelipper|Tailwind|p1b: Pelipper\n|-sidestart|p1: Leafaruen|move: Tailwind\n|\n|-weather|RainDance|[upkeep]\n|upkeep\n|turn|3\n|inactive|BlindMagneton has 30 seconds left.\n|\n|t:|1681980269\n|move|p2a: Grimmsnarl|Thunder Wave|p1b: Pelipper\n|-status|p1b: Pelipper|par\n|move|p1a: Scyther|Aerial Ace|p2a: Grimmsnarl\n|-enditem|p2a: Grimmsnarl|Focus Sash\n|-damage|p2a: Grimmsnarl|1\/100\n|move|p2b: Dragapult|Phantom Force|p1a: Scyther|[from]lockedmove\n|-damage|p1a: Scyther|0 fnt\n|faint|p1a: Scyther\n|-activate|p1b: Pelipper|confusion\n|-damage|p1b: Pelipper|93\/100 par|[from] confusion\n|\n|-weather|RainDance|[upkeep]\n|upkeep\n|\n|t:|1681980285\n|switch|p1a: Great Tusk|Great Tusk, L50|100\/100\n|-enditem|p1a: Great Tusk|Booster Energy\n|-activate|p1a: Great Tusk|ability: Protosynthesis|[fromitem]\n|-start|p1a: Great Tusk|protosynthesisatk\n|turn|4\n|inactive|BlindMagneton has 30 seconds left.\n|inactive|BlindMagneton has 20 seconds left.\n|inactive|BlindMagneton has 15 seconds left.\n|inactive|BlindMagneton has 10 seconds left.\n|\n|t:|1681980333\n|move|p2a: Grimmsnarl|Swagger|p1a: Great Tusk|[miss]\n|-miss|p2a: Grimmsnarl|p1a: Great Tusk\n|move|p1a: Great Tusk|Earthquake|p2a: Grimmsnarl|[spread] p2a,p2b\n|-immune|p1b: Pelipper\n|-damage|p2a: Grimmsnarl|0 fnt\n|-damage|p2b: Dragapult|39\/100\n|faint|p2a: Grimmsnarl\n|move|p2b: Dragapult|Acrobatics|p1a: Great Tusk\n|-supereffective|p1a: Great Tusk\n|-damage|p1a: Great Tusk|0 fnt\n|faint|p1a: Great Tusk\n|-end|p1a: Great Tusk|Protosynthesis|[silent]\n|-end|p1b: Pelipper|confusion\n|move|p1b: Pelipper|Hurricane|p2b: Dragapult\n|-damage|p2b: Dragapult|0 fnt\n|faint|p2b: Dragapult\n|\n|-weather|RainDance|[upkeep]\n|upkeep\n|\n|t:|1681980348\n|switch|p2b: Iron Bundle|Iron Bundle, L50|100\/100\n|switch|p1a: Palafin|Palafin-Hero, L50, M|100\/100\n|switch|p2a: Dachsbun|Dachsbun, L50, M|100\/100\n|-activate|p1a: Palafin|ability: Zero to Hero\n|-enditem|p2b: Iron Bundle|Booster Energy\n|-activate|p2b: Iron Bundle|ability: Quark Drive|[fromitem]\n|-start|p2b: Iron Bundle|quarkdrivespe\n|turn|5\n|inactive|Leafaruen has 30 seconds left.\n|inactive|Leafaruen has 20 seconds left.\n|inactive|Leafaruen has 15 seconds left.\n|\n|t:|1681980389\n|move|p2b: Iron Bundle|Protect|p2b: Iron Bundle\n|-singleturn|p2b: Iron Bundle|Protect\n|move|p1a: Palafin|Jet Punch|p2b: Iron Bundle\n|-activate|p2b: Iron Bundle|move: Protect\n|move|p2a: Dachsbun|Snarl|p1b: Pelipper|[spread] p1a,p1b\n|-damage|p1a: Palafin|96\/100\n|-damage|p1b: Pelipper|87\/100 par\n|-unboost|p1a: Palafin|spa|1\n|-unboost|p1b: Pelipper|spa|1\n|cant|p1b: Pelipper|par\n|\n|-weather|RainDance|[upkeep]\n|-sideend|p1: Leafaruen|move: Tailwind\n|upkeep\n|turn|6\n|\n|t:|1681980413\n|move|p1a: Palafin|Jet Punch|p2b: Iron Bundle\n|-resisted|p2b: Iron Bundle\n|-damage|p2b: Iron Bundle|57\/100\n|move|p2b: Iron Bundle|Freeze-Dry|p1b: Pelipper\n|-supereffective|p1b: Pelipper\n|-damage|p1b: Pelipper|0 fnt\n|faint|p1b: Pelipper\n|move|p2a: Dachsbun|Mud-Slap|p1a: Palafin\n|-damage|p1a: Palafin|93\/100\n|-unboost|p1a: Palafin|accuracy|1\n|\n|-weather|RainDance|[upkeep]\n|upkeep\n|turn|7\n|\n|t:|1681980430\n|move|p2b: Iron Bundle|Protect|p2b: Iron Bundle\n|-singleturn|p2b: Iron Bundle|Protect\n|move|p1a: Palafin|Wave Crash|p2b: Iron Bundle\n|-activate|p2b: Iron Bundle|move: Protect\n|move|p2a: Dachsbun|Mud-Slap|p1a: Palafin\n|-damage|p1a: Palafin|90\/100\n|-unboost|p1a: Palafin|accuracy|1\n|\n|-weather|RainDance|[upkeep]\n|upkeep\n|turn|8\n|\n|t:|1681980447\n|move|p1a: Palafin|Protect|p1a: Palafin\n|-singleturn|p1a: Palafin|Protect\n|move|p2b: Iron Bundle|Freeze-Dry|p1a: Palafin\n|-activate|p1a: Palafin|move: Protect\n|move|p2a: Dachsbun|Body Press|p1a: Palafin\n|-activate|p1a: Palafin|move: Protect\n|\n|-weather|none\n|upkeep\n|turn|9\n|\n|t:|1681980460\n|move|p2b: Iron Bundle|Encore|p1a: Palafin\n|-start|p1a: Palafin|Encore\n|move|p1a: Palafin|Protect|p1a: Palafin\n|-singleturn|p1a: Palafin|Protect\n|move|p2a: Dachsbun|Body Press|p1a: Palafin\n|-activate|p1a: Palafin|move: Protect\n|\n|upkeep\n|turn|10\n|-message|Leafaruen forfeited.\n|\n|win|BlindMagneton\n|raw|Leafaruen's rating: 1312 → 1291<\/strong> (-21 for losing)\n|raw|BlindMagneton's rating: 1299 → 1325<\/strong> (+26 for winning)\n|l|\u2606Leafaruen\n","uploadtime":1681980477,"views":5,"p1id":"leafaruen","p2id":"blindmagneton","formatid":"gen9vgc2023regulationc","rating":1291,"private":0,"password":""}