{"id":"gen9vgc2023regulationc-1860466067","p1":"Fetfatzidis18","p2":"MaxYoo","format":"[Gen 9] VGC 2023 Regulation C","log":"|j|\u2606Fetfatzidis18\n|j|\u2606MaxYoo\n|t:|1683646647\n|gametype|doubles\n|player|p1|Fetfatzidis18|harlequin|1691\n|player|p2|MaxYoo|1|1633\n|teamsize|p1|6\n|teamsize|p2|6\n|gen|9\n|tier|[Gen 9] VGC 2023 Regulation C\n|rated|\n|rule|Species Clause: Limit one of each Pok\u00e9mon\n|rule|Item Clause: Limit one of each item\n|clearpoke\n|poke|p1|Garchomp, L50, M|\n|poke|p1|Talonflame, L50, F|\n|poke|p1|Gholdengo, L50|\n|poke|p1|Gallade, L50, M|\n|poke|p1|Iron Bundle, L50|\n|poke|p1|Amoonguss, L50, F|\n|poke|p2|Dragonite, L50, F|\n|poke|p2|Chien-Pao, L50|\n|poke|p2|Murkrow, L50, F|\n|poke|p2|Gholdengo, L50|\n|poke|p2|Flutter Mane, L50|\n|poke|p2|Chi-Yu, L50|\n|teampreview|4\n|inactive|Battle timer is ON: inactive players will automatically lose when time's up. (requested by Fetfatzidis18)\n|inactive|MaxYoo has 60 seconds left.\n|inactive|MaxYoo has 30 seconds left.\n|\n|t:|1683646714\n|start\n|switch|p1a: Talonflame|Talonflame, L50, F|100\/100\n|switch|p1b: Garchomp|Garchomp, L50, M|100\/100\n|switch|p2a: Chien-Pao|Chien-Pao, L50|100\/100\n|switch|p2b: Dragonite|Dragonite, L50, F|100\/100\n|-ability|p2a: Chien-Pao|Sword of Ruin\n|turn|1\n|j| xerntest\n|\n|t:|1683646736\n|-terastallize|p1b: Garchomp|Fire\n|-terastallize|p2b: Dragonite|Normal\n|move|p2b: Dragonite|Extreme Speed|p1b: Garchomp\n|-damage|p1b: Garchomp|36\/100\n|-damage|p2b: Dragonite|88\/100|[from] ability: Rough Skin|[of] p1b: Garchomp\n|move|p2a: Chien-Pao|Sucker Punch|p1b: Garchomp\n|-damage|p1b: Garchomp|0 fnt\n|-damage|p2a: Chien-Pao|88\/100|[from] ability: Rough Skin|[of] p1b: Garchomp\n|faint|p1b: Garchomp\n|move|p1a: Talonflame|Tailwind|p1a: Talonflame\n|-sidestart|p1: Fetfatzidis18|move: Tailwind\n|\n|upkeep\n|\n|t:|1683646752\n|switch|p1b: Gallade|Gallade, L50, M|100\/100\n|turn|2\n|\n|t:|1683646773\n|move|p2b: Dragonite|Extreme Speed|p1b: Gallade\n|-damage|p1b: Gallade|19\/100\n|move|p1a: Talonflame|Brave Bird|p2a: Chien-Pao\n|-crit|p2a: Chien-Pao\n|-damage|p2a: Chien-Pao|0 fnt\n|faint|p2a: Chien-Pao\n|-damage|p1a: Talonflame|71\/100|[from] Recoil\n|move|p1b: Gallade|Sacred Sword|p2b: Dragonite\n|-supereffective|p2b: Dragonite\n|-crit|p2b: Dragonite\n|-damage|p2b: Dragonite|0 fnt\n|faint|p2b: Dragonite\n|\n|upkeep\n|\n|t:|1683646788\n|switch|p2a: Chi-Yu|Chi-Yu, L50|100\/100\n|switch|p2b: Flutter Mane|Flutter Mane, L50|100\/100\n|-ability|p2a: Chi-Yu|Beads of Ruin\n|-enditem|p2b: Flutter Mane|Booster Energy\n|-activate|p2b: Flutter Mane|ability: Protosynthesis|[fromitem]\n|-start|p2b: Flutter Mane|protosynthesisspa\n|turn|3\n|inactive|MaxYoo has 30 seconds left.\n|\n|t:|1683646813\n|move|p2b: Flutter Mane|Protect|p2b: Flutter Mane\n|-singleturn|p2b: Flutter Mane|Protect\n|move|p1a: Talonflame|Brave Bird|p2b: Flutter Mane\n|-activate|p2b: Flutter Mane|move: Protect\n|move|p1b: Gallade|Sacred Sword|p2a: Chi-Yu\n|-supereffective|p2a: Chi-Yu\n|-damage|p2a: Chi-Yu|0 fnt\n|faint|p2a: Chi-Yu\n|\n|upkeep\n|turn|4\n|\n|t:|1683646826\n|move|p2b: Flutter Mane|Protect|p2b: Flutter Mane\n|-singleturn|p2b: Flutter Mane|Protect\n|move|p1a: Talonflame|Brave Bird|p2b: Flutter Mane\n|-activate|p2b: Flutter Mane|move: Protect\n|move|p1b: Gallade|Psycho Cut|p2b: Flutter Mane\n|-activate|p2b: Flutter Mane|move: Protect\n|\n|-sideend|p1: Fetfatzidis18|move: Tailwind\n|upkeep\n|turn|5\n|\n|t:|1683646840\n|move|p1b: Gallade|Shadow Sneak|p2b: Flutter Mane\n|-supereffective|p2b: Flutter Mane\n|-damage|p2b: Flutter Mane|50\/100\n|move|p1a: Talonflame|Brave Bird|p2b: Flutter Mane\n|-damage|p2b: Flutter Mane|0 fnt\n|faint|p2b: Flutter Mane\n|-end|p2b: Flutter Mane|Protosynthesis|[silent]\n|-damage|p1a: Talonflame|54\/100|[from] Recoil\n|\n|win|Fetfatzidis18\n|raw|Fetfatzidis18's rating: 1691 → 1708<\/strong> (+17 for winning)\n|raw|MaxYoo's rating: 1633 → 1616<\/strong> (-17 for losing)\n|l| xerntest\n|player|p1|Fetfatzidis18|harlequin\n","uploadtime":1683646933,"views":9,"p1id":"fetfatzidis18","p2id":"maxyoo","formatid":"gen9vgc2023regulationc","rating":1616,"private":0,"password":""}