{"id":"gen9vgc2023regulationc-1849521389","p1":"PkmnTrainerJaavy","p2":"jchemmy","format":"[Gen 9] VGC 2023 Regulation C","log":"|j|\u2606PkmnTrainerJaavy\n|j|\u2606jchemmy\n|t:|1682208426\n|gametype|doubles\n|player|p1|PkmnTrainerJaavy|dawn|1289\n|player|p2|jchemmy|brock|1318\n|teamsize|p1|6\n|teamsize|p2|6\n|gen|9\n|tier|[Gen 9] VGC 2023 Regulation C\n|rated|\n|rule|Species Clause: Limit one of each Pok\u00e9mon\n|rule|Item Clause: Limit one of each item\n|clearpoke\n|poke|p1|Arcanine, L50, M|\n|poke|p1|Brute Bonnet, L50|\n|poke|p1|Palafin, L50, M|\n|poke|p1|Chien-Pao, L50|\n|poke|p1|Dragonite, L50, F|\n|poke|p1|Ting-Lu, L50|\n|poke|p2|Arcanine, L50, M|\n|poke|p2|Palafin, L50, M|\n|poke|p2|Flutter Mane, L50|\n|poke|p2|Ting-Lu, L50|\n|poke|p2|Amoonguss, L50, M|\n|poke|p2|Baxcalibur, L50, M|\n|teampreview|4\n|inactive|Battle timer is ON: inactive players will automatically lose when time's up. (requested by jchemmy)\njchemmy has agreed to open team sheets.\nPkmnTrainerJaavy has agreed to open team sheets.\n|inactive|PkmnTrainerJaavy has 60 seconds left.\n|inactive|jchemmy has 60 seconds left.\n|inactive|PkmnTrainerJaavy has 30 seconds left.\n|\n|t:|1682208488\n|start\n|switch|p1a: Palafin|Palafin, L50, M|100\/100\n|switch|p1b: Sus|Brute Bonnet, L50|100\/100\n|switch|p2a: Flutter Mane|Flutter Mane, L50|100\/100\n|switch|p2b: Baxcalibur|Baxcalibur, L50, M|100\/100\n|turn|1\n|inactive|jchemmy has 30 seconds left.\n|\n|t:|1682208514\n|-end|p2a: Flutter Mane|Protosynthesis|[silent]\n|switch|p2a: Arcanine|Arcanine, L50, M|100\/100\n|-ability|p2a: Arcanine|Intimidate|boost\n|-unboost|p1a: Palafin|atk|1\n|-unboost|p1b: Sus|atk|1\n|detailschange|p1a: Palafin|Palafin-Hero, L50, M\n|switch|p1a: Ting-Lu|Ting-Lu, L50|100\/100\n|-ability|p1a: Ting-Lu|Vessel of Ruin\n|-terastallize|p1b: Sus|Fire\n|move|p2b: Baxcalibur|Protect|p2b: Baxcalibur\n|-singleturn|p2b: Baxcalibur|Protect\n|move|p1b: Sus|Spore|p2b: Baxcalibur\n|-activate|p2b: Baxcalibur|move: Protect\n|\n|upkeep\n|turn|2\n|inactive|jchemmy has 30 seconds left.\n|\n|t:|1682208543\n|switch|p2b: Amoonguss|Amoonguss, L50, M|100\/100\n|-end|p1b: Sus|Protosynthesis|[silent]\n|switch|p1b: Arcanine|Arcanine, L50, M, shiny|100\/100\n|-ability|p1b: Arcanine|Intimidate|boost\n|-unboost|p2a: Arcanine|atk|1\n|-unboost|p2b: Amoonguss|atk|1\n|move|p2a: Arcanine|Will-O-Wisp|p1a: Ting-Lu\n|-status|p1a: Ting-Lu|brn\n|move|p1a: Ting-Lu|Heavy Slam|p2b: Amoonguss\n|-damage|p2b: Amoonguss|86\/100\n|\n|-damage|p1a: Ting-Lu|95\/100 brn|[from] brn\n|upkeep\n|turn|3\n|inactive|jchemmy has 30 seconds left.\n|inactive|jchemmy has 20 seconds left.\n|inactive|jchemmy has 15 seconds left.\n|\n|t:|1682208584\n|switch|p2a: Flutter Mane|Flutter Mane, L50|100\/100\n|-terastallize|p2b: Amoonguss|Water\n|move|p1b: Arcanine|Flare Blitz|p2b: Amoonguss\n|-resisted|p2b: Amoonguss\n|-crit|p2b: Amoonguss\n|-damage|p2b: Amoonguss|57\/100\n|-damage|p1b: Arcanine|90\/100|[from] Recoil\n|move|p1a: Ting-Lu|Rock Slide|p2a: Flutter Mane|[spread] p2a,p2b\n|-damage|p2a: Flutter Mane|88\/100\n|-damage|p2b: Amoonguss|50\/100\n|-enditem|p2b: Amoonguss|Sitrus Berry|[eat]\n|-heal|p2b: Amoonguss|75\/100|[from] item: Sitrus Berry\n|move|p2b: Amoonguss|Spore|p1b: Arcanine\n|-status|p1b: Arcanine|slp|[from] move: Spore\n|\n|-damage|p1a: Ting-Lu|89\/100 brn|[from] brn\n|upkeep\n|turn|4\n|\n|t:|1682208604\n|move|p2b: Amoonguss|Rage Powder|p2b: Amoonguss\n|-singleturn|p2b: Amoonguss|move: Rage Powder\n|move|p2a: Flutter Mane|Moonblast|p1a: Ting-Lu\n|-supereffective|p1a: Ting-Lu\n|-damage|p1a: Ting-Lu|29\/100 brn\n|cant|p1b: Arcanine|slp\n|move|p1a: Ting-Lu|Heavy Slam|p2b: Amoonguss\n|-resisted|p2b: Amoonguss\n|-damage|p2b: Amoonguss|68\/100\n|\n|-damage|p1a: Ting-Lu|23\/100 brn|[from] brn\n|upkeep\n|turn|5\n|\n|t:|1682208622\n|move|p2a: Flutter Mane|Moonblast|p1a: Ting-Lu\n|-supereffective|p1a: Ting-Lu\n|-damage|p1a: Ting-Lu|0 fnt\n|faint|p1a: Ting-Lu\n|-curestatus|p1b: Arcanine|slp|[msg]\n|move|p1b: Arcanine|Wild Charge|p2b: Amoonguss\n|-supereffective|p2b: Amoonguss\n|-damage|p2b: Amoonguss|28\/100\n|-damage|p1b: Arcanine|79\/100|[from] Recoil\n|move|p2b: Amoonguss|Pollen Puff|p2a: Flutter Mane\n|-heal|p2a: Flutter Mane|100\/100\n|\n|upkeep\n|\n|t:|1682208636\n|switch|p1a: Sus|Brute Bonnet, L50, tera:Fire|100\/100\n|turn|6\n|\n|t:|1682208658\n|-end|p2a: Flutter Mane|Protosynthesis|[silent]\n|switch|p2a: Arcanine|Arcanine, L50, M|100\/100\n|-ability|p2a: Arcanine|Intimidate|boost\n|-unboost|p1a: Sus|atk|1\n|-unboost|p1b: Arcanine|atk|1\n|move|p2b: Amoonguss|Protect|p2b: Amoonguss\n|-singleturn|p2b: Amoonguss|Protect\n|move|p1b: Arcanine|Wild Charge|p2b: Amoonguss\n|-activate|p2b: Amoonguss|move: Protect\n|move|p1a: Sus|Bullet Seed|p2a: Arcanine\n|-resisted|p2a: Arcanine\n|-damage|p2a: Arcanine|96\/100\n|-resisted|p2a: Arcanine\n|-crit|p2a: Arcanine\n|-damage|p2a: Arcanine|85\/100\n|-resisted|p2a: Arcanine\n|-damage|p2a: Arcanine|81\/100\n|-resisted|p2a: Arcanine\n|-damage|p2a: Arcanine|76\/100\n|-hitcount|p2a: Arcanine|4\n|\n|upkeep\n|turn|7\n|inactive|jchemmy has 30 seconds left.\n|inactive|jchemmy has 20 seconds left.\n|\n|t:|1682208697\n|switch|p2a: Baxcalibur|Baxcalibur, L50, M|100\/100\n|switch|p1b: Palafin|Palafin-Hero, L50, M|100\/100\n|-activate|p1b: Palafin|ability: Zero to Hero\n|move|p1a: Sus|Bullet Seed|p2b: Amoonguss\n|-supereffective|p2b: Amoonguss\n|-damage|p2b: Amoonguss|13\/100\n|-supereffective|p2b: Amoonguss\n|-damage|p2b: Amoonguss|0 fnt\n|faint|p2b: Amoonguss\n|-hitcount|p2: Amoonguss|2\n|\n|upkeep\n|\n|t:|1682208703\n|switch|p2b: Arcanine|Arcanine, L50, M|76\/100\n|-ability|p2b: Arcanine|Intimidate|boost\n|-unboost|p1a: Sus|atk|1\n|-unboost|p1b: Palafin|atk|1\n|turn|8\n|inactive|jchemmy has 30 seconds left.\n|inactive|jchemmy has 20 seconds left.\n|\n|t:|1682208741\n|move|p2b: Arcanine|Protect|p2b: Arcanine\n|-singleturn|p2b: Arcanine|Protect\n|move|p1b: Palafin|Jet Punch|p2b: Arcanine\n|-activate|p2b: Arcanine|move: Protect\n|move|p2a: Baxcalibur|Glaive Rush|p1b: Palafin\n|-crit|p1b: Palafin\n|-damage|p1b: Palafin|6\/100\n|-singlemove|p2a: Baxcalibur|Glaive Rush|[silent]\n|move|p1a: Sus|Spore|p2a: Baxcalibur\n|-status|p2a: Baxcalibur|slp|[from] move: Spore\n|\n|upkeep\n|turn|9\n|\n|t:|1682208758\n|switch|p1b: Arcanine|Arcanine, L50, M, shiny|79\/100\n|-ability|p1b: Arcanine|Intimidate|boost\n|-fail|p2a: Baxcalibur|unboost|[from] item: Clear Amulet|[of] p2a: Baxcalibur\n|-unboost|p2b: Arcanine|atk|1\n|cant|p2a: Baxcalibur|slp\n|move|p2b: Arcanine|Snarl|p1b: Arcanine|[spread] p1a,p1b\n|-damage|p1a: Sus|95\/100\n|-damage|p1b: Arcanine|70\/100\n|-unboost|p1a: Sus|spa|1\n|-unboost|p1b: Arcanine|spa|1\n|move|p1a: Sus|Bullet Seed|p2a: Baxcalibur\n|-resisted|p2a: Baxcalibur\n|-damage|p2a: Baxcalibur|98\/100 slp\n|-resisted|p2a: Baxcalibur\n|-damage|p2a: Baxcalibur|95\/100 slp\n|-resisted|p2a: Baxcalibur\n|-crit|p2a: Baxcalibur\n|-damage|p2a: Baxcalibur|86\/100 slp\n|-resisted|p2a: Baxcalibur\n|-damage|p2a: Baxcalibur|84\/100 slp\n|-hitcount|p2a: Baxcalibur|4\n|\n|upkeep\n|turn|10\n|-message|PkmnTrainerJaavy forfeited.\n|\n|win|jchemmy\n|raw|PkmnTrainerJaavy's rating: 1289 → 1266<\/strong> (-23 for losing)\n|raw|jchemmy's rating: 1318 → 1336<\/strong> (+18 for winning)\n|l|\u2606PkmnTrainerJaavy\n","uploadtime":1682208772,"views":6,"p1id":"pkmntrainerjaavy","p2id":"jchemmy","formatid":"gen9vgc2023regulationc","rating":1266,"private":0,"password":""}