{"id":"gen9vgc2023regulationc-1850088592","p1":"Kirovz","p2":"alexo9721","format":"[Gen 9] VGC 2023 Regulation C","log":"|j|\u2606Kirovz\n|j|\u2606alexo9721\n|t:|1682285926\n|gametype|doubles\n|player|p1|Kirovz|lance|1267\n|player|p2|alexo9721|dancer|1357\n|teamsize|p1|6\n|teamsize|p2|6\n|gen|9\n|tier|[Gen 9] VGC 2023 Regulation C\n|rated|\n|rule|Species Clause: Limit one of each Pok\u00e9mon\n|rule|Item Clause: Limit one of each item\n|clearpoke\n|poke|p1|Dondozo, L50, M|\n|poke|p1|Tatsugiri-Stretchy, L50, F|\n|poke|p1|Chi-Yu, L50|\n|poke|p1|Flutter Mane, L50|\n|poke|p1|Dragonite, L50, F|\n|poke|p1|Glimmora, L50, M|\n|poke|p2|Chi-Yu, L50|\n|poke|p2|Flutter Mane, L50|\n|poke|p2|Corviknight, L50, M|\n|poke|p2|Murkrow, L50, F|\n|poke|p2|Iron Bundle, L50|\n|poke|p2|Great Tusk, L50|\n|teampreview|4\n|inactive|Battle timer is ON: inactive players will automatically lose when time's up. (requested by alexo9721)\n|\n|t:|1682285987\n|start\n|switch|p1a: Dondozo|Dondozo, L50, M|100\/100\n|switch|p1b: Glimmora|Glimmora, L50, M|100\/100\n|switch|p2a: Iron Bundle|Iron Bundle, L50|100\/100\n|switch|p2b: Flutter Mane|Flutter Mane, L50|100\/100\n|-enditem|p2a: Iron Bundle|Booster Energy\n|-activate|p2a: Iron Bundle|ability: Quark Drive|[fromitem]\n|-start|p2a: Iron Bundle|quarkdrivespe\n|turn|1\n|inactive|alexo9721 has 30 seconds left.\n|\n|t:|1682286015\n|move|p2a: Iron Bundle|Hydro Pump|p1b: Glimmora\n|-supereffective|p1b: Glimmora\n|-enditem|p1b: Glimmora|Focus Sash\n|-damage|p1b: Glimmora|1\/100\n|move|p2b: Flutter Mane|Thunderbolt|p1a: Dondozo\n|-supereffective|p1a: Dondozo\n|-damage|p1a: Dondozo|35\/100\n|-enditem|p1a: Dondozo|Sitrus Berry|[eat]\n|-heal|p1a: Dondozo|60\/100|[from] item: Sitrus Berry\n|move|p1b: Glimmora|Toxic|p2a: Iron Bundle\n|-status|p2a: Iron Bundle|tox\n|move|p1a: Dondozo|Yawn|p2b: Flutter Mane\n|-start|p2b: Flutter Mane|move: Yawn|[of] p1a: Dondozo\n|\n|-damage|p2a: Iron Bundle|94\/100 tox|[from] psn\n|upkeep\n|turn|2\n|inactive|Kirovz has 30 seconds left.\n|\n|t:|1682286040\n|move|p1a: Dondozo|Protect|p1a: Dondozo\n|-singleturn|p1a: Dondozo|Protect\n|move|p2a: Iron Bundle|Icy Wind|p1b: Glimmora|[spread] p1b\n|-activate|p1a: Dondozo|move: Protect\n|-damage|p1b: Glimmora|0 fnt\n|faint|p1b: Glimmora\n|move|p2b: Flutter Mane|Thunderbolt|p1a: Dondozo\n|-activate|p1a: Dondozo|move: Protect\n|\n|-damage|p2a: Iron Bundle|82\/100 tox|[from] psn\n|-end|p2b: Flutter Mane|move: Yawn|[silent]\n|-status|p2b: Flutter Mane|slp\n|upkeep\n|\n|t:|1682286049\n|switch|p1b: Flutter Mane|Flutter Mane, L50|100\/100\n|-enditem|p1b: Flutter Mane|Booster Energy\n|-activate|p1b: Flutter Mane|ability: Protosynthesis|[fromitem]\n|-start|p1b: Flutter Mane|protosynthesisspe\n|turn|3\n|\n|t:|1682286063\n|-terastallize|p1b: Flutter Mane|Steel\n|move|p2a: Iron Bundle|Hydro Pump|p1b: Flutter Mane\n|-damage|p1b: Flutter Mane|45\/100\n|move|p1b: Flutter Mane|Substitute|p1b: Flutter Mane\n|-start|p1b: Flutter Mane|Substitute\n|-damage|p1b: Flutter Mane|20\/100\n|cant|p2b: Flutter Mane|slp\n|move|p1a: Dondozo|Wave Crash|p2b: Flutter Mane\n|-damage|p2b: Flutter Mane|10\/100 slp\n|-damage|p1a: Dondozo|45\/100|[from] Recoil\n|\n|-damage|p2a: Iron Bundle|64\/100 tox|[from] psn\n|upkeep\n|turn|4\n|\n|t:|1682286079\n|move|p1b: Flutter Mane|Protect|p1b: Flutter Mane\n|-singleturn|p1b: Flutter Mane|Protect\n|move|p2a: Iron Bundle|Hydro Pump|p1b: Flutter Mane\n|-activate|p1b: Flutter Mane|move: Protect\n|cant|p2b: Flutter Mane|slp\n|move|p1a: Dondozo|Bulldoze|p2b: Flutter Mane|[spread] p2a,p2b\n|-activate|p1b: Flutter Mane|move: Protect\n|-damage|p2a: Iron Bundle|50\/100 tox\n|-damage|p2b: Flutter Mane|0 fnt\n|-unboost|p2a: Iron Bundle|spe|1\n|faint|p2b: Flutter Mane\n|-end|p2b: Flutter Mane|Protosynthesis|[silent]\n|\n|-damage|p2a: Iron Bundle|26\/100 tox|[from] psn\n|upkeep\n|inactive|alexo9721 has 30 seconds left.\n|\n|t:|1682286109\n|switch|p2b: Murkrow|Murkrow, L50, F, shiny|100\/100\n|turn|5\n|\n|t:|1682286120\n|move|p2b: Murkrow|Tailwind|p2b: Murkrow\n|-sidestart|p2: alexo9721|move: Tailwind\n|move|p2a: Iron Bundle|Hydro Pump|p1b: Flutter Mane\n|-end|p1b: Flutter Mane|Substitute\n|move|p1b: Flutter Mane|Hex|p2a: Iron Bundle\n|-damage|p2a: Iron Bundle|0 fnt\n|faint|p2a: Iron Bundle\n|-end|p2a: Iron Bundle|Quark Drive|[silent]\n|move|p1a: Dondozo|Yawn|p2b: Murkrow\n|-start|p2b: Murkrow|move: Yawn|[of] p1a: Dondozo\n|\n|upkeep\n|\n|t:|1682286127\n|switch|p2a: Corviknight|Corviknight, L50, M|100\/100\n|turn|6\n|\n|t:|1682286142\n|move|p1b: Flutter Mane|Protect|p1b: Flutter Mane\n|-singleturn|p1b: Flutter Mane|Protect\n|move|p2b: Murkrow|Sunny Day|p2b: Murkrow\n|-weather|SunnyDay\n|move|p2a: Corviknight|Brave Bird|p1b: Flutter Mane\n|-activate|p1b: Flutter Mane|move: Protect\n|move|p1a: Dondozo|Yawn|p2a: Corviknight\n|-start|p2a: Corviknight|move: Yawn|[of] p1a: Dondozo\n|\n|-weather|SunnyDay|[upkeep]\n|-end|p2b: Murkrow|move: Yawn|[silent]\n|-status|p2b: Murkrow|slp\n|upkeep\n|turn|7\n|\n|t:|1682286167\n|switch|p1a: Tatsugiri|Tatsugiri-Stretchy, L50, F|100\/100\n|move|p1b: Flutter Mane|Hex|p2a: Corviknight\n|-damage|p2a: Corviknight|66\/100\n|cant|p2b: Murkrow|slp\n|move|p2a: Corviknight|Brave Bird|p1b: Flutter Mane\n|-resisted|p1b: Flutter Mane\n|-damage|p1b: Flutter Mane|0 fnt\n|faint|p1b: Flutter Mane\n|-end|p1b: Flutter Mane|Protosynthesis|[silent]\n|-damage|p2a: Corviknight|62\/100|[from] Recoil\n|\n|-weather|SunnyDay|[upkeep]\n|-end|p2a: Corviknight|move: Yawn|[silent]\n|-status|p2a: Corviknight|slp\n|upkeep\n|\n|t:|1682286176\n|switch|p1b: Dondozo|Dondozo, L50, M|45\/100\n|turn|8\n|\n|t:|1682286184\n|cant|p2b: Murkrow|slp\n|cant|p2a: Corviknight|slp\n|move|p1a: Tatsugiri|Muddy Water|p2b: Murkrow|[spread] p2a,p2b\n|-damage|p2a: Corviknight|35\/100 slp\n|-damage|p2b: Murkrow|80\/100 slp\n|move|p1b: Dondozo|Wave Crash|p1a: Tatsugiri\n|-activate|p1a: Tatsugiri|ability: Storm Drain\n|-ability|p1a: Tatsugiri|Storm Drain|boost\n|-boost|p1a: Tatsugiri|spa|1\n|\n|-weather|SunnyDay|[upkeep]\n|-sideend|p2: alexo9721|move: Tailwind\n|upkeep\n|turn|9\n|\n|t:|1682286205\n|cant|p2b: Murkrow|slp\n|move|p1a: Tatsugiri|Muddy Water|p2a: Corviknight|[spread] p2a,p2b\n|-damage|p2a: Corviknight|0 fnt\n|-damage|p2b: Murkrow|50\/100 slp\n|-unboost|p2b: Murkrow|accuracy|1\n|faint|p2a: Corviknight\n|move|p1b: Dondozo|Wave Crash|p1a: Tatsugiri\n|-activate|p1a: Tatsugiri|ability: Storm Drain\n|-ability|p1a: Tatsugiri|Storm Drain|boost\n|-boost|p1a: Tatsugiri|spa|1\n|\n|-weather|SunnyDay|[upkeep]\n|upkeep\n|turn|10\n|\n|t:|1682286216\n|-terastallize|p2b: Murkrow|Steel\n|-curestatus|p2b: Murkrow|slp|[msg]\n|move|p2b: Murkrow|Foul Play|p1a: Tatsugiri|[miss]\n|-miss|p2b: Murkrow|p1a: Tatsugiri\n|move|p1a: Tatsugiri|Muddy Water|p2b: Murkrow\n|-damage|p2b: Murkrow|0 fnt\n|faint|p2b: Murkrow\n|\n|win|Kirovz\n|raw|Kirovz's rating: 1267 → 1298<\/strong> (+31 for winning)\n|raw|alexo9721's rating: 1357 → 1332<\/strong> (-25 for losing)\n|l|\u2606alexo9721\n","uploadtime":1682286227,"views":2,"p1id":"kirovz","p2id":"alexo9721","formatid":"gen9vgc2023regulationc","rating":1298,"private":0,"password":""}