{"id":"gen9vgc2023regulationc-1860157867","p1":"Mumumumum","p2":"cosmiclime","format":"[Gen 9] VGC 2023 Regulation C","log":"|j|\u2606Mumumumum\n|j|\u2606cosmiclime\n|t:|1683602430\n|gametype|doubles\n|player|p1|Mumumumum|101|1116\n|player|p2|cosmiclime|irida|1000\n|teamsize|p1|6\n|teamsize|p2|6\n|gen|9\n|tier|[Gen 9] VGC 2023 Regulation C\n|rated|\n|rule|Species Clause: Limit one of each Pok\u00e9mon\n|rule|Item Clause: Limit one of each item\n|clearpoke\n|poke|p1|Sandy Shocks, L50|\n|poke|p1|Chi-Yu, L50|\n|poke|p1|Espathra, L50, F|\n|poke|p1|Sylveon, L50, M|\n|poke|p1|Dondozo, L50, M|\n|poke|p1|Tatsugiri-Stretchy, L50, M|\n|poke|p2|Torkoal, L50, F|\n|poke|p2|Flutter Mane, L50|\n|poke|p2|Jumpluff, L50, M|\n|poke|p2|Great Tusk, L50|\n|poke|p2|Chien-Pao, L50|\n|poke|p2|Dragapult, L50, F|\n|teampreview|4\n|inactive|Battle timer is ON: inactive players will automatically lose when time's up. (requested by cosmiclime)\n|\n|t:|1683602466\n|start\n|switch|p1a: Sandy Shocks|Sandy Shocks, L50, shiny|100\/100\n|switch|p1b: Espathra|Espathra, L50, F|100\/100\n|switch|p2a: Torkoal|Torkoal, L50, F, shiny|100\/100\n|switch|p2b: Jumpluff|Jumpluff, L50, M, shiny|100\/100\n|-weather|SunnyDay|[from] ability: Drought|[of] p2a: Torkoal\n|-activate|p1a: Sandy Shocks|ability: Protosynthesis\n|-start|p1a: Sandy Shocks|protosynthesisspe\n|turn|1\n|\n|t:|1683602487\n|move|p2b: Jumpluff|Tailwind|p2b: Jumpluff\n|-sidestart|p2: cosmiclime|move: Tailwind\n|move|p1a: Sandy Shocks|Gravity|p1a: Sandy Shocks\n|-fieldstart|move: Gravity\n|move|p1b: Espathra|Hypnosis|p2a: Torkoal\n|-status|p2a: Torkoal|slp|[from] move: Hypnosis\n|cant|p2a: Torkoal|slp\n|\n|-weather|SunnyDay|[upkeep]\n|-ability|p1b: Espathra|Speed Boost|boost\n|-boost|p1b: Espathra|spe|1\n|upkeep\n|turn|2\n|\n|t:|1683602508\n|switch|p2a: Flutter Mane|Flutter Mane, L50|100\/100\n|-activate|p2a: Flutter Mane|ability: Protosynthesis\n|-start|p2a: Flutter Mane|protosynthesisspe\n|move|p2b: Jumpluff|Leaf Storm|p1a: Sandy Shocks\n|-supereffective|p1a: Sandy Shocks\n|-crit|p1a: Sandy Shocks\n|-damage|p1a: Sandy Shocks|3\/100\n|-unboost|p2b: Jumpluff|spa|2\n|move|p1a: Sandy Shocks|Earth Power|p2a: Flutter Mane\n|-damage|p2a: Flutter Mane|57\/100\n|move|p1b: Espathra|Hypnosis|p2b: Jumpluff\n|-status|p2b: Jumpluff|slp|[from] move: Hypnosis\n|\n|-weather|SunnyDay|[upkeep]\n|-ability|p1b: Espathra|Speed Boost|boost\n|-boost|p1b: Espathra|spe|1\n|upkeep\n|turn|3\n|inactive|cosmiclime has 30 seconds left.\n|\n|t:|1683602534\n|move|p1a: Sandy Shocks|Protect|p1a: Sandy Shocks\n|-singleturn|p1a: Sandy Shocks|Protect\n|cant|p2b: Jumpluff|slp\n|move|p2a: Flutter Mane|Dazzling Gleam|p1a: Sandy Shocks|[spread] p1b\n|-activate|p1a: Sandy Shocks|move: Protect\n|-damage|p1b: Espathra|32\/100\n|move|p1b: Espathra|Hypnosis|p2a: Flutter Mane\n|-status|p2a: Flutter Mane|slp|[from] move: Hypnosis\n|\n|-weather|SunnyDay|[upkeep]\n|-ability|p1b: Espathra|Speed Boost|boost\n|-boost|p1b: Espathra|spe|1\n|upkeep\n|turn|4\n|\n|t:|1683602549\n|-curestatus|p2b: Jumpluff|slp|[msg]\n|move|p2b: Jumpluff|Sleep Powder|p1b: Espathra\n|-status|p1b: Espathra|slp|[from] move: Sleep Powder\n|cant|p2a: Flutter Mane|slp\n|cant|p1b: Espathra|slp\n|move|p1a: Sandy Shocks|Thunderbolt|p2b: Jumpluff\n|-damage|p2b: Jumpluff|57\/100\n|\n|-weather|SunnyDay|[upkeep]\n|-sideend|p2: cosmiclime|move: Tailwind\n|-ability|p1b: Espathra|Speed Boost|boost\n|-boost|p1b: Espathra|spe|1\n|upkeep\n|turn|5\n|\n|t:|1683602564\n|cant|p1b: Espathra|slp\n|move|p2b: Jumpluff|Leaf Storm|p1b: Espathra\n|-damage|p1b: Espathra|9\/100 slp\n|-unboost|p2b: Jumpluff|spa|2\n|cant|p2a: Flutter Mane|slp\n|move|p1a: Sandy Shocks|Thunderbolt|p2b: Jumpluff\n|-damage|p2b: Jumpluff|9\/100\n|\n|-weather|none\n|-end|p2a: Flutter Mane|Protosynthesis\n|-end|p1a: Sandy Shocks|Protosynthesis\n|-fieldend|move: Gravity\n|-ability|p1b: Espathra|Speed Boost|boost\n|-boost|p1b: Espathra|spe|1\n|upkeep\n|-enditem|p1a: Sandy Shocks|Booster Energy\n|-activate|p1a: Sandy Shocks|ability: Protosynthesis|[fromitem]\n|-start|p1a: Sandy Shocks|protosynthesisspe\n|turn|6\n|inactive|Mumumumum has 30 seconds left.\n|\n|t:|1683602589\n|cant|p1b: Espathra|slp\n|move|p1a: Sandy Shocks|Thunderbolt|p2b: Jumpluff\n|-damage|p2b: Jumpluff|0 fnt\n|faint|p2b: Jumpluff\n|cant|p2a: Flutter Mane|slp\n|\n|-ability|p1b: Espathra|Speed Boost|boost\n|-boost|p1b: Espathra|spe|1\n|upkeep\n|\n|t:|1683602595\n|switch|p2b: Dragapult|Dragapult, L50, F, shiny|100\/100\n|turn|7\n|\n|t:|1683602612\n|-curestatus|p1b: Espathra|slp|[msg]\n|move|p1b: Espathra|Protect|p1b: Espathra\n|-singleturn|p1b: Espathra|Protect\n|move|p1a: Sandy Shocks|Gravity|p1a: Sandy Shocks\n|-fieldstart|move: Gravity\n|move|p2b: Dragapult|Dragon Darts|p1a: Sandy Shocks\n|-damage|p1a: Sandy Shocks|0 fnt\n|faint|p1a: Sandy Shocks\n|-end|p1a: Sandy Shocks|Protosynthesis|[silent]\n|-curestatus|p2a: Flutter Mane|slp|[msg]\n|move|p2a: Flutter Mane|Dazzling Gleam|p1b: Espathra\n|-activate|p1b: Espathra|move: Protect\n|\n|upkeep\n|\n|t:|1683602622\n|switch|p1a: Dondozo|Dondozo, L50, M|100\/100\n|turn|8\n|\n|t:|1683602628\n|-terastallize|p2a: Flutter Mane|Fairy\n|move|p1a: Dondozo|Protect|p1a: Dondozo\n|-singleturn|p1a: Dondozo|Protect\n|move|p1b: Espathra|Hypnosis|p2a: Flutter Mane\n|-status|p2a: Flutter Mane|slp|[from] move: Hypnosis\n|move|p2b: Dragapult|Dragon Darts|p1b: Espathra\n|-damage|p1b: Espathra|0 fnt\n|faint|p1b: Espathra\n|cant|p2a: Flutter Mane|slp\n|\n|upkeep\n|\n|t:|1683602634\n|switch|p1b: Tatsugiri|Tatsugiri-Stretchy, L50, M|100\/100\n|-activate|p1b: Tatsugiri|ability: Commander|[of] p1a: Dondozo\n|-boost|p1a: Dondozo|atk|2\n|-boost|p1a: Dondozo|spa|2\n|-boost|p1a: Dondozo|spe|2\n|-boost|p1a: Dondozo|def|2\n|-boost|p1a: Dondozo|spd|2\n|turn|9\n|\n|t:|1683602641\n|-terastallize|p1a: Dondozo|Ground\n|move|p2b: Dragapult|Dragon Darts|p1a: Dondozo\n|-damage|p1a: Dondozo|87\/100\n|-anim|p2b: Dragapult|Dragon Darts|p1a: Dondozo\n|-damage|p1a: Dondozo|72\/100\n|cant|p2a: Flutter Mane|slp\n|move|p1a: Dondozo|Earthquake|p2a: Flutter Mane|[spread] p2a,p2b\n|-miss|p1a: Dondozo|p1b: Tatsugiri\n|-damage|p2a: Flutter Mane|0 fnt\n|-damage|p2b: Dragapult|0 fnt\n|faint|p2a: Flutter Mane\n|-end|p2a: Flutter Mane|Protosynthesis|[silent]\n|faint|p2b: Dragapult\n|-damage|p1a: Dondozo|62\/100|[from] item: Life Orb\n|\n|upkeep\n|\n|t:|1683602654\n|switch|p2b: Torkoal|Torkoal, L50, F, shiny|100\/100 slp\n|-weather|SunnyDay|[from] ability: Drought|[of] p2b: Torkoal\n|turn|10\n|\n|t:|1683602660\n|move|p1a: Dondozo|Earthquake|p2b: Torkoal|[spread] p2b\n|-miss|p1a: Dondozo|p1b: Tatsugiri\n|-supereffective|p2b: Torkoal\n|-damage|p2b: Torkoal|0 fnt\n|faint|p2b: Torkoal\n|-damage|p1a: Dondozo|53\/100|[from] item: Life Orb\n|\n|win|Mumumumum\n|raw|Mumumumum's rating: 1116 → 1133<\/strong> (+17 for winning)\n|raw|cosmiclime's rating: 1000 → 1000<\/strong> (+0 for losing)\n|l|\u2606cosmiclime\n","uploadtime":1683602680,"views":8,"p1id":"mumumumum","p2id":"cosmiclime","formatid":"gen9vgc2023regulationc","rating":1000,"private":0,"password":""}