{"id":"gen9vgc2023regulationc-1860270156","p1":"PkhunterHK","p2":"Hanou143","format":"[Gen 9] VGC 2023 Regulation C","log":"|j|\u2606PkhunterHK\n|j|\u2606Hanou143\n|t:|1683622699\n|gametype|doubles\n|player|p1|PkhunterHK|maylene|1554\n|player|p2|Hanou143|102|1531\n|teamsize|p1|6\n|teamsize|p2|6\n|gen|9\n|tier|[Gen 9] VGC 2023 Regulation C\n|rated|\n|rule|Species Clause: Limit one of each Pok\u00e9mon\n|rule|Item Clause: Limit one of each item\n|clearpoke\n|poke|p1|Azumarill, L50, M|\n|poke|p1|Gothorita, L50, M|\n|poke|p1|Gothitelle, L50, M|\n|poke|p1|Coalossal, L50, M|\n|poke|p1|Dragapult, L50, F|\n|poke|p1|Flutter Mane, L50|\n|poke|p2|Jumpluff, L50, M|\n|poke|p2|Torkoal, L50, F|\n|poke|p2|Flutter Mane, L50|\n|poke|p2|Chien-Pao, L50|\n|poke|p2|Great Tusk, L50|\n|poke|p2|Kingambit, L50, M|\n|teampreview|4\n|inactive|Battle timer is ON: inactive players will automatically lose when time's up. (requested by PkhunterHK)\nHanou143 rejected open team sheets.\n|inactive|Hanou143 has 60 seconds left.\n|\n|t:|1683622733\n|start\n|switch|p1a: Gothitelle|Gothitelle, L50, M|100\/100\n|switch|p1b: Flutter Mane|Flutter Mane, L50|100\/100\n|switch|p2a: Torkoal|Torkoal, L50, F|100\/100\n|switch|p2b: Jumpluff|Jumpluff, L50, M|100\/100\n|-weather|SunnyDay|[from] ability: Drought|[of] p2a: Torkoal\n|-activate|p1b: Flutter Mane|ability: Protosynthesis\n|-start|p1b: Flutter Mane|protosynthesisspe\n|turn|1\n|\n|t:|1683622752\n|move|p1a: Gothitelle|Fake Out|p2a: Torkoal\n|-damage|p2a: Torkoal|96\/100\n|move|p2b: Jumpluff|Tailwind|p2b: Jumpluff\n|-sidestart|p2: Hanou143|move: Tailwind\n|move|p1b: Flutter Mane|Perish Song|p1b: Flutter Mane\n|-start|p1a: Gothitelle|perish3|[silent]\n|-start|p1b: Flutter Mane|perish3|[silent]\n|-start|p2a: Torkoal|perish3|[silent]\n|-start|p2b: Jumpluff|perish3|[silent]\n|-fieldactivate|move: Perish Song\n|cant|p2a: Torkoal|flinch\n|\n|-weather|SunnyDay|[upkeep]\n|-start|p2b: Jumpluff|perish3\n|-start|p1b: Flutter Mane|perish3\n|-start|p1a: Gothitelle|perish3\n|-start|p2a: Torkoal|perish3\n|upkeep\n|turn|2\n|\n|t:|1683622776\n|move|p1b: Flutter Mane|Protect|p1b: Flutter Mane\n|-singleturn|p1b: Flutter Mane|Protect\n|move|p1a: Gothitelle|Protect|p1a: Gothitelle\n|-singleturn|p1a: Gothitelle|Protect\n|move|p2b: Jumpluff|Encore|p1a: Gothitelle\n|-activate|p1a: Gothitelle|move: Protect\n|move|p2a: Torkoal|Overheat|p1b: Flutter Mane\n|-activate|p1b: Flutter Mane|move: Protect\n|\n|-weather|SunnyDay|[upkeep]\n|-start|p2b: Jumpluff|perish2\n|-start|p1b: Flutter Mane|perish2\n|-start|p1a: Gothitelle|perish2\n|-start|p2a: Torkoal|perish2\n|upkeep\n|turn|3\n|\n|t:|1683622800\n|-end|p1b: Flutter Mane|Protosynthesis|[silent]\n|switch|p1b: Gothorita|Gothorita, L50, M|100\/100\n|move|p2b: Jumpluff|Leaf Storm|p1a: Gothitelle\n|-crit|p1a: Gothitelle\n|-damage|p1a: Gothitelle|52\/100\n|-unboost|p2b: Jumpluff|spa|2\n|-enditem|p1a: Gothitelle|Eject Button\n|\n|t:|1683622810\n|switch|p1a: Azumarill|Azumarill, L50, M|100\/100\n|move|p2a: Torkoal|Overheat|p1a: Azumarill\n|-resisted|p1a: Azumarill\n|-damage|p1a: Azumarill|60\/100\n|-unboost|p2a: Torkoal|spa|2\n|-enditem|p2a: Torkoal|Eject Pack\n|\n|t:|1683622823\n|switch|p2a: Chien-Pao|Chien-Pao, L50|100\/100\n|-ability|p2a: Chien-Pao|Sword of Ruin\n|\n|-weather|SunnyDay|[upkeep]\n|-start|p2b: Jumpluff|perish1\n|upkeep\n|turn|4\n|inactive|PkhunterHK has 30 seconds left.\n|inactive|PkhunterHK has 20 seconds left.\n|\n|t:|1683622858\n|switch|p1a: Flutter Mane|Flutter Mane, L50|100\/100\n|-activate|p1a: Flutter Mane|ability: Protosynthesis\n|-start|p1a: Flutter Mane|protosynthesisspe\n|switch|p1b: Gothitelle|Gothitelle, L50, M|52\/100\n|move|p2a: Chien-Pao|Protect|p2a: Chien-Pao\n|-singleturn|p2a: Chien-Pao|Protect\n|move|p2b: Jumpluff|Encore||[still]\n|-fail|p2b: Jumpluff\n|\n|-weather|SunnyDay|[upkeep]\n|-start|p2b: Jumpluff|perish0\n|-sideend|p2: Hanou143|move: Tailwind\n|faint|p2b: Jumpluff\n|upkeep\n|\n|t:|1683622871\n|switch|p2b: Great Tusk|Great Tusk, L50|100\/100\n|-activate|p2b: Great Tusk|ability: Protosynthesis\n|-start|p2b: Great Tusk|protosynthesisatk\n|turn|5\n|\n|t:|1683622882\n|-terastallize|p2a: Chien-Pao|Flying\n|move|p1b: Gothitelle|Fake Out|p2b: Great Tusk\n|-damage|p2b: Great Tusk|96\/100\n|move|p1a: Flutter Mane|Perish Song|p1a: Flutter Mane\n|-start|p1a: Flutter Mane|perish3|[silent]\n|-start|p1b: Gothitelle|perish3|[silent]\n|-start|p2a: Chien-Pao|perish3|[silent]\n|-start|p2b: Great Tusk|perish3|[silent]\n|-fieldactivate|move: Perish Song\n|cant|p2b: Great Tusk|flinch\n|move|p2a: Chien-Pao|Ice Spinner|p1a: Flutter Mane\n|-damage|p1a: Flutter Mane|35\/100\n|\n|-weather|none\n|-end|p1a: Flutter Mane|Protosynthesis\n|-end|p2b: Great Tusk|Protosynthesis\n|-start|p1a: Flutter Mane|perish3\n|-start|p2b: Great Tusk|perish3\n|-start|p2a: Chien-Pao|perish3\n|-start|p1b: Gothitelle|perish3\n|upkeep\n|-enditem|p1a: Flutter Mane|Booster Energy\n|-activate|p1a: Flutter Mane|ability: Protosynthesis|[fromitem]\n|-start|p1a: Flutter Mane|protosynthesisspe\n|turn|6\n|\n|t:|1683622902\n|move|p1a: Flutter Mane|Protect|p1a: Flutter Mane\n|-singleturn|p1a: Flutter Mane|Protect\n|move|p2b: Great Tusk|Earthquake|p1a: Flutter Mane|[spread] p1b\n|-activate|p1a: Flutter Mane|move: Protect\n|-immune|p2a: Chien-Pao\n|-damage|p1b: Gothitelle|8\/100\n|move|p2a: Chien-Pao|Taunt|p1a: Flutter Mane\n|-activate|p1a: Flutter Mane|move: Protect\n|move|p1b: Gothitelle|Hypnosis|p2b: Great Tusk|[miss]\n|-miss|p1b: Gothitelle|p2b: Great Tusk\n|\n|-start|p1a: Flutter Mane|perish2\n|-start|p2b: Great Tusk|perish2\n|-start|p2a: Chien-Pao|perish2\n|-start|p1b: Gothitelle|perish2\n|upkeep\n|turn|7\n|inactive|Hanou143 has 30 seconds left.\n|\n|t:|1683622929\n|-end|p1a: Flutter Mane|Protosynthesis|[silent]\n|switch|p1a: Gothorita|Gothorita, L50, M|100\/100\n|move|p1b: Gothitelle|Protect|p1b: Gothitelle\n|-singleturn|p1b: Gothitelle|Protect\n|move|p2b: Great Tusk|Earthquake|p1a: Gothorita|[spread] p1a\n|-activate|p1b: Gothitelle|move: Protect\n|-immune|p2a: Chien-Pao\n|-crit|p1a: Gothorita\n|-damage|p1a: Gothorita|42\/100\n|move|p2a: Chien-Pao|Ice Spinner|p1a: Gothorita\n|-damage|p1a: Gothorita|4\/100\n|\n|-start|p2b: Great Tusk|perish1\n|-start|p2a: Chien-Pao|perish1\n|-start|p1b: Gothitelle|perish1\n|upkeep\n|turn|8\n|inactive|PkhunterHK has 30 seconds left.\n|\n|t:|1683622962\n|move|p2a: Chien-Pao|Protect|p2a: Chien-Pao\n|-singleturn|p2a: Chien-Pao|Protect\n|move|p1b: Gothitelle|Protect|p1b: Gothitelle\n|-singleturn|p1b: Gothitelle|Protect\n|move|p1a: Gothorita|Protect|p1a: Gothorita\n|-singleturn|p1a: Gothorita|Protect\n|move|p2b: Great Tusk|Earthquake|p1b: Gothitelle|[spread] \n|-activate|p2a: Chien-Pao|move: Protect\n|-activate|p1a: Gothorita|move: Protect\n|-activate|p1b: Gothitelle|move: Protect\n|\n|-start|p2b: Great Tusk|perish0\n|-start|p2a: Chien-Pao|perish0\n|-start|p1b: Gothitelle|perish0\n|faint|p2b: Great Tusk\n|-end|p2b: Great Tusk|Protosynthesis|[silent]\n|faint|p2a: Chien-Pao\n|faint|p1b: Gothitelle\n|upkeep\n|-message|Hanou143 forfeited.\n|\n|win|PkhunterHK\n|raw|PkhunterHK's rating: 1554 → 1573<\/strong> (+19 for winning)\n|raw|Hanou143's rating: 1531 → 1512<\/strong> (-19 for losing)\n|l|\u2606Hanou143\n|l|\u2606PkhunterHK\n","uploadtime":1683623057,"views":6,"p1id":"pkhunterhk","p2id":"hanou143","formatid":"gen9vgc2023regulationc","rating":1512,"private":0,"password":""}