{"id":"gen9vgc2023regulationc-1860006563","p1":"VGC n00bie","p2":"manolynx","format":"[Gen 9] VGC 2023 Regulation C","log":"|j|\u2606VGC n00bie\n|j|\u2606manolynx\n|t:|1683584359\n|gametype|doubles\n|player|p1|VGC n00bie|silver-gen2kanto|1134\n|player|p2|manolynx|2|1052\n|teamsize|p1|6\n|teamsize|p2|6\n|gen|9\n|tier|[Gen 9] VGC 2023 Regulation C\n|rated|\n|rule|Species Clause: Limit one of each Pok\u00e9mon\n|rule|Item Clause: Limit one of each item\n|clearpoke\n|poke|p1|Talonflame, L50, F|\n|poke|p1|Palafin, L50, M|\n|poke|p1|Flutter Mane, L50|\n|poke|p1|Iron Hands, L50|\n|poke|p1|Chien-Pao, L50|\n|poke|p1|Roaring Moon, L50|\n|poke|p2|Arcanine, L50, F|\n|poke|p2|Rotom-Wash, L50|\n|poke|p2|Slither Wing, L50|\n|poke|p2|Misdreavus, L50, M|\n|poke|p2|Glimmora, L50, M|\n|poke|p2|Corviknight, L50, M|\n|teampreview|4\n|inactive|Battle timer is ON: inactive players will automatically lose when time's up. (requested by VGC n00bie)\nVGC n00bie has agreed to open team sheets.\n|inactive|VGC n00bie has 60 seconds left.\n|inactive|manolynx has 60 seconds left.\n|inactive|VGC n00bie has 30 seconds left.\n|inactive|manolynx has 30 seconds left.\n|inactive|VGC n00bie has 20 seconds left.\n|inactive|manolynx has 20 seconds left.\n|inactive|VGC n00bie has 15 seconds left.\n|inactive|manolynx has 15 seconds left.\n|inactive|manolynx has 10 seconds left.\n|inactive|manolynx has 5 seconds left.\n|\n|t:|1683584447\n|start\n|switch|p1a: Margaret|Talonflame, L50, F|100\/100\n|switch|p1b: Hi 5 Ghost|Flutter Mane, L50|100\/100\n|switch|p2a: Misdreavus|Misdreavus, L50, M|100\/100\n|switch|p2b: Corviknight|Corviknight, L50, M|100\/100\n|turn|1\n|inactive|manolynx has 30 seconds left.\n|inactive|manolynx has 20 seconds left.\n|inactive|manolynx has 15 seconds left.\n|inactive|manolynx has 10 seconds left.\n|inactive|manolynx has 5 seconds left.\n|\n|t:|1683584497\n|-terastallize|p2a: Misdreavus|Electric\n|move|p1b: Hi 5 Ghost|Protect|p1b: Hi 5 Ghost\n|-singleturn|p1b: Hi 5 Ghost|Protect\n|move|p1a: Margaret|Taunt|p2a: Misdreavus\n|-start|p2a: Misdreavus|move: Taunt\n|cant|p2a: Misdreavus|move: Taunt|Fake Tears\n|move|p2b: Corviknight|Iron Head|p1b: Hi 5 Ghost\n|-activate|p1b: Hi 5 Ghost|move: Protect\n|\n|upkeep\n|turn|2\n|inactive|manolynx has 30 seconds left.\n|inactive|manolynx has 20 seconds left.\n|\n|t:|1683584535\n|switch|p2b: Rotom|Rotom-Wash, L50|100\/100\n|move|p1b: Hi 5 Ghost|Power Gem|p2b: Rotom\n|-damage|p2b: Rotom|64\/100\n|-damage|p1b: Hi 5 Ghost|91\/100|[from] item: Life Orb\n|move|p1a: Margaret|Will-O-Wisp|p2b: Rotom\n|-status|p2b: Rotom|brn\n|move|p2a: Misdreavus|Hex|p1b: Hi 5 Ghost\n|-supereffective|p1b: Hi 5 Ghost\n|-damage|p1b: Hi 5 Ghost|52\/100\n|\n|-damage|p2b: Rotom|58\/100 brn|[from] brn\n|upkeep\n|turn|3\n|inactive|manolynx has 30 seconds left.\n|\n|t:|1683584565\n|move|p1a: Margaret|Tailwind|p1a: Margaret\n|-sidestart|p1: VGC n00bie|move: Tailwind\n|move|p1b: Hi 5 Ghost|Dazzling Gleam|p2a: Misdreavus|[spread] p2a,p2b\n|-damage|p2a: Misdreavus|72\/100\n|-damage|p2b: Rotom|13\/100 brn\n|-enditem|p2b: Rotom|Iapapa Berry|[eat]\n|-heal|p2b: Rotom|46\/100 brn|[from] item: Iapapa Berry\n|-damage|p1b: Hi 5 Ghost|43\/100|[from] item: Life Orb\n|move|p2b: Rotom|Hydro Pump|p1a: Margaret|[miss]\n|-miss|p2b: Rotom|p1a: Margaret\n|move|p2a: Misdreavus|Hex|p1b: Hi 5 Ghost\n|-supereffective|p1b: Hi 5 Ghost\n|-damage|p1b: Hi 5 Ghost|0 fnt\n|faint|p1b: Hi 5 Ghost\n|-end|p1b: Hi 5 Ghost|Protosynthesis|[silent]\n|\n|-damage|p2b: Rotom|40\/100 brn|[from] brn\n|-end|p2a: Misdreavus|move: Taunt\n|upkeep\n|\n|t:|1683584588\n|switch|p1b: Mordecai|Roaring Moon, L50|100\/100\n|-enditem|p1b: Mordecai|Booster Energy\n|-activate|p1b: Mordecai|ability: Protosynthesis|[fromitem]\n|-start|p1b: Mordecai|protosynthesisspe\n|turn|4\n|\n|t:|1683584597\n|-terastallize|p1a: Margaret|Flying\n|move|p2b: Rotom|Protect|p2b: Rotom\n|-singleturn|p2b: Rotom|Protect\n|move|p1a: Margaret|Brave Bird|p2b: Rotom\n|-activate|p2b: Rotom|move: Protect\n|move|p1b: Mordecai|Crunch|p2a: Misdreavus\n|-damage|p2a: Misdreavus|34\/100\n|-unboost|p2a: Misdreavus|def|1\n|move|p2a: Misdreavus|Will-O-Wisp|p1b: Mordecai\n|-status|p1b: Mordecai|brn\n|\n|-damage|p1b: Mordecai|95\/100 brn|[from] brn\n|-damage|p2b: Rotom|34\/100 brn|[from] brn\n|upkeep\n|turn|5\n|inactive|manolynx has 30 seconds left.\n|inactive|manolynx has 20 seconds left.\n|inactive|manolynx has 15 seconds left.\n|inactive|manolynx has 10 seconds left.\n|\n|t:|1683584643\n|switch|p2b: Corviknight|Corviknight, L50, M|100\/100\n|move|p1a: Margaret|Brave Bird|p2a: Misdreavus\n|-resisted|p2a: Misdreavus\n|-damage|p2a: Misdreavus|0 fnt\n|faint|p2a: Misdreavus\n|-damage|p1a: Margaret|92\/100|[from] Recoil\n|move|p1b: Mordecai|Dragon Claw|p2b: Corviknight\n|-resisted|p2b: Corviknight\n|-damage|p2b: Corviknight|91\/100\n|\n|-damage|p1b: Mordecai|89\/100 brn|[from] brn\n|upkeep\n|inactive|manolynx has 30 seconds left.\n|\n|t:|1683584675\n|switch|p2a: Rotom|Rotom-Wash, L50|34\/100 brn\n|turn|6\n|\n|t:|1683584693\n|move|p1b: Mordecai|Dragon Claw|p2a: Rotom\n|-damage|p2a: Rotom|11\/100 brn\n|move|p1a: Margaret|Will-O-Wisp|p2b: Corviknight\n|-status|p2b: Corviknight|brn\n|-enditem|p2b: Corviknight|Lum Berry|[eat]\n|-curestatus|p2b: Corviknight|brn|[msg]\n|move|p2a: Rotom|Thunderbolt|p1a: Margaret\n|-supereffective|p1a: Margaret\n|-damage|p1a: Margaret|0 fnt\n|faint|p1a: Margaret\n|move|p2b: Corviknight|Iron Head|p1b: Mordecai\n|-damage|p1b: Mordecai|54\/100 brn\n|\n|-damage|p1b: Mordecai|48\/100 brn|[from] brn\n|-damage|p2a: Rotom|5\/100 brn|[from] brn\n|-sideend|p1: VGC n00bie|move: Tailwind\n|upkeep\n|\n|t:|1683584709\n|switch|p1a: Rigby|Chien-Pao, L50|100\/100\n|-ability|p1a: Rigby|Sword of Ruin\n|turn|7\n|inactive|manolynx has 30 seconds left.\n|\n|t:|1683584739\n|move|p1b: Mordecai|Protect|p1b: Mordecai\n|-singleturn|p1b: Mordecai|Protect\n|move|p1a: Rigby|Protect|p1a: Rigby\n|-singleturn|p1a: Rigby|Protect\n|move|p2a: Rotom|Thunder Wave|p1a: Rigby\n|-activate|p1a: Rigby|move: Protect\n|move|p2b: Corviknight|Iron Head|p1a: Rigby\n|-activate|p1a: Rigby|move: Protect\n|\n|-damage|p1b: Mordecai|42\/100 brn|[from] brn\n|-damage|p2a: Rotom|0 fnt|[from] brn\n|faint|p2a: Rotom\n|upkeep\n|\n|t:|1683584753\n|switch|p2a: Slither Wing|Slither Wing, L50|100\/100\n|-enditem|p2a: Slither Wing|Booster Energy\n|-activate|p2a: Slither Wing|ability: Protosynthesis|[fromitem]\n|-start|p2a: Slither Wing|protosynthesisatk\n|turn|8\n|\n|t:|1683584771\n|move|p1b: Mordecai|Protect||[still]\n|-fail|p1b: Mordecai\n|move|p2a: Slither Wing|Protect|p2a: Slither Wing\n|-singleturn|p2a: Slither Wing|Protect\n|move|p1a: Rigby|Ice Spinner|p2b: Corviknight\n|-damage|p2b: Corviknight|50\/100\n|move|p2b: Corviknight|Iron Head|p1b: Mordecai\n|-damage|p1b: Mordecai|0 fnt\n|faint|p1b: Mordecai\n|-end|p1b: Mordecai|Protosynthesis|[silent]\n|\n|upkeep\n|turn|9\n|inactive|manolynx has 30 seconds left.\n|\n|t:|1683584798\n|move|p1a: Rigby|Ice Spinner|p2b: Corviknight\n|-damage|p2b: Corviknight|3\/100\n|move|p2a: Slither Wing|Acrobatics|p1a: Rigby\n|-damage|p1a: Rigby|32\/100\n|move|p2b: Corviknight|Roost|p2b: Corviknight\n|-heal|p2b: Corviknight|53\/100\n|-singleturn|p2b: Corviknight|move: Roost\n|\n|upkeep\n|turn|10\n|-message|VGC n00bie forfeited.\n|\n|win|manolynx\n|raw|VGC n00bie's rating: 1134 → 1103<\/strong> (-31 for losing)\n|raw|manolynx's rating: 1052 → 1092<\/strong> (+40 for winning)\n|l|\u2606VGC n00bie\n","uploadtime":1683584827,"views":8,"p1id":"vgcn00bie","p2id":"manolynx","formatid":"gen9vgc2023regulationc","rating":1092,"private":0,"password":""}