{"id":"gen9vgc2023regulationc-1862101891","p1":"getmelit","p2":"Celaerity2","format":"[Gen 9] VGC 2023 Regulation C","log":"|j|\u2606getmelit\n|j|\u2606Celaerity2\n|t:|1683837145\n|gametype|doubles\n|player|p1|getmelit|266|\n|player|p2|Celaerity2|102|\n|teamsize|p1|6\n|teamsize|p2|6\n|gen|9\n|tier|[Gen 9] VGC 2023 Regulation C\n|rule|Species Clause: Limit one of each Pok\u00e9mon\n|rule|Item Clause: Limit one of each item\n|clearpoke\n|poke|p1|Flutter Mane, L50|\n|poke|p1|Chi-Yu, L50|\n|poke|p1|Gyarados, L50, M|\n|poke|p1|Amoonguss, L50, F|\n|poke|p1|Iron Hands, L50|\n|poke|p1|Iron Bundle, L50|\n|poke|p2|Gholdengo, L50|\n|poke|p2|Amoonguss, L50, F|\n|poke|p2|Chi-Yu, L50|\n|poke|p2|Gyarados, L50, F|\n|poke|p2|Iron Hands, L50|\n|poke|p2|Flutter Mane, L50|\n|teampreview|4\ngetmelit has agreed to open team sheets.\n|c|\u2606Celaerity2|hi\n|c|\u2606Celaerity2|g1\n|c|\u2606getmelit|hi glhf\nCelaerity2 has agreed to open team sheets.\n|c|\u2606Celaerity2|you too\n|j| pokemon19385\n|\n|t:|1683837237\n|start\n|switch|p1a: Gyarados|Gyarados, L50, M|100\/100\n|switch|p1b: Flutter Mane|Flutter Mane, L50|100\/100\n|switch|p2a: Chi-Yu|Chi-Yu, L50|100\/100\n|switch|p2b: Iron Hands|Iron Hands, L50|100\/100\n|-ability|p2a: Chi-Yu|Beads of Ruin\n|-ability|p1a: Gyarados|Intimidate|boost\n|-unboost|p2a: Chi-Yu|atk|1\n|-unboost|p2b: Iron Hands|atk|1\n|turn|1\n|\n|t:|1683837268\n|switch|p1a: Chi-Yu|Chi-Yu, L50|100\/100\n|-ability|p1a: Chi-Yu|Beads of Ruin\n|-terastallize|p1b: Flutter Mane|Fairy\n|-terastallize|p2a: Chi-Yu|Water\n|move|p2b: Iron Hands|Fake Out|p1b: Flutter Mane\n|-damage|p1b: Flutter Mane|82\/100\n|cant|p1b: Flutter Mane|flinch\n|move|p2a: Chi-Yu|Nasty Plot|p2a: Chi-Yu\n|-boost|p2a: Chi-Yu|spa|2\n|\n|upkeep\n|turn|2\n|\n|t:|1683837303\n|-end|p2b: Iron Hands|Quark Drive|[silent]\n|switch|p2b: Gholdengo|Gholdengo, L50|100\/100\n|move|p1b: Flutter Mane|Dazzling Gleam|p2b: Gholdengo|[spread] p2a,p2b\n|-resisted|p2b: Gholdengo\n|-damage|p2a: Chi-Yu|46\/100\n|-damage|p2b: Gholdengo|61\/100\n|move|p2a: Chi-Yu|Heat Wave|p1b: Flutter Mane|[spread] p1a,p1b\n|-resisted|p1a: Chi-Yu\n|-damage|p1a: Chi-Yu|68\/100\n|-damage|p1b: Flutter Mane|0 fnt\n|faint|p1b: Flutter Mane\n|-end|p1b: Flutter Mane|Protosynthesis|[silent]\n|move|p1a: Chi-Yu|Heat Wave|p2a: Chi-Yu|[spread] p2a,p2b\n|-resisted|p2a: Chi-Yu\n|-supereffective|p2b: Gholdengo\n|-damage|p2a: Chi-Yu|31\/100\n|-damage|p2b: Gholdengo|0 fnt\n|faint|p2b: Gholdengo\n|\n|-heal|p1a: Chi-Yu|74\/100|[from] item: Leftovers\n|upkeep\n|\n|t:|1683837328\n|switch|p1b: Iron Bundle|Iron Bundle, L50|100\/100\n|switch|p2b: Flutter Mane|Flutter Mane, L50|100\/100\n|-enditem|p1b: Iron Bundle|Booster Energy\n|-activate|p1b: Iron Bundle|ability: Quark Drive|[fromitem]\n|-start|p1b: Iron Bundle|quarkdrivespe\n|turn|3\n|\n|t:|1683837340\n|move|p2a: Chi-Yu|Protect|p2a: Chi-Yu\n|-singleturn|p2a: Chi-Yu|Protect\n|move|p1b: Iron Bundle|Icy Wind|p2a: Chi-Yu|[spread] p2b\n|-activate|p2a: Chi-Yu|move: Protect\n|-damage|p2b: Flutter Mane|72\/100\n|-unboost|p2b: Flutter Mane|spe|1\n|move|p1a: Chi-Yu|Heat Wave|p2b: Flutter Mane|[spread] p2b\n|-activate|p2a: Chi-Yu|move: Protect\n|-damage|p2b: Flutter Mane|24\/100\n|move|p2b: Flutter Mane|Moonblast|p1b: Iron Bundle\n|-damage|p1b: Iron Bundle|0 fnt\n|faint|p1b: Iron Bundle\n|-end|p1b: Iron Bundle|Quark Drive|[silent]\n|\n|-heal|p1a: Chi-Yu|80\/100|[from] item: Leftovers\n|upkeep\n|\n|t:|1683837351\n|switch|p1b: Gyarados|Gyarados, L50, M|100\/100\n|-ability|p1b: Gyarados|Intimidate|boost\n|-unboost|p2a: Chi-Yu|atk|1\n|-unboost|p2b: Flutter Mane|atk|1\n|turn|4\n|\n|t:|1683837361\n|move|p2a: Chi-Yu|Dark Pulse|p1b: Gyarados\n|-damage|p1b: Gyarados|33\/100\n|move|p1a: Chi-Yu|Nasty Plot|p1a: Chi-Yu\n|-boost|p1a: Chi-Yu|spa|2\n|move|p2b: Flutter Mane|Moonblast|p1a: Chi-Yu\n|-damage|p1a: Chi-Yu|9\/100\n|move|p1b: Gyarados|Thunder Wave|p2a: Chi-Yu\n|-status|p2a: Chi-Yu|par\n|\n|-heal|p1a: Chi-Yu|15\/100|[from] item: Leftovers\n|upkeep\n|turn|5\n|\n|t:|1683837384\n|move|p1b: Gyarados|Helping Hand|p1a: Chi-Yu\n|-singleturn|p1a: Chi-Yu|Helping Hand|[of] p1b: Gyarados\n|cant|p2a: Chi-Yu|par\n|move|p1a: Chi-Yu|Heat Wave|p2b: Flutter Mane|[spread] p2a,p2b\n|-resisted|p2a: Chi-Yu\n|-damage|p2a: Chi-Yu|0 fnt\n|-damage|p2b: Flutter Mane|0 fnt\n|faint|p2a: Chi-Yu\n|faint|p2b: Flutter Mane\n|-end|p2b: Flutter Mane|Protosynthesis|[silent]\n|\n|-heal|p1a: Chi-Yu|21\/100|[from] item: Leftovers\n|upkeep\n|\n|t:|1683837390\n|switch|p2b: Iron Hands|Iron Hands, L50|100\/100\n|turn|6\n|\n|t:|1683837397\n|move|p1a: Chi-Yu|Protect|p1a: Chi-Yu\n|-singleturn|p1a: Chi-Yu|Protect\n|move|p1b: Gyarados|Waterfall|p2b: Iron Hands\n|-damage|p2b: Iron Hands|79\/100\n|move|p2b: Iron Hands|Drain Punch|p1a: Chi-Yu\n|-activate|p1a: Chi-Yu|move: Protect\n|\n|-heal|p1a: Chi-Yu|28\/100|[from] item: Leftovers\n|upkeep\n|turn|7\n|\n|t:|1683837407\n|move|p1a: Chi-Yu|Heat Wave|p2b: Iron Hands\n|-damage|p2b: Iron Hands|19\/100\n|move|p1b: Gyarados|Waterfall|p2b: Iron Hands\n|-damage|p2b: Iron Hands|0 fnt\n|faint|p2b: Iron Hands\n|-end|p2b: Iron Hands|Quark Drive|[silent]\n|\n|win|getmelit\n|l|\u2606getmelit\n|c|\u2606Celaerity2|gg\n|l| pokemon19385\n|j| OgyZintheCorner\n|l|\u2606Celaerity2\n|j| thrillcorner\n|l| OgyZintheCorner\n","uploadtime":1683837668,"views":23,"p1id":"getmelit","p2id":"celaerity2","formatid":"gen9vgc2023regulationc","rating":0,"private":0,"password":""}