{"id":"gen9vgc2023regulationc-1854722609","p1":"Yuni Sensei","p2":"todoroku kakusei","format":"[Gen 9] VGC 2023 Regulation C","log":"|j|\u2606Yuni Sensei\n|j|\u2606todoroku kakusei\n|t:|1682856851\n|gametype|doubles\n|player|p1|Yuni Sensei|ninjaboy|1554\n|player|p2|todoroku kakusei|102|1488\n|teamsize|p1|6\n|teamsize|p2|6\n|gen|9\n|tier|[Gen 9] VGC 2023 Regulation C\n|rated|\n|rule|Species Clause: Limit one of each Pok\u00e9mon\n|rule|Item Clause: Limit one of each item\n|clearpoke\n|poke|p1|Annihilape, L50, M|\n|poke|p1|Maushold, L50|\n|poke|p1|Talonflame, L50, M|\n|poke|p1|Ting-Lu, L50|\n|poke|p1|Gyarados, L50, M|\n|poke|p1|Amoonguss, L50, M|\n|poke|p2|Iron Bundle, L50|\n|poke|p2|Great Tusk, L50|\n|poke|p2|Arcanine, L50, M|\n|poke|p2|Chien-Pao, L50|\n|poke|p2|Dondozo, L50, M|\n|poke|p2|Tatsugiri, L50, F|\n|teampreview|4\n|j| chacaad\n|\n|t:|1682856938\n|start\n|switch|p1a: Annihilape|Annihilape, L50, M|100\/100\n|switch|p1b: Maushold|Maushold, L50|100\/100\n|switch|p2a: Dondozo|Dondozo, L50, M|100\/100\n|switch|p2b: Great Tusk|Great Tusk, L50|100\/100\n|turn|1\n|inactive|Battle timer is ON: inactive players will automatically lose when time's up. (requested by todoroku kakusei)\n|\n|t:|1682856958\n|-end|p2b: Great Tusk|Protosynthesis|[silent]\n|switch|p2b: Tatsugiri|Tatsugiri, L50, F|100\/100\n|-activate|p2b: Tatsugiri|ability: Commander|[of] p2a: Dondozo\n|-boost|p2a: Dondozo|atk|2\n|-boost|p2a: Dondozo|spa|2\n|-boost|p2a: Dondozo|spe|2\n|-boost|p2a: Dondozo|def|2\n|-boost|p2a: Dondozo|spd|2\n|-terastallize|p1b: Maushold|Ghost\n|move|p1b: Maushold|Beat Up|p1a: Annihilape\n|-damage|p1a: Annihilape|98\/100\n|-damage|p1a: Annihilape|96\/100\n|-damage|p1a: Annihilape|93\/100\n|-damage|p1a: Annihilape|91\/100\n|-hitcount|p1a: Annihilape|4\n|move|p1a: Annihilape|Bulk Up|p1a: Annihilape\n|-boost|p1a: Annihilape|atk|1\n|-boost|p1a: Annihilape|def|1\n|move|p2a: Dondozo|Surf|p1b: Maushold|[spread] p1a,p1b\n|-miss|p2a: Dondozo|p2b: Tatsugiri\n|-damage|p1a: Annihilape|61\/100\n|-damage|p1b: Maushold|54\/100\n|\n|-heal|p1a: Annihilape|67\/100|[from] item: Leftovers\n|upkeep\n|turn|2\n|\n|t:|1682856979\n|move|p1b: Maushold|Protect|p1b: Maushold\n|-singleturn|p1b: Maushold|Protect\n|move|p1a: Annihilape|Protect|p1a: Annihilape\n|-singleturn|p1a: Annihilape|Protect\n|move|p2a: Dondozo|Surf|p1a: Annihilape|[spread] \n|-miss|p2a: Dondozo|p2b: Tatsugiri\n|-activate|p1a: Annihilape|move: Protect\n|-activate|p1b: Maushold|move: Protect\n|\n|-heal|p1a: Annihilape|74\/100|[from] item: Leftovers\n|upkeep\n|turn|3\n|\n|t:|1682856993\n|move|p1b: Maushold|Super Fang|p2a: Dondozo\n|-damage|p2a: Dondozo|50\/100\n|move|p1a: Annihilape|Rage Fist|p2a: Dondozo\n|-damage|p2a: Dondozo|0 fnt\n|faint|p2a: Dondozo\n|\n|-heal|p1a: Annihilape|80\/100|[from] item: Leftovers\n|upkeep\n|\n|t:|1682857001\n|switch|p2a: Great Tusk|Great Tusk, L50|100\/100\n|turn|4\n|\n|t:|1682857018\n|move|p2b: Tatsugiri|Muddy Water|p1a: Annihilape|[spread] p1a,p1b\n|-damage|p1a: Annihilape|63\/100\n|-damage|p1b: Maushold|26\/100\n|-unboost|p1a: Annihilape|accuracy|1\n|-ability|p1a: Annihilape|Defiant|boost\n|-boost|p1a: Annihilape|atk|2\n|move|p1b: Maushold|Super Fang|p2b: Tatsugiri\n|-damage|p2b: Tatsugiri|51\/100\n|move|p2a: Great Tusk|Headlong Rush|p1a: Annihilape\n|-damage|p1a: Annihilape|25\/100\n|-unboost|p2a: Great Tusk|def|1\n|-unboost|p2a: Great Tusk|spd|1\n|move|p1a: Annihilape|Rage Fist|p2a: Great Tusk|[miss]\n|-miss|p1a: Annihilape|p2a: Great Tusk\n|\n|-heal|p1a: Annihilape|32\/100|[from] item: Leftovers\n|upkeep\n|turn|5\n|\n|t:|1682857037\n|move|p1a: Annihilape|Protect|p1a: Annihilape\n|-singleturn|p1a: Annihilape|Protect\n|move|p2b: Tatsugiri|Muddy Water|p1a: Annihilape|[spread] p1b\n|-activate|p1a: Annihilape|move: Protect\n|-damage|p1b: Maushold|0 fnt\n|faint|p1b: Maushold\n|move|p2a: Great Tusk|Headlong Rush|p1a: Annihilape\n|-activate|p1a: Annihilape|move: Protect\n|\n|-heal|p1a: Annihilape|38\/100|[from] item: Leftovers\n|upkeep\n|\n|t:|1682857049\n|switch|p1b: Amoonguss|Amoonguss, L50, M|100\/100\n|turn|6\n|\n|t:|1682857063\n|move|p1b: Amoonguss|Rage Powder|p1b: Amoonguss\n|-singleturn|p1b: Amoonguss|move: Rage Powder\n|move|p2b: Tatsugiri|Muddy Water|p1b: Amoonguss|[spread] p1a,p1b\n|-resisted|p1b: Amoonguss\n|-damage|p1a: Annihilape|13\/100\n|-damage|p1b: Amoonguss|90\/100\n|-unboost|p1a: Annihilape|accuracy|1\n|-ability|p1a: Annihilape|Defiant|boost\n|-boost|p1a: Annihilape|atk|2\n|move|p2a: Great Tusk|Headlong Rush|p1b: Amoonguss\n|-damage|p1b: Amoonguss|37\/100\n|-unboost|p2a: Great Tusk|def|1\n|-unboost|p2a: Great Tusk|spd|1\n|-enditem|p1b: Amoonguss|Sitrus Berry|[eat]\n|-heal|p1b: Amoonguss|62\/100|[from] item: Sitrus Berry\n|move|p1a: Annihilape|Drain Punch|p2a: Great Tusk\n|-damage|p2a: Great Tusk|0 fnt\n|-heal|p1a: Annihilape|59\/100|[from] drain|[of] p2a: Great Tusk\n|faint|p2a: Great Tusk\n|-end|p2a: Great Tusk|Protosynthesis|[silent]\n|\n|-heal|p1a: Annihilape|65\/100|[from] item: Leftovers\n|upkeep\n|\n|t:|1682857082\n|switch|p2a: Iron Bundle|Iron Bundle, L50|100\/100\n|-enditem|p2a: Iron Bundle|Booster Energy\n|-activate|p2a: Iron Bundle|ability: Quark Drive|[fromitem]\n|-start|p2a: Iron Bundle|quarkdrivespe\n|turn|7\n|\n|t:|1682857100\n|-terastallize|p2a: Iron Bundle|Ghost\n|move|p2a: Iron Bundle|Freeze-Dry|p1b: Amoonguss\n|-supereffective|p1b: Amoonguss\n|-damage|p1b: Amoonguss|0 fnt\n|faint|p1b: Amoonguss\n|move|p2b: Tatsugiri|Muddy Water|p1a: Annihilape\n|-damage|p1a: Annihilape|32\/100\n|-unboost|p1a: Annihilape|accuracy|1\n|-ability|p1a: Annihilape|Defiant|boost\n|-boost|p1a: Annihilape|atk|1\n|move|p1a: Annihilape|Drain Punch|p2a: Iron Bundle\n|-immune|p2a: Iron Bundle\n|\n|-heal|p1a: Annihilape|38\/100|[from] item: Leftovers\n|upkeep\n|\n|t:|1682857113\n|switch|p1b: Gyarados|Gyarados, L50, M|100\/100\n|-ability|p1b: Gyarados|Intimidate|boost\n|-unboost|p2a: Iron Bundle|atk|1\n|-unboost|p2b: Tatsugiri|atk|1\n|turn|8\n|\n|t:|1682857127\n|move|p1a: Annihilape|Protect|p1a: Annihilape\n|-singleturn|p1a: Annihilape|Protect\n|move|p2a: Iron Bundle|Hydro Pump|p1a: Annihilape\n|-activate|p1a: Annihilape|move: Protect\n|move|p2b: Tatsugiri|Muddy Water|p1b: Gyarados|[spread] p1b\n|-activate|p1a: Annihilape|move: Protect\n|-resisted|p1b: Gyarados\n|-damage|p1b: Gyarados|89\/100\n|-unboost|p1b: Gyarados|accuracy|1\n|move|p1b: Gyarados|Thunder Wave|p2a: Iron Bundle\n|-status|p2a: Iron Bundle|par\n|\n|-heal|p1a: Annihilape|45\/100|[from] item: Leftovers\n|upkeep\n|turn|9\n|\n|t:|1682857148\n|move|p2b: Tatsugiri|Muddy Water|p1b: Gyarados|[spread] p1b\n|-miss|p2b: Tatsugiri|p1a: Annihilape\n|-resisted|p1b: Gyarados\n|-damage|p1b: Gyarados|76\/100\n|move|p2a: Iron Bundle|Encore|p1a: Annihilape\n|-start|p1a: Annihilape|Encore\n|move|p1a: Annihilape|Protect||[still]\n|-fail|p1a: Annihilape\n|move|p1b: Gyarados|Waterfall|p2a: Iron Bundle\n|-damage|p2a: Iron Bundle|61\/100 par\n|\n|-heal|p1a: Annihilape|51\/100|[from] item: Leftovers\n|upkeep\n|turn|10\n|\n|t:|1682857163\n|move|p1a: Annihilape|Protect|p1a: Annihilape\n|-singleturn|p1a: Annihilape|Protect\n|move|p2b: Tatsugiri|Muddy Water|p1a: Annihilape|[spread] p1b\n|-activate|p1a: Annihilape|move: Protect\n|-resisted|p1b: Gyarados\n|-damage|p1b: Gyarados|65\/100\n|cant|p2a: Iron Bundle|par\n|move|p1b: Gyarados|Thunder Wave|p2b: Tatsugiri\n|-status|p2b: Tatsugiri|par\n|\n|-heal|p1a: Annihilape|57\/100|[from] item: Leftovers\n|upkeep\n|turn|11\n|\n|t:|1682857182\n|move|p1a: Annihilape|Protect||[still]\n|-fail|p1a: Annihilape\n|move|p2a: Iron Bundle|Freeze-Dry|p1b: Gyarados\n|-supereffective|p1b: Gyarados\n|-damage|p1b: Gyarados|0 fnt\n|faint|p1b: Gyarados\n|move|p2b: Tatsugiri|Muddy Water|p1a: Annihilape|[miss]\n|-miss|p2b: Tatsugiri|p1a: Annihilape\n|\n|-heal|p1a: Annihilape|63\/100|[from] item: Leftovers\n|-end|p1a: Annihilape|Encore\n|upkeep\n|turn|12\n|\n|t:|1682857195\n|cant|p2a: Iron Bundle|par\n|move|p1a: Annihilape|Rage Fist|p2a: Iron Bundle|[miss]\n|-miss|p1a: Annihilape|p2a: Iron Bundle\n|move|p2b: Tatsugiri|Muddy Water|p1a: Annihilape\n|-damage|p1a: Annihilape|34\/100\n|-unboost|p1a: Annihilape|accuracy|1\n|-boost|p1a: Annihilape|atk|0\n|\n|-heal|p1a: Annihilape|40\/100|[from] item: Leftovers\n|upkeep\n|turn|13\n|\n|t:|1682857217\n|move|p2a: Iron Bundle|Hydro Pump|p1a: Annihilape\n|-damage|p1a: Annihilape|0 fnt\n|faint|p1a: Annihilape\n|\n|win|todoroku kakusei\n|raw|Yuni Sensei's rating: 1554 → 1530<\/strong> (-24 for losing)\n|raw|todoroku kakusei's rating: 1488 → 1512<\/strong> (+24 for winning)\n|l|\u2606todoroku kakusei\n","uploadtime":1682857246,"views":11,"p1id":"yunisensei","p2id":"todorokukakusei","formatid":"gen9vgc2023regulationc","rating":1512,"private":0,"password":""}