{"id":"gen9vgc2023regulationc-1846928443","p1":"GuanesRatedR","p2":"Tilzy","format":"[Gen 9] VGC 2023 Regulation C","log":"|j|\u2606GuanesRatedR\n|j|\u2606Tilzy\n|t:|1681902249\n|gametype|doubles\n|player|p1|GuanesRatedR|170|1300\n|player|p2|Tilzy|102|1333\n|teamsize|p1|6\n|teamsize|p2|6\n|gen|9\n|tier|[Gen 9] VGC 2023 Regulation C\n|rated|\n|rule|Species Clause: Limit one of each Pok\u00e9mon\n|rule|Item Clause: Limit one of each item\n|clearpoke\n|poke|p1|Talonflame, L50, M|\n|poke|p1|Amoonguss, L50, M|\n|poke|p1|Iron Hands, L50|\n|poke|p1|Garchomp, L50, F|\n|poke|p1|Flutter Mane, L50|\n|poke|p1|Iron Bundle, L50|\n|poke|p2|Dondozo, L50, M|\n|poke|p2|Tatsugiri, L50, F|\n|poke|p2|Pelipper, L50, M|\n|poke|p2|Drednaw, L50, M|\n|poke|p2|Chien-Pao, L50|\n|poke|p2|Dragonite, L50, F|\n|teampreview|4\n|inactive|Battle timer is ON: inactive players will automatically lose when time's up. (requested by GuanesRatedR)\n|inactive|Tilzy has 60 seconds left.\nGuanesRatedR rejected open team sheets.\n|c|\u2606GuanesRatedR|Nice team\n|inactive|Tilzy has 30 seconds left.\n|inactive|Tilzy has 20 seconds left.\n|inactive|Tilzy has 15 seconds left.\n|inactive|Tilzy has 10 seconds left.\n|inactive|Tilzy has 5 seconds left.\n|\n|t:|1681902343\n|start\n|switch|p1a: Iron Bundle|Iron Bundle, L50|100\/100\n|switch|p1b: Iron Hands|Iron Hands, L50|100\/100\n|switch|p2a: Dondozo|Dondozo, L50, M|100\/100\n|switch|p2b: Tatsugiri|Tatsugiri, L50, F|100\/100\n|-activate|p2b: Tatsugiri|ability: Commander|[of] p2a: Dondozo\n|-boost|p2a: Dondozo|atk|2\n|-boost|p2a: Dondozo|spa|2\n|-boost|p2a: Dondozo|spe|2\n|-boost|p2a: Dondozo|def|2\n|-boost|p2a: Dondozo|spd|2\n|turn|1\n|l|\u2606Tilzy\n|inactive|Tilzy disconnected and has a minute to reconnect!\n|player|p2|\n|inactive|Tilzy has 30 seconds left.\n|j|\u2606Tilzy\n|inactive|Tilzy reconnected and has 30 seconds left.\n|player|p2|Tilzy|102\n|\n|t:|1681902376\n|-terastallize|p2a: Dondozo|Water\n|move|p2a: Dondozo|Protect|p2a: Dondozo\n|-singleturn|p2a: Dondozo|Protect\n|move|p1b: Iron Hands|Fake Out|p2a: Dondozo\n|-activate|p2a: Dondozo|move: Protect\n|move|p1a: Iron Bundle|Icy Wind|p2a: Dondozo|[spread] \n|-miss|p1a: Iron Bundle|p2b: Tatsugiri\n|-activate|p2a: Dondozo|move: Protect\n|\n|upkeep\n|turn|2\n|inactive|GuanesRatedR has 30 seconds left.\n|\n|t:|1681902405\n|move|p1a: Iron Bundle|Freeze-Dry|p2a: Dondozo\n|-supereffective|p2a: Dondozo\n|-damage|p2a: Dondozo|58\/100\n|move|p2a: Dondozo|Wave Crash|p1a: Iron Bundle\n|-resisted|p1a: Iron Bundle\n|-damage|p1a: Iron Bundle|12\/100\n|-damage|p2a: Dondozo|41\/100|[from] Recoil\n|-damage|p2a: Dondozo|31\/100|[from] item: Life Orb\n|move|p1b: Iron Hands|Volt Switch|p2a: Dondozo\n|-supereffective|p2a: Dondozo\n|-damage|p2a: Dondozo|17\/100\n|\n|t:|1681902425\n|-end|p1b: Iron Hands|Quark Drive|[silent]\n|switch|p1b: Amoonguss|Amoonguss, L50, M|100\/100|[from] Volt Switch\n|\n|upkeep\n|turn|3\n|\n|t:|1681902445\n|move|p1a: Iron Bundle|Freeze-Dry|p2a: Dondozo\n|-supereffective|p2a: Dondozo\n|-damage|p2a: Dondozo|0 fnt\n|faint|p2a: Dondozo\n|move|p1b: Amoonguss|Spore|p2b: Tatsugiri\n|-status|p2b: Tatsugiri|slp|[from] move: Spore\n|\n|upkeep\n|\n|t:|1681902448\n|switch|p2a: Pelipper|Pelipper, L50, M|100\/100\n|-weather|RainDance|[from] ability: Drizzle|[of] p2a: Pelipper\n|turn|4\n|\n|t:|1681902464\n|move|p2a: Pelipper|Protect|p2a: Pelipper\n|-singleturn|p2a: Pelipper|Protect\n|move|p1b: Amoonguss|Rage Powder|p1b: Amoonguss\n|-singleturn|p1b: Amoonguss|move: Rage Powder\n|cant|p2b: Tatsugiri|slp\n|move|p1a: Iron Bundle|Icy Wind|p2a: Pelipper|[spread] p2b\n|-activate|p2a: Pelipper|move: Protect\n|-damage|p2b: Tatsugiri|77\/100 slp\n|-unboost|p2b: Tatsugiri|spe|1\n|\n|-weather|RainDance|[upkeep]\n|upkeep\n|turn|5\n|\n|t:|1681902487\n|move|p1b: Amoonguss|Rage Powder|p1b: Amoonguss\n|-singleturn|p1b: Amoonguss|move: Rage Powder\n|move|p1a: Iron Bundle|Icy Wind|p2a: Pelipper|[spread] p2a,p2b\n|-damage|p2a: Pelipper|70\/100\n|-damage|p2b: Tatsugiri|52\/100 slp\n|-unboost|p2a: Pelipper|spe|1\n|-unboost|p2b: Tatsugiri|spe|1\n|-curestatus|p2b: Tatsugiri|slp|[msg]\n|move|p2b: Tatsugiri|Muddy Water|p1a: Iron Bundle|[spread] p1a,p1b\n|-resisted|p1a: Iron Bundle\n|-resisted|p1b: Amoonguss\n|-damage|p1a: Iron Bundle|0 fnt\n|-damage|p1b: Amoonguss|81\/100\n|-unboost|p1b: Amoonguss|accuracy|1\n|faint|p1a: Iron Bundle\n|-end|p1a: Iron Bundle|Quark Drive|[silent]\n|move|p2a: Pelipper|Hurricane|p1b: Amoonguss\n|-supereffective|p1b: Amoonguss\n|-damage|p1b: Amoonguss|0 fnt\n|faint|p1b: Amoonguss\n|\n|-weather|RainDance|[upkeep]\n|upkeep\n|c|\u2606GuanesRatedR|XD\n|c|\u2606GuanesRatedR|XDDDDDDD\n|\n|t:|1681902508\n|switch|p1a: Iron Hands|Iron Hands, L50|100\/100\n|switch|p1b: Flutter Mane|Flutter Mane, L50|100\/100\n|-enditem|p1b: Flutter Mane|Booster Energy\n|-activate|p1b: Flutter Mane|ability: Protosynthesis|[fromitem]\n|-start|p1b: Flutter Mane|protosynthesisspa\n|turn|6\n|\n|t:|1681902523\n|-terastallize|p1b: Flutter Mane|Fairy\n|move|p1a: Iron Hands|Fake Out|p2a: Pelipper\n|-damage|p2a: Pelipper|53\/100\n|move|p1b: Flutter Mane|Dazzling Gleam|p2a: Pelipper|[spread] p2a,p2b\n|-supereffective|p2b: Tatsugiri\n|-damage|p2a: Pelipper|0 fnt\n|-damage|p2b: Tatsugiri|0 fnt\n|faint|p2a: Pelipper\n|faint|p2b: Tatsugiri\n|\n|-weather|RainDance|[upkeep]\n|upkeep\n|\n|t:|1681902529\n|switch|p2b: Drednaw|Drednaw, L50, M|100\/100\n|turn|7\n|\n|t:|1681902541\n|move|p1b: Flutter Mane|Protect|p1b: Flutter Mane\n|-singleturn|p1b: Flutter Mane|Protect\n|move|p2b: Drednaw|Rock Slide|p1b: Flutter Mane|[spread] p1a\n|-activate|p1b: Flutter Mane|move: Protect\n|-resisted|p1a: Iron Hands\n|-damage|p1a: Iron Hands|85\/100\n|cant|p1a: Iron Hands|flinch\n|\n|-weather|RainDance|[upkeep]\n|upkeep\n|turn|8\n|\n|t:|1681902550\n|move|p2b: Drednaw|Rock Slide|p1b: Flutter Mane|[spread] p1a,p1b\n|-resisted|p1a: Iron Hands\n|-damage|p1a: Iron Hands|69\/100\n|-damage|p1b: Flutter Mane|41\/100\n|cant|p1b: Flutter Mane|flinch\n|move|p1a: Iron Hands|Drain Punch|p2b: Drednaw\n|-supereffective|p2b: Drednaw\n|-damage|p2b: Drednaw|9\/100\n|-heal|p1a: Iron Hands|99\/100|[from] drain|[of] p2b: Drednaw\n|\n|-weather|RainDance|[upkeep]\n|upkeep\n|turn|9\n|\n|t:|1681902555\n|move|p1b: Flutter Mane|Protect|p1b: Flutter Mane\n|-singleturn|p1b: Flutter Mane|Protect\n|move|p2b: Drednaw|Rock Slide|p1a: Iron Hands|[spread] p1a\n|-activate|p1b: Flutter Mane|move: Protect\n|-resisted|p1a: Iron Hands\n|-damage|p1a: Iron Hands|84\/100\n|move|p1a: Iron Hands|Drain Punch|p2b: Drednaw\n|-supereffective|p2b: Drednaw\n|-damage|p2b: Drednaw|0 fnt\n|-heal|p1a: Iron Hands|87\/100|[from] drain|[of] p2b: Drednaw\n|faint|p2b: Drednaw\n|\n|win|GuanesRatedR\n|raw|GuanesRatedR's rating: 1300 → 1327<\/strong> (+27 for winning)\n|raw|Tilzy's rating: 1333 → 1311<\/strong> (-22 for losing)\n|l|\u2606Tilzy\n|c|\u2606GuanesRatedR|Gg\n","uploadtime":1681902565,"views":14,"p1id":"guanesratedr","p2id":"tilzy","formatid":"gen9vgc2023regulationc","rating":1311,"private":0,"password":""}