{"id":"gen9vgc2023regulationc-1848575655","p1":"sexy_Loki","p2":"Go1den_Berry","format":"[Gen 9] VGC 2023 Regulation C","log":"|j|\u2606sexy_Loki\n|j|\u2606Go1den_Berry\n|t:|1682091341\n|gametype|doubles\n|player|p1|sexy_Loki|sailor|\n|player|p2|Go1den_Berry|smasher|\n|teamsize|p1|6\n|teamsize|p2|6\n|gen|9\n|tier|[Gen 9] VGC 2023 Regulation C\n|rule|Species Clause: Limit one of each Pok\u00e9mon\n|rule|Item Clause: Limit one of each item\n|clearpoke\n|poke|p1|Annihilape, L50, F|\n|poke|p1|Chien-Pao, L50|\n|poke|p1|Tinkaton, L50, F|\n|poke|p1|Ting-Lu, L50|\n|poke|p1|Kilowattrel, L50, M|\n|poke|p1|Gastrodon, L50, F|\n|poke|p2|Mimikyu, L50, F|\n|poke|p2|Palafin, L50, F|\n|poke|p2|Talonflame, L50, M|\n|poke|p2|Hydreigon, L50, F|\n|poke|p2|Torkoal, L50, F|\n|poke|p2|Lilligant, L50, F|\n|teampreview|4\nGo1den_Berry has agreed to open team sheets.\nsexy_Loki has agreed to open team sheets.\n|\n|t:|1682091420\n|start\n|switch|p1a: Era of Stagnation|Ting-Lu, L50|100\/100\n|switch|p1b: Hammer|Tinkaton, L50, F|100\/100\n|switch|p2a: love of god|Palafin, L50, F|100\/100\n|switch|p2b: this draft|Hydreigon, L50, F|100\/100\n|-ability|p1b: Hammer|Mold Breaker\n|-ability|p1a: Era of Stagnation|Vessel of Ruin\n|turn|1\n|\n|t:|1682091453\n|switch|p2b: please and|Torkoal, L50, F|100\/100\n|-weather|SunnyDay|[from] ability: Drought|[of] p2b: please and\n|detailschange|p2a: love of god|Palafin-Hero, L50, F\n|switch|p2a: please fix|Talonflame, L50, M|100\/100\n|move|p1b: Hammer|Fake Out|p2b: please and\n|-damage|p2b: please and|95\/100\n|move|p1a: Era of Stagnation|Fissure|p2a: please fix\n|-immune|p2a: please fix\n|\n|-weather|SunnyDay|[upkeep]\n|upkeep\n|turn|2\n|\n|t:|1682091517\n|move|p1b: Hammer|Protect|p1b: Hammer\n|-singleturn|p1b: Hammer|Protect\n|move|p2b: please and|Protect|p2b: please and\n|-singleturn|p2b: please and|Protect\n|move|p2a: please fix|Taunt|p1b: Hammer\n|-activate|p1b: Hammer|move: Protect\n|move|p1a: Era of Stagnation|Rock Slide|p2b: please and|[spread] p2a\n|-activate|p2b: please and|move: Protect\n|-supereffective|p2a: please fix\n|-damage|p2a: please fix|33\/100\n|\n|-weather|SunnyDay|[upkeep]\n|upkeep\n|turn|3\n|\n|t:|1682091537\n|switch|p1b: Gorbachev|Annihilape, L50, F|100\/100\n|move|p2a: please fix|Tailwind|p2a: please fix\n|-sidestart|p2: Go1den_Berry|move: Tailwind\n|move|p1a: Era of Stagnation|Rock Slide|p2a: please fix|[spread] p2a,p2b\n|-supereffective|p2a: please fix\n|-supereffective|p2b: please and\n|-damage|p2a: please fix|0 fnt\n|-damage|p2b: please and|75\/100\n|faint|p2a: please fix\n|move|p2b: please and|Eruption|p1b: Gorbachev|[spread] p1a,p1b\n|-damage|p1a: Era of Stagnation|71\/100\n|-damage|p1b: Gorbachev|77\/100\n|\n|-weather|SunnyDay|[upkeep]\n|upkeep\n|\n|t:|1682091555\n|switch|p2a: this draft|Hydreigon, L50, F|100\/100\n|turn|4\n|\n|t:|1682091588\n|-terastallize|p2a: this draft|Poison\n|move|p2b: please and|Protect|p2b: please and\n|-singleturn|p2b: please and|Protect\n|move|p2a: this draft|Nasty Plot|p2a: this draft\n|-boost|p2a: this draft|spa|2\n|move|p1b: Gorbachev|Rage Fist|p2a: this draft\n|-damage|p2a: this draft|48\/100\n|move|p1a: Era of Stagnation|Stomping Tantrum|p2b: please and\n|-activate|p2b: please and|move: Protect\n|\n|-weather|SunnyDay|[upkeep]\n|upkeep\n|turn|5\n|\n|t:|1682091611\n|move|p2a: this draft|Protect|p2a: this draft\n|-singleturn|p2a: this draft|Protect\n|move|p1b: Gorbachev|Rage Fist|p2a: this draft\n|-activate|p2a: this draft|move: Protect\n|move|p1a: Era of Stagnation|Stomping Tantrum|p2b: please and\n|-supereffective|p2b: please and\n|-damage|p2b: please and|34\/100\n|move|p2b: please and|Eruption|p1a: Era of Stagnation|[spread] p1a,p1b\n|-damage|p1a: Era of Stagnation|58\/100\n|-damage|p1b: Gorbachev|67\/100\n|\n|-weather|none\n|upkeep\n|turn|6\n|\n|t:|1682091633\n|switch|p2b: love of god|Palafin-Hero, L50, F|100\/100\n|-activate|p2b: love of god|ability: Zero to Hero\n|move|p2a: this draft|Dark Pulse|p1b: Gorbachev\n|-damage|p1b: Gorbachev|24\/100\n|-damage|p2a: this draft|39\/100|[from] item: Life Orb\n|move|p1b: Gorbachev|Rage Fist|p2a: this draft\n|-damage|p2a: this draft|0 fnt\n|faint|p2a: this draft\n|move|p1a: Era of Stagnation|Stomping Tantrum|p2b: love of god\n|-damage|p2b: love of god|74\/100\n|\n|-sideend|p2: Go1den_Berry|move: Tailwind\n|upkeep\n|\n|t:|1682091648\n|switch|p2a: please and|Torkoal, L50, F|34\/100\n|-weather|SunnyDay|[from] ability: Drought|[of] p2a: please and\n|turn|7\n|\n|t:|1682091665\n|switch|p1a: Gastrodon|Gastrodon, L50, F|100\/100\n|move|p2b: love of god|Bulk Up|p2b: love of god\n|-boost|p2b: love of god|atk|1\n|-boost|p2b: love of god|def|1\n|move|p1b: Gorbachev|Rage Fist|p2b: love of god\n|-damage|p2b: love of god|22\/100\n|move|p2a: please and|Solar Beam||[still]\n|-prepare|p2a: please and|Solar Beam\n|-anim|p2a: please and|Solar Beam|p1a: Gastrodon\n|-supereffective|p1a: Gastrodon\n|-damage|p1a: Gastrodon|0 fnt\n|faint|p1a: Gastrodon\n|\n|-weather|SunnyDay|[upkeep]\n|upkeep\n|\n|t:|1682091678\n|switch|p1a: Hammer|Tinkaton, L50, F|100\/100\n|-ability|p1a: Hammer|Mold Breaker\n|turn|8\n|\n|t:|1682091719\n|move|p1a: Hammer|Fake Out|p2b: love of god\n|-damage|p2b: love of god|18\/100\n|cant|p2b: love of god|flinch\n|move|p1b: Gorbachev|Rage Fist|p2a: please and\n|-damage|p2a: please and|0 fnt\n|faint|p2a: please and\n|\n|-weather|SunnyDay|[upkeep]\n|upkeep\n|turn|9\n|\n|t:|1682091734\n|move|p1a: Hammer|Gigaton Hammer|p2b: love of god\n|-resisted|p2b: love of god\n|-damage|p2b: love of god|5\/100\n|move|p2b: love of god|Drain Punch|p1a: Hammer\n|-damage|p1a: Hammer|46\/100\n|-heal|p2b: love of god|30\/100|[from] drain|[of] p1a: Hammer\n|move|p1b: Gorbachev|Rage Fist|p2b: love of god\n|-damage|p2b: love of god|0 fnt\n|faint|p2b: love of god\n|\n|win|sexy_Loki\n|c|\u2606sexy_Loki|Gg gg\n|c|\u2606sexy_Loki|Good ass read on the gastro switch\n|c|\u2606Go1den_Berry|okay bye\n|c|\u2606sexy_Loki|Bye \ud83d\udc4b ty\n|l|\u2606Go1den_Berry\n","uploadtime":1682091762,"views":9,"p1id":"sexyloki","p2id":"go1denberry","formatid":"gen9vgc2023regulationc","rating":0,"private":0,"password":""}