{"id":"gen9vgc2023regulationc-1852713353","p1":"BirdKeeperVGC","p2":"Nijiatw","format":"[Gen 9] VGC 2023 Regulation C","log":"|j|\u2606BirdKeeperVGC\n|j|\u2606Nijiatw\n|t:|1682599417\n|gametype|doubles\n|player|p1|BirdKeeperVGC|birdkeeper-gen4dp|1237\n|player|p2|Nijiatw|101|1184\n|teamsize|p1|6\n|teamsize|p2|6\n|gen|9\n|tier|[Gen 9] VGC 2023 Regulation C\n|rated|\n|rule|Species Clause: Limit one of each Pok\u00e9mon\n|rule|Item Clause: Limit one of each item\n|clearpoke\n|poke|p1|Annihilape, L50, M|\n|poke|p1|Maushold, L50|\n|poke|p1|Flutter Mane, L50|\n|poke|p1|Tyranitar, L50, M|\n|poke|p1|Lycanroc, L50, F|\n|poke|p1|Ting-Lu, L50|\n|poke|p2|Palafin, L50, M|\n|poke|p2|Chien-Pao, L50|\n|poke|p2|Dragapult, L50, F|\n|poke|p2|Amoonguss, L50, F|\n|poke|p2|Arcanine, L50, F|\n|poke|p2|Flutter Mane, L50|\n|teampreview|4\n|inactive|Battle timer is ON: inactive players will automatically lose when time's up. (requested by BirdKeeperVGC)\n|\n|t:|1682599447\n|start\n|switch|p1a: Annihilape|Annihilape, L50, M|100\/100\n|switch|p1b: Maushold|Maushold, L50|100\/100\n|switch|p2a: Mimi|Flutter Mane, L50|100\/100\n|switch|p2b: Dozo|Palafin, L50, M|100\/100\n|-enditem|p2a: Mimi|Booster Energy\n|-activate|p2a: Mimi|ability: Protosynthesis|[fromitem]\n|-start|p2a: Mimi|protosynthesisspa\n|turn|1\n|inactive|BirdKeeperVGC has 30 seconds left.\n|\n|t:|1682599478\n|detailschange|p2b: Dozo|Palafin-Hero, L50, M\n|switch|p2b: Bundle|Chien-Pao, L50|100\/100\n|-ability|p2b: Bundle|Sword of Ruin\n|switch|p1a: Tyranitar|Tyranitar, L50, M|100\/100\n|-weather|Sandstorm|[from] ability: Sand Stream|[of] p1a: Tyranitar\n|move|p1b: Maushold|Protect|p1b: Maushold\n|-singleturn|p1b: Maushold|Protect\n|move|p2a: Mimi|Dazzling Gleam|p1a: Tyranitar|[spread] p1a\n|-activate|p1b: Maushold|move: Protect\n|-supereffective|p1a: Tyranitar\n|-damage|p1a: Tyranitar|79\/100\n|\n|-weather|Sandstorm|[upkeep]\n|-damage|p2b: Bundle|95\/100|[from] Sandstorm\n|-damage|p2a: Mimi|95\/100|[from] Sandstorm\n|upkeep\n|turn|2\n|inactive|Nijiatw has 30 seconds left.\n|\n|t:|1682599507\n|move|p1b: Maushold|Baby-Doll Eyes|p2b: Bundle\n|-unboost|p2b: Bundle|atk|1\n|move|p2b: Bundle|Sacred Sword|p1a: Tyranitar\n|-supereffective|p1a: Tyranitar\n|-damage|p1a: Tyranitar|19\/100\n|move|p2a: Mimi|Shadow Ball|p1a: Tyranitar\n|-resisted|p1a: Tyranitar\n|-damage|p1a: Tyranitar|12\/100\n|move|p1a: Tyranitar|Low Kick|p2b: Bundle\n|-supereffective|p2b: Bundle\n|-damage|p2b: Bundle|0 fnt\n|faint|p2b: Bundle\n|\n|-weather|Sandstorm|[upkeep]\n|-damage|p2a: Mimi|89\/100|[from] Sandstorm\n|upkeep\n|\n|t:|1682599524\n|switch|p2b: Dozo|Palafin-Hero, L50, M|100\/100\n|-activate|p2b: Dozo|ability: Zero to Hero\n|turn|3\n|\n|t:|1682599542\n|move|p1b: Maushold|Baby-Doll Eyes|p2b: Dozo\n|-unboost|p2b: Dozo|atk|1\n|move|p2b: Dozo|Jet Punch|p1a: Tyranitar\n|-supereffective|p1a: Tyranitar\n|-damage|p1a: Tyranitar|0 fnt\n|faint|p1a: Tyranitar\n|move|p2a: Mimi|Dazzling Gleam|p1b: Maushold\n|-damage|p1b: Maushold|29\/100\n|\n|-weather|Sandstorm|[upkeep]\n|-damage|p2a: Mimi|84\/100|[from] Sandstorm\n|-damage|p2b: Dozo|95\/100|[from] Sandstorm\n|upkeep\n|\n|t:|1682599547\n|switch|p1a: Lycanroc|Lycanroc, L50, F|100\/100\n|turn|4\n|\n|t:|1682599568\n|-terastallize|p2b: Dozo|Water\n|move|p1b: Maushold|Protect|p1b: Maushold\n|-singleturn|p1b: Maushold|Protect\n|move|p2b: Dozo|Jet Punch|p1a: Lycanroc\n|-supereffective|p1a: Lycanroc\n|-enditem|p1a: Lycanroc|Focus Sash\n|-damage|p1a: Lycanroc|1\/100\n|move|p1a: Lycanroc|Endeavor|p2b: Dozo\n|-damage|p2b: Dozo|1\/100\n|move|p2a: Mimi|Dazzling Gleam|p1a: Lycanroc|[spread] p1a\n|-activate|p1b: Maushold|move: Protect\n|-crit|p1a: Lycanroc\n|-damage|p1a: Lycanroc|0 fnt\n|faint|p1a: Lycanroc\n|\n|-weather|Sandstorm|[upkeep]\n|-damage|p2a: Mimi|78\/100|[from] Sandstorm\n|-damage|p2b: Dozo|0 fnt|[from] Sandstorm\n|faint|p2b: Dozo\n|upkeep\n|\n|t:|1682599590\n|switch|p1a: Annihilape|Annihilape, L50, M|100\/100\n|switch|p2b: WoChien|Amoonguss, L50, F|100\/100\n|turn|5\n|inactive|Nijiatw has 30 seconds left.\n|\n|t:|1682599620\n|-terastallize|p1a: Annihilape|Water\n|move|p1b: Maushold|Beat Up|p1a: Annihilape\n|-damage|p1a: Annihilape|99\/100\n|-damage|p1a: Annihilape|97\/100\n|-hitcount|p1a: Annihilape|2\n|move|p2a: Mimi|Shadow Ball|p1a: Annihilape\n|-damage|p1a: Annihilape|64\/100\n|move|p1a: Annihilape|Rage Fist|p2a: Mimi\n|-supereffective|p2a: Mimi\n|-damage|p2a: Mimi|0 fnt\n|faint|p2a: Mimi\n|-end|p2a: Mimi|Protosynthesis|[silent]\n|move|p2b: WoChien|Pollen Puff|p1a: Annihilape\n|-damage|p1a: Annihilape|52\/100\n|\n|-weather|none\n|-heal|p1a: Annihilape|59\/100|[from] item: Leftovers\n|upkeep\n|turn|6\n|inactive|Nijiatw has 30 seconds left.\n|\n|t:|1682599646\n|move|p1b: Maushold|Follow Me|p1b: Maushold\n|-singleturn|p1b: Maushold|move: Follow Me\n|move|p1a: Annihilape|Rage Fist|p2b: WoChien\n|-damage|p2b: WoChien|9\/100\n|-enditem|p2b: WoChien|Sitrus Berry|[eat]\n|-heal|p2b: WoChien|34\/100|[from] item: Sitrus Berry\n|move|p2b: WoChien|Pollen Puff|p1b: Maushold\n|-damage|p1b: Maushold|4\/100\n|\n|-heal|p1a: Annihilape|65\/100|[from] item: Leftovers\n|upkeep\n|turn|7\n|\n|t:|1682599657\n|move|p1b: Maushold|Follow Me|p1b: Maushold\n|-singleturn|p1b: Maushold|move: Follow Me\n|move|p1a: Annihilape|Rage Fist|p2b: WoChien\n|-damage|p2b: WoChien|0 fnt\n|faint|p2b: WoChien\n|\n|win|BirdKeeperVGC\n|raw|BirdKeeperVGC's rating: 1237 → 1258<\/strong> (+21 for winning)\n|raw|Nijiatw's rating: 1184 → 1163<\/strong> (-21 for losing)\n|l|\u2606BirdKeeperVGC\n","uploadtime":1682599674,"views":11,"p1id":"birdkeepervgc","p2id":"nijiatw","formatid":"gen9vgc2023regulationc","rating":1163,"private":0,"password":""}