{"id":"gen9vgc2023regulationc-1846372120","p1":"Vianex99","p2":"hero231","format":"[Gen 9] VGC 2023 Regulation C","log":"|j|\u2606Vianex99\n|j|\u2606hero231\n|t:|1681835576\n|gametype|doubles\n|player|p1|Vianex99|cyclist-gen4|1327\n|player|p2|hero231|infielder|1261\n|teamsize|p1|6\n|teamsize|p2|6\n|gen|9\n|tier|[Gen 9] VGC 2023 Regulation C\n|rated|\n|rule|Species Clause: Limit one of each Pok\u00e9mon\n|rule|Item Clause: Limit one of each item\n|clearpoke\n|poke|p1|Maushold, L50|\n|poke|p1|Annihilape, L50, F|\n|poke|p1|Iron Bundle, L50|\n|poke|p1|Scizor, L50, F|\n|poke|p1|Zoroark, L50, F|\n|poke|p1|Amoonguss, L50, M|\n|poke|p2|Glimmora, L50, M|\n|poke|p2|Arcanine, L50, M|\n|poke|p2|Chi-Yu, L50|\n|poke|p2|Flutter Mane, L50|\n|poke|p2|Dondozo, L50, F|\n|poke|p2|Tatsugiri-Stretchy, L50, M|\n|teampreview|4\nhero231 has agreed to open team sheets.\nVianex99 has agreed to open team sheets.\n|\n|t:|1681835646\n|start\n|switch|p1a: Maushold|Maushold, L50|100\/100\n|switch|p1b: Annihilape|Annihilape, L50, F|100\/100\n|switch|p2a: Flutter Mid|Flutter Mane, L50, shiny|100\/100\n|switch|p2b: Smiles Back|Chi-Yu, L50|100\/100\n|-ability|p2b: Smiles Back|Beads of Ruin\n|-enditem|p2a: Flutter Mid|Booster Energy\n|-activate|p2a: Flutter Mid|ability: Protosynthesis|[fromitem]\n|-start|p2a: Flutter Mid|protosynthesisspa\n|turn|1\n|inactive|Battle timer is ON: inactive players will automatically lose when time's up. (requested by hero231)\n|inactive|Vianex99 has 60 seconds left.\n|inactive|hero231 has 60 seconds left.\n|\n|t:|1681835695\n|switch|p2b: Wheeeee!|Glimmora, L50, M, shiny|100\/100\n|-terastallize|p1b: Annihilape|Fire\n|move|p1a: Maushold|Population Bomb|p2b: Wheeeee!\n|-resisted|p2b: Wheeeee!\n|-crit|p2b: Wheeeee!\n|-damage|p2b: Wheeeee!|95\/100\n|-activate|p2b: Wheeeee!|ability: Toxic Debris\n|-sidestart|p1: Vianex99|move: Toxic Spikes\n|-resisted|p2b: Wheeeee!\n|-damage|p2b: Wheeeee!|92\/100\n|-activate|p2b: Wheeeee!|ability: Toxic Debris\n|-sidestart|p1: Vianex99|move: Toxic Spikes\n|-resisted|p2b: Wheeeee!\n|-damage|p2b: Wheeeee!|88\/100\n|-resisted|p2b: Wheeeee!\n|-damage|p2b: Wheeeee!|84\/100\n|-hitcount|p2b: Wheeeee!|4\n|move|p2a: Flutter Mid|Taunt|p1b: Annihilape\n|-start|p1b: Annihilape|move: Taunt\n|move|p1b: Annihilape|Drain Punch|p2b: Wheeeee!\n|-damage|p2b: Wheeeee!|37\/100\n|\n|upkeep\n|turn|2\n|inactive|Vianex99 has 30 seconds left.\n|inactive|hero231 has 30 seconds left.\n|inactive|Vianex99 has 20 seconds left.\n|inactive|hero231 has 20 seconds left.\n|inactive|Vianex99 has 15 seconds left.\n|inactive|hero231 has 15 seconds left.\n|\n|t:|1681835738\n|move|p1a: Maushold|Follow Me|p1a: Maushold\n|-singleturn|p1a: Maushold|move: Follow Me\n|move|p2a: Flutter Mid|Taunt|p1a: Maushold\n|-start|p1a: Maushold|move: Taunt\n|-enditem|p1a: Maushold|Mental Herb\n|-end|p1a: Maushold|move: Taunt\n|move|p1b: Annihilape|Drain Punch|p2b: Wheeeee!\n|-damage|p2b: Wheeeee!|0 fnt\n|faint|p2b: Wheeeee!\n|\n|upkeep\n|\n|t:|1681835748\n|switch|p2b: Smiles Back|Chi-Yu, L50|100\/100\n|-ability|p2b: Smiles Back|Beads of Ruin\n|turn|3\n|inactive|hero231 has 30 seconds left.\n|\n|t:|1681835777\n|move|p1a: Maushold|Population Bomb|p2b: Smiles Back\n|-damage|p2b: Smiles Back|90\/100\n|-damage|p2b: Smiles Back|80\/100\n|-damage|p2b: Smiles Back|70\/100\n|-damage|p2b: Smiles Back|61\/100\n|-damage|p2b: Smiles Back|51\/100\n|-hitcount|p2b: Smiles Back|5\n|move|p2a: Flutter Mid|Dazzling Gleam|p1b: Annihilape|[spread] p1a,p1b\n|-resisted|p1b: Annihilape\n|-damage|p1a: Maushold|34\/100\n|-damage|p1b: Annihilape|81\/100\n|move|p2b: Smiles Back|Dark Pulse|p1a: Maushold\n|-damage|p1a: Maushold|0 fnt\n|faint|p1a: Maushold\n|move|p1b: Annihilape|Drain Punch|p2b: Smiles Back\n|-supereffective|p2b: Smiles Back\n|-damage|p2b: Smiles Back|0 fnt\n|-heal|p1b: Annihilape|98\/100|[from] drain|[of] p2b: Smiles Back\n|faint|p2b: Smiles Back\n|\n|-heal|p1b: Annihilape|100\/100|[from] item: Leftovers\n|-end|p1b: Annihilape|move: Taunt\n|upkeep\n|\n|t:|1681835801\n|switch|p1a: Amoonguss|Amoonguss, L50, M|100\/100\n|switch|p2b: No Shrooms|Arcanine, L50, M|100\/100\n|-ability|p2b: No Shrooms|Intimidate|boost\n|-unboost|p1a: Amoonguss|atk|1\n|-unboost|p1b: Annihilape|atk|1\n|-ability|p1b: Annihilape|Defiant|boost\n|-boost|p1b: Annihilape|atk|2\n|-sideend|p1: Vianex99|move: Toxic Spikes|[of] p1a: Amoonguss\n|turn|4\n|inactive|hero231 has 30 seconds left.\n|\n|t:|1681835828\n|-terastallize|p2a: Flutter Mid|Fairy\n|move|p1a: Amoonguss|Rage Powder|p1a: Amoonguss\n|-singleturn|p1a: Amoonguss|move: Rage Powder\n|move|p2a: Flutter Mid|Shadow Ball|p1a: Amoonguss\n|-damage|p1a: Amoonguss|62\/100\n|move|p1b: Annihilape|Bulk Up|p1b: Annihilape\n|-boost|p1b: Annihilape|atk|1\n|-boost|p1b: Annihilape|def|1\n|move|p2b: No Shrooms|Flare Blitz|p1a: Amoonguss\n|-supereffective|p1a: Amoonguss\n|-damage|p1a: Amoonguss|0 fnt\n|faint|p1a: Amoonguss\n|-damage|p2b: No Shrooms|75\/100|[from] Recoil\n|\n|upkeep\n|\n|t:|1681835840\n|switch|p1a: Iron Bundle|Iron Bundle, L50|100\/100\n|-enditem|p1a: Iron Bundle|Booster Energy\n|-activate|p1a: Iron Bundle|ability: Quark Drive|[fromitem]\n|-start|p1a: Iron Bundle|quarkdrivespe\n|turn|5\n|\n|t:|1681835854\n|move|p2a: Flutter Mid|Protect|p2a: Flutter Mid\n|-singleturn|p2a: Flutter Mid|Protect\n|move|p1a: Iron Bundle|Icy Wind|p2b: No Shrooms|[spread] p2b\n|-activate|p2a: Flutter Mid|move: Protect\n|-resisted|p2b: No Shrooms\n|-damage|p2b: No Shrooms|64\/100\n|-unboost|p2b: No Shrooms|spe|1\n|move|p1b: Annihilape|Drain Punch|p2b: No Shrooms\n|-damage|p2b: No Shrooms|0 fnt\n|faint|p2b: No Shrooms\n|\n|upkeep\n|turn|6\n|-message|hero231 forfeited.\n|\n|win|Vianex99\n|raw|Vianex99's rating: 1327 → 1343<\/strong> (+16 for winning)\n|raw|hero231's rating: 1261 → 1241<\/strong> (-20 for losing)\n","uploadtime":1681835873,"views":10,"p1id":"vianex99","p2id":"hero231","formatid":"gen9vgc2023regulationc","rating":1241,"private":0,"password":""}