{"id":"gen9vgc2023regulationc-1851059976","p1":"Kohbalt","p2":"Emiker","format":"[Gen 9] VGC 2023 Regulation C","log":"|j|\u2606Kohbalt\n|j|\u2606Emiker\n|t:|1682401970\n|gametype|doubles\n|player|p1|Kohbalt|steven|1229\n|player|p2|Emiker|red|1291\n|teamsize|p1|6\n|teamsize|p2|6\n|gen|9\n|tier|[Gen 9] VGC 2023 Regulation C\n|rated|\n|rule|Species Clause: Limit one of each Pok\u00e9mon\n|rule|Item Clause: Limit one of each item\n|clearpoke\n|poke|p1|Flutter Mane, L50|\n|poke|p1|Palafin, L50, F|\n|poke|p1|Amoonguss, L50, F|\n|poke|p1|Arcanine, L50, F|\n|poke|p1|Glimmora, L50, M|\n|poke|p1|Chien-Pao, L50|\n|poke|p2|Ceruledge, L50, M|\n|poke|p2|Wo-Chien, L50|\n|poke|p2|Corviknight, L50, M|\n|poke|p2|Chi-Yu, L50|\n|poke|p2|Rotom-Wash, L50|\n|poke|p2|Sandy Shocks, L50|\n|teampreview|4\nKohbalt has agreed to open team sheets.\n|inactive|Battle timer is ON: inactive players will automatically lose when time's up. (requested by Emiker)\n|\n|t:|1682402017\n|start\n|switch|p1a: Palafin|Palafin, L50, F, shiny|100\/100\n|switch|p1b: Glimmora|Glimmora, L50, M, shiny|100\/100\n|switch|p2a: Wo-Chien|Wo-Chien, L50|100\/100\n|switch|p2b: Corviknight|Corviknight, L50, M, shiny|100\/100\n|-ability|p2a: Wo-Chien|Tablets of Ruin\n|turn|1\n|inactive|Kohbalt has 30 seconds left.\n|\n|t:|1682402042\n|detailschange|p1a: Palafin|Palafin-Hero, L50, F, shiny\n|switch|p1a: Arcanine|Arcanine, L50, F|100\/100\n|-ability|p1a: Arcanine|Intimidate|boost\n|-unboost|p2a: Wo-Chien|atk|1\n|-ability|p2b: Corviknight|Mirror Armor\n|-unboost|p1a: Arcanine|atk|1\n|-terastallize|p2a: Wo-Chien|Poison\n|move|p1b: Glimmora|Mortal Spin|p2a: Wo-Chien|[spread] p2a\n|-immune|p2b: Corviknight\n|-resisted|p2a: Wo-Chien\n|-damage|p2a: Wo-Chien|99\/100\n|move|p2b: Corviknight|Bulk Up|p2b: Corviknight\n|-boost|p2b: Corviknight|atk|1\n|-boost|p2b: Corviknight|def|1\n|move|p2a: Wo-Chien|Leech Seed|p1b: Glimmora\n|-start|p1b: Glimmora|move: Leech Seed\n|\n|-heal|p2a: Wo-Chien|100\/100|[from] item: Leftovers\n|-damage|p1b: Glimmora|88\/100|[from] Leech Seed|[of] p2a: Wo-Chien\n|upkeep\n|turn|2\n|\n|t:|1682402067\n|move|p1a: Arcanine|Will-O-Wisp|p2b: Corviknight\n|-status|p2b: Corviknight|brn\n|move|p1b: Glimmora|Earth Power|p2a: Wo-Chien\n|-supereffective|p2a: Wo-Chien\n|-damage|p2a: Wo-Chien|63\/100\n|move|p2b: Corviknight|Bulk Up|p2b: Corviknight\n|-boost|p2b: Corviknight|atk|1\n|-boost|p2b: Corviknight|def|1\n|move|p2a: Wo-Chien|Leech Seed|p1a: Arcanine\n|-start|p1a: Arcanine|move: Leech Seed\n|\n|-heal|p2a: Wo-Chien|69\/100|[from] item: Leftovers\n|-damage|p1a: Arcanine|88\/100|[from] Leech Seed|[of] p2a: Wo-Chien\n|-heal|p2a: Wo-Chien|82\/100|[silent]\n|-damage|p1b: Glimmora|76\/100|[from] Leech Seed|[of] p2a: Wo-Chien\n|-heal|p2a: Wo-Chien|94\/100|[silent]\n|-damage|p2b: Corviknight|95\/100 brn|[from] brn\n|upkeep\n|turn|3\n|\n|t:|1682402088\n|switch|p1b: Amoonguss|Amoonguss, L50, F|100\/100\n|move|p1a: Arcanine|Flare Blitz|p2b: Corviknight\n|-supereffective|p2b: Corviknight\n|-damage|p2b: Corviknight|74\/100 brn\n|-damage|p1a: Arcanine|81\/100|[from] Recoil\n|move|p2b: Corviknight|Bulk Up|p2b: Corviknight\n|-boost|p2b: Corviknight|atk|1\n|-boost|p2b: Corviknight|def|1\n|move|p2a: Wo-Chien|Foul Play|p1a: Arcanine\n|-damage|p1a: Arcanine|54\/100\n|\n|-heal|p2a: Wo-Chien|99\/100|[from] item: Leftovers\n|-damage|p1a: Arcanine|41\/100|[from] Leech Seed|[of] p2a: Wo-Chien\n|-heal|p2a: Wo-Chien|100\/100|[silent]\n|-damage|p2b: Corviknight|68\/100 brn|[from] brn\n|upkeep\n|turn|4\n|\n|t:|1682402110\n|switch|p1a: Palafin|Palafin-Hero, L50, F, shiny|100\/100\n|-activate|p1a: Palafin|ability: Zero to Hero\n|move|p2a: Wo-Chien|Protect|p2a: Wo-Chien\n|-singleturn|p2a: Wo-Chien|Protect\n|move|p2b: Corviknight|Brave Bird|p1b: Amoonguss\n|-supereffective|p1b: Amoonguss\n|-damage|p1b: Amoonguss|36\/100\n|-enditem|p1b: Amoonguss|Sitrus Berry|[eat]\n|-heal|p1b: Amoonguss|61\/100|[from] item: Sitrus Berry\n|-damage|p2b: Corviknight|45\/100 brn|[from] Recoil\n|move|p1b: Amoonguss|Spore|p2a: Wo-Chien\n|-activate|p2a: Wo-Chien|move: Protect\n|\n|-damage|p2b: Corviknight|39\/100 brn|[from] brn\n|upkeep\n|turn|5\n|\n|t:|1682402135\n|move|p1b: Amoonguss|Protect|p1b: Amoonguss\n|-singleturn|p1b: Amoonguss|Protect\n|move|p1a: Palafin|Haze|p1a: Palafin\n|-clearallboost\n|move|p2b: Corviknight|Roost|p2b: Corviknight\n|-heal|p2b: Corviknight|89\/100 brn\n|-singleturn|p2b: Corviknight|move: Roost\n|move|p2a: Wo-Chien|Leech Seed|p1a: Palafin\n|-start|p1a: Palafin|move: Leech Seed\n|\n|-damage|p1a: Palafin|88\/100|[from] Leech Seed|[of] p2a: Wo-Chien\n|-damage|p2b: Corviknight|83\/100 brn|[from] brn\n|upkeep\n|turn|6\n|l|\u2606Emiker\n|inactive|Emiker disconnected and has a minute to reconnect!\n|player|p2|\n|inactive|Emiker has 30 seconds left.\n|inactive|Emiker has 20 seconds left.\n|j|\u2606Emiker\n|inactive|Emiker reconnected and has 20 seconds left.\n|player|p2|Emiker|red\n|inactive|Emiker has 15 seconds left.\n|inactive|Emiker has 10 seconds left.\n|\n|t:|1682402180\n|switch|p1a: Arcanine|Arcanine, L50, F|41\/100\n|-ability|p1a: Arcanine|Intimidate|boost\n|-unboost|p2a: Wo-Chien|atk|1\n|-ability|p2b: Corviknight|Mirror Armor\n|-unboost|p1a: Arcanine|atk|1\n|switch|p2b: Rotom|Rotom-Wash, L50|100\/100\n|move|p2a: Wo-Chien|Protect|p2a: Wo-Chien\n|-singleturn|p2a: Wo-Chien|Protect\n|move|p1b: Amoonguss|Spore|p2a: Wo-Chien\n|-activate|p2a: Wo-Chien|move: Protect\n|\n|upkeep\n|turn|7\n|\n|t:|1682402203\n|switch|p1a: Glimmora|Glimmora, L50, M, shiny|76\/100\n|switch|p2a: Corviknight|Corviknight, L50, M, shiny|83\/100 brn\n|move|p2b: Rotom|Protect|p2b: Rotom\n|-singleturn|p2b: Rotom|Protect\n|move|p1b: Amoonguss|Spore|p2a: Corviknight\n|-activate|p2a: Corviknight|item: Safety Goggles|Spore\n|\n|-damage|p2a: Corviknight|77\/100 brn|[from] brn\n|upkeep\n|turn|8\n|inactive|Kohbalt has 30 seconds left.\n|\n|t:|1682402237\n|-terastallize|p1b: Amoonguss|Dark\n|move|p1b: Amoonguss|Rage Powder|p1b: Amoonguss\n|-singleturn|p1b: Amoonguss|move: Rage Powder\n|move|p2b: Rotom|Will-O-Wisp|p1b: Amoonguss\n|-status|p1b: Amoonguss|brn\n|move|p1a: Glimmora|Power Gem|p2a: Corviknight\n|-damage|p2a: Corviknight|37\/100 brn\n|move|p2a: Corviknight|Bulk Up|p2a: Corviknight\n|-boost|p2a: Corviknight|atk|1\n|-boost|p2a: Corviknight|def|1\n|\n|-damage|p2a: Corviknight|32\/100 brn|[from] brn\n|-damage|p1b: Amoonguss|55\/100 brn|[from] brn\n|upkeep\n|turn|9\n|inactive|Kohbalt has 30 seconds left.\n|\n|t:|1682402263\n|move|p1b: Amoonguss|Rage Powder|p1b: Amoonguss\n|-singleturn|p1b: Amoonguss|move: Rage Powder\n|move|p2b: Rotom|Hydro Pump|p1b: Amoonguss\n|-damage|p1b: Amoonguss|15\/100 brn\n|move|p1a: Glimmora|Power Gem|p2a: Corviknight\n|-damage|p2a: Corviknight|0 fnt\n|faint|p2a: Corviknight\n|\n|-damage|p1b: Amoonguss|9\/100 brn|[from] brn\n|upkeep\n|l|\u2606Emiker\n|inactive|Emiker disconnected and has a minute to reconnect!\n|player|p2|\n|j|\u2606Emiker\n|inactive|Emiker reconnected and has 35 seconds left.\n|player|p2|Emiker|red\n|inactive|Emiker has 30 seconds left.\n|inactive|Emiker has 20 seconds left.\n|\n|t:|1682402299\n|switch|p2a: Chi-Yu|Chi-Yu, L50|100\/100\n|-ability|p2a: Chi-Yu|Beads of Ruin\n|turn|10\n|\n|t:|1682402319\n|switch|p2a: Wo-Chien|Wo-Chien, L50, tera:Poison|100\/100\n|-ability|p2a: Wo-Chien|Tablets of Ruin\n|switch|p1b: Arcanine|Arcanine, L50, F|41\/100\n|-ability|p1b: Arcanine|Intimidate|boost\n|-unboost|p2a: Wo-Chien|atk|1\n|-unboost|p2b: Rotom|atk|1\n|move|p2b: Rotom|Thunderbolt|p1b: Arcanine\n|-damage|p1b: Arcanine|9\/100\n|move|p1a: Glimmora|Power Gem|p2a: Wo-Chien\n|-damage|p2a: Wo-Chien|77\/100\n|\n|-heal|p2a: Wo-Chien|83\/100|[from] item: Leftovers\n|upkeep\n|turn|11\n|inactive|Emiker has 30 seconds left.\n|\n|t:|1682402345\n|move|p1b: Arcanine|Protect|p1b: Arcanine\n|-singleturn|p1b: Arcanine|Protect\n|move|p2b: Rotom|Thunderbolt|p1b: Arcanine\n|-activate|p1b: Arcanine|move: Protect\n|move|p1a: Glimmora|Earth Power|p2a: Wo-Chien\n|-supereffective|p2a: Wo-Chien\n|-damage|p2a: Wo-Chien|46\/100\n|move|p2a: Wo-Chien|Leech Seed|p1a: Glimmora\n|-start|p1a: Glimmora|move: Leech Seed\n|\n|-heal|p2a: Wo-Chien|53\/100|[from] item: Leftovers\n|-damage|p1a: Glimmora|63\/100|[from] Leech Seed|[of] p2a: Wo-Chien\n|-heal|p2a: Wo-Chien|65\/100|[silent]\n|upkeep\n|turn|12\n|inactive|Emiker has 30 seconds left.\n|inactive|Emiker has 20 seconds left.\n|inactive|Emiker has 15 seconds left.\n|inactive|Emiker has 10 seconds left.\n|l|\u2606Emiker\n|inactive|Emiker disconnected and has a minute to reconnect!\n|player|p2|\n|j|\u2606Emiker\n|inactive|Emiker reconnected and has 10 seconds left.\n|player|p2|Emiker|red\n|inactive|Emiker has 5 seconds left.\n|\n|t:|1682402398\n|switch|p1b: Amoonguss|Amoonguss, L50, F, tera:Dark|43\/100 brn\n|move|p2b: Rotom|Thunderbolt|p1a: Glimmora\n|-damage|p1a: Glimmora|36\/100\n|move|p1a: Glimmora|Earth Power|p2a: Wo-Chien\n|-supereffective|p2a: Wo-Chien\n|-damage|p2a: Wo-Chien|29\/100\n|move|p2a: Wo-Chien|Leech Seed||[still]\n|-fail|p2a: Wo-Chien\n|\n|-heal|p2a: Wo-Chien|35\/100|[from] item: Leftovers\n|-damage|p1a: Glimmora|23\/100|[from] Leech Seed|[of] p2a: Wo-Chien\n|-heal|p2a: Wo-Chien|47\/100|[silent]\n|-damage|p1b: Amoonguss|37\/100 brn|[from] brn\n|upkeep\n|turn|13\n|inactive|Kohbalt has 30 seconds left.\n|\n|t:|1682402430\n|switch|p1a: Palafin|Palafin-Hero, L50, F, shiny|88\/100\n|move|p2b: Rotom|Protect|p2b: Rotom\n|-singleturn|p2b: Rotom|Protect\n|move|p2a: Wo-Chien|Protect|p2a: Wo-Chien\n|-singleturn|p2a: Wo-Chien|Protect\n|move|p1b: Amoonguss|Spore|p2a: Wo-Chien\n|-activate|p2a: Wo-Chien|move: Protect\n|\n|-heal|p2a: Wo-Chien|54\/100|[from] item: Leftovers\n|-damage|p1b: Amoonguss|31\/100 brn|[from] brn\n|upkeep\n|turn|14\n|inactive|Emiker has 30 seconds left.\n|inactive|Emiker has 20 seconds left.\n|inactive|Emiker has 15 seconds left.\n|inactive|Emiker has 10 seconds left.\n|l|\u2606Emiker\n|inactive|Emiker disconnected and has a minute to reconnect!\n|player|p2|\n|j|\u2606Emiker\n|inactive|Emiker reconnected and has 10 seconds left.\n|player|p2|Emiker|red\n|inactive|Emiker has 5 seconds left.\n|\n|t:|1682402485\n|move|p1b: Amoonguss|Rage Powder|p1b: Amoonguss\n|-singleturn|p1b: Amoonguss|move: Rage Powder\n|move|p1a: Palafin|Wave Crash|p2a: Wo-Chien\n|-damage|p2a: Wo-Chien|0 fnt\n|faint|p2a: Wo-Chien\n|-damage|p1a: Palafin|71\/100|[from] Recoil\n|move|p2b: Rotom|Thunderbolt|p1b: Amoonguss\n|-damage|p1b: Amoonguss|1\/100 brn\n|\n|-damage|p1b: Amoonguss|0 fnt|[from] brn\n|faint|p1b: Amoonguss\n|upkeep\n|inactive|Emiker has 30 seconds left.\n|\n|t:|1682402502\n|switch|p2a: Chi-Yu|Chi-Yu, L50|100\/100\n|switch|p1b: Glimmora|Glimmora, L50, M, shiny|23\/100\n|-ability|p2a: Chi-Yu|Beads of Ruin\n|turn|15\n|inactive|Emiker has 25 seconds left this turn.\n|inactive|Emiker has 20 seconds left.\n|inactive|Emiker has 15 seconds left.\n|\n|t:|1682402518\n|move|p1a: Palafin|Jet Punch|p2a: Chi-Yu\n|-supereffective|p2a: Chi-Yu\n|-damage|p2a: Chi-Yu|0 fnt\n|faint|p2a: Chi-Yu\n|move|p2b: Rotom|Thunderbolt|p1a: Palafin\n|-supereffective|p1a: Palafin\n|-damage|p1a: Palafin|0 fnt\n|faint|p1a: Palafin\n|move|p1b: Glimmora|Power Gem|p2b: Rotom\n|-damage|p2b: Rotom|52\/100\n|\n|upkeep\n|inactive|Emiker has 15 seconds left this turn.\n|\n|t:|1682402527\n|switch|p1a: Arcanine|Arcanine, L50, F|9\/100\n|-ability|p1a: Arcanine|Intimidate|boost\n|-unboost|p2b: Rotom|atk|1\n|turn|16\n|inactive|Emiker has 15 seconds left this turn.\n|inactive|Emiker has 10 seconds left.\n|\n|t:|1682402541\n|move|p1a: Arcanine|Extreme Speed|p2b: Rotom\n|-damage|p2b: Rotom|33\/100\n|-enditem|p2b: Rotom|Sitrus Berry|[eat]\n|-heal|p2b: Rotom|58\/100|[from] item: Sitrus Berry\n|move|p2b: Rotom|Hydro Pump|p1b: Glimmora\n|-supereffective|p1b: Glimmora\n|-damage|p1b: Glimmora|0 fnt\n|faint|p1b: Glimmora\n|\n|upkeep\n|turn|17\n|inactive|Emiker has 10 seconds left this turn.\n|inactive|Emiker has 5 seconds left.\n|-message|Kohbalt forfeited.\n|\n|win|Emiker\n|inactive|Emiker has 5 seconds left this turn.\n|raw|Kohbalt's rating: 1229 → 1208<\/strong> (-21 for losing)\n|raw|Emiker's rating: 1291 → 1312<\/strong> (+21 for winning)\n|l|\u2606Kohbalt\n","uploadtime":1682402559,"views":9,"p1id":"kohbalt","p2id":"emiker","formatid":"gen9vgc2023regulationc","rating":1208,"private":0,"password":""}