{"id":"gen9vgc2023regulationc-1854980845","p1":"1GoldenBoy","p2":"mence x vgc","format":"[Gen 9] VGC 2023 Regulation C","log":"|j|\u26061GoldenBoy\n|j|\u2606mence x vgc\n|t:|1682887399\n|gametype|doubles\n|player|p1|1GoldenBoy|lucas|1276\n|player|p2|mence x vgc|janine|1383\n|teamsize|p1|6\n|teamsize|p2|6\n|gen|9\n|tier|[Gen 9] VGC 2023 Regulation C\n|rated|\n|rule|Species Clause: Limit one of each Pok\u00e9mon\n|rule|Item Clause: Limit one of each item\n|clearpoke\n|poke|p1|Hatterene, L50, F|\n|poke|p1|Flutter Mane, L50|\n|poke|p1|Great Tusk, L50|\n|poke|p1|Ting-Lu, L50|\n|poke|p1|Murkrow, L50, M|\n|poke|p1|Orthworm, L50, F|\n|poke|p2|Amoonguss, L50, F|\n|poke|p2|Gyarados, L50, F|\n|poke|p2|Baxcalibur, L50, M|\n|poke|p2|Flutter Mane, L50|\n|poke|p2|Chi-Yu, L50|\n|poke|p2|Ting-Lu, L50|\n|teampreview|4\n|inactive|Battle timer is ON: inactive players will automatically lose when time's up. (requested by mence x vgc)\n|inactive|1GoldenBoy has 60 seconds left.\n|inactive|mence x vgc has 60 seconds left.\n|inactive|mence x vgc has 30 seconds left.\n|inactive|mence x vgc has 20 seconds left.\n|inactive|mence x vgc has 15 seconds left.\n|inactive|mence x vgc has 10 seconds left.\n|\n|t:|1682887481\n|start\n|switch|p1a: Great Tusk|Great Tusk, L50, shiny|100\/100\n|switch|p1b: Murkrow|Murkrow, L50, M, shiny|100\/100\n|switch|p2a: Baxcalibur|Baxcalibur, L50, M|100\/100\n|switch|p2b: Chi-Yu|Chi-Yu, L50|100\/100\n|-ability|p2b: Chi-Yu|Beads of Ruin\n|turn|1\n|inactive|1GoldenBoy has 30 seconds left.\n|inactive|mence x vgc has 30 seconds left.\n|inactive|1GoldenBoy has 20 seconds left.\n|\n|t:|1682887519\n|switch|p2b: Gyarados|Gyarados, L50, F, shiny|100\/100\n|-ability|p2b: Gyarados|Intimidate|boost\n|-unboost|p1a: Great Tusk|atk|1\n|-unboost|p1b: Murkrow|atk|1\n|-terastallize|p1a: Great Tusk|Ground\n|move|p2a: Baxcalibur|Protect|p2a: Baxcalibur\n|-singleturn|p2a: Baxcalibur|Protect\n|move|p1b: Murkrow|Tailwind|p1b: Murkrow\n|-sidestart|p1: 1GoldenBoy|move: Tailwind\n|move|p1a: Great Tusk|Earthquake|p2a: Baxcalibur|[spread] \n|-activate|p2a: Baxcalibur|move: Protect\n|-immune|p1b: Murkrow\n|-immune|p2b: Gyarados\n|\n|upkeep\n|turn|2\n|inactive|1GoldenBoy has 30 seconds left.\n|inactive|mence x vgc has 30 seconds left.\n|inactive|mence x vgc has 20 seconds left.\n|inactive|mence x vgc has 15 seconds left.\n|inactive|mence x vgc has 10 seconds left.\n|inactive|mence x vgc has 5 seconds left.\n|\n|t:|1682887571\n|-end|p1a: Great Tusk|Protosynthesis|[silent]\n|switch|p1a: Orthworm|Orthworm, L50, F|100\/100\n|move|p1b: Murkrow|U-turn|p2b: Gyarados\n|-resisted|p2b: Gyarados\n|-damage|p2b: Gyarados|96\/100\n|\n|t:|1682887584\n|switch|p1b: Great Tusk|Great Tusk, L50, shiny, tera:Ground|100\/100|[from] U-turn\n|move|p2a: Baxcalibur|Icicle Crash|p1a: Orthworm\n|-resisted|p1a: Orthworm\n|-damage|p1a: Orthworm|85\/100\n|move|p2b: Gyarados|Waterfall|p1a: Orthworm\n|-damage|p1a: Orthworm|63\/100\n|\n|upkeep\n|turn|3\n|inactive|mence x vgc has 30 seconds left.\n|inactive|mence x vgc has 20 seconds left.\n|\n|t:|1682887623\n|move|p1a: Orthworm|Helping Hand|p1b: Great Tusk\n|-singleturn|p1b: Great Tusk|Helping Hand|[of] p1a: Orthworm\n|move|p1b: Great Tusk|Rock Slide|p2a: Baxcalibur|[spread] p2a,p2b\n|-supereffective|p2a: Baxcalibur\n|-supereffective|p2b: Gyarados\n|-damage|p2a: Baxcalibur|40\/100\n|-damage|p2b: Gyarados|43\/100\n|move|p2a: Baxcalibur|Icicle Crash|p1b: Great Tusk\n|-supereffective|p1b: Great Tusk\n|-damage|p1b: Great Tusk|24\/100\n|move|p2b: Gyarados|Waterfall|p1a: Orthworm\n|-damage|p1a: Orthworm|41\/100\n|-enditem|p1a: Orthworm|Sitrus Berry|[eat]\n|-heal|p1a: Orthworm|65\/100|[from] item: Sitrus Berry\n|\n|upkeep\n|turn|4\n|inactive|mence x vgc has 30 seconds left.\n|\n|t:|1682887661\n|move|p1a: Orthworm|Helping Hand|p1b: Great Tusk\n|-singleturn|p1b: Great Tusk|Helping Hand|[of] p1a: Orthworm\n|move|p2a: Baxcalibur|Protect|p2a: Baxcalibur\n|-singleturn|p2a: Baxcalibur|Protect\n|move|p1b: Great Tusk|Rock Slide|p2a: Baxcalibur|[spread] p2b\n|-activate|p2a: Baxcalibur|move: Protect\n|-supereffective|p2b: Gyarados\n|-damage|p2b: Gyarados|0 fnt\n|faint|p2b: Gyarados\n|\n|-sideend|p1: 1GoldenBoy|move: Tailwind\n|upkeep\n|\n|t:|1682887669\n|switch|p2b: Chi-Yu|Chi-Yu, L50|100\/100\n|-ability|p2b: Chi-Yu|Beads of Ruin\n|turn|5\n|inactive|1GoldenBoy has 30 seconds left.\n|\n|t:|1682887699\n|-end|p1b: Great Tusk|Protosynthesis|[silent]\n|switch|p1b: Murkrow|Murkrow, L50, M, shiny|100\/100\n|switch|p1a: Ting-Lu|Ting-Lu, L50|100\/100\n|-ability|p1a: Ting-Lu|Vessel of Ruin\n|move|p2b: Chi-Yu|Heat Wave|p1b: Murkrow|[spread] p1a\n|-miss|p2b: Chi-Yu|p1b: Murkrow\n|-damage|p1a: Ting-Lu|82\/100\n|move|p2a: Baxcalibur|Dragon Dance|p2a: Baxcalibur\n|-boost|p2a: Baxcalibur|atk|1\n|-boost|p2a: Baxcalibur|spe|1\n|\n|upkeep\n|turn|6\n|inactive|mence x vgc has 30 seconds left.\n|\n|t:|1682887727\n|move|p1b: Murkrow|Tailwind|p1b: Murkrow\n|-sidestart|p1: 1GoldenBoy|move: Tailwind\n|move|p2a: Baxcalibur|Icicle Crash|p1a: Ting-Lu\n|-supereffective|p1a: Ting-Lu\n|-damage|p1a: Ting-Lu|0 fnt\n|faint|p1a: Ting-Lu\n|move|p2b: Chi-Yu|Heat Wave|p1b: Murkrow\n|-enditem|p1b: Murkrow|Focus Sash\n|-damage|p1b: Murkrow|1\/100\n|\n|upkeep\n|\n|t:|1682887739\n|switch|p1a: Great Tusk|Great Tusk, L50, shiny, tera:Ground|24\/100\n|turn|7\n|\n|t:|1682887754\n|-terastallize|p2b: Chi-Yu|Grass\n|move|p2a: Baxcalibur|Protect|p2a: Baxcalibur\n|-singleturn|p2a: Baxcalibur|Protect\n|move|p1b: Murkrow|Sunny Day|p1b: Murkrow\n|-weather|SunnyDay\n|-activate|p1a: Great Tusk|ability: Protosynthesis\n|-start|p1a: Great Tusk|protosynthesisatk\n|move|p1a: Great Tusk|Earthquake|p2a: Baxcalibur|[spread] p2b\n|-activate|p2a: Baxcalibur|move: Protect\n|-immune|p1b: Murkrow\n|-resisted|p2b: Chi-Yu\n|-damage|p2b: Chi-Yu|34\/100\n|move|p2b: Chi-Yu|Heat Wave|p1a: Great Tusk|[spread] p1a,p1b\n|-damage|p1a: Great Tusk|0 fnt\n|-damage|p1b: Murkrow|0 fnt\n|faint|p1a: Great Tusk\n|-end|p1a: Great Tusk|Protosynthesis|[silent]\n|faint|p1b: Murkrow\n|\n|-weather|SunnyDay|[upkeep]\n|upkeep\n|\n|t:|1682887775\n|switch|p1b: Orthworm|Orthworm, L50, F|65\/100\n|turn|8\n|\n|t:|1682887798\n|move|p2a: Baxcalibur|Icicle Crash|p1b: Orthworm\n|-resisted|p1b: Orthworm\n|-damage|p1b: Orthworm|41\/100\n|move|p1b: Orthworm|Body Press|p2b: Chi-Yu\n|-damage|p2b: Chi-Yu|0 fnt\n|faint|p2b: Chi-Yu\n|\n|-weather|SunnyDay|[upkeep]\n|upkeep\n|\n|t:|1682887808\n|switch|p2b: Flutter Mane|Flutter Mane, L50, shiny|100\/100\n|-activate|p2b: Flutter Mane|ability: Protosynthesis\n|-start|p2b: Flutter Mane|protosynthesisspa\n|turn|9\n|\n|t:|1682887824\n|move|p2a: Baxcalibur|Glaive Rush|p1b: Orthworm\n|-resisted|p1b: Orthworm\n|-damage|p1b: Orthworm|11\/100\n|-singlemove|p2a: Baxcalibur|Glaive Rush|[silent]\n|move|p2b: Flutter Mane|Shadow Ball|p1b: Orthworm\n|-damage|p1b: Orthworm|0 fnt\n|faint|p1b: Orthworm\n|\n|win|mence x vgc\n|raw|1GoldenBoy's rating: 1276 → 1258<\/strong> (-18 for losing)\n|raw|mence x vgc's rating: 1383 → 1397<\/strong> (+14 for winning)\n|l|\u26061GoldenBoy\n","uploadtime":1682887845,"views":11,"p1id":"1goldenboy","p2id":"mencexvgc","formatid":"gen9vgc2023regulationc","rating":1258,"private":0,"password":""}