{"id":"gen9vgc2023regulationc-1861674867","p1":"LegendBtw","p2":"pokepro20","format":"[Gen 9] VGC 2023 Regulation C","log":"|j|\u2606LegendBtw\n|j|\u2606pokepro20\n|t:|1683792371\n|gametype|doubles\n|player|p1|LegendBtw|red-gen1|1336\n|player|p2|pokepro20|170|1251\n|teamsize|p1|6\n|teamsize|p2|6\n|gen|9\n|tier|[Gen 9] VGC 2023 Regulation C\n|rated|\n|rule|Species Clause: Limit one of each Pok\u00e9mon\n|rule|Item Clause: Limit one of each item\n|clearpoke\n|poke|p1|Amoonguss, L50, F|\n|poke|p1|Ting-Lu, L50|\n|poke|p1|Arcanine, L50, M|\n|poke|p1|Palafin, L50, M|\n|poke|p1|Flutter Mane, L50|\n|poke|p1|Chien-Pao, L50|\n|poke|p2|Amoonguss, L50, F|\n|poke|p2|Flutter Mane, L50|\n|poke|p2|Ting-Lu, L50|\n|poke|p2|Arcanine, L50, F|\n|poke|p2|Palafin, L50, M|\n|poke|p2|Iron Hands, L50|\n|teampreview|4\npokepro20 rejected open team sheets.\n|inactive|Battle timer is ON: inactive players will automatically lose when time's up. (requested by LegendBtw)\n|inactive|pokepro20 has 60 seconds left.\n|inactive|pokepro20 has 30 seconds left.\n|\n|t:|1683792483\n|start\n|switch|p1a: Flutter Mane|Flutter Mane, L50|100\/100\n|switch|p1b: Palafin|Palafin, L50, M|100\/100\n|switch|p2a: Arcanine|Arcanine, L50, F|100\/100\n|switch|p2b: Amoonguss|Amoonguss, L50, F|100\/100\n|-ability|p2a: Arcanine|Intimidate|boost\n|-unboost|p1a: Flutter Mane|atk|1\n|-unboost|p1b: Palafin|atk|1\n|turn|1\n|inactive|LegendBtw has 30 seconds left.\n|\n|t:|1683792511\n|move|p2a: Arcanine|Protect|p2a: Arcanine\n|-singleturn|p2a: Arcanine|Protect\n|move|p1a: Flutter Mane|Shadow Ball|p2a: Arcanine\n|-activate|p2a: Arcanine|move: Protect\n|move|p1b: Palafin|Wave Crash|p2a: Arcanine\n|-activate|p2a: Arcanine|move: Protect\n|move|p2b: Amoonguss|Spore|p1a: Flutter Mane\n|-status|p1a: Flutter Mane|slp|[from] move: Spore\n|\n|upkeep\n|turn|2\n|inactive|pokepro20 has 30 seconds left.\n|\n|t:|1683792537\n|detailschange|p1b: Palafin|Palafin-Hero, L50, M\n|switch|p1b: Amoonguss|Amoonguss, L50, F|100\/100\n|move|p2b: Amoonguss|Rage Powder|p2b: Amoonguss\n|-singleturn|p2b: Amoonguss|move: Rage Powder\n|cant|p1a: Flutter Mane|slp\n|move|p2a: Arcanine|Flare Blitz|p1a: Flutter Mane\n|-damage|p1a: Flutter Mane|26\/100 slp\n|-damage|p2a: Arcanine|80\/100|[from] Recoil\n|\n|upkeep\n|turn|3\n|\n|t:|1683792552\n|-end|p1a: Flutter Mane|Protosynthesis|[silent]\n|switch|p1a: Palafin|Palafin-Hero, L50, M|100\/100\n|-activate|p1a: Palafin|ability: Zero to Hero\n|move|p2b: Amoonguss|Rage Powder|p2b: Amoonguss\n|-singleturn|p2b: Amoonguss|move: Rage Powder\n|move|p2a: Arcanine|Flare Blitz|p1b: Amoonguss\n|-supereffective|p1b: Amoonguss\n|-damage|p1b: Amoonguss|27\/100\n|-enditem|p1b: Amoonguss|Sitrus Berry|[eat]\n|-heal|p1b: Amoonguss|52\/100|[from] item: Sitrus Berry\n|-damage|p2a: Arcanine|53\/100|[from] Recoil\n|move|p1b: Amoonguss|Pollen Puff|p1a: Palafin\n|-immune|p1a: Palafin\n|\n|upkeep\n|turn|4\n|\n|t:|1683792573\n|switch|p1a: Flutter Mane|Flutter Mane, L50|26\/100 slp\n|-terastallize|p2a: Arcanine|Grass\n|move|p2a: Arcanine|Will-O-Wisp||[still]\n|-fail|p2a: Arcanine\n|move|p1b: Amoonguss|Pollen Puff|p1a: Flutter Mane\n|-heal|p1a: Flutter Mane|76\/100 slp\n|move|p2b: Amoonguss|Pollen Puff|p2a: Arcanine\n|-heal|p2a: Arcanine|100\/100\n|\n|upkeep\n|turn|5\n|\n|t:|1683792596\n|switch|p1b: Palafin|Palafin-Hero, L50, M|100\/100\n|move|p2b: Amoonguss|Rage Powder|p2b: Amoonguss\n|-singleturn|p2b: Amoonguss|move: Rage Powder\n|cant|p1a: Flutter Mane|slp\n|move|p2a: Arcanine|Flare Blitz|p1b: Palafin\n|-resisted|p1b: Palafin\n|-damage|p1b: Palafin|80\/100\n|-status|p1b: Palafin|brn\n|-damage|p2a: Arcanine|93\/100|[from] Recoil\n|\n|-damage|p1b: Palafin|74\/100 brn|[from] brn\n|upkeep\n|turn|6\n|inactive|pokepro20 has 30 seconds left.\n|\n|t:|1683792624\n|-terastallize|p1a: Flutter Mane|Fairy\n|move|p2b: Amoonguss|Rage Powder|p2b: Amoonguss\n|-singleturn|p2b: Amoonguss|move: Rage Powder\n|cant|p1a: Flutter Mane|slp\n|move|p2a: Arcanine|Flare Blitz|p1a: Flutter Mane\n|-damage|p1a: Flutter Mane|0 fnt\n|faint|p1a: Flutter Mane\n|-end|p1a: Flutter Mane|Protosynthesis|[silent]\n|-damage|p2a: Arcanine|73\/100|[from] Recoil\n|move|p1b: Palafin|Wave Crash|p2b: Amoonguss\n|-resisted|p2b: Amoonguss\n|-damage|p2b: Amoonguss|80\/100\n|-damage|p1b: Palafin|66\/100 brn|[from] Recoil\n|\n|-damage|p1b: Palafin|60\/100 brn|[from] brn\n|upkeep\n|\n|t:|1683792628\n|switch|p1a: Chien-Pao|Chien-Pao, L50|100\/100\n|-ability|p1a: Chien-Pao|Sword of Ruin\n|turn|7\n|\n|t:|1683792649\n|move|p2a: Arcanine|Protect|p2a: Arcanine\n|-singleturn|p2a: Arcanine|Protect\n|move|p1a: Chien-Pao|Ice Spinner|p2a: Arcanine\n|-activate|p2a: Arcanine|move: Protect\n|move|p1b: Palafin|Wave Crash|p2a: Arcanine\n|-activate|p2a: Arcanine|move: Protect\n|move|p2b: Amoonguss|Spore|p1a: Chien-Pao\n|-status|p1a: Chien-Pao|slp|[from] move: Spore\n|\n|-damage|p1b: Palafin|55\/100 brn|[from] brn\n|upkeep\n|turn|8\n|\n|t:|1683792664\n|cant|p1a: Chien-Pao|slp\n|move|p2a: Arcanine|Flare Blitz|p1a: Chien-Pao\n|-supereffective|p1a: Chien-Pao\n|-enditem|p1a: Chien-Pao|Focus Sash\n|-damage|p1a: Chien-Pao|1\/100 slp\n|-damage|p2a: Arcanine|47\/100|[from] Recoil\n|move|p1b: Palafin|Wave Crash|p2a: Arcanine\n|-resisted|p2a: Arcanine\n|-damage|p2a: Arcanine|11\/100\n|-damage|p1b: Palafin|43\/100 brn|[from] Recoil\n|move|p2b: Amoonguss|Pollen Puff|p1a: Chien-Pao\n|-supereffective|p1a: Chien-Pao\n|-damage|p1a: Chien-Pao|0 fnt\n|faint|p1a: Chien-Pao\n|\n|-damage|p1b: Palafin|38\/100 brn|[from] brn\n|upkeep\n|\n|t:|1683792669\n|switch|p1a: Amoonguss|Amoonguss, L50, F|85\/100\n|turn|9\n|-message|LegendBtw forfeited.\n|\n|win|pokepro20\n|raw|LegendBtw's rating: 1336 → 1311<\/strong> (-25 for losing)\n|raw|pokepro20's rating: 1251 → 1282<\/strong> (+31 for winning)\n","uploadtime":1683792674,"views":15,"p1id":"legendbtw","p2id":"pokepro20","formatid":"gen9vgc2023regulationc","rating":1282,"private":0,"password":""}