{"id":"gen9vgc2023regulationc-1845257101","p1":"simpternational","p2":"Wacko789","format":"[Gen 9] VGC 2023 Regulation C","log":"|j|\u2606simpternational\n|j|\u2606Wacko789\n|t:|1681703107\n|gametype|doubles\n|player|p1|simpternational|sabrina|1305\n|player|p2|Wacko789|266|1356\n|teamsize|p1|6\n|teamsize|p2|6\n|gen|9\n|tier|[Gen 9] VGC 2023 Regulation C\n|rated|\n|rule|Species Clause: Limit one of each Pok\u00e9mon\n|rule|Item Clause: Limit one of each item\n|clearpoke\n|poke|p1|Kingambit, L50, F|\n|poke|p1|Hatterene, L50, F|\n|poke|p1|Annihilape, L50, F|\n|poke|p1|Iron Hands, L50|\n|poke|p1|Brute Bonnet, L50|\n|poke|p1|Torkoal, L50, F|\n|poke|p2|Annihilape, L50, F|\n|poke|p2|Ting-Lu, L50|\n|poke|p2|Farigiraf, L50, M|\n|poke|p2|Gyarados, L50, M|\n|poke|p2|Dragonite, L50, F|\n|poke|p2|Flutter Mane, L50|\n|teampreview|4\n|inactive|Battle timer is ON: inactive players will automatically lose when time's up. (requested by Wacko789)\n|inactive|simpternational also wants the timer to be on.\n|inactive|Wacko789 has 60 seconds left.\n|inactive|Wacko789 has 30 seconds left.\n|inactive|Wacko789 has 20 seconds left.\n|inactive|Wacko789 has 15 seconds left.\n|\n|t:|1681703186\n|start\n|switch|p1a: Annihilape|Annihilape, L50, F, shiny|100\/100\n|switch|p1b: Hatterene|Hatterene, L50, F, shiny|100\/100\n|switch|p2a: Ting-Lu|Ting-Lu, L50|100\/100\n|switch|p2b: Dragonite|Dragonite, L50, F|100\/100\n|-ability|p2a: Ting-Lu|Vessel of Ruin\n|turn|1\n|\n|t:|1681703206\n|move|p2b: Dragonite|Extreme Speed|p1b: Hatterene\n|-damage|p1b: Hatterene|66\/100\n|move|p1a: Annihilape|Final Gambit|p2a: Ting-Lu\n|-damage|p2a: Ting-Lu|17\/100\n|faint|p1a: Annihilape\n|move|p2a: Ting-Lu|Throat Chop|p1b: Hatterene\n|-damage|p1b: Hatterene|19\/100\n|move|p1b: Hatterene|Trick Room|p1b: Hatterene\n|-fieldstart|move: Trick Room|[of] p1b: Hatterene\n|\n|upkeep\n|\n|t:|1681703224\n|switch|p1a: Iron Hands|Iron Hands, L50, shiny|100\/100\n|turn|2\n|\n|t:|1681703237\n|-terastallize|p1b: Hatterene|Steel\n|move|p2b: Dragonite|Extreme Speed|p1b: Hatterene\n|-resisted|p1b: Hatterene\n|-damage|p1b: Hatterene|2\/100\n|move|p1b: Hatterene|Dazzling Gleam|p2a: Ting-Lu|[spread] p2a,p2b\n|-supereffective|p2a: Ting-Lu\n|-supereffective|p2b: Dragonite\n|-damage|p2a: Ting-Lu|0 fnt\n|-damage|p2b: Dragonite|76\/100\n|faint|p2a: Ting-Lu\n|move|p1a: Iron Hands|Thunder Punch|p2b: Dragonite\n|-damage|p2b: Dragonite|35\/100\n|\n|upkeep\n|\n|t:|1681703260\n|switch|p2a: Farigiraf|Farigiraf, L50, M|100\/100\n|turn|3\n|\n|t:|1681703278\n|move|p2b: Dragonite|Extreme Speed|p1b: Hatterene\n|-resisted|p1b: Hatterene\n|-damage|p1b: Hatterene|0 fnt\n|faint|p1b: Hatterene\n|move|p1a: Iron Hands|Thunder Punch|p2b: Dragonite\n|-damage|p2b: Dragonite|0 fnt\n|faint|p2b: Dragonite\n|move|p2a: Farigiraf|Hyper Voice|p1a: Iron Hands\n|-damage|p1a: Iron Hands|65\/100\n|\n|upkeep\n|inactive|simpternational has 30 seconds left.\n|inactive|simpternational has 20 seconds left.\n|inactive|simpternational has 15 seconds left.\n|inactive|simpternational has 10 seconds left.\n|inactive|simpternational has 5 seconds left.\n|\n|t:|1681703333\n|switch|p1b: Brute Bonnet|Brute Bonnet, L50, shiny|100\/100\n|switch|p2b: Gyarados|Gyarados, L50, M|100\/100\n|-ability|p2b: Gyarados|Intimidate|boost\n|-unboost|p1a: Iron Hands|atk|1\n|-unboost|p1b: Brute Bonnet|atk|1\n|turn|4\n|\n|t:|1681703351\n|-terastallize|p2a: Farigiraf|Fairy\n|move|p2b: Gyarados|Protect|p2b: Gyarados\n|-singleturn|p2b: Gyarados|Protect\n|move|p1a: Iron Hands|Thunder Punch|p2b: Gyarados\n|-activate|p2b: Gyarados|move: Protect\n|move|p1b: Brute Bonnet|Crunch|p2a: Farigiraf\n|-resisted|p2a: Farigiraf\n|-damage|p2a: Farigiraf|87\/100\n|move|p2a: Farigiraf|Dazzling Gleam|p1a: Iron Hands|[spread] p1a,p1b\n|-supereffective|p1a: Iron Hands\n|-supereffective|p1b: Brute Bonnet\n|-damage|p1a: Iron Hands|16\/100\n|-damage|p1b: Brute Bonnet|55\/100\n|-enditem|p1a: Iron Hands|Sitrus Berry|[eat]\n|-heal|p1a: Iron Hands|41\/100|[from] item: Sitrus Berry\n|\n|upkeep\n|turn|5\n|inactive|simpternational has 30 seconds left.\n|\n|t:|1681703376\n|move|p1a: Iron Hands|Thunder Punch|p2b: Gyarados\n|-supereffective|p2b: Gyarados\n|-damage|p2b: Gyarados|0 fnt\n|faint|p2b: Gyarados\n|move|p1b: Brute Bonnet|Bullet Seed|p2a: Farigiraf\n|-damage|p2a: Farigiraf|79\/100\n|-damage|p2a: Farigiraf|70\/100\n|-damage|p2a: Farigiraf|62\/100\n|-damage|p2a: Farigiraf|53\/100\n|-damage|p2a: Farigiraf|45\/100\n|-hitcount|p2a: Farigiraf|5\n|move|p2a: Farigiraf|Dazzling Gleam|p1b: Brute Bonnet|[spread] p1a,p1b\n|-supereffective|p1a: Iron Hands\n|-supereffective|p1b: Brute Bonnet\n|-damage|p1a: Iron Hands|0 fnt\n|-damage|p1b: Brute Bonnet|11\/100\n|faint|p1a: Iron Hands\n|-end|p1a: Iron Hands|Quark Drive|[silent]\n|\n|-fieldend|move: Trick Room\n|upkeep\n|turn|6\n|\n|t:|1681703392\n|move|p2a: Farigiraf|Dazzling Gleam|p1b: Brute Bonnet\n|-supereffective|p1b: Brute Bonnet\n|-damage|p1b: Brute Bonnet|0 fnt\n|faint|p1b: Brute Bonnet\n|-end|p1b: Brute Bonnet|Protosynthesis|[silent]\n|\n|win|Wacko789\n|raw|simpternational's rating: 1305 → 1288<\/strong> (-17 for losing)\n|raw|Wacko789's rating: 1356 → 1373<\/strong> (+17 for winning)\n|l|\u2606Wacko789\n","uploadtime":1681703528,"views":10,"p1id":"simpternational","p2id":"wacko789","formatid":"gen9vgc2023regulationc","rating":1288,"private":0,"password":""}