{"id":"gen9vgc2023regulationc-1848689327","p1":"krakatoa_dx","p2":"ICCR","format":"[Gen 9] VGC 2023 Regulation C","log":"|j|\u2606krakatoa_dx\n|j|\u2606ICCR\n|t:|1682101036\n|gametype|doubles\n|player|p1|krakatoa_dx|flint|1142\n|player|p2|ICCR|169|1127\n|teamsize|p1|6\n|teamsize|p2|6\n|gen|9\n|tier|[Gen 9] VGC 2023 Regulation C\n|rated|\n|rule|Species Clause: Limit one of each Pok\u00e9mon\n|rule|Item Clause: Limit one of each item\n|clearpoke\n|poke|p1|Flutter Mane, L50|\n|poke|p1|Amoonguss, L50, F|\n|poke|p1|Palafin, L50, F|\n|poke|p1|Ting-Lu, L50|\n|poke|p1|Arcanine, L50, M|\n|poke|p1|Baxcalibur, L50, F|\n|poke|p2|Arcanine, L50, M|\n|poke|p2|Iron Bundle, L50|\n|poke|p2|Dragapult, L50, M|\n|poke|p2|Amoonguss, L50, M|\n|poke|p2|Kingambit, L50, M|\n|poke|p2|Flutter Mane, L50|\n|teampreview|4\n|inactive|Battle timer is ON: inactive players will automatically lose when time's up. (requested by ICCR)\n|inactive|krakatoa_dx has 60 seconds left.\n|\n|t:|1682101099\n|start\n|switch|p1a: Amoonguss|Amoonguss, L50, F|100\/100\n|switch|p1b: Arcanine|Arcanine, L50, M|100\/100\n|switch|p2a: Iron Bundle|Iron Bundle, L50|100\/100\n|switch|p2b: Mimi|Flutter Mane, L50|100\/100\n|-ability|p1b: Arcanine|Intimidate|boost\n|-unboost|p2a: Iron Bundle|atk|1\n|-unboost|p2b: Mimi|atk|1\n|-enditem|p2b: Mimi|Booster Energy\n|-activate|p2b: Mimi|ability: Protosynthesis|[fromitem]\n|-start|p2b: Mimi|protosynthesisspa\n|turn|1\n|inactive|krakatoa_dx has 30 seconds left.\n|inactive|ICCR has 30 seconds left.\n|\n|t:|1682101134\n|-end|p2b: Mimi|Protosynthesis|[silent]\n|switch|p2b: Arcanine|Arcanine, L50, M|100\/100\n|-ability|p2b: Arcanine|Intimidate|boost\n|-unboost|p1a: Amoonguss|atk|1\n|-unboost|p1b: Arcanine|atk|1\n|-terastallize|p1a: Amoonguss|Dark\n|move|p1b: Arcanine|Protect|p1b: Arcanine\n|-singleturn|p1b: Arcanine|Protect\n|move|p2a: Iron Bundle|Freeze-Dry|p1a: Amoonguss\n|-damage|p1a: Amoonguss|73\/100\n|move|p1a: Amoonguss|Spore|p2a: Iron Bundle\n|-status|p2a: Iron Bundle|slp|[from] move: Spore\n|\n|upkeep\n|turn|2\n|inactive|krakatoa_dx has 30 seconds left.\n|\n|t:|1682101169\n|switch|p1a: Ting-Lu|Ting-Lu, L50|100\/100\n|-ability|p1a: Ting-Lu|Vessel of Ruin\n|cant|p2a: Iron Bundle|slp\n|move|p2b: Arcanine|Will-O-Wisp|p1a: Ting-Lu\n|-status|p1a: Ting-Lu|brn\n|move|p1b: Arcanine|Will-O-Wisp||[still]\n|-fail|p1b: Arcanine\n|\n|-damage|p1a: Ting-Lu|94\/100 brn|[from] brn\n|upkeep\n|turn|3\n|\n|t:|1682101192\n|switch|p2b: WoChien|Amoonguss, L50, M|100\/100\n|move|p1b: Arcanine|Extreme Speed|p2a: Iron Bundle\n|-damage|p2a: Iron Bundle|82\/100 slp\n|cant|p2a: Iron Bundle|slp\n|move|p1a: Ting-Lu|Ruination|p2a: Iron Bundle\n|-damage|p2a: Iron Bundle|41\/100 slp\n|\n|-heal|p1a: Ting-Lu|100\/100 brn|[from] item: Leftovers\n|-damage|p1a: Ting-Lu|94\/100 brn|[from] brn\n|upkeep\n|turn|4\n|inactive|krakatoa_dx has 30 seconds left.\n|\n|t:|1682101220\n|switch|p2b: Arcanine|Arcanine, L50, M|100\/100\n|-ability|p2b: Arcanine|Intimidate|boost\n|-unboost|p1a: Ting-Lu|atk|1\n|-unboost|p1b: Arcanine|atk|1\n|move|p1b: Arcanine|Extreme Speed|p2a: Iron Bundle\n|-damage|p2a: Iron Bundle|28\/100 slp\n|cant|p2a: Iron Bundle|slp\n|move|p1a: Ting-Lu|Heavy Slam|p2a: Iron Bundle\n|-damage|p2a: Iron Bundle|12\/100 slp\n|\n|-heal|p1a: Ting-Lu|100\/100 brn|[from] item: Leftovers\n|-damage|p1a: Ting-Lu|94\/100 brn|[from] brn\n|upkeep\n|turn|5\n|inactive|krakatoa_dx has 30 seconds left.\n|inactive|ICCR has 30 seconds left.\n|\n|t:|1682101249\n|-end|p2a: Iron Bundle|Quark Drive|[silent]\n|switch|p2a: WoChien|Amoonguss, L50, M|100\/100\n|switch|p1b: Baxcalibur|Baxcalibur, L50, F|100\/100\n|move|p2b: Arcanine|Flare Blitz|p1b: Baxcalibur\n|-damage|p1b: Baxcalibur|56\/100\n|-ability|p1b: Baxcalibur|Thermal Exchange|boost\n|-boost|p1b: Baxcalibur|atk|1\n|-damage|p2b: Arcanine|86\/100|[from] Recoil\n|move|p1a: Ting-Lu|Heavy Slam|p2a: WoChien\n|-damage|p2a: WoChien|88\/100\n|\n|-heal|p1a: Ting-Lu|100\/100 brn|[from] item: Leftovers\n|-damage|p1a: Ting-Lu|94\/100 brn|[from] brn\n|upkeep\n|turn|6\n|inactive|krakatoa_dx has 30 seconds left.\n|\n|t:|1682101283\n|switch|p2b: Mimi|Flutter Mane, L50|100\/100\n|-terastallize|p2a: WoChien|Water\n|move|p1b: Baxcalibur|Protect|p1b: Baxcalibur\n|-singleturn|p1b: Baxcalibur|Protect\n|move|p1a: Ting-Lu|Ruination|p2b: Mimi\n|-damage|p2b: Mimi|51\/100\n|move|p2a: WoChien|Spore|p1b: Baxcalibur\n|-activate|p1b: Baxcalibur|move: Protect\n|\n|-heal|p1a: Ting-Lu|100\/100 brn|[from] item: Leftovers\n|-damage|p1a: Ting-Lu|94\/100 brn|[from] brn\n|upkeep\n|turn|7\n|inactive|krakatoa_dx has 30 seconds left.\n|\n|t:|1682101315\n|switch|p1b: Amoonguss|Amoonguss, L50, F, tera:Dark|100\/100\n|move|p2a: WoChien|Rage Powder|p2a: WoChien\n|-singleturn|p2a: WoChien|move: Rage Powder\n|move|p2b: Mimi|Dazzling Gleam|p1b: Amoonguss|[spread] p1a,p1b\n|-supereffective|p1a: Ting-Lu\n|-supereffective|p1b: Amoonguss\n|-damage|p1a: Ting-Lu|60\/100 brn\n|-damage|p1b: Amoonguss|60\/100\n|move|p1a: Ting-Lu|Heavy Slam|p2a: WoChien\n|-resisted|p2a: WoChien\n|-damage|p2a: WoChien|82\/100\n|\n|-heal|p1a: Ting-Lu|66\/100 brn|[from] item: Leftovers\n|-damage|p1a: Ting-Lu|60\/100 brn|[from] brn\n|upkeep\n|turn|8\n|inactive|krakatoa_dx has 30 seconds left.\n|\n|t:|1682101342\n|switch|p1a: Arcanine|Arcanine, L50, M|100\/100\n|-ability|p1a: Arcanine|Intimidate|boost\n|-unboost|p2a: WoChien|atk|1\n|-unboost|p2b: Mimi|atk|1\n|move|p1b: Amoonguss|Protect|p1b: Amoonguss\n|-singleturn|p1b: Amoonguss|Protect\n|move|p2a: WoChien|Rage Powder|p2a: WoChien\n|-singleturn|p2a: WoChien|move: Rage Powder\n|move|p2b: Mimi|Moonblast|p1b: Amoonguss\n|-activate|p1b: Amoonguss|move: Protect\n|\n|upkeep\n|turn|9\n|inactive|krakatoa_dx has 30 seconds left.\n|inactive|krakatoa_dx has 20 seconds left.\n|\n|t:|1682101378\n|-end|p2b: Mimi|Protosynthesis|[silent]\n|switch|p2b: Arcanine|Arcanine, L50, M|86\/100\n|-ability|p2b: Arcanine|Intimidate|boost\n|-unboost|p1a: Arcanine|atk|1\n|-unboost|p1b: Amoonguss|atk|1\n|move|p1a: Arcanine|Flare Blitz|p2b: Arcanine\n|-resisted|p2b: Arcanine\n|-damage|p2b: Arcanine|68\/100\n|-damage|p1a: Arcanine|94\/100|[from] Recoil\n|move|p1b: Amoonguss|Spore|p2b: Arcanine\n|-activate|p2b: Arcanine|item: Safety Goggles|Spore\n|move|p2a: WoChien|Spore|p1b: Amoonguss\n|-status|p1b: Amoonguss|slp|[from] move: Spore\n|\n|upkeep\n|turn|10\n|inactive|krakatoa_dx has 30 seconds left.\n|inactive|krakatoa_dx has 20 seconds left.\n|\n|t:|1682101414\n|switch|p2b: Iron Bundle|Iron Bundle, L50|12\/100 slp\n|cant|p1b: Amoonguss|slp\n|move|p2a: WoChien|Rage Powder|p2a: WoChien\n|-singleturn|p2a: WoChien|move: Rage Powder\n|move|p1a: Arcanine|Will-O-Wisp|p2a: WoChien\n|-status|p2a: WoChien|brn\n|\n|-damage|p2a: WoChien|76\/100 brn|[from] brn\n|upkeep\n|turn|11\n|inactive|krakatoa_dx has 30 seconds left.\n|\n|t:|1682101440\n|switch|p1a: Ting-Lu|Ting-Lu, L50|60\/100 brn\n|-ability|p1a: Ting-Lu|Vessel of Ruin\n|move|p2a: WoChien|Rage Powder|p2a: WoChien\n|-singleturn|p2a: WoChien|move: Rage Powder\n|-curestatus|p2b: Iron Bundle|slp|[msg]\n|move|p2b: Iron Bundle|Hydro Pump|p1a: Ting-Lu|[miss]\n|-miss|p2b: Iron Bundle|p1a: Ting-Lu\n|cant|p1b: Amoonguss|slp\n|\n|-heal|p1a: Ting-Lu|66\/100 brn|[from] item: Leftovers\n|-damage|p1a: Ting-Lu|60\/100 brn|[from] brn\n|-damage|p2a: WoChien|70\/100 brn|[from] brn\n|upkeep\n|turn|12\n|\n|t:|1682101464\n|move|p1a: Ting-Lu|Protect|p1a: Ting-Lu\n|-singleturn|p1a: Ting-Lu|Protect\n|move|p2a: WoChien|Rage Powder|p2a: WoChien\n|-singleturn|p2a: WoChien|move: Rage Powder\n|move|p2b: Iron Bundle|Hydro Pump|p1a: Ting-Lu\n|-activate|p1a: Ting-Lu|move: Protect\n|cant|p1b: Amoonguss|slp\n|\n|-heal|p1a: Ting-Lu|66\/100 brn|[from] item: Leftovers\n|-damage|p1a: Ting-Lu|60\/100 brn|[from] brn\n|-damage|p2a: WoChien|65\/100 brn|[from] brn\n|upkeep\n|turn|13\n|inactive|krakatoa_dx has 30 seconds left.\n|\n|t:|1682101493\n|switch|p1a: Baxcalibur|Baxcalibur, L50, F|56\/100\n|switch|p2a: Mimi|Flutter Mane, L50|51\/100\n|move|p2b: Iron Bundle|Hydro Pump|p1a: Baxcalibur\n|-resisted|p1a: Baxcalibur\n|-damage|p1a: Baxcalibur|26\/100\n|-curestatus|p1b: Amoonguss|slp|[msg]\n|move|p1b: Amoonguss|Spore|p2b: Iron Bundle\n|-status|p2b: Iron Bundle|slp|[from] move: Spore\n|\n|upkeep\n|turn|14\n|inactive|krakatoa_dx has 30 seconds left.\n|\n|t:|1682101520\n|-end|p2b: Iron Bundle|Quark Drive|[silent]\n|switch|p2b: WoChien|Amoonguss, L50, M, tera:Water|98\/100 brn\n|move|p1a: Baxcalibur|Protect|p1a: Baxcalibur\n|-singleturn|p1a: Baxcalibur|Protect\n|move|p2a: Mimi|Dazzling Gleam|p1a: Baxcalibur|[spread] p1b\n|-activate|p1a: Baxcalibur|move: Protect\n|-supereffective|p1b: Amoonguss\n|-damage|p1b: Amoonguss|3\/100\n|-enditem|p1b: Amoonguss|Sitrus Berry|[eat]\n|-heal|p1b: Amoonguss|28\/100|[from] item: Sitrus Berry\n|move|p1b: Amoonguss|Spore|p2a: Mimi\n|-status|p2a: Mimi|slp|[from] move: Spore\n|\n|-damage|p2b: WoChien|92\/100 brn|[from] brn\n|upkeep\n|turn|15\n|inactive|krakatoa_dx has 30 seconds left.\n|inactive|krakatoa_dx has 20 seconds left.\n|\n|t:|1682101542\n|-end|p2a: Mimi|Protosynthesis|[silent]\n|switch|p2a: Arcanine|Arcanine, L50, M|68\/100\n|-ability|p2a: Arcanine|Intimidate|boost\n|-unboost|p1a: Baxcalibur|atk|1\n|-unboost|p1b: Amoonguss|atk|1\n|move|p1a: Baxcalibur|Glaive Rush|p2b: WoChien\n|-damage|p2b: WoChien|53\/100 brn\n|-singlemove|p1a: Baxcalibur|Glaive Rush|[silent]\n|move|p1b: Amoonguss|Pollen Puff|p1a: Baxcalibur\n|-heal|p1a: Baxcalibur|76\/100\n|move|p2b: WoChien|Pollen Puff|p2a: Arcanine\n|-heal|p2a: Arcanine|100\/100\n|\n|-damage|p2b: WoChien|47\/100 brn|[from] brn\n|upkeep\n|-enditem|p2b: WoChien|Sitrus Berry|[eat]\n|-heal|p2b: WoChien|72\/100 brn|[from] item: Sitrus Berry\n|turn|16\n|inactive|krakatoa_dx has 20 seconds left this turn.\n|inactive|krakatoa_dx has 15 seconds left.\n|inactive|krakatoa_dx has 10 seconds left.\n|inactive|krakatoa_dx has 5 seconds left.\n|inactive|ICCR has 30 seconds left.\n|\n|t:|1682101569\n|move|p1a: Baxcalibur|Protect|p1a: Baxcalibur\n|-singleturn|p1a: Baxcalibur|Protect\n|move|p2a: Arcanine|Flare Blitz|p1b: Amoonguss\n|-damage|p1b: Amoonguss|0 fnt\n|faint|p1b: Amoonguss\n|-damage|p2a: Arcanine|90\/100|[from] Recoil\n|move|p2b: WoChien|Pollen Puff|p2a: Arcanine\n|-heal|p2a: Arcanine|100\/100\n|\n|-damage|p2b: WoChien|66\/100 brn|[from] brn\n|upkeep\n|inactive|krakatoa_dx has 5 seconds left this turn.\n|-message|krakatoa_dx lost due to inactivity.\n|\n|win|ICCR\n|raw|krakatoa_dx's rating: 1142 → 1116<\/strong> (-26 for losing)\n|raw|ICCR's rating: 1127 → 1153<\/strong> (+26 for winning)\n","uploadtime":1682101585,"views":15,"p1id":"krakatoadx","p2id":"iccr","formatid":"gen9vgc2023regulationc","rating":1116,"private":0,"password":""}