{"id":"gen9vgc2023regulationc-1850743818","p1":"lateralvs","p2":"GAPDHD","format":"[Gen 9] VGC 2023 Regulation C","log":"|j|\u2606lateralvs\n|j|\u2606GAPDHD\n|t:|1682363911\n|gametype|doubles\n|player|p1|lateralvs|giovanni|1576\n|player|p2|GAPDHD|ruinmaniac|1570\n|teamsize|p1|6\n|teamsize|p2|6\n|gen|9\n|tier|[Gen 9] VGC 2023 Regulation C\n|rated|\n|rule|Species Clause: Limit one of each Pok\u00e9mon\n|rule|Item Clause: Limit one of each item\n|clearpoke\n|poke|p1|Iron Jugulis, L50|\n|poke|p1|Garchomp, L50, M|\n|poke|p1|Gyarados, L50, M|\n|poke|p1|Gholdengo, L50|\n|poke|p1|Iron Hands, L50|\n|poke|p1|Amoonguss, L50, M|\n|poke|p2|Dondozo, L50, F|\n|poke|p2|Tatsugiri, L50, M|\n|poke|p2|Glimmora, L50, M|\n|poke|p2|Klefki, L50, M|\n|poke|p2|Gothitelle, L50, F|\n|poke|p2|Meowscarada, L50, M|\n|teampreview|4\nlateralvs has agreed to open team sheets.\nGAPDHD has agreed to open team sheets.\n|j| dscdswqcds\n|\n|t:|1682364012\n|start\n|switch|p1a: Higuain 3-2|Gholdengo, L50|100\/100\n|switch|p1b: Marchisio 2-1|Iron Hands, L50|100\/100\n|switch|p2a: Klefki|Klefki, L50, M|100\/100\n|switch|p2b: Glimmora|Glimmora, L50, M|100\/100\n|turn|1\n|j| TehWrongGuy\n|\n|t:|1682364029\n|move|p1b: Marchisio 2-1|Fake Out|p2a: Klefki\n|-resisted|p2a: Klefki\n|-damage|p2a: Klefki|92\/100\n|cant|p2a: Klefki|flinch\n|move|p2b: Glimmora|Mortal Spin|p1a: Higuain 3-2|[spread] p1b\n|-immune|p1a: Higuain 3-2\n|-damage|p1b: Marchisio 2-1|98\/100\n|-status|p1b: Marchisio 2-1|psn\n|move|p1a: Higuain 3-2|Make It Rain|p2a: Klefki|[spread] p2a,p2b\n|-supereffective|p2b: Glimmora\n|-damage|p2a: Klefki|33\/100\n|-damage|p2b: Glimmora|1\/100\n|-unboost|p1a: Higuain 3-2|spa|1\n|\n|-damage|p1b: Marchisio 2-1|85\/100 psn|[from] psn\n|upkeep\n|turn|2\n|j| A_Fellow_Undead\n|\n|t:|1682364073\n|move|p2a: Klefki|Reflect|p2a: Klefki\n|-sidestart|p2: GAPDHD|Reflect\n|move|p2b: Glimmora|Earth Power|p1a: Higuain 3-2\n|-supereffective|p1a: Higuain 3-2\n|-damage|p1a: Higuain 3-2|42\/100\n|move|p1a: Higuain 3-2|Make It Rain|p2b: Glimmora|[spread] p2a,p2b\n|-supereffective|p2b: Glimmora\n|-damage|p2a: Klefki|0 fnt\n|-damage|p2b: Glimmora|0 fnt\n|-unboost|p1a: Higuain 3-2|spa|1\n|faint|p2a: Klefki\n|faint|p2b: Glimmora\n|move|p1b: Marchisio 2-1|Drain Punch|p2: Klefki|[notarget]\n|-fail|p1b: Marchisio 2-1\n|\n|-damage|p1b: Marchisio 2-1|73\/100 psn|[from] psn\n|upkeep\n|\n|t:|1682364082\n|switch|p2b: Tatsugiri|Tatsugiri, L50, M|100\/100\n|switch|p2a: Dondozo|Dondozo, L50, F|100\/100\n|-activate|p2b: Tatsugiri|ability: Commander|[of] p2a: Dondozo\n|-boost|p2a: Dondozo|atk|2\n|-boost|p2a: Dondozo|spa|2\n|-boost|p2a: Dondozo|spe|2\n|-boost|p2a: Dondozo|def|2\n|-boost|p2a: Dondozo|spd|2\n|turn|3\n|j| Conquistatore\n|\n|t:|1682364160\n|switch|p1a: Cuadrado 3-2|Gyarados, L50, M|100\/100\n|-ability|p1a: Cuadrado 3-2|Intimidate|boost\n|-unboost|p2a: Dondozo|atk|1\n|-unboost|p2b: Tatsugiri|atk|1\n|-terastallize|p1b: Marchisio 2-1|Grass\n|move|p2a: Dondozo|Substitute|p2a: Dondozo\n|-start|p2a: Dondozo|Substitute\n|-damage|p2a: Dondozo|76\/100\n|move|p1b: Marchisio 2-1|Drain Punch|p2a: Dondozo\n|-activate|p2a: Dondozo|move: Substitute|[damage]\n|-heal|p1b: Marchisio 2-1|78\/100 psn|[from] drain|[of] p2a: Dondozo\n|\n|-heal|p2a: Dondozo|82\/100|[from] item: Leftovers\n|-damage|p1b: Marchisio 2-1|66\/100 psn|[from] psn\n|upkeep\n|turn|4\n|l| Conquistatore\n|\n|t:|1682364198\n|move|p2a: Dondozo|Order Up|p1b: Marchisio 2-1\n|-damage|p1b: Marchisio 2-1|40\/100 psn\n|-boost|p2a: Dondozo|atk|1\n|move|p1a: Cuadrado 3-2|Taunt|p2a: Dondozo\n|-start|p2a: Dondozo|move: Taunt\n|move|p1b: Marchisio 2-1|Drain Punch|p2a: Dondozo\n|-crit|p2a: Dondozo\n|-end|p2a: Dondozo|Substitute\n|-heal|p1b: Marchisio 2-1|47\/100 psn|[from] drain|[of] p2a: Dondozo\n|\n|-heal|p2a: Dondozo|87\/100|[from] item: Leftovers\n|-damage|p1b: Marchisio 2-1|35\/100 psn|[from] psn\n|upkeep\n|turn|5\n|\n|t:|1682364231\n|-end|p1b: Marchisio 2-1|Quark Drive|[silent]\n|switch|p1b: Ronaldo 2-1|Amoonguss, L50, M|100\/100\n|move|p2a: Dondozo|Order Up|p1b: Ronaldo 2-1\n|-damage|p1b: Ronaldo 2-1|64\/100\n|-boost|p2a: Dondozo|atk|1\n|move|p1a: Cuadrado 3-2|Thunder Wave|p2a: Dondozo\n|-status|p2a: Dondozo|par\n|\n|-heal|p2a: Dondozo|93\/100 par|[from] item: Leftovers\n|upkeep\n|turn|6\n|j| taohuu\n|\n|t:|1682364244\n|switch|p1a: Marchisio 2-1|Iron Hands, L50, tera:Grass|35\/100 psn\n|move|p2a: Dondozo|Order Up|p1b: Ronaldo 2-1\n|-damage|p1b: Ronaldo 2-1|15\/100\n|-enditem|p1b: Ronaldo 2-1|Sitrus Berry|[eat]\n|-heal|p1b: Ronaldo 2-1|39\/100|[from] item: Sitrus Berry\n|-boost|p2a: Dondozo|atk|1\n|move|p1b: Ronaldo 2-1|Pollen Puff|p1a: Marchisio 2-1\n|-heal|p1a: Marchisio 2-1|85\/100 psn\n|\n|-heal|p2a: Dondozo|99\/100 par|[from] item: Leftovers\n|-damage|p1a: Marchisio 2-1|73\/100 psn|[from] psn\n|upkeep\n|turn|7\n|l| TehWrongGuy\n|\n|t:|1682364278\n|switch|p1b: Higuain 3-2|Gholdengo, L50|42\/100\n|move|p1a: Marchisio 2-1|Fake Out|p2a: Dondozo\n|-damage|p2a: Dondozo|96\/100 par\n|cant|p2a: Dondozo|flinch\n|\n|-heal|p2a: Dondozo|100\/100 par|[from] item: Leftovers\n|-damage|p1a: Marchisio 2-1|60\/100 psn|[from] psn\n|-end|p2a: Dondozo|move: Taunt\n|upkeep\n|turn|8\n|\n|t:|1682364289\n|-end|p1a: Marchisio 2-1|Quark Drive|[silent]\n|switch|p1a: Cuadrado 3-2|Gyarados, L50, M|100\/100\n|-ability|p1a: Cuadrado 3-2|Intimidate|boost\n|-unboost|p2a: Dondozo|atk|1\n|-unboost|p2b: Tatsugiri|atk|1\n|move|p1b: Higuain 3-2|Trick|p2a: Dondozo\n|-activate|p1b: Higuain 3-2|move: Trick|[of] p2a: Dondozo\n|-item|p2a: Dondozo|Choice Specs|[from] move: Trick\n|-item|p1b: Higuain 3-2|Leftovers|[from] move: Trick\n|move|p2a: Dondozo|Order Up|p1a: Cuadrado 3-2\n|-damage|p1a: Cuadrado 3-2|49\/100\n|-boost|p2a: Dondozo|atk|1\n|\n|-heal|p1b: Higuain 3-2|48\/100|[from] item: Leftovers\n|upkeep\n|turn|9\n|l| A_Fellow_Undead\n|\n|t:|1682364329\n|switch|p1a: Ronaldo 2-1|Amoonguss, L50, M|72\/100\n|move|p1b: Higuain 3-2|Thunderbolt|p2a: Dondozo\n|-supereffective|p2a: Dondozo\n|-damage|p2a: Dondozo|68\/100 par\n|move|p2a: Dondozo|Order Up|p1a: Ronaldo 2-1\n|-damage|p1a: Ronaldo 2-1|15\/100\n|-boost|p2a: Dondozo|atk|1\n|\n|-heal|p1b: Higuain 3-2|54\/100|[from] item: Leftovers\n|-sideend|p2: GAPDHD|Reflect\n|upkeep\n|turn|10\n|\n|t:|1682364351\n|-terastallize|p2a: Dondozo|Steel\n|move|p1a: Ronaldo 2-1|Protect|p1a: Ronaldo 2-1\n|-singleturn|p1a: Ronaldo 2-1|Protect\n|move|p1b: Higuain 3-2|Thunderbolt|p2a: Dondozo\n|-damage|p2a: Dondozo|52\/100 par\n|move|p2a: Dondozo|Order Up|p1a: Ronaldo 2-1\n|-activate|p1a: Ronaldo 2-1|move: Protect\n|\n|-heal|p1b: Higuain 3-2|60\/100|[from] item: Leftovers\n|upkeep\n|turn|11\n|\n|t:|1682364368\n|switch|p1a: Cuadrado 3-2|Gyarados, L50, M|49\/100\n|-ability|p1a: Cuadrado 3-2|Intimidate|boost\n|-unboost|p2a: Dondozo|atk|1\n|-unboost|p2b: Tatsugiri|atk|1\n|move|p1b: Higuain 3-2|Shadow Ball|p2a: Dondozo\n|-damage|p2a: Dondozo|33\/100 par\n|move|p2a: Dondozo|Order Up|p1a: Cuadrado 3-2\n|-damage|p1a: Cuadrado 3-2|0 fnt\n|faint|p1a: Cuadrado 3-2\n|-boost|p2a: Dondozo|atk|1\n|\n|-heal|p1b: Higuain 3-2|66\/100|[from] item: Leftovers\n|upkeep\n|\n|t:|1682364384\n|switch|p1a: Marchisio 2-1|Iron Hands, L50, tera:Grass|60\/100 psn\n|turn|12\n|\n|t:|1682364389\n|move|p1a: Marchisio 2-1|Fake Out|p2a: Dondozo\n|-resisted|p2a: Dondozo\n|-damage|p2a: Dondozo|30\/100 par\n|move|p1b: Higuain 3-2|Shadow Ball|p2a: Dondozo\n|-damage|p2a: Dondozo|11\/100 par\n|cant|p2a: Dondozo|flinch\n|\n|-heal|p1b: Higuain 3-2|73\/100|[from] item: Leftovers\n|-damage|p1a: Marchisio 2-1|48\/100 psn|[from] psn\n|upkeep\n|turn|13\n|\n|t:|1682364414\n|move|p1b: Higuain 3-2|Shadow Ball|p2a: Dondozo\n|-damage|p2a: Dondozo|0 fnt\n|faint|p2a: Dondozo\n|move|p1a: Marchisio 2-1|Drain Punch|p2b: Tatsugiri\n|-damage|p2b: Tatsugiri|19\/100\n|-heal|p1a: Marchisio 2-1|72\/100 psn|[from] drain|[of] p2b: Tatsugiri\n|\n|-heal|p1b: Higuain 3-2|79\/100|[from] item: Leftovers\n|-damage|p1a: Marchisio 2-1|60\/100 psn|[from] psn\n|upkeep\n|turn|14\n|\n|t:|1682364423\n|move|p2b: Tatsugiri|Muddy Water|p1b: Higuain 3-2|[spread] p1a,p1b\n|-resisted|p1a: Marchisio 2-1\n|-damage|p1a: Marchisio 2-1|50\/100 psn\n|-damage|p1b: Higuain 3-2|43\/100\n|move|p1b: Higuain 3-2|Shadow Ball|p2b: Tatsugiri\n|-damage|p2b: Tatsugiri|0 fnt\n|faint|p2b: Tatsugiri\n|\n|win|lateralvs\n|raw|lateralvs's rating: 1576 → 1596<\/strong> (+20 for winning)\n|raw|GAPDHD's rating: 1570 → 1550<\/strong> (-20 for losing)\n|l|\u2606GAPDHD\n","uploadtime":1682364429,"views":14,"p1id":"lateralvs","p2id":"gapdhd","formatid":"gen9vgc2023regulationc","rating":1550,"private":0,"password":""}