{"id":"gen9vgc2023regulationc-1848186461","p1":"ShaytheFair","p2":"Dragal D01","format":"[Gen 9] VGC 2023 Regulation C","log":"|j|\u2606ShaytheFair\n|j|\u2606Dragal D01\n|t:|1682039969\n|gametype|doubles\n|player|p1|ShaytheFair|veteranf|1108\n|player|p2|Dragal D01|101|1158\n|teamsize|p1|6\n|teamsize|p2|6\n|gen|9\n|tier|[Gen 9] VGC 2023 Regulation C\n|rated|\n|rule|Species Clause: Limit one of each Pok\u00e9mon\n|rule|Item Clause: Limit one of each item\n|clearpoke\n|poke|p1|Palafin, L50, M|\n|poke|p1|Flutter Mane, L50|\n|poke|p1|Arcanine, L50, M|\n|poke|p1|Ting-Lu, L50|\n|poke|p1|Amoonguss, L50, M|\n|poke|p1|Kingambit, L50, F|\n|poke|p2|Murkrow, L50, F|\n|poke|p2|Iron Bundle, L50|\n|poke|p2|Great Tusk, L50|\n|poke|p2|Indeedee-F, L50, F|\n|poke|p2|Flutter Mane, L50|\n|poke|p2|Armarouge, L50, M|\n|teampreview|4\nShaytheFair has agreed to open team sheets.\nDragal D01 rejected open team sheets.\n|inactive|Battle timer is ON: inactive players will automatically lose when time's up. (requested by Dragal D01)\n|\n|t:|1682040032\n|start\n|switch|p1a: Ting-Lu|Ting-Lu, L50|100\/100\n|switch|p1b: Arcanine|Arcanine, L50, M|100\/100\n|switch|p2a: Murkrow|Murkrow, L50, F|100\/100\n|switch|p2b: Great Tusk|Great Tusk, L50|100\/100\n|-ability|p1b: Arcanine|Intimidate|boost\n|-unboost|p2a: Murkrow|atk|1\n|-unboost|p2b: Great Tusk|atk|1\n|-ability|p1a: Ting-Lu|Vessel of Ruin\n|turn|1\n|inactive|Dragal D01 has 30 seconds left.\n|\n|t:|1682040062\n|move|p2a: Murkrow|Haze|p2a: Murkrow\n|-clearallboost\n|move|p2b: Great Tusk|Close Combat|p1a: Ting-Lu\n|-supereffective|p1a: Ting-Lu\n|-damage|p1a: Ting-Lu|17\/100\n|-unboost|p2b: Great Tusk|def|1\n|-unboost|p2b: Great Tusk|spd|1\n|move|p1b: Arcanine|Will-O-Wisp|p2b: Great Tusk\n|-status|p2b: Great Tusk|brn\n|move|p1a: Ting-Lu|Heavy Slam|p2a: Murkrow\n|-damage|p2a: Murkrow|30\/100\n|\n|-damage|p2b: Great Tusk|95\/100 brn|[from] brn\n|upkeep\n|turn|2\n|\n|t:|1682040086\n|switch|p1a: Amoonguss|Amoonguss, L50, M|100\/100\n|move|p1b: Arcanine|Extreme Speed|p2a: Murkrow\n|-damage|p2a: Murkrow|0 fnt\n|faint|p2a: Murkrow\n|move|p2b: Great Tusk|Close Combat|p1b: Arcanine\n|-damage|p1b: Arcanine|63\/100\n|-unboost|p2b: Great Tusk|def|1\n|-unboost|p2b: Great Tusk|spd|1\n|\n|-damage|p2b: Great Tusk|89\/100 brn|[from] brn\n|upkeep\n|\n|t:|1682040097\n|switch|p2a: Indeedee|Indeedee-F, L50, F|100\/100\n|-fieldstart|move: Psychic Terrain|[from] ability: Psychic Surge|[of] p2a: Indeedee\n|turn|3\n|\n|t:|1682040117\n|move|p2a: Indeedee|Helping Hand|p2b: Great Tusk\n|-singleturn|p2b: Great Tusk|Helping Hand|[of] p2a: Indeedee\n|move|p2b: Great Tusk|Close Combat|p1b: Arcanine\n|-damage|p1b: Arcanine|10\/100\n|-unboost|p2b: Great Tusk|def|1\n|-unboost|p2b: Great Tusk|spd|1\n|move|p1b: Arcanine|Flare Blitz|p2a: Indeedee\n|-crit|p2a: Indeedee\n|-damage|p2a: Indeedee|20\/100\n|-damage|p1b: Arcanine|0 fnt|[from] Recoil\n|faint|p1b: Arcanine\n|move|p1a: Amoonguss|Pollen Puff|p1: Arcanine|[notarget]\n|-fail|p1a: Amoonguss\n|\n|-damage|p2b: Great Tusk|83\/100 brn|[from] brn\n|upkeep\n|\n|t:|1682040136\n|switch|p1b: Flutter Mane|Flutter Mane, L50|100\/100\n|-enditem|p1b: Flutter Mane|Booster Energy\n|-activate|p1b: Flutter Mane|ability: Protosynthesis|[fromitem]\n|-start|p1b: Flutter Mane|protosynthesisspa\n|turn|4\n|\n|t:|1682040149\n|-end|p2b: Great Tusk|Protosynthesis|[silent]\n|switch|p2b: Flutter Mane|Flutter Mane, L50|100\/100\n|-terastallize|p1b: Flutter Mane|Fairy\n|move|p2a: Indeedee|Follow Me|p2a: Indeedee\n|-singleturn|p2a: Indeedee|move: Follow Me\n|move|p1b: Flutter Mane|Shadow Ball|p2a: Indeedee\n|-immune|p2a: Indeedee\n|move|p1a: Amoonguss|Pollen Puff|p2a: Indeedee\n|-supereffective|p2a: Indeedee\n|-damage|p2a: Indeedee|0 fnt\n|faint|p2a: Indeedee\n|\n|upkeep\n|\n|t:|1682040161\n|switch|p2a: Great Tusk|Great Tusk, L50|83\/100 brn\n|turn|5\n|inactive|ShaytheFair has 30 seconds left.\n|\n|t:|1682040189\n|-terastallize|p2b: Flutter Mane|Flying\n|move|p1b: Flutter Mane|Protect|p1b: Flutter Mane\n|-singleturn|p1b: Flutter Mane|Protect\n|move|p1a: Amoonguss|Protect|p1a: Amoonguss\n|-singleturn|p1a: Amoonguss|Protect\n|move|p2a: Great Tusk|Earthquake|p1a: Amoonguss|[spread] \n|-activate|p1a: Amoonguss|move: Protect\n|-activate|p1b: Flutter Mane|move: Protect\n|-immune|p2b: Flutter Mane\n|move|p2b: Flutter Mane|Dazzling Gleam|p1b: Flutter Mane|[spread] \n|-activate|p1a: Amoonguss|move: Protect\n|-activate|p1b: Flutter Mane|move: Protect\n|\n|-damage|p2a: Great Tusk|77\/100 brn|[from] brn\n|upkeep\n|turn|6\n|\n|t:|1682040213\n|move|p2a: Great Tusk|Earthquake|p1a: Amoonguss|[spread] p1a,p1b\n|-immune|p2b: Flutter Mane\n|-damage|p1a: Amoonguss|83\/100\n|-damage|p1b: Flutter Mane|64\/100\n|move|p2b: Flutter Mane|Moonblast|p1b: Flutter Mane\n|-damage|p1b: Flutter Mane|0 fnt\n|faint|p1b: Flutter Mane\n|-end|p1b: Flutter Mane|Protosynthesis|[silent]\n|-damage|p2b: Flutter Mane|91\/100|[from] item: Life Orb\n|move|p1a: Amoonguss|Pollen Puff|p1: Flutter Mane|[notarget]\n|-fail|p1a: Amoonguss\n|\n|-damage|p2a: Great Tusk|72\/100 brn|[from] brn\n|upkeep\n|\n|t:|1682040225\n|switch|p1b: Ting-Lu|Ting-Lu, L50|17\/100\n|-ability|p1b: Ting-Lu|Vessel of Ruin\n|turn|7\n|\n|t:|1682040235\n|move|p2b: Flutter Mane|Protect|p2b: Flutter Mane\n|-singleturn|p2b: Flutter Mane|Protect\n|move|p2a: Great Tusk|Earthquake|p1a: Amoonguss|[spread] p1a,p1b\n|-activate|p2b: Flutter Mane|move: Protect\n|-crit|p1a: Amoonguss\n|-damage|p1a: Amoonguss|58\/100\n|-damage|p1b: Ting-Lu|2\/100\n|move|p1b: Ting-Lu|Earthquake|p2a: Great Tusk|[spread] p1a,p2a\n|-activate|p2b: Flutter Mane|move: Protect\n|-damage|p1a: Amoonguss|29\/100\n|-damage|p2a: Great Tusk|44\/100 brn\n|move|p1a: Amoonguss|Pollen Puff|p1b: Ting-Lu\n|-heal|p1b: Ting-Lu|52\/100\n|\n|-damage|p2a: Great Tusk|38\/100 brn|[from] brn\n|-fieldend|move: Psychic Terrain\n|upkeep\n|turn|8\n|\n|t:|1682040255\n|move|p1a: Amoonguss|Rage Powder|p1a: Amoonguss\n|-singleturn|p1a: Amoonguss|move: Rage Powder\n|move|p2a: Great Tusk|Earthquake|p1a: Amoonguss|[spread] p1a,p1b\n|-immune|p2b: Flutter Mane\n|-damage|p1a: Amoonguss|12\/100\n|-damage|p1b: Ting-Lu|39\/100\n|move|p2b: Flutter Mane|Dazzling Gleam|p1a: Amoonguss|[spread] p1a,p1b\n|-resisted|p1a: Amoonguss\n|-supereffective|p1b: Ting-Lu\n|-damage|p1a: Amoonguss|0 fnt\n|-damage|p1b: Ting-Lu|8\/100\n|faint|p1a: Amoonguss\n|-damage|p2b: Flutter Mane|81\/100|[from] item: Life Orb\n|move|p1b: Ting-Lu|Heavy Slam|p2b: Flutter Mane\n|-damage|p2b: Flutter Mane|0 fnt\n|faint|p2b: Flutter Mane\n|-end|p2b: Flutter Mane|Protosynthesis|[silent]\n|\n|-damage|p2a: Great Tusk|33\/100 brn|[from] brn\n|upkeep\n|turn|9\n|\n|t:|1682040277\n|move|p2a: Great Tusk|Earthquake|p1b: Ting-Lu\n|-damage|p1b: Ting-Lu|0 fnt\n|faint|p1b: Ting-Lu\n|\n|win|Dragal D01\n|raw|ShaytheFair's rating: 1108 → 1087<\/strong> (-21 for losing)\n|raw|Dragal D01's rating: 1158 → 1179<\/strong> (+21 for winning)\n|c|\u2606ShaytheFair|Well, I've lost\n|c|\u2606ShaytheFair|Good game\n|c|\u2606Dragal D01|yes\n|l|\u2606Dragal D01\n","uploadtime":1682040298,"views":7,"p1id":"shaythefair","p2id":"dragald01","formatid":"gen9vgc2023regulationc","rating":1087,"private":0,"password":""}