{"id":"gen9vgc2023regulationc-1846017224","p1":"Tachipoyo","p2":"FUFO04","format":"[Gen 9] VGC 2023 Regulation C","log":"|j|\u2606Tachipoyo\n|j|\u2606FUFO04\n|t:|1681792049\n|gametype|doubles\n|player|p1|Tachipoyo|tate|1131\n|player|p2|FUFO04|265|1090\n|teamsize|p1|6\n|teamsize|p2|6\n|gen|9\n|tier|[Gen 9] VGC 2023 Regulation C\n|rated|\n|rule|Species Clause: Limit one of each Pok\u00e9mon\n|rule|Item Clause: Limit one of each item\n|clearpoke\n|poke|p1|Dondozo, L50, M|\n|poke|p1|Tatsugiri, L50, F|\n|poke|p1|Scovillain, L50, F|\n|poke|p1|Kingambit, L50, F|\n|poke|p1|Gothitelle, L50, M|\n|poke|p1|Flutter Mane, L50|\n|poke|p2|Scizor, L50, M|\n|poke|p2|Indeedee-F, L50, F|\n|poke|p2|Great Tusk, L50|\n|poke|p2|Armarouge, L50, M|\n|poke|p2|Clawitzer, L50, F|\n|poke|p2|Dachsbun, L50, F|\n|teampreview|4\n|inactive|Battle timer is ON: inactive players will automatically lose when time's up. (requested by Tachipoyo)\n|inactive|FUFO04 has 60 seconds left.\n|inactive|Tachipoyo has 60 seconds left.\n|inactive|FUFO04 has 30 seconds left.\n|\n|t:|1681792123\n|start\n|switch|p1a: Scovillain|Scovillain, L50, F|100\/100\n|switch|p1b: Gothitelle|Gothitelle, L50, M|100\/100\n|switch|p2a: Armarouge|Armarouge, L50, M, shiny|100\/100\n|switch|p2b: Scizor|Scizor, L50, M|100\/100\n|turn|1\n|inactive|FUFO04 has 30 seconds left.\n|\n|t:|1681792148\n|move|p2a: Armarouge|Protect|p2a: Armarouge\n|-singleturn|p2a: Armarouge|Protect\n|move|p1b: Gothitelle|Fake Out|p2a: Armarouge\n|-activate|p2a: Armarouge|move: Protect\n|move|p1a: Scovillain|Overheat|p2b: Scizor\n|-supereffective|p2b: Scizor\n|-damage|p2b: Scizor|0 fnt\n|-unboost|p1a: Scovillain|spa|2\n|faint|p2b: Scizor\n|\n|-ability|p1a: Scovillain|Moody|boost\n|-boost|p1a: Scovillain|spe|2\n|-unboost|p1a: Scovillain|spd|1\n|upkeep\n|\n|t:|1681792161\n|switch|p2b: Indeedee|Indeedee-F, L50, F|100\/100\n|-fieldstart|move: Psychic Terrain|[from] ability: Psychic Surge|[of] p2b: Indeedee\n|-enditem|p2b: Indeedee|Psychic Seed\n|-boost|p2b: Indeedee|spd|1|[from] item: Psychic Seed\n|turn|2\n|\n|t:|1681792171\n|move|p2b: Indeedee|Follow Me|p2b: Indeedee\n|-singleturn|p2b: Indeedee|move: Follow Me\n|move|p1a: Scovillain|Leech Seed|p2b: Indeedee\n|-start|p2b: Indeedee|move: Leech Seed\n|move|p2a: Armarouge|Expanding Force|p1b: Gothitelle|[spread] p1a,p1b\n|-resisted|p1b: Gothitelle\n|-enditem|p1a: Scovillain|Focus Sash\n|-damage|p1a: Scovillain|1\/100\n|-damage|p1b: Gothitelle|78\/100\n|move|p1b: Gothitelle|Hypnosis|p2b: Indeedee\n|-status|p2b: Indeedee|slp|[from] move: Hypnosis\n|\n|-damage|p2b: Indeedee|88\/100 slp|[from] Leech Seed|[of] p1a: Scovillain\n|-heal|p1a: Scovillain|17\/100|[silent]\n|-ability|p1a: Scovillain|Moody|boost\n|-boost|p1a: Scovillain|atk|2\n|-unboost|p1a: Scovillain|spe|1\n|upkeep\n|turn|3\n|\n|t:|1681792195\n|move|p1a: Scovillain|Protect|p1a: Scovillain\n|-singleturn|p1a: Scovillain|Protect\n|cant|p2b: Indeedee|slp\n|move|p2a: Armarouge|Expanding Force|p1a: Scovillain|[spread] p1b\n|-activate|p1a: Scovillain|move: Protect\n|-resisted|p1b: Gothitelle\n|-damage|p1b: Gothitelle|53\/100\n|move|p1b: Gothitelle|Hypnosis|p2a: Armarouge\n|-status|p2a: Armarouge|slp|[from] move: Hypnosis\n|\n|-damage|p2b: Indeedee|76\/100 slp|[from] Leech Seed|[of] p1a: Scovillain\n|-heal|p1a: Scovillain|33\/100|[silent]\n|-ability|p1a: Scovillain|Moody|boost\n|-boost|p1a: Scovillain|atk|2\n|-unboost|p1a: Scovillain|spe|1\n|upkeep\n|turn|4\n|\n|t:|1681792211\n|move|p1a: Scovillain|Bullet Seed|p2a: Armarouge\n|-resisted|p2a: Armarouge\n|-damage|p2a: Armarouge|89\/100 slp\n|-ability|p2a: Armarouge|Weak Armor|boost\n|-unboost|p2a: Armarouge|def|1\n|-boost|p2a: Armarouge|spe|2\n|-resisted|p2a: Armarouge\n|-damage|p2a: Armarouge|74\/100 slp\n|-ability|p2a: Armarouge|Weak Armor|boost\n|-unboost|p2a: Armarouge|def|1\n|-boost|p2a: Armarouge|spe|2\n|-resisted|p2a: Armarouge\n|-damage|p2a: Armarouge|50\/100 slp\n|-ability|p2a: Armarouge|Weak Armor|boost\n|-unboost|p2a: Armarouge|def|1\n|-boost|p2a: Armarouge|spe|2\n|-resisted|p2a: Armarouge\n|-damage|p2a: Armarouge|21\/100 slp\n|-ability|p2a: Armarouge|Weak Armor|boost\n|-unboost|p2a: Armarouge|def|1\n|-resisted|p2a: Armarouge\n|-damage|p2a: Armarouge|0 fnt\n|faint|p2a: Armarouge\n|-hitcount|p2: Armarouge|5\n|cant|p2b: Indeedee|slp\n|move|p1b: Gothitelle|Heal Pulse|p1a: Scovillain\n|-heal|p1a: Scovillain|83\/100\n|\n|-damage|p2b: Indeedee|63\/100 slp|[from] Leech Seed|[of] p1a: Scovillain\n|-heal|p1a: Scovillain|98\/100|[silent]\n|-ability|p1a: Scovillain|Moody|boost\n|-boost|p1a: Scovillain|def|2\n|-unboost|p1a: Scovillain|spa|1\n|upkeep\n|inactive|FUFO04 has 30 seconds left.\n|\n|t:|1681792236\n|switch|p2a: Clawitzer|Clawitzer, L50, F|100\/100\n|turn|5\n|\n|t:|1681792251\n|cant|p2b: Indeedee|slp\n|move|p1a: Scovillain|Bullet Seed|p2a: Clawitzer\n|-supereffective|p2a: Clawitzer\n|-damage|p2a: Clawitzer|41\/100\n|-supereffective|p2a: Clawitzer\n|-damage|p2a: Clawitzer|0 fnt\n|faint|p2a: Clawitzer\n|-hitcount|p2: Clawitzer|2\n|move|p1b: Gothitelle|Hypnosis|p2b: Indeedee\n|-fail|p2b: Indeedee|slp\n|\n|-damage|p2b: Indeedee|51\/100 slp|[from] Leech Seed|[of] p1a: Scovillain\n|-heal|p1a: Scovillain|100\/100|[silent]\n|-ability|p1a: Scovillain|Moody|boost\n|-boost|p1a: Scovillain|spd|2\n|-unboost|p1a: Scovillain|spe|1\n|upkeep\n|turn|6\n|\n|t:|1681792266\n|switch|p1b: Kingambit|Kingambit, L50, F|100\/100\n|-curestatus|p2b: Indeedee|slp|[msg]\n|move|p2b: Indeedee|Dazzling Gleam|p1b: Kingambit|[spread] p1a,p1b\n|-resisted|p1a: Scovillain\n|-damage|p1a: Scovillain|93\/100\n|-damage|p1b: Kingambit|88\/100\n|move|p1a: Scovillain|Bullet Seed|p2b: Indeedee\n|-damage|p2b: Indeedee|29\/100\n|-damage|p2b: Indeedee|7\/100\n|-damage|p2b: Indeedee|0 fnt\n|faint|p2b: Indeedee\n|-hitcount|p2: Indeedee|3\n|\n|win|Tachipoyo\n|raw|Tachipoyo's rating: 1131 → 1153<\/strong> (+22 for winning)\n|raw|FUFO04's rating: 1090 → 1069<\/strong> (-21 for losing)\n|l|\u2606FUFO04\n","uploadtime":1681792286,"views":8,"p1id":"tachipoyo","p2id":"fufo04","formatid":"gen9vgc2023regulationc","rating":1069,"private":0,"password":""}