{"id":"gen9vgc2023regulationc-1857790811","p1":"Joele Sostenio","p2":"Jadedragon61","format":"[Gen 9] VGC 2023 Regulation C","log":"|j|\u2606Joele Sostenio\n|j|\u2606Jadedragon61\n|t:|1683232078\n|gametype|doubles\n|player|p1|Joele Sostenio|lucas|1343\n|player|p2|Jadedragon61|colress-gen7|1348\n|teamsize|p1|6\n|teamsize|p2|6\n|gen|9\n|tier|[Gen 9] VGC 2023 Regulation C\n|rated|\n|rule|Species Clause: Limit one of each Pok\u00e9mon\n|rule|Item Clause: Limit one of each item\n|clearpoke\n|poke|p1|Iron Moth, L50|\n|poke|p1|Amoonguss, L50, M|\n|poke|p1|Garchomp, L50, M|\n|poke|p1|Murkrow, L50, M|\n|poke|p1|Gholdengo, L50|\n|poke|p1|Rotom-Wash, L50|\n|poke|p2|Flutter Mane, L50|\n|poke|p2|Tyranitar, L50, M|\n|poke|p2|Gyarados, L50, F|\n|poke|p2|Amoonguss, L50, M|\n|poke|p2|Iron Bundle, L50|\n|poke|p2|Chi-Yu, L50|\n|teampreview|4\n|inactive|Battle timer is ON: inactive players will automatically lose when time's up. (requested by Jadedragon61)\n|inactive|Joele Sostenio has 60 seconds left.\n|l|\u2606Jadedragon61\n|inactive|Jadedragon61 disconnected and has a minute to reconnect!\n|player|p2|\n|inactive|Joele Sostenio has 30 seconds left.\n|\n|t:|1683232143\n|start\n|switch|p1a: Iron Moth|Iron Moth, L50|100\/100\n|switch|p1b: Amoonguss|Amoonguss, L50, M|100\/100\n|switch|p2a: Fish 1|Chi-Yu, L50|100\/100\n|switch|p2b: Fish 3|Flutter Mane, L50, shiny|100\/100\n|-ability|p2a: Fish 1|Beads of Ruin\n|-enditem|p1a: Iron Moth|Booster Energy\n|-activate|p1a: Iron Moth|ability: Quark Drive|[fromitem]\n|-start|p1a: Iron Moth|quarkdrivespa\n|turn|1\n|j|\u2606Jadedragon61\n|inactive|Jadedragon61 reconnected and has 50 seconds left.\n|player|p2|Jadedragon61|colress-gen7\n|c|\u2606Jadedragon61|Hi!\n|inactive|Joele Sostenio has 30 seconds left.\n|c|\u2606Jadedragon61|how are you?\n|inactive|Joele Sostenio has 20 seconds left.\n|\n|t:|1683232179\n|-terastallize|p2a: Fish 1|Fire\n|move|p1a: Iron Moth|Protect|p1a: Iron Moth\n|-singleturn|p1a: Iron Moth|Protect\n|move|p2a: Fish 1|Heat Wave|p1b: Amoonguss|[spread] \n|-activate|p1a: Iron Moth|move: Protect\n|-miss|p2a: Fish 1|p1b: Amoonguss\n|move|p2b: Fish 3|Shadow Ball|p1a: Iron Moth\n|-activate|p1a: Iron Moth|move: Protect\n|move|p1b: Amoonguss|Spore|p2b: Fish 3\n|-status|p2b: Fish 3|slp|[from] move: Spore\n|\n|upkeep\n|turn|2\n|c|\u2606Jadedragon61|I hope you have a nice day!\n|\n|t:|1683232201\n|move|p1b: Amoonguss|Protect|p1b: Amoonguss\n|-singleturn|p1b: Amoonguss|Protect\n|move|p2a: Fish 1|Heat Wave|p1b: Amoonguss|[spread] p1a\n|-activate|p1b: Amoonguss|move: Protect\n|-resisted|p1a: Iron Moth\n|-damage|p1a: Iron Moth|60\/100\n|cant|p2b: Fish 3|slp\n|move|p1a: Iron Moth|Sludge Wave|p2a: Fish 1|[spread] p2a,p2b\n|-activate|p1b: Amoonguss|move: Protect\n|-damage|p2a: Fish 1|42\/100\n|-damage|p2b: Fish 3|23\/100 slp\n|\n|upkeep\n|turn|3\n|inactive|Joele Sostenio has 30 seconds left.\n|inactive|Joele Sostenio has 20 seconds left.\n|\n|t:|1683232239\n|move|p2a: Fish 1|Heat Wave|p1b: Amoonguss|[spread] p1a,p1b\n|-resisted|p1a: Iron Moth\n|-supereffective|p1b: Amoonguss\n|-damage|p1a: Iron Moth|24\/100\n|-damage|p1b: Amoonguss|0 fnt\n|faint|p1b: Amoonguss\n|-curestatus|p2b: Fish 3|slp|[msg]\n|move|p2b: Fish 3|Shadow Ball|p1a: Iron Moth\n|-damage|p1a: Iron Moth|0 fnt\n|faint|p1a: Iron Moth\n|-end|p1a: Iron Moth|Quark Drive|[silent]\n|-damage|p2b: Fish 3|13\/100|[from] item: Life Orb\n|\n|upkeep\n|\n|t:|1683232258\n|switch|p1a: Garchomp|Garchomp, L50, M|100\/100\n|switch|p1b: Rotom|Rotom-Wash, L50|100\/100\n|turn|4\n|\n|t:|1683232270\n|-terastallize|p1a: Garchomp|Ground\n|move|p1b: Rotom|Protect|p1b: Rotom\n|-singleturn|p1b: Rotom|Protect\n|move|p2a: Fish 1|Heat Wave|p1a: Garchomp|[spread] p1a\n|-activate|p1b: Rotom|move: Protect\n|-damage|p1a: Garchomp|12\/100\n|move|p2b: Fish 3|Energy Ball|p1b: Rotom\n|-activate|p1b: Rotom|move: Protect\n|move|p1a: Garchomp|Earthquake|p2b: Fish 3|[spread] p2a,p2b\n|-activate|p1b: Rotom|move: Protect\n|-supereffective|p2a: Fish 1\n|-damage|p2a: Fish 1|0 fnt\n|-damage|p2b: Fish 3|0 fnt\n|faint|p2a: Fish 1\n|faint|p2b: Fish 3\n|-end|p2b: Fish 3|Protosynthesis|[silent]\n|-damage|p1a: Garchomp|2\/100|[from] item: Life Orb\n|\n|upkeep\n|\n|t:|1683232281\n|switch|p2b: Not a fish|Iron Bundle, L50|100\/100\n|switch|p2a: Bros a rock|Tyranitar, L50, M, shiny|100\/100\n|-weather|Sandstorm|[from] ability: Sand Stream|[of] p2a: Bros a rock\n|-enditem|p2b: Not a fish|Booster Energy\n|-activate|p2b: Not a fish|ability: Quark Drive|[fromitem]\n|-start|p2b: Not a fish|quarkdrivespe\n|turn|5\n|\n|t:|1683232303\n|move|p1a: Garchomp|Protect|p1a: Garchomp\n|-singleturn|p1a: Garchomp|Protect\n|move|p2b: Not a fish|Encore|p1b: Rotom\n|-start|p1b: Rotom|Encore\n|move|p1b: Rotom|Protect||[still]\n|-fail|p1b: Rotom\n|move|p2a: Bros a rock|Crunch|p1a: Garchomp\n|-activate|p1a: Garchomp|move: Protect\n|\n|-weather|Sandstorm|[upkeep]\n|-damage|p2b: Not a fish|94\/100|[from] Sandstorm\n|-damage|p1b: Rotom|95\/100|[from] Sandstorm\n|upkeep\n|turn|6\n|\n|t:|1683232318\n|move|p1b: Rotom|Protect|p1b: Rotom\n|-singleturn|p1b: Rotom|Protect\n|move|p2b: Not a fish|Encore|p1a: Garchomp\n|-start|p1a: Garchomp|Encore\n|move|p1a: Garchomp|Protect||[still]\n|-fail|p1a: Garchomp\n|move|p2a: Bros a rock|Rock Blast|p1b: Rotom\n|-activate|p1b: Rotom|move: Protect\n|\n|-weather|Sandstorm|[upkeep]\n|-damage|p2b: Not a fish|88\/100|[from] Sandstorm\n|-damage|p1b: Rotom|89\/100|[from] Sandstorm\n|upkeep\n|turn|7\n|c|\u2606Jadedragon61|Gg\n|\n|t:|1683232332\n|move|p1a: Garchomp|Protect|p1a: Garchomp\n|-singleturn|p1a: Garchomp|Protect\n|move|p1b: Rotom|Protect|p1b: Rotom\n|-singleturn|p1b: Rotom|Protect\n|move|p2b: Not a fish|Freeze-Dry|p1b: Rotom\n|-activate|p1b: Rotom|move: Protect\n|move|p2a: Bros a rock|Rock Blast|p1b: Rotom\n|-activate|p1b: Rotom|move: Protect\n|\n|-weather|Sandstorm|[upkeep]\n|-damage|p2b: Not a fish|82\/100|[from] Sandstorm\n|-damage|p1b: Rotom|83\/100|[from] Sandstorm\n|-end|p1b: Rotom|Encore\n|upkeep\n|turn|8\n|\n|t:|1683232350\n|move|p1a: Garchomp|Protect||[still]\n|-fail|p1a: Garchomp\n|move|p2b: Not a fish|Encore|p1b: Rotom\n|-start|p1b: Rotom|Encore\n|move|p1b: Rotom|Protect||[still]\n|-fail|p1b: Rotom\n|move|p2a: Bros a rock|Rock Blast|p1b: Rotom\n|-damage|p1b: Rotom|69\/100\n|-damage|p1b: Rotom|54\/100\n|-damage|p1b: Rotom|36\/100\n|-enditem|p1b: Rotom|Sitrus Berry|[eat]\n|-heal|p1b: Rotom|61\/100|[from] item: Sitrus Berry\n|-damage|p1b: Rotom|45\/100\n|-hitcount|p1b: Rotom|4\n|\n|-weather|Sandstorm|[upkeep]\n|-damage|p2b: Not a fish|76\/100|[from] Sandstorm\n|-damage|p1b: Rotom|40\/100|[from] Sandstorm\n|-end|p1a: Garchomp|Encore\n|upkeep\n|turn|9\n|-message|Joele Sostenio forfeited.\n|\n|win|Jadedragon61\n|raw|Joele Sostenio's rating: 1343 → 1323<\/strong> (-20 for losing)\n|raw|Jadedragon61's rating: 1348 → 1368<\/strong> (+20 for winning)\n|l|\u2606Joele Sostenio\n","uploadtime":1683232377,"views":8,"p1id":"joelesostenio","p2id":"jadedragon61","formatid":"gen9vgc2023regulationc","rating":1323,"private":0,"password":""}