{"id":"gen9vgc2023regulationc-1856902640","p1":"lin12345","p2":"Inwaves22","format":"[Gen 9] VGC 2023 Regulation C","log":"|j|\u2606lin12345\n|j|\u2606Inwaves22\n|t:|1683124284\n|gametype|doubles\n|player|p1|lin12345|steven|1134\n|player|p2|Inwaves22|falkner|1181\n|teamsize|p1|6\n|teamsize|p2|6\n|gen|9\n|tier|[Gen 9] VGC 2023 Regulation C\n|rated|\n|rule|Species Clause: Limit one of each Pok\u00e9mon\n|rule|Item Clause: Limit one of each item\n|clearpoke\n|poke|p1|Kilowattrel, L50, M|\n|poke|p1|Flutter Mane, L50|\n|poke|p1|Arcanine, L50, M|\n|poke|p1|Chi-Yu, L50|\n|poke|p1|Iron Hands, L50|\n|poke|p1|Roaring Moon, L50|\n|poke|p2|Glimmora, L50, M|\n|poke|p2|Chi-Yu, L50|\n|poke|p2|Flutter Mane, L50|\n|poke|p2|Dragonite, L50, M|\n|poke|p2|Dondozo, L50, F|\n|poke|p2|Tatsugiri, L50, M|\n|teampreview|4\n|\n|t:|1683124306\n|start\n|switch|p1a: Kilowattrel|Kilowattrel, L50, M|100\/100\n|switch|p1b: Iron Hands|Iron Hands, L50|100\/100\n|switch|p2a: Glimmora|Glimmora, L50, M|100\/100\n|switch|p2b: Dondozo|Dondozo, L50, F|100\/100\n|turn|1\n|\n|t:|1683124321\n|move|p2b: Dondozo|Protect|p2b: Dondozo\n|-singleturn|p2b: Dondozo|Protect\n|move|p1a: Kilowattrel|Tailwind|p1a: Kilowattrel\n|-sidestart|p1: lin12345|move: Tailwind\n|-start|p1a: Kilowattrel|Charge|Tailwind|[from] ability: Wind Power\n|move|p2a: Glimmora|Toxic|p1b: Iron Hands\n|-status|p1b: Iron Hands|tox\n|move|p1b: Iron Hands|Thunder Punch|p2b: Dondozo\n|-activate|p2b: Dondozo|move: Protect\n|\n|-damage|p1b: Iron Hands|94\/100 tox|[from] psn\n|upkeep\n|turn|2\n|\n|t:|1683124378\n|move|p1a: Kilowattrel|Thunderbolt|p2b: Dondozo\n|-supereffective|p2b: Dondozo\n|-damage|p2b: Dondozo|0 fnt\n|faint|p2b: Dondozo\n|-end|p1a: Kilowattrel|Charge|[silent]\n|move|p2a: Glimmora|Power Gem|p1a: Kilowattrel\n|-supereffective|p1a: Kilowattrel\n|-enditem|p1a: Kilowattrel|Focus Sash\n|-damage|p1a: Kilowattrel|1\/100\n|move|p1b: Iron Hands|Earthquake|p2a: Glimmora|[spread] p2a\n|-immune|p1a: Kilowattrel\n|-supereffective|p2a: Glimmora\n|-enditem|p2a: Glimmora|Focus Sash\n|-damage|p2a: Glimmora|1\/100\n|-activate|p2a: Glimmora|ability: Toxic Debris\n|-sidestart|p1: lin12345|move: Toxic Spikes\n|\n|-damage|p1b: Iron Hands|82\/100 tox|[from] psn\n|upkeep\n|\n|t:|1683124393\n|switch|p2b: Dragonite|Dragonite, L50, M|100\/100\n|turn|3\n|\n|t:|1683124399\n|move|p2a: Glimmora|Spiky Shield|p2a: Glimmora\n|-singleturn|p2a: Glimmora|move: Protect\n|move|p2b: Dragonite|Extreme Speed|p1a: Kilowattrel\n|-damage|p1a: Kilowattrel|0 fnt\n|faint|p1a: Kilowattrel\n|move|p1b: Iron Hands|Thunder Punch|p2b: Dragonite\n|-damage|p2b: Dragonite|74\/100\n|-status|p2b: Dragonite|par\n|\n|-damage|p1b: Iron Hands|63\/100 tox|[from] psn\n|upkeep\n|\n|t:|1683124411\n|switch|p1a: Flutter Mane|Flutter Mane, L50, shiny|100\/100\n|-status|p1a: Flutter Mane|psn\n|turn|4\n|inactive|Battle timer is ON: inactive players will automatically lose when time's up. (requested by lin12345)\n|\n|t:|1683124450\n|move|p2b: Dragonite|Extreme Speed|p1b: Iron Hands\n|-crit|p1b: Iron Hands\n|-damage|p1b: Iron Hands|14\/100 tox\n|move|p1a: Flutter Mane|Dazzling Gleam|p2b: Dragonite|[spread] p2a,p2b\n|-resisted|p2a: Glimmora\n|-supereffective|p2b: Dragonite\n|-damage|p2a: Glimmora|0 fnt\n|-damage|p2b: Dragonite|0 fnt\n|faint|p2a: Glimmora\n|faint|p2b: Dragonite\n|move|p1b: Iron Hands|Thunder Punch|p2: Glimmora|[notarget]\n|-fail|p1b: Iron Hands\n|\n|-damage|p1a: Flutter Mane|88\/100 psn|[from] psn\n|-damage|p1b: Iron Hands|0 fnt|[from] psn\n|faint|p1b: Iron Hands\n|-end|p1b: Iron Hands|Quark Drive|[silent]\n|-sideend|p1: lin12345|move: Tailwind\n|upkeep\n|\n|t:|1683124463\n|switch|p2b: Flutter Mane|Flutter Mane, L50|100\/100\n|switch|p1b: Chi-Yu|Chi-Yu, L50|100\/100\n|-status|p1b: Chi-Yu|psn\n|-ability|p1b: Chi-Yu|Beads of Ruin\n|-enditem|p2b: Flutter Mane|Booster Energy\n|-activate|p2b: Flutter Mane|ability: Protosynthesis|[fromitem]\n|-start|p2b: Flutter Mane|protosynthesisspe\n|turn|5\n|\n|t:|1683124476\n|move|p2b: Flutter Mane|Hex|p1a: Flutter Mane\n|-supereffective|p1a: Flutter Mane\n|-damage|p1a: Flutter Mane|0 fnt\n|faint|p1a: Flutter Mane\n|-end|p1a: Flutter Mane|Protosynthesis|[silent]\n|move|p1b: Chi-Yu|Overheat|p2b: Flutter Mane\n|-damage|p2b: Flutter Mane|0 fnt\n|-unboost|p1b: Chi-Yu|spa|2\n|faint|p2b: Flutter Mane\n|-end|p2b: Flutter Mane|Protosynthesis|[silent]\n|-damage|p1b: Chi-Yu|91\/100 psn|[from] item: Life Orb\n|\n|win|lin12345\n|raw|lin12345's rating: 1134 → 1162<\/strong> (+28 for winning)\n|raw|Inwaves22's rating: 1181 → 1153<\/strong> (-28 for losing)\n","uploadtime":1683124494,"views":12,"p1id":"lin12345","p2id":"inwaves22","formatid":"gen9vgc2023regulationc","rating":1153,"private":0,"password":""}