{"id":"gen9vgc2023regulationc-1857187142","p1":"fatw","p2":"kodiedunn","format":"[Gen 9] VGC 2023 Regulation C","log":"|j|\u2606fatw\n|j|\u2606kodiedunn\n|t:|1683155551\n|gametype|doubles\n|player|p1|fatw|riley|\n|player|p2|kodiedunn|170|\n|teamsize|p1|6\n|teamsize|p2|6\n|gen|9\n|tier|[Gen 9] VGC 2023 Regulation C\n|rule|Species Clause: Limit one of each Pok\u00e9mon\n|rule|Item Clause: Limit one of each item\n|clearpoke\n|poke|p1|Ting-Lu, L50|\n|poke|p1|Meowscarada, L50, M|\n|poke|p1|Dragapult, L50, M|\n|poke|p1|Raichu, L50, F|\n|poke|p1|Gyarados, L50, M|\n|poke|p1|Sylveon, L50, M|\n|poke|p2|Magnezone, L50|\n|poke|p2|Armarouge, L50, M|\n|poke|p2|Tauros-Paldea-Aqua, L50, M|\n|poke|p2|Scizor, L50, M|\n|poke|p2|Indeedee-F, L50, F|\n|poke|p2|Honchkrow, L50, M|\n|teampreview|4\nfatw rejected open team sheets.\n|\n|t:|1683155595\n|start\n|switch|p1a: Raichu|Raichu, L50, F|100\/100\n|switch|p1b: Meowscarada|Meowscarada, L50, M|100\/100\n|switch|p2a: Tauros|Tauros-Paldea-Aqua, L50, M|100\/100\n|switch|p2b: Magnezone|Magnezone, L50|100\/100\n|-ability|p2a: Tauros|Intimidate|boost\n|-unboost|p1a: Raichu|atk|1\n|-fail|p1b: Meowscarada|unboost|[from] item: Clear Amulet|[of] p1b: Meowscarada\n|turn|1\n|j| F3athers\n|l| F3athers\n|\n|t:|1683155662\n|move|p1b: Meowscarada|Protect|p1b: Meowscarada\n|-start|p1b: Meowscarada|typechange|Normal|[from] ability: Protean\n|-singleturn|p1b: Meowscarada|Protect\n|move|p1a: Raichu|Fake Out|p2a: Tauros\n|-damage|p2a: Tauros|94\/100\n|cant|p2a: Tauros|flinch\n|move|p2b: Magnezone|Body Press|p1b: Meowscarada\n|-activate|p1b: Meowscarada|move: Protect\n|\n|upkeep\n|turn|2\n|\n|t:|1683155695\n|switch|p1b: Dragapult|Dragapult, L50, M|100\/100\n|move|p1a: Raichu|Nuzzle|p2a: Tauros\n|-supereffective|p2a: Tauros\n|-damage|p2a: Tauros|85\/100\n|-status|p2a: Tauros|par\n|move|p2a: Tauros|Wave Crash|p1b: Dragapult\n|-resisted|p1b: Dragapult\n|-damage|p1b: Dragapult|34\/100\n|-damage|p2a: Tauros|61\/100 par|[from] Recoil\n|move|p2b: Magnezone|Body Press|p1a: Raichu\n|-damage|p1a: Raichu|54\/100\n|\n|upkeep\n|turn|3\n|\n|t:|1683155752\n|move|p1b: Dragapult|Dragon Darts|p2a: Tauros\n|-damage|p2a: Tauros|12\/100 par\n|-anim|p1b: Dragapult|Dragon Darts|p2b: Magnezone\n|-resisted|p2b: Magnezone\n|-crit|p2b: Magnezone\n|-damage|p2b: Magnezone|75\/100\n|move|p1a: Raichu|Volt Switch|p2a: Tauros\n|-supereffective|p2a: Tauros\n|-damage|p2a: Tauros|0 fnt\n|faint|p2a: Tauros\n|\n|t:|1683155766\n|switch|p1a: Ting-Lu|Ting-Lu, L50|100\/100|[from] Volt Switch\n|-ability|p1a: Ting-Lu|Vessel of Ruin\n|move|p2b: Magnezone|Flash Cannon|p1b: Dragapult\n|-damage|p1b: Dragapult|0 fnt\n|faint|p1b: Dragapult\n|\n|-heal|p2b: Magnezone|81\/100|[from] item: Leftovers\n|upkeep\n|\n|t:|1683155795\n|switch|p1b: Raichu|Raichu, L50, F|54\/100\n|switch|p2a: Armarouge|Armarouge, L50, M|100\/100\n|turn|4\n|\n|t:|1683155818\n|switch|p2b: Honchkrow|Honchkrow, L50, M|100\/100\n|-terastallize|p2a: Armarouge|Grass\n|move|p1b: Raichu|Fake Out|p2b: Honchkrow\n|-crit|p2b: Honchkrow\n|-damage|p2b: Honchkrow|81\/100\n|move|p2a: Armarouge|Will-O-Wisp|p1a: Ting-Lu\n|-status|p1a: Ting-Lu|brn\n|move|p1a: Ting-Lu|Stomping Tantrum|p2a: Armarouge\n|-resisted|p2a: Armarouge\n|-damage|p2a: Armarouge|94\/100\n|-ability|p2a: Armarouge|Weak Armor|boost\n|-unboost|p2a: Armarouge|def|1\n|-boost|p2a: Armarouge|spe|2\n|-enditem|p2a: Armarouge|White Herb\n|-clearnegativeboost|p2a: Armarouge|[silent]\n|\n|-damage|p1a: Ting-Lu|94\/100 brn|[from] brn\n|upkeep\n|turn|5\n|\n|t:|1683155857\n|move|p2b: Honchkrow|U-turn|p1a: Ting-Lu\n|-supereffective|p1a: Ting-Lu\n|-damage|p1a: Ting-Lu|70\/100 brn\n|\n|t:|1683155861\n|switch|p2b: Magnezone|Magnezone, L50|81\/100|[from] U-turn\n|move|p2a: Armarouge|Flamethrower|p1a: Ting-Lu\n|-damage|p1a: Ting-Lu|56\/100 brn\n|move|p1b: Raichu|Nuzzle|p2b: Magnezone\n|-resisted|p2b: Magnezone\n|-damage|p2b: Magnezone|78\/100\n|move|p1a: Ting-Lu|Fissure|p2a: Armarouge|[miss]\n|-miss|p1a: Ting-Lu|p2a: Armarouge\n|\n|-heal|p2b: Magnezone|84\/100|[from] item: Leftovers\n|-damage|p1a: Ting-Lu|50\/100 brn|[from] brn\n|upkeep\n|turn|6\n|\n|t:|1683155892\n|-terastallize|p1a: Ting-Lu|Water\n|move|p2a: Armarouge|Flamethrower|p1a: Ting-Lu\n|-resisted|p1a: Ting-Lu\n|-damage|p1a: Ting-Lu|44\/100 brn\n|move|p1b: Raichu|Volt Switch|p2b: Magnezone\n|-resisted|p2b: Magnezone\n|-damage|p2b: Magnezone|74\/100\n|\n|t:|1683155898\n|switch|p1b: Meowscarada|Meowscarada, L50, M|100\/100|[from] Volt Switch\n|move|p2b: Magnezone|Body Press|p1a: Ting-Lu\n|-damage|p1a: Ting-Lu|33\/100 brn\n|move|p1a: Ting-Lu|Fissure|p2a: Armarouge|[miss]\n|-miss|p1a: Ting-Lu|p2a: Armarouge\n|\n|-heal|p2b: Magnezone|80\/100|[from] item: Leftovers\n|-damage|p1a: Ting-Lu|27\/100 brn|[from] brn\n|upkeep\n|turn|7\n|\n|t:|1683155921\n|switch|p1b: Raichu|Raichu, L50, F|54\/100\n|switch|p2b: Honchkrow|Honchkrow, L50, M|81\/100\n|move|p2a: Armarouge|Flamethrower|p1b: Raichu\n|-damage|p1b: Raichu|19\/100\n|-status|p1b: Raichu|brn\n|move|p1a: Ting-Lu|Fissure|p2a: Armarouge|[miss]\n|-miss|p1a: Ting-Lu|p2a: Armarouge\n|\n|-damage|p1b: Raichu|13\/100 brn|[from] brn\n|-damage|p1a: Ting-Lu|21\/100 brn|[from] brn\n|upkeep\n|turn|8\n|\n|t:|1683155947\n|move|p1b: Raichu|Fake Out|p2b: Honchkrow\n|-damage|p2b: Honchkrow|75\/100\n|cant|p2b: Honchkrow|flinch\n|move|p2a: Armarouge|Flamethrower|p1b: Raichu\n|-damage|p1b: Raichu|0 fnt\n|faint|p1b: Raichu\n|move|p1a: Ting-Lu|Fissure|p2a: Armarouge|[miss]\n|-miss|p1a: Ting-Lu|p2a: Armarouge\n|\n|-damage|p1a: Ting-Lu|15\/100 brn|[from] brn\n|upkeep\n|\n|t:|1683155956\n|switch|p1b: Meowscarada|Meowscarada, L50, M|100\/100\n|turn|9\n|\n|t:|1683155969\n|move|p2b: Honchkrow|U-turn|p1a: Ting-Lu\n|-damage|p1a: Ting-Lu|3\/100 brn\n|\n|t:|1683155974\n|switch|p2b: Magnezone|Magnezone, L50|80\/100|[from] U-turn\n|move|p1b: Meowscarada|Knock Off|p2a: Armarouge\n|-start|p1b: Meowscarada|typechange|Dark|[from] ability: Protean\n|-damage|p2a: Armarouge|67\/100\n|-ability|p2a: Armarouge|Weak Armor|boost\n|-unboost|p2a: Armarouge|def|1\n|-boost|p2a: Armarouge|spe|2\n|move|p2a: Armarouge|Flamethrower|p1b: Meowscarada\n|-crit|p1b: Meowscarada\n|-damage|p1b: Meowscarada|39\/100\n|move|p1a: Ting-Lu|Fissure|p2a: Armarouge|[miss]\n|-miss|p1a: Ting-Lu|p2a: Armarouge\n|\n|-heal|p2b: Magnezone|86\/100|[from] item: Leftovers\n|-damage|p1a: Ting-Lu|0 fnt|[from] brn\n|faint|p1a: Ting-Lu\n|upkeep\n|turn|10\n|\n|t:|1683155998\n|move|p2a: Armarouge|Flamethrower|p1b: Meowscarada\n|-damage|p1b: Meowscarada|0 fnt\n|faint|p1b: Meowscarada\n|\n|win|kodiedunn\n|c|\u2606fatw|ggs\n","uploadtime":1683156005,"views":17,"p1id":"fatw","p2id":"kodiedunn","formatid":"gen9vgc2023regulationc","rating":0,"private":0,"password":""}