{"id":"gen9vgc2023regulationc-1860384521","p1":"CCManny","p2":"Ricardo Randorez","format":"[Gen 9] VGC 2023 Regulation C","log":"|j|\u2606CCManny\n|j|\u2606Ricardo Randorez\n|t:|1683639421\n|gametype|doubles\n|player|p1|CCManny|169|1441\n|player|p2|Ricardo Randorez|169|1507\n|teamsize|p1|6\n|teamsize|p2|6\n|gen|9\n|tier|[Gen 9] VGC 2023 Regulation C\n|rated|\n|rule|Species Clause: Limit one of each Pok\u00e9mon\n|rule|Item Clause: Limit one of each item\n|clearpoke\n|poke|p1|Dragonite, L50, M|\n|poke|p1|Corviknight, L50, F|\n|poke|p1|Palafin, L50, F|\n|poke|p1|Flutter Mane, L50|\n|poke|p1|Umbreon, L50, M|\n|poke|p1|Arcanine, L50, M|\n|poke|p2|Dondozo, L50, F|\n|poke|p2|Tatsugiri-Droopy, L50, M|\n|poke|p2|Pelipper, L50, F|\n|poke|p2|Drednaw, L50, F|\n|poke|p2|Dragonite, L50, M|\n|poke|p2|Chien-Pao, L50|\n|teampreview|4\n|inactive|Battle timer is ON: inactive players will automatically lose when time's up. (requested by Ricardo Randorez)\n|\n|t:|1683639442\n|start\n|switch|p1a: Umbreon|Umbreon, L50, M, shiny|100\/100\n|switch|p1b: Palafin|Palafin, L50, F|100\/100\n|switch|p2a: Pelipper|Pelipper, L50, F|100\/100\n|switch|p2b: Drednaw|Drednaw, L50, F|100\/100\n|-weather|RainDance|[from] ability: Drizzle|[of] p2a: Pelipper\n|turn|1\n|inactive|CCManny has 30 seconds left.\n|inactive|CCManny has 20 seconds left.\n|inactive|CCManny has 15 seconds left.\n|inactive|CCManny has 10 seconds left.\n|inactive|CCManny has 5 seconds left.\n|\n|t:|1683639497\n|move|p2b: Drednaw|Rock Slide|p1a: Umbreon|[spread] p1a\n|-miss|p2b: Drednaw|p1b: Palafin\n|-damage|p1a: Umbreon|70\/100\n|move|p1b: Palafin|Wave Crash|p2a: Pelipper\n|-resisted|p2a: Pelipper\n|-damage|p2a: Pelipper|54\/100\n|-damage|p1b: Palafin|88\/100|[from] Recoil\n|move|p2a: Pelipper|Tailwind|p2a: Pelipper\n|-sidestart|p2: Ricardo Randorez|move: Tailwind\n|move|p1a: Umbreon|Foul Play|p2a: Pelipper\n|-damage|p2a: Pelipper|39\/100\n|\n|-weather|RainDance|[upkeep]\n|upkeep\n|turn|2\n|c|\u2606Ricardo Randorez|Let\u2019s go pal were going\n|\n|t:|1683639519\n|move|p1b: Palafin|Protect|p1b: Palafin\n|-singleturn|p1b: Palafin|Protect\n|move|p2b: Drednaw|Rock Slide|p1b: Palafin|[spread] \n|-activate|p1b: Palafin|move: Protect\n|-miss|p2b: Drednaw|p1a: Umbreon\n|move|p2a: Pelipper|Hurricane|p1b: Palafin\n|-activate|p1b: Palafin|move: Protect\n|move|p1a: Umbreon|Foul Play|p2b: Drednaw\n|-damage|p2b: Drednaw|41\/100\n|\n|-weather|RainDance|[upkeep]\n|upkeep\n|turn|3\n|\n|t:|1683639538\n|-terastallize|p1b: Palafin|Water\n|move|p1b: Palafin|Jet Punch|p2b: Drednaw\n|-damage|p2b: Drednaw|0 fnt\n|faint|p2b: Drednaw\n|move|p2a: Pelipper|Hurricane|p1b: Palafin\n|-damage|p1b: Palafin|21\/100\n|move|p1a: Umbreon|Snarl|p2a: Pelipper\n|-damage|p2a: Pelipper|21\/100\n|-unboost|p2a: Pelipper|spa|1\n|\n|-weather|RainDance|[upkeep]\n|upkeep\n|\n|t:|1683639551\n|switch|p2b: Dondozo|Dondozo, L50, F|100\/100\n|turn|4\n|\n|t:|1683639558\n|switch|p2a: Tatsugiri|Tatsugiri-Droopy, L50, M, shiny|100\/100\n|-activate|p2a: Tatsugiri|ability: Commander|[of] p2b: Dondozo\n|-boost|p2b: Dondozo|atk|2\n|-boost|p2b: Dondozo|spa|2\n|-boost|p2b: Dondozo|spe|2\n|-boost|p2b: Dondozo|def|2\n|-boost|p2b: Dondozo|spd|2\n|-enditem|p1a: Umbreon|Mirror Herb\n|-boost|p1a: Umbreon|atk|2|[from] item: Mirror Herb\n|-boost|p1a: Umbreon|spa|2|[from] item: Mirror Herb\n|-boost|p1a: Umbreon|spe|2|[from] item: Mirror Herb\n|-boost|p1a: Umbreon|def|2|[from] item: Mirror Herb\n|-boost|p1a: Umbreon|spd|2|[from] item: Mirror Herb\n|detailschange|p1b: Palafin|Palafin-Hero, L50, F, tera:Water\n|switch|p1b: Dragonite|Dragonite, L50, M, shiny|100\/100\n|-terastallize|p2b: Dondozo|Water\n|move|p2b: Dondozo|Surf|p1a: Umbreon|[spread] p1a,p1b\n|-miss|p2b: Dondozo|p2a: Tatsugiri\n|-resisted|p1b: Dragonite\n|-damage|p1a: Umbreon|0 fnt\n|-damage|p1b: Dragonite|72\/100\n|faint|p1a: Umbreon\n|-damage|p2b: Dondozo|91\/100|[from] item: Life Orb\n|\n|-weather|RainDance|[upkeep]\n|-sideend|p2: Ricardo Randorez|move: Tailwind\n|upkeep\n|\n|t:|1683639580\n|switch|p1a: Flutter Mane|Flutter Mane, L50|100\/100\n|turn|5\n|\n|t:|1683639591\n|move|p1b: Dragonite|Extreme Speed|p2b: Dondozo\n|-damage|p2b: Dondozo|78\/100\n|move|p2b: Dondozo|Surf|p1b: Dragonite|[spread] p1a,p1b\n|-miss|p2b: Dondozo|p2a: Tatsugiri\n|-resisted|p1b: Dragonite\n|-damage|p1a: Flutter Mane|0 fnt\n|-damage|p1b: Dragonite|17\/100\n|faint|p1a: Flutter Mane\n|-end|p1a: Flutter Mane|Protosynthesis|[silent]\n|-damage|p2b: Dondozo|69\/100|[from] item: Life Orb\n|\n|-weather|RainDance|[upkeep]\n|upkeep\n|\n|t:|1683639607\n|switch|p1a: Palafin|Palafin-Hero, L50, F, tera:Water|21\/100\n|-activate|p1a: Palafin|ability: Zero to Hero\n|turn|6\n|\n|t:|1683639613\n|move|p1a: Palafin|Protect|p1a: Palafin\n|-singleturn|p1a: Palafin|Protect\n|move|p1b: Dragonite|Extreme Speed|p2b: Dondozo\n|-damage|p2b: Dondozo|56\/100\n|move|p2b: Dondozo|Surf|p1b: Dragonite|[spread] p1b\n|-miss|p2b: Dondozo|p2a: Tatsugiri\n|-activate|p1a: Palafin|move: Protect\n|-resisted|p1b: Dragonite\n|-damage|p1b: Dragonite|0 fnt\n|faint|p1b: Dragonite\n|-damage|p2b: Dondozo|46\/100|[from] item: Life Orb\n|\n|-weather|RainDance|[upkeep]\n|upkeep\n|turn|7\n|\n|t:|1683639630\n|move|p1a: Palafin|Jet Punch|p2b: Dondozo\n|-resisted|p2b: Dondozo\n|-damage|p2b: Dondozo|27\/100\n|move|p2b: Dondozo|Surf|p1a: Palafin|[spread] p1a\n|-miss|p2b: Dondozo|p2a: Tatsugiri\n|-resisted|p1a: Palafin\n|-damage|p1a: Palafin|0 fnt\n|faint|p1a: Palafin\n|-damage|p2b: Dondozo|17\/100|[from] item: Life Orb\n|\n|win|Ricardo Randorez\n|raw|CCManny's rating: 1441 → 1425<\/strong> (-16 for losing)\n|raw|Ricardo Randorez's rating: 1507 → 1523<\/strong> (+16 for winning)\n","uploadtime":1683639642,"views":4,"p1id":"ccmanny","p2id":"ricardorandorez","formatid":"gen9vgc2023regulationc","rating":1425,"private":0,"password":""}