{"id":"gen9vgc2023regulationc-1855328384","p1":"haha you rage quit","p2":"TrangTrang","format":"[Gen 9] VGC 2023 Regulation C","log":"|j|\u2606haha you rage quit\n|j|\u2606TrangTrang\n|t:|1682937866\n|gametype|doubles\n|player|p1|haha you rage quit|pokemaniac|1363\n|player|p2|TrangTrang|pokekid|1273\n|teamsize|p1|6\n|teamsize|p2|6\n|gen|9\n|tier|[Gen 9] VGC 2023 Regulation C\n|rated|\n|rule|Species Clause: Limit one of each Pok\u00e9mon\n|rule|Item Clause: Limit one of each item\n|clearpoke\n|poke|p1|Chi-Yu, L50|\n|poke|p1|Chien-Pao, L50|\n|poke|p1|Wo-Chien, L50|\n|poke|p1|Ting-Lu, L50|\n|poke|p1|Dondozo, L50, M|\n|poke|p1|Tatsugiri-Droopy, L50, M|\n|poke|p2|Gallade, L50, M|\n|poke|p2|Arcanine, L50, M|\n|poke|p2|Amoonguss, L50, F|\n|poke|p2|Flutter Mane, L50|\n|poke|p2|Iron Bundle, L50|\n|poke|p2|Scizor, L50, M|\n|teampreview|4\n|inactive|Battle timer is ON: inactive players will automatically lose when time's up. (requested by TrangTrang)\n|\n|t:|1682937926\n|start\n|switch|p1a: Chi-Yu|Chi-Yu, L50|100\/100\n|switch|p1b: Wo-Chien|Wo-Chien, L50|100\/100\n|switch|p2a: Iron Bundle|Iron Bundle, L50|100\/100\n|switch|p2b: Gallade|Gallade, L50, M|100\/100\n|-ability|p1a: Chi-Yu|Beads of Ruin\n|-ability|p1b: Wo-Chien|Tablets of Ruin\n|-enditem|p2a: Iron Bundle|Booster Energy\n|-activate|p2a: Iron Bundle|ability: Quark Drive|[fromitem]\n|-start|p2a: Iron Bundle|quarkdrivespe\n|turn|1\n|inactive|haha you rage quit has 30 seconds left.\n|inactive|TrangTrang has 30 seconds left.\n|inactive|haha you rage quit has 20 seconds left.\n|inactive|haha you rage quit has 15 seconds left.\n|inactive|haha you rage quit has 10 seconds left.\n|\n|t:|1682937973\n|-terastallize|p1a: Chi-Yu|Grass\n|move|p2a: Iron Bundle|Hydro Pump|p1a: Chi-Yu|[miss]\n|-miss|p2a: Iron Bundle|p1a: Chi-Yu\n|move|p2b: Gallade|Sacred Sword|p1a: Chi-Yu\n|-damage|p1a: Chi-Yu|18\/100\n|move|p1a: Chi-Yu|Tera Blast|p2a: Iron Bundle\n|-supereffective|p2a: Iron Bundle\n|-damage|p2a: Iron Bundle|0 fnt\n|faint|p2a: Iron Bundle\n|-end|p2a: Iron Bundle|Quark Drive|[silent]\n|move|p1b: Wo-Chien|Foul Play|p2b: Gallade\n|-damage|p2b: Gallade|8\/100\n|\n|upkeep\n|\n|t:|1682937988\n|switch|p2a: Arcanine|Arcanine, L50, M|100\/100\n|-ability|p2a: Arcanine|Intimidate|boost\n|-unboost|p1a: Chi-Yu|atk|1\n|-unboost|p1b: Wo-Chien|atk|1\n|turn|2\n|\n|t:|1682938001\n|move|p1b: Wo-Chien|Protect|p1b: Wo-Chien\n|-singleturn|p1b: Wo-Chien|Protect\n|move|p2b: Gallade|Sacred Sword|p1a: Chi-Yu\n|-damage|p1a: Chi-Yu|0 fnt\n|faint|p1a: Chi-Yu\n|move|p2a: Arcanine|Flare Blitz|p1b: Wo-Chien\n|-activate|p1b: Wo-Chien|move: Protect\n|\n|upkeep\n|\n|t:|1682938009\n|switch|p1a: Dondozo|Dondozo, L50, M|100\/100\n|turn|3\n|\n|t:|1682938023\n|switch|p1b: Tatsugiri|Tatsugiri-Droopy, L50, M|100\/100\n|-activate|p1b: Tatsugiri|ability: Commander|[of] p1a: Dondozo\n|-boost|p1a: Dondozo|atk|2\n|-boost|p1a: Dondozo|spa|2\n|-boost|p1a: Dondozo|spe|2\n|-boost|p1a: Dondozo|def|2\n|-boost|p1a: Dondozo|spd|2\n|move|p2b: Gallade|Sacred Sword|p1a: Dondozo\n|-damage|p1a: Dondozo|49\/100\n|move|p1a: Dondozo|Earthquake|p2b: Gallade|[spread] p2a,p2b\n|-miss|p1a: Dondozo|p1b: Tatsugiri\n|-supereffective|p2a: Arcanine\n|-damage|p2a: Arcanine|24\/100\n|-damage|p2b: Gallade|0 fnt\n|faint|p2b: Gallade\n|move|p2a: Arcanine|Will-O-Wisp|p1a: Dondozo\n|-status|p1a: Dondozo|brn\n|\n|-damage|p1a: Dondozo|43\/100 brn|[from] brn\n|upkeep\n|\n|t:|1682938036\n|switch|p2b: Amoonguss|Amoonguss, L50, F|100\/100\n|turn|4\n|\n|t:|1682938051\n|move|p2a: Arcanine|Protect|p2a: Arcanine\n|-singleturn|p2a: Arcanine|Protect\n|move|p1a: Dondozo|Wave Crash|p2a: Arcanine\n|-activate|p2a: Arcanine|move: Protect\n|move|p2b: Amoonguss|Pollen Puff|p1a: Dondozo\n|-damage|p1a: Dondozo|33\/100 brn\n|\n|-damage|p1a: Dondozo|27\/100 brn|[from] brn\n|upkeep\n|turn|5\n|inactive|TrangTrang has 30 seconds left.\n|\n|t:|1682938077\n|move|p2b: Amoonguss|Rage Powder|p2b: Amoonguss\n|-singleturn|p2b: Amoonguss|move: Rage Powder\n|move|p1a: Dondozo|Wave Crash|p2b: Amoonguss\n|-resisted|p2b: Amoonguss\n|-damage|p2b: Amoonguss|80\/100\n|-damage|p1a: Dondozo|20\/100 brn|[from] Recoil\n|move|p2a: Arcanine|Flare Blitz|p1a: Dondozo\n|-resisted|p1a: Dondozo\n|-damage|p1a: Dondozo|12\/100 brn\n|-damage|p2a: Arcanine|21\/100|[from] Recoil\n|\n|-damage|p1a: Dondozo|5\/100 brn|[from] brn\n|upkeep\n|turn|6\n|\n|t:|1682938092\n|move|p1a: Dondozo|Rest|p1a: Dondozo\n|-status|p1a: Dondozo|slp|[from] move: Rest\n|-heal|p1a: Dondozo|100\/100 slp|[silent]\n|-enditem|p1a: Dondozo|Chesto Berry|[eat]\n|-curestatus|p1a: Dondozo|slp|[msg]\n|move|p2a: Arcanine|Flare Blitz|p1a: Dondozo\n|-resisted|p1a: Dondozo\n|-damage|p1a: Dondozo|93\/100\n|-damage|p2a: Arcanine|18\/100|[from] Recoil\n|move|p2b: Amoonguss|Pollen Puff|p2a: Arcanine\n|-heal|p2a: Arcanine|68\/100\n|\n|upkeep\n|turn|7\n|\n|t:|1682938114\n|move|p2a: Arcanine|Protect|p2a: Arcanine\n|-singleturn|p2a: Arcanine|Protect\n|move|p1a: Dondozo|Earthquake|p2a: Arcanine|[spread] p2b\n|-miss|p1a: Dondozo|p1b: Tatsugiri\n|-activate|p2a: Arcanine|move: Protect\n|-damage|p2b: Amoonguss|46\/100\n|-enditem|p2b: Amoonguss|Sitrus Berry|[eat]\n|-heal|p2b: Amoonguss|71\/100|[from] item: Sitrus Berry\n|move|p2b: Amoonguss|Spore|p1a: Dondozo\n|-status|p1a: Dondozo|slp|[from] move: Spore\n|\n|upkeep\n|turn|8\n|\n|t:|1682938130\n|cant|p1a: Dondozo|slp\n|move|p2a: Arcanine|Howl|p2a: Arcanine|[spread] p2a,p2b\n|-boost|p2a: Arcanine|atk|1\n|-boost|p2b: Amoonguss|atk|1\n|move|p2b: Amoonguss|Pollen Puff|p2a: Arcanine\n|-heal|p2a: Arcanine|100\/100\n|\n|upkeep\n|turn|9\n|\n|t:|1682938145\n|cant|p1a: Dondozo|slp\n|move|p2a: Arcanine|Howl|p2a: Arcanine|[spread] p2a,p2b\n|-boost|p2a: Arcanine|atk|1\n|-boost|p2b: Amoonguss|atk|1\n|move|p2b: Amoonguss|Pollen Puff|p1a: Dondozo\n|-damage|p1a: Dondozo|82\/100 slp\n|\n|upkeep\n|turn|10\n|inactive|TrangTrang has 30 seconds left.\n|\n|t:|1682938176\n|-terastallize|p2a: Arcanine|Flying\n|cant|p1a: Dondozo|slp\n|move|p2a: Arcanine|Will-O-Wisp||[still]\n|-fail|p2a: Arcanine\n|move|p2b: Amoonguss|Pollen Puff|p2a: Arcanine\n|-immune|p2a: Arcanine\n|\n|upkeep\n|turn|11\n|\n|t:|1682938188\n|-curestatus|p1a: Dondozo|slp|[msg]\n|move|p1a: Dondozo|Wave Crash|p2a: Arcanine\n|-damage|p2a: Arcanine|0 fnt\n|faint|p2a: Arcanine\n|-damage|p1a: Dondozo|53\/100|[from] Recoil\n|move|p2b: Amoonguss|Pollen Puff|p2: Arcanine|[notarget]\n|-fail|p2b: Amoonguss\n|\n|upkeep\n|turn|12\n|-message|TrangTrang forfeited.\n|\n|win|haha you rage quit\n|raw|haha you rage quit's rating: 1363 → 1378<\/strong> (+15 for winning)\n|raw|TrangTrang's rating: 1273 → 1254<\/strong> (-19 for losing)\n","uploadtime":1682938216,"views":19,"p1id":"hahayouragequit","p2id":"trangtrang","formatid":"gen9vgc2023regulationc","rating":1254,"private":0,"password":""}