{"id":"gen9vgc2023regulationc-1862360011","p1":"aaaaaaaaaer","p2":"Minerkris","format":"[Gen 9] VGC 2023 Regulation C","log":"|j|\u2606aaaaaaaaaer\n|j|\u2606Minerkris\n|t:|1683872766\n|gametype|doubles\n|player|p1|aaaaaaaaaer|266|1045\n|player|p2|Minerkris|psychic-gen4|1121\n|teamsize|p1|6\n|teamsize|p2|6\n|gen|9\n|tier|[Gen 9] VGC 2023 Regulation C\n|rated|\n|rule|Species Clause: Limit one of each Pok\u00e9mon\n|rule|Item Clause: Limit one of each item\n|clearpoke\n|poke|p1|Dragapult, L50, F|\n|poke|p1|Arcanine, L50, F|\n|poke|p1|Iron Hands, L50|\n|poke|p1|Scizor, L50, M|\n|poke|p1|Sylveon, L50, F|\n|poke|p1|Gyarados, L50, M|\n|poke|p2|Gholdengo, L50|\n|poke|p2|Ceruledge, L50, M|\n|poke|p2|Clodsire, L50, M|\n|poke|p2|Meowscarada, L50, F|\n|poke|p2|Lokix, L50, M|\n|poke|p2|Iron Valiant, L50|\n|teampreview|4\n|inactive|Battle timer is ON: inactive players will automatically lose when time's up. (requested by Minerkris)\n|\n|t:|1683872812\n|start\n|switch|p1a: Arcanine|Arcanine, L50, F|100\/100\n|switch|p1b: Iron Hands|Iron Hands, L50|100\/100\n|switch|p2a: Meowscarada|Meowscarada, L50, F, shiny|100\/100\n|switch|p2b: Clodsire|Clodsire, L50, M, shiny|100\/100\n|-ability|p1a: Arcanine|Intimidate|boost\n|-unboost|p2a: Meowscarada|atk|1\n|-unboost|p2b: Clodsire|atk|1\n|turn|1\n|\n|t:|1683872828\n|switch|p2a: Ceruledge|Ceruledge, L50, M, shiny|100\/100\n|move|p1b: Iron Hands|Fake Out|p2b: Clodsire\n|-damage|p2b: Clodsire|88\/100\n|move|p1a: Arcanine|Will-O-Wisp|p2a: Ceruledge\n|-start|p2a: Ceruledge|ability: Flash Fire\n|cant|p2b: Clodsire|flinch\n|\n|-heal|p2b: Clodsire|94\/100|[from] item: Leftovers\n|upkeep\n|turn|2\n|inactive|aaaaaaaaaer has 30 seconds left.\n|\n|t:|1683872857\n|switch|p1a: Gyarados|Gyarados, L50, M|100\/100\n|-ability|p1a: Gyarados|Intimidate|boost\n|-unboost|p2a: Ceruledge|atk|1\n|-unboost|p2b: Clodsire|atk|1\n|move|p2a: Ceruledge|Bitter Blade|p1b: Iron Hands\n|-damage|p1b: Iron Hands|71\/100\n|move|p1b: Iron Hands|Volt Switch|p2a: Ceruledge\n|-damage|p2a: Ceruledge|90\/100\n|\n|t:|1683872867\n|-end|p1b: Iron Hands|Quark Drive|[silent]\n|switch|p1b: Arcanine|Arcanine, L50, F|100\/100|[from] Volt Switch\n|-ability|p1b: Arcanine|Intimidate|boost\n|-unboost|p2a: Ceruledge|atk|1\n|-unboost|p2b: Clodsire|atk|1\n|move|p2b: Clodsire|Ancient Power|p1a: Gyarados\n|-supereffective|p1a: Gyarados\n|-damage|p1a: Gyarados|84\/100\n|\n|-heal|p2b: Clodsire|99\/100|[from] item: Leftovers\n|upkeep\n|turn|3\n|inactive|Minerkris has 30 seconds left.\n|\n|t:|1683872893\n|-end|p2a: Ceruledge|ability: Flash Fire|[silent]\n|switch|p2a: Meowscarada|Meowscarada, L50, F, shiny|100\/100\n|move|p1a: Gyarados|Dragon Dance|p1a: Gyarados\n|-boost|p1a: Gyarados|atk|1\n|-boost|p1a: Gyarados|spe|1\n|move|p1b: Arcanine|Snarl|p2b: Clodsire|[spread] p2b\n|-miss|p1b: Arcanine|p2a: Meowscarada\n|-damage|p2b: Clodsire|92\/100\n|-unboost|p2b: Clodsire|spa|1\n|move|p2b: Clodsire|Stealth Rock|p1a: Gyarados\n|-sidestart|p1: aaaaaaaaaer|move: Stealth Rock\n|\n|-heal|p2b: Clodsire|98\/100|[from] item: Leftovers\n|upkeep\n|turn|4\n|inactive|Minerkris has 30 seconds left.\n|\n|t:|1683872923\n|switch|p2b: Ceruledge|Ceruledge, L50, M, shiny|90\/100\n|move|p1a: Gyarados|Ice Fang|p2a: Meowscarada\n|-supereffective|p2a: Meowscarada\n|-enditem|p2a: Meowscarada|Focus Sash\n|-damage|p2a: Meowscarada|1\/100\n|move|p2a: Meowscarada|Flower Trick|p1a: Gyarados\n|-crit|p1a: Gyarados\n|-damage|p1a: Gyarados|0 fnt\n|faint|p1a: Gyarados\n|move|p1b: Arcanine|Will-O-Wisp|p2b: Ceruledge\n|-start|p2b: Ceruledge|ability: Flash Fire\n|\n|upkeep\n|\n|t:|1683872938\n|switch|p1a: Dragapult|Dragapult, L50, F|100\/100\n|-damage|p1a: Dragapult|88\/100|[from] Stealth Rock\n|turn|5\n|\n|t:|1683872952\n|switch|p1a: Iron Hands|Iron Hands, L50|71\/100\n|-damage|p1a: Iron Hands|64\/100|[from] Stealth Rock\n|move|p2a: Meowscarada|Acrobatics|p1b: Arcanine\n|-damage|p1b: Arcanine|63\/100\n|move|p2b: Ceruledge|Shadow Claw|p1a: Iron Hands\n|-damage|p1a: Iron Hands|40\/100\n|move|p1b: Arcanine|Snarl|p2a: Meowscarada|[spread] p2a\n|-miss|p1b: Arcanine|p2b: Ceruledge\n|-resisted|p2a: Meowscarada\n|-damage|p2a: Meowscarada|0 fnt\n|faint|p2a: Meowscarada\n|\n|upkeep\n|\n|t:|1683872970\n|switch|p2a: Clodsire|Clodsire, L50, M, shiny|98\/100\n|turn|6\n|-message|aaaaaaaaaer forfeited.\n|\n|win|Minerkris\n|raw|aaaaaaaaaer's rating: 1045 → 1032<\/strong> (-13 for losing)\n|raw|Minerkris's rating: 1121 → 1141<\/strong> (+20 for winning)\n|l|\u2606aaaaaaaaaer\n","uploadtime":1683872988,"views":9,"p1id":"aaaaaaaaaer","p2id":"minerkris","formatid":"gen9vgc2023regulationc","rating":1032,"private":0,"password":""}