{"id":"gen9vgc2023regulationc-1858761518","p1":"OneStrangeOnion","p2":"Moonrockdoobie","format":"[Gen 9] VGC 2023 Regulation C","log":"|j|\u2606OneStrangeOnion\n|j|\u2606Moonrockdoobie\n|t:|1683355772\n|gametype|doubles\n|player|p1|OneStrangeOnion|rosa|1011\n|player|p2|Moonrockdoobie|102|1056\n|teamsize|p1|6\n|teamsize|p2|6\n|gen|9\n|tier|[Gen 9] VGC 2023 Regulation C\n|rated|\n|rule|Species Clause: Limit one of each Pok\u00e9mon\n|rule|Item Clause: Limit one of each item\n|clearpoke\n|poke|p1|Azumarill, L50, M|\n|poke|p1|Pelipper, L50, M|\n|poke|p1|Clodsire, L50, F|\n|poke|p1|Tatsugiri, L50, M|\n|poke|p1|Beartic, L50, M|\n|poke|p1|Slowking, L50, F|\n|poke|p2|Vespiquen, L50, F|\n|poke|p2|Dragapult, L50, M|\n|poke|p2|Hypno, L50, M|\n|poke|p2|Indeedee-F, L50, F|\n|poke|p2|Gothorita, L50, F|\n|poke|p2|Gholdengo, L50|\n|teampreview|4\n|inactive|Battle timer is ON: inactive players will automatically lose when time's up. (requested by Moonrockdoobie)\nMoonrockdoobie rejected open team sheets.\n|inactive|OneStrangeOnion has 60 seconds left.\n|inactive|Moonrockdoobie has 60 seconds left.\n|\n|t:|1683355837\n|start\n|switch|p1a: Tatsugiri|Tatsugiri, L50, M|100\/100\n|switch|p1b: Clodsire|Clodsire, L50, F|100\/100\n|switch|p2a: Gholdengo|Gholdengo, L50|100\/100\n|switch|p2b: Vespiquen|Vespiquen, L50, F|100\/100\n|-ability|p2b: Vespiquen|Pressure\n|turn|1\n|inactive|Moonrockdoobie has 30 seconds left.\n|\n|t:|1683355868\n|move|p2a: Gholdengo|Reflect|p2a: Gholdengo\n|-sidestart|p2: Moonrockdoobie|Reflect\n|move|p1a: Tatsugiri|Taunt|p2b: Vespiquen\n|-start|p2b: Vespiquen|move: Taunt\n|cant|p2b: Vespiquen|move: Taunt|Defend Order\n|move|p1b: Clodsire|Toxic Spikes|p2a: Gholdengo\n|-sidestart|p2: Moonrockdoobie|move: Toxic Spikes\n|\n|upkeep\n|turn|2\n|inactive|OneStrangeOnion has 30 seconds left.\n|inactive|OneStrangeOnion has 20 seconds left.\n|\n|t:|1683355907\n|switch|p1b: Pelipper|Pelipper, L50, M|100\/100\n|-weather|RainDance|[from] ability: Drizzle|[of] p1b: Pelipper\n|move|p2a: Gholdengo|Nasty Plot|p2a: Gholdengo\n|-boost|p2a: Gholdengo|spa|2\n|move|p1a: Tatsugiri|Icy Wind|p2a: Gholdengo|[spread] p2a,p2b\n|-resisted|p2a: Gholdengo\n|-supereffective|p2b: Vespiquen\n|-damage|p2a: Gholdengo|92\/100\n|-damage|p2b: Vespiquen|68\/100\n|-unboost|p2a: Gholdengo|spe|1\n|-unboost|p2b: Vespiquen|spe|1\n|-damage|p1a: Tatsugiri|91\/100|[from] item: Life Orb\n|move|p2b: Vespiquen|Fury Cutter|p1a: Tatsugiri\n|-damage|p1a: Tatsugiri|63\/100\n|\n|-weather|RainDance|[upkeep]\n|upkeep\n|turn|3\n|inactive|OneStrangeOnion has 30 seconds left.\n|inactive|Moonrockdoobie has 30 seconds left.\n|inactive|OneStrangeOnion has 20 seconds left.\n|inactive|Moonrockdoobie has 20 seconds left.\n|inactive|OneStrangeOnion has 15 seconds left.\n|inactive|Moonrockdoobie has 15 seconds left.\n|inactive|OneStrangeOnion has 10 seconds left.\n|inactive|Moonrockdoobie has 10 seconds left.\n|\n|t:|1683355954\n|switch|p1a: Clodsire|Clodsire, L50, F|100\/100\n|move|p1b: Pelipper|Hurricane|p2b: Vespiquen\n|-supereffective|p2b: Vespiquen\n|-damage|p2b: Vespiquen|0 fnt\n|faint|p2b: Vespiquen\n|move|p2a: Gholdengo|Nasty Plot|p2a: Gholdengo\n|-boost|p2a: Gholdengo|spa|2\n|\n|-weather|RainDance|[upkeep]\n|upkeep\n|\n|t:|1683355971\n|switch|p2b: Gothorita|Gothorita, L50, F|100\/100\n|-status|p2b: Gothorita|psn\n|turn|4\n|\n|t:|1683355989\n|-terastallize|p1b: Pelipper|Bug\n|move|p1b: Pelipper|U-turn|p2b: Gothorita\n|-supereffective|p2b: Gothorita\n|-damage|p2b: Gothorita|86\/100 psn\n|\n|t:|1683355995\n|switch|p1b: Tatsugiri|Tatsugiri, L50, M|63\/100|[from] U-turn\n|move|p2a: Gholdengo|Make It Rain|p1b: Tatsugiri|[spread] p1a,p1b\n|-resisted|p1b: Tatsugiri\n|-damage|p1a: Clodsire|32\/100\n|-damage|p1b: Tatsugiri|0 fnt\n|-unboost|p2a: Gholdengo|spa|1\n|faint|p1b: Tatsugiri\n|move|p2b: Gothorita|Psych Up|p2a: Gholdengo\n|-immune|p2a: Gholdengo|[from] ability: Good as Gold\n|move|p1a: Clodsire|Earthquake|p2b: Gothorita|[spread] p2a,p2b\n|-supereffective|p2a: Gholdengo\n|-damage|p2a: Gholdengo|63\/100\n|-damage|p2b: Gothorita|73\/100 psn\n|\n|-weather|RainDance|[upkeep]\n|-damage|p2b: Gothorita|61\/100 psn|[from] psn\n|upkeep\n|\n|t:|1683356015\n|switch|p1b: Pelipper|Pelipper, L50, M, tera:Bug|100\/100\n|turn|5\n|inactive|Moonrockdoobie has 30 seconds left.\n|inactive|Moonrockdoobie has 20 seconds left.\n|\n|t:|1683356050\n|move|p1b: Pelipper|Surf|p2a: Gholdengo|[spread] p2a,p2b\n|-heal|p1a: Clodsire|57\/100|[from] ability: Water Absorb|[of] p1b: Pelipper\n|-damage|p2a: Gholdengo|16\/100\n|-damage|p2b: Gothorita|25\/100 psn\n|move|p2a: Gholdengo|Make It Rain|p1b: Pelipper|[spread] p1a,p1b\n|-damage|p1a: Clodsire|0 fnt\n|-enditem|p1b: Pelipper|Focus Sash\n|-damage|p1b: Pelipper|1\/100\n|-unboost|p2a: Gholdengo|spa|1\n|faint|p1a: Clodsire\n|move|p2b: Gothorita|Future Sight|p1b: Pelipper\n|-start|p2b: Gothorita|move: Future Sight\n|\n|-weather|RainDance|[upkeep]\n|-damage|p2b: Gothorita|13\/100 psn|[from] psn\n|-sideend|p2: Moonrockdoobie|Reflect\n|upkeep\n|\n|t:|1683356067\n|switch|p1a: Azumarill|Azumarill, L50, M|100\/100\n|turn|6\n|\n|t:|1683356089\n|move|p1b: Pelipper|Surf|p2a: Gholdengo|[spread] p1a,p2a,p2b\n|-resisted|p1a: Azumarill\n|-crit|p2b: Gothorita\n|-damage|p1a: Azumarill|86\/100\n|-damage|p2a: Gholdengo|0 fnt\n|-damage|p2b: Gothorita|0 fnt\n|faint|p2a: Gholdengo\n|faint|p2b: Gothorita\n|move|p1a: Azumarill|Waterfall|p2: Gholdengo|[notarget]\n|-fail|p1a: Azumarill\n|\n|-weather|none\n|upkeep\n|\n|t:|1683356099\n|switch|p2a: Indeedee|Indeedee-F, L50, F|100\/100\n|-status|p2a: Indeedee|psn\n|-fieldstart|move: Psychic Terrain|[from] ability: Psychic Surge|[of] p2a: Indeedee\n|turn|7\n|inactive|OneStrangeOnion has 30 seconds left.\n|\n|t:|1683356125\n|move|p1b: Pelipper|U-turn|p2a: Indeedee\n|-supereffective|p2a: Indeedee\n|-damage|p2a: Indeedee|70\/100 psn\n|move|p2a: Indeedee|Psychic|p1b: Pelipper\n|-damage|p1b: Pelipper|0 fnt\n|faint|p1b: Pelipper\n|-damage|p2a: Indeedee|60\/100 psn|[from] item: Life Orb\n|move|p1a: Azumarill|Ice Spinner|p2a: Indeedee\n|-damage|p2a: Indeedee|22\/100 psn\n|-fieldend|move: Psychic Terrain\n|\n|-hint|Future Sight did not hit because the target is fainted.\n|-damage|p2a: Indeedee|9\/100 psn|[from] psn\n|upkeep\n|turn|8\n|inactive|OneStrangeOnion has 30 seconds left.\n|inactive|Moonrockdoobie has 30 seconds left.\n|c|\u2606OneStrangeOnion|kind of a bruh that future sight does that\n|inactive|OneStrangeOnion has 20 seconds left.\n|\n|t:|1683356160\n|-terastallize|p2a: Indeedee|Psychic\n|move|p2a: Indeedee|Psychic|p1a: Azumarill\n|-damage|p1a: Azumarill|50\/100\n|-damage|p2a: Indeedee|0 fnt|[from] item: Life Orb\n|faint|p2a: Indeedee\n|\n|win|OneStrangeOnion\n|raw|OneStrangeOnion's rating: 1011 → 1054<\/strong> (+43 for winning)\n|raw|Moonrockdoobie's rating: 1056 → 1035<\/strong> (-21 for losing)\n|c|\u2606Moonrockdoobie|ikr grrrr\n|c|\u2606Moonrockdoobie|gg\n|l|\u2606Moonrockdoobie\n|c|\u2606OneStrangeOnion|gg\n","uploadtime":1683356204,"views":12,"p1id":"onestrangeonion","p2id":"moonrockdoobie","formatid":"gen9vgc2023regulationc","rating":1035,"private":0,"password":""}