{"id":"gen9vgc2023regulationc-1860982755","p1":"Sanbich","p2":"D-scNSe","format":"[Gen 9] VGC 2023 Regulation C","log":"|j|\u2606Sanbich\n|j|\u2606D-scNSe\n|t:|1683708045\n|gametype|doubles\n|player|p1|Sanbich|2|1272\n|player|p2|D-scNSe|169|1301\n|teamsize|p1|6\n|teamsize|p2|6\n|gen|9\n|tier|[Gen 9] VGC 2023 Regulation C\n|rated|\n|rule|Species Clause: Limit one of each Pok\u00e9mon\n|rule|Item Clause: Limit one of each item\n|clearpoke\n|poke|p1|Chi-Yu, L50|\n|poke|p1|Dachsbun, L50, M|\n|poke|p1|Dragonite, L50, F|\n|poke|p1|Flutter Mane, L50|\n|poke|p1|Azumarill, L50, M|\n|poke|p1|Chien-Pao, L50|\n|poke|p2|Flutter Mane, L50|\n|poke|p2|Ting-Lu, L50|\n|poke|p2|Maushold-Four, L50|\n|poke|p2|Annihilape, L50, F|\n|poke|p2|Iron Bundle, L50|\n|poke|p2|Arcanine, L50, M|\n|teampreview|4\n|inactive|Battle timer is ON: inactive players will automatically lose when time's up. (requested by Sanbich)\n|inactive|D-scNSe has 60 seconds left.\n|\n|t:|1683708095\n|start\n|switch|p1a: Chi-Yu|Chi-Yu, L50|100\/100\n|switch|p1b: Flutter Mane|Flutter Mane, L50|100\/100\n|switch|p2a: Arcanine|Arcanine, L50, M|100\/100\n|switch|p2b: Ting-Lu|Ting-Lu, L50|100\/100\n|-ability|p1a: Chi-Yu|Beads of Ruin\n|-ability|p2a: Arcanine|Intimidate|boost\n|-unboost|p1a: Chi-Yu|atk|1\n|-unboost|p1b: Flutter Mane|atk|1\n|-ability|p2b: Ting-Lu|Vessel of Ruin\n|-enditem|p1b: Flutter Mane|Booster Energy\n|-activate|p1b: Flutter Mane|ability: Protosynthesis|[fromitem]\n|-start|p1b: Flutter Mane|protosynthesisspe\n|turn|1\n|inactive|Sanbich has 30 seconds left.\n|inactive|Sanbich has 20 seconds left.\n|inactive|Sanbich has 15 seconds left.\n|inactive|Sanbich has 10 seconds left.\n|inactive|Sanbich has 5 seconds left.\n|\n|t:|1683708149\n|-terastallize|p1a: Chi-Yu|Ghost\n|-terastallize|p2b: Ting-Lu|Poison\n|move|p1b: Flutter Mane|Protect|p1b: Flutter Mane\n|-singleturn|p1b: Flutter Mane|Protect\n|move|p1a: Chi-Yu|Lava Plume|p2b: Ting-Lu|[spread] p2a,p2b\n|-activate|p1b: Flutter Mane|move: Protect\n|-resisted|p2a: Arcanine\n|-damage|p2a: Arcanine|85\/100\n|-damage|p2b: Ting-Lu|82\/100\n|-status|p2b: Ting-Lu|brn\n|move|p2a: Arcanine|Snarl|p1a: Chi-Yu|[spread] p1a\n|-activate|p1b: Flutter Mane|move: Protect\n|-supereffective|p1a: Chi-Yu\n|-damage|p1a: Chi-Yu|84\/100\n|-unboost|p1a: Chi-Yu|spa|1\n|move|p2b: Ting-Lu|Heavy Slam|p1b: Flutter Mane\n|-activate|p1b: Flutter Mane|move: Protect\n|\n|-damage|p2b: Ting-Lu|76\/100 brn|[from] brn\n|upkeep\n|turn|2\n|\n|t:|1683708171\n|switch|p1a: Azumarill|Azumarill, L50, M|100\/100\n|move|p1b: Flutter Mane|Perish Song|p1b: Flutter Mane\n|-start|p1a: Azumarill|perish3|[silent]\n|-start|p1b: Flutter Mane|perish3|[silent]\n|-start|p2a: Arcanine|perish3|[silent]\n|-start|p2b: Ting-Lu|perish3|[silent]\n|-fieldactivate|move: Perish Song\n|move|p2a: Arcanine|Snarl|p1a: Azumarill|[spread] p1a,p1b\n|-resisted|p1a: Azumarill\n|-damage|p1a: Azumarill|97\/100\n|-damage|p1b: Flutter Mane|94\/100\n|-unboost|p1a: Azumarill|spa|1\n|-unboost|p1b: Flutter Mane|spa|1\n|move|p2b: Ting-Lu|Heavy Slam|p1b: Flutter Mane\n|-supereffective|p1b: Flutter Mane\n|-damage|p1b: Flutter Mane|20\/100\n|\n|-damage|p2b: Ting-Lu|70\/100 brn|[from] brn\n|-start|p1b: Flutter Mane|perish3\n|-start|p2a: Arcanine|perish3\n|-start|p1a: Azumarill|perish3\n|-start|p2b: Ting-Lu|perish3\n|upkeep\n|turn|3\n|\n|t:|1683708194\n|switch|p2b: Annihilape|Annihilape, L50, F|100\/100\n|move|p1b: Flutter Mane|Shadow Ball|p2a: Arcanine\n|-damage|p2a: Arcanine|57\/100\n|move|p2a: Arcanine|Will-O-Wisp|p1a: Azumarill\n|-status|p1a: Azumarill|brn\n|-enditem|p1a: Azumarill|Lum Berry|[eat]\n|-curestatus|p1a: Azumarill|brn|[msg]\n|move|p1a: Azumarill|Liquidation|p2a: Arcanine\n|-supereffective|p2a: Arcanine\n|-damage|p2a: Arcanine|0 fnt\n|faint|p2a: Arcanine\n|\n|-start|p1b: Flutter Mane|perish2\n|-start|p1a: Azumarill|perish2\n|upkeep\n|\n|t:|1683708209\n|switch|p2a: Iron Bundle|Iron Bundle, L50|100\/100\n|turn|4\n|inactive|Sanbich has 30 seconds left.\n|inactive|D-scNSe has 30 seconds left.\n|\n|t:|1683708243\n|move|p2b: Annihilape|Protect|p2b: Annihilape\n|-singleturn|p2b: Annihilape|Protect\n|move|p1b: Flutter Mane|Dazzling Gleam|p2a: Iron Bundle|[spread] p2a\n|-activate|p2b: Annihilape|move: Protect\n|-damage|p2a: Iron Bundle|57\/100\n|move|p2a: Iron Bundle|Freeze-Dry|p1b: Flutter Mane\n|-damage|p1b: Flutter Mane|0 fnt\n|faint|p1b: Flutter Mane\n|-end|p1b: Flutter Mane|Protosynthesis|[silent]\n|move|p1a: Azumarill|Play Rough|p2b: Annihilape\n|-activate|p2b: Annihilape|move: Protect\n|\n|-start|p1a: Azumarill|perish1\n|upkeep\n|\n|t:|1683708257\n|switch|p1b: Chi-Yu|Chi-Yu, L50, tera:Ghost|84\/100\n|-ability|p1b: Chi-Yu|Beads of Ruin\n|turn|5\n|\n|t:|1683708272\n|switch|p2b: Ting-Lu|Ting-Lu, L50, tera:Poison|70\/100 brn\n|-ability|p2b: Ting-Lu|Vessel of Ruin\n|switch|p1a: Chien-Pao|Chien-Pao, L50|100\/100\n|-ability|p1a: Chien-Pao|Sword of Ruin\n|move|p1b: Chi-Yu|Snarl|p2a: Iron Bundle|[spread] p2a,p2b\n|-damage|p2a: Iron Bundle|13\/100\n|-damage|p2b: Ting-Lu|57\/100 brn\n|-unboost|p2a: Iron Bundle|spa|1\n|-unboost|p2b: Ting-Lu|spa|1\n|move|p2a: Iron Bundle|Icy Wind|p1b: Chi-Yu|[spread] p1a,p1b\n|-resisted|p1a: Chien-Pao\n|-damage|p1a: Chien-Pao|90\/100\n|-damage|p1b: Chi-Yu|70\/100\n|-unboost|p1a: Chien-Pao|spe|1\n|-unboost|p1b: Chi-Yu|spe|1\n|\n|-damage|p2b: Ting-Lu|50\/100 brn|[from] brn\n|upkeep\n|turn|6\n|inactive|D-scNSe has 30 seconds left.\n|\n|t:|1683708300\n|switch|p1a: Azumarill|Azumarill, L50, M|97\/100\n|move|p2a: Iron Bundle|Protect|p2a: Iron Bundle\n|-singleturn|p2a: Iron Bundle|Protect\n|move|p1b: Chi-Yu|Snarl|p2b: Ting-Lu|[spread] p2b\n|-activate|p2a: Iron Bundle|move: Protect\n|-damage|p2b: Ting-Lu|37\/100 brn\n|-unboost|p2b: Ting-Lu|spa|1\n|move|p2b: Ting-Lu|Heavy Slam|p1a: Azumarill\n|-damage|p1a: Azumarill|76\/100\n|\n|-damage|p2b: Ting-Lu|31\/100 brn|[from] brn\n|upkeep\n|turn|7\n|\n|t:|1683708319\n|move|p1a: Azumarill|Aqua Jet|p2a: Iron Bundle\n|-resisted|p2a: Iron Bundle\n|-damage|p2a: Iron Bundle|0 fnt\n|faint|p2a: Iron Bundle\n|-end|p2a: Iron Bundle|Quark Drive|[silent]\n|move|p1b: Chi-Yu|Snarl|p2b: Ting-Lu\n|-damage|p2b: Ting-Lu|14\/100 brn\n|-unboost|p2b: Ting-Lu|spa|1\n|move|p2b: Ting-Lu|Ruination|p1b: Chi-Yu\n|-damage|p1b: Chi-Yu|36\/100\n|\n|-damage|p2b: Ting-Lu|7\/100 brn|[from] brn\n|upkeep\n|\n|t:|1683708330\n|switch|p2a: Annihilape|Annihilape, L50, F|100\/100\n|turn|8\n|\n|t:|1683708338\n|move|p1b: Chi-Yu|Snarl|p2b: Ting-Lu|[spread] p2a,p2b\n|-damage|p2a: Annihilape|82\/100\n|-damage|p2b: Ting-Lu|0 fnt\n|-unboost|p2a: Annihilape|spa|1\n|-ability|p2a: Annihilape|Defiant|boost\n|-boost|p2a: Annihilape|atk|2\n|faint|p2b: Ting-Lu\n|move|p2a: Annihilape|Rage Fist|p1a: Azumarill\n|-damage|p1a: Azumarill|0 fnt\n|faint|p1a: Azumarill\n|\n|-heal|p2a: Annihilape|88\/100|[from] item: Leftovers\n|upkeep\n|\n|t:|1683708347\n|switch|p1a: Chien-Pao|Chien-Pao, L50|90\/100\n|-ability|p1a: Chien-Pao|Sword of Ruin\n|turn|9\n|\n|t:|1683708351\n|move|p1a: Chien-Pao|Sucker Punch|p2a: Annihilape\n|-damage|p2a: Annihilape|44\/100\n|move|p1b: Chi-Yu|Snarl|p2a: Annihilape\n|-damage|p2a: Annihilape|5\/100\n|-unboost|p2a: Annihilape|spa|1\n|-ability|p2a: Annihilape|Defiant|boost\n|-boost|p2a: Annihilape|atk|2\n|move|p2a: Annihilape|Drain Punch|p1a: Chien-Pao\n|-supereffective|p1a: Chien-Pao\n|-damage|p1a: Chien-Pao|0 fnt\n|-heal|p2a: Annihilape|37\/100|[from] drain|[of] p1a: Chien-Pao\n|faint|p1a: Chien-Pao\n|\n|-heal|p2a: Annihilape|43\/100|[from] item: Leftovers\n|upkeep\n|turn|10\n|\n|t:|1683708366\n|move|p2a: Annihilape|Protect|p2a: Annihilape\n|-singleturn|p2a: Annihilape|Protect\n|move|p1b: Chi-Yu|Snarl|p2a: Annihilape\n|-activate|p2a: Annihilape|move: Protect\n|\n|-heal|p2a: Annihilape|49\/100|[from] item: Leftovers\n|upkeep\n|turn|11\n|\n|t:|1683708371\n|move|p1b: Chi-Yu|Snarl|p2a: Annihilape\n|-crit|p2a: Annihilape\n|-damage|p2a: Annihilape|0 fnt\n|faint|p2a: Annihilape\n|\n|win|Sanbich\n|raw|Sanbich's rating: 1272 → 1299<\/strong> (+27 for winning)\n|raw|D-scNSe's rating: 1301 → 1279<\/strong> (-22 for losing)\n|l|\u2606Sanbich\n||Ladder isn't responding, score probably updated but might not have (Request timeout).\n","uploadtime":1683708621,"views":18,"p1id":"sanbich","p2id":"dscnse","formatid":"gen9vgc2023regulationc","rating":1279,"private":0,"password":""}