{"id":"gen9vgc2023regulationc-1851390885","p1":"pupulovessixsheep","p2":"zamazentalife","format":"[Gen 9] VGC 2023 Regulation C","log":"|j|\u2606pupulovessixsheep\n|j|\u2606zamazentalife\n|t:|1682441327\n|gametype|doubles\n|player|p1|pupulovessixsheep|169|1317\n|player|p2|zamazentalife|mustard|1411\n|teamsize|p1|6\n|teamsize|p2|6\n|gen|9\n|tier|[Gen 9] VGC 2023 Regulation C\n|rated|\n|rule|Species Clause: Limit one of each Pok\u00e9mon\n|rule|Item Clause: Limit one of each item\n|clearpoke\n|poke|p1|Talonflame, L50, M|\n|poke|p1|Chi-Yu, L50|\n|poke|p1|Flutter Mane, L50|\n|poke|p1|Amoonguss, L50, F|\n|poke|p1|Tyranitar, L50, F|\n|poke|p1|Houndstone, L50, M|\n|poke|p2|Dondozo, L50, M|\n|poke|p2|Tatsugiri, L50, F|\n|poke|p2|Talonflame, L50, F|\n|poke|p2|Flutter Mane, L50|\n|poke|p2|Glimmora, L50, M|\n|poke|p2|Chi-Yu, L50|\n|teampreview|4\n|inactive|Battle timer is ON: inactive players will automatically lose when time's up. (requested by pupulovessixsheep)\n|inactive|zamazentalife has 60 seconds left.\n|\n|t:|1682441362\n|start\n|switch|p1a: Tyranitar|Tyranitar, L50, F, shiny|100\/100\n|switch|p1b: Amoonguss|Amoonguss, L50, F|100\/100\n|switch|p2a: Talonflame|Talonflame, L50, F|100\/100\n|switch|p2b: Flutter Mane|Flutter Mane, L50|100\/100\n|-weather|Sandstorm|[from] ability: Sand Stream|[of] p1a: Tyranitar\n|turn|1\n|inactive|pupulovessixsheep has 30 seconds left.\n|inactive|zamazentalife has 30 seconds left.\n|\n|t:|1682441388\n|-terastallize|p2b: Flutter Mane|Fairy\n|-terastallize|p1a: Tyranitar|Fire\n|move|p2a: Talonflame|Will-O-Wisp|p1a: Tyranitar\n|-immune|p1a: Tyranitar\n|move|p2b: Flutter Mane|Moonblast|p1a: Tyranitar\n|-resisted|p1a: Tyranitar\n|-damage|p1a: Tyranitar|50\/100\n|-unboost|p1a: Tyranitar|spa|1\n|move|p1a: Tyranitar|Dragon Dance|p1a: Tyranitar\n|-boost|p1a: Tyranitar|atk|1\n|-boost|p1a: Tyranitar|spe|1\n|move|p1b: Amoonguss|Pollen Puff|p1a: Tyranitar\n|-heal|p1a: Tyranitar|99\/100\n|\n|-weather|Sandstorm|[upkeep]\n|-damage|p2b: Flutter Mane|94\/100|[from] Sandstorm\n|-damage|p1a: Tyranitar|94\/100|[from] Sandstorm\n|-damage|p1b: Amoonguss|95\/100|[from] Sandstorm\n|-heal|p1b: Amoonguss|100\/100|[from] item: Leftovers\n|upkeep\n|turn|2\n|inactive|zamazentalife has 30 seconds left.\n|\n|t:|1682441416\n|-end|p2b: Flutter Mane|Protosynthesis|[silent]\n|switch|p2b: Glimmora|Glimmora, L50, M|100\/100\n|move|p2a: Talonflame|Brave Bird|p1a: Tyranitar\n|-damage|p1a: Tyranitar|63\/100\n|-damage|p2a: Talonflame|89\/100|[from] Recoil\n|move|p1a: Tyranitar|Dragon Dance|p1a: Tyranitar\n|-boost|p1a: Tyranitar|atk|1\n|-boost|p1a: Tyranitar|spe|1\n|move|p1b: Amoonguss|Pollen Puff|p1a: Tyranitar\n|-heal|p1a: Tyranitar|100\/100\n|\n|-weather|Sandstorm|[upkeep]\n|-damage|p1a: Tyranitar|95\/100|[from] Sandstorm\n|-damage|p1b: Amoonguss|95\/100|[from] Sandstorm\n|-heal|p1b: Amoonguss|100\/100|[from] item: Leftovers\n|upkeep\n|turn|3\n|inactive|zamazentalife has 30 seconds left.\n|\n|t:|1682441452\n|move|p2b: Glimmora|Spiky Shield|p2b: Glimmora\n|-singleturn|p2b: Glimmora|move: Protect\n|move|p1b: Amoonguss|Rage Powder|p1b: Amoonguss\n|-singleturn|p1b: Amoonguss|move: Rage Powder\n|move|p1a: Tyranitar|Rock Slide|p2b: Glimmora|[spread] p2a\n|-activate|p2b: Glimmora|move: Protect\n|-supereffective|p2a: Talonflame\n|-damage|p2a: Talonflame|0 fnt\n|faint|p2a: Talonflame\n|\n|-weather|Sandstorm|[upkeep]\n|-damage|p1a: Tyranitar|89\/100|[from] Sandstorm\n|-damage|p1b: Amoonguss|95\/100|[from] Sandstorm\n|-heal|p1b: Amoonguss|100\/100|[from] item: Leftovers\n|upkeep\n|\n|t:|1682441464\n|switch|p2a: Chi-Yu|Chi-Yu, L50|100\/100\n|-ability|p2a: Chi-Yu|Beads of Ruin\n|turn|4\n|\n|t:|1682441472\n|move|p1b: Amoonguss|Rage Powder|p1b: Amoonguss\n|-singleturn|p1b: Amoonguss|move: Rage Powder\n|move|p1a: Tyranitar|Rock Slide|p2b: Glimmora|[spread] p2b\n|-miss|p1a: Tyranitar|p2a: Chi-Yu\n|-damage|p2b: Glimmora|25\/100\n|-activate|p2b: Glimmora|ability: Toxic Debris\n|-sidestart|p1: pupulovessixsheep|move: Toxic Spikes\n|move|p2a: Chi-Yu|Heat Wave|p1b: Amoonguss|[spread] p1a,p1b\n|-resisted|p1a: Tyranitar\n|-supereffective|p1b: Amoonguss\n|-damage|p1a: Tyranitar|66\/100\n|-damage|p1b: Amoonguss|5\/100\n|move|p2b: Glimmora|Power Gem|p1b: Amoonguss\n|-damage|p1b: Amoonguss|0 fnt\n|faint|p1b: Amoonguss\n|\n|-weather|Sandstorm|[upkeep]\n|-damage|p1a: Tyranitar|60\/100|[from] Sandstorm\n|-damage|p2a: Chi-Yu|94\/100|[from] Sandstorm\n|upkeep\n|\n|t:|1682441491\n|switch|p1b: Chi-Yu|Chi-Yu, L50|100\/100\n|-status|p1b: Chi-Yu|psn\n|-ability|p1b: Chi-Yu|Beads of Ruin\n|turn|5\n|\n|t:|1682441501\n|move|p1b: Chi-Yu|Heat Wave|p2a: Chi-Yu|[spread] p2a,p2b\n|-resisted|p2a: Chi-Yu\n|-resisted|p2b: Glimmora\n|-crit|p2b: Glimmora\n|-damage|p2a: Chi-Yu|78\/100\n|-damage|p2b: Glimmora|0 fnt\n|faint|p2b: Glimmora\n|move|p1a: Tyranitar|Rock Slide|p2a: Chi-Yu\n|-supereffective|p2a: Chi-Yu\n|-damage|p2a: Chi-Yu|0 fnt\n|faint|p2a: Chi-Yu\n|\n|-weather|none\n|-damage|p1b: Chi-Yu|88\/100 psn|[from] psn\n|upkeep\n|\n|t:|1682441505\n|switch|p2b: Flutter Mane|Flutter Mane, L50, tera:Fairy|94\/100\n|turn|6\n|-message|zamazentalife forfeited.\n|\n|win|pupulovessixsheep\n|raw|pupulovessixsheep's rating: 1317 → 1342<\/strong> (+25 for winning)\n|raw|zamazentalife's rating: 1411 → 1386<\/strong> (-25 for losing)\n|l|\u2606zamazentalife\n","uploadtime":1682441535,"views":3,"p1id":"pupulovessixsheep","p2id":"zamazentalife","formatid":"gen9vgc2023regulationc","rating":1342,"private":0,"password":""}