{"id":"gen9vgc2023regulationc-1864097944","p1":"DjWhiteNAwkward","p2":"revocolombia","format":"[Gen 9] VGC 2023 Regulation C","log":"|j|\u2606DjWhiteNAwkward\n|j|\u2606revocolombia\n|t:|1684117048\n|gametype|doubles\n|player|p1|DjWhiteNAwkward|alder|1415\n|player|p2|revocolombia|pokemonranger-gen4|1486\n|teamsize|p1|6\n|teamsize|p2|6\n|gen|9\n|tier|[Gen 9] VGC 2023 Regulation C\n|rated|\n|rule|Species Clause: Limit one of each Pok\u00e9mon\n|rule|Item Clause: Limit one of each item\n|clearpoke\n|poke|p1|Iron Moth, L50|\n|poke|p1|Palafin, L50, F|\n|poke|p1|Chien-Pao, L50|\n|poke|p1|Mimikyu, L50, F|\n|poke|p1|Zoroark, L50, F|\n|poke|p1|Garganacl, L50, M|\n|poke|p2|Flutter Mane, L50|\n|poke|p2|Annihilape, L50, F|\n|poke|p2|Dragonite, L50, M|\n|poke|p2|Chien-Pao, L50|\n|poke|p2|Murkrow, L50, F|\n|poke|p2|Gholdengo, L50|\n|teampreview|4\n|\n|t:|1684117060\n|start\n|switch|p1a: Iron Moth|Iron Moth, L50|100\/100\n|switch|p1b: Chien-Pao|Chien-Pao, L50|100\/100\n|switch|p2a: Annihilape|Annihilape, L50, F|100\/100\n|switch|p2b: Murkrow|Murkrow, L50, F|100\/100\n|-ability|p1b: Chien-Pao|Sword of Ruin\n|-enditem|p1a: Iron Moth|Booster Energy\n|-activate|p1a: Iron Moth|ability: Quark Drive|[fromitem]\n|-start|p1a: Iron Moth|quarkdrivespa\n|turn|1\n|\n|t:|1684117085\n|-terastallize|p2a: Annihilape|Fire\n|move|p1b: Chien-Pao|Protect|p1b: Chien-Pao\n|-singleturn|p1b: Chien-Pao|Protect\n|move|p2b: Murkrow|Tailwind|p2b: Murkrow\n|-sidestart|p2: revocolombia|move: Tailwind\n|move|p2a: Annihilape|Bulk Up|p2a: Annihilape\n|-boost|p2a: Annihilape|atk|1\n|-boost|p2a: Annihilape|def|1\n|move|p1a: Iron Moth|Heat Wave|p2b: Murkrow|[spread] p2a,p2b\n|-resisted|p2a: Annihilape\n|-crit|p2a: Annihilape\n|-damage|p2a: Annihilape|66\/100\n|-damage|p2b: Murkrow|47\/100\n|\n|-heal|p2a: Annihilape|73\/100|[from] item: Leftovers\n|upkeep\n|turn|2\n|\n|t:|1684117101\n|move|p1b: Chien-Pao|Sucker Punch|p2a: Annihilape\n|-damage|p2a: Annihilape|44\/100\n|move|p2a: Annihilape|Rage Fist|p1a: Iron Moth\n|-damage|p1a: Iron Moth|0 fnt\n|faint|p1a: Iron Moth\n|-end|p1a: Iron Moth|Quark Drive|[silent]\n|move|p2b: Murkrow|Foul Play|p1b: Chien-Pao\n|-resisted|p1b: Chien-Pao\n|-damage|p1b: Chien-Pao|70\/100\n|\n|-heal|p2a: Annihilape|50\/100|[from] item: Leftovers\n|upkeep\n|\n|t:|1684117111\n|switch|p1a: Garganacl|Garganacl, L50, M|100\/100\n|turn|3\n|\n|t:|1684117130\n|-terastallize|p1a: Garganacl|Flying\n|move|p1b: Chien-Pao|Protect|p1b: Chien-Pao\n|-singleturn|p1b: Chien-Pao|Protect\n|move|p2b: Murkrow|Taunt|p1a: Garganacl\n|-start|p1a: Garganacl|move: Taunt\n|move|p2a: Annihilape|Rage Fist|p1b: Chien-Pao\n|-activate|p1b: Chien-Pao|move: Protect\n|move|p1a: Garganacl|Salt Cure|p2a: Annihilape\n|-supereffective|p2a: Annihilape\n|-damage|p2a: Annihilape|26\/100\n|-start|p2a: Annihilape|Salt Cure\n|\n|-heal|p2a: Annihilape|32\/100|[from] item: Leftovers\n|-damage|p2a: Annihilape|20\/100|[from] Salt Cure\n|upkeep\n|turn|4\n|\n|t:|1684117160\n|switch|p2a: Dragonite|Dragonite, L50, M|100\/100\n|move|p1b: Chien-Pao|Sucker Punch||[still]\n|-fail|p1b: Chien-Pao\n|move|p2b: Murkrow|Foul Play|p1b: Chien-Pao\n|-resisted|p1b: Chien-Pao\n|-damage|p1b: Chien-Pao|40\/100\n|move|p1a: Garganacl|Salt Cure|p2b: Murkrow\n|-supereffective|p2b: Murkrow\n|-damage|p2b: Murkrow|6\/100\n|-start|p2b: Murkrow|Salt Cure\n|\n|-damage|p2b: Murkrow|0 fnt|[from] Salt Cure\n|faint|p2b: Murkrow\n|-sideend|p2: revocolombia|move: Tailwind\n|upkeep\n|\n|t:|1684117172\n|switch|p2b: Annihilape|Annihilape, L50, F, tera:Fire|20\/100\n|turn|5\n|\n|t:|1684117180\n|move|p1b: Chien-Pao|Protect|p1b: Chien-Pao\n|-singleturn|p1b: Chien-Pao|Protect\n|move|p2a: Dragonite|Extreme Speed|p1b: Chien-Pao\n|-activate|p1b: Chien-Pao|move: Protect\n|move|p2b: Annihilape|Rage Fist|p1a: Garganacl\n|-damage|p1a: Garganacl|54\/100\n|move|p1a: Garganacl|Salt Cure|p2b: Annihilape\n|-supereffective|p2b: Annihilape\n|-damage|p2b: Annihilape|0 fnt\n|faint|p2b: Annihilape\n|\n|-heal|p1a: Garganacl|60\/100|[from] item: Leftovers\n|-end|p1a: Garganacl|move: Taunt\n|upkeep\n|\n|t:|1684117194\n|switch|p2b: Gholdengo|Gholdengo, L50|100\/100\n|turn|6\n|\n|t:|1684117208\n|switch|p1b: Mimikyu|Mimikyu, L50, F|100\/100\n|move|p2a: Dragonite|Extreme Speed|p1b: Mimikyu\n|-immune|p1b: Mimikyu\n|move|p2b: Gholdengo|Thunderbolt|p1a: Garganacl\n|-supereffective|p1a: Garganacl\n|-damage|p1a: Garganacl|0 fnt\n|faint|p1a: Garganacl\n|-damage|p2b: Gholdengo|91\/100|[from] item: Life Orb\n|\n|upkeep\n|\n|t:|1684117216\n|switch|p1a: Chien-Pao|Chien-Pao, L50|40\/100\n|-ability|p1a: Chien-Pao|Sword of Ruin\n|turn|7\n|\n|t:|1684117236\n|move|p1a: Chien-Pao|Protect|p1a: Chien-Pao\n|-singleturn|p1a: Chien-Pao|Protect\n|move|p2a: Dragonite|Extreme Speed|p1a: Chien-Pao\n|-activate|p1a: Chien-Pao|move: Protect\n|move|p1b: Mimikyu|Shadow Sneak|p2b: Gholdengo\n|-supereffective|p2b: Gholdengo\n|-damage|p2b: Gholdengo|35\/100\n|move|p2b: Gholdengo|Shadow Ball|p1b: Mimikyu\n|-activate|p1b: Mimikyu|ability: Disguise\n|-damage|p1b: Mimikyu|100\/100\n|detailschange|p1b: Mimikyu|Mimikyu-Busted, L50, F\n|-damage|p1b: Mimikyu|88\/100|[from] pokemon: Mimikyu-Busted\n|-damage|p2b: Gholdengo|25\/100|[from] item: Life Orb\n|\n|upkeep\n|turn|8\n|\n|t:|1684117254\n|move|p2b: Gholdengo|Protect|p2b: Gholdengo\n|-singleturn|p2b: Gholdengo|Protect\n|move|p2a: Dragonite|Extreme Speed|p1a: Chien-Pao\n|-damage|p1a: Chien-Pao|0 fnt\n|faint|p1a: Chien-Pao\n|move|p1b: Mimikyu|Shadow Sneak|p2b: Gholdengo\n|-activate|p2b: Gholdengo|move: Protect\n|\n|upkeep\n|turn|9\n|\n|t:|1684117270\n|move|p1b: Mimikyu|Shadow Sneak|p2b: Gholdengo\n|-supereffective|p2b: Gholdengo\n|-damage|p2b: Gholdengo|0 fnt\n|faint|p2b: Gholdengo\n|move|p2a: Dragonite|Thunder Punch|p1b: Mimikyu\n|-damage|p1b: Mimikyu|50\/100\n|\n|upkeep\n|turn|10\n|\n|t:|1684117282\n|move|p2a: Dragonite|Dragon Dance|p2a: Dragonite\n|-boost|p2a: Dragonite|atk|1\n|-boost|p2a: Dragonite|spe|1\n|move|p1b: Mimikyu|Play Rough|p2a: Dragonite\n|-supereffective|p2a: Dragonite\n|-damage|p2a: Dragonite|57\/100\n|\n|upkeep\n|turn|11\n|\n|t:|1684117317\n|move|p2a: Dragonite|Thunder Punch|p1b: Mimikyu\n|-damage|p1b: Mimikyu|0 fnt\n|faint|p1b: Mimikyu\n|\n|win|revocolombia\n|raw|DjWhiteNAwkward's rating: 1415 → 1399<\/strong> (-16 for losing)\n|raw|revocolombia's rating: 1486 → 1502<\/strong> (+16 for winning)\n|l|\u2606DjWhiteNAwkward\n","uploadtime":1684117353,"views":11,"p1id":"djwhitenawkward","p2id":"revocolombia","formatid":"gen9vgc2023regulationc","rating":1399,"private":0,"password":""}