{"id":"gen9vgc2023regulationc-1859778656","p1":"DanielAcorn","p2":"LXF pokemon","format":"[Gen 9] VGC 2023 Regulation C","log":"|j|\u2606DanielAcorn\n|j|\u2606LXF pokemon\n|t:|1683563817\n|gametype|doubles\n|player|p1|DanielAcorn|102|1707\n|player|p2|LXF pokemon|hilbert|1742\n|teamsize|p1|6\n|teamsize|p2|6\n|gen|9\n|tier|[Gen 9] VGC 2023 Regulation C\n|rated|\n|rule|Species Clause: Limit one of each Pok\u00e9mon\n|rule|Item Clause: Limit one of each item\n|clearpoke\n|poke|p1|Amoonguss, L50, M|\n|poke|p1|Chi-Yu, L50|\n|poke|p1|Kingambit, L50, F|\n|poke|p1|Iron Bundle, L50|\n|poke|p1|Chien-Pao, L50|\n|poke|p1|Flutter Mane, L50|\n|poke|p2|Flutter Mane, L50|\n|poke|p2|Arcanine, L50, M|\n|poke|p2|Great Tusk, L50|\n|poke|p2|Chien-Pao, L50|\n|poke|p2|Talonflame, L50, M|\n|poke|p2|Dragonite, L50, F|\n|teampreview|4\n|inactive|Battle timer is ON: inactive players will automatically lose when time's up. (requested by LXF pokemon)\n|\n|t:|1683563843\n|start\n|switch|p1a: Amoonguss|Amoonguss, L50, M|100\/100\n|switch|p1b: Iron Bundle|Iron Bundle, L50|100\/100\n|switch|p2a: Talonflame|Talonflame, L50, M|100\/100\n|switch|p2b: Flutter Mane|Flutter Mane, L50|100\/100\n|-enditem|p1b: Iron Bundle|Booster Energy\n|-activate|p1b: Iron Bundle|ability: Quark Drive|[fromitem]\n|-start|p1b: Iron Bundle|quarkdrivespe\n|-enditem|p2b: Flutter Mane|Booster Energy\n|-activate|p2b: Flutter Mane|ability: Protosynthesis|[fromitem]\n|-start|p2b: Flutter Mane|protosynthesisspa\n|turn|1\n|\n|t:|1683563860\n|-terastallize|p1a: Amoonguss|Water\n|move|p2a: Talonflame|Brave Bird|p1a: Amoonguss\n|-damage|p1a: Amoonguss|69\/100\n|-damage|p2a: Talonflame|84\/100|[from] item: Rocky Helmet|[of] p1a: Amoonguss\n|-status|p2a: Talonflame|psn|[from] ability: Effect Spore|[of] p1a: Amoonguss\n|-damage|p2a: Talonflame|69\/100 psn|[from] Recoil\n|move|p1b: Iron Bundle|Hydro Pump|p2a: Talonflame\n|-supereffective|p2a: Talonflame\n|-damage|p2a: Talonflame|0 fnt\n|faint|p2a: Talonflame\n|move|p2b: Flutter Mane|Shadow Ball|p1a: Amoonguss\n|-damage|p1a: Amoonguss|20\/100\n|move|p1a: Amoonguss|Spore|p2b: Flutter Mane\n|-status|p2b: Flutter Mane|slp|[from] move: Spore\n|\n|upkeep\n|j| Alola Magikarp\n|j| Mangiapapaveri\n|\n|t:|1683563880\n|switch|p2a: Chien-Pao|Chien-Pao, L50|100\/100\n|-ability|p2a: Chien-Pao|Sword of Ruin\n|turn|2\n|\n|t:|1683563895\n|move|p2a: Chien-Pao|Protect|p2a: Chien-Pao\n|-singleturn|p2a: Chien-Pao|Protect\n|move|p1b: Iron Bundle|Freeze-Dry|p2b: Flutter Mane\n|-damage|p2b: Flutter Mane|66\/100 slp\n|cant|p2b: Flutter Mane|slp\n|move|p1a: Amoonguss|Spore|p2a: Chien-Pao\n|-activate|p2a: Chien-Pao|move: Protect\n|\n|upkeep\n|turn|3\n|inactive|DanielAcorn has 30 seconds left.\n|\n|t:|1683563923\n|-terastallize|p2b: Flutter Mane|Fairy\n|move|p1b: Iron Bundle|Icy Wind|p2b: Flutter Mane|[spread] p2a,p2b\n|-resisted|p2a: Chien-Pao\n|-damage|p2a: Chien-Pao|83\/100\n|-damage|p2b: Flutter Mane|44\/100 slp\n|-unboost|p2a: Chien-Pao|spe|1\n|-unboost|p2b: Flutter Mane|spe|1\n|move|p2a: Chien-Pao|Sacred Sword|p1a: Amoonguss\n|-damage|p1a: Amoonguss|0 fnt\n|-damage|p2a: Chien-Pao|66\/100|[from] item: Rocky Helmet|[of] p1a: Amoonguss\n|faint|p1a: Amoonguss\n|-damage|p2a: Chien-Pao|56\/100|[from] item: Life Orb\n|-curestatus|p2b: Flutter Mane|slp|[msg]\n|move|p2b: Flutter Mane|Dazzling Gleam|p1b: Iron Bundle\n|-damage|p1b: Iron Bundle|0 fnt\n|faint|p1b: Iron Bundle\n|-end|p1b: Iron Bundle|Quark Drive|[silent]\n|\n|upkeep\n|\n|t:|1683563939\n|switch|p1b: Flutter Mane|Flutter Mane, L50|100\/100\n|switch|p1a: Chien-Pao|Chien-Pao, L50|100\/100\n|-ability|p1a: Chien-Pao|Sword of Ruin\n|turn|4\n|inactive|LXF pokemon has 30 seconds left.\n|inactive|LXF pokemon has 20 seconds left.\n|inactive|LXF pokemon has 15 seconds left.\n|\n|t:|1683563981\n|move|p2b: Flutter Mane|Protect|p2b: Flutter Mane\n|-singleturn|p2b: Flutter Mane|Protect\n|move|p2a: Chien-Pao|Sucker Punch|p1b: Flutter Mane\n|-damage|p1b: Flutter Mane|0 fnt\n|faint|p1b: Flutter Mane\n|-end|p1b: Flutter Mane|Protosynthesis|[silent]\n|-damage|p2a: Chien-Pao|47\/100|[from] item: Life Orb\n|move|p1a: Chien-Pao|Ice Spinner|p2b: Flutter Mane\n|-activate|p2b: Flutter Mane|move: Protect\n|\n|upkeep\n|turn|5\n|-message|DanielAcorn forfeited.\n|\n|win|LXF pokemon\n|raw|DanielAcorn's rating: 1707 → 1689<\/strong> (-18 for losing)\n|raw|LXF pokemon's rating: 1742 → 1760<\/strong> (+18 for winning)\n|l|\u2606DanielAcorn\n","uploadtime":1683564044,"views":9,"p1id":"danielacorn","p2id":"lxfpokemon","formatid":"gen9vgc2023regulationc","rating":1689,"private":0,"password":""}