{"id":"gen9vgc2023regulationc-1852665560","p1":"Smos aap","p2":"franx93","format":"[Gen 9] VGC 2023 Regulation C","log":"|j|\u2606Smos aap\n|j|\u2606franx93\n|t:|1682593489\n|gametype|doubles\n|player|p1|Smos aap|palmer|1146\n|player|p2|franx93|supernerd|1035\n|teamsize|p1|6\n|teamsize|p2|6\n|gen|9\n|tier|[Gen 9] VGC 2023 Regulation C\n|rated|\n|rule|Species Clause: Limit one of each Pok\u00e9mon\n|rule|Item Clause: Limit one of each item\n|clearpoke\n|poke|p1|Ting-Lu, L50|\n|poke|p1|Brute Bonnet, L50|\n|poke|p1|Gyarados, L50, F|\n|poke|p1|Flutter Mane, L50|\n|poke|p1|Arcanine, L50, M|\n|poke|p1|Palafin, L50, M|\n|poke|p2|Lilligant, L50, F|\n|poke|p2|Torkoal, L50, M|\n|poke|p2|Sylveon, L50, M|\n|poke|p2|Armarouge, L50, M|\n|poke|p2|Indeedee, L50, M|\n|poke|p2|Palafin, L50, M|\n|teampreview|4\n|\n|t:|1682593564\n|start\n|switch|p1a: Ting-Lu|Ting-Lu, L50|100\/100\n|switch|p1b: Brute Bonnet|Brute Bonnet, L50|100\/100\n|switch|p2a: Lilligant|Lilligant, L50, F|100\/100\n|switch|p2b: Torkoal|Torkoal, L50, M|100\/100\n|-ability|p1a: Ting-Lu|Vessel of Ruin\n|-weather|SunnyDay|[from] ability: Drought|[of] p2b: Torkoal\n|-activate|p1b: Brute Bonnet|ability: Protosynthesis\n|-start|p1b: Brute Bonnet|protosynthesisspd\n|turn|1\n|\n|t:|1682593590\n|move|p2a: Lilligant|After You|p2b: Torkoal\n|-activate|p2b: Torkoal|move: After You\n|move|p2b: Torkoal|Eruption|p1a: Ting-Lu|[spread] p1a,p1b\n|-supereffective|p1b: Brute Bonnet\n|-damage|p1a: Ting-Lu|70\/100\n|-damage|p1b: Brute Bonnet|51\/100\n|move|p1b: Brute Bonnet|Spore|p2b: Torkoal\n|-status|p2b: Torkoal|slp|[from] move: Spore\n|move|p1a: Ting-Lu|Stomping Tantrum|p2b: Torkoal\n|-supereffective|p2b: Torkoal\n|-damage|p2b: Torkoal|43\/100 slp\n|\n|-weather|SunnyDay|[upkeep]\n|upkeep\n|turn|2\n|\n|t:|1682593608\n|move|p1b: Brute Bonnet|Protect|p1b: Brute Bonnet\n|-singleturn|p1b: Brute Bonnet|Protect\n|move|p2a: Lilligant|Leech Seed|p1a: Ting-Lu\n|-start|p1a: Ting-Lu|move: Leech Seed\n|move|p1a: Ting-Lu|Stomping Tantrum|p2b: Torkoal\n|-supereffective|p2b: Torkoal\n|-damage|p2b: Torkoal|0 fnt\n|faint|p2b: Torkoal\n|\n|-weather|SunnyDay|[upkeep]\n|-damage|p1a: Ting-Lu|58\/100|[from] Leech Seed|[of] p2a: Lilligant\n|upkeep\n|\n|t:|1682593616\n|switch|p2b: Sylveon|Sylveon, L50, M|100\/100\n|turn|3\n|\n|t:|1682593642\n|-end|p1b: Brute Bonnet|Protosynthesis|[silent]\n|switch|p1b: Arcanine|Arcanine, L50, M|100\/100\n|-ability|p1b: Arcanine|Intimidate|boost\n|-unboost|p2a: Lilligant|atk|1\n|-unboost|p2b: Sylveon|atk|1\n|-terastallize|p2a: Lilligant|Fire\n|move|p2a: Lilligant|Tera Blast|p1b: Arcanine\n|-resisted|p1b: Arcanine\n|-damage|p1b: Arcanine|80\/100\n|move|p2b: Sylveon|Hyper Voice|p1a: Ting-Lu|[spread] p1a,p1b\n|-supereffective|p1a: Ting-Lu\n|-crit|p1a: Ting-Lu\n|-resisted|p1b: Arcanine\n|-damage|p1a: Ting-Lu|4\/100\n|-damage|p1b: Arcanine|61\/100\n|move|p1a: Ting-Lu|Heavy Slam|p2b: Sylveon\n|-supereffective|p2b: Sylveon\n|-damage|p2b: Sylveon|0 fnt\n|faint|p2b: Sylveon\n|\n|-weather|SunnyDay|[upkeep]\n|-damage|p1a: Ting-Lu|0 fnt|[from] Leech Seed|[of] p2a: Lilligant\n|faint|p1a: Ting-Lu\n|upkeep\n|\n|t:|1682593664\n|switch|p2b: Indeedee|Indeedee, L50, M|100\/100\n|switch|p1a: Flutter Mane|Flutter Mane, L50|100\/100\n|-activate|p1a: Flutter Mane|ability: Protosynthesis\n|-start|p1a: Flutter Mane|protosynthesisspa\n|-fieldstart|move: Psychic Terrain|[from] ability: Psychic Surge|[of] p2b: Indeedee\n|turn|4\n|\n|t:|1682593690\n|move|p2a: Lilligant|After You|p2b: Indeedee\n|-activate|p2b: Indeedee|move: After You\n|move|p2b: Indeedee|Psyshock|p1a: Flutter Mane\n|-damage|p1a: Flutter Mane|0 fnt\n|faint|p1a: Flutter Mane\n|-end|p1a: Flutter Mane|Protosynthesis|[silent]\n|move|p1b: Arcanine|Flare Blitz|p2a: Lilligant\n|-resisted|p2a: Lilligant\n|-damage|p2a: Lilligant|44\/100\n|-damage|p1b: Arcanine|44\/100|[from] Recoil\n|\n|-weather|SunnyDay|[upkeep]\n|upkeep\n|\n|t:|1682593702\n|switch|p1a: Brute Bonnet|Brute Bonnet, L50|51\/100\n|-activate|p1a: Brute Bonnet|ability: Protosynthesis\n|-start|p1a: Brute Bonnet|protosynthesisspd\n|turn|5\n|\n|t:|1682593710\n|move|p1a: Brute Bonnet|Sucker Punch||[still]\n|-fail|p1a: Brute Bonnet\n|move|p2a: Lilligant|After You|p2b: Indeedee\n|-activate|p2b: Indeedee|move: After You\n|move|p2b: Indeedee|Psyshock|p1b: Arcanine\n|-damage|p1b: Arcanine|0 fnt\n|faint|p1b: Arcanine\n|\n|-weather|SunnyDay|[upkeep]\n|upkeep\n|turn|6\n|\n|t:|1682593724\n|move|p1a: Brute Bonnet|Sucker Punch||[still]\n|-fail|p1a: Brute Bonnet\n|move|p2a: Lilligant|Tera Blast|p1a: Brute Bonnet\n|-supereffective|p1a: Brute Bonnet\n|-damage|p1a: Brute Bonnet|9\/100\n|-enditem|p1a: Brute Bonnet|Sitrus Berry|[eat]\n|-heal|p1a: Brute Bonnet|34\/100|[from] item: Sitrus Berry\n|move|p2b: Indeedee|Encore|p1a: Brute Bonnet\n|-start|p1a: Brute Bonnet|Encore\n|\n|-weather|SunnyDay|[upkeep]\n|upkeep\n|turn|7\n|\n|t:|1682593735\n|move|p1a: Brute Bonnet|Sucker Punch||[still]\n|-fail|p1a: Brute Bonnet\n|move|p2a: Lilligant|After You|p2b: Indeedee\n|-activate|p2b: Indeedee|move: After You\n|move|p2b: Indeedee|Dazzling Gleam|p1a: Brute Bonnet\n|-supereffective|p1a: Brute Bonnet\n|-damage|p1a: Brute Bonnet|9\/100\n|\n|-weather|SunnyDay|[upkeep]\n|upkeep\n|turn|8\n|\n|t:|1682593743\n|move|p1a: Brute Bonnet|Sucker Punch|p2a: Lilligant\n|-activate|p2a: Lilligant|move: Psychic Terrain\n|move|p2a: Lilligant|Tera Blast|p1a: Brute Bonnet\n|-supereffective|p1a: Brute Bonnet\n|-damage|p1a: Brute Bonnet|0 fnt\n|faint|p1a: Brute Bonnet\n|-end|p1a: Brute Bonnet|Protosynthesis|[silent]\n|\n|win|franx93\n|raw|Smos aap's rating: 1146 → 1113<\/strong> (-33 for losing)\n|raw|franx93's rating: 1035 → 1080<\/strong> (+45 for winning)\n|l|\u2606Smos aap\n","uploadtime":1682593797,"views":17,"p1id":"smosaap","p2id":"franx93","formatid":"gen9vgc2023regulationc","rating":1080,"private":0,"password":""}