{"id":"gen9vgc2023regulationc-1845438421","p1":"vyxl","p2":"Hibikiii1","format":"[Gen 9] VGC 2023 Regulation C","log":"|j|\u2606vyxl\n|j|\u2606Hibikiii1\n|t:|1681733298\n|gametype|doubles\n|player|p1|vyxl|1|1270\n|player|p2|Hibikiii1|265|1322\n|teamsize|p1|6\n|teamsize|p2|6\n|gen|9\n|tier|[Gen 9] VGC 2023 Regulation C\n|rated|\n|rule|Species Clause: Limit one of each Pok\u00e9mon\n|rule|Item Clause: Limit one of each item\n|clearpoke\n|poke|p1|Dragonite, L50, M|\n|poke|p1|Orthworm, L50, F|\n|poke|p1|Ting-Lu, L50|\n|poke|p1|Chien-Pao, L50|\n|poke|p1|Gyarados, L50, F|\n|poke|p1|Flutter Mane, L50|\n|poke|p2|Lilligant, L50, F|\n|poke|p2|Torkoal, L50, M|\n|poke|p2|Murkrow, L50, M|\n|poke|p2|Great Tusk, L50|\n|poke|p2|Flutter Mane, L50|\n|poke|p2|Baxcalibur, L50, M|\n|teampreview|4\n|inactive|Battle timer is ON: inactive players will automatically lose when time's up. (requested by vyxl)\n|inactive|vyxl has 60 seconds left.\n|\n|t:|1681733352\n|start\n|switch|p1a: Ting-Lu|Ting-Lu, L50|100\/100\n|switch|p1b: Dragonite|Dragonite, L50, M|100\/100\n|switch|p2a: Murkrow|Murkrow, L50, M|100\/100\n|switch|p2b: Baxcalibur|Baxcalibur, L50, M|100\/100\n|-ability|p1a: Ting-Lu|Vessel of Ruin\n|turn|1\n|inactive|vyxl has 30 seconds left.\n|inactive|vyxl has 20 seconds left.\n|\n|t:|1681733390\n|switch|p1b: Orthworm|Orthworm, L50, F|100\/100\n|-terastallize|p1a: Ting-Lu|Water\n|move|p2b: Baxcalibur|Swords Dance|p2b: Baxcalibur\n|-boost|p2b: Baxcalibur|atk|2\n|move|p2a: Murkrow|Foul Play|p1b: Orthworm\n|-damage|p1b: Orthworm|80\/100\n|move|p1a: Ting-Lu|Rock Slide|p2b: Baxcalibur|[spread] p2a,p2b\n|-supereffective|p2a: Murkrow\n|-supereffective|p2b: Baxcalibur\n|-crit|p2b: Baxcalibur\n|-damage|p2a: Murkrow|67\/100\n|-damage|p2b: Baxcalibur|56\/100\n|\n|upkeep\n|turn|2\n|inactive|vyxl has 30 seconds left.\n|inactive|Hibikiii1 has 30 seconds left.\n|inactive|Hibikiii1 has 20 seconds left.\n|inactive|Hibikiii1 has 15 seconds left.\n|\n|t:|1681733432\n|move|p2b: Baxcalibur|Icicle Spear|p1a: Ting-Lu\n|-resisted|p1a: Ting-Lu\n|-damage|p1a: Ting-Lu|92\/100\n|-resisted|p1a: Ting-Lu\n|-damage|p1a: Ting-Lu|82\/100\n|-resisted|p1a: Ting-Lu\n|-damage|p1a: Ting-Lu|73\/100\n|-resisted|p1a: Ting-Lu\n|-damage|p1a: Ting-Lu|65\/100\n|-resisted|p1a: Ting-Lu\n|-damage|p1a: Ting-Lu|56\/100\n|-hitcount|p1a: Ting-Lu|5\n|move|p2a: Murkrow|Foul Play|p1a: Ting-Lu\n|-damage|p1a: Ting-Lu|35\/100\n|move|p1a: Ting-Lu|Bulldoze|p2b: Baxcalibur|[spread] p2b\n|-heal|p1b: Orthworm|100\/100|[from] ability: Earth Eater|[of] p1a: Ting-Lu\n|-immune|p2a: Murkrow\n|-damage|p2b: Baxcalibur|36\/100\n|-unboost|p2b: Baxcalibur|spe|1\n|move|p1b: Orthworm|Shed Tail|p1b: Orthworm\n|-start|p1b: Orthworm|Substitute|[from] move: Shed Tail\n|-damage|p1b: Orthworm|50\/100\n|-enditem|p1b: Orthworm|Sitrus Berry|[eat]\n|-heal|p1b: Orthworm|75\/100|[from] item: Sitrus Berry\n|inactive|vyxl has 30 seconds left.\n|\n|t:|1681733462\n|switch|p1b: Dragonite|Dragonite, L50, M|100\/100|[from] Shed Tail\n|\n|upkeep\n|turn|3\n|\n|t:|1681733475\n|switch|p1a: Orthworm|Orthworm, L50, F|75\/100\n|move|p2a: Murkrow|Tailwind|p2a: Murkrow\n|-sidestart|p2: Hibikiii1|move: Tailwind\n|move|p2b: Baxcalibur|Icicle Spear|p1b: Dragonite\n|-supereffective|p1b: Dragonite\n|-end|p1b: Dragonite|Substitute\n|-supereffective|p1b: Dragonite\n|-damage|p1b: Dragonite|33\/100\n|-supereffective|p1b: Dragonite\n|-crit|p1b: Dragonite\n|-damage|p1b: Dragonite|0 fnt\n|faint|p1b: Dragonite\n|-hitcount|p1: Dragonite|3\n|\n|upkeep\n|\n|t:|1681733486\n|switch|p1b: Flutter Mane|Flutter Mane, L50|100\/100\n|turn|4\n|\n|t:|1681733508\n|move|p2a: Murkrow|Haze|p2a: Murkrow\n|-clearallboost\n|move|p2b: Baxcalibur|Icicle Spear|p1b: Flutter Mane\n|-damage|p1b: Flutter Mane|76\/100\n|-damage|p1b: Flutter Mane|52\/100\n|-damage|p1b: Flutter Mane|26\/100\n|-damage|p1b: Flutter Mane|3\/100\n|-damage|p1b: Flutter Mane|0 fnt\n|faint|p1b: Flutter Mane\n|-end|p1b: Flutter Mane|Protosynthesis|[silent]\n|-hitcount|p1: Flutter Mane|5\n|move|p1a: Orthworm|Shed Tail|p1a: Orthworm\n|-start|p1a: Orthworm|Substitute|[from] move: Shed Tail\n|-damage|p1a: Orthworm|25\/100\n|\n|t:|1681733520\n|switch|p1a: Ting-Lu|Ting-Lu, L50, tera:Water|35\/100|[from] Shed Tail\n|-ability|p1a: Ting-Lu|Vessel of Ruin\n|\n|upkeep\n|\n|t:|1681733525\n|switch|p1b: Orthworm|Orthworm, L50, F|25\/100\n|turn|5\n|\n|t:|1681733541\n|move|p2b: Baxcalibur|Glaive Rush|p1b: Orthworm\n|-resisted|p1b: Orthworm\n|-damage|p1b: Orthworm|0 fnt\n|-singlemove|p2b: Baxcalibur|Glaive Rush|[silent]\n|faint|p1b: Orthworm\n|move|p2a: Murkrow|Foul Play|p1a: Ting-Lu\n|-end|p1a: Ting-Lu|Substitute\n|move|p1a: Ting-Lu|Rock Slide|p2a: Murkrow|[spread] p2a,p2b\n|-supereffective|p2a: Murkrow\n|-supereffective|p2b: Baxcalibur\n|-damage|p2a: Murkrow|34\/100\n|-damage|p2b: Baxcalibur|0 fnt\n|faint|p2b: Baxcalibur\n|\n|upkeep\n|\n|t:|1681733552\n|switch|p2b: Lilligant|Lilligant, L50, F|100\/100\n|turn|6\n|\n|t:|1681733558\n|move|p2a: Murkrow|Sunny Day|p2a: Murkrow\n|-weather|SunnyDay\n|move|p2b: Lilligant|Sleep Powder|p1a: Ting-Lu|[miss]\n|-miss|p2b: Lilligant|p1a: Ting-Lu\n|move|p1a: Ting-Lu|Fissure|p2b: Lilligant\n|-enditem|p2b: Lilligant|Focus Sash\n|-damage|p2b: Lilligant|1\/100\n|\n|-weather|SunnyDay|[upkeep]\n|-sideend|p2: Hibikiii1|move: Tailwind\n|upkeep\n|turn|7\n|\n|t:|1681733571\n|move|p2b: Lilligant|Leaf Storm|p1a: Ting-Lu\n|-supereffective|p1a: Ting-Lu\n|-damage|p1a: Ting-Lu|0 fnt\n|-unboost|p2b: Lilligant|spa|2\n|faint|p1a: Ting-Lu\n|\n|win|Hibikiii1\n|raw|vyxl's rating: 1270 → 1249<\/strong> (-21 for losing)\n|raw|Hibikiii1's rating: 1322 → 1339<\/strong> (+17 for winning)\n|l|\u2606Hibikiii1\n","uploadtime":1681733588,"views":10,"p1id":"vyxl","p2id":"hibikiii1","formatid":"gen9vgc2023regulationc","rating":1249,"private":0,"password":""}