{"id":"gen9vgc2023regulationc-1848149998","p1":"dunsparcedingo","p2":"Piploup","format":"[Gen 9] VGC 2023 Regulation C","log":"|j|\u2606dunsparcedingo\n|j|\u2606Piploup\n|t:|1682035571\n|gametype|doubles\n|player|p1|dunsparcedingo|zinnia|1125\n|player|p2|Piploup|1|1100\n|teamsize|p1|6\n|teamsize|p2|6\n|gen|9\n|tier|[Gen 9] VGC 2023 Regulation C\n|rated|\n|rule|Species Clause: Limit one of each Pok\u00e9mon\n|rule|Item Clause: Limit one of each item\n|clearpoke\n|poke|p1|Torkoal, L50, F|\n|poke|p1|Jumpluff, L50, M|\n|poke|p1|Chi-Yu, L50|\n|poke|p1|Flutter Mane, L50|\n|poke|p1|Iron Bundle, L50|\n|poke|p1|Slither Wing, L50|\n|poke|p2|Goodra, L50, M|\n|poke|p2|Wo-Chien, L50|\n|poke|p2|Pelipper, L50, F|\n|poke|p2|Palafin, L50, F|\n|poke|p2|Arcanine, L50, M|\n|poke|p2|Sableye, L50, M|\n|teampreview|4\ndunsparcedingo has agreed to open team sheets.\nPiploup has agreed to open team sheets.\n|inactive|Battle timer is ON: inactive players will automatically lose when time's up. (requested by dunsparcedingo)\n|\n|t:|1682035704\n|start\n|switch|p1a: Flutter Mane|Flutter Mane, L50|100\/100\n|switch|p1b: Chi-Yu|Chi-Yu, L50|100\/100\n|switch|p2a: Goodra|Goodra, L50, M|100\/100\n|switch|p2b: Palafin|Palafin, L50, F|100\/100\n|-ability|p1b: Chi-Yu|Beads of Ruin\n|turn|1\n|inactive|dunsparcedingo has 30 seconds left.\n|inactive|dunsparcedingo has 20 seconds left.\n|inactive|dunsparcedingo has 15 seconds left.\n|inactive|dunsparcedingo has 10 seconds left.\n|\n|t:|1682035752\n|detailschange|p2b: Palafin|Palafin-Hero, L50, F\n|switch|p2b: Pelipper|Pelipper, L50, F|100\/100\n|-weather|RainDance|[from] ability: Drizzle|[of] p2b: Pelipper\n|switch|p1b: Iron Bundle|Iron Bundle, L50|100\/100\n|-terastallize|p2a: Goodra|Steel\n|move|p1a: Flutter Mane|Thunderbolt|p2b: Pelipper\n|-supereffective|p2b: Pelipper\n|-damage|p2b: Pelipper|0 fnt\n|faint|p2b: Pelipper\n|move|p2a: Goodra|Thunder|p1a: Flutter Mane\n|-damage|p1a: Flutter Mane|64\/100\n|\n|-weather|RainDance|[upkeep]\n|upkeep\n|\n|t:|1682035771\n|switch|p2b: Palafin|Palafin-Hero, L50, F|100\/100\n|-activate|p2b: Palafin|ability: Zero to Hero\n|turn|2\n|inactive|dunsparcedingo has 30 seconds left.\n|\n|t:|1682035800\n|-end|p1b: Iron Bundle|Quark Drive|[silent]\n|switch|p1b: Jumpluff|Jumpluff, L50, M|100\/100\n|-terastallize|p1a: Flutter Mane|Water\n|move|p2b: Palafin|Protect|p2b: Palafin\n|-singleturn|p2b: Palafin|Protect\n|move|p1a: Flutter Mane|Thunderbolt|p2b: Palafin\n|-activate|p2b: Palafin|move: Protect\n|move|p2a: Goodra|Thunder|p1b: Jumpluff\n|-damage|p1b: Jumpluff|64\/100\n|\n|-weather|RainDance|[upkeep]\n|upkeep\n|turn|3\n|\n|t:|1682035825\n|switch|p2b: Sableye|Sableye, L50, M|100\/100\n|move|p1a: Flutter Mane|Thunderbolt|p2b: Sableye\n|-damage|p2b: Sableye|50\/100\n|move|p1b: Jumpluff|Sleep Powder|p2a: Goodra\n|-status|p2a: Goodra|slp|[from] move: Sleep Powder\n|cant|p2a: Goodra|slp\n|\n|-weather|RainDance|[upkeep]\n|upkeep\n|turn|4\n|inactive|dunsparcedingo has 30 seconds left.\n|inactive|dunsparcedingo has 20 seconds left.\n|inactive|dunsparcedingo has 15 seconds left.\n|inactive|dunsparcedingo has 10 seconds left.\n|\n|t:|1682035874\n|-end|p1a: Flutter Mane|Protosynthesis|[silent]\n|switch|p1a: Iron Bundle|Iron Bundle, L50|100\/100\n|move|p2b: Sableye|Disable||[still]\n|-fail|p2b: Sableye\n|move|p1b: Jumpluff|Pollen Puff|p1a: Iron Bundle\n|-immune|p1a: Iron Bundle\n|cant|p2a: Goodra|slp\n|\n|-weather|RainDance|[upkeep]\n|upkeep\n|turn|5\n|\n|t:|1682035898\n|move|p2b: Sableye|Taunt|p1b: Jumpluff\n|-start|p1b: Jumpluff|move: Taunt\n|cant|p1b: Jumpluff|move: Taunt|Tailwind\n|move|p1a: Iron Bundle|Freeze-Dry|p2b: Sableye\n|-damage|p2b: Sableye|3\/100\n|-curestatus|p2a: Goodra|slp|[msg]\n|move|p2a: Goodra|Thunder|p1a: Iron Bundle\n|-supereffective|p1a: Iron Bundle\n|-damage|p1a: Iron Bundle|0 fnt\n|faint|p1a: Iron Bundle\n|-end|p1a: Iron Bundle|Quark Drive|[silent]\n|\n|-weather|RainDance|[upkeep]\n|upkeep\n|\n|t:|1682035911\n|switch|p1a: Chi-Yu|Chi-Yu, L50|100\/100\n|-ability|p1a: Chi-Yu|Beads of Ruin\n|turn|6\n|\n|t:|1682035924\n|move|p2b: Sableye|Encore|p1b: Jumpluff\n|-start|p1b: Jumpluff|Encore\n|move|p1b: Jumpluff|Pollen Puff|p2b: Sableye\n|-damage|p2b: Sableye|0 fnt\n|faint|p2b: Sableye\n|move|p1a: Chi-Yu|Overheat|p2a: Goodra\n|-supereffective|p2a: Goodra\n|-damage|p2a: Goodra|57\/100\n|-unboost|p1a: Chi-Yu|spa|2\n|move|p2a: Goodra|Muddy Water|p1b: Jumpluff|[spread] p1a,p1b\n|-supereffective|p1a: Chi-Yu\n|-resisted|p1b: Jumpluff\n|-damage|p1a: Chi-Yu|35\/100\n|-damage|p1b: Jumpluff|42\/100\n|\n|-weather|RainDance|[upkeep]\n|upkeep\n|\n|t:|1682035938\n|switch|p2b: Palafin|Palafin-Hero, L50, F|100\/100\n|turn|7\n|\n|t:|1682035950\n|switch|p1a: Flutter Mane|Flutter Mane, L50, tera:Water|64\/100\n|move|p2b: Palafin|Jet Punch|p1a: Flutter Mane\n|-resisted|p1a: Flutter Mane\n|-damage|p1a: Flutter Mane|0 fnt\n|faint|p1a: Flutter Mane\n|-end|p1a: Flutter Mane|Protosynthesis|[silent]\n|move|p1b: Jumpluff|Pollen Puff|p1: Flutter Mane|[notarget]\n|-fail|p1b: Jumpluff\n|move|p2a: Goodra|Sludge Bomb|p1b: Jumpluff\n|-supereffective|p1b: Jumpluff\n|-damage|p1b: Jumpluff|0 fnt\n|faint|p1b: Jumpluff\n|\n|-weather|RainDance|[upkeep]\n|upkeep\n|\n|t:|1682035963\n|switch|p1b: Chi-Yu|Chi-Yu, L50|35\/100\n|-ability|p1b: Chi-Yu|Beads of Ruin\n|turn|8\n|-message|dunsparcedingo forfeited.\n|\n|win|Piploup\n|raw|dunsparcedingo's rating: 1125 → 1098<\/strong> (-27 for losing)\n|raw|Piploup's rating: 1100 → 1127<\/strong> (+27 for winning)\n|l|\u2606Piploup\n","uploadtime":1682036000,"views":11,"p1id":"dunsparcedingo","p2id":"piploup","formatid":"gen9vgc2023regulationc","rating":1098,"private":0,"password":""}