{"id":"gen9vgc2023regulationc-1845738215","p1":"TwinnPines","p2":"TheFlareVGC","format":"[Gen 9] VGC 2023 Regulation C","log":"|j|\u2606TwinnPines\n|j|\u2606TheFlareVGC\n|t:|1681760004\n|gametype|doubles\n|player|p1|TwinnPines|ninjaboy|\n|player|p2|TheFlareVGC|hilbert-wonderlauncher|\n|teamsize|p1|6\n|teamsize|p2|6\n|gen|9\n|tier|[Gen 9] VGC 2023 Regulation C\n|rule|Species Clause: Limit one of each Pok\u00e9mon\n|rule|Item Clause: Limit one of each item\n|clearpoke\n|poke|p1|Finizen, L50, F|\n|poke|p1|Flittle, L50, F|\n|poke|p1|Smoliv, L50, F|\n|poke|p1|Noibat, L50, F|\n|poke|p1|Tinkatink, L50, F|\n|poke|p1|Larvesta, L50, F|\n|poke|p2|Gastly, L50, M|\n|poke|p2|Mudbray, L50, F|\n|poke|p2|Wattrel, L50, F|\n|poke|p2|Quaxly, L50, M|\n|poke|p2|Litleo, L50, M|\n|poke|p2|Drowzee, L50, F|\n|teampreview|4\n|c|\u2606TheFlareVGC|glhf!\n|\n|t:|1681760405\n|start\n|switch|p1a: Finizen|Finizen, L50, F, shiny|100\/100\n|switch|p1b: Flittle|Flittle, L50, F|100\/100\n|switch|p2a: Wattrel|Wattrel, L50, F|100\/100\n|switch|p2b: Gastly|Gastly, L50, M|100\/100\n|turn|1\n|\n|t:|1681760491\n|-terastallize|p1b: Flittle|Dark\n|move|p2b: Gastly|Protect|p2b: Gastly\n|-singleturn|p2b: Gastly|Protect\n|move|p1a: Finizen|Icy Wind|p2b: Gastly|[spread] \n|-activate|p2b: Gastly|move: Protect\n|-miss|p1a: Finizen|p2a: Wattrel\n|move|p1b: Flittle|Calm Mind|p1b: Flittle\n|-boost|p1b: Flittle|spa|1\n|-boost|p1b: Flittle|spd|1\n|move|p2a: Wattrel|Tailwind|p2a: Wattrel\n|-sidestart|p2: TheFlareVGC|move: Tailwind\n|-start|p2a: Wattrel|Charge|Tailwind|[from] ability: Wind Power\n|\n|-ability|p1b: Flittle|Speed Boost|boost\n|-boost|p1b: Flittle|spe|1\n|upkeep\n|turn|2\n|\n|t:|1681760529\n|switch|p2b: Mudbray|Mudbray, L50, F|100\/100\n|switch|p1a: Larvesta|Larvesta, L50, F|100\/100\n|move|p2a: Wattrel|Discharge|p1b: Flittle|[spread] p1a,p1b\n|-immune|p2b: Mudbray\n|-damage|p1a: Larvesta|21\/100\n|-enditem|p1b: Flittle|Focus Sash\n|-damage|p1b: Flittle|1\/100\n|-status|p1a: Larvesta|par\n|-end|p2a: Wattrel|Charge|[silent]\n|move|p1b: Flittle|Stored Power|p2a: Wattrel\n|-damage|p2a: Wattrel|0 fnt\n|faint|p2a: Wattrel\n|\n|-ability|p1b: Flittle|Speed Boost|boost\n|-boost|p1b: Flittle|spe|1\n|upkeep\n|\n|t:|1681760549\n|switch|p2a: Gastly|Gastly, L50, M|100\/100\n|turn|3\n|\n|t:|1681760566\n|move|p1b: Flittle|Protect|p1b: Flittle\n|-singleturn|p1b: Flittle|Protect\n|move|p2a: Gastly|Shadow Ball|p1b: Flittle\n|-activate|p1b: Flittle|move: Protect\n|move|p2b: Mudbray|Earthquake|p1b: Flittle|[spread] p1a\n|-activate|p1b: Flittle|move: Protect\n|-immune|p2a: Gastly|[from] ability: Levitate\n|-damage|p1a: Larvesta|0 fnt\n|faint|p1a: Larvesta\n|\n|-ability|p1b: Flittle|Speed Boost|boost\n|-boost|p1b: Flittle|spe|1\n|upkeep\n|\n|t:|1681760582\n|switch|p1a: Smoliv|Smoliv, L50, F|100\/100\n|turn|4\n|\n|t:|1681760598\n|move|p2b: Mudbray|Protect|p2b: Mudbray\n|-singleturn|p2b: Mudbray|Protect\n|move|p1b: Flittle|Stored Power|p2b: Mudbray\n|-activate|p2b: Mudbray|move: Protect\n|move|p2a: Gastly|Shadow Ball|p1b: Flittle\n|-resisted|p1b: Flittle\n|-damage|p1b: Flittle|0 fnt\n|faint|p1b: Flittle\n|move|p1a: Smoliv|Leech Seed|p2a: Gastly\n|-start|p2a: Gastly|move: Leech Seed\n|\n|-damage|p2a: Gastly|88\/100|[from] Leech Seed|[of] p1a: Smoliv\n|-sideend|p2: TheFlareVGC|move: Tailwind\n|upkeep\n|\n|t:|1681760601\n|switch|p1b: Finizen|Finizen, L50, F, shiny|100\/100\n|turn|5\n|\n|t:|1681760623\n|-terastallize|p2b: Mudbray|Grass\n|move|p1b: Finizen|Hydro Pump|p2a: Gastly\n|-damage|p2a: Gastly|0 fnt\n|faint|p2a: Gastly\n|move|p2b: Mudbray|Rock Slide|p1a: Smoliv|[spread] p1a,p1b\n|-damage|p1a: Smoliv|69\/100\n|-damage|p1b: Finizen|54\/100\n|cant|p1a: Smoliv|flinch\n|\n|upkeep\n|\n|t:|1681760634\n|switch|p2a: Quaxly|Quaxly, L50, M|100\/100\n|turn|6\n|\n|t:|1681760647\n|move|p1b: Finizen|Hydro Pump|p2a: Quaxly\n|-resisted|p2a: Quaxly\n|-damage|p2a: Quaxly|62\/100\n|move|p2a: Quaxly|Brave Bird|p1a: Smoliv\n|-supereffective|p1a: Smoliv\n|-damage|p1a: Smoliv|0 fnt\n|faint|p1a: Smoliv\n|-ability|p2a: Quaxly|Moxie|boost\n|-boost|p2a: Quaxly|atk|1\n|-damage|p2a: Quaxly|36\/100|[from] Recoil\n|-damage|p2a: Quaxly|27\/100|[from] item: Life Orb\n|move|p2b: Mudbray|High Horsepower|p1b: Finizen\n|-damage|p1b: Finizen|0 fnt\n|faint|p1b: Finizen\n|\n|win|TheFlareVGC\n|c|\u2606TwinnPines|ggs\n|c|\u2606TheFlareVGC|ggs!\n","uploadtime":1681760658,"views":12,"p1id":"twinnpines","p2id":"theflarevgc","formatid":"gen9vgc2023regulationc","rating":0,"private":0,"password":""}