{"id":"gen9vgc2023regulationc-1848059457","p1":"PearDaddy","p2":"Muk masters","format":"[Gen 9] VGC 2023 Regulation C","log":"|j|\u2606PearDaddy\n|j|\u2606Muk masters\n|t:|1682025185\n|gametype|doubles\n|player|p1|PearDaddy|penny|1165\n|player|p2|Muk masters|169|1237\n|teamsize|p1|6\n|teamsize|p2|6\n|gen|9\n|tier|[Gen 9] VGC 2023 Regulation C\n|rated|\n|rule|Species Clause: Limit one of each Pok\u00e9mon\n|rule|Item Clause: Limit one of each item\n|clearpoke\n|poke|p1|Tyranitar, L50, F|\n|poke|p1|Glimmora, L50, F|\n|poke|p1|Garchomp, L50, F|\n|poke|p1|Corviknight, L50, F|\n|poke|p1|Arcanine, L50, F|\n|poke|p1|Sandy Shocks, L50|\n|poke|p2|Baxcalibur, L50, M|\n|poke|p2|Rotom-Frost, L50|\n|poke|p2|Abomasnow, L50, F|\n|poke|p2|Iron Bundle, L50|\n|poke|p2|Chien-Pao, L50|\n|poke|p2|Beartic, L50, F|\n|teampreview|4\n|inactive|Battle timer is ON: inactive players will automatically lose when time's up. (requested by PearDaddy)\n|\n|t:|1682025213\n|start\n|switch|p1a: Squab|Corviknight, L50, F|100\/100\n|switch|p1b: Bubbles|Glimmora, L50, F|100\/100\n|switch|p2a: Baxcalibur|Baxcalibur, L50, M|100\/100\n|switch|p2b: Chien-Pao|Chien-Pao, L50|100\/100\n|-ability|p1a: Squab|Unnerve\n|-ability|p2b: Chien-Pao|Sword of Ruin\n|turn|1\n|\n|t:|1682025233\n|switch|p2b: Abomasnow|Abomasnow, L50, F|100\/100\n|-weather|Snow|[from] ability: Snow Warning|[of] p2b: Abomasnow\n|-terastallize|p2a: Baxcalibur|Water\n|move|p2a: Baxcalibur|Dragon Dance|p2a: Baxcalibur\n|-boost|p2a: Baxcalibur|atk|1\n|-boost|p2a: Baxcalibur|spe|1\n|move|p1b: Bubbles|Mortal Spin|p2b: Abomasnow|[spread] p2a,p2b\n|-supereffective|p2b: Abomasnow\n|-damage|p2a: Baxcalibur|96\/100\n|-damage|p2b: Abomasnow|93\/100\n|-status|p2a: Baxcalibur|psn\n|-status|p2b: Abomasnow|psn\n|move|p1a: Squab|Tailwind|p1a: Squab\n|-sidestart|p1: PearDaddy|move: Tailwind\n|\n|-weather|Snow|[upkeep]\n|-damage|p2a: Baxcalibur|84\/100 psn|[from] psn\n|-damage|p2b: Abomasnow|81\/100 psn|[from] psn\n|upkeep\n|turn|2\n|\n|t:|1682025257\n|switch|p1b: Noms|Tyranitar, L50, F|100\/100\n|-weather|Sandstorm|[from] ability: Sand Stream|[of] p1b: Noms\n|move|p2a: Baxcalibur|Tera Blast|p1b: Noms\n|-supereffective|p1b: Noms\n|-damage|p1b: Noms|0 fnt\n|faint|p1b: Noms\n|move|p1a: Squab|Taunt|p2b: Abomasnow\n|-start|p2b: Abomasnow|move: Taunt\n|move|p2b: Abomasnow|Blizzard|p1a: Squab\n|-damage|p1a: Squab|65\/100\n|\n|-weather|Sandstorm|[upkeep]\n|-damage|p2a: Baxcalibur|78\/100 psn|[from] Sandstorm\n|-damage|p2b: Abomasnow|75\/100 psn|[from] Sandstorm\n|-damage|p2a: Baxcalibur|66\/100 psn|[from] psn\n|-damage|p2b: Abomasnow|63\/100 psn|[from] psn\n|upkeep\n|\n|t:|1682025268\n|switch|p1b: Chomps|Garchomp, L50, F|100\/100\n|turn|3\n|\n|t:|1682025280\n|switch|p2b: Chien-Pao|Chien-Pao, L50|100\/100\n|-ability|p2b: Chien-Pao|Sword of Ruin\n|-terastallize|p1b: Chomps|Fairy\n|move|p2a: Baxcalibur|Ice Shard|p1b: Chomps\n|-damage|p1b: Chomps|48\/100\n|move|p1b: Chomps|Earthquake|p2a: Baxcalibur|[spread] p2a,p2b\n|-immune|p1a: Squab\n|-damage|p2a: Baxcalibur|8\/100 psn\n|-damage|p2b: Chien-Pao|46\/100\n|move|p1a: Squab|Drill Peck|p2b: Chien-Pao\n|-damage|p2b: Chien-Pao|0 fnt\n|faint|p2b: Chien-Pao\n|\n|-weather|Sandstorm|[upkeep]\n|-damage|p2a: Baxcalibur|3\/100 psn|[from] Sandstorm\n|-damage|p2a: Baxcalibur|0 fnt|[from] psn\n|faint|p2a: Baxcalibur\n|upkeep\n|\n|t:|1682025297\n|switch|p2b: Abomasnow|Abomasnow, L50, F|63\/100 psn\n|switch|p2a: Iron Bundle|Iron Bundle, L50|100\/100\n|-weather|Snow|[from] ability: Snow Warning|[of] p2b: Abomasnow\n|-enditem|p2a: Iron Bundle|Booster Energy\n|-activate|p2a: Iron Bundle|ability: Quark Drive|[fromitem]\n|-start|p2a: Iron Bundle|quarkdrivespe\n|turn|4\n|\n|t:|1682025316\n|move|p1b: Chomps|Iron Head|p2a: Iron Bundle\n|-damage|p2a: Iron Bundle|78\/100\n|cant|p2a: Iron Bundle|flinch\n|move|p1a: Squab|Drill Peck|p2b: Abomasnow\n|-supereffective|p2b: Abomasnow\n|-damage|p2b: Abomasnow|0 fnt\n|faint|p2b: Abomasnow\n|\n|-weather|Snow|[upkeep]\n|-sideend|p1: PearDaddy|move: Tailwind\n|upkeep\n|turn|5\n|\n|t:|1682025337\n|move|p2a: Iron Bundle|Hydro Pump|p1a: Squab\n|-damage|p1a: Squab|6\/100\n|move|p1b: Chomps|Iron Head|p2a: Iron Bundle\n|-damage|p2a: Iron Bundle|53\/100\n|move|p1a: Squab|Tailwind|p1a: Squab\n|-sidestart|p1: PearDaddy|move: Tailwind\n|\n|-weather|Snow|[upkeep]\n|upkeep\n|turn|6\n|\n|t:|1682025351\n|move|p1b: Chomps|Earthquake|p2a: Iron Bundle|[spread] p2a\n|-immune|p1a: Squab\n|-damage|p2a: Iron Bundle|19\/100\n|move|p2a: Iron Bundle|Freeze-Dry|p1b: Chomps\n|-damage|p1b: Chomps|8\/100\n|-status|p1b: Chomps|frz\n|move|p1a: Squab|Drill Peck|p2a: Iron Bundle\n|-damage|p2a: Iron Bundle|0 fnt\n|faint|p2a: Iron Bundle\n|-end|p2a: Iron Bundle|Quark Drive|[silent]\n|\n|win|PearDaddy\n|raw|PearDaddy's rating: 1165 → 1195<\/strong> (+30 for winning)\n|raw|Muk masters's rating: 1237 → 1207<\/strong> (-30 for losing)\n|c|\u2606Muk masters|gg\n|c|\u2606PearDaddy|gg\n|l|\u2606Muk masters\n","uploadtime":1682025368,"views":7,"p1id":"peardaddy","p2id":"mukmasters","formatid":"gen9vgc2023regulationc","rating":1195,"private":0,"password":""}