{"id":"gen9vgc2023regulationc-1848243414","p1":"DJVee","p2":"dralfredpennyworth","format":"[Gen 9] VGC 2023 Regulation C","log":"|j|\u2606DJVee\n|j|\u2606dralfredpennyworth\n|t:|1682047159\n|gametype|doubles\n|player|p1|DJVee|dancer|\n|player|p2|dralfredpennyworth|lucas|\n|teamsize|p1|6\n|teamsize|p2|6\n|gen|9\n|tier|[Gen 9] VGC 2023 Regulation C\n|rule|Species Clause: Limit one of each Pok\u00e9mon\n|rule|Item Clause: Limit one of each item\n|clearpoke\n|poke|p1|Dragonite, L50, F|\n|poke|p1|Gholdengo, L50|\n|poke|p1|Tauros-Paldea-Blaze, L50, M|\n|poke|p1|Palafin, L50, F|\n|poke|p1|Garchomp, L50, F|\n|poke|p1|Amoonguss, L50, M|\n|poke|p2|Lumineon, L50, M|\n|poke|p2|Toxtricity-Low-Key, L50, M|\n|poke|p2|Weavile, L50, M|\n|poke|p2|Hariyama, L50, M|\n|poke|p2|Dragapult, L50, F|\n|poke|p2|Camerupt, L50, F|\n|teampreview|4\ndralfredpennyworth has agreed to open team sheets.\nDJVee has agreed to open team sheets.\n|\n|t:|1682047239\n|start\n|switch|p1a: Tauros|Tauros-Paldea-Blaze, L50, M|100\/100\n|switch|p1b: Dragonite|Dragonite, L50, F, shiny|100\/100\n|switch|p2a: Weavile|Weavile, L50, M, shiny|100\/100\n|switch|p2b: Toxtricity|Toxtricity-Low-Key, L50, M, shiny|100\/100\n|-ability|p2a: Weavile|Pressure\n|-ability|p1a: Tauros|Intimidate|boost\n|-unboost|p2a: Weavile|atk|1\n|-unboost|p2b: Toxtricity|atk|1\n|turn|1\n|\n|t:|1682047270\n|-terastallize|p1b: Dragonite|Steel\n|move|p1a: Tauros|Protect|p1a: Tauros\n|-singleturn|p1a: Tauros|Protect\n|move|p2a: Weavile|Ice Spinner|p1b: Dragonite\n|-resisted|p1b: Dragonite\n|-damage|p1b: Dragonite|88\/100\n|move|p1b: Dragonite|Tailwind|p1b: Dragonite\n|-sidestart|p1: DJVee|move: Tailwind\n|move|p2b: Toxtricity|Overdrive|p1b: Dragonite|[spread] p1b\n|-activate|p1a: Tauros|move: Protect\n|-damage|p1b: Dragonite|58\/100\n|-enditem|p2b: Toxtricity|Throat Spray\n|-boost|p2b: Toxtricity|spa|1|[from] item: Throat Spray\n|\n|upkeep\n|turn|2\n|\n|t:|1682047296\n|move|p2a: Weavile|Protect|p2a: Weavile\n|-singleturn|p2a: Weavile|Protect\n|move|p1a: Tauros|Raging Bull|p2b: Toxtricity\n|-damage|p2b: Toxtricity|54\/100\n|move|p1b: Dragonite|Rock Slide|p2b: Toxtricity|[spread] p2b\n|-activate|p2a: Weavile|move: Protect\n|-damage|p2b: Toxtricity|33\/100\n|move|p2b: Toxtricity|Overdrive|p1b: Dragonite|[spread] p1a,p1b\n|-crit|p1b: Dragonite\n|-damage|p1a: Tauros|30\/100\n|-damage|p1b: Dragonite|0 fnt\n|faint|p1b: Dragonite\n|\n|upkeep\n|\n|t:|1682047311\n|switch|p1b: Gholdengo|Gholdengo, L50|100\/100\n|turn|3\n|\n|t:|1682047334\n|switch|p2a: Lumineon|Lumineon, L50, M, shiny|100\/100\n|move|p2b: Toxtricity|Protect|p2b: Toxtricity\n|-singleturn|p2b: Toxtricity|Protect\n|move|p1a: Tauros|Raging Bull|p2a: Lumineon\n|-resisted|p2a: Lumineon\n|-damage|p2a: Lumineon|82\/100\n|move|p1b: Gholdengo|Make It Rain|p2a: Lumineon|[spread] p2a\n|-activate|p2b: Toxtricity|move: Protect\n|-resisted|p2a: Lumineon\n|-damage|p2a: Lumineon|56\/100\n|-unboost|p1b: Gholdengo|spa|1\n|\n|upkeep\n|turn|4\n|-activate|p2a: Lumineon|item: Quick Claw\n|\n|t:|1682047360\n|move|p2a: Lumineon|Tailwind|p2a: Lumineon\n|-sidestart|p2: dralfredpennyworth|move: Tailwind\n|move|p1a: Tauros|Raging Bull|p2b: Toxtricity\n|-damage|p2b: Toxtricity|0 fnt\n|faint|p2b: Toxtricity\n|move|p1b: Gholdengo|Nasty Plot|p1b: Gholdengo\n|-boost|p1b: Gholdengo|spa|2\n|\n|-sideend|p1: DJVee|move: Tailwind\n|upkeep\n|\n|t:|1682047371\n|switch|p2b: Dragapult|Dragapult, L50, F, shiny|100\/100\n|turn|5\n|\n|t:|1682047395\n|move|p2b: Dragapult|Phantom Force||[still]\n|-prepare|p2b: Dragapult|Phantom Force\n|move|p2a: Lumineon|Dazzling Gleam|p1b: Gholdengo|[spread] p1a,p1b\n|-resisted|p1b: Gholdengo\n|-damage|p1a: Tauros|15\/100\n|-damage|p1b: Gholdengo|94\/100\n|move|p1a: Tauros|Close Combat|p2a: Lumineon\n|-damage|p2a: Lumineon|0 fnt\n|-unboost|p1a: Tauros|def|1\n|-unboost|p1a: Tauros|spd|1\n|faint|p2a: Lumineon\n|move|p1b: Gholdengo|Shadow Ball|p2b: Dragapult|[miss]\n|-miss|p1b: Gholdengo|p2b: Dragapult\n|\n|upkeep\n|\n|t:|1682047403\n|switch|p2a: Weavile|Weavile, L50, M, shiny|100\/100\n|-ability|p2a: Weavile|Pressure\n|turn|6\n|\n|t:|1682047422\n|switch|p1b: Amoonguss|Amoonguss, L50, M|100\/100\n|move|p1a: Tauros|Protect|p1a: Tauros\n|-singleturn|p1a: Tauros|Protect\n|move|p2b: Dragapult|Phantom Force|p1b: Amoonguss|[from]lockedmove\n|-damage|p1b: Amoonguss|58\/100\n|-damage|p2b: Dragapult|84\/100|[from] item: Rocky Helmet|[of] p1b: Amoonguss\n|move|p2a: Weavile|Brick Break|p1a: Tauros\n|-activate|p1a: Tauros|move: Protect\n|\n|upkeep\n|turn|7\n|\n|t:|1682047443\n|move|p2b: Dragapult|Dragon Darts|p1a: Tauros\n|-damage|p1a: Tauros|0 fnt\n|-anim|p2b: Dragapult|Dragon Darts|p1b: Amoonguss\n|-damage|p1b: Amoonguss|34\/100\n|faint|p1a: Tauros\n|move|p2a: Weavile|Assurance|p1b: Amoonguss\n|-damage|p1b: Amoonguss|0 fnt\n|-damage|p2a: Weavile|84\/100|[from] item: Rocky Helmet|[of] p1b: Amoonguss\n|faint|p1b: Amoonguss\n|\n|-sideend|p2: dralfredpennyworth|move: Tailwind\n|upkeep\n|\n|t:|1682047456\n|switch|p1b: Gholdengo|Gholdengo, L50|94\/100\n|turn|8\n|\n|t:|1682047464\n|move|p2a: Weavile|Protect|p2a: Weavile\n|-singleturn|p2a: Weavile|Protect\n|move|p2b: Dragapult|Phantom Force||[still]\n|-prepare|p2b: Dragapult|Phantom Force\n|move|p1b: Gholdengo|Make It Rain|p2a: Weavile|[spread] \n|-miss|p1b: Gholdengo|p2b: Dragapult\n|-activate|p2a: Weavile|move: Protect\n|\n|upkeep\n|turn|9\n|\n|t:|1682047476\n|move|p2a: Weavile|Assurance|p1b: Gholdengo\n|-supereffective|p1b: Gholdengo\n|-damage|p1b: Gholdengo|31\/100\n|-enditem|p1b: Gholdengo|Sitrus Berry|[eat]\n|-heal|p1b: Gholdengo|56\/100|[from] item: Sitrus Berry\n|move|p2b: Dragapult|Phantom Force|p1b: Gholdengo|[from]lockedmove\n|-supereffective|p1b: Gholdengo\n|-damage|p1b: Gholdengo|0 fnt\n|faint|p1b: Gholdengo\n|\n|win|dralfredpennyworth\n|l|\u2606DJVee\n","uploadtime":1682047519,"views":9,"p1id":"djvee","p2id":"dralfredpennyworth","formatid":"gen9vgc2023regulationc","rating":0,"private":0,"password":""}