{"id":"gen9vgc2023regulationc-1849233065","p1":"454563456e","p2":"Very Maccheroni","format":"[Gen 9] VGC 2023 Regulation C","log":"|j|\u2606454563456e\n|j|\u2606Very Maccheroni\n|t:|1682175833\n|gametype|doubles\n|player|p1|454563456e|102|1383\n|player|p2|Very Maccheroni|lance|1384\n|teamsize|p1|6\n|teamsize|p2|6\n|gen|9\n|tier|[Gen 9] VGC 2023 Regulation C\n|rated|\n|rule|Species Clause: Limit one of each Pok\u00e9mon\n|rule|Item Clause: Limit one of each item\n|clearpoke\n|poke|p1|Toxapex, L50, F|\n|poke|p1|Wo-Chien, L50|\n|poke|p1|Arcanine, L50, F|\n|poke|p1|Glimmora, L50, M|\n|poke|p1|Ting-Lu, L50|\n|poke|p1|Roaring Moon, L50|\n|poke|p2|Murkrow, L50, M|\n|poke|p2|Chi-Yu, L50|\n|poke|p2|Flutter Mane, L50|\n|poke|p2|Great Tusk, L50|\n|poke|p2|Brute Bonnet, L50|\n|poke|p2|Corviknight, L50, F|\n|teampreview|4\n|inactive|Battle timer is ON: inactive players will automatically lose when time's up. (requested by 454563456e)\n|\n|t:|1682175873\n|start\n|switch|p1a: Glimmora|Glimmora, L50, M|100\/100\n|switch|p1b: Arcanine|Arcanine, L50, F|100\/100\n|switch|p2a: Murkrow|Murkrow, L50, M, shiny|100\/100\n|switch|p2b: Corviknight|Corviknight, L50, F, shiny|100\/100\n|-ability|p1b: Arcanine|Intimidate|boost\n|-unboost|p2a: Murkrow|atk|1\n|-ability|p2b: Corviknight|Mirror Armor\n|-unboost|p1b: Arcanine|atk|1\n|turn|1\n|\n|t:|1682175898\n|-terastallize|p2b: Corviknight|Fire\n|move|p2a: Murkrow|Tailwind|p2a: Murkrow\n|-sidestart|p2: Very Maccheroni|move: Tailwind\n|move|p2b: Corviknight|Iron Head|p1a: Glimmora\n|-supereffective|p1a: Glimmora\n|-enditem|p1a: Glimmora|Focus Sash\n|-damage|p1a: Glimmora|1\/100\n|-activate|p1a: Glimmora|ability: Toxic Debris\n|-sidestart|p2: Very Maccheroni|move: Toxic Spikes\n|move|p1a: Glimmora|Power Gem|p2a: Murkrow\n|-supereffective|p2a: Murkrow\n|-damage|p2a: Murkrow|0 fnt\n|faint|p2a: Murkrow\n|move|p1b: Arcanine|Will-O-Wisp|p2b: Corviknight|[miss]\n|-miss|p1b: Arcanine|p2b: Corviknight\n|\n|upkeep\n|j| IsaidIsayRightFoot\n|l| IsaidIsayRightFoot\n|\n|t:|1682175918\n|switch|p2a: Great Tusk|Great Tusk, L50|100\/100\n|-status|p2a: Great Tusk|psn\n|turn|2\n|\n|t:|1682175934\n|move|p2a: Great Tusk|Rock Slide|p1a: Glimmora|[spread] p1a\n|-miss|p2a: Great Tusk|p1b: Arcanine\n|-damage|p1a: Glimmora|0 fnt\n|-activate|p1a: Glimmora|ability: Toxic Debris\n|-sidestart|p2: Very Maccheroni|move: Toxic Spikes\n|faint|p1a: Glimmora\n|move|p2b: Corviknight|Iron Head|p1b: Arcanine\n|-resisted|p1b: Arcanine\n|-damage|p1b: Arcanine|75\/100\n|move|p1b: Arcanine|Flare Blitz|p2a: Great Tusk\n|-damage|p2a: Great Tusk|74\/100 psn\n|-damage|p1b: Arcanine|66\/100|[from] Recoil\n|\n|-damage|p2a: Great Tusk|62\/100 psn|[from] psn\n|upkeep\n|\n|t:|1682175949\n|switch|p1a: Ting-Lu|Ting-Lu, L50|100\/100\n|-ability|p1a: Ting-Lu|Vessel of Ruin\n|turn|3\n|\n|t:|1682175962\n|move|p2a: Great Tusk|Rock Slide|p1a: Ting-Lu|[spread] p1a,p1b\n|-resisted|p1a: Ting-Lu\n|-supereffective|p1b: Arcanine\n|-damage|p1a: Ting-Lu|94\/100\n|-damage|p1b: Arcanine|25\/100\n|move|p2b: Corviknight|Iron Head|p1a: Ting-Lu\n|-damage|p1a: Ting-Lu|62\/100\n|cant|p1b: Arcanine|flinch\n|cant|p1a: Ting-Lu|flinch\n|\n|-damage|p2a: Great Tusk|50\/100 psn|[from] psn\n|upkeep\n|turn|4\n|\n|t:|1682175976\n|move|p2a: Great Tusk|Rock Slide|p1b: Arcanine|[spread] p1a,p1b\n|-resisted|p1a: Ting-Lu\n|-supereffective|p1b: Arcanine\n|-damage|p1a: Ting-Lu|55\/100\n|-damage|p1b: Arcanine|0 fnt\n|faint|p1b: Arcanine\n|move|p2b: Corviknight|Iron Head|p1a: Ting-Lu\n|-damage|p1a: Ting-Lu|24\/100\n|move|p1a: Ting-Lu|Earthquake|p2b: Corviknight|[spread] p2a,p2b\n|-supereffective|p2b: Corviknight\n|-damage|p2a: Great Tusk|23\/100 psn\n|-damage|p2b: Corviknight|39\/100\n|\n|-damage|p2a: Great Tusk|11\/100 psn|[from] psn\n|-sideend|p2: Very Maccheroni|move: Tailwind\n|upkeep\n|\n|t:|1682175988\n|switch|p1b: Roaring Moon|Roaring Moon, L50|100\/100\n|-enditem|p1b: Roaring Moon|Booster Energy\n|-activate|p1b: Roaring Moon|ability: Protosynthesis|[fromitem]\n|-start|p1b: Roaring Moon|protosynthesisatk\n|turn|5\n|inactive|454563456e has 30 seconds left.\n|\n|t:|1682176016\n|move|p2a: Great Tusk|Rock Slide|p1b: Roaring Moon|[spread] p1a,p1b\n|-resisted|p1a: Ting-Lu\n|-damage|p1a: Ting-Lu|17\/100\n|-damage|p1b: Roaring Moon|72\/100\n|cant|p1b: Roaring Moon|flinch\n|move|p2b: Corviknight|Iron Head|p1b: Roaring Moon\n|-damage|p1b: Roaring Moon|0 fnt\n|faint|p1b: Roaring Moon\n|-end|p1b: Roaring Moon|Protosynthesis|[silent]\n|cant|p1a: Ting-Lu|flinch\n|\n|-damage|p2a: Great Tusk|0 fnt|[from] psn\n|faint|p2a: Great Tusk\n|-end|p2a: Great Tusk|Protosynthesis|[silent]\n|upkeep\n|\n|t:|1682176030\n|switch|p2a: Flutter Mane|Flutter Mane, L50|100\/100\n|-status|p2a: Flutter Mane|tox\n|turn|6\n|c|\u2606Very Maccheroni|Imm so good\n|c|\u2606454563456e|\"unfortunate\" doesn't begin to describe my series\n|\n|t:|1682176051\n|move|p2a: Flutter Mane|Moonblast|p1a: Ting-Lu\n|-supereffective|p1a: Ting-Lu\n|-damage|p1a: Ting-Lu|0 fnt\n|faint|p1a: Ting-Lu\n|\n|win|Very Maccheroni\n|raw|454563456e's rating: 1383 → 1363<\/strong> (-20 for losing)\n|raw|Very Maccheroni's rating: 1384 → 1404<\/strong> (+20 for winning)\n|c|\u2606Very Maccheroni|Lmaoo ggs\n|c|\u2606454563456e|gg\n|l|\u2606454563456e\n","uploadtime":1682176065,"views":10,"p1id":"454563456e","p2id":"verymaccheroni","formatid":"gen9vgc2023regulationc","rating":1363,"private":0,"password":""}