{"id":"gen9vgc2023regulationc-1857607163","p1":"Spyncar","p2":"Jirf","format":"[Gen 9] VGC 2023 Regulation C","log":"|j|\u2606Spyncar\n|j|\u2606Jirf\n|t:|1683212494\n|gametype|doubles\n|player|p1|Spyncar|265|1284\n|player|p2|Jirf|2|1381\n|teamsize|p1|6\n|teamsize|p2|6\n|gen|9\n|tier|[Gen 9] VGC 2023 Regulation C\n|rated|\n|rule|Species Clause: Limit one of each Pok\u00e9mon\n|rule|Item Clause: Limit one of each item\n|clearpoke\n|poke|p1|Iron Valiant, L50|\n|poke|p1|Umbreon, L50, F|\n|poke|p1|Scizor, L50, F|\n|poke|p1|Arcanine, L50, F|\n|poke|p1|Amoonguss, L50, F|\n|poke|p1|Flutter Mane, L50|\n|poke|p2|Slaking, L50, M|\n|poke|p2|Sableye, L50, F|\n|poke|p2|Gyarados, L50, M|\n|poke|p2|Ting-Lu, L50|\n|poke|p2|Flutter Mane, L50|\n|poke|p2|Glimmora, L50, M|\n|teampreview|4\nSpyncar has agreed to open team sheets.\n|inactive|Battle timer is ON: inactive players will automatically lose when time's up. (requested by Spyncar)\n|\n|t:|1683212521\n|start\n|switch|p1a: Iron Valiant|Iron Valiant, L50|100\/100\n|switch|p1b: Umbreon|Umbreon, L50, F|100\/100\n|switch|p2a: Glimmora|Glimmora, L50, M|100\/100\n|switch|p2b: Flutter Mane|Flutter Mane, L50|100\/100\n|-enditem|p2b: Flutter Mane|Booster Energy\n|-activate|p2b: Flutter Mane|ability: Protosynthesis|[fromitem]\n|-start|p2b: Flutter Mane|protosynthesisspe\n|-enditem|p1a: Iron Valiant|Booster Energy\n|-activate|p1a: Iron Valiant|ability: Quark Drive|[fromitem]\n|-start|p1a: Iron Valiant|quarkdrivespe\n|turn|1\n|\n|t:|1683212539\n|-terastallize|p2b: Flutter Mane|Fairy\n|-terastallize|p1a: Iron Valiant|Steel\n|move|p2b: Flutter Mane|Dazzling Gleam|p1b: Umbreon|[spread] p1a,p1b\n|-resisted|p1a: Iron Valiant\n|-supereffective|p1b: Umbreon\n|-damage|p1a: Iron Valiant|58\/100\n|-damage|p1b: Umbreon|43\/100\n|move|p1a: Iron Valiant|Psycho Cut|p2a: Glimmora\n|-supereffective|p2a: Glimmora\n|-damage|p2a: Glimmora|40\/100\n|-activate|p2a: Glimmora|ability: Toxic Debris\n|-sidestart|p1: Spyncar|move: Toxic Spikes\n|move|p2a: Glimmora|Mortal Spin|p1b: Umbreon|[spread] p1b\n|-immune|p1a: Iron Valiant\n|-damage|p1b: Umbreon|40\/100\n|-status|p1b: Umbreon|psn\n|move|p1b: Umbreon|Snarl|p2b: Flutter Mane|[spread] p2a,p2b\n|-resisted|p2b: Flutter Mane\n|-damage|p2a: Glimmora|26\/100\n|-damage|p2b: Flutter Mane|95\/100\n|-unboost|p2a: Glimmora|spa|1\n|-unboost|p2b: Flutter Mane|spa|1\n|\n|-heal|p1b: Umbreon|46\/100 psn|[from] item: Leftovers\n|-damage|p1b: Umbreon|34\/100 psn|[from] psn\n|upkeep\n|turn|2\n|\n|t:|1683212560\n|-end|p2b: Flutter Mane|Protosynthesis|[silent]\n|switch|p2b: Gyarados|Gyarados, L50, M|100\/100\n|-ability|p2b: Gyarados|Intimidate|boost\n|-unboost|p1a: Iron Valiant|atk|1\n|-fail|p1b: Umbreon|unboost|Attack|[from] ability: Inner Focus|[of] p1b: Umbreon\n|move|p1a: Iron Valiant|Protect|p1a: Iron Valiant\n|-singleturn|p1a: Iron Valiant|Protect\n|move|p2a: Glimmora|Spiky Shield|p2a: Glimmora\n|-singleturn|p2a: Glimmora|move: Protect\n|move|p1b: Umbreon|Snarl|p2a: Glimmora|[spread] p2b\n|-activate|p2a: Glimmora|move: Protect\n|-crit|p2b: Gyarados\n|-damage|p2b: Gyarados|88\/100\n|-unboost|p2b: Gyarados|spa|1\n|\n|-heal|p1b: Umbreon|40\/100 psn|[from] item: Leftovers\n|-damage|p1b: Umbreon|27\/100 psn|[from] psn\n|upkeep\n|turn|3\n|\n|t:|1683212580\n|move|p1a: Iron Valiant|Moonblast|p2b: Gyarados\n|-damage|p2b: Gyarados|52\/100\n|move|p2a: Glimmora|Power Gem|p1a: Iron Valiant\n|-resisted|p1a: Iron Valiant\n|-damage|p1a: Iron Valiant|28\/100\n|move|p2b: Gyarados|Thunder Wave|p1a: Iron Valiant\n|-status|p1a: Iron Valiant|par\n|move|p1b: Umbreon|Skill Swap|p2a: Glimmora\n|-activate|p1b: Umbreon|move: Skill Swap|Toxic Debris|Inner Focus|[of] p2a: Glimmora\n|\n|-heal|p1b: Umbreon|33\/100 psn|[from] item: Leftovers\n|-damage|p1b: Umbreon|21\/100 psn|[from] psn\n|upkeep\n|turn|4\n|\n|t:|1683212598\n|switch|p2a: Ting-Lu|Ting-Lu, L50|100\/100\n|-ability|p2a: Ting-Lu|Vessel of Ruin\n|move|p1a: Iron Valiant|Psycho Cut|p2a: Ting-Lu\n|-immune|p2a: Ting-Lu\n|move|p2b: Gyarados|Waterfall|p1a: Iron Valiant\n|-damage|p1a: Iron Valiant|0 fnt\n|faint|p1a: Iron Valiant\n|-end|p1a: Iron Valiant|Quark Drive|[silent]\n|move|p1b: Umbreon|Foul Play|p2b: Gyarados\n|-damage|p2b: Gyarados|13\/100\n|-enditem|p2b: Gyarados|Sitrus Berry|[eat]\n|-heal|p2b: Gyarados|38\/100|[from] item: Sitrus Berry\n|\n|-heal|p1b: Umbreon|27\/100 psn|[from] item: Leftovers\n|-damage|p1b: Umbreon|14\/100 psn|[from] psn\n|upkeep\n|\n|t:|1683212610\n|switch|p1a: Amoonguss|Amoonguss, L50, F|100\/100\n|-sideend|p1: Spyncar|move: Toxic Spikes|[of] p1a: Amoonguss\n|turn|5\n|\n|t:|1683212628\n|move|p1a: Amoonguss|Rage Powder|p1a: Amoonguss\n|-singleturn|p1a: Amoonguss|move: Rage Powder\n|move|p2b: Gyarados|Taunt|p1a: Amoonguss\n|-start|p1a: Amoonguss|move: Taunt\n|move|p1b: Umbreon|Foul Play|p2b: Gyarados\n|-damage|p2b: Gyarados|0 fnt\n|faint|p2b: Gyarados\n|move|p2a: Ting-Lu|Stomping Tantrum|p1a: Amoonguss\n|-damage|p1a: Amoonguss|72\/100\n|\n|-heal|p1b: Umbreon|20\/100 psn|[from] item: Leftovers\n|-damage|p1b: Umbreon|8\/100 psn|[from] psn\n|upkeep\n|\n|t:|1683212640\n|switch|p2b: Flutter Mane|Flutter Mane, L50, tera:Fairy|95\/100\n|turn|6\n|\n|t:|1683212649\n|move|p2b: Flutter Mane|Protect|p2b: Flutter Mane\n|-singleturn|p2b: Flutter Mane|Protect\n|move|p1b: Umbreon|Snarl|p2b: Flutter Mane|[spread] p2a\n|-activate|p2b: Flutter Mane|move: Protect\n|-resisted|p2a: Ting-Lu\n|-damage|p2a: Ting-Lu|99\/100\n|-unboost|p2a: Ting-Lu|spa|1\n|move|p2a: Ting-Lu|Fissure|p1a: Amoonguss|[miss]\n|-miss|p2a: Ting-Lu|p1a: Amoonguss\n|move|p1a: Amoonguss|Pollen Puff|p2a: Ting-Lu\n|-supereffective|p2a: Ting-Lu\n|-damage|p2a: Ting-Lu|86\/100\n|\n|-heal|p1b: Umbreon|14\/100 psn|[from] item: Leftovers\n|-damage|p1b: Umbreon|1\/100 psn|[from] psn\n|upkeep\n|turn|7\n|\n|t:|1683212671\n|move|p2b: Flutter Mane|Dazzling Gleam|p1a: Amoonguss|[spread] p1a,p1b\n|-resisted|p1a: Amoonguss\n|-supereffective|p1b: Umbreon\n|-damage|p1a: Amoonguss|59\/100\n|-damage|p1b: Umbreon|0 fnt\n|faint|p1b: Umbreon\n|move|p2a: Ting-Lu|Stomping Tantrum|p1a: Amoonguss\n|-damage|p1a: Amoonguss|7\/100\n|-enditem|p1a: Amoonguss|Aguav Berry|[eat]\n|-heal|p1a: Amoonguss|40\/100|[from] item: Aguav Berry\n|move|p1a: Amoonguss|Pollen Puff|p2a: Ting-Lu\n|-supereffective|p2a: Ting-Lu\n|-damage|p2a: Ting-Lu|74\/100\n|\n|upkeep\n|\n|t:|1683212681\n|switch|p1b: Scizor|Scizor, L50, F|100\/100\n|turn|8\n|\n|t:|1683212700\n|move|p2b: Flutter Mane|Protect|p2b: Flutter Mane\n|-singleturn|p2b: Flutter Mane|Protect\n|move|p1b: Scizor|Pounce|p2a: Ting-Lu\n|-supereffective|p2a: Ting-Lu\n|-damage|p2a: Ting-Lu|24\/100\n|-unboost|p2a: Ting-Lu|spe|1\n|move|p1a: Amoonguss|Pollen Puff|p2a: Ting-Lu\n|-supereffective|p2a: Ting-Lu\n|-damage|p2a: Ting-Lu|11\/100\n|move|p2a: Ting-Lu|Fissure|p1b: Scizor|[miss]\n|-miss|p2a: Ting-Lu|p1b: Scizor\n|\n|-end|p1a: Amoonguss|move: Taunt\n|upkeep\n|turn|9\n|\n|t:|1683212721\n|switch|p2a: Glimmora|Glimmora, L50, M|26\/100\n|move|p2b: Flutter Mane|Shadow Ball|p1b: Scizor\n|-damage|p1b: Scizor|65\/100\n|-unboost|p1b: Scizor|spd|1\n|move|p1b: Scizor|Trailblaze|p2a: Glimmora\n|-damage|p2a: Glimmora|0 fnt\n|-boost|p1b: Scizor|spe|1\n|-activate|p2a: Glimmora|ability: Toxic Debris\n|-sidestart|p1: Spyncar|move: Toxic Spikes\n|faint|p2a: Glimmora\n|move|p1a: Amoonguss|Spore|p2b: Flutter Mane\n|-status|p2b: Flutter Mane|slp|[from] move: Spore\n|\n|upkeep\n|\n|t:|1683212730\n|switch|p2a: Ting-Lu|Ting-Lu, L50|11\/100\n|-ability|p2a: Ting-Lu|Vessel of Ruin\n|turn|10\n|\n|t:|1683212751\n|cant|p2b: Flutter Mane|slp\n|move|p1b: Scizor|Pounce|p2a: Ting-Lu\n|-supereffective|p2a: Ting-Lu\n|-damage|p2a: Ting-Lu|0 fnt\n|faint|p2a: Ting-Lu\n|move|p1a: Amoonguss|Pollen Puff|p1b: Scizor\n|-heal|p1b: Scizor|100\/100\n|\n|upkeep\n|turn|11\n|-message|Jirf forfeited.\n|\n|win|Spyncar\n|raw|Spyncar's rating: 1284 → 1316<\/strong> (+32 for winning)\n|raw|Jirf's rating: 1381 → 1356<\/strong> (-25 for losing)\n|l|\u2606Jirf\n","uploadtime":1683212927,"views":5,"p1id":"spyncar","p2id":"jirf","formatid":"gen9vgc2023regulationc","rating":1316,"private":0,"password":""}