{"id":"gen9vgc2023regulationc-1850672956","p1":"MarckXCore","p2":"Icefanngs","format":"[Gen 9] VGC 2023 Regulation C","log":"|j|\u2606MarckXCore\n|j|\u2606Icefanngs\n|t:|1682357970\n|gametype|doubles\n|player|p1|MarckXCore|red|1075\n|player|p2|Icefanngs|265|1000\n|teamsize|p1|6\n|teamsize|p2|6\n|gen|9\n|tier|[Gen 9] VGC 2023 Regulation C\n|rated|\n|rule|Species Clause: Limit one of each Pok\u00e9mon\n|rule|Item Clause: Limit one of each item\n|clearpoke\n|poke|p1|Arcanine, L50, F|\n|poke|p1|Amoonguss, L50, M|\n|poke|p1|Flutter Mane, L50|\n|poke|p1|Roaring Moon, L50|\n|poke|p1|Palafin, L50, F|\n|poke|p1|Ting-Lu, L50|\n|poke|p2|Umbreon, L50, M|\n|poke|p2|Sylveon, L50, F|\n|poke|p2|Vaporeon, L50, F|\n|poke|p2|Jolteon, L50, M|\n|poke|p2|Espeon, L50, F|\n|poke|p2|Leafeon, L50, F|\n|teampreview|4\n|\n|t:|1682358035\n|start\n|switch|p1a: Amoonguss|Amoonguss, L50, M|100\/100\n|switch|p1b: Palafin|Palafin, L50, F, shiny|100\/100\n|switch|p2a: Sylveon|Sylveon, L50, F|100\/100\n|switch|p2b: Vaporeon|Vaporeon, L50, F|100\/100\n|turn|1\n|\n|t:|1682358068\n|move|p1b: Palafin|Protect|p1b: Palafin\n|-singleturn|p1b: Palafin|Protect\n|move|p2b: Vaporeon|Icy Wind|p1a: Amoonguss|[spread] p1a\n|-activate|p1b: Palafin|move: Protect\n|-supereffective|p1a: Amoonguss\n|-damage|p1a: Amoonguss|81\/100\n|-unboost|p1a: Amoonguss|spe|1\n|move|p2a: Sylveon|Psychic|p1a: Amoonguss\n|-supereffective|p1a: Amoonguss\n|-damage|p1a: Amoonguss|37\/100\n|-enditem|p1a: Amoonguss|Sitrus Berry|[eat]\n|-heal|p1a: Amoonguss|62\/100|[from] item: Sitrus Berry\n|move|p1a: Amoonguss|Spore|p2b: Vaporeon\n|-status|p2b: Vaporeon|slp|[from] move: Spore\n|\n|upkeep\n|turn|2\n|\n|t:|1682358104\n|detailschange|p1b: Palafin|Palafin-Hero, L50, F, shiny\n|switch|p1b: Arcanine|Arcanine, L50, F|100\/100\n|-ability|p1b: Arcanine|Intimidate|boost\n|-unboost|p2a: Sylveon|atk|1\n|-unboost|p2b: Vaporeon|atk|1\n|move|p2a: Sylveon|Protect|p2a: Sylveon\n|-singleturn|p2a: Sylveon|Protect\n|move|p1a: Amoonguss|Protect|p1a: Amoonguss\n|-singleturn|p1a: Amoonguss|Protect\n|cant|p2b: Vaporeon|slp\n|\n|upkeep\n|turn|3\n|\n|t:|1682358148\n|move|p1b: Arcanine|Flare Blitz|p2a: Sylveon\n|-damage|p2a: Sylveon|46\/100\n|-status|p2a: Sylveon|brn\n|-damage|p1b: Arcanine|82\/100|[from] Recoil\n|cant|p2b: Vaporeon|slp\n|move|p2a: Sylveon|Psychic|p1a: Amoonguss\n|-supereffective|p1a: Amoonguss\n|-damage|p1a: Amoonguss|22\/100\n|move|p1a: Amoonguss|Spore||[still]\n|-fail|p1a: Amoonguss\n|\n|-damage|p2a: Sylveon|40\/100 brn|[from] brn\n|upkeep\n|turn|4\n|\n|t:|1682358173\n|switch|p1a: Ting-Lu|Ting-Lu, L50|100\/100\n|-ability|p1a: Ting-Lu|Vessel of Ruin\n|move|p2a: Sylveon|Protect|p2a: Sylveon\n|-singleturn|p2a: Sylveon|Protect\n|move|p1b: Arcanine|Flare Blitz|p2a: Sylveon\n|-activate|p2a: Sylveon|move: Protect\n|-curestatus|p2b: Vaporeon|slp|[msg]\n|move|p2b: Vaporeon|Icy Wind|p1a: Ting-Lu|[spread] p1a,p1b\n|-supereffective|p1a: Ting-Lu\n|-resisted|p1b: Arcanine\n|-damage|p1a: Ting-Lu|89\/100\n|-damage|p1b: Arcanine|78\/100\n|-unboost|p1a: Ting-Lu|spe|1\n|-unboost|p1b: Arcanine|spe|1\n|\n|-damage|p2a: Sylveon|34\/100 brn|[from] brn\n|upkeep\n|turn|5\n|\n|t:|1682358211\n|move|p2b: Vaporeon|Muddy Water|p1a: Ting-Lu|[spread] p1a,p1b\n|-supereffective|p1a: Ting-Lu\n|-supereffective|p1b: Arcanine\n|-damage|p1a: Ting-Lu|59\/100\n|-damage|p1b: Arcanine|42\/100\n|-unboost|p1a: Ting-Lu|accuracy|1\n|move|p2a: Sylveon|Hyper Voice|p1b: Arcanine|[spread] p1a,p1b\n|-supereffective|p1a: Ting-Lu\n|-resisted|p1b: Arcanine\n|-damage|p1a: Ting-Lu|23\/100\n|-damage|p1b: Arcanine|31\/100\n|-enditem|p2a: Sylveon|Throat Spray\n|-boost|p2a: Sylveon|spa|1|[from] item: Throat Spray\n|move|p1b: Arcanine|Flare Blitz|p2a: Sylveon\n|-damage|p2a: Sylveon|0 fnt\n|faint|p2a: Sylveon\n|-damage|p1b: Arcanine|20\/100|[from] Recoil\n|move|p1a: Ting-Lu|Sand Tomb|p2b: Vaporeon\n|-damage|p2b: Vaporeon|85\/100\n|-activate|p2b: Vaporeon|move: Sand Tomb|[of] p1a: Ting-Lu\n|\n|-damage|p2b: Vaporeon|73\/100|[from] move: Sand Tomb|[partiallytrapped]\n|upkeep\n|\n|t:|1682358252\n|switch|p2a: Jolteon|Jolteon, L50, M|100\/100\n|-item|p2a: Jolteon|Air Balloon\n|turn|6\n|\n|t:|1682358273\n|move|p1b: Arcanine|Extreme Speed|p2a: Jolteon\n|-crit|p2a: Jolteon\n|-damage|p2a: Jolteon|48\/100\n|-enditem|p2a: Jolteon|Air Balloon\n|move|p2a: Jolteon|Volt Switch|p1b: Arcanine\n|-damage|p1b: Arcanine|3\/100\n|\n|t:|1682358281\n|switch|p2a: Espeon|Espeon, L50, F|100\/100|[from] Volt Switch\n|move|p2b: Vaporeon|Muddy Water|p1a: Ting-Lu|[spread] p1a,p1b\n|-supereffective|p1a: Ting-Lu\n|-supereffective|p1b: Arcanine\n|-damage|p1a: Ting-Lu|0 fnt\n|-damage|p1b: Arcanine|0 fnt\n|faint|p1a: Ting-Lu\n|faint|p1b: Arcanine\n|\n|-end|p2b: Vaporeon|Sand Tomb|[partiallytrapped]|[silent]\n|upkeep\n|\n|t:|1682358292\n|switch|p1b: Palafin|Palafin-Hero, L50, F, shiny|100\/100\n|switch|p1a: Amoonguss|Amoonguss, L50, M|55\/100\n|-activate|p1b: Palafin|ability: Zero to Hero\n|turn|7\n|\n|t:|1682358312\n|move|p2a: Espeon|Psychic|p1a: Amoonguss\n|-supereffective|p1a: Amoonguss\n|-damage|p1a: Amoonguss|0 fnt\n|faint|p1a: Amoonguss\n|move|p1b: Palafin|Wave Crash|p2a: Espeon\n|-damage|p2a: Espeon|0 fnt\n|faint|p2a: Espeon\n|-damage|p1b: Palafin|74\/100|[from] Recoil\n|move|p2b: Vaporeon|Yawn|p1b: Palafin\n|-start|p1b: Palafin|move: Yawn|[of] p2b: Vaporeon\n|\n|upkeep\n|\n|t:|1682358322\n|switch|p2a: Jolteon|Jolteon, L50, M|48\/100\n|turn|8\n|\n|t:|1682358329\n|move|p2a: Jolteon|Protect|p2a: Jolteon\n|-singleturn|p2a: Jolteon|Protect\n|move|p1b: Palafin|Wave Crash|p2a: Jolteon\n|-activate|p2a: Jolteon|move: Protect\n|move|p2b: Vaporeon|Icy Wind|p1b: Palafin\n|-resisted|p1b: Palafin\n|-damage|p1b: Palafin|64\/100\n|-unboost|p1b: Palafin|spe|1\n|\n|-end|p1b: Palafin|move: Yawn|[silent]\n|-status|p1b: Palafin|slp\n|upkeep\n|turn|9\n|c|\u2606Icefanngs|Gg\n|\n|t:|1682358350\n|move|p2b: Vaporeon|Protect|p2b: Vaporeon\n|-singleturn|p2b: Vaporeon|Protect\n|move|p2a: Jolteon|Discharge|p1b: Palafin|[spread] p1b\n|-activate|p2b: Vaporeon|move: Protect\n|-supereffective|p1b: Palafin\n|-damage|p1b: Palafin|4\/100 slp\n|cant|p1b: Palafin|slp\n|\n|upkeep\n|turn|10\n|\n|t:|1682358368\n|-curestatus|p1b: Palafin|slp|[msg]\n|move|p1b: Palafin|Jet Punch|p2a: Jolteon\n|-damage|p2a: Jolteon|0 fnt\n|faint|p2a: Jolteon\n|move|p2b: Vaporeon|Icy Wind|p1b: Palafin\n|-resisted|p1b: Palafin\n|-damage|p1b: Palafin|0 fnt\n|faint|p1b: Palafin\n|\n|win|Icefanngs\n|raw|MarckXCore's rating: 1075 → 1049<\/strong> (-26 for losing)\n|raw|Icefanngs's rating: 1000 → 1049<\/strong> (+49 for winning)\n|l|\u2606MarckXCore\n","uploadtime":1682358386,"views":16,"p1id":"marckxcore","p2id":"icefanngs","formatid":"gen9vgc2023regulationc","rating":1049,"private":0,"password":""}