{"id":"gen9vgc2023regulationc-1848168521","p1":"KirboMac","p2":"xingtian666","format":"[Gen 9] VGC 2023 Regulation C","log":"|j|\u2606KirboMac\n|j|\u2606xingtian666\n|t:|1682037805\n|gametype|doubles\n|player|p1|KirboMac|rowan|1411\n|player|p2|xingtian666|170|1493\n|teamsize|p1|6\n|teamsize|p2|6\n|gen|9\n|tier|[Gen 9] VGC 2023 Regulation C\n|rated|\n|rule|Species Clause: Limit one of each Pok\u00e9mon\n|rule|Item Clause: Limit one of each item\n|clearpoke\n|poke|p1|Chien-Pao, L50|\n|poke|p1|Dragapult, L50, F|\n|poke|p1|Rotom-Wash, L50|\n|poke|p1|Great Tusk, L50|\n|poke|p1|Talonflame, L50, F|\n|poke|p1|Amoonguss, L50, M|\n|poke|p2|Ting-Lu, L50|\n|poke|p2|Amoonguss, L50, M|\n|poke|p2|Abomasnow, L50, M|\n|poke|p2|Iron Bundle, L50|\n|poke|p2|Baxcalibur, L50, M|\n|poke|p2|Gyarados, L50, M|\n|teampreview|4\n|inactive|Battle timer is ON: inactive players will automatically lose when time's up. (requested by xingtian666)\n|inactive|xingtian666 has 60 seconds left.\n|\n|t:|1682037864\n|start\n|switch|p1a: Rotom|Rotom-Wash, L50|100\/100\n|switch|p1b: Talonflame|Talonflame, L50, F|100\/100\n|switch|p2a: Iron Bundle|Iron Bundle, L50, shiny|100\/100\n|switch|p2b: Abomasnow|Abomasnow, L50, M, shiny|100\/100\n|-weather|Snow|[from] ability: Snow Warning|[of] p2b: Abomasnow\n|-enditem|p2a: Iron Bundle|Booster Energy\n|-activate|p2a: Iron Bundle|ability: Quark Drive|[fromitem]\n|-start|p2a: Iron Bundle|quarkdrivespe\n|turn|1\n|\n|t:|1682037884\n|move|p2a: Iron Bundle|Protect|p2a: Iron Bundle\n|-singleturn|p2a: Iron Bundle|Protect\n|move|p1b: Talonflame|Tailwind|p1b: Talonflame\n|-sidestart|p1: KirboMac|move: Tailwind\n|move|p1a: Rotom|Thunderbolt|p2a: Iron Bundle\n|-activate|p2a: Iron Bundle|move: Protect\n|move|p2b: Abomasnow|Aurora Veil|p2b: Abomasnow\n|-sidestart|p2: xingtian666|move: Aurora Veil\n|\n|-weather|Snow|[upkeep]\n|upkeep\n|turn|2\n|\n|t:|1682037900\n|-terastallize|p2a: Iron Bundle|Ice\n|move|p1b: Talonflame|Brave Bird|p2b: Abomasnow\n|-supereffective|p2b: Abomasnow\n|-damage|p2b: Abomasnow|56\/100\n|-damage|p1b: Talonflame|86\/100|[from] Recoil\n|move|p2a: Iron Bundle|Blizzard|p1b: Talonflame|[spread] p1a,p1b\n|-resisted|p1a: Rotom\n|-damage|p1a: Rotom|77\/100\n|-damage|p1b: Talonflame|10\/100\n|move|p1a: Rotom|Thunderbolt|p2a: Iron Bundle\n|-damage|p2a: Iron Bundle|53\/100\n|move|p2b: Abomasnow|Energy Ball|p1a: Rotom\n|-supereffective|p1a: Rotom\n|-damage|p1a: Rotom|6\/100\n|-enditem|p1a: Rotom|Sitrus Berry|[eat]\n|-heal|p1a: Rotom|31\/100|[from] item: Sitrus Berry\n|\n|-weather|Snow|[upkeep]\n|upkeep\n|turn|3\n|inactive|xingtian666 has 30 seconds left.\n|inactive|xingtian666 has 20 seconds left.\n|inactive|xingtian666 has 15 seconds left.\n|\n|t:|1682037942\n|move|p2a: Iron Bundle|Protect|p2a: Iron Bundle\n|-singleturn|p2a: Iron Bundle|Protect\n|move|p1b: Talonflame|Brave Bird|p2a: Iron Bundle\n|-activate|p2a: Iron Bundle|move: Protect\n|move|p1a: Rotom|Hydro Pump|p2a: Iron Bundle\n|-activate|p2a: Iron Bundle|move: Protect\n|move|p2b: Abomasnow|Energy Ball|p1a: Rotom\n|-supereffective|p1a: Rotom\n|-damage|p1a: Rotom|0 fnt\n|faint|p1a: Rotom\n|\n|-weather|Snow|[upkeep]\n|upkeep\n|\n|t:|1682037947\n|switch|p1a: Dragapult|Dragapult, L50, F|100\/100\n|turn|4\n|inactive|xingtian666 has 30 seconds left.\n|\n|t:|1682037975\n|-terastallize|p1a: Dragapult|Steel\n|move|p1a: Dragapult|Tera Blast|p2a: Iron Bundle\n|-supereffective|p2a: Iron Bundle\n|-damage|p2a: Iron Bundle|3\/100\n|-damage|p1a: Dragapult|91\/100|[from] item: Life Orb\n|move|p1b: Talonflame|Brave Bird|p2b: Abomasnow\n|-supereffective|p2b: Abomasnow\n|-damage|p2b: Abomasnow|5\/100\n|-damage|p1b: Talonflame|0 fnt|[from] Recoil\n|faint|p1b: Talonflame\n|move|p2a: Iron Bundle|Blizzard|p1a: Dragapult\n|-resisted|p1a: Dragapult\n|-damage|p1a: Dragapult|44\/100\n|move|p2b: Abomasnow|Blizzard|p1a: Dragapult\n|-resisted|p1a: Dragapult\n|-damage|p1a: Dragapult|15\/100\n|\n|-weather|Snow|[upkeep]\n|-sideend|p1: KirboMac|move: Tailwind\n|upkeep\n|\n|t:|1682037979\n|switch|p1b: Great Tusk|Great Tusk, L50|100\/100\n|turn|5\n|-message|KirboMac forfeited.\n|\n|win|xingtian666\n|raw|KirboMac's rating: 1411 → 1396<\/strong> (-15 for losing)\n|raw|xingtian666's rating: 1493 → 1508<\/strong> (+15 for winning)\n|l|\u2606KirboMac\n","uploadtime":1682038008,"views":9,"p1id":"kirbomac","p2id":"xingtian666","formatid":"gen9vgc2023regulationc","rating":1396,"private":0,"password":""}