{"id":"gen9vgc2023regulationc-1849720734","p1":"DNDS","p2":"play3r35","format":"[Gen 9] VGC 2023 Regulation C","log":"|j|\u2606DNDS\n|j|\u2606play3r35\n|t:|1682239199\n|gametype|doubles\n|player|p1|DNDS|ghetsis|\n|player|p2|play3r35|caitlin|\n|teamsize|p1|6\n|teamsize|p2|6\n|gen|9\n|tier|[Gen 9] VGC 2023 Regulation C\n|rated|Tournament battle\n|rule|Species Clause: Limit one of each Pok\u00e9mon\n|rule|Item Clause: Limit one of each item\n|clearpoke\n|poke|p1|Flutter Mane, L50|\n|poke|p1|Iron Bundle, L50|\n|poke|p1|Chi-Yu, L50|\n|poke|p1|Grimmsnarl, L50, M|\n|poke|p1|Farigiraf, L50, M|\n|poke|p1|Gastrodon-East, L50, F|\n|poke|p2|Chi-Yu, L50|\n|poke|p2|Flutter Mane, L50|\n|poke|p2|Scream Tail, L50|\n|poke|p2|Palafin, L50, F|\n|poke|p2|Iron Bundle, L50|\n|poke|p2|Gholdengo, L50|\n|teampreview|4\n|raw| Open Team Sheet for DNDS<\/summary>Flutter Mane @ Life Orb Ability: Protosynthesis Level: 50 Tera Type: Fairy - Dazzling Gleam - Moonblast - Shadow Ball - Protect Iron Bundle @ Booster Energy Ability: Quark Drive Level: 50 Tera Type: Ice - Icy Wind - Freeze-Dry - Hydro Pump - Protect Chi-Yu @ Focus Sash Ability: Beads of Ruin Level: 50 Tera Type: Fire - Heat Wave - Overheat - Dark Pulse - Protect Grimmsnarl (M) @ Roseli Berry Ability: Prankster Level: 50 Tera Type: Dark - Fake Out - Sucker Punch - Fake Tears - Scary Face Farigiraf @ Sitrus Berry Ability: Armor Tail Level: 50 Tera Type: Fire - Hyper Voice - Psychic - Trick Room - Imprison Gastrodon (Gastrodon-East) @ Leftovers Ability: Storm Drain Level: 50 Tera Type: Fire - Recover - Earth Power - Yawn - Muddy Water <\/details><\/div> Open Team Sheet for play3r35<\/summary>Chi-Yu @ Assault Vest Ability: Beads of Ruin Level: 50 Tera Type: Ghost - Heat Wave - Dark Pulse - Snarl - Flamethrower Flutter Mane @ Life Orb Ability: Protosynthesis Level: 50 Tera Type: Grass - Shadow Ball - Dazzling Gleam - Energy Ball - Protect Scream Tail @ Booster Energy Ability: Protosynthesis Level: 50 Tera Type: Steel - Thunder Wave - Play Rough - Disable - Fake Tears Palafin @ Mystic Water Ability: Zero to Hero Level: 50 Tera Type: Water - Jet Punch - Wave Crash - Close Combat - Protect Iron Bundle @ Focus Sash Ability: Quark Drive Level: 50 Tera Type: Ghost - Icy Wind - Freeze-Dry - Encore - Protect Gholdengo @ Leftovers Ability: Good as Gold Level: 50 Tera Type: Water - Make It Rain - Shadow Ball - Nasty Plot - Protect <\/details><\/div>\n|inactive|Battle timer is ON: inactive players will automatically lose when time's up. (requested by play3r35)\n|j| zippLapZapper\n|l| zippLapZapper\n|inactive|DNDS has 60 seconds left.\n|inactive|play3r35 has 60 seconds left.\n|inactive|DNDS has 30 seconds left.\n|inactive|play3r35 has 30 seconds left.\n|\n|t:|1682239262\n|start\n|switch|p1a: Grimmsnarl|Grimmsnarl, L50, M|100\/100\n|switch|p1b: Flutter Mane|Flutter Mane, L50|100\/100\n|switch|p2a: Scream Tail|Scream Tail, L50|100\/100\n|switch|p2b: Gholdengo|Gholdengo, L50|100\/100\n|-enditem|p2a: Scream Tail|Booster Energy\n|-activate|p2a: Scream Tail|ability: Protosynthesis|[fromitem]\n|-start|p2a: Scream Tail|protosynthesisspe\n|turn|1\n|j| Breloom3912\n|l| Breloom3912\n|inactive|DNDS has 30 seconds left.\n|inactive|play3r35 has 30 seconds left.\n|inactive|play3r35 has 20 seconds left.\n|inactive|DNDS has 20 seconds left.\n|inactive|DNDS has 15 seconds left.\n|inactive|DNDS has 10 seconds left.\n|\n|t:|1682239316\n|move|p1b: Flutter Mane|Protect|p1b: Flutter Mane\n|-singleturn|p1b: Flutter Mane|Protect\n|move|p1a: Grimmsnarl|Sucker Punch|p2b: Gholdengo\n|-supereffective|p2b: Gholdengo\n|-damage|p2b: Gholdengo|50\/100\n|move|p2a: Scream Tail|Thunder Wave|p1b: Flutter Mane\n|-activate|p1b: Flutter Mane|move: Protect\n|move|p2b: Gholdengo|Make It Rain|p1b: Flutter Mane|[spread] p1a\n|-activate|p1b: Flutter Mane|move: Protect\n|-supereffective|p1a: Grimmsnarl\n|-damage|p1a: Grimmsnarl|34\/100\n|-unboost|p2b: Gholdengo|spa|1\n|\n|-heal|p2b: Gholdengo|56\/100|[from] item: Leftovers\n|upkeep\n|turn|2\n|inactive|DNDS has 30 seconds left.\n|\n|t:|1682239349\n|-terastallize|p2b: Gholdengo|Water\n|move|p1a: Grimmsnarl|Fake Tears|p2a: Scream Tail\n|-unboost|p2a: Scream Tail|spd|2\n|move|p2a: Scream Tail|Thunder Wave|p1b: Flutter Mane\n|-status|p1b: Flutter Mane|par\n|move|p2b: Gholdengo|Nasty Plot|p2b: Gholdengo\n|-boost|p2b: Gholdengo|spa|2\n|move|p1b: Flutter Mane|Shadow Ball|p2a: Scream Tail\n|-supereffective|p2a: Scream Tail\n|-damage|p2a: Scream Tail|0 fnt\n|faint|p2a: Scream Tail\n|-end|p2a: Scream Tail|Protosynthesis|[silent]\n|-damage|p1b: Flutter Mane|90\/100 par|[from] item: Life Orb\n|\n|-heal|p2b: Gholdengo|62\/100|[from] item: Leftovers\n|upkeep\n|\n|t:|1682239361\n|switch|p2a: Palafin|Palafin, L50, F|100\/100\n|turn|3\n|inactive|DNDS has 30 seconds left.\n|\n|t:|1682239388\n|detailschange|p2a: Palafin|Palafin-Hero, L50, F\n|switch|p2a: Flutter Mane|Flutter Mane, L50|100\/100\n|move|p1a: Grimmsnarl|Scary Face|p2a: Flutter Mane\n|-unboost|p2a: Flutter Mane|spe|2\n|move|p2b: Gholdengo|Make It Rain|p1a: Grimmsnarl|[spread] p1a,p1b\n|-supereffective|p1a: Grimmsnarl\n|-supereffective|p1b: Flutter Mane\n|-damage|p1a: Grimmsnarl|0 fnt\n|-damage|p1b: Flutter Mane|0 fnt\n|-unboost|p2b: Gholdengo|spa|1\n|faint|p1a: Grimmsnarl\n|faint|p1b: Flutter Mane\n|-end|p1b: Flutter Mane|Protosynthesis|[silent]\n|\n|-heal|p2b: Gholdengo|68\/100|[from] item: Leftovers\n|upkeep\n|\n|t:|1682239394\n|switch|p1b: Chi-Yu|Chi-Yu, L50|100\/100\n|switch|p1a: Iron Bundle|Iron Bundle, L50|100\/100\n|-ability|p1b: Chi-Yu|Beads of Ruin\n|-enditem|p1a: Iron Bundle|Booster Energy\n|-activate|p1a: Iron Bundle|ability: Quark Drive|[fromitem]\n|-start|p1a: Iron Bundle|quarkdrivespe\n|turn|4\n|inactive|DNDS has 30 seconds left.\n|inactive|play3r35 has 30 seconds left.\n|inactive|DNDS has 20 seconds left.\n|inactive|play3r35 has 20 seconds left.\n|inactive|play3r35 has 15 seconds left.\n|\n|t:|1682239435\n|-terastallize|p1a: Iron Bundle|Ice\n|move|p2b: Gholdengo|Protect|p2b: Gholdengo\n|-singleturn|p2b: Gholdengo|Protect\n|move|p2a: Flutter Mane|Protect|p2a: Flutter Mane\n|-singleturn|p2a: Flutter Mane|Protect\n|move|p1a: Iron Bundle|Freeze-Dry|p2a: Flutter Mane\n|-activate|p2a: Flutter Mane|move: Protect\n|move|p1b: Chi-Yu|Dark Pulse|p2a: Flutter Mane\n|-activate|p2a: Flutter Mane|move: Protect\n|\n|-heal|p2b: Gholdengo|74\/100|[from] item: Leftovers\n|upkeep\n|turn|5\n|inactive|DNDS has 30 seconds left.\n|inactive|DNDS has 20 seconds left.\n|\n|t:|1682239472\n|move|p1a: Iron Bundle|Protect|p1a: Iron Bundle\n|-singleturn|p1a: Iron Bundle|Protect\n|move|p1b: Chi-Yu|Dark Pulse|p2a: Flutter Mane\n|-damage|p2a: Flutter Mane|49\/100\n|move|p2b: Gholdengo|Make It Rain|p1b: Chi-Yu|[spread] p1b\n|-activate|p1a: Iron Bundle|move: Protect\n|-resisted|p1b: Chi-Yu\n|-damage|p1b: Chi-Yu|75\/100\n|-unboost|p2b: Gholdengo|spa|1\n|move|p2a: Flutter Mane|Dazzling Gleam|p1b: Chi-Yu|[spread] p1b\n|-activate|p1a: Iron Bundle|move: Protect\n|-damage|p1b: Chi-Yu|23\/100\n|-damage|p2a: Flutter Mane|39\/100|[from] item: Life Orb\n|\n|-heal|p2b: Gholdengo|80\/100|[from] item: Leftovers\n|upkeep\n|turn|6\n|inactive|DNDS has 30 seconds left.\n|\n|t:|1682239499\n|move|p1a: Iron Bundle|Freeze-Dry|p2b: Gholdengo\n|-supereffective|p2b: Gholdengo\n|-damage|p2b: Gholdengo|0 fnt\n|faint|p2b: Gholdengo\n|move|p1b: Chi-Yu|Dark Pulse|p2a: Flutter Mane\n|-damage|p2a: Flutter Mane|0 fnt\n|faint|p2a: Flutter Mane\n|-end|p2a: Flutter Mane|Protosynthesis|[silent]\n|\n|upkeep\n|\n|t:|1682239507\n|switch|p2a: Palafin|Palafin-Hero, L50, F|100\/100\n|-activate|p2a: Palafin|ability: Zero to Hero\n|turn|7\n|\n|t:|1682239515\n|move|p1b: Chi-Yu|Protect|p1b: Chi-Yu\n|-singleturn|p1b: Chi-Yu|Protect\n|move|p2a: Palafin|Protect|p2a: Palafin\n|-singleturn|p2a: Palafin|Protect\n|move|p1a: Iron Bundle|Freeze-Dry|p2a: Palafin\n|-activate|p2a: Palafin|move: Protect\n|\n|upkeep\n|turn|8\n|\n|t:|1682239522\n|move|p1a: Iron Bundle|Freeze-Dry|p2a: Palafin\n|-supereffective|p2a: Palafin\n|-damage|p2a: Palafin|0 fnt\n|faint|p2a: Palafin\n|\n|win|DNDS\n|n|\u2606DNDS|dnds\n|n|\u2606play3r35|play3r35\n","uploadtime":1682239523,"views":10,"p1id":"dnds","p2id":"play3r35","formatid":"gen9vgc2023regulationc","rating":0,"private":0,"password":""}