{"id":"gen9vgc2023regulationc-1850858496","p1":"FanioSauce","p2":"minionbanana57","format":"[Gen 9] VGC 2023 Regulation C","log":"|j|\u2606FanioSauce\n|j|\u2606minionbanana57\n|t:|1682375124\n|gametype|doubles\n|player|p1|FanioSauce|lady-gen4|1449\n|player|p2|minionbanana57|102|1437\n|teamsize|p1|6\n|teamsize|p2|6\n|gen|9\n|tier|[Gen 9] VGC 2023 Regulation C\n|rated|\n|rule|Species Clause: Limit one of each Pok\u00e9mon\n|rule|Item Clause: Limit one of each item\n|clearpoke\n|poke|p1|Annihilape, L50, F|\n|poke|p1|Maushold-Four, L50|\n|poke|p1|Flutter Mane, L50|\n|poke|p1|Gyarados, L50, M|\n|poke|p1|Amoonguss, L50, M|\n|poke|p1|Ting-Lu, L50|\n|poke|p2|Iron Hands, L50|\n|poke|p2|Tyranitar, L50, M|\n|poke|p2|Garchomp, L50, M|\n|poke|p2|Gyarados, L50, F|\n|poke|p2|Amoonguss, L50, M|\n|poke|p2|Flutter Mane, L50|\n|teampreview|4\n|inactive|Battle timer is ON: inactive players will automatically lose when time's up. (requested by minionbanana57)\nminionbanana57 has agreed to open team sheets.\nFanioSauce has agreed to open team sheets.\n|inactive|FanioSauce has 60 seconds left.\n|inactive|minionbanana57 has 60 seconds left.\n|inactive|FanioSauce has 30 seconds left.\n|inactive|FanioSauce has 20 seconds left.\n|inactive|FanioSauce has 15 seconds left.\n|\n|t:|1682375205\n|start\n|switch|p1a: Annihilape|Annihilape, L50, F, shiny|100\/100\n|switch|p1b: Maushold|Maushold-Four, L50|100\/100\n|switch|p2a: Flutter Mane|Flutter Mane, L50, shiny|100\/100\n|switch|p2b: Garchomp|Garchomp, L50, M|100\/100\n|turn|1\n|inactive|minionbanana57 has 30 seconds left.\n|inactive|FanioSauce has 30 seconds left.\n|\n|t:|1682375240\n|-terastallize|p1a: Annihilape|Water\n|move|p1b: Maushold|Protect|p1b: Maushold\n|-singleturn|p1b: Maushold|Protect\n|move|p2a: Flutter Mane|Moonblast|p1a: Annihilape\n|-damage|p1a: Annihilape|59\/100\n|-unboost|p1a: Annihilape|spa|1\n|move|p2b: Garchomp|Substitute|p2b: Garchomp\n|-start|p2b: Garchomp|Substitute\n|-damage|p2b: Garchomp|75\/100\n|move|p1a: Annihilape|Rage Fist|p2a: Flutter Mane\n|-supereffective|p2a: Flutter Mane\n|-damage|p2a: Flutter Mane|0 fnt\n|faint|p2a: Flutter Mane\n|-end|p2a: Flutter Mane|Protosynthesis|[silent]\n|\n|-heal|p1a: Annihilape|65\/100|[from] item: Leftovers\n|upkeep\n|\n|t:|1682375254\n|switch|p2a: Gyarados|Gyarados, L50, F, shiny|100\/100\n|-ability|p2a: Gyarados|Intimidate|boost\n|-unboost|p1a: Annihilape|atk|1\n|-unboost|p1b: Maushold|atk|1\n|turn|2\n|\n|t:|1682375275\n|-terastallize|p2b: Garchomp|Ground\n|move|p2a: Gyarados|Helping Hand|p2b: Garchomp\n|-singleturn|p2b: Garchomp|Helping Hand|[of] p2a: Gyarados\n|move|p2b: Garchomp|Earthquake|p1a: Annihilape|[spread] p1a,p1b\n|-immune|p2a: Gyarados\n|-damage|p1a: Annihilape|1\/100\n|-damage|p1b: Maushold|0 fnt\n|faint|p1b: Maushold\n|-damage|p2b: Garchomp|66\/100|[from] item: Life Orb\n|move|p1a: Annihilape|Rage Fist|p2b: Garchomp\n|-end|p2b: Garchomp|Substitute\n|\n|-heal|p1a: Annihilape|8\/100|[from] item: Leftovers\n|upkeep\n|inactive|FanioSauce has 30 seconds left.\n|inactive|FanioSauce has 20 seconds left.\n|inactive|FanioSauce has 15 seconds left.\n|inactive|FanioSauce has 10 seconds left.\n|\n|t:|1682375324\n|switch|p1b: Gyarados|Gyarados, L50, M, shiny|100\/100\n|-ability|p1b: Gyarados|Intimidate|boost\n|-unboost|p2a: Gyarados|atk|1\n|-unboost|p2b: Garchomp|atk|1\n|turn|3\n|\n|t:|1682375333\n|switch|p2b: Amoonguss|Amoonguss, L50, M, shiny|100\/100\n|move|p1a: Annihilape|Protect|p1a: Annihilape\n|-singleturn|p1a: Annihilape|Protect\n|move|p1b: Gyarados|Waterfall|p2b: Amoonguss\n|-resisted|p2b: Amoonguss\n|-damage|p2b: Amoonguss|86\/100\n|move|p2a: Gyarados|Waterfall|p1a: Annihilape\n|-activate|p1a: Annihilape|move: Protect\n|\n|-heal|p1a: Annihilape|14\/100|[from] item: Leftovers\n|upkeep\n|turn|4\n|inactive|FanioSauce has 30 seconds left.\n|inactive|FanioSauce has 20 seconds left.\n|inactive|FanioSauce has 15 seconds left.\n|inactive|FanioSauce has 10 seconds left.\n|\n|t:|1682375380\n|switch|p2b: Garchomp|Garchomp, L50, M, tera:Ground|66\/100\n|move|p1b: Gyarados|Taunt|p2a: Gyarados\n|-start|p2a: Gyarados|move: Taunt\n|move|p2a: Gyarados|Waterfall|p1a: Annihilape\n|-resisted|p1a: Annihilape\n|-damage|p1a: Annihilape|2\/100\n|cant|p1a: Annihilape|flinch\n|\n|-heal|p1a: Annihilape|9\/100|[from] item: Leftovers\n|upkeep\n|turn|5\n|\n|t:|1682375400\n|move|p1a: Annihilape|Protect|p1a: Annihilape\n|-singleturn|p1a: Annihilape|Protect\n|move|p2b: Garchomp|Dragon Claw|p1b: Gyarados\n|-damage|p1b: Gyarados|47\/100\n|-damage|p2b: Garchomp|56\/100|[from] item: Life Orb\n|move|p1b: Gyarados|Waterfall|p2b: Garchomp\n|-supereffective|p2b: Garchomp\n|-damage|p2b: Garchomp|0 fnt\n|faint|p2b: Garchomp\n|move|p2a: Gyarados|Waterfall|p1a: Annihilape\n|-activate|p1a: Annihilape|move: Protect\n|\n|-heal|p1a: Annihilape|15\/100|[from] item: Leftovers\n|upkeep\n|\n|t:|1682375409\n|switch|p2b: Amoonguss|Amoonguss, L50, M, shiny|100\/100\n|turn|6\n|\n|t:|1682375421\n|move|p1b: Gyarados|Thunder Wave|p2a: Gyarados\n|-status|p2a: Gyarados|par\n|move|p1a: Annihilape|Bulk Up|p1a: Annihilape\n|-boost|p1a: Annihilape|atk|1\n|-boost|p1a: Annihilape|def|1\n|move|p2a: Gyarados|Waterfall|p1a: Annihilape\n|-resisted|p1a: Annihilape\n|-crit|p1a: Annihilape\n|-damage|p1a: Annihilape|0 fnt\n|faint|p1a: Annihilape\n|move|p2b: Amoonguss|Spore|p1b: Gyarados\n|-status|p1b: Gyarados|slp|[from] move: Spore\n|-enditem|p1b: Gyarados|Lum Berry|[eat]\n|-curestatus|p1b: Gyarados|slp|[msg]\n|\n|-end|p2a: Gyarados|move: Taunt\n|upkeep\n|\n|t:|1682375431\n|switch|p1a: Flutter Mane|Flutter Mane, L50|100\/100\n|-enditem|p1a: Flutter Mane|Booster Energy\n|-activate|p1a: Flutter Mane|ability: Protosynthesis|[fromitem]\n|-start|p1a: Flutter Mane|protosynthesisspa\n|turn|7\n|\n|t:|1682375460\n|move|p2b: Amoonguss|Rage Powder|p2b: Amoonguss\n|-singleturn|p2b: Amoonguss|move: Rage Powder\n|move|p1a: Flutter Mane|Substitute|p1a: Flutter Mane\n|-start|p1a: Flutter Mane|Substitute\n|-damage|p1a: Flutter Mane|76\/100\n|move|p1b: Gyarados|Taunt|p2b: Amoonguss\n|-start|p2b: Amoonguss|move: Taunt\n|move|p2a: Gyarados|Waterfall|p1a: Flutter Mane\n|-end|p1a: Flutter Mane|Substitute\n|\n|upkeep\n|turn|8\n|\n|t:|1682375473\n|move|p1a: Flutter Mane|Substitute|p1a: Flutter Mane\n|-start|p1a: Flutter Mane|Substitute\n|-damage|p1a: Flutter Mane|51\/100\n|move|p1b: Gyarados|Thunder Wave|p2b: Amoonguss\n|-status|p2b: Amoonguss|par\n|cant|p2a: Gyarados|par\n|move|p2b: Amoonguss|Pollen Puff|p1b: Gyarados\n|-resisted|p1b: Gyarados\n|-damage|p1b: Gyarados|40\/100\n|\n|upkeep\n|turn|9\n|\n|t:|1682375484\n|move|p1a: Flutter Mane|Moonblast|p2a: Gyarados\n|-damage|p2a: Gyarados|39\/100 par\n|move|p1b: Gyarados|Waterfall|p2a: Gyarados\n|-resisted|p2a: Gyarados\n|-damage|p2a: Gyarados|22\/100 par\n|-enditem|p2a: Gyarados|Figy Berry|[eat]\n|-heal|p2a: Gyarados|56\/100 par|[from] item: Figy Berry\n|move|p2a: Gyarados|Waterfall|p1a: Flutter Mane\n|-end|p1a: Flutter Mane|Substitute\n|move|p2b: Amoonguss|Pollen Puff|p2a: Gyarados\n|-heal|p2a: Gyarados|100\/100 par\n|\n|upkeep\n|turn|10\n|inactive|FanioSauce has 30 seconds left.\n|\n|t:|1682375516\n|move|p1a: Flutter Mane|Protect|p1a: Flutter Mane\n|-singleturn|p1a: Flutter Mane|Protect\n|move|p1b: Gyarados|Taunt|p2a: Gyarados\n|-start|p2a: Gyarados|move: Taunt\n|cant|p2a: Gyarados|par\n|move|p2b: Amoonguss|Pollen Puff|p2a: Gyarados\n|-immune|p2a: Gyarados\n|\n|-end|p2b: Amoonguss|move: Taunt\n|upkeep\n|turn|11\n|inactive|FanioSauce has 30 seconds left.\n|\n|t:|1682375542\n|move|p1a: Flutter Mane|Substitute|p1a: Flutter Mane\n|-start|p1a: Flutter Mane|Substitute\n|-damage|p1a: Flutter Mane|27\/100\n|move|p1b: Gyarados|Taunt|p2b: Amoonguss\n|-start|p2b: Amoonguss|move: Taunt\n|move|p2a: Gyarados|Waterfall|p1a: Flutter Mane\n|-end|p1a: Flutter Mane|Substitute\n|move|p2b: Amoonguss|Pollen Puff|p1a: Flutter Mane\n|-resisted|p1a: Flutter Mane\n|-damage|p1a: Flutter Mane|22\/100\n|\n|upkeep\n|turn|12\n|\n|t:|1682375556\n|move|p1a: Flutter Mane|Moonblast|p2a: Gyarados\n|-damage|p2a: Gyarados|42\/100 par\n|-unboost|p2a: Gyarados|spa|1\n|move|p1b: Gyarados|Waterfall|p2a: Gyarados\n|-resisted|p2a: Gyarados\n|-damage|p2a: Gyarados|24\/100 par\n|move|p2a: Gyarados|Waterfall|p1a: Flutter Mane\n|-damage|p1a: Flutter Mane|0 fnt\n|faint|p1a: Flutter Mane\n|-end|p1a: Flutter Mane|Protosynthesis|[silent]\n|cant|p2b: Amoonguss|par\n|\n|-end|p2a: Gyarados|move: Taunt\n|upkeep\n|turn|13\n|inactive|minionbanana57 has 30 seconds left.\n|\n|t:|1682375583\n|move|p1b: Gyarados|Waterfall|p2a: Gyarados\n|-resisted|p2a: Gyarados\n|-damage|p2a: Gyarados|6\/100 par\n|move|p2a: Gyarados|Waterfall|p1b: Gyarados\n|-resisted|p1b: Gyarados\n|-damage|p1b: Gyarados|25\/100\n|move|p2b: Amoonguss|Pollen Puff|p2a: Gyarados\n|-heal|p2a: Gyarados|56\/100 par\n|\n|-end|p2b: Amoonguss|move: Taunt\n|upkeep\n|turn|14\n|-message|FanioSauce forfeited.\n|\n|win|minionbanana57\n|raw|FanioSauce's rating: 1449 → 1428<\/strong> (-21 for losing)\n|raw|minionbanana57's rating: 1437 → 1458<\/strong> (+21 for winning)\n|l|\u2606FanioSauce\n|c|\u2606minionbanana57|goatdos can\u2019t flinch\n","uploadtime":1682375607,"views":7,"p1id":"faniosauce","p2id":"minionbanana57","formatid":"gen9vgc2023regulationc","rating":1428,"private":0,"password":""}