{"id":"gen9vgc2023regulationc-1859373776","p1":"momoRX","p2":"fdf4544","format":"[Gen 9] VGC 2023 Regulation C","log":"|j|\u2606momoRX\n|j|\u2606fdf4544\n|t:|1683450462\n|gametype|doubles\n|player|p1|momoRX|hugh|1095\n|player|p2|fdf4544|102|1055\n|teamsize|p1|6\n|teamsize|p2|6\n|gen|9\n|tier|[Gen 9] VGC 2023 Regulation C\n|rated|\n|rule|Species Clause: Limit one of each Pok\u00e9mon\n|rule|Item Clause: Limit one of each item\n|clearpoke\n|poke|p1|Ceruledge, L50, F|\n|poke|p1|Iron Bundle, L50|\n|poke|p1|Chi-Yu, L50|\n|poke|p1|Flutter Mane, L50|\n|poke|p1|Amoonguss, L50, F|\n|poke|p1|Iron Hands, L50|\n|poke|p2|Torkoal, L50, M|\n|poke|p2|Chi-Yu, L50|\n|poke|p2|Bronzong, L50|\n|poke|p2|Gastrodon, L50, M|\n|poke|p2|Grimmsnarl, L50, M|\n|poke|p2|Skeledirge, L50, F|\n|teampreview|4\n|inactive|Battle timer is ON: inactive players will automatically lose when time's up. (requested by fdf4544)\n|\n|t:|1683450507\n|start\n|switch|p1a: Chi-Yu|Chi-Yu, L50|100\/100\n|switch|p1b: Amoonguss|Amoonguss, L50, F|100\/100\n|switch|p2a: Grimmsnarl|Grimmsnarl, L50, M|100\/100\n|switch|p2b: Chi-Yu|Chi-Yu, L50|100\/100\n|-ability|p2b: Chi-Yu|Beads of Ruin\n|-ability|p1a: Chi-Yu|Beads of Ruin\n|turn|1\n|\n|t:|1683450531\n|move|p1a: Chi-Yu|Protect|p1a: Chi-Yu\n|-singleturn|p1a: Chi-Yu|Protect\n|move|p2a: Grimmsnarl|Fake Out|p1b: Amoonguss\n|-damage|p1b: Amoonguss|89\/100\n|move|p2b: Chi-Yu|Snarl|p1a: Chi-Yu|[spread] p1b\n|-activate|p1a: Chi-Yu|move: Protect\n|-damage|p1b: Amoonguss|64\/100\n|-unboost|p1b: Amoonguss|spa|1\n|cant|p1b: Amoonguss|flinch\n|\n|upkeep\n|turn|2\n|\n|t:|1683450551\n|move|p1b: Amoonguss|Rage Powder|p1b: Amoonguss\n|-singleturn|p1b: Amoonguss|move: Rage Powder\n|move|p2b: Chi-Yu|Substitute|p2b: Chi-Yu\n|-start|p2b: Chi-Yu|Substitute\n|-damage|p2b: Chi-Yu|76\/100\n|move|p1a: Chi-Yu|Heat Wave|p2a: Grimmsnarl|[spread] p2a,p2b\n|-resisted|p2b: Chi-Yu\n|-activate|p2b: Chi-Yu|move: Substitute|[damage]\n|-damage|p2a: Grimmsnarl|44\/100\n|move|p2a: Grimmsnarl|Spirit Break|p1b: Amoonguss\n|-resisted|p1b: Amoonguss\n|-damage|p1b: Amoonguss|50\/100\n|-unboost|p1b: Amoonguss|spa|1\n|-enditem|p1b: Amoonguss|Sitrus Berry|[eat]\n|-heal|p1b: Amoonguss|75\/100|[from] item: Sitrus Berry\n|\n|upkeep\n|turn|3\n|inactive|momoRX has 30 seconds left.\n|inactive|fdf4544 has 30 seconds left.\n|inactive|momoRX has 20 seconds left.\n|\n|t:|1683450588\n|move|p1b: Amoonguss|Rage Powder|p1b: Amoonguss\n|-singleturn|p1b: Amoonguss|move: Rage Powder\n|move|p2b: Chi-Yu|Snarl|p1b: Amoonguss|[spread] p1a,p1b\n|-resisted|p1a: Chi-Yu\n|-damage|p1a: Chi-Yu|92\/100\n|-damage|p1b: Amoonguss|50\/100\n|-unboost|p1a: Chi-Yu|spa|1\n|-unboost|p1b: Amoonguss|spa|1\n|move|p1a: Chi-Yu|Nasty Plot|p1a: Chi-Yu\n|-boost|p1a: Chi-Yu|spa|2\n|move|p2a: Grimmsnarl|Spirit Break|p1b: Amoonguss\n|-resisted|p1b: Amoonguss\n|-damage|p1b: Amoonguss|37\/100\n|-unboost|p1b: Amoonguss|spa|1\n|\n|-heal|p1a: Chi-Yu|98\/100|[from] item: Leftovers\n|upkeep\n|turn|4\n|\n|t:|1683450607\n|switch|p1b: Ceruledge|Ceruledge, L50, F|100\/100\n|move|p2b: Chi-Yu|Snarl|p1a: Chi-Yu|[spread] p1a,p1b\n|-resisted|p1a: Chi-Yu\n|-supereffective|p1b: Ceruledge\n|-damage|p1a: Chi-Yu|90\/100\n|-damage|p1b: Ceruledge|55\/100\n|-unboost|p1a: Chi-Yu|spa|1\n|move|p1a: Chi-Yu|Dark Pulse|p2b: Chi-Yu\n|-resisted|p2b: Chi-Yu\n|-end|p2b: Chi-Yu|Substitute\n|move|p2a: Grimmsnarl|Spirit Break|p1a: Chi-Yu\n|-damage|p1a: Chi-Yu|47\/100\n|-unboost|p1a: Chi-Yu|spa|1\n|\n|-heal|p1a: Chi-Yu|53\/100|[from] item: Leftovers\n|upkeep\n|turn|5\n|-message|momoRX forfeited.\n|\n|win|fdf4544\n|raw|momoRX's rating: 1095 → 1068<\/strong> (-27 for losing)\n|raw|fdf4544's rating: 1055 → 1090<\/strong> (+35 for winning)\n|l|\u2606momoRX\n","uploadtime":1683450636,"views":12,"p1id":"momorx","p2id":"fdf4544","formatid":"gen9vgc2023regulationc","rating":1068,"private":0,"password":""}