{"id":"gen9vgc2023regulationc-1854221533","p1":"Alexis_student","p2":"InkyWinkyPinky","format":"[Gen 9] VGC 2023 Regulation C","log":"|j|\u2606Alexis_student\n|j|\u2606InkyWinkyPinky\n|t:|1682785291\n|gametype|doubles\n|player|p1|Alexis_student|cyclistf|1107\n|player|p2|InkyWinkyPinky|skierf|1146\n|teamsize|p1|6\n|teamsize|p2|6\n|gen|9\n|tier|[Gen 9] VGC 2023 Regulation C\n|rated|\n|rule|Species Clause: Limit one of each Pok\u00e9mon\n|rule|Item Clause: Limit one of each item\n|clearpoke\n|poke|p1|Chi-Yu, L50|\n|poke|p1|Flutter Mane, L50|\n|poke|p1|Iron Bundle, L50|\n|poke|p1|Kingambit, L50, M|\n|poke|p1|Dragonite, L50, F|\n|poke|p1|Amoonguss, L50, F|\n|poke|p2|Roaring Moon, L50|\n|poke|p2|Torkoal, L50, M|\n|poke|p2|Amoonguss, L50, M|\n|poke|p2|Annihilape, L50, F|\n|poke|p2|Flutter Mane, L50|\n|poke|p2|Cryogonal, L50|\n|teampreview|4\n|inactive|Battle timer is ON: inactive players will automatically lose when time's up. (requested by Alexis_student)\n|inactive|Alexis_student has 60 seconds left.\n|inactive|Alexis_student has 30 seconds left.\n|inactive|Alexis_student has 20 seconds left.\n|inactive|Alexis_student has 15 seconds left.\n|inactive|Alexis_student has 10 seconds left.\n|inactive|Alexis_student has 5 seconds left.\n|\n|t:|1682785380\n|start\n|switch|p1a: Flutter Mane|Flutter Mane, L50|100\/100\n|switch|p1b: Iron Bundle|Iron Bundle, L50|100\/100\n|switch|p2a: Annihilape|Annihilape, L50, F|100\/100\n|switch|p2b: Torkoal|Torkoal, L50, M|100\/100\n|-weather|SunnyDay|[from] ability: Drought|[of] p2b: Torkoal\n|-activate|p1a: Flutter Mane|ability: Protosynthesis\n|-start|p1a: Flutter Mane|protosynthesisspa\n|-enditem|p1b: Iron Bundle|Booster Energy\n|-activate|p1b: Iron Bundle|ability: Quark Drive|[fromitem]\n|-start|p1b: Iron Bundle|quarkdrivespe\n|turn|1\n|inactive|Alexis_student has 30 seconds left.\n|inactive|InkyWinkyPinky has 30 seconds left.\n|inactive|Alexis_student has 20 seconds left.\n|inactive|Alexis_student has 15 seconds left.\n|inactive|Alexis_student has 10 seconds left.\n|inactive|Alexis_student has 5 seconds left.\n|\n|t:|1682785432\n|move|p2b: Torkoal|Protect|p2b: Torkoal\n|-singleturn|p2b: Torkoal|Protect\n|move|p1b: Iron Bundle|Hydro Pump|p2b: Torkoal\n|-activate|p2b: Torkoal|move: Protect\n|move|p1a: Flutter Mane|Shadow Ball|p2b: Torkoal\n|-activate|p2b: Torkoal|move: Protect\n|move|p2a: Annihilape|Drain Punch|p1b: Iron Bundle\n|-supereffective|p1b: Iron Bundle\n|-damage|p1b: Iron Bundle|17\/100\n|\n|-weather|SunnyDay|[upkeep]\n|upkeep\n|turn|2\n|\n|t:|1682785452\n|move|p1b: Iron Bundle|Protect|p1b: Iron Bundle\n|-singleturn|p1b: Iron Bundle|Protect\n|move|p1a: Flutter Mane|Shadow Ball|p2b: Torkoal\n|-damage|p2b: Torkoal|0 fnt\n|faint|p2b: Torkoal\n|move|p2a: Annihilape|Poison Jab|p1a: Flutter Mane\n|-damage|p1a: Flutter Mane|44\/100\n|\n|-weather|SunnyDay|[upkeep]\n|upkeep\n|\n|t:|1682785463\n|switch|p2b: Roaring Moon|Roaring Moon, L50, shiny|100\/100\n|-activate|p2b: Roaring Moon|ability: Protosynthesis\n|-start|p2b: Roaring Moon|protosynthesisatk\n|turn|3\n|\n|t:|1682785486\n|move|p2b: Roaring Moon|Protect|p2b: Roaring Moon\n|-singleturn|p2b: Roaring Moon|Protect\n|move|p1b: Iron Bundle|Freeze-Dry|p2b: Roaring Moon\n|-activate|p2b: Roaring Moon|move: Protect\n|move|p1a: Flutter Mane|Shadow Ball|p2b: Roaring Moon\n|-activate|p2b: Roaring Moon|move: Protect\n|move|p2a: Annihilape|Poison Jab|p1a: Flutter Mane\n|-damage|p1a: Flutter Mane|0 fnt\n|faint|p1a: Flutter Mane\n|-end|p1a: Flutter Mane|Protosynthesis|[silent]\n|\n|-weather|SunnyDay|[upkeep]\n|upkeep\n|\n|t:|1682785498\n|switch|p1a: Chi-Yu|Chi-Yu, L50|100\/100\n|-ability|p1a: Chi-Yu|Beads of Ruin\n|turn|4\n|\n|t:|1682785517\n|move|p1b: Iron Bundle|Icy Wind|p2a: Annihilape|[spread] p2a\n|-miss|p1b: Iron Bundle|p2b: Roaring Moon\n|-damage|p2a: Annihilape|77\/100\n|-unboost|p2a: Annihilape|spe|1\n|move|p2b: Roaring Moon|U-turn|p1b: Iron Bundle\n|-damage|p1b: Iron Bundle|0 fnt\n|faint|p1b: Iron Bundle\n|-end|p1b: Iron Bundle|Quark Drive|[silent]\n|-damage|p2b: Roaring Moon|91\/100|[from] item: Life Orb\n|\n|t:|1682785526\n|-end|p2b: Roaring Moon|Protosynthesis|[silent]\n|switch|p2b: Flutter Mane|Flutter Mane, L50|100\/100|[from] U-turn\n|-activate|p2b: Flutter Mane|ability: Protosynthesis\n|-start|p2b: Flutter Mane|protosynthesisspe\n|move|p1a: Chi-Yu|Flamethrower|p2a: Annihilape\n|-crit|p2a: Annihilape\n|-damage|p2a: Annihilape|0 fnt\n|faint|p2a: Annihilape\n|\n|-weather|SunnyDay|[upkeep]\n|upkeep\n|\n|t:|1682785536\n|switch|p1b: Dragonite|Dragonite, L50, F|100\/100\n|switch|p2a: Roaring Moon|Roaring Moon, L50, shiny|91\/100\n|-activate|p2a: Roaring Moon|ability: Protosynthesis\n|-start|p2a: Roaring Moon|protosynthesisatk\n|turn|5\n|\n|t:|1682785551\n|-terastallize|p2a: Roaring Moon|Steel\n|-terastallize|p1b: Dragonite|Flying\n|move|p2b: Flutter Mane|Protect|p2b: Flutter Mane\n|-singleturn|p2b: Flutter Mane|Protect\n|move|p1a: Chi-Yu|Protect|p1a: Chi-Yu\n|-singleturn|p1a: Chi-Yu|Protect\n|move|p2a: Roaring Moon|Earthquake|p1a: Chi-Yu|[spread] \n|-activate|p2b: Flutter Mane|move: Protect\n|-activate|p1a: Chi-Yu|move: Protect\n|-immune|p1b: Dragonite\n|move|p1b: Dragonite|Tailwind|p1b: Dragonite\n|-sidestart|p1: Alexis_student|move: Tailwind\n|\n|-weather|SunnyDay|[upkeep]\n|upkeep\n|turn|6\n|\n|t:|1682785571\n|move|p2a: Roaring Moon|Protect|p2a: Roaring Moon\n|-singleturn|p2a: Roaring Moon|Protect\n|move|p2b: Flutter Mane|Thunder Wave|p1b: Dragonite\n|-status|p1b: Dragonite|par\n|-enditem|p1b: Dragonite|Lum Berry|[eat]\n|-curestatus|p1b: Dragonite|par|[msg]\n|move|p1a: Chi-Yu|Flamethrower|p2a: Roaring Moon\n|-activate|p2a: Roaring Moon|move: Protect\n|move|p1b: Dragonite|Tera Blast|p2b: Flutter Mane\n|-damage|p2b: Flutter Mane|0 fnt\n|faint|p2b: Flutter Mane\n|-end|p2b: Flutter Mane|Protosynthesis|[silent]\n|\n|-weather|SunnyDay|[upkeep]\n|upkeep\n|turn|7\n|\n|t:|1682785589\n|move|p1a: Chi-Yu|Flamethrower|p2a: Roaring Moon\n|-supereffective|p2a: Roaring Moon\n|-damage|p2a: Roaring Moon|0 fnt\n|faint|p2a: Roaring Moon\n|-end|p2a: Roaring Moon|Protosynthesis|[silent]\n|\n|win|Alexis_student\n|raw|Alexis_student's rating: 1107 → 1135<\/strong> (+28 for winning)\n|raw|InkyWinkyPinky's rating: 1146 → 1118<\/strong> (-28 for losing)\n|l|\u2606InkyWinkyPinky\n","uploadtime":1682785594,"views":16,"p1id":"alexisstudent","p2id":"inkywinkypinky","formatid":"gen9vgc2023regulationc","rating":1118,"private":0,"password":""}