{"id":"gen9vgc2023regulationc-1861134516","p1":"D-scNSe","p2":"pandaplays95","format":"[Gen 9] VGC 2023 Regulation C","log":"|j|\u2606D-scNSe\n|j|\u2606pandaplays95\n|t:|1683729614\n|gametype|doubles\n|player|p1|D-scNSe|169|1381\n|player|p2|pandaplays95|101|1331\n|teamsize|p1|6\n|teamsize|p2|6\n|gen|9\n|tier|[Gen 9] VGC 2023 Regulation C\n|rated|\n|rule|Species Clause: Limit one of each Pok\u00e9mon\n|rule|Item Clause: Limit one of each item\n|clearpoke\n|poke|p1|Flutter Mane, L50|\n|poke|p1|Ting-Lu, L50|\n|poke|p1|Maushold-Four, L50|\n|poke|p1|Annihilape, L50, F|\n|poke|p1|Iron Bundle, L50|\n|poke|p1|Arcanine, L50, M|\n|poke|p2|Kingambit, L50, F|\n|poke|p2|Dragonite, L50, F|\n|poke|p2|Abomasnow, L50, F|\n|poke|p2|Great Tusk, L50|\n|poke|p2|Iron Bundle, L50|\n|poke|p2|Flutter Mane, L50|\n|teampreview|4\n|inactive|Battle timer is ON: inactive players will automatically lose when time's up. (requested by D-scNSe)\nD-scNSe rejected open team sheets.\n|\n|t:|1683729660\n|start\n|switch|p1a: Annihilape|Annihilape, L50, F|100\/100\n|switch|p1b: Maushold|Maushold-Four, L50|100\/100\n|switch|p2a: Abomasnow|Abomasnow, L50, F|100\/100\n|switch|p2b: Iron Bundle|Iron Bundle, L50|100\/100\n|-weather|Snow|[from] ability: Snow Warning|[of] p2a: Abomasnow\n|turn|1\n|inactive|D-scNSe has 30 seconds left.\n|inactive|pandaplays95 has 30 seconds left.\n|inactive|D-scNSe has 20 seconds left.\n|\n|t:|1683729697\n|-end|p2b: Iron Bundle|Quark Drive|[silent]\n|switch|p2b: Flutter Mane|Flutter Mane, L50|100\/100\n|-enditem|p2b: Flutter Mane|Booster Energy\n|-activate|p2b: Flutter Mane|ability: Protosynthesis|[fromitem]\n|-start|p2b: Flutter Mane|protosynthesisspe\n|-terastallize|p1a: Annihilape|Fire\n|move|p1b: Maushold|Feint|p2b: Flutter Mane\n|-immune|p2b: Flutter Mane\n|move|p1a: Annihilape|Drain Punch|p2b: Flutter Mane\n|-immune|p2b: Flutter Mane\n|move|p2a: Abomasnow|Aurora Veil|p2a: Abomasnow\n|-sidestart|p2: pandaplays95|move: Aurora Veil\n|\n|-weather|Snow|[upkeep]\n|upkeep\n|turn|2\n|inactive|pandaplays95 has 30 seconds left.\n|\n|t:|1683729727\n|move|p2b: Flutter Mane|Shadow Ball|p1a: Annihilape\n|-damage|p1a: Annihilape|71\/100\n|move|p1b: Maushold|Beat Up|p1a: Annihilape\n|-damage|p1a: Annihilape|69\/100\n|-damage|p1a: Annihilape|67\/100\n|-damage|p1a: Annihilape|65\/100\n|-damage|p1a: Annihilape|63\/100\n|-hitcount|p1a: Annihilape|4\n|move|p1a: Annihilape|Rage Fist|p2b: Flutter Mane\n|-supereffective|p2b: Flutter Mane\n|-damage|p2b: Flutter Mane|0 fnt\n|faint|p2b: Flutter Mane\n|-end|p2b: Flutter Mane|Protosynthesis|[silent]\n|move|p2a: Abomasnow|Blizzard|p1a: Annihilape|[spread] p1a,p1b\n|-resisted|p1a: Annihilape\n|-damage|p1a: Annihilape|52\/100\n|-damage|p1b: Maushold|63\/100\n|\n|-weather|Snow|[upkeep]\n|-heal|p1a: Annihilape|58\/100|[from] item: Leftovers\n|upkeep\n|\n|t:|1683729734\n|switch|p2b: Iron Bundle|Iron Bundle, L50|100\/100\n|turn|3\n|\n|t:|1683729753\n|move|p1b: Maushold|Follow Me|p1b: Maushold\n|-singleturn|p1b: Maushold|move: Follow Me\n|move|p2b: Iron Bundle|Hydro Pump|p1b: Maushold\n|-damage|p1b: Maushold|0 fnt\n|faint|p1b: Maushold\n|move|p1a: Annihilape|Drain Punch|p2b: Iron Bundle\n|-supereffective|p2b: Iron Bundle\n|-damage|p2b: Iron Bundle|54\/100\n|-heal|p1a: Annihilape|72\/100|[from] drain|[of] p2b: Iron Bundle\n|move|p2a: Abomasnow|Blizzard|p1a: Annihilape\n|-resisted|p1a: Annihilape\n|-damage|p1a: Annihilape|48\/100\n|\n|-weather|Snow|[upkeep]\n|-heal|p1a: Annihilape|54\/100|[from] item: Leftovers\n|upkeep\n|\n|t:|1683729769\n|switch|p1b: Flutter Mane|Flutter Mane, L50|100\/100\n|-enditem|p1b: Flutter Mane|Booster Energy\n|-activate|p1b: Flutter Mane|ability: Protosynthesis|[fromitem]\n|-start|p1b: Flutter Mane|protosynthesisspe\n|turn|4\n|\n|t:|1683729780\n|move|p1a: Annihilape|Protect|p1a: Annihilape\n|-singleturn|p1a: Annihilape|Protect\n|move|p1b: Flutter Mane|Thunderbolt|p2b: Iron Bundle\n|-supereffective|p2b: Iron Bundle\n|-damage|p2b: Iron Bundle|0 fnt\n|faint|p2b: Iron Bundle\n|-end|p2b: Iron Bundle|Quark Drive|[silent]\n|move|p2a: Abomasnow|Blizzard|p1a: Annihilape|[spread] p1b\n|-activate|p1a: Annihilape|move: Protect\n|-damage|p1b: Flutter Mane|65\/100\n|\n|-weather|Snow|[upkeep]\n|-heal|p1a: Annihilape|60\/100|[from] item: Leftovers\n|upkeep\n|\n|t:|1683729782\n|switch|p2b: Kingambit|Kingambit, L50, F|100\/100\n|turn|5\n|inactive|pandaplays95 has 30 seconds left.\n|inactive|pandaplays95 has 20 seconds left.\n|\n|t:|1683729820\n|-terastallize|p2b: Kingambit|Fire\n|move|p1b: Flutter Mane|Protect|p1b: Flutter Mane\n|-singleturn|p1b: Flutter Mane|Protect\n|move|p1a: Annihilape|Drain Punch|p2b: Kingambit\n|-damage|p2b: Kingambit|82\/100\n|-heal|p1a: Annihilape|69\/100|[from] drain|[of] p2b: Kingambit\n|move|p2a: Abomasnow|Blizzard|p1a: Annihilape|[spread] p1a\n|-activate|p1b: Flutter Mane|move: Protect\n|-resisted|p1a: Annihilape\n|-damage|p1a: Annihilape|53\/100\n|move|p2b: Kingambit|Kowtow Cleave|p1a: Annihilape\n|-damage|p1a: Annihilape|0 fnt\n|faint|p1a: Annihilape\n|\n|-weather|none\n|-sideend|p2: pandaplays95|move: Aurora Veil\n|upkeep\n|\n|t:|1683729837\n|switch|p1a: Arcanine|Arcanine, L50, M|100\/100\n|-ability|p1a: Arcanine|Intimidate|boost\n|-unboost|p2a: Abomasnow|atk|1\n|-unboost|p2b: Kingambit|atk|1\n|-ability|p2b: Kingambit|Defiant|boost\n|-boost|p2b: Kingambit|atk|2\n|turn|6\n|\n|t:|1683729855\n|move|p1b: Flutter Mane|Shadow Ball|p2b: Kingambit\n|-damage|p2b: Kingambit|53\/100\n|move|p1a: Arcanine|Flare Blitz|p2a: Abomasnow\n|-supereffective|p2a: Abomasnow\n|-enditem|p2a: Abomasnow|Focus Sash\n|-damage|p2a: Abomasnow|1\/100\n|-damage|p1a: Arcanine|68\/100|[from] Recoil\n|move|p2a: Abomasnow|Leaf Storm|p1b: Flutter Mane\n|-damage|p1b: Flutter Mane|6\/100\n|-unboost|p2a: Abomasnow|spa|2\n|move|p2b: Kingambit|Kowtow Cleave|p1a: Arcanine\n|-damage|p1a: Arcanine|0 fnt\n|faint|p1a: Arcanine\n|\n|upkeep\n|turn|7\n|c|\u2606pandaplays95|gg\n|\n|t:|1683729876\n|move|p2b: Kingambit|Sucker Punch|p1b: Flutter Mane\n|-damage|p1b: Flutter Mane|0 fnt\n|faint|p1b: Flutter Mane\n|-end|p1b: Flutter Mane|Protosynthesis|[silent]\n|\n|win|pandaplays95\n|raw|D-scNSe's rating: 1381 → 1358<\/strong> (-23 for losing)\n|raw|pandaplays95's rating: 1331 → 1354<\/strong> (+23 for winning)\n","uploadtime":1683729881,"views":6,"p1id":"dscnse","p2id":"pandaplays95","formatid":"gen9vgc2023regulationc","rating":1354,"private":0,"password":""}