{"id":"gen9vgc2023regulationc-1860863187","p1":"JayMcG1010","p2":"Can'tStopFalling","format":"[Gen 9] VGC 2023 Regulation C","log":"|j|\u2606JayMcG1010\n|j|\u2606Can'tStopFalling\n|t:|1683687280\n|gametype|doubles\n|player|p1|JayMcG1010|101|\n|player|p2|Can'tStopFalling|parasollady|\n|teamsize|p1|6\n|teamsize|p2|6\n|gen|9\n|tier|[Gen 9] VGC 2023 Regulation C\n|rule|Species Clause: Limit one of each Pok\u00e9mon\n|rule|Item Clause: Limit one of each item\n|clearpoke\n|poke|p1|Orthworm, L50, F|\n|poke|p1|Garganacl, L50, F|\n|poke|p1|Flutter Mane, L50|\n|poke|p1|Ting-Lu, L50|\n|poke|p1|Amoonguss, L50, F|\n|poke|p1|Dragonite, L50, M|\n|poke|p2|Iron Bundle, L50|\n|poke|p2|Amoonguss, L50, F|\n|poke|p2|Arcanine, L50, F|\n|poke|p2|Flutter Mane, L50|\n|poke|p2|Stonjourner, L50, M|\n|poke|p2|Farigiraf, L50, F|\n|teampreview|4\nCan'tStopFalling has agreed to open team sheets.\n|c|\u2606JayMcG1010|g2\nJayMcG1010 has agreed to open team sheets.\n|j| AGSilver935\n|j| repeatt\n|c|\u2606JayMcG1010|glhf!\n|j| Bauerdad\n|c| Bauerdad|gl hf y'all\n|c|\u2606Can'tStopFalling|glhf\n|l| repeatt\n|\n|t:|1683687668\n|start\n|switch|p1a: Orthworm|Orthworm, L50, F, shiny|100\/100\n|switch|p1b: Ting-Lu|Ting-Lu, L50|100\/100\n|switch|p2a: Naranja|Amoonguss, L50, F|100\/100\n|switch|p2b: Parchita|Flutter Mane, L50|100\/100\n|-ability|p1b: Ting-Lu|Vessel of Ruin\n|turn|1\n|j| repeatt\n|\n|t:|1683687690\n|switch|p1b: Garganacl|Garganacl, L50, F, shiny|100\/100\n|move|p2b: Parchita|Protect|p2b: Parchita\n|-singleturn|p2b: Parchita|Protect\n|move|p1a: Orthworm|Shed Tail|p1a: Orthworm\n|-start|p1a: Orthworm|Substitute|[from] move: Shed Tail\n|-damage|p1a: Orthworm|50\/100\n|-enditem|p1a: Orthworm|Sitrus Berry|[eat]\n|-heal|p1a: Orthworm|75\/100|[from] item: Sitrus Berry\n|\n|t:|1683687699\n|switch|p1a: Flutter Mane|Flutter Mane, L50|100\/100|[from] Shed Tail\n|move|p2a: Naranja|Spore|p1b: Garganacl\n|-immune|p1b: Garganacl|[from] ability: Purifying Salt\n|\n|upkeep\n|turn|2\n|\n|t:|1683687714\n|-terastallize|p2b: Parchita|Fairy\n|move|p2a: Naranja|Rage Powder|p2a: Naranja\n|-singleturn|p2a: Naranja|move: Rage Powder\n|move|p1a: Flutter Mane|Shadow Ball|p2a: Naranja\n|-damage|p2a: Naranja|59\/100\n|-damage|p1a: Flutter Mane|91\/100|[from] item: Life Orb\n|move|p2b: Parchita|Dazzling Gleam|p1b: Garganacl|[spread] p1a,p1b\n|-end|p1a: Flutter Mane|Substitute\n|-damage|p1b: Garganacl|65\/100\n|-damage|p2b: Parchita|91\/100|[from] item: Life Orb\n|move|p1b: Garganacl|Salt Cure|p2a: Naranja\n|-damage|p2a: Naranja|48\/100\n|-start|p2a: Naranja|Salt Cure\n|-enditem|p2a: Naranja|Sitrus Berry|[eat]\n|-heal|p2a: Naranja|73\/100|[from] item: Sitrus Berry\n|\n|-heal|p1b: Garganacl|71\/100|[from] item: Leftovers\n|-damage|p2a: Naranja|60\/100|[from] Salt Cure\n|upkeep\n|turn|3\n|\n|t:|1683687748\n|switch|p2a: Papaya|Stonjourner, L50, M|100\/100\n|-terastallize|p1b: Garganacl|Poison\n|move|p1a: Flutter Mane|Protect|p1a: Flutter Mane\n|-singleturn|p1a: Flutter Mane|Protect\n|move|p2b: Parchita|Moonblast|p1b: Garganacl\n|-resisted|p1b: Garganacl\n|-damage|p1b: Garganacl|32\/100\n|-unboost|p1b: Garganacl|spa|1\n|-damage|p2b: Parchita|81\/100|[from] item: Life Orb\n|move|p1b: Garganacl|Salt Cure|p2a: Papaya\n|-damage|p2a: Papaya|88\/100\n|-start|p2a: Papaya|Salt Cure\n|\n|-heal|p1b: Garganacl|38\/100|[from] item: Leftovers\n|-damage|p2a: Papaya|76\/100|[from] Salt Cure\n|upkeep\n|turn|4\n|\n|t:|1683687807\n|switch|p2a: Naranja|Amoonguss, L50, F|94\/100\n|switch|p1b: Orthworm|Orthworm, L50, F, shiny|75\/100\n|move|p2b: Parchita|Protect|p2b: Parchita\n|-singleturn|p2b: Parchita|Protect\n|move|p1a: Flutter Mane|Moonblast|p2a: Naranja\n|-resisted|p2a: Naranja\n|-damage|p2a: Naranja|69\/100\n|-damage|p1a: Flutter Mane|82\/100|[from] item: Life Orb\n|\n|upkeep\n|turn|5\n|j| JayVGC YT\n|\n|t:|1683687833\n|move|p2a: Naranja|Rage Powder|p2a: Naranja\n|-singleturn|p2a: Naranja|move: Rage Powder\n|move|p1a: Flutter Mane|Shadow Ball|p2a: Naranja\n|-damage|p2a: Naranja|26\/100\n|-unboost|p2a: Naranja|spd|1\n|-damage|p1a: Flutter Mane|72\/100|[from] item: Life Orb\n|move|p2b: Parchita|Dazzling Gleam|p1a: Flutter Mane|[spread] p1a,p1b\n|-resisted|p1b: Orthworm\n|-damage|p1a: Flutter Mane|26\/100\n|-damage|p1b: Orthworm|43\/100\n|-damage|p2b: Parchita|71\/100|[from] item: Life Orb\n|move|p1b: Orthworm|Heavy Slam|p2a: Naranja\n|-damage|p2a: Naranja|0 fnt\n|faint|p2a: Naranja\n|\n|upkeep\n|l| repeatt\n|\n|t:|1683687845\n|switch|p2a: Frambuesa|Iron Bundle, L50|100\/100\n|-enditem|p2a: Frambuesa|Booster Energy\n|-activate|p2a: Frambuesa|ability: Quark Drive|[fromitem]\n|-start|p2a: Frambuesa|quarkdrivespe\n|turn|6\n|l| JayVGC YT\n|\n|t:|1683687874\n|move|p2a: Frambuesa|Icy Wind|p1a: Flutter Mane|[spread] p1a,p1b\n|-resisted|p1b: Orthworm\n|-damage|p1a: Flutter Mane|7\/100\n|-damage|p1b: Orthworm|30\/100\n|-unboost|p1a: Flutter Mane|spe|1\n|-unboost|p1b: Orthworm|spe|1\n|move|p2b: Parchita|Dazzling Gleam|p1b: Orthworm|[spread] p1a,p1b\n|-resisted|p1b: Orthworm\n|-damage|p1a: Flutter Mane|0 fnt\n|-damage|p1b: Orthworm|0 fnt\n|faint|p1a: Flutter Mane\n|-end|p1a: Flutter Mane|Protosynthesis|[silent]\n|faint|p1b: Orthworm\n|-damage|p2b: Parchita|61\/100|[from] item: Life Orb\n|\n|upkeep\n|\n|t:|1683687886\n|switch|p1a: Ting-Lu|Ting-Lu, L50|100\/100\n|switch|p1b: Garganacl|Garganacl, L50, F, shiny, tera:Poison|38\/100\n|-ability|p1a: Ting-Lu|Vessel of Ruin\n|turn|7\n|\n|t:|1683687900\n|move|p2b: Parchita|Protect|p2b: Parchita\n|-singleturn|p2b: Parchita|Protect\n|move|p2a: Frambuesa|Hydro Pump|p1b: Garganacl\n|-damage|p1b: Garganacl|7\/100\n|move|p1a: Ting-Lu|Heavy Slam|p2b: Parchita\n|-activate|p2b: Parchita|move: Protect\n|move|p1b: Garganacl|Salt Cure|p2a: Frambuesa\n|-supereffective|p2a: Frambuesa\n|-damage|p2a: Frambuesa|64\/100\n|-start|p2a: Frambuesa|Salt Cure\n|\n|-heal|p1b: Garganacl|13\/100|[from] item: Leftovers\n|-damage|p2a: Frambuesa|39\/100|[from] Salt Cure\n|upkeep\n|turn|8\n|\n|t:|1683687937\n|move|p1b: Garganacl|Protect|p1b: Garganacl\n|-singleturn|p1b: Garganacl|Protect\n|move|p2a: Frambuesa|Hydro Pump|p1a: Ting-Lu|[miss]\n|-miss|p2a: Frambuesa|p1a: Ting-Lu\n|move|p2b: Parchita|Moonblast|p1a: Ting-Lu\n|-supereffective|p1a: Ting-Lu\n|-crit|p1a: Ting-Lu\n|-damage|p1a: Ting-Lu|14\/100\n|-unboost|p1a: Ting-Lu|spa|1\n|-damage|p2b: Parchita|52\/100|[from] item: Life Orb\n|move|p1a: Ting-Lu|Earthquake|p2a: Frambuesa|[spread] p2a,p2b\n|-activate|p1b: Garganacl|move: Protect\n|-crit|p2b: Parchita\n|-damage|p2a: Frambuesa|0 fnt\n|-damage|p2b: Parchita|0 fnt\n|faint|p2a: Frambuesa\n|-end|p2a: Frambuesa|Quark Drive|[silent]\n|faint|p2b: Parchita\n|-end|p2b: Parchita|Protosynthesis|[silent]\n|\n|-heal|p1b: Garganacl|19\/100|[from] item: Leftovers\n|upkeep\n|\n|t:|1683687942\n|switch|p2b: Papaya|Stonjourner, L50, M|76\/100\n|turn|9\n|c|\u2606JayMcG1010|ggs!\n|c|\u2606Can'tStopFalling|gg\n|\n|t:|1683687966\n|move|p2b: Papaya|Low Kick|p1a: Ting-Lu\n|-supereffective|p1a: Ting-Lu\n|-damage|p1a: Ting-Lu|0 fnt\n|faint|p1a: Ting-Lu\n|move|p1b: Garganacl|Recover|p1b: Garganacl\n|-heal|p1b: Garganacl|69\/100\n|\n|-heal|p1b: Garganacl|75\/100|[from] item: Leftovers\n|upkeep\n|turn|10\n|\n|t:|1683687973\n|move|p2b: Papaya|Rock Slide|p1b: Garganacl\n|-damage|p1b: Garganacl|47\/100\n|move|p1b: Garganacl|Salt Cure|p2b: Papaya\n|-damage|p2b: Papaya|66\/100\n|-start|p2b: Papaya|Salt Cure\n|\n|-heal|p1b: Garganacl|53\/100|[from] item: Leftovers\n|-damage|p2b: Papaya|54\/100|[from] Salt Cure\n|upkeep\n|turn|11\n|c|\u2606JayMcG1010|sorry i forgot you had this in back\n|\n|t:|1683687986\n|move|p1b: Garganacl|Protect|p1b: Garganacl\n|-singleturn|p1b: Garganacl|Protect\n|move|p2b: Papaya|Rock Slide|p1b: Garganacl\n|-activate|p1b: Garganacl|move: Protect\n|\n|-heal|p1b: Garganacl|58\/100|[from] item: Leftovers\n|-damage|p2b: Papaya|42\/100|[from] Salt Cure\n|upkeep\n|turn|12\n|c|\u2606Can'tStopFalling|i thrw\n|c|\u2606Can'tStopFalling|should have rock slide\n|\n|t:|1683687996\n|move|p2b: Papaya|Rock Slide|p1b: Garganacl|[miss]\n|-miss|p2b: Papaya|p1b: Garganacl\n|move|p1b: Garganacl|Recover|p1b: Garganacl\n|-heal|p1b: Garganacl|100\/100\n|\n|-damage|p2b: Papaya|30\/100|[from] Salt Cure\n|upkeep\n|turn|13\n|-message|Can'tStopFalling forfeited.\n|\n|win|JayMcG1010\n|l|\u2606Can'tStopFalling\n|c|\u2606JayMcG1010|ggs!\n","uploadtime":1683688008,"views":17,"p1id":"jaymcg1010","p2id":"cantstopfalling","formatid":"gen9vgc2023regulationc","rating":0,"private":0,"password":""}