{"id":"gen9vgc2023regulationc-1857638575","p1":"RuinationCreation","p2":"Larry08","format":"[Gen 9] VGC 2023 Regulation C","log":"|j|\u203dRuinationCreation\n|j|\u2606Larry08\n|t:|1683216622\n|gametype|doubles\n|player|p1|RuinationCreation|youngster-gen4dp|1057\n|player|p2|Larry08|ninjaboy|1000\n|teamsize|p1|6\n|teamsize|p2|6\n|gen|9\n|tier|[Gen 9] VGC 2023 Regulation C\n|rated|\n|rule|Species Clause: Limit one of each Pok\u00e9mon\n|rule|Item Clause: Limit one of each item\n|clearpoke\n|poke|p1|Arcanine, L50, F|\n|poke|p1|Espathra, L50, F|\n|poke|p1|Flamigo, L50, F|\n|poke|p1|Flutter Mane, L50|\n|poke|p1|Garchomp, L50, M|\n|poke|p1|Maushold, L50|\n|poke|p2|Gothitelle, L50, F|\n|poke|p2|Maushold, L50|\n|poke|p2|Flutter Mane, L50|\n|poke|p2|Dragonite, L50, F|\n|poke|p2|Arcanine, L50, M|\n|poke|p2|Ceruledge, L50, F|\n|teampreview|4\n|\n|t:|1683216656\n|start\n|switch|p1a: Espathra|Espathra, L50, F|100\/100\n|switch|p1b: Maushold|Maushold, L50|100\/100\n|switch|p2a: Gothitelle|Gothitelle, L50, F|100\/100\n|switch|p2b: Flutter Mane|Flutter Mane, L50|100\/100\n|-enditem|p2b: Flutter Mane|Booster Energy\n|-activate|p2b: Flutter Mane|ability: Protosynthesis|[fromitem]\n|-start|p2b: Flutter Mane|protosynthesisspe\n|turn|1\n|\n|t:|1683216677\n|move|p2a: Gothitelle|Protect|p2a: Gothitelle\n|-singleturn|p2a: Gothitelle|Protect\n|move|p2b: Flutter Mane|Perish Song|p2b: Flutter Mane\n|-start|p1a: Espathra|perish3|[silent]\n|-start|p1b: Maushold|perish3|[silent]\n|-start|p2a: Gothitelle|perish3|[silent]\n|-start|p2b: Flutter Mane|perish3|[silent]\n|-fieldactivate|move: Perish Song\n|move|p1a: Espathra|Lumina Crash|p2a: Gothitelle\n|-activate|p2a: Gothitelle|move: Protect\n|move|p1b: Maushold|Super Fang|p2a: Gothitelle\n|-activate|p2a: Gothitelle|move: Protect\n|\n|-start|p2b: Flutter Mane|perish3\n|-start|p1a: Espathra|perish3\n|-start|p1b: Maushold|perish3\n|-start|p2a: Gothitelle|perish3\n|-ability|p1a: Espathra|Speed Boost|boost\n|-boost|p1a: Espathra|spe|1\n|upkeep\n|turn|2\n|\n|t:|1683216705\n|move|p2b: Flutter Mane|Shadow Ball|p1a: Espathra\n|-supereffective|p1a: Espathra\n|-damage|p1a: Espathra|15\/100\n|move|p1a: Espathra|Lumina Crash|p2a: Gothitelle\n|-resisted|p2a: Gothitelle\n|-damage|p2a: Gothitelle|81\/100\n|-unboost|p2a: Gothitelle|spd|2\n|-damage|p1a: Espathra|5\/100|[from] item: Life Orb\n|move|p1b: Maushold|Super Fang|p2a: Gothitelle\n|-damage|p2a: Gothitelle|41\/100\n|move|p2a: Gothitelle|Psyshock|p1a: Espathra\n|-resisted|p1a: Espathra\n|-damage|p1a: Espathra|0 fnt\n|faint|p1a: Espathra\n|\n|-start|p2b: Flutter Mane|perish2\n|-start|p1b: Maushold|perish2\n|-start|p2a: Gothitelle|perish2\n|upkeep\n|\n|t:|1683216725\n|switch|p1a: Flutter Mane|Flutter Mane, L50|100\/100\n|-enditem|p1a: Flutter Mane|Booster Energy\n|-activate|p1a: Flutter Mane|ability: Protosynthesis|[fromitem]\n|-start|p1a: Flutter Mane|protosynthesisspa\n|turn|3\n|\n|t:|1683216739\n|move|p2b: Flutter Mane|Protect|p2b: Flutter Mane\n|-singleturn|p2b: Flutter Mane|Protect\n|move|p2a: Gothitelle|Protect|p2a: Gothitelle\n|-singleturn|p2a: Gothitelle|Protect\n|move|p1a: Flutter Mane|Substitute|p1a: Flutter Mane\n|-start|p1a: Flutter Mane|Substitute\n|-damage|p1a: Flutter Mane|76\/100\n|move|p1b: Maushold|Super Fang|p2a: Gothitelle\n|-activate|p2a: Gothitelle|move: Protect\n|\n|-start|p2b: Flutter Mane|perish1\n|-start|p1b: Maushold|perish1\n|-start|p2a: Gothitelle|perish1\n|upkeep\n|turn|4\n|\n|t:|1683216788\n|-end|p2b: Flutter Mane|Protosynthesis|[silent]\n|switch|p2b: Maushold|Maushold, L50|100\/100\n|switch|p2a: Ceruledge|Ceruledge, L50, F|100\/100\n|move|p1b: Maushold|Follow Me|p1b: Maushold\n|-singleturn|p1b: Maushold|move: Follow Me\n|move|p1a: Flutter Mane|Shadow Ball|p2b: Maushold\n|-immune|p2b: Maushold\n|\n|-start|p1b: Maushold|perish0\n|upkeep\n|faint|p1b: Maushold\n|\n|t:|1683216800\n|switch|p1b: Arcanine|Arcanine, L50, F|100\/100\n|-ability|p1b: Arcanine|Intimidate|boost\n|-fail|p2a: Ceruledge|unboost|[from] item: Clear Amulet|[of] p2a: Ceruledge\n|-unboost|p2b: Maushold|atk|1\n|turn|5\n|l|\u203dRuinationCreation\n|player|p1|\n|inactive|Battle timer is ON: inactive players will automatically lose when time's up. (requested by Larry08)\n|inactive|RuinationCreation has 30 seconds to reconnect!\n|inactive|RuinationCreation has 20 seconds to reconnect!\n|inactive|RuinationCreation has 15 seconds to reconnect!\n|inactive|RuinationCreation has 10 seconds to reconnect!\n|inactive|RuinationCreation has 5 seconds to reconnect!\n|-message|RuinationCreation lost due to inactivity.\n|\n|win|Larry08\n|raw|RuinationCreation's rating: 1057 → 1035<\/strong> (-22 for losing)\n|raw|Larry08's rating: 1000 → 1047<\/strong> (+47 for winning)\n","uploadtime":1683217023,"views":7,"p1id":"ruinationcreation","p2id":"larry08","formatid":"gen9vgc2023regulationc","rating":1035,"private":0,"password":""}