{"id":"gen9vgc2023regulationc-1862854675","p1":"Torrain","p2":"taterstotz","format":"[Gen 9] VGC 2023 Regulation C","log":"|j|\u2606Torrain\n|j|\u2606taterstotz\n|t:|1683929665\n|gametype|doubles\n|player|p1|Torrain|juan|1467\n|player|p2|taterstotz|266|1452\n|teamsize|p1|6\n|teamsize|p2|6\n|gen|9\n|tier|[Gen 9] VGC 2023 Regulation C\n|rated|\n|rule|Species Clause: Limit one of each Pok\u00e9mon\n|rule|Item Clause: Limit one of each item\n|clearpoke\n|poke|p1|Torkoal, L50, M|\n|poke|p1|Jumpluff, L50, F|\n|poke|p1|Great Tusk, L50|\n|poke|p1|Chi-Yu, L50|\n|poke|p1|Flutter Mane, L50|\n|poke|p1|Brute Bonnet, L50|\n|poke|p2|Palafin, L50, F|\n|poke|p2|Pelipper, L50, M|\n|poke|p2|Amoonguss, L50, F|\n|poke|p2|Scream Tail, L50|\n|poke|p2|Gothitelle, L50, F|\n|poke|p2|Kingambit, L50, F|\n|teampreview|4\n|inactive|Battle timer is ON: inactive players will automatically lose when time's up. (requested by taterstotz)\n|inactive|Torrain also wants the timer to be on.\ntaterstotz has agreed to open team sheets.\n|\n|t:|1683929690\n|start\n|switch|p1a: Flutter Mane|Flutter Mane, L50|100\/100\n|switch|p1b: Jumpluff|Jumpluff, L50, F, shiny|100\/100\n|switch|p2a: Scream Tail|Scream Tail, L50|100\/100\n|switch|p2b: Palafin|Palafin, L50, F|100\/100\n|-enditem|p2a: Scream Tail|Booster Energy\n|-activate|p2a: Scream Tail|ability: Protosynthesis|[fromitem]\n|-start|p2a: Scream Tail|protosynthesisspe\n|turn|1\n|\n|t:|1683929706\n|switch|p1b: Torkoal|Torkoal, L50, M|100\/100\n|-weather|SunnyDay|[from] ability: Drought|[of] p1b: Torkoal\n|-activate|p1a: Flutter Mane|ability: Protosynthesis\n|-start|p1a: Flutter Mane|protosynthesisspe\n|detailschange|p2b: Palafin|Palafin-Hero, L50, F\n|switch|p2b: Gothitelle|Gothitelle, L50, F|100\/100\n|-terastallize|p2a: Scream Tail|Grass\n|move|p1a: Flutter Mane|Shadow Ball|p2a: Scream Tail\n|-damage|p2a: Scream Tail|52\/100\n|move|p2a: Scream Tail|Perish Song|p2a: Scream Tail\n|-start|p1a: Flutter Mane|perish3|[silent]\n|-start|p1b: Torkoal|perish3|[silent]\n|-start|p2a: Scream Tail|perish3|[silent]\n|-start|p2b: Gothitelle|perish3|[silent]\n|-fieldactivate|move: Perish Song\n|\n|-weather|SunnyDay|[upkeep]\n|-start|p1a: Flutter Mane|perish3\n|-start|p2a: Scream Tail|perish3\n|-start|p2b: Gothitelle|perish3\n|-start|p1b: Torkoal|perish3\n|upkeep\n|turn|2\n|inactive|taterstotz has 30 seconds left.\n|\n|t:|1683929739\n|move|p2b: Gothitelle|Fake Out|p1b: Torkoal\n|-damage|p1b: Torkoal|97\/100\n|move|p1a: Flutter Mane|Shadow Ball|p2b: Gothitelle\n|-supereffective|p2b: Gothitelle\n|-damage|p2b: Gothitelle|0 fnt\n|faint|p2b: Gothitelle\n|move|p2a: Scream Tail|Disable|p1a: Flutter Mane\n|-start|p1a: Flutter Mane|Disable|Shadow Ball\n|cant|p1b: Torkoal|flinch\n|\n|-weather|SunnyDay|[upkeep]\n|-start|p1a: Flutter Mane|perish2\n|-start|p2a: Scream Tail|perish2\n|-start|p1b: Torkoal|perish2\n|upkeep\n|\n|t:|1683929748\n|switch|p2b: Palafin|Palafin-Hero, L50, F|100\/100\n|-activate|p2b: Palafin|ability: Zero to Hero\n|turn|3\n|\n|t:|1683929754\n|-end|p1a: Flutter Mane|Protosynthesis|[silent]\n|switch|p1a: Brute Bonnet|Brute Bonnet, L50|100\/100\n|-activate|p1a: Brute Bonnet|ability: Protosynthesis\n|-start|p1a: Brute Bonnet|protosynthesisatk\n|-end|p2a: Scream Tail|Protosynthesis|[silent]\n|switch|p2a: Pelipper|Pelipper, L50, M|100\/100\n|-weather|RainDance|[from] ability: Drizzle|[of] p2a: Pelipper\n|-end|p1a: Brute Bonnet|Protosynthesis\n|move|p2b: Palafin|Jet Punch|p1a: Brute Bonnet\n|-resisted|p1a: Brute Bonnet\n|-damage|p1a: Brute Bonnet|71\/100\n|move|p1b: Torkoal|Overheat|p2a: Pelipper\n|-resisted|p2a: Pelipper\n|-damage|p2a: Pelipper|89\/100\n|-unboost|p1b: Torkoal|spa|2\n|-enditem|p1b: Torkoal|Eject Pack\n|\n|t:|1683929768\n|switch|p1b: Jumpluff|Jumpluff, L50, F, shiny|100\/100\n|\n|-weather|RainDance|[upkeep]\n|upkeep\n|turn|4\n|\n|t:|1683929785\n|switch|p1b: Torkoal|Torkoal, L50, M|97\/100\n|-weather|SunnyDay|[from] ability: Drought|[of] p1b: Torkoal\n|-activate|p1a: Brute Bonnet|ability: Protosynthesis\n|-start|p1a: Brute Bonnet|protosynthesisatk\n|move|p2b: Palafin|Protect|p2b: Palafin\n|-singleturn|p2b: Palafin|Protect\n|move|p2a: Pelipper|Hurricane|p1b: Torkoal\n|-damage|p1b: Torkoal|47\/100\n|-start|p1b: Torkoal|confusion\n|move|p1a: Brute Bonnet|Bullet Seed|p2b: Palafin\n|-activate|p2b: Palafin|move: Protect\n|\n|-weather|SunnyDay|[upkeep]\n|upkeep\n|turn|5\n|\n|t:|1683929803\n|switch|p2a: Scream Tail|Scream Tail, L50, tera:Grass|52\/100\n|-activate|p2a: Scream Tail|ability: Protosynthesis\n|-start|p2a: Scream Tail|protosynthesisspe\n|switch|p1b: Jumpluff|Jumpluff, L50, F, shiny|100\/100\n|move|p2b: Palafin|Close Combat|p1a: Brute Bonnet\n|-supereffective|p1a: Brute Bonnet\n|-damage|p1a: Brute Bonnet|0 fnt\n|-unboost|p2b: Palafin|def|1\n|-unboost|p2b: Palafin|spd|1\n|faint|p1a: Brute Bonnet\n|-end|p1a: Brute Bonnet|Protosynthesis|[silent]\n|\n|-weather|SunnyDay|[upkeep]\n|upkeep\n|\n|t:|1683929821\n|switch|p1a: Torkoal|Torkoal, L50, M|47\/100\n|turn|6\n|inactive|taterstotz has 30 seconds left.\n|\n|t:|1683929848\n|switch|p2b: Pelipper|Pelipper, L50, M|89\/100\n|-weather|RainDance|[from] ability: Drizzle|[of] p2b: Pelipper\n|-end|p2a: Scream Tail|Protosynthesis\n|move|p1a: Torkoal|Protect|p1a: Torkoal\n|-singleturn|p1a: Torkoal|Protect\n|move|p1b: Jumpluff|Leaf Storm|p2b: Pelipper\n|-damage|p2b: Pelipper|53\/100\n|-unboost|p1b: Jumpluff|spa|2\n|move|p2a: Scream Tail|Play Rough|p1b: Jumpluff\n|-damage|p1b: Jumpluff|62\/100\n|\n|-weather|RainDance|[upkeep]\n|upkeep\n|turn|7\n|inactive|Torrain has 30 seconds left.\n|inactive|taterstotz has 30 seconds left.\n|inactive|Torrain has 20 seconds left.\n|\n|t:|1683929884\n|switch|p1b: Flutter Mane|Flutter Mane, L50|100\/100\n|move|p2a: Scream Tail|Play Rough|p1a: Torkoal|[miss]\n|-miss|p2a: Scream Tail|p1a: Torkoal\n|move|p2b: Pelipper|Hydro Pump|p1a: Torkoal\n|-supereffective|p1a: Torkoal\n|-damage|p1a: Torkoal|0 fnt\n|faint|p1a: Torkoal\n|\n|-weather|RainDance|[upkeep]\n|upkeep\n|\n|t:|1683929892\n|switch|p1a: Jumpluff|Jumpluff, L50, F, shiny|62\/100\n|turn|8\n|\n|t:|1683929910\n|-terastallize|p1b: Flutter Mane|Fairy\n|move|p1b: Flutter Mane|Moonblast|p2a: Scream Tail\n|-damage|p2a: Scream Tail|0 fnt\n|faint|p2a: Scream Tail\n|-end|p2a: Scream Tail|Protosynthesis|[silent]\n|move|p1a: Jumpluff|Sleep Powder|p2b: Pelipper\n|-status|p2b: Pelipper|slp|[from] move: Sleep Powder\n|cant|p2b: Pelipper|slp\n|\n|-weather|RainDance|[upkeep]\n|upkeep\n|\n|t:|1683929917\n|switch|p2a: Palafin|Palafin-Hero, L50, F|100\/100\n|turn|9\n|\n|t:|1683929928\n|move|p2a: Palafin|Jet Punch|p1a: Jumpluff\n|-resisted|p1a: Jumpluff\n|-damage|p1a: Jumpluff|9\/100\n|move|p1b: Flutter Mane|Moonblast|p2b: Pelipper\n|-damage|p2b: Pelipper|0 fnt\n|faint|p2b: Pelipper\n|move|p1a: Jumpluff|Leaf Storm|p2a: Palafin\n|-supereffective|p2a: Palafin\n|-damage|p2a: Palafin|37\/100\n|-unboost|p1a: Jumpluff|spa|2\n|\n|-weather|RainDance|[upkeep]\n|upkeep\n|turn|10\n|\n|t:|1683929938\n|move|p2a: Palafin|Jet Punch|p1b: Flutter Mane\n|-damage|p1b: Flutter Mane|0 fnt\n|faint|p1b: Flutter Mane\n|-end|p1b: Flutter Mane|Protosynthesis|[silent]\n|move|p1a: Jumpluff|Leaf Storm|p2a: Palafin\n|-supereffective|p2a: Palafin\n|-damage|p2a: Palafin|8\/100\n|-unboost|p1a: Jumpluff|spa|2\n|\n|-weather|none\n|upkeep\n|turn|11\n|\n|t:|1683929947\n|move|p2a: Palafin|Jet Punch|p1a: Jumpluff\n|-resisted|p1a: Jumpluff\n|-damage|p1a: Jumpluff|0 fnt\n|faint|p1a: Jumpluff\n|\n|win|taterstotz\n|raw|Torrain's rating: 1467 → 1446<\/strong> (-21 for losing)\n|raw|taterstotz's rating: 1452 → 1473<\/strong> (+21 for winning)\n|l|\u2606Torrain\n","uploadtime":1683929957,"views":11,"p1id":"torrain","p2id":"taterstotz","formatid":"gen9vgc2023regulationc","rating":1446,"private":0,"password":""}