{"id":"gen9vgc2023regulationc-1859919581","p1":"Thebentobako","p2":"rick678678","format":"[Gen 9] VGC 2023 Regulation C","log":"|j|\u2606Thebentobako\n|j|\u2606rick678678\n|t:|1683575768\n|gametype|doubles\n|player|p1|Thebentobako|flannery|1037\n|player|p2|rick678678|flannery|1105\n|teamsize|p1|6\n|teamsize|p2|6\n|gen|9\n|tier|[Gen 9] VGC 2023 Regulation C\n|rated|\n|rule|Species Clause: Limit one of each Pok\u00e9mon\n|rule|Item Clause: Limit one of each item\n|clearpoke\n|poke|p1|Arcanine, L50, M|\n|poke|p1|Amoonguss, L50, M|\n|poke|p1|Palafin, L50, F|\n|poke|p1|Ting-Lu, L50|\n|poke|p1|Flutter Mane, L50|\n|poke|p1|Chi-Yu, L50|\n|poke|p2|Volcarona, L50, M|\n|poke|p2|Sylveon, L50, M|\n|poke|p2|Oricorio-Pom-Pom, L50, F|\n|poke|p2|Indeedee-F, L50, F|\n|poke|p2|Chi-Yu, L50|\n|poke|p2|Gholdengo, L50|\n|teampreview|4\n|inactive|Battle timer is ON: inactive players will automatically lose when time's up. (requested by Thebentobako)\n|inactive|Thebentobako has 60 seconds left.\n|\n|t:|1683575800\n|start\n|switch|p1a: Palafin|Palafin, L50, F|100\/100\n|switch|p1b: Ting-Lu|Ting-Lu, L50|100\/100\n|switch|p2a: Volcarona|Volcarona, L50, M|100\/100\n|switch|p2b: PomBomb|Oricorio-Pom-Pom, L50, F, shiny|100\/100\n|-ability|p1b: Ting-Lu|Vessel of Ruin\n|turn|1\n|\n|t:|1683575817\n|detailschange|p1a: Palafin|Palafin-Hero, L50, F\n|switch|p1a: Amoonguss|Amoonguss, L50, M|100\/100\n|move|p2a: Volcarona|Quiver Dance|p2a: Volcarona\n|-boost|p2a: Volcarona|spa|1\n|-boost|p2a: Volcarona|spd|1\n|-boost|p2a: Volcarona|spe|1\n|-activate|p2b: PomBomb|ability: Dancer\n|move|p2b: PomBomb|Quiver Dance|p2b: PomBomb|[from]ability: Dancer\n|-boost|p2b: PomBomb|spa|1\n|-boost|p2b: PomBomb|spd|1\n|-boost|p2b: PomBomb|spe|1\n|move|p2b: PomBomb|Quiver Dance|p2b: PomBomb\n|-boost|p2b: PomBomb|spa|1\n|-boost|p2b: PomBomb|spd|1\n|-boost|p2b: PomBomb|spe|1\n|move|p1b: Ting-Lu|Fissure|p2a: Volcarona\n|-damage|p2a: Volcarona|0 fnt\n|faint|p2a: Volcarona\n|-ohko\n|\n|upkeep\n|\n|t:|1683575839\n|switch|p2a: Indeedee|Indeedee-F, L50, F|100\/100\n|-fieldstart|move: Psychic Terrain|[from] ability: Psychic Surge|[of] p2a: Indeedee\n|-enditem|p2a: Indeedee|Psychic Seed\n|-boost|p2a: Indeedee|spd|1|[from] item: Psychic Seed\n|turn|2\n|\n|t:|1683575868\n|move|p2b: PomBomb|Baton Pass|p2b: PomBomb\n|\n|t:|1683575869\n|switch|p2b: Azumaril|Sylveon, L50, M, shiny|100\/100|[from] Baton Pass\n|move|p2a: Indeedee|Psychic|p1a: Amoonguss\n|-supereffective|p1a: Amoonguss\n|-damage|p1a: Amoonguss|52\/100\n|move|p1b: Ting-Lu|Ruination|p2b: Azumaril\n|-damage|p2b: Azumaril|50\/100\n|move|p1a: Amoonguss|Spore|p2b: Azumaril\n|-status|p2b: Azumaril|slp|[from] move: Spore\n|\n|-heal|p1a: Amoonguss|58\/100|[from] item: Leftovers\n|upkeep\n|turn|3\n|\n|t:|1683575890\n|move|p1a: Amoonguss|Protect|p1a: Amoonguss\n|-singleturn|p1a: Amoonguss|Protect\n|move|p2a: Indeedee|Follow Me|p2a: Indeedee\n|-singleturn|p2a: Indeedee|move: Follow Me\n|cant|p2b: Azumaril|slp\n|move|p1b: Ting-Lu|Fissure|p2a: Indeedee\n|-damage|p2a: Indeedee|0 fnt\n|faint|p2a: Indeedee\n|-ohko\n|\n|-heal|p1a: Amoonguss|63\/100|[from] item: Leftovers\n|upkeep\n|\n|t:|1683575906\n|switch|p2a: PomBomb|Oricorio-Pom-Pom, L50, F, shiny|100\/100\n|turn|4\n|\n|t:|1683575921\n|-terastallize|p2b: Azumaril|Fairy\n|move|p2a: PomBomb|Helping Hand|p2b: Azumaril\n|-singleturn|p2b: Azumaril|Helping Hand|[of] p2a: PomBomb\n|cant|p2b: Azumaril|slp\n|move|p1b: Ting-Lu|Fissure|p2b: Azumaril|[miss]\n|-miss|p1b: Ting-Lu|p2b: Azumaril\n|move|p1a: Amoonguss|Spore|p2a: PomBomb\n|-status|p2a: PomBomb|slp|[from] move: Spore\n|\n|-heal|p1a: Amoonguss|69\/100|[from] item: Leftovers\n|upkeep\n|turn|5\n|\n|t:|1683575946\n|cant|p2a: PomBomb|slp\n|move|p1a: Amoonguss|Rage Powder|p1a: Amoonguss\n|-singleturn|p1a: Amoonguss|move: Rage Powder\n|cant|p2b: Azumaril|slp\n|move|p1b: Ting-Lu|Stomping Tantrum|p2b: Azumaril\n|-damage|p2b: Azumaril|0 fnt\n|faint|p2b: Azumaril\n|\n|-heal|p1a: Amoonguss|75\/100|[from] item: Leftovers\n|upkeep\n|turn|6\n|-message|rick678678 forfeited.\n|\n|win|Thebentobako\n|raw|Thebentobako's rating: 1037 → 1078<\/strong> (+41 for winning)\n|raw|rick678678's rating: 1105 → 1075<\/strong> (-30 for losing)\n|l|\u2606rick678678\n","uploadtime":1683575969,"views":7,"p1id":"thebentobako","p2id":"rick678678","formatid":"gen9vgc2023regulationc","rating":1075,"private":0,"password":""}