{"id":"gen9vgc2023regulationc-1863194661","p1":"toxic_toxicitys","p2":"Blamantyrytyrysf","format":"[Gen 9] VGC 2023 Regulation C","log":"|j|\u2606toxic_toxicitys\n|j|\u2606Blamantyrytyrysf\n|t:|1683986646\n|gametype|doubles\n|player|p1|toxic_toxicitys|acetrainer-gen4dp|1077\n|player|p2|Blamantyrytyrysf|170|1126\n|teamsize|p1|6\n|teamsize|p2|6\n|gen|9\n|tier|[Gen 9] VGC 2023 Regulation C\n|rated|\n|rule|Species Clause: Limit one of each Pok\u00e9mon\n|rule|Item Clause: Limit one of each item\n|clearpoke\n|poke|p1|Chien-Pao, L50|\n|poke|p1|Flutter Mane, L50|\n|poke|p1|Iron Bundle, L50|\n|poke|p1|Amoonguss, L50, F|\n|poke|p1|Great Tusk, L50|\n|poke|p1|Talonflame, L50, F|\n|poke|p2|Veluza, L50, F|\n|poke|p2|Flamigo, L50, F|\n|poke|p2|Baxcalibur, L50, F|\n|poke|p2|Indeedee-F, L50, F|\n|poke|p2|Meowscarada, L50, F|\n|poke|p2|Tauros-Paldea-Blaze, L50, M|\n|teampreview|4\n|inactive|Battle timer is ON: inactive players will automatically lose when time's up. (requested by Blamantyrytyrysf)\n|inactive|toxic_toxicitys has 60 seconds left.\n|inactive|Blamantyrytyrysf has 60 seconds left.\n|\n|t:|1683986689\n|start\n|switch|p1a: Great Tusk|Great Tusk, L50|100\/100\n|switch|p1b: Talonflame|Talonflame, L50, F|100\/100\n|switch|p2a: Veluza|Veluza, L50, F|100\/100\n|switch|p2b: Indeedee|Indeedee-F, L50, F|100\/100\n|-fieldstart|move: Psychic Terrain|[from] ability: Psychic Surge|[of] p2b: Indeedee\n|-enditem|p2b: Indeedee|Psychic Seed\n|-boost|p2b: Indeedee|spd|1|[from] item: Psychic Seed\n|turn|1\n|inactive|toxic_toxicitys has 30 seconds left.\n|inactive|Blamantyrytyrysf has 30 seconds left.\n|\n|t:|1683986714\n|move|p1b: Talonflame|Tailwind|p1b: Talonflame\n|-sidestart|p1: toxic_toxicitys|move: Tailwind\n|move|p1a: Great Tusk|Earthquake|p2b: Indeedee|[spread] p2a,p2b\n|-immune|p1b: Talonflame\n|-damage|p2a: Veluza|35\/100\n|-damage|p2b: Indeedee|46\/100\n|-enditem|p2a: Veluza|Sitrus Berry|[eat]\n|-heal|p2a: Veluza|60\/100|[from] item: Sitrus Berry\n|-damage|p1a: Great Tusk|90\/100|[from] item: Life Orb\n|move|p2a: Veluza|Fillet Away|p2a: Veluza\n|-boost|p2a: Veluza|atk|2\n|-boost|p2a: Veluza|spa|2\n|-boost|p2a: Veluza|spe|2\n|-damage|p2a: Veluza|10\/100\n|move|p2b: Indeedee|Heal Pulse|p2a: Veluza\n|-heal|p2a: Veluza|60\/100\n|\n|upkeep\n|turn|2\n|inactive|Blamantyrytyrysf has 30 seconds left.\n|\n|t:|1683986740\n|move|p2b: Indeedee|Follow Me|p2b: Indeedee\n|-singleturn|p2b: Indeedee|move: Follow Me\n|move|p1b: Talonflame|Brave Bird|p2b: Indeedee\n|-activate|p2b: Indeedee|move: Psychic Terrain\n|move|p2a: Veluza|Aqua Cutter|p1a: Great Tusk\n|-supereffective|p1a: Great Tusk\n|-damage|p1a: Great Tusk|0 fnt\n|faint|p1a: Great Tusk\n|-end|p1a: Great Tusk|Protosynthesis|[silent]\n|\n|upkeep\n|\n|t:|1683986751\n|switch|p1a: Chien-Pao|Chien-Pao, L50|100\/100\n|-ability|p1a: Chien-Pao|Sword of Ruin\n|turn|3\n|\n|t:|1683986770\n|move|p2b: Indeedee|Follow Me|p2b: Indeedee\n|-singleturn|p2b: Indeedee|move: Follow Me\n|move|p1b: Talonflame|Brave Bird|p2b: Indeedee\n|-activate|p2b: Indeedee|move: Psychic Terrain\n|move|p1a: Chien-Pao|Ice Spinner|p2b: Indeedee\n|-damage|p2b: Indeedee|0 fnt\n|-fieldend|move: Psychic Terrain\n|faint|p2b: Indeedee\n|move|p2a: Veluza|Aqua Cutter|p1a: Chien-Pao\n|-enditem|p1a: Chien-Pao|Focus Sash\n|-damage|p1a: Chien-Pao|1\/100\n|\n|upkeep\n|\n|t:|1683986782\n|switch|p2b: Flamigo|Flamigo, L50, F|100\/100\n|-copyboost|p2b: Flamigo|p2a: Veluza|[from] ability: Costar\n|turn|4\n|\n|t:|1683986803\n|-terastallize|p1a: Chien-Pao|Ghost\n|-terastallize|p2a: Veluza|Fire\n|move|p1a: Chien-Pao|Sucker Punch|p2a: Veluza\n|-damage|p2a: Veluza|0 fnt\n|faint|p2a: Veluza\n|move|p1b: Talonflame|Brave Bird|p2b: Flamigo\n|-supereffective|p2b: Flamigo\n|-damage|p2b: Flamigo|0 fnt\n|faint|p2b: Flamigo\n|-damage|p1b: Talonflame|67\/100|[from] Recoil\n|\n|-heal|p1b: Talonflame|72\/100|[from] item: Leftovers\n|-sideend|p1: toxic_toxicitys|move: Tailwind\n|upkeep\n|\n|t:|1683986818\n|switch|p2b: Baxcalibur|Baxcalibur, L50, F|100\/100\n|turn|5\n|\n|t:|1683986829\n|move|p1a: Chien-Pao|Sacred Sword|p2b: Baxcalibur\n|-supereffective|p2b: Baxcalibur\n|-damage|p2b: Baxcalibur|10\/100\n|move|p1b: Talonflame|Roost|p1b: Talonflame\n|-heal|p1b: Talonflame|100\/100\n|-singleturn|p1b: Talonflame|move: Roost\n|move|p2b: Baxcalibur|Icicle Spear|p1b: Talonflame\n|-resisted|p1b: Talonflame\n|-crit|p1b: Talonflame\n|-damage|p1b: Talonflame|79\/100\n|-resisted|p1b: Talonflame\n|-damage|p1b: Talonflame|65\/100\n|-resisted|p1b: Talonflame\n|-damage|p1b: Talonflame|51\/100\n|-resisted|p1b: Talonflame\n|-damage|p1b: Talonflame|39\/100\n|-hitcount|p1b: Talonflame|4\n|\n|-heal|p1b: Talonflame|45\/100|[from] item: Leftovers\n|upkeep\n|turn|6\n|-message|Blamantyrytyrysf forfeited.\n|\n|win|toxic_toxicitys\n|raw|toxic_toxicitys's rating: 1077 → 1109<\/strong> (+32 for winning)\n|raw|Blamantyrytyrysf's rating: 1126 → 1097<\/strong> (-29 for losing)\n|l|\u2606Blamantyrytyrysf\n","uploadtime":1683986868,"views":5,"p1id":"toxictoxicitys","p2id":"blamantyrytyrysf","formatid":"gen9vgc2023regulationc","rating":1097,"private":0,"password":""}