{"id":"gen9vgc2023regulationc-1845282534","p1":"Toku_L","p2":"Emberbloom","format":"[Gen 9] VGC 2023 Regulation C","log":"|j|\u2606Toku_L\n|j|\u2606Emberbloom\n|t:|1681707236\n|gametype|doubles\n|player|p1|Toku_L|lucas|1530\n|player|p2|Emberbloom|flannery|1536\n|teamsize|p1|6\n|teamsize|p2|6\n|gen|9\n|tier|[Gen 9] VGC 2023 Regulation C\n|rated|\n|rule|Species Clause: Limit one of each Pok\u00e9mon\n|rule|Item Clause: Limit one of each item\n|clearpoke\n|poke|p1|Iron Bundle, L50|\n|poke|p1|Abomasnow, L50, F|\n|poke|p1|Ting-Lu, L50|\n|poke|p1|Vivillon, L50, F|\n|poke|p1|Annihilape, L50, M|\n|poke|p1|Chien-Pao, L50|\n|poke|p2|Corviknight, L50, M|\n|poke|p2|Tyranitar, L50, F|\n|poke|p2|Garchomp, L50, M|\n|poke|p2|Gyarados, L50, F|\n|poke|p2|Amoonguss, L50, F|\n|poke|p2|Iron Hands, L50|\n|teampreview|4\n|inactive|Battle timer is ON: inactive players will automatically lose when time's up. (requested by Emberbloom)\n|j| phenomsteelers08\n|j| Rabbihorn\n|\n|t:|1681707294\n|start\n|switch|p1a: Vivillon|Vivillon, L50, F|100\/100\n|switch|p1b: Annihilape|Annihilape, L50, M, shiny|100\/100\n|switch|p2a: Tyranitar|Tyranitar, L50, F, shiny|100\/100\n|switch|p2b: Garchomp|Garchomp, L50, M|100\/100\n|-weather|Sandstorm|[from] ability: Sand Stream|[of] p2a: Tyranitar\n|turn|1\n|inactive|Toku_L has 30 seconds left.\n|inactive|Emberbloom has 30 seconds left.\n|\n|t:|1681707324\n|move|p1a: Vivillon|Protect|p1a: Vivillon\n|-singleturn|p1a: Vivillon|Protect\n|move|p2a: Tyranitar|Protect|p2a: Tyranitar\n|-singleturn|p2a: Tyranitar|Protect\n|move|p2b: Garchomp|Rock Slide|p1b: Annihilape|[spread] p1b\n|-activate|p1a: Vivillon|move: Protect\n|-resisted|p1b: Annihilape\n|-damage|p1b: Annihilape|91\/100\n|move|p1b: Annihilape|Bulk Up|p1b: Annihilape\n|-boost|p1b: Annihilape|atk|1\n|-boost|p1b: Annihilape|def|1\n|\n|-weather|Sandstorm|[upkeep]\n|-damage|p1a: Vivillon|95\/100|[from] Sandstorm\n|-damage|p1b: Annihilape|85\/100|[from] Sandstorm\n|-heal|p1b: Annihilape|91\/100|[from] item: Leftovers\n|upkeep\n|turn|2\n|inactive|Toku_L has 30 seconds left.\n|inactive|Toku_L has 20 seconds left.\n|\n|t:|1681707359\n|-terastallize|p2a: Tyranitar|Flying\n|move|p2b: Garchomp|Rock Slide|p1b: Annihilape|[spread] p1b\n|-miss|p2b: Garchomp|p1a: Vivillon\n|-resisted|p1b: Annihilape\n|-damage|p1b: Annihilape|85\/100\n|move|p1a: Vivillon|Pollen Puff|p2a: Tyranitar\n|-resisted|p2a: Tyranitar\n|-damage|p2a: Tyranitar|87\/100\n|move|p1b: Annihilape|Bulk Up|p1b: Annihilape\n|-boost|p1b: Annihilape|atk|1\n|-boost|p1b: Annihilape|def|1\n|move|p2a: Tyranitar|Tera Blast|p1b: Annihilape\n|-supereffective|p1b: Annihilape\n|-damage|p1b: Annihilape|55\/100\n|\n|-weather|Sandstorm|[upkeep]\n|-damage|p1a: Vivillon|89\/100|[from] Sandstorm\n|-damage|p1b: Annihilape|49\/100|[from] Sandstorm\n|-damage|p2a: Tyranitar|81\/100|[from] Sandstorm\n|-heal|p1b: Annihilape|55\/100|[from] item: Leftovers\n|upkeep\n|turn|3\n|inactive|Toku_L has 30 seconds left.\n|inactive|Toku_L has 20 seconds left.\n|inactive|Toku_L has 15 seconds left.\n|j| danieljnthn\n|j| VBPVBQWESF\n|inactive|Emberbloom has 30 seconds left.\n|\n|t:|1681707405\n|move|p2a: Tyranitar|Protect|p2a: Tyranitar\n|-singleturn|p2a: Tyranitar|Protect\n|move|p2b: Garchomp|Rock Slide|p1a: Vivillon|[spread] p1a,p1b\n|-supereffective|p1a: Vivillon\n|-resisted|p1b: Annihilape\n|-damage|p1a: Vivillon|0 fnt\n|-damage|p1b: Annihilape|50\/100\n|faint|p1a: Vivillon\n|move|p1b: Annihilape|Rage Fist|p2a: Tyranitar\n|-activate|p2a: Tyranitar|move: Protect\n|\n|-weather|Sandstorm|[upkeep]\n|-damage|p1b: Annihilape|44\/100|[from] Sandstorm\n|-damage|p2a: Tyranitar|75\/100|[from] Sandstorm\n|-heal|p1b: Annihilape|50\/100|[from] item: Leftovers\n|upkeep\n|\n|t:|1681707413\n|switch|p1a: Iron Bundle|Iron Bundle, L50|100\/100\n|-enditem|p1a: Iron Bundle|Booster Energy\n|-activate|p1a: Iron Bundle|ability: Quark Drive|[fromitem]\n|-start|p1a: Iron Bundle|quarkdrivespe\n|turn|4\n|inactive|Emberbloom has 30 seconds left.\n|\n|t:|1681707441\n|switch|p1b: Abomasnow|Abomasnow, L50, F|100\/100\n|-weather|Snow|[from] ability: Snow Warning|[of] p1b: Abomasnow\n|-terastallize|p1a: Iron Bundle|Ice\n|move|p1a: Iron Bundle|Blizzard|p2a: Tyranitar|[spread] p2a,p2b\n|-supereffective|p2a: Tyranitar\n|-supereffective|p2b: Garchomp\n|-crit|p2b: Garchomp\n|-damage|p2a: Tyranitar|0 fnt\n|-damage|p2b: Garchomp|0 fnt\n|faint|p2a: Tyranitar\n|faint|p2b: Garchomp\n|\n|-weather|Snow|[upkeep]\n|upkeep\n|\n|t:|1681707446\n|switch|p2b: Iron Hands|Iron Hands, L50|100\/100\n|switch|p2a: Gyarados|Gyarados, L50, F, shiny|100\/100\n|-ability|p2a: Gyarados|Intimidate|boost\n|-unboost|p1a: Iron Bundle|atk|1\n|-unboost|p1b: Abomasnow|atk|1\n|turn|5\n|inactive|Toku_L has 30 seconds left.\n|\n|t:|1681707472\n|move|p1a: Iron Bundle|Protect|p1a: Iron Bundle\n|-singleturn|p1a: Iron Bundle|Protect\n|move|p2b: Iron Hands|Fake Out|p1b: Abomasnow\n|-damage|p1b: Abomasnow|88\/100\n|move|p2a: Gyarados|Iron Head|p1a: Iron Bundle\n|-activate|p1a: Iron Bundle|move: Protect\n|cant|p1b: Abomasnow|flinch\n|\n|-weather|Snow|[upkeep]\n|upkeep\n|turn|6\n|\n|t:|1681707490\n|move|p1a: Iron Bundle|Blizzard|p2b: Iron Hands|[spread] p2a,p2b\n|-damage|p2a: Gyarados|63\/100\n|-damage|p2b: Iron Hands|72\/100\n|move|p2a: Gyarados|Iron Head|p1b: Abomasnow\n|-supereffective|p1b: Abomasnow\n|-damage|p1b: Abomasnow|54\/100\n|cant|p1b: Abomasnow|flinch\n|move|p2b: Iron Hands|Close Combat|p1a: Iron Bundle\n|-supereffective|p1a: Iron Bundle\n|-damage|p1a: Iron Bundle|0 fnt\n|-unboost|p2b: Iron Hands|def|1\n|-unboost|p2b: Iron Hands|spd|1\n|faint|p1a: Iron Bundle\n|-end|p1a: Iron Bundle|Quark Drive|[silent]\n|\n|-weather|Snow|[upkeep]\n|upkeep\n|\n|t:|1681707504\n|switch|p1a: Annihilape|Annihilape, L50, M, shiny|50\/100\n|turn|7\n|\n|t:|1681707527\n|move|p2a: Gyarados|Thunder Wave|p1a: Annihilape\n|-status|p1a: Annihilape|par\n|move|p1b: Abomasnow|Blizzard|p2b: Iron Hands|[spread] p2a,p2b\n|-damage|p2a: Gyarados|31\/100\n|-damage|p2b: Iron Hands|38\/100\n|-status|p2b: Iron Hands|frz\n|-damage|p1b: Abomasnow|44\/100|[from] item: Life Orb\n|cant|p2b: Iron Hands|frz\n|move|p1a: Annihilape|Rage Fist|p2b: Iron Hands\n|-damage|p2b: Iron Hands|0 fnt\n|faint|p2b: Iron Hands\n|-end|p2b: Iron Hands|Quark Drive|[silent]\n|\n|-weather|Snow|[upkeep]\n|-heal|p1a: Annihilape|56\/100 par|[from] item: Leftovers\n|upkeep\n|turn|8\n|j| tastyyyy\n|\n|t:|1681707550\n|move|p2a: Gyarados|Iron Head|p1b: Abomasnow\n|-supereffective|p1b: Abomasnow\n|-damage|p1b: Abomasnow|11\/100\n|move|p1b: Abomasnow|Blizzard|p2a: Gyarados\n|-damage|p2a: Gyarados|0 fnt\n|faint|p2a: Gyarados\n|-damage|p1b: Abomasnow|1\/100|[from] item: Life Orb\n|\n|win|Toku_L\n|raw|Toku_L's rating: 1530 → 1550<\/strong> (+20 for winning)\n|raw|Emberbloom's rating: 1536 → 1516<\/strong> (-20 for losing)\n|l| danieljnthn\n|l| VBPVBQWESF\n","uploadtime":1681707561,"views":12,"p1id":"tokul","p2id":"emberbloom","formatid":"gen9vgc2023regulationc","rating":1516,"private":0,"password":""}