{"id":"gen9vgc2023regulationc-1855536094","p1":"Ugarte Joseph","p2":"CatzMoth","format":"[Gen 9] VGC 2023 Regulation C","log":"|j|\u2606Ugarte Joseph\n|j|\u2606CatzMoth\n|t:|1682960054\n|gametype|doubles\n|player|p1|Ugarte Joseph|hugh|1127\n|player|p2|CatzMoth|worker|1082\n|teamsize|p1|6\n|teamsize|p2|6\n|gen|9\n|tier|[Gen 9] VGC 2023 Regulation C\n|rated|\n|rule|Species Clause: Limit one of each Pok\u00e9mon\n|rule|Item Clause: Limit one of each item\n|clearpoke\n|poke|p1|Slither Wing, L50|\n|poke|p1|Great Tusk, L50|\n|poke|p1|Flutter Mane, L50|\n|poke|p1|Murkrow, L50, F|\n|poke|p1|Roaring Moon, L50|\n|poke|p1|Scream Tail, L50|\n|poke|p2|Venomoth, L50, F|\n|poke|p2|Squawkabilly-White, L50, M|\n|poke|p2|Wo-Chien, L50|\n|poke|p2|Rotom-Wash, L50|\n|poke|p2|Garchomp, L50, F|\n|poke|p2|Tyranitar, L50, M|\n|teampreview|4\n|inactive|Battle timer is ON: inactive players will automatically lose when time's up. (requested by Ugarte Joseph)\n|inactive|Ugarte Joseph has 60 seconds left.\n|\n|t:|1682960099\n|start\n|switch|p1a: Murkrow|Murkrow, L50, F, shiny|100\/100\n|switch|p1b: Flutter Mane|Flutter Mane, L50, shiny|100\/100\n|switch|p2a: Squawkabilly|Squawkabilly-White, L50, M|100\/100\n|switch|p2b: Rotom|Rotom-Wash, L50|100\/100\n|-ability|p2a: Squawkabilly|Intimidate|boost\n|-unboost|p1a: Murkrow|atk|1\n|-unboost|p1b: Flutter Mane|atk|1\n|turn|1\n|\n|t:|1682960121\n|move|p1a: Murkrow|Tailwind|p1a: Murkrow\n|-sidestart|p1: Ugarte Joseph|move: Tailwind\n|move|p1b: Flutter Mane|Moonblast|p2b: Rotom\n|-crit|p2b: Rotom\n|-damage|p2b: Rotom|0 fnt\n|faint|p2b: Rotom\n|move|p2a: Squawkabilly|Parting Shot|p1b: Flutter Mane\n|-unboost|p1b: Flutter Mane|atk|1\n|-unboost|p1b: Flutter Mane|spa|1\n|\n|t:|1682960130\n|switch|p2a: Venomoth|Venomoth, L50, F|100\/100|[from] Parting Shot\n|\n|upkeep\n|\n|t:|1682960134\n|switch|p2b: Wo-Chien|Wo-Chien, L50|100\/100\n|-ability|p2b: Wo-Chien|Tablets of Ruin\n|turn|2\n|\n|t:|1682960147\n|-end|p1b: Flutter Mane|Protosynthesis|[silent]\n|switch|p1b: Roaring Moon|Roaring Moon, L50, shiny|100\/100\n|-terastallize|p2b: Wo-Chien|Poison\n|move|p2a: Venomoth|Protect|p2a: Venomoth\n|-singleturn|p2a: Venomoth|Protect\n|move|p1a: Murkrow|Sunny Day|p1a: Murkrow\n|-weather|SunnyDay\n|-activate|p1b: Roaring Moon|ability: Protosynthesis\n|-start|p1b: Roaring Moon|protosynthesisatk\n|move|p2b: Wo-Chien|Tera Blast|p1b: Roaring Moon\n|-damage|p1b: Roaring Moon|43\/100\n|\n|-weather|SunnyDay|[upkeep]\n|upkeep\n|turn|3\n|\n|t:|1682960172\n|-terastallize|p1b: Roaring Moon|Fire\n|move|p1a: Murkrow|Taunt|p2a: Venomoth\n|-start|p2a: Venomoth|move: Taunt\n|move|p1b: Roaring Moon|Tera Blast|p2b: Wo-Chien\n|-damage|p2b: Wo-Chien|38\/100\n|move|p2a: Venomoth|Struggle Bug|p1b: Roaring Moon|[spread] p1a,p1b\n|-resisted|p1b: Roaring Moon\n|-damage|p1a: Murkrow|88\/100\n|-damage|p1b: Roaring Moon|30\/100\n|-unboost|p1a: Murkrow|spa|1\n|move|p2b: Wo-Chien|Tera Blast|p1b: Roaring Moon\n|-damage|p1b: Roaring Moon|0 fnt\n|faint|p1b: Roaring Moon\n|-end|p1b: Roaring Moon|Protosynthesis|[silent]\n|\n|-weather|SunnyDay|[upkeep]\n|upkeep\n|\n|t:|1682960185\n|switch|p1b: Slither Wing|Slither Wing, L50, shiny|100\/100\n|-activate|p1b: Slither Wing|ability: Protosynthesis\n|-start|p1b: Slither Wing|protosynthesisatk\n|turn|4\n|\n|t:|1682960200\n|switch|p2b: Squawkabilly|Squawkabilly-White, L50, M|100\/100\n|-ability|p2b: Squawkabilly|Intimidate|boost\n|-unboost|p1a: Murkrow|atk|1\n|-unboost|p1b: Slither Wing|atk|1\n|move|p1b: Slither Wing|First Impression|p2b: Squawkabilly\n|-resisted|p2b: Squawkabilly\n|-damage|p2b: Squawkabilly|56\/100\n|move|p1a: Murkrow|Brave Bird|p2a: Venomoth\n|-supereffective|p2a: Venomoth\n|-damage|p2a: Venomoth|51\/100\n|-damage|p1a: Murkrow|71\/100|[from] Recoil\n|move|p2a: Venomoth|Psychic|p1b: Slither Wing\n|-supereffective|p1b: Slither Wing\n|-damage|p1b: Slither Wing|74\/100\n|\n|-weather|SunnyDay|[upkeep]\n|-sideend|p1: Ugarte Joseph|move: Tailwind\n|upkeep\n|turn|5\n|inactive|CatzMoth has 30 seconds left.\n|\n|t:|1682960228\n|move|p1a: Murkrow|Tailwind|p1a: Murkrow\n|-sidestart|p1: Ugarte Joseph|move: Tailwind\n|move|p1b: Slither Wing|Leech Life|p2b: Squawkabilly\n|-resisted|p2b: Squawkabilly\n|-damage|p2b: Squawkabilly|18\/100\n|-heal|p1b: Slither Wing|90\/100|[from] drain|[of] p2b: Squawkabilly\n|move|p2b: Squawkabilly|Parting Shot|p1b: Slither Wing\n|-unboost|p1b: Slither Wing|atk|1\n|-unboost|p1b: Slither Wing|spa|1\n|\n|t:|1682960238\n|switch|p2b: Wo-Chien|Wo-Chien, L50, tera:Poison|38\/100|[from] Parting Shot\n|-ability|p2b: Wo-Chien|Tablets of Ruin\n|move|p2a: Venomoth|Acid Spray|p1b: Slither Wing\n|-damage|p1b: Slither Wing|82\/100\n|-unboost|p1b: Slither Wing|spd|2\n|\n|-weather|SunnyDay|[upkeep]\n|-end|p2a: Venomoth|move: Taunt\n|upkeep\n|turn|6\n|\n|t:|1682960260\n|move|p2a: Venomoth|Protect|p2a: Venomoth\n|-singleturn|p2a: Venomoth|Protect\n|move|p1a: Murkrow|Brave Bird|p2b: Wo-Chien\n|-damage|p2b: Wo-Chien|24\/100\n|-damage|p1a: Murkrow|66\/100|[from] Recoil\n|move|p1b: Slither Wing|Flare Blitz|p2b: Wo-Chien\n|-damage|p2b: Wo-Chien|0 fnt\n|faint|p2b: Wo-Chien\n|-damage|p1b: Slither Wing|74\/100|[from] Recoil\n|\n|-weather|none\n|-end|p1b: Slither Wing|Protosynthesis\n|upkeep\n|\n|t:|1682960275\n|switch|p2b: Squawkabilly|Squawkabilly-White, L50, M|18\/100\n|-ability|p2b: Squawkabilly|Intimidate|boost\n|-unboost|p1a: Murkrow|atk|1\n|-unboost|p1b: Slither Wing|atk|1\n|turn|7\n|\n|t:|1682960288\n|-end|p1b: Slither Wing|Protosynthesis|[silent]\n|switch|p1b: Flutter Mane|Flutter Mane, L50, shiny|100\/100\n|move|p1a: Murkrow|Sunny Day|p1a: Murkrow\n|-weather|SunnyDay\n|-activate|p1b: Flutter Mane|ability: Protosynthesis\n|-start|p1b: Flutter Mane|protosynthesisspa\n|move|p2b: Squawkabilly|Brave Bird|p1b: Flutter Mane\n|-damage|p1b: Flutter Mane|33\/100\n|-damage|p2b: Squawkabilly|0 fnt|[from] Recoil\n|faint|p2b: Squawkabilly\n|move|p2a: Venomoth|Psychic|p1b: Flutter Mane\n|-crit|p1b: Flutter Mane\n|-damage|p1b: Flutter Mane|0 fnt\n|faint|p1b: Flutter Mane\n|-end|p1b: Flutter Mane|Protosynthesis|[silent]\n|\n|-weather|SunnyDay|[upkeep]\n|upkeep\n|\n|t:|1682960300\n|switch|p1b: Slither Wing|Slither Wing, L50, shiny|74\/100\n|-activate|p1b: Slither Wing|ability: Protosynthesis\n|-start|p1b: Slither Wing|protosynthesisatk\n|turn|8\n|\n|t:|1682960310\n|move|p1b: Slither Wing|First Impression|p2a: Venomoth\n|-resisted|p2a: Venomoth\n|-damage|p2a: Venomoth|3\/100\n|move|p1a: Murkrow|Brave Bird|p2a: Venomoth\n|-supereffective|p2a: Venomoth\n|-damage|p2a: Venomoth|0 fnt\n|faint|p2a: Venomoth\n|-damage|p1a: Murkrow|65\/100|[from] Recoil\n|\n|win|Ugarte Joseph\n|raw|Ugarte Joseph's rating: 1127 → 1149<\/strong> (+22 for winning)\n|raw|CatzMoth's rating: 1082 → 1063<\/strong> (-19 for losing)\n","uploadtime":1682960314,"views":19,"p1id":"ugartejoseph","p2id":"catzmoth","formatid":"gen9vgc2023regulationc","rating":1063,"private":0,"password":""}