{"id":"gen9vgc2023regulationc-1845340731","p1":"Giceon","p2":"CapitalistConsumer","format":"[Gen 9] VGC 2023 Regulation C","log":"|j|\u2606Giceon\n|j|\u2606CapitalistConsumer\n|t:|1681717996\n|gametype|doubles\n|player|p1|Giceon|acetrainer-gen4dp|1053\n|player|p2|CapitalistConsumer|gentleman-gen4|1017\n|teamsize|p1|6\n|teamsize|p2|6\n|gen|9\n|tier|[Gen 9] VGC 2023 Regulation C\n|rated|\n|rule|Species Clause: Limit one of each Pok\u00e9mon\n|rule|Item Clause: Limit one of each item\n|clearpoke\n|poke|p1|Murkrow, L50, M|\n|poke|p1|Salamence, L50, F|\n|poke|p1|Chi-Yu, L50|\n|poke|p1|Azumarill, L50, M|\n|poke|p1|Scream Tail, L50|\n|poke|p1|Dragapult, L50, F|\n|poke|p2|Abomasnow, L50, M|\n|poke|p2|Beartic, L50, M|\n|poke|p2|Ting-Lu, L50|\n|poke|p2|Garganacl, L50, F|\n|poke|p2|Dondozo, L50, F|\n|poke|p2|Tatsugiri-Droopy, L50, F|\n|teampreview|4\n|\n|t:|1681718026\n|start\n|switch|p1a: Murkrow|Murkrow, L50, M|100\/100\n|switch|p1b: Salamence|Salamence, L50, F|100\/100\n|switch|p2a: Abomasnow|Abomasnow, L50, M|100\/100\n|switch|p2b: Beartic|Beartic, L50, M|100\/100\n|-weather|Snow|[from] ability: Snow Warning|[of] p2a: Abomasnow\n|turn|1\n|\n|t:|1681718039\n|-terastallize|p1b: Salamence|Steel\n|move|p1a: Murkrow|Tailwind|p1a: Murkrow\n|-sidestart|p1: Giceon|move: Tailwind\n|move|p1b: Salamence|Iron Head|p2b: Beartic\n|-supereffective|p2b: Beartic\n|-damage|p2b: Beartic|3\/100\n|-damage|p1b: Salamence|90\/100|[from] item: Life Orb\n|cant|p2b: Beartic|flinch\n|move|p2a: Abomasnow|Aurora Veil|p2a: Abomasnow\n|-sidestart|p2: CapitalistConsumer|move: Aurora Veil\n|\n|-weather|Snow|[upkeep]\n|upkeep\n|turn|2\n|\n|t:|1681718054\n|move|p1a: Murkrow|Thunder Wave|p2a: Abomasnow\n|-status|p2a: Abomasnow|par\n|move|p1b: Salamence|Iron Head|p2b: Beartic\n|-supereffective|p2b: Beartic\n|-damage|p2b: Beartic|0 fnt\n|faint|p2b: Beartic\n|-ability|p1b: Salamence|Moxie|boost\n|-boost|p1b: Salamence|atk|1\n|-damage|p1b: Salamence|80\/100|[from] item: Life Orb\n|move|p2a: Abomasnow|Sheer Cold|p1b: Salamence|[miss]\n|-miss|p2a: Abomasnow|p1b: Salamence\n|\n|-weather|Snow|[upkeep]\n|upkeep\n|\n|t:|1681718060\n|switch|p2b: Dondozo|Dondozo, L50, F|100\/100\n|turn|3\n|\n|t:|1681718084\n|move|p1a: Murkrow|Thunder Wave|p2b: Dondozo|[miss]\n|-miss|p1a: Murkrow|p2b: Dondozo\n|move|p1b: Salamence|Dragon Dance|p1b: Salamence\n|-boost|p1b: Salamence|atk|1\n|-boost|p1b: Salamence|spe|1\n|move|p2b: Dondozo|Wave Crash|p1a: Murkrow\n|-damage|p1a: Murkrow|22\/100\n|-damage|p2b: Dondozo|84\/100|[from] Recoil\n|move|p2a: Abomasnow|Sheer Cold|p1b: Salamence|[miss]\n|-miss|p2a: Abomasnow|p1b: Salamence\n|\n|-weather|Snow|[upkeep]\n|upkeep\n|turn|4\n|\n|t:|1681718101\n|move|p1a: Murkrow|Thunder Wave|p2b: Dondozo|[miss]\n|-miss|p1a: Murkrow|p2b: Dondozo\n|move|p1b: Salamence|Iron Head|p2a: Abomasnow\n|-supereffective|p2a: Abomasnow\n|-damage|p2a: Abomasnow|0 fnt\n|faint|p2a: Abomasnow\n|-ability|p1b: Salamence|Moxie|boost\n|-boost|p1b: Salamence|atk|1\n|-damage|p1b: Salamence|70\/100|[from] item: Life Orb\n|move|p2b: Dondozo|Fissure|p1b: Salamence|[miss]\n|-miss|p2b: Dondozo|p1b: Salamence\n|\n|-weather|Snow|[upkeep]\n|-sideend|p1: Giceon|move: Tailwind\n|upkeep\n|\n|t:|1681718105\n|switch|p2a: Garganacl|Garganacl, L50, F|100\/100\n|turn|5\n|\n|t:|1681718121\n|-terastallize|p2a: Garganacl|Ghost\n|move|p2b: Dondozo|Protect|p2b: Dondozo\n|-singleturn|p2b: Dondozo|Protect\n|move|p1a: Murkrow|Thunder Wave|p2b: Dondozo\n|-activate|p2b: Dondozo|move: Protect\n|move|p1b: Salamence|Earthquake|p2b: Dondozo|[spread] p2a\n|-activate|p2b: Dondozo|move: Protect\n|-immune|p1a: Murkrow\n|-damage|p2a: Garganacl|68\/100\n|-damage|p1b: Salamence|60\/100|[from] item: Life Orb\n|move|p2a: Garganacl|Salt Cure|p1a: Murkrow\n|-supereffective|p1a: Murkrow\n|-damage|p1a: Murkrow|0 fnt\n|faint|p1a: Murkrow\n|\n|-weather|none\n|-heal|p2a: Garganacl|73\/100|[from] item: Leftovers\n|upkeep\n|\n|t:|1681718137\n|switch|p1a: Scream Tail|Scream Tail, L50|100\/100\n|turn|6\n|\n|t:|1681718144\n|move|p1b: Salamence|Dragon Claw|p2a: Garganacl\n|-damage|p2a: Garganacl|21\/100\n|-damage|p1b: Salamence|50\/100|[from] item: Life Orb\n|move|p1a: Scream Tail|Howl|p1a: Scream Tail|[spread] p1a,p1b\n|-boost|p1a: Scream Tail|atk|1\n|-boost|p1b: Salamence|atk|1\n|move|p2a: Garganacl|Fissure|p1b: Salamence|[miss]\n|-miss|p2a: Garganacl|p1b: Salamence\n|move|p2b: Dondozo|Fissure|p1a: Scream Tail|[miss]\n|-miss|p2b: Dondozo|p1a: Scream Tail\n|\n|-heal|p2a: Garganacl|27\/100|[from] item: Leftovers\n|upkeep\n|turn|7\n|\n|t:|1681718163\n|move|p1b: Salamence|Dragon Claw|p2a: Garganacl\n|-damage|p2a: Garganacl|0 fnt\n|faint|p2a: Garganacl\n|-ability|p1b: Salamence|Moxie|boost\n|-boost|p1b: Salamence|atk|1\n|-damage|p1b: Salamence|40\/100|[from] item: Life Orb\n|move|p1a: Scream Tail|Play Rough|p2b: Dondozo\n|-damage|p2b: Dondozo|73\/100\n|move|p2b: Dondozo|Fissure|p1a: Scream Tail|[miss]\n|-miss|p2b: Dondozo|p1a: Scream Tail\n|\n|upkeep\n|turn|8\n|\n|t:|1681718176\n|move|p1b: Salamence|Dragon Claw|p2b: Dondozo\n|-damage|p2b: Dondozo|48\/100\n|-enditem|p2b: Dondozo|Sitrus Berry|[eat]\n|-heal|p2b: Dondozo|72\/100|[from] item: Sitrus Berry\n|-damage|p1b: Salamence|30\/100|[from] item: Life Orb\n|move|p1a: Scream Tail|Howl|p1a: Scream Tail|[spread] p1a,p1b\n|-boost|p1a: Scream Tail|atk|1\n|-boost|p1b: Salamence|atk|1\n|move|p2b: Dondozo|Earthquake|p1b: Salamence|[spread] p1a,p1b\n|-supereffective|p1b: Salamence\n|-damage|p1a: Scream Tail|83\/100\n|-damage|p1b: Salamence|0 fnt\n|faint|p1b: Salamence\n|\n|-sideend|p2: CapitalistConsumer|move: Aurora Veil\n|upkeep\n|\n|t:|1681718182\n|switch|p1b: Azumarill|Azumarill, L50, M|100\/100\n|turn|9\n|\n|t:|1681718190\n|move|p1a: Scream Tail|Howl|p1a: Scream Tail|[spread] p1a,p1b\n|-boost|p1a: Scream Tail|atk|1\n|-boost|p1b: Azumarill|atk|1\n|move|p1b: Azumarill|Play Rough|p2b: Dondozo\n|-damage|p2b: Dondozo|61\/100\n|move|p2b: Dondozo|Fissure|p1b: Azumarill|[miss]\n|-miss|p2b: Dondozo|p1b: Azumarill\n|\n|upkeep\n|turn|10\n|\n|t:|1681718203\n|move|p1a: Scream Tail|Play Rough|p2b: Dondozo\n|-damage|p2b: Dondozo|46\/100\n|move|p1b: Azumarill|Play Rough|p2b: Dondozo\n|-damage|p2b: Dondozo|34\/100\n|move|p2b: Dondozo|Fissure|p1a: Scream Tail\n|-damage|p1a: Scream Tail|0 fnt\n|faint|p1a: Scream Tail\n|-end|p1a: Scream Tail|Protosynthesis|[silent]\n|-ohko\n|\n|upkeep\n|turn|11\n|\n|t:|1681718210\n|move|p1b: Azumarill|Perish Song|p1b: Azumarill\n|-start|p1b: Azumarill|perish3|[silent]\n|-start|p2b: Dondozo|perish3|[silent]\n|-fieldactivate|move: Perish Song\n|move|p2b: Dondozo|Fissure|p1b: Azumarill\n|-damage|p1b: Azumarill|0 fnt\n|faint|p1b: Azumarill\n|-ohko\n|\n|win|CapitalistConsumer\n|raw|Giceon's rating: 1053 → 1033<\/strong> (-20 for losing)\n|raw|CapitalistConsumer's rating: 1017 → 1058<\/strong> (+41 for winning)\n|l|\u2606Giceon\n","uploadtime":1681718218,"views":18,"p1id":"giceon","p2id":"capitalistconsumer","formatid":"gen9vgc2023regulationc","rating":1033,"private":0,"password":""}