{"id":"gen9vgc2023regulationc-1855704447","p1":"044kike","p2":"MacNPlz","format":"[Gen 9] VGC 2023 Regulation C","log":"|j|\u2606044kike\n|j|\u2606MacNPlz\n|t:|1682974958\n|gametype|doubles\n|player|p1|044kike|102|1026\n|player|p2|MacNPlz|morty|1044\n|teamsize|p1|6\n|teamsize|p2|6\n|gen|9\n|tier|[Gen 9] VGC 2023 Regulation C\n|rated|\n|rule|Species Clause: Limit one of each Pok\u00e9mon\n|rule|Item Clause: Limit one of each item\n|clearpoke\n|poke|p1|Amoonguss, L50, M|\n|poke|p1|Ceruledge, L50, M|\n|poke|p1|Gyarados, L50, F|\n|poke|p1|Ting-Lu, L50|\n|poke|p1|Flutter Mane, L50|\n|poke|p1|Murkrow, L50, M|\n|poke|p2|Gothitelle, L50, M|\n|poke|p2|Flutter Mane, L50|\n|poke|p2|Scream Tail, L50|\n|poke|p2|Ting-Lu, L50|\n|poke|p2|Wo-Chien, L50|\n|poke|p2|Staraptor, L50, F|\n|teampreview|4\n|inactive|Battle timer is ON: inactive players will automatically lose when time's up. (requested by MacNPlz)\n|\n|t:|1682975010\n|start\n|switch|p1a: Ceruledge|Ceruledge, L50, M|100\/100\n|switch|p1b: Murkrow|Murkrow, L50, M|100\/100\n|switch|p2a: Staraptor|Staraptor, L50, F|100\/100\n|switch|p2b: Flutter Mane|Flutter Mane, L50|100\/100\n|-ability|p2a: Staraptor|Intimidate|boost\n|-fail|p1a: Ceruledge|unboost|[from] item: Clear Amulet|[of] p1a: Ceruledge\n|-unboost|p1b: Murkrow|atk|1\n|turn|1\n|inactive|044kike has 30 seconds left.\n|inactive|044kike has 20 seconds left.\n|inactive|044kike has 15 seconds left.\n|inactive|044kike has 10 seconds left.\n|\n|t:|1682975056\n|switch|p2a: Wo-Chien|Wo-Chien, L50|100\/100\n|-ability|p2a: Wo-Chien|Tablets of Ruin\n|switch|p1a: Ting-Lu|Ting-Lu, L50|100\/100\n|-ability|p1a: Ting-Lu|Vessel of Ruin\n|-terastallize|p2b: Flutter Mane|Steel\n|move|p1b: Murkrow|Tailwind|p1b: Murkrow\n|-sidestart|p1: 044kike|move: Tailwind\n|move|p2b: Flutter Mane|Moonblast|p1b: Murkrow\n|-supereffective|p1b: Murkrow\n|-damage|p1b: Murkrow|50\/100\n|-unboost|p1b: Murkrow|spa|1\n|\n|upkeep\n|turn|2\n|inactive|044kike has 30 seconds left.\n|inactive|044kike has 20 seconds left.\n|inactive|044kike has 15 seconds left.\n|inactive|044kike has 10 seconds left.\n|\n|t:|1682975103\n|-end|p2b: Flutter Mane|Protosynthesis|[silent]\n|switch|p2b: Staraptor|Staraptor, L50, F|100\/100\n|-ability|p2b: Staraptor|Intimidate|boost\n|-unboost|p1a: Ting-Lu|atk|1\n|-unboost|p1b: Murkrow|atk|1\n|move|p1b: Murkrow|Quash||[still]\n|-fail|p1b: Murkrow\n|move|p1a: Ting-Lu|Ruination|p2a: Wo-Chien|[miss]\n|-miss|p1a: Ting-Lu|p2a: Wo-Chien\n|move|p2a: Wo-Chien|Leech Seed|p1a: Ting-Lu\n|-start|p1a: Ting-Lu|move: Leech Seed\n|\n|-damage|p1a: Ting-Lu|88\/100|[from] Leech Seed|[of] p2a: Wo-Chien\n|upkeep\n|turn|3\n|inactive|044kike has 30 seconds left.\n|inactive|MacNPlz has 30 seconds left.\n|\n|t:|1682975136\n|switch|p1a: Ceruledge|Ceruledge, L50, M|100\/100\n|move|p1b: Murkrow|Protect|p1b: Murkrow\n|-singleturn|p1b: Murkrow|Protect\n|move|p2a: Wo-Chien|Protect|p2a: Wo-Chien\n|-singleturn|p2a: Wo-Chien|Protect\n|move|p2b: Staraptor|Close Combat|p1a: Ceruledge\n|-immune|p1a: Ceruledge\n|\n|upkeep\n|turn|4\n|inactive|044kike has 30 seconds left.\n|\n|t:|1682975163\n|switch|p2b: Flutter Mane|Flutter Mane, L50, tera:Steel|100\/100\n|switch|p2a: Ting-Lu|Ting-Lu, L50|100\/100\n|-ability|p2a: Ting-Lu|Vessel of Ruin\n|move|p1b: Murkrow|Quash|p2a: Ting-Lu\n|-hint|Since gen 7, Dark is immune to Prankster moves.\n|-immune|p2a: Ting-Lu\n|move|p1a: Ceruledge|Bulk Up|p1a: Ceruledge\n|-boost|p1a: Ceruledge|atk|1\n|-boost|p1a: Ceruledge|def|1\n|\n|-sideend|p1: 044kike|move: Tailwind\n|upkeep\n|turn|5\n|inactive|044kike has 30 seconds left.\n|\n|t:|1682975191\n|-terastallize|p1a: Ceruledge|Grass\n|move|p2b: Flutter Mane|Protect|p2b: Flutter Mane\n|-singleturn|p2b: Flutter Mane|Protect\n|move|p1b: Murkrow|Tailwind|p1b: Murkrow\n|-sidestart|p1: 044kike|move: Tailwind\n|move|p1a: Ceruledge|Bulk Up|p1a: Ceruledge\n|-boost|p1a: Ceruledge|atk|1\n|-boost|p1a: Ceruledge|def|1\n|move|p2a: Ting-Lu|Ruination|p1a: Ceruledge\n|-damage|p1a: Ceruledge|50\/100\n|\n|upkeep\n|turn|6\n|inactive|044kike has 30 seconds left.\n|\n|t:|1682975221\n|-end|p2b: Flutter Mane|Protosynthesis|[silent]\n|switch|p2b: Staraptor|Staraptor, L50, F|100\/100\n|-ability|p2b: Staraptor|Intimidate|boost\n|-fail|p1a: Ceruledge|unboost|[from] item: Clear Amulet|[of] p1a: Ceruledge\n|-unboost|p1b: Murkrow|atk|1\n|move|p1b: Murkrow|Protect|p1b: Murkrow\n|-singleturn|p1b: Murkrow|Protect\n|move|p1a: Ceruledge|Bitter Blade|p2b: Staraptor\n|-damage|p2b: Staraptor|0 fnt\n|-heal|p1a: Ceruledge|100\/100|[from] drain|[of] p2b: Staraptor\n|faint|p2b: Staraptor\n|move|p2a: Ting-Lu|Sand Tomb|p1a: Ceruledge\n|-resisted|p1a: Ceruledge\n|-damage|p1a: Ceruledge|95\/100\n|-activate|p1a: Ceruledge|move: Sand Tomb|[of] p2a: Ting-Lu\n|\n|-damage|p1a: Ceruledge|83\/100|[from] move: Sand Tomb|[partiallytrapped]\n|upkeep\n|inactive|MacNPlz has 30 seconds left.\n|inactive|MacNPlz has 20 seconds left.\n|inactive|MacNPlz has 15 seconds left.\n|\n|t:|1682975262\n|switch|p2b: Wo-Chien|Wo-Chien, L50|100\/100\n|-ability|p2b: Wo-Chien|Tablets of Ruin\n|turn|7\n|inactive|044kike has 30 seconds left.\n|\n|t:|1682975291\n|move|p1b: Murkrow|Quash|p2b: Wo-Chien\n|-hint|Since gen 7, Dark is immune to Prankster moves.\n|-immune|p2b: Wo-Chien\n|move|p1a: Ceruledge|Bitter Blade|p2a: Ting-Lu\n|-damage|p2a: Ting-Lu|66\/100\n|-heal|p1a: Ceruledge|100\/100|[from] drain|[of] p2a: Ting-Lu\n|move|p2b: Wo-Chien|Leech Seed|p1a: Ceruledge\n|-immune|p1a: Ceruledge\n|move|p2a: Ting-Lu|Heavy Slam|p1b: Murkrow\n|-damage|p1b: Murkrow|21\/100\n|\n|-damage|p1a: Ceruledge|88\/100|[from] move: Sand Tomb|[partiallytrapped]\n|upkeep\n|turn|8\n|\n|t:|1682975312\n|move|p1b: Murkrow|Protect|p1b: Murkrow\n|-singleturn|p1b: Murkrow|Protect\n|move|p2b: Wo-Chien|Protect|p2b: Wo-Chien\n|-singleturn|p2b: Wo-Chien|Protect\n|move|p1a: Ceruledge|Bitter Blade|p2b: Wo-Chien\n|-activate|p2b: Wo-Chien|move: Protect\n|move|p2a: Ting-Lu|Heavy Slam|p1b: Murkrow\n|-activate|p1b: Murkrow|move: Protect\n|\n|-damage|p1a: Ceruledge|76\/100|[from] move: Sand Tomb|[partiallytrapped]\n|-sideend|p1: 044kike|move: Tailwind\n|upkeep\n|turn|9\n|\n|t:|1682975326\n|switch|p2a: Flutter Mane|Flutter Mane, L50, tera:Steel|100\/100\n|move|p1b: Murkrow|Tailwind|p1b: Murkrow\n|-sidestart|p1: 044kike|move: Tailwind\n|move|p1a: Ceruledge|Bitter Blade|p2b: Wo-Chien\n|-supereffective|p2b: Wo-Chien\n|-damage|p2b: Wo-Chien|0 fnt\n|-heal|p1a: Ceruledge|100\/100|[from] drain|[of] p2b: Wo-Chien\n|faint|p2b: Wo-Chien\n|\n|-end|p1a: Ceruledge|Sand Tomb|[partiallytrapped]|[silent]\n|upkeep\n|\n|t:|1682975330\n|switch|p2b: Ting-Lu|Ting-Lu, L50|66\/100\n|-ability|p2b: Ting-Lu|Vessel of Ruin\n|turn|10\n|-message|MacNPlz forfeited.\n|\n|win|044kike\n|raw|044kike's rating: 1026 → 1064<\/strong> (+38 for winning)\n|raw|MacNPlz's rating: 1044 → 1027<\/strong> (-17 for losing)\n|l|\u2606MacNPlz\n","uploadtime":1682975346,"views":13,"p1id":"044kike","p2id":"macnplz","formatid":"gen9vgc2023regulationc","rating":1027,"private":0,"password":""}