{"id":"gen9vgc2023regulationc-1859018974","p1":"Sobble7","p2":"TortuguitaconQueso","format":"[Gen 9] VGC 2023 Regulation C","log":"|j|\u2606Sobble7\n|j|\u203dTortuguitaconQueso\n|t:|1683394957\n|gametype|doubles\n|player|p1|Sobble7|102|1092\n|player|p2|TortuguitaconQueso|valerie|1000\n|teamsize|p1|6\n|teamsize|p2|6\n|gen|9\n|tier|[Gen 9] VGC 2023 Regulation C\n|rated|\n|rule|Species Clause: Limit one of each Pok\u00e9mon\n|rule|Item Clause: Limit one of each item\n|clearpoke\n|poke|p1|Ting-Lu, L50|\n|poke|p1|Tyranitar, L50, F|\n|poke|p1|Lycanroc, L50, M|\n|poke|p1|Amoonguss, L50, F|\n|poke|p1|Farigiraf, L50, F|\n|poke|p1|Annihilape, L50, F|\n|poke|p2|Flutter Mane, L50|\n|poke|p2|Amoonguss, L50, F|\n|poke|p2|Gyarados, L50, F|\n|poke|p2|Arcanine, L50, F|\n|poke|p2|Ting-Lu, L50|\n|poke|p2|Baxcalibur, L50, F|\n|teampreview|4\n|inactive|Battle timer is ON: inactive players will automatically lose when time's up. (requested by Sobble7)\n|inactive|TortuguitaconQueso has 60 seconds left.\n|\n|t:|1683395002\n|start\n|switch|p1a: Tyranitar|Tyranitar, L50, F|100\/100\n|switch|p1b: Ting-Lu|Ting-Lu, L50|100\/100\n|switch|p2a: Amoonguss|Amoonguss, L50, F, shiny|100\/100\n|switch|p2b: Gyarados|Gyarados, L50, F, shiny|100\/100\n|-ability|p2b: Gyarados|Intimidate|boost\n|-unboost|p1a: Tyranitar|atk|1\n|-unboost|p1b: Ting-Lu|atk|1\n|-ability|p1b: Ting-Lu|Vessel of Ruin\n|-weather|Sandstorm|[from] ability: Sand Stream|[of] p1a: Tyranitar\n|turn|1\n|inactive|Sobble7 has 30 seconds left.\n|\n|t:|1683395035\n|switch|p1a: Amoonguss|Amoonguss, L50, F|100\/100\n|move|p2b: Gyarados|Protect|p2b: Gyarados\n|-singleturn|p2b: Gyarados|Protect\n|move|p1b: Ting-Lu|Fissure|p2a: Amoonguss\n|-damage|p2a: Amoonguss|0 fnt\n|faint|p2a: Amoonguss\n|-ohko\n|\n|-weather|Sandstorm|[upkeep]\n|-damage|p2b: Gyarados|94\/100|[from] Sandstorm\n|-damage|p1a: Amoonguss|94\/100|[from] Sandstorm\n|upkeep\n|\n|t:|1683395046\n|switch|p2a: Baxcalibur|Baxcalibur, L50, F, shiny|100\/100\n|turn|2\n|\n|t:|1683395064\n|-terastallize|p1a: Amoonguss|Rock\n|move|p1a: Amoonguss|Rage Powder|p1a: Amoonguss\n|-singleturn|p1a: Amoonguss|move: Rage Powder\n|move|p2a: Baxcalibur|Icicle Crash|p1a: Amoonguss|[miss]\n|-miss|p2a: Baxcalibur|p1a: Amoonguss\n|move|p2b: Gyarados|Taunt|p1a: Amoonguss\n|-start|p1a: Amoonguss|move: Taunt\n|move|p1b: Ting-Lu|Fissure|p2b: Gyarados\n|-immune|p2b: Gyarados\n|\n|-weather|Sandstorm|[upkeep]\n|-damage|p2a: Baxcalibur|95\/100|[from] Sandstorm\n|-damage|p2b: Gyarados|88\/100|[from] Sandstorm\n|upkeep\n|turn|3\n|\n|t:|1683395088\n|switch|p1a: Lycanroc|Lycanroc, L50, M|100\/100\n|move|p2a: Baxcalibur|Icicle Crash|p1b: Ting-Lu\n|-supereffective|p1b: Ting-Lu\n|-damage|p1b: Ting-Lu|47\/100\n|move|p2b: Gyarados|Waterfall|p1b: Ting-Lu\n|-supereffective|p1b: Ting-Lu\n|-damage|p1b: Ting-Lu|12\/100\n|move|p1b: Ting-Lu|Stomping Tantrum|p2a: Baxcalibur\n|-damage|p2a: Baxcalibur|60\/100\n|\n|-weather|Sandstorm|[upkeep]\n|-damage|p2a: Baxcalibur|54\/100|[from] Sandstorm\n|-damage|p2b: Gyarados|82\/100|[from] Sandstorm\n|upkeep\n|turn|4\n|\n|t:|1683395112\n|move|p1b: Ting-Lu|Protect|p1b: Ting-Lu\n|-singleturn|p1b: Ting-Lu|Protect\n|move|p2a: Baxcalibur|Ice Shard|p1b: Ting-Lu\n|-activate|p1b: Ting-Lu|move: Protect\n|move|p1a: Lycanroc|Substitute|p1a: Lycanroc\n|-start|p1a: Lycanroc|Substitute\n|-damage|p1a: Lycanroc|76\/100\n|move|p2b: Gyarados|Waterfall|p1a: Lycanroc\n|-supereffective|p1a: Lycanroc\n|-end|p1a: Lycanroc|Substitute\n|\n|-weather|Sandstorm|[upkeep]\n|-damage|p2a: Baxcalibur|48\/100|[from] Sandstorm\n|-damage|p2b: Gyarados|76\/100|[from] Sandstorm\n|upkeep\n|turn|5\n|inactive|Sobble7 has 30 seconds left.\n|\n|t:|1683395142\n|move|p2a: Baxcalibur|Ice Shard|p1b: Ting-Lu\n|-supereffective|p1b: Ting-Lu\n|-crit|p1b: Ting-Lu\n|-damage|p1b: Ting-Lu|0 fnt\n|faint|p1b: Ting-Lu\n|move|p1a: Lycanroc|Rock Slide|p2a: Baxcalibur|[spread] p2a\n|-miss|p1a: Lycanroc|p2b: Gyarados\n|-supereffective|p2a: Baxcalibur\n|-damage|p2a: Baxcalibur|0 fnt\n|faint|p2a: Baxcalibur\n|move|p2b: Gyarados|Waterfall|p1a: Lycanroc\n|-supereffective|p1a: Lycanroc\n|-damage|p1a: Lycanroc|0 fnt\n|faint|p1a: Lycanroc\n|\n|-weather|none\n|upkeep\n|\n|t:|1683395157\n|switch|p1a: Tyranitar|Tyranitar, L50, F|100\/100\n|switch|p2a: Flutter Mane|Flutter Mane, L50|100\/100\n|switch|p1b: Amoonguss|Amoonguss, L50, F, tera:Rock|100\/100\n|-weather|Sandstorm|[from] ability: Sand Stream|[of] p1a: Tyranitar\n|-enditem|p2a: Flutter Mane|Booster Energy\n|-activate|p2a: Flutter Mane|ability: Protosynthesis|[fromitem]\n|-start|p2a: Flutter Mane|protosynthesisspa\n|turn|6\n|inactive|Sobble7 has 30 seconds left.\n|inactive|Sobble7 has 20 seconds left.\n|\n|t:|1683395194\n|move|p2a: Flutter Mane|Protect|p2a: Flutter Mane\n|-singleturn|p2a: Flutter Mane|Protect\n|move|p1b: Amoonguss|Rage Powder|p1b: Amoonguss\n|-singleturn|p1b: Amoonguss|move: Rage Powder\n|move|p2b: Gyarados|Taunt|p1b: Amoonguss\n|-start|p1b: Amoonguss|move: Taunt\n|move|p1a: Tyranitar|Rock Slide|p2b: Gyarados|[spread] p2b\n|-activate|p2a: Flutter Mane|move: Protect\n|-supereffective|p2b: Gyarados\n|-damage|p2b: Gyarados|18\/100\n|-enditem|p2b: Gyarados|Sitrus Berry|[eat]\n|-heal|p2b: Gyarados|43\/100|[from] item: Sitrus Berry\n|\n|-weather|Sandstorm|[upkeep]\n|-damage|p2a: Flutter Mane|94\/100|[from] Sandstorm\n|-damage|p2b: Gyarados|37\/100|[from] Sandstorm\n|upkeep\n|turn|7\n|\n|t:|1683395208\n|-terastallize|p2a: Flutter Mane|Fairy\n|move|p2a: Flutter Mane|Moonblast|p1a: Tyranitar\n|-supereffective|p1a: Tyranitar\n|-damage|p1a: Tyranitar|32\/100\n|move|p2b: Gyarados|Waterfall|p1a: Tyranitar\n|-supereffective|p1a: Tyranitar\n|-damage|p1a: Tyranitar|0 fnt\n|faint|p1a: Tyranitar\n|move|p1b: Amoonguss|Clear Smog|p2a: Flutter Mane\n|-supereffective|p2a: Flutter Mane\n|-damage|p2a: Flutter Mane|65\/100\n|-clearboost|p2a: Flutter Mane\n|\n|-weather|Sandstorm|[upkeep]\n|-damage|p2a: Flutter Mane|59\/100|[from] Sandstorm\n|-damage|p2b: Gyarados|31\/100|[from] Sandstorm\n|upkeep\n|turn|8\n|-message|Sobble7 forfeited.\n|\n|win|TortuguitaconQueso\n|raw|Sobble7's rating: 1092 → 1062<\/strong> (-30 for losing)\n|raw|TortuguitaconQueso's rating: 1000 → 1050<\/strong> (+50 for winning)\n|l|\u2606Sobble7\n","uploadtime":1683395230,"views":15,"p1id":"sobble7","p2id":"tortuguitaconqueso","formatid":"gen9vgc2023regulationc","rating":1050,"private":0,"password":""}