{"id":"gen9vgc2023regulationc-1848187071","p1":"Amar115","p2":"Bdogplatinum","format":"[Gen 9] VGC 2023 Regulation C","log":"|j|\u2606Amar115\n|j|\u2606Bdogplatinum\n|t:|1682040042\n|gametype|doubles\n|player|p1|Amar115|266|\n|player|p2|Bdogplatinum|cress|\n|teamsize|p1|6\n|teamsize|p2|6\n|gen|9\n|tier|[Gen 9] VGC 2023 Regulation C\n|rule|Species Clause: Limit one of each Pok\u00e9mon\n|rule|Item Clause: Limit one of each item\n|clearpoke\n|poke|p1|Flutter Mane, L50|\n|poke|p1|Hydreigon, L50, F|\n|poke|p1|Chi-Yu, L50|\n|poke|p1|Vaporeon, L50, F|\n|poke|p1|Flamigo, L50, M|\n|poke|p1|Klawf, L50, F|\n|poke|p2|Armarouge, L50, F|\n|poke|p2|Indeedee-F, L50, F|\n|poke|p2|Hatterene, L50, F|\n|poke|p2|Iron Thorns, L50|\n|poke|p2|Dachsbun, L50, F|\n|poke|p2|Rotom-Frost, L50|\n|teampreview|4\n|inactive|Battle timer is ON: inactive players will automatically lose when time's up. (requested by Amar115)\n|inactiveoff|Battle timer is now OFF.\n|c|\u2606Amar115|game 2\n|\n|t:|1682040359\n|start\n|switch|p1a: Chi-Yu|Chi-Yu, L50|100\/100\n|switch|p1b: Flutter Mane|Flutter Mane, L50|100\/100\n|switch|p2a: Hatterene|Hatterene, L50, F|100\/100\n|switch|p2b: Indeedee|Indeedee-F, L50, F|100\/100\n|-ability|p1a: Chi-Yu|Beads of Ruin\n|-fieldstart|move: Psychic Terrain|[from] ability: Psychic Surge|[of] p2b: Indeedee\n|-enditem|p2b: Indeedee|Psychic Seed\n|-boost|p2b: Indeedee|spd|1|[from] item: Psychic Seed\n|-enditem|p1b: Flutter Mane|Booster Energy\n|-activate|p1b: Flutter Mane|ability: Protosynthesis|[fromitem]\n|-start|p1b: Flutter Mane|protosynthesisspa\n|turn|1\n|\n|t:|1682040391\n|-terastallize|p2b: Indeedee|Fairy\n|move|p2b: Indeedee|Follow Me|p2b: Indeedee\n|-singleturn|p2b: Indeedee|move: Follow Me\n|move|p1a: Chi-Yu|Dark Pulse|p2b: Indeedee\n|-resisted|p2b: Indeedee\n|-damage|p2b: Indeedee|85\/100\n|move|p1b: Flutter Mane|Substitute|p1b: Flutter Mane\n|-start|p1b: Flutter Mane|Substitute\n|-damage|p1b: Flutter Mane|76\/100\n|move|p2a: Hatterene|Trick Room|p2a: Hatterene\n|-fieldstart|move: Trick Room|[of] p2a: Hatterene\n|\n|upkeep\n|turn|2\n|\n|t:|1682040412\n|switch|p1a: Vaporeon|Vaporeon, L50, F|100\/100\n|move|p2b: Indeedee|Follow Me|p2b: Indeedee\n|-singleturn|p2b: Indeedee|move: Follow Me\n|move|p2a: Hatterene|Dazzling Gleam|p1b: Flutter Mane|[spread] p1a,p1b\n|-end|p1b: Flutter Mane|Substitute\n|-damage|p1a: Vaporeon|60\/100\n|-damage|p2a: Hatterene|91\/100|[from] item: Life Orb\n|move|p1b: Flutter Mane|Shadow Ball|p2b: Indeedee\n|-damage|p2b: Indeedee|54\/100\n|\n|upkeep\n|turn|3\n|\n|t:|1682040447\n|move|p2b: Indeedee|Helping Hand|p2a: Hatterene\n|-singleturn|p2a: Hatterene|Helping Hand|[of] p2b: Indeedee\n|move|p1b: Flutter Mane|Protect|p1b: Flutter Mane\n|-singleturn|p1b: Flutter Mane|Protect\n|move|p2a: Hatterene|Dazzling Gleam|p1a: Vaporeon|[spread] p1a\n|-activate|p1b: Flutter Mane|move: Protect\n|-crit|p1a: Vaporeon\n|-damage|p1a: Vaporeon|0 fnt\n|faint|p1a: Vaporeon\n|-damage|p2a: Hatterene|81\/100|[from] item: Life Orb\n|\n|upkeep\n|\n|t:|1682040460\n|switch|p1a: Klawf|Klawf, L50, F|100\/100\n|turn|4\n|\n|t:|1682040497\n|move|p2b: Indeedee|Helping Hand|p2a: Hatterene\n|-singleturn|p2a: Hatterene|Helping Hand|[of] p2b: Indeedee\n|move|p1a: Klawf|Protect|p1a: Klawf\n|-singleturn|p1a: Klawf|Protect\n|move|p2a: Hatterene|Dazzling Gleam|p1b: Flutter Mane|[spread] p1b\n|-activate|p1a: Klawf|move: Protect\n|-damage|p1b: Flutter Mane|15\/100\n|-damage|p2a: Hatterene|71\/100|[from] item: Life Orb\n|move|p1b: Flutter Mane|Shadow Ball|p2a: Hatterene\n|-supereffective|p2a: Hatterene\n|-damage|p2a: Hatterene|0 fnt\n|faint|p2a: Hatterene\n|\n|upkeep\n|\n|t:|1682040512\n|switch|p2a: Iron Thorns|Iron Thorns, L50|100\/100\n|-enditem|p2a: Iron Thorns|Booster Energy\n|-activate|p2a: Iron Thorns|ability: Quark Drive|[fromitem]\n|-start|p2a: Iron Thorns|quarkdriveatk\n|turn|5\n|\n|t:|1682040550\n|-terastallize|p1a: Klawf|Rock\n|move|p1b: Flutter Mane|Protect|p1b: Flutter Mane\n|-singleturn|p1b: Flutter Mane|Protect\n|move|p2a: Iron Thorns|Dragon Dance|p2a: Iron Thorns\n|-boost|p2a: Iron Thorns|atk|1\n|-boost|p2a: Iron Thorns|spe|1\n|move|p2b: Indeedee|Dazzling Gleam|p1a: Klawf|[spread] p1a\n|-activate|p1b: Flutter Mane|move: Protect\n|-damage|p1a: Klawf|64\/100\n|move|p1a: Klawf|Rock Slide|p2b: Indeedee|[spread] p2a,p2b\n|-damage|p2a: Iron Thorns|62\/100\n|-damage|p2b: Indeedee|8\/100\n|-damage|p1a: Klawf|54\/100|[from] item: Life Orb\n|\n|-fieldend|move: Trick Room\n|-fieldend|move: Psychic Terrain\n|upkeep\n|turn|6\n|\n|t:|1682040582\n|move|p1b: Flutter Mane|Moonblast|p2a: Iron Thorns\n|-damage|p2a: Iron Thorns|5\/100\n|move|p2a: Iron Thorns|Rock Slide|p1b: Flutter Mane|[spread] p1a,p1b\n|-damage|p1a: Klawf|0 fnt\n|-damage|p1b: Flutter Mane|0 fnt\n|faint|p1a: Klawf\n|faint|p1b: Flutter Mane\n|-end|p1b: Flutter Mane|Protosynthesis|[silent]\n|move|p2b: Indeedee|Dazzling Gleam|p1: Klawf|[notarget]\n|-fail|p2b: Indeedee\n|\n|upkeep\n|\n|t:|1682040593\n|switch|p1b: Chi-Yu|Chi-Yu, L50|100\/100\n|-ability|p1b: Chi-Yu|Beads of Ruin\n|turn|7\n|\n|t:|1682040601\n|move|p2a: Iron Thorns|Protect|p2a: Iron Thorns\n|-singleturn|p2a: Iron Thorns|Protect\n|move|p1b: Chi-Yu|Heat Wave|p2a: Iron Thorns|[spread] p2b\n|-activate|p2a: Iron Thorns|move: Protect\n|-damage|p2b: Indeedee|0 fnt\n|faint|p2b: Indeedee\n|\n|upkeep\n|\n|t:|1682040605\n|switch|p2b: Rotom|Rotom-Frost, L50|100\/100\n|turn|8\n|\n|t:|1682040612\n|move|p1b: Chi-Yu|Heat Wave|p2a: Iron Thorns|[spread] p2a,p2b\n|-resisted|p2a: Iron Thorns\n|-supereffective|p2b: Rotom\n|-damage|p2a: Iron Thorns|0 fnt\n|-damage|p2b: Rotom|32\/100\n|faint|p2a: Iron Thorns\n|-end|p2a: Iron Thorns|Quark Drive|[silent]\n|move|p2b: Rotom|Thunderbolt|p1b: Chi-Yu\n|-damage|p1b: Chi-Yu|52\/100\n|\n|upkeep\n|turn|9\n|\n|t:|1682040620\n|move|p1b: Chi-Yu|Heat Wave|p2b: Rotom\n|-supereffective|p2b: Rotom\n|-damage|p2b: Rotom|0 fnt\n|faint|p2b: Rotom\n|\n|win|Amar115\n|l|\u2606Bdogplatinum\n|j|\u2606Bdogplatinum\n|player|p2|Bdogplatinum|cress\n|l|\u2606Bdogplatinum\n|player|p2|\n|j|\u2606Bdogplatinum\n|player|p2|Bdogplatinum|cress\n|l|\u2606Bdogplatinum\n|player|p2|\n","uploadtime":1682040964,"views":11,"p1id":"amar115","p2id":"bdogplatinum","formatid":"gen9vgc2023regulationc","rating":0,"private":0,"password":""}