{"id":"gen9vgc2023regulationc-1863860272","p1":"Yeetawheat","p2":"Clementine23","format":"[Gen 9] VGC 2023 Regulation C","log":"|j|\u2606Yeetawheat\n|j|\u2606Clementine23\n|t:|1684086457\n|gametype|doubles\n|player|p1|Yeetawheat|2|\n|player|p2|Clementine23|richboy|\n|teamsize|p1|6\n|teamsize|p2|6\n|gen|9\n|tier|[Gen 9] VGC 2023 Regulation C\n|rule|Species Clause: Limit one of each Pok\u00e9mon\n|rule|Item Clause: Limit one of each item\n|clearpoke\n|poke|p1|Scizor, L50, F|\n|poke|p1|Tauros-Paldea-Aqua, L50, M|\n|poke|p1|Rotom-Heat, L50|\n|poke|p1|Flutter Mane, L50|\n|poke|p1|Ting-Lu, L50|\n|poke|p1|Amoonguss, L50, F|\n|poke|p2|Iron Hands, L50|\n|poke|p2|Chien-Pao, L50|\n|poke|p2|Palafin, L50, M|\n|poke|p2|Talonflame, L50, M|\n|poke|p2|Great Tusk, L50|\n|poke|p2|Gholdengo, L50|\n|teampreview|4\nYeetawheat has agreed to open team sheets.\n|c|\u2606Yeetawheat|g2\nClementine23 has agreed to open team sheets.\n|c|\u2606Yeetawheat|glhf!\n|j| SirSmokeVGC\n|\n|t:|1684086824\n|start\n|switch|p1a: Tauros|Tauros-Paldea-Aqua, L50, M|100\/100\n|switch|p1b: Flutter Mane|Flutter Mane, L50|100\/100\n|switch|p2a: Palafin|Palafin, L50, M|100\/100\n|switch|p2b: Chien-Pao|Chien-Pao, L50|100\/100\n|-ability|p2b: Chien-Pao|Sword of Ruin\n|-ability|p1a: Tauros|Intimidate|boost\n|-unboost|p2a: Palafin|atk|1\n|-fail|p2b: Chien-Pao|unboost|[from] item: Clear Amulet|[of] p2b: Chien-Pao\n|-enditem|p1b: Flutter Mane|Booster Energy\n|-activate|p1b: Flutter Mane|ability: Protosynthesis|[fromitem]\n|-start|p1b: Flutter Mane|protosynthesisspe\n|turn|1\n|c|\u2606Yeetawheat|Sirsmoke I will post g3 if needed\n|c|\u2606Yeetawheat|since we only opened 2 for now\n|\n|t:|1684086873\n|move|p1b: Flutter Mane|Protect|p1b: Flutter Mane\n|-singleturn|p1b: Flutter Mane|Protect\n|move|p2b: Chien-Pao|Sucker Punch||[still]\n|-fail|p2b: Chien-Pao\n|move|p2a: Palafin|Jet Punch|p1b: Flutter Mane\n|-activate|p1b: Flutter Mane|move: Protect\n|move|p1a: Tauros|Close Combat|p2b: Chien-Pao\n|-supereffective|p2b: Chien-Pao\n|-damage|p2b: Chien-Pao|0 fnt\n|-unboost|p1a: Tauros|def|1\n|-unboost|p1a: Tauros|spd|1\n|faint|p2b: Chien-Pao\n|\n|upkeep\n|\n|t:|1684086889\n|switch|p2b: Talonflame|Talonflame, L50, M, shiny|100\/100\n|turn|2\n|\n|t:|1684086903\n|-end|p1b: Flutter Mane|Protosynthesis|[silent]\n|switch|p1b: Scizor|Scizor, L50, F|100\/100\n|switch|p1a: Rotom|Rotom-Heat, L50|100\/100\n|move|p2b: Talonflame|Tailwind|p2b: Talonflame\n|-sidestart|p2: Clementine23|move: Tailwind\n|move|p2a: Palafin|Wave Crash|p1b: Scizor\n|-damage|p1b: Scizor|63\/100\n|-damage|p2a: Palafin|89\/100|[from] Recoil\n|\n|upkeep\n|turn|3\n|\n|t:|1684086922\n|switch|p2b: Iron Hands|Iron Hands, L50|100\/100\n|switch|p1b: Tauros|Tauros-Paldea-Aqua, L50, M|100\/100\n|-ability|p1b: Tauros|Intimidate|boost\n|-unboost|p2a: Palafin|atk|1\n|-unboost|p2b: Iron Hands|atk|1\n|-terastallize|p1a: Rotom|Electric\n|move|p2a: Palafin|Protect|p2a: Palafin\n|-singleturn|p2a: Palafin|Protect\n|move|p1a: Rotom|Thunderbolt|p2b: Iron Hands\n|-resisted|p2b: Iron Hands\n|-damage|p2b: Iron Hands|85\/100\n|\n|upkeep\n|turn|4\n|\n|t:|1684086953\n|detailschange|p2a: Palafin|Palafin-Hero, L50, M\n|switch|p2a: Talonflame|Talonflame, L50, M, shiny|100\/100\n|move|p2b: Iron Hands|Drain Punch|p1a: Rotom\n|-damage|p1a: Rotom|67\/100\n|-heal|p2b: Iron Hands|97\/100|[from] drain|[of] p1a: Rotom\n|move|p1b: Tauros|Trailblaze|p2a: Talonflame\n|-resisted|p2a: Talonflame\n|-damage|p2a: Talonflame|95\/100\n|-boost|p1b: Tauros|spe|1\n|move|p1a: Rotom|Thunderbolt|p2a: Talonflame\n|-supereffective|p2a: Talonflame\n|-damage|p2a: Talonflame|0 fnt\n|faint|p2a: Talonflame\n|\n|upkeep\n|\n|t:|1684086965\n|switch|p2a: Palafin|Palafin-Hero, L50, M|89\/100\n|-activate|p2a: Palafin|ability: Zero to Hero\n|turn|5\n|\n|t:|1684086975\n|switch|p1b: Scizor|Scizor, L50, F|63\/100\n|move|p2a: Palafin|Wave Crash|p1a: Rotom\n|-damage|p1a: Rotom|0 fnt\n|faint|p1a: Rotom\n|-damage|p2a: Palafin|72\/100|[from] Recoil\n|move|p2b: Iron Hands|Thunder Punch|p1b: Scizor\n|-damage|p1b: Scizor|35\/100\n|\n|-sideend|p2: Clementine23|move: Tailwind\n|upkeep\n|\n|t:|1684086982\n|switch|p1a: Tauros|Tauros-Paldea-Aqua, L50, M|100\/100\n|-ability|p1a: Tauros|Intimidate|boost\n|-unboost|p2a: Palafin|atk|1\n|-unboost|p2b: Iron Hands|atk|1\n|turn|6\n|\n|t:|1684087016\n|-terastallize|p2b: Iron Hands|Grass\n|move|p2a: Palafin|Protect|p2a: Palafin\n|-singleturn|p2a: Palafin|Protect\n|move|p1a: Tauros|Wave Crash|p2b: Iron Hands\n|-resisted|p2b: Iron Hands\n|-damage|p2b: Iron Hands|76\/100\n|-damage|p1a: Tauros|91\/100|[from] Recoil\n|move|p1b: Scizor|Pounce|p2b: Iron Hands\n|-supereffective|p2b: Iron Hands\n|-damage|p2b: Iron Hands|26\/100\n|-unboost|p2b: Iron Hands|spe|1\n|move|p2b: Iron Hands|Thunder Punch|p1a: Tauros\n|-supereffective|p1a: Tauros\n|-damage|p1a: Tauros|43\/100\n|\n|upkeep\n|turn|7\n|\n|t:|1684087038\n|move|p1a: Tauros|Trailblaze|p2a: Palafin\n|-supereffective|p2a: Palafin\n|-damage|p2a: Palafin|45\/100\n|-boost|p1a: Tauros|spe|1\n|move|p2a: Palafin|Wave Crash|p1b: Scizor\n|-damage|p1b: Scizor|0 fnt\n|faint|p1b: Scizor\n|-damage|p2a: Palafin|35\/100|[from] Recoil\n|move|p2b: Iron Hands|Thunder Punch|p1a: Tauros\n|-supereffective|p1a: Tauros\n|-damage|p1a: Tauros|0 fnt\n|faint|p1a: Tauros\n|\n|upkeep\n|\n|t:|1684087042\n|switch|p1a: Flutter Mane|Flutter Mane, L50|100\/100\n|turn|8\n|\n|t:|1684087064\n|move|p2a: Palafin|Jet Punch|p1a: Flutter Mane\n|-damage|p1a: Flutter Mane|40\/100\n|move|p1a: Flutter Mane|Moonblast|p2b: Iron Hands\n|-damage|p2b: Iron Hands|0 fnt\n|faint|p2b: Iron Hands\n|-end|p2b: Iron Hands|Quark Drive|[silent]\n|\n|upkeep\n|turn|9\n|\n|t:|1684087072\n|move|p2a: Palafin|Jet Punch|p1a: Flutter Mane\n|-damage|p1a: Flutter Mane|0 fnt\n|faint|p1a: Flutter Mane\n|-end|p1a: Flutter Mane|Protosynthesis|[silent]\n|\n|win|Clementine23\n|c|\u2606Yeetawheat|gg g2!\n|l| SirSmokeVGC\n|l|\u2606Clementine23\n","uploadtime":1684087379,"views":10,"p1id":"yeetawheat","p2id":"clementine23","formatid":"gen9vgc2023regulationc","rating":0,"private":0,"password":""}