{"id":"gen9vgc2023regulationc-1860854271","p1":"Ratrap","p2":"AGSilver935","format":"[Gen 9] VGC 2023 Regulation C","log":"|j|\u2606Ratrap\n|j|\u2606AGSilver935\n|t:|1683686115\n|gametype|doubles\n|player|p1|Ratrap|1|1270\n|player|p2|AGSilver935|ghetsis|1374\n|teamsize|p1|6\n|teamsize|p2|6\n|gen|9\n|tier|[Gen 9] VGC 2023 Regulation C\n|rated|\n|rule|Species Clause: Limit one of each Pok\u00e9mon\n|rule|Item Clause: Limit one of each item\n|clearpoke\n|poke|p1|Ting-Lu, L50|\n|poke|p1|Chien-Pao, L50|\n|poke|p1|Orthworm, L50, M|\n|poke|p1|Dragonite, L50, F|\n|poke|p1|Sandy Shocks, L50|\n|poke|p1|Espathra, L50, M|\n|poke|p2|Baxcalibur, L50, M|\n|poke|p2|Flutter Mane, L50|\n|poke|p2|Chi-Yu, L50|\n|poke|p2|Iron Bundle, L50|\n|poke|p2|Amoonguss, L50, F|\n|poke|p2|Arcanine, L50, F|\n|teampreview|4\nAGSilver935 has agreed to open team sheets.\n|inactive|Battle timer is ON: inactive players will automatically lose when time's up. (requested by AGSilver935)\n|c|\u2606Ratrap|Yeet\n|inactive|AGSilver935 has 60 seconds left.\n|\n|t:|1683686178\n|start\n|switch|p1a: Sandy Shocks|Sandy Shocks, L50|100\/100\n|switch|p1b: Espathra|Espathra, L50, M|100\/100\n|switch|p2a: Iron Bundle|Iron Bundle, L50|100\/100\n|switch|p2b: Chi-Yu|Chi-Yu, L50|100\/100\n|-ability|p2b: Chi-Yu|Beads of Ruin\n|-enditem|p2a: Iron Bundle|Booster Energy\n|-activate|p2a: Iron Bundle|ability: Quark Drive|[fromitem]\n|-start|p2a: Iron Bundle|quarkdrivespe\n|-enditem|p1a: Sandy Shocks|Booster Energy\n|-activate|p1a: Sandy Shocks|ability: Protosynthesis|[fromitem]\n|-start|p1a: Sandy Shocks|protosynthesisspa\n|turn|1\n|\n|t:|1683686194\n|move|p1a: Sandy Shocks|Protect|p1a: Sandy Shocks\n|-singleturn|p1a: Sandy Shocks|Protect\n|move|p1b: Espathra|Protect|p1b: Espathra\n|-singleturn|p1b: Espathra|Protect\n|move|p2a: Iron Bundle|Icy Wind|p1a: Sandy Shocks|[spread] \n|-activate|p1a: Sandy Shocks|move: Protect\n|-activate|p1b: Espathra|move: Protect\n|move|p2b: Chi-Yu|Dark Pulse|p1b: Espathra\n|-activate|p1b: Espathra|move: Protect\n|\n|-ability|p1b: Espathra|Speed Boost|boost\n|-boost|p1b: Espathra|spe|1\n|upkeep\n|turn|2\n|inactive|Ratrap has 30 seconds left.\n|inactive|AGSilver935 has 30 seconds left.\n|inactive|Ratrap has 20 seconds left.\n|\n|t:|1683686230\n|move|p1b: Espathra|Ally Switch||[still]\n|-fail|p1b: Espathra\n|move|p2a: Iron Bundle|Icy Wind|p1b: Espathra|[spread] p1a,p1b\n|-supereffective|p1a: Sandy Shocks\n|-damage|p1a: Sandy Shocks|32\/100\n|-damage|p1b: Espathra|62\/100\n|-unboost|p1a: Sandy Shocks|spe|1\n|-unboost|p1b: Espathra|spe|1\n|move|p2b: Chi-Yu|Dark Pulse|p1b: Espathra\n|-supereffective|p1b: Espathra\n|-damage|p1b: Espathra|0 fnt\n|faint|p1b: Espathra\n|move|p1a: Sandy Shocks|Thunderbolt|p2a: Iron Bundle\n|-supereffective|p2a: Iron Bundle\n|-damage|p2a: Iron Bundle|0 fnt\n|faint|p2a: Iron Bundle\n|-end|p2a: Iron Bundle|Quark Drive|[silent]\n|\n|upkeep\n|\n|t:|1683686250\n|switch|p2a: Arcanine|Arcanine, L50, F|100\/100\n|switch|p1b: Dragonite|Dragonite, L50, F|100\/100\n|-ability|p2a: Arcanine|Intimidate|boost\n|-unboost|p1a: Sandy Shocks|atk|1\n|-unboost|p1b: Dragonite|atk|1\n|turn|3\n|inactive|Ratrap has 30 seconds left.\n|\n|t:|1683686283\n|switch|p1b: Chien-Pao|Chien-Pao, L50|100\/100\n|-ability|p1b: Chien-Pao|Sword of Ruin\n|move|p2b: Chi-Yu|Dark Pulse|p1a: Sandy Shocks\n|-damage|p1a: Sandy Shocks|0 fnt\n|faint|p1a: Sandy Shocks\n|-end|p1a: Sandy Shocks|Protosynthesis|[silent]\n|move|p2a: Arcanine|Will-O-Wisp|p1b: Chien-Pao\n|-status|p1b: Chien-Pao|brn\n|\n|-damage|p1b: Chien-Pao|95\/100 brn|[from] brn\n|upkeep\n|\n|t:|1683686293\n|switch|p1a: Dragonite|Dragonite, L50, F|100\/100\n|turn|4\n|\n|t:|1683686305\n|-terastallize|p1a: Dragonite|Normal\n|move|p2b: Chi-Yu|Protect|p2b: Chi-Yu\n|-singleturn|p2b: Chi-Yu|Protect\n|move|p1a: Dragonite|Extreme Speed|p2b: Chi-Yu\n|-activate|p2b: Chi-Yu|move: Protect\n|move|p1b: Chien-Pao|Taunt|p2a: Arcanine\n|-start|p2a: Arcanine|move: Taunt\n|cant|p2a: Arcanine|move: Taunt|Will-O-Wisp\n|\n|-damage|p1b: Chien-Pao|89\/100 brn|[from] brn\n|upkeep\n|turn|5\n|\n|t:|1683686321\n|move|p2a: Arcanine|Extreme Speed|p1a: Dragonite\n|-damage|p1a: Dragonite|87\/100\n|move|p1a: Dragonite|Extreme Speed|p2b: Chi-Yu\n|-enditem|p2b: Chi-Yu|Focus Sash\n|-damage|p2b: Chi-Yu|1\/100\n|move|p1b: Chien-Pao|Sucker Punch||[still]\n|-fail|p1b: Chien-Pao\n|move|p2b: Chi-Yu|Heat Wave|p1a: Dragonite|[spread] p1a,p1b\n|-supereffective|p1b: Chien-Pao\n|-damage|p1a: Dragonite|39\/100\n|-damage|p1b: Chien-Pao|0 fnt\n|faint|p1b: Chien-Pao\n|\n|upkeep\n|turn|6\n|\n|t:|1683686338\n|move|p1a: Dragonite|Extreme Speed|p2a: Arcanine\n|-damage|p2a: Arcanine|25\/100\n|move|p2b: Chi-Yu|Dark Pulse|p1a: Dragonite\n|-damage|p1a: Dragonite|0 fnt\n|faint|p1a: Dragonite\n|\n|win|AGSilver935\n|raw|Ratrap's rating: 1270 → 1252<\/strong> (-18 for losing)\n|raw|AGSilver935's rating: 1374 → 1388<\/strong> (+14 for winning)\n","uploadtime":1683686346,"views":15,"p1id":"ratrap","p2id":"agsilver935","formatid":"gen9vgc2023regulationc","rating":1252,"private":0,"password":""}