{"id":"gen9vgc2023regulationc-1852251840","p1":"mugiwaraLux","p2":"npqc","format":"[Gen 9] VGC 2023 Regulation C","log":"|j|\u2606mugiwaraLux\n|j|\u2606npqc\n|t:|1682536880\n|gametype|doubles\n|player|p1|mugiwaraLux|265|1308\n|player|p2|npqc|fisherman-gen4|1295\n|teamsize|p1|6\n|teamsize|p2|6\n|gen|9\n|tier|[Gen 9] VGC 2023 Regulation C\n|rated|\n|rule|Species Clause: Limit one of each Pok\u00e9mon\n|rule|Item Clause: Limit one of each item\n|clearpoke\n|poke|p1|Palafin, L50, M|\n|poke|p1|Amoonguss, L50, F|\n|poke|p1|Flutter Mane, L50|\n|poke|p1|Arcanine, L50, F|\n|poke|p1|Roaring Moon, L50|\n|poke|p1|Chien-Pao, L50|\n|poke|p2|Dondozo, L50, M|\n|poke|p2|Tatsugiri, L50, M|\n|poke|p2|Dragalge, L50, F|\n|poke|p2|Kingambit, L50, M|\n|poke|p2|Gallade, L50, M|\n|poke|p2|Baxcalibur, L50, M|\n|teampreview|4\n|inactive|Battle timer is ON: inactive players will automatically lose when time's up. (requested by npqc)\n|inactive|mugiwaraLux also wants the timer to be on.\nmugiwaraLux has agreed to open team sheets.\n|\n|t:|1682536908\n|start\n|switch|p1a: Palafin|Palafin, L50, M|100\/100\n|switch|p1b: Amoonguss|Amoonguss, L50, F|100\/100\n|switch|p2a: Tatsugiri|Tatsugiri, L50, M|100\/100\n|switch|p2b: Kingambit|Kingambit, L50, M|100\/100\n|turn|1\n|\n|t:|1682536925\n|move|p1a: Palafin|Protect|p1a: Palafin\n|-singleturn|p1a: Palafin|Protect\n|move|p2a: Tatsugiri|Dragon Pulse|p1b: Amoonguss\n|-damage|p1b: Amoonguss|43\/100\n|-enditem|p1b: Amoonguss|Sitrus Berry|[eat]\n|-heal|p1b: Amoonguss|68\/100|[from] item: Sitrus Berry\n|move|p2b: Kingambit|Kowtow Cleave|p1b: Amoonguss\n|-damage|p1b: Amoonguss|25\/100\n|move|p1b: Amoonguss|Spore|p2b: Kingambit\n|-status|p2b: Kingambit|slp|[from] move: Spore\n|\n|upkeep\n|turn|2\n|inactive|npqc has 30 seconds left.\n|\n|t:|1682536957\n|detailschange|p1a: Palafin|Palafin-Hero, L50, M\n|switch|p1a: Chien-Pao|Chien-Pao, L50|100\/100\n|-ability|p1a: Chien-Pao|Sword of Ruin\n|switch|p2b: Dragalge|Dragalge, L50, F|100\/100\n|switch|p1b: Mimi|Flutter Mane, L50|100\/100\n|move|p2a: Tatsugiri|Dragon Pulse|p1a: Chien-Pao\n|-enditem|p1a: Chien-Pao|Focus Sash\n|-damage|p1a: Chien-Pao|1\/100\n|\n|upkeep\n|turn|3\n|inactive|mugiwaraLux has 30 seconds left.\n|inactive|npqc has 30 seconds left.\n|inactive|npqc has 20 seconds left.\n|\n|t:|1682536994\n|switch|p2a: Kingambit|Kingambit, L50, M|100\/100 slp\n|move|p1a: Chien-Pao|Sucker Punch||[still]\n|-fail|p1a: Chien-Pao\n|move|p1b: Mimi|Dazzling Gleam|p2b: Dragalge|[spread] p2a,p2b\n|-crit|p2b: Dragalge\n|-damage|p2a: Kingambit|70\/100 slp\n|-damage|p2b: Dragalge|43\/100\n|move|p2b: Dragalge|Sludge Bomb|p1a: Chien-Pao\n|-damage|p1a: Chien-Pao|0 fnt\n|faint|p1a: Chien-Pao\n|-damage|p2b: Dragalge|33\/100|[from] item: Life Orb\n|\n|upkeep\n|\n|t:|1682537002\n|switch|p1a: Amoonguss|Amoonguss, L50, F|58\/100\n|turn|4\n|\n|t:|1682537013\n|-terastallize|p1b: Mimi|Fairy\n|move|p1a: Amoonguss|Protect|p1a: Amoonguss\n|-singleturn|p1a: Amoonguss|Protect\n|move|p1b: Mimi|Dazzling Gleam|p2a: Kingambit|[spread] p2a,p2b\n|-damage|p2a: Kingambit|32\/100 slp\n|-damage|p2b: Dragalge|0 fnt\n|faint|p2b: Dragalge\n|cant|p2a: Kingambit|slp\n|\n|upkeep\n|\n|t:|1682537022\n|switch|p2b: Baxcalibur|Baxcalibur, L50, M|100\/100\n|turn|5\n|\n|t:|1682537037\n|-end|p1b: Mimi|Protosynthesis|[silent]\n|switch|p1b: Palafin|Palafin-Hero, L50, M|100\/100\n|-activate|p1b: Palafin|ability: Zero to Hero\n|-terastallize|p2b: Baxcalibur|Poison\n|move|p1a: Amoonguss|Protect||[still]\n|-fail|p1a: Amoonguss\n|move|p2b: Baxcalibur|Icicle Spear|p1b: Palafin\n|-resisted|p1b: Palafin\n|-damage|p1b: Palafin|92\/100\n|-resisted|p1b: Palafin\n|-damage|p1b: Palafin|85\/100\n|-resisted|p1b: Palafin\n|-damage|p1b: Palafin|77\/100\n|-resisted|p1b: Palafin\n|-damage|p1b: Palafin|69\/100\n|-hitcount|p1b: Palafin|4\n|cant|p2a: Kingambit|slp\n|\n|upkeep\n|turn|6\n|\n|t:|1682537057\n|switch|p2a: Tatsugiri|Tatsugiri, L50, M|100\/100\n|move|p1b: Palafin|Protect|p1b: Palafin\n|-singleturn|p1b: Palafin|Protect\n|move|p2b: Baxcalibur|Icicle Spear|p1a: Amoonguss\n|-supereffective|p1a: Amoonguss\n|-damage|p1a: Amoonguss|31\/100\n|-supereffective|p1a: Amoonguss\n|-damage|p1a: Amoonguss|4\/100\n|-supereffective|p1a: Amoonguss\n|-damage|p1a: Amoonguss|0 fnt\n|faint|p1a: Amoonguss\n|-hitcount|p1: Amoonguss|3\n|\n|upkeep\n|\n|t:|1682537061\n|switch|p1a: Mimi|Flutter Mane, L50, tera:Fairy|100\/100\n|turn|7\n|inactive|npqc has 30 seconds left.\n|\n|t:|1682537087\n|switch|p2a: Kingambit|Kingambit, L50, M|32\/100 slp\n|move|p1a: Mimi|Dazzling Gleam|p2b: Baxcalibur|[spread] p2a,p2b\n|-resisted|p2b: Baxcalibur\n|-damage|p2a: Kingambit|0 fnt\n|-damage|p2b: Baxcalibur|68\/100\n|faint|p2a: Kingambit\n|move|p1b: Palafin|Wave Crash|p2b: Baxcalibur\n|-damage|p2b: Baxcalibur|0 fnt\n|faint|p2b: Baxcalibur\n|-damage|p1b: Palafin|46\/100|[from] Recoil\n|\n|upkeep\n|\n|t:|1682537097\n|switch|p2a: Tatsugiri|Tatsugiri, L50, M|100\/100\n|turn|8\n|-message|npqc forfeited.\n|\n|win|mugiwaraLux\n|raw|mugiwaraLux's rating: 1308 → 1327<\/strong> (+19 for winning)\n|raw|npqc's rating: 1295 → 1271<\/strong> (-24 for losing)\n|l|\u2606npqc\n","uploadtime":1682537108,"views":10,"p1id":"mugiwaralux","p2id":"npqc","formatid":"gen9vgc2023regulationc","rating":1271,"private":0,"password":""}