{"id":"gen9vgc2023regulationc-1859490488","p1":"2mrwdust","p2":"thelittlehobo1","format":"[Gen 9] VGC 2023 Regulation C","log":"|j|\u26062mrwdust\n|j|\u2606thelittlehobo1\n|t:|1683475101\n|gametype|doubles\n|player|p1|2mrwdust|burglar|1054\n|player|p2|thelittlehobo1|102|1112\n|teamsize|p1|6\n|teamsize|p2|6\n|gen|9\n|tier|[Gen 9] VGC 2023 Regulation C\n|rated|\n|rule|Species Clause: Limit one of each Pok\u00e9mon\n|rule|Item Clause: Limit one of each item\n|clearpoke\n|poke|p1|Volcarona, L50, F|\n|poke|p1|Oricorio-Pom-Pom, L50, F|\n|poke|p1|Scizor, L50, M|\n|poke|p1|Ting-Lu, L50|\n|poke|p1|Gyarados, L50, M|\n|poke|p1|Flutter Mane, L50|\n|poke|p2|Scizor, L50, M|\n|poke|p2|Dragonite, L50, M|\n|poke|p2|Palafin, L50, F|\n|poke|p2|Umbreon, L50, M|\n|poke|p2|Iron Hands, L50|\n|poke|p2|Chien-Pao, L50|\n|teampreview|4\n|\n|t:|1683475142\n|start\n|switch|p1a: Gyarados|Gyarados, L50, M, shiny|100\/100\n|switch|p1b: Ting-Lu|Ting-Lu, L50|100\/100\n|switch|p2a: Scizor|Scizor, L50, M|100\/100\n|switch|p2b: Palafin|Palafin, L50, F|100\/100\n|-ability|p1a: Gyarados|Intimidate|boost\n|-unboost|p2a: Scizor|atk|1\n|-unboost|p2b: Palafin|atk|1\n|-ability|p1b: Ting-Lu|Vessel of Ruin\n|turn|1\n|\n|t:|1683475164\n|detailschange|p2b: Palafin|Palafin-Hero, L50, F\n|switch|p2b: Dragonite|Dragonite, L50, M|100\/100\n|move|p1a: Gyarados|Thunder Wave|p2b: Dragonite\n|-status|p2b: Dragonite|par\n|-enditem|p2b: Dragonite|Lum Berry|[eat]\n|-curestatus|p2b: Dragonite|par|[msg]\n|move|p2a: Scizor|U-turn|p1b: Ting-Lu\n|-supereffective|p1b: Ting-Lu\n|-damage|p1b: Ting-Lu|51\/100\n|\n|t:|1683475174\n|switch|p2a: Palafin|Palafin-Hero, L50, F|100\/100|[from] U-turn\n|-activate|p2a: Palafin|ability: Zero to Hero\n|move|p1b: Ting-Lu|Stomping Tantrum|p2a: Palafin\n|-crit|p2a: Palafin\n|-damage|p2a: Palafin|47\/100\n|\n|upkeep\n|turn|2\n|\n|t:|1683475196\n|-terastallize|p2a: Palafin|Water\n|move|p2a: Palafin|Jet Punch|p1b: Ting-Lu\n|-supereffective|p1b: Ting-Lu\n|-damage|p1b: Ting-Lu|0 fnt\n|faint|p1b: Ting-Lu\n|move|p1a: Gyarados|Thunder Wave|p2b: Dragonite\n|-status|p2b: Dragonite|par\n|cant|p2b: Dragonite|par\n|\n|upkeep\n|\n|t:|1683475219\n|switch|p1b: Volcarona|Volcarona, L50, F|100\/100\n|turn|3\n|\n|t:|1683475239\n|-terastallize|p1b: Volcarona|Water\n|move|p1b: Volcarona|Bug Buzz|p2a: Palafin\n|-damage|p2a: Palafin|7\/100\n|move|p1a: Gyarados|Waterfall|p2b: Dragonite\n|-resisted|p2b: Dragonite\n|-damage|p2b: Dragonite|82\/100 par\n|move|p2a: Palafin|Wave Crash|p1b: Volcarona\n|-resisted|p1b: Volcarona\n|-damage|p1b: Volcarona|31\/100\n|-damage|p2a: Palafin|0 fnt|[from] Recoil\n|faint|p2a: Palafin\n|move|p2b: Dragonite|Thunder Punch|p1a: Gyarados\n|-supereffective|p1a: Gyarados\n|-damage|p1a: Gyarados|0 fnt\n|faint|p1a: Gyarados\n|\n|upkeep\n|\n|t:|1683475260\n|switch|p1a: Scizor|Scizor, L50, M|100\/100\n|switch|p2a: Chien-Pao|Chien-Pao, L50|100\/100\n|-ability|p2a: Chien-Pao|Sword of Ruin\n|turn|4\n|\n|t:|1683475281\n|move|p2b: Dragonite|Extreme Speed|p1b: Volcarona\n|-damage|p1b: Volcarona|0 fnt\n|faint|p1b: Volcarona\n|move|p2a: Chien-Pao|Sucker Punch|p1a: Scizor\n|-damage|p1a: Scizor|46\/100\n|move|p1a: Scizor|Bullet Punch|p2a: Chien-Pao\n|-supereffective|p2a: Chien-Pao\n|-damage|p2a: Chien-Pao|3\/100\n|\n|upkeep\n|turn|5\n|\n|t:|1683475304\n|move|p2b: Dragonite|Extreme Speed|p1a: Scizor\n|-resisted|p1a: Scizor\n|-damage|p1a: Scizor|22\/100\n|move|p2a: Chien-Pao|Sucker Punch|p1a: Scizor\n|-damage|p1a: Scizor|0 fnt\n|faint|p1a: Scizor\n|\n|win|thelittlehobo1\n|raw|2mrwdust's rating: 1054 → 1039<\/strong> (-15 for losing)\n|raw|thelittlehobo1's rating: 1112 → 1133<\/strong> (+21 for winning)\n|c|\u2606thelittlehobo1|gg\n|l|\u26062mrwdust\n","uploadtime":1683475316,"views":9,"p1id":"2mrwdust","p2id":"thelittlehobo1","formatid":"gen9vgc2023regulationc","rating":1039,"private":0,"password":""}