{"id":"gen9vgc2023regulationc-1863223062","p1":"xenovasco","p2":"marcoragno","format":"[Gen 9] VGC 2023 Regulation C","log":"|j|\u2606xenovasco\n|j|\u2606marcoragno\n|t:|1683990382\n|gametype|doubles\n|player|p1|xenovasco|volkner|1114\n|player|p2|marcoragno|policeman-gen4|1103\n|teamsize|p1|6\n|teamsize|p2|6\n|gen|9\n|tier|[Gen 9] VGC 2023 Regulation C\n|rated|\n|rule|Species Clause: Limit one of each Pok\u00e9mon\n|rule|Item Clause: Limit one of each item\n|clearpoke\n|poke|p1|Amoonguss, L50, M|\n|poke|p1|Indeedee-F, L50, F|\n|poke|p1|Armarouge, L50, F|\n|poke|p1|Annihilape, L50, F|\n|poke|p1|Talonflame, L50, F|\n|poke|p1|Great Tusk, L50|\n|poke|p2|Chi-Yu, L50|\n|poke|p2|Dachsbun, L50, M|\n|poke|p2|Chien-Pao, L50|\n|poke|p2|Palafin, L50, M|\n|poke|p2|Iron Bundle, L50|\n|poke|p2|Ting-Lu, L50|\n|teampreview|4\n|inactive|Battle timer is ON: inactive players will automatically lose when time's up. (requested by xenovasco)\n|inactive|marcoragno has 60 seconds left.\nxenovasco rejected open team sheets.\n|\n|t:|1683990427\n|start\n|switch|p1a: Amoonguss|Amoonguss, L50, M|100\/100\n|switch|p1b: Annihilape|Annihilape, L50, F|100\/100\n|switch|p2a: Chi-Yu|Chi-Yu, L50|100\/100\n|switch|p2b: Palafin|Palafin, L50, M|100\/100\n|-ability|p2a: Chi-Yu|Beads of Ruin\n|turn|1\n|inactive|marcoragno has 30 seconds left.\n|inactive|marcoragno has 20 seconds left.\n|\n|t:|1683990464\n|detailschange|p2b: Palafin|Palafin-Hero, L50, M\n|switch|p2b: Chien-Pao|Chien-Pao, L50|100\/100\n|-ability|p2b: Chien-Pao|Sword of Ruin\n|-terastallize|p2a: Chi-Yu|Grass\n|move|p1a: Amoonguss|Protect|p1a: Amoonguss\n|-singleturn|p1a: Amoonguss|Protect\n|move|p2a: Chi-Yu|Tera Blast|p1a: Amoonguss\n|-activate|p1a: Amoonguss|move: Protect\n|move|p1b: Annihilape|Drain Punch|p2a: Chi-Yu\n|-damage|p2a: Chi-Yu|22\/100\n|\n|upkeep\n|turn|2\n|\n|t:|1683990485\n|switch|p2a: Dachsbun|Dachsbun, L50, M|100\/100\n|move|p2b: Chien-Pao|Ice Spinner|p1a: Amoonguss\n|-supereffective|p1a: Amoonguss\n|-damage|p1a: Amoonguss|0 fnt\n|-damage|p2b: Chien-Pao|84\/100|[from] item: Rocky Helmet|[of] p1a: Amoonguss\n|faint|p1a: Amoonguss\n|move|p1b: Annihilape|Drain Punch|p2a: Dachsbun\n|-resisted|p2a: Dachsbun\n|-damage|p2a: Dachsbun|82\/100\n|\n|-heal|p2a: Dachsbun|88\/100|[from] item: Leftovers\n|upkeep\n|\n|t:|1683990497\n|switch|p1a: Talonflame|Talonflame, L50, F|100\/100\n|turn|3\n|\n|t:|1683990516\n|move|p2b: Chien-Pao|Protect|p2b: Chien-Pao\n|-singleturn|p2b: Chien-Pao|Protect\n|move|p1a: Talonflame|Tailwind|p1a: Talonflame\n|-sidestart|p1: xenovasco|move: Tailwind\n|move|p1b: Annihilape|Drain Punch|p2b: Chien-Pao\n|-activate|p2b: Chien-Pao|move: Protect\n|move|p2a: Dachsbun|Yawn|p1b: Annihilape\n|-start|p1b: Annihilape|move: Yawn|[of] p2a: Dachsbun\n|\n|-heal|p2a: Dachsbun|94\/100|[from] item: Leftovers\n|upkeep\n|turn|4\n|inactive|marcoragno has 30 seconds left.\n|\n|t:|1683990550\n|switch|p1b: Great Tusk|Great Tusk, L50|100\/100\n|move|p1a: Talonflame|Acrobatics|p2a: Dachsbun\n|-damage|p2a: Dachsbun|75\/100\n|move|p2b: Chien-Pao|Ice Spinner|p1a: Talonflame\n|-damage|p1a: Talonflame|21\/100\n|move|p2a: Dachsbun|Yawn|p1a: Talonflame\n|-start|p1a: Talonflame|move: Yawn|[of] p2a: Dachsbun\n|\n|-heal|p2a: Dachsbun|82\/100|[from] item: Leftovers\n|upkeep\n|turn|5\n|inactive|marcoragno has 30 seconds left.\n|inactive|xenovasco has 30 seconds left.\n|inactive|marcoragno has 20 seconds left.\n|\n|t:|1683990585\n|move|p2b: Chien-Pao|Protect|p2b: Chien-Pao\n|-singleturn|p2b: Chien-Pao|Protect\n|move|p1a: Talonflame|Acrobatics|p2b: Chien-Pao\n|-activate|p2b: Chien-Pao|move: Protect\n|move|p1b: Great Tusk|Earthquake|p2b: Chien-Pao|[spread] p2a\n|-activate|p2b: Chien-Pao|move: Protect\n|-immune|p1a: Talonflame\n|-damage|p2a: Dachsbun|43\/100\n|move|p2a: Dachsbun|Yawn|p1b: Great Tusk\n|-start|p1b: Great Tusk|move: Yawn|[of] p2a: Dachsbun\n|\n|-heal|p2a: Dachsbun|49\/100|[from] item: Leftovers\n|-end|p1a: Talonflame|move: Yawn|[silent]\n|-status|p1a: Talonflame|slp\n|upkeep\n|turn|6\n|inactive|xenovasco has 30 seconds left.\n|inactive|marcoragno has 30 seconds left.\n|\n|t:|1683990616\n|switch|p1a: Annihilape|Annihilape, L50, F|100\/100\n|switch|p2b: Chi-Yu|Chi-Yu, L50, tera:Grass|22\/100\n|-ability|p2b: Chi-Yu|Beads of Ruin\n|move|p1b: Great Tusk|Close Combat|p2b: Chi-Yu\n|-damage|p2b: Chi-Yu|0 fnt\n|-unboost|p1b: Great Tusk|def|1\n|-unboost|p1b: Great Tusk|spd|1\n|faint|p2b: Chi-Yu\n|move|p2a: Dachsbun|Yawn|p1a: Annihilape\n|-start|p1a: Annihilape|move: Yawn|[of] p2a: Dachsbun\n|\n|-heal|p2a: Dachsbun|55\/100|[from] item: Leftovers\n|-end|p1b: Great Tusk|move: Yawn|[silent]\n|-status|p1b: Great Tusk|slp\n|-sideend|p1: xenovasco|move: Tailwind\n|upkeep\n|\n|t:|1683990636\n|switch|p2b: Palafin|Palafin-Hero, L50, M|100\/100\n|-activate|p2b: Palafin|ability: Zero to Hero\n|turn|7\n|inactive|marcoragno has 30 seconds left.\n|\n|t:|1683990661\n|-end|p1b: Great Tusk|Protosynthesis|[silent]\n|switch|p1b: Talonflame|Talonflame, L50, F|21\/100 slp\n|move|p2b: Palafin|Jet Punch|p1b: Talonflame\n|-supereffective|p1b: Talonflame\n|-damage|p1b: Talonflame|0 fnt\n|faint|p1b: Talonflame\n|move|p2a: Dachsbun|Play Rough|p1a: Annihilape|[miss]\n|-miss|p2a: Dachsbun|p1a: Annihilape\n|move|p1a: Annihilape|Drain Punch|p2b: Palafin\n|-damage|p2b: Palafin|64\/100\n|\n|-heal|p2a: Dachsbun|61\/100|[from] item: Leftovers\n|-end|p1a: Annihilape|move: Yawn|[silent]\n|-status|p1a: Annihilape|slp\n|upkeep\n|\n|t:|1683990672\n|switch|p1b: Great Tusk|Great Tusk, L50|100\/100 slp\n|turn|8\n|\n|t:|1683990691\n|-terastallize|p1a: Annihilape|Fairy\n|move|p2b: Palafin|Wave Crash|p1a: Annihilape\n|-damage|p1a: Annihilape|4\/100 slp\n|-damage|p2b: Palafin|27\/100|[from] Recoil\n|move|p2a: Dachsbun|Play Rough|p1a: Annihilape\n|-damage|p1a: Annihilape|0 fnt\n|faint|p1a: Annihilape\n|cant|p1b: Great Tusk|slp\n|\n|-heal|p2a: Dachsbun|67\/100|[from] item: Leftovers\n|upkeep\n|turn|9\n|\n|t:|1683990707\n|move|p2b: Palafin|Wave Crash|p1b: Great Tusk\n|-supereffective|p1b: Great Tusk\n|-damage|p1b: Great Tusk|0 fnt\n|faint|p1b: Great Tusk\n|-end|p1b: Great Tusk|Protosynthesis|[silent]\n|-damage|p2b: Palafin|0 fnt|[from] Recoil\n|faint|p2b: Palafin\n|\n|win|marcoragno\n|raw|xenovasco's rating: 1114 → 1088<\/strong> (-26 for losing)\n|raw|marcoragno's rating: 1103 → 1129<\/strong> (+26 for winning)\n|l|\u2606xenovasco\n","uploadtime":1683990720,"views":3,"p1id":"xenovasco","p2id":"marcoragno","formatid":"gen9vgc2023regulationc","rating":1088,"private":0,"password":""}