{"id":"gen9vgc2023regulationc-1850824647","p1":"actuary97","p2":"Closed Teamsheet","format":"[Gen 9] VGC 2023 Regulation C","log":"|j|\u2606actuary97\n|j|\u2606Closed Teamsheet\n|t:|1682371461\n|gametype|doubles\n|player|p1|actuary97|sabrina-lgpe|1667\n|player|p2|Closed Teamsheet|bertha|1696\n|teamsize|p1|6\n|teamsize|p2|6\n|gen|9\n|tier|[Gen 9] VGC 2023 Regulation C\n|rated|\n|rule|Species Clause: Limit one of each Pok\u00e9mon\n|rule|Item Clause: Limit one of each item\n|clearpoke\n|poke|p1|Tauros-Paldea-Blaze, L50, M|\n|poke|p1|Kingambit, L50, M|\n|poke|p1|Armarouge, L50, F|\n|poke|p1|Gallade, L50, M|\n|poke|p1|Indeedee, L50, M|\n|poke|p1|Drifblim, L50, M|\n|poke|p2|Ting-Lu, L50|\n|poke|p2|Gholdengo, L50|\n|poke|p2|Arcanine, L50, M|\n|poke|p2|Rotom-Wash, L50|\n|poke|p2|Flutter Mane, L50|\n|poke|p2|Wo-Chien, L50|\n|teampreview|4\n|inactive|Battle timer is ON: inactive players will automatically lose when time's up. (requested by Closed Teamsheet)\nClosed Teamsheet has agreed to open team sheets.\n|j| efrgebgf\n|inactive|actuary97 has 60 seconds left.\n|inactive|Closed Teamsheet has 60 seconds left.\nactuary97 has agreed to open team sheets.\n|inactive|actuary97 has 30 seconds left.\n|inactive|Closed Teamsheet has 30 seconds left.\n|inactive|Closed Teamsheet has 20 seconds left.\n|inactive|Closed Teamsheet has 15 seconds left.\n|\n|t:|1682371539\n|start\n|switch|p1a: Indeedee|Indeedee, L50, M, shiny|100\/100\n|switch|p1b: Balloon Boi|Drifblim, L50, M, shiny|100\/100\n|switch|p2a: Gholdengo|Gholdengo, L50|100\/100\n|switch|p2b: Rotom|Rotom-Wash, L50|100\/100\n|-fieldstart|move: Psychic Terrain|[from] ability: Psychic Surge|[of] p1a: Indeedee\n|-enditem|p1b: Balloon Boi|Psychic Seed\n|-boost|p1b: Balloon Boi|spd|1|[from] item: Psychic Seed\n|turn|1\n|\n|t:|1682371558\n|move|p2b: Rotom|Protect|p2b: Rotom\n|-singleturn|p2b: Rotom|Protect\n|move|p1b: Balloon Boi|Tailwind|p1b: Balloon Boi\n|-sidestart|p1: actuary97|move: Tailwind\n|move|p1a: Indeedee|Psychic|p2b: Rotom\n|-activate|p2b: Rotom|move: Protect\n|move|p2a: Gholdengo|Nasty Plot|p2a: Gholdengo\n|-boost|p2a: Gholdengo|spa|2\n|\n|upkeep\n|turn|2\n|\n|t:|1682371572\n|switch|p2b: Ting-Lu|Ting-Lu, L50|100\/100\n|-ability|p2b: Ting-Lu|Vessel of Ruin\n|move|p1b: Balloon Boi|Destiny Bond|p1b: Balloon Boi\n|-singlemove|p1b: Balloon Boi|Destiny Bond\n|move|p1a: Indeedee|Psychic|p2b: Ting-Lu\n|-immune|p2b: Ting-Lu\n|move|p2a: Gholdengo|Shadow Ball|p1b: Balloon Boi\n|-supereffective|p1b: Balloon Boi\n|-damage|p1b: Balloon Boi|3\/100\n|\n|upkeep\n|turn|3\n|c|\u2606actuary97|damn it's like you calced it lmao\n|inactive|actuary97 has 30 seconds left.\n|inactive|Closed Teamsheet has 30 seconds left.\n|inactive|Closed Teamsheet has 20 seconds left.\n|c|\u2606Closed Teamsheet|I obviously calc for driflims psychic seed on +2 with ting lu\n|c|\u2606Closed Teamsheet|What did you think?\n|inactive|Closed Teamsheet has 15 seconds left.\n|c|\u2606actuary97|it's a joke man :(\n|inactive|Closed Teamsheet has 10 seconds left.\n|inactive|Closed Teamsheet has 5 seconds left.\n|\n|t:|1682371623\n|move|p1b: Balloon Boi|Strength Sap|p2b: Ting-Lu\n|-unboost|p2b: Ting-Lu|atk|1\n|-heal|p1b: Balloon Boi|77\/100\n|move|p1a: Indeedee|Psychic|p2a: Gholdengo\n|-resisted|p2a: Gholdengo\n|-damage|p2a: Gholdengo|72\/100\n|move|p2a: Gholdengo|Make It Rain|p1b: Balloon Boi|[spread] p1a,p1b\n|-damage|p1a: Indeedee|3\/100\n|-damage|p1b: Balloon Boi|29\/100\n|-unboost|p2a: Gholdengo|spa|1\n|move|p2b: Ting-Lu|Stomping Tantrum|p1a: Indeedee\n|-damage|p1a: Indeedee|0 fnt\n|faint|p1a: Indeedee\n|\n|upkeep\n|c|\u2606Closed Teamsheet|I know that XD\n|c|\u2606actuary97|oh wait I just read it sassy\n|c|\u2606actuary97|I'm sorry hahaga\n|c|\u2606Closed Teamsheet|Ahahhaha it's okay\n|inactive|actuary97 has 30 seconds left.\n|\n|t:|1682371649\n|switch|p1a: King|Gallade, L50, M, shiny|100\/100\n|turn|4\n|c|\u2606Closed Teamsheet|It's late anyways we're both laddering on demon hours\n|l| efrgebgf\n|c|\u2606actuary97|FR\n|inactive|Closed Teamsheet has 30 seconds left.\n|\n|t:|1682371674\n|switch|p2b: Arcanine|Arcanine, L50, M|100\/100\n|-ability|p2b: Arcanine|Intimidate|boost\n|-unboost|p1a: King|atk|1\n|-unboost|p1b: Balloon Boi|atk|1\n|-terastallize|p1a: King|Water\n|move|p1b: Balloon Boi|Destiny Bond|p1b: Balloon Boi\n|-singlemove|p1b: Balloon Boi|Destiny Bond\n|move|p1a: King|Aqua Cutter|p2b: Arcanine\n|-supereffective|p2b: Arcanine\n|-crit|p2b: Arcanine\n|-damage|p2b: Arcanine|0 fnt\n|faint|p2b: Arcanine\n|move|p2a: Gholdengo|Make It Rain|p1a: King|[spread] p1a,p1b\n|-resisted|p1a: King\n|-damage|p1a: King|64\/100\n|-damage|p1b: Balloon Boi|0 fnt\n|-unboost|p2a: Gholdengo|spa|1\n|faint|p1b: Balloon Boi\n|-activate|p1b: Balloon Boi|move: Destiny Bond\n|faint|p2a: Gholdengo\n|\n|-sideend|p1: actuary97|move: Tailwind\n|upkeep\n|c|\u2606Closed Teamsheet|Welllll fuck\n|c|\u2606actuary97|just like that perfect read\n|c|\u2606actuary97|that I totally predicted haha\n|\n|t:|1682371699\n|switch|p1b: Armarouge|Armarouge, L50, F, shiny|100\/100\n|switch|p2b: Rotom|Rotom-Wash, L50|100\/100\n|switch|p2a: Ting-Lu|Ting-Lu, L50|100\/100\n|-ability|p2a: Ting-Lu|Vessel of Ruin\n|turn|5\n|\n|t:|1682371720\n|move|p1a: King|Protect|p1a: King\n|-singleturn|p1a: King|Protect\n|move|p2b: Rotom|Thunderbolt|p1a: King\n|-activate|p1a: King|move: Protect\n|move|p1b: Armarouge|Expanding Force|p2b: Rotom|[spread] p2b\n|-immune|p2a: Ting-Lu\n|-damage|p2b: Rotom|43\/100\n|-enditem|p2b: Rotom|Sitrus Berry|[eat]\n|-heal|p2b: Rotom|68\/100|[from] item: Sitrus Berry\n|-damage|p1b: Armarouge|91\/100|[from] item: Life Orb\n|move|p2a: Ting-Lu|Earthquake|p1b: Armarouge|[spread] p1b\n|-activate|p1a: King|move: Protect\n|-immune|p2b: Rotom|[from] ability: Levitate\n|-supereffective|p1b: Armarouge\n|-damage|p1b: Armarouge|21\/100\n|\n|-fieldend|move: Psychic Terrain\n|upkeep\n|turn|6\n|c|\u2606actuary97|I frogot how FAT rotom is\n|inactive|actuary97 has 30 seconds left.\n|c|\u2606Closed Teamsheet|Yeah it's bosch washing machine\n|\n|t:|1682371750\n|-terastallize|p2a: Ting-Lu|Poison\n|move|p1a: King|Aqua Cutter|p2a: Ting-Lu\n|-damage|p2a: Ting-Lu|75\/100\n|move|p2b: Rotom|Thunderbolt|p1a: King\n|-supereffective|p1a: King\n|-damage|p1a: King|1\/100\n|move|p1b: Armarouge|Expanding Force|p2b: Rotom\n|-damage|p2b: Rotom|29\/100\n|-damage|p1b: Armarouge|11\/100|[from] item: Life Orb\n|move|p2a: Ting-Lu|Earthquake|p1a: King|[spread] p1a,p1b\n|-immune|p2b: Rotom|[from] ability: Levitate\n|-supereffective|p1b: Armarouge\n|-damage|p1a: King|0 fnt\n|-damage|p1b: Armarouge|0 fnt\n|faint|p1a: King\n|faint|p1b: Armarouge\n|\n|win|Closed Teamsheet\n|raw|actuary97's rating: 1667 → 1649<\/strong> (-18 for losing)\n|raw|Closed Teamsheet's rating: 1696 → 1714<\/strong> (+18 for winning)\n|c|\u2606Closed Teamsheet|Very good quality\n|c|\u2606actuary97|gg\n|c|\u2606Closed Teamsheet|ggs man\n|c|\u2606actuary97|nooo I didn't even know I outsped\n|c|\u2606Closed Teamsheet|Yeah you actually do rotom is almost always no speed\n|c|\u2606Closed Teamsheet|I have like 20\n|c|\u2606actuary97|ohh\n|c|\u2606actuary97|I might give him a go\n|c|\u2606Closed Teamsheet|Rotom is good yeah\n|c|\u2606Closed Teamsheet|Form depends on team\n|c|\u2606Closed Teamsheet|On yours water is best\n|c|\u2606Closed Teamsheet|Fire also good\n|c|\u2606actuary97|pleasure playing have a good one. yeah I need the levitate\n|c|\u2606actuary97|for the lu :)\n|c|\u2606Closed Teamsheet|Yeah it was fun, cya around bud!\n|l|\u2606actuary97\n","uploadtime":1682371820,"views":18,"p1id":"actuary97","p2id":"closedteamsheet","formatid":"gen9vgc2023regulationc","rating":1649,"private":0,"password":""}