{"id":"gen9vgc2023regulationc-1845771626","p1":"TestingTheTalon","p2":"sneedchungus69","format":"[Gen 9] VGC 2023 Regulation C","log":"|j|\u2606TestingTheTalon\n|j|\u2606sneedchungus69\n|t:|1681763052\n|gametype|doubles\n|player|p1|TestingTheTalon|acetrainer-gen4dp|1424\n|player|p2|sneedchungus69|scientistf|1426\n|teamsize|p1|6\n|teamsize|p2|6\n|gen|9\n|tier|[Gen 9] VGC 2023 Regulation C\n|rated|\n|rule|Species Clause: Limit one of each Pok\u00e9mon\n|rule|Item Clause: Limit one of each item\n|clearpoke\n|poke|p1|Amoonguss, L50, F|\n|poke|p1|Arcanine, L50, F|\n|poke|p1|Palafin, L50, F|\n|poke|p1|Flutter Mane, L50|\n|poke|p1|Ting-Lu, L50|\n|poke|p1|Iron Hands, L50|\n|poke|p2|Chi-Yu, L50|\n|poke|p2|Ting-Lu, L50|\n|poke|p2|Amoonguss, L50, M|\n|poke|p2|Gyarados, L50, M|\n|poke|p2|Corviknight, L50, F|\n|poke|p2|Flutter Mane, L50|\n|teampreview|4\nTestingTheTalon has agreed to open team sheets.\nsneedchungus69 has agreed to open team sheets.\n|inactive|Battle timer is ON: inactive players will automatically lose when time's up. (requested by sneedchungus69)\n|inactive|TestingTheTalon has 60 seconds left.\n|\n|t:|1681763187\n|start\n|switch|p1a: Palafin|Palafin, L50, F|100\/100\n|switch|p1b: Ting-Lu|Ting-Lu, L50|100\/100\n|switch|p2a: Chi-Yu|Chi-Yu, L50|100\/100\n|switch|p2b: Amoonguss|Amoonguss, L50, M|100\/100\n|-ability|p2a: Chi-Yu|Beads of Ruin\n|-ability|p1b: Ting-Lu|Vessel of Ruin\n|turn|1\n|inactive|TestingTheTalon has 30 seconds left.\n|inactive|TestingTheTalon has 20 seconds left.\n|inactive|TestingTheTalon has 15 seconds left.\n|inactive|TestingTheTalon has 10 seconds left.\n|inactive|TestingTheTalon has 5 seconds left.\n|\n|t:|1681763241\n|move|p1a: Palafin|Protect|p1a: Palafin\n|-singleturn|p1a: Palafin|Protect\n|move|p2b: Amoonguss|Rage Powder|p2b: Amoonguss\n|-singleturn|p2b: Amoonguss|move: Rage Powder\n|move|p2a: Chi-Yu|Nasty Plot|p2a: Chi-Yu\n|-boost|p2a: Chi-Yu|spa|2\n|move|p1b: Ting-Lu|Sand Tomb|p2b: Amoonguss\n|-damage|p2b: Amoonguss|88\/100\n|-activate|p2b: Amoonguss|move: Sand Tomb|[of] p1b: Ting-Lu\n|\n|-damage|p2b: Amoonguss|75\/100|[from] move: Sand Tomb|[partiallytrapped]\n|upkeep\n|turn|2\n|inactive|sneedchungus69 has 30 seconds left.\n|\n|t:|1681763270\n|detailschange|p1a: Palafin|Palafin-Hero, L50, F\n|switch|p1a: Arcanine|Arcanine, L50, F|100\/100\n|-ability|p1a: Arcanine|Intimidate|boost\n|-unboost|p2a: Chi-Yu|atk|1\n|-unboost|p2b: Amoonguss|atk|1\n|-terastallize|p2a: Chi-Yu|Water\n|move|p2a: Chi-Yu|Heat Wave|p1a: Arcanine|[spread] p1b\n|-miss|p2a: Chi-Yu|p1a: Arcanine\n|-damage|p1b: Ting-Lu|65\/100\n|move|p1b: Ting-Lu|Ruination|p2b: Amoonguss\n|-damage|p2b: Amoonguss|38\/100\n|-enditem|p2b: Amoonguss|Sitrus Berry|[eat]\n|-heal|p2b: Amoonguss|63\/100|[from] item: Sitrus Berry\n|move|p2b: Amoonguss|Pollen Puff|p2a: Chi-Yu\n|-immune|p2a: Chi-Yu\n|\n|-damage|p2b: Amoonguss|50\/100|[from] move: Sand Tomb|[partiallytrapped]\n|upkeep\n|turn|3\n|inactive|TestingTheTalon has 30 seconds left.\n|\n|t:|1681763304\n|move|p2b: Amoonguss|Protect|p2b: Amoonguss\n|-singleturn|p2b: Amoonguss|Protect\n|move|p1a: Arcanine|Flare Blitz|p2b: Amoonguss\n|-activate|p2b: Amoonguss|move: Protect\n|move|p2a: Chi-Yu|Dark Pulse|p1a: Arcanine\n|-damage|p1a: Arcanine|10\/100\n|move|p1b: Ting-Lu|Stomping Tantrum|p2a: Chi-Yu\n|-damage|p2a: Chi-Yu|60\/100\n|\n|-heal|p2a: Chi-Yu|66\/100|[from] item: Leftovers\n|-damage|p2b: Amoonguss|38\/100|[from] move: Sand Tomb|[partiallytrapped]\n|upkeep\n|turn|4\n|inactive|TestingTheTalon has 30 seconds left.\n|inactive|sneedchungus69 has 30 seconds left.\n|\n|t:|1681763333\n|move|p1a: Arcanine|Protect|p1a: Arcanine\n|-singleturn|p1a: Arcanine|Protect\n|move|p2a: Chi-Yu|Heat Wave|p1b: Ting-Lu|[spread] p1b\n|-activate|p1a: Arcanine|move: Protect\n|-damage|p1b: Ting-Lu|34\/100\n|move|p1b: Ting-Lu|Sand Tomb|p2a: Chi-Yu|[miss]\n|-miss|p1b: Ting-Lu|p2a: Chi-Yu\n|move|p2b: Amoonguss|Pollen Puff|p2a: Chi-Yu\n|-heal|p2a: Chi-Yu|100\/100\n|\n|-damage|p2b: Amoonguss|26\/100|[from] move: Sand Tomb|[partiallytrapped]\n|upkeep\n|turn|5\n|\n|t:|1681763354\n|-terastallize|p1b: Ting-Lu|Water\n|move|p2b: Amoonguss|Protect|p2b: Amoonguss\n|-singleturn|p2b: Amoonguss|Protect\n|move|p1a: Arcanine|Extreme Speed|p2a: Chi-Yu\n|-damage|p2a: Chi-Yu|73\/100\n|move|p2a: Chi-Yu|Heat Wave|p1b: Ting-Lu|[spread] p1a,p1b\n|-resisted|p1a: Arcanine\n|-resisted|p1b: Ting-Lu\n|-damage|p1a: Arcanine|0 fnt\n|-damage|p1b: Ting-Lu|16\/100\n|faint|p1a: Arcanine\n|move|p1b: Ting-Lu|Stomping Tantrum|p2a: Chi-Yu\n|-damage|p2a: Chi-Yu|0 fnt\n|faint|p2a: Chi-Yu\n|\n|-end|p2b: Amoonguss|Sand Tomb|[partiallytrapped]\n|upkeep\n|inactive|TestingTheTalon has 30 seconds left.\n|\n|t:|1681763389\n|switch|p1a: Flutter Mane|Flutter Mane, L50|100\/100\n|switch|p2a: Flutter Mane|Flutter Mane, L50|100\/100\n|-enditem|p1a: Flutter Mane|Booster Energy\n|-activate|p1a: Flutter Mane|ability: Protosynthesis|[fromitem]\n|-start|p1a: Flutter Mane|protosynthesisspe\n|turn|6\n|\n|t:|1681763409\n|move|p2b: Amoonguss|Rage Powder|p2b: Amoonguss\n|-singleturn|p2b: Amoonguss|move: Rage Powder\n|move|p1a: Flutter Mane|Shadow Ball|p2b: Amoonguss\n|-damage|p2b: Amoonguss|0 fnt\n|faint|p2b: Amoonguss\n|move|p2a: Flutter Mane|Shadow Ball|p1b: Ting-Lu\n|-damage|p1b: Ting-Lu|0 fnt\n|faint|p1b: Ting-Lu\n|\n|upkeep\n|\n|t:|1681763418\n|switch|p1b: Palafin|Palafin-Hero, L50, F|100\/100\n|switch|p2b: Ting-Lu|Ting-Lu, L50|100\/100\n|-activate|p1b: Palafin|ability: Zero to Hero\n|-ability|p2b: Ting-Lu|Vessel of Ruin\n|turn|7\n|\n|t:|1681763435\n|move|p1a: Flutter Mane|Moonblast|p2b: Ting-Lu\n|-supereffective|p2b: Ting-Lu\n|-damage|p2b: Ting-Lu|60\/100\n|move|p2a: Flutter Mane|Shadow Ball|p1b: Palafin\n|-damage|p1b: Palafin|55\/100\n|move|p1b: Palafin|Wave Crash|p2b: Ting-Lu\n|-supereffective|p2b: Ting-Lu\n|-damage|p2b: Ting-Lu|0 fnt\n|faint|p2b: Ting-Lu\n|-damage|p1b: Palafin|32\/100|[from] Recoil\n|\n|upkeep\n|turn|8\n|\n|t:|1681763450\n|move|p1b: Palafin|Jet Punch|p2a: Flutter Mane\n|-damage|p2a: Flutter Mane|0 fnt\n|faint|p2a: Flutter Mane\n|-end|p2a: Flutter Mane|Protosynthesis|[silent]\n|\n|win|TestingTheTalon\n|raw|TestingTheTalon's rating: 1424 → 1444<\/strong> (+20 for winning)\n|raw|sneedchungus69's rating: 1426 → 1406<\/strong> (-20 for losing)\n","uploadtime":1681763466,"views":13,"p1id":"testingthetalon","p2id":"sneedchungus69","formatid":"gen9vgc2023regulationc","rating":1406,"private":0,"password":""}