{"id":"gen9vgc2023regulationc-1855921192","p1":"UltimoRyu","p2":"Deathninja952","format":"[Gen 9] VGC 2023 Regulation C","log":"|j|\u2606UltimoRyu\n|j|\u2606Deathninja952\n|t:|1683000899\n|gametype|doubles\n|player|p1|UltimoRyu|crasherwake|1153\n|player|p2|Deathninja952|ingo|1084\n|teamsize|p1|6\n|teamsize|p2|6\n|gen|9\n|tier|[Gen 9] VGC 2023 Regulation C\n|rated|\n|rule|Species Clause: Limit one of each Pok\u00e9mon\n|rule|Item Clause: Limit one of each item\n|clearpoke\n|poke|p1|Garchomp, L50, F|\n|poke|p1|Rotom-Wash, L50|\n|poke|p1|Iron Bundle, L50|\n|poke|p1|Gyarados, L50, M|\n|poke|p1|Slither Wing, L50|\n|poke|p1|Gardevoir, L50, F|\n|poke|p2|Abomasnow, L50, M|\n|poke|p2|Iron Bundle, L50|\n|poke|p2|Maushold, L50|\n|poke|p2|Annihilape, L50, M|\n|poke|p2|Dragonite, L50, M|\n|poke|p2|Kingambit, L50, F|\n|teampreview|4\n|\n|t:|1683000937\n|start\n|switch|p1a: Garchomp|Garchomp, L50, F|100\/100\n|switch|p1b: Rotom|Rotom-Wash, L50|100\/100\n|switch|p2a: Abomasnow|Abomasnow, L50, M, shiny|100\/100\n|switch|p2b: Iron Bundle|Iron Bundle, L50|100\/100\n|-weather|Snow|[from] ability: Snow Warning|[of] p2a: Abomasnow\n|-enditem|p2b: Iron Bundle|Booster Energy\n|-activate|p2b: Iron Bundle|ability: Quark Drive|[fromitem]\n|-start|p2b: Iron Bundle|quarkdrivespe\n|turn|1\n|\n|t:|1683000981\n|switch|p1a: Gardevoir|Gardevoir, L50, F|100\/100\n|move|p2b: Iron Bundle|Blizzard|p1b: Rotom|[spread] p1a,p1b\n|-resisted|p1b: Rotom\n|-damage|p1a: Gardevoir|64\/100\n|-damage|p1b: Rotom|78\/100\n|move|p1b: Rotom|Discharge|p2a: Abomasnow|[spread] p2a,p2b\n|-activate|p1a: Gardevoir|ability: Telepathy\n|-resisted|p2a: Abomasnow\n|-supereffective|p2b: Iron Bundle\n|-damage|p2a: Abomasnow|84\/100\n|-damage|p2b: Iron Bundle|0 fnt\n|faint|p2b: Iron Bundle\n|-end|p2b: Iron Bundle|Quark Drive|[silent]\n|move|p2a: Abomasnow|Aurora Veil|p2a: Abomasnow\n|-sidestart|p2: Deathninja952|move: Aurora Veil\n|\n|-weather|Snow|[upkeep]\n|-heal|p1a: Gardevoir|70\/100|[from] item: Leftovers\n|upkeep\n|\n|t:|1683000995\n|switch|p2b: Annihilape|Annihilape, L50, M|100\/100\n|turn|2\n|\n|t:|1683001007\n|move|p2b: Annihilape|Bulk Up|p2b: Annihilape\n|-boost|p2b: Annihilape|atk|1\n|-boost|p2b: Annihilape|def|1\n|move|p1b: Rotom|Discharge|p2a: Abomasnow|[spread] p2a,p2b\n|-activate|p1a: Gardevoir|ability: Telepathy\n|-resisted|p2a: Abomasnow\n|-damage|p2a: Abomasnow|74\/100\n|-damage|p2b: Annihilape|82\/100\n|move|p1a: Gardevoir|Thunder Wave|p2b: Annihilape\n|-status|p2b: Annihilape|par\n|move|p2a: Abomasnow|Energy Ball|p1b: Rotom\n|-supereffective|p1b: Rotom\n|-damage|p1b: Rotom|9\/100\n|\n|-weather|Snow|[upkeep]\n|-heal|p1a: Gardevoir|75\/100|[from] item: Leftovers\n|upkeep\n|turn|3\n|\n|t:|1683001039\n|move|p1b: Rotom|Hydro Pump|p2b: Annihilape\n|-damage|p2b: Annihilape|47\/100 par\n|-enditem|p2b: Annihilape|Sitrus Berry|[eat]\n|-heal|p2b: Annihilape|72\/100 par|[from] item: Sitrus Berry\n|move|p1a: Gardevoir|Psyshock|p2b: Annihilape\n|-supereffective|p2b: Annihilape\n|-damage|p2b: Annihilape|36\/100 par\n|move|p2a: Abomasnow|Blizzard|p1b: Rotom|[spread] p1a,p1b\n|-resisted|p1b: Rotom\n|-damage|p1a: Gardevoir|47\/100\n|-damage|p1b: Rotom|0 fnt\n|faint|p1b: Rotom\n|cant|p2b: Annihilape|par\n|\n|-weather|Snow|[upkeep]\n|-heal|p1a: Gardevoir|53\/100|[from] item: Leftovers\n|upkeep\n|\n|t:|1683001045\n|switch|p1b: Garchomp|Garchomp, L50, F|100\/100\n|turn|4\n|\n|t:|1683001056\n|move|p2b: Annihilape|Protect|p2b: Annihilape\n|-singleturn|p2b: Annihilape|Protect\n|move|p1b: Garchomp|Rock Slide|p2a: Abomasnow|[spread] p2a\n|-activate|p2b: Annihilape|move: Protect\n|-supereffective|p2a: Abomasnow\n|-damage|p2a: Abomasnow|56\/100\n|move|p1a: Gardevoir|Psyshock|p2b: Annihilape\n|-activate|p2b: Annihilape|move: Protect\n|move|p2a: Abomasnow|Blizzard|p1b: Garchomp|[spread] p1a,p1b\n|-supereffective|p1b: Garchomp\n|-damage|p1a: Gardevoir|27\/100\n|-damage|p1b: Garchomp|16\/100\n|\n|-weather|Snow|[upkeep]\n|-heal|p1a: Gardevoir|33\/100|[from] item: Leftovers\n|upkeep\n|turn|5\n|\n|t:|1683001076\n|switch|p2b: Maushold|Maushold, L50|100\/100\n|move|p1b: Garchomp|Earthquake|p2a: Abomasnow|[spread] p2a,p2b\n|-activate|p1a: Gardevoir|ability: Telepathy\n|-resisted|p2a: Abomasnow\n|-damage|p2a: Abomasnow|49\/100\n|-damage|p2b: Maushold|62\/100\n|move|p1a: Gardevoir|Thunder Wave|p2a: Abomasnow\n|-status|p2a: Abomasnow|par\n|cant|p2a: Abomasnow|par\n|\n|-weather|none\n|-heal|p1a: Gardevoir|39\/100|[from] item: Leftovers\n|upkeep\n|turn|6\n|\n|t:|1683001105\n|switch|p2a: Annihilape|Annihilape, L50, M|36\/100 par\n|move|p2b: Maushold|Follow Me|p2b: Maushold\n|-singleturn|p2b: Maushold|move: Follow Me\n|move|p1b: Garchomp|Rock Slide|p2b: Maushold|[spread] p2a\n|-miss|p1b: Garchomp|p2b: Maushold\n|-resisted|p2a: Annihilape\n|-damage|p2a: Annihilape|31\/100 par\n|move|p1a: Gardevoir|Light Screen|p1a: Gardevoir\n|-sidestart|p1: UltimoRyu|move: Light Screen\n|\n|-heal|p1a: Gardevoir|44\/100|[from] item: Leftovers\n|upkeep\n|turn|7\n|\n|t:|1683001123\n|move|p2b: Maushold|Taunt|p1a: Gardevoir\n|-start|p1a: Gardevoir|move: Taunt\n|move|p1b: Garchomp|Earthquake|p2a: Annihilape|[spread] p2a,p2b\n|-activate|p1a: Gardevoir|ability: Telepathy\n|-crit|p2b: Maushold\n|-damage|p2a: Annihilape|10\/100 par\n|-damage|p2b: Maushold|0 fnt\n|faint|p2b: Maushold\n|cant|p1a: Gardevoir|move: Taunt|Reflect\n|cant|p2a: Annihilape|par\n|\n|-heal|p1a: Gardevoir|50\/100|[from] item: Leftovers\n|upkeep\n|\n|t:|1683001133\n|switch|p2b: Abomasnow|Abomasnow, L50, M, shiny|49\/100 par\n|-weather|Snow|[from] ability: Snow Warning|[of] p2b: Abomasnow\n|turn|8\n|\n|t:|1683001141\n|cant|p2a: Annihilape|par\n|move|p1b: Garchomp|Earthquake|p2a: Annihilape|[spread] p2a,p2b\n|-activate|p1a: Gardevoir|ability: Telepathy\n|-resisted|p2b: Abomasnow\n|-damage|p2a: Annihilape|0 fnt\n|-damage|p2b: Abomasnow|41\/100 par\n|faint|p2a: Annihilape\n|move|p1a: Gardevoir|Psyshock|p2b: Abomasnow\n|-damage|p2b: Abomasnow|24\/100 par\n|move|p2b: Abomasnow|Blizzard|p1a: Gardevoir|[spread] p1a,p1b\n|-supereffective|p1b: Garchomp\n|-damage|p1a: Gardevoir|32\/100\n|-damage|p1b: Garchomp|0 fnt\n|faint|p1b: Garchomp\n|\n|-weather|Snow|[upkeep]\n|-heal|p1a: Gardevoir|38\/100|[from] item: Leftovers\n|-sideend|p2: Deathninja952|move: Aurora Veil\n|upkeep\n|\n|t:|1683001152\n|switch|p1b: Slither Wing|Slither Wing, L50|100\/100\n|turn|9\n|\n|t:|1683001166\n|-terastallize|p1b: Slither Wing|Steel\n|move|p1b: Slither Wing|Flare Blitz|p2b: Abomasnow\n|-supereffective|p2b: Abomasnow\n|-damage|p2b: Abomasnow|0 fnt\n|faint|p2b: Abomasnow\n|-damage|p1b: Slither Wing|93\/100|[from] Recoil\n|\n|win|UltimoRyu\n|raw|UltimoRyu's rating: 1153 → 1173<\/strong> (+20 for winning)\n|raw|Deathninja952's rating: 1084 → 1066<\/strong> (-18 for losing)\n|c|\u2606Deathninja952|gg\n|c|\u2606Deathninja952|nice hax tho\n|l|\u2606Deathninja952\n|c|\u2606UltimoRyu|Gg\n","uploadtime":1683001193,"views":14,"p1id":"ultimoryu","p2id":"deathninja952","formatid":"gen9vgc2023regulationc","rating":1066,"private":0,"password":""}