{"id":"gen9vgc2023regulationc-1857177997","p1":"Aotn091","p2":"Nobunaga Caesar","format":"[Gen 9] VGC 2023 Regulation C","log":"|j|\u2606Aotn091\n|j|\u2606Nobunaga Caesar\n|t:|1683154434\n|gametype|doubles\n|player|p1|Aotn091|169|1070\n|player|p2|Nobunaga Caesar|101|1117\n|teamsize|p1|6\n|teamsize|p2|6\n|gen|9\n|tier|[Gen 9] VGC 2023 Regulation C\n|rated|\n|rule|Species Clause: Limit one of each Pok\u00e9mon\n|rule|Item Clause: Limit one of each item\n|clearpoke\n|poke|p1|Tauros-Paldea-Combat, L50, M|\n|poke|p1|Annihilape, L50, F|\n|poke|p1|Arcanine, L50, M|\n|poke|p1|Rotom-Wash, L50|\n|poke|p1|Flutter Mane, L50|\n|poke|p1|Amoonguss, L50, M|\n|poke|p2|Gardevoir, L50, M|\n|poke|p2|Grimmsnarl, L50, M|\n|poke|p2|Amoonguss, L50, F|\n|poke|p2|Bellibolt, L50, F|\n|poke|p2|Garchomp, L50, M|\n|poke|p2|Annihilape, L50, M|\n|teampreview|4\nAotn091 rejected open team sheets.\n|\n|t:|1683154465\n|start\n|switch|p1a: Tauros|Tauros-Paldea-Combat, L50, M|100\/100\n|switch|p1b: Amoonguss|Amoonguss, L50, M|100\/100\n|switch|p2a: Gardevoir|Gardevoir, L50, M|100\/100\n|switch|p2b: Grimmsnarl|Grimmsnarl, L50, M|100\/100\n|-ability|p1a: Tauros|Intimidate|boost\n|-unboost|p2a: Gardevoir|atk|1\n|-unboost|p2b: Grimmsnarl|atk|1\n|turn|1\n|\n|t:|1683154487\n|move|p2b: Grimmsnarl|Fake Out|p1b: Amoonguss\n|-damage|p1b: Amoonguss|94\/100\n|cant|p1b: Amoonguss|flinch\n|move|p1a: Tauros|Curse|p1a: Tauros\n|-unboost|p1a: Tauros|spe|1\n|-boost|p1a: Tauros|atk|1\n|-boost|p1a: Tauros|def|1\n|move|p2a: Gardevoir|Dazzling Gleam|p1a: Tauros|[spread] p1a,p1b\n|-supereffective|p1a: Tauros\n|-resisted|p1b: Amoonguss\n|-damage|p1a: Tauros|35\/100\n|-damage|p1b: Amoonguss|83\/100\n|\n|upkeep\n|turn|2\n|\n|t:|1683154524\n|-terastallize|p1a: Tauros|Ghost\n|move|p2b: Grimmsnarl|Light Screen|p2b: Grimmsnarl\n|-sidestart|p2: Nobunaga Caesar|move: Light Screen\n|move|p2a: Gardevoir|Dazzling Gleam|p1b: Amoonguss|[spread] p1a,p1b\n|-resisted|p1b: Amoonguss\n|-damage|p1a: Tauros|2\/100\n|-damage|p1b: Amoonguss|74\/100\n|move|p1a: Tauros|Tera Blast|p2a: Gardevoir\n|-supereffective|p2a: Gardevoir\n|-damage|p2a: Gardevoir|0 fnt\n|faint|p2a: Gardevoir\n|move|p1b: Amoonguss|Spore|p2b: Grimmsnarl\n|-status|p2b: Grimmsnarl|slp|[from] move: Spore\n|\n|upkeep\n|\n|t:|1683154540\n|switch|p2a: Annihilape|Annihilape, L50, M|100\/100\n|turn|3\n|\n|t:|1683154548\n|move|p1b: Amoonguss|Rage Powder|p1b: Amoonguss\n|-singleturn|p1b: Amoonguss|move: Rage Powder\n|move|p2a: Annihilape|Rage Fist|p1b: Amoonguss\n|-damage|p1b: Amoonguss|57\/100\n|move|p1a: Tauros|Tera Blast|p2a: Annihilape\n|-supereffective|p2a: Annihilape\n|-damage|p2a: Annihilape|0 fnt\n|faint|p2a: Annihilape\n|cant|p2b: Grimmsnarl|slp\n|\n|upkeep\n|\n|t:|1683154559\n|switch|p2a: Bellibolt|Bellibolt, L50, F|100\/100\n|turn|4\n|\n|t:|1683154573\n|-terastallize|p2a: Bellibolt|Electric\n|move|p1b: Amoonguss|Rage Powder|p1b: Amoonguss\n|-singleturn|p1b: Amoonguss|move: Rage Powder\n|-curestatus|p2b: Grimmsnarl|slp|[msg]\n|move|p2b: Grimmsnarl|Spirit Break|p1b: Amoonguss\n|-resisted|p1b: Amoonguss\n|-damage|p1b: Amoonguss|49\/100\n|-unboost|p1b: Amoonguss|spa|1\n|-enditem|p1b: Amoonguss|Sitrus Berry|[eat]\n|-heal|p1b: Amoonguss|74\/100|[from] item: Sitrus Berry\n|move|p1a: Tauros|Tera Blast|p2a: Bellibolt\n|-damage|p2a: Bellibolt|67\/100\n|-start|p2a: Bellibolt|Charge|Tera Blast|[from] ability: Electromorphosis\n|move|p2a: Bellibolt|Parabolic Charge|p1b: Amoonguss|[spread] p2b,p1a,p1b\n|-resisted|p1b: Amoonguss\n|-damage|p2b: Grimmsnarl|69\/100\n|-heal|p2a: Bellibolt|82\/100|[from] drain|[of] p2b: Grimmsnarl\n|-damage|p1a: Tauros|0 fnt\n|-heal|p2a: Bellibolt|82\/100|[from] drain|[of] p1a: Tauros\n|-damage|p1b: Amoonguss|55\/100\n|-heal|p2a: Bellibolt|92\/100|[from] drain|[of] p1b: Amoonguss\n|faint|p1a: Tauros\n|-end|p2a: Bellibolt|Charge|[silent]\n|\n|upkeep\n|\n|t:|1683154595\n|switch|p1a: Annihilape|Annihilape, L50, F|100\/100\n|turn|5\n|\n|t:|1683154613\n|move|p1a: Annihilape|Gunk Shot|p2b: Grimmsnarl\n|-supereffective|p2b: Grimmsnarl\n|-damage|p2b: Grimmsnarl|0 fnt\n|faint|p2b: Grimmsnarl\n|move|p2a: Bellibolt|Thunderbolt|p1a: Annihilape\n|-damage|p1a: Annihilape|55\/100\n|move|p1b: Amoonguss|Spore|p2a: Bellibolt\n|-status|p2a: Bellibolt|slp|[from] move: Spore\n|\n|upkeep\n|turn|6\n|-message|Nobunaga Caesar forfeited.\n|\n|win|Aotn091\n|raw|Aotn091's rating: 1070 → 1103<\/strong> (+33 for winning)\n|raw|Nobunaga Caesar's rating: 1117 → 1089<\/strong> (-28 for losing)\n|l|\u2606Nobunaga Caesar\n|c|\u2606Aotn091|gg\n","uploadtime":1683154662,"views":7,"p1id":"aotn091","p2id":"nobunagacaesar","formatid":"gen9vgc2023regulationc","rating":1089,"private":0,"password":""}