{"id":"gen9vgc2023regulationc-1860240388","p1":"Stealyomunchlax","p2":"Duecal1on","format":"[Gen 9] VGC 2023 Regulation C","log":"|j|\u2606Stealyomunchlax\n|j|\u2606Duecal1on\n|t:|1683616762\n|gametype|doubles\n|player|p1|Stealyomunchlax|169|1178\n|player|p2|Duecal1on|volkner|1205\n|teamsize|p1|6\n|teamsize|p2|6\n|gen|9\n|tier|[Gen 9] VGC 2023 Regulation C\n|rated|\n|rule|Species Clause: Limit one of each Pok\u00e9mon\n|rule|Item Clause: Limit one of each item\n|clearpoke\n|poke|p1|Murkrow, L50, M|\n|poke|p1|Roaring Moon, L50|\n|poke|p1|Flutter Mane, L50|\n|poke|p1|Chi-Yu, L50|\n|poke|p1|Great Tusk, L50|\n|poke|p1|Chien-Pao, L50|\n|poke|p2|Palafin, L50, M|\n|poke|p2|Murkrow, L50, F|\n|poke|p2|Scizor, L50, F|\n|poke|p2|Chien-Pao, L50|\n|poke|p2|Annihilape, L50, F|\n|poke|p2|Dragapult, L50, F|\n|teampreview|4\n|\n|t:|1683616788\n|start\n|switch|p1a: Chi-Yu|Chi-Yu, L50|100\/100\n|switch|p1b: Murkrow|Murkrow, L50, M|100\/100\n|switch|p2a: Murkrow|Murkrow, L50, F|100\/100\n|switch|p2b: Palafin|Palafin, L50, M|100\/100\n|-ability|p1a: Chi-Yu|Beads of Ruin\n|turn|1\n|\n|t:|1683616813\n|move|p1a: Chi-Yu|Protect|p1a: Chi-Yu\n|-singleturn|p1a: Chi-Yu|Protect\n|move|p1b: Murkrow|Sunny Day|p1b: Murkrow\n|-weather|SunnyDay\n|move|p2a: Murkrow|Tailwind|p2a: Murkrow\n|-sidestart|p2: Duecal1on|move: Tailwind\n|move|p2b: Palafin|Close Combat|p1a: Chi-Yu\n|-activate|p1a: Chi-Yu|move: Protect\n|\n|-weather|SunnyDay|[upkeep]\n|upkeep\n|turn|2\n|\n|t:|1683616840\n|move|p2a: Murkrow|Rain Dance|p2a: Murkrow\n|-weather|RainDance\n|move|p1b: Murkrow|Tailwind|p1b: Murkrow\n|-sidestart|p1: Stealyomunchlax|move: Tailwind\n|move|p1a: Chi-Yu|Flamethrower|p2a: Murkrow\n|-damage|p2a: Murkrow|74\/100\n|move|p2b: Palafin|Close Combat|p1b: Murkrow\n|-damage|p1b: Murkrow|68\/100\n|-unboost|p2b: Palafin|def|1\n|-unboost|p2b: Palafin|spd|1\n|-enditem|p2b: Palafin|Eject Pack\n|\n|t:|1683616855\n|detailschange|p2b: Palafin|Palafin-Hero, L50, M\n|switch|p2b: Scizor|Scizor, L50, F|100\/100\n|\n|-weather|RainDance|[upkeep]\n|upkeep\n|turn|3\n|inactive|Battle timer is ON: inactive players will automatically lose when time's up. (requested by Duecal1on)\n|\n|t:|1683616911\n|-terastallize|p2b: Scizor|Water\n|move|p1b: Murkrow|Sunny Day|p1b: Murkrow\n|-weather|SunnyDay\n|move|p2a: Murkrow|Rain Dance|p2a: Murkrow\n|-weather|RainDance\n|move|p1a: Chi-Yu|Flamethrower|p2a: Murkrow\n|-damage|p2a: Murkrow|50\/100\n|move|p2b: Scizor|U-turn|p1b: Murkrow\n|-damage|p1b: Murkrow|3\/100\n|\n|t:|1683616923\n|switch|p2b: Palafin|Palafin-Hero, L50, M|100\/100|[from] U-turn\n|-activate|p2b: Palafin|ability: Zero to Hero\n|\n|-weather|RainDance|[upkeep]\n|upkeep\n|turn|4\n|inactive|Stealyomunchlax has 30 seconds left.\n|\n|t:|1683616955\n|switch|p1b: Chien-Pao|Chien-Pao, L50|100\/100\n|-ability|p1b: Chien-Pao|Sword of Ruin\n|-terastallize|p1a: Chi-Yu|Water\n|move|p2b: Palafin|Jet Punch|p1a: Chi-Yu\n|-resisted|p1a: Chi-Yu\n|-damage|p1a: Chi-Yu|48\/100\n|move|p2a: Murkrow|Rain Dance||[still]\n|-fail|p2a: Murkrow\n|move|p1a: Chi-Yu|Dark Pulse|p2b: Palafin\n|-damage|p2b: Palafin|49\/100\n|\n|-weather|RainDance|[upkeep]\n|-sideend|p2: Duecal1on|move: Tailwind\n|upkeep\n|turn|5\n|inactive|Stealyomunchlax has 30 seconds left.\n|inactive|Duecal1on has 30 seconds left.\n|inactive|Duecal1on has 20 seconds left.\n|\n|t:|1683616994\n|switch|p2b: Scizor|Scizor, L50, F, tera:Water|100\/100\n|move|p1a: Chi-Yu|Protect|p1a: Chi-Yu\n|-singleturn|p1a: Chi-Yu|Protect\n|move|p2a: Murkrow|Tailwind|p2a: Murkrow\n|-sidestart|p2: Duecal1on|move: Tailwind\n|move|p1b: Chien-Pao|Ice Spinner|p2a: Murkrow\n|-supereffective|p2a: Murkrow\n|-damage|p2a: Murkrow|0 fnt\n|faint|p2a: Murkrow\n|\n|-weather|RainDance|[upkeep]\n|-sideend|p1: Stealyomunchlax|move: Tailwind\n|upkeep\n|\n|t:|1683617005\n|switch|p2a: Chien-Pao|Chien-Pao, L50|100\/100\n|-ability|p2a: Chien-Pao|Sword of Ruin\n|turn|6\n|\n|t:|1683617022\n|move|p2a: Chien-Pao|Ice Spinner|p1a: Chi-Yu\n|-resisted|p1a: Chi-Yu\n|-crit|p1a: Chi-Yu\n|-damage|p1a: Chi-Yu|0 fnt\n|faint|p1a: Chi-Yu\n|move|p1b: Chien-Pao|Sacred Sword|p2a: Chien-Pao\n|-supereffective|p2a: Chien-Pao\n|-enditem|p2a: Chien-Pao|Focus Sash\n|-damage|p2a: Chien-Pao|1\/100\n|move|p2b: Scizor|U-turn|p1b: Chien-Pao\n|-supereffective|p1b: Chien-Pao\n|-enditem|p1b: Chien-Pao|Focus Sash\n|-damage|p1b: Chien-Pao|1\/100\n|\n|t:|1683617035\n|switch|p2b: Palafin|Palafin-Hero, L50, M|49\/100|[from] U-turn\n|\n|-weather|RainDance|[upkeep]\n|upkeep\n|\n|t:|1683617043\n|switch|p1a: Murkrow|Murkrow, L50, M|3\/100\n|turn|7\n|\n|t:|1683617059\n|switch|p1b: Roaring Moon|Roaring Moon, L50|100\/100\n|-enditem|p1b: Roaring Moon|Booster Energy\n|-activate|p1b: Roaring Moon|ability: Protosynthesis|[fromitem]\n|-start|p1b: Roaring Moon|protosynthesisatk\n|move|p2a: Chien-Pao|Sucker Punch||[still]\n|-fail|p2a: Chien-Pao\n|move|p2b: Palafin|Jet Punch|p1a: Murkrow\n|-damage|p1a: Murkrow|0 fnt\n|faint|p1a: Murkrow\n|\n|-weather|none\n|upkeep\n|\n|t:|1683617070\n|switch|p1a: Chien-Pao|Chien-Pao, L50|1\/100\n|-ability|p1a: Chien-Pao|Sword of Ruin\n|turn|8\n|\n|t:|1683617085\n|move|p2a: Chien-Pao|Protect|p2a: Chien-Pao\n|-singleturn|p2a: Chien-Pao|Protect\n|move|p1a: Chien-Pao|Protect|p1a: Chien-Pao\n|-singleturn|p1a: Chien-Pao|Protect\n|move|p1b: Roaring Moon|Protect|p1b: Roaring Moon\n|-singleturn|p1b: Roaring Moon|Protect\n|move|p2b: Palafin|Jet Punch|p1a: Chien-Pao\n|-activate|p1a: Chien-Pao|move: Protect\n|\n|-sideend|p2: Duecal1on|move: Tailwind\n|upkeep\n|turn|9\n|inactive|Stealyomunchlax has 30 seconds left.\n|\n|t:|1683617112\n|move|p2b: Palafin|Jet Punch|p1a: Chien-Pao\n|-damage|p1a: Chien-Pao|0 fnt\n|faint|p1a: Chien-Pao\n|move|p2a: Chien-Pao|Ice Spinner|p1b: Roaring Moon\n|-supereffective|p1b: Roaring Moon\n|-damage|p1b: Roaring Moon|0 fnt\n|faint|p1b: Roaring Moon\n|-end|p1b: Roaring Moon|Protosynthesis|[silent]\n|\n|win|Duecal1on\n|raw|Stealyomunchlax's rating: 1178 → 1155<\/strong> (-23 for losing)\n|raw|Duecal1on's rating: 1205 → 1228<\/strong> (+23 for winning)\n|l|\u2606Stealyomunchlax\n","uploadtime":1683617123,"views":7,"p1id":"stealyomunchlax","p2id":"duecal1on","formatid":"gen9vgc2023regulationc","rating":1155,"private":0,"password":""}