{"id":"gen9vgc2023regulationc-1855798451","p1":"Olequez","p2":"JDN-2925","format":"[Gen 9] VGC 2023 Regulation C","log":"|j|\u2606Olequez\n|j|\u2606JDN-2925\n|t:|1682985446\n|gametype|doubles\n|player|p1|Olequez|lucian|1301\n|player|p2|JDN-2925|1|1302\n|teamsize|p1|6\n|teamsize|p2|6\n|gen|9\n|tier|[Gen 9] VGC 2023 Regulation C\n|rated|\n|rule|Species Clause: Limit one of each Pok\u00e9mon\n|rule|Item Clause: Limit one of each item\n|clearpoke\n|poke|p1|Abomasnow, L50, F|\n|poke|p1|Iron Bundle, L50|\n|poke|p1|Iron Valiant, L50|\n|poke|p1|Kingambit, L50, F|\n|poke|p1|Dragonite, L50, F|\n|poke|p1|Chien-Pao, L50|\n|poke|p2|Dondozo, L50, F|\n|poke|p2|Tatsugiri, L50, M|\n|poke|p2|Glimmora, L50, F|\n|poke|p2|Chien-Pao, L50|\n|poke|p2|Dragapult, L50, F|\n|poke|p2|Iron Bundle, L50|\n|teampreview|4\n|\n|t:|1682985482\n|start\n|switch|p1a: Iron Bundle|Iron Bundle, L50, shiny|100\/100\n|switch|p1b: Abomasnow|Abomasnow, L50, F, shiny|100\/100\n|switch|p2a: Chien-Pao|Chien-Pao, L50|100\/100\n|switch|p2b: Dragapult|Dragapult, L50, F|100\/100\n|-ability|p2a: Chien-Pao|Sword of Ruin\n|-weather|Snow|[from] ability: Snow Warning|[of] p1b: Abomasnow\n|-enditem|p1a: Iron Bundle|Booster Energy\n|-activate|p1a: Iron Bundle|ability: Quark Drive|[fromitem]\n|-start|p1a: Iron Bundle|quarkdrivespe\n|turn|1\n|\n|t:|1682985517\n|move|p2a: Chien-Pao|Sucker Punch||[still]\n|-fail|p2a: Chien-Pao\n|move|p1a: Iron Bundle|Aurora Veil|p1a: Iron Bundle\n|-sidestart|p1: Olequez|move: Aurora Veil\n|move|p2b: Dragapult|Dragon Darts|p1a: Iron Bundle\n|-damage|p1a: Iron Bundle|75\/100\n|-anim|p2b: Dragapult|Dragon Darts|p1b: Abomasnow\n|-damage|p1b: Abomasnow|76\/100\n|move|p1b: Abomasnow|Blizzard|p2a: Chien-Pao|[spread] p2a,p2b\n|-resisted|p2a: Chien-Pao\n|-supereffective|p2b: Dragapult\n|-damage|p2a: Chien-Pao|63\/100\n|-damage|p2b: Dragapult|0 fnt\n|faint|p2b: Dragapult\n|-damage|p1b: Abomasnow|67\/100|[from] item: Life Orb\n|\n|-weather|Snow|[upkeep]\n|upkeep\n|\n|t:|1682985537\n|switch|p2b: Tatsugiri|Tatsugiri, L50, M|100\/100\n|turn|2\n|\n|t:|1682985562\n|move|p2a: Chien-Pao|Sucker Punch|p1a: Iron Bundle\n|-damage|p1a: Iron Bundle|50\/100\n|move|p1a: Iron Bundle|Blizzard|p2a: Chien-Pao|[spread] p2a,p2b\n|-resisted|p2a: Chien-Pao\n|-damage|p2a: Chien-Pao|33\/100\n|-damage|p2b: Tatsugiri|49\/100\n|move|p2b: Tatsugiri|Draco Meteor|p1b: Abomasnow\n|-damage|p1b: Abomasnow|24\/100\n|-unboost|p2b: Tatsugiri|spa|2\n|move|p1b: Abomasnow|Energy Ball|p2a: Chien-Pao\n|-damage|p2a: Chien-Pao|0 fnt\n|faint|p2a: Chien-Pao\n|-damage|p1b: Abomasnow|15\/100|[from] item: Life Orb\n|\n|-weather|Snow|[upkeep]\n|upkeep\n|\n|t:|1682985579\n|switch|p2a: Dondozo|Dondozo, L50, F|100\/100\n|-activate|p2b: Tatsugiri|ability: Commander|[of] p2a: Dondozo\n|-boost|p2a: Dondozo|atk|2\n|-boost|p2a: Dondozo|spa|2\n|-boost|p2a: Dondozo|spe|2\n|-boost|p2a: Dondozo|def|2\n|-boost|p2a: Dondozo|spd|2\n|turn|3\n|\n|t:|1682985608\n|move|p1b: Abomasnow|Protect|p1b: Abomasnow\n|-singleturn|p1b: Abomasnow|Protect\n|move|p1a: Iron Bundle|Blizzard|p2a: Dondozo|[spread] p2a\n|-miss|p1a: Iron Bundle|p2b: Tatsugiri\n|-resisted|p2a: Dondozo\n|-damage|p2a: Dondozo|90\/100\n|move|p2a: Dondozo|Order Up|p1a: Iron Bundle\n|-damage|p1a: Iron Bundle|24\/100\n|-boost|p2a: Dondozo|atk|1\n|\n|-weather|Snow|[upkeep]\n|-heal|p2a: Dondozo|97\/100|[from] item: Leftovers\n|upkeep\n|turn|4\n|\n|t:|1682985624\n|move|p1a: Iron Bundle|Blizzard|p2b: Tatsugiri|[spread] p2a\n|-miss|p1a: Iron Bundle|p2b: Tatsugiri\n|-resisted|p2a: Dondozo\n|-damage|p2a: Dondozo|87\/100\n|move|p2a: Dondozo|Order Up|p1b: Abomasnow\n|-damage|p1b: Abomasnow|0 fnt\n|faint|p1b: Abomasnow\n|-boost|p2a: Dondozo|atk|1\n|\n|-weather|Snow|[upkeep]\n|-heal|p2a: Dondozo|93\/100|[from] item: Leftovers\n|upkeep\n|\n|t:|1682985635\n|switch|p1b: Chien-Pao|Chien-Pao, L50|100\/100\n|-ability|p1b: Chien-Pao|Sword of Ruin\n|turn|5\n|\n|t:|1682985647\n|move|p1a: Iron Bundle|Blizzard|p2a: Dondozo|[spread] p2a\n|-miss|p1a: Iron Bundle|p2b: Tatsugiri\n|-resisted|p2a: Dondozo\n|-damage|p2a: Dondozo|82\/100\n|move|p1b: Chien-Pao|Haze|p1b: Chien-Pao\n|-clearallboost\n|move|p2a: Dondozo|Earthquake|p1b: Chien-Pao|[spread] p1a,p1b\n|-miss|p2a: Dondozo|p2b: Tatsugiri\n|-damage|p1a: Iron Bundle|8\/100\n|-damage|p1b: Chien-Pao|89\/100\n|\n|-weather|none\n|-heal|p2a: Dondozo|88\/100|[from] item: Leftovers\n|-sideend|p1: Olequez|move: Aurora Veil\n|upkeep\n|turn|6\n|\n|t:|1682985676\n|move|p1a: Iron Bundle|Hydro Pump|p2a: Dondozo\n|-resisted|p2a: Dondozo\n|-damage|p2a: Dondozo|59\/100\n|move|p1b: Chien-Pao|Throat Chop|p2a: Dondozo\n|-damage|p2a: Dondozo|25\/100\n|-start|p2a: Dondozo|Throat Chop|[silent]\n|move|p2a: Dondozo|Order Up|p1b: Chien-Pao\n|-crit|p1b: Chien-Pao\n|-damage|p1b: Chien-Pao|50\/100\n|-enditem|p1b: Chien-Pao|Sitrus Berry|[eat]\n|-heal|p1b: Chien-Pao|75\/100|[from] item: Sitrus Berry\n|-boost|p2a: Dondozo|atk|1\n|\n|-heal|p2a: Dondozo|31\/100|[from] item: Leftovers\n|upkeep\n|turn|7\n|\n|t:|1682985696\n|-terastallize|p2a: Dondozo|Grass\n|move|p1a: Iron Bundle|Hydro Pump|p2a: Dondozo|[miss]\n|-miss|p1a: Iron Bundle|p2a: Dondozo\n|move|p1b: Chien-Pao|Throat Chop|p2a: Dondozo\n|-damage|p2a: Dondozo|0 fnt\n|faint|p2a: Dondozo\n|\n|upkeep\n|turn|8\n|l|\u2606JDN-2925\n|player|p2|\n|inactive|Battle timer is ON: inactive players will automatically lose when time's up. (requested by Olequez)\n|j| falinks8274\n|l| falinks8274\n|inactive|JDN-2925 has 30 seconds to reconnect!\n|inactive|JDN-2925 has 20 seconds to reconnect!\n|inactive|JDN-2925 has 15 seconds to reconnect!\n|inactive|JDN-2925 has 10 seconds to reconnect!\n|inactive|JDN-2925 has 5 seconds to reconnect!\n|-message|JDN-2925 lost due to inactivity.\n|\n|win|Olequez\n|raw|Olequez's rating: 1301 → 1321<\/strong> (+20 for winning)\n|raw|JDN-2925's rating: 1302 → 1282<\/strong> (-20 for losing)\n","uploadtime":1682985863,"views":21,"p1id":"olequez","p2id":"jdn2925","formatid":"gen9vgc2023regulationc","rating":1282,"private":0,"password":""}