{"id":"gen9vgc2023regulationc-1847834177","p1":"HinaBA","p2":"Fekasu","format":"[Gen 9] VGC 2023 Regulation C","log":"|j|\u2606HinaBA\n|j|\u2606Fekasu\n|t:|1682005774\n|gametype|doubles\n|player|p1|HinaBA|gardenia|1437\n|player|p2|Fekasu|pokekid|1525\n|teamsize|p1|6\n|teamsize|p2|6\n|gen|9\n|tier|[Gen 9] VGC 2023 Regulation C\n|rated|\n|rule|Species Clause: Limit one of each Pok\u00e9mon\n|rule|Item Clause: Limit one of each item\n|clearpoke\n|poke|p1|Flutter Mane, L50|\n|poke|p1|Chi-Yu, L50|\n|poke|p1|Wo-Chien, L50|\n|poke|p1|Glimmora, L50, F|\n|poke|p1|Gyarados, L50, F|\n|poke|p1|Scizor, L50, F|\n|poke|p2|Baxcalibur, L50, F|\n|poke|p2|Arcanine, L50, M|\n|poke|p2|Amoonguss, L50, F|\n|poke|p2|Rotom-Wash, L50|\n|poke|p2|Corviknight, L50, F|\n|poke|p2|Ceruledge, L50, F|\n|teampreview|4\nHinaBA has agreed to open team sheets.\nFekasu has agreed to open team sheets.\n|inactive|Battle timer is ON: inactive players will automatically lose when time's up. (requested by Fekasu)\n|inactive|HinaBA has 60 seconds left.\n|\n|t:|1682005917\n|start\n|switch|p1a: Chi-Yu|Chi-Yu, L50|100\/100\n|switch|p1b: Glimmora|Glimmora, L50, F|100\/100\n|switch|p2a: Corviknight|Corviknight, L50, F|100\/100\n|switch|p2b: Rotom|Rotom-Wash, L50|100\/100\n|-ability|p1a: Chi-Yu|Beads of Ruin\n|turn|1\n|inactive|HinaBA has 30 seconds left.\n|inactive|Fekasu has 30 seconds left.\n|inactive|HinaBA has 20 seconds left.\n|inactive|Fekasu has 20 seconds left.\n|inactive|HinaBA has 15 seconds left.\n|inactive|Fekasu has 15 seconds left.\n|inactive|HinaBA has 10 seconds left.\n|inactive|Fekasu has 10 seconds left.\n|\n|t:|1682005965\n|move|p1a: Chi-Yu|Protect|p1a: Chi-Yu\n|-singleturn|p1a: Chi-Yu|Protect\n|move|p2b: Rotom|Volt Switch|p1a: Chi-Yu\n|-activate|p1a: Chi-Yu|move: Protect\n|move|p1b: Glimmora|Energy Ball|p2b: Rotom\n|-supereffective|p2b: Rotom\n|-damage|p2b: Rotom|0 fnt\n|faint|p2b: Rotom\n|move|p2a: Corviknight|Tailwind|p2a: Corviknight\n|-sidestart|p2: Fekasu|move: Tailwind\n|\n|upkeep\n|\n|t:|1682005979\n|switch|p2b: Ceruledge|Ceruledge, L50, F|100\/100\n|turn|2\n|inactive|Fekasu has 30 seconds left.\n|inactive|HinaBA has 30 seconds left.\n|inactive|Fekasu has 20 seconds left.\n|\n|t:|1682006014\n|-terastallize|p2b: Ceruledge|Grass\n|-terastallize|p1a: Chi-Yu|Flying\n|move|p2a: Corviknight|Brave Bird|p1a: Chi-Yu\n|-damage|p1a: Chi-Yu|41\/100\n|-damage|p2a: Corviknight|85\/100|[from] Recoil\n|move|p2b: Ceruledge|Bitter Blade|p1a: Chi-Yu\n|-damage|p1a: Chi-Yu|0 fnt\n|faint|p1a: Chi-Yu\n|move|p1b: Glimmora|Mortal Spin|p2a: Corviknight|[spread] p2b\n|-immune|p2a: Corviknight\n|-supereffective|p2b: Ceruledge\n|-damage|p2b: Ceruledge|88\/100\n|-status|p2b: Ceruledge|psn\n|\n|-damage|p2b: Ceruledge|76\/100 psn|[from] psn\n|upkeep\n|inactive|HinaBA has 30 seconds left.\n|\n|t:|1682006040\n|switch|p1a: Gyarados|Gyarados, L50, F|100\/100\n|-ability|p1a: Gyarados|Intimidate|boost\n|-ability|p2a: Corviknight|Mirror Armor\n|-unboost|p1a: Gyarados|atk|1\n|-unboost|p2b: Ceruledge|atk|1\n|turn|3\n|inactive|Fekasu has 30 seconds left.\n|\n|t:|1682006072\n|switch|p2b: Amoonguss|Amoonguss, L50, F|100\/100\n|move|p2a: Corviknight|Taunt|p1a: Gyarados\n|-start|p1a: Gyarados|move: Taunt\n|move|p1b: Glimmora|Venoshock|p2b: Amoonguss\n|-damage|p2b: Amoonguss|72\/100\n|cant|p1a: Gyarados|move: Taunt|Thunder Wave\n|\n|upkeep\n|turn|4\n|inactive|HinaBA has 30 seconds left.\n|\n|t:|1682006107\n|move|p2a: Corviknight|Brave Bird|p1a: Gyarados\n|-damage|p1a: Gyarados|57\/100\n|-damage|p2a: Corviknight|71\/100|[from] Recoil\n|move|p1b: Glimmora|Power Gem|p2a: Corviknight\n|-damage|p2a: Corviknight|36\/100\n|move|p1a: Gyarados|Waterfall|p2a: Corviknight\n|-damage|p2a: Corviknight|18\/100\n|-enditem|p2a: Corviknight|Aguav Berry|[eat]\n|-heal|p2a: Corviknight|51\/100|[from] item: Aguav Berry\n|move|p2b: Amoonguss|Spore|p1a: Gyarados\n|-status|p1a: Gyarados|slp|[from] move: Spore\n|\n|-sideend|p2: Fekasu|move: Tailwind\n|upkeep\n|turn|5\n|\n|t:|1682006124\n|move|p1b: Glimmora|Power Gem|p2a: Corviknight\n|-damage|p2a: Corviknight|15\/100\n|move|p2a: Corviknight|Tailwind|p2a: Corviknight\n|-sidestart|p2: Fekasu|move: Tailwind\n|cant|p1a: Gyarados|slp\n|move|p2b: Amoonguss|Pollen Puff|p2a: Corviknight\n|-heal|p2a: Corviknight|64\/100\n|\n|-end|p1a: Gyarados|move: Taunt\n|upkeep\n|turn|6\n|\n|t:|1682006141\n|move|p2a: Corviknight|Brave Bird|p1a: Gyarados\n|-damage|p1a: Gyarados|16\/100 slp\n|-enditem|p1a: Gyarados|Sitrus Berry|[eat]\n|-heal|p1a: Gyarados|41\/100 slp|[from] item: Sitrus Berry\n|-damage|p2a: Corviknight|51\/100|[from] Recoil\n|move|p1b: Glimmora|Power Gem|p2a: Corviknight\n|-damage|p2a: Corviknight|13\/100\n|cant|p1a: Gyarados|slp\n|move|p2b: Amoonguss|Pollen Puff|p2a: Corviknight\n|-heal|p2a: Corviknight|63\/100\n|\n|upkeep\n|turn|7\n|\n|t:|1682006158\n|move|p2a: Corviknight|Brave Bird|p1a: Gyarados\n|-damage|p1a: Gyarados|0 fnt\n|faint|p1a: Gyarados\n|-damage|p2a: Corviknight|50\/100|[from] Recoil\n|move|p1b: Glimmora|Power Gem|p2a: Corviknight\n|-damage|p2a: Corviknight|15\/100\n|move|p2b: Amoonguss|Pollen Puff|p2a: Corviknight\n|-heal|p2a: Corviknight|64\/100\n|\n|upkeep\n|\n|t:|1682006166\n|switch|p1a: Flutter Mane|Flutter Mane, L50|100\/100\n|-enditem|p1a: Flutter Mane|Booster Energy\n|-activate|p1a: Flutter Mane|ability: Protosynthesis|[fromitem]\n|-start|p1a: Flutter Mane|protosynthesisspe\n|turn|8\n|inactive|Fekasu has 30 seconds left.\n|\n|t:|1682006193\n|switch|p2a: Ceruledge|Ceruledge, L50, F, tera:Grass|76\/100 psn\n|move|p1a: Flutter Mane|Protect|p1a: Flutter Mane\n|-singleturn|p1a: Flutter Mane|Protect\n|move|p1b: Glimmora|Power Gem|p2a: Ceruledge\n|-damage|p2a: Ceruledge|48\/100 psn\n|move|p2b: Amoonguss|Spore|p1b: Glimmora\n|-status|p1b: Glimmora|slp|[from] move: Spore\n|\n|-damage|p2a: Ceruledge|36\/100 psn|[from] psn\n|-sideend|p2: Fekasu|move: Tailwind\n|upkeep\n|turn|9\n|\n|t:|1682006208\n|move|p2b: Amoonguss|Rage Powder|p2b: Amoonguss\n|-singleturn|p2b: Amoonguss|move: Rage Powder\n|move|p1a: Flutter Mane|Dazzling Gleam|p2b: Amoonguss|[spread] p2a,p2b\n|-resisted|p2b: Amoonguss\n|-crit|p2b: Amoonguss\n|-damage|p2a: Ceruledge|14\/100 psn\n|-damage|p2b: Amoonguss|51\/100\n|cant|p1b: Glimmora|slp\n|move|p2a: Ceruledge|Bitter Blade|p1a: Flutter Mane\n|-damage|p1a: Flutter Mane|24\/100\n|-heal|p2a: Ceruledge|54\/100 psn|[from] drain|[of] p1a: Flutter Mane\n|\n|-damage|p2a: Ceruledge|42\/100 psn|[from] psn\n|upkeep\n|turn|10\n|\n|t:|1682006222\n|move|p1a: Flutter Mane|Protect|p1a: Flutter Mane\n|-singleturn|p1a: Flutter Mane|Protect\n|move|p2a: Ceruledge|Shadow Sneak|p1a: Flutter Mane\n|-activate|p1a: Flutter Mane|move: Protect\n|-curestatus|p1b: Glimmora|slp|[msg]\n|move|p1b: Glimmora|Power Gem|p2a: Ceruledge\n|-damage|p2a: Ceruledge|16\/100 psn\n|move|p2b: Amoonguss|Pollen Puff|p2a: Ceruledge\n|-heal|p2a: Ceruledge|66\/100 psn\n|\n|-damage|p2a: Ceruledge|54\/100 psn|[from] psn\n|upkeep\n|turn|11\n|\n|t:|1682006236\n|move|p1a: Flutter Mane|Protect|p1a: Flutter Mane\n|-singleturn|p1a: Flutter Mane|Protect\n|move|p2a: Ceruledge|Shadow Sneak|p1a: Flutter Mane\n|-activate|p1a: Flutter Mane|move: Protect\n|move|p1b: Glimmora|Venoshock|p2a: Ceruledge\n|-supereffective|p2a: Ceruledge\n|-damage|p2a: Ceruledge|0 fnt\n|faint|p2a: Ceruledge\n|move|p2b: Amoonguss|Spore|p1b: Glimmora\n|-status|p1b: Glimmora|slp|[from] move: Spore\n|\n|upkeep\n|\n|t:|1682006243\n|switch|p2a: Corviknight|Corviknight, L50, F|64\/100\n|turn|12\n|\n|t:|1682006250\n|move|p2b: Amoonguss|Rage Powder|p2b: Amoonguss\n|-singleturn|p2b: Amoonguss|move: Rage Powder\n|move|p1a: Flutter Mane|Shadow Ball|p2b: Amoonguss\n|-damage|p2b: Amoonguss|15\/100\n|-enditem|p2b: Amoonguss|Sitrus Berry|[eat]\n|-heal|p2b: Amoonguss|40\/100|[from] item: Sitrus Berry\n|cant|p1b: Glimmora|slp\n|move|p2a: Corviknight|Brave Bird|p1a: Flutter Mane\n|-damage|p1a: Flutter Mane|0 fnt\n|faint|p1a: Flutter Mane\n|-end|p1a: Flutter Mane|Protosynthesis|[silent]\n|-damage|p2a: Corviknight|58\/100|[from] Recoil\n|\n|upkeep\n|turn|13\n|\n|t:|1682006270\n|-curestatus|p1b: Glimmora|slp|[msg]\n|move|p1b: Glimmora|Power Gem|p2b: Amoonguss\n|-damage|p2b: Amoonguss|9\/100\n|move|p2a: Corviknight|Brave Bird|p1b: Glimmora\n|-resisted|p1b: Glimmora\n|-damage|p1b: Glimmora|80\/100\n|-activate|p1b: Glimmora|ability: Toxic Debris\n|-sidestart|p2: Fekasu|move: Toxic Spikes\n|-damage|p2a: Corviknight|52\/100|[from] Recoil\n|move|p2b: Amoonguss|Pollen Puff|p2a: Corviknight\n|-heal|p2a: Corviknight|100\/100\n|\n|upkeep\n|turn|14\n|inactive|Fekasu has 30 seconds left.\n|c|\u2606Fekasu|Double protect\n|c|\u2606Fekasu|damn\n|inactive|Fekasu has 20 seconds left.\n|-message|Fekasu forfeited.\n|\n|win|HinaBA\n|raw|HinaBA's rating: 1437 → 1462<\/strong> (+25 for winning)\n|raw|Fekasu's rating: 1525 → 1500<\/strong> (-25 for losing)\n|l|\u2606Fekasu\n","uploadtime":1682007082,"views":7,"p1id":"hinaba","p2id":"fekasu","formatid":"gen9vgc2023regulationc","rating":1462,"private":0,"password":""}