{"id":"gen9vgc2023regulationc-1850412093","p1":"Evlers","p2":"poke simyu","format":"[Gen 9] VGC 2023 Regulation C","log":"|j|\u2606Evlers\n|j|\u2606poke simyu\n|t:|1682333022\n|gametype|doubles\n|player|p1|Evlers|cynthia-gen7|1330\n|player|p2|poke simyu|266|1270\n|teamsize|p1|6\n|teamsize|p2|6\n|gen|9\n|tier|[Gen 9] VGC 2023 Regulation C\n|rated|\n|rule|Species Clause: Limit one of each Pok\u00e9mon\n|rule|Item Clause: Limit one of each item\n|clearpoke\n|poke|p1|Chien-Pao, L50|\n|poke|p1|Flutter Mane, L50|\n|poke|p1|Palafin, L50, M|\n|poke|p1|Arcanine, L50, M|\n|poke|p1|Amoonguss, L50, F|\n|poke|p1|Dragapult, L50, M|\n|poke|p2|Palafin, L50, F|\n|poke|p2|Arcanine, L50, F|\n|poke|p2|Ting-Lu, L50|\n|poke|p2|Amoonguss, L50, M|\n|poke|p2|Iron Bundle, L50|\n|poke|p2|Flutter Mane, L50|\n|teampreview|4\nEvlers has agreed to open team sheets.\n|inactive|Battle timer is ON: inactive players will automatically lose when time's up. (requested by Evlers)\n|\n|t:|1682333085\n|start\n|switch|p1a: Dragapult|Dragapult, L50, M, shiny|100\/100\n|switch|p1b: Palafin|Palafin, L50, M|100\/100\n|switch|p2a: Iron Bundle|Iron Bundle, L50|100\/100\n|switch|p2b: Flutter Mane|Flutter Mane, L50|100\/100\n|turn|1\n|inactive|Evlers has 30 seconds left.\n|inactive|poke simyu has 30 seconds left.\n|\n|t:|1682333119\n|detailschange|p1b: Palafin|Palafin-Hero, L50, M\n|switch|p1b: Arcanine|Arcanine, L50, M, shiny|100\/100\n|-ability|p1b: Arcanine|Intimidate|boost\n|-unboost|p2a: Iron Bundle|atk|1\n|-unboost|p2b: Flutter Mane|atk|1\n|-terastallize|p1a: Dragapult|Steel\n|-terastallize|p2b: Flutter Mane|Fairy\n|move|p1a: Dragapult|Tera Blast|p2b: Flutter Mane\n|-supereffective|p2b: Flutter Mane\n|-crit|p2b: Flutter Mane\n|-damage|p2b: Flutter Mane|0 fnt\n|faint|p2b: Flutter Mane\n|-end|p2b: Flutter Mane|Protosynthesis|[silent]\n|move|p2a: Iron Bundle|Freeze-Dry|p1b: Arcanine\n|-resisted|p1b: Arcanine\n|-damage|p1b: Arcanine|82\/100\n|\n|upkeep\n|\n|t:|1682333137\n|switch|p2b: Arcanine|Arcanine, L50, F|100\/100\n|-ability|p2b: Arcanine|Intimidate|boost\n|-fail|p1a: Dragapult|unboost|[from] ability: Clear Body|[of] p1a: Dragapult\n|-unboost|p1b: Arcanine|atk|1\n|turn|2\n|inactive|Evlers has 30 seconds left.\n|inactive|Evlers has 20 seconds left.\n|inactive|Evlers has 15 seconds left.\n|inactive|Evlers has 10 seconds left.\n|\n|t:|1682333182\n|switch|p1a: Flutter Mane|Flutter Mane, L50|100\/100\n|-enditem|p1a: Flutter Mane|Booster Energy\n|-activate|p1a: Flutter Mane|ability: Protosynthesis|[fromitem]\n|-start|p1a: Flutter Mane|protosynthesisspa\n|move|p2a: Iron Bundle|Hydro Pump|p1b: Arcanine\n|-supereffective|p1b: Arcanine\n|-damage|p1b: Arcanine|0 fnt\n|faint|p1b: Arcanine\n|move|p2b: Arcanine|Flare Blitz|p1a: Flutter Mane\n|-damage|p1a: Flutter Mane|31\/100\n|-status|p1a: Flutter Mane|brn\n|-damage|p2b: Arcanine|84\/100|[from] Recoil\n|\n|-damage|p1a: Flutter Mane|26\/100 brn|[from] brn\n|upkeep\n|\n|t:|1682333194\n|switch|p1b: Palafin|Palafin-Hero, L50, M|100\/100\n|-activate|p1b: Palafin|ability: Zero to Hero\n|turn|3\n|\n|t:|1682333217\n|switch|p2b: Amoonguss|Amoonguss, L50, M|100\/100\n|move|p1b: Palafin|Jet Punch|p2b: Amoonguss\n|-resisted|p2b: Amoonguss\n|-damage|p2b: Amoonguss|84\/100\n|-damage|p1b: Palafin|84\/100|[from] item: Rocky Helmet|[of] p2b: Amoonguss\n|move|p2a: Iron Bundle|Freeze-Dry|p1a: Flutter Mane\n|-damage|p1a: Flutter Mane|0 fnt\n|faint|p1a: Flutter Mane\n|-end|p1a: Flutter Mane|Protosynthesis|[silent]\n|\n|upkeep\n|\n|t:|1682333226\n|switch|p1a: Dragapult|Dragapult, L50, M, shiny, tera:Steel|100\/100\n|turn|4\n|inactive|poke simyu has 30 seconds left.\n|\n|t:|1682333254\n|move|p2a: Iron Bundle|Protect|p2a: Iron Bundle\n|-singleturn|p2a: Iron Bundle|Protect\n|move|p1a: Dragapult|Dragon Darts|p2b: Amoonguss\n|-damage|p2b: Amoonguss|56\/100\n|-anim|p1a: Dragapult|Dragon Darts|p2b: Amoonguss\n|-damage|p2b: Amoonguss|29\/100\n|move|p1b: Palafin|Wave Crash|p2b: Amoonguss\n|-resisted|p2b: Amoonguss\n|-damage|p2b: Amoonguss|0 fnt\n|-damage|p1b: Palafin|67\/100|[from] item: Rocky Helmet|[of] p2b: Amoonguss\n|faint|p2b: Amoonguss\n|-damage|p1b: Palafin|57\/100|[from] Recoil\n|\n|upkeep\n|\n|t:|1682333268\n|switch|p2b: Arcanine|Arcanine, L50, F|84\/100\n|-ability|p2b: Arcanine|Intimidate|boost\n|-fail|p1a: Dragapult|unboost|[from] ability: Clear Body|[of] p1a: Dragapult\n|-unboost|p1b: Palafin|atk|1\n|turn|5\n|\n|t:|1682333289\n|move|p1b: Palafin|Jet Punch|p2b: Arcanine\n|-supereffective|p2b: Arcanine\n|-damage|p2b: Arcanine|7\/100\n|move|p1a: Dragapult|Dragon Darts|p2b: Arcanine\n|-damage|p2b: Arcanine|0 fnt\n|-anim|p1a: Dragapult|Dragon Darts|p2a: Iron Bundle\n|-damage|p2a: Iron Bundle|55\/100\n|faint|p2b: Arcanine\n|move|p2a: Iron Bundle|Freeze-Dry|p1b: Palafin\n|-supereffective|p1b: Palafin\n|-damage|p1b: Palafin|0 fnt\n|faint|p1b: Palafin\n|\n|upkeep\n|turn|6\n|-message|poke simyu forfeited.\n|\n|win|Evlers\n|raw|Evlers's rating: 1330 → 1347<\/strong> (+17 for winning)\n|raw|poke simyu's rating: 1270 → 1249<\/strong> (-21 for losing)\n|l|\u2606poke simyu\n","uploadtime":1682333308,"views":31,"p1id":"evlers","p2id":"pokesimyu","formatid":"gen9vgc2023regulationc","rating":1249,"private":0,"password":""}