{"id":"gen9vgc2023regulationc-1861518916","p1":"BossgodoraIII","p2":"dolphinsfan254","format":"[Gen 9] VGC 2023 Regulation C","log":"|j|\u2606BossgodoraIII\n|j|\u2606dolphinsfan254\n|t:|1683767901\n|gametype|doubles\n|player|p1|BossgodoraIII|gentleman-gen4|\n|player|p2|dolphinsfan254|medium|\n|teamsize|p1|6\n|teamsize|p2|6\n|gen|9\n|tier|[Gen 9] VGC 2023 Regulation C\n|rule|Species Clause: Limit one of each Pok\u00e9mon\n|rule|Item Clause: Limit one of each item\n|clearpoke\n|poke|p1|Dondozo, L50, M|\n|poke|p1|Tatsugiri, L50, M|\n|poke|p1|Iron Valiant, L50|\n|poke|p1|Clodsire, L50, M|\n|poke|p1|Drifblim, L50, F|\n|poke|p1|Grimmsnarl, L50, M|\n|poke|p2|Iron Treads, L50|\n|poke|p2|Palafin, L50, M|\n|poke|p2|Salamence, L50, M|\n|poke|p2|Breloom, L50, M|\n|poke|p2|Indeedee, L50, M|\n|poke|p2|Rotom-Fan, L50|\n|teampreview|4\n|j| Pinapplehead\n|j| sadwithpower\n|c|\u2606dolphinsfan254|Big game 3, glhf!\ndolphinsfan254 rejected open team sheets.\n|j| Onassi2\n|c|\u2606BossgodoraIII|u2\n|l| Pinapplehead\n|j| Pinapplehead\n|j| WindyEng\n|l| WindyEng\n|j| WindyEng\n|l| WindyEng\n|j| WindyEng\n|l| WindyEng\n|j| WindyEng\n|j| smelio\n|\n|t:|1683768180\n|start\n|switch|p1a: Bubba|Dondozo, L50, M|100\/100\n|switch|p1b: Ragglesnaggle|Grimmsnarl, L50, M, shiny|100\/100\n|switch|p2a: Dolphin|Palafin, L50, M|100\/100\n|switch|p2b: Soaring Salamander|Salamence, L50, M|100\/100\n|-ability|p2b: Soaring Salamander|Intimidate|boost\n|-fail|p1a: Bubba|unboost|Attack|[from] ability: Oblivious|[of] p1a: Bubba\n|-unboost|p1b: Ragglesnaggle|atk|1\n|turn|1\n|\n|t:|1683768248\n|detailschange|p2a: Dolphin|Palafin-Hero, L50, M\n|switch|p2a: Clicker|Breloom, L50, M|100\/100\n|move|p1b: Ragglesnaggle|Fake Out|p2b: Soaring Salamander\n|-damage|p2b: Soaring Salamander|91\/100\n|cant|p2b: Soaring Salamander|flinch\n|move|p1a: Bubba|Wave Crash|p2b: Soaring Salamander\n|-resisted|p2b: Soaring Salamander\n|-damage|p2b: Soaring Salamander|54\/100\n|-damage|p1a: Bubba|91\/100|[from] Recoil\n|\n|upkeep\n|turn|2\n|c|\u2606dolphinsfan254|Something against my salamander?\n|c|\u2606BossgodoraIII|nah\n|l| sadwithpower\n|c| WindyEng|It was just in the wrong place at the wrong time\n|\n|t:|1683768418\n|-terastallize|p1a: Bubba|Grass\n|move|p2b: Soaring Salamander|Tailwind|p2b: Soaring Salamander\n|-sidestart|p2: dolphinsfan254|move: Tailwind\n|move|p2a: Clicker|Spore|p1b: Ragglesnaggle\n|-status|p1b: Ragglesnaggle|slp|[from] move: Spore\n|move|p1a: Bubba|Wave Crash|p2b: Soaring Salamander\n|-resisted|p2b: Soaring Salamander\n|-damage|p2b: Soaring Salamander|19\/100\n|-damage|p1a: Bubba|82\/100|[from] Recoil\n|cant|p1b: Ragglesnaggle|slp\n|\n|upkeep\n|turn|3\n|j| sadwithpower\n|\n|t:|1683768484\n|move|p1a: Bubba|Protect|p1a: Bubba\n|-singleturn|p1a: Bubba|Protect\n|cant|p1b: Ragglesnaggle|slp\n|move|p2b: Soaring Salamander|Heat Wave|p1a: Bubba|[spread] p1b\n|-activate|p1a: Bubba|move: Protect\n|-damage|p1b: Ragglesnaggle|81\/100 slp\n|move|p2a: Clicker|Bullet Seed|p1b: Ragglesnaggle\n|-damage|p1b: Ragglesnaggle|60\/100 slp\n|-damage|p1b: Ragglesnaggle|38\/100 slp\n|-damage|p1b: Ragglesnaggle|17\/100 slp\n|-damage|p1b: Ragglesnaggle|0 fnt\n|faint|p1b: Ragglesnaggle\n|-hitcount|p1: Ragglesnaggle|4\n|\n|upkeep\n|c|\u2606dolphinsfan254|Will we see Commander for the first time?\n|\n|t:|1683768522\n|switch|p1b: Iron Valiant|Iron Valiant, L50|100\/100\n|-enditem|p1b: Iron Valiant|Booster Energy\n|-activate|p1b: Iron Valiant|ability: Quark Drive|[fromitem]\n|-start|p1b: Iron Valiant|quarkdrivespe\n|turn|4\n|c|\u2606dolphinsfan254|Nope\n|\n|t:|1683768637\n|move|p1b: Iron Valiant|Shadow Sneak|p2b: Soaring Salamander\n|-damage|p2b: Soaring Salamander|3\/100\n|move|p2b: Soaring Salamander|Heat Wave|p1b: Iron Valiant|[spread] p1a,p1b\n|-supereffective|p1a: Bubba\n|-damage|p1a: Bubba|32\/100\n|-damage|p1b: Iron Valiant|55\/100\n|move|p2a: Clicker|Bullet Seed|p1b: Iron Valiant\n|-damage|p1b: Iron Valiant|27\/100\n|-damage|p1b: Iron Valiant|0 fnt\n|faint|p1b: Iron Valiant\n|-end|p1b: Iron Valiant|Quark Drive|[silent]\n|-hitcount|p1: Iron Valiant|2\n|move|p1a: Bubba|Heavy Slam|p2a: Clicker\n|-damage|p2a: Clicker|48\/100\n|\n|upkeep\n|c|\u2606dolphinsfan254|That's a big live\n|\n|t:|1683768649\n|switch|p1b: Tatsugiri|Tatsugiri, L50, M|100\/100\n|-activate|p1b: Tatsugiri|ability: Commander|[of] p1a: Bubba\n|-boost|p1a: Bubba|atk|2\n|-boost|p1a: Bubba|spa|2\n|-boost|p1a: Bubba|spe|2\n|-boost|p1a: Bubba|def|2\n|-boost|p1a: Bubba|spd|2\n|turn|5\n|c|\u2606dolphinsfan254|Commander has appeared\n|\n|t:|1683768686\n|move|p2b: Soaring Salamander|Draco Meteor|p1a: Bubba\n|-damage|p1a: Bubba|0 fnt\n|-unboost|p2b: Soaring Salamander|spa|2\n|faint|p1a: Bubba\n|move|p2a: Clicker|Bullet Seed|p1b: Tatsugiri\n|-damage|p1b: Tatsugiri|57\/100\n|-damage|p1b: Tatsugiri|15\/100\n|-damage|p1b: Tatsugiri|0 fnt\n|faint|p1b: Tatsugiri\n|-hitcount|p1: Tatsugiri|3\n|\n|win|dolphinsfan254\n|c|\u2606BossgodoraIII|ggwp\n|c|\u2606dolphinsfan254|gg wp\n","uploadtime":1683768699,"views":14,"p1id":"bossgodoraiii","p2id":"dolphinsfan254","formatid":"gen9vgc2023regulationc","rating":0,"private":0,"password":""}