{"id":"gen9vgc2023regulationc-1851143709","p1":"sonniko","p2":"xAlber93","format":"[Gen 9] VGC 2023 Regulation C","log":"|j|\u2606sonniko\n|j|\u2606xAlber93\n|t:|1682416380\n|gametype|doubles\n|player|p1|sonniko|sailor|1172\n|player|p2|xAlber93|hilbert|1186\n|teamsize|p1|6\n|teamsize|p2|6\n|gen|9\n|tier|[Gen 9] VGC 2023 Regulation C\n|rated|\n|rule|Species Clause: Limit one of each Pok\u00e9mon\n|rule|Item Clause: Limit one of each item\n|clearpoke\n|poke|p1|Grimmsnarl, L50, M|\n|poke|p1|Maushold-Four, L50|\n|poke|p1|Annihilape, L50, M|\n|poke|p1|Flutter Mane, L50|\n|poke|p1|Corviknight, L50, F|\n|poke|p1|Abomasnow, L50, M|\n|poke|p2|Garchomp, L50, F|\n|poke|p2|Gastrodon-East, L50, F|\n|poke|p2|Ting-Lu, L50|\n|poke|p2|Amoonguss, L50, M|\n|poke|p2|Arcanine, L50, F|\n|poke|p2|Flutter Mane, L50|\n|teampreview|4\n|j| Alolaninetales92\n|inactive|Battle timer is ON: inactive players will automatically lose when time's up. (requested by sonniko)\n|\n|t:|1682416408\n|start\n|switch|p1a: Grimmsnarl|Grimmsnarl, L50, M, shiny|100\/100\n|switch|p1b: Corviknight|Corviknight, L50, F, shiny|100\/100\n|switch|p2a: ZASKO|Amoonguss, L50, M|100\/100\n|switch|p2b: ESPINETE|Flutter Mane, L50|100\/100\n|-enditem|p2b: ESPINETE|Booster Energy\n|-activate|p2b: ESPINETE|ability: Protosynthesis|[fromitem]\n|-start|p2b: ESPINETE|protosynthesisspe\n|turn|1\n|inactive|xAlber93 has 30 seconds left.\n|\n|t:|1682416443\n|switch|p2a: CHILENO|Garchomp, L50, F|100\/100\n|move|p1a: Grimmsnarl|Light Screen|p1a: Grimmsnarl\n|-sidestart|p1: sonniko|move: Light Screen\n|move|p2b: ESPINETE|Moonblast|p1a: Grimmsnarl\n|-supereffective|p1a: Grimmsnarl\n|-damage|p1a: Grimmsnarl|31\/100\n|move|p1b: Corviknight|Tailwind|p1b: Corviknight\n|-sidestart|p1: sonniko|move: Tailwind\n|\n|upkeep\n|turn|2\n|inactive|xAlber93 has 30 seconds left.\n|\n|t:|1682416476\n|-end|p2b: ESPINETE|Protosynthesis|[silent]\n|switch|p2b: ZASKO|Amoonguss, L50, M|100\/100\n|move|p2a: CHILENO|Protect|p2a: CHILENO\n|-singleturn|p2a: CHILENO|Protect\n|move|p1a: Grimmsnarl|Reflect|p1a: Grimmsnarl\n|-sidestart|p1: sonniko|Reflect\n|move|p1b: Corviknight|Iron Head|p2b: ZASKO\n|-damage|p2b: ZASKO|77\/100\n|\n|upkeep\n|turn|3\n|inactive|xAlber93 has 30 seconds left.\n|\n|t:|1682416502\n|-terastallize|p2a: CHILENO|Fire\n|move|p1a: Grimmsnarl|Parting Shot|p2a: CHILENO\n|-unboost|p2a: CHILENO|atk|1\n|-unboost|p2a: CHILENO|spa|1\n|\n|t:|1682416507\n|switch|p1a: Abomasnow|Abomasnow, L50, M, shiny|100\/100|[from] Parting Shot\n|-weather|Snow|[from] ability: Snow Warning|[of] p1a: Abomasnow\n|move|p1b: Corviknight|Brave Bird|p2b: ZASKO\n|-supereffective|p2b: ZASKO\n|-damage|p2b: ZASKO|18\/100\n|-enditem|p2b: ZASKO|Sitrus Berry|[eat]\n|-heal|p2b: ZASKO|43\/100|[from] item: Sitrus Berry\n|-damage|p1b: Corviknight|81\/100|[from] Recoil\n|move|p2a: CHILENO|Tera Blast|p1b: Corviknight\n|-supereffective|p1b: Corviknight\n|-damage|p1b: Corviknight|55\/100\n|move|p2b: ZASKO|Spore|p1a: Abomasnow\n|-immune|p1a: Abomasnow\n|\n|-weather|Snow|[upkeep]\n|upkeep\n|turn|4\n|inactive|sonniko has 30 seconds left.\n|inactive|xAlber93 has 30 seconds left.\n|\n|t:|1682416539\n|switch|p2b: ESPINETE|Flutter Mane, L50|100\/100\n|move|p2a: CHILENO|Protect|p2a: CHILENO\n|-singleturn|p2a: CHILENO|Protect\n|move|p1b: Corviknight|Brave Bird|p2b: ESPINETE\n|-crit|p2b: ESPINETE\n|-damage|p2b: ESPINETE|8\/100\n|-damage|p1b: Corviknight|36\/100|[from] Recoil\n|move|p1a: Abomasnow|Blizzard|p2a: CHILENO|[spread] p2b\n|-activate|p2a: CHILENO|move: Protect\n|-damage|p2b: ESPINETE|0 fnt\n|faint|p2b: ESPINETE\n|-end|p2b: ESPINETE|Protosynthesis|[silent]\n|\n|-weather|Snow|[upkeep]\n|-sideend|p1: sonniko|move: Tailwind\n|upkeep\n|\n|t:|1682416560\n|switch|p2b: CHOP|Arcanine, L50, F|100\/100\n|-ability|p2b: CHOP|Intimidate|boost\n|-unboost|p1a: Abomasnow|atk|1\n|-ability|p1b: Corviknight|Mirror Armor\n|-unboost|p2b: CHOP|atk|1\n|turn|5\n|\n|t:|1682416581\n|switch|p2a: ZASKO|Amoonguss, L50, M|76\/100\n|move|p2b: CHOP|Flare Blitz|p1b: Corviknight\n|-supereffective|p1b: Corviknight\n|-crit|p1b: Corviknight\n|-damage|p1b: Corviknight|0 fnt\n|-damage|p2b: CHOP|84\/100|[from] item: Rocky Helmet|[of] p1b: Corviknight\n|faint|p1b: Corviknight\n|-damage|p2b: CHOP|71\/100|[from] Recoil\n|move|p1a: Abomasnow|Aurora Veil|p1a: Abomasnow\n|-sidestart|p1: sonniko|move: Aurora Veil\n|\n|-weather|Snow|[upkeep]\n|-sideend|p1: sonniko|move: Light Screen\n|upkeep\n|\n|t:|1682416595\n|switch|p1b: Annihilape|Annihilape, L50, M, shiny|100\/100\n|turn|6\n|\n|t:|1682416618\n|move|p2b: CHOP|Will-O-Wisp|p1b: Annihilape\n|-status|p1b: Annihilape|brn\n|move|p1b: Annihilape|Bulk Up|p1b: Annihilape\n|-boost|p1b: Annihilape|atk|1\n|-boost|p1b: Annihilape|def|1\n|move|p1a: Abomasnow|Blizzard|p2a: ZASKO|[spread] p2a,p2b\n|-supereffective|p2a: ZASKO\n|-resisted|p2b: CHOP\n|-damage|p2a: ZASKO|29\/100\n|-damage|p2b: CHOP|59\/100\n|move|p2a: ZASKO|Pollen Puff|p2b: CHOP\n|-heal|p2b: CHOP|100\/100\n|\n|-weather|Snow|[upkeep]\n|-damage|p1b: Annihilape|95\/100 brn|[from] brn\n|-sideend|p1: sonniko|Reflect\n|upkeep\n|turn|7\n|inactive|xAlber93 has 30 seconds left.\n|\n|t:|1682416645\n|switch|p2a: CHILENO|Garchomp, L50, F, tera:Fire|100\/100\n|move|p2b: CHOP|Protect|p2b: CHOP\n|-singleturn|p2b: CHOP|Protect\n|move|p1b: Annihilape|Bulk Up|p1b: Annihilape\n|-boost|p1b: Annihilape|atk|1\n|-boost|p1b: Annihilape|def|1\n|move|p1a: Abomasnow|Blizzard|p2a: CHILENO|[spread] p2a\n|-activate|p2b: CHOP|move: Protect\n|-resisted|p2a: CHILENO\n|-damage|p2a: CHILENO|90\/100\n|\n|-weather|none\n|-heal|p1b: Annihilape|100\/100 brn|[from] item: Leftovers\n|-damage|p1b: Annihilape|95\/100 brn|[from] brn\n|upkeep\n|turn|8\n|inactive|sonniko has 30 seconds left.\n|inactive|xAlber93 has 30 seconds left.\n|\n|t:|1682416677\n|move|p1a: Abomasnow|Helping Hand|p1b: Annihilape\n|-singleturn|p1b: Annihilape|Helping Hand|[of] p1a: Abomasnow\n|move|p2a: CHILENO|Tera Blast|p1a: Abomasnow\n|-supereffective|p1a: Abomasnow\n|-damage|p1a: Abomasnow|0 fnt\n|faint|p1a: Abomasnow\n|move|p2b: CHOP|Flare Blitz|p1b: Annihilape\n|-damage|p1b: Annihilape|83\/100 brn\n|-damage|p2b: CHOP|96\/100|[from] Recoil\n|move|p1b: Annihilape|Drain Punch|p2a: CHILENO\n|-damage|p2a: CHILENO|41\/100\n|-heal|p1b: Annihilape|100\/100 brn|[from] drain|[of] p2a: CHILENO\n|-damage|p1b: Annihilape|88\/100 brn|[from] ability: Rough Skin|[of] p2a: CHILENO\n|-damage|p1b: Annihilape|72\/100 brn|[from] item: Rocky Helmet|[of] p2a: CHILENO\n|\n|-heal|p1b: Annihilape|78\/100 brn|[from] item: Leftovers\n|-damage|p1b: Annihilape|72\/100 brn|[from] brn\n|upkeep\n|\n|t:|1682416697\n|switch|p1a: Grimmsnarl|Grimmsnarl, L50, M, shiny|31\/100\n|turn|9\n|\n|t:|1682416707\n|move|p2b: CHOP|Protect|p2b: CHOP\n|-singleturn|p2b: CHOP|Protect\n|move|p1a: Grimmsnarl|Reflect|p1a: Grimmsnarl\n|-sidestart|p1: sonniko|Reflect\n|move|p2a: CHILENO|Earthquake|p1b: Annihilape|[spread] p1a,p1b\n|-activate|p2b: CHOP|move: Protect\n|-crit|p1a: Grimmsnarl\n|-damage|p1a: Grimmsnarl|0 fnt\n|-damage|p1b: Annihilape|60\/100 brn\n|faint|p1a: Grimmsnarl\n|move|p1b: Annihilape|Bulk Up|p1b: Annihilape\n|-boost|p1b: Annihilape|atk|1\n|-boost|p1b: Annihilape|def|1\n|\n|-heal|p1b: Annihilape|66\/100 brn|[from] item: Leftovers\n|-damage|p1b: Annihilape|60\/100 brn|[from] brn\n|-sideend|p1: sonniko|move: Aurora Veil\n|upkeep\n|turn|10\n|l|\u2606xAlber93\n|inactive|xAlber93 disconnected and has a minute to reconnect!\n|player|p2|\n|inactive|xAlber93 has 30 seconds left.\n|j|\u2606xAlber93\n|inactive|xAlber93 reconnected and has 30 seconds left.\n|player|p2|xAlber93|hilbert\n|inactive|xAlber93 has 20 seconds left.\n|\n|t:|1682416743\n|move|p2a: CHILENO|Tera Blast|p1b: Annihilape\n|-damage|p1b: Annihilape|50\/100 brn\n|move|p2b: CHOP|Flare Blitz|p1b: Annihilape\n|-damage|p1b: Annihilape|41\/100 brn\n|-damage|p2b: CHOP|93\/100|[from] Recoil\n|move|p1b: Annihilape|Drain Punch|p2b: CHOP\n|-damage|p2b: CHOP|54\/100\n|-heal|p1b: Annihilape|59\/100 brn|[from] drain|[of] p2b: CHOP\n|\n|-heal|p1b: Annihilape|65\/100 brn|[from] item: Leftovers\n|-damage|p1b: Annihilape|59\/100 brn|[from] brn\n|upkeep\n|turn|11\n|\n|t:|1682416760\n|move|p2b: CHOP|Protect|p2b: CHOP\n|-singleturn|p2b: CHOP|Protect\n|move|p2a: CHILENO|Tera Blast|p1b: Annihilape\n|-damage|p1b: Annihilape|47\/100 brn\n|move|p1b: Annihilape|Drain Punch|p2b: CHOP\n|-activate|p2b: CHOP|move: Protect\n|\n|-heal|p1b: Annihilape|53\/100 brn|[from] item: Leftovers\n|-damage|p1b: Annihilape|47\/100 brn|[from] brn\n|upkeep\n|turn|12\n|\n|t:|1682416777\n|move|p2a: CHILENO|Tera Blast|p1b: Annihilape\n|-damage|p1b: Annihilape|37\/100 brn\n|move|p2b: CHOP|Flare Blitz|p1b: Annihilape\n|-damage|p1b: Annihilape|29\/100 brn\n|-damage|p2b: CHOP|51\/100|[from] Recoil\n|move|p1b: Annihilape|Drain Punch|p2b: CHOP\n|-damage|p2b: CHOP|13\/100\n|-heal|p1b: Annihilape|47\/100 brn|[from] drain|[of] p2b: CHOP\n|\n|-heal|p1b: Annihilape|52\/100 brn|[from] item: Leftovers\n|-damage|p1b: Annihilape|47\/100 brn|[from] brn\n|upkeep\n|turn|13\n|\n|t:|1682416798\n|move|p2a: CHILENO|Tera Blast|p1b: Annihilape\n|-damage|p1b: Annihilape|37\/100 brn\n|move|p2b: CHOP|Flare Blitz|p1b: Annihilape\n|-damage|p1b: Annihilape|29\/100 brn\n|-damage|p2b: CHOP|10\/100|[from] Recoil\n|move|p1b: Annihilape|Rage Fist|p2a: CHILENO\n|-damage|p2a: CHILENO|0 fnt\n|-damage|p1b: Annihilape|16\/100 brn|[from] ability: Rough Skin|[of] p2a: CHILENO\n|-damage|p1b: Annihilape|0 fnt|[from] item: Rocky Helmet|[of] p2a: CHILENO\n|faint|p2a: CHILENO\n|faint|p1b: Annihilape\n|\n|win|xAlber93\n|raw|sonniko's rating: 1172 → 1148<\/strong> (-24 for losing)\n|raw|xAlber93's rating: 1186 → 1210<\/strong> (+24 for winning)\n|l| Alolaninetales92\n|l|\u2606sonniko\n","uploadtime":1682417112,"views":8,"p1id":"sonniko","p2id":"xalber93","formatid":"gen9vgc2023regulationc","rating":1148,"private":0,"password":""}