{"id":"gen9vgc2023regulationc-1845997401","p1":"21cm","p2":"FurretSucksVGC","format":"[Gen 9] VGC 2023 Regulation C","log":"|j|\u260621cm\n|j|\u2606FurretSucksVGC\n|t:|1681789042\n|gametype|doubles\n|player|p1|21cm|170|1454\n|player|p2|FurretSucksVGC|hilbert|1456\n|teamsize|p1|6\n|teamsize|p2|6\n|gen|9\n|tier|[Gen 9] VGC 2023 Regulation C\n|rated|\n|rule|Species Clause: Limit one of each Pok\u00e9mon\n|rule|Item Clause: Limit one of each item\n|clearpoke\n|poke|p1|Dachsbun, L50, M|\n|poke|p1|Chi-Yu, L50|\n|poke|p1|Torkoal, L50, F|\n|poke|p1|Oranguru, L50, F|\n|poke|p1|Amoonguss, L50, F|\n|poke|p1|Iron Hands, L50|\n|poke|p2|Scizor, L50, F|\n|poke|p2|Glimmora, L50, M|\n|poke|p2|Annihilape, L50, M|\n|poke|p2|Tyranitar, L50, F|\n|poke|p2|Gastrodon, L50, F|\n|poke|p2|Maushold, L50|\n|teampreview|4\n|inactive|Battle timer is ON: inactive players will automatically lose when time's up. (requested by 21cm)\n|inactive|FurretSucksVGC has 60 seconds left.\nFurretSucksVGC has agreed to open team sheets.\n21cm rejected open team sheets.\n|inactive|FurretSucksVGC has 30 seconds left.\n|inactive|FurretSucksVGC has 20 seconds left.\n|inactive|FurretSucksVGC has 15 seconds left.\n|inactive|FurretSucksVGC has 10 seconds left.\n|\n|t:|1681789124\n|start\n|switch|p1a: Dachsbun|Dachsbun, L50, M|100\/100\n|switch|p1b: Chi-Yu|Chi-Yu, L50|100\/100\n|switch|p2a: Glimmora|Glimmora, L50, M|100\/100\n|switch|p2b: Tyranitar|Tyranitar, L50, F|100\/100\n|-ability|p1b: Chi-Yu|Beads of Ruin\n|-weather|Sandstorm|[from] ability: Sand Stream|[of] p2b: Tyranitar\n|turn|1\n|inactive|21cm has 30 seconds left.\n|inactive|FurretSucksVGC has 30 seconds left.\n|\n|t:|1681789151\n|-terastallize|p1a: Dachsbun|Steel\n|move|p1b: Chi-Yu|Lava Plume|p2a: Glimmora|[spread] p2a,p2b\n|-ability|p1a: Dachsbun|Well-Baked Body|boost\n|-boost|p1a: Dachsbun|def|2\n|-resisted|p2a: Glimmora\n|-resisted|p2b: Tyranitar\n|-crit|p2b: Tyranitar\n|-damage|p2a: Glimmora|82\/100\n|-damage|p2b: Tyranitar|89\/100\n|-status|p2a: Glimmora|brn\n|move|p2a: Glimmora|Power Gem|p1b: Chi-Yu\n|-supereffective|p1b: Chi-Yu\n|-damage|p1b: Chi-Yu|0 fnt\n|faint|p1b: Chi-Yu\n|-damage|p2a: Glimmora|72\/100 brn|[from] item: Life Orb\n|move|p1a: Dachsbun|Body Press|p2a: Glimmora\n|-damage|p2a: Glimmora|8\/100 brn\n|-activate|p2a: Glimmora|ability: Toxic Debris\n|-sidestart|p1: 21cm|move: Toxic Spikes\n|move|p2b: Tyranitar|Rock Slide|p1a: Dachsbun\n|-resisted|p1a: Dachsbun\n|-damage|p1a: Dachsbun|92\/100\n|\n|-weather|Sandstorm|[upkeep]\n|-heal|p1a: Dachsbun|98\/100|[from] item: Leftovers\n|-damage|p2a: Glimmora|2\/100 brn|[from] brn\n|upkeep\n|inactive|21cm has 30 seconds left.\n|\n|t:|1681789177\n|switch|p1b: Amoonguss|Amoonguss, L50, F|100\/100\n|-sideend|p1: 21cm|move: Toxic Spikes|[of] p1b: Amoonguss\n|turn|2\n|inactive|FurretSucksVGC has 30 seconds left.\n|\n|t:|1681789204\n|-terastallize|p2b: Tyranitar|Flying\n|move|p1a: Dachsbun|Protect|p1a: Dachsbun\n|-singleturn|p1a: Dachsbun|Protect\n|move|p1b: Amoonguss|Protect|p1b: Amoonguss\n|-singleturn|p1b: Amoonguss|Protect\n|move|p2a: Glimmora|Sludge Bomb|p1b: Amoonguss\n|-activate|p1b: Amoonguss|move: Protect\n|move|p2b: Tyranitar|Crunch|p1b: Amoonguss\n|-activate|p1b: Amoonguss|move: Protect\n|\n|-weather|Sandstorm|[upkeep]\n|-damage|p2b: Tyranitar|83\/100|[from] Sandstorm\n|-damage|p1b: Amoonguss|95\/100|[from] Sandstorm\n|-heal|p1a: Dachsbun|100\/100|[from] item: Leftovers\n|-damage|p2a: Glimmora|0 fnt|[from] brn\n|faint|p2a: Glimmora\n|upkeep\n|inactive|FurretSucksVGC has 30 seconds left.\n|\n|t:|1681789233\n|switch|p2a: Maushold|Maushold, L50|100\/100\n|turn|3\n|j| haoran zhou\n|\n|t:|1681789246\n|switch|p1b: Maradona|Iron Hands, L50, shiny|100\/100\n|move|p2a: Maushold|Super Fang|p1b: Maradona\n|-damage|p1b: Maradona|51\/100\n|move|p1a: Dachsbun|Body Press|p2a: Maushold\n|-supereffective|p2a: Maushold\n|-damage|p2a: Maushold|0 fnt\n|faint|p2a: Maushold\n|move|p2b: Tyranitar|Crunch|p1b: Maradona\n|-resisted|p1b: Maradona\n|-damage|p1b: Maradona|36\/100\n|\n|-weather|Sandstorm|[upkeep]\n|-damage|p2b: Tyranitar|77\/100|[from] Sandstorm\n|-damage|p1b: Maradona|30\/100|[from] Sandstorm\n|upkeep\n|\n|t:|1681789259\n|switch|p2a: Gastrodon|Gastrodon, L50, F|100\/100\n|turn|4\n|inactive|FurretSucksVGC has 30 seconds left.\n|\n|t:|1681789285\n|move|p1a: Dachsbun|Body Press|p2b: Tyranitar\n|-resisted|p2b: Tyranitar\n|-damage|p2b: Tyranitar|58\/100\n|move|p2b: Tyranitar|Low Kick|p1a: Dachsbun\n|-supereffective|p1a: Dachsbun\n|-damage|p1a: Dachsbun|87\/100\n|move|p1b: Maradona|Wild Charge|p2b: Tyranitar\n|-supereffective|p2b: Tyranitar\n|-damage|p2b: Tyranitar|0 fnt\n|faint|p2b: Tyranitar\n|-damage|p1b: Maradona|18\/100|[from] Recoil\n|move|p2a: Gastrodon|Earth Power|p1b: Maradona\n|-supereffective|p1b: Maradona\n|-damage|p1b: Maradona|0 fnt\n|faint|p1b: Maradona\n|-end|p1b: Maradona|Quark Drive|[silent]\n|\n|-weather|Sandstorm|[upkeep]\n|-heal|p1a: Dachsbun|93\/100|[from] item: Leftovers\n|upkeep\n|inactive|21cm has 30 seconds left.\n|inactive|21cm has 20 seconds left.\n|inactive|21cm has 15 seconds left.\n|inactive|21cm has 10 seconds left.\n|inactive|21cm has 5 seconds left.\n|\n|t:|1681789340\n|switch|p1b: Amoonguss|Amoonguss, L50, F|100\/100\n|turn|5\n|inactive|21cm has 30 seconds left.\n|inactive|21cm has 20 seconds left.\n|inactive|21cm has 15 seconds left.\n|inactive|21cm has 10 seconds left.\n|inactive|21cm has 5 seconds left.\n|\n|t:|1681789395\n|move|p1a: Dachsbun|Protect|p1a: Dachsbun\n|-singleturn|p1a: Dachsbun|Protect\n|move|p1b: Amoonguss|Protect|p1b: Amoonguss\n|-singleturn|p1b: Amoonguss|Protect\n|move|p2a: Gastrodon|Muddy Water|p1b: Amoonguss|[spread] \n|-activate|p1a: Dachsbun|move: Protect\n|-activate|p1b: Amoonguss|move: Protect\n|\n|-weather|none\n|-heal|p1a: Dachsbun|99\/100|[from] item: Leftovers\n|upkeep\n|turn|6\n|inactive|21cm has 30 seconds left.\n|\n|t:|1681789430\n|move|p1a: Dachsbun|Body Press|p2a: Gastrodon\n|-damage|p2a: Gastrodon|55\/100\n|move|p2a: Gastrodon|Muddy Water|p1b: Amoonguss|[spread] p1a,p1b\n|-resisted|p1b: Amoonguss\n|-damage|p1a: Dachsbun|75\/100\n|-damage|p1b: Amoonguss|91\/100\n|move|p1b: Amoonguss|Spore|p2a: Gastrodon\n|-status|p2a: Gastrodon|slp|[from] move: Spore\n|\n|-heal|p1a: Dachsbun|81\/100|[from] item: Leftovers\n|upkeep\n|turn|7\n|\n|t:|1681789440\n|cant|p2a: Gastrodon|slp\n|move|p1a: Dachsbun|Body Press|p2a: Gastrodon\n|-damage|p2a: Gastrodon|13\/100 slp\n|-enditem|p2a: Gastrodon|Sitrus Berry|[eat]\n|-heal|p2a: Gastrodon|38\/100 slp|[from] item: Sitrus Berry\n|move|p1b: Amoonguss|Pollen Puff|p2a: Gastrodon\n|-damage|p2a: Gastrodon|23\/100 slp\n|\n|-heal|p1a: Dachsbun|88\/100|[from] item: Leftovers\n|upkeep\n|turn|8\n|\n|t:|1681789454\n|move|p1a: Dachsbun|Body Press|p2a: Gastrodon\n|-damage|p2a: Gastrodon|0 fnt\n|faint|p2a: Gastrodon\n|\n|win|21cm\n|raw|21cm's rating: 1454 → 1474<\/strong> (+20 for winning)\n|raw|FurretSucksVGC's rating: 1456 → 1436<\/strong> (-20 for losing)\n|c|\u2606FurretSucksVGC|gg\n","uploadtime":1681789462,"views":4,"p1id":"21cm","p2id":"furretsucksvgc","formatid":"gen9vgc2023regulationc","rating":1436,"private":0,"password":""}