{"id":"gen9vgc2023regulationc-1848314712","p1":"lingshiyuyi","p2":"marinkitagawa3","format":"[Gen 9] VGC 2023 Regulation C","log":"|j|\u2606lingshiyuyi\n|j|\u2606marinkitagawa3\n|t:|1682058930\n|gametype|doubles\n|player|p1|lingshiyuyi|rosa|1390\n|player|p2|marinkitagawa3|beauty-gen4dp|1470\n|teamsize|p1|6\n|teamsize|p2|6\n|gen|9\n|tier|[Gen 9] VGC 2023 Regulation C\n|rated|\n|rule|Species Clause: Limit one of each Pok\u00e9mon\n|rule|Item Clause: Limit one of each item\n|clearpoke\n|poke|p1|Arcanine, L50, F|\n|poke|p1|Palafin, L50, F|\n|poke|p1|Baxcalibur, L50, F|\n|poke|p1|Flutter Mane, L50|\n|poke|p1|Amoonguss, L50, F|\n|poke|p1|Ting-Lu, L50|\n|poke|p2|Dondozo, L50, M|\n|poke|p2|Tatsugiri, L50, M|\n|poke|p2|Corviknight, L50, M|\n|poke|p2|Ting-Lu, L50|\n|poke|p2|Glimmora, L50, M|\n|poke|p2|Flutter Mane, L50|\n|teampreview|4\n|\n|t:|1682059010\n|start\n|switch|p1a: Palafin|Palafin, L50, F|100\/100\n|switch|p1b: Ting-Lu|Ting-Lu, L50|100\/100\n|switch|p2a: Glimmora|Glimmora, L50, M|100\/100\n|switch|p2b: Ting-Lu|Ting-Lu, L50|100\/100\n|-ability|p1b: Ting-Lu|Vessel of Ruin\n|-ability|p2b: Ting-Lu|Vessel of Ruin\n|turn|1\n|inactive|Battle timer is ON: inactive players will automatically lose when time's up. (requested by lingshiyuyi)\n|\n|t:|1682059028\n|-terastallize|p2a: Glimmora|Grass\n|move|p1a: Palafin|Protect|p1a: Palafin\n|-singleturn|p1a: Palafin|Protect\n|move|p2a: Glimmora|Mortal Spin|p1b: Ting-Lu|[spread] p1b\n|-activate|p1a: Palafin|move: Protect\n|-resisted|p1b: Ting-Lu\n|-damage|p1b: Ting-Lu|99\/100\n|-status|p1b: Ting-Lu|psn\n|move|p1b: Ting-Lu|Fissure|p2b: Ting-Lu\n|-damage|p2b: Ting-Lu|0 fnt\n|faint|p2b: Ting-Lu\n|-ohko\n|\n|-damage|p1b: Ting-Lu|87\/100 psn|[from] psn\n|upkeep\n|\n|t:|1682059043\n|switch|p2b: Corviknight|Corviknight, L50, M, shiny|100\/100\n|turn|2\n|\n|t:|1682059065\n|detailschange|p1a: Palafin|Palafin-Hero, L50, F\n|switch|p1a: Amoonguss|Amoonguss, L50, F|100\/100\n|move|p2a: Glimmora|Venoshock|p1b: Ting-Lu\n|-resisted|p1b: Ting-Lu\n|-damage|p1b: Ting-Lu|74\/100 psn\n|move|p2b: Corviknight|Tailwind|p2b: Corviknight\n|-sidestart|p2: marinkitagawa3|move: Tailwind\n|move|p1b: Ting-Lu|Ruination|p2a: Glimmora\n|-damage|p2a: Glimmora|50\/100\n|\n|-damage|p1b: Ting-Lu|62\/100 psn|[from] psn\n|upkeep\n|turn|3\n|inactive|lingshiyuyi has 30 seconds left.\n|inactive|marinkitagawa3 has 30 seconds left.\n|\n|t:|1682059096\n|move|p1a: Amoonguss|Protect|p1a: Amoonguss\n|-singleturn|p1a: Amoonguss|Protect\n|move|p2a: Glimmora|Power Gem|p1a: Amoonguss\n|-activate|p1a: Amoonguss|move: Protect\n|move|p2b: Corviknight|Body Press|p1b: Ting-Lu\n|-supereffective|p1b: Ting-Lu\n|-damage|p1b: Ting-Lu|32\/100 psn\n|move|p1b: Ting-Lu|Fissure|p2a: Glimmora|[miss]\n|-miss|p1b: Ting-Lu|p2a: Glimmora\n|\n|-damage|p1b: Ting-Lu|20\/100 psn|[from] psn\n|upkeep\n|turn|4\n|\n|t:|1682059120\n|-terastallize|p1a: Amoonguss|Water\n|move|p2a: Glimmora|Venoshock|p1b: Ting-Lu\n|-resisted|p1b: Ting-Lu\n|-damage|p1b: Ting-Lu|8\/100 psn\n|move|p2b: Corviknight|Brave Bird|p1a: Amoonguss\n|-damage|p1a: Amoonguss|71\/100\n|-damage|p2b: Corviknight|90\/100|[from] Recoil\n|move|p1b: Ting-Lu|Ruination|p2a: Glimmora|[miss]\n|-miss|p1b: Ting-Lu|p2a: Glimmora\n|move|p1a: Amoonguss|Spore|p2b: Corviknight\n|-activate|p2b: Corviknight|item: Safety Goggles|Spore\n|\n|-damage|p1b: Ting-Lu|0 fnt|[from] psn\n|faint|p1b: Ting-Lu\n|upkeep\n|\n|t:|1682059133\n|switch|p1b: Flutter Mane|Flutter Mane, L50|100\/100\n|turn|5\n|\n|t:|1682059152\n|move|p1a: Amoonguss|Rage Powder|p1a: Amoonguss\n|-singleturn|p1a: Amoonguss|move: Rage Powder\n|move|p2a: Glimmora|Mortal Spin|p1b: Flutter Mane|[spread] p1a,p1b\n|-damage|p1a: Amoonguss|68\/100\n|-damage|p1b: Flutter Mane|92\/100\n|-status|p1a: Amoonguss|psn\n|-status|p1b: Flutter Mane|psn\n|move|p1b: Flutter Mane|Thunderbolt|p2b: Corviknight\n|-supereffective|p2b: Corviknight\n|-damage|p2b: Corviknight|21\/100\n|-status|p2b: Corviknight|par\n|move|p2b: Corviknight|Brave Bird|p1b: Flutter Mane\n|-damage|p1b: Flutter Mane|22\/100 psn\n|-damage|p2b: Corviknight|5\/100 par|[from] Recoil\n|\n|-damage|p1b: Flutter Mane|10\/100 psn|[from] psn\n|-damage|p1a: Amoonguss|56\/100 psn|[from] psn\n|-sideend|p2: marinkitagawa3|move: Tailwind\n|upkeep\n|turn|6\n|inactive|lingshiyuyi has 30 seconds left.\n|inactive|lingshiyuyi has 20 seconds left.\n|\n|t:|1682059188\n|move|p1b: Flutter Mane|Thunderbolt|p2a: Glimmora\n|-resisted|p2a: Glimmora\n|-damage|p2a: Glimmora|34\/100\n|move|p2a: Glimmora|Venoshock|p1a: Amoonguss\n|-damage|p1a: Amoonguss|0 fnt\n|faint|p1a: Amoonguss\n|move|p2b: Corviknight|Roost|p2b: Corviknight\n|-heal|p2b: Corviknight|55\/100 par\n|-singleturn|p2b: Corviknight|move: Roost\n|\n|-damage|p1b: Flutter Mane|0 fnt|[from] psn\n|faint|p1b: Flutter Mane\n|-end|p1b: Flutter Mane|Protosynthesis|[silent]\n|upkeep\n|\n|t:|1682059197\n|switch|p1b: Palafin|Palafin-Hero, L50, F|100\/100\n|-activate|p1b: Palafin|ability: Zero to Hero\n|turn|7\n|-message|lingshiyuyi forfeited.\n|\n|win|marinkitagawa3\n|raw|lingshiyuyi's rating: 1390 → 1375<\/strong> (-15 for losing)\n|raw|marinkitagawa3's rating: 1470 → 1485<\/strong> (+15 for winning)\n|l|\u2606lingshiyuyi\n","uploadtime":1682059208,"views":10,"p1id":"lingshiyuyi","p2id":"marinkitagawa3","formatid":"gen9vgc2023regulationc","rating":1375,"private":0,"password":""}