{"id":"gen9vgc2023regulationc-1860394081","p1":"Bloodycheese","p2":"bozersquad1","format":"[Gen 9] VGC 2023 Regulation C","log":"|j|\u2606Bloodycheese\n|j|\u2606bozersquad1\n|t:|1683640303\n|gametype|doubles\n|player|p1|Bloodycheese|101|1110\n|player|p2|bozersquad1|101|1092\n|teamsize|p1|6\n|teamsize|p2|6\n|gen|9\n|tier|[Gen 9] VGC 2023 Regulation C\n|rated|\n|rule|Species Clause: Limit one of each Pok\u00e9mon\n|rule|Item Clause: Limit one of each item\n|clearpoke\n|poke|p1|Dragonite, L50, F|\n|poke|p1|Gengar, L50, M|\n|poke|p1|Muk, L50, M|\n|poke|p1|Rotom-Heat, L50|\n|poke|p1|Goodra, L50, F|\n|poke|p1|Great Tusk, L50|\n|poke|p2|Salamence, L50, F|\n|poke|p2|Chien-Pao, L50|\n|poke|p2|Scizor, L50, M|\n|poke|p2|Ceruledge, L50, F|\n|poke|p2|Maushold, L50|\n|poke|p2|Ting-Lu, L50|\n|teampreview|4\nbozersquad1 has agreed to open team sheets.\n|\n|t:|1683640378\n|start\n|switch|p1a: Gengar|Gengar, L50, M|100\/100\n|switch|p1b: Muk|Muk, L50, M|100\/100\n|switch|p2a: Salamence|Salamence, L50, F|100\/100\n|switch|p2b: Scizor|Scizor, L50, M|100\/100\n|-ability|p2a: Salamence|Intimidate|boost\n|-unboost|p1a: Gengar|atk|1\n|-unboost|p1b: Muk|atk|1\n|turn|1\n|\n|t:|1683640418\n|switch|p2b: Ceruledge|Ceruledge, L50, F|100\/100\n|move|p1a: Gengar|Dazzling Gleam|p2b: Ceruledge|[spread] p2a,p2b\n|-supereffective|p2a: Salamence\n|-resisted|p2b: Ceruledge\n|-damage|p2a: Salamence|46\/100\n|-damage|p2b: Ceruledge|91\/100\n|-enditem|p2a: Salamence|Sitrus Berry|[eat]\n|-heal|p2a: Salamence|71\/100|[from] item: Sitrus Berry\n|move|p2a: Salamence|Tailwind|p2a: Salamence\n|-sidestart|p2: bozersquad1|move: Tailwind\n|move|p1b: Muk|Minimize|p1b: Muk\n|-boost|p1b: Muk|evasion|2\n|\n|upkeep\n|turn|2\n|\n|t:|1683640442\n|move|p1a: Gengar|Protect|p1a: Gengar\n|-singleturn|p1a: Gengar|Protect\n|move|p2b: Ceruledge|Shadow Sneak|p1a: Gengar\n|-activate|p1a: Gengar|move: Protect\n|move|p2a: Salamence|Dual Wingbeat|p1b: Muk|[miss]\n|-miss|p2a: Salamence|p1b: Muk\n|move|p1b: Muk|Minimize|p1b: Muk\n|-boost|p1b: Muk|evasion|2\n|\n|upkeep\n|turn|3\n|\n|t:|1683640472\n|switch|p1a: Rotom|Rotom-Heat, L50|100\/100\n|move|p2b: Ceruledge|Shadow Sneak|p1a: Rotom\n|-damage|p1a: Rotom|79\/100\n|move|p2a: Salamence|Dual Wingbeat|p1b: Muk\n|-damage|p1b: Muk|83\/100\n|-damage|p1b: Muk|65\/100\n|-hitcount|p1b: Muk|2\n|move|p1b: Muk|Toxic|p2a: Salamence\n|-status|p2a: Salamence|tox\n|\n|-heal|p1b: Muk|71\/100|[from] item: Black Sludge\n|-damage|p2a: Salamence|65\/100 tox|[from] psn\n|upkeep\n|turn|4\n|\n|t:|1683640503\n|move|p1b: Muk|Protect|p1b: Muk\n|-singleturn|p1b: Muk|Protect\n|move|p2a: Salamence|Rock Slide|p1b: Muk|[spread] p1a\n|-activate|p1b: Muk|move: Protect\n|-supereffective|p1a: Rotom\n|-damage|p1a: Rotom|36\/100\n|move|p2b: Ceruledge|Bitter Blade|p1b: Muk\n|-activate|p1b: Muk|move: Protect\n|cant|p1a: Rotom|flinch\n|\n|-heal|p1b: Muk|77\/100|[from] item: Black Sludge\n|-damage|p2a: Salamence|53\/100 tox|[from] psn\n|-sideend|p2: bozersquad1|move: Tailwind\n|upkeep\n|turn|5\n|\n|t:|1683640527\n|switch|p1a: Great Tusk|Great Tusk, L50|100\/100\n|move|p2a: Salamence|Rock Slide|p1b: Muk|[spread] p1a\n|-miss|p2a: Salamence|p1b: Muk\n|-resisted|p1a: Great Tusk\n|-damage|p1a: Great Tusk|97\/100\n|move|p2b: Ceruledge|Bitter Blade|p1b: Muk|[miss]\n|-miss|p2b: Ceruledge|p1b: Muk\n|move|p1b: Muk|Toxic|p2b: Ceruledge\n|-status|p2b: Ceruledge|tox\n|\n|-heal|p1b: Muk|83\/100|[from] item: Black Sludge\n|-damage|p2a: Salamence|36\/100 tox|[from] psn\n|-damage|p2b: Ceruledge|85\/100 tox|[from] psn\n|upkeep\n|turn|6\n|\n|t:|1683640564\n|-end|p1a: Great Tusk|Protosynthesis|[silent]\n|switch|p1a: Rotom|Rotom-Heat, L50|36\/100\n|move|p2a: Salamence|Dual Wingbeat|p1a: Rotom\n|-resisted|p1a: Rotom\n|-damage|p1a: Rotom|24\/100\n|-enditem|p1a: Rotom|Aguav Berry|[eat]\n|-heal|p1a: Rotom|57\/100|[from] item: Aguav Berry\n|-resisted|p1a: Rotom\n|-damage|p1a: Rotom|47\/100\n|-hitcount|p1a: Rotom|2\n|move|p2b: Ceruledge|Bitter Blade|p1b: Muk|[miss]\n|-miss|p2b: Ceruledge|p1b: Muk\n|move|p1b: Muk|Drain Punch|p2a: Salamence\n|-resisted|p2a: Salamence\n|-damage|p2a: Salamence|27\/100 tox\n|-heal|p1b: Muk|86\/100|[from] drain|[of] p2a: Salamence\n|\n|-heal|p1b: Muk|92\/100|[from] item: Black Sludge\n|-damage|p2a: Salamence|3\/100 tox|[from] psn\n|-damage|p2b: Ceruledge|73\/100 tox|[from] psn\n|upkeep\n|turn|7\n|\n|t:|1683640596\n|switch|p2a: Chien-Pao|Chien-Pao, L50|100\/100\n|-ability|p2a: Chien-Pao|Sword of Ruin\n|move|p1a: Rotom|Protect|p1a: Rotom\n|-singleturn|p1a: Rotom|Protect\n|move|p2b: Ceruledge|Bitter Blade|p1b: Muk|[miss]\n|-miss|p2b: Ceruledge|p1b: Muk\n|move|p1b: Muk|Minimize|p1b: Muk\n|-boost|p1b: Muk|evasion|2\n|\n|-heal|p1b: Muk|98\/100|[from] item: Black Sludge\n|-damage|p2b: Ceruledge|55\/100 tox|[from] psn\n|upkeep\n|turn|8\n|\n|t:|1683640618\n|move|p1b: Muk|Protect|p1b: Muk\n|-singleturn|p1b: Muk|Protect\n|move|p2a: Chien-Pao|Ice Spinner|p1b: Muk\n|-activate|p1b: Muk|move: Protect\n|move|p1a: Rotom|Discharge|p2b: Ceruledge|[spread] p2a,p2b\n|-activate|p1b: Muk|move: Protect\n|-damage|p2a: Chien-Pao|59\/100\n|-damage|p2b: Ceruledge|33\/100 tox\n|move|p2b: Ceruledge|Bitter Blade|p1b: Muk\n|-activate|p1b: Muk|move: Protect\n|\n|-heal|p1b: Muk|100\/100|[from] item: Black Sludge\n|-damage|p2b: Ceruledge|8\/100 tox|[from] psn\n|upkeep\n|turn|9\n|-message|bozersquad1 forfeited.\n|\n|win|Bloodycheese\n|raw|Bloodycheese's rating: 1110 → 1134<\/strong> (+24 for winning)\n|raw|bozersquad1's rating: 1092 → 1069<\/strong> (-23 for losing)\n|l|\u2606bozersquad1\n","uploadtime":1683640641,"views":11,"p1id":"bloodycheese","p2id":"bozersquad1","formatid":"gen9vgc2023regulationc","rating":1069,"private":0,"password":""}