{"id":"gen9vgc2023regulationc-1846942315","p1":"Alaskan_fisher","p2":"Bakekp","format":"[Gen 9] VGC 2023 Regulation C","log":"|j|\u2606Alaskan_fisher\n|j|\u2606Bakekp\n|t:|1681904120\n|gametype|doubles\n|player|p1|Alaskan_fisher|fisherman-gen4|1166\n|player|p2|Bakekp|chuck|1086\n|teamsize|p1|6\n|teamsize|p2|6\n|gen|9\n|tier|[Gen 9] VGC 2023 Regulation C\n|rated|\n|rule|Species Clause: Limit one of each Pok\u00e9mon\n|rule|Item Clause: Limit one of each item\n|clearpoke\n|poke|p1|Maushold-Four, L50|\n|poke|p1|Annihilape, L50, F|\n|poke|p1|Palafin, L50, F|\n|poke|p1|Ting-Lu, L50|\n|poke|p1|Flutter Mane, L50|\n|poke|p1|Arcanine, L50, F|\n|poke|p2|Arcanine, L50, F|\n|poke|p2|Iron Hands, L50|\n|poke|p2|Chien-Pao, L50|\n|poke|p2|Amoonguss, L50, F|\n|poke|p2|Gholdengo, L50|\n|poke|p2|Rotom-Wash, L50|\n|teampreview|4\nAlaskan_fisher has agreed to open team sheets.\n|\n|t:|1681904191\n|start\n|switch|p1a: Maushold|Maushold-Four, L50|100\/100\n|switch|p1b: Flutter Mane|Flutter Mane, L50|100\/100\n|switch|p2a: Iron Hands|Iron Hands, L50|100\/100\n|switch|p2b: Chien-Pao|Chien-Pao, L50|100\/100\n|-ability|p2b: Chien-Pao|Sword of Ruin\n|turn|1\n|\n|t:|1681904217\n|-end|p1b: Flutter Mane|Protosynthesis|[silent]\n|switch|p1b: Arcanine|Arcanine, L50, F|100\/100\n|-ability|p1b: Arcanine|Intimidate|boost\n|-unboost|p2a: Iron Hands|atk|1\n|-unboost|p2b: Chien-Pao|atk|1\n|move|p2a: Iron Hands|Fake Out|p1a: Maushold\n|-damage|p1a: Maushold|81\/100\n|move|p2b: Chien-Pao|Icy Wind|p1b: Arcanine|[spread] p1a,p1b\n|-resisted|p1b: Arcanine\n|-damage|p1a: Maushold|66\/100\n|-damage|p1b: Arcanine|95\/100\n|-unboost|p1a: Maushold|spe|1\n|-unboost|p1b: Arcanine|spe|1\n|cant|p1a: Maushold|flinch\n|\n|upkeep\n|turn|2\n|\n|t:|1681904239\n|switch|p2b: Rotom|Rotom-Wash, L50|100\/100\n|move|p1a: Maushold|Helping Hand|p1b: Arcanine\n|-singleturn|p1b: Arcanine|Helping Hand|[of] p1a: Maushold\n|move|p1b: Arcanine|Flare Blitz|p2a: Iron Hands\n|-damage|p2a: Iron Hands|10\/100\n|-damage|p1b: Arcanine|56\/100|[from] Recoil\n|move|p2a: Iron Hands|Volt Switch|p1a: Maushold\n|-damage|p1a: Maushold|50\/100\n|\n|t:|1681904251\n|-end|p2a: Iron Hands|Quark Drive|[silent]\n|switch|p2a: Amoonguss|Amoonguss, L50, F|100\/100|[from] Volt Switch\n|\n|upkeep\n|turn|3\n|\n|t:|1681904272\n|switch|p1b: Annihilape|Annihilape, L50, F|100\/100\n|-terastallize|p2a: Amoonguss|Water\n|move|p1a: Maushold|Protect|p1a: Maushold\n|-singleturn|p1a: Maushold|Protect\n|move|p2b: Rotom|Hydro Pump|p1b: Annihilape\n|-damage|p1b: Annihilape|76\/100\n|move|p2a: Amoonguss|Spore|p1a: Maushold\n|-activate|p1a: Maushold|move: Protect\n|\n|-heal|p1b: Annihilape|83\/100|[from] item: Leftovers\n|upkeep\n|turn|4\n|\n|t:|1681904312\n|move|p1a: Maushold|Follow Me|p1a: Maushold\n|-singleturn|p1a: Maushold|move: Follow Me\n|move|p1b: Annihilape|Bulk Up|p1b: Annihilape\n|-boost|p1b: Annihilape|atk|1\n|-boost|p1b: Annihilape|def|1\n|move|p2b: Rotom|Thunderbolt|p1a: Maushold\n|-damage|p1a: Maushold|10\/100\n|move|p2a: Amoonguss|Spore|p1a: Maushold\n|-activate|p1a: Maushold|item: Safety Goggles|Spore\n|\n|-heal|p1b: Annihilape|89\/100|[from] item: Leftovers\n|upkeep\n|turn|5\n|\n|t:|1681904335\n|move|p1a: Maushold|Helping Hand|p1b: Annihilape\n|-singleturn|p1b: Annihilape|Helping Hand|[of] p1a: Maushold\n|move|p1b: Annihilape|Rage Fist|p2b: Rotom\n|-damage|p2b: Rotom|10\/100\n|-enditem|p2b: Rotom|Sitrus Berry|[eat]\n|-heal|p2b: Rotom|35\/100|[from] item: Sitrus Berry\n|move|p2b: Rotom|Thunderbolt|p1a: Maushold\n|-damage|p1a: Maushold|0 fnt\n|faint|p1a: Maushold\n|move|p2a: Amoonguss|Spore|p1b: Annihilape\n|-immune|p1b: Annihilape|[from] ability: Vital Spirit\n|\n|-heal|p1b: Annihilape|95\/100|[from] item: Leftovers\n|upkeep\n|\n|t:|1681904352\n|switch|p1a: Arcanine|Arcanine, L50, F|56\/100\n|-ability|p1a: Arcanine|Intimidate|boost\n|-unboost|p2a: Amoonguss|atk|1\n|-unboost|p2b: Rotom|atk|1\n|turn|6\n|\n|t:|1681904372\n|-terastallize|p1a: Arcanine|Normal\n|move|p1a: Arcanine|Extreme Speed|p2a: Amoonguss\n|-damage|p2a: Amoonguss|40\/100\n|move|p2a: Amoonguss|Rage Powder|p2a: Amoonguss\n|-singleturn|p2a: Amoonguss|move: Rage Powder\n|move|p1b: Annihilape|Drain Punch|p2a: Amoonguss\n|-damage|p2a: Amoonguss|0 fnt\n|-heal|p1b: Annihilape|100\/100|[from] drain|[of] p2a: Amoonguss\n|faint|p2a: Amoonguss\n|move|p2b: Rotom|Will-O-Wisp|p1b: Annihilape\n|-status|p1b: Annihilape|brn\n|\n|-damage|p1b: Annihilape|94\/100 brn|[from] brn\n|upkeep\n|\n|t:|1681904381\n|switch|p2a: Iron Hands|Iron Hands, L50|10\/100\n|turn|7\n|\n|t:|1681904390\n|switch|p1a: Flutter Mane|Flutter Mane, L50|100\/100\n|move|p2a: Iron Hands|Fake Out|p1a: Flutter Mane\n|-immune|p1a: Flutter Mane\n|move|p1b: Annihilape|Drain Punch|p2a: Iron Hands\n|-damage|p2a: Iron Hands|0 fnt\n|-heal|p1b: Annihilape|99\/100 brn|[from] drain|[of] p2a: Iron Hands\n|faint|p2a: Iron Hands\n|-end|p2a: Iron Hands|Quark Drive|[silent]\n|move|p2b: Rotom|Thunderbolt|p1b: Annihilape\n|-damage|p1b: Annihilape|76\/100 brn\n|\n|-heal|p1b: Annihilape|83\/100 brn|[from] item: Leftovers\n|-damage|p1b: Annihilape|76\/100 brn|[from] brn\n|upkeep\n|\n|t:|1681904394\n|switch|p2a: Chien-Pao|Chien-Pao, L50|100\/100\n|-ability|p2a: Chien-Pao|Sword of Ruin\n|turn|8\n|\n|t:|1681904422\n|move|p2a: Chien-Pao|Sucker Punch|p1a: Flutter Mane\n|-damage|p1a: Flutter Mane|11\/100\n|move|p1a: Flutter Mane|Dazzling Gleam|p2b: Rotom|[spread] p2a,p2b\n|-supereffective|p2a: Chien-Pao\n|-enditem|p2a: Chien-Pao|Focus Sash\n|-damage|p2a: Chien-Pao|1\/100\n|-damage|p2b: Rotom|4\/100\n|move|p1b: Annihilape|Rage Fist|p2b: Rotom\n|-damage|p2b: Rotom|0 fnt\n|faint|p2b: Rotom\n|\n|-heal|p1b: Annihilape|83\/100 brn|[from] item: Leftovers\n|-damage|p1b: Annihilape|76\/100 brn|[from] brn\n|upkeep\n|turn|9\n|inactive|Battle timer is ON: inactive players will automatically lose when time's up. (requested by Alaskan_fisher)\n|inactive|Bakekp has 60 seconds left.\n|\n|t:|1681904483\n|move|p2a: Chien-Pao|Sucker Punch|p1b: Annihilape\n|-damage|p1b: Annihilape|50\/100 brn\n|move|p1a: Flutter Mane|Dazzling Gleam|p2a: Chien-Pao\n|-supereffective|p2a: Chien-Pao\n|-damage|p2a: Chien-Pao|0 fnt\n|faint|p2a: Chien-Pao\n|\n|win|Alaskan_fisher\n|raw|Alaskan_fisher's rating: 1166 → 1185<\/strong> (+19 for winning)\n|raw|Bakekp's rating: 1086 → 1068<\/strong> (-18 for losing)\n|l|\u2606Bakekp\n","uploadtime":1681904514,"views":18,"p1id":"alaskanfisher","p2id":"bakekp","formatid":"gen9vgc2023regulationc","rating":1068,"private":0,"password":""}