{"id":"gen9vgc2023regulationc-1863459687","p1":"AndrwApple","p2":"LameLiarLeo","format":"[Gen 9] VGC 2023 Regulation C","log":"|j|\u2606AndrwApple\n|j|\u2606LameLiarLeo\n|t:|1684020149\n|gametype|doubles\n|player|p1|AndrwApple|mina|\n|player|p2|LameLiarLeo|clair|\n|teamsize|p1|6\n|teamsize|p2|6\n|gen|9\n|tier|[Gen 9] VGC 2023 Regulation C\n|rule|Species Clause: Limit one of each Pok\u00e9mon\n|rule|Item Clause: Limit one of each item\n|clearpoke\n|poke|p1|Baxcalibur, L50, F|\n|poke|p1|Iron Bundle, L50|\n|poke|p1|Flutter Mane, L50|\n|poke|p1|Annihilape, L50, F|\n|poke|p1|Arcanine, L50, M|\n|poke|p1|Abomasnow, L50, M|\n|poke|p2|Chien-Pao, L50|\n|poke|p2|Iron Valiant, L50|\n|poke|p2|Arcanine, L50, M|\n|poke|p2|Iron Hands, L50|\n|poke|p2|Iron Bundle, L50|\n|poke|p2|Chi-Yu, L50|\n|teampreview|4\n|inactive|Battle timer is ON: inactive players will automatically lose when time's up. (requested by LameLiarLeo)\nLameLiarLeo has agreed to open team sheets.\nAndrwApple has agreed to open team sheets.\n|c|\u2606AndrwApple|Hf\n|c|\u2606LameLiarLeo|You too!\n|inactive|LameLiarLeo has 60 seconds left.\n|\n|t:|1684020182\n|start\n|switch|p1a: Baxcalibur|Baxcalibur, L50, F|100\/100\n|switch|p1b: Abomasnow|Abomasnow, L50, M|100\/100\n|switch|p2a: Arcanine|Arcanine, L50, M|100\/100\n|switch|p2b: Iron Bundle|Iron Bundle, L50|100\/100\n|-ability|p2a: Arcanine|Intimidate|boost\n|-unboost|p1a: Baxcalibur|atk|1\n|-unboost|p1b: Abomasnow|atk|1\n|-weather|Snow|[from] ability: Snow Warning|[of] p1b: Abomasnow\n|-enditem|p2b: Iron Bundle|Booster Energy\n|-activate|p2b: Iron Bundle|ability: Quark Drive|[fromitem]\n|-start|p2b: Iron Bundle|quarkdrivespe\n|turn|1\n|inactive|AndrwApple has 30 seconds left.\n|inactive|AndrwApple has 20 seconds left.\n|inactive|AndrwApple has 15 seconds left.\n|\n|t:|1684020228\n|switch|p1a: Flutter Mane|Flutter Mane, L50|100\/100\n|-enditem|p1a: Flutter Mane|Booster Energy\n|-activate|p1a: Flutter Mane|ability: Protosynthesis|[fromitem]\n|-start|p1a: Flutter Mane|protosynthesisspa\n|-terastallize|p1b: Abomasnow|Water\n|move|p2b: Iron Bundle|Freeze-Dry|p1b: Abomasnow\n|-supereffective|p1b: Abomasnow\n|-damage|p1b: Abomasnow|21\/100\n|-status|p1b: Abomasnow|frz\n|move|p2a: Arcanine|Flare Blitz|p1b: Abomasnow\n|-resisted|p1b: Abomasnow\n|-damage|p1b: Abomasnow|0 fnt\n|faint|p1b: Abomasnow\n|-damage|p2a: Arcanine|94\/100|[from] Recoil\n|\n|-weather|Snow|[upkeep]\n|upkeep\n|\n|t:|1684020235\n|switch|p1b: Iron Bundle|Iron Bundle, L50|100\/100\n|turn|2\n|\n|t:|1684020262\n|move|p2b: Iron Bundle|Icy Wind|p1b: Iron Bundle|[spread] p1a,p1b\n|-resisted|p1b: Iron Bundle\n|-crit|p1b: Iron Bundle\n|-damage|p1a: Flutter Mane|79\/100\n|-damage|p1b: Iron Bundle|83\/100\n|-unboost|p1a: Flutter Mane|spe|1\n|-unboost|p1b: Iron Bundle|spe|1\n|move|p2a: Arcanine|Flare Blitz|p1b: Iron Bundle\n|-damage|p1b: Iron Bundle|39\/100\n|-damage|p2a: Arcanine|83\/100|[from] Recoil\n|move|p1b: Iron Bundle|Freeze-Dry|p2a: Arcanine\n|-resisted|p2a: Arcanine\n|-damage|p2a: Arcanine|53\/100\n|move|p1a: Flutter Mane|Shadow Ball|p2a: Arcanine\n|-damage|p2a: Arcanine|0 fnt\n|faint|p2a: Arcanine\n|\n|-weather|Snow|[upkeep]\n|upkeep\n|c|\u2606AndrwApple|Missclick\n|c|\u2606AndrwApple|Oof\n|\n|t:|1684020284\n|switch|p2a: Chien-Pao|Chien-Pao, L50|100\/100\n|-ability|p2a: Chien-Pao|Sword of Ruin\n|turn|3\n|c|\u2606LameLiarLeo|ouch\n|\n|t:|1684020296\n|move|p2b: Iron Bundle|Freeze-Dry|p1b: Iron Bundle\n|-damage|p1b: Iron Bundle|0 fnt\n|faint|p1b: Iron Bundle\n|-end|p1b: Iron Bundle|Quark Drive|[silent]\n|move|p2a: Chien-Pao|Ice Spinner|p1a: Flutter Mane\n|-damage|p1a: Flutter Mane|7\/100\n|move|p1a: Flutter Mane|Moonblast|p2a: Chien-Pao\n|-supereffective|p2a: Chien-Pao\n|-enditem|p2a: Chien-Pao|Focus Sash\n|-damage|p2a: Chien-Pao|1\/100\n|\n|-weather|Snow|[upkeep]\n|upkeep\n|\n|t:|1684020300\n|switch|p1b: Baxcalibur|Baxcalibur, L50, F|100\/100\n|turn|4\n|\n|t:|1684020311\n|move|p2a: Chien-Pao|Protect|p2a: Chien-Pao\n|-singleturn|p2a: Chien-Pao|Protect\n|move|p1a: Flutter Mane|Protect|p1a: Flutter Mane\n|-singleturn|p1a: Flutter Mane|Protect\n|move|p2b: Iron Bundle|Icy Wind|p1a: Flutter Mane|[spread] p1b\n|-activate|p1a: Flutter Mane|move: Protect\n|-damage|p1b: Baxcalibur|87\/100\n|-unboost|p1b: Baxcalibur|spe|1\n|move|p1b: Baxcalibur|Glaive Rush|p2b: Iron Bundle\n|-damage|p2b: Iron Bundle|24\/100\n|-singlemove|p1b: Baxcalibur|Glaive Rush|[silent]\n|\n|-weather|Snow|[upkeep]\n|upkeep\n|turn|5\n|\n|t:|1684020333\n|move|p1a: Flutter Mane|Protect||[still]\n|-fail|p1a: Flutter Mane\n|move|p2a: Chien-Pao|Sucker Punch|p1b: Baxcalibur\n|-damage|p1b: Baxcalibur|37\/100\n|move|p1b: Baxcalibur|Ice Shard|p2a: Chien-Pao\n|-resisted|p2a: Chien-Pao\n|-damage|p2a: Chien-Pao|0 fnt\n|faint|p2a: Chien-Pao\n|move|p2b: Iron Bundle|Icy Wind|p1b: Baxcalibur|[spread] p1a,p1b\n|-damage|p1a: Flutter Mane|0 fnt\n|-damage|p1b: Baxcalibur|23\/100\n|-unboost|p1b: Baxcalibur|spe|1\n|faint|p1a: Flutter Mane\n|-end|p1a: Flutter Mane|Protosynthesis|[silent]\n|\n|-weather|none\n|upkeep\n|c|\u2606AndrwApple|Gg\n|-message|AndrwApple forfeited.\n|\n|win|LameLiarLeo\n|l|\u2606AndrwApple\n|c|\u2606LameLiarLeo|Gg\n","uploadtime":1684022279,"views":12,"p1id":"andrwapple","p2id":"lameliarleo","formatid":"gen9vgc2023regulationc","rating":0,"private":0,"password":""}