{"id":"gen9vgc2023regulationc-1854592509","p1":"HeelLicks","p2":"deazy fool","format":"[Gen 9] VGC 2023 Regulation C","log":"|j|\u2606HeelLicks\n|j|\u2606deazy fool\n|t:|1682832285\n|gametype|doubles\n|player|p1|HeelLicks|pokemonranger|1073\n|player|p2|deazy fool|roxie|1033\n|teamsize|p1|6\n|teamsize|p2|6\n|gen|9\n|tier|[Gen 9] VGC 2023 Regulation C\n|rated|\n|rule|Species Clause: Limit one of each Pok\u00e9mon\n|rule|Item Clause: Limit one of each item\n|clearpoke\n|poke|p1|Flutter Mane, L50|\n|poke|p1|Amoonguss, L50, F|\n|poke|p1|Arcanine, L50, M|\n|poke|p1|Palafin, L50, F|\n|poke|p1|Roaring Moon, L50|\n|poke|p1|Iron Hands, L50|\n|poke|p2|Amoonguss, L50, F|\n|poke|p2|Palafin, L50, F|\n|poke|p2|Dragonite, L50, M|\n|poke|p2|Arcanine, L50, M|\n|poke|p2|Flutter Mane, L50|\n|poke|p2|Iron Jugulis, L50|\n|teampreview|4\n|inactive|Battle timer is ON: inactive players will automatically lose when time's up. (requested by deazy fool)\ndeazy fool has agreed to open team sheets.\n|\n|t:|1682832318\n|start\n|switch|p1a: dog|Arcanine, L50, M|100\/100\n|switch|p1b: orphan crusher|Iron Hands, L50|100\/100\n|switch|p2a: Palafin|Palafin, L50, F|100\/100\n|switch|p2b: Dragonite|Dragonite, L50, M|100\/100\n|-ability|p1a: dog|Intimidate|boost\n|-unboost|p2a: Palafin|atk|1\n|-fail|p2b: Dragonite|unboost|Attack|[from] ability: Inner Focus|[of] p2b: Dragonite\n|turn|1\n|\n|t:|1682832338\n|detailschange|p2a: Palafin|Palafin-Hero, L50, F\n|switch|p2a: Amoonguss|Amoonguss, L50, F|100\/100\n|switch|p2b: Flutter Mane|Flutter Mane, L50|100\/100\n|move|p1b: orphan crusher|Fake Out|p2b: Flutter Mane\n|-immune|p2b: Flutter Mane\n|move|p1a: dog|Will-O-Wisp|p2a: Amoonguss|[miss]\n|-miss|p1a: dog|p2a: Amoonguss\n|\n|upkeep\n|turn|2\n|inactive|HeelLicks has 30 seconds left.\n|inactive|deazy fool has 30 seconds left.\n|inactive|HeelLicks has 20 seconds left.\n|\n|t:|1682832376\n|switch|p1a: AMOONGUSS?!?!?!|Amoonguss, L50, F|100\/100\n|move|p2a: Amoonguss|Rage Powder|p2a: Amoonguss\n|-singleturn|p2a: Amoonguss|move: Rage Powder\n|move|p2b: Flutter Mane|Shadow Ball|p1a: AMOONGUSS?!?!?!\n|-damage|p1a: AMOONGUSS?!?!?!|63\/100\n|-damage|p2b: Flutter Mane|90\/100|[from] item: Life Orb\n|move|p1b: orphan crusher|Drain Punch|p2a: Amoonguss\n|-resisted|p2a: Amoonguss\n|-damage|p2a: Amoonguss|82\/100\n|\n|-heal|p1a: AMOONGUSS?!?!?!|69\/100|[from] item: Leftovers\n|upkeep\n|turn|3\n|inactive|deazy fool has 30 seconds left.\n|\n|t:|1682832409\n|-end|p1b: orphan crusher|Quark Drive|[silent]\n|switch|p1b: meg irl|Roaring Moon, L50|100\/100\n|-enditem|p1b: meg irl|Booster Energy\n|-activate|p1b: meg irl|ability: Protosynthesis|[fromitem]\n|-start|p1b: meg irl|protosynthesisatk\n|switch|p2a: Dragonite|Dragonite, L50, M|100\/100\n|-terastallize|p2b: Flutter Mane|Fairy\n|move|p1a: AMOONGUSS?!?!?!|Rage Powder|p1a: AMOONGUSS?!?!?!\n|-singleturn|p1a: AMOONGUSS?!?!?!|move: Rage Powder\n|move|p2b: Flutter Mane|Moonblast|p1a: AMOONGUSS?!?!?!\n|-resisted|p1a: AMOONGUSS?!?!?!\n|-damage|p1a: AMOONGUSS?!?!?!|37\/100\n|-damage|p2b: Flutter Mane|80\/100|[from] item: Life Orb\n|\n|-heal|p1a: AMOONGUSS?!?!?!|43\/100|[from] item: Leftovers\n|upkeep\n|turn|4\n|inactive|HeelLicks has 30 seconds left.\n|inactive|HeelLicks has 20 seconds left.\n|\n|t:|1682832449\n|-terastallize|p1b: meg irl|Flying\n|move|p2a: Dragonite|Extreme Speed|p1a: AMOONGUSS?!?!?!\n|-damage|p1a: AMOONGUSS?!?!?!|0 fnt\n|faint|p1a: AMOONGUSS?!?!?!\n|move|p1b: meg irl|Acrobatics|p2b: Flutter Mane\n|-damage|p2b: Flutter Mane|0 fnt\n|faint|p2b: Flutter Mane\n|-end|p2b: Flutter Mane|Protosynthesis|[silent]\n|\n|upkeep\n|c|\u2606deazy fool|????????????????\n|\n|t:|1682832468\n|switch|p2b: Palafin|Palafin-Hero, L50, F|100\/100\n|switch|p1a: orphan crusher|Iron Hands, L50|100\/100\n|-activate|p2b: Palafin|ability: Zero to Hero\n|turn|5\n|inactive|HeelLicks has 30 seconds left.\n|\n|t:|1682832501\n|switch|p2a: Amoonguss|Amoonguss, L50, F|100\/100\n|move|p2b: Palafin|Protect|p2b: Palafin\n|-singleturn|p2b: Palafin|Protect\n|move|p1b: meg irl|Tailwind|p1b: meg irl\n|-sidestart|p1: HeelLicks|move: Tailwind\n|move|p1a: orphan crusher|Wild Charge|p2b: Palafin\n|-activate|p2b: Palafin|move: Protect\n|\n|upkeep\n|turn|6\n|inactive|HeelLicks has 30 seconds left.\n|\n|t:|1682832535\n|move|p2a: Amoonguss|Rage Powder|p2a: Amoonguss\n|-singleturn|p2a: Amoonguss|move: Rage Powder\n|move|p1b: meg irl|Acrobatics|p2a: Amoonguss\n|-supereffective|p2a: Amoonguss\n|-damage|p2a: Amoonguss|0 fnt\n|faint|p2a: Amoonguss\n|move|p1a: orphan crusher|Wild Charge|p2b: Palafin\n|-supereffective|p2b: Palafin\n|-damage|p2b: Palafin|0 fnt\n|faint|p2b: Palafin\n|-damage|p1a: orphan crusher|82\/100|[from] Recoil\n|\n|upkeep\n|\n|t:|1682832546\n|switch|p2b: Dragonite|Dragonite, L50, M|100\/100\n|turn|7\n|\n|t:|1682832558\n|move|p2b: Dragonite|Extreme Speed|p1b: meg irl\n|-damage|p1b: meg irl|44\/100\n|move|p1b: meg irl|Acrobatics|p2b: Dragonite\n|-damage|p2b: Dragonite|15\/100\n|move|p1a: orphan crusher|Wild Charge|p2b: Dragonite\n|-damage|p2b: Dragonite|0 fnt\n|faint|p2b: Dragonite\n|-damage|p1a: orphan crusher|80\/100|[from] Recoil\n|\n|win|HeelLicks\n|raw|HeelLicks's rating: 1073 → 1099<\/strong> (+26 for winning)\n|raw|deazy fool's rating: 1033 → 1020<\/strong> (-13 for losing)\n","uploadtime":1682832583,"views":18,"p1id":"heellicks","p2id":"deazyfool","formatid":"gen9vgc2023regulationc","rating":1020,"private":0,"password":""}