{"id":"gen9vgc2023regulationc-1857018074","p1":"TabuVGC","p2":"Nails","format":"[Gen 9] VGC 2023 Regulation C","log":"|j|\u2606TabuVGC\n|j|\u2606Nails\n|t:|1683137257\n|gametype|doubles\n|player|p1|TabuVGC|alder|\n|player|p2|Nails|#scl2terrors|\n|teamsize|p1|6\n|teamsize|p2|6\n|gen|9\n|tier|[Gen 9] VGC 2023 Regulation C\n|rule|Species Clause: Limit one of each Pok\u00e9mon\n|rule|Item Clause: Limit one of each item\n|clearpoke\n|poke|p1|Kingambit, L50, M|\n|poke|p1|Flutter Mane, L50|\n|poke|p1|Palafin, L50, M|\n|poke|p1|Iron Hands, L50|\n|poke|p1|Amoonguss, L50, M|\n|poke|p1|Arcanine, L50, F|\n|poke|p2|Great Tusk, L50|\n|poke|p2|Chi-Yu, L50|\n|poke|p2|Flutter Mane, L50|\n|poke|p2|Iron Bundle, L50|\n|poke|p2|Murkrow, L50, F|\n|poke|p2|Kingambit, L50, F|\n|teampreview|4\n|c|\u2606Nails|g1\n|c|\u2606TabuVGC|g1\n|c|\u2606TabuVGC|\/log TabuVGC made this room public.\n|j| Bertigo\nNails has agreed to open team sheets.\n|c|\u2606Nails|hf\n|j| Svenvgc\n|c|\u2606TabuVGC|hf\nTabuVGC has agreed to open team sheets.\n|j| Anisphia\n|j| KayDeeVGC\n|j| IchigoZangeCorner\n|\n|t:|1683137431\n|start\n|switch|p1a: Flutter Mane|Flutter Mane, L50|100\/100\n|switch|p1b: Amoonguss|Amoonguss, L50, M, shiny|100\/100\n|switch|p2a: Murkrow|Murkrow, L50, F|100\/100\n|switch|p2b: Flutter Mane|Flutter Mane, L50|100\/100\n|-enditem|p1a: Flutter Mane|Booster Energy\n|-activate|p1a: Flutter Mane|ability: Protosynthesis|[fromitem]\n|-start|p1a: Flutter Mane|protosynthesisspa\n|turn|1\n|j| Ally\n|j| PqlarBear\n|j| JMOdri\n|l| IchigoZangeCorner\n|n| Ally|ally\n|j| Jarshall\n|j| IchigoZangeCorner\n|\n|t:|1683137514\n|-terastallize|p2b: Flutter Mane|Fairy\n|move|p1b: Amoonguss|Rage Powder|p1b: Amoonguss\n|-singleturn|p1b: Amoonguss|move: Rage Powder\n|move|p2a: Murkrow|Taunt|p1b: Amoonguss\n|-start|p1b: Amoonguss|move: Taunt\n|move|p1a: Flutter Mane|Moonblast|p2b: Flutter Mane\n|-damage|p2b: Flutter Mane|31\/100\n|-unboost|p2b: Flutter Mane|spa|1\n|move|p2b: Flutter Mane|Moonblast|p1b: Amoonguss\n|-resisted|p1b: Amoonguss\n|-damage|p1b: Amoonguss|73\/100\n|\n|upkeep\n|turn|2\n|j| QueirozVGC\n|j| duckpond\n|\n|t:|1683137543\n|switch|p1b: Kingambit|Kingambit, L50, M, shiny|100\/100\n|move|p1a: Flutter Mane|Protect|p1a: Flutter Mane\n|-singleturn|p1a: Flutter Mane|Protect\n|move|p2a: Murkrow|Tailwind|p2a: Murkrow\n|-sidestart|p2: Nails|move: Tailwind\n|move|p2b: Flutter Mane|Moonblast|p1a: Flutter Mane\n|-activate|p1a: Flutter Mane|move: Protect\n|\n|upkeep\n|turn|3\n|j| Oriol.plazai\n|\n|t:|1683137567\n|move|p2a: Murkrow|Taunt|p1a: Flutter Mane\n|-start|p1a: Flutter Mane|move: Taunt\n|move|p1b: Kingambit|Sucker Punch|p2b: Flutter Mane\n|-resisted|p2b: Flutter Mane\n|-damage|p2b: Flutter Mane|3\/100\n|move|p2b: Flutter Mane|Moonblast|p1b: Kingambit\n|-damage|p1b: Kingambit|58\/100\n|move|p1a: Flutter Mane|Moonblast|p2b: Flutter Mane\n|-damage|p2b: Flutter Mane|0 fnt\n|faint|p2b: Flutter Mane\n|-end|p2b: Flutter Mane|Protosynthesis|[silent]\n|\n|upkeep\n|\n|t:|1683137578\n|switch|p2b: Chi-Yu|Chi-Yu, L50|100\/100\n|-ability|p2b: Chi-Yu|Beads of Ruin\n|turn|4\n|j| tagmouse27\n|\n|t:|1683137646\n|switch|p1b: Arcanine|Arcanine, L50, F, shiny|100\/100\n|-ability|p1b: Arcanine|Intimidate|boost\n|-unboost|p2a: Murkrow|atk|1\n|-unboost|p2b: Chi-Yu|atk|1\n|move|p2a: Murkrow|Sunny Day|p2a: Murkrow\n|-weather|SunnyDay\n|move|p2b: Chi-Yu|Heat Wave|p1b: Arcanine|[spread] p1a,p1b\n|-resisted|p1b: Arcanine\n|-damage|p1a: Flutter Mane|0 fnt\n|-damage|p1b: Arcanine|45\/100\n|-enditem|p1b: Arcanine|Sitrus Berry|[eat]\n|-heal|p1b: Arcanine|69\/100|[from] item: Sitrus Berry\n|faint|p1a: Flutter Mane\n|-end|p1a: Flutter Mane|Protosynthesis|[silent]\n|-damage|p2b: Chi-Yu|91\/100|[from] item: Life Orb\n|\n|-weather|SunnyDay|[upkeep]\n|upkeep\n|\n|t:|1683137663\n|switch|p1a: Kingambit|Kingambit, L50, M, shiny|58\/100\n|turn|5\n|j| specs pineapple\n|\n|t:|1683137747\n|-terastallize|p1a: Kingambit|Water\n|move|p1b: Arcanine|Extreme Speed|p2b: Chi-Yu\n|-damage|p2b: Chi-Yu|55\/100\n|move|p2a: Murkrow|Taunt|p1b: Arcanine\n|-start|p1b: Arcanine|move: Taunt\n|move|p2b: Chi-Yu|Overheat|p1a: Kingambit\n|-resisted|p1a: Kingambit\n|-damage|p1a: Kingambit|0 fnt\n|-unboost|p2b: Chi-Yu|spa|2\n|faint|p1a: Kingambit\n|-damage|p2b: Chi-Yu|45\/100|[from] item: Life Orb\n|\n|-weather|SunnyDay|[upkeep]\n|-sideend|p2: Nails|move: Tailwind\n|upkeep\n|\n|t:|1683137757\n|switch|p1a: Amoonguss|Amoonguss, L50, M, shiny|100\/100\n|turn|6\n|l| KayDeeVGC\n|\n|t:|1683137775\n|move|p2a: Murkrow|Taunt|p1a: Amoonguss\n|-start|p1a: Amoonguss|move: Taunt\n|move|p2b: Chi-Yu|Overheat|p1a: Amoonguss|[miss]\n|-miss|p2b: Chi-Yu|p1a: Amoonguss\n|move|p1b: Arcanine|Flare Blitz|p2b: Chi-Yu\n|-resisted|p2b: Chi-Yu\n|-damage|p2b: Chi-Yu|0 fnt\n|faint|p2b: Chi-Yu\n|-damage|p1b: Arcanine|59\/100|[from] Recoil\n|move|p1a: Amoonguss|Pollen Puff|p1b: Arcanine\n|-heal|p1b: Arcanine|100\/100\n|\n|-weather|SunnyDay|[upkeep]\n|upkeep\n|\n|t:|1683137778\n|switch|p2b: Great Tusk|Great Tusk, L50|100\/100\n|-activate|p2b: Great Tusk|ability: Protosynthesis\n|-start|p2b: Great Tusk|protosynthesisatk\n|turn|7\n|c|\u2606TabuVGC|gg\n|c|\u2606Nails|gg\n|\n|t:|1683137800\n|move|p2b: Great Tusk|Earthquake|p1b: Arcanine|[spread] p1a,p1b\n|-immune|p2a: Murkrow\n|-supereffective|p1b: Arcanine\n|-damage|p1a: Amoonguss|55\/100\n|-damage|p1b: Arcanine|1\/100\n|move|p2a: Murkrow|Foul Play|p1b: Arcanine\n|-damage|p1b: Arcanine|0 fnt\n|faint|p1b: Arcanine\n|move|p1a: Amoonguss|Pollen Puff|p2a: Murkrow\n|-damage|p2a: Murkrow|65\/100\n|\n|-weather|SunnyDay|[upkeep]\n|upkeep\n|turn|8\n|l| Bertigo\n|l| QueirozVGC\n|-message|TabuVGC forfeited.\n|\n|win|Nails\n|l| Ally\n|n|\u2606Nails|nails\n|n|\u2606Nails|nails\n|j| JoeUX9\n|j| NJ11VGC\n|l| JoeUX9\n|l| NJ11VGC\n|l| Oriol.plazai\n|j| Izzy22x\n|j| NJ11VGC\n|j| Finabas\n|l| NJ11VGC\n|player|p2|Nails|#scl2terrors\n|j| NJ11VGC\n|j| Bertigo\n|l| Finabas\n|j| Orangex337\n|l| NJ11VGC\n|l| duckpond\n|l| Orangex337\n|l| specs pineapple\n|j| pokeway96\n|l| IchigoZangeCorner\n","uploadtime":1683137966,"views":67,"p1id":"tabuvgc","p2id":"nails","formatid":"gen9vgc2023regulationc","rating":0,"private":0,"password":""}