{"id":"gen9vgc2023regulationc-1858717943","p1":"Nottaterstotz","p2":"Donkey-Lu","format":"[Gen 9] VGC 2023 Regulation C","log":"|j|\u2606Nottaterstotz\n|j|\u2606Donkey-Lu\n|t:|1683347500\n|gametype|doubles\n|player|p1|Nottaterstotz|101|1000\n|player|p2|Donkey-Lu|265|1088\n|teamsize|p1|6\n|teamsize|p2|6\n|gen|9\n|tier|[Gen 9] VGC 2023 Regulation C\n|rated|\n|rule|Species Clause: Limit one of each Pok\u00e9mon\n|rule|Item Clause: Limit one of each item\n|clearpoke\n|poke|p1|Grafaiai, L50, F|\n|poke|p1|Tinkaton, L50, F|\n|poke|p1|Slaking, L50, F|\n|poke|p1|Maushold, L50|\n|poke|p1|Annihilape, L50, F|\n|poke|p1|Glimmora, L50, M|\n|poke|p2|Palafin, L50, M|\n|poke|p2|Coalossal, L50, M|\n|poke|p2|Vivillon-Fancy, L50, F|\n|poke|p2|Sableye, L50, M|\n|poke|p2|Gastrodon, L50, M|\n|poke|p2|Ceruledge, L50, M|\n|teampreview|4\n|\n|t:|1683347531\n|start\n|switch|p1a: Grafaiai|Grafaiai, L50, F|100\/100\n|switch|p1b: Slaking|Slaking, L50, F|100\/100\n|switch|p2a: Palafin|Palafin, L50, M|100\/100\n|switch|p2b: Coalossal|Coalossal, L50, M|100\/100\n|turn|1\n|\n|t:|1683347566\n|-terastallize|p1a: Grafaiai|Flying\n|-terastallize|p2b: Coalossal|Grass\n|move|p1a: Grafaiai|Doodle|p2b: Coalossal\n|-endability|p1a: Grafaiai|Prankster|[from] move: Doodle\n|-ability|p1a: Grafaiai|Steam Engine|[from] move: Doodle\n|-endability|p1b: Slaking|Truant|[from] move: Doodle\n|-ability|p1b: Slaking|Steam Engine|[from] move: Doodle\n|move|p2a: Palafin|Flip Turn|p2b: Coalossal\n|-resisted|p2b: Coalossal\n|-damage|p2b: Coalossal|94\/100\n|-ability|p2b: Coalossal|Steam Engine|boost\n|-boost|p2b: Coalossal|spe|6\n|-enditem|p2b: Coalossal|Absorb Bulb\n|-boost|p2b: Coalossal|spa|1|[from] item: Absorb Bulb\n|\n|t:|1683347580\n|detailschange|p2a: Palafin|Palafin-Hero, L50, M\n|switch|p2a: Vivillon|Vivillon-Fancy, L50, F|100\/100|[from] Flip Turn\n|move|p2b: Coalossal|Heat Wave|p1a: Grafaiai|[spread] p1a\n|-miss|p2b: Coalossal|p1b: Slaking\n|-damage|p1a: Grafaiai|57\/100\n|-ability|p1a: Grafaiai|Steam Engine|boost\n|-boost|p1a: Grafaiai|spe|6\n|move|p1b: Slaking|Earthquake|p2a: Vivillon|[spread] p2b\n|-immune|p1a: Grafaiai\n|-immune|p2a: Vivillon\n|-resisted|p2b: Coalossal\n|-damage|p2b: Coalossal|86\/100\n|\n|upkeep\n|turn|2\n|\n|t:|1683347619\n|move|p2a: Vivillon|Protect|p2a: Vivillon\n|-singleturn|p2a: Vivillon|Protect\n|move|p1b: Slaking|Protect|p1b: Slaking\n|-singleturn|p1b: Slaking|Protect\n|move|p1a: Grafaiai|Parting Shot|p2b: Coalossal\n|-unboost|p2b: Coalossal|atk|1\n|-unboost|p2b: Coalossal|spa|1\n|\n|t:|1683347629\n|switch|p1a: Glimmora|Glimmora, L50, M|100\/100|[from] Parting Shot\n|move|p2b: Coalossal|Heat Wave|p1a: Glimmora|[spread] p1a\n|-activate|p1b: Slaking|move: Protect\n|-resisted|p1a: Glimmora\n|-damage|p1a: Glimmora|84\/100\n|\n|upkeep\n|turn|3\n|\n|t:|1683347651\n|move|p2b: Coalossal|Tera Blast|p1a: Glimmora\n|-damage|p1a: Glimmora|45\/100\n|move|p2a: Vivillon|Pollen Puff|p1a: Glimmora\n|-resisted|p1a: Glimmora\n|-damage|p1a: Glimmora|29\/100\n|move|p1b: Slaking|Drain Punch|p2b: Coalossal\n|-damage|p2b: Coalossal|66\/100\n|move|p1a: Glimmora|Power Gem|p2a: Vivillon\n|-supereffective|p2a: Vivillon\n|-enditem|p2a: Vivillon|Focus Sash\n|-damage|p2a: Vivillon|1\/100\n|\n|upkeep\n|turn|4\n|\n|t:|1683347675\n|move|p2b: Coalossal|Heat Wave|p1b: Slaking|[spread] p1a,p1b\n|-resisted|p1a: Glimmora\n|-crit|p1a: Glimmora\n|-damage|p1a: Glimmora|3\/100\n|-damage|p1b: Slaking|78\/100\n|-status|p1b: Slaking|brn\n|-ability|p1b: Slaking|Steam Engine|boost\n|-boost|p1b: Slaking|spe|6\n|move|p1b: Slaking|Drain Punch|p2a: Vivillon\n|-resisted|p2a: Vivillon\n|-damage|p2a: Vivillon|0 fnt\n|-heal|p1b: Slaking|78\/100 brn|[from] drain|[of] p2a: Vivillon\n|faint|p2a: Vivillon\n|move|p1a: Glimmora|Power Gem|p2b: Coalossal\n|-damage|p2b: Coalossal|1\/100\n|\n|-damage|p1b: Slaking|72\/100 brn|[from] brn\n|upkeep\n|\n|t:|1683347697\n|switch|p2a: Palafin|Palafin-Hero, L50, M|100\/100\n|-activate|p2a: Palafin|ability: Zero to Hero\n|turn|5\n|\n|t:|1683347730\n|move|p1b: Slaking|Protect|p1b: Slaking\n|-singleturn|p1b: Slaking|Protect\n|move|p2b: Coalossal|Protect|p2b: Coalossal\n|-singleturn|p2b: Coalossal|Protect\n|move|p2a: Palafin|Jet Punch|p1b: Slaking\n|-activate|p1b: Slaking|move: Protect\n|move|p1a: Glimmora|Power Gem|p2b: Coalossal\n|-activate|p2b: Coalossal|move: Protect\n|\n|-damage|p1b: Slaking|67\/100 brn|[from] brn\n|upkeep\n|turn|6\n|\n|t:|1683347751\n|move|p2a: Palafin|Jet Punch|p1a: Glimmora\n|-supereffective|p1a: Glimmora\n|-damage|p1a: Glimmora|0 fnt\n|-activate|p1a: Glimmora|ability: Toxic Debris\n|-sidestart|p2: Donkey-Lu|move: Toxic Spikes\n|faint|p1a: Glimmora\n|move|p1b: Slaking|Facade|p2a: Palafin\n|-damage|p2a: Palafin|19\/100\n|move|p2b: Coalossal|Heat Wave|p1b: Slaking\n|-damage|p1b: Slaking|35\/100 brn\n|\n|-damage|p1b: Slaking|29\/100 brn|[from] brn\n|upkeep\n|\n|t:|1683347768\n|switch|p1a: Grafaiai|Grafaiai, L50, F, tera:Flying|57\/100\n|turn|7\n|\n|t:|1683347780\n|move|p2a: Palafin|Jet Punch|p1b: Slaking\n|-damage|p1b: Slaking|6\/100 brn\n|move|p1a: Grafaiai|Parting Shot|p2a: Palafin\n|-unboost|p2a: Palafin|atk|1\n|-unboost|p2a: Palafin|spa|1\n|\n|t:|1683347787\n|switch|p1a: Tinkaton|Tinkaton, L50, F|100\/100|[from] Parting Shot\n|move|p1b: Slaking|Earthquake|p2a: Palafin|[spread] p1a,p2a,p2b\n|-supereffective|p1a: Tinkaton\n|-resisted|p2b: Coalossal\n|-crit|p2b: Coalossal\n|-damage|p1a: Tinkaton|67\/100\n|-damage|p2a: Palafin|5\/100\n|-damage|p2b: Coalossal|0 fnt\n|faint|p2b: Coalossal\n|\n|-damage|p1b: Slaking|0 fnt|[from] brn\n|faint|p1b: Slaking\n|upkeep\n|\n|t:|1683347800\n|switch|p1b: Grafaiai|Grafaiai, L50, F, tera:Flying|57\/100\n|switch|p2b: Ceruledge|Ceruledge, L50, M|100\/100\n|-status|p2b: Ceruledge|psn\n|turn|8\n|\n|t:|1683347834\n|move|p2a: Palafin|Jet Punch|p1b: Grafaiai\n|-damage|p1b: Grafaiai|28\/100\n|move|p1b: Grafaiai|Parting Shot|p2b: Ceruledge\n|-fail|p2b: Ceruledge|unboost|[from] item: Clear Amulet|[of] p2b: Ceruledge\n|move|p1a: Tinkaton|Play Rough|p2a: Palafin\n|-damage|p2a: Palafin|0 fnt\n|faint|p2a: Palafin\n|move|p2b: Ceruledge|Bulk Up|p2b: Ceruledge\n|-boost|p2b: Ceruledge|atk|1\n|-boost|p2b: Ceruledge|def|1\n|\n|-damage|p2b: Ceruledge|88\/100 psn|[from] psn\n|upkeep\n|turn|9\n|\n|t:|1683347863\n|move|p1b: Grafaiai|Doodle|p2b: Ceruledge\n|-endability|p1a: Tinkaton|Own Tempo|[from] move: Doodle\n|-ability|p1a: Tinkaton|Flash Fire|[from] move: Doodle\n|-endability|p1b: Grafaiai|Prankster|[from] move: Doodle\n|-ability|p1b: Grafaiai|Flash Fire|[from] move: Doodle\n|move|p1a: Tinkaton|Gigaton Hammer|p2b: Ceruledge\n|-resisted|p2b: Ceruledge\n|-damage|p2b: Ceruledge|63\/100 psn\n|move|p2b: Ceruledge|Bitter Blade|p1a: Tinkaton\n|-start|p1a: Tinkaton|ability: Flash Fire\n|\n|-damage|p2b: Ceruledge|50\/100 psn|[from] psn\n|upkeep\n|turn|10\n|\n|t:|1683347890\n|move|p1b: Grafaiai|Taunt|p2b: Ceruledge\n|-start|p2b: Ceruledge|move: Taunt\n|move|p1a: Tinkaton|Play Rough|p2b: Ceruledge\n|-resisted|p2b: Ceruledge\n|-damage|p2b: Ceruledge|37\/100 psn\n|move|p2b: Ceruledge|Bitter Blade|p1b: Grafaiai\n|-start|p1b: Grafaiai|ability: Flash Fire\n|\n|-damage|p2b: Ceruledge|25\/100 psn|[from] psn\n|upkeep\n|turn|11\n|-message|Donkey-Lu forfeited.\n|\n|win|Nottaterstotz\n|raw|Nottaterstotz's rating: 1000 → 1050<\/strong> (+50 for winning)\n|raw|Donkey-Lu's rating: 1088 → 1059<\/strong> (-29 for losing)\n|l|\u2606Donkey-Lu\n","uploadtime":1683347935,"views":10,"p1id":"nottaterstotz","p2id":"donkeylu","formatid":"gen9vgc2023regulationc","rating":1050,"private":0,"password":""}