{"id":"gen9vgc2023regulationc-1851452860","p1":"floflowww","p2":"test team acct","format":"[Gen 9] VGC 2023 Regulation C","log":"|j|\u2606floflowww\n|j|\u2606test team acct\n|t:|1682446328\n|gametype|doubles\n|player|p1|floflowww|169|1108\n|player|p2|test team acct|266|1133\n|teamsize|p1|6\n|teamsize|p2|6\n|gen|9\n|tier|[Gen 9] VGC 2023 Regulation C\n|rated|\n|rule|Species Clause: Limit one of each Pok\u00e9mon\n|rule|Item Clause: Limit one of each item\n|clearpoke\n|poke|p1|Iron Bundle, L50|\n|poke|p1|Flutter Mane, L50|\n|poke|p1|Ting-Lu, L50|\n|poke|p1|Arcanine, L50, F|\n|poke|p1|Palafin, L50, M|\n|poke|p1|Baxcalibur, L50, M|\n|poke|p2|Chi-Yu, L50|\n|poke|p2|Wo-Chien, L50|\n|poke|p2|Torkoal, L50, M|\n|poke|p2|Annihilape, L50, M|\n|poke|p2|Rabsca, L50, M|\n|poke|p2|Gothorita, L50, M|\n|teampreview|4\n|inactive|Battle timer is ON: inactive players will automatically lose when time's up. (requested by test team acct)\n|inactive|floflowww also wants the timer to be on.\ntest team acct rejected open team sheets.\n|\n|t:|1682446358\n|start\n|switch|p1a: Arcanine|Arcanine, L50, F|100\/100\n|switch|p1b: Palafin|Palafin, L50, M|100\/100\n|switch|p2a: Chi-Yu|Chi-Yu, L50|100\/100\n|switch|p2b: Torkoal|Torkoal, L50, M|100\/100\n|-ability|p2a: Chi-Yu|Beads of Ruin\n|-ability|p1a: Arcanine|Intimidate|boost\n|-unboost|p2a: Chi-Yu|atk|1\n|-unboost|p2b: Torkoal|atk|1\n|-weather|SunnyDay|[from] ability: Drought|[of] p2b: Torkoal\n|turn|1\n|inactive|test team acct has 30 seconds left.\n|\n|t:|1682446384\n|detailschange|p1b: Palafin|Palafin-Hero, L50, M\n|switch|p1b: Ting-Lu|Ting-Lu, L50|100\/100\n|-ability|p1b: Ting-Lu|Vessel of Ruin\n|move|p2a: Chi-Yu|Heat Wave|p1b: Ting-Lu|[spread] p1a,p1b\n|-resisted|p1a: Arcanine\n|-damage|p1a: Arcanine|79\/100\n|-damage|p1b: Ting-Lu|71\/100\n|-status|p1b: Ting-Lu|brn\n|move|p1a: Arcanine|Snarl|p2a: Chi-Yu|[spread] p2a\n|-miss|p1a: Arcanine|p2b: Torkoal\n|-resisted|p2a: Chi-Yu\n|-damage|p2a: Chi-Yu|96\/100\n|-unboost|p2a: Chi-Yu|spa|1\n|move|p2b: Torkoal|Will-O-Wisp|p1b: Ting-Lu\n|-fail|p1b: Ting-Lu|brn\n|\n|-weather|SunnyDay|[upkeep]\n|-damage|p1b: Ting-Lu|65\/100 brn|[from] brn\n|upkeep\n|turn|2\n|inactive|floflowww has 30 seconds left.\n|inactive|test team acct has 30 seconds left.\n|inactive|test team acct has 20 seconds left.\n|\n|t:|1682446420\n|switch|p2a: Gothorita|Gothorita, L50, M|100\/100\n|move|p1a: Arcanine|Protect|p1a: Arcanine\n|-singleturn|p1a: Arcanine|Protect\n|move|p1b: Ting-Lu|Earthquake|p2a: Gothorita|[spread] p2a,p2b\n|-activate|p1a: Arcanine|move: Protect\n|-supereffective|p2b: Torkoal\n|-damage|p2a: Gothorita|87\/100\n|-damage|p2b: Torkoal|72\/100\n|move|p2b: Torkoal|Eruption|p1a: Arcanine|[spread] p1b\n|-activate|p1a: Arcanine|move: Protect\n|-damage|p1b: Ting-Lu|44\/100 brn\n|\n|-weather|SunnyDay|[upkeep]\n|-damage|p1b: Ting-Lu|38\/100 brn|[from] brn\n|upkeep\n|turn|3\n|inactive|floflowww has 30 seconds left.\n|inactive|test team acct has 30 seconds left.\n|inactive|test team acct has 20 seconds left.\n|\n|t:|1682446457\n|move|p2a: Gothorita|Fake Out|p1b: Ting-Lu\n|-damage|p1b: Ting-Lu|35\/100 brn\n|move|p1a: Arcanine|Snarl|p2b: Torkoal|[spread] p2a,p2b\n|-supereffective|p2a: Gothorita\n|-damage|p2a: Gothorita|76\/100\n|-damage|p2b: Torkoal|61\/100\n|-unboost|p2a: Gothorita|spa|1\n|-unboost|p2b: Torkoal|spa|1\n|cant|p1b: Ting-Lu|flinch\n|move|p2b: Torkoal|Eruption|p1a: Arcanine|[spread] p1a,p1b\n|-resisted|p1a: Arcanine\n|-damage|p1a: Arcanine|71\/100\n|-damage|p1b: Ting-Lu|23\/100 brn\n|\n|-weather|SunnyDay|[upkeep]\n|-damage|p1b: Ting-Lu|17\/100 brn|[from] brn\n|upkeep\n|turn|4\n|inactive|floflowww has 30 seconds left.\n|\n|t:|1682446487\n|move|p2b: Torkoal|Protect|p2b: Torkoal\n|-singleturn|p2b: Torkoal|Protect\n|move|p1a: Arcanine|Snarl|p2a: Gothorita|[spread] p2a\n|-activate|p2b: Torkoal|move: Protect\n|-supereffective|p2a: Gothorita\n|-damage|p2a: Gothorita|64\/100\n|-unboost|p2a: Gothorita|spa|1\n|move|p2a: Gothorita|Reflect|p2a: Gothorita\n|-sidestart|p2: test team acct|Reflect\n|move|p1b: Ting-Lu|Heavy Slam|p2a: Gothorita\n|-damage|p2a: Gothorita|55\/100\n|\n|-weather|SunnyDay|[upkeep]\n|-damage|p1b: Ting-Lu|11\/100 brn|[from] brn\n|upkeep\n|turn|5\n|inactive|test team acct has 30 seconds left.\n|\n|t:|1682446514\n|move|p2a: Gothorita|Protect|p2a: Gothorita\n|-singleturn|p2a: Gothorita|Protect\n|move|p1a: Arcanine|Snarl|p2b: Torkoal|[spread] p2b\n|-activate|p2a: Gothorita|move: Protect\n|-damage|p2b: Torkoal|51\/100\n|-unboost|p2b: Torkoal|spa|1\n|move|p1b: Ting-Lu|Stomping Tantrum|p2a: Gothorita\n|-activate|p2a: Gothorita|move: Protect\n|move|p2b: Torkoal|Eruption|p1b: Ting-Lu|[spread] p1a,p1b\n|-resisted|p1a: Arcanine\n|-damage|p1a: Arcanine|66\/100\n|-damage|p1b: Ting-Lu|4\/100 brn\n|\n|-weather|SunnyDay|[upkeep]\n|-damage|p1b: Ting-Lu|0 fnt|[from] brn\n|faint|p1b: Ting-Lu\n|upkeep\n|\n|t:|1682446530\n|switch|p1b: Palafin|Palafin-Hero, L50, M|100\/100\n|-activate|p1b: Palafin|ability: Zero to Hero\n|turn|6\n|\n|t:|1682446551\n|switch|p2b: Wo-Chien|Wo-Chien, L50|100\/100\n|-ability|p2b: Wo-Chien|Tablets of Ruin\n|-terastallize|p1b: Palafin|Water\n|move|p1b: Palafin|Jet Punch|p2b: Wo-Chien\n|-resisted|p2b: Wo-Chien\n|-damage|p2b: Wo-Chien|95\/100\n|move|p1a: Arcanine|Flare Blitz|p2a: Gothorita\n|-damage|p2a: Gothorita|32\/100\n|-damage|p1a: Arcanine|59\/100|[from] Recoil\n|move|p2a: Gothorita|Foul Play|p1b: Palafin\n|-damage|p1b: Palafin|72\/100\n|\n|-weather|SunnyDay|[upkeep]\n|-heal|p2b: Wo-Chien|100\/100|[from] item: Leftovers\n|upkeep\n|turn|7\n|inactive|test team acct has 30 seconds left.\n|\n|t:|1682446581\n|move|p1b: Palafin|Protect|p1b: Palafin\n|-singleturn|p1b: Palafin|Protect\n|move|p2b: Wo-Chien|Protect|p2b: Wo-Chien\n|-singleturn|p2b: Wo-Chien|Protect\n|move|p1a: Arcanine|Flare Blitz|p2a: Gothorita\n|-damage|p2a: Gothorita|6\/100\n|-damage|p1a: Arcanine|52\/100|[from] Recoil\n|move|p2a: Gothorita|Foul Play|p1a: Arcanine\n|-damage|p1a: Arcanine|29\/100\n|\n|-weather|SunnyDay|[upkeep]\n|upkeep\n|turn|8\n|inactive|test team acct has 30 seconds left.\n|\n|t:|1682446611\n|switch|p2a: Chi-Yu|Chi-Yu, L50|96\/100\n|-ability|p2a: Chi-Yu|Beads of Ruin\n|-terastallize|p2b: Wo-Chien|Dark\n|move|p1b: Palafin|Jet Punch|p2a: Chi-Yu\n|-supereffective|p2a: Chi-Yu\n|-damage|p2a: Chi-Yu|49\/100\n|move|p1a: Arcanine|Flare Blitz|p2b: Wo-Chien\n|-damage|p2b: Wo-Chien|79\/100\n|-damage|p1a: Arcanine|22\/100|[from] Recoil\n|move|p2b: Wo-Chien|Leech Seed|p1b: Palafin\n|-start|p1b: Palafin|move: Leech Seed\n|\n|-weather|none\n|-heal|p2b: Wo-Chien|85\/100|[from] item: Leftovers\n|-damage|p1b: Palafin|60\/100|[from] Leech Seed|[of] p2b: Wo-Chien\n|-heal|p2b: Wo-Chien|96\/100|[silent]\n|-sideend|p2: test team acct|Reflect\n|upkeep\n|turn|9\n|inactive|test team acct has 30 seconds left.\n|\n|t:|1682446644\n|switch|p2a: Torkoal|Torkoal, L50, M|51\/100\n|-weather|SunnyDay|[from] ability: Drought|[of] p2a: Torkoal\n|switch|p1b: Iron Bundle|Iron Bundle, L50|100\/100\n|-enditem|p1b: Iron Bundle|Booster Energy\n|-activate|p1b: Iron Bundle|ability: Quark Drive|[fromitem]\n|-start|p1b: Iron Bundle|quarkdrivespe\n|move|p1a: Arcanine|Snarl|p2a: Torkoal|[spread] p2a,p2b\n|-resisted|p2b: Wo-Chien\n|-damage|p2a: Torkoal|39\/100\n|-damage|p2b: Wo-Chien|92\/100\n|-unboost|p2a: Torkoal|spa|1\n|-unboost|p2b: Wo-Chien|spa|1\n|move|p2b: Wo-Chien|Leech Seed|p1a: Arcanine\n|-start|p1a: Arcanine|move: Leech Seed\n|\n|-weather|SunnyDay|[upkeep]\n|-heal|p2b: Wo-Chien|98\/100|[from] item: Leftovers\n|-damage|p1a: Arcanine|10\/100|[from] Leech Seed|[of] p2b: Wo-Chien\n|-heal|p2b: Wo-Chien|100\/100|[silent]\n|upkeep\n|turn|10\n|inactive|floflowww has 30 seconds left.\n|inactive|test team acct has 30 seconds left.\n|\n|t:|1682446677\n|move|p1b: Iron Bundle|Protect|p1b: Iron Bundle\n|-singleturn|p1b: Iron Bundle|Protect\n|move|p1a: Arcanine|Will-O-Wisp|p2b: Wo-Chien\n|-status|p2b: Wo-Chien|brn\n|move|p2b: Wo-Chien|Leech Seed|p1b: Iron Bundle\n|-activate|p1b: Iron Bundle|move: Protect\n|move|p2a: Torkoal|Heat Wave|p1b: Iron Bundle|[spread] p1a\n|-activate|p1b: Iron Bundle|move: Protect\n|-resisted|p1a: Arcanine\n|-damage|p1a: Arcanine|0 fnt\n|faint|p1a: Arcanine\n|\n|-weather|SunnyDay|[upkeep]\n|-damage|p2b: Wo-Chien|94\/100 brn|[from] brn\n|upkeep\n|\n|t:|1682446691\n|switch|p1a: Palafin|Palafin-Hero, L50, M, tera:Water|60\/100\n|turn|11\n|\n|t:|1682446700\n|move|p2b: Wo-Chien|Protect|p2b: Wo-Chien\n|-singleturn|p2b: Wo-Chien|Protect\n|move|p1a: Palafin|Jet Punch|p2a: Torkoal\n|-supereffective|p2a: Torkoal\n|-damage|p2a: Torkoal|7\/100\n|move|p1b: Iron Bundle|Freeze-Dry|p2b: Wo-Chien\n|-activate|p2b: Wo-Chien|move: Protect\n|move|p2a: Torkoal|Will-O-Wisp|p1a: Palafin\n|-status|p1a: Palafin|brn\n|\n|-weather|SunnyDay|[upkeep]\n|-heal|p2b: Wo-Chien|100\/100 brn|[from] item: Leftovers\n|-damage|p1a: Palafin|54\/100 brn|[from] brn\n|-damage|p2b: Wo-Chien|94\/100 brn|[from] brn\n|upkeep\n|turn|12\n|\n|t:|1682446718\n|move|p1a: Palafin|Jet Punch|p2a: Torkoal\n|-supereffective|p2a: Torkoal\n|-damage|p2a: Torkoal|0 fnt\n|faint|p2a: Torkoal\n|move|p1b: Iron Bundle|Freeze-Dry|p2b: Wo-Chien\n|-damage|p2b: Wo-Chien|69\/100 brn\n|move|p2b: Wo-Chien|Leech Seed|p1a: Palafin\n|-start|p1a: Palafin|move: Leech Seed\n|\n|-weather|SunnyDay|[upkeep]\n|-heal|p2b: Wo-Chien|75\/100 brn|[from] item: Leftovers\n|-damage|p1a: Palafin|42\/100 brn|[from] Leech Seed|[of] p2b: Wo-Chien\n|-heal|p2b: Wo-Chien|86\/100 brn|[silent]\n|-damage|p1a: Palafin|36\/100 brn|[from] brn\n|-damage|p2b: Wo-Chien|80\/100 brn|[from] brn\n|upkeep\n|\n|t:|1682446722\n|switch|p2a: Gothorita|Gothorita, L50, M|6\/100\n|turn|13\n|\n|t:|1682446737\n|move|p2a: Gothorita|Fake Out|p1b: Iron Bundle\n|-damage|p1b: Iron Bundle|95\/100\n|cant|p1b: Iron Bundle|flinch\n|move|p1a: Palafin|Wave Crash|p2b: Wo-Chien\n|-damage|p2b: Wo-Chien|67\/100 brn\n|-damage|p1a: Palafin|31\/100 brn|[from] Recoil\n|move|p2b: Wo-Chien|Leech Seed|p1b: Iron Bundle\n|-start|p1b: Iron Bundle|move: Leech Seed\n|\n|-weather|SunnyDay|[upkeep]\n|-heal|p2b: Wo-Chien|73\/100 brn|[from] item: Leftovers\n|-damage|p1b: Iron Bundle|83\/100|[from] Leech Seed|[of] p2b: Wo-Chien\n|-heal|p2b: Wo-Chien|81\/100 brn|[silent]\n|-damage|p1a: Palafin|19\/100 brn|[from] Leech Seed|[of] p2b: Wo-Chien\n|-heal|p2b: Wo-Chien|92\/100 brn|[silent]\n|-damage|p1a: Palafin|14\/100 brn|[from] brn\n|-damage|p2b: Wo-Chien|86\/100 brn|[from] brn\n|upkeep\n|turn|14\n|\n|t:|1682446754\n|move|p2b: Wo-Chien|Protect|p2b: Wo-Chien\n|-singleturn|p2b: Wo-Chien|Protect\n|move|p2a: Gothorita|Protect|p2a: Gothorita\n|-singleturn|p2a: Gothorita|Protect\n|move|p1a: Palafin|Jet Punch|p2a: Gothorita\n|-activate|p2a: Gothorita|move: Protect\n|move|p1b: Iron Bundle|Hydro Pump|p2b: Wo-Chien\n|-activate|p2b: Wo-Chien|move: Protect\n|\n|-weather|SunnyDay|[upkeep]\n|-heal|p2b: Wo-Chien|92\/100 brn|[from] item: Leftovers\n|-damage|p1b: Iron Bundle|71\/100|[from] Leech Seed|[of] p2b: Wo-Chien\n|-heal|p2b: Wo-Chien|100\/100 brn|[silent]\n|-damage|p1a: Palafin|2\/100 brn|[from] Leech Seed|[of] p2b: Wo-Chien\n|-damage|p1a: Palafin|0 fnt|[from] brn\n|faint|p1a: Palafin\n|-damage|p2b: Wo-Chien|94\/100 brn|[from] brn\n|upkeep\n|turn|15\n|\n|t:|1682446766\n|move|p1b: Iron Bundle|Icy Wind|p2b: Wo-Chien|[spread] p2a,p2b\n|-damage|p2a: Gothorita|0 fnt\n|-damage|p2b: Wo-Chien|80\/100 brn\n|-unboost|p2b: Wo-Chien|spe|1\n|faint|p2a: Gothorita\n|move|p2b: Wo-Chien|Ruination|p1b: Iron Bundle\n|-damage|p1b: Iron Bundle|36\/100\n|\n|-weather|SunnyDay|[upkeep]\n|-heal|p2b: Wo-Chien|86\/100 brn|[from] item: Leftovers\n|-damage|p1b: Iron Bundle|23\/100|[from] Leech Seed|[of] p2b: Wo-Chien\n|-heal|p2b: Wo-Chien|94\/100 brn|[silent]\n|-damage|p2b: Wo-Chien|88\/100 brn|[from] brn\n|upkeep\n|\n|t:|1682446770\n|switch|p2a: Chi-Yu|Chi-Yu, L50|49\/100\n|-ability|p2a: Chi-Yu|Beads of Ruin\n|turn|16\n|\n|t:|1682446776\n|move|p1b: Iron Bundle|Hydro Pump|p2a: Chi-Yu|[miss]\n|-miss|p1b: Iron Bundle|p2a: Chi-Yu\n|move|p2a: Chi-Yu|Heat Wave|p1b: Iron Bundle\n|-damage|p1b: Iron Bundle|0 fnt\n|faint|p1b: Iron Bundle\n|-end|p1b: Iron Bundle|Quark Drive|[silent]\n|\n|win|test team acct\n|raw|floflowww's rating: 1108 → 1085<\/strong> (-23 for losing)\n|raw|test team acct's rating: 1133 → 1156<\/strong> (+23 for winning)\n|l|\u2606floflowww\n","uploadtime":1682446792,"views":13,"p1id":"floflowww","p2id":"testteamacct","formatid":"gen9vgc2023regulationc","rating":1085,"private":0,"password":""}