{"id":"gen9vgc2023regulationc-1847298255","p1":"ScheduledDrop","p2":"OG x Swagjuice","format":"[Gen 9] VGC 2023 Regulation C","log":"|j|\u203dScheduledDrop\n|j|\u2606OG x Swagjuice\n|t:|1681935943\n|gametype|doubles\n|player|p1|ScheduledDrop|alder|1134\n|player|p2|OG x Swagjuice|acetrainerf-gen4|1173\n|teamsize|p1|6\n|teamsize|p2|6\n|gen|9\n|tier|[Gen 9] VGC 2023 Regulation C\n|rated|\n|rule|Species Clause: Limit one of each Pok\u00e9mon\n|rule|Item Clause: Limit one of each item\n|clearpoke\n|poke|p1|Chi-Yu, L50|\n|poke|p1|Dachsbun, L50, M|\n|poke|p1|Dragonite, L50, F|\n|poke|p1|Flutter Mane, L50|\n|poke|p1|Azumarill, L50, M|\n|poke|p1|Chien-Pao, L50|\n|poke|p2|Ting-Lu, L50|\n|poke|p2|Iron Hands, L50|\n|poke|p2|Arcanine, L50, M|\n|poke|p2|Amoonguss, L50, M|\n|poke|p2|Iron Bundle, L50|\n|poke|p2|Chi-Yu, L50|\n|teampreview|4\n|inactive|Battle timer is ON: inactive players will automatically lose when time's up. (requested by ScheduledDrop)\n|inactive|ScheduledDrop has 60 seconds left.\n|\n|t:|1681935976\n|start\n|switch|p1a: Flutter Mane|Flutter Mane, L50|100\/100\n|switch|p1b: Dachsbun|Dachsbun, L50, M|100\/100\n|switch|p2a: Iron Hands|Iron Hands, L50|100\/100\n|switch|p2b: Ting-Lu|Ting-Lu, L50|100\/100\n|-ability|p2b: Ting-Lu|Vessel of Ruin\n|-enditem|p1a: Flutter Mane|Booster Energy\n|-activate|p1a: Flutter Mane|ability: Protosynthesis|[fromitem]\n|-start|p1a: Flutter Mane|protosynthesisspe\n|turn|1\n|\n|t:|1681935999\n|-terastallize|p2b: Ting-Lu|Poison\n|move|p1a: Flutter Mane|Protect|p1a: Flutter Mane\n|-singleturn|p1a: Flutter Mane|Protect\n|move|p2a: Iron Hands|Fake Out|p1b: Dachsbun\n|-damage|p1b: Dachsbun|87\/100\n|cant|p1b: Dachsbun|flinch\n|move|p2b: Ting-Lu|Heavy Slam|p1a: Flutter Mane\n|-activate|p1a: Flutter Mane|move: Protect\n|\n|-heal|p1b: Dachsbun|93\/100|[from] item: Leftovers\n|upkeep\n|turn|2\n|\n|t:|1681936019\n|move|p1b: Dachsbun|Protect|p1b: Dachsbun\n|-singleturn|p1b: Dachsbun|Protect\n|move|p1a: Flutter Mane|Dazzling Gleam|p2b: Ting-Lu|[spread] p2a,p2b\n|-supereffective|p2a: Iron Hands\n|-crit|p2a: Iron Hands\n|-resisted|p2b: Ting-Lu\n|-damage|p2a: Iron Hands|66\/100\n|-damage|p2b: Ting-Lu|93\/100\n|move|p2a: Iron Hands|Wild Charge|p1a: Flutter Mane\n|-damage|p1a: Flutter Mane|11\/100\n|-damage|p2a: Iron Hands|53\/100|[from] Recoil\n|move|p2b: Ting-Lu|Heavy Slam|p1a: Flutter Mane\n|-supereffective|p1a: Flutter Mane\n|-damage|p1a: Flutter Mane|0 fnt\n|faint|p1a: Flutter Mane\n|-end|p1a: Flutter Mane|Protosynthesis|[silent]\n|\n|-heal|p1b: Dachsbun|99\/100|[from] item: Leftovers\n|-heal|p2b: Ting-Lu|99\/100|[from] item: Leftovers\n|upkeep\n|\n|t:|1681936029\n|switch|p1a: Azumarill|Azumarill, L50, M|100\/100\n|turn|3\n|\n|t:|1681936051\n|-end|p2a: Iron Hands|Quark Drive|[silent]\n|switch|p2a: Pupper|Arcanine, L50, M|100\/100\n|-ability|p2a: Pupper|Intimidate|boost\n|-unboost|p1a: Azumarill|atk|1\n|-unboost|p1b: Dachsbun|atk|1\n|move|p1a: Azumarill|Protect|p1a: Azumarill\n|-singleturn|p1a: Azumarill|Protect\n|move|p1b: Dachsbun|Body Press|p2a: Pupper\n|-damage|p2a: Pupper|80\/100\n|move|p2b: Ting-Lu|Heavy Slam|p1b: Dachsbun\n|-supereffective|p1b: Dachsbun\n|-damage|p1b: Dachsbun|31\/100\n|\n|-heal|p1b: Dachsbun|37\/100|[from] item: Leftovers\n|-heal|p2b: Ting-Lu|100\/100|[from] item: Leftovers\n|upkeep\n|turn|4\n|\n|t:|1681936070\n|switch|p1a: Chien-Pao|Chien-Pao, L50|100\/100\n|-ability|p1a: Chien-Pao|Sword of Ruin\n|move|p2a: Pupper|Will-O-Wisp|p1a: Chien-Pao\n|-status|p1a: Chien-Pao|brn\n|move|p1b: Dachsbun|Yawn|p2b: Ting-Lu\n|-start|p2b: Ting-Lu|move: Yawn|[of] p1b: Dachsbun\n|move|p2b: Ting-Lu|Heavy Slam|p1b: Dachsbun\n|-supereffective|p1b: Dachsbun\n|-damage|p1b: Dachsbun|0 fnt\n|faint|p1b: Dachsbun\n|\n|-damage|p1a: Chien-Pao|95\/100 brn|[from] brn\n|upkeep\n|\n|t:|1681936075\n|switch|p1b: Azumarill|Azumarill, L50, M|100\/100\n|turn|5\n|inactive|ScheduledDrop has 30 seconds left.\n|\n|t:|1681936105\n|switch|p2b: Iron Hands|Iron Hands, L50|53\/100\n|move|p2a: Pupper|Protect|p2a: Pupper\n|-singleturn|p2a: Pupper|Protect\n|move|p1a: Chien-Pao|Ice Spinner|p2b: Iron Hands\n|-damage|p2b: Iron Hands|36\/100\n|move|p1b: Azumarill|Play Rough|p2a: Pupper\n|-activate|p2a: Pupper|move: Protect\n|\n|-damage|p1a: Chien-Pao|89\/100 brn|[from] brn\n|upkeep\n|turn|6\n|inactive|ScheduledDrop has 30 seconds left.\n|inactive|OG x Swagjuice has 30 seconds left.\n|\n|t:|1681936145\n|switch|p2a: Ting-Lu|Ting-Lu, L50, tera:Poison|100\/100\n|-ability|p2a: Ting-Lu|Vessel of Ruin\n|move|p1b: Azumarill|Protect|p1b: Azumarill\n|-singleturn|p1b: Azumarill|Protect\n|move|p1a: Chien-Pao|Throat Chop|p2a: Ting-Lu\n|-damage|p2a: Ting-Lu|84\/100\n|-start|p2a: Ting-Lu|Throat Chop|[silent]\n|move|p2b: Iron Hands|Drain Punch|p1a: Chien-Pao\n|-supereffective|p1a: Chien-Pao\n|-damage|p1a: Chien-Pao|0 fnt\n|-heal|p2b: Iron Hands|64\/100|[from] drain|[of] p1a: Chien-Pao\n|faint|p1a: Chien-Pao\n|\n|-heal|p2a: Ting-Lu|90\/100|[from] item: Leftovers\n|upkeep\n|turn|7\n|\n|t:|1681936169\n|-terastallize|p1b: Azumarill|Fairy\n|move|p2b: Iron Hands|Wild Charge|p1b: Azumarill\n|-damage|p1b: Azumarill|48\/100\n|-damage|p2b: Iron Hands|53\/100|[from] Recoil\n|move|p1b: Azumarill|Liquidation|p2a: Ting-Lu\n|-damage|p2a: Ting-Lu|56\/100\n|-unboost|p2a: Ting-Lu|def|1\n|move|p2a: Ting-Lu|Fissure|p1b: Azumarill|[miss]\n|-miss|p2a: Ting-Lu|p1b: Azumarill\n|\n|-heal|p2a: Ting-Lu|62\/100|[from] item: Leftovers\n|-end|p2a: Ting-Lu|Throat Chop|[silent]\n|upkeep\n|turn|8\n|\n|t:|1681936188\n|-end|p2b: Iron Hands|Quark Drive|[silent]\n|switch|p2b: Pupper|Arcanine, L50, M|80\/100\n|-ability|p2b: Pupper|Intimidate|boost\n|-unboost|p1b: Azumarill|atk|1\n|move|p1b: Azumarill|Play Rough|p2b: Pupper\n|-resisted|p2b: Pupper\n|-damage|p2b: Pupper|57\/100\n|move|p2a: Ting-Lu|Heavy Slam|p1b: Azumarill\n|-supereffective|p1b: Azumarill\n|-damage|p1b: Azumarill|0 fnt\n|faint|p1b: Azumarill\n|\n|win|OG x Swagjuice\n|raw|ScheduledDrop's rating: 1134 → 1112<\/strong> (-22 for losing)\n|raw|OG x Swagjuice's rating: 1173 → 1195<\/strong> (+22 for winning)\n|l|\u203dScheduledDrop\n","uploadtime":1681936323,"views":7,"p1id":"scheduleddrop","p2id":"ogxswagjuice","formatid":"gen9vgc2023regulationc","rating":1112,"private":0,"password":""}