{"id":"gen9vgc2023regulationc-1853343705","p1":"PuesEnClaseEstoy","p2":"Hawrix75","format":"[Gen 9] VGC 2023 Regulation C","log":"|j|\u2606PuesEnClaseEstoy\n|j|\u2606Hawrix75\n|t:|1682671458\n|gametype|doubles\n|player|p1|PuesEnClaseEstoy|juan|1040\n|player|p2|Hawrix75|proton|1000\n|teamsize|p1|6\n|teamsize|p2|6\n|gen|9\n|tier|[Gen 9] VGC 2023 Regulation C\n|rated|\n|rule|Species Clause: Limit one of each Pok\u00e9mon\n|rule|Item Clause: Limit one of each item\n|clearpoke\n|poke|p1|Maushold-Four, L50|\n|poke|p1|Annihilape, L50, M|\n|poke|p1|Palafin, L50, F|\n|poke|p1|Chi-Yu, L50|\n|poke|p1|Flutter Mane, L50|\n|poke|p1|Glimmora, L50, F|\n|poke|p2|Flutter Mane, L50|\n|poke|p2|Grimmsnarl, L50, M|\n|poke|p2|Tinkaton, L50, F|\n|poke|p2|Florges-White, L50, F|\n|poke|p2|Sylveon, L50, F|\n|poke|p2|Hatterene, L50, F|\n|teampreview|4\nPuesEnClaseEstoy has agreed to open team sheets.\n|\n|t:|1682671503\n|start\n|switch|p1a: Chi-Yu|Chi-Yu, L50|100\/100\n|switch|p1b: Flutter Mane|Flutter Mane, L50|100\/100\n|switch|p2a: Grimmsnarl|Grimmsnarl, L50, M, shiny|100\/100\n|switch|p2b: Tinkaton|Tinkaton, L50, F, shiny|100\/100\n|-ability|p1a: Chi-Yu|Beads of Ruin\n|-ability|p2b: Tinkaton|Mold Breaker\n|-enditem|p1b: Flutter Mane|Booster Energy\n|-activate|p1b: Flutter Mane|ability: Protosynthesis|[fromitem]\n|-start|p1b: Flutter Mane|protosynthesisspa\n|turn|1\n|\n|t:|1682671529\n|-terastallize|p1a: Chi-Yu|Ghost\n|move|p2a: Grimmsnarl|Light Screen|p2a: Grimmsnarl\n|-sidestart|p2: Hawrix75|move: Light Screen\n|move|p1a: Chi-Yu|Heat Wave|p2a: Grimmsnarl|[spread] p2a,p2b\n|-supereffective|p2b: Tinkaton\n|-damage|p2a: Grimmsnarl|67\/100\n|-damage|p2b: Tinkaton|57\/100\n|move|p1b: Flutter Mane|Shadow Ball|p2b: Tinkaton\n|-damage|p2b: Tinkaton|26\/100\n|move|p2b: Tinkaton|Gigaton Hammer|p1b: Flutter Mane\n|-supereffective|p1b: Flutter Mane\n|-damage|p1b: Flutter Mane|0 fnt\n|faint|p1b: Flutter Mane\n|-end|p1b: Flutter Mane|Protosynthesis|[silent]\n|\n|upkeep\n|\n|t:|1682671542\n|switch|p1b: Glimmora|Glimmora, L50, F, shiny|100\/100\n|turn|2\n|\n|t:|1682671559\n|move|p2a: Grimmsnarl|Fake Tears|p1b: Glimmora\n|-unboost|p1b: Glimmora|spd|2\n|move|p1a: Chi-Yu|Heat Wave|p2b: Tinkaton|[spread] p2a,p2b\n|-supereffective|p2b: Tinkaton\n|-damage|p2a: Grimmsnarl|29\/100\n|-damage|p2b: Tinkaton|0 fnt\n|faint|p2b: Tinkaton\n|move|p1b: Glimmora|Power Gem|p2a: Grimmsnarl\n|-damage|p2a: Grimmsnarl|0 fnt\n|faint|p2a: Grimmsnarl\n|\n|upkeep\n|\n|t:|1682671569\n|switch|p2b: Florges|Florges-White, L50, F, shiny|100\/100\n|switch|p2a: Flutter Mane|Flutter Mane, L50, shiny|100\/100\n|-enditem|p2a: Flutter Mane|Booster Energy\n|-activate|p2b: Florges|ability: Symbiosis|Choice Specs|[of] p2a: Flutter Mane\n|-activate|p2a: Flutter Mane|ability: Protosynthesis|[fromitem]\n|-start|p2a: Flutter Mane|protosynthesisspe\n|turn|3\n|\n|t:|1682671582\n|switch|p1b: Maushold|Maushold-Four, L50, shiny|100\/100\n|-terastallize|p2a: Flutter Mane|Fairy\n|move|p2b: Florges|Helping Hand|p2a: Flutter Mane\n|-singleturn|p2a: Flutter Mane|Helping Hand|[of] p2b: Florges\n|move|p2a: Flutter Mane|Dazzling Gleam|p1b: Maushold|[spread] p1a,p1b\n|-damage|p1a: Chi-Yu|30\/100\n|-damage|p1b: Maushold|0 fnt\n|faint|p1b: Maushold\n|move|p1a: Chi-Yu|Heat Wave|p2a: Flutter Mane|[spread] p2a,p2b\n|-damage|p2a: Flutter Mane|61\/100\n|-damage|p2b: Florges|76\/100\n|\n|upkeep\n|\n|t:|1682671592\n|switch|p1b: Glimmora|Glimmora, L50, F, shiny|100\/100\n|turn|4\n|\n|t:|1682671603\n|move|p2a: Flutter Mane|Dazzling Gleam|p1a: Chi-Yu|[spread] p1a,p1b\n|-resisted|p1b: Glimmora\n|-damage|p1a: Chi-Yu|0 fnt\n|-damage|p1b: Glimmora|74\/100\n|faint|p1a: Chi-Yu\n|move|p1b: Glimmora|Power Gem|p2a: Flutter Mane\n|-damage|p2a: Flutter Mane|33\/100\n|move|p2b: Florges|Pollen Puff|p2a: Flutter Mane\n|-heal|p2a: Flutter Mane|83\/100\n|\n|upkeep\n|turn|5\n|\n|t:|1682671616\n|move|p2b: Florges|Helping Hand|p2a: Flutter Mane\n|-singleturn|p2a: Flutter Mane|Helping Hand|[of] p2b: Florges\n|move|p2a: Flutter Mane|Dazzling Gleam|p1b: Glimmora\n|-resisted|p1b: Glimmora\n|-damage|p1b: Glimmora|33\/100\n|move|p1b: Glimmora|Mortal Spin|p2b: Florges|[spread] p2a,p2b\n|-supereffective|p2a: Flutter Mane\n|-supereffective|p2b: Florges\n|-crit|p2b: Florges\n|-damage|p2a: Flutter Mane|60\/100\n|-damage|p2b: Florges|63\/100\n|-status|p2a: Flutter Mane|psn\n|-status|p2b: Florges|psn\n|\n|-damage|p2a: Flutter Mane|48\/100 psn|[from] psn\n|-damage|p2b: Florges|50\/100 psn|[from] psn\n|upkeep\n|turn|6\n|\n|t:|1682671631\n|move|p2a: Flutter Mane|Dazzling Gleam|p1b: Glimmora\n|-resisted|p1b: Glimmora\n|-damage|p1b: Glimmora|6\/100\n|move|p1b: Glimmora|Mortal Spin|p2a: Flutter Mane|[spread] p2a,p2b\n|-supereffective|p2a: Flutter Mane\n|-supereffective|p2b: Florges\n|-damage|p2a: Flutter Mane|30\/100 psn\n|-damage|p2b: Florges|43\/100 psn\n|move|p2b: Florges|Pollen Puff|p2a: Flutter Mane\n|-heal|p2a: Flutter Mane|79\/100 psn\n|\n|-damage|p2a: Flutter Mane|67\/100 psn|[from] psn\n|-damage|p2b: Florges|30\/100 psn|[from] psn\n|upkeep\n|turn|7\n|-message|PuesEnClaseEstoy forfeited.\n|\n|win|Hawrix75\n|raw|PuesEnClaseEstoy's rating: 1040 → 1022<\/strong> (-18 for losing)\n|raw|Hawrix75's rating: 1000 → 1045<\/strong> (+45 for winning)\n|l|\u2606PuesEnClaseEstoy\n","uploadtime":1682671660,"views":7,"p1id":"puesenclaseestoy","p2id":"hawrix75","formatid":"gen9vgc2023regulationc","rating":1022,"private":0,"password":""}