{"id":"gen9vgc2023regulationc-1847471952","p1":"LSPT98","p2":"eldelpoliwhirl","format":"[Gen 9] VGC 2023 Regulation C","log":"|j|\u2606LSPT98\n|j|\u2606eldelpoliwhirl\n|t:|1681959290\n|gametype|doubles\n|player|p1|LSPT98|102|1143\n|player|p2|eldelpoliwhirl|169|1145\n|teamsize|p1|6\n|teamsize|p2|6\n|gen|9\n|tier|[Gen 9] VGC 2023 Regulation C\n|rated|\n|rule|Species Clause: Limit one of each Pok\u00e9mon\n|rule|Item Clause: Limit one of each item\n|clearpoke\n|poke|p1|Baxcalibur, L50, F|\n|poke|p1|Ting-Lu, L50|\n|poke|p1|Arcanine, L50, M|\n|poke|p1|Murkrow, L50, F|\n|poke|p1|Flutter Mane, L50|\n|poke|p1|Amoonguss, L50, M|\n|poke|p2|Baxcalibur, L50, M|\n|poke|p2|Palafin, L50, M|\n|poke|p2|Arcanine, L50, M|\n|poke|p2|Flutter Mane, L50|\n|poke|p2|Ting-Lu, L50|\n|poke|p2|Amoonguss, L50, M|\n|teampreview|4\neldelpoliwhirl rejected open team sheets.\n|inactive|Battle timer is ON: inactive players will automatically lose when time's up. (requested by eldelpoliwhirl)\n|inactive|LSPT98 has 60 seconds left.\n|\n|t:|1681959336\n|start\n|switch|p1a: Murkrow|Murkrow, L50, F|100\/100\n|switch|p1b: Baxcalibur|Baxcalibur, L50, F|100\/100\n|switch|p2a: Flutter Mane|Flutter Mane, L50|100\/100\n|switch|p2b: Palafin|Palafin, L50, M|100\/100\n|turn|1\n|inactive|LSPT98 has 30 seconds left.\n|\n|t:|1681959364\n|switch|p1a: Arcanine|Arcanine, L50, M|100\/100\n|-ability|p1a: Arcanine|Intimidate|boost\n|-unboost|p2a: Flutter Mane|atk|1\n|-unboost|p2b: Palafin|atk|1\n|-terastallize|p1b: Baxcalibur|Steel\n|-terastallize|p2b: Palafin|Water\n|move|p2a: Flutter Mane|Shadow Ball|p1b: Baxcalibur\n|-damage|p1b: Baxcalibur|60\/100\n|move|p1b: Baxcalibur|Icicle Spear|p2a: Flutter Mane\n|-damage|p2a: Flutter Mane|71\/100\n|-crit|p2a: Flutter Mane\n|-damage|p2a: Flutter Mane|30\/100\n|-damage|p2a: Flutter Mane|0 fnt\n|faint|p2a: Flutter Mane\n|-end|p2a: Flutter Mane|Protosynthesis|[silent]\n|-hitcount|p2: Flutter Mane|3\n|move|p2b: Palafin|Wave Crash|p1b: Baxcalibur\n|-damage|p1b: Baxcalibur|13\/100\n|-damage|p2b: Palafin|85\/100|[from] Recoil\n|\n|upkeep\n|\n|t:|1681959385\n|switch|p2a: Arcanine|Arcanine, L50, M|100\/100\n|-ability|p2a: Arcanine|Intimidate|boost\n|-unboost|p1a: Arcanine|atk|1\n|-unboost|p1b: Baxcalibur|atk|1\n|turn|2\n|\n|t:|1681959403\n|detailschange|p2b: Palafin|Palafin-Hero, L50, M, tera:Water\n|switch|p2b: Amoonguss|Amoonguss, L50, M|100\/100\n|move|p2a: Arcanine|Protect|p2a: Arcanine\n|-singleturn|p2a: Arcanine|Protect\n|move|p1b: Baxcalibur|Ice Shard|p2b: Amoonguss\n|-supereffective|p2b: Amoonguss\n|-damage|p2b: Amoonguss|75\/100\n|move|p1a: Arcanine|Will-O-Wisp|p2b: Amoonguss\n|-status|p2b: Amoonguss|brn\n|\n|-damage|p2b: Amoonguss|69\/100 brn|[from] brn\n|upkeep\n|turn|3\n|inactive|LSPT98 has 30 seconds left.\n|inactive|eldelpoliwhirl has 30 seconds left.\n|inactive|LSPT98 has 20 seconds left.\n|inactive|eldelpoliwhirl has 20 seconds left.\n|inactive|eldelpoliwhirl has 15 seconds left.\n|inactive|LSPT98 has 15 seconds left.\n|\n|t:|1681959451\n|move|p2a: Arcanine|Flare Blitz|p1b: Baxcalibur\n|-supereffective|p1b: Baxcalibur\n|-damage|p1b: Baxcalibur|0 fnt\n|faint|p1b: Baxcalibur\n|-damage|p2a: Arcanine|96\/100|[from] Recoil\n|move|p1a: Arcanine|Flare Blitz|p2b: Amoonguss\n|-supereffective|p2b: Amoonguss\n|-damage|p2b: Amoonguss|10\/100 brn\n|-enditem|p2b: Amoonguss|Sitrus Berry|[eat]\n|-heal|p2b: Amoonguss|35\/100 brn|[from] item: Sitrus Berry\n|-damage|p1a: Arcanine|79\/100|[from] Recoil\n|move|p2b: Amoonguss|Pollen Puff|p2a: Arcanine\n|-heal|p2a: Arcanine|100\/100\n|\n|-damage|p2b: Amoonguss|29\/100 brn|[from] brn\n|upkeep\n|\n|t:|1681959470\n|switch|p1b: Murkrow|Murkrow, L50, F|100\/100\n|turn|4\n|\n|t:|1681959489\n|move|p2a: Arcanine|Protect|p2a: Arcanine\n|-singleturn|p2a: Arcanine|Protect\n|move|p1b: Murkrow|Tailwind|p1b: Murkrow\n|-sidestart|p1: LSPT98|move: Tailwind\n|move|p1a: Arcanine|Howl|p1a: Arcanine|[spread] p1a,p1b\n|-boost|p1a: Arcanine|atk|1\n|-boost|p1b: Murkrow|atk|1\n|move|p2b: Amoonguss|Spore|p1b: Murkrow\n|-status|p1b: Murkrow|slp|[from] move: Spore\n|\n|-damage|p2b: Amoonguss|23\/100 brn|[from] brn\n|upkeep\n|turn|5\n|inactive|LSPT98 has 30 seconds left.\n|inactive|eldelpoliwhirl has 30 seconds left.\n|inactive|eldelpoliwhirl has 20 seconds left.\n|inactive|eldelpoliwhirl has 15 seconds left.\n|inactive|eldelpoliwhirl has 10 seconds left.\n|inactive|eldelpoliwhirl has 5 seconds left.\n|\n|t:|1681959544\n|move|p2b: Amoonguss|Rage Powder|p2b: Amoonguss\n|-singleturn|p2b: Amoonguss|move: Rage Powder\n|cant|p1b: Murkrow|slp\n|move|p1a: Arcanine|Will-O-Wisp|p2b: Amoonguss\n|-fail|p2b: Amoonguss|brn\n|move|p2a: Arcanine|Flare Blitz|p1a: Arcanine\n|-resisted|p1a: Arcanine\n|-damage|p1a: Arcanine|58\/100\n|-damage|p2a: Arcanine|92\/100|[from] Recoil\n|\n|-damage|p2b: Amoonguss|17\/100 brn|[from] brn\n|upkeep\n|turn|6\n|inactive|LSPT98 has 30 seconds left.\n|inactive|eldelpoliwhirl has 30 seconds left.\n|inactive|LSPT98 has 20 seconds left.\n|\n|t:|1681959581\n|switch|p2b: Palafin|Palafin-Hero, L50, M, tera:Water|85\/100\n|-activate|p2b: Palafin|ability: Zero to Hero\n|move|p1a: Arcanine|Will-O-Wisp|p2b: Palafin|[miss]\n|-miss|p1a: Arcanine|p2b: Palafin\n|move|p2a: Arcanine|Howl|p2a: Arcanine|[spread] p2a,p2b\n|-boost|p2a: Arcanine|atk|1\n|-boost|p2b: Palafin|atk|1\n|cant|p1b: Murkrow|slp\n|\n|upkeep\n|turn|7\n|\n|t:|1681959600\n|move|p1a: Arcanine|Will-O-Wisp|p2b: Palafin\n|-status|p2b: Palafin|brn\n|move|p2a: Arcanine|Flare Blitz|p1b: Murkrow\n|-damage|p1b: Murkrow|23\/100 slp\n|-damage|p2a: Arcanine|68\/100|[from] Recoil\n|move|p2b: Palafin|Wave Crash|p1a: Arcanine\n|-supereffective|p1a: Arcanine\n|-damage|p1a: Arcanine|0 fnt\n|faint|p1a: Arcanine\n|-damage|p2b: Palafin|67\/100 brn|[from] Recoil\n|-curestatus|p1b: Murkrow|slp|[msg]\n|move|p1b: Murkrow|Whirlwind|p2b: Palafin\n|drag|p2b: Amoonguss|Amoonguss, L50, M|50\/100 brn\n|\n|-damage|p2b: Amoonguss|44\/100 brn|[from] brn\n|-sideend|p1: LSPT98|move: Tailwind\n|upkeep\n|\n|t:|1681959620\n|switch|p1a: Flutter Mane|Flutter Mane, L50|100\/100\n|turn|8\n|inactive|LSPT98 has 30 seconds left.\n|\n|t:|1681959653\n|move|p1a: Flutter Mane|Shadow Ball|p2b: Amoonguss\n|-damage|p2b: Amoonguss|0 fnt\n|faint|p2b: Amoonguss\n|move|p2a: Arcanine|Flare Blitz|p1b: Murkrow\n|-crit|p1b: Murkrow\n|-damage|p1b: Murkrow|0 fnt\n|faint|p1b: Murkrow\n|-damage|p2a: Arcanine|61\/100|[from] Recoil\n|\n|upkeep\n|\n|t:|1681959663\n|switch|p2b: Palafin|Palafin-Hero, L50, M, tera:Water|67\/100 brn\n|turn|9\n|\n|t:|1681959670\n|move|p2b: Palafin|Jet Punch|p1a: Flutter Mane\n|-damage|p1a: Flutter Mane|32\/100\n|move|p1a: Flutter Mane|Shadow Ball|p2a: Arcanine\n|-damage|p2a: Arcanine|0 fnt\n|faint|p2a: Arcanine\n|\n|-damage|p2b: Palafin|61\/100 brn|[from] brn\n|upkeep\n|turn|10\n|-message|LSPT98 forfeited.\n|\n|win|eldelpoliwhirl\n|raw|LSPT98's rating: 1143 → 1118<\/strong> (-25 for losing)\n|raw|eldelpoliwhirl's rating: 1145 → 1170<\/strong> (+25 for winning)\n|l|\u2606LSPT98\n|c|\u2606eldelpoliwhirl|gg\n","uploadtime":1681959690,"views":3,"p1id":"lspt98","p2id":"eldelpoliwhirl","formatid":"gen9vgc2023regulationc","rating":1118,"private":0,"password":""}