{"id":"gen9vgc2023regulationc-1858752502","p1":"jaligada1997","p2":"tealpens1","format":"[Gen 9] VGC 2023 Regulation C","log":"|j|\u2606jaligada1997\n|j|\u2606tealpens1\n|t:|1683354001\n|gametype|doubles\n|player|p1|jaligada1997|170|1079\n|player|p2|tealpens1|265|1146\n|teamsize|p1|6\n|teamsize|p2|6\n|gen|9\n|tier|[Gen 9] VGC 2023 Regulation C\n|rated|\n|rule|Species Clause: Limit one of each Pok\u00e9mon\n|rule|Item Clause: Limit one of each item\n|clearpoke\n|poke|p1|Palafin, L50, M|\n|poke|p1|Amoonguss, L50, F|\n|poke|p1|Arcanine, L50, M|\n|poke|p1|Flutter Mane, L50|\n|poke|p1|Ting-Lu, L50|\n|poke|p1|Iron Hands, L50|\n|poke|p2|Roaring Moon, L50|\n|poke|p2|Gyarados, L50, F|\n|poke|p2|Amoonguss, L50, M|\n|poke|p2|Flutter Mane, L50|\n|poke|p2|Iron Hands, L50|\n|poke|p2|Volcarona, L50, M|\n|teampreview|4\n|\n|t:|1683354049\n|start\n|switch|p1a: Flutter Mane|Flutter Mane, L50|100\/100\n|switch|p1b: Arcanine|Arcanine, L50, M|100\/100\n|switch|p2a: Gyarados|Gyarados, L50, F|100\/100\n|switch|p2b: Flutter Mane|Flutter Mane, L50|100\/100\n|-ability|p1b: Arcanine|Intimidate|boost\n|-unboost|p2a: Gyarados|atk|1\n|-unboost|p2b: Flutter Mane|atk|1\n|-ability|p2a: Gyarados|Intimidate|boost\n|-unboost|p1a: Flutter Mane|atk|1\n|-unboost|p1b: Arcanine|atk|1\n|-enditem|p1a: Flutter Mane|Booster Energy\n|-activate|p1a: Flutter Mane|ability: Protosynthesis|[fromitem]\n|-start|p1a: Flutter Mane|protosynthesisspe\n|turn|1\n|\n|t:|1683354071\n|-terastallize|p1a: Flutter Mane|Normal\n|move|p2b: Flutter Mane|Protect|p2b: Flutter Mane\n|-singleturn|p2b: Flutter Mane|Protect\n|move|p1a: Flutter Mane|Shadow Ball|p2b: Flutter Mane\n|-activate|p2b: Flutter Mane|move: Protect\n|move|p1b: Arcanine|Will-O-Wisp|p2a: Gyarados|[miss]\n|-miss|p1b: Arcanine|p2a: Gyarados\n|move|p2a: Gyarados|Thunder Wave|p1a: Flutter Mane\n|-status|p1a: Flutter Mane|par\n|\n|upkeep\n|turn|2\n|\n|t:|1683354116\n|move|p1a: Flutter Mane|Protect|p1a: Flutter Mane\n|-singleturn|p1a: Flutter Mane|Protect\n|move|p2b: Flutter Mane|Power Gem|p1b: Arcanine\n|-supereffective|p1b: Arcanine\n|-damage|p1b: Arcanine|0 fnt\n|faint|p1b: Arcanine\n|-damage|p2b: Flutter Mane|91\/100|[from] item: Life Orb\n|move|p2a: Gyarados|Waterfall|p1a: Flutter Mane\n|-activate|p1a: Flutter Mane|move: Protect\n|\n|upkeep\n|\n|t:|1683354122\n|switch|p1b: Ting-Lu|Ting-Lu, L50|100\/100\n|-ability|p1b: Ting-Lu|Vessel of Ruin\n|turn|3\n|\n|t:|1683354146\n|move|p2b: Flutter Mane|Moonblast|p1b: Ting-Lu\n|-supereffective|p1b: Ting-Lu\n|-damage|p1b: Ting-Lu|56\/100\n|-damage|p2b: Flutter Mane|81\/100|[from] item: Life Orb\n|cant|p1a: Flutter Mane|par\n|move|p2a: Gyarados|Waterfall|p1b: Ting-Lu\n|-supereffective|p1b: Ting-Lu\n|-damage|p1b: Ting-Lu|31\/100\n|move|p1b: Ting-Lu|Rock Slide|p2b: Flutter Mane|[spread] p2a,p2b\n|-supereffective|p2a: Gyarados\n|-crit|p2a: Gyarados\n|-damage|p2a: Gyarados|49\/100\n|-damage|p2b: Flutter Mane|49\/100\n|-enditem|p2a: Gyarados|Sitrus Berry|[eat]\n|-heal|p2a: Gyarados|74\/100|[from] item: Sitrus Berry\n|\n|upkeep\n|turn|4\n|\n|t:|1683354177\n|move|p2b: Flutter Mane|Moonblast|p1b: Ting-Lu\n|-supereffective|p1b: Ting-Lu\n|-damage|p1b: Ting-Lu|0 fnt\n|faint|p1b: Ting-Lu\n|-damage|p2b: Flutter Mane|40\/100|[from] item: Life Orb\n|move|p1a: Flutter Mane|Shadow Ball|p2b: Flutter Mane\n|-supereffective|p2b: Flutter Mane\n|-crit|p2b: Flutter Mane\n|-damage|p2b: Flutter Mane|0 fnt\n|faint|p2b: Flutter Mane\n|-end|p2b: Flutter Mane|Protosynthesis|[silent]\n|move|p2a: Gyarados|Waterfall|p1a: Flutter Mane\n|-damage|p1a: Flutter Mane|51\/100 par\n|\n|upkeep\n|\n|t:|1683354203\n|switch|p2b: Iron Hands|Iron Hands, L50|100\/100\n|switch|p1b: Iron Hands|Iron Hands, L50|100\/100\n|turn|5\n|\n|t:|1683354217\n|switch|p2a: Volcarona|Volcarona, L50, M|100\/100\n|move|p1a: Flutter Mane|Protect|p1a: Flutter Mane\n|-singleturn|p1a: Flutter Mane|Protect\n|move|p2b: Iron Hands|Drain Punch|p1a: Flutter Mane\n|-activate|p1a: Flutter Mane|move: Protect\n|move|p1b: Iron Hands|Wild Charge|p2a: Volcarona\n|-damage|p2a: Volcarona|15\/100\n|-damage|p1b: Iron Hands|85\/100|[from] Recoil\n|-damage|p1b: Iron Hands|75\/100|[from] item: Life Orb\n|\n|upkeep\n|turn|6\n|\n|t:|1683354244\n|move|p1a: Flutter Mane|Dazzling Gleam|p2a: Volcarona|[spread] p2a,p2b\n|-resisted|p2a: Volcarona\n|-supereffective|p2b: Iron Hands\n|-damage|p2a: Volcarona|0 fnt\n|-damage|p2b: Iron Hands|68\/100\n|faint|p2a: Volcarona\n|move|p2b: Iron Hands|Drain Punch|p1a: Flutter Mane\n|-supereffective|p1a: Flutter Mane\n|-damage|p1a: Flutter Mane|0 fnt\n|-heal|p2b: Iron Hands|83\/100|[from] drain|[of] p1a: Flutter Mane\n|faint|p1a: Flutter Mane\n|-end|p1a: Flutter Mane|Protosynthesis|[silent]\n|move|p1b: Iron Hands|Wild Charge|p2b: Iron Hands\n|-resisted|p2b: Iron Hands\n|-damage|p2b: Iron Hands|55\/100\n|-damage|p1b: Iron Hands|69\/100|[from] Recoil\n|-damage|p1b: Iron Hands|59\/100|[from] item: Life Orb\n|\n|upkeep\n|c|\u2606tealpens1|gg\n|\n|t:|1683354258\n|switch|p2a: Gyarados|Gyarados, L50, F|74\/100\n|-ability|p2a: Gyarados|Intimidate|boost\n|-unboost|p1b: Iron Hands|atk|1\n|turn|7\n|\n|t:|1683354276\n|move|p2a: Gyarados|Waterfall|p1b: Iron Hands\n|-damage|p1b: Iron Hands|37\/100\n|move|p2b: Iron Hands|Drain Punch|p1b: Iron Hands\n|-damage|p1b: Iron Hands|7\/100\n|-heal|p2b: Iron Hands|71\/100|[from] drain|[of] p1b: Iron Hands\n|move|p1b: Iron Hands|Wild Charge|p2a: Gyarados\n|-supereffective|p2a: Gyarados\n|-damage|p2a: Gyarados|0 fnt\n|faint|p2a: Gyarados\n|-damage|p1b: Iron Hands|0 fnt|[from] Recoil\n|faint|p1b: Iron Hands\n|-end|p1b: Iron Hands|Quark Drive|[silent]\n|\n|win|tealpens1\n|raw|jaligada1997's rating: 1079 → 1061<\/strong> (-18 for losing)\n|raw|tealpens1's rating: 1146 → 1166<\/strong> (+20 for winning)\n","uploadtime":1683354291,"views":9,"p1id":"jaligada1997","p2id":"tealpens1","formatid":"gen9vgc2023regulationc","rating":1061,"private":0,"password":""}