{"id":"gen9vgc2023regulationc-1846974518","p1":"gianniking","p2":"Zuutokei2","format":"[Gen 9] VGC 2023 Regulation C","log":"|j|\u2606gianniking\n|j|\u2606Zuutokei2\n|t:|1681907897\n|gametype|doubles\n|player|p1|gianniking|169|1246\n|player|p2|Zuutokei2|lucas|1318\n|teamsize|p1|6\n|teamsize|p2|6\n|gen|9\n|tier|[Gen 9] VGC 2023 Regulation C\n|rated|\n|rule|Species Clause: Limit one of each Pok\u00e9mon\n|rule|Item Clause: Limit one of each item\n|clearpoke\n|poke|p1|Annihilape, L50, F|\n|poke|p1|Maushold, L50|\n|poke|p1|Corviknight, L50, F|\n|poke|p1|Gholdengo, L50|\n|poke|p1|Gastrodon, L50, M|\n|poke|p1|Ting-Lu, L50|\n|poke|p2|Dragonite, L50, M|\n|poke|p2|Chien-Pao, L50|\n|poke|p2|Amoonguss, L50, F|\n|poke|p2|Arcanine, L50, M|\n|poke|p2|Ting-Lu, L50|\n|poke|p2|Flutter Mane, L50|\n|teampreview|4\ngianniking has agreed to open team sheets.\n|\n|t:|1681907924\n|start\n|switch|p1a: Annihilape|Annihilape, L50, F|100\/100\n|switch|p1b: Maushold|Maushold, L50|100\/100\n|switch|p2a: Chien-Pao|Chien-Pao, L50|100\/100\n|switch|p2b: Amoonguss|Amoonguss, L50, F|100\/100\n|-ability|p2a: Chien-Pao|Sword of Ruin\n|turn|1\n|\n|t:|1681907946\n|-terastallize|p1a: Annihilape|Fire\n|move|p2a: Chien-Pao|Sacred Sword|p1b: Maushold\n|-supereffective|p1b: Maushold\n|-damage|p1b: Maushold|0 fnt\n|faint|p1b: Maushold\n|move|p1a: Annihilape|Rage Fist|p2b: Amoonguss\n|-damage|p2b: Amoonguss|69\/100\n|move|p2b: Amoonguss|Spore|p1a: Annihilape\n|-status|p1a: Annihilape|slp|[from] move: Spore\n|\n|upkeep\n|\n|t:|1681907963\n|switch|p1b: Gholdengo|Gholdengo, L50|100\/100\n|turn|2\n|\n|t:|1681907987\n|switch|p2b: Ting-Lu|Ting-Lu, L50|100\/100\n|-ability|p2b: Ting-Lu|Vessel of Ruin\n|move|p2a: Chien-Pao|Throat Chop|p1a: Annihilape\n|-damage|p1a: Annihilape|51\/100 slp\n|-start|p1a: Annihilape|Throat Chop|[silent]\n|move|p1b: Gholdengo|Make It Rain|p2b: Ting-Lu|[spread] p2a,p2b\n|-supereffective|p2a: Chien-Pao\n|-enditem|p2a: Chien-Pao|Focus Sash\n|-damage|p2a: Chien-Pao|1\/100\n|-damage|p2b: Ting-Lu|84\/100\n|-unboost|p1b: Gholdengo|spa|1\n|cant|p1a: Annihilape|slp\n|\n|-heal|p1a: Annihilape|57\/100 slp|[from] item: Leftovers\n|upkeep\n|turn|3\n|\n|t:|1681908010\n|switch|p1a: Corviknight|Corviknight, L50, F|100\/100\n|move|p2a: Chien-Pao|Protect|p2a: Chien-Pao\n|-singleturn|p2a: Chien-Pao|Protect\n|move|p1b: Gholdengo|Protect|p1b: Gholdengo\n|-singleturn|p1b: Gholdengo|Protect\n|move|p2b: Ting-Lu|Earthquake|p1a: Corviknight|[spread] \n|-activate|p2a: Chien-Pao|move: Protect\n|-activate|p1b: Gholdengo|move: Protect\n|-immune|p1a: Corviknight\n|\n|upkeep\n|turn|4\n|\n|t:|1681908056\n|switch|p2a: Amoonguss|Amoonguss, L50, F|100\/100\n|switch|p1b: Annihilape|Annihilape, L50, F, tera:Fire|57\/100 slp\n|move|p1a: Corviknight|Tailwind|p1a: Corviknight\n|-sidestart|p1: gianniking|move: Tailwind\n|move|p2b: Ting-Lu|Stomping Tantrum|p1b: Annihilape\n|-supereffective|p1b: Annihilape\n|-crit|p1b: Annihilape\n|-damage|p1b: Annihilape|0 fnt\n|faint|p1b: Annihilape\n|\n|upkeep\n|\n|t:|1681908066\n|switch|p1b: Gholdengo|Gholdengo, L50|100\/100\n|turn|5\n|\n|t:|1681908088\n|-terastallize|p2a: Amoonguss|Water\n|move|p1b: Gholdengo|Nasty Plot|p1b: Gholdengo\n|-boost|p1b: Gholdengo|spa|2\n|move|p1a: Corviknight|Brave Bird|p2a: Amoonguss\n|-damage|p2a: Amoonguss|71\/100\n|-damage|p1a: Corviknight|90\/100|[from] Recoil\n|move|p2b: Ting-Lu|Stomping Tantrum|p1b: Gholdengo\n|-supereffective|p1b: Gholdengo\n|-damage|p1b: Gholdengo|29\/100\n|move|p2a: Amoonguss|Spore|p1a: Corviknight\n|-status|p1a: Corviknight|slp|[from] move: Spore\n|\n|upkeep\n|turn|6\n|\n|t:|1681908113\n|move|p1b: Gholdengo|Make It Rain|p2b: Ting-Lu|[spread] p2a,p2b\n|-resisted|p2a: Amoonguss\n|-damage|p2a: Amoonguss|39\/100\n|-damage|p2b: Ting-Lu|52\/100\n|-unboost|p1b: Gholdengo|spa|1\n|cant|p1a: Corviknight|slp\n|move|p2b: Ting-Lu|Stomping Tantrum|p1b: Gholdengo\n|-supereffective|p1b: Gholdengo\n|-damage|p1b: Gholdengo|0 fnt\n|faint|p1b: Gholdengo\n|move|p2a: Amoonguss|Pollen Puff|p2b: Ting-Lu\n|-heal|p2b: Ting-Lu|100\/100\n|\n|upkeep\n|turn|7\n|\n|t:|1681908134\n|switch|p2a: Flutter Mane|Flutter Mane, L50|100\/100\n|-curestatus|p1a: Corviknight|slp|[msg]\n|move|p1a: Corviknight|Brave Bird|p2a: Flutter Mane\n|-damage|p2a: Flutter Mane|38\/100\n|-damage|p1a: Corviknight|74\/100|[from] Recoil\n|move|p2b: Ting-Lu|Ruination|p1a: Corviknight\n|-damage|p1a: Corviknight|37\/100\n|-enditem|p1a: Corviknight|Sitrus Berry|[eat]\n|-heal|p1a: Corviknight|62\/100|[from] item: Sitrus Berry\n|\n|-sideend|p1: gianniking|move: Tailwind\n|upkeep\n|turn|8\n|\n|t:|1681908160\n|move|p2a: Flutter Mane|Thunderbolt|p1a: Corviknight\n|-supereffective|p1a: Corviknight\n|-damage|p1a: Corviknight|0 fnt\n|faint|p1a: Corviknight\n|\n|win|Zuutokei2\n|raw|gianniking's rating: 1246 → 1226<\/strong> (-20 for losing)\n|raw|Zuutokei2's rating: 1318 → 1334<\/strong> (+16 for winning)\n","uploadtime":1681908174,"views":7,"p1id":"gianniking","p2id":"zuutokei2","formatid":"gen9vgc2023regulationc","rating":1226,"private":0,"password":""}