{"id":"gen9vgc2023regulationc-1864087777","p1":"scorpiopower","p2":"RonJohn","format":"[Gen 9] VGC 2023 Regulation C","log":"|j|\u2606scorpiopower\n|j|\u2606RonJohn\n|t:|1684115620\n|gametype|doubles\n|player|p1|scorpiopower|swimmer-gen4|1326\n|player|p2|RonJohn|169|1258\n|teamsize|p1|6\n|teamsize|p2|6\n|gen|9\n|tier|[Gen 9] VGC 2023 Regulation C\n|rated|\n|rule|Species Clause: Limit one of each Pok\u00e9mon\n|rule|Item Clause: Limit one of each item\n|clearpoke\n|poke|p1|Murkrow, L50, M|\n|poke|p1|Glimmora, L50, F|\n|poke|p1|Wo-Chien, L50|\n|poke|p1|Great Tusk, L50|\n|poke|p1|Volcarona, L50, F|\n|poke|p1|Garganacl, L50, M|\n|poke|p2|Flutter Mane, L50|\n|poke|p2|Orthworm, L50, F|\n|poke|p2|Dragonite, L50, F|\n|poke|p2|Amoonguss, L50, M|\n|poke|p2|Gyarados, L50, M|\n|poke|p2|Ting-Lu, L50|\n|teampreview|4\n|\n|t:|1684115644\n|start\n|switch|p1a: Cat in the Hat|Murkrow, L50, M|100\/100\n|switch|p1b: Amaterasu|Volcarona, L50, F|100\/100\n|switch|p2a: Gyarados|Gyarados, L50, M|100\/100\n|switch|p2b: Ting-Lu|Ting-Lu, L50|100\/100\n|-ability|p2a: Gyarados|Intimidate|boost\n|-unboost|p1a: Cat in the Hat|atk|1\n|-unboost|p1b: Amaterasu|atk|1\n|-ability|p2b: Ting-Lu|Vessel of Ruin\n|turn|1\n|\n|t:|1684115673\n|-terastallize|p1b: Amaterasu|Water\n|move|p1a: Cat in the Hat|Tailwind|p1a: Cat in the Hat\n|-sidestart|p1: scorpiopower|move: Tailwind\n|move|p1b: Amaterasu|Quiver Dance|p1b: Amaterasu\n|-boost|p1b: Amaterasu|spa|1\n|-boost|p1b: Amaterasu|spd|1\n|-boost|p1b: Amaterasu|spe|1\n|move|p2a: Gyarados|Rain Dance|p2a: Gyarados\n|-weather|RainDance\n|move|p2b: Ting-Lu|Rock Slide|p1a: Cat in the Hat|[spread] p1a,p1b\n|-supereffective|p1a: Cat in the Hat\n|-damage|p1a: Cat in the Hat|54\/100\n|-damage|p1b: Amaterasu|71\/100\n|\n|-weather|RainDance|[upkeep]\n|upkeep\n|turn|2\n|\n|t:|1684115697\n|move|p1b: Amaterasu|Bug Buzz|p2b: Ting-Lu\n|-supereffective|p2b: Ting-Lu\n|-damage|p2b: Ting-Lu|35\/100\n|-unboost|p2b: Ting-Lu|spd|1\n|move|p1a: Cat in the Hat|Foul Play|p2a: Gyarados\n|-damage|p2a: Gyarados|51\/100\n|move|p2a: Gyarados|Thunder Wave|p1b: Amaterasu\n|-status|p1b: Amaterasu|par\n|move|p2b: Ting-Lu|Rock Slide|p1b: Amaterasu|[spread] p1b\n|-miss|p2b: Ting-Lu|p1a: Cat in the Hat\n|-damage|p1b: Amaterasu|43\/100 par\n|\n|-weather|RainDance|[upkeep]\n|upkeep\n|turn|3\n|\n|t:|1684115723\n|move|p1b: Amaterasu|Bug Buzz|p2b: Ting-Lu\n|-supereffective|p2b: Ting-Lu\n|-damage|p2b: Ting-Lu|0 fnt\n|faint|p2b: Ting-Lu\n|move|p1a: Cat in the Hat|Foul Play|p2a: Gyarados\n|-damage|p2a: Gyarados|8\/100\n|move|p2a: Gyarados|Taunt|p1a: Cat in the Hat\n|-start|p1a: Cat in the Hat|move: Taunt\n|\n|-weather|RainDance|[upkeep]\n|upkeep\n|\n|t:|1684115734\n|switch|p2b: Orthworm|Orthworm, L50, F|100\/100\n|turn|4\n|\n|t:|1684115751\n|cant|p1b: Amaterasu|par\n|move|p1a: Cat in the Hat|Foul Play|p2a: Gyarados\n|-damage|p2a: Gyarados|0 fnt\n|faint|p2a: Gyarados\n|move|p2b: Orthworm|Shed Tail|p2b: Orthworm\n|-start|p2b: Orthworm|Substitute|[from] move: Shed Tail\n|-damage|p2b: Orthworm|50\/100\n|-enditem|p2b: Orthworm|Sitrus Berry|[eat]\n|-heal|p2b: Orthworm|75\/100|[from] item: Sitrus Berry\n|\n|t:|1684115760\n|switch|p2b: Dragonite|Dragonite, L50, F|100\/100|[from] Shed Tail\n|\n|-weather|RainDance|[upkeep]\n|-sideend|p1: scorpiopower|move: Tailwind\n|upkeep\n|\n|t:|1684115766\n|switch|p2a: Orthworm|Orthworm, L50, F|75\/100\n|turn|5\n|\n|t:|1684115780\n|move|p2a: Orthworm|Protect|p2a: Orthworm\n|-singleturn|p2a: Orthworm|Protect\n|move|p2b: Dragonite|Dragon Dance|p2b: Dragonite\n|-boost|p2b: Dragonite|atk|1\n|-boost|p2b: Dragonite|spe|1\n|move|p1b: Amaterasu|Flamethrower|p2a: Orthworm\n|-activate|p2a: Orthworm|move: Protect\n|move|p1a: Cat in the Hat|Foul Play|p2b: Dragonite\n|-end|p2b: Dragonite|Substitute\n|\n|-weather|RainDance|[upkeep]\n|upkeep\n|turn|6\n|\n|t:|1684115812\n|switch|p1a: Mossy Rock|Wo-Chien, L50|100\/100\n|-ability|p1a: Mossy Rock|Tablets of Ruin\n|move|p2b: Dragonite|Earthquake|p1a: Mossy Rock|[spread] p1a,p1b\n|-heal|p2a: Orthworm|100\/100|[from] ability: Earth Eater|[of] p2b: Dragonite\n|-resisted|p1a: Mossy Rock\n|-damage|p1a: Mossy Rock|87\/100\n|-damage|p1b: Amaterasu|0 fnt\n|faint|p1b: Amaterasu\n|move|p2a: Orthworm|Heavy Slam|p1a: Mossy Rock\n|-damage|p1a: Mossy Rock|70\/100\n|\n|-weather|RainDance|[upkeep]\n|upkeep\n|\n|t:|1684115828\n|switch|p1b: Cat in the Hat|Murkrow, L50, M|54\/100\n|turn|7\n|\n|t:|1684115856\n|move|p2b: Dragonite|Ice Spinner|p1a: Mossy Rock\n|-supereffective|p1a: Mossy Rock\n|-damage|p1a: Mossy Rock|7\/100\n|-enditem|p1a: Mossy Rock|Sitrus Berry|[eat]\n|-heal|p1a: Mossy Rock|32\/100|[from] item: Sitrus Berry\n|move|p1b: Cat in the Hat|Foul Play|p2b: Dragonite\n|-damage|p2b: Dragonite|64\/100\n|move|p1a: Mossy Rock|Leech Seed|p2a: Orthworm\n|-start|p2a: Orthworm|move: Leech Seed\n|move|p2a: Orthworm|Body Press|p1a: Mossy Rock\n|-supereffective|p1a: Mossy Rock\n|-damage|p1a: Mossy Rock|1\/100\n|\n|-weather|RainDance|[upkeep]\n|-damage|p2a: Orthworm|88\/100|[from] Leech Seed|[of] p1a: Mossy Rock\n|-heal|p1a: Mossy Rock|12\/100|[silent]\n|upkeep\n|turn|8\n|\n|t:|1684115893\n|move|p1a: Mossy Rock|Protect|p1a: Mossy Rock\n|-singleturn|p1a: Mossy Rock|Protect\n|move|p2b: Dragonite|Ice Spinner|p1b: Cat in the Hat\n|-supereffective|p1b: Cat in the Hat\n|-damage|p1b: Cat in the Hat|0 fnt\n|faint|p1b: Cat in the Hat\n|move|p2a: Orthworm|Heavy Slam|p1a: Mossy Rock\n|-activate|p1a: Mossy Rock|move: Protect\n|\n|-weather|none\n|-damage|p2a: Orthworm|75\/100|[from] Leech Seed|[of] p1a: Mossy Rock\n|-heal|p1a: Mossy Rock|24\/100|[silent]\n|upkeep\n|\n|t:|1684115906\n|switch|p1b: Ganesh|Great Tusk, L50|100\/100\n|turn|9\n|\n|t:|1684115928\n|move|p1b: Ganesh|Close Combat|p2b: Dragonite\n|-resisted|p2b: Dragonite\n|-damage|p2b: Dragonite|34\/100\n|-unboost|p1b: Ganesh|def|1\n|-unboost|p1b: Ganesh|spd|1\n|move|p2b: Dragonite|Earthquake|p1a: Mossy Rock|[spread] p1a,p1b\n|-heal|p2a: Orthworm|100\/100|[from] ability: Earth Eater|[of] p2b: Dragonite\n|-resisted|p1a: Mossy Rock\n|-damage|p1a: Mossy Rock|10\/100\n|-damage|p1b: Ganesh|63\/100\n|move|p1a: Mossy Rock|Leech Seed|p2b: Dragonite\n|-start|p2b: Dragonite|move: Leech Seed\n|move|p2a: Orthworm|Body Press|p1a: Mossy Rock\n|-supereffective|p1a: Mossy Rock\n|-damage|p1a: Mossy Rock|0 fnt\n|faint|p1a: Mossy Rock\n|\n|upkeep\n|turn|10\n|\n|t:|1684115970\n|-terastallize|p2b: Dragonite|Normal\n|move|p2b: Dragonite|Extreme Speed|p1b: Ganesh\n|-damage|p1b: Ganesh|0 fnt\n|faint|p1b: Ganesh\n|-end|p1b: Ganesh|Protosynthesis|[silent]\n|\n|win|RonJohn\n|raw|scorpiopower's rating: 1326 → 1302<\/strong> (-24 for losing)\n|raw|RonJohn's rating: 1258 → 1288<\/strong> (+30 for winning)\n|c|\u2606RonJohn|gg\n|c|\u2606scorpiopower|gg\n","uploadtime":1684115981,"views":33,"p1id":"scorpiopower","p2id":"ronjohn","formatid":"gen9vgc2023regulationc","rating":1288,"private":0,"password":""}