{"id":"gen9vgc2023regulationc-1847216975","p1":"TheGodMouse","p2":"mfDOOMvmax","format":"[Gen 9] VGC 2023 Regulation C","log":"|j|\u2606TheGodMouse\n|j|\u2606mfDOOMvmax\n|t:|1681928601\n|gametype|doubles\n|player|p1|TheGodMouse|rood|1102\n|player|p2|mfDOOMvmax|clemont|1146\n|teamsize|p1|6\n|teamsize|p2|6\n|gen|9\n|tier|[Gen 9] VGC 2023 Regulation C\n|rated|\n|rule|Species Clause: Limit one of each Pok\u00e9mon\n|rule|Item Clause: Limit one of each item\n|clearpoke\n|poke|p1|Farigiraf, L50, F|\n|poke|p1|Hatterene, L50, F|\n|poke|p1|Scizor, L50, F|\n|poke|p1|Azumarill, L50, F|\n|poke|p1|Tsareena, L50, F|\n|poke|p1|Iron Hands, L50|\n|poke|p2|Amoonguss, L50, M|\n|poke|p2|Flutter Mane, L50|\n|poke|p2|Lilligant, L50, F|\n|poke|p2|Ting-Lu, L50|\n|poke|p2|Great Tusk, L50|\n|poke|p2|Torkoal, L50, F|\n|teampreview|4\n|inactive|Battle timer is ON: inactive players will automatically lose when time's up. (requested by mfDOOMvmax)\n|inactive|TheGodMouse has 60 seconds left.\n|inactive|mfDOOMvmax has 60 seconds left.\n|\n|t:|1681928641\n|start\n|switch|p1a: Farigiraf|Farigiraf, L50, F, shiny|100\/100\n|switch|p1b: Hatterene|Hatterene, L50, F, shiny|100\/100\n|switch|p2a: Torkoal|Torkoal, L50, F|100\/100\n|switch|p2b: Lilligant|Lilligant, L50, F, shiny|100\/100\n|-weather|SunnyDay|[from] ability: Drought|[of] p2a: Torkoal\n|turn|1\n|inactive|mfDOOMvmax has 30 seconds left.\n|inactive|mfDOOMvmax has 20 seconds left.\n|inactive|mfDOOMvmax has 15 seconds left.\n|inactive|mfDOOMvmax has 10 seconds left.\n|\n|t:|1681928688\n|move|p2b: Lilligant|Solar Beam||[still]\n|-prepare|p2b: Lilligant|Solar Beam\n|-anim|p2b: Lilligant|Solar Beam|p1b: Hatterene\n|-damage|p1b: Hatterene|38\/100\n|move|p2a: Torkoal|Overheat|p1b: Hatterene\n|-damage|p1b: Hatterene|0 fnt\n|-unboost|p2a: Torkoal|spa|2\n|-enditem|p2a: Torkoal|Eject Pack\n|faint|p1b: Hatterene\n|\n|t:|1681928697\n|switch|p2a: Ting-Lu|Ting-Lu, L50|100\/100\n|-ability|p2a: Ting-Lu|Vessel of Ruin\n|move|p1a: Farigiraf|Trick Room|p1a: Farigiraf\n|-fieldstart|move: Trick Room|[of] p1a: Farigiraf\n|\n|-weather|SunnyDay|[upkeep]\n|upkeep\n|\n|t:|1681928711\n|switch|p1b: Azumarill|Azumarill, L50, F, shiny|100\/100\n|turn|2\n|\n|t:|1681928728\n|-terastallize|p1b: Azumarill|Ice\n|-terastallize|p2a: Ting-Lu|Poison\n|move|p1b: Azumarill|Ice Spinner|p2b: Lilligant\n|-supereffective|p2b: Lilligant\n|-damage|p2b: Lilligant|0 fnt\n|faint|p2b: Lilligant\n|move|p1a: Farigiraf|Energy Ball|p2a: Ting-Lu\n|-resisted|p2a: Ting-Lu\n|-damage|p2a: Ting-Lu|96\/100\n|move|p2a: Ting-Lu|Fissure|p1b: Azumarill|[miss]\n|-miss|p2a: Ting-Lu|p1b: Azumarill\n|\n|-weather|SunnyDay|[upkeep]\n|upkeep\n|\n|t:|1681928740\n|switch|p2b: Torkoal|Torkoal, L50, F|100\/100\n|turn|3\n|\n|t:|1681928760\n|move|p1b: Azumarill|Liquidation|p2b: Torkoal\n|-supereffective|p2b: Torkoal\n|-damage|p2b: Torkoal|60\/100\n|-unboost|p2b: Torkoal|def|1\n|move|p2b: Torkoal|Overheat|p1b: Azumarill\n|-supereffective|p1b: Azumarill\n|-damage|p1b: Azumarill|21\/100\n|-unboost|p2b: Torkoal|spa|2\n|move|p1a: Farigiraf|Thunderbolt|p2a: Ting-Lu\n|-damage|p2a: Ting-Lu|86\/100\n|move|p2a: Ting-Lu|Stomping Tantrum|p1a: Farigiraf\n|-damage|p1a: Farigiraf|46\/100\n|\n|-weather|SunnyDay|[upkeep]\n|upkeep\n|turn|4\n|inactive|TheGodMouse has 30 seconds left.\n|inactive|TheGodMouse has 20 seconds left.\n|inactive|TheGodMouse has 15 seconds left.\n|\n|t:|1681928801\n|switch|p1a: Scizor|Scizor, L50, F, shiny|100\/100\n|move|p1b: Azumarill|Liquidation|p2b: Torkoal\n|-supereffective|p2b: Torkoal\n|-crit|p2b: Torkoal\n|-damage|p2b: Torkoal|0 fnt\n|faint|p2b: Torkoal\n|move|p2a: Ting-Lu|Throat Chop|p1a: Scizor\n|-damage|p1a: Scizor|63\/100\n|-start|p1a: Scizor|Throat Chop|[silent]\n|\n|-weather|SunnyDay|[upkeep]\n|upkeep\n|\n|t:|1681928810\n|switch|p2b: Flutter Mane|Flutter Mane, L50, shiny|100\/100\n|-activate|p2b: Flutter Mane|ability: Protosynthesis\n|-start|p2b: Flutter Mane|protosynthesisspe\n|turn|5\n|inactive|TheGodMouse has 30 seconds left.\n|inactive|mfDOOMvmax has 30 seconds left.\n|inactive|mfDOOMvmax has 20 seconds left.\n|\n|t:|1681928847\n|move|p1a: Scizor|Bullet Punch|p2b: Flutter Mane\n|-supereffective|p2b: Flutter Mane\n|-crit|p2b: Flutter Mane\n|-damage|p2b: Flutter Mane|0 fnt\n|faint|p2b: Flutter Mane\n|-end|p2b: Flutter Mane|Protosynthesis|[silent]\n|move|p1b: Azumarill|Ice Spinner|p2a: Ting-Lu\n|-damage|p2a: Ting-Lu|55\/100\n|move|p2a: Ting-Lu|Heavy Slam|p1b: Azumarill\n|-supereffective|p1b: Azumarill\n|-damage|p1b: Azumarill|0 fnt\n|faint|p1b: Azumarill\n|\n|-weather|none\n|-end|p1a: Scizor|Throat Chop|[silent]\n|-fieldend|move: Trick Room\n|upkeep\n|\n|t:|1681928867\n|switch|p1b: Farigiraf|Farigiraf, L50, F, shiny|46\/100\n|turn|6\n|inactive|TheGodMouse has 30 seconds left.\n|\n|t:|1681928897\n|move|p1a: Scizor|Bullet Punch|p2a: Ting-Lu\n|-crit|p2a: Ting-Lu\n|-damage|p2a: Ting-Lu|25\/100\n|move|p2a: Ting-Lu|Throat Chop|p1b: Farigiraf\n|-supereffective|p1b: Farigiraf\n|-damage|p1b: Farigiraf|0 fnt\n|faint|p1b: Farigiraf\n|\n|upkeep\n|turn|7\n|inactive|TheGodMouse has 30 seconds left.\n|inactive|TheGodMouse has 20 seconds left.\n|inactive|TheGodMouse has 15 seconds left.\n|\n|t:|1681928940\n|move|p1a: Scizor|Bullet Punch|p2a: Ting-Lu\n|-damage|p2a: Ting-Lu|4\/100\n|move|p2a: Ting-Lu|Fissure|p1a: Scizor\n|-damage|p1a: Scizor|0 fnt\n|faint|p1a: Scizor\n|-ohko\n|\n|win|mfDOOMvmax\n|raw|TheGodMouse's rating: 1102 → 1080<\/strong> (-22 for losing)\n|raw|mfDOOMvmax's rating: 1146 → 1168<\/strong> (+22 for winning)\n|c|\u2606mfDOOMvmax|oh my god\n|c|\u2606mfDOOMvmax|OH MY GODDD\n","uploadtime":1681928964,"views":9,"p1id":"thegodmouse","p2id":"mfdoomvmax","formatid":"gen9vgc2023regulationc","rating":1080,"private":0,"password":""}