{"id":"gen9vgc2023regulationc-1845765523","p1":"Noodlz79","p2":"shanaha","format":"[Gen 9] VGC 2023 Regulation C","log":"|j|\u2606Noodlz79\n|j|\u2606shanaha\n|t:|1681762481\n|gametype|doubles\n|player|p1|Noodlz79|266|1052\n|player|p2|shanaha|1|1005\n|teamsize|p1|6\n|teamsize|p2|6\n|gen|9\n|tier|[Gen 9] VGC 2023 Regulation C\n|rated|\n|rule|Species Clause: Limit one of each Pok\u00e9mon\n|rule|Item Clause: Limit one of each item\n|clearpoke\n|poke|p1|Gothitelle, L50, M|\n|poke|p1|Scream Tail, L50|\n|poke|p1|Amoonguss, L50, F|\n|poke|p1|Flutter Mane, L50|\n|poke|p1|Arcanine, L50, M|\n|poke|p1|Palafin, L50, F|\n|poke|p2|Iron Valiant, L50|\n|poke|p2|Annihilape, L50, M|\n|poke|p2|Scream Tail, L50|\n|poke|p2|Garganacl, L50, M|\n|poke|p2|Maushold-Four, L50|\n|poke|p2|Fletchling, L50, M|\n|teampreview|4\n|\n|t:|1681762514\n|start\n|switch|p1a: Palafin|Palafin, L50, F, shiny|100\/100\n|switch|p1b: Amoonguss|Amoonguss, L50, F|100\/100\n|switch|p2a: Annihilape|Annihilape, L50, M|100\/100\n|switch|p2b: Iron Valiant|Iron Valiant, L50|100\/100\n|-enditem|p2b: Iron Valiant|Booster Energy\n|-activate|p2b: Iron Valiant|ability: Quark Drive|[fromitem]\n|-start|p2b: Iron Valiant|quarkdrivespe\n|turn|1\n|\n|t:|1681762549\n|detailschange|p1a: Palafin|Palafin-Hero, L50, F, shiny\n|switch|p1a: Gothitelle|Gothitelle, L50, M|100\/100\n|-terastallize|p1b: Amoonguss|Dark\n|move|p2b: Iron Valiant|Close Combat|p1b: Amoonguss\n|-supereffective|p1b: Amoonguss\n|-damage|p1b: Amoonguss|1\/100\n|-unboost|p2b: Iron Valiant|def|1\n|-unboost|p2b: Iron Valiant|spd|1\n|move|p2a: Annihilape|Final Gambit|p1a: Gothitelle\n|-damage|p1a: Gothitelle|0 fnt\n|faint|p2a: Annihilape\n|faint|p1a: Gothitelle\n|move|p1b: Amoonguss|Spore|p2b: Iron Valiant\n|-status|p2b: Iron Valiant|slp|[from] move: Spore\n|\n|upkeep\n|\n|t:|1681762568\n|switch|p2a: Scream Tail|Scream Tail, L50|100\/100\n|switch|p1a: Flutter Mane|Flutter Mane, L50, shiny|100\/100\n|turn|2\n|\n|t:|1681762583\n|move|p2a: Scream Tail|Protect|p2a: Scream Tail\n|-singleturn|p2a: Scream Tail|Protect\n|cant|p2b: Iron Valiant|slp\n|move|p1a: Flutter Mane|Shadow Ball|p2a: Scream Tail\n|-activate|p2a: Scream Tail|move: Protect\n|move|p1b: Amoonguss|Giga Drain|p2b: Iron Valiant\n|-damage|p2b: Iron Valiant|54\/100 slp\n|-heal|p1b: Amoonguss|21\/100|[from] drain|[of] p2b: Iron Valiant\n|\n|upkeep\n|turn|3\n|\n|t:|1681762597\n|-curestatus|p2b: Iron Valiant|slp|[msg]\n|move|p2b: Iron Valiant|Protect|p2b: Iron Valiant\n|-singleturn|p2b: Iron Valiant|Protect\n|move|p2a: Scream Tail|Protect||[still]\n|-fail|p2a: Scream Tail\n|move|p1b: Amoonguss|Protect|p1b: Amoonguss\n|-singleturn|p1b: Amoonguss|Protect\n|move|p1a: Flutter Mane|Shadow Ball|p2a: Scream Tail\n|-supereffective|p2a: Scream Tail\n|-damage|p2a: Scream Tail|52\/100\n|\n|upkeep\n|turn|4\n|\n|t:|1681762617\n|move|p2a: Scream Tail|Protect|p2a: Scream Tail\n|-singleturn|p2a: Scream Tail|Protect\n|move|p2b: Iron Valiant|Close Combat|p1b: Amoonguss\n|-supereffective|p1b: Amoonguss\n|-damage|p1b: Amoonguss|0 fnt\n|-unboost|p2b: Iron Valiant|def|1\n|-unboost|p2b: Iron Valiant|spd|1\n|faint|p1b: Amoonguss\n|move|p1a: Flutter Mane|Moonblast|p2b: Iron Valiant\n|-supereffective|p2b: Iron Valiant\n|-damage|p2b: Iron Valiant|0 fnt\n|faint|p2b: Iron Valiant\n|-end|p2b: Iron Valiant|Quark Drive|[silent]\n|\n|upkeep\n|\n|t:|1681762629\n|switch|p2b: Fletchling|Fletchling, L50, M|100\/100\n|switch|p1b: Palafin|Palafin-Hero, L50, F, shiny|100\/100\n|-activate|p1b: Palafin|ability: Zero to Hero\n|turn|5\n|\n|t:|1681762648\n|-terastallize|p2b: Fletchling|Ghost\n|move|p2b: Fletchling|Protect|p2b: Fletchling\n|-singleturn|p2b: Fletchling|Protect\n|move|p1b: Palafin|Jet Punch|p2b: Fletchling\n|-activate|p2b: Fletchling|move: Protect\n|move|p1a: Flutter Mane|Shadow Ball|p2a: Scream Tail\n|-supereffective|p2a: Scream Tail\n|-damage|p2a: Scream Tail|10\/100\n|-unboost|p2a: Scream Tail|spd|1\n|move|p2a: Scream Tail|Perish Song|p2a: Scream Tail\n|-start|p1a: Flutter Mane|perish3|[silent]\n|-start|p1b: Palafin|perish3|[silent]\n|-start|p2a: Scream Tail|perish3|[silent]\n|-start|p2b: Fletchling|perish3|[silent]\n|-fieldactivate|move: Perish Song\n|\n|-start|p1a: Flutter Mane|perish3\n|-start|p1b: Palafin|perish3\n|-start|p2a: Scream Tail|perish3\n|-start|p2b: Fletchling|perish3\n|-status|p2b: Fletchling|tox|[from] item: Toxic Orb\n|upkeep\n|turn|6\n|\n|t:|1681762691\n|move|p1a: Flutter Mane|Protect|p1a: Flutter Mane\n|-singleturn|p1a: Flutter Mane|Protect\n|move|p2a: Scream Tail|Protect|p2a: Scream Tail\n|-singleturn|p2a: Scream Tail|Protect\n|move|p1b: Palafin|Jet Punch|p2b: Fletchling\n|-damage|p2b: Fletchling|39\/100 tox\n|move|p2b: Fletchling|Fly||[still]\n|-prepare|p2b: Fletchling|Fly\n|\n|-damage|p2b: Fletchling|33\/100 tox|[from] psn\n|-start|p1a: Flutter Mane|perish2\n|-start|p1b: Palafin|perish2\n|-start|p2a: Scream Tail|perish2\n|-start|p2b: Fletchling|perish2\n|upkeep\n|turn|7\n|\n|t:|1681762724\n|move|p2a: Scream Tail|Protect||[still]\n|-fail|p2a: Scream Tail\n|move|p1b: Palafin|Jet Punch|p2a: Scream Tail\n|-damage|p2a: Scream Tail|0 fnt\n|faint|p2a: Scream Tail\n|-end|p2a: Scream Tail|Protosynthesis|[silent]\n|move|p1a: Flutter Mane|Shadow Ball|p2b: Fletchling|[miss]\n|-miss|p1a: Flutter Mane|p2b: Fletchling\n|move|p2b: Fletchling|Fly|p1a: Flutter Mane|[from]lockedmove\n|-damage|p1a: Flutter Mane|61\/100\n|\n|-damage|p2b: Fletchling|21\/100 tox|[from] psn\n|-start|p1a: Flutter Mane|perish1\n|-start|p1b: Palafin|perish1\n|-start|p2b: Fletchling|perish1\n|upkeep\n|turn|8\n|\n|t:|1681762744\n|move|p1a: Flutter Mane|Protect|p1a: Flutter Mane\n|-singleturn|p1a: Flutter Mane|Protect\n|move|p2b: Fletchling|Protect|p2b: Fletchling\n|-singleturn|p2b: Fletchling|Protect\n|move|p1b: Palafin|Jet Punch|p2b: Fletchling\n|-activate|p2b: Fletchling|move: Protect\n|\n|-damage|p2b: Fletchling|3\/100 tox|[from] psn\n|-start|p1a: Flutter Mane|perish0\n|-start|p1b: Palafin|perish0\n|-start|p2b: Fletchling|perish0\n|faint|p1a: Flutter Mane\n|-end|p1a: Flutter Mane|Protosynthesis|[silent]\n|faint|p1b: Palafin\n|faint|p2b: Fletchling\n|\n|win|shanaha\n|upkeep\n|raw|Noodlz79's rating: 1052 → 1032<\/strong> (-20 for losing)\n|raw|shanaha's rating: 1005 → 1050<\/strong> (+45 for winning)\n","uploadtime":1681762758,"views":5,"p1id":"noodlz79","p2id":"shanaha","formatid":"gen9vgc2023regulationc","rating":1032,"private":0,"password":""}