{"id":"gen9vgc2023regulationc-1864002968","p1":"BTBlackheart","p2":"ZoryaPet","format":"[Gen 9] VGC 2023 Regulation C","log":"|j|\u2606BTBlackheart\n|j|\u2606ZoryaPet\n|t:|1684103804\n|gametype|doubles\n|player|p1|BTBlackheart|gentleman-gen4dp|\n|player|p2|ZoryaPet|roxie|\n|teamsize|p1|6\n|teamsize|p2|6\n|gen|9\n|tier|[Gen 9] VGC 2023 Regulation C\n|rule|Species Clause: Limit one of each Pok\u00e9mon\n|rule|Item Clause: Limit one of each item\n|clearpoke\n|poke|p1|Flutter Mane, L50|\n|poke|p1|Garchomp, L50, M|\n|poke|p1|Gholdengo, L50|\n|poke|p1|Rotom-Wash, L50|\n|poke|p1|Brute Bonnet, L50|\n|poke|p1|Murkrow, L50, M|\n|poke|p2|Gyarados, L50, M|\n|poke|p2|Flutter Mane, L50|\n|poke|p2|Amoonguss, L50, F|\n|poke|p2|Murkrow, L50, F|\n|poke|p2|Gholdengo, L50|\n|poke|p2|Great Tusk, L50|\n|teampreview|4\nZoryaPet has agreed to open team sheets.\nBTBlackheart has agreed to open team sheets.\n|\n|t:|1684104014\n|start\n|switch|p1a: Brute Bonnet|Brute Bonnet, L50|100\/100\n|switch|p1b: Gholdengo|Gholdengo, L50|100\/100\n|switch|p2a: V\u00e0ng kh\u00e8|Gholdengo, L50|100\/100\n|switch|p2b: Nh\u00ecn s\u00fa vl|Amoonguss, L50, F|100\/100\n|turn|1\n|\n|t:|1684104047\n|switch|p2b: Chim b\u00e9|Murkrow, L50, F|100\/100\n|move|p1a: Brute Bonnet|Rage Powder|p1a: Brute Bonnet\n|-singleturn|p1a: Brute Bonnet|move: Rage Powder\n|move|p2a: V\u00e0ng kh\u00e8|Make It Rain|p1b: Gholdengo|[spread] p1a,p1b\n|-resisted|p1b: Gholdengo\n|-damage|p1a: Brute Bonnet|60\/100\n|-damage|p1b: Gholdengo|79\/100\n|-unboost|p2a: V\u00e0ng kh\u00e8|spa|1\n|move|p1b: Gholdengo|Nasty Plot|p1b: Gholdengo\n|-boost|p1b: Gholdengo|spa|2\n|\n|-heal|p1b: Gholdengo|85\/100|[from] item: Leftovers\n|upkeep\n|turn|2\n|\n|t:|1684104080\n|-terastallize|p2a: V\u00e0ng kh\u00e8|Water\n|move|p1a: Brute Bonnet|Sucker Punch|p2a: V\u00e0ng kh\u00e8\n|-damage|p2a: V\u00e0ng kh\u00e8|75\/100\n|move|p2b: Chim b\u00e9|Haze|p2b: Chim b\u00e9\n|-clearallboost\n|move|p2a: V\u00e0ng kh\u00e8|Make It Rain|p1b: Gholdengo|[spread] p1a,p1b\n|-resisted|p1b: Gholdengo\n|-damage|p1a: Brute Bonnet|20\/100\n|-damage|p1b: Gholdengo|60\/100\n|-unboost|p2a: V\u00e0ng kh\u00e8|spa|1\n|move|p1b: Gholdengo|Shadow Ball|p2a: V\u00e0ng kh\u00e8\n|-damage|p2a: V\u00e0ng kh\u00e8|32\/100\n|\n|-heal|p2a: V\u00e0ng kh\u00e8|38\/100|[from] item: Leftovers\n|-heal|p1b: Gholdengo|66\/100|[from] item: Leftovers\n|upkeep\n|turn|3\n|\n|t:|1684104116\n|switch|p1b: Rotom|Rotom-Wash, L50|100\/100\n|move|p2a: V\u00e0ng kh\u00e8|Protect|p2a: V\u00e0ng kh\u00e8\n|-singleturn|p2a: V\u00e0ng kh\u00e8|Protect\n|move|p1a: Brute Bonnet|Bullet Seed|p2a: V\u00e0ng kh\u00e8\n|-activate|p2a: V\u00e0ng kh\u00e8|move: Protect\n|move|p2b: Chim b\u00e9|Foul Play|p1a: Brute Bonnet\n|-resisted|p1a: Brute Bonnet\n|-damage|p1a: Brute Bonnet|2\/100\n|\n|-heal|p2a: V\u00e0ng kh\u00e8|44\/100|[from] item: Leftovers\n|upkeep\n|turn|4\n|\n|t:|1684104148\n|move|p2b: Chim b\u00e9|Tailwind|p2b: Chim b\u00e9\n|-sidestart|p2: ZoryaPet|move: Tailwind\n|move|p2a: V\u00e0ng kh\u00e8|Make It Rain|p1a: Brute Bonnet|[spread] p1a,p1b\n|-resisted|p1b: Rotom\n|-damage|p1a: Brute Bonnet|0 fnt\n|-damage|p1b: Rotom|91\/100\n|-unboost|p2a: V\u00e0ng kh\u00e8|spa|1\n|faint|p1a: Brute Bonnet\n|-end|p1a: Brute Bonnet|Protosynthesis|[silent]\n|move|p1b: Rotom|Thunderbolt|p2b: Chim b\u00e9\n|-supereffective|p2b: Chim b\u00e9\n|-damage|p2b: Chim b\u00e9|17\/100\n|\n|-heal|p2a: V\u00e0ng kh\u00e8|50\/100|[from] item: Leftovers\n|upkeep\n|\n|t:|1684104167\n|switch|p1a: Flutter Mane|Flutter Mane, L50|100\/100\n|turn|5\n|\n|t:|1684104221\n|-terastallize|p1a: Flutter Mane|Fairy\n|move|p2b: Chim b\u00e9|Haze|p2b: Chim b\u00e9\n|-clearallboost\n|move|p2a: V\u00e0ng kh\u00e8|Make It Rain|p1b: Rotom|[spread] p1a,p1b\n|-supereffective|p1a: Flutter Mane\n|-resisted|p1b: Rotom\n|-damage|p1a: Flutter Mane|0 fnt\n|-damage|p1b: Rotom|78\/100\n|-unboost|p2a: V\u00e0ng kh\u00e8|spa|1\n|faint|p1a: Flutter Mane\n|-end|p1a: Flutter Mane|Protosynthesis|[silent]\n|move|p1b: Rotom|Thunderbolt|p2b: Chim b\u00e9\n|-supereffective|p2b: Chim b\u00e9\n|-damage|p2b: Chim b\u00e9|0 fnt\n|faint|p2b: Chim b\u00e9\n|\n|-heal|p2a: V\u00e0ng kh\u00e8|56\/100|[from] item: Leftovers\n|upkeep\n|\n|t:|1684104242\n|switch|p1a: Gholdengo|Gholdengo, L50|66\/100\n|switch|p2b: Nh\u00ecn s\u00fa vl|Amoonguss, L50, F|100\/100\n|turn|6\n|\n|t:|1684104279\n|move|p2a: V\u00e0ng kh\u00e8|Protect|p2a: V\u00e0ng kh\u00e8\n|-singleturn|p2a: V\u00e0ng kh\u00e8|Protect\n|move|p1b: Rotom|Thunderbolt|p2a: V\u00e0ng kh\u00e8\n|-activate|p2a: V\u00e0ng kh\u00e8|move: Protect\n|move|p1a: Gholdengo|Make It Rain|p2a: V\u00e0ng kh\u00e8|[spread] p2b\n|-activate|p2a: V\u00e0ng kh\u00e8|move: Protect\n|-damage|p2b: Nh\u00ecn s\u00fa vl|53\/100\n|-unboost|p1a: Gholdengo|spa|1\n|move|p2b: Nh\u00ecn s\u00fa vl|Spore|p1b: Rotom\n|-status|p1b: Rotom|slp|[from] move: Spore\n|\n|-heal|p2a: V\u00e0ng kh\u00e8|63\/100|[from] item: Leftovers\n|-heal|p1a: Gholdengo|72\/100|[from] item: Leftovers\n|upkeep\n|turn|7\n|-message|BTBlackheart forfeited.\n|\n|win|ZoryaPet\n|l|\u2606BTBlackheart\n","uploadtime":1684104296,"views":6,"p1id":"btblackheart","p2id":"zoryapet","formatid":"gen9vgc2023regulationc","rating":0,"private":0,"password":""}