{"id":"gen9vgc2023regulationc-1852999970","p1":"KramerVGC","p2":"FIGHT ON STARMAN","format":"[Gen 9] VGC 2023 Regulation C","log":"|j|\u2606KramerVGC\n|j|\u2606FIGHT ON STARMAN\n|t:|1682624404\n|gametype|doubles\n|player|p1|KramerVGC|2|1230\n|player|p2|FIGHT ON STARMAN|may-masters|1300\n|teamsize|p1|6\n|teamsize|p2|6\n|gen|9\n|tier|[Gen 9] VGC 2023 Regulation C\n|rated|\n|rule|Species Clause: Limit one of each Pok\u00e9mon\n|rule|Item Clause: Limit one of each item\n|clearpoke\n|poke|p1|Ceruledge, L50, M|\n|poke|p1|Brute Bonnet, L50|\n|poke|p1|Ting-Lu, L50|\n|poke|p1|Arcanine, L50, F|\n|poke|p1|Scream Tail, L50|\n|poke|p1|Flutter Mane, L50|\n|poke|p2|Pincurchin, L50, F|\n|poke|p2|Iron Hands, L50|\n|poke|p2|Palafin, L50, F|\n|poke|p2|Ting-Lu, L50|\n|poke|p2|Amoonguss, L50, M|\n|poke|p2|Flutter Mane, L50|\n|teampreview|4\nFIGHT ON STARMAN has agreed to open team sheets.\nKramerVGC has agreed to open team sheets.\n|inactive|Battle timer is ON: inactive players will automatically lose when time's up. (requested by KramerVGC)\n|\n|t:|1682624497\n|start\n|switch|p1a: Ting-Lu|Ting-Lu, L50|100\/100\n|switch|p1b: Arcanine|Arcanine, L50, F|100\/100\n|switch|p2a: MISTRESS|Flutter Mane, L50, shiny|100\/100\n|switch|p2b: SIDEKICK|Amoonguss, L50, M, shiny|100\/100\n|-ability|p1b: Arcanine|Intimidate|boost\n|-unboost|p2a: MISTRESS|atk|1\n|-unboost|p2b: SIDEKICK|atk|1\n|-ability|p1a: Ting-Lu|Vessel of Ruin\n|turn|1\n|inactive|KramerVGC has 30 seconds left.\n|inactive|FIGHT ON STARMAN has 30 seconds left.\n|\n|t:|1682624524\n|move|p2b: SIDEKICK|Rage Powder|p2b: SIDEKICK\n|-singleturn|p2b: SIDEKICK|move: Rage Powder\n|move|p2a: MISTRESS|Power Gem|p1b: Arcanine\n|-supereffective|p1b: Arcanine\n|-damage|p1b: Arcanine|29\/100\n|move|p1b: Arcanine|Flare Blitz|p2b: SIDEKICK\n|-supereffective|p2b: SIDEKICK\n|-damage|p2b: SIDEKICK|7\/100\n|-enditem|p2b: SIDEKICK|Sitrus Berry|[eat]\n|-heal|p2b: SIDEKICK|32\/100|[from] item: Sitrus Berry\n|-damage|p1b: Arcanine|0 fnt|[from] Recoil\n|faint|p1b: Arcanine\n|move|p1a: Ting-Lu|Heavy Slam|p2b: SIDEKICK\n|-damage|p2b: SIDEKICK|1\/100\n|\n|upkeep\n|inactive|KramerVGC has 30 seconds left.\n|\n|t:|1682624550\n|switch|p1b: Brute Bonnet|Brute Bonnet, L50|100\/100\n|turn|2\n|inactive|FIGHT ON STARMAN has 30 seconds left.\n|\n|t:|1682624582\n|-end|p2a: MISTRESS|Protosynthesis|[silent]\n|switch|p2a: STARMAN|Iron Hands, L50, shiny|100\/100\n|switch|p2b: ARCHETYPE|Ting-Lu, L50|100\/100\n|-ability|p2b: ARCHETYPE|Vessel of Ruin\n|move|p1b: Brute Bonnet|Spore|p2a: STARMAN\n|-status|p2a: STARMAN|slp|[from] move: Spore\n|move|p1a: Ting-Lu|Sand Tomb|p2b: ARCHETYPE\n|-damage|p2b: ARCHETYPE|91\/100\n|-activate|p2b: ARCHETYPE|move: Sand Tomb|[of] p1a: Ting-Lu\n|\n|-heal|p2b: ARCHETYPE|97\/100|[from] item: Leftovers\n|-damage|p2b: ARCHETYPE|85\/100|[from] move: Sand Tomb|[partiallytrapped]\n|upkeep\n|turn|3\n|\n|t:|1682624604\n|-terastallize|p2b: ARCHETYPE|Grass\n|cant|p2a: STARMAN|slp\n|move|p1b: Brute Bonnet|Bullet Seed|p2b: ARCHETYPE\n|-resisted|p2b: ARCHETYPE\n|-damage|p2b: ARCHETYPE|81\/100\n|-resisted|p2b: ARCHETYPE\n|-damage|p2b: ARCHETYPE|77\/100\n|-resisted|p2b: ARCHETYPE\n|-damage|p2b: ARCHETYPE|73\/100\n|-resisted|p2b: ARCHETYPE\n|-damage|p2b: ARCHETYPE|69\/100\n|-hitcount|p2b: ARCHETYPE|4\n|move|p1a: Ting-Lu|Sand Tomb|p2a: STARMAN\n|-supereffective|p2a: STARMAN\n|-damage|p2a: STARMAN|79\/100 slp\n|-activate|p2a: STARMAN|move: Sand Tomb|[of] p1a: Ting-Lu\n|move|p2b: ARCHETYPE|Ruination|p1a: Ting-Lu\n|-damage|p1a: Ting-Lu|51\/100\n|\n|-heal|p2b: ARCHETYPE|75\/100|[from] item: Leftovers\n|-damage|p2a: STARMAN|67\/100 slp|[from] move: Sand Tomb|[partiallytrapped]\n|-damage|p2b: ARCHETYPE|63\/100|[from] move: Sand Tomb|[partiallytrapped]\n|upkeep\n|turn|4\n|inactive|KramerVGC has 30 seconds left.\n|\n|t:|1682624631\n|cant|p2a: STARMAN|slp\n|move|p1b: Brute Bonnet|Bullet Seed|p2a: STARMAN\n|-damage|p2a: STARMAN|58\/100 slp\n|-damage|p2a: STARMAN|49\/100 slp\n|-damage|p2a: STARMAN|39\/100 slp\n|-damage|p2a: STARMAN|31\/100 slp\n|-hitcount|p2a: STARMAN|4\n|move|p1a: Ting-Lu|Stomping Tantrum|p2a: STARMAN\n|-supereffective|p2a: STARMAN\n|-damage|p2a: STARMAN|0 fnt\n|faint|p2a: STARMAN\n|-end|p2a: STARMAN|Quark Drive|[silent]\n|move|p2b: ARCHETYPE|Ruination|p1b: Brute Bonnet\n|-damage|p1b: Brute Bonnet|51\/100\n|\n|-heal|p2b: ARCHETYPE|69\/100|[from] item: Leftovers\n|-damage|p2b: ARCHETYPE|57\/100|[from] move: Sand Tomb|[partiallytrapped]\n|upkeep\n|\n|t:|1682624641\n|switch|p2a: MISTRESS|Flutter Mane, L50, shiny|100\/100\n|turn|5\n|inactive|FIGHT ON STARMAN has 30 seconds left.\n|\n|t:|1682624669\n|-end|p2a: MISTRESS|Protosynthesis|[silent]\n|switch|p2a: SIDEKICK|Amoonguss, L50, M, shiny|34\/100\n|move|p1b: Brute Bonnet|Rage Powder|p1b: Brute Bonnet\n|-singleturn|p1b: Brute Bonnet|move: Rage Powder\n|move|p1a: Ting-Lu|Heavy Slam|p2a: SIDEKICK\n|-damage|p2a: SIDEKICK|5\/100\n|move|p2b: ARCHETYPE|Heavy Slam|p1b: Brute Bonnet\n|-damage|p1b: Brute Bonnet|20\/100\n|\n|-heal|p2b: ARCHETYPE|63\/100|[from] item: Leftovers\n|-damage|p2b: ARCHETYPE|50\/100|[from] move: Sand Tomb|[partiallytrapped]\n|upkeep\n|turn|6\n|inactive|FIGHT ON STARMAN has 30 seconds left.\n|inactive|FIGHT ON STARMAN has 20 seconds left.\n|\n|t:|1682624707\n|move|p1b: Brute Bonnet|Bullet Seed|p2b: ARCHETYPE\n|-resisted|p2b: ARCHETYPE\n|-damage|p2b: ARCHETYPE|47\/100\n|-resisted|p2b: ARCHETYPE\n|-damage|p2b: ARCHETYPE|42\/100\n|-resisted|p2b: ARCHETYPE\n|-damage|p2b: ARCHETYPE|38\/100\n|-resisted|p2b: ARCHETYPE\n|-damage|p2b: ARCHETYPE|34\/100\n|-hitcount|p2b: ARCHETYPE|4\n|move|p1a: Ting-Lu|Heavy Slam|p2a: SIDEKICK\n|-damage|p2a: SIDEKICK|0 fnt\n|faint|p2a: SIDEKICK\n|move|p2b: ARCHETYPE|Heavy Slam|p1b: Brute Bonnet\n|-damage|p1b: Brute Bonnet|0 fnt\n|faint|p1b: Brute Bonnet\n|-end|p1b: Brute Bonnet|Protosynthesis|[silent]\n|\n|-heal|p2b: ARCHETYPE|41\/100|[from] item: Leftovers\n|-end|p2b: ARCHETYPE|Sand Tomb|[partiallytrapped]\n|upkeep\n|\n|t:|1682624722\n|switch|p1b: Scream Tail|Scream Tail, L50|100\/100\n|switch|p2a: MISTRESS|Flutter Mane, L50, shiny|100\/100\n|-enditem|p1b: Scream Tail|Booster Energy\n|-activate|p1b: Scream Tail|ability: Protosynthesis|[fromitem]\n|-start|p1b: Scream Tail|protosynthesisspe\n|turn|7\n|\n|t:|1682624745\n|move|p1b: Scream Tail|Disable|p2b: ARCHETYPE\n|-start|p2b: ARCHETYPE|Disable|Heavy Slam\n|move|p2a: MISTRESS|Moonblast|p1a: Ting-Lu\n|-supereffective|p1a: Ting-Lu\n|-damage|p1a: Ting-Lu|0 fnt\n|faint|p1a: Ting-Lu\n|cant|p2b: ARCHETYPE|Disable|Heavy Slam\n|\n|-heal|p2b: ARCHETYPE|47\/100|[from] item: Leftovers\n|upkeep\n|turn|8\n|\n|t:|1682624763\n|move|p2b: ARCHETYPE|Protect|p2b: ARCHETYPE\n|-singleturn|p2b: ARCHETYPE|Protect\n|move|p1b: Scream Tail|Disable|p2a: MISTRESS\n|-start|p2a: MISTRESS|Disable|Moonblast\n|cant|p2a: MISTRESS|Disable|Moonblast\n|\n|-heal|p2b: ARCHETYPE|53\/100|[from] item: Leftovers\n|upkeep\n|turn|9\n|\n|t:|1682624772\n|move|p1b: Scream Tail|Play Rough|p2b: ARCHETYPE|[miss]\n|-miss|p1b: Scream Tail|p2b: ARCHETYPE\n|-activate|p2a: MISTRESS|move: Struggle\n|move|p2a: MISTRESS|Struggle|p1b: Scream Tail\n|-damage|p1b: Scream Tail|96\/100\n|-damage|p2a: MISTRESS|75\/100|[from] recoil\n|move|p2b: ARCHETYPE|Stomping Tantrum|p1b: Scream Tail\n|-damage|p1b: Scream Tail|68\/100\n|\n|-heal|p2b: ARCHETYPE|59\/100|[from] item: Leftovers\n|upkeep\n|turn|10\n|\n|t:|1682624788\n|move|p1b: Scream Tail|Play Rough|p2a: MISTRESS\n|-damage|p2a: MISTRESS|24\/100\n|-activate|p2a: MISTRESS|move: Struggle\n|move|p2a: MISTRESS|Struggle|p1b: Scream Tail\n|-damage|p1b: Scream Tail|64\/100\n|-damage|p2a: MISTRESS|0 fnt|[from] recoil\n|faint|p2a: MISTRESS\n|-end|p2a: MISTRESS|Protosynthesis|[silent]\n|move|p2b: ARCHETYPE|Stomping Tantrum|p1b: Scream Tail\n|-damage|p1b: Scream Tail|36\/100\n|\n|-heal|p2b: ARCHETYPE|65\/100|[from] item: Leftovers\n|-end|p2b: ARCHETYPE|Disable\n|upkeep\n|turn|11\n|\n|t:|1682624804\n|move|p1b: Scream Tail|Encore|p2b: ARCHETYPE\n|-start|p2b: ARCHETYPE|Encore\n|move|p2b: ARCHETYPE|Stomping Tantrum|p1b: Scream Tail\n|-damage|p1b: Scream Tail|5\/100\n|\n|-heal|p2b: ARCHETYPE|71\/100|[from] item: Leftovers\n|upkeep\n|turn|12\n|\n|t:|1682624810\n|move|p1b: Scream Tail|Disable|p2b: ARCHETYPE\n|-start|p2b: ARCHETYPE|Disable|Stomping Tantrum\n|cant|p2b: ARCHETYPE|Disable|Stomping Tantrum\n|\n|-heal|p2b: ARCHETYPE|77\/100|[from] item: Leftovers\n|upkeep\n|turn|13\n|\n|t:|1682624817\n|move|p1b: Scream Tail|Play Rough|p2b: ARCHETYPE\n|-damage|p2b: ARCHETYPE|63\/100\n|-activate|p2b: ARCHETYPE|move: Struggle\n|move|p2b: ARCHETYPE|Struggle|p1b: Scream Tail\n|-damage|p1b: Scream Tail|0 fnt\n|faint|p1b: Scream Tail\n|-end|p1b: Scream Tail|Protosynthesis|[silent]\n|-damage|p2b: ARCHETYPE|38\/100|[from] recoil\n|\n|win|FIGHT ON STARMAN\n|raw|KramerVGC's rating: 1230 → 1210<\/strong> (-20 for losing)\n|raw|FIGHT ON STARMAN's rating: 1300 → 1320<\/strong> (+20 for winning)\n","uploadtime":1682624825,"views":13,"p1id":"kramervgc","p2id":"fightonstarman","formatid":"gen9vgc2023regulationc","rating":1210,"private":0,"password":""}