{"id":"gen9vgc2023regulationc-1856190595","p1":"Gopher spot","p2":"haha you rage quit","format":"[Gen 9] VGC 2023 Regulation C","log":"|j|\u2606Gopher spot\n|j|\u2606haha you rage quit\n|t:|1683039146\n|gametype|doubles\n|player|p1|Gopher spot|teamrocket|1102\n|player|p2|haha you rage quit|pokemaniac|1086\n|teamsize|p1|6\n|teamsize|p2|6\n|gen|9\n|tier|[Gen 9] VGC 2023 Regulation C\n|rated|\n|rule|Species Clause: Limit one of each Pok\u00e9mon\n|rule|Item Clause: Limit one of each item\n|clearpoke\n|poke|p1|Scizor, L50, M|\n|poke|p1|Palafin, L50, F|\n|poke|p1|Annihilape, L50, F|\n|poke|p1|Amoonguss, L50, F|\n|poke|p1|Pachirisu, L50, F|\n|poke|p1|Roaring Moon, L50|\n|poke|p2|Hariyama, L50, M|\n|poke|p2|Slowpoke, L50, M|\n|poke|p2|Indeedee-F, L50, F|\n|poke|p2|Torkoal, L50, F|\n|poke|p2|Arboliva, L50, M|\n|poke|p2|Gastrodon, L50, F|\n|teampreview|4\nGopher spot has agreed to open team sheets.\n|inactive|Battle timer is ON: inactive players will automatically lose when time's up. (requested by haha you rage quit)\n|\n|t:|1683039197\n|start\n|switch|p1a: rawing moon|Roaring Moon, L50|100\/100\n|switch|p1b: Scizor|Scizor, L50, M|100\/100\n|switch|p2a: Hariyama|Hariyama, L50, M|100\/100\n|switch|p2b: Slowpoke|Slowpoke, L50, M, shiny|100\/100\n|-enditem|p1a: rawing moon|Booster Energy\n|-activate|p1a: rawing moon|ability: Protosynthesis|[fromitem]\n|-start|p1a: rawing moon|protosynthesisspe\n|turn|1\n|inactive|haha you rage quit has 30 seconds left.\n|\n|t:|1683039232\n|-terastallize|p2a: Hariyama|Steel\n|move|p2a: Hariyama|Fake Out|p1b: Scizor\n|-resisted|p1b: Scizor\n|-damage|p1b: Scizor|94\/100\n|move|p1a: rawing moon|Tailwind|p1a: rawing moon\n|-sidestart|p1: Gopher spot|move: Tailwind\n|cant|p1b: Scizor|flinch\n|move|p2b: Slowpoke|Trick Room|p2b: Slowpoke\n|-fieldstart|move: Trick Room|[of] p2b: Slowpoke\n|\n|-status|p2a: Hariyama|brn|[from] item: Flame Orb\n|upkeep\n|turn|2\n|inactive|haha you rage quit has 30 seconds left.\n|inactive|haha you rage quit has 20 seconds left.\n|\n|t:|1683039270\n|-terastallize|p1a: rawing moon|Steel\n|move|p2b: Slowpoke|Helping Hand|p2a: Hariyama\n|-singleturn|p2a: Hariyama|Helping Hand|[of] p2b: Slowpoke\n|move|p2a: Hariyama|Drain Punch|p1a: rawing moon\n|-supereffective|p1a: rawing moon\n|-damage|p1a: rawing moon|0 fnt\n|faint|p1a: rawing moon\n|-end|p1a: rawing moon|Protosynthesis|[silent]\n|move|p1b: Scizor|U-turn|p2b: Slowpoke\n|-supereffective|p2b: Slowpoke\n|-damage|p2b: Slowpoke|9\/100\n|\n|t:|1683039281\n|switch|p1b: Palafin|Palafin, L50, F|100\/100|[from] U-turn\n|\n|-damage|p2a: Hariyama|95\/100 brn|[from] brn\n|upkeep\n|\n|t:|1683039289\n|switch|p1a: Annihilape|Annihilape, L50, F|100\/100\n|turn|3\n|\n|t:|1683039302\n|detailschange|p1b: Palafin|Palafin-Hero, L50, F\n|switch|p1b: Scizor|Scizor, L50, M|94\/100\n|move|p2b: Slowpoke|Helping Hand|p2a: Hariyama\n|-singleturn|p2a: Hariyama|Helping Hand|[of] p2b: Slowpoke\n|move|p2a: Hariyama|Knock Off|p1a: Annihilape\n|-damage|p1a: Annihilape|32\/100\n|-enditem|p1a: Annihilape|Lum Berry|[from] move: Knock Off|[of] p2a: Hariyama\n|move|p1a: Annihilape|Bulk Up|p1a: Annihilape\n|-boost|p1a: Annihilape|atk|1\n|-boost|p1a: Annihilape|def|1\n|\n|-damage|p2a: Hariyama|89\/100 brn|[from] brn\n|upkeep\n|turn|4\n|\n|t:|1683039322\n|switch|p1a: Palafin|Palafin-Hero, L50, F|100\/100\n|-activate|p1a: Palafin|ability: Zero to Hero\n|move|p2b: Slowpoke|Helping Hand|p2a: Hariyama\n|-singleturn|p2a: Hariyama|Helping Hand|[of] p2b: Slowpoke\n|move|p2a: Hariyama|Knock Off|p1a: Palafin\n|-damage|p1a: Palafin|31\/100\n|-enditem|p1a: Palafin|Mystic Water|[from] move: Knock Off|[of] p2a: Hariyama\n|move|p1b: Scizor|U-turn|p2b: Slowpoke\n|-supereffective|p2b: Slowpoke\n|-damage|p2b: Slowpoke|0 fnt\n|faint|p2b: Slowpoke\n|\n|t:|1683039335\n|switch|p1b: Annihilape|Annihilape, L50, F|32\/100|[from] U-turn\n|\n|-damage|p2a: Hariyama|83\/100 brn|[from] brn\n|-sideend|p1: Gopher spot|move: Tailwind\n|upkeep\n|\n|t:|1683039348\n|switch|p2b: Torkoal|Torkoal, L50, F, shiny|100\/100\n|-weather|SunnyDay|[from] ability: Drought|[of] p2b: Torkoal\n|turn|5\n|\n|t:|1683039361\n|move|p1a: Palafin|Jet Punch|p2b: Torkoal\n|-supereffective|p2b: Torkoal\n|-damage|p2b: Torkoal|73\/100\n|-enditem|p2b: Torkoal|Weakness Policy\n|-boost|p2b: Torkoal|atk|2|[from] item: Weakness Policy\n|-boost|p2b: Torkoal|spa|2|[from] item: Weakness Policy\n|move|p2b: Torkoal|Eruption|p1a: Palafin|[spread] p1a,p1b\n|-resisted|p1a: Palafin\n|-damage|p1a: Palafin|0 fnt\n|-damage|p1b: Annihilape|0 fnt\n|faint|p1a: Palafin\n|faint|p1b: Annihilape\n|move|p2a: Hariyama|Knock Off|p1: Palafin|[notarget]\n|-fail|p2a: Hariyama\n|\n|-weather|SunnyDay|[upkeep]\n|-damage|p2a: Hariyama|77\/100 brn|[from] brn\n|-fieldend|move: Trick Room\n|upkeep\n|\n|t:|1683039371\n|switch|p1b: Scizor|Scizor, L50, M|94\/100\n|turn|6\n|\n|t:|1683039388\n|move|p1b: Scizor|Close Combat|p2b: Torkoal\n|-damage|p2b: Torkoal|18\/100\n|-unboost|p1b: Scizor|def|1\n|-unboost|p1b: Scizor|spd|1\n|move|p2a: Hariyama|Knock Off|p1b: Scizor\n|-damage|p1b: Scizor|21\/100\n|-enditem|p1b: Scizor|Choice Band|[from] move: Knock Off|[of] p2a: Hariyama\n|move|p2b: Torkoal|Heat Wave|p1b: Scizor\n|-supereffective|p1b: Scizor\n|-damage|p1b: Scizor|0 fnt\n|faint|p1b: Scizor\n|\n|win|haha you rage quit\n|raw|Gopher spot's rating: 1102 → 1076<\/strong> (-26 for losing)\n|raw|haha you rage quit's rating: 1086 → 1114<\/strong> (+28 for winning)\n|l|\u2606Gopher spot\n","uploadtime":1683039412,"views":11,"p1id":"gopherspot","p2id":"hahayouragequit","formatid":"gen9vgc2023regulationc","rating":1076,"private":0,"password":""}