{"id":"gen9vgc2023regulationc-1858528491","p1":"WaffleMoo","p2":"Arc2048","format":"[Gen 9] VGC 2023 Regulation C","log":"|j|\u2606WaffleMoo\n|j|\u2606Arc2048\n|t:|1683321702\n|gametype|doubles\n|player|p1|WaffleMoo|riley|\n|player|p2|Arc2048|palmer|\n|teamsize|p1|6\n|teamsize|p2|6\n|gen|9\n|tier|[Gen 9] VGC 2023 Regulation C\n|rule|Species Clause: Limit one of each Pok\u00e9mon\n|rule|Item Clause: Limit one of each item\n|clearpoke\n|poke|p1|Palafin, L50, F|\n|poke|p1|Salamence, L50, F|\n|poke|p1|Tinkaton, L50, F|\n|poke|p1|Pelipper, L50, M|\n|poke|p1|Raichu, L50, F|\n|poke|p1|Florges, L50, F|\n|poke|p2|Great Tusk, L50|\n|poke|p2|Rotom-Mow, L50|\n|poke|p2|Cyclizar, L50, M|\n|poke|p2|Murkrow, L50, M|\n|poke|p2|Arcanine, L50, M|\n|poke|p2|Iron Bundle, L50|\n|teampreview|4\n|\n|t:|1683321722\n|start\n|switch|p1a: Palafin|Palafin, L50, F|100\/100\n|switch|p1b: Tinkaton|Tinkaton, L50, F, shiny|100\/100\n|switch|p2a: Cyclizar|Cyclizar, L50, M|100\/100\n|switch|p2b: Murkrow|Murkrow, L50, M|100\/100\n|-ability|p1b: Tinkaton|Mold Breaker\n|turn|1\n|\n|t:|1683321738\n|detailschange|p1a: Palafin|Palafin-Hero, L50, F\n|switch|p1a: Salamence|Salamence, L50, F, shiny|100\/100\n|-ability|p1a: Salamence|Intimidate|boost\n|-unboost|p2a: Cyclizar|atk|1\n|-unboost|p2b: Murkrow|atk|1\n|move|p1b: Tinkaton|Fake Out|p2a: Cyclizar\n|-damage|p2a: Cyclizar|87\/100\n|cant|p2a: Cyclizar|flinch\n|move|p2b: Murkrow|Tailwind|p2b: Murkrow\n|-sidestart|p2: Arc2048|move: Tailwind\n|\n|upkeep\n|turn|2\n|\n|t:|1683321766\n|-terastallize|p1a: Salamence|Electric\n|move|p2a: Cyclizar|Shed Tail|p2a: Cyclizar\n|-start|p2a: Cyclizar|Substitute|[from] move: Shed Tail\n|-damage|p2a: Cyclizar|36\/100\n|\n|t:|1683321771\n|switch|p2a: Great Tusk|Great Tusk, L50|100\/100|[from] Shed Tail\n|move|p2b: Murkrow|U-turn|p1b: Tinkaton\n|-resisted|p1b: Tinkaton\n|-damage|p1b: Tinkaton|98\/100\n|\n|t:|1683321777\n|switch|p2b: Rotom|Rotom-Mow, L50|100\/100|[from] U-turn\n|move|p1a: Salamence|Dragon Dance|p1a: Salamence\n|-boost|p1a: Salamence|atk|1\n|-boost|p1a: Salamence|spe|1\n|move|p1b: Tinkaton|Light Screen|p1b: Tinkaton\n|-sidestart|p1: WaffleMoo|move: Light Screen\n|\n|upkeep\n|turn|3\n|\n|t:|1683321808\n|-terastallize|p2a: Great Tusk|Ground\n|move|p1a: Salamence|Protect|p1a: Salamence\n|-singleturn|p1a: Salamence|Protect\n|move|p2b: Rotom|Discharge|p1b: Tinkaton|[spread] p1b\n|-activate|p1a: Salamence|move: Protect\n|-immune|p2a: Great Tusk\n|-damage|p1b: Tinkaton|81\/100\n|move|p2a: Great Tusk|Earthquake|p1b: Tinkaton|[spread] p1b\n|-activate|p1a: Salamence|move: Protect\n|-immune|p2b: Rotom|[from] ability: Levitate\n|-supereffective|p1b: Tinkaton\n|-enditem|p1b: Tinkaton|Shuca Berry|[eat]\n|-enditem|p1b: Tinkaton|Shuca Berry|[weaken]\n|-damage|p1b: Tinkaton|0 fnt\n|faint|p1b: Tinkaton\n|\n|upkeep\n|\n|t:|1683321831\n|switch|p1b: Palafin|Palafin-Hero, L50, F|100\/100\n|-activate|p1b: Palafin|ability: Zero to Hero\n|turn|4\n|\n|t:|1683321840\n|move|p1b: Palafin|Protect|p1b: Palafin\n|-singleturn|p1b: Palafin|Protect\n|move|p2b: Rotom|Discharge|p1b: Palafin|[spread] p1a\n|-activate|p1b: Palafin|move: Protect\n|-immune|p2a: Great Tusk\n|-resisted|p1a: Salamence\n|-damage|p1a: Salamence|87\/100\n|move|p2a: Great Tusk|Earthquake|p1b: Palafin|[spread] p1a\n|-activate|p1b: Palafin|move: Protect\n|-immune|p2b: Rotom|[from] ability: Levitate\n|-supereffective|p1a: Salamence\n|-damage|p1a: Salamence|0 fnt\n|faint|p1a: Salamence\n|\n|-sideend|p2: Arc2048|move: Tailwind\n|upkeep\n|\n|t:|1683321858\n|switch|p1a: Florges|Florges, L50, F, shiny|100\/100\n|turn|5\n|\n|t:|1683321872\n|move|p1b: Palafin|Wave Crash|p2a: Great Tusk\n|-supereffective|p2a: Great Tusk\n|-end|p2a: Great Tusk|Substitute\n|-damage|p1b: Palafin|94\/100|[from] Recoil|[of] p2a: Great Tusk\n|move|p2b: Rotom|Discharge|p1a: Florges|[spread] p1a,p1b\n|-immune|p2a: Great Tusk\n|-supereffective|p1b: Palafin\n|-damage|p1a: Florges|90\/100\n|-damage|p1b: Palafin|25\/100\n|move|p2a: Great Tusk|Earthquake|p1a: Florges|[spread] p1a,p1b\n|-immune|p2b: Rotom|[from] ability: Levitate\n|-crit|p1b: Palafin\n|-damage|p1a: Florges|0 fnt\n|-damage|p1b: Palafin|0 fnt\n|faint|p1a: Florges\n|faint|p1b: Palafin\n|\n|win|Arc2048\n|l|\u2606WaffleMoo\n","uploadtime":1683321892,"views":8,"p1id":"wafflemoo","p2id":"arc2048","formatid":"gen9vgc2023regulationc","rating":0,"private":0,"password":""}