{"id":"gen9vgc2023regulationc-1861873976","p1":"Sans45910","p2":"goatgamer11","format":"[Gen 9] VGC 2023 Regulation C","log":"|j|\u2606Sans45910\n|j|\u2606goatgamer11\n|t:|1683816896\n|gametype|doubles\n|player|p1|Sans45910|nate|1412\n|player|p2|goatgamer11|rika|1329\n|teamsize|p1|6\n|teamsize|p2|6\n|gen|9\n|tier|[Gen 9] VGC 2023 Regulation C\n|rated|\n|rule|Species Clause: Limit one of each Pok\u00e9mon\n|rule|Item Clause: Limit one of each item\n|clearpoke\n|poke|p1|Torkoal, L50, F|\n|poke|p1|Scizor, L50, M|\n|poke|p1|Sandy Shocks, L50|\n|poke|p1|Chi-Yu, L50|\n|poke|p1|Noivern, L50, F|\n|poke|p1|Flutter Mane, L50|\n|poke|p2|Tyranitar, L50, F|\n|poke|p2|Lycanroc, L50, F|\n|poke|p2|Garchomp, L50, M|\n|poke|p2|Flutter Mane, L50|\n|poke|p2|Iron Bundle, L50|\n|poke|p2|Corviknight, L50, F|\n|teampreview|4\nSans45910 has agreed to open team sheets.\ngoatgamer11 has agreed to open team sheets.\n|inactive|Battle timer is ON: inactive players will automatically lose when time's up. (requested by goatgamer11)\n|\n|t:|1683816931\n|start\n|switch|p1a: Scizor|Scizor, L50, M|100\/100\n|switch|p1b: Flutter Mane|Flutter Mane, L50|100\/100\n|switch|p2a: Tyranitar|Tyranitar, L50, F|100\/100\n|switch|p2b: Lycanroc|Lycanroc, L50, F|100\/100\n|-weather|Sandstorm|[from] ability: Sand Stream|[of] p2a: Tyranitar\n|turn|1\n|inactive|Sans45910 has 30 seconds left.\n|\n|t:|1683816956\n|-terastallize|p1b: Flutter Mane|Water\n|-terastallize|p2a: Tyranitar|Grass\n|move|p2b: Lycanroc|Rock Slide|p1a: Scizor|[spread] p1a\n|-miss|p2b: Lycanroc|p1b: Flutter Mane\n|-damage|p1a: Scizor|68\/100\n|move|p1b: Flutter Mane|Shadow Ball|p2b: Lycanroc\n|-damage|p2b: Lycanroc|39\/100\n|move|p1a: Scizor|Pounce|p2a: Tyranitar\n|-supereffective|p2a: Tyranitar\n|-damage|p2a: Tyranitar|28\/100\n|-unboost|p2a: Tyranitar|spe|1\n|move|p2a: Tyranitar|Rock Slide|p1a: Scizor|[spread] p1a,p1b\n|-crit|p1a: Scizor\n|-damage|p1a: Scizor|22\/100\n|-damage|p1b: Flutter Mane|43\/100\n|\n|-weather|Sandstorm|[upkeep]\n|-damage|p1b: Flutter Mane|37\/100|[from] Sandstorm\n|-damage|p2a: Tyranitar|21\/100|[from] Sandstorm\n|upkeep\n|turn|2\n|inactive|goatgamer11 has 30 seconds left.\n|\n|t:|1683816982\n|move|p2b: Lycanroc|Protect|p2b: Lycanroc\n|-singleturn|p2b: Lycanroc|Protect\n|move|p1a: Scizor|Bullet Punch|p2b: Lycanroc\n|-activate|p2b: Lycanroc|move: Protect\n|move|p1b: Flutter Mane|Shadow Ball|p2a: Tyranitar\n|-damage|p2a: Tyranitar|0 fnt\n|faint|p2a: Tyranitar\n|\n|-weather|Sandstorm|[upkeep]\n|-damage|p1b: Flutter Mane|31\/100|[from] Sandstorm\n|upkeep\n|\n|t:|1683816988\n|switch|p2a: Iron Bundle|Iron Bundle, L50|100\/100\n|-enditem|p2a: Iron Bundle|Booster Energy\n|-activate|p2a: Iron Bundle|ability: Quark Drive|[fromitem]\n|-start|p2a: Iron Bundle|quarkdrivespe\n|turn|3\n|\n|t:|1683816998\n|switch|p2b: Garchomp|Garchomp, L50, M|100\/100\n|move|p1a: Scizor|Bullet Punch|p2b: Garchomp\n|-damage|p2b: Garchomp|69\/100\n|move|p2a: Iron Bundle|Freeze-Dry|p1b: Flutter Mane\n|-supereffective|p1b: Flutter Mane\n|-damage|p1b: Flutter Mane|0 fnt\n|faint|p1b: Flutter Mane\n|-end|p1b: Flutter Mane|Protosynthesis|[silent]\n|\n|-weather|Sandstorm|[upkeep]\n|-damage|p2a: Iron Bundle|94\/100|[from] Sandstorm\n|upkeep\n|\n|t:|1683817007\n|switch|p1b: Noivern|Noivern, L50, F, shiny|100\/100\n|turn|4\n|\n|t:|1683817022\n|move|p1a: Scizor|Bullet Punch|p2a: Iron Bundle\n|-damage|p2a: Iron Bundle|53\/100\n|move|p2a: Iron Bundle|Icy Wind|p1a: Scizor|[spread] p1a,p1b\n|-resisted|p1a: Scizor\n|-supereffective|p1b: Noivern\n|-damage|p1a: Scizor|10\/100\n|-damage|p1b: Noivern|0 fnt\n|faint|p1b: Noivern\n|move|p2b: Garchomp|Substitute|p2b: Garchomp\n|-start|p2b: Garchomp|Substitute\n|-damage|p2b: Garchomp|45\/100\n|\n|-weather|Sandstorm|[upkeep]\n|-damage|p2a: Iron Bundle|47\/100|[from] Sandstorm\n|upkeep\n|\n|t:|1683817028\n|switch|p1b: Sandy Shocks|Sandy Shocks, L50|100\/100\n|turn|5\n|inactive|Sans45910 has 30 seconds left.\n|\n|t:|1683817062\n|move|p1a: Scizor|Bullet Punch|p2b: Garchomp\n|-end|p2b: Garchomp|Substitute\n|move|p2a: Iron Bundle|Freeze-Dry|p1b: Sandy Shocks\n|-supereffective|p1b: Sandy Shocks\n|-damage|p1b: Sandy Shocks|3\/100\n|move|p1b: Sandy Shocks|Earth Power|p2b: Garchomp|[miss]\n|-miss|p1b: Sandy Shocks|p2b: Garchomp\n|move|p2b: Garchomp|Earthquake|p1b: Sandy Shocks|[spread] p2a,p1a,p1b\n|-supereffective|p1b: Sandy Shocks\n|-damage|p2a: Iron Bundle|0 fnt\n|-damage|p1a: Scizor|0 fnt\n|-damage|p1b: Sandy Shocks|0 fnt\n|faint|p2a: Iron Bundle\n|-end|p2a: Iron Bundle|Quark Drive|[silent]\n|faint|p1a: Scizor\n|faint|p1b: Sandy Shocks\n|-end|p1b: Sandy Shocks|Protosynthesis|[silent]\n|\n|win|goatgamer11\n|raw|Sans45910's rating: 1412 → 1387<\/strong> (-25 for losing)\n|raw|goatgamer11's rating: 1329 → 1354<\/strong> (+25 for winning)\n|l|\u2606Sans45910\n","uploadtime":1683817102,"views":10,"p1id":"sans45910","p2id":"goatgamer11","formatid":"gen9vgc2023regulationc","rating":1354,"private":0,"password":""}