{"id":"gen9vgc2023regulationc-1854914933","p1":"Thossq","p2":"Pedroszo","format":"[Gen 9] VGC 2023 Regulation C","log":"|j|\u2606Thossq\n|j|\u2606Pedroszo\n|t:|1682880291\n|gametype|doubles\n|player|p1|Thossq|sabrina|1024\n|player|p2|Pedroszo|fisherman|1050\n|teamsize|p1|6\n|teamsize|p2|6\n|gen|9\n|tier|[Gen 9] VGC 2023 Regulation C\n|rated|\n|rule|Species Clause: Limit one of each Pok\u00e9mon\n|rule|Item Clause: Limit one of each item\n|clearpoke\n|poke|p1|Cetoddle, L50, F|\n|poke|p1|Kingambit, L50, M|\n|poke|p1|Indeedee-F, L50, F|\n|poke|p1|Abomasnow, L50, F|\n|poke|p1|Armarouge, L50, M|\n|poke|p1|Bombirdier, L50, M|\n|poke|p2|Amoonguss, L50, F|\n|poke|p2|Pelipper, L50, M|\n|poke|p2|Palafin, L50, M|\n|poke|p2|Barraskewda, L50, M|\n|poke|p2|Chien-Pao, L50|\n|poke|p2|Gholdengo, L50|\n|teampreview|4\n|\n|t:|1682880322\n|start\n|switch|p1a: Abomasnow|Abomasnow, L50, F|100\/100\n|switch|p1b: Indeedee|Indeedee-F, L50, F|100\/100\n|switch|p2a: Palafin|Palafin, L50, M|100\/100\n|switch|p2b: Gholdengo|Gholdengo, L50|100\/100\n|-fieldstart|move: Psychic Terrain|[from] ability: Psychic Surge|[of] p1b: Indeedee\n|-weather|Snow|[from] ability: Snow Warning|[of] p1a: Abomasnow\n|turn|1\n|\n|t:|1682880349\n|detailschange|p2a: Palafin|Palafin-Hero, L50, M\n|switch|p2a: Pelipper|Pelipper, L50, M|100\/100\n|-weather|RainDance|[from] ability: Drizzle|[of] p2a: Pelipper\n|move|p1b: Indeedee|Follow Me|p1b: Indeedee\n|-singleturn|p1b: Indeedee|move: Follow Me\n|move|p2b: Gholdengo|Make It Rain|p1a: Abomasnow|[spread] p1a,p1b\n|-supereffective|p1a: Abomasnow\n|-damage|p1a: Abomasnow|0 fnt\n|-damage|p1b: Indeedee|46\/100\n|-unboost|p2b: Gholdengo|spa|1\n|faint|p1a: Abomasnow\n|\n|-weather|RainDance|[upkeep]\n|upkeep\n|\n|t:|1682880371\n|switch|p1a: Armarouge|Armarouge, L50, M|100\/100\n|turn|2\n|\n|t:|1682880392\n|move|p2a: Pelipper|Wide Guard|p2a: Pelipper\n|-singleturn|p2a: Pelipper|Wide Guard\n|move|p2b: Gholdengo|Make It Rain|p1b: Indeedee|[spread] p1a,p1b\n|-resisted|p1a: Armarouge\n|-damage|p1a: Armarouge|75\/100\n|-damage|p1b: Indeedee|12\/100\n|-unboost|p2b: Gholdengo|spa|1\n|move|p1a: Armarouge|Armor Cannon|p2b: Gholdengo\n|-supereffective|p2b: Gholdengo\n|-crit|p2b: Gholdengo\n|-damage|p2b: Gholdengo|1\/100\n|-unboost|p1a: Armarouge|def|1\n|-unboost|p1a: Armarouge|spd|1\n|-damage|p1a: Armarouge|65\/100|[from] item: Life Orb\n|move|p1b: Indeedee|Trick Room|p1b: Indeedee\n|-fieldstart|move: Trick Room|[of] p1b: Indeedee\n|\n|-weather|RainDance|[upkeep]\n|upkeep\n|turn|3\n|\n|t:|1682880422\n|move|p1b: Indeedee|Protect|p1b: Indeedee\n|-singleturn|p1b: Indeedee|Protect\n|move|p2a: Pelipper|Quick Attack|p1b: Indeedee\n|-activate|p1b: Indeedee|move: Psychic Terrain\n|move|p1a: Armarouge|Expanding Force|p2b: Gholdengo|[spread] p2a,p2b\n|-crit|p2a: Pelipper\n|-resisted|p2b: Gholdengo\n|-damage|p2a: Pelipper|0 fnt\n|-damage|p2b: Gholdengo|0 fnt\n|faint|p2a: Pelipper\n|faint|p2b: Gholdengo\n|-damage|p1a: Armarouge|55\/100|[from] item: Life Orb\n|\n|-weather|RainDance|[upkeep]\n|upkeep\n|\n|t:|1682880432\n|switch|p2a: Barraskewda|Barraskewda, L50, M|100\/100\n|switch|p2b: Palafin|Palafin-Hero, L50, M|100\/100\n|-activate|p2b: Palafin|ability: Zero to Hero\n|turn|4\n|\n|t:|1682880475\n|-terastallize|p1a: Armarouge|Grass\n|move|p1a: Armarouge|Expanding Force|p2a: Barraskewda|[spread] p2a,p2b\n|-enditem|p2a: Barraskewda|Focus Sash\n|-damage|p2a: Barraskewda|1\/100\n|-damage|p2b: Palafin|38\/100\n|-damage|p1a: Armarouge|45\/100|[from] item: Life Orb\n|move|p1b: Indeedee|Dazzling Gleam|p2b: Palafin|[spread] p2a,p2b\n|-damage|p2a: Barraskewda|0 fnt\n|-damage|p2b: Palafin|24\/100\n|faint|p2a: Barraskewda\n|move|p2b: Palafin|Wave Crash|p1a: Armarouge\n|-resisted|p1a: Armarouge\n|-damage|p1a: Armarouge|0 fnt\n|faint|p1a: Armarouge\n|-damage|p2b: Palafin|9\/100|[from] Recoil\n|\n|-weather|RainDance|[upkeep]\n|upkeep\n|\n|t:|1682880489\n|switch|p1a: Cetoddle|Cetoddle, L50, F|100\/100\n|turn|5\n|\n|t:|1682880499\n|move|p2b: Palafin|Protect|p2b: Palafin\n|-singleturn|p2b: Palafin|Protect\n|move|p1a: Cetoddle|Liquidation|p2b: Palafin\n|-activate|p2b: Palafin|move: Protect\n|move|p1b: Indeedee|Dazzling Gleam|p2b: Palafin\n|-activate|p2b: Palafin|move: Protect\n|\n|-weather|RainDance|[upkeep]\n|-fieldend|move: Psychic Terrain\n|upkeep\n|turn|6\n|\n|t:|1682880516\n|-terastallize|p2b: Palafin|Water\n|move|p2b: Palafin|Jet Punch|p1a: Cetoddle\n|-damage|p1a: Cetoddle|12\/100\n|move|p1a: Cetoddle|Liquidation|p2b: Palafin\n|-resisted|p2b: Palafin\n|-damage|p2b: Palafin|0 fnt\n|faint|p2b: Palafin\n|\n|win|Thossq\n|raw|Thossq's rating: 1024 → 1063<\/strong> (+39 for winning)\n|raw|Pedroszo's rating: 1050 → 1031<\/strong> (-19 for losing)\n|l|\u2606Pedroszo\n","uploadtime":1682880546,"views":7,"p1id":"thossq","p2id":"pedroszo","formatid":"gen9vgc2023regulationc","rating":1031,"private":0,"password":""}