{"id":"gen9vgc2023regulationc-1855509409","p1":"Team_56","p2":"Reuselation","format":"[Gen 9] VGC 2023 Regulation C","log":"|j|\u2606Team_56\n|j|\u2606Reuselation\n|t:|1682957793\n|gametype|doubles\n|player|p1|Team_56|266|1127\n|player|p2|Reuselation|red|1151\n|teamsize|p1|6\n|teamsize|p2|6\n|gen|9\n|tier|[Gen 9] VGC 2023 Regulation C\n|rated|\n|rule|Species Clause: Limit one of each Pok\u00e9mon\n|rule|Item Clause: Limit one of each item\n|clearpoke\n|poke|p1|Baxcalibur, L50, M|\n|poke|p1|Ceruledge, L50, F|\n|poke|p1|Tauros-Paldea-Aqua, L50, M|\n|poke|p1|Amoonguss, L50, F|\n|poke|p1|Flutter Mane, L50|\n|poke|p1|Scizor, L50, M|\n|poke|p2|Pelipper, L50, F|\n|poke|p2|Palafin, L50, M|\n|poke|p2|Amoonguss, L50, F|\n|poke|p2|Iron Hands, L50|\n|poke|p2|Salamence, L50, F|\n|poke|p2|Chien-Pao, L50|\n|teampreview|4\n|\n|t:|1682957868\n|start\n|switch|p1a: Amoonguss|Amoonguss, L50, F|100\/100\n|switch|p1b: Flutter Mane|Flutter Mane, L50|100\/100\n|switch|p2a: Iron Hands|Iron Hands, L50|100\/100\n|switch|p2b: Palafin|Palafin, L50, M|100\/100\n|-enditem|p1b: Flutter Mane|Booster Energy\n|-activate|p1b: Flutter Mane|ability: Protosynthesis|[fromitem]\n|-start|p1b: Flutter Mane|protosynthesisspa\n|turn|1\n|inactive|Battle timer is ON: inactive players will automatically lose when time's up. (requested by Reuselation)\n|\n|t:|1682957891\n|-terastallize|p2a: Iron Hands|Grass\n|move|p2b: Palafin|Protect|p2b: Palafin\n|-singleturn|p2b: Palafin|Protect\n|move|p2a: Iron Hands|Fake Out|p1a: Amoonguss\n|-damage|p1a: Amoonguss|85\/100\n|move|p1b: Flutter Mane|Dazzling Gleam|p2a: Iron Hands|[spread] p2a\n|-activate|p2b: Palafin|move: Protect\n|-damage|p2a: Iron Hands|79\/100\n|cant|p1a: Amoonguss|flinch\n|\n|upkeep\n|turn|2\n|inactive|Team_56 has 30 seconds left.\n|\n|t:|1682957924\n|-end|p1b: Flutter Mane|Protosynthesis|[silent]\n|switch|p1b: Scizor|Scizor, L50, M|100\/100\n|detailschange|p2b: Palafin|Palafin-Hero, L50, M\n|switch|p2b: Amoonguss|Amoonguss, L50, F|100\/100\n|move|p2a: Iron Hands|Wild Charge|p1b: Scizor\n|-damage|p1b: Scizor|52\/100\n|-damage|p2a: Iron Hands|71\/100|[from] Recoil\n|move|p1a: Amoonguss|Spore|p2b: Amoonguss\n|-immune|p2b: Amoonguss\n|\n|-heal|p1b: Scizor|59\/100|[from] item: Leftovers\n|upkeep\n|turn|3\n|inactive|Team_56 has 30 seconds left.\n|inactive|Reuselation has 30 seconds left.\n|\n|t:|1682957955\n|move|p2b: Amoonguss|Protect|p2b: Amoonguss\n|-singleturn|p2b: Amoonguss|Protect\n|move|p1b: Scizor|Pounce|p2a: Iron Hands\n|-supereffective|p2a: Iron Hands\n|-crit|p2a: Iron Hands\n|-damage|p2a: Iron Hands|0 fnt\n|faint|p2a: Iron Hands\n|-end|p2a: Iron Hands|Quark Drive|[silent]\n|move|p1a: Amoonguss|Pollen Puff|p1b: Scizor\n|-heal|p1b: Scizor|100\/100\n|\n|upkeep\n|\n|t:|1682957968\n|switch|p2a: Palafin|Palafin-Hero, L50, M|100\/100\n|-activate|p2a: Palafin|ability: Zero to Hero\n|turn|4\n|\n|t:|1682957983\n|move|p2a: Palafin|Jet Punch|p1b: Scizor\n|-damage|p1b: Scizor|50\/100\n|move|p1b: Scizor|Tailwind|p1b: Scizor\n|-sidestart|p1: Team_56|move: Tailwind\n|move|p1a: Amoonguss|Spore|p2a: Palafin\n|-status|p2a: Palafin|slp|[from] move: Spore\n|move|p2b: Amoonguss|Pollen Puff|p1a: Amoonguss\n|-damage|p1a: Amoonguss|72\/100\n|\n|-heal|p1b: Scizor|56\/100|[from] item: Leftovers\n|upkeep\n|turn|5\n|\n|t:|1682958000\n|cant|p2a: Palafin|slp\n|move|p1b: Scizor|Pounce|p2a: Palafin\n|-damage|p2a: Palafin|64\/100 slp\n|-unboost|p2a: Palafin|spe|1\n|move|p1a: Amoonguss|Pollen Puff|p1b: Scizor\n|-heal|p1b: Scizor|100\/100\n|move|p2b: Amoonguss|Pollen Puff|p1a: Amoonguss\n|-damage|p1a: Amoonguss|58\/100\n|\n|upkeep\n|turn|6\n|inactive|Reuselation has 30 seconds left.\n|\n|t:|1682958027\n|move|p1b: Scizor|Pounce|p2a: Palafin\n|-damage|p2a: Palafin|30\/100 slp\n|-unboost|p2a: Palafin|spe|1\n|move|p1a: Amoonguss|Pollen Puff|p2a: Palafin\n|-damage|p2a: Palafin|13\/100 slp\n|cant|p2a: Palafin|slp\n|move|p2b: Amoonguss|Pollen Puff|p2a: Palafin\n|-heal|p2a: Palafin|63\/100 slp\n|\n|upkeep\n|turn|7\n|\n|t:|1682958048\n|switch|p1a: Baxcalibur|Baxcalibur, L50, M|100\/100\n|move|p1b: Scizor|Protect|p1b: Scizor\n|-singleturn|p1b: Scizor|Protect\n|-curestatus|p2a: Palafin|slp|[msg]\n|move|p2a: Palafin|Wave Crash|p1b: Scizor\n|-activate|p1b: Scizor|move: Protect\n|move|p2b: Amoonguss|Pollen Puff|p2a: Palafin\n|-heal|p2a: Palafin|100\/100\n|\n|-sideend|p1: Team_56|move: Tailwind\n|upkeep\n|turn|8\n|inactive|Team_56 has 30 seconds left.\n|\n|t:|1682958081\n|move|p1a: Baxcalibur|Icicle Spear|p2b: Amoonguss\n|-supereffective|p2b: Amoonguss\n|-damage|p2b: Amoonguss|73\/100\n|-supereffective|p2b: Amoonguss\n|-damage|p2b: Amoonguss|48\/100\n|-enditem|p2b: Amoonguss|Sitrus Berry|[eat]\n|-heal|p2b: Amoonguss|73\/100|[from] item: Sitrus Berry\n|-supereffective|p2b: Amoonguss\n|-damage|p2b: Amoonguss|47\/100\n|-supereffective|p2b: Amoonguss\n|-damage|p2b: Amoonguss|17\/100\n|-hitcount|p2b: Amoonguss|4\n|move|p1b: Scizor|Pounce|p2b: Amoonguss\n|-damage|p2b: Amoonguss|0 fnt\n|faint|p2b: Amoonguss\n|move|p2a: Palafin|Wave Crash|p1b: Scizor\n|-crit|p1b: Scizor\n|-damage|p1b: Scizor|0 fnt\n|faint|p1b: Scizor\n|-damage|p2a: Palafin|72\/100|[from] Recoil\n|\n|upkeep\n|\n|t:|1682958103\n|switch|p1b: Amoonguss|Amoonguss, L50, F|91\/100\n|switch|p2b: Chien-Pao|Chien-Pao, L50|100\/100\n|-ability|p2b: Chien-Pao|Sword of Ruin\n|turn|9\n|inactive|Team_56 has 30 seconds left.\n|\n|t:|1682958136\n|move|p1b: Amoonguss|Rage Powder|p1b: Amoonguss\n|-singleturn|p1b: Amoonguss|move: Rage Powder\n|move|p2b: Chien-Pao|Ice Spinner|p1b: Amoonguss\n|-supereffective|p1b: Amoonguss\n|-damage|p1b: Amoonguss|0 fnt\n|faint|p1b: Amoonguss\n|move|p1a: Baxcalibur|Glaive Rush|p2b: Chien-Pao\n|-enditem|p2b: Chien-Pao|Focus Sash\n|-damage|p2b: Chien-Pao|1\/100\n|-singlemove|p1a: Baxcalibur|Glaive Rush|[silent]\n|move|p2a: Palafin|Wave Crash|p1a: Baxcalibur\n|-resisted|p1a: Baxcalibur\n|-damage|p1a: Baxcalibur|0 fnt\n|faint|p1a: Baxcalibur\n|-damage|p2a: Palafin|38\/100|[from] Recoil\n|\n|upkeep\n|\n|t:|1682958143\n|switch|p1b: Flutter Mane|Flutter Mane, L50|100\/100\n|turn|10\n|\n|t:|1682958157\n|move|p2a: Palafin|Jet Punch|p1b: Flutter Mane\n|-damage|p1b: Flutter Mane|0 fnt\n|faint|p1b: Flutter Mane\n|-end|p1b: Flutter Mane|Protosynthesis|[silent]\n|\n|win|Reuselation\n|raw|Team_56's rating: 1127 → 1104<\/strong> (-23 for losing)\n|raw|Reuselation's rating: 1151 → 1174<\/strong> (+23 for winning)\n|l|\u2606Team_56\n","uploadtime":1682958172,"views":21,"p1id":"team56","p2id":"reuselation","formatid":"gen9vgc2023regulationc","rating":1104,"private":0,"password":""}