{"id":"gen9vgc2023regulationc-1848718211","p1":"Cocobeloeil3","p2":"Kwiper","format":"[Gen 9] VGC 2023 Regulation C","log":"|j|\u2606Cocobeloeil3\n|j|\u2606Kwiper\n|t:|1682103608\n|gametype|doubles\n|player|p1|Cocobeloeil3|266|1452\n|player|p2|Kwiper|thorton|1390\n|teamsize|p1|6\n|teamsize|p2|6\n|gen|9\n|tier|[Gen 9] VGC 2023 Regulation C\n|rated|\n|rule|Species Clause: Limit one of each Pok\u00e9mon\n|rule|Item Clause: Limit one of each item\n|clearpoke\n|poke|p1|Chi-Yu, L50|\n|poke|p1|Tyranitar, L50, F|\n|poke|p1|Flutter Mane, L50|\n|poke|p1|Gyarados, L50, M|\n|poke|p1|Amoonguss, L50, F|\n|poke|p1|Dragonite, L50, M|\n|poke|p2|Gastrodon-East, L50, F|\n|poke|p2|Chi-Yu, L50|\n|poke|p2|Tyranitar, L50, M|\n|poke|p2|Iron Bundle, L50|\n|poke|p2|Dragapult, L50, F|\n|poke|p2|Amoonguss, L50, F|\n|teampreview|4\n|j| asianafollie\n|\n|t:|1682103646\n|start\n|switch|p1a: Tyranitar|Tyranitar, L50, F|100\/100\n|switch|p1b: Flutter Mane|Flutter Mane, L50|100\/100\n|switch|p2a: Tyranitar|Tyranitar, L50, M|100\/100\n|switch|p2b: Dragapult|Dragapult, L50, F|100\/100\n|-weather|Sandstorm|[from] ability: Sand Stream|[of] p2a: Tyranitar\n|-enditem|p1b: Flutter Mane|Booster Energy\n|-activate|p1b: Flutter Mane|ability: Protosynthesis|[fromitem]\n|-start|p1b: Flutter Mane|protosynthesisspa\n|turn|1\n|inactive|Battle timer is ON: inactive players will automatically lose when time's up. (requested by Cocobeloeil3)\n|\n|t:|1682103668\n|-terastallize|p1a: Tyranitar|Fire\n|move|p2b: Dragapult|U-turn|p1a: Tyranitar\n|-resisted|p1a: Tyranitar\n|-damage|p1a: Tyranitar|86\/100\n|\n|t:|1682103680\n|switch|p2b: Iron Bundle|Iron Bundle, L50|100\/100|[from] U-turn\n|-enditem|p2b: Iron Bundle|Booster Energy\n|-activate|p2b: Iron Bundle|ability: Quark Drive|[fromitem]\n|-start|p2b: Iron Bundle|quarkdrivespe\n|move|p1b: Flutter Mane|Shadow Ball|p2b: Iron Bundle\n|-crit|p2b: Iron Bundle\n|-damage|p2b: Iron Bundle|0 fnt\n|faint|p2b: Iron Bundle\n|-end|p2b: Iron Bundle|Quark Drive|[silent]\n|move|p2a: Tyranitar|Heavy Slam|p1b: Flutter Mane\n|-supereffective|p1b: Flutter Mane\n|-damage|p1b: Flutter Mane|0 fnt\n|faint|p1b: Flutter Mane\n|-end|p1b: Flutter Mane|Protosynthesis|[silent]\n|move|p1a: Tyranitar|Low Kick|p2a: Tyranitar\n|-supereffective|p2a: Tyranitar\n|-damage|p2a: Tyranitar|0 fnt\n|faint|p2a: Tyranitar\n|\n|-weather|Sandstorm|[upkeep]\n|-damage|p1a: Tyranitar|80\/100|[from] Sandstorm\n|upkeep\n|\n|t:|1682103696\n|switch|p2b: Chi-Yu|Chi-Yu, L50|100\/100\n|switch|p1b: Gyarados|Gyarados, L50, M|100\/100\n|switch|p2a: Dragapult|Dragapult, L50, F|100\/100\n|-ability|p2b: Chi-Yu|Beads of Ruin\n|-ability|p1b: Gyarados|Intimidate|boost\n|-fail|p2a: Dragapult|unboost|[from] ability: Clear Body|[of] p2a: Dragapult\n|-unboost|p2b: Chi-Yu|atk|1\n|turn|2\n|\n|t:|1682103706\n|move|p2a: Dragapult|Phantom Force||[still]\n|-prepare|p2a: Dragapult|Phantom Force\n|move|p2b: Chi-Yu|Dark Pulse|p1a: Tyranitar\n|-damage|p1a: Tyranitar|31\/100\n|move|p1b: Gyarados|Thunder Wave|p2a: Dragapult|[miss]\n|-miss|p1b: Gyarados|p2a: Dragapult\n|cant|p1a: Tyranitar|flinch\n|\n|-weather|Sandstorm|[upkeep]\n|-damage|p2a: Dragapult|94\/100|[from] Sandstorm\n|-damage|p2b: Chi-Yu|94\/100|[from] Sandstorm\n|-damage|p1b: Gyarados|95\/100|[from] Sandstorm\n|-damage|p1a: Tyranitar|25\/100|[from] Sandstorm\n|upkeep\n|turn|3\n|\n|t:|1682103726\n|move|p2a: Dragapult|Phantom Force|p1b: Gyarados|[from]lockedmove\n|-damage|p1b: Gyarados|37\/100\n|-enditem|p1b: Gyarados|Sitrus Berry|[eat]\n|-heal|p1b: Gyarados|61\/100|[from] item: Sitrus Berry\n|move|p2b: Chi-Yu|Dark Pulse|p1a: Tyranitar\n|-damage|p1a: Tyranitar|0 fnt\n|faint|p1a: Tyranitar\n|move|p1b: Gyarados|Waterfall|p2b: Chi-Yu\n|-supereffective|p2b: Chi-Yu\n|-damage|p2b: Chi-Yu|0 fnt\n|faint|p2b: Chi-Yu\n|\n|-weather|Sandstorm|[upkeep]\n|-damage|p2a: Dragapult|88\/100|[from] Sandstorm\n|-damage|p1b: Gyarados|55\/100|[from] Sandstorm\n|upkeep\n|\n|t:|1682103737\n|switch|p1a: Dragonite|Dragonite, L50, M|100\/100\n|turn|4\n|\n|t:|1682103747\n|-terastallize|p2a: Dragapult|Fairy\n|move|p2a: Dragapult|Phantom Force||[still]\n|-prepare|p2a: Dragapult|Phantom Force\n|move|p1b: Gyarados|Thunder Wave|p2a: Dragapult|[miss]\n|-miss|p1b: Gyarados|p2a: Dragapult\n|move|p1a: Dragonite|Outrage|p2a: Dragapult|[miss]\n|-miss|p1a: Dragonite|p2a: Dragapult\n|\n|-weather|Sandstorm|[upkeep]\n|-damage|p2a: Dragapult|82\/100|[from] Sandstorm\n|-damage|p1b: Gyarados|50\/100|[from] Sandstorm\n|-damage|p1a: Dragonite|94\/100|[from] Sandstorm\n|upkeep\n|turn|5\n|\n|t:|1682103760\n|move|p2a: Dragapult|Phantom Force|p1b: Gyarados|[from]lockedmove\n|-damage|p1b: Gyarados|0 fnt\n|faint|p1b: Gyarados\n|move|p1a: Dragonite|Outrage|p2a: Dragapult\n|-immune|p2a: Dragapult\n|\n|-weather|none\n|upkeep\n|turn|6\n|-message|Cocobeloeil3 forfeited.\n|\n|win|Kwiper\n|raw|Cocobeloeil3's rating: 1452 → 1428<\/strong> (-24 for losing)\n|raw|Kwiper's rating: 1390 → 1414<\/strong> (+24 for winning)\n|l|\u2606Cocobeloeil3\n","uploadtime":1682103769,"views":14,"p1id":"cocobeloeil3","p2id":"kwiper","formatid":"gen9vgc2023regulationc","rating":1414,"private":0,"password":""}