{"id":"gen9vgc2023regulationc-1846732323","p1":"SpeedFreak01","p2":"mrcleggjr","format":"[Gen 9] VGC 2023 Regulation C","log":"|j|\u2606SpeedFreak01\n|j|\u2606mrcleggjr\n|t:|1681871456\n|gametype|doubles\n|player|p1|SpeedFreak01|lyra|1194\n|player|p2|mrcleggjr|cilan|1248\n|teamsize|p1|6\n|teamsize|p2|6\n|gen|9\n|tier|[Gen 9] VGC 2023 Regulation C\n|rated|\n|rule|Species Clause: Limit one of each Pok\u00e9mon\n|rule|Item Clause: Limit one of each item\n|clearpoke\n|poke|p1|Dachsbun, L50, M|\n|poke|p1|Chi-Yu, L50|\n|poke|p1|Dondozo, L50, F|\n|poke|p1|Tatsugiri, L50, F|\n|poke|p1|Garganacl, L50, M|\n|poke|p1|Amoonguss, L50, F|\n|poke|p2|Ting-Lu, L50|\n|poke|p2|Breloom, L50, M|\n|poke|p2|Iron Bundle, L50|\n|poke|p2|Flutter Mane, L50|\n|poke|p2|Gyarados, L50, F|\n|poke|p2|Amoonguss, L50, F|\n|teampreview|4\n|\n|t:|1681871473\n|start\n|switch|p1a: Greggs|Dachsbun, L50, M|100\/100\n|switch|p1b: And Chips|Chi-Yu, L50|100\/100\n|switch|p2a: Ting-Lu|Ting-Lu, L50|100\/100\n|switch|p2b: Breloom|Breloom, L50, M|100\/100\n|-ability|p1b: And Chips|Beads of Ruin\n|-ability|p2a: Ting-Lu|Vessel of Ruin\n|turn|1\n|\n|t:|1681871498\n|move|p2b: Breloom|Mach Punch|p1b: And Chips\n|-supereffective|p1b: And Chips\n|-enditem|p1b: And Chips|Focus Sash\n|-damage|p1b: And Chips|1\/100\n|move|p1b: And Chips|Lava Plume|p2b: Breloom|[spread] p2a,p2b\n|-ability|p1a: Greggs|Well-Baked Body|boost\n|-boost|p1a: Greggs|def|2\n|-supereffective|p2b: Breloom\n|-damage|p2a: Ting-Lu|82\/100\n|-enditem|p2b: Breloom|Focus Sash\n|-damage|p2b: Breloom|1\/100\n|-status|p2a: Ting-Lu|brn\n|move|p1a: Greggs|Substitute|p1a: Greggs\n|-start|p1a: Greggs|Substitute\n|-damage|p1a: Greggs|75\/100\n|move|p2a: Ting-Lu|Stomping Tantrum|p1b: And Chips\n|-supereffective|p1b: And Chips\n|-damage|p1b: And Chips|0 fnt\n|faint|p1b: And Chips\n|\n|-heal|p1a: Greggs|82\/100|[from] item: Leftovers\n|-damage|p2a: Ting-Lu|76\/100 brn|[from] brn\n|upkeep\n|\n|t:|1681871524\n|switch|p1b: Donbrothers|Dondozo, L50, F, shiny|100\/100\n|turn|2\n|\n|t:|1681871541\n|move|p1b: Donbrothers|Protect|p1b: Donbrothers\n|-singleturn|p1b: Donbrothers|Protect\n|move|p2b: Breloom|Rock Tomb|p1b: Donbrothers\n|-activate|p1b: Donbrothers|move: Protect\n|move|p1a: Greggs|Body Press|p2a: Ting-Lu\n|-supereffective|p2a: Ting-Lu\n|-damage|p2a: Ting-Lu|18\/100 brn\n|move|p2a: Ting-Lu|Fissure|p1b: Donbrothers\n|-activate|p1b: Donbrothers|move: Protect\n|\n|-heal|p1a: Greggs|88\/100|[from] item: Leftovers\n|-damage|p2a: Ting-Lu|12\/100 brn|[from] brn\n|upkeep\n|turn|3\n|\n|t:|1681871577\n|move|p1a: Greggs|Protect|p1a: Greggs\n|-singleturn|p1a: Greggs|Protect\n|move|p2b: Breloom|Rock Tomb|p1b: Donbrothers\n|-damage|p1b: Donbrothers|78\/100\n|move|p1b: Donbrothers|Earthquake|p2a: Ting-Lu|[spread] p2a,p2b\n|-activate|p1a: Greggs|move: Protect\n|-resisted|p2b: Breloom\n|-damage|p2a: Ting-Lu|0 fnt\n|-damage|p2b: Breloom|0 fnt\n|faint|p2a: Ting-Lu\n|faint|p2b: Breloom\n|\n|-heal|p1a: Greggs|94\/100|[from] item: Leftovers\n|upkeep\n|\n|t:|1681871589\n|switch|p2b: Amoonguss|Amoonguss, L50, F|100\/100\n|switch|p2a: Flutter Mane|Flutter Mane, L50|100\/100\n|turn|4\n|\n|t:|1681871617\n|-terastallize|p1b: Donbrothers|Grass\n|move|p2b: Amoonguss|Rage Powder|p2b: Amoonguss\n|-singleturn|p2b: Amoonguss|move: Rage Powder\n|move|p2a: Flutter Mane|Shadow Ball|p1b: Donbrothers\n|-damage|p1b: Donbrothers|25\/100\n|move|p1a: Greggs|Body Press|p2b: Amoonguss\n|-resisted|p2b: Amoonguss\n|-damage|p2b: Amoonguss|83\/100\n|move|p1b: Donbrothers|Earthquake|p2b: Amoonguss|[spread] p1a,p2a,p2b\n|-activate|p1a: Greggs|move: Substitute|[damage]\n|-damage|p2a: Flutter Mane|54\/100\n|-damage|p2b: Amoonguss|66\/100\n|\n|-heal|p1a: Greggs|99\/100|[from] item: Leftovers\n|-heal|p2b: Amoonguss|72\/100|[from] item: Leftovers\n|upkeep\n|turn|5\n|\n|t:|1681871644\n|move|p2a: Flutter Mane|Shadow Ball|p1b: Donbrothers\n|-damage|p1b: Donbrothers|0 fnt\n|faint|p1b: Donbrothers\n|move|p1a: Greggs|Body Press|p2b: Amoonguss\n|-resisted|p2b: Amoonguss\n|-damage|p2b: Amoonguss|54\/100\n|move|p2b: Amoonguss|Pollen Puff|p2a: Flutter Mane\n|-heal|p2a: Flutter Mane|100\/100\n|\n|-heal|p1a: Greggs|100\/100|[from] item: Leftovers\n|-heal|p2b: Amoonguss|60\/100|[from] item: Leftovers\n|upkeep\n|\n|t:|1681871657\n|switch|p1b: That Mineral|Garganacl, L50, M|100\/100\n|turn|6\n|\n|t:|1681871699\n|move|p2a: Flutter Mane|Shadow Ball|p1b: That Mineral\n|-crit|p1b: That Mineral\n|-damage|p1b: That Mineral|66\/100\n|move|p1a: Greggs|Body Press|p2b: Amoonguss\n|-resisted|p2b: Amoonguss\n|-damage|p2b: Amoonguss|41\/100\n|move|p1b: That Mineral|Salt Cure|p2b: Amoonguss\n|-damage|p2b: Amoonguss|29\/100\n|-start|p2b: Amoonguss|Salt Cure\n|move|p2b: Amoonguss|Pollen Puff|p2a: Flutter Mane\n|-immune|p2a: Flutter Mane\n|\n|-heal|p2b: Amoonguss|34\/100|[from] item: Leftovers\n|-damage|p2b: Amoonguss|22\/100|[from] Salt Cure\n|upkeep\n|turn|7\n|\n|t:|1681871723\n|move|p2a: Flutter Mane|Shadow Ball|p1b: That Mineral\n|-damage|p1b: That Mineral|42\/100\n|move|p1a: Greggs|Body Press|p2b: Amoonguss\n|-resisted|p2b: Amoonguss\n|-damage|p2b: Amoonguss|5\/100\n|move|p1b: That Mineral|Salt Cure|p2a: Flutter Mane\n|-damage|p2a: Flutter Mane|68\/100\n|-start|p2a: Flutter Mane|Salt Cure\n|move|p2b: Amoonguss|Pollen Puff|p1a: Greggs\n|-resisted|p1a: Greggs\n|-activate|p1a: Greggs|move: Substitute|[damage]\n|\n|-heal|p2b: Amoonguss|11\/100|[from] item: Leftovers\n|-damage|p2a: Flutter Mane|55\/100|[from] Salt Cure\n|-damage|p2b: Amoonguss|0 fnt|[from] Salt Cure\n|faint|p2b: Amoonguss\n|upkeep\n|turn|8\n|\n|t:|1681871744\n|move|p2a: Flutter Mane|Shadow Ball|p1b: That Mineral\n|-damage|p1b: That Mineral|20\/100\n|move|p1a: Greggs|Snarl|p2a: Flutter Mane|[miss]\n|-miss|p1a: Greggs|p2a: Flutter Mane\n|move|p1b: That Mineral|Recover|p1b: That Mineral\n|-heal|p1b: That Mineral|71\/100\n|\n|-damage|p2a: Flutter Mane|43\/100|[from] Salt Cure\n|upkeep\n|turn|9\n|-message|mrcleggjr forfeited.\n|\n|win|SpeedFreak01\n|raw|SpeedFreak01's rating: 1194 → 1223<\/strong> (+29 for winning)\n|raw|mrcleggjr's rating: 1248 → 1219<\/strong> (-29 for losing)\n|l|\u2606mrcleggjr\n|c|\u2606SpeedFreak01|gg!\n","uploadtime":1681871760,"views":13,"p1id":"speedfreak01","p2id":"mrcleggjr","formatid":"gen9vgc2023regulationc","rating":1219,"private":0,"password":""}