{"id":"gen9vgc2023regulationc-1847776512","p1":"monamipenci","p2":"KEerer2","format":"[Gen 9] VGC 2023 Regulation C","log":"|j|\u2606monamipenci\n|j|\u2606KEerer2\n|t:|1682001043\n|gametype|doubles\n|player|p1|monamipenci|101|1139\n|player|p2|KEerer2|lance|1213\n|teamsize|p1|6\n|teamsize|p2|6\n|gen|9\n|tier|[Gen 9] VGC 2023 Regulation C\n|rated|\n|rule|Species Clause: Limit one of each Pok\u00e9mon\n|rule|Item Clause: Limit one of each item\n|clearpoke\n|poke|p1|Torkoal, L50, F|\n|poke|p1|Lilligant, L50, F|\n|poke|p1|Flutter Mane, L50|\n|poke|p1|Gyarados, L50, F|\n|poke|p1|Amoonguss, L50, M|\n|poke|p1|Great Tusk, L50|\n|poke|p2|Amoonguss, L50, M|\n|poke|p2|Arcanine, L50, M|\n|poke|p2|Palafin, L50, M|\n|poke|p2|Chien-Pao, L50|\n|poke|p2|Flutter Mane, L50|\n|poke|p2|Ting-Lu, L50|\n|teampreview|4\n|inactive|Battle timer is ON: inactive players will automatically lose when time's up. (requested by monamipenci)\nmonamipenci rejected open team sheets.\n|inactive|KEerer2 has 60 seconds left.\n|\n|t:|1682001079\n|start\n|switch|p1a: Lilligant|Lilligant, L50, F|100\/100\n|switch|p1b: Torkoal|Torkoal, L50, F|100\/100\n|switch|p2a: \u4ece\u4e0d\u7761\u4eba|Amoonguss, L50, M|100\/100\n|switch|p2b: \u5c0f\u5486\u54ee\u864e|Arcanine, L50, M|100\/100\n|-ability|p2b: \u5c0f\u5486\u54ee\u864e|Intimidate|boost\n|-unboost|p1a: Lilligant|atk|1\n|-unboost|p1b: Torkoal|atk|1\n|-weather|SunnyDay|[from] ability: Drought|[of] p1b: Torkoal\n|turn|1\n|\n|t:|1682001099\n|move|p2a: \u4ece\u4e0d\u7761\u4eba|Protect|p2a: \u4ece\u4e0d\u7761\u4eba\n|-singleturn|p2a: \u4ece\u4e0d\u7761\u4eba|Protect\n|move|p1a: Lilligant|Solar Beam||[still]\n|-prepare|p1a: Lilligant|Solar Beam\n|-anim|p1a: Lilligant|Solar Beam|p2a: \u4ece\u4e0d\u7761\u4eba\n|-activate|p2a: \u4ece\u4e0d\u7761\u4eba|move: Protect\n|move|p2b: \u5c0f\u5486\u54ee\u864e|Flare Blitz|p1a: Lilligant\n|-supereffective|p1a: Lilligant\n|-crit|p1a: Lilligant\n|-enditem|p1a: Lilligant|Focus Sash\n|-damage|p1a: Lilligant|1\/100\n|-damage|p2b: \u5c0f\u5486\u54ee\u864e|71\/100|[from] Recoil\n|move|p1b: Torkoal|Earth Power|p2b: \u5c0f\u5486\u54ee\u864e\n|-supereffective|p2b: \u5c0f\u5486\u54ee\u864e\n|-damage|p2b: \u5c0f\u5486\u54ee\u864e|30\/100\n|-unboost|p2b: \u5c0f\u5486\u54ee\u864e|spd|1\n|\n|-weather|SunnyDay|[upkeep]\n|upkeep\n|turn|2\n|inactive|monamipenci has 30 seconds left.\n|inactive|KEerer2 has 30 seconds left.\n|\n|t:|1682001131\n|switch|p1a: Flutter Mane|Flutter Mane, L50|100\/100\n|-activate|p1a: Flutter Mane|ability: Protosynthesis\n|-start|p1a: Flutter Mane|protosynthesisspa\n|-terastallize|p2a: \u4ece\u4e0d\u7761\u4eba|Water\n|move|p2b: \u5c0f\u5486\u54ee\u864e|Extreme Speed|p1a: Flutter Mane\n|-immune|p1a: Flutter Mane\n|move|p2a: \u4ece\u4e0d\u7761\u4eba|Spore|p1b: Torkoal\n|-status|p1b: Torkoal|slp|[from] move: Spore\n|cant|p1b: Torkoal|slp\n|\n|-weather|SunnyDay|[upkeep]\n|upkeep\n|turn|3\n|\n|t:|1682001155\n|switch|p1b: Lilligant|Lilligant, L50, F|1\/100\n|move|p2b: \u5c0f\u5486\u54ee\u864e|Protect|p2b: \u5c0f\u5486\u54ee\u864e\n|-singleturn|p2b: \u5c0f\u5486\u54ee\u864e|Protect\n|move|p1a: Flutter Mane|Dazzling Gleam|p2b: \u5c0f\u5486\u54ee\u864e|[spread] p2a\n|-activate|p2b: \u5c0f\u5486\u54ee\u864e|move: Protect\n|-damage|p2a: \u4ece\u4e0d\u7761\u4eba|49\/100\n|-enditem|p2a: \u4ece\u4e0d\u7761\u4eba|Sitrus Berry|[eat]\n|-heal|p2a: \u4ece\u4e0d\u7761\u4eba|74\/100|[from] item: Sitrus Berry\n|move|p2a: \u4ece\u4e0d\u7761\u4eba|Spore|p1a: Flutter Mane\n|-status|p1a: Flutter Mane|slp|[from] move: Spore\n|\n|-weather|SunnyDay|[upkeep]\n|upkeep\n|turn|4\n|inactive|KEerer2 has 30 seconds left.\n|\n|t:|1682001182\n|-end|p1a: Flutter Mane|Protosynthesis|[silent]\n|switch|p1a: Torkoal|Torkoal, L50, F|100\/100 slp\n|switch|p2a: \u53d1\u59d0|Flutter Mane, L50|100\/100\n|-activate|p2a: \u53d1\u59d0|ability: Protosynthesis\n|-start|p2a: \u53d1\u59d0|protosynthesisspa\n|move|p1b: Lilligant|Protect|p1b: Lilligant\n|-singleturn|p1b: Lilligant|Protect\n|move|p2b: \u5c0f\u5486\u54ee\u864e|Flare Blitz|p1a: Torkoal\n|-resisted|p1a: Torkoal\n|-damage|p1a: Torkoal|75\/100 slp\n|-damage|p2b: \u5c0f\u5486\u54ee\u864e|23\/100|[from] Recoil\n|\n|-weather|SunnyDay|[upkeep]\n|upkeep\n|turn|5\n|inactive|monamipenci has 30 seconds left.\n|inactive|KEerer2 has 30 seconds left.\n|\n|t:|1682001210\n|move|p1b: Lilligant|Sleep Powder|p2a: \u53d1\u59d0\n|-status|p2a: \u53d1\u59d0|slp|[from] move: Sleep Powder\n|cant|p2a: \u53d1\u59d0|slp\n|move|p2b: \u5c0f\u5486\u54ee\u864e|Flare Blitz|p1b: Lilligant\n|-supereffective|p1b: Lilligant\n|-damage|p1b: Lilligant|0 fnt\n|faint|p1b: Lilligant\n|-damage|p2b: \u5c0f\u5486\u54ee\u864e|22\/100|[from] Recoil\n|cant|p1a: Torkoal|slp\n|\n|-weather|none\n|-end|p2a: \u53d1\u59d0|Protosynthesis\n|upkeep\n|-enditem|p2a: \u53d1\u59d0|Booster Energy\n|-activate|p2a: \u53d1\u59d0|ability: Protosynthesis|[fromitem]\n|-start|p2a: \u53d1\u59d0|protosynthesisspa\n|\n|t:|1682001221\n|switch|p1b: Flutter Mane|Flutter Mane, L50|100\/100 slp\n|turn|6\n|inactive|KEerer2 has 30 seconds left.\n|\n|t:|1682001248\n|cant|p2a: \u53d1\u59d0|slp\n|cant|p1b: Flutter Mane|slp\n|move|p2b: \u5c0f\u5486\u54ee\u864e|Flare Blitz|p1b: Flutter Mane\n|-damage|p1b: Flutter Mane|0 fnt\n|faint|p1b: Flutter Mane\n|-end|p1b: Flutter Mane|Protosynthesis|[silent]\n|-damage|p2b: \u5c0f\u5486\u54ee\u864e|0 fnt|[from] Recoil\n|faint|p2b: \u5c0f\u5486\u54ee\u864e\n|cant|p1a: Torkoal|slp\n|\n|upkeep\n|\n|t:|1682001260\n|switch|p1b: Great Tusk|Great Tusk, L50|100\/100\n|switch|p2b: \u4ece\u4e0d\u7761\u4eba|Amoonguss, L50, M, tera:Water|100\/100\n|turn|7\n|inactive|monamipenci has 30 seconds left.\n|\n|t:|1682001290\n|-terastallize|p1b: Great Tusk|Ground\n|-curestatus|p1a: Torkoal|slp|[msg]\n|move|p1a: Torkoal|Protect|p1a: Torkoal\n|-singleturn|p1a: Torkoal|Protect\n|move|p2b: \u4ece\u4e0d\u7761\u4eba|Rage Powder|p2b: \u4ece\u4e0d\u7761\u4eba\n|-singleturn|p2b: \u4ece\u4e0d\u7761\u4eba|move: Rage Powder\n|-curestatus|p2a: \u53d1\u59d0|slp|[msg]\n|move|p2a: \u53d1\u59d0|Dazzling Gleam|p1a: Torkoal|[spread] p1b\n|-activate|p1a: Torkoal|move: Protect\n|-damage|p1b: Great Tusk|71\/100\n|move|p1b: Great Tusk|Close Combat|p2b: \u4ece\u4e0d\u7761\u4eba\n|-damage|p2b: \u4ece\u4e0d\u7761\u4eba|45\/100\n|-unboost|p1b: Great Tusk|def|1\n|-unboost|p1b: Great Tusk|spd|1\n|\n|upkeep\n|turn|8\n|inactive|monamipenci has 30 seconds left.\n|inactive|KEerer2 has 30 seconds left.\n|\n|t:|1682001324\n|move|p2b: \u4ece\u4e0d\u7761\u4eba|Protect|p2b: \u4ece\u4e0d\u7761\u4eba\n|-singleturn|p2b: \u4ece\u4e0d\u7761\u4eba|Protect\n|move|p2a: \u53d1\u59d0|Shadow Ball|p1a: Torkoal\n|-damage|p1a: Torkoal|0 fnt\n|faint|p1a: Torkoal\n|move|p1b: Great Tusk|Stone Edge|p2a: \u53d1\u59d0\n|-damage|p2a: \u53d1\u59d0|45\/100\n|\n|upkeep\n|turn|9\n|\n|t:|1682001334\n|move|p2b: \u4ece\u4e0d\u7761\u4eba|Rage Powder|p2b: \u4ece\u4e0d\u7761\u4eba\n|-singleturn|p2b: \u4ece\u4e0d\u7761\u4eba|move: Rage Powder\n|move|p2a: \u53d1\u59d0|Moonblast|p1b: Great Tusk\n|-damage|p1b: Great Tusk|0 fnt\n|faint|p1b: Great Tusk\n|-end|p1b: Great Tusk|Protosynthesis|[silent]\n|\n|win|KEerer2\n|raw|monamipenci's rating: 1139 → 1119<\/strong> (-20 for losing)\n|raw|KEerer2's rating: 1213 → 1233<\/strong> (+20 for winning)\n|l|\u2606monamipenci\n","uploadtime":1682001358,"views":9,"p1id":"monamipenci","p2id":"keerer2","formatid":"gen9vgc2023regulationc","rating":1119,"private":0,"password":""}