{"id":"gen9vgc2023regulationc-1858841261","p1":"Heureusement","p2":"FlyAwayFr","format":"[Gen 9] VGC 2023 Regulation C","log":"|j|\u2606Heureusement\n|j|\u2606FlyAwayFr\n|t:|1683371771\n|gametype|doubles\n|player|p1|Heureusement|101|1367\n|player|p2|FlyAwayFr|harlequin|1369\n|teamsize|p1|6\n|teamsize|p2|6\n|gen|9\n|tier|[Gen 9] VGC 2023 Regulation C\n|rated|\n|rule|Species Clause: Limit one of each Pok\u00e9mon\n|rule|Item Clause: Limit one of each item\n|clearpoke\n|poke|p1|Garchomp, L50, M|\n|poke|p1|Wo-Chien, L50|\n|poke|p1|Chi-Yu, L50|\n|poke|p1|Corviknight, L50, F|\n|poke|p1|Gyarados, L50, F|\n|poke|p1|Flutter Mane, L50|\n|poke|p2|Torkoal, L50, M|\n|poke|p2|Great Tusk, L50|\n|poke|p2|Jumpluff, L50, M|\n|poke|p2|Scovillain, L50, M|\n|poke|p2|Flutter Mane, L50|\n|poke|p2|Chi-Yu, L50|\n|teampreview|4\n|\n|t:|1683371839\n|start\n|switch|p1a: Chi-Yu|Chi-Yu, L50|100\/100\n|switch|p1b: Flutter Mane|Flutter Mane, L50|100\/100\n|switch|p2a: Jumpluff|Jumpluff, L50, M|100\/100\n|switch|p2b: Torkoal|Torkoal, L50, M|100\/100\n|-ability|p1a: Chi-Yu|Beads of Ruin\n|-weather|SunnyDay|[from] ability: Drought|[of] p2b: Torkoal\n|-activate|p1b: Flutter Mane|ability: Protosynthesis\n|-start|p1b: Flutter Mane|protosynthesisspa\n|turn|1\n|j| Emilia_poke\n|\n|t:|1683371877\n|-terastallize|p1a: Chi-Yu|Grass\n|move|p1b: Flutter Mane|Protect|p1b: Flutter Mane\n|-singleturn|p1b: Flutter Mane|Protect\n|move|p2a: Jumpluff|Tailwind|p2a: Jumpluff\n|-sidestart|p2: FlyAwayFr|move: Tailwind\n|move|p1a: Chi-Yu|Snarl|p2b: Torkoal|[spread] p2a,p2b\n|-damage|p2a: Jumpluff|75\/100\n|-damage|p2b: Torkoal|62\/100\n|-unboost|p2a: Jumpluff|spa|1\n|-unboost|p2b: Torkoal|spa|1\n|-enditem|p2b: Torkoal|Eject Pack\n|\n|t:|1683371890\n|switch|p2b: Great Tusk|Great Tusk, L50|100\/100\n|-activate|p2b: Great Tusk|ability: Protosynthesis\n|-start|p2b: Great Tusk|protosynthesisatk\n|\n|-weather|SunnyDay|[upkeep]\n|upkeep\n|turn|2\n|\n|t:|1683371920\n|switch|p1a: Garchomp|Garchomp, L50, M|100\/100\n|-end|p1b: Flutter Mane|Protosynthesis|[silent]\n|switch|p1b: Gyarados|Gyarados, L50, F|100\/100\n|-ability|p1b: Gyarados|Intimidate|boost\n|-unboost|p2a: Jumpluff|atk|1\n|-fail|p2b: Great Tusk|unboost|[from] item: Clear Amulet|[of] p2b: Great Tusk\n|move|p2a: Jumpluff|Encore||[still]\n|-fail|p2a: Jumpluff\n|move|p2b: Great Tusk|Close Combat|p1a: Garchomp\n|-damage|p1a: Garchomp|9\/100\n|-unboost|p2b: Great Tusk|def|1\n|-unboost|p2b: Great Tusk|spd|1\n|-damage|p2b: Great Tusk|88\/100|[from] ability: Rough Skin|[of] p1a: Garchomp\n|\n|-weather|SunnyDay|[upkeep]\n|upkeep\n|turn|3\n|\n|t:|1683371956\n|switch|p2a: Scovillain|Scovillain, L50, M|100\/100\n|-terastallize|p2b: Great Tusk|Steel\n|move|p1a: Garchomp|Protect|p1a: Garchomp\n|-singleturn|p1a: Garchomp|Protect\n|move|p2b: Great Tusk|Rock Slide|p1b: Gyarados|[spread] p1b\n|-activate|p1a: Garchomp|move: Protect\n|-supereffective|p1b: Gyarados\n|-damage|p1b: Gyarados|44\/100\n|-enditem|p1b: Gyarados|Sitrus Berry|[eat]\n|-heal|p1b: Gyarados|69\/100|[from] item: Sitrus Berry\n|cant|p1b: Gyarados|flinch\n|\n|-weather|SunnyDay|[upkeep]\n|upkeep\n|turn|4\n|\n|t:|1683371992\n|switch|p1a: Flutter Mane|Flutter Mane, L50|100\/100\n|-activate|p1a: Flutter Mane|ability: Protosynthesis\n|-start|p1a: Flutter Mane|protosynthesisspa\n|move|p2a: Scovillain|Spicy Extract|p2b: Great Tusk\n|-fail|p2b: Great Tusk|unboost|[from] item: Clear Amulet|[of] p2b: Great Tusk\n|-boost|p2b: Great Tusk|atk|2\n|move|p2b: Great Tusk|Rock Slide|p1b: Gyarados|[spread] p1a,p1b\n|-supereffective|p1b: Gyarados\n|-damage|p1a: Flutter Mane|1\/100\n|-damage|p1b: Gyarados|0 fnt\n|faint|p1b: Gyarados\n|\n|-weather|SunnyDay|[upkeep]\n|-sideend|p2: FlyAwayFr|move: Tailwind\n|upkeep\n|\n|t:|1683372009\n|switch|p1b: Chi-Yu|Chi-Yu, L50, tera:Grass|100\/100\n|-ability|p1b: Chi-Yu|Beads of Ruin\n|turn|5\n|\n|t:|1683372021\n|move|p1a: Flutter Mane|Protect|p1a: Flutter Mane\n|-singleturn|p1a: Flutter Mane|Protect\n|move|p2a: Scovillain|Flamethrower|p1b: Chi-Yu\n|-supereffective|p1b: Chi-Yu\n|-damage|p1b: Chi-Yu|0 fnt\n|faint|p1b: Chi-Yu\n|-damage|p2a: Scovillain|90\/100|[from] item: Life Orb\n|move|p2b: Great Tusk|Rock Slide|p1a: Flutter Mane\n|-activate|p1a: Flutter Mane|move: Protect\n|\n|-weather|none\n|-end|p1a: Flutter Mane|Protosynthesis\n|-end|p2b: Great Tusk|Protosynthesis\n|upkeep\n|-enditem|p1a: Flutter Mane|Booster Energy\n|-activate|p1a: Flutter Mane|ability: Protosynthesis|[fromitem]\n|-start|p1a: Flutter Mane|protosynthesisspa\n|\n|t:|1683372031\n|switch|p1b: Garchomp|Garchomp, L50, M|9\/100\n|turn|6\n|\n|t:|1683372054\n|-end|p2b: Great Tusk|Protosynthesis|[silent]\n|switch|p2b: Torkoal|Torkoal, L50, M|62\/100\n|-weather|SunnyDay|[from] ability: Drought|[of] p2b: Torkoal\n|move|p2a: Scovillain|Flamethrower|p1a: Flutter Mane\n|-damage|p1a: Flutter Mane|0 fnt\n|faint|p1a: Flutter Mane\n|-end|p1a: Flutter Mane|Protosynthesis|[silent]\n|-damage|p2a: Scovillain|80\/100|[from] item: Life Orb\n|move|p1b: Garchomp|Rock Slide|p2a: Scovillain|[spread] p2a,p2b\n|-supereffective|p2a: Scovillain\n|-supereffective|p2b: Torkoal\n|-damage|p2a: Scovillain|0 fnt\n|-damage|p2b: Torkoal|23\/100\n|faint|p2a: Scovillain\n|-damage|p1b: Garchomp|0 fnt|[from] item: Life Orb\n|faint|p1b: Garchomp\n|\n|win|FlyAwayFr\n|raw|Heureusement's rating: 1367 → 1347<\/strong> (-20 for losing)\n|raw|FlyAwayFr's rating: 1369 → 1389<\/strong> (+20 for winning)\n|l|\u2606Heureusement\n","uploadtime":1683372071,"views":15,"p1id":"heureusement","p2id":"flyawayfr","formatid":"gen9vgc2023regulationc","rating":1347,"private":0,"password":""}