{"id":"gen9vgc2023regulationc-1857940715","p1":"joshdonnie","p2":"akasia","format":"[Gen 9] VGC 2023 Regulation C","log":"|j|\u2606joshdonnie\n|j|\u2606akasia\n|t:|1683250053\n|gametype|doubles\n|player|p1|joshdonnie|102|1271\n|player|p2|akasia|102|1204\n|teamsize|p1|6\n|teamsize|p2|6\n|gen|9\n|tier|[Gen 9] VGC 2023 Regulation C\n|rated|\n|rule|Species Clause: Limit one of each Pok\u00e9mon\n|rule|Item Clause: Limit one of each item\n|clearpoke\n|poke|p1|Garchomp, L50, M|\n|poke|p1|Annihilape, L50, F|\n|poke|p1|Kingambit, L50, M|\n|poke|p1|Chien-Pao, L50|\n|poke|p1|Farigiraf, L50, M|\n|poke|p1|Rotom-Wash, L50|\n|poke|p2|Chien-Pao, L50|\n|poke|p2|Flutter Mane, L50|\n|poke|p2|Scizor, L50, F|\n|poke|p2|Gyarados, L50, F|\n|poke|p2|Arcanine, L50, F|\n|poke|p2|Amoonguss, L50, F|\n|teampreview|4\njoshdonnie has agreed to open team sheets.\n|inactive|Battle timer is ON: inactive players will automatically lose when time's up. (requested by joshdonnie)\n|\n|t:|1683250107\n|start\n|switch|p1a: Rotom|Rotom-Wash, L50, shiny|100\/100\n|switch|p1b: Annihilape|Annihilape, L50, F|100\/100\n|switch|p2a: Flutter Mane|Flutter Mane, L50|100\/100\n|switch|p2b: Scizor|Scizor, L50, F|100\/100\n|turn|1\n|inactive|akasia has 30 seconds left.\n|\n|t:|1683250137\n|-terastallize|p1b: Annihilape|Fire\n|move|p2a: Flutter Mane|Moonblast|p1b: Annihilape\n|-resisted|p1b: Annihilape\n|-crit|p1b: Annihilape\n|-damage|p1b: Annihilape|53\/100\n|-unboost|p1b: Annihilape|spa|1\n|-ability|p1b: Annihilape|Defiant|boost\n|-boost|p1b: Annihilape|atk|2\n|move|p1b: Annihilape|Rage Fist|p2a: Flutter Mane\n|-supereffective|p2a: Flutter Mane\n|-damage|p2a: Flutter Mane|0 fnt\n|faint|p2a: Flutter Mane\n|-end|p2a: Flutter Mane|Protosynthesis|[silent]\n|move|p1a: Rotom|Thunderbolt|p2b: Scizor\n|-damage|p2b: Scizor|69\/100\n|-status|p2b: Scizor|par\n|cant|p2b: Scizor|par\n|\n|-heal|p1b: Annihilape|59\/100|[from] item: Leftovers\n|upkeep\n|\n|t:|1683250152\n|switch|p2a: Chien-Pao|Chien-Pao, L50|100\/100\n|-ability|p2a: Chien-Pao|Sword of Ruin\n|turn|2\n|\n|t:|1683250163\n|-terastallize|p2b: Scizor|Water\n|move|p1b: Annihilape|Protect|p1b: Annihilape\n|-singleturn|p1b: Annihilape|Protect\n|move|p2a: Chien-Pao|Sucker Punch||[still]\n|-fail|p2a: Chien-Pao\n|move|p1a: Rotom|Reflect|p1a: Rotom\n|-sidestart|p1: joshdonnie|Reflect\n|move|p2b: Scizor|Tera Blast|p1b: Annihilape\n|-activate|p1b: Annihilape|move: Protect\n|\n|-heal|p1b: Annihilape|65\/100|[from] item: Leftovers\n|upkeep\n|turn|3\n|inactive|joshdonnie has 30 seconds left.\n|inactive|akasia has 30 seconds left.\n|\n|t:|1683250193\n|move|p2a: Chien-Pao|Sucker Punch|p1b: Annihilape\n|-damage|p1b: Annihilape|30\/100\n|move|p1b: Annihilape|Rage Fist|p2b: Scizor\n|-crit|p2b: Scizor\n|-damage|p2b: Scizor|0 fnt\n|faint|p2b: Scizor\n|move|p1a: Rotom|Will-O-Wisp|p2a: Chien-Pao\n|-status|p2a: Chien-Pao|brn\n|\n|-heal|p1b: Annihilape|36\/100|[from] item: Leftovers\n|-damage|p2a: Chien-Pao|95\/100 brn|[from] brn\n|upkeep\n|\n|t:|1683250199\n|switch|p2b: Gyarados|Gyarados, L50, F|100\/100\n|-ability|p2b: Gyarados|Intimidate|boost\n|-unboost|p1a: Rotom|atk|1\n|-unboost|p1b: Annihilape|atk|1\n|-ability|p1b: Annihilape|Defiant|boost\n|-boost|p1b: Annihilape|atk|2\n|turn|4\n|\n|t:|1683250216\n|move|p1b: Annihilape|Protect|p1b: Annihilape\n|-singleturn|p1b: Annihilape|Protect\n|move|p2a: Chien-Pao|Sucker Punch|p1a: Rotom\n|-damage|p1a: Rotom|84\/100\n|move|p2b: Gyarados|Dragon Dance|p2b: Gyarados\n|-boost|p2b: Gyarados|atk|1\n|-boost|p2b: Gyarados|spe|1\n|move|p1a: Rotom|Thunderbolt|p2b: Gyarados\n|-supereffective|p2b: Gyarados\n|-damage|p2b: Gyarados|0 fnt\n|faint|p2b: Gyarados\n|\n|-heal|p1b: Annihilape|42\/100|[from] item: Leftovers\n|-damage|p2a: Chien-Pao|89\/100 brn|[from] brn\n|upkeep\n|turn|5\n|-message|akasia forfeited.\n|\n|win|joshdonnie\n|raw|joshdonnie's rating: 1271 → 1291<\/strong> (+20 for winning)\n|raw|akasia's rating: 1204 → 1184<\/strong> (-20 for losing)\n|l|\u2606akasia\n","uploadtime":1683250229,"views":20,"p1id":"joshdonnie","p2id":"akasia","formatid":"gen9vgc2023regulationc","rating":1184,"private":0,"password":""}