{"id":"gen9vgc2023regulationc-1845215242","p1":"BandTingLu","p2":"BrunDoge","format":"[Gen 9] VGC 2023 Regulation C","log":"|j|\u2606BandTingLu\n|j|\u2606BrunDoge\n|t:|1681697394\n|gametype|doubles\n|player|p1|BandTingLu|265|1032\n|player|p2|BrunDoge|iris-gen5bw2|1077\n|teamsize|p1|6\n|teamsize|p2|6\n|gen|9\n|tier|[Gen 9] VGC 2023 Regulation C\n|rated|\n|rule|Species Clause: Limit one of each Pok\u00e9mon\n|rule|Item Clause: Limit one of each item\n|clearpoke\n|poke|p1|Ting-Lu, L50|\n|poke|p1|Bronzong, L50|\n|poke|p1|Iron Hands, L50|\n|poke|p1|Amoonguss, L50, M|\n|poke|p1|Flutter Mane, L50|\n|poke|p1|Gyarados, L50, M|\n|poke|p2|Iron Bundle, L50|\n|poke|p2|Chien-Pao, L50|\n|poke|p2|Iron Valiant, L50|\n|poke|p2|Chi-Yu, L50|\n|poke|p2|Iron Hands, L50|\n|poke|p2|Flamigo, L50, M|\n|teampreview|4\n|inactive|Battle timer is ON: inactive players will automatically lose when time's up. (requested by BrunDoge)\n|inactive|BrunDoge has 60 seconds left.\n|inactive|BrunDoge has 30 seconds left.\n|\n|t:|1681697459\n|start\n|switch|p1a: Bronzong|Bronzong, L50|100\/100\n|switch|p1b: Amoonguss|Amoonguss, L50, M|100\/100\n|switch|p2a: Iron Clauws|Iron Bundle, L50, shiny|100\/100\n|switch|p2b: Angry Waifu|Iron Valiant, L50|100\/100\n|-enditem|p2b: Angry Waifu|Booster Energy\n|-activate|p2b: Angry Waifu|ability: Quark Drive|[fromitem]\n|-start|p2b: Angry Waifu|quarkdriveatk\n|turn|1\n|inactive|BandTingLu has 30 seconds left.\n|inactive|BandTingLu has 20 seconds left.\n|\n|t:|1681697495\n|move|p2a: Iron Clauws|Freeze-Dry|p1b: Amoonguss\n|-supereffective|p1b: Amoonguss\n|-damage|p1b: Amoonguss|42\/100\n|-enditem|p1b: Amoonguss|Sitrus Berry|[eat]\n|-heal|p1b: Amoonguss|67\/100|[from] item: Sitrus Berry\n|move|p2b: Angry Waifu|Knock Off|p1a: Bronzong\n|-supereffective|p1a: Bronzong\n|-damage|p1a: Bronzong|36\/100\n|-enditem|p1a: Bronzong|Mental Herb|[from] move: Knock Off|[of] p2b: Angry Waifu\n|move|p1b: Amoonguss|Spore|p2a: Iron Clauws\n|-status|p2a: Iron Clauws|slp|[from] move: Spore\n|move|p1a: Bronzong|Trick Room|p1a: Bronzong\n|-fieldstart|move: Trick Room|[of] p1a: Bronzong\n|\n|upkeep\n|turn|2\n|inactive|BandTingLu has 30 seconds left.\n|inactive|BrunDoge has 30 seconds left.\n|c|\u2606BrunDoge|lollllllz\n|inactive|BandTingLu has 20 seconds left.\n|inactive|BandTingLu has 15 seconds left.\n|inactive|BandTingLu has 10 seconds left.\n|\n|t:|1681697544\n|-terastallize|p1a: Bronzong|Dark\n|move|p2b: Angry Waifu|Shadow Sneak|p1a: Bronzong\n|-resisted|p1a: Bronzong\n|-damage|p1a: Bronzong|29\/100\n|move|p1b: Amoonguss|Pollen Puff|p1a: Bronzong\n|-heal|p1a: Bronzong|79\/100\n|move|p1a: Bronzong|Gyro Ball|p2b: Angry Waifu\n|-supereffective|p2b: Angry Waifu\n|-damage|p2b: Angry Waifu|0 fnt\n|faint|p2b: Angry Waifu\n|-end|p2b: Angry Waifu|Quark Drive|[silent]\n|cant|p2a: Iron Clauws|slp\n|\n|upkeep\n|\n|t:|1681697558\n|switch|p2b: Lava Feesh|Chi-Yu, L50|100\/100\n|-ability|p2b: Lava Feesh|Beads of Ruin\n|turn|3\n|\n|t:|1681697577\n|-terastallize|p2b: Lava Feesh|Fire\n|move|p1b: Amoonguss|Spore|p2b: Lava Feesh\n|-status|p2b: Lava Feesh|slp|[from] move: Spore\n|move|p1a: Bronzong|Gyro Ball|p2a: Iron Clauws\n|-damage|p2a: Iron Clauws|48\/100 slp\n|cant|p2a: Iron Clauws|slp\n|cant|p2b: Lava Feesh|slp\n|\n|upkeep\n|turn|4\n|inactive|BandTingLu has 30 seconds left.\n|\n|t:|1681697603\n|switch|p1b: Ting-Lu|Ting-Lu, L50|100\/100\n|-ability|p1b: Ting-Lu|Vessel of Ruin\n|switch|p2b: Saber Tooth Cat|Chien-Pao, L50|100\/100\n|-ability|p2b: Saber Tooth Cat|Sword of Ruin\n|move|p1a: Bronzong|Gyro Ball|p2a: Iron Clauws\n|-damage|p2a: Iron Clauws|0 fnt\n|faint|p2a: Iron Clauws\n|-end|p2a: Iron Clauws|Quark Drive|[silent]\n|\n|upkeep\n|\n|t:|1681697608\n|switch|p2a: Lava Feesh|Chi-Yu, L50, tera:Fire|100\/100 slp\n|-ability|p2a: Lava Feesh|Beads of Ruin\n|turn|5\n|inactive|BrunDoge has 30 seconds left.\n|\n|t:|1681697634\n|move|p1a: Bronzong|Gyro Ball|p2b: Saber Tooth Cat\n|-supereffective|p2b: Saber Tooth Cat\n|-damage|p2b: Saber Tooth Cat|0 fnt\n|faint|p2b: Saber Tooth Cat\n|move|p1b: Ting-Lu|Rock Slide|p2a: Lava Feesh\n|-supereffective|p2a: Lava Feesh\n|-damage|p2a: Lava Feesh|0 fnt\n|faint|p2a: Lava Feesh\n|\n|win|BandTingLu\n|raw|BandTingLu's rating: 1032 → 1072<\/strong> (+40 for winning)\n|raw|BrunDoge's rating: 1077 → 1053<\/strong> (-24 for losing)\n|l|\u2606BrunDoge\n","uploadtime":1681697649,"views":7,"p1id":"bandtinglu","p2id":"brundoge","formatid":"gen9vgc2023regulationc","rating":1053,"private":0,"password":""}