{"id":"gen9vgc2023regulationc-1860698968","p1":"miguelmaster11","p2":"Brawlicjon","format":"[Gen 9] VGC 2023 Regulation C","log":"|j|\u2606miguelmaster11\n|j|\u2606Brawlicjon\n|t:|1683667528\n|gametype|doubles\n|player|p1|miguelmaster11|juggler|1117\n|player|p2|Brawlicjon|265|1000\n|teamsize|p1|6\n|teamsize|p2|6\n|gen|9\n|tier|[Gen 9] VGC 2023 Regulation C\n|rated|\n|rule|Species Clause: Limit one of each Pok\u00e9mon\n|rule|Item Clause: Limit one of each item\n|clearpoke\n|poke|p1|Hariyama, L50, F|\n|poke|p1|Dragonite, L50, M|\n|poke|p1|Gastrodon-East, L50, F|\n|poke|p1|Rotom-Heat, L50|\n|poke|p1|Blissey, L50, F|\n|poke|p1|Iron Moth, L50|\n|poke|p2|Maushold, L50|\n|poke|p2|Palossand, L50, F|\n|poke|p2|Camerupt, L50, M|\n|poke|p2|Bombirdier, L50, F|\n|poke|p2|Houndoom, L50, M|\n|poke|p2|Electrode, L50|\n|teampreview|4\n|inactive|Battle timer is ON: inactive players will automatically lose when time's up. (requested by miguelmaster11)\n|\n|t:|1683667564\n|start\n|switch|p1a: Hariyama|Hariyama, L50, F, shiny|100\/100\n|switch|p1b: Blissey|Blissey, L50, F|100\/100\n|switch|p2a: Maushold|Maushold, L50|100\/100\n|switch|p2b: Camerupt|Camerupt, L50, M|100\/100\n|turn|1\n|inactive|Brawlicjon has 30 seconds left.\n|\n|t:|1683667593\n|-terastallize|p2b: Camerupt|Fire\n|move|p2a: Maushold|After You|p2b: Camerupt\n|-activate|p2b: Camerupt|move: After You\n|move|p2b: Camerupt|Eruption|p1b: Blissey|[spread] p1a,p1b\n|-damage|p1a: Hariyama|10\/100\n|-damage|p1b: Blissey|76\/100\n|move|p1b: Blissey|Thunder Wave|p2b: Camerupt\n|-status|p2b: Camerupt|par\n|move|p1a: Hariyama|Drain Punch|p2a: Maushold\n|-supereffective|p2a: Maushold\n|-damage|p2a: Maushold|0 fnt\n|-heal|p1a: Hariyama|46\/100|[from] drain|[of] p2a: Maushold\n|faint|p2a: Maushold\n|\n|-heal|p1b: Blissey|82\/100|[from] item: Leftovers\n|-status|p1a: Hariyama|brn|[from] item: Flame Orb\n|upkeep\n|\n|t:|1683667611\n|switch|p2a: Bombirdier|Bombirdier, L50, F|100\/100\n|turn|2\n|\n|t:|1683667621\n|move|p2a: Bombirdier|Brave Bird|p1a: Hariyama\n|-supereffective|p1a: Hariyama\n|-damage|p1a: Hariyama|0 fnt\n|faint|p1a: Hariyama\n|-damage|p2a: Bombirdier|74\/100|[from] Recoil\n|-damage|p2a: Bombirdier|65\/100|[from] item: Life Orb\n|move|p1b: Blissey|Thunder Wave|p2a: Bombirdier\n|-status|p2a: Bombirdier|par\n|move|p2b: Camerupt|Eruption|p1b: Blissey\n|-damage|p1b: Blissey|50\/100\n|\n|-heal|p1b: Blissey|56\/100|[from] item: Leftovers\n|upkeep\n|\n|t:|1683667639\n|switch|p1a: Gastrodon|Gastrodon-East, L50, F|100\/100\n|turn|3\n|\n|t:|1683667663\n|-terastallize|p1a: Gastrodon|Fire\n|move|p1b: Blissey|Charm|p2a: Bombirdier\n|-unboost|p2a: Bombirdier|atk|2\n|move|p2a: Bombirdier|Rock Slide|p1b: Blissey|[spread] p1a,p1b\n|-supereffective|p1a: Gastrodon\n|-damage|p1a: Gastrodon|63\/100\n|-damage|p1b: Blissey|38\/100\n|-damage|p2a: Bombirdier|55\/100 par|[from] item: Life Orb\n|move|p1a: Gastrodon|Earth Power|p2b: Camerupt\n|-supereffective|p2b: Camerupt\n|-damage|p2b: Camerupt|24\/100 par\n|move|p2b: Camerupt|Earth Power|p1a: Gastrodon\n|-supereffective|p1a: Gastrodon\n|-damage|p1a: Gastrodon|0 fnt\n|faint|p1a: Gastrodon\n|\n|-heal|p1b: Blissey|44\/100|[from] item: Leftovers\n|upkeep\n|\n|t:|1683667683\n|switch|p1a: Rotom|Rotom-Heat, L50|100\/100\n|turn|4\n|\n|t:|1683667694\n|move|p2b: Camerupt|Protect|p2b: Camerupt\n|-singleturn|p2b: Camerupt|Protect\n|move|p1a: Rotom|Thunderbolt|p2b: Camerupt\n|-activate|p2b: Camerupt|move: Protect\n|move|p1b: Blissey|Life Dew||[still]|[spread] p1a,p1b\n|-fail|p1a: Rotom|heal\n|-heal|p1b: Blissey|69\/100\n|move|p2a: Bombirdier|Rock Slide|p1a: Rotom|[spread] p1a,p1b\n|-supereffective|p1a: Rotom\n|-crit|p1a: Rotom\n|-damage|p1a: Rotom|0 fnt\n|-damage|p1b: Blissey|49\/100\n|faint|p1a: Rotom\n|-damage|p2a: Bombirdier|45\/100 par|[from] item: Life Orb\n|\n|-heal|p1b: Blissey|55\/100|[from] item: Leftovers\n|upkeep\n|turn|5\n|-message|miguelmaster11 forfeited.\n|\n|win|Brawlicjon\n|raw|miguelmaster11's rating: 1117 → 1084<\/strong> (-33 for losing)\n|raw|Brawlicjon's rating: 1000 → 1053<\/strong> (+53 for winning)\n|l|\u2606miguelmaster11\n","uploadtime":1683667769,"views":12,"p1id":"miguelmaster11","p2id":"brawlicjon","formatid":"gen9vgc2023regulationc","rating":1053,"private":0,"password":""}