{"id":"gen9vgc2023regulationc-1862280145","p1":"BigSalta","p2":"VeryGayContentVGC","format":"[Gen 9] VGC 2023 Regulation C","log":"|j|\u2606BigSalta\n|j|\u2606VeryGayContentVGC\n|t:|1683859043\n|gametype|doubles\n|player|p1|BigSalta|cynthia|1579\n|player|p2|VeryGayContentVGC|wallace|1545\n|teamsize|p1|6\n|teamsize|p2|6\n|gen|9\n|tier|[Gen 9] VGC 2023 Regulation C\n|rated|\n|rule|Species Clause: Limit one of each Pok\u00e9mon\n|rule|Item Clause: Limit one of each item\n|clearpoke\n|poke|p1|Talonflame, L50, F|\n|poke|p1|Flutter Mane, L50|\n|poke|p1|Iron Bundle, L50|\n|poke|p1|Garchomp, L50, F|\n|poke|p1|Tyranitar, L50, F|\n|poke|p1|Chien-Pao, L50|\n|poke|p2|Abomasnow, L50, F|\n|poke|p2|Iron Bundle, L50|\n|poke|p2|Amoonguss, L50, F|\n|poke|p2|Annihilape, L50, F|\n|poke|p2|Maushold-Four, L50|\n|poke|p2|Palafin, L50, M|\n|teampreview|4\nBigSalta has agreed to open team sheets.\n|inactive|Battle timer is ON: inactive players will automatically lose when time's up. (requested by VeryGayContentVGC)\n|\n|t:|1683859080\n|start\n|switch|p1a: Talonflame|Talonflame, L50, F|100\/100\n|switch|p1b: Garchomp|Garchomp, L50, F|100\/100\n|switch|p2a: Annihilape|Annihilape, L50, F, shiny|100\/100\n|switch|p2b: Maushold|Maushold-Four, L50, shiny|100\/100\n|turn|1\n|\n|t:|1683859097\n|move|p1a: Talonflame|Brave Bird|p2a: Annihilape\n|-supereffective|p2a: Annihilape\n|-damage|p2a: Annihilape|50\/100\n|-damage|p1a: Talonflame|80\/100|[from] Recoil\n|move|p1b: Garchomp|Earthquake|p2b: Maushold|[spread] p2a,p2b\n|-immune|p1a: Talonflame\n|-damage|p2a: Annihilape|23\/100\n|-damage|p2b: Maushold|50\/100\n|-enditem|p2b: Maushold|Sitrus Berry|[eat]\n|-heal|p2b: Maushold|75\/100|[from] item: Sitrus Berry\n|move|p2b: Maushold|Beat Up|p2a: Annihilape\n|-damage|p2a: Annihilape|21\/100\n|-damage|p2a: Annihilape|19\/100\n|-damage|p2a: Annihilape|17\/100\n|-damage|p2a: Annihilape|15\/100\n|-hitcount|p2a: Annihilape|4\n|move|p2a: Annihilape|Rage Fist|p1b: Garchomp\n|-damage|p1b: Garchomp|0 fnt\n|-damage|p2a: Annihilape|3\/100|[from] ability: Rough Skin|[of] p1b: Garchomp\n|faint|p1b: Garchomp\n|\n|upkeep\n|\n|t:|1683859115\n|switch|p1b: Iron Bundle|Iron Bundle, L50|100\/100\n|-enditem|p1b: Iron Bundle|Booster Energy\n|-activate|p1b: Iron Bundle|ability: Quark Drive|[fromitem]\n|-start|p1b: Iron Bundle|quarkdrivespe\n|turn|2\n|\n|t:|1683859125\n|move|p2a: Annihilape|Protect|p2a: Annihilape\n|-singleturn|p2a: Annihilape|Protect\n|move|p1b: Iron Bundle|Icy Wind|p2a: Annihilape|[spread] p2b\n|-activate|p2a: Annihilape|move: Protect\n|-damage|p2b: Maushold|57\/100\n|-unboost|p2b: Maushold|spe|1\n|move|p1a: Talonflame|Brave Bird|p2b: Maushold\n|-damage|p2b: Maushold|15\/100\n|-damage|p1a: Talonflame|65\/100|[from] Recoil\n|move|p2b: Maushold|Taunt|p1a: Talonflame\n|-start|p1a: Talonflame|move: Taunt\n|\n|upkeep\n|turn|3\n|\n|t:|1683859143\n|move|p1b: Iron Bundle|Freeze-Dry|p2b: Maushold\n|-damage|p2b: Maushold|0 fnt\n|faint|p2b: Maushold\n|move|p1a: Talonflame|Brave Bird|p2a: Annihilape\n|-supereffective|p2a: Annihilape\n|-damage|p2a: Annihilape|0 fnt\n|faint|p2a: Annihilape\n|-damage|p1a: Talonflame|64\/100|[from] Recoil\n|\n|upkeep\n|\n|t:|1683859148\n|switch|p2b: Palafin|Palafin, L50, M|100\/100\n|switch|p2a: Iron Bundle|Iron Bundle, L50, shiny|100\/100\n|-enditem|p2a: Iron Bundle|Booster Energy\n|-activate|p2a: Iron Bundle|ability: Quark Drive|[fromitem]\n|-start|p2a: Iron Bundle|quarkdrivespe\n|turn|4\n|\n|t:|1683859165\n|-terastallize|p2b: Palafin|Water\n|move|p2b: Palafin|Jet Punch|p1a: Talonflame\n|-supereffective|p1a: Talonflame\n|-damage|p1a: Talonflame|0 fnt\n|faint|p1a: Talonflame\n|move|p1b: Iron Bundle|Freeze-Dry|p2a: Iron Bundle\n|-damage|p2a: Iron Bundle|41\/100\n|move|p2a: Iron Bundle|Blizzard|p1b: Iron Bundle|[miss]\n|-miss|p2a: Iron Bundle|p1b: Iron Bundle\n|\n|upkeep\n|\n|t:|1683859173\n|switch|p1a: Tyranitar|Tyranitar, L50, F|100\/100\n|-weather|Sandstorm|[from] ability: Sand Stream|[of] p1a: Tyranitar\n|turn|5\n|\n|t:|1683859184\n|-terastallize|p1a: Tyranitar|Grass\n|move|p1b: Iron Bundle|Freeze-Dry|p2a: Iron Bundle\n|-damage|p2a: Iron Bundle|0 fnt\n|faint|p2a: Iron Bundle\n|-end|p2a: Iron Bundle|Quark Drive|[silent]\n|move|p2b: Palafin|Wave Crash|p1a: Tyranitar\n|-resisted|p1a: Tyranitar\n|-damage|p1a: Tyranitar|71\/100\n|-damage|p2b: Palafin|90\/100|[from] Recoil\n|move|p1a: Tyranitar|Rock Slide|p2b: Palafin\n|-damage|p2b: Palafin|44\/100\n|\n|-weather|Sandstorm|[upkeep]\n|-damage|p1b: Iron Bundle|94\/100|[from] Sandstorm\n|-damage|p2b: Palafin|38\/100|[from] Sandstorm\n|-damage|p1a: Tyranitar|65\/100|[from] Sandstorm\n|upkeep\n|turn|6\n|-message|VeryGayContentVGC forfeited.\n|\n|win|BigSalta\n|raw|BigSalta's rating: 1579 → 1597<\/strong> (+18 for winning)\n|raw|VeryGayContentVGC's rating: 1545 → 1527<\/strong> (-18 for losing)\n|l|\u2606VeryGayContentVGC\n|l|\u2606BigSalta\n","uploadtime":1683859715,"views":10,"p1id":"bigsalta","p2id":"verygaycontentvgc","formatid":"gen9vgc2023regulationc","rating":1527,"private":0,"password":""}