{"id":"gen9vgc2023regulationc-1862318575","p1":"MtMH","p2":"yungelghonami","format":"[Gen 9] VGC 2023 Regulation C","log":"|j|\u2606MtMH\n|j|\u2606yungelghonami\n|t:|1683864866\n|gametype|doubles\n|player|p1|MtMH|101|1075\n|player|p2|yungelghonami|2|1021\n|teamsize|p1|6\n|teamsize|p2|6\n|gen|9\n|tier|[Gen 9] VGC 2023 Regulation C\n|rated|\n|rule|Species Clause: Limit one of each Pok\u00e9mon\n|rule|Item Clause: Limit one of each item\n|clearpoke\n|poke|p1|Electrode, L50|\n|poke|p1|Dragapult, L50, M|\n|poke|p1|Barraskewda, L50, M|\n|poke|p1|Flutter Mane, L50|\n|poke|p1|Talonflame, L50, M|\n|poke|p1|Dugtrio, L50, M|\n|poke|p2|Abomasnow, L50, M|\n|poke|p2|Scream Tail, L50|\n|poke|p2|Scizor, L50, M|\n|poke|p2|Sandy Shocks, L50|\n|poke|p2|Cetitan, L50, M|\n|poke|p2|Espathra, L50, F|\n|teampreview|4\n|\n|t:|1683864914\n|start\n|switch|p1a: Talonflame|Talonflame, L50, M|100\/100\n|switch|p1b: Barraskewda|Barraskewda, L50, M|100\/100\n|switch|p2a: Sandy Shocks|Sandy Shocks, L50|100\/100\n|switch|p2b: Scream Tail|Scream Tail, L50|100\/100\n|-enditem|p2a: Sandy Shocks|Booster Energy\n|-activate|p2a: Sandy Shocks|ability: Protosynthesis|[fromitem]\n|-start|p2a: Sandy Shocks|protosynthesisspa\n|turn|1\n|inactive|Battle timer is ON: inactive players will automatically lose when time's up. (requested by yungelghonami)\n|\n|t:|1683864975\n|move|p1a: Talonflame|Tailwind|p1a: Talonflame\n|-sidestart|p1: MtMH|move: Tailwind\n|move|p1b: Barraskewda|Crunch|p2b: Scream Tail\n|-damage|p2b: Scream Tail|83\/100\n|move|p2a: Sandy Shocks|Gravity|p2a: Sandy Shocks\n|-fieldstart|move: Gravity\n|move|p2b: Scream Tail|Trick Room|p2b: Scream Tail\n|-fieldstart|move: Trick Room|[of] p2b: Scream Tail\n|\n|upkeep\n|turn|2\n|inactive|MtMH has 30 seconds left.\n|\n|t:|1683865004\n|move|p2b: Scream Tail|Sing|p1b: Barraskewda|[miss]\n|-miss|p2b: Scream Tail|p1b: Barraskewda\n|move|p2a: Sandy Shocks|Earth Power|p1a: Talonflame\n|-supereffective|p1a: Talonflame\n|-damage|p1a: Talonflame|0 fnt\n|faint|p1a: Talonflame\n|move|p1b: Barraskewda|Liquidation|p2a: Sandy Shocks\n|-supereffective|p2a: Sandy Shocks\n|-damage|p2a: Sandy Shocks|0 fnt\n|faint|p2a: Sandy Shocks\n|-end|p2a: Sandy Shocks|Protosynthesis|[silent]\n|\n|upkeep\n|inactive|MtMH has 30 seconds left.\n|\n|t:|1683865031\n|switch|p2a: Abomasnow|Abomasnow, L50, M|100\/100\n|switch|p1a: Dragapult|Dragapult, L50, M|100\/100\n|-weather|Snow|[from] ability: Snow Warning|[of] p2a: Abomasnow\n|turn|3\n|inactive|MtMH has 30 seconds left.\n|\n|t:|1683865063\n|move|p2a: Abomasnow|Aurora Veil|p2a: Abomasnow\n|-sidestart|p2: yungelghonami|move: Aurora Veil\n|move|p2b: Scream Tail|Sing|p1b: Barraskewda\n|-status|p1b: Barraskewda|slp|[from] move: Sing\n|cant|p1b: Barraskewda|slp\n|move|p1a: Dragapult|Dragon Tail|p2b: Scream Tail\n|-immune|p2b: Scream Tail\n|\n|-weather|Snow|[upkeep]\n|upkeep\n|turn|4\n|inactive|MtMH has 30 seconds left.\n|\n|t:|1683865089\n|move|p2a: Abomasnow|Blizzard|p1a: Dragapult|[spread] p1a,p1b\n|-supereffective|p1a: Dragapult\n|-resisted|p1b: Barraskewda\n|-damage|p1a: Dragapult|13\/100\n|-damage|p1b: Barraskewda|65\/100 slp\n|move|p2b: Scream Tail|Sing|p1a: Dragapult|[miss]\n|-miss|p2b: Scream Tail|p1a: Dragapult\n|-curestatus|p1b: Barraskewda|slp|[msg]\n|move|p1b: Barraskewda|Liquidation|p2b: Scream Tail\n|-damage|p2b: Scream Tail|63\/100\n|move|p1a: Dragapult|Dragon Tail|p2a: Abomasnow\n|-crit|p2a: Abomasnow\n|-damage|p2a: Abomasnow|69\/100\n|drag|p2a: Cetitan|Cetitan, L50, M|100\/100\n|\n|-weather|Snow|[upkeep]\n|-sideend|p1: MtMH|move: Tailwind\n|upkeep\n|turn|5\n|inactive|MtMH has 30 seconds left.\n|inactive|yungelghonami has 30 seconds left.\n|\n|t:|1683865120\n|move|p2b: Scream Tail|Howl|p2b: Scream Tail|[spread] p2a,p2b\n|-boost|p2a: Cetitan|atk|1\n|-boost|p2b: Scream Tail|atk|1\n|move|p1b: Barraskewda|Drill Run|p2a: Cetitan\n|-crit|p2a: Cetitan\n|-damage|p2a: Cetitan|77\/100\n|move|p1a: Dragapult|Phantom Force||[still]\n|-prepare|p1a: Dragapult|Phantom Force\n|-enditem|p1a: Dragapult|Power Herb\n|-anim|p1a: Dragapult|Phantom Force|p2b: Scream Tail\n|-supereffective|p2b: Scream Tail\n|-damage|p2b: Scream Tail|3\/100\n|move|p2a: Cetitan|Icicle Crash|p1a: Dragapult\n|-supereffective|p1a: Dragapult\n|-damage|p1a: Dragapult|0 fnt\n|faint|p1a: Dragapult\n|\n|-weather|Snow|[upkeep]\n|-fieldend|move: Trick Room\n|-fieldend|move: Gravity\n|upkeep\n|\n|t:|1683865138\n|switch|p1a: Flutter Mane|Flutter Mane, L50|100\/100\n|turn|6\n|inactive|MtMH has 30 seconds left.\n|inactive|yungelghonami has 30 seconds left.\n|inactive|yungelghonami has 20 seconds left.\n|inactive|yungelghonami has 15 seconds left.\n|inactive|yungelghonami has 10 seconds left.\n|inactive|yungelghonami has 5 seconds left.\n|\n|t:|1683865191\n|-terastallize|p2a: Cetitan|Water\n|move|p2a: Cetitan|Icicle Crash|p1a: Flutter Mane\n|-damage|p1a: Flutter Mane|0 fnt\n|faint|p1a: Flutter Mane\n|-end|p1a: Flutter Mane|Protosynthesis|[silent]\n|move|p1b: Barraskewda|Crunch|p2b: Scream Tail\n|-damage|p2b: Scream Tail|0 fnt\n|faint|p2b: Scream Tail\n|-end|p2b: Scream Tail|Protosynthesis|[silent]\n|\n|-weather|Snow|[upkeep]\n|upkeep\n|\n|t:|1683865200\n|switch|p2b: Abomasnow|Abomasnow, L50, M|69\/100\n|turn|7\n|\n|t:|1683865218\n|move|p2a: Cetitan|Superpower|p1b: Barraskewda\n|-damage|p1b: Barraskewda|0 fnt\n|-unboost|p2a: Cetitan|atk|1\n|-unboost|p2a: Cetitan|def|1\n|faint|p1b: Barraskewda\n|\n|win|yungelghonami\n|raw|MtMH's rating: 1075 → 1050<\/strong> (-25 for losing)\n|raw|yungelghonami's rating: 1021 → 1064<\/strong> (+43 for winning)\n|l|\u2606MtMH\n","uploadtime":1683865284,"views":12,"p1id":"mtmh","p2id":"yungelghonami","formatid":"gen9vgc2023regulationc","rating":1050,"private":0,"password":""}