{"id":"gen9vgc2023regulationc-1857296021","p1":"BozaGG","p2":"DarmanEthan","format":"[Gen 9] VGC 2023 Regulation C","log":"|j|\u2606BozaGG\n|j|\u2606DarmanEthan\n|t:|1683169286\n|gametype|doubles\n|player|p1|BozaGG|striker|\n|player|p2|DarmanEthan|brycen|\n|teamsize|p1|6\n|teamsize|p2|6\n|gen|9\n|tier|[Gen 9] VGC 2023 Regulation C\n|rule|Species Clause: Limit one of each Pok\u00e9mon\n|rule|Item Clause: Limit one of each item\n|clearpoke\n|poke|p1|Garchomp, L50, F|\n|poke|p1|Annihilape, L50, F|\n|poke|p1|Rotom-Heat, L50|\n|poke|p1|Torkoal, L50, M|\n|poke|p1|Talonflame, L50, M|\n|poke|p1|Great Tusk, L50|\n|poke|p2|Torkoal, L50, M|\n|poke|p2|Great Tusk, L50|\n|poke|p2|Annihilape, L50, M|\n|poke|p2|Talonflame, L50, M|\n|poke|p2|Rotom-Wash, L50|\n|poke|p2|Dragonite, L50, M|\n|teampreview|4\n|inactive|Battle timer is ON: inactive players will automatically lose when time's up. (requested by BozaGG)\n|j| Bloodycheese\n|\n|t:|1683169315\n|start\n|switch|p1a: Annihilape|Annihilape, L50, F|100\/100\n|switch|p1b: Garchomp|Garchomp, L50, F|100\/100\n|switch|p2a: Talonflame|Talonflame, L50, M|100\/100\n|switch|p2b: Great Tusk|Great Tusk, L50|100\/100\n|turn|1\n|inactive|DarmanEthan has 30 seconds left.\n|inactive|DarmanEthan has 20 seconds left.\n|\n|t:|1683169351\n|move|p2a: Talonflame|Tailwind|p2a: Talonflame\n|-sidestart|p2: DarmanEthan|move: Tailwind\n|move|p2b: Great Tusk|Earthquake|p1b: Garchomp|[spread] p1a,p1b\n|-immune|p2a: Talonflame\n|-damage|p1a: Annihilape|56\/100\n|-damage|p1b: Garchomp|63\/100\n|move|p1a: Annihilape|Final Gambit|p2a: Talonflame\n|-damage|p2a: Talonflame|34\/100\n|faint|p1a: Annihilape\n|move|p1b: Garchomp|Earthquake|p2a: Talonflame|[spread] p2b\n|-immune|p2a: Talonflame\n|-damage|p2b: Great Tusk|49\/100\n|\n|upkeep\n|\n|t:|1683169365\n|switch|p1a: Talonflame|Talonflame, L50, M|100\/100\n|turn|2\n|\n|t:|1683169375\n|move|p1a: Talonflame|Tailwind|p1a: Talonflame\n|-sidestart|p1: BozaGG|move: Tailwind\n|move|p2a: Talonflame|Taunt|p1a: Talonflame\n|-start|p1a: Talonflame|move: Taunt\n|move|p1b: Garchomp|Earthquake|p2a: Talonflame|[spread] p2b\n|-immune|p1a: Talonflame\n|-immune|p2a: Talonflame\n|-damage|p2b: Great Tusk|5\/100\n|move|p2b: Great Tusk|Ice Spinner|p1b: Garchomp\n|-supereffective|p1b: Garchomp\n|-damage|p1b: Garchomp|0 fnt\n|faint|p1b: Garchomp\n|\n|upkeep\n|\n|t:|1683169388\n|switch|p1b: Great Tusk|Great Tusk, L50|100\/100\n|turn|3\n|\n|t:|1683169406\n|-end|p2b: Great Tusk|Protosynthesis|[silent]\n|switch|p2b: Rotom|Rotom-Wash, L50|100\/100\n|move|p2a: Talonflame|Will-O-Wisp|p1b: Great Tusk\n|-status|p1b: Great Tusk|brn\n|move|p1a: Talonflame|Overheat|p2b: Rotom\n|-resisted|p2b: Rotom\n|-damage|p2b: Rotom|84\/100\n|-unboost|p1a: Talonflame|spa|2\n|move|p1b: Great Tusk|Rock Slide|p2a: Talonflame|[spread] p2b\n|-miss|p1b: Great Tusk|p2a: Talonflame\n|-damage|p2b: Rotom|74\/100\n|\n|-damage|p1b: Great Tusk|95\/100 brn|[from] brn\n|upkeep\n|turn|4\n|\n|t:|1683169428\n|move|p1a: Talonflame|Overheat|p2a: Talonflame\n|-resisted|p2a: Talonflame\n|-damage|p2a: Talonflame|20\/100\n|-unboost|p1a: Talonflame|spa|2\n|move|p2a: Talonflame|Brave Bird|p1b: Great Tusk\n|-supereffective|p1b: Great Tusk\n|-damage|p1b: Great Tusk|27\/100 brn\n|-damage|p2a: Talonflame|0 fnt|[from] Recoil\n|faint|p2a: Talonflame\n|move|p1b: Great Tusk|Rock Slide|p2b: Rotom\n|-damage|p2b: Rotom|62\/100\n|cant|p2b: Rotom|flinch\n|\n|-damage|p1b: Great Tusk|22\/100 brn|[from] brn\n|-sideend|p2: DarmanEthan|move: Tailwind\n|upkeep\n|\n|t:|1683169444\n|switch|p2a: Dragonite|Dragonite, L50, M|100\/100\n|turn|5\n|\n|t:|1683169453\n|-terastallize|p2a: Dragonite|Flying\n|move|p1a: Talonflame|Overheat|p2a: Dragonite\n|-damage|p2a: Dragonite|95\/100\n|-unboost|p1a: Talonflame|spa|2\n|move|p1b: Great Tusk|Rock Slide|p2a: Dragonite|[spread] p2a,p2b\n|-supereffective|p2a: Dragonite\n|-damage|p2a: Dragonite|76\/100\n|-damage|p2b: Rotom|52\/100\n|move|p2a: Dragonite|Tera Blast|p1b: Great Tusk\n|-supereffective|p1b: Great Tusk\n|-damage|p1b: Great Tusk|0 fnt\n|faint|p1b: Great Tusk\n|-end|p1b: Great Tusk|Protosynthesis|[silent]\n|move|p2b: Rotom|Hydro Pump|p1a: Talonflame\n|-supereffective|p1a: Talonflame\n|-crit|p1a: Talonflame\n|-enditem|p1a: Talonflame|Focus Sash\n|-damage|p1a: Talonflame|1\/100\n|\n|-end|p1a: Talonflame|move: Taunt\n|-sideend|p1: BozaGG|move: Tailwind\n|upkeep\n|turn|6\n|\n|t:|1683169473\n|-terastallize|p1a: Talonflame|Fire\n|move|p2a: Dragonite|Extreme Speed|p1a: Talonflame\n|-damage|p1a: Talonflame|0 fnt\n|faint|p1a: Talonflame\n|\n|win|DarmanEthan\n","uploadtime":1683169496,"views":8,"p1id":"bozagg","p2id":"darmanethan","formatid":"gen9vgc2023regulationc","rating":0,"private":0,"password":""}