{"id":"gen9vgc2023regulationc-1863394419","p1":"kawhicu lennit 29","p2":"gucci_shinigami","format":"[Gen 9] VGC 2023 Regulation C","log":"|j|\u2606kawhicu lennit 29\n|j|\u2606gucci_shinigami\n|t:|1684011403\n|gametype|doubles\n|player|p1|kawhicu lennit 29|worker|1061\n|player|p2|gucci_shinigami|karen|1162\n|teamsize|p1|6\n|teamsize|p2|6\n|gen|9\n|tier|[Gen 9] VGC 2023 Regulation C\n|rated|\n|rule|Species Clause: Limit one of each Pok\u00e9mon\n|rule|Item Clause: Limit one of each item\n|clearpoke\n|poke|p1|Glalie, L50, F|\n|poke|p1|Sableye, L50, M|\n|poke|p1|Flamigo, L50, F|\n|poke|p1|Chansey, L50, F|\n|poke|p1|Farigiraf, L50, M|\n|poke|p1|Arcanine, L50, F|\n|poke|p2|Chien-Pao, L50|\n|poke|p2|Dragapult, L50, M|\n|poke|p2|Amoonguss, L50, F|\n|poke|p2|Talonflame, L50, F|\n|poke|p2|Iron Moth, L50|\n|poke|p2|Iron Hands, L50|\n|teampreview|4\n|inactive|Battle timer is ON: inactive players will automatically lose when time's up. (requested by gucci_shinigami)\n|\n|t:|1684011477\n|start\n|switch|p1a: Glalie|Glalie, L50, F|100\/100\n|switch|p1b: Sableye|Sableye, L50, M|100\/100\n|switch|p2a: Talonflame|Talonflame, L50, F|100\/100\n|switch|p2b: Chien-Pao|Chien-Pao, L50|100\/100\n|-ability|p2b: Chien-Pao|Sword of Ruin\n|turn|1\n|inactive|kawhicu lennit 29 has 30 seconds left.\n|inactive|kawhicu lennit 29 has 20 seconds left.\n|\n|t:|1684011513\n|switch|p1b: Arcanine|Arcanine, L50, F|100\/100\n|-ability|p1b: Arcanine|Intimidate|boost\n|-unboost|p2a: Talonflame|atk|1\n|-unboost|p2b: Chien-Pao|atk|1\n|-terastallize|p1a: Glalie|Water\n|move|p2b: Chien-Pao|Protect|p2b: Chien-Pao\n|-singleturn|p2b: Chien-Pao|Protect\n|move|p2a: Talonflame|Taunt|p1b: Arcanine\n|-start|p1b: Arcanine|move: Taunt\n|move|p1a: Glalie|Freeze-Dry|p2a: Talonflame\n|-damage|p2a: Talonflame|65\/100\n|\n|-ability|p1a: Glalie|Moody|boost\n|-boost|p1a: Glalie|spa|2\n|-unboost|p1a: Glalie|spd|1\n|upkeep\n|turn|2\n|inactive|gucci_shinigami has 30 seconds left.\n|\n|t:|1684011543\n|switch|p2b: Iron Moth|Iron Moth, L50|100\/100\n|-enditem|p2b: Iron Moth|Booster Energy\n|-activate|p2b: Iron Moth|ability: Quark Drive|[fromitem]\n|-start|p2b: Iron Moth|quarkdrivespa\n|switch|p2a: Iron Hands|Iron Hands, L50|100\/100\n|switch|p1b: Sableye|Sableye, L50, M|100\/100\n|move|p1a: Glalie|Freeze-Dry|p2a: Iron Hands\n|-damage|p2a: Iron Hands|66\/100\n|\n|-ability|p1a: Glalie|Moody|boost\n|-boost|p1a: Glalie|spa|2\n|-unboost|p1a: Glalie|spe|1\n|upkeep\n|turn|3\n|inactive|kawhicu lennit 29 has 30 seconds left.\n|inactive|gucci_shinigami has 30 seconds left.\n|inactive|gucci_shinigami has 20 seconds left.\n|inactive|gucci_shinigami has 15 seconds left.\n|inactive|gucci_shinigami has 10 seconds left.\n|\n|t:|1684011589\n|switch|p1b: Arcanine|Arcanine, L50, F|100\/100\n|-ability|p1b: Arcanine|Intimidate|boost\n|-unboost|p2a: Iron Hands|atk|1\n|-unboost|p2b: Iron Moth|atk|1\n|switch|p1a: Chansey|Chansey, L50, F|100\/100\n|-terastallize|p2a: Iron Hands|Fire\n|move|p2b: Iron Moth|Energy Ball|p1a: Chansey\n|-damage|p1a: Chansey|88\/100\n|move|p2a: Iron Hands|Wild Charge|p1b: Arcanine\n|-damage|p1b: Arcanine|62\/100\n|-damage|p2a: Iron Hands|58\/100|[from] Recoil\n|\n|upkeep\n|turn|4\n|inactive|gucci_shinigami has 30 seconds left.\n|\n|t:|1684011618\n|-end|p2b: Iron Moth|Quark Drive|[silent]\n|switch|p2b: Talonflame|Talonflame, L50, F|65\/100\n|switch|p1a: Sableye|Sableye, L50, M|100\/100\n|move|p1b: Arcanine|Protect|p1b: Arcanine\n|-singleturn|p1b: Arcanine|Protect\n|move|p2a: Iron Hands|Drain Punch|p1a: Sableye\n|-immune|p1a: Sableye\n|\n|upkeep\n|turn|5\n|inactive|kawhicu lennit 29 has 30 seconds left.\n|inactive|kawhicu lennit 29 has 20 seconds left.\n|inactive|kawhicu lennit 29 has 15 seconds left.\n|inactive|kawhicu lennit 29 has 10 seconds left.\n|\n|t:|1684011667\n|switch|p1b: Glalie|Glalie, L50, F, tera:Water|100\/100\n|move|p1a: Sableye|Fake Out|p2a: Iron Hands\n|-damage|p2a: Iron Hands|54\/100\n|move|p2b: Talonflame|Tailwind|p2b: Talonflame\n|-sidestart|p2: gucci_shinigami|move: Tailwind\n|cant|p2a: Iron Hands|flinch\n|\n|-ability|p1b: Glalie|Moody|boost\n|-boost|p1b: Glalie|atk|2\n|-unboost|p1b: Glalie|spe|1\n|upkeep\n|turn|6\n|inactive|kawhicu lennit 29 has 30 seconds left.\n|\n|t:|1684011700\n|switch|p1a: Arcanine|Arcanine, L50, F|62\/100\n|-ability|p1a: Arcanine|Intimidate|boost\n|-unboost|p2a: Iron Hands|atk|1\n|-unboost|p2b: Talonflame|atk|1\n|move|p1b: Glalie|Protect|p1b: Glalie\n|-singleturn|p1b: Glalie|Protect\n|move|p2b: Talonflame|Taunt|p1a: Arcanine\n|-start|p1a: Arcanine|move: Taunt\n|move|p2a: Iron Hands|Drain Punch|p1b: Glalie\n|-activate|p1b: Glalie|move: Protect\n|\n|-ability|p1b: Glalie|Moody|boost\n|-boost|p1b: Glalie|atk|2\n|-unboost|p1b: Glalie|spa|1\n|upkeep\n|turn|7\n|inactive|kawhicu lennit 29 has 30 seconds left.\n|\n|t:|1684011727\n|switch|p1b: Chansey|Chansey, L50, F|88\/100\n|move|p2b: Talonflame|Will-O-Wisp|p1b: Chansey\n|-status|p1b: Chansey|brn\n|move|p2a: Iron Hands|Volt Switch|p1b: Chansey\n|-damage|p1b: Chansey|84\/100 brn\n|\n|t:|1684011745\n|-end|p2a: Iron Hands|Quark Drive|[silent]\n|switch|p2a: Iron Moth|Iron Moth, L50|100\/100|[from] Volt Switch\n|move|p1a: Arcanine|Flare Blitz|p2a: Iron Moth\n|-resisted|p2a: Iron Moth\n|-damage|p2a: Iron Moth|60\/100\n|-damage|p1a: Arcanine|52\/100|[from] Recoil\n|\n|-damage|p1b: Chansey|78\/100 brn|[from] brn\n|upkeep\n|turn|8\n|inactive|gucci_shinigami has 30 seconds left.\n|\n|t:|1684011773\n|switch|p1a: Sableye|Sableye, L50, M|100\/100\n|move|p2b: Talonflame|Brave Bird|p1b: Chansey\n|-damage|p1b: Chansey|62\/100 brn\n|-damage|p2b: Talonflame|56\/100|[from] Recoil\n|move|p2a: Iron Moth|Sludge Wave|p1b: Chansey|[spread] p2b,p1a,p1b\n|-resisted|p1a: Sableye\n|-damage|p2b: Talonflame|3\/100\n|-damage|p1a: Sableye|68\/100\n|-damage|p1b: Chansey|51\/100 brn\n|move|p1b: Chansey|Seismic Toss|p2a: Iron Moth\n|-damage|p2a: Iron Moth|28\/100\n|\n|-damage|p1b: Chansey|45\/100 brn|[from] brn\n|-sideend|p2: gucci_shinigami|move: Tailwind\n|upkeep\n|turn|9\n|inactive|gucci_shinigami has 30 seconds left.\n|\n|t:|1684011802\n|switch|p2b: Iron Hands|Iron Hands, L50, tera:Fire|54\/100\n|move|p1a: Sableye|Fake Out|p2a: Iron Moth\n|-damage|p2a: Iron Moth|17\/100\n|cant|p2a: Iron Moth|flinch\n|move|p1b: Chansey|Life Dew|p1b: Chansey|[spread] p1a,p1b\n|-heal|p1a: Sableye|93\/100\n|-heal|p1b: Chansey|70\/100 brn\n|\n|-damage|p1b: Chansey|64\/100 brn|[from] brn\n|upkeep\n|turn|10\n|-message|gucci_shinigami forfeited.\n|\n|win|kawhicu lennit 29\n|raw|kawhicu lennit 29's rating: 1099 → 1129<\/strong> (+30 for winning)\n|raw|gucci_shinigami's rating: 1162 → 1133<\/strong> (-29 for losing)\n|l|\u2606gucci_shinigami\n|n|\u2606kawhicu lennit 29|kawhiculennit29\n","uploadtime":1684013021,"views":14,"p1id":"kawhiculennit29","p2id":"guccishinigami","formatid":"gen9vgc2023regulationc","rating":1129,"private":0,"password":""}