{"id":"gen9vgc2023regulationc-1856404594","p1":"GiovanniLor","p2":"Conkledonk","format":"[Gen 9] VGC 2023 Regulation C","log":"|j|\u2606GiovanniLor\n|j|\u2606Conkledonk\n|t:|1683058208\n|gametype|doubles\n|player|p1|GiovanniLor|102|\n|player|p2|Conkledonk|hiker-gen4|\n|teamsize|p1|6\n|teamsize|p2|6\n|gen|9\n|tier|[Gen 9] VGC 2023 Regulation C\n|rule|Species Clause: Limit one of each Pok\u00e9mon\n|rule|Item Clause: Limit one of each item\n|clearpoke\n|poke|p1|Dragapult, L50, F|\n|poke|p1|Chien-Pao, L50|\n|poke|p1|Gholdengo, L50|\n|poke|p1|Amoonguss, L50, M|\n|poke|p1|Ting-Lu, L50|\n|poke|p1|Palafin, L50, M|\n|poke|p2|Dondozo, L50, F|\n|poke|p2|Tatsugiri-Stretchy, L50, F|\n|poke|p2|Glimmora, L50, F|\n|poke|p2|Pawmot, L50, F|\n|poke|p2|Talonflame, L50, F|\n|poke|p2|Gholdengo, L50|\n|teampreview|4\nConkledonk has agreed to open team sheets.\n|c|\u2606Conkledonk|g3\n|l|\u2606GiovanniLor\n|player|p1|\n|c|\u2606Conkledonk|glhf\n|j|\u2606GiovanniLor\n|player|p1|GiovanniLor|102\nGiovanniLor has agreed to open team sheets.\n|\n|t:|1683058821\n|start\n|switch|p1a: Amoonguss|Amoonguss, L50, M|100\/100\n|switch|p1b: Ting-Lu|Ting-Lu, L50|100\/100\n|switch|p2a: Pawmot|Pawmot, L50, F|100\/100\n|switch|p2b: Gholdengo|Gholdengo, L50|100\/100\n|-ability|p1b: Ting-Lu|Vessel of Ruin\n|turn|1\n|\n|t:|1683058858\n|-terastallize|p2b: Gholdengo|Water\n|-terastallize|p1b: Ting-Lu|Fire\n|move|p2a: Pawmot|Close Combat|p1b: Ting-Lu\n|-damage|p1b: Ting-Lu|66\/100\n|-unboost|p2a: Pawmot|def|1\n|-unboost|p2a: Pawmot|spd|1\n|move|p2b: Gholdengo|Nasty Plot|p2b: Gholdengo\n|-boost|p2b: Gholdengo|spa|2\n|move|p1b: Ting-Lu|Stomping Tantrum|p2b: Gholdengo\n|-damage|p2b: Gholdengo|62\/100\n|move|p1a: Amoonguss|Spore|p2a: Pawmot\n|-status|p2a: Pawmot|slp|[from] move: Spore\n|\n|upkeep\n|turn|2\n|\n|t:|1683058881\n|-curestatus|p2a: Pawmot|slp|[from] ability: Natural Cure\n|switch|p2a: Talonflame|Talonflame, L50, F|100\/100\n|move|p2b: Gholdengo|Protect|p2b: Gholdengo\n|-singleturn|p2b: Gholdengo|Protect\n|move|p1b: Ting-Lu|Stone Edge|p2a: Talonflame|[miss]\n|-miss|p1b: Ting-Lu|p2a: Talonflame\n|move|p1a: Amoonguss|Clear Smog|p2b: Gholdengo\n|-activate|p2b: Gholdengo|move: Protect\n|\n|upkeep\n|turn|3\n|\n|t:|1683058903\n|switch|p1a: Gholdengo|Gholdengo, L50|100\/100\n|move|p2a: Talonflame|Brave Bird|p1b: Ting-Lu\n|-damage|p1b: Ting-Lu|40\/100\n|-damage|p2a: Talonflame|87\/100|[from] Recoil\n|move|p2b: Gholdengo|Shadow Ball|p1b: Ting-Lu\n|-damage|p1b: Ting-Lu|9\/100\n|move|p1b: Ting-Lu|Stone Edge|p2a: Talonflame\n|-supereffective|p2a: Talonflame\n|-damage|p2a: Talonflame|0 fnt\n|faint|p2a: Talonflame\n|\n|upkeep\n|\n|t:|1683058919\n|switch|p2a: Tatsugiri|Tatsugiri-Stretchy, L50, F|100\/100\n|turn|4\n|\n|t:|1683058934\n|move|p2a: Tatsugiri|Muddy Water|p1b: Ting-Lu|[spread] p1a,p1b\n|-supereffective|p1b: Ting-Lu\n|-damage|p1a: Gholdengo|76\/100\n|-damage|p1b: Ting-Lu|0 fnt\n|faint|p1b: Ting-Lu\n|move|p2b: Gholdengo|Shadow Ball|p1a: Gholdengo\n|-supereffective|p1a: Gholdengo\n|-damage|p1a: Gholdengo|0 fnt\n|faint|p1a: Gholdengo\n|\n|upkeep\n|\n|t:|1683058941\n|switch|p1a: Amoonguss|Amoonguss, L50, M|100\/100\n|switch|p1b: Dragapult|Dragapult, L50, F, shiny|100\/100\n|turn|5\n|\n|t:|1683058964\n|move|p2a: Tatsugiri|Muddy Water|p1a: Amoonguss|[spread] p1b\n|-miss|p2a: Tatsugiri|p1a: Amoonguss\n|-resisted|p1b: Dragapult\n|-damage|p1b: Dragapult|79\/100\n|move|p1b: Dragapult|Phantom Force||[still]\n|-prepare|p1b: Dragapult|Phantom Force\n|move|p2b: Gholdengo|Make It Rain|p1a: Amoonguss|[spread] p1a\n|-miss|p2b: Gholdengo|p1b: Dragapult\n|-damage|p1a: Amoonguss|17\/100\n|-unboost|p2b: Gholdengo|spa|1\n|-enditem|p1a: Amoonguss|Sitrus Berry|[eat]\n|-heal|p1a: Amoonguss|42\/100|[from] item: Sitrus Berry\n|move|p1a: Amoonguss|Spore|p2a: Tatsugiri\n|-status|p2a: Tatsugiri|slp|[from] move: Spore\n|\n|upkeep\n|turn|6\n|\n|t:|1683058985\n|switch|p2a: Pawmot|Pawmot, L50, F|100\/100\n|move|p1b: Dragapult|Phantom Force|p2b: Gholdengo|[from]lockedmove\n|-damage|p2b: Gholdengo|0 fnt\n|faint|p2b: Gholdengo\n|move|p1a: Amoonguss|Spore|p2a: Pawmot\n|-status|p2a: Pawmot|slp|[from] move: Spore\n|\n|upkeep\n|\n|t:|1683058990\n|switch|p2b: Tatsugiri|Tatsugiri-Stretchy, L50, F|100\/100 slp\n|turn|7\n|\n|t:|1683059005\n|cant|p2b: Tatsugiri|slp\n|move|p2b: Tatsugiri|Sleep Talk|p2b: Tatsugiri\n|move|p2b: Tatsugiri|Muddy Water|p1b: Dragapult|[from]move: Sleep Talk|[spread] p1a,p1b\n|-resisted|p1a: Amoonguss\n|-resisted|p1b: Dragapult\n|-damage|p1a: Amoonguss|27\/100\n|-damage|p1b: Dragapult|56\/100\n|-unboost|p1a: Amoonguss|accuracy|1\n|move|p1b: Dragapult|Phantom Force||[still]\n|-prepare|p1b: Dragapult|Phantom Force\n|cant|p2a: Pawmot|slp\n|move|p1a: Amoonguss|Pollen Puff|p2a: Pawmot\n|-resisted|p2a: Pawmot\n|-damage|p2a: Pawmot|83\/100 slp\n|\n|upkeep\n|turn|8\n|\n|t:|1683059014\n|move|p1a: Amoonguss|Rage Powder|p1a: Amoonguss\n|-singleturn|p1a: Amoonguss|move: Rage Powder\n|cant|p2b: Tatsugiri|slp\n|move|p2b: Tatsugiri|Sleep Talk|p2b: Tatsugiri\n|move|p2b: Tatsugiri|Draco Meteor|p1a: Amoonguss|[from]move: Sleep Talk\n|-damage|p1a: Amoonguss|0 fnt\n|-unboost|p2b: Tatsugiri|spa|2\n|faint|p1a: Amoonguss\n|move|p1b: Dragapult|Phantom Force|p2b: Tatsugiri|[from]lockedmove\n|-damage|p2b: Tatsugiri|0 fnt\n|faint|p2b: Tatsugiri\n|cant|p2a: Pawmot|slp\n|\n|upkeep\n|turn|9\n|\n|t:|1683059027\n|move|p1b: Dragapult|Phantom Force||[still]\n|-prepare|p1b: Dragapult|Phantom Force\n|-curestatus|p2a: Pawmot|slp|[msg]\n|move|p2a: Pawmot|Revival Blessing|p2a: Pawmot\n|\n|t:|1683059033\n|-heal|p2: Tatsugiri|50\/100|[from] move: Revival Blessing\n|\n|upkeep\n|switch|p2b: Tatsugiri|Tatsugiri-Stretchy, L50, F|50\/100\n|turn|10\n|\n|t:|1683059045\n|move|p2b: Tatsugiri|Draco Meteor|p1b: Dragapult|[miss]\n|-miss|p2b: Tatsugiri|p1b: Dragapult\n|move|p1b: Dragapult|Phantom Force|p2a: Pawmot|[from]lockedmove\n|-damage|p2a: Pawmot|0 fnt\n|faint|p2a: Pawmot\n|\n|upkeep\n|turn|11\n|\n|t:|1683059054\n|move|p2b: Tatsugiri|Draco Meteor|p1b: Dragapult\n|-supereffective|p1b: Dragapult\n|-damage|p1b: Dragapult|0 fnt\n|-unboost|p2b: Tatsugiri|spa|2\n|faint|p1b: Dragapult\n|\n|win|Conkledonk\n|c|\u2606Conkledonk|ggs\n|c|\u2606GiovanniLor|gg\n|c|\u2606GiovanniLor|close\n|c|\u2606Conkledonk|yeah for sure\n","uploadtime":1683059096,"views":5,"p1id":"giovannilor","p2id":"conkledonk","formatid":"gen9vgc2023regulationc","rating":0,"private":0,"password":""}