{"id":"gen9vgc2023regulationc-1853123320","p1":"Cyruno","p2":"haclyon","format":"[Gen 9] VGC 2023 Regulation C","log":"|j|\u2606Cyruno\n|j|\u2606haclyon\n|t:|1682637969\n|gametype|doubles\n|player|p1|Cyruno|blue|1244\n|player|p2|haclyon|101|1152\n|teamsize|p1|6\n|teamsize|p2|6\n|gen|9\n|tier|[Gen 9] VGC 2023 Regulation C\n|rated|\n|rule|Species Clause: Limit one of each Pok\u00e9mon\n|rule|Item Clause: Limit one of each item\n|clearpoke\n|poke|p1|Scizor, L50, F|\n|poke|p1|Flutter Mane, L50|\n|poke|p1|Chien-Pao, L50|\n|poke|p1|Arcanine, L50, M|\n|poke|p1|Azumarill, L50, F|\n|poke|p1|Amoonguss, L50, M|\n|poke|p2|Dondozo, L50, M|\n|poke|p2|Tatsugiri, L50, F|\n|poke|p2|Iron Hands, L50|\n|poke|p2|Ceruledge, L50, F|\n|poke|p2|Frosmoth, L50, F|\n|poke|p2|Abomasnow, L50, M|\n|teampreview|4\n|inactive|Battle timer is ON: inactive players will automatically lose when time's up. (requested by haclyon)\n|\n|t:|1682637989\n|start\n|switch|p1a: Lola|Azumarill, L50, F, shiny|100\/100\n|switch|p1b: Scissors|Scizor, L50, F|100\/100\n|switch|p2a: Dondozo|Dondozo, L50, M|100\/100\n|switch|p2b: Frosmoth|Frosmoth, L50, F|100\/100\n|turn|1\n|\n|t:|1682638002\n|switch|p2a: Abomasnow|Abomasnow, L50, M|100\/100\n|-weather|Snow|[from] ability: Snow Warning|[of] p2a: Abomasnow\n|move|p1b: Scissors|Bullet Punch|p2b: Frosmoth\n|-supereffective|p2b: Frosmoth\n|-damage|p2b: Frosmoth|14\/100\n|move|p2b: Frosmoth|Giga Drain|p1a: Lola\n|-supereffective|p1a: Lola\n|-damage|p1a: Lola|65\/100\n|-heal|p2b: Frosmoth|39\/100|[from] drain|[of] p1a: Lola\n|move|p1a: Lola|Play Rough|p2a: Abomasnow\n|-damage|p2a: Abomasnow|65\/100\n|\n|-weather|Snow|[upkeep]\n|upkeep\n|turn|2\n|inactive|Cyruno has 30 seconds left.\n|inactive|haclyon has 30 seconds left.\n|inactive|Cyruno has 20 seconds left.\n|\n|t:|1682638037\n|switch|p2b: Dondozo|Dondozo, L50, M|100\/100\n|move|p1b: Scissors|Bullet Punch|p2b: Dondozo\n|-resisted|p2b: Dondozo\n|-damage|p2b: Dondozo|91\/100\n|move|p2a: Abomasnow|Wood Hammer|p1a: Lola\n|-supereffective|p1a: Lola\n|-damage|p1a: Lola|0 fnt\n|faint|p1a: Lola\n|-damage|p2a: Abomasnow|39\/100|[from] Recoil\n|\n|-weather|Snow|[upkeep]\n|upkeep\n|\n|t:|1682638041\n|switch|p1a: Misdreavus v2|Flutter Mane, L50|100\/100\n|-enditem|p1a: Misdreavus v2|Booster Energy\n|-activate|p1a: Misdreavus v2|ability: Protosynthesis|[fromitem]\n|-start|p1a: Misdreavus v2|protosynthesisspa\n|turn|3\n|\n|t:|1682638054\n|switch|p2a: Tatsugiri|Tatsugiri, L50, F|100\/100\n|-activate|p2a: Tatsugiri|ability: Commander|[of] p2b: Dondozo\n|-boost|p2b: Dondozo|atk|2\n|-boost|p2b: Dondozo|spa|2\n|-boost|p2b: Dondozo|spe|2\n|-boost|p2b: Dondozo|def|2\n|-boost|p2b: Dondozo|spd|2\n|move|p1b: Scissors|Bullet Punch|p2a: Tatsugiri|[miss]\n|-miss|p1b: Scissors|p2a: Tatsugiri\n|move|p1a: Misdreavus v2|Thunderbolt|p2b: Dondozo\n|-supereffective|p2b: Dondozo\n|-damage|p2b: Dondozo|53\/100\n|move|p2b: Dondozo|Order Up|p1b: Scissors\n|-resisted|p1b: Scissors\n|-crit|p1b: Scissors\n|-damage|p1b: Scissors|63\/100\n|-boost|p2b: Dondozo|atk|1\n|\n|-weather|Snow|[upkeep]\n|upkeep\n|turn|4\n|\n|t:|1682638079\n|-terastallize|p2b: Dondozo|Ice\n|move|p1a: Misdreavus v2|Thunderbolt|p2b: Dondozo\n|-damage|p2b: Dondozo|32\/100\n|-status|p2b: Dondozo|par\n|move|p1b: Scissors|U-turn|p2b: Dondozo\n|-damage|p2b: Dondozo|23\/100 par\n|\n|t:|1682638086\n|switch|p1b: Fido|Arcanine, L50, M|100\/100|[from] U-turn\n|-ability|p1b: Fido|Intimidate|boost\n|-unboost|p2a: Tatsugiri|atk|1\n|-unboost|p2b: Dondozo|atk|1\n|move|p2b: Dondozo|Earthquake|p1a: Misdreavus v2|[spread] p1a,p1b\n|-miss|p2b: Dondozo|p2a: Tatsugiri\n|-supereffective|p1b: Fido\n|-damage|p1a: Misdreavus v2|29\/100\n|-damage|p1b: Fido|0 fnt\n|faint|p1b: Fido\n|\n|-weather|Snow|[upkeep]\n|upkeep\n|\n|t:|1682638088\n|switch|p1b: Scissors|Scizor, L50, F|63\/100\n|turn|5\n|\n|t:|1682638098\n|-terastallize|p1a: Misdreavus v2|Fairy\n|move|p1b: Scissors|Bullet Punch|p2b: Dondozo\n|-supereffective|p2b: Dondozo\n|-damage|p2b: Dondozo|9\/100 par\n|move|p1a: Misdreavus v2|Dazzling Gleam|p2a: Tatsugiri|[spread] p2b\n|-miss|p1a: Misdreavus v2|p2a: Tatsugiri\n|-crit|p2b: Dondozo\n|-damage|p2b: Dondozo|0 fnt\n|faint|p2b: Dondozo\n|\n|-weather|Snow|[upkeep]\n|upkeep\n|\n|t:|1682638111\n|switch|p2b: Abomasnow|Abomasnow, L50, M|39\/100\n|turn|6\n|\n|t:|1682638117\n|move|p1a: Misdreavus v2|Protect|p1a: Misdreavus v2\n|-singleturn|p1a: Misdreavus v2|Protect\n|move|p2a: Tatsugiri|Muddy Water|p1b: Scissors|[spread] p1b\n|-activate|p1a: Misdreavus v2|move: Protect\n|-damage|p1b: Scissors|20\/100\n|move|p1b: Scissors|Close Combat|p2a: Tatsugiri\n|-damage|p2a: Tatsugiri|22\/100\n|-unboost|p1b: Scissors|def|1\n|-unboost|p1b: Scissors|spd|1\n|-enditem|p2a: Tatsugiri|Aguav Berry|[eat]\n|-heal|p2a: Tatsugiri|55\/100|[from] item: Aguav Berry\n|move|p2b: Abomasnow|Aurora Veil|p2b: Abomasnow\n|-sidestart|p2: haclyon|move: Aurora Veil\n|\n|-weather|Snow|[upkeep]\n|upkeep\n|turn|7\n|\n|t:|1682638140\n|move|p1b: Scissors|Bullet Punch|p2a: Tatsugiri\n|-resisted|p2a: Tatsugiri\n|-damage|p2a: Tatsugiri|35\/100\n|move|p1a: Misdreavus v2|Dazzling Gleam|p2a: Tatsugiri|[spread] p2a,p2b\n|-supereffective|p2a: Tatsugiri\n|-damage|p2a: Tatsugiri|0 fnt\n|-damage|p2b: Abomasnow|5\/100\n|faint|p2a: Tatsugiri\n|move|p2b: Abomasnow|Wood Hammer|p1a: Misdreavus v2\n|-damage|p1a: Misdreavus v2|0 fnt\n|faint|p1a: Misdreavus v2\n|-end|p1a: Misdreavus v2|Protosynthesis|[silent]\n|-damage|p2b: Abomasnow|0 fnt|[from] Recoil\n|faint|p2b: Abomasnow\n|\n|-weather|Snow|[upkeep]\n|upkeep\n|\n|t:|1682638153\n|switch|p2b: Frosmoth|Frosmoth, L50, F|39\/100\n|turn|8\n|\n|t:|1682638160\n|move|p1b: Scissors|Bullet Punch|p2b: Frosmoth\n|-supereffective|p2b: Frosmoth\n|-damage|p2b: Frosmoth|0 fnt\n|faint|p2b: Frosmoth\n|\n|win|Cyruno\n|raw|Cyruno's rating: 1244 → 1263<\/strong> (+19 for winning)\n|raw|haclyon's rating: 1152 → 1133<\/strong> (-19 for losing)\n|l|\u2606haclyon\n","uploadtime":1682638207,"views":9,"p1id":"cyruno","p2id":"haclyon","formatid":"gen9vgc2023regulationc","rating":1133,"private":0,"password":""}