{"id":"gen9vgc2023regulationc-1854968797","p1":"mattnot3","p2":"vgcproto","format":"[Gen 9] VGC 2023 Regulation C","log":"|j|\u2606mattnot3\n|j|\u2606vgcproto\n|t:|1682886106\n|gametype|doubles\n|player|p1|mattnot3|265|1529\n|player|p2|vgcproto|lucas|1583\n|teamsize|p1|6\n|teamsize|p2|6\n|gen|9\n|tier|[Gen 9] VGC 2023 Regulation C\n|rated|\n|rule|Species Clause: Limit one of each Pok\u00e9mon\n|rule|Item Clause: Limit one of each item\n|clearpoke\n|poke|p1|Chi-Yu, L50|\n|poke|p1|Flutter Mane, L50|\n|poke|p1|Scizor, L50, F|\n|poke|p1|Wo-Chien, L50|\n|poke|p1|Gyarados, L50, M|\n|poke|p1|Glimmora, L50, M|\n|poke|p2|Drednaw, L50, M|\n|poke|p2|Pelipper, L50, F|\n|poke|p2|Dondozo, L50, F|\n|poke|p2|Tatsugiri, L50, M|\n|poke|p2|Ting-Lu, L50|\n|poke|p2|Garganacl, L50, M|\n|teampreview|4\n|inactive|Battle timer is ON: inactive players will automatically lose when time's up. (requested by vgcproto)\n|inactive|mattnot3 has 60 seconds left.\n|\n|t:|1682886167\n|start\n|switch|p1a: Gyarados|Gyarados, L50, M|100\/100\n|switch|p1b: Glimmora|Glimmora, L50, M|100\/100\n|switch|p2a: Garganacl|Garganacl, L50, M|100\/100\n|switch|p2b: Ting-Lu|Ting-Lu, L50|100\/100\n|-ability|p1a: Gyarados|Intimidate|boost\n|-unboost|p2a: Garganacl|atk|1\n|-unboost|p2b: Ting-Lu|atk|1\n|-ability|p2b: Ting-Lu|Vessel of Ruin\n|turn|1\n|\n|t:|1682886187\n|-terastallize|p2a: Garganacl|Ghost\n|move|p1b: Glimmora|Mortal Spin|p2b: Ting-Lu|[spread] p2a,p2b\n|-resisted|p2a: Garganacl\n|-resisted|p2b: Ting-Lu\n|-damage|p2a: Garganacl|99\/100\n|-damage|p2b: Ting-Lu|99\/100\n|-status|p2b: Ting-Lu|psn\n|move|p1a: Gyarados|Whirlpool|p2b: Ting-Lu\n|-supereffective|p2b: Ting-Lu\n|-damage|p2b: Ting-Lu|92\/100 psn\n|-activate|p2b: Ting-Lu|move: Whirlpool|[of] p1a: Gyarados\n|move|p2b: Ting-Lu|Fissure|p1b: Glimmora|[miss]\n|-miss|p2b: Ting-Lu|p1b: Glimmora\n|move|p2a: Garganacl|Salt Cure|p1a: Gyarados\n|-supereffective|p1a: Gyarados\n|-damage|p1a: Gyarados|82\/100\n|-start|p1a: Gyarados|Salt Cure\n|\n|-heal|p2a: Garganacl|100\/100|[from] item: Leftovers\n|-damage|p2b: Ting-Lu|80\/100 psn|[from] psn\n|-damage|p1a: Gyarados|57\/100|[from] Salt Cure\n|-damage|p2b: Ting-Lu|68\/100 psn|[from] move: Whirlpool|[partiallytrapped]\n|upkeep\n|turn|2\n|inactive|mattnot3 has 30 seconds left.\n|inactive|vgcproto has 30 seconds left.\n|\n|t:|1682886218\n|switch|p1b: Wo-Chien|Wo-Chien, L50|100\/100\n|-ability|p1b: Wo-Chien|Tablets of Ruin\n|move|p1a: Gyarados|Waterfall|p2b: Ting-Lu\n|-supereffective|p2b: Ting-Lu\n|-damage|p2b: Ting-Lu|41\/100 psn\n|move|p2b: Ting-Lu|Stomping Tantrum|p1b: Wo-Chien\n|-resisted|p1b: Wo-Chien\n|-damage|p1b: Wo-Chien|86\/100\n|move|p2a: Garganacl|Salt Cure|p1b: Wo-Chien\n|-damage|p1b: Wo-Chien|81\/100\n|-start|p1b: Wo-Chien|Salt Cure\n|\n|-heal|p1b: Wo-Chien|87\/100|[from] item: Leftovers\n|-damage|p2b: Ting-Lu|28\/100 psn|[from] psn\n|-damage|p1a: Gyarados|32\/100|[from] Salt Cure\n|-damage|p1b: Wo-Chien|75\/100|[from] Salt Cure\n|-damage|p2b: Ting-Lu|16\/100 psn|[from] move: Whirlpool|[partiallytrapped]\n|upkeep\n|-enditem|p1a: Gyarados|Sitrus Berry|[eat]\n|-heal|p1a: Gyarados|57\/100|[from] item: Sitrus Berry\n|turn|3\n|\n|t:|1682886237\n|switch|p1b: Glimmora|Glimmora, L50, M|100\/100\n|move|p1a: Gyarados|Waterfall|p2b: Ting-Lu\n|-supereffective|p2b: Ting-Lu\n|-damage|p2b: Ting-Lu|0 fnt\n|faint|p2b: Ting-Lu\n|move|p2a: Garganacl|Salt Cure|p1a: Gyarados\n|-supereffective|p1a: Gyarados\n|-damage|p1a: Gyarados|36\/100\n|\n|-damage|p1a: Gyarados|11\/100|[from] Salt Cure\n|upkeep\n|\n|t:|1682886245\n|switch|p2b: Dondozo|Dondozo, L50, F|100\/100\n|turn|4\n|\n|t:|1682886254\n|switch|p1a: Wo-Chien|Wo-Chien, L50|75\/100\n|-ability|p1a: Wo-Chien|Tablets of Ruin\n|switch|p2a: Tatsugiri|Tatsugiri, L50, M|100\/100\n|-activate|p2a: Tatsugiri|ability: Commander|[of] p2b: Dondozo\n|-boost|p2b: Dondozo|atk|2\n|-boost|p2b: Dondozo|spa|2\n|-boost|p2b: Dondozo|spe|2\n|-boost|p2b: Dondozo|def|2\n|-boost|p2b: Dondozo|spd|2\n|move|p2b: Dondozo|Surf|p1b: Glimmora|[spread] p1a,p1b\n|-miss|p2b: Dondozo|p2a: Tatsugiri\n|-resisted|p1a: Wo-Chien\n|-supereffective|p1b: Glimmora\n|-damage|p1a: Wo-Chien|57\/100\n|-damage|p1b: Glimmora|13\/100\n|-damage|p2b: Dondozo|91\/100|[from] item: Life Orb\n|move|p1b: Glimmora|Mortal Spin|p2b: Dondozo|[spread] p2b\n|-miss|p1b: Glimmora|p2a: Tatsugiri\n|-damage|p2b: Dondozo|89\/100\n|-status|p2b: Dondozo|psn\n|\n|-heal|p1a: Wo-Chien|64\/100|[from] item: Leftovers\n|-damage|p2b: Dondozo|77\/100 psn|[from] psn\n|upkeep\n|turn|5\n|inactive|mattnot3 has 30 seconds left.\n|\n|t:|1682886281\n|move|p2b: Dondozo|Surf|p1a: Wo-Chien|[spread] p1a,p1b\n|-miss|p2b: Dondozo|p2a: Tatsugiri\n|-resisted|p1a: Wo-Chien\n|-supereffective|p1b: Glimmora\n|-damage|p1a: Wo-Chien|44\/100\n|-damage|p1b: Glimmora|0 fnt\n|faint|p1b: Glimmora\n|-damage|p2b: Dondozo|67\/100 psn|[from] item: Life Orb\n|move|p1a: Wo-Chien|Leech Seed|p2b: Dondozo\n|-start|p2b: Dondozo|move: Leech Seed\n|\n|-heal|p1a: Wo-Chien|50\/100|[from] item: Leftovers\n|-damage|p2b: Dondozo|55\/100 psn|[from] Leech Seed|[of] p1a: Wo-Chien\n|-heal|p1a: Wo-Chien|65\/100|[silent]\n|-damage|p2b: Dondozo|43\/100 psn|[from] psn\n|upkeep\n|\n|t:|1682886300\n|switch|p1b: Gyarados|Gyarados, L50, M|11\/100\n|-ability|p1b: Gyarados|Intimidate|boost\n|-unboost|p2a: Tatsugiri|atk|1\n|-unboost|p2b: Dondozo|atk|1\n|turn|6\n|\n|t:|1682886315\n|move|p2b: Dondozo|Surf|p1b: Gyarados|[spread] p1a,p1b\n|-miss|p2b: Dondozo|p2a: Tatsugiri\n|-resisted|p1a: Wo-Chien\n|-resisted|p1b: Gyarados\n|-damage|p1a: Wo-Chien|44\/100\n|-damage|p1b: Gyarados|0 fnt\n|faint|p1b: Gyarados\n|-damage|p2b: Dondozo|33\/100 psn|[from] item: Life Orb\n|move|p1a: Wo-Chien|Substitute|p1a: Wo-Chien\n|-start|p1a: Wo-Chien|Substitute\n|-damage|p1a: Wo-Chien|19\/100\n|\n|-heal|p1a: Wo-Chien|25\/100|[from] item: Leftovers\n|-damage|p2b: Dondozo|20\/100 psn|[from] Leech Seed|[of] p1a: Wo-Chien\n|-heal|p1a: Wo-Chien|40\/100|[silent]\n|-damage|p2b: Dondozo|8\/100 psn|[from] psn\n|upkeep\n|\n|t:|1682886324\n|switch|p1b: Flutter Mane|Flutter Mane, L50|100\/100\n|-enditem|p1b: Flutter Mane|Booster Energy\n|-activate|p1b: Flutter Mane|ability: Protosynthesis|[fromitem]\n|-start|p1b: Flutter Mane|protosynthesisspa\n|turn|7\n|inactive|mattnot3 has 30 seconds left.\n|\n|t:|1682886352\n|move|p1b: Flutter Mane|Protect|p1b: Flutter Mane\n|-singleturn|p1b: Flutter Mane|Protect\n|move|p2b: Dondozo|Protect|p2b: Dondozo\n|-singleturn|p2b: Dondozo|Protect\n|move|p1a: Wo-Chien|Protect||[still]\n|-fail|p1a: Wo-Chien\n|\n|-heal|p1a: Wo-Chien|46\/100|[from] item: Leftovers\n|-damage|p2b: Dondozo|0 fnt|[from] Leech Seed|[of] p1a: Wo-Chien\n|-heal|p1a: Wo-Chien|55\/100|[silent]\n|faint|p2b: Dondozo\n|upkeep\n|\n|t:|1682886362\n|switch|p2b: Garganacl|Garganacl, L50, M, tera:Ghost|100\/100\n|turn|8\n|\n|t:|1682886386\n|move|p2b: Garganacl|Wide Guard|p2b: Garganacl\n|-singleturn|p2b: Garganacl|Wide Guard\n|move|p2a: Tatsugiri|Muddy Water|p1a: Wo-Chien|[spread] p1a,p1b\n|-resisted|p1a: Wo-Chien\n|-activate|p1a: Wo-Chien|move: Substitute|[damage]\n|-damage|p1b: Flutter Mane|62\/100\n|move|p1b: Flutter Mane|Moonblast|p2a: Tatsugiri\n|-supereffective|p2a: Tatsugiri\n|-damage|p2a: Tatsugiri|0 fnt\n|faint|p2a: Tatsugiri\n|move|p1a: Wo-Chien|Leech Seed|p2b: Garganacl\n|-start|p2b: Garganacl|move: Leech Seed\n|\n|-heal|p1a: Wo-Chien|61\/100|[from] item: Leftovers\n|-damage|p2b: Garganacl|88\/100|[from] Leech Seed|[of] p1a: Wo-Chien\n|-heal|p1a: Wo-Chien|74\/100|[silent]\n|upkeep\n|turn|9\n|\n|t:|1682886402\n|move|p1b: Flutter Mane|Substitute|p1b: Flutter Mane\n|-start|p1b: Flutter Mane|Substitute\n|-damage|p1b: Flutter Mane|37\/100\n|move|p1a: Wo-Chien|Pollen Puff|p1b: Flutter Mane\n|-heal|p1b: Flutter Mane|87\/100\n|move|p2b: Garganacl|Salt Cure|p1b: Flutter Mane\n|-activate|p1b: Flutter Mane|move: Substitute|[damage]\n|\n|-heal|p1a: Wo-Chien|81\/100|[from] item: Leftovers\n|-heal|p2b: Garganacl|94\/100|[from] item: Leftovers\n|-damage|p2b: Garganacl|82\/100|[from] Leech Seed|[of] p1a: Wo-Chien\n|-heal|p1a: Wo-Chien|94\/100|[silent]\n|upkeep\n|turn|10\n|\n|t:|1682886424\n|move|p1b: Flutter Mane|Moonblast|p2b: Garganacl\n|-damage|p2b: Garganacl|27\/100\n|move|p1a: Wo-Chien|Pollen Puff|p2b: Garganacl\n|-resisted|p2b: Garganacl\n|-crit|p2b: Garganacl\n|-damage|p2b: Garganacl|15\/100\n|move|p2b: Garganacl|Salt Cure|p1b: Flutter Mane\n|-end|p1b: Flutter Mane|Substitute\n|\n|-heal|p1a: Wo-Chien|99\/100|[from] item: Leftovers\n|-heal|p2b: Garganacl|20\/100|[from] item: Leftovers\n|-damage|p2b: Garganacl|8\/100|[from] Leech Seed|[of] p1a: Wo-Chien\n|-heal|p1a: Wo-Chien|100\/100|[silent]\n|upkeep\n|turn|11\n|c|\u2606mattnot3|gg\n|\n|t:|1682886438\n|move|p1b: Flutter Mane|Moonblast|p2b: Garganacl\n|-damage|p2b: Garganacl|0 fnt\n|faint|p2b: Garganacl\n|\n|win|mattnot3\n|raw|mattnot3's rating: 1529 → 1552<\/strong> (+23 for winning)\n|raw|vgcproto's rating: 1583 → 1560<\/strong> (-23 for losing)\n|l|\u2606vgcproto\n","uploadtime":1682886449,"views":7,"p1id":"mattnot3","p2id":"vgcproto","formatid":"gen9vgc2023regulationc","rating":1552,"private":0,"password":""}