{"id":"gen9vgc2023regulationc-1847209077","p1":"themanparris","p2":"Hadrian1917","format":"[Gen 9] VGC 2023 Regulation C","log":"|j|\u2606themanparris\n|j|\u2606Hadrian1917\n|t:|1681927971\n|gametype|doubles\n|player|p1|themanparris|2|1123\n|player|p2|Hadrian1917|brock|1119\n|teamsize|p1|6\n|teamsize|p2|6\n|gen|9\n|tier|[Gen 9] VGC 2023 Regulation C\n|rated|\n|rule|Species Clause: Limit one of each Pok\u00e9mon\n|rule|Item Clause: Limit one of each item\n|clearpoke\n|poke|p1|Dragapult, L50, F|\n|poke|p1|Amoonguss, L50, F|\n|poke|p1|Chien-Pao, L50|\n|poke|p1|Arcanine, L50, F|\n|poke|p1|Flutter Mane, L50|\n|poke|p1|Palafin, L50, M|\n|poke|p2|Flutter Mane, L50|\n|poke|p2|Arcanine, L50, M|\n|poke|p2|Baxcalibur, L50, M|\n|poke|p2|Ting-Lu, L50|\n|poke|p2|Gyarados, L50, F|\n|poke|p2|Amoonguss, L50, M|\n|teampreview|4\n|inactive|Battle timer is ON: inactive players will automatically lose when time's up. (requested by themanparris)\n|inactive|themanparris has 60 seconds left.\n|inactive|themanparris has 30 seconds left.\n|\n|t:|1681928041\n|start\n|switch|p1a: Bundle|Chien-Pao, L50|100\/100\n|switch|p1b: Dozo|Palafin, L50, M|100\/100\n|switch|p2a: Arcanine|Arcanine, L50, M|100\/100\n|switch|p2b: Baxcalibur|Baxcalibur, L50, M|100\/100\n|-ability|p1a: Bundle|Sword of Ruin\n|-ability|p2a: Arcanine|Intimidate|boost\n|-unboost|p1a: Bundle|atk|1\n|-unboost|p1b: Dozo|atk|1\n|turn|1\n|inactive|themanparris has 30 seconds left.\n|inactive|themanparris has 20 seconds left.\n|\n|t:|1681928081\n|-terastallize|p2b: Baxcalibur|Poison\n|-terastallize|p1b: Dozo|Water\n|move|p1a: Bundle|Sacred Sword|p2b: Baxcalibur\n|-resisted|p2b: Baxcalibur\n|-crit|p2b: Baxcalibur\n|-damage|p2b: Baxcalibur|75\/100\n|move|p2a: Arcanine|Howl|p2a: Arcanine|[spread] p2a,p2b\n|-boost|p2a: Arcanine|atk|1\n|-boost|p2b: Baxcalibur|atk|1\n|move|p2b: Baxcalibur|Icicle Crash|p1b: Dozo\n|-resisted|p1b: Dozo\n|-damage|p1b: Dozo|43\/100\n|move|p1b: Dozo|Wave Crash|p2a: Arcanine\n|-supereffective|p2a: Arcanine\n|-damage|p2a: Arcanine|0 fnt\n|faint|p2a: Arcanine\n|-damage|p1b: Dozo|12\/100|[from] Recoil\n|\n|upkeep\n|\n|t:|1681928103\n|switch|p2a: Flutter Mane|Flutter Mane, L50|100\/100\n|turn|2\n|inactive|themanparris has 30 seconds left.\n|inactive|themanparris has 20 seconds left.\n|inactive|themanparris has 15 seconds left.\n|\n|t:|1681928145\n|detailschange|p1b: Dozo|Palafin-Hero, L50, M, tera:Water\n|switch|p1b: ChiYu|Arcanine, L50, F|100\/100\n|-ability|p1b: ChiYu|Intimidate|boost\n|-unboost|p2a: Flutter Mane|atk|1\n|-fail|p2b: Baxcalibur|unboost|[from] item: Clear Amulet|[of] p2b: Baxcalibur\n|move|p1a: Bundle|Ice Spinner|p2a: Flutter Mane\n|-damage|p2a: Flutter Mane|43\/100\n|move|p2a: Flutter Mane|Dazzling Gleam|p1a: Bundle|[spread] p1a,p1b\n|-supereffective|p1a: Bundle\n|-resisted|p1b: ChiYu\n|-enditem|p1a: Bundle|Focus Sash\n|-damage|p1a: Bundle|1\/100\n|-damage|p1b: ChiYu|79\/100\n|move|p2b: Baxcalibur|Icicle Crash|p1a: Bundle\n|-resisted|p1a: Bundle\n|-damage|p1a: Bundle|0 fnt\n|faint|p1a: Bundle\n|\n|upkeep\n|inactive|themanparris has 30 seconds left.\n|\n|t:|1681928173\n|switch|p1a: Dozo|Palafin-Hero, L50, M, tera:Water|12\/100\n|-activate|p1a: Dozo|ability: Zero to Hero\n|turn|3\n|inactive|Hadrian1917 has 30 seconds left.\n|\n|t:|1681928198\n|-end|p2a: Flutter Mane|Protosynthesis|[silent]\n|switch|p2a: Gyarados|Gyarados, L50, F|100\/100\n|-ability|p2a: Gyarados|Intimidate|boost\n|-unboost|p1a: Dozo|atk|1\n|-unboost|p1b: ChiYu|atk|1\n|move|p2b: Baxcalibur|Ice Shard|p1a: Dozo\n|-resisted|p1a: Dozo\n|-damage|p1a: Dozo|0 fnt\n|faint|p1a: Dozo\n|move|p1b: ChiYu|Will-O-Wisp|p2b: Baxcalibur\n|-immune|p2b: Baxcalibur|[from] ability: Thermal Exchange\n|\n|upkeep\n|\n|t:|1681928209\n|switch|p1a: Mimi|Flutter Mane, L50|100\/100\n|turn|4\n|\n|t:|1681928231\n|move|p1b: ChiYu|Extreme Speed|p2b: Baxcalibur\n|-damage|p2b: Baxcalibur|60\/100\n|move|p1a: Mimi|Thunderbolt|p2a: Gyarados\n|-supereffective|p2a: Gyarados\n|-damage|p2a: Gyarados|0 fnt\n|faint|p2a: Gyarados\n|move|p2b: Baxcalibur|Glaive Rush|p1b: ChiYu\n|-damage|p1b: ChiYu|0 fnt\n|-singlemove|p2b: Baxcalibur|Glaive Rush|[silent]\n|faint|p1b: ChiYu\n|\n|upkeep\n|\n|t:|1681928243\n|switch|p2a: Flutter Mane|Flutter Mane, L50|43\/100\n|turn|5\n|\n|t:|1681928249\n|move|p2b: Baxcalibur|Protect|p2b: Baxcalibur\n|-singleturn|p2b: Baxcalibur|Protect\n|move|p1a: Mimi|Thunderbolt|p2a: Flutter Mane\n|-damage|p2a: Flutter Mane|0 fnt\n|faint|p2a: Flutter Mane\n|-end|p2a: Flutter Mane|Protosynthesis|[silent]\n|\n|upkeep\n|turn|6\n|\n|t:|1681928256\n|move|p1a: Mimi|Thunderbolt|p2b: Baxcalibur\n|-damage|p2b: Baxcalibur|19\/100\n|move|p2b: Baxcalibur|Icicle Crash|p1a: Mimi\n|-damage|p1a: Mimi|0 fnt\n|faint|p1a: Mimi\n|-end|p1a: Mimi|Protosynthesis|[silent]\n|\n|win|Hadrian1917\n|raw|themanparris's rating: 1123 → 1098<\/strong> (-25 for losing)\n|raw|Hadrian1917's rating: 1119 → 1144<\/strong> (+25 for winning)\n","uploadtime":1681928274,"views":11,"p1id":"themanparris","p2id":"hadrian1917","formatid":"gen9vgc2023regulationc","rating":1098,"private":0,"password":""}