{"id":"gen9vgc2023regulationc-1857337799","p1":"Echo Rose#9471","p2":"WTFisThisEffinTeam","format":"[Gen 9] VGC 2023 Regulation C","log":"|j|\u2606Echo Rose#9471\n|j|\u2606WTFisThisEffinTeam\n|t:|1683175719\n|gametype|doubles\n|player|p1|Echo Rose#9471|102|1373\n|player|p2|WTFisThisEffinTeam|striker|1384\n|teamsize|p1|6\n|teamsize|p2|6\n|gen|9\n|tier|[Gen 9] VGC 2023 Regulation C\n|rated|\n|rule|Species Clause: Limit one of each Pok\u00e9mon\n|rule|Item Clause: Limit one of each item\n|clearpoke\n|poke|p1|Annihilape, L50, M|\n|poke|p1|Maushold-Four, L50|\n|poke|p1|Amoonguss, L50, F|\n|poke|p1|Arcanine, L50, F|\n|poke|p1|Tatsugiri, L50, F|\n|poke|p1|Glimmora, L50, M|\n|poke|p2|Gastrodon, L50, M|\n|poke|p2|Hatterene, L50, F|\n|poke|p2|Gallade, L50, M|\n|poke|p2|Gyarados, L50, F|\n|poke|p2|Iron Hands, L50|\n|poke|p2|Rabsca, L50, M|\n|teampreview|4\n|\n|t:|1683175759\n|start\n|switch|p1a: Glimmer|Glimmora, L50, M|100\/100\n|switch|p1b: Alfredo|Arcanine, L50, F|100\/100\n|switch|p2a: Gallade|Gallade, L50, M|100\/100\n|switch|p2b: Iron Hands|Iron Hands, L50|100\/100\n|-ability|p1b: Alfredo|Intimidate|boost\n|-unboost|p2a: Gallade|atk|1\n|-unboost|p2b: Iron Hands|atk|1\n|turn|1\n|inactive|Battle timer is ON: inactive players will automatically lose when time's up. (requested by WTFisThisEffinTeam)\n|\n|t:|1683175769\n|move|p2b: Iron Hands|Fake Out|p1b: Alfredo\n|-damage|p1b: Alfredo|88\/100\n|cant|p1b: Alfredo|flinch\n|move|p1a: Glimmer|Mortal Spin|p2b: Iron Hands|[spread] p2a,p2b\n|-damage|p2a: Gallade|94\/100\n|-damage|p2b: Iron Hands|98\/100\n|-status|p2a: Gallade|psn\n|-status|p2b: Iron Hands|psn\n|move|p2a: Gallade|Trick Room|p2a: Gallade\n|-fieldstart|move: Trick Room|[of] p2a: Gallade\n|\n|-damage|p2b: Iron Hands|85\/100 psn|[from] psn\n|-damage|p2a: Gallade|82\/100 psn|[from] psn\n|upkeep\n|turn|2\n|\n|t:|1683175793\n|-terastallize|p1a: Glimmer|Grass\n|move|p2b: Iron Hands|Earthquake|p1b: Alfredo|[spread] p2a,p1a,p1b\n|-resisted|p1a: Glimmer\n|-supereffective|p1b: Alfredo\n|-damage|p2a: Gallade|52\/100 psn\n|-damage|p1a: Glimmer|91\/100\n|-damage|p1b: Alfredo|40\/100\n|move|p2a: Gallade|Psycho Cut|p1a: Glimmer\n|-damage|p1a: Glimmer|53\/100\n|move|p1a: Glimmer|Earth Power|p2b: Iron Hands\n|-supereffective|p2b: Iron Hands\n|-damage|p2b: Iron Hands|51\/100 psn\n|move|p1b: Alfredo|Flare Blitz|p2a: Gallade\n|-damage|p2a: Gallade|0 fnt\n|faint|p2a: Gallade\n|-damage|p1b: Alfredo|24\/100|[from] Recoil\n|-enditem|p1b: Alfredo|Figy Berry|[eat]\n|-heal|p1b: Alfredo|58\/100|[from] item: Figy Berry\n|\n|-damage|p2b: Iron Hands|38\/100 psn|[from] psn\n|upkeep\n|\n|t:|1683175805\n|switch|p2a: Rabsca|Rabsca, L50, M|100\/100\n|turn|3\n|\n|t:|1683175814\n|move|p2a: Rabsca|Calm Mind|p2a: Rabsca\n|-boost|p2a: Rabsca|spa|1\n|-boost|p2a: Rabsca|spd|1\n|move|p2b: Iron Hands|Drain Punch|p1b: Alfredo\n|-damage|p1b: Alfredo|23\/100\n|-heal|p2b: Iron Hands|52\/100 psn|[from] drain|[of] p1b: Alfredo\n|move|p1a: Glimmer|Earth Power|p2b: Iron Hands\n|-supereffective|p2b: Iron Hands\n|-crit|p2b: Iron Hands\n|-damage|p2b: Iron Hands|3\/100 psn\n|move|p1b: Alfredo|Flare Blitz|p2a: Rabsca\n|-supereffective|p2a: Rabsca\n|-damage|p2a: Rabsca|15\/100\n|-enditem|p2a: Rabsca|Sitrus Berry|[eat]\n|-heal|p2a: Rabsca|40\/100|[from] item: Sitrus Berry\n|-damage|p1b: Alfredo|0 fnt|[from] Recoil\n|faint|p1b: Alfredo\n|\n|-damage|p2b: Iron Hands|0 fnt|[from] psn\n|faint|p2b: Iron Hands\n|-end|p2b: Iron Hands|Quark Drive|[silent]\n|upkeep\n|\n|t:|1683175829\n|switch|p2b: Gastrodon|Gastrodon, L50, M|100\/100\n|switch|p1b: Memphis TN|Amoonguss, L50, F|100\/100\n|turn|4\n|\n|t:|1683175844\n|move|p1b: Memphis TN|Spore|p2a: Rabsca\n|-status|p2a: Rabsca|slp|[from] move: Spore\n|move|p2b: Gastrodon|Ice Beam|p1a: Glimmer\n|-supereffective|p1a: Glimmer\n|-damage|p1a: Glimmer|20\/100\n|cant|p2a: Rabsca|slp\n|move|p1a: Glimmer|Energy Ball|p2b: Gastrodon\n|-supereffective|p2b: Gastrodon\n|-damage|p2b: Gastrodon|0 fnt\n|faint|p2b: Gastrodon\n|\n|upkeep\n|turn|5\n|-message|WTFisThisEffinTeam forfeited.\n|\n|win|Echo Rose#9471\n|raw|Echo Rose#9471's rating: 1373 → 1394<\/strong> (+21 for winning)\n|raw|WTFisThisEffinTeam's rating: 1384 → 1363<\/strong> (-21 for losing)\n|l|\u2606WTFisThisEffinTeam\n","uploadtime":1683175863,"views":5,"p1id":"echorose9471","p2id":"wtfisthiseffinteam","formatid":"gen9vgc2023regulationc","rating":1363,"private":0,"password":""}