{"id":"gen9vgc2023regulationc-1856354391","p1":"PEPPECATANIA","p2":"DoctorTW","format":"[Gen 9] VGC 2023 Regulation C","log":"|j|\u2606PEPPECATANIA\n|j|\u2606DoctorTW\n|t:|1683053526\n|gametype|doubles\n|player|p1|PEPPECATANIA|2|1155\n|player|p2|DoctorTW|scientist-gen4dp|1186\n|teamsize|p1|6\n|teamsize|p2|6\n|gen|9\n|tier|[Gen 9] VGC 2023 Regulation C\n|rated|\n|rule|Species Clause: Limit one of each Pok\u00e9mon\n|rule|Item Clause: Limit one of each item\n|clearpoke\n|poke|p1|Indeedee-F, L50, F|\n|poke|p1|Hariyama, L50, F|\n|poke|p1|Hatterene, L50, F|\n|poke|p1|Oranguru, L50, M|\n|poke|p1|Torkoal, L50, F|\n|poke|p1|Wo-Chien, L50|\n|poke|p2|Glimmora, L50, F|\n|poke|p2|Iron Hands, L50|\n|poke|p2|Palafin, L50, M|\n|poke|p2|Skeledirge, L50, F|\n|poke|p2|Ting-Lu, L50|\n|poke|p2|Wo-Chien, L50|\n|teampreview|4\n|\n|t:|1683053560\n|start\n|switch|p1a: Indeedee|Indeedee-F, L50, F|100\/100\n|switch|p1b: Hatterene|Hatterene, L50, F|100\/100\n|switch|p2a: Glimmora|Glimmora, L50, F|100\/100\n|switch|p2b: Iron Hands|Iron Hands, L50|100\/100\n|-fieldstart|move: Psychic Terrain|[from] ability: Psychic Surge|[of] p1a: Indeedee\n|-enditem|p1a: Indeedee|Psychic Seed\n|-boost|p1a: Indeedee|spd|1|[from] item: Psychic Seed\n|turn|1\n|\n|t:|1683053581\n|-end|p2b: Iron Hands|Quark Drive|[silent]\n|switch|p2b: Skeledirge|Skeledirge, L50, F|100\/100\n|move|p1b: Hatterene|Protect|p1b: Hatterene\n|-singleturn|p1b: Hatterene|Protect\n|move|p2a: Glimmora|Mortal Spin|p1b: Hatterene|[spread] p1a\n|-activate|p1b: Hatterene|move: Protect\n|-damage|p1a: Indeedee|94\/100\n|-status|p1a: Indeedee|psn\n|move|p1a: Indeedee|Trick Room|p1a: Indeedee\n|-fieldstart|move: Trick Room|[of] p1a: Indeedee\n|\n|-damage|p1a: Indeedee|81\/100 psn|[from] psn\n|upkeep\n|turn|2\n|\n|t:|1683053613\n|move|p1a: Indeedee|Follow Me|p1a: Indeedee\n|-singleturn|p1a: Indeedee|move: Follow Me\n|move|p1b: Hatterene|Psychic|p2a: Glimmora\n|-supereffective|p2a: Glimmora\n|-enditem|p2a: Glimmora|Focus Sash\n|-damage|p2a: Glimmora|1\/100\n|-damage|p1b: Hatterene|91\/100|[from] item: Life Orb\n|move|p2b: Skeledirge|Torch Song|p1a: Indeedee\n|-damage|p1a: Indeedee|59\/100 psn\n|-boost|p2b: Skeledirge|spa|1\n|move|p2a: Glimmora|Venoshock|p1a: Indeedee\n|-damage|p1a: Indeedee|24\/100 psn\n|\n|-damage|p1a: Indeedee|11\/100 psn|[from] psn\n|upkeep\n|turn|3\n|\n|t:|1683053649\n|move|p2a: Glimmora|Spiky Shield|p2a: Glimmora\n|-singleturn|p2a: Glimmora|move: Protect\n|move|p1a: Indeedee|Follow Me|p1a: Indeedee\n|-singleturn|p1a: Indeedee|move: Follow Me\n|move|p1b: Hatterene|Dazzling Gleam|p2b: Skeledirge|[spread] p2b\n|-activate|p2a: Glimmora|move: Protect\n|-resisted|p2b: Skeledirge\n|-damage|p2b: Skeledirge|80\/100\n|-damage|p1b: Hatterene|81\/100|[from] item: Life Orb\n|move|p2b: Skeledirge|Torch Song|p1a: Indeedee\n|-crit|p1a: Indeedee\n|-damage|p1a: Indeedee|0 fnt\n|-boost|p2b: Skeledirge|spa|1\n|faint|p1a: Indeedee\n|\n|upkeep\n|\n|t:|1683053667\n|switch|p1a: Torkoal|Torkoal, L50, F|100\/100\n|-weather|SunnyDay|[from] ability: Drought|[of] p1a: Torkoal\n|turn|4\n|\n|t:|1683053685\n|switch|p2a: Iron Hands|Iron Hands, L50|100\/100\n|move|p1a: Torkoal|Clear Smog|p2b: Skeledirge\n|-resisted|p2b: Skeledirge\n|-damage|p2b: Skeledirge|73\/100\n|-clearboost|p2b: Skeledirge\n|move|p1b: Hatterene|Dazzling Gleam|p2b: Skeledirge|[spread] p2a,p2b\n|-supereffective|p2a: Iron Hands\n|-resisted|p2b: Skeledirge\n|-damage|p2a: Iron Hands|50\/100\n|-damage|p2b: Skeledirge|52\/100\n|-damage|p1b: Hatterene|71\/100|[from] item: Life Orb\n|move|p2b: Skeledirge|Shadow Ball|p1a: Torkoal\n|-damage|p1a: Torkoal|52\/100\n|\n|-weather|SunnyDay|[upkeep]\n|upkeep\n|turn|5\n|\n|t:|1683053712\n|-terastallize|p1b: Hatterene|Fire\n|move|p1a: Torkoal|Earth Power|p2b: Skeledirge\n|-supereffective|p2b: Skeledirge\n|-crit|p2b: Skeledirge\n|-damage|p2b: Skeledirge|0 fnt\n|faint|p2b: Skeledirge\n|move|p1b: Hatterene|Tera Blast|p2a: Iron Hands\n|-damage|p2a: Iron Hands|5\/100\n|-damage|p1b: Hatterene|61\/100|[from] item: Life Orb\n|move|p2a: Iron Hands|Volt Switch|p1a: Torkoal\n|-damage|p1a: Torkoal|37\/100\n|\n|t:|1683053723\n|-end|p2a: Iron Hands|Quark Drive|[silent]\n|switch|p2a: Ting-Lu|Ting-Lu, L50|100\/100|[from] Volt Switch\n|-ability|p2a: Ting-Lu|Vessel of Ruin\n|\n|-weather|SunnyDay|[upkeep]\n|-fieldend|move: Trick Room\n|-fieldend|move: Psychic Terrain\n|upkeep\n|\n|t:|1683053730\n|switch|p2b: Iron Hands|Iron Hands, L50|5\/100\n|turn|6\n|\n|t:|1683053740\n|move|p1b: Hatterene|Protect|p1b: Hatterene\n|-singleturn|p1b: Hatterene|Protect\n|move|p1a: Torkoal|Protect|p1a: Torkoal\n|-singleturn|p1a: Torkoal|Protect\n|move|p2b: Iron Hands|Fake Out|p1b: Hatterene\n|-activate|p1b: Hatterene|move: Protect\n|move|p2a: Ting-Lu|Stomping Tantrum|p1a: Torkoal\n|-activate|p1a: Torkoal|move: Protect\n|\n|-weather|SunnyDay|[upkeep]\n|upkeep\n|turn|7\n|\n|t:|1683053779\n|-terastallize|p2a: Ting-Lu|Poison\n|move|p2b: Iron Hands|Drain Punch|p1a: Torkoal\n|-damage|p1a: Torkoal|3\/100\n|-heal|p2b: Iron Hands|18\/100|[from] drain|[of] p1a: Torkoal\n|move|p2a: Ting-Lu|Stomping Tantrum|p1b: Hatterene\n|-supereffective|p1b: Hatterene\n|-damage|p1b: Hatterene|0 fnt\n|faint|p1b: Hatterene\n|move|p1a: Torkoal|Earth Power|p2b: Iron Hands\n|-supereffective|p2b: Iron Hands\n|-damage|p2b: Iron Hands|0 fnt\n|faint|p2b: Iron Hands\n|-end|p2b: Iron Hands|Quark Drive|[silent]\n|\n|-weather|SunnyDay|[upkeep]\n|upkeep\n|\n|t:|1683053821\n|switch|p2b: Glimmora|Glimmora, L50, F|1\/100\n|switch|p1b: Wo-Chien|Wo-Chien, L50|100\/100\n|-ability|p1b: Wo-Chien|Tablets of Ruin\n|turn|8\n|\n|t:|1683053839\n|move|p2b: Glimmora|Spiky Shield|p2b: Glimmora\n|-singleturn|p2b: Glimmora|move: Protect\n|move|p1b: Wo-Chien|Protect|p1b: Wo-Chien\n|-singleturn|p1b: Wo-Chien|Protect\n|move|p2a: Ting-Lu|Payback|p1b: Wo-Chien\n|-activate|p1b: Wo-Chien|move: Protect\n|move|p1a: Torkoal|Earth Power|p2b: Glimmora\n|-activate|p2b: Glimmora|move: Protect\n|\n|-weather|none\n|upkeep\n|turn|9\n|\n|t:|1683053853\n|move|p2b: Glimmora|Mortal Spin|p1b: Wo-Chien|[spread] p1a,p1b\n|-supereffective|p1b: Wo-Chien\n|-damage|p1a: Torkoal|0 fnt\n|-damage|p1b: Wo-Chien|93\/100\n|-status|p1b: Wo-Chien|psn\n|faint|p1a: Torkoal\n|move|p1b: Wo-Chien|Leech Seed|p2a: Ting-Lu\n|-start|p2a: Ting-Lu|move: Leech Seed\n|move|p2a: Ting-Lu|Heavy Slam|p1b: Wo-Chien\n|-damage|p1b: Wo-Chien|70\/100 psn\n|\n|-heal|p1b: Wo-Chien|76\/100 psn|[from] item: Leftovers\n|-damage|p2a: Ting-Lu|88\/100|[from] Leech Seed|[of] p1b: Wo-Chien\n|-heal|p1b: Wo-Chien|92\/100 psn|[silent]\n|-damage|p1b: Wo-Chien|80\/100 psn|[from] psn\n|upkeep\n|turn|10\n|\n|t:|1683053875\n|move|p2b: Glimmora|Venoshock|p1b: Wo-Chien\n|-supereffective|p1b: Wo-Chien\n|-damage|p1b: Wo-Chien|14\/100 psn\n|move|p1b: Wo-Chien|Giga Drain|p2a: Ting-Lu\n|-resisted|p2a: Ting-Lu\n|-damage|p2a: Ting-Lu|83\/100\n|-heal|p1b: Wo-Chien|18\/100 psn|[from] drain|[of] p2a: Ting-Lu\n|move|p2a: Ting-Lu|Heavy Slam|p1b: Wo-Chien\n|-damage|p1b: Wo-Chien|0 fnt\n|faint|p1b: Wo-Chien\n|\n|win|DoctorTW\n|raw|PEPPECATANIA's rating: 1155 → 1132<\/strong> (-23 for losing)\n|raw|DoctorTW's rating: 1186 → 1209<\/strong> (+23 for winning)\n|l|\u2606PEPPECATANIA\n","uploadtime":1683053892,"views":10,"p1id":"peppecatania","p2id":"doctortw","formatid":"gen9vgc2023regulationc","rating":1132,"private":0,"password":""}