{"id":"gen9vgc2023regulationc-1850580435","p1":"Bennonnn","p2":"Hadrian1917","format":"[Gen 9] VGC 2023 Regulation C","log":"|j|\u2606Bennonnn\n|j|\u2606Hadrian1917\n|t:|1682350369\n|gametype|doubles\n|player|p1|Bennonnn|gentleman-gen4|1287\n|player|p2|Hadrian1917|brock|1279\n|teamsize|p1|6\n|teamsize|p2|6\n|gen|9\n|tier|[Gen 9] VGC 2023 Regulation C\n|rated|\n|rule|Species Clause: Limit one of each Pok\u00e9mon\n|rule|Item Clause: Limit one of each item\n|clearpoke\n|poke|p1|Flutter Mane, L50|\n|poke|p1|Talonflame, L50, M|\n|poke|p1|Gyarados, L50, M|\n|poke|p1|Tsareena, L50, F|\n|poke|p1|Goodra, L50, F|\n|poke|p1|Chien-Pao, L50|\n|poke|p2|Flutter Mane, L50|\n|poke|p2|Arcanine, L50, F|\n|poke|p2|Baxcalibur, L50, F|\n|poke|p2|Ting-Lu, L50|\n|poke|p2|Gyarados, L50, M|\n|poke|p2|Amoonguss, L50, M|\n|teampreview|4\n|inactive|Battle timer is ON: inactive players will automatically lose when time's up. (requested by Hadrian1917)\n|\n|t:|1682350414\n|start\n|switch|p1a: Garrus|Talonflame, L50, M|100\/100\n|switch|p1b: Tali|Flutter Mane, L50|100\/100\n|switch|p2a: Arcanine|Arcanine, L50, F|100\/100\n|switch|p2b: Baxcalibur|Baxcalibur, L50, F|100\/100\n|-ability|p2a: Arcanine|Intimidate|boost\n|-unboost|p1a: Garrus|atk|1\n|-unboost|p1b: Tali|atk|1\n|turn|1\n|inactive|Bennonnn has 30 seconds left.\n|\n|t:|1682350441\n|-terastallize|p2b: Baxcalibur|Poison\n|move|p1a: Garrus|Tailwind|p1a: Garrus\n|-sidestart|p1: Bennonnn|move: Tailwind\n|move|p1b: Tali|Psyshock|p2a: Arcanine\n|-damage|p2a: Arcanine|64\/100\n|move|p2a: Arcanine|Howl|p2a: Arcanine|[spread] p2a,p2b\n|-boost|p2a: Arcanine|atk|1\n|-boost|p2b: Baxcalibur|atk|1\n|move|p2b: Baxcalibur|Icicle Crash|p1b: Tali\n|-damage|p1b: Tali|0 fnt\n|faint|p1b: Tali\n|-end|p1b: Tali|Protosynthesis|[silent]\n|\n|upkeep\n|\n|t:|1682350453\n|switch|p1b: Gyarados|Gyarados, L50, M|100\/100\n|-ability|p1b: Gyarados|Intimidate|boost\n|-unboost|p2a: Arcanine|atk|1\n|-fail|p2b: Baxcalibur|unboost|[from] item: Clear Amulet|[of] p2b: Baxcalibur\n|turn|2\n|\n|t:|1682350473\n|switch|p2a: Gyarados|Gyarados, L50, M|100\/100\n|-ability|p2a: Gyarados|Intimidate|boost\n|-unboost|p1a: Garrus|atk|1\n|-unboost|p1b: Gyarados|atk|1\n|-terastallize|p1b: Gyarados|Ground\n|move|p1a: Garrus|Brave Bird|p2b: Baxcalibur\n|-damage|p2b: Baxcalibur|84\/100\n|-damage|p1a: Garrus|93\/100|[from] Recoil\n|move|p1b: Gyarados|Earthquake|p2a: Gyarados|[spread] p2b\n|-immune|p1a: Garrus\n|-immune|p2a: Gyarados\n|-supereffective|p2b: Baxcalibur\n|-damage|p2b: Baxcalibur|40\/100\n|move|p2b: Baxcalibur|Glaive Rush|p1a: Garrus\n|-damage|p1a: Garrus|0 fnt\n|-singlemove|p2b: Baxcalibur|Glaive Rush|[silent]\n|faint|p1a: Garrus\n|\n|upkeep\n|\n|t:|1682350490\n|switch|p1a: Goodra|Goodra, L50, F|100\/100\n|turn|3\n|\n|t:|1682350510\n|move|p2b: Baxcalibur|Protect|p2b: Baxcalibur\n|-singleturn|p2b: Baxcalibur|Protect\n|move|p1b: Gyarados|Dragon Dance|p1b: Gyarados\n|-boost|p1b: Gyarados|atk|1\n|-boost|p1b: Gyarados|spe|1\n|move|p1a: Goodra|Thunderbolt|p2a: Gyarados\n|-supereffective|p2a: Gyarados\n|-damage|p2a: Gyarados|16\/100\n|-enditem|p2a: Gyarados|Sitrus Berry|[eat]\n|-heal|p2a: Gyarados|41\/100|[from] item: Sitrus Berry\n|move|p2a: Gyarados|Thunder Wave|p1b: Gyarados\n|-immune|p1b: Gyarados\n|\n|upkeep\n|turn|4\n|\n|t:|1682350532\n|switch|p2a: Arcanine|Arcanine, L50, F|64\/100\n|-ability|p2a: Arcanine|Intimidate|boost\n|-unboost|p1a: Goodra|atk|1\n|-unboost|p1b: Gyarados|atk|1\n|move|p1b: Gyarados|Earthquake|p2b: Baxcalibur|[spread] p1a,p2a,p2b\n|-supereffective|p2a: Arcanine\n|-supereffective|p2b: Baxcalibur\n|-damage|p1a: Goodra|78\/100\n|-damage|p2a: Arcanine|14\/100\n|-damage|p2b: Baxcalibur|0 fnt\n|faint|p2b: Baxcalibur\n|move|p1a: Goodra|Thunderbolt|p2a: Arcanine\n|-damage|p2a: Arcanine|0 fnt\n|faint|p2a: Arcanine\n|\n|-sideend|p1: Bennonnn|move: Tailwind\n|upkeep\n|\n|t:|1682350549\n|switch|p2a: Gyarados|Gyarados, L50, M|41\/100\n|switch|p2b: Ting-Lu|Ting-Lu, L50|100\/100\n|-ability|p2a: Gyarados|Intimidate|boost\n|-unboost|p1a: Goodra|atk|1\n|-unboost|p1b: Gyarados|atk|1\n|-ability|p2b: Ting-Lu|Vessel of Ruin\n|turn|5\n|\n|t:|1682350567\n|move|p1b: Gyarados|Dragon Dance|p1b: Gyarados\n|-boost|p1b: Gyarados|atk|1\n|-boost|p1b: Gyarados|spe|1\n|move|p2a: Gyarados|Waterfall|p1b: Gyarados\n|-supereffective|p1b: Gyarados\n|-damage|p1b: Gyarados|26\/100\n|move|p1a: Goodra|Thunderbolt|p2a: Gyarados\n|-supereffective|p2a: Gyarados\n|-damage|p2a: Gyarados|0 fnt\n|faint|p2a: Gyarados\n|move|p2b: Ting-Lu|Fissure|p1a: Goodra|[miss]\n|-miss|p2b: Ting-Lu|p1a: Goodra\n|\n|upkeep\n|turn|6\n|\n|t:|1682350587\n|move|p1b: Gyarados|Protect|p1b: Gyarados\n|-singleturn|p1b: Gyarados|Protect\n|move|p1a: Goodra|Ice Beam|p2b: Ting-Lu\n|-supereffective|p2b: Ting-Lu\n|-damage|p2b: Ting-Lu|81\/100\n|move|p2b: Ting-Lu|Stomping Tantrum|p1b: Gyarados\n|-activate|p1b: Gyarados|move: Protect\n|\n|upkeep\n|turn|7\n|\n|t:|1682350601\n|move|p1b: Gyarados|Waterfall|p2b: Ting-Lu\n|-supereffective|p2b: Ting-Lu\n|-damage|p2b: Ting-Lu|51\/100\n|move|p1a: Goodra|Ice Beam|p2b: Ting-Lu\n|-supereffective|p2b: Ting-Lu\n|-damage|p2b: Ting-Lu|30\/100\n|move|p2b: Ting-Lu|Fissure|p1b: Gyarados|[miss]\n|-miss|p2b: Ting-Lu|p1b: Gyarados\n|\n|upkeep\n|turn|8\n|\n|t:|1682350613\n|move|p1b: Gyarados|Waterfall|p2b: Ting-Lu\n|-supereffective|p2b: Ting-Lu\n|-damage|p2b: Ting-Lu|0 fnt\n|faint|p2b: Ting-Lu\n|\n|win|Bennonnn\n|raw|Bennonnn's rating: 1287 → 1311<\/strong> (+24 for winning)\n|raw|Hadrian1917's rating: 1279 → 1255<\/strong> (-24 for losing)\n|l|\u2606Bennonnn\n","uploadtime":1682350653,"views":16,"p1id":"bennonnn","p2id":"hadrian1917","formatid":"gen9vgc2023regulationc","rating":1255,"private":0,"password":""}