{"id":"gen9vgc2023regulationc-1853140840","p1":"RgAngel","p2":"justtestingforVGC","format":"[Gen 9] VGC 2023 Regulation C","log":"|j|\u2606RgAngel\n|j|\u2606justtestingforVGC\n|t:|1682640134\n|gametype|doubles\n|player|p1|RgAngel|candice|1261\n|player|p2|justtestingforVGC|steven|1184\n|teamsize|p1|6\n|teamsize|p2|6\n|gen|9\n|tier|[Gen 9] VGC 2023 Regulation C\n|rated|\n|rule|Species Clause: Limit one of each Pok\u00e9mon\n|rule|Item Clause: Limit one of each item\n|clearpoke\n|poke|p1|Chi-Yu, L50|\n|poke|p1|Flutter Mane, L50|\n|poke|p1|Garchomp, L50, F|\n|poke|p1|Talonflame, L50, F|\n|poke|p1|Iron Bundle, L50|\n|poke|p1|Amoonguss, L50, F|\n|poke|p2|Flutter Mane, L50|\n|poke|p2|Great Tusk, L50|\n|poke|p2|Iron Bundle, L50|\n|poke|p2|Talonflame, L50, M|\n|poke|p2|Tyranitar, L50, M|\n|poke|p2|Dedenne, L50, F|\n|teampreview|4\n|inactive|Battle timer is ON: inactive players will automatically lose when time's up. (requested by justtestingforVGC)\nRgAngel has agreed to open team sheets.\njusttestingforVGC has agreed to open team sheets.\n|inactive|RgAngel has 60 seconds left.\n|\n|t:|1682640185\n|start\n|switch|p1a: Talonflame|Talonflame, L50, F|100\/100\n|switch|p1b: Iron Bundle|Iron Bundle, L50, shiny|100\/100\n|switch|p2a: Talonflame|Talonflame, L50, M|100\/100\n|switch|p2b: Iron Bundle|Iron Bundle, L50|100\/100\n|-enditem|p1b: Iron Bundle|Booster Energy\n|-activate|p1b: Iron Bundle|ability: Quark Drive|[fromitem]\n|-start|p1b: Iron Bundle|quarkdrivespe\n|turn|1\n|c|\u2606RgAngel|nice lead bro\n|c|\u2606justtestingforVGC|Same\n|inactive|RgAngel has 30 seconds left.\n|inactive|RgAngel has 20 seconds left.\n|inactive|RgAngel has 15 seconds left.\n|inactive|RgAngel has 10 seconds left.\n|\n|t:|1682640232\n|-terastallize|p1b: Iron Bundle|Ghost\n|move|p2a: Talonflame|Tailwind|p2a: Talonflame\n|-sidestart|p2: justtestingforVGC|move: Tailwind\n|move|p1a: Talonflame|Tailwind|p1a: Talonflame\n|-sidestart|p1: RgAngel|move: Tailwind\n|move|p1b: Iron Bundle|Hydro Pump|p2a: Talonflame\n|-supereffective|p2a: Talonflame\n|-damage|p2a: Talonflame|0 fnt\n|faint|p2a: Talonflame\n|move|p2b: Iron Bundle|Icy Wind|p1a: Talonflame|[spread] p1a,p1b\n|-damage|p1a: Talonflame|65\/100\n|-damage|p1b: Iron Bundle|57\/100\n|-unboost|p1b: Iron Bundle|spe|1\n|\n|upkeep\n|inactive|justtestingforVGC has 30 seconds left.\n|\n|t:|1682640262\n|switch|p2a: Dedenne|Dedenne, L50, F|100\/100\n|turn|2\n|\n|t:|1682640283\n|move|p1a: Talonflame|Quick Guard|p1a: Talonflame\n|-singleturn|p1a: Talonflame|Quick Guard\n|move|p2b: Iron Bundle|Hydro Pump|p1a: Talonflame\n|-supereffective|p1a: Talonflame\n|-damage|p1a: Talonflame|0 fnt\n|faint|p1a: Talonflame\n|move|p1b: Iron Bundle|Freeze-Dry|p2b: Iron Bundle\n|-damage|p2b: Iron Bundle|25\/100\n|move|p2a: Dedenne|Nuzzle|p1b: Iron Bundle\n|-damage|p1b: Iron Bundle|50\/100\n|-status|p1b: Iron Bundle|par\n|\n|upkeep\n|\n|t:|1682640294\n|switch|p1a: Chi-Yu|Chi-Yu, L50|100\/100\n|-ability|p1a: Chi-Yu|Beads of Ruin\n|turn|3\n|inactive|justtestingforVGC has 30 seconds left.\n|\n|t:|1682640322\n|move|p2b: Iron Bundle|Protect|p2b: Iron Bundle\n|-singleturn|p2b: Iron Bundle|Protect\n|move|p1a: Chi-Yu|Heat Wave|p2b: Iron Bundle|[spread] p2a\n|-activate|p2b: Iron Bundle|move: Protect\n|-damage|p2a: Dedenne|21\/100\n|-status|p2a: Dedenne|brn\n|-enditem|p2a: Dedenne|Aguav Berry|[eat]\n|-heal|p2a: Dedenne|55\/100 brn|[from] item: Aguav Berry\n|-heal|p2a: Dedenne|88\/100 brn|[from] ability: Cheek Pouch\n|move|p2a: Dedenne|Light Screen|p2a: Dedenne\n|-sidestart|p2: justtestingforVGC|move: Light Screen\n|move|p1b: Iron Bundle|Icy Wind|p2a: Dedenne|[spread] p2a\n|-activate|p2b: Iron Bundle|move: Protect\n|-damage|p2a: Dedenne|64\/100 brn\n|-unboost|p2a: Dedenne|spe|1\n|\n|-damage|p2a: Dedenne|58\/100 brn|[from] brn\n|upkeep\n|turn|4\n|inactive|justtestingforVGC has 30 seconds left.\n|\n|t:|1682640347\n|move|p1a: Chi-Yu|Heat Wave|p2a: Dedenne|[spread] p2a,p2b\n|-damage|p2a: Dedenne|4\/100 brn\n|-damage|p2b: Iron Bundle|0 fnt\n|faint|p2b: Iron Bundle\n|-end|p2b: Iron Bundle|Quark Drive|[silent]\n|move|p2a: Dedenne|Nuzzle|p1a: Chi-Yu\n|-damage|p1a: Chi-Yu|97\/100\n|-status|p1a: Chi-Yu|par\n|move|p1b: Iron Bundle|Freeze-Dry|p2a: Dedenne\n|-damage|p2a: Dedenne|0 fnt\n|faint|p2a: Dedenne\n|\n|-sideend|p2: justtestingforVGC|move: Tailwind\n|-sideend|p1: RgAngel|move: Tailwind\n|upkeep\n|\n|t:|1682640363\n|switch|p2b: Great Tusk|Great Tusk, L50|100\/100\n|turn|5\n|\n|t:|1682640373\n|-terastallize|p2b: Great Tusk|Ground\n|move|p2b: Great Tusk|Earthquake|p1b: Iron Bundle|[spread] p1a,p1b\n|-supereffective|p1a: Chi-Yu\n|-damage|p1a: Chi-Yu|0 fnt\n|-damage|p1b: Iron Bundle|0 fnt\n|faint|p1a: Chi-Yu\n|faint|p1b: Iron Bundle\n|-end|p1b: Iron Bundle|Quark Drive|[silent]\n|-damage|p2b: Great Tusk|90\/100|[from] item: Life Orb\n|\n|upkeep\n|\n|t:|1682640381\n|switch|p1b: Garchomp|Garchomp, L50, F|100\/100\n|turn|6\n|c|\u2606justtestingforVGC|And a ground type ending\n|c|\u2606justtestingforVGC|Very nice\n|c|\u2606RgAngel|yeah\n|c|\u2606RgAngel|i will save it\n|inactive|justtestingforVGC has 30 seconds left.\n|\n|t:|1682640415\n|move|p1b: Garchomp|Earthquake|p2b: Great Tusk\n|-damage|p2b: Great Tusk|51\/100\n|move|p2b: Great Tusk|Earthquake|p1b: Garchomp\n|-damage|p1b: Garchomp|13\/100\n|-damage|p2b: Great Tusk|41\/100|[from] item: Life Orb\n|\n|upkeep\n|turn|7\n|\n|t:|1682640425\n|move|p1b: Garchomp|Earthquake|p2b: Great Tusk\n|-crit|p2b: Great Tusk\n|-damage|p2b: Great Tusk|0 fnt\n|faint|p2b: Great Tusk\n|-end|p2b: Great Tusk|Protosynthesis|[silent]\n|\n|win|RgAngel\n|raw|RgAngel's rating: 1261 → 1281<\/strong> (+20 for winning)\n|raw|justtestingforVGC's rating: 1184 → 1164<\/strong> (-20 for losing)\n|c|\u2606RgAngel|noooo\n|c|\u2606justtestingforVGC|Gg\n|c|\u2606RgAngel|that was your\n|c|\u2606RgAngel|damn critical\n|c|\u2606justtestingforVGC|It happens\n","uploadtime":1682640448,"views":5,"p1id":"rgangel","p2id":"justtestingforvgc","formatid":"gen9vgc2023regulationc","rating":1164,"private":0,"password":""}