{"id":"gen9vgc2023regulationc-1847308556","p1":"Piccolo Ruiz","p2":"KSunfr","format":"[Gen 9] VGC 2023 Regulation C","log":"|j|\u2606Piccolo Ruiz\n|j|\u2606KSunfr\n|t:|1681936941\n|gametype|doubles\n|player|p1|Piccolo Ruiz|valerie|1459\n|player|p2|KSunfr|170|1466\n|teamsize|p1|6\n|teamsize|p2|6\n|gen|9\n|tier|[Gen 9] VGC 2023 Regulation C\n|rated|\n|rule|Species Clause: Limit one of each Pok\u00e9mon\n|rule|Item Clause: Limit one of each item\n|clearpoke\n|poke|p1|Flutter Mane, L50|\n|poke|p1|Amoonguss, L50, F|\n|poke|p1|Gyarados, L50, F|\n|poke|p1|Ceruledge, L50, F|\n|poke|p1|Ting-Lu, L50|\n|poke|p1|Baxcalibur, L50, F|\n|poke|p2|Farigiraf, L50, F|\n|poke|p2|Chi-Yu, L50|\n|poke|p2|Stonjourner, L50, M|\n|poke|p2|Gyarados, L50, F|\n|poke|p2|Flutter Mane, L50|\n|poke|p2|Murkrow, L50, F|\n|teampreview|4\n|inactive|Battle timer is ON: inactive players will automatically lose when time's up. (requested by KSunfr)\n|inactive|Piccolo Ruiz has 60 seconds left.\n|inactive|KSunfr has 60 seconds left.\n|\n|t:|1681936983\n|start\n|switch|p1a: Bianca|Gyarados, L50, F, shiny|100\/100\n|switch|p1b: Sasha Colby|Flutter Mane, L50|100\/100\n|switch|p2a: Murkrow|Murkrow, L50, F|100\/100\n|switch|p2b: Chi-Yu|Chi-Yu, L50|100\/100\n|-ability|p2b: Chi-Yu|Beads of Ruin\n|-ability|p1a: Bianca|Intimidate|boost\n|-unboost|p2a: Murkrow|atk|1\n|-unboost|p2b: Chi-Yu|atk|1\n|turn|1\n|inactive|KSunfr has 30 seconds left.\n|inactive|KSunfr has 20 seconds left.\n|\n|t:|1681937019\n|-terastallize|p2b: Chi-Yu|Grass\n|move|p2a: Murkrow|Tailwind|p2a: Murkrow\n|-sidestart|p2: KSunfr|move: Tailwind\n|move|p2b: Chi-Yu|Dark Pulse|p1a: Bianca\n|-damage|p1a: Bianca|52\/100\n|move|p1b: Sasha Colby|Dazzling Gleam|p2a: Murkrow|[spread] p2a,p2b\n|-supereffective|p2a: Murkrow\n|-damage|p2a: Murkrow|3\/100\n|-damage|p2b: Chi-Yu|70\/100\n|move|p1a: Bianca|Waterfall|p2b: Chi-Yu\n|-resisted|p2b: Chi-Yu\n|-damage|p2b: Chi-Yu|45\/100\n|\n|upkeep\n|turn|2\n|inactive|KSunfr has 30 seconds left.\n|\n|t:|1681937045\n|-end|p1b: Sasha Colby|Protosynthesis|[silent]\n|switch|p1b: Ting-Lu|Ting-Lu, L50|100\/100\n|-ability|p1b: Ting-Lu|Vessel of Ruin\n|move|p2a: Murkrow|Sunny Day|p2a: Murkrow\n|-weather|SunnyDay\n|move|p2b: Chi-Yu|Overheat|p1b: Ting-Lu\n|-damage|p1b: Ting-Lu|43\/100\n|-unboost|p2b: Chi-Yu|spa|2\n|move|p1a: Bianca|Waterfall|p2a: Murkrow\n|-damage|p2a: Murkrow|0 fnt\n|faint|p2a: Murkrow\n|\n|-weather|SunnyDay|[upkeep]\n|upkeep\n|\n|t:|1681937058\n|switch|p2a: Flutter Mane|Flutter Mane, L50|100\/100\n|-activate|p2a: Flutter Mane|ability: Protosynthesis\n|-start|p2a: Flutter Mane|protosynthesisspa\n|turn|3\n|\n|t:|1681937073\n|switch|p2b: Stonjourner|Stonjourner, L50, M|100\/100\n|move|p1a: Bianca|Protect|p1a: Bianca\n|-singleturn|p1a: Bianca|Protect\n|move|p2a: Flutter Mane|Dazzling Gleam|p1a: Bianca|[spread] p1b\n|-activate|p1a: Bianca|move: Protect\n|-supereffective|p1b: Ting-Lu\n|-damage|p1b: Ting-Lu|0 fnt\n|faint|p1b: Ting-Lu\n|\n|-weather|SunnyDay|[upkeep]\n|upkeep\n|\n|t:|1681937085\n|switch|p1b: Amoonguss|Amoonguss, L50, F, shiny|100\/100\n|turn|4\n|\n|t:|1681937093\n|move|p1b: Amoonguss|Protect|p1b: Amoonguss\n|-singleturn|p1b: Amoonguss|Protect\n|move|p2a: Flutter Mane|Dazzling Gleam|p1a: Bianca|[spread] p1a\n|-activate|p1b: Amoonguss|move: Protect\n|-damage|p1a: Bianca|0 fnt\n|faint|p1a: Bianca\n|move|p2b: Stonjourner|Stone Edge|p1b: Amoonguss\n|-activate|p1b: Amoonguss|move: Protect\n|\n|-weather|SunnyDay|[upkeep]\n|-sideend|p2: KSunfr|move: Tailwind\n|upkeep\n|\n|t:|1681937102\n|switch|p1a: Sasha Colby|Flutter Mane, L50|100\/100\n|-activate|p1a: Sasha Colby|ability: Protosynthesis\n|-start|p1a: Sasha Colby|protosynthesisspe\n|turn|5\n|\n|t:|1681937117\n|-terastallize|p1a: Sasha Colby|Fairy\n|move|p1a: Sasha Colby|Moonblast|p2a: Flutter Mane\n|-damage|p2a: Flutter Mane|16\/100\n|move|p2a: Flutter Mane|Dazzling Gleam|p1b: Amoonguss|[spread] p1a,p1b\n|-resisted|p1b: Amoonguss\n|-damage|p1a: Sasha Colby|29\/100\n|-damage|p1b: Amoonguss|66\/100\n|move|p2b: Stonjourner|Rock Slide|p1b: Amoonguss|[spread] p1b\n|-miss|p2b: Stonjourner|p1a: Sasha Colby\n|-damage|p1b: Amoonguss|41\/100\n|-enditem|p1b: Amoonguss|Sitrus Berry|[eat]\n|-heal|p1b: Amoonguss|66\/100|[from] item: Sitrus Berry\n|move|p1b: Amoonguss|Spore|p2b: Stonjourner\n|-status|p2b: Stonjourner|slp|[from] move: Spore\n|\n|-weather|SunnyDay|[upkeep]\n|upkeep\n|turn|6\n|\n|t:|1681937139\n|cant|p2b: Stonjourner|slp\n|move|p1a: Sasha Colby|Moonblast|p2a: Flutter Mane\n|-damage|p2a: Flutter Mane|0 fnt\n|faint|p2a: Flutter Mane\n|-end|p2a: Flutter Mane|Protosynthesis|[silent]\n|move|p1b: Amoonguss|Pollen Puff|p1a: Sasha Colby\n|-heal|p1a: Sasha Colby|78\/100\n|\n|-weather|none\n|-end|p1a: Sasha Colby|Protosynthesis\n|upkeep\n|\n|t:|1681937142\n|switch|p2a: Chi-Yu|Chi-Yu, L50, tera:Grass|45\/100\n|-ability|p2a: Chi-Yu|Beads of Ruin\n|turn|7\n|\n|t:|1681937156\n|move|p1b: Amoonguss|Protect|p1b: Amoonguss\n|-singleturn|p1b: Amoonguss|Protect\n|cant|p2b: Stonjourner|slp\n|move|p1a: Sasha Colby|Moonblast|p2a: Chi-Yu\n|-damage|p2a: Chi-Yu|0 fnt\n|faint|p2a: Chi-Yu\n|\n|upkeep\n|turn|8\n|\n|t:|1681937165\n|move|p1b: Amoonguss|Rage Powder|p1b: Amoonguss\n|-singleturn|p1b: Amoonguss|move: Rage Powder\n|move|p1a: Sasha Colby|Moonblast|p2b: Stonjourner\n|-enditem|p2b: Stonjourner|Focus Sash\n|-damage|p2b: Stonjourner|1\/100 slp\n|-curestatus|p2b: Stonjourner|slp|[msg]\n|move|p2b: Stonjourner|Stone Edge|p1b: Amoonguss\n|-damage|p1b: Amoonguss|17\/100\n|\n|upkeep\n|turn|9\n|c|\u2606KSunfr|gg\n|\n|t:|1681937179\n|move|p1a: Sasha Colby|Moonblast|p2b: Stonjourner\n|-damage|p2b: Stonjourner|0 fnt\n|faint|p2b: Stonjourner\n|\n|win|Piccolo Ruiz\n|raw|Piccolo Ruiz's rating: 1459 → 1479<\/strong> (+20 for winning)\n|raw|KSunfr's rating: 1466 → 1446<\/strong> (-20 for losing)\n|c|\u2606Piccolo Ruiz|gg\n","uploadtime":1681937187,"views":8,"p1id":"piccoloruiz","p2id":"ksunfr","formatid":"gen9vgc2023regulationc","rating":1446,"private":0,"password":""}