{"id":"gen9vgc2023regulationc-1864026433","p1":"Gary Dagenais","p2":"KhiidBrazil","format":"[Gen 9] VGC 2023 Regulation C","log":"|j|\u2606Gary Dagenais\n|j|\u2606KhiidBrazil\n|t:|1684107099\n|gametype|doubles\n|player|p1|Gary Dagenais|265|1167\n|player|p2|KhiidBrazil|1|1247\n|teamsize|p1|6\n|teamsize|p2|6\n|gen|9\n|tier|[Gen 9] VGC 2023 Regulation C\n|rated|\n|rule|Species Clause: Limit one of each Pok\u00e9mon\n|rule|Item Clause: Limit one of each item\n|clearpoke\n|poke|p1|Indeedee-F, L50, F|\n|poke|p1|Arcanine, L50, F|\n|poke|p1|Chien-Pao, L50|\n|poke|p1|Maushold-Four, L50|\n|poke|p1|Talonflame, L50, M|\n|poke|p1|Sandy Shocks, L50|\n|poke|p2|Kingambit, L50, F|\n|poke|p2|Dragonite, L50, F|\n|poke|p2|Abomasnow, L50, M|\n|poke|p2|Great Tusk, L50|\n|poke|p2|Iron Bundle, L50|\n|poke|p2|Flutter Mane, L50|\n|teampreview|4\n|inactive|Battle timer is ON: inactive players will automatically lose when time's up. (requested by Gary Dagenais)\n|\n|t:|1684107115\n|start\n|switch|p1a: Talonflame|Talonflame, L50, M|100\/100\n|switch|p1b: Sandy Shocks|Sandy Shocks, L50|100\/100\n|switch|p2a: Abomasnow|Abomasnow, L50, M|100\/100\n|switch|p2b: Iron Bundle|Iron Bundle, L50|100\/100\n|-weather|Snow|[from] ability: Snow Warning|[of] p2a: Abomasnow\n|turn|1\n|inactive|KhiidBrazil has 30 seconds left.\n|\n|t:|1684107147\n|-terastallize|p1b: Sandy Shocks|Electric\n|-terastallize|p2b: Iron Bundle|Ice\n|move|p1a: Talonflame|Brave Bird|p2a: Abomasnow\n|-supereffective|p2a: Abomasnow\n|-crit|p2a: Abomasnow\n|-enditem|p2a: Abomasnow|Focus Sash\n|-damage|p2a: Abomasnow|1\/100\n|-damage|p1a: Talonflame|58\/100|[from] Recoil\n|move|p1b: Sandy Shocks|Thunderbolt|p2b: Iron Bundle\n|-damage|p2b: Iron Bundle|0 fnt\n|faint|p2b: Iron Bundle\n|-end|p2b: Iron Bundle|Quark Drive|[silent]\n|move|p2a: Abomasnow|Aurora Veil|p2a: Abomasnow\n|-sidestart|p2: KhiidBrazil|move: Aurora Veil\n|\n|-weather|Snow|[upkeep]\n|upkeep\n|\n|t:|1684107160\n|switch|p2b: Great Tusk|Great Tusk, L50|100\/100\n|turn|2\n|\n|t:|1684107175\n|-end|p1b: Sandy Shocks|Protosynthesis|[silent]\n|switch|p1b: Arcanine|Arcanine, L50, F|100\/100\n|-ability|p1b: Arcanine|Intimidate|boost\n|-unboost|p2a: Abomasnow|atk|1\n|-unboost|p2b: Great Tusk|atk|1\n|move|p2a: Abomasnow|Helping Hand|p2b: Great Tusk\n|-singleturn|p2b: Great Tusk|Helping Hand|[of] p2a: Abomasnow\n|move|p2b: Great Tusk|Headlong Rush|p1b: Arcanine\n|-supereffective|p1b: Arcanine\n|-damage|p1b: Arcanine|0 fnt\n|-unboost|p2b: Great Tusk|def|1\n|-unboost|p2b: Great Tusk|spd|1\n|faint|p1b: Arcanine\n|move|p1a: Talonflame|Brave Bird|p2a: Abomasnow\n|-supereffective|p2a: Abomasnow\n|-damage|p2a: Abomasnow|0 fnt\n|faint|p2a: Abomasnow\n|-damage|p1a: Talonflame|58\/100|[from] Recoil\n|\n|-weather|Snow|[upkeep]\n|upkeep\n|\n|t:|1684107192\n|switch|p1b: Maushold|Maushold-Four, L50|100\/100\n|switch|p2a: Dragonite|Dragonite, L50, F, shiny|100\/100\n|turn|3\n|\n|t:|1684107215\n|move|p1b: Maushold|Protect|p1b: Maushold\n|-singleturn|p1b: Maushold|Protect\n|move|p2b: Great Tusk|Headlong Rush|p1b: Maushold\n|-activate|p1b: Maushold|move: Protect\n|move|p1a: Talonflame|Tailwind|p1a: Talonflame\n|-sidestart|p1: Gary Dagenais|move: Tailwind\n|move|p2a: Dragonite|Outrage|p1b: Maushold\n|-activate|p1b: Maushold|move: Protect\n|\n|-weather|Snow|[upkeep]\n|upkeep\n|turn|4\n|\n|t:|1684107236\n|move|p1a: Talonflame|Brave Bird|p2b: Great Tusk\n|-supereffective|p2b: Great Tusk\n|-damage|p2b: Great Tusk|20\/100\n|-damage|p1a: Talonflame|25\/100|[from] Recoil\n|move|p1b: Maushold|Population Bomb|p2b: Great Tusk|[miss]\n|-miss|p1b: Maushold|p2b: Great Tusk\n|move|p2b: Great Tusk|Headlong Rush|p1a: Talonflame\n|-immune|p1a: Talonflame\n|move|p2a: Dragonite|Outrage|p1a: Talonflame\n|-damage|p1a: Talonflame|0 fnt\n|faint|p1a: Talonflame\n|\n|-weather|Snow|[upkeep]\n|upkeep\n|\n|t:|1684107243\n|switch|p1a: Sandy Shocks|Sandy Shocks, L50, tera:Electric|100\/100\n|turn|5\n|\n|t:|1684107253\n|move|p1b: Maushold|Feint|p2b: Great Tusk\n|-damage|p2b: Great Tusk|5\/100\n|move|p1a: Sandy Shocks|Thunderbolt|p2a: Dragonite\n|-damage|p2a: Dragonite|82\/100\n|move|p2b: Great Tusk|Headlong Rush|p1a: Sandy Shocks\n|-supereffective|p1a: Sandy Shocks\n|-damage|p1a: Sandy Shocks|0 fnt\n|-unboost|p2b: Great Tusk|def|1\n|-unboost|p2b: Great Tusk|spd|1\n|faint|p1a: Sandy Shocks\n|-end|p1a: Sandy Shocks|Protosynthesis|[silent]\n|move|p2a: Dragonite|Outrage|p1b: Maushold|[from]lockedmove\n|-damage|p1b: Maushold|0 fnt\n|faint|p1b: Maushold\n|\n|win|KhiidBrazil\n|raw|Gary Dagenais's rating: 1167 → 1148<\/strong> (-19 for losing)\n|raw|KhiidBrazil's rating: 1247 → 1266<\/strong> (+19 for winning)\n|l|\u2606Gary Dagenais\n","uploadtime":1684107267,"views":9,"p1id":"garydagenais","p2id":"khiidbrazil","formatid":"gen9vgc2023regulationc","rating":1148,"private":0,"password":""}