{"id":"gen9vgc2023regulationc-1864258791","p1":"dottor gelo","p2":"shuijunjun","format":"[Gen 9] VGC 2023 Regulation C","log":"|j|\u2606dottor gelo\n|j|\u2606shuijunjun\n|t:|1684146064\n|gametype|doubles\n|player|p1|dottor gelo|workerice|1045\n|player|p2|shuijunjun|iono|1084\n|teamsize|p1|6\n|teamsize|p2|6\n|gen|9\n|tier|[Gen 9] VGC 2023 Regulation C\n|rated|\n|rule|Species Clause: Limit one of each Pok\u00e9mon\n|rule|Item Clause: Limit one of each item\n|clearpoke\n|poke|p1|Abomasnow, L50, M|\n|poke|p1|Cetitan, L50, M|\n|poke|p1|Cloyster, L50, M|\n|poke|p1|Glaceon, L50, M|\n|poke|p1|Rotom-Frost, L50|\n|poke|p1|Cryogonal, L50|\n|poke|p2|Armarouge, L50, F|\n|poke|p2|Maushold-Four, L50|\n|poke|p2|Chien-Pao, L50|\n|poke|p2|Dragonite, L50, M|\n|poke|p2|Murkrow, L50, F|\n|poke|p2|Gholdengo, L50|\n|teampreview|4\n|\n|t:|1684146097\n|start\n|switch|p1a: Cetitan|Cetitan, L50, M|100\/100\n|switch|p1b: Cryogonal|Cryogonal, L50|100\/100\n|switch|p2a: Maushold|Maushold-Four, L50|100\/100\n|switch|p2b: Armarouge|Armarouge, L50, F, shiny|100\/100\n|turn|1\n|\n|t:|1684146122\n|-terastallize|p1a: Cetitan|Water\n|move|p2a: Maushold|Beat Up|p2b: Armarouge\n|-supereffective|p2b: Armarouge\n|-damage|p2b: Armarouge|97\/100\n|-ability|p2b: Armarouge|Weak Armor|boost\n|-unboost|p2b: Armarouge|def|1\n|-boost|p2b: Armarouge|spe|2\n|-enditem|p2b: Armarouge|Weakness Policy\n|-boost|p2b: Armarouge|atk|2|[from] item: Weakness Policy\n|-boost|p2b: Armarouge|spa|2|[from] item: Weakness Policy\n|-supereffective|p2b: Armarouge\n|-damage|p2b: Armarouge|92\/100\n|-ability|p2b: Armarouge|Weak Armor|boost\n|-unboost|p2b: Armarouge|def|1\n|-boost|p2b: Armarouge|spe|2\n|-supereffective|p2b: Armarouge\n|-damage|p2b: Armarouge|86\/100\n|-ability|p2b: Armarouge|Weak Armor|boost\n|-unboost|p2b: Armarouge|def|1\n|-boost|p2b: Armarouge|spe|2\n|-supereffective|p2b: Armarouge\n|-damage|p2b: Armarouge|76\/100\n|-ability|p2b: Armarouge|Weak Armor|boost\n|-unboost|p2b: Armarouge|def|1\n|-hitcount|p2b: Armarouge|4\n|move|p2b: Armarouge|Stored Power|p1a: Cetitan\n|-damage|p1a: Cetitan|0 fnt\n|faint|p1a: Cetitan\n|move|p1b: Cryogonal|Ancient Power|p2b: Armarouge\n|-supereffective|p2b: Armarouge\n|-damage|p2b: Armarouge|47\/100\n|\n|upkeep\n|l|\u2606shuijunjun\n|player|p2|\n|\n|t:|1684146149\n|switch|p1a: Abomasnow|Abomasnow, L50, M|100\/100\n|-weather|Snow|[from] ability: Snow Warning|[of] p1a: Abomasnow\n|turn|2\n|j|\u2606shuijunjun\n|player|p2|shuijunjun|iono\n|\n|t:|1684146162\n|move|p2a: Maushold|Follow Me|p2a: Maushold\n|-singleturn|p2a: Maushold|move: Follow Me\n|move|p1a: Abomasnow|Ice Shard|p2a: Maushold\n|-damage|p2a: Maushold|82\/100\n|move|p2b: Armarouge|Armor Cannon|p1a: Abomasnow\n|-supereffective|p1a: Abomasnow\n|-enditem|p1a: Abomasnow|Focus Sash\n|-damage|p1a: Abomasnow|1\/100\n|-unboost|p2b: Armarouge|def|1\n|-unboost|p2b: Armarouge|spd|1\n|move|p1b: Cryogonal|Ancient Power|p2a: Maushold\n|-damage|p2a: Maushold|63\/100\n|\n|-weather|Snow|[upkeep]\n|upkeep\n|turn|3\n|\n|t:|1684146192\n|move|p2a: Maushold|Follow Me|p2a: Maushold\n|-singleturn|p2a: Maushold|move: Follow Me\n|move|p1a: Abomasnow|Ice Shard|p2a: Maushold\n|-damage|p2a: Maushold|44\/100\n|move|p2b: Armarouge|Armor Cannon|p1b: Cryogonal\n|-supereffective|p1b: Cryogonal\n|-damage|p1b: Cryogonal|0 fnt\n|-unboost|p2b: Armarouge|def|1\n|-unboost|p2b: Armarouge|spd|1\n|faint|p1b: Cryogonal\n|\n|-weather|Snow|[upkeep]\n|upkeep\n|\n|t:|1684146205\n|switch|p1b: Glaceon|Glaceon, L50, M|100\/100\n|turn|4\n|\n|t:|1684146221\n|move|p2a: Maushold|Follow Me|p2a: Maushold\n|-singleturn|p2a: Maushold|move: Follow Me\n|move|p2b: Armarouge|Stored Power|p1a: Abomasnow\n|-crit|p1a: Abomasnow\n|-damage|p1a: Abomasnow|0 fnt\n|faint|p1a: Abomasnow\n|move|p1b: Glaceon|Blizzard|p2a: Maushold|[spread] p2a,p2b\n|-resisted|p2b: Armarouge\n|-damage|p2a: Maushold|0 fnt\n|-damage|p2b: Armarouge|5\/100\n|faint|p2a: Maushold\n|\n|-weather|Snow|[upkeep]\n|upkeep\n|\n|t:|1684146226\n|switch|p2a: Gholdengo|Gholdengo, L50|100\/100\n|turn|5\n|\n|t:|1684146237\n|-terastallize|p2a: Gholdengo|Steel\n|move|p2b: Armarouge|Armor Cannon|p1b: Glaceon\n|-supereffective|p1b: Glaceon\n|-damage|p1b: Glaceon|0 fnt\n|-unboost|p2b: Armarouge|spd|1\n|faint|p1b: Glaceon\n|\n|win|shuijunjun\n|raw|dottor gelo's rating: 1045 → 1030<\/strong> (-15 for losing)\n|raw|shuijunjun's rating: 1084 → 1108<\/strong> (+24 for winning)\n|l|\u2606dottor gelo\n","uploadtime":1684146268,"views":15,"p1id":"dottorgelo","p2id":"shuijunjun","formatid":"gen9vgc2023regulationc","rating":1030,"private":0,"password":""}