{"id":"gen9vgc2023regulationc-1849894890","p1":"Kirovz","p2":"Gangesztan","format":"[Gen 9] VGC 2023 Regulation C","log":"|j|\u2606Kirovz\n|j|\u2606Gangesztan\n|t:|1682265501\n|gametype|doubles\n|player|p1|Kirovz|lance|1139\n|player|p2|Gangesztan|102|1057\n|teamsize|p1|6\n|teamsize|p2|6\n|gen|9\n|tier|[Gen 9] VGC 2023 Regulation C\n|rated|\n|rule|Species Clause: Limit one of each Pok\u00e9mon\n|rule|Item Clause: Limit one of each item\n|clearpoke\n|poke|p1|Dondozo, L50, M|\n|poke|p1|Tatsugiri-Stretchy, L50, F|\n|poke|p1|Chi-Yu, L50|\n|poke|p1|Flutter Mane, L50|\n|poke|p1|Dragonite, L50, F|\n|poke|p1|Glimmora, L50, M|\n|poke|p2|Murkrow, L50, F|\n|poke|p2|Gothitelle, L50, M|\n|poke|p2|Flutter Mane, L50|\n|poke|p2|Arcanine, L50, F|\n|poke|p2|Indeedee-F, L50, F|\n|poke|p2|Ting-Lu, L50|\n|teampreview|4\n|\n|t:|1682265528\n|start\n|switch|p1a: Glimmora|Glimmora, L50, M|100\/100\n|switch|p1b: Flutter Mane|Flutter Mane, L50|100\/100\n|switch|p2a: Murkrow|Murkrow, L50, F|100\/100\n|switch|p2b: Gothitelle|Gothitelle, L50, M|100\/100\n|-enditem|p1b: Flutter Mane|Booster Energy\n|-activate|p1b: Flutter Mane|ability: Protosynthesis|[fromitem]\n|-start|p1b: Flutter Mane|protosynthesisspe\n|turn|1\n|\n|t:|1682265547\n|move|p2b: Gothitelle|Fake Out|p1a: Glimmora\n|-resisted|p1a: Glimmora\n|-damage|p1a: Glimmora|97\/100\n|-activate|p1a: Glimmora|ability: Toxic Debris\n|-sidestart|p2: Gangesztan|move: Toxic Spikes\n|move|p2a: Murkrow|Perish Song|p2a: Murkrow\n|-start|p1a: Glimmora|perish3|[silent]\n|-start|p1b: Flutter Mane|perish3|[silent]\n|-start|p2a: Murkrow|perish3|[silent]\n|-start|p2b: Gothitelle|perish3|[silent]\n|-fieldactivate|move: Perish Song\n|move|p1b: Flutter Mane|Substitute|p1b: Flutter Mane\n|-start|p1b: Flutter Mane|Substitute\n|-damage|p1b: Flutter Mane|76\/100\n|cant|p1a: Glimmora|flinch\n|\n|-start|p1b: Flutter Mane|perish3\n|-start|p1a: Glimmora|perish3\n|-start|p2a: Murkrow|perish3\n|-start|p2b: Gothitelle|perish3\n|upkeep\n|turn|2\n|\n|t:|1682265590\n|switch|p2a: Indeedee|Indeedee-F, L50, F|100\/100\n|-status|p2a: Indeedee|psn\n|move|p2b: Gothitelle|Protect|p2b: Gothitelle\n|-singleturn|p2b: Gothitelle|Protect\n|move|p1b: Flutter Mane|Moonblast|p2b: Gothitelle\n|-activate|p2b: Gothitelle|move: Protect\n|move|p1a: Glimmora|Power Gem|p2a: Indeedee\n|-damage|p2a: Indeedee|66\/100 psn\n|\n|-heal|p2a: Indeedee|72\/100 psn|[from] item: Leftovers\n|-damage|p2a: Indeedee|60\/100 psn|[from] psn\n|-start|p1b: Flutter Mane|perish2\n|-start|p1a: Glimmora|perish2\n|-start|p2b: Gothitelle|perish2\n|upkeep\n|turn|3\n|\n|t:|1682265632\n|move|p1b: Flutter Mane|Moonblast|p2b: Gothitelle\n|-damage|p2b: Gothitelle|54\/100\n|move|p1a: Glimmora|Power Gem|p2b: Gothitelle\n|-damage|p2b: Gothitelle|13\/100\n|-enditem|p2b: Gothitelle|Sitrus Berry|[eat]\n|-heal|p2b: Gothitelle|38\/100|[from] item: Sitrus Berry\n|move|p2a: Indeedee|Heal Pulse|p2b: Gothitelle\n|-heal|p2b: Gothitelle|89\/100\n|move|p2b: Gothitelle|Heal Pulse|p2a: Indeedee\n|-heal|p2a: Indeedee|100\/100 psn\n|\n|-damage|p2a: Indeedee|88\/100 psn|[from] psn\n|-start|p1b: Flutter Mane|perish1\n|-start|p1a: Glimmora|perish1\n|-start|p2b: Gothitelle|perish1\n|upkeep\n|turn|4\n|\n|t:|1682265681\n|-end|p1b: Flutter Mane|Protosynthesis|[silent]\n|switch|p1b: Dondozo|Dondozo, L50, M|100\/100\n|switch|p2b: Arcanine|Arcanine, L50, F|100\/100\n|-status|p2b: Arcanine|psn\n|-ability|p2b: Arcanine|Intimidate|boost\n|-unboost|p1a: Glimmora|atk|1\n|-unboost|p1b: Dondozo|atk|1\n|move|p2a: Indeedee|Protect|p2a: Indeedee\n|-singleturn|p2a: Indeedee|Protect\n|move|p1a: Glimmora|Power Gem|p2b: Arcanine\n|-supereffective|p2b: Arcanine\n|-damage|p2b: Arcanine|2\/100 psn\n|\n|-heal|p2a: Indeedee|94\/100 psn|[from] item: Leftovers\n|-damage|p2b: Arcanine|0 fnt|[from] psn\n|faint|p2b: Arcanine\n|-damage|p2a: Indeedee|82\/100 psn|[from] psn\n|-start|p1a: Glimmora|perish0\n|faint|p1a: Glimmora\n|upkeep\n|\n|t:|1682265699\n|switch|p1a: Flutter Mane|Flutter Mane, L50|76\/100\n|switch|p2b: Murkrow|Murkrow, L50, F|100\/100\n|turn|5\n|\n|t:|1682265731\n|switch|p2a: Gothitelle|Gothitelle, L50, M|89\/100\n|-status|p2a: Gothitelle|psn\n|-terastallize|p1a: Flutter Mane|Steel\n|move|p2b: Murkrow|Perish Song|p2b: Murkrow\n|-start|p1a: Flutter Mane|perish3|[silent]\n|-start|p1b: Dondozo|perish3|[silent]\n|-start|p2a: Gothitelle|perish3|[silent]\n|-start|p2b: Murkrow|perish3|[silent]\n|-fieldactivate|move: Perish Song\n|move|p1a: Flutter Mane|Moonblast|p2b: Murkrow\n|-supereffective|p2b: Murkrow\n|-damage|p2b: Murkrow|0 fnt\n|faint|p2b: Murkrow\n|move|p1b: Dondozo|Wave Crash|p2a: Gothitelle\n|-damage|p2a: Gothitelle|66\/100 psn\n|-damage|p1b: Dondozo|95\/100|[from] Recoil\n|\n|-damage|p2a: Gothitelle|54\/100 psn|[from] psn\n|-start|p1a: Flutter Mane|perish3\n|-start|p2a: Gothitelle|perish3\n|-start|p1b: Dondozo|perish3\n|upkeep\n|\n|t:|1682265749\n|switch|p2b: Indeedee|Indeedee-F, L50, F|82\/100 psn\n|turn|6\n|\n|t:|1682265761\n|move|p1a: Flutter Mane|Protect|p1a: Flutter Mane\n|-singleturn|p1a: Flutter Mane|Protect\n|move|p2b: Indeedee|Fake Out|p1a: Flutter Mane\n|-activate|p1a: Flutter Mane|move: Protect\n|move|p2a: Gothitelle|Fake Out|p1b: Dondozo\n|-damage|p1b: Dondozo|92\/100\n|cant|p1b: Dondozo|flinch\n|\n|-heal|p2b: Indeedee|88\/100 psn|[from] item: Leftovers\n|-damage|p2b: Indeedee|76\/100 psn|[from] psn\n|-damage|p2a: Gothitelle|41\/100 psn|[from] psn\n|-start|p1a: Flutter Mane|perish2\n|-start|p2a: Gothitelle|perish2\n|-start|p1b: Dondozo|perish2\n|upkeep\n|turn|7\n|\n|t:|1682265789\n|move|p2b: Indeedee|Protect|p2b: Indeedee\n|-singleturn|p2b: Indeedee|Protect\n|move|p2a: Gothitelle|Protect|p2a: Gothitelle\n|-singleturn|p2a: Gothitelle|Protect\n|move|p1a: Flutter Mane|Moonblast|p2a: Gothitelle\n|-activate|p2a: Gothitelle|move: Protect\n|move|p1b: Dondozo|Wave Crash|p2a: Gothitelle\n|-activate|p2a: Gothitelle|move: Protect\n|\n|-heal|p2b: Indeedee|82\/100 psn|[from] item: Leftovers\n|-damage|p2b: Indeedee|69\/100 psn|[from] psn\n|-damage|p2a: Gothitelle|29\/100 psn|[from] psn\n|-start|p1a: Flutter Mane|perish1\n|-start|p2a: Gothitelle|perish1\n|-start|p1b: Dondozo|perish1\n|upkeep\n|turn|8\n|\n|t:|1682265837\n|move|p2b: Indeedee|Follow Me|p2b: Indeedee\n|-singleturn|p2b: Indeedee|move: Follow Me\n|move|p1a: Flutter Mane|Moonblast|p2b: Indeedee\n|-damage|p2b: Indeedee|28\/100 psn\n|move|p2a: Gothitelle|Heal Pulse|p2b: Indeedee\n|-heal|p2b: Indeedee|78\/100 psn\n|move|p1b: Dondozo|Wave Crash|p2b: Indeedee\n|-damage|p2b: Indeedee|36\/100 psn\n|-damage|p1b: Dondozo|82\/100|[from] Recoil\n|\n|-heal|p2b: Indeedee|42\/100 psn|[from] item: Leftovers\n|-damage|p2b: Indeedee|30\/100 psn|[from] psn\n|-damage|p2a: Gothitelle|16\/100 psn|[from] psn\n|-start|p1a: Flutter Mane|perish0\n|-start|p2a: Gothitelle|perish0\n|-start|p1b: Dondozo|perish0\n|upkeep\n|faint|p1a: Flutter Mane\n|-end|p1a: Flutter Mane|Protosynthesis|[silent]\n|faint|p2a: Gothitelle\n|faint|p1b: Dondozo\n|\n|t:|1682265853\n|switch|p1b: Chi-Yu|Chi-Yu, L50|100\/100\n|-ability|p1b: Chi-Yu|Beads of Ruin\n|turn|9\n|-message|Gangesztan forfeited.\n|\n|win|Kirovz\n|raw|Kirovz's rating: 1139 → 1158<\/strong> (+19 for winning)\n|raw|Gangesztan's rating: 1057 → 1043<\/strong> (-14 for losing)\n|l|\u2606Gangesztan\n","uploadtime":1682265889,"views":7,"p1id":"kirovz","p2id":"gangesztan","formatid":"gen9vgc2023regulationc","rating":1043,"private":0,"password":""}