{"id":"gen9vgc2023regulationc-1852867644","p1":"Auraen","p2":"Missed Ledgedash","format":"[Gen 9] VGC 2023 Regulation C","log":"|j|\u2606Auraen\n|j|\u2606Missed Ledgedash\n|t:|1682612978\n|gametype|doubles\n|player|p1|Auraen|flannery|1274\n|player|p2|Missed Ledgedash|juan-gen3|1346\n|teamsize|p1|6\n|teamsize|p2|6\n|gen|9\n|tier|[Gen 9] VGC 2023 Regulation C\n|rated|\n|rule|Species Clause: Limit one of each Pok\u00e9mon\n|rule|Item Clause: Limit one of each item\n|clearpoke\n|poke|p1|Chi-Yu, L50|\n|poke|p1|Flutter Mane, L50|\n|poke|p1|Tauros-Paldea-Aqua, L50, M|\n|poke|p1|Tyranitar, L50, F|\n|poke|p1|Glimmora, L50, F|\n|poke|p1|Amoonguss, L50, F|\n|poke|p2|Flutter Mane, L50|\n|poke|p2|Arcanine, L50, F|\n|poke|p2|Amoonguss, L50, F|\n|poke|p2|Palafin, L50, M|\n|poke|p2|Corviknight, L50, M|\n|poke|p2|Iron Hands, L50|\n|teampreview|4\nMissed Ledgedash has agreed to open team sheets.\nAuraen has agreed to open team sheets.\n|\n|t:|1682613047\n|start\n|switch|p1a: Amoonguss|Amoonguss, L50, F|100\/100\n|switch|p1b: Glimmora|Glimmora, L50, F|100\/100\n|switch|p2a: Palafin|Palafin, L50, M|100\/100\n|switch|p2b: Iron Hands|Iron Hands, L50|100\/100\n|turn|1\n|\n|t:|1682613079\n|switch|p1b: Tauros|Tauros-Paldea-Aqua, L50, M|100\/100\n|-ability|p1b: Tauros|Intimidate|boost\n|-unboost|p2a: Palafin|atk|1\n|-unboost|p2b: Iron Hands|atk|1\n|-terastallize|p2b: Iron Hands|Grass\n|move|p2a: Palafin|Wave Crash|p1b: Tauros\n|-resisted|p1b: Tauros\n|-damage|p1b: Tauros|87\/100\n|-damage|p2a: Palafin|97\/100|[from] Recoil\n|move|p2b: Iron Hands|Heavy Slam|p1b: Tauros\n|-resisted|p1b: Tauros\n|-damage|p1b: Tauros|76\/100\n|move|p1a: Amoonguss|Spore|p2b: Iron Hands\n|-immune|p2b: Iron Hands\n|\n|upkeep\n|turn|2\n|\n|t:|1682613101\n|switch|p1b: Chi-Yu|Chi-Yu, L50|100\/100\n|-ability|p1b: Chi-Yu|Beads of Ruin\n|detailschange|p2a: Palafin|Palafin-Hero, L50, M\n|switch|p2a: Flutter Mane|Flutter Mane, L50|100\/100\n|move|p2b: Iron Hands|Wild Charge|p1b: Chi-Yu\n|-damage|p1b: Chi-Yu|68\/100\n|-damage|p2b: Iron Hands|95\/100|[from] Recoil\n|move|p1a: Amoonguss|Pollen Puff|p1b: Chi-Yu\n|-heal|p1b: Chi-Yu|100\/100\n|\n|upkeep\n|turn|3\n|\n|t:|1682613121\n|move|p1b: Chi-Yu|Protect|p1b: Chi-Yu\n|-singleturn|p1b: Chi-Yu|Protect\n|move|p2a: Flutter Mane|Shadow Ball|p1a: Amoonguss\n|-damage|p1a: Amoonguss|45\/100\n|-unboost|p1a: Amoonguss|spd|1\n|move|p2b: Iron Hands|Drain Punch|p1b: Chi-Yu\n|-activate|p1b: Chi-Yu|move: Protect\n|move|p1a: Amoonguss|Spore|p2a: Flutter Mane\n|-status|p2a: Flutter Mane|slp|[from] move: Spore\n|\n|-heal|p1a: Amoonguss|51\/100|[from] item: Leftovers\n|upkeep\n|turn|4\n|\n|t:|1682613136\n|-terastallize|p1b: Chi-Yu|Grass\n|cant|p2a: Flutter Mane|slp\n|move|p1b: Chi-Yu|Dark Pulse|p2a: Flutter Mane\n|-damage|p2a: Flutter Mane|42\/100 slp\n|move|p2b: Iron Hands|Drain Punch|p1b: Chi-Yu\n|-damage|p1b: Chi-Yu|74\/100\n|-heal|p2b: Iron Hands|100\/100|[from] drain|[of] p1b: Chi-Yu\n|move|p1a: Amoonguss|Pollen Puff|p1b: Chi-Yu\n|-heal|p1b: Chi-Yu|100\/100\n|\n|-heal|p1a: Amoonguss|57\/100|[from] item: Leftovers\n|upkeep\n|turn|5\n|\n|t:|1682613158\n|switch|p1a: Glimmora|Glimmora, L50, F|100\/100\n|cant|p2a: Flutter Mane|slp\n|move|p1b: Chi-Yu|Dark Pulse|p2a: Flutter Mane\n|-damage|p2a: Flutter Mane|0 fnt\n|faint|p2a: Flutter Mane\n|-end|p2a: Flutter Mane|Protosynthesis|[silent]\n|move|p2b: Iron Hands|Heavy Slam|p1a: Glimmora\n|-supereffective|p1a: Glimmora\n|-damage|p1a: Glimmora|53\/100\n|-activate|p1a: Glimmora|ability: Toxic Debris\n|-sidestart|p2: Missed Ledgedash|move: Toxic Spikes\n|\n|upkeep\n|\n|t:|1682613169\n|switch|p2a: Amoonguss|Amoonguss, L50, F|100\/100\n|-sideend|p2: Missed Ledgedash|move: Toxic Spikes|[of] p2a: Amoonguss\n|turn|6\n|\n|t:|1682613178\n|switch|p1a: Amoonguss|Amoonguss, L50, F|90\/100\n|-end|p2b: Iron Hands|Quark Drive|[silent]\n|switch|p2b: Palafin|Palafin-Hero, L50, M|97\/100\n|-activate|p2b: Palafin|ability: Zero to Hero\n|move|p1b: Chi-Yu|Will-O-Wisp|p2b: Palafin\n|-status|p2b: Palafin|brn\n|move|p2a: Amoonguss|Spore|p1a: Amoonguss\n|-immune|p1a: Amoonguss\n|\n|-heal|p1a: Amoonguss|96\/100|[from] item: Leftovers\n|-damage|p2b: Palafin|91\/100 brn|[from] brn\n|upkeep\n|turn|7\n|\n|t:|1682613193\n|move|p1b: Chi-Yu|Dark Pulse|p2a: Amoonguss\n|-damage|p2a: Amoonguss|55\/100\n|move|p2b: Palafin|Wave Crash|p1b: Chi-Yu\n|-resisted|p1b: Chi-Yu\n|-damage|p1b: Chi-Yu|78\/100\n|-damage|p2b: Palafin|85\/100 brn|[from] Recoil\n|move|p2a: Amoonguss|Pollen Puff|p1b: Chi-Yu\n|-supereffective|p1b: Chi-Yu\n|-damage|p1b: Chi-Yu|45\/100\n|-enditem|p1b: Chi-Yu|Sitrus Berry|[eat]\n|-heal|p1b: Chi-Yu|70\/100|[from] item: Sitrus Berry\n|move|p1a: Amoonguss|Pollen Puff|p2a: Amoonguss\n|-damage|p2a: Amoonguss|34\/100\n|-enditem|p2a: Amoonguss|Sitrus Berry|[eat]\n|-heal|p2a: Amoonguss|59\/100|[from] item: Sitrus Berry\n|\n|-heal|p1a: Amoonguss|100\/100|[from] item: Leftovers\n|-damage|p2b: Palafin|79\/100 brn|[from] brn\n|upkeep\n|turn|8\n|\n|t:|1682613219\n|switch|p2a: Iron Hands|Iron Hands, L50, tera:Grass|100\/100\n|move|p1b: Chi-Yu|Overheat|p2a: Iron Hands\n|-supereffective|p2a: Iron Hands\n|-damage|p2a: Iron Hands|27\/100\n|-unboost|p1b: Chi-Yu|spa|2\n|move|p2b: Palafin|Substitute|p2b: Palafin\n|-start|p2b: Palafin|Substitute\n|-damage|p2b: Palafin|55\/100 brn\n|move|p1a: Amoonguss|Pollen Puff|p1b: Chi-Yu\n|-heal|p1b: Chi-Yu|100\/100\n|\n|-damage|p2b: Palafin|49\/100 brn|[from] brn\n|upkeep\n|turn|9\n|\n|t:|1682613239\n|switch|p1b: Glimmora|Glimmora, L50, F|53\/100\n|move|p2b: Palafin|Wave Crash|p1b: Glimmora\n|-supereffective|p1b: Glimmora\n|-damage|p1b: Glimmora|0 fnt\n|-activate|p1b: Glimmora|ability: Toxic Debris\n|-sidestart|p2: Missed Ledgedash|move: Toxic Spikes\n|faint|p1b: Glimmora\n|-damage|p2b: Palafin|33\/100 brn|[from] Recoil\n|move|p2a: Iron Hands|Drain Punch|p1a: Amoonguss\n|-resisted|p1a: Amoonguss\n|-damage|p1a: Amoonguss|84\/100\n|-heal|p2a: Iron Hands|34\/100|[from] drain|[of] p1a: Amoonguss\n|move|p1a: Amoonguss|Pollen Puff|p1: Glimmora|[notarget]\n|-fail|p1a: Amoonguss\n|\n|-heal|p1a: Amoonguss|90\/100|[from] item: Leftovers\n|-damage|p2b: Palafin|27\/100 brn|[from] brn\n|upkeep\n|\n|t:|1682613257\n|switch|p1b: Chi-Yu|Chi-Yu, L50, tera:Grass|100\/100\n|-ability|p1b: Chi-Yu|Beads of Ruin\n|turn|10\n|\n|t:|1682613272\n|move|p1b: Chi-Yu|Protect|p1b: Chi-Yu\n|-singleturn|p1b: Chi-Yu|Protect\n|move|p2b: Palafin|Wave Crash|p1b: Chi-Yu\n|-activate|p1b: Chi-Yu|move: Protect\n|move|p2a: Iron Hands|Drain Punch|p1b: Chi-Yu\n|-activate|p1b: Chi-Yu|move: Protect\n|move|p1a: Amoonguss|Pollen Puff|p2b: Palafin\n|-end|p2b: Palafin|Substitute\n|\n|-heal|p1a: Amoonguss|96\/100|[from] item: Leftovers\n|-damage|p2b: Palafin|21\/100 brn|[from] brn\n|upkeep\n|turn|11\n|\n|t:|1682613288\n|move|p1a: Amoonguss|Rage Powder|p1a: Amoonguss\n|-singleturn|p1a: Amoonguss|move: Rage Powder\n|move|p1b: Chi-Yu|Dark Pulse|p2b: Palafin\n|-damage|p2b: Palafin|0 fnt\n|faint|p2b: Palafin\n|move|p2a: Iron Hands|Drain Punch|p1b: Chi-Yu\n|-damage|p1b: Chi-Yu|61\/100\n|-heal|p2a: Iron Hands|47\/100|[from] drain|[of] p1b: Chi-Yu\n|\n|-heal|p1a: Amoonguss|100\/100|[from] item: Leftovers\n|upkeep\n|\n|t:|1682613295\n|switch|p2b: Amoonguss|Amoonguss, L50, F|92\/100\n|-sideend|p2: Missed Ledgedash|move: Toxic Spikes|[of] p2b: Amoonguss\n|turn|12\n|\n|t:|1682613309\n|switch|p1b: Tauros|Tauros-Paldea-Aqua, L50, M|76\/100\n|-ability|p1b: Tauros|Intimidate|boost\n|-unboost|p2a: Iron Hands|atk|1\n|-unboost|p2b: Amoonguss|atk|1\n|move|p2a: Iron Hands|Drain Punch|p1b: Tauros\n|-damage|p1b: Tauros|54\/100\n|-heal|p2a: Iron Hands|55\/100|[from] drain|[of] p1b: Tauros\n|move|p2b: Amoonguss|Pollen Puff|p2a: Iron Hands\n|-heal|p2a: Iron Hands|100\/100\n|move|p1a: Amoonguss|Pollen Puff|p2b: Amoonguss\n|-crit|p2b: Amoonguss\n|-damage|p2b: Amoonguss|67\/100\n|\n|upkeep\n|turn|13\n|\n|t:|1682613331\n|move|p1b: Tauros|Protect|p1b: Tauros\n|-singleturn|p1b: Tauros|Protect\n|move|p2a: Iron Hands|Drain Punch|p1b: Tauros\n|-activate|p1b: Tauros|move: Protect\n|move|p2b: Amoonguss|Pollen Puff|p1b: Tauros\n|-activate|p1b: Tauros|move: Protect\n|move|p1a: Amoonguss|Pollen Puff|p2b: Amoonguss\n|-damage|p2b: Amoonguss|53\/100\n|\n|upkeep\n|turn|14\n|\n|t:|1682613346\n|move|p1b: Tauros|Wave Crash|p2b: Amoonguss\n|-resisted|p2b: Amoonguss\n|-damage|p2b: Amoonguss|32\/100\n|-damage|p1b: Tauros|46\/100|[from] Recoil\n|move|p2a: Iron Hands|Wild Charge|p1b: Tauros\n|-supereffective|p1b: Tauros\n|-damage|p1b: Tauros|0 fnt\n|faint|p1b: Tauros\n|-damage|p2a: Iron Hands|92\/100|[from] Recoil\n|move|p2b: Amoonguss|Pollen Puff|p1a: Amoonguss\n|-damage|p1a: Amoonguss|85\/100\n|move|p1a: Amoonguss|Pollen Puff|p2b: Amoonguss\n|-damage|p2b: Amoonguss|17\/100\n|\n|-heal|p1a: Amoonguss|91\/100|[from] item: Leftovers\n|upkeep\n|\n|t:|1682613362\n|switch|p1b: Chi-Yu|Chi-Yu, L50, tera:Grass|61\/100\n|-ability|p1b: Chi-Yu|Beads of Ruin\n|turn|15\n|\n|t:|1682613367\n|move|p1b: Chi-Yu|Protect|p1b: Chi-Yu\n|-singleturn|p1b: Chi-Yu|Protect\n|move|p2a: Iron Hands|Drain Punch|p1b: Chi-Yu\n|-activate|p1b: Chi-Yu|move: Protect\n|move|p2b: Amoonguss|Pollen Puff|p2a: Iron Hands\n|-heal|p2a: Iron Hands|100\/100\n|move|p1a: Amoonguss|Pollen Puff|p2b: Amoonguss\n|-damage|p2b: Amoonguss|0 fnt\n|faint|p2b: Amoonguss\n|\n|-heal|p1a: Amoonguss|97\/100|[from] item: Leftovers\n|upkeep\n|turn|16\n|\n|t:|1682613387\n|move|p1b: Chi-Yu|Will-O-Wisp|p2a: Iron Hands\n|-status|p2a: Iron Hands|brn\n|move|p2a: Iron Hands|Drain Punch|p1b: Chi-Yu\n|-damage|p1b: Chi-Yu|46\/100\n|move|p1a: Amoonguss|Pollen Puff|p2a: Iron Hands\n|-supereffective|p2a: Iron Hands\n|-damage|p2a: Iron Hands|76\/100 brn\n|\n|-heal|p1a: Amoonguss|100\/100|[from] item: Leftovers\n|-damage|p2a: Iron Hands|70\/100 brn|[from] brn\n|upkeep\n|turn|17\n|\n|t:|1682613404\n|move|p1b: Chi-Yu|Protect|p1b: Chi-Yu\n|-singleturn|p1b: Chi-Yu|Protect\n|move|p2a: Iron Hands|Drain Punch|p1b: Chi-Yu\n|-activate|p1b: Chi-Yu|move: Protect\n|move|p1a: Amoonguss|Pollen Puff|p2a: Iron Hands\n|-supereffective|p2a: Iron Hands\n|-damage|p2a: Iron Hands|46\/100 brn\n|\n|-damage|p2a: Iron Hands|40\/100 brn|[from] brn\n|upkeep\n|turn|18\n|\n|t:|1682613415\n|move|p1b: Chi-Yu|Overheat|p2a: Iron Hands\n|-supereffective|p2a: Iron Hands\n|-damage|p2a: Iron Hands|0 fnt\n|-unboost|p1b: Chi-Yu|spa|2\n|faint|p2a: Iron Hands\n|-end|p2a: Iron Hands|Quark Drive|[silent]\n|\n|win|Auraen\n|raw|Auraen's rating: 1274 → 1304<\/strong> (+30 for winning)\n|raw|Missed Ledgedash's rating: 1346 → 1322<\/strong> (-24 for losing)\n","uploadtime":1682613421,"views":10,"p1id":"auraen","p2id":"missedledgedash","formatid":"gen9vgc2023regulationc","rating":1304,"private":0,"password":""}