{"id":"gen9vgc2023regulationc-1850961618","p1":"tukeydukey","p2":"snowf4ll","format":"[Gen 9] VGC 2023 Regulation C","log":"|j|\u2606tukeydukey\n|j|\u2606snowf4ll\n|t:|1682387356\n|gametype|doubles\n|player|p1|tukeydukey|169|1134\n|player|p2|snowf4ll|acetrainerf-gen4dp|1178\n|teamsize|p1|6\n|teamsize|p2|6\n|gen|9\n|tier|[Gen 9] VGC 2023 Regulation C\n|rated|\n|rule|Species Clause: Limit one of each Pok\u00e9mon\n|rule|Item Clause: Limit one of each item\n|clearpoke\n|poke|p1|Iron Bundle, L50|\n|poke|p1|Talonflame, L50, F|\n|poke|p1|Garchomp, L50, M|\n|poke|p1|Gyarados, L50, F|\n|poke|p1|Amoonguss, L50, F|\n|poke|p1|Ting-Lu, L50|\n|poke|p2|Arcanine, L50, M|\n|poke|p2|Amoonguss, L50, M|\n|poke|p2|Dragalge, L50, M|\n|poke|p2|Annihilape, L50, F|\n|poke|p2|Iron Bundle, L50|\n|poke|p2|Maushold, L50|\n|teampreview|4\n|inactive|Battle timer is ON: inactive players will automatically lose when time's up. (requested by snowf4ll)\n|inactive|tukeydukey has 60 seconds left.\n|\n|t:|1682387392\n|start\n|switch|p1a: Talonflame|Talonflame, L50, F|100\/100\n|switch|p1b: Garchomp|Garchomp, L50, M|100\/100\n|switch|p2a: Iron Bundle|Iron Bundle, L50|100\/100\n|switch|p2b: Amoonguss|Amoonguss, L50, M|100\/100\n|-enditem|p2a: Iron Bundle|Booster Energy\n|-activate|p2a: Iron Bundle|ability: Quark Drive|[fromitem]\n|-start|p2a: Iron Bundle|quarkdrivespe\n|turn|1\n|\n|t:|1682387409\n|-terastallize|p2b: Amoonguss|Water\n|move|p2a: Iron Bundle|Protect|p2a: Iron Bundle\n|-singleturn|p2a: Iron Bundle|Protect\n|move|p1b: Garchomp|Protect|p1b: Garchomp\n|-singleturn|p1b: Garchomp|Protect\n|move|p1a: Talonflame|Tailwind|p1a: Talonflame\n|-sidestart|p1: tukeydukey|move: Tailwind\n|move|p2b: Amoonguss|Spore|p1b: Garchomp\n|-activate|p1b: Garchomp|move: Protect\n|\n|upkeep\n|turn|2\n|\n|t:|1682387434\n|switch|p1b: Gyarados|Gyarados, L50, F|100\/100\n|-ability|p1b: Gyarados|Intimidate|boost\n|-unboost|p2a: Iron Bundle|atk|1\n|-unboost|p2b: Amoonguss|atk|1\n|move|p2a: Iron Bundle|Protect||[still]\n|-fail|p2a: Iron Bundle\n|move|p1a: Talonflame|Brave Bird|p2b: Amoonguss\n|-damage|p2b: Amoonguss|69\/100\n|-damage|p1a: Talonflame|84\/100|[from] item: Rocky Helmet|[of] p2b: Amoonguss\n|-damage|p1a: Talonflame|72\/100|[from] Recoil\n|move|p2b: Amoonguss|Spore|p1a: Talonflame\n|-status|p1a: Talonflame|slp|[from] move: Spore\n|\n|upkeep\n|turn|3\n|inactive|tukeydukey has 30 seconds left.\n|inactive|tukeydukey has 20 seconds left.\n|\n|t:|1682387471\n|switch|p1a: Ting-Lu|Ting-Lu, L50|100\/100\n|-ability|p1a: Ting-Lu|Vessel of Ruin\n|move|p2b: Amoonguss|Rage Powder|p2b: Amoonguss\n|-singleturn|p2b: Amoonguss|move: Rage Powder\n|move|p2a: Iron Bundle|Freeze-Dry|p1b: Gyarados\n|-supereffective|p1b: Gyarados\n|-damage|p1b: Gyarados|31\/100\n|move|p1b: Gyarados|Taunt|p2b: Amoonguss\n|-start|p2b: Amoonguss|move: Taunt\n|\n|upkeep\n|turn|4\n|\n|t:|1682387484\n|switch|p1b: Talonflame|Talonflame, L50, F|72\/100 slp\n|switch|p2b: Arcanine|Arcanine, L50, M|100\/100\n|-ability|p2b: Arcanine|Intimidate|boost\n|-unboost|p1a: Ting-Lu|atk|1\n|-unboost|p1b: Talonflame|atk|1\n|move|p2a: Iron Bundle|Freeze-Dry|p1b: Talonflame\n|-damage|p1b: Talonflame|39\/100 slp\n|move|p1a: Ting-Lu|Earthquake|p2b: Arcanine|[spread] p2a,p2b\n|-immune|p1b: Talonflame\n|-supereffective|p2b: Arcanine\n|-damage|p2a: Iron Bundle|68\/100\n|-damage|p2b: Arcanine|30\/100\n|-enditem|p2b: Arcanine|Sitrus Berry|[eat]\n|-heal|p2b: Arcanine|55\/100|[from] item: Sitrus Berry\n|\n|-sideend|p1: tukeydukey|move: Tailwind\n|upkeep\n|turn|5\n|\n|t:|1682387504\n|move|p2b: Arcanine|Extreme Speed|p1b: Talonflame\n|-damage|p1b: Talonflame|7\/100 slp\n|move|p2a: Iron Bundle|Hydro Pump|p1a: Ting-Lu\n|-supereffective|p1a: Ting-Lu\n|-damage|p1a: Ting-Lu|62\/100\n|cant|p1b: Talonflame|slp\n|move|p1a: Ting-Lu|Earthquake|p2b: Arcanine|[spread] p2a,p2b\n|-immune|p1b: Talonflame\n|-supereffective|p2b: Arcanine\n|-damage|p2a: Iron Bundle|38\/100\n|-damage|p2b: Arcanine|0 fnt\n|faint|p2b: Arcanine\n|\n|upkeep\n|\n|t:|1682387522\n|switch|p2b: Amoonguss|Amoonguss, L50, M, tera:Water|100\/100\n|turn|6\n|\n|t:|1682387541\n|move|p2a: Iron Bundle|Freeze-Dry|p1b: Talonflame\n|-damage|p1b: Talonflame|0 fnt\n|faint|p1b: Talonflame\n|move|p1a: Ting-Lu|Earthquake|p2a: Iron Bundle|[spread] p2a,p2b\n|-damage|p2a: Iron Bundle|6\/100\n|-damage|p2b: Amoonguss|79\/100\n|move|p2b: Amoonguss|Spore|p1a: Ting-Lu\n|-status|p1a: Ting-Lu|slp|[from] move: Spore\n|\n|upkeep\n|\n|t:|1682387545\n|switch|p1b: Gyarados|Gyarados, L50, F|31\/100\n|-ability|p1b: Gyarados|Intimidate|boost\n|-unboost|p2a: Iron Bundle|atk|1\n|-unboost|p2b: Amoonguss|atk|1\n|turn|7\n|\n|t:|1682387552\n|move|p1b: Gyarados|Protect|p1b: Gyarados\n|-singleturn|p1b: Gyarados|Protect\n|move|p2b: Amoonguss|Rage Powder|p2b: Amoonguss\n|-singleturn|p2b: Amoonguss|move: Rage Powder\n|move|p2a: Iron Bundle|Freeze-Dry|p1b: Gyarados\n|-activate|p1b: Gyarados|move: Protect\n|cant|p1a: Ting-Lu|slp\n|\n|upkeep\n|turn|8\n|\n|t:|1682387570\n|move|p1b: Gyarados|Protect|p1b: Gyarados\n|-singleturn|p1b: Gyarados|Protect\n|move|p2a: Iron Bundle|Encore|p1b: Gyarados\n|-activate|p1b: Gyarados|move: Protect\n|cant|p1a: Ting-Lu|slp\n|move|p2b: Amoonguss|Pollen Puff|p2a: Iron Bundle\n|-heal|p2a: Iron Bundle|55\/100\n|\n|upkeep\n|turn|9\n|\n|t:|1682387582\n|move|p1b: Gyarados|Protect||[still]\n|-fail|p1b: Gyarados\n|move|p2a: Iron Bundle|Encore|p1b: Gyarados\n|-start|p1b: Gyarados|Encore\n|cant|p1a: Ting-Lu|slp\n|move|p2b: Amoonguss|Pollen Puff|p2a: Iron Bundle\n|-heal|p2a: Iron Bundle|100\/100\n|\n|upkeep\n|turn|10\n|\n|t:|1682387597\n|move|p1b: Gyarados|Protect|p1b: Gyarados\n|-singleturn|p1b: Gyarados|Protect\n|move|p2a: Iron Bundle|Hydro Pump|p1a: Ting-Lu\n|-supereffective|p1a: Ting-Lu\n|-damage|p1a: Ting-Lu|23\/100 slp\n|-curestatus|p1a: Ting-Lu|slp|[msg]\n|move|p1a: Ting-Lu|Earthquake|p2a: Iron Bundle|[spread] p2a,p2b\n|-activate|p1b: Gyarados|move: Protect\n|-damage|p2a: Iron Bundle|72\/100\n|-damage|p2b: Amoonguss|57\/100\n|move|p2b: Amoonguss|Pollen Puff|p1b: Gyarados\n|-activate|p1b: Gyarados|move: Protect\n|\n|upkeep\n|turn|11\n|\n|t:|1682387611\n|switch|p1b: Garchomp|Garchomp, L50, M|100\/100\n|move|p2a: Iron Bundle|Hydro Pump|p1a: Ting-Lu\n|-supereffective|p1a: Ting-Lu\n|-damage|p1a: Ting-Lu|0 fnt\n|faint|p1a: Ting-Lu\n|move|p2b: Amoonguss|Pollen Puff|p1b: Garchomp\n|-damage|p1b: Garchomp|79\/100\n|\n|upkeep\n|\n|t:|1682387613\n|switch|p1a: Gyarados|Gyarados, L50, F|31\/100\n|-ability|p1a: Gyarados|Intimidate|boost\n|-unboost|p2a: Iron Bundle|atk|1\n|-unboost|p2b: Amoonguss|atk|1\n|turn|12\n|\n|t:|1682387626\n|-terastallize|p1b: Garchomp|Fire\n|move|p2b: Amoonguss|Rage Powder|p2b: Amoonguss\n|-singleturn|p2b: Amoonguss|move: Rage Powder\n|move|p2a: Iron Bundle|Freeze-Dry|p1b: Garchomp\n|-resisted|p1b: Garchomp\n|-damage|p1b: Garchomp|59\/100\n|move|p1b: Garchomp|Rock Slide|p2b: Amoonguss|[spread] p2a,p2b\n|-supereffective|p2a: Iron Bundle\n|-damage|p2a: Iron Bundle|25\/100\n|-damage|p2b: Amoonguss|39\/100\n|move|p1a: Gyarados|Taunt|p2b: Amoonguss\n|-start|p2b: Amoonguss|move: Taunt\n|\n|upkeep\n|turn|13\n|\n|t:|1682387643\n|move|p1b: Garchomp|Protect|p1b: Garchomp\n|-singleturn|p1b: Garchomp|Protect\n|move|p2a: Iron Bundle|Hydro Pump|p1b: Garchomp\n|-activate|p1b: Garchomp|move: Protect\n|move|p1a: Gyarados|Thunder Wave|p2a: Iron Bundle\n|-status|p2a: Iron Bundle|par\n|move|p2b: Amoonguss|Pollen Puff|p2a: Iron Bundle\n|-heal|p2a: Iron Bundle|75\/100 par\n|\n|upkeep\n|turn|14\n|\n|t:|1682387656\n|switch|p2b: Dragalge|Dragalge, L50, M|100\/100\n|move|p1b: Garchomp|Rock Slide|p2a: Iron Bundle|[spread] p2a,p2b\n|-supereffective|p2a: Iron Bundle\n|-damage|p2a: Iron Bundle|27\/100 par\n|-damage|p2b: Dragalge|78\/100\n|cant|p2a: Iron Bundle|flinch\n|move|p1a: Gyarados|Waterfall|p2a: Iron Bundle\n|-resisted|p2a: Iron Bundle\n|-damage|p2a: Iron Bundle|5\/100 par\n|\n|upkeep\n|turn|15\n|\n|t:|1682387677\n|move|p2a: Iron Bundle|Protect|p2a: Iron Bundle\n|-singleturn|p2a: Iron Bundle|Protect\n|move|p1b: Garchomp|Earthquake|p2b: Dragalge|[spread] p2b\n|-activate|p2a: Iron Bundle|move: Protect\n|-immune|p1a: Gyarados\n|-supereffective|p2b: Dragalge\n|-damage|p2b: Dragalge|0 fnt\n|faint|p2b: Dragalge\n|move|p1a: Gyarados|Thunder Wave|p2a: Iron Bundle\n|-activate|p2a: Iron Bundle|move: Protect\n|\n|upkeep\n|\n|t:|1682387686\n|switch|p2b: Amoonguss|Amoonguss, L50, M, tera:Water|72\/100\n|turn|16\n|\n|t:|1682387696\n|move|p2b: Amoonguss|Rage Powder|p2b: Amoonguss\n|-singleturn|p2b: Amoonguss|move: Rage Powder\n|move|p1b: Garchomp|Earthquake|p2a: Iron Bundle|[spread] p2a,p2b\n|-immune|p1a: Gyarados\n|-damage|p2a: Iron Bundle|0 fnt\n|-damage|p2b: Amoonguss|38\/100\n|faint|p2a: Iron Bundle\n|-end|p2a: Iron Bundle|Quark Drive|[silent]\n|move|p1a: Gyarados|Taunt|p2b: Amoonguss\n|-start|p2b: Amoonguss|move: Taunt\n|\n|upkeep\n|turn|17\n|-message|snowf4ll forfeited.\n|\n|win|tukeydukey\n|raw|tukeydukey's rating: 1134 → 1162<\/strong> (+28 for winning)\n|raw|snowf4ll's rating: 1178 → 1150<\/strong> (-28 for losing)\n|l|\u2606snowf4ll\n","uploadtime":1682387706,"views":8,"p1id":"tukeydukey","p2id":"snowf4ll","formatid":"gen9vgc2023regulationc","rating":1150,"private":0,"password":""}