{"id":"gen9vgc2023regulationc-1860984932","p1":"h13579","p2":"D-scNSe","format":"[Gen 9] VGC 2023 Regulation C","log":"|j|\u2606h13579\n|j|\u2606D-scNSe\n|t:|1683708644\n|gametype|doubles\n|player|p1|h13579|266|1186\n|player|p2|D-scNSe|169|1296\n|teamsize|p1|6\n|teamsize|p2|6\n|gen|9\n|tier|[Gen 9] VGC 2023 Regulation C\n|rated|\n|rule|Species Clause: Limit one of each Pok\u00e9mon\n|rule|Item Clause: Limit one of each item\n|clearpoke\n|poke|p1|Tyranitar, L50, F|\n|poke|p1|Armarouge, L50, F|\n|poke|p1|Indeedee-F, L50, F|\n|poke|p1|Gastrodon, L50, M|\n|poke|p1|Oricorio-Pom-Pom, L50, M|\n|poke|p1|Volcarona, L50, M|\n|poke|p2|Flutter Mane, L50|\n|poke|p2|Ting-Lu, L50|\n|poke|p2|Maushold-Four, L50|\n|poke|p2|Annihilape, L50, F|\n|poke|p2|Iron Bundle, L50|\n|poke|p2|Arcanine, L50, F|\n|teampreview|4\n|\n|t:|1683708693\n|start\n|switch|p1a: Armarouge|Armarouge, L50, F|100\/100\n|switch|p1b: Indeedee|Indeedee-F, L50, F|100\/100\n|switch|p2a: Ting-Lu|Ting-Lu, L50|100\/100\n|switch|p2b: Arcanine|Arcanine, L50, F|100\/100\n|-ability|p2b: Arcanine|Intimidate|boost\n|-unboost|p1a: Armarouge|atk|1\n|-unboost|p1b: Indeedee|atk|1\n|-fieldstart|move: Psychic Terrain|[from] ability: Psychic Surge|[of] p1b: Indeedee\n|-enditem|p1b: Indeedee|Psychic Seed\n|-boost|p1b: Indeedee|spd|1|[from] item: Psychic Seed\n|-ability|p2a: Ting-Lu|Vessel of Ruin\n|turn|1\n|\n|t:|1683708727\n|-terastallize|p1a: Armarouge|Grass\n|move|p1b: Indeedee|Helping Hand|p1a: Armarouge\n|-singleturn|p1a: Armarouge|Helping Hand|[of] p1b: Indeedee\n|move|p1a: Armarouge|Energy Ball|p2a: Ting-Lu\n|-supereffective|p2a: Ting-Lu\n|-damage|p2a: Ting-Lu|36\/100\n|move|p2b: Arcanine|Snarl|p1a: Armarouge|[spread] p1a,p1b\n|-supereffective|p1b: Indeedee\n|-damage|p1a: Armarouge|91\/100\n|-damage|p1b: Indeedee|93\/100\n|-unboost|p1b: Indeedee|spa|1\n|move|p2a: Ting-Lu|Stone Edge|p1a: Armarouge\n|-damage|p1a: Armarouge|56\/100\n|\n|upkeep\n|turn|2\n|inactive|Battle timer is ON: inactive players will automatically lose when time's up. (requested by h13579)\n|\n|t:|1683708773\n|-terastallize|p2a: Ting-Lu|Poison\n|move|p1b: Indeedee|Helping Hand|p1a: Armarouge\n|-singleturn|p1a: Armarouge|Helping Hand|[of] p1b: Indeedee\n|move|p1a: Armarouge|Energy Ball|p2a: Ting-Lu\n|-resisted|p2a: Ting-Lu\n|-damage|p2a: Ting-Lu|22\/100\n|-unboost|p2a: Ting-Lu|spd|1\n|move|p2b: Arcanine|Snarl|p1a: Armarouge|[spread] p1a,p1b\n|-supereffective|p1b: Indeedee\n|-damage|p1a: Armarouge|48\/100\n|-damage|p1b: Indeedee|84\/100\n|-unboost|p1b: Indeedee|spa|1\n|move|p2a: Ting-Lu|Ruination|p1b: Indeedee|[miss]\n|-miss|p2a: Ting-Lu|p1b: Indeedee\n|\n|upkeep\n|turn|3\n|inactive|D-scNSe has 30 seconds left.\n|\n|t:|1683708808\n|switch|p2a: Iron Bundle|Iron Bundle, L50|100\/100\n|move|p1b: Indeedee|Helping Hand|p1a: Armarouge\n|-singleturn|p1a: Armarouge|Helping Hand|[of] p1b: Indeedee\n|move|p1a: Armarouge|Expanding Force|p2b: Arcanine|[spread] p2a,p2b\n|-enditem|p2a: Iron Bundle|Focus Sash\n|-damage|p2a: Iron Bundle|1\/100\n|-damage|p2b: Arcanine|14\/100\n|-enditem|p2b: Arcanine|Sitrus Berry|[eat]\n|-heal|p2b: Arcanine|39\/100|[from] item: Sitrus Berry\n|move|p2b: Arcanine|Flare Blitz|p1b: Indeedee\n|-damage|p1b: Indeedee|29\/100\n|-damage|p2b: Arcanine|22\/100|[from] Recoil\n|\n|upkeep\n|turn|4\n|inactive|D-scNSe has 30 seconds left.\n|\n|t:|1683708837\n|move|p1b: Indeedee|Follow Me|p1b: Indeedee\n|-singleturn|p1b: Indeedee|move: Follow Me\n|move|p2a: Iron Bundle|Freeze-Dry|p1b: Indeedee\n|-damage|p1b: Indeedee|5\/100\n|move|p1a: Armarouge|Expanding Force|p2b: Arcanine|[spread] p2a,p2b\n|-crit|p2a: Iron Bundle\n|-damage|p2a: Iron Bundle|0 fnt\n|-damage|p2b: Arcanine|0 fnt\n|faint|p2a: Iron Bundle\n|-end|p2a: Iron Bundle|Quark Drive|[silent]\n|faint|p2b: Arcanine\n|\n|upkeep\n|\n|t:|1683708847\n|switch|p2a: Ting-Lu|Ting-Lu, L50, tera:Poison|22\/100\n|switch|p2b: Annihilape|Annihilape, L50, F|100\/100\n|-ability|p2a: Ting-Lu|Vessel of Ruin\n|turn|5\n|\n|t:|1683708859\n|move|p1b: Indeedee|Follow Me|p1b: Indeedee\n|-singleturn|p1b: Indeedee|move: Follow Me\n|move|p1a: Armarouge|Expanding Force|p2b: Annihilape|[spread] p2a,p2b\n|-supereffective|p2a: Ting-Lu\n|-supereffective|p2b: Annihilape\n|-damage|p2a: Ting-Lu|0 fnt\n|-damage|p2b: Annihilape|19\/100\n|faint|p2a: Ting-Lu\n|move|p2b: Annihilape|Rage Fist|p1b: Indeedee\n|-immune|p1b: Indeedee\n|\n|-heal|p2b: Annihilape|25\/100|[from] item: Leftovers\n|-fieldend|move: Psychic Terrain\n|upkeep\n|turn|6\n|\n|t:|1683708873\n|move|p1b: Indeedee|Follow Me|p1b: Indeedee\n|-singleturn|p1b: Indeedee|move: Follow Me\n|move|p1a: Armarouge|Expanding Force|p2b: Annihilape\n|-supereffective|p2b: Annihilape\n|-damage|p2b: Annihilape|0 fnt\n|faint|p2b: Annihilape\n|\n|win|h13579\n|raw|h13579's rating: 1186 → 1219<\/strong> (+33 for winning)\n|raw|D-scNSe's rating: 1296 → 1263<\/strong> (-33 for losing)\n","uploadtime":1683708879,"views":17,"p1id":"h13579","p2id":"dscnse","formatid":"gen9vgc2023regulationc","rating":1219,"private":0,"password":""}