{"id":"gen9vgc2023regulationc-1848160608","p1":"HildaisViscous","p2":"pipotron","format":"[Gen 9] VGC 2023 Regulation C","log":"|j|\u203dHildaisViscous\n|j|\u2606pipotron\n|t:|1682036854\n|gametype|doubles\n|player|p1|HildaisViscous|hilda-wonderlauncher|1118\n|player|p2|pipotron|hilda|1137\n|teamsize|p1|6\n|teamsize|p2|6\n|gen|9\n|tier|[Gen 9] VGC 2023 Regulation C\n|rated|\n|rule|Species Clause: Limit one of each Pok\u00e9mon\n|rule|Item Clause: Limit one of each item\n|clearpoke\n|poke|p1|Garchomp, L50, M|\n|poke|p1|Salamence, L50, F|\n|poke|p1|Revavroom, L50, M|\n|poke|p1|Gyarados, L50, M|\n|poke|p1|Iron Valiant, L50|\n|poke|p1|Tinkaton, L50, F|\n|poke|p2|Ceruledge, L50, M|\n|poke|p2|Iron Valiant, L50|\n|poke|p2|Amoonguss, L50, M|\n|poke|p2|Iron Bundle, L50|\n|poke|p2|Iron Hands, L50|\n|poke|p2|Farigiraf, L50, M|\n|teampreview|4\n|inactive|Battle timer is ON: inactive players will automatically lose when time's up. (requested by pipotron)\n|\n|t:|1682036884\n|start\n|switch|p1a: Garchomp|Garchomp, L50, M|100\/100\n|switch|p1b: Gyarados|Gyarados, L50, M|100\/100\n|switch|p2a: Iron Hands|Iron Hands, L50|100\/100\n|switch|p2b: Farigiraf|Farigiraf, L50, M|100\/100\n|-ability|p1b: Gyarados|Intimidate|boost\n|-unboost|p2a: Iron Hands|atk|1\n|-unboost|p2b: Farigiraf|atk|1\n|turn|1\n|\n|t:|1682036898\n|move|p2a: Iron Hands|Fake Out|p1a: Garchomp\n|-damage|p1a: Garchomp|90\/100\n|-damage|p2a: Iron Hands|88\/100|[from] ability: Rough Skin|[of] p1a: Garchomp\n|cant|p1a: Garchomp|flinch\n|move|p1b: Gyarados|Taunt|p2b: Farigiraf\n|-start|p2b: Farigiraf|move: Taunt\n|cant|p2b: Farigiraf|move: Taunt|Trick Room\n|\n|upkeep\n|turn|2\n|\n|t:|1682036915\n|-terastallize|p2a: Iron Hands|Grass\n|move|p1a: Garchomp|Swords Dance|p1a: Garchomp\n|-boost|p1a: Garchomp|atk|2\n|move|p1b: Gyarados|Waterfall|p2b: Farigiraf\n|-damage|p2b: Farigiraf|68\/100\n|move|p2a: Iron Hands|Volt Switch|p1b: Gyarados\n|-supereffective|p1b: Gyarados\n|-damage|p1b: Gyarados|53\/100\n|\n|t:|1682036919\n|-end|p2a: Iron Hands|Quark Drive|[silent]\n|switch|p2a: Ceruledge|Ceruledge, L50, M|100\/100|[from] Volt Switch\n|move|p2b: Farigiraf|Dazzling Gleam|p1a: Garchomp|[spread] p1a,p1b\n|-supereffective|p1a: Garchomp\n|-damage|p1a: Garchomp|47\/100\n|-damage|p1b: Gyarados|36\/100\n|-enditem|p1b: Gyarados|Sitrus Berry|[eat]\n|-heal|p1b: Gyarados|60\/100|[from] item: Sitrus Berry\n|\n|upkeep\n|turn|3\n|inactive|pipotron has 30 seconds left.\n|inactive|pipotron has 20 seconds left.\n|\n|t:|1682036954\n|move|p1b: Gyarados|Helping Hand|p1a: Garchomp\n|-singleturn|p1a: Garchomp|Helping Hand|[of] p1b: Gyarados\n|move|p2a: Ceruledge|Shadow Sneak|p1b: Gyarados\n|-damage|p1b: Gyarados|38\/100\n|move|p1a: Garchomp|Earthquake|p2b: Farigiraf|[spread] p2a,p2b\n|-immune|p1b: Gyarados\n|-supereffective|p2a: Ceruledge\n|-damage|p2a: Ceruledge|0 fnt\n|-damage|p2b: Farigiraf|0 fnt\n|faint|p2a: Ceruledge\n|faint|p2b: Farigiraf\n|\n|upkeep\n|\n|t:|1682036957\n|switch|p2a: Amoonguss|Amoonguss, L50, M|100\/100\n|switch|p2b: Iron Hands|Iron Hands, L50, tera:Grass|88\/100\n|turn|4\n|\n|t:|1682036977\n|move|p2b: Iron Hands|Fake Out|p1a: Garchomp\n|-damage|p1a: Garchomp|31\/100\n|-damage|p2b: Iron Hands|76\/100|[from] ability: Rough Skin|[of] p1a: Garchomp\n|cant|p1a: Garchomp|flinch\n|move|p1b: Gyarados|Taunt|p2a: Amoonguss\n|-start|p2a: Amoonguss|move: Taunt\n|cant|p2a: Amoonguss|move: Taunt|Spore\n|\n|upkeep\n|turn|5\n|\n|t:|1682036992\n|move|p1a: Garchomp|Rock Slide|p2a: Amoonguss|[spread] p2a,p2b\n|-crit|p2b: Iron Hands\n|-damage|p2a: Amoonguss|71\/100\n|-damage|p2b: Iron Hands|31\/100\n|move|p1b: Gyarados|Waterfall|p2b: Iron Hands\n|-resisted|p2b: Iron Hands\n|-damage|p2b: Iron Hands|18\/100\n|move|p2b: Iron Hands|Close Combat|p1a: Garchomp\n|-damage|p1a: Garchomp|0 fnt\n|-unboost|p2b: Iron Hands|def|1\n|-unboost|p2b: Iron Hands|spd|1\n|-damage|p2b: Iron Hands|6\/100|[from] ability: Rough Skin|[of] p1a: Garchomp\n|faint|p1a: Garchomp\n|move|p2a: Amoonguss|Pollen Puff|p2b: Iron Hands\n|-heal|p2b: Iron Hands|56\/100\n|\n|upkeep\n|\n|t:|1682037007\n|switch|p1a: Iron Valiant|Iron Valiant, L50|100\/100\n|-enditem|p1a: Iron Valiant|Booster Energy\n|-activate|p1a: Iron Valiant|ability: Quark Drive|[fromitem]\n|-start|p1a: Iron Valiant|quarkdrivespe\n|turn|6\n|\n|t:|1682037013\n|-terastallize|p1a: Iron Valiant|Fire\n|move|p1b: Gyarados|Helping Hand|p1a: Iron Valiant\n|-singleturn|p1a: Iron Valiant|Helping Hand|[of] p1b: Gyarados\n|move|p1a: Iron Valiant|Tera Blast|p2b: Iron Hands\n|-supereffective|p2b: Iron Hands\n|-damage|p2b: Iron Hands|0 fnt\n|faint|p2b: Iron Hands\n|-end|p2b: Iron Hands|Quark Drive|[silent]\n|move|p2a: Amoonguss|Pollen Puff|p2: Iron Hands|[notarget]\n|-fail|p2a: Amoonguss\n|\n|-end|p2a: Amoonguss|move: Taunt\n|upkeep\n|turn|7\n|-message|pipotron forfeited.\n|\n|win|HildaisViscous\n|raw|HildaisViscous's rating: 1118 → 1144<\/strong> (+26 for winning)\n|raw|pipotron's rating: 1137 → 1111<\/strong> (-26 for losing)\n|l|\u2606pipotron\n","uploadtime":1682037021,"views":3,"p1id":"hildaisviscous","p2id":"pipotron","formatid":"gen9vgc2023regulationc","rating":1111,"private":0,"password":""}