{"id":"gen9vgc2023regulationc-1863358515","p1":"Bout It 27","p2":"magician42","format":"[Gen 9] VGC 2023 Regulation C","log":"|j|\u2606Bout It 27\n|j|\u2606magician42\n|t:|1684006841\n|gametype|doubles\n|player|p1|Bout It 27|101|1392\n|player|p2|magician42|265|1369\n|teamsize|p1|6\n|teamsize|p2|6\n|gen|9\n|tier|[Gen 9] VGC 2023 Regulation C\n|rated|\n|rule|Species Clause: Limit one of each Pok\u00e9mon\n|rule|Item Clause: Limit one of each item\n|clearpoke\n|poke|p1|Murkrow, L50, M|\n|poke|p1|Amoonguss, L50, M|\n|poke|p1|Garganacl, L50, F|\n|poke|p1|Chien-Pao, L50|\n|poke|p1|Glimmora, L50, F|\n|poke|p1|Chi-Yu, L50|\n|poke|p2|Grimmsnarl, L50, M|\n|poke|p2|Ting-Lu, L50|\n|poke|p2|Wo-Chien, L50|\n|poke|p2|Volcarona, L50, M|\n|poke|p2|Farigiraf, L50, M|\n|poke|p2|Kingambit, L50, M|\n|teampreview|4\n|\n|t:|1684006866\n|start\n|switch|p1a: Chi-Yu|Chi-Yu, L50|100\/100\n|switch|p1b: Garganacl|Garganacl, L50, F|100\/100\n|switch|p2a: Grimmsnarl|Grimmsnarl, L50, M|100\/100\n|switch|p2b: Farigiraf|Farigiraf, L50, M|100\/100\n|-ability|p1a: Chi-Yu|Beads of Ruin\n|turn|1\n|\n|t:|1684006883\n|move|p2a: Grimmsnarl|Light Screen|p2a: Grimmsnarl\n|-sidestart|p2: magician42|move: Light Screen\n|move|p1a: Chi-Yu|Heat Wave|p2a: Grimmsnarl|[spread] p2a,p2b\n|-damage|p2a: Grimmsnarl|55\/100\n|-damage|p2b: Farigiraf|43\/100\n|move|p1b: Garganacl|Salt Cure|p2b: Farigiraf\n|-damage|p2b: Farigiraf|23\/100\n|-start|p2b: Farigiraf|Salt Cure\n|move|p2b: Farigiraf|Trick Room|p2b: Farigiraf\n|-fieldstart|move: Trick Room|[of] p2b: Farigiraf\n|\n|-damage|p2b: Farigiraf|11\/100|[from] Salt Cure\n|upkeep\n|turn|2\n|\n|t:|1684006899\n|switch|p1a: Amoonguss|Amoonguss, L50, M, shiny|100\/100\n|move|p1b: Garganacl|Salt Cure|p2a: Grimmsnarl\n|-damage|p2a: Grimmsnarl|38\/100\n|-start|p2a: Grimmsnarl|Salt Cure\n|move|p2b: Farigiraf|Hyper Voice|p1a: Amoonguss|[spread] p1a,p1b\n|-crit|p1a: Amoonguss\n|-resisted|p1b: Garganacl\n|-damage|p1a: Amoonguss|58\/100\n|-damage|p1b: Garganacl|86\/100\n|-enditem|p2b: Farigiraf|Throat Spray\n|-boost|p2b: Farigiraf|spa|1|[from] item: Throat Spray\n|move|p2a: Grimmsnarl|Spirit Break|p1a: Amoonguss\n|-resisted|p1a: Amoonguss\n|-damage|p1a: Amoonguss|43\/100\n|-unboost|p1a: Amoonguss|spa|1\n|-enditem|p1a: Amoonguss|Sitrus Berry|[eat]\n|-heal|p1a: Amoonguss|68\/100|[from] item: Sitrus Berry\n|\n|-damage|p2b: Farigiraf|0 fnt|[from] Salt Cure\n|faint|p2b: Farigiraf\n|-damage|p2a: Grimmsnarl|25\/100|[from] Salt Cure\n|upkeep\n|\n|t:|1684006909\n|switch|p2b: Kingambit|Kingambit, L50, M|100\/100\n|turn|3\n|\n|t:|1684006931\n|-terastallize|p2b: Kingambit|Dark\n|move|p2a: Grimmsnarl|Taunt|p1a: Amoonguss\n|-start|p1a: Amoonguss|move: Taunt\n|move|p2b: Kingambit|Iron Head|p1b: Garganacl\n|-supereffective|p1b: Garganacl\n|-damage|p1b: Garganacl|14\/100\n|-enditem|p1b: Garganacl|Figy Berry|[eat]\n|-heal|p1b: Garganacl|47\/100|[from] item: Figy Berry\n|cant|p1a: Amoonguss|move: Taunt|Spore\n|cant|p1b: Garganacl|flinch\n|\n|-damage|p2a: Grimmsnarl|13\/100|[from] Salt Cure\n|upkeep\n|turn|4\n|\n|t:|1684006955\n|switch|p1a: Glimmora|Glimmora, L50, F|100\/100\n|move|p2a: Grimmsnarl|Reflect|p2a: Grimmsnarl\n|-sidestart|p2: magician42|Reflect\n|move|p2b: Kingambit|Iron Head|p1b: Garganacl\n|-supereffective|p1b: Garganacl\n|-damage|p1b: Garganacl|0 fnt\n|faint|p1b: Garganacl\n|\n|-damage|p2a: Grimmsnarl|0 fnt|[from] Salt Cure\n|faint|p2a: Grimmsnarl\n|upkeep\n|\n|t:|1684006967\n|switch|p1b: Amoonguss|Amoonguss, L50, M, shiny|100\/100\n|switch|p2a: Wo-Chien|Wo-Chien, L50|100\/100\n|-ability|p2a: Wo-Chien|Tablets of Ruin\n|turn|5\n|\n|t:|1684006985\n|move|p1a: Glimmora|Spiky Shield|p1a: Glimmora\n|-singleturn|p1a: Glimmora|move: Protect\n|move|p2b: Kingambit|Kowtow Cleave|p1b: Amoonguss\n|-damage|p1b: Amoonguss|53\/100\n|move|p1b: Amoonguss|Spore|p1a: Glimmora\n|-activate|p1a: Glimmora|move: Protect\n|move|p2a: Wo-Chien|Leech Seed|p1a: Glimmora\n|-activate|p1a: Glimmora|move: Protect\n|\n|-fieldend|move: Trick Room\n|upkeep\n|turn|6\n|\n|t:|1684007013\n|move|p1b: Amoonguss|Rage Powder|p1b: Amoonguss\n|-singleturn|p1b: Amoonguss|move: Rage Powder\n|move|p1a: Glimmora|Power Gem|p2b: Kingambit\n|-damage|p2b: Kingambit|81\/100\n|move|p2a: Wo-Chien|Ruination|p1a: Glimmora\n|-damage|p1a: Glimmora|51\/100\n|move|p2b: Kingambit|Iron Head|p1b: Amoonguss\n|-damage|p1b: Amoonguss|20\/100\n|\n|upkeep\n|turn|7\n|\n|t:|1684007034\n|switch|p1b: Chi-Yu|Chi-Yu, L50|100\/100\n|-ability|p1b: Chi-Yu|Beads of Ruin\n|move|p1a: Glimmora|Mortal Spin|p2a: Wo-Chien|[spread] p2a,p2b\n|-supereffective|p2a: Wo-Chien\n|-damage|p2a: Wo-Chien|98\/100\n|-damage|p2b: Kingambit|80\/100\n|-status|p2a: Wo-Chien|psn\n|-status|p2b: Kingambit|psn\n|move|p2a: Wo-Chien|Leech Seed|p1a: Glimmora|[miss]\n|-miss|p2a: Wo-Chien|p1a: Glimmora\n|move|p2b: Kingambit|Kowtow Cleave|p1b: Chi-Yu\n|-resisted|p1b: Chi-Yu\n|-damage|p1b: Chi-Yu|56\/100\n|\n|-heal|p2a: Wo-Chien|100\/100 psn|[from] item: Leftovers\n|-damage|p2a: Wo-Chien|88\/100 psn|[from] psn\n|-damage|p2b: Kingambit|68\/100 psn|[from] psn\n|upkeep\n|turn|8\n|\n|t:|1684007058\n|move|p2b: Kingambit|Sucker Punch|p1a: Glimmora\n|-damage|p1a: Glimmora|0 fnt\n|-damage|p2b: Kingambit|51\/100 psn|[from] item: Rocky Helmet|[of] p1a: Glimmora\n|-activate|p1a: Glimmora|ability: Toxic Debris\n|-sidestart|p2: magician42|move: Toxic Spikes\n|faint|p1a: Glimmora\n|move|p1b: Chi-Yu|Heat Wave|p2b: Kingambit|[spread] p2a,p2b\n|-supereffective|p2a: Wo-Chien\n|-damage|p2a: Wo-Chien|25\/100 psn\n|-damage|p2b: Kingambit|17\/100 psn\n|move|p2a: Wo-Chien|Leech Seed|p1b: Chi-Yu\n|-start|p1b: Chi-Yu|move: Leech Seed\n|\n|-heal|p2a: Wo-Chien|32\/100 psn|[from] item: Leftovers\n|-damage|p1b: Chi-Yu|44\/100|[from] Leech Seed|[of] p2a: Wo-Chien\n|-heal|p2a: Wo-Chien|40\/100 psn|[silent]\n|-damage|p2a: Wo-Chien|28\/100 psn|[from] psn\n|-damage|p2b: Kingambit|5\/100 psn|[from] psn\n|-sideend|p2: magician42|move: Light Screen\n|upkeep\n|\n|t:|1684007075\n|switch|p1a: Amoonguss|Amoonguss, L50, M, shiny|53\/100\n|turn|9\n|\n|t:|1684007090\n|move|p1a: Amoonguss|Rage Powder|p1a: Amoonguss\n|-singleturn|p1a: Amoonguss|move: Rage Powder\n|move|p2b: Kingambit|Sucker Punch||[still]\n|-fail|p2b: Kingambit\n|move|p1b: Chi-Yu|Heat Wave|p2a: Wo-Chien|[spread] p2a,p2b\n|-supereffective|p2a: Wo-Chien\n|-damage|p2a: Wo-Chien|0 fnt\n|-damage|p2b: Kingambit|0 fnt\n|faint|p2a: Wo-Chien\n|faint|p2b: Kingambit\n|\n|win|Bout It 27\n|raw|Bout It 27's rating: 1392 → 1411<\/strong> (+19 for winning)\n|raw|magician42's rating: 1369 → 1350<\/strong> (-19 for losing)\n|l|\u2606magician42\n","uploadtime":1684007111,"views":11,"p1id":"boutit27","p2id":"magician42","formatid":"gen9vgc2023regulationc","rating":1350,"private":0,"password":""}