{"id":"gen9vgc2023regulationc-1850078430","p1":"Echo Miss Vix","p2":"Clas","format":"[Gen 9] VGC 2023 Regulation C","log":"|j|\u2606Echo Miss Vix\n|j|\u2606Clas\n|t:|1682284803\n|gametype|doubles\n|player|p1|Echo Miss Vix|kimonogirl|\n|player|p2|Clas|n-masters|\n|teamsize|p1|6\n|teamsize|p2|6\n|gen|9\n|tier|[Gen 9] VGC 2023 Regulation C\n|rated|Tournament battle\n|rule|Species Clause: Limit one of each Pok\u00e9mon\n|rule|Item Clause: Limit one of each item\n|clearpoke\n|poke|p1|Iron Hands, L50|\n|poke|p1|Tatsugiri, L50, F|\n|poke|p1|Chi-Yu, L50|\n|poke|p1|Flutter Mane, L50|\n|poke|p1|Corviknight, L50, F|\n|poke|p1|Amoonguss, L50, F|\n|poke|p2|Roaring Moon, L50|\n|poke|p2|Flutter Mane, L50|\n|poke|p2|Ting-Lu, L50|\n|poke|p2|Arcanine, L50, F|\n|poke|p2|Amoonguss, L50, M|\n|poke|p2|Palafin, L50, M|\n|teampreview|4\n|raw| Open Team Sheet for Echo Miss Vix<\/summary>Emplastro (Iron Hands) @ Assault Vest Ability: Quark Drive Level: 50 Shiny: Yes Tera Type: Fire - Drain Punch - Thunder Punch - Heavy Slam - Fake Out Bacalau (Tatsugiri) (F) @ Choice Scarf Ability: Storm Drain Level: 50 Shiny: Yes Tera Type: Water - Muddy Water - Draco Meteor - Icy Wind - Dragon Pulse Estrugido (Chi-Yu) @ Safety Goggles Ability: Beads of Ruin Level: 50 Tera Type: Grass - Heat Wave - Dark Pulse - Tera Blast - Protect AndorBioleta (Flutter Mane) @ Booster Energy Ability: Protosynthesis Level: 50 Shiny: Yes Tera Type: Grass - Dazzling Gleam - Shadow Ball - Energy Ball - Protect Uvar (Corviknight) @ Leftovers Ability: Mirror Armor Level: 50 Tera Type: Flying - Tailwind - Bulk Up - Brave Bird - Roost Eva (Amoonguss) (F) @ Sitrus Berry Ability: Regenerator Level: 50 Tera Type: Water - Clear Smog - Pollen Puff - Spore - Rage Powder <\/details><\/div> Open Team Sheet for Clas<\/summary>Roaring Moon @ Booster Energy Ability: Protosynthesis Level: 50 Tera Type: Flying - Throat Chop - Acrobatics - Protect - Dragon Dance Flutter Mane @ Choice Specs Ability: Protosynthesis Level: 50 Tera Type: Fairy - Dazzling Gleam - Shadow Ball - Moonblast - Thunderbolt Ting-Lu @ Assault Vest Ability: Vessel of Ruin Level: 50 Tera Type: Poison - Stomping Tantrum - Fissure - Ruination - Heavy Slam Arcanine @ Safety Goggles Ability: Intimidate Level: 50 Tera Type: Grass - Flare Blitz - Extreme Speed - Will-O-Wisp - Protect Amoonguss @ Sitrus Berry Ability: Regenerator Level: 50 Tera Type: Water - Pollen Puff - Spore - Rage Powder - Protect Palafin @ Mystic Water Ability: Zero to Hero Level: 50 Tera Type: Water - Jet Punch - Wave Crash - Protect - Haze <\/details><\/div>\n|inactive|Battle timer is ON: inactive players will automatically lose when time's up. (requested by Echo Miss Vix)\n|c|\u2606Clas|glhf\n|inactive|Echo Miss Vix has 60 seconds left.\n|inactive|Clas has 60 seconds left.\n|inactive|Clas has 30 seconds left.\n|inactive|Clas has 20 seconds left.\n|\n|t:|1682284874\n|start\n|switch|p1a: Uvar|Corviknight, L50, F|100\/100\n|switch|p1b: Estrugido|Chi-Yu, L50|100\/100\n|switch|p2a: Ting-Lu|Ting-Lu, L50|100\/100\n|switch|p2b: Palafin|Palafin, L50, M|100\/100\n|-ability|p1b: Estrugido|Beads of Ruin\n|-ability|p2a: Ting-Lu|Vessel of Ruin\n|turn|1\n|\n|t:|1682284893\n|detailschange|p2b: Palafin|Palafin-Hero, L50, M\n|switch|p2b: Arcanine|Arcanine, L50, F|100\/100\n|-ability|p2b: Arcanine|Intimidate|boost\n|-ability|p1a: Uvar|Mirror Armor\n|-unboost|p2b: Arcanine|atk|1\n|-unboost|p1b: Estrugido|atk|1\n|move|p1b: Estrugido|Protect|p1b: Estrugido\n|-singleturn|p1b: Estrugido|Protect\n|move|p1a: Uvar|Tailwind|p1a: Uvar\n|-sidestart|p1: Echo Miss Vix|move: Tailwind\n|move|p2a: Ting-Lu|Ruination|p1b: Estrugido\n|-activate|p1b: Estrugido|move: Protect\n|\n|upkeep\n|turn|2\n|\n|t:|1682284913\n|-terastallize|p2a: Ting-Lu|Poison\n|move|p1b: Estrugido|Heat Wave|p2a: Ting-Lu|[spread] p2a,p2b\n|-crit|p2a: Ting-Lu\n|-resisted|p2b: Arcanine\n|-damage|p2a: Ting-Lu|73\/100\n|-damage|p2b: Arcanine|82\/100\n|move|p1a: Uvar|Bulk Up|p1a: Uvar\n|-boost|p1a: Uvar|atk|1\n|-boost|p1a: Uvar|def|1\n|move|p2b: Arcanine|Will-O-Wisp|p1a: Uvar\n|-status|p1a: Uvar|brn\n|move|p2a: Ting-Lu|Ruination|p1b: Estrugido\n|-damage|p1b: Estrugido|50\/100\n|\n|-damage|p1a: Uvar|95\/100 brn|[from] brn\n|upkeep\n|turn|3\n|inactive|Echo Miss Vix has 30 seconds left.\n|inactive|Clas has 30 seconds left.\n|inactive|Clas has 20 seconds left.\n|inactive|Clas has 15 seconds left.\n|inactive|Clas has 10 seconds left.\n|inactive|Clas has 5 seconds left.\n|\n|t:|1682284965\n|move|p1b: Estrugido|Dark Pulse|p2a: Ting-Lu\n|-damage|p2a: Ting-Lu|55\/100\n|move|p1a: Uvar|Brave Bird|p2a: Ting-Lu\n|-damage|p2a: Ting-Lu|40\/100\n|-damage|p1a: Uvar|88\/100 brn|[from] Recoil\n|move|p2b: Arcanine|Flare Blitz|p1b: Estrugido\n|-resisted|p1b: Estrugido\n|-damage|p1b: Estrugido|20\/100\n|-damage|p2b: Arcanine|75\/100|[from] Recoil\n|move|p2a: Ting-Lu|Ruination|p1a: Uvar\n|-damage|p1a: Uvar|44\/100 brn\n|\n|-heal|p1a: Uvar|50\/100 brn|[from] item: Leftovers\n|-damage|p1a: Uvar|44\/100 brn|[from] brn\n|upkeep\n|turn|4\n|inactive|Echo Miss Vix has 30 seconds left.\n|\n|t:|1682284991\n|switch|p2a: Flutter Mane|Flutter Mane, L50|100\/100\n|move|p1b: Estrugido|Protect|p1b: Estrugido\n|-singleturn|p1b: Estrugido|Protect\n|move|p2b: Arcanine|Extreme Speed|p1b: Estrugido\n|-activate|p1b: Estrugido|move: Protect\n|move|p1a: Uvar|Roost|p1a: Uvar\n|-heal|p1a: Uvar|95\/100 brn\n|-singleturn|p1a: Uvar|move: Roost\n|\n|-heal|p1a: Uvar|100\/100 brn|[from] item: Leftovers\n|-damage|p1a: Uvar|95\/100 brn|[from] brn\n|-sideend|p1: Echo Miss Vix|move: Tailwind\n|upkeep\n|turn|5\n|\n|t:|1682285014\n|move|p2b: Arcanine|Extreme Speed|p1b: Estrugido\n|-damage|p1b: Estrugido|0 fnt\n|faint|p1b: Estrugido\n|move|p2a: Flutter Mane|Thunderbolt|p1a: Uvar\n|-supereffective|p1a: Uvar\n|-damage|p1a: Uvar|29\/100 brn\n|move|p1a: Uvar|Brave Bird|p2a: Flutter Mane\n|-damage|p2a: Flutter Mane|61\/100\n|-damage|p1a: Uvar|20\/100 brn|[from] Recoil\n|\n|-heal|p1a: Uvar|26\/100 brn|[from] item: Leftovers\n|-damage|p1a: Uvar|20\/100 brn|[from] brn\n|upkeep\n|inactive|Echo Miss Vix has 30 seconds left.\n|\n|t:|1682285044\n|switch|p1b: Bacalau|Tatsugiri, L50, F, shiny|100\/100\n|turn|6\n|\n|t:|1682285060\n|switch|p2b: Palafin|Palafin-Hero, L50, M|100\/100\n|-activate|p2b: Palafin|ability: Zero to Hero\n|-terastallize|p1b: Bacalau|Water\n|move|p1b: Bacalau|Muddy Water|p2a: Flutter Mane|[spread] p2a,p2b\n|-resisted|p2b: Palafin\n|-damage|p2a: Flutter Mane|13\/100\n|-damage|p2b: Palafin|80\/100\n|-unboost|p2a: Flutter Mane|accuracy|1\n|move|p2a: Flutter Mane|Thunderbolt|p1a: Uvar\n|-supereffective|p1a: Uvar\n|-damage|p1a: Uvar|0 fnt\n|faint|p1a: Uvar\n|\n|upkeep\n|\n|t:|1682285073\n|switch|p1a: AndorBioleta|Flutter Mane, L50, shiny|100\/100\n|-enditem|p1a: AndorBioleta|Booster Energy\n|-activate|p1a: AndorBioleta|ability: Protosynthesis|[fromitem]\n|-start|p1a: AndorBioleta|protosynthesisspe\n|turn|7\n|inactive|Clas has 30 seconds left.\n|inactive|Clas has 20 seconds left.\n|inactive|Clas has 15 seconds left.\n|\n|t:|1682285116\n|-end|p2a: Flutter Mane|Protosynthesis|[silent]\n|switch|p2a: Ting-Lu|Ting-Lu, L50, tera:Poison|40\/100\n|-ability|p2a: Ting-Lu|Vessel of Ruin\n|move|p1a: AndorBioleta|Dazzling Gleam|p2a: Ting-Lu|[spread] p2a,p2b\n|-resisted|p2a: Ting-Lu\n|-damage|p2a: Ting-Lu|35\/100\n|-damage|p2b: Palafin|58\/100\n|move|p1b: Bacalau|Muddy Water|p2b: Palafin|[spread] p2a,p2b\n|-resisted|p2b: Palafin\n|-damage|p2a: Ting-Lu|21\/100\n|-damage|p2b: Palafin|41\/100\n|-unboost|p2a: Ting-Lu|accuracy|1\n|-unboost|p2b: Palafin|accuracy|1\n|move|p2b: Palafin|Wave Crash|p1b: Bacalau\n|-activate|p1b: Bacalau|ability: Storm Drain\n|-ability|p1b: Bacalau|Storm Drain|boost\n|-boost|p1b: Bacalau|spa|1\n|\n|upkeep\n|turn|8\n|inactive|Echo Miss Vix has 30 seconds left.\n|inactive|Clas has 30 seconds left.\n|-message|Clas forfeited.\n|\n|win|Echo Miss Vix\n|n|\u2606Echo Miss Vix|echomissvix\n|n|\u2606Clas|clas\n|l|\u2606Clas\n","uploadtime":1682285857,"views":10,"p1id":"echomissvix","p2id":"clas","formatid":"gen9vgc2023regulationc","rating":0,"private":0,"password":""}