{"id":"gen9vgc2023regulationc-1852055126","p1":"catsue","p2":"bambambi","format":"[Gen 9] VGC 2023 Regulation C","log":"|j|\u2606catsue\n|j|\u2606bambambi\n|t:|1682520398\n|gametype|doubles\n|player|p1|catsue|dahlia|1121\n|player|p2|bambambi|wallace-gen6|1180\n|teamsize|p1|6\n|teamsize|p2|6\n|gen|9\n|tier|[Gen 9] VGC 2023 Regulation C\n|rated|\n|rule|Species Clause: Limit one of each Pok\u00e9mon\n|rule|Item Clause: Limit one of each item\n|clearpoke\n|poke|p1|Grimmsnarl, L50, M|\n|poke|p1|Clawitzer, L50, F|\n|poke|p1|Wo-Chien, L50|\n|poke|p1|Iron Jugulis, L50|\n|poke|p1|Arcanine, L50, M|\n|poke|p1|Corviknight, L50, M|\n|poke|p2|Flutter Mane, L50|\n|poke|p2|Gothitelle, L50, F|\n|poke|p2|Scream Tail, L50|\n|poke|p2|Chi-Yu, L50|\n|poke|p2|Amoonguss, L50, F|\n|poke|p2|Palafin, L50, M|\n|teampreview|4\nbambambi has agreed to open team sheets.\n|\n|t:|1682520419\n|start\n|switch|p1a: Grimmsnarl|Grimmsnarl, L50, M|100\/100\n|switch|p1b: Arcanine|Arcanine, L50, M|100\/100\n|switch|p2a: Pearls|Flutter Mane, L50|100\/100\n|switch|p2b: ALLMIGHTU|Palafin, L50, M, shiny|100\/100\n|-ability|p1b: Arcanine|Intimidate|boost\n|-unboost|p2a: Pearls|atk|1\n|-unboost|p2b: ALLMIGHTU|atk|1\n|turn|1\n|c|\u2606bambambi|pokesports?\n|\n|t:|1682520444\n|detailschange|p2b: ALLMIGHTU|Palafin-Hero, L50, M, shiny\n|switch|p2b: Ironmouse|Gothitelle, L50, F, shiny|100\/100\n|move|p1a: Grimmsnarl|Light Screen|p1a: Grimmsnarl\n|-sidestart|p1: catsue|move: Light Screen\n|move|p2a: Pearls|Perish Song|p2a: Pearls\n|-start|p1a: Grimmsnarl|perish3|[silent]\n|-start|p1b: Arcanine|perish3|[silent]\n|-start|p2a: Pearls|perish3|[silent]\n|-start|p2b: Ironmouse|perish3|[silent]\n|-fieldactivate|move: Perish Song\n|move|p1b: Arcanine|Will-O-Wisp|p2b: Ironmouse|[miss]\n|-miss|p1b: Arcanine|p2b: Ironmouse\n|\n|-start|p2a: Pearls|perish3\n|-start|p1b: Arcanine|perish3\n|-start|p2b: Ironmouse|perish3\n|-start|p1a: Grimmsnarl|perish3\n|upkeep\n|turn|2\n|\n|t:|1682520460\n|move|p2a: Pearls|Protect|p2a: Pearls\n|-singleturn|p2a: Pearls|Protect\n|move|p2b: Ironmouse|Fake Out|p1b: Arcanine\n|-damage|p1b: Arcanine|95\/100\n|move|p1a: Grimmsnarl|Parting Shot|p2a: Pearls\n|-activate|p2a: Pearls|move: Protect\n|cant|p1b: Arcanine|flinch\n|\n|-start|p2a: Pearls|perish2\n|-start|p1b: Arcanine|perish2\n|-start|p2b: Ironmouse|perish2\n|-start|p1a: Grimmsnarl|perish2\n|upkeep\n|turn|3\n|\n|t:|1682520474\n|-end|p2a: Pearls|Protosynthesis|[silent]\n|switch|p2a: Chi-Chi|Chi-Yu, L50|100\/100\n|-ability|p2a: Chi-Chi|Beads of Ruin\n|move|p2b: Ironmouse|Protect|p2b: Ironmouse\n|-singleturn|p2b: Ironmouse|Protect\n|move|p1a: Grimmsnarl|Parting Shot|p2a: Chi-Chi\n|-hint|Since gen 7, Dark is immune to Prankster moves.\n|-immune|p2a: Chi-Chi\n|move|p1b: Arcanine|Overheat|p2a: Chi-Chi\n|-resisted|p2a: Chi-Chi\n|-damage|p2a: Chi-Chi|78\/100\n|-unboost|p1b: Arcanine|spa|2\n|-enditem|p1b: Arcanine|Eject Pack\n|\n|t:|1682520480\n|switch|p1b: Clawitzer|Clawitzer, L50, F|100\/100\n|\n|-start|p2b: Ironmouse|perish1\n|-start|p1a: Grimmsnarl|perish1\n|upkeep\n|turn|4\n|\n|t:|1682520515\n|switch|p2b: Pearls|Flutter Mane, L50|100\/100\n|-terastallize|p2a: Chi-Chi|Water\n|-terastallize|p1b: Clawitzer|Water\n|move|p1a: Grimmsnarl|Parting Shot|p2b: Pearls\n|-unboost|p2b: Pearls|atk|1\n|-unboost|p2b: Pearls|spa|1\n|\n|t:|1682520526\n|switch|p1a: Corviknight|Corviknight, L50, M|100\/100|[from] Parting Shot\n|move|p2a: Chi-Chi|Snarl|p1b: Clawitzer|[spread] p1a,p1b\n|-damage|p1a: Corviknight|83\/100\n|-damage|p1b: Clawitzer|83\/100\n|-ability|p1a: Corviknight|Mirror Armor\n|-unboost|p2a: Chi-Chi|spa|1\n|-unboost|p1b: Clawitzer|spa|1\n|move|p1b: Clawitzer|Hydro Pump|p2a: Chi-Chi\n|-resisted|p2a: Chi-Chi\n|-damage|p2a: Chi-Chi|44\/100\n|-damage|p1b: Clawitzer|74\/100|[from] item: Life Orb\n|\n|upkeep\n|turn|5\n|c|\u2606bambambi|nice plays\n|c|\u2606bambambi|to bad it wont last\n|\n|t:|1682520557\n|switch|p2a: Ironmouse|Gothitelle, L50, F, shiny|100\/100\n|switch|p1b: Grimmsnarl|Grimmsnarl, L50, M|100\/100\n|move|p2b: Pearls|Perish Song|p2b: Pearls\n|-start|p1a: Corviknight|perish3|[silent]\n|-start|p1b: Grimmsnarl|perish3|[silent]\n|-start|p2a: Ironmouse|perish3|[silent]\n|-start|p2b: Pearls|perish3|[silent]\n|-fieldactivate|move: Perish Song\n|move|p1a: Corviknight|Heavy Slam|p2b: Pearls\n|-supereffective|p2b: Pearls\n|-enditem|p2b: Pearls|Focus Sash\n|-damage|p2b: Pearls|1\/100\n|\n|-start|p2b: Pearls|perish3\n|-start|p1a: Corviknight|perish3\n|-start|p2a: Ironmouse|perish3\n|-start|p1b: Grimmsnarl|perish3\n|upkeep\n|turn|6\n|inactive|Battle timer is ON: inactive players will automatically lose when time's up. (requested by bambambi)\n|\n|t:|1682520641\n|move|p2b: Pearls|Protect|p2b: Pearls\n|-singleturn|p2b: Pearls|Protect\n|move|p2a: Ironmouse|Protect|p2a: Ironmouse\n|-singleturn|p2a: Ironmouse|Protect\n|move|p1b: Grimmsnarl|Parting Shot|p2a: Ironmouse\n|-activate|p2a: Ironmouse|move: Protect\n|move|p1a: Corviknight|Heavy Slam|p2b: Pearls\n|-activate|p2b: Pearls|move: Protect\n|\n|-start|p2b: Pearls|perish2\n|-start|p1a: Corviknight|perish2\n|-start|p2a: Ironmouse|perish2\n|-start|p1b: Grimmsnarl|perish2\n|upkeep\n|turn|7\n|\n|t:|1682520662\n|-end|p2b: Pearls|Protosynthesis|[silent]\n|switch|p2b: ALLMIGHTU|Palafin-Hero, L50, M, shiny|100\/100\n|-activate|p2b: ALLMIGHTU|ability: Zero to Hero\n|move|p2a: Ironmouse|Protect|p2a: Ironmouse\n|-singleturn|p2a: Ironmouse|Protect\n|move|p1b: Grimmsnarl|Parting Shot|p2a: Ironmouse\n|-activate|p2a: Ironmouse|move: Protect\n|move|p1a: Corviknight|Heavy Slam|p2b: ALLMIGHTU\n|-resisted|p2b: ALLMIGHTU\n|-damage|p2b: ALLMIGHTU|95\/100\n|\n|-start|p2a: Ironmouse|perish1\n|-start|p1a: Corviknight|perish1\n|-start|p1b: Grimmsnarl|perish1\n|upkeep\n|turn|8\n|\n|t:|1682520679\n|switch|p2a: Chi-Chi|Chi-Yu, L50, tera:Water|44\/100\n|-ability|p2a: Chi-Chi|Beads of Ruin\n|move|p2b: ALLMIGHTU|Protect|p2b: ALLMIGHTU\n|-singleturn|p2b: ALLMIGHTU|Protect\n|move|p1b: Grimmsnarl|Parting Shot|p2a: Chi-Chi\n|-unboost|p2a: Chi-Chi|atk|1\n|-unboost|p2a: Chi-Chi|spa|1\n|\n|t:|1682520692\n|switch|p1b: Arcanine|Arcanine, L50, M|95\/100|[from] Parting Shot\n|-ability|p1b: Arcanine|Intimidate|boost\n|-unboost|p2a: Chi-Chi|atk|1\n|-unboost|p2b: ALLMIGHTU|atk|1\n|move|p1a: Corviknight|Heavy Slam|p2a: Chi-Chi\n|-resisted|p2a: Chi-Chi\n|-damage|p2a: Chi-Chi|20\/100\n|\n|-start|p1a: Corviknight|perish0\n|-sideend|p1: catsue|move: Light Screen\n|faint|p1a: Corviknight\n|upkeep\n|\n|t:|1682520701\n|switch|p1a: Grimmsnarl|Grimmsnarl, L50, M|100\/100\n|turn|9\n|inactive|bambambi has 30 seconds left.\n|\n|t:|1682520727\n|switch|p2a: Ironmouse|Gothitelle, L50, F, shiny|100\/100\n|move|p1a: Grimmsnarl|Fake Out|p2b: ALLMIGHTU\n|-damage|p2b: ALLMIGHTU|84\/100\n|cant|p2b: ALLMIGHTU|flinch\n|move|p1b: Arcanine|Will-O-Wisp|p2b: ALLMIGHTU\n|-status|p2b: ALLMIGHTU|brn\n|\n|-damage|p2b: ALLMIGHTU|78\/100 brn|[from] brn\n|upkeep\n|turn|10\n|inactive|bambambi has 30 seconds left.\n|\n|t:|1682520758\n|move|p2a: Ironmouse|Fake Out|p1a: Grimmsnarl\n|-damage|p1a: Grimmsnarl|95\/100\n|move|p2b: ALLMIGHTU|Wave Crash|p1b: Arcanine\n|-supereffective|p1b: Arcanine\n|-damage|p1b: Arcanine|24\/100\n|-damage|p2b: ALLMIGHTU|56\/100 brn|[from] Recoil\n|move|p1b: Arcanine|Will-O-Wisp|p2a: Ironmouse|[miss]\n|-miss|p1b: Arcanine|p2a: Ironmouse\n|cant|p1a: Grimmsnarl|flinch\n|\n|-damage|p2b: ALLMIGHTU|50\/100 brn|[from] brn\n|upkeep\n|turn|11\n|\n|t:|1682520774\n|move|p1b: Arcanine|Protect|p1b: Arcanine\n|-singleturn|p1b: Arcanine|Protect\n|move|p2b: ALLMIGHTU|Jet Punch|p1b: Arcanine\n|-activate|p1b: Arcanine|move: Protect\n|move|p2a: Ironmouse|Light Screen|p2a: Ironmouse\n|-sidestart|p2: bambambi|move: Light Screen\n|move|p1a: Grimmsnarl|Spirit Break|p2b: ALLMIGHTU\n|-damage|p2b: ALLMIGHTU|23\/100 brn\n|-unboost|p2b: ALLMIGHTU|spa|1\n|\n|-damage|p2b: ALLMIGHTU|17\/100 brn|[from] brn\n|upkeep\n|turn|12\n|\n|t:|1682520795\n|switch|p2a: Pearls|Flutter Mane, L50|1\/100\n|move|p1b: Arcanine|Protect||[still]\n|-fail|p1b: Arcanine\n|move|p2b: ALLMIGHTU|Jet Punch|p1b: Arcanine\n|-supereffective|p1b: Arcanine\n|-damage|p1b: Arcanine|0 fnt\n|faint|p1b: Arcanine\n|move|p1a: Grimmsnarl|Parting Shot|p2b: ALLMIGHTU\n|-unboost|p2b: ALLMIGHTU|atk|1\n|-unboost|p2b: ALLMIGHTU|spa|1\n|\n|t:|1682520801\n|switch|p1a: Clawitzer|Clawitzer, L50, F, tera:Water|74\/100|[from] Parting Shot\n|\n|-damage|p2b: ALLMIGHTU|11\/100 brn|[from] brn\n|upkeep\n|\n|t:|1682520804\n|switch|p1b: Grimmsnarl|Grimmsnarl, L50, M|95\/100\n|turn|13\n|\n|t:|1682520814\n|switch|p2b: Ironmouse|Gothitelle, L50, F, shiny|100\/100\n|move|p1b: Grimmsnarl|Fake Out|p2b: Ironmouse\n|-damage|p2b: Ironmouse|90\/100\n|move|p2a: Pearls|Perish Song|p2a: Pearls\n|-start|p1a: Clawitzer|perish3|[silent]\n|-start|p1b: Grimmsnarl|perish3|[silent]\n|-start|p2a: Pearls|perish3|[silent]\n|-start|p2b: Ironmouse|perish3|[silent]\n|-fieldactivate|move: Perish Song\n|move|p1a: Clawitzer|Flash Cannon|p2a: Pearls\n|-supereffective|p2a: Pearls\n|-damage|p2a: Pearls|0 fnt\n|faint|p2a: Pearls\n|-end|p2a: Pearls|Protosynthesis|[silent]\n|-damage|p1a: Clawitzer|64\/100|[from] item: Life Orb\n|\n|-start|p2b: Ironmouse|perish3\n|-start|p1b: Grimmsnarl|perish3\n|-start|p1a: Clawitzer|perish3\n|upkeep\n|\n|t:|1682520825\n|switch|p2a: Chi-Chi|Chi-Yu, L50, tera:Water|20\/100\n|-ability|p2a: Chi-Chi|Beads of Ruin\n|turn|14\n|\n|t:|1682520834\n|move|p2a: Chi-Chi|Protect|p2a: Chi-Chi\n|-singleturn|p2a: Chi-Chi|Protect\n|move|p2b: Ironmouse|Fake Out|p1a: Clawitzer\n|-damage|p1a: Clawitzer|57\/100\n|move|p1b: Grimmsnarl|Spirit Break|p2a: Chi-Chi\n|-activate|p2a: Chi-Chi|move: Protect\n|cant|p1a: Clawitzer|flinch\n|\n|-start|p2b: Ironmouse|perish2\n|-start|p1b: Grimmsnarl|perish2\n|-start|p1a: Clawitzer|perish2\n|upkeep\n|turn|15\n|inactive|bambambi has 30 seconds left.\n|inactive|bambambi has 20 seconds left.\n|\n|t:|1682520870\n|switch|p2b: ALLMIGHTU|Palafin-Hero, L50, M, shiny|11\/100 brn\n|move|p2a: Chi-Chi|Protect|p2a: Chi-Chi\n|-singleturn|p2a: Chi-Chi|Protect\n|move|p1b: Grimmsnarl|Spirit Break|p2a: Chi-Chi\n|-activate|p2a: Chi-Chi|move: Protect\n|move|p1a: Clawitzer|Aura Sphere|p2a: Chi-Chi\n|-activate|p2a: Chi-Chi|move: Protect\n|\n|-damage|p2b: ALLMIGHTU|5\/100 brn|[from] brn\n|-start|p1b: Grimmsnarl|perish1\n|-start|p1a: Clawitzer|perish1\n|-sideend|p2: bambambi|move: Light Screen\n|upkeep\n|turn|16\n|-message|catsue forfeited.\n|\n|win|bambambi\n|raw|catsue's rating: 1121 → 1100<\/strong> (-21 for losing)\n|raw|bambambi's rating: 1180 → 1201<\/strong> (+21 for winning)\n|l|\u2606catsue\n","uploadtime":1682520890,"views":45,"p1id":"catsue","p2id":"bambambi","formatid":"gen9vgc2023regulationc","rating":1100,"private":0,"password":""}