{"id":"gen9vgc2023regulationc-1849533880","p1":"Ubsurdnotion","p2":"cocoadpuff","format":"[Gen 9] VGC 2023 Regulation C","log":"|j|\u2606Ubsurdnotion\n|j|\u2606cocoadpuff\n|t:|1682209998\n|gametype|doubles\n|player|p1|Ubsurdnotion|roughneck-gen4|1067\n|player|p2|cocoadpuff|2|1118\n|teamsize|p1|6\n|teamsize|p2|6\n|gen|9\n|tier|[Gen 9] VGC 2023 Regulation C\n|rated|\n|rule|Species Clause: Limit one of each Pok\u00e9mon\n|rule|Item Clause: Limit one of each item\n|clearpoke\n|poke|p1|Annihilape, L50, M|\n|poke|p1|Chi-Yu, L50|\n|poke|p1|Amoonguss, L50, M|\n|poke|p1|Gyarados, L50, F|\n|poke|p1|Flutter Mane, L50|\n|poke|p1|Baxcalibur, L50, F|\n|poke|p2|Toxtricity-Low-Key, L50, M|\n|poke|p2|Toxapex, L50, M|\n|poke|p2|Palossand, L50, F|\n|poke|p2|Dragapult, L50, M|\n|poke|p2|Wugtrio, L50, F|\n|poke|p2|Cetoddle, L50, F|\n|teampreview|4\n|inactive|Battle timer is ON: inactive players will automatically lose when time's up. (requested by cocoadpuff)\ncocoadpuff has agreed to open team sheets.\n|\n|t:|1682210049\n|start\n|switch|p1a: Flutter Mane|Flutter Mane, L50|100\/100\n|switch|p1b: Chi-Yu|Chi-Yu, L50|100\/100\n|switch|p2a: Dragapult|Dragapult, L50, M|100\/100\n|switch|p2b: Toxtricity|Toxtricity-Low-Key, L50, M|100\/100\n|-ability|p1b: Chi-Yu|Beads of Ruin\n|-enditem|p1a: Flutter Mane|Booster Energy\n|-activate|p1a: Flutter Mane|ability: Protosynthesis|[fromitem]\n|-start|p1a: Flutter Mane|protosynthesisspe\n|turn|1\n|inactive|Ubsurdnotion has 30 seconds left.\n|inactive|cocoadpuff has 30 seconds left.\n|inactive|cocoadpuff has 20 seconds left.\n|inactive|cocoadpuff has 15 seconds left.\n|inactive|cocoadpuff has 10 seconds left.\n|inactive|cocoadpuff has 5 seconds left.\n|\n|t:|1682210100\n|-terastallize|p2a: Dragapult|Ghost\n|-terastallize|p1b: Chi-Yu|Fire\n|move|p1a: Flutter Mane|Protect|p1a: Flutter Mane\n|-singleturn|p1a: Flutter Mane|Protect\n|move|p2a: Dragapult|Phantom Force||[still]\n|-prepare|p2a: Dragapult|Phantom Force\n|move|p1b: Chi-Yu|Heat Wave|p2a: Dragapult|[spread] p2b\n|-miss|p1b: Chi-Yu|p2a: Dragapult\n|-damage|p2b: Toxtricity|0 fnt\n|faint|p2b: Toxtricity\n|-damage|p1b: Chi-Yu|90\/100|[from] item: Life Orb\n|\n|upkeep\n|\n|t:|1682210112\n|switch|p2b: Toxapex|Toxapex, L50, M|100\/100\n|turn|2\n|\n|t:|1682210132\n|-end|p1a: Flutter Mane|Protosynthesis|[silent]\n|switch|p1a: Baxcalibur|Baxcalibur, L50, F|100\/100\n|move|p2a: Dragapult|Phantom Force|p1a: Baxcalibur|[from]lockedmove\n|-damage|p1a: Baxcalibur|51\/100\n|move|p1b: Chi-Yu|Dark Pulse|p2a: Dragapult\n|-supereffective|p2a: Dragapult\n|-damage|p2a: Dragapult|0 fnt\n|faint|p2a: Dragapult\n|-damage|p1b: Chi-Yu|80\/100|[from] item: Life Orb\n|move|p2b: Toxapex|Toxic|p1b: Chi-Yu\n|-status|p1b: Chi-Yu|tox\n|\n|-damage|p1b: Chi-Yu|74\/100 tox|[from] psn\n|upkeep\n|\n|t:|1682210147\n|switch|p2a: Palossand|Palossand, L50, F|100\/100\n|turn|3\n|inactive|Ubsurdnotion has 30 seconds left.\n|\n|t:|1682210174\n|move|p1b: Chi-Yu|Dark Pulse|p2a: Palossand\n|-supereffective|p2a: Palossand\n|-damage|p2a: Palossand|0 fnt\n|faint|p2a: Palossand\n|-damage|p1b: Chi-Yu|64\/100 tox|[from] item: Life Orb\n|move|p1a: Baxcalibur|Glaive Rush|p2b: Toxapex\n|-damage|p2b: Toxapex|58\/100\n|-singlemove|p1a: Baxcalibur|Glaive Rush|[silent]\n|move|p2b: Toxapex|Toxic|p1a: Baxcalibur\n|-status|p1a: Baxcalibur|tox\n|\n|-heal|p2b: Toxapex|64\/100|[from] item: Leftovers\n|-damage|p1b: Chi-Yu|52\/100 tox|[from] psn\n|-damage|p1a: Baxcalibur|45\/100 tox|[from] psn\n|upkeep\n|turn|4\n|\n|t:|1682210193\n|move|p2b: Toxapex|Baneful Bunker|p2b: Toxapex\n|-singleturn|p2b: Toxapex|move: Protect\n|move|p1b: Chi-Yu|Dark Pulse|p2b: Toxapex\n|-activate|p2b: Toxapex|move: Protect\n|move|p1a: Baxcalibur|Glaive Rush|p2b: Toxapex\n|-activate|p2b: Toxapex|move: Protect\n|\n|-heal|p2b: Toxapex|69\/100|[from] item: Leftovers\n|-damage|p1b: Chi-Yu|34\/100 tox|[from] psn\n|-damage|p1a: Baxcalibur|33\/100 tox|[from] psn\n|upkeep\n|turn|5\n|\n|t:|1682210215\n|move|p1b: Chi-Yu|Dark Pulse|p2b: Toxapex\n|-damage|p2b: Toxapex|0 fnt\n|faint|p2b: Toxapex\n|-damage|p1b: Chi-Yu|24\/100 tox|[from] item: Life Orb\n|\n|win|Ubsurdnotion\n|raw|Ubsurdnotion's rating: 1067 → 1101<\/strong> (+34 for winning)\n|raw|cocoadpuff's rating: 1118 → 1089<\/strong> (-29 for losing)\n","uploadtime":1682210224,"views":4,"p1id":"ubsurdnotion","p2id":"cocoadpuff","formatid":"gen9vgc2023regulationc","rating":1089,"private":0,"password":""}