{"id":"gen9vgc2023regulationc-1849244451","p1":"mino97","p2":"An_Italian_Jojo","format":"[Gen 9] VGC 2023 Regulation C","log":"|j|\u2606mino97\n|j|\u2606An_Italian_Jojo\n|t:|1682177166\n|gametype|doubles\n|player|p1|mino97|169|1318\n|player|p2|An_Italian_Jojo|1|1219\n|teamsize|p1|6\n|teamsize|p2|6\n|gen|9\n|tier|[Gen 9] VGC 2023 Regulation C\n|rated|\n|rule|Species Clause: Limit one of each Pok\u00e9mon\n|rule|Item Clause: Limit one of each item\n|clearpoke\n|poke|p1|Flutter Mane, L50|\n|poke|p1|Gyarados, L50, M|\n|poke|p1|Ting-Lu, L50|\n|poke|p1|Chi-Yu, L50|\n|poke|p1|Amoonguss, L50, M|\n|poke|p1|Corviknight, L50, F|\n|poke|p2|Maushold-Four, L50|\n|poke|p2|Annihilape, L50, M|\n|poke|p2|Tinkaton, L50, F|\n|poke|p2|Pelipper, L50, M|\n|poke|p2|Chi-Yu, L50|\n|poke|p2|Palafin, L50, F|\n|teampreview|4\n|c|\u2606An_Italian_Jojo|gl hf\nAn_Italian_Jojo has agreed to open team sheets.\n|c|\u2606mino97|gl too\n|\n|t:|1682177203\n|start\n|switch|p1a: Corviknight|Corviknight, L50, F|100\/100\n|switch|p1b: Gyarados|Gyarados, L50, M|100\/100\n|switch|p2a: Maushold|Maushold-Four, L50|100\/100\n|switch|p2b: Annihilape|Annihilape, L50, M|100\/100\n|-ability|p1b: Gyarados|Intimidate|boost\n|-unboost|p2a: Maushold|atk|1\n|-unboost|p2b: Annihilape|atk|1\n|-ability|p2b: Annihilape|Defiant|boost\n|-boost|p2b: Annihilape|atk|2\n|turn|1\n|\n|t:|1682177216\n|move|p2a: Maushold|Follow Me|p2a: Maushold\n|-singleturn|p2a: Maushold|move: Follow Me\n|move|p2b: Annihilape|Bulk Up|p2b: Annihilape\n|-boost|p2b: Annihilape|atk|1\n|-boost|p2b: Annihilape|def|1\n|move|p1b: Gyarados|Thunder Wave|p2a: Maushold\n|-status|p2a: Maushold|par\n|move|p1a: Corviknight|Tailwind|p1a: Corviknight\n|-sidestart|p1: mino97|move: Tailwind\n|\n|upkeep\n|turn|2\n|\n|t:|1682177250\n|move|p2a: Maushold|Follow Me|p2a: Maushold\n|-singleturn|p2a: Maushold|move: Follow Me\n|move|p1b: Gyarados|Thunder Wave|p2a: Maushold\n|-fail|p2a: Maushold|par\n|move|p1a: Corviknight|Bulk Up|p1a: Corviknight\n|-boost|p1a: Corviknight|atk|1\n|-boost|p1a: Corviknight|def|1\n|move|p2b: Annihilape|Drain Punch|p1a: Corviknight\n|-crit|p1a: Corviknight\n|-damage|p1a: Corviknight|18\/100\n|-enditem|p1a: Corviknight|Aguav Berry|[eat]\n|-heal|p1a: Corviknight|51\/100|[from] item: Aguav Berry\n|\n|upkeep\n|turn|3\n|\n|t:|1682177268\n|move|p2b: Annihilape|Protect|p2b: Annihilape\n|-singleturn|p2b: Annihilape|Protect\n|move|p1b: Gyarados|Thunder Wave|p2b: Annihilape\n|-activate|p2b: Annihilape|move: Protect\n|move|p1a: Corviknight|Roost|p1a: Corviknight\n|-heal|p1a: Corviknight|100\/100\n|-singleturn|p1a: Corviknight|move: Roost\n|cant|p2a: Maushold|par\n|\n|upkeep\n|turn|4\n|\n|t:|1682177283\n|move|p2a: Maushold|Follow Me|p2a: Maushold\n|-singleturn|p2a: Maushold|move: Follow Me\n|move|p1b: Gyarados|Thunder Wave|p2a: Maushold\n|-fail|p2a: Maushold|par\n|move|p1a: Corviknight|Bulk Up|p1a: Corviknight\n|-boost|p1a: Corviknight|atk|1\n|-boost|p1a: Corviknight|def|1\n|move|p2b: Annihilape|Bulk Up|p2b: Annihilape\n|-boost|p2b: Annihilape|atk|1\n|-boost|p2b: Annihilape|def|1\n|\n|-sideend|p1: mino97|move: Tailwind\n|upkeep\n|turn|5\n|\n|t:|1682177305\n|cant|p2a: Maushold|par\n|move|p2b: Annihilape|Drain Punch|p1a: Corviknight\n|-damage|p1a: Corviknight|68\/100\n|move|p1b: Gyarados|Taunt|p2b: Annihilape\n|-start|p2b: Annihilape|move: Taunt\n|move|p1a: Corviknight|Tailwind|p1a: Corviknight\n|-sidestart|p1: mino97|move: Tailwind\n|\n|upkeep\n|turn|6\n|\n|t:|1682177324\n|move|p2a: Maushold|Follow Me|p2a: Maushold\n|-singleturn|p2a: Maushold|move: Follow Me\n|move|p1b: Gyarados|Taunt|p2a: Maushold\n|-start|p2a: Maushold|move: Taunt\n|move|p1a: Corviknight|Roost|p1a: Corviknight\n|-heal|p1a: Corviknight|100\/100\n|-singleturn|p1a: Corviknight|move: Roost\n|move|p2b: Annihilape|Drain Punch|p1a: Corviknight\n|-supereffective|p1a: Corviknight\n|-damage|p1a: Corviknight|24\/100\n|\n|upkeep\n|turn|7\n|\n|t:|1682177342\n|-terastallize|p2b: Annihilape|Fire\n|move|p1b: Gyarados|Thunder Wave|p2b: Annihilape|[miss]\n|-miss|p1b: Gyarados|p2b: Annihilape\n|move|p1a: Corviknight|Brave Bird|p2b: Annihilape\n|-damage|p2b: Annihilape|71\/100\n|-damage|p1a: Corviknight|14\/100|[from] Recoil\n|move|p2b: Annihilape|Rage Fist|p1b: Gyarados\n|-damage|p1b: Gyarados|0 fnt\n|faint|p1b: Gyarados\n|cant|p2a: Maushold|par\n|\n|-heal|p2b: Annihilape|78\/100|[from] item: Leftovers\n|upkeep\n|\n|t:|1682177354\n|switch|p1b: Flutter Mane|Flutter Mane, L50|100\/100\n|turn|8\n|\n|t:|1682177364\n|switch|p2a: Pelipper|Pelipper, L50, M|100\/100\n|-weather|RainDance|[from] ability: Drizzle|[of] p2a: Pelipper\n|move|p1b: Flutter Mane|Hex|p2b: Annihilape\n|-damage|p2b: Annihilape|38\/100\n|move|p1a: Corviknight|Brave Bird|p2b: Annihilape\n|-damage|p2b: Annihilape|0 fnt\n|faint|p2b: Annihilape\n|-damage|p1a: Corviknight|1\/100|[from] Recoil\n|\n|-weather|RainDance|[upkeep]\n|-sideend|p1: mino97|move: Tailwind\n|upkeep\n|\n|t:|1682177378\n|switch|p2b: Chi-Yu|Chi-Yu, L50|100\/100\n|-ability|p2b: Chi-Yu|Beads of Ruin\n|turn|9\n|\n|t:|1682177388\n|-end|p1b: Flutter Mane|Protosynthesis|[silent]\n|switch|p1b: Amoonguss|Amoonguss, L50, M|100\/100\n|move|p2b: Chi-Yu|Heat Wave|p1b: Amoonguss|[spread] p1a,p1b\n|-supereffective|p1a: Corviknight\n|-supereffective|p1b: Amoonguss\n|-damage|p1a: Corviknight|0 fnt\n|-damage|p1b: Amoonguss|32\/100\n|faint|p1a: Corviknight\n|move|p2a: Pelipper|Tailwind|p2a: Pelipper\n|-sidestart|p2: An_Italian_Jojo|move: Tailwind\n|\n|-weather|RainDance|[upkeep]\n|upkeep\n|\n|t:|1682177395\n|switch|p1a: Flutter Mane|Flutter Mane, L50|100\/100\n|turn|10\n|\n|t:|1682177402\n|-terastallize|p1a: Flutter Mane|Fairy\n|move|p1b: Amoonguss|Protect|p1b: Amoonguss\n|-singleturn|p1b: Amoonguss|Protect\n|move|p2b: Chi-Yu|Heat Wave|p1a: Flutter Mane|[spread] p1a\n|-activate|p1b: Amoonguss|move: Protect\n|-damage|p1a: Flutter Mane|67\/100\n|move|p2a: Pelipper|Hurricane|p1a: Flutter Mane\n|-damage|p1a: Flutter Mane|21\/100\n|move|p1a: Flutter Mane|Dazzling Gleam|p2b: Chi-Yu|[spread] p2a,p2b\n|-enditem|p2a: Pelipper|Focus Sash\n|-damage|p2a: Pelipper|1\/100\n|-damage|p2b: Chi-Yu|32\/100\n|\n|-weather|RainDance|[upkeep]\n|upkeep\n|turn|11\n|\n|t:|1682177419\n|move|p2b: Chi-Yu|Heat Wave|p1b: Amoonguss|[spread] p1a,p1b\n|-supereffective|p1b: Amoonguss\n|-damage|p1a: Flutter Mane|0 fnt\n|-damage|p1b: Amoonguss|0 fnt\n|faint|p1a: Flutter Mane\n|-end|p1a: Flutter Mane|Protosynthesis|[silent]\n|faint|p1b: Amoonguss\n|\n|win|An_Italian_Jojo\n|raw|mino97's rating: 1318 → 1292<\/strong> (-26 for losing)\n|raw|An_Italian_Jojo's rating: 1219 → 1251<\/strong> (+32 for winning)\n|c|\u2606An_Italian_Jojo|gg wp\n","uploadtime":1682177463,"views":7,"p1id":"mino97","p2id":"anitalianjojo","formatid":"gen9vgc2023regulationc","rating":1251,"private":0,"password":""}