{"id":"gen9vgc2023regulationc-1857513994","p1":"noahthenumbat","p2":"Jo8h","format":"[Gen 9] VGC 2023 Regulation C","log":"|j|\u2606noahthenumbat\n|j|\u2606Jo8h\n|t:|1683203648\n|gametype|doubles\n|player|p1|noahthenumbat|backersf|\n|player|p2|Jo8h|101|\n|teamsize|p1|6\n|teamsize|p2|6\n|gen|9\n|tier|[Gen 9] VGC 2023 Regulation C\n|rule|Species Clause: Limit one of each Pok\u00e9mon\n|rule|Item Clause: Limit one of each item\n|clearpoke\n|poke|p1|Gastly, L50, F|\n|poke|p1|Stunky, L50, F|\n|poke|p1|Crabrawler, L50, M|\n|poke|p1|Quaxly, L50, F|\n|poke|p1|Mudbray, L50, F|\n|poke|p1|Bronzor, L50|\n|poke|p2|Drifloon, L50, M|\n|poke|p2|Makuhita, L50, M|\n|poke|p2|Skiddo, L50, F|\n|poke|p2|Sandile, L50, F|\n|poke|p2|Tinkatink, L50, F|\n|poke|p2|Mareep, L50, F|\n|teampreview|4\n|c|\u2606Jo8h|Glhf\n|c|\u2606noahthenumbat|u2\n|j| Hallowed_Hazel\n|j| Ciq108\n|c|\u2606Jo8h|Do we need to list the teras\n|c| Ciq108|Yes\n|c|\u2606noahthenumbat|ah shoudlve done the other chal command\n|c|\u2606noahthenumbat|anyway\n|c|\u2606noahthenumbat|gras gast gras stunk steel crab flying quax gras mud dark bronzor\n|l| Hallowed_Hazel\n|c| Ciq108|The gras gast kek\n|j| Hallowed_Hazel\n|c|\u2606Jo8h|Drifloon - dark, sandile - ground, tinkatink - ground, skiddo - water, mareep- flying, makuhita - steel\n|c|\u2606Jo8h|Sm grass lol\n|c|\u2606Jo8h|its the most popular tera\n|c| Ciq108|Glhf guys\n|l| Hallowed_Hazel\n|j| Hallowed_Hazel\n|l| Ciq108\n|c|\u2606noahthenumbat|ciq internet moment\n|j| Ciq108\n|c| Ciq108|Lol\n|\n|t:|1683204076\n|start\n|switch|p1a: Mudbray|Mudbray, L50, F|100\/100\n|switch|p1b: Gastly|Gastly, L50, F|100\/100\n|switch|p2a: Drifloon|Drifloon, L50, M|100\/100\n|switch|p2b: Tinkatink|Tinkatink, L50, F|100\/100\n|-ability|p2b: Tinkatink|Mold Breaker\n|turn|1\n|\n|t:|1683204110\n|switch|p1b: Stunky|Stunky, L50, F|100\/100\n|move|p2b: Tinkatink|Fake Out|p1a: Mudbray\n|-damage|p1a: Mudbray|91\/100\n|-ability|p1a: Mudbray|Stamina|boost\n|-boost|p1a: Mudbray|def|1\n|cant|p1a: Mudbray|flinch\n|move|p2a: Drifloon|Trick Room|p2a: Drifloon\n|-fieldstart|move: Trick Room|[of] p2a: Drifloon\n|\n|upkeep\n|turn|2\n|\n|t:|1683204220\n|move|p2b: Tinkatink|Knock Off|p1a: Mudbray\n|-damage|p1a: Mudbray|78\/100\n|-ability|p1a: Mudbray|Stamina|boost\n|-boost|p1a: Mudbray|def|1\n|-enditem|p1a: Mudbray|Eviolite|[from] move: Knock Off|[of] p2b: Tinkatink\n|move|p1a: Mudbray|Rock Slide|p2b: Tinkatink|[spread] p2a,p2b\n|-supereffective|p2a: Drifloon\n|-resisted|p2b: Tinkatink\n|-damage|p2a: Drifloon|58\/100\n|-damage|p2b: Tinkatink|91\/100\n|move|p2a: Drifloon|Shadow Ball|p1a: Mudbray\n|-damage|p1a: Mudbray|49\/100\n|-ability|p1a: Mudbray|Stamina|boost\n|-boost|p1a: Mudbray|def|1\n|move|p1b: Stunky|Crunch|p2a: Drifloon\n|-supereffective|p2a: Drifloon\n|-damage|p2a: Drifloon|0 fnt\n|-damage|p1b: Stunky|76\/100|[from] ability: Aftermath|[of] p2a: Drifloon\n|faint|p2a: Drifloon\n|\n|upkeep\n|\n|t:|1683204240\n|switch|p2a: Skiddo|Skiddo, L50, F|100\/100\n|turn|3\n|\n|t:|1683204310\n|-terastallize|p1a: Mudbray|Grass\n|move|p2a: Skiddo|Protect|p2a: Skiddo\n|-singleturn|p2a: Skiddo|Protect\n|move|p2b: Tinkatink|Protect|p2b: Tinkatink\n|-singleturn|p2b: Tinkatink|Protect\n|move|p1a: Mudbray|High Horsepower|p2b: Tinkatink\n|-activate|p2b: Tinkatink|move: Protect\n|move|p1b: Stunky|Poison Jab|p2a: Skiddo\n|-activate|p2a: Skiddo|move: Protect\n|\n|upkeep\n|turn|4\n|l|\u2606Jo8h\n|player|p2|\n|j|\u2606Jo8h\n|player|p2|Jo8h|101\n|c| Ciq108|Oof\n|c|\u2606noahthenumbat|tfw when\n|\n|t:|1683204423\n|move|p2a: Skiddo|Leech Seed|p1b: Stunky\n|-start|p1b: Stunky|move: Leech Seed\n|move|p2b: Tinkatink|Knock Off|p1b: Stunky\n|-resisted|p1b: Stunky\n|-damage|p1b: Stunky|59\/100\n|-enditem|p1b: Stunky|Assault Vest|[from] move: Knock Off|[of] p2b: Tinkatink\n|move|p1a: Mudbray|High Horsepower|p2b: Tinkatink\n|-supereffective|p2b: Tinkatink\n|-damage|p2b: Tinkatink|0 fnt\n|faint|p2b: Tinkatink\n|move|p1b: Stunky|Poison Jab|p2a: Skiddo\n|-supereffective|p2a: Skiddo\n|-damage|p2a: Skiddo|38\/100\n|-status|p2a: Skiddo|psn\n|\n|-heal|p2a: Skiddo|44\/100 psn|[from] item: Leftovers\n|-damage|p1b: Stunky|47\/100|[from] Leech Seed|[of] p2a: Skiddo\n|-heal|p2a: Skiddo|54\/100 psn|[silent]\n|-damage|p2a: Skiddo|42\/100 psn|[from] psn\n|upkeep\n|\n|t:|1683204437\n|switch|p2b: Mareep|Mareep, L50, F, shiny|100\/100\n|turn|5\n|\n|t:|1683204453\n|-terastallize|p2b: Mareep|Flying\n|move|p2a: Skiddo|Protect|p2a: Skiddo\n|-singleturn|p2a: Skiddo|Protect\n|move|p1b: Stunky|Feint|p2b: Mareep\n|-damage|p2b: Mareep|89\/100\n|move|p2b: Mareep|Tera Blast|p1a: Mudbray\n|-supereffective|p1a: Mudbray\n|-crit|p1a: Mudbray\n|-damage|p1a: Mudbray|0 fnt\n|faint|p1a: Mudbray\n|\n|-heal|p2a: Skiddo|48\/100 psn|[from] item: Leftovers\n|-damage|p1b: Stunky|35\/100|[from] Leech Seed|[of] p2a: Skiddo\n|-heal|p2a: Skiddo|59\/100 psn|[silent]\n|-damage|p2a: Skiddo|47\/100 psn|[from] psn\n|-fieldend|move: Trick Room\n|upkeep\n|c|\u2606noahthenumbat|ah, i forgor\n|\n|t:|1683204469\n|switch|p1a: Gastly|Gastly, L50, F|100\/100\n|turn|6\n|\n|t:|1683204488\n|move|p1a: Gastly|Shadow Ball|p2a: Skiddo\n|-crit|p2a: Skiddo\n|-damage|p2a: Skiddo|0 fnt\n|faint|p2a: Skiddo\n|move|p1b: Stunky|Poison Jab|p2b: Mareep\n|-damage|p2b: Mareep|37\/100\n|move|p2b: Mareep|Tera Blast|p1a: Gastly\n|-enditem|p1a: Gastly|Focus Sash\n|-damage|p1a: Gastly|1\/100\n|\n|upkeep\n|turn|7\n|c|\u2606Jo8h|Gg\n|\n|t:|1683204505\n|move|p1b: Stunky|Feint|p2b: Mareep\n|-damage|p2b: Mareep|23\/100\n|move|p1a: Gastly|Shadow Ball|p2b: Mareep\n|-damage|p2b: Mareep|0 fnt\n|faint|p2b: Mareep\n|\n|win|noahthenumbat\n|c|\u2606noahthenumbat|gg\n|l| Hallowed_Hazel\n|c|\u2606Jo8h|Can you resend the other link\n|l| Ciq108\n|l|\u2606Jo8h\n","uploadtime":1683205029,"views":7,"p1id":"noahthenumbat","p2id":"jo8h","formatid":"gen9vgc2023regulationc","rating":0,"private":0,"password":""}