{"id":"gen9vgc2023regulationc-1863003529","p1":"revocolombia","p2":"megaswampert52","format":"[Gen 9] VGC 2023 Regulation C","log":"|j|\u2606revocolombia\n|j|\u2606megaswampert52\n|t:|1683950688\n|gametype|doubles\n|player|p1|revocolombia|pokemonranger-gen4|1320\n|player|p2|megaswampert52|raihan-masters|1409\n|teamsize|p1|6\n|teamsize|p2|6\n|gen|9\n|tier|[Gen 9] VGC 2023 Regulation C\n|rated|\n|rule|Species Clause: Limit one of each Pok\u00e9mon\n|rule|Item Clause: Limit one of each item\n|clearpoke\n|poke|p1|Flutter Mane, L50|\n|poke|p1|Garchomp, L50, M|\n|poke|p1|Dragonite, L50, F|\n|poke|p1|Chien-Pao, L50|\n|poke|p1|Murkrow, L50, F|\n|poke|p1|Gholdengo, L50|\n|poke|p2|Chien-Pao, L50|\n|poke|p2|Dragapult, L50, M|\n|poke|p2|Amoonguss, L50, M|\n|poke|p2|Arcanine, L50, M|\n|poke|p2|Flutter Mane, L50|\n|poke|p2|Iron Hands, L50|\n|teampreview|4\n|inactive|Battle timer is ON: inactive players will automatically lose when time's up. (requested by megaswampert52)\n|inactive|revocolombia has 60 seconds left.\n|inactive|megaswampert52 has 60 seconds left.\n|\n|t:|1683950740\n|start\n|switch|p1a: Garchomp|Garchomp, L50, M|100\/100\n|switch|p1b: Murkrow|Murkrow, L50, F|100\/100\n|switch|p2a: Iron Hands|Iron Hands, L50|100\/100\n|switch|p2b: Sus|Amoonguss, L50, M|100\/100\n|turn|1\n|\n|t:|1683950761\n|-terastallize|p1b: Murkrow|Ghost\n|move|p2a: Iron Hands|Fake Out|p1b: Murkrow\n|-immune|p1b: Murkrow\n|move|p1b: Murkrow|Taunt|p2b: Sus\n|-start|p2b: Sus|move: Taunt\n|move|p1a: Garchomp|Earthquake|p2a: Iron Hands|[spread] p1b,p2a,p2b\n|-supereffective|p2a: Iron Hands\n|-damage|p1b: Murkrow|50\/100\n|-damage|p2a: Iron Hands|48\/100\n|-damage|p2b: Sus|66\/100\n|cant|p2b: Sus|move: Taunt|Spore\n|\n|upkeep\n|turn|2\n|inactive|megaswampert52 has 30 seconds left.\n|\n|t:|1683950789\n|switch|p1b: Dragonite|Dragonite, L50, F|100\/100\n|-terastallize|p2a: Iron Hands|Grass\n|move|p1a: Garchomp|Earthquake|p2b: Sus|[spread] p2a,p2b\n|-immune|p1b: Dragonite\n|-resisted|p2a: Iron Hands\n|-damage|p2a: Iron Hands|33\/100\n|-damage|p2b: Sus|32\/100\n|-enditem|p2b: Sus|Sitrus Berry|[eat]\n|-heal|p2b: Sus|57\/100|[from] item: Sitrus Berry\n|move|p2a: Iron Hands|Drain Punch|p1a: Garchomp\n|-damage|p1a: Garchomp|56\/100\n|-heal|p2a: Iron Hands|48\/100|[from] drain|[of] p1a: Garchomp\n|-damage|p2a: Iron Hands|36\/100|[from] ability: Rough Skin|[of] p1a: Garchomp\n|move|p2b: Sus|Pollen Puff|p2a: Iron Hands\n|-heal|p2a: Iron Hands|86\/100\n|\n|upkeep\n|turn|3\n|inactive|megaswampert52 has 30 seconds left.\n|\n|t:|1683950819\n|move|p1a: Garchomp|Earthquake|p2b: Sus|[spread] p2a,p2b\n|-immune|p1b: Dragonite\n|-resisted|p2a: Iron Hands\n|-damage|p2a: Iron Hands|71\/100\n|-damage|p2b: Sus|19\/100\n|move|p1b: Dragonite|Low Kick|p2a: Iron Hands\n|-damage|p2a: Iron Hands|25\/100\n|move|p2a: Iron Hands|Thunder Punch|p1b: Dragonite\n|-damage|p1b: Dragonite|75\/100\n|move|p2b: Sus|Pollen Puff|p2a: Iron Hands\n|-heal|p2a: Iron Hands|74\/100\n|\n|-end|p2b: Sus|move: Taunt\n|upkeep\n|turn|4\n|inactive|megaswampert52 has 30 seconds left.\n|j| WyAk\n|\n|t:|1683950852\n|move|p2b: Sus|Protect|p2b: Sus\n|-singleturn|p2b: Sus|Protect\n|move|p1a: Garchomp|Earthquake|p2b: Sus|[spread] p2a\n|-activate|p2b: Sus|move: Protect\n|-immune|p1b: Dragonite\n|-resisted|p2a: Iron Hands\n|-damage|p2a: Iron Hands|61\/100\n|move|p1b: Dragonite|Low Kick|p2a: Iron Hands\n|-damage|p2a: Iron Hands|15\/100\n|move|p2a: Iron Hands|Thunder Punch|p1b: Dragonite\n|-damage|p1b: Dragonite|27\/100\n|\n|upkeep\n|turn|5\n|l| WyAk\n|inactive|megaswampert52 has 30 seconds left.\n|inactive|megaswampert52 has 20 seconds left.\n|\n|t:|1683950891\n|move|p2b: Sus|Rage Powder|p2b: Sus\n|-singleturn|p2b: Sus|move: Rage Powder\n|move|p1a: Garchomp|Earthquake|p2b: Sus|[spread] p2a,p2b\n|-immune|p1b: Dragonite\n|-resisted|p2a: Iron Hands\n|-damage|p2a: Iron Hands|0 fnt\n|-damage|p2b: Sus|0 fnt\n|faint|p2a: Iron Hands\n|-end|p2a: Iron Hands|Quark Drive|[silent]\n|faint|p2b: Sus\n|move|p1b: Dragonite|Low Kick|p2: Iron Hands|[notarget]\n|-fail|p1b: Dragonite\n|\n|upkeep\n|\n|t:|1683950904\n|switch|p2a: Diego|Chien-Pao, L50|100\/100\n|switch|p2b: Joker|Flutter Mane, L50|100\/100\n|-ability|p2a: Diego|Sword of Ruin\n|-enditem|p2b: Joker|Booster Energy\n|-activate|p2b: Joker|ability: Protosynthesis|[fromitem]\n|-start|p2b: Joker|protosynthesisspa\n|turn|6\n|inactive|revocolombia has 30 seconds left.\n|\n|t:|1683950932\n|move|p2a: Diego|Protect|p2a: Diego\n|-singleturn|p2a: Diego|Protect\n|move|p1a: Garchomp|Protect|p1a: Garchomp\n|-singleturn|p1a: Garchomp|Protect\n|move|p2b: Joker|Dazzling Gleam|p1b: Dragonite|[spread] p1b\n|-activate|p1a: Garchomp|move: Protect\n|-supereffective|p1b: Dragonite\n|-damage|p1b: Dragonite|0 fnt\n|faint|p1b: Dragonite\n|\n|upkeep\n|\n|t:|1683950944\n|switch|p1b: Murkrow|Murkrow, L50, F, tera:Ghost|50\/100\n|turn|7\n|\n|t:|1683950965\n|move|p2b: Joker|Protect|p2b: Joker\n|-singleturn|p2b: Joker|Protect\n|move|p1b: Murkrow|Tailwind|p1b: Murkrow\n|-sidestart|p1: revocolombia|move: Tailwind\n|move|p1a: Garchomp|Earthquake|p2b: Joker|[spread] p1b,p2a\n|-activate|p2b: Joker|move: Protect\n|-damage|p1b: Murkrow|0 fnt\n|-damage|p2a: Diego|47\/100\n|faint|p1b: Murkrow\n|move|p2a: Diego|Ice Spinner|p1a: Garchomp\n|-supereffective|p1a: Garchomp\n|-damage|p1a: Garchomp|0 fnt\n|-damage|p2a: Diego|34\/100|[from] ability: Rough Skin|[of] p1a: Garchomp\n|faint|p1a: Garchomp\n|\n|upkeep\n|\n|t:|1683950983\n|switch|p1b: Flutter Mane|Flutter Mane, L50|100\/100\n|-enditem|p1b: Flutter Mane|Booster Energy\n|-activate|p1b: Flutter Mane|ability: Protosynthesis|[fromitem]\n|-start|p1b: Flutter Mane|protosynthesisspa\n|turn|8\n|\n|t:|1683950997\n|move|p2a: Diego|Sucker Punch|p1b: Flutter Mane\n|-damage|p1b: Flutter Mane|18\/100\n|move|p1b: Flutter Mane|Dazzling Gleam|p2a: Diego|[spread] p2a,p2b\n|-supereffective|p2a: Diego\n|-damage|p2a: Diego|0 fnt\n|-damage|p2b: Joker|56\/100\n|faint|p2a: Diego\n|move|p2b: Joker|Shadow Ball|p1b: Flutter Mane\n|-supereffective|p1b: Flutter Mane\n|-damage|p1b: Flutter Mane|0 fnt\n|faint|p1b: Flutter Mane\n|-end|p1b: Flutter Mane|Protosynthesis|[silent]\n|\n|win|megaswampert52\n|raw|revocolombia's rating: 1320 → 1305<\/strong> (-15 for losing)\n|raw|megaswampert52's rating: 1409 → 1424<\/strong> (+15 for winning)\n","uploadtime":1683951010,"views":13,"p1id":"revocolombia","p2id":"megaswampert52","formatid":"gen9vgc2023regulationc","rating":1305,"private":0,"password":""}