{"id":"gen9vgc2023regulationc-1848807037","p1":"nicevsnamy","p2":"That_Leek","format":"[Gen 9] VGC 2023 Regulation C","log":"|j|\u2606nicevsnamy\n|j|\u2606That_Leek\n|t:|1682112452\n|gametype|doubles\n|player|p1|nicevsnamy|cynthia-gen4|1326\n|player|p2|That_Leek|blue-masters|1379\n|teamsize|p1|6\n|teamsize|p2|6\n|gen|9\n|tier|[Gen 9] VGC 2023 Regulation C\n|rated|\n|rule|Species Clause: Limit one of each Pok\u00e9mon\n|rule|Item Clause: Limit one of each item\n|clearpoke\n|poke|p1|Indeedee-F, L50, F|\n|poke|p1|Hatterene, L50, F|\n|poke|p1|Torkoal, L50, M|\n|poke|p1|Oranguru, L50, M|\n|poke|p1|Kingambit, L50, F|\n|poke|p1|Hariyama, L50, F|\n|poke|p2|Gholdengo, L50|\n|poke|p2|Gyarados, L50, F|\n|poke|p2|Tyranitar, L50, F|\n|poke|p2|Maushold-Four, L50|\n|poke|p2|Annihilape, L50, M|\n|poke|p2|Volcarona, L50, M|\n|teampreview|4\n|\n|t:|1682112500\n|start\n|switch|p1a: Oranguru|Oranguru, L50, M|100\/100\n|switch|p1b: Torkoal|Torkoal, L50, M|100\/100\n|switch|p2a: Tyranitar|Tyranitar, L50, F|100\/100\n|switch|p2b: Maushold|Maushold-Four, L50|100\/100\n|-weather|Sandstorm|[from] ability: Sand Stream|[of] p2a: Tyranitar\n|-weather|SunnyDay|[from] ability: Drought|[of] p1b: Torkoal\n|turn|1\n|\n|t:|1682112522\n|switch|p2a: Gyarados|Gyarados, L50, F|100\/100\n|-ability|p2a: Gyarados|Intimidate|boost\n|-fail|p1a: Oranguru|unboost|Attack|[from] ability: Inner Focus|[of] p1a: Oranguru\n|-unboost|p1b: Torkoal|atk|1\n|move|p1b: Torkoal|Protect|p1b: Torkoal\n|-singleturn|p1b: Torkoal|Protect\n|move|p2b: Maushold|Super Fang|p1b: Torkoal\n|-activate|p1b: Torkoal|move: Protect\n|move|p1a: Oranguru|Trick Room|p1a: Oranguru\n|-fieldstart|move: Trick Room|[of] p1a: Oranguru\n|\n|-weather|SunnyDay|[upkeep]\n|upkeep\n|turn|2\n|\n|t:|1682112536\n|switch|p2a: Tyranitar|Tyranitar, L50, F|100\/100\n|-weather|Sandstorm|[from] ability: Sand Stream|[of] p2a: Tyranitar\n|-terastallize|p1b: Torkoal|Fire\n|move|p2b: Maushold|Protect|p2b: Maushold\n|-singleturn|p2b: Maushold|Protect\n|move|p1b: Torkoal|Eruption|p2b: Maushold|[spread] p2a\n|-activate|p2b: Maushold|move: Protect\n|-resisted|p2a: Tyranitar\n|-damage|p2a: Tyranitar|89\/100\n|move|p1a: Oranguru|Instruct|p1b: Torkoal\n|-singleturn|p1b: Torkoal|move: Instruct|[of] p1a: Oranguru\n|move|p1b: Torkoal|Eruption|p2a: Tyranitar|[spread] p2a\n|-activate|p2b: Maushold|move: Protect\n|-resisted|p2a: Tyranitar\n|-damage|p2a: Tyranitar|78\/100\n|\n|-weather|Sandstorm|[upkeep]\n|-damage|p1b: Torkoal|94\/100|[from] Sandstorm\n|-damage|p1a: Oranguru|94\/100|[from] Sandstorm\n|upkeep\n|turn|3\n|\n|t:|1682112552\n|switch|p1b: Hariyama|Hariyama, L50, F|100\/100\n|move|p1a: Oranguru|Yawn|p2a: Tyranitar\n|-start|p2a: Tyranitar|move: Yawn|[of] p1a: Oranguru\n|move|p2a: Tyranitar|Rock Slide|p1a: Oranguru|[spread] p1a,p1b\n|-resisted|p1b: Hariyama\n|-damage|p1a: Oranguru|69\/100\n|-damage|p1b: Hariyama|83\/100\n|move|p2b: Maushold|Super Fang|p1b: Hariyama\n|-damage|p1b: Hariyama|42\/100\n|\n|-weather|Sandstorm|[upkeep]\n|-damage|p1b: Hariyama|36\/100|[from] Sandstorm\n|-damage|p1a: Oranguru|63\/100|[from] Sandstorm\n|-status|p1b: Hariyama|brn|[from] item: Flame Orb\n|upkeep\n|turn|4\n|\n|t:|1682112590\n|switch|p2a: Gyarados|Gyarados, L50, F|100\/100\n|-ability|p2a: Gyarados|Intimidate|boost\n|-fail|p1a: Oranguru|unboost|Attack|[from] ability: Inner Focus|[of] p1a: Oranguru\n|-unboost|p1b: Hariyama|atk|1\n|move|p2b: Maushold|Protect|p2b: Maushold\n|-singleturn|p2b: Maushold|Protect\n|move|p1b: Hariyama|Close Combat|p2a: Gyarados\n|-resisted|p2a: Gyarados\n|-damage|p2a: Gyarados|76\/100\n|-unboost|p1b: Hariyama|def|1\n|-unboost|p1b: Hariyama|spd|1\n|move|p1a: Oranguru|Instruct|p1b: Hariyama\n|-singleturn|p1b: Hariyama|move: Instruct|[of] p1a: Oranguru\n|move|p1b: Hariyama|Close Combat|p2a: Gyarados\n|-resisted|p2a: Gyarados\n|-damage|p2a: Gyarados|49\/100\n|-unboost|p1b: Hariyama|def|1\n|-unboost|p1b: Hariyama|spd|1\n|-enditem|p2a: Gyarados|Sitrus Berry|[eat]\n|-heal|p2a: Gyarados|74\/100|[from] item: Sitrus Berry\n|\n|-weather|Sandstorm|[upkeep]\n|-damage|p1b: Hariyama|30\/100 brn|[from] Sandstorm\n|-damage|p1a: Oranguru|57\/100|[from] Sandstorm\n|-damage|p2a: Gyarados|68\/100|[from] Sandstorm\n|-damage|p1b: Hariyama|24\/100 brn|[from] brn\n|upkeep\n|turn|5\n|\n|t:|1682112614\n|switch|p1b: Hatterene|Hatterene, L50, F|100\/100\n|move|p1a: Oranguru|Yawn|p2b: Maushold\n|-start|p2b: Maushold|move: Yawn|[of] p1a: Oranguru\n|move|p2a: Gyarados|Waterfall|p1b: Hatterene\n|-damage|p1b: Hatterene|53\/100\n|move|p2b: Maushold|Super Fang|p1a: Oranguru|[miss]\n|-miss|p2b: Maushold|p1a: Oranguru\n|\n|-weather|Sandstorm|[upkeep]\n|-damage|p1b: Hatterene|47\/100|[from] Sandstorm\n|-damage|p1a: Oranguru|51\/100|[from] Sandstorm\n|-damage|p2a: Gyarados|62\/100|[from] Sandstorm\n|-fieldend|move: Trick Room\n|upkeep\n|turn|6\n|\n|t:|1682112633\n|switch|p2b: Annihilape|Annihilape, L50, M|100\/100\n|move|p1b: Hatterene|Protect|p1b: Hatterene\n|-singleturn|p1b: Hatterene|Protect\n|move|p2a: Gyarados|Waterfall|p1b: Hatterene\n|-activate|p1b: Hatterene|move: Protect\n|move|p1a: Oranguru|Trick Room|p1a: Oranguru\n|-fieldstart|move: Trick Room|[of] p1a: Oranguru\n|\n|-weather|none\n|upkeep\n|turn|7\n|\n|t:|1682112653\n|move|p1b: Hatterene|Psychic|p2b: Annihilape\n|-supereffective|p2b: Annihilape\n|-damage|p2b: Annihilape|2\/100\n|-damage|p1b: Hatterene|37\/100|[from] item: Life Orb\n|move|p1a: Oranguru|Instruct|p1b: Hatterene\n|-singleturn|p1b: Hatterene|move: Instruct|[of] p1a: Oranguru\n|move|p1b: Hatterene|Psychic|p2b: Annihilape\n|-supereffective|p2b: Annihilape\n|-crit|p2b: Annihilape\n|-damage|p2b: Annihilape|0 fnt\n|faint|p2b: Annihilape\n|-damage|p1b: Hatterene|27\/100|[from] item: Life Orb\n|move|p2a: Gyarados|Waterfall|p1b: Hatterene\n|-damage|p1b: Hatterene|0 fnt\n|faint|p1b: Hatterene\n|\n|upkeep\n|\n|t:|1682112671\n|switch|p1b: Torkoal|Torkoal, L50, M, tera:Fire|94\/100\n|switch|p2b: Tyranitar|Tyranitar, L50, F|78\/100\n|-weather|SunnyDay|[from] ability: Drought|[of] p1b: Torkoal\n|-weather|Sandstorm|[from] ability: Sand Stream|[of] p2b: Tyranitar\n|turn|8\n|\n|t:|1682112703\n|switch|p1b: Hariyama|Hariyama, L50, F|24\/100 brn\n|move|p1a: Oranguru|Yawn|p2a: Gyarados\n|-start|p2a: Gyarados|move: Yawn|[of] p1a: Oranguru\n|move|p2b: Tyranitar|Crunch|p1a: Oranguru\n|-supereffective|p1a: Oranguru\n|-damage|p1a: Oranguru|0 fnt\n|faint|p1a: Oranguru\n|move|p2a: Gyarados|Waterfall|p1b: Hariyama\n|-damage|p1b: Hariyama|0 fnt\n|faint|p1b: Hariyama\n|\n|-weather|Sandstorm|[upkeep]\n|-damage|p2a: Gyarados|56\/100|[from] Sandstorm\n|upkeep\n|-message|nicevsnamy forfeited.\n|\n|win|That_Leek\n|raw|nicevsnamy's rating: 1326 → 1309<\/strong> (-17 for losing)\n|raw|That_Leek's rating: 1379 → 1396<\/strong> (+17 for winning)\n|l|\u2606nicevsnamy\n","uploadtime":1682112739,"views":11,"p1id":"nicevsnamy","p2id":"thatleek","formatid":"gen9vgc2023regulationc","rating":1309,"private":0,"password":""}