{"id":"gen9vgc2023regulationc-1852090320","p1":"DarkPaladin79","p2":"SaganBelmont","format":"[Gen 9] VGC 2023 Regulation C","log":"|j|\u2606DarkPaladin79\n|j|\u2606SaganBelmont\n|t:|1682523323\n|gametype|doubles\n|player|p1|DarkPaladin79|2|1258\n|player|p2|SaganBelmont|red|1308\n|teamsize|p1|6\n|teamsize|p2|6\n|gen|9\n|tier|[Gen 9] VGC 2023 Regulation C\n|rated|\n|rule|Species Clause: Limit one of each Pok\u00e9mon\n|rule|Item Clause: Limit one of each item\n|clearpoke\n|poke|p1|Chi-Yu, L50|\n|poke|p1|Iron Valiant, L50|\n|poke|p1|Houndstone, L50, M|\n|poke|p1|Rotom-Wash, L50|\n|poke|p1|Tyranitar, L50, F|\n|poke|p1|Toedscruel, L50, F|\n|poke|p2|Dragapult, L50, M|\n|poke|p2|Chien-Pao, L50|\n|poke|p2|Gyarados, L50, F|\n|poke|p2|Murkrow, L50, F|\n|poke|p2|Gholdengo, L50|\n|poke|p2|Iron Hands, L50|\n|teampreview|4\n|inactive|Battle timer is ON: inactive players will automatically lose when time's up. (requested by DarkPaladin79)\n|\n|t:|1682523351\n|start\n|switch|p1a: Rotom|Rotom-Wash, L50|100\/100\n|switch|p1b: Chi-Yu|Chi-Yu, L50|100\/100\n|switch|p2a: Dragapult|Dragapult, L50, M|100\/100\n|switch|p2b: Iron Hands|Iron Hands, L50, shiny|100\/100\n|-ability|p1b: Chi-Yu|Beads of Ruin\n|turn|1\n|inactive|SaganBelmont has 30 seconds left.\n|inactive|SaganBelmont has 20 seconds left.\n|inactive|SaganBelmont has 15 seconds left.\n|\n|t:|1682523392\n|move|p1b: Chi-Yu|Protect|p1b: Chi-Yu\n|-singleturn|p1b: Chi-Yu|Protect\n|move|p2a: Dragapult|Phantom Force||[still]\n|-prepare|p2a: Dragapult|Phantom Force\n|move|p1a: Rotom|Will-O-Wisp|p2b: Iron Hands|[miss]\n|-miss|p1a: Rotom|p2b: Iron Hands\n|move|p2b: Iron Hands|Drain Punch|p2a: Dragapult|[miss]\n|-miss|p2b: Iron Hands|p2a: Dragapult\n|\n|upkeep\n|turn|2\n|\n|t:|1682523412\n|move|p2a: Dragapult|Phantom Force|p1a: Rotom|[from]lockedmove\n|-damage|p1a: Rotom|62\/100\n|move|p1b: Chi-Yu|Dark Pulse|p2a: Dragapult\n|-supereffective|p2a: Dragapult\n|-damage|p2a: Dragapult|0 fnt\n|faint|p2a: Dragapult\n|-damage|p1b: Chi-Yu|91\/100|[from] item: Life Orb\n|move|p1a: Rotom|Will-O-Wisp|p2b: Iron Hands\n|-status|p2b: Iron Hands|brn\n|move|p2b: Iron Hands|Drain Punch|p1b: Chi-Yu\n|-supereffective|p1b: Chi-Yu\n|-crit|p1b: Chi-Yu\n|-damage|p1b: Chi-Yu|0 fnt\n|faint|p1b: Chi-Yu\n|\n|-damage|p2b: Iron Hands|95\/100 brn|[from] brn\n|upkeep\n|inactive|DarkPaladin79 has 30 seconds left.\n|\n|t:|1682523439\n|switch|p2a: Chien-Pao|Chien-Pao, L50|100\/100\n|switch|p1b: Tyranitar|Tyranitar, L50, F|100\/100\n|-ability|p2a: Chien-Pao|Sword of Ruin\n|-weather|Sandstorm|[from] ability: Sand Stream|[of] p1b: Tyranitar\n|turn|3\n|\n|t:|1682523455\n|move|p1b: Tyranitar|Protect|p1b: Tyranitar\n|-singleturn|p1b: Tyranitar|Protect\n|move|p2a: Chien-Pao|Ice Spinner|p1b: Tyranitar\n|-activate|p1b: Tyranitar|move: Protect\n|move|p1a: Rotom|Will-O-Wisp|p2a: Chien-Pao|[miss]\n|-miss|p1a: Rotom|p2a: Chien-Pao\n|move|p2b: Iron Hands|Drain Punch|p1b: Tyranitar\n|-activate|p1b: Tyranitar|move: Protect\n|\n|-weather|Sandstorm|[upkeep]\n|-damage|p2a: Chien-Pao|95\/100|[from] Sandstorm\n|-damage|p1a: Rotom|56\/100|[from] Sandstorm\n|-damage|p2b: Iron Hands|89\/100 brn|[from] Sandstorm\n|-damage|p2b: Iron Hands|83\/100 brn|[from] brn\n|upkeep\n|turn|4\n|inactive|DarkPaladin79 has 30 seconds left.\n|\n|t:|1682523489\n|switch|p1b: Houndstone|Houndstone, L50, M|100\/100\n|move|p2a: Chien-Pao|Ice Spinner|p1b: Houndstone\n|-crit|p1b: Houndstone\n|-damage|p1b: Houndstone|5\/100\n|-enditem|p1b: Houndstone|Aguav Berry|[eat]\n|-heal|p1b: Houndstone|38\/100|[from] item: Aguav Berry\n|move|p1a: Rotom|Will-O-Wisp|p2a: Chien-Pao\n|-status|p2a: Chien-Pao|brn\n|move|p2b: Iron Hands|Drain Punch|p1b: Houndstone\n|-immune|p1b: Houndstone\n|\n|-weather|Sandstorm|[upkeep]\n|-damage|p2a: Chien-Pao|89\/100 brn|[from] Sandstorm\n|-damage|p1a: Rotom|50\/100|[from] Sandstorm\n|-damage|p2b: Iron Hands|77\/100 brn|[from] Sandstorm\n|-enditem|p1a: Rotom|Sitrus Berry|[eat]\n|-heal|p1a: Rotom|75\/100|[from] item: Sitrus Berry\n|-damage|p2a: Chien-Pao|83\/100 brn|[from] brn\n|-damage|p2b: Iron Hands|71\/100 brn|[from] brn\n|upkeep\n|turn|5\n|inactive|DarkPaladin79 has 30 seconds left.\n|\n|t:|1682523518\n|-terastallize|p1b: Houndstone|Fairy\n|move|p1b: Houndstone|Play Rough|p2a: Chien-Pao\n|-supereffective|p2a: Chien-Pao\n|-damage|p2a: Chien-Pao|0 fnt\n|faint|p2a: Chien-Pao\n|move|p1a: Rotom|Hydro Pump|p2b: Iron Hands|[miss]\n|-miss|p1a: Rotom|p2b: Iron Hands\n|move|p2b: Iron Hands|Wild Charge|p1a: Rotom\n|-damage|p1a: Rotom|54\/100\n|-damage|p2b: Iron Hands|67\/100 brn|[from] Recoil\n|\n|-weather|Sandstorm|[upkeep]\n|-damage|p1a: Rotom|49\/100|[from] Sandstorm\n|-damage|p2b: Iron Hands|61\/100 brn|[from] Sandstorm\n|-damage|p2b: Iron Hands|55\/100 brn|[from] brn\n|upkeep\n|\n|t:|1682523535\n|switch|p2a: Gyarados|Gyarados, L50, F|100\/100\n|-ability|p2a: Gyarados|Intimidate|boost\n|-unboost|p1a: Rotom|atk|1\n|-unboost|p1b: Houndstone|atk|1\n|turn|6\n|\n|t:|1682523544\n|switch|p1b: Tyranitar|Tyranitar, L50, F|100\/100\n|move|p2a: Gyarados|Waterfall|p1b: Tyranitar\n|-supereffective|p1b: Tyranitar\n|-damage|p1b: Tyranitar|41\/100\n|-enditem|p1b: Tyranitar|Weakness Policy\n|-boost|p1b: Tyranitar|atk|2|[from] item: Weakness Policy\n|-boost|p1b: Tyranitar|spa|2|[from] item: Weakness Policy\n|move|p1a: Rotom|Will-O-Wisp|p2a: Gyarados\n|-status|p2a: Gyarados|brn\n|move|p2b: Iron Hands|Drain Punch|p1a: Rotom\n|-damage|p1a: Rotom|30\/100\n|-heal|p2b: Iron Hands|62\/100 brn|[from] drain|[of] p1a: Rotom\n|\n|-weather|Sandstorm|[upkeep]\n|-damage|p2a: Gyarados|95\/100 brn|[from] Sandstorm\n|-damage|p1a: Rotom|24\/100|[from] Sandstorm\n|-damage|p2b: Iron Hands|56\/100 brn|[from] Sandstorm\n|-damage|p2a: Gyarados|89\/100 brn|[from] brn\n|-damage|p2b: Iron Hands|50\/100 brn|[from] brn\n|upkeep\n|turn|7\n|inactive|DarkPaladin79 has 30 seconds left.\n|inactive|DarkPaladin79 has 20 seconds left.\n|\n|t:|1682523580\n|move|p1b: Tyranitar|Protect|p1b: Tyranitar\n|-singleturn|p1b: Tyranitar|Protect\n|move|p2a: Gyarados|Waterfall|p1b: Tyranitar\n|-activate|p1b: Tyranitar|move: Protect\n|move|p1a: Rotom|Volt Switch|p2a: Gyarados\n|-supereffective|p2a: Gyarados\n|-damage|p2a: Gyarados|9\/100 brn\n|-enditem|p2a: Gyarados|Sitrus Berry|[eat]\n|-heal|p2a: Gyarados|34\/100 brn|[from] item: Sitrus Berry\n|\n|t:|1682523590\n|switch|p1a: Houndstone|Houndstone, L50, M, tera:Fairy|38\/100|[from] Volt Switch\n|move|p2b: Iron Hands|Wild Charge|p1b: Tyranitar\n|-activate|p1b: Tyranitar|move: Protect\n|\n|-weather|none\n|-damage|p2a: Gyarados|28\/100 brn|[from] brn\n|-damage|p2b: Iron Hands|44\/100 brn|[from] brn\n|upkeep\n|turn|8\n|inactive|DarkPaladin79 has 30 seconds left.\n|\n|t:|1682523622\n|move|p1a: Houndstone|Shadow Sneak|p2a: Gyarados\n|-damage|p2a: Gyarados|10\/100 brn\n|move|p2a: Gyarados|Waterfall|p1a: Houndstone\n|-damage|p1a: Houndstone|20\/100\n|move|p1b: Tyranitar|Rock Slide|p2b: Iron Hands|[spread] p2a,p2b\n|-supereffective|p2a: Gyarados\n|-resisted|p2b: Iron Hands\n|-damage|p2a: Gyarados|0 fnt\n|-damage|p2b: Iron Hands|21\/100 brn\n|faint|p2a: Gyarados\n|move|p2b: Iron Hands|Wild Charge|p1a: Houndstone\n|-damage|p1a: Houndstone|0 fnt\n|faint|p1a: Houndstone\n|-damage|p2b: Iron Hands|18\/100 brn|[from] Recoil\n|\n|-damage|p2b: Iron Hands|12\/100 brn|[from] brn\n|upkeep\n|-message|SaganBelmont forfeited.\n|\n|win|DarkPaladin79\n|raw|DarkPaladin79's rating: 1258 → 1287<\/strong> (+29 for winning)\n|raw|SaganBelmont's rating: 1308 → 1285<\/strong> (-23 for losing)\n|l|\u2606SaganBelmont\n","uploadtime":1682523641,"views":15,"p1id":"darkpaladin79","p2id":"saganbelmont","formatid":"gen9vgc2023regulationc","rating":1285,"private":0,"password":""}