{"id":"gen9vgc2023regulationc-1847688975","p1":"Raderph","p2":"Jimpo01","format":"[Gen 9] VGC 2023 Regulation C","log":"|j|\u2606Raderph\n|j|\u2606Jimpo01\n|t:|1681992665\n|gametype|doubles\n|player|p1|Raderph|hiker|\n|player|p2|Jimpo01|2|\n|teamsize|p1|6\n|teamsize|p2|6\n|gen|9\n|tier|[Gen 9] VGC 2023 Regulation C\n|rule|Species Clause: Limit one of each Pok\u00e9mon\n|rule|Item Clause: Limit one of each item\n|clearpoke\n|poke|p1|Grimmsnarl, L50, M|\n|poke|p1|Iron Valiant, L50|\n|poke|p1|Oricorio-Pom-Pom, L50, M|\n|poke|p1|Dragalge, L50, M|\n|poke|p1|Lokix, L50, F|\n|poke|p1|Volcarona, L50, M|\n|poke|p2|Hydreigon, L50, M|\n|poke|p2|Dragonite, L50, M|\n|poke|p2|Ditto, L50|\n|poke|p2|Weavile, L50, M|\n|poke|p2|Talonflame, L50, F|\n|poke|p2|Cloyster, L50, F|\n|teampreview|4\n|\n|t:|1681992696\n|start\n|switch|p1a: Tae Yamada|Oricorio-Pom-Pom, L50, M|100\/100\n|switch|p1b: Sailor Uranus|Iron Valiant, L50|100\/100\n|switch|p2a: Weavile|Weavile, L50, M|100\/100\n|switch|p2b: Talonflame|Talonflame, L50, F|100\/100\n|-enditem|p1b: Sailor Uranus|Booster Energy\n|-activate|p1b: Sailor Uranus|ability: Quark Drive|[fromitem]\n|-start|p1b: Sailor Uranus|quarkdrivespe\n|turn|1\n|\n|t:|1681992715\n|move|p2a: Weavile|Fake Out|p1a: Tae Yamada\n|-damage|p1a: Tae Yamada|83\/100\n|move|p2b: Talonflame|Feint|p1b: Sailor Uranus\n|-damage|p1b: Sailor Uranus|92\/100\n|move|p1b: Sailor Uranus|Liquidation|p2b: Talonflame\n|-supereffective|p2b: Talonflame\n|-damage|p2b: Talonflame|23\/100\n|cant|p1a: Tae Yamada|flinch\n|\n|-heal|p2b: Talonflame|29\/100|[from] item: Leftovers\n|upkeep\n|turn|2\n|j| Ytterby\n|\n|t:|1681992754\n|move|p1b: Sailor Uranus|Liquidation|p2b: Talonflame\n|-supereffective|p2b: Talonflame\n|-damage|p2b: Talonflame|0 fnt\n|-status|p1b: Sailor Uranus|brn|[from] ability: Flame Body|[of] p2b: Talonflame\n|faint|p2b: Talonflame\n|move|p2a: Weavile|Icicle Crash|p1a: Tae Yamada\n|-supereffective|p1a: Tae Yamada\n|-damage|p1a: Tae Yamada|0 fnt\n|faint|p1a: Tae Yamada\n|\n|-damage|p1b: Sailor Uranus|86\/100 brn|[from] brn\n|upkeep\n|\n|t:|1681992770\n|switch|p2b: Ditto|Ditto, L50, shiny|100\/100\n|switch|p1a: Zero-One|Lokix, L50, F|100\/100\n|turn|3\n|\n|t:|1681992786\n|move|p1b: Sailor Uranus|Close Combat|p2b: Ditto\n|-supereffective|p2b: Ditto\n|-damage|p2b: Ditto|0 fnt\n|-unboost|p1b: Sailor Uranus|def|1\n|-unboost|p1b: Sailor Uranus|spd|1\n|faint|p2b: Ditto\n|move|p2a: Weavile|Icicle Crash|p1b: Sailor Uranus\n|-damage|p1b: Sailor Uranus|11\/100 brn\n|move|p1a: Zero-One|Axe Kick|p2a: Weavile\n|-supereffective|p2a: Weavile\n|-damage|p2a: Weavile|0 fnt\n|faint|p2a: Weavile\n|\n|-damage|p1b: Sailor Uranus|5\/100 brn|[from] brn\n|upkeep\n|\n|t:|1681992803\n|switch|p2a: Cloyster|Cloyster, L50, F, shiny|100\/100\n|turn|4\n|c| Ytterby|O SHIET IT OYSTERBOI\n|\n|t:|1681992830\n|-terastallize|p2a: Cloyster|Ice\n|move|p1b: Sailor Uranus|Close Combat|p2a: Cloyster\n|-supereffective|p2a: Cloyster\n|-damage|p2a: Cloyster|60\/100\n|-unboost|p1b: Sailor Uranus|def|1\n|-unboost|p1b: Sailor Uranus|spd|1\n|-damage|p1b: Sailor Uranus|0 fnt|[from] item: Rocky Helmet|[of] p2a: Cloyster\n|faint|p1b: Sailor Uranus\n|-end|p1b: Sailor Uranus|Quark Drive|[silent]\n|move|p1a: Zero-One|Swords Dance|p1a: Zero-One\n|-boost|p1a: Zero-One|atk|2\n|move|p2a: Cloyster|Drill Run|p1a: Zero-One\n|-resisted|p1a: Zero-One\n|-damage|p1a: Zero-One|82\/100\n|\n|upkeep\n|\n|t:|1681992843\n|switch|p1b: Elma|Dragalge, L50, M|100\/100\n|turn|5\n|\n|t:|1681992859\n|-terastallize|p1a: Zero-One|Bug\n|move|p1a: Zero-One|Lunge|p2a: Cloyster\n|-damage|p2a: Cloyster|0 fnt\n|-damage|p1a: Zero-One|66\/100|[from] item: Rocky Helmet|[of] p2a: Cloyster\n|faint|p2a: Cloyster\n|\n|win|Raderph\n|c|\u2606Raderph|GGs\n","uploadtime":1681992871,"views":17,"p1id":"raderph","p2id":"jimpo01","formatid":"gen9vgc2023regulationc","rating":0,"private":0,"password":""}