{"id":"gen9vgc2023regulationc-1859178493","p1":"Wormfury","p2":"BIG BOSS 777 VGC","format":"[Gen 9] VGC 2023 Regulation C","log":"|j|\u2606Wormfury\n|j|\u2606BIG BOSS 777 VGC\n|t:|1683414175\n|gametype|doubles\n|player|p1|Wormfury|101|1319\n|player|p2|BIG BOSS 777 VGC|2|1300\n|teamsize|p1|6\n|teamsize|p2|6\n|gen|9\n|tier|[Gen 9] VGC 2023 Regulation C\n|rated|\n|rule|Species Clause: Limit one of each Pok\u00e9mon\n|rule|Item Clause: Limit one of each item\n|clearpoke\n|poke|p1|Dondozo, L50, M|\n|poke|p1|Tatsugiri-Droopy, L50, F|\n|poke|p1|Roaring Moon, L50|\n|poke|p1|Misdreavus, L50, F|\n|poke|p1|Flutter Mane, L50|\n|poke|p1|Chi-Yu, L50|\n|poke|p2|Garchomp, L50, M|\n|poke|p2|Talonflame, L50, M|\n|poke|p2|Orthworm, L50, M|\n|poke|p2|Abomasnow, L50, M|\n|poke|p2|Iron Bundle, L50|\n|poke|p2|Gardevoir, L50, M|\n|teampreview|4\n|\n|t:|1683414232\n|start\n|switch|p1a: Donbozo|Dondozo, L50, M, shiny|100\/100\n|switch|p1b: I'm with stupid|Tatsugiri-Droopy, L50, F, shiny|100\/100\n|switch|p2a: CAZZZZZZ|Abomasnow, L50, M, shiny|100\/100\n|switch|p2b: Iron Bundle|Iron Bundle, L50, shiny|100\/100\n|-activate|p1b: I'm with stupid|ability: Commander|[of] p1a: Donbozo\n|-boost|p1a: Donbozo|atk|2\n|-boost|p1a: Donbozo|spa|2\n|-boost|p1a: Donbozo|spe|2\n|-boost|p1a: Donbozo|def|2\n|-boost|p1a: Donbozo|spd|2\n|-weather|Snow|[from] ability: Snow Warning|[of] p2a: CAZZZZZZ\n|-enditem|p2b: Iron Bundle|Booster Energy\n|-activate|p2b: Iron Bundle|ability: Quark Drive|[fromitem]\n|-start|p2b: Iron Bundle|quarkdrivespe\n|turn|1\n|\n|t:|1683414255\n|-terastallize|p1a: Donbozo|Steel\n|move|p2b: Iron Bundle|Aurora Veil|p2b: Iron Bundle\n|-sidestart|p2: BIG BOSS 777 VGC|move: Aurora Veil\n|move|p1a: Donbozo|Body Press|p2a: CAZZZZZZ\n|-supereffective|p2a: CAZZZZZZ\n|-damage|p2a: CAZZZZZZ|46\/100\n|move|p2a: CAZZZZZZ|Leaf Storm|p1a: Donbozo\n|-resisted|p1a: Donbozo\n|-damage|p1a: Donbozo|88\/100\n|-unboost|p2a: CAZZZZZZ|spa|2\n|\n|-weather|Snow|[upkeep]\n|-heal|p1a: Donbozo|93\/100|[from] item: Leftovers\n|upkeep\n|turn|2\n|\n|t:|1683414272\n|-end|p2b: Iron Bundle|Quark Drive|[silent]\n|switch|p2b: CHE|Orthworm, L50, M, shiny|100\/100\n|switch|p2a: ANTONIO|Garchomp, L50, M, shiny|100\/100\n|move|p1a: Donbozo|Order Up|p2a: ANTONIO\n|-supereffective|p2a: ANTONIO\n|-damage|p2a: ANTONIO|55\/100\n|-boost|p1a: Donbozo|def|1\n|\n|-weather|Snow|[upkeep]\n|-heal|p1a: Donbozo|99\/100|[from] item: Leftovers\n|upkeep\n|turn|3\n|\n|t:|1683414286\n|-terastallize|p2a: ANTONIO|Steel\n|move|p2a: ANTONIO|Earthquake|p1a: Donbozo|[spread] p1a\n|-miss|p2a: ANTONIO|p1b: I'm with stupid\n|-immune|p2b: CHE|[from] ability: Earth Eater\n|-supereffective|p1a: Donbozo\n|-damage|p1a: Donbozo|83\/100\n|move|p1a: Donbozo|Order Up|p2a: ANTONIO\n|-resisted|p2a: ANTONIO\n|-damage|p2a: ANTONIO|42\/100\n|-boost|p1a: Donbozo|def|1\n|move|p2b: CHE|Iron Defense|p2b: CHE\n|-boost|p2b: CHE|def|2\n|\n|-weather|Snow|[upkeep]\n|-heal|p1a: Donbozo|89\/100|[from] item: Leftovers\n|upkeep\n|turn|4\n|\n|t:|1683414305\n|move|p2a: ANTONIO|Earthquake|p1b: I'm with stupid|[spread] p1a\n|-miss|p2a: ANTONIO|p1b: I'm with stupid\n|-immune|p2b: CHE|[from] ability: Earth Eater\n|-supereffective|p1a: Donbozo\n|-damage|p1a: Donbozo|76\/100\n|move|p1a: Donbozo|Body Press|p2a: ANTONIO\n|-supereffective|p2a: ANTONIO\n|-damage|p2a: ANTONIO|0 fnt\n|-damage|p1a: Donbozo|64\/100|[from] ability: Rough Skin|[of] p2a: ANTONIO\n|faint|p2a: ANTONIO\n|move|p2b: CHE|Body Press|p1a: Donbozo\n|-supereffective|p1a: Donbozo\n|-damage|p1a: Donbozo|55\/100\n|\n|-weather|Snow|[upkeep]\n|-heal|p1a: Donbozo|61\/100|[from] item: Leftovers\n|upkeep\n|\n|t:|1683414324\n|switch|p2a: CAZZZZZZ|Abomasnow, L50, M, shiny|46\/100\n|turn|5\n|\n|t:|1683414330\n|move|p2a: CAZZZZZZ|Protect|p2a: CAZZZZZZ\n|-singleturn|p2a: CAZZZZZZ|Protect\n|move|p1a: Donbozo|Body Press|p2b: CHE\n|-supereffective|p2b: CHE\n|-damage|p2b: CHE|22\/100\n|-enditem|p2b: CHE|Mago Berry|[eat]\n|-heal|p2b: CHE|55\/100|[from] item: Mago Berry\n|move|p2b: CHE|Iron Defense|p2b: CHE\n|-boost|p2b: CHE|def|2\n|\n|-weather|none\n|-heal|p1a: Donbozo|67\/100|[from] item: Leftovers\n|-sideend|p2: BIG BOSS 777 VGC|move: Aurora Veil\n|upkeep\n|turn|6\n|\n|t:|1683414347\n|switch|p2a: Iron Bundle|Iron Bundle, L50, shiny|100\/100\n|move|p1a: Donbozo|Body Press|p2b: CHE\n|-supereffective|p2b: CHE\n|-damage|p2b: CHE|0 fnt\n|faint|p2b: CHE\n|\n|-heal|p1a: Donbozo|73\/100|[from] item: Leftovers\n|upkeep\n|-message|BIG BOSS 777 VGC forfeited.\n|\n|win|Wormfury\n|raw|Wormfury's rating: 1319 → 1338<\/strong> (+19 for winning)\n|raw|BIG BOSS 777 VGC's rating: 1300 → 1276<\/strong> (-24 for losing)\n|l|\u2606BIG BOSS 777 VGC\n","uploadtime":1683414364,"views":5,"p1id":"wormfury","p2id":"bigboss777vgc","formatid":"gen9vgc2023regulationc","rating":1276,"private":0,"password":""}