{"id":"gen9vgc2023regulationc-1846733893","p1":"Pasodoble","p2":"413XPlayz","format":"[Gen 9] VGC 2023 Regulation C","log":"|j|\u2606Pasodoble\n|j|\u2606413XPlayz\n|t:|1681871659\n|gametype|doubles\n|player|p1|Pasodoble|102|\n|player|p2|413XPlayz|psychic|\n|teamsize|p1|6\n|teamsize|p2|6\n|gen|9\n|tier|[Gen 9] VGC 2023 Regulation C\n|rated|Tournament battle\n|rule|Species Clause: Limit one of each Pok\u00e9mon\n|rule|Item Clause: Limit one of each item\n|clearpoke\n|poke|p1|Abomasnow, L50, F|\n|poke|p1|Ceruledge, L50, M|\n|poke|p1|Iron Hands, L50|\n|poke|p1|Gyarados, L50, F|\n|poke|p1|Ting-Lu, L50|\n|poke|p1|Flutter Mane, L50|\n|poke|p2|Iron Hands, L50|\n|poke|p2|Amoonguss, L50, F|\n|poke|p2|Pelipper, L50, F|\n|poke|p2|Palafin, L50, F|\n|poke|p2|Baxcalibur, L50, F|\n|poke|p2|Flutter Mane, L50|\n|teampreview|4\n|raw| Open Team Sheet for Pasodoble<\/summary>Activision (Abomasnow) @ Light Clay Ability: Snow Warning Level: 50 Tera Type: Water - Blizzard - Helping Hand - Leaf Storm - Aurora Veil Roxas (Ceruledge) @ Clear Amulet Ability: Flash Fire Level: 50 Tera Type: Grass - Protect - Bulk Up - Bitter Blade - Shadow Sneak Tallgeese (Iron Hands) @ Sitrus Berry Ability: Quark Drive Level: 50 Tera Type: Fire - Drain Punch - Wild Charge - Protect - Swords Dance Leviathan (Gyarados) @ Aguav Berry Ability: Intimidate Level: 50 Tera Type: Water - Taunt - Waterfall - Thunder Wave - Protect Frootloops (Ting-Lu) @ Assault Vest Ability: Vessel of Ruin Level: 50 Tera Type: Poison - Earthquake - Stomping Tantrum - Payback - Heavy Slam Bountyhunter (Flutter Mane) @ Choice Specs Ability: Protosynthesis Level: 50 Tera Type: Fairy - Moonblast - Dazzling Gleam - Shadow Ball - Psyshock <\/details><\/div> Open Team Sheet for 413XPlayz<\/summary>Iron Hands @ Assault Vest Ability: Quark Drive Level: 50 Shiny: Yes Tera Type: Grass - Fake Out - Drain Punch - Wild Charge - Volt Switch Amoonguss (F) @ Sitrus Berry Ability: Regenerator Level: 50 Tera Type: Steel - Spore - Rage Powder - Pollen Puff - Clear Smog Pelipper (F) @ Focus Sash Ability: Drizzle Level: 50 Tera Type: Flying - Hurricane - Hydro Pump - Tailwind - Protect Palafin (F) @ Mystic Water Ability: Zero to Hero Level: 50 Tera Type: Water - Jet Punch - Wave Crash - Haze - Protect Baxcalibur (F) @ Dragon Fang Ability: Thermal Exchange Level: 50 Tera Type: Poison - Glaive Rush - Ice Shard - Icicle Crash - Protect Flutter Mane @ Booster Energy Ability: Protosynthesis Level: 50 Tera Type: Steel - Moonblast - Shadow Ball - Dazzling Gleam - Protect <\/details><\/div>\n|c|\u2606413XPlayz|glhf\n|j| Radio Free C-Side\n|c|\u2606Pasodoble|glhf\n|j| bonkers babe\n|j|+TheEeveeAnimations\n|c|+TheEeveeAnimations|Get in discord\n|c| Radio Free C-Side|discord\n|c|\u2606413XPlayz|im off of ps after this im procrastinating hw\n|\n|t:|1681871781\n|start\n|switch|p1a: Activision|Abomasnow, L50, F|100\/100\n|switch|p1b: Tallgeese|Iron Hands, L50|100\/100\n|switch|p2a: Baxcalibur|Baxcalibur, L50, F|100\/100\n|switch|p2b: Iron Hands|Iron Hands, L50, shiny|100\/100\n|-weather|Snow|[from] ability: Snow Warning|[of] p1a: Activision\n|turn|1\n|c|+TheEeveeAnimations|Nerd\n|l|+TheEeveeAnimations\n|\n|t:|1681871812\n|switch|p2a: Pelipper|Pelipper, L50, F|100\/100\n|-weather|RainDance|[from] ability: Drizzle|[of] p2a: Pelipper\n|move|p1a: Activision|Aurora Veil||[still]\n|-fail|p1a: Activision\n|move|p2b: Iron Hands|Drain Punch|p1a: Activision\n|-supereffective|p1a: Activision\n|-damage|p1a: Activision|23\/100\n|move|p1b: Tallgeese|Swords Dance|p1b: Tallgeese\n|-boost|p1b: Tallgeese|atk|2\n|\n|-weather|RainDance|[upkeep]\n|upkeep\n|turn|2\n|\n|t:|1681871849\n|switch|p1a: Leviathan|Gyarados, L50, F|100\/100\n|-ability|p1a: Leviathan|Intimidate|boost\n|-unboost|p2a: Pelipper|atk|1\n|-unboost|p2b: Iron Hands|atk|1\n|move|p2a: Pelipper|Protect|p2a: Pelipper\n|-singleturn|p2a: Pelipper|Protect\n|move|p2b: Iron Hands|Drain Punch|p1b: Tallgeese\n|-damage|p1b: Tallgeese|84\/100\n|move|p1b: Tallgeese|Wild Charge|p2a: Pelipper\n|-activate|p2a: Pelipper|move: Protect\n|\n|-weather|RainDance|[upkeep]\n|upkeep\n|turn|3\n|\n|t:|1681871884\n|switch|p2a: Baxcalibur|Baxcalibur, L50, F|100\/100\n|move|p1a: Leviathan|Protect|p1a: Leviathan\n|-singleturn|p1a: Leviathan|Protect\n|move|p2b: Iron Hands|Wild Charge|p1a: Leviathan\n|-activate|p1a: Leviathan|move: Protect\n|move|p1b: Tallgeese|Wild Charge|p2a: Baxcalibur\n|-resisted|p2a: Baxcalibur\n|-damage|p2a: Baxcalibur|60\/100\n|-damage|p1b: Tallgeese|76\/100|[from] Recoil\n|\n|-weather|RainDance|[upkeep]\n|upkeep\n|turn|4\n|j| ProssettiVGC\n|\n|t:|1681871918\n|switch|p1a: Roxas|Ceruledge, L50, M|100\/100\n|move|p2a: Baxcalibur|Protect|p2a: Baxcalibur\n|-singleturn|p2a: Baxcalibur|Protect\n|move|p2b: Iron Hands|Volt Switch|p1b: Tallgeese\n|-resisted|p1b: Tallgeese\n|-damage|p1b: Tallgeese|72\/100\n|\n|t:|1681871923\n|-end|p2b: Iron Hands|Quark Drive|[silent]\n|switch|p2b: Pelipper|Pelipper, L50, F|100\/100|[from] Volt Switch\n|move|p1b: Tallgeese|Drain Punch|p2b: Pelipper\n|-resisted|p2b: Pelipper\n|-damage|p2b: Pelipper|48\/100\n|-heal|p1b: Tallgeese|86\/100|[from] drain|[of] p2b: Pelipper\n|\n|-weather|RainDance|[upkeep]\n|upkeep\n|turn|5\n|\n|t:|1681871943\n|move|p1a: Roxas|Protect|p1a: Roxas\n|-singleturn|p1a: Roxas|Protect\n|move|p2b: Pelipper|Hydro Pump|p1b: Tallgeese|[miss]\n|-miss|p2b: Pelipper|p1b: Tallgeese\n|move|p2a: Baxcalibur|Glaive Rush|p1b: Tallgeese\n|-damage|p1b: Tallgeese|26\/100\n|-singlemove|p2a: Baxcalibur|Glaive Rush|[silent]\n|-enditem|p1b: Tallgeese|Sitrus Berry|[eat]\n|-heal|p1b: Tallgeese|51\/100|[from] item: Sitrus Berry\n|move|p1b: Tallgeese|Drain Punch|p2a: Baxcalibur\n|-supereffective|p2a: Baxcalibur\n|-damage|p2a: Baxcalibur|0 fnt\n|-heal|p1b: Tallgeese|74\/100|[from] drain|[of] p2a: Baxcalibur\n|faint|p2a: Baxcalibur\n|\n|-weather|none\n|upkeep\n|\n|t:|1681871953\n|switch|p2a: Flutter Mane|Flutter Mane, L50|100\/100\n|-enditem|p2a: Flutter Mane|Booster Energy\n|-activate|p2a: Flutter Mane|ability: Protosynthesis|[fromitem]\n|-start|p2a: Flutter Mane|protosynthesisspa\n|turn|6\n|\n|t:|1681871977\n|-terastallize|p1a: Roxas|Grass\n|move|p2a: Flutter Mane|Protect|p2a: Flutter Mane\n|-singleturn|p2a: Flutter Mane|Protect\n|move|p2b: Pelipper|Hydro Pump|p1b: Tallgeese|[miss]\n|-miss|p2b: Pelipper|p1b: Tallgeese\n|move|p1a: Roxas|Bitter Blade|p2a: Flutter Mane\n|-activate|p2a: Flutter Mane|move: Protect\n|move|p1b: Tallgeese|Wild Charge|p2a: Flutter Mane\n|-activate|p2a: Flutter Mane|move: Protect\n|\n|upkeep\n|turn|7\n|j| Snowstorm brute\n|\n|t:|1681872017\n|-terastallize|p2a: Flutter Mane|Steel\n|move|p2a: Flutter Mane|Moonblast|p1a: Roxas\n|-damage|p1a: Roxas|43\/100\n|move|p2b: Pelipper|Hurricane|p1a: Roxas|[miss]\n|-miss|p2b: Pelipper|p1a: Roxas\n|move|p1a: Roxas|Bitter Blade|p2a: Flutter Mane\n|-supereffective|p2a: Flutter Mane\n|-damage|p2a: Flutter Mane|0 fnt\n|-heal|p1a: Roxas|87\/100|[from] drain|[of] p2a: Flutter Mane\n|faint|p2a: Flutter Mane\n|-end|p2a: Flutter Mane|Protosynthesis|[silent]\n|move|p1b: Tallgeese|Wild Charge|p2b: Pelipper\n|-supereffective|p2b: Pelipper\n|-damage|p2b: Pelipper|0 fnt\n|faint|p2b: Pelipper\n|-damage|p1b: Tallgeese|68\/100|[from] Recoil\n|\n|upkeep\n|c|\u2606413XPlayz|ggs\n|\n|t:|1681872025\n|switch|p2b: Iron Hands|Iron Hands, L50, shiny|100\/100\n|turn|8\n|c|\u2606Pasodoble|gg\n|\n|t:|1681872037\n|move|p1a: Roxas|Bitter Blade|p2b: Iron Hands\n|-damage|p2b: Iron Hands|71\/100\n|-heal|p1a: Roxas|100\/100|[from] drain|[of] p2b: Iron Hands\n|move|p2b: Iron Hands|Drain Punch|p1b: Tallgeese\n|-damage|p1b: Tallgeese|42\/100\n|-heal|p2b: Iron Hands|85\/100|[from] drain|[of] p1b: Tallgeese\n|move|p1b: Tallgeese|Drain Punch|p2b: Iron Hands\n|-damage|p2b: Iron Hands|34\/100\n|-heal|p1b: Tallgeese|67\/100|[from] drain|[of] p2b: Iron Hands\n|\n|upkeep\n|turn|9\n|-message|413XPlayz forfeited.\n|\n|win|Pasodoble\n|n|\u2606Pasodoble|pasodoble\n|n|\u2606413XPlayz|413xplayz\n|n| Radio Free C-Side|radiofreecside\n|n| bonkers babe|bonkersbabe\n|n| ProssettiVGC|prossettivgc\n|n| Snowstorm brute|snowstormbrute\n","uploadtime":1681872045,"views":17,"p1id":"pasodoble","p2id":"413xplayz","formatid":"gen9vgc2023regulationc","rating":0,"private":0,"password":""}