{"id":"gen9vgc2023regulationc-1852373586","p1":"thejordanvgc","p2":"CoDameron","format":"[Gen 9] VGC 2023 Regulation C","log":"|j|\u2606thejordanvgc\n|j|\u2606CoDameron\n|t:|1682549678\n|gametype|doubles\n|player|p1|thejordanvgc|169|\n|player|p2|CoDameron|266|\n|teamsize|p1|6\n|teamsize|p2|6\n|gen|9\n|tier|[Gen 9] VGC 2023 Regulation C\n|rule|Species Clause: Limit one of each Pok\u00e9mon\n|rule|Item Clause: Limit one of each item\n|clearpoke\n|poke|p1|Floatzel, L50, M|\n|poke|p1|Iron Jugulis, L50|\n|poke|p1|Garchomp, L50, F|\n|poke|p1|Grumpig, L50, F|\n|poke|p1|Florges, L50, F|\n|poke|p1|Eelektross, L50, F|\n|poke|p2|Wo-Chien, L50|\n|poke|p2|Polteageist, L50|\n|poke|p2|Cloyster, L50, F|\n|poke|p2|Scizor, L50, F|\n|poke|p2|Foongus, L50, F|\n|poke|p2|Bellibolt, L50, F|\n|teampreview|4\n|c|\u2606CoDameron|g2\nCoDameron rejected open team sheets.\n|c|\u2606thejordanvgc|ready?\n|c|\u2606CoDameron|yea\n|inactive|Battle timer is ON: inactive players will automatically lose when time's up. (requested by CoDameron)\n|c|\u2606thejordanvgc|gl hf\n|inactive|CoDameron has 60 seconds left.\n|\n|t:|1682550279\n|start\n|switch|p1a: Palafin's Cousin|Floatzel, L50, M|100\/100\n|switch|p1b: Juggy Baby|Iron Jugulis, L50|100\/100\n|switch|p2a: The Count|Cloyster, L50, F|100\/100\n|switch|p2b: Safety First!|Foongus, L50, F|100\/100\n|turn|1\n|inactive|thejordanvgc has 30 seconds left.\n|inactive|CoDameron has 30 seconds left.\n|inactive|thejordanvgc has 20 seconds left.\n|inactive|CoDameron has 20 seconds left.\n|inactive|thejordanvgc has 15 seconds left.\n|\n|t:|1682550320\n|move|p1a: Palafin's Cousin|Taunt|p2b: Safety First!\n|-start|p2b: Safety First!|move: Taunt\n|move|p1b: Juggy Baby|Snarl|p2a: The Count|[spread] p2a,p2b\n|-damage|p2a: The Count|43\/100\n|-damage|p2b: Safety First!|87\/100\n|-unboost|p2a: The Count|spa|1\n|-unboost|p2b: Safety First!|spa|1\n|move|p2a: The Count|Shell Smash|p2a: The Count\n|-unboost|p2a: The Count|def|1\n|-unboost|p2a: The Count|spd|1\n|-boost|p2a: The Count|atk|2\n|-boost|p2a: The Count|spa|2\n|-boost|p2a: The Count|spe|2\n|cant|p2b: Safety First!|move: Taunt|Spore\n|\n|upkeep\n|turn|2\n|inactive|thejordanvgc has 30 seconds left.\n|inactive|thejordanvgc has 20 seconds left.\n|\n|t:|1682550360\n|switch|p2b: Rosetta|Wo-Chien, L50|100\/100\n|-ability|p2b: Rosetta|Tablets of Ruin\n|move|p2a: The Count|Icicle Spear|p1b: Juggy Baby\n|-supereffective|p1b: Juggy Baby\n|-damage|p1b: Juggy Baby|73\/100\n|-supereffective|p1b: Juggy Baby\n|-crit|p1b: Juggy Baby\n|-damage|p1b: Juggy Baby|30\/100\n|-enditem|p1b: Juggy Baby|Sitrus Berry|[eat]\n|-heal|p1b: Juggy Baby|55\/100|[from] item: Sitrus Berry\n|-supereffective|p1b: Juggy Baby\n|-damage|p1b: Juggy Baby|24\/100\n|-supereffective|p1b: Juggy Baby\n|-damage|p1b: Juggy Baby|0 fnt\n|faint|p1b: Juggy Baby\n|-end|p1b: Juggy Baby|Quark Drive|[silent]\n|-hitcount|p1: Juggy Baby|4\n|move|p1a: Palafin's Cousin|Ice Spinner|p2b: Rosetta\n|-supereffective|p2b: Rosetta\n|-damage|p2b: Rosetta|68\/100\n|\n|-heal|p2b: Rosetta|74\/100|[from] item: Leftovers\n|upkeep\n|\n|t:|1682550377\n|switch|p1b: Escalator|Eelektross, L50, F|100\/100\n|turn|3\n|inactive|CoDameron has 30 seconds left.\n|\n|t:|1682550403\n|-terastallize|p2b: Rosetta|Water\n|move|p1a: Palafin's Cousin|Protect|p1a: Palafin's Cousin\n|-singleturn|p1a: Palafin's Cousin|Protect\n|move|p2a: The Count|Icicle Spear|p1b: Escalator\n|-damage|p1b: Escalator|81\/100\n|-damage|p1b: Escalator|60\/100\n|-damage|p1b: Escalator|41\/100\n|-damage|p1b: Escalator|23\/100\n|-damage|p1b: Escalator|5\/100\n|-hitcount|p1b: Escalator|5\n|move|p1b: Escalator|Discharge|p2a: The Count|[spread] p2a,p2b\n|-activate|p1a: Palafin's Cousin|move: Protect\n|-supereffective|p2a: The Count\n|-supereffective|p2b: Rosetta\n|-damage|p2a: The Count|0 fnt\n|-damage|p2b: Rosetta|39\/100\n|faint|p2a: The Count\n|move|p2b: Rosetta|Leech Seed|p1a: Palafin's Cousin\n|-activate|p1a: Palafin's Cousin|move: Protect\n|\n|-heal|p2b: Rosetta|45\/100|[from] item: Leftovers\n|upkeep\n|\n|t:|1682550422\n|switch|p2a: Jelli Belli|Bellibolt, L50, F, shiny|100\/100\n|turn|4\n|inactive|thejordanvgc has 30 seconds left.\n|\n|t:|1682550451\n|move|p2b: Rosetta|Protect|p2b: Rosetta\n|-singleturn|p2b: Rosetta|Protect\n|move|p1a: Palafin's Cousin|Taunt|p2b: Rosetta\n|-activate|p2b: Rosetta|move: Protect\n|move|p1b: Escalator|Acid Spray|p2a: Jelli Belli\n|-damage|p2a: Jelli Belli|87\/100\n|-unboost|p2a: Jelli Belli|spd|2\n|-start|p2a: Jelli Belli|Charge|Acid Spray|[from] ability: Electromorphosis\n|move|p2a: Jelli Belli|Muddy Water|p1a: Palafin's Cousin|[spread] p1a,p1b\n|-resisted|p1a: Palafin's Cousin\n|-damage|p1a: Palafin's Cousin|78\/100\n|-damage|p1b: Escalator|0 fnt\n|-unboost|p1a: Palafin's Cousin|accuracy|1\n|faint|p1b: Escalator\n|\n|-heal|p2b: Rosetta|52\/100|[from] item: Leftovers\n|upkeep\n|\n|t:|1682550463\n|switch|p1b: Flizzy J|Florges, L50, F|100\/100\n|turn|5\n|inactive|thejordanvgc has 30 seconds left.\n|inactive|CoDameron has 30 seconds left.\n|\n|t:|1682550496\n|switch|p2a: Safety First!|Foongus, L50, F|100\/100\n|-terastallize|p1b: Flizzy J|Grass\n|move|p1a: Palafin's Cousin|Liquidation|p2a: Safety First!\n|-resisted|p2a: Safety First!\n|-damage|p2a: Safety First!|83\/100\n|-unboost|p2a: Safety First!|def|1\n|move|p1b: Flizzy J|Moonblast|p2a: Safety First!\n|-resisted|p2a: Safety First!\n|-damage|p2a: Safety First!|69\/100\n|move|p2b: Rosetta|Snarl|p1a: Palafin's Cousin|[spread] p1a,p1b\n|-damage|p1a: Palafin's Cousin|52\/100\n|-damage|p1b: Flizzy J|92\/100\n|-unboost|p1a: Palafin's Cousin|spa|1\n|\n|-heal|p2b: Rosetta|58\/100|[from] item: Leftovers\n|upkeep\n|turn|6\n|inactive|thejordanvgc has 30 seconds left.\n|inactive|CoDameron has 30 seconds left.\n|inactive|CoDameron has 20 seconds left.\n|\n|t:|1682550532\n|move|p1a: Palafin's Cousin|Taunt|p2a: Safety First!\n|-start|p2a: Safety First!|move: Taunt\n|move|p1b: Flizzy J|Calm Mind|p1b: Flizzy J\n|-boost|p1b: Flizzy J|spa|1\n|-boost|p1b: Flizzy J|spd|1\n|move|p2b: Rosetta|Snarl|p1b: Flizzy J|[spread] p1a,p1b\n|-damage|p1a: Palafin's Cousin|25\/100\n|-damage|p1b: Flizzy J|85\/100\n|-unboost|p1a: Palafin's Cousin|spa|1\n|move|p2a: Safety First!|Pollen Puff|p2b: Rosetta\n|-heal|p2b: Rosetta|100\/100\n|\n|upkeep\n|turn|7\n|\n|t:|1682550557\n|move|p1a: Palafin's Cousin|Protect|p1a: Palafin's Cousin\n|-singleturn|p1a: Palafin's Cousin|Protect\n|move|p1b: Flizzy J|Calm Mind|p1b: Flizzy J\n|-boost|p1b: Flizzy J|spa|1\n|-boost|p1b: Flizzy J|spd|1\n|move|p2b: Rosetta|Snarl|p1b: Flizzy J|[spread] p1b\n|-activate|p1a: Palafin's Cousin|move: Protect\n|-damage|p1b: Flizzy J|80\/100\n|move|p2a: Safety First!|Pollen Puff|p1b: Flizzy J\n|-supereffective|p1b: Flizzy J\n|-damage|p1b: Flizzy J|71\/100\n|\n|upkeep\n|turn|8\n|inactive|thejordanvgc has 30 seconds left.\n|inactive|thejordanvgc has 20 seconds left.\n|inactive|thejordanvgc has 15 seconds left.\n|\n|t:|1682550598\n|move|p1a: Palafin's Cousin|Ice Spinner|p2a: Safety First!|[miss]\n|-miss|p1a: Palafin's Cousin|p2a: Safety First!\n|move|p1b: Flizzy J|Moonblast|p2b: Rosetta\n|-damage|p2b: Rosetta|52\/100\n|move|p2b: Rosetta|Snarl|p1a: Palafin's Cousin|[spread] p1a\n|-miss|p2b: Rosetta|p1b: Flizzy J\n|-damage|p1a: Palafin's Cousin|0 fnt\n|faint|p1a: Palafin's Cousin\n|move|p2a: Safety First!|Pollen Puff|p1b: Flizzy J\n|-supereffective|p1b: Flizzy J\n|-damage|p1b: Flizzy J|62\/100\n|\n|-heal|p2b: Rosetta|58\/100|[from] item: Leftovers\n|-end|p2a: Safety First!|move: Taunt\n|upkeep\n|turn|9\n|\n|t:|1682550623\n|switch|p2a: Jelli Belli|Bellibolt, L50, F, shiny|87\/100\n|move|p2b: Rosetta|Protect|p2b: Rosetta\n|-singleturn|p2b: Rosetta|Protect\n|move|p1b: Flizzy J|Calm Mind|p1b: Flizzy J\n|-boost|p1b: Flizzy J|spa|1\n|-boost|p1b: Flizzy J|spd|1\n|\n|-heal|p2b: Rosetta|64\/100|[from] item: Leftovers\n|upkeep\n|turn|10\n|\n|t:|1682550644\n|move|p1b: Flizzy J|Synthesis|p1b: Flizzy J\n|-heal|p1b: Flizzy J|100\/100\n|move|p2b: Rosetta|Snarl|p1b: Flizzy J\n|-damage|p1b: Flizzy J|95\/100\n|move|p2a: Jelli Belli|Light Screen|p2a: Jelli Belli\n|-sidestart|p2: CoDameron|move: Light Screen\n|\n|-heal|p2b: Rosetta|70\/100|[from] item: Leftovers\n|upkeep\n|turn|11\n|\n|t:|1682550657\n|move|p1b: Flizzy J|Calm Mind|p1b: Flizzy J\n|-boost|p1b: Flizzy J|spa|1\n|-boost|p1b: Flizzy J|spd|1\n|move|p2b: Rosetta|Snarl|p1b: Flizzy J\n|-damage|p1b: Flizzy J|90\/100\n|move|p2a: Jelli Belli|Muddy Water|p1b: Flizzy J\n|-resisted|p1b: Flizzy J\n|-damage|p1b: Flizzy J|87\/100\n|\n|-heal|p2b: Rosetta|77\/100|[from] item: Leftovers\n|upkeep\n|turn|12\n|\n|t:|1682550670\n|move|p1b: Flizzy J|Moonblast|p2a: Jelli Belli\n|-damage|p2a: Jelli Belli|0 fnt\n|faint|p2a: Jelli Belli\n|move|p2b: Rosetta|Snarl|p1b: Flizzy J\n|-damage|p1b: Flizzy J|82\/100\n|\n|-heal|p2b: Rosetta|83\/100|[from] item: Leftovers\n|upkeep\n|\n|t:|1682550677\n|switch|p2a: Safety First!|Foongus, L50, F|100\/100\n|turn|13\n|\n|t:|1682550691\n|move|p1b: Flizzy J|Psychic|p2a: Safety First!\n|-supereffective|p2a: Safety First!\n|-damage|p2a: Safety First!|26\/100\n|move|p2b: Rosetta|Snarl|p1b: Flizzy J\n|-damage|p1b: Flizzy J|77\/100\n|move|p2a: Safety First!|Pollen Puff|p2b: Rosetta\n|-heal|p2b: Rosetta|100\/100\n|\n|upkeep\n|turn|14\n|inactive|CoDameron has 30 seconds left.\n|inactive|CoDameron has 20 seconds left.\n|inactive|CoDameron has 15 seconds left.\n|inactive|CoDameron has 10 seconds left.\n|inactive|CoDameron has 5 seconds left.\n|\n|t:|1682550743\n|move|p2b: Rosetta|Protect|p2b: Rosetta\n|-singleturn|p2b: Rosetta|Protect\n|move|p2a: Safety First!|Protect|p2a: Safety First!\n|-singleturn|p2a: Safety First!|Protect\n|move|p1b: Flizzy J|Psychic|p2a: Safety First!\n|-activate|p2a: Safety First!|move: Protect\n|\n|upkeep\n|turn|15\n|inactive|CoDameron has 30 seconds left.\n|inactive|CoDameron has 20 seconds left.\n|inactive|CoDameron has 15 seconds left.\n|inactive|CoDameron has 10 seconds left.\n|\n|t:|1682550792\n|move|p2a: Safety First!|Protect|p2a: Safety First!\n|-singleturn|p2a: Safety First!|Protect\n|move|p1b: Flizzy J|Psychic|p2a: Safety First!\n|-activate|p2a: Safety First!|move: Protect\n|move|p2b: Rosetta|Pollen Puff|p1b: Flizzy J\n|-supereffective|p1b: Flizzy J\n|-damage|p1b: Flizzy J|66\/100\n|\n|upkeep\n|turn|16\n|inactive|CoDameron has 30 seconds left.\n|inactive|CoDameron has 20 seconds left.\n|inactive|CoDameron has 15 seconds left.\n|inactive|CoDameron has 10 seconds left.\n|inactive|CoDameron has 5 seconds left.\n|\n|t:|1682550833\n|move|p2b: Rosetta|Protect|p2b: Rosetta\n|-singleturn|p2b: Rosetta|Protect\n|move|p1b: Flizzy J|Psychic|p2a: Safety First!\n|-supereffective|p2a: Safety First!\n|-damage|p2a: Safety First!|0 fnt\n|faint|p2a: Safety First!\n|\n|upkeep\n|turn|17\n|inactive|CoDameron has 5 seconds left this turn.\n|-message|CoDameron lost due to inactivity.\n|\n|win|thejordanvgc\n|c|\u2606thejordanvgc|gg\n|c|\u2606thejordanvgc|ko to florges\n|c|\u2606CoDameron|oh hold up\n","uploadtime":1682550862,"views":22,"p1id":"thejordanvgc","p2id":"codameron","formatid":"gen9vgc2023regulationc","rating":0,"private":0,"password":""}