{"id":"gen9vgc2023regulationc-1862748416","p1":"IeroTenparansu","p2":"CCManny","format":"[Gen 9] VGC 2023 Regulation C","log":"|j|\u2606IeroTenparansu\n|j|\u2606CCManny\n|t:|1683917898\n|gametype|doubles\n|player|p1|IeroTenparansu|madame-gen4dp|1388\n|player|p2|CCManny|102|1402\n|teamsize|p1|6\n|teamsize|p2|6\n|gen|9\n|tier|[Gen 9] VGC 2023 Regulation C\n|rated|\n|rule|Species Clause: Limit one of each Pok\u00e9mon\n|rule|Item Clause: Limit one of each item\n|clearpoke\n|poke|p1|Dondozo, L50, M|\n|poke|p1|Tatsugiri, L50, F|\n|poke|p1|Chi-Yu, L50|\n|poke|p1|Iron Bundle, L50|\n|poke|p1|Flutter Mane, L50|\n|poke|p1|Glimmora, L50, M|\n|poke|p2|Dragonite, L50, M|\n|poke|p2|Corviknight, L50, M|\n|poke|p2|Palafin, L50, F|\n|poke|p2|Flutter Mane, L50|\n|poke|p2|Umbreon, L50, F|\n|poke|p2|Gyarados, L50, M|\n|teampreview|4\n|inactive|Battle timer is ON: inactive players will automatically lose when time's up. (requested by CCManny)\n|\n|t:|1683917979\n|start\n|switch|p1a: Chi-Yu|Chi-Yu, L50|100\/100\n|switch|p1b: Iron Bundle|Iron Bundle, L50, shiny|100\/100\n|switch|p2a: Flutter Mane|Flutter Mane, L50|100\/100\n|switch|p2b: Umbreon|Umbreon, L50, F, shiny|100\/100\n|-ability|p1a: Chi-Yu|Beads of Ruin\n|-enditem|p1b: Iron Bundle|Booster Energy\n|-activate|p1b: Iron Bundle|ability: Quark Drive|[fromitem]\n|-start|p1b: Iron Bundle|quarkdrivespe\n|-enditem|p2a: Flutter Mane|Booster Energy\n|-activate|p2a: Flutter Mane|ability: Protosynthesis|[fromitem]\n|-start|p2a: Flutter Mane|protosynthesisspe\n|turn|1\n|\n|t:|1683918002\n|move|p1b: Iron Bundle|Icy Wind|p2b: Umbreon|[spread] p2a,p2b\n|-damage|p2a: Flutter Mane|78\/100\n|-damage|p2b: Umbreon|84\/100\n|-unboost|p2a: Flutter Mane|spe|1\n|-unboost|p2b: Umbreon|spe|1\n|move|p2a: Flutter Mane|Calm Mind|p2a: Flutter Mane\n|-boost|p2a: Flutter Mane|spa|1\n|-boost|p2a: Flutter Mane|spd|1\n|move|p1a: Chi-Yu|Heat Wave|p2a: Flutter Mane|[spread] p2a,p2b\n|-damage|p2a: Flutter Mane|54\/100\n|-damage|p2b: Umbreon|55\/100\n|move|p2b: Umbreon|Snarl|p1a: Chi-Yu|[spread] p1a,p1b\n|-resisted|p1a: Chi-Yu\n|-damage|p1a: Chi-Yu|95\/100\n|-damage|p1b: Iron Bundle|77\/100\n|-unboost|p1a: Chi-Yu|spa|1\n|-unboost|p1b: Iron Bundle|spa|1\n|\n|upkeep\n|turn|2\n|\n|t:|1683918029\n|-terastallize|p2a: Flutter Mane|Fairy\n|move|p1b: Iron Bundle|Hydro Pump|p2a: Flutter Mane\n|-damage|p2a: Flutter Mane|27\/100\n|move|p2a: Flutter Mane|Dazzling Gleam|p1b: Iron Bundle|[spread] p1a,p1b\n|-damage|p1a: Chi-Yu|26\/100\n|-damage|p1b: Iron Bundle|0 fnt\n|faint|p1b: Iron Bundle\n|-end|p1b: Iron Bundle|Quark Drive|[silent]\n|move|p1a: Chi-Yu|Dark Pulse|p2a: Flutter Mane\n|-resisted|p2a: Flutter Mane\n|-damage|p2a: Flutter Mane|17\/100\n|move|p2b: Umbreon|Moonlight|p2b: Umbreon\n|-heal|p2b: Umbreon|100\/100\n|\n|upkeep\n|\n|t:|1683918047\n|switch|p1b: Dondozo|Dondozo, L50, M|100\/100\n|turn|3\n|\n|t:|1683918057\n|move|p2a: Flutter Mane|Protect|p2a: Flutter Mane\n|-singleturn|p2a: Flutter Mane|Protect\n|move|p1a: Chi-Yu|Protect|p1a: Chi-Yu\n|-singleturn|p1a: Chi-Yu|Protect\n|move|p1b: Dondozo|Wave Crash|p2a: Flutter Mane\n|-activate|p2a: Flutter Mane|move: Protect\n|move|p2b: Umbreon|Skill Swap|p1b: Dondozo\n|-activate|p2b: Umbreon|move: Skill Swap|Oblivious|Inner Focus|[of] p1b: Dondozo\n|\n|upkeep\n|turn|4\n|\n|t:|1683918077\n|switch|p1a: Tatsugiri|Tatsugiri, L50, F|100\/100\n|-activate|p1a: Tatsugiri|ability: Commander|[of] p1b: Dondozo\n|-boost|p1b: Dondozo|atk|2\n|-boost|p1b: Dondozo|spa|2\n|-boost|p1b: Dondozo|spe|2\n|-boost|p1b: Dondozo|def|2\n|-boost|p1b: Dondozo|spd|2\n|-enditem|p2b: Umbreon|Mirror Herb\n|-boost|p2b: Umbreon|atk|2|[from] item: Mirror Herb\n|-boost|p2b: Umbreon|spa|2|[from] item: Mirror Herb\n|-boost|p2b: Umbreon|spe|2|[from] item: Mirror Herb\n|-boost|p2b: Umbreon|def|2|[from] item: Mirror Herb\n|-boost|p2b: Umbreon|spd|2|[from] item: Mirror Herb\n|move|p1b: Dondozo|Wave Crash|p2a: Flutter Mane\n|-damage|p2a: Flutter Mane|0 fnt\n|faint|p2a: Flutter Mane\n|-end|p2a: Flutter Mane|Protosynthesis|[silent]\n|-damage|p1b: Dondozo|97\/100|[from] Recoil\n|move|p2b: Umbreon|Foul Play|p1b: Dondozo\n|-damage|p1b: Dondozo|67\/100\n|\n|-heal|p1b: Dondozo|74\/100|[from] item: Leftovers\n|upkeep\n|\n|t:|1683918099\n|switch|p2a: Corviknight|Corviknight, L50, M|100\/100\n|turn|5\n|\n|t:|1683918112\n|move|p1b: Dondozo|Wave Crash|p2a: Corviknight\n|-damage|p2a: Corviknight|18\/100\n|-damage|p1b: Dondozo|49\/100|[from] Recoil\n|move|p2b: Umbreon|Foul Play|p1b: Dondozo\n|-damage|p1b: Dondozo|22\/100\n|move|p2a: Corviknight|Bulk Up|p2a: Corviknight\n|-boost|p2a: Corviknight|atk|1\n|-boost|p2a: Corviknight|def|1\n|\n|-heal|p1b: Dondozo|28\/100|[from] item: Leftovers\n|-heal|p2a: Corviknight|24\/100|[from] item: Leftovers\n|upkeep\n|turn|6\n|inactive|IeroTenparansu has 30 seconds left.\n|\n|t:|1683918141\n|move|p1b: Dondozo|Protect|p1b: Dondozo\n|-singleturn|p1b: Dondozo|Protect\n|move|p2b: Umbreon|Foul Play|p1b: Dondozo\n|-activate|p1b: Dondozo|move: Protect\n|move|p2a: Corviknight|Roost|p2a: Corviknight\n|-heal|p2a: Corviknight|74\/100\n|-singleturn|p2a: Corviknight|move: Roost\n|\n|-heal|p1b: Dondozo|34\/100|[from] item: Leftovers\n|-heal|p2a: Corviknight|80\/100|[from] item: Leftovers\n|upkeep\n|turn|7\n|\n|t:|1683918163\n|move|p1b: Dondozo|Wave Crash|p2a: Corviknight\n|-damage|p2a: Corviknight|20\/100\n|-damage|p1b: Dondozo|16\/100|[from] Recoil\n|move|p2b: Umbreon|Foul Play|p1b: Dondozo\n|-damage|p1b: Dondozo|0 fnt\n|faint|p1b: Dondozo\n|move|p2a: Corviknight|Roost|p2a: Corviknight\n|-heal|p2a: Corviknight|70\/100\n|-singleturn|p2a: Corviknight|move: Roost\n|\n|-heal|p2a: Corviknight|76\/100|[from] item: Leftovers\n|upkeep\n|-message|IeroTenparansu forfeited.\n|\n|win|CCManny\n|raw|IeroTenparansu's rating: 1388 → 1369<\/strong> (-19 for losing)\n|raw|CCManny's rating: 1402 → 1421<\/strong> (+19 for winning)\n","uploadtime":1683918181,"views":11,"p1id":"ierotenparansu","p2id":"ccmanny","formatid":"gen9vgc2023regulationc","rating":1369,"private":0,"password":""}