{"id":"gen9vgc2023regulationc-1862546606","p1":"Prompto88","p2":"iPep","format":"[Gen 9] VGC 2023 Regulation C","log":"|j|\u2606Prompto88\n|j|\u2606iPep\n|t:|1683899531\n|gametype|doubles\n|player|p1|Prompto88|265|1189\n|player|p2|iPep|266|1155\n|teamsize|p1|6\n|teamsize|p2|6\n|gen|9\n|tier|[Gen 9] VGC 2023 Regulation C\n|rated|\n|rule|Species Clause: Limit one of each Pok\u00e9mon\n|rule|Item Clause: Limit one of each item\n|clearpoke\n|poke|p1|Tatsugiri, L50, F|\n|poke|p1|Arcanine, L50, M|\n|poke|p1|Garganacl, L50, M|\n|poke|p1|Ting-Lu, L50|\n|poke|p1|Wo-Chien, L50|\n|poke|p1|Dondozo, L50, F|\n|poke|p2|Glimmora, L50, M|\n|poke|p2|Wo-Chien, L50|\n|poke|p2|Garganacl, L50, M|\n|poke|p2|Ting-Lu, L50|\n|poke|p2|Orthworm, L50, F|\n|poke|p2|Grimmsnarl, L50, M|\n|teampreview|4\n|inactive|Battle timer is ON: inactive players will automatically lose when time's up. (requested by Prompto88)\n|inactive|Prompto88 has 60 seconds left.\n|inactive|Prompto88 has 30 seconds left.\n|inactive|Prompto88 has 20 seconds left.\n|\n|t:|1683899604\n|start\n|switch|p1a: Garganacl|Garganacl, L50, M|100\/100\n|switch|p1b: Ting-Lu|Ting-Lu, L50|100\/100\n|switch|p2a: Glimmora|Glimmora, L50, M, shiny|100\/100\n|switch|p2b: Grimmsnarl|Grimmsnarl, L50, M|100\/100\n|-ability|p1b: Ting-Lu|Vessel of Ruin\n|turn|1\n|inactive|iPep has 30 seconds left.\n|\n|t:|1683899634\n|-terastallize|p1a: Garganacl|Ghost\n|move|p2b: Grimmsnarl|Reflect|p2b: Grimmsnarl\n|-sidestart|p2: iPep|Reflect\n|move|p2a: Glimmora|Mortal Spin|p1a: Garganacl|[spread] p1a,p1b\n|-resisted|p1a: Garganacl\n|-resisted|p1b: Ting-Lu\n|-damage|p1a: Garganacl|99\/100\n|-damage|p1b: Ting-Lu|99\/100\n|-status|p1b: Ting-Lu|psn\n|move|p1b: Ting-Lu|Sand Tomb|p2a: Glimmora\n|-supereffective|p2a: Glimmora\n|-damage|p2a: Glimmora|63\/100\n|-activate|p2a: Glimmora|move: Sand Tomb|[of] p1b: Ting-Lu\n|-activate|p2a: Glimmora|ability: Toxic Debris\n|-sidestart|p1: Prompto88|move: Toxic Spikes\n|move|p1a: Garganacl|Salt Cure|p2b: Grimmsnarl\n|-damage|p2b: Grimmsnarl|90\/100\n|-start|p2b: Grimmsnarl|Salt Cure\n|\n|-heal|p1a: Garganacl|100\/100|[from] item: Leftovers\n|-damage|p1b: Ting-Lu|87\/100 psn|[from] psn\n|-damage|p2a: Glimmora|51\/100|[from] move: Sand Tomb|[partiallytrapped]\n|-damage|p2b: Grimmsnarl|77\/100|[from] Salt Cure\n|upkeep\n|turn|2\n|inactive|Prompto88 has 30 seconds left.\n|inactive|iPep has 30 seconds left.\n|\n|t:|1683899665\n|move|p2a: Glimmora|Spiky Shield|p2a: Glimmora\n|-singleturn|p2a: Glimmora|move: Protect\n|move|p1a: Garganacl|Wide Guard|p1a: Garganacl\n|-singleturn|p1a: Garganacl|Wide Guard\n|move|p2b: Grimmsnarl|Spirit Break|p1a: Garganacl\n|-damage|p1a: Garganacl|77\/100\n|-unboost|p1a: Garganacl|spa|1\n|move|p1b: Ting-Lu|Sand Tomb|p2b: Grimmsnarl\n|-damage|p2b: Grimmsnarl|67\/100\n|-activate|p2b: Grimmsnarl|move: Sand Tomb|[of] p1b: Ting-Lu\n|\n|-heal|p1a: Garganacl|83\/100|[from] item: Leftovers\n|-damage|p1b: Ting-Lu|75\/100 psn|[from] psn\n|-damage|p2a: Glimmora|39\/100|[from] move: Sand Tomb|[partiallytrapped]\n|-damage|p2b: Grimmsnarl|54\/100|[from] Salt Cure\n|-damage|p2b: Grimmsnarl|42\/100|[from] move: Sand Tomb|[partiallytrapped]\n|upkeep\n|turn|3\n|inactive|iPep has 30 seconds left.\n|\n|t:|1683899697\n|move|p2a: Glimmora|Venoshock|p1a: Garganacl\n|-resisted|p1a: Garganacl\n|-damage|p1a: Garganacl|75\/100\n|move|p2b: Grimmsnarl|Spirit Break|p1a: Garganacl\n|-damage|p1a: Garganacl|55\/100\n|-unboost|p1a: Garganacl|spa|1\n|move|p1b: Ting-Lu|Ruination|p2a: Glimmora\n|-damage|p2a: Glimmora|20\/100\n|move|p1a: Garganacl|Recover|p1a: Garganacl\n|-heal|p1a: Garganacl|100\/100\n|\n|-damage|p1b: Ting-Lu|63\/100 psn|[from] psn\n|-damage|p2a: Glimmora|8\/100|[from] move: Sand Tomb|[partiallytrapped]\n|-damage|p2b: Grimmsnarl|30\/100|[from] Salt Cure\n|-damage|p2b: Grimmsnarl|17\/100|[from] move: Sand Tomb|[partiallytrapped]\n|upkeep\n|turn|4\n|inactive|Prompto88 has 30 seconds left.\n|inactive|iPep has 30 seconds left.\n|\n|t:|1683899725\n|move|p1b: Ting-Lu|Protect|p1b: Ting-Lu\n|-singleturn|p1b: Ting-Lu|Protect\n|move|p2b: Grimmsnarl|Light Screen|p2b: Grimmsnarl\n|-sidestart|p2: iPep|move: Light Screen\n|move|p2a: Glimmora|Power Gem|p1a: Garganacl\n|-damage|p1a: Garganacl|83\/100\n|move|p1a: Garganacl|Recover|p1a: Garganacl\n|-heal|p1a: Garganacl|100\/100\n|\n|-damage|p1b: Ting-Lu|50\/100 psn|[from] psn\n|-damage|p2a: Glimmora|0 fnt|[from] move: Sand Tomb|[partiallytrapped]\n|faint|p2a: Glimmora\n|-damage|p2b: Grimmsnarl|5\/100|[from] Salt Cure\n|-damage|p2b: Grimmsnarl|0 fnt|[from] move: Sand Tomb|[partiallytrapped]\n|faint|p2b: Grimmsnarl\n|upkeep\n|\n|t:|1683899745\n|switch|p2a: Wo-Chien|Wo-Chien, L50|100\/100\n|switch|p2b: Ting-Lu|Ting-Lu, L50|100\/100\n|-ability|p2a: Wo-Chien|Tablets of Ruin\n|-ability|p2b: Ting-Lu|Vessel of Ruin\n|turn|5\n|\n|t:|1683899761\n|move|p2a: Wo-Chien|Leech Seed|p1b: Ting-Lu|[miss]\n|-miss|p2a: Wo-Chien|p1b: Ting-Lu\n|move|p1b: Ting-Lu|Ruination|p2a: Wo-Chien\n|-damage|p2a: Wo-Chien|50\/100\n|move|p2b: Ting-Lu|Ruination|p1a: Garganacl\n|-damage|p1a: Garganacl|51\/100\n|move|p1a: Garganacl|Salt Cure|p2a: Wo-Chien\n|-damage|p2a: Wo-Chien|44\/100\n|-start|p2a: Wo-Chien|Salt Cure\n|\n|-heal|p1a: Garganacl|57\/100|[from] item: Leftovers\n|-damage|p1b: Ting-Lu|38\/100 psn|[from] psn\n|-damage|p2a: Wo-Chien|31\/100|[from] Salt Cure\n|upkeep\n|turn|6\n|inactive|iPep has 30 seconds left.\n|\n|t:|1683899787\n|move|p2a: Wo-Chien|Leech Seed|p1a: Garganacl|[miss]\n|-miss|p2a: Wo-Chien|p1a: Garganacl\n|move|p1b: Ting-Lu|Ruination|p2a: Wo-Chien\n|-damage|p2a: Wo-Chien|16\/100\n|move|p2b: Ting-Lu|Ruination|p1a: Garganacl\n|-damage|p1a: Garganacl|29\/100\n|move|p1a: Garganacl|Salt Cure|p2b: Ting-Lu\n|-resisted|p2b: Ting-Lu\n|-damage|p2b: Ting-Lu|99\/100\n|-start|p2b: Ting-Lu|Salt Cure\n|\n|-heal|p1a: Garganacl|34\/100|[from] item: Leftovers\n|-damage|p1b: Ting-Lu|26\/100 psn|[from] psn\n|-damage|p2a: Wo-Chien|4\/100|[from] Salt Cure\n|-damage|p2b: Ting-Lu|86\/100|[from] Salt Cure\n|upkeep\n|turn|7\n|-message|iPep forfeited.\n|\n|win|Prompto88\n|raw|Prompto88's rating: 1189 → 1212<\/strong> (+23 for winning)\n|raw|iPep's rating: 1155 → 1132<\/strong> (-23 for losing)\n|l|\u2606iPep\n","uploadtime":1683899805,"views":10,"p1id":"prompto88","p2id":"ipep","formatid":"gen9vgc2023regulationc","rating":1132,"private":0,"password":""}