{"id":"gen9vgc2023regulationc-1852388814","p1":"IrishHawk","p2":"ghostyboyy97","format":"[Gen 9] VGC 2023 Regulation C","log":"|j|\u2606IrishHawk\n|j|\u2606ghostyboyy97\n|t:|1682551526\n|gametype|doubles\n|player|p1|IrishHawk|harlequin|1157\n|player|p2|ghostyboyy97|cameraman|1174\n|teamsize|p1|6\n|teamsize|p2|6\n|gen|9\n|tier|[Gen 9] VGC 2023 Regulation C\n|rated|\n|rule|Species Clause: Limit one of each Pok\u00e9mon\n|rule|Item Clause: Limit one of each item\n|clearpoke\n|poke|p1|Stantler, L50, F|\n|poke|p1|Dragapult, L50, F|\n|poke|p1|Armarouge, L50, F|\n|poke|p1|Indeedee-F, L50, F|\n|poke|p1|Glimmora, L50, M|\n|poke|p1|Iron Bundle, L50|\n|poke|p2|Gastrodon, L50, F|\n|poke|p2|Ceruledge, L50, F|\n|poke|p2|Glimmora, L50, M|\n|poke|p2|Grimmsnarl, L50, M|\n|poke|p2|Iron Hands, L50|\n|poke|p2|Wo-Chien, L50|\n|teampreview|4\n|inactive|Battle timer is ON: inactive players will automatically lose when time's up. (requested by ghostyboyy97)\nghostyboyy97 has agreed to open team sheets.\n|c|\u2606ghostyboyy97|glhf\n|inactive|IrishHawk has 60 seconds left.\n|inactive|ghostyboyy97 has 60 seconds left.\n|c|\u2606IrishHawk|Glhf\nIrishHawk has agreed to open team sheets.\n|inactive|ghostyboyy97 has 30 seconds left.\n|\n|t:|1682551592\n|start\n|switch|p1a: Armarouge|Armarouge, L50, F|100\/100\n|switch|p1b: Indeedee|Indeedee-F, L50, F|100\/100\n|switch|p2a: Grimmsnarl|Grimmsnarl, L50, M|100\/100\n|switch|p2b: Glimmora|Glimmora, L50, M|100\/100\n|-fieldstart|move: Psychic Terrain|[from] ability: Psychic Surge|[of] p1b: Indeedee\n|turn|1\n|inactive|ghostyboyy97 has 30 seconds left.\n|\n|t:|1682551622\n|move|p2b: Glimmora|Spiky Shield|p2b: Glimmora\n|-singleturn|p2b: Glimmora|move: Protect\n|move|p1a: Armarouge|Protect|p1a: Armarouge\n|-singleturn|p1a: Armarouge|Protect\n|move|p2a: Grimmsnarl|Light Screen|p2a: Grimmsnarl\n|-sidestart|p2: ghostyboyy97|move: Light Screen\n|move|p1b: Indeedee|Psychic|p2b: Glimmora\n|-activate|p2b: Glimmora|move: Protect\n|\n|upkeep\n|turn|2\n|inactive|IrishHawk has 30 seconds left.\n|inactive|ghostyboyy97 has 30 seconds left.\n|inactive|IrishHawk has 20 seconds left.\n|inactive|ghostyboyy97 has 20 seconds left.\n|inactive|IrishHawk has 15 seconds left.\n|inactive|ghostyboyy97 has 15 seconds left.\n|inactive|IrishHawk has 10 seconds left.\n|inactive|ghostyboyy97 has 10 seconds left.\n|inactive|IrishHawk has 5 seconds left.\n|\n|t:|1682551677\n|move|p2b: Glimmora|Power Gem|p1a: Armarouge\n|-supereffective|p1a: Armarouge\n|-damage|p1a: Armarouge|0 fnt\n|faint|p1a: Armarouge\n|move|p1b: Indeedee|Psychic|p2b: Glimmora\n|-supereffective|p2b: Glimmora\n|-damage|p2b: Glimmora|25\/100\n|move|p2a: Grimmsnarl|Spirit Break|p1b: Indeedee\n|-damage|p1b: Indeedee|56\/100\n|-unboost|p1b: Indeedee|spa|1\n|\n|upkeep\n|\n|t:|1682551690\n|switch|p1a: Iron Bundle|Iron Bundle, L50|100\/100\n|turn|3\n|\n|t:|1682551701\n|-terastallize|p1a: Iron Bundle|Fairy\n|move|p2b: Glimmora|Spiky Shield|p2b: Glimmora\n|-singleturn|p2b: Glimmora|move: Protect\n|move|p1b: Indeedee|Follow Me|p1b: Indeedee\n|-singleturn|p1b: Indeedee|move: Follow Me\n|move|p1a: Iron Bundle|Tera Blast|p2a: Grimmsnarl\n|-supereffective|p2a: Grimmsnarl\n|-damage|p2a: Grimmsnarl|36\/100\n|move|p2a: Grimmsnarl|Spirit Break|p1b: Indeedee\n|-damage|p1b: Indeedee|12\/100\n|-unboost|p1b: Indeedee|spa|1\n|\n|upkeep\n|turn|4\n|\n|t:|1682551719\n|move|p1b: Indeedee|Follow Me|p1b: Indeedee\n|-singleturn|p1b: Indeedee|move: Follow Me\n|move|p2a: Grimmsnarl|Reflect|p2a: Grimmsnarl\n|-sidestart|p2: ghostyboyy97|Reflect\n|move|p1a: Iron Bundle|Tera Blast|p2a: Grimmsnarl\n|-supereffective|p2a: Grimmsnarl\n|-damage|p2a: Grimmsnarl|0 fnt\n|faint|p2a: Grimmsnarl\n|move|p2b: Glimmora|Mortal Spin|p1a: Iron Bundle|[spread] p1a,p1b\n|-supereffective|p1a: Iron Bundle\n|-damage|p1a: Iron Bundle|87\/100\n|-damage|p1b: Indeedee|5\/100\n|-status|p1a: Iron Bundle|psn\n|-status|p1b: Indeedee|psn\n|\n|-damage|p1a: Iron Bundle|75\/100 psn|[from] psn\n|-damage|p1b: Indeedee|0 fnt|[from] psn\n|faint|p1b: Indeedee\n|upkeep\n|\n|t:|1682551735\n|switch|p1b: Dragapult|Dragapult, L50, F|100\/100\n|switch|p2a: Wo-Chien|Wo-Chien, L50|100\/100\n|-ability|p2a: Wo-Chien|Tablets of Ruin\n|turn|5\n|\n|t:|1682551759\n|-terastallize|p2a: Wo-Chien|Poison\n|move|p2b: Glimmora|Spiky Shield|p2b: Glimmora\n|-singleturn|p2b: Glimmora|move: Protect\n|move|p1a: Iron Bundle|Tera Blast|p2a: Wo-Chien\n|-resisted|p2a: Wo-Chien\n|-damage|p2a: Wo-Chien|93\/100\n|move|p1b: Dragapult|Shadow Ball|p2b: Glimmora\n|-activate|p2b: Glimmora|move: Protect\n|move|p2a: Wo-Chien|Leech Seed|p1b: Dragapult\n|-start|p1b: Dragapult|move: Leech Seed\n|\n|-damage|p1b: Dragapult|88\/100|[from] Leech Seed|[of] p2a: Wo-Chien\n|-heal|p2a: Wo-Chien|100\/100|[silent]\n|-damage|p1a: Iron Bundle|62\/100 psn|[from] psn\n|upkeep\n|turn|6\n|inactive|IrishHawk has 30 seconds left.\n|\n|t:|1682551788\n|move|p1a: Iron Bundle|Hydro Pump|p2a: Wo-Chien\n|-damage|p2a: Wo-Chien|80\/100\n|move|p1b: Dragapult|Shadow Ball|p2b: Glimmora\n|-damage|p2b: Glimmora|0 fnt\n|faint|p2b: Glimmora\n|move|p2a: Wo-Chien|Leech Seed|p1a: Iron Bundle\n|-start|p1a: Iron Bundle|move: Leech Seed\n|\n|-damage|p1a: Iron Bundle|50\/100 psn|[from] Leech Seed|[of] p2a: Wo-Chien\n|-heal|p2a: Wo-Chien|88\/100|[silent]\n|-damage|p1b: Dragapult|76\/100|[from] Leech Seed|[of] p2a: Wo-Chien\n|-heal|p2a: Wo-Chien|99\/100|[silent]\n|-damage|p1a: Iron Bundle|38\/100 psn|[from] psn\n|upkeep\n|\n|t:|1682551801\n|switch|p2b: Gastrodon|Gastrodon, L50, F|100\/100\n|turn|7\n|\n|t:|1682551812\n|move|p2a: Wo-Chien|Protect|p2a: Wo-Chien\n|-singleturn|p2a: Wo-Chien|Protect\n|move|p1a: Iron Bundle|Freeze-Dry|p2b: Gastrodon\n|-supereffective|p2b: Gastrodon\n|-damage|p2b: Gastrodon|17\/100\n|move|p1b: Dragapult|Shadow Ball|p2a: Wo-Chien\n|-activate|p2a: Wo-Chien|move: Protect\n|move|p2b: Gastrodon|Earth Power|p1a: Iron Bundle\n|-damage|p1a: Iron Bundle|0 fnt\n|faint|p1a: Iron Bundle\n|-end|p1a: Iron Bundle|Quark Drive|[silent]\n|\n|-damage|p1b: Dragapult|64\/100|[from] Leech Seed|[of] p2a: Wo-Chien\n|-heal|p2a: Wo-Chien|100\/100|[silent]\n|upkeep\n|turn|8\n|\n|t:|1682551831\n|move|p2b: Gastrodon|Protect|p2b: Gastrodon\n|-singleturn|p2b: Gastrodon|Protect\n|move|p1b: Dragapult|Shadow Ball|p2b: Gastrodon\n|-activate|p2b: Gastrodon|move: Protect\n|move|p2a: Wo-Chien|Giga Drain|p1b: Dragapult\n|-resisted|p1b: Dragapult\n|-damage|p1b: Dragapult|46\/100\n|\n|-damage|p1b: Dragapult|34\/100|[from] Leech Seed|[of] p2a: Wo-Chien\n|-sideend|p2: ghostyboyy97|move: Light Screen\n|-fieldend|move: Psychic Terrain\n|upkeep\n|turn|9\n|\n|t:|1682551846\n|move|p1b: Dragapult|Shadow Ball|p2b: Gastrodon\n|-damage|p2b: Gastrodon|0 fnt\n|faint|p2b: Gastrodon\n|move|p2a: Wo-Chien|Pollen Puff|p2: Gastrodon|[notarget]\n|-fail|p2a: Wo-Chien\n|\n|-damage|p1b: Dragapult|21\/100|[from] Leech Seed|[of] p2a: Wo-Chien\n|upkeep\n|turn|10\n|c|\u2606IrishHawk|I\u2019m done with vgc after this game lol\n|\n|t:|1682551858\n|move|p1b: Dragapult|Draco Meteor|p2a: Wo-Chien\n|-damage|p2a: Wo-Chien|64\/100\n|-unboost|p1b: Dragapult|spa|2\n|move|p2a: Wo-Chien|Pollen Puff|p1b: Dragapult\n|-resisted|p1b: Dragapult\n|-damage|p1b: Dragapult|7\/100\n|\n|-damage|p1b: Dragapult|0 fnt|[from] Leech Seed|[of] p2a: Wo-Chien\n|-heal|p2a: Wo-Chien|70\/100|[silent]\n|faint|p1b: Dragapult\n|\n|win|ghostyboyy97\n|upkeep\n|raw|IrishHawk's rating: 1157 → 1133<\/strong> (-24 for losing)\n|raw|ghostyboyy97's rating: 1174 → 1198<\/strong> (+24 for winning)\n|c|\u2606ghostyboyy97|gg lol\n","uploadtime":1682551873,"views":10,"p1id":"irishhawk","p2id":"ghostyboyy97","formatid":"gen9vgc2023regulationc","rating":1133,"private":0,"password":""}