{"id":"gen9vgc2023regulationc-1854659443","p1":"Giuliotrobb","p2":"iiinu","format":"[Gen 9] VGC 2023 Regulation C","log":"|j|\u2606Giuliotrobb\n|j|\u2606iiinu\n|t:|1682845229\n|gametype|doubles\n|player|p1|Giuliotrobb|roughneck-gen4|1497\n|player|p2|iiinu|skyla-masters|1473\n|teamsize|p1|6\n|teamsize|p2|6\n|gen|9\n|tier|[Gen 9] VGC 2023 Regulation C\n|rated|\n|rule|Species Clause: Limit one of each Pok\u00e9mon\n|rule|Item Clause: Limit one of each item\n|clearpoke\n|poke|p1|Pelipper, L50, M|\n|poke|p1|Gholdengo, L50|\n|poke|p1|Palafin, L50, M|\n|poke|p1|Chien-Pao, L50|\n|poke|p1|Iron Hands, L50|\n|poke|p1|Amoonguss, L50, M|\n|poke|p2|Farigiraf, L50, M|\n|poke|p2|Palafin, L50, F|\n|poke|p2|Iron Hands, L50|\n|poke|p2|Chi-Yu, L50|\n|poke|p2|Baxcalibur, L50, F|\n|poke|p2|Gyarados, L50, F|\n|teampreview|4\n|inactive|Battle timer is ON: inactive players will automatically lose when time's up. (requested by iiinu)\n|inactive|Giuliotrobb has 60 seconds left.\niiinu has agreed to open team sheets.\n|inactive|Giuliotrobb has 30 seconds left.\n|\n|t:|1682845294\n|start\n|switch|p1a: Palafin|Palafin, L50, M|100\/100\n|switch|p1b: Chien-Pao|Chien-Pao, L50|100\/100\n|switch|p2a: Farigiraf|Farigiraf, L50, M, shiny|100\/100\n|switch|p2b: Iron Hands|Iron Hands, L50|100\/100\n|-ability|p1b: Chien-Pao|Sword of Ruin\n|turn|1\n|j| THUNDERSND77\n|inactive|Giuliotrobb has 30 seconds left.\n|inactive|iiinu has 30 seconds left.\n|\n|t:|1682845327\n|detailschange|p1a: Palafin|Palafin-Hero, L50, M\n|switch|p1a: Amoonguss|Amoonguss, L50, M|100\/100\n|-terastallize|p1b: Chien-Pao|Ghost\n|-terastallize|p2a: Farigiraf|Fairy\n|move|p1b: Chien-Pao|Ice Spinner|p2a: Farigiraf\n|-damage|p2a: Farigiraf|53\/100\n|move|p2b: Iron Hands|Drain Punch|p1b: Chien-Pao\n|-immune|p1b: Chien-Pao\n|move|p2a: Farigiraf|Trick Room|p2a: Farigiraf\n|-fieldstart|move: Trick Room|[of] p2a: Farigiraf\n|\n|upkeep\n|turn|2\n|j| LoveforVGC\n|l| LoveforVGC\n|inactive|Giuliotrobb has 30 seconds left.\n|\n|t:|1682845353\n|switch|p2a: Gyarados|Gyarados, L50, F|100\/100\n|-ability|p2a: Gyarados|Intimidate|boost\n|-unboost|p1a: Amoonguss|atk|1\n|-unboost|p1b: Chien-Pao|atk|1\n|move|p1b: Chien-Pao|Protect|p1b: Chien-Pao\n|-singleturn|p1b: Chien-Pao|Protect\n|move|p1a: Amoonguss|Spore|p2b: Iron Hands\n|-status|p2b: Iron Hands|slp|[from] move: Spore\n|cant|p2b: Iron Hands|slp\n|\n|upkeep\n|turn|3\n|inactive|Giuliotrobb has 30 seconds left.\n|inactive|Giuliotrobb has 20 seconds left.\n|inactive|Giuliotrobb has 15 seconds left.\n|\n|t:|1682845397\n|switch|p1b: Palafin|Palafin-Hero, L50, M|100\/100\n|-activate|p1b: Palafin|ability: Zero to Hero\n|move|p1a: Amoonguss|Spore|p2a: Gyarados\n|-activate|p2a: Gyarados|item: Safety Goggles|Spore\n|cant|p2b: Iron Hands|slp\n|move|p2a: Gyarados|Waterfall|p1b: Palafin\n|-resisted|p1b: Palafin\n|-damage|p1b: Palafin|85\/100\n|\n|upkeep\n|turn|4\n|\n|t:|1682845412\n|switch|p1a: Chien-Pao|Chien-Pao, L50, tera:Ghost|100\/100\n|-ability|p1a: Chien-Pao|Sword of Ruin\n|cant|p2b: Iron Hands|slp\n|move|p2a: Gyarados|Taunt|p1a: Chien-Pao\n|-start|p1a: Chien-Pao|move: Taunt\n|move|p1b: Palafin|Wave Crash|p2b: Iron Hands\n|-damage|p2b: Iron Hands|13\/100 slp\n|-damage|p1b: Palafin|49\/100|[from] Recoil\n|\n|upkeep\n|turn|5\n|\n|t:|1682845434\n|switch|p2a: Farigiraf|Farigiraf, L50, M, shiny, tera:Fairy|53\/100\n|move|p1b: Palafin|Protect|p1b: Palafin\n|-singleturn|p1b: Palafin|Protect\n|-curestatus|p2b: Iron Hands|slp|[msg]\n|move|p2b: Iron Hands|Wild Charge|p1b: Palafin\n|-activate|p1b: Palafin|move: Protect\n|move|p1a: Chien-Pao|Ice Spinner|p2b: Iron Hands\n|-damage|p2b: Iron Hands|0 fnt\n|faint|p2b: Iron Hands\n|-end|p2b: Iron Hands|Quark Drive|[silent]\n|\n|-fieldend|move: Trick Room\n|upkeep\n|\n|t:|1682845448\n|switch|p2b: Baxcalibur|Baxcalibur, L50, F|100\/100\n|turn|6\n|\n|t:|1682845473\n|switch|p2a: Gyarados|Gyarados, L50, F|100\/100\n|-ability|p2a: Gyarados|Intimidate|boost\n|-unboost|p1a: Chien-Pao|atk|1\n|-unboost|p1b: Palafin|atk|1\n|move|p1a: Chien-Pao|Sacred Sword|p2b: Baxcalibur\n|-supereffective|p2b: Baxcalibur\n|-damage|p2b: Baxcalibur|53\/100\n|move|p1b: Palafin|Wave Crash|p2a: Gyarados\n|-resisted|p2a: Gyarados\n|-damage|p2a: Gyarados|57\/100\n|-damage|p1b: Palafin|35\/100|[from] Recoil\n|move|p2b: Baxcalibur|Glaive Rush|p1b: Palafin\n|-damage|p1b: Palafin|0 fnt\n|-singlemove|p2b: Baxcalibur|Glaive Rush|[silent]\n|faint|p1b: Palafin\n|-damage|p2b: Baxcalibur|43\/100|[from] item: Life Orb\n|\n|-end|p1a: Chien-Pao|move: Taunt\n|upkeep\n|inactive|Giuliotrobb has 30 seconds left.\n|\n|t:|1682845504\n|switch|p1b: Pelipper|Pelipper, L50, M|100\/100\n|-weather|RainDance|[from] ability: Drizzle|[of] p1b: Pelipper\n|turn|7\n|\n|t:|1682845521\n|switch|p1a: Amoonguss|Amoonguss, L50, M|100\/100\n|move|p1b: Pelipper|Hurricane|p2b: Baxcalibur\n|-crit|p2b: Baxcalibur\n|-damage|p2b: Baxcalibur|0 fnt\n|faint|p2b: Baxcalibur\n|move|p2a: Gyarados|Waterfall|p1a: Amoonguss\n|-resisted|p1a: Amoonguss\n|-damage|p1a: Amoonguss|80\/100\n|\n|-weather|RainDance|[upkeep]\n|upkeep\n|\n|t:|1682845529\n|switch|p2b: Farigiraf|Farigiraf, L50, M, shiny, tera:Fairy|53\/100\n|turn|8\n|\n|t:|1682845549\n|move|p1b: Pelipper|Hydro Pump|p2b: Farigiraf|[miss]\n|-miss|p1b: Pelipper|p2b: Farigiraf\n|move|p2a: Gyarados|Taunt|p1a: Amoonguss\n|-start|p1a: Amoonguss|move: Taunt\n|move|p2b: Farigiraf|Hyper Voice|p1b: Pelipper|[spread] p1a,p1b\n|-damage|p1a: Amoonguss|56\/100\n|-damage|p1b: Pelipper|45\/100\n|-enditem|p2b: Farigiraf|Throat Spray\n|-boost|p2b: Farigiraf|spa|1|[from] item: Throat Spray\n|move|p1a: Amoonguss|Leaf Storm|p2b: Farigiraf\n|-damage|p2b: Farigiraf|19\/100\n|-unboost|p1a: Amoonguss|spa|2\n|\n|-weather|RainDance|[upkeep]\n|upkeep\n|turn|9\n|\n|t:|1682845571\n|move|p2b: Farigiraf|Protect|p2b: Farigiraf\n|-singleturn|p2b: Farigiraf|Protect\n|move|p1b: Pelipper|Hurricane|p2b: Farigiraf\n|-activate|p2b: Farigiraf|move: Protect\n|move|p2a: Gyarados|Thunder Wave|p1b: Pelipper\n|-status|p1b: Pelipper|par\n|move|p1a: Amoonguss|Pollen Puff|p1b: Pelipper\n|-heal|p1b: Pelipper|95\/100 par\n|\n|-weather|RainDance|[upkeep]\n|upkeep\n|turn|10\n|inactive|Giuliotrobb has 30 seconds left.\n|\n|t:|1682845597\n|switch|p1a: Chien-Pao|Chien-Pao, L50, tera:Ghost|100\/100\n|-ability|p1a: Chien-Pao|Sword of Ruin\n|move|p1b: Pelipper|Protect|p1b: Pelipper\n|-singleturn|p1b: Pelipper|Protect\n|move|p2a: Gyarados|Waterfall|p1b: Pelipper\n|-activate|p1b: Pelipper|move: Protect\n|move|p2b: Farigiraf|Psychic|p1a: Chien-Pao\n|-enditem|p1a: Chien-Pao|Focus Sash\n|-damage|p1a: Chien-Pao|1\/100\n|\n|-weather|RainDance|[upkeep]\n|upkeep\n|turn|11\n|j| Emilia_poke\n|inactive|Giuliotrobb has 30 seconds left.\n|\n|t:|1682845624\n|move|p2b: Farigiraf|Protect|p2b: Farigiraf\n|-singleturn|p2b: Farigiraf|Protect\n|move|p1a: Chien-Pao|Ice Spinner|p2a: Gyarados\n|-damage|p2a: Gyarados|6\/100\n|move|p2a: Gyarados|Waterfall|p1a: Chien-Pao\n|-damage|p1a: Chien-Pao|0 fnt\n|faint|p1a: Chien-Pao\n|move|p1b: Pelipper|Hurricane|p2b: Farigiraf\n|-activate|p2b: Farigiraf|move: Protect\n|\n|-weather|RainDance|[upkeep]\n|upkeep\n|\n|t:|1682845630\n|switch|p1a: Amoonguss|Amoonguss, L50, M|90\/100\n|turn|12\n|\n|t:|1682845645\n|move|p2a: Gyarados|Waterfall|p1b: Pelipper\n|-resisted|p1b: Pelipper\n|-damage|p1b: Pelipper|62\/100 par\n|move|p2b: Farigiraf|Psychic|p1a: Amoonguss\n|-supereffective|p1a: Amoonguss\n|-damage|p1a: Amoonguss|0 fnt\n|faint|p1a: Amoonguss\n|move|p1b: Pelipper|Hurricane|p2b: Farigiraf\n|-damage|p2b: Farigiraf|0 fnt\n|faint|p2b: Farigiraf\n|\n|-weather|RainDance|[upkeep]\n|upkeep\n|turn|13\n|\n|t:|1682845654\n|move|p2a: Gyarados|Waterfall|p1b: Pelipper\n|-resisted|p1b: Pelipper\n|-damage|p1b: Pelipper|30\/100 par\n|move|p1b: Pelipper|Hurricane|p2a: Gyarados\n|-damage|p2a: Gyarados|0 fnt\n|faint|p2a: Gyarados\n|\n|win|Giuliotrobb\n|raw|Giuliotrobb's rating: 1497 → 1516<\/strong> (+19 for winning)\n|raw|iiinu's rating: 1473 → 1454<\/strong> (-19 for losing)\n|l|\u2606iiinu\n","uploadtime":1682845671,"views":9,"p1id":"giuliotrobb","p2id":"iiinu","formatid":"gen9vgc2023regulationc","rating":1454,"private":0,"password":""}