{"id":"gen9vgc2023regulationc-1861480932","p1":"JTechtonic","p2":"0l0f3rn3","format":"[Gen 9] VGC 2023 Regulation C","log":"|j|\u2606JTechtonic\n|j|\u26060l0f3rn3\n|t:|1683763127\n|gametype|doubles\n|player|p1|JTechtonic|hugh|1383\n|player|p2|0l0f3rn3|102|1446\n|teamsize|p1|6\n|teamsize|p2|6\n|gen|9\n|tier|[Gen 9] VGC 2023 Regulation C\n|rated|\n|rule|Species Clause: Limit one of each Pok\u00e9mon\n|rule|Item Clause: Limit one of each item\n|clearpoke\n|poke|p1|Chi-Yu, L50|\n|poke|p1|Flutter Mane, L50|\n|poke|p1|Chien-Pao, L50|\n|poke|p1|Dragonite, L50, F|\n|poke|p1|Iron Bundle, L50|\n|poke|p1|Amoonguss, L50, M|\n|poke|p2|Torkoal, L50, F|\n|poke|p2|Flutter Mane, L50|\n|poke|p2|Jumpluff, L50, F|\n|poke|p2|Roaring Moon, L50|\n|poke|p2|Brute Bonnet, L50|\n|poke|p2|Farigiraf, L50, F|\n|teampreview|4\n|inactive|Battle timer is ON: inactive players will automatically lose when time's up. (requested by JTechtonic)\n|inactive|JTechtonic has 60 seconds left.\n|\n|t:|1683763163\n|start\n|switch|p1a: Chien-Pao|Chien-Pao, L50|100\/100\n|switch|p1b: Dragonite|Dragonite, L50, F|100\/100\n|switch|p2a: Brute Bonnet|Brute Bonnet, L50|100\/100\n|switch|p2b: Farigiraf|Farigiraf, L50, F|100\/100\n|-ability|p1a: Chien-Pao|Sword of Ruin\n|turn|1\n|inactive|JTechtonic has 30 seconds left.\n|inactive|JTechtonic has 20 seconds left.\n|\n|t:|1683763200\n|-terastallize|p2a: Brute Bonnet|Rock\n|move|p2b: Farigiraf|Protect|p2b: Farigiraf\n|-singleturn|p2b: Farigiraf|Protect\n|move|p1a: Chien-Pao|Ice Spinner|p2a: Brute Bonnet\n|-damage|p2a: Brute Bonnet|53\/100\n|move|p1b: Dragonite|Aerial Ace|p2a: Brute Bonnet\n|-resisted|p2a: Brute Bonnet\n|-damage|p2a: Brute Bonnet|23\/100\n|move|p2a: Brute Bonnet|Spore|p1a: Chien-Pao\n|-status|p1a: Chien-Pao|slp|[from] move: Spore\n|\n|upkeep\n|turn|2\n|\n|t:|1683763217\n|-end|p2a: Brute Bonnet|Protosynthesis|[silent]\n|switch|p2a: Torkoal|Torkoal, L50, F|100\/100\n|-weather|SunnyDay|[from] ability: Drought|[of] p2a: Torkoal\n|cant|p1a: Chien-Pao|slp\n|move|p1b: Dragonite|Aerial Ace|p2a: Torkoal\n|-damage|p2a: Torkoal|45\/100\n|move|p2b: Farigiraf|Trick Room|p2b: Farigiraf\n|-fieldstart|move: Trick Room|[of] p2b: Farigiraf\n|\n|-weather|SunnyDay|[upkeep]\n|upkeep\n|turn|3\n|inactive|0l0f3rn3 has 30 seconds left.\n|\n|t:|1683763244\n|cant|p1a: Chien-Pao|slp\n|move|p2a: Torkoal|Eruption|p1a: Chien-Pao|[spread] p1a,p1b\n|-supereffective|p1a: Chien-Pao\n|-resisted|p1b: Dragonite\n|-damage|p1a: Chien-Pao|6\/100 slp\n|-damage|p1b: Dragonite|88\/100\n|move|p2b: Farigiraf|Psyshock|p1b: Dragonite\n|-damage|p1b: Dragonite|44\/100\n|move|p1b: Dragonite|Aerial Ace|p2a: Torkoal\n|-damage|p2a: Torkoal|0 fnt\n|faint|p2a: Torkoal\n|\n|-weather|SunnyDay|[upkeep]\n|upkeep\n|\n|t:|1683763258\n|switch|p2a: Brute Bonnet|Brute Bonnet, L50, tera:Rock|23\/100\n|-activate|p2a: Brute Bonnet|ability: Protosynthesis\n|-start|p2a: Brute Bonnet|protosynthesisatk\n|turn|4\n|\n|t:|1683763282\n|switch|p2b: Flutter Mane|Flutter Mane, L50|100\/100\n|-activate|p2b: Flutter Mane|ability: Protosynthesis\n|-start|p2b: Flutter Mane|protosynthesisspa\n|switch|p1b: Amoonguss|Amoonguss, L50, M|100\/100\n|move|p2a: Brute Bonnet|Tera Blast|p1b: Amoonguss\n|-damage|p1b: Amoonguss|34\/100\n|-enditem|p1b: Amoonguss|Sitrus Berry|[eat]\n|-heal|p1b: Amoonguss|59\/100|[from] item: Sitrus Berry\n|-curestatus|p1a: Chien-Pao|slp|[msg]\n|move|p1a: Chien-Pao|Ice Spinner|p2b: Flutter Mane\n|-damage|p2b: Flutter Mane|26\/100\n|\n|-weather|SunnyDay|[upkeep]\n|upkeep\n|turn|5\n|inactive|0l0f3rn3 has 30 seconds left.\n|inactive|0l0f3rn3 has 20 seconds left.\n|inactive|JTechtonic has 30 seconds left.\n|inactive|0l0f3rn3 has 15 seconds left.\n|inactive|0l0f3rn3 has 10 seconds left.\n|inactive|JTechtonic has 20 seconds left.\n|inactive|0l0f3rn3 has 5 seconds left.\n|\n|t:|1683763337\n|move|p1a: Chien-Pao|Sucker Punch|p2b: Flutter Mane\n|-damage|p2b: Flutter Mane|0 fnt\n|faint|p2b: Flutter Mane\n|-end|p2b: Flutter Mane|Protosynthesis|[silent]\n|move|p1b: Amoonguss|Spore|p2a: Brute Bonnet\n|-status|p2a: Brute Bonnet|slp|[from] move: Spore\n|-enditem|p2a: Brute Bonnet|Lum Berry|[eat]\n|-curestatus|p2a: Brute Bonnet|slp|[msg]\n|move|p2a: Brute Bonnet|Close Combat|p1b: Amoonguss\n|-resisted|p1b: Amoonguss\n|-damage|p1b: Amoonguss|25\/100\n|-unboost|p2a: Brute Bonnet|def|1\n|-unboost|p2a: Brute Bonnet|spd|1\n|\n|-weather|SunnyDay|[upkeep]\n|upkeep\n|\n|t:|1683763350\n|switch|p2b: Farigiraf|Farigiraf, L50, F|100\/100\n|turn|6\n|\n|t:|1683763363\n|move|p2b: Farigiraf|Protect|p2b: Farigiraf\n|-singleturn|p2b: Farigiraf|Protect\n|move|p1a: Chien-Pao|Protect|p1a: Chien-Pao\n|-singleturn|p1a: Chien-Pao|Protect\n|move|p1b: Amoonguss|Spore|p2a: Brute Bonnet\n|-status|p2a: Brute Bonnet|slp|[from] move: Spore\n|cant|p2a: Brute Bonnet|slp\n|\n|-weather|none\n|-end|p2a: Brute Bonnet|Protosynthesis\n|-fieldend|move: Trick Room\n|upkeep\n|turn|7\n|\n|t:|1683763380\n|switch|p1b: Gucci Mane|Flutter Mane, L50|100\/100\n|cant|p2a: Brute Bonnet|slp\n|move|p1a: Chien-Pao|Ice Spinner|p2b: Farigiraf\n|-damage|p2b: Farigiraf|51\/100\n|move|p2b: Farigiraf|Psyshock|p1b: Gucci Mane\n|-damage|p1b: Gucci Mane|38\/100\n|\n|upkeep\n|turn|8\n|\n|t:|1683763398\n|-terastallize|p1b: Gucci Mane|Fairy\n|-curestatus|p2a: Brute Bonnet|slp|[msg]\n|move|p2a: Brute Bonnet|Sucker Punch|p1a: Chien-Pao\n|-resisted|p1a: Chien-Pao\n|-damage|p1a: Chien-Pao|0 fnt\n|faint|p1a: Chien-Pao\n|move|p1b: Gucci Mane|Dazzling Gleam|p2a: Brute Bonnet|[spread] p2a,p2b\n|-damage|p2a: Brute Bonnet|0 fnt\n|-damage|p2b: Farigiraf|0 fnt\n|faint|p2a: Brute Bonnet\n|-end|p2a: Brute Bonnet|Protosynthesis|[silent]\n|faint|p2b: Farigiraf\n|\n|win|JTechtonic\n|raw|JTechtonic's rating: 1383 → 1407<\/strong> (+24 for winning)\n|raw|0l0f3rn3's rating: 1446 → 1422<\/strong> (-24 for losing)\n|c|\u2606JTechtonic|gg\n|l|\u26060l0f3rn3\n","uploadtime":1683763416,"views":6,"p1id":"jtechtonic","p2id":"0l0f3rn3","formatid":"gen9vgc2023regulationc","rating":1407,"private":0,"password":""}