{"id":"gen9vgc2023regulationc-1859321766","p1":"Atrix MJ","p2":"Chanduurla","format":"[Gen 9] VGC 2023 Regulation C","log":"|j|\u2606Atrix MJ\n|j|\u2606Chanduurla\n|t:|1683434252\n|gametype|doubles\n|player|p1|Atrix MJ|adaman|1486\n|player|p2|Chanduurla|pokemonranger-gen4|1558\n|teamsize|p1|6\n|teamsize|p2|6\n|gen|9\n|tier|[Gen 9] VGC 2023 Regulation C\n|rated|\n|rule|Species Clause: Limit one of each Pok\u00e9mon\n|rule|Item Clause: Limit one of each item\n|clearpoke\n|poke|p1|Chi-Yu, L50|\n|poke|p1|Amoonguss, L50, M|\n|poke|p1|Iron Hands, L50|\n|poke|p1|Gyarados, L50, M|\n|poke|p1|Flutter Mane, L50|\n|poke|p1|Gothitelle, L50, M|\n|poke|p2|Dragapult, L50, F|\n|poke|p2|Scizor, L50, M|\n|poke|p2|Chien-Pao, L50|\n|poke|p2|Falinks, L50|\n|poke|p2|Raichu, L50, M|\n|poke|p2|Gastrodon-East, L50, M|\n|teampreview|4\n|inactive|Battle timer is ON: inactive players will automatically lose when time's up. (requested by Atrix MJ)\nAtrix MJ has agreed to open team sheets.\nChanduurla has agreed to open team sheets.\n|c|\u2606Chanduurla|glhf\n|c|\u2606Atrix MJ|u2]\n|inactive|Atrix MJ has 60 seconds left.\n|inactive|Chanduurla has 60 seconds left.\n|\n|t:|1683434307\n|start\n|switch|p1a: Flutter Mane|Flutter Mane, L50|100\/100\n|switch|p1b: Iron Hands|Iron Hands, L50|100\/100\n|switch|p2a: Raichu|Raichu, L50, M|100\/100\n|switch|p2b: Falinks|Falinks, L50|100\/100\n|turn|1\n|inactive|Atrix MJ has 30 seconds left.\n|inactive|Chanduurla has 30 seconds left.\n|\n|t:|1683434338\n|switch|p2b: Scizor|Scizor, L50, M|100\/100\n|move|p1a: Flutter Mane|Dazzling Gleam|p2a: Raichu|[spread] p2a,p2b\n|-resisted|p2b: Scizor\n|-damage|p2a: Raichu|44\/100\n|-damage|p2b: Scizor|77\/100\n|move|p2a: Raichu|Volt Switch|p1a: Flutter Mane\n|-damage|p1a: Flutter Mane|66\/100\n|\n|t:|1683434350\n|switch|p2a: Falinks|Falinks, L50|100\/100|[from] Volt Switch\n|move|p1b: Iron Hands|Swords Dance|p1b: Iron Hands\n|-boost|p1b: Iron Hands|atk|2\n|\n|upkeep\n|turn|2\n|inactive|Atrix MJ has 30 seconds left.\n|inactive|Atrix MJ has 20 seconds left.\n|\n|t:|1683434389\n|-terastallize|p1b: Iron Hands|Fire\n|move|p1a: Flutter Mane|Protect|p1a: Flutter Mane\n|-singleturn|p1a: Flutter Mane|Protect\n|move|p2b: Scizor|Bullet Punch|p1a: Flutter Mane\n|-activate|p1a: Flutter Mane|move: Protect\n|move|p2a: Falinks|No Retreat|p2a: Falinks\n|-boost|p2a: Falinks|atk|1\n|-boost|p2a: Falinks|def|1\n|-boost|p2a: Falinks|spa|1\n|-boost|p2a: Falinks|spd|1\n|-boost|p2a: Falinks|spe|1\n|-start|p2a: Falinks|move: No Retreat\n|move|p1b: Iron Hands|Swords Dance|p1b: Iron Hands\n|-boost|p1b: Iron Hands|atk|2\n|\n|upkeep\n|turn|3\n|\n|t:|1683434410\n|-end|p1a: Flutter Mane|Protosynthesis|[silent]\n|switch|p1a: Amoonguss|Amoonguss, L50, M|100\/100\n|move|p2a: Falinks|Protect|p2a: Falinks\n|-singleturn|p2a: Falinks|Protect\n|move|p2b: Scizor|Bullet Punch|p1a: Amoonguss\n|-damage|p1a: Amoonguss|55\/100\n|move|p1b: Iron Hands|Drain Punch|p2a: Falinks\n|-activate|p2a: Falinks|move: Protect\n|\n|upkeep\n|turn|4\n|inactive|Chanduurla has 30 seconds left.\n|\n|t:|1683434439\n|-terastallize|p2b: Scizor|Steel\n|move|p1a: Amoonguss|Protect|p1a: Amoonguss\n|-singleturn|p1a: Amoonguss|Protect\n|move|p2b: Scizor|Bullet Punch|p1a: Amoonguss\n|-activate|p1a: Amoonguss|move: Protect\n|move|p2a: Falinks|Close Combat|p1b: Iron Hands\n|-damage|p1b: Iron Hands|53\/100\n|-unboost|p2a: Falinks|def|1\n|-unboost|p2a: Falinks|spd|1\n|move|p1b: Iron Hands|Drain Punch|p2a: Falinks\n|-damage|p2a: Falinks|0 fnt\n|-heal|p1b: Iron Hands|81\/100|[from] drain|[of] p2a: Falinks\n|faint|p2a: Falinks\n|\n|upkeep\n|\n|t:|1683434444\n|switch|p2a: Raichu|Raichu, L50, M|44\/100\n|turn|5\n|\n|t:|1683434454\n|switch|p1a: Gyarados|Gyarados, L50, M, shiny|100\/100\n|-ability|p1a: Gyarados|Intimidate|boost\n|-unboost|p2a: Raichu|atk|1\n|-unboost|p2b: Scizor|atk|1\n|move|p2a: Raichu|Fake Out|p1b: Iron Hands\n|-damage|p1b: Iron Hands|78\/100\n|move|p2b: Scizor|Bullet Punch|p1b: Iron Hands\n|-resisted|p1b: Iron Hands\n|-damage|p1b: Iron Hands|65\/100\n|cant|p1b: Iron Hands|flinch\n|\n|upkeep\n|turn|6\n|\n|t:|1683434467\n|switch|p2b: Dragapult|Dragapult, L50, F|100\/100\n|move|p1a: Gyarados|Protect|p1a: Gyarados\n|-singleturn|p1a: Gyarados|Protect\n|move|p2a: Raichu|Volt Switch|p1a: Gyarados\n|-activate|p1a: Gyarados|move: Protect\n|move|p1b: Iron Hands|Drain Punch|p2b: Dragapult\n|-immune|p2b: Dragapult\n|\n|upkeep\n|turn|7\n|\n|t:|1683434489\n|switch|p1a: Amoonguss|Amoonguss, L50, M|88\/100\n|move|p2b: Dragapult|Phantom Force||[still]\n|-prepare|p2b: Dragapult|Phantom Force\n|move|p2a: Raichu|Volt Switch|p1b: Iron Hands\n|-damage|p1b: Iron Hands|41\/100\n|\n|t:|1683434494\n|switch|p2a: Scizor|Scizor, L50, M, tera:Steel|77\/100|[from] Volt Switch\n|move|p1b: Iron Hands|Drain Punch|p2a: Scizor\n|-supereffective|p2a: Scizor\n|-damage|p2a: Scizor|0 fnt\n|-heal|p1b: Iron Hands|67\/100|[from] drain|[of] p2a: Scizor\n|faint|p2a: Scizor\n|\n|upkeep\n|\n|t:|1683434496\n|switch|p2a: Raichu|Raichu, L50, M|44\/100\n|turn|8\n|\n|t:|1683434503\n|move|p2a: Raichu|Fake Out|p1b: Iron Hands\n|-damage|p1b: Iron Hands|62\/100\n|move|p2b: Dragapult|Phantom Force|p1b: Iron Hands|[from]lockedmove\n|-damage|p1b: Iron Hands|36\/100\n|cant|p1b: Iron Hands|flinch\n|move|p1a: Amoonguss|Pollen Puff|p1b: Iron Hands\n|-heal|p1b: Iron Hands|86\/100\n|\n|upkeep\n|turn|9\n|\n|t:|1683434519\n|move|p2a: Raichu|Protect|p2a: Raichu\n|-singleturn|p2a: Raichu|Protect\n|move|p2b: Dragapult|Phantom Force||[still]\n|-prepare|p2b: Dragapult|Phantom Force\n|move|p1b: Iron Hands|Drain Punch|p2a: Raichu\n|-activate|p2a: Raichu|move: Protect\n|move|p1a: Amoonguss|Spore|p2b: Dragapult|[miss]\n|-miss|p1a: Amoonguss|p2b: Dragapult\n|\n|upkeep\n|turn|10\n|\n|t:|1683434525\n|move|p2a: Raichu|Protect|p2a: Raichu\n|-singleturn|p2a: Raichu|Protect\n|move|p2b: Dragapult|Phantom Force|p1a: Amoonguss|[from]lockedmove\n|-damage|p1a: Amoonguss|47\/100\n|-enditem|p1a: Amoonguss|Sitrus Berry|[eat]\n|-heal|p1a: Amoonguss|72\/100|[from] item: Sitrus Berry\n|move|p1b: Iron Hands|Drain Punch|p2a: Raichu\n|-activate|p2a: Raichu|move: Protect\n|move|p1a: Amoonguss|Pollen Puff|p1b: Iron Hands\n|-heal|p1b: Iron Hands|100\/100\n|\n|upkeep\n|turn|11\n|c|\u2606Chanduurla|gg\n|c|\u2606Atrix MJ|gg\n|-message|Chanduurla forfeited.\n|\n|win|Atrix MJ\n|raw|Atrix MJ's rating: 1486 → 1510<\/strong> (+24 for winning)\n|raw|Chanduurla's rating: 1558 → 1534<\/strong> (-24 for losing)\n|l|\u2606Chanduurla\n","uploadtime":1683434546,"views":11,"p1id":"atrixmj","p2id":"chanduurla","formatid":"gen9vgc2023regulationc","rating":1510,"private":0,"password":""}