{"id":"gen9vgc2023regulationc-1858418872","p1":"johnnyboy1469","p2":"KilnFirelink","format":"[Gen 9] VGC 2023 Regulation C","log":"|j|\u2606johnnyboy1469\n|j|\u2606KilnFirelink\n|t:|1683310509\n|gametype|doubles\n|player|p1|johnnyboy1469|hilbert|1089\n|player|p2|KilnFirelink|iris-gen5bw2|1064\n|teamsize|p1|6\n|teamsize|p2|6\n|gen|9\n|tier|[Gen 9] VGC 2023 Regulation C\n|rated|\n|rule|Species Clause: Limit one of each Pok\u00e9mon\n|rule|Item Clause: Limit one of each item\n|clearpoke\n|poke|p1|Pelipper, L50, F|\n|poke|p1|Barraskewda, L50, F|\n|poke|p1|Beartic, L50, F|\n|poke|p1|Wo-Chien, L50|\n|poke|p1|Camerupt, L50, F|\n|poke|p1|Braviary, L50, M|\n|poke|p2|Cacturne, L50, F|\n|poke|p2|Clodsire, L50, F|\n|poke|p2|Gastrodon, L50, M|\n|poke|p2|Tatsugiri, L50, F|\n|poke|p2|Coalossal, L50, M|\n|poke|p2|Vaporeon, L50, M|\n|teampreview|4\n|inactive|Battle timer is ON: inactive players will automatically lose when time's up. (requested by johnnyboy1469)\njohnnyboy1469 rejected open team sheets.\n|inactive|johnnyboy1469 has 60 seconds left.\n|c|\u2606johnnyboy1469|vaporeon?\n|c|\u2606KilnFirelink|its a fish\n|inactive|johnnyboy1469 has 30 seconds left.\n|c|\u2606johnnyboy1469|yes\n|inactive|johnnyboy1469 has 20 seconds left.\n|c|\u2606KilnFirelink|no sleep in rain\n|\n|t:|1683310581\n|start\n|switch|p1a: Pelipper|Pelipper, L50, F, shiny|100\/100\n|switch|p1b: Wo-Chien|Wo-Chien, L50|100\/100\n|switch|p2a: Gastrodon|Gastrodon, L50, M|100\/100\n|switch|p2b: Tatsugiri|Tatsugiri, L50, F|100\/100\n|-ability|p1b: Wo-Chien|Tablets of Ruin\n|-weather|RainDance|[from] ability: Drizzle|[of] p1a: Pelipper\n|turn|1\n|\n|t:|1683310601\n|-terastallize|p2a: Gastrodon|Fairy\n|move|p2b: Tatsugiri|Surf|p1b: Wo-Chien|[spread] p1a,p1b\n|-ability|p2a: Gastrodon|Storm Drain|boost\n|-boost|p2a: Gastrodon|spa|1\n|-resisted|p1a: Pelipper\n|-resisted|p1b: Wo-Chien\n|-damage|p1a: Pelipper|65\/100\n|-damage|p1b: Wo-Chien|85\/100\n|move|p1b: Wo-Chien|Leech Seed|p2a: Gastrodon\n|-start|p2a: Gastrodon|move: Leech Seed\n|move|p1a: Pelipper|Hurricane|p2a: Gastrodon\n|-damage|p2a: Gastrodon|64\/100\n|move|p2a: Gastrodon|Surf|p1a: Pelipper|[spread] p1a,p1b\n|-ability|p2b: Tatsugiri|Storm Drain|boost\n|-boost|p2b: Tatsugiri|spa|1\n|-resisted|p1a: Pelipper\n|-resisted|p1b: Wo-Chien\n|-crit|p1b: Wo-Chien\n|-damage|p1a: Pelipper|24\/100\n|-damage|p1b: Wo-Chien|56\/100\n|\n|-weather|RainDance|[upkeep]\n|-heal|p1b: Wo-Chien|62\/100|[from] item: Leftovers\n|-heal|p2a: Gastrodon|70\/100|[from] item: Leftovers\n|-damage|p2a: Gastrodon|58\/100|[from] Leech Seed|[of] p1b: Wo-Chien\n|-heal|p1b: Wo-Chien|77\/100|[silent]\n|upkeep\n|turn|2\n|inactive|KilnFirelink has 30 seconds left.\n|\n|t:|1683310635\n|move|p2b: Tatsugiri|Surf|p1a: Pelipper|[spread] p1a,p1b\n|-ability|p2a: Gastrodon|Storm Drain|boost\n|-boost|p2a: Gastrodon|spa|1\n|-resisted|p1a: Pelipper\n|-resisted|p1b: Wo-Chien\n|-damage|p1a: Pelipper|0 fnt\n|-damage|p1b: Wo-Chien|50\/100\n|faint|p1a: Pelipper\n|move|p1b: Wo-Chien|Leech Seed|p2b: Tatsugiri\n|-start|p2b: Tatsugiri|move: Leech Seed\n|move|p2a: Gastrodon|Recover|p2a: Gastrodon\n|-heal|p2a: Gastrodon|100\/100\n|\n|-weather|RainDance|[upkeep]\n|-heal|p1b: Wo-Chien|57\/100|[from] item: Leftovers\n|-damage|p2b: Tatsugiri|88\/100|[from] Leech Seed|[of] p1b: Wo-Chien\n|-heal|p1b: Wo-Chien|66\/100|[silent]\n|-damage|p2a: Gastrodon|88\/100|[from] Leech Seed|[of] p1b: Wo-Chien\n|-heal|p1b: Wo-Chien|80\/100|[silent]\n|upkeep\n|\n|t:|1683310643\n|switch|p1a: Beartic|Beartic, L50, F, shiny|100\/100\n|turn|3\n|\n|t:|1683310661\n|move|p1a: Beartic|Icicle Crash|p2b: Tatsugiri\n|-damage|p2b: Tatsugiri|19\/100\n|move|p2b: Tatsugiri|Surf|p1a: Beartic|[spread] p1a,p1b\n|-ability|p2a: Gastrodon|Storm Drain|boost\n|-boost|p2a: Gastrodon|spa|1\n|-resisted|p1b: Wo-Chien\n|-damage|p1a: Beartic|0 fnt\n|-damage|p1b: Wo-Chien|56\/100\n|faint|p1a: Beartic\n|move|p1b: Wo-Chien|Ingrain|p1b: Wo-Chien\n|-start|p1b: Wo-Chien|move: Ingrain\n|move|p2a: Gastrodon|Surf|p1b: Wo-Chien|[spread] p1b\n|-ability|p2b: Tatsugiri|Storm Drain|boost\n|-boost|p2b: Tatsugiri|spa|1\n|-resisted|p1b: Wo-Chien\n|-damage|p1b: Wo-Chien|26\/100\n|\n|-weather|RainDance|[upkeep]\n|-heal|p1b: Wo-Chien|32\/100|[from] item: Leftovers\n|-heal|p2a: Gastrodon|94\/100|[from] item: Leftovers\n|-heal|p1b: Wo-Chien|39\/100|[from] Ingrain\n|-damage|p2b: Tatsugiri|7\/100|[from] Leech Seed|[of] p1b: Wo-Chien\n|-heal|p1b: Wo-Chien|48\/100|[silent]\n|-damage|p2a: Gastrodon|82\/100|[from] Leech Seed|[of] p1b: Wo-Chien\n|-heal|p1b: Wo-Chien|62\/100|[silent]\n|upkeep\n|\n|t:|1683310681\n|switch|p1a: Braviary|Braviary, L50, M, shiny|100\/100\n|turn|4\n|\n|t:|1683310700\n|-terastallize|p1a: Braviary|Steel\n|move|p2b: Tatsugiri|Icy Wind|p1b: Wo-Chien|[spread] p1a,p1b\n|-resisted|p1a: Braviary\n|-supereffective|p1b: Wo-Chien\n|-damage|p1a: Braviary|82\/100\n|-damage|p1b: Wo-Chien|31\/100\n|-unboost|p1a: Braviary|spe|1\n|-unboost|p1b: Wo-Chien|spe|1\n|move|p1a: Braviary|Iron Head|p2b: Tatsugiri\n|-resisted|p2b: Tatsugiri\n|-crit|p2b: Tatsugiri\n|-damage|p2b: Tatsugiri|0 fnt\n|faint|p2b: Tatsugiri\n|move|p1b: Wo-Chien|Giga Drain|p2a: Gastrodon\n|-damage|p2a: Gastrodon|57\/100\n|-heal|p1b: Wo-Chien|45\/100|[from] drain|[of] p2a: Gastrodon\n|move|p2a: Gastrodon|Surf|p1a: Braviary|[spread] p1a,p1b\n|-resisted|p1b: Wo-Chien\n|-damage|p1a: Braviary|0 fnt\n|-damage|p1b: Wo-Chien|12\/100\n|faint|p1a: Braviary\n|\n|-weather|RainDance|[upkeep]\n|-heal|p1b: Wo-Chien|18\/100|[from] item: Leftovers\n|-heal|p2a: Gastrodon|63\/100|[from] item: Leftovers\n|-heal|p1b: Wo-Chien|24\/100|[from] Ingrain\n|-damage|p2a: Gastrodon|50\/100|[from] Leech Seed|[of] p1b: Wo-Chien\n|-heal|p1b: Wo-Chien|39\/100|[silent]\n|upkeep\n|\n|t:|1683310722\n|switch|p2b: Clodsire|Clodsire, L50, F|100\/100\n|turn|5\n|\n|t:|1683310731\n|move|p1b: Wo-Chien|Leech Seed|p2b: Clodsire\n|-start|p2b: Clodsire|move: Leech Seed\n|move|p2a: Gastrodon|Recover|p2a: Gastrodon\n|-heal|p2a: Gastrodon|100\/100\n|move|p2b: Clodsire|Toxic|p1b: Wo-Chien\n|-status|p1b: Wo-Chien|tox\n|\n|-weather|none\n|-heal|p1b: Wo-Chien|45\/100 tox|[from] item: Leftovers\n|-heal|p1b: Wo-Chien|51\/100 tox|[from] Ingrain\n|-damage|p2a: Gastrodon|88\/100|[from] Leech Seed|[of] p1b: Wo-Chien\n|-heal|p1b: Wo-Chien|65\/100 tox|[silent]\n|-damage|p2b: Clodsire|88\/100|[from] Leech Seed|[of] p1b: Wo-Chien\n|-heal|p1b: Wo-Chien|80\/100 tox|[silent]\n|-damage|p1b: Wo-Chien|74\/100 tox|[from] psn\n|upkeep\n|turn|6\n|c|\u2606KilnFirelink|gg\n|c|\u2606johnnyboy1469|gg\n|\n|t:|1683310750\n|move|p1b: Wo-Chien|Ruination|p2a: Gastrodon\n|-damage|p2a: Gastrodon|45\/100\n|move|p2a: Gastrodon|Surf|p1b: Wo-Chien|[spread] p1b\n|-heal|p2b: Clodsire|100\/100|[from] ability: Water Absorb|[of] p2a: Gastrodon\n|-resisted|p1b: Wo-Chien\n|-damage|p1b: Wo-Chien|52\/100 tox\n|move|p2b: Clodsire|Surf|p1b: Wo-Chien|[spread] p1b\n|-ability|p2a: Gastrodon|Storm Drain|boost\n|-boost|p2a: Gastrodon|spa|1\n|-resisted|p1b: Wo-Chien\n|-damage|p1b: Wo-Chien|49\/100 tox\n|\n|-heal|p1b: Wo-Chien|56\/100 tox|[from] item: Leftovers\n|-heal|p2a: Gastrodon|50\/100|[from] item: Leftovers\n|-heal|p1b: Wo-Chien|62\/100 tox|[from] Ingrain\n|-damage|p2a: Gastrodon|38\/100|[from] Leech Seed|[of] p1b: Wo-Chien\n|-heal|p1b: Wo-Chien|76\/100 tox|[silent]\n|-damage|p2b: Clodsire|88\/100|[from] Leech Seed|[of] p1b: Wo-Chien\n|-heal|p1b: Wo-Chien|91\/100 tox|[silent]\n|-damage|p1b: Wo-Chien|79\/100 tox|[from] psn\n|upkeep\n|turn|7\n|\n|t:|1683310774\n|move|p2a: Gastrodon|Protect|p2a: Gastrodon\n|-singleturn|p2a: Gastrodon|Protect\n|move|p2b: Clodsire|Protect|p2b: Clodsire\n|-singleturn|p2b: Clodsire|Protect\n|move|p1b: Wo-Chien|Ruination|p2b: Clodsire\n|-activate|p2b: Clodsire|move: Protect\n|\n|-heal|p1b: Wo-Chien|85\/100 tox|[from] item: Leftovers\n|-heal|p2a: Gastrodon|44\/100|[from] item: Leftovers\n|-heal|p2b: Clodsire|94\/100|[from] item: Black Sludge\n|-heal|p1b: Wo-Chien|91\/100 tox|[from] Ingrain\n|-damage|p2a: Gastrodon|32\/100|[from] Leech Seed|[of] p1b: Wo-Chien\n|-heal|p1b: Wo-Chien|100\/100 tox|[silent]\n|-damage|p2b: Clodsire|82\/100|[from] Leech Seed|[of] p1b: Wo-Chien\n|-damage|p1b: Wo-Chien|82\/100 tox|[from] psn\n|upkeep\n|turn|8\n|inactive|KilnFirelink has 30 seconds left.\n|\n|t:|1683310801\n|move|p1b: Wo-Chien|Ruination|p2b: Clodsire\n|-damage|p2b: Clodsire|41\/100\n|move|p2a: Gastrodon|Recover|p2a: Gastrodon\n|-heal|p2a: Gastrodon|82\/100\n|move|p2b: Clodsire|Surf|p1b: Wo-Chien|[spread] p1b\n|-ability|p2a: Gastrodon|Storm Drain|boost\n|-boost|p2a: Gastrodon|spa|1\n|-resisted|p1b: Wo-Chien\n|-damage|p1b: Wo-Chien|80\/100 tox\n|\n|-heal|p1b: Wo-Chien|86\/100 tox|[from] item: Leftovers\n|-heal|p2a: Gastrodon|88\/100|[from] item: Leftovers\n|-heal|p2b: Clodsire|47\/100|[from] item: Black Sludge\n|-heal|p1b: Wo-Chien|92\/100 tox|[from] Ingrain\n|-damage|p2a: Gastrodon|75\/100|[from] Leech Seed|[of] p1b: Wo-Chien\n|-heal|p1b: Wo-Chien|100\/100 tox|[silent]\n|-damage|p2b: Clodsire|35\/100|[from] Leech Seed|[of] p1b: Wo-Chien\n|-damage|p1b: Wo-Chien|75\/100 tox|[from] psn\n|upkeep\n|turn|9\n|inactive|KilnFirelink has 30 seconds left.\n|\n|t:|1683310827\n|move|p1b: Wo-Chien|Giga Drain|p2b: Clodsire\n|-damage|p2b: Clodsire|17\/100\n|-heal|p1b: Wo-Chien|87\/100 tox|[from] drain|[of] p2b: Clodsire\n|move|p2a: Gastrodon|Surf|p1b: Wo-Chien|[spread] p1b\n|-heal|p2b: Clodsire|42\/100|[from] ability: Water Absorb|[of] p2a: Gastrodon\n|-resisted|p1b: Wo-Chien\n|-crit|p1b: Wo-Chien\n|-damage|p1b: Wo-Chien|43\/100 tox\n|move|p2b: Clodsire|Recover|p2b: Clodsire\n|-heal|p2b: Clodsire|92\/100\n|\n|-heal|p1b: Wo-Chien|49\/100 tox|[from] item: Leftovers\n|-heal|p2a: Gastrodon|81\/100|[from] item: Leftovers\n|-heal|p2b: Clodsire|98\/100|[from] item: Black Sludge\n|-heal|p1b: Wo-Chien|56\/100 tox|[from] Ingrain\n|-damage|p2a: Gastrodon|69\/100|[from] Leech Seed|[of] p1b: Wo-Chien\n|-heal|p1b: Wo-Chien|70\/100 tox|[silent]\n|-damage|p2b: Clodsire|86\/100|[from] Leech Seed|[of] p1b: Wo-Chien\n|-heal|p1b: Wo-Chien|85\/100 tox|[silent]\n|-damage|p1b: Wo-Chien|54\/100 tox|[from] psn\n|upkeep\n|turn|10\n|\n|t:|1683310851\n|move|p1b: Wo-Chien|Ruination|p2b: Clodsire\n|-damage|p2b: Clodsire|43\/100\n|move|p2a: Gastrodon|Recover|p2a: Gastrodon\n|-heal|p2a: Gastrodon|100\/100\n|move|p2b: Clodsire|Surf|p1b: Wo-Chien|[spread] p1b\n|-ability|p2a: Gastrodon|Storm Drain|boost\n|-boost|p2a: Gastrodon|spa|1\n|-resisted|p1b: Wo-Chien\n|-damage|p1b: Wo-Chien|51\/100 tox\n|\n|-heal|p1b: Wo-Chien|57\/100 tox|[from] item: Leftovers\n|-heal|p2b: Clodsire|49\/100|[from] item: Black Sludge\n|-heal|p1b: Wo-Chien|64\/100 tox|[from] Ingrain\n|-damage|p2a: Gastrodon|88\/100|[from] Leech Seed|[of] p1b: Wo-Chien\n|-heal|p1b: Wo-Chien|78\/100 tox|[silent]\n|-damage|p2b: Clodsire|37\/100|[from] Leech Seed|[of] p1b: Wo-Chien\n|-heal|p1b: Wo-Chien|93\/100 tox|[silent]\n|-damage|p1b: Wo-Chien|55\/100 tox|[from] psn\n|upkeep\n|turn|11\n|\n|t:|1683310870\n|move|p1b: Wo-Chien|Ruination|p2a: Gastrodon\n|-damage|p2a: Gastrodon|45\/100\n|move|p2a: Gastrodon|Surf|p1b: Wo-Chien|[spread] p1b\n|-heal|p2b: Clodsire|62\/100|[from] ability: Water Absorb|[of] p2a: Gastrodon\n|-resisted|p1b: Wo-Chien\n|-damage|p1b: Wo-Chien|21\/100 tox\n|move|p2b: Clodsire|Surf|p1b: Wo-Chien|[spread] p1b\n|-immune|p2a: Gastrodon|[from] ability: Storm Drain\n|-resisted|p1b: Wo-Chien\n|-damage|p1b: Wo-Chien|18\/100 tox\n|\n|-heal|p1b: Wo-Chien|24\/100 tox|[from] item: Leftovers\n|-heal|p2a: Gastrodon|50\/100|[from] item: Leftovers\n|-heal|p2b: Clodsire|68\/100|[from] item: Black Sludge\n|-heal|p1b: Wo-Chien|31\/100 tox|[from] Ingrain\n|-damage|p2a: Gastrodon|38\/100|[from] Leech Seed|[of] p1b: Wo-Chien\n|-heal|p1b: Wo-Chien|45\/100 tox|[silent]\n|-damage|p2b: Clodsire|55\/100|[from] Leech Seed|[of] p1b: Wo-Chien\n|-heal|p1b: Wo-Chien|60\/100 tox|[silent]\n|-damage|p1b: Wo-Chien|16\/100 tox|[from] psn\n|upkeep\n|turn|12\n|\n|t:|1683310892\n|move|p2a: Gastrodon|Protect|p2a: Gastrodon\n|-singleturn|p2a: Gastrodon|Protect\n|move|p2b: Clodsire|Protect|p2b: Clodsire\n|-singleturn|p2b: Clodsire|Protect\n|move|p1b: Wo-Chien|Giga Drain|p2b: Clodsire\n|-activate|p2b: Clodsire|move: Protect\n|\n|-heal|p1b: Wo-Chien|22\/100 tox|[from] item: Leftovers\n|-heal|p2a: Gastrodon|44\/100|[from] item: Leftovers\n|-heal|p2b: Clodsire|61\/100|[from] item: Black Sludge\n|-heal|p1b: Wo-Chien|29\/100 tox|[from] Ingrain\n|-damage|p2a: Gastrodon|32\/100|[from] Leech Seed|[of] p1b: Wo-Chien\n|-heal|p1b: Wo-Chien|43\/100 tox|[silent]\n|-damage|p2b: Clodsire|49\/100|[from] Leech Seed|[of] p1b: Wo-Chien\n|-heal|p1b: Wo-Chien|58\/100 tox|[silent]\n|-damage|p1b: Wo-Chien|8\/100 tox|[from] psn\n|upkeep\n|turn|13\n|c|\u2606johnnyboy1469|lol\n|\n|t:|1683310909\n|move|p1b: Wo-Chien|Giga Drain|p2b: Clodsire\n|-damage|p2b: Clodsire|30\/100\n|-heal|p1b: Wo-Chien|20\/100 tox|[from] drain|[of] p2b: Clodsire\n|move|p2a: Gastrodon|Surf|p1b: Wo-Chien|[spread] p1b\n|-heal|p2b: Clodsire|55\/100|[from] ability: Water Absorb|[of] p2a: Gastrodon\n|-resisted|p1b: Wo-Chien\n|-damage|p1b: Wo-Chien|0 fnt\n|faint|p1b: Wo-Chien\n|\n|win|KilnFirelink\n|raw|johnnyboy1469's rating: 1089 → 1064<\/strong> (-25 for losing)\n|raw|KilnFirelink's rating: 1064 → 1097<\/strong> (+33 for winning)\n|l|\u2606johnnyboy1469\n|c|\u2606KilnFirelink|didnt even need the fish\n","uploadtime":1683310935,"views":8,"p1id":"johnnyboy1469","p2id":"kilnfirelink","formatid":"gen9vgc2023regulationc","rating":1064,"private":0,"password":""}