{"id":"gen9vgc2023regulationc-1845891991","p1":"Menace to Smogon","p2":"Sk1tt3n","format":"[Gen 9] VGC 2023 Regulation C","log":"|j|\u2606Menace to Smogon\n|j|\u2606Sk1tt3n\n|t:|1681776082\n|gametype|doubles\n|player|p1|Menace to Smogon|169|1064\n|player|p2|Sk1tt3n|hexmaniac-gen6|1133\n|teamsize|p1|6\n|teamsize|p2|6\n|gen|9\n|tier|[Gen 9] VGC 2023 Regulation C\n|rated|\n|rule|Species Clause: Limit one of each Pok\u00e9mon\n|rule|Item Clause: Limit one of each item\n|clearpoke\n|poke|p1|Tauros-Paldea-Blaze, L50, M|\n|poke|p1|Meowscarada, L50, F|\n|poke|p1|Kilowattrel, L50, M|\n|poke|p1|Murkrow, L50, F|\n|poke|p1|Cryogonal, L50|\n|poke|p1|Gallade, L50, M|\n|poke|p2|Iron Hands, L50|\n|poke|p2|Bronzong, L50|\n|poke|p2|Dondozo, L50, F|\n|poke|p2|Farigiraf, L50, M|\n|poke|p2|Flutter Mane, L50|\n|poke|p2|Ting-Lu, L50|\n|teampreview|4\nMenace to Smogon rejected open team sheets.\n|inactive|Battle timer is ON: inactive players will automatically lose when time's up. (requested by Menace to Smogon)\n|\n|t:|1681776139\n|start\n|switch|p1a: Meowscarada|Meowscarada, L50, F|100\/100\n|switch|p1b: Kilowattrel|Kilowattrel, L50, M|100\/100\n|switch|p2a: Iron Hands|Iron Hands, L50|100\/100\n|switch|p2b: Farigiraf|Farigiraf, L50, M|100\/100\n|turn|1\n|\n|t:|1681776160\n|-terastallize|p1a: Meowscarada|Grass\n|-terastallize|p2b: Farigiraf|Fairy\n|move|p1a: Meowscarada|Petal Blizzard|p2a: Iron Hands|[spread] p1b,p2a,p2b\n|-resisted|p1b: Kilowattrel\n|-damage|p1b: Kilowattrel|64\/100\n|-damage|p2a: Iron Hands|68\/100\n|-damage|p2b: Farigiraf|52\/100\n|-start|p1b: Kilowattrel|Charge|Petal Blizzard|[from] ability: Wind Power\n|move|p1b: Kilowattrel|Discharge|p2b: Farigiraf|[spread] p1a,p2a,p2b\n|-resisted|p1a: Meowscarada\n|-resisted|p2a: Iron Hands\n|-damage|p1a: Meowscarada|37\/100\n|-damage|p2a: Iron Hands|38\/100\n|-damage|p2b: Farigiraf|0 fnt\n|faint|p2b: Farigiraf\n|-end|p1b: Kilowattrel|Charge|[silent]\n|move|p2a: Iron Hands|Swords Dance|p2a: Iron Hands\n|-boost|p2a: Iron Hands|atk|2\n|\n|-heal|p2a: Iron Hands|44\/100|[from] item: Leftovers\n|upkeep\n|\n|t:|1681776171\n|switch|p2b: Bronzong|Bronzong, L50|100\/100\n|turn|2\n|inactive|Menace to Smogon has 30 seconds left.\n|\n|t:|1681776200\n|move|p2a: Iron Hands|Protect|p2a: Iron Hands\n|-singleturn|p2a: Iron Hands|Protect\n|move|p1a: Meowscarada|Petal Blizzard|p2b: Bronzong|[spread] p1b,p2b\n|-activate|p2a: Iron Hands|move: Protect\n|-resisted|p1b: Kilowattrel\n|-resisted|p2b: Bronzong\n|-damage|p1b: Kilowattrel|25\/100\n|-damage|p2b: Bronzong|81\/100\n|-start|p1b: Kilowattrel|Charge|Petal Blizzard|[from] ability: Wind Power\n|move|p1b: Kilowattrel|Discharge|p2b: Bronzong|[spread] p1a,p2b\n|-activate|p2a: Iron Hands|move: Protect\n|-resisted|p1a: Meowscarada\n|-damage|p1a: Meowscarada|0 fnt\n|-damage|p2b: Bronzong|36\/100\n|-status|p2b: Bronzong|par\n|faint|p1a: Meowscarada\n|-end|p1b: Kilowattrel|Charge|[silent]\n|cant|p2b: Bronzong|par\n|\n|-heal|p2a: Iron Hands|50\/100|[from] item: Leftovers\n|upkeep\n|\n|t:|1681776224\n|switch|p1a: Tauros|Tauros-Paldea-Blaze, L50, M|100\/100\n|turn|3\n|inactive|Menace to Smogon has 30 seconds left.\n|\n|t:|1681776250\n|move|p1b: Kilowattrel|Electro Ball|p2a: Iron Hands\n|-resisted|p2a: Iron Hands\n|-damage|p2a: Iron Hands|32\/100\n|move|p1a: Tauros|Raging Bull|p2b: Bronzong\n|-supereffective|p2b: Bronzong\n|-damage|p2b: Bronzong|0 fnt\n|faint|p2b: Bronzong\n|move|p2a: Iron Hands|Drain Punch|p1a: Tauros\n|-damage|p1a: Tauros|0 fnt\n|-heal|p2a: Iron Hands|65\/100|[from] drain|[of] p1a: Tauros\n|faint|p1a: Tauros\n|\n|-heal|p2a: Iron Hands|71\/100|[from] item: Leftovers\n|upkeep\n|\n|t:|1681776267\n|switch|p1a: Cryogonal|Cryogonal, L50|100\/100\n|switch|p2b: Flutter Mane|Flutter Mane, L50|100\/100\n|turn|4\n|\n|t:|1681776289\n|move|p2b: Flutter Mane|Protect|p2b: Flutter Mane\n|-singleturn|p2b: Flutter Mane|Protect\n|move|p1b: Kilowattrel|Electro Ball|p2b: Flutter Mane\n|-activate|p2b: Flutter Mane|move: Protect\n|move|p1a: Cryogonal|Freeze-Dry|p2a: Iron Hands\n|-damage|p2a: Iron Hands|50\/100\n|move|p2a: Iron Hands|Drain Punch|p1a: Cryogonal\n|-supereffective|p1a: Cryogonal\n|-damage|p1a: Cryogonal|0 fnt\n|-heal|p2a: Iron Hands|88\/100|[from] drain|[of] p1a: Cryogonal\n|faint|p1a: Cryogonal\n|\n|-heal|p2a: Iron Hands|94\/100|[from] item: Leftovers\n|upkeep\n|turn|5\n|-message|Menace to Smogon forfeited.\n|\n|win|Sk1tt3n\n|raw|Menace to Smogon's rating: 1064 → 1048<\/strong> (-16 for losing)\n|raw|Sk1tt3n's rating: 1133 → 1153<\/strong> (+20 for winning)\n|l|\u2606Menace to Smogon\n","uploadtime":1681776311,"views":68,"p1id":"menacetosmogon","p2id":"sk1tt3n","formatid":"gen9vgc2023regulationc","rating":1048,"private":0,"password":""}