{"id":"gen9vgc2023regulationc-1860189543","p1":"Duecal1on","p2":"Mystic_Spearit","format":"[Gen 9] VGC 2023 Regulation C","log":"|j|\u2606Duecal1on\n|j|\u2606Mystic_Spearit\n|t:|1683607235\n|gametype|doubles\n|player|p1|Duecal1on|volkner|1341\n|player|p2|Mystic_Spearit|hilbert|1252\n|teamsize|p1|6\n|teamsize|p2|6\n|gen|9\n|tier|[Gen 9] VGC 2023 Regulation C\n|rated|\n|rule|Species Clause: Limit one of each Pok\u00e9mon\n|rule|Item Clause: Limit one of each item\n|clearpoke\n|poke|p1|Sableye, L50, M|\n|poke|p1|Toxtricity-Low-Key, L50, M|\n|poke|p1|Oranguru, L50, F|\n|poke|p1|Gardevoir, L50, M|\n|poke|p1|Chi-Yu, L50|\n|poke|p1|Wo-Chien, L50|\n|poke|p2|Ceruledge, L50, M|\n|poke|p2|Garchomp, L50, M|\n|poke|p2|Iron Moth, L50|\n|poke|p2|Flutter Mane, L50|\n|poke|p2|Talonflame, L50, M|\n|poke|p2|Gyarados, L50, M|\n|teampreview|4\n|\n|t:|1683607263\n|start\n|switch|p1a: Oranguru|Oranguru, L50, F|100\/100\n|switch|p1b: Toxtricity|Toxtricity-Low-Key, L50, M, shiny|100\/100\n|switch|p2a: Flutter Mane|Flutter Mane, L50|100\/100\n|switch|p2b: Ceruledge|Ceruledge, L50, M|100\/100\n|turn|1\n|\n|t:|1683607274\n|move|p2a: Flutter Mane|Protect|p2a: Flutter Mane\n|-singleturn|p2a: Flutter Mane|Protect\n|move|p1b: Toxtricity|Protect|p1b: Toxtricity\n|-singleturn|p1b: Toxtricity|Protect\n|move|p2b: Ceruledge|Bitter Blade|p1b: Toxtricity\n|-activate|p1b: Toxtricity|move: Protect\n|move|p1a: Oranguru|Trick Room|p1a: Oranguru\n|-fieldstart|move: Trick Room|[of] p1a: Oranguru\n|\n|upkeep\n|turn|2\n|\n|t:|1683607309\n|-end|p2a: Flutter Mane|Protosynthesis|[silent]\n|switch|p2a: Garchomp|Garchomp, L50, M|100\/100\n|move|p1a: Oranguru|Foul Play|p2b: Ceruledge\n|-supereffective|p2b: Ceruledge\n|-damage|p2b: Ceruledge|29\/100\n|move|p1b: Toxtricity|Overdrive|p2a: Garchomp|[spread] p2b\n|-immune|p2a: Garchomp\n|-crit|p2b: Ceruledge\n|-damage|p2b: Ceruledge|0 fnt\n|faint|p2b: Ceruledge\n|-enditem|p1b: Toxtricity|Throat Spray\n|-boost|p1b: Toxtricity|spa|1|[from] item: Throat Spray\n|\n|upkeep\n|inactive|Battle timer is ON: inactive players will automatically lose when time's up. (requested by Duecal1on)\n|\n|t:|1683607325\n|switch|p2b: Flutter Mane|Flutter Mane, L50|100\/100\n|turn|3\n|\n|t:|1683607340\n|-terastallize|p1b: Toxtricity|Normal\n|move|p2b: Flutter Mane|Protect|p2b: Flutter Mane\n|-singleturn|p2b: Flutter Mane|Protect\n|move|p1a: Oranguru|Instruct|p1b: Toxtricity\n|-singleturn|p1b: Toxtricity|move: Instruct|[of] p1a: Oranguru\n|move|p1b: Toxtricity|Overdrive|p2a: Garchomp|[spread] \n|-activate|p2b: Flutter Mane|move: Protect\n|-immune|p2a: Garchomp\n|move|p1b: Toxtricity|Boomburst|p2a: Garchomp|[spread] p2a\n|-activate|p2b: Flutter Mane|move: Protect\n|-activate|p1a: Oranguru|ability: Telepathy\n|-damage|p2a: Garchomp|0 fnt\n|faint|p2a: Garchomp\n|\n|upkeep\n|\n|t:|1683607355\n|switch|p2a: Talonflame|Talonflame, L50, M|100\/100\n|turn|4\n|\n|t:|1683607367\n|move|p1b: Toxtricity|Protect|p1b: Toxtricity\n|-singleturn|p1b: Toxtricity|Protect\n|move|p2a: Talonflame|Brave Bird|p1b: Toxtricity\n|-activate|p1b: Toxtricity|move: Protect\n|move|p1a: Oranguru|Foul Play|p2a: Talonflame\n|-damage|p2a: Talonflame|65\/100\n|move|p2b: Flutter Mane|Shadow Ball|p1a: Oranguru\n|-immune|p1a: Oranguru\n|\n|upkeep\n|turn|5\n|\n|t:|1683607386\n|move|p2b: Flutter Mane|Protect|p2b: Flutter Mane\n|-singleturn|p2b: Flutter Mane|Protect\n|move|p1a: Oranguru|Yawn|p2b: Flutter Mane\n|-activate|p2b: Flutter Mane|move: Protect\n|move|p1b: Toxtricity|Overdrive|p2a: Talonflame|[spread] p2a\n|-activate|p2b: Flutter Mane|move: Protect\n|-supereffective|p2a: Talonflame\n|-damage|p2a: Talonflame|0 fnt\n|faint|p2a: Talonflame\n|\n|-fieldend|move: Trick Room\n|upkeep\n|turn|6\n|\n|t:|1683607404\n|move|p1b: Toxtricity|Protect|p1b: Toxtricity\n|-singleturn|p1b: Toxtricity|Protect\n|move|p2b: Flutter Mane|Moonblast|p1a: Oranguru\n|-damage|p1a: Oranguru|75\/100\n|move|p1a: Oranguru|Trick Room|p1a: Oranguru\n|-fieldstart|move: Trick Room|[of] p1a: Oranguru\n|\n|upkeep\n|turn|7\n|-message|Mystic_Spearit forfeited.\n|\n|win|Duecal1on\n|raw|Duecal1on's rating: 1341 → 1356<\/strong> (+15 for winning)\n|raw|Mystic_Spearit's rating: 1252 → 1233<\/strong> (-19 for losing)\n|l|\u2606Mystic_Spearit\n","uploadtime":1683607415,"views":13,"p1id":"duecal1on","p2id":"mysticspearit","formatid":"gen9vgc2023regulationc","rating":1233,"private":0,"password":""}