{"id":"gen9vgc2023regulationc-1846435648","p1":"iamaparasite","p2":"Sparna_of_Yomi","format":"[Gen 9] VGC 2023 Regulation C","log":"|j|\u2606iamaparasite\n|j|\u2606Sparna_of_Yomi\n|t:|1681840661\n|gametype|doubles\n|player|p1|iamaparasite|265|1053\n|player|p2|Sparna_of_Yomi|birdkeeper-gen4dp|1031\n|teamsize|p1|6\n|teamsize|p2|6\n|gen|9\n|tier|[Gen 9] VGC 2023 Regulation C\n|rated|\n|rule|Species Clause: Limit one of each Pok\u00e9mon\n|rule|Item Clause: Limit one of each item\n|clearpoke\n|poke|p1|Hydreigon, L50, M|\n|poke|p1|Murkrow, L50, M|\n|poke|p1|Clodsire, L50, M|\n|poke|p1|Orthworm, L50, M|\n|poke|p1|Gastrodon, L50, F|\n|poke|p1|Gothitelle, L50, M|\n|poke|p2|Garchomp, L50, F|\n|poke|p2|Corviknight, L50, M|\n|poke|p2|Chi-Yu, L50|\n|poke|p2|Flutter Mane, L50|\n|poke|p2|Amoonguss, L50, F|\n|poke|p2|Ting-Lu, L50|\n|teampreview|4\n|inactive|Battle timer is ON: inactive players will automatically lose when time's up. (requested by iamaparasite)\nSparna_of_Yomi has agreed to open team sheets.\niamaparasite has agreed to open team sheets.\n|\n|t:|1681840688\n|start\n|switch|p1a: Hydreigon|Hydreigon, L50, M|100\/100\n|switch|p1b: Gastrodon|Gastrodon, L50, F|100\/100\n|switch|p2a: Chi Fish \ud83c\udfa3|Chi-Yu, L50|100\/100\n|switch|p2b: Flucci Mane|Flutter Mane, L50|100\/100\n|-ability|p2a: Chi Fish \ud83c\udfa3|Beads of Ruin\n|turn|1\n|\n|t:|1681840713\n|switch|p1a: Clodsire|Clodsire, L50, M|100\/100\n|move|p2b: Flucci Mane|Dazzling Gleam|p1b: Gastrodon|[spread] p1a,p1b\n|-resisted|p1a: Clodsire\n|-damage|p1a: Clodsire|85\/100\n|-damage|p1b: Gastrodon|59\/100\n|move|p2a: Chi Fish \ud83c\udfa3|Dark Pulse|p1b: Gastrodon\n|-damage|p1b: Gastrodon|0 fnt\n|faint|p1b: Gastrodon\n|\n|-heal|p1a: Clodsire|91\/100|[from] item: Black Sludge\n|upkeep\n|l|\u2606Sparna_of_Yomi\n|inactive|Sparna_of_Yomi disconnected and has a minute to reconnect!\n|player|p2|\n|\n|t:|1681840724\n|switch|p1b: Orthworm|Orthworm, L50, M|100\/100\n|turn|2\n|inactive|iamaparasite has 30 seconds left.\n|inactive|Sparna_of_Yomi has 30 seconds left.\n|j|\u2606Sparna_of_Yomi\n|inactive|Sparna_of_Yomi reconnected and has 25 seconds left.\n|player|p2|Sparna_of_Yomi|birdkeeper-gen4dp\n|inactive|iamaparasite has 20 seconds left.\n|inactive|Sparna_of_Yomi has 20 seconds left.\n|inactive|Sparna_of_Yomi has 15 seconds left.\n|\n|t:|1681840768\n|switch|p2a: IDK's on third|Amoonguss, L50, F|100\/100\n|move|p2b: Flucci Mane|Protect|p2b: Flucci Mane\n|-singleturn|p2b: Flucci Mane|Protect\n|move|p1b: Orthworm|Body Press|p2a: IDK's on third\n|-resisted|p2a: IDK's on third\n|-damage|p2a: IDK's on third|86\/100\n|move|p1a: Clodsire|Earthquake|p2a: IDK's on third|[spread] p2a\n|-activate|p2b: Flucci Mane|move: Protect\n|-immune|p1b: Orthworm|[from] ability: Earth Eater\n|-damage|p2a: IDK's on third|65\/100\n|\n|-heal|p1a: Clodsire|97\/100|[from] item: Black Sludge\n|upkeep\n|turn|3\n|c|\u2606Sparna_of_Yomi|sry bout that\n|inactive|iamaparasite has 30 seconds left.\n|c|\u2606Sparna_of_Yomi|net's a bit iffy\n|\n|t:|1681840798\n|-end|p2b: Flucci Mane|Protosynthesis|[silent]\n|switch|p2b: Ting Luis XVIII|Ting-Lu, L50|100\/100\n|-ability|p2b: Ting Luis XVIII|Vessel of Ruin\n|move|p1b: Orthworm|Shed Tail|p1b: Orthworm\n|-start|p1b: Orthworm|Substitute|[from] move: Shed Tail\n|-damage|p1b: Orthworm|50\/100\n|-enditem|p1b: Orthworm|Sitrus Berry|[eat]\n|-heal|p1b: Orthworm|75\/100|[from] item: Sitrus Berry\n|inactive|iamaparasite has 30 seconds left.\n|inactive|iamaparasite has 20 seconds left.\n|inactive|iamaparasite has 15 seconds left.\n|inactive|iamaparasite has 10 seconds left.\n|inactive|iamaparasite has 5 seconds left.\n|\n|t:|1681840853\n|switch|p1b: Hydreigon|Hydreigon, L50, M|100\/100|[from] Shed Tail\n|move|p1a: Clodsire|Earthquake|p2b: Ting Luis XVIII|[spread] p2a,p2b\n|-immune|p1b: Hydreigon|[from] ability: Levitate\n|-damage|p2a: IDK's on third|45\/100\n|-damage|p2b: Ting Luis XVIII|89\/100\n|-enditem|p2a: IDK's on third|Sitrus Berry|[eat]\n|-heal|p2a: IDK's on third|70\/100|[from] item: Sitrus Berry\n|move|p2a: IDK's on third|Spore||[still]\n|-fail|p2a: IDK's on third\n|\n|-heal|p1a: Clodsire|100\/100|[from] item: Black Sludge\n|upkeep\n|turn|4\n|inactive|iamaparasite has 30 seconds left.\n|\n|t:|1681840885\n|move|p2a: IDK's on third|Protect|p2a: IDK's on third\n|-singleturn|p2a: IDK's on third|Protect\n|move|p1b: Hydreigon|Surf|p2b: Ting Luis XVIII|[spread] p2b\n|-activate|p2a: IDK's on third|move: Protect\n|-immune|p1a: Clodsire|[from] ability: Water Absorb\n|-supereffective|p2b: Ting Luis XVIII\n|-damage|p2b: Ting Luis XVIII|74\/100\n|move|p2b: Ting Luis XVIII|Stomping Tantrum|p1a: Clodsire\n|-supereffective|p1a: Clodsire\n|-damage|p1a: Clodsire|52\/100\n|move|p1a: Clodsire|Liquidation|p2b: Ting Luis XVIII\n|-supereffective|p2b: Ting Luis XVIII\n|-damage|p2b: Ting Luis XVIII|56\/100\n|\n|-heal|p1a: Clodsire|57\/100|[from] item: Black Sludge\n|upkeep\n|turn|5\n|inactive|iamaparasite has 30 seconds left.\n|\n|t:|1681840914\n|move|p1a: Clodsire|Protect|p1a: Clodsire\n|-singleturn|p1a: Clodsire|Protect\n|move|p1b: Hydreigon|Heat Wave|p2a: IDK's on third|[spread] p2a\n|-miss|p1b: Hydreigon|p2b: Ting Luis XVIII\n|-supereffective|p2a: IDK's on third\n|-damage|p2a: IDK's on third|44\/100\n|move|p2b: Ting Luis XVIII|Stomping Tantrum|p1a: Clodsire\n|-activate|p1a: Clodsire|move: Protect\n|move|p2a: IDK's on third|Pollen Puff|p1b: Hydreigon\n|-supereffective|p1b: Hydreigon\n|-activate|p1b: Hydreigon|move: Substitute|[damage]\n|\n|-heal|p1a: Clodsire|63\/100|[from] item: Black Sludge\n|upkeep\n|turn|6\n|\n|t:|1681840934\n|move|p1b: Hydreigon|Surf|p2b: Ting Luis XVIII|[spread] p2a,p2b\n|-heal|p1a: Clodsire|88\/100|[from] ability: Water Absorb|[of] p1b: Hydreigon\n|-resisted|p2a: IDK's on third\n|-supereffective|p2b: Ting Luis XVIII\n|-damage|p2a: IDK's on third|37\/100\n|-damage|p2b: Ting Luis XVIII|42\/100\n|move|p2b: Ting Luis XVIII|Ruination|p1a: Clodsire\n|-damage|p1a: Clodsire|44\/100\n|move|p1a: Clodsire|Earthquake|p2a: IDK's on third|[spread] p2a,p2b\n|-immune|p1b: Hydreigon|[from] ability: Levitate\n|-crit|p2a: IDK's on third\n|-damage|p2a: IDK's on third|7\/100\n|-damage|p2b: Ting Luis XVIII|31\/100\n|move|p2a: IDK's on third|Pollen Puff|p1b: Hydreigon\n|-supereffective|p1b: Hydreigon\n|-end|p1b: Hydreigon|Substitute\n|\n|-heal|p1a: Clodsire|50\/100|[from] item: Black Sludge\n|upkeep\n|turn|7\n|\n|t:|1681840957\n|move|p2a: IDK's on third|Protect|p2a: IDK's on third\n|-singleturn|p2a: IDK's on third|Protect\n|move|p1b: Hydreigon|Surf|p2b: Ting Luis XVIII|[spread] p2b\n|-activate|p2a: IDK's on third|move: Protect\n|-heal|p1a: Clodsire|75\/100|[from] ability: Water Absorb|[of] p1b: Hydreigon\n|-supereffective|p2b: Ting Luis XVIII\n|-damage|p2b: Ting Luis XVIII|16\/100\n|move|p2b: Ting Luis XVIII|Stomping Tantrum|p1a: Clodsire\n|-supereffective|p1a: Clodsire\n|-damage|p1a: Clodsire|29\/100\n|move|p1a: Clodsire|Earthquake|p2b: Ting Luis XVIII|[spread] p2b\n|-activate|p2a: IDK's on third|move: Protect\n|-immune|p1b: Hydreigon|[from] ability: Levitate\n|-damage|p2b: Ting Luis XVIII|5\/100\n|\n|-heal|p1a: Clodsire|35\/100|[from] item: Black Sludge\n|upkeep\n|turn|8\n|\n|t:|1681840981\n|move|p1b: Hydreigon|Surf|p2b: Ting Luis XVIII|[spread] p2a,p2b\n|-heal|p1a: Clodsire|60\/100|[from] ability: Water Absorb|[of] p1b: Hydreigon\n|-resisted|p2a: IDK's on third\n|-supereffective|p2b: Ting Luis XVIII\n|-damage|p2a: IDK's on third|1\/100\n|-damage|p2b: Ting Luis XVIII|0 fnt\n|faint|p2b: Ting Luis XVIII\n|move|p1a: Clodsire|Earthquake|p2a: IDK's on third|[spread] p2a\n|-immune|p1b: Hydreigon|[from] ability: Levitate\n|-damage|p2a: IDK's on third|0 fnt\n|faint|p2a: IDK's on third\n|\n|-heal|p1a: Clodsire|65\/100|[from] item: Black Sludge\n|upkeep\n|\n|t:|1681840985\n|switch|p2b: Chi Fish \ud83c\udfa3|Chi-Yu, L50|100\/100\n|switch|p2a: Flucci Mane|Flutter Mane, L50|100\/100\n|-ability|p2b: Chi Fish \ud83c\udfa3|Beads of Ruin\n|turn|9\n|inactive|iamaparasite has 30 seconds left.\n|inactive|Sparna_of_Yomi has 30 seconds left.\n|inactive|Sparna_of_Yomi has 20 seconds left.\n|\n|t:|1681841021\n|-terastallize|p2b: Chi Fish \ud83c\udfa3|Ghost\n|-terastallize|p1b: Hydreigon|Poison\n|move|p2a: Flucci Mane|Protect|p2a: Flucci Mane\n|-singleturn|p2a: Flucci Mane|Protect\n|move|p2b: Chi Fish \ud83c\udfa3|Flamethrower|p1b: Hydreigon\n|-damage|p1b: Hydreigon|28\/100\n|move|p1b: Hydreigon|Surf|p2b: Chi Fish \ud83c\udfa3|[spread] p2b\n|-activate|p2a: Flucci Mane|move: Protect\n|-heal|p1a: Clodsire|90\/100|[from] ability: Water Absorb|[of] p1b: Hydreigon\n|-damage|p2b: Chi Fish \ud83c\udfa3|71\/100\n|move|p1a: Clodsire|Earthquake|p2a: Flucci Mane|[spread] p2b\n|-activate|p2a: Flucci Mane|move: Protect\n|-immune|p1b: Hydreigon|[from] ability: Levitate\n|-damage|p2b: Chi Fish \ud83c\udfa3|36\/100\n|\n|-heal|p1a: Clodsire|96\/100|[from] item: Black Sludge\n|upkeep\n|turn|10\n|inactive|iamaparasite has 30 seconds left.\n|inactive|Sparna_of_Yomi has 30 seconds left.\n|\n|t:|1681841056\n|move|p2a: Flucci Mane|Shadow Ball|p1b: Hydreigon\n|-damage|p1b: Hydreigon|0 fnt\n|faint|p1b: Hydreigon\n|move|p2b: Chi Fish \ud83c\udfa3|Flamethrower|p1a: Clodsire\n|-damage|p1a: Clodsire|26\/100\n|move|p1a: Clodsire|Earthquake|p2b: Chi Fish \ud83c\udfa3|[spread] p2a,p2b\n|-damage|p2a: Flucci Mane|54\/100\n|-damage|p2b: Chi Fish \ud83c\udfa3|0 fnt\n|faint|p2b: Chi Fish \ud83c\udfa3\n|\n|-heal|p1a: Clodsire|32\/100|[from] item: Black Sludge\n|upkeep\n|\n|t:|1681841068\n|switch|p1b: Orthworm|Orthworm, L50, M|75\/100\n|turn|11\n|\n|t:|1681841076\n|move|p1b: Orthworm|Protect|p1b: Orthworm\n|-singleturn|p1b: Orthworm|Protect\n|move|p1a: Clodsire|Protect|p1a: Clodsire\n|-singleturn|p1a: Clodsire|Protect\n|move|p2a: Flucci Mane|Shadow Ball|p1b: Orthworm\n|-activate|p1b: Orthworm|move: Protect\n|\n|-heal|p1a: Clodsire|38\/100|[from] item: Black Sludge\n|upkeep\n|turn|12\n|\n|t:|1681841099\n|move|p2a: Flucci Mane|Shadow Ball|p1a: Clodsire\n|-damage|p1a: Clodsire|11\/100\n|move|p1b: Orthworm|Body Press|p2a: Flucci Mane\n|-immune|p2a: Flucci Mane\n|move|p1a: Clodsire|Liquidation|p2a: Flucci Mane\n|-damage|p2a: Flucci Mane|17\/100\n|\n|-heal|p1a: Clodsire|17\/100|[from] item: Black Sludge\n|upkeep\n|turn|13\n|\n|t:|1681841111\n|move|p1b: Orthworm|Protect|p1b: Orthworm\n|-singleturn|p1b: Orthworm|Protect\n|move|p1a: Clodsire|Protect|p1a: Clodsire\n|-singleturn|p1a: Clodsire|Protect\n|move|p2a: Flucci Mane|Shadow Ball|p1a: Clodsire\n|-activate|p1a: Clodsire|move: Protect\n|\n|-heal|p1a: Clodsire|23\/100|[from] item: Black Sludge\n|upkeep\n|turn|14\n|\n|t:|1681841129\n|move|p2a: Flucci Mane|Shadow Ball|p1a: Clodsire\n|-damage|p1a: Clodsire|0 fnt\n|faint|p1a: Clodsire\n|move|p1b: Orthworm|Body Press|p2a: Flucci Mane\n|-immune|p2a: Flucci Mane\n|\n|upkeep\n|turn|15\n|-message|iamaparasite forfeited.\n|\n|win|Sparna_of_Yomi\n|raw|iamaparasite's rating: 1053 → 1034<\/strong> (-19 for losing)\n|raw|Sparna_of_Yomi's rating: 1031 → 1069<\/strong> (+38 for winning)\n|c|\u2606Sparna_of_Yomi|gg\n|l|\u2606iamaparasite\n","uploadtime":1681841137,"views":11,"p1id":"iamaparasite","p2id":"sparnaofyomi","formatid":"gen9vgc2023regulationc","rating":1034,"private":0,"password":""}