{"id":"gen9vgc2023regulationc-1853183330","p1":"Duecal1on","p2":"Siir Stiicky","format":"[Gen 9] VGC 2023 Regulation C","log":"|j|\u2606Duecal1on\n|j|\u2606Siir Stiicky\n|t:|1682645483\n|gametype|doubles\n|player|p1|Duecal1on|pokefan|1198\n|player|p2|Siir Stiicky|brock|1291\n|teamsize|p1|6\n|teamsize|p2|6\n|gen|9\n|tier|[Gen 9] VGC 2023 Regulation C\n|rated|\n|rule|Species Clause: Limit one of each Pok\u00e9mon\n|rule|Item Clause: Limit one of each item\n|clearpoke\n|poke|p1|Palafin, L50, M|\n|poke|p1|Iron Bundle, L50|\n|poke|p1|Arcanine, L50, M|\n|poke|p1|Amoonguss, L50, M|\n|poke|p1|Chien-Pao, L50|\n|poke|p1|Scizor, L50, F|\n|poke|p2|Dondozo, L50, M|\n|poke|p2|Tatsugiri-Droopy, L50, M|\n|poke|p2|Pelipper, L50, F|\n|poke|p2|Drednaw, L50, M|\n|poke|p2|Dragonite, L50, M|\n|poke|p2|Chien-Pao, L50|\n|teampreview|4\nSiir Stiicky has agreed to open team sheets.\n|inactive|Battle timer is ON: inactive players will automatically lose when time's up. (requested by Siir Stiicky)\n|j| UltimoRyu\n|inactive|Siir Stiicky has 60 seconds left.\n|inactive|Siir Stiicky has 30 seconds left.\n|\n|t:|1682645559\n|start\n|switch|p1a: Iron Bundle|Iron Bundle, L50|100\/100\n|switch|p1b: Scizor|Scizor, L50, F|100\/100\n|switch|p2a: Dondozo|Dondozo, L50, M|100\/100\n|switch|p2b: Tatsugiri|Tatsugiri-Droopy, L50, M, shiny|100\/100\n|-activate|p2b: Tatsugiri|ability: Commander|[of] p2a: Dondozo\n|-boost|p2a: Dondozo|atk|2\n|-boost|p2a: Dondozo|spa|2\n|-boost|p2a: Dondozo|spe|2\n|-boost|p2a: Dondozo|def|2\n|-boost|p2a: Dondozo|spd|2\n|-enditem|p1a: Iron Bundle|Booster Energy\n|-activate|p1a: Iron Bundle|ability: Quark Drive|[fromitem]\n|-start|p1a: Iron Bundle|quarkdrivespe\n|turn|1\n|\n|t:|1682645581\n|switch|p1b: Chien-Pao|Chien-Pao, L50|100\/100\n|-ability|p1b: Chien-Pao|Sword of Ruin\n|-terastallize|p2a: Dondozo|Water\n|move|p1a: Iron Bundle|Freeze-Dry|p2a: Dondozo\n|-supereffective|p2a: Dondozo\n|-damage|p2a: Dondozo|62\/100\n|move|p2a: Dondozo|Surf|p1a: Iron Bundle|[spread] p1a,p1b\n|-miss|p2a: Dondozo|p2b: Tatsugiri\n|-resisted|p1a: Iron Bundle\n|-damage|p1a: Iron Bundle|27\/100\n|-enditem|p1b: Chien-Pao|Focus Sash\n|-damage|p1b: Chien-Pao|1\/100\n|-damage|p2a: Dondozo|53\/100|[from] item: Life Orb\n|\n|upkeep\n|turn|2\n|\n|t:|1682645603\n|move|p1a: Iron Bundle|Freeze-Dry|p2a: Dondozo\n|-supereffective|p2a: Dondozo\n|-damage|p2a: Dondozo|12\/100\n|-status|p2a: Dondozo|frz\n|move|p1b: Chien-Pao|Haze|p1b: Chien-Pao\n|-clearallboost\n|-curestatus|p2a: Dondozo|frz|[msg]\n|move|p2a: Dondozo|Surf|p1b: Chien-Pao|[spread] p1a,p1b\n|-miss|p2a: Dondozo|p2b: Tatsugiri\n|-resisted|p1a: Iron Bundle\n|-damage|p1a: Iron Bundle|0 fnt\n|-damage|p1b: Chien-Pao|0 fnt\n|faint|p1a: Iron Bundle\n|-end|p1a: Iron Bundle|Quark Drive|[silent]\n|faint|p1b: Chien-Pao\n|-damage|p2a: Dondozo|2\/100|[from] item: Life Orb\n|\n|upkeep\n|\n|t:|1682645616\n|switch|p1a: Scizor|Scizor, L50, F|100\/100\n|switch|p1b: Amoonguss|Amoonguss, L50, M, shiny|100\/100\n|turn|3\n|\n|t:|1682645629\n|move|p2a: Dondozo|Protect|p2a: Dondozo\n|-singleturn|p2a: Dondozo|Protect\n|move|p1a: Scizor|Feint|p2a: Dondozo\n|-activate|p2a: Dondozo|move: Feint\n|-damage|p2a: Dondozo|0 fnt\n|faint|p2a: Dondozo\n|move|p1b: Amoonguss|Spore|p2b: Tatsugiri\n|-status|p2b: Tatsugiri|slp|[from] move: Spore\n|\n|upkeep\n|\n|t:|1682645638\n|switch|p2a: Pelipper|Pelipper, L50, F|100\/100\n|-weather|RainDance|[from] ability: Drizzle|[of] p2a: Pelipper\n|turn|4\n|\n|t:|1682645654\n|-terastallize|p1b: Amoonguss|Water\n|move|p2a: Pelipper|Protect|p2a: Pelipper\n|-singleturn|p2a: Pelipper|Protect\n|cant|p2b: Tatsugiri|slp\n|move|p1a: Scizor|Swords Dance|p1a: Scizor\n|-boost|p1a: Scizor|atk|2\n|move|p1b: Amoonguss|Spore|p2a: Pelipper\n|-activate|p2a: Pelipper|move: Protect\n|\n|-weather|RainDance|[upkeep]\n|upkeep\n|turn|5\n|inactive|Siir Stiicky has 30 seconds left.\n|inactive|Siir Stiicky has 20 seconds left.\n|\n|t:|1682645690\n|move|p1a: Scizor|Bullet Punch|p2b: Tatsugiri\n|-resisted|p2b: Tatsugiri\n|-damage|p2b: Tatsugiri|32\/100 slp\n|cant|p2b: Tatsugiri|slp\n|move|p2a: Pelipper|Hydro Pump|p1a: Scizor\n|-damage|p1a: Scizor|6\/100\n|move|p1b: Amoonguss|Spore|p2a: Pelipper\n|-status|p2a: Pelipper|slp|[from] move: Spore\n|\n|-weather|RainDance|[upkeep]\n|upkeep\n|turn|6\n|\n|t:|1682645709\n|move|p1a: Scizor|Bullet Punch|p2b: Tatsugiri\n|-resisted|p2b: Tatsugiri\n|-damage|p2b: Tatsugiri|0 fnt\n|faint|p2b: Tatsugiri\n|cant|p2a: Pelipper|slp\n|move|p1b: Amoonguss|Pollen Puff|p1a: Scizor\n|-heal|p1a: Scizor|55\/100\n|\n|-weather|RainDance|[upkeep]\n|upkeep\n|\n|t:|1682645718\n|switch|p2b: Drednaw|Drednaw, L50, M|100\/100\n|turn|7\n|\n|t:|1682645729\n|move|p1b: Amoonguss|Rage Powder|p1b: Amoonguss\n|-singleturn|p1b: Amoonguss|move: Rage Powder\n|move|p1a: Scizor|Bullet Punch|p2b: Drednaw\n|-damage|p2b: Drednaw|25\/100\n|move|p2b: Drednaw|Earthquake|p1a: Scizor|[spread] p1a,p1b\n|-immune|p2a: Pelipper\n|-damage|p1a: Scizor|17\/100\n|-damage|p1b: Amoonguss|58\/100\n|-curestatus|p2a: Pelipper|slp|[msg]\n|move|p2a: Pelipper|Hurricane|p1b: Amoonguss\n|-damage|p1b: Amoonguss|20\/100\n|-enditem|p1b: Amoonguss|Sitrus Berry|[eat]\n|-heal|p1b: Amoonguss|45\/100|[from] item: Sitrus Berry\n|\n|-weather|RainDance|[upkeep]\n|upkeep\n|turn|8\n|\n|t:|1682645745\n|move|p1a: Scizor|Bullet Punch|p2b: Drednaw\n|-damage|p2b: Drednaw|0 fnt\n|faint|p2b: Drednaw\n|move|p2a: Pelipper|Hurricane|p1a: Scizor\n|-damage|p1a: Scizor|0 fnt\n|faint|p1a: Scizor\n|move|p1b: Amoonguss|Spore|p2a: Pelipper\n|-status|p2a: Pelipper|slp|[from] move: Spore\n|\n|-weather|RainDance|[upkeep]\n|upkeep\n|turn|9\n|\n|t:|1682645758\n|cant|p2a: Pelipper|slp\n|move|p1b: Amoonguss|Giga Drain|p2a: Pelipper\n|-damage|p2a: Pelipper|66\/100 slp\n|-heal|p1b: Amoonguss|58\/100|[from] drain|[of] p2a: Pelipper\n|\n|-weather|RainDance|[upkeep]\n|upkeep\n|turn|10\n|\n|t:|1682645767\n|cant|p2a: Pelipper|slp\n|move|p1b: Amoonguss|Giga Drain|p2a: Pelipper\n|-damage|p2a: Pelipper|32\/100 slp\n|-heal|p1b: Amoonguss|71\/100|[from] drain|[of] p2a: Pelipper\n|\n|-weather|RainDance|[upkeep]\n|upkeep\n|turn|11\n|\n|t:|1682645776\n|cant|p2a: Pelipper|slp\n|move|p1b: Amoonguss|Spore|p2a: Pelipper\n|-fail|p2a: Pelipper|slp\n|\n|-weather|none\n|upkeep\n|turn|12\n|\n|t:|1682645785\n|-curestatus|p2a: Pelipper|slp|[msg]\n|move|p2a: Pelipper|Hydro Pump|p1b: Amoonguss\n|-resisted|p1b: Amoonguss\n|-damage|p1b: Amoonguss|53\/100\n|move|p1b: Amoonguss|Spore|p2a: Pelipper\n|-status|p2a: Pelipper|slp|[from] move: Spore\n|\n|upkeep\n|turn|13\n|\n|t:|1682645801\n|cant|p2a: Pelipper|slp\n|move|p1b: Amoonguss|Giga Drain|p2a: Pelipper\n|-damage|p2a: Pelipper|0 fnt\n|-heal|p1b: Amoonguss|64\/100|[from] drain|[of] p2a: Pelipper\n|faint|p2a: Pelipper\n|\n|win|Duecal1on\n|raw|Duecal1on's rating: 1198 → 1230<\/strong> (+32 for winning)\n|raw|Siir Stiicky's rating: 1291 → 1259<\/strong> (-32 for losing)\n|l|\u2606Siir Stiicky\n|c|\u2606Duecal1on|Gg\n","uploadtime":1682645843,"views":14,"p1id":"duecal1on","p2id":"siirstiicky","formatid":"gen9vgc2023regulationc","rating":1230,"private":0,"password":""}