{"id":"gen9vgc2023regulationc-1845148330","p1":"DuelLuna","p2":"TTVNuzlockeAcademy","format":"[Gen 9] VGC 2023 Regulation C","log":"|j|\u2606DuelLuna\n|j|\u2606TTVNuzlockeAcademy\n|t:|1681689307\n|gametype|doubles\n|player|p1|DuelLuna|caitlin|\n|player|p2|TTVNuzlockeAcademy|2|\n|teamsize|p1|6\n|teamsize|p2|6\n|gen|9\n|tier|[Gen 9] VGC 2023 Regulation C\n|rule|Species Clause: Limit one of each Pok\u00e9mon\n|rule|Item Clause: Limit one of each item\n|clearpoke\n|poke|p1|Garganacl, L50, F|\n|poke|p1|Amoonguss, L50, F|\n|poke|p1|Orthworm, L50, F|\n|poke|p1|Salamence, L50, M|\n|poke|p1|Sandy Shocks, L50|\n|poke|p1|Iron Moth, L50|\n|poke|p2|Rotom-Wash, L50|\n|poke|p2|Flareon, L50, M|\n|poke|p2|Toedscruel, L50, F|\n|poke|p2|Tyranitar, L50, M|\n|poke|p2|Lycanroc, L50, M|\n|poke|p2|Drifblim, L50, M|\n|teampreview|4\nDuelLuna has agreed to open team sheets.\n|\n|t:|1681689340\n|start\n|switch|p1a: Iron Moth|Iron Moth, L50|100\/100\n|switch|p1b: Sandy Shocks|Sandy Shocks, L50|100\/100\n|switch|p2a: Rotom|Rotom-Wash, L50|100\/100\n|switch|p2b: Toedscruel|Toedscruel, L50, F|100\/100\n|turn|1\n|\n|t:|1681689381\n|switch|p2b: Flareon|Flareon, L50, M|100\/100\n|move|p1b: Sandy Shocks|Thunderbolt|p2a: Rotom\n|-damage|p2a: Rotom|55\/100\n|move|p1a: Iron Moth|Energy Ball|p2a: Rotom\n|-supereffective|p2a: Rotom\n|-damage|p2a: Rotom|0 fnt\n|faint|p2a: Rotom\n|-damage|p1a: Iron Moth|91\/100|[from] item: Life Orb\n|\n|-status|p2b: Flareon|tox|[from] item: Toxic Orb\n|upkeep\n|\n|t:|1681689393\n|switch|p2a: Toedscruel|Toedscruel, L50, F|100\/100\n|turn|2\n|\n|t:|1681689414\n|move|p1b: Sandy Shocks|Reflect|p1b: Sandy Shocks\n|-sidestart|p1: DuelLuna|Reflect\n|move|p1a: Iron Moth|Heat Wave|p2a: Toedscruel|[spread] p2a,p2b\n|-supereffective|p2a: Toedscruel\n|-resisted|p2b: Flareon\n|-damage|p2a: Toedscruel|13\/100\n|-damage|p2b: Flareon|73\/100 tox\n|-damage|p1a: Iron Moth|81\/100|[from] item: Life Orb\n|move|p2b: Flareon|Facade|p1b: Sandy Shocks\n|-damage|p1b: Sandy Shocks|53\/100\n|move|p2a: Toedscruel|Spore|p1a: Iron Moth\n|-status|p1a: Iron Moth|slp|[from] move: Spore\n|\n|-damage|p2b: Flareon|67\/100 tox|[from] psn\n|upkeep\n|turn|3\n|\n|t:|1681689440\n|move|p1b: Sandy Shocks|Thunderbolt|p2b: Flareon\n|-damage|p2b: Flareon|34\/100 tox\n|cant|p1a: Iron Moth|slp\n|move|p2a: Toedscruel|Earth Power|p1b: Sandy Shocks\n|-supereffective|p1b: Sandy Shocks\n|-damage|p1b: Sandy Shocks|0 fnt\n|faint|p1b: Sandy Shocks\n|-end|p1b: Sandy Shocks|Protosynthesis|[silent]\n|move|p2b: Flareon|Facade|p1a: Iron Moth\n|-damage|p1a: Iron Moth|0 fnt\n|faint|p1a: Iron Moth\n|-end|p1a: Iron Moth|Quark Drive|[silent]\n|\n|-damage|p2b: Flareon|23\/100 tox|[from] psn\n|upkeep\n|\n|t:|1681689448\n|switch|p1b: Orthworm|Orthworm, L50, F|100\/100\n|switch|p1a: Salamence|Salamence, L50, M|100\/100\n|-ability|p1a: Salamence|Intimidate|boost\n|-unboost|p2a: Toedscruel|atk|1\n|-unboost|p2b: Flareon|atk|1\n|turn|4\n|\n|t:|1681689463\n|move|p2a: Toedscruel|Rage Powder|p2a: Toedscruel\n|-singleturn|p2a: Toedscruel|move: Rage Powder\n|move|p1a: Salamence|Dragon Claw|p2a: Toedscruel\n|-damage|p2a: Toedscruel|0 fnt\n|faint|p2a: Toedscruel\n|move|p1b: Orthworm|Heavy Slam|p2b: Flareon\n|-resisted|p2b: Flareon\n|-damage|p2b: Flareon|0 fnt\n|faint|p2b: Flareon\n|\n|upkeep\n|\n|t:|1681689486\n|switch|p2b: Drifblim|Drifblim, L50, M|100\/100\n|turn|5\n|\n|t:|1681689496\n|move|p1a: Salamence|Dragon Claw|p2b: Drifblim\n|-damage|p2b: Drifblim|43\/100\n|move|p2b: Drifblim|Hex|p1a: Salamence\n|-damage|p1a: Salamence|72\/100\n|move|p1b: Orthworm|Heavy Slam|p2b: Drifblim\n|-damage|p2b: Drifblim|0 fnt\n|-damage|p1b: Orthworm|75\/100|[from] ability: Aftermath|[of] p2b: Drifblim\n|faint|p2b: Drifblim\n|\n|win|DuelLuna\n|l|\u2606TTVNuzlockeAcademy\n|c|\u2606DuelLuna|Gg!\n","uploadtime":1681689509,"views":20,"p1id":"duelluna","p2id":"ttvnuzlockeacademy","formatid":"gen9vgc2023regulationc","rating":0,"private":0,"password":""}