{"id":"gen9vgc2023regulationc-1847866783","p1":"Buhbuhbutterfly","p2":"Bimbodd","format":"[Gen 9] VGC 2023 Regulation C","log":"|j|\u2606Buhbuhbutterfly\n|j|\u2606Bimbodd\n|t:|1682008438\n|gametype|doubles\n|player|p1|Buhbuhbutterfly|caitlin|1059\n|player|p2|Bimbodd|volkner|1102\n|teamsize|p1|6\n|teamsize|p2|6\n|gen|9\n|tier|[Gen 9] VGC 2023 Regulation C\n|rated|\n|rule|Species Clause: Limit one of each Pok\u00e9mon\n|rule|Item Clause: Limit one of each item\n|clearpoke\n|poke|p1|Dudunsparce-*, L50, M|\n|poke|p1|Stantler, L50, M|\n|poke|p1|Wigglytuff, L50, M|\n|poke|p1|Maushold, L50|\n|poke|p1|Iron Jugulis, L50|\n|poke|p1|Starly, L50, M|\n|poke|p2|Ceruledge, L50, F|\n|poke|p2|Torkoal, L50, F|\n|poke|p2|Lilligant, L50, F|\n|poke|p2|Flutter Mane, L50|\n|poke|p2|Roaring Moon, L50|\n|poke|p2|Pachirisu, L50, F|\n|teampreview|4\n|inactive|Battle timer is ON: inactive players will automatically lose when time's up. (requested by Bimbodd)\n|inactive|Buhbuhbutterfly has 60 seconds left.\n|inactive|Bimbodd has 60 seconds left.\n|\n|t:|1682008487\n|start\n|switch|p1a: Maushold|Maushold, L50|100\/100\n|switch|p1b: Dudunsparce|Dudunsparce-Three-Segment, L50, M|100\/100\n|switch|p2a: Torkoal|Torkoal, L50, F|100\/100\n|switch|p2b: Ceruledge|Ceruledge, L50, F|100\/100\n|-weather|SunnyDay|[from] ability: Drought|[of] p2a: Torkoal\n|turn|1\n|\n|t:|1682008511\n|-terastallize|p1b: Dudunsparce|Psychic\n|move|p2b: Ceruledge|Bitter Blade|p1a: Maushold\n|-damage|p1a: Maushold|7\/100\n|-enditem|p1a: Maushold|Iapapa Berry|[eat]\n|-heal|p1a: Maushold|40\/100|[from] item: Iapapa Berry\n|move|p1a: Maushold|Beat Up|p1b: Dudunsparce\n|-supereffective|p1b: Dudunsparce\n|-damage|p1b: Dudunsparce|97\/100\n|-ability|p1b: Dudunsparce|Rattled|boost\n|-boost|p1b: Dudunsparce|spe|1\n|-enditem|p1b: Dudunsparce|Weakness Policy\n|-boost|p1b: Dudunsparce|atk|2|[from] item: Weakness Policy\n|-boost|p1b: Dudunsparce|spa|2|[from] item: Weakness Policy\n|-supereffective|p1b: Dudunsparce\n|-damage|p1b: Dudunsparce|92\/100\n|-ability|p1b: Dudunsparce|Rattled|boost\n|-boost|p1b: Dudunsparce|spe|1\n|-supereffective|p1b: Dudunsparce\n|-damage|p1b: Dudunsparce|89\/100\n|-ability|p1b: Dudunsparce|Rattled|boost\n|-boost|p1b: Dudunsparce|spe|1\n|-supereffective|p1b: Dudunsparce\n|-damage|p1b: Dudunsparce|86\/100\n|-ability|p1b: Dudunsparce|Rattled|boost\n|-boost|p1b: Dudunsparce|spe|1\n|-hitcount|p1b: Dudunsparce|4\n|move|p1b: Dudunsparce|Boomburst|p2a: Torkoal|[spread] p1a,p2a\n|-immune|p2b: Ceruledge\n|-damage|p1a: Maushold|0 fnt\n|-damage|p2a: Torkoal|0 fnt\n|faint|p1a: Maushold\n|faint|p2a: Torkoal\n|\n|-weather|SunnyDay|[upkeep]\n|upkeep\n|inactive|Buhbuhbutterfly has 30 seconds left.\n|inactive|Bimbodd has 30 seconds left.\n|\n|t:|1682008544\n|switch|p1a: Iron Jugulis|Iron Jugulis, L50|100\/100\n|switch|p2a: Roaring Moon|Roaring Moon, L50|100\/100\n|-activate|p2a: Roaring Moon|ability: Protosynthesis\n|-start|p2a: Roaring Moon|protosynthesisatk\n|-enditem|p1a: Iron Jugulis|Booster Energy\n|-activate|p1a: Iron Jugulis|ability: Quark Drive|[fromitem]\n|-start|p1a: Iron Jugulis|quarkdrivespe\n|turn|2\n|\n|t:|1682008562\n|move|p1b: Dudunsparce|Protect|p1b: Dudunsparce\n|-singleturn|p1b: Dudunsparce|Protect\n|move|p2a: Roaring Moon|Protect|p2a: Roaring Moon\n|-singleturn|p2a: Roaring Moon|Protect\n|move|p1a: Iron Jugulis|Dark Pulse|p2b: Ceruledge\n|-supereffective|p2b: Ceruledge\n|-damage|p2b: Ceruledge|10\/100\n|cant|p2b: Ceruledge|flinch\n|\n|-weather|SunnyDay|[upkeep]\n|upkeep\n|turn|3\n|\n|t:|1682008588\n|-terastallize|p2a: Roaring Moon|Ground\n|move|p1a: Iron Jugulis|Dark Pulse|p2b: Ceruledge\n|-supereffective|p2b: Ceruledge\n|-damage|p2b: Ceruledge|0 fnt\n|faint|p2b: Ceruledge\n|move|p1b: Dudunsparce|Boomburst|p2a: Roaring Moon|[spread] p1a,p2a\n|-damage|p1a: Iron Jugulis|0 fnt\n|-damage|p2a: Roaring Moon|10\/100\n|faint|p1a: Iron Jugulis\n|-end|p1a: Iron Jugulis|Quark Drive|[silent]\n|move|p2a: Roaring Moon|Earthquake|p1b: Dudunsparce\n|-damage|p1b: Dudunsparce|0 fnt\n|faint|p1b: Dudunsparce\n|-damage|p2a: Roaring Moon|0 fnt|[from] item: Life Orb\n|faint|p2a: Roaring Moon\n|-end|p2a: Roaring Moon|Protosynthesis|[silent]\n|\n|-weather|SunnyDay|[upkeep]\n|upkeep\n|\n|t:|1682008605\n|switch|p2b: Pachirisu|Pachirisu, L50, F|100\/100\n|switch|p1b: Starly|Starly, L50, M|100\/100\n|turn|4\n|\n|t:|1682008619\n|move|p1b: Starly|Protect|p1b: Starly\n|-singleturn|p1b: Starly|Protect\n|move|p2b: Pachirisu|Super Fang|p1b: Starly\n|-activate|p1b: Starly|move: Protect\n|\n|-weather|SunnyDay|[upkeep]\n|upkeep\n|turn|5\n|\n|t:|1682008628\n|move|p1b: Starly|Quick Attack|p2b: Pachirisu\n|-damage|p2b: Pachirisu|86\/100\n|move|p2b: Pachirisu|Nuzzle|p1b: Starly\n|-supereffective|p1b: Starly\n|-damage|p1b: Starly|74\/100\n|-status|p1b: Starly|par\n|\n|-weather|SunnyDay|[upkeep]\n|upkeep\n|turn|6\n|\n|t:|1682008638\n|move|p2b: Pachirisu|Super Fang|p1b: Starly\n|-damage|p1b: Starly|38\/100 par\n|cant|p1b: Starly|par\n|\n|-weather|SunnyDay|[upkeep]\n|upkeep\n|turn|7\n|\n|t:|1682008645\n|move|p2b: Pachirisu|Nuzzle|p1b: Starly\n|-supereffective|p1b: Starly\n|-damage|p1b: Starly|10\/100 par\n|move|p1b: Starly|Endeavor|p2b: Pachirisu\n|-damage|p2b: Pachirisu|7\/100\n|-enditem|p2b: Pachirisu|Sitrus Berry|[eat]\n|-heal|p2b: Pachirisu|32\/100|[from] item: Sitrus Berry\n|\n|-weather|SunnyDay|[upkeep]\n|upkeep\n|turn|8\n|c|\u2606Buhbuhbutterfly|gg\n|\n|t:|1682008656\n|move|p2b: Pachirisu|Nuzzle|p1b: Starly\n|-supereffective|p1b: Starly\n|-crit|p1b: Starly\n|-damage|p1b: Starly|0 fnt\n|faint|p1b: Starly\n|\n|win|Bimbodd\n|raw|Buhbuhbutterfly's rating: 1059 → 1042<\/strong> (-17 for losing)\n|raw|Bimbodd's rating: 1102 → 1124<\/strong> (+22 for winning)\n|l|\u2606Buhbuhbutterfly\n|c|\u2606Bimbodd|gg\n","uploadtime":1682008663,"views":9,"p1id":"buhbuhbutterfly","p2id":"bimbodd","formatid":"gen9vgc2023regulationc","rating":1042,"private":0,"password":""}