{"id":"gen9vgc2023regulationc-1848538618","p1":"Teromix","p2":"NExusiai","format":"[Gen 9] VGC 2023 Regulation C","log":"|j|\u2606Teromix\n|j|\u2606NExusiai\n|t:|1682088281\n|gametype|doubles\n|player|p1|Teromix|cynthia|1190\n|player|p2|NExusiai|2|1272\n|teamsize|p1|6\n|teamsize|p2|6\n|gen|9\n|tier|[Gen 9] VGC 2023 Regulation C\n|rated|\n|rule|Species Clause: Limit one of each Pok\u00e9mon\n|rule|Item Clause: Limit one of each item\n|clearpoke\n|poke|p1|Flutter Mane, L50|\n|poke|p1|Maushold-Four, L50|\n|poke|p1|Annihilape, L50, M|\n|poke|p1|Ting-Lu, L50|\n|poke|p1|Gyarados, L50, M|\n|poke|p1|Baxcalibur, L50, M|\n|poke|p2|Scream Tail, L50|\n|poke|p2|Dragapult, L50, F|\n|poke|p2|Ting-Lu, L50|\n|poke|p2|Gyarados, L50, M|\n|poke|p2|Dragonite, L50, M|\n|poke|p2|Chi-Yu, L50|\n|teampreview|4\n|inactive|Battle timer is ON: inactive players will automatically lose when time's up. (requested by NExusiai)\n|\n|t:|1682088305\n|start\n|switch|p1a: Maushold|Maushold-Four, L50|100\/100\n|switch|p1b: Annihilape|Annihilape, L50, M|100\/100\n|switch|p2a: Scream Tail|Scream Tail, L50|100\/100\n|switch|p2b: Dragapult|Dragapult, L50, F|100\/100\n|-enditem|p2a: Scream Tail|Booster Energy\n|-activate|p2a: Scream Tail|ability: Protosynthesis|[fromitem]\n|-start|p2a: Scream Tail|protosynthesisspe\n|turn|1\n|\n|t:|1682088328\n|-terastallize|p1b: Annihilape|Fire\n|move|p2a: Scream Tail|Howl|p2a: Scream Tail|[spread] p2a,p2b\n|-boost|p2a: Scream Tail|atk|1\n|-boost|p2b: Dragapult|atk|1\n|move|p2b: Dragapult|Dragon Darts|p1a: Maushold\n|-damage|p1a: Maushold|48\/100\n|-anim|p2b: Dragapult|Dragon Darts|p1b: Annihilape\n|-damage|p1b: Annihilape|68\/100\n|move|p1a: Maushold|Beat Up|p1b: Annihilape\n|-damage|p1b: Annihilape|66\/100\n|-damage|p1b: Annihilape|65\/100\n|-damage|p1b: Annihilape|62\/100\n|-damage|p1b: Annihilape|60\/100\n|-hitcount|p1b: Annihilape|4\n|move|p1b: Annihilape|Rage Fist|p2b: Dragapult\n|-supereffective|p2b: Dragapult\n|-crit|p2b: Dragapult\n|-enditem|p2b: Dragapult|Focus Sash\n|-damage|p2b: Dragapult|1\/100\n|\n|-heal|p1b: Annihilape|66\/100|[from] item: Leftovers\n|upkeep\n|turn|2\n|inactive|Teromix has 30 seconds left.\n|\n|t:|1682088357\n|move|p2b: Dragapult|Protect|p2b: Dragapult\n|-singleturn|p2b: Dragapult|Protect\n|move|p1a: Maushold|Protect|p1a: Maushold\n|-singleturn|p1a: Maushold|Protect\n|move|p2a: Scream Tail|Disable|p1b: Annihilape\n|-start|p1b: Annihilape|Disable|Rage Fist\n|cant|p1b: Annihilape|Disable|Rage Fist\n|\n|-heal|p1b: Annihilape|72\/100|[from] item: Leftovers\n|upkeep\n|turn|3\n|\n|t:|1682088373\n|switch|p1a: Gyarados|Gyarados, L50, M, shiny|100\/100\n|-ability|p1a: Gyarados|Intimidate|boost\n|-unboost|p2a: Scream Tail|atk|1\n|-fail|p2b: Dragapult|unboost|[from] ability: Clear Body|[of] p2b: Dragapult\n|move|p2a: Scream Tail|Howl|p2a: Scream Tail|[spread] p2a,p2b\n|-boost|p2a: Scream Tail|atk|1\n|-boost|p2b: Dragapult|atk|1\n|move|p2b: Dragapult|Dragon Darts|p1a: Gyarados\n|-damage|p1a: Gyarados|50\/100\n|-enditem|p1a: Gyarados|Sitrus Berry|[eat]\n|-heal|p1a: Gyarados|75\/100|[from] item: Sitrus Berry\n|-anim|p2b: Dragapult|Dragon Darts|p1b: Annihilape\n|-damage|p1b: Annihilape|21\/100\n|move|p1b: Annihilape|Drain Punch|p2a: Scream Tail\n|-resisted|p2a: Scream Tail\n|-damage|p2a: Scream Tail|94\/100\n|-heal|p1b: Annihilape|24\/100|[from] drain|[of] p2a: Scream Tail\n|\n|-heal|p1b: Annihilape|30\/100|[from] item: Leftovers\n|upkeep\n|turn|4\n|inactive|NExusiai has 30 seconds left.\n|\n|t:|1682088399\n|move|p2b: Dragapult|Protect|p2b: Dragapult\n|-singleturn|p2b: Dragapult|Protect\n|move|p1b: Annihilape|Protect|p1b: Annihilape\n|-singleturn|p1b: Annihilape|Protect\n|move|p2a: Scream Tail|Howl|p2a: Scream Tail|[spread] p2a,p2b\n|-boost|p2a: Scream Tail|atk|1\n|-boost|p2b: Dragapult|atk|1\n|move|p1a: Gyarados|Iron Head|p2a: Scream Tail\n|-supereffective|p2a: Scream Tail\n|-damage|p2a: Scream Tail|58\/100\n|\n|-heal|p1b: Annihilape|36\/100|[from] item: Leftovers\n|upkeep\n|turn|5\n|\n|t:|1682088414\n|switch|p1b: Ting-Lu|Ting-Lu, L50|100\/100\n|-ability|p1b: Ting-Lu|Vessel of Ruin\n|move|p2a: Scream Tail|Howl|p2a: Scream Tail|[spread] p2a,p2b\n|-boost|p2a: Scream Tail|atk|1\n|-boost|p2b: Dragapult|atk|1\n|move|p2b: Dragapult|Dragon Darts|p1a: Gyarados\n|-damage|p1a: Gyarados|0 fnt\n|-anim|p2b: Dragapult|Dragon Darts|p1b: Ting-Lu\n|-damage|p1b: Ting-Lu|56\/100\n|faint|p1a: Gyarados\n|\n|upkeep\n|\n|t:|1682088426\n|switch|p1a: Annihilape|Annihilape, L50, M, tera:Fire|36\/100\n|turn|6\n|\n|t:|1682088438\n|-terastallize|p2b: Dragapult|Dragon\n|move|p2a: Scream Tail|Howl|p2a: Scream Tail|[spread] p2a,p2b\n|-boost|p2a: Scream Tail|atk|1\n|-boost|p2b: Dragapult|atk|1\n|move|p2b: Dragapult|Dragon Darts|p1a: Annihilape\n|-damage|p1a: Annihilape|0 fnt\n|-anim|p2b: Dragapult|Dragon Darts|p1b: Ting-Lu\n|-damage|p1b: Ting-Lu|0 fnt\n|faint|p1a: Annihilape\n|faint|p1b: Ting-Lu\n|\n|upkeep\n|-message|Teromix forfeited.\n|\n|win|NExusiai\n|raw|Teromix's rating: 1190 → 1171<\/strong> (-19 for losing)\n|raw|NExusiai's rating: 1272 → 1291<\/strong> (+19 for winning)\n|l|\u2606Teromix\n","uploadtime":1682088474,"views":7,"p1id":"teromix","p2id":"nexusiai","formatid":"gen9vgc2023regulationc","rating":1171,"private":0,"password":""}