{"id":"gen9vgc2023regulationc-1850945459","p1":"PeskyBuzz","p2":"RamonTheKiller","format":"[Gen 9] VGC 2023 Regulation C","log":"|j|\u2606PeskyBuzz\n|j|\u2606RamonTheKiller\n|t:|1682385409\n|gametype|doubles\n|player|p1|PeskyBuzz|170|1063\n|player|p2|RamonTheKiller|265|1059\n|teamsize|p1|6\n|teamsize|p2|6\n|gen|9\n|tier|[Gen 9] VGC 2023 Regulation C\n|rated|\n|rule|Species Clause: Limit one of each Pok\u00e9mon\n|rule|Item Clause: Limit one of each item\n|clearpoke\n|poke|p1|Abomasnow, L50, F|\n|poke|p1|Gastrodon-East, L50, F|\n|poke|p1|Mimikyu, L50, M|\n|poke|p1|Talonflame, L50, F|\n|poke|p1|Amoonguss, L50, M|\n|poke|p1|Ceruledge, L50, F|\n|poke|p2|Ting-Lu, L50|\n|poke|p2|Corviknight, L50, F|\n|poke|p2|Gyarados, L50, F|\n|poke|p2|Amoonguss, L50, F|\n|poke|p2|Maushold-Four, L50|\n|poke|p2|Dragonite, L50, M|\n|teampreview|4\n|\n|t:|1682385443\n|start\n|switch|p1a: Obamasnow|Abomasnow, L50, F|100\/100\n|switch|p1b: GastroBuzz|Gastrodon-East, L50, F|100\/100\n|switch|p2a: Gyarados|Gyarados, L50, F|100\/100\n|switch|p2b: Ting-Lu|Ting-Lu, L50|100\/100\n|-ability|p2a: Gyarados|Intimidate|boost\n|-unboost|p1a: Obamasnow|atk|1\n|-unboost|p1b: GastroBuzz|atk|1\n|-weather|Snow|[from] ability: Snow Warning|[of] p1a: Obamasnow\n|-ability|p2b: Ting-Lu|Vessel of Ruin\n|turn|1\n|\n|t:|1682385478\n|switch|p1a: Amogus|Amoonguss, L50, M|100\/100\n|-terastallize|p2b: Ting-Lu|Fire\n|move|p2a: Gyarados|Thunder Wave|p1a: Amogus\n|-status|p1a: Amogus|par\n|move|p2b: Ting-Lu|Substitute|p2b: Ting-Lu\n|-start|p2b: Ting-Lu|Substitute\n|-damage|p2b: Ting-Lu|76\/100\n|move|p1b: GastroBuzz|Waterfall|p2b: Ting-Lu\n|-supereffective|p2b: Ting-Lu\n|-activate|p2b: Ting-Lu|move: Substitute|[damage]\n|\n|-weather|Snow|[upkeep]\n|-heal|p2b: Ting-Lu|82\/100|[from] item: Leftovers\n|upkeep\n|turn|2\n|\n|t:|1682385505\n|move|p2a: Gyarados|Taunt|p1a: Amogus\n|-start|p1a: Amogus|move: Taunt\n|move|p2b: Ting-Lu|Body Press|p1b: GastroBuzz\n|-crit|p1b: GastroBuzz\n|-damage|p1b: GastroBuzz|48\/100\n|move|p1b: GastroBuzz|Waterfall|p2b: Ting-Lu\n|-supereffective|p2b: Ting-Lu\n|-end|p2b: Ting-Lu|Substitute\n|cant|p1a: Amogus|move: Taunt|Spore\n|\n|-weather|Snow|[upkeep]\n|-heal|p2b: Ting-Lu|88\/100|[from] item: Leftovers\n|-heal|p1b: GastroBuzz|54\/100|[from] item: Leftovers\n|upkeep\n|turn|3\n|\n|t:|1682385531\n|switch|p2b: Maushold|Maushold-Four, L50|100\/100\n|move|p1b: GastroBuzz|Protect|p1b: GastroBuzz\n|-singleturn|p1b: GastroBuzz|Protect\n|move|p2a: Gyarados|Iron Head|p1a: Amogus\n|-damage|p1a: Amogus|75\/100 par\n|-damage|p2a: Gyarados|84\/100|[from] item: Rocky Helmet|[of] p1a: Amogus\n|move|p1a: Amogus|Sludge Bomb|p2b: Maushold\n|-damage|p2b: Maushold|69\/100\n|-status|p2b: Maushold|psn\n|\n|-weather|Snow|[upkeep]\n|-heal|p1b: GastroBuzz|60\/100|[from] item: Leftovers\n|-damage|p2b: Maushold|57\/100 psn|[from] psn\n|upkeep\n|turn|4\n|\n|t:|1682385566\n|move|p2a: Gyarados|Iron Head|p1a: Amogus\n|-damage|p1a: Amogus|52\/100 par\n|-damage|p2a: Gyarados|68\/100|[from] item: Rocky Helmet|[of] p1a: Amogus\n|-status|p2a: Gyarados|par|[from] ability: Effect Spore|[of] p1a: Amogus\n|-enditem|p2a: Gyarados|Lum Berry|[eat]\n|-curestatus|p2a: Gyarados|par|[msg]\n|move|p2b: Maushold|Population Bomb|p1a: Amogus\n|-damage|p1a: Amogus|47\/100 par\n|-damage|p2b: Maushold|40\/100 psn|[from] item: Rocky Helmet|[of] p1a: Amogus\n|-damage|p1a: Amogus|41\/100 par\n|-damage|p2b: Maushold|24\/100 psn|[from] item: Rocky Helmet|[of] p1a: Amogus\n|-damage|p1a: Amogus|36\/100 par\n|-damage|p2b: Maushold|7\/100 psn|[from] item: Rocky Helmet|[of] p1a: Amogus\n|-damage|p1a: Amogus|31\/100 par\n|-damage|p2b: Maushold|0 fnt|[from] item: Rocky Helmet|[of] p1a: Amogus\n|faint|p2b: Maushold\n|-hitcount|p1a: Amogus|4\n|move|p1b: GastroBuzz|Recover|p1b: GastroBuzz\n|-heal|p1b: GastroBuzz|100\/100\n|move|p1a: Amogus|Sludge Bomb|p2a: Gyarados\n|-damage|p2a: Gyarados|36\/100\n|-status|p2a: Gyarados|psn\n|\n|-weather|Snow|[upkeep]\n|-damage|p2a: Gyarados|24\/100 psn|[from] psn\n|-end|p1a: Amogus|move: Taunt\n|upkeep\n|\n|t:|1682385592\n|switch|p2b: Dragonite|Dragonite, L50, M|100\/100\n|turn|5\n|\n|t:|1682385629\n|move|p2a: Gyarados|Taunt|p1a: Amogus\n|-start|p1a: Amogus|move: Taunt\n|move|p2b: Dragonite|Ice Spinner|p1a: Amogus\n|-supereffective|p1a: Amogus\n|-damage|p1a: Amogus|0 fnt\n|-damage|p2b: Dragonite|84\/100|[from] item: Rocky Helmet|[of] p1a: Amogus\n|faint|p1a: Amogus\n|move|p1b: GastroBuzz|Waterfall|p2b: Dragonite\n|-resisted|p2b: Dragonite\n|-damage|p2b: Dragonite|75\/100\n|\n|-weather|none\n|-damage|p2a: Gyarados|12\/100 psn|[from] psn\n|upkeep\n|\n|t:|1682385645\n|switch|p1a: Obamasnow|Abomasnow, L50, F|100\/100\n|-weather|Snow|[from] ability: Snow Warning|[of] p1a: Obamasnow\n|turn|6\n|\n|t:|1682385658\n|move|p1b: GastroBuzz|Protect|p1b: GastroBuzz\n|-singleturn|p1b: GastroBuzz|Protect\n|move|p2a: Gyarados|Iron Head|p1a: Obamasnow\n|-supereffective|p1a: Obamasnow\n|-damage|p1a: Obamasnow|60\/100\n|move|p2b: Dragonite|Fire Punch|p1a: Obamasnow\n|-supereffective|p1a: Obamasnow\n|-damage|p1a: Obamasnow|0 fnt\n|faint|p1a: Obamasnow\n|\n|-weather|Snow|[upkeep]\n|-damage|p2a: Gyarados|0 fnt|[from] psn\n|faint|p2a: Gyarados\n|upkeep\n|\n|t:|1682385673\n|switch|p2a: Ting-Lu|Ting-Lu, L50, tera:Fire|88\/100\n|switch|p1a: Mace Windu|Ceruledge, L50, F|100\/100\n|-ability|p2a: Ting-Lu|Vessel of Ruin\n|turn|7\n|\n|t:|1682385697\n|move|p1a: Mace Windu|Substitute|p1a: Mace Windu\n|-start|p1a: Mace Windu|Substitute\n|-damage|p1a: Mace Windu|76\/100\n|move|p2b: Dragonite|Outrage|p1a: Mace Windu\n|-end|p1a: Mace Windu|Substitute\n|move|p2a: Ting-Lu|Earth Power|p1a: Mace Windu\n|-supereffective|p1a: Mace Windu\n|-damage|p1a: Mace Windu|28\/100\n|move|p1b: GastroBuzz|Waterfall|p2a: Ting-Lu\n|-supereffective|p2a: Ting-Lu\n|-damage|p2a: Ting-Lu|73\/100\n|\n|-weather|Snow|[upkeep]\n|-heal|p2a: Ting-Lu|80\/100|[from] item: Leftovers\n|upkeep\n|turn|8\n|\n|t:|1682385729\n|move|p1a: Mace Windu|Shadow Claw|p2b: Dragonite\n|-damage|p2b: Dragonite|45\/100\n|move|p2b: Dragonite|Outrage|p1b: GastroBuzz|[from]lockedmove\n|-damage|p1b: GastroBuzz|23\/100\n|move|p2a: Ting-Lu|Earth Power|p1a: Mace Windu\n|-supereffective|p1a: Mace Windu\n|-damage|p1a: Mace Windu|0 fnt\n|faint|p1a: Mace Windu\n|move|p1b: GastroBuzz|Waterfall|p2a: Ting-Lu\n|-supereffective|p2a: Ting-Lu\n|-damage|p2a: Ting-Lu|63\/100\n|\n|-weather|Snow|[upkeep]\n|-heal|p2a: Ting-Lu|70\/100|[from] item: Leftovers\n|-heal|p1b: GastroBuzz|29\/100|[from] item: Leftovers\n|upkeep\n|turn|9\n|\n|t:|1682385751\n|move|p1b: GastroBuzz|Protect|p1b: GastroBuzz\n|-singleturn|p1b: GastroBuzz|Protect\n|move|p2b: Dragonite|Outrage|p1b: GastroBuzz|[from]lockedmove\n|-activate|p1b: GastroBuzz|move: Protect\n|-start|p2b: Dragonite|confusion|[fatigue]\n|move|p2a: Ting-Lu|Earth Power|p1b: GastroBuzz\n|-activate|p1b: GastroBuzz|move: Protect\n|\n|-weather|Snow|[upkeep]\n|-heal|p2a: Ting-Lu|76\/100|[from] item: Leftovers\n|-heal|p1b: GastroBuzz|35\/100|[from] item: Leftovers\n|upkeep\n|turn|10\n|\n|t:|1682385783\n|-activate|p2b: Dragonite|confusion\n|move|p2b: Dragonite|Outrage|p1b: GastroBuzz\n|-damage|p1b: GastroBuzz|0 fnt\n|faint|p1b: GastroBuzz\n|\n|win|RamonTheKiller\n|raw|PeskyBuzz's rating: 1063 → 1043<\/strong> (-20 for losing)\n|raw|RamonTheKiller's rating: 1059 → 1091<\/strong> (+32 for winning)\n|l|\u2606PeskyBuzz\n","uploadtime":1682385800,"views":10,"p1id":"peskybuzz","p2id":"ramonthekiller","formatid":"gen9vgc2023regulationc","rating":1043,"private":0,"password":""}