{"id":"gen9vgc2023regulationc-1860641511","p1":"RoundLew","p2":"dfgddfggd","format":"[Gen 9] VGC 2023 Regulation C","log":"|j|\u2606RoundLew\n|j|\u2606dfgddfggd\n|t:|1683661750\n|gametype|doubles\n|player|p1|RoundLew|gardenia|1269\n|player|p2|dfgddfggd|102|1228\n|teamsize|p1|6\n|teamsize|p2|6\n|gen|9\n|tier|[Gen 9] VGC 2023 Regulation C\n|rated|\n|rule|Species Clause: Limit one of each Pok\u00e9mon\n|rule|Item Clause: Limit one of each item\n|clearpoke\n|poke|p1|Arcanine, L50, F|\n|poke|p1|Palafin, L50, F|\n|poke|p1|Amoonguss, L50, M|\n|poke|p1|Flutter Mane, L50|\n|poke|p1|Ting-Lu, L50|\n|poke|p1|Baxcalibur, L50, F|\n|poke|p2|Armarouge, L50, F|\n|poke|p2|Sandy Shocks, L50|\n|poke|p2|Masquerain, L50, M|\n|poke|p2|Klefki, L50, M|\n|poke|p2|Flapple, L50, M|\n|poke|p2|Iron Bundle, L50|\n|teampreview|4\nRoundLew has agreed to open team sheets.\n|inactive|Battle timer is ON: inactive players will automatically lose when time's up. (requested by dfgddfggd)\n|\n|t:|1683661792\n|start\n|switch|p1a: Palafin|Palafin, L50, F|100\/100\n|switch|p1b: Ting-Lu|Ting-Lu, L50|100\/100\n|switch|p2a: Masquerain|Masquerain, L50, M|100\/100\n|switch|p2b: Klefki|Klefki, L50, M|100\/100\n|-ability|p2a: Masquerain|Intimidate|boost\n|-unboost|p1a: Palafin|atk|1\n|-unboost|p1b: Ting-Lu|atk|1\n|-ability|p1b: Ting-Lu|Vessel of Ruin\n|turn|1\n|\n|t:|1683661809\n|detailschange|p1a: Palafin|Palafin-Hero, L50, F\n|switch|p1a: Baxcalibur|Baxcalibur, L50, F|100\/100\n|move|p2b: Klefki|Metal Sound|p1b: Ting-Lu\n|-hint|Since gen 7, Dark is immune to Prankster moves.\n|-immune|p1b: Ting-Lu\n|move|p2a: Masquerain|Sticky Web|p1a: Baxcalibur\n|-sidestart|p1: RoundLew|move: Sticky Web\n|move|p1b: Ting-Lu|Stomping Tantrum|p2b: Klefki\n|-supereffective|p2b: Klefki\n|-damage|p2b: Klefki|56\/100\n|\n|upkeep\n|turn|2\n|\n|t:|1683661834\n|move|p2b: Klefki|Thunder Wave|p1a: Baxcalibur\n|-status|p1a: Baxcalibur|par\n|move|p2a: Masquerain|Hurricane|p1a: Baxcalibur|[miss]\n|-miss|p2a: Masquerain|p1a: Baxcalibur\n|move|p1b: Ting-Lu|Stomping Tantrum|p2b: Klefki\n|-supereffective|p2b: Klefki\n|-damage|p2b: Klefki|3\/100\n|-enditem|p2b: Klefki|Iapapa Berry|[eat]\n|-heal|p2b: Klefki|36\/100|[from] item: Iapapa Berry\n|cant|p1a: Baxcalibur|par\n|\n|upkeep\n|turn|3\n|inactive|dfgddfggd has 30 seconds left.\n|\n|t:|1683661861\n|move|p2b: Klefki|Metal Sound|p1a: Baxcalibur\n|-fail|p1a: Baxcalibur|unboost|[from] item: Clear Amulet|[of] p1a: Baxcalibur\n|move|p2a: Masquerain|Hurricane|p1a: Baxcalibur|[miss]\n|-miss|p2a: Masquerain|p1a: Baxcalibur\n|move|p1b: Ting-Lu|Stomping Tantrum|p2b: Klefki\n|-supereffective|p2b: Klefki\n|-damage|p2b: Klefki|0 fnt\n|faint|p2b: Klefki\n|move|p1a: Baxcalibur|Icicle Crash|p2a: Masquerain\n|-supereffective|p2a: Masquerain\n|-damage|p2a: Masquerain|0 fnt\n|faint|p2a: Masquerain\n|\n|upkeep\n|\n|t:|1683661866\n|switch|p2a: Sandy Shocks|Sandy Shocks, L50|100\/100\n|switch|p2b: Flapple|Flapple, L50, M|100\/100\n|-enditem|p2a: Sandy Shocks|Booster Energy\n|-activate|p2a: Sandy Shocks|ability: Protosynthesis|[fromitem]\n|-start|p2a: Sandy Shocks|protosynthesisspe\n|turn|4\n|\n|t:|1683661886\n|-terastallize|p2b: Flapple|Steel\n|move|p1a: Baxcalibur|Ice Shard|p2b: Flapple\n|-resisted|p2b: Flapple\n|-damage|p2b: Flapple|82\/100\n|move|p2a: Sandy Shocks|Gravity|p2a: Sandy Shocks\n|-fieldstart|move: Gravity\n|move|p2b: Flapple|Grav Apple|p1b: Ting-Lu\n|-supereffective|p1b: Ting-Lu\n|-damage|p1b: Ting-Lu|0 fnt\n|faint|p1b: Ting-Lu\n|\n|upkeep\n|\n|t:|1683661896\n|switch|p1b: Flutter Mane|Flutter Mane, L50|100\/100\n|-activate|p1b: Flutter Mane|move: Sticky Web\n|-unboost|p1b: Flutter Mane|spe|1\n|turn|5\n|\n|t:|1683661912\n|-terastallize|p1a: Baxcalibur|Poison\n|move|p2a: Sandy Shocks|Earth Power|p1a: Baxcalibur\n|-supereffective|p1a: Baxcalibur\n|-damage|p1a: Baxcalibur|28\/100 par\n|move|p2b: Flapple|Grav Apple|p1b: Flutter Mane\n|-damage|p1b: Flutter Mane|0 fnt\n|faint|p1b: Flutter Mane\n|-end|p1b: Flutter Mane|Protosynthesis|[silent]\n|cant|p1a: Baxcalibur|par\n|\n|upkeep\n|\n|t:|1683661923\n|switch|p1b: Palafin|Palafin-Hero, L50, F|100\/100\n|-activate|p1b: Palafin|move: Sticky Web\n|-unboost|p1b: Palafin|spe|1\n|-activate|p1b: Palafin|ability: Zero to Hero\n|turn|6\n|\n|t:|1683661938\n|move|p2a: Sandy Shocks|Protect|p2a: Sandy Shocks\n|-singleturn|p2a: Sandy Shocks|Protect\n|move|p2b: Flapple|Grav Apple|p1b: Palafin\n|-supereffective|p1b: Palafin\n|-damage|p1b: Palafin|0 fnt\n|faint|p1b: Palafin\n|move|p1a: Baxcalibur|Icicle Crash|p2b: Flapple\n|-resisted|p2b: Flapple\n|-damage|p2b: Flapple|42\/100\n|\n|upkeep\n|turn|7\n|-message|RoundLew forfeited.\n|\n|win|dfgddfggd\n|raw|RoundLew's rating: 1269 → 1241<\/strong> (-28 for losing)\n|raw|dfgddfggd's rating: 1228 → 1256<\/strong> (+28 for winning)\n|l|\u2606RoundLew\n","uploadtime":1683661950,"views":14,"p1id":"roundlew","p2id":"dfgddfggd","formatid":"gen9vgc2023regulationc","rating":1241,"private":0,"password":""}