{"id":"gen9vgc2023regulationc-1850497843","p1":"magicwombat7778","p2":"Tivmi","format":"[Gen 9] VGC 2023 Regulation C","log":"|j|\u2606magicwombat7778\n|j|\u2606Tivmi\n|t:|1682343186\n|gametype|doubles\n|player|p1|magicwombat7778|volo-ginkgo|1126\n|player|p2|Tivmi|iris-gen5bw2|1146\n|teamsize|p1|6\n|teamsize|p2|6\n|gen|9\n|tier|[Gen 9] VGC 2023 Regulation C\n|rated|\n|rule|Species Clause: Limit one of each Pok\u00e9mon\n|rule|Item Clause: Limit one of each item\n|clearpoke\n|poke|p1|Chi-Yu, L50|\n|poke|p1|Gholdengo, L50|\n|poke|p1|Maushold, L50|\n|poke|p1|Meowscarada, L50, F|\n|poke|p1|Flutter Mane, L50|\n|poke|p1|Garchomp, L50, F|\n|poke|p2|Kingambit, L50, F|\n|poke|p2|Ting-Lu, L50|\n|poke|p2|Amoonguss, L50, F|\n|poke|p2|Dragapult, L50, F|\n|poke|p2|Chien-Pao, L50|\n|poke|p2|Glimmora, L50, F|\n|teampreview|4\n|inactive|Battle timer is ON: inactive players will automatically lose when time's up. (requested by magicwombat7778)\n|inactive|Tivmi has 60 seconds left.\n|\n|t:|1682343244\n|start\n|switch|p1a: Maushold|Maushold, L50|100\/100\n|switch|p1b: Meowscarada|Meowscarada, L50, F|100\/100\n|switch|p2a: Dragapult|Dragapult, L50, F|100\/100\n|switch|p2b: Chien-Pao|Chien-Pao, L50|100\/100\n|-ability|p2b: Chien-Pao|Sword of Ruin\n|turn|1\n|inactive|magicwombat7778 has 30 seconds left.\n|inactive|Tivmi has 30 seconds left.\n|inactive|magicwombat7778 has 20 seconds left.\n|inactive|Tivmi has 20 seconds left.\n|\n|t:|1682343282\n|-terastallize|p1b: Meowscarada|Steel\n|move|p2a: Dragapult|U-turn|p1b: Meowscarada\n|-resisted|p1b: Meowscarada\n|-damage|p1b: Meowscarada|72\/100\n|\n|t:|1682343299\n|switch|p2a: Kingambit|Kingambit, L50, F|100\/100|[from] U-turn\n|move|p2b: Chien-Pao|Sacred Sword|p1b: Meowscarada\n|-supereffective|p1b: Meowscarada\n|-damage|p1b: Meowscarada|0 fnt\n|faint|p1b: Meowscarada\n|move|p1a: Maushold|Tidy Up|p1a: Maushold\n|-boost|p1a: Maushold|atk|1\n|-boost|p1a: Maushold|spe|1\n|\n|upkeep\n|\n|t:|1682343310\n|switch|p1b: Chi-Yu|Chi-Yu, L50|100\/100\n|-ability|p1b: Chi-Yu|Beads of Ruin\n|turn|2\n|inactive|Tivmi has 30 seconds left.\n|\n|t:|1682343345\n|move|p2a: Kingambit|Protect|p2a: Kingambit\n|-singleturn|p2a: Kingambit|Protect\n|move|p1a: Maushold|Population Bomb|p2b: Chien-Pao\n|-damage|p2b: Chien-Pao|88\/100\n|-damage|p2b: Chien-Pao|76\/100\n|-damage|p2b: Chien-Pao|64\/100\n|-damage|p2b: Chien-Pao|53\/100\n|-damage|p2b: Chien-Pao|41\/100\n|-damage|p2b: Chien-Pao|30\/100\n|-damage|p2b: Chien-Pao|17\/100\n|-damage|p2b: Chien-Pao|5\/100\n|-damage|p2b: Chien-Pao|0 fnt\n|faint|p2b: Chien-Pao\n|-hitcount|p2: Chien-Pao|9\n|move|p1b: Chi-Yu|Overheat|p2a: Kingambit\n|-activate|p2a: Kingambit|move: Protect\n|\n|upkeep\n|inactive|Tivmi has 30 seconds left.\n|inactive|Tivmi has 20 seconds left.\n|\n|t:|1682343382\n|switch|p2b: Glimmora|Glimmora, L50, F|100\/100\n|turn|3\n|inactive|Tivmi has 30 seconds left.\n|inactive|Tivmi has 20 seconds left.\n|inactive|Tivmi has 15 seconds left.\n|inactive|Tivmi has 10 seconds left.\n|\n|t:|1682343430\n|-terastallize|p2a: Kingambit|Flying\n|move|p1a: Maushold|Encore|p2a: Kingambit\n|-start|p2a: Kingambit|Encore\n|move|p1b: Chi-Yu|Psychic|p2b: Glimmora\n|-supereffective|p2b: Glimmora\n|-damage|p2b: Glimmora|0 fnt\n|faint|p2b: Glimmora\n|-damage|p1b: Chi-Yu|90\/100|[from] item: Life Orb\n|move|p2a: Kingambit|Protect||[still]\n|-fail|p2a: Kingambit\n|\n|upkeep\n|\n|t:|1682343440\n|switch|p2b: Dragapult|Dragapult, L50, F|100\/100\n|turn|4\n|\n|t:|1682343454\n|move|p2a: Kingambit|Protect|p2a: Kingambit\n|-singleturn|p2a: Kingambit|Protect\n|move|p1a: Maushold|Follow Me|p1a: Maushold\n|-singleturn|p1a: Maushold|move: Follow Me\n|move|p2b: Dragapult|Dragon Darts|p1a: Maushold\n|-damage|p1a: Maushold|50\/100\n|-anim|p2b: Dragapult|Dragon Darts|p1a: Maushold\n|-damage|p1a: Maushold|0 fnt\n|faint|p1a: Maushold\n|move|p1b: Chi-Yu|Dark Pulse|p2b: Dragapult\n|-supereffective|p2b: Dragapult\n|-damage|p2b: Dragapult|0 fnt\n|faint|p2b: Dragapult\n|-damage|p1b: Chi-Yu|80\/100|[from] item: Life Orb\n|\n|upkeep\n|\n|t:|1682343467\n|switch|p1a: Gholdengo|Gholdengo, L50|100\/100\n|-item|p1a: Gholdengo|Air Balloon\n|turn|5\n|\n|t:|1682343487\n|move|p2a: Kingambit|Protect||[still]\n|-fail|p2a: Kingambit\n|move|p1b: Chi-Yu|Nasty Plot|p1b: Chi-Yu\n|-boost|p1b: Chi-Yu|spa|2\n|move|p1a: Gholdengo|Nasty Plot|p1a: Gholdengo\n|-boost|p1a: Gholdengo|spa|2\n|\n|-end|p2a: Kingambit|Encore\n|upkeep\n|turn|6\n|\n|t:|1682343500\n|move|p1b: Chi-Yu|Dark Pulse|p2a: Kingambit\n|-damage|p2a: Kingambit|0 fnt\n|faint|p2a: Kingambit\n|-damage|p1b: Chi-Yu|70\/100|[from] item: Life Orb\n|\n|win|magicwombat7778\n|raw|magicwombat7778's rating: 1126 → 1152<\/strong> (+26 for winning)\n|raw|Tivmi's rating: 1146 → 1120<\/strong> (-26 for losing)\n|c|\u2606magicwombat7778|gg\n","uploadtime":1682343520,"views":21,"p1id":"magicwombat7778","p2id":"tivmi","formatid":"gen9vgc2023regulationc","rating":1120,"private":0,"password":""}