{"id":"gen9vgc2023regulationc-1850601730","p1":"Hadrian1917","p2":"luckydan ita","format":"[Gen 9] VGC 2023 Regulation C","log":"|j|\u2606Hadrian1917\n|j|\u2606luckydan ita\n|t:|1682352124\n|gametype|doubles\n|player|p1|Hadrian1917|brock|1223\n|player|p2|luckydan ita|101|1144\n|teamsize|p1|6\n|teamsize|p2|6\n|gen|9\n|tier|[Gen 9] VGC 2023 Regulation C\n|rated|\n|rule|Species Clause: Limit one of each Pok\u00e9mon\n|rule|Item Clause: Limit one of each item\n|clearpoke\n|poke|p1|Flutter Mane, L50|\n|poke|p1|Arcanine, L50, M|\n|poke|p1|Baxcalibur, L50, F|\n|poke|p1|Ting-Lu, L50|\n|poke|p1|Gyarados, L50, F|\n|poke|p1|Amoonguss, L50, F|\n|poke|p2|Orthworm, L50, M|\n|poke|p2|Ting-Lu, L50|\n|poke|p2|Dragonite, L50, F|\n|poke|p2|Chien-Pao, L50|\n|poke|p2|Arcanine, L50, M|\n|poke|p2|Flutter Mane, L50|\n|teampreview|4\n|inactive|Battle timer is ON: inactive players will automatically lose when time's up. (requested by luckydan ita)\n|inactive|Hadrian1917 has 60 seconds left.\n|\n|t:|1682352166\n|start\n|switch|p1a: Arcanine|Arcanine, L50, M|100\/100\n|switch|p1b: Baxcalibur|Baxcalibur, L50, F|100\/100\n|switch|p2a: Arcanine|Arcanine, L50, M|100\/100\n|switch|p2b: Orthworm|Orthworm, L50, M|100\/100\n|-ability|p1a: Arcanine|Intimidate|boost\n|-unboost|p2a: Arcanine|atk|1\n|-unboost|p2b: Orthworm|atk|1\n|-ability|p2a: Arcanine|Intimidate|boost\n|-unboost|p1a: Arcanine|atk|1\n|-fail|p1b: Baxcalibur|unboost|[from] item: Clear Amulet|[of] p1b: Baxcalibur\n|turn|1\n|\n|t:|1682352187\n|move|p1a: Arcanine|Howl|p1a: Arcanine|[spread] p1a,p1b\n|-boost|p1a: Arcanine|atk|1\n|-boost|p1b: Baxcalibur|atk|1\n|move|p1b: Baxcalibur|Glaive Rush|p2b: Orthworm\n|-resisted|p2b: Orthworm\n|-damage|p2b: Orthworm|64\/100\n|-singlemove|p1b: Baxcalibur|Glaive Rush|[silent]\n|move|p2a: Arcanine|Bulldoze|p1b: Baxcalibur|[spread] p1a,p1b\n|-heal|p2b: Orthworm|89\/100|[from] ability: Earth Eater|[of] p2a: Arcanine\n|-supereffective|p1a: Arcanine\n|-damage|p1a: Arcanine|85\/100\n|-damage|p1b: Baxcalibur|87\/100\n|-unboost|p1a: Arcanine|spe|1\n|move|p2b: Orthworm|Shed Tail|p2b: Orthworm\n|-start|p2b: Orthworm|Substitute|[from] move: Shed Tail\n|-damage|p2b: Orthworm|38\/100\n|-enditem|p2b: Orthworm|Sitrus Berry|[eat]\n|-heal|p2b: Orthworm|63\/100|[from] item: Sitrus Berry\n|\n|t:|1682352200\n|switch|p2b: Dragonite|Dragonite, L50, F|100\/100|[from] Shed Tail\n|\n|upkeep\n|turn|2\n|\n|t:|1682352220\n|switch|p1a: Gyarados|Gyarados, L50, F|100\/100\n|-ability|p1a: Gyarados|Intimidate|boost\n|-unboost|p2a: Arcanine|atk|1\n|-immune|p2b: Dragonite\n|move|p1b: Baxcalibur|Ice Shard|p2b: Dragonite\n|-supereffective|p2b: Dragonite\n|-end|p2b: Dragonite|Substitute\n|move|p2b: Dragonite|Dragon Dance|p2b: Dragonite\n|-boost|p2b: Dragonite|atk|1\n|-boost|p2b: Dragonite|spe|1\n|move|p2a: Arcanine|Bulldoze|p1a: Gyarados|[spread] p1b\n|-immune|p2b: Dragonite\n|-immune|p1a: Gyarados\n|-damage|p1b: Baxcalibur|82\/100\n|\n|upkeep\n|turn|3\n|inactive|luckydan ita has 30 seconds left.\n|\n|t:|1682352246\n|move|p2b: Dragonite|Extreme Speed|p1b: Baxcalibur\n|-damage|p1b: Baxcalibur|44\/100\n|move|p1b: Baxcalibur|Icicle Crash|p2b: Dragonite\n|-supereffective|p2b: Dragonite\n|-damage|p2b: Dragonite|0 fnt\n|faint|p2b: Dragonite\n|move|p2a: Arcanine|Will-O-Wisp|p1a: Gyarados\n|-status|p1a: Gyarados|brn\n|move|p1a: Gyarados|Thunder Wave|p2a: Arcanine\n|-status|p2a: Arcanine|par\n|\n|-damage|p1a: Gyarados|94\/100 brn|[from] brn\n|upkeep\n|\n|t:|1682352261\n|switch|p2b: Orthworm|Orthworm, L50, M|63\/100\n|turn|4\n|\n|t:|1682352275\n|move|p1b: Baxcalibur|Glaive Rush|p2a: Arcanine\n|-damage|p2a: Arcanine|24\/100 par\n|-singlemove|p1b: Baxcalibur|Glaive Rush|[silent]\n|move|p1a: Gyarados|Waterfall|p2a: Arcanine\n|-supereffective|p2a: Arcanine\n|-damage|p2a: Arcanine|0 fnt\n|faint|p2a: Arcanine\n|move|p2b: Orthworm|Iron Defense|p2b: Orthworm\n|-boost|p2b: Orthworm|def|2\n|\n|-damage|p1a: Gyarados|88\/100 brn|[from] brn\n|upkeep\n|\n|t:|1682352281\n|switch|p2a: Flutter Mane|Flutter Mane, L50|100\/100\n|-enditem|p2a: Flutter Mane|Booster Energy\n|-activate|p2a: Flutter Mane|ability: Protosynthesis|[fromitem]\n|-start|p2a: Flutter Mane|protosynthesisspa\n|turn|5\n|\n|t:|1682352302\n|-terastallize|p2a: Flutter Mane|Fairy\n|move|p1b: Baxcalibur|Protect|p1b: Baxcalibur\n|-singleturn|p1b: Baxcalibur|Protect\n|move|p2a: Flutter Mane|Dazzling Gleam|p1a: Gyarados|[spread] p1a\n|-activate|p1b: Baxcalibur|move: Protect\n|-damage|p1a: Gyarados|48\/100 brn\n|-enditem|p1a: Gyarados|Sitrus Berry|[eat]\n|-heal|p1a: Gyarados|73\/100 brn|[from] item: Sitrus Berry\n|move|p1a: Gyarados|Thunder Wave|p2a: Flutter Mane\n|-status|p2a: Flutter Mane|par\n|move|p2b: Orthworm|Body Press|p1a: Gyarados\n|-resisted|p1a: Gyarados\n|-damage|p1a: Gyarados|49\/100 brn\n|\n|-damage|p1a: Gyarados|43\/100 brn|[from] brn\n|upkeep\n|turn|6\n|\n|t:|1682352322\n|cant|p2a: Flutter Mane|par\n|move|p1b: Baxcalibur|Icicle Crash|p2a: Flutter Mane\n|-damage|p2a: Flutter Mane|0 fnt\n|faint|p2a: Flutter Mane\n|-end|p2a: Flutter Mane|Protosynthesis|[silent]\n|move|p1a: Gyarados|Taunt|p2b: Orthworm\n|-start|p2b: Orthworm|move: Taunt\n|move|p2b: Orthworm|Body Press|p1b: Baxcalibur\n|-supereffective|p1b: Baxcalibur\n|-damage|p1b: Baxcalibur|0 fnt\n|faint|p1b: Baxcalibur\n|\n|-damage|p1a: Gyarados|37\/100 brn|[from] brn\n|upkeep\n|\n|t:|1682352342\n|switch|p1b: Arcanine|Arcanine, L50, M|85\/100\n|-ability|p1b: Arcanine|Intimidate|boost\n|-unboost|p2b: Orthworm|atk|1\n|turn|7\n|\n|t:|1682352349\n|move|p1b: Arcanine|Howl|p1b: Arcanine|[spread] p1a,p1b\n|-boost|p1a: Gyarados|atk|1\n|-boost|p1b: Arcanine|atk|1\n|move|p1a: Gyarados|Thunder Wave|p2b: Orthworm\n|-status|p2b: Orthworm|par\n|cant|p2b: Orthworm|par\n|\n|-damage|p1a: Gyarados|31\/100 brn|[from] brn\n|upkeep\n|turn|8\n|-message|luckydan ita forfeited.\n|\n|win|Hadrian1917\n|raw|Hadrian1917's rating: 1223 → 1242<\/strong> (+19 for winning)\n|raw|luckydan ita's rating: 1144 → 1125<\/strong> (-19 for losing)\n|l|\u2606luckydan ita\n","uploadtime":1682352371,"views":15,"p1id":"hadrian1917","p2id":"luckydanita","formatid":"gen9vgc2023regulationc","rating":1125,"private":0,"password":""}