{"id":"gen9vgc2023regulationc-1853498350","p1":"mathtass","p2":"justin tang fan","format":"[Gen 9] VGC 2023 Regulation C","log":"|j|\u2606mathtass\n|j|\u2606justin tang fan\n|t:|1682691037\n|gametype|doubles\n|player|p1|mathtass|265|1230\n|player|p2|justin tang fan|picnicker|1192\n|teamsize|p1|6\n|teamsize|p2|6\n|gen|9\n|tier|[Gen 9] VGC 2023 Regulation C\n|rated|\n|rule|Species Clause: Limit one of each Pok\u00e9mon\n|rule|Item Clause: Limit one of each item\n|clearpoke\n|poke|p1|Ting-Lu, L50|\n|poke|p1|Iron Bundle, L50|\n|poke|p1|Dragonite, L50, F|\n|poke|p1|Flutter Mane, L50|\n|poke|p1|Orthworm, L50, M|\n|poke|p1|Amoonguss, L50, F|\n|poke|p2|Annihilape, L50, F|\n|poke|p2|Hatterene, L50, F|\n|poke|p2|Indeedee-F, L50, F|\n|poke|p2|Torkoal, L50, F|\n|poke|p2|Iron Hands, L50|\n|poke|p2|Kingambit, L50, F|\n|teampreview|4\n|\n|t:|1682691062\n|start\n|switch|p1a: Flutter Mane|Flutter Mane, L50, shiny|100\/100\n|switch|p1b: Dragonite|Dragonite, L50, F, shiny|100\/100\n|switch|p2a: Annihilape|Annihilape, L50, F|100\/100\n|switch|p2b: Hatterene|Hatterene, L50, F|100\/100\n|turn|1\n|\n|t:|1682691092\n|-terastallize|p2b: Hatterene|Water\n|move|p2a: Annihilape|Final Gambit|p1b: Dragonite\n|-damage|p1b: Dragonite|0 fnt\n|faint|p2a: Annihilape\n|faint|p1b: Dragonite\n|move|p1a: Flutter Mane|Shadow Ball|p2b: Hatterene\n|-damage|p2b: Hatterene|69\/100\n|-unboost|p2b: Hatterene|spd|1\n|move|p2b: Hatterene|Trick Room|p2b: Hatterene\n|-fieldstart|move: Trick Room|[of] p2b: Hatterene\n|\n|upkeep\n|\n|t:|1682691101\n|switch|p1b: Orthworm|Orthworm, L50, M, shiny|100\/100\n|switch|p2a: Torkoal|Torkoal, L50, F|100\/100\n|-weather|SunnyDay|[from] ability: Drought|[of] p2a: Torkoal\n|-activate|p1a: Flutter Mane|ability: Protosynthesis\n|-start|p1a: Flutter Mane|protosynthesisspe\n|turn|2\n|\n|t:|1682691117\n|-terastallize|p1b: Orthworm|Fire\n|move|p2a: Torkoal|Eruption|p1b: Orthworm|[spread] p1a,p1b\n|-resisted|p1b: Orthworm\n|-damage|p1a: Flutter Mane|10\/100\n|-damage|p1b: Orthworm|51\/100\n|move|p2b: Hatterene|Dazzling Gleam|p1a: Flutter Mane|[spread] p1a,p1b\n|-resisted|p1b: Orthworm\n|-damage|p1a: Flutter Mane|0 fnt\n|-damage|p1b: Orthworm|32\/100\n|-enditem|p1b: Orthworm|Sitrus Berry|[eat]\n|-heal|p1b: Orthworm|56\/100|[from] item: Sitrus Berry\n|faint|p1a: Flutter Mane\n|-end|p1a: Flutter Mane|Protosynthesis|[silent]\n|-damage|p2b: Hatterene|60\/100|[from] item: Life Orb\n|move|p1b: Orthworm|Body Press|p2a: Torkoal\n|-damage|p2a: Torkoal|79\/100\n|\n|-weather|SunnyDay|[upkeep]\n|upkeep\n|\n|t:|1682691122\n|switch|p1a: Ting-Lu|Ting-Lu, L50|100\/100\n|-ability|p1a: Ting-Lu|Vessel of Ruin\n|turn|3\n|\n|t:|1682691134\n|move|p2a: Torkoal|Eruption|p1b: Orthworm|[spread] p1a,p1b\n|-resisted|p1b: Orthworm\n|-damage|p1a: Ting-Lu|80\/100\n|-damage|p1b: Orthworm|29\/100\n|move|p2b: Hatterene|Dazzling Gleam|p1b: Orthworm|[spread] p1a,p1b\n|-supereffective|p1a: Ting-Lu\n|-resisted|p1b: Orthworm\n|-damage|p1a: Ting-Lu|58\/100\n|-damage|p1b: Orthworm|15\/100\n|-damage|p2b: Hatterene|50\/100|[from] item: Life Orb\n|move|p1a: Ting-Lu|Earthquake|p2b: Hatterene|[spread] p2a,p2b\n|-heal|p1b: Orthworm|39\/100|[from] ability: Earth Eater|[of] p1a: Ting-Lu\n|-supereffective|p2a: Torkoal\n|-damage|p2a: Torkoal|28\/100\n|-damage|p2b: Hatterene|9\/100\n|move|p1b: Orthworm|Body Press|p2a: Torkoal\n|-damage|p2a: Torkoal|4\/100\n|\n|-weather|SunnyDay|[upkeep]\n|upkeep\n|turn|4\n|\n|t:|1682691164\n|move|p2a: Torkoal|Heat Wave|p1a: Ting-Lu|[spread] p1a,p1b\n|-resisted|p1b: Orthworm\n|-damage|p1a: Ting-Lu|39\/100\n|-damage|p1b: Orthworm|15\/100\n|move|p2b: Hatterene|Psychic|p1b: Orthworm\n|-damage|p1b: Orthworm|0 fnt\n|faint|p1b: Orthworm\n|-damage|p2b: Hatterene|0 fnt|[from] item: Life Orb\n|faint|p2b: Hatterene\n|move|p1a: Ting-Lu|Earthquake|p2a: Torkoal\n|-supereffective|p2a: Torkoal\n|-damage|p2a: Torkoal|0 fnt\n|faint|p2a: Torkoal\n|\n|-weather|SunnyDay|[upkeep]\n|upkeep\n|\n|t:|1682691170\n|switch|p2b: Iron Hands|Iron Hands, L50|100\/100\n|-enditem|p2b: Iron Hands|Booster Energy\n|-activate|p2b: Iron Hands|ability: Quark Drive|[fromitem]\n|-start|p2b: Iron Hands|quarkdriveatk\n|turn|5\n|\n|t:|1682691179\n|move|p1a: Ting-Lu|Fissure|p2b: Iron Hands\n|-damage|p2b: Iron Hands|0 fnt\n|faint|p2b: Iron Hands\n|-end|p2b: Iron Hands|Quark Drive|[silent]\n|-ohko\n|\n|win|mathtass\n|raw|mathtass's rating: 1230 → 1252<\/strong> (+22 for winning)\n|raw|justin tang fan's rating: 1192 → 1170<\/strong> (-22 for losing)\n|l|\u2606justin tang fan\n","uploadtime":1682691196,"views":7,"p1id":"mathtass","p2id":"justintangfan","formatid":"gen9vgc2023regulationc","rating":1170,"private":0,"password":""}