{"id":"gen9vgc2023regulationc-1855675886","p1":"NaatTheGod","p2":"Topperlecat","format":"[Gen 9] VGC 2023 Regulation C","log":"|j|\u2606NaatTheGod\n|j|\u2606Topperlecat\n|t:|1682972192\n|gametype|doubles\n|player|p1|NaatTheGod|265|1071\n|player|p2|Topperlecat|n|1122\n|teamsize|p1|6\n|teamsize|p2|6\n|gen|9\n|tier|[Gen 9] VGC 2023 Regulation C\n|rated|\n|rule|Species Clause: Limit one of each Pok\u00e9mon\n|rule|Item Clause: Limit one of each item\n|clearpoke\n|poke|p1|Palafin, L50, F|\n|poke|p1|Arcanine, L50, F|\n|poke|p1|Amoonguss, L50, F|\n|poke|p1|Flutter Mane, L50|\n|poke|p1|Ting-Lu, L50|\n|poke|p1|Annihilape, L50, M|\n|poke|p2|Volcarona, L50, F|\n|poke|p2|Gastrodon, L50, F|\n|poke|p2|Corviknight, L50, M|\n|poke|p2|Iron Bundle, L50|\n|poke|p2|Indeedee-F, L50, F|\n|poke|p2|Flutter Mane, L50|\n|teampreview|4\n|\n|t:|1682972210\n|start\n|switch|p1a: Palafin|Palafin, L50, F|100\/100\n|switch|p1b: Amoonguss|Amoonguss, L50, F|100\/100\n|switch|p2a: brbrbrbrbr|Gastrodon, L50, F|100\/100\n|switch|p2b: radiance|Volcarona, L50, F|100\/100\n|turn|1\n|\n|t:|1682972222\n|-terastallize|p2b: radiance|Grass\n|move|p1a: Palafin|Protect|p1a: Palafin\n|-singleturn|p1a: Palafin|Protect\n|move|p2b: radiance|Quiver Dance|p2b: radiance\n|-boost|p2b: radiance|spa|1\n|-boost|p2b: radiance|spd|1\n|-boost|p2b: radiance|spe|1\n|move|p2a: brbrbrbrbr|Ice Beam|p1b: Amoonguss\n|-supereffective|p1b: Amoonguss\n|-damage|p1b: Amoonguss|71\/100\n|move|p1b: Amoonguss|Spore|p2b: radiance\n|-immune|p2b: radiance\n|\n|upkeep\n|turn|2\n|\n|t:|1682972250\n|detailschange|p1a: Palafin|Palafin-Hero, L50, F\n|switch|p1a: Flutter Mane|Flutter Mane, L50|100\/100\n|move|p1b: Amoonguss|Rage Powder|p1b: Amoonguss\n|-singleturn|p1b: Amoonguss|move: Rage Powder\n|move|p2b: radiance|Substitute|p2b: radiance\n|-start|p2b: radiance|Substitute\n|-damage|p2b: radiance|75\/100\n|move|p2a: brbrbrbrbr|Ice Beam|p1b: Amoonguss\n|-supereffective|p1b: Amoonguss\n|-damage|p1b: Amoonguss|41\/100\n|\n|-heal|p2b: radiance|82\/100|[from] item: Leftovers\n|upkeep\n|turn|3\n|\n|t:|1682972265\n|move|p1a: Flutter Mane|Dazzling Gleam|p2b: radiance|[spread] p2a,p2b\n|-activate|p2b: radiance|move: Substitute|[damage]\n|-crit|p2a: brbrbrbrbr\n|-damage|p2a: brbrbrbrbr|64\/100\n|move|p2b: radiance|Quiver Dance|p2b: radiance\n|-boost|p2b: radiance|spa|1\n|-boost|p2b: radiance|spd|1\n|-boost|p2b: radiance|spe|1\n|move|p2a: brbrbrbrbr|Ice Beam|p1b: Amoonguss\n|-supereffective|p1b: Amoonguss\n|-damage|p1b: Amoonguss|11\/100\n|move|p1b: Amoonguss|Spore|p2a: brbrbrbrbr\n|-status|p2a: brbrbrbrbr|slp|[from] move: Spore\n|\n|-heal|p2b: radiance|88\/100|[from] item: Leftovers\n|upkeep\n|turn|4\n|l|\u2606Topperlecat\n|player|p2|\n|inactive|Battle timer is ON: inactive players will automatically lose when time's up. (requested by NaatTheGod)\n|j|\u2606Topperlecat\n|inactive|Topperlecat reconnected and has 75 seconds left.\n|player|p2|Topperlecat|n\n|inactive|Topperlecat has 60 seconds left.\n|\n|t:|1682972329\n|switch|p1b: Ting-Lu|Ting-Lu, L50|100\/100\n|-ability|p1b: Ting-Lu|Vessel of Ruin\n|move|p2b: radiance|Fiery Dance|p1a: Flutter Mane\n|-damage|p1a: Flutter Mane|40\/100\n|-boost|p2b: radiance|spa|1\n|move|p1a: Flutter Mane|Shadow Ball|p2b: radiance\n|-end|p2b: radiance|Substitute\n|cant|p2a: brbrbrbrbr|slp\n|\n|-heal|p2b: radiance|94\/100|[from] item: Leftovers\n|upkeep\n|turn|5\n|inactive|Topperlecat has 30 seconds left.\n|inactive|NaatTheGod has 30 seconds left.\n|\n|t:|1682972362\n|move|p2b: radiance|Giga Drain|p1a: Flutter Mane\n|-damage|p1a: Flutter Mane|0 fnt\n|-heal|p2b: radiance|100\/100|[from] drain|[of] p1a: Flutter Mane\n|faint|p1a: Flutter Mane\n|-end|p1a: Flutter Mane|Protosynthesis|[silent]\n|move|p1b: Ting-Lu|Fissure|p2b: radiance|[miss]\n|-miss|p1b: Ting-Lu|p2b: radiance\n|cant|p2a: brbrbrbrbr|slp\n|\n|upkeep\n|\n|t:|1682972374\n|switch|p1a: Palafin|Palafin-Hero, L50, F|100\/100\n|-activate|p1a: Palafin|ability: Zero to Hero\n|turn|6\n|\n|t:|1682972393\n|move|p1a: Palafin|Protect|p1a: Palafin\n|-singleturn|p1a: Palafin|Protect\n|move|p2b: radiance|Giga Drain|p1a: Palafin\n|-activate|p1a: Palafin|move: Protect\n|move|p1b: Ting-Lu|Stomping Tantrum|p2a: brbrbrbrbr\n|-damage|p2a: brbrbrbrbr|0 fnt\n|faint|p2a: brbrbrbrbr\n|\n|upkeep\n|\n|t:|1682972396\n|switch|p2a: happy feet|Iron Bundle, L50|100\/100\n|turn|7\n|\n|t:|1682972410\n|move|p2b: radiance|Giga Drain|p1a: Palafin\n|-supereffective|p1a: Palafin\n|-damage|p1a: Palafin|0 fnt\n|faint|p1a: Palafin\n|move|p2a: happy feet|Encore|p1b: Ting-Lu\n|-start|p1b: Ting-Lu|Encore\n|move|p1b: Ting-Lu|Stomping Tantrum|p2b: radiance\n|-resisted|p2b: radiance\n|-damage|p2b: radiance|81\/100\n|\n|-heal|p2b: radiance|87\/100|[from] item: Leftovers\n|upkeep\n|\n|t:|1682972413\n|switch|p1a: Amoonguss|Amoonguss, L50, F|44\/100\n|turn|8\n|-message|NaatTheGod forfeited.\n|\n|win|Topperlecat\n|raw|NaatTheGod's rating: 1071 → 1053<\/strong> (-18 for losing)\n|raw|Topperlecat's rating: 1122 → 1143<\/strong> (+21 for winning)\n|l|\u2606NaatTheGod\n|j|\u2606NaatTheGod\n|player|p1|NaatTheGod|265\n","uploadtime":1682972439,"views":10,"p1id":"naatthegod","p2id":"topperlecat","formatid":"gen9vgc2023regulationc","rating":1053,"private":0,"password":""}