{"id":"gen9vgc2023regulationc-1845214030","p1":"krakatoa_dx","p2":"tex kat","format":"[Gen 9] VGC 2023 Regulation C","log":"|j|\u2606krakatoa_dx\n|j|\u2606tex kat\n|t:|1681697239\n|gametype|doubles\n|player|p1|krakatoa_dx|flint|1116\n|player|p2|tex kat|265|1139\n|teamsize|p1|6\n|teamsize|p2|6\n|gen|9\n|tier|[Gen 9] VGC 2023 Regulation C\n|rated|\n|rule|Species Clause: Limit one of each Pok\u00e9mon\n|rule|Item Clause: Limit one of each item\n|clearpoke\n|poke|p1|Flutter Mane, L50|\n|poke|p1|Amoonguss, L50, F|\n|poke|p1|Palafin, L50, M|\n|poke|p1|Chi-Yu, L50|\n|poke|p1|Iron Hands, L50|\n|poke|p1|Ting-Lu, L50|\n|poke|p2|Arcanine, L50, M|\n|poke|p2|Iron Hands, L50|\n|poke|p2|Palafin, L50, M|\n|poke|p2|Amoonguss, L50, F|\n|poke|p2|Flutter Mane, L50|\n|poke|p2|Ting-Lu, L50|\n|teampreview|4\n|inactive|Battle timer is ON: inactive players will automatically lose when time's up. (requested by tex kat)\n|inactive|krakatoa_dx has 60 seconds left.\n|inactive|tex kat has 60 seconds left.\n|inactive|krakatoa_dx has 30 seconds left.\n|\n|t:|1681697301\n|start\n|switch|p1a: Palafin|Palafin, L50, M|100\/100\n|switch|p1b: Iron Hands|Iron Hands, L50|100\/100\n|switch|p2a: Palafin|Palafin, L50, M|100\/100\n|switch|p2b: Iron Hands|Iron Hands, L50|100\/100\n|turn|1\n|inactive|krakatoa_dx has 30 seconds left.\n|inactive|tex kat has 30 seconds left.\n|inactive|tex kat has 20 seconds left.\n|\n|t:|1681697336\n|move|p1a: Palafin|Protect|p1a: Palafin\n|-singleturn|p1a: Palafin|Protect\n|move|p1b: Iron Hands|Fake Out|p2b: Iron Hands\n|-damage|p2b: Iron Hands|90\/100\n|move|p2a: Palafin|Encore|p1b: Iron Hands\n|-start|p1b: Iron Hands|Encore\n|cant|p2b: Iron Hands|flinch\n|\n|upkeep\n|turn|2\n|inactive|krakatoa_dx has 30 seconds left.\n|inactive|krakatoa_dx has 20 seconds left.\n|\n|t:|1681697375\n|detailschange|p2a: Palafin|Palafin-Hero, L50, M\n|switch|p2a: Arcanine|Arcanine, L50, M|100\/100\n|-ability|p2a: Arcanine|Intimidate|boost\n|-unboost|p1a: Palafin|atk|1\n|-unboost|p1b: Iron Hands|atk|1\n|detailschange|p1a: Palafin|Palafin-Hero, L50, M\n|switch|p1a: Flutter Mane|Flutter Mane, L50|100\/100\n|-enditem|p1a: Flutter Mane|Booster Energy\n|-activate|p1a: Flutter Mane|ability: Protosynthesis|[fromitem]\n|-start|p1a: Flutter Mane|protosynthesisspe\n|-end|p1b: Iron Hands|Quark Drive|[silent]\n|switch|p1b: Amoonguss|Amoonguss, L50, F|100\/100\n|move|p2b: Iron Hands|Volt Switch|p1a: Flutter Mane\n|-damage|p1a: Flutter Mane|87\/100\n|\n|t:|1681697394\n|-end|p2b: Iron Hands|Quark Drive|[silent]\n|switch|p2b: Palafin|Palafin-Hero, L50, M|100\/100|[from] Volt Switch\n|-activate|p2b: Palafin|ability: Zero to Hero\n|\n|upkeep\n|turn|3\n|inactive|krakatoa_dx has 30 seconds left.\n|inactive|tex kat has 30 seconds left.\n|inactive|krakatoa_dx has 20 seconds left.\n|\n|t:|1681697433\n|move|p1a: Flutter Mane|Dazzling Gleam|p2b: Palafin|[spread] p2a,p2b\n|-resisted|p2a: Arcanine\n|-damage|p2a: Arcanine|83\/100\n|-damage|p2b: Palafin|70\/100\n|move|p2b: Palafin|Wave Crash|p1a: Flutter Mane\n|-damage|p1a: Flutter Mane|0 fnt\n|faint|p1a: Flutter Mane\n|-end|p1a: Flutter Mane|Protosynthesis|[silent]\n|-damage|p2b: Palafin|51\/100|[from] Recoil\n|move|p2a: Arcanine|Flare Blitz|p1b: Amoonguss\n|-supereffective|p1b: Amoonguss\n|-damage|p1b: Amoonguss|10\/100\n|-enditem|p1b: Amoonguss|Sitrus Berry|[eat]\n|-heal|p1b: Amoonguss|35\/100|[from] item: Sitrus Berry\n|-damage|p2a: Arcanine|48\/100|[from] Recoil\n|move|p1b: Amoonguss|Spore|p2b: Palafin\n|-status|p2b: Palafin|slp|[from] move: Spore\n|\n|upkeep\n|\n|t:|1681697449\n|switch|p1a: Palafin|Palafin-Hero, L50, M|100\/100\n|-activate|p1a: Palafin|ability: Zero to Hero\n|turn|4\n|\n|t:|1681697466\n|cant|p2b: Palafin|slp\n|move|p2a: Arcanine|Protect|p2a: Arcanine\n|-singleturn|p2a: Arcanine|Protect\n|move|p1b: Amoonguss|Protect|p1b: Amoonguss\n|-singleturn|p1b: Amoonguss|Protect\n|move|p1a: Palafin|Jet Punch|p2a: Arcanine\n|-activate|p2a: Arcanine|move: Protect\n|\n|upkeep\n|turn|5\n|inactive|krakatoa_dx has 30 seconds left.\n|\n|t:|1681697500\n|switch|p2a: Amoonguss|Amoonguss, L50, F|100\/100\n|-terastallize|p1a: Palafin|Water\n|cant|p2b: Palafin|slp\n|move|p1a: Palafin|Jet Punch|p2a: Amoonguss\n|-resisted|p2a: Amoonguss\n|-damage|p2a: Amoonguss|76\/100\n|move|p1b: Amoonguss|Spore|p2a: Amoonguss\n|-immune|p2a: Amoonguss\n|\n|upkeep\n|turn|6\n|inactive|krakatoa_dx has 30 seconds left.\n|inactive|tex kat has 30 seconds left.\n|\n|t:|1681697529\n|-terastallize|p2b: Palafin|Water\n|-curestatus|p2b: Palafin|slp|[msg]\n|move|p2b: Palafin|Wave Crash|p1a: Palafin\n|-resisted|p1a: Palafin\n|-damage|p1a: Palafin|46\/100\n|-damage|p2b: Palafin|33\/100|[from] Recoil\n|move|p1a: Palafin|Wave Crash|p2b: Palafin\n|-resisted|p2b: Palafin\n|-damage|p2b: Palafin|0 fnt\n|faint|p2b: Palafin\n|-damage|p1a: Palafin|36\/100|[from] Recoil\n|move|p2a: Amoonguss|Pollen Puff|p2: Palafin|[notarget]\n|-fail|p2a: Amoonguss\n|move|p1b: Amoonguss|Pollen Puff|p2a: Amoonguss\n|-damage|p2a: Amoonguss|59\/100\n|\n|upkeep\n|\n|t:|1681697547\n|switch|p2b: Iron Hands|Iron Hands, L50|90\/100\n|turn|7\n|inactive|tex kat has 30 seconds left.\n|inactive|tex kat has 20 seconds left.\n|\n|t:|1681697583\n|switch|p1a: Iron Hands|Iron Hands, L50|100\/100\n|move|p2b: Iron Hands|Fake Out|p1b: Amoonguss\n|-damage|p1b: Amoonguss|22\/100\n|move|p2a: Amoonguss|Spore|p1a: Iron Hands\n|-activate|p1a: Iron Hands|item: Safety Goggles|Spore\n|cant|p1b: Amoonguss|flinch\n|\n|upkeep\n|turn|8\n|\n|t:|1681697606\n|-end|p2b: Iron Hands|Quark Drive|[silent]\n|switch|p2b: Arcanine|Arcanine, L50, M|48\/100\n|-ability|p2b: Arcanine|Intimidate|boost\n|-unboost|p1a: Iron Hands|atk|1\n|-unboost|p1b: Amoonguss|atk|1\n|move|p1a: Iron Hands|Fake Out|p2b: Arcanine\n|-damage|p2b: Arcanine|38\/100\n|move|p2a: Amoonguss|Pollen Puff|p2b: Arcanine\n|-heal|p2b: Arcanine|88\/100\n|move|p1b: Amoonguss|Spore|p2b: Arcanine\n|-activate|p2b: Arcanine|item: Safety Goggles|Spore\n|\n|upkeep\n|turn|9\n|inactive|krakatoa_dx has 30 seconds left.\n|\n|t:|1681697641\n|switch|p2a: Iron Hands|Iron Hands, L50|90\/100\n|move|p1b: Amoonguss|Protect|p1b: Amoonguss\n|-singleturn|p1b: Amoonguss|Protect\n|move|p2b: Arcanine|Flare Blitz|p1b: Amoonguss\n|-activate|p1b: Amoonguss|move: Protect\n|move|p1a: Iron Hands|Drain Punch|p2b: Arcanine\n|-damage|p2b: Arcanine|63\/100\n|\n|upkeep\n|turn|10\n|inactive|krakatoa_dx has 30 seconds left.\n|\n|t:|1681697671\n|move|p2b: Arcanine|Flare Blitz|p1a: Iron Hands\n|-damage|p1a: Iron Hands|65\/100\n|-damage|p2b: Arcanine|48\/100|[from] Recoil\n|move|p2a: Iron Hands|Volt Switch|p1b: Amoonguss\n|-resisted|p1b: Amoonguss\n|-damage|p1b: Amoonguss|16\/100\n|\n|t:|1681697677\n|-end|p2a: Iron Hands|Quark Drive|[silent]\n|switch|p2a: Amoonguss|Amoonguss, L50, F|92\/100|[from] Volt Switch\n|move|p1a: Iron Hands|Wild Charge|p2b: Arcanine\n|-damage|p2b: Arcanine|16\/100\n|-damage|p1a: Iron Hands|59\/100|[from] Recoil\n|move|p1b: Amoonguss|Spore|p2a: Amoonguss\n|-immune|p2a: Amoonguss\n|\n|upkeep\n|turn|11\n|inactive|krakatoa_dx has 30 seconds left.\n|inactive|tex kat has 30 seconds left.\n|inactive|tex kat has 20 seconds left.\n|\n|t:|1681697716\n|move|p2b: Arcanine|Extreme Speed|p1b: Amoonguss\n|-damage|p1b: Amoonguss|0 fnt\n|faint|p1b: Amoonguss\n|move|p1a: Iron Hands|Drain Punch|p2b: Arcanine\n|-damage|p2b: Arcanine|0 fnt\n|-heal|p1a: Iron Hands|65\/100|[from] drain|[of] p2b: Arcanine\n|faint|p2b: Arcanine\n|move|p2a: Amoonguss|Spore|p1a: Iron Hands\n|-activate|p1a: Iron Hands|item: Safety Goggles|Spore\n|\n|upkeep\n|\n|t:|1681697727\n|switch|p2b: Iron Hands|Iron Hands, L50|90\/100\n|switch|p1b: Palafin|Palafin-Hero, L50, M, tera:Water|36\/100\n|turn|12\n|inactive|tex kat has 30 seconds left.\n|\n|t:|1681697755\n|move|p1b: Palafin|Protect|p1b: Palafin\n|-singleturn|p1b: Palafin|Protect\n|move|p2b: Iron Hands|Fake Out|p1b: Palafin\n|-activate|p1b: Palafin|move: Protect\n|move|p1a: Iron Hands|Drain Punch|p2b: Iron Hands\n|-damage|p2b: Iron Hands|69\/100\n|-heal|p1a: Iron Hands|77\/100|[from] drain|[of] p2b: Iron Hands\n|move|p2a: Amoonguss|Spore|p1b: Palafin\n|-activate|p1b: Palafin|move: Protect\n|\n|upkeep\n|turn|13\n|inactive|krakatoa_dx has 30 seconds left.\n|inactive|krakatoa_dx has 20 seconds left.\n|\n|t:|1681697795\n|move|p2a: Amoonguss|Rage Powder|p2a: Amoonguss\n|-singleturn|p2a: Amoonguss|move: Rage Powder\n|move|p1b: Palafin|Wave Crash|p2a: Amoonguss\n|-resisted|p2a: Amoonguss\n|-damage|p2a: Amoonguss|43\/100\n|-enditem|p2a: Amoonguss|Sitrus Berry|[eat]\n|-heal|p2a: Amoonguss|68\/100|[from] item: Sitrus Berry\n|-damage|p1b: Palafin|18\/100|[from] Recoil\n|move|p1a: Iron Hands|Drain Punch|p2b: Iron Hands\n|-damage|p2b: Iron Hands|48\/100\n|-heal|p1a: Iron Hands|89\/100|[from] drain|[of] p2b: Iron Hands\n|move|p2b: Iron Hands|Wild Charge|p1b: Palafin\n|-supereffective|p1b: Palafin\n|-damage|p1b: Palafin|0 fnt\n|faint|p1b: Palafin\n|-damage|p2b: Iron Hands|45\/100|[from] Recoil\n|\n|upkeep\n|turn|14\n|inactive|krakatoa_dx has 30 seconds left.\n|\n|t:|1681697815\n|move|p1a: Iron Hands|Drain Punch|p2a: Amoonguss\n|-resisted|p2a: Amoonguss\n|-damage|p2a: Amoonguss|57\/100\n|-heal|p1a: Iron Hands|95\/100|[from] drain|[of] p2a: Amoonguss\n|move|p2b: Iron Hands|Drain Punch|p1a: Iron Hands\n|-damage|p1a: Iron Hands|59\/100\n|-heal|p2b: Iron Hands|61\/100|[from] drain|[of] p1a: Iron Hands\n|move|p2a: Amoonguss|Pollen Puff|p2b: Iron Hands\n|-heal|p2b: Iron Hands|100\/100\n|\n|upkeep\n|turn|15\n|inactive|krakatoa_dx has 30 seconds left this turn.\n|inactive|krakatoa_dx has 20 seconds left.\n|c|\u2606krakatoa_dx|ggs\n|inactive|krakatoa_dx has 15 seconds left.\n|-message|krakatoa_dx forfeited.\n|\n|win|tex kat\n|inactive|krakatoa_dx has 15 seconds left this turn.\n|raw|krakatoa_dx's rating: 1116 → 1093<\/strong> (-23 for losing)\n|raw|tex kat's rating: 1139 → 1162<\/strong> (+23 for winning)\n|l|\u2606krakatoa_dx\n","uploadtime":1681697842,"views":8,"p1id":"krakatoadx","p2id":"texkat","formatid":"gen9vgc2023regulationc","rating":1093,"private":0,"password":""}