{"id":"gen9vgc2023regulationc-1860932570","p1":"AnyaForger32","p2":"Arcacagne","format":"[Gen 9] VGC 2023 Regulation C","log":"|j|\u2606AnyaForger32\n|j|\u2606Arcacagne\n|t:|1683698419\n|gametype|doubles\n|player|p1|AnyaForger32|caitlin|1338\n|player|p2|Arcacagne|102|1373\n|teamsize|p1|6\n|teamsize|p2|6\n|gen|9\n|tier|[Gen 9] VGC 2023 Regulation C\n|rated|\n|rule|Species Clause: Limit one of each Pok\u00e9mon\n|rule|Item Clause: Limit one of each item\n|clearpoke\n|poke|p1|Dondozo, L50, M|\n|poke|p1|Tatsugiri, L50, F|\n|poke|p1|Glimmora, L50, F|\n|poke|p1|Iron Bundle, L50|\n|poke|p1|Chi-Yu, L50|\n|poke|p1|Scizor, L50, M|\n|poke|p2|Chi-Yu, L50|\n|poke|p2|Flutter Mane, L50|\n|poke|p2|Amoonguss, L50, F|\n|poke|p2|Palafin, L50, F|\n|poke|p2|Iron Hands, L50|\n|poke|p2|Arcanine, L50, F|\n|teampreview|4\nAnyaForger32 rejected open team sheets.\n|inactive|Battle timer is ON: inactive players will automatically lose when time's up. (requested by AnyaForger32)\n|\n|t:|1683698451\n|start\n|switch|p1a: Dondozo|Dondozo, L50, M|100\/100\n|switch|p1b: Scizor|Scizor, L50, M|100\/100\n|switch|p2a: Iron Hands|Iron Hands, L50|100\/100\n|switch|p2b: Palafin|Palafin, L50, F|100\/100\n|turn|1\n|inactive|AnyaForger32 has 30 seconds left.\n|\n|t:|1683698478\n|-terastallize|p1a: Dondozo|Fire\n|move|p2b: Palafin|Protect|p2b: Palafin\n|-singleturn|p2b: Palafin|Protect\n|move|p2a: Iron Hands|Fake Out|p1a: Dondozo\n|-damage|p1a: Dondozo|91\/100\n|move|p1b: Scizor|U-turn|p2b: Palafin\n|-activate|p2b: Palafin|move: Protect\n|cant|p1a: Dondozo|flinch\n|\n|upkeep\n|turn|2\n|inactive|Arcacagne has 30 seconds left.\n|\n|t:|1683698507\n|-end|p2a: Iron Hands|Quark Drive|[silent]\n|switch|p2a: Amoonguss|Amoonguss, L50, F|100\/100\n|move|p2b: Palafin|Jet Punch|p1a: Dondozo\n|-supereffective|p1a: Dondozo\n|-damage|p1a: Dondozo|54\/100\n|move|p1b: Scizor|U-turn|p2a: Amoonguss\n|-damage|p2a: Amoonguss|68\/100\n|\n|t:|1683698517\n|switch|p1b: Tatsugiri|Tatsugiri, L50, F|100\/100|[from] U-turn\n|-activate|p1b: Tatsugiri|ability: Commander|[of] p1a: Dondozo\n|-boost|p1a: Dondozo|atk|2\n|-boost|p1a: Dondozo|spa|2\n|-boost|p1a: Dondozo|spe|2\n|-boost|p1a: Dondozo|def|2\n|-boost|p1a: Dondozo|spd|2\n|move|p1a: Dondozo|Earthquake|p2a: Amoonguss|[spread] p2a,p2b\n|-miss|p1a: Dondozo|p1b: Tatsugiri\n|-damage|p2a: Amoonguss|29\/100\n|-damage|p2b: Palafin|38\/100\n|-enditem|p2a: Amoonguss|Sitrus Berry|[eat]\n|-heal|p2a: Amoonguss|53\/100|[from] item: Sitrus Berry\n|\n|upkeep\n|turn|3\n|inactive|Arcacagne has 30 seconds left.\n|\n|t:|1683698549\n|move|p1a: Dondozo|Wave Crash|p2a: Amoonguss\n|-resisted|p2a: Amoonguss\n|-damage|p2a: Amoonguss|3\/100\n|-damage|p1a: Dondozo|37\/100|[from] Recoil\n|move|p2b: Palafin|Haze|p2b: Palafin\n|-clearallboost\n|move|p2a: Amoonguss|Pollen Puff|p2b: Palafin\n|-heal|p2b: Palafin|88\/100\n|\n|upkeep\n|turn|4\n|\n|t:|1683698565\n|move|p2a: Amoonguss|Rage Powder|p2a: Amoonguss\n|-singleturn|p2a: Amoonguss|move: Rage Powder\n|move|p2b: Palafin|Wave Crash|p1a: Dondozo\n|-supereffective|p1a: Dondozo\n|-damage|p1a: Dondozo|0 fnt\n|faint|p1a: Dondozo\n|-damage|p2b: Palafin|73\/100|[from] Recoil\n|\n|upkeep\n|\n|t:|1683698573\n|switch|p1a: Iron Bundle|Iron Bundle, L50|100\/100\n|-enditem|p1a: Iron Bundle|Booster Energy\n|-activate|p1a: Iron Bundle|ability: Quark Drive|[fromitem]\n|-start|p1a: Iron Bundle|quarkdrivespe\n|turn|5\n|\n|t:|1683698590\n|switch|p2a: Iron Hands|Iron Hands, L50|100\/100\n|move|p2b: Palafin|Protect|p2b: Palafin\n|-singleturn|p2b: Palafin|Protect\n|move|p1a: Iron Bundle|Freeze-Dry|p2b: Palafin\n|-activate|p2b: Palafin|move: Protect\n|move|p1b: Tatsugiri|Icy Wind|p2a: Iron Hands|[spread] p2a\n|-activate|p2b: Palafin|move: Protect\n|-damage|p2a: Iron Hands|93\/100\n|-unboost|p2a: Iron Hands|spe|1\n|\n|upkeep\n|turn|6\n|\n|t:|1683698609\n|detailschange|p2b: Palafin|Palafin-Hero, L50, F\n|switch|p2b: Flutter Mane|Flutter Mane, L50|100\/100\n|-enditem|p2b: Flutter Mane|Booster Energy\n|-activate|p2b: Flutter Mane|ability: Protosynthesis|[fromitem]\n|-start|p2b: Flutter Mane|protosynthesisspa\n|move|p1a: Iron Bundle|Freeze-Dry|p2b: Flutter Mane\n|-crit|p2b: Flutter Mane\n|-damage|p2b: Flutter Mane|56\/100\n|move|p1b: Tatsugiri|Icy Wind|p2a: Iron Hands|[spread] p2b\n|-miss|p1b: Tatsugiri|p2a: Iron Hands\n|-damage|p2b: Flutter Mane|43\/100\n|-unboost|p2b: Flutter Mane|spe|1\n|move|p2a: Iron Hands|Swords Dance|p2a: Iron Hands\n|-boost|p2a: Iron Hands|atk|2\n|\n|upkeep\n|turn|7\n|\n|t:|1683698633\n|move|p1a: Iron Bundle|Protect|p1a: Iron Bundle\n|-singleturn|p1a: Iron Bundle|Protect\n|move|p2b: Flutter Mane|Protect|p2b: Flutter Mane\n|-singleturn|p2b: Flutter Mane|Protect\n|move|p1b: Tatsugiri|Icy Wind|p2b: Flutter Mane|[spread] p2a\n|-activate|p2b: Flutter Mane|move: Protect\n|-damage|p2a: Iron Hands|85\/100\n|-unboost|p2a: Iron Hands|spe|1\n|move|p2a: Iron Hands|Drain Punch|p1a: Iron Bundle\n|-activate|p1a: Iron Bundle|move: Protect\n|\n|upkeep\n|turn|8\n|-message|AnyaForger32 forfeited.\n|\n|win|Arcacagne\n|raw|AnyaForger32's rating: 1338 → 1320<\/strong> (-18 for losing)\n|raw|Arcacagne's rating: 1373 → 1391<\/strong> (+18 for winning)\n|l|\u2606AnyaForger32\n","uploadtime":1683698655,"views":23,"p1id":"anyaforger32","p2id":"arcacagne","formatid":"gen9vgc2023regulationc","rating":1320,"private":0,"password":""}