{"id":"gen9vgc2023regulationc-1851488186","p1":"An_Italian_Jojo","p2":"Jogmymind","format":"[Gen 9] VGC 2023 Regulation C","log":"|j|\u2606An_Italian_Jojo\n|j|\u2606Jogmymind\n|t:|1682449258\n|gametype|doubles\n|player|p1|An_Italian_Jojo|169|1152\n|player|p2|Jogmymind|ethan|1190\n|teamsize|p1|6\n|teamsize|p2|6\n|gen|9\n|tier|[Gen 9] VGC 2023 Regulation C\n|rated|\n|rule|Species Clause: Limit one of each Pok\u00e9mon\n|rule|Item Clause: Limit one of each item\n|clearpoke\n|poke|p1|Maushold-Four, L50|\n|poke|p1|Annihilape, L50, M|\n|poke|p1|Ting-Lu, L50|\n|poke|p1|Kilowattrel, L50, M|\n|poke|p1|Chi-Yu, L50|\n|poke|p1|Palafin, L50, F|\n|poke|p2|Scovillain, L50, F|\n|poke|p2|Lurantis, L50, F|\n|poke|p2|Iron Bundle, L50|\n|poke|p2|Arcanine, L50, F|\n|poke|p2|Amoonguss, L50, F|\n|poke|p2|Ting-Lu, L50|\n|teampreview|4\n|inactive|Battle timer is ON: inactive players will automatically lose when time's up. (requested by Jogmymind)\nAn_Italian_Jojo has agreed to open team sheets.\n|c|\u2606An_Italian_Jojo|gl hf\n|\n|t:|1682449277\n|start\n|switch|p1a: Maushold|Maushold-Four, L50|100\/100\n|switch|p1b: Annihilape|Annihilape, L50, M|100\/100\n|switch|p2a: Scovillain|Scovillain, L50, F|100\/100\n|switch|p2b: Lurantis|Lurantis, L50, F|100\/100\n|turn|1\n|\n|t:|1682449287\n|move|p2a: Scovillain|Spicy Extract|p2b: Lurantis\n|-unboost|p2b: Lurantis|atk|2\n|-boost|p2b: Lurantis|def|2\n|move|p1a: Maushold|Beat Up|p1b: Annihilape\n|-damage|p1b: Annihilape|99\/100\n|-damage|p1b: Annihilape|97\/100\n|-damage|p1b: Annihilape|95\/100\n|-damage|p1b: Annihilape|93\/100\n|-hitcount|p1b: Annihilape|4\n|move|p1b: Annihilape|Rage Fist|p2b: Lurantis\n|-damage|p2b: Lurantis|39\/100\n|move|p2b: Lurantis|Leaf Storm|p1b: Annihilape\n|-damage|p1b: Annihilape|59\/100\n|-boost|p2b: Lurantis|spa|2\n|\n|-heal|p1b: Annihilape|66\/100|[from] item: Leftovers\n|-ability|p2a: Scovillain|Moody|boost\n|-boost|p2a: Scovillain|spd|2\n|-unboost|p2a: Scovillain|spe|1\n|upkeep\n|turn|2\n|\n|t:|1682449308\n|move|p1a: Maushold|Follow Me|p1a: Maushold\n|-singleturn|p1a: Maushold|move: Follow Me\n|move|p2a: Scovillain|Rage Powder|p2a: Scovillain\n|-singleturn|p2a: Scovillain|move: Rage Powder\n|move|p1b: Annihilape|Rage Fist|p2a: Scovillain\n|-enditem|p2a: Scovillain|Focus Sash\n|-damage|p2a: Scovillain|1\/100\n|move|p2b: Lurantis|Leaf Storm|p1a: Maushold\n|-damage|p1a: Maushold|0 fnt\n|-boost|p2b: Lurantis|spa|2\n|faint|p1a: Maushold\n|\n|-heal|p1b: Annihilape|72\/100|[from] item: Leftovers\n|-ability|p2a: Scovillain|Moody|boost\n|-boost|p2a: Scovillain|atk|2\n|-unboost|p2a: Scovillain|def|1\n|upkeep\n|\n|t:|1682449318\n|switch|p1a: Chi-Yu|Chi-Yu, L50|100\/100\n|-ability|p1a: Chi-Yu|Beads of Ruin\n|turn|3\n|inactive|Jogmymind has 30 seconds left.\n|\n|t:|1682449347\n|-terastallize|p2b: Lurantis|Electric\n|move|p1a: Chi-Yu|Heat Wave|p2a: Scovillain|[spread] p2b\n|-miss|p1a: Chi-Yu|p2a: Scovillain\n|-damage|p2b: Lurantis|0 fnt\n|faint|p2b: Lurantis\n|move|p1b: Annihilape|Rage Fist|p2a: Scovillain\n|-damage|p2a: Scovillain|0 fnt\n|faint|p2a: Scovillain\n|\n|-heal|p1b: Annihilape|78\/100|[from] item: Leftovers\n|upkeep\n|\n|t:|1682449356\n|switch|p2a: Amoonguss|Amoonguss, L50, F|100\/100\n|switch|p2b: Iron Bundle|Iron Bundle, L50|100\/100\n|-enditem|p2b: Iron Bundle|Booster Energy\n|-activate|p2b: Iron Bundle|ability: Quark Drive|[fromitem]\n|-start|p2b: Iron Bundle|quarkdrivespa\n|turn|4\n|\n|t:|1682449365\n|switch|p1a: Ting-Lu|Ting-Lu, L50|100\/100\n|-ability|p1a: Ting-Lu|Vessel of Ruin\n|move|p2a: Amoonguss|Rage Powder|p2a: Amoonguss\n|-singleturn|p2a: Amoonguss|move: Rage Powder\n|move|p2b: Iron Bundle|Hydro Pump|p1a: Ting-Lu\n|-supereffective|p1a: Ting-Lu\n|-damage|p1a: Ting-Lu|39\/100\n|move|p1b: Annihilape|Rage Fist|p2a: Amoonguss\n|-damage|p2a: Amoonguss|0 fnt\n|-damage|p1b: Annihilape|62\/100|[from] item: Rocky Helmet|[of] p2a: Amoonguss\n|faint|p2a: Amoonguss\n|\n|-heal|p1b: Annihilape|68\/100|[from] item: Leftovers\n|upkeep\n|turn|5\n|\n|t:|1682449381\n|move|p2b: Iron Bundle|Hydro Pump|p1b: Annihilape\n|-damage|p1b: Annihilape|23\/100\n|move|p1b: Annihilape|Drain Punch|p2b: Iron Bundle\n|-supereffective|p2b: Iron Bundle\n|-damage|p2b: Iron Bundle|26\/100\n|-heal|p1b: Annihilape|47\/100|[from] drain|[of] p2b: Iron Bundle\n|move|p1a: Ting-Lu|Ruination|p2b: Iron Bundle\n|-damage|p2b: Iron Bundle|13\/100\n|\n|-heal|p1b: Annihilape|53\/100|[from] item: Leftovers\n|upkeep\n|turn|6\n|\n|t:|1682449394\n|move|p2b: Iron Bundle|Hydro Pump|p1b: Annihilape\n|-damage|p1b: Annihilape|4\/100\n|move|p1b: Annihilape|Drain Punch|p2b: Iron Bundle\n|-supereffective|p2b: Iron Bundle\n|-damage|p2b: Iron Bundle|0 fnt\n|-heal|p1b: Annihilape|9\/100|[from] drain|[of] p2b: Iron Bundle\n|faint|p2b: Iron Bundle\n|-end|p2b: Iron Bundle|Quark Drive|[silent]\n|\n|win|An_Italian_Jojo\n|raw|An_Italian_Jojo's rating: 1152 → 1180<\/strong> (+28 for winning)\n|raw|Jogmymind's rating: 1190 → 1162<\/strong> (-28 for losing)\n|l|\u2606Jogmymind\n","uploadtime":1682449404,"views":7,"p1id":"anitalianjojo","p2id":"jogmymind","formatid":"gen9vgc2023regulationc","rating":1162,"private":0,"password":""}