{"id":"gen9vgc2023regulationc-1847465222","p1":"SlipqyVGC","p2":"Pavelcito","format":"[Gen 9] VGC 2023 Regulation C","log":"|j|\u2606SlipqyVGC\n|j|\u2606Pavelcito\n|t:|1681958441\n|gametype|doubles\n|player|p1|SlipqyVGC|guzma|1313\n|player|p2|Pavelcito|scientist|1365\n|teamsize|p1|6\n|teamsize|p2|6\n|gen|9\n|tier|[Gen 9] VGC 2023 Regulation C\n|rated|\n|rule|Species Clause: Limit one of each Pok\u00e9mon\n|rule|Item Clause: Limit one of each item\n|clearpoke\n|poke|p1|Palafin, L50, F|\n|poke|p1|Chien-Pao, L50|\n|poke|p1|Ting-Lu, L50|\n|poke|p1|Flutter Mane, L50|\n|poke|p1|Amoonguss, L50, M|\n|poke|p1|Arcanine, L50, M|\n|poke|p2|Great Tusk, L50|\n|poke|p2|Murkrow, L50, F|\n|poke|p2|Gholdengo, L50|\n|poke|p2|Iron Bundle, L50|\n|poke|p2|Flutter Mane, L50|\n|poke|p2|Chi-Yu, L50|\n|teampreview|4\n|inactive|Battle timer is ON: inactive players will automatically lose when time's up. (requested by Pavelcito)\n|inactive|SlipqyVGC also wants the timer to be on.\n|inactive|SlipqyVGC has 60 seconds left.\n|\n|t:|1681958496\n|start\n|switch|p1a: Palafin|Palafin, L50, F, shiny|100\/100\n|switch|p1b: Chien-Pao|Chien-Pao, L50|100\/100\n|switch|p2a: Murkrow|Murkrow, L50, F|100\/100\n|switch|p2b: Great Tusk|Great Tusk, L50|100\/100\n|-ability|p1b: Chien-Pao|Sword of Ruin\n|turn|1\n|\n|t:|1681958515\n|-terastallize|p2b: Great Tusk|Fire\n|move|p1a: Palafin|Protect|p1a: Palafin\n|-singleturn|p1a: Palafin|Protect\n|move|p2a: Murkrow|Sunny Day|p2a: Murkrow\n|-weather|SunnyDay\n|-activate|p2b: Great Tusk|ability: Protosynthesis\n|-start|p2b: Great Tusk|protosynthesisatk\n|move|p1b: Chien-Pao|Ice Spinner|p2a: Murkrow\n|-supereffective|p2a: Murkrow\n|-damage|p2a: Murkrow|0 fnt\n|faint|p2a: Murkrow\n|move|p2b: Great Tusk|Earthquake|p1a: Palafin|[spread] p1b\n|-activate|p1a: Palafin|move: Protect\n|-damage|p1b: Chien-Pao|25\/100\n|\n|-weather|SunnyDay|[upkeep]\n|upkeep\n|\n|t:|1681958528\n|switch|p2a: Chi-Yu|Chi-Yu, L50|100\/100\n|-ability|p2a: Chi-Yu|Beads of Ruin\n|turn|2\n|\n|t:|1681958550\n|detailschange|p1a: Palafin|Palafin-Hero, L50, F, shiny\n|switch|p1a: Arcanine|Arcanine, L50, M|100\/100\n|-ability|p1a: Arcanine|Intimidate|boost\n|-unboost|p2a: Chi-Yu|atk|1\n|-fail|p2b: Great Tusk|unboost|[from] item: Clear Amulet|[of] p2b: Great Tusk\n|move|p1b: Chien-Pao|Protect|p1b: Chien-Pao\n|-singleturn|p1b: Chien-Pao|Protect\n|move|p2a: Chi-Yu|Heat Wave|p1a: Arcanine|[spread] p1a\n|-activate|p1b: Chien-Pao|move: Protect\n|-resisted|p1a: Arcanine\n|-damage|p1a: Arcanine|57\/100\n|move|p2b: Great Tusk|Rock Slide|p1a: Arcanine|[spread] p1a\n|-activate|p1b: Chien-Pao|move: Protect\n|-supereffective|p1a: Arcanine\n|-damage|p1a: Arcanine|0 fnt\n|faint|p1a: Arcanine\n|\n|-weather|SunnyDay|[upkeep]\n|upkeep\n|\n|t:|1681958565\n|switch|p1a: Palafin|Palafin-Hero, L50, F, shiny|100\/100\n|-activate|p1a: Palafin|ability: Zero to Hero\n|turn|3\n|\n|t:|1681958588\n|-terastallize|p1a: Palafin|Water\n|move|p2a: Chi-Yu|Heat Wave|p1a: Palafin|[spread] p1a,p1b\n|-resisted|p1a: Palafin\n|-crit|p1a: Palafin\n|-supereffective|p1b: Chien-Pao\n|-damage|p1a: Palafin|38\/100\n|-damage|p1b: Chien-Pao|0 fnt\n|faint|p1b: Chien-Pao\n|move|p1a: Palafin|Wave Crash|p2b: Great Tusk\n|-supereffective|p2b: Great Tusk\n|-damage|p2b: Great Tusk|8\/100\n|-damage|p1a: Palafin|9\/100|[from] Recoil\n|move|p2b: Great Tusk|Rock Slide|p1a: Palafin|[miss]\n|-miss|p2b: Great Tusk|p1a: Palafin\n|\n|-weather|SunnyDay|[upkeep]\n|upkeep\n|\n|t:|1681958593\n|switch|p1b: Ting-Lu|Ting-Lu, L50|100\/100\n|-ability|p1b: Ting-Lu|Vessel of Ruin\n|turn|4\n|\n|t:|1681958605\n|move|p2b: Great Tusk|Protect|p2b: Great Tusk\n|-singleturn|p2b: Great Tusk|Protect\n|move|p1a: Palafin|Jet Punch|p2b: Great Tusk\n|-activate|p2b: Great Tusk|move: Protect\n|move|p2a: Chi-Yu|Heat Wave|p1b: Ting-Lu|[spread] p1a,p1b\n|-resisted|p1a: Palafin\n|-damage|p1a: Palafin|0 fnt\n|-damage|p1b: Ting-Lu|70\/100\n|faint|p1a: Palafin\n|move|p1b: Ting-Lu|Stomping Tantrum|p2a: Chi-Yu\n|-supereffective|p2a: Chi-Yu\n|-damage|p2a: Chi-Yu|0 fnt\n|faint|p2a: Chi-Yu\n|\n|-weather|SunnyDay|[upkeep]\n|upkeep\n|\n|t:|1681958617\n|switch|p2a: Flutter Mane|Flutter Mane, L50|100\/100\n|-activate|p2a: Flutter Mane|ability: Protosynthesis\n|-start|p2a: Flutter Mane|protosynthesisspa\n|turn|5\n|\n|t:|1681958627\n|move|p2a: Flutter Mane|Dazzling Gleam|p1b: Ting-Lu\n|-supereffective|p1b: Ting-Lu\n|-crit|p1b: Ting-Lu\n|-damage|p1b: Ting-Lu|0 fnt\n|faint|p1b: Ting-Lu\n|\n|win|Pavelcito\n|raw|SlipqyVGC's rating: 1313 → 1296<\/strong> (-17 for losing)\n|raw|Pavelcito's rating: 1365 → 1382<\/strong> (+17 for winning)\n|l|\u2606SlipqyVGC\n","uploadtime":1681958636,"views":5,"p1id":"slipqyvgc","p2id":"pavelcito","formatid":"gen9vgc2023regulationc","rating":1296,"private":0,"password":""}