{"id":"gen9vgc2023regulationc-1845928211","p1":"flearther","p2":"Rin Itachi","format":"[Gen 9] VGC 2023 Regulation C","log":"|j|\u2606flearther\n|j|\u2606Rin Itachi\n|t:|1681780300\n|gametype|doubles\n|player|p1|flearther|1|1259\n|player|p2|Rin Itachi|marley|1173\n|teamsize|p1|6\n|teamsize|p2|6\n|gen|9\n|tier|[Gen 9] VGC 2023 Regulation C\n|rated|\n|rule|Species Clause: Limit one of each Pok\u00e9mon\n|rule|Item Clause: Limit one of each item\n|clearpoke\n|poke|p1|Ting-Lu, L50|\n|poke|p1|Indeedee-F, L50, F|\n|poke|p1|Iron Hands, L50|\n|poke|p1|Scizor, L50, F|\n|poke|p1|Amoonguss, L50, F|\n|poke|p1|Iron Bundle, L50|\n|poke|p2|Flutter Mane, L50|\n|poke|p2|Amoonguss, L50, M|\n|poke|p2|Arcanine, L50, F|\n|poke|p2|Kingambit, L50, M|\n|poke|p2|Garchomp, L50, M|\n|poke|p2|Iron Bundle, L50|\n|teampreview|4\n|inactive|Battle timer is ON: inactive players will automatically lose when time's up. (requested by flearther)\n|inactive|Rin Itachi has 60 seconds left.\n|\n|t:|1681780350\n|start\n|switch|p1a: Scizor|Scizor, L50, F|100\/100\n|switch|p1b: Amoonguss|Amoonguss, L50, F|100\/100\n|switch|p2a: Itachi Rin|Flutter Mane, L50|100\/100\n|switch|p2b: ReoNa|Arcanine, L50, F|100\/100\n|-ability|p2b: ReoNa|Intimidate|boost\n|-unboost|p1a: Scizor|atk|1\n|-unboost|p1b: Amoonguss|atk|1\n|turn|1\n|inactive|flearther has 30 seconds left.\n|inactive|flearther has 20 seconds left.\n|inactive|flearther has 15 seconds left.\n|inactive|flearther has 10 seconds left.\n|\n|t:|1681780399\n|-end|p2a: Itachi Rin|Protosynthesis|[silent]\n|switch|p2a: Amoonguss|Amoonguss, L50, M|100\/100\n|move|p1a: Scizor|Bullet Punch|p2a: Amoonguss\n|-damage|p2a: Amoonguss|73\/100\n|-damage|p1a: Scizor|84\/100|[from] item: Rocky Helmet|[of] p2a: Amoonguss\n|move|p2b: ReoNa|Flare Blitz|p1b: Amoonguss\n|-supereffective|p1b: Amoonguss\n|-damage|p1b: Amoonguss|0 fnt\n|faint|p1b: Amoonguss\n|-damage|p2b: ReoNa|63\/100|[from] Recoil\n|\n|upkeep\n|\n|t:|1681780407\n|switch|p1b: Iron Bundle|Iron Bundle, L50|100\/100\n|-enditem|p1b: Iron Bundle|Booster Energy\n|-activate|p1b: Iron Bundle|ability: Quark Drive|[fromitem]\n|-start|p1b: Iron Bundle|quarkdrivespe\n|turn|2\n|inactive|Rin Itachi has 30 seconds left.\n|\n|t:|1681780433\n|switch|p1a: Iron Hands|Iron Hands, L50|100\/100\n|switch|p2a: Hitto|Kingambit, L50, M|100\/100\n|move|p2b: ReoNa|Protect|p2b: ReoNa\n|-singleturn|p2b: ReoNa|Protect\n|move|p1b: Iron Bundle|Hydro Pump|p2b: ReoNa\n|-activate|p2b: ReoNa|move: Protect\n|\n|upkeep\n|turn|3\n|\n|t:|1681780448\n|switch|p2b: Amoonguss|Amoonguss, L50, M|100\/100\n|switch|p2a: Itachi Rin|Flutter Mane, L50|100\/100\n|move|p1b: Iron Bundle|Hydro Pump|p2b: Amoonguss\n|-resisted|p2b: Amoonguss\n|-damage|p2b: Amoonguss|77\/100\n|move|p1a: Iron Hands|Drain Punch|p2a: Itachi Rin\n|-immune|p2a: Itachi Rin\n|\n|upkeep\n|turn|4\n|\n|t:|1681780462\n|-end|p2a: Itachi Rin|Protosynthesis|[silent]\n|switch|p2a: ReoNa|Arcanine, L50, F|63\/100\n|-ability|p2a: ReoNa|Intimidate|boost\n|-unboost|p1a: Iron Hands|atk|1\n|-unboost|p1b: Iron Bundle|atk|1\n|move|p1b: Iron Bundle|Protect|p1b: Iron Bundle\n|-singleturn|p1b: Iron Bundle|Protect\n|move|p1a: Iron Hands|Wild Charge|p2a: ReoNa\n|-damage|p2a: ReoNa|26\/100\n|-damage|p1a: Iron Hands|94\/100|[from] Recoil\n|move|p2b: Amoonguss|Pollen Puff|p2a: ReoNa\n|-heal|p2a: ReoNa|76\/100\n|\n|upkeep\n|turn|5\n|-message|flearther forfeited.\n|\n|win|Rin Itachi\n|raw|flearther's rating: 1259 → 1228<\/strong> (-31 for losing)\n|raw|Rin Itachi's rating: 1173 → 1204<\/strong> (+31 for winning)\n|l|\u2606flearther\n","uploadtime":1681780482,"views":16,"p1id":"flearther","p2id":"rinitachi","formatid":"gen9vgc2023regulationc","rating":1204,"private":0,"password":""}