{"id":"gen9vgc2023regulationc-1852398315","p1":"PBBellossom","p2":"hancec","format":"[Gen 9] VGC 2023 Regulation C","log":"|j|\u2606PBBellossom\n|j|\u2606hancec\n|t:|1682552709\n|gametype|doubles\n|player|p1|PBBellossom|hilbert|1438\n|player|p2|hancec|gentleman-gen4dp|1527\n|teamsize|p1|6\n|teamsize|p2|6\n|gen|9\n|tier|[Gen 9] VGC 2023 Regulation C\n|rated|\n|rule|Species Clause: Limit one of each Pok\u00e9mon\n|rule|Item Clause: Limit one of each item\n|clearpoke\n|poke|p1|Murkrow, L50, M|\n|poke|p1|Great Tusk, L50|\n|poke|p1|Flutter Mane, L50|\n|poke|p1|Chi-Yu, L50|\n|poke|p1|Brute Bonnet, L50|\n|poke|p1|Chien-Pao, L50|\n|poke|p2|Ting-Lu, L50|\n|poke|p2|Amoonguss, L50, F|\n|poke|p2|Flutter Mane, L50|\n|poke|p2|Garganacl, L50, F|\n|poke|p2|Arcanine, L50, M|\n|poke|p2|Iron Bundle, L50|\n|teampreview|4\n|inactive|Battle timer is ON: inactive players will automatically lose when time's up. (requested by PBBellossom)\nhancec has agreed to open team sheets.\nPBBellossom has agreed to open team sheets.\n|inactive|hancec has 60 seconds left.\n|inactive|hancec has 30 seconds left.\n|inactive|hancec has 20 seconds left.\n|inactive|hancec has 15 seconds left.\n|inactive|hancec has 10 seconds left.\n|inactive|hancec has 5 seconds left.\n|\n|t:|1682552795\n|start\n|switch|p1a: Murkrow|Murkrow, L50, M|100\/100\n|switch|p1b: Great Tusk|Great Tusk, L50|100\/100\n|switch|p2a: Arcanine|Arcanine, L50, M, shiny|100\/100\n|switch|p2b: Ting-Lu|Ting-Lu, L50|100\/100\n|-ability|p2a: Arcanine|Intimidate|boost\n|-unboost|p1a: Murkrow|atk|1\n|-unboost|p1b: Great Tusk|atk|1\n|-ability|p2b: Ting-Lu|Vessel of Ruin\n|turn|1\n|inactive|PBBellossom has 30 seconds left.\n|inactive|hancec has 30 seconds left.\n|\n|t:|1682552824\n|move|p2a: Arcanine|Protect|p2a: Arcanine\n|-singleturn|p2a: Arcanine|Protect\n|move|p1a: Murkrow|Haze|p1a: Murkrow\n|-clearallboost\n|move|p1b: Great Tusk|Headlong Rush|p2a: Arcanine\n|-activate|p2a: Arcanine|move: Protect\n|move|p2b: Ting-Lu|Ruination|p1a: Murkrow\n|-damage|p1a: Murkrow|50\/100\n|\n|upkeep\n|turn|2\n|\n|t:|1682552845\n|-terastallize|p2a: Arcanine|Grass\n|move|p1a: Murkrow|Sunny Day|p1a: Murkrow\n|-weather|SunnyDay\n|-activate|p1b: Great Tusk|ability: Protosynthesis\n|-start|p1b: Great Tusk|protosynthesisatk\n|move|p2a: Arcanine|Will-O-Wisp|p1b: Great Tusk|[miss]\n|-miss|p2a: Arcanine|p1b: Great Tusk\n|move|p1b: Great Tusk|Earthquake|p2a: Arcanine|[spread] p2a,p2b\n|-immune|p1a: Murkrow\n|-resisted|p2a: Arcanine\n|-damage|p2a: Arcanine|73\/100\n|-damage|p2b: Ting-Lu|69\/100\n|move|p2b: Ting-Lu|Heavy Slam|p1a: Murkrow\n|-damage|p1a: Murkrow|13\/100\n|\n|-weather|SunnyDay|[upkeep]\n|upkeep\n|turn|3\n|\n|t:|1682552869\n|-terastallize|p1b: Great Tusk|Fire\n|move|p2a: Arcanine|Extreme Speed|p1a: Murkrow\n|-damage|p1a: Murkrow|0 fnt\n|faint|p1a: Murkrow\n|move|p1b: Great Tusk|Close Combat|p2a: Arcanine\n|-damage|p2a: Arcanine|0 fnt\n|-unboost|p1b: Great Tusk|def|1\n|-unboost|p1b: Great Tusk|spd|1\n|faint|p2a: Arcanine\n|move|p2b: Ting-Lu|Fissure|p1b: Great Tusk\n|-damage|p1b: Great Tusk|0 fnt\n|faint|p1b: Great Tusk\n|-end|p1b: Great Tusk|Protosynthesis|[silent]\n|-ohko\n|\n|-weather|SunnyDay|[upkeep]\n|upkeep\n|\n|t:|1682552882\n|switch|p2a: Flutter Mane|Flutter Mane, L50|100\/100\n|switch|p1a: Flutter Mane|Flutter Mane, L50|100\/100\n|switch|p1b: Chi-Yu|Chi-Yu, L50|100\/100\n|-activate|p2a: Flutter Mane|ability: Protosynthesis\n|-start|p2a: Flutter Mane|protosynthesisspa\n|-activate|p1a: Flutter Mane|ability: Protosynthesis\n|-start|p1a: Flutter Mane|protosynthesisspa\n|-ability|p1b: Chi-Yu|Beads of Ruin\n|turn|4\n|\n|t:|1682552893\n|move|p2a: Flutter Mane|Protect|p2a: Flutter Mane\n|-singleturn|p2a: Flutter Mane|Protect\n|move|p1a: Flutter Mane|Dazzling Gleam|p2a: Flutter Mane|[spread] p2b\n|-activate|p2a: Flutter Mane|move: Protect\n|-supereffective|p2b: Ting-Lu\n|-damage|p2b: Ting-Lu|7\/100\n|move|p1b: Chi-Yu|Heat Wave|p2a: Flutter Mane|[spread] \n|-activate|p2a: Flutter Mane|move: Protect\n|-miss|p1b: Chi-Yu|p2b: Ting-Lu\n|move|p2b: Ting-Lu|Heavy Slam|p1a: Flutter Mane\n|-supereffective|p1a: Flutter Mane\n|-damage|p1a: Flutter Mane|0 fnt\n|faint|p1a: Flutter Mane\n|-end|p1a: Flutter Mane|Protosynthesis|[silent]\n|\n|-weather|SunnyDay|[upkeep]\n|upkeep\n|turn|5\n|\n|t:|1682552909\n|move|p2a: Flutter Mane|Moonblast|p1b: Chi-Yu\n|-damage|p1b: Chi-Yu|43\/100\n|move|p1b: Chi-Yu|Heat Wave|p2b: Ting-Lu|[spread] p2a,p2b\n|-damage|p2a: Flutter Mane|19\/100\n|-damage|p2b: Ting-Lu|0 fnt\n|faint|p2b: Ting-Lu\n|-damage|p1b: Chi-Yu|33\/100|[from] item: Life Orb\n|\n|-weather|SunnyDay|[upkeep]\n|upkeep\n|\n|t:|1682552912\n|switch|p2b: Iron Bundle|Iron Bundle, L50, shiny|100\/100\n|turn|6\n|c|\u2606PBBellossom|gg\n|-message|PBBellossom forfeited.\n|\n|win|hancec\n|raw|PBBellossom's rating: 1438 → 1423<\/strong> (-15 for losing)\n|raw|hancec's rating: 1527 → 1542<\/strong> (+15 for winning)\n|l|\u2606PBBellossom\n","uploadtime":1682552923,"views":27,"p1id":"pbbellossom","p2id":"hancec","formatid":"gen9vgc2023regulationc","rating":1423,"private":0,"password":""}