{"id":"gen9vgc2023regulationc-1854297017","p1":"HoldaUno","p2":"Qwhehey","format":"[Gen 9] VGC 2023 Regulation C","log":"|j|\u2606HoldaUno\n|j|\u2606Qwhehey\n|t:|1682793928\n|gametype|doubles\n|player|p1|HoldaUno|2|1017\n|player|p2|Qwhehey|169|1048\n|teamsize|p1|6\n|teamsize|p2|6\n|gen|9\n|tier|[Gen 9] VGC 2023 Regulation C\n|rated|\n|rule|Species Clause: Limit one of each Pok\u00e9mon\n|rule|Item Clause: Limit one of each item\n|clearpoke\n|poke|p1|Mudbray, L50, F|\n|poke|p1|Gengar, L50, F|\n|poke|p1|Dugtrio, L50, M|\n|poke|p1|Lycanroc-Midnight, L50, F|\n|poke|p1|Indeedee-F, L50, F|\n|poke|p1|Sableye, L50, M|\n|poke|p2|Chien-Pao, L50|\n|poke|p2|Masquerain, L50, M|\n|poke|p2|Hariyama, L50, M|\n|poke|p2|Iron Hands, L50|\n|poke|p2|Bronzong, L50|\n|poke|p2|Ting-Lu, L50|\n|teampreview|4\nHoldaUno rejected open team sheets.\n|inactive|Battle timer is ON: inactive players will automatically lose when time's up. (requested by HoldaUno)\n|c|\u2606HoldaUno|Glhf\n|l|\u2606HoldaUno\n|inactive|HoldaUno disconnected and has a minute to reconnect!\n|player|p1|\n|\n|t:|1682793982\n|start\n|switch|p1a: Sableye|Sableye, L50, M, shiny|100\/100\n|switch|p1b: Indeedee|Indeedee-F, L50, F, shiny|100\/100\n|switch|p2a: Chien-Pao|Chien-Pao, L50|100\/100\n|switch|p2b: Ting-Lu|Ting-Lu, L50|100\/100\n|-ability|p2a: Chien-Pao|Sword of Ruin\n|-fieldstart|move: Psychic Terrain|[from] ability: Psychic Surge|[of] p1b: Indeedee\n|-ability|p2b: Ting-Lu|Vessel of Ruin\n|turn|1\n|j|\u2606HoldaUno\n|inactive|HoldaUno reconnected and has 55 seconds left.\n|player|p1|HoldaUno|2\n|inactive|Qwhehey has 30 seconds left.\n|\n|t:|1682794008\n|switch|p1b: Lycanroc|Lycanroc-Midnight, L50, F, shiny|100\/100\n|move|p1a: Sableye|Skill Swap|p1b: Lycanroc\n|-activate|p1a: Sableye|move: Skill Swap|||[of] p1b: Lycanroc\n|move|p2a: Chien-Pao|Crunch|p1b: Lycanroc\n|-damage|p1b: Lycanroc|25\/100\n|-enditem|p1b: Lycanroc|Eject Button\n|\n|t:|1682794018\n|switch|p1b: Mudbray|Mudbray, L50, F, shiny|100\/100\n|move|p2b: Ting-Lu|Snarl|p1a: Sableye|[spread] p1a,p1b\n|-damage|p1a: Sableye|83\/100\n|-damage|p1b: Mudbray|92\/100\n|-unboost|p1a: Sableye|spa|1\n|-unboost|p1b: Mudbray|spa|1\n|-ability|p1b: Mudbray|Stamina|boost\n|-boost|p1b: Mudbray|def|1\n|\n|upkeep\n|turn|2\n|inactive|HoldaUno has 30 seconds left.\n|inactive|HoldaUno has 20 seconds left.\n|\n|t:|1682794054\n|move|p2a: Chien-Pao|Sheer Cold|p1b: Mudbray|[miss]\n|-miss|p2a: Chien-Pao|p1b: Mudbray\n|move|p1a: Sableye|Taunt|p2a: Chien-Pao\n|-start|p2a: Chien-Pao|move: Taunt\n|move|p1b: Mudbray|Fissure|p2a: Chien-Pao|[miss]\n|-miss|p1b: Mudbray|p2a: Chien-Pao\n|move|p2b: Ting-Lu|Sand Tomb|p1a: Sableye\n|-damage|p1a: Sableye|57\/100\n|-activate|p1a: Sableye|move: Sand Tomb|[of] p2b: Ting-Lu\n|\n|-damage|p1a: Sableye|44\/100|[from] move: Sand Tomb|[partiallytrapped]\n|upkeep\n|turn|3\n|\n|t:|1682794074\n|move|p1b: Mudbray|Protect|p1b: Mudbray\n|-singleturn|p1b: Mudbray|Protect\n|move|p2a: Chien-Pao|Sheer Cold|p1b: Mudbray\n|-activate|p1b: Mudbray|move: Protect\n|move|p1a: Sableye|Skill Swap|p1b: Mudbray\n|-activate|p1b: Mudbray|move: Protect\n|move|p2b: Ting-Lu|Sand Tomb|p1b: Mudbray\n|-activate|p1b: Mudbray|move: Protect\n|\n|-damage|p1a: Sableye|32\/100|[from] move: Sand Tomb|[partiallytrapped]\n|upkeep\n|turn|4\n|\n|t:|1682794089\n|move|p2a: Chien-Pao|Sheer Cold|p1b: Mudbray|[miss]\n|-miss|p2a: Chien-Pao|p1b: Mudbray\n|move|p1a: Sableye|Skill Swap|p1b: Mudbray\n|-activate|p1a: Sableye|move: Skill Swap|||[of] p1b: Mudbray\n|move|p1b: Mudbray|Fissure|p2a: Chien-Pao\n|-damage|p2a: Chien-Pao|0 fnt\n|faint|p2a: Chien-Pao\n|-ohko\n|move|p2b: Ting-Lu|Sand Tomb|p1b: Mudbray\n|-damage|p1b: Mudbray|81\/100\n|-activate|p1b: Mudbray|move: Sand Tomb|[of] p2b: Ting-Lu\n|\n|-damage|p1a: Sableye|20\/100|[from] move: Sand Tomb|[partiallytrapped]\n|-damage|p1b: Mudbray|69\/100|[from] move: Sand Tomb|[partiallytrapped]\n|upkeep\n|\n|t:|1682794107\n|switch|p2a: Masquerain|Masquerain, L50, M, shiny|100\/100\n|-ability|p2a: Masquerain|Intimidate|boost\n|-unboost|p1a: Sableye|atk|1\n|-unboost|p1b: Mudbray|atk|1\n|turn|5\n|\n|t:|1682794122\n|-terastallize|p1b: Mudbray|Grass\n|move|p2b: Ting-Lu|Protect|p2b: Ting-Lu\n|-singleturn|p2b: Ting-Lu|Protect\n|move|p2a: Masquerain|Chilling Water|p1b: Mudbray\n|-resisted|p1b: Mudbray\n|-damage|p1b: Mudbray|64\/100\n|-unboost|p1b: Mudbray|atk|1\n|move|p1a: Sableye|Taunt|p2a: Masquerain\n|-start|p2a: Masquerain|move: Taunt\n|move|p1b: Mudbray|Fissure|p2b: Ting-Lu\n|-activate|p2b: Ting-Lu|move: Protect\n|\n|-damage|p1a: Sableye|8\/100|[from] move: Sand Tomb|[partiallytrapped]\n|-damage|p1b: Mudbray|52\/100|[from] move: Sand Tomb|[partiallytrapped]\n|-fieldend|move: Psychic Terrain\n|upkeep\n|turn|6\n|\n|t:|1682794147\n|move|p2a: Masquerain|Struggle Bug|p1b: Mudbray|[spread] p1a,p1b\n|-supereffective|p1b: Mudbray\n|-damage|p1a: Sableye|0 fnt\n|-damage|p1b: Mudbray|29\/100\n|-unboost|p1b: Mudbray|spa|1\n|faint|p1a: Sableye\n|move|p1b: Mudbray|Fissure|p2b: Ting-Lu\n|-damage|p2b: Ting-Lu|0 fnt\n|faint|p2b: Ting-Lu\n|-ohko\n|\n|-end|p1b: Mudbray|Sand Tomb|[partiallytrapped]|[silent]\n|upkeep\n|\n|t:|1682794155\n|switch|p1a: Indeedee|Indeedee-F, L50, F, shiny|100\/100\n|switch|p2b: Iron Hands|Iron Hands, L50|100\/100\n|-fieldstart|move: Psychic Terrain|[from] ability: Psychic Surge|[of] p1a: Indeedee\n|-enditem|p2b: Iron Hands|Booster Energy\n|-activate|p2b: Iron Hands|ability: Quark Drive|[fromitem]\n|-start|p2b: Iron Hands|quarkdriveatk\n|turn|7\n|inactive|HoldaUno has 30 seconds left.\n|inactive|HoldaUno has 20 seconds left.\n|inactive|HoldaUno has 15 seconds left.\n|inactive|HoldaUno has 10 seconds left.\n|\n|t:|1682794201\n|move|p1a: Indeedee|Heal Pulse|p1b: Mudbray\n|-heal|p1b: Mudbray|80\/100\n|move|p2a: Masquerain|Struggle Bug|p1b: Mudbray|[spread] p1a,p1b\n|-supereffective|p1a: Indeedee\n|-supereffective|p1b: Mudbray\n|-damage|p1a: Indeedee|60\/100\n|-damage|p1b: Mudbray|47\/100\n|-unboost|p1a: Indeedee|spa|1\n|-unboost|p1b: Mudbray|spa|1\n|move|p1b: Mudbray|Fissure|p2b: Iron Hands\n|-damage|p2b: Iron Hands|0 fnt\n|faint|p2b: Iron Hands\n|-end|p2b: Iron Hands|Quark Drive|[silent]\n|-ohko\n|\n|-heal|p1a: Indeedee|66\/100|[from] item: Leftovers\n|upkeep\n|turn|8\n|-message|Qwhehey forfeited.\n|\n|win|HoldaUno\n|raw|HoldaUno's rating: 1017 → 1058<\/strong> (+41 for winning)\n|raw|Qwhehey's rating: 1048 → 1029<\/strong> (-19 for losing)\n|l|\u2606Qwhehey\n","uploadtime":1682794226,"views":17,"p1id":"holdauno","p2id":"qwhehey","formatid":"gen9vgc2023regulationc","rating":1029,"private":0,"password":""}