{"id":"gen9vgc2023regulationc-1854596855","p1":"PedroGB512","p2":"linxufan pokemon","format":"[Gen 9] VGC 2023 Regulation C","log":"|j|\u2606PedroGB512\n|j|\u2606linxufan pokemon\n|t:|1682833032\n|gametype|doubles\n|player|p1|PedroGB512|lucas-gen4pt|1606\n|player|p2|linxufan pokemon|hilbert|1681\n|teamsize|p1|6\n|teamsize|p2|6\n|gen|9\n|tier|[Gen 9] VGC 2023 Regulation C\n|rated|\n|rule|Species Clause: Limit one of each Pok\u00e9mon\n|rule|Item Clause: Limit one of each item\n|clearpoke\n|poke|p1|Murkrow, L50, M|\n|poke|p1|Chi-Yu, L50|\n|poke|p1|Flutter Mane, L50|\n|poke|p1|Great Tusk, L50|\n|poke|p1|Brute Bonnet, L50|\n|poke|p1|Corviknight, L50, F|\n|poke|p2|Annihilape, L50, F|\n|poke|p2|Grimmsnarl, L50, M|\n|poke|p2|Wo-Chien, L50|\n|poke|p2|Ting-Lu, L50|\n|poke|p2|Maushold-Four, L50|\n|poke|p2|Arcanine, L50, F|\n|teampreview|4\n|inactive|Battle timer is ON: inactive players will automatically lose when time's up. (requested by PedroGB512)\nPedroGB512 has agreed to open team sheets.\nlinxufan pokemon rejected open team sheets.\n|c|\u2606PedroGB512|no one's ever rejected OTS lmao i've only been ignored\n|inactive|PedroGB512 has 60 seconds left.\n|c|\u2606linxufan pokemon|so\uff1f\n|c|\u2606PedroGB512|i just thought it was funny\n|\n|t:|1682833091\n|start\n|switch|p1a: Brute Bonnet|Brute Bonnet, L50|100\/100\n|switch|p1b: Corviknight|Corviknight, L50, F|100\/100\n|switch|p2a: Annihilape|Annihilape, L50, F|100\/100\n|switch|p2b: Grimmsnarl|Grimmsnarl, L50, M|100\/100\n|turn|1\n|inactive|linxufan pokemon has 30 seconds left.\n|inactive|linxufan pokemon has 20 seconds left.\n|inactive|linxufan pokemon has 15 seconds left.\n|\n|t:|1682833135\n|move|p2b: Grimmsnarl|Misty Terrain|p2b: Grimmsnarl\n|-fieldstart|move: Misty Terrain\n|move|p2a: Annihilape|Bulk Up|p2a: Annihilape\n|-boost|p2a: Annihilape|atk|1\n|-boost|p2a: Annihilape|def|1\n|move|p1b: Corviknight|Brave Bird|p2a: Annihilape\n|-supereffective|p2a: Annihilape\n|-damage|p2a: Annihilape|11\/100\n|-damage|p1b: Corviknight|67\/100|[from] Recoil\n|move|p1a: Brute Bonnet|Spore|p2b: Grimmsnarl\n|-activate|p2b: Grimmsnarl|move: Misty Terrain\n|\n|-heal|p2a: Annihilape|17\/100|[from] item: Leftovers\n|upkeep\n|turn|2\n|inactive|linxufan pokemon has 30 seconds left.\n|\n|t:|1682833165\n|move|p2a: Annihilape|Protect|p2a: Annihilape\n|-singleturn|p2a: Annihilape|Protect\n|move|p1a: Brute Bonnet|Sucker Punch||[still]\n|-fail|p1a: Brute Bonnet\n|move|p2b: Grimmsnarl|Reflect|p2b: Grimmsnarl\n|-sidestart|p2: linxufan pokemon|Reflect\n|move|p1b: Corviknight|Brave Bird|p2a: Annihilape\n|-activate|p2a: Annihilape|move: Protect\n|\n|-heal|p2a: Annihilape|23\/100|[from] item: Leftovers\n|upkeep\n|turn|3\n|inactive|linxufan pokemon has 30 seconds left.\n|\n|t:|1682833190\n|switch|p2a: Ting-Lu|Ting-Lu, L50|100\/100\n|-ability|p2a: Ting-Lu|Vessel of Ruin\n|move|p2b: Grimmsnarl|Parting Shot|p1a: Brute Bonnet\n|-hint|Since gen 7, Dark is immune to Prankster moves.\n|-immune|p1a: Brute Bonnet\n|move|p1b: Corviknight|Brave Bird|p2a: Ting-Lu\n|-damage|p2a: Ting-Lu|72\/100\n|-damage|p1b: Corviknight|55\/100|[from] Recoil\n|move|p1a: Brute Bonnet|Bullet Seed|p2a: Ting-Lu\n|-supereffective|p2a: Ting-Lu\n|-damage|p2a: Ting-Lu|60\/100\n|-supereffective|p2a: Ting-Lu\n|-crit|p2a: Ting-Lu\n|-damage|p2a: Ting-Lu|38\/100\n|-supereffective|p2a: Ting-Lu\n|-damage|p2a: Ting-Lu|28\/100\n|-supereffective|p2a: Ting-Lu\n|-damage|p2a: Ting-Lu|16\/100\n|-hitcount|p2a: Ting-Lu|4\n|\n|upkeep\n|turn|4\n|inactive|linxufan pokemon has 30 seconds left.\n|\n|t:|1682833220\n|move|p2b: Grimmsnarl|Parting Shot|p1b: Corviknight\n|-ability|p1b: Corviknight|Mirror Armor\n|-unboost|p2b: Grimmsnarl|atk|1\n|-ability|p1b: Corviknight|Mirror Armor\n|-unboost|p2b: Grimmsnarl|spa|1\n|\n|t:|1682833239\n|switch|p2b: Maushold|Maushold-Four, L50|100\/100|[from] Parting Shot\n|move|p1b: Corviknight|Brave Bird|p2b: Maushold\n|-damage|p2b: Maushold|29\/100\n|-damage|p1b: Corviknight|32\/100|[from] Recoil\n|move|p1a: Brute Bonnet|Bullet Seed|p2a: Ting-Lu\n|-supereffective|p2a: Ting-Lu\n|-damage|p2a: Ting-Lu|7\/100\n|-supereffective|p2a: Ting-Lu\n|-damage|p2a: Ting-Lu|0 fnt\n|faint|p2a: Ting-Lu\n|-hitcount|p2: Ting-Lu|2\n|\n|upkeep\n|\n|t:|1682833254\n|switch|p2a: Annihilape|Annihilape, L50, F|23\/100\n|turn|5\n|\n|t:|1682833272\n|-terastallize|p2a: Annihilape|Fire\n|move|p2b: Maushold|Follow Me|p2b: Maushold\n|-singleturn|p2b: Maushold|move: Follow Me\n|move|p2a: Annihilape|Drain Punch|p1a: Brute Bonnet\n|-supereffective|p1a: Brute Bonnet\n|-damage|p1a: Brute Bonnet|43\/100\n|-heal|p2a: Annihilape|49\/100|[from] drain|[of] p1a: Brute Bonnet\n|move|p1b: Corviknight|Brave Bird|p2b: Maushold\n|-damage|p2b: Maushold|0 fnt\n|faint|p2b: Maushold\n|-damage|p1b: Corviknight|23\/100|[from] Recoil\n|move|p1a: Brute Bonnet|Bullet Seed|p2a: Annihilape\n|-resisted|p2a: Annihilape\n|-damage|p2a: Annihilape|45\/100\n|-resisted|p2a: Annihilape\n|-damage|p2a: Annihilape|41\/100\n|-resisted|p2a: Annihilape\n|-damage|p2a: Annihilape|37\/100\n|-resisted|p2a: Annihilape\n|-damage|p2a: Annihilape|34\/100\n|-resisted|p2a: Annihilape\n|-damage|p2a: Annihilape|30\/100\n|-hitcount|p2a: Annihilape|5\n|\n|-heal|p2a: Annihilape|36\/100|[from] item: Leftovers\n|-fieldend|Misty Terrain\n|upkeep\n|\n|t:|1682833296\n|switch|p2b: Grimmsnarl|Grimmsnarl, L50, M|100\/100\n|turn|6\n|\n|t:|1682833311\n|move|p2a: Annihilape|Protect|p2a: Annihilape\n|-singleturn|p2a: Annihilape|Protect\n|move|p2b: Grimmsnarl|Misty Terrain|p2b: Grimmsnarl\n|-fieldstart|move: Misty Terrain\n|move|p1b: Corviknight|Brave Bird|p2b: Grimmsnarl\n|-damage|p2b: Grimmsnarl|43\/100\n|-damage|p1b: Corviknight|3\/100|[from] Recoil\n|move|p1a: Brute Bonnet|Bullet Seed|p2b: Grimmsnarl\n|-damage|p2b: Grimmsnarl|33\/100\n|-damage|p2b: Grimmsnarl|23\/100\n|-damage|p2b: Grimmsnarl|12\/100\n|-damage|p2b: Grimmsnarl|3\/100\n|-hitcount|p2b: Grimmsnarl|4\n|\n|-heal|p2a: Annihilape|42\/100|[from] item: Leftovers\n|upkeep\n|turn|7\n|\n|t:|1682833333\n|move|p2b: Grimmsnarl|Light Screen|p2b: Grimmsnarl\n|-sidestart|p2: linxufan pokemon|move: Light Screen\n|move|p2a: Annihilape|Drain Punch|p1a: Brute Bonnet\n|-supereffective|p1a: Brute Bonnet\n|-damage|p1a: Brute Bonnet|0 fnt\n|-heal|p2a: Annihilape|60\/100|[from] drain|[of] p1a: Brute Bonnet\n|faint|p1a: Brute Bonnet\n|-end|p1a: Brute Bonnet|Protosynthesis|[silent]\n|move|p1b: Corviknight|Brave Bird|p2b: Grimmsnarl\n|-damage|p2b: Grimmsnarl|0 fnt\n|faint|p2b: Grimmsnarl\n|-damage|p1b: Corviknight|2\/100|[from] Recoil\n|\n|-heal|p2a: Annihilape|67\/100|[from] item: Leftovers\n|upkeep\n|\n|t:|1682833340\n|switch|p1a: Flutter Mane|Flutter Mane, L50|100\/100\n|turn|8\n|\n|t:|1682833355\n|move|p2a: Annihilape|Protect|p2a: Annihilape\n|-singleturn|p2a: Annihilape|Protect\n|move|p1a: Flutter Mane|Shadow Ball|p2a: Annihilape\n|-activate|p2a: Annihilape|move: Protect\n|move|p1b: Corviknight|Brave Bird|p2a: Annihilape\n|-activate|p2a: Annihilape|move: Protect\n|\n|-heal|p2a: Annihilape|73\/100|[from] item: Leftovers\n|upkeep\n|turn|9\n|\n|t:|1682833367\n|move|p1a: Flutter Mane|Shadow Ball|p2a: Annihilape\n|-damage|p2a: Annihilape|41\/100\n|-unboost|p2a: Annihilape|spd|1\n|-ability|p2a: Annihilape|Defiant|boost\n|-boost|p2a: Annihilape|atk|2\n|move|p2a: Annihilape|Rage Fist|p1a: Flutter Mane\n|-supereffective|p1a: Flutter Mane\n|-damage|p1a: Flutter Mane|0 fnt\n|faint|p1a: Flutter Mane\n|-end|p1a: Flutter Mane|Protosynthesis|[silent]\n|move|p1b: Corviknight|Brave Bird|p2a: Annihilape\n|-damage|p2a: Annihilape|0 fnt\n|faint|p2a: Annihilape\n|-damage|p1b: Corviknight|0 fnt|[from] Recoil\n|faint|p1b: Corviknight\n|\n|win|PedroGB512\n|raw|PedroGB512's rating: 1606 → 1630<\/strong> (+24 for winning)\n|raw|linxufan pokemon's rating: 1681 → 1657<\/strong> (-24 for losing)\n|c|\u2606PedroGB512|gg\n|l|\u2606linxufan pokemon\n","uploadtime":1682833395,"views":18,"p1id":"pedrogb512","p2id":"linxufanpokemon","formatid":"gen9vgc2023regulationc","rating":1630,"private":0,"password":""}