{"id":"gen9vgc2023regulationc-1855696215","p1":"play3r35","p2":"Inwaves22","format":"[Gen 9] VGC 2023 Regulation C","log":"|j|\u2606play3r35\n|j|\u2606Inwaves22\n|t:|1682974149\n|gametype|doubles\n|player|p1|play3r35|caitlin|1330\n|player|p2|Inwaves22|falkner|1333\n|teamsize|p1|6\n|teamsize|p2|6\n|gen|9\n|tier|[Gen 9] VGC 2023 Regulation C\n|rated|\n|rule|Species Clause: Limit one of each Pok\u00e9mon\n|rule|Item Clause: Limit one of each item\n|clearpoke\n|poke|p1|Amoonguss, L50, F|\n|poke|p1|Dragonite, L50, M|\n|poke|p1|Garganacl, L50, M|\n|poke|p1|Iron Hands, L50|\n|poke|p1|Ting-Lu, L50|\n|poke|p1|Arcanine, L50, M|\n|poke|p2|Ceruledge, L50, M|\n|poke|p2|Lycanroc, L50, F|\n|poke|p2|Tyranitar, L50, F|\n|poke|p2|Iron Bundle, L50|\n|poke|p2|Dragonite, L50, M|\n|poke|p2|Sylveon, L50, F|\n|teampreview|4\n|inactive|Battle timer is ON: inactive players will automatically lose when time's up. (requested by play3r35)\nplay3r35 has agreed to open team sheets.\nInwaves22 has agreed to open team sheets.\n|inactive|play3r35 has 60 seconds left.\n|inactive|Inwaves22 has 60 seconds left.\n|\n|t:|1682974188\n|start\n|switch|p1a: Garganacl|Garganacl, L50, M|100\/100\n|switch|p1b: Iron Hands|Iron Hands, L50|100\/100\n|switch|p2a: Iron Bundle|Iron Bundle, L50, shiny|100\/100\n|switch|p2b: Dragonite|Dragonite, L50, M|100\/100\n|-enditem|p2a: Iron Bundle|Booster Energy\n|-activate|p2a: Iron Bundle|ability: Quark Drive|[fromitem]\n|-start|p2a: Iron Bundle|quarkdrivespe\n|turn|1\n|inactive|Inwaves22 has 30 seconds left.\n|\n|t:|1682974220\n|-terastallize|p1b: Iron Hands|Grass\n|move|p2a: Iron Bundle|Protect|p2a: Iron Bundle\n|-singleturn|p2a: Iron Bundle|Protect\n|move|p2b: Dragonite|Earthquake|p1b: Iron Hands|[spread] p1a,p1b\n|-activate|p2a: Iron Bundle|move: Protect\n|-supereffective|p1a: Garganacl\n|-resisted|p1b: Iron Hands\n|-damage|p1a: Garganacl|46\/100\n|-damage|p1b: Iron Hands|88\/100\n|move|p1b: Iron Hands|Swords Dance|p1b: Iron Hands\n|-boost|p1b: Iron Hands|atk|2\n|move|p1a: Garganacl|Salt Cure|p2b: Dragonite\n|-supereffective|p2b: Dragonite\n|-damage|p2b: Dragonite|70\/100\n|-start|p2b: Dragonite|Salt Cure\n|\n|-heal|p1a: Garganacl|52\/100|[from] item: Leftovers\n|-damage|p2b: Dragonite|58\/100|[from] Salt Cure\n|upkeep\n|turn|2\n|\n|t:|1682974240\n|switch|p2b: Ceruledge|Ceruledge, L50, M, shiny|100\/100\n|switch|p1a: Ting-Lu|Ting-Lu, L50|100\/100\n|-ability|p1a: Ting-Lu|Vessel of Ruin\n|move|p2a: Iron Bundle|Freeze-Dry|p1b: Iron Hands\n|-supereffective|p1b: Iron Hands\n|-damage|p1b: Iron Hands|50\/100\n|move|p1b: Iron Hands|Drain Punch|p2a: Iron Bundle\n|-supereffective|p2a: Iron Bundle\n|-damage|p2a: Iron Bundle|0 fnt\n|-heal|p1b: Iron Hands|77\/100|[from] drain|[of] p2a: Iron Bundle\n|faint|p2a: Iron Bundle\n|-end|p2a: Iron Bundle|Quark Drive|[silent]\n|\n|upkeep\n|\n|t:|1682974258\n|switch|p2a: Tyranitar|Tyranitar, L50, F, shiny|100\/100\n|-weather|Sandstorm|[from] ability: Sand Stream|[of] p2a: Tyranitar\n|turn|3\n|\n|t:|1682974271\n|switch|p1a: Arcanine|Arcanine, L50, M|100\/100\n|-ability|p1a: Arcanine|Intimidate|boost\n|-unboost|p2a: Tyranitar|atk|1\n|-fail|p2b: Ceruledge|unboost|[from] item: Clear Amulet|[of] p2b: Ceruledge\n|-terastallize|p2a: Tyranitar|Flying\n|move|p2b: Ceruledge|Bitter Blade|p1b: Iron Hands\n|-supereffective|p1b: Iron Hands\n|-damage|p1b: Iron Hands|5\/100\n|move|p2a: Tyranitar|Tera Blast|p1b: Iron Hands\n|-supereffective|p1b: Iron Hands\n|-damage|p1b: Iron Hands|0 fnt\n|faint|p1b: Iron Hands\n|-end|p1b: Iron Hands|Quark Drive|[silent]\n|\n|-weather|Sandstorm|[upkeep]\n|-damage|p1a: Arcanine|94\/100|[from] Sandstorm\n|-damage|p2b: Ceruledge|94\/100|[from] Sandstorm\n|-damage|p2a: Tyranitar|95\/100|[from] Sandstorm\n|upkeep\n|\n|t:|1682974287\n|switch|p1b: Garganacl|Garganacl, L50, M|52\/100\n|turn|4\n|\n|t:|1682974300\n|move|p1a: Arcanine|Flare Blitz|p2a: Tyranitar\n|-damage|p2a: Tyranitar|50\/100\n|-damage|p1a: Arcanine|80\/100|[from] Recoil\n|move|p2b: Ceruledge|Bulk Up|p2b: Ceruledge\n|-boost|p2b: Ceruledge|atk|1\n|-boost|p2b: Ceruledge|def|1\n|move|p2a: Tyranitar|Rock Slide|p1a: Arcanine|[spread] p1a\n|-miss|p2a: Tyranitar|p1b: Garganacl\n|-supereffective|p1a: Arcanine\n|-damage|p1a: Arcanine|41\/100\n|move|p1b: Garganacl|Recover|p1b: Garganacl\n|-heal|p1b: Garganacl|100\/100\n|\n|-weather|Sandstorm|[upkeep]\n|-damage|p1a: Arcanine|35\/100|[from] Sandstorm\n|-damage|p2b: Ceruledge|88\/100|[from] Sandstorm\n|-damage|p2a: Tyranitar|44\/100|[from] Sandstorm\n|upkeep\n|turn|5\n|\n|t:|1682974321\n|switch|p1a: Ting-Lu|Ting-Lu, L50|100\/100\n|-ability|p1a: Ting-Lu|Vessel of Ruin\n|move|p2b: Ceruledge|Bitter Blade|p1b: Garganacl\n|-resisted|p1b: Garganacl\n|-damage|p1b: Garganacl|76\/100\n|-heal|p2b: Ceruledge|100\/100|[from] drain|[of] p1b: Garganacl\n|move|p2a: Tyranitar|Tera Blast|p1a: Ting-Lu\n|-damage|p1a: Ting-Lu|82\/100\n|move|p1b: Garganacl|Salt Cure|p2b: Ceruledge\n|-supereffective|p2b: Ceruledge\n|-damage|p2b: Ceruledge|76\/100\n|-start|p2b: Ceruledge|Salt Cure\n|\n|-weather|Sandstorm|[upkeep]\n|-damage|p2b: Ceruledge|70\/100|[from] Sandstorm\n|-damage|p2a: Tyranitar|38\/100|[from] Sandstorm\n|-heal|p1b: Garganacl|82\/100|[from] item: Leftovers\n|-damage|p2b: Ceruledge|58\/100|[from] Salt Cure\n|upkeep\n|turn|6\n|\n|t:|1682974346\n|switch|p2a: Dragonite|Dragonite, L50, M|58\/100\n|move|p2b: Ceruledge|Bitter Blade|p1a: Ting-Lu\n|-damage|p1a: Ting-Lu|41\/100\n|-heal|p2b: Ceruledge|87\/100|[from] drain|[of] p1a: Ting-Lu\n|move|p1a: Ting-Lu|Ruination|p2b: Ceruledge\n|-damage|p2b: Ceruledge|44\/100\n|move|p1b: Garganacl|Salt Cure|p2a: Dragonite\n|-supereffective|p2a: Dragonite\n|-damage|p2a: Dragonite|28\/100\n|-start|p2a: Dragonite|Salt Cure\n|\n|-weather|Sandstorm|[upkeep]\n|-damage|p2a: Dragonite|22\/100|[from] Sandstorm\n|-damage|p2b: Ceruledge|38\/100|[from] Sandstorm\n|-heal|p1b: Garganacl|88\/100|[from] item: Leftovers\n|-damage|p2a: Dragonite|10\/100|[from] Salt Cure\n|-damage|p2b: Ceruledge|26\/100|[from] Salt Cure\n|upkeep\n|turn|7\n|\n|t:|1682974367\n|switch|p1a: Arcanine|Arcanine, L50, M|35\/100\n|-ability|p1a: Arcanine|Intimidate|boost\n|-fail|p2a: Dragonite|unboost|Attack|[from] ability: Inner Focus|[of] p2a: Dragonite\n|-fail|p2b: Ceruledge|unboost|[from] item: Clear Amulet|[of] p2b: Ceruledge\n|move|p2a: Dragonite|Iron Head|p1b: Garganacl\n|-supereffective|p1b: Garganacl\n|-damage|p1b: Garganacl|25\/100\n|move|p2b: Ceruledge|Bitter Blade|p1a: Arcanine\n|-resisted|p1a: Arcanine\n|-crit|p1a: Arcanine\n|-damage|p1a: Arcanine|0 fnt\n|-heal|p2b: Ceruledge|44\/100|[from] drain|[of] p1a: Arcanine\n|faint|p1a: Arcanine\n|move|p1b: Garganacl|Stealth Rock|p2b: Ceruledge\n|-sidestart|p2: Inwaves22|move: Stealth Rock\n|\n|-weather|none\n|-heal|p1b: Garganacl|31\/100|[from] item: Leftovers\n|-damage|p2a: Dragonite|0 fnt|[from] Salt Cure\n|faint|p2a: Dragonite\n|-damage|p2b: Ceruledge|32\/100|[from] Salt Cure\n|upkeep\n|\n|t:|1682974385\n|switch|p2a: Tyranitar|Tyranitar, L50, F, shiny, tera:Flying|38\/100\n|switch|p1a: Ting-Lu|Ting-Lu, L50|41\/100\n|-damage|p2a: Tyranitar|13\/100|[from] Stealth Rock\n|-weather|Sandstorm|[from] ability: Sand Stream|[of] p2a: Tyranitar\n|-ability|p1a: Ting-Lu|Vessel of Ruin\n|turn|8\n|\n|t:|1682974396\n|move|p2b: Ceruledge|Bitter Blade|p1a: Ting-Lu\n|-damage|p1a: Ting-Lu|0 fnt\n|-heal|p2b: Ceruledge|62\/100|[from] drain|[of] p1a: Ting-Lu\n|faint|p1a: Ting-Lu\n|move|p2a: Tyranitar|Ice Punch|p1b: Garganacl\n|-damage|p1b: Garganacl|10\/100\n|move|p1b: Garganacl|Recover|p1b: Garganacl\n|-heal|p1b: Garganacl|60\/100\n|\n|-weather|Sandstorm|[upkeep]\n|-damage|p2b: Ceruledge|56\/100|[from] Sandstorm\n|-damage|p2a: Tyranitar|7\/100|[from] Sandstorm\n|-heal|p1b: Garganacl|66\/100|[from] item: Leftovers\n|-damage|p2b: Ceruledge|44\/100|[from] Salt Cure\n|upkeep\n|turn|9\n|\n|t:|1682974413\n|move|p1b: Garganacl|Protect|p1b: Garganacl\n|-singleturn|p1b: Garganacl|Protect\n|move|p2b: Ceruledge|Bitter Blade|p1b: Garganacl\n|-activate|p1b: Garganacl|move: Protect\n|move|p2a: Tyranitar|Crunch|p1b: Garganacl\n|-activate|p1b: Garganacl|move: Protect\n|\n|-weather|Sandstorm|[upkeep]\n|-damage|p2b: Ceruledge|38\/100|[from] Sandstorm\n|-damage|p2a: Tyranitar|2\/100|[from] Sandstorm\n|-heal|p1b: Garganacl|72\/100|[from] item: Leftovers\n|-damage|p2b: Ceruledge|26\/100|[from] Salt Cure\n|upkeep\n|turn|10\n|\n|t:|1682974430\n|move|p2b: Ceruledge|Bitter Blade|p1b: Garganacl\n|-resisted|p1b: Garganacl\n|-damage|p1b: Garganacl|46\/100\n|-heal|p2b: Ceruledge|40\/100|[from] drain|[of] p1b: Garganacl\n|move|p2a: Tyranitar|Crunch|p1b: Garganacl\n|-damage|p1b: Garganacl|14\/100\n|move|p1b: Garganacl|Recover|p1b: Garganacl\n|-heal|p1b: Garganacl|64\/100\n|\n|-weather|Sandstorm|[upkeep]\n|-damage|p2b: Ceruledge|34\/100|[from] Sandstorm\n|-damage|p2a: Tyranitar|0 fnt|[from] Sandstorm\n|faint|p2a: Tyranitar\n|-heal|p1b: Garganacl|70\/100|[from] item: Leftovers\n|-damage|p2b: Ceruledge|22\/100|[from] Salt Cure\n|upkeep\n|turn|11\n|\n|t:|1682974446\n|move|p2b: Ceruledge|Bitter Blade|p1b: Garganacl\n|-resisted|p1b: Garganacl\n|-damage|p1b: Garganacl|46\/100\n|-heal|p2b: Ceruledge|36\/100|[from] drain|[of] p1b: Garganacl\n|move|p1b: Garganacl|Salt Cure|p2b: Ceruledge\n|-supereffective|p2b: Ceruledge\n|-damage|p2b: Ceruledge|13\/100\n|\n|-weather|Sandstorm|[upkeep]\n|-damage|p2b: Ceruledge|7\/100|[from] Sandstorm\n|-heal|p1b: Garganacl|52\/100|[from] item: Leftovers\n|-damage|p2b: Ceruledge|0 fnt|[from] Salt Cure\n|faint|p2b: Ceruledge\n|\n|win|play3r35\n|upkeep\n|raw|play3r35's rating: 1330 → 1350<\/strong> (+20 for winning)\n|raw|Inwaves22's rating: 1333 → 1313<\/strong> (-20 for losing)\n","uploadtime":1682974459,"views":12,"p1id":"play3r35","p2id":"inwaves22","formatid":"gen9vgc2023regulationc","rating":1313,"private":0,"password":""}