{"id":"gen9vgc2023regulationc-1863351639","p1":"wackomarko","p2":"Fubuu","format":"[Gen 9] VGC 2023 Regulation C","log":"|j|\u2606wackomarko\n|j|\u2606Fubuu\n|t:|1684005994\n|gametype|doubles\n|player|p1|wackomarko|hiker-gen4|1179\n|player|p2|Fubuu|acetrainersnowf|1282\n|teamsize|p1|6\n|teamsize|p2|6\n|gen|9\n|tier|[Gen 9] VGC 2023 Regulation C\n|rated|\n|rule|Species Clause: Limit one of each Pok\u00e9mon\n|rule|Item Clause: Limit one of each item\n|clearpoke\n|poke|p1|Talonflame, L50, F|\n|poke|p1|Amoonguss, L50, M|\n|poke|p1|Flutter Mane, L50|\n|poke|p1|Chien-Pao, L50|\n|poke|p1|Gyarados, L50, F|\n|poke|p1|Dragapult, L50, F|\n|poke|p2|Annihilape, L50, M|\n|poke|p2|Arcanine, L50, F|\n|poke|p2|Flutter Mane, L50|\n|poke|p2|Murkrow, L50, F|\n|poke|p2|Ting-Lu, L50|\n|poke|p2|Palafin, L50, F|\n|teampreview|4\nwackomarko has agreed to open team sheets.\nFubuu has agreed to open team sheets.\n|inactive|Battle timer is ON: inactive players will automatically lose when time's up. (requested by Fubuu)\n|\n|t:|1684006062\n|start\n|switch|p1a: Flutter Mane|Flutter Mane, L50, shiny|100\/100\n|switch|p1b: Chien-Pao|Chien-Pao, L50|100\/100\n|switch|p2a: Palafin|Palafin, L50, F|100\/100\n|switch|p2b: Murkrow|Murkrow, L50, F|100\/100\n|-ability|p1b: Chien-Pao|Sword of Ruin\n|turn|1\n|\n|t:|1684006083\n|detailschange|p2a: Palafin|Palafin-Hero, L50, F\n|switch|p2a: Arcanine|Arcanine, L50, F|100\/100\n|-ability|p2a: Arcanine|Intimidate|boost\n|-unboost|p1a: Flutter Mane|atk|1\n|-unboost|p1b: Chien-Pao|atk|1\n|move|p1b: Chien-Pao|Protect|p1b: Chien-Pao\n|-singleturn|p1b: Chien-Pao|Protect\n|move|p1a: Flutter Mane|Thunderbolt|p2b: Murkrow\n|-supereffective|p2b: Murkrow\n|-enditem|p2b: Murkrow|Focus Sash\n|-damage|p2b: Murkrow|1\/100\n|-damage|p1a: Flutter Mane|91\/100|[from] item: Life Orb\n|move|p2b: Murkrow|Foul Play|p1b: Chien-Pao\n|-activate|p1b: Chien-Pao|move: Protect\n|\n|upkeep\n|turn|2\n|inactive|wackomarko has 30 seconds left.\n|inactive|wackomarko has 20 seconds left.\n|inactive|wackomarko has 15 seconds left.\n|\n|t:|1684006123\n|-end|p1a: Flutter Mane|Protosynthesis|[silent]\n|switch|p1a: Amoonguss|Amoonguss, L50, M|100\/100\n|move|p1b: Chien-Pao|Sucker Punch|p2a: Arcanine\n|-damage|p2a: Arcanine|75\/100\n|move|p2b: Murkrow|Tailwind|p2b: Murkrow\n|-sidestart|p2: Fubuu|move: Tailwind\n|move|p2a: Arcanine|Flare Blitz|p1a: Amoonguss\n|-supereffective|p1a: Amoonguss\n|-damage|p1a: Amoonguss|0 fnt\n|faint|p1a: Amoonguss\n|-damage|p2a: Arcanine|38\/100|[from] Recoil\n|\n|upkeep\n|c|\u2606wackomarko|bad call by me lol\n|\n|t:|1684006143\n|switch|p1a: Flutter Mane|Flutter Mane, L50, shiny|91\/100\n|turn|3\n|c|\u2606Fubuu|what were you trying to do\n|\n|t:|1684006161\n|move|p1b: Chien-Pao|Protect|p1b: Chien-Pao\n|-singleturn|p1b: Chien-Pao|Protect\n|move|p2b: Murkrow|Foul Play|p1b: Chien-Pao\n|-activate|p1b: Chien-Pao|move: Protect\n|move|p2a: Arcanine|Flare Blitz|p1a: Flutter Mane\n|-damage|p1a: Flutter Mane|0 fnt\n|faint|p1a: Flutter Mane\n|-end|p1a: Flutter Mane|Protosynthesis|[silent]\n|-damage|p2a: Arcanine|15\/100|[from] Recoil\n|\n|upkeep\n|\n|t:|1684006171\n|switch|p1a: Dragapult|Dragapult, L50, F, shiny|100\/100\n|turn|4\n|\n|t:|1684006184\n|-terastallize|p1a: Dragapult|Dragon\n|move|p1b: Chien-Pao|Protect|p1b: Chien-Pao\n|-singleturn|p1b: Chien-Pao|Protect\n|move|p2a: Arcanine|Extreme Speed|p1b: Chien-Pao\n|-activate|p1b: Chien-Pao|move: Protect\n|move|p2b: Murkrow|Taunt|p1a: Dragapult\n|-start|p1a: Dragapult|move: Taunt\n|move|p1a: Dragapult|Dragon Darts|p2a: Arcanine\n|-damage|p2a: Arcanine|0 fnt\n|-anim|p1a: Dragapult|Dragon Darts|p2b: Murkrow\n|-damage|p2b: Murkrow|0 fnt\n|faint|p2a: Arcanine\n|faint|p2b: Murkrow\n|\n|upkeep\n|\n|t:|1684006199\n|switch|p2b: Palafin|Palafin-Hero, L50, F|100\/100\n|switch|p2a: Flutter Mane|Flutter Mane, L50|100\/100\n|-activate|p2b: Palafin|ability: Zero to Hero\n|-enditem|p2a: Flutter Mane|Booster Energy\n|-activate|p2a: Flutter Mane|ability: Protosynthesis|[fromitem]\n|-start|p2a: Flutter Mane|protosynthesisspa\n|turn|5\n|\n|t:|1684006210\n|-terastallize|p2b: Palafin|Water\n|move|p2b: Palafin|Jet Punch|p1b: Chien-Pao\n|-damage|p1b: Chien-Pao|6\/100\n|move|p1b: Chien-Pao|Sucker Punch|p2a: Flutter Mane\n|-damage|p2a: Flutter Mane|62\/100\n|move|p2a: Flutter Mane|Dazzling Gleam|p1a: Dragapult|[spread] p1a,p1b\n|-supereffective|p1a: Dragapult\n|-supereffective|p1b: Chien-Pao\n|-damage|p1a: Dragapult|0 fnt\n|-damage|p1b: Chien-Pao|0 fnt\n|faint|p1a: Dragapult\n|faint|p1b: Chien-Pao\n|\n|win|Fubuu\n|raw|wackomarko's rating: 1179 → 1161<\/strong> (-18 for losing)\n|raw|Fubuu's rating: 1282 → 1300<\/strong> (+18 for winning)\n|l|\u2606Fubuu\n|c|\u2606wackomarko|gg\n","uploadtime":1684006226,"views":7,"p1id":"wackomarko","p2id":"fubuu","formatid":"gen9vgc2023regulationc","rating":1161,"private":0,"password":""}