{"id":"gen9vgc2023regulationc-1846660939","p1":"Bob Couch","p2":"Dajman27","format":"[Gen 9] VGC 2023 Regulation C","log":"|j|\u2606Bob Couch\n|j|\u2606Dajman27\n|t:|1681862834\n|gametype|doubles\n|player|p1|Bob Couch|byron|1201\n|player|p2|Dajman27|1|1309\n|teamsize|p1|6\n|teamsize|p2|6\n|gen|9\n|tier|[Gen 9] VGC 2023 Regulation C\n|rated|\n|rule|Species Clause: Limit one of each Pok\u00e9mon\n|rule|Item Clause: Limit one of each item\n|clearpoke\n|poke|p1|Pelipper, L50, F|\n|poke|p1|Iron Bundle, L50|\n|poke|p1|Chi-Yu, L50|\n|poke|p1|Amoonguss, L50, M|\n|poke|p1|Palafin, L50, F|\n|poke|p1|Flutter Mane, L50|\n|poke|p2|Kingambit, L50, F|\n|poke|p2|Palafin, L50, M|\n|poke|p2|Flutter Mane, L50|\n|poke|p2|Great Tusk, L50|\n|poke|p2|Talonflame, L50, M|\n|poke|p2|Amoonguss, L50, F|\n|teampreview|4\n|\n|t:|1681862919\n|start\n|switch|p1a: Palafin|Palafin, L50, F|100\/100\n|switch|p1b: Pelipper|Pelipper, L50, F|100\/100\n|switch|p2a: Great Tusk|Great Tusk, L50|100\/100\n|switch|p2b: Talonflame|Talonflame, L50, M|100\/100\n|-weather|RainDance|[from] ability: Drizzle|[of] p1b: Pelipper\n|turn|1\n|inactive|Battle timer is ON: inactive players will automatically lose when time's up. (requested by Dajman27)\n|\n|t:|1681862969\n|-end|p2a: Great Tusk|Protosynthesis|[silent]\n|switch|p2a: Palafin|Palafin, L50, M, shiny|100\/100\n|move|p1b: Pelipper|Wide Guard|p1b: Pelipper\n|-singleturn|p1b: Pelipper|Wide Guard\n|move|p1a: Palafin|Jet Punch|p2a: Palafin\n|-resisted|p2a: Palafin\n|-damage|p2a: Palafin|80\/100\n|move|p2b: Talonflame|Will-O-Wisp|p1a: Palafin\n|-status|p1a: Palafin|brn\n|\n|-weather|RainDance|[upkeep]\n|-damage|p1a: Palafin|94\/100 brn|[from] brn\n|upkeep\n|turn|2\n|\n|t:|1681862989\n|move|p1a: Palafin|Jet Punch|p2b: Talonflame\n|-supereffective|p2b: Talonflame\n|-damage|p2b: Talonflame|65\/100\n|move|p2b: Talonflame|Taunt|p1b: Pelipper\n|-start|p1b: Pelipper|move: Taunt\n|move|p2a: Palafin|Substitute|p2a: Palafin\n|-start|p2a: Palafin|Substitute\n|-damage|p2a: Palafin|55\/100\n|cant|p1b: Pelipper|move: Taunt|Tailwind\n|\n|-weather|RainDance|[upkeep]\n|-heal|p1a: Palafin|100\/100 brn|[from] item: Leftovers\n|-damage|p1a: Palafin|94\/100 brn|[from] brn\n|upkeep\n|turn|3\n|\n|t:|1681863010\n|detailschange|p1a: Palafin|Palafin-Hero, L50, F\n|switch|p1a: Iron Bundle|Iron Bundle, L50|100\/100\n|-terastallize|p2a: Palafin|Water\n|move|p2a: Palafin|Jet Punch|p1a: Iron Bundle\n|-resisted|p1a: Iron Bundle\n|-damage|p1a: Iron Bundle|68\/100\n|move|p2b: Talonflame|Tailwind|p2b: Talonflame\n|-sidestart|p2: Dajman27|move: Tailwind\n|move|p1b: Pelipper|Hurricane|p2a: Palafin\n|-end|p2a: Palafin|Substitute\n|\n|-weather|RainDance|[upkeep]\n|upkeep\n|turn|4\n|inactive|Dajman27 has 30 seconds left.\n|\n|t:|1681863037\n|detailschange|p2a: Palafin|Palafin-Hero, L50, M, shiny, tera:Water\n|switch|p2a: Kingambit|Kingambit, L50, F, shiny|100\/100\n|move|p1a: Iron Bundle|Protect|p1a: Iron Bundle\n|-singleturn|p1a: Iron Bundle|Protect\n|move|p2b: Talonflame|Brave Bird|p1a: Iron Bundle\n|-activate|p1a: Iron Bundle|move: Protect\n|move|p1b: Pelipper|Hurricane|p2a: Kingambit\n|-resisted|p2a: Kingambit\n|-damage|p2a: Kingambit|85\/100\n|\n|-weather|RainDance|[upkeep]\n|-end|p1b: Pelipper|move: Taunt\n|upkeep\n|turn|5\n|inactive|Bob Couch has 30 seconds left.\n|\n|t:|1681863075\n|move|p2b: Talonflame|Brave Bird|p1a: Iron Bundle\n|-damage|p1a: Iron Bundle|25\/100\n|-damage|p2b: Talonflame|54\/100|[from] Recoil\n|move|p1a: Iron Bundle|Hydro Pump|p2a: Kingambit|[miss]\n|-miss|p1a: Iron Bundle|p2a: Kingambit\n|move|p2a: Kingambit|Iron Head|p1a: Iron Bundle\n|-damage|p1a: Iron Bundle|0 fnt\n|faint|p1a: Iron Bundle\n|-end|p1a: Iron Bundle|Quark Drive|[silent]\n|move|p1b: Pelipper|Tailwind|p1b: Pelipper\n|-sidestart|p1: Bob Couch|move: Tailwind\n|\n|-weather|none\n|upkeep\n|\n|t:|1681863086\n|switch|p1a: Palafin|Palafin-Hero, L50, F|94\/100 brn\n|-activate|p1a: Palafin|ability: Zero to Hero\n|turn|6\n|\n|t:|1681863110\n|move|p1a: Palafin|Jet Punch|p2b: Talonflame\n|-supereffective|p2b: Talonflame\n|-crit|p2b: Talonflame\n|-damage|p2b: Talonflame|0 fnt\n|faint|p2b: Talonflame\n|move|p1b: Pelipper|Hydro Pump|p2a: Kingambit\n|-damage|p2a: Kingambit|52\/100\n|move|p2a: Kingambit|Assurance|p1a: Palafin\n|-damage|p1a: Palafin|65\/100 brn\n|\n|-heal|p1a: Palafin|71\/100 brn|[from] item: Leftovers\n|-damage|p1a: Palafin|65\/100 brn|[from] brn\n|-sideend|p2: Dajman27|move: Tailwind\n|upkeep\n|\n|t:|1681863114\n|switch|p2b: Great Tusk|Great Tusk, L50|100\/100\n|turn|7\n|\n|t:|1681863126\n|move|p1a: Palafin|Protect|p1a: Palafin\n|-singleturn|p1a: Palafin|Protect\n|move|p1b: Pelipper|Hydro Pump|p2b: Great Tusk|[miss]\n|-miss|p1b: Pelipper|p2b: Great Tusk\n|move|p2b: Great Tusk|Rock Slide|p1b: Pelipper|[spread] p1b\n|-activate|p1a: Palafin|move: Protect\n|-supereffective|p1b: Pelipper\n|-crit|p1b: Pelipper\n|-damage|p1b: Pelipper|14\/100\n|move|p2a: Kingambit|Assurance|p1a: Palafin\n|-activate|p1a: Palafin|move: Protect\n|\n|-heal|p1a: Palafin|71\/100 brn|[from] item: Leftovers\n|-damage|p1a: Palafin|65\/100 brn|[from] brn\n|upkeep\n|turn|8\n|\n|t:|1681863146\n|-end|p2b: Great Tusk|Protosynthesis|[silent]\n|switch|p2b: Palafin|Palafin-Hero, L50, M, shiny, tera:Water|55\/100\n|-activate|p2b: Palafin|ability: Zero to Hero\n|move|p1b: Pelipper|Wide Guard|p1b: Pelipper\n|-singleturn|p1b: Pelipper|Wide Guard\n|move|p1a: Palafin|Wave Crash|p2a: Kingambit\n|-damage|p2a: Kingambit|24\/100\n|-damage|p1a: Palafin|56\/100 brn|[from] Recoil\n|move|p2a: Kingambit|Iron Head|p1b: Pelipper\n|-resisted|p1b: Pelipper\n|-damage|p1b: Pelipper|0 fnt\n|faint|p1b: Pelipper\n|\n|-heal|p1a: Palafin|62\/100 brn|[from] item: Leftovers\n|-damage|p1a: Palafin|56\/100 brn|[from] brn\n|-sideend|p1: Bob Couch|move: Tailwind\n|upkeep\n|\n|t:|1681863155\n|switch|p1b: Amoonguss|Amoonguss, L50, M|100\/100\n|turn|9\n|\n|t:|1681863171\n|move|p2b: Palafin|Protect|p2b: Palafin\n|-singleturn|p2b: Palafin|Protect\n|move|p2a: Kingambit|Sucker Punch||[still]\n|-fail|p2a: Kingambit\n|move|p1a: Palafin|Substitute|p1a: Palafin\n|-start|p1a: Palafin|Substitute\n|-damage|p1a: Palafin|31\/100 brn\n|move|p1b: Amoonguss|Pollen Puff|p1a: Palafin\n|-heal|p1a: Palafin|81\/100 brn\n|\n|-heal|p1a: Palafin|87\/100 brn|[from] item: Leftovers\n|-damage|p1a: Palafin|81\/100 brn|[from] brn\n|upkeep\n|turn|10\n|inactive|Bob Couch has 30 seconds left.\n|inactive|Dajman27 has 30 seconds left.\n|inactive|Dajman27 has 20 seconds left.\n|inactive|Dajman27 has 15 seconds left.\n|\n|t:|1681863213\n|move|p1a: Palafin|Wave Crash|p2a: Kingambit\n|-damage|p2a: Kingambit|0 fnt\n|faint|p2a: Kingambit\n|-damage|p1a: Palafin|72\/100 brn|[from] Recoil\n|move|p2b: Palafin|Wave Crash|p1b: Amoonguss\n|-resisted|p1b: Amoonguss\n|-damage|p1b: Amoonguss|47\/100\n|-enditem|p1b: Amoonguss|Sitrus Berry|[eat]\n|-heal|p1b: Amoonguss|72\/100|[from] item: Sitrus Berry\n|-damage|p2b: Palafin|35\/100|[from] Recoil\n|move|p1b: Amoonguss|Pollen Puff|p2b: Palafin\n|-damage|p2b: Palafin|18\/100\n|\n|-heal|p1a: Palafin|79\/100 brn|[from] item: Leftovers\n|-damage|p1a: Palafin|72\/100 brn|[from] brn\n|upkeep\n|\n|t:|1681863215\n|switch|p2a: Great Tusk|Great Tusk, L50|100\/100\n|turn|11\n|inactive|Bob Couch has 30 seconds left.\n|inactive|Bob Couch has 20 seconds left.\n|inactive|Bob Couch has 15 seconds left.\n|\n|t:|1681863256\n|-terastallize|p1a: Palafin|Water\n|move|p1b: Amoonguss|Protect|p1b: Amoonguss\n|-singleturn|p1b: Amoonguss|Protect\n|move|p1a: Palafin|Jet Punch|p2b: Palafin\n|-resisted|p2b: Palafin\n|-damage|p2b: Palafin|6\/100\n|move|p2b: Palafin|Jet Punch|p1b: Amoonguss\n|-activate|p1b: Amoonguss|move: Protect\n|move|p2a: Great Tusk|Headlong Rush|p1b: Amoonguss\n|-activate|p1b: Amoonguss|move: Protect\n|\n|-heal|p1a: Palafin|79\/100 brn|[from] item: Leftovers\n|-damage|p1a: Palafin|72\/100 brn|[from] brn\n|upkeep\n|turn|12\n|\n|t:|1681863276\n|move|p2b: Palafin|Jet Punch|p1b: Amoonguss\n|-resisted|p1b: Amoonguss\n|-damage|p1b: Amoonguss|45\/100\n|move|p2a: Great Tusk|Headlong Rush|p1b: Amoonguss\n|-damage|p1b: Amoonguss|0 fnt\n|-unboost|p2a: Great Tusk|def|1\n|-unboost|p2a: Great Tusk|spd|1\n|faint|p1b: Amoonguss\n|move|p1a: Palafin|Wave Crash|p2a: Great Tusk\n|-supereffective|p2a: Great Tusk\n|-damage|p2a: Great Tusk|0 fnt\n|faint|p2a: Great Tusk\n|-end|p2a: Great Tusk|Protosynthesis|[silent]\n|-damage|p1a: Palafin|40\/100 brn|[from] Recoil\n|\n|-heal|p1a: Palafin|46\/100 brn|[from] item: Leftovers\n|-damage|p1a: Palafin|40\/100 brn|[from] brn\n|upkeep\n|turn|13\n|\n|t:|1681863283\n|move|p2b: Palafin|Protect|p2b: Palafin\n|-singleturn|p2b: Palafin|Protect\n|move|p1a: Palafin|Jet Punch|p2b: Palafin\n|-activate|p2b: Palafin|move: Protect\n|\n|-heal|p1a: Palafin|46\/100 brn|[from] item: Leftovers\n|-damage|p1a: Palafin|40\/100 brn|[from] brn\n|upkeep\n|turn|14\n|\n|t:|1681863291\n|move|p2b: Palafin|Protect||[still]\n|-fail|p2b: Palafin\n|move|p1a: Palafin|Wave Crash|p2b: Palafin\n|-resisted|p2b: Palafin\n|-damage|p2b: Palafin|0 fnt\n|faint|p2b: Palafin\n|-damage|p1a: Palafin|38\/100 brn|[from] Recoil\n|\n|win|Bob Couch\n|raw|Bob Couch's rating: 1201 → 1234<\/strong> (+33 for winning)\n|raw|Dajman27's rating: 1309 → 1283<\/strong> (-26 for losing)\n|l|\u2606Dajman27\n","uploadtime":1681863300,"views":16,"p1id":"bobcouch","p2id":"dajman27","formatid":"gen9vgc2023regulationc","rating":1234,"private":0,"password":""}