{"id":"gen9vgc2023regulationc-1845267997","p1":"Craw619","p2":"uhoh I poopd","format":"[Gen 9] VGC 2023 Regulation C","log":"|j|\u2606Craw619\n|j|\u2606uhoh I poopd\n|t:|1681704820\n|gametype|doubles\n|player|p1|Craw619|101|1182\n|player|p2|uhoh I poopd|colress|1130\n|teamsize|p1|6\n|teamsize|p2|6\n|gen|9\n|tier|[Gen 9] VGC 2023 Regulation C\n|rated|\n|rule|Species Clause: Limit one of each Pok\u00e9mon\n|rule|Item Clause: Limit one of each item\n|clearpoke\n|poke|p1|Iron Bundle, L50|\n|poke|p1|Coalossal, L50, F|\n|poke|p1|Iron Hands, L50|\n|poke|p1|Dragapult, L50, F|\n|poke|p1|Gastrodon, L50, M|\n|poke|p1|Flamigo, L50, F|\n|poke|p2|Masquerain, L50, M|\n|poke|p2|Coalossal, L50, M|\n|poke|p2|Ting-Lu, L50|\n|poke|p2|Amoonguss, L50, M|\n|poke|p2|Palafin, L50, M|\n|poke|p2|Ceruledge, L50, M|\n|teampreview|4\n|inactive|Battle timer is ON: inactive players will automatically lose when time's up. (requested by Craw619)\n|\n|t:|1681704845\n|start\n|switch|p1a: Iron Bundle|Iron Bundle, L50|100\/100\n|switch|p1b: Gastrodon|Gastrodon, L50, M|100\/100\n|switch|p2a: de Havilland|Masquerain, L50, M|100\/100\n|switch|p2b: Armavee|Coalossal, L50, M|100\/100\n|-ability|p2a: de Havilland|Intimidate|boost\n|-unboost|p1a: Iron Bundle|atk|1\n|-unboost|p1b: Gastrodon|atk|1\n|turn|1\n|\n|t:|1681704857\n|-terastallize|p2b: Armavee|Grass\n|move|p1a: Iron Bundle|Icy Wind|p2b: Armavee|[spread] p2a,p2b\n|-supereffective|p2a: de Havilland\n|-supereffective|p2b: Armavee\n|-damage|p2a: de Havilland|60\/100\n|-damage|p2b: Armavee|59\/100\n|-unboost|p2a: de Havilland|spe|1\n|-unboost|p2b: Armavee|spe|1\n|-enditem|p2b: Armavee|Weakness Policy\n|-boost|p2b: Armavee|atk|2|[from] item: Weakness Policy\n|-boost|p2b: Armavee|spa|2|[from] item: Weakness Policy\n|move|p2a: de Havilland|Struggle Bug|p1b: Gastrodon|[spread] p1a,p1b\n|-damage|p1a: Iron Bundle|73\/100\n|-damage|p1b: Gastrodon|89\/100\n|-unboost|p1a: Iron Bundle|spa|1\n|move|p2b: Armavee|Tera Blast|p1b: Gastrodon\n|-supereffective|p1b: Gastrodon\n|-damage|p1b: Gastrodon|0 fnt\n|faint|p1b: Gastrodon\n|\n|upkeep\n|\n|t:|1681704873\n|switch|p1b: Coalossal|Coalossal, L50, F|100\/100\n|turn|2\n|\n|t:|1681704888\n|move|p2a: de Havilland|Aqua Jet|p2b: Armavee\n|-resisted|p2b: Armavee\n|-damage|p2b: Armavee|56\/100\n|-ability|p2b: Armavee|Steam Engine|boost\n|-boost|p2b: Armavee|spe|6\n|move|p2b: Armavee|Power Gem|p1b: Coalossal\n|-supereffective|p1b: Coalossal\n|-damage|p1b: Coalossal|0 fnt\n|faint|p1b: Coalossal\n|move|p1a: Iron Bundle|Flip Turn|p1: Coalossal|[notarget]\n|-fail|p1a: Iron Bundle\n|\n|upkeep\n|\n|t:|1681704896\n|switch|p1b: Flamigo|Flamigo, L50, F|100\/100\n|-copyboost|p1b: Flamigo|p1a: Iron Bundle|[from] ability: Costar\n|turn|3\n|\n|t:|1681704907\n|switch|p2a: Galahad|Ceruledge, L50, M|100\/100\n|-terastallize|p1a: Iron Bundle|Ice\n|move|p2b: Armavee|Protect|p2b: Armavee\n|-singleturn|p2b: Armavee|Protect\n|move|p1b: Flamigo|Protect|p1b: Flamigo\n|-singleturn|p1b: Flamigo|Protect\n|move|p1a: Iron Bundle|Icy Wind|p2b: Armavee|[spread] p2a\n|-activate|p2b: Armavee|move: Protect\n|-resisted|p2a: Galahad\n|-damage|p2a: Galahad|90\/100\n|\n|upkeep\n|turn|4\n|\n|t:|1681704920\n|move|p2b: Armavee|Power Gem|p1a: Iron Bundle\n|-supereffective|p1a: Iron Bundle\n|-damage|p1a: Iron Bundle|0 fnt\n|faint|p1a: Iron Bundle\n|-end|p1a: Iron Bundle|Quark Drive|[silent]\n|move|p1b: Flamigo|Throat Chop|p2a: Galahad\n|-supereffective|p2a: Galahad\n|-damage|p2a: Galahad|45\/100\n|-start|p2a: Galahad|Throat Chop|[silent]\n|move|p2a: Galahad|Bulk Up|p2a: Galahad\n|-boost|p2a: Galahad|atk|1\n|-boost|p2a: Galahad|def|1\n|\n|upkeep\n|turn|5\n|-message|Craw619 forfeited.\n|\n|win|uhoh I poopd\n|raw|Craw619's rating: 1182 → 1153<\/strong> (-29 for losing)\n|raw|uhoh I poopd's rating: 1130 → 1159<\/strong> (+29 for winning)\n|l|\u2606Craw619\n","uploadtime":1681704931,"views":6,"p1id":"craw619","p2id":"uhohipoopd","formatid":"gen9vgc2023regulationc","rating":1153,"private":0,"password":""}