{"id":"gen9vgc2023regulationc-1851707223","p1":"MLGmushroom","p2":"StopTalkingandLose","format":"[Gen 9] VGC 2023 Regulation C","log":"|j|\u2606MLGmushroom\n|j|\u2606StopTalkingandLose\n|t:|1682472430\n|gametype|doubles\n|player|p1|MLGmushroom|blue|1352\n|player|p2|StopTalkingandLose|maid|1253\n|teamsize|p1|6\n|teamsize|p2|6\n|gen|9\n|tier|[Gen 9] VGC 2023 Regulation C\n|rated|\n|rule|Species Clause: Limit one of each Pok\u00e9mon\n|rule|Item Clause: Limit one of each item\n|clearpoke\n|poke|p1|Chien-Pao, L50|\n|poke|p1|Roaring Moon, L50|\n|poke|p1|Flutter Mane, L50|\n|poke|p1|Amoonguss, L50, M|\n|poke|p1|Gyarados, L50, M|\n|poke|p1|Scizor, L50, F|\n|poke|p2|Scream Tail, L50|\n|poke|p2|Gothitelle, L50, M|\n|poke|p2|Ting-Lu, L50|\n|poke|p2|Amoonguss, L50, M|\n|poke|p2|Maushold, L50|\n|poke|p2|Gholdengo, L50|\n|teampreview|4\n|inactive|Battle timer is ON: inactive players will automatically lose when time's up. (requested by StopTalkingandLose)\n|\n|t:|1682472457\n|start\n|switch|p1a: Scizor|Scizor, L50, F|100\/100\n|switch|p1b: Chien-Pao|Chien-Pao, L50|100\/100\n|switch|p2a: Amoonguss|Amoonguss, L50, M|100\/100\n|switch|p2b: Gholdengo|Gholdengo, L50|100\/100\n|-ability|p1b: Chien-Pao|Sword of Ruin\n|turn|1\n|\n|t:|1682472477\n|-terastallize|p2a: Amoonguss|Water\n|move|p1b: Chien-Pao|Ice Spinner|p2a: Amoonguss\n|-resisted|p2a: Amoonguss\n|-damage|p2a: Amoonguss|80\/100\n|move|p2b: Gholdengo|Make It Rain|p1b: Chien-Pao|[spread] p1a,p1b\n|-resisted|p1a: Scizor\n|-supereffective|p1b: Chien-Pao\n|-damage|p1a: Scizor|75\/100\n|-enditem|p1b: Chien-Pao|Focus Sash\n|-damage|p1b: Chien-Pao|1\/100\n|-unboost|p2b: Gholdengo|spa|1\n|move|p1a: Scizor|U-turn|p2a: Amoonguss\n|-damage|p2a: Amoonguss|42\/100\n|\n|t:|1682472501\n|switch|p1a: Flutter Mane|Flutter Mane, L50|100\/100|[from] U-turn\n|move|p2a: Amoonguss|Spore|p1a: Flutter Mane\n|-status|p1a: Flutter Mane|slp|[from] move: Spore\n|\n|upkeep\n|turn|2\n|\n|t:|1682472520\n|-end|p1a: Flutter Mane|Protosynthesis|[silent]\n|switch|p1a: Scizor|Scizor, L50, F|75\/100\n|move|p1b: Chien-Pao|Sucker Punch|p2b: Gholdengo\n|-supereffective|p2b: Gholdengo\n|-crit|p2b: Gholdengo\n|-damage|p2b: Gholdengo|0 fnt\n|faint|p2b: Gholdengo\n|move|p2a: Amoonguss|Pollen Puff|p1b: Chien-Pao\n|-supereffective|p1b: Chien-Pao\n|-damage|p1b: Chien-Pao|0 fnt\n|faint|p1b: Chien-Pao\n|\n|upkeep\n|\n|t:|1682472531\n|switch|p1b: Roaring Moon|Roaring Moon, L50|100\/100\n|switch|p2b: Maushold|Maushold, L50|100\/100\n|-enditem|p1b: Roaring Moon|Booster Energy\n|-activate|p1b: Roaring Moon|ability: Protosynthesis|[fromitem]\n|-start|p1b: Roaring Moon|protosynthesisatk\n|turn|3\n|\n|t:|1682472548\n|-terastallize|p1b: Roaring Moon|Flying\n|move|p2b: Maushold|Protect|p2b: Maushold\n|-singleturn|p2b: Maushold|Protect\n|move|p1a: Scizor|Protect|p1a: Scizor\n|-singleturn|p1a: Scizor|Protect\n|move|p1b: Roaring Moon|Acrobatics|p2a: Amoonguss\n|-damage|p2a: Amoonguss|0 fnt\n|faint|p2a: Amoonguss\n|\n|upkeep\n|\n|t:|1682472558\n|switch|p2a: Scream Tail|Scream Tail, L50|100\/100\n|turn|4\n|\n|t:|1682472583\n|move|p1b: Roaring Moon|Protect|p1b: Roaring Moon\n|-singleturn|p1b: Roaring Moon|Protect\n|move|p2b: Maushold|Population Bomb|p1b: Roaring Moon\n|-activate|p1b: Roaring Moon|move: Protect\n|move|p2a: Scream Tail|Encore|p1a: Scizor\n|-start|p1a: Scizor|Encore\n|move|p1a: Scizor|Protect||[still]\n|-fail|p1a: Scizor\n|\n|upkeep\n|turn|5\n|\n|t:|1682472602\n|switch|p1a: Flutter Mane|Flutter Mane, L50|100\/100 slp\n|move|p2b: Maushold|Population Bomb|p1b: Roaring Moon\n|-damage|p1b: Roaring Moon|89\/100\n|-damage|p1b: Roaring Moon|78\/100\n|-damage|p1b: Roaring Moon|66\/100\n|-damage|p1b: Roaring Moon|55\/100\n|-damage|p1b: Roaring Moon|44\/100\n|-damage|p1b: Roaring Moon|32\/100\n|-damage|p1b: Roaring Moon|20\/100\n|-damage|p1b: Roaring Moon|10\/100\n|-damage|p1b: Roaring Moon|0 fnt\n|faint|p1b: Roaring Moon\n|-end|p1b: Roaring Moon|Protosynthesis|[silent]\n|-hitcount|p1: Roaring Moon|9\n|move|p2a: Scream Tail|Encore||[still]\n|-fail|p2a: Scream Tail\n|\n|upkeep\n|\n|t:|1682472608\n|switch|p1b: Scizor|Scizor, L50, F|75\/100\n|turn|6\n|\n|t:|1682472628\n|cant|p1a: Flutter Mane|slp\n|move|p2b: Maushold|Follow Me|p2b: Maushold\n|-singleturn|p2b: Maushold|move: Follow Me\n|move|p2a: Scream Tail|Perish Song|p2a: Scream Tail\n|-start|p1a: Flutter Mane|perish3|[silent]\n|-start|p1b: Scizor|perish3|[silent]\n|-start|p2a: Scream Tail|perish3|[silent]\n|-start|p2b: Maushold|perish3|[silent]\n|-fieldactivate|move: Perish Song\n|move|p1b: Scizor|Close Combat|p2b: Maushold\n|-supereffective|p2b: Maushold\n|-damage|p2b: Maushold|0 fnt\n|-unboost|p1b: Scizor|def|1\n|-unboost|p1b: Scizor|spd|1\n|faint|p2b: Maushold\n|\n|-start|p1a: Flutter Mane|perish3\n|-start|p2a: Scream Tail|perish3\n|-start|p1b: Scizor|perish3\n|upkeep\n|turn|7\n|-message|StopTalkingandLose forfeited.\n|\n|win|MLGmushroom\n|raw|MLGmushroom's rating: 1352 → 1366<\/strong> (+14 for winning)\n|raw|StopTalkingandLose's rating: 1253 → 1235<\/strong> (-18 for losing)\n|l|\u2606StopTalkingandLose\n","uploadtime":1682472649,"views":10,"p1id":"mlgmushroom","p2id":"stoptalkingandlose","formatid":"gen9vgc2023regulationc","rating":1235,"private":0,"password":""}