{"id":"gen9vgc2023regulationc-1852587525","p1":"pelukas","p2":"Jevil09","format":"[Gen 9] VGC 2023 Regulation C","log":"|j|\u2606pelukas\n|j|\u2606Jevil09\n|t:|1682581038\n|gametype|doubles\n|player|p1|pelukas|gambler|1089\n|player|p2|Jevil09|102|1000\n|teamsize|p1|6\n|teamsize|p2|6\n|gen|9\n|tier|[Gen 9] VGC 2023 Regulation C\n|rated|\n|rule|Species Clause: Limit one of each Pok\u00e9mon\n|rule|Item Clause: Limit one of each item\n|clearpoke\n|poke|p1|Iron Bundle, L50|\n|poke|p1|Mimikyu, L50, M|\n|poke|p1|Dachsbun, L50, F|\n|poke|p1|Klefki, L50, M|\n|poke|p1|Sylveon, L50, F|\n|poke|p1|Iron Valiant, L50|\n|poke|p2|Meowscarada, L50, M|\n|poke|p2|Pawmot, L50, M|\n|poke|p2|Ceruledge, L50, F|\n|poke|p2|Arcanine, L50, F|\n|poke|p2|Baxcalibur, L50, F|\n|poke|p2|Dachsbun, L50, F|\n|teampreview|4\n|\n|t:|1682581066\n|start\n|switch|p1a: Klefki|Klefki, L50, M|100\/100\n|switch|p1b: Iron Bundle|Iron Bundle, L50|100\/100\n|switch|p2a: Perro|Arcanine, L50, F|100\/100\n|switch|p2b: Hielo|Baxcalibur, L50, F|100\/100\n|-ability|p2a: Perro|Intimidate|boost\n|-unboost|p1a: Klefki|atk|1\n|-unboost|p1b: Iron Bundle|atk|1\n|-enditem|p1b: Iron Bundle|Booster Energy\n|-activate|p1b: Iron Bundle|ability: Quark Drive|[fromitem]\n|-start|p1b: Iron Bundle|quarkdrivespe\n|turn|1\n|inactive|Battle timer is ON: inactive players will automatically lose when time's up. (requested by pelukas)\n|inactive|Jevil09 has 60 seconds left.\n|\n|t:|1682581101\n|switch|p1a: Dachsbun|Dachsbun, L50, F, shiny|100\/100\n|-terastallize|p1b: Iron Bundle|Fairy\n|move|p1b: Iron Bundle|Hydro Pump|p2a: Perro\n|-supereffective|p2a: Perro\n|-damage|p2a: Perro|14\/100\n|move|p2b: Hielo|Snowscape|p2b: Hielo\n|-weather|Snow\n|move|p2a: Perro|Will-O-Wisp|p1b: Iron Bundle\n|-status|p1b: Iron Bundle|brn\n|\n|-weather|Snow|[upkeep]\n|-damage|p1b: Iron Bundle|94\/100 brn|[from] brn\n|upkeep\n|turn|2\n|inactive|pelukas has 30 seconds left.\n|inactive|Jevil09 has 30 seconds left.\n|\n|t:|1682581135\n|move|p2b: Hielo|Protect|p2b: Hielo\n|-singleturn|p2b: Hielo|Protect\n|move|p1b: Iron Bundle|Tera Blast|p2b: Hielo\n|-activate|p2b: Hielo|move: Protect\n|move|p1a: Dachsbun|Stomping Tantrum|p2a: Perro\n|-supereffective|p2a: Perro\n|-damage|p2a: Perro|0 fnt\n|faint|p2a: Perro\n|\n|-weather|Snow|[upkeep]\n|-damage|p1b: Iron Bundle|88\/100 brn|[from] brn\n|upkeep\n|\n|t:|1682581148\n|switch|p2a: Trueno|Pawmot, L50, M|100\/100\n|turn|3\n|\n|t:|1682581166\n|-terastallize|p2a: Trueno|Steel\n|move|p1b: Iron Bundle|Tera Blast|p2b: Hielo\n|-supereffective|p2b: Hielo\n|-damage|p2b: Hielo|20\/100\n|move|p2a: Trueno|Tera Blast|p1b: Iron Bundle\n|-supereffective|p1b: Iron Bundle\n|-damage|p1b: Iron Bundle|0 fnt\n|faint|p1b: Iron Bundle\n|-end|p1b: Iron Bundle|Quark Drive|[silent]\n|move|p2b: Hielo|Dragon Dance|p2b: Hielo\n|-boost|p2b: Hielo|atk|1\n|-boost|p2b: Hielo|spe|1\n|move|p1a: Dachsbun|Stomping Tantrum|p2a: Trueno\n|-supereffective|p2a: Trueno\n|-damage|p2a: Trueno|40\/100\n|\n|-weather|Snow|[upkeep]\n|-heal|p2b: Hielo|26\/100|[from] ability: Ice Body\n|upkeep\n|\n|t:|1682581185\n|switch|p1b: Mimikyu|Mimikyu, L50, M|100\/100\n|turn|4\n|\n|t:|1682581195\n|move|p2b: Hielo|Icicle Spear|p1b: Mimikyu\n|-activate|p1b: Mimikyu|ability: Disguise\n|-damage|p1b: Mimikyu|100\/100\n|detailschange|p1b: Mimikyu|Mimikyu-Busted, L50, M\n|-damage|p1b: Mimikyu|88\/100|[from] pokemon: Mimikyu-Busted\n|-damage|p1b: Mimikyu|49\/100\n|-damage|p1b: Mimikyu|11\/100\n|-damage|p1b: Mimikyu|0 fnt\n|faint|p1b: Mimikyu\n|-hitcount|p1: Mimikyu|4\n|move|p2a: Trueno|Tera Blast|p1a: Dachsbun\n|-supereffective|p1a: Dachsbun\n|-damage|p1a: Dachsbun|36\/100\n|move|p1a: Dachsbun|Play Rough|p2b: Hielo\n|-supereffective|p2b: Hielo\n|-damage|p2b: Hielo|0 fnt\n|faint|p2b: Hielo\n|\n|-weather|Snow|[upkeep]\n|upkeep\n|\n|t:|1682581216\n|switch|p1b: Klefki|Klefki, L50, M|100\/100\n|switch|p2b: Brujer\u00eda|Meowscarada, L50, M|100\/100\n|turn|5\n|\n|t:|1682581228\n|move|p1a: Dachsbun|Protect|p1a: Dachsbun\n|-singleturn|p1a: Dachsbun|Protect\n|move|p1b: Klefki|Reflect|p1b: Klefki\n|-sidestart|p1: pelukas|Reflect\n|move|p2b: Brujer\u00eda|Pollen Puff|p2a: Trueno\n|-start|p2b: Brujer\u00eda|typechange|Bug|[from] ability: Protean\n|-heal|p2a: Trueno|89\/100\n|move|p2a: Trueno|Tera Blast|p1a: Dachsbun\n|-activate|p1a: Dachsbun|move: Protect\n|\n|-weather|none\n|upkeep\n|turn|6\n|inactive|Jevil09 has 30 seconds left.\n|inactive|Jevil09 has 20 seconds left.\n|inactive|Jevil09 has 15 seconds left.\n|inactive|Jevil09 has 10 seconds left.\n|inactive|Jevil09 has 5 seconds left.\n|\n|t:|1682581280\n|move|p1b: Klefki|Thunder Wave|p2a: Trueno\n|-status|p2a: Trueno|par\n|move|p2b: Brujer\u00eda|Play Rough|p1a: Dachsbun\n|-damage|p1a: Dachsbun|25\/100\n|-damage|p2b: Brujer\u00eda|84\/100|[from] item: Rocky Helmet|[of] p1a: Dachsbun\n|move|p1a: Dachsbun|Stomping Tantrum|p2a: Trueno\n|-supereffective|p2a: Trueno\n|-damage|p2a: Trueno|33\/100 par\n|cant|p2a: Trueno|par\n|\n|upkeep\n|turn|7\n|\n|t:|1682581301\n|move|p1b: Klefki|Thunder Wave|p2b: Brujer\u00eda\n|-status|p2b: Brujer\u00eda|par\n|move|p1a: Dachsbun|Stomping Tantrum|p2a: Trueno\n|-supereffective|p2a: Trueno\n|-damage|p2a: Trueno|0 fnt\n|faint|p2a: Trueno\n|move|p2b: Brujer\u00eda|Pollen Puff|p2: Trueno|[notarget]\n|-fail|p2b: Brujer\u00eda\n|\n|upkeep\n|turn|8\n|c|\u2606Jevil09|gg\n|c|\u2606Jevil09|that play was good\n|inactive|Jevil09 has 30 seconds left.\n|\n|t:|1682581327\n|move|p1a: Dachsbun|Fire Fang|p2b: Brujer\u00eda\n|-supereffective|p2b: Brujer\u00eda\n|-damage|p2b: Brujer\u00eda|44\/100 par\n|-enditem|p2b: Brujer\u00eda|Sitrus Berry|[eat]\n|-heal|p2b: Brujer\u00eda|68\/100 par|[from] item: Sitrus Berry\n|move|p2b: Brujer\u00eda|Play Rough|p1a: Dachsbun\n|-damage|p1a: Dachsbun|14\/100\n|-damage|p2b: Brujer\u00eda|52\/100 par|[from] item: Rocky Helmet|[of] p1a: Dachsbun\n|move|p1b: Klefki|Flash Cannon|p2b: Brujer\u00eda\n|-damage|p2b: Brujer\u00eda|22\/100 par\n|\n|upkeep\n|turn|9\n|\n|t:|1682581345\n|move|p1a: Dachsbun|Fire Fang|p2b: Brujer\u00eda|[miss]\n|-miss|p1a: Dachsbun|p2b: Brujer\u00eda\n|move|p2b: Brujer\u00eda|Play Rough|p1a: Dachsbun\n|-crit|p1a: Dachsbun\n|-damage|p1a: Dachsbun|0 fnt\n|-damage|p2b: Brujer\u00eda|5\/100 par|[from] item: Rocky Helmet|[of] p1a: Dachsbun\n|faint|p1a: Dachsbun\n|move|p1b: Klefki|Flash Cannon|p2b: Brujer\u00eda\n|-damage|p2b: Brujer\u00eda|0 fnt\n|faint|p2b: Brujer\u00eda\n|\n|win|pelukas\n|raw|pelukas's rating: 1089 → 1109<\/strong> (+20 for winning)\n|raw|Jevil09's rating: 1000 → 1000<\/strong> (+0 for losing)\n|c|\u2606Jevil09|gg\n","uploadtime":1682581359,"views":12,"p1id":"pelukas","p2id":"jevil09","formatid":"gen9vgc2023regulationc","rating":1000,"private":0,"password":""}