{"id":"gen9vgc2023regulationc-1861569436","p1":"Rean412","p2":"Dumber luck","format":"[Gen 9] VGC 2023 Regulation C","log":"|j|\u2606Rean412\n|j|\u2606Dumber luck\n|t:|1683774563\n|gametype|doubles\n|player|p1|Rean412|101|1286\n|player|p2|Dumber luck|1|1274\n|teamsize|p1|6\n|teamsize|p2|6\n|gen|9\n|tier|[Gen 9] VGC 2023 Regulation C\n|rated|\n|rule|Species Clause: Limit one of each Pok\u00e9mon\n|rule|Item Clause: Limit one of each item\n|clearpoke\n|poke|p1|Annihilape, L50, M|\n|poke|p1|Iron Bundle, L50|\n|poke|p1|Arcanine, L50, M|\n|poke|p1|Roaring Moon, L50|\n|poke|p1|Gholdengo, L50|\n|poke|p1|Maushold-Four, L50|\n|poke|p2|Jumpluff, L50, M|\n|poke|p2|Torkoal, L50, F|\n|poke|p2|Stonjourner, L50, F|\n|poke|p2|Hatterene, L50, F|\n|poke|p2|Flutter Mane, L50|\n|poke|p2|Sunflora, L50, M|\n|teampreview|4\nRean412 has agreed to open team sheets.\n|c|\u2606Rean412|GLHF\nDumber luck has agreed to open team sheets.\n|c|\u2606Rean412|I like the mascot.\n|inactive|Battle timer is ON: inactive players will automatically lose when time's up. (requested by Dumber luck)\n|\n|t:|1683774642\n|start\n|switch|p1a: Arcanine|Arcanine, L50, M|100\/100\n|switch|p1b: Maushold|Maushold-Four, L50|100\/100\n|switch|p2a: Hatterene|Hatterene, L50, F|100\/100\n|switch|p2b: Flutter Mane|Flutter Mane, L50|100\/100\n|-ability|p1a: Arcanine|Intimidate|boost\n|-unboost|p2a: Hatterene|atk|1\n|-unboost|p2b: Flutter Mane|atk|1\n|turn|1\n|inactive|Rean412 has 30 seconds left.\n|inactive|Rean412 has 20 seconds left.\n|inactive|Rean412 has 15 seconds left.\n|inactive|Rean412 has 10 seconds left.\n|inactive|Rean412 has 5 seconds left.\n|\n|t:|1683774697\n|move|p1b: Maushold|Follow Me|p1b: Maushold\n|-singleturn|p1b: Maushold|move: Follow Me\n|move|p2b: Flutter Mane|Shadow Ball|p1b: Maushold\n|-immune|p1b: Maushold\n|move|p1a: Arcanine|Flare Blitz|p2b: Flutter Mane\n|-damage|p2b: Flutter Mane|0 fnt\n|faint|p2b: Flutter Mane\n|-end|p2b: Flutter Mane|Protosynthesis|[silent]\n|-damage|p1a: Arcanine|76\/100|[from] Recoil\n|move|p2a: Hatterene|Trick Room|p2a: Hatterene\n|-fieldstart|move: Trick Room|[of] p2a: Hatterene\n|\n|upkeep\n|\n|t:|1683774710\n|switch|p2b: Torkoal|Torkoal, L50, F|100\/100\n|-weather|SunnyDay|[from] ability: Drought|[of] p2b: Torkoal\n|turn|2\n|\n|t:|1683774720\n|move|p1b: Maushold|Protect|p1b: Maushold\n|-singleturn|p1b: Maushold|Protect\n|move|p2b: Torkoal|Eruption|p1a: Arcanine|[spread] p1a\n|-activate|p1b: Maushold|move: Protect\n|-resisted|p1a: Arcanine\n|-damage|p1a: Arcanine|59\/100\n|move|p2a: Hatterene|Psychic|p1a: Arcanine\n|-damage|p1a: Arcanine|28\/100\n|move|p1a: Arcanine|Snarl|p2a: Hatterene|[spread] p2a,p2b\n|-damage|p2a: Hatterene|91\/100\n|-damage|p2b: Torkoal|88\/100\n|-unboost|p2b: Torkoal|spa|1\n|\n|-weather|SunnyDay|[upkeep]\n|upkeep\n|turn|3\n|inactive|Rean412 has 30 seconds left.\n|\n|t:|1683774749\n|switch|p2b: Sunflora|Sunflora, L50, M|100\/100\n|move|p1a: Arcanine|Extreme Speed|p2b: Sunflora\n|-damage|p2b: Sunflora|60\/100\n|move|p2a: Hatterene|Psychic|p1a: Arcanine\n|-damage|p1a: Arcanine|2\/100\n|move|p1b: Maushold|Super Fang|p2a: Hatterene\n|-damage|p2a: Hatterene|46\/100\n|\n|-weather|SunnyDay|[upkeep]\n|-damage|p2b: Sunflora|47\/100|[from] ability: Solar Power|[of] p2b: Sunflora\n|upkeep\n|turn|4\n|\n|t:|1683774773\n|move|p2b: Sunflora|Protect|p2b: Sunflora\n|-singleturn|p2b: Sunflora|Protect\n|move|p1a: Arcanine|Extreme Speed|p2b: Sunflora\n|-activate|p2b: Sunflora|move: Protect\n|move|p2a: Hatterene|Dazzling Gleam|p1b: Maushold|[spread] p1a,p1b\n|-resisted|p1a: Arcanine\n|-damage|p1a: Arcanine|0 fnt\n|-damage|p1b: Maushold|65\/100\n|faint|p1a: Arcanine\n|move|p1b: Maushold|Super Fang|p2a: Hatterene\n|-damage|p2a: Hatterene|23\/100\n|\n|-weather|SunnyDay|[upkeep]\n|-damage|p2b: Sunflora|35\/100|[from] ability: Solar Power|[of] p2b: Sunflora\n|upkeep\n|\n|t:|1683774795\n|switch|p1a: Annihilape|Annihilape, L50, M|100\/100\n|turn|5\n|inactive|Dumber luck has 30 seconds left.\n|inactive|Dumber luck has 20 seconds left.\n|inactive|Dumber luck has 15 seconds left.\n|inactive|Dumber luck has 10 seconds left.\n|\n|t:|1683774844\n|switch|p2a: Torkoal|Torkoal, L50, F|88\/100\n|move|p1a: Annihilape|Protect|p1a: Annihilape\n|-singleturn|p1a: Annihilape|Protect\n|move|p1b: Maushold|Protect|p1b: Maushold\n|-singleturn|p1b: Maushold|Protect\n|move|p2b: Sunflora|Solar Beam||[still]\n|-prepare|p2b: Sunflora|Solar Beam\n|-anim|p2b: Sunflora|Solar Beam|p1b: Maushold\n|-activate|p1b: Maushold|move: Protect\n|\n|-weather|SunnyDay|[upkeep]\n|-damage|p2b: Sunflora|23\/100|[from] ability: Solar Power|[of] p2b: Sunflora\n|-fieldend|move: Trick Room\n|upkeep\n|turn|6\n|\n|t:|1683774862\n|move|p2b: Sunflora|Protect|p2b: Sunflora\n|-singleturn|p2b: Sunflora|Protect\n|move|p1b: Maushold|Super Fang|p2a: Torkoal\n|-damage|p2a: Torkoal|45\/100\n|move|p1a: Annihilape|Bulk Up|p1a: Annihilape\n|-boost|p1a: Annihilape|atk|1\n|-boost|p1a: Annihilape|def|1\n|move|p2a: Torkoal|Yawn|p1a: Annihilape\n|-start|p1a: Annihilape|move: Yawn|[of] p2a: Torkoal\n|\n|-weather|SunnyDay|[upkeep]\n|-damage|p2b: Sunflora|11\/100|[from] ability: Solar Power|[of] p2b: Sunflora\n|upkeep\n|turn|7\n|inactive|Rean412 has 30 seconds left.\n|inactive|Dumber luck has 30 seconds left.\n|\n|t:|1683774893\n|switch|p2b: Hatterene|Hatterene, L50, F|23\/100\n|move|p1b: Maushold|Beat Up|p1a: Annihilape\n|-crit|p1a: Annihilape\n|-damage|p1a: Annihilape|97\/100\n|-damage|p1a: Annihilape|96\/100\n|-damage|p1a: Annihilape|95\/100\n|-hitcount|p1a: Annihilape|3\n|move|p1a: Annihilape|Drain Punch|p2a: Torkoal\n|-damage|p2a: Torkoal|9\/100\n|-heal|p1a: Annihilape|100\/100|[from] drain|[of] p2a: Torkoal\n|move|p2a: Torkoal|Yawn|p1b: Maushold\n|-start|p1b: Maushold|move: Yawn|[of] p2a: Torkoal\n|\n|-weather|SunnyDay|[upkeep]\n|-end|p1a: Annihilape|move: Yawn|[silent]\n|-status|p1a: Annihilape|slp\n|upkeep\n|turn|8\n|inactive|Dumber luck has 30 seconds left.\n|inactive|Dumber luck has 20 seconds left.\n|c|\u2606Rean412|Any chance I can get the pokepaste after?\n|inactive|Dumber luck has 15 seconds left.\n|\n|t:|1683774936\n|switch|p1b: Gholdengo|Gholdengo, L50|100\/100\n|switch|p2a: Sunflora|Sunflora, L50, M|11\/100\n|-terastallize|p1a: Annihilape|Water\n|cant|p1a: Annihilape|slp\n|move|p2b: Hatterene|Trick Room|p2b: Hatterene\n|-fieldstart|move: Trick Room|[of] p2b: Hatterene\n|\n|-weather|SunnyDay|[upkeep]\n|-damage|p2a: Sunflora|0 fnt|[from] ability: Solar Power|[of] p2a: Sunflora\n|faint|p2a: Sunflora\n|upkeep\n|\n|t:|1683774939\n|switch|p2a: Torkoal|Torkoal, L50, F|9\/100\n|turn|9\n|c|\u2606Rean412|Lol\n|inactive|Rean412 has 30 seconds left.\n|\n|t:|1683774965\n|move|p2a: Torkoal|Flamethrower|p1b: Gholdengo\n|-supereffective|p1b: Gholdengo\n|-damage|p1b: Gholdengo|4\/100\n|move|p2b: Hatterene|Psychic|p1a: Annihilape\n|-damage|p1a: Annihilape|60\/100 slp\n|move|p1b: Gholdengo|Make It Rain|p2b: Hatterene|[spread] p2a,p2b\n|-resisted|p2a: Torkoal\n|-supereffective|p2b: Hatterene\n|-damage|p2a: Torkoal|0 fnt\n|-damage|p2b: Hatterene|0 fnt\n|-unboost|p1b: Gholdengo|spa|1\n|faint|p2a: Torkoal\n|faint|p2b: Hatterene\n|\n|win|Rean412\n|raw|Rean412's rating: 1286 → 1310<\/strong> (+24 for winning)\n|raw|Dumber luck's rating: 1274 → 1250<\/strong> (-24 for losing)\n|l|\u2606Dumber luck\n","uploadtime":1683775019,"views":16,"p1id":"rean412","p2id":"dumberluck","formatid":"gen9vgc2023regulationc","rating":1250,"private":0,"password":""}