{"id":"gen9vgc2023regulationc-1850564365","p1":"henritos22","p2":"pelukas","format":"[Gen 9] VGC 2023 Regulation C","log":"|j|\u2606henritos22\n|j|\u2606pelukas\n|t:|1682349040\n|gametype|doubles\n|player|p1|henritos22|170|1073\n|player|p2|pelukas|gambler|1074\n|teamsize|p1|6\n|teamsize|p2|6\n|gen|9\n|tier|[Gen 9] VGC 2023 Regulation C\n|rated|\n|rule|Species Clause: Limit one of each Pok\u00e9mon\n|rule|Item Clause: Limit one of each item\n|clearpoke\n|poke|p1|Banette, L50, M|\n|poke|p1|Cloyster, L50, M|\n|poke|p1|Braviary, L50, M|\n|poke|p1|Meowscarada, L50, F|\n|poke|p1|Hippowdon, L50, M|\n|poke|p1|Zoroark, L50, F|\n|poke|p2|Flutter Mane, L50|\n|poke|p2|Garganacl, L50, M|\n|poke|p2|Iron Valiant, L50|\n|poke|p2|Tinkaton, L50, F|\n|poke|p2|Grimmsnarl, L50, M|\n|poke|p2|Gardevoir, L50, F|\n|teampreview|4\n|inactive|Battle timer is ON: inactive players will automatically lose when time's up. (requested by henritos22)\npelukas has agreed to open team sheets.\n|inactive|henritos22 has 60 seconds left.\n|inactive|pelukas has 60 seconds left.\nhenritos22 rejected open team sheets.\n|\n|t:|1682349077\n|start\n|switch|p1a: Cloyster|Cloyster, L50, M|100\/100\n|switch|p1b: Banette|Banette, L50, M|100\/100\n|switch|p2a: Grimmsnarl|Grimmsnarl, L50, M, shiny|100\/100\n|switch|p2b: Garganacl|Garganacl, L50, M, shiny|100\/100\n|turn|1\n|\n|t:|1682349093\n|-terastallize|p2b: Garganacl|Fairy\n|move|p2a: Grimmsnarl|Reflect|p2a: Grimmsnarl\n|-sidestart|p2: pelukas|Reflect\n|move|p1a: Cloyster|Sludge Bomb|p2a: Grimmsnarl\n|-supereffective|p2a: Grimmsnarl\n|-damage|p2a: Grimmsnarl|35\/100\n|-status|p2a: Grimmsnarl|psn\n|-damage|p1a: Cloyster|91\/100|[from] item: Life Orb\n|move|p1b: Banette|Gunk Shot|p2a: Grimmsnarl\n|-supereffective|p2a: Grimmsnarl\n|-damage|p2a: Grimmsnarl|0 fnt\n|faint|p2a: Grimmsnarl\n|move|p2b: Garganacl|Salt Cure|p1a: Cloyster\n|-damage|p1a: Cloyster|64\/100\n|-start|p1a: Cloyster|Salt Cure\n|replace|p1a: Zoroark|Zoroark, L50, F\n|-end|p1a: Zoroark|Illusion\n|\n|-damage|p1a: Zoroark|52\/100|[from] Salt Cure\n|upkeep\n|\n|t:|1682349109\n|switch|p2a: Tinkaton|Tinkaton, L50, F, shiny|100\/100\n|-ability|p2a: Tinkaton|Mold Breaker\n|turn|2\n|\n|t:|1682349121\n|move|p2a: Tinkaton|Fake Out|p1a: Zoroark\n|-damage|p1a: Zoroark|35\/100\n|cant|p1a: Zoroark|flinch\n|move|p1b: Banette|Gunk Shot|p2b: Garganacl|[miss]\n|-miss|p1b: Banette|p2b: Garganacl\n|-enditem|p1b: Banette|Blunder Policy\n|-boost|p1b: Banette|spe|2\n|move|p2b: Garganacl|Salt Cure|p1b: Banette\n|-crit|p1b: Banette\n|-damage|p1b: Banette|67\/100\n|-start|p1b: Banette|Salt Cure\n|\n|-damage|p1a: Zoroark|23\/100|[from] Salt Cure\n|-damage|p1b: Banette|55\/100|[from] Salt Cure\n|upkeep\n|turn|3\n|\n|t:|1682349144\n|move|p1a: Zoroark|Sludge Bomb|p2b: Garganacl\n|-supereffective|p2b: Garganacl\n|-damage|p2b: Garganacl|21\/100\n|-damage|p1a: Zoroark|13\/100|[from] item: Life Orb\n|move|p1b: Banette|Gunk Shot|p2b: Garganacl\n|-supereffective|p2b: Garganacl\n|-damage|p2b: Garganacl|0 fnt\n|faint|p2b: Garganacl\n|move|p2a: Tinkaton|Gigaton Hammer|p1b: Banette\n|-damage|p1b: Banette|0 fnt\n|faint|p1b: Banette\n|\n|-damage|p1a: Zoroark|1\/100|[from] Salt Cure\n|upkeep\n|\n|t:|1682349156\n|switch|p1b: Meowscarada|Meowscarada, L50, F|100\/100\n|switch|p2b: Flutter Mane|Flutter Mane, L50, shiny|100\/100\n|-enditem|p2b: Flutter Mane|Booster Energy\n|-activate|p2b: Flutter Mane|ability: Protosynthesis|[fromitem]\n|-start|p2b: Flutter Mane|protosynthesisspe\n|turn|4\n|\n|t:|1682349174\n|-terastallize|p1b: Meowscarada|Water\n|move|p2b: Flutter Mane|Protect|p2b: Flutter Mane\n|-singleturn|p2b: Flutter Mane|Protect\n|move|p1b: Meowscarada|Flower Trick|p2b: Flutter Mane\n|-activate|p2b: Flutter Mane|move: Protect\n|move|p1a: Zoroark|Sludge Bomb|p2b: Flutter Mane\n|-activate|p2b: Flutter Mane|move: Protect\n|move|p2a: Tinkaton|Play Rough|p1b: Meowscarada\n|-damage|p1b: Meowscarada|58\/100\n|\n|-damage|p1a: Zoroark|0 fnt|[from] Salt Cure\n|faint|p1a: Zoroark\n|upkeep\n|\n|t:|1682349177\n|switch|p1a: Cloyster|Cloyster, L50, M|100\/100\n|turn|5\n|inactive|pelukas has 30 seconds left.\n|\n|t:|1682349204\n|move|p2b: Flutter Mane|Thunderbolt|p1a: Cloyster\n|-supereffective|p1a: Cloyster\n|-crit|p1a: Cloyster\n|-damage|p1a: Cloyster|0 fnt\n|faint|p1a: Cloyster\n|move|p1b: Meowscarada|Flower Trick|p2a: Tinkaton\n|-resisted|p2a: Tinkaton\n|-crit|p2a: Tinkaton\n|-damage|p2a: Tinkaton|70\/100\n|move|p2a: Tinkaton|Gigaton Hammer|p1b: Meowscarada\n|-resisted|p1b: Meowscarada\n|-damage|p1b: Meowscarada|14\/100\n|\n|upkeep\n|turn|6\n|-message|henritos22 forfeited.\n|\n|win|pelukas\n|raw|henritos22's rating: 1073 → 1052<\/strong> (-21 for losing)\n|raw|pelukas's rating: 1074 → 1103<\/strong> (+29 for winning)\n|l|\u2606henritos22\n","uploadtime":1682349217,"views":21,"p1id":"henritos22","p2id":"pelukas","formatid":"gen9vgc2023regulationc","rating":1052,"private":0,"password":""}