{"id":"gen9vgc2023regulationc-1858618998","p1":"Vuekora","p2":"huiyi12138","format":"[Gen 9] VGC 2023 Regulation C","log":"|j|\u2606Vuekora\n|j|\u2606huiyi12138\n|t:|1683333088\n|gametype|doubles\n|player|p1|Vuekora|candice|\n|player|p2|huiyi12138|101|\n|teamsize|p1|6\n|teamsize|p2|6\n|gen|9\n|tier|[Gen 9] VGC 2023 Regulation C\n|rule|Species Clause: Limit one of each Pok\u00e9mon\n|rule|Item Clause: Limit one of each item\n|clearpoke\n|poke|p1|Sableye, L50, F|\n|poke|p1|Mimikyu, L50, F|\n|poke|p1|Flutter Mane, L50|\n|poke|p1|Gholdengo, L50|\n|poke|p1|Skeledirge, L50, F|\n|poke|p1|Dragapult, L50, F|\n|poke|p2|Dragapult, L50, M|\n|poke|p2|Gholdengo, L50|\n|poke|p2|Annihilape, L50, M|\n|poke|p2|Ceruledge, L50, M|\n|poke|p2|Flutter Mane, L50|\n|poke|p2|Sableye, L50, F|\n|teampreview|4\n|\n|t:|1683333132\n|start\n|switch|p1a: Flutter Mane|Flutter Mane, L50|100\/100\n|switch|p1b: Dragapult|Dragapult, L50, F, shiny|100\/100\n|switch|p2a: Dragapult|Dragapult, L50, M|100\/100\n|switch|p2b: macaco|Annihilape, L50, M|100\/100\n|-enditem|p1a: Flutter Mane|Booster Energy\n|-activate|p1a: Flutter Mane|ability: Protosynthesis|[fromitem]\n|-start|p1a: Flutter Mane|protosynthesisspa\n|turn|1\n|\n|t:|1683333173\n|-terastallize|p2a: Dragapult|Steel\n|move|p1a: Flutter Mane|Protect|p1a: Flutter Mane\n|-singleturn|p1a: Flutter Mane|Protect\n|move|p2b: macaco|Protect|p2b: macaco\n|-singleturn|p2b: macaco|Protect\n|move|p2a: Dragapult|Thunder Wave|p1a: Flutter Mane\n|-activate|p1a: Flutter Mane|move: Protect\n|move|p1b: Dragapult|Phantom Force||[still]\n|-prepare|p1b: Dragapult|Phantom Force\n|\n|upkeep\n|turn|2\n|\n|t:|1683333200\n|move|p2a: Dragapult|Thunder Wave|p1a: Flutter Mane\n|-status|p1a: Flutter Mane|par\n|move|p1b: Dragapult|Phantom Force|p2a: Dragapult|[from]lockedmove\n|-damage|p2a: Dragapult|16\/100\n|move|p2b: macaco|Rage Fist|p1a: Flutter Mane\n|-supereffective|p1a: Flutter Mane\n|-damage|p1a: Flutter Mane|33\/100 par\n|move|p1a: Flutter Mane|Shadow Ball|p2b: macaco\n|-supereffective|p2b: macaco\n|-damage|p2b: macaco|13\/100\n|-unboost|p2b: macaco|spd|1\n|-ability|p2b: macaco|Defiant|boost\n|-boost|p2b: macaco|atk|2\n|\n|-heal|p2b: macaco|19\/100|[from] item: Leftovers\n|upkeep\n|turn|3\n|\n|t:|1683333219\n|move|p2b: macaco|Protect|p2b: macaco\n|-singleturn|p2b: macaco|Protect\n|cant|p1a: Flutter Mane|par\n|move|p2a: Dragapult|Dragon Darts|p1b: Dragapult\n|-supereffective|p1b: Dragapult\n|-damage|p1b: Dragapult|50\/100\n|-anim|p2a: Dragapult|Dragon Darts|p1b: Dragapult\n|-supereffective|p1b: Dragapult\n|-damage|p1b: Dragapult|0 fnt\n|faint|p1b: Dragapult\n|\n|-heal|p2b: macaco|25\/100|[from] item: Leftovers\n|upkeep\n|\n|t:|1683333249\n|switch|p1b: Mimikyu|Mimikyu, L50, F|100\/100\n|turn|4\n|\n|t:|1683333278\n|move|p1b: Mimikyu|Shadow Sneak|p2b: macaco\n|-supereffective|p2b: macaco\n|-damage|p2b: macaco|0 fnt\n|faint|p2b: macaco\n|-damage|p1b: Mimikyu|91\/100|[from] item: Life Orb\n|move|p2a: Dragapult|Will-O-Wisp|p1b: Mimikyu\n|-status|p1b: Mimikyu|brn\n|move|p1a: Flutter Mane|Dazzling Gleam|p2a: Dragapult\n|-resisted|p2a: Dragapult\n|-damage|p2a: Dragapult|0 fnt\n|faint|p2a: Dragapult\n|\n|-damage|p1b: Mimikyu|84\/100 brn|[from] brn\n|upkeep\n|\n|t:|1683333287\n|switch|p2a: Battler|Ceruledge, L50, M, shiny|100\/100\n|switch|p2b: Gholdengo|Gholdengo, L50|100\/100\n|turn|5\n|\n|t:|1683333306\n|move|p1a: Flutter Mane|Protect|p1a: Flutter Mane\n|-singleturn|p1a: Flutter Mane|Protect\n|move|p2a: Battler|Shadow Sneak|p1b: Mimikyu\n|-activate|p1b: Mimikyu|ability: Disguise\n|-damage|p1b: Mimikyu|84\/100 brn\n|detailschange|p1b: Mimikyu|Mimikyu-Busted, L50, F\n|-damage|p1b: Mimikyu|72\/100 brn|[from] pokemon: Mimikyu-Busted\n|move|p1b: Mimikyu|Shadow Claw|p2a: Battler\n|-supereffective|p2a: Battler\n|-damage|p2a: Battler|58\/100\n|-damage|p1b: Mimikyu|62\/100 brn|[from] item: Life Orb\n|move|p2b: Gholdengo|Make It Rain|p1b: Mimikyu|[spread] p1b\n|-activate|p1a: Flutter Mane|move: Protect\n|-supereffective|p1b: Mimikyu\n|-damage|p1b: Mimikyu|0 fnt\n|-unboost|p2b: Gholdengo|spa|1\n|faint|p1b: Mimikyu\n|\n|upkeep\n|\n|t:|1683333324\n|switch|p1b: Gholdengo|Gholdengo, L50|100\/100\n|turn|6\n|\n|t:|1683333343\n|-terastallize|p1b: Gholdengo|Steel\n|move|p2a: Battler|Bitter Blade|p1b: Gholdengo\n|-supereffective|p1b: Gholdengo\n|-damage|p1b: Gholdengo|5\/100\n|-heal|p2a: Battler|100\/100|[from] drain|[of] p1b: Gholdengo\n|move|p1b: Gholdengo|Make It Rain|p2a: Battler|[spread] p2a,p2b\n|-resisted|p2a: Battler\n|-resisted|p2b: Gholdengo\n|-damage|p2a: Battler|72\/100\n|-damage|p2b: Gholdengo|53\/100\n|-unboost|p1b: Gholdengo|spa|1\n|move|p2b: Gholdengo|Make It Rain|p1b: Gholdengo|[spread] p1a,p1b\n|-supereffective|p1a: Flutter Mane\n|-resisted|p1b: Gholdengo\n|-damage|p1a: Flutter Mane|0 fnt\n|-damage|p1b: Gholdengo|0 fnt\n|-unboost|p2b: Gholdengo|spa|1\n|faint|p1a: Flutter Mane\n|-end|p1a: Flutter Mane|Protosynthesis|[silent]\n|faint|p1b: Gholdengo\n|\n|win|huiyi12138\n","uploadtime":1683333363,"views":8,"p1id":"vuekora","p2id":"huiyi12138","formatid":"gen9vgc2023regulationc","rating":0,"private":0,"password":""}