{"id":"gen9vgc2023regulationc-1846579790","p1":"Fonzee3000","p2":"OctopusWithAHat","format":"[Gen 9] VGC 2023 Regulation C","log":"|j|\u2606Fonzee3000\n|j|\u2606OctopusWithAHat\n|t:|1681853715\n|gametype|doubles\n|player|p1|Fonzee3000|169|1133\n|player|p2|OctopusWithAHat|scientist-gen4|1067\n|teamsize|p1|6\n|teamsize|p2|6\n|gen|9\n|tier|[Gen 9] VGC 2023 Regulation C\n|rated|\n|rule|Species Clause: Limit one of each Pok\u00e9mon\n|rule|Item Clause: Limit one of each item\n|clearpoke\n|poke|p1|Ting-Lu, L50|\n|poke|p1|Amoonguss, L50, M|\n|poke|p1|Arcanine, L50, M|\n|poke|p1|Flutter Mane, L50|\n|poke|p1|Palafin, L50, F|\n|poke|p1|Baxcalibur, L50, F|\n|poke|p2|Roaring Moon, L50|\n|poke|p2|Iron Hands, L50|\n|poke|p2|Farigiraf, L50, F|\n|poke|p2|Kingambit, L50, F|\n|poke|p2|Amoonguss, L50, F|\n|poke|p2|Iron Bundle, L50|\n|teampreview|4\n|inactive|Battle timer is ON: inactive players will automatically lose when time's up. (requested by Fonzee3000)\n|inactive|Fonzee3000 has 60 seconds left.\n|\n|t:|1681853763\n|start\n|switch|p1a: Ting-Lu|Ting-Lu, L50|100\/100\n|switch|p1b: Palafin|Palafin, L50, F|100\/100\n|switch|p2a: hands|Iron Hands, L50|100\/100\n|switch|p2b: demon|Farigiraf, L50, F|100\/100\n|-ability|p1a: Ting-Lu|Vessel of Ruin\n|turn|1\n|\n|t:|1681853784\n|detailschange|p1b: Palafin|Palafin-Hero, L50, F\n|switch|p1b: Arcanine|Arcanine, L50, M|100\/100\n|-ability|p1b: Arcanine|Intimidate|boost\n|-unboost|p2a: hands|atk|1\n|-unboost|p2b: demon|atk|1\n|move|p2a: hands|Fake Out|p1a: Ting-Lu\n|-damage|p1a: Ting-Lu|94\/100\n|cant|p1a: Ting-Lu|flinch\n|move|p2b: demon|Trick Room|p2b: demon\n|-fieldstart|move: Trick Room|[of] p2b: demon\n|\n|upkeep\n|turn|2\n|inactive|OctopusWithAHat has 30 seconds left.\n|\n|t:|1681853810\n|-end|p2a: hands|Quark Drive|[silent]\n|switch|p2a: NyQuil|Amoonguss, L50, F|100\/100\n|move|p2b: demon|Psyshock|p1b: Arcanine\n|-damage|p1b: Arcanine|74\/100\n|move|p1a: Ting-Lu|Fissure|p2b: demon\n|-damage|p2b: demon|0 fnt\n|faint|p2b: demon\n|-ohko\n|move|p1b: Arcanine|Will-O-Wisp|p2a: NyQuil\n|-status|p2a: NyQuil|brn\n|\n|-damage|p2a: NyQuil|95\/100 brn|[from] brn\n|upkeep\n|\n|t:|1681853826\n|switch|p2b: hands|Iron Hands, L50|100\/100\n|turn|3\n|n|!OctopusWithAHat|octopuswithahat\n|\n|t:|1681853839\n|move|p2a: NyQuil|Rage Powder|p2a: NyQuil\n|-singleturn|p2a: NyQuil|move: Rage Powder\n|move|p2b: hands|Close Combat|p1a: Ting-Lu\n|-supereffective|p1a: Ting-Lu\n|-damage|p1a: Ting-Lu|8\/100\n|-unboost|p2b: hands|def|1\n|-unboost|p2b: hands|spd|1\n|move|p1a: Ting-Lu|Ruination|p2a: NyQuil\n|-damage|p2a: NyQuil|48\/100 brn\n|move|p1b: Arcanine|Will-O-Wisp|p2b: hands|[miss]\n|-miss|p1b: Arcanine|p2b: hands\n|\n|-damage|p2a: NyQuil|42\/100 brn|[from] brn\n|upkeep\n|turn|4\n|inactive|OctopusWithAHat has 30 seconds left.\n|inactive|Fonzee3000 has 30 seconds left.\n|\n|t:|1681853874\n|switch|p1a: Flutter Mane|Flutter Mane, L50|100\/100\n|-enditem|p1a: Flutter Mane|Booster Energy\n|-activate|p1a: Flutter Mane|ability: Protosynthesis|[fromitem]\n|-start|p1a: Flutter Mane|protosynthesisspa\n|move|p2a: NyQuil|Spore|p1b: Arcanine\n|-activate|p1b: Arcanine|item: Safety Goggles|Spore\n|move|p2b: hands|Drain Punch|p1a: Flutter Mane\n|-immune|p1a: Flutter Mane\n|move|p1b: Arcanine|Will-O-Wisp|p2b: hands|[miss]\n|-miss|p1b: Arcanine|p2b: hands\n|\n|-damage|p2a: NyQuil|36\/100 brn|[from] brn\n|upkeep\n|turn|5\n|\n|t:|1681853897\n|move|p1a: Flutter Mane|Protect|p1a: Flutter Mane\n|-singleturn|p1a: Flutter Mane|Protect\n|move|p2a: NyQuil|Rage Powder|p2a: NyQuil\n|-singleturn|p2a: NyQuil|move: Rage Powder\n|move|p2b: hands|Thunder Punch|p1a: Flutter Mane\n|-activate|p1a: Flutter Mane|move: Protect\n|move|p1b: Arcanine|Flare Blitz|p2a: NyQuil\n|-supereffective|p2a: NyQuil\n|-damage|p2a: NyQuil|0 fnt\n|faint|p2a: NyQuil\n|-damage|p1b: Arcanine|60\/100|[from] Recoil\n|\n|-fieldend|move: Trick Room\n|upkeep\n|\n|t:|1681853900\n|switch|p2a: chess|Kingambit, L50, F|100\/100\n|turn|6\n|inactive|OctopusWithAHat has 30 seconds left.\n|\n|t:|1681853927\n|-terastallize|p2a: chess|Dark\n|move|p2a: chess|Sucker Punch||[still]\n|-fail|p2a: chess\n|move|p1a: Flutter Mane|Substitute|p1a: Flutter Mane\n|-start|p1a: Flutter Mane|Substitute\n|-damage|p1a: Flutter Mane|76\/100\n|move|p1b: Arcanine|Will-O-Wisp|p2a: chess\n|-status|p2a: chess|brn\n|move|p2b: hands|Thunder Punch|p1b: Arcanine\n|-damage|p1b: Arcanine|15\/100\n|\n|-damage|p2a: chess|95\/100 brn|[from] brn\n|upkeep\n|turn|7\n|\n|t:|1681853950\n|move|p1b: Arcanine|Extreme Speed|p2b: hands\n|-damage|p2b: hands|79\/100\n|move|p2a: chess|Sucker Punch|p1a: Flutter Mane\n|-end|p1a: Flutter Mane|Substitute\n|move|p1a: Flutter Mane|Moonblast|p2a: chess\n|-supereffective|p2a: chess\n|-damage|p2a: chess|0 fnt\n|faint|p2a: chess\n|move|p2b: hands|Drain Punch|p1b: Arcanine\n|-damage|p1b: Arcanine|0 fnt\n|-heal|p2b: hands|85\/100|[from] drain|[of] p1b: Arcanine\n|faint|p1b: Arcanine\n|\n|upkeep\n|\n|t:|1681853966\n|switch|p1b: Palafin|Palafin-Hero, L50, F|100\/100\n|-activate|p1b: Palafin|ability: Zero to Hero\n|turn|8\n|inactive|OctopusWithAHat has 30 seconds left.\n|inactive|OctopusWithAHat has 20 seconds left.\n|inactive|OctopusWithAHat has 15 seconds left.\n|-message|OctopusWithAHat forfeited.\n|\n|win|Fonzee3000\n|raw|Fonzee3000's rating: 1133 → 1153<\/strong> (+20 for winning)\n|raw|OctopusWithAHat's rating: 1067 → 1051<\/strong> (-16 for losing)\n|l|!OctopusWithAHat\n","uploadtime":1681853838,"views":7,"p1id":"fonzee3000","p2id":"octopuswithahat","formatid":"gen9vgc2023regulationc","rating":1051,"private":0,"password":""}