{"id":"gen9vgc2023regulationc-1852917891","p1":"PancakePancake","p2":"Cachapita","format":"[Gen 9] VGC 2023 Regulation C","log":"|j|\u2606PancakePancake\n|j|\u2606Cachapita\n|t:|1682617192\n|gametype|doubles\n|player|p1|PancakePancake|burglar|1174\n|player|p2|Cachapita|102|1263\n|teamsize|p1|6\n|teamsize|p2|6\n|gen|9\n|tier|[Gen 9] VGC 2023 Regulation C\n|rated|\n|rule|Species Clause: Limit one of each Pok\u00e9mon\n|rule|Item Clause: Limit one of each item\n|clearpoke\n|poke|p1|Lycanroc-Midnight, L50, M|\n|poke|p1|Medicham, L50, M|\n|poke|p1|Dondozo, L50, F|\n|poke|p1|Tatsugiri-Stretchy, L50, F|\n|poke|p1|Mimikyu, L50, F|\n|poke|p1|Ting-Lu, L50|\n|poke|p2|Cloyster, L50, F|\n|poke|p2|Hariyama, L50, M|\n|poke|p2|Braviary, L50, M|\n|poke|p2|Ting-Lu, L50|\n|poke|p2|Ceruledge, L50, F|\n|poke|p2|Vivillon-Fancy, L50, M|\n|teampreview|4\n|inactive|Battle timer is ON: inactive players will automatically lose when time's up. (requested by PancakePancake)\n|\n|t:|1682617216\n|start\n|switch|p1a: Lycanroc|Lycanroc-Midnight, L50, M|100\/100\n|switch|p1b: Medicham|Medicham, L50, M|100\/100\n|switch|p2a: Vivillon|Vivillon-Fancy, L50, M|100\/100\n|switch|p2b: Cloyster|Cloyster, L50, F|100\/100\n|turn|1\n|inactive|PancakePancake has 30 seconds left.\n|inactive|Cachapita has 30 seconds left.\n|inactive|PancakePancake has 20 seconds left.\n|inactive|Cachapita has 20 seconds left.\n|inactive|PancakePancake has 15 seconds left.\n|\n|t:|1682617257\n|switch|p2b: Ting-Lu|Ting-Lu, L50|100\/100\n|-ability|p2b: Ting-Lu|Vessel of Ruin\n|move|p1b: Medicham|Fake Out|p2a: Vivillon\n|-damage|p2a: Vivillon|69\/100\n|cant|p2a: Vivillon|flinch\n|move|p1a: Lycanroc|Stone Edge|p2b: Ting-Lu\n|-resisted|p2b: Ting-Lu\n|-crit|p2b: Ting-Lu\n|-damage|p2b: Ting-Lu|84\/100\n|\n|upkeep\n|turn|2\n|inactive|Cachapita has 30 seconds left.\n|inactive|Cachapita has 20 seconds left.\n|inactive|Cachapita has 15 seconds left.\n|inactive|Cachapita has 10 seconds left.\n|inactive|Cachapita has 5 seconds left.\n|\n|t:|1682617309\n|move|p2a: Vivillon|Rage Powder|p2a: Vivillon\n|-singleturn|p2a: Vivillon|move: Rage Powder\n|move|p1b: Medicham|Skill Swap|p2a: Vivillon\n|-activate|p1b: Medicham|move: Skill Swap|Friend Guard|Pure Power|[of] p2a: Vivillon\n|move|p1a: Lycanroc|Rock Slide|p2b: Ting-Lu|[spread] p2a,p2b\n|-supereffective|p2a: Vivillon\n|-resisted|p2b: Ting-Lu\n|-crit|p2b: Ting-Lu\n|-damage|p2a: Vivillon|0 fnt\n|-damage|p2b: Ting-Lu|71\/100\n|faint|p2a: Vivillon\n|cant|p2b: Ting-Lu|flinch\n|\n|upkeep\n|\n|t:|1682617323\n|switch|p2a: Ceruledge|Ceruledge, L50, F|100\/100\n|turn|3\n|\n|t:|1682617331\n|-terastallize|p2a: Ceruledge|Grass\n|move|p1b: Medicham|Skill Swap|p1a: Lycanroc\n|-activate|p1b: Medicham|move: Skill Swap|||[of] p1a: Lycanroc\n|move|p1a: Lycanroc|Rock Slide|p2a: Ceruledge|[spread] p2a,p2b\n|-resisted|p2b: Ting-Lu\n|-damage|p2a: Ceruledge|68\/100\n|-damage|p2b: Ting-Lu|63\/100\n|move|p2a: Ceruledge|Swords Dance|p2a: Ceruledge\n|-boost|p2a: Ceruledge|atk|2\n|move|p2b: Ting-Lu|Earthquake|p1a: Lycanroc|[spread] p2a,p1a,p1b\n|-resisted|p2a: Ceruledge\n|-supereffective|p1a: Lycanroc\n|-damage|p2a: Ceruledge|36\/100\n|-damage|p1a: Lycanroc|0 fnt\n|-damage|p1b: Medicham|36\/100\n|faint|p1a: Lycanroc\n|\n|upkeep\n|\n|t:|1682617340\n|switch|p1a: Dondozo|Dondozo, L50, F|100\/100\n|turn|4\n|\n|t:|1682617364\n|switch|p2b: Cloyster|Cloyster, L50, F|100\/100\n|move|p2a: Ceruledge|Protect|p2a: Ceruledge\n|-singleturn|p2a: Ceruledge|Protect\n|move|p1b: Medicham|Skill Swap|p1a: Dondozo\n|-activate|p1b: Medicham|move: Skill Swap|||[of] p1a: Dondozo\n|move|p1a: Dondozo|Substitute|p1a: Dondozo\n|-start|p1a: Dondozo|Substitute\n|-damage|p1a: Dondozo|76\/100\n|\n|-heal|p1a: Dondozo|82\/100|[from] item: Leftovers\n|upkeep\n|turn|5\n|\n|t:|1682617381\n|switch|p1b: Tatsugiri|Tatsugiri-Stretchy, L50, F|100\/100\n|-activate|p1b: Tatsugiri|ability: Commander|[of] p1a: Dondozo\n|-boost|p1a: Dondozo|atk|2\n|-boost|p1a: Dondozo|spa|2\n|-boost|p1a: Dondozo|spe|2\n|-boost|p1a: Dondozo|def|2\n|-boost|p1a: Dondozo|spd|2\n|move|p1a: Dondozo|Fissure|p2a: Ceruledge\n|-damage|p2a: Ceruledge|0 fnt\n|faint|p2a: Ceruledge\n|-ohko\n|move|p2b: Cloyster|Icicle Spear|p1b: Tatsugiri|[miss]\n|-miss|p2b: Cloyster|p1b: Tatsugiri\n|\n|-heal|p1a: Dondozo|88\/100|[from] item: Leftovers\n|upkeep\n|\n|t:|1682617388\n|switch|p2a: Ting-Lu|Ting-Lu, L50|63\/100\n|-ability|p2a: Ting-Lu|Vessel of Ruin\n|turn|6\n|\n|t:|1682617394\n|move|p1a: Dondozo|Fissure|p2a: Ting-Lu\n|-damage|p2a: Ting-Lu|0 fnt\n|faint|p2a: Ting-Lu\n|-ohko\n|move|p2b: Cloyster|Rock Blast|p1a: Dondozo\n|-crit|p1a: Dondozo\n|-activate|p1a: Dondozo|move: Substitute|[damage]\n|-activate|p1a: Dondozo|move: Substitute|[damage]\n|-activate|p1a: Dondozo|move: Substitute|[damage]\n|-activate|p1a: Dondozo|move: Substitute|[damage]\n|-crit|p1a: Dondozo\n|-activate|p1a: Dondozo|move: Substitute|[damage]\n|-hitcount|p1a: Dondozo|5\n|\n|-heal|p1a: Dondozo|94\/100|[from] item: Leftovers\n|upkeep\n|turn|7\n|\n|t:|1682617408\n|move|p1a: Dondozo|Fissure|p2b: Cloyster\n|-damage|p2b: Cloyster|0 fnt\n|faint|p2b: Cloyster\n|-ohko\n|\n|win|PancakePancake\n|raw|PancakePancake's rating: 1174 → 1205<\/strong> (+31 for winning)\n|raw|Cachapita's rating: 1263 → 1232<\/strong> (-31 for losing)\n|c|\u2606Cachapita|You don't even have No guard\n|l|\u2606Cachapita\n","uploadtime":1682617439,"views":5,"p1id":"pancakepancake","p2id":"cachapita","formatid":"gen9vgc2023regulationc","rating":1205,"private":0,"password":""}