{"id":"gen9vgc2023regulationc-1859941558","p1":"JNEWMZ","p2":"destrucktoo","format":"[Gen 9] VGC 2023 Regulation C","log":"|j|\u2606JNEWMZ\n|j|\u2606destrucktoo\n|t:|1683577793\n|gametype|doubles\n|player|p1|JNEWMZ|emmet|\n|player|p2|destrucktoo|pokekid|\n|teamsize|p1|6\n|teamsize|p2|6\n|gen|9\n|tier|[Gen 9] VGC 2023 Regulation C\n|rule|Species Clause: Limit one of each Pok\u00e9mon\n|rule|Item Clause: Limit one of each item\n|clearpoke\n|poke|p1|Annihilape, L50, M|\n|poke|p1|Iron Moth, L50|\n|poke|p1|Masquerain, L50, F|\n|poke|p1|Mudsdale, L50, F|\n|poke|p1|Ceruledge, L50, M|\n|poke|p1|Rotom-Wash, L50|\n|poke|p2|Abomasnow, L50, F|\n|poke|p2|Cetitan, L50, M|\n|poke|p2|Iron Hands, L50|\n|poke|p2|Arcanine, L50, M|\n|poke|p2|Eiscue, L50, F|\n|poke|p2|Slowbro, L50, M|\n|teampreview|4\n|j| WindyEng\ndestrucktoo rejected open team sheets.\n|\n|t:|1683577957\n|start\n|switch|p1a: Annihilape|Annihilape, L50, M|100\/100\n|switch|p1b: Rotom|Rotom-Wash, L50, shiny|100\/100\n|switch|p2a: Slowest Bro|Slowbro, L50, M|100\/100\n|switch|p2b: Fingers|Iron Hands, L50|100\/100\n|-enditem|p2b: Fingers|Booster Energy\n|-activate|p2b: Fingers|ability: Quark Drive|[fromitem]\n|-start|p2b: Fingers|quarkdriveatk\n|turn|1\n|\n|t:|1683578015\n|move|p2b: Fingers|Fake Out|p1b: Rotom\n|-damage|p1b: Rotom|70\/100\n|cant|p1b: Rotom|flinch\n|move|p1a: Annihilape|Earthquake|p2a: Slowest Bro|[spread] p2a,p2b\n|-immune|p1b: Rotom|[from] ability: Levitate\n|-supereffective|p2b: Fingers\n|-damage|p2a: Slowest Bro|85\/100\n|-damage|p2b: Fingers|54\/100\n|move|p2a: Slowest Bro|Trick Room|p2a: Slowest Bro\n|-fieldstart|move: Trick Room|[of] p2a: Slowest Bro\n|\n|upkeep\n|turn|2\n|c| WindyEng|jesus - 30% on fake out lol\n|c|\u2606destrucktoo|whack\n|c|\u2606JNEWMZ|quark drive is no joke\n|\n|t:|1683578065\n|move|p1b: Rotom|Protect|p1b: Rotom\n|-singleturn|p1b: Rotom|Protect\n|move|p2a: Slowest Bro|Psychic|p1a: Annihilape\n|-supereffective|p1a: Annihilape\n|-damage|p1a: Annihilape|42\/100\n|-unboost|p1a: Annihilape|spd|1\n|-ability|p1a: Annihilape|Defiant|boost\n|-boost|p1a: Annihilape|atk|2\n|move|p2b: Fingers|Wild Charge|p1a: Annihilape\n|-damage|p1a: Annihilape|0 fnt\n|faint|p1a: Annihilape\n|-damage|p2b: Fingers|44\/100|[from] Recoil\n|\n|upkeep\n|c|\u2606JNEWMZ|owwwwwwww\n|c|\u2606destrucktoo|whoa\n|c|\u2606destrucktoo|i clicked right\n|c| WindyEng|oh man, good call Marc\n|\n|t:|1683578113\n|switch|p1a: Iron Moth|Iron Moth, L50|100\/100\n|-enditem|p1a: Iron Moth|Booster Energy\n|-activate|p1a: Iron Moth|ability: Quark Drive|[fromitem]\n|-start|p1a: Iron Moth|quarkdrivespa\n|turn|3\n|j| pinapplehead\n|c| pinapplehead|im here!\n|c|\u2606destrucktoo|bless\n|c| pinapplehead|hits harddd\n|\n|t:|1683578201\n|move|p1a: Iron Moth|Protect|p1a: Iron Moth\n|-singleturn|p1a: Iron Moth|Protect\n|move|p2a: Slowest Bro|Liquidation|p1a: Iron Moth\n|-activate|p1a: Iron Moth|move: Protect\n|move|p2b: Fingers|Drain Punch|p1b: Rotom\n|-damage|p1b: Rotom|0 fnt\n|-heal|p2b: Fingers|63\/100|[from] drain|[of] p1b: Rotom\n|faint|p1b: Rotom\n|\n|upkeep\n|\n|t:|1683578212\n|switch|p1b: Ceruledge|Ceruledge, L50, M|100\/100\n|turn|4\n|\n|t:|1683578230\n|-terastallize|p1a: Iron Moth|Fairy\n|move|p2a: Slowest Bro|Helping Hand|p2b: Fingers\n|-singleturn|p2b: Fingers|Helping Hand|[of] p2a: Slowest Bro\n|move|p2b: Fingers|Wild Charge|p1a: Iron Moth\n|-crit|p1a: Iron Moth\n|-damage|p1a: Iron Moth|0 fnt\n|faint|p1a: Iron Moth\n|-end|p1a: Iron Moth|Quark Drive|[silent]\n|-damage|p2b: Fingers|46\/100|[from] Recoil\n|move|p1b: Ceruledge|X-Scissor|p2a: Slowest Bro\n|-supereffective|p2a: Slowest Bro\n|-damage|p2a: Slowest Bro|50\/100\n|\n|upkeep\n|turn|5\n|c|\u2606destrucktoo|crit\n|c|\u2606JNEWMZ|jeeeeeeezz\n|c| pinapplehead|crit mattered?\n|c|\u2606destrucktoo|maybe?\n|c|\u2606JNEWMZ|my luck from the connell game is catching up to me\n|c| WindyEng|not after helping hand\n|\n|t:|1683578262\n|move|p2a: Slowest Bro|Helping Hand|p2b: Fingers\n|-singleturn|p2b: Fingers|Helping Hand|[of] p2a: Slowest Bro\n|move|p1b: Ceruledge|Shadow Sneak|p2a: Slowest Bro\n|-supereffective|p2a: Slowest Bro\n|-crit|p2a: Slowest Bro\n|-damage|p2a: Slowest Bro|11\/100\n|move|p2b: Fingers|Wild Charge|p1b: Ceruledge\n|-damage|p1b: Ceruledge|0 fnt\n|faint|p1b: Ceruledge\n|-damage|p2b: Fingers|30\/100|[from] Recoil\n|\n|win|destrucktoo\n|c|\u2606destrucktoo|i dont know the math with helping hand\n|c| pinapplehead|right\n|c|\u2606JNEWMZ|gg\n|c|\u2606destrucktoo|gg\n|l|\u2606JNEWMZ\n|c| pinapplehead|jjjjjeeeezzzzzzzzzzzzzz\n|c|\u2606destrucktoo|who else did i bring?\n|c| WindyEng|we'll never know\n|l| WindyEng\n|l| pinapplehead\n|j| BossgodoraIII\n|l| BossgodoraIII\n|j| dolphinsfan254\n","uploadtime":1683578284,"views":22,"p1id":"jnewmz","p2id":"destrucktoo","formatid":"gen9vgc2023regulationc","rating":0,"private":0,"password":""}