{"id":"gen9vgc2023regulationc-1862576891","p1":"leaveher","p2":"yasumura24321","format":"[Gen 9] VGC 2023 Regulation C","log":"|j|\u2606leaveher\n|j|\u203dyasumura24321\n|t:|1683902330\n|gametype|doubles\n|player|p1|leaveher|102|1271\n|player|p2|yasumura24321|1|1338\n|teamsize|p1|6\n|teamsize|p2|6\n|gen|9\n|tier|[Gen 9] VGC 2023 Regulation C\n|rated|\n|rule|Species Clause: Limit one of each Pok\u00e9mon\n|rule|Item Clause: Limit one of each item\n|clearpoke\n|poke|p1|Indeedee-F, L50, F|\n|poke|p1|Armarouge, L50, M|\n|poke|p1|Azumarill, L50, M|\n|poke|p1|Torkoal, L50, M|\n|poke|p1|Hatterene, L50, F|\n|poke|p1|Sylveon, L50, M|\n|poke|p2|Chi-Yu, L50|\n|poke|p2|Flutter Mane, L50|\n|poke|p2|Ting-Lu, L50|\n|poke|p2|Gyarados, L50, F|\n|poke|p2|Murkrow, L50, F|\n|poke|p2|Great Tusk, L50|\n|teampreview|4\n|inactive|Battle timer is ON: inactive players will automatically lose when time's up. (requested by leaveher)\n|inactive|leaveher has 60 seconds left.\n|inactive|yasumura24321 has 60 seconds left.\n|\n|t:|1683902384\n|start\n|switch|p1a: Indeedee|Indeedee-F, L50, F|100\/100\n|switch|p1b: Sylveon|Sylveon, L50, M|100\/100\n|switch|p2a: Chi-Yu|Chi-Yu, L50|100\/100\n|switch|p2b: Flutter Mane|Flutter Mane, L50|100\/100\n|-ability|p2a: Chi-Yu|Beads of Ruin\n|-fieldstart|move: Psychic Terrain|[from] ability: Psychic Surge|[of] p1a: Indeedee\n|-enditem|p2b: Flutter Mane|Booster Energy\n|-activate|p2b: Flutter Mane|ability: Protosynthesis|[fromitem]\n|-start|p2b: Flutter Mane|protosynthesisspa\n|turn|1\n|\n|t:|1683902406\n|-terastallize|p2b: Flutter Mane|Steel\n|-terastallize|p1a: Indeedee|Fairy\n|move|p1b: Sylveon|Detect|p1b: Sylveon\n|-singleturn|p1b: Sylveon|Protect\n|move|p2b: Flutter Mane|Dazzling Gleam|p1b: Sylveon|[spread] p1a\n|-activate|p1b: Sylveon|move: Protect\n|-damage|p1a: Indeedee|48\/100\n|move|p2a: Chi-Yu|Overheat|p1b: Sylveon\n|-activate|p1b: Sylveon|move: Protect\n|move|p1a: Indeedee|Trick Room|p1a: Indeedee\n|-fieldstart|move: Trick Room|[of] p1a: Indeedee\n|\n|upkeep\n|turn|2\n|inactive|leaveher has 30 seconds left.\n|inactive|yasumura24321 has 30 seconds left.\n|\n|t:|1683902439\n|move|p2a: Chi-Yu|Protect|p2a: Chi-Yu\n|-singleturn|p2a: Chi-Yu|Protect\n|move|p1b: Sylveon|Substitute|p1b: Sylveon\n|-start|p1b: Sylveon|Substitute\n|-damage|p1b: Sylveon|76\/100\n|move|p1a: Indeedee|Dazzling Gleam|p2a: Chi-Yu|[spread] p2b\n|-activate|p2a: Chi-Yu|move: Protect\n|-resisted|p2b: Flutter Mane\n|-damage|p2b: Flutter Mane|88\/100\n|move|p2b: Flutter Mane|Dazzling Gleam|p1b: Sylveon|[spread] p1a,p1b\n|-end|p1b: Sylveon|Substitute\n|-damage|p1a: Indeedee|0 fnt\n|faint|p1a: Indeedee\n|\n|upkeep\n|\n|t:|1683902452\n|switch|p1a: Torkoal|Torkoal, L50, M|100\/100\n|-weather|SunnyDay|[from] ability: Drought|[of] p1a: Torkoal\n|turn|3\n|inactive|yasumura24321 has 30 seconds left.\n|\n|t:|1683902482\n|move|p2b: Flutter Mane|Protect|p2b: Flutter Mane\n|-singleturn|p2b: Flutter Mane|Protect\n|move|p1a: Torkoal|Eruption|p2a: Chi-Yu|[spread] p2a\n|-activate|p2b: Flutter Mane|move: Protect\n|-resisted|p2a: Chi-Yu\n|-damage|p2a: Chi-Yu|48\/100\n|move|p1b: Sylveon|Hyper Voice|p2a: Chi-Yu|[spread] p2a\n|-activate|p2b: Flutter Mane|move: Protect\n|-damage|p2a: Chi-Yu|0 fnt\n|faint|p2a: Chi-Yu\n|-enditem|p1b: Sylveon|Throat Spray\n|-boost|p1b: Sylveon|spa|1|[from] item: Throat Spray\n|\n|-weather|SunnyDay|[upkeep]\n|upkeep\n|\n|t:|1683902495\n|switch|p2a: Ting-Lu|Ting-Lu, L50|100\/100\n|-ability|p2a: Ting-Lu|Vessel of Ruin\n|turn|4\n|inactive|yasumura24321 has 30 seconds left.\n|\n|t:|1683902525\n|move|p2a: Ting-Lu|Protect|p2a: Ting-Lu\n|-singleturn|p2a: Ting-Lu|Protect\n|move|p2b: Flutter Mane|Protect|p2b: Flutter Mane\n|-singleturn|p2b: Flutter Mane|Protect\n|move|p1a: Torkoal|Eruption|p2b: Flutter Mane|[spread] \n|-activate|p2a: Ting-Lu|move: Protect\n|-activate|p2b: Flutter Mane|move: Protect\n|move|p1b: Sylveon|Tera Blast|p2a: Ting-Lu\n|-activate|p2a: Ting-Lu|move: Protect\n|\n|-weather|SunnyDay|[upkeep]\n|upkeep\n|turn|5\n|inactive|yasumura24321 has 30 seconds left.\n|\n|t:|1683902556\n|move|p2b: Flutter Mane|Protect||[still]\n|-fail|p2b: Flutter Mane\n|move|p1a: Torkoal|Eruption|p2a: Ting-Lu|[spread] p2a,p2b\n|-supereffective|p2b: Flutter Mane\n|-damage|p2a: Ting-Lu|51\/100\n|-damage|p2b: Flutter Mane|0 fnt\n|faint|p2b: Flutter Mane\n|-end|p2b: Flutter Mane|Protosynthesis|[silent]\n|move|p1b: Sylveon|Substitute|p1b: Sylveon\n|-start|p1b: Sylveon|Substitute\n|-damage|p1b: Sylveon|51\/100\n|move|p2a: Ting-Lu|Stomping Tantrum|p1b: Sylveon\n|-end|p1b: Sylveon|Substitute\n|\n|-weather|SunnyDay|[upkeep]\n|-heal|p2a: Ting-Lu|57\/100|[from] item: Leftovers\n|-fieldend|move: Trick Room\n|-fieldend|move: Psychic Terrain\n|upkeep\n|\n|t:|1683902569\n|switch|p2b: Great Tusk|Great Tusk, L50|100\/100\n|-activate|p2b: Great Tusk|ability: Protosynthesis\n|-start|p2b: Great Tusk|protosynthesisatk\n|turn|6\n|inactive|leaveher has 30 seconds left.\n|\n|t:|1683902595\n|move|p2a: Ting-Lu|Protect|p2a: Ting-Lu\n|-singleturn|p2a: Ting-Lu|Protect\n|move|p1b: Sylveon|Detect|p1b: Sylveon\n|-singleturn|p1b: Sylveon|Protect\n|move|p2b: Great Tusk|Earthquake|p1b: Sylveon|[spread] p1a\n|-activate|p2a: Ting-Lu|move: Protect\n|-activate|p1b: Sylveon|move: Protect\n|-supereffective|p1a: Torkoal\n|-damage|p1a: Torkoal|11\/100\n|move|p1a: Torkoal|Flamethrower|p2b: Great Tusk\n|-damage|p2b: Great Tusk|27\/100\n|\n|-weather|SunnyDay|[upkeep]\n|-heal|p2a: Ting-Lu|64\/100|[from] item: Leftovers\n|upkeep\n|turn|7\n|inactive|leaveher has 30 seconds left.\n|\n|t:|1683902623\n|move|p1b: Sylveon|Detect|p1b: Sylveon\n|-singleturn|p1b: Sylveon|Protect\n|move|p2b: Great Tusk|Earthquake|p1a: Torkoal|[spread] p2a,p1a\n|-activate|p1b: Sylveon|move: Protect\n|-supereffective|p1a: Torkoal\n|-damage|p2a: Ting-Lu|40\/100\n|-damage|p1a: Torkoal|0 fnt\n|faint|p1a: Torkoal\n|move|p2a: Ting-Lu|Stomping Tantrum|p1b: Sylveon\n|-activate|p1b: Sylveon|move: Protect\n|\n|-weather|none\n|-end|p2b: Great Tusk|Protosynthesis\n|-heal|p2a: Ting-Lu|46\/100|[from] item: Leftovers\n|upkeep\n|\n|t:|1683902633\n|switch|p1a: Armarouge|Armarouge, L50, M|100\/100\n|turn|8\n|\n|t:|1683902641\n|move|p1a: Armarouge|Wide Guard|p1a: Armarouge\n|-singleturn|p1a: Armarouge|Wide Guard\n|move|p2b: Great Tusk|Earthquake|p1b: Sylveon|[spread] p2a\n|-activate|p1a: Armarouge|move: Wide Guard\n|-activate|p1b: Sylveon|move: Wide Guard\n|-damage|p2a: Ting-Lu|28\/100\n|move|p2a: Ting-Lu|Stomping Tantrum|p1a: Armarouge\n|-supereffective|p1a: Armarouge\n|-damage|p1a: Armarouge|49\/100\n|move|p1b: Sylveon|Hyper Voice|p2b: Great Tusk|[spread] p2a,p2b\n|-supereffective|p2a: Ting-Lu\n|-supereffective|p2b: Great Tusk\n|-damage|p2a: Ting-Lu|0 fnt\n|-damage|p2b: Great Tusk|0 fnt\n|faint|p2a: Ting-Lu\n|faint|p2b: Great Tusk\n|-end|p2b: Great Tusk|Protosynthesis|[silent]\n|\n|win|leaveher\n|raw|leaveher's rating: 1271 → 1301<\/strong> (+30 for winning)\n|raw|yasumura24321's rating: 1338 → 1314<\/strong> (-24 for losing)\n|l|\u203dyasumura24321\n","uploadtime":1683902664,"views":9,"p1id":"leaveher","p2id":"yasumura24321","formatid":"gen9vgc2023regulationc","rating":1301,"private":0,"password":""}