{"id":"gen9vgc2023regulationc-1848274473","p1":"DQNU33","p2":"Kammala","format":"[Gen 9] VGC 2023 Regulation C","log":"|j|\u2606DQNU33\n|j|\u2606Kammala\n|t:|1682051827\n|gametype|doubles\n|player|p1|DQNU33|265|1469\n|player|p2|Kammala|266|1374\n|teamsize|p1|6\n|teamsize|p2|6\n|gen|9\n|tier|[Gen 9] VGC 2023 Regulation C\n|rated|\n|rule|Species Clause: Limit one of each Pok\u00e9mon\n|rule|Item Clause: Limit one of each item\n|clearpoke\n|poke|p1|Dragonite, L50, F|\n|poke|p1|Chien-Pao, L50|\n|poke|p1|Flutter Mane, L50|\n|poke|p1|Ting-Lu, L50|\n|poke|p1|Amoonguss, L50, F|\n|poke|p1|Annihilape, L50, F|\n|poke|p2|Azumarill, L50, M|\n|poke|p2|Amoonguss, L50, F|\n|poke|p2|Tauros-Paldea-Blaze, L50, M|\n|poke|p2|Ting-Lu, L50|\n|poke|p2|Baxcalibur, L50, F|\n|poke|p2|Flutter Mane, L50|\n|teampreview|4\n|inactive|Battle timer is ON: inactive players will automatically lose when time's up. (requested by Kammala)\nKammala has agreed to open team sheets.\n|inactive|DQNU33 has 60 seconds left.\n|inactive|Kammala has 60 seconds left.\n|\n|t:|1682051881\n|start\n|switch|p1a: Flutter Mane|Flutter Mane, L50, shiny|100\/100\n|switch|p1b: Annihilape|Annihilape, L50, F, shiny|100\/100\n|switch|p2a: Ting-Lu|Ting-Lu, L50|100\/100\n|switch|p2b: Azumarill|Azumarill, L50, M|100\/100\n|-ability|p2a: Ting-Lu|Vessel of Ruin\n|-enditem|p1a: Flutter Mane|Booster Energy\n|-activate|p1a: Flutter Mane|ability: Protosynthesis|[fromitem]\n|-start|p1a: Flutter Mane|protosynthesisspe\n|turn|1\n|inactive|Kammala has 30 seconds left.\n|\n|t:|1682051908\n|-terastallize|p2a: Ting-Lu|Poison\n|move|p1a: Flutter Mane|Moonblast|p2b: Azumarill\n|-damage|p2b: Azumarill|74\/100\n|move|p1b: Annihilape|Bulk Up|p1b: Annihilape\n|-boost|p1b: Annihilape|atk|1\n|-boost|p1b: Annihilape|def|1\n|move|p2b: Azumarill|Play Rough|p1b: Annihilape\n|-supereffective|p1b: Annihilape\n|-damage|p1b: Annihilape|28\/100\n|move|p2a: Ting-Lu|Heavy Slam|p1a: Flutter Mane\n|-supereffective|p1a: Flutter Mane\n|-damage|p1a: Flutter Mane|0 fnt\n|faint|p1a: Flutter Mane\n|-end|p1a: Flutter Mane|Protosynthesis|[silent]\n|\n|-heal|p1b: Annihilape|35\/100|[from] item: Leftovers\n|upkeep\n|\n|t:|1682051922\n|switch|p1a: Amoonguss|Amoonguss, L50, F, shiny|100\/100\n|turn|2\n|\n|t:|1682051942\n|move|p1b: Annihilape|Protect|p1b: Annihilape\n|-singleturn|p1b: Annihilape|Protect\n|move|p2b: Azumarill|Aqua Jet|p1b: Annihilape\n|-activate|p1b: Annihilape|move: Protect\n|move|p2a: Ting-Lu|Stealth Rock|p1b: Annihilape\n|-sidestart|p1: DQNU33|move: Stealth Rock\n|move|p1a: Amoonguss|Spore|p2a: Ting-Lu\n|-status|p2a: Ting-Lu|slp|[from] move: Spore\n|\n|-heal|p1b: Annihilape|41\/100|[from] item: Leftovers\n|upkeep\n|turn|3\n|\n|t:|1682051959\n|move|p1a: Amoonguss|Rage Powder|p1a: Amoonguss\n|-singleturn|p1a: Amoonguss|move: Rage Powder\n|move|p1b: Annihilape|Rage Fist|p2b: Azumarill\n|-damage|p2b: Azumarill|7\/100\n|move|p2b: Azumarill|Play Rough|p1a: Amoonguss\n|-resisted|p1a: Amoonguss\n|-damage|p1a: Amoonguss|81\/100\n|-unboost|p1a: Amoonguss|atk|1\n|cant|p2a: Ting-Lu|slp\n|\n|-heal|p1b: Annihilape|47\/100|[from] item: Leftovers\n|upkeep\n|turn|4\n|\n|t:|1682051982\n|move|p1b: Annihilape|Rage Fist|p2b: Azumarill\n|-damage|p2b: Azumarill|0 fnt\n|faint|p2b: Azumarill\n|cant|p2a: Ting-Lu|slp\n|move|p1a: Amoonguss|Pollen Puff|p1b: Annihilape\n|-heal|p1b: Annihilape|97\/100\n|\n|-heal|p1b: Annihilape|100\/100|[from] item: Leftovers\n|upkeep\n|\n|t:|1682051992\n|switch|p2b: Tauros|Tauros-Paldea-Blaze, L50, M|100\/100\n|-ability|p2b: Tauros|Intimidate|boost\n|-unboost|p1a: Amoonguss|atk|1\n|-unboost|p1b: Annihilape|atk|1\n|turn|5\n|inactive|DQNU33 has 30 seconds left.\n|\n|t:|1682052026\n|-terastallize|p1b: Annihilape|Fire\n|move|p2b: Tauros|Flare Blitz|p1a: Amoonguss\n|-supereffective|p1a: Amoonguss\n|-damage|p1a: Amoonguss|12\/100\n|-enditem|p1a: Amoonguss|Sitrus Berry|[eat]\n|-heal|p1a: Amoonguss|37\/100|[from] item: Sitrus Berry\n|-damage|p2b: Tauros|73\/100|[from] Recoil\n|move|p1b: Annihilape|Rage Fist|p2a: Ting-Lu\n|-damage|p2a: Ting-Lu|75\/100 slp\n|cant|p2a: Ting-Lu|slp\n|move|p1a: Amoonguss|Bullet Seed|p1b: Annihilape\n|-resisted|p1b: Annihilape\n|-damage|p1b: Annihilape|99\/100\n|-resisted|p1b: Annihilape\n|-damage|p1b: Annihilape|98\/100\n|-resisted|p1b: Annihilape\n|-damage|p1b: Annihilape|96\/100\n|-hitcount|p1b: Annihilape|3\n|\n|-heal|p1b: Annihilape|100\/100|[from] item: Leftovers\n|-heal|p2a: Ting-Lu|82\/100 slp|[from] item: Leftovers\n|upkeep\n|turn|6\n|inactive|DQNU33 has 30 seconds left.\n|inactive|Kammala has 30 seconds left.\n|\n|t:|1682052058\n|move|p2b: Tauros|Flare Blitz|p1a: Amoonguss\n|-supereffective|p1a: Amoonguss\n|-damage|p1a: Amoonguss|0 fnt\n|faint|p1a: Amoonguss\n|-damage|p2b: Tauros|58\/100|[from] Recoil\n|move|p1b: Annihilape|Rage Fist|p2a: Ting-Lu\n|-damage|p2a: Ting-Lu|10\/100 slp\n|-curestatus|p2a: Ting-Lu|slp|[msg]\n|move|p2a: Ting-Lu|Ruination|p1b: Annihilape\n|-damage|p1b: Annihilape|50\/100\n|\n|-heal|p1b: Annihilape|57\/100|[from] item: Leftovers\n|-heal|p2a: Ting-Lu|16\/100|[from] item: Leftovers\n|upkeep\n|\n|t:|1682052071\n|switch|p1a: Chien-Pao|Chien-Pao, L50|100\/100\n|-damage|p1a: Chien-Pao|76\/100|[from] Stealth Rock\n|-ability|p1a: Chien-Pao|Sword of Ruin\n|turn|7\n|\n|t:|1682052087\n|move|p1a: Chien-Pao|Protect|p1a: Chien-Pao\n|-singleturn|p1a: Chien-Pao|Protect\n|move|p2b: Tauros|Flare Blitz|p1a: Chien-Pao\n|-activate|p1a: Chien-Pao|move: Protect\n|move|p1b: Annihilape|Rage Fist|p2a: Ting-Lu\n|-damage|p2a: Ting-Lu|0 fnt\n|faint|p2a: Ting-Lu\n|\n|-heal|p1b: Annihilape|63\/100|[from] item: Leftovers\n|upkeep\n|\n|t:|1682052094\n|switch|p2a: Flutter Mane|Flutter Mane, L50|100\/100\n|-enditem|p2a: Flutter Mane|Booster Energy\n|-activate|p2a: Flutter Mane|ability: Protosynthesis|[fromitem]\n|-start|p2a: Flutter Mane|protosynthesisspa\n|turn|8\n|\n|t:|1682052111\n|move|p1a: Chien-Pao|Sacred Sword|p2b: Tauros\n|-damage|p2b: Tauros|21\/100\n|move|p2a: Flutter Mane|Dazzling Gleam|p1b: Annihilape|[spread] p1a,p1b\n|-supereffective|p1a: Chien-Pao\n|-resisted|p1b: Annihilape\n|-damage|p1a: Chien-Pao|0 fnt\n|-damage|p1b: Annihilape|46\/100\n|faint|p1a: Chien-Pao\n|move|p2b: Tauros|Close Combat|p1b: Annihilape\n|-damage|p1b: Annihilape|14\/100\n|-unboost|p2b: Tauros|def|1\n|-unboost|p2b: Tauros|spd|1\n|move|p1b: Annihilape|Rage Fist|p2a: Flutter Mane\n|-supereffective|p2a: Flutter Mane\n|-damage|p2a: Flutter Mane|0 fnt\n|faint|p2a: Flutter Mane\n|-end|p2a: Flutter Mane|Protosynthesis|[silent]\n|\n|-heal|p1b: Annihilape|20\/100|[from] item: Leftovers\n|upkeep\n|turn|9\n|\n|t:|1682052127\n|move|p1b: Annihilape|Protect|p1b: Annihilape\n|-singleturn|p1b: Annihilape|Protect\n|move|p2b: Tauros|Close Combat|p1b: Annihilape\n|-activate|p1b: Annihilape|move: Protect\n|\n|-heal|p1b: Annihilape|26\/100|[from] item: Leftovers\n|upkeep\n|turn|10\n|\n|t:|1682052135\n|move|p2b: Tauros|Close Combat|p1b: Annihilape\n|-damage|p1b: Annihilape|0 fnt\n|-unboost|p2b: Tauros|def|1\n|-unboost|p2b: Tauros|spd|1\n|faint|p1b: Annihilape\n|\n|win|Kammala\n|raw|DQNU33's rating: 1469 → 1444<\/strong> (-25 for losing)\n|raw|Kammala's rating: 1374 → 1399<\/strong> (+25 for winning)\n|l|\u2606DQNU33\n","uploadtime":1682052148,"views":19,"p1id":"dqnu33","p2id":"kammala","formatid":"gen9vgc2023regulationc","rating":1399,"private":0,"password":""}