{"id":"gen9vgc2023regulationc-1862622934","p1":"Nehzzy","p2":"AtticusTest","format":"[Gen 9] VGC 2023 Regulation C","log":"|j|\u2606Nehzzy\n|j|\u2606AtticusTest\n|t:|1683906489\n|gametype|doubles\n|player|p1|Nehzzy|1|1304\n|player|p2|AtticusTest|170|1364\n|teamsize|p1|6\n|teamsize|p2|6\n|gen|9\n|tier|[Gen 9] VGC 2023 Regulation C\n|rated|\n|rule|Species Clause: Limit one of each Pok\u00e9mon\n|rule|Item Clause: Limit one of each item\n|clearpoke\n|poke|p1|Amoonguss, L50, F|\n|poke|p1|Gyarados, L50, F|\n|poke|p1|Murkrow, L50, M|\n|poke|p1|Great Tusk, L50|\n|poke|p1|Flutter Mane, L50|\n|poke|p1|Gholdengo, L50|\n|poke|p2|Chi-Yu, L50|\n|poke|p2|Dachsbun, L50, F|\n|poke|p2|Dragonite, L50, M|\n|poke|p2|Flutter Mane, L50|\n|poke|p2|Azumarill, L50, F|\n|poke|p2|Chien-Pao, L50|\n|teampreview|4\nNehzzy has agreed to open team sheets.\n|inactive|Battle timer is ON: inactive players will automatically lose when time's up. (requested by AtticusTest)\n|\n|t:|1683906536\n|start\n|switch|p1a: Gholdengo|Gholdengo, L50|100\/100\n|switch|p1b: Flutter Mane|Flutter Mane, L50|100\/100\n|switch|p2a: Chi-Yu|Chi-Yu, L50|100\/100\n|switch|p2b: Dachsbun|Dachsbun, L50, F|100\/100\n|-ability|p2a: Chi-Yu|Beads of Ruin\n|turn|1\n|\n|t:|1683906558\n|-terastallize|p2a: Chi-Yu|Water\n|-terastallize|p1a: Gholdengo|Water\n|move|p1b: Flutter Mane|Dazzling Gleam|p2a: Chi-Yu|[spread] p2a,p2b\n|-damage|p2a: Chi-Yu|48\/100\n|-damage|p2b: Dachsbun|44\/100\n|move|p2a: Chi-Yu|Lava Plume|p1a: Gholdengo|[spread] p1a,p1b\n|-ability|p2b: Dachsbun|Well-Baked Body|boost\n|-boost|p2b: Dachsbun|def|2\n|-resisted|p1a: Gholdengo\n|-damage|p1a: Gholdengo|72\/100\n|-damage|p1b: Flutter Mane|52\/100\n|-status|p1a: Gholdengo|brn\n|-damage|p2a: Chi-Yu|38\/100|[from] item: Life Orb\n|move|p2b: Dachsbun|Play Rough|p1b: Flutter Mane\n|-damage|p1b: Flutter Mane|14\/100\n|move|p1a: Gholdengo|Make It Rain|p2b: Dachsbun|[spread] p2a,p2b\n|-resisted|p2a: Chi-Yu\n|-supereffective|p2b: Dachsbun\n|-damage|p2a: Chi-Yu|6\/100\n|-damage|p2b: Dachsbun|0 fnt\n|-unboost|p1a: Gholdengo|spa|1\n|faint|p2b: Dachsbun\n|\n|-heal|p1a: Gholdengo|78\/100 brn|[from] item: Leftovers\n|-damage|p1a: Gholdengo|72\/100 brn|[from] brn\n|upkeep\n|\n|t:|1683906577\n|switch|p2b: Flutter Mane|Flutter Mane, L50|100\/100\n|-enditem|p2b: Flutter Mane|Booster Energy\n|-activate|p2b: Flutter Mane|ability: Protosynthesis|[fromitem]\n|-start|p2b: Flutter Mane|protosynthesisspe\n|turn|2\n|\n|t:|1683906592\n|move|p2b: Flutter Mane|Protect|p2b: Flutter Mane\n|-singleturn|p2b: Flutter Mane|Protect\n|move|p1b: Flutter Mane|Dazzling Gleam|p2b: Flutter Mane|[spread] p2a\n|-activate|p2b: Flutter Mane|move: Protect\n|-crit|p2a: Chi-Yu\n|-damage|p2a: Chi-Yu|0 fnt\n|faint|p2a: Chi-Yu\n|move|p1a: Gholdengo|Make It Rain|p2b: Flutter Mane\n|-activate|p2b: Flutter Mane|move: Protect\n|\n|-heal|p1a: Gholdengo|78\/100 brn|[from] item: Leftovers\n|-damage|p1a: Gholdengo|72\/100 brn|[from] brn\n|upkeep\n|\n|t:|1683906601\n|switch|p2a: Azumarill|Azumarill, L50, F|100\/100\n|turn|3\n|\n|t:|1683906623\n|move|p2a: Azumarill|Aqua Jet|p1a: Gholdengo\n|-resisted|p1a: Gholdengo\n|-damage|p1a: Gholdengo|59\/100 brn\n|move|p2b: Flutter Mane|Dazzling Gleam|p1b: Flutter Mane|[spread] p1a,p1b\n|-damage|p1a: Gholdengo|29\/100 brn\n|-damage|p1b: Flutter Mane|0 fnt\n|faint|p1b: Flutter Mane\n|-end|p1b: Flutter Mane|Protosynthesis|[silent]\n|move|p1a: Gholdengo|Make It Rain|p2b: Flutter Mane|[spread] p2a,p2b\n|-supereffective|p2b: Flutter Mane\n|-damage|p2a: Azumarill|64\/100\n|-damage|p2b: Flutter Mane|37\/100\n|-unboost|p1a: Gholdengo|spa|1\n|\n|-heal|p1a: Gholdengo|35\/100 brn|[from] item: Leftovers\n|-damage|p1a: Gholdengo|29\/100 brn|[from] brn\n|upkeep\n|\n|t:|1683906635\n|switch|p1b: Murkrow|Murkrow, L50, M|100\/100\n|turn|4\n|\n|t:|1683906651\n|move|p1b: Murkrow|Tailwind|p1b: Murkrow\n|-sidestart|p1: Nehzzy|move: Tailwind\n|move|p2b: Flutter Mane|Shadow Ball|p1a: Gholdengo\n|-damage|p1a: Gholdengo|0 fnt\n|faint|p1a: Gholdengo\n|move|p2a: Azumarill|Liquidation|p1b: Murkrow\n|-damage|p1b: Murkrow|34\/100\n|-unboost|p1b: Murkrow|def|1\n|\n|upkeep\n|\n|t:|1683906659\n|switch|p1a: Great Tusk|Great Tusk, L50|100\/100\n|turn|5\n|\n|t:|1683906667\n|move|p2b: Flutter Mane|Protect|p2b: Flutter Mane\n|-singleturn|p2b: Flutter Mane|Protect\n|move|p2a: Azumarill|Protect|p2a: Azumarill\n|-singleturn|p2a: Azumarill|Protect\n|move|p1b: Murkrow|Sunny Day|p1b: Murkrow\n|-weather|SunnyDay\n|-activate|p1a: Great Tusk|ability: Protosynthesis\n|-start|p1a: Great Tusk|protosynthesisatk\n|move|p1a: Great Tusk|Earthquake|p2a: Azumarill|[spread] \n|-activate|p2a: Azumarill|move: Protect\n|-activate|p2b: Flutter Mane|move: Protect\n|-immune|p1b: Murkrow\n|\n|-weather|SunnyDay|[upkeep]\n|upkeep\n|turn|6\n|\n|t:|1683906686\n|move|p2a: Azumarill|Aqua Jet|p1a: Great Tusk\n|-supereffective|p1a: Great Tusk\n|-damage|p1a: Great Tusk|82\/100\n|move|p1a: Great Tusk|Earthquake|p2a: Azumarill|[spread] p2a,p2b\n|-immune|p1b: Murkrow\n|-damage|p2a: Azumarill|8\/100\n|-damage|p2b: Flutter Mane|0 fnt\n|faint|p2b: Flutter Mane\n|-end|p2b: Flutter Mane|Protosynthesis|[silent]\n|move|p1b: Murkrow|Foul Play|p2a: Azumarill\n|-resisted|p2a: Azumarill\n|-damage|p2a: Azumarill|0 fnt\n|faint|p2a: Azumarill\n|\n|win|Nehzzy\n|raw|Nehzzy's rating: 1304 → 1327<\/strong> (+23 for winning)\n|raw|AtticusTest's rating: 1364 → 1341<\/strong> (-23 for losing)\n|l|\u2606AtticusTest\n|c|\u2606Nehzzy|gg\n","uploadtime":1683906701,"views":12,"p1id":"nehzzy","p2id":"atticustest","formatid":"gen9vgc2023regulationc","rating":1327,"private":0,"password":""}