{"id":"gen9vgc2023regulationc-1855118184","p1":"Caleiva","p2":"JDN07","format":"[Gen 9] VGC 2023 Regulation C","log":"|j|\u2606Caleiva\n|j|\u2606JDN07\n|t:|1682903480\n|gametype|doubles\n|player|p1|Caleiva|2|\n|player|p2|JDN07|169|\n|teamsize|p1|6\n|teamsize|p2|6\n|gen|9\n|tier|[Gen 9] VGC 2023 Regulation C\n|rule|Species Clause: Limit one of each Pok\u00e9mon\n|rule|Item Clause: Limit one of each item\n|clearpoke\n|poke|p1|Glimmora, L50, F|\n|poke|p1|Flutter Mane, L50|\n|poke|p1|Volcarona, L50, F|\n|poke|p1|Wo-Chien, L50|\n|poke|p1|Gyarados, L50, M|\n|poke|p1|Palafin, L50, M|\n|poke|p2|Ting-Lu, L50|\n|poke|p2|Annihilape, L50, M|\n|poke|p2|Azumarill, L50, M|\n|poke|p2|Amoonguss, L50, M|\n|poke|p2|Arcanine, L50, M|\n|poke|p2|Gothitelle, L50, F|\n|teampreview|4\n|c|\u2606JDN07|G2\nJDN07 has agreed to open team sheets.\nCaleiva has agreed to open team sheets.\n|inactive|Battle timer is ON: inactive players will automatically lose when time's up. (requested by JDN07)\n|c|\u2606JDN07|Suerte perrito\n|c|\u2606Caleiva|igual brother\n|inactive|Caleiva has 60 seconds left.\n|\n|t:|1682904073\n|start\n|switch|p1a: Volcarona|Volcarona, L50, F|100\/100\n|switch|p1b: Palafin|Palafin, L50, M|100\/100\n|switch|p2a: Mi Ex|Gothitelle, L50, F|100\/100\n|switch|p2b: Bolin|Azumarill, L50, M|100\/100\n|turn|1\n|inactive|Caleiva has 30 seconds left.\n|\n|t:|1682904105\n|move|p1a: Volcarona|Protect|p1a: Volcarona\n|-singleturn|p1a: Volcarona|Protect\n|move|p2a: Mi Ex|Fake Out|p1a: Volcarona\n|-activate|p1a: Volcarona|move: Protect\n|move|p1b: Palafin|Wave Crash|p2a: Mi Ex\n|-damage|p2a: Mi Ex|51\/100\n|-damage|p1b: Palafin|86\/100|[from] Recoil\n|move|p2b: Bolin|Perish Song|p2b: Bolin\n|-start|p1a: Volcarona|perish3|[silent]\n|-start|p1b: Palafin|perish3|[silent]\n|-start|p2a: Mi Ex|perish3|[silent]\n|-start|p2b: Bolin|perish3|[silent]\n|-fieldactivate|move: Perish Song\n|\n|-start|p1a: Volcarona|perish3\n|-start|p1b: Palafin|perish3\n|-start|p2a: Mi Ex|perish3\n|-start|p2b: Bolin|perish3\n|upkeep\n|turn|2\n|\n|t:|1682904129\n|-terastallize|p1a: Volcarona|Grass\n|move|p2a: Mi Ex|Protect|p2a: Mi Ex\n|-singleturn|p2a: Mi Ex|Protect\n|move|p1a: Volcarona|Quiver Dance|p1a: Volcarona\n|-boost|p1a: Volcarona|spa|1\n|-boost|p1a: Volcarona|spd|1\n|-boost|p1a: Volcarona|spe|1\n|move|p1b: Palafin|Wave Crash|p2a: Mi Ex\n|-activate|p2a: Mi Ex|move: Protect\n|move|p2b: Bolin|Play Rough|p1b: Palafin\n|-damage|p1b: Palafin|29\/100\n|\n|-start|p1a: Volcarona|perish2\n|-start|p1b: Palafin|perish2\n|-start|p2a: Mi Ex|perish2\n|-start|p2b: Bolin|perish2\n|upkeep\n|turn|3\n|inactive|JDN07 has 30 seconds left.\n|inactive|Caleiva has 30 seconds left.\n|\n|t:|1682904164\n|switch|p2a: Elliot|Ting-Lu, L50|100\/100\n|-ability|p2a: Elliot|Vessel of Ruin\n|move|p2b: Bolin|Protect|p2b: Bolin\n|-singleturn|p2b: Bolin|Protect\n|move|p1b: Palafin|Jet Punch|p2a: Elliot\n|-supereffective|p2a: Elliot\n|-damage|p2a: Elliot|70\/100\n|move|p1a: Volcarona|Heat Wave|p2a: Elliot|[spread] p2a\n|-activate|p2b: Bolin|move: Protect\n|-damage|p2a: Elliot|51\/100\n|\n|-start|p1a: Volcarona|perish1\n|-start|p1b: Palafin|perish1\n|-start|p2b: Bolin|perish1\n|upkeep\n|turn|4\n|\n|t:|1682904187\n|switch|p1a: Gyarados|Gyarados, L50, M|100\/100\n|-ability|p1a: Gyarados|Intimidate|boost\n|-unboost|p2a: Elliot|atk|1\n|-unboost|p2b: Bolin|atk|1\n|detailschange|p1b: Palafin|Palafin-Hero, L50, M\n|switch|p1b: Wo-Chien|Wo-Chien, L50|100\/100\n|-ability|p1b: Wo-Chien|Tablets of Ruin\n|switch|p2b: Zoboomafoo|Annihilape, L50, M, shiny|100\/100\n|move|p2a: Elliot|Fissure|p1a: Gyarados\n|-immune|p1a: Gyarados\n|\n|upkeep\n|turn|5\n|inactive|Caleiva has 30 seconds left.\n|\n|t:|1682904215\n|move|p2b: Zoboomafoo|Protect|p2b: Zoboomafoo\n|-singleturn|p2b: Zoboomafoo|Protect\n|move|p1a: Gyarados|Taunt|p2b: Zoboomafoo\n|-activate|p2b: Zoboomafoo|move: Protect\n|move|p1b: Wo-Chien|Leech Seed|p2b: Zoboomafoo\n|-activate|p2b: Zoboomafoo|move: Protect\n|move|p2a: Elliot|Fissure|p1b: Wo-Chien|[miss]\n|-miss|p2a: Elliot|p1b: Wo-Chien\n|\n|upkeep\n|turn|6\n|\n|t:|1682904240\n|switch|p2b: Bolin|Azumarill, L50, M|100\/100\n|move|p1a: Gyarados|Thunder Wave|p2b: Bolin\n|-status|p2b: Bolin|par\n|move|p1b: Wo-Chien|Leech Seed|p2b: Bolin\n|-start|p2b: Bolin|move: Leech Seed\n|move|p2a: Elliot|Fissure|p1b: Wo-Chien|[miss]\n|-miss|p2a: Elliot|p1b: Wo-Chien\n|\n|-damage|p2b: Bolin|88\/100 par|[from] Leech Seed|[of] p1b: Wo-Chien\n|upkeep\n|turn|7\n|\n|t:|1682904255\n|move|p2b: Bolin|Protect|p2b: Bolin\n|-singleturn|p2b: Bolin|Protect\n|move|p1a: Gyarados|Taunt|p2b: Bolin\n|-activate|p2b: Bolin|move: Protect\n|move|p1b: Wo-Chien|Leech Seed|p2a: Elliot\n|-start|p2a: Elliot|move: Leech Seed\n|move|p2a: Elliot|Fissure|p1b: Wo-Chien|[miss]\n|-miss|p2a: Elliot|p1b: Wo-Chien\n|\n|-damage|p2a: Elliot|39\/100|[from] Leech Seed|[of] p1b: Wo-Chien\n|-damage|p2b: Bolin|76\/100 par|[from] Leech Seed|[of] p1b: Wo-Chien\n|upkeep\n|turn|8\n|\n|t:|1682904271\n|switch|p2a: Zoboomafoo|Annihilape, L50, M, shiny|100\/100\n|move|p1a: Gyarados|Waterfall|p2a: Zoboomafoo\n|-damage|p2a: Zoboomafoo|75\/100\n|move|p1b: Wo-Chien|Giga Drain|p2a: Zoboomafoo\n|-damage|p2a: Zoboomafoo|55\/100\n|move|p2b: Bolin|Play Rough|p1b: Wo-Chien\n|-supereffective|p1b: Wo-Chien\n|-damage|p1b: Wo-Chien|35\/100\n|\n|-heal|p2a: Zoboomafoo|62\/100|[from] item: Leftovers\n|-heal|p1b: Wo-Chien|41\/100|[from] item: Leftovers\n|-damage|p2b: Bolin|64\/100 par|[from] Leech Seed|[of] p1b: Wo-Chien\n|-heal|p1b: Wo-Chien|54\/100|[silent]\n|upkeep\n|turn|9\n|\n|t:|1682904290\n|switch|p2b: Elliot|Ting-Lu, L50|39\/100\n|-ability|p2b: Elliot|Vessel of Ruin\n|move|p2a: Zoboomafoo|Bulk Up|p2a: Zoboomafoo\n|-boost|p2a: Zoboomafoo|atk|1\n|-boost|p2a: Zoboomafoo|def|1\n|move|p1a: Gyarados|Thunder Wave|p2a: Zoboomafoo|[miss]\n|-miss|p1a: Gyarados|p2a: Zoboomafoo\n|move|p1b: Wo-Chien|Leech Seed|p2a: Zoboomafoo\n|-start|p2a: Zoboomafoo|move: Leech Seed\n|\n|-heal|p2a: Zoboomafoo|68\/100|[from] item: Leftovers\n|-heal|p1b: Wo-Chien|60\/100|[from] item: Leftovers\n|-damage|p2a: Zoboomafoo|55\/100|[from] Leech Seed|[of] p1b: Wo-Chien\n|-heal|p1b: Wo-Chien|74\/100|[silent]\n|upkeep\n|turn|10\n|\n|t:|1682904309\n|move|p2a: Zoboomafoo|Rage Fist|p1a: Gyarados\n|-damage|p1a: Gyarados|28\/100\n|move|p1a: Gyarados|Thunder Wave|p2a: Zoboomafoo\n|-status|p2a: Zoboomafoo|par\n|move|p1b: Wo-Chien|Leech Seed|p2b: Elliot\n|-start|p2b: Elliot|move: Leech Seed\n|move|p2b: Elliot|Fissure|p1b: Wo-Chien|[miss]\n|-miss|p2b: Elliot|p1b: Wo-Chien\n|\n|-heal|p1b: Wo-Chien|80\/100|[from] item: Leftovers\n|-heal|p2a: Zoboomafoo|62\/100 par|[from] item: Leftovers\n|-damage|p2b: Elliot|27\/100|[from] Leech Seed|[of] p1b: Wo-Chien\n|-heal|p1b: Wo-Chien|96\/100|[silent]\n|-damage|p2a: Zoboomafoo|49\/100 par|[from] Leech Seed|[of] p1b: Wo-Chien\n|-heal|p1b: Wo-Chien|100\/100|[silent]\n|upkeep\n|turn|11\n|inactive|Caleiva has 30 seconds left.\n|\n|t:|1682904337\n|move|p1b: Wo-Chien|Protect|p1b: Wo-Chien\n|-singleturn|p1b: Wo-Chien|Protect\n|move|p1a: Gyarados|Taunt|p2a: Zoboomafoo\n|-start|p2a: Zoboomafoo|move: Taunt\n|move|p2b: Elliot|Heavy Slam|p1a: Gyarados\n|-resisted|p1a: Gyarados\n|-damage|p1a: Gyarados|22\/100\n|move|p2a: Zoboomafoo|Drain Punch|p1b: Wo-Chien\n|-activate|p1b: Wo-Chien|move: Protect\n|\n|-heal|p2a: Zoboomafoo|55\/100 par|[from] item: Leftovers\n|-damage|p2b: Elliot|15\/100|[from] Leech Seed|[of] p1b: Wo-Chien\n|-damage|p2a: Zoboomafoo|43\/100 par|[from] Leech Seed|[of] p1b: Wo-Chien\n|upkeep\n|turn|12\n|\n|t:|1682904355\n|switch|p2b: Bolin|Azumarill, L50, M|64\/100 par\n|move|p1a: Gyarados|Waterfall|p2b: Bolin\n|-resisted|p2b: Bolin\n|-crit|p2b: Bolin\n|-damage|p2b: Bolin|46\/100 par\n|move|p1b: Wo-Chien|Pollen Puff|p1a: Gyarados\n|-heal|p1a: Gyarados|72\/100\n|move|p2a: Zoboomafoo|Drain Punch|p1b: Wo-Chien\n|-supereffective|p1b: Wo-Chien\n|-damage|p1b: Wo-Chien|35\/100\n|-heal|p2a: Zoboomafoo|73\/100 par|[from] drain|[of] p1b: Wo-Chien\n|\n|-heal|p1b: Wo-Chien|41\/100|[from] item: Leftovers\n|-heal|p2a: Zoboomafoo|79\/100 par|[from] item: Leftovers\n|-damage|p2a: Zoboomafoo|67\/100 par|[from] Leech Seed|[of] p1b: Wo-Chien\n|-heal|p1b: Wo-Chien|55\/100|[silent]\n|upkeep\n|turn|13\n|inactive|Caleiva has 30 seconds left.\n|\n|t:|1682904383\n|move|p1a: Gyarados|Protect|p1a: Gyarados\n|-singleturn|p1a: Gyarados|Protect\n|move|p1b: Wo-Chien|Giga Drain|p2b: Bolin\n|-supereffective|p2b: Bolin\n|-damage|p2b: Bolin|0 fnt\n|-heal|p1b: Wo-Chien|79\/100|[from] drain|[of] p2b: Bolin\n|faint|p2b: Bolin\n|cant|p2a: Zoboomafoo|par\n|\n|-heal|p1b: Wo-Chien|85\/100|[from] item: Leftovers\n|-heal|p2a: Zoboomafoo|73\/100 par|[from] item: Leftovers\n|-damage|p2a: Zoboomafoo|61\/100 par|[from] Leech Seed|[of] p1b: Wo-Chien\n|-heal|p1b: Wo-Chien|99\/100|[silent]\n|-end|p2a: Zoboomafoo|move: Taunt\n|upkeep\n|-message|JDN07 forfeited.\n|\n|win|Caleiva\n","uploadtime":1682904400,"views":23,"p1id":"caleiva","p2id":"jdn07","formatid":"gen9vgc2023regulationc","rating":0,"private":0,"password":""}