{"id":"gen9vgc2023regulationc-1858473088","p1":"Shit Tier Pro","p2":"taterstotz","format":"[Gen 9] VGC 2023 Regulation C","log":"|j|\u2606Shit Tier Pro\n|j|\u2606taterstotz\n|t:|1683315719\n|gametype|doubles\n|player|p1|Shit Tier Pro|1|1161\n|player|p2|taterstotz|2|1181\n|teamsize|p1|6\n|teamsize|p2|6\n|gen|9\n|tier|[Gen 9] VGC 2023 Regulation C\n|rated|\n|rule|Species Clause: Limit one of each Pok\u00e9mon\n|rule|Item Clause: Limit one of each item\n|clearpoke\n|poke|p1|Palafin, L50, M|\n|poke|p1|Tauros-Paldea-Blaze, L50, M|\n|poke|p1|Salamence, L50, F|\n|poke|p1|Grimmsnarl, L50, M|\n|poke|p1|Garganacl, L50, F|\n|poke|p1|Chien-Pao, L50|\n|poke|p2|Grafaiai, L50, M|\n|poke|p2|Maushold, L50|\n|poke|p2|Annihilape, L50, M|\n|poke|p2|Ting-Lu, L50|\n|poke|p2|Chien-Pao, L50|\n|poke|p2|Gyarados, L50, M|\n|teampreview|4\ntaterstotz has agreed to open team sheets.\n|inactive|Battle timer is ON: inactive players will automatically lose when time's up. (requested by taterstotz)\nShit Tier Pro rejected open team sheets.\n|inactive|Shit Tier Pro has 60 seconds left.\n|inactive|Shit Tier Pro has 30 seconds left.\n|inactive|Shit Tier Pro has 20 seconds left.\n|\n|t:|1683315823\n|start\n|switch|p1a: Grimmsnarl|Grimmsnarl, L50, M, shiny|100\/100\n|switch|p1b: Tauros|Tauros-Paldea-Blaze, L50, M|100\/100\n|switch|p2a: Grafaiai|Grafaiai, L50, M|100\/100\n|switch|p2b: Annihilape|Annihilape, L50, M|100\/100\n|-ability|p1b: Tauros|Intimidate|boost\n|-unboost|p2a: Grafaiai|atk|1\n|-unboost|p2b: Annihilape|atk|1\n|-ability|p2b: Annihilape|Defiant|boost\n|-boost|p2b: Annihilape|atk|2\n|turn|1\n|\n|t:|1683315841\n|move|p2b: Annihilape|Protect|p2b: Annihilape\n|-singleturn|p2b: Annihilape|Protect\n|move|p1a: Grimmsnarl|Fake Out|p2a: Grafaiai\n|-damage|p2a: Grafaiai|85\/100\n|move|p2a: Grafaiai|Parting Shot|p1b: Tauros\n|-unboost|p1b: Tauros|atk|1\n|-unboost|p1b: Tauros|spa|1\n|\n|t:|1683315847\n|switch|p2a: Maushold|Maushold, L50|100\/100|[from] Parting Shot\n|move|p1b: Tauros|Bulk Up|p1b: Tauros\n|-boost|p1b: Tauros|atk|1\n|-boost|p1b: Tauros|def|1\n|\n|upkeep\n|turn|2\n|\n|t:|1683315857\n|move|p1a: Grimmsnarl|Taunt|p2b: Annihilape\n|-start|p2b: Annihilape|move: Taunt\n|move|p2a: Maushold|Beat Up|p2b: Annihilape\n|-damage|p2b: Annihilape|98\/100\n|-damage|p2b: Annihilape|96\/100\n|-damage|p2b: Annihilape|94\/100\n|-damage|p2b: Annihilape|92\/100\n|-hitcount|p2b: Annihilape|4\n|move|p1b: Tauros|Will-O-Wisp|p2b: Annihilape\n|-status|p2b: Annihilape|brn\n|move|p2b: Annihilape|Rage Fist|p1b: Tauros\n|-damage|p1b: Tauros|32\/100\n|\n|-heal|p2b: Annihilape|98\/100 brn|[from] item: Leftovers\n|-damage|p2b: Annihilape|92\/100 brn|[from] brn\n|upkeep\n|turn|3\n|\n|t:|1683315882\n|switch|p1b: Garganacl|Garganacl, L50, F|100\/100\n|move|p1a: Grimmsnarl|Taunt|p2a: Maushold\n|-start|p2a: Maushold|move: Taunt\n|move|p2a: Maushold|Beat Up|p2b: Annihilape\n|-damage|p2b: Annihilape|90\/100 brn\n|-damage|p2b: Annihilape|88\/100 brn\n|-damage|p2b: Annihilape|86\/100 brn\n|-hitcount|p2b: Annihilape|3\n|move|p2b: Annihilape|Rage Fist|p1b: Garganacl\n|-damage|p1b: Garganacl|59\/100\n|\n|-heal|p2b: Annihilape|92\/100 brn|[from] item: Leftovers\n|-damage|p2b: Annihilape|86\/100 brn|[from] brn\n|upkeep\n|turn|4\n|inactive|Shit Tier Pro has 30 seconds left.\n|\n|t:|1683315912\n|switch|p2a: Grafaiai|Grafaiai, L50, M|85\/100\n|-terastallize|p1b: Garganacl|Grass\n|move|p2b: Annihilape|Rage Fist|p1a: Grimmsnarl\n|-resisted|p1a: Grimmsnarl\n|-damage|p1a: Grimmsnarl|26\/100\n|move|p1a: Grimmsnarl|Spirit Break|p2a: Grafaiai\n|-resisted|p2a: Grafaiai\n|-damage|p2a: Grafaiai|65\/100\n|move|p1b: Garganacl|Recover|p1b: Garganacl\n|-heal|p1b: Garganacl|100\/100\n|\n|-heal|p2b: Annihilape|92\/100 brn|[from] item: Leftovers\n|-damage|p2b: Annihilape|86\/100 brn|[from] brn\n|-end|p2b: Annihilape|move: Taunt\n|upkeep\n|turn|5\n|inactive|Shit Tier Pro has 30 seconds left.\n|\n|t:|1683315944\n|move|p2a: Grafaiai|Encore|p1b: Garganacl\n|-start|p1b: Garganacl|Encore\n|move|p2b: Annihilape|Rage Fist|p1a: Grimmsnarl\n|-resisted|p1a: Grimmsnarl\n|-damage|p1a: Grimmsnarl|0 fnt\n|faint|p1a: Grimmsnarl\n|move|p1b: Garganacl|Recover||[still]\n|-fail|p1b: Garganacl|heal\n|\n|-heal|p2b: Annihilape|92\/100 brn|[from] item: Leftovers\n|-damage|p2b: Annihilape|86\/100 brn|[from] brn\n|upkeep\n|\n|t:|1683315948\n|switch|p1a: Chien-Pao|Chien-Pao, L50|100\/100\n|-ability|p1a: Chien-Pao|Sword of Ruin\n|turn|6\n|\n|t:|1683315957\n|switch|p1b: Tauros|Tauros-Paldea-Blaze, L50, M|32\/100\n|-ability|p1b: Tauros|Intimidate|boost\n|-unboost|p2a: Grafaiai|atk|1\n|-unboost|p2b: Annihilape|atk|1\n|-ability|p2b: Annihilape|Defiant|boost\n|-boost|p2b: Annihilape|atk|2\n|move|p2a: Grafaiai|Taunt|p1b: Tauros\n|-start|p1b: Tauros|move: Taunt\n|move|p1a: Chien-Pao|Crunch|p2b: Annihilape\n|-crit|p2b: Annihilape\n|-damage|p2b: Annihilape|4\/100 brn\n|move|p2b: Annihilape|Bulk Up|p2b: Annihilape\n|-boost|p2b: Annihilape|atk|1\n|-boost|p2b: Annihilape|def|1\n|\n|-heal|p2b: Annihilape|10\/100 brn|[from] item: Leftovers\n|-damage|p2b: Annihilape|4\/100 brn|[from] brn\n|upkeep\n|turn|7\n|inactive|taterstotz has 30 seconds left.\n|\n|t:|1683315984\n|move|p2b: Annihilape|Protect|p2b: Annihilape\n|-singleturn|p2b: Annihilape|Protect\n|move|p1a: Chien-Pao|Ice Shard|p2b: Annihilape\n|-activate|p2b: Annihilape|move: Protect\n|move|p2a: Grafaiai|Parting Shot|p1a: Chien-Pao\n|-hint|Since gen 7, Dark is immune to Prankster moves.\n|-immune|p1a: Chien-Pao\n|move|p1b: Tauros|Close Combat|p2a: Grafaiai\n|-damage|p2a: Grafaiai|0 fnt\n|-unboost|p1b: Tauros|def|1\n|-unboost|p1b: Tauros|spd|1\n|-enditem|p1b: Tauros|Eject Pack\n|faint|p2a: Grafaiai\n|\n|t:|1683315996\n|switch|p1b: Garganacl|Garganacl, L50, F, tera:Grass|100\/100\n|\n|-heal|p2b: Annihilape|10\/100 brn|[from] item: Leftovers\n|-damage|p2b: Annihilape|4\/100 brn|[from] brn\n|upkeep\n|\n|t:|1683315998\n|switch|p2a: Maushold|Maushold, L50|100\/100\n|turn|8\n|\n|t:|1683316007\n|move|p2a: Maushold|Follow Me|p2a: Maushold\n|-singleturn|p2a: Maushold|move: Follow Me\n|move|p1a: Chien-Pao|Ice Shard|p2a: Maushold\n|-damage|p2a: Maushold|67\/100\n|move|p2b: Annihilape|Drain Punch|p1a: Chien-Pao\n|-supereffective|p1a: Chien-Pao\n|-enditem|p1a: Chien-Pao|Focus Sash\n|-damage|p1a: Chien-Pao|1\/100\n|-heal|p2b: Annihilape|40\/100 brn|[from] drain|[of] p1a: Chien-Pao\n|move|p1b: Garganacl|Salt Cure|p2a: Maushold\n|-damage|p2a: Maushold|41\/100\n|-start|p2a: Maushold|Salt Cure\n|\n|-heal|p2b: Annihilape|46\/100 brn|[from] item: Leftovers\n|-damage|p2b: Annihilape|40\/100 brn|[from] brn\n|-damage|p2a: Maushold|29\/100|[from] Salt Cure\n|upkeep\n|turn|9\n|\n|t:|1683316021\n|move|p2a: Maushold|Follow Me|p2a: Maushold\n|-singleturn|p2a: Maushold|move: Follow Me\n|move|p1a: Chien-Pao|Crunch|p2a: Maushold\n|-damage|p2a: Maushold|0 fnt\n|faint|p2a: Maushold\n|move|p2b: Annihilape|Rage Fist|p1a: Chien-Pao\n|-resisted|p1a: Chien-Pao\n|-damage|p1a: Chien-Pao|0 fnt\n|faint|p1a: Chien-Pao\n|move|p1b: Garganacl|Salt Cure|p2b: Annihilape\n|-resisted|p2b: Annihilape\n|-damage|p2b: Annihilape|35\/100 brn\n|-start|p2b: Annihilape|Salt Cure\n|\n|-heal|p2b: Annihilape|41\/100 brn|[from] item: Leftovers\n|-damage|p2b: Annihilape|35\/100 brn|[from] brn\n|-damage|p2b: Annihilape|23\/100 brn|[from] Salt Cure\n|upkeep\n|\n|t:|1683316026\n|switch|p1a: Tauros|Tauros-Paldea-Blaze, L50, M|32\/100\n|switch|p2a: Ting-Lu|Ting-Lu, L50|100\/100\n|-ability|p1a: Tauros|Intimidate|boost\n|-unboost|p2a: Ting-Lu|atk|1\n|-unboost|p2b: Annihilape|atk|1\n|-ability|p2b: Annihilape|Defiant|boost\n|-boost|p2b: Annihilape|atk|2\n|-ability|p2a: Ting-Lu|Vessel of Ruin\n|turn|10\n|\n|t:|1683316046\n|-terastallize|p2a: Ting-Lu|Poison\n|move|p2b: Annihilape|Protect|p2b: Annihilape\n|-singleturn|p2b: Annihilape|Protect\n|move|p1a: Tauros|Raging Bull|p2b: Annihilape\n|-activate|p2b: Annihilape|move: Protect\n|move|p2a: Ting-Lu|Earthquake|p1b: Garganacl|[spread] p1a,p1b\n|-activate|p2b: Annihilape|move: Protect\n|-supereffective|p1a: Tauros\n|-resisted|p1b: Garganacl\n|-damage|p1a: Tauros|0 fnt\n|-damage|p1b: Garganacl|93\/100\n|faint|p1a: Tauros\n|move|p1b: Garganacl|Salt Cure|p2a: Ting-Lu\n|-damage|p2a: Ting-Lu|93\/100\n|-start|p2a: Ting-Lu|Salt Cure\n|\n|-heal|p2b: Annihilape|29\/100 brn|[from] item: Leftovers\n|-damage|p2b: Annihilape|23\/100 brn|[from] brn\n|-damage|p2b: Annihilape|10\/100 brn|[from] Salt Cure\n|-damage|p2a: Ting-Lu|81\/100|[from] Salt Cure\n|upkeep\n|turn|11\n|\n|t:|1683316065\n|move|p2b: Annihilape|Drain Punch|p1b: Garganacl\n|-damage|p1b: Garganacl|55\/100\n|-heal|p2b: Annihilape|29\/100 brn|[from] drain|[of] p1b: Garganacl\n|move|p2a: Ting-Lu|Throat Chop|p1b: Garganacl\n|-damage|p1b: Garganacl|37\/100\n|-start|p1b: Garganacl|Throat Chop|[silent]\n|move|p1b: Garganacl|Salt Cure|p2b: Annihilape\n|-resisted|p2b: Annihilape\n|-damage|p2b: Annihilape|24\/100 brn\n|\n|-heal|p2b: Annihilape|30\/100 brn|[from] item: Leftovers\n|-damage|p2b: Annihilape|24\/100 brn|[from] brn\n|-damage|p2b: Annihilape|12\/100 brn|[from] Salt Cure\n|-damage|p2a: Ting-Lu|69\/100|[from] Salt Cure\n|upkeep\n|turn|12\n|inactive|Shit Tier Pro has 30 seconds left.\n|\n|t:|1683316092\n|move|p2b: Annihilape|Drain Punch|p1b: Garganacl\n|-damage|p1b: Garganacl|0 fnt\n|-heal|p2b: Annihilape|29\/100 brn|[from] drain|[of] p1b: Garganacl\n|faint|p1b: Garganacl\n|\n|win|taterstotz\n|raw|Shit Tier Pro's rating: 1161 → 1137<\/strong> (-24 for losing)\n|raw|taterstotz's rating: 1181 → 1205<\/strong> (+24 for winning)\n|l|\u2606Shit Tier Pro\n","uploadtime":1683316099,"views":17,"p1id":"shittierpro","p2id":"taterstotz","formatid":"gen9vgc2023regulationc","rating":1137,"private":0,"password":""}