{"id":"gen9vgc2023regulationc-1864029918","p1":"fizzywizzyglizzy","p2":"zessozessozesso","format":"[Gen 9] VGC 2023 Regulation C","log":"|j|\u2606fizzywizzyglizzy\n|j|\u2606zessozessozesso\n|t:|1684107588\n|gametype|doubles\n|player|p1|fizzywizzyglizzy|2|1355\n|player|p2|zessozessozesso|265|1279\n|teamsize|p1|6\n|teamsize|p2|6\n|gen|9\n|tier|[Gen 9] VGC 2023 Regulation C\n|rated|\n|rule|Species Clause: Limit one of each Pok\u00e9mon\n|rule|Item Clause: Limit one of each item\n|clearpoke\n|poke|p1|Orthworm, L50, M|\n|poke|p1|Garganacl, L50, F|\n|poke|p1|Flutter Mane, L50|\n|poke|p1|Ting-Lu, L50|\n|poke|p1|Amoonguss, L50, M|\n|poke|p1|Dragonite, L50, M|\n|poke|p2|Murkrow, L50, M|\n|poke|p2|Great Tusk, L50|\n|poke|p2|Iron Bundle, L50|\n|poke|p2|Flutter Mane, L50|\n|poke|p2|Gyarados, L50, M|\n|poke|p2|Amoonguss, L50, F|\n|teampreview|4\n|inactive|Battle timer is ON: inactive players will automatically lose when time's up. (requested by zessozessozesso)\n|inactive|fizzywizzyglizzy has 60 seconds left.\n|inactive|zessozessozesso has 60 seconds left.\n|inactive|zessozessozesso has 30 seconds left.\n|\n|t:|1684107653\n|start\n|switch|p1a: Amoonguss|Amoonguss, L50, M|100\/100\n|switch|p1b: Orthworm|Orthworm, L50, M|100\/100\n|switch|p2a: Gyarados|Gyarados, L50, M|100\/100\n|switch|p2b: Murkrow|Murkrow, L50, M|100\/100\n|-ability|p2a: Gyarados|Intimidate|boost\n|-unboost|p1a: Amoonguss|atk|1\n|-unboost|p1b: Orthworm|atk|1\n|turn|1\n|\n|t:|1684107672\n|move|p1a: Amoonguss|Rage Powder|p1a: Amoonguss\n|-singleturn|p1a: Amoonguss|move: Rage Powder\n|move|p2b: Murkrow|Brave Bird|p1a: Amoonguss\n|-supereffective|p1a: Amoonguss\n|-damage|p1a: Amoonguss|34\/100\n|-damage|p2b: Murkrow|84\/100|[from] item: Rocky Helmet|[of] p1a: Amoonguss\n|-damage|p2b: Murkrow|56\/100|[from] Recoil\n|move|p2a: Gyarados|Taunt|p1b: Orthworm\n|-start|p1b: Orthworm|move: Taunt\n|cant|p1b: Orthworm|move: Taunt|Shed Tail\n|\n|upkeep\n|turn|2\n|\n|t:|1684107695\n|move|p1a: Amoonguss|Protect|p1a: Amoonguss\n|-singleturn|p1a: Amoonguss|Protect\n|move|p2b: Murkrow|Sunny Day|p2b: Murkrow\n|-weather|SunnyDay\n|move|p2a: Gyarados|Taunt|p1a: Amoonguss\n|-activate|p1a: Amoonguss|move: Protect\n|move|p1b: Orthworm|Body Press|p2b: Murkrow\n|-damage|p2b: Murkrow|24\/100\n|\n|-weather|SunnyDay|[upkeep]\n|upkeep\n|turn|3\n|\n|t:|1684107711\n|switch|p1a: Ting-Lu|Ting-Lu, L50|100\/100\n|-ability|p1a: Ting-Lu|Vessel of Ruin\n|move|p2b: Murkrow|Brave Bird|p1a: Ting-Lu\n|-damage|p1a: Ting-Lu|75\/100\n|-damage|p2b: Murkrow|12\/100|[from] Recoil\n|move|p2a: Gyarados|Thunder Wave|p1b: Orthworm|[miss]\n|-miss|p2a: Gyarados|p1b: Orthworm\n|move|p1b: Orthworm|Body Press|p2b: Murkrow\n|-damage|p2b: Murkrow|0 fnt\n|faint|p2b: Murkrow\n|\n|-weather|SunnyDay|[upkeep]\n|-end|p1b: Orthworm|move: Taunt\n|upkeep\n|\n|t:|1684107729\n|switch|p2b: Great Tusk|Great Tusk, L50|100\/100\n|-activate|p2b: Great Tusk|ability: Protosynthesis\n|-start|p2b: Great Tusk|protosynthesisatk\n|turn|4\n|\n|t:|1684107753\n|switch|p1a: Flutter Mane|Flutter Mane, L50|100\/100\n|-activate|p1a: Flutter Mane|ability: Protosynthesis\n|-start|p1a: Flutter Mane|protosynthesisspe\n|move|p2b: Great Tusk|Rock Slide|p1b: Orthworm|[spread] p1a,p1b\n|-resisted|p1b: Orthworm\n|-damage|p1a: Flutter Mane|62\/100\n|-damage|p1b: Orthworm|91\/100\n|move|p2a: Gyarados|Taunt|p1b: Orthworm\n|-start|p1b: Orthworm|move: Taunt\n|move|p1b: Orthworm|Body Press|p2b: Great Tusk\n|-damage|p2b: Great Tusk|78\/100\n|\n|-weather|SunnyDay|[upkeep]\n|upkeep\n|turn|5\n|inactive|fizzywizzyglizzy has 30 seconds left.\n|inactive|zessozessozesso has 30 seconds left.\n|inactive|fizzywizzyglizzy has 20 seconds left.\n|inactive|zessozessozesso has 20 seconds left.\n|inactive|zessozessozesso has 15 seconds left.\n|\n|t:|1684107802\n|switch|p1b: Amoonguss|Amoonguss, L50, M|67\/100\n|-terastallize|p2b: Great Tusk|Steel\n|move|p1a: Flutter Mane|Protect|p1a: Flutter Mane\n|-singleturn|p1a: Flutter Mane|Protect\n|move|p2b: Great Tusk|Headlong Rush|p1a: Flutter Mane\n|-activate|p1a: Flutter Mane|move: Protect\n|move|p2a: Gyarados|Thunder Wave|p1b: Amoonguss\n|-status|p1b: Amoonguss|par\n|\n|-weather|SunnyDay|[upkeep]\n|upkeep\n|turn|6\n|inactive|fizzywizzyglizzy has 30 seconds left.\n|\n|t:|1684107830\n|move|p1a: Flutter Mane|Moonblast|p2a: Gyarados\n|-damage|p2a: Gyarados|47\/100\n|-unboost|p2a: Gyarados|spa|1\n|-damage|p1a: Flutter Mane|52\/100|[from] item: Life Orb\n|move|p2b: Great Tusk|Earthquake|p1a: Flutter Mane|[spread] p1a,p1b\n|-immune|p2a: Gyarados\n|-damage|p1a: Flutter Mane|0 fnt\n|-damage|p1b: Amoonguss|26\/100 par\n|faint|p1a: Flutter Mane\n|-end|p1a: Flutter Mane|Protosynthesis|[silent]\n|move|p2a: Gyarados|Taunt|p1b: Amoonguss\n|-start|p1b: Amoonguss|move: Taunt\n|cant|p1b: Amoonguss|move: Taunt|Spore\n|\n|-weather|none\n|-end|p2b: Great Tusk|Protosynthesis\n|upkeep\n|\n|t:|1684107847\n|switch|p1a: Ting-Lu|Ting-Lu, L50|75\/100\n|-ability|p1a: Ting-Lu|Vessel of Ruin\n|turn|7\n|inactive|zessozessozesso has 30 seconds left.\n|\n|t:|1684107874\n|-terastallize|p1a: Ting-Lu|Water\n|move|p2b: Great Tusk|Rock Slide|p1a: Ting-Lu|[spread] p1a,p1b\n|-damage|p1a: Ting-Lu|63\/100\n|-damage|p1b: Amoonguss|11\/100 par\n|move|p2a: Gyarados|Waterfall|p1a: Ting-Lu\n|-resisted|p1a: Ting-Lu\n|-damage|p1a: Ting-Lu|52\/100\n|move|p1a: Ting-Lu|Stomping Tantrum|p2b: Great Tusk\n|-supereffective|p2b: Great Tusk\n|-damage|p2b: Great Tusk|27\/100\n|cant|p1b: Amoonguss|flinch\n|\n|upkeep\n|turn|8\n|\n|t:|1684107893\n|switch|p1b: Orthworm|Orthworm, L50, M|91\/100\n|move|p2b: Great Tusk|Rock Slide|p1b: Orthworm|[spread] p1a,p1b\n|-resisted|p1b: Orthworm\n|-damage|p1a: Ting-Lu|39\/100\n|-damage|p1b: Orthworm|84\/100\n|move|p2a: Gyarados|Thunder Wave|p1a: Ting-Lu\n|-status|p1a: Ting-Lu|par\n|move|p1a: Ting-Lu|Earthquake|p2b: Great Tusk|[spread] p2b\n|-heal|p1b: Orthworm|100\/100|[from] ability: Earth Eater|[of] p1a: Ting-Lu\n|-immune|p2a: Gyarados\n|-supereffective|p2b: Great Tusk\n|-damage|p2b: Great Tusk|0 fnt\n|faint|p2b: Great Tusk\n|-end|p2b: Great Tusk|Protosynthesis|[silent]\n|\n|upkeep\n|\n|t:|1684107910\n|switch|p2b: Iron Bundle|Iron Bundle, L50|100\/100\n|-enditem|p2b: Iron Bundle|Booster Energy\n|-activate|p2b: Iron Bundle|ability: Quark Drive|[fromitem]\n|-start|p2b: Iron Bundle|quarkdrivespe\n|turn|9\n|\n|t:|1684107927\n|move|p2b: Iron Bundle|Protect|p2b: Iron Bundle\n|-singleturn|p2b: Iron Bundle|Protect\n|move|p2a: Gyarados|Waterfall|p1b: Orthworm\n|-damage|p1b: Orthworm|73\/100\n|move|p1b: Orthworm|Body Press|p2b: Iron Bundle\n|-activate|p2b: Iron Bundle|move: Protect\n|cant|p1a: Ting-Lu|par\n|\n|upkeep\n|turn|10\n|inactive|zessozessozesso has 30 seconds left.\n|\n|t:|1684107957\n|move|p2b: Iron Bundle|Freeze-Dry|p1a: Ting-Lu\n|-supereffective|p1a: Ting-Lu\n|-damage|p1a: Ting-Lu|17\/100 par\n|move|p2a: Gyarados|Thunder Wave|p1b: Orthworm\n|-status|p1b: Orthworm|par\n|move|p1b: Orthworm|Body Press|p2b: Iron Bundle\n|-supereffective|p2b: Iron Bundle\n|-damage|p2b: Iron Bundle|24\/100\n|move|p1a: Ting-Lu|Earthquake|p2a: Gyarados|[spread] p2b\n|-heal|p1b: Orthworm|98\/100 par|[from] ability: Earth Eater|[of] p1a: Ting-Lu\n|-immune|p2a: Gyarados\n|-damage|p2b: Iron Bundle|0 fnt\n|faint|p2b: Iron Bundle\n|-end|p2b: Iron Bundle|Quark Drive|[silent]\n|\n|upkeep\n|turn|11\n|\n|t:|1684107976\n|move|p2a: Gyarados|Waterfall|p1b: Orthworm\n|-damage|p1b: Orthworm|72\/100 par\n|cant|p1b: Orthworm|par\n|move|p1a: Ting-Lu|Ruination|p2a: Gyarados\n|-damage|p2a: Gyarados|24\/100\n|\n|upkeep\n|turn|12\n|\n|t:|1684107990\n|move|p2a: Gyarados|Waterfall|p1b: Orthworm\n|-damage|p1b: Orthworm|45\/100 par\n|-enditem|p1b: Orthworm|Sitrus Berry|[eat]\n|-heal|p1b: Orthworm|70\/100 par|[from] item: Sitrus Berry\n|move|p1a: Ting-Lu|Heavy Slam|p2a: Gyarados\n|-resisted|p2a: Gyarados\n|-damage|p2a: Gyarados|16\/100\n|cant|p1b: Orthworm|par\n|\n|upkeep\n|turn|13\n|\n|t:|1684108005\n|move|p2a: Gyarados|Waterfall|p1a: Ting-Lu\n|-resisted|p1a: Ting-Lu\n|-damage|p1a: Ting-Lu|4\/100 par\n|move|p1a: Ting-Lu|Heavy Slam|p2a: Gyarados\n|-resisted|p2a: Gyarados\n|-damage|p2a: Gyarados|8\/100\n|move|p1b: Orthworm|Body Press|p2a: Gyarados\n|-resisted|p2a: Gyarados\n|-damage|p2a: Gyarados|0 fnt\n|faint|p2a: Gyarados\n|\n|win|fizzywizzyglizzy\n|raw|fizzywizzyglizzy's rating: 1355 → 1371<\/strong> (+16 for winning)\n|raw|zessozessozesso's rating: 1279 → 1259<\/strong> (-20 for losing)\n|c|\u2606fizzywizzyglizzy|gg\n|l|\u2606zessozessozesso\n","uploadtime":1684108021,"views":11,"p1id":"fizzywizzyglizzy","p2id":"zessozessozesso","formatid":"gen9vgc2023regulationc","rating":1259,"private":0,"password":""}