{"id":"gen9vgc2023regulationc-1847853150","p1":"BirdKeeperNeek","p2":"JustJakeyVGC","format":"[Gen 9] VGC 2023 Regulation C","log":"|j|\u2606BirdKeeperNeek\n|j|\u2606JustJakeyVGC\n|t:|1682007322\n|gametype|doubles\n|player|p1|BirdKeeperNeek|falkner|1285\n|player|p2|JustJakeyVGC|serena|1192\n|teamsize|p1|6\n|teamsize|p2|6\n|gen|9\n|tier|[Gen 9] VGC 2023 Regulation C\n|rated|\n|rule|Species Clause: Limit one of each Pok\u00e9mon\n|rule|Item Clause: Limit one of each item\n|clearpoke\n|poke|p1|Roaring Moon, L50|\n|poke|p1|Slither Wing, L50|\n|poke|p1|Torkoal, L50, F|\n|poke|p1|Flutter Mane, L50|\n|poke|p1|Amoonguss, L50, M|\n|poke|p1|Dragonite, L50, F|\n|poke|p2|Wo-Chien, L50|\n|poke|p2|Chi-Yu, L50|\n|poke|p2|Iron Jugulis, L50|\n|poke|p2|Gothitelle, L50, F|\n|poke|p2|Amoonguss, L50, M|\n|poke|p2|Ceruledge, L50, M|\n|teampreview|4\n|\n|t:|1682007418\n|start\n|switch|p1a: Torkoal|Torkoal, L50, F|100\/100\n|switch|p1b: Flutter Mane|Flutter Mane, L50|100\/100\n|switch|p2a: Chi-Yu|Chi-Yu, L50|100\/100\n|switch|p2b: Iron Jugulis|Iron Jugulis, L50|100\/100\n|-ability|p2a: Chi-Yu|Beads of Ruin\n|-weather|SunnyDay|[from] ability: Drought|[of] p1a: Torkoal\n|-activate|p1b: Flutter Mane|ability: Protosynthesis\n|-start|p1b: Flutter Mane|protosynthesisspe\n|-enditem|p2b: Iron Jugulis|Booster Energy\n|-activate|p2b: Iron Jugulis|ability: Quark Drive|[fromitem]\n|-start|p2b: Iron Jugulis|quarkdrivespe\n|turn|1\n|\n|t:|1682007462\n|-terastallize|p1b: Flutter Mane|Fairy\n|-terastallize|p2b: Iron Jugulis|Steel\n|move|p1b: Flutter Mane|Dazzling Gleam|p2b: Iron Jugulis|[spread] p2a,p2b\n|-resisted|p2b: Iron Jugulis\n|-damage|p2a: Chi-Yu|27\/100\n|-damage|p2b: Iron Jugulis|44\/100\n|move|p2b: Iron Jugulis|Tailwind|p2b: Iron Jugulis\n|-sidestart|p2: JustJakeyVGC|move: Tailwind\n|move|p2a: Chi-Yu|Snarl|p1a: Torkoal|[spread] p1a,p1b\n|-resisted|p1b: Flutter Mane\n|-damage|p1a: Torkoal|43\/100\n|-damage|p1b: Flutter Mane|77\/100\n|-unboost|p1a: Torkoal|spa|1\n|-enditem|p1a: Torkoal|Eject Pack\n|-unboost|p1b: Flutter Mane|spa|1\n|-damage|p2a: Chi-Yu|17\/100|[from] item: Life Orb\n|\n|t:|1682007489\n|switch|p1a: Slither Wing|Slither Wing, L50|100\/100\n|-activate|p1a: Slither Wing|ability: Protosynthesis\n|-start|p1a: Slither Wing|protosynthesisatk\n|\n|-weather|SunnyDay|[upkeep]\n|upkeep\n|turn|2\n|\n|t:|1682007507\n|move|p2b: Iron Jugulis|Protect|p2b: Iron Jugulis\n|-singleturn|p2b: Iron Jugulis|Protect\n|move|p2a: Chi-Yu|Protect|p2a: Chi-Yu\n|-singleturn|p2a: Chi-Yu|Protect\n|move|p1a: Slither Wing|Protect|p1a: Slither Wing\n|-singleturn|p1a: Slither Wing|Protect\n|move|p1b: Flutter Mane|Dazzling Gleam|p2b: Iron Jugulis|[spread] \n|-activate|p2a: Chi-Yu|move: Protect\n|-activate|p2b: Iron Jugulis|move: Protect\n|\n|-weather|SunnyDay|[upkeep]\n|upkeep\n|turn|3\n|\n|t:|1682007536\n|-end|p1a: Slither Wing|Protosynthesis|[silent]\n|switch|p1a: Dragonite|Dragonite, L50, F|100\/100\n|move|p2b: Iron Jugulis|Flash Cannon|p1b: Flutter Mane\n|-supereffective|p1b: Flutter Mane\n|-damage|p1b: Flutter Mane|0 fnt\n|faint|p1b: Flutter Mane\n|-end|p1b: Flutter Mane|Protosynthesis|[silent]\n|move|p2a: Chi-Yu|Heat Wave|p1a: Dragonite\n|-resisted|p1a: Dragonite\n|-damage|p1a: Dragonite|67\/100\n|-damage|p2a: Chi-Yu|7\/100|[from] item: Life Orb\n|\n|-weather|SunnyDay|[upkeep]\n|upkeep\n|\n|t:|1682007554\n|switch|p1b: Slither Wing|Slither Wing, L50|100\/100\n|-activate|p1b: Slither Wing|ability: Protosynthesis\n|-start|p1b: Slither Wing|protosynthesisatk\n|turn|4\n|\n|t:|1682007580\n|move|p2b: Iron Jugulis|Protect|p2b: Iron Jugulis\n|-singleturn|p2b: Iron Jugulis|Protect\n|move|p2a: Chi-Yu|Protect|p2a: Chi-Yu\n|-singleturn|p2a: Chi-Yu|Protect\n|move|p1a: Dragonite|Extreme Speed|p2a: Chi-Yu\n|-activate|p2a: Chi-Yu|move: Protect\n|move|p1b: Slither Wing|Bulk Up|p1b: Slither Wing\n|-boost|p1b: Slither Wing|atk|1\n|-boost|p1b: Slither Wing|def|1\n|\n|-weather|SunnyDay|[upkeep]\n|-sideend|p2: JustJakeyVGC|move: Tailwind\n|upkeep\n|turn|5\n|\n|t:|1682007612\n|switch|p2a: Ceruledge|Ceruledge, L50, M|100\/100\n|move|p1a: Dragonite|Extreme Speed|p2a: Ceruledge\n|-immune|p2a: Ceruledge\n|move|p2b: Iron Jugulis|Tailwind|p2b: Iron Jugulis\n|-sidestart|p2: JustJakeyVGC|move: Tailwind\n|move|p1b: Slither Wing|Stomping Tantrum|p2b: Iron Jugulis\n|-supereffective|p2b: Iron Jugulis\n|-damage|p2b: Iron Jugulis|0 fnt\n|faint|p2b: Iron Jugulis\n|-end|p2b: Iron Jugulis|Quark Drive|[silent]\n|\n|-weather|none\n|-end|p1b: Slither Wing|Protosynthesis\n|upkeep\n|\n|t:|1682007640\n|switch|p2b: Wo-Chien|Wo-Chien, L50|100\/100\n|-ability|p2b: Wo-Chien|Tablets of Ruin\n|turn|6\n|\n|t:|1682007655\n|switch|p1a: Torkoal|Torkoal, L50, F|43\/100\n|-weather|SunnyDay|[from] ability: Drought|[of] p1a: Torkoal\n|-activate|p1b: Slither Wing|ability: Protosynthesis\n|-start|p1b: Slither Wing|protosynthesisatk\n|move|p2b: Wo-Chien|Protect|p2b: Wo-Chien\n|-singleturn|p2b: Wo-Chien|Protect\n|move|p1b: Slither Wing|Protect|p1b: Slither Wing\n|-singleturn|p1b: Slither Wing|Protect\n|move|p2a: Ceruledge|Bitter Blade|p1b: Slither Wing\n|-activate|p1b: Slither Wing|move: Protect\n|\n|-weather|SunnyDay|[upkeep]\n|upkeep\n|turn|7\n|\n|t:|1682007688\n|switch|p2b: Chi-Yu|Chi-Yu, L50|7\/100\n|-ability|p2b: Chi-Yu|Beads of Ruin\n|move|p2a: Ceruledge|Bitter Blade|p1b: Slither Wing\n|-supereffective|p1b: Slither Wing\n|-damage|p1b: Slither Wing|0 fnt\n|faint|p1b: Slither Wing\n|-end|p1b: Slither Wing|Protosynthesis|[silent]\n|move|p1a: Torkoal|Yawn|p2b: Chi-Yu\n|-start|p2b: Chi-Yu|move: Yawn|[of] p1a: Torkoal\n|\n|-weather|SunnyDay|[upkeep]\n|upkeep\n|\n|t:|1682007699\n|switch|p1b: Dragonite|Dragonite, L50, F|67\/100\n|turn|8\n|\n|t:|1682007723\n|move|p1a: Torkoal|Helping Hand|p1b: Dragonite\n|-singleturn|p1b: Dragonite|Helping Hand|[of] p1a: Torkoal\n|move|p2a: Ceruledge|Shadow Sneak|p1a: Torkoal\n|-damage|p1a: Torkoal|31\/100\n|move|p2b: Chi-Yu|Lava Plume|p1a: Torkoal|[spread] p1a,p1b\n|-start|p2a: Ceruledge|ability: Flash Fire\n|-resisted|p1a: Torkoal\n|-resisted|p1b: Dragonite\n|-damage|p1a: Torkoal|0 fnt\n|-damage|p1b: Dragonite|28\/100\n|faint|p1a: Torkoal\n|-damage|p2b: Chi-Yu|0 fnt|[from] item: Life Orb\n|faint|p2b: Chi-Yu\n|move|p1b: Dragonite|Iron Head|p2a: Ceruledge\n|-resisted|p2a: Ceruledge\n|-damage|p2a: Ceruledge|76\/100\n|\n|-weather|SunnyDay|[upkeep]\n|-sideend|p2: JustJakeyVGC|move: Tailwind\n|upkeep\n|-message|BirdKeeperNeek forfeited.\n|\n|win|JustJakeyVGC\n|raw|BirdKeeperNeek's rating: 1285 → 1253<\/strong> (-32 for losing)\n|raw|JustJakeyVGC's rating: 1192 → 1224<\/strong> (+32 for winning)\n|l|\u2606BirdKeeperNeek\n","uploadtime":1682007785,"views":8,"p1id":"birdkeeperneek","p2id":"justjakeyvgc","formatid":"gen9vgc2023regulationc","rating":1224,"private":0,"password":""}