{"id":"gen9vgc2023regulationc-1860833818","p1":"FLYMOUSEQAQ","p2":"mx555","format":"[Gen 9] VGC 2023 Regulation C","log":"|j|\u2606FLYMOUSEQAQ\n|j|\u2606mx555\n|t:|1683683535\n|gametype|doubles\n|player|p1|FLYMOUSEQAQ|265|1354\n|player|p2|mx555|101|1374\n|teamsize|p1|6\n|teamsize|p2|6\n|gen|9\n|tier|[Gen 9] VGC 2023 Regulation C\n|rated|\n|rule|Species Clause: Limit one of each Pok\u00e9mon\n|rule|Item Clause: Limit one of each item\n|clearpoke\n|poke|p1|Iron Bundle, L50|\n|poke|p1|Flutter Mane, L50|\n|poke|p1|Chi-Yu, L50|\n|poke|p1|Glimmora, L50, F|\n|poke|p1|Tatsugiri, L50, F|\n|poke|p1|Dondozo, L50, F|\n|poke|p2|Farigiraf, L50, M|\n|poke|p2|Iron Hands, L50|\n|poke|p2|Amoonguss, L50, F|\n|poke|p2|Iron Bundle, L50|\n|poke|p2|Chi-Yu, L50|\n|poke|p2|Flutter Mane, L50|\n|teampreview|4\n|\n|t:|1683683586\n|start\n|switch|p1a: Flutter Mane|Flutter Mane, L50|100\/100\n|switch|p1b: Chi-Yu|Chi-Yu, L50|100\/100\n|switch|p2a: Farigiraf|Farigiraf, L50, M|100\/100\n|switch|p2b: Iron Hands|Iron Hands, L50|100\/100\n|-ability|p1b: Chi-Yu|Beads of Ruin\n|turn|1\n|inactive|Battle timer is ON: inactive players will automatically lose when time's up. (requested by mx555)\n|\n|t:|1683683606\n|-terastallize|p2b: Iron Hands|Grass\n|move|p1a: Flutter Mane|Shadow Ball|p2a: Farigiraf\n|-immune|p2a: Farigiraf\n|move|p1b: Chi-Yu|Heat Wave|p2b: Iron Hands|[spread] p2a,p2b\n|-supereffective|p2b: Iron Hands\n|-damage|p2a: Farigiraf|36\/100\n|-damage|p2b: Iron Hands|4\/100\n|-enditem|p2b: Iron Hands|Sitrus Berry|[eat]\n|-heal|p2b: Iron Hands|29\/100|[from] item: Sitrus Berry\n|-damage|p1b: Chi-Yu|91\/100|[from] item: Life Orb\n|move|p2b: Iron Hands|Belly Drum||[still]\n|-fail|p2b: Iron Hands\n|move|p2a: Farigiraf|Trick Room|p2a: Farigiraf\n|-fieldstart|move: Trick Room|[of] p2a: Farigiraf\n|\n|upkeep\n|turn|2\n|inactive|mx555 has 30 seconds left.\n|\n|t:|1683683632\n|switch|p2a: Amoonguss|Amoonguss, L50, F|100\/100\n|move|p2b: Iron Hands|Drain Punch|p1b: Chi-Yu\n|-supereffective|p1b: Chi-Yu\n|-damage|p1b: Chi-Yu|0 fnt\n|-heal|p2b: Iron Hands|51\/100|[from] drain|[of] p1b: Chi-Yu\n|faint|p1b: Chi-Yu\n|move|p1a: Flutter Mane|Dazzling Gleam|p2a: Amoonguss|[spread] p2a,p2b\n|-resisted|p2a: Amoonguss\n|-damage|p2a: Amoonguss|85\/100\n|-damage|p2b: Iron Hands|29\/100\n|\n|upkeep\n|\n|t:|1683683639\n|switch|p1b: Dondozo|Dondozo, L50, F|100\/100\n|turn|3\n|\n|t:|1683683661\n|move|p1b: Dondozo|Protect|p1b: Dondozo\n|-singleturn|p1b: Dondozo|Protect\n|move|p2a: Amoonguss|Pollen Puff|p2b: Iron Hands\n|-heal|p2b: Iron Hands|79\/100\n|move|p2b: Iron Hands|Thunder Punch|p1b: Dondozo\n|-activate|p1b: Dondozo|move: Protect\n|move|p1a: Flutter Mane|Moonblast|p2b: Iron Hands\n|-damage|p2b: Iron Hands|42\/100\n|\n|upkeep\n|turn|4\n|\n|t:|1683683678\n|-end|p1a: Flutter Mane|Protosynthesis|[silent]\n|switch|p1a: Tatsugiri|Tatsugiri, L50, F|100\/100\n|-activate|p1a: Tatsugiri|ability: Commander|[of] p1b: Dondozo\n|-boost|p1b: Dondozo|atk|2\n|-boost|p1b: Dondozo|spa|2\n|-boost|p1b: Dondozo|spe|2\n|-boost|p1b: Dondozo|def|2\n|-boost|p1b: Dondozo|spd|2\n|-terastallize|p1b: Dondozo|Grass\n|move|p2a: Amoonguss|Spore|p1a: Tatsugiri|[miss]\n|-miss|p2a: Amoonguss|p1a: Tatsugiri\n|move|p2b: Iron Hands|Thunder Punch|p1b: Dondozo\n|-resisted|p1b: Dondozo\n|-damage|p1b: Dondozo|93\/100\n|move|p1b: Dondozo|Order Up|p2b: Iron Hands\n|-damage|p2b: Iron Hands|15\/100\n|-boost|p1b: Dondozo|atk|1\n|\n|-heal|p1b: Dondozo|99\/100|[from] item: Leftovers\n|upkeep\n|turn|5\n|\n|t:|1683683694\n|move|p2a: Amoonguss|Clear Smog|p1b: Dondozo\n|-supereffective|p1b: Dondozo\n|-damage|p1b: Dondozo|85\/100\n|-clearboost|p1b: Dondozo\n|move|p2b: Iron Hands|Drain Punch|p1b: Dondozo\n|-damage|p1b: Dondozo|58\/100\n|-heal|p2b: Iron Hands|27\/100|[from] drain|[of] p1b: Dondozo\n|move|p1b: Dondozo|Order Up|p2b: Iron Hands\n|-damage|p2b: Iron Hands|13\/100\n|-boost|p1b: Dondozo|atk|1\n|\n|-heal|p1b: Dondozo|64\/100|[from] item: Leftovers\n|-fieldend|move: Trick Room\n|upkeep\n|turn|6\n|\n|t:|1683683713\n|move|p1b: Dondozo|Order Up|p2b: Iron Hands\n|-damage|p2b: Iron Hands|0 fnt\n|faint|p2b: Iron Hands\n|-end|p2b: Iron Hands|Quark Drive|[silent]\n|-boost|p1b: Dondozo|atk|1\n|move|p2a: Amoonguss|Clear Smog|p1b: Dondozo\n|-supereffective|p1b: Dondozo\n|-damage|p1b: Dondozo|38\/100\n|-clearboost|p1b: Dondozo\n|\n|-heal|p1b: Dondozo|44\/100|[from] item: Leftovers\n|upkeep\n|\n|t:|1683683716\n|switch|p2b: Iron Bundle|Iron Bundle, L50|100\/100\n|-enditem|p2b: Iron Bundle|Booster Energy\n|-activate|p2b: Iron Bundle|ability: Quark Drive|[fromitem]\n|-start|p2b: Iron Bundle|quarkdrivespe\n|turn|7\n|\n|t:|1683683724\n|move|p2b: Iron Bundle|Freeze-Dry|p1b: Dondozo\n|-supereffective|p1b: Dondozo\n|-damage|p1b: Dondozo|0 fnt\n|faint|p1b: Dondozo\n|move|p2a: Amoonguss|Clear Smog|p1a: Tatsugiri\n|-damage|p1a: Tatsugiri|78\/100\n|-clearboost|p1a: Tatsugiri\n|\n|upkeep\n|\n|t:|1683683727\n|switch|p1b: Flutter Mane|Flutter Mane, L50|100\/100\n|turn|8\n|\n|t:|1683683746\n|move|p2b: Iron Bundle|Freeze-Dry|p1a: Tatsugiri\n|-supereffective|p1a: Tatsugiri\n|-damage|p1a: Tatsugiri|0 fnt\n|faint|p1a: Tatsugiri\n|move|p1b: Flutter Mane|Moonblast|p2b: Iron Bundle\n|-damage|p2b: Iron Bundle|0 fnt\n|faint|p2b: Iron Bundle\n|-end|p2b: Iron Bundle|Quark Drive|[silent]\n|move|p2a: Amoonguss|Spore|p1b: Flutter Mane\n|-status|p1b: Flutter Mane|slp|[from] move: Spore\n|\n|upkeep\n|\n|t:|1683683748\n|switch|p2b: Farigiraf|Farigiraf, L50, M|36\/100\n|turn|9\n|inactive|FLYMOUSEQAQ has 30 seconds left.\n|inactive|FLYMOUSEQAQ has 20 seconds left.\n|inactive|FLYMOUSEQAQ has 15 seconds left.\n|inactive|FLYMOUSEQAQ has 10 seconds left.\n|inactive|FLYMOUSEQAQ has 5 seconds left.\n|\n|t:|1683683804\n|cant|p1b: Flutter Mane|slp\n|move|p2a: Amoonguss|Clear Smog|p1b: Flutter Mane\n|-damage|p1b: Flutter Mane|84\/100 slp\n|-clearboost|p1b: Flutter Mane\n|move|p2b: Farigiraf|Trick Room|p2b: Farigiraf\n|-fieldstart|move: Trick Room|[of] p2b: Farigiraf\n|\n|upkeep\n|turn|10\n|-message|FLYMOUSEQAQ forfeited.\n|\n|win|mx555\n|raw|FLYMOUSEQAQ's rating: 1354 → 1335<\/strong> (-19 for losing)\n|raw|mx555's rating: 1374 → 1393<\/strong> (+19 for winning)\n|l|\u2606FLYMOUSEQAQ\n","uploadtime":1683683816,"views":16,"p1id":"flymouseqaq","p2id":"mx555","formatid":"gen9vgc2023regulationc","rating":1335,"private":0,"password":""}