{"id":"gen9vgc2023regulationc-1854402537","p1":"Steakman5","p2":"charedeburlap","format":"[Gen 9] VGC 2023 Regulation C","log":"|j|\u2606Steakman5\n|j|\u2606charedeburlap\n|t:|1682806416\n|gametype|doubles\n|player|p1|Steakman5|swimmer-gen4|1119\n|player|p2|charedeburlap|lucian|1124\n|teamsize|p1|6\n|teamsize|p2|6\n|gen|9\n|tier|[Gen 9] VGC 2023 Regulation C\n|rated|\n|rule|Species Clause: Limit one of each Pok\u00e9mon\n|rule|Item Clause: Limit one of each item\n|clearpoke\n|poke|p1|Flamigo, L50, M|\n|poke|p1|Dondozo, L50, F|\n|poke|p1|Flutter Mane, L50|\n|poke|p1|Tatsugiri-Droopy, L50, F|\n|poke|p1|Great Tusk, L50|\n|poke|p1|Talonflame, L50, M|\n|poke|p2|Gyarados, L50, M|\n|poke|p2|Tinkaton, L50, F|\n|poke|p2|Meowscarada, L50, M|\n|poke|p2|Great Tusk, L50|\n|poke|p2|Flutter Mane, L50|\n|poke|p2|Chi-Yu, L50|\n|teampreview|4\n|inactive|Battle timer is ON: inactive players will automatically lose when time's up. (requested by charedeburlap)\n|\n|t:|1682806446\n|start\n|switch|p1a: Flutter Mane|Flutter Mane, L50|100\/100\n|switch|p1b: Tatsugiri|Tatsugiri-Droopy, L50, F|100\/100\n|switch|p2a: Gyarados|Gyarados, L50, M|100\/100\n|switch|p2b: Chi-Yu|Chi-Yu, L50|100\/100\n|-ability|p2a: Gyarados|Intimidate|boost\n|-unboost|p1a: Flutter Mane|atk|1\n|-unboost|p1b: Tatsugiri|atk|1\n|-ability|p2b: Chi-Yu|Beads of Ruin\n|-enditem|p1a: Flutter Mane|Booster Energy\n|-activate|p1a: Flutter Mane|ability: Protosynthesis|[fromitem]\n|-start|p1a: Flutter Mane|protosynthesisspe\n|turn|1\n|inactive|Steakman5 has 30 seconds left.\n|\n|t:|1682806476\n|move|p1b: Tatsugiri|Protect|p1b: Tatsugiri\n|-singleturn|p1b: Tatsugiri|Protect\n|move|p1a: Flutter Mane|Perish Song|p1a: Flutter Mane\n|-start|p1a: Flutter Mane|perish3|[silent]\n|-start|p1b: Tatsugiri|perish3|[silent]\n|-start|p2a: Gyarados|perish3|[silent]\n|-start|p2b: Chi-Yu|perish3|[silent]\n|-fieldactivate|move: Perish Song\n|move|p2a: Gyarados|Dragon Dance|p2a: Gyarados\n|-boost|p2a: Gyarados|atk|1\n|-boost|p2a: Gyarados|spe|1\n|move|p2b: Chi-Yu|Dark Pulse|p1a: Flutter Mane\n|-damage|p1a: Flutter Mane|52\/100\n|\n|-start|p1a: Flutter Mane|perish3\n|-start|p2a: Gyarados|perish3\n|-start|p1b: Tatsugiri|perish3\n|-start|p2b: Chi-Yu|perish3\n|upkeep\n|turn|2\n|\n|t:|1682806495\n|-end|p1a: Flutter Mane|Protosynthesis|[silent]\n|switch|p1a: Dondozo|Dondozo, L50, F|100\/100\n|-activate|p1b: Tatsugiri|ability: Commander|[of] p1a: Dondozo\n|-boost|p1a: Dondozo|atk|2\n|-boost|p1a: Dondozo|spa|2\n|-boost|p1a: Dondozo|spe|2\n|-boost|p1a: Dondozo|def|2\n|-boost|p1a: Dondozo|spd|2\n|move|p2a: Gyarados|Dragon Dance|p2a: Gyarados\n|-boost|p2a: Gyarados|atk|1\n|-boost|p2a: Gyarados|spe|1\n|move|p2b: Chi-Yu|Dark Pulse|p1b: Tatsugiri|[miss]\n|-miss|p2b: Chi-Yu|p1b: Tatsugiri\n|\n|-start|p2a: Gyarados|perish2\n|-start|p1b: Tatsugiri|perish2\n|-start|p2b: Chi-Yu|perish2\n|upkeep\n|turn|3\n|\n|t:|1682806514\n|switch|p2b: Meowscarada|Meowscarada, L50, M|100\/100\n|-terastallize|p1a: Dondozo|Water\n|move|p2a: Gyarados|Tera Blast|p1a: Dondozo\n|-damage|p1a: Dondozo|94\/100\n|move|p1a: Dondozo|Surf|p2b: Meowscarada|[spread] p2a,p2b\n|-miss|p1a: Dondozo|p1b: Tatsugiri\n|-resisted|p2a: Gyarados\n|-resisted|p2b: Meowscarada\n|-damage|p2a: Gyarados|59\/100\n|-damage|p2b: Meowscarada|43\/100\n|-damage|p1a: Dondozo|84\/100|[from] item: Life Orb\n|\n|-start|p2a: Gyarados|perish1\n|-start|p1b: Tatsugiri|perish1\n|upkeep\n|turn|4\n|\n|t:|1682806534\n|switch|p2a: Flutter Mane|Flutter Mane, L50|100\/100\n|-enditem|p2a: Flutter Mane|Booster Energy\n|-activate|p2a: Flutter Mane|ability: Protosynthesis|[fromitem]\n|-start|p2a: Flutter Mane|protosynthesisspe\n|move|p1a: Dondozo|Protect|p1a: Dondozo\n|-singleturn|p1a: Dondozo|Protect\n|move|p2b: Meowscarada|Flower Trick|p1a: Dondozo\n|-activate|p1a: Dondozo|move: Protect\n|\n|-start|p1b: Tatsugiri|perish0\n|faint|p1b: Tatsugiri\n|upkeep\n|\n|t:|1682806545\n|switch|p1b: Flamigo|Flamigo, L50, M|100\/100\n|-copyboost|p1b: Flamigo|p1a: Dondozo|[from] ability: Costar\n|turn|5\n|\n|t:|1682806556\n|-terastallize|p2b: Meowscarada|Grass\n|move|p1b: Flamigo|Protect|p1b: Flamigo\n|-singleturn|p1b: Flamigo|Protect\n|move|p2a: Flutter Mane|Dazzling Gleam|p1b: Flamigo|[spread] p1a\n|-activate|p1b: Flamigo|move: Protect\n|-damage|p1a: Dondozo|65\/100\n|move|p2b: Meowscarada|Flower Trick|p1a: Dondozo\n|-supereffective|p1a: Dondozo\n|-crit|p1a: Dondozo\n|-damage|p1a: Dondozo|0 fnt\n|faint|p1a: Dondozo\n|\n|upkeep\n|\n|t:|1682806566\n|switch|p1a: Flutter Mane|Flutter Mane, L50|52\/100\n|turn|6\n|\n|t:|1682806577\n|move|p1a: Flutter Mane|Protect|p1a: Flutter Mane\n|-singleturn|p1a: Flutter Mane|Protect\n|move|p2b: Meowscarada|Sucker Punch||[still]\n|-fail|p2b: Meowscarada\n|move|p1b: Flamigo|Brave Bird|p2a: Flutter Mane\n|-damage|p2a: Flutter Mane|0 fnt\n|faint|p2a: Flutter Mane\n|-end|p2a: Flutter Mane|Protosynthesis|[silent]\n|-damage|p1b: Flamigo|73\/100|[from] Recoil\n|\n|upkeep\n|\n|t:|1682806584\n|switch|p2a: Gyarados|Gyarados, L50, M|59\/100\n|-ability|p2a: Gyarados|Intimidate|boost\n|-unboost|p1a: Flutter Mane|atk|1\n|-unboost|p1b: Flamigo|atk|1\n|turn|7\n|\n|t:|1682806608\n|move|p2b: Meowscarada|Protect|p2b: Meowscarada\n|-singleturn|p2b: Meowscarada|Protect\n|move|p1b: Flamigo|Brave Bird|p2a: Gyarados\n|-damage|p2a: Gyarados|0 fnt\n|faint|p2a: Gyarados\n|-damage|p1b: Flamigo|52\/100|[from] Recoil\n|move|p1a: Flutter Mane|Dazzling Gleam|p2b: Meowscarada\n|-activate|p2b: Meowscarada|move: Protect\n|\n|upkeep\n|\n|t:|1682806612\n|switch|p2a: Chi-Yu|Chi-Yu, L50|100\/100\n|-ability|p2a: Chi-Yu|Beads of Ruin\n|turn|8\n|\n|t:|1682806622\n|move|p1b: Flamigo|Protect|p1b: Flamigo\n|-singleturn|p1b: Flamigo|Protect\n|move|p1a: Flutter Mane|Dazzling Gleam|p2a: Chi-Yu|[spread] p2a,p2b\n|-damage|p2a: Chi-Yu|80\/100\n|-damage|p2b: Meowscarada|0 fnt\n|faint|p2b: Meowscarada\n|move|p2a: Chi-Yu|Heat Wave|p1a: Flutter Mane|[spread] \n|-activate|p1b: Flamigo|move: Protect\n|-miss|p2a: Chi-Yu|p1a: Flutter Mane\n|\n|upkeep\n|turn|9\n|-message|charedeburlap forfeited.\n|\n|win|Steakman5\n|raw|Steakman5's rating: 1147 → 1170<\/strong> (+23 for winning)\n|raw|charedeburlap's rating: 1124 → 1101<\/strong> (-23 for losing)\n|l|\u2606charedeburlap\n","uploadtime":1682806632,"views":18,"p1id":"steakman5","p2id":"charedeburlap","formatid":"gen9vgc2023regulationc","rating":1101,"private":0,"password":""}