{"id":"gen9vgc2023regulationc-1858480330","p1":"therealrumpleman","p2":"AlexEmp VGC","format":"[Gen 9] VGC 2023 Regulation C","log":"|j|\u2606therealrumpleman\n|j|\u2606AlexEmp VGC\n|t:|1683316455\n|gametype|doubles\n|player|p1|therealrumpleman|koga|1391\n|player|p2|AlexEmp VGC|shauntal|1398\n|teamsize|p1|6\n|teamsize|p2|6\n|gen|9\n|tier|[Gen 9] VGC 2023 Regulation C\n|rated|\n|rule|Species Clause: Limit one of each Pok\u00e9mon\n|rule|Item Clause: Limit one of each item\n|clearpoke\n|poke|p1|Rotom-Wash, L50|\n|poke|p1|Chien-Pao, L50|\n|poke|p1|Flutter Mane, L50|\n|poke|p1|Amoonguss, L50, F|\n|poke|p1|Talonflame, L50, F|\n|poke|p1|Great Tusk, L50|\n|poke|p2|Flutter Mane, L50|\n|poke|p2|Iron Hands, L50|\n|poke|p2|Palafin, L50, M|\n|poke|p2|Chi-Yu, L50|\n|poke|p2|Corviknight, L50, F|\n|poke|p2|Iron Bundle, L50|\n|teampreview|4\n|inactive|Battle timer is ON: inactive players will automatically lose when time's up. (requested by therealrumpleman)\nAlexEmp VGC has agreed to open team sheets.\n|inactive|AlexEmp VGC has 60 seconds left.\n|\n|t:|1683316500\n|start\n|switch|p1a: Talonflame|Talonflame, L50, F|100\/100\n|switch|p1b: Rotom|Rotom-Wash, L50|100\/100\n|switch|p2a: Segiri|Iron Hands, L50|100\/100\n|switch|p2b: Corviknight|Corviknight, L50, F, shiny|100\/100\n|turn|1\n|\n|t:|1683316521\n|move|p2a: Segiri|Fake Out|p1b: Rotom\n|-damage|p1b: Rotom|86\/100\n|move|p1a: Talonflame|Will-O-Wisp|p2a: Segiri\n|-status|p2a: Segiri|brn\n|cant|p1b: Rotom|flinch\n|move|p2b: Corviknight|Taunt|p1b: Rotom\n|-start|p1b: Rotom|move: Taunt\n|\n|-damage|p2a: Segiri|94\/100 brn|[from] brn\n|upkeep\n|turn|2\n|inactive|AlexEmp VGC has 30 seconds left.\n|\n|t:|1683316551\n|switch|p2b: Taion|Chi-Yu, L50|100\/100\n|-ability|p2b: Taion|Beads of Ruin\n|move|p1a: Talonflame|Will-O-Wisp|p2b: Taion\n|-immune|p2b: Taion\n|move|p1b: Rotom|Thunderbolt|p2b: Taion\n|-damage|p2b: Taion|50\/100\n|move|p2a: Segiri|Wild Charge|p1a: Talonflame\n|-supereffective|p1a: Talonflame\n|-damage|p1a: Talonflame|25\/100\n|-damage|p2a: Segiri|83\/100 brn|[from] Recoil\n|\n|-damage|p2a: Segiri|77\/100 brn|[from] brn\n|upkeep\n|turn|3\n|inactive|therealrumpleman has 30 seconds left.\n|inactive|AlexEmp VGC has 30 seconds left.\n|inactive|AlexEmp VGC has 20 seconds left.\n|\n|t:|1683316591\n|-terastallize|p2b: Taion|Grass\n|-terastallize|p1b: Rotom|Electric\n|move|p1a: Talonflame|Tailwind|p1a: Talonflame\n|-sidestart|p1: therealrumpleman|move: Tailwind\n|move|p1b: Rotom|Thunderbolt|p2b: Taion\n|-resisted|p2b: Taion\n|-damage|p2b: Taion|21\/100\n|move|p2b: Taion|Tera Blast|p1b: Rotom\n|-damage|p1b: Rotom|8\/100\n|move|p2a: Segiri|Wild Charge|p1a: Talonflame\n|-supereffective|p1a: Talonflame\n|-damage|p1a: Talonflame|0 fnt\n|faint|p1a: Talonflame\n|-damage|p2a: Segiri|73\/100 brn|[from] Recoil\n|\n|-damage|p2a: Segiri|67\/100 brn|[from] brn\n|upkeep\n|\n|t:|1683316600\n|switch|p1a: Great Tusk|Great Tusk, L50|100\/100\n|turn|4\n|\n|t:|1683316614\n|-end|p2a: Segiri|Quark Drive|[silent]\n|switch|p2a: Corviknight|Corviknight, L50, F, shiny|100\/100\n|move|p1a: Great Tusk|Earthquake|p2b: Taion|[spread] p2b\n|-immune|p1b: Rotom|[from] ability: Levitate\n|-immune|p2a: Corviknight\n|-resisted|p2b: Taion\n|-damage|p2b: Taion|0 fnt\n|faint|p2b: Taion\n|move|p1b: Rotom|Thunderbolt|p2a: Corviknight\n|-supereffective|p2a: Corviknight\n|-damage|p2a: Corviknight|20\/100\n|\n|-end|p1b: Rotom|move: Taunt\n|upkeep\n|\n|t:|1683316626\n|switch|p2b: Juniper|Flutter Mane, L50|100\/100\n|-enditem|p2b: Juniper|Booster Energy\n|-activate|p2b: Juniper|ability: Protosynthesis|[fromitem]\n|-start|p2b: Juniper|protosynthesisspe\n|turn|5\n|inactive|therealrumpleman has 30 seconds left.\n|inactive|therealrumpleman has 20 seconds left.\n|\n|t:|1683316662\n|move|p2b: Juniper|Protect|p2b: Juniper\n|-singleturn|p2b: Juniper|Protect\n|move|p1a: Great Tusk|Earthquake|p2b: Juniper|[spread] \n|-activate|p2b: Juniper|move: Protect\n|-immune|p1b: Rotom|[from] ability: Levitate\n|-immune|p2a: Corviknight\n|move|p1b: Rotom|Thunderbolt|p2a: Corviknight\n|-supereffective|p2a: Corviknight\n|-damage|p2a: Corviknight|0 fnt\n|faint|p2a: Corviknight\n|\n|upkeep\n|\n|t:|1683316671\n|switch|p2a: Segiri|Iron Hands, L50|67\/100 brn\n|turn|6\n|\n|t:|1683316688\n|move|p1b: Rotom|Protect|p1b: Rotom\n|-singleturn|p1b: Rotom|Protect\n|move|p2a: Segiri|Fake Out|p1a: Great Tusk\n|-damage|p1a: Great Tusk|95\/100\n|cant|p1a: Great Tusk|flinch\n|move|p2b: Juniper|Moonblast|p1b: Rotom\n|-activate|p1b: Rotom|move: Protect\n|\n|-damage|p2a: Segiri|61\/100 brn|[from] brn\n|-sideend|p1: therealrumpleman|move: Tailwind\n|upkeep\n|turn|7\n|inactive|therealrumpleman has 30 seconds left.\n|inactive|therealrumpleman has 20 seconds left.\n|\n|t:|1683316726\n|move|p2b: Juniper|Moonblast|p1a: Great Tusk\n|-supereffective|p1a: Great Tusk\n|-damage|p1a: Great Tusk|0 fnt\n|faint|p1a: Great Tusk\n|-end|p1a: Great Tusk|Protosynthesis|[silent]\n|move|p1b: Rotom|Hydro Pump|p2a: Segiri\n|-damage|p2a: Segiri|37\/100 brn\n|move|p2a: Segiri|Drain Punch|p1b: Rotom\n|-damage|p1b: Rotom|0 fnt\n|-heal|p2a: Segiri|39\/100 brn|[from] drain|[of] p1b: Rotom\n|faint|p1b: Rotom\n|\n|-damage|p2a: Segiri|33\/100 brn|[from] brn\n|upkeep\n|\n|t:|1683316730\n|switch|p1b: Flutter Mane|Flutter Mane, L50|100\/100\n|turn|8\n|inactive|AlexEmp VGC has 30 seconds left.\n|\n|t:|1683316761\n|move|p2b: Juniper|Shadow Ball|p1b: Flutter Mane\n|-supereffective|p1b: Flutter Mane\n|-crit|p1b: Flutter Mane\n|-damage|p1b: Flutter Mane|0 fnt\n|faint|p1b: Flutter Mane\n|-end|p1b: Flutter Mane|Protosynthesis|[silent]\n|\n|win|AlexEmp VGC\n|raw|therealrumpleman's rating: 1391 → 1371<\/strong> (-20 for losing)\n|raw|AlexEmp VGC's rating: 1398 → 1418<\/strong> (+20 for winning)\n|l|\u2606AlexEmp VGC\n","uploadtime":1683316768,"views":13,"p1id":"therealrumpleman","p2id":"alexempvgc","formatid":"gen9vgc2023regulationc","rating":1371,"private":0,"password":""}