{"id":"gen9vgc2023regulationc-1857149499","p1":"chipndip","p2":"SirPinky","format":"[Gen 9] VGC 2023 Regulation C","log":"|j|\u2606chipndip\n|j|\u2606SirPinky\n|t:|1683151030\n|gametype|doubles\n|player|p1|chipndip|blackbelt-gen4dp|1345\n|player|p2|SirPinky|rosa|1410\n|teamsize|p1|6\n|teamsize|p2|6\n|gen|9\n|tier|[Gen 9] VGC 2023 Regulation C\n|rated|\n|rule|Species Clause: Limit one of each Pok\u00e9mon\n|rule|Item Clause: Limit one of each item\n|clearpoke\n|poke|p1|Annihilape, L50, F|\n|poke|p1|Garganacl, L50, M|\n|poke|p1|Iron Bundle, L50|\n|poke|p1|Amoonguss, L50, M|\n|poke|p1|Sylveon, L50, M|\n|poke|p1|Iron Moth, L50|\n|poke|p2|Torkoal, L50, F|\n|poke|p2|Jumpluff, L50, M|\n|poke|p2|Flutter Mane, L50|\n|poke|p2|Great Tusk, L50|\n|poke|p2|Chien-Pao, L50|\n|poke|p2|Kingambit, L50, M|\n|teampreview|4\n|inactive|Battle timer is ON: inactive players will automatically lose when time's up. (requested by SirPinky)\nchipndip has agreed to open team sheets.\n|inactive|chipndip has 60 seconds left.\n|inactive|SirPinky has 60 seconds left.\n|inactive|chipndip has 30 seconds left.\n|inactive|chipndip has 20 seconds left.\n|inactive|chipndip has 15 seconds left.\n|inactive|chipndip has 10 seconds left.\n|\n|t:|1683151113\n|start\n|switch|p1a: Iron Moth|Iron Moth, L50|100\/100\n|switch|p1b: Iron Bundle|Iron Bundle, L50|100\/100\n|switch|p2a: Jumpluff|Jumpluff, L50, M|100\/100\n|switch|p2b: Torkoal|Torkoal, L50, F|100\/100\n|-weather|SunnyDay|[from] ability: Drought|[of] p2b: Torkoal\n|turn|1\n|inactive|SirPinky has 30 seconds left.\n|inactive|SirPinky has 20 seconds left.\n|\n|t:|1683151151\n|move|p1b: Iron Bundle|Protect|p1b: Iron Bundle\n|-singleturn|p1b: Iron Bundle|Protect\n|move|p1a: Iron Moth|Protect|p1a: Iron Moth\n|-singleturn|p1a: Iron Moth|Protect\n|move|p2a: Jumpluff|Sleep Powder|p1b: Iron Bundle\n|-activate|p1b: Iron Bundle|move: Protect\n|move|p2b: Torkoal|Overheat|p1a: Iron Moth\n|-activate|p1a: Iron Moth|move: Protect\n|\n|-weather|SunnyDay|[upkeep]\n|upkeep\n|turn|2\n|\n|t:|1683151175\n|-end|p1b: Iron Bundle|Quark Drive|[silent]\n|switch|p1b: Garganacl|Garganacl, L50, M|100\/100\n|move|p2a: Jumpluff|Sleep Powder|p1a: Iron Moth\n|-activate|p1a: Iron Moth|item: Safety Goggles|Sleep Powder\n|move|p1a: Iron Moth|Heat Wave|p2a: Jumpluff|[spread] p2a,p2b\n|-supereffective|p2a: Jumpluff\n|-resisted|p2b: Torkoal\n|-damage|p2a: Jumpluff|0 fnt\n|-damage|p2b: Torkoal|71\/100\n|faint|p2a: Jumpluff\n|move|p2b: Torkoal|Overheat|p1b: Garganacl\n|-resisted|p1b: Garganacl\n|-damage|p1b: Garganacl|77\/100\n|-unboost|p2b: Torkoal|spa|2\n|-enditem|p2b: Torkoal|Eject Pack\n|\n|t:|1683151188\n|switch|p2b: Great Tusk|Great Tusk, L50|100\/100\n|-activate|p2b: Great Tusk|ability: Protosynthesis\n|-start|p2b: Great Tusk|protosynthesisatk\n|\n|-weather|SunnyDay|[upkeep]\n|-heal|p1b: Garganacl|83\/100|[from] item: Leftovers\n|upkeep\n|\n|t:|1683151194\n|switch|p2a: Torkoal|Torkoal, L50, F|71\/100\n|turn|3\n|\n|t:|1683151216\n|-terastallize|p2a: Torkoal|Flying\n|move|p2a: Torkoal|Helping Hand|p2b: Great Tusk\n|-singleturn|p2b: Great Tusk|Helping Hand|[of] p2a: Torkoal\n|move|p1a: Iron Moth|Protect|p1a: Iron Moth\n|-singleturn|p1a: Iron Moth|Protect\n|move|p1b: Garganacl|Protect|p1b: Garganacl\n|-singleturn|p1b: Garganacl|Protect\n|move|p2b: Great Tusk|Earthquake|p1a: Iron Moth|[spread] \n|-activate|p1a: Iron Moth|move: Protect\n|-activate|p1b: Garganacl|move: Protect\n|-immune|p2a: Torkoal\n|\n|-weather|SunnyDay|[upkeep]\n|-heal|p1b: Garganacl|89\/100|[from] item: Leftovers\n|upkeep\n|turn|4\n|\n|t:|1683151239\n|-end|p2b: Great Tusk|Protosynthesis|[silent]\n|switch|p2b: Flutter Mane|Flutter Mane, L50|100\/100\n|-activate|p2b: Flutter Mane|ability: Protosynthesis\n|-start|p2b: Flutter Mane|protosynthesisspe\n|-terastallize|p1b: Garganacl|Flying\n|move|p1a: Iron Moth|Heat Wave|p2b: Flutter Mane|[spread] p2a,p2b\n|-damage|p2a: Torkoal|15\/100\n|-damage|p2b: Flutter Mane|36\/100\n|move|p1b: Garganacl|Iron Defense|p1b: Garganacl\n|-boost|p1b: Garganacl|def|2\n|move|p2a: Torkoal|Overheat|p1a: Iron Moth\n|-resisted|p1a: Iron Moth\n|-damage|p1a: Iron Moth|69\/100\n|-unboost|p2a: Torkoal|spa|2\n|\n|-weather|SunnyDay|[upkeep]\n|-heal|p1b: Garganacl|95\/100|[from] item: Leftovers\n|upkeep\n|turn|5\n|inactive|chipndip has 30 seconds left.\n|inactive|SirPinky has 30 seconds left.\n|inactive|SirPinky has 20 seconds left.\n|\n|t:|1683151275\n|switch|p2a: Great Tusk|Great Tusk, L50|100\/100\n|-activate|p2a: Great Tusk|ability: Protosynthesis\n|-start|p2a: Great Tusk|protosynthesisatk\n|move|p2b: Flutter Mane|Thunderbolt|p1b: Garganacl\n|-supereffective|p1b: Garganacl\n|-damage|p1b: Garganacl|26\/100\n|move|p1a: Iron Moth|Heat Wave|p2b: Flutter Mane|[spread] p2a,p2b\n|-damage|p2a: Great Tusk|10\/100\n|-damage|p2b: Flutter Mane|0 fnt\n|faint|p2b: Flutter Mane\n|-end|p2b: Flutter Mane|Protosynthesis|[silent]\n|move|p1b: Garganacl|Salt Cure|p2a: Great Tusk\n|-resisted|p2a: Great Tusk\n|-damage|p2a: Great Tusk|8\/100\n|-start|p2a: Great Tusk|Salt Cure\n|\n|-weather|none\n|-end|p2a: Great Tusk|Protosynthesis\n|-heal|p1b: Garganacl|32\/100|[from] item: Leftovers\n|-damage|p2a: Great Tusk|0 fnt|[from] Salt Cure\n|faint|p2a: Great Tusk\n|-end|p2a: Great Tusk|Protosynthesis|[silent]\n|upkeep\n|-message|SirPinky forfeited.\n|\n|win|chipndip\n|raw|chipndip's rating: 1345 → 1369<\/strong> (+24 for winning)\n|raw|SirPinky's rating: 1410 → 1386<\/strong> (-24 for losing)\n|l|\u2606SirPinky\n","uploadtime":1683151394,"views":9,"p1id":"chipndip","p2id":"sirpinky","formatid":"gen9vgc2023regulationc","rating":1369,"private":0,"password":""}