{"id":"gen9vgc2023regulationc-1861339874","p1":"clica stab","p2":"zzHayp","format":"[Gen 9] VGC 2023 Regulation C","log":"|j|\u2606clica stab\n|j|\u2606zzHayp\n|t:|1683747480\n|gametype|doubles\n|player|p1|clica stab|101|\n|player|p2|zzHayp|pokemonbreeder|\n|teamsize|p1|6\n|teamsize|p2|6\n|gen|9\n|tier|[Gen 9] VGC 2023 Regulation C\n|rule|Species Clause: Limit one of each Pok\u00e9mon\n|rule|Item Clause: Limit one of each item\n|clearpoke\n|poke|p1|Palafin, L50, M|\n|poke|p1|Amoonguss, L50, F|\n|poke|p1|Gholdengo, L50|\n|poke|p1|Garchomp, L50, M|\n|poke|p1|Corviknight, L50, F|\n|poke|p1|Iron Hands, L50|\n|poke|p2|Pelipper, L50, F|\n|poke|p2|Talonflame, L50, M|\n|poke|p2|Dondozo, L50, F|\n|poke|p2|Tatsugiri, L50, F|\n|poke|p2|Gholdengo, L50|\n|poke|p2|Gastrodon-East, L50, F|\n|teampreview|4\n|inactive|Battle timer is ON: inactive players will automatically lose when time's up. (requested by zzHayp)\n|\n|t:|1683747522\n|start\n|switch|p1a: Iron Hands|Iron Hands, L50|100\/100\n|switch|p1b: Palafin|Palafin, L50, M, shiny|100\/100\n|switch|p2a: Dondozo|Dondozo, L50, F|100\/100\n|switch|p2b: Gholdengo|Gholdengo, L50|100\/100\n|-enditem|p1a: Iron Hands|Booster Energy\n|-activate|p1a: Iron Hands|ability: Quark Drive|[fromitem]\n|-start|p1a: Iron Hands|quarkdriveatk\n|turn|1\n|\n|t:|1683747545\n|switch|p2b: Tatsugiri|Tatsugiri, L50, F|100\/100\n|-activate|p2b: Tatsugiri|ability: Commander|[of] p2a: Dondozo\n|-boost|p2a: Dondozo|atk|2\n|-boost|p2a: Dondozo|spa|2\n|-boost|p2a: Dondozo|spe|2\n|-boost|p2a: Dondozo|def|2\n|-boost|p2a: Dondozo|spd|2\n|move|p2a: Dondozo|Protect|p2a: Dondozo\n|-singleturn|p2a: Dondozo|Protect\n|move|p1b: Palafin|Flip Turn|p2a: Dondozo\n|-activate|p2a: Dondozo|move: Protect\n|move|p1a: Iron Hands|Wild Charge|p2b: Tatsugiri|[miss]\n|-miss|p1a: Iron Hands|p2b: Tatsugiri\n|\n|upkeep\n|turn|2\n|\n|t:|1683747566\n|-terastallize|p2a: Dondozo|Dragon\n|move|p2a: Dondozo|Order Up|p1b: Palafin\n|-damage|p1b: Palafin|12\/100\n|-boost|p2a: Dondozo|atk|1\n|move|p1b: Palafin|Flip Turn|p2a: Dondozo\n|-resisted|p2a: Dondozo\n|-damage|p2a: Dondozo|95\/100\n|\n|t:|1683747576\n|detailschange|p1b: Palafin|Palafin-Hero, L50, M, shiny\n|switch|p1b: Garchomp|Garchomp, L50, M|100\/100|[from] Flip Turn\n|move|p1a: Iron Hands|Wild Charge|p2a: Dondozo\n|-resisted|p2a: Dondozo\n|-damage|p2a: Dondozo|82\/100\n|-damage|p1a: Iron Hands|97\/100|[from] Recoil\n|\n|-heal|p2a: Dondozo|88\/100|[from] item: Leftovers\n|upkeep\n|turn|3\n|\n|t:|1683747593\n|-terastallize|p1b: Garchomp|Steel\n|move|p2a: Dondozo|Order Up|p1b: Garchomp\n|-resisted|p1b: Garchomp\n|-damage|p1b: Garchomp|61\/100\n|-boost|p2a: Dondozo|atk|1\n|move|p1b: Garchomp|Outrage|p2b: Tatsugiri|[miss]\n|-miss|p1b: Garchomp|p2b: Tatsugiri\n|move|p1a: Iron Hands|Ice Punch|p2a: Dondozo\n|-supereffective|p2a: Dondozo\n|-damage|p2a: Dondozo|62\/100\n|\n|-heal|p2a: Dondozo|69\/100|[from] item: Leftovers\n|upkeep\n|turn|4\n|c|\u2606clica stab|U\u00e9\n|c|\u2606zzHayp|ele ta dentro da boca\n|c|\u2606zzHayp|do dondozo\n|inactive|clica stab has 30 seconds left.\n|c|\u2606zzHayp|n\u00e3o da para bater nele\n|inactive|clica stab has 20 seconds left.\n|c|\u2606clica stab|Mas mirou no dondozo\n|inactive|clica stab has 15 seconds left.\n|c|\u2606clica stab|Chomp burro\n|inactive|clica stab has 10 seconds left.\n|\n|t:|1683747641\n|move|p2a: Dondozo|Wave Crash|p1b: Garchomp\n|-damage|p1b: Garchomp|0 fnt\n|-damage|p2a: Dondozo|56\/100|[from] ability: Rough Skin|[of] p1b: Garchomp\n|faint|p1b: Garchomp\n|-damage|p2a: Dondozo|37\/100|[from] Recoil\n|move|p1a: Iron Hands|Ice Punch|p2a: Dondozo\n|-supereffective|p2a: Dondozo\n|-damage|p2a: Dondozo|10\/100\n|\n|-heal|p2a: Dondozo|16\/100|[from] item: Leftovers\n|upkeep\n|\n|t:|1683747655\n|switch|p1b: Amoonguss|Amoonguss, L50, F|100\/100\n|turn|5\n|\n|t:|1683747667\n|move|p2a: Dondozo|Protect|p2a: Dondozo\n|-singleturn|p2a: Dondozo|Protect\n|move|p1a: Iron Hands|Ice Punch|p2a: Dondozo\n|-activate|p2a: Dondozo|move: Protect\n|move|p1b: Amoonguss|Clear Smog|p2a: Dondozo\n|-activate|p2a: Dondozo|move: Protect\n|\n|-heal|p2a: Dondozo|22\/100|[from] item: Leftovers\n|upkeep\n|turn|6\n|\n|t:|1683747681\n|move|p2a: Dondozo|Wave Crash|p1a: Iron Hands\n|-damage|p1a: Iron Hands|0 fnt\n|faint|p1a: Iron Hands\n|-end|p1a: Iron Hands|Quark Drive|[silent]\n|-damage|p2a: Dondozo|0 fnt|[from] Recoil\n|faint|p2a: Dondozo\n|move|p1b: Amoonguss|Clear Smog|p2b: Tatsugiri\n|-damage|p2b: Tatsugiri|79\/100\n|-clearboost|p2b: Tatsugiri\n|\n|upkeep\n|c|\u2606clica stab|GG praticamente\n|c|\u2606zzHayp|sim\n|\n|t:|1683747696\n|switch|p2a: Talonflame|Talonflame, L50, M|100\/100\n|switch|p1a: Palafin|Palafin-Hero, L50, M, shiny|12\/100\n|-activate|p1a: Palafin|ability: Zero to Hero\n|turn|7\n|\n|t:|1683747708\n|move|p2a: Talonflame|Hurricane|p1b: Amoonguss\n|-supereffective|p1b: Amoonguss\n|-damage|p1b: Amoonguss|7\/100\n|move|p2b: Tatsugiri|Draco Meteor|p1a: Palafin\n|-damage|p1a: Palafin|0 fnt\n|-unboost|p2b: Tatsugiri|spa|2\n|faint|p1a: Palafin\n|move|p1b: Amoonguss|Giga Drain|p2b: Tatsugiri\n|-damage|p2b: Tatsugiri|47\/100\n|-heal|p1b: Amoonguss|18\/100|[from] drain|[of] p2b: Tatsugiri\n|\n|upkeep\n|turn|8\n|c|\u2606clica stab|Chomp burro\n|\n|t:|1683747726\n|move|p2a: Talonflame|Hurricane|p1b: Amoonguss|[miss]\n|-miss|p2a: Talonflame|p1b: Amoonguss\n|move|p2b: Tatsugiri|Draco Meteor|p1b: Amoonguss\n|-damage|p1b: Amoonguss|0 fnt\n|-unboost|p2b: Tatsugiri|spa|2\n|faint|p1b: Amoonguss\n|\n|win|zzHayp\n|c|\u2606zzHayp|kkkkkkkkkkk\n","uploadtime":1683747735,"views":13,"p1id":"clicastab","p2id":"zzhayp","formatid":"gen9vgc2023regulationc","rating":0,"private":0,"password":""}