{"id":"gen9vgc2023regulationc-1857387605","p1":"Andrey.iam7","p2":"tadano-reol","format":"[Gen 9] VGC 2023 Regulation C","log":"|j|\u2606Andrey.iam7\n|j|\u2606tadano-reol\n|t:|1683184785\n|gametype|doubles\n|player|p1|Andrey.iam7|koga|1163\n|player|p2|tadano-reol|red|1130\n|teamsize|p1|6\n|teamsize|p2|6\n|gen|9\n|tier|[Gen 9] VGC 2023 Regulation C\n|rated|\n|rule|Species Clause: Limit one of each Pok\u00e9mon\n|rule|Item Clause: Limit one of each item\n|clearpoke\n|poke|p1|Iron Bundle, L50|\n|poke|p1|Murkrow, L50, M|\n|poke|p1|Ting-Lu, L50|\n|poke|p1|Armarouge, L50, M|\n|poke|p1|Slither Wing, L50|\n|poke|p1|Indeedee-F, L50, F|\n|poke|p2|Armarouge, L50, F|\n|poke|p2|Indeedee-F, L50, F|\n|poke|p2|Roaring Moon, L50|\n|poke|p2|Corviknight, L50, M|\n|poke|p2|Garchomp, L50, F|\n|poke|p2|Flutter Mane, L50|\n|teampreview|4\n|inactive|Battle timer is ON: inactive players will automatically lose when time's up. (requested by Andrey.iam7)\n|j| hisanory\n|inactive|tadano-reol has 60 seconds left.\n|\n|t:|1683184820\n|start\n|switch|p1a: Indeedee|Indeedee-F, L50, F|100\/100\n|switch|p1b: Armarouge|Armarouge, L50, M|100\/100\n|switch|p2a: Flutter Mane|Flutter Mane, L50|100\/100\n|switch|p2b: Corviknight|Corviknight, L50, M|100\/100\n|-fieldstart|move: Psychic Terrain|[from] ability: Psychic Surge|[of] p1a: Indeedee\n|-enditem|p1a: Indeedee|Psychic Seed\n|-boost|p1a: Indeedee|spd|1|[from] item: Psychic Seed\n|turn|1\n|l|\u2606Andrey.iam7\n|inactive|Andrey.iam7 disconnected and has a minute to reconnect!\n|player|p1|\n|inactive|Andrey.iam7 has 30 seconds left.\n|j|\u2606Andrey.iam7\n|inactive|Andrey.iam7 reconnected and has 30 seconds left.\n|player|p1|Andrey.iam7|koga\n|inactive|Andrey.iam7 has 20 seconds left.\n|\n|t:|1683184859\n|move|p2a: Flutter Mane|Dazzling Gleam|p1b: Armarouge|[spread] p1a,p1b\n|-resisted|p1b: Armarouge\n|-damage|p1a: Indeedee|77\/100\n|-damage|p1b: Armarouge|77\/100\n|move|p2b: Corviknight|Brave Bird|p1b: Armarouge\n|-damage|p1b: Armarouge|33\/100\n|-damage|p2b: Corviknight|87\/100|[from] Recoil\n|move|p1b: Armarouge|Expanding Force|p2a: Flutter Mane|[spread] p2a,p2b\n|-resisted|p2b: Corviknight\n|-damage|p2a: Flutter Mane|21\/100\n|-damage|p2b: Corviknight|51\/100\n|-damage|p1b: Armarouge|23\/100|[from] item: Life Orb\n|move|p1a: Indeedee|Trick Room|p1a: Indeedee\n|-fieldstart|move: Trick Room|[of] p1a: Indeedee\n|\n|upkeep\n|turn|2\n|\n|t:|1683184881\n|move|p1b: Armarouge|Expanding Force|p2b: Corviknight|[spread] p2a,p2b\n|-resisted|p2b: Corviknight\n|-damage|p2a: Flutter Mane|0 fnt\n|-damage|p2b: Corviknight|15\/100\n|-enditem|p2b: Corviknight|Sitrus Berry|[eat]\n|-heal|p2b: Corviknight|40\/100|[from] item: Sitrus Berry\n|faint|p2a: Flutter Mane\n|-end|p2a: Flutter Mane|Protosynthesis|[silent]\n|-damage|p1b: Armarouge|14\/100|[from] item: Life Orb\n|move|p2b: Corviknight|Brave Bird|p1b: Armarouge\n|-damage|p1b: Armarouge|0 fnt\n|faint|p1b: Armarouge\n|-damage|p2b: Corviknight|36\/100|[from] Recoil\n|move|p1a: Indeedee|Heal Pulse|p1: Armarouge|[notarget]\n|-fail|p1a: Indeedee\n|\n|upkeep\n|\n|t:|1683184897\n|switch|p1b: Ting-Lu|Ting-Lu, L50|100\/100\n|switch|p2a: Roaring Moon|Roaring Moon, L50, shiny|100\/100\n|-ability|p1b: Ting-Lu|Vessel of Ruin\n|-enditem|p2a: Roaring Moon|Booster Energy\n|-activate|p2a: Roaring Moon|ability: Protosynthesis|[fromitem]\n|-start|p2a: Roaring Moon|protosynthesisspe\n|turn|3\n|l|\u2606Andrey.iam7\n|inactive|Andrey.iam7 disconnected and has a minute to reconnect!\n|player|p1|\n|j|\u2606Andrey.iam7\n|inactive|Andrey.iam7 reconnected and has 35 seconds left.\n|player|p1|Andrey.iam7|koga\n|inactive|Andrey.iam7 has 30 seconds left.\n|inactive|Andrey.iam7 has 20 seconds left.\n|\n|t:|1683184932\n|move|p2a: Roaring Moon|Protect|p2a: Roaring Moon\n|-singleturn|p2a: Roaring Moon|Protect\n|move|p1b: Ting-Lu|Fissure|p2a: Roaring Moon\n|-activate|p2a: Roaring Moon|move: Protect\n|move|p2b: Corviknight|Roost|p2b: Corviknight\n|-heal|p2b: Corviknight|86\/100\n|-singleturn|p2b: Corviknight|move: Roost\n|move|p1a: Indeedee|Psychic|p2b: Corviknight\n|-resisted|p2b: Corviknight\n|-damage|p2b: Corviknight|73\/100\n|\n|upkeep\n|turn|4\n|inactive|Andrey.iam7 has 30 seconds left.\n|\n|t:|1683184959\n|-terastallize|p2a: Roaring Moon|Flying\n|move|p1b: Ting-Lu|Stomping Tantrum|p2a: Roaring Moon\n|-immune|p2a: Roaring Moon\n|move|p2b: Corviknight|Roost|p2b: Corviknight\n|-heal|p2b: Corviknight|100\/100\n|-singleturn|p2b: Corviknight|move: Roost\n|move|p1a: Indeedee|Psychic|p2b: Corviknight\n|-resisted|p2b: Corviknight\n|-damage|p2b: Corviknight|89\/100\n|move|p2a: Roaring Moon|Throat Chop|p1a: Indeedee\n|-supereffective|p1a: Indeedee\n|-damage|p1a: Indeedee|0 fnt\n|faint|p1a: Indeedee\n|\n|upkeep\n|\n|t:|1683184975\n|switch|p1a: Iron Bundle|Iron Bundle, L50|100\/100\n|-enditem|p1a: Iron Bundle|Booster Energy\n|-activate|p1a: Iron Bundle|ability: Quark Drive|[fromitem]\n|-start|p1a: Iron Bundle|quarkdrivespe\n|turn|5\n|\n|t:|1683184988\n|move|p1a: Iron Bundle|Protect|p1a: Iron Bundle\n|-singleturn|p1a: Iron Bundle|Protect\n|move|p2a: Roaring Moon|Protect|p2a: Roaring Moon\n|-singleturn|p2a: Roaring Moon|Protect\n|move|p1b: Ting-Lu|Heavy Slam|p2a: Roaring Moon\n|-activate|p2a: Roaring Moon|move: Protect\n|move|p2b: Corviknight|Iron Head|p1a: Iron Bundle\n|-activate|p1a: Iron Bundle|move: Protect\n|\n|-fieldend|move: Trick Room\n|-fieldend|move: Psychic Terrain\n|upkeep\n|turn|6\n|l|\u2606Andrey.iam7\n|inactive|Andrey.iam7 disconnected and has a minute to reconnect!\n|player|p1|\n|inactive|Andrey.iam7 has 30 seconds left.\n|j|\u2606Andrey.iam7\n|inactive|Andrey.iam7 reconnected and has 30 seconds left.\n|player|p1|Andrey.iam7|koga\n|inactive|Andrey.iam7 has 20 seconds left.\n|\n|t:|1683185027\n|-terastallize|p1a: Iron Bundle|Ice\n|move|p2a: Roaring Moon|Acrobatics|p1a: Iron Bundle\n|-damage|p1a: Iron Bundle|42\/100\n|move|p1a: Iron Bundle|Blizzard|p2a: Roaring Moon|[spread] p2a,p2b\n|-supereffective|p2a: Roaring Moon\n|-damage|p2a: Roaring Moon|25\/100\n|-damage|p2b: Corviknight|52\/100\n|move|p2b: Corviknight|Iron Head|p1a: Iron Bundle\n|-supereffective|p1a: Iron Bundle\n|-damage|p1a: Iron Bundle|0 fnt\n|faint|p1a: Iron Bundle\n|-end|p1a: Iron Bundle|Quark Drive|[silent]\n|move|p1b: Ting-Lu|Heavy Slam|p2b: Corviknight\n|-resisted|p2b: Corviknight\n|-damage|p2b: Corviknight|34\/100\n|\n|upkeep\n|turn|7\n|\n|t:|1683185047\n|move|p2a: Roaring Moon|Protect|p2a: Roaring Moon\n|-singleturn|p2a: Roaring Moon|Protect\n|move|p2b: Corviknight|Roost|p2b: Corviknight\n|-heal|p2b: Corviknight|84\/100\n|-singleturn|p2b: Corviknight|move: Roost\n|move|p1b: Ting-Lu|Stomping Tantrum|p2b: Corviknight\n|-supereffective|p2b: Corviknight\n|-damage|p2b: Corviknight|26\/100\n|\n|upkeep\n|turn|8\n|\n|t:|1683185061\n|move|p2a: Roaring Moon|Acrobatics|p1b: Ting-Lu\n|-damage|p1b: Ting-Lu|67\/100\n|move|p2b: Corviknight|Roost|p2b: Corviknight\n|-heal|p2b: Corviknight|76\/100\n|-singleturn|p2b: Corviknight|move: Roost\n|move|p1b: Ting-Lu|Heavy Slam|p2b: Corviknight\n|-resisted|p2b: Corviknight\n|-damage|p2b: Corviknight|60\/100\n|\n|-heal|p1b: Ting-Lu|73\/100|[from] item: Leftovers\n|upkeep\n|turn|9\n|\n|t:|1683185079\n|move|p2a: Roaring Moon|Acrobatics|p1b: Ting-Lu\n|-damage|p1b: Ting-Lu|37\/100\n|move|p2b: Corviknight|Roost|p2b: Corviknight\n|-heal|p2b: Corviknight|100\/100\n|-singleturn|p2b: Corviknight|move: Roost\n|move|p1b: Ting-Lu|Heavy Slam|p2a: Roaring Moon\n|-damage|p2a: Roaring Moon|8\/100\n|\n|-heal|p1b: Ting-Lu|43\/100|[from] item: Leftovers\n|upkeep\n|turn|10\n|\n|t:|1683185091\n|move|p1b: Ting-Lu|Protect|p1b: Ting-Lu\n|-singleturn|p1b: Ting-Lu|Protect\n|move|p2a: Roaring Moon|Acrobatics|p1b: Ting-Lu\n|-activate|p1b: Ting-Lu|move: Protect\n|move|p2b: Corviknight|Iron Head|p1b: Ting-Lu\n|-activate|p1b: Ting-Lu|move: Protect\n|\n|-heal|p1b: Ting-Lu|49\/100|[from] item: Leftovers\n|upkeep\n|turn|11\n|\n|t:|1683185107\n|move|p2a: Roaring Moon|Acrobatics|p1b: Ting-Lu\n|-damage|p1b: Ting-Lu|13\/100\n|move|p2b: Corviknight|Iron Head|p1b: Ting-Lu\n|-damage|p1b: Ting-Lu|0 fnt\n|faint|p1b: Ting-Lu\n|\n|win|tadano-reol\n|raw|Andrey.iam7's rating: 1163 → 1136<\/strong> (-27 for losing)\n|raw|tadano-reol's rating: 1130 → 1157<\/strong> (+27 for winning)\n|l|\u2606tadano-reol\n|l|\u2606Andrey.iam7\n","uploadtime":1683185116,"views":7,"p1id":"andreyiam7","p2id":"tadanoreol","formatid":"gen9vgc2023regulationc","rating":1136,"private":0,"password":""}