{"id":"gen9vgc2023regulationc-1854121287","p1":"Hypernaro","p2":"Just_SamueIe","format":"[Gen 9] VGC 2023 Regulation C","log":"|j|\u2606Hypernaro\n|j|\u2606Just_SamueIe\n|t:|1682772651\n|gametype|doubles\n|player|p1|Hypernaro|palmer|1367\n|player|p2|Just_SamueIe|chase|1353\n|teamsize|p1|6\n|teamsize|p2|6\n|gen|9\n|tier|[Gen 9] VGC 2023 Regulation C\n|rated|\n|rule|Species Clause: Limit one of each Pok\u00e9mon\n|rule|Item Clause: Limit one of each item\n|clearpoke\n|poke|p1|Orthworm, L50, F|\n|poke|p1|Ting-Lu, L50|\n|poke|p1|Flutter Mane, L50|\n|poke|p1|Chi-Yu, L50|\n|poke|p1|Kingambit, L50, F|\n|poke|p1|Amoonguss, L50, M|\n|poke|p2|Ceruledge, L50, F|\n|poke|p2|Gyarados, L50, F|\n|poke|p2|Klefki, L50, M|\n|poke|p2|Garchomp, L50, M|\n|poke|p2|Chien-Pao, L50|\n|poke|p2|Talonflame, L50, M|\n|teampreview|4\n|inactive|Battle timer is ON: inactive players will automatically lose when time's up. (requested by Hypernaro)\n|\n|t:|1682772782\n|start\n|switch|p1a: Orthworm|Orthworm, L50, F|100\/100\n|switch|p1b: Ting-Lu|Ting-Lu, L50|100\/100\n|switch|p2a: Ceruledge|Ceruledge, L50, F, shiny|100\/100\n|switch|p2b: Gyarados|Gyarados, L50, F|100\/100\n|-ability|p2b: Gyarados|Intimidate|boost\n|-unboost|p1a: Orthworm|atk|1\n|-unboost|p1b: Ting-Lu|atk|1\n|-ability|p1b: Ting-Lu|Vessel of Ruin\n|turn|1\n|inactive|Hypernaro has 30 seconds left.\n|inactive|Just_SamueIe has 30 seconds left.\n|inactive|Hypernaro has 20 seconds left.\n|\n|t:|1682772819\n|-terastallize|p2a: Ceruledge|Grass\n|move|p2b: Gyarados|Thunder Wave|p1a: Orthworm\n|-status|p1a: Orthworm|par\n|move|p2a: Ceruledge|Bulk Up|p2a: Ceruledge\n|-boost|p2a: Ceruledge|atk|1\n|-boost|p2a: Ceruledge|def|1\n|move|p1b: Ting-Lu|Bulldoze|p2b: Gyarados|[spread] p2a\n|-immune|p1a: Orthworm|[from] ability: Earth Eater\n|-immune|p2b: Gyarados\n|-resisted|p2a: Ceruledge\n|-damage|p2a: Ceruledge|96\/100\n|cant|p1a: Orthworm|par\n|\n|upkeep\n|turn|2\n|inactive|Hypernaro has 30 seconds left.\n|\n|t:|1682772851\n|move|p2b: Gyarados|Waterfall|p1b: Ting-Lu\n|-supereffective|p1b: Ting-Lu\n|-damage|p1b: Ting-Lu|61\/100\n|move|p2a: Ceruledge|Bulk Up|p2a: Ceruledge\n|-boost|p2a: Ceruledge|atk|1\n|-boost|p2a: Ceruledge|def|1\n|move|p1b: Ting-Lu|Ruination|p2a: Ceruledge\n|-damage|p2a: Ceruledge|48\/100\n|move|p1a: Orthworm|Iron Defense|p1a: Orthworm\n|-boost|p1a: Orthworm|def|2\n|\n|upkeep\n|turn|3\n|\n|t:|1682772875\n|-terastallize|p1a: Orthworm|Fire\n|move|p2b: Gyarados|Waterfall|p1b: Ting-Lu\n|-supereffective|p1b: Ting-Lu\n|-crit|p1b: Ting-Lu\n|-damage|p1b: Ting-Lu|0 fnt\n|faint|p1b: Ting-Lu\n|move|p2a: Ceruledge|Bitter Blade|p1a: Orthworm\n|-resisted|p1a: Orthworm\n|-damage|p1a: Orthworm|82\/100 par\n|-heal|p2a: Ceruledge|57\/100|[from] drain|[of] p1a: Orthworm\n|cant|p1a: Orthworm|par\n|\n|upkeep\n|\n|t:|1682772889\n|switch|p1b: Chi-Yu|Chi-Yu, L50|100\/100\n|-ability|p1b: Chi-Yu|Beads of Ruin\n|turn|4\n|\n|t:|1682772910\n|move|p1b: Chi-Yu|Dark Pulse|p2a: Ceruledge\n|-damage|p2a: Ceruledge|0 fnt\n|faint|p2a: Ceruledge\n|move|p2b: Gyarados|Waterfall|p1b: Chi-Yu\n|-supereffective|p1b: Chi-Yu\n|-enditem|p1b: Chi-Yu|Focus Sash\n|-damage|p1b: Chi-Yu|1\/100\n|move|p1a: Orthworm|Body Press|p2b: Gyarados\n|-resisted|p2b: Gyarados\n|-damage|p2b: Gyarados|78\/100\n|\n|upkeep\n|\n|t:|1682772915\n|switch|p2a: Garchomp|Garchomp, L50, M|100\/100\n|turn|5\n|\n|t:|1682772932\n|move|p1b: Chi-Yu|Protect|p1b: Chi-Yu\n|-singleturn|p1b: Chi-Yu|Protect\n|move|p2a: Garchomp|Earthquake|p1b: Chi-Yu|[spread] \n|-activate|p1b: Chi-Yu|move: Protect\n|-heal|p1a: Orthworm|100\/100 par|[from] ability: Earth Eater|[of] p2a: Garchomp\n|-immune|p2b: Gyarados\n|move|p2b: Gyarados|Waterfall|p1a: Orthworm\n|-supereffective|p1a: Orthworm\n|-damage|p1a: Orthworm|75\/100 par\n|cant|p1a: Orthworm|flinch\n|\n|upkeep\n|turn|6\n|\n|t:|1682772949\n|move|p2a: Garchomp|Earthquake|p1a: Orthworm|[spread] p1b\n|-heal|p1a: Orthworm|100\/100 par|[from] ability: Earth Eater|[of] p2a: Garchomp\n|-immune|p2b: Gyarados\n|-supereffective|p1b: Chi-Yu\n|-damage|p1b: Chi-Yu|0 fnt\n|faint|p1b: Chi-Yu\n|move|p2b: Gyarados|Waterfall|p1a: Orthworm\n|-supereffective|p1a: Orthworm\n|-damage|p1a: Orthworm|77\/100 par\n|cant|p1a: Orthworm|par\n|\n|upkeep\n|\n|t:|1682772958\n|switch|p1b: Flutter Mane|Flutter Mane, L50|100\/100\n|-enditem|p1b: Flutter Mane|Booster Energy\n|-activate|p1b: Flutter Mane|ability: Protosynthesis|[fromitem]\n|-start|p1b: Flutter Mane|protosynthesisspa\n|turn|7\n|\n|t:|1682772965\n|switch|p2a: Klefki|Klefki, L50, M|100\/100\n|move|p1b: Flutter Mane|Moonblast|p2a: Klefki\n|-resisted|p2a: Klefki\n|-damage|p2a: Klefki|53\/100\n|move|p2b: Gyarados|Iron Head|p1b: Flutter Mane\n|-supereffective|p1b: Flutter Mane\n|-damage|p1b: Flutter Mane|26\/100\n|move|p1a: Orthworm|Iron Defense|p1a: Orthworm\n|-boost|p1a: Orthworm|def|2\n|\n|upkeep\n|turn|8\n|\n|t:|1682772979\n|move|p1b: Flutter Mane|Protect|p1b: Flutter Mane\n|-singleturn|p1b: Flutter Mane|Protect\n|move|p2a: Klefki|Thunder Wave|p1b: Flutter Mane\n|-activate|p1b: Flutter Mane|move: Protect\n|move|p2b: Gyarados|Iron Head|p1b: Flutter Mane\n|-activate|p1b: Flutter Mane|move: Protect\n|cant|p1a: Orthworm|par\n|\n|upkeep\n|turn|9\n|\n|t:|1682772989\n|move|p2a: Klefki|Thunder Wave|p1b: Flutter Mane\n|-status|p1b: Flutter Mane|par\n|move|p2b: Gyarados|Iron Head|p1b: Flutter Mane\n|-supereffective|p1b: Flutter Mane\n|-damage|p1b: Flutter Mane|0 fnt\n|faint|p1b: Flutter Mane\n|-end|p1b: Flutter Mane|Protosynthesis|[silent]\n|move|p1a: Orthworm|Body Press|p2a: Klefki\n|-damage|p2a: Klefki|0 fnt\n|faint|p2a: Klefki\n|\n|upkeep\n|\n|t:|1682772998\n|switch|p2a: Garchomp|Garchomp, L50, M|100\/100\n|turn|10\n|\n|t:|1682773016\n|move|p2a: Garchomp|Rock Slide|p1a: Orthworm\n|-supereffective|p1a: Orthworm\n|-damage|p1a: Orthworm|55\/100 par\n|move|p2b: Gyarados|Waterfall|p1a: Orthworm\n|-supereffective|p1a: Orthworm\n|-damage|p1a: Orthworm|38\/100 par\n|-enditem|p1a: Orthworm|Sitrus Berry|[eat]\n|-heal|p1a: Orthworm|63\/100 par|[from] item: Sitrus Berry\n|cant|p1a: Orthworm|flinch\n|\n|upkeep\n|turn|11\n|\n|t:|1682773026\n|move|p2a: Garchomp|Rock Slide|p1a: Orthworm\n|-supereffective|p1a: Orthworm\n|-damage|p1a: Orthworm|43\/100 par\n|move|p2b: Gyarados|Waterfall|p1a: Orthworm\n|-supereffective|p1a: Orthworm\n|-damage|p1a: Orthworm|24\/100 par\n|cant|p1a: Orthworm|flinch\n|\n|upkeep\n|turn|12\n|c|\u2606Just_SamueIe|paraflinch ops\n|c|\u2606Just_SamueIe|AJHAHHAHAHAHa\n|\n|t:|1682773037\n|move|p2a: Garchomp|Rock Slide|p1a: Orthworm\n|-supereffective|p1a: Orthworm\n|-damage|p1a: Orthworm|5\/100 par\n|move|p2b: Gyarados|Waterfall|p1a: Orthworm\n|-supereffective|p1a: Orthworm\n|-damage|p1a: Orthworm|0 fnt\n|faint|p1a: Orthworm\n|\n|win|Just_SamueIe\n|raw|Hypernaro's rating: 1367 → 1346<\/strong> (-21 for losing)\n|raw|Just_SamueIe's rating: 1353 → 1374<\/strong> (+21 for winning)\n","uploadtime":1682773051,"views":19,"p1id":"hypernaro","p2id":"justsamueie","formatid":"gen9vgc2023regulationc","rating":1346,"private":0,"password":""}