{"id":"gen9vgc2023regulationc-1846715247","p1":"kople700","p2":"hangentori","format":"[Gen 9] VGC 2023 Regulation C","log":"|j|\u2606kople700\n|j|\u2606hangentori\n|t:|1681869278\n|gametype|doubles\n|player|p1|kople700|266|\n|player|p2|hangentori|picnicker|\n|teamsize|p1|6\n|teamsize|p2|6\n|gen|9\n|tier|[Gen 9] VGC 2023 Regulation C\n|rule|Species Clause: Limit one of each Pok\u00e9mon\n|rule|Item Clause: Limit one of each item\n|clearpoke\n|poke|p1|Palafin, L50, F|\n|poke|p1|Flutter Mane, L50|\n|poke|p1|Arcanine, L50, M|\n|poke|p1|Ting-Lu, L50|\n|poke|p1|Amoonguss, L50, F|\n|poke|p1|Kingambit, L50, M|\n|poke|p2|Talonflame, L50, M|\n|poke|p2|Garchomp, L50, M|\n|poke|p2|Flutter Mane, L50|\n|poke|p2|Iron Bundle, L50|\n|poke|p2|Ditto, L50|\n|poke|p2|Chien-Pao, L50|\n|teampreview|4\nkople700 has agreed to open team sheets.\n|\n|t:|1681869301\n|start\n|switch|p1a: Arcanine|Arcanine, L50, M, shiny|100\/100\n|switch|p1b: Amoonguss|Amoonguss, L50, F, shiny|100\/100\n|switch|p2a: Flutter Mane|Flutter Mane, L50|100\/100\n|switch|p2b: Ditto|Ditto, L50|100\/100\n|-ability|p1a: Arcanine|Intimidate|boost\n|-unboost|p2a: Flutter Mane|atk|1\n|-unboost|p2b: Ditto|atk|1\n|-transform|p2b: Ditto|p1a: Arcanine|[from] ability: Imposter\n|-ability|p2b: Ditto|Intimidate|boost\n|-unboost|p1a: Arcanine|atk|1\n|-unboost|p1b: Amoonguss|atk|1\n|turn|1\n|c|\u2606kople700|GLHF\n|c|\u2606hangentori|glhf\n|\n|t:|1681869332\n|switch|p1b: Palafin|Palafin, L50, F|100\/100\n|-terastallize|p2a: Flutter Mane|Fairy\n|move|p2b: Ditto|Flare Blitz|p1b: Palafin\n|-resisted|p1b: Palafin\n|-damage|p1b: Palafin|72\/100\n|-damage|p2b: Ditto|88\/100|[from] Recoil\n|move|p2a: Flutter Mane|Dazzling Gleam|p1b: Palafin|[spread] p1a,p1b\n|-resisted|p1a: Arcanine\n|-damage|p1a: Arcanine|67\/100\n|-damage|p1b: Palafin|0 fnt\n|faint|p1b: Palafin\n|move|p1a: Arcanine|Flare Blitz|p2a: Flutter Mane\n|-damage|p2a: Flutter Mane|41\/100\n|-damage|p1a: Arcanine|54\/100|[from] Recoil\n|\n|upkeep\n|\n|t:|1681869344\n|switch|p1b: Ting-Lu|Ting-Lu, L50|100\/100\n|-ability|p1b: Ting-Lu|Vessel of Ruin\n|turn|2\n|\n|t:|1681869382\n|-terastallize|p1a: Arcanine|Flying\n|move|p1a: Arcanine|Extreme Speed|p2a: Flutter Mane\n|-damage|p2a: Flutter Mane|17\/100\n|move|p2b: Ditto|Flare Blitz|p1a: Arcanine\n|-damage|p1a: Arcanine|7\/100\n|-damage|p2b: Ditto|68\/100|[from] Recoil\n|move|p2a: Flutter Mane|Dazzling Gleam|p1b: Ting-Lu|[spread] p1a,p1b\n|-supereffective|p1b: Ting-Lu\n|-damage|p1a: Arcanine|0 fnt\n|-damage|p1b: Ting-Lu|59\/100\n|faint|p1a: Arcanine\n|move|p1b: Ting-Lu|Earthquake|p2a: Flutter Mane|[spread] p2a,p2b\n|-supereffective|p2b: Ditto\n|-crit|p2b: Ditto\n|-damage|p2a: Flutter Mane|0 fnt\n|-damage|p2b: Ditto|0 fnt\n|faint|p2a: Flutter Mane\n|-end|p2a: Flutter Mane|Protosynthesis|[silent]\n|faint|p2b: Ditto\n|\n|upkeep\n|\n|t:|1681869432\n|switch|p2a: Chien-Pao|Chien-Pao, L50|100\/100\n|switch|p1a: Amoonguss|Amoonguss, L50, F, shiny|100\/100\n|switch|p2b: Garchomp|Garchomp, L50, M|100\/100\n|-ability|p2a: Chien-Pao|Sword of Ruin\n|turn|3\n|\n|t:|1681869460\n|move|p1a: Amoonguss|Rage Powder|p1a: Amoonguss\n|-singleturn|p1a: Amoonguss|move: Rage Powder\n|move|p2a: Chien-Pao|Ice Spinner|p1a: Amoonguss\n|-supereffective|p1a: Amoonguss\n|-damage|p1a: Amoonguss|20\/100\n|-damage|p2a: Chien-Pao|84\/100|[from] item: Rocky Helmet|[of] p1a: Amoonguss\n|move|p2b: Garchomp|Dragon Claw|p1a: Amoonguss\n|-damage|p1a: Amoonguss|0 fnt\n|-damage|p2b: Garchomp|84\/100|[from] item: Rocky Helmet|[of] p1a: Amoonguss\n|faint|p1a: Amoonguss\n|-damage|p2b: Garchomp|74\/100|[from] item: Life Orb\n|move|p1b: Ting-Lu|Heavy Slam|p2a: Chien-Pao\n|-supereffective|p2a: Chien-Pao\n|-crit|p2a: Chien-Pao\n|-damage|p2a: Chien-Pao|0 fnt\n|faint|p2a: Chien-Pao\n|\n|upkeep\n|turn|4\n|\n|t:|1681869557\n|move|p2b: Garchomp|Earthquake|p1b: Ting-Lu\n|-damage|p1b: Ting-Lu|16\/100\n|-damage|p2b: Garchomp|64\/100|[from] item: Life Orb\n|move|p1b: Ting-Lu|Fissure|p2b: Garchomp|[miss]\n|-miss|p1b: Ting-Lu|p2b: Garchomp\n|\n|upkeep\n|turn|5\n|c|\u2606kople700|Damn gg\n|\n|t:|1681869564\n|move|p2b: Garchomp|Earthquake|p1b: Ting-Lu\n|-damage|p1b: Ting-Lu|0 fnt\n|faint|p1b: Ting-Lu\n|-damage|p2b: Garchomp|55\/100|[from] item: Life Orb\n|\n|win|hangentori\n|c|\u2606hangentori|woah\n|c|\u2606hangentori|fi...\n|c|\u2606hangentori|fisure?\n|l|\u2606kople700\n","uploadtime":1681869608,"views":17,"p1id":"kople700","p2id":"hangentori","formatid":"gen9vgc2023regulationc","rating":0,"private":0,"password":""}