{"id":"gen9vgc2023regulationc-1848060334","p1":"Drayagedrag0","p2":"pls be kind to me","format":"[Gen 9] VGC 2023 Regulation C","log":"|j|\u2606Drayagedrag0\n|j|\u2606pls be kind to me\n|t:|1682025278\n|gametype|doubles\n|player|p1|Drayagedrag0|1|1223\n|player|p2|pls be kind to me|flannery|1187\n|teamsize|p1|6\n|teamsize|p2|6\n|gen|9\n|tier|[Gen 9] VGC 2023 Regulation C\n|rated|\n|rule|Species Clause: Limit one of each Pok\u00e9mon\n|rule|Item Clause: Limit one of each item\n|clearpoke\n|poke|p1|Sylveon, L50, M|\n|poke|p1|Chi-Yu, L50|\n|poke|p1|Murkrow, L50, F|\n|poke|p1|Great Tusk, L50|\n|poke|p1|Gholdengo, L50|\n|poke|p1|Amoonguss, L50, M|\n|poke|p2|Chi-Yu, L50|\n|poke|p2|Flutter Mane, L50|\n|poke|p2|Corviknight, L50, M|\n|poke|p2|Baxcalibur, L50, F|\n|poke|p2|Scream Tail, L50|\n|poke|p2|Dachsbun, L50, F|\n|teampreview|4\npls be kind to me has agreed to open team sheets.\n|inactive|Battle timer is ON: inactive players will automatically lose when time's up. (requested by Drayagedrag0)\n|inactive|Drayagedrag0 has 60 seconds left.\n|inactive|pls be kind to me has 60 seconds left.\n|\n|t:|1682025347\n|start\n|switch|p1a: Darwin|Chi-Yu, L50|100\/100\n|switch|p1b: Nickel|Gholdengo, L50|100\/100\n|switch|p2a: Chi-Yu|Chi-Yu, L50|100\/100\n|switch|p2b: Dachsbun|Dachsbun, L50, F|100\/100\n|-ability|p2a: Chi-Yu|Beads of Ruin\n|-ability|p1a: Darwin|Beads of Ruin\n|turn|1\n|inactive|Drayagedrag0 has 30 seconds left.\n|\n|t:|1682025379\n|-terastallize|p2b: Dachsbun|Steel\n|-terastallize|p1b: Nickel|Water\n|move|p2a: Chi-Yu|Lava Plume|p1b: Nickel|[spread] p1a,p1b\n|-ability|p2b: Dachsbun|Well-Baked Body|boost\n|-boost|p2b: Dachsbun|def|2\n|-resisted|p1a: Darwin\n|-resisted|p1b: Nickel\n|-damage|p1a: Darwin|88\/100\n|-damage|p1b: Nickel|80\/100\n|-status|p1b: Nickel|brn\n|move|p1a: Darwin|Dark Pulse|p2b: Dachsbun\n|-damage|p2b: Dachsbun|47\/100\n|cant|p2b: Dachsbun|flinch\n|move|p1b: Nickel|Shadow Ball|p2b: Dachsbun\n|-damage|p2b: Dachsbun|0 fnt\n|faint|p2b: Dachsbun\n|-damage|p1b: Nickel|71\/100 brn|[from] item: Life Orb\n|\n|-damage|p1b: Nickel|64\/100 brn|[from] brn\n|upkeep\n|\n|t:|1682025394\n|switch|p2b: Flutter Mane|Flutter Mane, L50|100\/100\n|turn|2\n|inactive|pls be kind to me has 30 seconds left.\n|\n|t:|1682025429\n|switch|p2a: Corviknight|Corviknight, L50, M, shiny|100\/100\n|move|p2b: Flutter Mane|Thunderbolt|p1b: Nickel\n|-supereffective|p1b: Nickel\n|-damage|p1b: Nickel|0 fnt\n|faint|p1b: Nickel\n|move|p1a: Darwin|Dark Pulse|p2b: Flutter Mane\n|-damage|p2b: Flutter Mane|45\/100\n|\n|upkeep\n|\n|t:|1682025439\n|switch|p1b: Manny|Great Tusk, L50, shiny|100\/100\n|turn|3\n|\n|t:|1682025460\n|move|p1b: Manny|Rock Slide|p2a: Corviknight|[spread] p2a,p2b\n|-damage|p2a: Corviknight|85\/100\n|-damage|p2b: Flutter Mane|10\/100\n|move|p2b: Flutter Mane|Thunderbolt|p1a: Darwin\n|-damage|p1a: Darwin|39\/100\n|-enditem|p1a: Darwin|Sitrus Berry|[eat]\n|-heal|p1a: Darwin|63\/100|[from] item: Sitrus Berry\n|move|p1a: Darwin|Heat Wave|p2a: Corviknight|[spread] p2a,p2b\n|-supereffective|p2a: Corviknight\n|-damage|p2a: Corviknight|19\/100\n|-damage|p2b: Flutter Mane|0 fnt\n|faint|p2b: Flutter Mane\n|-end|p2b: Flutter Mane|Protosynthesis|[silent]\n|move|p2a: Corviknight|Brave Bird|p1a: Darwin\n|-damage|p1a: Darwin|15\/100\n|-damage|p2a: Corviknight|6\/100|[from] Recoil\n|\n|upkeep\n|\n|t:|1682025469\n|switch|p2b: Chi-Yu|Chi-Yu, L50|100\/100\n|-ability|p2b: Chi-Yu|Beads of Ruin\n|turn|4\n|\n|t:|1682025475\n|move|p1a: Darwin|Protect|p1a: Darwin\n|-singleturn|p1a: Darwin|Protect\n|move|p2b: Chi-Yu|Heat Wave|p1a: Darwin|[spread] p1b\n|-activate|p1a: Darwin|move: Protect\n|-damage|p1b: Manny|35\/100\n|move|p1b: Manny|Rock Slide|p2b: Chi-Yu|[spread] p2a,p2b\n|-supereffective|p2b: Chi-Yu\n|-damage|p2a: Corviknight|0 fnt\n|-damage|p2b: Chi-Yu|55\/100\n|faint|p2a: Corviknight\n|\n|upkeep\n|turn|5\n|\n|t:|1682025495\n|move|p2b: Chi-Yu|Heat Wave|p1a: Darwin|[spread] p1a,p1b\n|-resisted|p1a: Darwin\n|-damage|p1a: Darwin|0 fnt\n|-damage|p1b: Manny|0 fnt\n|faint|p1a: Darwin\n|faint|p1b: Manny\n|-end|p1b: Manny|Protosynthesis|[silent]\n|\n|upkeep\n|\n|t:|1682025498\n|switch|p1b: Ribbons|Sylveon, L50, M, shiny|100\/100\n|turn|6\n|\n|t:|1682025501\n|move|p2b: Chi-Yu|Heat Wave|p1b: Ribbons\n|-damage|p1b: Ribbons|50\/100\n|move|p1b: Ribbons|Hyper Voice|p2b: Chi-Yu\n|-damage|p2b: Chi-Yu|6\/100\n|-enditem|p1b: Ribbons|Throat Spray\n|-boost|p1b: Ribbons|spa|1|[from] item: Throat Spray\n|\n|upkeep\n|turn|7\n|\n|t:|1682025507\n|move|p2b: Chi-Yu|Heat Wave|p1b: Ribbons\n|-damage|p1b: Ribbons|0 fnt\n|faint|p1b: Ribbons\n|\n|win|pls be kind to me\n|raw|Drayagedrag0's rating: 1223 → 1195<\/strong> (-28 for losing)\n|raw|pls be kind to me's rating: 1187 → 1215<\/strong> (+28 for winning)\n|l|\u2606Drayagedrag0\n","uploadtime":1682025514,"views":5,"p1id":"drayagedrag0","p2id":"plsbekindtome","formatid":"gen9vgc2023regulationc","rating":1195,"private":0,"password":""}