{"id":"gen9vgc2023regulationc-1855704700","p1":"yuuuuuuuuuj","p2":"hhhyy6","format":"[Gen 9] VGC 2023 Regulation C","log":"|j|\u2606yuuuuuuuuuj\n|j|\u2606hhhyy6\n|t:|1682974985\n|gametype|doubles\n|player|p1|yuuuuuuuuuj|101|1109\n|player|p2|hhhyy6|2|1141\n|teamsize|p1|6\n|teamsize|p2|6\n|gen|9\n|tier|[Gen 9] VGC 2023 Regulation C\n|rated|\n|rule|Species Clause: Limit one of each Pok\u00e9mon\n|rule|Item Clause: Limit one of each item\n|clearpoke\n|poke|p1|Meowscarada, L50, F|\n|poke|p1|Tauros-Paldea-Blaze, L50, M|\n|poke|p1|Ting-Lu, L50|\n|poke|p1|Gyarados, L50, M|\n|poke|p1|Flamigo, L50, M|\n|poke|p1|Chien-Pao, L50|\n|poke|p2|Torkoal, L50, M|\n|poke|p2|Chi-Yu, L50|\n|poke|p2|Bronzong, L50|\n|poke|p2|Gastrodon, L50, M|\n|poke|p2|Grimmsnarl, L50, M|\n|poke|p2|Skeledirge, L50, F|\n|teampreview|4\n|inactive|Battle timer is ON: inactive players will automatically lose when time's up. (requested by hhhyy6)\nyuuuuuuuuuj rejected open team sheets.\n|\n|t:|1682975025\n|start\n|switch|p1a: Meowscarada|Meowscarada, L50, F|100\/100\n|switch|p1b: Tauros|Tauros-Paldea-Blaze, L50, M|100\/100\n|switch|p2a: Grimmsnarl|Grimmsnarl, L50, M|100\/100\n|switch|p2b: Bronzong|Bronzong, L50|100\/100\n|turn|1\n|\n|t:|1682975039\n|-terastallize|p1b: Tauros|Grass\n|move|p2a: Grimmsnarl|Fake Out|p1a: Meowscarada\n|-damage|p1a: Meowscarada|81\/100\n|move|p1a: Meowscarada|Flower Trick|p1b: Tauros\n|-resisted|p1b: Tauros\n|-crit|p1b: Tauros\n|-damage|p1b: Tauros|79\/100\n|-setboost|p1b: Tauros|atk|6|[from] ability: Anger Point\n|move|p1b: Tauros|Trailblaze|p2a: Grimmsnarl\n|-damage|p2a: Grimmsnarl|0 fnt\n|-boost|p1b: Tauros|spe|1\n|faint|p2a: Grimmsnarl\n|move|p2b: Bronzong|Trick Room|p2b: Bronzong\n|-fieldstart|move: Trick Room|[of] p2b: Bronzong\n|\n|upkeep\n|\n|t:|1682975045\n|switch|p2a: Torkoal|Torkoal, L50, M|100\/100\n|-weather|SunnyDay|[from] ability: Drought|[of] p2a: Torkoal\n|turn|2\n|\n|t:|1682975061\n|switch|p1a: Ting-Lu|Ting-Lu, L50|100\/100\n|-ability|p1a: Ting-Lu|Vessel of Ruin\n|switch|p1b: Gyarados|Gyarados, L50, M|100\/100\n|-ability|p1b: Gyarados|Intimidate|boost\n|-unboost|p2a: Torkoal|atk|1\n|-unboost|p2b: Bronzong|atk|1\n|move|p2a: Torkoal|Eruption|p1b: Gyarados|[spread] p1a,p1b\n|-resisted|p1b: Gyarados\n|-damage|p1a: Ting-Lu|63\/100\n|-damage|p1b: Gyarados|78\/100\n|-damage|p2a: Torkoal|91\/100|[from] item: Life Orb\n|move|p2b: Bronzong|Body Press|p1b: Gyarados\n|-resisted|p1b: Gyarados\n|-damage|p1b: Gyarados|62\/100\n|\n|-weather|SunnyDay|[upkeep]\n|upkeep\n|turn|3\n|\n|t:|1682975072\n|move|p2a: Torkoal|Protect|p2a: Torkoal\n|-singleturn|p2a: Torkoal|Protect\n|move|p2b: Bronzong|Body Press|p1a: Ting-Lu\n|-supereffective|p1a: Ting-Lu\n|-damage|p1a: Ting-Lu|33\/100\n|move|p1a: Ting-Lu|Throat Chop|p2b: Bronzong\n|-supereffective|p2b: Bronzong\n|-damage|p2b: Bronzong|45\/100\n|-start|p2b: Bronzong|Throat Chop|[silent]\n|move|p1b: Gyarados|Waterfall|p2a: Torkoal\n|-activate|p2a: Torkoal|move: Protect\n|\n|-weather|SunnyDay|[upkeep]\n|upkeep\n|turn|4\n|\n|t:|1682975085\n|move|p2a: Torkoal|Body Press|p1a: Ting-Lu\n|-supereffective|p1a: Ting-Lu\n|-damage|p1a: Ting-Lu|0 fnt\n|faint|p1a: Ting-Lu\n|-damage|p2a: Torkoal|82\/100|[from] item: Life Orb\n|move|p2b: Bronzong|Body Press|p1b: Gyarados\n|-resisted|p1b: Gyarados\n|-damage|p1b: Gyarados|47\/100\n|move|p1b: Gyarados|Earthquake|p2a: Torkoal|[spread] p2a\n|-immune|p2b: Bronzong|[from] ability: Levitate\n|-supereffective|p2a: Torkoal\n|-damage|p2a: Torkoal|55\/100\n|\n|-weather|SunnyDay|[upkeep]\n|-end|p2b: Bronzong|Throat Chop|[silent]\n|upkeep\n|\n|t:|1682975090\n|switch|p1a: Meowscarada|Meowscarada, L50, F|81\/100\n|turn|5\n|\n|t:|1682975098\n|move|p2a: Torkoal|Protect|p2a: Torkoal\n|-singleturn|p2a: Torkoal|Protect\n|move|p2b: Bronzong|Body Press|p1a: Meowscarada\n|-supereffective|p1a: Meowscarada\n|-crit|p1a: Meowscarada\n|-damage|p1a: Meowscarada|0 fnt\n|faint|p1a: Meowscarada\n|move|p1b: Gyarados|Waterfall|p2a: Torkoal\n|-activate|p2a: Torkoal|move: Protect\n|\n|-weather|SunnyDay|[upkeep]\n|-fieldend|move: Trick Room\n|upkeep\n|\n|t:|1682975101\n|switch|p1a: Tauros|Tauros-Paldea-Blaze, L50, M, tera:Grass|79\/100\n|turn|6\n|\n|t:|1682975112\n|switch|p2a: Skeledirge|Skeledirge, L50, F|100\/100\n|move|p1a: Tauros|Raging Bull|p2b: Bronzong\n|-supereffective|p2b: Bronzong\n|-damage|p2b: Bronzong|0 fnt\n|faint|p2b: Bronzong\n|move|p1b: Gyarados|Waterfall|p2a: Skeledirge\n|-supereffective|p2a: Skeledirge\n|-damage|p2a: Skeledirge|72\/100\n|\n|-weather|none\n|-heal|p2a: Skeledirge|77\/100|[from] item: Leftovers\n|upkeep\n|\n|t:|1682975122\n|switch|p2b: Torkoal|Torkoal, L50, M|55\/100\n|-weather|SunnyDay|[from] ability: Drought|[of] p2b: Torkoal\n|turn|7\n|\n|t:|1682975130\n|-terastallize|p2a: Skeledirge|Fairy\n|move|p2b: Torkoal|Protect|p2b: Torkoal\n|-singleturn|p2b: Torkoal|Protect\n|move|p1a: Tauros|Earthquake|p2a: Skeledirge|[spread] p2a\n|-activate|p2b: Torkoal|move: Protect\n|-immune|p1b: Gyarados\n|-damage|p2a: Skeledirge|58\/100\n|move|p1b: Gyarados|Thunder Wave|p2a: Skeledirge\n|-status|p2a: Skeledirge|par\n|move|p2a: Skeledirge|Torch Song|p1a: Tauros\n|-supereffective|p1a: Tauros\n|-damage|p1a: Tauros|0 fnt\n|-boost|p2a: Skeledirge|spa|1\n|faint|p1a: Tauros\n|\n|-weather|SunnyDay|[upkeep]\n|-heal|p2a: Skeledirge|63\/100 par|[from] item: Leftovers\n|upkeep\n|turn|8\n|-message|yuuuuuuuuuj forfeited.\n|\n|win|hhhyy6\n|raw|yuuuuuuuuuj's rating: 1109 → 1086<\/strong> (-23 for losing)\n|raw|hhhyy6's rating: 1141 → 1164<\/strong> (+23 for winning)\n|l|\u2606yuuuuuuuuuj\n","uploadtime":1682975148,"views":13,"p1id":"yuuuuuuuuuj","p2id":"hhhyy6","formatid":"gen9vgc2023regulationc","rating":1086,"private":0,"password":""}