{"id":"gen9vgc2023regulationc-1850283166","p1":"Nukoshowdown","p2":"Hyanryu","format":"[Gen 9] VGC 2023 Regulation C","log":"|j|\u2606Nukoshowdown\n|j|\u2606Hyanryu\n|t:|1682310746\n|gametype|doubles\n|player|p1|Nukoshowdown|1|1301\n|player|p2|Hyanryu|n|1386\n|teamsize|p1|6\n|teamsize|p2|6\n|gen|9\n|tier|[Gen 9] VGC 2023 Regulation C\n|rated|\n|rule|Species Clause: Limit one of each Pok\u00e9mon\n|rule|Item Clause: Limit one of each item\n|clearpoke\n|poke|p1|Arcanine, L50, F|\n|poke|p1|Amoonguss, L50, F|\n|poke|p1|Braviary, L50, M|\n|poke|p1|Palafin, L50, F|\n|poke|p1|Flutter Mane, L50|\n|poke|p1|Ceruledge, L50, F|\n|poke|p2|Dondozo, L50, M|\n|poke|p2|Tatsugiri-Droopy, L50, M|\n|poke|p2|Glimmora, L50, F|\n|poke|p2|Ting-Lu, L50|\n|poke|p2|Wo-Chien, L50|\n|poke|p2|Baxcalibur, L50, M|\n|teampreview|4\n|inactive|Battle timer is ON: inactive players will automatically lose when time's up. (requested by Hyanryu)\n|inactive|Nukoshowdown has 60 seconds left.\n|\n|t:|1682310791\n|start\n|switch|p1a: Dozo|Palafin, L50, F|100\/100\n|switch|p1b: Mimi|Flutter Mane, L50|100\/100\n|switch|p2a: Sulfera|Glimmora, L50, F, shiny|100\/100\n|switch|p2b: King Arthur|Baxcalibur, L50, M, shiny|100\/100\n|-enditem|p1b: Mimi|Booster Energy\n|-activate|p1b: Mimi|ability: Protosynthesis|[fromitem]\n|-start|p1b: Mimi|protosynthesisspa\n|turn|1\n|\n|t:|1682310808\n|-terastallize|p2b: King Arthur|Poison\n|move|p1b: Mimi|Protect|p1b: Mimi\n|-singleturn|p1b: Mimi|Protect\n|move|p1a: Dozo|Protect|p1a: Dozo\n|-singleturn|p1a: Dozo|Protect\n|move|p2a: Sulfera|Mortal Spin|p1b: Mimi|[spread] \n|-activate|p1a: Dozo|move: Protect\n|-activate|p1b: Mimi|move: Protect\n|move|p2b: King Arthur|Iron Head|p1b: Mimi\n|-activate|p1b: Mimi|move: Protect\n|\n|upkeep\n|turn|2\n|inactive|Nukoshowdown has 30 seconds left.\n|inactive|Nukoshowdown has 20 seconds left.\n|\n|t:|1682310844\n|-terastallize|p1a: Dozo|Water\n|move|p1b: Mimi|Dazzling Gleam|p2a: Sulfera|[spread] p2a,p2b\n|-resisted|p2a: Sulfera\n|-resisted|p2b: King Arthur\n|-damage|p2a: Sulfera|74\/100\n|-damage|p2b: King Arthur|84\/100\n|move|p2a: Sulfera|Mortal Spin|p1a: Dozo|[spread] p1a,p1b\n|-damage|p1a: Dozo|95\/100\n|-damage|p1b: Mimi|94\/100\n|-status|p1a: Dozo|psn\n|-status|p1b: Mimi|psn\n|move|p1a: Dozo|Wave Crash|p2a: Sulfera\n|-supereffective|p2a: Sulfera\n|-damage|p2a: Sulfera|0 fnt\n|-activate|p2a: Sulfera|ability: Toxic Debris\n|-sidestart|p1: Nukoshowdown|move: Toxic Spikes\n|faint|p2a: Sulfera\n|-damage|p1a: Dozo|75\/100 psn|[from] Recoil\n|move|p2b: King Arthur|Icicle Spear|p1b: Mimi\n|-damage|p1b: Mimi|75\/100 psn\n|-damage|p1b: Mimi|56\/100 psn\n|-damage|p1b: Mimi|38\/100 psn\n|-damage|p1b: Mimi|20\/100 psn\n|-hitcount|p1b: Mimi|4\n|\n|-damage|p1b: Mimi|8\/100 psn|[from] psn\n|-damage|p1a: Dozo|63\/100 psn|[from] psn\n|upkeep\n|inactive|Hyanryu has 30 seconds left.\n|\n|t:|1682310870\n|switch|p2a: Namazu|Dondozo, L50, M, shiny|100\/100\n|turn|3\n|\n|t:|1682310883\n|detailschange|p1a: Dozo|Palafin-Hero, L50, F, tera:Water\n|switch|p1a: WoChien|Amoonguss, L50, F|100\/100\n|-sideend|p1: Nukoshowdown|move: Toxic Spikes|[of] p1a: WoChien\n|move|p2a: Namazu|Protect|p2a: Namazu\n|-singleturn|p2a: Namazu|Protect\n|move|p1b: Mimi|Moonblast|p2a: Namazu\n|-activate|p2a: Namazu|move: Protect\n|move|p2b: King Arthur|Icicle Spear|p1a: WoChien\n|-supereffective|p1a: WoChien\n|-damage|p1a: WoChien|79\/100\n|-supereffective|p1a: WoChien\n|-damage|p1a: WoChien|53\/100\n|-supereffective|p1a: WoChien\n|-damage|p1a: WoChien|31\/100\n|-enditem|p1a: WoChien|Sitrus Berry|[eat]\n|-heal|p1a: WoChien|56\/100|[from] item: Sitrus Berry\n|-supereffective|p1a: WoChien\n|-damage|p1a: WoChien|31\/100\n|-hitcount|p1a: WoChien|4\n|\n|-damage|p1b: Mimi|0 fnt|[from] psn\n|faint|p1b: Mimi\n|-end|p1b: Mimi|Protosynthesis|[silent]\n|upkeep\n|\n|t:|1682310898\n|switch|p1b: ChiYu|Arcanine, L50, F|100\/100\n|-ability|p1b: ChiYu|Intimidate|boost\n|-unboost|p2a: Namazu|atk|1\n|-unboost|p2b: King Arthur|atk|1\n|turn|4\n|\n|t:|1682310919\n|switch|p2b: Ghost|Tatsugiri-Droopy, L50, M, shiny|100\/100\n|-activate|p2b: Ghost|ability: Commander|[of] p2a: Namazu\n|-boost|p2a: Namazu|atk|2\n|-boost|p2a: Namazu|spa|2\n|-boost|p2a: Namazu|spe|2\n|-boost|p2a: Namazu|def|2\n|-boost|p2a: Namazu|spd|2\n|switch|p1a: Dozo|Palafin-Hero, L50, F, tera:Water|63\/100 psn\n|-activate|p1a: Dozo|ability: Zero to Hero\n|move|p2a: Namazu|Earthquake|p1a: Dozo|[spread] p1a,p1b\n|-miss|p2a: Namazu|p2b: Ghost\n|-supereffective|p1b: ChiYu\n|-damage|p1a: Dozo|32\/100 psn\n|-damage|p1b: ChiYu|31\/100\n|move|p1b: ChiYu|Will-O-Wisp|p2a: Namazu\n|-status|p2a: Namazu|brn\n|-enditem|p2a: Namazu|Lum Berry|[eat]\n|-curestatus|p2a: Namazu|brn|[msg]\n|\n|-damage|p1a: Dozo|20\/100 psn|[from] psn\n|upkeep\n|turn|5\n|\n|t:|1682310940\n|switch|p1b: WoChien|Amoonguss, L50, F|64\/100\n|move|p2a: Namazu|Earthquake|p1b: WoChien|[spread] p1a,p1b\n|-miss|p2a: Namazu|p2b: Ghost\n|-damage|p1a: Dozo|0 fnt\n|-damage|p1b: WoChien|34\/100\n|faint|p1a: Dozo\n|\n|upkeep\n|-message|Nukoshowdown forfeited.\n|\n|win|Hyanryu\n|raw|Nukoshowdown's rating: 1301 → 1286<\/strong> (-15 for losing)\n|raw|Hyanryu's rating: 1386 → 1401<\/strong> (+15 for winning)\n|l|\u2606Nukoshowdown\n","uploadtime":1682310952,"views":32,"p1id":"nukoshowdown","p2id":"hyanryu","formatid":"gen9vgc2023regulationc","rating":1286,"private":0,"password":""}