{"id":"gen9vgc2023regulationc-1854841166","p1":"Fligh","p2":"littletimmyfan","format":"[Gen 9] VGC 2023 Regulation C","log":"|j|\u2606Fligh\n|j|\u2606littletimmyfan\n|t:|1682872218\n|gametype|doubles\n|player|p1|Fligh|crasherwake|1000\n|player|p2|littletimmyfan|170|1059\n|teamsize|p1|6\n|teamsize|p2|6\n|gen|9\n|tier|[Gen 9] VGC 2023 Regulation C\n|rated|\n|rule|Species Clause: Limit one of each Pok\u00e9mon\n|rule|Item Clause: Limit one of each item\n|clearpoke\n|poke|p1|Garganacl, L50, F|\n|poke|p1|Brute Bonnet, L50|\n|poke|p1|Arcanine, L50, F|\n|poke|p1|Espathra, L50, F|\n|poke|p1|Oranguru, L50, F|\n|poke|p1|Ceruledge, L50, F|\n|poke|p2|Meowscarada, L50, F|\n|poke|p2|Garchomp, L50, M|\n|poke|p2|Ceruledge, L50, M|\n|poke|p2|Kingambit, L50, M|\n|poke|p2|Talonflame, L50, F|\n|poke|p2|Palafin, L50, M|\n|teampreview|4\n|\n|t:|1682872236\n|start\n|switch|p1a: Oranguru|Oranguru, L50, F|100\/100\n|switch|p1b: Ceruledge|Ceruledge, L50, F|100\/100\n|switch|p2a: Kingambit|Kingambit, L50, M|100\/100\n|switch|p2b: Palafin|Palafin, L50, M|100\/100\n|turn|1\n|\n|t:|1682872255\n|detailschange|p2b: Palafin|Palafin-Hero, L50, M\n|switch|p2b: Garchomp|Garchomp, L50, M|100\/100\n|move|p1b: Ceruledge|Protect|p1b: Ceruledge\n|-singleturn|p1b: Ceruledge|Protect\n|move|p1a: Oranguru|Light Screen|p1a: Oranguru\n|-sidestart|p1: Fligh|move: Light Screen\n|move|p2a: Kingambit|Kowtow Cleave|p1a: Oranguru\n|-supereffective|p1a: Oranguru\n|-damage|p1a: Oranguru|0 fnt\n|faint|p1a: Oranguru\n|\n|upkeep\n|\n|t:|1682872265\n|switch|p1a: Brute Bonnet|Brute Bonnet, L50|100\/100\n|turn|2\n|\n|t:|1682872289\n|move|p2b: Garchomp|Swords Dance|p2b: Garchomp\n|-boost|p2b: Garchomp|atk|2\n|move|p1b: Ceruledge|Substitute|p1b: Ceruledge\n|-start|p1b: Ceruledge|Substitute\n|-damage|p1b: Ceruledge|76\/100\n|move|p2a: Kingambit|Iron Head|p1a: Brute Bonnet\n|-damage|p1a: Brute Bonnet|61\/100\n|move|p1a: Brute Bonnet|Spore|p2b: Garchomp\n|-status|p2b: Garchomp|slp|[from] move: Spore\n|\n|-heal|p1a: Brute Bonnet|67\/100|[from] item: Leftovers\n|upkeep\n|turn|3\n|\n|t:|1682872306\n|switch|p2a: Ceruledge|Ceruledge, L50, M|100\/100\n|cant|p2b: Garchomp|slp\n|move|p1b: Ceruledge|Bitter Blade|p2a: Ceruledge\n|-start|p2a: Ceruledge|ability: Flash Fire\n|move|p1a: Brute Bonnet|Giga Drain|p2b: Garchomp\n|-damage|p2b: Garchomp|74\/100 slp\n|-heal|p1a: Brute Bonnet|81\/100|[from] drain|[of] p2b: Garchomp\n|\n|-heal|p1a: Brute Bonnet|87\/100|[from] item: Leftovers\n|upkeep\n|turn|4\n|\n|t:|1682872328\n|-terastallize|p1a: Brute Bonnet|Water\n|-curestatus|p2b: Garchomp|slp|[msg]\n|move|p2b: Garchomp|Dragon Claw|p1a: Brute Bonnet\n|-damage|p1a: Brute Bonnet|0 fnt\n|faint|p1a: Brute Bonnet\n|-end|p1a: Brute Bonnet|Protosynthesis|[silent]\n|-damage|p2b: Garchomp|64\/100|[from] item: Life Orb\n|move|p1b: Ceruledge|Close Combat|p2b: Garchomp\n|-damage|p2b: Garchomp|24\/100\n|-unboost|p1b: Ceruledge|def|1\n|-unboost|p1b: Ceruledge|spd|1\n|-damage|p1b: Ceruledge|64\/100|[from] ability: Rough Skin|[of] p2b: Garchomp\n|-enditem|p1b: Ceruledge|White Herb\n|-clearnegativeboost|p1b: Ceruledge|[silent]\n|move|p2a: Ceruledge|Bitter Blade|p1b: Ceruledge\n|-resisted|p1b: Ceruledge\n|-end|p1b: Ceruledge|Substitute\n|\n|upkeep\n|\n|t:|1682872346\n|switch|p1a: Espathra|Espathra, L50, F|100\/100\n|-item|p2a: Ceruledge|Clear Amulet|[from] ability: Frisk|[of] p1a: Espathra|[identify]\n|-item|p2b: Garchomp|Life Orb|[from] ability: Frisk|[of] p1a: Espathra|[identify]\n|turn|5\n|\n|t:|1682872356\n|move|p2a: Ceruledge|Protect|p2a: Ceruledge\n|-singleturn|p2a: Ceruledge|Protect\n|move|p2b: Garchomp|Earthquake|p1b: Ceruledge|[spread] p1a,p1b\n|-activate|p2a: Ceruledge|move: Protect\n|-supereffective|p1b: Ceruledge\n|-damage|p1a: Espathra|0 fnt\n|-damage|p1b: Ceruledge|0 fnt\n|faint|p1a: Espathra\n|faint|p1b: Ceruledge\n|-damage|p2b: Garchomp|14\/100|[from] item: Life Orb\n|\n|win|littletimmyfan\n|raw|Fligh's rating: 1000 → 1000<\/strong> (+0 for losing)\n|raw|littletimmyfan's rating: 1059 → 1085<\/strong> (+26 for winning)\n|l|\u2606Fligh\n","uploadtime":1682872374,"views":14,"p1id":"fligh","p2id":"littletimmyfan","formatid":"gen9vgc2023regulationc","rating":1000,"private":0,"password":""}