{"id":"gen9vgc2023regulationc-1861933229","p1":"kevintoodlepoot","p2":"NqNSuper","format":"[Gen 9] VGC 2023 Regulation C","log":"|j|\u2606kevintoodlepoot\n|j|\u2606NqNSuper\n|t:|1683821974\n|gametype|doubles\n|player|p1|kevintoodlepoot|265|1364\n|player|p2|NqNSuper|102|1337\n|teamsize|p1|6\n|teamsize|p2|6\n|gen|9\n|tier|[Gen 9] VGC 2023 Regulation C\n|rated|\n|rule|Species Clause: Limit one of each Pok\u00e9mon\n|rule|Item Clause: Limit one of each item\n|clearpoke\n|poke|p1|Orthworm, L50, M|\n|poke|p1|Dragonite, L50, M|\n|poke|p1|Ting-Lu, L50|\n|poke|p1|Gyarados, L50, M|\n|poke|p1|Flutter Mane, L50|\n|poke|p1|Chien-Pao, L50|\n|poke|p2|Dondozo, L50, F|\n|poke|p2|Tatsugiri-Droopy, L50, F|\n|poke|p2|Glimmora, L50, F|\n|poke|p2|Chi-Yu, L50|\n|poke|p2|Flutter Mane, L50|\n|poke|p2|Dragonite, L50, F|\n|teampreview|4\n|inactive|Battle timer is ON: inactive players will automatically lose when time's up. (requested by kevintoodlepoot)\n|inactive|kevintoodlepoot has 60 seconds left.\n|\n|t:|1683822014\n|start\n|switch|p1a: Ting-Lu|Ting-Lu, L50|100\/100\n|switch|p1b: Orthworm|Orthworm, L50, M|100\/100\n|switch|p2a: Glimmora|Glimmora, L50, F|100\/100\n|switch|p2b: Chi-Yu|Chi-Yu, L50|100\/100\n|-ability|p2b: Chi-Yu|Beads of Ruin\n|-ability|p1a: Ting-Lu|Vessel of Ruin\n|turn|1\n|inactive|kevintoodlepoot has 30 seconds left.\n|inactive|kevintoodlepoot has 20 seconds left.\n|inactive|kevintoodlepoot has 15 seconds left.\n|\n|t:|1683822055\n|-terastallize|p2a: Glimmora|Grass\n|-terastallize|p1b: Orthworm|Fire\n|move|p2a: Glimmora|Energy Ball|p1a: Ting-Lu\n|-supereffective|p1a: Ting-Lu\n|-damage|p1a: Ting-Lu|62\/100\n|move|p2b: Chi-Yu|Flamethrower|p1b: Orthworm\n|-resisted|p1b: Orthworm\n|-damage|p1b: Orthworm|69\/100\n|move|p1a: Ting-Lu|Earthquake|p2a: Glimmora|[spread] p2a,p2b\n|-heal|p1b: Orthworm|94\/100|[from] ability: Earth Eater|[of] p1a: Ting-Lu\n|-resisted|p2a: Glimmora\n|-supereffective|p2b: Chi-Yu\n|-damage|p2a: Glimmora|82\/100\n|-damage|p2b: Chi-Yu|0 fnt\n|-activate|p2a: Glimmora|ability: Toxic Debris\n|-sidestart|p1: kevintoodlepoot|move: Toxic Spikes\n|faint|p2b: Chi-Yu\n|move|p1b: Orthworm|Shed Tail|p1b: Orthworm\n|-start|p1b: Orthworm|Substitute|[from] move: Shed Tail\n|-damage|p1b: Orthworm|44\/100\n|-enditem|p1b: Orthworm|Sitrus Berry|[eat]\n|-heal|p1b: Orthworm|69\/100|[from] item: Sitrus Berry\n|inactive|kevintoodlepoot has 30 seconds left.\n|inactive|kevintoodlepoot has 20 seconds left.\n|\n|t:|1683822090\n|switch|p1b: Dragonite|Dragonite, L50, M|100\/100|[from] Shed Tail\n|\n|upkeep\n|\n|t:|1683822097\n|switch|p2b: Flutter Mane|Flutter Mane, L50|100\/100\n|-enditem|p2b: Flutter Mane|Booster Energy\n|-activate|p2b: Flutter Mane|ability: Protosynthesis|[fromitem]\n|-start|p2b: Flutter Mane|protosynthesisspe\n|turn|2\n|\n|t:|1683822118\n|move|p2b: Flutter Mane|Moonblast|p1a: Ting-Lu\n|-supereffective|p1a: Ting-Lu\n|-damage|p1a: Ting-Lu|27\/100\n|move|p2a: Glimmora|Energy Ball|p1a: Ting-Lu\n|-supereffective|p1a: Ting-Lu\n|-crit|p1a: Ting-Lu\n|-damage|p1a: Ting-Lu|0 fnt\n|faint|p1a: Ting-Lu\n|move|p1b: Dragonite|Dragon Dance|p1b: Dragonite\n|-boost|p1b: Dragonite|atk|1\n|-boost|p1b: Dragonite|spe|1\n|\n|upkeep\n|inactive|kevintoodlepoot has 30 seconds left.\n|\n|t:|1683822147\n|switch|p1a: Orthworm|Orthworm, L50, M, tera:Fire|69\/100\n|-status|p1a: Orthworm|psn\n|turn|3\n|inactive|kevintoodlepoot has 30 seconds left.\n|\n|t:|1683822176\n|move|p2b: Flutter Mane|Protect|p2b: Flutter Mane\n|-singleturn|p2b: Flutter Mane|Protect\n|move|p1b: Dragonite|Dragon Dance|p1b: Dragonite\n|-boost|p1b: Dragonite|atk|1\n|-boost|p1b: Dragonite|spe|1\n|move|p2a: Glimmora|Power Gem|p1b: Dragonite\n|-supereffective|p1b: Dragonite\n|-end|p1b: Dragonite|Substitute\n|move|p1a: Orthworm|Heavy Slam|p2b: Flutter Mane\n|-activate|p2b: Flutter Mane|move: Protect\n|\n|-damage|p1a: Orthworm|57\/100 psn|[from] psn\n|upkeep\n|turn|4\n|inactive|kevintoodlepoot has 30 seconds left.\n|\n|t:|1683822203\n|move|p2b: Flutter Mane|Substitute|p2b: Flutter Mane\n|-start|p2b: Flutter Mane|Substitute\n|-damage|p2b: Flutter Mane|76\/100\n|move|p1b: Dragonite|Earthquake|p2a: Glimmora|[spread] p2a,p2b\n|-heal|p1a: Orthworm|82\/100 psn|[from] ability: Earth Eater|[of] p1b: Dragonite\n|-end|p2b: Flutter Mane|Substitute\n|-resisted|p2a: Glimmora\n|-damage|p2a: Glimmora|56\/100\n|-activate|p2a: Glimmora|ability: Toxic Debris\n|-sidestart|p1: kevintoodlepoot|move: Toxic Spikes\n|move|p2a: Glimmora|Power Gem|p1b: Dragonite\n|-supereffective|p1b: Dragonite\n|-damage|p1b: Dragonite|61\/100\n|move|p1a: Orthworm|Shed Tail|p1a: Orthworm\n|-start|p1a: Orthworm|Substitute|[from] move: Shed Tail\n|-damage|p1a: Orthworm|32\/100 psn\n|\n|t:|1683822218\n|switch|p1a: Flutter Mane|Flutter Mane, L50|100\/100|[from] Shed Tail\n|-enditem|p1a: Flutter Mane|Booster Energy\n|-activate|p1a: Flutter Mane|ability: Protosynthesis|[fromitem]\n|-start|p1a: Flutter Mane|protosynthesisspa\n|-status|p1a: Flutter Mane|tox\n|\n|-damage|p1a: Flutter Mane|95\/100 tox|[from] psn\n|upkeep\n|turn|5\n|inactive|kevintoodlepoot has 30 seconds left.\n|inactive|kevintoodlepoot has 20 seconds left.\n|\n|t:|1683822253\n|move|p2b: Flutter Mane|Protect|p2b: Flutter Mane\n|-singleturn|p2b: Flutter Mane|Protect\n|move|p1a: Flutter Mane|Protect|p1a: Flutter Mane\n|-singleturn|p1a: Flutter Mane|Protect\n|move|p1b: Dragonite|Earthquake|p2b: Flutter Mane|[spread] p2a\n|-activate|p1a: Flutter Mane|move: Protect\n|-activate|p2b: Flutter Mane|move: Protect\n|-resisted|p2a: Glimmora\n|-damage|p2a: Glimmora|29\/100\n|move|p2a: Glimmora|Power Gem|p1b: Dragonite\n|-supereffective|p1b: Dragonite\n|-damage|p1b: Dragonite|0 fnt\n|faint|p1b: Dragonite\n|\n|-damage|p1a: Flutter Mane|83\/100 tox|[from] psn\n|upkeep\n|\n|t:|1683822256\n|switch|p1b: Orthworm|Orthworm, L50, M, tera:Fire|32\/100 psn\n|turn|6\n|\n|t:|1683822280\n|move|p2b: Flutter Mane|Substitute|p2b: Flutter Mane\n|-start|p2b: Flutter Mane|Substitute\n|-damage|p2b: Flutter Mane|51\/100\n|move|p1a: Flutter Mane|Moonblast|p2a: Glimmora\n|-damage|p2a: Glimmora|0 fnt\n|faint|p2a: Glimmora\n|move|p1b: Orthworm|Heavy Slam|p2b: Flutter Mane\n|-supereffective|p2b: Flutter Mane\n|-end|p2b: Flutter Mane|Substitute\n|\n|-damage|p1a: Flutter Mane|66\/100 tox|[from] psn\n|-damage|p1b: Orthworm|20\/100 psn|[from] psn\n|upkeep\n|\n|t:|1683822294\n|switch|p2a: Tatsugiri|Tatsugiri-Droopy, L50, F|100\/100\n|turn|7\n|\n|t:|1683822304\n|move|p2b: Flutter Mane|Protect|p2b: Flutter Mane\n|-singleturn|p2b: Flutter Mane|Protect\n|move|p1a: Flutter Mane|Moonblast|p2a: Tatsugiri\n|-supereffective|p2a: Tatsugiri\n|-damage|p2a: Tatsugiri|0 fnt\n|faint|p2a: Tatsugiri\n|move|p1b: Orthworm|Heavy Slam|p2b: Flutter Mane\n|-activate|p2b: Flutter Mane|move: Protect\n|\n|-damage|p1a: Flutter Mane|42\/100 tox|[from] psn\n|-damage|p1b: Orthworm|7\/100 psn|[from] psn\n|upkeep\n|turn|8\n|\n|t:|1683822319\n|move|p2b: Flutter Mane|Substitute|p2b: Flutter Mane\n|-start|p2b: Flutter Mane|Substitute\n|-damage|p2b: Flutter Mane|27\/100\n|move|p1a: Flutter Mane|Shadow Ball|p2b: Flutter Mane\n|-supereffective|p2b: Flutter Mane\n|-crit|p2b: Flutter Mane\n|-end|p2b: Flutter Mane|Substitute\n|move|p1b: Orthworm|Heavy Slam|p2b: Flutter Mane\n|-supereffective|p2b: Flutter Mane\n|-crit|p2b: Flutter Mane\n|-damage|p2b: Flutter Mane|0 fnt\n|faint|p2b: Flutter Mane\n|-end|p2b: Flutter Mane|Protosynthesis|[silent]\n|\n|win|kevintoodlepoot\n|raw|kevintoodlepoot's rating: 1364 → 1382<\/strong> (+18 for winning)\n|raw|NqNSuper's rating: 1337 → 1319<\/strong> (-18 for losing)\n|l|\u2606NqNSuper\n|c|\u2606kevintoodlepoot|get rekt\n","uploadtime":1683822341,"views":10,"p1id":"kevintoodlepoot","p2id":"nqnsuper","formatid":"gen9vgc2023regulationc","rating":1319,"private":0,"password":""}