{"id":"gen9vgc2023regulationc-1862417865","p1":"Salty_Anubis","p2":"hfg gncfvt","format":"[Gen 9] VGC 2023 Regulation C","log":"|j|\u2606Salty_Anubis\n|j|\u2606hfg gncfvt\n|t:|1683882799\n|gametype|doubles\n|player|p1|Salty_Anubis|backpacker|1040\n|player|p2|hfg gncfvt|169|1048\n|teamsize|p1|6\n|teamsize|p2|6\n|gen|9\n|tier|[Gen 9] VGC 2023 Regulation C\n|rated|\n|rule|Species Clause: Limit one of each Pok\u00e9mon\n|rule|Item Clause: Limit one of each item\n|clearpoke\n|poke|p1|Flutter Mane, L50|\n|poke|p1|Wo-Chien, L50|\n|poke|p1|Maushold-Four, L50|\n|poke|p1|Tyranitar, L50, F|\n|poke|p1|Annihilape, L50, M|\n|poke|p1|Lycanroc, L50, M|\n|poke|p2|Palafin, L50, F|\n|poke|p2|Amoonguss, L50, M|\n|poke|p2|Chien-Pao, L50|\n|poke|p2|Iron Hands, L50|\n|poke|p2|Pelipper, L50, F|\n|poke|p2|Dragapult, L50, M|\n|teampreview|4\n|\n|t:|1683882825\n|start\n|switch|p1a: Annihilape|Annihilape, L50, M, shiny|100\/100\n|switch|p1b: Flutter Mane|Flutter Mane, L50|100\/100\n|switch|p2a: PDE Bing|Pelipper, L50, F|100\/100\n|switch|p2b: Dawg 2019|Palafin, L50, F|100\/100\n|-weather|RainDance|[from] ability: Drizzle|[of] p2a: PDE Bing\n|turn|1\n|\n|t:|1683882844\n|-terastallize|p1b: Flutter Mane|Fairy\n|-terastallize|p2b: Dawg 2019|Water\n|move|p2a: PDE Bing|Wide Guard|p2a: PDE Bing\n|-singleturn|p2a: PDE Bing|Wide Guard\n|move|p2b: Dawg 2019|Jet Punch|p1b: Flutter Mane\n|-damage|p1b: Flutter Mane|6\/100\n|move|p1b: Flutter Mane|Dazzling Gleam|p2b: Dawg 2019|[spread] \n|-activate|p2a: PDE Bing|move: Wide Guard\n|-activate|p2b: Dawg 2019|move: Wide Guard\n|move|p1a: Annihilape|Bulk Up|p1a: Annihilape\n|-boost|p1a: Annihilape|atk|1\n|-boost|p1a: Annihilape|def|1\n|\n|-weather|RainDance|[upkeep]\n|upkeep\n|turn|2\n|\n|t:|1683882881\n|-end|p1b: Flutter Mane|Protosynthesis|[silent]\n|switch|p1b: Wo-Chien|Wo-Chien, L50|100\/100\n|-ability|p1b: Wo-Chien|Tablets of Ruin\n|move|p2b: Dawg 2019|Jet Punch|p1b: Wo-Chien\n|-resisted|p1b: Wo-Chien\n|-damage|p1b: Wo-Chien|88\/100\n|move|p1a: Annihilape|Rage Fist|p2a: PDE Bing\n|-damage|p2a: PDE Bing|71\/100\n|move|p2a: PDE Bing|Hurricane|p1a: Annihilape\n|-supereffective|p1a: Annihilape\n|-damage|p1a: Annihilape|17\/100\n|-enditem|p1a: Annihilape|Aguav Berry|[eat]\n|-heal|p1a: Annihilape|50\/100|[from] item: Aguav Berry\n|\n|-weather|RainDance|[upkeep]\n|-heal|p1b: Wo-Chien|94\/100|[from] item: Leftovers\n|upkeep\n|turn|3\n|\n|t:|1683882904\n|detailschange|p2b: Dawg 2019|Palafin-Hero, L50, F, tera:Water\n|switch|p2b: Gilberto|Chien-Pao, L50|100\/100\n|-ability|p2b: Gilberto|Sword of Ruin\n|move|p1a: Annihilape|Protect|p1a: Annihilape\n|-singleturn|p1a: Annihilape|Protect\n|move|p1b: Wo-Chien|Giga Drain|p2b: Gilberto\n|-damage|p2b: Gilberto|63\/100\n|-heal|p1b: Wo-Chien|100\/100|[from] drain|[of] p2b: Gilberto\n|move|p2a: PDE Bing|Hurricane|p1b: Wo-Chien\n|-supereffective|p1b: Wo-Chien\n|-damage|p1b: Wo-Chien|40\/100\n|\n|-weather|RainDance|[upkeep]\n|-heal|p1b: Wo-Chien|46\/100|[from] item: Leftovers\n|upkeep\n|turn|4\n|\n|t:|1683882933\n|move|p2b: Gilberto|Sucker Punch|p1a: Annihilape\n|-damage|p1a: Annihilape|23\/100\n|-damage|p2b: Gilberto|53\/100|[from] item: Life Orb\n|move|p1a: Annihilape|Close Combat|p2b: Gilberto\n|-supereffective|p2b: Gilberto\n|-damage|p2b: Gilberto|0 fnt\n|-unboost|p1a: Annihilape|def|1\n|-unboost|p1a: Annihilape|spd|1\n|faint|p2b: Gilberto\n|move|p1b: Wo-Chien|Giga Drain|p2a: PDE Bing\n|-damage|p2a: PDE Bing|33\/100\n|-heal|p1b: Wo-Chien|61\/100|[from] drain|[of] p2a: PDE Bing\n|move|p2a: PDE Bing|Hurricane|p1b: Wo-Chien\n|-supereffective|p1b: Wo-Chien\n|-damage|p1b: Wo-Chien|0 fnt\n|faint|p1b: Wo-Chien\n|\n|-weather|RainDance|[upkeep]\n|upkeep\n|\n|t:|1683882953\n|switch|p2b: RandyHLD|Dragapult, L50, M|100\/100\n|switch|p1b: Flutter Mane|Flutter Mane, L50, tera:Fairy|6\/100\n|turn|5\n|\n|t:|1683882969\n|move|p2b: RandyHLD|U-turn|p1b: Flutter Mane\n|-resisted|p1b: Flutter Mane\n|-damage|p1b: Flutter Mane|0 fnt\n|faint|p1b: Flutter Mane\n|-end|p1b: Flutter Mane|Protosynthesis|[silent]\n|\n|t:|1683882973\n|switch|p2b: Dawg 2019|Palafin-Hero, L50, F, tera:Water|100\/100|[from] U-turn\n|-activate|p2b: Dawg 2019|ability: Zero to Hero\n|move|p1a: Annihilape|Rage Fist|p2b: Dawg 2019\n|-damage|p2b: Dawg 2019|0 fnt\n|faint|p2b: Dawg 2019\n|move|p2a: PDE Bing|Hurricane|p1a: Annihilape\n|-supereffective|p1a: Annihilape\n|-damage|p1a: Annihilape|0 fnt\n|faint|p1a: Annihilape\n|\n|-weather|none\n|upkeep\n|\n|t:|1683882991\n|switch|p1b: Tyranitar|Tyranitar, L50, F|100\/100\n|switch|p2b: RandyHLD|Dragapult, L50, M|100\/100\n|-weather|Sandstorm|[from] ability: Sand Stream|[of] p1b: Tyranitar\n|turn|6\n|\n|t:|1683883003\n|move|p2b: RandyHLD|Dragon Darts|p1b: Tyranitar\n|-damage|p1b: Tyranitar|71\/100\n|-anim|p2b: RandyHLD|Dragon Darts|p1b: Tyranitar\n|-crit|p1b: Tyranitar\n|-damage|p1b: Tyranitar|26\/100\n|move|p2a: PDE Bing|Hydro Pump|p1b: Tyranitar\n|-supereffective|p1b: Tyranitar\n|-damage|p1b: Tyranitar|0 fnt\n|faint|p1b: Tyranitar\n|\n|win|hfg gncfvt\n|raw|Salty_Anubis's rating: 1040 → 1024<\/strong> (-16 for losing)\n|raw|hfg gncfvt's rating: 1048 → 1080<\/strong> (+32 for winning)\n","uploadtime":1683883014,"views":11,"p1id":"saltyanubis","p2id":"hfggncfvt","formatid":"gen9vgc2023regulationc","rating":1024,"private":0,"password":""}