{"id":"gen9vgc2023regulationc-1860503546","p1":"Errorrss","p2":"zlint","format":"[Gen 9] VGC 2023 Regulation C","log":"|j|\u2606Errorrss\n|j|\u2606zlint\n|t:|1683649832\n|gametype|doubles\n|player|p1|Errorrss|266|1298\n|player|p2|zlint|may|1328\n|teamsize|p1|6\n|teamsize|p2|6\n|gen|9\n|tier|[Gen 9] VGC 2023 Regulation C\n|rated|\n|rule|Species Clause: Limit one of each Pok\u00e9mon\n|rule|Item Clause: Limit one of each item\n|clearpoke\n|poke|p1|Rotom-Wash, L50|\n|poke|p1|Arcanine, L50, F|\n|poke|p1|Baxcalibur, L50, M|\n|poke|p1|Ting-Lu, L50|\n|poke|p1|Corviknight, L50, M|\n|poke|p1|Gholdengo, L50|\n|poke|p2|Scream Tail, L50|\n|poke|p2|Baxcalibur, L50, M|\n|poke|p2|Corviknight, L50, M|\n|poke|p2|Rotom-Wash, L50|\n|poke|p2|Flutter Mane, L50|\n|poke|p2|Tyranitar, L50, M|\n|teampreview|4\nzlint has agreed to open team sheets.\n|inactive|Battle timer is ON: inactive players will automatically lose when time's up. (requested by Errorrss)\n|inactive|zlint has 60 seconds left.\n|\n|t:|1683649875\n|start\n|switch|p1a: Gholdengo|Gholdengo, L50|100\/100\n|switch|p1b: Rotom|Rotom-Wash, L50|100\/100\n|switch|p2a: Corviknight|Corviknight, L50, M, shiny|100\/100\n|switch|p2b: Rotom|Rotom-Wash, L50, shiny|100\/100\n|turn|1\n|\n|t:|1683649890\n|move|p1a: Gholdengo|Shadow Ball|p2a: Corviknight\n|-damage|p2a: Corviknight|63\/100\n|move|p1b: Rotom|Volt Switch|p2b: Rotom\n|-damage|p2b: Rotom|68\/100\n|\n|t:|1683649897\n|switch|p1b: Baxcalibur|Baxcalibur, L50, M, shiny|100\/100|[from] Volt Switch\n|move|p2b: Rotom|Thunderbolt|p1a: Gholdengo\n|-damage|p1a: Gholdengo|63\/100\n|move|p2a: Corviknight|Tailwind|p2a: Corviknight\n|-sidestart|p2: zlint|move: Tailwind\n|\n|upkeep\n|turn|2\n|\n|t:|1683649920\n|move|p2b: Rotom|Thunderbolt|p1a: Gholdengo\n|-damage|p1a: Gholdengo|26\/100\n|move|p1a: Gholdengo|Shadow Ball|p2a: Corviknight\n|-damage|p2a: Corviknight|27\/100\n|-ability|p2a: Corviknight|Mirror Armor\n|-unboost|p1a: Gholdengo|spd|1\n|move|p2a: Corviknight|Iron Head|p1b: Baxcalibur\n|-supereffective|p1b: Baxcalibur\n|-damage|p1b: Baxcalibur|50\/100\n|cant|p1b: Baxcalibur|flinch\n|\n|upkeep\n|turn|3\n|\n|t:|1683649944\n|move|p1b: Baxcalibur|Ice Shard|p2a: Corviknight\n|-crit|p2a: Corviknight\n|-damage|p2a: Corviknight|0 fnt\n|faint|p2a: Corviknight\n|-damage|p1b: Baxcalibur|40\/100|[from] item: Life Orb\n|move|p2b: Rotom|Thunderbolt|p1a: Gholdengo\n|-damage|p1a: Gholdengo|0 fnt\n|faint|p1a: Gholdengo\n|\n|upkeep\n|\n|t:|1683649960\n|switch|p1a: Corviknight|Corviknight, L50, M, shiny|100\/100\n|switch|p2a: Baxcalibur|Baxcalibur, L50, M|100\/100\n|turn|4\n|\n|t:|1683649982\n|switch|p2b: Scream Tail|Scream Tail, L50, shiny|100\/100\n|-enditem|p2b: Scream Tail|Booster Energy\n|-activate|p2b: Scream Tail|ability: Protosynthesis|[fromitem]\n|-start|p2b: Scream Tail|protosynthesisspe\n|switch|p1a: Rotom|Rotom-Wash, L50|100\/100\n|move|p1b: Baxcalibur|Ice Shard|p2a: Baxcalibur\n|-damage|p2a: Baxcalibur|71\/100\n|-damage|p1b: Baxcalibur|30\/100|[from] item: Life Orb\n|move|p2a: Baxcalibur|Icicle Spear|p1b: Baxcalibur\n|-damage|p1b: Baxcalibur|16\/100\n|-damage|p1b: Baxcalibur|0 fnt\n|faint|p1b: Baxcalibur\n|-hitcount|p1: Baxcalibur|2\n|\n|-sideend|p2: zlint|move: Tailwind\n|upkeep\n|\n|t:|1683649987\n|switch|p1b: Corviknight|Corviknight, L50, M, shiny|100\/100\n|turn|5\n|inactive|Errorrss has 30 seconds left.\n|inactive|zlint has 30 seconds left.\n|inactive|zlint has 20 seconds left.\n|\n|t:|1683650022\n|-terastallize|p2a: Baxcalibur|Poison\n|move|p2b: Scream Tail|Howl|p2b: Scream Tail|[spread] p2a,p2b\n|-boost|p2a: Baxcalibur|atk|1\n|-boost|p2b: Scream Tail|atk|1\n|move|p2a: Baxcalibur|Glaive Rush|p1a: Rotom\n|-damage|p1a: Rotom|0 fnt\n|-singlemove|p2a: Baxcalibur|Glaive Rush|[silent]\n|faint|p1a: Rotom\n|move|p1b: Corviknight|Iron Defense|p1b: Corviknight\n|-boost|p1b: Corviknight|def|2\n|\n|upkeep\n|turn|6\n|\n|t:|1683650034\n|move|p2b: Scream Tail|Encore|p1b: Corviknight\n|-start|p1b: Corviknight|Encore\n|move|p2a: Baxcalibur|Icicle Spear|p1b: Corviknight\n|-damage|p1b: Corviknight|93\/100\n|-damage|p1b: Corviknight|85\/100\n|-damage|p1b: Corviknight|78\/100\n|-damage|p1b: Corviknight|70\/100\n|-damage|p1b: Corviknight|62\/100\n|-hitcount|p1b: Corviknight|5\n|move|p1b: Corviknight|Iron Defense|p1b: Corviknight\n|-boost|p1b: Corviknight|def|2\n|\n|-heal|p1b: Corviknight|68\/100|[from] item: Leftovers\n|upkeep\n|turn|7\n|-message|Errorrss forfeited.\n|\n|win|zlint\n|raw|Errorrss's rating: 1298 → 1275<\/strong> (-23 for losing)\n|raw|zlint's rating: 1328 → 1346<\/strong> (+18 for winning)\n|l|\u2606Errorrss\n","uploadtime":1683650051,"views":4,"p1id":"errorrss","p2id":"zlint","formatid":"gen9vgc2023regulationc","rating":1275,"private":0,"password":""}