{"id":"gen9vgc2023regulationc-1848179639","p1":"bohm11","p2":"PurpleStyle","format":"[Gen 9] VGC 2023 Regulation C","log":"|j|\u2606bohm11\n|j|\u2606PurpleStyle\n|t:|1682039153\n|gametype|doubles\n|player|p1|bohm11|101|\n|player|p2|PurpleStyle|pokefan|\n|teamsize|p1|6\n|teamsize|p2|6\n|gen|9\n|tier|[Gen 9] VGC 2023 Regulation C\n|rule|Species Clause: Limit one of each Pok\u00e9mon\n|rule|Item Clause: Limit one of each item\n|clearpoke\n|poke|p1|Scream Tail, L50|\n|poke|p1|Garganacl, L50, F|\n|poke|p1|Hippowdon, L50, F|\n|poke|p1|Lycanroc, L50, M|\n|poke|p1|Breloom, L50, M|\n|poke|p1|Murkrow, L50, M|\n|poke|p2|Flutter Mane, L50|\n|poke|p2|Azumarill, L50, M|\n|poke|p2|Hydreigon, L50, F|\n|poke|p2|Indeedee, L50, M|\n|poke|p2|Falinks, L50|\n|poke|p2|Orthworm, L50, F|\n|teampreview|4\nPurpleStyle rejected open team sheets.\n|c|\u2606bohm11|g2\n|c|\u2606bohm11|glhf!\n|c|\u2606PurpleStyle|u2!\n|\n|t:|1682039743\n|start\n|switch|p1a: Breloom|Breloom, L50, M|100\/100\n|switch|p1b: Murkrow|Murkrow, L50, M|100\/100\n|switch|p2a: Indeedee|Indeedee, L50, M|100\/100\n|switch|p2b: Azumarill|Azumarill, L50, M|100\/100\n|turn|1\n|\n|t:|1682039791\n|move|p1a: Breloom|Protect|p1a: Breloom\n|-singleturn|p1a: Breloom|Protect\n|move|p2a: Indeedee|Fake Out|p1a: Breloom\n|-activate|p1a: Breloom|move: Protect\n|move|p1b: Murkrow|Tailwind|p1b: Murkrow\n|-sidestart|p1: bohm11|move: Tailwind\n|move|p2b: Azumarill|Liquidation|p1b: Murkrow\n|-damage|p1b: Murkrow|0 fnt\n|faint|p1b: Murkrow\n|\n|upkeep\n|\n|t:|1682039803\n|switch|p1b: Lycanroc|Lycanroc, L50, M|100\/100\n|turn|2\n|\n|t:|1682039817\n|-terastallize|p1a: Breloom|Grass\n|-terastallize|p2b: Azumarill|Grass\n|move|p2a: Indeedee|Protect|p2a: Indeedee\n|-singleturn|p2a: Indeedee|Protect\n|move|p1b: Lycanroc|Rock Slide|p2b: Azumarill|[spread] p2b\n|-activate|p2a: Indeedee|move: Protect\n|-damage|p2b: Azumarill|64\/100\n|-damage|p1b: Lycanroc|91\/100|[from] item: Life Orb\n|move|p1a: Breloom|Bullet Seed|p2b: Azumarill\n|-resisted|p2b: Azumarill\n|-damage|p2b: Azumarill|50\/100\n|-resisted|p2b: Azumarill\n|-damage|p2b: Azumarill|36\/100\n|-resisted|p2b: Azumarill\n|-damage|p2b: Azumarill|22\/100\n|-resisted|p2b: Azumarill\n|-crit|p2b: Azumarill\n|-damage|p2b: Azumarill|0 fnt\n|faint|p2b: Azumarill\n|-hitcount|p2: Azumarill|4\n|\n|upkeep\n|\n|t:|1682039849\n|switch|p2b: Hydreigon|Hydreigon, L50, F|100\/100\n|turn|3\n|\n|t:|1682039877\n|move|p2b: Hydreigon|Protect|p2b: Hydreigon\n|-singleturn|p2b: Hydreigon|Protect\n|move|p1b: Lycanroc|Rock Slide|p2b: Hydreigon|[spread] p2a\n|-activate|p2b: Hydreigon|move: Protect\n|-damage|p2a: Indeedee|42\/100\n|-damage|p1b: Lycanroc|82\/100|[from] item: Life Orb\n|move|p1a: Breloom|Spore|p2b: Hydreigon\n|-activate|p2b: Hydreigon|move: Protect\n|move|p2a: Indeedee|Psychic|p1a: Breloom\n|-damage|p1a: Breloom|20\/100\n|\n|upkeep\n|turn|4\n|\n|t:|1682039922\n|switch|p2b: Flutter Mane|Flutter Mane, L50|100\/100\n|-enditem|p2b: Flutter Mane|Booster Energy\n|-activate|p2b: Flutter Mane|ability: Protosynthesis|[fromitem]\n|-start|p2b: Flutter Mane|protosynthesisspa\n|move|p1b: Lycanroc|Rock Slide|p2a: Indeedee|[spread] p2b\n|-miss|p1b: Lycanroc|p2a: Indeedee\n|-damage|p2b: Flutter Mane|25\/100\n|-damage|p1b: Lycanroc|72\/100|[from] item: Life Orb\n|move|p1a: Breloom|Spore|p2b: Flutter Mane\n|-status|p2b: Flutter Mane|slp|[from] move: Spore\n|move|p2a: Indeedee|Psychic|p1a: Breloom\n|-damage|p1a: Breloom|0 fnt\n|faint|p1a: Breloom\n|\n|-sideend|p1: bohm11|move: Tailwind\n|upkeep\n|\n|t:|1682039931\n|switch|p1a: Hippowdon|Hippowdon, L50, F|100\/100\n|-weather|Sandstorm|[from] ability: Sand Stream|[of] p1a: Hippowdon\n|turn|5\n|\n|t:|1682039949\n|move|p1b: Lycanroc|Rock Slide|p2a: Indeedee|[spread] p2a,p2b\n|-damage|p2a: Indeedee|0 fnt\n|-damage|p2b: Flutter Mane|0 fnt\n|faint|p2a: Indeedee\n|faint|p2b: Flutter Mane\n|-end|p2b: Flutter Mane|Protosynthesis|[silent]\n|-damage|p1b: Lycanroc|63\/100|[from] item: Life Orb\n|move|p1a: Hippowdon|Heavy Slam|p2: Indeedee|[notarget]\n|-fail|p1a: Hippowdon\n|\n|-weather|Sandstorm|[upkeep]\n|upkeep\n|\n|t:|1682039952\n|switch|p2b: Hydreigon|Hydreigon, L50, F|100\/100\n|turn|6\n|\n|t:|1682039963\n|move|p1b: Lycanroc|Protect|p1b: Lycanroc\n|-singleturn|p1b: Lycanroc|Protect\n|move|p2b: Hydreigon|Dark Pulse|p1b: Lycanroc\n|-activate|p1b: Lycanroc|move: Protect\n|move|p1a: Hippowdon|Tera Blast|p2b: Hydreigon\n|-damage|p2b: Hydreigon|86\/100\n|\n|-weather|Sandstorm|[upkeep]\n|-damage|p2b: Hydreigon|80\/100|[from] Sandstorm\n|upkeep\n|turn|7\n|\n|t:|1682039977\n|move|p1b: Lycanroc|Close Combat|p2b: Hydreigon\n|-supereffective|p2b: Hydreigon\n|-damage|p2b: Hydreigon|0 fnt\n|-unboost|p1b: Lycanroc|def|1\n|-unboost|p1b: Lycanroc|spd|1\n|faint|p2b: Hydreigon\n|-damage|p1b: Lycanroc|53\/100|[from] item: Life Orb\n|\n|win|bohm11\n|c|\u2606PurpleStyle|gg\n|c|\u2606bohm11|gg!\n","uploadtime":1682040472,"views":15,"p1id":"bohm11","p2id":"purplestyle","formatid":"gen9vgc2023regulationc","rating":0,"private":0,"password":""}