{"id":"gen9vgc2023regulationc-1855873171","p1":"Angello7796","p2":"jffmm","format":"[Gen 9] VGC 2023 Regulation C","log":"|j|\u2606Angello7796\n|j|\u2606jffmm\n|t:|1682994450\n|gametype|doubles\n|player|p1|Angello7796|hilbert|\n|player|p2|jffmm|2|\n|teamsize|p1|6\n|teamsize|p2|6\n|gen|9\n|tier|[Gen 9] VGC 2023 Regulation C\n|rule|Species Clause: Limit one of each Pok\u00e9mon\n|rule|Item Clause: Limit one of each item\n|clearpoke\n|poke|p1|Great Tusk, L50|\n|poke|p1|Rotom-Mow, L50|\n|poke|p1|Talonflame, L50, F|\n|poke|p1|Gengar, L50, F|\n|poke|p1|Annihilape, L50, M|\n|poke|p1|Dragonite, L50, M|\n|poke|p2|Torkoal, L50, M|\n|poke|p2|Garchomp, L50, M|\n|poke|p2|Rotom-Wash, L50|\n|poke|p2|Goodra, L50, F|\n|poke|p2|Tauros-Paldea-Blaze, L50, M|\n|poke|p2|Staraptor, L50, M|\n|teampreview|4\n|j| buenocomoeloro\njffmm has agreed to open team sheets.\n|c|\u2606jffmm|zzzz\n|c|\u2606jffmm|zzzzzzz\n|c| buenocomoeloro|jajaja\n|c| buenocomoeloro|a la mrd\n|c| buenocomoeloro|que falta de respeto\n|c| buenocomoeloro|le das sue\u00f1o dice\n|c|\u2606jffmm|es que ya me duermo xd\n|c| buenocomoeloro|:v\n|\n|t:|1682994543\n|start\n|switch|p1a: Talonflame|Talonflame, L50, F|100\/100\n|switch|p1b: Rotom|Rotom-Mow, L50|100\/100\n|switch|p2a: Tauros|Tauros-Paldea-Blaze, L50, M|100\/100\n|switch|p2b: Garchomp|Garchomp, L50, M|100\/100\n|-ability|p2a: Tauros|Intimidate|boost\n|-unboost|p1a: Talonflame|atk|1\n|-unboost|p1b: Rotom|atk|1\n|turn|1\n|c| buenocomoeloro|a si le vas a hablar al recien ascendido a la senior?\n|c| buenocomoeloro|xD\n|\n|t:|1682994588\n|switch|p2b: Rotom|Rotom-Wash, L50|100\/100\n|-terastallize|p1b: Rotom|Electric\n|move|p1a: Talonflame|Brave Bird|p2a: Tauros\n|-supereffective|p2a: Tauros\n|-damage|p2a: Tauros|29\/100\n|-damage|p1a: Talonflame|77\/100|[from] Recoil\n|move|p2a: Tauros|Raging Bull|p1b: Rotom\n|-damage|p1b: Rotom|48\/100\n|move|p1b: Rotom|Will-O-Wisp|p2b: Rotom\n|-status|p2b: Rotom|brn\n|\n|-heal|p2a: Tauros|34\/100|[from] item: Leftovers\n|-heal|p1b: Rotom|54\/100|[from] item: Leftovers\n|-damage|p2b: Rotom|95\/100 brn|[from] brn\n|upkeep\n|turn|2\n|c|\u2606jffmm|para mi todos son iguales xd\n|\n|t:|1682994664\n|move|p1a: Talonflame|Protect|p1a: Talonflame\n|-singleturn|p1a: Talonflame|Protect\n|move|p2a: Tauros|Raging Bull|p1b: Rotom\n|-damage|p1b: Rotom|0 fnt\n|faint|p1b: Rotom\n|move|p2b: Rotom|Volt Switch|p1a: Talonflame\n|-activate|p1a: Talonflame|move: Protect\n|\n|-heal|p2a: Tauros|40\/100|[from] item: Leftovers\n|-damage|p2b: Rotom|89\/100 brn|[from] brn\n|upkeep\n|\n|t:|1682994692\n|switch|p1b: Gengar|Gengar, L50, F|100\/100\n|-item|p1b: Gengar|Air Balloon\n|turn|3\n|\n|t:|1682994710\n|move|p1a: Talonflame|Brave Bird|p2a: Tauros\n|-supereffective|p2a: Tauros\n|-damage|p2a: Tauros|0 fnt\n|faint|p2a: Tauros\n|-damage|p1a: Talonflame|64\/100|[from] Recoil\n|move|p1b: Gengar|Giga Drain|p2b: Rotom\n|-supereffective|p2b: Rotom\n|-damage|p2b: Rotom|45\/100 brn\n|-enditem|p2b: Rotom|Sitrus Berry|[eat]\n|-heal|p2b: Rotom|70\/100 brn|[from] item: Sitrus Berry\n|move|p2b: Rotom|Volt Switch|p1a: Talonflame\n|-supereffective|p1a: Talonflame\n|-damage|p1a: Talonflame|0 fnt\n|faint|p1a: Talonflame\n|\n|t:|1682994730\n|switch|p2b: Garchomp|Garchomp, L50, M|100\/100|[from] Volt Switch\n|\n|upkeep\n|\n|t:|1682994756\n|switch|p1a: Great Tusk|Great Tusk, L50|100\/100\n|switch|p2a: Goodra|Goodra, L50, F|100\/100\n|turn|4\n|\n|t:|1682994803\n|move|p2b: Garchomp|Stomping Tantrum|p1b: Gengar\n|-immune|p1b: Gengar\n|move|p1b: Gengar|Dazzling Gleam|p2b: Garchomp|[spread] p2a,p2b\n|-supereffective|p2a: Goodra\n|-supereffective|p2b: Garchomp\n|-damage|p2a: Goodra|87\/100\n|-damage|p2b: Garchomp|58\/100\n|move|p1a: Great Tusk|Ice Spinner|p2a: Goodra\n|-supereffective|p2a: Goodra\n|-damage|p2a: Goodra|23\/100\n|-ability|p2a: Goodra|Gooey\n|-unboost|p1a: Great Tusk|spe|1\n|move|p2a: Goodra|Muddy Water|p1a: Great Tusk|[spread] p1a,p1b\n|-supereffective|p1a: Great Tusk\n|-damage|p1a: Great Tusk|70\/100\n|-damage|p1b: Gengar|75\/100\n|-start|p2a: Goodra|Disable|Muddy Water|[from] ability: Cursed Body|[of] p1b: Gengar\n|-enditem|p1b: Gengar|Air Balloon\n|\n|upkeep\n|turn|5\n|\n|t:|1682994837\n|move|p1b: Gengar|Protect|p1b: Gengar\n|-singleturn|p1b: Gengar|Protect\n|move|p2b: Garchomp|Stomping Tantrum|p1a: Great Tusk\n|-damage|p1a: Great Tusk|8\/100\n|move|p1a: Great Tusk|Earthquake|p2b: Garchomp|[spread] p2a,p2b\n|-activate|p1b: Gengar|move: Protect\n|-damage|p2a: Goodra|0 fnt\n|-damage|p2b: Garchomp|22\/100\n|faint|p2a: Goodra\n|\n|upkeep\n|\n|t:|1682994847\n|switch|p2a: Rotom|Rotom-Wash, L50|70\/100 brn\n|turn|6\n|\n|t:|1682994922\n|move|p1b: Gengar|Protect||[still]\n|-fail|p1b: Gengar\n|move|p2b: Garchomp|Stomping Tantrum|p1a: Great Tusk\n|-damage|p1a: Great Tusk|0 fnt\n|faint|p1a: Great Tusk\n|-end|p1a: Great Tusk|Protosynthesis|[silent]\n|move|p2a: Rotom|Hydro Pump|p1b: Gengar\n|-damage|p1b: Gengar|13\/100\n|\n|-damage|p2a: Rotom|65\/100 brn|[from] brn\n|upkeep\n|turn|7\n|c|\u2606jffmm|perdon\n|c|\u2606Angello7796|Gg\n|\n|t:|1682995019\n|move|p2b: Garchomp|Stomping Tantrum|p1b: Gengar\n|-supereffective|p1b: Gengar\n|-damage|p1b: Gengar|0 fnt\n|faint|p1b: Gengar\n|\n|win|jffmm\n","uploadtime":1682995024,"views":11,"p1id":"angello7796","p2id":"jffmm","formatid":"gen9vgc2023regulationc","rating":0,"private":0,"password":""}