{"id":"gen9vgc2023regulationc-1849671695","p1":"borgchain","p2":"y65frrtfuyg","format":"[Gen 9] VGC 2023 Regulation C","log":"|j|\u2606borgchain\n|j|\u2606y65frrtfuyg\n|t:|1682229457\n|gametype|doubles\n|player|p1|borgchain|101|1019\n|player|p2|y65frrtfuyg|policeman-gen4|1000\n|teamsize|p1|6\n|teamsize|p2|6\n|gen|9\n|tier|[Gen 9] VGC 2023 Regulation C\n|rated|\n|rule|Species Clause: Limit one of each Pok\u00e9mon\n|rule|Item Clause: Limit one of each item\n|clearpoke\n|poke|p1|Indeedee-F, L50, F|\n|poke|p1|Armarouge, L50, F|\n|poke|p1|Tyranitar, L50, F|\n|poke|p1|Lycanroc, L50, F|\n|poke|p1|Scizor, L50, M|\n|poke|p1|Amoonguss, L50, M|\n|poke|p2|Dragonite, L50, F|\n|poke|p2|Dondozo, L50, F|\n|poke|p2|Tatsugiri, L50, F|\n|poke|p2|Flutter Mane, L50|\n|poke|p2|Ting-Lu, L50|\n|poke|p2|Gholdengo, L50|\n|teampreview|4\n|inactive|Battle timer is ON: inactive players will automatically lose when time's up. (requested by y65frrtfuyg)\n|inactive|borgchain has 60 seconds left.\n|\n|t:|1682229556\n|start\n|switch|p1a: Indeedee|Indeedee-F, L50, F, shiny|100\/100\n|switch|p1b: Amoonguss|Amoonguss, L50, M, shiny|100\/100\n|switch|p2a: Ting-Lu|Ting-Lu, L50|100\/100\n|switch|p2b: Flutter Mane|Flutter Mane, L50|100\/100\n|-fieldstart|move: Psychic Terrain|[from] ability: Psychic Surge|[of] p1a: Indeedee\n|-ability|p2a: Ting-Lu|Vessel of Ruin\n|turn|1\n|inactive|borgchain has 30 seconds left.\n|inactive|y65frrtfuyg has 30 seconds left.\n|inactive|borgchain has 20 seconds left.\n|inactive|borgchain has 15 seconds left.\n|inactive|borgchain has 10 seconds left.\n|\n|t:|1682229602\n|-end|p2b: Flutter Mane|Protosynthesis|[silent]\n|switch|p2b: Dondozo|Dondozo, L50, F|100\/100\n|-terastallize|p1b: Amoonguss|Water\n|move|p1b: Amoonguss|Rage Powder|p1b: Amoonguss\n|-singleturn|p1b: Amoonguss|move: Rage Powder\n|move|p2a: Ting-Lu|Throat Chop|p1b: Amoonguss\n|-damage|p1b: Amoonguss|48\/100\n|-start|p1b: Amoonguss|Throat Chop|[silent]\n|-enditem|p1b: Amoonguss|Sitrus Berry|[eat]\n|-heal|p1b: Amoonguss|72\/100|[from] item: Sitrus Berry\n|move|p1a: Indeedee|Trick Room|p1a: Indeedee\n|-fieldstart|move: Trick Room|[of] p1a: Indeedee\n|\n|upkeep\n|turn|2\n|inactive|borgchain has 30 seconds left.\n|\n|t:|1682229633\n|move|p1b: Amoonguss|Spore|p2b: Dondozo\n|-status|p2b: Dondozo|slp|[from] move: Spore\n|cant|p2b: Dondozo|slp\n|move|p2a: Ting-Lu|Throat Chop|p1b: Amoonguss\n|-damage|p1b: Amoonguss|21\/100\n|move|p1a: Indeedee|Dazzling Gleam|p2b: Dondozo|[spread] p2a,p2b\n|-supereffective|p2a: Ting-Lu\n|-damage|p2a: Ting-Lu|85\/100\n|-damage|p2b: Dondozo|92\/100 slp\n|\n|-heal|p2b: Dondozo|98\/100 slp|[from] item: Leftovers\n|-end|p1b: Amoonguss|Throat Chop|[silent]\n|upkeep\n|turn|3\n|inactive|y65frrtfuyg has 30 seconds left.\n|\n|t:|1682229665\n|move|p1a: Indeedee|Follow Me|p1a: Indeedee\n|-singleturn|p1a: Indeedee|move: Follow Me\n|move|p1b: Amoonguss|Spore|p2a: Ting-Lu\n|-status|p2a: Ting-Lu|slp|[from] move: Spore\n|-curestatus|p2b: Dondozo|slp|[msg]\n|move|p2b: Dondozo|Wave Crash|p1a: Indeedee\n|-damage|p1a: Indeedee|46\/100\n|-damage|p2b: Dondozo|84\/100|[from] Recoil\n|cant|p2a: Ting-Lu|slp\n|\n|-heal|p2b: Dondozo|90\/100|[from] item: Leftovers\n|upkeep\n|turn|4\n|inactive|borgchain has 30 seconds left.\n|inactive|borgchain has 20 seconds left.\n|inactive|borgchain has 15 seconds left.\n|inactive|borgchain has 10 seconds left.\n|\n|t:|1682229713\n|switch|p1a: Tyranitar|Tyranitar, L50, F, shiny|100\/100\n|-weather|Sandstorm|[from] ability: Sand Stream|[of] p1a: Tyranitar\n|move|p1b: Amoonguss|Spore|p2b: Dondozo\n|-status|p2b: Dondozo|slp|[from] move: Spore\n|cant|p2b: Dondozo|slp\n|cant|p2a: Ting-Lu|slp\n|\n|-weather|Sandstorm|[upkeep]\n|-damage|p1b: Amoonguss|15\/100|[from] Sandstorm\n|-damage|p2b: Dondozo|84\/100 slp|[from] Sandstorm\n|-heal|p2b: Dondozo|90\/100 slp|[from] item: Leftovers\n|upkeep\n|turn|5\n|inactive|borgchain has 30 seconds left.\n|inactive|borgchain has 20 seconds left.\n|inactive|borgchain has 15 seconds left.\n|inactive|borgchain has 10 seconds left.\n|\n|t:|1682229760\n|switch|p1b: Lycanroc|Lycanroc, L50, F, shiny|100\/100\n|-curestatus|p2b: Dondozo|slp|[msg]\n|move|p2b: Dondozo|Wave Crash|p1a: Tyranitar\n|-supereffective|p1a: Tyranitar\n|-damage|p1a: Tyranitar|5\/100\n|-damage|p2b: Dondozo|61\/100|[from] Recoil\n|-curestatus|p2a: Ting-Lu|slp|[msg]\n|move|p2a: Ting-Lu|Throat Chop|p1b: Lycanroc\n|-enditem|p1b: Lycanroc|Focus Sash\n|-damage|p1b: Lycanroc|1\/100\n|-start|p1b: Lycanroc|Throat Chop|[silent]\n|move|p1a: Tyranitar|Low Kick|p2a: Ting-Lu\n|-supereffective|p2a: Ting-Lu\n|-damage|p2a: Ting-Lu|22\/100\n|\n|-weather|Sandstorm|[upkeep]\n|-damage|p2b: Dondozo|55\/100|[from] Sandstorm\n|-heal|p2b: Dondozo|61\/100|[from] item: Leftovers\n|-fieldend|move: Trick Room\n|-fieldend|move: Psychic Terrain\n|upkeep\n|turn|6\n|inactive|borgchain has 30 seconds left.\n|inactive|y65frrtfuyg has 30 seconds left.\n|inactive|borgchain has 20 seconds left.\n|inactive|y65frrtfuyg has 20 seconds left.\n|inactive|borgchain has 15 seconds left.\n|inactive|borgchain has 10 seconds left.\n|inactive|borgchain has 5 seconds left.\n|\n|t:|1682229815\n|move|p1b: Lycanroc|Rock Slide|p2b: Dondozo|[spread] p2a,p2b\n|-resisted|p2a: Ting-Lu\n|-damage|p2a: Ting-Lu|13\/100\n|-damage|p2b: Dondozo|44\/100\n|move|p1a: Tyranitar|Tera Blast|p2b: Dondozo\n|-damage|p2b: Dondozo|33\/100\n|cant|p2a: Ting-Lu|flinch\n|move|p2b: Dondozo|Earthquake|p1b: Lycanroc|[spread] p2a,p1a,p1b\n|-supereffective|p1a: Tyranitar\n|-supereffective|p1b: Lycanroc\n|-crit|p1b: Lycanroc\n|-damage|p2a: Ting-Lu|0 fnt\n|-damage|p1a: Tyranitar|0 fnt\n|-damage|p1b: Lycanroc|0 fnt\n|faint|p2a: Ting-Lu\n|faint|p1a: Tyranitar\n|faint|p1b: Lycanroc\n|\n|-weather|Sandstorm|[upkeep]\n|-damage|p2b: Dondozo|27\/100|[from] Sandstorm\n|-heal|p2b: Dondozo|33\/100|[from] item: Leftovers\n|upkeep\n|\n|t:|1682229834\n|switch|p1b: Amoonguss|Amoonguss, L50, M, shiny, tera:Water|48\/100\n|switch|p1a: Indeedee|Indeedee-F, L50, F, shiny|46\/100\n|switch|p2a: Dragonite|Dragonite, L50, F|100\/100\n|-fieldstart|move: Psychic Terrain|[from] ability: Psychic Surge|[of] p1a: Indeedee\n|turn|7\n|\n|t:|1682229852\n|-terastallize|p2a: Dragonite|Flying\n|move|p1a: Indeedee|Dazzling Gleam|p2a: Dragonite|[spread] p2a,p2b\n|-damage|p2a: Dragonite|94\/100\n|-damage|p2b: Dondozo|22\/100\n|move|p2a: Dragonite|Tera Blast|p1b: Amoonguss\n|-damage|p1b: Amoonguss|0 fnt\n|faint|p1b: Amoonguss\n|move|p2b: Dondozo|Wave Crash|p1a: Indeedee\n|-damage|p1a: Indeedee|0 fnt\n|faint|p1a: Indeedee\n|-damage|p2b: Dondozo|10\/100|[from] Recoil\n|\n|win|y65frrtfuyg\n|raw|borgchain's rating: 1019 → 1005<\/strong> (-14 for losing)\n|raw|y65frrtfuyg's rating: 1000 → 1042<\/strong> (+42 for winning)\n|l|\u2606y65frrtfuyg\n|j|\u2606y65frrtfuyg\n|player|p2|y65frrtfuyg|policeman-gen4\n|l|\u2606y65frrtfuyg\n|player|p2|\n","uploadtime":1682229875,"views":23,"p1id":"borgchain","p2id":"y65frrtfuyg","formatid":"gen9vgc2023regulationc","rating":1005,"private":0,"password":""}