{"id":"gen9vgc2023regulationc-1845870791","p1":"ikarusdj","p2":"nik993","format":"[Gen 9] VGC 2023 Regulation C","log":"|j|\u2606ikarusdj\n|j|\u2606nik993\n|t:|1681773606\n|gametype|doubles\n|player|p1|ikarusdj|101|1292\n|player|p2|nik993|102|1342\n|teamsize|p1|6\n|teamsize|p2|6\n|gen|9\n|tier|[Gen 9] VGC 2023 Regulation C\n|rated|\n|rule|Species Clause: Limit one of each Pok\u00e9mon\n|rule|Item Clause: Limit one of each item\n|clearpoke\n|poke|p1|Tropius, L50, M|\n|poke|p1|Dondozo, L50, F|\n|poke|p1|Tatsugiri, L50, M|\n|poke|p1|Garganacl, L50, F|\n|poke|p1|Gholdengo, L50|\n|poke|p1|Glimmora, L50, M|\n|poke|p2|Palafin, L50, F|\n|poke|p2|Iron Hands, L50|\n|poke|p2|Amoonguss, L50, F|\n|poke|p2|Arcanine, L50, F|\n|poke|p2|Chien-Pao, L50|\n|poke|p2|Dragonite, L50, F|\n|teampreview|4\nnik993 has agreed to open team sheets.\n|\n|t:|1681773633\n|start\n|switch|p1a: Tropius|Tropius, L50, M, shiny|100\/100\n|switch|p1b: Glimmora|Glimmora, L50, M|100\/100\n|switch|p2a: Palafin|Palafin, L50, F|100\/100\n|switch|p2b: Dragonite|Dragonite, L50, F|100\/100\n|turn|1\n|\n|t:|1681773651\n|detailschange|p2a: Palafin|Palafin-Hero, L50, F\n|switch|p2a: Iron Hands|Iron Hands, L50|100\/100\n|move|p1b: Glimmora|Sludge Bomb|p2a: Iron Hands\n|-damage|p2a: Iron Hands|75\/100\n|move|p2b: Dragonite|Stomping Tantrum|p1b: Glimmora\n|-supereffective|p1b: Glimmora\n|-enditem|p1b: Glimmora|Focus Sash\n|-damage|p1b: Glimmora|1\/100\n|-activate|p1b: Glimmora|ability: Toxic Debris\n|-sidestart|p2: nik993|move: Toxic Spikes\n|move|p1a: Tropius|Leech Seed|p2b: Dragonite\n|-start|p2b: Dragonite|move: Leech Seed\n|\n|-damage|p2b: Dragonite|88\/100|[from] Leech Seed|[of] p1a: Tropius\n|upkeep\n|turn|2\n|\n|t:|1681773676\n|-terastallize|p2b: Dragonite|Flying\n|move|p1b: Glimmora|Spiky Shield|p1b: Glimmora\n|-singleturn|p1b: Glimmora|move: Protect\n|move|p2a: Iron Hands|Fake Out|p1a: Tropius\n|-damage|p1a: Tropius|90\/100\n|move|p2b: Dragonite|Tera Blast|p1a: Tropius\n|-supereffective|p1a: Tropius\n|-damage|p1a: Tropius|2\/100\n|-enditem|p1a: Tropius|Sitrus Berry|[eat]\n|-heal|p1a: Tropius|27\/100|[from] item: Sitrus Berry\n|cant|p1a: Tropius|flinch\n|\n|-damage|p2b: Dragonite|76\/100|[from] Leech Seed|[of] p1a: Tropius\n|-heal|p1a: Tropius|38\/100|[silent]\n|upkeep\n|turn|3\n|\n|t:|1681773710\n|move|p1a: Tropius|Protect|p1a: Tropius\n|-singleturn|p1a: Tropius|Protect\n|move|p1b: Glimmora|Power Gem|p2b: Dragonite\n|-supereffective|p2b: Dragonite\n|-damage|p2b: Dragonite|0 fnt\n|faint|p2b: Dragonite\n|move|p2a: Iron Hands|Heavy Slam|p1b: Glimmora\n|-supereffective|p1b: Glimmora\n|-damage|p1b: Glimmora|0 fnt\n|-activate|p1b: Glimmora|ability: Toxic Debris\n|-sidestart|p2: nik993|move: Toxic Spikes\n|faint|p1b: Glimmora\n|\n|upkeep\n|\n|t:|1681773733\n|switch|p1b: Gholdengo|Gholdengo, L50|100\/100\n|switch|p2b: Chien-Pao|Chien-Pao, L50|100\/100\n|-status|p2b: Chien-Pao|tox\n|-ability|p2b: Chien-Pao|Sword of Ruin\n|turn|4\n|\n|t:|1681773764\n|move|p2b: Chien-Pao|Protect|p2b: Chien-Pao\n|-singleturn|p2b: Chien-Pao|Protect\n|move|p1b: Gholdengo|Make It Rain|p2a: Iron Hands|[spread] p2a\n|-activate|p2b: Chien-Pao|move: Protect\n|-resisted|p2a: Iron Hands\n|-crit|p2a: Iron Hands\n|-damage|p2a: Iron Hands|46\/100\n|-unboost|p1b: Gholdengo|spa|1\n|move|p2a: Iron Hands|Wild Charge|p1a: Tropius\n|-damage|p1a: Tropius|0 fnt\n|faint|p1a: Tropius\n|-damage|p2a: Iron Hands|39\/100|[from] Recoil\n|\n|-damage|p2b: Chien-Pao|95\/100 tox|[from] psn\n|upkeep\n|\n|t:|1681773783\n|switch|p1a: Garganacl|Garganacl, L50, F|100\/100\n|turn|5\n|\n|t:|1681773800\n|move|p2b: Chien-Pao|Sucker Punch|p1b: Gholdengo\n|-supereffective|p1b: Gholdengo\n|-damage|p1b: Gholdengo|0 fnt\n|faint|p1b: Gholdengo\n|move|p2a: Iron Hands|Wild Charge|p1a: Garganacl\n|-damage|p1a: Garganacl|57\/100\n|-damage|p2a: Iron Hands|22\/100|[from] item: Rocky Helmet|[of] p1a: Garganacl\n|-damage|p2a: Iron Hands|13\/100|[from] Recoil\n|move|p1a: Garganacl|Iron Defense|p1a: Garganacl\n|-boost|p1a: Garganacl|def|2\n|\n|-damage|p2b: Chien-Pao|83\/100 tox|[from] psn\n|upkeep\n|turn|6\n|\n|t:|1681773833\n|move|p1a: Garganacl|Protect|p1a: Garganacl\n|-singleturn|p1a: Garganacl|Protect\n|move|p2b: Chien-Pao|Sacred Sword|p1a: Garganacl\n|-activate|p1a: Garganacl|move: Protect\n|move|p2a: Iron Hands|Drain Punch|p1a: Garganacl\n|-activate|p1a: Garganacl|move: Protect\n|\n|-damage|p2b: Chien-Pao|66\/100 tox|[from] psn\n|upkeep\n|turn|7\n|\n|t:|1681773861\n|switch|p2b: Palafin|Palafin-Hero, L50, F|100\/100\n|-status|p2b: Palafin|tox\n|-activate|p2b: Palafin|ability: Zero to Hero\n|-terastallize|p1a: Garganacl|Flying\n|move|p2a: Iron Hands|Drain Punch|p1a: Garganacl\n|-resisted|p1a: Garganacl\n|-damage|p1a: Garganacl|50\/100\n|-heal|p2a: Iron Hands|16\/100|[from] drain|[of] p1a: Garganacl\n|-damage|p2a: Iron Hands|0 fnt|[from] item: Rocky Helmet|[of] p1a: Garganacl\n|faint|p2a: Iron Hands\n|-end|p2a: Iron Hands|Quark Drive|[silent]\n|move|p1a: Garganacl|Body Press|p2b: Palafin\n|-damage|p2b: Palafin|54\/100 tox\n|\n|-damage|p2b: Palafin|48\/100 tox|[from] psn\n|upkeep\n|\n|t:|1681773876\n|switch|p2a: Chien-Pao|Chien-Pao, L50|66\/100 tox\n|-ability|p2a: Chien-Pao|Sword of Ruin\n|turn|8\n|\n|t:|1681773884\n|move|p1a: Garganacl|Protect|p1a: Garganacl\n|-singleturn|p1a: Garganacl|Protect\n|move|p2a: Chien-Pao|Ice Spinner|p1a: Garganacl\n|-activate|p1a: Garganacl|move: Protect\n|move|p2b: Palafin|Haze|p2b: Palafin\n|-clearallboost\n|\n|-damage|p2a: Chien-Pao|60\/100 tox|[from] psn\n|-damage|p2b: Palafin|36\/100 tox|[from] psn\n|upkeep\n|turn|9\n|\n|t:|1681773897\n|move|p2a: Chien-Pao|Ice Spinner|p1a: Garganacl\n|-supereffective|p1a: Garganacl\n|-damage|p1a: Garganacl|0 fnt\n|-damage|p2a: Chien-Pao|43\/100 tox|[from] item: Rocky Helmet|[of] p1a: Garganacl\n|faint|p1a: Garganacl\n|\n|win|nik993\n|raw|ikarusdj's rating: 1292 → 1271<\/strong> (-21 for losing)\n|raw|nik993's rating: 1342 → 1359<\/strong> (+17 for winning)\n","uploadtime":1681773906,"views":4,"p1id":"ikarusdj","p2id":"nik993","formatid":"gen9vgc2023regulationc","rating":1271,"private":0,"password":""}