{"id":"gen9vgc2023regulationc-1858796594","p1":"saul113","p2":"ButzMcAnuz","format":"[Gen 9] VGC 2023 Regulation C","log":"|j|\u2606saul113\n|j|\u2606ButzMcAnuz\n|t:|1683363020\n|gametype|doubles\n|player|p1|saul113|blue|1063\n|player|p2|ButzMcAnuz|265|1046\n|teamsize|p1|6\n|teamsize|p2|6\n|gen|9\n|tier|[Gen 9] VGC 2023 Regulation C\n|rated|\n|rule|Species Clause: Limit one of each Pok\u00e9mon\n|rule|Item Clause: Limit one of each item\n|clearpoke\n|poke|p1|Amoonguss, L50, M|\n|poke|p1|Arcanine, L50, M|\n|poke|p1|Gholdengo, L50|\n|poke|p1|Annihilape, L50, M|\n|poke|p1|Azumarill, L50, M|\n|poke|p1|Iron Hands, L50|\n|poke|p2|Baxcalibur, L50, F|\n|poke|p2|Iron Valiant, L50|\n|poke|p2|Scizor, L50, M|\n|poke|p2|Volcarona, L50, M|\n|poke|p2|Gyarados, L50, F|\n|poke|p2|Amoonguss, L50, F|\n|teampreview|4\n|inactive|Battle timer is ON: inactive players will automatically lose when time's up. (requested by saul113)\n|inactive|ButzMcAnuz has 60 seconds left.\n|\n|t:|1683363116\n|start\n|switch|p1a: Amoonguss|Amoonguss, L50, M, shiny|100\/100\n|switch|p1b: Arcanine|Arcanine, L50, M|100\/100\n|switch|p2a: Volcarona|Volcarona, L50, M|100\/100\n|switch|p2b: Iron Valiant|Iron Valiant, L50, shiny|100\/100\n|-ability|p1b: Arcanine|Intimidate|boost\n|-unboost|p2a: Volcarona|atk|1\n|-unboost|p2b: Iron Valiant|atk|1\n|-enditem|p2b: Iron Valiant|Booster Energy\n|-activate|p2b: Iron Valiant|ability: Quark Drive|[fromitem]\n|-start|p2b: Iron Valiant|quarkdrivespe\n|turn|1\n|inactive|saul113 has 30 seconds left.\n|inactive|ButzMcAnuz has 30 seconds left.\n|inactive|ButzMcAnuz has 20 seconds left.\n|\n|t:|1683363156\n|move|p2b: Iron Valiant|Aura Sphere|p1a: Amoonguss\n|-resisted|p1a: Amoonguss\n|-damage|p1a: Amoonguss|85\/100\n|move|p2a: Volcarona|Fiery Dance|p1a: Amoonguss\n|-supereffective|p1a: Amoonguss\n|-damage|p1a: Amoonguss|0 fnt\n|-boost|p2a: Volcarona|spa|1\n|faint|p1a: Amoonguss\n|-damage|p2a: Volcarona|91\/100|[from] item: Life Orb\n|move|p1b: Arcanine|Will-O-Wisp|p2b: Iron Valiant\n|-status|p2b: Iron Valiant|brn\n|\n|-damage|p2b: Iron Valiant|94\/100 brn|[from] brn\n|upkeep\n|\n|t:|1683363170\n|switch|p1a: Azumarill|Azumarill, L50, M|100\/100\n|turn|2\n|inactive|ButzMcAnuz has 30 seconds left.\n|inactive|ButzMcAnuz has 20 seconds left.\n|\n|t:|1683363208\n|-end|p2b: Iron Valiant|Quark Drive|[silent]\n|switch|p2b: Gyarados|Gyarados, L50, F, shiny|100\/100\n|-ability|p2b: Gyarados|Intimidate|boost\n|-unboost|p1a: Azumarill|atk|1\n|-unboost|p1b: Arcanine|atk|1\n|-terastallize|p2a: Volcarona|Grass\n|move|p2a: Volcarona|Giga Drain|p1a: Azumarill\n|-ability|p1a: Azumarill|Sap Sipper|boost\n|-boost|p1a: Azumarill|atk|1\n|move|p1b: Arcanine|Snarl|p2a: Volcarona|[spread] p2a,p2b\n|-damage|p2a: Volcarona|82\/100\n|-damage|p2b: Gyarados|94\/100\n|-unboost|p2a: Volcarona|spa|1\n|-unboost|p2b: Gyarados|spa|1\n|move|p1a: Azumarill|Belly Drum|p1a: Azumarill\n|-damage|p1a: Azumarill|51\/100\n|-setboost|p1a: Azumarill|atk|6|[from] move: Belly Drum\n|\n|-heal|p1a: Azumarill|57\/100|[from] item: Leftovers\n|upkeep\n|turn|3\n|\n|t:|1683363228\n|move|p2b: Gyarados|Helping Hand|p2a: Volcarona\n|-singleturn|p2a: Volcarona|Helping Hand|[of] p2b: Gyarados\n|move|p1a: Azumarill|Protect|p1a: Azumarill\n|-singleturn|p1a: Azumarill|Protect\n|move|p2a: Volcarona|Bug Buzz|p1a: Azumarill\n|-activate|p1a: Azumarill|move: Protect\n|move|p1b: Arcanine|Will-O-Wisp|p2b: Gyarados\n|-status|p2b: Gyarados|brn\n|\n|-heal|p1a: Azumarill|62\/100|[from] item: Leftovers\n|-damage|p2b: Gyarados|88\/100 brn|[from] brn\n|upkeep\n|turn|4\n|\n|t:|1683363248\n|move|p2b: Gyarados|Helping Hand|p2a: Volcarona\n|-singleturn|p2a: Volcarona|Helping Hand|[of] p2b: Gyarados\n|move|p2a: Volcarona|Bug Buzz|p1a: Azumarill\n|-resisted|p1a: Azumarill\n|-damage|p1a: Azumarill|0 fnt\n|faint|p1a: Azumarill\n|-damage|p2a: Volcarona|72\/100|[from] item: Life Orb\n|move|p1b: Arcanine|Snarl|p2b: Gyarados|[spread] p2a,p2b\n|-damage|p2a: Volcarona|65\/100\n|-damage|p2b: Gyarados|82\/100 brn\n|-unboost|p2a: Volcarona|spa|1\n|-unboost|p2b: Gyarados|spa|1\n|\n|-damage|p2b: Gyarados|76\/100 brn|[from] brn\n|upkeep\n|\n|t:|1683363261\n|switch|p1a: Annihilape|Annihilape, L50, M|100\/100\n|turn|5\n|\n|t:|1683363285\n|switch|p2a: Iron Valiant|Iron Valiant, L50, shiny|94\/100 brn\n|switch|p2b: Baxcalibur|Baxcalibur, L50, F|100\/100\n|move|p1a: Annihilape|Shadow Claw|p2a: Iron Valiant\n|-damage|p2a: Iron Valiant|54\/100 brn\n|move|p1b: Arcanine|Flare Blitz|p2b: Baxcalibur\n|-damage|p2b: Baxcalibur|75\/100\n|-ability|p2b: Baxcalibur|Thermal Exchange|boost\n|-boost|p2b: Baxcalibur|atk|1\n|-damage|p1b: Arcanine|91\/100|[from] Recoil\n|\n|-damage|p2a: Iron Valiant|48\/100 brn|[from] brn\n|upkeep\n|turn|6\n|inactive|ButzMcAnuz has 30 seconds left.\n|\n|t:|1683363317\n|move|p1a: Annihilape|Shadow Claw|p2a: Iron Valiant\n|-damage|p2a: Iron Valiant|15\/100 brn\n|move|p2a: Iron Valiant|Moonblast|p1a: Annihilape\n|-supereffective|p1a: Annihilape\n|-damage|p1a: Annihilape|19\/100\n|move|p2b: Baxcalibur|Icicle Spear|p1a: Annihilape\n|-damage|p1a: Annihilape|0 fnt\n|faint|p1a: Annihilape\n|-hitcount|p1: Annihilape|1\n|move|p1b: Arcanine|Will-O-Wisp|p2b: Baxcalibur\n|-immune|p2b: Baxcalibur|[from] ability: Thermal Exchange\n|\n|-damage|p2a: Iron Valiant|8\/100 brn|[from] brn\n|upkeep\n|turn|7\n|-message|saul113 forfeited.\n|\n|win|ButzMcAnuz\n|raw|saul113's rating: 1063 → 1043<\/strong> (-20 for losing)\n|raw|ButzMcAnuz's rating: 1046 → 1081<\/strong> (+35 for winning)\n|l|\u2606saul113\n","uploadtime":1683363640,"views":12,"p1id":"saul113","p2id":"butzmcanuz","formatid":"gen9vgc2023regulationc","rating":1043,"private":0,"password":""}