{"id":"gen9vgc2023regulationc-1847575596","p1":"pupulovessixsheep","p2":"Serr_Pincass","format":"[Gen 9] VGC 2023 Regulation C","log":"|j|\u2606pupulovessixsheep\n|j|\u2606Serr_Pincass\n|t:|1681976100\n|gametype|doubles\n|player|p1|pupulovessixsheep|265|1261\n|player|p2|Serr_Pincass|170|1219\n|teamsize|p1|6\n|teamsize|p2|6\n|gen|9\n|tier|[Gen 9] VGC 2023 Regulation C\n|rated|\n|rule|Species Clause: Limit one of each Pok\u00e9mon\n|rule|Item Clause: Limit one of each item\n|clearpoke\n|poke|p1|Talonflame, L50, M|\n|poke|p1|Chi-Yu, L50|\n|poke|p1|Flutter Mane, L50|\n|poke|p1|Amoonguss, L50, M|\n|poke|p1|Tyranitar, L50, F|\n|poke|p1|Houndstone, L50, M|\n|poke|p2|Forretress, L50, F|\n|poke|p2|Klawf, L50, M|\n|poke|p2|Tyranitar, L50, F|\n|poke|p2|Garchomp, L50, M|\n|poke|p2|Ting-Lu, L50|\n|poke|p2|Tinkaton, L50, F|\n|teampreview|4\n|inactive|Battle timer is ON: inactive players will automatically lose when time's up. (requested by pupulovessixsheep)\n|\n|t:|1681976124\n|start\n|switch|p1a: Tyranitar|Tyranitar, L50, F, shiny|100\/100\n|switch|p1b: Amoonguss|Amoonguss, L50, M|100\/100\n|switch|p2a: Tyranitar|Tyranitar, L50, F|100\/100\n|switch|p2b: Tinkaton|Tinkaton, L50, F|100\/100\n|-weather|Sandstorm|[from] ability: Sand Stream|[of] p1a: Tyranitar\n|-ability|p2b: Tinkaton|Mold Breaker\n|turn|1\n|inactive|pupulovessixsheep has 30 seconds left.\n|\n|t:|1681976156\n|move|p1a: Tyranitar|Protect|p1a: Tyranitar\n|-singleturn|p1a: Tyranitar|Protect\n|move|p2b: Tinkaton|Fake Out|p1b: Amoonguss\n|-damage|p1b: Amoonguss|95\/100\n|move|p2a: Tyranitar|Low Kick|p1a: Tyranitar\n|-activate|p1a: Tyranitar|move: Protect\n|cant|p1b: Amoonguss|flinch\n|\n|-weather|Sandstorm|[upkeep]\n|-damage|p1b: Amoonguss|89\/100|[from] Sandstorm\n|-heal|p1b: Amoonguss|95\/100|[from] item: Leftovers\n|upkeep\n|turn|2\n|inactive|Serr_Pincass has 30 seconds left.\n|\n|t:|1681976182\n|-terastallize|p2a: Tyranitar|Flying\n|move|p1b: Amoonguss|Rage Powder|p1b: Amoonguss\n|-singleturn|p1b: Amoonguss|move: Rage Powder\n|move|p2b: Tinkaton|Thunder Wave|p1b: Amoonguss\n|-status|p1b: Amoonguss|par\n|move|p1a: Tyranitar|Dragon Dance|p1a: Tyranitar\n|-boost|p1a: Tyranitar|atk|1\n|-boost|p1a: Tyranitar|spe|1\n|move|p2a: Tyranitar|Tera Blast|p1b: Amoonguss\n|-supereffective|p1b: Amoonguss\n|-damage|p1b: Amoonguss|35\/100 par\n|\n|-weather|Sandstorm|[upkeep]\n|-damage|p2a: Tyranitar|94\/100|[from] Sandstorm\n|-damage|p1b: Amoonguss|29\/100 par|[from] Sandstorm\n|-heal|p1b: Amoonguss|35\/100 par|[from] item: Leftovers\n|upkeep\n|turn|3\n|inactive|pupulovessixsheep has 30 seconds left.\n|inactive|Serr_Pincass has 30 seconds left.\n|\n|t:|1681976215\n|switch|p2a: Ting-Lu|Ting-Lu, L50|100\/100\n|-ability|p2a: Ting-Lu|Vessel of Ruin\n|move|p1b: Amoonguss|Rage Powder|p1b: Amoonguss\n|-singleturn|p1b: Amoonguss|move: Rage Powder\n|move|p1a: Tyranitar|Dragon Dance|p1a: Tyranitar\n|-boost|p1a: Tyranitar|atk|1\n|-boost|p1a: Tyranitar|spe|1\n|move|p2b: Tinkaton|Thunder Wave|p1b: Amoonguss\n|-fail|p1b: Amoonguss|par\n|\n|-weather|Sandstorm|[upkeep]\n|-damage|p1b: Amoonguss|29\/100 par|[from] Sandstorm\n|-heal|p1b: Amoonguss|35\/100 par|[from] item: Leftovers\n|upkeep\n|turn|4\n|\n|t:|1681976238\n|move|p1a: Tyranitar|Protect|p1a: Tyranitar\n|-singleturn|p1a: Tyranitar|Protect\n|move|p2a: Ting-Lu|Protect|p2a: Ting-Lu\n|-singleturn|p2a: Ting-Lu|Protect\n|move|p2b: Tinkaton|Gigaton Hammer|p1b: Amoonguss\n|-damage|p1b: Amoonguss|0 fnt\n|faint|p1b: Amoonguss\n|\n|-weather|Sandstorm|[upkeep]\n|upkeep\n|\n|t:|1681976249\n|switch|p1b: Flutter Mane|Flutter Mane, L50|100\/100\n|-enditem|p1b: Flutter Mane|Booster Energy\n|-activate|p1b: Flutter Mane|ability: Protosynthesis|[fromitem]\n|-start|p1b: Flutter Mane|protosynthesisspa\n|turn|5\n|\n|t:|1681976260\n|switch|p2b: Forretress|Forretress, L50, F|100\/100\n|-terastallize|p1b: Flutter Mane|Fairy\n|move|p1a: Tyranitar|Rock Slide|p2a: Ting-Lu|[spread] p2a,p2b\n|-resisted|p2a: Ting-Lu\n|-damage|p2a: Ting-Lu|81\/100\n|-damage|p2b: Forretress|61\/100\n|move|p1b: Flutter Mane|Dazzling Gleam|p2b: Forretress|[spread] p2a,p2b\n|-supereffective|p2a: Ting-Lu\n|-resisted|p2b: Forretress\n|-damage|p2a: Ting-Lu|22\/100\n|-damage|p2b: Forretress|39\/100\n|move|p2a: Ting-Lu|Fissure|p1a: Tyranitar|[miss]\n|-miss|p2a: Ting-Lu|p1a: Tyranitar\n|\n|-weather|none\n|-heal|p2b: Forretress|45\/100|[from] item: Leftovers\n|upkeep\n|turn|6\n|\n|t:|1681976284\n|move|p2a: Ting-Lu|Protect|p2a: Ting-Lu\n|-singleturn|p2a: Ting-Lu|Protect\n|move|p1a: Tyranitar|Fire Punch|p2b: Forretress\n|-supereffective|p2b: Forretress\n|-damage|p2b: Forretress|0 fnt\n|faint|p2b: Forretress\n|move|p1b: Flutter Mane|Dazzling Gleam|p2a: Ting-Lu\n|-activate|p2a: Ting-Lu|move: Protect\n|\n|upkeep\n|\n|t:|1681976295\n|switch|p2b: Tinkaton|Tinkaton, L50, F|100\/100\n|-ability|p2b: Tinkaton|Mold Breaker\n|turn|7\n|\n|t:|1681976306\n|move|p2b: Tinkaton|Fake Out|p1b: Flutter Mane\n|-damage|p1b: Flutter Mane|83\/100\n|move|p1a: Tyranitar|Fire Punch|p2b: Tinkaton\n|-supereffective|p2b: Tinkaton\n|-damage|p2b: Tinkaton|5\/100\n|-enditem|p2b: Tinkaton|Figy Berry|[eat]\n|-heal|p2b: Tinkaton|38\/100|[from] item: Figy Berry\n|cant|p1b: Flutter Mane|flinch\n|move|p2a: Ting-Lu|Stomping Tantrum|p1a: Tyranitar\n|-supereffective|p1a: Tyranitar\n|-damage|p1a: Tyranitar|47\/100\n|-enditem|p1a: Tyranitar|Weakness Policy\n|-boost|p1a: Tyranitar|atk|2|[from] item: Weakness Policy\n|-boost|p1a: Tyranitar|spa|2|[from] item: Weakness Policy\n|\n|upkeep\n|turn|8\n|inactive|Serr_Pincass has 30 seconds left.\n|inactive|Serr_Pincass has 20 seconds left.\n|inactive|Serr_Pincass has 15 seconds left.\n|\n|t:|1681976346\n|move|p2a: Ting-Lu|Protect|p2a: Ting-Lu\n|-singleturn|p2a: Ting-Lu|Protect\n|move|p1a: Tyranitar|Rock Slide|p2a: Ting-Lu|[spread] p2b\n|-activate|p2a: Ting-Lu|move: Protect\n|-resisted|p2b: Tinkaton\n|-damage|p2b: Tinkaton|0 fnt\n|faint|p2b: Tinkaton\n|move|p1b: Flutter Mane|Dazzling Gleam|p2a: Ting-Lu\n|-activate|p2a: Ting-Lu|move: Protect\n|\n|upkeep\n|-message|Serr_Pincass forfeited.\n|\n|win|pupulovessixsheep\n|raw|pupulovessixsheep's rating: 1261 → 1283<\/strong> (+22 for winning)\n|raw|Serr_Pincass's rating: 1219 → 1197<\/strong> (-22 for losing)\n|l|\u2606Serr_Pincass\n","uploadtime":1681976364,"views":6,"p1id":"pupulovessixsheep","p2id":"serrpincass","formatid":"gen9vgc2023regulationc","rating":1197,"private":0,"password":""}