{"id":"gen9vgc2023regulationc-1848734425","p1":"The_Chauffeur","p2":"Terry kloak","format":"[Gen 9] VGC 2023 Regulation C","log":"|j|\u2606The_Chauffeur\n|j|\u2606Terry kloak\n|t:|1682105126\n|gametype|doubles\n|player|p1|The_Chauffeur|pokemonbreeder-gen4|1637\n|player|p2|Terry kloak|gentleman-gen4|1723\n|teamsize|p1|6\n|teamsize|p2|6\n|gen|9\n|tier|[Gen 9] VGC 2023 Regulation C\n|rated|\n|rule|Species Clause: Limit one of each Pok\u00e9mon\n|rule|Item Clause: Limit one of each item\n|clearpoke\n|poke|p1|Bronzong, L50|\n|poke|p1|Ting-Lu, L50|\n|poke|p1|Iron Hands, L50|\n|poke|p1|Indeedee-F, L50, F|\n|poke|p1|Armarouge, L50, M|\n|poke|p1|Great Tusk, L50|\n|poke|p2|Ceruledge, L50, M|\n|poke|p2|Orthworm, L50, F|\n|poke|p2|Ting-Lu, L50|\n|poke|p2|Dragonite, L50, F|\n|poke|p2|Iron Bundle, L50|\n|poke|p2|Grimmsnarl, L50, M|\n|teampreview|4\nTerry kloak has agreed to open team sheets.\nThe_Chauffeur rejected open team sheets.\n|inactive|Battle timer is ON: inactive players will automatically lose when time's up. (requested by Terry kloak)\n|inactive|The_Chauffeur has 60 seconds left.\n|\n|t:|1682105226\n|start\n|switch|p1a: Curd|Bronzong, L50|100\/100\n|switch|p1b: Machego|Ting-Lu, L50|100\/100\n|switch|p2a: Grimmsnarl|Grimmsnarl, L50, M|100\/100\n|switch|p2b: Dragonite|Dragonite, L50, F|100\/100\n|-ability|p1b: Machego|Vessel of Ruin\n|turn|1\n|\n|t:|1682105244\n|move|p2a: Grimmsnarl|Fake Out|p1a: Curd\n|-resisted|p1a: Curd\n|-damage|p1a: Curd|96\/100\n|move|p2b: Dragonite|Dragon Dance|p2b: Dragonite\n|-boost|p2b: Dragonite|atk|1\n|-boost|p2b: Dragonite|spe|1\n|move|p1b: Machego|Heavy Slam|p2a: Grimmsnarl\n|-supereffective|p2a: Grimmsnarl\n|-damage|p2a: Grimmsnarl|0 fnt\n|faint|p2a: Grimmsnarl\n|cant|p1a: Curd|flinch\n|\n|upkeep\n|\n|t:|1682105256\n|switch|p2a: Ceruledge|Ceruledge, L50, M|100\/100\n|turn|2\n|inactive|The_Chauffeur has 30 seconds left.\n|j| wrgedwa\n|inactive|The_Chauffeur has 20 seconds left.\n|\n|t:|1682105293\n|switch|p1b: Brie|Indeedee-F, L50, F|100\/100\n|-fieldstart|move: Psychic Terrain|[from] ability: Psychic Surge|[of] p1b: Brie\n|-terastallize|p2b: Dragonite|Flying\n|move|p2b: Dragonite|Tera Blast|p1a: Curd\n|-resisted|p1a: Curd\n|-damage|p1a: Curd|58\/100\n|move|p2a: Ceruledge|Bitter Blade|p1a: Curd\n|-supereffective|p1a: Curd\n|-damage|p1a: Curd|0 fnt\n|faint|p1a: Curd\n|\n|upkeep\n|\n|t:|1682105306\n|switch|p1a: Cheddar|Iron Hands, L50|100\/100\n|turn|3\n|inactive|The_Chauffeur has 30 seconds left.\n|inactive|The_Chauffeur has 20 seconds left.\n|inactive|The_Chauffeur has 15 seconds left.\n|inactive|The_Chauffeur has 10 seconds left.\n|\n|t:|1682105352\n|move|p2b: Dragonite|Tera Blast|p1b: Brie\n|-damage|p1b: Brie|0 fnt\n|faint|p1b: Brie\n|move|p2a: Ceruledge|Bulk Up|p2a: Ceruledge\n|-boost|p2a: Ceruledge|atk|1\n|-boost|p2a: Ceruledge|def|1\n|move|p1a: Cheddar|Belly Drum|p1a: Cheddar\n|-damage|p1a: Cheddar|50\/100\n|-setboost|p1a: Cheddar|atk|6|[from] move: Belly Drum\n|-enditem|p1a: Cheddar|Sitrus Berry|[eat]\n|-heal|p1a: Cheddar|75\/100|[from] item: Sitrus Berry\n|\n|upkeep\n|\n|t:|1682105364\n|switch|p1b: Machego|Ting-Lu, L50|100\/100\n|-ability|p1b: Machego|Vessel of Ruin\n|turn|4\n|j| GexkaXXV\n|inactive|The_Chauffeur has 30 seconds left.\n|inactive|The_Chauffeur has 20 seconds left.\n|inactive|The_Chauffeur has 15 seconds left.\n|\n|t:|1682105407\n|move|p2b: Dragonite|Protect|p2b: Dragonite\n|-singleturn|p2b: Dragonite|Protect\n|move|p2a: Ceruledge|Protect|p2a: Ceruledge\n|-singleturn|p2a: Ceruledge|Protect\n|move|p1a: Cheddar|Drain Punch|p2b: Dragonite\n|-activate|p2b: Dragonite|move: Protect\n|move|p1b: Machego|Rock Slide|p2a: Ceruledge|[spread] \n|-activate|p2a: Ceruledge|move: Protect\n|-activate|p2b: Dragonite|move: Protect\n|\n|upkeep\n|turn|5\n|\n|t:|1682105428\n|-terastallize|p1a: Cheddar|Flying\n|move|p2b: Dragonite|Tera Blast|p1b: Machego\n|-damage|p1b: Machego|46\/100\n|move|p2a: Ceruledge|Bitter Blade|p1b: Machego\n|-damage|p1b: Machego|5\/100\n|move|p1a: Cheddar|Tera Blast|p2b: Dragonite\n|-damage|p2b: Dragonite|0 fnt\n|faint|p2b: Dragonite\n|move|p1b: Machego|Rock Slide|p2a: Ceruledge\n|-supereffective|p2a: Ceruledge\n|-damage|p2a: Ceruledge|43\/100\n|\n|-heal|p2a: Ceruledge|49\/100|[from] item: Leftovers\n|upkeep\n|\n|t:|1682105445\n|switch|p2b: Ting-Lu|Ting-Lu, L50|100\/100\n|-ability|p2b: Ting-Lu|Vessel of Ruin\n|turn|6\n|l| wrgedwa\n|\n|t:|1682105456\n|move|p2a: Ceruledge|Bitter Blade|p1a: Cheddar\n|-damage|p1a: Cheddar|32\/100\n|-heal|p2a: Ceruledge|80\/100|[from] drain|[of] p1a: Cheddar\n|move|p2b: Ting-Lu|Throat Chop|p1a: Cheddar\n|-damage|p1a: Cheddar|7\/100\n|-start|p1a: Cheddar|Throat Chop|[silent]\n|move|p1a: Cheddar|Drain Punch|p2b: Ting-Lu\n|-supereffective|p2b: Ting-Lu\n|-damage|p2b: Ting-Lu|0 fnt\n|-heal|p1a: Cheddar|61\/100|[from] drain|[of] p2b: Ting-Lu\n|faint|p2b: Ting-Lu\n|move|p1b: Machego|Rock Slide|p2a: Ceruledge\n|-supereffective|p2a: Ceruledge\n|-damage|p2a: Ceruledge|22\/100\n|\n|-heal|p2a: Ceruledge|28\/100|[from] item: Leftovers\n|-fieldend|move: Psychic Terrain\n|upkeep\n|turn|7\n|\n|t:|1682105476\n|move|p2a: Ceruledge|Protect|p2a: Ceruledge\n|-singleturn|p2a: Ceruledge|Protect\n|move|p1a: Cheddar|Thunder Punch|p2a: Ceruledge\n|-activate|p2a: Ceruledge|move: Protect\n|move|p1b: Machego|Rock Slide|p2a: Ceruledge\n|-activate|p2a: Ceruledge|move: Protect\n|\n|-heal|p2a: Ceruledge|34\/100|[from] item: Leftovers\n|-end|p1a: Cheddar|Throat Chop|[silent]\n|upkeep\n|turn|8\n|\n|t:|1682105488\n|move|p2a: Ceruledge|Bitter Blade|p1a: Cheddar\n|-damage|p1a: Cheddar|11\/100\n|-heal|p2a: Ceruledge|69\/100|[from] drain|[of] p1a: Cheddar\n|move|p1a: Cheddar|Thunder Punch|p2a: Ceruledge\n|-crit|p2a: Ceruledge\n|-damage|p2a: Ceruledge|0 fnt\n|faint|p2a: Ceruledge\n|\n|win|The_Chauffeur\n|raw|The_Chauffeur's rating: 1637 → 1662<\/strong> (+25 for winning)\n|raw|Terry kloak's rating: 1723 → 1698<\/strong> (-25 for losing)\n|l|\u2606Terry kloak\n","uploadtime":1682105502,"views":18,"p1id":"thechauffeur","p2id":"terrykloak","formatid":"gen9vgc2023regulationc","rating":1662,"private":0,"password":""}