{"id":"gen9vgc2023regulationc-1854401062","p1":"Steakman5","p2":"camchaotix","format":"[Gen 9] VGC 2023 Regulation C","log":"|j|\u2606Steakman5\n|j|\u2606camchaotix\n|t:|1682806230\n|gametype|doubles\n|player|p1|Steakman5|swimmer-gen4|1119\n|player|p2|camchaotix|170|1163\n|teamsize|p1|6\n|teamsize|p2|6\n|gen|9\n|tier|[Gen 9] VGC 2023 Regulation C\n|rated|\n|rule|Species Clause: Limit one of each Pok\u00e9mon\n|rule|Item Clause: Limit one of each item\n|clearpoke\n|poke|p1|Flamigo, L50, F|\n|poke|p1|Dondozo, L50, F|\n|poke|p1|Flutter Mane, L50|\n|poke|p1|Tatsugiri-Droopy, L50, F|\n|poke|p1|Great Tusk, L50|\n|poke|p1|Talonflame, L50, F|\n|poke|p2|Ceruledge, L50, F|\n|poke|p2|Chien-Pao, L50|\n|poke|p2|Gyarados, L50, F|\n|poke|p2|Ting-Lu, L50|\n|poke|p2|Dragonite, L50, M|\n|poke|p2|Flutter Mane, L50|\n|teampreview|4\ncamchaotix rejected open team sheets.\n|inactive|Battle timer is ON: inactive players will automatically lose when time's up. (requested by camchaotix)\n|\n|t:|1682806263\n|start\n|switch|p1a: Flutter Mane|Flutter Mane, L50|100\/100\n|switch|p1b: Tatsugiri|Tatsugiri-Droopy, L50, F|100\/100\n|switch|p2a: Ting-Lu|Ting-Lu, L50|100\/100\n|switch|p2b: Dragonite|Dragonite, L50, M, shiny|100\/100\n|-ability|p2a: Ting-Lu|Vessel of Ruin\n|-enditem|p1a: Flutter Mane|Booster Energy\n|-activate|p1a: Flutter Mane|ability: Protosynthesis|[fromitem]\n|-start|p1a: Flutter Mane|protosynthesisspe\n|turn|1\n|\n|t:|1682806281\n|-terastallize|p2a: Ting-Lu|Ground\n|move|p2b: Dragonite|Extreme Speed|p1b: Tatsugiri\n|-damage|p1b: Tatsugiri|27\/100\n|move|p1a: Flutter Mane|Perish Song|p1a: Flutter Mane\n|-start|p1a: Flutter Mane|perish3|[silent]\n|-start|p1b: Tatsugiri|perish3|[silent]\n|-start|p2a: Ting-Lu|perish3|[silent]\n|-start|p2b: Dragonite|perish3|[silent]\n|-fieldactivate|move: Perish Song\n|move|p1b: Tatsugiri|Icy Wind|p2a: Ting-Lu|[spread] p2a,p2b\n|-supereffective|p2a: Ting-Lu\n|-supereffective|p2b: Dragonite\n|-damage|p2a: Ting-Lu|84\/100\n|-damage|p2b: Dragonite|76\/100\n|-unboost|p2a: Ting-Lu|spe|1\n|-unboost|p2b: Dragonite|spe|1\n|move|p2a: Ting-Lu|Heavy Slam|p1a: Flutter Mane\n|-supereffective|p1a: Flutter Mane\n|-damage|p1a: Flutter Mane|0 fnt\n|faint|p1a: Flutter Mane\n|-end|p1a: Flutter Mane|Protosynthesis|[silent]\n|\n|-heal|p2a: Ting-Lu|90\/100|[from] item: Leftovers\n|-start|p1b: Tatsugiri|perish3\n|-start|p2b: Dragonite|perish3\n|-start|p2a: Ting-Lu|perish3\n|upkeep\n|\n|t:|1682806289\n|switch|p1a: Dondozo|Dondozo, L50, F|100\/100\n|-activate|p1b: Tatsugiri|ability: Commander|[of] p1a: Dondozo\n|-boost|p1a: Dondozo|atk|2\n|-boost|p1a: Dondozo|spa|2\n|-boost|p1a: Dondozo|spe|2\n|-boost|p1a: Dondozo|def|2\n|-boost|p1a: Dondozo|spd|2\n|turn|2\n|\n|t:|1682806301\n|switch|p2a: Gyarados|Gyarados, L50, F|100\/100\n|-ability|p2a: Gyarados|Intimidate|boost\n|-unboost|p1a: Dondozo|atk|1\n|-unboost|p1b: Tatsugiri|atk|1\n|-terastallize|p1a: Dondozo|Water\n|move|p2b: Dragonite|Extreme Speed|p1a: Dondozo\n|-damage|p1a: Dondozo|84\/100\n|move|p1a: Dondozo|Surf|p2a: Gyarados|[spread] p2a,p2b\n|-miss|p1a: Dondozo|p1b: Tatsugiri\n|-resisted|p2a: Gyarados\n|-resisted|p2b: Dragonite\n|-damage|p2a: Gyarados|63\/100\n|-damage|p2b: Dragonite|37\/100\n|-damage|p1a: Dondozo|75\/100|[from] item: Life Orb\n|\n|-start|p1b: Tatsugiri|perish2\n|-start|p2b: Dragonite|perish2\n|upkeep\n|turn|3\n|\n|t:|1682806318\n|move|p2b: Dragonite|Extreme Speed|p1a: Dondozo\n|-damage|p1a: Dondozo|59\/100\n|move|p1a: Dondozo|Surf|p2b: Dragonite|[spread] p2a,p2b\n|-miss|p1a: Dondozo|p1b: Tatsugiri\n|-resisted|p2a: Gyarados\n|-resisted|p2b: Dragonite\n|-damage|p2a: Gyarados|25\/100\n|-damage|p2b: Dragonite|0 fnt\n|-enditem|p2a: Gyarados|Sitrus Berry|[eat]\n|-heal|p2a: Gyarados|50\/100|[from] item: Sitrus Berry\n|faint|p2b: Dragonite\n|-damage|p1a: Dondozo|49\/100|[from] item: Life Orb\n|move|p2a: Gyarados|Thunder Wave|p1a: Dondozo\n|-status|p1a: Dondozo|par\n|\n|-start|p1b: Tatsugiri|perish1\n|upkeep\n|\n|t:|1682806334\n|switch|p2b: Ceruledge|Ceruledge, L50, F, shiny|100\/100\n|turn|4\n|\n|t:|1682806342\n|move|p1a: Dondozo|Protect|p1a: Dondozo\n|-singleturn|p1a: Dondozo|Protect\n|move|p2b: Ceruledge|Shadow Sneak|p1a: Dondozo\n|-activate|p1a: Dondozo|move: Protect\n|move|p2a: Gyarados|Waterfall|p1a: Dondozo\n|-activate|p1a: Dondozo|move: Protect\n|\n|-start|p1b: Tatsugiri|perish0\n|faint|p1b: Tatsugiri\n|upkeep\n|\n|t:|1682806351\n|switch|p1b: Flamigo|Flamigo, L50, F|100\/100\n|-copyboost|p1b: Flamigo|p1a: Dondozo|[from] ability: Costar\n|turn|5\n|\n|t:|1682806359\n|move|p1b: Flamigo|Protect|p1b: Flamigo\n|-singleturn|p1b: Flamigo|Protect\n|move|p2b: Ceruledge|Shadow Sneak|p1a: Dondozo\n|-damage|p1a: Dondozo|40\/100 par\n|move|p2a: Gyarados|Waterfall|p1b: Flamigo\n|-activate|p1b: Flamigo|move: Protect\n|move|p1a: Dondozo|Surf|p2b: Ceruledge|[spread] p2a,p2b\n|-activate|p1b: Flamigo|move: Protect\n|-resisted|p2a: Gyarados\n|-supereffective|p2b: Ceruledge\n|-damage|p2a: Gyarados|11\/100\n|-damage|p2b: Ceruledge|0 fnt\n|faint|p2b: Ceruledge\n|-damage|p1a: Dondozo|31\/100 par|[from] item: Life Orb\n|\n|upkeep\n|\n|t:|1682806377\n|switch|p2b: Ting-Lu|Ting-Lu, L50, tera:Ground|90\/100\n|-ability|p2b: Ting-Lu|Vessel of Ruin\n|turn|6\n|\n|t:|1682806385\n|move|p2b: Ting-Lu|Protect|p2b: Ting-Lu\n|-singleturn|p2b: Ting-Lu|Protect\n|move|p1b: Flamigo|Brave Bird|p2a: Gyarados\n|-damage|p2a: Gyarados|0 fnt\n|faint|p2a: Gyarados\n|-damage|p1b: Flamigo|97\/100|[from] Recoil\n|move|p1a: Dondozo|Wave Crash|p2b: Ting-Lu\n|-activate|p2b: Ting-Lu|move: Protect\n|\n|-heal|p2b: Ting-Lu|96\/100|[from] item: Leftovers\n|upkeep\n|turn|7\n|l|\u2606camchaotix\n|inactive|camchaotix disconnected and has a minute to reconnect!\n|player|p2|\n|inactive|camchaotix has 30 seconds left.\n|inactive|camchaotix has 20 seconds left.\n|inactive|camchaotix has 15 seconds left.\n|inactive|camchaotix has 10 seconds left.\n|inactive|camchaotix has 5 seconds left.\n|-message|camchaotix lost due to inactivity.\n|\n|win|Steakman5\n|raw|Steakman5's rating: 1119 → 1147<\/strong> (+28 for winning)\n|raw|camchaotix's rating: 1163 → 1135<\/strong> (-28 for losing)\n","uploadtime":1682806460,"views":20,"p1id":"steakman5","p2id":"camchaotix","formatid":"gen9vgc2023regulationc","rating":1135,"private":0,"password":""}