{"id":"gen9vgc2023regulationc-1845787515","p1":"garfieldslaya","p2":"CalistoYew21","format":"[Gen 9] VGC 2023 Regulation C","log":"|j|\u2606garfieldslaya\n|j|\u2606CalistoYew21\n|t:|1681764563\n|gametype|doubles\n|player|p1|garfieldslaya|jasmine|1302\n|player|p2|CalistoYew21|mars|1406\n|teamsize|p1|6\n|teamsize|p2|6\n|gen|9\n|tier|[Gen 9] VGC 2023 Regulation C\n|rated|\n|rule|Species Clause: Limit one of each Pok\u00e9mon\n|rule|Item Clause: Limit one of each item\n|clearpoke\n|poke|p1|Great Tusk, L50|\n|poke|p1|Talonflame, L50, M|\n|poke|p1|Flutter Mane, L50|\n|poke|p1|Amoonguss, L50, M|\n|poke|p1|Arcanine, L50, F|\n|poke|p1|Gholdengo, L50|\n|poke|p2|Gyarados, L50, M|\n|poke|p2|Ting-Lu, L50|\n|poke|p2|Breloom, L50, M|\n|poke|p2|Volcarona, L50, F|\n|poke|p2|Sylveon, L50, F|\n|poke|p2|Gholdengo, L50|\n|teampreview|4\ngarfieldslaya has agreed to open team sheets.\n|inactive|Battle timer is ON: inactive players will automatically lose when time's up. (requested by CalistoYew21)\n|\n|t:|1681764622\n|start\n|switch|p1a: Talonflame|Talonflame, L50, M|100\/100\n|switch|p1b: Amoonguss|Amoonguss, L50, M|100\/100\n|switch|p2a: LucaRossi|Gyarados, L50, M|100\/100\n|switch|p2b: Silvestri|Sylveon, L50, F, shiny|100\/100\n|-ability|p2a: LucaRossi|Intimidate|boost\n|-unboost|p1a: Talonflame|atk|1\n|-unboost|p1b: Amoonguss|atk|1\n|turn|1\n|\n|t:|1681764646\n|move|p2a: LucaRossi|Protect|p2a: LucaRossi\n|-singleturn|p2a: LucaRossi|Protect\n|move|p1b: Amoonguss|Rage Powder|p1b: Amoonguss\n|-singleturn|p1b: Amoonguss|move: Rage Powder\n|move|p1a: Talonflame|Tailwind|p1a: Talonflame\n|-sidestart|p1: garfieldslaya|move: Tailwind\n|move|p2b: Silvestri|Yawn|p1b: Amoonguss\n|-start|p1b: Amoonguss|move: Yawn|[of] p2b: Silvestri\n|\n|upkeep\n|turn|2\n|inactive|garfieldslaya has 30 seconds left.\n|\n|t:|1681764679\n|switch|p2a: Faggionato|Volcarona, L50, F|100\/100\n|switch|p1b: Gholdengo|Gholdengo, L50|100\/100\n|move|p1a: Talonflame|Will-O-Wisp|p2a: Faggionato\n|-immune|p2a: Faggionato\n|move|p2b: Silvestri|Hyper Voice|p1b: Gholdengo|[spread] p1a,p1b\n|-resisted|p1a: Talonflame\n|-resisted|p1b: Gholdengo\n|-damage|p1a: Talonflame|78\/100\n|-damage|p1b: Gholdengo|82\/100\n|-enditem|p2b: Silvestri|Throat Spray\n|-boost|p2b: Silvestri|spa|1|[from] item: Throat Spray\n|\n|-heal|p1b: Gholdengo|89\/100|[from] item: Leftovers\n|upkeep\n|turn|3\n|inactive|garfieldslaya has 30 seconds left.\n|inactive|CalistoYew21 has 30 seconds left.\n|\n|t:|1681764711\n|-terastallize|p1b: Gholdengo|Water\n|move|p1a: Talonflame|Brave Bird|p2a: Faggionato\n|-supereffective|p2a: Faggionato\n|-damage|p2a: Faggionato|57\/100\n|-damage|p1a: Talonflame|62\/100|[from] item: Rocky Helmet|[of] p2a: Faggionato\n|-damage|p1a: Talonflame|46\/100|[from] Recoil\n|move|p1b: Gholdengo|Make It Rain|p2a: Faggionato|[spread] p2a,p2b\n|-resisted|p2a: Faggionato\n|-supereffective|p2b: Silvestri\n|-damage|p2a: Faggionato|35\/100\n|-damage|p2b: Silvestri|29\/100\n|-unboost|p1b: Gholdengo|spa|1\n|move|p2a: Faggionato|Overheat|p1b: Gholdengo\n|-resisted|p1b: Gholdengo\n|-damage|p1b: Gholdengo|56\/100\n|-unboost|p2a: Faggionato|spa|2\n|move|p2b: Silvestri|Hyper Voice|p1b: Gholdengo|[spread] p1a,p1b\n|-resisted|p1a: Talonflame\n|-damage|p1a: Talonflame|12\/100\n|-damage|p1b: Gholdengo|0 fnt\n|faint|p1b: Gholdengo\n|\n|upkeep\n|\n|t:|1681764730\n|switch|p1b: Great Tusk|Great Tusk, L50|100\/100\n|turn|4\n|inactive|garfieldslaya has 30 seconds left.\n|\n|t:|1681764758\n|move|p2a: Faggionato|Rage Powder|p2a: Faggionato\n|-singleturn|p2a: Faggionato|move: Rage Powder\n|move|p1a: Talonflame|Will-O-Wisp|p2a: Faggionato\n|-immune|p2a: Faggionato\n|move|p1b: Great Tusk|Earthquake|p2a: Faggionato|[spread] p2a,p2b\n|-immune|p1a: Talonflame\n|-damage|p2a: Faggionato|0 fnt\n|-damage|p2b: Silvestri|0 fnt\n|faint|p2a: Faggionato\n|faint|p2b: Silvestri\n|\n|-sideend|p1: garfieldslaya|move: Tailwind\n|upkeep\n|\n|t:|1681764766\n|switch|p2a: LucaRossi|Gyarados, L50, M|100\/100\n|switch|p2b: O'Grady|Ting-Lu, L50|100\/100\n|-ability|p2a: LucaRossi|Intimidate|boost\n|-unboost|p1a: Talonflame|atk|1\n|-unboost|p1b: Great Tusk|atk|1\n|-ability|p2b: O'Grady|Vessel of Ruin\n|turn|5\n|\n|t:|1681764787\n|-terastallize|p2b: O'Grady|Poison\n|move|p1b: Great Tusk|Protect|p1b: Great Tusk\n|-singleturn|p1b: Great Tusk|Protect\n|move|p1a: Talonflame|Will-O-Wisp|p2a: LucaRossi\n|-status|p2a: LucaRossi|brn\n|-enditem|p2a: LucaRossi|Lum Berry|[eat]\n|-curestatus|p2a: LucaRossi|brn|[msg]\n|move|p2a: LucaRossi|Dragon Dance|p2a: LucaRossi\n|-boost|p2a: LucaRossi|atk|1\n|-boost|p2a: LucaRossi|spe|1\n|move|p2b: O'Grady|Bulldoze|p1b: Great Tusk|[spread] \n|-activate|p1b: Great Tusk|move: Protect\n|-immune|p2a: LucaRossi\n|-immune|p1a: Talonflame\n|\n|upkeep\n|turn|6\n|\n|t:|1681764807\n|-end|p1b: Great Tusk|Protosynthesis|[silent]\n|switch|p1b: Amoonguss|Amoonguss, L50, M|100\/100\n|move|p2a: LucaRossi|Waterfall|p1a: Talonflame\n|-supereffective|p1a: Talonflame\n|-damage|p1a: Talonflame|0 fnt\n|faint|p1a: Talonflame\n|move|p2b: O'Grady|Ruination|p1b: Amoonguss|[miss]\n|-miss|p2b: O'Grady|p1b: Amoonguss\n|\n|upkeep\n|\n|t:|1681764811\n|switch|p1a: Great Tusk|Great Tusk, L50|100\/100\n|turn|7\n|\n|t:|1681764826\n|move|p1a: Great Tusk|Protect|p1a: Great Tusk\n|-singleturn|p1a: Great Tusk|Protect\n|move|p2a: LucaRossi|Waterfall|p1a: Great Tusk\n|-activate|p1a: Great Tusk|move: Protect\n|move|p2b: O'Grady|Fissure|p1b: Amoonguss|[miss]\n|-miss|p2b: O'Grady|p1b: Amoonguss\n|move|p1b: Amoonguss|Spore|p2a: LucaRossi\n|-status|p2a: LucaRossi|slp|[from] move: Spore\n|\n|upkeep\n|turn|8\n|\n|t:|1681764845\n|cant|p2a: LucaRossi|slp\n|move|p1a: Great Tusk|Headlong Rush|p2b: O'Grady\n|-supereffective|p2b: O'Grady\n|-damage|p2b: O'Grady|39\/100\n|-unboost|p1a: Great Tusk|def|1\n|-unboost|p1a: Great Tusk|spd|1\n|move|p2b: O'Grady|Fissure|p1b: Amoonguss|[miss]\n|-miss|p2b: O'Grady|p1b: Amoonguss\n|move|p1b: Amoonguss|Spore|p2b: O'Grady\n|-status|p2b: O'Grady|slp|[from] move: Spore\n|\n|upkeep\n|turn|9\n|\n|t:|1681764861\n|-curestatus|p2a: LucaRossi|slp|[msg]\n|move|p2a: LucaRossi|Waterfall|p1a: Great Tusk\n|-supereffective|p1a: Great Tusk\n|-enditem|p1a: Great Tusk|Focus Sash\n|-damage|p1a: Great Tusk|1\/100\n|move|p1a: Great Tusk|Headlong Rush|p2b: O'Grady\n|-supereffective|p2b: O'Grady\n|-damage|p2b: O'Grady|0 fnt\n|-unboost|p1a: Great Tusk|def|1\n|-unboost|p1a: Great Tusk|spd|1\n|faint|p2b: O'Grady\n|move|p1b: Amoonguss|Clear Smog|p2a: LucaRossi\n|-damage|p2a: LucaRossi|87\/100\n|-clearboost|p2a: LucaRossi\n|\n|upkeep\n|turn|10\n|\n|t:|1681764878\n|move|p1a: Great Tusk|Protect|p1a: Great Tusk\n|-singleturn|p1a: Great Tusk|Protect\n|move|p2a: LucaRossi|Protect|p2a: LucaRossi\n|-singleturn|p2a: LucaRossi|Protect\n|move|p1b: Amoonguss|Spore|p2a: LucaRossi\n|-activate|p2a: LucaRossi|move: Protect\n|\n|upkeep\n|turn|11\n|\n|t:|1681764884\n|move|p1b: Amoonguss|Rage Powder|p1b: Amoonguss\n|-singleturn|p1b: Amoonguss|move: Rage Powder\n|move|p1a: Great Tusk|Close Combat|p2a: LucaRossi\n|-resisted|p2a: LucaRossi\n|-damage|p2a: LucaRossi|51\/100\n|-unboost|p1a: Great Tusk|def|1\n|-unboost|p1a: Great Tusk|spd|1\n|move|p2a: LucaRossi|Waterfall|p1b: Amoonguss\n|-resisted|p1b: Amoonguss\n|-damage|p1b: Amoonguss|86\/100\n|-damage|p2a: LucaRossi|35\/100|[from] item: Rocky Helmet|[of] p1b: Amoonguss\n|\n|upkeep\n|turn|12\n|\n|t:|1681764897\n|move|p1b: Amoonguss|Rage Powder|p1b: Amoonguss\n|-singleturn|p1b: Amoonguss|move: Rage Powder\n|move|p1a: Great Tusk|Close Combat|p2a: LucaRossi\n|-resisted|p2a: LucaRossi\n|-damage|p2a: LucaRossi|0 fnt\n|-unboost|p1a: Great Tusk|def|1\n|-unboost|p1a: Great Tusk|spd|1\n|faint|p2a: LucaRossi\n|\n|win|garfieldslaya\n|raw|garfieldslaya's rating: 1302 → 1328<\/strong> (+26 for winning)\n|raw|CalistoYew21's rating: 1406 → 1380<\/strong> (-26 for losing)\n|l|\u2606CalistoYew21\n","uploadtime":1681764906,"views":6,"p1id":"garfieldslaya","p2id":"calistoyew21","formatid":"gen9vgc2023regulationc","rating":1328,"private":0,"password":""}