{"id":"gen9vgc2023regulationc-1864189408","p1":"Topperlecat","p2":"theoptophobickoala","format":"[Gen 9] VGC 2023 Regulation C","log":"|j|\u2606Topperlecat\n|j|\u2606theoptophobickoala\n|t:|1684133158\n|gametype|doubles\n|player|p1|Topperlecat|n|1104\n|player|p2|theoptophobickoala|eusine|1213\n|teamsize|p1|6\n|teamsize|p2|6\n|gen|9\n|tier|[Gen 9] VGC 2023 Regulation C\n|rated|\n|rule|Species Clause: Limit one of each Pok\u00e9mon\n|rule|Item Clause: Limit one of each item\n|clearpoke\n|poke|p1|Murkrow, L50, M|\n|poke|p1|Great Tusk, L50|\n|poke|p1|Torkoal, L50, F|\n|poke|p1|Leafeon, L50, M|\n|poke|p1|Flutter Mane, L50|\n|poke|p1|Sandy Shocks, L50|\n|poke|p2|Hawlucha, L50, M|\n|poke|p2|Indeedee-F, L50, F|\n|poke|p2|Armarouge, L50, M|\n|poke|p2|Palafin, L50, F|\n|poke|p2|Sandy Shocks, L50|\n|poke|p2|Chien-Pao, L50|\n|teampreview|4\ntheoptophobickoala has agreed to open team sheets.\nTopperlecat has agreed to open team sheets.\n|c|\u2606Topperlecat|Glhf!\n|c|\u2606theoptophobickoala|glhf!\n|inactive|Battle timer is ON: inactive players will automatically lose when time's up. (requested by Topperlecat)\n|\n|t:|1684133249\n|start\n|switch|p1a: weezer|Flutter Mane, L50|100\/100\n|switch|p1b: tutel|Torkoal, L50, F|100\/100\n|switch|p2a: C. Falcon|Hawlucha, L50, M, shiny|100\/100\n|switch|p2b: Mega Man|Armarouge, L50, M|100\/100\n|-weather|SunnyDay|[from] ability: Drought|[of] p1b: tutel\n|-activate|p1a: weezer|ability: Protosynthesis\n|-start|p1a: weezer|protosynthesisspa\n|turn|1\n|inactive|theoptophobickoala has 30 seconds left.\n|inactive|theoptophobickoala has 20 seconds left.\n|\n|t:|1684133284\n|switch|p2a: Isabelle|Indeedee-F, L50, F|100\/100\n|-fieldstart|move: Psychic Terrain|[from] ability: Psychic Surge|[of] p2a: Isabelle\n|move|p1a: weezer|Dazzling Gleam|p2a: Isabelle|[spread] p2a,p2b\n|-resisted|p2b: Mega Man\n|-damage|p2a: Isabelle|39\/100\n|-damage|p2b: Mega Man|62\/100\n|move|p2b: Mega Man|Expanding Force|p1b: tutel|[spread] p1a,p1b\n|-damage|p1a: weezer|25\/100\n|-damage|p1b: tutel|0 fnt\n|faint|p1b: tutel\n|-damage|p2b: Mega Man|52\/100|[from] item: Life Orb\n|\n|-weather|SunnyDay|[upkeep]\n|upkeep\n|\n|t:|1684133297\n|switch|p1b: Sandy Shocks|Sandy Shocks, L50|100\/100\n|-activate|p1b: Sandy Shocks|ability: Protosynthesis\n|-start|p1b: Sandy Shocks|protosynthesisspa\n|turn|2\n|\n|t:|1684133305\n|move|p2b: Mega Man|Wide Guard|p2b: Mega Man\n|-singleturn|p2b: Mega Man|Wide Guard\n|move|p1b: Sandy Shocks|Earth Power|p2b: Mega Man\n|-supereffective|p2b: Mega Man\n|-damage|p2b: Mega Man|0 fnt\n|faint|p2b: Mega Man\n|move|p1a: weezer|Dazzling Gleam|p2a: Isabelle\n|-activate|p2a: Isabelle|move: Wide Guard\n|move|p2a: Isabelle|Psychic|p1a: weezer\n|-damage|p1a: weezer|0 fnt\n|faint|p1a: weezer\n|-end|p1a: weezer|Protosynthesis|[silent]\n|\n|-weather|SunnyDay|[upkeep]\n|upkeep\n|\n|t:|1684133326\n|switch|p1a: leef|Leafeon, L50, M|100\/100\n|switch|p2b: R.O.B.|Sandy Shocks, L50, shiny|100\/100\n|-activate|p2b: R.O.B.|ability: Protosynthesis\n|-start|p2b: R.O.B.|protosynthesisspe\n|turn|3\n|\n|t:|1684133344\n|-terastallize|p2b: R.O.B.|Grass\n|move|p2a: Isabelle|Follow Me|p2a: Isabelle\n|-singleturn|p2a: Isabelle|move: Follow Me\n|move|p1a: leef|Leaf Blade|p2a: Isabelle\n|-damage|p2a: Isabelle|0 fnt\n|faint|p2a: Isabelle\n|move|p2b: R.O.B.|Earth Power|p1b: Sandy Shocks\n|-supereffective|p1b: Sandy Shocks\n|-enditem|p1b: Sandy Shocks|Focus Sash\n|-damage|p1b: Sandy Shocks|1\/100\n|move|p1b: Sandy Shocks|Earth Power|p2b: R.O.B.\n|-resisted|p2b: R.O.B.\n|-damage|p2b: R.O.B.|68\/100\n|\n|-weather|SunnyDay|[upkeep]\n|upkeep\n|\n|t:|1684133353\n|switch|p2a: C. Falcon|Hawlucha, L50, M, shiny|100\/100\n|-enditem|p2a: C. Falcon|Psychic Seed\n|-boost|p2a: C. Falcon|spd|1|[from] item: Psychic Seed\n|turn|4\n|inactive|Topperlecat has 30 seconds left.\n|inactive|theoptophobickoala has 30 seconds left.\n|\n|t:|1684133397\n|-terastallize|p1a: leef|Water\n|move|p1b: Sandy Shocks|Protect|p1b: Sandy Shocks\n|-singleturn|p1b: Sandy Shocks|Protect\n|move|p2a: C. Falcon|Acrobatics|p1b: Sandy Shocks\n|-activate|p1b: Sandy Shocks|move: Protect\n|move|p1a: leef|Double-Edge|p2b: R.O.B.\n|-damage|p2b: R.O.B.|29\/100\n|-damage|p1a: leef|86\/100|[from] Recoil\n|move|p2b: R.O.B.|Thunderbolt|p1a: leef\n|-supereffective|p1a: leef\n|-damage|p1a: leef|0 fnt\n|faint|p1a: leef\n|\n|-weather|SunnyDay|[upkeep]\n|upkeep\n|turn|5\n|c|\u2606Topperlecat|Nice read\n|c|\u2606Topperlecat|gg\n|inactive|Topperlecat has 30 seconds left.\n|c|\u2606theoptophobickoala|gg\n|\n|t:|1684133424\n|move|p2a: C. Falcon|Acrobatics|p1b: Sandy Shocks\n|-resisted|p1b: Sandy Shocks\n|-damage|p1b: Sandy Shocks|0 fnt\n|faint|p1b: Sandy Shocks\n|-end|p1b: Sandy Shocks|Protosynthesis|[silent]\n|\n|win|theoptophobickoala\n|raw|Topperlecat's rating: 1104 → 1087<\/strong> (-17 for losing)\n|raw|theoptophobickoala's rating: 1213 → 1230<\/strong> (+17 for winning)\n|c|\u2606theoptophobickoala|thank you\n","uploadtime":1684133437,"views":10,"p1id":"topperlecat","p2id":"theoptophobickoala","formatid":"gen9vgc2023regulationc","rating":1087,"private":0,"password":""}