{"id":"gen9vgc2023regulationc-1848235852","p1":"JOsuas","p2":"Kizarazar","format":"[Gen 9] VGC 2023 Regulation C","log":"|j|\u2606JOsuas\n|j|\u2606Kizarazar\n|t:|1682046131\n|gametype|doubles\n|player|p1|JOsuas|101|1067\n|player|p2|Kizarazar|lance|1000\n|teamsize|p1|6\n|teamsize|p2|6\n|gen|9\n|tier|[Gen 9] VGC 2023 Regulation C\n|rated|\n|rule|Species Clause: Limit one of each Pok\u00e9mon\n|rule|Item Clause: Limit one of each item\n|clearpoke\n|poke|p1|Meowscarada, L50, F|\n|poke|p1|Pelipper, L50, M|\n|poke|p1|Flutter Mane, L50|\n|poke|p1|Baxcalibur, L50, F|\n|poke|p1|Amoonguss, L50, F|\n|poke|p1|Arcanine, L50, M|\n|poke|p2|Dondozo, L50, F|\n|poke|p2|Tatsugiri-Stretchy, L50, M|\n|poke|p2|Chi-Yu, L50|\n|poke|p2|Flutter Mane, L50|\n|poke|p2|Dragonite, L50, F|\n|poke|p2|Glimmora, L50, F|\n|teampreview|4\n|inactive|Battle timer is ON: inactive players will automatically lose when time's up. (requested by Kizarazar)\n|\n|t:|1682046176\n|start\n|switch|p1a: Amoonguss|Amoonguss, L50, F|100\/100\n|switch|p1b: Pelipper|Pelipper, L50, M|100\/100\n|switch|p2a: Glimmora|Glimmora, L50, F|100\/100\n|switch|p2b: Tatsugiri|Tatsugiri-Stretchy, L50, M|100\/100\n|-weather|RainDance|[from] ability: Drizzle|[of] p1b: Pelipper\n|turn|1\n|\n|t:|1682046196\n|-terastallize|p2a: Glimmora|Grass\n|move|p1a: Amoonguss|Rage Powder|p1a: Amoonguss\n|-singleturn|p1a: Amoonguss|move: Rage Powder\n|move|p2a: Glimmora|Toxic|p1b: Pelipper\n|-status|p1b: Pelipper|tox\n|move|p2b: Tatsugiri|Muddy Water|p1a: Amoonguss|[spread] p1b\n|-miss|p2b: Tatsugiri|p1a: Amoonguss\n|-resisted|p1b: Pelipper\n|-damage|p1b: Pelipper|56\/100 tox\n|move|p1b: Pelipper|Hydro Pump|p2b: Tatsugiri\n|-activate|p2b: Tatsugiri|ability: Storm Drain\n|-ability|p2b: Tatsugiri|Storm Drain|boost\n|-boost|p2b: Tatsugiri|spa|1\n|\n|-weather|RainDance|[upkeep]\n|-damage|p1b: Pelipper|50\/100 tox|[from] psn\n|upkeep\n|turn|2\n|\n|t:|1682046219\n|move|p2a: Glimmora|Power Gem|p1b: Pelipper\n|-supereffective|p1b: Pelipper\n|-damage|p1b: Pelipper|0 fnt\n|faint|p1b: Pelipper\n|move|p2b: Tatsugiri|Muddy Water|p1a: Amoonguss|[miss]\n|-miss|p2b: Tatsugiri|p1a: Amoonguss\n|move|p1a: Amoonguss|Toxic|p2b: Tatsugiri\n|-status|p2b: Tatsugiri|tox\n|\n|-weather|RainDance|[upkeep]\n|-damage|p2b: Tatsugiri|95\/100 tox|[from] psn\n|upkeep\n|\n|t:|1682046235\n|switch|p1b: Flutter Mane|Flutter Mane, L50|100\/100\n|turn|3\n|\n|t:|1682046257\n|-terastallize|p1b: Flutter Mane|Fire\n|move|p1b: Flutter Mane|Mystical Fire|p2a: Glimmora\n|-supereffective|p2a: Glimmora\n|-damage|p2a: Glimmora|48\/100\n|-unboost|p2a: Glimmora|spa|1\n|move|p2a: Glimmora|Toxic|p1b: Flutter Mane\n|-status|p1b: Flutter Mane|tox\n|move|p2b: Tatsugiri|Muddy Water|p1b: Flutter Mane|[spread] p1a,p1b\n|-resisted|p1a: Amoonguss\n|-supereffective|p1b: Flutter Mane\n|-damage|p1a: Amoonguss|53\/100\n|-damage|p1b: Flutter Mane|0 fnt\n|faint|p1b: Flutter Mane\n|-end|p1b: Flutter Mane|Protosynthesis|[silent]\n|move|p1a: Amoonguss|Toxic|p2a: Glimmora\n|-status|p2a: Glimmora|tox\n|\n|-weather|RainDance|[upkeep]\n|-damage|p2a: Glimmora|42\/100 tox|[from] psn\n|-damage|p2b: Tatsugiri|83\/100 tox|[from] psn\n|upkeep\n|\n|t:|1682046273\n|switch|p1b: Baxcalibur|Baxcalibur, L50, F|100\/100\n|turn|4\n|\n|t:|1682046283\n|move|p1b: Baxcalibur|Ice Shard|p2a: Glimmora\n|-supereffective|p2a: Glimmora\n|-damage|p2a: Glimmora|0 fnt\n|-activate|p2a: Glimmora|ability: Toxic Debris\n|-sidestart|p1: JOsuas|move: Toxic Spikes\n|faint|p2a: Glimmora\n|move|p2b: Tatsugiri|Muddy Water|p1b: Baxcalibur|[spread] p1a\n|-miss|p2b: Tatsugiri|p1b: Baxcalibur\n|-resisted|p1a: Amoonguss\n|-damage|p1a: Amoonguss|6\/100\n|move|p1a: Amoonguss|Giga Drain|p2b: Tatsugiri\n|-damage|p2b: Tatsugiri|59\/100 tox\n|-heal|p1a: Amoonguss|16\/100|[from] drain|[of] p2b: Tatsugiri\n|\n|-weather|RainDance|[upkeep]\n|-damage|p2b: Tatsugiri|42\/100 tox|[from] psn\n|upkeep\n|\n|t:|1682046295\n|switch|p2a: Dondozo|Dondozo, L50, F|100\/100\n|turn|5\n|\n|t:|1682046304\n|move|p1b: Baxcalibur|Ice Shard|p2b: Tatsugiri\n|-damage|p2b: Tatsugiri|2\/100 tox\n|move|p2b: Tatsugiri|Muddy Water|p1a: Amoonguss|[spread] p1a,p1b\n|-resisted|p1a: Amoonguss\n|-resisted|p1b: Baxcalibur\n|-damage|p1a: Amoonguss|0 fnt\n|-damage|p1b: Baxcalibur|46\/100\n|faint|p1a: Amoonguss\n|move|p2a: Dondozo|Yawn|p1b: Baxcalibur\n|-start|p1b: Baxcalibur|move: Yawn|[of] p2a: Dondozo\n|\n|-weather|RainDance|[upkeep]\n|-damage|p2b: Tatsugiri|0 fnt|[from] psn\n|faint|p2b: Tatsugiri\n|upkeep\n|\n|t:|1682046314\n|switch|p2b: Flutter Mane|Flutter Mane, L50|100\/100\n|-enditem|p2b: Flutter Mane|Booster Energy\n|-activate|p2b: Flutter Mane|ability: Protosynthesis|[fromitem]\n|-start|p2b: Flutter Mane|protosynthesisspe\n|turn|6\n|-message|JOsuas forfeited.\n|\n|win|Kizarazar\n|raw|JOsuas's rating: 1067 → 1043<\/strong> (-24 for losing)\n|raw|Kizarazar's rating: 1000 → 1048<\/strong> (+48 for winning)\n|l|\u2606JOsuas\n","uploadtime":1682046317,"views":10,"p1id":"josuas","p2id":"kizarazar","formatid":"gen9vgc2023regulationc","rating":1043,"private":0,"password":""}