{"id":"gen9vgc2023regulationc-1863258726","p1":"JJ QAQ","p2":"oojclops","format":"[Gen 9] VGC 2023 Regulation C","log":"|j|\u2606JJ QAQ\n|j|\u2606oojclops\n|t:|1683994701\n|gametype|doubles\n|player|p1|JJ QAQ|lucas|1051\n|player|p2|oojclops|rocketgruntf|1094\n|teamsize|p1|6\n|teamsize|p2|6\n|gen|9\n|tier|[Gen 9] VGC 2023 Regulation C\n|rated|\n|rule|Species Clause: Limit one of each Pok\u00e9mon\n|rule|Item Clause: Limit one of each item\n|clearpoke\n|poke|p1|Great Tusk, L50|\n|poke|p1|Talonflame, L50, M|\n|poke|p1|Oranguru, L50, M|\n|poke|p1|Corviknight, L50, F|\n|poke|p1|Chien-Pao, L50|\n|poke|p1|Medicham, L50, M|\n|poke|p2|Arcanine, L50, F|\n|poke|p2|Flutter Mane, L50|\n|poke|p2|Kingambit, L50, F|\n|poke|p2|Gothitelle, L50, M|\n|poke|p2|Maushold, L50|\n|poke|p2|Breloom, L50, F|\n|teampreview|4\n|inactive|Battle timer is ON: inactive players will automatically lose when time's up. (requested by oojclops)\n|inactive|oojclops has 60 seconds left.\n|\n|t:|1683994751\n|start\n|switch|p1a: Medicham|Medicham, L50, M|100\/100\n|switch|p1b: Chien-Pao|Chien-Pao, L50|100\/100\n|switch|p2a: Arcanine|Arcanine, L50, F|100\/100\n|switch|p2b: Breloom|Breloom, L50, F|100\/100\n|-ability|p1b: Chien-Pao|Sword of Ruin\n|-ability|p2a: Arcanine|Intimidate|boost\n|-unboost|p1a: Medicham|atk|1\n|-unboost|p1b: Chien-Pao|atk|1\n|turn|1\n|inactive|JJ QAQ has 30 seconds left.\n|\n|t:|1683994781\n|move|p2a: Arcanine|Protect|p2a: Arcanine\n|-singleturn|p2a: Arcanine|Protect\n|move|p1a: Medicham|Skill Swap|p1b: Chien-Pao\n|-activate|p1a: Medicham|move: Skill Swap|||[of] p1b: Chien-Pao\n|-ability|p1a: Medicham|Sword of Ruin\n|move|p1b: Chien-Pao|Ice Spinner|p2b: Breloom\n|-supereffective|p2b: Breloom\n|-enditem|p2b: Breloom|Focus Sash\n|-damage|p2b: Breloom|1\/100\n|move|p2b: Breloom|Spore|p1a: Medicham\n|-status|p1a: Medicham|slp|[from] move: Spore\n|\n|upkeep\n|turn|2\n|inactive|JJ QAQ has 30 seconds left.\n|\n|t:|1683994812\n|switch|p1a: Talonflame|Talonflame, L50, M|100\/100\n|move|p2a: Arcanine|Extreme Speed|p1b: Chien-Pao\n|-damage|p1b: Chien-Pao|68\/100\n|move|p2b: Breloom|Mach Punch|p1b: Chien-Pao\n|-supereffective|p1b: Chien-Pao\n|-damage|p1b: Chien-Pao|0 fnt\n|faint|p1b: Chien-Pao\n|\n|upkeep\n|\n|t:|1683994823\n|switch|p1b: Great Tusk|Great Tusk, L50|100\/100\n|-enditem|p1b: Great Tusk|Booster Energy\n|-activate|p1b: Great Tusk|ability: Protosynthesis|[fromitem]\n|-start|p1b: Great Tusk|protosynthesisatk\n|turn|3\n|\n|t:|1683994846\n|move|p2b: Breloom|Protect|p2b: Breloom\n|-singleturn|p2b: Breloom|Protect\n|move|p1a: Talonflame|Tailwind|p1a: Talonflame\n|-sidestart|p1: JJ QAQ|move: Tailwind\n|move|p1b: Great Tusk|Earthquake|p2b: Breloom|[spread] p2a\n|-activate|p2b: Breloom|move: Protect\n|-immune|p1a: Talonflame\n|-supereffective|p2a: Arcanine\n|-damage|p2a: Arcanine|0 fnt\n|faint|p2a: Arcanine\n|\n|upkeep\n|\n|t:|1683994857\n|switch|p2a: Gothitelle|Gothitelle, L50, M|100\/100\n|turn|4\n|inactive|oojclops has 30 seconds left.\n|\n|t:|1683994889\n|switch|p2b: Flutter Mane|Flutter Mane, L50|100\/100\n|-enditem|p2b: Flutter Mane|Booster Energy\n|-activate|p2b: Flutter Mane|ability: Protosynthesis|[fromitem]\n|-start|p2b: Flutter Mane|protosynthesisspe\n|-terastallize|p1a: Talonflame|Fire\n|move|p2a: Gothitelle|Fake Out|p1b: Great Tusk\n|-damage|p1b: Great Tusk|96\/100\n|move|p1a: Talonflame|Flare Blitz|p2a: Gothitelle\n|-crit|p2a: Gothitelle\n|-damage|p2a: Gothitelle|0 fnt\n|faint|p2a: Gothitelle\n|-damage|p1a: Talonflame|63\/100|[from] Recoil\n|-damage|p1a: Talonflame|53\/100|[from] item: Life Orb\n|cant|p1b: Great Tusk|flinch\n|\n|upkeep\n|\n|t:|1683994900\n|switch|p2a: Breloom|Breloom, L50, F|1\/100\n|turn|5\n|\n|t:|1683994918\n|move|p2a: Breloom|Mach Punch|p1a: Talonflame\n|-damage|p1a: Talonflame|0 fnt\n|faint|p1a: Talonflame\n|move|p1b: Great Tusk|Earthquake|p2b: Flutter Mane|[spread] p2a,p2b\n|-resisted|p2a: Breloom\n|-damage|p2a: Breloom|0 fnt\n|-damage|p2b: Flutter Mane|19\/100\n|faint|p2a: Breloom\n|move|p2b: Flutter Mane|Moonblast|p1b: Great Tusk\n|-supereffective|p1b: Great Tusk\n|-damage|p1b: Great Tusk|0 fnt\n|faint|p1b: Great Tusk\n|-end|p1b: Great Tusk|Protosynthesis|[silent]\n|\n|upkeep\n|\n|t:|1683994925\n|switch|p1b: Medicham|Medicham, L50, M|100\/100 slp\n|turn|6\n|\n|t:|1683994931\n|cant|p1b: Medicham|slp\n|move|p2b: Flutter Mane|Moonblast|p1b: Medicham\n|-supereffective|p1b: Medicham\n|-damage|p1b: Medicham|0 fnt\n|faint|p1b: Medicham\n|\n|win|oojclops\n|raw|JJ QAQ's rating: 1051 → 1036<\/strong> (-15 for losing)\n|raw|oojclops's rating: 1094 → 1117<\/strong> (+23 for winning)\n|c|\u2606oojclops|Ggs\n|l|\u2606JJ QAQ\n","uploadtime":1683994954,"views":4,"p1id":"jjqaq","p2id":"oojclops","formatid":"gen9vgc2023regulationc","rating":1036,"private":0,"password":""}