{"id":"gen9vgc2023regulationc-1857924987","p1":"hysaaron","p2":"Riddim415","format":"[Gen 9] VGC 2023 Regulation C","log":"|j|\u2606hysaaron\n|j|\u2606Riddim415\n|t:|1683248052\n|gametype|doubles\n|player|p1|hysaaron|265|1145\n|player|p2|Riddim415|hugh|1073\n|teamsize|p1|6\n|teamsize|p2|6\n|gen|9\n|tier|[Gen 9] VGC 2023 Regulation C\n|rated|\n|rule|Species Clause: Limit one of each Pok\u00e9mon\n|rule|Item Clause: Limit one of each item\n|clearpoke\n|poke|p1|Chi-Yu, L50|\n|poke|p1|Flutter Mane, L50|\n|poke|p1|Palafin, L50, M|\n|poke|p1|Pelipper, L50, F|\n|poke|p1|Arcanine, L50, M|\n|poke|p1|Amoonguss, L50, F|\n|poke|p2|Wo-Chien, L50|\n|poke|p2|Chi-Yu, L50|\n|poke|p2|Amoonguss, L50, M|\n|poke|p2|Gholdengo, L50|\n|poke|p2|Scream Tail, L50|\n|poke|p2|Sableye, L50, M|\n|teampreview|4\n|inactive|Battle timer is ON: inactive players will automatically lose when time's up. (requested by hysaaron)\nRiddim415 rejected open team sheets.\n|inactive|hysaaron has 60 seconds left.\n|\n|t:|1683248100\n|start\n|switch|p1a: Palafin|Palafin, L50, M|100\/100\n|switch|p1b: Flutter Mane|Flutter Mane, L50|100\/100\n|switch|p2a: Wo-Chien|Wo-Chien, L50|100\/100\n|switch|p2b: Sableye|Sableye, L50, M|100\/100\n|-ability|p2a: Wo-Chien|Tablets of Ruin\n|turn|1\n|inactive|hysaaron has 30 seconds left.\n|\n|t:|1683248132\n|detailschange|p1a: Palafin|Palafin-Hero, L50, M\n|switch|p1a: Pelipper|Pelipper, L50, F|100\/100\n|-weather|RainDance|[from] ability: Drizzle|[of] p1a: Pelipper\n|move|p2a: Wo-Chien|Protect|p2a: Wo-Chien\n|-singleturn|p2a: Wo-Chien|Protect\n|move|p2b: Sableye|Light Screen|p2b: Sableye\n|-sidestart|p2: Riddim415|move: Light Screen\n|move|p1b: Flutter Mane|Dazzling Gleam|p2b: Sableye|[spread] p2b\n|-activate|p2a: Wo-Chien|move: Protect\n|-supereffective|p2b: Sableye\n|-damage|p2b: Sableye|10\/100\n|-enditem|p2b: Sableye|Sitrus Berry|[eat]\n|-heal|p2b: Sableye|35\/100|[from] item: Sitrus Berry\n|\n|-weather|RainDance|[upkeep]\n|upkeep\n|turn|2\n|inactive|hysaaron has 30 seconds left.\n|inactive|Riddim415 has 30 seconds left.\n|inactive|Riddim415 has 20 seconds left.\n|inactive|Riddim415 has 15 seconds left.\n|\n|t:|1683248172\n|-terastallize|p2a: Wo-Chien|Flying\n|move|p2b: Sableye|Disable|p1b: Flutter Mane\n|-start|p1b: Flutter Mane|Disable|Dazzling Gleam\n|cant|p1b: Flutter Mane|Disable|Dazzling Gleam\n|move|p1a: Pelipper|Tailwind|p1a: Pelipper\n|-sidestart|p1: hysaaron|move: Tailwind\n|move|p2a: Wo-Chien|Leech Seed|p1a: Pelipper\n|-start|p1a: Pelipper|move: Leech Seed\n|\n|-weather|RainDance|[upkeep]\n|-damage|p1a: Pelipper|89\/100|[from] Leech Seed|[of] p2a: Wo-Chien\n|upkeep\n|turn|3\n|\n|t:|1683248194\n|-end|p1b: Flutter Mane|Protosynthesis|[silent]\n|switch|p1b: Amoonguss|Amoonguss, L50, F, shiny|100\/100\n|move|p1a: Pelipper|Protect|p1a: Pelipper\n|-singleturn|p1a: Pelipper|Protect\n|move|p2b: Sableye|Encore|p1a: Pelipper\n|-activate|p1a: Pelipper|move: Protect\n|move|p2a: Wo-Chien|Leech Seed|p1b: Amoonguss\n|-immune|p1b: Amoonguss\n|\n|-weather|RainDance|[upkeep]\n|-damage|p1a: Pelipper|77\/100|[from] Leech Seed|[of] p2a: Wo-Chien\n|upkeep\n|turn|4\n|inactive|hysaaron has 30 seconds left.\n|\n|t:|1683248224\n|switch|p1a: Flutter Mane|Flutter Mane, L50|100\/100\n|move|p2a: Wo-Chien|Protect|p2a: Wo-Chien\n|-singleturn|p2a: Wo-Chien|Protect\n|move|p2b: Sableye|Reflect|p2b: Sableye\n|-sidestart|p2: Riddim415|Reflect\n|move|p1b: Amoonguss|Spore|p2b: Sableye\n|-status|p2b: Sableye|slp|[from] move: Spore\n|\n|-weather|RainDance|[upkeep]\n|upkeep\n|turn|5\n|inactive|Riddim415 has 30 seconds left.\n|\n|t:|1683248254\n|move|p1b: Amoonguss|Rage Powder|p1b: Amoonguss\n|-singleturn|p1b: Amoonguss|move: Rage Powder\n|cant|p2b: Sableye|slp\n|move|p1a: Flutter Mane|Dazzling Gleam|p2b: Sableye|[spread] p2a,p2b\n|-supereffective|p2b: Sableye\n|-damage|p2a: Wo-Chien|82\/100\n|-damage|p2b: Sableye|0 fnt\n|faint|p2b: Sableye\n|move|p2a: Wo-Chien|Leech Seed|p1b: Amoonguss\n|-immune|p1b: Amoonguss\n|\n|-weather|RainDance|[upkeep]\n|-sideend|p2: Riddim415|move: Light Screen\n|-sideend|p1: hysaaron|move: Tailwind\n|upkeep\n|\n|t:|1683248258\n|switch|p2b: Gholdengo|Gholdengo, L50|100\/100\n|turn|6\n|inactive|hysaaron has 30 seconds left.\n|inactive|hysaaron has 20 seconds left.\n|inactive|hysaaron has 15 seconds left.\n|inactive|hysaaron has 10 seconds left.\n|inactive|Riddim415 has 30 seconds left.\n|inactive|hysaaron has 5 seconds left.\n|\n|t:|1683248308\n|-end|p1a: Flutter Mane|Protosynthesis|[silent]\n|switch|p1a: Pelipper|Pelipper, L50, F|77\/100\n|move|p1b: Amoonguss|Protect|p1b: Amoonguss\n|-singleturn|p1b: Amoonguss|Protect\n|move|p2b: Gholdengo|Nasty Plot|p2b: Gholdengo\n|-boost|p2b: Gholdengo|spa|2\n|move|p2a: Wo-Chien|Pollen Puff|p1b: Amoonguss\n|-activate|p1b: Amoonguss|move: Protect\n|\n|-weather|RainDance|[upkeep]\n|upkeep\n|turn|7\n|inactive|hysaaron has 30 seconds left.\n|\n|t:|1683248341\n|move|p2b: Gholdengo|Make It Rain|p1a: Pelipper|[spread] p1a,p1b\n|-resisted|p1a: Pelipper\n|-damage|p1a: Pelipper|2\/100\n|-damage|p1b: Amoonguss|0 fnt\n|-unboost|p2b: Gholdengo|spa|1\n|faint|p1b: Amoonguss\n|move|p1a: Pelipper|Tailwind|p1a: Pelipper\n|-sidestart|p1: hysaaron|move: Tailwind\n|move|p2a: Wo-Chien|Pollen Puff|p1a: Pelipper\n|-resisted|p1a: Pelipper\n|-damage|p1a: Pelipper|0 fnt\n|faint|p1a: Pelipper\n|\n|-weather|RainDance|[upkeep]\n|upkeep\n|\n|t:|1683248357\n|switch|p1a: Flutter Mane|Flutter Mane, L50|100\/100\n|switch|p1b: Palafin|Palafin-Hero, L50, M|100\/100\n|-activate|p1b: Palafin|ability: Zero to Hero\n|turn|8\n|inactive|hysaaron has 30 seconds left.\n|inactive|hysaaron has 20 seconds left.\n|inactive|hysaaron has 15 seconds left.\n|inactive|hysaaron has 10 seconds left.\n|inactive|hysaaron has 5 seconds left.\n|\n|t:|1683248408\n|move|p2b: Gholdengo|Protect|p2b: Gholdengo\n|-singleturn|p2b: Gholdengo|Protect\n|move|p1a: Flutter Mane|Shadow Ball|p2b: Gholdengo\n|-activate|p2b: Gholdengo|move: Protect\n|move|p1b: Palafin|Haze|p1b: Palafin\n|-clearallboost\n|move|p2a: Wo-Chien|Leech Seed|p1b: Palafin\n|-start|p1b: Palafin|move: Leech Seed\n|\n|-weather|none\n|-damage|p1b: Palafin|88\/100|[from] Leech Seed|[of] p2a: Wo-Chien\n|-heal|p2a: Wo-Chien|99\/100|[silent]\n|-sideend|p2: Riddim415|Reflect\n|upkeep\n|turn|9\n|\n|t:|1683248432\n|move|p1b: Palafin|Jet Punch|p2b: Gholdengo\n|-damage|p2b: Gholdengo|56\/100\n|move|p1a: Flutter Mane|Shadow Ball|p2b: Gholdengo\n|-supereffective|p2b: Gholdengo\n|-damage|p2b: Gholdengo|0 fnt\n|faint|p2b: Gholdengo\n|move|p2a: Wo-Chien|Leech Seed|p1a: Flutter Mane\n|-start|p1a: Flutter Mane|move: Leech Seed\n|\n|-damage|p1a: Flutter Mane|89\/100|[from] Leech Seed|[of] p2a: Wo-Chien\n|-heal|p2a: Wo-Chien|100\/100|[silent]\n|-damage|p1b: Palafin|76\/100|[from] Leech Seed|[of] p2a: Wo-Chien\n|upkeep\n|\n|t:|1683248438\n|switch|p2b: Scream Tail|Scream Tail, L50, shiny|100\/100\n|-enditem|p2b: Scream Tail|Booster Energy\n|-activate|p2b: Scream Tail|ability: Protosynthesis|[fromitem]\n|-start|p2b: Scream Tail|protosynthesisspe\n|turn|10\n|inactive|hysaaron has 30 seconds left.\n|\n|t:|1683248466\n|-terastallize|p1b: Palafin|Water\n|move|p1a: Flutter Mane|Shadow Ball|p2a: Wo-Chien\n|-damage|p2a: Wo-Chien|66\/100\n|move|p1b: Palafin|Wave Crash|p2a: Wo-Chien\n|-damage|p2a: Wo-Chien|0 fnt\n|faint|p2a: Wo-Chien\n|-damage|p1b: Palafin|56\/100|[from] Recoil\n|move|p2b: Scream Tail|Disable|p1a: Flutter Mane\n|-start|p1a: Flutter Mane|Disable|Shadow Ball\n|\n|-sideend|p1: hysaaron|move: Tailwind\n|upkeep\n|turn|11\n|inactive|Riddim415 has 30 seconds left.\n|\n|t:|1683248491\n|move|p2b: Scream Tail|Encore|p1a: Flutter Mane\n|-start|p1a: Flutter Mane|Encore\n|-activate|p1a: Flutter Mane|move: Struggle\n|move|p1a: Flutter Mane|Struggle|p2b: Scream Tail\n|-damage|p2b: Scream Tail|96\/100\n|-damage|p1a: Flutter Mane|63\/100|[from] recoil\n|move|p1b: Palafin|Wave Crash|p2b: Scream Tail\n|-damage|p2b: Scream Tail|0 fnt\n|faint|p2b: Scream Tail\n|-end|p2b: Scream Tail|Protosynthesis|[silent]\n|-damage|p1b: Palafin|24\/100|[from] Recoil\n|\n|win|hysaaron\n|raw|hysaaron's rating: 1145 → 1165<\/strong> (+20 for winning)\n|raw|Riddim415's rating: 1073 → 1056<\/strong> (-17 for losing)\n","uploadtime":1683248499,"views":5,"p1id":"hysaaron","p2id":"riddim415","formatid":"gen9vgc2023regulationc","rating":1056,"private":0,"password":""}