{"id":"gen9vgc2023regulationc-1850371900","p1":"UltimoRyu","p2":"Naville","format":"[Gen 9] VGC 2023 Regulation C","log":"|j|\u2606UltimoRyu\n|j|\u2606Naville\n|t:|1682326565\n|gametype|doubles\n|player|p1|UltimoRyu|steven|1136\n|player|p2|Naville|nurse|1061\n|teamsize|p1|6\n|teamsize|p2|6\n|gen|9\n|tier|[Gen 9] VGC 2023 Regulation C\n|rated|\n|rule|Species Clause: Limit one of each Pok\u00e9mon\n|rule|Item Clause: Limit one of each item\n|clearpoke\n|poke|p1|Amoonguss, L50, M|\n|poke|p1|Quaquaval, L50, F|\n|poke|p1|Arcanine, L50, M|\n|poke|p1|Iron Hands, L50|\n|poke|p1|Flutter Mane, L50|\n|poke|p1|Corviknight, L50, F|\n|poke|p2|Kilowattrel, L50, F|\n|poke|p2|Iron Hands, L50|\n|poke|p2|Dachsbun, L50, M|\n|poke|p2|Annihilape, L50, F|\n|poke|p2|Ting-Lu, L50|\n|poke|p2|Grimmsnarl, L50, M|\n|teampreview|4\n|\n|t:|1682326597\n|start\n|switch|p1a: Corviknight|Corviknight, L50, F|100\/100\n|switch|p1b: Flutter Mane|Flutter Mane, L50|100\/100\n|switch|p2a: Ting-Lu|Ting-Lu, L50|100\/100\n|switch|p2b: Kilowattrel|Kilowattrel, L50, F|100\/100\n|-ability|p2a: Ting-Lu|Vessel of Ruin\n|turn|1\n|\n|t:|1682326656\n|switch|p1a: Amoonguss|Amoonguss, L50, M|100\/100\n|move|p1b: Flutter Mane|Power Gem|p2b: Kilowattrel\n|-supereffective|p2b: Kilowattrel\n|-enditem|p2b: Kilowattrel|Charti Berry|[eat]\n|-enditem|p2b: Kilowattrel|Charti Berry|[weaken]\n|-damage|p2b: Kilowattrel|44\/100\n|move|p2b: Kilowattrel|Discharge|p1a: Amoonguss|[spread] p1a,p1b\n|-immune|p2a: Ting-Lu\n|-resisted|p1a: Amoonguss\n|-damage|p1a: Amoonguss|92\/100\n|-damage|p1b: Flutter Mane|82\/100\n|move|p2a: Ting-Lu|Sand Tomb|p1b: Flutter Mane\n|-damage|p1b: Flutter Mane|56\/100\n|-activate|p1b: Flutter Mane|move: Sand Tomb|[of] p2a: Ting-Lu\n|\n|-damage|p1b: Flutter Mane|44\/100|[from] move: Sand Tomb|[partiallytrapped]\n|upkeep\n|turn|2\n|\n|t:|1682326683\n|switch|p2b: Iron Hands|Iron Hands, L50|100\/100\n|move|p1b: Flutter Mane|Power Gem|p2b: Iron Hands\n|-resisted|p2b: Iron Hands\n|-damage|p2b: Iron Hands|86\/100\n|move|p2a: Ting-Lu|Taunt|p1a: Amoonguss\n|-start|p1a: Amoonguss|move: Taunt\n|move|p1a: Amoonguss|Pollen Puff|p1b: Flutter Mane\n|-heal|p1b: Flutter Mane|94\/100\n|\n|-damage|p1b: Flutter Mane|82\/100|[from] move: Sand Tomb|[partiallytrapped]\n|upkeep\n|turn|3\n|\n|t:|1682326706\n|-end|p1b: Flutter Mane|Protosynthesis|[silent]\n|switch|p1b: Arcanine|Arcanine, L50, M|100\/100\n|-ability|p1b: Arcanine|Intimidate|boost\n|-unboost|p2a: Ting-Lu|atk|1\n|-unboost|p2b: Iron Hands|atk|1\n|switch|p1a: Corviknight|Corviknight, L50, F|100\/100\n|-terastallize|p2b: Iron Hands|Electric\n|move|p2a: Ting-Lu|Protect|p2a: Ting-Lu\n|-singleturn|p2a: Ting-Lu|Protect\n|move|p2b: Iron Hands|Thunder Punch|p1b: Arcanine\n|-damage|p1b: Arcanine|60\/100\n|\n|upkeep\n|turn|4\n|\n|t:|1682326733\n|-end|p2b: Iron Hands|Quark Drive|[silent]\n|switch|p2b: Dachsbun|Dachsbun, L50, M|100\/100\n|move|p1b: Arcanine|Howl|p1b: Arcanine|[spread] p1a,p1b\n|-boost|p1a: Corviknight|atk|1\n|-boost|p1b: Arcanine|atk|1\n|move|p1a: Corviknight|Brave Bird|p2b: Dachsbun\n|-damage|p2b: Dachsbun|5\/100\n|-damage|p1a: Corviknight|76\/100|[from] Recoil\n|move|p2a: Ting-Lu|Taunt|p1a: Corviknight\n|-start|p1a: Corviknight|move: Taunt\n|\n|-heal|p2b: Dachsbun|11\/100|[from] item: Leftovers\n|upkeep\n|turn|5\n|\n|t:|1682326762\n|switch|p2b: Kilowattrel|Kilowattrel, L50, F|44\/100\n|move|p1b: Arcanine|Extreme Speed|p2b: Kilowattrel\n|-damage|p2b: Kilowattrel|0 fnt\n|faint|p2b: Kilowattrel\n|move|p1a: Corviknight|Brave Bird|p2a: Ting-Lu\n|-damage|p2a: Ting-Lu|48\/100\n|-damage|p1a: Corviknight|54\/100|[from] Recoil\n|move|p2a: Ting-Lu|Sand Tomb|p1b: Arcanine\n|-supereffective|p1b: Arcanine\n|-damage|p1b: Arcanine|40\/100\n|-activate|p1b: Arcanine|move: Sand Tomb|[of] p2a: Ting-Lu\n|\n|-damage|p1b: Arcanine|27\/100|[from] move: Sand Tomb|[partiallytrapped]\n|upkeep\n|\n|t:|1682326782\n|switch|p2b: Iron Hands|Iron Hands, L50, tera:Electric|86\/100\n|turn|6\n|\n|t:|1682326813\n|switch|p1a: Flutter Mane|Flutter Mane, L50|82\/100\n|move|p2b: Iron Hands|Detect|p2b: Iron Hands\n|-singleturn|p2b: Iron Hands|Protect\n|move|p2a: Ting-Lu|Protect|p2a: Ting-Lu\n|-singleturn|p2a: Ting-Lu|Protect\n|move|p1b: Arcanine|Extreme Speed|p2a: Ting-Lu\n|-activate|p2a: Ting-Lu|move: Protect\n|\n|-damage|p1b: Arcanine|15\/100|[from] move: Sand Tomb|[partiallytrapped]\n|upkeep\n|turn|7\n|\n|t:|1682326842\n|-end|p2b: Iron Hands|Quark Drive|[silent]\n|switch|p2b: Dachsbun|Dachsbun, L50, M|11\/100\n|move|p1b: Arcanine|Extreme Speed|p2b: Dachsbun\n|-damage|p2b: Dachsbun|0 fnt\n|faint|p2b: Dachsbun\n|move|p1a: Flutter Mane|Dazzling Gleam|p2a: Ting-Lu\n|-supereffective|p2a: Ting-Lu\n|-damage|p2a: Ting-Lu|0 fnt\n|faint|p2a: Ting-Lu\n|\n|-end|p1b: Arcanine|Sand Tomb|[partiallytrapped]|[silent]\n|upkeep\n|-message|Naville forfeited.\n|\n|win|UltimoRyu\n|raw|UltimoRyu's rating: 1136 → 1156<\/strong> (+20 for winning)\n|raw|Naville's rating: 1061 → 1046<\/strong> (-15 for losing)\n|l|\u2606Naville\n","uploadtime":1682326857,"views":23,"p1id":"ultimoryu","p2id":"naville","formatid":"gen9vgc2023regulationc","rating":1046,"private":0,"password":""}