{"id":"gen9vgc2023regulationc-1861278090","p1":"krangune\u2764","p2":"LordBennyG","format":"[Gen 9] VGC 2023 Regulation C","log":"|j|\u2606krangune\u2764\n|j|\u2606LordBennyG\n|t:|1683741874\n|gametype|doubles\n|player|p1|krangune\u2764|elesa|\n|player|p2|LordBennyG|karen|\n|teamsize|p1|6\n|teamsize|p2|6\n|gen|9\n|tier|[Gen 9] VGC 2023 Regulation C\n|rated|Tournament battle\n|rule|Species Clause: Limit one of each Pok\u00e9mon\n|rule|Item Clause: Limit one of each item\n|clearpoke\n|poke|p1|Chi-Yu, L50|\n|poke|p1|Coalossal, L50, F|\n|poke|p1|Gastrodon, L50, M|\n|poke|p1|Flutter Mane, L50|\n|poke|p1|Iron Hands, L50|\n|poke|p1|Orthworm, L50, F|\n|poke|p2|Dondozo, L50, M|\n|poke|p2|Arcanine, L50, F|\n|poke|p2|Amoonguss, L50, M|\n|poke|p2|Baxcalibur, L50, F|\n|poke|p2|Flutter Mane, L50|\n|poke|p2|Corviknight, L50, M|\n|teampreview|4\n|raw| Open Team Sheet for krangune\u2764<\/summary>Chi-Yu @ Choice Scarf Ability: Beads of Ruin Level: 50 Tera Type: Fire - Lava Plume - Dark Pulse - Snarl - Heat Wave Coalossal @ Life Orb Ability: Steam Engine Level: 50 Tera Type: Grass - Tar Shot - Power Gem - Will-O-Wisp - Heat Wave Gastrodon @ Covert Cloak Ability: Storm Drain Level: 50 Tera Type: Fire - Muddy Water - Ice Beam - Protect - Recover Flutter Mane @ Choice Specs Ability: Protosynthesis Level: 50 Tera Type: Fairy - Dazzling Gleam - Shadow Ball - Mystical Fire - Thunderbolt Iron Hands @ Weakness Policy Ability: Quark Drive Level: 50 Tera Type: Fire - Fake Out - Wild Charge - Drain Punch - Swords Dance Orthworm @ Sitrus Berry Ability: Earth Eater Level: 50 Tera Type: Fire - Shed Tail - Heavy Slam - Body Press - Iron Defense <\/details><\/div> Open Team Sheet for LordBennyG<\/summary>Dondozo @ Leftovers Ability: Unaware Level: 50 Tera Type: Grass - Liquidation - Yawn - Fissure - Protect Arcanine @ Safety Goggles Ability: Intimidate Level: 50 Tera Type: Water - Flare Blitz - Extreme Speed - Will-O-Wisp - Howl Amoonguss @ Sitrus Berry Ability: Regenerator Level: 50 Tera Type: Water - Spore - Protect - Pollen Puff - Rage Powder Baxcalibur @ Clear Amulet Ability: Thermal Exchange Level: 50 Tera Type: Poison - Protect - Glaive Rush - Icicle Crash - Ice Shard Flutter Mane @ Booster Energy Ability: Protosynthesis Level: 50 Tera Type: Steel - Protect - Substitute - Moonblast - Shadow Ball Corviknight @ Lum Berry Ability: Mirror Armor Level: 50 Tera Type: Dragon - Tailwind - Iron Head - Brave Bird - Roost <\/details><\/div>\n|c|\u2606krangune\u2764|glhf\n|j| regidrago=crab\n|j| LoafOfGodlyBread\n|l| LoafOfGodlyBread\n|c|\u2606LordBennyG|glhf\n|j| salamiReal\n|\n|t:|1683741946\n|start\n|switch|p1a: Chi-Yu|Chi-Yu, L50|100\/100\n|switch|p1b: Coalossal|Coalossal, L50, F|100\/100\n|switch|p2a: Baxcalibur|Baxcalibur, L50, F|100\/100\n|switch|p2b: Corviknight|Corviknight, L50, M|100\/100\n|-ability|p1a: Chi-Yu|Beads of Ruin\n|turn|1\n|\n|t:|1683741985\n|-terastallize|p2b: Corviknight|Dragon\n|move|p1a: Chi-Yu|Lava Plume|p2b: Corviknight|[spread] p1b,p2a,p2b\n|-resisted|p1b: Coalossal\n|-resisted|p2b: Corviknight\n|-damage|p1b: Coalossal|89\/100\n|-damage|p2a: Baxcalibur|66\/100\n|-damage|p2b: Corviknight|82\/100\n|-ability|p1b: Coalossal|Steam Engine|boost\n|-boost|p1b: Coalossal|spe|6\n|-ability|p2a: Baxcalibur|Thermal Exchange|boost\n|-boost|p2a: Baxcalibur|atk|1\n|move|p1b: Coalossal|Power Gem|p2a: Baxcalibur\n|-supereffective|p2a: Baxcalibur\n|-damage|p2a: Baxcalibur|0 fnt\n|faint|p2a: Baxcalibur\n|-damage|p1b: Coalossal|79\/100|[from] item: Life Orb\n|move|p2b: Corviknight|Tailwind|p2b: Corviknight\n|-sidestart|p2: LordBennyG|move: Tailwind\n|\n|upkeep\n|\n|t:|1683741995\n|switch|p2a: Dondozo|Dondozo, L50, M|100\/100\n|turn|2\n|\n|t:|1683742027\n|switch|p1a: Iron Hands|Iron Hands, L50|100\/100\n|-terastallize|p1b: Coalossal|Grass\n|move|p1b: Coalossal|Will-O-Wisp|p2b: Corviknight|[miss]\n|-miss|p1b: Coalossal|p2b: Corviknight\n|move|p2b: Corviknight|Brave Bird|p1b: Coalossal\n|-supereffective|p1b: Coalossal\n|-damage|p1b: Coalossal|11\/100\n|-damage|p2b: Corviknight|61\/100|[from] Recoil\n|move|p2a: Dondozo|Liquidation|p1b: Coalossal\n|-resisted|p1b: Coalossal\n|-damage|p1b: Coalossal|0 fnt\n|faint|p1b: Coalossal\n|\n|upkeep\n|j| wildfire2\n|\n|t:|1683742058\n|switch|p1b: Chi-Yu|Chi-Yu, L50|100\/100\n|-ability|p1b: Chi-Yu|Beads of Ruin\n|turn|3\n|l| wildfire2\n|\n|t:|1683742096\n|switch|p1b: Orthworm|Orthworm, L50, F|100\/100\n|move|p2b: Corviknight|Brave Bird|p1b: Orthworm\n|-resisted|p1b: Orthworm\n|-damage|p1b: Orthworm|87\/100\n|-damage|p2b: Corviknight|57\/100|[from] Recoil\n|move|p2a: Dondozo|Yawn|p1a: Iron Hands\n|-start|p1a: Iron Hands|move: Yawn|[of] p2a: Dondozo\n|move|p1a: Iron Hands|Wild Charge|p2a: Dondozo\n|-supereffective|p2a: Dondozo\n|-damage|p2a: Dondozo|45\/100\n|-damage|p1a: Iron Hands|86\/100|[from] Recoil\n|\n|-heal|p2a: Dondozo|51\/100|[from] item: Leftovers\n|upkeep\n|turn|4\n|l| salamiReal\n|\n|t:|1683742126\n|move|p2a: Dondozo|Protect|p2a: Dondozo\n|-singleturn|p2a: Dondozo|Protect\n|move|p2b: Corviknight|Roost|p2b: Corviknight\n|-heal|p2b: Corviknight|100\/100\n|move|p1b: Orthworm|Iron Defense|p1b: Orthworm\n|-boost|p1b: Orthworm|def|2\n|move|p1a: Iron Hands|Wild Charge|p2a: Dondozo\n|-activate|p2a: Dondozo|move: Protect\n|\n|-heal|p2a: Dondozo|57\/100|[from] item: Leftovers\n|-end|p1a: Iron Hands|move: Yawn|[silent]\n|-status|p1a: Iron Hands|slp\n|-sideend|p2: LordBennyG|move: Tailwind\n|upkeep\n|turn|5\n|\n|t:|1683742159\n|switch|p2b: Flutter Mane|Flutter Mane, L50|100\/100\n|-enditem|p2b: Flutter Mane|Booster Energy\n|-activate|p2b: Flutter Mane|ability: Protosynthesis|[fromitem]\n|-start|p2b: Flutter Mane|protosynthesisspa\n|move|p1b: Orthworm|Body Press|p2b: Flutter Mane\n|-immune|p2b: Flutter Mane\n|cant|p1a: Iron Hands|slp\n|move|p2a: Dondozo|Yawn|p1b: Orthworm\n|-start|p1b: Orthworm|move: Yawn|[of] p2a: Dondozo\n|\n|-heal|p2a: Dondozo|63\/100|[from] item: Leftovers\n|upkeep\n|turn|6\n|\n|t:|1683742186\n|move|p2b: Flutter Mane|Substitute|p2b: Flutter Mane\n|-start|p2b: Flutter Mane|Substitute\n|-damage|p2b: Flutter Mane|76\/100\n|move|p1b: Orthworm|Iron Defense|p1b: Orthworm\n|-boost|p1b: Orthworm|def|2\n|-curestatus|p1a: Iron Hands|slp|[msg]\n|move|p1a: Iron Hands|Wild Charge|p2b: Flutter Mane\n|-end|p2b: Flutter Mane|Substitute\n|-damage|p1a: Iron Hands|82\/100|[from] Recoil|[of] p2b: Flutter Mane\n|move|p2a: Dondozo|Fissure|p1a: Iron Hands\n|-damage|p1a: Iron Hands|0 fnt\n|faint|p1a: Iron Hands\n|-end|p1a: Iron Hands|Quark Drive|[silent]\n|-ohko\n|\n|-heal|p2a: Dondozo|70\/100|[from] item: Leftovers\n|-end|p1b: Orthworm|move: Yawn|[silent]\n|-status|p1b: Orthworm|slp\n|upkeep\n|j| Tempest brute\n|\n|t:|1683742201\n|switch|p1a: Chi-Yu|Chi-Yu, L50|100\/100\n|-ability|p1a: Chi-Yu|Beads of Ruin\n|turn|7\n|\n|t:|1683742254\n|move|p2b: Flutter Mane|Protect|p2b: Flutter Mane\n|-singleturn|p2b: Flutter Mane|Protect\n|move|p1a: Chi-Yu|Dark Pulse|p2a: Dondozo\n|-crit|p2a: Dondozo\n|-damage|p2a: Dondozo|5\/100\n|cant|p1b: Orthworm|slp\n|cant|p2a: Dondozo|flinch\n|\n|-heal|p2a: Dondozo|12\/100|[from] item: Leftovers\n|upkeep\n|turn|8\n|c|\u2606krangune\u2764|big flinch\n|\n|t:|1683742281\n|move|p1a: Chi-Yu|Dark Pulse|p2a: Dondozo\n|-damage|p2a: Dondozo|0 fnt\n|faint|p2a: Dondozo\n|move|p2b: Flutter Mane|Shadow Ball|p1b: Orthworm\n|-damage|p1b: Orthworm|17\/100 slp\n|-enditem|p1b: Orthworm|Sitrus Berry|[eat]\n|-heal|p1b: Orthworm|42\/100 slp|[from] item: Sitrus Berry\n|cant|p1b: Orthworm|slp\n|\n|upkeep\n|\n|t:|1683742286\n|switch|p2a: Corviknight|Corviknight, L50, M, tera:Dragon|100\/100\n|turn|9\n|\n|t:|1683742309\n|move|p2b: Flutter Mane|Protect|p2b: Flutter Mane\n|-singleturn|p2b: Flutter Mane|Protect\n|move|p1a: Chi-Yu|Dark Pulse|p2b: Flutter Mane\n|-activate|p2b: Flutter Mane|move: Protect\n|move|p2a: Corviknight|Tailwind|p2a: Corviknight\n|-sidestart|p2: LordBennyG|move: Tailwind\n|-curestatus|p1b: Orthworm|slp|[msg]\n|move|p1b: Orthworm|Body Press|p2a: Corviknight\n|-damage|p2a: Corviknight|29\/100\n|\n|upkeep\n|turn|10\n|\n|t:|1683742352\n|move|p2b: Flutter Mane|Shadow Ball|p1b: Orthworm\n|-damage|p1b: Orthworm|0 fnt\n|faint|p1b: Orthworm\n|move|p1a: Chi-Yu|Dark Pulse|p2b: Flutter Mane\n|-damage|p2b: Flutter Mane|21\/100\n|move|p2a: Corviknight|Brave Bird|p1a: Chi-Yu\n|-damage|p1a: Chi-Yu|30\/100\n|-damage|p2a: Corviknight|14\/100|[from] Recoil\n|\n|upkeep\n|turn|11\n|c|\u2606krangune\u2764|gg\n|\n|t:|1683742364\n|move|p2b: Flutter Mane|Moonblast|p1a: Chi-Yu\n|-damage|p1a: Chi-Yu|0 fnt\n|faint|p1a: Chi-Yu\n|\n|win|LordBennyG\n|n|\u2606krangune\u2764|krangune\n|n|\u2606LordBennyG|lordbennyg\n|n| regidrago=crab|regidragocrab\n|n| Tempest brute|tempestbrute\n|c|\u2606LordBennyG|gg\n|l|\u2606krangune\u2764\n|n| babiwi bewey\u2714\ufe0f|regidragocrab\n|l| babiwi bewey\u2714\ufe0f\n","uploadtime":1683742727,"views":8,"p1id":"krangune","p2id":"lordbennyg","formatid":"gen9vgc2023regulationc","rating":0,"private":0,"password":""}