{"id":"gen9vgc2023regulationc-1861190447","p1":"D-scNSe","p2":"Valsi19","format":"[Gen 9] VGC 2023 Regulation C","log":"|j|\u2606D-scNSe\n|j|\u2606Valsi19\n|t:|1683734442\n|gametype|doubles\n|player|p1|D-scNSe|169|1356\n|player|p2|Valsi19|lady-gen4|1295\n|teamsize|p1|6\n|teamsize|p2|6\n|gen|9\n|tier|[Gen 9] VGC 2023 Regulation C\n|rated|\n|rule|Species Clause: Limit one of each Pok\u00e9mon\n|rule|Item Clause: Limit one of each item\n|clearpoke\n|poke|p1|Flutter Mane, L50|\n|poke|p1|Ting-Lu, L50|\n|poke|p1|Maushold-Four, L50|\n|poke|p1|Annihilape, L50, M|\n|poke|p1|Iron Bundle, L50|\n|poke|p1|Arcanine, L50, F|\n|poke|p2|Skeledirge, L50, F|\n|poke|p2|Wo-Chien, L50|\n|poke|p2|Chien-Pao, L50|\n|poke|p2|Palafin, L50, M|\n|poke|p2|Dragonite, L50, M|\n|poke|p2|Iron Bundle, L50|\n|teampreview|4\n|inactive|Battle timer is ON: inactive players will automatically lose when time's up. (requested by D-scNSe)\nD-scNSe rejected open team sheets.\n|\n|t:|1683734517\n|start\n|switch|p1a: Iron Bundle|Iron Bundle, L50|100\/100\n|switch|p1b: Flutter Mane|Flutter Mane, L50|100\/100\n|switch|p2a: Iron Bundle|Iron Bundle, L50|100\/100\n|switch|p2b: Chien-Pao|Chien-Pao, L50|100\/100\n|-ability|p2b: Chien-Pao|Sword of Ruin\n|-enditem|p2a: Iron Bundle|Booster Energy\n|-activate|p2a: Iron Bundle|ability: Quark Drive|[fromitem]\n|-start|p2a: Iron Bundle|quarkdrivespe\n|-enditem|p1b: Flutter Mane|Booster Energy\n|-activate|p1b: Flutter Mane|ability: Protosynthesis|[fromitem]\n|-start|p1b: Flutter Mane|protosynthesisspe\n|turn|1\n|\n|t:|1683734538\n|move|p1b: Flutter Mane|Protect|p1b: Flutter Mane\n|-singleturn|p1b: Flutter Mane|Protect\n|move|p2b: Chien-Pao|Protect|p2b: Chien-Pao\n|-singleturn|p2b: Chien-Pao|Protect\n|move|p2a: Iron Bundle|Icy Wind|p1b: Flutter Mane|[spread] p1a\n|-activate|p1b: Flutter Mane|move: Protect\n|-resisted|p1a: Iron Bundle\n|-damage|p1a: Iron Bundle|91\/100\n|-unboost|p1a: Iron Bundle|spe|1\n|move|p1a: Iron Bundle|Icy Wind|p2a: Iron Bundle|[spread] p2a\n|-activate|p2b: Chien-Pao|move: Protect\n|-resisted|p2a: Iron Bundle\n|-damage|p2a: Iron Bundle|91\/100\n|-unboost|p2a: Iron Bundle|spe|1\n|\n|upkeep\n|turn|2\n|inactive|Valsi19 has 30 seconds left.\n|\n|t:|1683734570\n|-terastallize|p1b: Flutter Mane|Fairy\n|move|p2b: Chien-Pao|Sucker Punch|p1b: Flutter Mane\n|-resisted|p1b: Flutter Mane\n|-damage|p1b: Flutter Mane|60\/100\n|move|p1b: Flutter Mane|Moonblast|p2b: Chien-Pao\n|-supereffective|p2b: Chien-Pao\n|-enditem|p2b: Chien-Pao|Focus Sash\n|-damage|p2b: Chien-Pao|1\/100\n|move|p2a: Iron Bundle|Freeze-Dry|p1a: Iron Bundle\n|-damage|p1a: Iron Bundle|20\/100\n|move|p1a: Iron Bundle|Icy Wind|p2a: Iron Bundle|[spread] p2a,p2b\n|-resisted|p2a: Iron Bundle\n|-resisted|p2b: Chien-Pao\n|-damage|p2a: Iron Bundle|81\/100\n|-damage|p2b: Chien-Pao|0 fnt\n|-unboost|p2a: Iron Bundle|spe|1\n|faint|p2b: Chien-Pao\n|\n|upkeep\n|inactive|Valsi19 has 30 seconds left.\n|\n|t:|1683734601\n|switch|p2b: Palafin|Palafin, L50, M|100\/100\n|turn|3\n|\n|t:|1683734621\n|-end|p1a: Iron Bundle|Quark Drive|[silent]\n|switch|p1a: Arcanine|Arcanine, L50, F|100\/100\n|-ability|p1a: Arcanine|Intimidate|boost\n|-unboost|p2a: Iron Bundle|atk|1\n|-unboost|p2b: Palafin|atk|1\n|move|p1b: Flutter Mane|Thunderbolt|p2a: Iron Bundle\n|-supereffective|p2a: Iron Bundle\n|-damage|p2a: Iron Bundle|0 fnt\n|faint|p2a: Iron Bundle\n|-end|p2a: Iron Bundle|Quark Drive|[silent]\n|move|p2b: Palafin|Wave Crash|p1b: Flutter Mane\n|-damage|p1b: Flutter Mane|0 fnt\n|faint|p1b: Flutter Mane\n|-end|p1b: Flutter Mane|Protosynthesis|[silent]\n|-damage|p2b: Palafin|86\/100|[from] Recoil\n|\n|upkeep\n|\n|t:|1683734633\n|switch|p2a: Skeledirge|Skeledirge, L50, F|100\/100\n|switch|p1b: Iron Bundle|Iron Bundle, L50|20\/100\n|turn|4\n|\n|t:|1683734645\n|-terastallize|p2a: Skeledirge|Fairy\n|move|p1b: Iron Bundle|Protect|p1b: Iron Bundle\n|-singleturn|p1b: Iron Bundle|Protect\n|move|p2b: Palafin|Protect|p2b: Palafin\n|-singleturn|p2b: Palafin|Protect\n|move|p1a: Arcanine|Extreme Speed|p2b: Palafin\n|-activate|p2b: Palafin|move: Protect\n|move|p2a: Skeledirge|Torch Song|p1b: Iron Bundle\n|-activate|p1b: Iron Bundle|move: Protect\n|\n|upkeep\n|turn|5\n|\n|t:|1683734667\n|move|p1a: Arcanine|Extreme Speed|p2b: Palafin\n|-damage|p2b: Palafin|62\/100\n|move|p1b: Iron Bundle|Freeze-Dry|p2b: Palafin\n|-supereffective|p2b: Palafin\n|-damage|p2b: Palafin|0 fnt\n|faint|p2b: Palafin\n|move|p2a: Skeledirge|Torch Song|p1b: Iron Bundle\n|-damage|p1b: Iron Bundle|0 fnt\n|-boost|p2a: Skeledirge|spa|1\n|faint|p1b: Iron Bundle\n|-end|p1b: Iron Bundle|Quark Drive|[silent]\n|\n|upkeep\n|\n|t:|1683734677\n|switch|p1b: Annihilape|Annihilape, L50, M|100\/100\n|turn|6\n|\n|t:|1683734688\n|move|p1a: Arcanine|Flare Blitz|p2a: Skeledirge\n|-damage|p2a: Skeledirge|57\/100\n|-damage|p1a: Arcanine|85\/100|[from] Recoil\n|move|p1b: Annihilape|Rage Fist|p2a: Skeledirge\n|-damage|p2a: Skeledirge|38\/100\n|move|p2a: Skeledirge|Shadow Ball|p1b: Annihilape\n|-supereffective|p1b: Annihilape\n|-damage|p1b: Annihilape|26\/100\n|\n|-heal|p1b: Annihilape|32\/100|[from] item: Leftovers\n|-heal|p2a: Skeledirge|45\/100|[from] item: Leftovers\n|upkeep\n|turn|7\n|\n|t:|1683734700\n|move|p2a: Skeledirge|Protect|p2a: Skeledirge\n|-singleturn|p2a: Skeledirge|Protect\n|move|p1a: Arcanine|Flare Blitz|p2a: Skeledirge\n|-activate|p2a: Skeledirge|move: Protect\n|move|p1b: Annihilape|Rage Fist|p2a: Skeledirge\n|-activate|p2a: Skeledirge|move: Protect\n|\n|-heal|p1b: Annihilape|38\/100|[from] item: Leftovers\n|-heal|p2a: Skeledirge|51\/100|[from] item: Leftovers\n|upkeep\n|turn|8\n|\n|t:|1683734710\n|move|p1a: Arcanine|Flare Blitz|p2a: Skeledirge\n|-damage|p2a: Skeledirge|8\/100\n|-damage|p1a: Arcanine|70\/100|[from] Recoil\n|move|p1b: Annihilape|Rage Fist|p2a: Skeledirge\n|-damage|p2a: Skeledirge|0 fnt\n|faint|p2a: Skeledirge\n|\n|win|D-scNSe\n|raw|D-scNSe's rating: 1356 → 1373<\/strong> (+17 for winning)\n|raw|Valsi19's rating: 1295 → 1274<\/strong> (-21 for losing)\n|l|\u2606Valsi19\n","uploadtime":1683734719,"views":8,"p1id":"dscnse","p2id":"valsi19","formatid":"gen9vgc2023regulationc","rating":1274,"private":0,"password":""}