{"id":"gen9vgc2023regulationc-1845896745","p1":"Ricardo Randorez","p2":"CrookedShepherd","format":"[Gen 9] VGC 2023 Regulation C","log":"|j|\u2606Ricardo Randorez\n|j|\u2606CrookedShepherd\n|t:|1681776642\n|gametype|doubles\n|player|p1|Ricardo Randorez|169|1065\n|player|p2|CrookedShepherd|gambler|1116\n|teamsize|p1|6\n|teamsize|p2|6\n|gen|9\n|tier|[Gen 9] VGC 2023 Regulation C\n|rated|\n|rule|Species Clause: Limit one of each Pok\u00e9mon\n|rule|Item Clause: Limit one of each item\n|clearpoke\n|poke|p1|Gyarados, L50, F|\n|poke|p1|Arcanine, L50, M|\n|poke|p1|Great Tusk, L50|\n|poke|p1|Flutter Mane, L50|\n|poke|p1|Volcarona, L50, F|\n|poke|p1|Talonflame, L50, M|\n|poke|p2|Gyarados, L50, F|\n|poke|p2|Arcanine, L50, M|\n|poke|p2|Amoonguss, L50, M|\n|poke|p2|Scizor, L50, F|\n|poke|p2|Flutter Mane, L50|\n|poke|p2|Raichu, L50, F|\n|teampreview|4\n|inactive|Battle timer is ON: inactive players will automatically lose when time's up. (requested by Ricardo Randorez)\n|\n|t:|1681776671\n|start\n|switch|p1a: Talonflame|Talonflame, L50, M|100\/100\n|switch|p1b: Great Tusk|Great Tusk, L50|100\/100\n|switch|p2a: Gyarados|Gyarados, L50, F|100\/100\n|switch|p2b: Raichu|Raichu, L50, F|100\/100\n|-ability|p2a: Gyarados|Intimidate|boost\n|-unboost|p1a: Talonflame|atk|1\n|-unboost|p1b: Great Tusk|atk|1\n|turn|1\n|\n|t:|1681776695\n|move|p2b: Raichu|Fake Out|p1a: Talonflame\n|-damage|p1a: Talonflame|86\/100\n|move|p1a: Talonflame|Tailwind|p1a: Talonflame\n|-sidestart|p1: Ricardo Randorez|move: Tailwind\n|move|p1b: Great Tusk|Headlong Rush|p2b: Raichu\n|-supereffective|p2b: Raichu\n|-enditem|p2b: Raichu|Focus Sash\n|-damage|p2b: Raichu|1\/100\n|-unboost|p1b: Great Tusk|def|1\n|-unboost|p1b: Great Tusk|spd|1\n|move|p2a: Gyarados|Dragon Dance|p2a: Gyarados\n|-boost|p2a: Gyarados|atk|1\n|-boost|p2a: Gyarados|spe|1\n|\n|upkeep\n|turn|2\n|inactive|CrookedShepherd has 30 seconds left.\n|inactive|CrookedShepherd has 20 seconds left.\n|inactive|CrookedShepherd has 15 seconds left.\n|inactive|CrookedShepherd has 10 seconds left.\n|\n|t:|1681776743\n|move|p1a: Talonflame|Will-O-Wisp|p2a: Gyarados\n|-status|p2a: Gyarados|brn\n|move|p1b: Great Tusk|Ice Spinner|p2b: Raichu\n|-damage|p2b: Raichu|0 fnt\n|faint|p2b: Raichu\n|move|p2a: Gyarados|Waterfall|p1b: Great Tusk\n|-supereffective|p1b: Great Tusk\n|-damage|p1b: Great Tusk|28\/100\n|\n|-damage|p2a: Gyarados|94\/100 brn|[from] brn\n|upkeep\n|\n|t:|1681776757\n|switch|p2b: Flutter Mane|Flutter Mane, L50|100\/100\n|turn|3\n|\n|t:|1681776777\n|move|p2b: Flutter Mane|Protect|p2b: Flutter Mane\n|-singleturn|p2b: Flutter Mane|Protect\n|move|p1a: Talonflame|Brave Bird|p2a: Gyarados\n|-damage|p2a: Gyarados|65\/100 brn\n|-damage|p1a: Talonflame|77\/100|[from] Recoil\n|move|p1b: Great Tusk|Headlong Rush|p2b: Flutter Mane\n|-activate|p2b: Flutter Mane|move: Protect\n|move|p2a: Gyarados|Waterfall|p1a: Talonflame\n|-supereffective|p1a: Talonflame\n|-damage|p1a: Talonflame|0 fnt\n|faint|p1a: Talonflame\n|\n|-damage|p2a: Gyarados|59\/100 brn|[from] brn\n|upkeep\n|\n|t:|1681776783\n|switch|p1a: Flutter Mane|Flutter Mane, L50|100\/100\n|turn|4\n|\n|t:|1681776812\n|move|p2a: Gyarados|Protect|p2a: Gyarados\n|-singleturn|p2a: Gyarados|Protect\n|move|p1a: Flutter Mane|Shadow Ball|p2b: Flutter Mane\n|-supereffective|p2b: Flutter Mane\n|-damage|p2b: Flutter Mane|0 fnt\n|faint|p2b: Flutter Mane\n|-end|p2b: Flutter Mane|Protosynthesis|[silent]\n|move|p1b: Great Tusk|Ice Spinner|p2a: Gyarados\n|-activate|p2a: Gyarados|move: Protect\n|\n|-damage|p2a: Gyarados|52\/100 brn|[from] brn\n|-sideend|p1: Ricardo Randorez|move: Tailwind\n|upkeep\n|\n|t:|1681776825\n|switch|p2b: Arcanine|Arcanine, L50, M|100\/100\n|-ability|p2b: Arcanine|Intimidate|boost\n|-unboost|p1a: Flutter Mane|atk|1\n|-unboost|p1b: Great Tusk|atk|1\n|turn|5\n|\n|t:|1681776841\n|-end|p1b: Great Tusk|Protosynthesis|[silent]\n|switch|p1b: Gyarados|Gyarados, L50, F|100\/100\n|move|p1a: Flutter Mane|Shadow Ball|p2a: Gyarados\n|-damage|p2a: Gyarados|0 fnt\n|faint|p2a: Gyarados\n|move|p2b: Arcanine|Flare Blitz|p1a: Flutter Mane\n|-damage|p1a: Flutter Mane|2\/100\n|-damage|p2b: Arcanine|75\/100|[from] Recoil\n|\n|upkeep\n|turn|6\n|\n|t:|1681776859\n|-terastallize|p2b: Arcanine|Water\n|move|p1a: Flutter Mane|Shadow Ball|p2b: Arcanine\n|-damage|p2b: Arcanine|18\/100\n|move|p2b: Arcanine|Flare Blitz|p1a: Flutter Mane\n|-damage|p1a: Flutter Mane|0 fnt\n|faint|p1a: Flutter Mane\n|-end|p1a: Flutter Mane|Protosynthesis|[silent]\n|-damage|p2b: Arcanine|17\/100|[from] Recoil\n|move|p1b: Gyarados|Waterfall|p2b: Arcanine\n|-resisted|p2b: Arcanine\n|-damage|p2b: Arcanine|0 fnt\n|faint|p2b: Arcanine\n|\n|win|Ricardo Randorez\n|raw|Ricardo Randorez's rating: 1065 → 1100<\/strong> (+35 for winning)\n|raw|CrookedShepherd's rating: 1116 → 1087<\/strong> (-29 for losing)\n|l|\u2606CrookedShepherd\n","uploadtime":1681776876,"views":12,"p1id":"ricardorandorez","p2id":"crookedshepherd","formatid":"gen9vgc2023regulationc","rating":1087,"private":0,"password":""}