{"id":"gen9vgc2023regulationc-1847912980","p1":"Drayagedrag0","p2":"MorphinVGC","format":"[Gen 9] VGC 2023 Regulation C","log":"|j|\u2606Drayagedrag0\n|j|\u2606MorphinVGC\n|t:|1682012167\n|gametype|doubles\n|player|p1|Drayagedrag0|102|1240\n|player|p2|MorphinVGC|265|1147\n|teamsize|p1|6\n|teamsize|p2|6\n|gen|9\n|tier|[Gen 9] VGC 2023 Regulation C\n|rated|\n|rule|Species Clause: Limit one of each Pok\u00e9mon\n|rule|Item Clause: Limit one of each item\n|clearpoke\n|poke|p1|Sylveon, L50, M|\n|poke|p1|Chi-Yu, L50|\n|poke|p1|Murkrow, L50, M|\n|poke|p1|Great Tusk, L50|\n|poke|p1|Gholdengo, L50|\n|poke|p1|Iron Hands, L50|\n|poke|p2|Ting-Lu, L50|\n|poke|p2|Grimmsnarl, L50, M|\n|poke|p2|Palafin, L50, M|\n|poke|p2|Arcanine, L50, M|\n|poke|p2|Breloom, L50, F|\n|poke|p2|Flutter Mane, L50|\n|teampreview|4\n|inactive|Battle timer is ON: inactive players will automatically lose when time's up. (requested by MorphinVGC)\n|\n|t:|1682012237\n|start\n|switch|p1a: Darwin|Chi-Yu, L50|100\/100\n|switch|p1b: Tweakers|Murkrow, L50, M|100\/100\n|switch|p2a: Ting-Lu|Ting-Lu, L50|100\/100\n|switch|p2b: Palafin|Palafin, L50, M|100\/100\n|-ability|p1a: Darwin|Beads of Ruin\n|-ability|p2a: Ting-Lu|Vessel of Ruin\n|turn|1\n|inactive|Drayagedrag0 has 30 seconds left.\n|\n|t:|1682012266\n|detailschange|p2b: Palafin|Palafin-Hero, L50, M\n|switch|p2b: Arcanine|Arcanine, L50, M|100\/100\n|-ability|p2b: Arcanine|Intimidate|boost\n|-unboost|p1a: Darwin|atk|1\n|-unboost|p1b: Tweakers|atk|1\n|move|p1a: Darwin|Protect|p1a: Darwin\n|-singleturn|p1a: Darwin|Protect\n|move|p1b: Tweakers|Sunny Day|p1b: Tweakers\n|-weather|SunnyDay\n|move|p2a: Ting-Lu|Throat Chop|p1a: Darwin\n|-activate|p1a: Darwin|move: Protect\n|\n|-weather|SunnyDay|[upkeep]\n|upkeep\n|turn|2\n|inactive|Drayagedrag0 has 30 seconds left.\n|inactive|MorphinVGC has 30 seconds left.\n|inactive|Drayagedrag0 has 20 seconds left.\n|inactive|Drayagedrag0 has 15 seconds left.\n|inactive|MorphinVGC has 20 seconds left.\n|inactive|Drayagedrag0 has 10 seconds left.\n|inactive|Drayagedrag0 has 5 seconds left.\n|\n|t:|1682012320\n|move|p1b: Tweakers|Tailwind|p1b: Tweakers\n|-sidestart|p1: Drayagedrag0|move: Tailwind\n|move|p1a: Darwin|Dark Pulse|p2b: Arcanine\n|-damage|p2b: Arcanine|63\/100\n|move|p2b: Arcanine|Snarl|p1a: Darwin|[spread] p1a,p1b\n|-resisted|p1a: Darwin\n|-crit|p1a: Darwin\n|-resisted|p1b: Tweakers\n|-damage|p1a: Darwin|96\/100\n|-damage|p1b: Tweakers|96\/100\n|-unboost|p1a: Darwin|spa|1\n|-unboost|p1b: Tweakers|spa|1\n|move|p2a: Ting-Lu|Body Press|p1a: Darwin\n|-supereffective|p1a: Darwin\n|-damage|p1a: Darwin|42\/100\n|-enditem|p1a: Darwin|Sitrus Berry|[eat]\n|-heal|p1a: Darwin|67\/100|[from] item: Sitrus Berry\n|\n|-weather|SunnyDay|[upkeep]\n|upkeep\n|turn|3\n|inactive|Drayagedrag0 has 30 seconds left.\n|inactive|Drayagedrag0 has 20 seconds left.\n|\n|t:|1682012358\n|switch|p1a: Manny|Great Tusk, L50, shiny|100\/100\n|-activate|p1a: Manny|ability: Protosynthesis\n|-start|p1a: Manny|protosynthesisatk\n|move|p1b: Tweakers|Foul Play|p2b: Arcanine\n|-damage|p2b: Arcanine|31\/100\n|move|p2b: Arcanine|Flare Blitz|p1b: Tweakers\n|-damage|p1b: Tweakers|35\/100\n|-damage|p2b: Arcanine|14\/100|[from] Recoil\n|-enditem|p2b: Arcanine|Aguav Berry|[eat]\n|-heal|p2b: Arcanine|47\/100|[from] item: Aguav Berry\n|move|p2a: Ting-Lu|Body Press|p1a: Manny\n|-damage|p1a: Manny|83\/100\n|\n|-weather|SunnyDay|[upkeep]\n|upkeep\n|turn|4\n|inactive|Drayagedrag0 has 30 seconds left.\n|inactive|MorphinVGC has 30 seconds left.\n|inactive|MorphinVGC has 20 seconds left.\n|\n|t:|1682012398\n|move|p1a: Manny|Earthquake|p2b: Arcanine|[spread] p2a,p2b\n|-immune|p1b: Tweakers\n|-supereffective|p2b: Arcanine\n|-damage|p2a: Ting-Lu|69\/100\n|-damage|p2b: Arcanine|0 fnt\n|faint|p2b: Arcanine\n|move|p1b: Tweakers|Foul Play|p2a: Ting-Lu\n|-resisted|p2a: Ting-Lu\n|-damage|p2a: Ting-Lu|55\/100\n|move|p2a: Ting-Lu|Throat Chop|p1a: Manny\n|-resisted|p1a: Manny\n|-damage|p1a: Manny|67\/100\n|-start|p1a: Manny|Throat Chop|[silent]\n|\n|-weather|SunnyDay|[upkeep]\n|upkeep\n|\n|t:|1682012408\n|switch|p2b: Palafin|Palafin-Hero, L50, M|100\/100\n|-activate|p2b: Palafin|ability: Zero to Hero\n|turn|5\n|\n|t:|1682012424\n|move|p2b: Palafin|Protect|p2b: Palafin\n|-singleturn|p2b: Palafin|Protect\n|move|p1a: Manny|Earthquake|p2b: Palafin|[spread] p2a\n|-activate|p2b: Palafin|move: Protect\n|-immune|p1b: Tweakers\n|-damage|p2a: Ting-Lu|29\/100\n|move|p1b: Tweakers|Foul Play|p2b: Palafin\n|-activate|p2b: Palafin|move: Protect\n|move|p2a: Ting-Lu|Earthquake|p1b: Tweakers|[spread] p1a\n|-activate|p2b: Palafin|move: Protect\n|-immune|p1b: Tweakers\n|-damage|p1a: Manny|38\/100\n|\n|-weather|none\n|-end|p1a: Manny|Protosynthesis\n|-end|p1a: Manny|Throat Chop|[silent]\n|-sideend|p1: Drayagedrag0|move: Tailwind\n|upkeep\n|turn|6\n|\n|t:|1682012442\n|move|p2b: Palafin|Jet Punch|p1a: Manny\n|-supereffective|p1a: Manny\n|-damage|p1a: Manny|0 fnt\n|faint|p1a: Manny\n|-end|p1a: Manny|Protosynthesis|[silent]\n|move|p1b: Tweakers|Sunny Day|p1b: Tweakers\n|-weather|SunnyDay\n|move|p2a: Ting-Lu|Throat Chop|p1b: Tweakers\n|-resisted|p1b: Tweakers\n|-damage|p1b: Tweakers|17\/100\n|-start|p1b: Tweakers|Throat Chop|[silent]\n|\n|-weather|SunnyDay|[upkeep]\n|upkeep\n|\n|t:|1682012453\n|switch|p1a: Darwin|Chi-Yu, L50|67\/100\n|-ability|p1a: Darwin|Beads of Ruin\n|turn|7\n|\n|t:|1682012465\n|-terastallize|p1a: Darwin|Grass\n|move|p2b: Palafin|Protect|p2b: Palafin\n|-singleturn|p2b: Palafin|Protect\n|move|p1b: Tweakers|Tailwind|p1b: Tweakers\n|-sidestart|p1: Drayagedrag0|move: Tailwind\n|move|p1a: Darwin|Tera Blast|p2b: Palafin\n|-activate|p2b: Palafin|move: Protect\n|move|p2a: Ting-Lu|Earthquake|p1b: Tweakers|[spread] p1a\n|-activate|p2b: Palafin|move: Protect\n|-immune|p1b: Tweakers\n|-resisted|p1a: Darwin\n|-damage|p1a: Darwin|46\/100\n|\n|-weather|SunnyDay|[upkeep]\n|-end|p1b: Tweakers|Throat Chop|[silent]\n|upkeep\n|turn|8\n|c|\u2606Drayagedrag0|:\/\n|\n|t:|1682012482\n|move|p1a: Darwin|Protect|p1a: Darwin\n|-singleturn|p1a: Darwin|Protect\n|move|p2b: Palafin|Jet Punch|p1a: Darwin\n|-activate|p1a: Darwin|move: Protect\n|move|p1b: Tweakers|Foul Play|p2b: Palafin\n|-damage|p2b: Palafin|36\/100\n|move|p2a: Ting-Lu|Throat Chop|p1b: Tweakers\n|-resisted|p1b: Tweakers\n|-damage|p1b: Tweakers|0 fnt\n|faint|p1b: Tweakers\n|\n|-weather|SunnyDay|[upkeep]\n|upkeep\n|\n|t:|1682012496\n|switch|p1b: Ribbons|Sylveon, L50, M, shiny|100\/100\n|turn|9\n|\n|t:|1682012510\n|move|p2b: Palafin|Protect|p2b: Palafin\n|-singleturn|p2b: Palafin|Protect\n|move|p1a: Darwin|Tera Blast|p2a: Ting-Lu\n|-supereffective|p2a: Ting-Lu\n|-damage|p2a: Ting-Lu|0 fnt\n|faint|p2a: Ting-Lu\n|move|p1b: Ribbons|Hyper Voice|p2b: Palafin\n|-activate|p2b: Palafin|move: Protect\n|\n|-weather|SunnyDay|[upkeep]\n|upkeep\n|\n|t:|1682012515\n|switch|p2a: Flutter Mane|Flutter Mane, L50|100\/100\n|-activate|p2a: Flutter Mane|ability: Protosynthesis\n|-start|p2a: Flutter Mane|protosynthesisspe\n|turn|10\n|\n|t:|1682012529\n|move|p1a: Darwin|Protect|p1a: Darwin\n|-singleturn|p1a: Darwin|Protect\n|move|p2b: Palafin|Jet Punch|p1b: Ribbons\n|-damage|p1b: Ribbons|77\/100\n|move|p2a: Flutter Mane|Dazzling Gleam|p1a: Darwin|[spread] p1b\n|-activate|p1a: Darwin|move: Protect\n|-damage|p1b: Ribbons|44\/100\n|move|p1b: Ribbons|Hyper Voice|p2b: Palafin|[spread] p2a,p2b\n|-damage|p2a: Flutter Mane|47\/100\n|-damage|p2b: Palafin|0 fnt\n|faint|p2b: Palafin\n|-enditem|p1b: Ribbons|Throat Spray\n|-boost|p1b: Ribbons|spa|1|[from] item: Throat Spray\n|\n|-weather|none\n|-end|p2a: Flutter Mane|Protosynthesis\n|-sideend|p1: Drayagedrag0|move: Tailwind\n|upkeep\n|-enditem|p2a: Flutter Mane|Booster Energy\n|-activate|p2a: Flutter Mane|ability: Protosynthesis|[fromitem]\n|-start|p2a: Flutter Mane|protosynthesisspe\n|turn|11\n|\n|t:|1682012552\n|move|p2a: Flutter Mane|Dazzling Gleam|p1b: Ribbons|[spread] p1a,p1b\n|-damage|p1a: Darwin|13\/100\n|-damage|p1b: Ribbons|10\/100\n|move|p1a: Darwin|Dark Pulse|p2a: Flutter Mane\n|-damage|p2a: Flutter Mane|0 fnt\n|faint|p2a: Flutter Mane\n|-end|p2a: Flutter Mane|Protosynthesis|[silent]\n|\n|win|Drayagedrag0\n|raw|Drayagedrag0's rating: 1240 → 1258<\/strong> (+18 for winning)\n|raw|MorphinVGC's rating: 1147 → 1129<\/strong> (-18 for losing)\n|l|\u2606MorphinVGC\n|c|\u2606Drayagedrag0|Gg\n","uploadtime":1682012583,"views":18,"p1id":"drayagedrag0","p2id":"morphinvgc","formatid":"gen9vgc2023regulationc","rating":1129,"private":0,"password":""}