{"id":"gen9vgc2023regulationc-1845765674","p1":"NotNehzzy","p2":"sleepyrhino1","format":"[Gen 9] VGC 2023 Regulation C","log":"|j|\u2606NotNehzzy\n|j|\u2606sleepyrhino1\n|t:|1681762495\n|gametype|doubles\n|player|p1|NotNehzzy|steven|1000\n|player|p2|sleepyrhino1|rood|1058\n|teamsize|p1|6\n|teamsize|p2|6\n|gen|9\n|tier|[Gen 9] VGC 2023 Regulation C\n|rated|\n|rule|Species Clause: Limit one of each Pok\u00e9mon\n|rule|Item Clause: Limit one of each item\n|clearpoke\n|poke|p1|Flutter Mane, L50|\n|poke|p1|Dragonite, L50, F|\n|poke|p1|Farigiraf, L50, M|\n|poke|p1|Gallade, L50, M|\n|poke|p1|Hatterene, L50, F|\n|poke|p1|Rotom-Wash, L50|\n|poke|p2|Dragapult, L50, F|\n|poke|p2|Tyranitar, L50, M|\n|poke|p2|Chien-Pao, L50|\n|poke|p2|Lycanroc, L50, M|\n|poke|p2|Breloom, L50, F|\n|poke|p2|Dunsparce, L50, M|\n|teampreview|4\n|inactive|Battle timer is ON: inactive players will automatically lose when time's up. (requested by sleepyrhino1)\n|\n|t:|1681762518\n|start\n|switch|p1a: Farigiraf|Farigiraf, L50, M|100\/100\n|switch|p1b: Gallade|Gallade, L50, M, shiny|100\/100\n|switch|p2a: Chien-Pao|Chien-Pao, L50|100\/100\n|switch|p2b: Dragapult|Dragapult, L50, F|100\/100\n|-ability|p2a: Chien-Pao|Sword of Ruin\n|turn|1\n|\n|t:|1681762540\n|move|p1b: Gallade|Shadow Sneak|p2b: Dragapult\n|-supereffective|p2b: Dragapult\n|-damage|p2b: Dragapult|49\/100\n|move|p2b: Dragapult|Dragon Darts|p1a: Farigiraf\n|-damage|p1a: Farigiraf|53\/100\n|-anim|p2b: Dragapult|Dragon Darts|p1b: Gallade\n|-damage|p1b: Gallade|28\/100\n|-enditem|p1b: Gallade|Sitrus Berry|[eat]\n|-heal|p1b: Gallade|53\/100|[from] item: Sitrus Berry\n|move|p2a: Chien-Pao|Sacred Sword|p1a: Farigiraf\n|-damage|p1a: Farigiraf|19\/100\n|move|p1a: Farigiraf|Beat Up|p1b: Gallade\n|-damage|p1b: Gallade|48\/100\n|-ability|p1b: Gallade|Justified|boost\n|-boost|p1b: Gallade|atk|1\n|-damage|p1b: Gallade|41\/100\n|-ability|p1b: Gallade|Justified|boost\n|-boost|p1b: Gallade|atk|1\n|-damage|p1b: Gallade|37\/100\n|-ability|p1b: Gallade|Justified|boost\n|-boost|p1b: Gallade|atk|1\n|-crit|p1b: Gallade\n|-damage|p1b: Gallade|31\/100\n|-ability|p1b: Gallade|Justified|boost\n|-boost|p1b: Gallade|atk|1\n|-hitcount|p1b: Gallade|4\n|\n|upkeep\n|turn|2\n|inactive|NotNehzzy has 30 seconds left.\n|inactive|sleepyrhino1 has 30 seconds left.\n|inactive|NotNehzzy has 20 seconds left.\n|inactive|NotNehzzy has 15 seconds left.\n|\n|t:|1681762584\n|-terastallize|p1a: Farigiraf|Bug\n|move|p2a: Chien-Pao|Sucker Punch||[still]\n|cant|p1a: Farigiraf|ability: Armor Tail|Sucker Punch|[of] p2a: Chien-Pao\n|move|p1b: Gallade|Shadow Sneak|p2b: Dragapult\n|-supereffective|p2b: Dragapult\n|-damage|p2b: Dragapult|0 fnt\n|faint|p2b: Dragapult\n|move|p1a: Farigiraf|Tera Blast|p2a: Chien-Pao\n|-supereffective|p2a: Chien-Pao\n|-damage|p2a: Chien-Pao|0 fnt\n|faint|p2a: Chien-Pao\n|\n|upkeep\n|\n|t:|1681762596\n|switch|p2b: Breloom|Breloom, L50, F|100\/100\n|switch|p2a: Dunsparce|Dunsparce, L50, M|100\/100\n|turn|3\n|\n|t:|1681762617\n|move|p1a: Farigiraf|Ally Switch|p1a: Farigiraf\n|swap|p1a: Farigiraf|1|[from] move: Ally Switch\n|move|p2b: Breloom|Bullet Seed|p1a: Gallade\n|-damage|p1a: Gallade|0 fnt\n|faint|p1a: Gallade\n|-hitcount|p1: Gallade|1\n|-damage|p2b: Breloom|91\/100|[from] item: Life Orb\n|move|p2a: Dunsparce|Shadow Ball|p1b: Farigiraf\n|-damage|p1b: Farigiraf|8\/100\n|-unboost|p1b: Farigiraf|spd|1\n|\n|upkeep\n|\n|t:|1681762631\n|switch|p1a: Flutter Mane|Flutter Mane, L50|100\/100\n|turn|4\n|\n|t:|1681762644\n|move|p1a: Flutter Mane|Hyper Voice|p2a: Dunsparce|[spread] p2a,p2b\n|-damage|p2a: Dunsparce|80\/100\n|-damage|p2b: Breloom|49\/100\n|-enditem|p1a: Flutter Mane|Throat Spray\n|-boost|p1a: Flutter Mane|spa|1|[from] item: Throat Spray\n|move|p2b: Breloom|Spore|p1a: Flutter Mane\n|-status|p1a: Flutter Mane|slp|[from] move: Spore\n|move|p1b: Farigiraf|Tera Blast|p2a: Dunsparce\n|-damage|p2a: Dunsparce|49\/100\n|-ability|p2a: Dunsparce|Rattled|boost\n|-boost|p2a: Dunsparce|spe|1\n|move|p2a: Dunsparce|Calm Mind|p2a: Dunsparce\n|-boost|p2a: Dunsparce|spa|1\n|-boost|p2a: Dunsparce|spd|1\n|\n|upkeep\n|turn|5\n|\n|t:|1681762667\n|move|p1b: Farigiraf|Ally Switch|p1b: Farigiraf\n|swap|p1b: Farigiraf|0|[from] move: Ally Switch\n|cant|p1b: Flutter Mane|slp\n|move|p2b: Breloom|Bullet Seed|p1b: Flutter Mane\n|-damage|p1b: Flutter Mane|63\/100 slp\n|-damage|p1b: Flutter Mane|21\/100 slp\n|-hitcount|p1b: Flutter Mane|2\n|-damage|p2b: Breloom|40\/100|[from] item: Life Orb\n|move|p2a: Dunsparce|Shadow Ball|p1a: Farigiraf\n|-damage|p1a: Farigiraf|0 fnt\n|faint|p1a: Farigiraf\n|\n|upkeep\n|\n|t:|1681762678\n|switch|p1a: Rotom|Rotom-Wash, L50|100\/100\n|turn|6\n|\n|t:|1681762693\n|move|p1a: Rotom|Protect|p1a: Rotom\n|-singleturn|p1a: Rotom|Protect\n|move|p2b: Breloom|Mach Punch|p1a: Rotom\n|-activate|p1a: Rotom|move: Protect\n|cant|p1b: Flutter Mane|slp\n|move|p2a: Dunsparce|Stored Power|p1b: Flutter Mane\n|-damage|p1b: Flutter Mane|0 fnt\n|faint|p1b: Flutter Mane\n|-end|p1b: Flutter Mane|Protosynthesis|[silent]\n|\n|upkeep\n|turn|7\n|\n|t:|1681762710\n|move|p2b: Breloom|Mach Punch|p1a: Rotom\n|-damage|p1a: Rotom|59\/100\n|-damage|p2b: Breloom|30\/100|[from] item: Life Orb\n|move|p1a: Rotom|Hydro Pump|p2b: Breloom\n|-resisted|p2b: Breloom\n|-damage|p2b: Breloom|0 fnt\n|faint|p2b: Breloom\n|move|p2a: Dunsparce|Stored Power|p1a: Rotom\n|-damage|p1a: Rotom|38\/100\n|\n|upkeep\n|turn|8\n|\n|t:|1681762726\n|move|p1a: Rotom|Hydro Pump|p2a: Dunsparce\n|-damage|p2a: Dunsparce|14\/100\n|move|p2a: Dunsparce|Calm Mind|p2a: Dunsparce\n|-boost|p2a: Dunsparce|spa|1\n|-boost|p2a: Dunsparce|spd|1\n|\n|upkeep\n|turn|9\n|\n|t:|1681762736\n|move|p1a: Rotom|Hydro Pump|p2a: Dunsparce\n|-damage|p2a: Dunsparce|0 fnt\n|faint|p2a: Dunsparce\n|\n|win|NotNehzzy\n|raw|NotNehzzy's rating: 1000 → 1047<\/strong> (+47 for winning)\n|raw|sleepyrhino1's rating: 1058 → 1036<\/strong> (-22 for losing)\n|l|\u2606sleepyrhino1\n|c|\u2606NotNehzzy|Gg\n","uploadtime":1681762747,"views":8,"p1id":"notnehzzy","p2id":"sleepyrhino1","formatid":"gen9vgc2023regulationc","rating":1036,"private":0,"password":""}