{"id":"gen9vgc2023regulationc-1850695198","p1":"Blumagination","p2":"PBR ESC4N0R","format":"[Gen 9] VGC 2023 Regulation C","log":"|j|\u2606Blumagination\n|j|\u2606PBR ESC4N0R\n|t:|1682359808\n|gametype|doubles\n|player|p1|Blumagination|clown|1307\n|player|p2|PBR ESC4N0R|firebreather|1311\n|teamsize|p1|6\n|teamsize|p2|6\n|gen|9\n|tier|[Gen 9] VGC 2023 Regulation C\n|rated|\n|rule|Species Clause: Limit one of each Pok\u00e9mon\n|rule|Item Clause: Limit one of each item\n|clearpoke\n|poke|p1|Iron Bundle, L50|\n|poke|p1|Flutter Mane, L50|\n|poke|p1|Garganacl, L50, F|\n|poke|p1|Arcanine, L50, F|\n|poke|p1|Amoonguss, L50, F|\n|poke|p1|Ting-Lu, L50|\n|poke|p2|Arcanine, L50, M|\n|poke|p2|Flutter Mane, L50|\n|poke|p2|Amoonguss, L50, M|\n|poke|p2|Palafin, L50, F|\n|poke|p2|Ting-Lu, L50|\n|poke|p2|Dragonite, L50, F|\n|teampreview|4\n|inactive|Battle timer is ON: inactive players will automatically lose when time's up. (requested by Blumagination)\n|inactive|PBR ESC4N0R has 60 seconds left.\n|\n|t:|1682359857\n|start\n|switch|p1a: Garganacl|Garganacl, L50, F|100\/100\n|switch|p1b: Iron Bundle|Iron Bundle, L50|100\/100\n|switch|p2a: Palafin|Palafin, L50, F, shiny|100\/100\n|switch|p2b: Ting-Lu|Ting-Lu, L50|100\/100\n|-ability|p2b: Ting-Lu|Vessel of Ruin\n|-enditem|p1b: Iron Bundle|Booster Energy\n|-activate|p1b: Iron Bundle|ability: Quark Drive|[fromitem]\n|-start|p1b: Iron Bundle|quarkdrivespe\n|turn|1\n|inactive|PBR ESC4N0R has 30 seconds left.\n|inactive|PBR ESC4N0R has 20 seconds left.\n|inactive|PBR ESC4N0R has 15 seconds left.\n|inactive|PBR ESC4N0R has 10 seconds left.\n|\n|t:|1682359905\n|detailschange|p2a: Palafin|Palafin-Hero, L50, F, shiny\n|switch|p2a: Arcanine|Arcanine, L50, M, shiny|100\/100\n|-ability|p2a: Arcanine|Intimidate|boost\n|-unboost|p1a: Garganacl|atk|1\n|-unboost|p1b: Iron Bundle|atk|1\n|-terastallize|p2b: Ting-Lu|Grass\n|-terastallize|p1a: Garganacl|Water\n|move|p1b: Iron Bundle|Freeze-Dry|p2a: Arcanine\n|-resisted|p2a: Arcanine\n|-crit|p2a: Arcanine\n|-damage|p2a: Arcanine|80\/100\n|move|p2b: Ting-Lu|Tera Blast|p1b: Iron Bundle\n|-supereffective|p1b: Iron Bundle\n|-damage|p1b: Iron Bundle|16\/100\n|move|p1a: Garganacl|Salt Cure|p2a: Arcanine\n|-supereffective|p2a: Arcanine\n|-damage|p2a: Arcanine|58\/100\n|-start|p2a: Arcanine|Salt Cure\n|\n|-damage|p2a: Arcanine|46\/100|[from] Salt Cure\n|upkeep\n|turn|2\n|\n|t:|1682359928\n|-end|p1b: Iron Bundle|Quark Drive|[silent]\n|switch|p1b: Arcanine|Arcanine, L50, F|100\/100\n|-ability|p1b: Arcanine|Intimidate|boost\n|-unboost|p2a: Arcanine|atk|1\n|-unboost|p2b: Ting-Lu|atk|1\n|move|p2a: Arcanine|Extreme Speed|p1b: Arcanine\n|-damage|p1b: Arcanine|81\/100\n|move|p2b: Ting-Lu|Tera Blast|p1a: Garganacl\n|-supereffective|p1a: Garganacl\n|-damage|p1a: Garganacl|69\/100\n|move|p1a: Garganacl|Salt Cure|p2b: Ting-Lu\n|-damage|p2b: Ting-Lu|96\/100\n|-start|p2b: Ting-Lu|Salt Cure\n|\n|-heal|p1a: Garganacl|74\/100|[from] item: Leftovers\n|-damage|p2a: Arcanine|33\/100|[from] Salt Cure\n|-damage|p2b: Ting-Lu|83\/100|[from] Salt Cure\n|upkeep\n|turn|3\n|inactive|PBR ESC4N0R has 30 seconds left.\n|inactive|PBR ESC4N0R has 20 seconds left.\n|inactive|PBR ESC4N0R has 15 seconds left.\n|\n|t:|1682359971\n|switch|p2b: Dragonite|Dragonite, L50, F|100\/100\n|move|p1b: Arcanine|Will-O-Wisp|p2b: Dragonite\n|-status|p2b: Dragonite|brn\n|-enditem|p2b: Dragonite|Lum Berry|[eat]\n|-curestatus|p2b: Dragonite|brn|[msg]\n|move|p2a: Arcanine|Howl|p2a: Arcanine|[spread] p2a,p2b\n|-boost|p2a: Arcanine|atk|1\n|-boost|p2b: Dragonite|atk|1\n|move|p1a: Garganacl|Salt Cure|p2b: Dragonite\n|-supereffective|p2b: Dragonite\n|-damage|p2b: Dragonite|80\/100\n|-start|p2b: Dragonite|Salt Cure\n|\n|-heal|p1a: Garganacl|80\/100|[from] item: Leftovers\n|-damage|p2a: Arcanine|21\/100|[from] Salt Cure\n|-damage|p2b: Dragonite|68\/100|[from] Salt Cure\n|upkeep\n|turn|4\n|inactive|PBR ESC4N0R has 30 seconds left.\n|inactive|PBR ESC4N0R has 20 seconds left.\n|inactive|PBR ESC4N0R has 15 seconds left.\n|\n|t:|1682360014\n|move|p2b: Dragonite|Protect|p2b: Dragonite\n|-singleturn|p2b: Dragonite|Protect\n|move|p1b: Arcanine|Will-O-Wisp|p2b: Dragonite\n|-activate|p2b: Dragonite|move: Protect\n|move|p2a: Arcanine|Howl|p2a: Arcanine|[spread] p2a,p2b\n|-boost|p2a: Arcanine|atk|1\n|-boost|p2b: Dragonite|atk|1\n|move|p1a: Garganacl|Salt Cure|p2a: Arcanine\n|-supereffective|p2a: Arcanine\n|-damage|p2a: Arcanine|2\/100\n|\n|-heal|p1a: Garganacl|86\/100|[from] item: Leftovers\n|-damage|p2a: Arcanine|0 fnt|[from] Salt Cure\n|faint|p2a: Arcanine\n|-damage|p2b: Dragonite|56\/100|[from] Salt Cure\n|upkeep\n|inactive|PBR ESC4N0R has 30 seconds left.\n|\n|t:|1682360039\n|switch|p2a: Ting-Lu|Ting-Lu, L50, tera:Grass|83\/100\n|-ability|p2a: Ting-Lu|Vessel of Ruin\n|turn|5\n|\n|t:|1682360061\n|switch|p1a: Iron Bundle|Iron Bundle, L50|16\/100\n|move|p2b: Dragonite|Extreme Speed|p1a: Iron Bundle\n|-damage|p1a: Iron Bundle|0 fnt\n|faint|p1a: Iron Bundle\n|-end|p1a: Iron Bundle|Quark Drive|[silent]\n|move|p1b: Arcanine|Will-O-Wisp|p2b: Dragonite\n|-status|p2b: Dragonite|brn\n|move|p2a: Ting-Lu|Earthquake|p1b: Arcanine|[spread] p1b\n|-immune|p2b: Dragonite\n|-supereffective|p1b: Arcanine\n|-damage|p1b: Arcanine|0 fnt\n|faint|p1b: Arcanine\n|\n|-damage|p2b: Dragonite|50\/100 brn|[from] brn\n|-damage|p2b: Dragonite|38\/100 brn|[from] Salt Cure\n|upkeep\n|\n|t:|1682360071\n|switch|p1a: Garganacl|Garganacl, L50, F, tera:Water|86\/100\n|switch|p1b: Amoonguss|Amoonguss, L50, F|100\/100\n|turn|6\n|\n|t:|1682360094\n|move|p2b: Dragonite|Fire Punch|p1b: Amoonguss\n|-supereffective|p1b: Amoonguss\n|-crit|p1b: Amoonguss\n|-damage|p1b: Amoonguss|35\/100\n|-enditem|p1b: Amoonguss|Sitrus Berry|[eat]\n|-heal|p1b: Amoonguss|60\/100|[from] item: Sitrus Berry\n|move|p2a: Ting-Lu|Tera Blast|p1a: Garganacl\n|-supereffective|p1a: Garganacl\n|-damage|p1a: Garganacl|42\/100\n|move|p1a: Garganacl|Salt Cure|p2a: Ting-Lu\n|-damage|p2a: Ting-Lu|75\/100\n|-start|p2a: Ting-Lu|Salt Cure\n|move|p1b: Amoonguss|Pollen Puff|p1a: Garganacl\n|-heal|p1a: Garganacl|91\/100\n|\n|-heal|p1a: Garganacl|97\/100|[from] item: Leftovers\n|-damage|p2b: Dragonite|33\/100 brn|[from] brn\n|-damage|p2b: Dragonite|20\/100 brn|[from] Salt Cure\n|-damage|p2a: Ting-Lu|63\/100|[from] Salt Cure\n|upkeep\n|turn|7\n|inactive|PBR ESC4N0R has 30 seconds left.\n|\n|t:|1682360126\n|move|p2b: Dragonite|Ice Spinner|p1b: Amoonguss\n|-supereffective|p1b: Amoonguss\n|-damage|p1b: Amoonguss|14\/100\n|move|p2a: Ting-Lu|Earthquake|p1a: Garganacl|[spread] p1a,p1b\n|-immune|p2b: Dragonite\n|-crit|p1b: Amoonguss\n|-damage|p1a: Garganacl|76\/100\n|-damage|p1b: Amoonguss|0 fnt\n|faint|p1b: Amoonguss\n|move|p1a: Garganacl|Salt Cure|p2b: Dragonite\n|-supereffective|p2b: Dragonite\n|-damage|p2b: Dragonite|0 fnt\n|faint|p2b: Dragonite\n|\n|-heal|p1a: Garganacl|82\/100|[from] item: Leftovers\n|-damage|p2a: Ting-Lu|51\/100|[from] Salt Cure\n|upkeep\n|\n|t:|1682360140\n|switch|p2b: Palafin|Palafin-Hero, L50, F, shiny|100\/100\n|-activate|p2b: Palafin|ability: Zero to Hero\n|turn|8\n|\n|t:|1682360148\n|move|p1a: Garganacl|Protect|p1a: Garganacl\n|-singleturn|p1a: Garganacl|Protect\n|move|p2b: Palafin|Wave Crash|p1a: Garganacl\n|-activate|p1a: Garganacl|move: Protect\n|move|p2a: Ting-Lu|Tera Blast|p1a: Garganacl\n|-activate|p1a: Garganacl|move: Protect\n|\n|-heal|p1a: Garganacl|88\/100|[from] item: Leftovers\n|-damage|p2a: Ting-Lu|39\/100|[from] Salt Cure\n|upkeep\n|turn|9\n|\n|t:|1682360162\n|move|p2b: Palafin|Wave Crash|p1a: Garganacl\n|-resisted|p1a: Garganacl\n|-damage|p1a: Garganacl|58\/100\n|-damage|p2b: Palafin|91\/100|[from] Recoil\n|move|p2a: Ting-Lu|Tera Blast|p1a: Garganacl\n|-supereffective|p1a: Garganacl\n|-damage|p1a: Garganacl|9\/100\n|move|p1a: Garganacl|Salt Cure|p2b: Palafin\n|-damage|p2b: Palafin|77\/100\n|-start|p2b: Palafin|Salt Cure\n|\n|-heal|p1a: Garganacl|15\/100|[from] item: Leftovers\n|-damage|p2b: Palafin|53\/100|[from] Salt Cure\n|-damage|p2a: Ting-Lu|26\/100|[from] Salt Cure\n|upkeep\n|turn|10\n|\n|t:|1682360179\n|move|p1a: Garganacl|Protect|p1a: Garganacl\n|-singleturn|p1a: Garganacl|Protect\n|move|p2b: Palafin|Jet Punch|p1a: Garganacl\n|-activate|p1a: Garganacl|move: Protect\n|move|p2a: Ting-Lu|Tera Blast|p1a: Garganacl\n|-activate|p1a: Garganacl|move: Protect\n|\n|-heal|p1a: Garganacl|21\/100|[from] item: Leftovers\n|-damage|p2b: Palafin|28\/100|[from] Salt Cure\n|-damage|p2a: Ting-Lu|14\/100|[from] Salt Cure\n|upkeep\n|turn|11\n|-message|Blumagination forfeited.\n|\n|win|PBR ESC4N0R\n|raw|Blumagination's rating: 1307 → 1287<\/strong> (-20 for losing)\n|raw|PBR ESC4N0R's rating: 1311 → 1331<\/strong> (+20 for winning)\n|l|\u2606Blumagination\n","uploadtime":1682360206,"views":14,"p1id":"blumagination","p2id":"pbresc4n0r","formatid":"gen9vgc2023regulationc","rating":1287,"private":0,"password":""}