{"id":"gen9vgc2023regulationc-1848308622","p1":"perish1vgc","p2":"Trullisimo","format":"[Gen 9] VGC 2023 Regulation C","log":"|j|\u2606perish1vgc\n|j|\u2606Trullisimo\n|t:|1682057838\n|gametype|doubles\n|player|p1|perish1vgc|170|1209\n|player|p2|Trullisimo|170|1116\n|teamsize|p1|6\n|teamsize|p2|6\n|gen|9\n|tier|[Gen 9] VGC 2023 Regulation C\n|rated|\n|rule|Species Clause: Limit one of each Pok\u00e9mon\n|rule|Item Clause: Limit one of each item\n|clearpoke\n|poke|p1|Palafin, L50, F|\n|poke|p1|Chien-Pao, L50|\n|poke|p1|Dragapult, L50, M|\n|poke|p1|Amoonguss, L50, F|\n|poke|p1|Arcanine, L50, M|\n|poke|p1|Flutter Mane, L50|\n|poke|p2|Garganacl, L50, M|\n|poke|p2|Amoonguss, L50, F|\n|poke|p2|Iron Bundle, L50|\n|poke|p2|Arcanine, L50, F|\n|poke|p2|Roaring Moon, L50|\n|poke|p2|Ting-Lu, L50|\n|teampreview|4\n|inactive|Battle timer is ON: inactive players will automatically lose when time's up. (requested by Trullisimo)\nTrullisimo rejected open team sheets.\n|\n|t:|1682057879\n|start\n|switch|p1a: Mimi|Flutter Mane, L50|100\/100\n|switch|p1b: Dozo|Palafin, L50, F|100\/100\n|switch|p2a: Garganacl|Garganacl, L50, M|100\/100\n|switch|p2b: Arcanine|Arcanine, L50, F|100\/100\n|-ability|p2b: Arcanine|Intimidate|boost\n|-unboost|p1a: Mimi|atk|1\n|-unboost|p1b: Dozo|atk|1\n|-enditem|p1a: Mimi|Booster Energy\n|-activate|p1a: Mimi|ability: Protosynthesis|[fromitem]\n|-start|p1a: Mimi|protosynthesisspa\n|turn|1\n|\n|t:|1682057902\n|-terastallize|p1b: Dozo|Water\n|move|p1b: Dozo|Jet Punch|p2b: Arcanine\n|-supereffective|p2b: Arcanine\n|-damage|p2b: Arcanine|49\/100\n|move|p1a: Mimi|Shadow Ball|p2b: Arcanine\n|-damage|p2b: Arcanine|3\/100\n|move|p2b: Arcanine|Will-O-Wisp|p1b: Dozo\n|-status|p1b: Dozo|brn\n|move|p2a: Garganacl|Salt Cure|p1a: Mimi\n|-damage|p1a: Mimi|81\/100\n|-start|p1a: Mimi|Salt Cure\n|\n|-damage|p1b: Dozo|95\/100 brn|[from] brn\n|-damage|p1a: Mimi|69\/100|[from] Salt Cure\n|upkeep\n|turn|2\n|\n|t:|1682057924\n|detailschange|p1b: Dozo|Palafin-Hero, L50, F, tera:Water\n|switch|p1b: WoChien|Amoonguss, L50, F|100\/100\n|move|p2b: Arcanine|Protect|p2b: Arcanine\n|-singleturn|p2b: Arcanine|Protect\n|move|p1a: Mimi|Dazzling Gleam|p2a: Garganacl|[spread] p2a\n|-activate|p2b: Arcanine|move: Protect\n|-damage|p2a: Garganacl|74\/100\n|move|p2a: Garganacl|Salt Cure|p1b: WoChien\n|-damage|p1b: WoChien|88\/100\n|-start|p1b: WoChien|Salt Cure\n|\n|-heal|p2a: Garganacl|80\/100|[from] item: Leftovers\n|-damage|p1a: Mimi|57\/100|[from] Salt Cure\n|-damage|p1b: WoChien|76\/100|[from] Salt Cure\n|upkeep\n|turn|3\n|inactive|perish1vgc has 30 seconds left.\n|\n|t:|1682057951\n|-end|p1a: Mimi|Protosynthesis|[silent]\n|switch|p1a: Dozo|Palafin-Hero, L50, F, tera:Water|95\/100 brn\n|-activate|p1a: Dozo|ability: Zero to Hero\n|switch|p2b: Amoonguss|Amoonguss, L50, F, shiny|100\/100\n|move|p1b: WoChien|Protect|p1b: WoChien\n|-singleturn|p1b: WoChien|Protect\n|move|p2a: Garganacl|Stealth Rock|p1a: Dozo\n|-sidestart|p1: perish1vgc|move: Stealth Rock\n|\n|-heal|p2a: Garganacl|85\/100|[from] item: Leftovers\n|-damage|p1a: Dozo|89\/100 brn|[from] brn\n|-damage|p1b: WoChien|64\/100|[from] Salt Cure\n|upkeep\n|turn|4\n|inactive|Trullisimo has 30 seconds left.\n|\n|t:|1682057977\n|-terastallize|p2a: Garganacl|Grass\n|move|p1a: Dozo|Wave Crash|p2a: Garganacl\n|-resisted|p2a: Garganacl\n|-damage|p2a: Garganacl|65\/100\n|-damage|p1a: Dozo|82\/100 brn|[from] Recoil\n|move|p2a: Garganacl|Salt Cure|p1a: Dozo\n|-damage|p1a: Dozo|69\/100 brn\n|-start|p1a: Dozo|Salt Cure\n|move|p2b: Amoonguss|Pollen Puff|p2a: Garganacl\n|-heal|p2a: Garganacl|100\/100\n|move|p1b: WoChien|Pollen Puff|p1a: Dozo\n|-heal|p1a: Dozo|100\/100 brn\n|\n|-damage|p1a: Dozo|95\/100 brn|[from] brn\n|-damage|p1a: Dozo|70\/100 brn|[from] Salt Cure\n|-damage|p1b: WoChien|51\/100|[from] Salt Cure\n|upkeep\n|turn|5\n|inactive|perish1vgc has 30 seconds left.\n|inactive|Trullisimo has 30 seconds left.\n|\n|t:|1682058004\n|switch|p1a: Bundle|Chien-Pao, L50|100\/100\n|-damage|p1a: Bundle|75\/100|[from] Stealth Rock\n|-ability|p1a: Bundle|Sword of Ruin\n|move|p1b: WoChien|Rage Powder|p1b: WoChien\n|-singleturn|p1b: WoChien|move: Rage Powder\n|move|p2a: Garganacl|Salt Cure|p1b: WoChien\n|-damage|p1b: WoChien|36\/100\n|-enditem|p1b: WoChien|Sitrus Berry|[eat]\n|-heal|p1b: WoChien|61\/100|[from] item: Sitrus Berry\n|move|p2b: Amoonguss|Pollen Puff|p1b: WoChien\n|-damage|p1b: WoChien|46\/100\n|\n|-damage|p1b: WoChien|34\/100|[from] Salt Cure\n|upkeep\n|turn|6\n|inactive|Trullisimo has 30 seconds left.\n|\n|t:|1682058030\n|switch|p2b: Arcanine|Arcanine, L50, F|3\/100\n|-ability|p2b: Arcanine|Intimidate|boost\n|-unboost|p1a: Bundle|atk|1\n|-unboost|p1b: WoChien|atk|1\n|switch|p1b: Mimi|Flutter Mane, L50|57\/100\n|-damage|p1b: Mimi|45\/100|[from] Stealth Rock\n|move|p1a: Bundle|Protect|p1a: Bundle\n|-singleturn|p1a: Bundle|Protect\n|move|p2a: Garganacl|Salt Cure|p1a: Bundle\n|-activate|p1a: Bundle|move: Protect\n|\n|upkeep\n|turn|7\n|\n|t:|1682058047\n|switch|p1a: Dozo|Palafin-Hero, L50, F, tera:Water|70\/100 brn\n|-damage|p1a: Dozo|57\/100 brn|[from] Stealth Rock\n|switch|p2b: Amoonguss|Amoonguss, L50, F, shiny|100\/100\n|move|p2a: Garganacl|Protect|p2a: Garganacl\n|-singleturn|p2a: Garganacl|Protect\n|move|p1b: Mimi|Dazzling Gleam|p2a: Garganacl|[spread] p2b\n|-activate|p2a: Garganacl|move: Protect\n|-resisted|p2b: Amoonguss\n|-damage|p2b: Amoonguss|88\/100\n|\n|-damage|p1a: Dozo|51\/100 brn|[from] brn\n|upkeep\n|turn|8\n|-message|perish1vgc forfeited.\n|\n|win|Trullisimo\n|raw|perish1vgc's rating: 1209 → 1177<\/strong> (-32 for losing)\n|raw|Trullisimo's rating: 1116 → 1148<\/strong> (+32 for winning)\n|l|\u2606perish1vgc\n","uploadtime":1682058073,"views":7,"p1id":"perish1vgc","p2id":"trullisimo","formatid":"gen9vgc2023regulationc","rating":1148,"private":0,"password":""}