{"id":"gen9vgc2023regulationc-1849445186","p1":"Master7Melon","p2":"kiwigal","format":"[Gen 9] VGC 2023 Regulation C","log":"|j|\u2606Master7Melon\n|j|\u2606kiwigal\n|t:|1682199279\n|gametype|doubles\n|player|p1|Master7Melon|101|1214\n|player|p2|kiwigal|emma|1305\n|teamsize|p1|6\n|teamsize|p2|6\n|gen|9\n|tier|[Gen 9] VGC 2023 Regulation C\n|rated|\n|rule|Species Clause: Limit one of each Pok\u00e9mon\n|rule|Item Clause: Limit one of each item\n|clearpoke\n|poke|p1|Dragonite, L50, F|\n|poke|p1|Kingambit, L50, F|\n|poke|p1|Flutter Mane, L50|\n|poke|p1|Arcanine, L50, F|\n|poke|p1|Amoonguss, L50, F|\n|poke|p1|Chien-Pao, L50|\n|poke|p2|Wo-Chien, L50|\n|poke|p2|Chi-Yu, L50|\n|poke|p2|Scizor, L50, F|\n|poke|p2|Glimmora, L50, M|\n|poke|p2|Vaporeon, L50, M|\n|poke|p2|Ting-Lu, L50|\n|teampreview|4\nkiwigal has agreed to open team sheets.\n|c|\u2606kiwigal|gl hf\n|\n|t:|1682199350\n|start\n|switch|p1a: Chien-Pao|Chien-Pao, L50|100\/100\n|switch|p1b: Flutter Mane|Flutter Mane, L50|100\/100\n|switch|p2a: Glimmora|Glimmora, L50, M|100\/100\n|switch|p2b: Scizor|Scizor, L50, F|100\/100\n|-ability|p1a: Chien-Pao|Sword of Ruin\n|-enditem|p1b: Flutter Mane|Booster Energy\n|-activate|p1b: Flutter Mane|ability: Protosynthesis|[fromitem]\n|-start|p1b: Flutter Mane|protosynthesisspe\n|turn|1\n|\n|t:|1682199390\n|-end|p1b: Flutter Mane|Protosynthesis|[silent]\n|switch|p1b: Arcanine|Arcanine, L50, F|100\/100\n|-ability|p1b: Arcanine|Intimidate|boost\n|-unboost|p2a: Glimmora|atk|1\n|-unboost|p2b: Scizor|atk|1\n|move|p1a: Chien-Pao|Sucker Punch|p2b: Scizor\n|-damage|p2b: Scizor|54\/100\n|move|p2b: Scizor|Bullet Punch|p1b: Arcanine\n|-resisted|p1b: Arcanine\n|-damage|p1b: Arcanine|84\/100\n|move|p2a: Glimmora|Power Gem|p1a: Chien-Pao\n|-supereffective|p1a: Chien-Pao\n|-enditem|p1a: Chien-Pao|Focus Sash\n|-damage|p1a: Chien-Pao|1\/100\n|\n|upkeep\n|turn|2\n|c|\u2606Master7Melon|gl hf^^\n|\n|t:|1682199419\n|switch|p2b: Chi-Yu|Chi-Yu, L50|100\/100\n|-ability|p2b: Chi-Yu|Beads of Ruin\n|move|p1a: Chien-Pao|Protect|p1a: Chien-Pao\n|-singleturn|p1a: Chien-Pao|Protect\n|move|p2a: Glimmora|Mortal Spin|p1a: Chien-Pao|[spread] p1b\n|-activate|p1a: Chien-Pao|move: Protect\n|-damage|p1b: Arcanine|79\/100\n|-status|p1b: Arcanine|psn\n|move|p1b: Arcanine|Flare Blitz|p2b: Chi-Yu\n|-resisted|p2b: Chi-Yu\n|-damage|p2b: Chi-Yu|63\/100\n|-damage|p1b: Arcanine|70\/100 psn|[from] Recoil\n|\n|-damage|p1b: Arcanine|57\/100 psn|[from] psn\n|upkeep\n|turn|3\n|\n|t:|1682199444\n|switch|p1b: Kingambit|Kingambit, L50, F|100\/100\n|move|p2b: Chi-Yu|Protect|p2b: Chi-Yu\n|-singleturn|p2b: Chi-Yu|Protect\n|move|p1a: Chien-Pao|Sucker Punch|p2a: Glimmora\n|-damage|p2a: Glimmora|40\/100\n|move|p2a: Glimmora|Mortal Spin|p1a: Chien-Pao|[spread] p1a\n|-immune|p1b: Kingambit\n|-damage|p1a: Chien-Pao|0 fnt\n|faint|p1a: Chien-Pao\n|\n|upkeep\n|\n|t:|1682199452\n|switch|p1a: Flutter Mane|Flutter Mane, L50|100\/100\n|turn|4\n|\n|t:|1682199474\n|-terastallize|p1a: Flutter Mane|Fairy\n|move|p1b: Kingambit|Sucker Punch|p2a: Glimmora\n|-damage|p2a: Glimmora|0 fnt\n|faint|p2a: Glimmora\n|move|p1a: Flutter Mane|Dazzling Gleam|p2b: Chi-Yu\n|-damage|p2b: Chi-Yu|6\/100\n|move|p2b: Chi-Yu|Flamethrower|p1b: Kingambit\n|-supereffective|p1b: Kingambit\n|-damage|p1b: Kingambit|0 fnt\n|faint|p1b: Kingambit\n|\n|upkeep\n|\n|t:|1682199487\n|switch|p2a: Wo-Chien|Wo-Chien, L50|100\/100\n|switch|p1b: Arcanine|Arcanine, L50, F|57\/100 psn\n|-ability|p1b: Arcanine|Intimidate|boost\n|-unboost|p2a: Wo-Chien|atk|1\n|-unboost|p2b: Chi-Yu|atk|1\n|-ability|p2a: Wo-Chien|Tablets of Ruin\n|turn|5\n|\n|t:|1682199503\n|-terastallize|p2a: Wo-Chien|Poison\n|move|p2b: Chi-Yu|Protect|p2b: Chi-Yu\n|-singleturn|p2b: Chi-Yu|Protect\n|move|p1a: Flutter Mane|Dazzling Gleam|p2b: Chi-Yu|[spread] p2a\n|-activate|p2b: Chi-Yu|move: Protect\n|-resisted|p2a: Wo-Chien\n|-damage|p2a: Wo-Chien|83\/100\n|move|p1b: Arcanine|Morning Sun|p1b: Arcanine\n|-heal|p1b: Arcanine|100\/100 psn\n|move|p2a: Wo-Chien|Leech Seed|p1a: Flutter Mane\n|-start|p1a: Flutter Mane|move: Leech Seed\n|\n|-damage|p1a: Flutter Mane|88\/100|[from] Leech Seed|[of] p2a: Wo-Chien\n|-heal|p2a: Wo-Chien|94\/100|[silent]\n|-damage|p1b: Arcanine|88\/100 psn|[from] psn\n|upkeep\n|turn|6\n|\n|t:|1682199524\n|move|p1a: Flutter Mane|Dazzling Gleam|p2b: Chi-Yu|[spread] p2a,p2b\n|-resisted|p2a: Wo-Chien\n|-damage|p2a: Wo-Chien|75\/100\n|-damage|p2b: Chi-Yu|0 fnt\n|faint|p2b: Chi-Yu\n|move|p1b: Arcanine|Flare Blitz|p2a: Wo-Chien\n|-damage|p2a: Wo-Chien|47\/100\n|-damage|p1b: Arcanine|79\/100 psn|[from] Recoil\n|move|p2a: Wo-Chien|Leech Seed|p1b: Arcanine\n|-start|p1b: Arcanine|move: Leech Seed\n|\n|-damage|p1a: Flutter Mane|76\/100|[from] Leech Seed|[of] p2a: Wo-Chien\n|-heal|p2a: Wo-Chien|58\/100|[silent]\n|-damage|p1b: Arcanine|67\/100 psn|[from] Leech Seed|[of] p2a: Wo-Chien\n|-heal|p2a: Wo-Chien|74\/100|[silent]\n|-damage|p1b: Arcanine|55\/100 psn|[from] psn\n|upkeep\n|\n|t:|1682199542\n|switch|p2b: Scizor|Scizor, L50, F|54\/100\n|turn|7\n|\n|t:|1682199553\n|move|p2b: Scizor|Bullet Punch|p1a: Flutter Mane\n|-supereffective|p1a: Flutter Mane\n|-damage|p1a: Flutter Mane|0 fnt\n|faint|p1a: Flutter Mane\n|-end|p1a: Flutter Mane|Protosynthesis|[silent]\n|move|p1b: Arcanine|Flare Blitz|p2b: Scizor\n|-supereffective|p2b: Scizor\n|-damage|p2b: Scizor|0 fnt\n|faint|p2b: Scizor\n|-damage|p1b: Arcanine|39\/100 psn|[from] Recoil\n|-enditem|p1b: Arcanine|Sitrus Berry|[eat]\n|-heal|p1b: Arcanine|64\/100 psn|[from] item: Sitrus Berry\n|move|p2a: Wo-Chien|Ruination|p1b: Arcanine\n|-damage|p1b: Arcanine|32\/100 psn\n|\n|-damage|p1b: Arcanine|20\/100 psn|[from] Leech Seed|[of] p2a: Wo-Chien\n|-heal|p2a: Wo-Chien|90\/100|[silent]\n|-damage|p1b: Arcanine|8\/100 psn|[from] psn\n|upkeep\n|turn|8\n|c|\u2606kiwigal|gg\n|\n|t:|1682199574\n|move|p1b: Arcanine|Morning Sun|p1b: Arcanine\n|-heal|p1b: Arcanine|58\/100 psn\n|move|p2a: Wo-Chien|Ruination|p1b: Arcanine\n|-damage|p1b: Arcanine|29\/100 psn\n|\n|-damage|p1b: Arcanine|17\/100 psn|[from] Leech Seed|[of] p2a: Wo-Chien\n|-heal|p2a: Wo-Chien|100\/100|[silent]\n|-damage|p1b: Arcanine|5\/100 psn|[from] psn\n|upkeep\n|turn|9\n|c|\u2606Master7Melon|LET ME LIVE SHOW MERCY\n|c|\u2606Master7Melon|lol\n|c|\u2606kiwigal|lmao\n|\n|t:|1682199596\n|move|p1b: Arcanine|Morning Sun|p1b: Arcanine\n|-heal|p1b: Arcanine|55\/100 psn\n|move|p2a: Wo-Chien|Ruination|p1b: Arcanine\n|-damage|p1b: Arcanine|28\/100 psn\n|\n|-damage|p1b: Arcanine|16\/100 psn|[from] Leech Seed|[of] p2a: Wo-Chien\n|-damage|p1b: Arcanine|4\/100 psn|[from] psn\n|upkeep\n|turn|10\n|c|\u2606Master7Melon|NOOOO\n|\n|t:|1682199609\n|move|p1b: Arcanine|Morning Sun|p1b: Arcanine\n|-heal|p1b: Arcanine|53\/100 psn\n|move|p2a: Wo-Chien|Ruination|p1b: Arcanine\n|-damage|p1b: Arcanine|27\/100 psn\n|\n|-damage|p1b: Arcanine|15\/100 psn|[from] Leech Seed|[of] p2a: Wo-Chien\n|-damage|p1b: Arcanine|3\/100 psn|[from] psn\n|upkeep\n|turn|11\n|c|\u2606Master7Melon|I MUST LIVE\n|c|\u2606kiwigal|XD\n|c|\u2606kiwigal|you don't have alot of recovery dude\n|\n|t:|1682199627\n|move|p1b: Arcanine|Morning Sun|p1b: Arcanine\n|-heal|p1b: Arcanine|52\/100 psn\n|move|p2a: Wo-Chien|Ruination|p1b: Arcanine|[miss]\n|-miss|p2a: Wo-Chien|p1b: Arcanine\n|\n|-damage|p1b: Arcanine|40\/100 psn|[from] Leech Seed|[of] p2a: Wo-Chien\n|-damage|p1b: Arcanine|28\/100 psn|[from] psn\n|upkeep\n|turn|12\n|c|\u2606Master7Melon|WHATTTTTT\n|\n|t:|1682199643\n|move|p1b: Arcanine|Morning Sun|p1b: Arcanine\n|-heal|p1b: Arcanine|78\/100 psn\n|move|p2a: Wo-Chien|Ruination|p1b: Arcanine\n|-damage|p1b: Arcanine|39\/100 psn\n|\n|-damage|p1b: Arcanine|27\/100 psn|[from] Leech Seed|[of] p2a: Wo-Chien\n|-damage|p1b: Arcanine|15\/100 psn|[from] psn\n|upkeep\n|turn|13\n|\n|t:|1682199656\n|move|p1b: Arcanine|Morning Sun|p1b: Arcanine\n|-heal|p1b: Arcanine|64\/100 psn\n|move|p2a: Wo-Chien|Ruination|p1b: Arcanine\n|-damage|p1b: Arcanine|32\/100 psn\n|\n|-damage|p1b: Arcanine|20\/100 psn|[from] Leech Seed|[of] p2a: Wo-Chien\n|-damage|p1b: Arcanine|8\/100 psn|[from] psn\n|upkeep\n|turn|14\n|c|\u2606Master7Melon|gg\n|c|\u2606kiwigal|gg\n|c|\u2606Master7Melon|lmao\n|\n|t:|1682199670\n|move|p1b: Arcanine|Morning Sun|p1b: Arcanine\n|-heal|p1b: Arcanine|58\/100 psn\n|move|p2a: Wo-Chien|Ruination|p1b: Arcanine\n|-damage|p1b: Arcanine|29\/100 psn\n|\n|-damage|p1b: Arcanine|17\/100 psn|[from] Leech Seed|[of] p2a: Wo-Chien\n|-damage|p1b: Arcanine|5\/100 psn|[from] psn\n|upkeep\n|turn|15\n|\n|t:|1682199684\n|move|p2a: Wo-Chien|Protect|p2a: Wo-Chien\n|-singleturn|p2a: Wo-Chien|Protect\n|move|p1b: Arcanine|Howl|p1b: Arcanine\n|-boost|p1b: Arcanine|atk|1\n|\n|-damage|p1b: Arcanine|0 fnt|[from] Leech Seed|[of] p2a: Wo-Chien\n|faint|p1b: Arcanine\n|\n|win|kiwigal\n|upkeep\n|raw|Master7Melon's rating: 1214 → 1195<\/strong> (-19 for losing)\n|raw|kiwigal's rating: 1305 → 1320<\/strong> (+15 for winning)\n|l|\u2606Master7Melon\n","uploadtime":1682199701,"views":7,"p1id":"master7melon","p2id":"kiwigal","formatid":"gen9vgc2023regulationc","rating":1195,"private":0,"password":""}