{"id":"gen9vgc2023regulationc-1851739016","p1":"DotCypher","p2":"chipp zanuff 7","format":"[Gen 9] VGC 2023 Regulation C","log":"|j|\u2606DotCypher\n|j|\u2606chipp zanuff 7\n|t:|1682476436\n|gametype|doubles\n|player|p1|DotCypher|caitlin|\n|player|p2|chipp zanuff 7|266|\n|teamsize|p1|6\n|teamsize|p2|6\n|gen|9\n|tier|[Gen 9] VGC 2023 Regulation C\n|rated|Tournament battle\n|rule|Species Clause: Limit one of each Pok\u00e9mon\n|rule|Item Clause: Limit one of each item\n|clearpoke\n|poke|p1|Torkoal, L50, F|\n|poke|p1|Jumpluff, L50, M|\n|poke|p1|Flutter Mane, L50|\n|poke|p1|Great Tusk, L50|\n|poke|p1|Chien-Pao, L50|\n|poke|p1|Kingambit, L50, M|\n|poke|p2|Garganacl, L50, M|\n|poke|p2|Gyarados, L50, F|\n|poke|p2|Amoonguss, L50, M|\n|poke|p2|Ting-Lu, L50|\n|poke|p2|Flutter Mane, L50|\n|poke|p2|Orthworm, L50, F|\n|teampreview|4\n|raw| Open Team Sheet for DotCypher<\/summary>Torkoal @ Eject Pack Ability: Drought Level: 50 Tera Type: Flying - Overheat - Yawn - Helping Hand - Protect Jumpluff @ Covert Cloak Ability: Chlorophyll Level: 50 Tera Type: Water - Leaf Storm - Tailwind - Encore - Sleep Powder Flutter Mane @ Choice Specs Ability: Protosynthesis Level: 50 Tera Type: Water - Moonblast - Dazzling Gleam - Shadow Ball - Thunderbolt Great Tusk @ Choice Scarf Ability: Protosynthesis Level: 50 Hidden Power: Fighting Tera Type: Fire - Earthquake - Headlong Rush - Close Combat - Rock Slide Chien-Pao @ Focus Sash Ability: Sword of Ruin Level: 50 Tera Type: Flying - Ice Spinner - Sucker Punch - Taunt - Protect Kingambit @ Assault Vest Ability: Defiant Level: 50 Tera Type: Flying - Iron Head - Sucker Punch - Kowtow Cleave - Tera Blast <\/details><\/div> Open Team Sheet for chipp zanuff 7<\/summary>Luck (Garganacl) @ Leftovers Ability: Purifying Salt Level: 50 Shiny: Yes Tera Type: Ghost - Salt Cure - Recover - Protect - Stealth Rock Magna (Gyarados) @ Safety Goggles Ability: Intimidate Level: 50 Shiny: Yes Tera Type: Grass - Waterfall - Protect - Taunt - Thunder Wave Finral (Amoonguss) (M) @ Sitrus Berry Ability: Regenerator Level: 50 Tera Type: Fire - Spore - Pollen Puff - Rage Powder - Protect Asta (Ting-Lu) @ Assault Vest Ability: Vessel of Ruin Level: 50 Tera Type: Poison - Stomping Tantrum - Ruination - Throat Chop - Earthquake Vanessa (Flutter Mane) @ Booster Energy Ability: Protosynthesis Level: 50 Tera Type: Fairy - Dazzling Gleam - Protect - Substitute - Hex Yuno (Orthworm) @ Aguav Berry Ability: Earth Eater Level: 50 Tera Type: Water - Iron Defense - Body Press - Shed Tail - Heavy Slam <\/details><\/div>\n|j| bruno the star\n|inactive|Battle timer is ON: inactive players will automatically lose when time's up. (requested by chipp zanuff 7)\n|inactive|DotCypher has 60 seconds left.\n|\n|t:|1682476518\n|start\n|switch|p1a: Chien-Pao|Chien-Pao, L50|100\/100\n|switch|p1b: Kingambit|Kingambit, L50, M|100\/100\n|switch|p2a: Luck|Garganacl, L50, M, shiny|100\/100\n|switch|p2b: Magna|Gyarados, L50, F, shiny|100\/100\n|-ability|p1a: Chien-Pao|Sword of Ruin\n|-ability|p2b: Magna|Intimidate|boost\n|-unboost|p1a: Chien-Pao|atk|1\n|-unboost|p1b: Kingambit|atk|1\n|-ability|p1b: Kingambit|Defiant|boost\n|-boost|p1b: Kingambit|atk|2\n|turn|1\n|\n|t:|1682476538\n|-terastallize|p2a: Luck|Ghost\n|move|p1a: Chien-Pao|Taunt|p2a: Luck\n|-start|p2a: Luck|move: Taunt\n|move|p2b: Magna|Thunder Wave|p1b: Kingambit\n|-status|p1b: Kingambit|par\n|move|p2a: Luck|Salt Cure|p1a: Chien-Pao\n|-supereffective|p1a: Chien-Pao\n|-damage|p1a: Chien-Pao|62\/100\n|-start|p1a: Chien-Pao|Salt Cure\n|cant|p1b: Kingambit|par\n|\n|-damage|p1a: Chien-Pao|50\/100|[from] Salt Cure\n|upkeep\n|turn|2\n|j| KingTerry777\n|\n|t:|1682476555\n|move|p1a: Chien-Pao|Taunt|p2b: Magna\n|-start|p2b: Magna|move: Taunt\n|move|p2b: Magna|Waterfall|p1b: Kingambit\n|-damage|p1b: Kingambit|71\/100 par\n|move|p2a: Luck|Salt Cure|p1b: Kingambit\n|-resisted|p1b: Kingambit\n|-damage|p1b: Kingambit|65\/100 par\n|-start|p1b: Kingambit|Salt Cure\n|cant|p1b: Kingambit|flinch\n|\n|-damage|p1a: Chien-Pao|38\/100|[from] Salt Cure\n|-damage|p1b: Kingambit|40\/100 par|[from] Salt Cure\n|upkeep\n|turn|3\n|l| bruno the star\n|\n|t:|1682476580\n|move|p1a: Chien-Pao|Sucker Punch|p2a: Luck\n|-supereffective|p2a: Luck\n|-damage|p2a: Luck|59\/100\n|move|p1b: Kingambit|Sucker Punch|p2a: Luck\n|-supereffective|p2a: Luck\n|-damage|p2a: Luck|0 fnt\n|faint|p2a: Luck\n|move|p2b: Magna|Waterfall|p1b: Kingambit\n|-damage|p1b: Kingambit|8\/100 par\n|\n|-damage|p1a: Chien-Pao|25\/100|[from] Salt Cure\n|-damage|p1b: Kingambit|0 fnt|[from] Salt Cure\n|faint|p1b: Kingambit\n|upkeep\n|\n|t:|1682476590\n|switch|p1b: Flutter Mane|Flutter Mane, L50|100\/100\n|switch|p2a: Asta|Ting-Lu, L50|100\/100\n|-ability|p2a: Asta|Vessel of Ruin\n|turn|4\n|\n|t:|1682476608\n|switch|p1a: Great Tusk|Great Tusk, L50|100\/100\n|-terastallize|p1b: Flutter Mane|Water\n|move|p1b: Flutter Mane|Thunderbolt|p2b: Magna\n|-supereffective|p2b: Magna\n|-damage|p2b: Magna|0 fnt\n|faint|p2b: Magna\n|move|p2a: Asta|Earthquake|p1a: Great Tusk|[spread] p1a,p1b\n|-damage|p1a: Great Tusk|80\/100\n|-damage|p1b: Flutter Mane|53\/100\n|\n|upkeep\n|\n|t:|1682476614\n|switch|p2b: Vanessa|Flutter Mane, L50|100\/100\n|-enditem|p2b: Vanessa|Booster Energy\n|-activate|p2b: Vanessa|ability: Protosynthesis|[fromitem]\n|-start|p2b: Vanessa|protosynthesisspa\n|turn|5\n|\n|t:|1682476629\n|-end|p1b: Flutter Mane|Protosynthesis|[silent]\n|switch|p1b: Chien-Pao|Chien-Pao, L50|25\/100\n|-ability|p1b: Chien-Pao|Sword of Ruin\n|move|p1a: Great Tusk|Headlong Rush|p2b: Vanessa\n|-damage|p2b: Vanessa|0 fnt\n|-unboost|p1a: Great Tusk|def|1\n|-unboost|p1a: Great Tusk|spd|1\n|faint|p2b: Vanessa\n|-end|p2b: Vanessa|Protosynthesis|[silent]\n|move|p2a: Asta|Stomping Tantrum|p1b: Chien-Pao\n|-damage|p1b: Chien-Pao|0 fnt\n|faint|p1b: Chien-Pao\n|\n|upkeep\n|\n|t:|1682476638\n|switch|p1b: Flutter Mane|Flutter Mane, L50, tera:Water|53\/100\n|turn|6\n|\n|t:|1682476650\n|move|p1a: Great Tusk|Headlong Rush|p2a: Asta\n|-damage|p2a: Asta|73\/100\n|-unboost|p1a: Great Tusk|def|1\n|-unboost|p1a: Great Tusk|spd|1\n|move|p1b: Flutter Mane|Moonblast|p2a: Asta\n|-supereffective|p2a: Asta\n|-damage|p2a: Asta|22\/100\n|-unboost|p2a: Asta|spa|1\n|move|p2a: Asta|Throat Chop|p1b: Flutter Mane\n|-damage|p1b: Flutter Mane|6\/100\n|-start|p1b: Flutter Mane|Throat Chop|[silent]\n|\n|upkeep\n|turn|7\n|\n|t:|1682476661\n|move|p1a: Great Tusk|Headlong Rush|p2a: Asta\n|-damage|p2a: Asta|0 fnt\n|-unboost|p1a: Great Tusk|def|1\n|-unboost|p1a: Great Tusk|spd|1\n|faint|p2a: Asta\n|\n|win|DotCypher\n|n|\u2606DotCypher|dotcypher\n|n|\u2606chipp zanuff 7|chippzanuff7\n|n| KingTerry777|kingterry777\n|l|\u2606chipp zanuff 7\n","uploadtime":1682476667,"views":10,"p1id":"dotcypher","p2id":"chippzanuff7","formatid":"gen9vgc2023regulationc","rating":0,"private":0,"password":""}