{"id":"gen9vgc2023regulationc-1860967329","p1":"modestlytimid","p2":"LegendBtw","format":"[Gen 9] VGC 2023 Regulation C","log":"|j|\u2606modestlytimid\n|j|\u2606LegendBtw\n|t:|1683704959\n|gametype|doubles\n|player|p1|modestlytimid|caitlin|1212\n|player|p2|LegendBtw|red-gen1|1208\n|teamsize|p1|6\n|teamsize|p2|6\n|gen|9\n|tier|[Gen 9] VGC 2023 Regulation C\n|rated|\n|rule|Species Clause: Limit one of each Pok\u00e9mon\n|rule|Item Clause: Limit one of each item\n|clearpoke\n|poke|p1|Flutter Mane, L50|\n|poke|p1|Chi-Yu, L50|\n|poke|p1|Abomasnow, L50, M|\n|poke|p1|Gyarados, L50, F|\n|poke|p1|Great Tusk, L50|\n|poke|p1|Iron Bundle, L50|\n|poke|p2|Tyranitar, L50, F|\n|poke|p2|Lycanroc, L50, F|\n|poke|p2|Dondozo, L50, F|\n|poke|p2|Tatsugiri, L50, M|\n|poke|p2|Armarouge, L50, M|\n|poke|p2|Indeedee-F, L50, F|\n|teampreview|4\n|inactive|Battle timer is ON: inactive players will automatically lose when time's up. (requested by modestlytimid)\n|\n|t:|1683705001\n|start\n|switch|p1a: Gyarados|Gyarados, L50, F|100\/100\n|switch|p1b: Great Tusk|Great Tusk, L50|100\/100\n|switch|p2a: Lycanroc|Lycanroc, L50, F|100\/100\n|switch|p2b: Tyranitar|Tyranitar, L50, F|100\/100\n|-ability|p1a: Gyarados|Intimidate|boost\n|-unboost|p2a: Lycanroc|atk|1\n|-unboost|p2b: Tyranitar|atk|1\n|-weather|Sandstorm|[from] ability: Sand Stream|[of] p2b: Tyranitar\n|turn|1\n|\n|t:|1683705022\n|-terastallize|p1b: Great Tusk|Ground\n|-terastallize|p2b: Tyranitar|Grass\n|move|p1a: Gyarados|Protect|p1a: Gyarados\n|-singleturn|p1a: Gyarados|Protect\n|move|p2a: Lycanroc|Rock Slide|p1a: Gyarados|[spread] \n|-activate|p1a: Gyarados|move: Protect\n|-miss|p2a: Lycanroc|p1b: Great Tusk\n|move|p1b: Great Tusk|Earthquake|p2a: Lycanroc|[spread] p2a,p2b\n|-activate|p1a: Gyarados|move: Protect\n|-supereffective|p2a: Lycanroc\n|-resisted|p2b: Tyranitar\n|-enditem|p2a: Lycanroc|Focus Sash\n|-damage|p2a: Lycanroc|1\/100\n|-damage|p2b: Tyranitar|78\/100\n|move|p2b: Tyranitar|Tera Blast|p1b: Great Tusk\n|-supereffective|p1b: Great Tusk\n|-damage|p1b: Great Tusk|55\/100\n|\n|-weather|Sandstorm|[upkeep]\n|-damage|p1a: Gyarados|95\/100|[from] Sandstorm\n|-damage|p2b: Tyranitar|72\/100|[from] Sandstorm\n|upkeep\n|turn|2\n|inactive|modestlytimid has 30 seconds left.\n|\n|t:|1683705056\n|move|p2a: Lycanroc|Endeavor|p1a: Gyarados\n|-damage|p1a: Gyarados|1\/100\n|-enditem|p1a: Gyarados|Sitrus Berry|[eat]\n|-heal|p1a: Gyarados|26\/100|[from] item: Sitrus Berry\n|move|p1b: Great Tusk|Earthquake|p2b: Tyranitar|[spread] p2a,p2b\n|-immune|p1a: Gyarados\n|-supereffective|p2a: Lycanroc\n|-resisted|p2b: Tyranitar\n|-damage|p2a: Lycanroc|0 fnt\n|-damage|p2b: Tyranitar|48\/100\n|faint|p2a: Lycanroc\n|move|p1a: Gyarados|Thunder Wave|p2b: Tyranitar\n|-status|p2b: Tyranitar|par\n|cant|p2b: Tyranitar|par\n|\n|-weather|Sandstorm|[upkeep]\n|-damage|p1a: Gyarados|20\/100|[from] Sandstorm\n|-damage|p2b: Tyranitar|43\/100 par|[from] Sandstorm\n|upkeep\n|\n|t:|1683705073\n|switch|p2a: Tatsugiri|Tatsugiri, L50, M|100\/100\n|turn|3\n|\n|t:|1683705087\n|move|p2a: Tatsugiri|Muddy Water|p1a: Gyarados|[spread] p1a,p1b\n|-resisted|p1a: Gyarados\n|-supereffective|p1b: Great Tusk\n|-damage|p1a: Gyarados|8\/100\n|-damage|p1b: Great Tusk|0 fnt\n|-unboost|p1a: Gyarados|accuracy|1\n|faint|p1b: Great Tusk\n|-end|p1b: Great Tusk|Protosynthesis|[silent]\n|move|p1a: Gyarados|Thunder Wave|p2a: Tatsugiri\n|-status|p2a: Tatsugiri|par\n|move|p2b: Tyranitar|Tera Blast|p1a: Gyarados\n|-damage|p1a: Gyarados|0 fnt\n|faint|p1a: Gyarados\n|\n|-weather|Sandstorm|[upkeep]\n|-damage|p2a: Tatsugiri|95\/100 par|[from] Sandstorm\n|-damage|p2b: Tyranitar|37\/100 par|[from] Sandstorm\n|upkeep\n|\n|t:|1683705100\n|switch|p1b: Chi-Yu|Chi-Yu, L50|100\/100\n|switch|p1a: Flutter Mane|Flutter Mane, L50|100\/100\n|-ability|p1b: Chi-Yu|Beads of Ruin\n|-enditem|p1a: Flutter Mane|Booster Energy\n|-activate|p1a: Flutter Mane|ability: Protosynthesis|[fromitem]\n|-start|p1a: Flutter Mane|protosynthesisspa\n|turn|4\n|\n|t:|1683705124\n|switch|p2b: Dondozo|Dondozo, L50, F|100\/100\n|-activate|p2a: Tatsugiri|ability: Commander|[of] p2b: Dondozo\n|-boost|p2b: Dondozo|atk|2\n|-boost|p2b: Dondozo|spa|2\n|-boost|p2b: Dondozo|spe|2\n|-boost|p2b: Dondozo|def|2\n|-boost|p2b: Dondozo|spd|2\n|move|p1a: Flutter Mane|Moonblast|p2b: Dondozo\n|-damage|p2b: Dondozo|51\/100\n|move|p1b: Chi-Yu|Dark Pulse|p2b: Dondozo\n|-damage|p2b: Dondozo|20\/100\n|\n|-weather|Sandstorm|[upkeep]\n|-damage|p1a: Flutter Mane|95\/100|[from] Sandstorm\n|-damage|p1b: Chi-Yu|94\/100|[from] Sandstorm\n|-damage|p2a: Tatsugiri|89\/100 par|[from] Sandstorm\n|-damage|p2b: Dondozo|14\/100|[from] Sandstorm\n|-heal|p2b: Dondozo|20\/100|[from] item: Leftovers\n|upkeep\n|turn|5\n|\n|t:|1683705142\n|move|p1a: Flutter Mane|Moonblast|p2b: Dondozo\n|-damage|p2b: Dondozo|0 fnt\n|faint|p2b: Dondozo\n|move|p1b: Chi-Yu|Dark Pulse|p2a: Tatsugiri\n|-damage|p2a: Tatsugiri|7\/100 par\n|\n|-weather|none\n|upkeep\n|\n|t:|1683705144\n|switch|p2b: Tyranitar|Tyranitar, L50, F, tera:Grass|37\/100 par\n|-weather|Sandstorm|[from] ability: Sand Stream|[of] p2b: Tyranitar\n|turn|6\n|\n|t:|1683705156\n|move|p1a: Flutter Mane|Dazzling Gleam|p2a: Tatsugiri|[spread] p2a,p2b\n|-supereffective|p2a: Tatsugiri\n|-damage|p2a: Tatsugiri|0 fnt\n|-damage|p2b: Tyranitar|3\/100 par\n|faint|p2a: Tatsugiri\n|move|p1b: Chi-Yu|Flamethrower|p2b: Tyranitar\n|-supereffective|p2b: Tyranitar\n|-damage|p2b: Tyranitar|0 fnt\n|faint|p2b: Tyranitar\n|\n|win|modestlytimid\n|raw|modestlytimid's rating: 1212 → 1237<\/strong> (+25 for winning)\n|raw|LegendBtw's rating: 1208 → 1183<\/strong> (-25 for losing)\n","uploadtime":1683705161,"views":12,"p1id":"modestlytimid","p2id":"legendbtw","formatid":"gen9vgc2023regulationc","rating":1183,"private":0,"password":""}