{"id":"gen9vgc2023regulationc-1860070111","p1":"Vengeful potato","p2":"PhillyPyers","format":"[Gen 9] VGC 2023 Regulation C","log":"|j|\u2606Vengeful potato\n|j|\u2606PhillyPyers\n|t:|1683591702\n|gametype|doubles\n|player|p1|Vengeful potato|swimmer-gen4|1371\n|player|p2|PhillyPyers|266|1483\n|teamsize|p1|6\n|teamsize|p2|6\n|gen|9\n|tier|[Gen 9] VGC 2023 Regulation C\n|rated|\n|rule|Species Clause: Limit one of each Pok\u00e9mon\n|rule|Item Clause: Limit one of each item\n|clearpoke\n|poke|p1|Dudunsparce-*, L50, M|\n|poke|p1|Hariyama, L50, M|\n|poke|p1|Gengar, L50, F|\n|poke|p1|Corviknight, L50, F|\n|poke|p1|Rotom-Wash, L50|\n|poke|p1|Baxcalibur, L50, F|\n|poke|p2|Flutter Mane, L50|\n|poke|p2|Great Tusk, L50|\n|poke|p2|Dragonite, L50, M|\n|poke|p2|Iron Bundle, L50|\n|poke|p2|Kingambit, L50, M|\n|poke|p2|Abomasnow, L50, F|\n|teampreview|4\n|\n|t:|1683591739\n|start\n|switch|p1a: Double Trouble|Dudunsparce, L50, M|100\/100\n|switch|p1b: THICC|Hariyama, L50, M, shiny|100\/100\n|switch|p2a: Iron Bundle|Iron Bundle, L50|100\/100\n|switch|p2b: Abomasnow|Abomasnow, L50, F|100\/100\n|-weather|Snow|[from] ability: Snow Warning|[of] p2b: Abomasnow\n|turn|1\n|\n|t:|1683591789\n|-end|p2a: Iron Bundle|Quark Drive|[silent]\n|switch|p2a: Kingambit|Kingambit, L50, M|100\/100\n|move|p1b: THICC|Fake Out|p2a: Kingambit\n|-resisted|p2a: Kingambit\n|-damage|p2a: Kingambit|97\/100\n|move|p1a: Double Trouble|Rock Slide|p2b: Abomasnow|[spread] p2a,p2b\n|-resisted|p2a: Kingambit\n|-supereffective|p2b: Abomasnow\n|-damage|p2a: Kingambit|93\/100\n|-damage|p2b: Abomasnow|82\/100\n|cant|p2b: Abomasnow|flinch\n|\n|-weather|Snow|[upkeep]\n|upkeep\n|turn|2\n|\n|t:|1683591820\n|switch|p2b: Iron Bundle|Iron Bundle, L50|100\/100\n|move|p2a: Kingambit|Sucker Punch|p1a: Double Trouble\n|-damage|p1a: Double Trouble|70\/100\n|move|p1a: Double Trouble|Rock Slide|p2a: Kingambit|[spread] \n|-miss|p1a: Double Trouble|p2a: Kingambit\n|-miss|p1a: Double Trouble|p2b: Iron Bundle\n|move|p1b: THICC|Drain Punch|p2b: Iron Bundle\n|-supereffective|p2b: Iron Bundle\n|-damage|p2b: Iron Bundle|44\/100\n|\n|-weather|Snow|[upkeep]\n|upkeep\n|turn|3\n|\n|t:|1683591839\n|move|p2a: Kingambit|Sucker Punch|p1a: Double Trouble\n|-damage|p1a: Double Trouble|40\/100\n|-enditem|p1a: Double Trouble|Sitrus Berry|[eat]\n|-heal|p1a: Double Trouble|65\/100|[from] item: Sitrus Berry\n|move|p2b: Iron Bundle|Blizzard|p1a: Double Trouble|[spread] p1a,p1b\n|-damage|p1a: Double Trouble|0 fnt\n|-damage|p1b: THICC|71\/100\n|faint|p1a: Double Trouble\n|move|p1b: THICC|Drain Punch|p2a: Kingambit\n|-supereffective|p2a: Kingambit\n|-damage|p2a: Kingambit|6\/100\n|-heal|p1b: THICC|100\/100|[from] drain|[of] p2a: Kingambit\n|\n|-weather|Snow|[upkeep]\n|upkeep\n|\n|t:|1683591850\n|switch|p1a: Polished|Corviknight, L50, F, shiny|100\/100\n|turn|4\n|\n|t:|1683591872\n|move|p2b: Iron Bundle|Blizzard|p1a: Polished|[spread] p1a,p1b\n|-damage|p1a: Polished|48\/100\n|-damage|p1b: THICC|73\/100\n|move|p1a: Polished|Brave Bird|p2a: Kingambit\n|-resisted|p2a: Kingambit\n|-damage|p2a: Kingambit|0 fnt\n|faint|p2a: Kingambit\n|-damage|p1a: Polished|46\/100|[from] Recoil\n|move|p1b: THICC|Drain Punch|p2b: Iron Bundle\n|-supereffective|p2b: Iron Bundle\n|-damage|p2b: Iron Bundle|0 fnt\n|-heal|p1b: THICC|86\/100|[from] drain|[of] p2b: Iron Bundle\n|faint|p2b: Iron Bundle\n|-end|p2b: Iron Bundle|Quark Drive|[silent]\n|\n|-weather|Snow|[upkeep]\n|upkeep\n|\n|t:|1683591888\n|switch|p2b: Abomasnow|Abomasnow, L50, F|82\/100\n|switch|p2a: Flutter Mane|Flutter Mane, L50|100\/100\n|-enditem|p2a: Flutter Mane|Booster Energy\n|-activate|p2a: Flutter Mane|ability: Protosynthesis|[fromitem]\n|-start|p2a: Flutter Mane|protosynthesisspe\n|turn|5\n|\n|t:|1683591912\n|-terastallize|p2a: Flutter Mane|Fairy\n|-terastallize|p1b: THICC|Steel\n|move|p1b: THICC|Bullet Punch|p2a: Flutter Mane\n|-supereffective|p2a: Flutter Mane\n|-damage|p2a: Flutter Mane|12\/100\n|move|p2a: Flutter Mane|Shadow Ball|p1a: Polished\n|-damage|p1a: Polished|13\/100\n|-ability|p1a: Polished|Mirror Armor\n|-unboost|p2a: Flutter Mane|spd|1\n|move|p1a: Polished|Iron Head|p2b: Abomasnow\n|-supereffective|p2b: Abomasnow\n|-damage|p2b: Abomasnow|44\/100\n|move|p2b: Abomasnow|Aurora Veil|p2b: Abomasnow\n|-sidestart|p2: PhillyPyers|move: Aurora Veil\n|\n|-weather|none\n|upkeep\n|turn|6\n|\n|t:|1683591933\n|move|p2a: Flutter Mane|Protect|p2a: Flutter Mane\n|-singleturn|p2a: Flutter Mane|Protect\n|move|p1b: THICC|Bullet Punch|p2b: Abomasnow\n|-supereffective|p2b: Abomasnow\n|-damage|p2b: Abomasnow|13\/100\n|move|p1a: Polished|Iron Head|p2b: Abomasnow\n|-supereffective|p2b: Abomasnow\n|-damage|p2b: Abomasnow|0 fnt\n|faint|p2b: Abomasnow\n|\n|upkeep\n|turn|7\n|c|\u2606Vengeful potato|Ggs\n|-message|PhillyPyers forfeited.\n|\n|win|Vengeful potato\n|raw|Vengeful potato's rating: 1371 → 1397<\/strong> (+26 for winning)\n|raw|PhillyPyers's rating: 1483 → 1457<\/strong> (-26 for losing)\n|l|\u2606PhillyPyers\n","uploadtime":1683591952,"views":9,"p1id":"vengefulpotato","p2id":"phillypyers","formatid":"gen9vgc2023regulationc","rating":1397,"private":0,"password":""}