{"id":"gen9vgc2023regulationc-1849834849","p1":"Ciemmelle","p2":"ChiShuPian de GuLi","format":"[Gen 9] VGC 2023 Regulation C","log":"|j|\u2606Ciemmelle\n|j|\u2606ChiShuPian de GuLi\n|t:|1682258543\n|gametype|doubles\n|player|p1|Ciemmelle|musician|\n|player|p2|ChiShuPian de GuLi|penny|\n|teamsize|p1|6\n|teamsize|p2|6\n|gen|9\n|tier|[Gen 9] VGC 2023 Regulation C\n|rule|Species Clause: Limit one of each Pok\u00e9mon\n|rule|Item Clause: Limit one of each item\n|clearpoke\n|poke|p1|Iron Hands, L50|\n|poke|p1|Gyarados, L50, M|\n|poke|p1|Garchomp, L50, M|\n|poke|p1|Flutter Mane, L50|\n|poke|p1|Amoonguss, L50, F|\n|poke|p1|Chi-Yu, L50|\n|poke|p2|Chi-Yu, L50|\n|poke|p2|Flutter Mane, L50|\n|poke|p2|Roaring Moon, L50|\n|poke|p2|Corviknight, L50, M|\n|poke|p2|Klefki, L50, F|\n|poke|p2|Garchomp, L50, M|\n|teampreview|4\n|c|\u2606Ciemmelle|g2\nChiShuPian de GuLi has agreed to open team sheets.\nCiemmelle has agreed to open team sheets.\n|c|\u2606ChiShuPian de GuLi|g2\n|c|\u2606ChiShuPian de GuLi|\/log ChiShuPian de GuLi made this room public.\n|j| MSI2023\n|j|+Eeveon7 \u2764\ufe0f\n|j| JMOdri\n|j| templevgc\n|j| toilet friend\n|c|\u2606Ciemmelle|glhf\n|j| rkd272\n|j| Svenvgc\n|j| Aldrich\n|j| Tito Sprigs\n|j| FrostVG\n|j| Pasta e parmigiano\n|c|\u2606ChiShuPian de GuLi|you too\n|j| Chongjun\n|j| DisneyLando\n|l| rkd272\n|j| rkd272\n|j| TabuVGC\n|\n|t:|1682259445\n|start\n|switch|p1a: Garchomp|Garchomp, L50, M|100\/100\n|switch|p1b: Gyarados|Gyarados, L50, M, shiny|100\/100\n|switch|p2a: Klefki|Klefki, L50, F|100\/100\n|switch|p2b: Corviknight|Corviknight, L50, M|100\/100\n|-ability|p1b: Gyarados|Intimidate|boost\n|-unboost|p2a: Klefki|atk|1\n|-ability|p2b: Corviknight|Mirror Armor\n|-unboost|p1b: Gyarados|atk|1\n|turn|1\n|l| Pasta e parmigiano\n|\n|t:|1682259472\n|switch|p1a: Chi-Yu|Chi-Yu, L50|100\/100\n|-ability|p1a: Chi-Yu|Beads of Ruin\n|move|p2a: Klefki|Thunder Wave|p1b: Gyarados\n|-status|p1b: Gyarados|par\n|move|p2b: Corviknight|Bulk Up|p2b: Corviknight\n|-boost|p2b: Corviknight|atk|1\n|-boost|p2b: Corviknight|def|1\n|cant|p1b: Gyarados|par\n|\n|upkeep\n|turn|2\n|j| skoda fabia scam\n|j| Demantoid\n|c| Aldrich|Demantoid\n|\n|t:|1682259539\n|move|p1a: Chi-Yu|Protect|p1a: Chi-Yu\n|-singleturn|p1a: Chi-Yu|Protect\n|move|p2a: Klefki|Light Screen|p2a: Klefki\n|-sidestart|p2: ChiShuPian de GuLi|move: Light Screen\n|move|p2b: Corviknight|Body Press|p1a: Chi-Yu\n|-activate|p1a: Chi-Yu|move: Protect\n|move|p1b: Gyarados|Thunder Wave|p2b: Corviknight\n|-status|p2b: Corviknight|par\n|\n|upkeep\n|turn|3\n|c| Demantoid|mish\n|j| JEEGROBOTZYGARDE\n|\n|t:|1682259597\n|switch|p1b: Garchomp|Garchomp, L50, M|100\/100\n|move|p1a: Chi-Yu|Heat Wave|p2a: Klefki|[spread] p2a,p2b\n|-supereffective|p2a: Klefki\n|-supereffective|p2b: Corviknight\n|-damage|p2a: Klefki|46\/100\n|-damage|p2b: Corviknight|53\/100 par\n|-status|p2a: Klefki|brn\n|move|p2a: Klefki|Dazzling Gleam|p1a: Chi-Yu|[spread] p1a,p1b\n|-supereffective|p1b: Garchomp\n|-damage|p1a: Chi-Yu|83\/100\n|-damage|p1b: Garchomp|51\/100\n|cant|p2b: Corviknight|par\n|\n|-damage|p2a: Klefki|40\/100 brn|[from] brn\n|upkeep\n|turn|4\n|j| duckpond\n|\n|t:|1682259634\n|move|p2a: Klefki|Reflect|p2a: Klefki\n|-sidestart|p2: ChiShuPian de GuLi|Reflect\n|move|p1b: Garchomp|Rock Slide|p2b: Corviknight|[spread] p2a,p2b\n|-resisted|p2a: Klefki\n|-crit|p2a: Klefki\n|-damage|p2a: Klefki|25\/100 brn\n|-damage|p2b: Corviknight|46\/100 par\n|move|p1a: Chi-Yu|Heat Wave|p2b: Corviknight|[spread] p2a\n|-miss|p1a: Chi-Yu|p2b: Corviknight\n|-supereffective|p2a: Klefki\n|-damage|p2a: Klefki|0 fnt\n|faint|p2a: Klefki\n|move|p2b: Corviknight|Body Press|p1a: Chi-Yu\n|-supereffective|p1a: Chi-Yu\n|-damage|p1a: Chi-Yu|7\/100\n|\n|upkeep\n|j| baaaaat_\n|c| skoda fabia scam|outplayed\n|j| pokeway96\n|\n|t:|1682259677\n|switch|p2a: Garchomp|Garchomp, L50, M|100\/100\n|turn|5\n|\n|t:|1682259711\n|switch|p1a: Gyarados|Gyarados, L50, M, shiny|100\/100 par\n|-ability|p1a: Gyarados|Intimidate|boost\n|-unboost|p2a: Garchomp|atk|1\n|-ability|p2b: Corviknight|Mirror Armor\n|-unboost|p1a: Gyarados|atk|1\n|move|p2a: Garchomp|Rock Slide|p1b: Garchomp|[spread] p1a\n|-miss|p2a: Garchomp|p1b: Garchomp\n|-supereffective|p1a: Gyarados\n|-damage|p1a: Gyarados|75\/100 par\n|move|p1b: Garchomp|Rock Slide|p2b: Corviknight|[spread] p2a,p2b\n|-resisted|p2a: Garchomp\n|-damage|p2a: Garchomp|93\/100\n|-damage|p2b: Corviknight|38\/100 par\n|move|p2b: Corviknight|Roost|p2b: Corviknight\n|-heal|p2b: Corviknight|88\/100 par\n|-singleturn|p2b: Corviknight|move: Roost\n|\n|-heal|p1a: Gyarados|81\/100 par|[from] item: Leftovers\n|upkeep\n|turn|6\n|\n|t:|1682259740\n|move|p2a: Garchomp|Rock Slide|p1b: Garchomp|[spread] p1a,p1b\n|-supereffective|p1a: Gyarados\n|-resisted|p1b: Garchomp\n|-damage|p1a: Gyarados|56\/100 par\n|-damage|p1b: Garchomp|44\/100\n|move|p1b: Garchomp|Rock Slide|p2b: Corviknight|[spread] p2a,p2b\n|-resisted|p2a: Garchomp\n|-damage|p2a: Garchomp|86\/100\n|-damage|p2b: Corviknight|80\/100 par\n|move|p1a: Gyarados|Taunt|p2b: Corviknight\n|-start|p2b: Corviknight|move: Taunt\n|move|p2b: Corviknight|Brave Bird|p1b: Garchomp\n|-damage|p1b: Garchomp|0 fnt\n|-damage|p2b: Corviknight|68\/100 par|[from] ability: Rough Skin|[of] p1b: Garchomp\n|faint|p1b: Garchomp\n|-damage|p2b: Corviknight|56\/100 par|[from] Recoil\n|\n|-heal|p1a: Gyarados|62\/100 par|[from] item: Leftovers\n|upkeep\n|\n|t:|1682259758\n|switch|p1b: Flutter Mane|Flutter Mane, L50|100\/100\n|-enditem|p1b: Flutter Mane|Booster Energy\n|-activate|p1b: Flutter Mane|ability: Protosynthesis|[fromitem]\n|-start|p1b: Flutter Mane|protosynthesisspa\n|turn|7\n|l| TabuVGC\n|j| TabuVGC\n|\n|t:|1682259784\n|move|p1a: Gyarados|Protect|p1a: Gyarados\n|-singleturn|p1a: Gyarados|Protect\n|move|p2a: Garchomp|Rock Slide|p1b: Flutter Mane|[spread] p1b\n|-activate|p1a: Gyarados|move: Protect\n|-damage|p1b: Flutter Mane|75\/100\n|move|p1b: Flutter Mane|Hex|p2b: Corviknight\n|-damage|p2b: Corviknight|4\/100 par\n|move|p2b: Corviknight|Brave Bird|p1b: Flutter Mane\n|-damage|p1b: Flutter Mane|0 fnt\n|faint|p1b: Flutter Mane\n|-end|p1b: Flutter Mane|Protosynthesis|[silent]\n|-damage|p2b: Corviknight|0 fnt|[from] Recoil\n|faint|p2b: Corviknight\n|\n|-heal|p1a: Gyarados|68\/100 par|[from] item: Leftovers\n|upkeep\n|j| rollacostavgc\n|\n|t:|1682259799\n|switch|p1b: Chi-Yu|Chi-Yu, L50|7\/100\n|switch|p2b: Flutter Mane|Flutter Mane, L50|100\/100\n|-ability|p1b: Chi-Yu|Beads of Ruin\n|turn|8\n|\n|t:|1682259810\n|-terastallize|p2b: Flutter Mane|Fairy\n|-terastallize|p1a: Gyarados|Poison\n|move|p1b: Chi-Yu|Protect|p1b: Chi-Yu\n|-singleturn|p1b: Chi-Yu|Protect\n|move|p2a: Garchomp|Rock Slide|p1b: Chi-Yu|[spread] p1a\n|-activate|p1b: Chi-Yu|move: Protect\n|-damage|p1a: Gyarados|55\/100 par\n|move|p2b: Flutter Mane|Dazzling Gleam|p1b: Chi-Yu|[spread] p1a\n|-activate|p1b: Chi-Yu|move: Protect\n|-resisted|p1a: Gyarados\n|-damage|p1a: Gyarados|22\/100 par\n|move|p1a: Gyarados|Thunder Wave|p2b: Flutter Mane\n|-status|p2b: Flutter Mane|par\n|\n|-heal|p1a: Gyarados|29\/100 par|[from] item: Leftovers\n|upkeep\n|turn|9\n|l| DisneyLando\n|j| TamtamNi\n|l| FrostVG\n|l|+Eeveon7 \u2764\ufe0f\n|l| rkd272\n|\n|t:|1682259831\n|move|p2a: Garchomp|Rock Slide|p1a: Gyarados|[spread] p1a,p1b\n|-supereffective|p1b: Chi-Yu\n|-damage|p1a: Gyarados|15\/100 par\n|-damage|p1b: Chi-Yu|0 fnt\n|faint|p1b: Chi-Yu\n|move|p2b: Flutter Mane|Dazzling Gleam|p1a: Gyarados\n|-resisted|p1a: Gyarados\n|-damage|p1a: Gyarados|0 fnt\n|faint|p1a: Gyarados\n|\n|win|ChiShuPian de GuLi\n|j| rkd272\n|c|\u2606Ciemmelle|ggwp\n|l|\u2606Ciemmelle\n|c|\u2606ChiShuPian de GuLi|gg\n|l| rollacostavgc\n|l| rkd272\n|l| pokeway96\n|l| JMOdri\n|l| Tito Sprigs\n|c|\u2606ChiShuPian de GuLi|winner of the hax game\n|l| baaaaat_\n|l| skoda fabia scam\n|l| Demantoid\n|l| toilet friend\n|l| TabuVGC\n|l| Chongjun\n|j| toilet friend\n|l| toilet friend\n|l| Aldrich\n|l| Svenvgc\n","uploadtime":1682259951,"views":24,"p1id":"ciemmelle","p2id":"chishupiandeguli","formatid":"gen9vgc2023regulationc","rating":0,"private":0,"password":""}