{"id":"gen9vgc2023regulationc-1860665961","p1":"Destiny03","p2":"duff72","format":"[Gen 9] VGC 2023 Regulation C","log":"|j|\u2606Destiny03\n|j|\u2606duff72\n|t:|1683664079\n|gametype|doubles\n|player|p1|Destiny03|cynthia|1042\n|player|p2|duff72|266|1045\n|teamsize|p1|6\n|teamsize|p2|6\n|gen|9\n|tier|[Gen 9] VGC 2023 Regulation C\n|rated|\n|rule|Species Clause: Limit one of each Pok\u00e9mon\n|rule|Item Clause: Limit one of each item\n|clearpoke\n|poke|p1|Dachsbun, L50, F|\n|poke|p1|Azumarill, L50, F|\n|poke|p1|Mimikyu, L50, F|\n|poke|p1|Sylveon, L50, M|\n|poke|p1|Iron Valiant, L50|\n|poke|p1|Gardevoir, L50, M|\n|poke|p2|Abomasnow, L50, M|\n|poke|p2|Persian, L50, F|\n|poke|p2|Kricketune, L50, F|\n|poke|p2|Orthworm, L50, F|\n|poke|p2|Talonflame, L50, M|\n|poke|p2|Jigglypuff, L50, M|\n|teampreview|4\n|j| venomania\n|\n|t:|1683664110\n|start\n|switch|p1a: Dachsbun|Dachsbun, L50, F|100\/100\n|switch|p1b: Iron Valiant|Iron Valiant, L50|100\/100\n|switch|p2a: Persian|Persian, L50, F|100\/100\n|switch|p2b: Orthworm|Orthworm, L50, F|100\/100\n|turn|1\n|\n|t:|1683664133\n|move|p2a: Persian|Fake Out|p1b: Iron Valiant\n|-damage|p1b: Iron Valiant|85\/100\n|cant|p1b: Iron Valiant|flinch\n|move|p1a: Dachsbun|Yawn|p2a: Persian\n|-start|p2a: Persian|move: Yawn|[of] p1a: Dachsbun\n|move|p2b: Orthworm|Heavy Slam|p1a: Dachsbun\n|-supereffective|p1a: Dachsbun\n|-damage|p1a: Dachsbun|45\/100\n|\n|-heal|p1a: Dachsbun|51\/100|[from] item: Leftovers\n|upkeep\n|turn|2\n|\n|t:|1683664152\n|switch|p2a: Jigglypuff|Jigglypuff, L50, M|100\/100\n|move|p1a: Dachsbun|Protect|p1a: Dachsbun\n|-singleturn|p1a: Dachsbun|Protect\n|move|p1b: Iron Valiant|Close Combat|p2b: Orthworm\n|-supereffective|p2b: Orthworm\n|-damage|p2b: Orthworm|50\/100\n|-unboost|p1b: Iron Valiant|def|1\n|-unboost|p1b: Iron Valiant|spd|1\n|-enditem|p2b: Orthworm|Sitrus Berry|[eat]\n|-heal|p2b: Orthworm|75\/100|[from] item: Sitrus Berry\n|move|p2b: Orthworm|Shed Tail|p2b: Orthworm\n|-start|p2b: Orthworm|Substitute|[from] move: Shed Tail\n|-damage|p2b: Orthworm|24\/100\n|\n|t:|1683664165\n|switch|p2b: Kricketune|Kricketune, L50, F|100\/100|[from] Shed Tail\n|\n|-heal|p1a: Dachsbun|58\/100|[from] item: Leftovers\n|upkeep\n|turn|3\n|\n|t:|1683664181\n|move|p1b: Iron Valiant|Close Combat|p2b: Kricketune\n|-resisted|p2b: Kricketune\n|-end|p2b: Kricketune|Substitute\n|-unboost|p1b: Iron Valiant|def|1\n|-unboost|p1b: Iron Valiant|spd|1\n|move|p1a: Dachsbun|Wish|p1a: Dachsbun\n|move|p2b: Kricketune|Trailblaze|p1b: Iron Valiant\n|-damage|p1b: Iron Valiant|38\/100\n|-boost|p2b: Kricketune|spe|1\n|move|p2a: Jigglypuff|Gyro Ball|p1b: Iron Valiant\n|-supereffective|p1b: Iron Valiant\n|-damage|p1b: Iron Valiant|0 fnt\n|faint|p1b: Iron Valiant\n|-end|p1b: Iron Valiant|Quark Drive|[silent]\n|\n|-heal|p1a: Dachsbun|64\/100|[from] item: Leftovers\n|upkeep\n|\n|t:|1683664200\n|switch|p1b: Sylveon|Sylveon, L50, M|100\/100\n|turn|4\n|\n|t:|1683664226\n|move|p1b: Sylveon|Protect|p1b: Sylveon\n|-singleturn|p1b: Sylveon|Protect\n|move|p2b: Kricketune|Fell Stinger|p1b: Sylveon\n|-activate|p1b: Sylveon|move: Protect\n|move|p1a: Dachsbun|Yawn|p2a: Jigglypuff\n|-start|p2a: Jigglypuff|move: Yawn|[of] p1a: Dachsbun\n|move|p2a: Jigglypuff|Gyro Ball|p1b: Sylveon\n|-activate|p1b: Sylveon|move: Protect\n|\n|-heal|p1a: Dachsbun|100\/100|[from] move: Wish|[wisher] Dachsbun\n|upkeep\n|turn|5\n|\n|t:|1683664245\n|switch|p2a: Persian|Persian, L50, F|100\/100\n|move|p2b: Kricketune|Fell Stinger|p1b: Sylveon\n|-resisted|p1b: Sylveon\n|-damage|p1b: Sylveon|78\/100\n|move|p1a: Dachsbun|Yawn|p2b: Kricketune\n|-start|p2b: Kricketune|move: Yawn|[of] p1a: Dachsbun\n|move|p1b: Sylveon|Hyper Voice|p2a: Persian|[spread] p2a,p2b\n|-damage|p2a: Persian|27\/100\n|-damage|p2b: Kricketune|60\/100\n|-enditem|p1b: Sylveon|Throat Spray\n|-boost|p1b: Sylveon|spa|1|[from] item: Throat Spray\n|\n|upkeep\n|turn|6\n|\n|t:|1683664270\n|move|p1b: Sylveon|Protect|p1b: Sylveon\n|-singleturn|p1b: Sylveon|Protect\n|move|p2a: Persian|Fake Out|p1b: Sylveon\n|-activate|p1b: Sylveon|move: Protect\n|move|p2b: Kricketune|Leech Life|p1b: Sylveon\n|-activate|p1b: Sylveon|move: Protect\n|move|p1a: Dachsbun|Yawn|p2a: Persian\n|-start|p2a: Persian|move: Yawn|[of] p1a: Dachsbun\n|\n|-end|p2b: Kricketune|move: Yawn|[silent]\n|-status|p2b: Kricketune|slp\n|upkeep\n|turn|7\n|\n|t:|1683664300\n|switch|p2a: Orthworm|Orthworm, L50, F|24\/100\n|move|p1b: Sylveon|Quick Attack|p2a: Orthworm\n|-resisted|p2a: Orthworm\n|-damage|p2a: Orthworm|21\/100\n|cant|p2b: Kricketune|slp\n|move|p1a: Dachsbun|Body Press|p2a: Orthworm\n|-supereffective|p2a: Orthworm\n|-damage|p2a: Orthworm|0 fnt\n|faint|p2a: Orthworm\n|\n|upkeep\n|\n|t:|1683664310\n|switch|p2a: Persian|Persian, L50, F|27\/100\n|turn|8\n|\n|t:|1683664319\n|move|p1b: Sylveon|Protect|p1b: Sylveon\n|-singleturn|p1b: Sylveon|Protect\n|move|p2a: Persian|Fake Out|p1a: Dachsbun\n|-damage|p1a: Dachsbun|89\/100\n|cant|p2b: Kricketune|slp\n|cant|p1a: Dachsbun|flinch\n|\n|-heal|p1a: Dachsbun|95\/100|[from] item: Leftovers\n|upkeep\n|turn|9\n|\n|t:|1683664335\n|move|p2a: Persian|Snarl|p1b: Sylveon|[spread] p1a,p1b\n|-resisted|p1a: Dachsbun\n|-resisted|p1b: Sylveon\n|-damage|p1a: Dachsbun|87\/100\n|-damage|p1b: Sylveon|72\/100\n|-unboost|p1a: Dachsbun|spa|1\n|-unboost|p1b: Sylveon|spa|1\n|cant|p2b: Kricketune|slp\n|move|p1a: Dachsbun|Wish|p1a: Dachsbun\n|move|p1b: Sylveon|Hyper Voice|p2b: Kricketune|[spread] p2a,p2b\n|-damage|p2a: Persian|0 fnt\n|-damage|p2b: Kricketune|15\/100 slp\n|faint|p2a: Persian\n|\n|-heal|p1a: Dachsbun|93\/100|[from] item: Leftovers\n|upkeep\n|\n|t:|1683664347\n|switch|p2a: Jigglypuff|Jigglypuff, L50, M|100\/100\n|turn|10\n|\n|t:|1683664357\n|move|p1b: Sylveon|Quick Attack|p2b: Kricketune\n|-damage|p2b: Kricketune|2\/100 slp\n|-curestatus|p2b: Kricketune|slp|[msg]\n|move|p2b: Kricketune|Leech Life|p1b: Sylveon\n|-resisted|p1b: Sylveon\n|-damage|p1b: Sylveon|50\/100\n|-heal|p2b: Kricketune|14\/100|[from] drain|[of] p1b: Sylveon\n|move|p1a: Dachsbun|Yawn|p2a: Jigglypuff\n|-start|p2a: Jigglypuff|move: Yawn|[of] p1a: Dachsbun\n|move|p2a: Jigglypuff|Heal Pulse|p2b: Kricketune\n|-heal|p2b: Kricketune|64\/100\n|\n|-heal|p1a: Dachsbun|100\/100|[from] move: Wish|[wisher] Dachsbun\n|upkeep\n|turn|11\n|\n|t:|1683664383\n|move|p2b: Kricketune|Leech Life|p1a: Dachsbun\n|-resisted|p1a: Dachsbun\n|-crit|p1a: Dachsbun\n|-damage|p1a: Dachsbun|77\/100\n|-heal|p2b: Kricketune|75\/100|[from] drain|[of] p1a: Dachsbun\n|move|p1a: Dachsbun|Yawn|p2b: Kricketune\n|-start|p2b: Kricketune|move: Yawn|[of] p1a: Dachsbun\n|move|p1b: Sylveon|Hyper Voice|p2b: Kricketune|[spread] p2a,p2b\n|-damage|p2a: Jigglypuff|69\/100\n|-damage|p2b: Kricketune|41\/100\n|move|p2a: Jigglypuff|Gyro Ball|p1b: Sylveon\n|-supereffective|p1b: Sylveon\n|-damage|p1b: Sylveon|18\/100\n|\n|-heal|p1a: Dachsbun|83\/100|[from] item: Leftovers\n|-end|p2a: Jigglypuff|move: Yawn|[silent]\n|-status|p2a: Jigglypuff|slp\n|upkeep\n|turn|12\n|\n|t:|1683664407\n|move|p1b: Sylveon|Protect|p1b: Sylveon\n|-singleturn|p1b: Sylveon|Protect\n|move|p2b: Kricketune|Fell Stinger|p1b: Sylveon\n|-activate|p1b: Sylveon|move: Protect\n|move|p1a: Dachsbun|Body Press|p2b: Kricketune\n|-resisted|p2b: Kricketune\n|-damage|p2b: Kricketune|27\/100\n|cant|p2a: Jigglypuff|slp\n|\n|-heal|p1a: Dachsbun|89\/100|[from] item: Leftovers\n|-end|p2b: Kricketune|move: Yawn|[silent]\n|-status|p2b: Kricketune|slp\n|upkeep\n|turn|13\n|\n|t:|1683664425\n|cant|p2b: Kricketune|slp\n|move|p1a: Dachsbun|Body Press|p2a: Jigglypuff\n|-damage|p2a: Jigglypuff|25\/100 slp\n|move|p1b: Sylveon|Hyper Voice|p2a: Jigglypuff|[spread] p2a,p2b\n|-damage|p2a: Jigglypuff|0 fnt\n|-damage|p2b: Kricketune|0 fnt\n|faint|p2a: Jigglypuff\n|faint|p2b: Kricketune\n|\n|win|Destiny03\n|raw|Destiny03's rating: 1042 → 1076<\/strong> (+34 for winning)\n|raw|duff72's rating: 1045 → 1028<\/strong> (-17 for losing)\n|l|\u2606duff72\n","uploadtime":1683664437,"views":6,"p1id":"destiny03","p2id":"duff72","formatid":"gen9vgc2023regulationc","rating":1028,"private":0,"password":""}