{"id":"gen9vgc2023regulationc-1852400683","p1":"anshar_training","p2":"AccidentalHipster","format":"[Gen 9] VGC 2023 Regulation C","log":"|j|\u2606anshar_training\n|j|\u2606AccidentalHipster\n|t:|1682553002\n|gametype|doubles\n|player|p1|anshar_training|colress|1079\n|player|p2|AccidentalHipster|nurseryaide|1000\n|teamsize|p1|6\n|teamsize|p2|6\n|gen|9\n|tier|[Gen 9] VGC 2023 Regulation C\n|rated|\n|rule|Species Clause: Limit one of each Pok\u00e9mon\n|rule|Item Clause: Limit one of each item\n|clearpoke\n|poke|p1|Palafin, L50, F|\n|poke|p1|Flutter Mane, L50|\n|poke|p1|Arcanine, L50, F|\n|poke|p1|Amoonguss, L50, F|\n|poke|p1|Ting-Lu, L50|\n|poke|p1|Roaring Moon, L50|\n|poke|p2|Maushold-Four, L50|\n|poke|p2|Gastrodon, L50, F|\n|poke|p2|Chien-Pao, L50|\n|poke|p2|Annihilape, L50, F|\n|poke|p2|Iron Valiant, L50|\n|poke|p2|Dragonite, L50, F|\n|teampreview|4\nAccidentalHipster has agreed to open team sheets.\n|\n|t:|1682553043\n|start\n|switch|p1a: Susy|Amoonguss, L50, F|100\/100\n|switch|p1b: Cornelia|Flutter Mane, L50|100\/100\n|switch|p2a: Dragonite|Dragonite, L50, F|100\/100\n|switch|p2b: Maushold|Maushold-Four, L50|100\/100\n|turn|1\n|\n|t:|1682553074\n|-terastallize|p2a: Dragonite|Normal\n|move|p2b: Maushold|Protect|p2b: Maushold\n|-singleturn|p2b: Maushold|Protect\n|move|p1a: Susy|Protect|p1a: Susy\n|-singleturn|p1a: Susy|Protect\n|move|p1b: Cornelia|Thunderbolt|p2a: Dragonite\n|-damage|p2a: Dragonite|75\/100\n|move|p2a: Dragonite|Rock Slide|p1b: Cornelia|[spread] p1b\n|-activate|p1a: Susy|move: Protect\n|-damage|p1b: Cornelia|69\/100\n|\n|upkeep\n|turn|2\n|\n|t:|1682553107\n|move|p2b: Maushold|Follow Me|p2b: Maushold\n|-singleturn|p2b: Maushold|move: Follow Me\n|move|p1b: Cornelia|Thunderbolt|p2b: Maushold\n|-damage|p2b: Maushold|45\/100\n|move|p2a: Dragonite|Ice Spinner|p1a: Susy\n|-supereffective|p1a: Susy\n|-damage|p1a: Susy|57\/100\n|move|p1a: Susy|Spore|p2b: Maushold\n|-activate|p2b: Maushold|item: Safety Goggles|Spore\n|\n|upkeep\n|turn|3\n|\n|t:|1682553136\n|move|p1a: Susy|Protect|p1a: Susy\n|-singleturn|p1a: Susy|Protect\n|move|p2b: Maushold|Follow Me|p2b: Maushold\n|-singleturn|p2b: Maushold|move: Follow Me\n|move|p1b: Cornelia|Thunderbolt|p2b: Maushold\n|-damage|p2b: Maushold|0 fnt\n|faint|p2b: Maushold\n|move|p2a: Dragonite|Rock Slide|p1a: Susy|[spread] p1b\n|-activate|p1a: Susy|move: Protect\n|-damage|p1b: Cornelia|37\/100\n|\n|upkeep\n|\n|t:|1682553151\n|switch|p2b: Annihilape|Annihilape, L50, F|100\/100\n|turn|4\n|\n|t:|1682553169\n|-end|p1b: Cornelia|Protosynthesis|[silent]\n|switch|p1b: Good Soup|Ting-Lu, L50|100\/100\n|-ability|p1b: Good Soup|Vessel of Ruin\n|move|p2a: Dragonite|Extreme Speed|p1a: Susy\n|-damage|p1a: Susy|22\/100\n|-enditem|p1a: Susy|Sitrus Berry|[eat]\n|-heal|p1a: Susy|47\/100|[from] item: Sitrus Berry\n|move|p2b: Annihilape|Rage Fist|p1b: Good Soup\n|-resisted|p1b: Good Soup\n|-crit|p1b: Good Soup\n|-damage|p1b: Good Soup|91\/100\n|move|p1a: Susy|Spore|p2b: Annihilape\n|-immune|p2b: Annihilape|[from] ability: Vital Spirit\n|\n|upkeep\n|turn|5\n|\n|t:|1682553223\n|move|p2a: Dragonite|Extreme Speed|p1a: Susy\n|-damage|p1a: Susy|14\/100\n|move|p2b: Annihilape|Drain Punch|p1a: Susy\n|-resisted|p1a: Susy\n|-damage|p1a: Susy|0 fnt\n|faint|p1a: Susy\n|move|p1b: Good Soup|Stomping Tantrum|p2a: Dragonite\n|-damage|p2a: Dragonite|36\/100\n|\n|upkeep\n|\n|t:|1682553233\n|switch|p1a: Apolo|Arcanine, L50, F|100\/100\n|-ability|p1a: Apolo|Intimidate|boost\n|-fail|p2a: Dragonite|unboost|Attack|[from] ability: Inner Focus|[of] p2a: Dragonite\n|-unboost|p2b: Annihilape|atk|1\n|turn|6\n|\n|t:|1682553251\n|move|p2a: Dragonite|Extreme Speed|p1a: Apolo\n|-damage|p1a: Apolo|56\/100\n|move|p2b: Annihilape|Drain Punch|p1b: Good Soup\n|-supereffective|p1b: Good Soup\n|-damage|p1b: Good Soup|63\/100\n|move|p1a: Apolo|Will-O-Wisp|p2b: Annihilape\n|-status|p2b: Annihilape|brn\n|move|p1b: Good Soup|Stomping Tantrum|p2a: Dragonite\n|-damage|p2a: Dragonite|0 fnt\n|faint|p2a: Dragonite\n|\n|-damage|p2b: Annihilape|95\/100 brn|[from] brn\n|upkeep\n|\n|t:|1682553268\n|switch|p2a: Gastrodon|Gastrodon, L50, F|100\/100\n|turn|7\n|\n|t:|1682553309\n|move|p1a: Apolo|Extreme Speed|p2a: Gastrodon\n|-damage|p2a: Gastrodon|74\/100\n|move|p2b: Annihilape|Encore|p1a: Apolo\n|-start|p1a: Apolo|Encore\n|move|p1b: Good Soup|Stomping Tantrum|p2a: Gastrodon\n|-damage|p2a: Gastrodon|39\/100\n|move|p2a: Gastrodon|Ice Beam|p1b: Good Soup\n|-supereffective|p1b: Good Soup\n|-damage|p1b: Good Soup|42\/100\n|\n|-damage|p2b: Annihilape|89\/100 brn|[from] brn\n|upkeep\n|turn|8\n|\n|t:|1682553328\n|move|p2a: Gastrodon|Protect|p2a: Gastrodon\n|-singleturn|p2a: Gastrodon|Protect\n|move|p1a: Apolo|Extreme Speed|p2a: Gastrodon\n|-activate|p2a: Gastrodon|move: Protect\n|move|p2b: Annihilape|Drain Punch|p1b: Good Soup\n|-supereffective|p1b: Good Soup\n|-damage|p1b: Good Soup|28\/100\n|-heal|p2b: Annihilape|98\/100 brn|[from] drain|[of] p1b: Good Soup\n|move|p1b: Good Soup|Stomping Tantrum|p2a: Gastrodon\n|-activate|p2a: Gastrodon|move: Protect\n|\n|-damage|p2b: Annihilape|92\/100 brn|[from] brn\n|upkeep\n|turn|9\n|\n|t:|1682553357\n|move|p1a: Apolo|Extreme Speed|p2a: Gastrodon\n|-damage|p2a: Gastrodon|15\/100\n|move|p2b: Annihilape|Drain Punch|p1b: Good Soup\n|-supereffective|p1b: Good Soup\n|-damage|p1b: Good Soup|15\/100\n|-heal|p2b: Annihilape|100\/100 brn|[from] drain|[of] p1b: Good Soup\n|move|p1b: Good Soup|Stomping Tantrum|p2a: Gastrodon\n|-damage|p2a: Gastrodon|0 fnt\n|faint|p2a: Gastrodon\n|\n|-damage|p2b: Annihilape|95\/100 brn|[from] brn\n|upkeep\n|turn|10\n|c|\u2606AccidentalHipster|That's probably game. GG\n|\n|t:|1682553375\n|switch|p1a: Cornelia|Flutter Mane, L50|37\/100\n|move|p2b: Annihilape|Drain Punch|p1b: Good Soup\n|-supereffective|p1b: Good Soup\n|-damage|p1b: Good Soup|3\/100\n|-heal|p2b: Annihilape|100\/100 brn|[from] drain|[of] p1b: Good Soup\n|move|p1b: Good Soup|Ruination|p2b: Annihilape\n|-damage|p2b: Annihilape|51\/100 brn\n|\n|-damage|p2b: Annihilape|45\/100 brn|[from] brn\n|upkeep\n|turn|11\n|\n|t:|1682553394\n|-terastallize|p1a: Cornelia|Fairy\n|move|p2b: Annihilape|Protect|p2b: Annihilape\n|-singleturn|p2b: Annihilape|Protect\n|move|p1a: Cornelia|Shadow Ball|p2b: Annihilape\n|-activate|p2b: Annihilape|move: Protect\n|move|p1b: Good Soup|Stomping Tantrum|p2b: Annihilape\n|-activate|p2b: Annihilape|move: Protect\n|\n|-damage|p2b: Annihilape|39\/100 brn|[from] brn\n|upkeep\n|turn|12\n|\n|t:|1682553408\n|move|p1a: Cornelia|Shadow Ball|p2b: Annihilape\n|-supereffective|p2b: Annihilape\n|-damage|p2b: Annihilape|0 fnt\n|faint|p2b: Annihilape\n|\n|win|anshar_training\n|raw|anshar_training's rating: 1079 → 1101<\/strong> (+22 for winning)\n|raw|AccidentalHipster's rating: 1000 → 1000<\/strong> (+0 for losing)\n","uploadtime":1682553415,"views":15,"p1id":"anshartraining","p2id":"accidentalhipster","formatid":"gen9vgc2023regulationc","rating":1000,"private":0,"password":""}