{"id":"gen9vgc2023regulationc-1848275689","p1":"mx555","p2":"cooperbp1","format":"[Gen 9] VGC 2023 Regulation C","log":"|j|\u2606mx555\n|j|\u2606cooperbp1\n|t:|1682052027\n|gametype|doubles\n|player|p1|mx555|169|1330\n|player|p2|cooperbp1|102|1266\n|teamsize|p1|6\n|teamsize|p2|6\n|gen|9\n|tier|[Gen 9] VGC 2023 Regulation C\n|rated|\n|rule|Species Clause: Limit one of each Pok\u00e9mon\n|rule|Item Clause: Limit one of each item\n|clearpoke\n|poke|p1|Indeedee-F, L50, F|\n|poke|p1|Gallade, L50, M|\n|poke|p1|Armarouge, L50, M|\n|poke|p1|Umbreon, L50, F|\n|poke|p1|Gastrodon, L50, F|\n|poke|p1|Iron Valiant, L50|\n|poke|p2|Ting-Lu, L50|\n|poke|p2|Orthworm, L50, M|\n|poke|p2|Ceruledge, L50, M|\n|poke|p2|Vivillon-Sun, L50, M|\n|poke|p2|Mimikyu, L50, M|\n|poke|p2|Gyarados, L50, M|\n|teampreview|4\n|inactive|Battle timer is ON: inactive players will automatically lose when time's up. (requested by cooperbp1)\n|\n|t:|1682052055\n|start\n|switch|p1a: Indeedee|Indeedee-F, L50, F|100\/100\n|switch|p1b: Iron Valiant|Iron Valiant, L50|100\/100\n|switch|p2a: Ting-Lu|Ting-Lu, L50|100\/100\n|switch|p2b: Vivillon|Vivillon-Sun, L50, M, shiny|100\/100\n|-fieldstart|move: Psychic Terrain|[from] ability: Psychic Surge|[of] p1a: Indeedee\n|-ability|p2a: Ting-Lu|Vessel of Ruin\n|turn|1\n|\n|t:|1682052069\n|move|p1a: Indeedee|Follow Me|p1a: Indeedee\n|-singleturn|p1a: Indeedee|move: Follow Me\n|move|p1b: Iron Valiant|Dazzling Gleam|p2b: Vivillon|[spread] p2a,p2b\n|-supereffective|p2a: Ting-Lu\n|-damage|p2a: Ting-Lu|81\/100\n|-damage|p2b: Vivillon|57\/100\n|move|p2b: Vivillon|Pollen Puff|p1a: Indeedee\n|-supereffective|p1a: Indeedee\n|-damage|p1a: Indeedee|45\/100\n|move|p2a: Ting-Lu|Earthquake|p1b: Iron Valiant|[spread] p1a,p1b\n|-immune|p2b: Vivillon\n|-damage|p1a: Indeedee|10\/100\n|-damage|p1b: Iron Valiant|52\/100\n|\n|upkeep\n|turn|2\n|\n|t:|1682052092\n|switch|p2a: Gyarados|Gyarados, L50, M, shiny|100\/100\n|-ability|p2a: Gyarados|Intimidate|boost\n|-unboost|p1a: Indeedee|atk|1\n|-unboost|p1b: Iron Valiant|atk|1\n|-terastallize|p1b: Iron Valiant|Fairy\n|move|p1a: Indeedee|Helping Hand|p1b: Iron Valiant\n|-singleturn|p1b: Iron Valiant|Helping Hand|[of] p1a: Indeedee\n|move|p1b: Iron Valiant|Dazzling Gleam|p2b: Vivillon|[spread] p2a,p2b\n|-crit|p2b: Vivillon\n|-damage|p2a: Gyarados|60\/100\n|-damage|p2b: Vivillon|0 fnt\n|faint|p2b: Vivillon\n|\n|upkeep\n|\n|t:|1682052104\n|switch|p2b: Ting-Lu|Ting-Lu, L50|81\/100\n|-ability|p2b: Ting-Lu|Vessel of Ruin\n|turn|3\n|\n|t:|1682052115\n|move|p2a: Gyarados|Protect|p2a: Gyarados\n|-singleturn|p2a: Gyarados|Protect\n|move|p1a: Indeedee|Follow Me|p1a: Indeedee\n|-singleturn|p1a: Indeedee|move: Follow Me\n|move|p1b: Iron Valiant|Moonblast|p2b: Ting-Lu\n|-supereffective|p2b: Ting-Lu\n|-damage|p2b: Ting-Lu|25\/100\n|move|p2b: Ting-Lu|Earthquake|p1a: Indeedee|[spread] p1a,p1b\n|-activate|p2a: Gyarados|move: Protect\n|-crit|p1a: Indeedee\n|-damage|p1a: Indeedee|0 fnt\n|-damage|p1b: Iron Valiant|9\/100\n|faint|p1a: Indeedee\n|\n|upkeep\n|\n|t:|1682052120\n|switch|p1a: Gallade|Gallade, L50, M|100\/100\n|-enditem|p1a: Gallade|Psychic Seed\n|-boost|p1a: Gallade|spd|1|[from] item: Psychic Seed\n|turn|4\n|\n|t:|1682052144\n|move|p1b: Iron Valiant|Dazzling Gleam|p2a: Gyarados|[spread] p2a,p2b\n|-supereffective|p2b: Ting-Lu\n|-damage|p2a: Gyarados|32\/100\n|-damage|p2b: Ting-Lu|0 fnt\n|faint|p2b: Ting-Lu\n|move|p2a: Gyarados|Earthquake|p1a: Gallade|[spread] p1a,p1b\n|-damage|p1a: Gallade|61\/100\n|-damage|p1b: Iron Valiant|0 fnt\n|faint|p1b: Iron Valiant\n|-end|p1b: Iron Valiant|Quark Drive|[silent]\n|move|p1a: Gallade|Trick Room|p1a: Gallade\n|-fieldstart|move: Trick Room|[of] p1a: Gallade\n|\n|upkeep\n|\n|t:|1682052148\n|switch|p2b: Mimikyu|Mimikyu, L50, M, shiny|100\/100\n|switch|p1b: Armarouge|Armarouge, L50, M|100\/100\n|turn|5\n|\n|t:|1682052160\n|move|p1b: Armarouge|Expanding Force|p2b: Mimikyu|[spread] p2a,p2b\n|-damage|p2a: Gyarados|0 fnt\n|-activate|p2b: Mimikyu|ability: Disguise\n|-damage|p2b: Mimikyu|100\/100\n|detailschange|p2b: Mimikyu|Mimikyu-Busted, L50, M, shiny\n|-damage|p2b: Mimikyu|88\/100|[from] pokemon: Mimikyu-Busted\n|faint|p2a: Gyarados\n|-damage|p1b: Armarouge|91\/100|[from] item: Life Orb\n|move|p1a: Gallade|Psycho Cut|p2b: Mimikyu\n|-damage|p2b: Mimikyu|0 fnt\n|faint|p2b: Mimikyu\n|\n|win|mx555\n|raw|mx555's rating: 1330 → 1346<\/strong> (+16 for winning)\n|raw|cooperbp1's rating: 1266 → 1246<\/strong> (-20 for losing)\n","uploadtime":1682052167,"views":13,"p1id":"mx555","p2id":"cooperbp1","formatid":"gen9vgc2023regulationc","rating":1246,"private":0,"password":""}