{"id":"gen9vgc2023regulationc-1847464005","p1":"ExcelSheet","p2":"darlingtonia","format":"[Gen 9] VGC 2023 Regulation C","log":"|j|\u2606ExcelSheet\n|j|\u2606darlingtonia\n|t:|1681958287\n|gametype|doubles\n|player|p1|ExcelSheet|hilbert-wonderlauncher|\n|player|p2|darlingtonia|proton|\n|teamsize|p1|6\n|teamsize|p2|6\n|gen|9\n|tier|[Gen 9] VGC 2023 Regulation C\n|rule|Species Clause: Limit one of each Pok\u00e9mon\n|rule|Item Clause: Limit one of each item\n|clearpoke\n|poke|p1|Flutter Mane, L50|\n|poke|p1|Great Tusk, L50|\n|poke|p1|Scizor, L50, F|\n|poke|p1|Corviknight, L50, M|\n|poke|p1|Chi-Yu, L50|\n|poke|p1|Iron Bundle, L50|\n|poke|p2|Chi-Yu, L50|\n|poke|p2|Palafin, L50, M|\n|poke|p2|Amoonguss, L50, F|\n|poke|p2|Glimmora, L50, F|\n|poke|p2|Flutter Mane, L50|\n|poke|p2|Dragonite, L50, M|\n|teampreview|4\n|inactive|Battle timer is ON: inactive players will automatically lose when time's up. (requested by ExcelSheet)\nExcelSheet has agreed to open team sheets.\ndarlingtonia has agreed to open team sheets.\n|\n|t:|1681958309\n|start\n|switch|p1a: Corviknight|Corviknight, L50, M|100\/100\n|switch|p1b: Great Tusk|Great Tusk, L50|100\/100\n|switch|p2a: Amoonguss|Amoonguss, L50, F|100\/100\n|switch|p2b: Palafin|Palafin, L50, M|100\/100\n|turn|1\n|\n|t:|1681958331\n|-terastallize|p2b: Palafin|Water\n|move|p2a: Amoonguss|Rage Powder|p2a: Amoonguss\n|-singleturn|p2a: Amoonguss|move: Rage Powder\n|move|p2b: Palafin|Wave Crash|p1b: Great Tusk\n|-supereffective|p1b: Great Tusk\n|-damage|p1b: Great Tusk|14\/100\n|-damage|p2b: Palafin|70\/100|[from] Recoil\n|move|p1b: Great Tusk|Headlong Rush|p2a: Amoonguss\n|-damage|p2a: Amoonguss|46\/100\n|-unboost|p1b: Great Tusk|def|1\n|-unboost|p1b: Great Tusk|spd|1\n|-enditem|p2a: Amoonguss|Sitrus Berry|[eat]\n|-heal|p2a: Amoonguss|71\/100|[from] item: Sitrus Berry\n|move|p1a: Corviknight|Brave Bird|p2a: Amoonguss\n|-supereffective|p2a: Amoonguss\n|-damage|p2a: Amoonguss|7\/100\n|-damage|p1a: Corviknight|78\/100|[from] Recoil\n|\n|upkeep\n|turn|2\n|inactive|ExcelSheet has 30 seconds left.\n|inactive|darlingtonia has 30 seconds left.\n|\n|t:|1681958362\n|switch|p2a: Chi-Yu|Chi-Yu, L50|100\/100\n|-ability|p2a: Chi-Yu|Beads of Ruin\n|move|p1b: Great Tusk|Protect|p1b: Great Tusk\n|-singleturn|p1b: Great Tusk|Protect\n|move|p2b: Palafin|Jet Punch|p1b: Great Tusk\n|-activate|p1b: Great Tusk|move: Protect\n|move|p1a: Corviknight|Brave Bird|p2a: Chi-Yu\n|-damage|p2a: Chi-Yu|39\/100\n|-damage|p1a: Corviknight|65\/100|[from] Recoil\n|\n|upkeep\n|turn|3\n|\n|t:|1681958381\n|-terastallize|p1a: Corviknight|Water\n|move|p2b: Palafin|Jet Punch|p1b: Great Tusk\n|-supereffective|p1b: Great Tusk\n|-damage|p1b: Great Tusk|0 fnt\n|faint|p1b: Great Tusk\n|-end|p1b: Great Tusk|Protosynthesis|[silent]\n|move|p2a: Chi-Yu|Dark Pulse|p1a: Corviknight\n|-damage|p1a: Corviknight|1\/100\n|-enditem|p1a: Corviknight|Sitrus Berry|[eat]\n|-heal|p1a: Corviknight|26\/100|[from] item: Sitrus Berry\n|move|p1a: Corviknight|Brave Bird|p2a: Chi-Yu\n|-damage|p2a: Chi-Yu|0 fnt\n|faint|p2a: Chi-Yu\n|-damage|p1a: Corviknight|18\/100|[from] Recoil\n|\n|upkeep\n|\n|t:|1681958402\n|switch|p1b: Flutter Mane|Flutter Mane, L50|100\/100\n|switch|p2a: Amoonguss|Amoonguss, L50, F|40\/100\n|turn|4\n|\n|t:|1681958417\n|move|p2a: Amoonguss|Protect|p2a: Amoonguss\n|-singleturn|p2a: Amoonguss|Protect\n|move|p1b: Flutter Mane|Dazzling Gleam|p2b: Palafin|[spread] p2b\n|-activate|p2a: Amoonguss|move: Protect\n|-damage|p2b: Palafin|8\/100\n|-damage|p1b: Flutter Mane|91\/100|[from] item: Life Orb\n|move|p2b: Palafin|Wave Crash|p1b: Flutter Mane\n|-damage|p1b: Flutter Mane|0 fnt\n|faint|p1b: Flutter Mane\n|-end|p1b: Flutter Mane|Protosynthesis|[silent]\n|-damage|p2b: Palafin|0 fnt|[from] Recoil\n|faint|p2b: Palafin\n|move|p1a: Corviknight|Brave Bird|p2a: Amoonguss\n|-activate|p2a: Amoonguss|move: Protect\n|\n|upkeep\n|\n|t:|1681958431\n|switch|p1b: Chi-Yu|Chi-Yu, L50|100\/100\n|switch|p2b: Glimmora|Glimmora, L50, F|100\/100\n|-ability|p1b: Chi-Yu|Beads of Ruin\n|turn|5\n|inactive|ExcelSheet has 30 seconds left.\n|\n|t:|1681958460\n|move|p2a: Amoonguss|Protect||[still]\n|-fail|p2a: Amoonguss\n|move|p2b: Glimmora|Power Gem|p1b: Chi-Yu\n|-supereffective|p1b: Chi-Yu\n|-damage|p1b: Chi-Yu|21\/100\n|move|p1b: Chi-Yu|Dark Pulse|p2a: Amoonguss\n|-damage|p2a: Amoonguss|0 fnt\n|faint|p2a: Amoonguss\n|move|p1a: Corviknight|Brave Bird|p2b: Glimmora\n|-resisted|p2b: Glimmora\n|-damage|p2b: Glimmora|79\/100\n|-activate|p2b: Glimmora|ability: Toxic Debris\n|-sidestart|p1: ExcelSheet|move: Toxic Spikes\n|-damage|p1a: Corviknight|12\/100|[from] Recoil\n|\n|upkeep\n|turn|6\n|\n|t:|1681958482\n|move|p2b: Glimmora|Spiky Shield|p2b: Glimmora\n|-singleturn|p2b: Glimmora|move: Protect\n|move|p1b: Chi-Yu|Dark Pulse|p2b: Glimmora\n|-activate|p2b: Glimmora|move: Protect\n|move|p1a: Corviknight|Body Press|p2b: Glimmora\n|-activate|p2b: Glimmora|move: Protect\n|-damage|p1a: Corviknight|0 fnt|[from] Spiky Shield|[of] p2b: Glimmora\n|faint|p1a: Corviknight\n|\n|upkeep\n|turn|7\n|\n|t:|1681958494\n|move|p2b: Glimmora|Power Gem|p1b: Chi-Yu\n|-supereffective|p1b: Chi-Yu\n|-damage|p1b: Chi-Yu|0 fnt\n|faint|p1b: Chi-Yu\n|\n|win|darlingtonia\n","uploadtime":1681958499,"views":5,"p1id":"excelsheet","p2id":"darlingtonia","formatid":"gen9vgc2023regulationc","rating":0,"private":0,"password":""}