{"id":"gen9vgc2023regulationc-1857216954","p1":"lethalpilot","p2":"LightningLucario","format":"[Gen 9] VGC 2023 Regulation C","log":"|j|\u2606lethalpilot\n|j|\u2606LightningLucario\n|t:|1683159216\n|gametype|doubles\n|player|p1|lethalpilot|swimmer-gen4|\n|player|p2|LightningLucario|170|\n|teamsize|p1|6\n|teamsize|p2|6\n|gen|9\n|tier|[Gen 9] VGC 2023 Regulation C\n|rule|Species Clause: Limit one of each Pok\u00e9mon\n|rule|Item Clause: Limit one of each item\n|clearpoke\n|poke|p1|Murkrow, L50, M|\n|poke|p1|Brambleghast, L50, M|\n|poke|p1|Espeon, L50, M|\n|poke|p1|Hawlucha, L50, M|\n|poke|p1|Amoonguss, L50, M|\n|poke|p1|Arcanine, L50, M|\n|poke|p2|Zoroark, L50, F|\n|poke|p2|Azumarill, L50, M|\n|poke|p2|Toxapex, L50, F|\n|poke|p2|Tyranitar, L50, M|\n|poke|p2|Gallade, L50, M|\n|poke|p2|Flutter Mane, L50|\n|teampreview|4\n|j| tomciv20\nlethalpilot rejected open team sheets.\n|inactive|Battle timer is ON: inactive players will automatically lose when time's up. (requested by lethalpilot)\n|\n|t:|1683159269\n|start\n|switch|p1a: AMONG US|Amoonguss, L50, M|100\/100\n|switch|p1b: Joey Ditavi Boobs|Arcanine, L50, M|100\/100\n|switch|p2a: Tyrunt.|Tyranitar, L50, M, shiny|100\/100\n|switch|p2b: Butter Spain|Flutter Mane, L50|100\/100\n|-ability|p1b: Joey Ditavi Boobs|Intimidate|boost\n|-unboost|p2a: Tyrunt.|atk|1\n|-unboost|p2b: Butter Spain|atk|1\n|turn|1\n|inactive|lethalpilot has 30 seconds left.\n|inactive|LightningLucario has 30 seconds left.\n|\n|t:|1683159301\n|move|p2b: Butter Spain|Mystical Fire|p1a: AMONG US\n|-supereffective|p1a: AMONG US\n|-damage|p1a: AMONG US|37\/100\n|-unboost|p1a: AMONG US|spa|1\n|move|p2a: Tyrunt.|Dark Pulse|p1b: Joey Ditavi Boobs\n|-damage|p1b: Joey Ditavi Boobs|37\/100\n|-damage|p2a: Tyrunt.|91\/100|[from] item: Life Orb\n|move|p1b: Joey Ditavi Boobs|Will-O-Wisp|p2a: Tyrunt.\n|-status|p2a: Tyrunt.|brn\n|move|p1a: AMONG US|Spore|p2b: Butter Spain\n|-status|p2b: Butter Spain|slp|[from] move: Spore\n|\n|-damage|p2a: Tyrunt.|85\/100 brn|[from] brn\n|upkeep\n|turn|2\n|inactive|LightningLucario has 30 seconds left.\n|inactive|LightningLucario has 20 seconds left.\n|inactive|LightningLucario has 15 seconds left.\n|inactive|lethalpilot has 30 seconds left.\n|inactive|LightningLucario has 10 seconds left.\n|inactive|LightningLucario has 5 seconds left.\n|\n|t:|1683159352\n|-end|p2b: Butter Spain|Protosynthesis|[silent]\n|switch|p2b: Tyrunt.|Tyranitar, L50, M, shiny|100\/100\n|-weather|Sandstorm|[from] ability: Sand Stream|[of] p2b: Tyrunt.\n|switch|p1b: Flying Monkey|Hawlucha, L50, M, shiny|100\/100\n|-ability|p1b: Flying Monkey|Mold Breaker\n|move|p2a: Tyrunt.|Dark Pulse|p1b: Flying Monkey\n|-resisted|p1b: Flying Monkey\n|-damage|p1b: Flying Monkey|54\/100\n|-damage|p2a: Tyrunt.|75\/100 brn|[from] item: Life Orb\n|move|p1a: AMONG US|Spore||[still]\n|-fail|p1a: AMONG US\n|\n|-weather|Sandstorm|[upkeep]\n|-damage|p1b: Flying Monkey|48\/100|[from] Sandstorm\n|-damage|p2a: Tyrunt.|69\/100 brn|[from] Sandstorm\n|-damage|p1a: AMONG US|31\/100|[from] Sandstorm\n|-damage|p2a: Tyrunt.|63\/100 brn|[from] brn\n|upkeep\n|turn|3\n|inactive|lethalpilot has 30 seconds left.\n|\n|t:|1683159386\n|move|p2a: Tyrunt.|Sucker Punch|p1a: AMONG US\n|-damage|p1a: AMONG US|20\/100\n|-enditem|p1a: AMONG US|Aguav Berry|[eat]\n|-heal|p1a: AMONG US|53\/100|[from] item: Aguav Berry\n|-damage|p2a: Tyrunt.|54\/100 brn|[from] item: Life Orb\n|move|p1b: Flying Monkey|Close Combat|p2b: Tyrunt.\n|-supereffective|p2b: Tyrunt.\n|-damage|p2b: Tyrunt.|0 fnt\n|-unboost|p1b: Flying Monkey|def|1\n|-unboost|p1b: Flying Monkey|spd|1\n|faint|p2b: Tyrunt.\n|move|p1a: AMONG US|Pollen Puff|p1b: Flying Monkey\n|-heal|p1b: Flying Monkey|98\/100\n|\n|-weather|Sandstorm|[upkeep]\n|-damage|p1b: Flying Monkey|92\/100|[from] Sandstorm\n|-damage|p2a: Tyrunt.|48\/100 brn|[from] Sandstorm\n|-damage|p1a: AMONG US|48\/100|[from] Sandstorm\n|-damage|p2a: Tyrunt.|42\/100 brn|[from] brn\n|upkeep\n|\n|t:|1683159404\n|switch|p2b: Butter Spain|Flutter Mane, L50|100\/100 slp\n|turn|4\n|\n|t:|1683159420\n|cant|p2b: Butter Spain|slp\n|move|p1b: Flying Monkey|Close Combat|p2a: Tyrunt.\n|-supereffective|p2a: Tyrunt.\n|-damage|p2a: Tyrunt.|0 fnt\n|-unboost|p1b: Flying Monkey|def|1\n|-unboost|p1b: Flying Monkey|spd|1\n|replace|p2a: Zork|Zoroark, L50, F, shiny\n|-end|p2a: Zork|Illusion\n|faint|p2a: Zork\n|move|p1a: AMONG US|Spore|p2b: Butter Spain\n|-fail|p2b: Butter Spain|slp\n|\n|-weather|Sandstorm|[upkeep]\n|-damage|p2b: Butter Spain|94\/100 slp|[from] Sandstorm\n|-damage|p1b: Flying Monkey|86\/100|[from] Sandstorm\n|-damage|p1a: AMONG US|42\/100|[from] Sandstorm\n|upkeep\n|\n|t:|1683159433\n|switch|p2a: Doomer|Azumarill, L50, M, shiny|100\/100\n|turn|5\n|\n|t:|1683159458\n|-curestatus|p2b: Butter Spain|slp|[msg]\n|move|p2b: Butter Spain|Mystical Fire|p1a: AMONG US\n|-supereffective|p1a: AMONG US\n|-damage|p1a: AMONG US|0 fnt\n|faint|p1a: AMONG US\n|move|p1b: Flying Monkey|Thunder Punch|p2a: Doomer\n|-supereffective|p2a: Doomer\n|-damage|p2a: Doomer|48\/100\n|move|p2a: Doomer|Liquidation|p1b: Flying Monkey\n|-damage|p1b: Flying Monkey|0 fnt\n|faint|p1b: Flying Monkey\n|\n|-weather|Sandstorm|[upkeep]\n|-damage|p2b: Butter Spain|88\/100|[from] Sandstorm\n|-damage|p2a: Doomer|42\/100|[from] Sandstorm\n|upkeep\n|\n|t:|1683159471\n|switch|p1b: Illegal Alien|Espeon, L50, M, shiny|100\/100\n|switch|p1a: Joey Ditavi Boobs|Arcanine, L50, M|37\/100\n|-ability|p1a: Joey Ditavi Boobs|Intimidate|boost\n|-unboost|p2a: Doomer|atk|1\n|-unboost|p2b: Butter Spain|atk|1\n|turn|6\n|inactive|lethalpilot has 30 seconds left.\n|\n|t:|1683159503\n|-terastallize|p2b: Butter Spain|Fighting\n|-terastallize|p1a: Joey Ditavi Boobs|Water\n|move|p2b: Butter Spain|Mystical Fire|p1b: Illegal Alien\n|-damage|p1b: Illegal Alien|53\/100\n|-unboost|p1b: Illegal Alien|spa|1\n|move|p1b: Illegal Alien|Shadow Ball|p2b: Butter Spain\n|-damage|p2b: Butter Spain|69\/100\n|move|p1a: Joey Ditavi Boobs|Will-O-Wisp|p2a: Doomer\n|-status|p2a: Doomer|brn\n|move|p2a: Doomer|Liquidation|p1a: Joey Ditavi Boobs\n|-resisted|p1a: Joey Ditavi Boobs\n|-damage|p1a: Joey Ditavi Boobs|21\/100\n|\n|-weather|none\n|-heal|p1b: Illegal Alien|59\/100|[from] item: Leftovers\n|-damage|p2a: Doomer|36\/100 brn|[from] brn\n|upkeep\n|turn|7\n|inactive|lethalpilot has 30 seconds left.\n|inactive|lethalpilot has 20 seconds left.\n|inactive|lethalpilot has 15 seconds left.\n|\n|t:|1683159546\n|move|p2b: Butter Spain|Mystical Fire|p1b: Illegal Alien\n|-damage|p1b: Illegal Alien|11\/100\n|-unboost|p1b: Illegal Alien|spa|1\n|move|p1b: Illegal Alien|Shadow Ball|p2a: Doomer\n|-damage|p2a: Doomer|22\/100 brn\n|move|p1a: Joey Ditavi Boobs|Flare Blitz|p2b: Butter Spain\n|-damage|p2b: Butter Spain|0 fnt\n|faint|p2b: Butter Spain\n|-end|p2b: Butter Spain|Protosynthesis|[silent]\n|-damage|p1a: Joey Ditavi Boobs|4\/100|[from] Recoil\n|move|p2a: Doomer|Liquidation|p1b: Illegal Alien\n|-damage|p1b: Illegal Alien|0 fnt\n|faint|p1b: Illegal Alien\n|\n|-damage|p2a: Doomer|16\/100 brn|[from] brn\n|upkeep\n|turn|8\n|\n|t:|1683159564\n|move|p1a: Joey Ditavi Boobs|Extreme Speed|p2a: Doomer\n|-damage|p2a: Doomer|0 fnt\n|faint|p2a: Doomer\n|\n|win|lethalpilot\n|l|\u2606LightningLucario\n|j| SuperToad916\n","uploadtime":1683159658,"views":16,"p1id":"lethalpilot","p2id":"lightninglucario","formatid":"gen9vgc2023regulationc","rating":0,"private":0,"password":""}