{"id":"gen9vgc2023regulationc-1863385655","p1":"mochigno","p2":"Arcacagne","format":"[Gen 9] VGC 2023 Regulation C","log":"|j|\u2606mochigno\n|j|\u2606Arcacagne\n|t:|1684010281\n|gametype|doubles\n|player|p1|mochigno|n|1286\n|player|p2|Arcacagne|169|1326\n|teamsize|p1|6\n|teamsize|p2|6\n|gen|9\n|tier|[Gen 9] VGC 2023 Regulation C\n|rated|\n|rule|Species Clause: Limit one of each Pok\u00e9mon\n|rule|Item Clause: Limit one of each item\n|clearpoke\n|poke|p1|Hariyama, L50, M|\n|poke|p1|Kingambit, L50, M|\n|poke|p1|Palafin, L50, F|\n|poke|p1|Flutter Mane, L50|\n|poke|p1|Chi-Yu, L50|\n|poke|p1|Baxcalibur, L50, F|\n|poke|p2|Chi-Yu, L50|\n|poke|p2|Flutter Mane, L50|\n|poke|p2|Amoonguss, L50, F|\n|poke|p2|Ting-Lu, L50|\n|poke|p2|Iron Hands, L50|\n|poke|p2|Gyarados, L50, M|\n|teampreview|4\n|inactive|Battle timer is ON: inactive players will automatically lose when time's up. (requested by mochigno)\n|inactive|mochigno has 60 seconds left.\n|\n|t:|1684010332\n|start\n|switch|p1a: Flutter Mane|Flutter Mane, L50|100\/100\n|switch|p1b: Hariyama|Hariyama, L50, M|100\/100\n|switch|p2a: Ting-Lu|Ting-Lu, L50|100\/100\n|switch|p2b: Iron Hands|Iron Hands, L50|100\/100\n|-ability|p2a: Ting-Lu|Vessel of Ruin\n|-enditem|p1a: Flutter Mane|Booster Energy\n|-activate|p1a: Flutter Mane|ability: Protosynthesis|[fromitem]\n|-start|p1a: Flutter Mane|protosynthesisspe\n|turn|1\n|\n|t:|1684010348\n|-end|p2b: Iron Hands|Quark Drive|[silent]\n|switch|p2b: Gyarados|Gyarados, L50, M|100\/100\n|-ability|p2b: Gyarados|Intimidate|boost\n|-unboost|p1a: Flutter Mane|atk|1\n|-unboost|p1b: Hariyama|atk|1\n|-terastallize|p2a: Ting-Lu|Poison\n|move|p1b: Hariyama|Fake Out|p2a: Ting-Lu\n|-damage|p2a: Ting-Lu|94\/100\n|move|p1a: Flutter Mane|Calm Mind|p1a: Flutter Mane\n|-boost|p1a: Flutter Mane|spa|1\n|-boost|p1a: Flutter Mane|spd|1\n|cant|p2a: Ting-Lu|flinch\n|\n|upkeep\n|turn|2\n|inactive|mochigno has 30 seconds left.\n|inactive|Arcacagne has 30 seconds left.\n|\n|t:|1684010378\n|move|p1a: Flutter Mane|Shadow Ball|p2b: Gyarados\n|-damage|p2b: Gyarados|63\/100\n|-unboost|p2b: Gyarados|spd|1\n|move|p2b: Gyarados|Thunder Wave|p1b: Hariyama\n|-status|p1b: Hariyama|par\n|move|p2a: Ting-Lu|Earthquake|p1a: Flutter Mane|[spread] p1a,p1b\n|-immune|p2b: Gyarados\n|-damage|p1a: Flutter Mane|0 fnt\n|-damage|p1b: Hariyama|43\/100 par\n|faint|p1a: Flutter Mane\n|-end|p1a: Flutter Mane|Protosynthesis|[silent]\n|cant|p1b: Hariyama|par\n|\n|upkeep\n|\n|t:|1684010395\n|switch|p1a: Baxcalibur|Baxcalibur, L50, F|100\/100\n|turn|3\n|\n|t:|1684010406\n|move|p1a: Baxcalibur|Protect|p1a: Baxcalibur\n|-singleturn|p1a: Baxcalibur|Protect\n|move|p2b: Gyarados|Thunder Wave|p1a: Baxcalibur\n|-activate|p1a: Baxcalibur|move: Protect\n|move|p2a: Ting-Lu|Earthquake|p1a: Baxcalibur|[spread] p1b\n|-activate|p1a: Baxcalibur|move: Protect\n|-immune|p2b: Gyarados\n|-damage|p1b: Hariyama|0 fnt\n|faint|p1b: Hariyama\n|\n|upkeep\n|\n|t:|1684010422\n|switch|p1b: Chi-Yu|Chi-Yu, L50|100\/100\n|-ability|p1b: Chi-Yu|Beads of Ruin\n|turn|4\n|\n|t:|1684010430\n|move|p1b: Chi-Yu|Snarl|p2b: Gyarados|[spread] p2a,p2b\n|-damage|p2a: Ting-Lu|71\/100\n|-damage|p2b: Gyarados|27\/100\n|-unboost|p2a: Ting-Lu|spa|1\n|-unboost|p2b: Gyarados|spa|1\n|-damage|p1b: Chi-Yu|91\/100|[from] item: Life Orb\n|move|p1a: Baxcalibur|Dragon Dance|p1a: Baxcalibur\n|-boost|p1a: Baxcalibur|atk|1\n|-boost|p1a: Baxcalibur|spe|1\n|move|p2b: Gyarados|Thunder Wave|p1a: Baxcalibur\n|-status|p1a: Baxcalibur|par\n|move|p2a: Ting-Lu|Earthquake|p1a: Baxcalibur|[spread] p1a,p1b\n|-immune|p2b: Gyarados\n|-supereffective|p1b: Chi-Yu\n|-crit|p1b: Chi-Yu\n|-damage|p1a: Baxcalibur|48\/100 par\n|-damage|p1b: Chi-Yu|0 fnt\n|faint|p1b: Chi-Yu\n|\n|upkeep\n|turn|5\n|-message|mochigno forfeited.\n|\n|win|Arcacagne\n|raw|mochigno's rating: 1286 → 1264<\/strong> (-22 for losing)\n|raw|Arcacagne's rating: 1326 → 1344<\/strong> (+18 for winning)\n|l|\u2606mochigno\n","uploadtime":1684010451,"views":17,"p1id":"mochigno","p2id":"arcacagne","formatid":"gen9vgc2023regulationc","rating":1264,"private":0,"password":""}