{"id":"gen9vgc2023regulationc-1864238979","p1":"Requiem887","p2":"Cody XCX","format":"[Gen 9] VGC 2023 Regulation C","log":"|j|\u2606Requiem887\n|j|\u2606Cody XCX\n|t:|1684142597\n|gametype|doubles\n|player|p1|Requiem887|102|1121\n|player|p2|Cody XCX|2|1115\n|teamsize|p1|6\n|teamsize|p2|6\n|gen|9\n|tier|[Gen 9] VGC 2023 Regulation C\n|rated|\n|rule|Species Clause: Limit one of each Pok\u00e9mon\n|rule|Item Clause: Limit one of each item\n|clearpoke\n|poke|p1|Dondozo, L50, F|\n|poke|p1|Tatsugiri, L50, F|\n|poke|p1|Golduck, L50, M|\n|poke|p1|Chi-Yu, L50|\n|poke|p1|Wo-Chien, L50|\n|poke|p1|Kingambit, L50, M|\n|poke|p2|Amoonguss, L50, F|\n|poke|p2|Arcanine, L50, F|\n|poke|p2|Palafin, L50, M|\n|poke|p2|Ting-Lu, L50|\n|poke|p2|Flutter Mane, L50|\n|poke|p2|Iron Hands, L50|\n|teampreview|4\n|inactive|Battle timer is ON: inactive players will automatically lose when time's up. (requested by Cody XCX)\n|inactive|Requiem887 also wants the timer to be on.\n|c|\u2606Requiem887|lmfao\n|c|\u2606Requiem887|aint no way\n|\n|t:|1684142626\n|start\n|switch|p1a: Wo-Chien|Wo-Chien, L50|100\/100\n|switch|p1b: Chi-Yu|Chi-Yu, L50|100\/100\n|switch|p2a: Palafin|Palafin, L50, M|100\/100\n|switch|p2b: Iron Hands|Iron Hands, L50|100\/100\n|-ability|p1b: Chi-Yu|Beads of Ruin\n|-ability|p1a: Wo-Chien|Tablets of Ruin\n|turn|1\n|c|\u2606Cody XCX|Hello again\n|c|\u2606Requiem887|hello there\n|inactive|Cody XCX has 30 seconds left.\n|\n|t:|1684142654\n|detailschange|p2a: Palafin|Palafin-Hero, L50, M\n|switch|p2a: Amoonguss|Amoonguss, L50, F|100\/100\n|move|p2b: Iron Hands|Fake Out|p1b: Chi-Yu\n|-damage|p1b: Chi-Yu|82\/100\n|cant|p1b: Chi-Yu|flinch\n|move|p1a: Wo-Chien|Leech Seed|p2b: Iron Hands\n|-start|p2b: Iron Hands|move: Leech Seed\n|\n|-damage|p2b: Iron Hands|88\/100|[from] Leech Seed|[of] p1a: Wo-Chien\n|upkeep\n|turn|2\n|\n|t:|1684142665\n|-end|p2b: Iron Hands|Quark Drive|[silent]\n|switch|p2b: Palafin|Palafin-Hero, L50, M|100\/100\n|-activate|p2b: Palafin|ability: Zero to Hero\n|move|p2a: Amoonguss|Protect|p2a: Amoonguss\n|-singleturn|p2a: Amoonguss|Protect\n|move|p1b: Chi-Yu|Overheat|p2a: Amoonguss\n|-activate|p2a: Amoonguss|move: Protect\n|move|p1a: Wo-Chien|Substitute|p1a: Wo-Chien\n|-start|p1a: Wo-Chien|Substitute\n|-damage|p1a: Wo-Chien|76\/100\n|\n|upkeep\n|turn|3\n|\n|t:|1684142688\n|switch|p2a: Iron Hands|Iron Hands, L50|88\/100\n|-terastallize|p2b: Palafin|Water\n|move|p2b: Palafin|Jet Punch|p1b: Chi-Yu\n|-supereffective|p1b: Chi-Yu\n|-damage|p1b: Chi-Yu|0 fnt\n|faint|p1b: Chi-Yu\n|move|p1a: Wo-Chien|Leech Seed|p2b: Palafin\n|-start|p2b: Palafin|move: Leech Seed\n|\n|-heal|p2a: Iron Hands|94\/100|[from] item: Leftovers\n|-damage|p2b: Palafin|88\/100|[from] Leech Seed|[of] p1a: Wo-Chien\n|-heal|p1a: Wo-Chien|89\/100|[silent]\n|upkeep\n|\n|t:|1684142695\n|switch|p1b: Dondozo|Dondozo, L50, F, shiny|100\/100\n|turn|4\n|\n|t:|1684142711\n|switch|p2b: Amoonguss|Amoonguss, L50, F|100\/100\n|-end|p2a: Iron Hands|Quark Drive|[silent]\n|switch|p2a: Arcanine|Arcanine, L50, F|100\/100\n|-ability|p2a: Arcanine|Intimidate|boost\n|-immune|p1a: Wo-Chien\n|-unboost|p1b: Dondozo|atk|1\n|move|p1a: Wo-Chien|Ruination|p2b: Amoonguss\n|-damage|p2b: Amoonguss|51\/100\n|move|p1b: Dondozo|Earthquake|p2b: Amoonguss|[spread] p1a,p2a,p2b\n|-resisted|p1a: Wo-Chien\n|-activate|p1a: Wo-Chien|move: Substitute|[damage]\n|-supereffective|p2a: Arcanine\n|-damage|p2a: Arcanine|72\/100\n|-damage|p2b: Amoonguss|40\/100\n|-enditem|p2b: Amoonguss|Sitrus Berry|[eat]\n|-heal|p2b: Amoonguss|65\/100|[from] item: Sitrus Berry\n|\n|upkeep\n|turn|5\n|inactive|Requiem887 has 30 seconds left.\n|\n|t:|1684142737\n|move|p2a: Arcanine|Flare Blitz|p1a: Wo-Chien\n|-supereffective|p1a: Wo-Chien\n|-end|p1a: Wo-Chien|Substitute\n|-damage|p2a: Arcanine|66\/100|[from] Recoil|[of] p1a: Wo-Chien\n|move|p1a: Wo-Chien|Leech Seed|p2a: Arcanine\n|-start|p2a: Arcanine|move: Leech Seed\n|move|p1b: Dondozo|Earthquake|p2a: Arcanine|[spread] p1a,p2a,p2b\n|-resisted|p1a: Wo-Chien\n|-supereffective|p2a: Arcanine\n|-damage|p1a: Wo-Chien|83\/100\n|-damage|p2a: Arcanine|40\/100\n|-damage|p2b: Amoonguss|56\/100\n|move|p2b: Amoonguss|Spore|p1b: Dondozo\n|-status|p1b: Dondozo|slp|[from] move: Spore\n|\n|-damage|p2a: Arcanine|27\/100|[from] Leech Seed|[of] p1a: Wo-Chien\n|-heal|p1a: Wo-Chien|96\/100|[silent]\n|upkeep\n|turn|6\n|\n|t:|1684142757\n|switch|p2a: Iron Hands|Iron Hands, L50|94\/100\n|move|p1a: Wo-Chien|Substitute|p1a: Wo-Chien\n|-start|p1a: Wo-Chien|Substitute\n|-damage|p1a: Wo-Chien|71\/100\n|cant|p1b: Dondozo|slp\n|move|p2b: Amoonguss|Pollen Puff|p1a: Wo-Chien\n|-supereffective|p1a: Wo-Chien\n|-end|p1a: Wo-Chien|Substitute\n|\n|-heal|p2a: Iron Hands|100\/100|[from] item: Leftovers\n|upkeep\n|turn|7\n|inactive|Requiem887 has 30 seconds left.\n|inactive|Requiem887 has 20 seconds left.\n|j| DittoDude20\n|inactive|Requiem887 has 15 seconds left.\n|l| DittoDude20\n|inactive|Requiem887 has 10 seconds left.\n|\n|t:|1684142805\n|switch|p2b: Palafin|Palafin-Hero, L50, M, tera:Water|88\/100\n|move|p2a: Iron Hands|Fake Out|p1b: Dondozo\n|-damage|p1b: Dondozo|93\/100 slp\n|move|p1a: Wo-Chien|Leech Seed|p2a: Iron Hands\n|-start|p2a: Iron Hands|move: Leech Seed\n|cant|p1b: Dondozo|slp\n|\n|-heal|p1b: Dondozo|99\/100 slp|[from] item: Leftovers\n|-damage|p2a: Iron Hands|88\/100|[from] Leech Seed|[of] p1a: Wo-Chien\n|-heal|p1a: Wo-Chien|86\/100|[silent]\n|upkeep\n|turn|8\n|\n|t:|1684142822\n|switch|p2b: Amoonguss|Amoonguss, L50, F|89\/100\n|move|p1a: Wo-Chien|Leech Seed|p2b: Amoonguss\n|-immune|p2b: Amoonguss\n|move|p2a: Iron Hands|Drain Punch|p1a: Wo-Chien\n|-supereffective|p1a: Wo-Chien\n|-damage|p1a: Wo-Chien|26\/100\n|-heal|p2a: Iron Hands|100\/100|[from] drain|[of] p1a: Wo-Chien\n|-damage|p2a: Iron Hands|84\/100|[from] item: Rocky Helmet|[of] p1a: Wo-Chien\n|cant|p1b: Dondozo|slp\n|\n|-heal|p2a: Iron Hands|90\/100|[from] item: Leftovers\n|-heal|p1b: Dondozo|100\/100 slp|[from] item: Leftovers\n|-damage|p2a: Iron Hands|78\/100|[from] Leech Seed|[of] p1a: Wo-Chien\n|-heal|p1a: Wo-Chien|41\/100|[silent]\n|upkeep\n|turn|9\n|inactive|Requiem887 has 30 seconds left.\n|\n|t:|1684142847\n|move|p1a: Wo-Chien|Ruination|p2b: Amoonguss\n|-damage|p2b: Amoonguss|45\/100\n|move|p2a: Iron Hands|Drain Punch|p1a: Wo-Chien\n|-supereffective|p1a: Wo-Chien\n|-damage|p1a: Wo-Chien|0 fnt\n|-heal|p2a: Iron Hands|95\/100|[from] drain|[of] p1a: Wo-Chien\n|-damage|p2a: Iron Hands|78\/100|[from] item: Rocky Helmet|[of] p1a: Wo-Chien\n|faint|p1a: Wo-Chien\n|-curestatus|p1b: Dondozo|slp|[msg]\n|move|p1b: Dondozo|Order Up|p2b: Amoonguss\n|-damage|p2b: Amoonguss|30\/100\n|move|p2b: Amoonguss|Spore|p1b: Dondozo\n|-status|p1b: Dondozo|slp|[from] move: Spore\n|\n|-heal|p2a: Iron Hands|84\/100|[from] item: Leftovers\n|upkeep\n|\n|t:|1684142854\n|switch|p1a: Tatsugiri|Tatsugiri, L50, F|100\/100\n|-activate|p1a: Tatsugiri|ability: Commander|[of] p1b: Dondozo\n|-boost|p1b: Dondozo|atk|2\n|-boost|p1b: Dondozo|spa|2\n|-boost|p1b: Dondozo|spe|2\n|-boost|p1b: Dondozo|def|2\n|-boost|p1b: Dondozo|spd|2\n|turn|10\n|c|\u2606Cody XCX|Here we go again\n|inactive|Cody XCX has 30 seconds left.\n|\n|t:|1684142886\n|switch|p2b: Palafin|Palafin-Hero, L50, M, tera:Water|88\/100\n|cant|p1b: Dondozo|slp\n|move|p1b: Dondozo|Sleep Talk|p1b: Dondozo\n|move|p1b: Dondozo|Rest||[from]move: Sleep Talk|[still]\n|-fail|p1b: Dondozo\n|move|p2a: Iron Hands|Volt Switch|p1b: Dondozo\n|-supereffective|p1b: Dondozo\n|-damage|p1b: Dondozo|88\/100 slp\n|\n|t:|1684142894\n|-end|p2a: Iron Hands|Quark Drive|[silent]\n|switch|p2a: Arcanine|Arcanine, L50, F|27\/100|[from] Volt Switch\n|-ability|p2a: Arcanine|Intimidate|boost\n|-unboost|p1a: Tatsugiri|atk|1\n|-unboost|p1b: Dondozo|atk|1\n|\n|-heal|p1b: Dondozo|94\/100 slp|[from] item: Leftovers\n|upkeep\n|turn|11\n|inactive|Requiem887 has 30 seconds left.\n|inactive|Requiem887 has 20 seconds left.\n|inactive|Requiem887 has 15 seconds left.\n|inactive|Requiem887 has 10 seconds left.\n|\n|t:|1684142940\n|switch|p2a: Amoonguss|Amoonguss, L50, F|63\/100\n|move|p2b: Palafin|Haze|p2b: Palafin\n|-clearallboost\n|-curestatus|p1b: Dondozo|slp|[msg]\n|move|p1b: Dondozo|Earthquake|p2b: Palafin|[spread] p2a,p2b\n|-miss|p1b: Dondozo|p1a: Tatsugiri\n|-damage|p2a: Amoonguss|43\/100\n|-damage|p2b: Palafin|68\/100\n|\n|-heal|p1b: Dondozo|100\/100|[from] item: Leftovers\n|upkeep\n|turn|12\n|c|\u2606Requiem887|ah well\n|\n|t:|1684142956\n|move|p2b: Palafin|Substitute|p2b: Palafin\n|-start|p2b: Palafin|Substitute\n|-damage|p2b: Palafin|43\/100\n|move|p1b: Dondozo|Order Up|p2b: Palafin\n|-activate|p2b: Palafin|move: Substitute|[damage]\n|-boost|p1b: Dondozo|atk|1\n|move|p2a: Amoonguss|Spore|p1b: Dondozo\n|-status|p1b: Dondozo|slp|[from] move: Spore\n|\n|upkeep\n|turn|13\n|c|\u2606Requiem887|no point rlly ngl\n|-message|Requiem887 forfeited.\n|\n|win|Cody XCX\n|raw|Requiem887's rating: 1121 → 1094<\/strong> (-27 for losing)\n|raw|Cody XCX's rating: 1090 → 1119<\/strong> (+29 for winning)\n|l|\u2606Requiem887\n","uploadtime":1684142979,"views":15,"p1id":"requiem887","p2id":"codyxcx","formatid":"gen9vgc2023regulationc","rating":1094,"private":0,"password":""}