{"id":"gen9vgc2023regulationc-1854575883","p1":"We_Love_The_Gong","p2":"munch9876","format":"[Gen 9] VGC 2023 Regulation C","log":"|j|\u2606We_Love_The_Gong\n|j|\u2606munch9876\n|t:|1682829494\n|gametype|doubles\n|player|p1|We_Love_The_Gong|fantina|1442\n|player|p2|munch9876|2|1442\n|teamsize|p1|6\n|teamsize|p2|6\n|gen|9\n|tier|[Gen 9] VGC 2023 Regulation C\n|rated|\n|rule|Species Clause: Limit one of each Pok\u00e9mon\n|rule|Item Clause: Limit one of each item\n|clearpoke\n|poke|p1|Gholdengo, L50|\n|poke|p1|Ting-Lu, L50|\n|poke|p1|Gyarados, L50, M|\n|poke|p1|Flutter Mane, L50|\n|poke|p1|Amoonguss, L50, M|\n|poke|p1|Baxcalibur, L50, F|\n|poke|p2|Bronzong, L50|\n|poke|p2|Gyarados, L50, F|\n|poke|p2|Iron Hands, L50|\n|poke|p2|Chi-Yu, L50|\n|poke|p2|Ting-Lu, L50|\n|poke|p2|Abomasnow, L50, M|\n|teampreview|4\nWe_Love_The_Gong has agreed to open team sheets.\n|\n|t:|1682829544\n|start\n|switch|p1a: Gholdengo|Gholdengo, L50|100\/100\n|switch|p1b: Flutter Mane|Flutter Mane, L50|100\/100\n|switch|p2a: Abomasnow|Abomasnow, L50, M|100\/100\n|switch|p2b: Bronzong|Bronzong, L50|100\/100\n|-weather|Snow|[from] ability: Snow Warning|[of] p2a: Abomasnow\n|turn|1\n|\n|t:|1682829557\n|-terastallize|p2b: Bronzong|Fire\n|move|p2a: Abomasnow|Protect|p2a: Abomasnow\n|-singleturn|p2a: Abomasnow|Protect\n|move|p1b: Flutter Mane|Shadow Ball|p2b: Bronzong\n|-damage|p2b: Bronzong|53\/100\n|move|p1a: Gholdengo|Make It Rain|p2b: Bronzong|[spread] p2b\n|-activate|p2a: Abomasnow|move: Protect\n|-resisted|p2b: Bronzong\n|-damage|p2b: Bronzong|37\/100\n|-unboost|p1a: Gholdengo|spa|1\n|move|p2b: Bronzong|Trick Room|p2b: Bronzong\n|-fieldstart|move: Trick Room|[of] p2b: Bronzong\n|\n|-weather|Snow|[upkeep]\n|upkeep\n|turn|2\n|\n|t:|1682829577\n|-end|p1b: Flutter Mane|Protosynthesis|[silent]\n|switch|p1b: Baxcalibur|Baxcalibur, L50, F|100\/100\n|move|p2b: Bronzong|Gyro Ball|p1b: Baxcalibur\n|-supereffective|p1b: Baxcalibur\n|-damage|p1b: Baxcalibur|67\/100\n|move|p2a: Abomasnow|Aurora Veil|p2a: Abomasnow\n|-sidestart|p2: munch9876|move: Aurora Veil\n|move|p1a: Gholdengo|Nasty Plot|p1a: Gholdengo\n|-boost|p1a: Gholdengo|spa|2\n|\n|-weather|Snow|[upkeep]\n|upkeep\n|turn|3\n|\n|t:|1682829587\n|move|p2b: Bronzong|Night Shade|p1a: Gholdengo\n|-damage|p1a: Gholdengo|73\/100\n|move|p2a: Abomasnow|Blizzard|p1a: Gholdengo|[spread] p1a,p1b\n|-resisted|p1a: Gholdengo\n|-damage|p1a: Gholdengo|55\/100\n|-damage|p1b: Baxcalibur|31\/100\n|move|p1b: Baxcalibur|Glaive Rush|p2b: Bronzong\n|-crit|p2b: Bronzong\n|-damage|p2b: Bronzong|0 fnt\n|-singlemove|p1b: Baxcalibur|Glaive Rush|[silent]\n|faint|p2b: Bronzong\n|move|p1a: Gholdengo|Make It Rain|p2a: Abomasnow\n|-supereffective|p2a: Abomasnow\n|-damage|p2a: Abomasnow|0 fnt\n|-unboost|p1a: Gholdengo|spa|1\n|faint|p2a: Abomasnow\n|\n|-weather|Snow|[upkeep]\n|-heal|p1a: Gholdengo|61\/100|[from] item: Leftovers\n|upkeep\n|\n|t:|1682829593\n|switch|p2b: Gyarados|Gyarados, L50, F|100\/100\n|switch|p2a: Ting-Lu|Ting-Lu, L50|100\/100\n|-ability|p2a: Ting-Lu|Vessel of Ruin\n|-ability|p2b: Gyarados|Intimidate|boost\n|-unboost|p1a: Gholdengo|atk|1\n|-unboost|p1b: Baxcalibur|atk|1\n|turn|4\n|\n|t:|1682829603\n|move|p1b: Baxcalibur|Protect|p1b: Baxcalibur\n|-singleturn|p1b: Baxcalibur|Protect\n|move|p1a: Gholdengo|Protect|p1a: Gholdengo\n|-singleturn|p1a: Gholdengo|Protect\n|move|p2a: Ting-Lu|Earthquake|p1b: Baxcalibur|[spread] \n|-activate|p1a: Gholdengo|move: Protect\n|-activate|p1b: Baxcalibur|move: Protect\n|-immune|p2b: Gyarados\n|move|p2b: Gyarados|Dragon Dance|p2b: Gyarados\n|-boost|p2b: Gyarados|atk|1\n|-boost|p2b: Gyarados|spe|1\n|\n|-weather|Snow|[upkeep]\n|-heal|p1a: Gholdengo|67\/100|[from] item: Leftovers\n|upkeep\n|turn|5\n|\n|t:|1682829610\n|switch|p1b: Ting-Lu|Ting-Lu, L50|100\/100\n|-ability|p1b: Ting-Lu|Vessel of Ruin\n|move|p2b: Gyarados|Protect|p2b: Gyarados\n|-singleturn|p2b: Gyarados|Protect\n|move|p2a: Ting-Lu|Earthquake|p1b: Ting-Lu|[spread] p1a,p1b\n|-activate|p2b: Gyarados|move: Protect\n|-supereffective|p1a: Gholdengo\n|-damage|p1a: Gholdengo|0 fnt\n|-damage|p1b: Ting-Lu|64\/100\n|faint|p1a: Gholdengo\n|\n|-weather|none\n|-fieldend|move: Trick Room\n|upkeep\n|\n|t:|1682829624\n|switch|p1a: Flutter Mane|Flutter Mane, L50|100\/100\n|turn|6\n|\n|t:|1682829631\n|move|p2b: Gyarados|Waterfall|p1a: Flutter Mane\n|-damage|p1a: Flutter Mane|0 fnt\n|faint|p1a: Flutter Mane\n|-end|p1a: Flutter Mane|Protosynthesis|[silent]\n|move|p1b: Ting-Lu|Ruination|p2b: Gyarados\n|-damage|p2b: Gyarados|50\/100\n|-enditem|p2b: Gyarados|Sitrus Berry|[eat]\n|-heal|p2b: Gyarados|75\/100|[from] item: Sitrus Berry\n|move|p2a: Ting-Lu|Earthquake|p1b: Ting-Lu|[spread] p1b\n|-immune|p2b: Gyarados\n|-damage|p1b: Ting-Lu|26\/100\n|\n|-sideend|p2: munch9876|move: Aurora Veil\n|upkeep\n|\n|t:|1682829634\n|switch|p1a: Baxcalibur|Baxcalibur, L50, F|31\/100\n|turn|7\n|\n|t:|1682829650\n|-terastallize|p1a: Baxcalibur|Poison\n|move|p2b: Gyarados|Waterfall|p1b: Ting-Lu\n|-supereffective|p1b: Ting-Lu\n|-damage|p1b: Ting-Lu|0 fnt\n|faint|p1b: Ting-Lu\n|move|p1a: Baxcalibur|Icicle Spear|p2a: Ting-Lu\n|-supereffective|p2a: Ting-Lu\n|-damage|p2a: Ting-Lu|83\/100\n|-supereffective|p2a: Ting-Lu\n|-damage|p2a: Ting-Lu|64\/100\n|-supereffective|p2a: Ting-Lu\n|-damage|p2a: Ting-Lu|44\/100\n|-supereffective|p2a: Ting-Lu\n|-crit|p2a: Ting-Lu\n|-damage|p2a: Ting-Lu|20\/100\n|-hitcount|p2a: Ting-Lu|4\n|move|p2a: Ting-Lu|Earthquake|p1a: Baxcalibur|[spread] p1a\n|-immune|p2b: Gyarados\n|-supereffective|p1a: Baxcalibur\n|-damage|p1a: Baxcalibur|0 fnt\n|faint|p1a: Baxcalibur\n|\n|win|munch9876\n|raw|We_Love_The_Gong's rating: 1442 → 1422<\/strong> (-20 for losing)\n|raw|munch9876's rating: 1442 → 1462<\/strong> (+20 for winning)\n|c|\u2606We_Love_The_Gong|nice bo1 team\n","uploadtime":1682829667,"views":17,"p1id":"welovethegong","p2id":"munch9876","formatid":"gen9vgc2023regulationc","rating":1422,"private":0,"password":""}