{"id":"gen9vgc2023regulationc-1854527528","p1":"natiakane","p2":"Cogenic","format":"[Gen 9] VGC 2023 Regulation C","log":"|j|\u2606natiakane\n|j|\u2606Cogenic\n|t:|1682822550\n|gametype|doubles\n|player|p1|natiakane|dahlia|1407\n|player|p2|Cogenic|may-masters|1380\n|teamsize|p1|6\n|teamsize|p2|6\n|gen|9\n|tier|[Gen 9] VGC 2023 Regulation C\n|rated|\n|rule|Species Clause: Limit one of each Pok\u00e9mon\n|rule|Item Clause: Limit one of each item\n|clearpoke\n|poke|p1|Iron Hands, L50|\n|poke|p1|Iron Bundle, L50|\n|poke|p1|Skeledirge, L50, F|\n|poke|p1|Chien-Pao, L50|\n|poke|p1|Dondozo, L50, F|\n|poke|p1|Tatsugiri, L50, F|\n|poke|p2|Dondozo, L50, M|\n|poke|p2|Tatsugiri, L50, M|\n|poke|p2|Corviknight, L50, M|\n|poke|p2|Garganacl, L50, M|\n|poke|p2|Flutter Mane, L50|\n|poke|p2|Iron Bundle, L50|\n|teampreview|4\n|inactive|Battle timer is ON: inactive players will automatically lose when time's up. (requested by natiakane)\nCogenic has agreed to open team sheets.\n|inactive|Cogenic has 60 seconds left.\n|inactive|Cogenic has 30 seconds left.\n|\n|t:|1682822613\n|start\n|switch|p1a: Iron Hands|Iron Hands, L50|100\/100\n|switch|p1b: Skeledirge|Skeledirge, L50, F|100\/100\n|switch|p2a: Dondozo|Dondozo, L50, M|100\/100\n|switch|p2b: change man|Flutter Mane, L50|100\/100\n|turn|1\n|inactive|Cogenic has 30 seconds left.\n|inactive|Cogenic has 20 seconds left.\n|inactive|Cogenic has 15 seconds left.\n|inactive|Cogenic has 10 seconds left.\n|\n|t:|1682822661\n|-terastallize|p2b: change man|Fairy\n|move|p2a: Dondozo|Protect|p2a: Dondozo\n|-singleturn|p2a: Dondozo|Protect\n|move|p2b: change man|Moonblast|p1a: Iron Hands\n|-supereffective|p1a: Iron Hands\n|-damage|p1a: Iron Hands|6\/100\n|-unboost|p1a: Iron Hands|spa|1\n|-damage|p2b: change man|90\/100|[from] item: Life Orb\n|move|p1b: Skeledirge|Torch Song|p2b: change man\n|-damage|p2b: change man|54\/100\n|-boost|p1b: Skeledirge|spa|1\n|move|p1a: Iron Hands|Wild Charge|p2a: Dondozo\n|-activate|p2a: Dondozo|move: Protect\n|\n|upkeep\n|turn|2\n|inactive|natiakane has 30 seconds left.\n|inactive|Cogenic has 30 seconds left.\n|inactive|Cogenic has 20 seconds left.\n|inactive|Cogenic has 15 seconds left.\n|\n|t:|1682822703\n|-terastallize|p1b: Skeledirge|Grass\n|move|p2b: change man|Moonblast|p1b: Skeledirge\n|-damage|p1b: Skeledirge|14\/100\n|-damage|p2b: change man|44\/100|[from] item: Life Orb\n|move|p2a: Dondozo|Wave Crash|p1a: Iron Hands\n|-damage|p1a: Iron Hands|0 fnt\n|faint|p1a: Iron Hands\n|-end|p1a: Iron Hands|Quark Drive|[silent]\n|-damage|p2a: Dondozo|99\/100|[from] Recoil\n|move|p1b: Skeledirge|Torch Song|p2b: change man\n|-damage|p2b: change man|0 fnt\n|-boost|p1b: Skeledirge|spa|1\n|faint|p2b: change man\n|-end|p2b: change man|Protosynthesis|[silent]\n|\n|-heal|p2a: Dondozo|100\/100|[from] item: Leftovers\n|-heal|p1b: Skeledirge|20\/100|[from] item: Leftovers\n|upkeep\n|\n|t:|1682822713\n|switch|p2b: Garganacl|Garganacl, L50, M|100\/100\n|switch|p1a: Tatsugiri|Tatsugiri, L50, F|100\/100\n|turn|3\n|\n|t:|1682822728\n|switch|p2b: Tatsugiri|Tatsugiri, L50, M|100\/100\n|-activate|p2b: Tatsugiri|ability: Commander|[of] p2a: Dondozo\n|-boost|p2a: Dondozo|atk|2\n|-boost|p2a: Dondozo|spa|2\n|-boost|p2a: Dondozo|spe|2\n|-boost|p2a: Dondozo|def|2\n|-boost|p2a: Dondozo|spd|2\n|move|p1a: Tatsugiri|Hydro Pump|p2b: Tatsugiri|[miss]\n|-miss|p1a: Tatsugiri|p2b: Tatsugiri\n|move|p2a: Dondozo|Wave Crash|p1b: Skeledirge\n|-resisted|p1b: Skeledirge\n|-damage|p1b: Skeledirge|0 fnt\n|faint|p1b: Skeledirge\n|-damage|p2a: Dondozo|94\/100|[from] Recoil\n|\n|-heal|p2a: Dondozo|100\/100|[from] item: Leftovers\n|upkeep\n|\n|t:|1682822730\n|switch|p1b: Dondozo|Dondozo, L50, F|100\/100\n|-activate|p1a: Tatsugiri|ability: Commander|[of] p1b: Dondozo\n|-boost|p1b: Dondozo|atk|2\n|-boost|p1b: Dondozo|spa|2\n|-boost|p1b: Dondozo|spe|2\n|-boost|p1b: Dondozo|def|2\n|-boost|p1b: Dondozo|spd|2\n|turn|4\n|\n|t:|1682822746\n|move|p2a: Dondozo|Earthquake|p1b: Dondozo|[spread] p1b\n|-miss|p2a: Dondozo|p2b: Tatsugiri\n|-miss|p2a: Dondozo|p1a: Tatsugiri\n|-crit|p1b: Dondozo\n|-damage|p1b: Dondozo|76\/100\n|move|p1b: Dondozo|Order Up|p2a: Dondozo\n|-damage|p2a: Dondozo|64\/100\n|-boost|p1b: Dondozo|atk|1\n|\n|-heal|p2a: Dondozo|70\/100|[from] item: Leftovers\n|upkeep\n|turn|5\n|c|\u2606Cogenic|oh gg\n|-message|Cogenic forfeited.\n|\n|win|natiakane\n|raw|natiakane's rating: 1407 → 1425<\/strong> (+18 for winning)\n|raw|Cogenic's rating: 1380 → 1362<\/strong> (-18 for losing)\n","uploadtime":1682822755,"views":13,"p1id":"natiakane","p2id":"cogenic","formatid":"gen9vgc2023regulationc","rating":1362,"private":0,"password":""}