{"id":"gen9vgc2023regulationc-1861396970","p1":"Abuelaphsycko22","p2":"soraesc","format":"[Gen 9] VGC 2023 Regulation C","log":"|j|\u2606Abuelaphsycko22\n|j|\u2606soraesc\n|t:|1683753213\n|gametype|doubles\n|player|p1|Abuelaphsycko22|pokemaniac|1136\n|player|p2|soraesc|flannery|1224\n|teamsize|p1|6\n|teamsize|p2|6\n|gen|9\n|tier|[Gen 9] VGC 2023 Regulation C\n|rated|\n|rule|Species Clause: Limit one of each Pok\u00e9mon\n|rule|Item Clause: Limit one of each item\n|clearpoke\n|poke|p1|Chien-Pao, L50|\n|poke|p1|Chi-Yu, L50|\n|poke|p1|Murkrow, L50, M|\n|poke|p1|Flutter Mane, L50|\n|poke|p1|Gyarados, L50, F|\n|poke|p1|Amoonguss, L50, F|\n|poke|p2|Abomasnow, L50, F|\n|poke|p2|Iron Bundle, L50|\n|poke|p2|Gholdengo, L50|\n|poke|p2|Baxcalibur, L50, F|\n|poke|p2|Chi-Yu, L50|\n|poke|p2|Rotom-Wash, L50|\n|teampreview|4\n|inactive|Battle timer is ON: inactive players will automatically lose when time's up. (requested by soraesc)\n|inactive|soraesc has 60 seconds left.\n|\n|t:|1683753245\n|start\n|switch|p1a: Murkrow|Murkrow, L50, M, shiny|100\/100\n|switch|p1b: Chi-Yu|Chi-Yu, L50|100\/100\n|switch|p2a: Chi-Yu|Chi-Yu, L50|100\/100\n|switch|p2b: Baxcalibur|Baxcalibur, L50, F|100\/100\n|-ability|p2a: Chi-Yu|Beads of Ruin\n|-ability|p1b: Chi-Yu|Beads of Ruin\n|turn|1\n|inactive|Abuelaphsycko22 has 30 seconds left.\n|\n|t:|1683753272\n|move|p1a: Murkrow|Tailwind|p1a: Murkrow\n|-sidestart|p1: Abuelaphsycko22|move: Tailwind\n|move|p1b: Chi-Yu|Dark Pulse|p2b: Baxcalibur\n|-damage|p2b: Baxcalibur|65\/100\n|move|p2a: Chi-Yu|Lava Plume|p1b: Chi-Yu|[spread] p2b,p1a,p1b\n|-crit|p1a: Murkrow\n|-resisted|p1b: Chi-Yu\n|-damage|p2b: Baxcalibur|39\/100\n|-damage|p1a: Murkrow|49\/100\n|-damage|p1b: Chi-Yu|83\/100\n|-ability|p2b: Baxcalibur|Thermal Exchange|boost\n|-boost|p2b: Baxcalibur|atk|1\n|move|p2b: Baxcalibur|Glaive Rush|p1b: Chi-Yu\n|-damage|p1b: Chi-Yu|0 fnt\n|-singlemove|p2b: Baxcalibur|Glaive Rush|[silent]\n|faint|p1b: Chi-Yu\n|\n|upkeep\n|\n|t:|1683753287\n|switch|p1b: Flutter Mane|Flutter Mane, L50, shiny|100\/100\n|-enditem|p1b: Flutter Mane|Booster Energy\n|-activate|p1b: Flutter Mane|ability: Protosynthesis|[fromitem]\n|-start|p1b: Flutter Mane|protosynthesisspe\n|turn|2\n|\n|t:|1683753304\n|move|p1a: Murkrow|Haze|p1a: Murkrow\n|-clearallboost\n|move|p2b: Baxcalibur|Ice Shard|p1a: Murkrow\n|-supereffective|p1a: Murkrow\n|-damage|p1a: Murkrow|0 fnt\n|faint|p1a: Murkrow\n|move|p1b: Flutter Mane|Moonblast|p2a: Chi-Yu\n|-damage|p2a: Chi-Yu|46\/100\n|-unboost|p2a: Chi-Yu|spa|1\n|move|p2a: Chi-Yu|Lava Plume|p1b: Flutter Mane|[spread] p2b,p1b\n|-damage|p2b: Baxcalibur|23\/100\n|-damage|p1b: Flutter Mane|74\/100\n|-ability|p2b: Baxcalibur|Thermal Exchange|boost\n|-boost|p2b: Baxcalibur|atk|1\n|\n|upkeep\n|\n|t:|1683753320\n|switch|p1a: Chien-Pao|Chien-Pao, L50|100\/100\n|-ability|p1a: Chien-Pao|Sword of Ruin\n|turn|3\n|\n|t:|1683753332\n|move|p1a: Chien-Pao|Sucker Punch|p2b: Baxcalibur\n|-crit|p2b: Baxcalibur\n|-damage|p2b: Baxcalibur|0 fnt\n|faint|p2b: Baxcalibur\n|move|p1b: Flutter Mane|Moonblast|p2a: Chi-Yu\n|-crit|p2a: Chi-Yu\n|-damage|p2a: Chi-Yu|0 fnt\n|faint|p2a: Chi-Yu\n|\n|upkeep\n|\n|t:|1683753334\n|switch|p2a: Abomasnow|Abomasnow, L50, F, shiny|100\/100\n|switch|p2b: Iron Bundle|Iron Bundle, L50, shiny|100\/100\n|-weather|Snow|[from] ability: Snow Warning|[of] p2a: Abomasnow\n|-enditem|p2b: Iron Bundle|Booster Energy\n|-activate|p2b: Iron Bundle|ability: Quark Drive|[fromitem]\n|-start|p2b: Iron Bundle|quarkdrivespe\n|turn|4\n|\n|t:|1683753356\n|move|p2b: Iron Bundle|Protect|p2b: Iron Bundle\n|-singleturn|p2b: Iron Bundle|Protect\n|move|p2a: Abomasnow|Protect|p2a: Abomasnow\n|-singleturn|p2a: Abomasnow|Protect\n|move|p1b: Flutter Mane|Shadow Ball|p2a: Abomasnow\n|-activate|p2a: Abomasnow|move: Protect\n|move|p1a: Chien-Pao|Sacred Sword|p2b: Iron Bundle\n|-activate|p2b: Iron Bundle|move: Protect\n|\n|-weather|Snow|[upkeep]\n|-sideend|p1: Abuelaphsycko22|move: Tailwind\n|upkeep\n|turn|5\n|\n|t:|1683753381\n|-terastallize|p2b: Iron Bundle|Ghost\n|move|p1b: Flutter Mane|Shadow Ball|p2a: Abomasnow\n|-damage|p2a: Abomasnow|53\/100\n|move|p2b: Iron Bundle|Aurora Veil|p2b: Iron Bundle\n|-sidestart|p2: soraesc|move: Aurora Veil\n|move|p1a: Chien-Pao|Sacred Sword|p2a: Abomasnow\n|-supereffective|p2a: Abomasnow\n|-damage|p2a: Abomasnow|12\/100\n|move|p2a: Abomasnow|Blizzard|p1b: Flutter Mane|[spread] p1a,p1b\n|-resisted|p1a: Chien-Pao\n|-damage|p1a: Chien-Pao|59\/100\n|-damage|p1b: Flutter Mane|24\/100\n|-damage|p2a: Abomasnow|3\/100|[from] item: Life Orb\n|\n|-weather|Snow|[upkeep]\n|upkeep\n|turn|6\n|inactive|Abuelaphsycko22 has 30 seconds left.\n|\n|t:|1683753407\n|-terastallize|p1a: Chien-Pao|Dark\n|move|p1a: Chien-Pao|Sucker Punch|p2b: Iron Bundle\n|-supereffective|p2b: Iron Bundle\n|-damage|p2b: Iron Bundle|9\/100\n|move|p1b: Flutter Mane|Shadow Ball|p2b: Iron Bundle\n|-supereffective|p2b: Iron Bundle\n|-damage|p2b: Iron Bundle|0 fnt\n|faint|p2b: Iron Bundle\n|-end|p2b: Iron Bundle|Quark Drive|[silent]\n|move|p2a: Abomasnow|Blizzard|p1a: Chien-Pao|[spread] p1a,p1b\n|-crit|p1b: Flutter Mane\n|-damage|p1a: Chien-Pao|0 fnt\n|-damage|p1b: Flutter Mane|0 fnt\n|faint|p1a: Chien-Pao\n|faint|p1b: Flutter Mane\n|-end|p1b: Flutter Mane|Protosynthesis|[silent]\n|-damage|p2a: Abomasnow|0 fnt|[from] item: Life Orb\n|faint|p2a: Abomasnow\n|\n|win|soraesc\n|raw|Abuelaphsycko22's rating: 1136 → 1117<\/strong> (-19 for losing)\n|raw|soraesc's rating: 1224 → 1243<\/strong> (+19 for winning)\n|l|\u2606Abuelaphsycko22\n","uploadtime":1683753424,"views":5,"p1id":"abuelaphsycko22","p2id":"soraesc","formatid":"gen9vgc2023regulationc","rating":1117,"private":0,"password":""}