{"id":"gen9vgc2023regulationc-1849681872","p1":"haha u rage quit","p2":"carrotbeafsteak","format":"[Gen 9] VGC 2023 Regulation C","log":"|j|\u2606haha u rage quit\n|j|\u2606carrotbeafsteak\n|t:|1682231376\n|gametype|doubles\n|player|p1|haha u rage quit|pokemaniac|1222\n|player|p2|carrotbeafsteak|nurseryaide|1166\n|teamsize|p1|6\n|teamsize|p2|6\n|gen|9\n|tier|[Gen 9] VGC 2023 Regulation C\n|rated|\n|rule|Species Clause: Limit one of each Pok\u00e9mon\n|rule|Item Clause: Limit one of each item\n|clearpoke\n|poke|p1|Ting-Lu, L50|\n|poke|p1|Arcanine, L50, M|\n|poke|p1|Amoonguss, L50, M|\n|poke|p1|Palafin, L50, M|\n|poke|p1|Flutter Mane, L50|\n|poke|p1|Chi-Yu, L50|\n|poke|p2|Great Tusk, L50|\n|poke|p2|Flutter Mane, L50|\n|poke|p2|Ting-Lu, L50|\n|poke|p2|Torkoal, L50, F|\n|poke|p2|Jumpluff, L50, F|\n|poke|p2|Rotom-Wash, L50|\n|teampreview|4\n|\n|t:|1682231435\n|start\n|switch|p1a: Ting-Lu|Ting-Lu, L50|100\/100\n|switch|p1b: Arcanine|Arcanine, L50, M|100\/100\n|switch|p2a: Jumpluff|Jumpluff, L50, F|100\/100\n|switch|p2b: Ting-Lu|Ting-Lu, L50|100\/100\n|-ability|p1b: Arcanine|Intimidate|boost\n|-unboost|p2a: Jumpluff|atk|1\n|-unboost|p2b: Ting-Lu|atk|1\n|-ability|p2b: Ting-Lu|Vessel of Ruin\n|-ability|p1a: Ting-Lu|Vessel of Ruin\n|turn|1\n|\n|t:|1682231467\n|-terastallize|p1b: Arcanine|Grass\n|move|p2a: Jumpluff|Tailwind|p2a: Jumpluff\n|-sidestart|p2: carrotbeafsteak|move: Tailwind\n|move|p2b: Ting-Lu|Earthquake|p1b: Arcanine|[spread] p1a,p1b\n|-immune|p2a: Jumpluff\n|-resisted|p1b: Arcanine\n|-damage|p1a: Ting-Lu|82\/100\n|-damage|p1b: Arcanine|80\/100\n|move|p1b: Arcanine|Flare Blitz|p2a: Jumpluff\n|-supereffective|p2a: Jumpluff\n|-damage|p2a: Jumpluff|0 fnt\n|faint|p2a: Jumpluff\n|-damage|p1b: Arcanine|50\/100|[from] Recoil\n|move|p1a: Ting-Lu|Fissure|p2b: Ting-Lu|[miss]\n|-miss|p1a: Ting-Lu|p2b: Ting-Lu\n|\n|upkeep\n|\n|t:|1682231484\n|switch|p2a: Torkoal|Torkoal, L50, F|100\/100\n|-weather|SunnyDay|[from] ability: Drought|[of] p2a: Torkoal\n|turn|2\n|inactive|Battle timer is ON: inactive players will automatically lose when time's up. (requested by haha u rage quit)\n|\n|t:|1682231516\n|switch|p2b: Rotom|Rotom-Wash, L50|100\/100\n|-terastallize|p2a: Torkoal|Flying\n|move|p1b: Arcanine|Protect|p1b: Arcanine\n|-singleturn|p1b: Arcanine|Protect\n|move|p2a: Torkoal|Overheat|p1b: Arcanine\n|-activate|p1b: Arcanine|move: Protect\n|move|p1a: Ting-Lu|Stomping Tantrum|p2a: Torkoal\n|-immune|p2a: Torkoal\n|\n|-weather|SunnyDay|[upkeep]\n|upkeep\n|turn|3\n|inactive|haha u rage quit has 30 seconds left.\n|\n|t:|1682231544\n|switch|p1b: Chi-Yu|Chi-Yu, L50|100\/100\n|-ability|p1b: Chi-Yu|Beads of Ruin\n|move|p2b: Rotom|Nasty Plot|p2b: Rotom\n|-boost|p2b: Rotom|spa|2\n|move|p2a: Torkoal|Overheat|p1b: Chi-Yu\n|-resisted|p1b: Chi-Yu\n|-damage|p1b: Chi-Yu|71\/100\n|-unboost|p2a: Torkoal|spa|2\n|-enditem|p2a: Torkoal|Eject Pack\n|\n|t:|1682231553\n|switch|p2a: Ting-Lu|Ting-Lu, L50|100\/100\n|-ability|p2a: Ting-Lu|Vessel of Ruin\n|move|p1a: Ting-Lu|Ruination|p2a: Ting-Lu\n|-damage|p2a: Ting-Lu|51\/100\n|\n|-weather|SunnyDay|[upkeep]\n|-heal|p1b: Chi-Yu|77\/100|[from] item: Leftovers\n|upkeep\n|turn|4\n|\n|t:|1682231568\n|move|p1b: Chi-Yu|Protect|p1b: Chi-Yu\n|-singleturn|p1b: Chi-Yu|Protect\n|move|p2b: Rotom|Thunderbolt|p1b: Chi-Yu\n|-activate|p1b: Chi-Yu|move: Protect\n|move|p2a: Ting-Lu|Earthquake|p1a: Ting-Lu|[spread] p1a\n|-activate|p1b: Chi-Yu|move: Protect\n|-immune|p2b: Rotom|[from] ability: Levitate\n|-damage|p1a: Ting-Lu|52\/100\n|move|p1a: Ting-Lu|Ruination|p2b: Rotom\n|-damage|p2b: Rotom|51\/100\n|\n|-weather|SunnyDay|[upkeep]\n|-heal|p2b: Rotom|57\/100|[from] item: Leftovers\n|-heal|p1b: Chi-Yu|83\/100|[from] item: Leftovers\n|-sideend|p2: carrotbeafsteak|move: Tailwind\n|upkeep\n|turn|5\n|inactive|haha u rage quit has 30 seconds left.\n|inactive|haha u rage quit has 20 seconds left.\n|inactive|haha u rage quit has 15 seconds left.\n|inactive|haha u rage quit has 10 seconds left.\n|\n|t:|1682231617\n|switch|p1b: Arcanine|Arcanine, L50, M, tera:Grass|50\/100\n|-ability|p1b: Arcanine|Intimidate|boost\n|-unboost|p2a: Ting-Lu|atk|1\n|-unboost|p2b: Rotom|atk|1\n|move|p2b: Rotom|Thunderbolt|p1b: Arcanine\n|-resisted|p1b: Arcanine\n|-damage|p1b: Arcanine|28\/100\n|move|p2a: Ting-Lu|Earthquake|p1b: Arcanine|[spread] p1a,p1b\n|-immune|p2b: Rotom|[from] ability: Levitate\n|-resisted|p1b: Arcanine\n|-damage|p1a: Ting-Lu|33\/100\n|-damage|p1b: Arcanine|9\/100\n|-enditem|p1b: Arcanine|Aguav Berry|[eat]\n|-heal|p1b: Arcanine|42\/100|[from] item: Aguav Berry\n|move|p1a: Ting-Lu|Fissure|p2a: Ting-Lu\n|-damage|p2a: Ting-Lu|0 fnt\n|faint|p2a: Ting-Lu\n|-ohko\n|\n|-weather|SunnyDay|[upkeep]\n|-heal|p2b: Rotom|62\/100|[from] item: Leftovers\n|upkeep\n|\n|t:|1682231628\n|switch|p2a: Torkoal|Torkoal, L50, F, tera:Flying|100\/100\n|turn|6\n|inactive|carrotbeafsteak has 30 seconds left.\n|\n|t:|1682231654\n|move|p1b: Arcanine|Protect|p1b: Arcanine\n|-singleturn|p1b: Arcanine|Protect\n|move|p2a: Torkoal|Protect|p2a: Torkoal\n|-singleturn|p2a: Torkoal|Protect\n|move|p2b: Rotom|Nasty Plot|p2b: Rotom\n|-boost|p2b: Rotom|spa|2\n|move|p1a: Ting-Lu|Ruination|p2a: Torkoal\n|-activate|p2a: Torkoal|move: Protect\n|\n|-weather|none\n|-heal|p2b: Rotom|68\/100|[from] item: Leftovers\n|upkeep\n|turn|7\n|inactive|haha u rage quit has 30 seconds left.\n|\n|t:|1682231697\n|move|p2a: Torkoal|Helping Hand|p2b: Rotom\n|-singleturn|p2b: Rotom|Helping Hand|[of] p2a: Torkoal\n|move|p1b: Arcanine|Wild Charge|p2a: Torkoal\n|-supereffective|p2a: Torkoal\n|-damage|p2a: Torkoal|60\/100\n|-damage|p1b: Arcanine|33\/100|[from] Recoil\n|move|p2b: Rotom|Tera Blast|p1a: Ting-Lu\n|-damage|p1a: Ting-Lu|6\/100\n|move|p1a: Ting-Lu|Ruination|p2b: Rotom\n|-damage|p2b: Rotom|34\/100\n|\n|-heal|p2b: Rotom|40\/100|[from] item: Leftovers\n|upkeep\n|turn|8\n|inactive|haha u rage quit has 30 seconds left.\n|inactive|carrotbeafsteak has 30 seconds left.\n|inactive|haha u rage quit has 20 seconds left.\n|inactive|haha u rage quit has 15 seconds left.\n|\n|t:|1682231738\n|move|p1b: Arcanine|Protect|p1b: Arcanine\n|-singleturn|p1b: Arcanine|Protect\n|move|p2b: Rotom|Protect|p2b: Rotom\n|-singleturn|p2b: Rotom|Protect\n|move|p2a: Torkoal|Protect|p2a: Torkoal\n|-singleturn|p2a: Torkoal|Protect\n|move|p1a: Ting-Lu|Ruination|p2a: Torkoal\n|-activate|p2a: Torkoal|move: Protect\n|\n|-heal|p2b: Rotom|46\/100|[from] item: Leftovers\n|upkeep\n|turn|9\n|\n|t:|1682231760\n|move|p1b: Arcanine|Wild Charge|p2a: Torkoal\n|-supereffective|p2a: Torkoal\n|-damage|p2a: Torkoal|17\/100\n|-damage|p1b: Arcanine|23\/100|[from] Recoil\n|move|p2b: Rotom|Tera Blast|p1a: Ting-Lu\n|-damage|p1a: Ting-Lu|0 fnt\n|faint|p1a: Ting-Lu\n|move|p2a: Torkoal|Overheat|p1b: Arcanine\n|-supereffective|p1b: Arcanine\n|-crit|p1b: Arcanine\n|-damage|p1b: Arcanine|0 fnt\n|-unboost|p2a: Torkoal|spa|2\n|faint|p1b: Arcanine\n|\n|-heal|p2b: Rotom|51\/100|[from] item: Leftovers\n|upkeep\n|\n|t:|1682231770\n|switch|p1b: Chi-Yu|Chi-Yu, L50|83\/100\n|switch|p1a: Flutter Mane|Flutter Mane, L50, shiny|100\/100\n|-ability|p1b: Chi-Yu|Beads of Ruin\n|-enditem|p1a: Flutter Mane|Booster Energy\n|-activate|p1a: Flutter Mane|ability: Protosynthesis|[fromitem]\n|-start|p1a: Flutter Mane|protosynthesisspa\n|turn|10\n|-message|carrotbeafsteak forfeited.\n|\n|win|haha u rage quit\n|raw|haha u rage quit's rating: 1222 → 1243<\/strong> (+21 for winning)\n|raw|carrotbeafsteak's rating: 1166 → 1145<\/strong> (-21 for losing)\n|l|\u2606carrotbeafsteak\n|l|\u2606haha u rage quit\n|j|\u2606haha u rage quit\n|player|p1|haha u rage quit|pokemaniac\n","uploadtime":1682231808,"views":12,"p1id":"hahauragequit","p2id":"carrotbeafsteak","formatid":"gen9vgc2023regulationc","rating":1145,"private":0,"password":""}