{"id":"gen9vgc2023regulationc-1861568247","p1":"iStockphoto","p2":"cdg23","format":"[Gen 9] VGC 2023 Regulation C","log":"|j|\u2606iStockphoto\n|j|\u2606cdg23\n|t:|1683774394\n|gametype|doubles\n|player|p1|iStockphoto|170|1094\n|player|p2|cdg23|170|1013\n|teamsize|p1|6\n|teamsize|p2|6\n|gen|9\n|tier|[Gen 9] VGC 2023 Regulation C\n|rated|\n|rule|Species Clause: Limit one of each Pok\u00e9mon\n|rule|Item Clause: Limit one of each item\n|clearpoke\n|poke|p1|Abomasnow, L50, M|\n|poke|p1|Baxcalibur, L50, F|\n|poke|p1|Ting-Lu, L50|\n|poke|p1|Maushold, L50|\n|poke|p1|Wo-Chien, L50|\n|poke|p1|Gholdengo, L50|\n|poke|p2|Murkrow, L50, M|\n|poke|p2|Umbreon, L50, M|\n|poke|p2|Gothitelle, L50, F|\n|poke|p2|Chien-Pao, L50|\n|poke|p2|Tyranitar, L50, M|\n|poke|p2|Spiritomb, L50, M|\n|teampreview|4\niStockphoto has agreed to open team sheets.\n|\n|t:|1683774421\n|start\n|switch|p1a: Maushold|Maushold, L50|100\/100\n|switch|p1b: Baxcalibur|Baxcalibur, L50, F|100\/100\n|switch|p2a: Murkrow|Murkrow, L50, M|100\/100\n|switch|p2b: Chien-Pao|Chien-Pao, L50|100\/100\n|-ability|p2b: Chien-Pao|Sword of Ruin\n|turn|1\n|inactive|Battle timer is ON: inactive players will automatically lose when time's up. (requested by cdg23)\n|\n|t:|1683774441\n|-terastallize|p1a: Maushold|Ghost\n|-terastallize|p2a: Murkrow|Steel\n|move|p1a: Maushold|Follow Me|p1a: Maushold\n|-singleturn|p1a: Maushold|move: Follow Me\n|move|p2a: Murkrow|Perish Song|p2a: Murkrow\n|-start|p1a: Maushold|perish3|[silent]\n|-start|p1b: Baxcalibur|perish3|[silent]\n|-start|p2a: Murkrow|perish3|[silent]\n|-start|p2b: Chien-Pao|perish3|[silent]\n|-fieldactivate|move: Perish Song\n|move|p2b: Chien-Pao|Ruination|p1a: Maushold\n|-damage|p1a: Maushold|51\/100\n|move|p1b: Baxcalibur|Dragon Dance|p1b: Baxcalibur\n|-boost|p1b: Baxcalibur|atk|1\n|-boost|p1b: Baxcalibur|spe|1\n|\n|-start|p1b: Baxcalibur|perish3\n|-start|p2b: Chien-Pao|perish3\n|-start|p1a: Maushold|perish3\n|-start|p2a: Murkrow|perish3\n|upkeep\n|turn|2\n|inactive|iStockphoto has 30 seconds left.\n|inactive|iStockphoto has 20 seconds left.\n|\n|t:|1683774477\n|move|p1a: Maushold|Follow Me|p1a: Maushold\n|-singleturn|p1a: Maushold|move: Follow Me\n|move|p2a: Murkrow|Tailwind|p2a: Murkrow\n|-sidestart|p2: cdg23|move: Tailwind\n|move|p2b: Chien-Pao|Ruination|p1a: Maushold\n|-damage|p1a: Maushold|26\/100\n|move|p1b: Baxcalibur|Icicle Crash|p2a: Murkrow|[miss]\n|-miss|p1b: Baxcalibur|p2a: Murkrow\n|\n|-start|p2b: Chien-Pao|perish2\n|-start|p2a: Murkrow|perish2\n|-start|p1b: Baxcalibur|perish2\n|-start|p1a: Maushold|perish2\n|upkeep\n|turn|3\n|inactive|iStockphoto has 30 seconds left.\n|\n|t:|1683774506\n|switch|p2b: Umbreon|Umbreon, L50, M, shiny|100\/100\n|switch|p2a: Gothitelle|Gothitelle, L50, F|100\/100\n|switch|p1a: Abomasnow|Abomasnow, L50, M|100\/100\n|-weather|Snow|[from] ability: Snow Warning|[of] p1a: Abomasnow\n|move|p1b: Baxcalibur|Earthquake|p2b: Umbreon|[spread] p1a,p2a,p2b\n|-resisted|p1a: Abomasnow\n|-damage|p1a: Abomasnow|81\/100\n|-damage|p2a: Gothitelle|58\/100\n|-damage|p2b: Umbreon|66\/100\n|\n|-weather|Snow|[upkeep]\n|-start|p1b: Baxcalibur|perish1\n|upkeep\n|turn|4\n|\n|t:|1683774530\n|move|p2b: Umbreon|Protect|p2b: Umbreon\n|-singleturn|p2b: Umbreon|Protect\n|move|p2a: Gothitelle|Fake Out|p1b: Baxcalibur\n|-crit|p1b: Baxcalibur\n|-damage|p1b: Baxcalibur|94\/100\n|cant|p1b: Baxcalibur|flinch\n|move|p1a: Abomasnow|Aurora Veil|p1a: Abomasnow\n|-sidestart|p1: iStockphoto|move: Aurora Veil\n|\n|-weather|Snow|[upkeep]\n|-start|p1b: Baxcalibur|perish0\n|faint|p1b: Baxcalibur\n|upkeep\n|\n|t:|1683774543\n|switch|p1b: Gholdengo|Gholdengo, L50|100\/100\n|turn|5\n|\n|t:|1683774551\n|move|p2b: Umbreon|Baton Pass|p2b: Umbreon\n|\n|t:|1683774563\n|switch|p2b: Murkrow|Murkrow, L50, M, tera:Steel|100\/100|[from] Baton Pass\n|move|p2a: Gothitelle|Thunder Wave|p1b: Gholdengo\n|-immune|p1b: Gholdengo|[from] ability: Good as Gold\n|move|p1b: Gholdengo|Nasty Plot|p1b: Gholdengo\n|-boost|p1b: Gholdengo|spa|2\n|move|p1a: Abomasnow|Blizzard|p2a: Gothitelle|[spread] p2a,p2b\n|-resisted|p2b: Murkrow\n|-damage|p2a: Gothitelle|33\/100\n|-damage|p2b: Murkrow|87\/100\n|\n|-weather|Snow|[upkeep]\n|-sideend|p2: cdg23|move: Tailwind\n|upkeep\n|turn|6\n|\n|t:|1683774588\n|move|p2b: Murkrow|Perish Song|p2b: Murkrow\n|-start|p1a: Abomasnow|perish3|[silent]\n|-immune|p1b: Gholdengo|[from] ability: Good as Gold\n|-start|p2a: Gothitelle|perish3|[silent]\n|-start|p2b: Murkrow|perish3|[silent]\n|-fieldactivate|move: Perish Song\n|move|p1b: Gholdengo|Shadow Ball|p2b: Murkrow\n|-damage|p2b: Murkrow|0 fnt\n|faint|p2b: Murkrow\n|move|p1a: Abomasnow|Blizzard|p2a: Gothitelle\n|-damage|p2a: Gothitelle|0 fnt\n|faint|p2a: Gothitelle\n|\n|-weather|Snow|[upkeep]\n|-start|p1a: Abomasnow|perish3\n|upkeep\n|\n|t:|1683774601\n|switch|p2b: Chien-Pao|Chien-Pao, L50|100\/100\n|switch|p2a: Umbreon|Umbreon, L50, M, shiny|66\/100\n|-ability|p2b: Chien-Pao|Sword of Ruin\n|turn|7\n|\n|t:|1683774619\n|switch|p1a: Maushold|Maushold, L50, tera:Ghost|26\/100\n|move|p2a: Umbreon|Quick Attack|p1a: Maushold\n|-immune|p1a: Maushold\n|move|p2b: Chien-Pao|Ruination|p1b: Gholdengo\n|-damage|p1b: Gholdengo|50\/100\n|move|p1b: Gholdengo|Make It Rain|p2b: Chien-Pao|[spread] p2a,p2b\n|-supereffective|p2b: Chien-Pao\n|-damage|p2a: Umbreon|0 fnt\n|-enditem|p2b: Chien-Pao|Focus Sash\n|-damage|p2b: Chien-Pao|1\/100\n|-unboost|p1b: Gholdengo|spa|1\n|faint|p2a: Umbreon\n|\n|-weather|none\n|upkeep\n|turn|8\n|-message|cdg23 forfeited.\n|\n|win|iStockphoto\n|raw|iStockphoto's rating: 1094 → 1114<\/strong> (+20 for winning)\n|raw|cdg23's rating: 1013 → 1004<\/strong> (-9 for losing)\n|l|\u2606cdg23\n","uploadtime":1683774639,"views":15,"p1id":"istockphoto","p2id":"cdg23","formatid":"gen9vgc2023regulationc","rating":1004,"private":0,"password":""}