{"id":"gen9vgc2023regulationc-1850832032","p1":"ICCR","p2":"ROOM.exe","format":"[Gen 9] VGC 2023 Regulation C","log":"|j|\u2606ICCR\n|j|\u2606ROOM.exe\n|t:|1682372249\n|gametype|doubles\n|player|p1|ICCR|266|1294\n|player|p2|ROOM.exe|rosa|1192\n|teamsize|p1|6\n|teamsize|p2|6\n|gen|9\n|tier|[Gen 9] VGC 2023 Regulation C\n|rated|\n|rule|Species Clause: Limit one of each Pok\u00e9mon\n|rule|Item Clause: Limit one of each item\n|clearpoke\n|poke|p1|Arcanine, L50, M|\n|poke|p1|Palafin, L50, F|\n|poke|p1|Baxcalibur, L50, F|\n|poke|p1|Amoonguss, L50, M|\n|poke|p1|Ting-Lu, L50|\n|poke|p1|Flutter Mane, L50|\n|poke|p2|Chi-Yu, L50|\n|poke|p2|Wo-Chien, L50|\n|poke|p2|Flutter Mane, L50|\n|poke|p2|Great Tusk, L50|\n|poke|p2|Talonflame, L50, M|\n|poke|p2|Torkoal, L50, M|\n|teampreview|4\n|inactive|Battle timer is ON: inactive players will automatically lose when time's up. (requested by ICCR)\n|inactive|ROOM.exe has 60 seconds left.\n|\n|t:|1682372322\n|start\n|switch|p1a: Palafin|Palafin, L50, F|100\/100\n|switch|p1b: Arcanine|Arcanine, L50, M|100\/100\n|switch|p2a: Talonflame|Talonflame, L50, M, shiny|100\/100\n|switch|p2b: Great Tusk|Great Tusk, L50, shiny|100\/100\n|-ability|p1b: Arcanine|Intimidate|boost\n|-unboost|p2a: Talonflame|atk|1\n|-unboost|p2b: Great Tusk|atk|1\n|turn|1\n|\n|t:|1682372336\n|move|p1b: Arcanine|Extreme Speed|p2a: Talonflame\n|-damage|p2a: Talonflame|74\/100\n|move|p1a: Palafin|Jet Punch|p2a: Talonflame\n|-supereffective|p2a: Talonflame\n|-damage|p2a: Talonflame|4\/100\n|move|p2a: Talonflame|Tailwind|p2a: Talonflame\n|-sidestart|p2: ROOM.exe|move: Tailwind\n|move|p2b: Great Tusk|Earthquake|p1a: Palafin|[spread] p1a,p1b\n|-immune|p2a: Talonflame\n|-supereffective|p1b: Arcanine\n|-damage|p1a: Palafin|72\/100\n|-damage|p1b: Arcanine|42\/100\n|\n|upkeep\n|turn|2\n|\n|t:|1682372353\n|detailschange|p1a: Palafin|Palafin-Hero, L50, F\n|switch|p1a: Flutter Mane|Flutter Mane, L50|100\/100\n|-enditem|p1a: Flutter Mane|Booster Energy\n|-activate|p1a: Flutter Mane|ability: Protosynthesis|[fromitem]\n|-start|p1a: Flutter Mane|protosynthesisspa\n|move|p1b: Arcanine|Extreme Speed|p2a: Talonflame\n|-damage|p2a: Talonflame|0 fnt\n|faint|p2a: Talonflame\n|move|p2b: Great Tusk|Earthquake|p1a: Flutter Mane|[spread] p1a,p1b\n|-supereffective|p1b: Arcanine\n|-damage|p1a: Flutter Mane|61\/100\n|-damage|p1b: Arcanine|0 fnt\n|faint|p1b: Arcanine\n|\n|upkeep\n|\n|t:|1682372366\n|switch|p2a: Chi-Yu|Chi-Yu, L50|100\/100\n|switch|p1b: Palafin|Palafin-Hero, L50, F|72\/100\n|-ability|p2a: Chi-Yu|Beads of Ruin\n|-activate|p1b: Palafin|ability: Zero to Hero\n|turn|3\n|\n|t:|1682372382\n|-terastallize|p1a: Flutter Mane|Fairy\n|move|p2a: Chi-Yu|Protect|p2a: Chi-Yu\n|-singleturn|p2a: Chi-Yu|Protect\n|move|p1b: Palafin|Jet Punch|p2a: Chi-Yu\n|-activate|p2a: Chi-Yu|move: Protect\n|move|p2b: Great Tusk|Earthquake|p1b: Palafin|[spread] p1a,p1b\n|-activate|p2a: Chi-Yu|move: Protect\n|-damage|p1a: Flutter Mane|22\/100\n|-damage|p1b: Palafin|48\/100\n|move|p1a: Flutter Mane|Moonblast|p2b: Great Tusk\n|-supereffective|p2b: Great Tusk\n|-enditem|p2b: Great Tusk|Focus Sash\n|-damage|p2b: Great Tusk|1\/100\n|\n|upkeep\n|turn|4\n|\n|t:|1682372406\n|-end|p2b: Great Tusk|Protosynthesis|[silent]\n|switch|p2b: Torkoal|Torkoal, L50, M, shiny|100\/100\n|-weather|SunnyDay|[from] ability: Drought|[of] p2b: Torkoal\n|-terastallize|p2a: Chi-Yu|Fire\n|move|p1a: Flutter Mane|Protect|p1a: Flutter Mane\n|-singleturn|p1a: Flutter Mane|Protect\n|move|p1b: Palafin|Jet Punch|p2a: Chi-Yu\n|-supereffective|p2a: Chi-Yu\n|-damage|p2a: Chi-Yu|20\/100\n|move|p2a: Chi-Yu|Heat Wave|p1b: Palafin|[spread] p1b\n|-activate|p1a: Flutter Mane|move: Protect\n|-resisted|p1b: Palafin\n|-damage|p1b: Palafin|0 fnt\n|faint|p1b: Palafin\n|-damage|p2a: Chi-Yu|10\/100|[from] item: Life Orb\n|\n|-weather|SunnyDay|[upkeep]\n|-sideend|p2: ROOM.exe|move: Tailwind\n|upkeep\n|\n|t:|1682372422\n|switch|p1b: Baxcalibur|Baxcalibur, L50, F|100\/100\n|turn|5\n|\n|t:|1682372442\n|move|p2a: Chi-Yu|Protect|p2a: Chi-Yu\n|-singleturn|p2a: Chi-Yu|Protect\n|move|p1a: Flutter Mane|Dazzling Gleam|p2b: Torkoal|[spread] p2b\n|-activate|p2a: Chi-Yu|move: Protect\n|-resisted|p2b: Torkoal\n|-damage|p2b: Torkoal|58\/100\n|move|p1b: Baxcalibur|Glaive Rush|p2b: Torkoal\n|-crit|p2b: Torkoal\n|-damage|p2b: Torkoal|0 fnt\n|-singlemove|p1b: Baxcalibur|Glaive Rush|[silent]\n|faint|p2b: Torkoal\n|\n|-weather|SunnyDay|[upkeep]\n|upkeep\n|\n|t:|1682372449\n|switch|p2b: Great Tusk|Great Tusk, L50, shiny|1\/100\n|-activate|p2b: Great Tusk|ability: Protosynthesis\n|-start|p2b: Great Tusk|protosynthesisatk\n|turn|6\n|\n|t:|1682372458\n|move|p2b: Great Tusk|Protect|p2b: Great Tusk\n|-singleturn|p2b: Great Tusk|Protect\n|move|p1b: Baxcalibur|Ice Shard|p2b: Great Tusk\n|-activate|p2b: Great Tusk|move: Protect\n|move|p1a: Flutter Mane|Dazzling Gleam|p2a: Chi-Yu|[spread] p2a\n|-activate|p2b: Great Tusk|move: Protect\n|-resisted|p2a: Chi-Yu\n|-damage|p2a: Chi-Yu|0 fnt\n|faint|p2a: Chi-Yu\n|\n|-weather|SunnyDay|[upkeep]\n|upkeep\n|turn|7\n|-message|ROOM.exe forfeited.\n|\n|win|ICCR\n|raw|ICCR's rating: 1294 → 1312<\/strong> (+18 for winning)\n|raw|ROOM.exe's rating: 1192 → 1174<\/strong> (-18 for losing)\n|l|\u2606ROOM.exe\n","uploadtime":1682372471,"views":15,"p1id":"iccr","p2id":"roomexe","formatid":"gen9vgc2023regulationc","rating":1174,"private":0,"password":""}