{"id":"gen9vgc2023regulationc-1846084722","p1":"Mashu2021","p2":"Toku_L","format":"[Gen 9] VGC 2023 Regulation C","log":"|j|\u2606Mashu2021\n|j|\u2606Toku_L\n|t:|1681803685\n|gametype|doubles\n|player|p1|Mashu2021|cynthia-gen4|1312\n|player|p2|Toku_L|lucas|1368\n|teamsize|p1|6\n|teamsize|p2|6\n|gen|9\n|tier|[Gen 9] VGC 2023 Regulation C\n|rated|\n|rule|Species Clause: Limit one of each Pok\u00e9mon\n|rule|Item Clause: Limit one of each item\n|clearpoke\n|poke|p1|Orthworm, L50, M|\n|poke|p1|Ting-Lu, L50|\n|poke|p1|Gyarados, L50, M|\n|poke|p1|Dragonite, L50, F|\n|poke|p1|Iron Bundle, L50|\n|poke|p1|Flutter Mane, L50|\n|poke|p2|Tatsugiri-Stretchy, L50, M|\n|poke|p2|Chien-Pao, L50|\n|poke|p2|Dragonite, L50, F|\n|poke|p2|Maushold, L50|\n|poke|p2|Dondozo, L50, M|\n|poke|p2|Glimmora, L50, M|\n|teampreview|4\n|\n|t:|1681803743\n|start\n|switch|p1a: Orthworm|Orthworm, L50, M|100\/100\n|switch|p1b: Ting-Lu|Ting-Lu, L50|100\/100\n|switch|p2a: Glimmora|Glimmora, L50, M|100\/100\n|switch|p2b: Dondozo|Dondozo, L50, M|100\/100\n|-ability|p1b: Ting-Lu|Vessel of Ruin\n|turn|1\n|inactive|Battle timer is ON: inactive players will automatically lose when time's up. (requested by Mashu2021)\n|inactive|Toku_L has 60 seconds left.\n|\n|t:|1681803779\n|switch|p2a: Tatsugiri|Tatsugiri-Stretchy, L50, M|100\/100\n|-activate|p2a: Tatsugiri|ability: Commander|[of] p2b: Dondozo\n|-boost|p2b: Dondozo|atk|2\n|-boost|p2b: Dondozo|spa|2\n|-boost|p2b: Dondozo|spe|2\n|-boost|p2b: Dondozo|def|2\n|-boost|p2b: Dondozo|spd|2\n|move|p2b: Dondozo|Wave Crash|p1b: Ting-Lu\n|-supereffective|p1b: Ting-Lu\n|-damage|p1b: Ting-Lu|0 fnt\n|faint|p1b: Ting-Lu\n|-damage|p2b: Dondozo|63\/100|[from] Recoil\n|-damage|p2b: Dondozo|53\/100|[from] item: Life Orb\n|move|p1a: Orthworm|Iron Defense|p1a: Orthworm\n|-boost|p1a: Orthworm|def|2\n|\n|upkeep\n|inactive|Mashu2021 has 30 seconds left.\n|\n|t:|1681803809\n|switch|p1b: Flutter Mane|Flutter Mane, L50|100\/100\n|turn|2\n|\n|t:|1681803833\n|move|p1b: Flutter Mane|Thunderbolt|p2b: Dondozo\n|-supereffective|p2b: Dondozo\n|-damage|p2b: Dondozo|0 fnt\n|faint|p2b: Dondozo\n|move|p1a: Orthworm|Body Press|p2a: Tatsugiri\n|-damage|p2a: Tatsugiri|0 fnt\n|faint|p2a: Tatsugiri\n|\n|upkeep\n|\n|t:|1681803843\n|switch|p2a: Glimmora|Glimmora, L50, M|100\/100\n|switch|p2b: Maushold|Maushold, L50|100\/100\n|turn|3\n|inactive|Toku_L has 30 seconds left.\n|\n|t:|1681803869\n|-terastallize|p2a: Glimmora|Grass\n|move|p1b: Flutter Mane|Thunderbolt|p2b: Maushold\n|-damage|p2b: Maushold|47\/100\n|move|p2b: Maushold|Super Fang|p1a: Orthworm\n|-damage|p1a: Orthworm|50\/100\n|-enditem|p1a: Orthworm|Sitrus Berry|[eat]\n|-heal|p1a: Orthworm|75\/100|[from] item: Sitrus Berry\n|move|p2a: Glimmora|Energy Ball|p1a: Orthworm\n|-resisted|p1a: Orthworm\n|-damage|p1a: Orthworm|43\/100\n|move|p1a: Orthworm|Body Press|p2b: Maushold\n|-supereffective|p2b: Maushold\n|-damage|p2b: Maushold|0 fnt\n|faint|p2b: Maushold\n|\n|upkeep\n|turn|4\n|\n|t:|1681803890\n|-end|p1b: Flutter Mane|Protosynthesis|[silent]\n|switch|p1b: Dragonite|Dragonite, L50, F|100\/100\n|move|p1a: Orthworm|Protect|p1a: Orthworm\n|-singleturn|p1a: Orthworm|Protect\n|move|p2a: Glimmora|Power Gem|p1b: Dragonite\n|-supereffective|p1b: Dragonite\n|-damage|p1b: Dragonite|50\/100\n|\n|upkeep\n|turn|5\n|\n|t:|1681803914\n|move|p1b: Dragonite|Earthquake|p2a: Glimmora|[spread] p2a\n|-heal|p1a: Orthworm|68\/100|[from] ability: Earth Eater|[of] p1b: Dragonite\n|-resisted|p2a: Glimmora\n|-damage|p2a: Glimmora|79\/100\n|-activate|p2a: Glimmora|ability: Toxic Debris\n|-sidestart|p1: Mashu2021|move: Toxic Spikes\n|move|p2a: Glimmora|Power Gem|p1b: Dragonite\n|-supereffective|p1b: Dragonite\n|-damage|p1b: Dragonite|0 fnt\n|faint|p1b: Dragonite\n|move|p1a: Orthworm|Body Press|p2a: Glimmora\n|-damage|p2a: Glimmora|18\/100\n|-activate|p2a: Glimmora|ability: Toxic Debris\n|-sidestart|p1: Mashu2021|move: Toxic Spikes\n|\n|upkeep\n|\n|t:|1681803929\n|switch|p1b: Flutter Mane|Flutter Mane, L50|100\/100\n|-status|p1b: Flutter Mane|tox\n|turn|6\n|\n|t:|1681803941\n|move|p1b: Flutter Mane|Moonblast|p2a: Glimmora\n|-damage|p2a: Glimmora|0 fnt\n|faint|p2a: Glimmora\n|\n|win|Mashu2021\n|raw|Mashu2021's rating: 1312 → 1335<\/strong> (+23 for winning)\n|raw|Toku_L's rating: 1368 → 1345<\/strong> (-23 for losing)\n","uploadtime":1681805030,"views":19,"p1id":"mashu2021","p2id":"tokul","formatid":"gen9vgc2023regulationc","rating":1335,"private":0,"password":""}