{"id":"gen9vgc2023regulationc-1856552905","p1":"itsamoongus","p2":"marioman6444","format":"[Gen 9] VGC 2023 Regulation C","log":"|j|\u2606itsamoongus\n|j|\u2606marioman6444\n|t:|1683074943\n|gametype|doubles\n|player|p1|itsamoongus|169|1150\n|player|p2|marioman6444|hoopster|1252\n|teamsize|p1|6\n|teamsize|p2|6\n|gen|9\n|tier|[Gen 9] VGC 2023 Regulation C\n|rated|\n|rule|Species Clause: Limit one of each Pok\u00e9mon\n|rule|Item Clause: Limit one of each item\n|clearpoke\n|poke|p1|Pincurchin, L50, F|\n|poke|p1|Oranguru, L50, F|\n|poke|p1|Iron Hands, L50|\n|poke|p1|Iron Bundle, L50|\n|poke|p1|Iron Jugulis, L50|\n|poke|p1|Iron Treads, L50|\n|poke|p2|Tsareena, L50, F|\n|poke|p2|Sableye, L50, M|\n|poke|p2|Gholdengo, L50|\n|poke|p2|Maushold, L50|\n|poke|p2|Roaring Moon, L50|\n|poke|p2|Ting-Lu, L50|\n|teampreview|4\n|inactive|Battle timer is ON: inactive players will automatically lose when time's up. (requested by marioman6444)\nitsamoongus rejected open team sheets.\n|inactive|marioman6444 has 60 seconds left.\n|\n|t:|1683074997\n|start\n|switch|p1a: Pincurchin|Pincurchin, L50, F|100\/100\n|switch|p1b: Iron Jugulis|Iron Jugulis, L50|100\/100\n|switch|p2a: Big-Lu|Ting-Lu, L50|100\/100\n|switch|p2b: G\u25cbBLIN M\u25cbDE|Sableye, L50, M, shiny|100\/100\n|-ability|p2a: Big-Lu|Vessel of Ruin\n|-fieldstart|move: Electric Terrain|[from] ability: Electric Surge|[of] p1a: Pincurchin\n|-activate|p1b: Iron Jugulis|ability: Quark Drive\n|-start|p1b: Iron Jugulis|quarkdrivespe\n|turn|1\n|\n|t:|1683075016\n|move|p2b: G\u25cbBLIN M\u25cbDE|Light Screen|p2b: G\u25cbBLIN M\u25cbDE\n|-sidestart|p2: marioman6444|move: Light Screen\n|move|p1b: Iron Jugulis|Heat Wave|p2a: Big-Lu|[spread] p2a,p2b\n|-damage|p2a: Big-Lu|88\/100\n|-damage|p2b: G\u25cbBLIN M\u25cbDE|77\/100\n|move|p2a: Big-Lu|Stomping Tantrum|p1a: Pincurchin\n|-supereffective|p1a: Pincurchin\n|-damage|p1a: Pincurchin|35\/100\n|move|p1a: Pincurchin|Zing Zap|p2b: G\u25cbBLIN M\u25cbDE\n|-damage|p2b: G\u25cbBLIN M\u25cbDE|20\/100\n|\n|-heal|p2a: Big-Lu|94\/100|[from] item: Leftovers\n|upkeep\n|turn|2\n|inactive|marioman6444 has 30 seconds left.\n|inactive|marioman6444 has 20 seconds left.\n|\n|t:|1683075054\n|-end|p1b: Iron Jugulis|Quark Drive|[silent]\n|switch|p1b: Iron Bundle|Iron Bundle, L50|100\/100\n|-activate|p1b: Iron Bundle|ability: Quark Drive\n|-start|p1b: Iron Bundle|quarkdrivespe\n|move|p2b: G\u25cbBLIN M\u25cbDE|Reflect|p2b: G\u25cbBLIN M\u25cbDE\n|-sidestart|p2: marioman6444|Reflect\n|move|p1a: Pincurchin|Sucker Punch||[still]\n|-fail|p1a: Pincurchin\n|move|p2a: Big-Lu|Heavy Slam|p1b: Iron Bundle\n|-damage|p1b: Iron Bundle|63\/100\n|\n|-heal|p2a: Big-Lu|99\/100|[from] item: Leftovers\n|upkeep\n|turn|3\n|inactive|itsamoongus has 30 seconds left.\n|inactive|marioman6444 has 30 seconds left.\n|inactive|marioman6444 has 20 seconds left.\n|inactive|marioman6444 has 15 seconds left.\n|\n|t:|1683075095\n|move|p2b: G\u25cbBLIN M\u25cbDE|Thunder Wave|p1b: Iron Bundle\n|-status|p1b: Iron Bundle|par\n|move|p1b: Iron Bundle|Icy Wind|p2b: G\u25cbBLIN M\u25cbDE|[spread] p2b\n|-miss|p1b: Iron Bundle|p2a: Big-Lu\n|-damage|p2b: G\u25cbBLIN M\u25cbDE|6\/100\n|-unboost|p2b: G\u25cbBLIN M\u25cbDE|spe|1\n|move|p2a: Big-Lu|Stomping Tantrum|p1b: Iron Bundle\n|-damage|p1b: Iron Bundle|30\/100 par\n|move|p1a: Pincurchin|Zing Zap|p2b: G\u25cbBLIN M\u25cbDE\n|-damage|p2b: G\u25cbBLIN M\u25cbDE|0 fnt\n|faint|p2b: G\u25cbBLIN M\u25cbDE\n|\n|-heal|p2a: Big-Lu|100\/100|[from] item: Leftovers\n|upkeep\n|inactive|marioman6444 has 30 seconds left.\n|\n|t:|1683075121\n|switch|p2b: THE RATS|Maushold, L50, shiny|100\/100\n|turn|4\n|\n|t:|1683075138\n|move|p2b: THE RATS|Protect|p2b: THE RATS\n|-singleturn|p2b: THE RATS|Protect\n|move|p1b: Iron Bundle|Freeze-Dry|p2b: THE RATS\n|-activate|p2b: THE RATS|move: Protect\n|move|p2a: Big-Lu|Heavy Slam|p1b: Iron Bundle\n|-damage|p1b: Iron Bundle|0 fnt\n|faint|p1b: Iron Bundle\n|-end|p1b: Iron Bundle|Quark Drive|[silent]\n|move|p1a: Pincurchin|Zing Zap|p2b: THE RATS\n|-activate|p2b: THE RATS|move: Protect\n|\n|upkeep\n|\n|t:|1683075143\n|switch|p1b: Iron Treads|Iron Treads, L50|100\/100\n|-activate|p1b: Iron Treads|ability: Quark Drive\n|-start|p1b: Iron Treads|quarkdrivespe\n|turn|5\n|\n|t:|1683075165\n|switch|p1a: Iron Jugulis|Iron Jugulis, L50|100\/100\n|-activate|p1a: Iron Jugulis|ability: Quark Drive\n|-start|p1a: Iron Jugulis|quarkdrivespe\n|-terastallize|p1b: Iron Treads|Ground\n|move|p2b: THE RATS|Baby-Doll Eyes|p1b: Iron Treads\n|-unboost|p1b: Iron Treads|atk|1\n|move|p1b: Iron Treads|Earthquake|p2a: Big-Lu|[spread] p2a,p2b\n|-immune|p1a: Iron Jugulis\n|-damage|p2a: Big-Lu|89\/100\n|-damage|p2b: THE RATS|70\/100\n|move|p2a: Big-Lu|Stomping Tantrum|p1a: Iron Jugulis\n|-immune|p1a: Iron Jugulis\n|\n|-heal|p2a: Big-Lu|95\/100|[from] item: Leftovers\n|upkeep\n|turn|6\n|\n|t:|1683075183\n|-end|p1b: Iron Treads|Quark Drive|[silent]\n|switch|p1b: Pincurchin|Pincurchin, L50, F|35\/100\n|move|p2b: THE RATS|Baby-Doll Eyes|p1b: Pincurchin\n|-unboost|p1b: Pincurchin|atk|1\n|move|p1a: Iron Jugulis|Dark Pulse|p2b: THE RATS\n|-damage|p2b: THE RATS|39\/100\n|move|p2a: Big-Lu|Heavy Slam|p1a: Iron Jugulis\n|-damage|p1a: Iron Jugulis|68\/100\n|\n|-heal|p2a: Big-Lu|100\/100|[from] item: Leftovers\n|upkeep\n|turn|7\n|\n|t:|1683075205\n|move|p2b: THE RATS|Protect|p2b: THE RATS\n|-singleturn|p2b: THE RATS|Protect\n|move|p1a: Iron Jugulis|Dark Pulse|p2b: THE RATS\n|-activate|p2b: THE RATS|move: Protect\n|move|p2a: Big-Lu|Stomping Tantrum|p1b: Pincurchin\n|-supereffective|p1b: Pincurchin\n|-damage|p1b: Pincurchin|0 fnt\n|faint|p1b: Pincurchin\n|\n|upkeep\n|\n|t:|1683075207\n|switch|p1b: Iron Treads|Iron Treads, L50, tera:Ground|100\/100\n|-activate|p1b: Iron Treads|ability: Quark Drive\n|-start|p1b: Iron Treads|quarkdrivespe\n|turn|8\n|\n|t:|1683075221\n|move|p2b: THE RATS|Baby-Doll Eyes|p1b: Iron Treads\n|-unboost|p1b: Iron Treads|atk|1\n|move|p1a: Iron Jugulis|Dark Pulse|p2b: THE RATS\n|-damage|p2b: THE RATS|6\/100\n|move|p1b: Iron Treads|Earthquake|p2a: Big-Lu|[spread] p2a,p2b\n|-immune|p1a: Iron Jugulis\n|-damage|p2a: Big-Lu|89\/100\n|-damage|p2b: THE RATS|0 fnt\n|faint|p2b: THE RATS\n|move|p2a: Big-Lu|Ruination|p1a: Iron Jugulis\n|-damage|p1a: Iron Jugulis|34\/100\n|\n|-heal|p2a: Big-Lu|95\/100|[from] item: Leftovers\n|-sideend|p2: marioman6444|move: Light Screen\n|-fieldend|move: Electric Terrain\n|-end|p1a: Iron Jugulis|Quark Drive\n|-end|p1b: Iron Treads|Quark Drive\n|upkeep\n|\n|t:|1683075224\n|switch|p2b: YOU'RE QUEEN|Tsareena, L50, F, shiny|100\/100\n|turn|9\n|\n|t:|1683075242\n|move|p2b: YOU'RE QUEEN|Protect|p2b: YOU'RE QUEEN\n|-singleturn|p2b: YOU'RE QUEEN|Protect\n|move|p1a: Iron Jugulis|Dark Pulse|p2b: YOU'RE QUEEN\n|-activate|p2b: YOU'RE QUEEN|move: Protect\n|move|p1b: Iron Treads|Earthquake|p2b: YOU'RE QUEEN|[spread] p2a\n|-activate|p2b: YOU'RE QUEEN|move: Protect\n|-immune|p1a: Iron Jugulis\n|-damage|p2a: Big-Lu|79\/100\n|move|p2a: Big-Lu|Heavy Slam|p1a: Iron Jugulis\n|-damage|p1a: Iron Jugulis|1\/100\n|\n|-heal|p2a: Big-Lu|86\/100|[from] item: Leftovers\n|-sideend|p2: marioman6444|Reflect\n|upkeep\n|turn|10\n|l|\u2606itsamoongus\n|inactive|itsamoongus disconnected and has a minute to reconnect!\n|player|p1|\n|inactive|itsamoongus has 30 seconds left.\n|inactive|marioman6444 has 30 seconds left.\n|inactive|itsamoongus has 20 seconds left.\n|inactive|marioman6444 has 20 seconds left.\n|inactive|itsamoongus has 15 seconds left.\n|inactive|marioman6444 has 15 seconds left.\n|inactive|itsamoongus has 10 seconds left.\n|inactive|marioman6444 has 10 seconds left.\n|inactive|itsamoongus has 5 seconds left.\n|inactive|marioman6444 has 5 seconds left.\n|-message|itsamoongus lost due to inactivity.\n|\n|win|marioman6444\n|raw|itsamoongus's rating: 1150 → 1132<\/strong> (-18 for losing)\n|raw|marioman6444's rating: 1252 → 1270<\/strong> (+18 for winning)\n|c|\u2606marioman6444|Gg\n","uploadtime":1683075306,"views":10,"p1id":"itsamoongus","p2id":"marioman6444","formatid":"gen9vgc2023regulationc","rating":1132,"private":0,"password":""}