{"id":"gen9vgc2023regulationc-1853282288","p1":"Ultraquesito","p2":"anshar_training","format":"[Gen 9] VGC 2023 Regulation C","log":"|j|\u2606Ultraquesito\n|j|\u2606anshar_training\n|t:|1682660469\n|gametype|doubles\n|player|p1|Ultraquesito|101|1000\n|player|p2|anshar_training|colress|1054\n|teamsize|p1|6\n|teamsize|p2|6\n|gen|9\n|tier|[Gen 9] VGC 2023 Regulation C\n|rated|\n|rule|Species Clause: Limit one of each Pok\u00e9mon\n|rule|Item Clause: Limit one of each item\n|clearpoke\n|poke|p1|Tauros-Paldea-Aqua, L50, M|\n|poke|p1|Glalie, L50, F|\n|poke|p1|Dragonite, L50, F|\n|poke|p1|Lycanroc-Midnight, L50, M|\n|poke|p1|Raichu, L50, F|\n|poke|p1|Staraptor, L50, M|\n|poke|p2|Palafin, L50, M|\n|poke|p2|Flutter Mane, L50|\n|poke|p2|Arcanine, L50, M|\n|poke|p2|Amoonguss, L50, M|\n|poke|p2|Ting-Lu, L50|\n|poke|p2|Roaring Moon, L50|\n|teampreview|4\n|inactive|Battle timer is ON: inactive players will automatically lose when time's up. (requested by Ultraquesito)\n|inactive|anshar_training has 60 seconds left.\n|\n|t:|1682660516\n|start\n|switch|p1a: Raichu|Raichu, L50, F|100\/100\n|switch|p1b: Staraptor|Staraptor, L50, M|100\/100\n|switch|p2a: Good Soup|Ting-Lu, L50|100\/100\n|switch|p2b: Cornelia|Flutter Mane, L50|100\/100\n|-ability|p2a: Good Soup|Vessel of Ruin\n|turn|1\n|\n|t:|1682660538\n|-terastallize|p2a: Good Soup|Poison\n|move|p1b: Staraptor|Protect|p1b: Staraptor\n|-singleturn|p1b: Staraptor|Protect\n|move|p2b: Cornelia|Thunderbolt|p1a: Raichu\n|-activate|p1a: Raichu|ability: Lightning Rod\n|-ability|p1a: Raichu|Lightning Rod|boost\n|-boost|p1a: Raichu|spa|1\n|move|p1a: Raichu|Nuzzle|p2b: Cornelia\n|-damage|p2b: Cornelia|84\/100\n|-status|p2b: Cornelia|par\n|move|p2a: Good Soup|Stomping Tantrum|p1a: Raichu\n|-supereffective|p1a: Raichu\n|-enditem|p1a: Raichu|Focus Sash\n|-damage|p1a: Raichu|1\/100\n|\n|upkeep\n|turn|2\n|inactive|Ultraquesito has 30 seconds left.\n|inactive|anshar_training has 30 seconds left.\n|\n|t:|1682660567\n|-end|p2b: Cornelia|Protosynthesis|[silent]\n|switch|p2b: PlusUltra|Palafin, L50, M|100\/100\n|move|p1a: Raichu|Encore||[still]\n|-fail|p1a: Raichu\n|move|p1b: Staraptor|Tailwind|p1b: Staraptor\n|-sidestart|p1: Ultraquesito|move: Tailwind\n|move|p2a: Good Soup|Sand Tomb|p1a: Raichu\n|-supereffective|p1a: Raichu\n|-damage|p1a: Raichu|0 fnt\n|faint|p1a: Raichu\n|\n|upkeep\n|\n|t:|1682660577\n|switch|p1a: Glalie|Glalie, L50, F|100\/100\n|turn|3\n|\n|t:|1682660598\n|detailschange|p2b: PlusUltra|Palafin-Hero, L50, M\n|switch|p2b: Cornelia|Flutter Mane, L50|84\/100 par\n|move|p1b: Staraptor|Double-Edge|p2b: Cornelia\n|-immune|p2b: Cornelia\n|move|p1a: Glalie|Icy Wind|p2a: Good Soup|[spread] p2a,p2b\n|-damage|p2a: Good Soup|96\/100\n|-damage|p2b: Cornelia|75\/100 par\n|-unboost|p2a: Good Soup|spe|1\n|-unboost|p2b: Cornelia|spe|1\n|move|p2a: Good Soup|Heavy Slam|p1a: Glalie\n|-supereffective|p1a: Glalie\n|-damage|p1a: Glalie|69\/100\n|\n|-ability|p1a: Glalie|Moody|boost\n|-boost|p1a: Glalie|def|2\n|-unboost|p1a: Glalie|spd|1\n|upkeep\n|turn|4\n|inactive|Ultraquesito has 30 seconds left.\n|\n|t:|1682660632\n|move|p1a: Glalie|Protect|p1a: Glalie\n|-singleturn|p1a: Glalie|Protect\n|move|p1b: Staraptor|Double-Edge|p2a: Good Soup\n|-enditem|p1b: Staraptor|Normal Gem|[from] gem\n|-damage|p2a: Good Soup|46\/100\n|-damage|p1b: Staraptor|78\/100|[from] Recoil\n|move|p2b: Cornelia|Thunderbolt|p1b: Staraptor\n|-supereffective|p1b: Staraptor\n|-damage|p1b: Staraptor|0 fnt\n|faint|p1b: Staraptor\n|move|p2a: Good Soup|Ruination|p1a: Glalie\n|-activate|p1a: Glalie|move: Protect\n|\n|-ability|p1a: Glalie|Moody|boost\n|-boost|p1a: Glalie|spd|2\n|-unboost|p1a: Glalie|atk|1\n|upkeep\n|\n|t:|1682660646\n|switch|p1b: Tauros|Tauros-Paldea-Aqua, L50, M|100\/100\n|turn|5\n|inactive|anshar_training has 30 seconds left.\n|\n|t:|1682660674\n|move|p1b: Tauros|Trailblaze|p2b: Cornelia\n|-damage|p2b: Cornelia|48\/100 par\n|-boost|p1b: Tauros|spe|1\n|move|p1a: Glalie|Frost Breath|p1b: Tauros\n|-resisted|p1b: Tauros\n|-crit|p1b: Tauros\n|-damage|p1b: Tauros|88\/100\n|-setboost|p1b: Tauros|atk|6|[from] ability: Anger Point\n|cant|p2b: Cornelia|par\n|move|p2a: Good Soup|Ruination|p1a: Glalie\n|-damage|p1a: Glalie|35\/100\n|\n|-sideend|p1: Ultraquesito|move: Tailwind\n|-ability|p1a: Glalie|Moody|boost\n|-boost|p1a: Glalie|spe|2\n|-unboost|p1a: Glalie|atk|1\n|upkeep\n|turn|6\n|\n|t:|1682660698\n|move|p1b: Tauros|Aqua Jet|p2b: Cornelia\n|-damage|p2b: Cornelia|0 fnt\n|faint|p2b: Cornelia\n|-end|p2b: Cornelia|Protosynthesis|[silent]\n|move|p1a: Glalie|Icy Wind|p2a: Good Soup\n|-damage|p2a: Good Soup|41\/100\n|-unboost|p2a: Good Soup|spe|1\n|move|p2a: Good Soup|Heavy Slam|p1a: Glalie\n|-supereffective|p1a: Glalie\n|-damage|p1a: Glalie|18\/100\n|\n|-ability|p1a: Glalie|Moody|boost\n|-boost|p1a: Glalie|spd|2\n|-unboost|p1a: Glalie|atk|1\n|upkeep\n|\n|t:|1682660715\n|switch|p2b: Susy|Amoonguss, L50, M|100\/100\n|turn|7\n|\n|t:|1682660731\n|move|p1b: Tauros|Aqua Jet|p2a: Good Soup\n|-damage|p2a: Good Soup|0 fnt\n|faint|p2a: Good Soup\n|move|p1a: Glalie|Frost Breath|p2b: Susy\n|-supereffective|p2b: Susy\n|-crit|p2b: Susy\n|-damage|p2b: Susy|62\/100\n|move|p2b: Susy|Spore|p1b: Tauros\n|-status|p1b: Tauros|slp|[from] move: Spore\n|-enditem|p1b: Tauros|Lum Berry|[eat]\n|-curestatus|p1b: Tauros|slp|[msg]\n|\n|-ability|p1a: Glalie|Moody|boost\n|-boost|p1a: Glalie|atk|2\n|-unboost|p1a: Glalie|spa|1\n|upkeep\n|\n|t:|1682660744\n|switch|p2a: PlusUltra|Palafin-Hero, L50, M|100\/100\n|-activate|p2a: PlusUltra|ability: Zero to Hero\n|turn|8\n|\n|t:|1682660759\n|move|p1b: Tauros|Trailblaze|p2a: PlusUltra\n|-supereffective|p2a: PlusUltra\n|-damage|p2a: PlusUltra|0 fnt\n|-boost|p1b: Tauros|spe|1\n|faint|p2a: PlusUltra\n|move|p1a: Glalie|Icy Wind|p2b: Susy\n|-supereffective|p2b: Susy\n|-damage|p2b: Susy|45\/100\n|-unboost|p2b: Susy|spe|1\n|-enditem|p2b: Susy|Sitrus Berry|[eat]\n|-heal|p2b: Susy|69\/100|[from] item: Sitrus Berry\n|move|p2b: Susy|Spore|p1b: Tauros\n|-status|p1b: Tauros|slp|[from] move: Spore\n|\n|-ability|p1a: Glalie|Moody|boost\n|-boost|p1a: Glalie|spe|2\n|-unboost|p1a: Glalie|def|1\n|upkeep\n|turn|9\n|inactive|Ultraquesito has 30 seconds left.\n|\n|t:|1682660791\n|move|p1a: Glalie|Protect|p1a: Glalie\n|-singleturn|p1a: Glalie|Protect\n|cant|p1b: Tauros|slp\n|move|p2b: Susy|Pollen Puff|p1a: Glalie\n|-activate|p1a: Glalie|move: Protect\n|\n|-ability|p1a: Glalie|Moody|boost\n|-boost|p1a: Glalie|spa|2\n|-unboost|p1a: Glalie|def|1\n|upkeep\n|turn|10\n|\n|t:|1682660807\n|move|p1a: Glalie|Frost Breath|p2b: Susy\n|-supereffective|p2b: Susy\n|-crit|p2b: Susy\n|-damage|p2b: Susy|11\/100\n|-curestatus|p1b: Tauros|slp|[msg]\n|move|p1b: Tauros|Close Combat|p2b: Susy\n|-resisted|p2b: Susy\n|-damage|p2b: Susy|0 fnt\n|-unboost|p1b: Tauros|def|1\n|-unboost|p1b: Tauros|spd|1\n|faint|p2b: Susy\n|\n|win|Ultraquesito\n|raw|Ultraquesito's rating: 1000 → 1046<\/strong> (+46 for winning)\n|raw|anshar_training's rating: 1054 → 1033<\/strong> (-21 for losing)\n|l|\u2606Ultraquesito\n","uploadtime":1682660820,"views":11,"p1id":"ultraquesito","p2id":"anshartraining","formatid":"gen9vgc2023regulationc","rating":1033,"private":0,"password":""}