{"id":"gen9vgc2023regulationc-1859119331","p1":"jcgualde2","p2":"titahornofresco","format":"[Gen 9] VGC 2023 Regulation C","log":"|j|\u2606jcgualde2\n|j|\u2606titahornofresco\n|t:|1683406746\n|gametype|doubles\n|player|p1|jcgualde2|102|\n|player|p2|titahornofresco|unknown|\n|teamsize|p1|6\n|teamsize|p2|6\n|gen|9\n|tier|[Gen 9] VGC 2023 Regulation C\n|rule|Species Clause: Limit one of each Pok\u00e9mon\n|rule|Item Clause: Limit one of each item\n|clearpoke\n|poke|p1|Glimmora, L50, M|\n|poke|p1|Wo-Chien, L50|\n|poke|p1|Palafin, L50, F|\n|poke|p1|Iron Jugulis, L50|\n|poke|p1|Great Tusk, L50|\n|poke|p1|Arcanine, L50, F|\n|poke|p2|Staraptor, L50, M|\n|poke|p2|Farigiraf, L50, M|\n|poke|p2|Palafin, L50, M|\n|poke|p2|Ting-Lu, L50|\n|poke|p2|Amoonguss, L50, M|\n|poke|p2|Iron Hands, L50|\n|teampreview|4\njcgualde2 has agreed to open team sheets.\ntitahornofresco has agreed to open team sheets.\n|\n|t:|1683406838\n|start\n|switch|p1a: Iron Jugulis|Iron Jugulis, L50|100\/100\n|switch|p1b: Great Tusk|Great Tusk, L50|100\/100\n|switch|p2a: Palafin|Palafin, L50, M|100\/100\n|switch|p2b: Farigiraf|Farigiraf, L50, M|100\/100\n|-enditem|p1a: Iron Jugulis|Booster Energy\n|-activate|p1a: Iron Jugulis|ability: Quark Drive|[fromitem]\n|-start|p1a: Iron Jugulis|quarkdrivespe\n|turn|1\n|inactive|Battle timer is ON: inactive players will automatically lose when time's up. (requested by jcgualde2)\n|inactive|jcgualde2 has 60 seconds left.\n|\n|t:|1683406884\n|-terastallize|p1b: Great Tusk|Ground\n|-terastallize|p2b: Farigiraf|Fairy\n|move|p2a: Palafin|Protect|p2a: Palafin\n|-singleturn|p2a: Palafin|Protect\n|move|p1a: Iron Jugulis|Air Slash|p2b: Farigiraf\n|-damage|p2b: Farigiraf|71\/100\n|move|p1b: Great Tusk|Earthquake|p2b: Farigiraf|[spread] p2b\n|-activate|p2a: Palafin|move: Protect\n|-immune|p1a: Iron Jugulis\n|-damage|p2b: Farigiraf|4\/100\n|move|p2b: Farigiraf|Trick Room|p2b: Farigiraf\n|-fieldstart|move: Trick Room|[of] p2b: Farigiraf\n|\n|upkeep\n|turn|2\n|inactive|jcgualde2 has 30 seconds left.\n|inactive|titahornofresco has 30 seconds left.\n|inactive|jcgualde2 has 20 seconds left.\n|inactive|titahornofresco has 20 seconds left.\n|inactive|jcgualde2 has 15 seconds left.\n|\n|t:|1683406924\n|-end|p1b: Great Tusk|Protosynthesis|[silent]\n|switch|p1b: Arcanine|Arcanine, L50, F|100\/100\n|-ability|p1b: Arcanine|Intimidate|boost\n|-unboost|p2a: Palafin|atk|1\n|-unboost|p2b: Farigiraf|atk|1\n|move|p2b: Farigiraf|Dazzling Gleam|p1a: Iron Jugulis|[spread] p1a,p1b\n|-supereffective|p1a: Iron Jugulis\n|-resisted|p1b: Arcanine\n|-damage|p1a: Iron Jugulis|53\/100\n|-damage|p1b: Arcanine|88\/100\n|move|p2a: Palafin|Wave Crash|p1b: Arcanine\n|-supereffective|p1b: Arcanine\n|-damage|p1b: Arcanine|15\/100\n|-damage|p2a: Palafin|77\/100|[from] Recoil\n|move|p1a: Iron Jugulis|Snarl|p2b: Farigiraf|[spread] p2a,p2b\n|-resisted|p2b: Farigiraf\n|-damage|p2a: Palafin|55\/100\n|-damage|p2b: Farigiraf|0 fnt\n|-unboost|p2a: Palafin|spa|1\n|faint|p2b: Farigiraf\n|\n|upkeep\n|inactive|titahornofresco has 30 seconds left.\n|inactive|titahornofresco has 20 seconds left.\n|inactive|titahornofresco has 15 seconds left.\n|inactive|titahornofresco has 10 seconds left.\n|\n|t:|1683406970\n|switch|p2b: Iron Hands|Iron Hands, L50, shiny|100\/100\n|turn|3\n|\n|t:|1683406991\n|detailschange|p2a: Palafin|Palafin-Hero, L50, M\n|switch|p2a: Ting-Lu|Ting-Lu, L50|100\/100\n|-ability|p2a: Ting-Lu|Vessel of Ruin\n|move|p1b: Arcanine|Protect|p1b: Arcanine\n|-singleturn|p1b: Arcanine|Protect\n|move|p1a: Iron Jugulis|Protect|p1a: Iron Jugulis\n|-singleturn|p1a: Iron Jugulis|Protect\n|move|p2b: Iron Hands|Drain Punch|p1b: Arcanine\n|-activate|p1b: Arcanine|move: Protect\n|\n|upkeep\n|turn|4\n|inactive|jcgualde2 has 30 seconds left.\n|inactive|titahornofresco has 30 seconds left.\n|inactive|jcgualde2 has 20 seconds left.\n|\n|t:|1683407030\n|switch|p1b: Wo-Chien|Wo-Chien, L50|100\/100\n|-ability|p1b: Wo-Chien|Tablets of Ruin\n|move|p2a: Ting-Lu|Stomping Tantrum|p1b: Wo-Chien\n|-resisted|p1b: Wo-Chien\n|-damage|p1b: Wo-Chien|91\/100\n|move|p2b: Iron Hands|Drain Punch|p1b: Wo-Chien\n|-supereffective|p1b: Wo-Chien\n|-damage|p1b: Wo-Chien|34\/100\n|move|p1a: Iron Jugulis|Air Slash|p2b: Iron Hands\n|-damage|p2b: Iron Hands|87\/100\n|\n|-heal|p1b: Wo-Chien|41\/100|[from] item: Leftovers\n|upkeep\n|turn|5\n|inactive|titahornofresco has 30 seconds left.\n|inactive|titahornofresco has 20 seconds left.\n|inactive|titahornofresco has 15 seconds left.\n|inactive|titahornofresco has 10 seconds left.\n|inactive|titahornofresco has 5 seconds left.\n|\n|t:|1683407081\n|switch|p2a: Palafin|Palafin-Hero, L50, M|55\/100\n|-activate|p2a: Palafin|ability: Zero to Hero\n|-end|p1a: Iron Jugulis|Quark Drive|[silent]\n|switch|p1a: Great Tusk|Great Tusk, L50, tera:Ground|100\/100\n|move|p1b: Wo-Chien|Protect|p1b: Wo-Chien\n|-singleturn|p1b: Wo-Chien|Protect\n|move|p2b: Iron Hands|Drain Punch|p1a: Great Tusk\n|-damage|p1a: Great Tusk|75\/100\n|-heal|p2b: Iron Hands|97\/100|[from] drain|[of] p1a: Great Tusk\n|\n|-heal|p1b: Wo-Chien|47\/100|[from] item: Leftovers\n|-fieldend|move: Trick Room\n|upkeep\n|turn|6\n|inactive|jcgualde2 has 30 seconds left.\n|inactive|titahornofresco has 30 seconds left.\n|inactive|jcgualde2 has 20 seconds left.\n|inactive|titahornofresco has 20 seconds left.\n|inactive|jcgualde2 has 15 seconds left.\n|inactive|titahornofresco has 15 seconds left.\n|inactive|jcgualde2 has 10 seconds left.\n|inactive|jcgualde2 has 5 seconds left.\n|inactive|titahornofresco has 10 seconds left.\n|\n|t:|1683407133\n|-end|p1a: Great Tusk|Protosynthesis|[silent]\n|switch|p1a: Arcanine|Arcanine, L50, F|15\/100\n|-ability|p1a: Arcanine|Intimidate|boost\n|-unboost|p2a: Palafin|atk|1\n|-unboost|p2b: Iron Hands|atk|1\n|move|p2a: Palafin|Wave Crash|p1a: Arcanine\n|-supereffective|p1a: Arcanine\n|-damage|p1a: Arcanine|0 fnt\n|faint|p1a: Arcanine\n|-damage|p2a: Palafin|51\/100|[from] Recoil\n|move|p1b: Wo-Chien|Foul Play|p2a: Palafin\n|-damage|p2a: Palafin|16\/100\n|move|p2b: Iron Hands|Drain Punch|p1b: Wo-Chien\n|-supereffective|p1b: Wo-Chien\n|-damage|p1b: Wo-Chien|11\/100\n|-heal|p2b: Iron Hands|100\/100|[from] drain|[of] p1b: Wo-Chien\n|\n|-heal|p1b: Wo-Chien|18\/100|[from] item: Leftovers\n|upkeep\n|\n|t:|1683407153\n|switch|p1a: Great Tusk|Great Tusk, L50, tera:Ground|75\/100\n|turn|7\n|\n|t:|1683407177\n|switch|p2a: Ting-Lu|Ting-Lu, L50|100\/100\n|-ability|p2a: Ting-Lu|Vessel of Ruin\n|move|p1b: Wo-Chien|Protect|p1b: Wo-Chien\n|-singleturn|p1b: Wo-Chien|Protect\n|move|p1a: Great Tusk|Headlong Rush|p2b: Iron Hands\n|-supereffective|p2b: Iron Hands\n|-damage|p2b: Iron Hands|0 fnt\n|-unboost|p1a: Great Tusk|def|1\n|-unboost|p1a: Great Tusk|spd|1\n|faint|p2b: Iron Hands\n|-end|p2b: Iron Hands|Quark Drive|[silent]\n|\n|-heal|p1b: Wo-Chien|24\/100|[from] item: Leftovers\n|upkeep\n|\n|t:|1683407185\n|switch|p2b: Palafin|Palafin-Hero, L50, M|16\/100\n|turn|8\n|\n|t:|1683407203\n|move|p2b: Palafin|Jet Punch|p1b: Wo-Chien\n|-resisted|p1b: Wo-Chien\n|-crit|p1b: Wo-Chien\n|-damage|p1b: Wo-Chien|4\/100\n|move|p1a: Great Tusk|Headlong Rush|p2a: Ting-Lu\n|-crit|p2a: Ting-Lu\n|-damage|p2a: Ting-Lu|11\/100\n|-unboost|p1a: Great Tusk|def|1\n|-unboost|p1a: Great Tusk|spd|1\n|move|p1b: Wo-Chien|Foul Play|p2b: Palafin\n|-damage|p2b: Palafin|0 fnt\n|faint|p2b: Palafin\n|move|p2a: Ting-Lu|Stomping Tantrum|p1a: Great Tusk\n|-damage|p1a: Great Tusk|32\/100\n|\n|-heal|p1b: Wo-Chien|10\/100|[from] item: Leftovers\n|upkeep\n|turn|9\n|\n|t:|1683407217\n|move|p1a: Great Tusk|Headlong Rush|p2a: Ting-Lu\n|-damage|p2a: Ting-Lu|0 fnt\n|-unboost|p1a: Great Tusk|def|1\n|-unboost|p1a: Great Tusk|spd|1\n|faint|p2a: Ting-Lu\n|\n|win|jcgualde2\n|l|\u2606titahornofresco\n","uploadtime":1683407599,"views":16,"p1id":"jcgualde2","p2id":"titahornofresco","formatid":"gen9vgc2023regulationc","rating":0,"private":0,"password":""}