{"id":"gen9vgc2023regulationc-1848598829","p1":"HanmpleatoningNow","p2":"Alex1900000","format":"[Gen 9] VGC 2023 Regulation C","log":"|j|\u2606HanmpleatoningNow\n|j|\u2606Alex1900000\n|t:|1682093303\n|gametype|doubles\n|player|p1|HanmpleatoningNow|169|1091\n|player|p2|Alex1900000|169|1000\n|teamsize|p1|6\n|teamsize|p2|6\n|gen|9\n|tier|[Gen 9] VGC 2023 Regulation C\n|rated|\n|rule|Species Clause: Limit one of each Pok\u00e9mon\n|rule|Item Clause: Limit one of each item\n|clearpoke\n|poke|p1|Sableye, L50, M|\n|poke|p1|Ting-Lu, L50|\n|poke|p1|Lycanroc-Midnight, L50, M|\n|poke|p1|Annihilape, L50, M|\n|poke|p1|Indeedee-F, L50, F|\n|poke|p1|Armarouge, L50, M|\n|poke|p2|Dunsparce, L50, F|\n|poke|p2|Palafin, L50, F|\n|poke|p2|Appletun, L50, M|\n|poke|p2|Mimikyu, L50, M|\n|poke|p2|Iron Thorns, L50|\n|poke|p2|Skeledirge, L50, M|\n|teampreview|4\n|inactive|Battle timer is ON: inactive players will automatically lose when time's up. (requested by HanmpleatoningNow)\n|\n|t:|1682093316\n|start\n|switch|p1a: Indeedee|Indeedee-F, L50, F, shiny|100\/100\n|switch|p1b: Lycanroc|Lycanroc-Midnight, L50, M, shiny|100\/100\n|switch|p2a: Dunsparce|Dunsparce, L50, F, shiny|100\/100\n|switch|p2b: Palafin|Palafin, L50, F, shiny|100\/100\n|-fieldstart|move: Psychic Terrain|[from] ability: Psychic Surge|[of] p1a: Indeedee\n|-enditem|p1a: Indeedee|Psychic Seed\n|-boost|p1a: Indeedee|spd|1|[from] item: Psychic Seed\n|turn|1\n|\n|t:|1682093338\n|detailschange|p2b: Palafin|Palafin-Hero, L50, F, shiny\n|switch|p2b: Mimikyu|Mimikyu, L50, M, shiny|100\/100\n|move|p1a: Indeedee|Skill Swap|p1b: Lycanroc\n|-activate|p1a: Indeedee|move: Skill Swap|||[of] p1b: Lycanroc\n|move|p1b: Lycanroc|Stone Edge|p2a: Dunsparce\n|-damage|p2a: Dunsparce|76\/100\n|move|p2a: Dunsparce|Glare|p1a: Indeedee\n|-status|p1a: Indeedee|par\n|\n|upkeep\n|turn|2\n|\n|t:|1682093354\n|switch|p1b: Ting-Lu|Ting-Lu, L50|100\/100\n|-ability|p1b: Ting-Lu|Vessel of Ruin\n|move|p2b: Mimikyu|Leech Life|p1a: Indeedee\n|-supereffective|p1a: Indeedee\n|-damage|p1a: Indeedee|29\/100 par\n|move|p1a: Indeedee|Skill Swap|p1b: Ting-Lu\n|-activate|p1a: Indeedee|move: Skill Swap|||[of] p1b: Ting-Lu\n|-ability|p1a: Indeedee|Vessel of Ruin\n|move|p2a: Dunsparce|Glare|p1b: Ting-Lu\n|-status|p1b: Ting-Lu|par\n|\n|upkeep\n|turn|3\n|\n|t:|1682093374\n|move|p2a: Dunsparce|Protect|p2a: Dunsparce\n|-singleturn|p2a: Dunsparce|Protect\n|move|p1a: Indeedee|Follow Me|p1a: Indeedee\n|-singleturn|p1a: Indeedee|move: Follow Me\n|move|p2b: Mimikyu|Play Rough|p1a: Indeedee\n|-damage|p1a: Indeedee|0 fnt\n|faint|p1a: Indeedee\n|cant|p1b: Ting-Lu|par\n|\n|upkeep\n|\n|t:|1682093385\n|switch|p1a: Armarouge|Armarouge, L50, M, shiny|100\/100\n|turn|4\n|\n|t:|1682093393\n|-terastallize|p1a: Armarouge|Psychic\n|move|p1a: Armarouge|Expanding Force|p2b: Mimikyu|[spread] p2a,p2b\n|-damage|p2a: Dunsparce|15\/100\n|-activate|p2b: Mimikyu|ability: Disguise\n|-damage|p2b: Mimikyu|100\/100\n|detailschange|p2b: Mimikyu|Mimikyu-Busted, L50, M, shiny\n|-damage|p2b: Mimikyu|88\/100|[from] pokemon: Mimikyu-Busted\n|-damage|p1a: Armarouge|91\/100|[from] item: Life Orb\n|move|p2b: Mimikyu|Play Rough|p1b: Ting-Lu\n|-supereffective|p1b: Ting-Lu\n|-damage|p1b: Ting-Lu|64\/100 par\n|move|p2a: Dunsparce|Glare|p1a: Armarouge\n|-status|p1a: Armarouge|par\n|move|p1b: Ting-Lu|Fissure|p2b: Mimikyu\n|-damage|p2b: Mimikyu|0 fnt\n|faint|p2b: Mimikyu\n|-ohko\n|\n|upkeep\n|\n|t:|1682093410\n|switch|p2b: Palafin|Palafin-Hero, L50, F, shiny|100\/100\n|-activate|p2b: Palafin|ability: Zero to Hero\n|turn|5\n|\n|t:|1682093424\n|move|p2a: Dunsparce|Protect|p2a: Dunsparce\n|-singleturn|p2a: Dunsparce|Protect\n|move|p2b: Palafin|Wave Crash|p1a: Armarouge\n|-damage|p1a: Armarouge|15\/100 par\n|-damage|p2b: Palafin|78\/100|[from] Recoil\n|move|p1a: Armarouge|Expanding Force|p2a: Dunsparce|[spread] p2b\n|-activate|p2a: Dunsparce|move: Protect\n|-damage|p2b: Palafin|0 fnt\n|faint|p2b: Palafin\n|-damage|p1a: Armarouge|5\/100 par|[from] item: Life Orb\n|move|p1b: Ting-Lu|Fissure|p2a: Dunsparce\n|-activate|p2a: Dunsparce|move: Protect\n|\n|-fieldend|move: Psychic Terrain\n|upkeep\n|\n|t:|1682093438\n|switch|p2b: Appletun|Appletun, L50, M, shiny|100\/100\n|turn|6\n|\n|t:|1682093446\n|-terastallize|p2b: Appletun|Steel\n|move|p1a: Armarouge|Expanding Force|p2a: Dunsparce\n|-damage|p2a: Dunsparce|0 fnt\n|faint|p2a: Dunsparce\n|-damage|p1a: Armarouge|0 fnt|[from] item: Life Orb\n|faint|p1a: Armarouge\n|move|p2b: Appletun|Leech Seed|p1b: Ting-Lu\n|-start|p1b: Ting-Lu|move: Leech Seed\n|cant|p1b: Ting-Lu|par\n|\n|-damage|p1b: Ting-Lu|52\/100 par|[from] Leech Seed|[of] p2b: Appletun\n|upkeep\n|\n|t:|1682093460\n|switch|p1a: Lycanroc|Lycanroc-Midnight, L50, M, shiny|100\/100\n|turn|7\n|\n|t:|1682093469\n|move|p1a: Lycanroc|Stone Edge|p2b: Appletun\n|-resisted|p2b: Appletun\n|-damage|p2b: Appletun|85\/100\n|move|p2b: Appletun|Leech Seed|p1a: Lycanroc\n|-start|p1a: Lycanroc|move: Leech Seed\n|cant|p1b: Ting-Lu|par\n|\n|-heal|p2b: Appletun|91\/100|[from] item: Leftovers\n|-damage|p1a: Lycanroc|88\/100|[from] Leech Seed|[of] p2b: Appletun\n|-heal|p2b: Appletun|100\/100|[silent]\n|-damage|p1b: Ting-Lu|39\/100 par|[from] Leech Seed|[of] p2b: Appletun\n|upkeep\n|turn|8\n|\n|t:|1682093484\n|move|p1a: Lycanroc|Protect|p1a: Lycanroc\n|-singleturn|p1a: Lycanroc|Protect\n|move|p2b: Appletun|Protect|p2b: Appletun\n|-singleturn|p2b: Appletun|Protect\n|cant|p1b: Ting-Lu|par\n|\n|-damage|p1a: Lycanroc|76\/100|[from] Leech Seed|[of] p2b: Appletun\n|-damage|p1b: Ting-Lu|27\/100 par|[from] Leech Seed|[of] p2b: Appletun\n|upkeep\n|turn|9\n|\n|t:|1682093498\n|move|p1a: Lycanroc|Endeavor|p2b: Appletun\n|-damage|p2b: Appletun|60\/100\n|move|p2b: Appletun|Giga Drain|p1b: Ting-Lu\n|-supereffective|p1b: Ting-Lu\n|-damage|p1b: Ting-Lu|0 fnt\n|-heal|p2b: Appletun|78\/100|[from] drain|[of] p1b: Ting-Lu\n|faint|p1b: Ting-Lu\n|\n|-heal|p2b: Appletun|84\/100|[from] item: Leftovers\n|-damage|p1a: Lycanroc|63\/100|[from] Leech Seed|[of] p2b: Appletun\n|-heal|p2b: Appletun|94\/100|[silent]\n|upkeep\n|turn|10\n|\n|t:|1682093511\n|move|p1a: Lycanroc|Protect|p1a: Lycanroc\n|-singleturn|p1a: Lycanroc|Protect\n|move|p2b: Appletun|Recover|p2b: Appletun\n|-heal|p2b: Appletun|100\/100\n|\n|-damage|p1a: Lycanroc|51\/100|[from] Leech Seed|[of] p2b: Appletun\n|upkeep\n|turn|11\n|\n|t:|1682093522\n|move|p1a: Lycanroc|Protect||[still]\n|-fail|p1a: Lycanroc\n|move|p2b: Appletun|Protect||[still]\n|-fail|p2b: Appletun\n|\n|-damage|p1a: Lycanroc|38\/100|[from] Leech Seed|[of] p2b: Appletun\n|upkeep\n|turn|12\n|\n|t:|1682093531\n|move|p1a: Lycanroc|Protect|p1a: Lycanroc\n|-singleturn|p1a: Lycanroc|Protect\n|move|p2b: Appletun|Giga Drain|p1a: Lycanroc\n|-activate|p1a: Lycanroc|move: Protect\n|\n|-damage|p1a: Lycanroc|26\/100|[from] Leech Seed|[of] p2b: Appletun\n|upkeep\n|turn|13\n|\n|t:|1682093541\n|move|p2b: Appletun|Protect|p2b: Appletun\n|-singleturn|p2b: Appletun|Protect\n|move|p1a: Lycanroc|Endeavor|p2b: Appletun\n|-activate|p2b: Appletun|move: Protect\n|\n|-damage|p1a: Lycanroc|14\/100|[from] Leech Seed|[of] p2b: Appletun\n|upkeep\n|turn|14\n|\n|t:|1682093550\n|move|p2b: Appletun|Protect|p2b: Appletun\n|-singleturn|p2b: Appletun|Protect\n|move|p1a: Lycanroc|Endeavor|p2b: Appletun\n|-activate|p2b: Appletun|move: Protect\n|\n|-damage|p1a: Lycanroc|1\/100|[from] Leech Seed|[of] p2b: Appletun\n|upkeep\n|turn|15\n|\n|t:|1682093559\n|move|p1a: Lycanroc|Endeavor|p2b: Appletun\n|-damage|p2b: Appletun|1\/100\n|move|p2b: Appletun|Recover|p2b: Appletun\n|-heal|p2b: Appletun|51\/100\n|\n|-heal|p2b: Appletun|57\/100|[from] item: Leftovers\n|-damage|p1a: Lycanroc|0 fnt|[from] Leech Seed|[of] p2b: Appletun\n|-heal|p2b: Appletun|57\/100|[silent]\n|faint|p1a: Lycanroc\n|\n|win|Alex1900000\n|upkeep\n|raw|HanmpleatoningNow's rating: 1091 → 1061<\/strong> (-30 for losing)\n|raw|Alex1900000's rating: 1000 → 1050<\/strong> (+50 for winning)\n|l|\u2606HanmpleatoningNow\n","uploadtime":1682093587,"views":5,"p1id":"hanmpleatoningnow","p2id":"alex1900000","formatid":"gen9vgc2023regulationc","rating":1050,"private":0,"password":""}