{"id":"gen9vgc2023regulationc-1853345485","p1":"rxrxcjxjxkdjk","p2":"billydingsting1","format":"[Gen 9] VGC 2023 Regulation C","log":"|j|\u2606rxrxcjxjxkdjk\n|j|\u2606billydingsting1\n|t:|1682671745\n|gametype|doubles\n|player|p1|rxrxcjxjxkdjk|102|1106\n|player|p2|billydingsting1|linebacker|1145\n|teamsize|p1|6\n|teamsize|p2|6\n|gen|9\n|tier|[Gen 9] VGC 2023 Regulation C\n|rated|\n|rule|Species Clause: Limit one of each Pok\u00e9mon\n|rule|Item Clause: Limit one of each item\n|clearpoke\n|poke|p1|Wo-Chien, L50|\n|poke|p1|Ting-Lu, L50|\n|poke|p1|Flutter Mane, L50|\n|poke|p1|Glimmora, L50, F|\n|poke|p1|Arcanine, L50, M|\n|poke|p1|Gyarados, L50, M|\n|poke|p2|Indeedee-F, L50, F|\n|poke|p2|Wigglytuff, L50, F|\n|poke|p2|Chansey, L50, F|\n|poke|p2|Maushold-Four, L50|\n|poke|p2|Pyroar, L50, M|\n|poke|p2|Braviary, L50, M|\n|teampreview|4\nrxrxcjxjxkdjk rejected open team sheets.\n|inactive|Battle timer is ON: inactive players will automatically lose when time's up. (requested by billydingsting1)\n|\n|t:|1682671799\n|start\n|switch|p1a: Flutter Mane|Flutter Mane, L50|100\/100\n|switch|p1b: Gyarados|Gyarados, L50, M|100\/100\n|switch|p2a: Chansey|Chansey, L50, F, shiny|100\/100\n|switch|p2b: Wigglytuff|Wigglytuff, L50, F, shiny|100\/100\n|-ability|p1b: Gyarados|Intimidate|boost\n|-unboost|p2a: Chansey|atk|1\n|-unboost|p2b: Wigglytuff|atk|1\n|-ability|p2b: Wigglytuff|Competitive|boost\n|-boost|p2b: Wigglytuff|spa|2\n|turn|1\n|inactive|billydingsting1 has 30 seconds left.\n|inactive|billydingsting1 has 20 seconds left.\n|\n|t:|1682671836\n|-end|p1a: Flutter Mane|Protosynthesis|[silent]\n|switch|p1a: Glimmora|Glimmora, L50, F|100\/100\n|move|p1b: Gyarados|Taunt|p2a: Chansey\n|-start|p2a: Chansey|move: Taunt\n|move|p2b: Wigglytuff|Sing|p1a: Glimmora\n|-status|p1a: Glimmora|slp|[from] move: Sing\n|cant|p2a: Chansey|move: Taunt|Gravity\n|\n|upkeep\n|turn|2\n|inactive|billydingsting1 has 30 seconds left.\n|\n|t:|1682671865\n|cant|p1a: Glimmora|slp\n|move|p1b: Gyarados|Taunt|p2b: Wigglytuff\n|-start|p2b: Wigglytuff|move: Taunt\n|cant|p2b: Wigglytuff|move: Taunt|Nasty Plot\n|move|p2a: Chansey|Seismic Toss|p1b: Gyarados\n|-damage|p1b: Gyarados|76\/100\n|\n|upkeep\n|turn|3\n|\n|t:|1682671875\n|cant|p1a: Glimmora|slp\n|move|p1b: Gyarados|Waterfall|p2b: Wigglytuff\n|-damage|p2b: Wigglytuff|59\/100\n|move|p2b: Wigglytuff|Dazzling Gleam|p1a: Glimmora|[spread] p1a,p1b\n|-resisted|p1a: Glimmora\n|-damage|p1a: Glimmora|69\/100 slp\n|-damage|p1b: Gyarados|37\/100\n|-damage|p2b: Wigglytuff|49\/100|[from] item: Life Orb\n|move|p2a: Chansey|Seismic Toss|p1b: Gyarados\n|-damage|p1b: Gyarados|12\/100\n|-enditem|p1b: Gyarados|Aguav Berry|[eat]\n|-heal|p1b: Gyarados|45\/100|[from] item: Aguav Berry\n|\n|-end|p2a: Chansey|move: Taunt\n|upkeep\n|turn|4\n|inactive|rxrxcjxjxkdjk has 30 seconds left.\n|\n|t:|1682671901\n|cant|p1a: Glimmora|slp\n|move|p1b: Gyarados|Taunt|p2a: Chansey\n|-start|p2a: Chansey|move: Taunt\n|move|p2b: Wigglytuff|Dazzling Gleam|p1b: Gyarados|[spread] p1a,p1b\n|-resisted|p1a: Glimmora\n|-damage|p1a: Glimmora|34\/100 slp\n|-damage|p1b: Gyarados|0 fnt\n|faint|p1b: Gyarados\n|-damage|p2b: Wigglytuff|40\/100|[from] item: Life Orb\n|move|p2a: Chansey|Seismic Toss|p1a: Glimmora\n|-damage|p1a: Glimmora|8\/100 slp\n|-activate|p1a: Glimmora|ability: Toxic Debris\n|-sidestart|p2: billydingsting1|move: Toxic Spikes\n|-enditem|p1a: Glimmora|Wiki Berry|[eat]\n|-heal|p1a: Glimmora|41\/100 slp|[from] item: Wiki Berry\n|\n|-end|p2b: Wigglytuff|move: Taunt\n|upkeep\n|\n|t:|1682671916\n|switch|p1b: Flutter Mane|Flutter Mane, L50|100\/100\n|turn|5\n|\n|t:|1682671925\n|move|p1b: Flutter Mane|Moonblast|p2b: Wigglytuff\n|-damage|p2b: Wigglytuff|0 fnt\n|faint|p2b: Wigglytuff\n|-curestatus|p1a: Glimmora|slp|[msg]\n|move|p1a: Glimmora|Toxic|p2a: Chansey\n|-status|p2a: Chansey|tox\n|move|p2a: Chansey|Seismic Toss|p1a: Glimmora\n|-damage|p1a: Glimmora|15\/100\n|-activate|p1a: Glimmora|ability: Toxic Debris\n|-sidestart|p2: billydingsting1|move: Toxic Spikes\n|\n|-damage|p2a: Chansey|94\/100 tox|[from] psn\n|upkeep\n|\n|t:|1682671936\n|switch|p2b: Pyroar|Pyroar, L50, M, shiny|100\/100\n|-ability|p2b: Pyroar|Unnerve\n|-status|p2b: Pyroar|tox\n|turn|6\n|\n|t:|1682671950\n|-end|p1b: Flutter Mane|Protosynthesis|[silent]\n|switch|p1b: Ting-Lu|Ting-Lu, L50|100\/100\n|-ability|p1b: Ting-Lu|Vessel of Ruin\n|move|p1a: Glimmora|Spiky Shield|p1a: Glimmora\n|-singleturn|p1a: Glimmora|move: Protect\n|move|p2b: Pyroar|Flamethrower|p1b: Ting-Lu\n|-damage|p1b: Ting-Lu|80\/100\n|move|p2a: Chansey|Seismic Toss|p1a: Glimmora\n|-activate|p1a: Glimmora|move: Protect\n|-damage|p2a: Chansey|82\/100 tox|[from] Spiky Shield|[of] p1a: Glimmora\n|\n|-activate|p2a: Chansey|ability: Healer\n|-curestatus|p2b: Pyroar|tox|[msg]\n|-damage|p2a: Chansey|70\/100 tox|[from] psn\n|-end|p2a: Chansey|move: Taunt\n|upkeep\n|turn|7\n|\n|t:|1682671974\n|-terastallize|p2b: Pyroar|Water\n|move|p2b: Pyroar|Flamethrower|p1a: Glimmora\n|-resisted|p1a: Glimmora\n|-crit|p1a: Glimmora\n|-damage|p1a: Glimmora|0 fnt\n|faint|p1a: Glimmora\n|move|p1b: Ting-Lu|Stomping Tantrum|p2b: Pyroar\n|-damage|p2b: Pyroar|52\/100\n|move|p2a: Chansey|Sing|p1b: Ting-Lu\n|-status|p1b: Ting-Lu|slp|[from] move: Sing\n|\n|-damage|p2a: Chansey|51\/100 tox|[from] psn\n|upkeep\n|\n|t:|1682671989\n|switch|p1a: Flutter Mane|Flutter Mane, L50|100\/100\n|turn|8\n|\n|t:|1682671998\n|move|p2b: Pyroar|Flamethrower|p1a: Flutter Mane\n|-damage|p1a: Flutter Mane|57\/100\n|-status|p1a: Flutter Mane|brn\n|move|p1a: Flutter Mane|Thunderbolt|p2b: Pyroar\n|-supereffective|p2b: Pyroar\n|-damage|p2b: Pyroar|0 fnt\n|faint|p2b: Pyroar\n|cant|p1b: Ting-Lu|slp\n|move|p2a: Chansey|Sing||[still]\n|-fail|p2a: Chansey\n|\n|-damage|p2a: Chansey|27\/100 tox|[from] psn\n|-damage|p1a: Flutter Mane|52\/100 brn|[from] brn\n|upkeep\n|\n|t:|1682672005\n|switch|p2b: Braviary|Braviary, L50, M, shiny|100\/100\n|turn|9\n|\n|t:|1682672016\n|move|p1a: Flutter Mane|Thunderbolt|p2b: Braviary\n|-supereffective|p2b: Braviary\n|-damage|p2b: Braviary|17\/100\n|move|p2b: Braviary|Brave Bird|p1a: Flutter Mane\n|-damage|p1a: Flutter Mane|0 fnt\n|faint|p1a: Flutter Mane\n|-end|p1a: Flutter Mane|Protosynthesis|[silent]\n|-damage|p2b: Braviary|3\/100|[from] Recoil\n|-curestatus|p1b: Ting-Lu|slp|[msg]\n|move|p1b: Ting-Lu|Payback|p2b: Braviary\n|-damage|p2b: Braviary|0 fnt\n|faint|p2b: Braviary\n|move|p2a: Chansey|Seismic Toss|p1b: Ting-Lu\n|-damage|p1b: Ting-Lu|59\/100\n|\n|-damage|p2a: Chansey|0 fnt|[from] psn\n|faint|p2a: Chansey\n|\n|win|rxrxcjxjxkdjk\n|upkeep\n|raw|rxrxcjxjxkdjk's rating: 1106 → 1134<\/strong> (+28 for winning)\n|raw|billydingsting1's rating: 1145 → 1117<\/strong> (-28 for losing)\n|l|\u2606billydingsting1\n","uploadtime":1682672036,"views":7,"p1id":"rxrxcjxjxkdjk","p2id":"billydingsting1","formatid":"gen9vgc2023regulationc","rating":1117,"private":0,"password":""}