{"id":"gen9vgc2023regulationc-1848008170","p1":"MacNPlz","p2":"zimbabwexmozambik","format":"[Gen 9] VGC 2023 Regulation C","log":"|j|\u2606MacNPlz\n|j|\u2606zimbabwexmozambik\n|t:|1682020224\n|gametype|doubles\n|player|p1|MacNPlz|morty|\n|player|p2|zimbabwexmozambik|greta-gen3|\n|teamsize|p1|6\n|teamsize|p2|6\n|gen|9\n|tier|[Gen 9] VGC 2023 Regulation C\n|rule|Species Clause: Limit one of each Pok\u00e9mon\n|rule|Item Clause: Limit one of each item\n|clearpoke\n|poke|p1|Glimmora, L50, F|\n|poke|p1|Tsareena, L50, F|\n|poke|p1|Iron Bundle, L50|\n|poke|p1|Chi-Yu, L50|\n|poke|p1|Talonflame, L50, F|\n|poke|p1|Scizor, L50, F|\n|poke|p2|Palafin, L50, M|\n|poke|p2|Chien-Pao, L50|\n|poke|p2|Amoonguss, L50, M|\n|poke|p2|Flutter Mane, L50|\n|poke|p2|Scizor, L50, M|\n|poke|p2|Dragonite, L50, M|\n|teampreview|4\n|c|\u2606zimbabwexmozambik|do you going to any upcoming regi?\nzimbabwexmozambik has agreed to open team sheets.\n|c|\u2606zimbabwexmozambik|regio*\n|c|\u2606MacNPlz|Nah, just enjoy casually\nMacNPlz has agreed to open team sheets.\n|\n|t:|1682020289\n|start\n|switch|p1a: Scizor|Scizor, L50, F|100\/100\n|switch|p1b: Iron Bundle|Iron Bundle, L50|100\/100\n|switch|p2a: Chien-Pao|Chien-Pao, L50|100\/100\n|switch|p2b: Dragonite|Dragonite, L50, M|100\/100\n|-ability|p2a: Chien-Pao|Sword of Ruin\n|-enditem|p1b: Iron Bundle|Booster Energy\n|-activate|p1b: Iron Bundle|ability: Quark Drive|[fromitem]\n|-start|p1b: Iron Bundle|quarkdrivespe\n|turn|1\n|\n|t:|1682020299\n|-end|p1b: Iron Bundle|Quark Drive|[silent]\n|switch|p1b: Tsareena|Tsareena, L50, F|100\/100\n|-terastallize|p2b: Dragonite|Normal\n|move|p2b: Dragonite|Extreme Speed||[still]\n|cant|p1b: Tsareena|ability: Queenly Majesty|Extreme Speed|[of] p2b: Dragonite\n|move|p2a: Chien-Pao|Sacred Sword|p1a: Scizor\n|-damage|p1a: Scizor|61\/100\n|move|p1a: Scizor|Tailwind|p1a: Scizor\n|-sidestart|p1: MacNPlz|move: Tailwind\n|\n|upkeep\n|turn|2\n|\n|t:|1682020313\n|switch|p2b: Scizor|Scizor, L50, M|100\/100\n|move|p2a: Chien-Pao|Protect|p2a: Chien-Pao\n|-singleturn|p2a: Chien-Pao|Protect\n|move|p1a: Scizor|Bullet Punch|p2a: Chien-Pao\n|-activate|p2a: Chien-Pao|move: Protect\n|move|p1b: Tsareena|U-turn|p2a: Chien-Pao\n|-activate|p2a: Chien-Pao|move: Protect\n|\n|upkeep\n|turn|3\n|\n|t:|1682020338\n|switch|p2a: Dragonite|Dragonite, L50, M, tera:Normal|100\/100\n|move|p1b: Tsareena|Protect|p1b: Tsareena\n|-singleturn|p1b: Tsareena|Protect\n|move|p1a: Scizor|X-Scissor|p2a: Dragonite\n|-damage|p2a: Dragonite|80\/100\n|move|p2b: Scizor|X-Scissor|p1b: Tsareena\n|-activate|p1b: Tsareena|move: Protect\n|\n|upkeep\n|turn|4\n|\n|t:|1682020374\n|move|p1b: Tsareena|U-turn|p2a: Dragonite\n|-damage|p2a: Dragonite|55\/100\n|\n|t:|1682020383\n|switch|p1b: Iron Bundle|Iron Bundle, L50|100\/100|[from] U-turn\n|move|p1a: Scizor|X-Scissor|p2a: Dragonite\n|-damage|p2a: Dragonite|12\/100\n|move|p2a: Dragonite|Dragon Claw|p1a: Scizor\n|-resisted|p1a: Scizor\n|-damage|p1a: Scizor|25\/100\n|move|p2b: Scizor|X-Scissor|p1b: Iron Bundle\n|-damage|p1b: Iron Bundle|28\/100\n|-damage|p2b: Scizor|91\/100|[from] item: Life Orb\n|\n|-sideend|p1: MacNPlz|move: Tailwind\n|upkeep\n|turn|5\n|\n|t:|1682020399\n|move|p1b: Iron Bundle|Protect|p1b: Iron Bundle\n|-singleturn|p1b: Iron Bundle|Protect\n|move|p2b: Scizor|Bullet Punch|p1b: Iron Bundle\n|-activate|p1b: Iron Bundle|move: Protect\n|move|p1a: Scizor|Bullet Punch|p2a: Dragonite\n|-damage|p2a: Dragonite|0 fnt\n|faint|p2a: Dragonite\n|\n|upkeep\n|\n|t:|1682020421\n|switch|p2a: Chien-Pao|Chien-Pao, L50|100\/100\n|-ability|p2a: Chien-Pao|Sword of Ruin\n|turn|6\n|\n|t:|1682020429\n|switch|p1a: Tsareena|Tsareena, L50, F|100\/100\n|move|p2a: Chien-Pao|Protect|p2a: Chien-Pao\n|-singleturn|p2a: Chien-Pao|Protect\n|move|p2b: Scizor|Bullet Punch||[still]\n|cant|p1a: Tsareena|ability: Queenly Majesty|Bullet Punch|[of] p2b: Scizor\n|move|p1b: Iron Bundle|Icy Wind|p2a: Chien-Pao|[spread] p2b\n|-activate|p2a: Chien-Pao|move: Protect\n|-resisted|p2b: Scizor\n|-damage|p2b: Scizor|78\/100\n|-unboost|p2b: Scizor|spe|1\n|\n|upkeep\n|turn|7\n|\n|t:|1682020449\n|move|p1b: Iron Bundle|Protect|p1b: Iron Bundle\n|-singleturn|p1b: Iron Bundle|Protect\n|move|p2a: Chien-Pao|Sacred Sword|p1b: Iron Bundle\n|-activate|p1b: Iron Bundle|move: Protect\n|move|p1a: Tsareena|U-turn|p2a: Chien-Pao\n|-supereffective|p2a: Chien-Pao\n|-damage|p2a: Chien-Pao|27\/100\n|\n|t:|1682020458\n|switch|p1a: Chi-Yu|Chi-Yu, L50|100\/100|[from] U-turn\n|-ability|p1a: Chi-Yu|Beads of Ruin\n|move|p2b: Scizor|X-Scissor|p1a: Chi-Yu\n|-damage|p1a: Chi-Yu|0 fnt\n|faint|p1a: Chi-Yu\n|-damage|p2b: Scizor|69\/100|[from] item: Life Orb\n|\n|upkeep\n|\n|t:|1682020462\n|switch|p1a: Scizor|Scizor, L50, F|25\/100\n|turn|8\n|\n|t:|1682020471\n|-end|p1b: Iron Bundle|Quark Drive|[silent]\n|switch|p1b: Tsareena|Tsareena, L50, F|100\/100\n|move|p2a: Chien-Pao|Protect|p2a: Chien-Pao\n|-singleturn|p2a: Chien-Pao|Protect\n|move|p1a: Scizor|Bullet Punch|p2a: Chien-Pao\n|-activate|p2a: Chien-Pao|move: Protect\n|move|p2b: Scizor|X-Scissor|p1b: Tsareena\n|-supereffective|p1b: Tsareena\n|-damage|p1b: Tsareena|0 fnt\n|faint|p1b: Tsareena\n|-damage|p2b: Scizor|59\/100|[from] item: Life Orb\n|\n|upkeep\n|\n|t:|1682020477\n|switch|p1b: Iron Bundle|Iron Bundle, L50|28\/100\n|turn|9\n|\n|t:|1682020497\n|move|p2a: Chien-Pao|Sucker Punch|p1a: Scizor\n|-damage|p1a: Scizor|0 fnt\n|faint|p1a: Scizor\n|move|p2b: Scizor|Bullet Punch|p1b: Iron Bundle\n|-damage|p1b: Iron Bundle|0 fnt\n|faint|p1b: Iron Bundle\n|-end|p1b: Iron Bundle|Quark Drive|[silent]\n|-damage|p2b: Scizor|50\/100|[from] item: Life Orb\n|\n|win|zimbabwexmozambik\n|c|\u2606zimbabwexmozambik|ggs\n|c|\u2606MacNPlz|Gg\n","uploadtime":1682020506,"views":14,"p1id":"macnplz","p2id":"zimbabwexmozambik","formatid":"gen9vgc2023regulationc","rating":0,"private":0,"password":""}