{"id":"gen9vgc2023regulationc-1855165949","p1":"Dumber luck","p2":"gung hole","format":"[Gen 9] VGC 2023 Regulation C","log":"|j|\u2606Dumber luck\n|j|\u203dgung hole\n|t:|1682909418\n|gametype|doubles\n|player|p1|Dumber luck|2|1067\n|player|p2|gung hole|harlequin|1040\n|teamsize|p1|6\n|teamsize|p2|6\n|gen|9\n|tier|[Gen 9] VGC 2023 Regulation C\n|rated|\n|rule|Species Clause: Limit one of each Pok\u00e9mon\n|rule|Item Clause: Limit one of each item\n|clearpoke\n|poke|p1|Slowking, L50, M|\n|poke|p1|Abomasnow, L50, M|\n|poke|p1|Sandy Shocks, L50|\n|poke|p1|Blissey, L50, F|\n|poke|p1|Chien-Pao, L50|\n|poke|p1|Chi-Yu, L50|\n|poke|p2|Chi-Yu, L50|\n|poke|p2|Torkoal, L50, M|\n|poke|p2|Slither Wing, L50|\n|poke|p2|Flutter Mane, L50|\n|poke|p2|Amoonguss, L50, M|\n|poke|p2|Chien-Pao, L50|\n|teampreview|4\n|inactive|Battle timer is ON: inactive players will automatically lose when time's up. (requested by gung hole)\n|\n|t:|1682909439\n|start\n|switch|p1a: Abomasnow|Abomasnow, L50, M|100\/100\n|switch|p1b: Slowking|Slowking, L50, M|100\/100\n|switch|p2a: Chi-Yu|Chi-Yu, L50|100\/100\n|switch|p2b: Torkoal|Torkoal, L50, M|100\/100\n|-ability|p2a: Chi-Yu|Beads of Ruin\n|-weather|Snow|[from] ability: Snow Warning|[of] p1a: Abomasnow\n|-weather|SunnyDay|[from] ability: Drought|[of] p2b: Torkoal\n|turn|1\n|\n|t:|1682909455\n|-terastallize|p2a: Chi-Yu|Fire\n|move|p1a: Abomasnow|Protect|p1a: Abomasnow\n|-singleturn|p1a: Abomasnow|Protect\n|move|p2a: Chi-Yu|Heat Wave|p1a: Abomasnow|[spread] \n|-activate|p1a: Abomasnow|move: Protect\n|-miss|p2a: Chi-Yu|p1b: Slowking\n|move|p1b: Slowking|Chilly Reception|p1b: Slowking\n|-weather|Snow\n|\n|t:|1682909468\n|switch|p1b: Blissey|Blissey, L50, F|100\/100|[from] Chilly Reception\n|move|p2b: Torkoal|Eruption|p1b: Blissey|[spread] p1b\n|-activate|p1a: Abomasnow|move: Protect\n|-damage|p1b: Blissey|81\/100\n|\n|-weather|Snow|[upkeep]\n|upkeep\n|turn|2\n|\n|t:|1682909485\n|-terastallize|p1a: Abomasnow|Water\n|move|p2a: Chi-Yu|Heat Wave|p1b: Blissey|[spread] p1a,p1b\n|-resisted|p1a: Abomasnow\n|-crit|p1a: Abomasnow\n|-damage|p1a: Abomasnow|17\/100\n|-damage|p1b: Blissey|40\/100\n|move|p1a: Abomasnow|Aurora Veil|p1a: Abomasnow\n|-sidestart|p1: Dumber luck|move: Aurora Veil\n|move|p1b: Blissey|Blizzard|p2a: Chi-Yu|[spread] p2a,p2b\n|-resisted|p2a: Chi-Yu\n|-resisted|p2b: Torkoal\n|-damage|p2a: Chi-Yu|86\/100\n|-damage|p2b: Torkoal|80\/100\n|move|p2b: Torkoal|Heat Wave|p1a: Abomasnow|[spread] p1a,p1b\n|-resisted|p1a: Abomasnow\n|-damage|p1a: Abomasnow|7\/100\n|-damage|p1b: Blissey|32\/100\n|\n|-weather|Snow|[upkeep]\n|upkeep\n|turn|3\n|\n|t:|1682909508\n|switch|p2a: Slither Wing|Slither Wing, L50|100\/100\n|switch|p1a: Slowking|Slowking, L50, M|100\/100\n|switch|p2b: Flutter Mane|Flutter Mane, L50|100\/100\n|move|p1b: Blissey|Life Dew||[still]|[spread] p1a,p1b\n|-fail|p1a: Slowking|heal\n|-heal|p1b: Blissey|57\/100\n|\n|-weather|Snow|[upkeep]\n|upkeep\n|turn|4\n|\n|t:|1682909528\n|move|p1b: Blissey|Protect|p1b: Blissey\n|-singleturn|p1b: Blissey|Protect\n|move|p2b: Flutter Mane|Shadow Ball|p1a: Slowking\n|-supereffective|p1a: Slowking\n|-damage|p1a: Slowking|43\/100\n|-enditem|p1a: Slowking|Sitrus Berry|[eat]\n|-heal|p1a: Slowking|68\/100|[from] item: Sitrus Berry\n|-damage|p2b: Flutter Mane|90\/100|[from] item: Life Orb\n|move|p2a: Slither Wing|Close Combat|p1b: Blissey\n|-activate|p1b: Blissey|move: Protect\n|move|p1a: Slowking|Blizzard|p2a: Slither Wing|[spread] p2a,p2b\n|-damage|p2a: Slither Wing|71\/100\n|-damage|p2b: Flutter Mane|63\/100\n|\n|-weather|Snow|[upkeep]\n|upkeep\n|turn|5\n|inactive|Dumber luck has 30 seconds left.\n|inactive|Dumber luck has 20 seconds left.\n|inactive|Dumber luck has 15 seconds left.\n|\n|t:|1682909571\n|switch|p1b: Abomasnow|Abomasnow, L50, M, tera:Water|7\/100\n|move|p2b: Flutter Mane|Shadow Ball|p1a: Slowking\n|-supereffective|p1a: Slowking\n|-damage|p1a: Slowking|2\/100\n|-damage|p2b: Flutter Mane|53\/100|[from] item: Life Orb\n|move|p2a: Slither Wing|Close Combat|p1a: Slowking\n|-resisted|p1a: Slowking\n|-damage|p1a: Slowking|0 fnt\n|-unboost|p2a: Slither Wing|def|1\n|-unboost|p2a: Slither Wing|spd|1\n|faint|p1a: Slowking\n|\n|-weather|none\n|upkeep\n|\n|t:|1682909583\n|switch|p1a: Chi-Yu|Chi-Yu, L50|100\/100\n|-ability|p1a: Chi-Yu|Beads of Ruin\n|turn|6\n|\n|t:|1682909596\n|-end|p2b: Flutter Mane|Protosynthesis|[silent]\n|switch|p2b: Chi-Yu|Chi-Yu, L50, tera:Fire|86\/100\n|-ability|p2b: Chi-Yu|Beads of Ruin\n|-end|p2a: Slither Wing|Protosynthesis|[silent]\n|switch|p2a: Torkoal|Torkoal, L50, M|80\/100\n|-weather|SunnyDay|[from] ability: Drought|[of] p2a: Torkoal\n|move|p1b: Abomasnow|Protect|p1b: Abomasnow\n|-singleturn|p1b: Abomasnow|Protect\n|move|p1a: Chi-Yu|Heat Wave|p2b: Chi-Yu|[spread] p2a\n|-miss|p1a: Chi-Yu|p2b: Chi-Yu\n|-resisted|p2a: Torkoal\n|-damage|p2a: Torkoal|4\/100\n|\n|-weather|SunnyDay|[upkeep]\n|-sideend|p1: Dumber luck|move: Aurora Veil\n|upkeep\n|turn|7\n|\n|t:|1682909617\n|switch|p1b: Blissey|Blissey, L50, F|57\/100\n|move|p1a: Chi-Yu|Heat Wave|p2a: Torkoal|[spread] p2a,p2b\n|-resisted|p2a: Torkoal\n|-resisted|p2b: Chi-Yu\n|-damage|p2a: Torkoal|0 fnt\n|-damage|p2b: Chi-Yu|35\/100\n|faint|p2a: Torkoal\n|move|p2b: Chi-Yu|Heat Wave|p1a: Chi-Yu|[spread] p1a,p1b\n|-resisted|p1a: Chi-Yu\n|-damage|p1a: Chi-Yu|28\/100\n|-damage|p1b: Blissey|0 fnt\n|faint|p1b: Blissey\n|\n|-weather|SunnyDay|[upkeep]\n|upkeep\n|\n|t:|1682909627\n|switch|p1b: Abomasnow|Abomasnow, L50, M, tera:Water|7\/100\n|switch|p2a: Slither Wing|Slither Wing, L50|71\/100\n|-activate|p2a: Slither Wing|ability: Protosynthesis\n|-start|p2a: Slither Wing|protosynthesisatk\n|-weather|Snow|[from] ability: Snow Warning|[of] p1b: Abomasnow\n|-end|p2a: Slither Wing|Protosynthesis\n|turn|8\n|inactive|Dumber luck has 30 seconds left.\n|\n|t:|1682909653\n|move|p2a: Slither Wing|First Impression|p1a: Chi-Yu\n|-damage|p1a: Chi-Yu|0 fnt\n|faint|p1a: Chi-Yu\n|move|p2b: Chi-Yu|Heat Wave|p1b: Abomasnow\n|-resisted|p1b: Abomasnow\n|-damage|p1b: Abomasnow|0 fnt\n|faint|p1b: Abomasnow\n|\n|win|gung hole\n|raw|Dumber luck's rating: 1067 → 1045<\/strong> (-22 for losing)\n|raw|gung hole's rating: 1040 → 1077<\/strong> (+37 for winning)\n|l|\u2606Dumber luck\n","uploadtime":1682909663,"views":13,"p1id":"dumberluck","p2id":"gunghole","formatid":"gen9vgc2023regulationc","rating":1045,"private":0,"password":""}