{"id":"gen9vgc2023regulationc-1853143189","p1":"HiKraunty","p2":"Can'tStopFalling","format":"[Gen 9] VGC 2023 Regulation C","log":"|j|\u2606HiKraunty\n|j|\u2606Can'tStopFalling\n|t:|1682640421\n|gametype|doubles\n|player|p1|HiKraunty|hilda|\n|player|p2|Can'tStopFalling|parasollady|\n|teamsize|p1|6\n|teamsize|p2|6\n|gen|9\n|tier|[Gen 9] VGC 2023 Regulation C\n|rule|Species Clause: Limit one of each Pok\u00e9mon\n|rule|Item Clause: Limit one of each item\n|clearpoke\n|poke|p1|Flutter Mane, L50|\n|poke|p1|Iron Bundle, L50|\n|poke|p1|Maushold-Four, L50|\n|poke|p1|Roaring Moon, L50|\n|poke|p1|Bellibolt, L50, M|\n|poke|p1|Great Tusk, L50|\n|poke|p2|Palafin, L50, M|\n|poke|p2|Amoonguss, L50, F|\n|poke|p2|Arcanine, L50, F|\n|poke|p2|Flutter Mane, L50|\n|poke|p2|Stonjourner, L50, F|\n|poke|p2|Farigiraf, L50, F|\n|teampreview|4\nCan'tStopFalling has agreed to open team sheets.\nHiKraunty has agreed to open team sheets.\n|c|\u2606HiKraunty|g3\n|c|\u2606Can'tStopFalling|glhf\n|c|\u2606HiKraunty|glhf\n|\n|t:|1682641071\n|start\n|switch|p1a: Nth>Family|Maushold-Four, L50|100\/100\n|switch|p1b: BellyBall|Bellibolt, L50, M|100\/100\n|switch|p2a: Cereza|Farigiraf, L50, F, shiny|100\/100\n|switch|p2b: Naranja|Amoonguss, L50, F|100\/100\n|turn|1\n|\n|t:|1682641105\n|-terastallize|p1b: BellyBall|Flying\n|move|p1a: Nth>Family|Helping Hand|p1b: BellyBall\n|-singleturn|p1b: BellyBall|Helping Hand|[of] p1a: Nth>Family\n|move|p2a: Cereza|Hyper Voice|p1b: BellyBall|[spread] p1a,p1b\n|-damage|p1a: Nth>Family|72\/100\n|-damage|p1b: BellyBall|86\/100\n|-start|p1b: BellyBall|Charge|Hyper Voice|[from] ability: Electromorphosis\n|-enditem|p2a: Cereza|Throat Spray\n|-boost|p2a: Cereza|spa|1|[from] item: Throat Spray\n|move|p1b: BellyBall|Tera Blast|p2b: Naranja\n|-supereffective|p2b: Naranja\n|-damage|p2b: Naranja|8\/100\n|-enditem|p2b: Naranja|Sitrus Berry|[eat]\n|-heal|p2b: Naranja|33\/100|[from] item: Sitrus Berry\n|move|p2b: Naranja|Pollen Puff|p2a: Cereza\n|-immune|p2a: Cereza\n|\n|upkeep\n|turn|2\n|\n|t:|1682641142\n|move|p1a: Nth>Family|Protect|p1a: Nth>Family\n|-singleturn|p1a: Nth>Family|Protect\n|move|p2b: Naranja|Protect|p2b: Naranja\n|-singleturn|p2b: Naranja|Protect\n|move|p2a: Cereza|Psyshock|p1b: BellyBall\n|-damage|p1b: BellyBall|53\/100\n|-start|p1b: BellyBall|Charge|Psyshock|[from] ability: Electromorphosis\n|move|p1b: BellyBall|Parabolic Charge|p2a: Cereza|[spread] p2a\n|-activate|p1a: Nth>Family|move: Protect\n|-activate|p2b: Naranja|move: Protect\n|-damage|p2a: Cereza|58\/100\n|-heal|p1b: BellyBall|74\/100|[from] drain|[of] p2a: Cereza\n|-end|p1b: BellyBall|Charge|[silent]\n|\n|upkeep\n|turn|3\n|\n|t:|1682641170\n|switch|p1a: Sailor Moon|Roaring Moon, L50|100\/100\n|-enditem|p1a: Sailor Moon|Booster Energy\n|-activate|p1a: Sailor Moon|ability: Protosynthesis|[fromitem]\n|-start|p1a: Sailor Moon|protosynthesisspe\n|move|p2b: Naranja|Rage Powder|p2b: Naranja\n|-singleturn|p2b: Naranja|move: Rage Powder\n|move|p2a: Cereza|Skill Swap||[still]\n|-fail|p2a: Cereza\n|move|p1b: BellyBall|Tera Blast|p2b: Naranja\n|-supereffective|p2b: Naranja\n|-damage|p2b: Naranja|0 fnt\n|faint|p2b: Naranja\n|\n|upkeep\n|\n|t:|1682641180\n|switch|p2b: Papaya|Stonjourner, L50, F|100\/100\n|turn|4\n|\n|t:|1682641228\n|-terastallize|p2b: Papaya|Rock\n|move|p1a: Sailor Moon|Tailwind|p1a: Sailor Moon\n|-sidestart|p1: HiKraunty|move: Tailwind\n|move|p1b: BellyBall|Parabolic Charge|p2b: Papaya|[spread] p1a,p2a,p2b\n|-resisted|p1a: Sailor Moon\n|-damage|p1a: Sailor Moon|89\/100\n|-heal|p1b: BellyBall|79\/100|[from] drain|[of] p1a: Sailor Moon\n|-damage|p2a: Cereza|35\/100\n|-heal|p1b: BellyBall|91\/100|[from] drain|[of] p2a: Cereza\n|-damage|p2b: Papaya|36\/100\n|-heal|p1b: BellyBall|100\/100|[from] drain|[of] p2b: Papaya\n|move|p2b: Papaya|Rock Slide|p1b: BellyBall|[spread] p1a,p1b\n|-supereffective|p1b: BellyBall\n|-damage|p1a: Sailor Moon|44\/100\n|-damage|p1b: BellyBall|29\/100\n|-start|p1b: BellyBall|Charge|Rock Slide|[from] ability: Electromorphosis\n|move|p2a: Cereza|Hyper Voice|p1b: BellyBall|[spread] p1a,p1b\n|-damage|p1a: Sailor Moon|0 fnt\n|-damage|p1b: BellyBall|0 fnt\n|faint|p1a: Sailor Moon\n|-end|p1a: Sailor Moon|Protosynthesis|[silent]\n|faint|p1b: BellyBall\n|\n|upkeep\n|\n|t:|1682641242\n|switch|p1a: Regiceki|Iron Bundle, L50|100\/100\n|switch|p1b: Nth>Family|Maushold-Four, L50|72\/100\n|turn|5\n|\n|t:|1682641286\n|move|p1b: Nth>Family|Protect|p1b: Nth>Family\n|-singleturn|p1b: Nth>Family|Protect\n|move|p1a: Regiceki|Freeze-Dry|p2a: Cereza\n|-damage|p2a: Cereza|2\/100\n|move|p2b: Papaya|Rock Slide|p1a: Regiceki|[spread] p1a\n|-activate|p1b: Nth>Family|move: Protect\n|-supereffective|p1a: Regiceki\n|-damage|p1a: Regiceki|33\/100\n|move|p2a: Cereza|Hyper Voice|p1b: Nth>Family|[spread] p1a\n|-activate|p1b: Nth>Family|move: Protect\n|-damage|p1a: Regiceki|0 fnt\n|faint|p1a: Regiceki\n|-end|p1a: Regiceki|Quark Drive|[silent]\n|\n|upkeep\n|turn|6\n|\n|t:|1682641300\n|move|p1b: Nth>Family|Feint||[still]\n|cant|p2a: Cereza|ability: Armor Tail|Feint|[of] p1b: Nth>Family\n|move|p2b: Papaya|Rock Slide|p1b: Nth>Family\n|-damage|p1b: Nth>Family|8\/100\n|move|p2a: Cereza|Hyper Voice|p1b: Nth>Family\n|-damage|p1b: Nth>Family|0 fnt\n|faint|p1b: Nth>Family\n|\n|win|Can'tStopFalling\n|c|\u2606Can'tStopFalling|ggs!\n|c|\u2606Can'tStopFalling|bellibolt is so tanky\n","uploadtime":1682641385,"views":9,"p1id":"hikraunty","p2id":"cantstopfalling","formatid":"gen9vgc2023regulationc","rating":0,"private":0,"password":""}