{"id":"gen9vgc2023regulationc-1851776268","p1":"MvFox","p2":"CryogonationInc","format":"[Gen 9] VGC 2023 Regulation C","log":"|j|\u2606MvFox\n|j|\u2606CryogonationInc\n|t:|1682481807\n|gametype|doubles\n|player|p1|MvFox|ethan|1000\n|player|p2|CryogonationInc|hiker-gen4|1031\n|teamsize|p1|4\n|teamsize|p2|6\n|gen|9\n|tier|[Gen 9] VGC 2023 Regulation C\n|rated|\n|rule|Species Clause: Limit one of each Pok\u00e9mon\n|rule|Item Clause: Limit one of each item\n|clearpoke\n|poke|p1|Toxicroak, L50, F|\n|poke|p1|Blissey, L50, F|\n|poke|p1|Sudowoodo, L50, F|\n|poke|p1|Jolteon, L50, F|\n|poke|p2|Torkoal, L50, M|\n|poke|p2|Scovillain, L50, F|\n|poke|p2|Squawkabilly, L50, F|\n|poke|p2|Flutter Mane, L50|\n|poke|p2|Chi-Yu, L50|\n|poke|p2|Lurantis, L50, F|\n|teampreview|4\n|inactive|Battle timer is ON: inactive players will automatically lose when time's up. (requested by CryogonationInc)\n|inactive|MvFox has 60 seconds left.\n|inactive|MvFox has 30 seconds left.\n|\n|t:|1682481874\n|start\n|switch|p1a: Toxicroak|Toxicroak, L50, F, shiny|100\/100\n|switch|p1b: Blissey|Blissey, L50, F, shiny|100\/100\n|switch|p2a: Torkoal|Torkoal, L50, M|100\/100\n|switch|p2b: Squawkabilly|Squawkabilly, L50, F|100\/100\n|-ability|p2b: Squawkabilly|Intimidate|boost\n|-unboost|p1a: Toxicroak|atk|1\n|-unboost|p1b: Blissey|atk|1\n|-weather|SunnyDay|[from] ability: Drought|[of] p2a: Torkoal\n|turn|1\n|inactive|MvFox has 30 seconds left.\n|inactive|CryogonationInc has 30 seconds left.\n|\n|t:|1682481904\n|move|p2b: Squawkabilly|Tailwind|p2b: Squawkabilly\n|-sidestart|p2: CryogonationInc|move: Tailwind\n|move|p1a: Toxicroak|Poison Jab|p2a: Torkoal\n|-damage|p2a: Torkoal|85\/100\n|-status|p2a: Torkoal|psn\n|move|p1b: Blissey|Skill Swap|p1a: Toxicroak\n|-activate|p1b: Blissey|move: Skill Swap|||[of] p1a: Toxicroak\n|move|p2a: Torkoal|Eruption|p1a: Toxicroak|[spread] p1a,p1b\n|-damage|p1a: Toxicroak|19\/100\n|-damage|p1b: Blissey|80\/100\n|\n|-weather|SunnyDay|[upkeep]\n|-heal|p1b: Blissey|86\/100|[from] item: Leftovers\n|-damage|p2a: Torkoal|73\/100 psn|[from] psn\n|upkeep\n|turn|2\n|\n|t:|1682481928\n|move|p1a: Toxicroak|Protect|p1a: Toxicroak\n|-singleturn|p1a: Toxicroak|Protect\n|move|p2b: Squawkabilly|Fake Tears|p1b: Blissey\n|-unboost|p1b: Blissey|spd|2\n|move|p1b: Blissey|Life Dew|p1b: Blissey|[spread] p1a,p1b\n|-heal|p1a: Toxicroak|44\/100\n|-heal|p1b: Blissey|100\/100\n|move|p2a: Torkoal|Eruption|p1b: Blissey|[spread] p1b\n|-activate|p1a: Toxicroak|move: Protect\n|-damage|p1b: Blissey|67\/100\n|\n|-weather|SunnyDay|[upkeep]\n|-heal|p1b: Blissey|73\/100|[from] item: Leftovers\n|-damage|p2a: Torkoal|60\/100 psn|[from] psn\n|upkeep\n|turn|3\n|inactive|MvFox has 30 seconds left.\n|inactive|CryogonationInc has 30 seconds left.\n|\n|t:|1682481963\n|switch|p1b: Sudowoodo|Sudowoodo, L50, F, shiny|100\/100\n|move|p2b: Squawkabilly|Brave Bird|p1a: Toxicroak\n|-supereffective|p1a: Toxicroak\n|-damage|p1a: Toxicroak|0 fnt\n|faint|p1a: Toxicroak\n|-damage|p2b: Squawkabilly|88\/100|[from] Recoil\n|move|p2a: Torkoal|Yawn|p1b: Sudowoodo\n|-start|p1b: Sudowoodo|move: Yawn|[of] p2a: Torkoal\n|\n|-weather|SunnyDay|[upkeep]\n|-damage|p2a: Torkoal|48\/100 psn|[from] psn\n|upkeep\n|\n|t:|1682481975\n|switch|p1a: Blissey|Blissey, L50, F, shiny|73\/100\n|turn|4\n|\n|t:|1682481994\n|-terastallize|p1b: Sudowoodo|Rock\n|move|p2a: Torkoal|Protect|p2a: Torkoal\n|-singleturn|p2a: Torkoal|Protect\n|move|p2b: Squawkabilly|Parting Shot|p1b: Sudowoodo\n|-unboost|p1b: Sudowoodo|atk|1\n|-unboost|p1b: Sudowoodo|spa|1\n|\n|t:|1682482001\n|switch|p2b: Lurantis|Lurantis, L50, F, shiny|100\/100|[from] Parting Shot\n|move|p1a: Blissey|Electric Terrain|p1a: Blissey\n|-fieldstart|move: Electric Terrain\n|move|p1b: Sudowoodo|Head Smash|p2a: Torkoal\n|-activate|p2a: Torkoal|move: Protect\n|\n|-weather|SunnyDay|[upkeep]\n|-heal|p1a: Blissey|79\/100|[from] item: Leftovers\n|-damage|p2a: Torkoal|36\/100 psn|[from] psn\n|-end|p1b: Sudowoodo|move: Yawn|[silent]\n|-activate|p1b: Sudowoodo|move: Electric Terrain\n|-sideend|p2: CryogonationInc|move: Tailwind\n|upkeep\n|turn|5\n|inactive|MvFox has 30 seconds left.\n|inactive|MvFox has 20 seconds left.\n|inactive|MvFox has 15 seconds left.\n|\n|t:|1682482045\n|move|p1b: Sudowoodo|Protect|p1b: Sudowoodo\n|-singleturn|p1b: Sudowoodo|Protect\n|move|p1a: Blissey|Skill Swap|p2b: Lurantis\n|-activate|p1a: Blissey|move: Skill Swap|Contrary|Serene Grace|[of] p2b: Lurantis\n|move|p2b: Lurantis|Leaf Storm|p1b: Sudowoodo\n|-activate|p1b: Sudowoodo|move: Protect\n|move|p2a: Torkoal|Bulldoze|p1b: Sudowoodo|[spread] p2b,p1a\n|-activate|p1b: Sudowoodo|move: Protect\n|-resisted|p2b: Lurantis\n|-damage|p2b: Lurantis|95\/100\n|-damage|p1a: Blissey|71\/100\n|-unboost|p2b: Lurantis|spe|1\n|-boost|p1a: Blissey|spe|1\n|\n|-weather|none\n|-heal|p1a: Blissey|78\/100|[from] item: Leftovers\n|-damage|p2a: Torkoal|23\/100 psn|[from] psn\n|upkeep\n|turn|6\n|l|\u2606MvFox\n|inactive|MvFox disconnected and has a minute to reconnect!\n|player|p1|\n|j|\u2606MvFox\n|inactive|MvFox reconnected and has 40 seconds left.\n|player|p1|MvFox|ethan\n|inactive|MvFox has 30 seconds left.\n|inactive|CryogonationInc has 30 seconds left.\n|inactive|MvFox has 20 seconds left.\n|inactive|CryogonationInc has 20 seconds left.\n|inactive|MvFox has 15 seconds left.\n|\n|t:|1682482089\n|switch|p1b: Jolteon|Jolteon, L50, F, shiny|100\/100\n|move|p2a: Torkoal|Protect|p2a: Torkoal\n|-singleturn|p2a: Torkoal|Protect\n|move|p1a: Blissey|Life Dew||[still]|[spread] p1a,p1b\n|-heal|p1a: Blissey|100\/100\n|-fail|p1b: Jolteon|heal\n|move|p2b: Lurantis|Leaf Storm|p1b: Jolteon\n|-damage|p1b: Jolteon|29\/100\n|-unboost|p2b: Lurantis|spa|2\n|\n|-damage|p2a: Torkoal|11\/100 psn|[from] psn\n|upkeep\n|turn|7\n|inactive|MvFox has 30 seconds left.\n|inactive|CryogonationInc has 30 seconds left.\n|inactive|CryogonationInc has 20 seconds left.\n|\n|t:|1682482131\n|move|p1b: Jolteon|Protect|p1b: Jolteon\n|-singleturn|p1b: Jolteon|Protect\n|move|p1a: Blissey|Life Dew||[still]|[spread] p1a,p1b\n|-fail|p1a: Blissey|heal\n|-heal|p1b: Jolteon|54\/100\n|move|p2b: Lurantis|Leaf Storm|p1b: Jolteon\n|-activate|p1b: Jolteon|move: Protect\n|move|p2a: Torkoal|Yawn|p1a: Blissey\n|-activate|p1a: Blissey|move: Electric Terrain\n|\n|-damage|p2a: Torkoal|0 fnt|[from] psn\n|faint|p2a: Torkoal\n|upkeep\n|\n|t:|1682482149\n|switch|p2a: Scovillain|Scovillain, L50, F|100\/100\n|turn|8\n|\n|t:|1682482166\n|move|p1b: Jolteon|Agility|p1b: Jolteon\n|-boost|p1b: Jolteon|spe|2\n|move|p2a: Scovillain|Energy Ball|p1b: Jolteon\n|-damage|p1b: Jolteon|0 fnt\n|faint|p1b: Jolteon\n|move|p1a: Blissey|Skill Swap|p2a: Scovillain\n|-activate|p1a: Blissey|move: Skill Swap|Chlorophyll|Contrary|[of] p2a: Scovillain\n|move|p2b: Lurantis|Leaf Storm|p1a: Blissey\n|-damage|p1a: Blissey|91\/100\n|-unboost|p2b: Lurantis|spa|2\n|\n|-heal|p1a: Blissey|97\/100|[from] item: Leftovers\n|-fieldend|move: Electric Terrain\n|upkeep\n|\n|t:|1682482185\n|switch|p1b: Sudowoodo|Sudowoodo, L50, F, shiny, tera:Rock|100\/100\n|turn|9\n|\n|t:|1682482206\n|move|p2a: Scovillain|Spicy Extract|p1a: Blissey\n|-boost|p1a: Blissey|atk|2\n|-unboost|p1a: Blissey|def|2\n|move|p1a: Blissey|Life Dew||[still]|[spread] p1a,p1b\n|-heal|p1a: Blissey|100\/100\n|-fail|p1b: Sudowoodo|heal\n|move|p1b: Sudowoodo|Head Smash|p2b: Lurantis\n|-damage|p2b: Lurantis|0 fnt\n|faint|p2b: Lurantis\n|\n|upkeep\n|\n|t:|1682482216\n|switch|p2b: Squawkabilly|Squawkabilly, L50, F|88\/100\n|-ability|p2b: Squawkabilly|Intimidate|boost\n|-unboost|p1a: Blissey|atk|1\n|-unboost|p1b: Sudowoodo|atk|1\n|turn|10\n|\n|t:|1682482230\n|move|p2b: Squawkabilly|Brave Bird|p1a: Blissey\n|-damage|p1a: Blissey|30\/100\n|-damage|p2b: Squawkabilly|44\/100|[from] Recoil\n|move|p2a: Scovillain|Energy Ball|p1b: Sudowoodo\n|-supereffective|p1b: Sudowoodo\n|-damage|p1b: Sudowoodo|0 fnt\n|faint|p1b: Sudowoodo\n|move|p1a: Blissey|Life Dew|p1a: Blissey\n|-heal|p1a: Blissey|55\/100\n|\n|-heal|p1a: Blissey|61\/100|[from] item: Leftovers\n|upkeep\n|turn|11\n|\n|t:|1682482253\n|move|p2b: Squawkabilly|Fake Tears|p1a: Blissey\n|-unboost|p1a: Blissey|spd|2\n|move|p2a: Scovillain|Spicy Extract|p1a: Blissey\n|-boost|p1a: Blissey|atk|2\n|-unboost|p1a: Blissey|def|2\n|move|p1a: Blissey|Life Dew|p1a: Blissey\n|-heal|p1a: Blissey|86\/100\n|\n|-heal|p1a: Blissey|92\/100|[from] item: Leftovers\n|upkeep\n|turn|12\n|\n|t:|1682482272\n|-terastallize|p2a: Scovillain|Grass\n|move|p2b: Squawkabilly|Fake Tears|p1a: Blissey\n|-unboost|p1a: Blissey|spd|2\n|move|p2a: Scovillain|Energy Ball|p1a: Blissey\n|-damage|p1a: Blissey|18\/100\n|-unboost|p1a: Blissey|spd|1\n|move|p1a: Blissey|Life Dew|p1a: Blissey\n|-heal|p1a: Blissey|44\/100\n|\n|-heal|p1a: Blissey|50\/100|[from] item: Leftovers\n|upkeep\n|turn|13\n|\n|t:|1682482285\n|move|p2b: Squawkabilly|Brave Bird|p1a: Blissey\n|-damage|p1a: Blissey|0 fnt\n|faint|p1a: Blissey\n|-damage|p2b: Squawkabilly|13\/100|[from] Recoil\n|\n|win|CryogonationInc\n|raw|MvFox's rating: 1000 → 1000<\/strong> (+0 for losing)\n|raw|CryogonationInc's rating: 1031 → 1063<\/strong> (+32 for winning)\n|l|\u2606MvFox\n","uploadtime":1682482303,"views":10,"p1id":"mvfox","p2id":"cryogonationinc","formatid":"gen9vgc2023regulationc","rating":1000,"private":0,"password":""}