{"id":"gen9vgc2023regulationc-1855890561","p1":"Wasdosaur","p2":"test0704","format":"[Gen 9] VGC 2023 Regulation C","log":"|j|\u2606Wasdosaur\n|j|\u2606test0704\n|t:|1682996649\n|gametype|doubles\n|player|p1|Wasdosaur|266|1062\n|player|p2|test0704|roxanne|1000\n|teamsize|p1|6\n|teamsize|p2|6\n|gen|9\n|tier|[Gen 9] VGC 2023 Regulation C\n|rated|\n|rule|Species Clause: Limit one of each Pok\u00e9mon\n|rule|Item Clause: Limit one of each item\n|clearpoke\n|poke|p1|Indeedee-F, L50, F|\n|poke|p1|Ting-Lu, L50|\n|poke|p1|Iron Hands, L50|\n|poke|p1|Flutter Mane, L50|\n|poke|p1|Baxcalibur, L50, M|\n|poke|p1|Armarouge, L50, M|\n|poke|p2|Chien-Pao, L50|\n|poke|p2|Dragonite, L50, M|\n|poke|p2|Abomasnow, L50, M|\n|poke|p2|Iron Bundle, L50|\n|poke|p2|Talonflame, L50, M|\n|poke|p2|Garchomp, L50, F|\n|teampreview|4\n|inactive|Battle timer is ON: inactive players will automatically lose when time's up. (requested by Wasdosaur)\n|inactive|test0704 has 60 seconds left.\n|\n|t:|1682996697\n|start\n|switch|p1a: Flutter Mane|Flutter Mane, L50|100\/100\n|switch|p1b: Indeedee|Indeedee-F, L50, F|100\/100\n|switch|p2a: Garchomp|Garchomp, L50, F|100\/100\n|switch|p2b: Talonflame|Talonflame, L50, M|100\/100\n|-fieldstart|move: Psychic Terrain|[from] ability: Psychic Surge|[of] p1b: Indeedee\n|turn|1\n|inactive|test0704 has 30 seconds left.\n|\n|t:|1682996730\n|-terastallize|p2a: Garchomp|Fire\n|move|p1a: Flutter Mane|Protect|p1a: Flutter Mane\n|-singleturn|p1a: Flutter Mane|Protect\n|move|p2b: Talonflame|Tailwind|p2b: Talonflame\n|-sidestart|p2: test0704|move: Tailwind\n|move|p2a: Garchomp|Swords Dance|p2a: Garchomp\n|-boost|p2a: Garchomp|atk|2\n|move|p1b: Indeedee|Trick Room|p1b: Indeedee\n|-fieldstart|move: Trick Room|[of] p1b: Indeedee\n|\n|upkeep\n|turn|2\n|\n|t:|1682996755\n|move|p1b: Indeedee|Psychic|p2a: Garchomp\n|-damage|p2a: Garchomp|61\/100\n|move|p1a: Flutter Mane|Shadow Ball|p2a: Garchomp\n|-damage|p2a: Garchomp|22\/100\n|move|p2a: Garchomp|Rock Slide|p1a: Flutter Mane|[spread] p1a,p1b\n|-damage|p1a: Flutter Mane|11\/100\n|-damage|p1b: Indeedee|56\/100\n|move|p2b: Talonflame|Taunt|p1b: Indeedee\n|-start|p1b: Indeedee|move: Taunt\n|\n|upkeep\n|turn|3\n|\n|t:|1682996775\n|move|p2a: Garchomp|Protect|p2a: Garchomp\n|-singleturn|p2a: Garchomp|Protect\n|move|p1b: Indeedee|Psychic|p2a: Garchomp\n|-activate|p2a: Garchomp|move: Protect\n|move|p1a: Flutter Mane|Shadow Ball|p2b: Talonflame\n|-damage|p2b: Talonflame|34\/100\n|move|p2b: Talonflame|Will-O-Wisp|p1a: Flutter Mane\n|-status|p1a: Flutter Mane|brn\n|\n|-damage|p1a: Flutter Mane|5\/100 brn|[from] brn\n|upkeep\n|turn|4\n|inactive|test0704 has 30 seconds left.\n|\n|t:|1682996804\n|switch|p2a: Chien-Pao|Chien-Pao, L50|100\/100\n|-ability|p2a: Chien-Pao|Sword of Ruin\n|move|p1b: Indeedee|Psychic|p2b: Talonflame\n|-damage|p2b: Talonflame|0 fnt\n|faint|p2b: Talonflame\n|move|p1a: Flutter Mane|Shadow Ball|p2a: Chien-Pao\n|-resisted|p2a: Chien-Pao\n|-damage|p2a: Chien-Pao|69\/100\n|-unboost|p2a: Chien-Pao|spd|1\n|\n|-damage|p1a: Flutter Mane|0 fnt|[from] brn\n|faint|p1a: Flutter Mane\n|-end|p1a: Flutter Mane|Protosynthesis|[silent]\n|-sideend|p2: test0704|move: Tailwind\n|upkeep\n|\n|t:|1682996824\n|switch|p2b: Dragonite|Dragonite, L50, M|100\/100\n|switch|p1a: Armarouge|Armarouge, L50, M|100\/100\n|turn|5\n|\n|t:|1682996835\n|switch|p1b: Baxcalibur|Baxcalibur, L50, M|100\/100\n|move|p1a: Armarouge|Expanding Force|p2b: Dragonite|[spread] p2b\n|-immune|p2a: Chien-Pao\n|-damage|p2b: Dragonite|21\/100\n|-damage|p1a: Armarouge|91\/100|[from] item: Life Orb\n|move|p2b: Dragonite|Stomping Tantrum|p1a: Armarouge\n|-supereffective|p1a: Armarouge\n|-damage|p1a: Armarouge|16\/100\n|move|p2a: Chien-Pao|Ice Spinner|p1b: Baxcalibur\n|-damage|p1b: Baxcalibur|60\/100\n|-fieldend|move: Psychic Terrain\n|\n|-fieldend|move: Trick Room\n|upkeep\n|turn|6\n|inactive|test0704 has 30 seconds left.\n|inactive|test0704 has 20 seconds left.\n|inactive|test0704 has 15 seconds left.\n|\n|t:|1682996876\n|switch|p2b: Garchomp|Garchomp, L50, F, tera:Fire|22\/100\n|move|p1a: Armarouge|Protect|p1a: Armarouge\n|-singleturn|p1a: Armarouge|Protect\n|move|p1b: Baxcalibur|Ice Shard|p2b: Garchomp\n|-resisted|p2b: Garchomp\n|-damage|p2b: Garchomp|10\/100\n|move|p2a: Chien-Pao|Sacred Sword|p1b: Baxcalibur\n|-supereffective|p1b: Baxcalibur\n|-damage|p1b: Baxcalibur|0 fnt\n|faint|p1b: Baxcalibur\n|\n|upkeep\n|\n|t:|1682996888\n|switch|p1b: Indeedee|Indeedee-F, L50, F|56\/100\n|-fieldstart|move: Psychic Terrain|[from] ability: Psychic Surge|[of] p1b: Indeedee\n|turn|7\n|\n|t:|1682996917\n|-terastallize|p1a: Armarouge|Grass\n|move|p1b: Indeedee|Follow Me|p1b: Indeedee\n|-singleturn|p1b: Indeedee|move: Follow Me\n|move|p2a: Chien-Pao|Ice Spinner|p1b: Indeedee\n|-damage|p1b: Indeedee|2\/100\n|-fieldend|move: Psychic Terrain\n|move|p2b: Garchomp|Earthquake|p1a: Armarouge|[spread] p2a,p1a,p1b\n|-resisted|p1a: Armarouge\n|-crit|p1b: Indeedee\n|-damage|p2a: Chien-Pao|17\/100\n|-damage|p1a: Armarouge|0 fnt\n|-damage|p1b: Indeedee|0 fnt\n|faint|p1a: Armarouge\n|faint|p1b: Indeedee\n|\n|win|test0704\n|raw|Wasdosaur's rating: 1062 → 1039<\/strong> (-23 for losing)\n|raw|test0704's rating: 1000 → 1047<\/strong> (+47 for winning)\n|l|\u2606Wasdosaur\n","uploadtime":1682997114,"views":15,"p1id":"wasdosaur","p2id":"test0704","formatid":"gen9vgc2023regulationc","rating":1039,"private":0,"password":""}