{"id":"gen9vgc2023regulationc-1846033726","p1":"FUFO04","p2":"kushsmoker68","format":"[Gen 9] VGC 2023 Regulation C","log":"|j|\u2606FUFO04\n|j|\u2606kushsmoker68\n|t:|1681794835\n|gametype|doubles\n|player|p1|FUFO04|265|1001\n|player|p2|kushsmoker68|170|1093\n|teamsize|p1|6\n|teamsize|p2|6\n|gen|9\n|tier|[Gen 9] VGC 2023 Regulation C\n|rated|\n|rule|Species Clause: Limit one of each Pok\u00e9mon\n|rule|Item Clause: Limit one of each item\n|clearpoke\n|poke|p1|Scizor, L50, M|\n|poke|p1|Indeedee-F, L50, F|\n|poke|p1|Great Tusk, L50|\n|poke|p1|Armarouge, L50, M|\n|poke|p1|Clawitzer, L50, F|\n|poke|p1|Dachsbun, L50, F|\n|poke|p2|Tatsugiri, L50, M|\n|poke|p2|Dondozo, L50, F|\n|poke|p2|Flutter Mane, L50|\n|poke|p2|Flamigo, L50, F|\n|poke|p2|Ceruledge, L50, F|\n|poke|p2|Maushold, L50|\n|teampreview|4\nkushsmoker68 has agreed to open team sheets.\n|\n|t:|1681794903\n|start\n|switch|p1a: Scizor|Scizor, L50, M|100\/100\n|switch|p1b: Armarouge|Armarouge, L50, M, shiny|100\/100\n|switch|p2a: SUSHI!|Tatsugiri, L50, M|100\/100\n|switch|p2b: Lil Flutty Mane|Flutter Mane, L50|100\/100\n|-enditem|p2b: Lil Flutty Mane|Booster Energy\n|-activate|p2b: Lil Flutty Mane|ability: Protosynthesis|[fromitem]\n|-start|p2b: Lil Flutty Mane|protosynthesisspe\n|turn|1\n|inactive|Battle timer is ON: inactive players will automatically lose when time's up. (requested by FUFO04)\n|\n|t:|1681794922\n|move|p1b: Armarouge|Protect|p1b: Armarouge\n|-singleturn|p1b: Armarouge|Protect\n|move|p2b: Lil Flutty Mane|Perish Song|p2b: Lil Flutty Mane\n|-start|p1a: Scizor|perish3|[silent]\n|-start|p1b: Armarouge|perish3|[silent]\n|-start|p2a: SUSHI!|perish3|[silent]\n|-start|p2b: Lil Flutty Mane|perish3|[silent]\n|-fieldactivate|move: Perish Song\n|move|p2a: SUSHI!|Muddy Water|p1b: Armarouge|[spread] p1a\n|-activate|p1b: Armarouge|move: Protect\n|-damage|p1a: Scizor|60\/100\n|move|p1a: Scizor|Tailwind|p1a: Scizor\n|-sidestart|p1: FUFO04|move: Tailwind\n|\n|-start|p2b: Lil Flutty Mane|perish3\n|-start|p1b: Armarouge|perish3\n|-start|p1a: Scizor|perish3\n|-start|p2a: SUSHI!|perish3\n|upkeep\n|turn|2\n|inactive|FUFO04 has 30 seconds left.\n|inactive|FUFO04 has 20 seconds left.\n|inactive|FUFO04 has 15 seconds left.\n|\n|t:|1681794964\n|switch|p1b: Clawitzer|Clawitzer, L50, F|100\/100\n|move|p2a: SUSHI!|Protect|p2a: SUSHI!\n|-singleturn|p2a: SUSHI!|Protect\n|move|p2b: Lil Flutty Mane|Icy Wind|p1b: Clawitzer|[spread] p1a,p1b\n|-resisted|p1a: Scizor\n|-resisted|p1b: Clawitzer\n|-damage|p1a: Scizor|51\/100\n|-damage|p1b: Clawitzer|95\/100\n|-unboost|p1b: Clawitzer|spe|1\n|move|p1a: Scizor|U-turn|p2a: SUSHI!\n|-activate|p2a: SUSHI!|move: Protect\n|\n|-start|p2b: Lil Flutty Mane|perish2\n|-start|p1a: Scizor|perish2\n|-start|p2a: SUSHI!|perish2\n|upkeep\n|turn|3\n|inactive|FUFO04 has 30 seconds left.\n|inactive|kushsmoker68 has 30 seconds left.\n|inactive|FUFO04 has 20 seconds left.\n|inactive|FUFO04 has 15 seconds left.\n|\n|t:|1681795009\n|move|p2b: Lil Flutty Mane|Moonblast|p1b: Clawitzer\n|-damage|p1b: Clawitzer|59\/100\n|-unboost|p1b: Clawitzer|spa|1\n|move|p1a: Scizor|U-turn|p2b: Lil Flutty Mane\n|-resisted|p2b: Lil Flutty Mane\n|-damage|p2b: Lil Flutty Mane|79\/100\n|\n|t:|1681795024\n|switch|p1a: Armarouge|Armarouge, L50, M, shiny|100\/100|[from] U-turn\n|move|p2a: SUSHI!|Draco Meteor|p1a: Armarouge\n|-damage|p1a: Armarouge|23\/100\n|-unboost|p2a: SUSHI!|spa|2\n|move|p1b: Clawitzer|Dark Pulse|p2a: SUSHI!\n|-damage|p2a: SUSHI!|66\/100\n|\n|-start|p2b: Lil Flutty Mane|perish1\n|-start|p2a: SUSHI!|perish1\n|upkeep\n|turn|4\n|inactive|FUFO04 has 30 seconds left.\n|inactive|FUFO04 has 20 seconds left.\n|inactive|FUFO04 has 15 seconds left.\n|inactive|FUFO04 has 10 seconds left.\n|\n|t:|1681795070\n|-end|p2b: Lil Flutty Mane|Protosynthesis|[silent]\n|switch|p2b: Donny D|Dondozo, L50, F|100\/100\n|-activate|p2a: SUSHI!|ability: Commander|[of] p2b: Donny D\n|-boost|p2b: Donny D|atk|2\n|-boost|p2b: Donny D|spa|2\n|-boost|p2b: Donny D|spe|2\n|-boost|p2b: Donny D|def|2\n|-boost|p2b: Donny D|spd|2\n|move|p1a: Armarouge|Energy Ball|p2b: Donny D\n|-supereffective|p2b: Donny D\n|-damage|p2b: Donny D|72\/100\n|move|p1b: Clawitzer|Dark Pulse|p2a: SUSHI!|[miss]\n|-miss|p1b: Clawitzer|p2a: SUSHI!\n|\n|-heal|p2b: Donny D|78\/100|[from] item: Leftovers\n|-start|p2a: SUSHI!|perish0\n|-sideend|p1: FUFO04|move: Tailwind\n|upkeep\n|faint|p2a: SUSHI!\n|\n|t:|1681795087\n|switch|p2a: Samba De Flamigo|Flamigo, L50, F|100\/100\n|-copyboost|p2a: Samba De Flamigo|p2b: Donny D|[from] ability: Costar\n|turn|5\n|inactive|FUFO04 has 30 seconds left.\n|\n|t:|1681795112\n|move|p1a: Armarouge|Protect|p1a: Armarouge\n|-singleturn|p1a: Armarouge|Protect\n|move|p2a: Samba De Flamigo|Brave Bird|p1b: Clawitzer\n|-crit|p1b: Clawitzer\n|-damage|p1b: Clawitzer|0 fnt\n|faint|p1b: Clawitzer\n|-damage|p2a: Samba De Flamigo|79\/100|[from] Recoil\n|move|p2b: Donny D|Order Up|p1a: Armarouge\n|-activate|p1a: Armarouge|move: Protect\n|\n|-heal|p2b: Donny D|85\/100|[from] item: Leftovers\n|upkeep\n|\n|t:|1681795123\n|switch|p1b: Indeedee|Indeedee-F, L50, F|100\/100\n|-fieldstart|move: Psychic Terrain|[from] ability: Psychic Surge|[of] p1b: Indeedee\n|-enditem|p1b: Indeedee|Psychic Seed\n|-boost|p1b: Indeedee|spd|1|[from] item: Psychic Seed\n|turn|6\n|\n|t:|1681795141\n|move|p2a: Samba De Flamigo|Brave Bird|p1b: Indeedee\n|-damage|p1b: Indeedee|0 fnt\n|faint|p1b: Indeedee\n|-damage|p2a: Samba De Flamigo|42\/100|[from] Recoil\n|move|p2b: Donny D|Order Up|p1a: Armarouge\n|-damage|p1a: Armarouge|0 fnt\n|faint|p1a: Armarouge\n|-boost|p2b: Donny D|atk|1\n|\n|-heal|p2b: Donny D|91\/100|[from] item: Leftovers\n|upkeep\n|\n|t:|1681795160\n|switch|p1b: Scizor|Scizor, L50, M|51\/100\n|turn|7\n|-message|FUFO04 forfeited.\n|\n|win|kushsmoker68\n|raw|FUFO04's rating: 1001 → 1000<\/strong> (-1 for losing)\n|raw|kushsmoker68's rating: 1093 → 1112<\/strong> (+19 for winning)\n|l|\u2606FUFO04\n","uploadtime":1681795169,"views":4,"p1id":"fufo04","p2id":"kushsmoker68","formatid":"gen9vgc2023regulationc","rating":1000,"private":0,"password":""}