{"id":"gen9vgc2023regulationc-1852851035","p1":"Windwinged","p2":"coolkhiid","format":"[Gen 9] VGC 2023 Regulation C","log":"|j|\u2606Windwinged\n|j|\u2606coolkhiid\n|t:|1682611585\n|gametype|doubles\n|player|p1|Windwinged|101|1305\n|player|p2|coolkhiid|170|1388\n|teamsize|p1|6\n|teamsize|p2|6\n|gen|9\n|tier|[Gen 9] VGC 2023 Regulation C\n|rated|\n|rule|Species Clause: Limit one of each Pok\u00e9mon\n|rule|Item Clause: Limit one of each item\n|clearpoke\n|poke|p1|Tsareena, L50, F|\n|poke|p1|Dondozo, L50, F|\n|poke|p1|Tatsugiri, L50, F|\n|poke|p1|Chi-Yu, L50|\n|poke|p1|Murkrow, L50, F|\n|poke|p1|Iron Thorns, L50|\n|poke|p2|Ting-Lu, L50|\n|poke|p2|Abomasnow, L50, M|\n|poke|p2|Iron Bundle, L50|\n|poke|p2|Gyarados, L50, M|\n|poke|p2|Gholdengo, L50|\n|poke|p2|Iron Moth, L50|\n|teampreview|4\n|inactive|Battle timer is ON: inactive players will automatically lose when time's up. (requested by coolkhiid)\n|inactive|Windwinged has 60 seconds left.\n|\n|t:|1682611620\n|start\n|switch|p1a: Murkrow|Murkrow, L50, F|100\/100\n|switch|p1b: Chi-Yu|Chi-Yu, L50|100\/100\n|switch|p2a: Abomasnow|Abomasnow, L50, M|100\/100\n|switch|p2b: Iron Bundle|Iron Bundle, L50|100\/100\n|-ability|p1b: Chi-Yu|Beads of Ruin\n|-weather|Snow|[from] ability: Snow Warning|[of] p2a: Abomasnow\n|turn|1\n|\n|t:|1682611631\n|-terastallize|p1b: Chi-Yu|Fire\n|-terastallize|p2a: Abomasnow|Water\n|move|p2b: Iron Bundle|Protect|p2b: Iron Bundle\n|-singleturn|p2b: Iron Bundle|Protect\n|move|p1a: Murkrow|Tailwind|p1a: Murkrow\n|-sidestart|p1: Windwinged|move: Tailwind\n|move|p1b: Chi-Yu|Heat Wave|p2b: Iron Bundle|[spread] p2a\n|-activate|p2b: Iron Bundle|move: Protect\n|-resisted|p2a: Abomasnow\n|-damage|p2a: Abomasnow|59\/100\n|-status|p2a: Abomasnow|brn\n|-damage|p1b: Chi-Yu|90\/100|[from] item: Life Orb\n|move|p2a: Abomasnow|Aurora Veil|p2a: Abomasnow\n|-sidestart|p2: coolkhiid|move: Aurora Veil\n|\n|-weather|Snow|[upkeep]\n|-damage|p2a: Abomasnow|53\/100 brn|[from] brn\n|upkeep\n|turn|2\n|\n|t:|1682611655\n|move|p1a: Murkrow|Thunder Wave|p2b: Iron Bundle\n|-status|p2b: Iron Bundle|par\n|move|p1b: Chi-Yu|Heat Wave|p2b: Iron Bundle|[spread] p2b\n|-miss|p1b: Chi-Yu|p2a: Abomasnow\n|-damage|p2b: Iron Bundle|0 fnt\n|faint|p2b: Iron Bundle\n|-end|p2b: Iron Bundle|Quark Drive|[silent]\n|-damage|p1b: Chi-Yu|80\/100|[from] item: Life Orb\n|move|p2a: Abomasnow|Blizzard|p1b: Chi-Yu|[spread] p1a,p1b\n|-supereffective|p1a: Murkrow\n|-resisted|p1b: Chi-Yu\n|-damage|p1a: Murkrow|11\/100\n|-damage|p1b: Chi-Yu|60\/100\n|\n|-weather|Snow|[upkeep]\n|-damage|p2a: Abomasnow|47\/100 brn|[from] brn\n|upkeep\n|\n|t:|1682611668\n|switch|p2b: Ting-Lu|Ting-Lu, L50|100\/100\n|-ability|p2b: Ting-Lu|Vessel of Ruin\n|turn|3\n|\n|t:|1682611675\n|switch|p1b: Dondozo|Dondozo, L50, F|100\/100\n|move|p1a: Murkrow|Feather Dance|p2b: Ting-Lu\n|-hint|Since gen 7, Dark is immune to Prankster moves.\n|-immune|p2b: Ting-Lu\n|move|p2a: Abomasnow|Blizzard|p1b: Dondozo|[spread] p1a,p1b\n|-supereffective|p1a: Murkrow\n|-resisted|p1b: Dondozo\n|-damage|p1a: Murkrow|0 fnt\n|-damage|p1b: Dondozo|92\/100\n|faint|p1a: Murkrow\n|move|p2b: Ting-Lu|Earthquake|p1b: Dondozo|[spread] p2a,p1b\n|-damage|p2a: Abomasnow|21\/100 brn\n|-damage|p1b: Dondozo|68\/100\n|\n|-weather|Snow|[upkeep]\n|-damage|p2a: Abomasnow|15\/100 brn|[from] brn\n|upkeep\n|\n|t:|1682611679\n|switch|p1a: Tatsugiri|Tatsugiri, L50, F|100\/100\n|-activate|p1a: Tatsugiri|ability: Commander|[of] p1b: Dondozo\n|-boost|p1b: Dondozo|atk|2\n|-boost|p1b: Dondozo|spa|2\n|-boost|p1b: Dondozo|spe|2\n|-boost|p1b: Dondozo|def|2\n|-boost|p1b: Dondozo|spd|2\n|turn|4\n|\n|t:|1682611700\n|move|p1b: Dondozo|Wave Crash|p2b: Ting-Lu\n|-supereffective|p2b: Ting-Lu\n|-damage|p2b: Ting-Lu|31\/100\n|-damage|p1b: Dondozo|46\/100|[from] Recoil\n|move|p2a: Abomasnow|Giga Drain|p1b: Dondozo\n|-supereffective|p1b: Dondozo\n|-damage|p1b: Dondozo|30\/100\n|-heal|p2a: Abomasnow|25\/100 brn|[from] drain|[of] p1b: Dondozo\n|move|p2b: Ting-Lu|Ruination|p1b: Dondozo\n|-damage|p1b: Dondozo|15\/100\n|\n|-weather|Snow|[upkeep]\n|-damage|p2a: Abomasnow|19\/100 brn|[from] brn\n|-sideend|p1: Windwinged|move: Tailwind\n|upkeep\n|turn|5\n|inactive|coolkhiid has 30 seconds left.\n|\n|t:|1682611733\n|move|p1b: Dondozo|Rest|p1b: Dondozo\n|-status|p1b: Dondozo|slp|[from] move: Rest\n|-heal|p1b: Dondozo|100\/100 slp|[silent]\n|move|p2a: Abomasnow|Giga Drain|p1b: Dondozo\n|-supereffective|p1b: Dondozo\n|-damage|p1b: Dondozo|83\/100 slp\n|-heal|p2a: Abomasnow|30\/100 brn|[from] drain|[of] p1b: Dondozo\n|move|p2b: Ting-Lu|Heavy Slam|p1b: Dondozo\n|-resisted|p1b: Dondozo\n|-damage|p1b: Dondozo|80\/100 slp\n|-damage|p2b: Ting-Lu|14\/100|[from] item: Rocky Helmet|[of] p1b: Dondozo\n|\n|-weather|none\n|-damage|p2a: Abomasnow|24\/100 brn|[from] brn\n|upkeep\n|turn|6\n|\n|t:|1682611750\n|switch|p2a: Iron Moth|Iron Moth, L50|100\/100\n|-enditem|p2a: Iron Moth|Booster Energy\n|-activate|p2a: Iron Moth|ability: Quark Drive|[fromitem]\n|-start|p2a: Iron Moth|quarkdrivespe\n|cant|p1b: Dondozo|slp\n|move|p1b: Dondozo|Sleep Talk|p1b: Dondozo\n|move|p1b: Dondozo|Order Up|p2a: Iron Moth|[from]move: Sleep Talk\n|-damage|p2a: Iron Moth|63\/100\n|-boost|p1b: Dondozo|atk|1\n|move|p2b: Ting-Lu|Ruination|p1b: Dondozo\n|-damage|p1b: Dondozo|40\/100 slp\n|\n|upkeep\n|turn|7\n|\n|t:|1682611775\n|move|p2a: Iron Moth|Acid Spray|p1b: Dondozo\n|-damage|p1b: Dondozo|34\/100 slp\n|-unboost|p1b: Dondozo|spd|2\n|cant|p1b: Dondozo|slp\n|move|p1b: Dondozo|Sleep Talk|p1b: Dondozo\n|move|p1b: Dondozo|Order Up|p2a: Iron Moth|[from]move: Sleep Talk\n|-damage|p2a: Iron Moth|17\/100\n|-boost|p1b: Dondozo|atk|1\n|move|p2b: Ting-Lu|Stomping Tantrum|p1b: Dondozo\n|-damage|p1b: Dondozo|24\/100 slp\n|-damage|p2b: Ting-Lu|0 fnt|[from] item: Rocky Helmet|[of] p1b: Dondozo\n|faint|p2b: Ting-Lu\n|\n|upkeep\n|\n|t:|1682611788\n|switch|p2b: Abomasnow|Abomasnow, L50, M, tera:Water|24\/100 brn\n|-weather|Snow|[from] ability: Snow Warning|[of] p2b: Abomasnow\n|turn|8\n|\n|t:|1682611799\n|move|p2a: Iron Moth|Energy Ball|p1b: Dondozo\n|-supereffective|p1b: Dondozo\n|-damage|p1b: Dondozo|0 fnt\n|faint|p1b: Dondozo\n|move|p2b: Abomasnow|Giga Drain|p1a: Tatsugiri\n|-damage|p1a: Tatsugiri|62\/100\n|-heal|p2b: Abomasnow|39\/100 brn|[from] drain|[of] p1a: Tatsugiri\n|\n|-weather|Snow|[upkeep]\n|-damage|p2b: Abomasnow|32\/100 brn|[from] brn\n|-sideend|p2: coolkhiid|move: Aurora Veil\n|upkeep\n|\n|t:|1682611802\n|switch|p1b: Chi-Yu|Chi-Yu, L50, tera:Fire|60\/100\n|-ability|p1b: Chi-Yu|Beads of Ruin\n|turn|9\n|\n|t:|1682611820\n|move|p1b: Chi-Yu|Protect|p1b: Chi-Yu\n|-singleturn|p1b: Chi-Yu|Protect\n|move|p2a: Iron Moth|Energy Ball|p1a: Tatsugiri\n|-damage|p1a: Tatsugiri|11\/100\n|-unboost|p1a: Tatsugiri|spd|1\n|move|p1a: Tatsugiri|Icy Wind|p2b: Abomasnow|[spread] p2a,p2b\n|-resisted|p2a: Iron Moth\n|-resisted|p2b: Abomasnow\n|-damage|p2a: Iron Moth|8\/100\n|-damage|p2b: Abomasnow|23\/100 brn\n|-unboost|p2a: Iron Moth|spe|1\n|-unboost|p2b: Abomasnow|spe|1\n|move|p2b: Abomasnow|Blizzard|p1b: Chi-Yu|[spread] p1a\n|-activate|p1b: Chi-Yu|move: Protect\n|-damage|p1a: Tatsugiri|0 fnt\n|faint|p1a: Tatsugiri\n|\n|-weather|Snow|[upkeep]\n|-damage|p2b: Abomasnow|17\/100 brn|[from] brn\n|upkeep\n|turn|10\n|inactive|coolkhiid has 30 seconds left.\n|\n|t:|1682611846\n|move|p2a: Iron Moth|Heat Wave|p1b: Chi-Yu\n|-resisted|p1b: Chi-Yu\n|-damage|p1b: Chi-Yu|33\/100\n|move|p1b: Chi-Yu|Heat Wave|p2b: Abomasnow|[spread] p2a,p2b\n|-resisted|p2a: Iron Moth\n|-resisted|p2b: Abomasnow\n|-damage|p2a: Iron Moth|0 fnt\n|-damage|p2b: Abomasnow|0 fnt\n|faint|p2a: Iron Moth\n|-end|p2a: Iron Moth|Quark Drive|[silent]\n|faint|p2b: Abomasnow\n|-damage|p1b: Chi-Yu|23\/100|[from] item: Life Orb\n|\n|win|Windwinged\n|raw|Windwinged's rating: 1305 → 1330<\/strong> (+25 for winning)\n|raw|coolkhiid's rating: 1388 → 1363<\/strong> (-25 for losing)\n|l|\u2606Windwinged\n","uploadtime":1682611862,"views":6,"p1id":"windwinged","p2id":"coolkhiid","formatid":"gen9vgc2023regulationc","rating":1330,"private":0,"password":""}