{"id":"gen9vgc2023regulationc-1861738412","p1":"GrifoneFolleVGC","p2":"revocolombia","format":"[Gen 9] VGC 2023 Regulation C","log":"|j|\u2606GrifoneFolleVGC\n|j|\u2606revocolombia\n|t:|1683802505\n|gametype|doubles\n|player|p1|GrifoneFolleVGC|cynthia-gen4|1325\n|player|p2|revocolombia|pokemonranger-gen4|1342\n|teamsize|p1|6\n|teamsize|p2|6\n|gen|9\n|tier|[Gen 9] VGC 2023 Regulation C\n|rated|\n|rule|Species Clause: Limit one of each Pok\u00e9mon\n|rule|Item Clause: Limit one of each item\n|clearpoke\n|poke|p1|Flutter Mane, L50|\n|poke|p1|Chi-Yu, L50|\n|poke|p1|Amoonguss, L50, M|\n|poke|p1|Iron Bundle, L50|\n|poke|p1|Gyarados, L50, F|\n|poke|p1|Iron Hands, L50|\n|poke|p2|Flutter Mane, L50|\n|poke|p2|Great Tusk, L50|\n|poke|p2|Gholdengo, L50|\n|poke|p2|Chien-Pao, L50|\n|poke|p2|Murkrow, L50, M|\n|poke|p2|Baxcalibur, L50, M|\n|teampreview|4\nGrifoneFolleVGC has agreed to open team sheets.\n|\n|t:|1683802546\n|start\n|switch|p1a: Chi-Yu|Chi-Yu, L50|100\/100\n|switch|p1b: Iron Hands|Iron Hands, L50|100\/100\n|switch|p2a: Great Tusk|Great Tusk, L50|100\/100\n|switch|p2b: Murkrow|Murkrow, L50, M|100\/100\n|-ability|p1a: Chi-Yu|Beads of Ruin\n|turn|1\n|inactive|Battle timer is ON: inactive players will automatically lose when time's up. (requested by GrifoneFolleVGC)\n|\n|t:|1683802567\n|switch|p1a: Gyarados|Gyarados, L50, F|100\/100\n|-ability|p1a: Gyarados|Intimidate|boost\n|-fail|p2a: Great Tusk|unboost|[from] item: Clear Amulet|[of] p2a: Great Tusk\n|-unboost|p2b: Murkrow|atk|1\n|-terastallize|p2a: Great Tusk|Fire\n|move|p1b: Iron Hands|Fake Out|p2a: Great Tusk\n|-damage|p2a: Great Tusk|89\/100\n|move|p2b: Murkrow|Tailwind|p2b: Murkrow\n|-sidestart|p2: revocolombia|move: Tailwind\n|cant|p2a: Great Tusk|flinch\n|\n|upkeep\n|turn|2\n|inactive|revocolombia has 30 seconds left.\n|\n|t:|1683802593\n|switch|p2b: Baxcalibur|Baxcalibur, L50, M|100\/100\n|-terastallize|p1b: Iron Hands|Grass\n|move|p2a: Great Tusk|Rock Slide|p1a: Gyarados|[spread] p1a,p1b\n|-supereffective|p1a: Gyarados\n|-damage|p1a: Gyarados|60\/100\n|-damage|p1b: Iron Hands|84\/100\n|move|p1a: Gyarados|Waterfall|p2a: Great Tusk\n|-supereffective|p2a: Great Tusk\n|-damage|p2a: Great Tusk|49\/100\n|cant|p1b: Iron Hands|flinch\n|\n|upkeep\n|turn|3\n|\n|t:|1683802616\n|move|p2b: Baxcalibur|Glaive Rush|p1b: Iron Hands\n|-damage|p1b: Iron Hands|7\/100\n|-singlemove|p2b: Baxcalibur|Glaive Rush|[silent]\n|-damage|p2b: Baxcalibur|90\/100|[from] item: Life Orb\n|move|p2a: Great Tusk|Rock Slide|p1a: Gyarados|[spread] p1a,p1b\n|-supereffective|p1a: Gyarados\n|-damage|p1a: Gyarados|15\/100\n|-damage|p1b: Iron Hands|0 fnt\n|faint|p1b: Iron Hands\n|-end|p1b: Iron Hands|Quark Drive|[silent]\n|cant|p1a: Gyarados|flinch\n|\n|upkeep\n|\n|t:|1683802629\n|switch|p1b: Iron Bundle|Iron Bundle, L50|100\/100\n|-enditem|p1b: Iron Bundle|Booster Energy\n|-activate|p1b: Iron Bundle|ability: Quark Drive|[fromitem]\n|-start|p1b: Iron Bundle|quarkdrivespe\n|turn|4\n|\n|t:|1683802649\n|move|p1b: Iron Bundle|Protect|p1b: Iron Bundle\n|-singleturn|p1b: Iron Bundle|Protect\n|move|p1a: Gyarados|Protect|p1a: Gyarados\n|-singleturn|p1a: Gyarados|Protect\n|move|p2b: Baxcalibur|Ice Shard|p1a: Gyarados\n|-activate|p1a: Gyarados|move: Protect\n|move|p2a: Great Tusk|Rock Slide|p1b: Iron Bundle|[spread] \n|-activate|p1a: Gyarados|move: Protect\n|-activate|p1b: Iron Bundle|move: Protect\n|\n|-sideend|p2: revocolombia|move: Tailwind\n|upkeep\n|turn|5\n|inactive|GrifoneFolleVGC has 30 seconds left.\n|\n|t:|1683802674\n|move|p2a: Great Tusk|Protect|p2a: Great Tusk\n|-singleturn|p2a: Great Tusk|Protect\n|move|p2b: Baxcalibur|Ice Shard|p1a: Gyarados\n|-damage|p1a: Gyarados|0 fnt\n|faint|p1a: Gyarados\n|-damage|p2b: Baxcalibur|80\/100|[from] item: Life Orb\n|move|p1b: Iron Bundle|Icy Wind|p2a: Great Tusk|[spread] p2b\n|-activate|p2a: Great Tusk|move: Protect\n|-damage|p2b: Baxcalibur|57\/100\n|-unboost|p2b: Baxcalibur|spe|1\n|\n|upkeep\n|\n|t:|1683802679\n|switch|p1a: Chi-Yu|Chi-Yu, L50|100\/100\n|-ability|p1a: Chi-Yu|Beads of Ruin\n|turn|6\n|inactive|revocolombia has 30 seconds left.\n|\n|t:|1683802705\n|move|p2b: Baxcalibur|Protect|p2b: Baxcalibur\n|-singleturn|p2b: Baxcalibur|Protect\n|move|p1b: Iron Bundle|Hydro Pump|p2a: Great Tusk\n|-supereffective|p2a: Great Tusk\n|-damage|p2a: Great Tusk|0 fnt\n|faint|p2a: Great Tusk\n|-end|p2a: Great Tusk|Protosynthesis|[silent]\n|move|p1a: Chi-Yu|Nasty Plot|p1a: Chi-Yu\n|-boost|p1a: Chi-Yu|spa|2\n|\n|upkeep\n|l|\u2606GrifoneFolleVGC\n|inactive|GrifoneFolleVGC disconnected and has a minute to reconnect!\n|player|p1|\n|\n|t:|1683802716\n|switch|p2a: Murkrow|Murkrow, L50, M|100\/100\n|turn|7\n|j|\u2606GrifoneFolleVGC\n|inactive|GrifoneFolleVGC reconnected and has 50 seconds left.\n|player|p1|GrifoneFolleVGC|cynthia-gen4\n|\n|t:|1683802733\n|move|p1a: Chi-Yu|Protect|p1a: Chi-Yu\n|-singleturn|p1a: Chi-Yu|Protect\n|move|p2a: Murkrow|Tailwind|p2a: Murkrow\n|-sidestart|p2: revocolombia|move: Tailwind\n|move|p1b: Iron Bundle|Icy Wind|p2a: Murkrow|[spread] p2b\n|-miss|p1b: Iron Bundle|p2a: Murkrow\n|-damage|p2b: Baxcalibur|27\/100\n|-unboost|p2b: Baxcalibur|spe|1\n|move|p2b: Baxcalibur|Glaive Rush|p1a: Chi-Yu\n|-activate|p1a: Chi-Yu|move: Protect\n|\n|upkeep\n|turn|8\n|inactive|revocolombia has 30 seconds left.\n|\n|t:|1683802761\n|move|p2a: Murkrow|Haze|p2a: Murkrow\n|-clearallboost\n|move|p1b: Iron Bundle|Icy Wind|p2a: Murkrow|[spread] p2b\n|-miss|p1b: Iron Bundle|p2a: Murkrow\n|-damage|p2b: Baxcalibur|0 fnt\n|faint|p2b: Baxcalibur\n|move|p1a: Chi-Yu|Heat Wave|p2a: Murkrow\n|-damage|p2a: Murkrow|35\/100\n|\n|upkeep\n|\n|t:|1683802772\n|switch|p2b: Flutter Mane|Flutter Mane, L50|100\/100\n|-enditem|p2b: Flutter Mane|Booster Energy\n|-activate|p2b: Flutter Mane|ability: Protosynthesis|[fromitem]\n|-start|p2b: Flutter Mane|protosynthesisspa\n|turn|9\n|inactive|GrifoneFolleVGC has 30 seconds left.\n|\n|t:|1683802799\n|move|p2a: Murkrow|Sunny Day|p2a: Murkrow\n|-weather|SunnyDay\n|move|p2b: Flutter Mane|Dazzling Gleam|p1a: Chi-Yu|[spread] p1a,p1b\n|-damage|p1a: Chi-Yu|50\/100\n|-damage|p1b: Iron Bundle|0 fnt\n|faint|p1b: Iron Bundle\n|-end|p1b: Iron Bundle|Quark Drive|[silent]\n|move|p1a: Chi-Yu|Heat Wave|p2a: Murkrow|[spread] p2b\n|-miss|p1a: Chi-Yu|p2a: Murkrow\n|-damage|p2b: Flutter Mane|26\/100\n|\n|-weather|SunnyDay|[upkeep]\n|upkeep\n|turn|10\n|inactive|revocolombia has 30 seconds left.\n|\n|t:|1683802825\n|move|p1a: Chi-Yu|Protect|p1a: Chi-Yu\n|-singleturn|p1a: Chi-Yu|Protect\n|move|p2a: Murkrow|Haze|p2a: Murkrow\n|-clearallboost\n|move|p2b: Flutter Mane|Dazzling Gleam|p1a: Chi-Yu\n|-activate|p1a: Chi-Yu|move: Protect\n|\n|-weather|SunnyDay|[upkeep]\n|-sideend|p2: revocolombia|move: Tailwind\n|upkeep\n|turn|11\n|\n|t:|1683802837\n|move|p2a: Murkrow|Tailwind|p2a: Murkrow\n|-sidestart|p2: revocolombia|move: Tailwind\n|move|p2b: Flutter Mane|Dazzling Gleam|p1a: Chi-Yu\n|-damage|p1a: Chi-Yu|0 fnt\n|faint|p1a: Chi-Yu\n|\n|win|revocolombia\n|raw|GrifoneFolleVGC's rating: 1325 → 1306<\/strong> (-19 for losing)\n|raw|revocolombia's rating: 1342 → 1361<\/strong> (+19 for winning)\n|l|\u2606GrifoneFolleVGC\n","uploadtime":1683802848,"views":9,"p1id":"grifonefollevgc","p2id":"revocolombia","formatid":"gen9vgc2023regulationc","rating":1306,"private":0,"password":""}