{"id":"gen9vgc2023regulationc-1852768746","p1":"Nexmind","p2":"Missed Ledgedash","format":"[Gen 9] VGC 2023 Regulation C","log":"|j|\u2606Nexmind\n|j|\u2606Missed Ledgedash\n|t:|1682604698\n|gametype|doubles\n|player|p1|Nexmind|nate|1419\n|player|p2|Missed Ledgedash|juan-gen3|1337\n|teamsize|p1|6\n|teamsize|p2|6\n|gen|9\n|tier|[Gen 9] VGC 2023 Regulation C\n|rated|\n|rule|Species Clause: Limit one of each Pok\u00e9mon\n|rule|Item Clause: Limit one of each item\n|clearpoke\n|poke|p1|Amoonguss, L50, F|\n|poke|p1|Gyarados, L50, M|\n|poke|p1|Chi-Yu, L50|\n|poke|p1|Baxcalibur, L50, F|\n|poke|p1|Flutter Mane, L50|\n|poke|p1|Ting-Lu, L50|\n|poke|p2|Flutter Mane, L50|\n|poke|p2|Arcanine, L50, M|\n|poke|p2|Amoonguss, L50, M|\n|poke|p2|Palafin, L50, F|\n|poke|p2|Corviknight, L50, M|\n|poke|p2|Iron Hands, L50|\n|teampreview|4\nMissed Ledgedash has agreed to open team sheets.\nNexmind has agreed to open team sheets.\n|\n|t:|1682604763\n|start\n|switch|p1a: irony|Chi-Yu, L50|100\/100\n|switch|p1b: inevitable|Amoonguss, L50, F|100\/100\n|switch|p2a: Palafin|Palafin, L50, F|100\/100\n|switch|p2b: Iron Hands|Iron Hands, L50|100\/100\n|-ability|p1a: irony|Beads of Ruin\n|turn|1\n|\n|t:|1682604782\n|-terastallize|p1a: irony|Water\n|move|p2b: Iron Hands|Fake Out|p1b: inevitable\n|-damage|p1b: inevitable|89\/100\n|move|p1a: irony|Nasty Plot|p1a: irony\n|-boost|p1a: irony|spa|2\n|move|p2a: Palafin|Substitute|p2a: Palafin\n|-start|p2a: Palafin|Substitute\n|-damage|p2a: Palafin|76\/100\n|cant|p1b: inevitable|flinch\n|\n|upkeep\n|turn|2\n|\n|t:|1682604798\n|-terastallize|p2b: Iron Hands|Grass\n|move|p1a: irony|Protect|p1a: irony\n|-singleturn|p1a: irony|Protect\n|move|p2a: Palafin|Wave Crash|p1a: irony\n|-activate|p1a: irony|move: Protect\n|move|p2b: Iron Hands|Wild Charge|p1a: irony\n|-activate|p1a: irony|move: Protect\n|move|p1b: inevitable|Spore|p2b: Iron Hands\n|-immune|p2b: Iron Hands\n|\n|upkeep\n|turn|3\n|\n|t:|1682604813\n|move|p1a: irony|Heat Wave|p2b: Iron Hands|[spread] p2a,p2b\n|-resisted|p2a: Palafin\n|-end|p2a: Palafin|Substitute\n|-supereffective|p2b: Iron Hands\n|-damage|p2b: Iron Hands|17\/100\n|move|p2a: Palafin|Wave Crash|p1a: irony\n|-resisted|p1a: irony\n|-damage|p1a: irony|67\/100\n|-damage|p2a: Palafin|67\/100|[from] Recoil\n|move|p2b: Iron Hands|Wild Charge|p1a: irony\n|-supereffective|p1a: irony\n|-damage|p1a: irony|0 fnt\n|faint|p1a: irony\n|-damage|p2b: Iron Hands|7\/100|[from] Recoil\n|move|p1b: inevitable|Spore|p2a: Palafin\n|-status|p2a: Palafin|slp|[from] move: Spore\n|\n|upkeep\n|\n|t:|1682604819\n|switch|p1a: Dunkmaster|Baxcalibur, L50, F|100\/100\n|turn|4\n|\n|t:|1682604832\n|detailschange|p2a: Palafin|Palafin-Hero, L50, F\n|switch|p2a: Amoonguss|Amoonguss, L50, M|100\/100\n|move|p1a: Dunkmaster|Dragon Dance|p1a: Dunkmaster\n|-boost|p1a: Dunkmaster|atk|1\n|-boost|p1a: Dunkmaster|spe|1\n|move|p2b: Iron Hands|Drain Punch|p1a: Dunkmaster\n|-supereffective|p1a: Dunkmaster\n|-damage|p1a: Dunkmaster|16\/100\n|-heal|p2b: Iron Hands|41\/100|[from] drain|[of] p1a: Dunkmaster\n|move|p1b: inevitable|Pollen Puff|p2b: Iron Hands\n|-supereffective|p2b: Iron Hands\n|-damage|p2b: Iron Hands|21\/100\n|\n|upkeep\n|turn|5\n|\n|t:|1682604862\n|move|p1a: Dunkmaster|Icicle Crash|p2b: Iron Hands\n|-supereffective|p2b: Iron Hands\n|-damage|p2b: Iron Hands|0 fnt\n|faint|p2b: Iron Hands\n|-end|p2b: Iron Hands|Quark Drive|[silent]\n|move|p2a: Amoonguss|Pollen Puff|p1a: Dunkmaster\n|-damage|p1a: Dunkmaster|0 fnt\n|faint|p1a: Dunkmaster\n|move|p1b: inevitable|Pollen Puff|p1: Dunkmaster|[notarget]\n|-fail|p1b: inevitable\n|\n|upkeep\n|\n|t:|1682604872\n|switch|p1a: Palahater|Gyarados, L50, M|100\/100\n|switch|p2b: Corviknight|Corviknight, L50, M|100\/100\n|-ability|p1a: Palahater|Intimidate|boost\n|-unboost|p2a: Amoonguss|atk|1\n|-ability|p2b: Corviknight|Mirror Armor\n|-unboost|p1a: Palahater|atk|1\n|turn|6\n|-message|Nexmind forfeited.\n|\n|win|Missed Ledgedash\n|raw|Nexmind's rating: 1419 → 1394<\/strong> (-25 for losing)\n|raw|Missed Ledgedash's rating: 1337 → 1362<\/strong> (+25 for winning)\n|l|\u2606Nexmind\n","uploadtime":1682605564,"views":13,"p1id":"nexmind","p2id":"missedledgedash","formatid":"gen9vgc2023regulationc","rating":1362,"private":0,"password":""}