{"id":"gen9vgc2023regulationc-1851600516","p1":"Pc13","p2":"FernanGG_2003","format":"[Gen 9] VGC 2023 Regulation C","log":"|j|\u2606Pc13\n|j|\u2606FernanGG_2003\n|t:|1682459855\n|gametype|doubles\n|player|p1|Pc13|102|1069\n|player|p2|FernanGG_2003|170|1000\n|teamsize|p1|6\n|teamsize|p2|6\n|gen|9\n|tier|[Gen 9] VGC 2023 Regulation C\n|rated|\n|rule|Species Clause: Limit one of each Pok\u00e9mon\n|rule|Item Clause: Limit one of each item\n|clearpoke\n|poke|p1|Lilligant, L50, F|\n|poke|p1|Torkoal, L50, F|\n|poke|p1|Flutter Mane, L50|\n|poke|p1|Kingambit, L50, F|\n|poke|p1|Great Tusk, L50|\n|poke|p1|Arcanine, L50, F|\n|poke|p2|Iron Hands, L50|\n|poke|p2|Amoonguss, L50, F|\n|poke|p2|Pelipper, L50, F|\n|poke|p2|Palafin, L50, F|\n|poke|p2|Baxcalibur, L50, F|\n|poke|p2|Dragonite, L50, M|\n|teampreview|4\nFernanGG_2003 has agreed to open team sheets.\n|inactive|Battle timer is ON: inactive players will automatically lose when time's up. (requested by FernanGG_2003)\n|l|\u2606FernanGG_2003\n|inactive|FernanGG_2003 disconnected and has a minute to reconnect!\n|player|p2|\n|inactive|Pc13 has 60 seconds left.\n|j|\u2606FernanGG_2003\n|inactive|FernanGG_2003 reconnected.\n|player|p2|FernanGG_2003|170\n|\n|t:|1682459992\n|start\n|switch|p1a: Breakthrough|Torkoal, L50, F, shiny|100\/100\n|switch|p1b: Trouble|Great Tusk, L50, shiny|100\/100\n|switch|p2a: Manazas|Iron Hands, L50, shiny|100\/100\n|switch|p2b: SetaAlucinogena|Amoonguss, L50, F|100\/100\n|-weather|SunnyDay|[from] ability: Drought|[of] p1a: Breakthrough\n|-activate|p1b: Trouble|ability: Protosynthesis\n|-start|p1b: Trouble|protosynthesisatk\n|turn|1\n|inactive|Pc13 has 30 seconds left.\n|\n|t:|1682460019\n|switch|p1a: Arcanine|Arcanine, L50, F|100\/100\n|-ability|p1a: Arcanine|Intimidate|boost\n|-unboost|p2a: Manazas|atk|1\n|-unboost|p2b: SetaAlucinogena|atk|1\n|move|p2a: Manazas|Fake Out|p1b: Trouble\n|-damage|p1b: Trouble|93\/100\n|cant|p1b: Trouble|flinch\n|move|p2b: SetaAlucinogena|Spore|p1a: Arcanine\n|-activate|p1a: Arcanine|item: Safety Goggles|Spore\n|\n|-weather|SunnyDay|[upkeep]\n|upkeep\n|turn|2\n|inactive|Pc13 has 30 seconds left.\n|inactive|FernanGG_2003 has 30 seconds left.\n|inactive|FernanGG_2003 has 20 seconds left.\n|inactive|FernanGG_2003 has 15 seconds left.\n|\n|t:|1682460063\n|-end|p2a: Manazas|Quark Drive|[silent]\n|switch|p2a: Pelicano|Pelipper, L50, F|100\/100\n|-weather|RainDance|[from] ability: Drizzle|[of] p2a: Pelicano\n|-end|p1b: Trouble|Protosynthesis\n|switch|p2b: Espa\u00f1ita|Dragonite, L50, M|100\/100\n|move|p1b: Trouble|Headlong Rush|p2a: Pelicano\n|-immune|p2a: Pelicano\n|move|p1a: Arcanine|Flare Blitz|p2b: Espa\u00f1ita\n|-resisted|p2b: Espa\u00f1ita\n|-damage|p2b: Espa\u00f1ita|93\/100\n|-status|p2b: Espa\u00f1ita|brn\n|-enditem|p2b: Espa\u00f1ita|Lum Berry|[eat]\n|-curestatus|p2b: Espa\u00f1ita|brn|[msg]\n|-damage|p1a: Arcanine|97\/100|[from] Recoil\n|\n|-weather|RainDance|[upkeep]\n|upkeep\n|turn|3\n|inactive|Pc13 has 30 seconds left.\n|inactive|FernanGG_2003 has 30 seconds left.\n|\n|t:|1682460092\n|-end|p1b: Trouble|Protosynthesis|[silent]\n|switch|p1b: Breakthrough|Torkoal, L50, F, shiny|100\/100\n|-weather|SunnyDay|[from] ability: Drought|[of] p1b: Breakthrough\n|-terastallize|p1a: Arcanine|Normal\n|move|p2b: Espa\u00f1ita|Extreme Speed|p1a: Arcanine\n|-damage|p1a: Arcanine|57\/100\n|move|p1a: Arcanine|Will-O-Wisp|p2b: Espa\u00f1ita\n|-status|p2b: Espa\u00f1ita|brn\n|move|p2a: Pelicano|Tailwind|p2a: Pelicano\n|-sidestart|p2: FernanGG_2003|move: Tailwind\n|\n|-weather|SunnyDay|[upkeep]\n|-damage|p2b: Espa\u00f1ita|87\/100 brn|[from] brn\n|upkeep\n|turn|4\n|inactive|FernanGG_2003 has 30 seconds left.\n|\n|t:|1682460126\n|switch|p1b: FANCY|Flutter Mane, L50, shiny|100\/100\n|-activate|p1b: FANCY|ability: Protosynthesis\n|-start|p1b: FANCY|protosynthesisspe\n|-terastallize|p2b: Espa\u00f1ita|Flying\n|move|p2a: Pelicano|Hydro Pump|p1b: FANCY\n|-damage|p1b: FANCY|73\/100\n|move|p2b: Espa\u00f1ita|Tera Blast|p1a: Arcanine\n|-damage|p1a: Arcanine|15\/100\n|move|p1a: Arcanine|Morning Sun|p1a: Arcanine\n|-heal|p1a: Arcanine|82\/100\n|\n|-weather|SunnyDay|[upkeep]\n|-damage|p2b: Espa\u00f1ita|81\/100 brn|[from] brn\n|upkeep\n|turn|5\n|inactive|Pc13 has 30 seconds left.\n|inactive|Pc13 has 20 seconds left.\n|inactive|Pc13 has 15 seconds left.\n|\n|t:|1682460167\n|move|p1a: Arcanine|Extreme Speed|p2a: Pelicano\n|-damage|p2a: Pelicano|45\/100\n|move|p1b: FANCY|Dazzling Gleam|p2b: Espa\u00f1ita|[spread] p2a,p2b\n|-damage|p2a: Pelicano|0 fnt\n|-damage|p2b: Espa\u00f1ita|35\/100 brn\n|faint|p2a: Pelicano\n|move|p2b: Espa\u00f1ita|Tera Blast|p1b: FANCY\n|-damage|p1b: FANCY|3\/100\n|\n|-weather|SunnyDay|[upkeep]\n|-damage|p2b: Espa\u00f1ita|29\/100 brn|[from] brn\n|upkeep\n|\n|t:|1682460179\n|switch|p2a: Manazas|Iron Hands, L50, shiny|100\/100\n|turn|6\n|inactive|Pc13 has 30 seconds left.\n|inactive|Pc13 has 20 seconds left.\n|inactive|Pc13 has 15 seconds left.\n|inactive|Pc13 has 10 seconds left.\n|\n|t:|1682460227\n|move|p2b: Espa\u00f1ita|Extreme Speed|p1b: FANCY\n|-immune|p1b: FANCY\n|move|p1a: Arcanine|Extreme Speed|p2b: Espa\u00f1ita\n|-damage|p2b: Espa\u00f1ita|0 fnt\n|faint|p2b: Espa\u00f1ita\n|move|p1b: FANCY|Dazzling Gleam|p2a: Manazas\n|-supereffective|p2a: Manazas\n|-damage|p2a: Manazas|37\/100\n|move|p2a: Manazas|Wild Charge|p1a: Arcanine\n|-damage|p1a: Arcanine|19\/100\n|-damage|p2a: Manazas|27\/100|[from] Recoil\n|\n|-weather|SunnyDay|[upkeep]\n|-sideend|p2: FernanGG_2003|move: Tailwind\n|upkeep\n|\n|t:|1682460240\n|switch|p2b: SetaAlucinogena|Amoonguss, L50, F|100\/100\n|turn|7\n|\n|t:|1682460264\n|move|p2b: SetaAlucinogena|Protect|p2b: SetaAlucinogena\n|-singleturn|p2b: SetaAlucinogena|Protect\n|move|p1b: FANCY|Dazzling Gleam|p2b: SetaAlucinogena|[spread] p2a\n|-activate|p2b: SetaAlucinogena|move: Protect\n|-supereffective|p2a: Manazas\n|-damage|p2a: Manazas|0 fnt\n|faint|p2a: Manazas\n|-end|p2a: Manazas|Quark Drive|[silent]\n|move|p1a: Arcanine|Morning Sun|p1a: Arcanine\n|-heal|p1a: Arcanine|86\/100\n|\n|-weather|none\n|-end|p1b: FANCY|Protosynthesis\n|upkeep\n|turn|8\n|\n|t:|1682460284\n|-end|p1b: FANCY|Protosynthesis|[silent]\n|switch|p1b: Breakthrough|Torkoal, L50, F, shiny|100\/100\n|-weather|SunnyDay|[from] ability: Drought|[of] p1b: Breakthrough\n|move|p1a: Arcanine|Flare Blitz|p2b: SetaAlucinogena\n|-supereffective|p2b: SetaAlucinogena\n|-damage|p2b: SetaAlucinogena|0 fnt\n|faint|p2b: SetaAlucinogena\n|-damage|p1a: Arcanine|42\/100|[from] Recoil\n|\n|win|Pc13\n|raw|Pc13's rating: 1069 → 1093<\/strong> (+24 for winning)\n|raw|FernanGG_2003's rating: 1000 → 1000<\/strong> (+0 for losing)\n|l|\u2606FernanGG_2003\n","uploadtime":1682460303,"views":13,"p1id":"pc13","p2id":"fernangg2003","formatid":"gen9vgc2023regulationc","rating":1000,"private":0,"password":""}