{"id":"gen9vgc2023regulationc-1845358818","p1":"blackdoom1","p2":"Steakman5","format":"[Gen 9] VGC 2023 Regulation C","log":"|j|\u2606blackdoom1\n|j|\u2606Steakman5\n|t:|1681721255\n|gametype|doubles\n|player|p1|blackdoom1|2|1026\n|player|p2|Steakman5|swimmer-gen4|1125\n|teamsize|p1|6\n|teamsize|p2|6\n|gen|9\n|tier|[Gen 9] VGC 2023 Regulation C\n|rated|\n|rule|Species Clause: Limit one of each Pok\u00e9mon\n|rule|Item Clause: Limit one of each item\n|clearpoke\n|poke|p1|Chien-Pao, L50|\n|poke|p1|Dragonite, L50, M|\n|poke|p1|Maushold, L50|\n|poke|p1|Annihilape, L50, F|\n|poke|p1|Farigiraf, L50, M|\n|poke|p1|Scizor, L50, F|\n|poke|p2|Chi-Yu, L50|\n|poke|p2|Palafin, L50, F|\n|poke|p2|Maushold-Four, L50|\n|poke|p2|Annihilape, L50, F|\n|poke|p2|Brute Bonnet, L50|\n|poke|p2|Flutter Mane, L50|\n|teampreview|4\n|\n|t:|1681721309\n|start\n|switch|p1a: Dragonite|Dragonite, L50, M|100\/100\n|switch|p1b: Farigiraf|Farigiraf, L50, M|100\/100\n|switch|p2a: Chi-Yu|Chi-Yu, L50|100\/100\n|switch|p2b: Flutter Mane|Flutter Mane, L50|100\/100\n|-ability|p2a: Chi-Yu|Beads of Ruin\n|-enditem|p2b: Flutter Mane|Booster Energy\n|-activate|p2b: Flutter Mane|ability: Protosynthesis|[fromitem]\n|-start|p2b: Flutter Mane|protosynthesisspe\n|turn|1\n|\n|t:|1681721350\n|-terastallize|p2a: Chi-Yu|Fire\n|move|p2b: Flutter Mane|Dazzling Gleam|p1a: Dragonite|[spread] p1a,p1b\n|-supereffective|p1a: Dragonite\n|-damage|p1a: Dragonite|59\/100\n|-damage|p1b: Farigiraf|70\/100\n|move|p2a: Chi-Yu|Heat Wave|p1b: Farigiraf|[spread] p1a,p1b\n|-resisted|p1a: Dragonite\n|-damage|p1a: Dragonite|27\/100\n|-damage|p1b: Farigiraf|19\/100\n|-status|p1a: Dragonite|brn\n|-enditem|p1a: Dragonite|Lum Berry|[eat]\n|-curestatus|p1a: Dragonite|brn|[msg]\n|-enditem|p1b: Farigiraf|Sitrus Berry|[eat]\n|-heal|p1b: Farigiraf|44\/100|[from] item: Sitrus Berry\n|move|p1a: Dragonite|Tailwind|p1a: Dragonite\n|-sidestart|p1: blackdoom1|move: Tailwind\n|move|p1b: Farigiraf|Imprison|p1b: Farigiraf\n|-start|p1b: Farigiraf|move: Imprison\n|\n|upkeep\n|turn|2\n|\n|t:|1681721380\n|move|p2b: Flutter Mane|Energy Ball|p1a: Dragonite\n|-resisted|p1a: Dragonite\n|-damage|p1a: Dragonite|17\/100\n|move|p2a: Chi-Yu|Heat Wave|p1a: Dragonite|[spread] p1a,p1b\n|-resisted|p1a: Dragonite\n|-damage|p1a: Dragonite|0 fnt\n|-damage|p1b: Farigiraf|0 fnt\n|faint|p1a: Dragonite\n|faint|p1b: Farigiraf\n|\n|upkeep\n|\n|t:|1681721389\n|switch|p1a: Maushold|Maushold, L50|100\/100\n|switch|p1b: Annihilape|Annihilape, L50, F|100\/100\n|turn|3\n|\n|t:|1681721413\n|-terastallize|p1b: Annihilape|Fire\n|move|p2b: Flutter Mane|Dazzling Gleam|p1a: Maushold|[spread] p1a,p1b\n|-resisted|p1b: Annihilape\n|-damage|p1a: Maushold|62\/100\n|-damage|p1b: Annihilape|90\/100\n|move|p1a: Maushold|Beat Up|p1b: Annihilape\n|-damage|p1b: Annihilape|88\/100\n|-damage|p1b: Annihilape|86\/100\n|-hitcount|p1b: Annihilape|2\n|move|p2a: Chi-Yu|Heat Wave|p1a: Maushold|[spread] p1a,p1b\n|-resisted|p1b: Annihilape\n|-damage|p1a: Maushold|2\/100\n|-damage|p1b: Annihilape|67\/100\n|move|p1b: Annihilape|Rage Fist|p2b: Flutter Mane\n|-supereffective|p2b: Flutter Mane\n|-damage|p2b: Flutter Mane|0 fnt\n|faint|p2b: Flutter Mane\n|-end|p2b: Flutter Mane|Protosynthesis|[silent]\n|\n|-heal|p1b: Annihilape|73\/100|[from] item: Leftovers\n|upkeep\n|\n|t:|1681721427\n|switch|p2b: Palafin|Palafin, L50, F|100\/100\n|turn|4\n|\n|t:|1681721440\n|detailschange|p2b: Palafin|Palafin-Hero, L50, F\n|switch|p2b: Brute Bonnet|Brute Bonnet, L50|100\/100\n|move|p1a: Maushold|Follow Me|p1a: Maushold\n|-singleturn|p1a: Maushold|move: Follow Me\n|move|p2a: Chi-Yu|Heat Wave|p1b: Annihilape|[spread] p1a,p1b\n|-resisted|p1b: Annihilape\n|-damage|p1a: Maushold|0 fnt\n|-damage|p1b: Annihilape|56\/100\n|faint|p1a: Maushold\n|move|p1b: Annihilape|Rage Fist|p2a: Chi-Yu\n|-damage|p2a: Chi-Yu|0 fnt\n|faint|p2a: Chi-Yu\n|\n|-heal|p1b: Annihilape|62\/100|[from] item: Leftovers\n|-sideend|p1: blackdoom1|move: Tailwind\n|upkeep\n|\n|t:|1681721451\n|switch|p2a: Palafin|Palafin-Hero, L50, F|100\/100\n|-activate|p2a: Palafin|ability: Zero to Hero\n|turn|5\n|\n|t:|1681721462\n|move|p2a: Palafin|Jet Punch|p1b: Annihilape\n|-supereffective|p1b: Annihilape\n|-damage|p1b: Annihilape|0 fnt\n|faint|p1b: Annihilape\n|\n|win|Steakman5\n|raw|blackdoom1's rating: 1026 → 1016<\/strong> (-10 for losing)\n|raw|Steakman5's rating: 1125 → 1143<\/strong> (+18 for winning)\n|l|\u2606blackdoom1\n","uploadtime":1681721466,"views":15,"p1id":"blackdoom1","p2id":"steakman5","formatid":"gen9vgc2023regulationc","rating":1016,"private":0,"password":""}