{"id":"gen9vgc2023regulationc-1863011962","p1":"Rillaroartest","p2":"TheBallistic1","format":"[Gen 9] VGC 2023 Regulation C","log":"|j|\u2606Rillaroartest\n|j|\u203dTheBallistic1\n|t:|1683952091\n|gametype|doubles\n|player|p1|Rillaroartest|101|\n|player|p2|TheBallistic1|169|\n|teamsize|p1|6\n|teamsize|p2|6\n|gen|9\n|tier|[Gen 9] VGC 2023 Regulation C\n|rated|Tournament battle\n|rule|Species Clause: Limit one of each Pok\u00e9mon\n|rule|Item Clause: Limit one of each item\n|clearpoke\n|poke|p1|Chansey, L50, F|\n|poke|p1|Flutter Mane, L50|\n|poke|p1|Wo-Chien, L50|\n|poke|p1|Chi-Yu, L50|\n|poke|p1|Iron Bundle, L50|\n|poke|p1|Corviknight, L50, M|\n|poke|p2|Slither Wing, L50|\n|poke|p2|Kingambit, L50, F|\n|poke|p2|Mimikyu, L50, M|\n|poke|p2|Dragapult, L50, M|\n|poke|p2|Talonflame, L50, M|\n|poke|p2|Torkoal, L50, M|\n|teampreview|4\n|inactive|Battle timer is ON: inactive players will automatically lose when time's up. (requested by Rillaroartest)\nTheBallistic1 rejected open team sheets.\n|\n|t:|1683952144\n|start\n|switch|p1a: Chansey|Chansey, L50, F|100\/100\n|switch|p1b: Wo-Chien|Wo-Chien, L50|100\/100\n|switch|p2a: Slither Wing|Slither Wing, L50|100\/100\n|switch|p2b: Mimikyu|Mimikyu, L50, M|100\/100\n|-ability|p1b: Wo-Chien|Tablets of Ruin\n|turn|1\n|j| StupidFlandrs48\n|\n|t:|1683952167\n|-terastallize|p1b: Wo-Chien|Poison\n|move|p2a: Slither Wing|First Impression|p1b: Wo-Chien\n|-resisted|p1b: Wo-Chien\n|-damage|p1b: Wo-Chien|85\/100\n|-damage|p2a: Slither Wing|90\/100|[from] item: Life Orb\n|move|p1b: Wo-Chien|Leech Seed|p2a: Slither Wing|[miss]\n|-miss|p1b: Wo-Chien|p2a: Slither Wing\n|move|p1a: Chansey|Stealth Rock|p2a: Slither Wing\n|-sidestart|p2: TheBallistic1|move: Stealth Rock\n|move|p2b: Mimikyu|Trick Room|p2b: Mimikyu\n|-fieldstart|move: Trick Room|[of] p2b: Mimikyu\n|\n|-heal|p1b: Wo-Chien|91\/100|[from] item: Leftovers\n|upkeep\n|turn|2\n|inactive|TheBallistic1 has 30 seconds left.\n|inactive|TheBallistic1 has 20 seconds left.\n|\n|t:|1683952204\n|move|p1a: Chansey|Thunder Wave|p2b: Mimikyu\n|-status|p2b: Mimikyu|par\n|move|p2b: Mimikyu|Light Screen|p2b: Mimikyu\n|-sidestart|p2: TheBallistic1|move: Light Screen\n|move|p2a: Slither Wing|Close Combat|p1a: Chansey\n|-supereffective|p1a: Chansey\n|-damage|p1a: Chansey|30\/100\n|-unboost|p2a: Slither Wing|def|1\n|-unboost|p2a: Slither Wing|spd|1\n|-damage|p2a: Slither Wing|80\/100|[from] item: Life Orb\n|move|p1b: Wo-Chien|Leech Seed|p2a: Slither Wing\n|-start|p2a: Slither Wing|move: Leech Seed\n|\n|-heal|p1b: Wo-Chien|97\/100|[from] item: Leftovers\n|-damage|p2a: Slither Wing|68\/100|[from] Leech Seed|[of] p1b: Wo-Chien\n|-heal|p1b: Wo-Chien|100\/100|[silent]\n|upkeep\n|turn|3\n|inactive|TheBallistic1 has 30 seconds left.\n|\n|t:|1683952230\n|switch|p1a: Corviknight|Corviknight, L50, M, shiny|100\/100\n|cant|p2b: Mimikyu|par\n|move|p2a: Slither Wing|Flare Blitz|p1a: Corviknight\n|-supereffective|p1a: Corviknight\n|-damage|p1a: Corviknight|42\/100\n|-damage|p2a: Slither Wing|52\/100|[from] item: Rocky Helmet|[of] p1a: Corviknight\n|-damage|p2a: Slither Wing|30\/100|[from] Recoil\n|-damage|p2a: Slither Wing|20\/100|[from] item: Life Orb\n|move|p1b: Wo-Chien|Leech Seed|p2b: Mimikyu|[miss]\n|-miss|p1b: Wo-Chien|p2b: Mimikyu\n|\n|-damage|p2a: Slither Wing|8\/100|[from] Leech Seed|[of] p1b: Wo-Chien\n|upkeep\n|turn|4\n|inactive|Rillaroartest has 30 seconds left.\n|inactive|TheBallistic1 has 30 seconds left.\n|\n|t:|1683952259\n|move|p2b: Mimikyu|Dazzling Gleam|p1b: Wo-Chien|[spread] p1a,p1b\n|-resisted|p1a: Corviknight\n|-resisted|p1b: Wo-Chien\n|-damage|p1a: Corviknight|37\/100\n|-damage|p1b: Wo-Chien|96\/100\n|move|p2a: Slither Wing|Flare Blitz|p1a: Corviknight\n|-supereffective|p1a: Corviknight\n|-damage|p1a: Corviknight|0 fnt\n|-damage|p2a: Slither Wing|0 fnt|[from] item: Rocky Helmet|[of] p1a: Corviknight\n|faint|p1a: Corviknight\n|faint|p2a: Slither Wing\n|-end|p2a: Slither Wing|Protosynthesis|[silent]\n|move|p1b: Wo-Chien|Leech Seed|p2b: Mimikyu\n|-start|p2b: Mimikyu|move: Leech Seed\n|\n|-heal|p1b: Wo-Chien|100\/100|[from] item: Leftovers\n|-damage|p2b: Mimikyu|88\/100 par|[from] Leech Seed|[of] p1b: Wo-Chien\n|upkeep\n|\n|t:|1683952277\n|switch|p2a: Kingambit|Kingambit, L50, F|100\/100\n|switch|p1a: Chansey|Chansey, L50, F|30\/100\n|-damage|p2a: Kingambit|94\/100|[from] Stealth Rock\n|turn|5\n|inactive|TheBallistic1 has 30 seconds left.\n|\n|t:|1683952310\n|move|p2a: Kingambit|Iron Head|p1b: Wo-Chien\n|-damage|p1b: Wo-Chien|77\/100\n|move|p2b: Mimikyu|Dazzling Gleam|p1b: Wo-Chien|[spread] p1a,p1b\n|-crit|p1a: Chansey\n|-resisted|p1b: Wo-Chien\n|-damage|p1a: Chansey|24\/100\n|-damage|p1b: Wo-Chien|72\/100\n|move|p1a: Chansey|Soft-Boiled|p1a: Chansey\n|-heal|p1a: Chansey|74\/100\n|move|p1b: Wo-Chien|Leech Seed|p2a: Kingambit\n|-start|p2a: Kingambit|move: Leech Seed\n|\n|-heal|p1b: Wo-Chien|79\/100|[from] item: Leftovers\n|-damage|p2a: Kingambit|82\/100|[from] Leech Seed|[of] p1b: Wo-Chien\n|-heal|p1b: Wo-Chien|91\/100|[silent]\n|-damage|p2b: Mimikyu|76\/100 par|[from] Leech Seed|[of] p1b: Wo-Chien\n|-heal|p1b: Wo-Chien|100\/100|[silent]\n|-fieldend|move: Trick Room\n|upkeep\n|turn|6\n|j| xafy\n|inactive|TheBallistic1 has 30 seconds left.\n|\n|t:|1683952335\n|move|p2a: Kingambit|Sucker Punch|p1b: Wo-Chien\n|-crit|p1b: Wo-Chien\n|-damage|p1b: Wo-Chien|67\/100\n|move|p1b: Wo-Chien|Foul Play|p2b: Mimikyu\n|-activate|p2b: Mimikyu|ability: Disguise\n|-damage|p2b: Mimikyu|76\/100 par\n|detailschange|p2b: Mimikyu|Mimikyu-Busted, L50, M\n|-damage|p2b: Mimikyu|63\/100 par|[from] pokemon: Mimikyu-Busted\n|move|p1a: Chansey|Thunder Wave|p2a: Kingambit\n|-status|p2a: Kingambit|par\n|move|p2b: Mimikyu|Trick Room|p2b: Mimikyu\n|-fieldstart|move: Trick Room|[of] p2b: Mimikyu\n|\n|-heal|p1b: Wo-Chien|73\/100|[from] item: Leftovers\n|-damage|p2a: Kingambit|70\/100 par|[from] Leech Seed|[of] p1b: Wo-Chien\n|-heal|p1b: Wo-Chien|86\/100|[silent]\n|-damage|p2b: Mimikyu|51\/100 par|[from] Leech Seed|[of] p1b: Wo-Chien\n|-heal|p1b: Wo-Chien|96\/100|[silent]\n|upkeep\n|turn|7\n|inactive|TheBallistic1 has 30 seconds left.\n|inactive|TheBallistic1 has 20 seconds left.\n|inactive|TheBallistic1 has 15 seconds left.\n|\n|t:|1683952378\n|move|p2a: Kingambit|Sucker Punch||[still]\n|-fail|p2a: Kingambit\n|move|p2b: Mimikyu|Dazzling Gleam|p1b: Wo-Chien|[spread] p1a,p1b\n|-resisted|p1b: Wo-Chien\n|-damage|p1a: Chansey|70\/100\n|-damage|p1b: Wo-Chien|92\/100\n|move|p1a: Chansey|Seismic Toss|p2a: Kingambit\n|-damage|p2a: Kingambit|45\/100 par\n|move|p1b: Wo-Chien|Substitute|p1b: Wo-Chien\n|-start|p1b: Wo-Chien|Substitute\n|-damage|p1b: Wo-Chien|67\/100\n|\n|-heal|p1b: Wo-Chien|73\/100|[from] item: Leftovers\n|-damage|p2a: Kingambit|32\/100 par|[from] Leech Seed|[of] p1b: Wo-Chien\n|-heal|p1b: Wo-Chien|85\/100|[silent]\n|-damage|p2b: Mimikyu|39\/100 par|[from] Leech Seed|[of] p1b: Wo-Chien\n|-heal|p1b: Wo-Chien|96\/100|[silent]\n|upkeep\n|turn|8\n|inactive|TheBallistic1 has 30 seconds left.\n|inactive|TheBallistic1 has 20 seconds left.\n|inactive|TheBallistic1 has 15 seconds left.\n|\n|t:|1683952419\n|move|p1b: Wo-Chien|Protect|p1b: Wo-Chien\n|-singleturn|p1b: Wo-Chien|Protect\n|move|p2a: Kingambit|Iron Head|p1b: Wo-Chien\n|-activate|p1b: Wo-Chien|move: Protect\n|cant|p2b: Mimikyu|par\n|move|p1a: Chansey|Soft-Boiled|p1a: Chansey\n|-heal|p1a: Chansey|100\/100\n|\n|-heal|p1b: Wo-Chien|100\/100|[from] item: Leftovers\n|-damage|p2a: Kingambit|20\/100 par|[from] Leech Seed|[of] p1b: Wo-Chien\n|-damage|p2b: Mimikyu|26\/100 par|[from] Leech Seed|[of] p1b: Wo-Chien\n|upkeep\n|turn|9\n|\n|t:|1683952440\n|cant|p2a: Kingambit|par\n|move|p2b: Mimikyu|Thunder Wave|p1a: Chansey\n|-status|p1a: Chansey|par\n|move|p1a: Chansey|Seismic Toss|p2a: Kingambit\n|-damage|p2a: Kingambit|0 fnt\n|faint|p2a: Kingambit\n|move|p1b: Wo-Chien|Foul Play|p2b: Mimikyu\n|-damage|p2b: Mimikyu|0 fnt\n|faint|p2b: Mimikyu\n|\n|-sideend|p2: TheBallistic1|move: Light Screen\n|upkeep\n|\n|t:|1683952454\n|switch|p2b: Torkoal|Torkoal, L50, M|100\/100\n|-damage|p2b: Torkoal|76\/100|[from] Stealth Rock\n|-weather|SunnyDay|[from] ability: Drought|[of] p2b: Torkoal\n|turn|10\n|\n|t:|1683952461\n|cant|p1a: Chansey|par\n|move|p2b: Torkoal|Eruption|p1a: Chansey|[spread] p1a,p1b\n|-end|p1b: Wo-Chien|Substitute\n|-damage|p1a: Chansey|83\/100 par\n|move|p1b: Wo-Chien|Leech Seed|p2b: Torkoal\n|-start|p2b: Torkoal|move: Leech Seed\n|\n|-weather|SunnyDay|[upkeep]\n|-damage|p2b: Torkoal|63\/100|[from] Leech Seed|[of] p1b: Wo-Chien\n|-fieldend|move: Trick Room\n|upkeep\n|turn|11\n|\n|t:|1683952473\n|move|p1b: Wo-Chien|Foul Play|p2b: Torkoal\n|-damage|p2b: Torkoal|41\/100\n|move|p2b: Torkoal|Eruption|p1b: Wo-Chien|[spread] p1a,p1b\n|-damage|p1a: Chansey|74\/100 par\n|-damage|p1b: Wo-Chien|81\/100\n|move|p1a: Chansey|Thunder Wave|p2b: Torkoal\n|-status|p2b: Torkoal|par\n|\n|-weather|SunnyDay|[upkeep]\n|-heal|p1b: Wo-Chien|87\/100|[from] item: Leftovers\n|-damage|p2b: Torkoal|28\/100 par|[from] Leech Seed|[of] p1b: Wo-Chien\n|-heal|p1b: Wo-Chien|99\/100|[silent]\n|upkeep\n|turn|12\n|\n|t:|1683952495\n|-terastallize|p2b: Torkoal|Fire\n|move|p1b: Wo-Chien|Foul Play|p2b: Torkoal\n|-damage|p2b: Torkoal|4\/100 par\n|move|p1a: Chansey|Seismic Toss|p2b: Torkoal\n|-damage|p2b: Torkoal|0 fnt\n|faint|p2b: Torkoal\n|\n|win|Rillaroartest\n|n|\u2606Rillaroartest|rillaroartest\n|n|\u203dTheBallistic1|theballistic1\n|n| StupidFlandrs48|stupidflandrs48\n|n| xafy|xafy\n|l| StupidFlandrs48\n","uploadtime":1683952547,"views":9,"p1id":"rillaroartest","p2id":"theballistic1","formatid":"gen9vgc2023regulationc","rating":0,"private":0,"password":""}