{"id":"gen9vgc2023regulationc-1851263867","p1":"matsie","p2":"ErPaoletto","format":"[Gen 9] VGC 2023 Regulation C","log":"|j|\u2606matsie\n|j|\u2606ErPaoletto\n|t:|1682430755\n|gametype|doubles\n|player|p1|matsie|workerice|1076\n|player|p2|ErPaoletto|102|1019\n|teamsize|p1|6\n|teamsize|p2|6\n|gen|9\n|tier|[Gen 9] VGC 2023 Regulation C\n|rated|\n|rule|Species Clause: Limit one of each Pok\u00e9mon\n|rule|Item Clause: Limit one of each item\n|clearpoke\n|poke|p1|Ceruledge, L50, F|\n|poke|p1|Scream Tail, L50|\n|poke|p1|Magnezone, L50|\n|poke|p1|Tauros-Paldea-Blaze, L50, M|\n|poke|p1|Hydreigon, L50, M|\n|poke|p1|Scizor, L50, M|\n|poke|p2|Abomasnow, L50, M|\n|poke|p2|Cetitan, L50, F|\n|poke|p2|Tauros-Paldea-Aqua, L50, M|\n|poke|p2|Gothorita, L50, M|\n|poke|p2|Dragonite, L50, F|\n|poke|p2|Eelektross, L50, F|\n|teampreview|4\n|inactive|Battle timer is ON: inactive players will automatically lose when time's up. (requested by ErPaoletto)\n|inactive|ErPaoletto has 60 seconds left.\n|\n|t:|1682430813\n|start\n|switch|p1a: Scream Tail|Scream Tail, L50|100\/100\n|switch|p1b: Ceruledge|Ceruledge, L50, F|100\/100\n|switch|p2a: Gothorita|Gothorita, L50, M|100\/100\n|switch|p2b: Tauros|Tauros-Paldea-Aqua, L50, M|100\/100\n|-ability|p2b: Tauros|Intimidate|boost\n|-unboost|p1a: Scream Tail|atk|1\n|-unboost|p1b: Ceruledge|atk|1\n|turn|1\n|inactive|matsie has 30 seconds left.\n|inactive|ErPaoletto has 30 seconds left.\n|inactive|matsie has 20 seconds left.\n|inactive|matsie has 15 seconds left.\n|inactive|matsie has 10 seconds left.\n|inactive|matsie has 5 seconds left.\n|\n|t:|1682430864\n|move|p2a: Gothorita|Helping Hand|p2b: Tauros\n|-singleturn|p2b: Tauros|Helping Hand|[of] p2a: Gothorita\n|move|p2b: Tauros|Aqua Jet|p1b: Ceruledge\n|-supereffective|p1b: Ceruledge\n|-damage|p1b: Ceruledge|24\/100\n|move|p1a: Scream Tail|Light Screen|p1a: Scream Tail\n|-sidestart|p1: matsie|move: Light Screen\n|move|p1b: Ceruledge|Night Slash|p2a: Gothorita\n|-supereffective|p2a: Gothorita\n|-damage|p2a: Gothorita|65\/100\n|\n|upkeep\n|turn|2\n|\n|t:|1682430884\n|move|p1a: Scream Tail|Thunder Wave|p2b: Tauros\n|-status|p2b: Tauros|par\n|move|p1b: Ceruledge|Night Slash|p2a: Gothorita\n|-supereffective|p2a: Gothorita\n|-damage|p2a: Gothorita|28\/100\n|cant|p2b: Tauros|par\n|move|p2a: Gothorita|Shadow Ball|p1a: Scream Tail\n|-supereffective|p1a: Scream Tail\n|-damage|p1a: Scream Tail|85\/100\n|\n|upkeep\n|turn|3\n|\n|t:|1682430901\n|switch|p2a: Abomasnow|Abomasnow, L50, M|100\/100\n|-weather|Snow|[from] ability: Snow Warning|[of] p2a: Abomasnow\n|move|p2b: Tauros|Aqua Jet|p1b: Ceruledge\n|-supereffective|p1b: Ceruledge\n|-damage|p1b: Ceruledge|0 fnt\n|faint|p1b: Ceruledge\n|move|p1a: Scream Tail|Dazzling Gleam|p2b: Tauros|[spread] p2a,p2b\n|-supereffective|p2b: Tauros\n|-damage|p2a: Abomasnow|85\/100\n|-damage|p2b: Tauros|57\/100 par\n|\n|-weather|Snow|[upkeep]\n|upkeep\n|\n|t:|1682430913\n|switch|p1b: Scizor|Scizor, L50, M|100\/100\n|turn|4\n|\n|t:|1682430934\n|switch|p2b: Cetitan|Cetitan, L50, F|100\/100\n|-terastallize|p2a: Abomasnow|Water\n|move|p1b: Scizor|Bullet Punch|p2a: Abomasnow\n|-resisted|p2a: Abomasnow\n|-damage|p2a: Abomasnow|57\/100\n|-damage|p1b: Scizor|91\/100|[from] item: Life Orb\n|move|p1a: Scream Tail|Encore||[still]\n|-fail|p1a: Scream Tail\n|move|p2a: Abomasnow|Aurora Veil|p2a: Abomasnow\n|-sidestart|p2: ErPaoletto|move: Aurora Veil\n|\n|-weather|Snow|[upkeep]\n|upkeep\n|turn|5\n|\n|t:|1682430956\n|switch|p2a: Tauros|Tauros-Paldea-Aqua, L50, M|57\/100 par\n|-ability|p2a: Tauros|Intimidate|boost\n|-unboost|p1a: Scream Tail|atk|1\n|-unboost|p1b: Scizor|atk|1\n|move|p1b: Scizor|Bullet Punch|p2b: Cetitan\n|-supereffective|p2b: Cetitan\n|-damage|p2b: Cetitan|75\/100\n|-damage|p1b: Scizor|81\/100|[from] item: Life Orb\n|move|p2b: Cetitan|Heavy Slam|p1a: Scream Tail\n|-supereffective|p1a: Scream Tail\n|-damage|p1a: Scream Tail|15\/100\n|-enditem|p1a: Scream Tail|Aguav Berry|[eat]\n|-heal|p1a: Scream Tail|49\/100|[from] item: Aguav Berry\n|move|p1a: Scream Tail|Thunder Wave|p2b: Cetitan\n|-status|p2b: Cetitan|par\n|\n|-weather|Snow|[upkeep]\n|-sideend|p1: matsie|move: Light Screen\n|upkeep\n|turn|6\n|inactive|matsie has 30 seconds left.\n|-message|matsie forfeited.\n|\n|win|ErPaoletto\n|raw|matsie's rating: 1076 → 1051<\/strong> (-25 for losing)\n|raw|ErPaoletto's rating: 1019 → 1062<\/strong> (+43 for winning)\n|l|\u2606matsie\n","uploadtime":1682431066,"views":9,"p1id":"matsie","p2id":"erpaoletto","formatid":"gen9vgc2023regulationc","rating":1051,"private":0,"password":""}