{"id":"gen9vgc2023regulationc-1861493181","p1":"jamesdaltonbell","p2":"FlowersBloom","format":"[Gen 9] VGC 2023 Regulation C","log":"|j|\u2606jamesdaltonbell\n|j|\u2606FlowersBloom\n|t:|1683764653\n|gametype|doubles\n|player|p1|jamesdaltonbell|pokemonbreeder|\n|player|p2|FlowersBloom|skier|\n|teamsize|p1|6\n|teamsize|p2|6\n|gen|9\n|tier|[Gen 9] VGC 2023 Regulation C\n|rule|Species Clause: Limit one of each Pok\u00e9mon\n|rule|Item Clause: Limit one of each item\n|clearpoke\n|poke|p1|Talonflame, L50, M|\n|poke|p1|Roaring Moon, L50|\n|poke|p1|Florges, L50, F|\n|poke|p1|Rotom-Frost, L50|\n|poke|p1|Qwilfish, L50, F|\n|poke|p1|Quaquaval, L50, F|\n|poke|p2|Scream Tail, L50|\n|poke|p2|Gothitelle, L50, F|\n|poke|p2|Palafin, L50, F|\n|poke|p2|Tauros-Paldea-Blaze, L50, M|\n|poke|p2|Pachirisu, L50, M|\n|poke|p2|Mudsdale, L50, M|\n|teampreview|4\n|c|\u2606FlowersBloom|g1\n|j| thejordanvgc\n|j| sucabaVGC\n|c|\u2606FlowersBloom|glhf! looking forward to it :)\n|c|\u2606jamesdaltonbell|glhf\n|\n|t:|1683764790\n|start\n|switch|p1a: Hawkman|Talonflame, L50, M|100\/100\n|switch|p1b: Etrigan the Demon|Roaring Moon, L50|100\/100\n|switch|p2a: Scream Tail|Scream Tail, L50, shiny|100\/100\n|switch|p2b: Palafin|Palafin, L50, F|100\/100\n|-enditem|p1b: Etrigan the Demon|Booster Energy\n|-activate|p1b: Etrigan the Demon|ability: Protosynthesis|[fromitem]\n|-start|p1b: Etrigan the Demon|protosynthesisatk\n|-enditem|p2a: Scream Tail|Booster Energy\n|-activate|p2a: Scream Tail|ability: Protosynthesis|[fromitem]\n|-start|p2a: Scream Tail|protosynthesisspe\n|turn|1\n|c|\u2606jamesdaltonbell|ready for timer?\n|c|\u2606FlowersBloom|yes!\n|inactive|Battle timer is ON: inactive players will automatically lose when time's up. (requested by jamesdaltonbell)\n|j| BBRAFF\n|l| BBRAFF\n|inactive|FlowersBloom has 60 seconds left.\n|\n|t:|1683764869\n|detailschange|p2b: Palafin|Palafin-Hero, L50, F\n|switch|p2b: Gothitelle|Gothitelle, L50, F|100\/100\n|-terastallize|p2a: Scream Tail|Steel\n|-terastallize|p1b: Etrigan the Demon|Ground\n|move|p1a: Hawkman|Tailwind|p1a: Hawkman\n|-sidestart|p1: jamesdaltonbell|move: Tailwind\n|move|p1b: Etrigan the Demon|Earthquake|p2b: Gothitelle|[spread] p2a,p2b\n|-immune|p1a: Hawkman\n|-supereffective|p2a: Scream Tail\n|-damage|p2a: Scream Tail|6\/100\n|-damage|p2b: Gothitelle|42\/100\n|-enditem|p2b: Gothitelle|Sitrus Berry|[eat]\n|-heal|p2b: Gothitelle|67\/100|[from] item: Sitrus Berry\n|move|p2a: Scream Tail|Perish Song|p2a: Scream Tail\n|-start|p1a: Hawkman|perish3|[silent]\n|-start|p1b: Etrigan the Demon|perish3|[silent]\n|-start|p2a: Scream Tail|perish3|[silent]\n|-start|p2b: Gothitelle|perish3|[silent]\n|-fieldactivate|move: Perish Song\n|\n|-start|p1a: Hawkman|perish3\n|-start|p1b: Etrigan the Demon|perish3\n|-start|p2a: Scream Tail|perish3\n|-start|p2b: Gothitelle|perish3\n|upkeep\n|turn|2\n|inactive|jamesdaltonbell has 30 seconds left.\n|inactive|FlowersBloom has 30 seconds left.\n|inactive|FlowersBloom has 20 seconds left.\n|inactive|FlowersBloom has 15 seconds left.\n|\n|t:|1683764918\n|move|p2a: Scream Tail|Protect|p2a: Scream Tail\n|-singleturn|p2a: Scream Tail|Protect\n|move|p2b: Gothitelle|Fake Out|p1b: Etrigan the Demon\n|-damage|p1b: Etrigan the Demon|92\/100\n|move|p1a: Hawkman|Feint|p2b: Gothitelle\n|-damage|p2b: Gothitelle|60\/100\n|cant|p1b: Etrigan the Demon|flinch\n|\n|-start|p1a: Hawkman|perish2\n|-start|p1b: Etrigan the Demon|perish2\n|-start|p2a: Scream Tail|perish2\n|-start|p2b: Gothitelle|perish2\n|upkeep\n|turn|3\n|inactive|FlowersBloom has 30 seconds left.\n|inactive|FlowersBloom has 20 seconds left.\n|inactive|FlowersBloom has 15 seconds left.\n|inactive|FlowersBloom has 10 seconds left.\n|\n|t:|1683764967\n|-end|p2a: Scream Tail|Protosynthesis|[silent]\n|switch|p2a: Mudsdale|Mudsdale, L50, M|100\/100\n|move|p2b: Gothitelle|Protect|p2b: Gothitelle\n|-singleturn|p2b: Gothitelle|Protect\n|move|p1a: Hawkman|Feint|p2b: Gothitelle\n|-activate|p2b: Gothitelle|move: Feint\n|-damage|p2b: Gothitelle|53\/100\n|move|p1b: Etrigan the Demon|Earthquake|p2b: Gothitelle|[spread] p2a,p2b\n|-immune|p1a: Hawkman\n|-damage|p2a: Mudsdale|55\/100\n|-damage|p2b: Gothitelle|0 fnt\n|-ability|p2a: Mudsdale|Stamina|boost\n|-boost|p2a: Mudsdale|def|1\n|faint|p2b: Gothitelle\n|\n|-heal|p2a: Mudsdale|61\/100|[from] item: Leftovers\n|-start|p1a: Hawkman|perish1\n|-start|p1b: Etrigan the Demon|perish1\n|upkeep\n|\n|t:|1683764983\n|switch|p2b: Palafin|Palafin-Hero, L50, F|100\/100\n|-activate|p2b: Palafin|ability: Zero to Hero\n|turn|4\n|\n|t:|1683765006\n|-end|p1b: Etrigan the Demon|Protosynthesis|[silent]\n|switch|p1b: Triton|Qwilfish, L50, F|100\/100\n|-ability|p1b: Triton|Intimidate|boost\n|-unboost|p2a: Mudsdale|atk|1\n|-unboost|p2b: Palafin|atk|1\n|move|p1a: Hawkman|Brave Bird|p2b: Palafin\n|-damage|p2b: Palafin|65\/100\n|-damage|p1a: Hawkman|89\/100|[from] Recoil\n|move|p2b: Palafin|Wave Crash|p1b: Triton\n|-resisted|p1b: Triton\n|-damage|p1b: Triton|63\/100\n|-damage|p2b: Palafin|55\/100|[from] Recoil\n|move|p2a: Mudsdale|Rock Slide|p1a: Hawkman|[spread] p1a,p1b\n|-supereffective|p1a: Hawkman\n|-damage|p1a: Hawkman|18\/100\n|-damage|p1b: Triton|42\/100\n|\n|-heal|p2a: Mudsdale|67\/100|[from] item: Leftovers\n|-start|p1a: Hawkman|perish0\n|-sideend|p1: jamesdaltonbell|move: Tailwind\n|upkeep\n|faint|p1a: Hawkman\n|\n|t:|1683765028\n|switch|p1a: Etrigan the Demon|Roaring Moon, L50, tera:Ground|92\/100\n|turn|5\n|inactive|jamesdaltonbell has 30 seconds left.\n|inactive|FlowersBloom has 30 seconds left.\n|inactive|jamesdaltonbell has 20 seconds left.\n|inactive|FlowersBloom has 20 seconds left.\n|inactive|jamesdaltonbell has 15 seconds left.\n|inactive|FlowersBloom has 15 seconds left.\n|inactive|FlowersBloom has 10 seconds left.\n|\n|t:|1683765078\n|move|p1a: Etrigan the Demon|Protect|p1a: Etrigan the Demon\n|-singleturn|p1a: Etrigan the Demon|Protect\n|move|p2b: Palafin|Wave Crash|p1a: Etrigan the Demon\n|-activate|p1a: Etrigan the Demon|move: Protect\n|move|p1b: Triton|Hydro Pump|p2a: Mudsdale\n|-supereffective|p2a: Mudsdale\n|-damage|p2a: Mudsdale|5\/100\n|-ability|p2a: Mudsdale|Stamina|boost\n|-boost|p2a: Mudsdale|def|1\n|move|p2a: Mudsdale|High Horsepower|p1b: Triton\n|-supereffective|p1b: Triton\n|-damage|p1b: Triton|0 fnt\n|faint|p1b: Triton\n|\n|-heal|p2a: Mudsdale|11\/100|[from] item: Leftovers\n|upkeep\n|\n|t:|1683765092\n|switch|p1b: Killer Frost|Rotom-Frost, L50|100\/100\n|turn|6\n|inactive|jamesdaltonbell has 30 seconds left.\n|inactive|FlowersBloom has 30 seconds left.\n|inactive|jamesdaltonbell has 20 seconds left.\n|inactive|FlowersBloom has 20 seconds left.\n|inactive|jamesdaltonbell has 15 seconds left.\n|inactive|FlowersBloom has 15 seconds left.\n|inactive|FlowersBloom has 10 seconds left.\n|inactive|FlowersBloom has 5 seconds left.\n|\n|t:|1683765142\n|switch|p2b: Scream Tail|Scream Tail, L50, shiny, tera:Steel|6\/100\n|move|p1b: Killer Frost|Volt Switch|p2b: Scream Tail\n|-damage|p2b: Scream Tail|0 fnt\n|faint|p2b: Scream Tail\n|-end|p2b: Scream Tail|Protosynthesis|[silent]\n|move|p1a: Etrigan the Demon|Earthquake|p2a: Mudsdale|[spread] p2a\n|-immune|p1b: Killer Frost|[from] ability: Levitate\n|-damage|p2a: Mudsdale|0 fnt\n|faint|p2a: Mudsdale\n|\n|upkeep\n|\n|t:|1683765152\n|switch|p2b: Palafin|Palafin-Hero, L50, F|55\/100\n|turn|7\n|\n|t:|1683765169\n|move|p2b: Palafin|Jet Punch|p1a: Etrigan the Demon\n|-supereffective|p1a: Etrigan the Demon\n|-damage|p1a: Etrigan the Demon|0 fnt\n|faint|p1a: Etrigan the Demon\n|-end|p1a: Etrigan the Demon|Protosynthesis|[silent]\n|move|p1b: Killer Frost|Volt Switch|p2b: Palafin\n|-supereffective|p2b: Palafin\n|-damage|p2b: Palafin|7\/100\n|\n|upkeep\n|turn|8\n|\n|t:|1683765177\n|move|p1b: Killer Frost|Volt Switch|p2b: Palafin\n|-supereffective|p2b: Palafin\n|-damage|p2b: Palafin|0 fnt\n|faint|p2b: Palafin\n|\n|win|jamesdaltonbell\n|c|\u2606FlowersBloom|gg!\n|c|\u2606jamesdaltonbell|gg\n|j| BBRAFF\n|l| BBRAFF\n|l| sucabaVGC\n","uploadtime":1683765701,"views":2,"p1id":"jamesdaltonbell","p2id":"flowersbloom","formatid":"gen9vgc2023regulationc","rating":0,"private":0,"password":""}