{"id":"gen9vgc2023regulationc-1860329903","p1":"S!dd_1","p2":"Ilpiuatteso","format":"[Gen 9] VGC 2023 Regulation C","log":"|j|\u2606S!dd_1\n|j|\u2606Ilpiuatteso\n|t:|1683633620\n|gametype|doubles\n|player|p1|S!dd_1|cyclist-gen4|1021\n|player|p2|Ilpiuatteso|fisherman-gen4|1022\n|teamsize|p1|6\n|teamsize|p2|6\n|gen|9\n|tier|[Gen 9] VGC 2023 Regulation C\n|rated|\n|rule|Species Clause: Limit one of each Pok\u00e9mon\n|rule|Item Clause: Limit one of each item\n|clearpoke\n|poke|p1|Annihilape, L50, M|\n|poke|p1|Gardevoir, L50, F|\n|poke|p1|Gothitelle, L50, F|\n|poke|p1|Meowscarada, L50, F|\n|poke|p1|Talonflame, L50, M|\n|poke|p1|Barraskewda, L50, F|\n|poke|p2|Chien-Pao, L50|\n|poke|p2|Zangoose, L50, F|\n|poke|p2|Murkrow, L50, M|\n|poke|p2|Iron Hands, L50|\n|poke|p2|Amoonguss, L50, M|\n|poke|p2|Flutter Mane, L50|\n|teampreview|4\n|inactive|Battle timer is ON: inactive players will automatically lose when time's up. (requested by Ilpiuatteso)\n|\n|t:|1683633650\n|start\n|switch|p1a: Talonflame|Talonflame, L50, M|100\/100\n|switch|p1b: Meowscarada|Meowscarada, L50, F|100\/100\n|switch|p2a: Murkrow|Murkrow, L50, M|100\/100\n|switch|p2b: Amoonguss|Amoonguss, L50, M, shiny|100\/100\n|turn|1\n|inactive|Ilpiuatteso has 30 seconds left.\n|\n|t:|1683633677\n|move|p1a: Talonflame|Hurricane|p2b: Amoonguss|[miss]\n|-miss|p1a: Talonflame|p2b: Amoonguss\n|move|p1b: Meowscarada|Knock Off|p2b: Amoonguss\n|-damage|p2b: Amoonguss|62\/100\n|-enditem|p2b: Amoonguss|Sitrus Berry|[from] move: Knock Off|[of] p1b: Meowscarada\n|move|p2b: Amoonguss|Spore|p1a: Talonflame\n|-status|p1a: Talonflame|slp|[from] move: Spore\n|move|p2a: Murkrow|Whirlwind|p1a: Talonflame\n|drag|p1a: Gardevoir|Gardevoir, L50, F|100\/100\n|\n|upkeep\n|turn|2\n|inactive|Ilpiuatteso has 30 seconds left.\n|inactive|S!dd_1 has 30 seconds left.\n|inactive|Ilpiuatteso has 20 seconds left.\n|\n|t:|1683633718\n|switch|p1b: Annihilape|Annihilape, L50, M|100\/100\n|switch|p2b: Iron Hands|Iron Hands, L50|100\/100\n|move|p1a: Gardevoir|Protect|p1a: Gardevoir\n|-singleturn|p1a: Gardevoir|Protect\n|move|p2a: Murkrow|Thunder Wave|p1b: Annihilape\n|-status|p1b: Annihilape|par\n|\n|upkeep\n|turn|3\n|inactive|Ilpiuatteso has 30 seconds left.\n|inactive|Ilpiuatteso has 20 seconds left.\n|\n|t:|1683633754\n|-terastallize|p1b: Annihilape|Ground\n|move|p1a: Gardevoir|Helping Hand|p1b: Annihilape\n|-singleturn|p1b: Annihilape|Helping Hand|[of] p1a: Gardevoir\n|move|p2a: Murkrow|Foul Play|p1a: Gardevoir\n|-damage|p1a: Gardevoir|79\/100\n|move|p2b: Iron Hands|Heavy Slam|p1a: Gardevoir\n|-supereffective|p1a: Gardevoir\n|-damage|p1a: Gardevoir|0 fnt\n|faint|p1a: Gardevoir\n|move|p1b: Annihilape|Earthquake|p2b: Iron Hands|[spread] p2b\n|-immune|p2a: Murkrow\n|-supereffective|p2b: Iron Hands\n|-damage|p2b: Iron Hands|4\/100\n|-damage|p1b: Annihilape|91\/100 par|[from] item: Life Orb\n|\n|upkeep\n|\n|t:|1683633768\n|switch|p1a: Meowscarada|Meowscarada, L50, F|100\/100\n|turn|4\n|inactive|Ilpiuatteso has 30 seconds left.\n|inactive|Ilpiuatteso has 20 seconds left.\n|\n|t:|1683633806\n|move|p2a: Murkrow|Thunder Wave|p1a: Meowscarada\n|-hint|Since gen 7, Dark is immune to Prankster moves.\n|-immune|p1a: Meowscarada\n|move|p1a: Meowscarada|Knock Off|p2b: Iron Hands\n|-resisted|p2b: Iron Hands\n|-damage|p2b: Iron Hands|0 fnt\n|-enditem|p2b: Iron Hands|Assault Vest|[from] move: Knock Off|[of] p1a: Meowscarada\n|faint|p2b: Iron Hands\n|-end|p2b: Iron Hands|Quark Drive|[silent]\n|move|p1b: Annihilape|Drain Punch|p2a: Murkrow\n|-damage|p2a: Murkrow|46\/100\n|-heal|p1b: Annihilape|100\/100 par|[from] drain|[of] p2a: Murkrow\n|-damage|p1b: Annihilape|91\/100 par|[from] item: Life Orb\n|\n|upkeep\n|\n|t:|1683633823\n|switch|p2b: Zangoose|Zangoose, L50, F, shiny|100\/100\n|turn|5\n|\n|t:|1683633838\n|move|p2b: Zangoose|Protect|p2b: Zangoose\n|-singleturn|p2b: Zangoose|Protect\n|move|p2a: Murkrow|Tailwind|p2a: Murkrow\n|-sidestart|p2: Ilpiuatteso|move: Tailwind\n|move|p1a: Meowscarada|Knock Off|p2b: Zangoose\n|-activate|p2b: Zangoose|move: Protect\n|move|p1b: Annihilape|Drain Punch|p2b: Zangoose\n|-activate|p2b: Zangoose|move: Protect\n|\n|-status|p2b: Zangoose|tox|[from] item: Toxic Orb\n|upkeep\n|turn|6\n|inactive|Ilpiuatteso has 30 seconds left.\n|inactive|Ilpiuatteso has 20 seconds left.\n|inactive|Ilpiuatteso has 15 seconds left.\n|\n|t:|1683633882\n|move|p2a: Murkrow|Thunder Wave|p1a: Meowscarada\n|-hint|Since gen 7, Dark is immune to Prankster moves.\n|-immune|p1a: Meowscarada\n|move|p2b: Zangoose|Close Combat|p1a: Meowscarada\n|-supereffective|p1a: Meowscarada\n|-damage|p1a: Meowscarada|0 fnt\n|-unboost|p2b: Zangoose|def|1\n|-unboost|p2b: Zangoose|spd|1\n|faint|p1a: Meowscarada\n|move|p1b: Annihilape|Drain Punch|p2b: Zangoose\n|-supereffective|p2b: Zangoose\n|-damage|p2b: Zangoose|0 fnt\n|-heal|p1b: Annihilape|100\/100 par|[from] drain|[of] p2b: Zangoose\n|faint|p2b: Zangoose\n|-damage|p1b: Annihilape|91\/100 par|[from] item: Life Orb\n|\n|upkeep\n|\n|t:|1683633899\n|switch|p1a: Talonflame|Talonflame, L50, M|100\/100 slp\n|switch|p2b: Amoonguss|Amoonguss, L50, M, shiny|96\/100\n|turn|7\n|inactive|Ilpiuatteso has 30 seconds left.\n|inactive|Ilpiuatteso has 20 seconds left.\n|\n|t:|1683633938\n|-terastallize|p2a: Murkrow|Dark\n|move|p2a: Murkrow|Foul Play|p1b: Annihilape\n|-crit|p1b: Annihilape\n|-damage|p1b: Annihilape|0 fnt\n|faint|p1b: Annihilape\n|cant|p1a: Talonflame|slp\n|move|p2b: Amoonguss|Pollen Puff|p2a: Murkrow\n|-heal|p2a: Murkrow|96\/100\n|\n|upkeep\n|turn|8\n|inactive|Ilpiuatteso has 30 seconds left.\n|\n|t:|1683633963\n|move|p2a: Murkrow|Foul Play|p1a: Talonflame\n|-damage|p1a: Talonflame|53\/100 slp\n|-curestatus|p1a: Talonflame|slp|[msg]\n|move|p1a: Talonflame|Heat Wave|p2b: Amoonguss|[spread] p2b\n|-miss|p1a: Talonflame|p2a: Murkrow\n|-supereffective|p2b: Amoonguss\n|-damage|p2b: Amoonguss|49\/100\n|move|p2b: Amoonguss|Spore|p1a: Talonflame\n|-status|p1a: Talonflame|slp|[from] move: Spore\n|\n|-sideend|p2: Ilpiuatteso|move: Tailwind\n|upkeep\n|turn|9\n|-message|S!dd_1 forfeited.\n|\n|win|Ilpiuatteso\n|raw|S!dd_1's rating: 1021 → 1008<\/strong> (-13 for losing)\n|raw|Ilpiuatteso's rating: 1022 → 1059<\/strong> (+37 for winning)\n|l|\u2606S!dd_1\n","uploadtime":1683633979,"views":15,"p1id":"sdd1","p2id":"ilpiuatteso","formatid":"gen9vgc2023regulationc","rating":1008,"private":0,"password":""}