{"id":"gen9vgc2023regulationc-1849969224","p1":"ToleRai","p2":"SilverDragon550","format":"[Gen 9] VGC 2023 Regulation C","log":"|j|\u2606ToleRai\n|j|\u2606SilverDragon550\n|t:|1682273400\n|gametype|doubles\n|player|p1|ToleRai|2|1175\n|player|p2|SilverDragon550|silver|1099\n|teamsize|p1|6\n|teamsize|p2|6\n|gen|9\n|tier|[Gen 9] VGC 2023 Regulation C\n|rated|\n|rule|Species Clause: Limit one of each Pok\u00e9mon\n|rule|Item Clause: Limit one of each item\n|clearpoke\n|poke|p1|Chi-Yu, L50|\n|poke|p1|Corviknight, L50, F|\n|poke|p1|Amoonguss, L50, F|\n|poke|p1|Flutter Mane, L50|\n|poke|p1|Iron Hands, L50|\n|poke|p1|Baxcalibur, L50, F|\n|poke|p2|Chien-Pao, L50|\n|poke|p2|Iron Valiant, L50|\n|poke|p2|Amoonguss, L50, M|\n|poke|p2|Dragapult, L50, M|\n|poke|p2|Gyarados, L50, M|\n|poke|p2|Ting-Lu, L50|\n|teampreview|4\nSilverDragon550 has agreed to open team sheets.\nToleRai has agreed to open team sheets.\n|inactive|Battle timer is ON: inactive players will automatically lose when time's up. (requested by ToleRai)\n|inactive|SilverDragon550 has 60 seconds left.\n|\n|t:|1682273507\n|start\n|switch|p1a: Iron Hands|Iron Hands, L50|100\/100\n|switch|p1b: Corviknight|Corviknight, L50, F|100\/100\n|switch|p2a: Rage|Gyarados, L50, M|100\/100\n|switch|p2b: Bing Chiling|Chien-Pao, L50|100\/100\n|-ability|p2b: Bing Chiling|Sword of Ruin\n|-ability|p2a: Rage|Intimidate|boost\n|-unboost|p1a: Iron Hands|atk|1\n|-ability|p1b: Corviknight|Mirror Armor\n|-unboost|p2a: Rage|atk|1\n|turn|1\n|inactive|SilverDragon550 has 30 seconds left.\n|\n|t:|1682273533\n|switch|p2a: The Deer|Ting-Lu, L50|100\/100\n|-ability|p2a: The Deer|Vessel of Ruin\n|move|p2b: Bing Chiling|Protect|p2b: Bing Chiling\n|-singleturn|p2b: Bing Chiling|Protect\n|move|p1a: Iron Hands|Fake Out|p2b: Bing Chiling\n|-activate|p2b: Bing Chiling|move: Protect\n|move|p1b: Corviknight|Tailwind|p1b: Corviknight\n|-sidestart|p1: ToleRai|move: Tailwind\n|\n|upkeep\n|turn|2\n|\n|t:|1682273554\n|move|p1b: Corviknight|Iron Head|p2b: Bing Chiling\n|-supereffective|p2b: Bing Chiling\n|-damage|p2b: Bing Chiling|12\/100\n|move|p2b: Bing Chiling|Ice Spinner|p1b: Corviknight\n|-damage|p1b: Corviknight|54\/100\n|move|p1a: Iron Hands|Volt Switch|p2b: Bing Chiling\n|-damage|p2b: Bing Chiling|0 fnt\n|faint|p2b: Bing Chiling\n|\n|t:|1682273563\n|-end|p1a: Iron Hands|Quark Drive|[silent]\n|switch|p1a: Baxcalibur|Baxcalibur, L50, F|100\/100|[from] Volt Switch\n|move|p2a: The Deer|Fissure|p1a: Baxcalibur\n|-damage|p1a: Baxcalibur|0 fnt\n|faint|p1a: Baxcalibur\n|-ohko\n|\n|upkeep\n|inactive|SilverDragon550 has 30 seconds left.\n|\n|t:|1682273589\n|switch|p2b: Love Wins|Iron Valiant, L50|100\/100\n|switch|p1a: Iron Hands|Iron Hands, L50|100\/100\n|turn|3\n|inactive|ToleRai has 30 seconds left.\n|\n|t:|1682273614\n|-terastallize|p2b: Love Wins|Steel\n|move|p1a: Iron Hands|Fake Out|p2a: The Deer\n|-damage|p2a: The Deer|92\/100\n|move|p1b: Corviknight|Brave Bird|p2a: The Deer\n|-damage|p2a: The Deer|64\/100\n|-damage|p1b: Corviknight|41\/100|[from] Recoil\n|move|p2b: Love Wins|Swords Dance|p2b: Love Wins\n|-boost|p2b: Love Wins|atk|2\n|cant|p2a: The Deer|flinch\n|\n|upkeep\n|turn|4\n|inactive|ToleRai has 30 seconds left.\n|\n|t:|1682273639\n|-terastallize|p1a: Iron Hands|Grass\n|move|p2b: Love Wins|Protect|p2b: Love Wins\n|-singleturn|p2b: Love Wins|Protect\n|move|p1b: Corviknight|Brave Bird|p2a: The Deer\n|-damage|p2a: The Deer|35\/100\n|-damage|p1b: Corviknight|28\/100|[from] Recoil\n|move|p1a: Iron Hands|Drain Punch|p2b: Love Wins\n|-activate|p2b: Love Wins|move: Protect\n|move|p2a: The Deer|Fissure|p1a: Iron Hands|[miss]\n|-miss|p2a: The Deer|p1a: Iron Hands\n|\n|-sideend|p1: ToleRai|move: Tailwind\n|upkeep\n|turn|5\n|inactive|SilverDragon550 has 30 seconds left.\n|inactive|SilverDragon550 has 20 seconds left.\n|\n|t:|1682273677\n|switch|p2a: Rage|Gyarados, L50, M|100\/100\n|-ability|p2a: Rage|Intimidate|boost\n|-unboost|p1a: Iron Hands|atk|1\n|-ability|p1b: Corviknight|Mirror Armor\n|-unboost|p2a: Rage|atk|1\n|move|p1b: Corviknight|Protect|p1b: Corviknight\n|-singleturn|p1b: Corviknight|Protect\n|move|p2b: Love Wins|Close Combat|p1a: Iron Hands\n|-damage|p1a: Iron Hands|0 fnt\n|-unboost|p2b: Love Wins|def|1\n|-unboost|p2b: Love Wins|spd|1\n|faint|p1a: Iron Hands\n|-end|p1a: Iron Hands|Quark Drive|[silent]\n|-damage|p2b: Love Wins|90\/100|[from] item: Life Orb\n|\n|upkeep\n|\n|t:|1682273688\n|switch|p1a: Chi-Yu|Chi-Yu, L50|100\/100\n|-ability|p1a: Chi-Yu|Beads of Ruin\n|turn|6\n|inactive|SilverDragon550 has 30 seconds left.\n|\n|t:|1682273717\n|move|p2b: Love Wins|Protect|p2b: Love Wins\n|-singleturn|p2b: Love Wins|Protect\n|move|p1a: Chi-Yu|Heat Wave|p2a: Rage|[spread] p2a\n|-activate|p2b: Love Wins|move: Protect\n|-resisted|p2a: Rage\n|-damage|p2a: Rage|76\/100\n|move|p2a: Rage|Waterfall|p1a: Chi-Yu\n|-supereffective|p1a: Chi-Yu\n|-damage|p1a: Chi-Yu|11\/100\n|move|p1b: Corviknight|Tailwind|p1b: Corviknight\n|-sidestart|p1: ToleRai|move: Tailwind\n|\n|upkeep\n|turn|7\n|inactive|SilverDragon550 has 30 seconds left.\n|inactive|SilverDragon550 has 20 seconds left.\n|\n|t:|1682273753\n|-end|p2b: Love Wins|Quark Drive|[silent]\n|switch|p2b: The Deer|Ting-Lu, L50|35\/100\n|-ability|p2b: The Deer|Vessel of Ruin\n|move|p1a: Chi-Yu|Heat Wave|p2a: Rage|[spread] p2a,p2b\n|-resisted|p2a: Rage\n|-damage|p2a: Rage|60\/100\n|-damage|p2b: The Deer|19\/100\n|move|p1b: Corviknight|Brave Bird|p2a: Rage\n|-damage|p2a: Rage|7\/100\n|-damage|p1b: Corviknight|10\/100|[from] Recoil\n|move|p2a: Rage|Waterfall|p1b: Corviknight\n|-damage|p1b: Corviknight|0 fnt\n|faint|p1b: Corviknight\n|\n|upkeep\n|turn|8\n|inactive|SilverDragon550 has 30 seconds left.\n|\n|t:|1682273782\n|move|p1a: Chi-Yu|Heat Wave|p2b: The Deer|[spread] p2a,p2b\n|-resisted|p2a: Rage\n|-damage|p2a: Rage|0 fnt\n|-damage|p2b: The Deer|3\/100\n|faint|p2a: Rage\n|move|p2b: The Deer|Stomping Tantrum|p1a: Chi-Yu\n|-supereffective|p1a: Chi-Yu\n|-damage|p1a: Chi-Yu|0 fnt\n|faint|p1a: Chi-Yu\n|\n|win|SilverDragon550\n|raw|ToleRai's rating: 1175 → 1145<\/strong> (-30 for losing)\n|raw|SilverDragon550's rating: 1099 → 1130<\/strong> (+31 for winning)\n|l|\u2606ToleRai\n","uploadtime":1682273793,"views":9,"p1id":"tolerai","p2id":"silverdragon550","formatid":"gen9vgc2023regulationc","rating":1130,"private":0,"password":""}