{"id":"gen9vgc2023regulationc-1857457658","p1":"volcranix","p2":"pirruz","format":"[Gen 9] VGC 2023 Regulation C","log":"|j|\u2606volcranix\n|j|\u2606pirruz\n|t:|1683196281\n|gametype|doubles\n|player|p1|volcranix|cynthia-masters3|1105\n|player|p2|pirruz|juan|1160\n|teamsize|p1|6\n|teamsize|p2|6\n|gen|9\n|tier|[Gen 9] VGC 2023 Regulation C\n|rated|\n|rule|Species Clause: Limit one of each Pok\u00e9mon\n|rule|Item Clause: Limit one of each item\n|clearpoke\n|poke|p1|Flutter Mane, L50|\n|poke|p1|Iron Bundle, L50|\n|poke|p1|Dragonite, L50, F|\n|poke|p1|Ting-Lu, L50|\n|poke|p1|Amoonguss, L50, M|\n|poke|p1|Gyarados, L50, F|\n|poke|p2|Chi-Yu, L50|\n|poke|p2|Flutter Mane, L50|\n|poke|p2|Amoonguss, L50, F|\n|poke|p2|Gyarados, L50, M|\n|poke|p2|Dragonite, L50, M|\n|poke|p2|Kingambit, L50, F|\n|teampreview|4\n|inactive|Battle timer is ON: inactive players will automatically lose when time's up. (requested by pirruz)\n|inactive|volcranix has 60 seconds left.\n|inactive|pirruz has 60 seconds left.\n|\n|t:|1683196331\n|start\n|switch|p1a: Iron Bundle|Iron Bundle, L50|100\/100\n|switch|p1b: Ting-Lu|Ting-Lu, L50|100\/100\n|switch|p2a: Flutter Mane|Flutter Mane, L50|100\/100\n|switch|p2b: Amoonguss|Amoonguss, L50, F|100\/100\n|-ability|p1b: Ting-Lu|Vessel of Ruin\n|-enditem|p1a: Iron Bundle|Booster Energy\n|-activate|p1a: Iron Bundle|ability: Quark Drive|[fromitem]\n|-start|p1a: Iron Bundle|quarkdrivespe\n|-enditem|p2a: Flutter Mane|Booster Energy\n|-activate|p2a: Flutter Mane|ability: Protosynthesis|[fromitem]\n|-start|p2a: Flutter Mane|protosynthesisspe\n|turn|1\n|inactive|pirruz has 30 seconds left.\n|\n|t:|1683196356\n|-terastallize|p1b: Ting-Lu|Steel\n|move|p2a: Flutter Mane|Protect|p2a: Flutter Mane\n|-singleturn|p2a: Flutter Mane|Protect\n|move|p1a: Iron Bundle|Freeze-Dry|p2b: Amoonguss\n|-supereffective|p2b: Amoonguss\n|-damage|p2b: Amoonguss|62\/100\n|move|p1b: Ting-Lu|Heavy Slam|p2a: Flutter Mane\n|-activate|p2a: Flutter Mane|move: Protect\n|move|p2b: Amoonguss|Spore|p1a: Iron Bundle\n|-status|p1a: Iron Bundle|slp|[from] move: Spore\n|\n|upkeep\n|turn|2\n|inactive|pirruz has 30 seconds left.\n|inactive|pirruz has 20 seconds left.\n|inactive|pirruz has 15 seconds left.\n|inactive|pirruz has 10 seconds left.\n|\n|t:|1683196405\n|-end|p1a: Iron Bundle|Quark Drive|[silent]\n|switch|p1a: Gyarados|Gyarados, L50, F|100\/100\n|-ability|p1a: Gyarados|Intimidate|boost\n|-unboost|p2a: Flutter Mane|atk|1\n|-unboost|p2b: Amoonguss|atk|1\n|-end|p2a: Flutter Mane|Protosynthesis|[silent]\n|switch|p2a: Kingambit|Kingambit, L50, F|100\/100\n|switch|p2b: Dragonite|Dragonite, L50, M|100\/100\n|move|p1b: Ting-Lu|Heavy Slam|p2a: Kingambit\n|-resisted|p2a: Kingambit\n|-damage|p2a: Kingambit|77\/100\n|\n|upkeep\n|turn|3\n|inactive|volcranix has 30 seconds left.\n|inactive|pirruz has 30 seconds left.\n|\n|t:|1683196438\n|move|p1a: Gyarados|Thunder Wave|p2b: Dragonite\n|-status|p2b: Dragonite|par\n|move|p2a: Kingambit|Low Kick|p1b: Ting-Lu\n|-supereffective|p1b: Ting-Lu\n|-crit|p1b: Ting-Lu\n|-damage|p1b: Ting-Lu|17\/100\n|move|p1b: Ting-Lu|Fissure|p2a: Kingambit|[miss]\n|-miss|p1b: Ting-Lu|p2a: Kingambit\n|move|p2b: Dragonite|Tailwind|p2b: Dragonite\n|-sidestart|p2: pirruz|move: Tailwind\n|\n|upkeep\n|turn|4\n|inactive|pirruz has 30 seconds left.\n|\n|t:|1683196464\n|move|p2a: Kingambit|Low Kick|p1b: Ting-Lu\n|-supereffective|p1b: Ting-Lu\n|-damage|p1b: Ting-Lu|0 fnt\n|faint|p1b: Ting-Lu\n|move|p1a: Gyarados|Thunder Wave|p2a: Kingambit\n|-status|p2a: Kingambit|par\n|cant|p2b: Dragonite|par\n|\n|upkeep\n|\n|t:|1683196470\n|switch|p1b: Flutter Mane|Flutter Mane, L50|100\/100\n|turn|5\n|\n|t:|1683196490\n|switch|p2b: Amoonguss|Amoonguss, L50, F|96\/100\n|move|p1b: Flutter Mane|Moonblast|p2b: Amoonguss\n|-resisted|p2b: Amoonguss\n|-crit|p2b: Amoonguss\n|-damage|p2b: Amoonguss|51\/100\n|move|p1a: Gyarados|Waterfall|p2a: Kingambit\n|-damage|p2a: Kingambit|51\/100 par\n|cant|p2a: Kingambit|par\n|\n|upkeep\n|turn|6\n|\n|t:|1683196508\n|move|p1b: Flutter Mane|Moonblast|p2a: Kingambit\n|-damage|p2a: Kingambit|0 fnt\n|faint|p2a: Kingambit\n|move|p1a: Gyarados|Thunder Wave|p2b: Amoonguss\n|-status|p2b: Amoonguss|par\n|cant|p2b: Amoonguss|par\n|\n|-sideend|p2: pirruz|move: Tailwind\n|upkeep\n|\n|t:|1683196526\n|switch|p2a: Flutter Mane|Flutter Mane, L50|100\/100\n|turn|7\n|\n|t:|1683196543\n|-terastallize|p2a: Flutter Mane|Fairy\n|move|p1b: Flutter Mane|Moonblast|p2a: Flutter Mane\n|-damage|p2a: Flutter Mane|24\/100\n|move|p2a: Flutter Mane|Shadow Ball|p1b: Flutter Mane\n|-supereffective|p1b: Flutter Mane\n|-crit|p1b: Flutter Mane\n|-damage|p1b: Flutter Mane|0 fnt\n|faint|p1b: Flutter Mane\n|-end|p1b: Flutter Mane|Protosynthesis|[silent]\n|move|p1a: Gyarados|Thunder Wave|p2a: Flutter Mane\n|-status|p2a: Flutter Mane|par\n|move|p2b: Amoonguss|Spore|p1a: Gyarados\n|-activate|p1a: Gyarados|item: Safety Goggles|Spore\n|\n|upkeep\n|\n|t:|1683196551\n|switch|p1b: Iron Bundle|Iron Bundle, L50|100\/100 slp\n|turn|8\n|inactive|pirruz has 30 seconds left.\n|\n|t:|1683196577\n|cant|p1b: Iron Bundle|slp\n|move|p1a: Gyarados|Waterfall|p2a: Flutter Mane\n|-damage|p2a: Flutter Mane|0 fnt\n|faint|p2a: Flutter Mane\n|-end|p2a: Flutter Mane|Protosynthesis|[silent]\n|move|p2b: Amoonguss|Pollen Puff|p1b: Iron Bundle\n|-damage|p1b: Iron Bundle|62\/100 slp\n|\n|upkeep\n|\n|t:|1683196588\n|switch|p2a: Dragonite|Dragonite, L50, M|100\/100 par\n|turn|9\n|inactive|volcranix has 30 seconds left.\n|\n|t:|1683196622\n|move|p1a: Gyarados|Helping Hand|p1b: Iron Bundle\n|-singleturn|p1b: Iron Bundle|Helping Hand|[of] p1a: Gyarados\n|cant|p1b: Iron Bundle|slp\n|cant|p2a: Dragonite|par\n|cant|p2b: Amoonguss|par\n|\n|upkeep\n|turn|10\n|inactive|pirruz has 30 seconds left.\n|\n|t:|1683196649\n|move|p1a: Gyarados|Helping Hand|p1b: Iron Bundle\n|-singleturn|p1b: Iron Bundle|Helping Hand|[of] p1a: Gyarados\n|-curestatus|p1b: Iron Bundle|slp|[msg]\n|move|p1b: Iron Bundle|Icy Wind|p2a: Dragonite|[spread] p2a,p2b\n|-supereffective|p2a: Dragonite\n|-supereffective|p2b: Amoonguss\n|-damage|p2a: Dragonite|49\/100 par\n|-damage|p2b: Amoonguss|5\/100 par\n|-unboost|p2b: Amoonguss|spe|1\n|-enditem|p2b: Amoonguss|Aguav Berry|[eat]\n|-heal|p2b: Amoonguss|38\/100 par|[from] item: Aguav Berry\n|move|p2a: Dragonite|Dragon Claw|p1b: Iron Bundle\n|-damage|p1b: Iron Bundle|7\/100\n|move|p2b: Amoonguss|Pollen Puff|p2a: Dragonite\n|-heal|p2a: Dragonite|99\/100 par\n|\n|upkeep\n|turn|11\n|inactive|volcranix has 30 seconds left.\n|inactive|pirruz has 30 seconds left.\n|\n|t:|1683196679\n|move|p1a: Gyarados|Helping Hand|p1b: Iron Bundle\n|-singleturn|p1b: Iron Bundle|Helping Hand|[of] p1a: Gyarados\n|cant|p2a: Dragonite|par\n|move|p1b: Iron Bundle|Freeze-Dry|p2a: Dragonite\n|-supereffective|p2a: Dragonite\n|-damage|p2a: Dragonite|0 fnt\n|faint|p2a: Dragonite\n|move|p2b: Amoonguss|Pollen Puff|p2: Dragonite|[notarget]\n|-fail|p2b: Amoonguss\n|\n|upkeep\n|turn|12\n|\n|t:|1683196701\n|move|p1a: Gyarados|Helping Hand|p1b: Iron Bundle\n|-singleturn|p1b: Iron Bundle|Helping Hand|[of] p1a: Gyarados\n|move|p1b: Iron Bundle|Freeze-Dry|p2b: Amoonguss\n|-supereffective|p2b: Amoonguss\n|-damage|p2b: Amoonguss|0 fnt\n|faint|p2b: Amoonguss\n|\n|win|volcranix\n|raw|volcranix's rating: 1105 → 1134<\/strong> (+29 for winning)\n|raw|pirruz's rating: 1160 → 1131<\/strong> (-29 for losing)\n|l|\u2606pirruz\n","uploadtime":1683196715,"views":17,"p1id":"volcranix","p2id":"pirruz","formatid":"gen9vgc2023regulationc","rating":1131,"private":0,"password":""}