{"id":"gen9vgc2023regulationc-1855742833","p1":"skuchi4","p2":"officialx_leroy_","format":"[Gen 9] VGC 2023 Regulation C","log":"|j|\u2606skuchi4\n|j|\u2606officialx_leroy_\n|t:|1682978999\n|gametype|doubles\n|player|p1|skuchi4|clair|1135\n|player|p2|officialx_leroy_|102|1176\n|teamsize|p1|6\n|teamsize|p2|6\n|gen|9\n|tier|[Gen 9] VGC 2023 Regulation C\n|rated|\n|rule|Species Clause: Limit one of each Pok\u00e9mon\n|rule|Item Clause: Limit one of each item\n|clearpoke\n|poke|p1|Amoonguss, L50, F|\n|poke|p1|Dragonite, L50, F|\n|poke|p1|Arcanine, L50, F|\n|poke|p1|Palafin, L50, M|\n|poke|p1|Magnezone, L50|\n|poke|p1|Annihilape, L50, F|\n|poke|p2|Iron Hands, L50|\n|poke|p2|Arcanine, L50, M|\n|poke|p2|Chien-Pao, L50|\n|poke|p2|Meowscarada, L50, F|\n|poke|p2|Garchomp, L50, F|\n|poke|p2|Talonflame, L50, F|\n|teampreview|4\n|\n|t:|1682979044\n|start\n|switch|p1a: Amoonguss|Amoonguss, L50, F|100\/100\n|switch|p1b: Palafin|Palafin, L50, M|100\/100\n|switch|p2a: Talonflame|Talonflame, L50, F|100\/100\n|switch|p2b: Chien-Pao|Chien-Pao, L50|100\/100\n|-ability|p2b: Chien-Pao|Sword of Ruin\n|turn|1\n|\n|t:|1682979083\n|detailschange|p1b: Palafin|Palafin-Hero, L50, M\n|switch|p1b: Arcanine|Arcanine, L50, F|100\/100\n|-ability|p1b: Arcanine|Intimidate|boost\n|-unboost|p2a: Talonflame|atk|1\n|-unboost|p2b: Chien-Pao|atk|1\n|move|p1a: Amoonguss|Protect|p1a: Amoonguss\n|-singleturn|p1a: Amoonguss|Protect\n|move|p2a: Talonflame|Brave Bird|p1a: Amoonguss\n|-activate|p1a: Amoonguss|move: Protect\n|move|p2b: Chien-Pao|Ice Spinner|p1a: Amoonguss\n|-activate|p1a: Amoonguss|move: Protect\n|\n|upkeep\n|turn|2\n|\n|t:|1682979116\n|-terastallize|p1a: Amoonguss|Fire\n|move|p2b: Chien-Pao|Protect|p2b: Chien-Pao\n|-singleturn|p2b: Chien-Pao|Protect\n|move|p1b: Arcanine|Extreme Speed|p2a: Talonflame\n|-damage|p2a: Talonflame|47\/100\n|move|p1a: Amoonguss|Rage Powder|p1a: Amoonguss\n|-singleturn|p1a: Amoonguss|move: Rage Powder\n|move|p2a: Talonflame|Tailwind|p2a: Talonflame\n|-sidestart|p2: officialx_leroy_|move: Tailwind\n|\n|upkeep\n|turn|3\n|\n|t:|1682979162\n|switch|p2a: Iron Hands|Iron Hands, L50|100\/100\n|-terastallize|p2b: Chien-Pao|Fire\n|move|p1b: Arcanine|Extreme Speed|p2a: Iron Hands\n|-damage|p2a: Iron Hands|80\/100\n|move|p2b: Chien-Pao|Throat Chop|p1b: Arcanine\n|-damage|p1b: Arcanine|61\/100\n|-start|p1b: Arcanine|Throat Chop|[silent]\n|move|p1a: Amoonguss|Pollen Puff|p2b: Chien-Pao\n|-resisted|p2b: Chien-Pao\n|-damage|p2b: Chien-Pao|86\/100\n|\n|upkeep\n|turn|4\n|\n|t:|1682979213\n|switch|p2b: Talonflame|Talonflame, L50, F|47\/100\n|move|p1b: Arcanine|Protect|p1b: Arcanine\n|-singleturn|p1b: Arcanine|Protect\n|move|p1a: Amoonguss|Protect|p1a: Amoonguss\n|-singleturn|p1a: Amoonguss|Protect\n|move|p2a: Iron Hands|Fake Out|p1a: Amoonguss\n|-activate|p1a: Amoonguss|move: Protect\n|\n|-end|p1b: Arcanine|Throat Chop|[silent]\n|upkeep\n|turn|5\n|\n|t:|1682979243\n|move|p1b: Arcanine|Extreme Speed|p2b: Talonflame\n|-damage|p2b: Talonflame|2\/100\n|-enditem|p2b: Talonflame|Figy Berry|[eat]\n|-heal|p2b: Talonflame|36\/100|[from] item: Figy Berry\n|move|p2b: Talonflame|Brave Bird|p1b: Arcanine\n|-damage|p1b: Arcanine|11\/100\n|-damage|p2b: Talonflame|14\/100|[from] Recoil\n|move|p2a: Iron Hands|Drain Punch|p1b: Arcanine\n|-damage|p1b: Arcanine|0 fnt\n|-heal|p2a: Iron Hands|85\/100|[from] drain|[of] p1b: Arcanine\n|faint|p1b: Arcanine\n|move|p1a: Amoonguss|Pollen Puff|p1: Arcanine|[notarget]\n|-fail|p1a: Amoonguss\n|\n|-sideend|p2: officialx_leroy_|move: Tailwind\n|upkeep\n|\n|t:|1682979264\n|switch|p1b: Palafin|Palafin-Hero, L50, M|100\/100\n|-activate|p1b: Palafin|ability: Zero to Hero\n|turn|6\n|\n|t:|1682979283\n|move|p1a: Amoonguss|Rage Powder|p1a: Amoonguss\n|-singleturn|p1a: Amoonguss|move: Rage Powder\n|move|p1b: Palafin|Jet Punch|p2b: Talonflame\n|-supereffective|p2b: Talonflame\n|-damage|p2b: Talonflame|0 fnt\n|faint|p2b: Talonflame\n|move|p2a: Iron Hands|Thunder Punch|p1a: Amoonguss\n|-damage|p1a: Amoonguss|66\/100\n|\n|-heal|p1a: Amoonguss|72\/100|[from] item: Leftovers\n|upkeep\n|\n|t:|1682979318\n|switch|p2b: Meowscarada|Meowscarada, L50, F|100\/100\n|turn|7\n|\n|t:|1682979342\n|move|p1a: Amoonguss|Rage Powder|p1a: Amoonguss\n|-singleturn|p1a: Amoonguss|move: Rage Powder\n|move|p2b: Meowscarada|Knock Off|p1a: Amoonguss\n|-start|p2b: Meowscarada|typechange|Dark|[from] ability: Protean\n|-damage|p1a: Amoonguss|16\/100\n|-enditem|p1a: Amoonguss|Leftovers|[from] move: Knock Off|[of] p2b: Meowscarada\n|move|p1b: Palafin|Drain Punch|p2b: Meowscarada\n|-supereffective|p2b: Meowscarada\n|-damage|p2b: Meowscarada|4\/100\n|move|p2a: Iron Hands|Drain Punch|p1a: Amoonguss\n|-damage|p1a: Amoonguss|0 fnt\n|-heal|p2a: Iron Hands|93\/100|[from] drain|[of] p1a: Amoonguss\n|faint|p1a: Amoonguss\n|\n|upkeep\n|\n|t:|1682979355\n|switch|p1a: Annihilape|Annihilape, L50, F|100\/100\n|turn|8\n|\n|t:|1682979365\n|switch|p2b: Chien-Pao|Chien-Pao, L50, tera:Fire|86\/100\n|-ability|p2b: Chien-Pao|Sword of Ruin\n|move|p1b: Palafin|Jet Punch|p2b: Chien-Pao\n|-supereffective|p2b: Chien-Pao\n|-damage|p2b: Chien-Pao|0 fnt\n|faint|p2b: Chien-Pao\n|move|p1a: Annihilape|Rage Fist|p2a: Iron Hands\n|-damage|p2a: Iron Hands|76\/100\n|move|p2a: Iron Hands|Thunder Punch|p1b: Palafin\n|-supereffective|p1b: Palafin\n|-damage|p1b: Palafin|22\/100\n|\n|upkeep\n|\n|t:|1682979377\n|switch|p2b: Meowscarada|Meowscarada, L50, F|4\/100\n|turn|9\n|\n|t:|1682979403\n|move|p1b: Palafin|Jet Punch|p2b: Meowscarada\n|-resisted|p2b: Meowscarada\n|-damage|p2b: Meowscarada|0 fnt\n|faint|p2b: Meowscarada\n|move|p1a: Annihilape|Rage Fist|p2a: Iron Hands\n|-damage|p2a: Iron Hands|59\/100\n|move|p2a: Iron Hands|Thunder Punch|p1b: Palafin\n|-supereffective|p1b: Palafin\n|-damage|p1b: Palafin|0 fnt\n|faint|p1b: Palafin\n|\n|upkeep\n|turn|10\n|\n|t:|1682979418\n|move|p1a: Annihilape|Drain Punch|p2a: Iron Hands\n|-damage|p2a: Iron Hands|36\/100\n|move|p2a: Iron Hands|Thunder Punch|p1a: Annihilape\n|-damage|p1a: Annihilape|63\/100\n|\n|upkeep\n|turn|11\n|\n|t:|1682979428\n|move|p1a: Annihilape|Rage Fist|p2a: Iron Hands\n|-damage|p2a: Iron Hands|2\/100\n|move|p2a: Iron Hands|Thunder Punch|p1a: Annihilape\n|-damage|p1a: Annihilape|24\/100\n|\n|upkeep\n|turn|12\n|\n|t:|1682979437\n|move|p1a: Annihilape|Rage Fist|p2a: Iron Hands\n|-damage|p2a: Iron Hands|0 fnt\n|faint|p2a: Iron Hands\n|-end|p2a: Iron Hands|Quark Drive|[silent]\n|\n|win|skuchi4\n|raw|skuchi4's rating: 1135 → 1163<\/strong> (+28 for winning)\n|raw|officialx_leroy_'s rating: 1176 → 1148<\/strong> (-28 for losing)\n|l|\u2606officialx_leroy_\n","uploadtime":1682979450,"views":14,"p1id":"skuchi4","p2id":"officialxleroy","formatid":"gen9vgc2023regulationc","rating":1148,"private":0,"password":""}