{"id":"gen9vgc2023regulationc-1847902577","p1":"Fenomenez","p2":"Quervin","format":"[Gen 9] VGC 2023 Regulation C","log":"|j|\u2606Fenomenez\n|j|\u2606Quervin\n|t:|1682011318\n|gametype|doubles\n|player|p1|Fenomenez|lance|1184\n|player|p2|Quervin|265|1196\n|teamsize|p1|6\n|teamsize|p2|6\n|gen|9\n|tier|[Gen 9] VGC 2023 Regulation C\n|rated|\n|rule|Species Clause: Limit one of each Pok\u00e9mon\n|rule|Item Clause: Limit one of each item\n|clearpoke\n|poke|p1|Dondozo, L50, F|\n|poke|p1|Chien-Pao, L50|\n|poke|p1|Maushold, L50|\n|poke|p1|Dragonite, L50, M|\n|poke|p1|Tatsugiri, L50, M|\n|poke|p1|Glimmora, L50, M|\n|poke|p2|Lilligant, L50, F|\n|poke|p2|Torkoal, L50, F|\n|poke|p2|Kingambit, L50, F|\n|poke|p2|Dragonite, L50, F|\n|poke|p2|Gastrodon-East, L50, M|\n|poke|p2|Amoonguss, L50, M|\n|teampreview|4\n|\n|t:|1682011362\n|start\n|switch|p1a: Chien-Pao|Chien-Pao, L50|100\/100\n|switch|p1b: Dragonite|Dragonite, L50, M|100\/100\n|switch|p2a: TT|Lilligant, L50, F, shiny|100\/100\n|switch|p2b: Espresso|Dragonite, L50, F|100\/100\n|-ability|p1a: Chien-Pao|Sword of Ruin\n|turn|1\n|c|\u2606Fenomenez|hello\n|\n|t:|1682011405\n|switch|p2a: HOT|Kingambit, L50, F, shiny|100\/100\n|-terastallize|p1b: Dragonite|Normal\n|move|p1a: Chien-Pao|Protect|p1a: Chien-Pao\n|-singleturn|p1a: Chien-Pao|Protect\n|move|p2b: Espresso|Protect|p2b: Espresso\n|-singleturn|p2b: Espresso|Protect\n|move|p1b: Dragonite|Extreme Speed|p2a: HOT\n|-resisted|p2a: HOT\n|-damage|p2a: HOT|68\/100\n|\n|upkeep\n|turn|2\n|\n|t:|1682011461\n|switch|p1a: Dondozo|Dondozo, L50, F|100\/100\n|move|p2b: Espresso|Extreme Speed|p1a: Dondozo\n|-damage|p1a: Dondozo|74\/100\n|-damage|p2b: Espresso|91\/100|[from] item: Life Orb\n|move|p1b: Dragonite|Extreme Speed|p2b: Espresso\n|-damage|p2b: Espresso|20\/100\n|move|p2a: HOT|Iron Head|p1a: Dondozo\n|-resisted|p1a: Dondozo\n|-damage|p1a: Dondozo|59\/100\n|\n|upkeep\n|turn|3\n|\n|t:|1682011495\n|switch|p1b: Tatsugiri|Tatsugiri, L50, M|100\/100\n|-activate|p1b: Tatsugiri|ability: Commander|[of] p1a: Dondozo\n|-boost|p1a: Dondozo|atk|2\n|-boost|p1a: Dondozo|spa|2\n|-boost|p1a: Dondozo|spe|2\n|-boost|p1a: Dondozo|def|2\n|-boost|p1a: Dondozo|spd|2\n|move|p2b: Espresso|Extreme Speed|p1a: Dondozo\n|-damage|p1a: Dondozo|45\/100\n|-damage|p2b: Espresso|10\/100|[from] item: Life Orb\n|move|p1a: Dondozo|Earthquake|p2b: Espresso|[spread] p2a\n|-miss|p1a: Dondozo|p1b: Tatsugiri\n|-immune|p2b: Espresso\n|-supereffective|p2a: HOT\n|-damage|p2a: HOT|3\/100\n|move|p2a: HOT|Kowtow Cleave|p1a: Dondozo\n|-damage|p1a: Dondozo|27\/100\n|\n|upkeep\n|turn|4\n|\n|t:|1682011528\n|move|p2b: Espresso|Extreme Speed|p1a: Dondozo\n|-damage|p1a: Dondozo|12\/100\n|-damage|p2b: Espresso|0 fnt|[from] item: Life Orb\n|faint|p2b: Espresso\n|move|p2a: HOT|Sucker Punch||[still]\n|-fail|p2a: HOT\n|move|p1a: Dondozo|Rest|p1a: Dondozo\n|-status|p1a: Dondozo|slp|[from] move: Rest\n|-enditem|p1a: Dondozo|Lum Berry|[eat]\n|-curestatus|p1a: Dondozo|slp|[msg]\n|-heal|p1a: Dondozo|100\/100|[silent]\n|\n|upkeep\n|\n|t:|1682011541\n|switch|p2b: TT|Lilligant, L50, F, shiny|100\/100\n|turn|5\n|\n|t:|1682011562\n|switch|p2a: Breakthrough|Torkoal, L50, F, shiny|100\/100\n|-weather|SunnyDay|[from] ability: Drought|[of] p2a: Breakthrough\n|move|p2b: TT|Sleep Powder|p1a: Dondozo\n|-status|p1a: Dondozo|slp|[from] move: Sleep Powder\n|cant|p1a: Dondozo|slp\n|\n|-weather|SunnyDay|[upkeep]\n|upkeep\n|turn|6\n|\n|t:|1682011585\n|move|p2b: TT|Leaf Storm|p1a: Dondozo\n|-supereffective|p1a: Dondozo\n|-damage|p1a: Dondozo|50\/100 slp\n|-unboost|p2b: TT|spa|2\n|cant|p1a: Dondozo|slp\n|move|p2a: Breakthrough|Earth Power|p1a: Dondozo\n|-damage|p1a: Dondozo|38\/100 slp\n|-unboost|p1a: Dondozo|spd|1\n|\n|-weather|SunnyDay|[upkeep]\n|upkeep\n|turn|7\n|\n|t:|1682011638\n|cant|p1a: Dondozo|slp\n|move|p2b: TT|Leaf Storm|p1a: Dondozo\n|-supereffective|p1a: Dondozo\n|-damage|p1a: Dondozo|0 fnt\n|-unboost|p2b: TT|spa|2\n|faint|p1a: Dondozo\n|move|p2a: Breakthrough|Eruption|p1b: Tatsugiri\n|-resisted|p1b: Tatsugiri\n|-damage|p1b: Tatsugiri|66\/100\n|\n|-weather|SunnyDay|[upkeep]\n|upkeep\n|\n|t:|1682011649\n|switch|p1a: Dragonite|Dragonite, L50, M, tera:Normal|100\/100\n|turn|8\n|\n|t:|1682011686\n|-terastallize|p2b: TT|Ghost\n|move|p1a: Dragonite|Extreme Speed|p2b: TT\n|-immune|p2b: TT\n|move|p2b: TT|Sleep Powder|p1b: Tatsugiri\n|-status|p1b: Tatsugiri|slp|[from] move: Sleep Powder\n|cant|p1b: Tatsugiri|slp\n|move|p2a: Breakthrough|Eruption|p1b: Tatsugiri|[spread] p1a,p1b\n|-resisted|p1b: Tatsugiri\n|-damage|p1a: Dragonite|22\/100\n|-damage|p1b: Tatsugiri|35\/100 slp\n|\n|-weather|SunnyDay|[upkeep]\n|upkeep\n|turn|9\n|\n|t:|1682011746\n|move|p1a: Dragonite|Extreme Speed|p2a: Breakthrough\n|-damage|p2a: Breakthrough|51\/100\n|move|p2b: TT|After You|p2a: Breakthrough\n|-activate|p2a: Breakthrough|move: After You\n|move|p2a: Breakthrough|Eruption|p1b: Tatsugiri|[spread] p1a,p1b\n|-crit|p1a: Dragonite\n|-resisted|p1b: Tatsugiri\n|-damage|p1a: Dragonite|0 fnt\n|-damage|p1b: Tatsugiri|22\/100 slp\n|faint|p1a: Dragonite\n|-curestatus|p1b: Tatsugiri|slp|[msg]\n|move|p1b: Tatsugiri|Sleep Talk||[still]\n|-fail|p1b: Tatsugiri\n|\n|-weather|none\n|upkeep\n|\n|t:|1682011765\n|switch|p1a: Chien-Pao|Chien-Pao, L50|100\/100\n|-ability|p1a: Chien-Pao|Sword of Ruin\n|turn|10\n|\n|t:|1682011806\n|switch|p2a: HOT|Kingambit, L50, F, shiny|3\/100\n|move|p1a: Chien-Pao|Sucker Punch||[still]\n|-fail|p1a: Chien-Pao\n|move|p1b: Tatsugiri|Sleep Talk||[still]\n|-fail|p1b: Tatsugiri\n|move|p2b: TT|Sleep Powder|p1a: Chien-Pao|[miss]\n|-miss|p2b: TT|p1a: Chien-Pao\n|\n|upkeep\n|turn|11\n|\n|t:|1682011864\n|move|p1a: Chien-Pao|Sucker Punch|p2a: HOT\n|-resisted|p2a: HOT\n|-damage|p2a: HOT|0 fnt\n|faint|p2a: HOT\n|move|p1b: Tatsugiri|Sleep Talk||[still]\n|-fail|p1b: Tatsugiri\n|move|p2b: TT|Sleep Powder|p1a: Chien-Pao\n|-status|p1a: Chien-Pao|slp|[from] move: Sleep Powder\n|\n|upkeep\n|\n|t:|1682011873\n|switch|p2a: Breakthrough|Torkoal, L50, F, shiny|51\/100\n|-weather|SunnyDay|[from] ability: Drought|[of] p2a: Breakthrough\n|turn|12\n|\n|t:|1682011897\n|cant|p1a: Chien-Pao|slp\n|move|p2b: TT|After You|p2a: Breakthrough\n|-activate|p2a: Breakthrough|move: After You\n|move|p2a: Breakthrough|Eruption|p1b: Tatsugiri|[spread] p1a,p1b\n|-supereffective|p1a: Chien-Pao\n|-resisted|p1b: Tatsugiri\n|-enditem|p1a: Chien-Pao|Focus Sash\n|-damage|p1a: Chien-Pao|1\/100 slp\n|-damage|p1b: Tatsugiri|7\/100\n|move|p1b: Tatsugiri|Sleep Talk||[still]\n|-fail|p1b: Tatsugiri\n|\n|-weather|SunnyDay|[upkeep]\n|upkeep\n|turn|13\n|\n|t:|1682011928\n|move|p2a: Breakthrough|Protect|p2a: Breakthrough\n|-singleturn|p2a: Breakthrough|Protect\n|cant|p1a: Chien-Pao|slp\n|move|p2b: TT|Leaf Storm|p1a: Chien-Pao\n|-damage|p1a: Chien-Pao|0 fnt\n|-unboost|p2b: TT|spa|2\n|faint|p1a: Chien-Pao\n|move|p1b: Tatsugiri|Sleep Talk||[still]\n|-fail|p1b: Tatsugiri\n|\n|-weather|SunnyDay|[upkeep]\n|upkeep\n|turn|14\n|\n|t:|1682011945\n|move|p2b: TT|Leaf Storm|p1b: Tatsugiri|[miss]\n|-miss|p2b: TT|p1b: Tatsugiri\n|move|p1b: Tatsugiri|Sleep Talk||[still]\n|-fail|p1b: Tatsugiri\n|move|p2a: Breakthrough|Earth Power|p1b: Tatsugiri\n|-damage|p1b: Tatsugiri|0 fnt\n|faint|p1b: Tatsugiri\n|\n|win|Quervin\n|raw|Fenomenez's rating: 1184 → 1160<\/strong> (-24 for losing)\n|raw|Quervin's rating: 1196 → 1220<\/strong> (+24 for winning)\n","uploadtime":1682011961,"views":11,"p1id":"fenomenez","p2id":"quervin","formatid":"gen9vgc2023regulationc","rating":1160,"private":0,"password":""}