{"id":"gen9vgc2023regulationc-1859479005","p1":"aed96","p2":"trace","format":"[Gen 9] VGC 2023 Regulation C","log":"|j|\u2606aed96\n|j|\u2606trace\n|t:|1683473775\n|gametype|doubles\n|player|p1|aed96|red-masters|\n|player|p2|trace|#trace2|\n|teamsize|p1|6\n|teamsize|p2|6\n|gen|9\n|tier|[Gen 9] VGC 2023 Regulation C\n|rule|Species Clause: Limit one of each Pok\u00e9mon\n|rule|Item Clause: Limit one of each item\n|clearpoke\n|poke|p1|Amoonguss, L50, M|\n|poke|p1|Azumarill, L50, F|\n|poke|p1|Espeon, L50, M|\n|poke|p1|Eelektross, L50, M|\n|poke|p1|Dragapult, L50, M|\n|poke|p1|Dragonite, L50, M|\n|poke|p2|Tinkaton, L50, F|\n|poke|p2|Rotom-Wash, L50|\n|poke|p2|Annihilape, L50, F|\n|poke|p2|Corviknight, L50, M|\n|poke|p2|Espathra, L50, M|\n|poke|p2|Amoonguss, L50, M|\n|teampreview|4\ntrace has agreed to open team sheets.\naed96 has agreed to open team sheets.\n|c|\u2606aed96|g2\n|c|\u2606aed96|glhf\n|c|\u2606trace|hf\n|\n|t:|1683474146\n|start\n|switch|p1a: Dragonite|Dragonite, L50, M|100\/100\n|switch|p1b: Espeon|Espeon, L50, M|100\/100\n|switch|p2a: White Spell|Tinkaton, L50, F|100\/100\n|switch|p2b: LEVEL|Amoonguss, L50, M|100\/100\n|-ability|p2a: White Spell|Mold Breaker\n|turn|1\n|\n|t:|1683474214\n|switch|p2b: Indigo in Blue|Corviknight, L50, M|100\/100\n|-terastallize|p1a: Dragonite|Flying\n|move|p2a: White Spell|Fake Out|p1b: Espeon\n|-damage|p1b: Espeon|91\/100\n|cant|p1b: Espeon|flinch\n|move|p1a: Dragonite|Tera Blast|p2b: Indigo in Blue\n|-resisted|p2b: Indigo in Blue\n|-damage|p2b: Indigo in Blue|81\/100\n|\n|upkeep\n|turn|2\n|\n|t:|1683474238\n|switch|p1a: Azumarill|Azumarill, L50, F|100\/100\n|move|p1b: Espeon|Thunder Wave|p2b: Indigo in Blue\n|-status|p2b: Indigo in Blue|par\n|move|p2a: White Spell|Knock Off|p1a: Azumarill\n|-resisted|p1a: Azumarill\n|-damage|p1a: Azumarill|92\/100\n|-enditem|p1a: Azumarill|Life Orb|[from] move: Knock Off|[of] p2a: White Spell\n|move|p2b: Indigo in Blue|Brave Bird|p1b: Espeon\n|-damage|p1b: Espeon|48\/100\n|-enditem|p1b: Espeon|Sitrus Berry|[eat]\n|-heal|p1b: Espeon|73\/100|[from] item: Sitrus Berry\n|-damage|p2b: Indigo in Blue|69\/100 par|[from] Recoil\n|\n|upkeep\n|turn|3\n|\n|t:|1683474261\n|switch|p2a: LEVEL|Amoonguss, L50, M|100\/100\n|move|p1b: Espeon|Thunder Wave|p2a: LEVEL\n|-status|p2a: LEVEL|par\n|move|p1a: Azumarill|Liquidation|p2a: LEVEL\n|-resisted|p2a: LEVEL\n|-crit|p2a: LEVEL\n|-damage|p2a: LEVEL|66\/100 par\n|-unboost|p2a: LEVEL|def|1\n|-damage|p1a: Azumarill|76\/100|[from] item: Rocky Helmet|[of] p2a: LEVEL\n|cant|p2b: Indigo in Blue|par\n|\n|upkeep\n|turn|4\n|\n|t:|1683474272\n|switch|p2a: White Spell|Tinkaton, L50, F|100\/100\n|-ability|p2a: White Spell|Mold Breaker\n|move|p1b: Espeon|Psychic|p2a: White Spell\n|-resisted|p2a: White Spell\n|-damage|p2a: White Spell|90\/100\n|move|p1a: Azumarill|Liquidation|p2b: Indigo in Blue\n|-damage|p2b: Indigo in Blue|33\/100 par\n|move|p2b: Indigo in Blue|Roost|p2b: Indigo in Blue\n|-heal|p2b: Indigo in Blue|83\/100 par\n|-singleturn|p2b: Indigo in Blue|move: Roost\n|\n|upkeep\n|turn|5\n|\n|t:|1683474306\n|switch|p1a: Dragonite|Dragonite, L50, M, tera:Flying|100\/100\n|move|p2a: White Spell|Fake Out|p1b: Espeon\n|-crit|p1b: Espeon\n|-damage|p1b: Espeon|59\/100\n|cant|p1b: Espeon|flinch\n|cant|p2b: Indigo in Blue|par\n|\n|upkeep\n|turn|6\n|\n|t:|1683474329\n|move|p1b: Espeon|Thunder Wave|p2a: White Spell\n|-status|p2a: White Spell|par\n|move|p1a: Dragonite|Tera Blast|p2a: White Spell\n|-resisted|p2a: White Spell\n|-damage|p2a: White Spell|57\/100 par\n|move|p2a: White Spell|Gigaton Hammer|p1b: Espeon\n|-damage|p1b: Espeon|5\/100\n|move|p2b: Indigo in Blue|Brave Bird|p1a: Dragonite\n|-damage|p1a: Dragonite|83\/100\n|-damage|p2b: Indigo in Blue|78\/100 par|[from] Recoil\n|\n|upkeep\n|turn|7\n|\n|t:|1683474349\n|switch|p1b: Dragapult|Dragapult, L50, M|100\/100\n|move|p1a: Dragonite|Tera Blast|p2a: White Spell\n|-resisted|p2a: White Spell\n|-damage|p2a: White Spell|27\/100 par\n|move|p2a: White Spell|Knock Off|p1a: Dragonite\n|-damage|p1a: Dragonite|64\/100\n|-enditem|p1a: Dragonite|Lum Berry|[from] move: Knock Off|[of] p2a: White Spell\n|move|p2b: Indigo in Blue|Body Press|p1b: Dragapult\n|-immune|p1b: Dragapult\n|\n|upkeep\n|turn|8\n|\n|t:|1683474372\n|move|p1b: Dragapult|Phantom Force||[still]\n|-prepare|p1b: Dragapult|Phantom Force\n|move|p1a: Dragonite|Tera Blast|p2a: White Spell\n|-resisted|p2a: White Spell\n|-damage|p2a: White Spell|0 fnt\n|faint|p2a: White Spell\n|move|p2b: Indigo in Blue|Brave Bird|p1b: Dragapult|[miss]\n|-miss|p2b: Indigo in Blue|p1b: Dragapult\n|\n|upkeep\n|\n|t:|1683474378\n|switch|p2a: ODDS&ENDS|Annihilape, L50, F|100\/100\n|turn|9\n|\n|t:|1683474387\n|-terastallize|p2a: ODDS&ENDS|Steel\n|move|p1b: Dragapult|Phantom Force|p2b: Indigo in Blue|[from]lockedmove\n|-damage|p2b: Indigo in Blue|37\/100 par\n|move|p1a: Dragonite|Tera Blast|p2a: ODDS&ENDS\n|-resisted|p2a: ODDS&ENDS\n|-damage|p2a: ODDS&ENDS|69\/100\n|move|p2a: ODDS&ENDS|Bulk Up|p2a: ODDS&ENDS\n|-boost|p2a: ODDS&ENDS|atk|1\n|-boost|p2a: ODDS&ENDS|def|1\n|move|p2b: Indigo in Blue|Tailwind|p2b: Indigo in Blue\n|-sidestart|p2: trace|move: Tailwind\n|\n|-heal|p2a: ODDS&ENDS|76\/100|[from] item: Leftovers\n|upkeep\n|turn|10\n|\n|t:|1683474408\n|move|p2a: ODDS&ENDS|Rage Fist|p1b: Dragapult\n|-supereffective|p1b: Dragapult\n|-damage|p1b: Dragapult|0 fnt\n|faint|p1b: Dragapult\n|move|p1a: Dragonite|Tera Blast|p2b: Indigo in Blue\n|-resisted|p2b: Indigo in Blue\n|-damage|p2b: Indigo in Blue|16\/100 par\n|cant|p2b: Indigo in Blue|par\n|\n|-heal|p2a: ODDS&ENDS|82\/100|[from] item: Leftovers\n|upkeep\n|\n|t:|1683474417\n|switch|p1b: Azumarill|Azumarill, L50, F|76\/100\n|turn|11\n|c|\u2606trace|oh damn\n|\n|t:|1683474430\n|move|p1a: Dragonite|Extreme Speed|p2b: Indigo in Blue\n|-resisted|p2b: Indigo in Blue\n|-crit|p2b: Indigo in Blue\n|-damage|p2b: Indigo in Blue|0 fnt\n|faint|p2b: Indigo in Blue\n|move|p2a: ODDS&ENDS|Rage Fist|p1a: Dragonite\n|-damage|p1a: Dragonite|3\/100\n|move|p1b: Azumarill|Liquidation|p2a: ODDS&ENDS\n|-damage|p2a: ODDS&ENDS|48\/100\n|-unboost|p2a: ODDS&ENDS|def|1\n|-ability|p2a: ODDS&ENDS|Defiant|boost\n|-boost|p2a: ODDS&ENDS|atk|2\n|\n|-heal|p2a: ODDS&ENDS|55\/100|[from] item: Leftovers\n|upkeep\n|\n|t:|1683474434\n|switch|p2b: LEVEL|Amoonguss, L50, M|99\/100 par\n|turn|12\n|c|\u2606aed96|oh no\n|\n|t:|1683474459\n|move|p1a: Dragonite|Protect|p1a: Dragonite\n|-singleturn|p1a: Dragonite|Protect\n|move|p1b: Azumarill|Protect|p1b: Azumarill\n|-singleturn|p1b: Azumarill|Protect\n|move|p2a: ODDS&ENDS|Bulk Up|p2a: ODDS&ENDS\n|-boost|p2a: ODDS&ENDS|atk|1\n|-boost|p2a: ODDS&ENDS|def|1\n|move|p2b: LEVEL|Pollen Puff|p2a: ODDS&ENDS\n|-heal|p2a: ODDS&ENDS|100\/100\n|\n|-sideend|p2: trace|move: Tailwind\n|upkeep\n|turn|13\n|\n|t:|1683474473\n|move|p1a: Dragonite|Tera Blast|p2b: LEVEL\n|-supereffective|p2b: LEVEL\n|-damage|p2b: LEVEL|0 fnt\n|faint|p2b: LEVEL\n|move|p2a: ODDS&ENDS|Rage Fist|p1b: Azumarill\n|-damage|p1b: Azumarill|0 fnt\n|faint|p1b: Azumarill\n|\n|upkeep\n|\n|t:|1683474479\n|switch|p1b: Espeon|Espeon, L50, M|5\/100\n|turn|14\n|\n|t:|1683474484\n|move|p1b: Espeon|Thunder Wave|p2a: ODDS&ENDS|[miss]\n|-miss|p1b: Espeon|p2a: ODDS&ENDS\n|move|p1a: Dragonite|Tera Blast|p2a: ODDS&ENDS\n|-resisted|p2a: ODDS&ENDS\n|-damage|p2a: ODDS&ENDS|82\/100\n|move|p2a: ODDS&ENDS|Rage Fist|p1b: Espeon\n|-supereffective|p1b: Espeon\n|-damage|p1b: Espeon|0 fnt\n|faint|p1b: Espeon\n|\n|-heal|p2a: ODDS&ENDS|88\/100|[from] item: Leftovers\n|upkeep\n|turn|15\n|c|\u2606trace|ggs\n|c|\u2606aed96|dah gg wkwkwk\n|\n|t:|1683474495\n|move|p1a: Dragonite|Tera Blast|p2a: ODDS&ENDS\n|-resisted|p2a: ODDS&ENDS\n|-damage|p2a: ODDS&ENDS|68\/100\n|move|p2a: ODDS&ENDS|Rage Fist|p1a: Dragonite\n|-damage|p1a: Dragonite|0 fnt\n|faint|p1a: Dragonite\n|\n|win|trace\n|l|\u2606trace\n","uploadtime":1683474503,"views":12,"p1id":"aed96","p2id":"trace","formatid":"gen9vgc2023regulationc","rating":0,"private":0,"password":""}