{"id":"gen9vgc2023regulationc-1854599954","p1":"t3egsfgdf","p2":"Lechonk is Love","format":"[Gen 9] VGC 2023 Regulation C","log":"|j|\u2606t3egsfgdf\n|j|\u2606Lechonk is Love\n|t:|1682833580\n|gametype|doubles\n|player|p1|t3egsfgdf|102|1040\n|player|p2|Lechonk is Love|crasherwake|1107\n|teamsize|p1|6\n|teamsize|p2|6\n|gen|9\n|tier|[Gen 9] VGC 2023 Regulation C\n|rated|\n|rule|Species Clause: Limit one of each Pok\u00e9mon\n|rule|Item Clause: Limit one of each item\n|clearpoke\n|poke|p1|Great Tusk, L50|\n|poke|p1|Chien-Pao, L50|\n|poke|p1|Arcanine, L50, F|\n|poke|p1|Amoonguss, L50, F|\n|poke|p1|Flutter Mane, L50|\n|poke|p1|Kilowattrel, L50, M|\n|poke|p2|Ting-Lu, L50|\n|poke|p2|Amoonguss, L50, M|\n|poke|p2|Flutter Mane, L50|\n|poke|p2|Arcanine, L50, F|\n|poke|p2|Palafin, L50, F|\n|poke|p2|Roaring Moon, L50|\n|teampreview|4\n|c|\u2606Lechonk is Love|glhf\nLechonk is Love has agreed to open team sheets.\n|\n|t:|1682833634\n|start\n|switch|p1a: Great Tusk|Great Tusk, L50|100\/100\n|switch|p1b: Kilowattrel|Kilowattrel, L50, M|100\/100\n|switch|p2a: Flutter Mane|Flutter Mane, L50|100\/100\n|switch|p2b: Amoonguss|Amoonguss, L50, M, shiny|100\/100\n|turn|1\n|\n|t:|1682833653\n|-terastallize|p1a: Great Tusk|Ground\n|-terastallize|p2a: Flutter Mane|Fairy\n|move|p2b: Amoonguss|Rage Powder|p2b: Amoonguss\n|-singleturn|p2b: Amoonguss|move: Rage Powder\n|move|p1a: Great Tusk|Earthquake|p2b: Amoonguss|[spread] p2a,p2b\n|-immune|p1b: Kilowattrel\n|-damage|p2a: Flutter Mane|0 fnt\n|-damage|p2b: Amoonguss|54\/100\n|faint|p2a: Flutter Mane\n|-end|p2a: Flutter Mane|Protosynthesis|[silent]\n|move|p1b: Kilowattrel|Discharge|p2b: Amoonguss|[spread] p2b\n|-immune|p1a: Great Tusk\n|-resisted|p2b: Amoonguss\n|-damage|p2b: Amoonguss|42\/100\n|-enditem|p2b: Amoonguss|Sitrus Berry|[eat]\n|-heal|p2b: Amoonguss|67\/100|[from] item: Sitrus Berry\n|\n|upkeep\n|\n|t:|1682833669\n|switch|p2a: Arcanine|Arcanine, L50, F, shiny|100\/100\n|-ability|p2a: Arcanine|Intimidate|boost\n|-unboost|p1a: Great Tusk|atk|1\n|-unboost|p1b: Kilowattrel|atk|1\n|turn|2\n|\n|t:|1682833690\n|move|p1a: Great Tusk|Earthquake|p2b: Amoonguss|[spread] p2a,p2b\n|-immune|p1b: Kilowattrel\n|-supereffective|p2a: Arcanine\n|-crit|p2b: Amoonguss\n|-damage|p2a: Arcanine|16\/100\n|-damage|p2b: Amoonguss|0 fnt\n|faint|p2b: Amoonguss\n|move|p1b: Kilowattrel|Air Slash|p2a: Arcanine\n|-damage|p2a: Arcanine|0 fnt\n|faint|p2a: Arcanine\n|\n|upkeep\n|\n|t:|1682833699\n|switch|p2b: Ting-Lu|Ting-Lu, L50|100\/100\n|-ability|p2b: Ting-Lu|Vessel of Ruin\n|turn|3\n|\n|t:|1682833709\n|move|p1a: Great Tusk|Earthquake|p2b: Ting-Lu|[spread] p2b\n|-immune|p1b: Kilowattrel\n|-damage|p2b: Ting-Lu|77\/100\n|move|p1b: Kilowattrel|Air Slash|p2b: Ting-Lu\n|-damage|p2b: Ting-Lu|64\/100\n|move|p2b: Ting-Lu|Fissure|p1a: Great Tusk|[miss]\n|-miss|p2b: Ting-Lu|p1a: Great Tusk\n|\n|upkeep\n|turn|4\n|\n|t:|1682833727\n|move|p1a: Great Tusk|Earthquake|p2b: Ting-Lu|[spread] p2b\n|-immune|p1b: Kilowattrel\n|-damage|p2b: Ting-Lu|41\/100\n|move|p1b: Kilowattrel|Air Slash|p2b: Ting-Lu\n|-damage|p2b: Ting-Lu|27\/100\n|cant|p2b: Ting-Lu|flinch\n|\n|upkeep\n|turn|5\n|inactive|Battle timer is ON: inactive players will automatically lose when time's up. (requested by t3egsfgdf)\n|n|\u2606t3egsfgdf|t3egsfgdf\n|c|\u2606t3egsfgdf|:D\n|inactive|t3egsfgdf has 60 seconds left.\n|c|\u2606Lechonk is Love|mfw you put timer on and then not pick a move\n|c|\u2606t3egsfgdf|kekw\n|c|\u2606Lechonk is Love|wasnt expecting scarf tusk though so that was cool\n|inactive|t3egsfgdf has 30 seconds left.\n|c|\u2606t3egsfgdf|yeah dis team is busted in closed team sheet\n|c|\u2606Lechonk is Love|ive realised how much i value open team sheet\n|inactive|t3egsfgdf has 20 seconds left.\n|\n|t:|1682833815\n|move|p1a: Great Tusk|Earthquake|p2b: Ting-Lu|[spread] p2b\n|-immune|p1b: Kilowattrel\n|-damage|p2b: Ting-Lu|5\/100\n|move|p1b: Kilowattrel|Air Slash|p2b: Ting-Lu\n|-crit|p2b: Ting-Lu\n|-damage|p2b: Ting-Lu|0 fnt\n|faint|p2b: Ting-Lu\n|\n|win|t3egsfgdf\n|raw|t3egsfgdf's rating: 1040 → 1080<\/strong> (+40 for winning)\n|raw|Lechonk is Love's rating: 1107 → 1077<\/strong> (-30 for losing)\n|l|\u2606Lechonk is Love\n|c|\u2606t3egsfgdf|ggs bro\n|l|\u2606t3egsfgdf\n|j|\u2606t3egsfgdf\n|player|p1|t3egsfgdf|102\n","uploadtime":1682834054,"views":17,"p1id":"t3egsfgdf","p2id":"lechonkislove","formatid":"gen9vgc2023regulationc","rating":1077,"private":0,"password":""}