{"id":"gen9vgc2023regulationc-1858222226","p1":"gorilnx","p2":"il_turco03","format":"[Gen 9] VGC 2023 Regulation C","log":"|j|\u2606gorilnx\n|j|\u2606il_turco03\n|t:|1683292625\n|gametype|doubles\n|player|p1|gorilnx|dawn-gen4pt|1277\n|player|p2|il_turco03|palmer|1343\n|teamsize|p1|6\n|teamsize|p2|6\n|gen|9\n|tier|[Gen 9] VGC 2023 Regulation C\n|rated|\n|rule|Species Clause: Limit one of each Pok\u00e9mon\n|rule|Item Clause: Limit one of each item\n|clearpoke\n|poke|p1|Palafin, L50, M|\n|poke|p1|Amoonguss, L50, F|\n|poke|p1|Flutter Mane, L50|\n|poke|p1|Arcanine, L50, M|\n|poke|p1|Ting-Lu, L50|\n|poke|p1|Baxcalibur, L50, F|\n|poke|p2|Azumarill, L50, F|\n|poke|p2|Orthworm, L50, F|\n|poke|p2|Ting-Lu, L50|\n|poke|p2|Dragonite, L50, F|\n|poke|p2|Chien-Pao, L50|\n|poke|p2|Arcanine, L50, M|\n|teampreview|4\n|inactive|Battle timer is ON: inactive players will automatically lose when time's up. (requested by il_turco03)\n|inactive|il_turco03 has 60 seconds left.\n|inactive|gorilnx has 60 seconds left.\n|\n|t:|1683292685\n|start\n|switch|p1a: Arcanine|Arcanine, L50, M|100\/100\n|switch|p1b: Flutter Mane|Flutter Mane, L50|100\/100\n|switch|p2a: Orthworm|Orthworm, L50, F|100\/100\n|switch|p2b: Ting-Lu|Ting-Lu, L50|100\/100\n|-ability|p1a: Arcanine|Intimidate|boost\n|-unboost|p2a: Orthworm|atk|1\n|-unboost|p2b: Ting-Lu|atk|1\n|-ability|p2b: Ting-Lu|Vessel of Ruin\n|turn|1\n|inactive|il_turco03 has 30 seconds left.\n|\n|t:|1683292712\n|-end|p1b: Flutter Mane|Protosynthesis|[silent]\n|switch|p1b: Amoonguss|Amoonguss, L50, F|100\/100\n|-terastallize|p2a: Orthworm|Water\n|move|p1a: Arcanine|Flare Blitz|p2a: Orthworm\n|-resisted|p2a: Orthworm\n|-damage|p2a: Orthworm|79\/100\n|-damage|p1a: Arcanine|94\/100|[from] Recoil\n|move|p2a: Orthworm|Heavy Slam|p1b: Amoonguss\n|-damage|p1b: Amoonguss|81\/100\n|move|p2b: Ting-Lu|Earthquake|p1b: Amoonguss|[spread] p1a,p1b\n|-heal|p2a: Orthworm|100\/100|[from] ability: Earth Eater|[of] p2b: Ting-Lu\n|-supereffective|p1a: Arcanine\n|-damage|p1a: Arcanine|37\/100\n|-damage|p1b: Amoonguss|62\/100\n|\n|upkeep\n|turn|2\n|inactive|il_turco03 has 30 seconds left.\n|inactive|gorilnx has 30 seconds left.\n|inactive|il_turco03 has 20 seconds left.\n|\n|t:|1683292749\n|move|p1a: Arcanine|Will-O-Wisp|p2b: Ting-Lu\n|-status|p2b: Ting-Lu|brn\n|move|p2a: Orthworm|Iron Defense|p2a: Orthworm\n|-boost|p2a: Orthworm|def|2\n|move|p2b: Ting-Lu|Earthquake|p1a: Arcanine|[spread] p1a,p1b\n|-immune|p2a: Orthworm|[from] ability: Earth Eater\n|-supereffective|p1a: Arcanine\n|-damage|p1a: Arcanine|11\/100\n|-damage|p1b: Amoonguss|51\/100\n|move|p1b: Amoonguss|Pollen Puff|p1a: Arcanine\n|-heal|p1a: Arcanine|61\/100\n|\n|-damage|p2b: Ting-Lu|94\/100 brn|[from] brn\n|upkeep\n|turn|3\n|inactive|il_turco03 has 30 seconds left.\n|\n|t:|1683292784\n|move|p1a: Arcanine|Will-O-Wisp|p2a: Orthworm|[miss]\n|-miss|p1a: Arcanine|p2a: Orthworm\n|move|p2a: Orthworm|Iron Defense|p2a: Orthworm\n|-boost|p2a: Orthworm|def|2\n|move|p2b: Ting-Lu|Earthquake|p1b: Amoonguss|[spread] p1a,p1b\n|-immune|p2a: Orthworm|[from] ability: Earth Eater\n|-supereffective|p1a: Arcanine\n|-damage|p1a: Arcanine|31\/100\n|-damage|p1b: Amoonguss|40\/100\n|-enditem|p1b: Amoonguss|Sitrus Berry|[eat]\n|-heal|p1b: Amoonguss|65\/100|[from] item: Sitrus Berry\n|move|p1b: Amoonguss|Pollen Puff|p1a: Arcanine\n|-heal|p1a: Arcanine|81\/100\n|\n|-damage|p2b: Ting-Lu|88\/100 brn|[from] brn\n|upkeep\n|turn|4\n|inactive|gorilnx has 30 seconds left.\n|inactive|il_turco03 has 30 seconds left.\n|inactive|il_turco03 has 20 seconds left.\n|inactive|il_turco03 has 15 seconds left.\n|inactive|il_turco03 has 10 seconds left.\n|\n|t:|1683292830\n|move|p1a: Arcanine|Will-O-Wisp|p2a: Orthworm\n|-status|p2a: Orthworm|brn\n|move|p2a: Orthworm|Body Press|p1a: Arcanine\n|-damage|p1a: Arcanine|37\/100\n|move|p2b: Ting-Lu|Earthquake|p1b: Amoonguss|[spread] p1a,p1b\n|-immune|p2a: Orthworm|[from] ability: Earth Eater\n|-supereffective|p1a: Arcanine\n|-damage|p1a: Arcanine|10\/100\n|-damage|p1b: Amoonguss|55\/100\n|move|p1b: Amoonguss|Pollen Puff|p1a: Arcanine\n|-heal|p1a: Arcanine|60\/100\n|\n|-damage|p2a: Orthworm|94\/100 brn|[from] brn\n|-damage|p2b: Ting-Lu|82\/100 brn|[from] brn\n|upkeep\n|turn|5\n|\n|t:|1683292848\n|switch|p1a: Flutter Mane|Flutter Mane, L50|100\/100\n|move|p1b: Amoonguss|Rage Powder|p1b: Amoonguss\n|-singleturn|p1b: Amoonguss|move: Rage Powder\n|move|p2a: Orthworm|Body Press|p1b: Amoonguss\n|-resisted|p1b: Amoonguss\n|-damage|p1b: Amoonguss|39\/100\n|move|p2b: Ting-Lu|Earthquake|p1b: Amoonguss|[spread] p1a,p1b\n|-heal|p2a: Orthworm|100\/100 brn|[from] ability: Earth Eater|[of] p2b: Ting-Lu\n|-damage|p1a: Flutter Mane|74\/100\n|-damage|p1b: Amoonguss|29\/100\n|\n|-damage|p2a: Orthworm|94\/100 brn|[from] brn\n|-damage|p2b: Ting-Lu|76\/100 brn|[from] brn\n|upkeep\n|turn|6\n|inactive|gorilnx has 30 seconds left.\n|inactive|il_turco03 has 30 seconds left.\n|\n|t:|1683292880\n|move|p1b: Amoonguss|Rage Powder|p1b: Amoonguss\n|-singleturn|p1b: Amoonguss|move: Rage Powder\n|move|p1a: Flutter Mane|Dazzling Gleam|p2a: Orthworm|[spread] p2a,p2b\n|-supereffective|p2b: Ting-Lu\n|-damage|p2a: Orthworm|55\/100 brn\n|-damage|p2b: Ting-Lu|34\/100 brn\n|move|p2a: Orthworm|Body Press|p1b: Amoonguss\n|-resisted|p1b: Amoonguss\n|-damage|p1b: Amoonguss|14\/100\n|move|p2b: Ting-Lu|Heavy Slam|p1b: Amoonguss\n|-damage|p1b: Amoonguss|4\/100\n|\n|-damage|p2a: Orthworm|49\/100 brn|[from] brn\n|-damage|p2b: Ting-Lu|28\/100 brn|[from] brn\n|upkeep\n|-enditem|p2a: Orthworm|Sitrus Berry|[eat]\n|-heal|p2a: Orthworm|74\/100 brn|[from] item: Sitrus Berry\n|turn|7\n|inactive|il_turco03 has 30 seconds left.\n|\n|t:|1683292914\n|switch|p1b: Arcanine|Arcanine, L50, M|60\/100\n|-ability|p1b: Arcanine|Intimidate|boost\n|-unboost|p2a: Orthworm|atk|1\n|-unboost|p2b: Ting-Lu|atk|1\n|move|p1a: Flutter Mane|Dazzling Gleam|p2b: Ting-Lu|[spread] p2a,p2b\n|-supereffective|p2b: Ting-Lu\n|-damage|p2a: Orthworm|37\/100 brn\n|-damage|p2b: Ting-Lu|0 fnt\n|faint|p2b: Ting-Lu\n|move|p2a: Orthworm|Heavy Slam|p1a: Flutter Mane\n|-supereffective|p1a: Flutter Mane\n|-damage|p1a: Flutter Mane|31\/100\n|\n|-damage|p2a: Orthworm|30\/100 brn|[from] brn\n|upkeep\n|\n|t:|1683292929\n|switch|p2b: Azumarill|Azumarill, L50, F|100\/100\n|turn|8\n|\n|t:|1683292942\n|move|p2b: Azumarill|Aqua Jet|p1b: Arcanine\n|-supereffective|p1b: Arcanine\n|-damage|p1b: Arcanine|0 fnt\n|faint|p1b: Arcanine\n|move|p1a: Flutter Mane|Dazzling Gleam|p2b: Azumarill|[spread] p2a,p2b\n|-damage|p2a: Orthworm|0 fnt\n|-damage|p2b: Azumarill|54\/100\n|faint|p2a: Orthworm\n|\n|upkeep\n|\n|t:|1683292951\n|switch|p1b: Baxcalibur|Baxcalibur, L50, F|100\/100\n|switch|p2a: Chien-Pao|Chien-Pao, L50|100\/100\n|-ability|p2a: Chien-Pao|Sword of Ruin\n|turn|9\n|inactive|il_turco03 has 30 seconds left.\n|inactive|il_turco03 has 20 seconds left.\n|\n|t:|1683292987\n|-terastallize|p1b: Baxcalibur|Poison\n|move|p1b: Baxcalibur|Ice Shard|p2a: Chien-Pao\n|-resisted|p2a: Chien-Pao\n|-damage|p2a: Chien-Pao|82\/100\n|move|p2b: Azumarill|Aqua Jet|p1a: Flutter Mane\n|-crit|p1a: Flutter Mane\n|-damage|p1a: Flutter Mane|0 fnt\n|faint|p1a: Flutter Mane\n|-end|p1a: Flutter Mane|Protosynthesis|[silent]\n|move|p2a: Chien-Pao|Sacred Sword|p1b: Baxcalibur\n|-resisted|p1b: Baxcalibur\n|-damage|p1b: Baxcalibur|83\/100\n|\n|upkeep\n|\n|t:|1683292998\n|switch|p1a: Amoonguss|Amoonguss, L50, F|37\/100\n|turn|10\n|\n|t:|1683293028\n|move|p2a: Chien-Pao|Protect|p2a: Chien-Pao\n|-singleturn|p2a: Chien-Pao|Protect\n|move|p1a: Amoonguss|Rage Powder|p1a: Amoonguss\n|-singleturn|p1a: Amoonguss|move: Rage Powder\n|move|p2b: Azumarill|Aqua Jet|p1a: Amoonguss\n|-resisted|p1a: Amoonguss\n|-damage|p1a: Amoonguss|18\/100\n|move|p1b: Baxcalibur|Glaive Rush|p2a: Chien-Pao\n|-activate|p2a: Chien-Pao|move: Protect\n|\n|upkeep\n|turn|11\n|inactive|il_turco03 has 30 seconds left.\n|inactive|il_turco03 has 20 seconds left.\n|inactive|gorilnx has 30 seconds left.\n|inactive|il_turco03 has 15 seconds left.\n|\n|t:|1683293071\n|move|p1a: Amoonguss|Protect|p1a: Amoonguss\n|-singleturn|p1a: Amoonguss|Protect\n|move|p2b: Azumarill|Aqua Jet|p1a: Amoonguss\n|-activate|p1a: Amoonguss|move: Protect\n|move|p2a: Chien-Pao|Ice Spinner|p1b: Baxcalibur\n|-damage|p1b: Baxcalibur|37\/100\n|move|p1b: Baxcalibur|Glaive Rush|p2a: Chien-Pao\n|-crit|p2a: Chien-Pao\n|-damage|p2a: Chien-Pao|0 fnt\n|-singlemove|p1b: Baxcalibur|Glaive Rush|[silent]\n|faint|p2a: Chien-Pao\n|\n|upkeep\n|turn|12\n|\n|t:|1683293095\n|move|p1a: Amoonguss|Rage Powder|p1a: Amoonguss\n|-singleturn|p1a: Amoonguss|move: Rage Powder\n|move|p2b: Azumarill|Aqua Jet|p1a: Amoonguss\n|-resisted|p1a: Amoonguss\n|-damage|p1a: Amoonguss|3\/100\n|move|p1b: Baxcalibur|Icicle Spear|p2b: Azumarill\n|-resisted|p2b: Azumarill\n|-damage|p2b: Azumarill|47\/100\n|-resisted|p2b: Azumarill\n|-damage|p2b: Azumarill|39\/100\n|-resisted|p2b: Azumarill\n|-damage|p2b: Azumarill|30\/100\n|-resisted|p2b: Azumarill\n|-damage|p2b: Azumarill|21\/100\n|-hitcount|p2b: Azumarill|4\n|\n|upkeep\n|turn|13\n|\n|t:|1683293111\n|move|p1a: Amoonguss|Rage Powder|p1a: Amoonguss\n|-singleturn|p1a: Amoonguss|move: Rage Powder\n|move|p2b: Azumarill|Aqua Jet|p1a: Amoonguss\n|-resisted|p1a: Amoonguss\n|-damage|p1a: Amoonguss|0 fnt\n|faint|p1a: Amoonguss\n|move|p1b: Baxcalibur|Icicle Spear|p2b: Azumarill\n|-resisted|p2b: Azumarill\n|-damage|p2b: Azumarill|13\/100\n|-resisted|p2b: Azumarill\n|-damage|p2b: Azumarill|5\/100\n|-resisted|p2b: Azumarill\n|-damage|p2b: Azumarill|0 fnt\n|faint|p2b: Azumarill\n|-hitcount|p2: Azumarill|3\n|\n|win|gorilnx\n|raw|gorilnx's rating: 1277 → 1307<\/strong> (+30 for winning)\n|raw|il_turco03's rating: 1343 → 1319<\/strong> (-24 for losing)\n|l|\u2606il_turco03\n","uploadtime":1683293127,"views":10,"p1id":"gorilnx","p2id":"ilturco03","formatid":"gen9vgc2023regulationc","rating":1307,"private":0,"password":""}