{"id":"gen9vgc2023regulationc-1859903891","p1":"Ilpiuatteso","p2":"Fartskeegamespkmn","format":"[Gen 9] VGC 2023 Regulation C","log":"|j|\u2606Ilpiuatteso\n|j|\u2606Fartskeegamespkmn\n|t:|1683574375\n|gametype|doubles\n|player|p1|Ilpiuatteso|fisherman-gen4|1000\n|player|p2|Fartskeegamespkmn|266|1016\n|teamsize|p1|6\n|teamsize|p2|6\n|gen|9\n|tier|[Gen 9] VGC 2023 Regulation C\n|rated|\n|rule|Species Clause: Limit one of each Pok\u00e9mon\n|rule|Item Clause: Limit one of each item\n|clearpoke\n|poke|p1|Chien-Pao, L50|\n|poke|p1|Slither Wing, L50|\n|poke|p1|Zangoose, L50, M|\n|poke|p1|Avalugg, L50, M|\n|poke|p1|Glimmora, L50, F|\n|poke|p1|Murkrow, L50, F|\n|poke|p2|Annihilape, L50, M|\n|poke|p2|Ting-Lu, L50|\n|poke|p2|Raichu, L50, F|\n|poke|p2|Chien-Pao, L50|\n|poke|p2|Brute Bonnet, L50|\n|poke|p2|Dragapult, L50, F|\n|teampreview|4\n|inactive|Battle timer is ON: inactive players will automatically lose when time's up. (requested by Ilpiuatteso)\n|\n|t:|1683574407\n|start\n|switch|p1a: Murkrow|Murkrow, L50, F|100\/100\n|switch|p1b: Zangoose|Zangoose, L50, M, shiny|100\/100\n|switch|p2a: Annihilape|Annihilape, L50, M|100\/100\n|switch|p2b: Ting-Lu|Ting-Lu, L50|100\/100\n|-ability|p2b: Ting-Lu|Vessel of Ruin\n|turn|1\n|\n|t:|1683574431\n|move|p1b: Zangoose|Protect|p1b: Zangoose\n|-singleturn|p1b: Zangoose|Protect\n|move|p1a: Murkrow|Thunder Wave|p2a: Annihilape\n|-status|p2a: Annihilape|par\n|move|p2b: Ting-Lu|Fissure|p1b: Zangoose\n|-activate|p1b: Zangoose|move: Protect\n|move|p2a: Annihilape|Bulk Up|p2a: Annihilape\n|-boost|p2a: Annihilape|atk|1\n|-boost|p2a: Annihilape|def|1\n|\n|-status|p1b: Zangoose|tox|[from] item: Toxic Orb\n|upkeep\n|turn|2\n|inactive|Ilpiuatteso has 30 seconds left.\n|\n|t:|1683574460\n|move|p1a: Murkrow|Tailwind|p1a: Murkrow\n|-sidestart|p1: Ilpiuatteso|move: Tailwind\n|move|p1b: Zangoose|Close Combat|p2b: Ting-Lu\n|-supereffective|p2b: Ting-Lu\n|-damage|p2b: Ting-Lu|42\/100\n|-unboost|p1b: Zangoose|def|1\n|-unboost|p1b: Zangoose|spd|1\n|move|p2b: Ting-Lu|Fissure|p1b: Zangoose\n|-damage|p1b: Zangoose|0 fnt\n|faint|p1b: Zangoose\n|-ohko\n|move|p2a: Annihilape|Bulk Up|p2a: Annihilape\n|-boost|p2a: Annihilape|atk|1\n|-boost|p2a: Annihilape|def|1\n|\n|upkeep\n|\n|t:|1683574480\n|switch|p1b: Chien-Pao|Chien-Pao, L50|100\/100\n|-ability|p1b: Chien-Pao|Sword of Ruin\n|turn|3\n|\n|t:|1683574495\n|move|p1b: Chien-Pao|Sacred Sword|p2b: Ting-Lu\n|-supereffective|p2b: Ting-Lu\n|-crit|p2b: Ting-Lu\n|-damage|p2b: Ting-Lu|0 fnt\n|faint|p2b: Ting-Lu\n|move|p1a: Murkrow|Foul Play|p2a: Annihilape\n|-damage|p2a: Annihilape|38\/100 par\n|move|p2a: Annihilape|Close Combat|p1b: Chien-Pao\n|-supereffective|p1b: Chien-Pao\n|-enditem|p1b: Chien-Pao|Focus Sash\n|-damage|p1b: Chien-Pao|1\/100\n|-unboost|p2a: Annihilape|def|1\n|-unboost|p2a: Annihilape|spd|1\n|-damage|p2a: Annihilape|28\/100 par|[from] item: Life Orb\n|\n|upkeep\n|\n|t:|1683574499\n|switch|p2b: Brute Bonnet|Brute Bonnet, L50|100\/100\n|turn|4\n|\n|t:|1683574522\n|move|p1b: Chien-Pao|Ice Spinner|p2b: Brute Bonnet\n|-supereffective|p2b: Brute Bonnet\n|-damage|p2b: Brute Bonnet|14\/100\n|move|p1a: Murkrow|Foul Play|p2a: Annihilape\n|-damage|p2a: Annihilape|0 fnt\n|faint|p2a: Annihilape\n|move|p2b: Brute Bonnet|Trailblaze|p1b: Chien-Pao\n|-damage|p1b: Chien-Pao|0 fnt\n|-boost|p2b: Brute Bonnet|spe|1\n|faint|p1b: Chien-Pao\n|\n|-heal|p2b: Brute Bonnet|20\/100|[from] item: Leftovers\n|upkeep\n|\n|t:|1683574537\n|switch|p1b: Glimmora|Glimmora, L50, F|100\/100\n|switch|p2a: Chien-Pao|Chien-Pao, L50|100\/100\n|-ability|p2a: Chien-Pao|Sword of Ruin\n|turn|5\n|inactive|Ilpiuatteso has 30 seconds left.\n|\n|t:|1683574572\n|-terastallize|p2a: Chien-Pao|Ice\n|move|p1a: Murkrow|Thunder Wave|p2a: Chien-Pao\n|-status|p2a: Chien-Pao|par\n|move|p1b: Glimmora|Power Gem|p2a: Chien-Pao\n|-supereffective|p2a: Chien-Pao\n|-damage|p2a: Chien-Pao|0 fnt\n|faint|p2a: Chien-Pao\n|move|p2b: Brute Bonnet|Spore|p1b: Glimmora\n|-status|p1b: Glimmora|slp|[from] move: Spore\n|\n|-heal|p2b: Brute Bonnet|26\/100|[from] item: Leftovers\n|-sideend|p1: Ilpiuatteso|move: Tailwind\n|upkeep\n|turn|6\n|\n|t:|1683574595\n|cant|p1b: Glimmora|slp\n|move|p2b: Brute Bonnet|Trailblaze|p1b: Glimmora\n|-damage|p1b: Glimmora|79\/100 slp\n|-boost|p2b: Brute Bonnet|spe|1\n|-activate|p1b: Glimmora|ability: Toxic Debris\n|-sidestart|p2: Fartskeegamespkmn|move: Toxic Spikes\n|move|p1a: Murkrow|Foul Play|p2b: Brute Bonnet\n|-resisted|p2b: Brute Bonnet\n|-damage|p2b: Brute Bonnet|12\/100\n|\n|-heal|p2b: Brute Bonnet|18\/100|[from] item: Leftovers\n|upkeep\n|turn|7\n|\n|t:|1683574613\n|move|p1a: Murkrow|Thunder Wave|p2b: Brute Bonnet\n|-hint|Since gen 7, Dark is immune to Prankster moves.\n|-immune|p2b: Brute Bonnet\n|move|p2b: Brute Bonnet|Spore|p1a: Murkrow\n|-status|p1a: Murkrow|slp|[from] move: Spore\n|cant|p1b: Glimmora|slp\n|\n|-heal|p2b: Brute Bonnet|24\/100|[from] item: Leftovers\n|upkeep\n|turn|8\n|\n|t:|1683574628\n|move|p2b: Brute Bonnet|Seed Bomb|p1b: Glimmora\n|-damage|p1b: Glimmora|44\/100 slp\n|-activate|p1b: Glimmora|ability: Toxic Debris\n|-sidestart|p2: Fartskeegamespkmn|move: Toxic Spikes\n|-curestatus|p1b: Glimmora|slp|[msg]\n|move|p1b: Glimmora|Sludge Wave|p2b: Brute Bonnet|[spread] p1a,p2b\n|-supereffective|p2b: Brute Bonnet\n|-damage|p1a: Murkrow|57\/100 slp\n|-damage|p2b: Brute Bonnet|0 fnt\n|faint|p2b: Brute Bonnet\n|-end|p2b: Brute Bonnet|Protosynthesis|[silent]\n|\n|win|Ilpiuatteso\n|raw|Ilpiuatteso's rating: 1000 → 1042<\/strong> (+42 for winning)\n|raw|Fartskeegamespkmn's rating: 1016 → 1003<\/strong> (-13 for losing)\n|l|\u2606Fartskeegamespkmn\n","uploadtime":1683574767,"views":7,"p1id":"ilpiuatteso","p2id":"fartskeegamespkmn","formatid":"gen9vgc2023regulationc","rating":1003,"private":0,"password":""}