{"id":"gen9vgc2023regulationc-1846466067","p1":"flewis082","p2":"masterlight23","format":"[Gen 9] VGC 2023 Regulation C","log":"|j|\u2606flewis082\n|j|\u2606masterlight23\n|t:|1681843147\n|gametype|doubles\n|player|p1|flewis082|wallace|1186\n|player|p2|masterlight23|266|1189\n|teamsize|p1|6\n|teamsize|p2|6\n|gen|9\n|tier|[Gen 9] VGC 2023 Regulation C\n|rated|\n|rule|Species Clause: Limit one of each Pok\u00e9mon\n|rule|Item Clause: Limit one of each item\n|clearpoke\n|poke|p1|Chi-Yu, L50|\n|poke|p1|Dachsbun, L50, M|\n|poke|p1|Dragonite, L50, F|\n|poke|p1|Flutter Mane, L50|\n|poke|p1|Azumarill, L50, F|\n|poke|p1|Chien-Pao, L50|\n|poke|p2|Bellibolt, L50, M|\n|poke|p2|Oranguru, L50, M|\n|poke|p2|Meowscarada, L50, M|\n|poke|p2|Torkoal, L50, M|\n|poke|p2|Roaring Moon, L50|\n|poke|p2|Sylveon, L50, M|\n|teampreview|4\n|\n|t:|1681843173\n|start\n|switch|p1a: Chi-Yu|Chi-Yu, L50|100\/100\n|switch|p1b: Dachsbun|Dachsbun, L50, M|100\/100\n|switch|p2a: Oranguru|Oranguru, L50, M|100\/100\n|switch|p2b: Sylveon|Sylveon, L50, M, shiny|100\/100\n|-ability|p1a: Chi-Yu|Beads of Ruin\n|turn|1\n|inactive|Battle timer is ON: inactive players will automatically lose when time's up. (requested by masterlight23)\n|\n|t:|1681843190\n|move|p1a: Chi-Yu|Lava Plume|p2a: Oranguru|[spread] p2a,p2b\n|-ability|p1b: Dachsbun|Well-Baked Body|boost\n|-boost|p1b: Dachsbun|def|2\n|-damage|p2a: Oranguru|66\/100\n|-damage|p2b: Sylveon|69\/100\n|move|p1b: Dachsbun|Body Press|p2a: Oranguru\n|-damage|p2a: Oranguru|33\/100\n|move|p2b: Sylveon|Hyper Voice|p1b: Dachsbun|[spread] p1a,p1b\n|-damage|p1a: Chi-Yu|49\/100\n|-damage|p1b: Dachsbun|51\/100\n|-enditem|p2b: Sylveon|Throat Spray\n|-boost|p2b: Sylveon|spa|1|[from] item: Throat Spray\n|move|p2a: Oranguru|Instruct|p2b: Sylveon\n|-singleturn|p2b: Sylveon|move: Instruct|[of] p2a: Oranguru\n|move|p2b: Sylveon|Hyper Voice|p1b: Dachsbun|[spread] p1a,p1b\n|-damage|p1a: Chi-Yu|0 fnt\n|-damage|p1b: Dachsbun|0 fnt\n|faint|p1a: Chi-Yu\n|faint|p1b: Dachsbun\n|\n|upkeep\n|\n|t:|1681843210\n|switch|p1a: Flutter Mane|Flutter Mane, L50|100\/100\n|switch|p1b: Chien-Pao|Chien-Pao, L50|100\/100\n|-ability|p1b: Chien-Pao|Sword of Ruin\n|-enditem|p1a: Flutter Mane|Booster Energy\n|-activate|p1a: Flutter Mane|ability: Protosynthesis|[fromitem]\n|-start|p1a: Flutter Mane|protosynthesisspe\n|turn|2\n|inactive|flewis082 has 30 seconds left.\n|\n|t:|1681843235\n|move|p1a: Flutter Mane|Shadow Ball|p2b: Sylveon\n|-crit|p2b: Sylveon\n|-damage|p2b: Sylveon|20\/100\n|move|p1b: Chien-Pao|Ice Spinner|p2b: Sylveon\n|-damage|p2b: Sylveon|0 fnt\n|faint|p2b: Sylveon\n|move|p2a: Oranguru|Trick Room|p2a: Oranguru\n|-fieldstart|move: Trick Room|[of] p2a: Oranguru\n|\n|upkeep\n|\n|t:|1681843243\n|switch|p2b: Bellibolt|Bellibolt, L50, M, shiny|100\/100\n|turn|3\n|\n|t:|1681843250\n|move|p1b: Chien-Pao|Protect|p1b: Chien-Pao\n|-singleturn|p1b: Chien-Pao|Protect\n|move|p1a: Flutter Mane|Protect|p1a: Flutter Mane\n|-singleturn|p1a: Flutter Mane|Protect\n|move|p2b: Bellibolt|Discharge|p1a: Flutter Mane|[spread] \n|-activate|p1a: Flutter Mane|move: Protect\n|-activate|p1b: Chien-Pao|move: Protect\n|-activate|p2a: Oranguru|ability: Telepathy\n|move|p2a: Oranguru|Instruct|p2b: Bellibolt\n|-singleturn|p2b: Bellibolt|move: Instruct|[of] p2a: Oranguru\n|move|p2b: Bellibolt|Discharge|p1b: Chien-Pao|[spread] \n|-activate|p1a: Flutter Mane|move: Protect\n|-activate|p1b: Chien-Pao|move: Protect\n|-activate|p2a: Oranguru|ability: Telepathy\n|\n|upkeep\n|turn|4\n|inactive|flewis082 has 30 seconds left.\n|\n|t:|1681843276\n|move|p2b: Bellibolt|Discharge|p1a: Flutter Mane|[spread] p1a,p1b\n|-activate|p2a: Oranguru|ability: Telepathy\n|-damage|p1a: Flutter Mane|72\/100\n|-damage|p1b: Chien-Pao|58\/100\n|-status|p1a: Flutter Mane|par\n|-status|p1b: Chien-Pao|par\n|move|p2a: Oranguru|Instruct|p2b: Bellibolt\n|-singleturn|p2b: Bellibolt|move: Instruct|[of] p2a: Oranguru\n|move|p2b: Bellibolt|Discharge|p1a: Flutter Mane|[spread] p1a,p1b\n|-activate|p2a: Oranguru|ability: Telepathy\n|-damage|p1a: Flutter Mane|42\/100 par\n|-damage|p1b: Chien-Pao|11\/100 par\n|move|p1b: Chien-Pao|Ice Spinner|p2b: Bellibolt\n|-damage|p2b: Bellibolt|56\/100\n|-start|p2b: Bellibolt|Charge|Ice Spinner|[from] ability: Electromorphosis\n|move|p1a: Flutter Mane|Shadow Ball|p2b: Bellibolt\n|-damage|p2b: Bellibolt|27\/100\n|-start|p2b: Bellibolt|Charge|Shadow Ball|[from] ability: Electromorphosis\n|\n|upkeep\n|turn|5\n|inactive|flewis082 has 30 seconds left.\n|inactive|masterlight23 has 30 seconds left.\n|\n|t:|1681843307\n|move|p1b: Chien-Pao|Sucker Punch|p2b: Bellibolt\n|-damage|p2b: Bellibolt|0 fnt\n|faint|p2b: Bellibolt\n|move|p2a: Oranguru|Psychic|p1a: Flutter Mane\n|-damage|p1a: Flutter Mane|13\/100 par\n|cant|p1a: Flutter Mane|par\n|\n|upkeep\n|\n|t:|1681843315\n|switch|p2b: Roaring Moon|Roaring Moon, L50|100\/100\n|-enditem|p2b: Roaring Moon|Booster Energy\n|-activate|p2b: Roaring Moon|ability: Protosynthesis|[fromitem]\n|-start|p2b: Roaring Moon|protosynthesisatk\n|turn|6\n|\n|t:|1681843323\n|move|p1b: Chien-Pao|Protect|p1b: Chien-Pao\n|-singleturn|p1b: Chien-Pao|Protect\n|move|p1a: Flutter Mane|Protect|p1a: Flutter Mane\n|-singleturn|p1a: Flutter Mane|Protect\n|move|p2a: Oranguru|Psychic|p1a: Flutter Mane\n|-activate|p1a: Flutter Mane|move: Protect\n|move|p2b: Roaring Moon|Throat Chop|p1b: Chien-Pao\n|-activate|p1b: Chien-Pao|move: Protect\n|\n|-fieldend|move: Trick Room\n|upkeep\n|turn|7\n|\n|t:|1681843340\n|-terastallize|p2b: Roaring Moon|Bug\n|move|p2b: Roaring Moon|Throat Chop|p1a: Flutter Mane\n|-damage|p1a: Flutter Mane|0 fnt\n|faint|p1a: Flutter Mane\n|-end|p1a: Flutter Mane|Protosynthesis|[silent]\n|move|p1b: Chien-Pao|Ice Spinner|p2b: Roaring Moon\n|-damage|p2b: Roaring Moon|36\/100\n|move|p2a: Oranguru|Psychic|p1b: Chien-Pao\n|-immune|p1b: Chien-Pao\n|\n|upkeep\n|turn|8\n|c|\u2606flewis082|TERA BUG MOON OP\n|\n|t:|1681843361\n|move|p1b: Chien-Pao|Sucker Punch|p2b: Roaring Moon\n|-damage|p2b: Roaring Moon|0 fnt\n|faint|p2b: Roaring Moon\n|-end|p2b: Roaring Moon|Protosynthesis|[silent]\n|move|p2a: Oranguru|Instruct|p2: Roaring Moon|[notarget]\n|-fail|p2a: Oranguru\n|\n|upkeep\n|turn|9\n|-message|masterlight23 forfeited.\n|\n|win|flewis082\n|raw|flewis082's rating: 1186 → 1211<\/strong> (+25 for winning)\n|raw|masterlight23's rating: 1189 → 1164<\/strong> (-25 for losing)\n|l|\u2606masterlight23\n","uploadtime":1681843389,"views":9,"p1id":"flewis082","p2id":"masterlight23","formatid":"gen9vgc2023regulationc","rating":1164,"private":0,"password":""}