{"id":"gen9vgc2023regulationc-1863297368","p1":"Fabrong8","p2":"revocolombia","format":"[Gen 9] VGC 2023 Regulation C","log":"|j|\u2606Fabrong8\n|j|\u2606revocolombia\n|t:|1683999342\n|gametype|doubles\n|player|p1|Fabrong8|pokemonranger|1133\n|player|p2|revocolombia|pokemonranger-gen4|1188\n|teamsize|p1|6\n|teamsize|p2|6\n|gen|9\n|tier|[Gen 9] VGC 2023 Regulation C\n|rated|\n|rule|Species Clause: Limit one of each Pok\u00e9mon\n|rule|Item Clause: Limit one of each item\n|clearpoke\n|poke|p1|Squawkabilly, L50, M|\n|poke|p1|Arcanine, L50, F|\n|poke|p1|Krookodile, L50, F|\n|poke|p1|Tauros-Paldea-Blaze, L50, M|\n|poke|p1|Amoonguss, L50, M|\n|poke|p1|Sableye, L50, M|\n|poke|p2|Flutter Mane, L50|\n|poke|p2|Annihilape, L50, M|\n|poke|p2|Dragonite, L50, M|\n|poke|p2|Chien-Pao, L50|\n|poke|p2|Murkrow, L50, F|\n|poke|p2|Gholdengo, L50|\n|teampreview|4\n|inactive|Battle timer is ON: inactive players will automatically lose when time's up. (requested by Fabrong8)\n|\n|t:|1683999369\n|start\n|switch|p1a: Arcanine|Arcanine, L50, F|100\/100\n|switch|p1b: Sableye|Sableye, L50, M|100\/100\n|switch|p2a: Annihilape|Annihilape, L50, M|100\/100\n|switch|p2b: Murkrow|Murkrow, L50, F|100\/100\n|-ability|p1a: Arcanine|Intimidate|boost\n|-unboost|p2a: Annihilape|atk|1\n|-ability|p2a: Annihilape|Defiant|boost\n|-boost|p2a: Annihilape|atk|2\n|-unboost|p2b: Murkrow|atk|1\n|turn|1\n|inactive|revocolombia has 30 seconds left.\n|\n|t:|1683999400\n|-terastallize|p2a: Annihilape|Fire\n|move|p1b: Sableye|Thunder Wave|p2a: Annihilape|[miss]\n|-miss|p1b: Sableye|p2a: Annihilape\n|move|p1a: Arcanine|Play Rough|p2a: Annihilape\n|-resisted|p2a: Annihilape\n|-crit|p2a: Annihilape\n|-damage|p2a: Annihilape|80\/100\n|move|p2a: Annihilape|Bulk Up|p2a: Annihilape\n|-boost|p2a: Annihilape|atk|1\n|-boost|p2a: Annihilape|def|1\n|move|p2b: Murkrow|Foul Play|p1b: Sableye\n|-damage|p1b: Sableye|79\/100\n|\n|-heal|p2a: Annihilape|86\/100|[from] item: Leftovers\n|upkeep\n|turn|2\n|inactive|revocolombia has 30 seconds left.\n|\n|t:|1683999427\n|move|p2b: Murkrow|Tailwind|p2b: Murkrow\n|-sidestart|p2: revocolombia|move: Tailwind\n|move|p1b: Sableye|Trick|p2a: Annihilape\n|-activate|p1b: Sableye|move: Trick|[of] p2a: Annihilape\n|-item|p2a: Annihilape|Lagging Tail|[from] move: Trick\n|-item|p1b: Sableye|Leftovers|[from] move: Trick\n|move|p2a: Annihilape|Rage Fist|p1b: Sableye\n|-damage|p1b: Sableye|0 fnt\n|faint|p1b: Sableye\n|move|p1a: Arcanine|Snarl|p2b: Murkrow|[spread] p2a,p2b\n|-crit|p2a: Annihilape\n|-resisted|p2b: Murkrow\n|-damage|p2a: Annihilape|75\/100\n|-damage|p2b: Murkrow|96\/100\n|-unboost|p2a: Annihilape|spa|1\n|-ability|p2a: Annihilape|Defiant|boost\n|-boost|p2a: Annihilape|atk|2\n|-unboost|p2b: Murkrow|spa|1\n|\n|upkeep\n|\n|t:|1683999443\n|switch|p1b: Amoonguss|Amoonguss, L50, M|100\/100\n|turn|3\n|\n|t:|1683999460\n|move|p2b: Murkrow|Foul Play|p1a: Arcanine\n|-damage|p1a: Arcanine|50\/100\n|move|p1a: Arcanine|Play Rough|p2a: Annihilape|[miss]\n|-miss|p1a: Arcanine|p2a: Annihilape\n|move|p1b: Amoonguss|Spore|p2a: Annihilape\n|-status|p2a: Annihilape|slp|[from] move: Spore\n|cant|p2a: Annihilape|slp\n|\n|-heal|p1a: Arcanine|56\/100|[from] item: Leftovers\n|upkeep\n|turn|4\n|inactive|revocolombia has 30 seconds left.\n|inactive|revocolombia has 20 seconds left.\n|\n|t:|1683999499\n|move|p2b: Murkrow|Foul Play|p1a: Arcanine\n|-damage|p1a: Arcanine|0 fnt\n|faint|p1a: Arcanine\n|move|p1b: Amoonguss|Clear Smog|p2a: Annihilape\n|-damage|p2a: Annihilape|58\/100 slp\n|-clearboost|p2a: Annihilape\n|cant|p2a: Annihilape|slp\n|\n|upkeep\n|\n|t:|1683999513\n|switch|p1a: Tauros|Tauros-Paldea-Blaze, L50, M|100\/100\n|-ability|p1a: Tauros|Intimidate|boost\n|-unboost|p2a: Annihilape|atk|1\n|-ability|p2a: Annihilape|Defiant|boost\n|-boost|p2a: Annihilape|atk|2\n|-unboost|p2b: Murkrow|atk|1\n|turn|5\n|\n|t:|1683999538\n|move|p1b: Amoonguss|Rage Powder|p1b: Amoonguss\n|-singleturn|p1b: Amoonguss|move: Rage Powder\n|move|p2b: Murkrow|Taunt|p1b: Amoonguss\n|-start|p1b: Amoonguss|move: Taunt\n|move|p1a: Tauros|Raging Bull|p2b: Murkrow\n|-damage|p2b: Murkrow|24\/100\n|-curestatus|p2a: Annihilape|slp|[msg]\n|move|p2a: Annihilape|Rage Fist|p1b: Amoonguss\n|-damage|p1b: Amoonguss|0 fnt\n|-damage|p2a: Annihilape|41\/100|[from] item: Rocky Helmet|[of] p1b: Amoonguss\n|-status|p2a: Annihilape|slp|[from] ability: Effect Spore|[of] p1b: Amoonguss\n|faint|p1b: Amoonguss\n|\n|-sideend|p2: revocolombia|move: Tailwind\n|upkeep\n|turn|6\n|\n|t:|1683999561\n|move|p2b: Murkrow|Tailwind|p2b: Murkrow\n|-sidestart|p2: revocolombia|move: Tailwind\n|move|p1a: Tauros|Raging Bull|p2b: Murkrow\n|-damage|p2b: Murkrow|0 fnt\n|faint|p2b: Murkrow\n|cant|p2a: Annihilape|slp\n|\n|upkeep\n|\n|t:|1683999577\n|switch|p2b: Flutter Mane|Flutter Mane, L50|100\/100\n|-enditem|p2b: Flutter Mane|Booster Energy\n|-activate|p2b: Flutter Mane|ability: Protosynthesis|[fromitem]\n|-start|p2b: Flutter Mane|protosynthesisspe\n|turn|7\n|\n|t:|1683999586\n|move|p2b: Flutter Mane|Dazzling Gleam|p1a: Tauros\n|-damage|p1a: Tauros|38\/100\n|move|p1a: Tauros|Raging Bull|p2b: Flutter Mane\n|-damage|p2b: Flutter Mane|0 fnt\n|faint|p2b: Flutter Mane\n|-end|p2b: Flutter Mane|Protosynthesis|[silent]\n|cant|p2a: Annihilape|slp\n|\n|upkeep\n|\n|t:|1683999595\n|switch|p2b: Chien-Pao|Chien-Pao, L50|100\/100\n|-ability|p2b: Chien-Pao|Sword of Ruin\n|turn|8\n|\n|t:|1683999607\n|move|p2b: Chien-Pao|Sacred Sword|p1a: Tauros\n|-damage|p1a: Tauros|0 fnt\n|faint|p1a: Tauros\n|\n|win|revocolombia\n|raw|Fabrong8's rating: 1133 → 1112<\/strong> (-21 for losing)\n|raw|revocolombia's rating: 1188 → 1209<\/strong> (+21 for winning)\n|c|\u2606Fabrong8|gg\n|l|\u2606Fabrong8\n","uploadtime":1683999617,"views":2,"p1id":"fabrong8","p2id":"revocolombia","formatid":"gen9vgc2023regulationc","rating":1112,"private":0,"password":""}