{"id":"gen9vgc2023regulationc-1849727685","p1":"We_Love_The_Gong","p2":"Gozie Mas","format":"[Gen 9] VGC 2023 Regulation C","log":"|j|\u2606We_Love_The_Gong\n|j|\u2606Gozie Mas\n|t:|1682240595\n|gametype|doubles\n|player|p1|We_Love_The_Gong|fantina|\n|player|p2|Gozie Mas|ninjaboy|\n|teamsize|p1|6\n|teamsize|p2|6\n|gen|9\n|tier|[Gen 9] VGC 2023 Regulation C\n|rated|Tournament battle\n|rule|Species Clause: Limit one of each Pok\u00e9mon\n|rule|Item Clause: Limit one of each item\n|clearpoke\n|poke|p1|Gholdengo, L50|\n|poke|p1|Arcanine, L50, M|\n|poke|p1|Ting-Lu, L50|\n|poke|p1|Amoonguss, L50, M|\n|poke|p1|Scream Tail, L50|\n|poke|p1|Gyarados, L50, M|\n|poke|p2|Dragonite, L50, F|\n|poke|p2|Scream Tail, L50|\n|poke|p2|Tauros-Paldea-Blaze, L50, M|\n|poke|p2|Palafin, L50, F|\n|poke|p2|Ting-Lu, L50|\n|poke|p2|Amoonguss, L50, F|\n|teampreview|4\n|raw| Open Team Sheet for We_Love_The_Gong<\/summary>Gholdengo @ Leftovers Ability: Good as Gold Level: 50 Tera Type: Water - Make It Rain - Shadow Ball - Nasty Plot - Protect Arcanine @ Safety Goggles Ability: Intimidate Level: 50 Tera Type: Grass - Flare Blitz - Will-O-Wisp - Extreme Speed - Protect Ting-Lu @ Assault Vest Ability: Vessel of Ruin Level: 50 Tera Type: Grass - Heavy Slam - Ruination - Rock Slide - Stomping Tantrum Amoonguss @ Sitrus Berry Ability: Regenerator Level: 50 Tera Type: Water - Pollen Puff - Rage Powder - Spore - Protect Scream Tail @ Booster Energy Ability: Protosynthesis Level: 50 Tera Type: Steel - Play Rough - Light Screen - Thunder Wave - Protect Gyarados @ Lum Berry Ability: Intimidate Level: 50 Tera Type: Steel - Waterfall - Thunder Wave - Taunt - Icy Wind <\/details><\/div> Open Team Sheet for Gozie Mas<\/summary>Minecraft fan (Dragonite) @ Lum Berry Ability: Inner Focus Level: 50 Tera Type: Poison - Dragon Claw - Tera Blast - Extreme Speed - Tailwind Scream Tail @ Booster Energy Ability: Protosynthesis Level: 50 Tera Type: Fairy - Protect - Play Rough - Disable - Howl Tauros (Tauros-Paldea-Blaze) (M) @ Safety Goggles Ability: Intimidate Level: 50 Tera Type: Water - Protect - Close Combat - Flare Blitz - Will-O-Wisp Palafin @ Clear Amulet Ability: Zero to Hero Level: 50 Tera Type: Water - Protect - Jet Punch - Wave Crash - Substitute Ting-Lu @ Weakness Policy Ability: Vessel of Ruin Level: 50 Tera Type: Fire - Protect - Earthquake - Heavy Slam - Throat Chop Amoonguss @ Sitrus Berry Ability: Regenerator Level: 50 Tera Type: Water - Protect - Spore - Rage Powder - Pollen Puff <\/details><\/div>\n|j| jotiba np\n|c|\u2606We_Love_The_Gong|glhf\n|c|\u2606Gozie Mas|glhf\n|j| lilpup800\n|l| lilpup800\n|\n|t:|1682240665\n|start\n|switch|p1a: Gholdengo|Gholdengo, L50|100\/100\n|switch|p1b: Gyarados|Gyarados, L50, M|100\/100\n|switch|p2a: Minecraft fan|Dragonite, L50, F|100\/100\n|switch|p2b: Palafin|Palafin, L50, F|100\/100\n|-ability|p1b: Gyarados|Intimidate|boost\n|-fail|p2a: Minecraft fan|unboost|Attack|[from] ability: Inner Focus|[of] p2a: Minecraft fan\n|-fail|p2b: Palafin|unboost|[from] item: Clear Amulet|[of] p2b: Palafin\n|turn|1\n|j| Snowmuse\n|inactive|Battle timer is ON: inactive players will automatically lose when time's up. (requested by We_Love_The_Gong)\n|\n|t:|1682240725\n|detailschange|p2b: Palafin|Palafin-Hero, L50, F\n|switch|p2b: Ting-Lu|Ting-Lu, L50|100\/100\n|-ability|p2b: Ting-Lu|Vessel of Ruin\n|move|p1a: Gholdengo|Nasty Plot|p1a: Gholdengo\n|-boost|p1a: Gholdengo|spa|2\n|move|p2a: Minecraft fan|Dragon Claw|p1b: Gyarados\n|-damage|p1b: Gyarados|55\/100\n|move|p1b: Gyarados|Icy Wind|p2b: Ting-Lu|[spread] p2a,p2b\n|-supereffective|p2a: Minecraft fan\n|-supereffective|p2b: Ting-Lu\n|-damage|p2a: Minecraft fan|83\/100\n|-damage|p2b: Ting-Lu|94\/100\n|-unboost|p2a: Minecraft fan|spe|1\n|-unboost|p2b: Ting-Lu|spe|1\n|-enditem|p2b: Ting-Lu|Weakness Policy\n|-boost|p2b: Ting-Lu|atk|2|[from] item: Weakness Policy\n|-boost|p2b: Ting-Lu|spa|2|[from] item: Weakness Policy\n|\n|upkeep\n|turn|2\n|inactive|We_Love_The_Gong has 30 seconds left.\n|inactive|Gozie Mas has 30 seconds left.\n|inactive|We_Love_The_Gong has 20 seconds left.\n|inactive|Gozie Mas has 20 seconds left.\n|\n|t:|1682240763\n|-terastallize|p1a: Gholdengo|Water\n|move|p2b: Ting-Lu|Protect|p2b: Ting-Lu\n|-singleturn|p2b: Ting-Lu|Protect\n|move|p1a: Gholdengo|Make It Rain|p2a: Minecraft fan|[spread] p2a\n|-activate|p2b: Ting-Lu|move: Protect\n|-damage|p2a: Minecraft fan|10\/100\n|-unboost|p1a: Gholdengo|spa|1\n|move|p1b: Gyarados|Waterfall|p2b: Ting-Lu\n|-activate|p2b: Ting-Lu|move: Protect\n|move|p2a: Minecraft fan|Tailwind|p2a: Minecraft fan\n|-sidestart|p2: Gozie Mas|move: Tailwind\n|\n|upkeep\n|turn|3\n|inactive|Gozie Mas has 30 seconds left.\n|inactive|Gozie Mas has 20 seconds left.\n|inactive|Gozie Mas has 15 seconds left.\n|inactive|Gozie Mas has 10 seconds left.\n|inactive|Gozie Mas has 5 seconds left.\n|\n|t:|1682240816\n|switch|p1b: Arcanine|Arcanine, L50, M|100\/100\n|-ability|p1b: Arcanine|Intimidate|boost\n|-fail|p2a: Minecraft fan|unboost|Attack|[from] ability: Inner Focus|[of] p2a: Minecraft fan\n|-unboost|p2b: Ting-Lu|atk|1\n|move|p2a: Minecraft fan|Dragon Claw|p1a: Gholdengo\n|-damage|p1a: Gholdengo|54\/100\n|move|p1a: Gholdengo|Make It Rain|p2a: Minecraft fan|[spread] p2a,p2b\n|-damage|p2a: Minecraft fan|0 fnt\n|-damage|p2b: Ting-Lu|47\/100\n|-unboost|p1a: Gholdengo|spa|1\n|faint|p2a: Minecraft fan\n|move|p2b: Ting-Lu|Throat Chop|p1b: Arcanine\n|-damage|p1b: Arcanine|54\/100\n|-start|p1b: Arcanine|Throat Chop|[silent]\n|\n|-heal|p1a: Gholdengo|60\/100|[from] item: Leftovers\n|upkeep\n|inactive|Gozie Mas has 30 seconds left.\n|\n|t:|1682240842\n|switch|p2a: Palafin|Palafin-Hero, L50, F|100\/100\n|-activate|p2a: Palafin|ability: Zero to Hero\n|turn|4\n|\n|t:|1682240864\n|switch|p1b: Gyarados|Gyarados, L50, M|55\/100\n|-ability|p1b: Gyarados|Intimidate|boost\n|-fail|p2a: Palafin|unboost|[from] item: Clear Amulet|[of] p2a: Palafin\n|-unboost|p2b: Ting-Lu|atk|1\n|-terastallize|p2b: Ting-Lu|Fire\n|move|p2a: Palafin|Substitute|p2a: Palafin\n|-start|p2a: Palafin|Substitute\n|-damage|p2a: Palafin|76\/100\n|move|p1a: Gholdengo|Make It Rain|p2b: Ting-Lu|[spread] p2a,p2b\n|-resisted|p2a: Palafin\n|-activate|p2a: Palafin|move: Substitute|[damage]\n|-resisted|p2b: Ting-Lu\n|-damage|p2b: Ting-Lu|31\/100\n|-unboost|p1a: Gholdengo|spa|1\n|move|p2b: Ting-Lu|Throat Chop|p1a: Gholdengo\n|-damage|p1a: Gholdengo|25\/100\n|-start|p1a: Gholdengo|Throat Chop|[silent]\n|\n|-heal|p1a: Gholdengo|31\/100|[from] item: Leftovers\n|upkeep\n|turn|5\n|inactive|Gozie Mas has 30 seconds left.\n|\n|t:|1682240893\n|switch|p1a: Arcanine|Arcanine, L50, M|54\/100\n|-ability|p1a: Arcanine|Intimidate|boost\n|-immune|p2a: Palafin\n|-unboost|p2b: Ting-Lu|atk|1\n|move|p2a: Palafin|Wave Crash|p1a: Arcanine\n|-supereffective|p1a: Arcanine\n|-damage|p1a: Arcanine|0 fnt\n|faint|p1a: Arcanine\n|-damage|p2a: Palafin|59\/100|[from] Recoil\n|move|p2b: Ting-Lu|Throat Chop|p1b: Gyarados\n|-damage|p1b: Gyarados|30\/100\n|-start|p1b: Gyarados|Throat Chop|[silent]\n|move|p1b: Gyarados|Waterfall|p2b: Ting-Lu\n|-supereffective|p2b: Ting-Lu\n|-damage|p2b: Ting-Lu|0 fnt\n|faint|p2b: Ting-Lu\n|\n|-sideend|p2: Gozie Mas|move: Tailwind\n|upkeep\n|inactive|We_Love_The_Gong has 30 seconds left.\n|inactive|We_Love_The_Gong has 20 seconds left.\n|inactive|We_Love_The_Gong has 15 seconds left.\n|inactive|We_Love_The_Gong has 10 seconds left.\n|inactive|We_Love_The_Gong has 5 seconds left.\n|\n|t:|1682240948\n|switch|p1a: Gholdengo|Gholdengo, L50, tera:Water|31\/100\n|switch|p2b: Scream Tail|Scream Tail, L50|100\/100\n|-enditem|p2b: Scream Tail|Booster Energy\n|-activate|p2b: Scream Tail|ability: Protosynthesis|[fromitem]\n|-start|p2b: Scream Tail|protosynthesisspe\n|turn|6\n|\n|t:|1682240960\n|move|p1a: Gholdengo|Protect|p1a: Gholdengo\n|-singleturn|p1a: Gholdengo|Protect\n|move|p2b: Scream Tail|Disable|p1b: Gyarados\n|-start|p1b: Gyarados|Disable|Waterfall\n|move|p2a: Palafin|Wave Crash|p1a: Gholdengo\n|-activate|p1a: Gholdengo|move: Protect\n|move|p1b: Gyarados|Icy Wind|p2b: Scream Tail|[spread] p2a,p2b\n|-resisted|p2a: Palafin\n|-activate|p2a: Palafin|move: Substitute|[damage]\n|-damage|p2b: Scream Tail|96\/100\n|-unboost|p2b: Scream Tail|spe|1\n|\n|-heal|p1a: Gholdengo|38\/100|[from] item: Leftovers\n|-end|p1b: Gyarados|Throat Chop|[silent]\n|upkeep\n|turn|7\n|l| jotiba np\n|\n|t:|1682240984\n|move|p2b: Scream Tail|Play Rough|p1b: Gyarados\n|-damage|p1b: Gyarados|3\/100\n|move|p1a: Gholdengo|Make It Rain|p2b: Scream Tail|[spread] p2a,p2b\n|-resisted|p2a: Palafin\n|-end|p2a: Palafin|Substitute\n|-supereffective|p2b: Scream Tail\n|-damage|p2b: Scream Tail|33\/100\n|-unboost|p1a: Gholdengo|spa|1\n|move|p2a: Palafin|Wave Crash|p1a: Gholdengo\n|-resisted|p1a: Gholdengo\n|-damage|p1a: Gholdengo|2\/100\n|-damage|p2a: Palafin|49\/100|[from] Recoil\n|move|p1b: Gyarados|Icy Wind|p2a: Palafin|[spread] p2a,p2b\n|-resisted|p2a: Palafin\n|-damage|p2a: Palafin|46\/100\n|-damage|p2b: Scream Tail|29\/100\n|-unboost|p2b: Scream Tail|spe|1\n|\n|-heal|p1a: Gholdengo|8\/100|[from] item: Leftovers\n|upkeep\n|turn|8\n|l| Snowmuse\n|\n|t:|1682241006\n|switch|p1b: Ting-Lu|Ting-Lu, L50|100\/100\n|-ability|p1b: Ting-Lu|Vessel of Ruin\n|move|p2a: Palafin|Jet Punch|p1a: Gholdengo\n|-resisted|p1a: Gholdengo\n|-crit|p1a: Gholdengo\n|-damage|p1a: Gholdengo|0 fnt\n|faint|p1a: Gholdengo\n|move|p2b: Scream Tail|Play Rough|p1b: Ting-Lu\n|-supereffective|p1b: Ting-Lu\n|-damage|p1b: Ting-Lu|73\/100\n|\n|upkeep\n|j| Snowmuse\n|\n|t:|1682241008\n|switch|p1a: Gyarados|Gyarados, L50, M|3\/100\n|-ability|p1a: Gyarados|Intimidate|boost\n|-fail|p2a: Palafin|unboost|[from] item: Clear Amulet|[of] p2a: Palafin\n|-unboost|p2b: Scream Tail|atk|1\n|turn|9\n|l| Snowmuse\n|inactive|We_Love_The_Gong has 30 seconds left.\n|\n|t:|1682241033\n|move|p2a: Palafin|Protect|p2a: Palafin\n|-singleturn|p2a: Palafin|Protect\n|move|p2b: Scream Tail|Protect|p2b: Scream Tail\n|-singleturn|p2b: Scream Tail|Protect\n|move|p1a: Gyarados|Waterfall|p2a: Palafin\n|-activate|p2a: Palafin|move: Protect\n|move|p1b: Ting-Lu|Stomping Tantrum|p2a: Palafin\n|-activate|p2a: Palafin|move: Protect\n|\n|upkeep\n|turn|10\n|\n|t:|1682241053\n|move|p2a: Palafin|Wave Crash|p1b: Ting-Lu\n|-supereffective|p1b: Ting-Lu\n|-damage|p1b: Ting-Lu|0 fnt\n|faint|p1b: Ting-Lu\n|-damage|p2a: Palafin|19\/100|[from] Recoil\n|move|p2b: Scream Tail|Play Rough|p1a: Gyarados\n|-damage|p1a: Gyarados|0 fnt\n|faint|p1a: Gyarados\n|\n|win|Gozie Mas\n|n|\u2606We_Love_The_Gong|welovethegong\n|n|\u2606Gozie Mas|goziemas\n","uploadtime":1682241055,"views":12,"p1id":"welovethegong","p2id":"goziemas","formatid":"gen9vgc2023regulationc","rating":0,"private":0,"password":""}