{"id":"gen9vgc2023regulationc-1851150468","p1":"DooT241","p2":"Tipo Shitstorm","format":"[Gen 9] VGC 2023 Regulation C","log":"|j|\u2606DooT241\n|j|\u2606Tipo Shitstorm\n|t:|1682417419\n|gametype|doubles\n|player|p1|DooT241|cynthia|1201\n|player|p2|Tipo Shitstorm|teamrocket|1287\n|teamsize|p1|6\n|teamsize|p2|6\n|gen|9\n|tier|[Gen 9] VGC 2023 Regulation C\n|rated|\n|rule|Species Clause: Limit one of each Pok\u00e9mon\n|rule|Item Clause: Limit one of each item\n|clearpoke\n|poke|p1|Ting-Lu, L50|\n|poke|p1|Flutter Mane, L50|\n|poke|p1|Iron Hands, L50|\n|poke|p1|Brute Bonnet, L50|\n|poke|p1|Grimmsnarl, L50, M|\n|poke|p1|Gyarados, L50, M|\n|poke|p2|Garchomp, L50, F|\n|poke|p2|Tyranitar, L50, F|\n|poke|p2|Orthworm, L50, M|\n|poke|p2|Talonflame, L50, F|\n|poke|p2|Gastrodon-East, L50, M|\n|poke|p2|Klefki, L50, F|\n|teampreview|4\n|inactive|Battle timer is ON: inactive players will automatically lose when time's up. (requested by Tipo Shitstorm)\nTipo Shitstorm rejected open team sheets.\n|c|\u2606Tipo Shitstorm|glhf\n|inactive|DooT241 has 60 seconds left.\n|\n|t:|1682417460\n|start\n|switch|p1a: Iron Hands|Iron Hands, L50|100\/100\n|switch|p1b: Gyarados|Gyarados, L50, M|100\/100\n|switch|p2a: Klefki|Klefki, L50, F|100\/100\n|switch|p2b: Talonflame|Talonflame, L50, F|100\/100\n|-ability|p1b: Gyarados|Intimidate|boost\n|-unboost|p2a: Klefki|atk|1\n|-unboost|p2b: Talonflame|atk|1\n|turn|1\n|c|\u2606DooT241|g;hf\n|inactive|Tipo Shitstorm has 30 seconds left.\n|inactive|Tipo Shitstorm has 20 seconds left.\n|inactive|Tipo Shitstorm has 15 seconds left.\n|inactive|Tipo Shitstorm has 10 seconds left.\n|inactive|Tipo Shitstorm has 5 seconds left.\n|\n|t:|1682417515\n|move|p1a: Iron Hands|Fake Out|p2b: Talonflame\n|-damage|p2b: Talonflame|76\/100\n|move|p2a: Klefki|Reflect|p2a: Klefki\n|-sidestart|p2: Tipo Shitstorm|Reflect\n|move|p2b: Talonflame|Tailwind|p2b: Talonflame\n|-sidestart|p2: Tipo Shitstorm|move: Tailwind\n|move|p1b: Gyarados|Waterfall|p2b: Talonflame\n|-supereffective|p2b: Talonflame\n|-damage|p2b: Talonflame|0 fnt\n|faint|p2b: Talonflame\n|\n|upkeep\n|c|\u2606DooT241|covert cloak\n|c|\u2606DooT241|nice\n|\n|t:|1682417527\n|switch|p2b: Orthworm|Orthworm, L50, M|100\/100\n|turn|2\n|\n|t:|1682417537\n|move|p2a: Klefki|Thunder Wave|p1b: Gyarados\n|-status|p1b: Gyarados|par\n|move|p2b: Orthworm|Iron Defense|p2b: Orthworm\n|-boost|p2b: Orthworm|def|2\n|move|p1a: Iron Hands|Volt Switch|p2a: Klefki\n|-damage|p2a: Klefki|83\/100\n|\n|t:|1682417545\n|-end|p1a: Iron Hands|Quark Drive|[silent]\n|switch|p1a: Flutter Mane|Flutter Mane, L50|100\/100|[from] Volt Switch\n|move|p1b: Gyarados|Dragon Dance|p1b: Gyarados\n|-boost|p1b: Gyarados|atk|1\n|-boost|p1b: Gyarados|spe|1\n|\n|upkeep\n|turn|3\n|\n|t:|1682417555\n|move|p2a: Klefki|Thunder Wave|p1a: Flutter Mane\n|-status|p1a: Flutter Mane|par\n|move|p2b: Orthworm|Iron Defense|p2b: Orthworm\n|-boost|p2b: Orthworm|def|2\n|cant|p1a: Flutter Mane|par\n|move|p1b: Gyarados|Dragon Dance|p1b: Gyarados\n|-boost|p1b: Gyarados|atk|1\n|-boost|p1b: Gyarados|spe|1\n|\n|upkeep\n|turn|4\n|\n|t:|1682417570\n|move|p2a: Klefki|Light Screen|p2a: Klefki\n|-sidestart|p2: Tipo Shitstorm|move: Light Screen\n|move|p2b: Orthworm|Iron Head|p1a: Flutter Mane\n|-supereffective|p1a: Flutter Mane\n|-damage|p1a: Flutter Mane|0 fnt\n|faint|p1a: Flutter Mane\n|-end|p1a: Flutter Mane|Protosynthesis|[silent]\n|move|p1b: Gyarados|Waterfall|p2a: Klefki\n|-crit|p2a: Klefki\n|-damage|p2a: Klefki|0 fnt\n|faint|p2a: Klefki\n|\n|-sideend|p2: Tipo Shitstorm|move: Tailwind\n|upkeep\n|\n|t:|1682417580\n|switch|p1a: Brute Bonnet|Brute Bonnet, L50|100\/100\n|switch|p2a: Garchomp|Garchomp, L50, F|100\/100\n|turn|5\n|\n|t:|1682417591\n|move|p1b: Gyarados|Protect|p1b: Gyarados\n|-singleturn|p1b: Gyarados|Protect\n|move|p2a: Garchomp|Rock Slide|p1a: Brute Bonnet|[spread] p1a\n|-activate|p1b: Gyarados|move: Protect\n|-damage|p1a: Brute Bonnet|85\/100\n|move|p2b: Orthworm|Body Press|p1a: Brute Bonnet\n|-supereffective|p1a: Brute Bonnet\n|-damage|p1a: Brute Bonnet|0 fnt\n|faint|p1a: Brute Bonnet\n|-end|p1a: Brute Bonnet|Protosynthesis|[silent]\n|\n|upkeep\n|\n|t:|1682417602\n|switch|p1a: Iron Hands|Iron Hands, L50|100\/100\n|turn|6\n|\n|t:|1682417609\n|move|p2a: Garchomp|Protect|p2a: Garchomp\n|-singleturn|p2a: Garchomp|Protect\n|move|p2b: Orthworm|Protect|p2b: Orthworm\n|-singleturn|p2b: Orthworm|Protect\n|move|p1a: Iron Hands|Fake Out|p2b: Orthworm\n|-activate|p2b: Orthworm|move: Protect\n|move|p1b: Gyarados|Ice Fang|p2a: Garchomp\n|-activate|p2a: Garchomp|move: Protect\n|\n|upkeep\n|turn|7\n|\n|t:|1682417630\n|-terastallize|p1a: Iron Hands|Flying\n|move|p2a: Garchomp|Rock Slide|p1a: Iron Hands|[spread] p1a,p1b\n|-supereffective|p1a: Iron Hands\n|-supereffective|p1b: Gyarados\n|-damage|p1a: Iron Hands|73\/100\n|-damage|p1b: Gyarados|58\/100 par\n|move|p1b: Gyarados|Ice Fang|p2a: Garchomp\n|-supereffective|p2a: Garchomp\n|-enditem|p2a: Garchomp|Focus Sash\n|-damage|p2a: Garchomp|1\/100\n|-status|p2a: Garchomp|frz\n|move|p2b: Orthworm|Iron Defense|p2b: Orthworm\n|-boost|p2b: Orthworm|def|2\n|cant|p1a: Iron Hands|flinch\n|\n|upkeep\n|turn|8\n|inactive|Tipo Shitstorm has 30 seconds left.\n|\n|t:|1682417656\n|cant|p2a: Garchomp|frz\n|cant|p1b: Gyarados|par\n|move|p2b: Orthworm|Body Press|p1a: Iron Hands\n|-resisted|p1a: Iron Hands\n|-damage|p1a: Iron Hands|37\/100\n|move|p1a: Iron Hands|Drain Punch|p2b: Orthworm\n|-supereffective|p2b: Orthworm\n|-damage|p2b: Orthworm|89\/100\n|-heal|p1a: Iron Hands|42\/100|[from] drain|[of] p2b: Orthworm\n|\n|-sideend|p2: Tipo Shitstorm|Reflect\n|upkeep\n|turn|9\n|c|\u2606Tipo Shitstorm|lol\n|inactive|Tipo Shitstorm has 30 seconds left.\n|c|\u2606Tipo Shitstorm|how many percentage thsi match\n|\n|t:|1682417683\n|cant|p2a: Garchomp|frz\n|move|p1b: Gyarados|Waterfall|p2b: Orthworm\n|-damage|p2b: Orthworm|73\/100\n|move|p2b: Orthworm|Body Press|p1a: Iron Hands\n|-resisted|p1a: Iron Hands\n|-damage|p1a: Iron Hands|7\/100\n|move|p1a: Iron Hands|Volt Switch|p2b: Orthworm\n|-damage|p2b: Orthworm|64\/100\n|\n|upkeep\n|turn|10\n|c|\u2606DooT241|too much\n|\n|t:|1682417701\n|cant|p2a: Garchomp|frz\n|cant|p1b: Gyarados|par\n|move|p2b: Orthworm|Body Press|p1a: Iron Hands\n|-resisted|p1a: Iron Hands\n|-damage|p1a: Iron Hands|0 fnt\n|faint|p1a: Iron Hands\n|-end|p1a: Iron Hands|Quark Drive|[silent]\n|\n|upkeep\n|turn|11\n|c|\u2606Tipo Shitstorm|never seen\n|\n|t:|1682417711\n|cant|p2a: Garchomp|frz\n|move|p1b: Gyarados|Waterfall|p2a: Garchomp\n|-damage|p2a: Garchomp|0 fnt\n|faint|p2a: Garchomp\n|move|p2b: Orthworm|Body Press|p1b: Gyarados\n|-resisted|p1b: Gyarados\n|-damage|p1b: Gyarados|3\/100 par\n|-damage|p2b: Orthworm|48\/100|[from] item: Rocky Helmet|[of] p1b: Gyarados\n|\n|-sideend|p2: Tipo Shitstorm|move: Light Screen\n|upkeep\n|turn|12\n|c|\u2606DooT241|gg\n|\n|t:|1682417723\n|cant|p1b: Gyarados|par\n|move|p2b: Orthworm|Body Press|p1b: Gyarados\n|-resisted|p1b: Gyarados\n|-crit|p1b: Gyarados\n|-damage|p1b: Gyarados|0 fnt\n|-damage|p2b: Orthworm|32\/100|[from] item: Rocky Helmet|[of] p1b: Gyarados\n|faint|p1b: Gyarados\n|\n|win|Tipo Shitstorm\n|raw|DooT241's rating: 1201 → 1182<\/strong> (-19 for losing)\n|raw|Tipo Shitstorm's rating: 1287 → 1306<\/strong> (+19 for winning)\n|l|\u2606Tipo Shitstorm\n","uploadtime":1682417733,"views":9,"p1id":"doot241","p2id":"tiposhitstorm","formatid":"gen9vgc2023regulationc","rating":1182,"private":0,"password":""}