{"id":"gen9vgc2023regulationc-1851380236","p1":"Lewlo","p2":"chickeneggduckeggs","format":"[Gen 9] VGC 2023 Regulation C","log":"|j|\u2606Lewlo\n|j|\u2606chickeneggduckeggs\n|t:|1682440464\n|gametype|doubles\n|player|p1|Lewlo|pokemonbreeder-gen4|1211\n|player|p2|chickeneggduckeggs|marley|1299\n|teamsize|p1|6\n|teamsize|p2|6\n|gen|9\n|tier|[Gen 9] VGC 2023 Regulation C\n|rated|\n|rule|Species Clause: Limit one of each Pok\u00e9mon\n|rule|Item Clause: Limit one of each item\n|clearpoke\n|poke|p1|Chien-Pao, L50|\n|poke|p1|Azumarill, L50, M|\n|poke|p1|Amoonguss, L50, F|\n|poke|p1|Arcanine, L50, M|\n|poke|p1|Flutter Mane, L50|\n|poke|p1|Klefki, L50, M|\n|poke|p2|Roaring Moon, L50|\n|poke|p2|Torkoal, L50, M|\n|poke|p2|Chi-Yu, L50|\n|poke|p2|Flutter Mane, L50|\n|poke|p2|Dragonite, L50, F|\n|poke|p2|Lilligant, L50, F|\n|teampreview|4\n|inactive|Battle timer is ON: inactive players will automatically lose when time's up. (requested by Lewlo)\nLewlo has agreed to open team sheets.\n|inactive|Lewlo has 60 seconds left.\n|inactive|chickeneggduckeggs has 60 seconds left.\n|\n|t:|1682440516\n|start\n|switch|p1a: Flutter Mane|Flutter Mane, L50|100\/100\n|switch|p1b: Klefki|Klefki, L50, M|100\/100\n|switch|p2a: Torkoal|Torkoal, L50, M|100\/100\n|switch|p2b: Chi-Yu|Chi-Yu, L50|100\/100\n|-ability|p2b: Chi-Yu|Beads of Ruin\n|-weather|SunnyDay|[from] ability: Drought|[of] p2a: Torkoal\n|-activate|p1a: Flutter Mane|ability: Protosynthesis\n|-start|p1a: Flutter Mane|protosynthesisspa\n|turn|1\n|inactive|chickeneggduckeggs has 30 seconds left.\n|\n|t:|1682440549\n|-terastallize|p1a: Flutter Mane|Fairy\n|move|p1b: Klefki|Rain Dance|p1b: Klefki\n|-weather|RainDance\n|-end|p1a: Flutter Mane|Protosynthesis\n|-enditem|p1a: Flutter Mane|Booster Energy\n|-activate|p1a: Flutter Mane|ability: Protosynthesis|[fromitem]\n|-start|p1a: Flutter Mane|protosynthesisspa\n|move|p2b: Chi-Yu|Heat Wave|p1b: Klefki|[spread] p1a,p1b\n|-supereffective|p1b: Klefki\n|-crit|p1b: Klefki\n|-damage|p1a: Flutter Mane|68\/100\n|-damage|p1b: Klefki|0 fnt\n|faint|p1b: Klefki\n|-damage|p2b: Chi-Yu|91\/100|[from] item: Life Orb\n|move|p1a: Flutter Mane|Dazzling Gleam|p2b: Chi-Yu|[spread] p2a,p2b\n|-resisted|p2a: Torkoal\n|-crit|p2a: Torkoal\n|-damage|p2a: Torkoal|51\/100\n|-damage|p2b: Chi-Yu|22\/100\n|move|p2a: Torkoal|Eruption|p1a: Flutter Mane\n|-damage|p1a: Flutter Mane|55\/100\n|\n|-weather|RainDance|[upkeep]\n|-heal|p2a: Torkoal|57\/100|[from] item: Leftovers\n|upkeep\n|\n|t:|1682440558\n|switch|p1b: Azumarill|Azumarill, L50, M|100\/100\n|turn|2\n|\n|t:|1682440578\n|switch|p2a: Lilligant|Lilligant, L50, F|100\/100\n|move|p2b: Chi-Yu|Protect|p2b: Chi-Yu\n|-singleturn|p2b: Chi-Yu|Protect\n|move|p1b: Azumarill|Aqua Jet|p2a: Lilligant\n|-resisted|p2a: Lilligant\n|-damage|p2a: Lilligant|70\/100\n|move|p1a: Flutter Mane|Dazzling Gleam|p2a: Lilligant|[spread] p2a\n|-activate|p2b: Chi-Yu|move: Protect\n|-damage|p2a: Lilligant|0 fnt\n|faint|p2a: Lilligant\n|\n|-weather|RainDance|[upkeep]\n|upkeep\n|\n|t:|1682440590\n|switch|p2a: Torkoal|Torkoal, L50, M|57\/100\n|-weather|SunnyDay|[from] ability: Drought|[of] p2a: Torkoal\n|turn|3\n|\n|t:|1682440611\n|move|p1b: Azumarill|Aqua Jet|p2b: Chi-Yu\n|-supereffective|p2b: Chi-Yu\n|-damage|p2b: Chi-Yu|0 fnt\n|faint|p2b: Chi-Yu\n|move|p1a: Flutter Mane|Shadow Ball|p2a: Torkoal\n|-damage|p2a: Torkoal|8\/100\n|move|p2a: Torkoal|Will-O-Wisp|p1b: Azumarill\n|-status|p1b: Azumarill|brn\n|\n|-weather|SunnyDay|[upkeep]\n|-heal|p2a: Torkoal|14\/100|[from] item: Leftovers\n|-damage|p1b: Azumarill|95\/100 brn|[from] brn\n|upkeep\n|\n|t:|1682440623\n|switch|p2b: Roaring Moon|Roaring Moon, L50|100\/100\n|-activate|p2b: Roaring Moon|ability: Protosynthesis\n|-start|p2b: Roaring Moon|protosynthesisatk\n|turn|4\n|\n|t:|1682440644\n|-terastallize|p2b: Roaring Moon|Steel\n|move|p2a: Torkoal|Protect|p2a: Torkoal\n|-singleturn|p2a: Torkoal|Protect\n|move|p1b: Azumarill|Aqua Jet|p2a: Torkoal\n|-activate|p2a: Torkoal|move: Protect\n|move|p2b: Roaring Moon|Iron Head|p1a: Flutter Mane\n|-supereffective|p1a: Flutter Mane\n|-damage|p1a: Flutter Mane|0 fnt\n|faint|p1a: Flutter Mane\n|-end|p1a: Flutter Mane|Protosynthesis|[silent]\n|\n|-weather|SunnyDay|[upkeep]\n|-heal|p2a: Torkoal|20\/100|[from] item: Leftovers\n|-damage|p1b: Azumarill|89\/100 brn|[from] brn\n|upkeep\n|\n|t:|1682440657\n|switch|p1a: Chien-Pao|Chien-Pao, L50|100\/100\n|-ability|p1a: Chien-Pao|Sword of Ruin\n|turn|5\n|\n|t:|1682440675\n|move|p1a: Chien-Pao|Sucker Punch||[still]\n|-fail|p1a: Chien-Pao\n|move|p2b: Roaring Moon|Iron Head|p1a: Chien-Pao\n|-supereffective|p1a: Chien-Pao\n|-enditem|p1a: Chien-Pao|Focus Sash\n|-damage|p1a: Chien-Pao|1\/100\n|move|p1b: Azumarill|Superpower|p2b: Roaring Moon\n|-supereffective|p2b: Roaring Moon\n|-damage|p2b: Roaring Moon|13\/100\n|-unboost|p1b: Azumarill|atk|1\n|-unboost|p1b: Azumarill|def|1\n|move|p2a: Torkoal|Yawn||[still]\n|-fail|p2a: Torkoal\n|\n|-weather|SunnyDay|[upkeep]\n|-heal|p2a: Torkoal|26\/100|[from] item: Leftovers\n|-damage|p1b: Azumarill|83\/100 brn|[from] brn\n|upkeep\n|turn|6\n|inactive|chickeneggduckeggs has 30 seconds left.\n|\n|t:|1682440706\n|move|p1a: Chien-Pao|Sucker Punch|p2b: Roaring Moon\n|-damage|p2b: Roaring Moon|0 fnt\n|faint|p2b: Roaring Moon\n|-end|p2b: Roaring Moon|Protosynthesis|[silent]\n|move|p1b: Azumarill|Aqua Jet|p2a: Torkoal\n|-supereffective|p2a: Torkoal\n|-damage|p2a: Torkoal|19\/100\n|move|p2a: Torkoal|Eruption|p1b: Azumarill|[spread] p1a,p1b\n|-supereffective|p1a: Chien-Pao\n|-resisted|p1b: Azumarill\n|-damage|p1a: Chien-Pao|0 fnt\n|-damage|p1b: Azumarill|78\/100 brn\n|faint|p1a: Chien-Pao\n|\n|-weather|SunnyDay|[upkeep]\n|-heal|p2a: Torkoal|25\/100|[from] item: Leftovers\n|-damage|p1b: Azumarill|72\/100 brn|[from] brn\n|upkeep\n|turn|7\n|\n|t:|1682440731\n|move|p2a: Torkoal|Protect|p2a: Torkoal\n|-singleturn|p2a: Torkoal|Protect\n|move|p1b: Azumarill|Play Rough|p2a: Torkoal\n|-activate|p2a: Torkoal|move: Protect\n|\n|-weather|none\n|-heal|p2a: Torkoal|32\/100|[from] item: Leftovers\n|-damage|p1b: Azumarill|66\/100 brn|[from] brn\n|upkeep\n|turn|8\n|\n|t:|1682440740\n|move|p1b: Azumarill|Aqua Jet|p2a: Torkoal\n|-supereffective|p2a: Torkoal\n|-damage|p2a: Torkoal|17\/100\n|move|p2a: Torkoal|Yawn||[still]\n|-fail|p2a: Torkoal\n|\n|-heal|p2a: Torkoal|24\/100|[from] item: Leftovers\n|-damage|p1b: Azumarill|60\/100 brn|[from] brn\n|upkeep\n|turn|9\n|\n|t:|1682440750\n|move|p1b: Azumarill|Protect|p1b: Azumarill\n|-singleturn|p1b: Azumarill|Protect\n|move|p2a: Torkoal|Protect||[still]\n|-fail|p2a: Torkoal\n|\n|-heal|p2a: Torkoal|30\/100|[from] item: Leftovers\n|-damage|p1b: Azumarill|55\/100 brn|[from] brn\n|upkeep\n|turn|10\n|\n|t:|1682440758\n|move|p2a: Torkoal|Protect|p2a: Torkoal\n|-singleturn|p2a: Torkoal|Protect\n|move|p1b: Azumarill|Aqua Jet|p2a: Torkoal\n|-activate|p2a: Torkoal|move: Protect\n|\n|-heal|p2a: Torkoal|36\/100|[from] item: Leftovers\n|-damage|p1b: Azumarill|49\/100 brn|[from] brn\n|upkeep\n|turn|11\n|\n|t:|1682440766\n|move|p1b: Azumarill|Aqua Jet|p2a: Torkoal\n|-supereffective|p2a: Torkoal\n|-damage|p2a: Torkoal|23\/100\n|move|p2a: Torkoal|Eruption|p1b: Azumarill\n|-resisted|p1b: Azumarill\n|-damage|p1b: Azumarill|44\/100 brn\n|\n|-heal|p2a: Torkoal|29\/100|[from] item: Leftovers\n|-damage|p1b: Azumarill|38\/100 brn|[from] brn\n|upkeep\n|turn|12\n|\n|t:|1682440775\n|move|p2a: Torkoal|Protect|p2a: Torkoal\n|-singleturn|p2a: Torkoal|Protect\n|move|p1b: Azumarill|Aqua Jet|p2a: Torkoal\n|-activate|p2a: Torkoal|move: Protect\n|\n|-heal|p2a: Torkoal|35\/100|[from] item: Leftovers\n|-damage|p1b: Azumarill|32\/100 brn|[from] brn\n|upkeep\n|turn|13\n|\n|t:|1682440784\n|move|p1b: Azumarill|Aqua Jet|p2a: Torkoal\n|-supereffective|p2a: Torkoal\n|-damage|p2a: Torkoal|21\/100\n|move|p2a: Torkoal|Eruption|p1b: Azumarill\n|-resisted|p1b: Azumarill\n|-damage|p1b: Azumarill|26\/100 brn\n|\n|-heal|p2a: Torkoal|28\/100|[from] item: Leftovers\n|-damage|p1b: Azumarill|20\/100 brn|[from] brn\n|upkeep\n|turn|14\n|\n|t:|1682440793\n|move|p2a: Torkoal|Protect|p2a: Torkoal\n|-singleturn|p2a: Torkoal|Protect\n|move|p1b: Azumarill|Aqua Jet|p2a: Torkoal\n|-activate|p2a: Torkoal|move: Protect\n|\n|-heal|p2a: Torkoal|34\/100|[from] item: Leftovers\n|-damage|p1b: Azumarill|15\/100 brn|[from] brn\n|upkeep\n|turn|15\n|\n|t:|1682440801\n|move|p1b: Azumarill|Superpower|p2a: Torkoal\n|-damage|p2a: Torkoal|21\/100\n|-unboost|p1b: Azumarill|atk|1\n|-unboost|p1b: Azumarill|def|1\n|move|p2a: Torkoal|Eruption|p1b: Azumarill\n|-resisted|p1b: Azumarill\n|-damage|p1b: Azumarill|9\/100 brn\n|\n|-heal|p2a: Torkoal|28\/100|[from] item: Leftovers\n|-damage|p1b: Azumarill|3\/100 brn|[from] brn\n|upkeep\n|turn|16\n|c|\u2606Lewlo|gg\n|\n|t:|1682440812\n|move|p2a: Torkoal|Protect|p2a: Torkoal\n|-singleturn|p2a: Torkoal|Protect\n|move|p1b: Azumarill|Aqua Jet|p2a: Torkoal\n|-activate|p2a: Torkoal|move: Protect\n|\n|-heal|p2a: Torkoal|34\/100|[from] item: Leftovers\n|-damage|p1b: Azumarill|0 fnt|[from] brn\n|faint|p1b: Azumarill\n|\n|win|chickeneggduckeggs\n|upkeep\n|raw|Lewlo's rating: 1211 → 1192<\/strong> (-19 for losing)\n|raw|chickeneggduckeggs's rating: 1299 → 1318<\/strong> (+19 for winning)\n","uploadtime":1682440816,"views":7,"p1id":"lewlo","p2id":"chickeneggduckeggs","formatid":"gen9vgc2023regulationc","rating":1192,"private":0,"password":""}