{"id":"gen9vgc2023regulationc-1852117069","p1":"Gholdjunge","p2":"GAPDHD","format":"[Gen 9] VGC 2023 Regulation C","log":"|j|\u2606Gholdjunge\n|j|\u2606GAPDHD\n|t:|1682525519\n|gametype|doubles\n|player|p1|Gholdjunge|youngster-gen2|1574\n|player|p2|GAPDHD|ruinmaniac|1674\n|teamsize|p1|6\n|teamsize|p2|6\n|gen|9\n|tier|[Gen 9] VGC 2023 Regulation C\n|rated|\n|rule|Species Clause: Limit one of each Pok\u00e9mon\n|rule|Item Clause: Limit one of each item\n|clearpoke\n|poke|p1|Azumarill, L50, F|\n|poke|p1|Pelipper, L50, M|\n|poke|p1|Chien-Pao, L50|\n|poke|p1|Amoonguss, L50, M|\n|poke|p1|Iron Hands, L50|\n|poke|p1|Flutter Mane, L50|\n|poke|p2|Dondozo, L50, M|\n|poke|p2|Tatsugiri, L50, M|\n|poke|p2|Glimmora, L50, F|\n|poke|p2|Klefki, L50, F|\n|poke|p2|Gothitelle, L50, M|\n|poke|p2|Meowscarada, L50, M|\n|teampreview|4\nGAPDHD has agreed to open team sheets.\n|j| Withoutexcuse\n|inactive|Battle timer is ON: inactive players will automatically lose when time's up. (requested by GAPDHD)\n|\n|t:|1682525673\n|start\n|switch|p1a: Amoonguss|Amoonguss, L50, M|100\/100\n|switch|p1b: Flutter Mane|Flutter Mane, L50|100\/100\n|switch|p2a: Gothitelle|Gothitelle, L50, M|100\/100\n|switch|p2b: Meowscarada|Meowscarada, L50, M|100\/100\n|turn|1\n|inactive|Gholdjunge has 30 seconds left.\n|inactive|GAPDHD has 30 seconds left.\n|inactive|Gholdjunge has 20 seconds left.\n|inactive|Gholdjunge has 15 seconds left.\n|inactive|Gholdjunge has 10 seconds left.\n|\n|t:|1682525719\n|-terastallize|p2a: Gothitelle|Normal\n|move|p2b: Meowscarada|Shadow Claw|p1b: Flutter Mane\n|-start|p2b: Meowscarada|typechange|Ghost|[from] ability: Protean\n|-supereffective|p1b: Flutter Mane\n|-damage|p1b: Flutter Mane|5\/100\n|move|p1b: Flutter Mane|Shadow Ball|p2a: Gothitelle\n|-immune|p2a: Gothitelle\n|move|p2a: Gothitelle|Taunt|p1a: Amoonguss\n|-start|p1a: Amoonguss|move: Taunt\n|move|p1a: Amoonguss|Pollen Puff|p2b: Meowscarada\n|-resisted|p2b: Meowscarada\n|-damage|p2b: Meowscarada|86\/100\n|\n|upkeep\n|turn|2\n|c|\u2606Gholdjunge|holy shit\n|\n|t:|1682525743\n|-end|p1b: Flutter Mane|Protosynthesis|[silent]\n|switch|p1b: Chien-Pao|Chien-Pao, L50|100\/100\n|-ability|p1b: Chien-Pao|Sword of Ruin\n|move|p2b: Meowscarada|Shadow Claw|p1b: Chien-Pao\n|-resisted|p1b: Chien-Pao\n|-damage|p1b: Chien-Pao|78\/100\n|move|p2a: Gothitelle|Psychic|p1a: Amoonguss\n|-supereffective|p1a: Amoonguss\n|-damage|p1a: Amoonguss|34\/100\n|move|p1a: Amoonguss|Pollen Puff|p2a: Gothitelle\n|-damage|p2a: Gothitelle|82\/100\n|\n|upkeep\n|turn|3\n|inactive|Gholdjunge has 30 seconds left.\n|\n|t:|1682525776\n|switch|p2b: Dondozo|Dondozo, L50, M|100\/100\n|-terastallize|p1a: Amoonguss|Water\n|move|p1b: Chien-Pao|Ice Spinner|p2b: Dondozo\n|-resisted|p2b: Dondozo\n|-damage|p2b: Dondozo|85\/100\n|move|p2a: Gothitelle|Taunt|p1b: Chien-Pao\n|-start|p1b: Chien-Pao|move: Taunt\n|move|p1a: Amoonguss|Pollen Puff|p1b: Chien-Pao\n|-heal|p1b: Chien-Pao|100\/100\n|\n|-heal|p2b: Dondozo|91\/100|[from] item: Leftovers\n|-end|p1a: Amoonguss|move: Taunt\n|upkeep\n|turn|4\n|inactive|Gholdjunge has 30 seconds left.\n|inactive|Gholdjunge has 20 seconds left.\n|inactive|Gholdjunge has 15 seconds left.\n|inactive|Gholdjunge has 10 seconds left.\n|inactive|Gholdjunge has 5 seconds left.\n|\n|t:|1682525829\n|move|p1a: Amoonguss|Protect|p1a: Amoonguss\n|-singleturn|p1a: Amoonguss|Protect\n|move|p1b: Chien-Pao|Ice Spinner|p2a: Gothitelle\n|-damage|p2a: Gothitelle|23\/100\n|-enditem|p2a: Gothitelle|Sitrus Berry|[eat]\n|-heal|p2a: Gothitelle|47\/100|[from] item: Sitrus Berry\n|move|p2a: Gothitelle|Taunt|p1a: Amoonguss\n|-activate|p1a: Amoonguss|move: Protect\n|move|p2b: Dondozo|Order Up|p1b: Chien-Pao\n|-damage|p1b: Chien-Pao|70\/100\n|\n|-heal|p2b: Dondozo|97\/100|[from] item: Leftovers\n|upkeep\n|turn|5\n|inactive|Gholdjunge has 30 seconds left.\n|inactive|GAPDHD has 30 seconds left.\n|inactive|Gholdjunge has 20 seconds left.\n|inactive|GAPDHD has 20 seconds left.\n|inactive|Gholdjunge has 15 seconds left.\n|inactive|GAPDHD has 15 seconds left.\n|inactive|Gholdjunge has 10 seconds left.\n|inactive|GAPDHD has 10 seconds left.\n|\n|t:|1682525877\n|move|p2a: Gothitelle|Protect|p2a: Gothitelle\n|-singleturn|p2a: Gothitelle|Protect\n|move|p1a: Amoonguss|Rage Powder|p1a: Amoonguss\n|-singleturn|p1a: Amoonguss|move: Rage Powder\n|move|p1b: Chien-Pao|Ice Spinner|p2a: Gothitelle\n|-activate|p2a: Gothitelle|move: Protect\n|move|p2b: Dondozo|Order Up|p1a: Amoonguss\n|-damage|p1a: Amoonguss|10\/100\n|-enditem|p1a: Amoonguss|Wiki Berry|[eat]\n|-heal|p1a: Amoonguss|43\/100|[from] item: Wiki Berry\n|\n|-heal|p2b: Dondozo|100\/100|[from] item: Leftovers\n|upkeep\n|turn|6\n|inactive|Gholdjunge has 30 seconds left.\n|\n|t:|1682525903\n|move|p1b: Chien-Pao|Ice Spinner|p2a: Gothitelle\n|-damage|p2a: Gothitelle|0 fnt\n|faint|p2a: Gothitelle\n|move|p2b: Dondozo|Earthquake|p1b: Chien-Pao|[spread] p1a,p1b\n|-damage|p1a: Amoonguss|21\/100\n|-damage|p1b: Chien-Pao|36\/100\n|move|p1a: Amoonguss|Spore|p2b: Dondozo\n|-status|p2b: Dondozo|slp|[from] move: Spore\n|\n|-end|p1b: Chien-Pao|move: Taunt\n|upkeep\n|\n|t:|1682525913\n|switch|p2a: Meowscarada|Meowscarada, L50, M|86\/100\n|turn|7\n|inactive|Gholdjunge has 30 seconds left.\n|\n|t:|1682525942\n|move|p1b: Chien-Pao|Protect|p1b: Chien-Pao\n|-singleturn|p1b: Chien-Pao|Protect\n|move|p1a: Amoonguss|Protect|p1a: Amoonguss\n|-singleturn|p1a: Amoonguss|Protect\n|move|p2a: Meowscarada|Flower Trick|p1b: Chien-Pao\n|-start|p2a: Meowscarada|typechange|Grass|[from] ability: Protean\n|-activate|p1b: Chien-Pao|move: Protect\n|cant|p2b: Dondozo|slp\n|\n|upkeep\n|turn|8\n|\n|t:|1682525960\n|switch|p1a: Azumarill|Azumarill, L50, F|100\/100\n|move|p1b: Chien-Pao|Sucker Punch|p2a: Meowscarada\n|-damage|p2a: Meowscarada|9\/100\n|move|p2a: Meowscarada|Flower Trick|p1b: Chien-Pao\n|-crit|p1b: Chien-Pao\n|-damage|p1b: Chien-Pao|0 fnt\n|faint|p1b: Chien-Pao\n|cant|p2b: Dondozo|slp\n|\n|upkeep\n|\n|t:|1682525972\n|switch|p1b: Flutter Mane|Flutter Mane, L50|5\/100\n|turn|9\n|\n|t:|1682525978\n|move|p1a: Azumarill|Aqua Jet|p2a: Meowscarada\n|-resisted|p2a: Meowscarada\n|-damage|p2a: Meowscarada|0 fnt\n|faint|p2a: Meowscarada\n|move|p1b: Flutter Mane|Thunder|p2b: Dondozo\n|-supereffective|p2b: Dondozo\n|-damage|p2b: Dondozo|6\/100 slp\n|-curestatus|p2b: Dondozo|slp|[msg]\n|move|p2b: Dondozo|Earthquake|p1b: Flutter Mane|[spread] p1a,p1b\n|-damage|p1a: Azumarill|76\/100\n|-damage|p1b: Flutter Mane|0 fnt\n|faint|p1b: Flutter Mane\n|-end|p1b: Flutter Mane|Protosynthesis|[silent]\n|\n|-heal|p2b: Dondozo|12\/100|[from] item: Leftovers\n|upkeep\n|\n|t:|1682525991\n|switch|p1b: Amoonguss|Amoonguss, L50, M, tera:Water|54\/100\n|switch|p2a: Glimmora|Glimmora, L50, F|100\/100\n|turn|10\n|\n|t:|1682526011\n|move|p1b: Amoonguss|Rage Powder|p1b: Amoonguss\n|-singleturn|p1b: Amoonguss|move: Rage Powder\n|move|p2a: Glimmora|Sludge Bomb|p1b: Amoonguss\n|-damage|p1b: Amoonguss|12\/100\n|move|p1a: Azumarill|Liquidation|p2a: Glimmora\n|-supereffective|p2a: Glimmora\n|-damage|p2a: Glimmora|0 fnt\n|-activate|p2a: Glimmora|ability: Toxic Debris\n|-sidestart|p1: Gholdjunge|move: Toxic Spikes\n|faint|p2a: Glimmora\n|move|p2b: Dondozo|Order Up|p1b: Amoonguss\n|-damage|p1b: Amoonguss|0 fnt\n|faint|p1b: Amoonguss\n|\n|-heal|p2b: Dondozo|18\/100|[from] item: Leftovers\n|upkeep\n|turn|11\n|\n|t:|1682526024\n|move|p2b: Dondozo|Protect|p2b: Dondozo\n|-singleturn|p2b: Dondozo|Protect\n|move|p1a: Azumarill|Play Rough|p2b: Dondozo\n|-activate|p2b: Dondozo|move: Protect\n|\n|-heal|p2b: Dondozo|24\/100|[from] item: Leftovers\n|upkeep\n|turn|12\n|\n|t:|1682526027\n|move|p1a: Azumarill|Play Rough|p2b: Dondozo\n|-damage|p2b: Dondozo|0 fnt\n|faint|p2b: Dondozo\n|\n|win|Gholdjunge\n|raw|Gholdjunge's rating: 1574 → 1600<\/strong> (+26 for winning)\n|raw|GAPDHD's rating: 1674 → 1648<\/strong> (-26 for losing)\n|l|\u2606GAPDHD\n|c|\u2606Gholdjunge|gg\n","uploadtime":1682526050,"views":19,"p1id":"gholdjunge","p2id":"gapdhd","formatid":"gen9vgc2023regulationc","rating":1600,"private":0,"password":""}