{"id":"gen9vgc2023regulationc-1860430079","p1":"WillieDangerously","p2":"pultrah","format":"[Gen 9] VGC 2023 Regulation C","log":"|j|\u2606WillieDangerously\n|j|\u2606pultrah\n|t:|1683643534\n|gametype|doubles\n|player|p1|WillieDangerously|psychic-gen4|1213\n|player|p2|pultrah|101|1202\n|teamsize|p1|6\n|teamsize|p2|6\n|gen|9\n|tier|[Gen 9] VGC 2023 Regulation C\n|rated|\n|rule|Species Clause: Limit one of each Pok\u00e9mon\n|rule|Item Clause: Limit one of each item\n|clearpoke\n|poke|p1|Gholdengo, L50|\n|poke|p1|Wo-Chien, L50|\n|poke|p1|Iron Bundle, L50|\n|poke|p1|Dragapult, L50, F|\n|poke|p1|Hippowdon, L50, M|\n|poke|p1|Glimmora, L50, F|\n|poke|p2|Ting-Lu, L50|\n|poke|p2|Amoonguss, L50, F|\n|poke|p2|Arcanine, L50, F|\n|poke|p2|Roaring Moon, L50|\n|poke|p2|Iron Bundle, L50|\n|poke|p2|Garganacl, L50, F|\n|teampreview|4\n|inactive|Battle timer is ON: inactive players will automatically lose when time's up. (requested by pultrah)\n|inactive|WillieDangerously has 60 seconds left.\n|inactive|pultrah has 60 seconds left.\n|\n|t:|1683643578\n|start\n|switch|p1a: Glimmora|Glimmora, L50, F|100\/100\n|switch|p1b: Gholdengo|Gholdengo, L50|100\/100\n|switch|p2a: Roaring Moon|Roaring Moon, L50|100\/100\n|switch|p2b: Ting-Lu|Ting-Lu, L50|100\/100\n|-ability|p2b: Ting-Lu|Vessel of Ruin\n|-enditem|p2a: Roaring Moon|Booster Energy\n|-activate|p2a: Roaring Moon|ability: Protosynthesis|[fromitem]\n|-start|p2a: Roaring Moon|protosynthesisatk\n|turn|1\n|inactive|pultrah has 30 seconds left.\n|inactive|pultrah has 20 seconds left.\n|\n|t:|1683643617\n|switch|p1b: Wo-Chien|Wo-Chien, L50|100\/100\n|-ability|p1b: Wo-Chien|Tablets of Ruin\n|-terastallize|p1a: Glimmora|Grass\n|-terastallize|p2b: Ting-Lu|Poison\n|move|p2a: Roaring Moon|Throat Chop|p1b: Wo-Chien\n|-resisted|p1b: Wo-Chien\n|-damage|p1b: Wo-Chien|83\/100\n|-start|p1b: Wo-Chien|Throat Chop|[silent]\n|move|p1a: Glimmora|Mortal Spin|p2a: Roaring Moon|[spread] p2a,p2b\n|-resisted|p2b: Ting-Lu\n|-damage|p2a: Roaring Moon|96\/100\n|-damage|p2b: Ting-Lu|99\/100\n|-status|p2a: Roaring Moon|psn\n|move|p2b: Ting-Lu|Stomping Tantrum|p1a: Glimmora\n|-resisted|p1a: Glimmora\n|-damage|p1a: Glimmora|90\/100\n|-activate|p1a: Glimmora|ability: Toxic Debris\n|-sidestart|p2: pultrah|move: Toxic Spikes\n|\n|-heal|p1b: Wo-Chien|90\/100|[from] item: Leftovers\n|-damage|p2a: Roaring Moon|84\/100 psn|[from] psn\n|upkeep\n|turn|2\n|inactive|WillieDangerously has 30 seconds left.\n|\n|t:|1683643650\n|move|p2a: Roaring Moon|Acrobatics|p1a: Glimmora\n|-supereffective|p1a: Glimmora\n|-damage|p1a: Glimmora|11\/100\n|-activate|p1a: Glimmora|ability: Toxic Debris\n|-sidestart|p2: pultrah|move: Toxic Spikes\n|move|p1a: Glimmora|Earth Power|p2b: Ting-Lu\n|-supereffective|p2b: Ting-Lu\n|-damage|p2b: Ting-Lu|80\/100\n|move|p1b: Wo-Chien|Leech Seed|p2b: Ting-Lu|[miss]\n|-miss|p1b: Wo-Chien|p2b: Ting-Lu\n|move|p2b: Ting-Lu|Ruination|p1b: Wo-Chien\n|-damage|p1b: Wo-Chien|45\/100\n|\n|-heal|p1b: Wo-Chien|52\/100|[from] item: Leftovers\n|-damage|p2a: Roaring Moon|72\/100 psn|[from] psn\n|-end|p1b: Wo-Chien|Throat Chop|[silent]\n|upkeep\n|turn|3\n|inactive|WillieDangerously has 30 seconds left.\n|inactive|pultrah has 30 seconds left.\n|inactive|WillieDangerously has 20 seconds left.\n|inactive|WillieDangerously has 15 seconds left.\n|inactive|WillieDangerously has 10 seconds left.\n|inactive|WillieDangerously has 5 seconds left.\n|\n|t:|1683643701\n|switch|p1b: Gholdengo|Gholdengo, L50|100\/100\n|switch|p2b: Amoonguss|Amoonguss, L50, F|100\/100\n|-sideend|p2: pultrah|move: Toxic Spikes|[of] p2b: Amoonguss\n|move|p2a: Roaring Moon|Acrobatics|p1a: Glimmora\n|-supereffective|p1a: Glimmora\n|-damage|p1a: Glimmora|0 fnt\n|-activate|p1a: Glimmora|ability: Toxic Debris\n|-sidestart|p2: pultrah|move: Toxic Spikes\n|faint|p1a: Glimmora\n|\n|-damage|p2a: Roaring Moon|60\/100 psn|[from] psn\n|upkeep\n|\n|t:|1683643717\n|switch|p1a: Iron Bundle|Iron Bundle, L50|100\/100\n|-enditem|p1a: Iron Bundle|Booster Energy\n|-activate|p1a: Iron Bundle|ability: Quark Drive|[fromitem]\n|-start|p1a: Iron Bundle|quarkdrivespe\n|turn|4\n|\n|t:|1683643728\n|-end|p2a: Roaring Moon|Protosynthesis|[silent]\n|switch|p2a: Ting-Lu|Ting-Lu, L50, tera:Poison|80\/100\n|-sideend|p2: pultrah|move: Toxic Spikes|[of] p2a: Ting-Lu\n|-ability|p2a: Ting-Lu|Vessel of Ruin\n|move|p2b: Amoonguss|Protect|p2b: Amoonguss\n|-singleturn|p2b: Amoonguss|Protect\n|move|p1a: Iron Bundle|Freeze-Dry|p2a: Ting-Lu\n|-damage|p2a: Ting-Lu|69\/100\n|move|p1b: Gholdengo|Nasty Plot|p1b: Gholdengo\n|-boost|p1b: Gholdengo|spa|2\n|\n|upkeep\n|turn|5\n|\n|t:|1683643747\n|move|p1a: Iron Bundle|Encore|p2b: Amoonguss\n|-start|p2b: Amoonguss|Encore\n|move|p1b: Gholdengo|Nasty Plot|p1b: Gholdengo\n|-boost|p1b: Gholdengo|spa|2\n|move|p2a: Ting-Lu|Stomping Tantrum|p1b: Gholdengo\n|-supereffective|p1b: Gholdengo\n|-damage|p1b: Gholdengo|42\/100\n|-enditem|p1b: Gholdengo|Sitrus Berry|[eat]\n|-heal|p1b: Gholdengo|67\/100|[from] item: Sitrus Berry\n|move|p2b: Amoonguss|Protect||[still]\n|-fail|p2b: Amoonguss\n|\n|upkeep\n|turn|6\n|\n|t:|1683643765\n|move|p2b: Amoonguss|Protect|p2b: Amoonguss\n|-singleturn|p2b: Amoonguss|Protect\n|move|p1a: Iron Bundle|Freeze-Dry|p2a: Ting-Lu\n|-damage|p2a: Ting-Lu|58\/100\n|move|p1b: Gholdengo|Shadow Ball|p2a: Ting-Lu\n|-damage|p2a: Ting-Lu|14\/100\n|move|p2a: Ting-Lu|Stomping Tantrum|p1b: Gholdengo\n|-supereffective|p1b: Gholdengo\n|-damage|p1b: Gholdengo|9\/100\n|\n|upkeep\n|turn|7\n|\n|t:|1683643780\n|move|p2b: Amoonguss|Protect|p2b: Amoonguss\n|-singleturn|p2b: Amoonguss|Protect\n|move|p1a: Iron Bundle|Freeze-Dry|p2b: Amoonguss\n|-activate|p2b: Amoonguss|move: Protect\n|move|p1b: Gholdengo|Make It Rain|p2b: Amoonguss|[spread] p2a\n|-activate|p2b: Amoonguss|move: Protect\n|-damage|p2a: Ting-Lu|0 fnt\n|-unboost|p1b: Gholdengo|spa|1\n|faint|p2a: Ting-Lu\n|\n|-end|p2b: Amoonguss|Encore\n|upkeep\n|\n|t:|1683643785\n|switch|p2a: Iron Bundle|Iron Bundle, L50|100\/100\n|turn|8\n|\n|t:|1683643804\n|move|p2b: Amoonguss|Rage Powder|p2b: Amoonguss\n|-singleturn|p2b: Amoonguss|move: Rage Powder\n|move|p1a: Iron Bundle|Icy Wind|p2b: Amoonguss|[spread] p2a,p2b\n|-resisted|p2a: Iron Bundle\n|-supereffective|p2b: Amoonguss\n|-damage|p2a: Iron Bundle|91\/100\n|-damage|p2b: Amoonguss|64\/100\n|-unboost|p2a: Iron Bundle|spe|1\n|-unboost|p2b: Amoonguss|spe|1\n|move|p2a: Iron Bundle|Freeze-Dry|p1b: Gholdengo\n|-resisted|p1b: Gholdengo\n|-damage|p1b: Gholdengo|0 fnt\n|faint|p1b: Gholdengo\n|\n|upkeep\n|\n|t:|1683643815\n|switch|p1b: Wo-Chien|Wo-Chien, L50|52\/100\n|-ability|p1b: Wo-Chien|Tablets of Ruin\n|turn|9\n|\n|t:|1683643837\n|move|p1a: Iron Bundle|Encore|p2a: Iron Bundle\n|-start|p2a: Iron Bundle|Encore\n|move|p2a: Iron Bundle|Freeze-Dry|p1b: Wo-Chien\n|-supereffective|p1b: Wo-Chien\n|-damage|p1b: Wo-Chien|5\/100\n|move|p1b: Wo-Chien|Leech Seed|p2a: Iron Bundle\n|-start|p2a: Iron Bundle|move: Leech Seed\n|move|p2b: Amoonguss|Spore|p1a: Iron Bundle\n|-status|p1a: Iron Bundle|slp|[from] move: Spore\n|\n|-heal|p1b: Wo-Chien|11\/100|[from] item: Leftovers\n|-damage|p2a: Iron Bundle|79\/100|[from] Leech Seed|[of] p1b: Wo-Chien\n|-heal|p1b: Wo-Chien|19\/100|[silent]\n|upkeep\n|turn|10\n|inactive|WillieDangerously has 30 seconds left.\n|\n|t:|1683643867\n|move|p1b: Wo-Chien|Protect|p1b: Wo-Chien\n|-singleturn|p1b: Wo-Chien|Protect\n|cant|p1a: Iron Bundle|slp\n|move|p2a: Iron Bundle|Freeze-Dry|p1b: Wo-Chien\n|-activate|p1b: Wo-Chien|move: Protect\n|move|p2b: Amoonguss|Pollen Puff|p1a: Iron Bundle\n|-damage|p1a: Iron Bundle|74\/100 slp\n|\n|-heal|p1b: Wo-Chien|25\/100|[from] item: Leftovers\n|-damage|p2a: Iron Bundle|66\/100|[from] Leech Seed|[of] p1b: Wo-Chien\n|-heal|p1b: Wo-Chien|34\/100|[silent]\n|upkeep\n|turn|11\n|\n|t:|1683643886\n|switch|p2b: Roaring Moon|Roaring Moon, L50|60\/100 psn\n|move|p1b: Wo-Chien|Protect||[still]\n|-fail|p1b: Wo-Chien\n|cant|p1a: Iron Bundle|slp\n|move|p2a: Iron Bundle|Freeze-Dry|p1b: Wo-Chien\n|-supereffective|p1b: Wo-Chien\n|-crit|p1b: Wo-Chien\n|-damage|p1b: Wo-Chien|0 fnt\n|faint|p1b: Wo-Chien\n|\n|-damage|p2b: Roaring Moon|48\/100 psn|[from] psn\n|-end|p2a: Iron Bundle|Encore\n|upkeep\n|turn|12\n|\n|t:|1683643902\n|-curestatus|p1a: Iron Bundle|slp|[msg]\n|move|p1a: Iron Bundle|Protect|p1a: Iron Bundle\n|-singleturn|p1a: Iron Bundle|Protect\n|move|p2b: Roaring Moon|Acrobatics|p1a: Iron Bundle\n|-activate|p1a: Iron Bundle|move: Protect\n|move|p2a: Iron Bundle|Freeze-Dry|p1a: Iron Bundle\n|-activate|p1a: Iron Bundle|move: Protect\n|\n|-damage|p2b: Roaring Moon|36\/100 psn|[from] psn\n|upkeep\n|turn|13\n|\n|t:|1683643926\n|move|p1a: Iron Bundle|Freeze-Dry|p2a: Iron Bundle\n|-damage|p2a: Iron Bundle|0 fnt\n|faint|p2a: Iron Bundle\n|-end|p2a: Iron Bundle|Quark Drive|[silent]\n|move|p2b: Roaring Moon|Acrobatics|p1a: Iron Bundle\n|-damage|p1a: Iron Bundle|27\/100\n|\n|-damage|p2b: Roaring Moon|24\/100 psn|[from] psn\n|upkeep\n|\n|t:|1683643933\n|switch|p2a: Amoonguss|Amoonguss, L50, F|97\/100\n|turn|14\n|\n|t:|1683643952\n|move|p2b: Roaring Moon|Protect|p2b: Roaring Moon\n|-singleturn|p2b: Roaring Moon|Protect\n|move|p2a: Amoonguss|Protect|p2a: Amoonguss\n|-singleturn|p2a: Amoonguss|Protect\n|move|p1a: Iron Bundle|Freeze-Dry|p2b: Roaring Moon\n|-activate|p2b: Roaring Moon|move: Protect\n|\n|-damage|p2b: Roaring Moon|12\/100 psn|[from] psn\n|upkeep\n|turn|15\n|\n|t:|1683643972\n|move|p1a: Iron Bundle|Encore|p2b: Roaring Moon\n|-start|p2b: Roaring Moon|Encore\n|move|p2b: Roaring Moon|Protect||[still]\n|-fail|p2b: Roaring Moon\n|move|p2a: Amoonguss|Pollen Puff|p2b: Roaring Moon\n|-heal|p2b: Roaring Moon|61\/100 psn\n|\n|-damage|p2b: Roaring Moon|49\/100 psn|[from] psn\n|upkeep\n|turn|16\n|\n|t:|1683643987\n|move|p2b: Roaring Moon|Protect|p2b: Roaring Moon\n|-singleturn|p2b: Roaring Moon|Protect\n|move|p1a: Iron Bundle|Encore|p2a: Amoonguss\n|-start|p2a: Amoonguss|Encore\n|move|p2a: Amoonguss|Pollen Puff|p1a: Iron Bundle\n|-damage|p1a: Iron Bundle|0 fnt\n|faint|p1a: Iron Bundle\n|-end|p1a: Iron Bundle|Quark Drive|[silent]\n|\n|win|pultrah\n|raw|WillieDangerously's rating: 1213 → 1187<\/strong> (-26 for losing)\n|raw|pultrah's rating: 1202 → 1228<\/strong> (+26 for winning)\n","uploadtime":1683643991,"views":2,"p1id":"williedangerously","p2id":"pultrah","formatid":"gen9vgc2023regulationc","rating":1187,"private":0,"password":""}