{"id":"gen9vgc2023regulationc-1860929757","p1":"GTheDon","p2":"Geradifdorudini","format":"[Gen 9] VGC 2023 Regulation C","log":"|j|\u2606GTheDon\n|j|\u2606Geradifdorudini\n|t:|1683697883\n|gametype|doubles\n|player|p1|GTheDon|psychic|1157\n|player|p2|Geradifdorudini|lucas|1140\n|teamsize|p1|6\n|teamsize|p2|6\n|gen|9\n|tier|[Gen 9] VGC 2023 Regulation C\n|rated|\n|rule|Species Clause: Limit one of each Pok\u00e9mon\n|rule|Item Clause: Limit one of each item\n|clearpoke\n|poke|p1|Lycanroc, L50, F|\n|poke|p1|Tyranitar, L50, F|\n|poke|p1|Espathra, L50, F|\n|poke|p1|Amoonguss, L50, M|\n|poke|p1|Arcanine, L50, F|\n|poke|p1|Wo-Chien, L50|\n|poke|p2|Garchomp, L50, M|\n|poke|p2|Corviknight, L50, M|\n|poke|p2|Flutter Mane, L50|\n|poke|p2|Chi-Yu, L50|\n|poke|p2|Gyarados, L50, F|\n|poke|p2|Amoonguss, L50, M|\n|teampreview|4\nGeradifdorudini has agreed to open team sheets.\n|inactive|Battle timer is ON: inactive players will automatically lose when time's up. (requested by GTheDon)\n|\n|t:|1683697909\n|start\n|switch|p1a: Wo-Chien|Wo-Chien, L50|100\/100\n|switch|p1b: Espathra|Espathra, L50, F|100\/100\n|switch|p2a: Gyarados|Gyarados, L50, F|100\/100\n|switch|p2b: Corviknight|Corviknight, L50, M|100\/100\n|-ability|p2a: Gyarados|Intimidate|boost\n|-unboost|p1a: Wo-Chien|atk|1\n|-unboost|p1b: Espathra|atk|1\n|-ability|p1a: Wo-Chien|Tablets of Ruin\n|turn|1\n|inactive|GTheDon has 30 seconds left.\n|inactive|Geradifdorudini has 30 seconds left.\n|inactive|Geradifdorudini has 20 seconds left.\n|\n|t:|1683697953\n|move|p1b: Espathra|Lumina Crash|p2a: Gyarados\n|-damage|p2a: Gyarados|79\/100\n|-unboost|p2a: Gyarados|spd|2\n|move|p2a: Gyarados|Taunt|p1a: Wo-Chien\n|-start|p1a: Wo-Chien|move: Taunt\n|move|p2b: Corviknight|Brave Bird|p1a: Wo-Chien\n|-supereffective|p1a: Wo-Chien\n|-damage|p1a: Wo-Chien|49\/100\n|-damage|p2b: Corviknight|85\/100|[from] Recoil\n|cant|p1a: Wo-Chien|move: Taunt|Leech Seed\n|\n|-ability|p1b: Espathra|Speed Boost|boost\n|-boost|p1b: Espathra|spe|1\n|upkeep\n|turn|2\n|inactive|Geradifdorudini has 30 seconds left.\n|\n|t:|1683697981\n|switch|p1a: Tyranitar|Tyranitar, L50, F|100\/100\n|-weather|Sandstorm|[from] ability: Sand Stream|[of] p1a: Tyranitar\n|move|p1b: Espathra|Lumina Crash|p2a: Gyarados\n|-damage|p2a: Gyarados|30\/100\n|-unboost|p2a: Gyarados|spd|2\n|-enditem|p2a: Gyarados|Sitrus Berry|[eat]\n|-heal|p2a: Gyarados|54\/100|[from] item: Sitrus Berry\n|move|p2a: Gyarados|Thunder Wave|p1b: Espathra\n|-status|p1b: Espathra|par\n|move|p2b: Corviknight|Brave Bird|p1a: Tyranitar\n|-resisted|p1a: Tyranitar\n|-damage|p1a: Tyranitar|83\/100\n|-damage|p2b: Corviknight|79\/100|[from] Recoil\n|\n|-weather|Sandstorm|[upkeep]\n|-damage|p2a: Gyarados|49\/100|[from] Sandstorm\n|-damage|p1b: Espathra|95\/100 par|[from] Sandstorm\n|-heal|p1a: Tyranitar|88\/100|[from] item: Leftovers\n|-ability|p1b: Espathra|Speed Boost|boost\n|-boost|p1b: Espathra|spe|1\n|upkeep\n|turn|3\n|\n|t:|1683697999\n|switch|p2a: Chi-Yu|Chi-Yu, L50|100\/100\n|-ability|p2a: Chi-Yu|Beads of Ruin\n|move|p1b: Espathra|Lumina Crash|p2a: Chi-Yu\n|-immune|p2a: Chi-Yu\n|move|p2b: Corviknight|Iron Head|p1a: Tyranitar\n|-supereffective|p1a: Tyranitar\n|-crit|p1a: Tyranitar\n|-damage|p1a: Tyranitar|16\/100\n|move|p1a: Tyranitar|Iron Defense|p1a: Tyranitar\n|-boost|p1a: Tyranitar|def|2\n|\n|-weather|Sandstorm|[upkeep]\n|-damage|p2a: Chi-Yu|95\/100|[from] Sandstorm\n|-damage|p1b: Espathra|89\/100 par|[from] Sandstorm\n|-heal|p1a: Tyranitar|22\/100|[from] item: Leftovers\n|-ability|p1b: Espathra|Speed Boost|boost\n|-boost|p1b: Espathra|spe|1\n|upkeep\n|turn|4\n|\n|t:|1683698022\n|move|p1a: Tyranitar|Protect|p1a: Tyranitar\n|-singleturn|p1a: Tyranitar|Protect\n|move|p1b: Espathra|Lumina Crash|p2b: Corviknight\n|-resisted|p2b: Corviknight\n|-damage|p2b: Corviknight|62\/100\n|-ability|p2b: Corviknight|Mirror Armor\n|-unboost|p1b: Espathra|spd|2\n|move|p2a: Chi-Yu|Dark Pulse|p1b: Espathra\n|-supereffective|p1b: Espathra\n|-damage|p1b: Espathra|0 fnt\n|faint|p1b: Espathra\n|-damage|p2a: Chi-Yu|85\/100|[from] item: Life Orb\n|move|p2b: Corviknight|Iron Head|p1a: Tyranitar\n|-activate|p1a: Tyranitar|move: Protect\n|\n|-weather|Sandstorm|[upkeep]\n|-damage|p2a: Chi-Yu|80\/100|[from] Sandstorm\n|-heal|p1a: Tyranitar|28\/100|[from] item: Leftovers\n|upkeep\n|\n|t:|1683698032\n|switch|p1b: Lycanroc|Lycanroc, L50, F|100\/100\n|turn|5\n|\n|t:|1683698048\n|-terastallize|p2a: Chi-Yu|Grass\n|-terastallize|p1a: Tyranitar|Steel\n|move|p1b: Lycanroc|Rock Slide|p2b: Corviknight|[spread] p2a,p2b\n|-damage|p2a: Chi-Yu|40\/100\n|-damage|p2b: Corviknight|40\/100\n|move|p2a: Chi-Yu|Tera Blast|p1b: Lycanroc\n|-supereffective|p1b: Lycanroc\n|-enditem|p1b: Lycanroc|Focus Sash\n|-damage|p1b: Lycanroc|1\/100\n|-damage|p2a: Chi-Yu|31\/100|[from] item: Life Orb\n|move|p2b: Corviknight|Iron Head|p1a: Tyranitar\n|-resisted|p1a: Tyranitar\n|-damage|p1a: Tyranitar|21\/100\n|cant|p1a: Tyranitar|flinch\n|\n|-weather|Sandstorm|[upkeep]\n|-damage|p2a: Chi-Yu|25\/100|[from] Sandstorm\n|-heal|p1a: Tyranitar|27\/100|[from] item: Leftovers\n|upkeep\n|turn|6\n|inactive|GTheDon has 30 seconds left.\n|inactive|Geradifdorudini has 30 seconds left.\n|\n|t:|1683698084\n|move|p1b: Lycanroc|Rock Slide|p2a: Chi-Yu|[spread] p2a,p2b\n|-damage|p2a: Chi-Yu|0 fnt\n|-damage|p2b: Corviknight|18\/100\n|faint|p2a: Chi-Yu\n|cant|p2b: Corviknight|flinch\n|move|p1a: Tyranitar|Rock Slide|p2b: Corviknight\n|-damage|p2b: Corviknight|0 fnt\n|faint|p2b: Corviknight\n|\n|-weather|none\n|-heal|p1a: Tyranitar|32\/100|[from] item: Leftovers\n|upkeep\n|\n|t:|1683698090\n|switch|p2a: Garchomp|Garchomp, L50, M|100\/100\n|switch|p2b: Gyarados|Gyarados, L50, F|49\/100\n|-ability|p2b: Gyarados|Intimidate|boost\n|-unboost|p1a: Tyranitar|atk|1\n|-unboost|p1b: Lycanroc|atk|1\n|turn|7\n|\n|t:|1683698109\n|move|p1b: Lycanroc|Rock Slide|p2a: Garchomp|[spread] p2a,p2b\n|-resisted|p2a: Garchomp\n|-supereffective|p2b: Gyarados\n|-damage|p2a: Garchomp|91\/100\n|-damage|p2b: Gyarados|18\/100\n|move|p2a: Garchomp|Earthquake|p1b: Lycanroc|[spread] p1a,p1b\n|-immune|p2b: Gyarados\n|-supereffective|p1a: Tyranitar\n|-supereffective|p1b: Lycanroc\n|-damage|p1a: Tyranitar|0 fnt\n|-damage|p1b: Lycanroc|0 fnt\n|faint|p1a: Tyranitar\n|faint|p1b: Lycanroc\n|cant|p2b: Gyarados|flinch\n|\n|upkeep\n|\n|t:|1683698117\n|switch|p1a: Wo-Chien|Wo-Chien, L50|49\/100\n|-ability|p1a: Wo-Chien|Tablets of Ruin\n|turn|8\n|\n|t:|1683698126\n|move|p2a: Garchomp|Dragon Claw|p1a: Wo-Chien\n|-damage|p1a: Wo-Chien|22\/100\n|move|p2b: Gyarados|Taunt|p1a: Wo-Chien\n|-start|p1a: Wo-Chien|move: Taunt\n|cant|p1a: Wo-Chien|move: Taunt|Leech Seed\n|\n|upkeep\n|turn|9\n|-message|GTheDon forfeited.\n|\n|win|Geradifdorudini\n|raw|GTheDon's rating: 1157 → 1131<\/strong> (-26 for losing)\n|raw|Geradifdorudini's rating: 1140 → 1166<\/strong> (+26 for winning)\n|l|\u2606GTheDon\n","uploadtime":1683698140,"views":19,"p1id":"gthedon","p2id":"geradifdorudini","formatid":"gen9vgc2023regulationc","rating":1131,"private":0,"password":""}