{"id":"gen9vgc2023regulationc-1849492833","p1":"Echo Rose#9471","p2":"Trapzelda","format":"[Gen 9] VGC 2023 Regulation C","log":"|j|\u2606Echo Rose#9471\n|j|\u2606Trapzelda\n|t:|1682204938\n|gametype|doubles\n|player|p1|Echo Rose#9471|266|1343\n|player|p2|Trapzelda|169|1491\n|teamsize|p1|5\n|teamsize|p2|6\n|gen|9\n|tier|[Gen 9] VGC 2023 Regulation C\n|rated|\n|rule|Species Clause: Limit one of each Pok\u00e9mon\n|rule|Item Clause: Limit one of each item\n|clearpoke\n|poke|p1|Chi-Yu, L50|\n|poke|p1|Flutter Mane, L50|\n|poke|p1|Gastrodon, L50, M|\n|poke|p1|Amoonguss, L50, F|\n|poke|p1|Corviknight, L50, F|\n|poke|p2|Murkrow, L50, M|\n|poke|p2|Chi-Yu, L50|\n|poke|p2|Flutter Mane, L50|\n|poke|p2|Garchomp, L50, F|\n|poke|p2|Scizor, L50, M|\n|poke|p2|Quaquaval, L50, M|\n|teampreview|4\n|\n|t:|1682204964\n|start\n|switch|p1a: Flutter Mane|Flutter Mane, L50|100\/100\n|switch|p1b: Chi-Yu|Chi-Yu, L50|100\/100\n|switch|p2a: Murkrow|Murkrow, L50, M|100\/100\n|switch|p2b: Chi-Yu|Chi-Yu, L50|100\/100\n|-ability|p1b: Chi-Yu|Beads of Ruin\n|-ability|p2b: Chi-Yu|Beads of Ruin\n|-enditem|p1a: Flutter Mane|Booster Energy\n|-activate|p1a: Flutter Mane|ability: Protosynthesis|[fromitem]\n|-start|p1a: Flutter Mane|protosynthesisspe\n|turn|1\n|\n|t:|1682204982\n|-terastallize|p1a: Flutter Mane|Fairy\n|move|p1b: Chi-Yu|Protect|p1b: Chi-Yu\n|-singleturn|p1b: Chi-Yu|Protect\n|move|p2a: Murkrow|Tailwind|p2a: Murkrow\n|-sidestart|p2: Trapzelda|move: Tailwind\n|move|p1a: Flutter Mane|Dazzling Gleam|p2b: Chi-Yu|[spread] p2a,p2b\n|-supereffective|p2a: Murkrow\n|-damage|p2a: Murkrow|7\/100\n|-damage|p2b: Chi-Yu|55\/100\n|move|p2b: Chi-Yu|Heat Wave|p1a: Flutter Mane|[spread] p1a\n|-activate|p1b: Chi-Yu|move: Protect\n|-damage|p1a: Flutter Mane|35\/100\n|-damage|p2b: Chi-Yu|46\/100|[from] item: Life Orb\n|\n|upkeep\n|turn|2\n|\n|t:|1682205000\n|move|p1a: Flutter Mane|Protect|p1a: Flutter Mane\n|-singleturn|p1a: Flutter Mane|Protect\n|move|p2a: Murkrow|Sunny Day|p2a: Murkrow\n|-weather|SunnyDay\n|move|p2b: Chi-Yu|Heat Wave|p1a: Flutter Mane|[spread] p1b\n|-activate|p1a: Flutter Mane|move: Protect\n|-resisted|p1b: Chi-Yu\n|-damage|p1b: Chi-Yu|61\/100\n|-damage|p2b: Chi-Yu|36\/100|[from] item: Life Orb\n|move|p1b: Chi-Yu|Flamethrower|p2b: Chi-Yu\n|-resisted|p2b: Chi-Yu\n|-damage|p2b: Chi-Yu|0 fnt\n|faint|p2b: Chi-Yu\n|\n|-weather|SunnyDay|[upkeep]\n|upkeep\n|\n|t:|1682205020\n|switch|p2b: Scizor|Scizor, L50, M|100\/100\n|turn|3\n|\n|t:|1682205027\n|-end|p1a: Flutter Mane|Protosynthesis|[silent]\n|switch|p1a: Mercury|Corviknight, L50, F, shiny|100\/100\n|move|p2b: Scizor|Bullet Punch|p1a: Mercury\n|-resisted|p1a: Mercury\n|-damage|p1a: Mercury|86\/100\n|-damage|p2b: Scizor|84\/100|[from] item: Rocky Helmet|[of] p1a: Mercury\n|move|p2a: Murkrow|Foul Play|p1b: Chi-Yu\n|-resisted|p1b: Chi-Yu\n|-damage|p1b: Chi-Yu|48\/100\n|move|p1b: Chi-Yu|Flamethrower|p2a: Murkrow\n|-damage|p2a: Murkrow|0 fnt\n|faint|p2a: Murkrow\n|\n|-weather|SunnyDay|[upkeep]\n|upkeep\n|\n|t:|1682205030\n|switch|p2a: Quaquaval|Quaquaval, L50, M|100\/100\n|turn|4\n|\n|t:|1682205039\n|switch|p1b: Gastrodon|Gastrodon, L50, M|100\/100\n|-terastallize|p2a: Quaquaval|Electric\n|move|p2a: Quaquaval|Brick Break|p1b: Gastrodon\n|-damage|p1b: Gastrodon|66\/100\n|move|p2b: Scizor|Swords Dance|p2b: Scizor\n|-boost|p2b: Scizor|atk|2\n|move|p1a: Mercury|Brave Bird|p2a: Quaquaval\n|-resisted|p2a: Quaquaval\n|-damage|p2a: Quaquaval|65\/100\n|-damage|p1a: Mercury|77\/100|[from] Recoil\n|\n|-weather|SunnyDay|[upkeep]\n|-sideend|p2: Trapzelda|move: Tailwind\n|upkeep\n|turn|5\n|\n|t:|1682205053\n|move|p2a: Quaquaval|Tera Blast|p1a: Mercury\n|-supereffective|p1a: Mercury\n|-damage|p1a: Mercury|14\/100\n|move|p1a: Mercury|Roost|p1a: Mercury\n|-heal|p1a: Mercury|64\/100\n|-singleturn|p1a: Mercury|move: Roost\n|move|p2b: Scizor|Brick Break|p1b: Gastrodon\n|-damage|p1b: Gastrodon|7\/100\n|move|p1b: Gastrodon|Earth Power|p2a: Quaquaval\n|-supereffective|p2a: Quaquaval\n|-damage|p2a: Quaquaval|0 fnt\n|faint|p2a: Quaquaval\n|\n|-weather|SunnyDay|[upkeep]\n|upkeep\n|turn|6\n|\n|t:|1682205077\n|move|p2b: Scizor|Bullet Punch|p1b: Gastrodon\n|-resisted|p1b: Gastrodon\n|-damage|p1b: Gastrodon|0 fnt\n|faint|p1b: Gastrodon\n|move|p1a: Mercury|Roost|p1a: Mercury\n|-heal|p1a: Mercury|100\/100\n|-singleturn|p1a: Mercury|move: Roost\n|\n|-weather|none\n|upkeep\n|\n|t:|1682205082\n|switch|p1b: Chi-Yu|Chi-Yu, L50|48\/100\n|-ability|p1b: Chi-Yu|Beads of Ruin\n|turn|7\n|\n|t:|1682205087\n|move|p1b: Chi-Yu|Flamethrower|p2b: Scizor\n|-supereffective|p2b: Scizor\n|-damage|p2b: Scizor|0 fnt\n|faint|p2b: Scizor\n|\n|win|Echo Rose#9471\n|raw|Echo Rose#9471's rating: 1343 → 1371<\/strong> (+28 for winning)\n|raw|Trapzelda's rating: 1491 → 1463<\/strong> (-28 for losing)\n|l|\u2606Trapzelda\n","uploadtime":1682205095,"views":4,"p1id":"echorose9471","p2id":"trapzelda","formatid":"gen9vgc2023regulationc","rating":1371,"private":0,"password":""}