{"id":"gen9vgc2023regulationc-1855685815","p1":"tinygambitking","p2":"Slim Reaper 69","format":"[Gen 9] VGC 2023 Regulation C","log":"|j|\u2606tinygambitking\n|j|\u2606Slim Reaper 69\n|t:|1682973142\n|gametype|doubles\n|player|p1|tinygambitking|102|\n|player|p2|Slim Reaper 69|rood|\n|teamsize|p1|6\n|teamsize|p2|6\n|gen|9\n|tier|[Gen 9] VGC 2023 Regulation C\n|rule|Species Clause: Limit one of each Pok\u00e9mon\n|rule|Item Clause: Limit one of each item\n|clearpoke\n|poke|p1|Braviary, L50, M|\n|poke|p1|Rotom-Heat, L50|\n|poke|p1|Donphan, L50, F|\n|poke|p1|Klawf, L50, F|\n|poke|p1|Sylveon, L50, M|\n|poke|p1|Annihilape, L50, M|\n|poke|p2|Pelipper, L50, F|\n|poke|p2|Palafin, L50, F|\n|poke|p2|Azumarill, L50, F|\n|poke|p2|Barraskewda, L50, F|\n|poke|p2|Dondozo, L50, M|\n|poke|p2|Tatsugiri-Stretchy, L50, F|\n|teampreview|4\n|c|\u2606Slim Reaper 69|I posted the link\n|c|\u2606Slim Reaper 69|glhf!\n|c|\u2606tinygambitking|great and same to you\n|\n|t:|1682973210\n|start\n|switch|p1a: Braviary|Braviary, L50, M|100\/100\n|switch|p1b: Sylveon|Sylveon, L50, M|100\/100\n|switch|p2a: Palafin|Palafin, L50, F|100\/100\n|switch|p2b: Barraskewda|Barraskewda, L50, F|100\/100\n|turn|1\n|\n|t:|1682973226\n|detailschange|p2a: Palafin|Palafin-Hero, L50, F\n|switch|p2a: Pelipper|Pelipper, L50, F|100\/100\n|-weather|RainDance|[from] ability: Drizzle|[of] p2a: Pelipper\n|move|p2b: Barraskewda|Liquidation|p1b: Sylveon\n|-damage|p1b: Sylveon|16\/100\n|-unboost|p1b: Sylveon|def|1\n|move|p1a: Braviary|Tailwind|p1a: Braviary\n|-sidestart|p1: tinygambitking|move: Tailwind\n|move|p1b: Sylveon|Yawn|p2b: Barraskewda\n|-start|p2b: Barraskewda|move: Yawn|[of] p1b: Sylveon\n|\n|-weather|RainDance|[upkeep]\n|upkeep\n|turn|2\n|c|\u2606Slim Reaper 69|remember, no tera for you\n|c|\u2606tinygambitking|yep\n|\n|t:|1682973250\n|move|p2b: Barraskewda|Liquidation|p1a: Braviary\n|-damage|p1a: Braviary|0 fnt\n|faint|p1a: Braviary\n|move|p1b: Sylveon|Hyper Voice|p2b: Barraskewda|[spread] p2a,p2b\n|-damage|p2a: Pelipper|48\/100\n|-damage|p2b: Barraskewda|39\/100\n|-enditem|p1b: Sylveon|Throat Spray\n|-boost|p1b: Sylveon|spa|1|[from] item: Throat Spray\n|move|p2a: Pelipper|Tailwind|p2a: Pelipper\n|-sidestart|p2: Slim Reaper 69|move: Tailwind\n|\n|-weather|RainDance|[upkeep]\n|-end|p2b: Barraskewda|move: Yawn|[silent]\n|-status|p2b: Barraskewda|slp\n|upkeep\n|\n|t:|1682973263\n|switch|p1a: Rotom|Rotom-Heat, L50|100\/100\n|turn|3\n|\n|t:|1682973274\n|switch|p1b: Donphan|Donphan, L50, F|100\/100\n|cant|p2b: Barraskewda|slp\n|move|p1a: Rotom|Discharge|p2b: Barraskewda|[spread] p2a,p2b\n|-immune|p1b: Donphan\n|-supereffective|p2a: Pelipper\n|-supereffective|p2b: Barraskewda\n|-damage|p2a: Pelipper|0 fnt\n|-damage|p2b: Barraskewda|0 fnt\n|faint|p2a: Pelipper\n|faint|p2b: Barraskewda\n|\n|-weather|RainDance|[upkeep]\n|upkeep\n|\n|t:|1682973282\n|switch|p2b: Azumarill|Azumarill, L50, F|100\/100\n|switch|p2a: Palafin|Palafin-Hero, L50, F|100\/100\n|-activate|p2a: Palafin|ability: Zero to Hero\n|turn|4\n|\n|t:|1682973296\n|-terastallize|p2a: Palafin|Water\n|move|p1b: Donphan|Protect|p1b: Donphan\n|-singleturn|p1b: Donphan|Protect\n|move|p2a: Palafin|Wave Crash|p1a: Rotom\n|-supereffective|p1a: Rotom\n|-damage|p1a: Rotom|0 fnt\n|faint|p1a: Rotom\n|-damage|p2a: Palafin|77\/100|[from] Recoil\n|move|p2b: Azumarill|Liquidation|p1b: Donphan\n|-activate|p1b: Donphan|move: Protect\n|\n|-weather|RainDance|[upkeep]\n|-sideend|p1: tinygambitking|move: Tailwind\n|upkeep\n|\n|t:|1682973308\n|switch|p1a: Sylveon|Sylveon, L50, M|16\/100\n|turn|5\n|\n|t:|1682973329\n|move|p2a: Palafin|Wave Crash|p1b: Donphan\n|-supereffective|p1b: Donphan\n|-ability|p1b: Donphan|Sturdy\n|-damage|p1b: Donphan|1\/100\n|-damage|p2a: Palafin|40\/100|[from] Recoil\n|move|p2b: Azumarill|Liquidation|p1a: Sylveon\n|-damage|p1a: Sylveon|0 fnt\n|faint|p1a: Sylveon\n|-damage|p2b: Azumarill|91\/100|[from] item: Life Orb\n|move|p1b: Donphan|Earthquake|p2b: Azumarill|[spread] p2a,p2b\n|-damage|p2a: Palafin|0 fnt\n|-damage|p2b: Azumarill|45\/100\n|faint|p2a: Palafin\n|\n|-weather|none\n|-sideend|p2: Slim Reaper 69|move: Tailwind\n|upkeep\n|turn|6\n|\n|t:|1682973352\n|move|p2b: Azumarill|Liquidation|p1b: Donphan\n|-supereffective|p1b: Donphan\n|-damage|p1b: Donphan|0 fnt\n|faint|p1b: Donphan\n|-damage|p2b: Azumarill|36\/100|[from] item: Life Orb\n|\n|win|Slim Reaper 69\n|c|\u2606Slim Reaper 69|sheesh, ggwp\n|c|\u2606tinygambitking|GG\n|c|\u2606Slim Reaper 69|that was close lol\n|c|\u2606tinygambitking|sure was\n|c|\u2606Slim Reaper 69|Nice use of spread moves\n","uploadtime":1682973398,"views":17,"p1id":"tinygambitking","p2id":"slimreaper69","formatid":"gen9vgc2023regulationc","rating":0,"private":0,"password":""}