{"id":"gen9vgc2023regulationc-1854276360","p1":"dinodev","p2":"wiranVGC","format":"[Gen 9] VGC 2023 Regulation C","log":"|j|\u2606dinodev\n|j|\u2606wiranVGC\n|t:|1682791572\n|gametype|doubles\n|player|p1|dinodev|steven|1236\n|player|p2|wiranVGC|265|1325\n|teamsize|p1|6\n|teamsize|p2|6\n|gen|9\n|tier|[Gen 9] VGC 2023 Regulation C\n|rated|\n|rule|Species Clause: Limit one of each Pok\u00e9mon\n|rule|Item Clause: Limit one of each item\n|clearpoke\n|poke|p1|Tyranitar, L50, M|\n|poke|p1|Gyarados, L50, F|\n|poke|p1|Grimmsnarl, L50, M|\n|poke|p1|Houndstone, L50, M|\n|poke|p1|Iron Moth, L50|\n|poke|p1|Brute Bonnet, L50|\n|poke|p2|Iron Bundle, L50|\n|poke|p2|Coalossal, L50, M|\n|poke|p2|Flamigo, L50, F|\n|poke|p2|Ting-Lu, L50|\n|poke|p2|Gothitelle, L50, M|\n|poke|p2|Scream Tail, L50|\n|teampreview|4\n|inactive|Battle timer is ON: inactive players will automatically lose when time's up. (requested by dinodev)\n|\n|t:|1682791607\n|start\n|switch|p1a: Brute Bonnet|Brute Bonnet, L50|100\/100\n|switch|p1b: Iron Moth|Iron Moth, L50|100\/100\n|switch|p2a: Ting-Lu|Ting-Lu, L50|100\/100\n|switch|p2b: Scream Tail|Scream Tail, L50|100\/100\n|-ability|p2a: Ting-Lu|Vessel of Ruin\n|turn|1\n|\n|t:|1682791628\n|-terastallize|p2a: Ting-Lu|Poison\n|move|p2b: Scream Tail|Perish Song|p2b: Scream Tail\n|-start|p1a: Brute Bonnet|perish3|[silent]\n|-start|p1b: Iron Moth|perish3|[silent]\n|-start|p2a: Ting-Lu|perish3|[silent]\n|-start|p2b: Scream Tail|perish3|[silent]\n|-fieldactivate|move: Perish Song\n|move|p1b: Iron Moth|Energy Ball|p2a: Ting-Lu\n|-resisted|p2a: Ting-Lu\n|-damage|p2a: Ting-Lu|94\/100\n|move|p1a: Brute Bonnet|Bullet Seed|p2a: Ting-Lu\n|-resisted|p2a: Ting-Lu\n|-damage|p2a: Ting-Lu|91\/100\n|-resisted|p2a: Ting-Lu\n|-damage|p2a: Ting-Lu|87\/100\n|-resisted|p2a: Ting-Lu\n|-damage|p2a: Ting-Lu|83\/100\n|-resisted|p2a: Ting-Lu\n|-damage|p2a: Ting-Lu|80\/100\n|-hitcount|p2a: Ting-Lu|4\n|move|p2a: Ting-Lu|Sand Tomb|p1a: Brute Bonnet\n|-resisted|p1a: Brute Bonnet\n|-damage|p1a: Brute Bonnet|93\/100\n|-activate|p1a: Brute Bonnet|move: Sand Tomb|[of] p2a: Ting-Lu\n|\n|-damage|p1a: Brute Bonnet|80\/100|[from] move: Sand Tomb|[partiallytrapped]\n|-start|p2b: Scream Tail|perish3\n|-start|p1b: Iron Moth|perish3\n|-start|p1a: Brute Bonnet|perish3\n|-start|p2a: Ting-Lu|perish3\n|upkeep\n|turn|2\n|inactive|wiranVGC has 30 seconds left.\n|inactive|wiranVGC has 20 seconds left.\n|inactive|wiranVGC has 15 seconds left.\n|inactive|wiranVGC has 10 seconds left.\n|inactive|wiranVGC has 5 seconds left.\n|\n|t:|1682791678\n|move|p1b: Iron Moth|Protect|p1b: Iron Moth\n|-singleturn|p1b: Iron Moth|Protect\n|move|p2b: Scream Tail|Encore|p1a: Brute Bonnet\n|-start|p1a: Brute Bonnet|Encore\n|move|p1a: Brute Bonnet|Bullet Seed|p2a: Ting-Lu\n|-resisted|p2a: Ting-Lu\n|-damage|p2a: Ting-Lu|76\/100\n|-resisted|p2a: Ting-Lu\n|-damage|p2a: Ting-Lu|72\/100\n|-resisted|p2a: Ting-Lu\n|-damage|p2a: Ting-Lu|68\/100\n|-resisted|p2a: Ting-Lu\n|-damage|p2a: Ting-Lu|64\/100\n|-hitcount|p2a: Ting-Lu|4\n|move|p2a: Ting-Lu|Sand Tomb|p1b: Iron Moth\n|-activate|p1b: Iron Moth|move: Protect\n|\n|-damage|p1a: Brute Bonnet|68\/100|[from] move: Sand Tomb|[partiallytrapped]\n|-start|p2b: Scream Tail|perish2\n|-start|p1b: Iron Moth|perish2\n|-start|p1a: Brute Bonnet|perish2\n|-start|p2a: Ting-Lu|perish2\n|upkeep\n|turn|3\n|inactive|wiranVGC has 30 seconds left.\n|\n|t:|1682791711\n|-end|p1b: Iron Moth|Quark Drive|[silent]\n|switch|p1b: Tyranitar|Tyranitar, L50, M|100\/100\n|-weather|Sandstorm|[from] ability: Sand Stream|[of] p1b: Tyranitar\n|move|p2b: Scream Tail|Perish Song|p2b: Scream Tail\n|-start|p1b: Tyranitar|perish3|[silent]\n|-fieldactivate|move: Perish Song\n|move|p1a: Brute Bonnet|Bullet Seed|p2b: Scream Tail\n|-damage|p2b: Scream Tail|89\/100\n|-damage|p2b: Scream Tail|77\/100\n|-damage|p2b: Scream Tail|65\/100\n|-damage|p2b: Scream Tail|53\/100\n|-hitcount|p2b: Scream Tail|4\n|move|p2a: Ting-Lu|Sand Tomb|p1b: Tyranitar\n|-supereffective|p1b: Tyranitar\n|-damage|p1b: Tyranitar|72\/100\n|-activate|p1b: Tyranitar|move: Sand Tomb|[of] p2a: Ting-Lu\n|\n|-weather|Sandstorm|[upkeep]\n|-damage|p2b: Scream Tail|47\/100|[from] Sandstorm\n|-damage|p1a: Brute Bonnet|62\/100|[from] Sandstorm\n|-damage|p2a: Ting-Lu|58\/100|[from] Sandstorm\n|-damage|p1b: Tyranitar|59\/100|[from] move: Sand Tomb|[partiallytrapped]\n|-damage|p1a: Brute Bonnet|50\/100|[from] move: Sand Tomb|[partiallytrapped]\n|-start|p2b: Scream Tail|perish1\n|-start|p1b: Tyranitar|perish3\n|-start|p1a: Brute Bonnet|perish1\n|-start|p2a: Ting-Lu|perish1\n|upkeep\n|turn|4\n|inactive|wiranVGC has 30 seconds left.\n|\n|t:|1682791736\n|-end|p2b: Scream Tail|Protosynthesis|[silent]\n|switch|p2b: Iron Bundle|Iron Bundle, L50, shiny|100\/100\n|-enditem|p2b: Iron Bundle|Booster Energy\n|-activate|p2b: Iron Bundle|ability: Quark Drive|[fromitem]\n|-start|p2b: Iron Bundle|quarkdrivespe\n|switch|p2a: Gothitelle|Gothitelle, L50, M, shiny|100\/100\n|move|p1b: Tyranitar|Stomping Tantrum|p2a: Gothitelle\n|-damage|p2a: Gothitelle|71\/100\n|move|p1a: Brute Bonnet|Bullet Seed|p2b: Iron Bundle\n|-supereffective|p2b: Iron Bundle\n|-damage|p2b: Iron Bundle|64\/100\n|-supereffective|p2b: Iron Bundle\n|-damage|p2b: Iron Bundle|26\/100\n|-supereffective|p2b: Iron Bundle\n|-damage|p2b: Iron Bundle|0 fnt\n|faint|p2b: Iron Bundle\n|-end|p2b: Iron Bundle|Quark Drive|[silent]\n|-hitcount|p2: Iron Bundle|3\n|\n|-weather|Sandstorm|[upkeep]\n|-damage|p2a: Gothitelle|64\/100|[from] Sandstorm\n|-damage|p1a: Brute Bonnet|44\/100|[from] Sandstorm\n|-end|p1b: Tyranitar|Sand Tomb|[partiallytrapped]|[silent]\n|-end|p1a: Brute Bonnet|Sand Tomb|[partiallytrapped]|[silent]\n|-end|p1a: Brute Bonnet|Encore\n|-start|p1b: Tyranitar|perish2\n|-start|p1a: Brute Bonnet|perish0\n|upkeep\n|faint|p1a: Brute Bonnet\n|-end|p1a: Brute Bonnet|Protosynthesis|[silent]\n|\n|t:|1682791758\n|switch|p2b: Scream Tail|Scream Tail, L50|47\/100\n|switch|p1a: Houndstone|Houndstone, L50, M|100\/100\n|turn|5\n|\n|t:|1682791782\n|move|p2a: Gothitelle|Fake Out|p1b: Tyranitar\n|-resisted|p1b: Tyranitar\n|-damage|p1b: Tyranitar|57\/100\n|move|p1a: Houndstone|Last Respects|p2a: Gothitelle\n|-supereffective|p2a: Gothitelle\n|-damage|p2a: Gothitelle|0 fnt\n|faint|p2a: Gothitelle\n|-damage|p1a: Houndstone|91\/100|[from] item: Life Orb\n|move|p2b: Scream Tail|Perish Song|p2b: Scream Tail\n|-start|p1a: Houndstone|perish3|[silent]\n|-start|p2b: Scream Tail|perish3|[silent]\n|-fieldactivate|move: Perish Song\n|cant|p1b: Tyranitar|flinch\n|\n|-weather|Sandstorm|[upkeep]\n|-damage|p2b: Scream Tail|41\/100|[from] Sandstorm\n|-start|p1a: Houndstone|perish3\n|-start|p2b: Scream Tail|perish3\n|-start|p1b: Tyranitar|perish1\n|upkeep\n|\n|t:|1682791800\n|switch|p2a: Ting-Lu|Ting-Lu, L50, tera:Poison|58\/100\n|-ability|p2a: Ting-Lu|Vessel of Ruin\n|turn|6\n|inactive|wiranVGC has 30 seconds left.\n|\n|t:|1682791833\n|switch|p1b: Iron Moth|Iron Moth, L50|100\/100\n|move|p1a: Houndstone|Last Respects|p2b: Scream Tail\n|-supereffective|p2b: Scream Tail\n|-damage|p2b: Scream Tail|0 fnt\n|faint|p2b: Scream Tail\n|-end|p2b: Scream Tail|Protosynthesis|[silent]\n|-damage|p1a: Houndstone|81\/100|[from] item: Life Orb\n|move|p2a: Ting-Lu|Sand Tomb|p1a: Houndstone|[miss]\n|-miss|p2a: Ting-Lu|p1a: Houndstone\n|\n|-weather|Sandstorm|[upkeep]\n|-damage|p1b: Iron Moth|95\/100|[from] Sandstorm\n|-damage|p2a: Ting-Lu|52\/100|[from] Sandstorm\n|-start|p1a: Houndstone|perish2\n|upkeep\n|turn|7\n|-message|wiranVGC forfeited.\n|\n|win|dinodev\n|raw|dinodev's rating: 1236 → 1267<\/strong> (+31 for winning)\n|raw|wiranVGC's rating: 1325 → 1300<\/strong> (-25 for losing)\n|l|\u2606wiranVGC\n|l|\u2606dinodev\n|j|\u2606wiranVGC\n|player|p2|wiranVGC|265\n","uploadtime":1682791877,"views":16,"p1id":"dinodev","p2id":"wiranvgc","formatid":"gen9vgc2023regulationc","rating":1267,"private":0,"password":""}