{"id":"gen9vgc2023regulationc-1862851743","p1":"BryanFT1","p2":"Magiplop","format":"[Gen 9] VGC 2023 Regulation C","log":"|j|\u2606BryanFT1\n|j|\u2606Magiplop\n|t:|1683929297\n|gametype|doubles\n|player|p1|BryanFT1|102|1343\n|player|p2|Magiplop|170|1386\n|teamsize|p1|6\n|teamsize|p2|6\n|gen|9\n|tier|[Gen 9] VGC 2023 Regulation C\n|rated|\n|rule|Species Clause: Limit one of each Pok\u00e9mon\n|rule|Item Clause: Limit one of each item\n|clearpoke\n|poke|p1|Dondozo, L50, F|\n|poke|p1|Tatsugiri-Droopy, L50, F|\n|poke|p1|Wo-Chien, L50|\n|poke|p1|Flutter Mane, L50|\n|poke|p1|Arcanine, L50, M|\n|poke|p1|Glimmora, L50, F|\n|poke|p2|Palafin, L50, M|\n|poke|p2|Pelipper, L50, F|\n|poke|p2|Ting-Lu, L50|\n|poke|p2|Amoonguss, L50, M|\n|poke|p2|Flutter Mane, L50|\n|poke|p2|Arcanine, L50, F|\n|teampreview|4\n|inactive|Battle timer is ON: inactive players will automatically lose when time's up. (requested by BryanFT1)\nBryanFT1 has agreed to open team sheets.\nMagiplop has agreed to open team sheets.\n|inactive|BryanFT1 has 60 seconds left.\n|\n|t:|1683929357\n|start\n|switch|p1a: Wo-Chien|Wo-Chien, L50|100\/100\n|switch|p1b: Flutter Mane|Flutter Mane, L50|100\/100\n|switch|p2a: Ting-Lu|Ting-Lu, L50|100\/100\n|switch|p2b: Palafin|Palafin, L50, M|100\/100\n|-ability|p1a: Wo-Chien|Tablets of Ruin\n|-ability|p2a: Ting-Lu|Vessel of Ruin\n|turn|1\n|\n|t:|1683929372\n|move|p2b: Palafin|Protect|p2b: Palafin\n|-singleturn|p2b: Palafin|Protect\n|move|p1b: Flutter Mane|Dazzling Gleam|p2a: Ting-Lu|[spread] p2a\n|-activate|p2b: Palafin|move: Protect\n|-supereffective|p2a: Ting-Lu\n|-damage|p2a: Ting-Lu|65\/100\n|move|p1a: Wo-Chien|Leech Seed|p2a: Ting-Lu\n|-start|p2a: Ting-Lu|move: Leech Seed\n|move|p2a: Ting-Lu|Whirlwind|p2b: Palafin\n|detailschange|p2b: Palafin|Palafin-Hero, L50, M\n|drag|p2b: Amoonguss|Amoonguss, L50, M|100\/100\n|\n|-damage|p2a: Ting-Lu|53\/100|[from] Leech Seed|[of] p1a: Wo-Chien\n|upkeep\n|turn|2\n|inactive|BryanFT1 has 30 seconds left.\n|\n|t:|1683929403\n|move|p1b: Flutter Mane|Dazzling Gleam|p2b: Amoonguss|[spread] p2a,p2b\n|-supereffective|p2a: Ting-Lu\n|-resisted|p2b: Amoonguss\n|-crit|p2b: Amoonguss\n|-damage|p2a: Ting-Lu|16\/100\n|-damage|p2b: Amoonguss|82\/100\n|move|p1a: Wo-Chien|Ruination|p2b: Amoonguss\n|-damage|p2b: Amoonguss|42\/100\n|-enditem|p2b: Amoonguss|Sitrus Berry|[eat]\n|-heal|p2b: Amoonguss|67\/100|[from] item: Sitrus Berry\n|move|p2a: Ting-Lu|Ruination|p1a: Wo-Chien\n|-damage|p1a: Wo-Chien|50\/100\n|move|p2b: Amoonguss|Pollen Puff|p1a: Wo-Chien\n|-supereffective|p1a: Wo-Chien\n|-damage|p1a: Wo-Chien|19\/100\n|\n|-heal|p1a: Wo-Chien|25\/100|[from] item: Leftovers\n|-damage|p2a: Ting-Lu|4\/100|[from] Leech Seed|[of] p1a: Wo-Chien\n|-heal|p1a: Wo-Chien|42\/100|[silent]\n|upkeep\n|turn|3\n|inactive|Magiplop has 30 seconds left.\n|\n|t:|1683929433\n|switch|p2a: Arcanine|Arcanine, L50, F|100\/100\n|-ability|p2a: Arcanine|Intimidate|boost\n|-unboost|p1a: Wo-Chien|atk|1\n|-unboost|p1b: Flutter Mane|atk|1\n|move|p1b: Flutter Mane|Dazzling Gleam|p2a: Arcanine|[spread] p2a,p2b\n|-resisted|p2a: Arcanine\n|-resisted|p2b: Amoonguss\n|-damage|p2a: Arcanine|81\/100\n|-damage|p2b: Amoonguss|50\/100\n|move|p1a: Wo-Chien|Ruination|p2b: Amoonguss|[miss]\n|-miss|p1a: Wo-Chien|p2b: Amoonguss\n|move|p2b: Amoonguss|Spore|p1b: Flutter Mane\n|-status|p1b: Flutter Mane|slp|[from] move: Spore\n|\n|-heal|p1a: Wo-Chien|48\/100|[from] item: Leftovers\n|upkeep\n|turn|4\n|\n|t:|1683929446\n|switch|p2b: Palafin|Palafin-Hero, L50, M|100\/100\n|-activate|p2b: Palafin|ability: Zero to Hero\n|move|p1a: Wo-Chien|Protect|p1a: Wo-Chien\n|-singleturn|p1a: Wo-Chien|Protect\n|cant|p1b: Flutter Mane|slp\n|move|p2a: Arcanine|Howl|p2a: Arcanine|[spread] p2a,p2b\n|-boost|p2a: Arcanine|atk|1\n|-boost|p2b: Palafin|atk|1\n|\n|-heal|p1a: Wo-Chien|55\/100|[from] item: Leftovers\n|upkeep\n|turn|5\n|\n|t:|1683929465\n|-terastallize|p2b: Palafin|Water\n|move|p2b: Palafin|Jet Punch|p1b: Flutter Mane\n|-damage|p1b: Flutter Mane|0 fnt\n|faint|p1b: Flutter Mane\n|-end|p1b: Flutter Mane|Protosynthesis|[silent]\n|move|p2a: Arcanine|Flare Blitz|p1a: Wo-Chien\n|-supereffective|p1a: Wo-Chien\n|-damage|p1a: Wo-Chien|0 fnt\n|faint|p1a: Wo-Chien\n|-damage|p2a: Arcanine|63\/100|[from] Recoil\n|\n|upkeep\n|\n|t:|1683929473\n|switch|p1b: Tatsugiri|Tatsugiri-Droopy, L50, F|100\/100\n|switch|p1a: Dondozo|Dondozo, L50, F|100\/100\n|-activate|p1b: Tatsugiri|ability: Commander|[of] p1a: Dondozo\n|-boost|p1a: Dondozo|atk|2\n|-boost|p1a: Dondozo|spa|2\n|-boost|p1a: Dondozo|spe|2\n|-boost|p1a: Dondozo|def|2\n|-boost|p1a: Dondozo|spd|2\n|turn|6\n|\n|t:|1683929484\n|switch|p2a: Ting-Lu|Ting-Lu, L50|4\/100\n|-ability|p2a: Ting-Lu|Vessel of Ruin\n|move|p2b: Palafin|Jet Punch|p1a: Dondozo\n|-resisted|p1a: Dondozo\n|-damage|p1a: Dondozo|85\/100\n|move|p1a: Dondozo|Earthquake|p2b: Palafin|[spread] p2a,p2b\n|-miss|p1a: Dondozo|p1b: Tatsugiri\n|-damage|p2a: Ting-Lu|0 fnt\n|-damage|p2b: Palafin|48\/100\n|faint|p2a: Ting-Lu\n|-damage|p1a: Dondozo|75\/100|[from] item: Life Orb\n|\n|upkeep\n|\n|t:|1683929492\n|switch|p2a: Arcanine|Arcanine, L50, F|63\/100\n|-ability|p2a: Arcanine|Intimidate|boost\n|-unboost|p1a: Dondozo|atk|1\n|-unboost|p1b: Tatsugiri|atk|1\n|turn|7\n|\n|t:|1683929502\n|switch|p2a: Amoonguss|Amoonguss, L50, M|83\/100\n|move|p2b: Palafin|Jet Punch|p1a: Dondozo\n|-resisted|p1a: Dondozo\n|-damage|p1a: Dondozo|61\/100\n|move|p1a: Dondozo|Earthquake|p2b: Palafin|[spread] p2a,p2b\n|-miss|p1a: Dondozo|p1b: Tatsugiri\n|-damage|p2a: Amoonguss|43\/100\n|-damage|p2b: Palafin|2\/100\n|-damage|p1a: Dondozo|51\/100|[from] item: Life Orb\n|\n|upkeep\n|turn|8\n|\n|t:|1683929533\n|move|p2b: Palafin|Jet Punch|p1a: Dondozo\n|-resisted|p1a: Dondozo\n|-damage|p1a: Dondozo|36\/100\n|move|p1a: Dondozo|Earthquake|p2a: Amoonguss|[spread] p2a,p2b\n|-miss|p1a: Dondozo|p1b: Tatsugiri\n|-damage|p2a: Amoonguss|5\/100\n|-damage|p2b: Palafin|0 fnt\n|faint|p2b: Palafin\n|-damage|p1a: Dondozo|27\/100|[from] item: Life Orb\n|move|p2a: Amoonguss|Spore|p1a: Dondozo\n|-status|p1a: Dondozo|slp|[from] move: Spore\n|\n|upkeep\n|\n|t:|1683929539\n|switch|p2b: Arcanine|Arcanine, L50, F|63\/100\n|-ability|p2b: Arcanine|Intimidate|boost\n|-unboost|p1a: Dondozo|atk|1\n|-unboost|p1b: Tatsugiri|atk|1\n|turn|9\n|\n|t:|1683929548\n|cant|p1a: Dondozo|slp\n|move|p2b: Arcanine|Howl|p2b: Arcanine|[spread] p2a,p2b\n|-boost|p2a: Amoonguss|atk|1\n|-boost|p2b: Arcanine|atk|1\n|move|p2a: Amoonguss|Clear Smog|p1a: Dondozo\n|-damage|p1a: Dondozo|18\/100 slp\n|-clearboost|p1a: Dondozo\n|\n|upkeep\n|turn|10\n|\n|t:|1683929556\n|move|p2b: Arcanine|Extreme Speed|p1a: Dondozo\n|-damage|p1a: Dondozo|3\/100 slp\n|cant|p1a: Dondozo|slp\n|move|p2a: Amoonguss|Spore|p1b: Tatsugiri|[miss]\n|-miss|p2a: Amoonguss|p1b: Tatsugiri\n|\n|upkeep\n|turn|11\n|\n|t:|1683929562\n|move|p2b: Arcanine|Extreme Speed|p1a: Dondozo\n|-damage|p1a: Dondozo|0 fnt\n|faint|p1a: Dondozo\n|move|p2a: Amoonguss|Spore|p1b: Tatsugiri\n|-status|p1b: Tatsugiri|slp|[from] move: Spore\n|\n|upkeep\n|turn|12\n|\n|t:|1683929569\n|-terastallize|p1b: Tatsugiri|Water\n|move|p2b: Arcanine|Extreme Speed|p1b: Tatsugiri\n|-damage|p1b: Tatsugiri|34\/100 slp\n|cant|p1b: Tatsugiri|slp\n|move|p2a: Amoonguss|Pollen Puff|p2b: Arcanine\n|-heal|p2b: Arcanine|100\/100\n|\n|upkeep\n|turn|13\n|\n|t:|1683929578\n|move|p2b: Arcanine|Extreme Speed|p1b: Tatsugiri\n|-damage|p1b: Tatsugiri|0 fnt\n|faint|p1b: Tatsugiri\n|\n|win|Magiplop\n|raw|BryanFT1's rating: 1343 → 1325<\/strong> (-18 for losing)\n|raw|Magiplop's rating: 1386 → 1404<\/strong> (+18 for winning)\n","uploadtime":1683929587,"views":8,"p1id":"bryanft1","p2id":"magiplop","formatid":"gen9vgc2023regulationc","rating":1325,"private":0,"password":""}