{"id":"gen9vgc2023regulationc-1855036006","p1":"SuperiorPangoro","p2":"labiamg","format":"[Gen 9] VGC 2023 Regulation C","log":"|j|\u2606SuperiorPangoro\n|j|\u2606labiamg\n|t:|1682893576\n|gametype|doubles\n|player|p1|SuperiorPangoro|101|\n|player|p2|labiamg|266|\n|teamsize|p1|6\n|teamsize|p2|6\n|gen|9\n|tier|[Gen 9] VGC 2023 Regulation C\n|rule|Species Clause: Limit one of each Pok\u00e9mon\n|rule|Item Clause: Limit one of each item\n|clearpoke\n|poke|p1|Annihilape, L50, F|\n|poke|p1|Staraptor, L50, F|\n|poke|p1|Rotom-Wash, L50|\n|poke|p1|Goodra, L50, M|\n|poke|p1|Garchomp, L50, M|\n|poke|p1|Dragonite, L50, M|\n|poke|p2|Dragonite, L50, F|\n|poke|p2|Lycanroc, L50, F|\n|poke|p2|Talonflame, L50, M|\n|poke|p2|Annihilape, L50, M|\n|poke|p2|Rotom-Wash, L50|\n|poke|p2|Garchomp, L50, F|\n|teampreview|4\nSuperiorPangoro has agreed to open team sheets.\n|\n|t:|1682893611\n|start\n|switch|p1a: Garchomp|Garchomp, L50, M|100\/100\n|switch|p1b: Dragonite|Dragonite, L50, M|100\/100\n|switch|p2a: Dragonite|Dragonite, L50, F|100\/100\n|switch|p2b: Lycanroc|Lycanroc, L50, F|100\/100\n|turn|1\n|\n|t:|1682893648\n|switch|p2a: Rotom|Rotom-Wash, L50|100\/100\n|-terastallize|p1b: Dragonite|Normal\n|move|p2b: Lycanroc|Protect|p2b: Lycanroc\n|-singleturn|p2b: Lycanroc|Protect\n|move|p1b: Dragonite|Extreme Speed|p2a: Rotom\n|-crit|p2a: Rotom\n|-damage|p2a: Rotom|0 fnt\n|faint|p2a: Rotom\n|move|p1a: Garchomp|Rock Slide|p2b: Lycanroc\n|-activate|p2b: Lycanroc|move: Protect\n|\n|upkeep\n|\n|t:|1682893659\n|switch|p2a: Dragonite|Dragonite, L50, F|100\/100\n|turn|2\n|\n|t:|1682893673\n|-terastallize|p2a: Dragonite|Normal\n|move|p1b: Dragonite|Extreme Speed|p2a: Dragonite\n|-damage|p2a: Dragonite|35\/100\n|move|p2a: Dragonite|Extreme Speed|p1b: Dragonite\n|-damage|p1b: Dragonite|69\/100\n|move|p1a: Garchomp|Rock Slide|p2a: Dragonite|[spread] p2a,p2b\n|-damage|p2a: Dragonite|15\/100\n|-damage|p2b: Lycanroc|68\/100\n|move|p2b: Lycanroc|Close Combat|p1b: Dragonite\n|-supereffective|p1b: Dragonite\n|-damage|p1b: Dragonite|0 fnt\n|-unboost|p2b: Lycanroc|def|1\n|-unboost|p2b: Lycanroc|spd|1\n|faint|p1b: Dragonite\n|\n|upkeep\n|\n|t:|1682893684\n|switch|p1b: Annihilape|Annihilape, L50, F|100\/100\n|turn|3\n|\n|t:|1682893690\n|move|p2b: Lycanroc|Protect|p2b: Lycanroc\n|-singleturn|p2b: Lycanroc|Protect\n|move|p2a: Dragonite|Extreme Speed|p1a: Garchomp\n|-damage|p1a: Garchomp|27\/100\n|move|p1a: Garchomp|Rock Slide|p2a: Dragonite|[spread] \n|-activate|p2b: Lycanroc|move: Protect\n|-miss|p1a: Garchomp|p2a: Dragonite\n|move|p1b: Annihilape|Bulk Up|p1b: Annihilape\n|-boost|p1b: Annihilape|atk|1\n|-boost|p1b: Annihilape|def|1\n|\n|upkeep\n|turn|4\n|c|\u2606SuperiorPangoro|A\n|\n|t:|1682893709\n|switch|p2b: Talonflame|Talonflame, L50, M|100\/100\n|move|p2a: Dragonite|Extreme Speed|p1a: Garchomp\n|-damage|p1a: Garchomp|0 fnt\n|faint|p1a: Garchomp\n|move|p1b: Annihilape|Bulk Up|p1b: Annihilape\n|-boost|p1b: Annihilape|atk|1\n|-boost|p1b: Annihilape|def|1\n|\n|upkeep\n|\n|t:|1682893714\n|switch|p1a: Rotom|Rotom-Wash, L50|100\/100\n|turn|5\n|\n|t:|1682893725\n|move|p1a: Rotom|Protect|p1a: Rotom\n|-singleturn|p1a: Rotom|Protect\n|move|p2a: Dragonite|Extreme Speed|p1a: Rotom\n|-activate|p1a: Rotom|move: Protect\n|move|p2b: Talonflame|Brave Bird|p1b: Annihilape\n|-supereffective|p1b: Annihilape\n|-damage|p1b: Annihilape|51\/100\n|-damage|p2b: Talonflame|77\/100|[from] Recoil\n|move|p1b: Annihilape|Rage Fist|p2a: Dragonite\n|-immune|p2a: Dragonite\n|\n|-heal|p1b: Annihilape|57\/100|[from] item: Leftovers\n|upkeep\n|turn|6\n|c|\u2606SuperiorPangoro|a sicierto\n|\n|t:|1682893739\n|move|p1b: Annihilape|Protect|p1b: Annihilape\n|-singleturn|p1b: Annihilape|Protect\n|move|p2a: Dragonite|Extreme Speed|p1a: Rotom\n|-damage|p1a: Rotom|43\/100\n|-enditem|p1a: Rotom|Sitrus Berry|[eat]\n|-heal|p1a: Rotom|67\/100|[from] item: Sitrus Berry\n|move|p2b: Talonflame|Brave Bird|p1b: Annihilape\n|-activate|p1b: Annihilape|move: Protect\n|move|p1a: Rotom|Thunderbolt|p2b: Talonflame\n|-supereffective|p2b: Talonflame\n|-damage|p2b: Talonflame|0 fnt\n|faint|p2b: Talonflame\n|\n|-heal|p1b: Annihilape|63\/100|[from] item: Leftovers\n|upkeep\n|\n|t:|1682893742\n|switch|p2b: Lycanroc|Lycanroc, L50, F|68\/100\n|turn|7\n|c|\u2606labiamg|Yaper\n|\n|t:|1682893751\n|move|p2a: Dragonite|Extreme Speed|p1a: Rotom\n|-damage|p1a: Rotom|8\/100\n|move|p2b: Lycanroc|Rock Slide|p1b: Annihilape|[spread] \n|-miss|p2b: Lycanroc|p1a: Rotom\n|-miss|p2b: Lycanroc|p1b: Annihilape\n|move|p1b: Annihilape|Drain Punch|p2b: Lycanroc\n|-supereffective|p2b: Lycanroc\n|-damage|p2b: Lycanroc|0 fnt\n|-heal|p1b: Annihilape|86\/100|[from] drain|[of] p2b: Lycanroc\n|faint|p2b: Lycanroc\n|move|p1a: Rotom|Thunderbolt|p2a: Dragonite\n|-damage|p2a: Dragonite|0 fnt\n|faint|p2a: Dragonite\n|\n|win|SuperiorPangoro\n","uploadtime":1682893761,"views":10,"p1id":"superiorpangoro","p2id":"labiamg","formatid":"gen9vgc2023regulationc","rating":0,"private":0,"password":""}