{"id":"gen9vgc2023regulationc-1857581064","p1":"purple ggg","p2":"TStorm","format":"[Gen 9] VGC 2023 Regulation C","log":"|j|\u2606purple ggg\n|j|\u2606TStorm\n|t:|1683210203\n|gametype|doubles\n|player|p1|purple ggg|dawn|1461\n|player|p2|TStorm|266|1499\n|teamsize|p1|6\n|teamsize|p2|6\n|gen|9\n|tier|[Gen 9] VGC 2023 Regulation C\n|rated|\n|rule|Species Clause: Limit one of each Pok\u00e9mon\n|rule|Item Clause: Limit one of each item\n|clearpoke\n|poke|p1|Iron Bundle, L50|\n|poke|p1|Abomasnow, L50, F|\n|poke|p1|Talonflame, L50, M|\n|poke|p1|Flutter Mane, L50|\n|poke|p1|Chi-Yu, L50|\n|poke|p1|Ting-Lu, L50|\n|poke|p2|Flutter Mane, L50|\n|poke|p2|Ting-Lu, L50|\n|poke|p2|Kingambit, L50, M|\n|poke|p2|Arcanine, L50, F|\n|poke|p2|Palafin, L50, M|\n|poke|p2|Amoonguss, L50, M|\n|teampreview|4\n|inactive|Battle timer is ON: inactive players will automatically lose when time's up. (requested by purple ggg)\n|\n|t:|1683210254\n|start\n|switch|p1a: Ting-Lu|Ting-Lu, L50|100\/100\n|switch|p1b: Talonflame|Talonflame, L50, M|100\/100\n|switch|p2a: Kingambit|Kingambit, L50, M|100\/100\n|switch|p2b: Ting-Lu|Ting-Lu, L50|100\/100\n|-ability|p1a: Ting-Lu|Vessel of Ruin\n|-ability|p2b: Ting-Lu|Vessel of Ruin\n|turn|1\n|\n|t:|1683210269\n|switch|p2b: Amoonguss|Amoonguss, L50, M|100\/100\n|move|p2a: Kingambit|Protect|p2a: Kingambit\n|-singleturn|p2a: Kingambit|Protect\n|move|p1b: Talonflame|Will-O-Wisp|p2a: Kingambit\n|-activate|p2a: Kingambit|move: Protect\n|move|p1a: Ting-Lu|Fissure|p2b: Amoonguss|[miss]\n|-miss|p1a: Ting-Lu|p2b: Amoonguss\n|\n|upkeep\n|turn|2\n|\n|t:|1683210288\n|move|p1b: Talonflame|Taunt|p2b: Amoonguss\n|-start|p2b: Amoonguss|move: Taunt\n|move|p1a: Ting-Lu|Fissure|p2a: Kingambit|[miss]\n|-miss|p1a: Ting-Lu|p2a: Kingambit\n|move|p2a: Kingambit|Swords Dance|p2a: Kingambit\n|-boost|p2a: Kingambit|atk|2\n|cant|p2b: Amoonguss|move: Taunt|Spore\n|\n|upkeep\n|turn|3\n|\n|t:|1683210311\n|switch|p2b: Ting-Lu|Ting-Lu, L50|100\/100\n|-ability|p2b: Ting-Lu|Vessel of Ruin\n|move|p1b: Talonflame|Brave Bird|p2b: Ting-Lu\n|-damage|p2b: Ting-Lu|78\/100\n|-damage|p1b: Talonflame|90\/100|[from] Recoil\n|move|p1a: Ting-Lu|Fissure|p2a: Kingambit|[miss]\n|-miss|p1a: Ting-Lu|p2a: Kingambit\n|move|p2a: Kingambit|Kowtow Cleave|p1b: Talonflame\n|-damage|p1b: Talonflame|0 fnt\n|faint|p1b: Talonflame\n|\n|upkeep\n|\n|t:|1683210317\n|switch|p1b: Iron Bundle|Iron Bundle, L50|100\/100\n|-enditem|p1b: Iron Bundle|Booster Energy\n|-activate|p1b: Iron Bundle|ability: Quark Drive|[fromitem]\n|-start|p1b: Iron Bundle|quarkdrivespe\n|turn|4\n|\n|t:|1683210331\n|move|p1b: Iron Bundle|Protect|p1b: Iron Bundle\n|-singleturn|p1b: Iron Bundle|Protect\n|move|p2a: Kingambit|Protect|p2a: Kingambit\n|-singleturn|p2a: Kingambit|Protect\n|move|p1a: Ting-Lu|Fissure|p2a: Kingambit\n|-activate|p2a: Kingambit|move: Protect\n|move|p2b: Ting-Lu|Ruination|p1a: Ting-Lu\n|-damage|p1a: Ting-Lu|51\/100\n|\n|upkeep\n|turn|5\n|\n|t:|1683210349\n|-end|p1b: Iron Bundle|Quark Drive|[silent]\n|switch|p1b: Abomasnow|Abomasnow, L50, F|100\/100\n|-weather|Snow|[from] ability: Snow Warning|[of] p1b: Abomasnow\n|move|p1a: Ting-Lu|Fissure|p2a: Kingambit\n|-damage|p2a: Kingambit|0 fnt\n|faint|p2a: Kingambit\n|-ohko\n|move|p2b: Ting-Lu|Heavy Slam|p1b: Abomasnow\n|-supereffective|p1b: Abomasnow\n|-damage|p1b: Abomasnow|51\/100\n|\n|-weather|Snow|[upkeep]\n|upkeep\n|\n|t:|1683210364\n|switch|p2a: Amoonguss|Amoonguss, L50, M|100\/100\n|turn|6\n|\n|t:|1683210379\n|move|p1b: Abomasnow|Blizzard|p2b: Ting-Lu|[spread] p2a,p2b\n|-supereffective|p2a: Amoonguss\n|-supereffective|p2b: Ting-Lu\n|-damage|p2a: Amoonguss|54\/100\n|-damage|p2b: Ting-Lu|56\/100\n|move|p1a: Ting-Lu|Fissure|p2a: Amoonguss\n|-damage|p2a: Amoonguss|0 fnt\n|faint|p2a: Amoonguss\n|-ohko\n|move|p2b: Ting-Lu|Heavy Slam|p1b: Abomasnow\n|-supereffective|p1b: Abomasnow\n|-damage|p1b: Abomasnow|3\/100\n|\n|-weather|Snow|[upkeep]\n|upkeep\n|\n|t:|1683210388\n|switch|p2a: Flutter Mane|Flutter Mane, L50|100\/100\n|turn|7\n|\n|t:|1683210403\n|-terastallize|p2a: Flutter Mane|Fairy\n|-terastallize|p1a: Ting-Lu|Fire\n|move|p1b: Abomasnow|Ice Shard|p2a: Flutter Mane\n|-damage|p2a: Flutter Mane|84\/100\n|move|p2a: Flutter Mane|Moonblast|p1a: Ting-Lu\n|-resisted|p1a: Ting-Lu\n|-damage|p1a: Ting-Lu|20\/100\n|move|p1a: Ting-Lu|Heavy Slam|p2a: Flutter Mane\n|-supereffective|p2a: Flutter Mane\n|-damage|p2a: Flutter Mane|0 fnt\n|faint|p2a: Flutter Mane\n|-end|p2a: Flutter Mane|Protosynthesis|[silent]\n|move|p2b: Ting-Lu|Heavy Slam|p1b: Abomasnow\n|-supereffective|p1b: Abomasnow\n|-damage|p1b: Abomasnow|0 fnt\n|faint|p1b: Abomasnow\n|\n|-weather|Snow|[upkeep]\n|upkeep\n|\n|t:|1683210415\n|switch|p1b: Iron Bundle|Iron Bundle, L50|100\/100\n|turn|8\n|\n|t:|1683210425\n|move|p1b: Iron Bundle|Blizzard|p2b: Ting-Lu\n|-supereffective|p2b: Ting-Lu\n|-damage|p2b: Ting-Lu|22\/100\n|-status|p2b: Ting-Lu|frz\n|move|p1a: Ting-Lu|Fissure|p2b: Ting-Lu\n|-damage|p2b: Ting-Lu|0 fnt\n|faint|p2b: Ting-Lu\n|-ohko\n|\n|win|purple ggg\n|raw|purple ggg's rating: 1461 → 1483<\/strong> (+22 for winning)\n|raw|TStorm's rating: 1499 → 1477<\/strong> (-22 for losing)\n|l|\u2606purple ggg\n|l|\u2606TStorm\n|j| lgh139\n","uploadtime":1683210594,"views":6,"p1id":"purpleggg","p2id":"tstorm","formatid":"gen9vgc2023regulationc","rating":1477,"private":0,"password":""}