{"id":"gen9vgc2023regulationc-1851785598","p1":"Pkfns","p2":"captantan","format":"[Gen 9] VGC 2023 Regulation C","log":"|j|\u2606Pkfns\n|j|\u2606captantan\n|t:|1682483343\n|gametype|doubles\n|player|p1|Pkfns|pokemaniac|1119\n|player|p2|captantan|170|1158\n|teamsize|p1|6\n|teamsize|p2|6\n|gen|9\n|tier|[Gen 9] VGC 2023 Regulation C\n|rated|\n|rule|Species Clause: Limit one of each Pok\u00e9mon\n|rule|Item Clause: Limit one of each item\n|clearpoke\n|poke|p1|Ting-Lu, L50|\n|poke|p1|Annihilape, L50, M|\n|poke|p1|Maushold, L50|\n|poke|p1|Flutter Mane, L50|\n|poke|p1|Amoonguss, L50, F|\n|poke|p1|Arcanine, L50, M|\n|poke|p2|Ting-Lu, L50|\n|poke|p2|Amoonguss, L50, F|\n|poke|p2|Garganacl, L50, M|\n|poke|p2|Arcanine, L50, M|\n|poke|p2|Roaring Moon, L50|\n|poke|p2|Iron Bundle, L50|\n|teampreview|4\nPkfns has agreed to open team sheets.\n|c|\u2606Pkfns|Glhf\n|c|\u2606captantan|glhf\n|inactive|Battle timer is ON: inactive players will automatically lose when time's up. (requested by captantan)\ncaptantan has agreed to open team sheets.\n|inactive|captantan has 60 seconds left.\n|\n|t:|1682483398\n|start\n|switch|p1a: Maushold|Maushold, L50, shiny|100\/100\n|switch|p1b: Annihilape|Annihilape, L50, M|100\/100\n|switch|p2a: Roaring Moon|Roaring Moon, L50|100\/100\n|switch|p2b: Amoonguss|Amoonguss, L50, F|100\/100\n|-enditem|p2a: Roaring Moon|Booster Energy\n|-activate|p2a: Roaring Moon|ability: Protosynthesis|[fromitem]\n|-start|p2a: Roaring Moon|protosynthesisatk\n|turn|1\n|\n|t:|1682483419\n|-terastallize|p2a: Roaring Moon|Flying\n|move|p1b: Annihilape|Protect|p1b: Annihilape\n|-singleturn|p1b: Annihilape|Protect\n|move|p1a: Maushold|Encore||[still]\n|-fail|p1a: Maushold\n|move|p2a: Roaring Moon|Acrobatics|p1b: Annihilape\n|-activate|p1b: Annihilape|move: Protect\n|move|p2b: Amoonguss|Spore|p1b: Annihilape\n|-activate|p1b: Annihilape|move: Protect\n|\n|upkeep\n|turn|2\n|inactive|Pkfns has 30 seconds left.\n|\n|t:|1682483446\n|-terastallize|p1b: Annihilape|Water\n|move|p1a: Maushold|Super Fang|p2b: Amoonguss\n|-damage|p2b: Amoonguss|50\/100\n|-enditem|p2b: Amoonguss|Sitrus Berry|[eat]\n|-heal|p2b: Amoonguss|75\/100|[from] item: Sitrus Berry\n|move|p2a: Roaring Moon|Acrobatics|p1b: Annihilape\n|-damage|p1b: Annihilape|37\/100\n|move|p1b: Annihilape|Rage Fist|p2a: Roaring Moon\n|-damage|p2a: Roaring Moon|40\/100\n|move|p2b: Amoonguss|Spore|p1a: Maushold\n|-status|p1a: Maushold|slp|[from] move: Spore\n|\n|upkeep\n|turn|3\n|\n|t:|1682483466\n|move|p1b: Annihilape|Protect|p1b: Annihilape\n|-singleturn|p1b: Annihilape|Protect\n|cant|p1a: Maushold|slp\n|move|p2a: Roaring Moon|Acrobatics|p1b: Annihilape\n|-activate|p1b: Annihilape|move: Protect\n|move|p2b: Amoonguss|Pollen Puff|p2a: Roaring Moon\n|-heal|p2a: Roaring Moon|89\/100\n|\n|upkeep\n|turn|4\n|\n|t:|1682483483\n|switch|p1b: Arcanine|Arcanine, L50, M|100\/100\n|-ability|p1b: Arcanine|Intimidate|boost\n|-unboost|p2a: Roaring Moon|atk|1\n|-unboost|p2b: Amoonguss|atk|1\n|cant|p1a: Maushold|slp\n|move|p2a: Roaring Moon|Acrobatics|p1b: Arcanine\n|-damage|p1b: Arcanine|57\/100\n|move|p2b: Amoonguss|Spore|p1a: Maushold\n|-fail|p1a: Maushold|slp\n|\n|-heal|p1b: Arcanine|63\/100|[from] item: Leftovers\n|upkeep\n|turn|5\n|inactive|captantan has 30 seconds left.\n|inactive|Pkfns has 30 seconds left.\n|\n|t:|1682483527\n|switch|p2b: Arcanine|Arcanine, L50, M|100\/100\n|-ability|p2b: Arcanine|Intimidate|boost\n|-unboost|p1a: Maushold|atk|1\n|-unboost|p1b: Arcanine|atk|1\n|cant|p1a: Maushold|slp\n|move|p2a: Roaring Moon|Acrobatics|p1a: Maushold\n|-damage|p1a: Maushold|22\/100 slp\n|move|p1b: Arcanine|Will-O-Wisp|p2a: Roaring Moon\n|-status|p2a: Roaring Moon|brn\n|\n|-heal|p1b: Arcanine|69\/100|[from] item: Leftovers\n|-damage|p2a: Roaring Moon|84\/100 brn|[from] brn\n|upkeep\n|turn|6\n|inactive|captantan has 30 seconds left.\n|\n|t:|1682483554\n|switch|p1b: Ting-Lu|Ting-Lu, L50|100\/100\n|-ability|p1b: Ting-Lu|Vessel of Ruin\n|move|p2b: Arcanine|Extreme Speed|p1a: Maushold\n|-damage|p1a: Maushold|0 fnt\n|faint|p1a: Maushold\n|move|p2a: Roaring Moon|Jaw Lock|p1b: Ting-Lu\n|-resisted|p1b: Ting-Lu\n|-damage|p1b: Ting-Lu|94\/100\n|-activate|p2a: Roaring Moon|trapped\n|-activate|p1b: Ting-Lu|trapped\n|\n|-damage|p2a: Roaring Moon|78\/100 brn|[from] brn\n|upkeep\n|\n|t:|1682483564\n|switch|p1a: Arcanine|Arcanine, L50, M|69\/100\n|-ability|p1a: Arcanine|Intimidate|boost\n|-unboost|p2a: Roaring Moon|atk|1\n|-unboost|p2b: Arcanine|atk|1\n|turn|7\n|\n|t:|1682483574\n|move|p2a: Roaring Moon|Dragon Dance|p2a: Roaring Moon\n|-boost|p2a: Roaring Moon|atk|1\n|-boost|p2a: Roaring Moon|spe|1\n|move|p2b: Arcanine|Will-O-Wisp|p1b: Ting-Lu\n|-status|p1b: Ting-Lu|brn\n|move|p1a: Arcanine|Howl|p1a: Arcanine|[spread] p1a,p1b\n|-boost|p1a: Arcanine|atk|1\n|-boost|p1b: Ting-Lu|atk|1\n|move|p1b: Ting-Lu|Stone Edge|p2b: Arcanine\n|-supereffective|p2b: Arcanine\n|-damage|p2b: Arcanine|51\/100\n|\n|-heal|p1a: Arcanine|75\/100|[from] item: Leftovers\n|-damage|p2a: Roaring Moon|72\/100 brn|[from] brn\n|-damage|p1b: Ting-Lu|88\/100 brn|[from] brn\n|upkeep\n|turn|8\n|\n|t:|1682483594\n|move|p2b: Arcanine|Extreme Speed|p1a: Arcanine\n|-damage|p1a: Arcanine|58\/100\n|move|p2a: Roaring Moon|Acrobatics|p1a: Arcanine\n|-damage|p1a: Arcanine|26\/100\n|move|p1a: Arcanine|Howl|p1a: Arcanine|[spread] p1a,p1b\n|-boost|p1a: Arcanine|atk|1\n|-boost|p1b: Ting-Lu|atk|1\n|move|p1b: Ting-Lu|Stone Edge|p2a: Roaring Moon|[miss]\n|-miss|p1b: Ting-Lu|p2a: Roaring Moon\n|\n|-heal|p1a: Arcanine|32\/100|[from] item: Leftovers\n|-damage|p2a: Roaring Moon|66\/100 brn|[from] brn\n|-damage|p1b: Ting-Lu|82\/100 brn|[from] brn\n|upkeep\n|turn|9\n|\n|t:|1682483608\n|move|p1a: Arcanine|Protect|p1a: Arcanine\n|-singleturn|p1a: Arcanine|Protect\n|move|p2b: Arcanine|Extreme Speed|p1a: Arcanine\n|-activate|p1a: Arcanine|move: Protect\n|move|p2a: Roaring Moon|Dragon Dance|p2a: Roaring Moon\n|-boost|p2a: Roaring Moon|atk|1\n|-boost|p2a: Roaring Moon|spe|1\n|move|p1b: Ting-Lu|Stone Edge|p2a: Roaring Moon\n|-supereffective|p2a: Roaring Moon\n|-damage|p2a: Roaring Moon|0 fnt\n|faint|p2a: Roaring Moon\n|-end|p2a: Roaring Moon|Protosynthesis|[silent]\n|\n|-heal|p1a: Arcanine|38\/100|[from] item: Leftovers\n|-damage|p1b: Ting-Lu|76\/100 brn|[from] brn\n|upkeep\n|\n|t:|1682483612\n|switch|p2a: Garganacl|Garganacl, L50, M|100\/100\n|turn|10\n|inactive|Pkfns has 30 seconds left.\n|inactive|captantan has 30 seconds left.\n|\n|t:|1682483643\n|switch|p2b: Amoonguss|Amoonguss, L50, F|100\/100\n|switch|p1a: Annihilape|Annihilape, L50, M, tera:Water|37\/100\n|move|p2a: Garganacl|Protect|p2a: Garganacl\n|-singleturn|p2a: Garganacl|Protect\n|move|p1b: Ting-Lu|Stomping Tantrum|p2a: Garganacl\n|-activate|p2a: Garganacl|move: Protect\n|\n|-damage|p1b: Ting-Lu|70\/100 brn|[from] brn\n|upkeep\n|turn|11\n|\n|t:|1682483658\n|move|p2b: Amoonguss|Rage Powder|p2b: Amoonguss\n|-singleturn|p2b: Amoonguss|move: Rage Powder\n|move|p1a: Annihilape|Drain Punch|p2a: Garganacl\n|-supereffective|p2a: Garganacl\n|-damage|p2a: Garganacl|45\/100\n|-heal|p1a: Annihilape|63\/100|[from] drain|[of] p2a: Garganacl\n|move|p1b: Ting-Lu|Stomping Tantrum|p2b: Amoonguss\n|-damage|p2b: Amoonguss|72\/100\n|move|p2a: Garganacl|Salt Cure|p1a: Annihilape\n|-damage|p1a: Annihilape|49\/100\n|-start|p1a: Annihilape|Salt Cure\n|\n|-heal|p2a: Garganacl|51\/100|[from] item: Leftovers\n|-damage|p1b: Ting-Lu|64\/100 brn|[from] brn\n|-damage|p1a: Annihilape|24\/100|[from] Salt Cure\n|upkeep\n|turn|12\n|inactive|captantan has 30 seconds left.\n|inactive|captantan has 20 seconds left.\n|inactive|captantan has 15 seconds left.\n|inactive|captantan has 10 seconds left.\n|\n|t:|1682483704\n|switch|p1a: Arcanine|Arcanine, L50, M|38\/100\n|-ability|p1a: Arcanine|Intimidate|boost\n|-unboost|p2a: Garganacl|atk|1\n|-unboost|p2b: Amoonguss|atk|1\n|move|p2a: Garganacl|Protect|p2a: Garganacl\n|-singleturn|p2a: Garganacl|Protect\n|move|p2b: Amoonguss|Protect|p2b: Amoonguss\n|-singleturn|p2b: Amoonguss|Protect\n|move|p1b: Ting-Lu|Stomping Tantrum|p2a: Garganacl\n|-activate|p2a: Garganacl|move: Protect\n|\n|-heal|p1a: Arcanine|44\/100|[from] item: Leftovers\n|-heal|p2a: Garganacl|57\/100|[from] item: Leftovers\n|-damage|p1b: Ting-Lu|58\/100 brn|[from] brn\n|upkeep\n|turn|13\n|\n|t:|1682483727\n|switch|p2b: Arcanine|Arcanine, L50, M|51\/100\n|-ability|p2b: Arcanine|Intimidate|boost\n|-unboost|p1a: Arcanine|atk|1\n|-unboost|p1b: Ting-Lu|atk|1\n|move|p1a: Arcanine|Protect|p1a: Arcanine\n|-singleturn|p1a: Arcanine|Protect\n|move|p1b: Ting-Lu|Stomping Tantrum|p2a: Garganacl\n|-supereffective|p2a: Garganacl\n|-damage|p2a: Garganacl|17\/100\n|move|p2a: Garganacl|Recover|p2a: Garganacl\n|-heal|p2a: Garganacl|68\/100\n|\n|-heal|p1a: Arcanine|50\/100|[from] item: Leftovers\n|-heal|p2a: Garganacl|73\/100|[from] item: Leftovers\n|-damage|p1b: Ting-Lu|52\/100 brn|[from] brn\n|upkeep\n|turn|14\n|inactive|captantan has 30 seconds left.\n|inactive|captantan has 20 seconds left.\n|\n|t:|1682483766\n|move|p2b: Arcanine|Extreme Speed|p1a: Arcanine\n|-damage|p1a: Arcanine|23\/100\n|move|p1a: Arcanine|Howl|p1a: Arcanine|[spread] p1a,p1b\n|-boost|p1a: Arcanine|atk|1\n|-boost|p1b: Ting-Lu|atk|1\n|move|p1b: Ting-Lu|Stomping Tantrum|p2b: Arcanine\n|-supereffective|p2b: Arcanine\n|-damage|p2b: Arcanine|0 fnt\n|faint|p2b: Arcanine\n|move|p2a: Garganacl|Salt Cure|p1a: Arcanine\n|-supereffective|p1a: Arcanine\n|-damage|p1a: Arcanine|2\/100\n|-start|p1a: Arcanine|Salt Cure\n|\n|-heal|p1a: Arcanine|8\/100|[from] item: Leftovers\n|-heal|p2a: Garganacl|79\/100|[from] item: Leftovers\n|-damage|p1b: Ting-Lu|46\/100 brn|[from] brn\n|-damage|p1a: Arcanine|0 fnt|[from] Salt Cure\n|faint|p1a: Arcanine\n|upkeep\n|\n|t:|1682483778\n|switch|p2b: Amoonguss|Amoonguss, L50, F|100\/100\n|switch|p1a: Annihilape|Annihilape, L50, M, tera:Water|24\/100\n|turn|15\n|\n|t:|1682483799\n|move|p1a: Annihilape|Protect|p1a: Annihilape\n|-singleturn|p1a: Annihilape|Protect\n|move|p2a: Garganacl|Protect|p2a: Garganacl\n|-singleturn|p2a: Garganacl|Protect\n|move|p1b: Ting-Lu|Stomping Tantrum|p2a: Garganacl\n|-activate|p2a: Garganacl|move: Protect\n|move|p2b: Amoonguss|Spore|p1a: Annihilape\n|-activate|p1a: Annihilape|move: Protect\n|\n|-heal|p2a: Garganacl|85\/100|[from] item: Leftovers\n|-damage|p1b: Ting-Lu|39\/100 brn|[from] brn\n|upkeep\n|turn|16\n|\n|t:|1682483811\n|move|p2b: Amoonguss|Rage Powder|p2b: Amoonguss\n|-singleturn|p2b: Amoonguss|move: Rage Powder\n|move|p1a: Annihilape|Drain Punch|p2a: Garganacl\n|-supereffective|p2a: Garganacl\n|-damage|p2a: Garganacl|27\/100\n|-heal|p1a: Annihilape|52\/100|[from] drain|[of] p2a: Garganacl\n|move|p1b: Ting-Lu|Stomping Tantrum|p2b: Amoonguss\n|-damage|p2b: Amoonguss|70\/100\n|move|p2a: Garganacl|Salt Cure|p1a: Annihilape\n|-damage|p1a: Annihilape|42\/100\n|-start|p1a: Annihilape|Salt Cure\n|\n|-heal|p2a: Garganacl|33\/100|[from] item: Leftovers\n|-damage|p1b: Ting-Lu|33\/100 brn|[from] brn\n|-damage|p1a: Annihilape|17\/100|[from] Salt Cure\n|upkeep\n|turn|17\n|inactive|captantan has 30 seconds left.\n|c|\u2606Pkfns|Yo gg, you played really well!\n|inactive|captantan has 20 seconds left.\n|\n|t:|1682483847\n|move|p2a: Garganacl|Protect|p2a: Garganacl\n|-singleturn|p2a: Garganacl|Protect\n|move|p1a: Annihilape|Drain Punch|p2a: Garganacl\n|-activate|p2a: Garganacl|move: Protect\n|move|p1b: Ting-Lu|Stomping Tantrum|p2a: Garganacl\n|-activate|p2a: Garganacl|move: Protect\n|move|p2b: Amoonguss|Pollen Puff|p1b: Ting-Lu\n|-supereffective|p1b: Ting-Lu\n|-damage|p1b: Ting-Lu|18\/100 brn\n|\n|-heal|p2a: Garganacl|39\/100|[from] item: Leftovers\n|-damage|p1b: Ting-Lu|12\/100 brn|[from] brn\n|-damage|p1a: Annihilape|0 fnt|[from] Salt Cure\n|faint|p1a: Annihilape\n|upkeep\n|turn|18\n|\n|t:|1682483864\n|move|p2b: Amoonguss|Rage Powder|p2b: Amoonguss\n|-singleturn|p2b: Amoonguss|move: Rage Powder\n|move|p1b: Ting-Lu|Stomping Tantrum|p2b: Amoonguss\n|-damage|p2b: Amoonguss|41\/100\n|move|p2a: Garganacl|Salt Cure|p1b: Ting-Lu\n|-resisted|p1b: Ting-Lu\n|-damage|p1b: Ting-Lu|10\/100 brn\n|-start|p1b: Ting-Lu|Salt Cure\n|\n|-heal|p2a: Garganacl|44\/100|[from] item: Leftovers\n|-damage|p1b: Ting-Lu|4\/100 brn|[from] brn\n|-damage|p1b: Ting-Lu|0 fnt|[from] Salt Cure\n|faint|p1b: Ting-Lu\n|\n|win|captantan\n|upkeep\n|raw|Pkfns's rating: 1119 → 1097<\/strong> (-22 for losing)\n|raw|captantan's rating: 1158 → 1180<\/strong> (+22 for winning)\n|c|\u2606captantan|gg\n|l|\u2606Pkfns\n","uploadtime":1682483880,"views":10,"p1id":"pkfns","p2id":"captantan","formatid":"gen9vgc2023regulationc","rating":1097,"private":0,"password":""}