{"id":"gen9vgc2023regulationc-1850734294","p1":"ClessCL","p2":"GrandChatRoux","format":"[Gen 9] VGC 2023 Regulation C","log":"|j|\u2606ClessCL\n|j|\u2606GrandChatRoux\n|t:|1682363088\n|gametype|doubles\n|player|p1|ClessCL|lance|1336\n|player|p2|GrandChatRoux|lyra|1402\n|teamsize|p1|6\n|teamsize|p2|6\n|gen|9\n|tier|[Gen 9] VGC 2023 Regulation C\n|rated|\n|rule|Species Clause: Limit one of each Pok\u00e9mon\n|rule|Item Clause: Limit one of each item\n|clearpoke\n|poke|p1|Flutter Mane, L50|\n|poke|p1|Breloom, L50, M|\n|poke|p1|Talonflame, L50, F|\n|poke|p1|Great Tusk, L50|\n|poke|p1|Tinkaton, L50, F|\n|poke|p1|Iron Moth, L50|\n|poke|p2|Flutter Mane, L50|\n|poke|p2|Volcarona, L50, F|\n|poke|p2|Amoonguss, L50, F|\n|poke|p2|Palafin, L50, F|\n|poke|p2|Corviknight, L50, M|\n|poke|p2|Ting-Lu, L50|\n|teampreview|4\n|inactive|Battle timer is ON: inactive players will automatically lose when time's up. (requested by ClessCL)\n|j| Blizzardsnake21\n|\n|t:|1682363118\n|start\n|switch|p1a: Breloom|Breloom, L50, M|100\/100\n|switch|p1b: Iron Moth|Iron Moth, L50|100\/100\n|switch|p2a: Palafin|Palafin, L50, F, shiny|100\/100\n|switch|p2b: Volcarona|Volcarona, L50, F, shiny|100\/100\n|turn|1\n|inactive|GrandChatRoux has 30 seconds left.\n|\n|t:|1682363147\n|detailschange|p2a: Palafin|Palafin-Hero, L50, F, shiny\n|switch|p2a: Corviknight|Corviknight, L50, M, shiny|100\/100\n|move|p1b: Iron Moth|Heat Wave|p2b: Volcarona|[spread] p2a\n|-miss|p1b: Iron Moth|p2b: Volcarona\n|-supereffective|p2a: Corviknight\n|-damage|p2a: Corviknight|20\/100\n|-damage|p1b: Iron Moth|91\/100|[from] item: Life Orb\n|move|p2b: Volcarona|Quiver Dance|p2b: Volcarona\n|-boost|p2b: Volcarona|spa|1\n|-boost|p2b: Volcarona|spd|1\n|-boost|p2b: Volcarona|spe|1\n|move|p1a: Breloom|Spore|p2b: Volcarona\n|-status|p2b: Volcarona|slp|[from] move: Spore\n|\n|upkeep\n|turn|2\n|inactive|GrandChatRoux has 30 seconds left.\n|\n|t:|1682363175\n|switch|p1a: Flutter Mane|Flutter Mane, L50|100\/100\n|-enditem|p1a: Flutter Mane|Booster Energy\n|-activate|p1a: Flutter Mane|ability: Protosynthesis|[fromitem]\n|-start|p1a: Flutter Mane|protosynthesisspa\n|cant|p2b: Volcarona|slp\n|move|p1b: Iron Moth|Heat Wave|p2a: Corviknight|[spread] p2b\n|-miss|p1b: Iron Moth|p2a: Corviknight\n|-damage|p2b: Volcarona|76\/100 slp\n|-damage|p1b: Iron Moth|81\/100|[from] item: Life Orb\n|move|p2a: Corviknight|Brave Bird|p1a: Flutter Mane\n|-damage|p1a: Flutter Mane|19\/100\n|-damage|p2a: Corviknight|0 fnt|[from] Recoil\n|faint|p2a: Corviknight\n|\n|-heal|p2b: Volcarona|82\/100 slp|[from] item: Leftovers\n|upkeep\n|\n|t:|1682363197\n|switch|p2a: Flutter Mane|Flutter Mane, L50|100\/100\n|-enditem|p2a: Flutter Mane|Booster Energy\n|-activate|p2a: Flutter Mane|ability: Protosynthesis|[fromitem]\n|-start|p2a: Flutter Mane|protosynthesisspe\n|turn|3\n|\n|t:|1682363216\n|-end|p1a: Flutter Mane|Protosynthesis|[silent]\n|switch|p1a: Tinkaton|Tinkaton, L50, F|100\/100\n|-ability|p1a: Tinkaton|Mold Breaker\n|move|p2a: Flutter Mane|Shadow Ball|p1a: Tinkaton\n|-damage|p1a: Tinkaton|59\/100\n|cant|p2b: Volcarona|slp\n|move|p1b: Iron Moth|Sludge Wave|p2b: Volcarona|[spread] p2a,p2b\n|-immune|p1a: Tinkaton\n|-damage|p2a: Flutter Mane|58\/100\n|-damage|p2b: Volcarona|58\/100 slp\n|-damage|p1b: Iron Moth|72\/100|[from] item: Life Orb\n|\n|-heal|p2b: Volcarona|64\/100 slp|[from] item: Leftovers\n|upkeep\n|turn|4\n|\n|t:|1682363241\n|move|p2a: Flutter Mane|Protect|p2a: Flutter Mane\n|-singleturn|p2a: Flutter Mane|Protect\n|-curestatus|p2b: Volcarona|slp|[msg]\n|move|p2b: Volcarona|Protect|p2b: Volcarona\n|-singleturn|p2b: Volcarona|Protect\n|move|p1a: Tinkaton|Fake Out|p2b: Volcarona\n|-activate|p2b: Volcarona|move: Protect\n|move|p1b: Iron Moth|Sludge Wave|p2a: Flutter Mane|[spread] \n|-activate|p2a: Flutter Mane|move: Protect\n|-activate|p2b: Volcarona|move: Protect\n|-immune|p1a: Tinkaton\n|\n|-heal|p2b: Volcarona|70\/100|[from] item: Leftovers\n|upkeep\n|turn|5\n|\n|t:|1682363259\n|-terastallize|p1a: Tinkaton|Flying\n|move|p2a: Flutter Mane|Shadow Ball|p1b: Iron Moth\n|-damage|p1b: Iron Moth|32\/100\n|move|p2b: Volcarona|Heat Wave|p1a: Tinkaton|[spread] \n|-miss|p2b: Volcarona|p1a: Tinkaton\n|-miss|p2b: Volcarona|p1b: Iron Moth\n|move|p1b: Iron Moth|Heat Wave|p2b: Volcarona|[spread] p2a,p2b\n|-damage|p2a: Flutter Mane|15\/100\n|-damage|p2b: Volcarona|43\/100\n|-damage|p1b: Iron Moth|22\/100|[from] item: Life Orb\n|move|p1a: Tinkaton|Thunder Wave|p2b: Volcarona\n|-status|p2b: Volcarona|par\n|\n|-heal|p2b: Volcarona|49\/100 par|[from] item: Leftovers\n|upkeep\n|turn|6\n|\n|t:|1682363283\n|move|p1b: Iron Moth|Protect|p1b: Iron Moth\n|-singleturn|p1b: Iron Moth|Protect\n|move|p2a: Flutter Mane|Thunderbolt|p1a: Tinkaton\n|-supereffective|p1a: Tinkaton\n|-damage|p1a: Tinkaton|0 fnt\n|faint|p1a: Tinkaton\n|move|p2b: Volcarona|Heat Wave|p1b: Iron Moth\n|-activate|p1b: Iron Moth|move: Protect\n|\n|-heal|p2b: Volcarona|56\/100 par|[from] item: Leftovers\n|upkeep\n|\n|t:|1682363293\n|switch|p1a: Flutter Mane|Flutter Mane, L50|19\/100\n|turn|7\n|l| Blizzardsnake21\n|\n|t:|1682363303\n|move|p2a: Flutter Mane|Dazzling Gleam|p1b: Iron Moth|[spread] p1a,p1b\n|-resisted|p1b: Iron Moth\n|-damage|p1a: Flutter Mane|0 fnt\n|-damage|p1b: Iron Moth|15\/100\n|faint|p1a: Flutter Mane\n|-end|p1a: Flutter Mane|Protosynthesis|[silent]\n|move|p1b: Iron Moth|Sludge Wave|p2a: Flutter Mane|[spread] p2a,p2b\n|-damage|p2a: Flutter Mane|0 fnt\n|-damage|p2b: Volcarona|31\/100 par\n|faint|p2a: Flutter Mane\n|-end|p2a: Flutter Mane|Protosynthesis|[silent]\n|-damage|p1b: Iron Moth|5\/100|[from] item: Life Orb\n|cant|p2b: Volcarona|par\n|\n|-heal|p2b: Volcarona|37\/100 par|[from] item: Leftovers\n|upkeep\n|\n|t:|1682363318\n|switch|p2a: Palafin|Palafin-Hero, L50, F, shiny|100\/100\n|switch|p1a: Breloom|Breloom, L50, M|100\/100\n|-activate|p2a: Palafin|ability: Zero to Hero\n|turn|8\n|\n|t:|1682363333\n|-terastallize|p2a: Palafin|Grass\n|move|p2a: Palafin|Jet Punch|p1b: Iron Moth\n|-supereffective|p1b: Iron Moth\n|-damage|p1b: Iron Moth|0 fnt\n|faint|p1b: Iron Moth\n|-end|p1b: Iron Moth|Quark Drive|[silent]\n|move|p1a: Breloom|Bullet Seed|p2a: Palafin\n|-resisted|p2a: Palafin\n|-damage|p2a: Palafin|91\/100\n|-resisted|p2a: Palafin\n|-damage|p2a: Palafin|82\/100\n|-resisted|p2a: Palafin\n|-damage|p2a: Palafin|75\/100\n|-hitcount|p2a: Palafin|3\n|cant|p2b: Volcarona|par\n|\n|-heal|p2b: Volcarona|44\/100 par|[from] item: Leftovers\n|upkeep\n|turn|9\n|-message|ClessCL forfeited.\n|\n|win|GrandChatRoux\n|raw|ClessCL's rating: 1336 → 1320<\/strong> (-16 for losing)\n|raw|GrandChatRoux's rating: 1402 → 1418<\/strong> (+16 for winning)\n|l|\u2606ClessCL\n","uploadtime":1682363506,"views":12,"p1id":"clesscl","p2id":"grandchatroux","formatid":"gen9vgc2023regulationc","rating":1320,"private":0,"password":""}