{"id":"gen9vgc2023regulationc-1852267202","p1":"Mustachioed_Toad","p2":"pokedot777","format":"[Gen 9] VGC 2023 Regulation C","log":"|j|\u2606Mustachioed_Toad\n|j|\u2606pokedot777\n|t:|1682538344\n|gametype|doubles\n|player|p1|Mustachioed_Toad|169|1015\n|player|p2|pokedot777|supernerd|1077\n|teamsize|p1|6\n|teamsize|p2|6\n|gen|9\n|tier|[Gen 9] VGC 2023 Regulation C\n|rated|\n|rule|Species Clause: Limit one of each Pok\u00e9mon\n|rule|Item Clause: Limit one of each item\n|clearpoke\n|poke|p1|Murkrow, L50, M|\n|poke|p1|Abomasnow, L50, F|\n|poke|p1|Iron Bundle, L50|\n|poke|p1|Mimikyu, L50, F|\n|poke|p1|Torkoal, L50, F|\n|poke|p1|Flutter Mane, L50|\n|poke|p2|Talonflame, L50, F|\n|poke|p2|Pelipper, L50, M|\n|poke|p2|Palafin, L50, F|\n|poke|p2|Amoonguss, L50, F|\n|poke|p2|Roaring Moon, L50|\n|poke|p2|Flutter Mane, L50|\n|teampreview|4\n|j| Diegod2\n|\n|t:|1682538372\n|start\n|switch|p1a: Murkrow|Murkrow, L50, M|100\/100\n|switch|p1b: Iron Bundle|Iron Bundle, L50|100\/100\n|switch|p2a: Talonflame|Talonflame, L50, F|100\/100\n|switch|p2b: Palafin|Palafin, L50, F|100\/100\n|-enditem|p1b: Iron Bundle|Booster Energy\n|-activate|p1b: Iron Bundle|ability: Quark Drive|[fromitem]\n|-start|p1b: Iron Bundle|quarkdrivespe\n|turn|1\n|\n|t:|1682538399\n|detailschange|p2b: Palafin|Palafin-Hero, L50, F\n|switch|p2b: Pelipper|Pelipper, L50, M|100\/100\n|-weather|RainDance|[from] ability: Drizzle|[of] p2b: Pelipper\n|-terastallize|p2a: Talonflame|Flying\n|move|p2a: Talonflame|Hurricane|p1b: Iron Bundle\n|-damage|p1b: Iron Bundle|0 fnt\n|faint|p1b: Iron Bundle\n|-end|p1b: Iron Bundle|Quark Drive|[silent]\n|move|p1a: Murkrow|Tailwind|p1a: Murkrow\n|-sidestart|p1: Mustachioed_Toad|move: Tailwind\n|\n|-weather|RainDance|[upkeep]\n|upkeep\n|c| Diegod2|Racism White people are ugly i am racist black are better white people are my slave\n|c| Diegod2|Racism White people are ugly i am racist black are better white people are my slave\n|\n|t:|1682538422\n|switch|p1b: Abomasnow|Abomasnow, L50, F|100\/100\n|-weather|Snow|[from] ability: Snow Warning|[of] p1b: Abomasnow\n|turn|2\n|\n|t:|1682538446\n|switch|p2a: Flutter Mane|Flutter Mane, L50|100\/100\n|move|p1a: Murkrow|Icy Wind|p2b: Pelipper|[spread] p2a,p2b\n|-damage|p2a: Flutter Mane|92\/100\n|-damage|p2b: Pelipper|91\/100\n|-unboost|p2a: Flutter Mane|spe|1\n|-unboost|p2b: Pelipper|spe|1\n|move|p1b: Abomasnow|Blizzard|p2a: Flutter Mane|[spread] p2a,p2b\n|-damage|p2a: Flutter Mane|54\/100\n|-damage|p2b: Pelipper|47\/100\n|-status|p2a: Flutter Mane|frz\n|move|p2b: Pelipper|U-turn|p1b: Abomasnow\n|-supereffective|p1b: Abomasnow\n|-damage|p1b: Abomasnow|87\/100\n|\n|t:|1682538461\n|switch|p2b: Talonflame|Talonflame, L50, F, tera:Flying|100\/100|[from] U-turn\n|\n|-weather|Snow|[upkeep]\n|upkeep\n|turn|3\n|c| Diegod2|Racism White people are ugly i am racist black are better white people are my slave\n|c| Diegod2|Racism White people are ugly i am racist black are better white people are my slave\n|\n|t:|1682538489\n|switch|p1a: Mimikyu|Mimikyu, L50, F|100\/100\n|-end|p2a: Flutter Mane|Protosynthesis|[silent]\n|switch|p2a: Pelipper|Pelipper, L50, M|47\/100\n|-weather|RainDance|[from] ability: Drizzle|[of] p2a: Pelipper\n|move|p2b: Talonflame|Hurricane|p1b: Abomasnow\n|-supereffective|p1b: Abomasnow\n|-damage|p1b: Abomasnow|0 fnt\n|faint|p1b: Abomasnow\n|\n|-weather|RainDance|[upkeep]\n|upkeep\n|\n|t:|1682538499\n|switch|p1b: Murkrow|Murkrow, L50, M|100\/100\n|turn|4\n|\n|t:|1682538519\n|switch|p2b: Flutter Mane|Flutter Mane, L50|54\/100 frz\n|-terastallize|p1a: Mimikyu|Ghost\n|move|p1a: Mimikyu|Shadow Sneak|p2b: Flutter Mane\n|-supereffective|p2b: Flutter Mane\n|-damage|p2b: Flutter Mane|0 fnt\n|faint|p2b: Flutter Mane\n|-end|p2b: Flutter Mane|Protosynthesis|[silent]\n|move|p1b: Murkrow|Foul Play|p2a: Pelipper\n|-damage|p2a: Pelipper|31\/100\n|move|p2a: Pelipper|U-turn|p1a: Mimikyu\n|-activate|p1a: Mimikyu|ability: Disguise\n|-damage|p1a: Mimikyu|100\/100\n|detailschange|p1a: Mimikyu|Mimikyu-Busted, L50, F, tera:Ghost\n|-damage|p1a: Mimikyu|88\/100|[from] pokemon: Mimikyu-Busted\n|c|\u2606pokedot777|gg\n|c|\u2606Mustachioed_Toad|gg\n|\n|t:|1682538548\n|switch|p2a: Palafin|Palafin-Hero, L50, F|100\/100|[from] U-turn\n|-activate|p2a: Palafin|ability: Zero to Hero\n|\n|-weather|RainDance|[upkeep]\n|-sideend|p1: Mustachioed_Toad|move: Tailwind\n|upkeep\n|\n|t:|1682538555\n|switch|p2b: Talonflame|Talonflame, L50, F, tera:Flying|100\/100\n|turn|5\n|\n|t:|1682538566\n|move|p2a: Palafin|Jet Punch|p1b: Murkrow\n|-damage|p1b: Murkrow|12\/100\n|move|p1a: Mimikyu|Shadow Sneak|p2a: Palafin\n|-damage|p2a: Palafin|79\/100\n|move|p2b: Talonflame|Hurricane|p1a: Mimikyu\n|-damage|p1a: Mimikyu|0 fnt\n|faint|p1a: Mimikyu\n|move|p1b: Murkrow|Tailwind|p1b: Murkrow\n|-sidestart|p1: Mustachioed_Toad|move: Tailwind\n|\n|-weather|RainDance|[upkeep]\n|upkeep\n|turn|6\n|c|\u2606pokedot777|so you like the special taloneflsme\n|c|\u2606pokedot777|in rain i made\n|\n|t:|1682538603\n|move|p2a: Palafin|Jet Punch|p1b: Murkrow\n|-damage|p1b: Murkrow|0 fnt\n|faint|p1b: Murkrow\n|\n|win|pokedot777\n|raw|Mustachioed_Toad's rating: 1015 → 1005<\/strong> (-10 for losing)\n|raw|pokedot777's rating: 1077 → 1100<\/strong> (+23 for winning)\n|c|\u2606Mustachioed_Toad|yeah, was not expecting it\n","uploadtime":1682538406,"views":8,"p1id":"mustachioedtoad","p2id":"pokedot777","formatid":"gen9vgc2023regulationc","rating":1005,"private":0,"password":""}