{"id":"gen9vgc2023regulationc-1863887687","p1":"Redreborn7","p2":"ted31625","format":"[Gen 9] VGC 2023 Regulation C","log":"|j|\u2606Redreborn7\n|j|\u2606ted31625\n|t:|1684089632\n|gametype|doubles\n|player|p1|Redreborn7|ethan-gen2c|1330\n|player|p2|ted31625|101|1236\n|teamsize|p1|6\n|teamsize|p2|6\n|gen|9\n|tier|[Gen 9] VGC 2023 Regulation C\n|rated|\n|rule|Species Clause: Limit one of each Pok\u00e9mon\n|rule|Item Clause: Limit one of each item\n|clearpoke\n|poke|p1|Tyranitar, L50, M|\n|poke|p1|Ting-Lu, L50|\n|poke|p1|Ceruledge, L50, F|\n|poke|p1|Amoonguss, L50, F|\n|poke|p1|Iron Bundle, L50|\n|poke|p1|Gyarados, L50, M|\n|poke|p2|Talonflame, L50, F|\n|poke|p2|Ting-Lu, L50|\n|poke|p2|Abomasnow, L50, F|\n|poke|p2|Iron Bundle, L50|\n|poke|p2|Flutter Mane, L50|\n|poke|p2|Chi-Yu, L50|\n|teampreview|4\n|inactive|Battle timer is ON: inactive players will automatically lose when time's up. (requested by ted31625)\n|inactive|Redreborn7 has 60 seconds left.\n|\n|t:|1684089684\n|start\n|switch|p1a: Ting-Lu|Ting-Lu, L50|100\/100\n|switch|p1b: Tyranitar|Tyranitar, L50, M|100\/100\n|switch|p2a: Talonflame|Talonflame, L50, F, shiny|100\/100\n|switch|p2b: Ting-Lu|Ting-Lu, L50|100\/100\n|-weather|Sandstorm|[from] ability: Sand Stream|[of] p1b: Tyranitar\n|-ability|p2b: Ting-Lu|Vessel of Ruin\n|-ability|p1a: Ting-Lu|Vessel of Ruin\n|turn|1\n|\n|t:|1684089710\n|-terastallize|p1b: Tyranitar|Flying\n|move|p2a: Talonflame|Will-O-Wisp|p1a: Ting-Lu\n|-status|p1a: Ting-Lu|brn\n|move|p1b: Tyranitar|Rock Slide|p2b: Ting-Lu|[spread] p2a,p2b\n|-supereffective|p2a: Talonflame\n|-resisted|p2b: Ting-Lu\n|-damage|p2a: Talonflame|0 fnt\n|-damage|p2b: Ting-Lu|90\/100\n|faint|p2a: Talonflame\n|move|p2b: Ting-Lu|Earthquake|p1b: Tyranitar|[spread] p1a\n|-immune|p1b: Tyranitar\n|-damage|p1a: Ting-Lu|80\/100 brn\n|move|p1a: Ting-Lu|Stomping Tantrum|p2b: Ting-Lu\n|-damage|p2b: Ting-Lu|80\/100\n|\n|-weather|Sandstorm|[upkeep]\n|-damage|p1b: Tyranitar|95\/100|[from] Sandstorm\n|-damage|p1a: Ting-Lu|74\/100 brn|[from] brn\n|upkeep\n|\n|t:|1684089720\n|switch|p2a: Flutter Mane|Flutter Mane, L50|100\/100\n|turn|2\n|\n|t:|1684089738\n|switch|p2b: Chi-Yu|Chi-Yu, L50|100\/100\n|-ability|p2b: Chi-Yu|Beads of Ruin\n|-terastallize|p2a: Flutter Mane|Fairy\n|move|p2a: Flutter Mane|Dazzling Gleam|p1b: Tyranitar|[spread] p1a,p1b\n|-supereffective|p1a: Ting-Lu\n|-damage|p1a: Ting-Lu|0 fnt\n|-damage|p1b: Tyranitar|55\/100\n|faint|p1a: Ting-Lu\n|move|p1b: Tyranitar|Low Kick|p2b: Chi-Yu\n|-supereffective|p2b: Chi-Yu\n|-damage|p2b: Chi-Yu|77\/100\n|\n|-weather|Sandstorm|[upkeep]\n|-damage|p2b: Chi-Yu|71\/100|[from] Sandstorm\n|-damage|p2a: Flutter Mane|95\/100|[from] Sandstorm\n|-damage|p1b: Tyranitar|49\/100|[from] Sandstorm\n|upkeep\n|\n|t:|1684089763\n|switch|p1a: Ceruledge|Ceruledge, L50, F|100\/100\n|turn|3\n|\n|t:|1684089774\n|-end|p2a: Flutter Mane|Protosynthesis|[silent]\n|switch|p2a: Ting-Lu|Ting-Lu, L50|80\/100\n|-ability|p2a: Ting-Lu|Vessel of Ruin\n|move|p1a: Ceruledge|Protect|p1a: Ceruledge\n|-singleturn|p1a: Ceruledge|Protect\n|move|p2b: Chi-Yu|Dark Pulse|p1a: Ceruledge\n|-activate|p1a: Ceruledge|move: Protect\n|move|p1b: Tyranitar|Tera Blast|p2a: Ting-Lu\n|-damage|p2a: Ting-Lu|53\/100\n|\n|-weather|Sandstorm|[upkeep]\n|-damage|p2b: Chi-Yu|65\/100|[from] Sandstorm\n|-damage|p1a: Ceruledge|94\/100|[from] Sandstorm\n|-damage|p1b: Tyranitar|43\/100|[from] Sandstorm\n|upkeep\n|turn|4\n|inactive|ted31625 has 30 seconds left.\n|\n|t:|1684089801\n|move|p2b: Chi-Yu|Dark Pulse|p1a: Ceruledge\n|-supereffective|p1a: Ceruledge\n|-damage|p1a: Ceruledge|0 fnt\n|faint|p1a: Ceruledge\n|move|p1b: Tyranitar|Rock Slide|p2b: Chi-Yu|[spread] p2a,p2b\n|-resisted|p2a: Ting-Lu\n|-supereffective|p2b: Chi-Yu\n|-damage|p2a: Ting-Lu|42\/100\n|-damage|p2b: Chi-Yu|0 fnt\n|faint|p2b: Chi-Yu\n|cant|p2a: Ting-Lu|flinch\n|\n|-weather|Sandstorm|[upkeep]\n|-damage|p1b: Tyranitar|37\/100|[from] Sandstorm\n|upkeep\n|\n|t:|1684089807\n|switch|p2b: Flutter Mane|Flutter Mane, L50, tera:Fairy|95\/100\n|switch|p1a: Iron Bundle|Iron Bundle, L50|100\/100\n|-enditem|p1a: Iron Bundle|Booster Energy\n|-activate|p1a: Iron Bundle|ability: Quark Drive|[fromitem]\n|-start|p1a: Iron Bundle|quarkdrivespe\n|turn|5\n|\n|t:|1684089824\n|move|p1a: Iron Bundle|Protect|p1a: Iron Bundle\n|-singleturn|p1a: Iron Bundle|Protect\n|move|p2b: Flutter Mane|Dazzling Gleam|p1b: Tyranitar|[spread] p1b\n|-activate|p1a: Iron Bundle|move: Protect\n|-crit|p1b: Tyranitar\n|-damage|p1b: Tyranitar|0 fnt\n|faint|p1b: Tyranitar\n|move|p2a: Ting-Lu|Rock Slide|p1a: Iron Bundle\n|-activate|p1a: Iron Bundle|move: Protect\n|\n|-weather|none\n|upkeep\n|turn|6\n|\n|t:|1684089838\n|move|p1a: Iron Bundle|Hydro Pump|p2a: Ting-Lu\n|-supereffective|p2a: Ting-Lu\n|-damage|p2a: Ting-Lu|0 fnt\n|faint|p2a: Ting-Lu\n|move|p2b: Flutter Mane|Dazzling Gleam|p1a: Iron Bundle\n|-damage|p1a: Iron Bundle|0 fnt\n|faint|p1a: Iron Bundle\n|-end|p1a: Iron Bundle|Quark Drive|[silent]\n|\n|win|ted31625\n|raw|Redreborn7's rating: 1330 → 1305<\/strong> (-25 for losing)\n|raw|ted31625's rating: 1236 → 1268<\/strong> (+32 for winning)\n","uploadtime":1684089843,"views":4,"p1id":"redreborn7","p2id":"ted31625","formatid":"gen9vgc2023regulationc","rating":1268,"private":0,"password":""}