{"id":"gen9vgc2023regulationc-1847467175","p1":"0rion1798","p2":"Ricardo Randorez","format":"[Gen 9] VGC 2023 Regulation C","log":"|j|\u26060rion1798\n|j|\u2606Ricardo Randorez\n|t:|1681958683\n|gametype|doubles\n|player|p1|0rion1798|1|1125\n|player|p2|Ricardo Randorez|265|1224\n|teamsize|p1|6\n|teamsize|p2|6\n|gen|9\n|tier|[Gen 9] VGC 2023 Regulation C\n|rated|\n|rule|Species Clause: Limit one of each Pok\u00e9mon\n|rule|Item Clause: Limit one of each item\n|clearpoke\n|poke|p1|Tyranitar, L50, F|\n|poke|p1|Glimmora, L50, F|\n|poke|p1|Chi-Yu, L50|\n|poke|p1|Flutter Mane, L50|\n|poke|p1|Chien-Pao, L50|\n|poke|p1|Dragonite, L50, F|\n|poke|p2|Pachirisu, L50, M|\n|poke|p2|Gholdengo, L50|\n|poke|p2|Azumarill, L50, M|\n|poke|p2|Chien-Pao, L50|\n|poke|p2|Dragonite, L50, F|\n|poke|p2|Brute Bonnet, L50|\n|teampreview|4\n|inactive|Battle timer is ON: inactive players will automatically lose when time's up. (requested by Ricardo Randorez)\n|\n|t:|1681958723\n|start\n|switch|p1a: Amongus Hater|Glimmora, L50, F|100\/100\n|switch|p1b: Feesh|Chi-Yu, L50|100\/100\n|switch|p2a: Pachirisu|Pachirisu, L50, M|100\/100\n|switch|p2b: Azumarill|Azumarill, L50, M|100\/100\n|-ability|p1b: Feesh|Beads of Ruin\n|turn|1\n|inactive|Ricardo Randorez has 30 seconds left.\n|\n|t:|1681958751\n|switch|p1b: Landorus Apologist|Tyranitar, L50, F|100\/100\n|-weather|Sandstorm|[from] ability: Sand Stream|[of] p1b: Landorus Apologist\n|move|p2a: Pachirisu|Super Fang|p1a: Amongus Hater\n|-damage|p1a: Amongus Hater|50\/100\n|move|p1a: Amongus Hater|Mortal Spin|p2a: Pachirisu|[spread] p2a,p2b\n|-crit|p2a: Pachirisu\n|-supereffective|p2b: Azumarill\n|-damage|p2a: Pachirisu|92\/100\n|-damage|p2b: Azumarill|92\/100\n|-status|p2a: Pachirisu|psn\n|-status|p2b: Azumarill|psn\n|move|p2b: Azumarill|Liquidation|p1b: Landorus Apologist\n|-supereffective|p1b: Landorus Apologist\n|-damage|p1b: Landorus Apologist|8\/100\n|\n|-weather|Sandstorm|[upkeep]\n|-damage|p2a: Pachirisu|86\/100 psn|[from] Sandstorm\n|-damage|p2b: Azumarill|86\/100 psn|[from] Sandstorm\n|-heal|p1a: Amongus Hater|57\/100|[from] item: Leftovers\n|-damage|p2a: Pachirisu|74\/100 psn|[from] psn\n|-damage|p2b: Azumarill|74\/100 psn|[from] psn\n|upkeep\n|turn|2\n|inactive|0rion1798 has 30 seconds left.\n|inactive|Ricardo Randorez has 30 seconds left.\n|inactive|Ricardo Randorez has 20 seconds left.\n|inactive|Ricardo Randorez has 15 seconds left.\n|\n|t:|1681958793\n|move|p1a: Amongus Hater|Spiky Shield|p1a: Amongus Hater\n|-singleturn|p1a: Amongus Hater|move: Protect\n|move|p2a: Pachirisu|Follow Me|p2a: Pachirisu\n|-singleturn|p2a: Pachirisu|move: Follow Me\n|move|p1b: Landorus Apologist|Rock Slide|p2a: Pachirisu|[spread] p2a,p2b\n|-damage|p2a: Pachirisu|30\/100 psn\n|-damage|p2b: Azumarill|43\/100 psn\n|-enditem|p2a: Pachirisu|Sitrus Berry|[eat]\n|-heal|p2a: Pachirisu|55\/100 psn|[from] item: Sitrus Berry\n|move|p2b: Azumarill|Liquidation|p1a: Amongus Hater\n|-activate|p1a: Amongus Hater|move: Protect\n|-damage|p2b: Azumarill|31\/100 psn|[from] Spiky Shield|[of] p1a: Amongus Hater\n|\n|-weather|Sandstorm|[upkeep]\n|-damage|p2a: Pachirisu|49\/100 psn|[from] Sandstorm\n|-damage|p2b: Azumarill|26\/100 psn|[from] Sandstorm\n|-heal|p1a: Amongus Hater|63\/100|[from] item: Leftovers\n|-damage|p2a: Pachirisu|37\/100 psn|[from] psn\n|-damage|p2b: Azumarill|14\/100 psn|[from] psn\n|upkeep\n|turn|3\n|inactive|0rion1798 has 30 seconds left.\n|inactive|0rion1798 has 20 seconds left.\n|\n|t:|1681958830\n|-terastallize|p1a: Amongus Hater|Grass\n|move|p1b: Landorus Apologist|Protect|p1b: Landorus Apologist\n|-singleturn|p1b: Landorus Apologist|Protect\n|move|p2a: Pachirisu|Follow Me|p2a: Pachirisu\n|-singleturn|p2a: Pachirisu|move: Follow Me\n|move|p2b: Azumarill|Aqua Jet|p1a: Amongus Hater\n|-resisted|p1a: Amongus Hater\n|-damage|p1a: Amongus Hater|53\/100\n|move|p1a: Amongus Hater|Venoshock|p2a: Pachirisu\n|-damage|p2a: Pachirisu|0 fnt\n|faint|p2a: Pachirisu\n|\n|-weather|Sandstorm|[upkeep]\n|-damage|p1a: Amongus Hater|47\/100|[from] Sandstorm\n|-damage|p2b: Azumarill|8\/100 psn|[from] Sandstorm\n|-heal|p1a: Amongus Hater|53\/100|[from] item: Leftovers\n|-damage|p2b: Azumarill|0 fnt|[from] psn\n|faint|p2b: Azumarill\n|upkeep\n|\n|t:|1681958850\n|switch|p2a: Gholdengo|Gholdengo, L50|100\/100\n|switch|p2b: Brute Bonnet|Brute Bonnet, L50|100\/100\n|turn|4\n|\n|t:|1681958875\n|move|p2b: Brute Bonnet|Sucker Punch|p1b: Landorus Apologist\n|-resisted|p1b: Landorus Apologist\n|-damage|p1b: Landorus Apologist|0 fnt\n|faint|p1b: Landorus Apologist\n|move|p2a: Gholdengo|Shadow Ball|p1a: Amongus Hater\n|-damage|p1a: Amongus Hater|4\/100\n|move|p1a: Amongus Hater|Mortal Spin|p2b: Brute Bonnet|[spread] p2b\n|-immune|p2a: Gholdengo\n|-supereffective|p2b: Brute Bonnet\n|-damage|p2b: Brute Bonnet|92\/100\n|-status|p2b: Brute Bonnet|psn\n|\n|-weather|Sandstorm|[upkeep]\n|-damage|p1a: Amongus Hater|0 fnt|[from] Sandstorm\n|-damage|p2b: Brute Bonnet|86\/100 psn|[from] Sandstorm\n|faint|p1a: Amongus Hater\n|-damage|p2b: Brute Bonnet|74\/100 psn|[from] psn\n|upkeep\n|\n|t:|1681958892\n|switch|p1a: Gen 9 Incin|Flutter Mane, L50|100\/100\n|switch|p1b: Feesh|Chi-Yu, L50|100\/100\n|-ability|p1b: Feesh|Beads of Ruin\n|-enditem|p1a: Gen 9 Incin|Booster Energy\n|-activate|p1a: Gen 9 Incin|ability: Protosynthesis|[fromitem]\n|-start|p1a: Gen 9 Incin|protosynthesisspe\n|turn|5\n|\n|t:|1681958915\n|-terastallize|p2a: Gholdengo|Water\n|move|p1a: Gen 9 Incin|Imprison|p1a: Gen 9 Incin\n|-start|p1a: Gen 9 Incin|move: Imprison\n|move|p1b: Feesh|Heat Wave|p2b: Brute Bonnet|[spread] p2a,p2b\n|-resisted|p2a: Gholdengo\n|-supereffective|p2b: Brute Bonnet\n|-damage|p2a: Gholdengo|71\/100\n|-damage|p2b: Brute Bonnet|0 fnt\n|faint|p2b: Brute Bonnet\n|-end|p2b: Brute Bonnet|Protosynthesis|[silent]\n|move|p2a: Gholdengo|Nasty Plot|p2a: Gholdengo\n|-boost|p2a: Gholdengo|spa|2\n|\n|-weather|none\n|-heal|p2a: Gholdengo|77\/100|[from] item: Leftovers\n|upkeep\n|turn|6\n|\n|t:|1681958934\n|move|p1a: Gen 9 Incin|Moonblast|p2a: Gholdengo\n|-damage|p2a: Gholdengo|20\/100\n|-unboost|p2a: Gholdengo|spa|1\n|move|p1b: Feesh|Heat Wave|p2a: Gholdengo\n|-resisted|p2a: Gholdengo\n|-crit|p2a: Gholdengo\n|-damage|p2a: Gholdengo|0 fnt\n|faint|p2a: Gholdengo\n|\n|win|0rion1798\n|raw|0rion1798's rating: 1125 → 1157<\/strong> (+32 for winning)\n|raw|Ricardo Randorez's rating: 1224 → 1192<\/strong> (-32 for losing)\n","uploadtime":1681958944,"views":7,"p1id":"0rion1798","p2id":"ricardorandorez","formatid":"gen9vgc2023regulationc","rating":1157,"private":0,"password":""}