{"id":"gen9vgc2023regulationc-1845275925","p1":"paicer96","p2":"Emberbloom","format":"[Gen 9] VGC 2023 Regulation C","log":"|j|\u2606paicer96\n|j|\u2606Emberbloom\n|t:|1681706118\n|gametype|doubles\n|player|p1|paicer96|169|1528\n|player|p2|Emberbloom|flannery|1553\n|teamsize|p1|6\n|teamsize|p2|6\n|gen|9\n|tier|[Gen 9] VGC 2023 Regulation C\n|rated|\n|rule|Species Clause: Limit one of each Pok\u00e9mon\n|rule|Item Clause: Limit one of each item\n|clearpoke\n|poke|p1|Maushold, L50|\n|poke|p1|Annihilape, L50, M|\n|poke|p1|Flutter Mane, L50|\n|poke|p1|Chien-Pao, L50|\n|poke|p1|Dragapult, L50, M|\n|poke|p1|Gyarados, L50, F|\n|poke|p2|Corviknight, L50, M|\n|poke|p2|Tyranitar, L50, M|\n|poke|p2|Garchomp, L50, M|\n|poke|p2|Gyarados, L50, F|\n|poke|p2|Amoonguss, L50, F|\n|poke|p2|Iron Hands, L50|\n|teampreview|4\npaicer96 has agreed to open team sheets.\nEmberbloom has agreed to open team sheets.\n|inactive|Battle timer is ON: inactive players will automatically lose when time's up. (requested by paicer96)\n|\n|t:|1681706190\n|start\n|switch|p1a: Maushold|Maushold, L50|100\/100\n|switch|p1b: Annihilape|Annihilape, L50, M|100\/100\n|switch|p2a: Tyranitar|Tyranitar, L50, M, shiny|100\/100\n|switch|p2b: Garchomp|Garchomp, L50, M|100\/100\n|-weather|Sandstorm|[from] ability: Sand Stream|[of] p2a: Tyranitar\n|turn|1\n|\n|t:|1681706214\n|switch|p1b: Gyarados|Gyarados, L50, F|100\/100\n|-ability|p1b: Gyarados|Intimidate|boost\n|-unboost|p2a: Tyranitar|atk|1\n|-unboost|p2b: Garchomp|atk|1\n|-terastallize|p2a: Tyranitar|Flying\n|move|p1a: Maushold|Protect|p1a: Maushold\n|-singleturn|p1a: Maushold|Protect\n|move|p2b: Garchomp|Earthquake|p1b: Gyarados|[spread] \n|-activate|p1a: Maushold|move: Protect\n|-immune|p2a: Tyranitar\n|-immune|p1b: Gyarados\n|move|p2a: Tyranitar|Tera Blast|p1b: Gyarados\n|-damage|p1b: Gyarados|81\/100\n|\n|-weather|Sandstorm|[upkeep]\n|-damage|p1b: Gyarados|75\/100|[from] Sandstorm\n|-damage|p2a: Tyranitar|95\/100|[from] Sandstorm\n|upkeep\n|turn|2\n|inactive|paicer96 has 30 seconds left.\n|inactive|paicer96 has 20 seconds left.\n|inactive|Emberbloom has 30 seconds left.\n|inactive|paicer96 has 15 seconds left.\n|inactive|paicer96 has 10 seconds left.\n|inactive|paicer96 has 5 seconds left.\n|\n|t:|1681706266\n|switch|p2b: Gyarados|Gyarados, L50, F, shiny|100\/100\n|-ability|p2b: Gyarados|Intimidate|boost\n|-unboost|p1a: Maushold|atk|1\n|-unboost|p1b: Gyarados|atk|1\n|move|p1a: Maushold|Follow Me|p1a: Maushold\n|-singleturn|p1a: Maushold|move: Follow Me\n|move|p1b: Gyarados|Waterfall|p2b: Gyarados\n|-resisted|p2b: Gyarados\n|-damage|p2b: Gyarados|88\/100\n|move|p2a: Tyranitar|Rock Slide|p1a: Maushold|[spread] p1a,p1b\n|-supereffective|p1b: Gyarados\n|-crit|p1b: Gyarados\n|-damage|p1a: Maushold|77\/100\n|-damage|p1b: Gyarados|16\/100\n|\n|-weather|Sandstorm|[upkeep]\n|-damage|p1b: Gyarados|10\/100|[from] Sandstorm\n|-damage|p2a: Tyranitar|89\/100|[from] Sandstorm\n|upkeep\n|turn|3\n|j| danieljnthn\n|\n|t:|1681706290\n|move|p1a: Maushold|Taunt|p2b: Gyarados\n|-start|p2b: Gyarados|move: Taunt\n|cant|p2b: Gyarados|move: Taunt|Thunder Wave\n|move|p1b: Gyarados|Thunder Wave|p2b: Gyarados\n|-status|p2b: Gyarados|par\n|move|p2a: Tyranitar|Rock Slide|p1b: Gyarados|[spread] p1a,p1b\n|-supereffective|p1b: Gyarados\n|-damage|p1a: Maushold|53\/100\n|-damage|p1b: Gyarados|0 fnt\n|faint|p1b: Gyarados\n|\n|-weather|Sandstorm|[upkeep]\n|-damage|p2a: Tyranitar|83\/100|[from] Sandstorm\n|upkeep\n|\n|t:|1681706302\n|switch|p1b: Annihilape|Annihilape, L50, M|100\/100\n|turn|4\n|inactive|paicer96 has 30 seconds left.\n|inactive|Emberbloom has 30 seconds left.\n|inactive|paicer96 has 20 seconds left.\n|inactive|paicer96 has 15 seconds left.\n|\n|t:|1681706343\n|switch|p2b: Iron Hands|Iron Hands, L50|100\/100\n|-terastallize|p1b: Annihilape|Fire\n|move|p2a: Tyranitar|Protect|p2a: Tyranitar\n|-singleturn|p2a: Tyranitar|Protect\n|move|p1a: Maushold|Beat Up|p1b: Annihilape\n|-damage|p1b: Annihilape|99\/100\n|-damage|p1b: Annihilape|98\/100\n|-damage|p1b: Annihilape|97\/100\n|-hitcount|p1b: Annihilape|3\n|move|p1b: Annihilape|Rage Fist|p2a: Tyranitar\n|-activate|p2a: Tyranitar|move: Protect\n|\n|-weather|Sandstorm|[upkeep]\n|-damage|p1b: Annihilape|91\/100|[from] Sandstorm\n|-damage|p2a: Tyranitar|77\/100|[from] Sandstorm\n|-damage|p2b: Iron Hands|94\/100|[from] Sandstorm\n|upkeep\n|turn|5\n|inactive|paicer96 has 30 seconds left.\n|inactive|Emberbloom has 30 seconds left.\n|\n|t:|1681706376\n|move|p1a: Maushold|Protect|p1a: Maushold\n|-singleturn|p1a: Maushold|Protect\n|move|p1b: Annihilape|Protect|p1b: Annihilape\n|-singleturn|p1b: Annihilape|Protect\n|move|p2a: Tyranitar|Rock Slide|p1a: Maushold|[spread] \n|-activate|p1a: Maushold|move: Protect\n|-activate|p1b: Annihilape|move: Protect\n|move|p2b: Iron Hands|Close Combat|p1a: Maushold\n|-activate|p1a: Maushold|move: Protect\n|\n|-weather|none\n|upkeep\n|turn|6\n|inactive|paicer96 has 30 seconds left.\n|inactive|Emberbloom has 30 seconds left.\n|inactive|paicer96 has 20 seconds left.\n|inactive|paicer96 has 15 seconds left.\n|\n|t:|1681706417\n|move|p1a: Maushold|Beat Up|p1b: Annihilape\n|-damage|p1b: Annihilape|90\/100\n|-damage|p1b: Annihilape|88\/100\n|-damage|p1b: Annihilape|87\/100\n|-hitcount|p1b: Annihilape|3\n|move|p1b: Annihilape|Rage Fist|p2a: Tyranitar\n|-damage|p2a: Tyranitar|0 fnt\n|faint|p2a: Tyranitar\n|move|p2b: Iron Hands|Close Combat|p1a: Maushold\n|-supereffective|p1a: Maushold\n|-damage|p1a: Maushold|0 fnt\n|-unboost|p2b: Iron Hands|def|1\n|-unboost|p2b: Iron Hands|spd|1\n|faint|p1a: Maushold\n|\n|upkeep\n|\n|t:|1681706427\n|switch|p1a: Flutter Mane|Flutter Mane, L50|100\/100\n|switch|p2a: Garchomp|Garchomp, L50, M|100\/100\n|turn|7\n|\n|t:|1681706445\n|move|p1a: Flutter Mane|Moonblast|p2a: Garchomp\n|-supereffective|p2a: Garchomp\n|-damage|p2a: Garchomp|0 fnt\n|faint|p2a: Garchomp\n|move|p1b: Annihilape|Rage Fist|p2b: Iron Hands\n|-damage|p2b: Iron Hands|0 fnt\n|faint|p2b: Iron Hands\n|-end|p2b: Iron Hands|Quark Drive|[silent]\n|\n|upkeep\n|\n|t:|1681706453\n|switch|p2b: Gyarados|Gyarados, L50, F, shiny|88\/100 par\n|-ability|p2b: Gyarados|Intimidate|boost\n|-unboost|p1a: Flutter Mane|atk|1\n|-unboost|p1b: Annihilape|atk|1\n|-ability|p1b: Annihilape|Defiant|boost\n|-boost|p1b: Annihilape|atk|2\n|turn|8\n|\n|t:|1681706463\n|move|p1a: Flutter Mane|Moonblast|p2b: Gyarados\n|-damage|p2b: Gyarados|31\/100 par\n|-unboost|p2b: Gyarados|spa|1\n|move|p1b: Annihilape|Rage Fist|p2b: Gyarados\n|-damage|p2b: Gyarados|0 fnt\n|faint|p2b: Gyarados\n|\n|win|paicer96\n|raw|paicer96's rating: 1528 → 1549<\/strong> (+21 for winning)\n|raw|Emberbloom's rating: 1553 → 1532<\/strong> (-21 for losing)\n","uploadtime":1681706467,"views":11,"p1id":"paicer96","p2id":"emberbloom","formatid":"gen9vgc2023regulationc","rating":1532,"private":0,"password":""}