{"id":"gen9vgc2023regulationc-1861321639","p1":"TStorm","p2":"drugs fermenting","format":"[Gen 9] VGC 2023 Regulation C","log":"|j|\u2606TStorm\n|j|\u2606drugs fermenting\n|t:|1683745729\n|gametype|doubles\n|player|p1|TStorm|170|1479\n|player|p2|drugs fermenting|266|1453\n|teamsize|p1|6\n|teamsize|p2|6\n|gen|9\n|tier|[Gen 9] VGC 2023 Regulation C\n|rated|\n|rule|Species Clause: Limit one of each Pok\u00e9mon\n|rule|Item Clause: Limit one of each item\n|clearpoke\n|poke|p1|Flutter Mane, L50|\n|poke|p1|Ting-Lu, L50|\n|poke|p1|Kingambit, L50, F|\n|poke|p1|Arcanine, L50, M|\n|poke|p1|Palafin, L50, M|\n|poke|p1|Amoonguss, L50, M|\n|poke|p2|Glimmora, L50, M|\n|poke|p2|Iron Bundle, L50|\n|poke|p2|Dondozo, L50, M|\n|poke|p2|Dragonite, L50, F|\n|poke|p2|Tatsugiri, L50, F|\n|poke|p2|Chi-Yu, L50|\n|teampreview|4\nTStorm has agreed to open team sheets.\n|\n|t:|1683745827\n|start\n|switch|p1a: Ting-Lu|Ting-Lu, L50|100\/100\n|switch|p1b: Palafin|Palafin, L50, M|100\/100\n|switch|p2a: Iron Bundle|Iron Bundle, L50|100\/100\n|switch|p2b: Dragonite|Dragonite, L50, F|100\/100\n|-ability|p1a: Ting-Lu|Vessel of Ruin\n|-enditem|p2a: Iron Bundle|Booster Energy\n|-activate|p2a: Iron Bundle|ability: Quark Drive|[fromitem]\n|-start|p2a: Iron Bundle|quarkdrivespe\n|turn|1\n|\n|t:|1683745861\n|detailschange|p1b: Palafin|Palafin-Hero, L50, M\n|switch|p1b: Kingambit|Kingambit, L50, F|100\/100\n|-terastallize|p1a: Ting-Lu|Poison\n|move|p2a: Iron Bundle|Hydro Pump|p1b: Kingambit\n|-damage|p1b: Kingambit|64\/100\n|move|p2b: Dragonite|Outrage|p1b: Kingambit\n|-resisted|p1b: Kingambit\n|-damage|p1b: Kingambit|28\/100\n|move|p1a: Ting-Lu|Ruination|p2b: Dragonite\n|-damage|p2b: Dragonite|50\/100\n|\n|upkeep\n|turn|2\n|\n|t:|1683745881\n|move|p1b: Kingambit|Protect|p1b: Kingambit\n|-singleturn|p1b: Kingambit|Protect\n|move|p2a: Iron Bundle|Hydro Pump|p1b: Kingambit\n|-activate|p1b: Kingambit|move: Protect\n|move|p2b: Dragonite|Outrage|p1a: Ting-Lu|[from]lockedmove\n|-damage|p1a: Ting-Lu|45\/100\n|move|p1a: Ting-Lu|Ruination|p2a: Iron Bundle\n|-damage|p2a: Iron Bundle|51\/100\n|\n|upkeep\n|turn|3\n|\n|t:|1683745900\n|move|p1b: Kingambit|Sucker Punch|p2b: Dragonite\n|-damage|p2b: Dragonite|8\/100\n|move|p2a: Iron Bundle|Hydro Pump|p1b: Kingambit\n|-damage|p1b: Kingambit|0 fnt\n|faint|p1b: Kingambit\n|move|p2b: Dragonite|Outrage|p1a: Ting-Lu|[from]lockedmove\n|-damage|p1a: Ting-Lu|0 fnt\n|faint|p1a: Ting-Lu\n|-start|p2b: Dragonite|confusion|[fatigue]\n|\n|upkeep\n|\n|t:|1683745907\n|switch|p1b: Palafin|Palafin-Hero, L50, M|100\/100\n|switch|p1a: Amoonguss|Amoonguss, L50, M|100\/100\n|-activate|p1b: Palafin|ability: Zero to Hero\n|turn|4\n|\n|t:|1683745920\n|move|p2a: Iron Bundle|Protect|p2a: Iron Bundle\n|-singleturn|p2a: Iron Bundle|Protect\n|move|p1b: Palafin|Jet Punch|p2b: Dragonite\n|-resisted|p2b: Dragonite\n|-damage|p2b: Dragonite|0 fnt\n|faint|p2b: Dragonite\n|move|p1a: Amoonguss|Pollen Puff|p1b: Palafin\n|-immune|p1b: Palafin\n|\n|upkeep\n|\n|t:|1683745939\n|switch|p2b: Glimmora|Glimmora, L50, M|100\/100\n|turn|5\n|\n|t:|1683745950\n|-terastallize|p2b: Glimmora|Grass\n|move|p1b: Palafin|Protect|p1b: Palafin\n|-singleturn|p1b: Palafin|Protect\n|move|p2a: Iron Bundle|Freeze-Dry|p1a: Amoonguss\n|-supereffective|p1a: Amoonguss\n|-damage|p1a: Amoonguss|43\/100\n|-enditem|p1a: Amoonguss|Sitrus Berry|[eat]\n|-heal|p1a: Amoonguss|68\/100|[from] item: Sitrus Berry\n|move|p2b: Glimmora|Energy Ball|p1b: Palafin\n|-activate|p1b: Palafin|move: Protect\n|move|p1a: Amoonguss|Spore|p2a: Iron Bundle\n|-status|p2a: Iron Bundle|slp|[from] move: Spore\n|\n|upkeep\n|turn|6\n|\n|t:|1683745967\n|cant|p2a: Iron Bundle|slp\n|move|p1b: Palafin|Wave Crash|p2a: Iron Bundle\n|-resisted|p2a: Iron Bundle\n|-damage|p2a: Iron Bundle|0 fnt\n|faint|p2a: Iron Bundle\n|-end|p2a: Iron Bundle|Quark Drive|[silent]\n|-damage|p1b: Palafin|90\/100|[from] Recoil\n|move|p2b: Glimmora|Energy Ball|p1b: Palafin\n|-supereffective|p1b: Palafin\n|-damage|p1b: Palafin|15\/100\n|move|p1a: Amoonguss|Pollen Puff|p2b: Glimmora\n|-supereffective|p2b: Glimmora\n|-crit|p2b: Glimmora\n|-damage|p2b: Glimmora|65\/100\n|\n|upkeep\n|\n|t:|1683745977\n|switch|p2a: Chi-Yu|Chi-Yu, L50|100\/100\n|-ability|p2a: Chi-Yu|Beads of Ruin\n|turn|7\n|\n|t:|1683745997\n|move|p1b: Palafin|Protect|p1b: Palafin\n|-singleturn|p1b: Palafin|Protect\n|move|p1a: Amoonguss|Protect|p1a: Amoonguss\n|-singleturn|p1a: Amoonguss|Protect\n|move|p2a: Chi-Yu|Heat Wave|p1b: Palafin|[spread] \n|-activate|p1a: Amoonguss|move: Protect\n|-activate|p1b: Palafin|move: Protect\n|move|p2b: Glimmora|Energy Ball|p1b: Palafin\n|-activate|p1b: Palafin|move: Protect\n|\n|upkeep\n|turn|8\n|\n|t:|1683746009\n|move|p2a: Chi-Yu|Protect|p2a: Chi-Yu\n|-singleturn|p2a: Chi-Yu|Protect\n|move|p1b: Palafin|Jet Punch|p2a: Chi-Yu\n|-activate|p2a: Chi-Yu|move: Protect\n|move|p2b: Glimmora|Energy Ball|p1b: Palafin\n|-supereffective|p1b: Palafin\n|-damage|p1b: Palafin|0 fnt\n|faint|p1b: Palafin\n|move|p1a: Amoonguss|Pollen Puff|p2b: Glimmora\n|-supereffective|p2b: Glimmora\n|-damage|p2b: Glimmora|32\/100\n|\n|upkeep\n|turn|9\n|-message|TStorm forfeited.\n|\n|win|drugs fermenting\n|raw|TStorm's rating: 1479 → 1458<\/strong> (-21 for losing)\n|raw|drugs fermenting's rating: 1453 → 1474<\/strong> (+21 for winning)\n|l|\u2606TStorm\n","uploadtime":1683746030,"views":13,"p1id":"tstorm","p2id":"drugsfermenting","formatid":"gen9vgc2023regulationc","rating":1458,"private":0,"password":""}