{"id":"gen9vgc2023regulationc-1863350699","p1":"Drewtwo64","p2":"eeveenescence69XD","format":"[Gen 9] VGC 2023 Regulation C","log":"|j|\u2606Drewtwo64\n|j|\u2606eeveenescence69XD\n|t:|1684005877\n|gametype|doubles\n|player|p1|Drewtwo64|101|\n|player|p2|eeveenescence69XD|266|\n|teamsize|p1|6\n|teamsize|p2|6\n|gen|9\n|tier|[Gen 9] VGC 2023 Regulation C\n|rule|Species Clause: Limit one of each Pok\u00e9mon\n|rule|Item Clause: Limit one of each item\n|clearpoke\n|poke|p1|Ting-Lu, L50|\n|poke|p1|Maushold-Four, L50|\n|poke|p1|Annihilape, L50, F|\n|poke|p1|Dragonite, L50, M|\n|poke|p1|Chien-Pao, L50|\n|poke|p1|Flutter Mane, L50|\n|poke|p2|Glimmora, L50, F|\n|poke|p2|Wo-Chien, L50|\n|poke|p2|Gothitelle, L50, F|\n|poke|p2|Arcanine, L50, F|\n|poke|p2|Palafin, L50, F|\n|poke|p2|Flutter Mane, L50|\n|teampreview|4\n|\n|t:|1684005968\n|start\n|switch|p1a: Dragonite|Dragonite, L50, M|100\/100\n|switch|p1b: Flutter Mane|Flutter Mane, L50|100\/100\n|switch|p2a: BlowHoe|Palafin, L50, F, shiny|100\/100\n|switch|p2b: UrAnus|Glimmora, L50, F, shiny|100\/100\n|turn|1\n|\n|t:|1684006016\n|detailschange|p2a: BlowHoe|Palafin-Hero, L50, F, shiny\n|switch|p2a: Gary|Wo-Chien, L50|100\/100\n|-ability|p2a: Gary|Tablets of Ruin\n|-terastallize|p2b: UrAnus|Grass\n|move|p1b: Flutter Mane|Substitute|p1b: Flutter Mane\n|-start|p1b: Flutter Mane|Substitute\n|-damage|p1b: Flutter Mane|76\/100\n|move|p1a: Dragonite|Tailwind|p1a: Dragonite\n|-sidestart|p1: Drewtwo64|move: Tailwind\n|move|p2b: UrAnus|Mortal Spin|p1a: Dragonite|[spread] p1a,p1b\n|-activate|p1b: Flutter Mane|move: Substitute|[damage]\n|-damage|p1a: Dragonite|97\/100\n|-status|p1a: Dragonite|psn\n|-enditem|p1a: Dragonite|Lum Berry|[eat]\n|-curestatus|p1a: Dragonite|psn|[msg]\n|\n|upkeep\n|turn|2\n|\n|t:|1684006058\n|move|p1b: Flutter Mane|Moonblast|p2a: Gary\n|-supereffective|p2a: Gary\n|-damage|p2a: Gary|23\/100\n|-damage|p1b: Flutter Mane|67\/100|[from] item: Life Orb\n|move|p1a: Dragonite|Stomping Tantrum|p2b: UrAnus\n|-resisted|p2b: UrAnus\n|-damage|p2b: UrAnus|90\/100\n|-activate|p2b: UrAnus|ability: Toxic Debris\n|-sidestart|p1: Drewtwo64|move: Toxic Spikes\n|move|p2b: UrAnus|Mortal Spin|p1b: Flutter Mane|[spread] p1a,p1b\n|-activate|p1b: Flutter Mane|move: Substitute|[damage]\n|-damage|p1a: Dragonite|94\/100\n|-status|p1a: Dragonite|psn\n|move|p2a: Gary|Leech Seed|p1a: Dragonite\n|-start|p1a: Dragonite|move: Leech Seed\n|\n|-heal|p2a: Gary|30\/100|[from] item: Leftovers\n|-damage|p1a: Dragonite|82\/100 psn|[from] Leech Seed|[of] p2a: Gary\n|-heal|p2a: Gary|42\/100|[silent]\n|-damage|p1a: Dragonite|70\/100 psn|[from] psn\n|upkeep\n|turn|3\n|\n|t:|1684006111\n|move|p2a: Gary|Protect|p2a: Gary\n|-singleturn|p2a: Gary|Protect\n|move|p1a: Dragonite|Extreme Speed|p2a: Gary\n|-activate|p2a: Gary|move: Protect\n|move|p1b: Flutter Mane|Shadow Ball|p2b: UrAnus\n|-damage|p2b: UrAnus|58\/100\n|-unboost|p2b: UrAnus|spd|1\n|-damage|p1b: Flutter Mane|57\/100|[from] item: Life Orb\n|move|p2b: UrAnus|Power Gem|p1b: Flutter Mane\n|-end|p1b: Flutter Mane|Substitute\n|\n|-heal|p2a: Gary|48\/100|[from] item: Leftovers\n|-damage|p1a: Dragonite|58\/100 psn|[from] Leech Seed|[of] p2a: Gary\n|-heal|p2a: Gary|60\/100|[silent]\n|-damage|p1a: Dragonite|46\/100 psn|[from] psn\n|upkeep\n|turn|4\n|\n|t:|1684006148\n|switch|p2a: BlowHoe|Palafin-Hero, L50, F, shiny|100\/100\n|-activate|p2a: BlowHoe|ability: Zero to Hero\n|move|p1a: Dragonite|Extreme Speed|p2a: BlowHoe\n|-damage|p2a: BlowHoe|71\/100\n|move|p1b: Flutter Mane|Moonblast|p2a: BlowHoe\n|-damage|p2a: BlowHoe|7\/100\n|-unboost|p2a: BlowHoe|spa|1\n|-damage|p1b: Flutter Mane|48\/100|[from] item: Life Orb\n|move|p2b: UrAnus|Mortal Spin|p1b: Flutter Mane|[spread] p1a,p1b\n|-damage|p1a: Dragonite|41\/100 psn\n|-damage|p1b: Flutter Mane|40\/100\n|-status|p1b: Flutter Mane|psn\n|\n|-damage|p1a: Dragonite|29\/100 psn|[from] Leech Seed|[of] p2a: BlowHoe\n|-heal|p2a: BlowHoe|18\/100|[silent]\n|-damage|p1b: Flutter Mane|28\/100 psn|[from] psn\n|-damage|p1a: Dragonite|17\/100 psn|[from] psn\n|-sideend|p1: Drewtwo64|move: Tailwind\n|upkeep\n|turn|5\n|\n|t:|1684006200\n|switch|p2b: Gary|Wo-Chien, L50|60\/100\n|-ability|p2b: Gary|Tablets of Ruin\n|move|p1b: Flutter Mane|Protect|p1b: Flutter Mane\n|-singleturn|p1b: Flutter Mane|Protect\n|move|p2a: BlowHoe|Jet Punch|p1b: Flutter Mane\n|-activate|p1b: Flutter Mane|move: Protect\n|move|p1a: Dragonite|Ice Spinner|p2a: BlowHoe\n|-resisted|p2a: BlowHoe\n|-damage|p2a: BlowHoe|7\/100\n|\n|-heal|p2b: Gary|66\/100|[from] item: Leftovers\n|-damage|p1a: Dragonite|5\/100 psn|[from] Leech Seed|[of] p2a: BlowHoe\n|-heal|p2a: BlowHoe|18\/100|[silent]\n|-damage|p1b: Flutter Mane|16\/100 psn|[from] psn\n|-damage|p1a: Dragonite|0 fnt|[from] psn\n|faint|p1a: Dragonite\n|upkeep\n|\n|t:|1684006222\n|switch|p1a: Annihilape|Annihilape, L50, F|100\/100\n|-status|p1a: Annihilape|psn\n|turn|6\n|\n|t:|1684006254\n|-terastallize|p1a: Annihilape|Fire\n|move|p2b: Gary|Protect|p2b: Gary\n|-singleturn|p2b: Gary|Protect\n|move|p2a: BlowHoe|Jet Punch|p1b: Flutter Mane\n|-damage|p1b: Flutter Mane|0 fnt\n|faint|p1b: Flutter Mane\n|-end|p1b: Flutter Mane|Protosynthesis|[silent]\n|move|p1a: Annihilape|Drain Punch|p2b: Gary\n|-activate|p2b: Gary|move: Protect\n|\n|-heal|p2b: Gary|72\/100|[from] item: Leftovers\n|-damage|p1a: Annihilape|88\/100 psn|[from] psn\n|upkeep\n|\n|t:|1684006270\n|switch|p1b: Ting-Lu|Ting-Lu, L50|100\/100\n|-status|p1b: Ting-Lu|psn\n|-ability|p1b: Ting-Lu|Vessel of Ruin\n|turn|7\n|\n|t:|1684006314\n|switch|p2a: UrAnus|Glimmora, L50, F, shiny, tera:Grass|58\/100\n|move|p1a: Annihilape|Drain Punch|p2a: UrAnus\n|-damage|p2a: UrAnus|36\/100\n|-heal|p1a: Annihilape|98\/100 psn|[from] drain|[of] p2a: UrAnus\n|-activate|p2a: UrAnus|ability: Toxic Debris\n|-sidestart|p1: Drewtwo64|move: Toxic Spikes\n|move|p2b: Gary|Leech Seed|p1a: Annihilape\n|-start|p1a: Annihilape|move: Leech Seed\n|move|p1b: Ting-Lu|Heavy Slam|p2b: Gary\n|-damage|p2b: Gary|47\/100\n|\n|-heal|p1a: Annihilape|100\/100 psn|[from] item: Leftovers\n|-heal|p2b: Gary|54\/100|[from] item: Leftovers\n|-damage|p1a: Annihilape|88\/100 psn|[from] Leech Seed|[of] p2b: Gary\n|-heal|p2b: Gary|67\/100|[silent]\n|-damage|p1a: Annihilape|75\/100 psn|[from] psn\n|-damage|p1b: Ting-Lu|88\/100 psn|[from] psn\n|upkeep\n|turn|8\n|\n|t:|1684006347\n|move|p2b: Gary|Protect|p2b: Gary\n|-singleturn|p2b: Gary|Protect\n|move|p1a: Annihilape|Drain Punch|p2b: Gary\n|-activate|p2b: Gary|move: Protect\n|move|p2a: UrAnus|Energy Ball|p1b: Ting-Lu\n|-supereffective|p1b: Ting-Lu\n|-damage|p1b: Ting-Lu|43\/100 psn\n|move|p1b: Ting-Lu|Stomping Tantrum|p2a: UrAnus\n|-resisted|p2a: UrAnus\n|-damage|p2a: UrAnus|22\/100\n|\n|-heal|p1a: Annihilape|82\/100 psn|[from] item: Leftovers\n|-heal|p2b: Gary|73\/100|[from] item: Leftovers\n|-damage|p1a: Annihilape|69\/100 psn|[from] Leech Seed|[of] p2b: Gary\n|-heal|p2b: Gary|87\/100|[silent]\n|-damage|p1a: Annihilape|57\/100 psn|[from] psn\n|-damage|p1b: Ting-Lu|31\/100 psn|[from] psn\n|upkeep\n|turn|9\n|\n|t:|1684006378\n|move|p1a: Annihilape|Drain Punch|p2b: Gary\n|-supereffective|p2b: Gary\n|-damage|p2b: Gary|53\/100\n|-heal|p1a: Annihilape|73\/100 psn|[from] drain|[of] p2b: Gary\n|move|p2a: UrAnus|Energy Ball|p1b: Ting-Lu\n|-supereffective|p1b: Ting-Lu\n|-damage|p1b: Ting-Lu|0 fnt\n|faint|p1b: Ting-Lu\n|move|p2b: Gary|Pollen Puff|p2a: UrAnus\n|-heal|p2a: UrAnus|72\/100\n|\n|-heal|p1a: Annihilape|79\/100 psn|[from] item: Leftovers\n|-heal|p2b: Gary|59\/100|[from] item: Leftovers\n|-damage|p1a: Annihilape|66\/100 psn|[from] Leech Seed|[of] p2b: Gary\n|-heal|p2b: Gary|72\/100|[silent]\n|-damage|p1a: Annihilape|54\/100 psn|[from] psn\n|upkeep\n|turn|10\n|\n|t:|1684006412\n|move|p1a: Annihilape|Drain Punch|p2a: UrAnus\n|-damage|p2a: UrAnus|49\/100\n|-heal|p1a: Annihilape|64\/100 psn|[from] drain|[of] p2a: UrAnus\n|move|p2a: UrAnus|Earth Power|p1a: Annihilape\n|-supereffective|p1a: Annihilape\n|-damage|p1a: Annihilape|16\/100 psn\n|move|p2b: Gary|Pollen Puff|p2a: UrAnus\n|-heal|p2a: UrAnus|99\/100\n|\n|-heal|p1a: Annihilape|23\/100 psn|[from] item: Leftovers\n|-heal|p2b: Gary|79\/100|[from] item: Leftovers\n|-damage|p1a: Annihilape|10\/100 psn|[from] Leech Seed|[of] p2b: Gary\n|-heal|p2b: Gary|92\/100|[silent]\n|-damage|p1a: Annihilape|0 fnt|[from] psn\n|faint|p1a: Annihilape\n|\n|win|eeveenescence69XD\n|upkeep\n","uploadtime":1684006434,"views":13,"p1id":"drewtwo64","p2id":"eeveenescence69xd","formatid":"gen9vgc2023regulationc","rating":0,"private":0,"password":""}