{"id":"gen9vgc2023regulationc-1848960418","p1":"Licano089","p2":"tkwime1695","format":"[Gen 9] VGC 2023 Regulation C","log":"|j|\u2606Licano089\n|j|\u2606tkwime1695\n|t:|1682131405\n|gametype|doubles\n|player|p1|Licano089|169|\n|player|p2|tkwime1695|101|\n|teamsize|p1|6\n|teamsize|p2|6\n|gen|9\n|tier|[Gen 9] VGC 2023 Regulation C\n|rule|Species Clause: Limit one of each Pok\u00e9mon\n|rule|Item Clause: Limit one of each item\n|clearpoke\n|poke|p1|Annihilape, L50, M|\n|poke|p1|Maushold-Four, L50|\n|poke|p1|Chi-Yu, L50|\n|poke|p1|Flutter Mane, L50|\n|poke|p1|Iron Bundle, L50|\n|poke|p1|Gholdengo, L50|\n|poke|p2|Amoonguss, L50, F|\n|poke|p2|Ting-Lu, L50|\n|poke|p2|Iron Hands, L50|\n|poke|p2|Arcanine, L50, M|\n|poke|p2|Palafin, L50, F|\n|poke|p2|Flutter Mane, L50|\n|teampreview|4\ntkwime1695 has agreed to open team sheets.\n|c|\u2606Licano089|g2\n|c|\u2606tkwime1695|va\n|\n|t:|1682131677\n|start\n|switch|p1a: Annihilape|Annihilape, L50, M|100\/100\n|switch|p1b: Maushold|Maushold-Four, L50|100\/100\n|switch|p2a: Palafin|Palafin, L50, F, shiny|100\/100\n|switch|p2b: Flutter Mane|Flutter Mane, L50, shiny|100\/100\n|turn|1\n|\n|t:|1682131696\n|move|p1a: Annihilape|Protect|p1a: Annihilape\n|-singleturn|p1a: Annihilape|Protect\n|move|p1b: Maushold|Baby-Doll Eyes|p2a: Palafin\n|-unboost|p2a: Palafin|atk|1\n|move|p2b: Flutter Mane|Shadow Ball|p1a: Annihilape\n|-activate|p1a: Annihilape|move: Protect\n|move|p2a: Palafin|Wave Crash|p1a: Annihilape\n|-activate|p1a: Annihilape|move: Protect\n|\n|upkeep\n|turn|2\n|\n|t:|1682131726\n|move|p1b: Maushold|Follow Me|p1b: Maushold\n|-singleturn|p1b: Maushold|move: Follow Me\n|move|p2b: Flutter Mane|Shadow Ball|p1b: Maushold\n|-immune|p1b: Maushold\n|move|p2a: Palafin|Wave Crash|p1b: Maushold\n|-damage|p1b: Maushold|64\/100\n|-damage|p2a: Palafin|89\/100|[from] Recoil\n|move|p1a: Annihilape|Drain Punch|p2a: Palafin\n|-damage|p2a: Palafin|46\/100\n|\n|upkeep\n|turn|3\n|\n|t:|1682131749\n|move|p1a: Annihilape|Protect|p1a: Annihilape\n|-singleturn|p1a: Annihilape|Protect\n|move|p1b: Maushold|Baby-Doll Eyes|p2a: Palafin\n|-unboost|p2a: Palafin|atk|1\n|move|p2b: Flutter Mane|Dazzling Gleam|p1b: Maushold|[spread] p1b\n|-activate|p1a: Annihilape|move: Protect\n|-damage|p1b: Maushold|23\/100\n|-damage|p2b: Flutter Mane|90\/100|[from] item: Life Orb\n|move|p2a: Palafin|Wave Crash|p1b: Maushold\n|-damage|p1b: Maushold|0 fnt\n|faint|p1b: Maushold\n|-damage|p2a: Palafin|39\/100|[from] Recoil\n|\n|upkeep\n|\n|t:|1682131770\n|switch|p1b: Iron Bundle|Iron Bundle, L50|100\/100\n|turn|4\n|\n|t:|1682131817\n|-terastallize|p1a: Annihilape|Fire\n|move|p2a: Palafin|Protect|p2a: Palafin\n|-singleturn|p2a: Palafin|Protect\n|move|p1b: Iron Bundle|Freeze-Dry|p2a: Palafin\n|-activate|p2a: Palafin|move: Protect\n|move|p2b: Flutter Mane|Shadow Ball|p1a: Annihilape\n|-damage|p1a: Annihilape|55\/100\n|-damage|p2b: Flutter Mane|80\/100|[from] item: Life Orb\n|move|p1a: Annihilape|Rage Fist|p2b: Flutter Mane\n|-supereffective|p2b: Flutter Mane\n|-damage|p2b: Flutter Mane|0 fnt\n|faint|p2b: Flutter Mane\n|-end|p2b: Flutter Mane|Protosynthesis|[silent]\n|\n|-heal|p1a: Annihilape|61\/100|[from] item: Leftovers\n|upkeep\n|\n|t:|1682131834\n|switch|p2b: Iron Hands|Iron Hands, L50|100\/100\n|turn|5\n|\n|t:|1682131844\n|detailschange|p2a: Palafin|Palafin-Hero, L50, F, shiny\n|switch|p2a: Ting-Lu|Ting-Lu, L50|100\/100\n|-ability|p2a: Ting-Lu|Vessel of Ruin\n|switch|p1a: Flutter Mane|Flutter Mane, L50|100\/100\n|move|p2b: Iron Hands|Fake Out|p1b: Iron Bundle\n|-damage|p1b: Iron Bundle|83\/100\n|cant|p1b: Iron Bundle|flinch\n|\n|upkeep\n|turn|6\n|\n|t:|1682131898\n|move|p2b: Iron Hands|Protect|p2b: Iron Hands\n|-singleturn|p2b: Iron Hands|Protect\n|move|p1b: Iron Bundle|Freeze-Dry|p2a: Ting-Lu\n|-supereffective|p2a: Ting-Lu\n|-damage|p2a: Ting-Lu|73\/100\n|move|p1a: Flutter Mane|Dazzling Gleam|p2a: Ting-Lu|[spread] p2a\n|-activate|p2b: Iron Hands|move: Protect\n|-supereffective|p2a: Ting-Lu\n|-damage|p2a: Ting-Lu|31\/100\n|move|p2a: Ting-Lu|Fissure|p1a: Flutter Mane|[miss]\n|-miss|p2a: Ting-Lu|p1a: Flutter Mane\n|\n|upkeep\n|turn|7\n|\n|t:|1682131925\n|-terastallize|p2b: Iron Hands|Grass\n|move|p1b: Iron Bundle|Freeze-Dry|p2a: Ting-Lu\n|-supereffective|p2a: Ting-Lu\n|-damage|p2a: Ting-Lu|3\/100\n|move|p1a: Flutter Mane|Dazzling Gleam|p2b: Iron Hands|[spread] p2a,p2b\n|-supereffective|p2a: Ting-Lu\n|-damage|p2a: Ting-Lu|0 fnt\n|-damage|p2b: Iron Hands|65\/100\n|faint|p2a: Ting-Lu\n|move|p2b: Iron Hands|Drain Punch|p1b: Iron Bundle\n|-supereffective|p1b: Iron Bundle\n|-damage|p1b: Iron Bundle|0 fnt\n|-heal|p2b: Iron Hands|86\/100|[from] drain|[of] p1b: Iron Bundle\n|faint|p1b: Iron Bundle\n|-end|p1b: Iron Bundle|Quark Drive|[silent]\n|\n|upkeep\n|\n|t:|1682131938\n|switch|p1b: Annihilape|Annihilape, L50, M, tera:Fire|61\/100\n|switch|p2a: Palafin|Palafin-Hero, L50, F, shiny|39\/100\n|-activate|p2a: Palafin|ability: Zero to Hero\n|turn|8\n|\n|t:|1682131956\n|move|p1b: Annihilape|Protect|p1b: Annihilape\n|-singleturn|p1b: Annihilape|Protect\n|move|p2a: Palafin|Jet Punch|p1b: Annihilape\n|-activate|p1b: Annihilape|move: Protect\n|move|p1a: Flutter Mane|Dazzling Gleam|p2b: Iron Hands|[spread] p2a,p2b\n|-damage|p2a: Palafin|0 fnt\n|-damage|p2b: Iron Hands|44\/100\n|faint|p2a: Palafin\n|move|p2b: Iron Hands|Wild Charge|p1a: Flutter Mane\n|-crit|p1a: Flutter Mane\n|-damage|p1a: Flutter Mane|0 fnt\n|faint|p1a: Flutter Mane\n|-end|p1a: Flutter Mane|Protosynthesis|[silent]\n|-damage|p2b: Iron Hands|31\/100|[from] Recoil\n|\n|-heal|p1b: Annihilape|67\/100|[from] item: Leftovers\n|upkeep\n|turn|9\n|\n|t:|1682131971\n|move|p2b: Iron Hands|Protect|p2b: Iron Hands\n|-singleturn|p2b: Iron Hands|Protect\n|move|p1b: Annihilape|Rage Fist|p2b: Iron Hands\n|-activate|p2b: Iron Hands|move: Protect\n|\n|-heal|p1b: Annihilape|73\/100|[from] item: Leftovers\n|upkeep\n|turn|10\n|\n|t:|1682131979\n|move|p1b: Annihilape|Rage Fist|p2b: Iron Hands\n|-damage|p2b: Iron Hands|6\/100\n|move|p2b: Iron Hands|Drain Punch|p1b: Annihilape\n|-damage|p1b: Annihilape|33\/100\n|-heal|p2b: Iron Hands|22\/100|[from] drain|[of] p1b: Annihilape\n|\n|-heal|p1b: Annihilape|39\/100|[from] item: Leftovers\n|upkeep\n|turn|11\n|\n|t:|1682131992\n|move|p1b: Annihilape|Protect|p1b: Annihilape\n|-singleturn|p1b: Annihilape|Protect\n|move|p2b: Iron Hands|Protect||[still]\n|-fail|p2b: Iron Hands\n|\n|-heal|p1b: Annihilape|46\/100|[from] item: Leftovers\n|upkeep\n|turn|12\n|\n|t:|1682132000\n|move|p1b: Annihilape|Rage Fist|p2b: Iron Hands\n|-damage|p2b: Iron Hands|0 fnt\n|faint|p2b: Iron Hands\n|-end|p2b: Iron Hands|Quark Drive|[silent]\n|\n|win|Licano089\n|c|\u2606Licano089|gg\n|l|\u2606tkwime1695\n","uploadtime":1682132129,"views":11,"p1id":"licano089","p2id":"tkwime1695","formatid":"gen9vgc2023regulationc","rating":0,"private":0,"password":""}