{"id":"gen9vgc2023regulationc-1848161376","p1":"Abstractidiot","p2":"WillieDangerously","format":"[Gen 9] VGC 2023 Regulation C","log":"|j|\u2606Abstractidiot\n|j|\u2606WillieDangerously\n|t:|1682036949\n|gametype|doubles\n|player|p1|Abstractidiot|1|1157\n|player|p2|WillieDangerously|psychic-gen4|1246\n|teamsize|p1|6\n|teamsize|p2|6\n|gen|9\n|tier|[Gen 9] VGC 2023 Regulation C\n|rated|\n|rule|Species Clause: Limit one of each Pok\u00e9mon\n|rule|Item Clause: Limit one of each item\n|clearpoke\n|poke|p1|Kilowattrel, L50, M|\n|poke|p1|Pelipper, L50, M|\n|poke|p1|Meowscarada, L50, M|\n|poke|p1|Palafin, L50, F|\n|poke|p1|Amoonguss, L50, F|\n|poke|p1|Sylveon, L50, M|\n|poke|p2|Espathra, L50, M|\n|poke|p2|Iron Bundle, L50|\n|poke|p2|Iron Valiant, L50|\n|poke|p2|Salamence, L50, F|\n|poke|p2|Scizor, L50, M|\n|poke|p2|Sandy Shocks, L50|\n|teampreview|4\n|inactive|Battle timer is ON: inactive players will automatically lose when time's up. (requested by Abstractidiot)\n|\n|t:|1682036984\n|start\n|switch|p1a: Meowscarada|Meowscarada, L50, M|100\/100\n|switch|p1b: Sylveon|Sylveon, L50, M|100\/100\n|switch|p2a: Salamence|Salamence, L50, F|100\/100\n|switch|p2b: Iron Bundle|Iron Bundle, L50|100\/100\n|turn|1\n|\n|t:|1682037006\n|move|p2a: Salamence|Iron Head|p1b: Sylveon\n|-supereffective|p1b: Sylveon\n|-damage|p1b: Sylveon|24\/100\n|move|p2b: Iron Bundle|Icy Wind|p1b: Sylveon|[spread] p1a,p1b\n|-supereffective|p1a: Meowscarada\n|-crit|p1b: Sylveon\n|-damage|p1a: Meowscarada|32\/100\n|-damage|p1b: Sylveon|3\/100\n|-unboost|p1a: Meowscarada|spe|1\n|-unboost|p1b: Sylveon|spe|1\n|move|p1a: Meowscarada|Flower Trick|p2b: Iron Bundle\n|-start|p1a: Meowscarada|typechange|Grass|[from] ability: Protean\n|-supereffective|p2b: Iron Bundle\n|-crit|p2b: Iron Bundle\n|-damage|p2b: Iron Bundle|0 fnt\n|faint|p2b: Iron Bundle\n|-end|p2b: Iron Bundle|Quark Drive|[silent]\n|move|p1b: Sylveon|Hyper Voice|p2a: Salamence\n|-supereffective|p2a: Salamence\n|-damage|p2a: Salamence|0 fnt\n|faint|p2a: Salamence\n|-enditem|p1b: Sylveon|Throat Spray\n|-boost|p1b: Sylveon|spa|1|[from] item: Throat Spray\n|\n|upkeep\n|\n|t:|1682037025\n|switch|p2b: Scizor|Scizor, L50, M|100\/100\n|switch|p2a: Sandy Shocks|Sandy Shocks, L50|100\/100\n|-enditem|p2a: Sandy Shocks|Booster Energy\n|-activate|p2a: Sandy Shocks|ability: Protosynthesis|[fromitem]\n|-start|p2a: Sandy Shocks|protosynthesisspe\n|turn|2\n|inactive|WillieDangerously has 30 seconds left.\n|\n|t:|1682037056\n|move|p2a: Sandy Shocks|Protect|p2a: Sandy Shocks\n|-singleturn|p2a: Sandy Shocks|Protect\n|move|p2b: Scizor|Feint|p1b: Sylveon\n|-damage|p1b: Sylveon|0 fnt\n|faint|p1b: Sylveon\n|move|p1a: Meowscarada|Flower Trick|p2a: Sandy Shocks\n|-activate|p2a: Sandy Shocks|move: Protect\n|\n|upkeep\n|\n|t:|1682037064\n|switch|p1b: Kilowattrel|Kilowattrel, L50, M|100\/100\n|turn|3\n|\n|t:|1682037072\n|move|p1b: Kilowattrel|Protect|p1b: Kilowattrel\n|-singleturn|p1b: Kilowattrel|Protect\n|move|p2b: Scizor|Bullet Punch|p1a: Meowscarada\n|-damage|p1a: Meowscarada|0 fnt\n|faint|p1a: Meowscarada\n|move|p2a: Sandy Shocks|Earth Power|p1b: Kilowattrel\n|-activate|p1b: Kilowattrel|move: Protect\n|\n|upkeep\n|\n|t:|1682037080\n|switch|p1a: Pelipper|Pelipper, L50, M|100\/100\n|-weather|RainDance|[from] ability: Drizzle|[of] p1a: Pelipper\n|turn|4\n|\n|t:|1682037100\n|-terastallize|p2a: Sandy Shocks|Ghost\n|-terastallize|p1a: Pelipper|Ground\n|move|p2a: Sandy Shocks|Thunder|p1a: Pelipper\n|-immune|p1a: Pelipper\n|move|p1b: Kilowattrel|Weather Ball|p2a: Sandy Shocks\n|-damage|p2a: Sandy Shocks|24\/100\n|-damage|p1b: Kilowattrel|91\/100|[from] item: Life Orb\n|move|p2b: Scizor|Swords Dance|p2b: Scizor\n|-boost|p2b: Scizor|atk|2\n|move|p1a: Pelipper|Hydro Pump|p2a: Sandy Shocks\n|-damage|p2a: Sandy Shocks|0 fnt\n|faint|p2a: Sandy Shocks\n|-end|p2a: Sandy Shocks|Protosynthesis|[silent]\n|\n|-weather|RainDance|[upkeep]\n|upkeep\n|turn|5\n|\n|t:|1682037125\n|move|p1b: Kilowattrel|Thunder|p2b: Scizor\n|-damage|p2b: Scizor|25\/100\n|-damage|p1b: Kilowattrel|81\/100|[from] item: Life Orb\n|move|p2b: Scizor|Pounce|p1a: Pelipper\n|-damage|p1a: Pelipper|38\/100\n|-unboost|p1a: Pelipper|spe|1\n|-enditem|p1a: Pelipper|Sitrus Berry|[eat]\n|-heal|p1a: Pelipper|62\/100|[from] item: Sitrus Berry\n|move|p1a: Pelipper|Hurricane|p2b: Scizor\n|-damage|p2b: Scizor|0 fnt\n|faint|p2b: Scizor\n|\n|win|Abstractidiot\n|raw|Abstractidiot's rating: 1157 → 1188<\/strong> (+31 for winning)\n|raw|WillieDangerously's rating: 1246 → 1215<\/strong> (-31 for losing)\n|l|\u2606WillieDangerously\n","uploadtime":1682037129,"views":3,"p1id":"abstractidiot","p2id":"williedangerously","formatid":"gen9vgc2023regulationc","rating":1188,"private":0,"password":""}