{"id":"gen9vgc2023regulationc-1855958974","p1":"Mait27","p2":"shelmerfudd","format":"[Gen 9] VGC 2023 Regulation C","log":"|j|\u2606Mait27\n|j|\u2606shelmerfudd\n|t:|1683007400\n|gametype|doubles\n|player|p1|Mait27|102|1164\n|player|p2|shelmerfudd|doctor|1140\n|teamsize|p1|6\n|teamsize|p2|6\n|gen|9\n|tier|[Gen 9] VGC 2023 Regulation C\n|rated|\n|rule|Species Clause: Limit one of each Pok\u00e9mon\n|rule|Item Clause: Limit one of each item\n|clearpoke\n|poke|p1|Klawf, L50, F|\n|poke|p1|Grimmsnarl, L50, M|\n|poke|p1|Arcanine, L50, M|\n|poke|p1|Wo-Chien, L50|\n|poke|p1|Mimikyu, L50, M|\n|poke|p1|Iron Bundle, L50|\n|poke|p2|Dragonite, L50, F|\n|poke|p2|Gyarados, L50, M|\n|poke|p2|Chien-Pao, L50|\n|poke|p2|Talonflame, L50, F|\n|poke|p2|Gholdengo, L50|\n|poke|p2|Amoonguss, L50, M|\n|teampreview|4\nshelmerfudd rejected open team sheets.\n|inactive|Battle timer is ON: inactive players will automatically lose when time's up. (requested by Mait27)\n|\n|t:|1683007452\n|start\n|switch|p1a: Grimmsnarl|Grimmsnarl, L50, M|100\/100\n|switch|p1b: Klawf|Klawf, L50, F|100\/100\n|switch|p2a: Dragonite|Dragonite, L50, F|100\/100\n|switch|p2b: Chien-Pao|Chien-Pao, L50|100\/100\n|-ability|p2b: Chien-Pao|Sword of Ruin\n|turn|1\n|\n|t:|1683007472\n|-terastallize|p2a: Dragonite|Normal\n|move|p2b: Chien-Pao|Protect|p2b: Chien-Pao\n|-singleturn|p2b: Chien-Pao|Protect\n|move|p1a: Grimmsnarl|Fake Out|p2b: Chien-Pao\n|-activate|p2b: Chien-Pao|move: Protect\n|move|p2a: Dragonite|Extreme Speed|p1a: Grimmsnarl\n|-damage|p1a: Grimmsnarl|0 fnt\n|faint|p1a: Grimmsnarl\n|move|p1b: Klawf|Rock Blast|p2b: Chien-Pao\n|-activate|p2b: Chien-Pao|move: Protect\n|\n|upkeep\n|\n|t:|1683007487\n|switch|p1a: Arcanine|Arcanine, L50, M|100\/100\n|-ability|p1a: Arcanine|Intimidate|boost\n|-fail|p2a: Dragonite|unboost|Attack|[from] ability: Inner Focus|[of] p2a: Dragonite\n|-unboost|p2b: Chien-Pao|atk|1\n|turn|2\n|\n|t:|1683007497\n|move|p2a: Dragonite|Extreme Speed|p1a: Arcanine\n|-damage|p1a: Arcanine|12\/100\n|-enditem|p1a: Arcanine|Figy Berry|[eat]\n|-heal|p1a: Arcanine|45\/100|[from] item: Figy Berry\n|move|p2b: Chien-Pao|Sacred Sword|p1b: Klawf\n|-supereffective|p1b: Klawf\n|-damage|p1b: Klawf|36\/100\n|-ability|p1b: Klawf|Anger Shell|boost\n|-boost|p1b: Klawf|atk|1\n|-boost|p1b: Klawf|spa|1\n|-boost|p1b: Klawf|spe|1\n|-unboost|p1b: Klawf|def|1\n|-unboost|p1b: Klawf|spd|1\n|move|p1b: Klawf|Swords Dance|p1b: Klawf\n|-boost|p1b: Klawf|atk|2\n|move|p1a: Arcanine|Will-O-Wisp|p2a: Dragonite\n|-status|p2a: Dragonite|brn\n|\n|-damage|p2a: Dragonite|95\/100 brn|[from] brn\n|upkeep\n|turn|3\n|inactive|Mait27 has 30 seconds left.\n|inactive|shelmerfudd has 30 seconds left.\n|\n|t:|1683007526\n|move|p1b: Klawf|Protect|p1b: Klawf\n|-singleturn|p1b: Klawf|Protect\n|move|p2a: Dragonite|Extreme Speed|p1a: Arcanine\n|-damage|p1a: Arcanine|2\/100\n|move|p2b: Chien-Pao|Sacred Sword|p1b: Klawf\n|-activate|p1b: Klawf|move: Protect\n|move|p1a: Arcanine|Flare Blitz|p2a: Dragonite\n|-damage|p2a: Dragonite|2\/100 brn\n|-damage|p1a: Arcanine|0 fnt|[from] Recoil\n|faint|p1a: Arcanine\n|\n|-damage|p2a: Dragonite|0 fnt|[from] brn\n|faint|p2a: Dragonite\n|upkeep\n|\n|t:|1683007543\n|switch|p2a: Gyarados|Gyarados, L50, M|100\/100\n|switch|p1a: Iron Bundle|Iron Bundle, L50|100\/100\n|-ability|p2a: Gyarados|Intimidate|boost\n|-unboost|p1a: Iron Bundle|atk|1\n|-unboost|p1b: Klawf|atk|1\n|-enditem|p1a: Iron Bundle|Booster Energy\n|-activate|p1a: Iron Bundle|ability: Quark Drive|[fromitem]\n|-start|p1a: Iron Bundle|quarkdrivespe\n|turn|4\n|inactive|shelmerfudd has 30 seconds left.\n|\n|t:|1683007568\n|-terastallize|p1b: Klawf|Water\n|move|p1a: Iron Bundle|Freeze-Dry|p2a: Gyarados\n|-supereffective|p2a: Gyarados\n|-damage|p2a: Gyarados|0 fnt\n|faint|p2a: Gyarados\n|move|p1b: Klawf|Rock Blast|p2b: Chien-Pao\n|-supereffective|p2b: Chien-Pao\n|-damage|p2b: Chien-Pao|39\/100\n|-supereffective|p2b: Chien-Pao\n|-damage|p2b: Chien-Pao|0 fnt\n|faint|p2b: Chien-Pao\n|-hitcount|p2: Chien-Pao|2\n|\n|upkeep\n|\n|t:|1683007582\n|switch|p2a: Amoonguss|Amoonguss, L50, M|100\/100\n|turn|5\n|\n|t:|1683007591\n|move|p1a: Iron Bundle|Freeze-Dry|p2a: Amoonguss\n|-supereffective|p2a: Amoonguss\n|-damage|p2a: Amoonguss|34\/100\n|move|p1b: Klawf|Rock Blast|p2a: Amoonguss\n|-damage|p2a: Amoonguss|18\/100\n|-damage|p2a: Amoonguss|0 fnt\n|faint|p2a: Amoonguss\n|-hitcount|p2: Amoonguss|2\n|\n|win|Mait27\n|raw|Mait27's rating: 1164 → 1187<\/strong> (+23 for winning)\n|raw|shelmerfudd's rating: 1140 → 1117<\/strong> (-23 for losing)\n|c|\u2606shelmerfudd|gg\n","uploadtime":1683007602,"views":20,"p1id":"mait27","p2id":"shelmerfudd","formatid":"gen9vgc2023regulationc","rating":1117,"private":0,"password":""}