{"id":"gen9vgc2023regulationc-1847533042","p1":"Delicia Delight","p2":"Canshe","format":"[Gen 9] VGC 2023 Regulation C","log":"|j|\u2606Delicia Delight\n|j|\u2606Canshe\n|t:|1681968596\n|gametype|doubles\n|player|p1|Delicia Delight|101|1229\n|player|p2|Canshe|blue|1190\n|teamsize|p1|6\n|teamsize|p2|6\n|gen|9\n|tier|[Gen 9] VGC 2023 Regulation C\n|rated|\n|rule|Species Clause: Limit one of each Pok\u00e9mon\n|rule|Item Clause: Limit one of each item\n|clearpoke\n|poke|p1|Flutter Mane, L50|\n|poke|p1|Baxcalibur, L50, M|\n|poke|p1|Arcanine, L50, M|\n|poke|p1|Palafin, L50, M|\n|poke|p1|Ting-Lu, L50|\n|poke|p1|Amoonguss, L50, M|\n|poke|p2|Gyarados, L50, M|\n|poke|p2|Abomasnow, L50, F|\n|poke|p2|Froslass, L50, F|\n|poke|p2|Chien-Pao, L50|\n|poke|p2|Flutter Mane, L50|\n|poke|p2|Baxcalibur, L50, F|\n|teampreview|4\n|inactive|Battle timer is ON: inactive players will automatically lose when time's up. (requested by Canshe)\n|inactive|Delicia Delight also wants the timer to be on.\n|inactive|Delicia Delight has 60 seconds left.\n|inactive|Canshe has 60 seconds left.\n|\n|t:|1681968645\n|start\n|switch|p1a: Palafin|Palafin, L50, M|100\/100\n|switch|p1b: Arcanine|Arcanine, L50, M|100\/100\n|switch|p2a: Gyarados|Gyarados, L50, M|100\/100\n|switch|p2b: Baxcalibur|Baxcalibur, L50, F|100\/100\n|-ability|p1b: Arcanine|Intimidate|boost\n|-unboost|p2a: Gyarados|atk|1\n|-unboost|p2b: Baxcalibur|atk|1\n|-ability|p2a: Gyarados|Intimidate|boost\n|-unboost|p1a: Palafin|atk|1\n|-unboost|p1b: Arcanine|atk|1\n|turn|1\n|inactive|Delicia Delight has 30 seconds left.\n|inactive|Canshe has 30 seconds left.\n|inactive|Canshe has 20 seconds left.\n|inactive|Delicia Delight has 20 seconds left.\n|inactive|Canshe has 15 seconds left.\n|inactive|Delicia Delight has 15 seconds left.\n|inactive|Delicia Delight has 10 seconds left.\n|\n|t:|1681968699\n|switch|p1b: Flutter Mane|Flutter Mane, L50|100\/100\n|detailschange|p1a: Palafin|Palafin-Hero, L50, M\n|switch|p1a: Amoonguss|Amoonguss, L50, M|100\/100\n|move|p2b: Baxcalibur|Glaive Rush|p1b: Flutter Mane\n|-immune|p1b: Flutter Mane\n|move|p2a: Gyarados|Thunder Wave|p1a: Amoonguss\n|-status|p1a: Amoonguss|par\n|\n|upkeep\n|turn|2\n|inactive|Delicia Delight has 30 seconds left.\n|inactive|Delicia Delight has 20 seconds left.\n|\n|t:|1681968737\n|switch|p2b: Abomasnow|Abomasnow, L50, F|100\/100\n|-weather|Snow|[from] ability: Snow Warning|[of] p2b: Abomasnow\n|switch|p1a: Arcanine|Arcanine, L50, M|100\/100\n|-ability|p1a: Arcanine|Intimidate|boost\n|-unboost|p2a: Gyarados|atk|1\n|-unboost|p2b: Abomasnow|atk|1\n|move|p1b: Flutter Mane|Thunderbolt|p2a: Gyarados\n|-supereffective|p2a: Gyarados\n|-damage|p2a: Gyarados|0 fnt\n|faint|p2a: Gyarados\n|\n|-weather|Snow|[upkeep]\n|upkeep\n|\n|t:|1681968749\n|switch|p2a: Baxcalibur|Baxcalibur, L50, F|100\/100\n|turn|3\n|inactive|Delicia Delight has 30 seconds left.\n|inactive|Canshe has 30 seconds left.\n|\n|t:|1681968782\n|-end|p1b: Flutter Mane|Protosynthesis|[silent]\n|switch|p1b: Amoonguss|Amoonguss, L50, M|100\/100 par\n|switch|p1a: Palafin|Palafin-Hero, L50, M|100\/100\n|-activate|p1a: Palafin|ability: Zero to Hero\n|-terastallize|p2a: Baxcalibur|Grass\n|move|p2b: Abomasnow|Protect|p2b: Abomasnow\n|-singleturn|p2b: Abomasnow|Protect\n|move|p2a: Baxcalibur|Iron Head|p1b: Amoonguss\n|-damage|p1b: Amoonguss|68\/100 par\n|\n|-weather|Snow|[upkeep]\n|upkeep\n|turn|4\n|inactive|Delicia Delight has 30 seconds left.\n|inactive|Canshe has 30 seconds left.\n|\n|t:|1681968816\n|switch|p2a: Flutter Mane|Flutter Mane, L50|100\/100\n|switch|p1b: Arcanine|Arcanine, L50, M|100\/100\n|-ability|p1b: Arcanine|Intimidate|boost\n|-unboost|p2a: Flutter Mane|atk|1\n|-unboost|p2b: Abomasnow|atk|1\n|move|p1a: Palafin|Substitute|p1a: Palafin\n|-start|p1a: Palafin|Substitute\n|-damage|p1a: Palafin|76\/100\n|move|p2b: Abomasnow|Giga Drain|p1a: Palafin\n|-supereffective|p1a: Palafin\n|-end|p1a: Palafin|Substitute\n|\n|-weather|Snow|[upkeep]\n|upkeep\n|turn|5\n|inactive|Canshe has 30 seconds left.\n|inactive|Delicia Delight has 30 seconds left.\n|\n|t:|1681968852\n|switch|p2b: Baxcalibur|Baxcalibur, L50, F, tera:Grass|100\/100\n|move|p1a: Palafin|Protect|p1a: Palafin\n|-singleturn|p1a: Palafin|Protect\n|move|p2a: Flutter Mane|Thunderbolt|p1a: Palafin\n|-activate|p1a: Palafin|move: Protect\n|move|p1b: Arcanine|Flare Blitz|p2a: Flutter Mane\n|-damage|p2a: Flutter Mane|41\/100\n|-damage|p1b: Arcanine|84\/100|[from] Recoil\n|\n|-weather|Snow|[upkeep]\n|upkeep\n|turn|6\n|inactive|Canshe has 30 seconds left.\n|\n|t:|1681968878\n|move|p1a: Palafin|Jet Punch|p2a: Flutter Mane\n|-damage|p2a: Flutter Mane|0 fnt\n|faint|p2a: Flutter Mane\n|-end|p2a: Flutter Mane|Protosynthesis|[silent]\n|move|p1b: Arcanine|Howl|p1b: Arcanine|[spread] p1a,p1b\n|-boost|p1a: Palafin|atk|1\n|-boost|p1b: Arcanine|atk|1\n|move|p2b: Baxcalibur|Iron Head|p1b: Arcanine\n|-resisted|p1b: Arcanine\n|-damage|p1b: Arcanine|62\/100\n|\n|-weather|Snow|[upkeep]\n|upkeep\n|\n|t:|1681968887\n|switch|p2a: Abomasnow|Abomasnow, L50, F|100\/100\n|turn|7\n|\n|t:|1681968905\n|move|p1a: Palafin|Protect|p1a: Palafin\n|-singleturn|p1a: Palafin|Protect\n|move|p1b: Arcanine|Flare Blitz|p2a: Abomasnow\n|-supereffective|p2a: Abomasnow\n|-damage|p2a: Abomasnow|0 fnt\n|faint|p2a: Abomasnow\n|-damage|p1b: Arcanine|28\/100|[from] Recoil\n|move|p2b: Baxcalibur|Iron Head|p1a: Palafin\n|-activate|p1a: Palafin|move: Protect\n|\n|-weather|Snow|[upkeep]\n|upkeep\n|turn|8\n|-message|Canshe forfeited.\n|\n|win|Delicia Delight\n|raw|Delicia Delight's rating: 1229 → 1251<\/strong> (+22 for winning)\n|raw|Canshe's rating: 1190 → 1168<\/strong> (-22 for losing)\n|l|\u2606Canshe\n","uploadtime":1681968945,"views":6,"p1id":"deliciadelight","p2id":"canshe","formatid":"gen9vgc2023regulationc","rating":1168,"private":0,"password":""}