{"id":"gen9vgc2023regulationc-1849323161","p1":"LesbianLeavanny","p2":"Jacooob_sneakers","format":"[Gen 9] VGC 2023 Regulation C","log":"|j|\u2606LesbianLeavanny\n|j|\u2606Jacooob_sneakers\n|t:|1682185841\n|gametype|doubles\n|player|p1|LesbianLeavanny|penny|1000\n|player|p2|Jacooob_sneakers|169|1060\n|teamsize|p1|6\n|teamsize|p2|6\n|gen|9\n|tier|[Gen 9] VGC 2023 Regulation C\n|rated|\n|rule|Species Clause: Limit one of each Pok\u00e9mon\n|rule|Item Clause: Limit one of each item\n|clearpoke\n|poke|p1|Iron Jugulis, L50|\n|poke|p1|Garchomp, L50, F|\n|poke|p1|Chien-Pao, L50|\n|poke|p1|Kilowattrel, L50, F|\n|poke|p1|Ting-Lu, L50|\n|poke|p1|Mismagius, L50, F|\n|poke|p2|Pelipper, L50, M|\n|poke|p2|Palafin, L50, F|\n|poke|p2|Chien-Pao, L50|\n|poke|p2|Amoonguss, L50, F|\n|poke|p2|Arcanine, L50, M|\n|poke|p2|Iron Jugulis, L50|\n|teampreview|4\n|inactive|Battle timer is ON: inactive players will automatically lose when time's up. (requested by LesbianLeavanny)\n|c|\u2606LesbianLeavanny|Good luck, have fun.\n|inactive|Jacooob_sneakers has 60 seconds left.\n|\n|t:|1682185876\n|start\n|switch|p1a: Dommy Mommy|Garchomp, L50, F, shiny|100\/100\n|switch|p1b: Goose|Kilowattrel, L50, F, shiny|100\/100\n|switch|p2a: Pelipper|Pelipper, L50, M|100\/100\n|switch|p2b: Palafin|Palafin, L50, F|100\/100\n|-weather|RainDance|[from] ability: Drizzle|[of] p2a: Pelipper\n|turn|1\n|\n|t:|1682185897\n|move|p1a: Dommy Mommy|Protect|p1a: Dommy Mommy\n|-singleturn|p1a: Dommy Mommy|Protect\n|move|p2b: Palafin|Flip Turn|p1b: Goose\n|-damage|p1b: Goose|38\/100\n|\n|t:|1682185902\n|detailschange|p2b: Palafin|Palafin-Hero, L50, F\n|switch|p2b: Amoonguss|Amoonguss, L50, F|100\/100|[from] Flip Turn\n|move|p1b: Goose|Discharge|p2a: Pelipper|[spread] p2a,p2b\n|-activate|p1a: Dommy Mommy|move: Protect\n|-supereffective|p2a: Pelipper\n|-resisted|p2b: Amoonguss\n|-damage|p2a: Pelipper|0 fnt\n|-damage|p2b: Amoonguss|87\/100\n|faint|p2a: Pelipper\n|\n|-weather|RainDance|[upkeep]\n|upkeep\n|j| Toxic Ariados\n|\n|t:|1682185912\n|switch|p2a: Chien-Pao|Chien-Pao, L50|100\/100\n|-ability|p2a: Chien-Pao|Sword of Ruin\n|turn|2\n|\n|t:|1682185920\n|-terastallize|p1a: Dommy Mommy|Fire\n|move|p2a: Chien-Pao|Ice Spinner|p1a: Dommy Mommy\n|-resisted|p1a: Dommy Mommy\n|-damage|p1a: Dommy Mommy|76\/100\n|-damage|p2a: Chien-Pao|88\/100|[from] ability: Rough Skin|[of] p1a: Dommy Mommy\n|move|p1b: Goose|Discharge|p2a: Chien-Pao|[spread] p1a,p2a,p2b\n|-resisted|p2b: Amoonguss\n|-damage|p1a: Dommy Mommy|40\/100\n|-damage|p2a: Chien-Pao|22\/100\n|-damage|p2b: Amoonguss|72\/100\n|move|p1a: Dommy Mommy|Earthquake|p2a: Chien-Pao|[spread] p2a,p2b\n|-immune|p1b: Goose\n|-damage|p2a: Chien-Pao|0 fnt\n|-damage|p2b: Amoonguss|27\/100\n|faint|p2a: Chien-Pao\n|move|p2b: Amoonguss|Pollen Puff|p2: Chien-Pao|[notarget]\n|-fail|p2b: Amoonguss\n|\n|-weather|RainDance|[upkeep]\n|upkeep\n|\n|t:|1682185936\n|switch|p2a: Palafin|Palafin-Hero, L50, F|100\/100\n|-activate|p2a: Palafin|ability: Zero to Hero\n|turn|3\n|\n|t:|1682185947\n|-terastallize|p2a: Palafin|Water\n|move|p2b: Amoonguss|Rage Powder|p2b: Amoonguss\n|-singleturn|p2b: Amoonguss|move: Rage Powder\n|move|p2a: Palafin|Jet Punch|p1a: Dommy Mommy\n|-supereffective|p1a: Dommy Mommy\n|-damage|p1a: Dommy Mommy|0 fnt\n|-damage|p2a: Palafin|88\/100|[from] ability: Rough Skin|[of] p1a: Dommy Mommy\n|faint|p1a: Dommy Mommy\n|move|p1b: Goose|Discharge|p2b: Amoonguss|[spread] p2a,p2b\n|-supereffective|p2a: Palafin\n|-resisted|p2b: Amoonguss\n|-damage|p2a: Palafin|6\/100\n|-damage|p2b: Amoonguss|13\/100\n|-enditem|p2b: Amoonguss|Aguav Berry|[eat]\n|-heal|p2b: Amoonguss|47\/100|[from] item: Aguav Berry\n|\n|-weather|RainDance|[upkeep]\n|upkeep\n|c|\u2606LesbianLeavanny|g.g.w.p.\n|\n|t:|1682185961\n|switch|p1a: Tara|Chien-Pao, L50|100\/100\n|-ability|p1a: Tara|Sword of Ruin\n|-item|p1a: Tara|Air Balloon\n|turn|4\n|\n|t:|1682185970\n|switch|p1b: haaaaaat.|Iron Jugulis, L50|100\/100\n|-enditem|p1b: haaaaaat.|Booster Energy\n|-activate|p1b: haaaaaat.|ability: Quark Drive|[fromitem]\n|-start|p1b: haaaaaat.|quarkdrivespe\n|move|p2b: Amoonguss|Rage Powder|p2b: Amoonguss\n|-singleturn|p2b: Amoonguss|move: Rage Powder\n|move|p1a: Tara|Ice Shard|p2b: Amoonguss\n|-supereffective|p2b: Amoonguss\n|-damage|p2b: Amoonguss|0 fnt\n|faint|p2b: Amoonguss\n|move|p2a: Palafin|Jet Punch|p1b: haaaaaat.\n|-damage|p1b: haaaaaat.|0 fnt\n|faint|p1b: haaaaaat.\n|-end|p1b: haaaaaat.|Quark Drive|[silent]\n|\n|-weather|RainDance|[upkeep]\n|upkeep\n|\n|t:|1682185978\n|switch|p1b: Goose|Kilowattrel, L50, F, shiny|38\/100\n|turn|5\n|\n|t:|1682185984\n|move|p1a: Tara|Ice Shard|p2a: Palafin\n|-resisted|p2a: Palafin\n|-damage|p2a: Palafin|0 fnt\n|faint|p2a: Palafin\n|\n|win|LesbianLeavanny\n|raw|LesbianLeavanny's rating: 1000 → 1047<\/strong> (+47 for winning)\n|raw|Jacooob_sneakers's rating: 1060 → 1038<\/strong> (-22 for losing)\n|l|\u2606Jacooob_sneakers\n","uploadtime":1682185990,"views":6,"p1id":"lesbianleavanny","p2id":"jacooobsneakers","formatid":"gen9vgc2023regulationc","rating":1038,"private":0,"password":""}