{"id":"gen9vgc2023regulationc-1855506505","p1":"oshawott","p2":"eruptdeez","format":"[Gen 9] VGC 2023 Regulation C","log":"|j|\u2606oshawott\n|j|\u2606eruptdeez\n|t:|1682957552\n|gametype|doubles\n|player|p1|oshawott|morty|1349\n|player|p2|eruptdeez|jogger|1310\n|teamsize|p1|6\n|teamsize|p2|6\n|gen|9\n|tier|[Gen 9] VGC 2023 Regulation C\n|rated|\n|rule|Species Clause: Limit one of each Pok\u00e9mon\n|rule|Item Clause: Limit one of each item\n|clearpoke\n|poke|p1|Chien-Pao, L50|\n|poke|p1|Dragonite, L50, F|\n|poke|p1|Volcarona, L50, F|\n|poke|p1|Amoonguss, L50, F|\n|poke|p1|Rotom-Wash, L50|\n|poke|p1|Dragapult, L50, F|\n|poke|p2|Flutter Mane, L50|\n|poke|p2|Ting-Lu, L50|\n|poke|p2|Baxcalibur, L50, M|\n|poke|p2|Palafin, L50, F|\n|poke|p2|Arcanine, L50, M|\n|poke|p2|Amoonguss, L50, F|\n|teampreview|4\n|inactive|Battle timer is ON: inactive players will automatically lose when time's up. (requested by oshawott)\neruptdeez has agreed to open team sheets.\n|inactive|eruptdeez has 60 seconds left.\noshawott has agreed to open team sheets.\n|inactive|eruptdeez has 30 seconds left.\n|inactive|eruptdeez has 20 seconds left.\n|inactive|eruptdeez has 15 seconds left.\n|inactive|eruptdeez has 10 seconds left.\n|\n|t:|1682957633\n|start\n|switch|p1a: Dragapult|Dragapult, L50, F|100\/100\n|switch|p1b: Chien-Pao|Chien-Pao, L50|100\/100\n|switch|p2a: Flutter Mane|Flutter Mane, L50|100\/100\n|switch|p2b: Arcanine|Arcanine, L50, M|100\/100\n|-ability|p1b: Chien-Pao|Sword of Ruin\n|-ability|p2b: Arcanine|Intimidate|boost\n|-fail|p1a: Dragapult|unboost|[from] ability: Clear Body|[of] p1a: Dragapult\n|-unboost|p1b: Chien-Pao|atk|1\n|turn|1\n|inactive|oshawott has 30 seconds left.\n|inactive|eruptdeez has 30 seconds left.\n|inactive|eruptdeez has 20 seconds left.\n|inactive|eruptdeez has 15 seconds left.\n|inactive|eruptdeez has 10 seconds left.\n|\n|t:|1682957679\n|switch|p1b: Rotom|Rotom-Wash, L50|100\/100\n|-end|p2a: Flutter Mane|Protosynthesis|[silent]\n|switch|p2a: Amoonguss|Amoonguss, L50, F|100\/100\n|move|p1a: Dragapult|Protect|p1a: Dragapult\n|-singleturn|p1a: Dragapult|Protect\n|move|p2b: Arcanine|Will-O-Wisp|p1a: Dragapult\n|-activate|p1a: Dragapult|move: Protect\n|\n|upkeep\n|turn|2\n|inactive|oshawott has 30 seconds left.\n|inactive|eruptdeez has 30 seconds left.\n|inactive|oshawott has 20 seconds left.\n|\n|t:|1682957714\n|switch|p2b: Flutter Mane|Flutter Mane, L50|100\/100\n|-terastallize|p1a: Dragapult|Steel\n|move|p1a: Dragapult|Phantom Force||[still]\n|-prepare|p1a: Dragapult|Phantom Force\n|move|p1b: Rotom|Hydro Pump|p2b: Flutter Mane|[miss]\n|-miss|p1b: Rotom|p2b: Flutter Mane\n|move|p2a: Amoonguss|Spore|p1b: Rotom\n|-status|p1b: Rotom|slp|[from] move: Spore\n|\n|upkeep\n|turn|3\n|inactive|eruptdeez has 30 seconds left.\n|inactive|eruptdeez has 20 seconds left.\n|inactive|eruptdeez has 15 seconds left.\n|inactive|eruptdeez has 10 seconds left.\n|inactive|eruptdeez has 5 seconds left.\n|\n|t:|1682957768\n|switch|p1b: Chien-Pao|Chien-Pao, L50|100\/100\n|-ability|p1b: Chien-Pao|Sword of Ruin\n|-terastallize|p2b: Flutter Mane|Fairy\n|move|p1a: Dragapult|Phantom Force|p2a: Amoonguss|[from]lockedmove\n|-damage|p2a: Amoonguss|33\/100\n|-enditem|p2a: Amoonguss|Sitrus Berry|[eat]\n|-heal|p2a: Amoonguss|58\/100|[from] item: Sitrus Berry\n|-damage|p1a: Dragapult|91\/100|[from] item: Life Orb\n|move|p2b: Flutter Mane|Moonblast|p1b: Chien-Pao\n|-supereffective|p1b: Chien-Pao\n|-enditem|p1b: Chien-Pao|Focus Sash\n|-damage|p1b: Chien-Pao|1\/100\n|move|p2a: Amoonguss|Spore|p1a: Dragapult\n|-status|p1a: Dragapult|slp|[from] move: Spore\n|\n|upkeep\n|turn|4\n|inactive|oshawott has 30 seconds left.\n|inactive|eruptdeez has 30 seconds left.\n|\n|t:|1682957798\n|switch|p2a: Arcanine|Arcanine, L50, M|100\/100\n|-ability|p2a: Arcanine|Intimidate|boost\n|-fail|p1a: Dragapult|unboost|[from] ability: Clear Body|[of] p1a: Dragapult\n|-unboost|p1b: Chien-Pao|atk|1\n|cant|p1a: Dragapult|slp\n|move|p1b: Chien-Pao|Protect|p1b: Chien-Pao\n|-singleturn|p1b: Chien-Pao|Protect\n|move|p2b: Flutter Mane|Moonblast|p1a: Dragapult\n|-resisted|p1a: Dragapult\n|-damage|p1a: Dragapult|20\/100 slp\n|\n|upkeep\n|turn|5\n|inactive|eruptdeez has 30 seconds left.\n|\n|t:|1682957831\n|-end|p2b: Flutter Mane|Protosynthesis|[silent]\n|switch|p2b: Amoonguss|Amoonguss, L50, F|91\/100\n|-curestatus|p1a: Dragapult|slp|[msg]\n|move|p1a: Dragapult|Tera Blast|p2b: Amoonguss\n|-damage|p2b: Amoonguss|35\/100\n|-damage|p1a: Dragapult|10\/100|[from] item: Life Orb\n|move|p1b: Chien-Pao|Ice Spinner|p2b: Amoonguss\n|-supereffective|p2b: Amoonguss\n|-damage|p2b: Amoonguss|0 fnt\n|faint|p2b: Amoonguss\n|move|p2a: Arcanine|Flare Blitz|p1a: Dragapult\n|-supereffective|p1a: Dragapult\n|-damage|p1a: Dragapult|0 fnt\n|faint|p1a: Dragapult\n|-damage|p2a: Arcanine|98\/100|[from] Recoil\n|\n|upkeep\n|\n|t:|1682957852\n|switch|p1a: Rotom|Rotom-Wash, L50|100\/100 slp\n|switch|p2b: Flutter Mane|Flutter Mane, L50, tera:Fairy|100\/100\n|turn|6\n|\n|t:|1682957862\n|move|p1b: Chien-Pao|Ice Spinner|p2b: Flutter Mane\n|-damage|p2b: Flutter Mane|50\/100\n|move|p2b: Flutter Mane|Moonblast|p1a: Rotom\n|-damage|p1a: Rotom|15\/100 slp\n|move|p2a: Arcanine|Flare Blitz|p1b: Chien-Pao\n|-supereffective|p1b: Chien-Pao\n|-damage|p1b: Chien-Pao|0 fnt\n|faint|p1b: Chien-Pao\n|-damage|p2a: Arcanine|97\/100|[from] Recoil\n|cant|p1a: Rotom|slp\n|\n|-heal|p1a: Rotom|21\/100 slp|[from] item: Leftovers\n|upkeep\n|\n|t:|1682957870\n|switch|p1b: Dragonite|Dragonite, L50, F|100\/100\n|turn|7\n|\n|t:|1682957892\n|move|p1b: Dragonite|Extreme Speed|p2b: Flutter Mane\n|-damage|p2b: Flutter Mane|0 fnt\n|faint|p2b: Flutter Mane\n|-end|p2b: Flutter Mane|Protosynthesis|[silent]\n|move|p2a: Arcanine|Will-O-Wisp|p1b: Dragonite\n|-status|p1b: Dragonite|brn\n|-curestatus|p1a: Rotom|slp|[msg]\n|move|p1a: Rotom|Hydro Pump|p2a: Arcanine\n|-supereffective|p2a: Arcanine\n|-damage|p2a: Arcanine|22\/100\n|\n|-heal|p1a: Rotom|27\/100|[from] item: Leftovers\n|-damage|p1b: Dragonite|94\/100 brn|[from] brn\n|upkeep\n|\n|t:|1682957908\n|switch|p2b: Ting-Lu|Ting-Lu, L50|100\/100\n|-ability|p2b: Ting-Lu|Vessel of Ruin\n|turn|8\n|inactive|eruptdeez has 30 seconds left.\n|inactive|eruptdeez has 20 seconds left.\n|\n|t:|1682957945\n|move|p2a: Arcanine|Protect|p2a: Arcanine\n|-singleturn|p2a: Arcanine|Protect\n|move|p1b: Dragonite|Extreme Speed|p2a: Arcanine\n|-activate|p2a: Arcanine|move: Protect\n|move|p1a: Rotom|Will-O-Wisp|p2b: Ting-Lu\n|-status|p2b: Ting-Lu|brn\n|move|p2b: Ting-Lu|Stone Edge|p1a: Rotom\n|-damage|p1a: Rotom|11\/100\n|\n|-heal|p1a: Rotom|17\/100|[from] item: Leftovers\n|-damage|p1b: Dragonite|88\/100 brn|[from] brn\n|-damage|p2b: Ting-Lu|95\/100 brn|[from] brn\n|upkeep\n|turn|9\n|\n|t:|1682957965\n|move|p1b: Dragonite|Extreme Speed|p2a: Arcanine\n|-crit|p2a: Arcanine\n|-damage|p2a: Arcanine|0 fnt\n|faint|p2a: Arcanine\n|move|p1a: Rotom|Hydro Pump|p2b: Ting-Lu\n|-supereffective|p2b: Ting-Lu\n|-damage|p2b: Ting-Lu|67\/100 brn\n|move|p2b: Ting-Lu|Stone Edge|p1a: Rotom|[miss]\n|-miss|p2b: Ting-Lu|p1a: Rotom\n|\n|-heal|p1a: Rotom|23\/100|[from] item: Leftovers\n|-damage|p1b: Dragonite|82\/100 brn|[from] brn\n|-damage|p2b: Ting-Lu|61\/100 brn|[from] brn\n|upkeep\n|turn|10\n|\n|t:|1682957980\n|move|p1b: Dragonite|Extreme Speed|p2b: Ting-Lu\n|-damage|p2b: Ting-Lu|47\/100 brn\n|move|p1a: Rotom|Hydro Pump|p2b: Ting-Lu\n|-supereffective|p2b: Ting-Lu\n|-damage|p2b: Ting-Lu|18\/100 brn\n|move|p2b: Ting-Lu|Stone Edge|p1a: Rotom\n|-damage|p1a: Rotom|6\/100\n|\n|-heal|p1a: Rotom|11\/100|[from] item: Leftovers\n|-damage|p1b: Dragonite|76\/100 brn|[from] brn\n|-damage|p2b: Ting-Lu|13\/100 brn|[from] brn\n|upkeep\n|turn|11\n|\n|t:|1682958004\n|move|p1b: Dragonite|Extreme Speed|p2b: Ting-Lu\n|-damage|p2b: Ting-Lu|0 fnt\n|faint|p2b: Ting-Lu\n|\n|win|oshawott\n|raw|oshawott's rating: 1349 → 1367<\/strong> (+18 for winning)\n|raw|eruptdeez's rating: 1310 → 1292<\/strong> (-18 for losing)\n","uploadtime":1682958016,"views":20,"p1id":"oshawott","p2id":"eruptdeez","formatid":"gen9vgc2023regulationc","rating":1292,"private":0,"password":""}