{"id":"gen9vgc2023regulationc-1860152715","p1":"horny_squid","p2":"Mumumumum","format":"[Gen 9] VGC 2023 Regulation C","log":"|j|\u2606horny_squid\n|j|\u2606Mumumumum\n|t:|1683601737\n|gametype|doubles\n|player|p1|horny_squid|101|1096\n|player|p2|Mumumumum|101|1059\n|teamsize|p1|6\n|teamsize|p2|6\n|gen|9\n|tier|[Gen 9] VGC 2023 Regulation C\n|rated|\n|rule|Species Clause: Limit one of each Pok\u00e9mon\n|rule|Item Clause: Limit one of each item\n|clearpoke\n|poke|p1|Magnezone, L50|\n|poke|p1|Gardevoir, L50, F|\n|poke|p1|Salamence, L50, M|\n|poke|p1|Palafin, L50, M|\n|poke|p1|Garchomp, L50, M|\n|poke|p1|Gyarados, L50, F|\n|poke|p2|Sandy Shocks, L50|\n|poke|p2|Chi-Yu, L50|\n|poke|p2|Espathra, L50, M|\n|poke|p2|Sylveon, L50, M|\n|poke|p2|Dondozo, L50, M|\n|poke|p2|Tatsugiri-Stretchy, L50, M|\n|teampreview|4\n|inactive|Battle timer is ON: inactive players will automatically lose when time's up. (requested by horny_squid)\n|inactive|horny_squid has 60 seconds left.\n|inactive|Mumumumum has 60 seconds left.\n|inactive|Mumumumum has 30 seconds left.\n|inactive|Mumumumum has 20 seconds left.\n|inactive|Mumumumum has 15 seconds left.\n|\n|t:|1683601816\n|start\n|switch|p1a: Magnezone|Magnezone, L50, shiny|100\/100\n|switch|p1b: Palafin|Palafin, L50, M|100\/100\n|switch|p2a: Dondozo|Dondozo, L50, M|100\/100\n|switch|p2b: Sandy Shocks|Sandy Shocks, L50, shiny|100\/100\n|-enditem|p2b: Sandy Shocks|Booster Energy\n|-activate|p2b: Sandy Shocks|ability: Protosynthesis|[fromitem]\n|-start|p2b: Sandy Shocks|protosynthesisspe\n|turn|1\n|\n|t:|1683601832\n|-terastallize|p1b: Palafin|Water\n|move|p2a: Dondozo|Protect|p2a: Dondozo\n|-singleturn|p2a: Dondozo|Protect\n|move|p2b: Sandy Shocks|Gravity|p2b: Sandy Shocks\n|-fieldstart|move: Gravity\n|move|p1a: Magnezone|Electroweb|p2a: Dondozo|[spread] \n|-activate|p2a: Dondozo|move: Protect\n|-immune|p2b: Sandy Shocks\n|move|p1b: Palafin|Flip Turn|p2b: Sandy Shocks\n|-supereffective|p2b: Sandy Shocks\n|-damage|p2b: Sandy Shocks|23\/100\n|\n|t:|1683601844\n|detailschange|p1b: Palafin|Palafin-Hero, L50, M, tera:Water\n|switch|p1b: Gyarados|Gyarados, L50, F|100\/100|[from] Flip Turn\n|\n|upkeep\n|turn|2\n|\n|t:|1683601854\n|-end|p2b: Sandy Shocks|Protosynthesis|[silent]\n|switch|p2b: Tatsugiri|Tatsugiri-Stretchy, L50, M|100\/100\n|-activate|p2b: Tatsugiri|ability: Commander|[of] p2a: Dondozo\n|-boost|p2a: Dondozo|atk|2\n|-boost|p2a: Dondozo|spa|2\n|-boost|p2a: Dondozo|spe|2\n|-boost|p2a: Dondozo|def|2\n|-boost|p2a: Dondozo|spd|2\n|-terastallize|p2a: Dondozo|Ground\n|move|p1b: Gyarados|Protect|p1b: Gyarados\n|-singleturn|p1b: Gyarados|Protect\n|move|p2a: Dondozo|Earthquake|p1b: Gyarados|[spread] p1a\n|-miss|p2a: Dondozo|p2b: Tatsugiri\n|-activate|p1b: Gyarados|move: Protect\n|-supereffective|p1a: Magnezone\n|-ability|p1a: Magnezone|Sturdy\n|-damage|p1a: Magnezone|1\/100\n|-damage|p2a: Dondozo|91\/100|[from] item: Life Orb\n|move|p1a: Magnezone|Electroweb|p2a: Dondozo|[spread] \n|-miss|p1a: Magnezone|p2b: Tatsugiri\n|-immune|p2a: Dondozo\n|\n|upkeep\n|turn|3\n|inactive|horny_squid has 30 seconds left.\n|\n|t:|1683601886\n|switch|p1a: Palafin|Palafin-Hero, L50, M, tera:Water|100\/100\n|-activate|p1a: Palafin|ability: Zero to Hero\n|move|p2a: Dondozo|Earthquake|p1b: Gyarados|[spread] p1a,p1b\n|-miss|p2a: Dondozo|p2b: Tatsugiri\n|-damage|p1a: Palafin|15\/100\n|-damage|p1b: Gyarados|0 fnt\n|faint|p1b: Gyarados\n|-damage|p2a: Dondozo|81\/100|[from] item: Life Orb\n|\n|upkeep\n|\n|t:|1683601898\n|switch|p1b: Magnezone|Magnezone, L50, shiny|1\/100\n|turn|4\n|\n|t:|1683601915\n|move|p1a: Palafin|Protect|p1a: Palafin\n|-singleturn|p1a: Palafin|Protect\n|move|p2a: Dondozo|Earthquake|p1b: Magnezone|[spread] p1b\n|-miss|p2a: Dondozo|p2b: Tatsugiri\n|-activate|p1a: Palafin|move: Protect\n|-supereffective|p1b: Magnezone\n|-damage|p1b: Magnezone|0 fnt\n|faint|p1b: Magnezone\n|-damage|p2a: Dondozo|71\/100|[from] item: Life Orb\n|\n|upkeep\n|\n|t:|1683601924\n|switch|p1b: Gardevoir|Gardevoir, L50, F, shiny|100\/100\n|-ability|p1b: Gardevoir|Oblivious|[from] ability: Trace|[of] p2a: Dondozo\n|turn|5\n|\n|t:|1683601942\n|move|p2a: Dondozo|Earthquake|p1b: Gardevoir|[spread] p1a,p1b\n|-miss|p2a: Dondozo|p2b: Tatsugiri\n|-damage|p1a: Palafin|0 fnt\n|-enditem|p1b: Gardevoir|Focus Sash\n|-damage|p1b: Gardevoir|1\/100\n|faint|p1a: Palafin\n|-damage|p2a: Dondozo|62\/100|[from] item: Life Orb\n|move|p1b: Gardevoir|Trick Room|p1b: Gardevoir\n|-fieldstart|move: Trick Room|[of] p1b: Gardevoir\n|\n|-fieldend|move: Gravity\n|upkeep\n|turn|6\n|-message|horny_squid forfeited.\n|\n|win|Mumumumum\n|raw|horny_squid's rating: 1096 → 1069<\/strong> (-27 for losing)\n|raw|Mumumumum's rating: 1059 → 1093<\/strong> (+34 for winning)\n|l|\u2606horny_squid\n","uploadtime":1683601959,"views":5,"p1id":"hornysquid","p2id":"mumumumum","formatid":"gen9vgc2023regulationc","rating":1069,"private":0,"password":""}