{"id":"gen9vgc2023regulationc-1854303391","p1":"Jbenn","p2":"19402u","format":"[Gen 9] VGC 2023 Regulation C","log":"|j|\u2606Jbenn\n|j|\u260619402u\n|t:|1682794672\n|gametype|doubles\n|player|p1|Jbenn|steven|1660\n|player|p2|19402u|170|1708\n|teamsize|p1|6\n|teamsize|p2|6\n|gen|9\n|tier|[Gen 9] VGC 2023 Regulation C\n|rated|\n|rule|Species Clause: Limit one of each Pok\u00e9mon\n|rule|Item Clause: Limit one of each item\n|clearpoke\n|poke|p1|Roaring Moon, L50|\n|poke|p1|Great Tusk, L50|\n|poke|p1|Gholdengo, L50|\n|poke|p1|Hariyama, L50, F|\n|poke|p1|Mimikyu, L50, M|\n|poke|p1|Gyarados, L50, M|\n|poke|p2|Flutter Mane, L50|\n|poke|p2|Dragonite, L50, F|\n|poke|p2|Glimmora, L50, M|\n|poke|p2|Dondozo, L50, M|\n|poke|p2|Amoonguss, L50, F|\n|poke|p2|Ting-Lu, L50|\n|teampreview|4\n19402u has agreed to open team sheets.\nJbenn has agreed to open team sheets.\n|\n|t:|1682794741\n|start\n|switch|p1a: Yokozuna|Hariyama, L50, F, shiny|100\/100\n|switch|p1b: Casper|Mimikyu, L50, M|100\/100\n|switch|p2a: Dondozo|Dondozo, L50, M|100\/100\n|switch|p2b: Glimmora|Glimmora, L50, M|100\/100\n|turn|1\n|\n|t:|1682794770\n|move|p1a: Yokozuna|Fake Out|p2a: Dondozo\n|-damage|p2a: Dondozo|92\/100\n|move|p2b: Glimmora|Toxic|p1b: Casper\n|-status|p1b: Casper|tox\n|move|p1b: Casper|Curse|p2a: Dondozo\n|-start|p2a: Dondozo|Curse|[of] p1b: Casper\n|-damage|p1b: Casper|50\/100 tox\n|-enditem|p1b: Casper|Sitrus Berry|[eat]\n|-heal|p1b: Casper|75\/100 tox|[from] item: Sitrus Berry\n|cant|p2a: Dondozo|flinch\n|\n|-damage|p1b: Casper|69\/100 tox|[from] psn\n|-damage|p2a: Dondozo|67\/100|[from] Curse\n|upkeep\n|turn|2\n|j| AnvilMeetHead\n|j| Method Tester\n|j| zdfghjnn\n|\n|t:|1682794808\n|switch|p1b: Haku|Gyarados, L50, M, shiny|100\/100\n|-ability|p1b: Haku|Intimidate|boost\n|-unboost|p2a: Dondozo|atk|1\n|-unboost|p2b: Glimmora|atk|1\n|switch|p2a: Dragonite|Dragonite, L50, F|100\/100\n|move|p2b: Glimmora|Spiky Shield|p2b: Glimmora\n|-singleturn|p2b: Glimmora|move: Protect\n|move|p1a: Yokozuna|Close Combat|p2b: Glimmora\n|-activate|p2b: Glimmora|move: Protect\n|-damage|p1a: Yokozuna|88\/100|[from] Spiky Shield|[of] p2b: Glimmora\n|\n|upkeep\n|turn|3\n|\n|t:|1682794836\n|switch|p1a: Casper|Mimikyu, L50, M|69\/100 tox\n|move|p2b: Glimmora|Power Gem|p1b: Haku\n|-supereffective|p1b: Haku\n|-damage|p1b: Haku|26\/100\n|move|p2a: Dragonite|Aerial Ace|p1a: Casper\n|-activate|p1a: Casper|ability: Disguise\n|-damage|p1a: Casper|69\/100 tox\n|detailschange|p1a: Casper|Mimikyu-Busted, L50, M\n|-damage|p1a: Casper|57\/100 tox|[from] pokemon: Mimikyu-Busted\n|move|p1b: Haku|Waterfall|p2b: Glimmora\n|-supereffective|p2b: Glimmora\n|-enditem|p2b: Glimmora|Focus Sash\n|-damage|p2b: Glimmora|1\/100\n|-activate|p2b: Glimmora|ability: Toxic Debris\n|-sidestart|p1: Jbenn|move: Toxic Spikes\n|\n|-damage|p1a: Casper|50\/100 tox|[from] psn\n|upkeep\n|turn|4\n|l| Method Tester\n|j| Method Tester\n|\n|t:|1682794885\n|switch|p1b: Yokozuna|Hariyama, L50, F, shiny|88\/100\n|-status|p1b: Yokozuna|psn\n|move|p2a: Dragonite|Extreme Speed|p1b: Yokozuna\n|-damage|p1b: Yokozuna|56\/100 psn\n|move|p2b: Glimmora|Power Gem|p1a: Casper\n|-damage|p1a: Casper|5\/100 tox\n|move|p1a: Casper|Play Rough|p2a: Dragonite\n|-supereffective|p2a: Dragonite\n|-damage|p2a: Dragonite|59\/100\n|\n|-damage|p1a: Casper|0 fnt|[from] psn\n|faint|p1a: Casper\n|-damage|p1b: Yokozuna|44\/100 psn|[from] psn\n|upkeep\n|l| Method Tester\n|j| Method Tester\n|\n|t:|1682794915\n|switch|p1a: 50 Cent|Gholdengo, L50|100\/100\n|turn|5\n|l| Method Tester\n|\n|t:|1682794931\n|-terastallize|p1a: 50 Cent|Water\n|move|p2b: Glimmora|Spiky Shield|p2b: Glimmora\n|-singleturn|p2b: Glimmora|move: Protect\n|move|p2a: Dragonite|Protect|p2a: Dragonite\n|-singleturn|p2a: Dragonite|Protect\n|move|p1b: Yokozuna|Fake Out|p2b: Glimmora\n|-activate|p2b: Glimmora|move: Protect\n|-damage|p1b: Yokozuna|31\/100 psn|[from] Spiky Shield|[of] p2b: Glimmora\n|move|p1a: 50 Cent|Nasty Plot|p1a: 50 Cent\n|-boost|p1a: 50 Cent|spa|2\n|\n|-damage|p1b: Yokozuna|19\/100 psn|[from] psn\n|upkeep\n|turn|6\n|\n|t:|1682794967\n|move|p2a: Dragonite|Extreme Speed|p1a: 50 Cent\n|-damage|p1a: 50 Cent|70\/100\n|move|p2b: Glimmora|Power Gem|p1a: 50 Cent\n|-damage|p1a: 50 Cent|31\/100\n|move|p1a: 50 Cent|Make It Rain|p2a: Dragonite|[spread] p2a,p2b\n|-supereffective|p2b: Glimmora\n|-damage|p2a: Dragonite|0 fnt\n|-damage|p2b: Glimmora|0 fnt\n|-unboost|p1a: 50 Cent|spa|1\n|faint|p2a: Dragonite\n|faint|p2b: Glimmora\n|move|p1b: Yokozuna|Iron Head|p2: Dragonite|[notarget]\n|-fail|p1b: Yokozuna\n|\n|-heal|p1a: 50 Cent|37\/100|[from] item: Leftovers\n|-damage|p1b: Yokozuna|7\/100 psn|[from] psn\n|upkeep\n|\n|t:|1682794975\n|switch|p2b: Dondozo|Dondozo, L50, M|67\/100\n|switch|p2a: Flutter Mane|Flutter Mane, L50, shiny|100\/100\n|-enditem|p2a: Flutter Mane|Booster Energy\n|-activate|p2a: Flutter Mane|ability: Protosynthesis|[fromitem]\n|-start|p2a: Flutter Mane|protosynthesisspe\n|turn|7\n|j| Method Tester\n|\n|t:|1682795039\n|move|p1a: 50 Cent|Protect|p1a: 50 Cent\n|-singleturn|p1a: 50 Cent|Protect\n|move|p2a: Flutter Mane|Moonblast|p1a: 50 Cent\n|-activate|p1a: 50 Cent|move: Protect\n|move|p1b: Yokozuna|Iron Head|p2a: Flutter Mane\n|-supereffective|p2a: Flutter Mane\n|-damage|p2a: Flutter Mane|27\/100\n|move|p2b: Dondozo|Wave Crash|p1b: Yokozuna\n|-damage|p1b: Yokozuna|0 fnt\n|faint|p1b: Yokozuna\n|-damage|p2b: Dondozo|65\/100|[from] Recoil\n|\n|-heal|p1a: 50 Cent|43\/100|[from] item: Leftovers\n|upkeep\n|\n|t:|1682795052\n|switch|p1b: Haku|Gyarados, L50, M, shiny|26\/100\n|-ability|p1b: Haku|Intimidate|boost\n|-unboost|p2a: Flutter Mane|atk|1\n|-unboost|p2b: Dondozo|atk|1\n|turn|8\n|c|\u2606Jbenn|ggs\n|\n|t:|1682795098\n|move|p1a: 50 Cent|Protect||[still]\n|-fail|p1a: 50 Cent\n|move|p2a: Flutter Mane|Moonblast|p1a: 50 Cent\n|-damage|p1a: 50 Cent|0 fnt\n|faint|p1a: 50 Cent\n|move|p1b: Haku|Thunder Wave|p2a: Flutter Mane\n|-status|p2a: Flutter Mane|par\n|move|p2b: Dondozo|Yawn|p1b: Haku\n|-start|p1b: Haku|move: Yawn|[of] p2b: Dondozo\n|\n|upkeep\n|turn|9\n|\n|t:|1682795116\n|move|p2a: Flutter Mane|Protect|p2a: Flutter Mane\n|-singleturn|p2a: Flutter Mane|Protect\n|move|p1b: Haku|Waterfall|p2a: Flutter Mane\n|-activate|p2a: Flutter Mane|move: Protect\n|move|p2b: Dondozo|Wave Crash|p1b: Haku\n|-resisted|p1b: Haku\n|-damage|p1b: Haku|13\/100\n|-damage|p2b: Dondozo|62\/100|[from] Recoil\n|\n|-end|p1b: Haku|move: Yawn|[silent]\n|-status|p1b: Haku|slp\n|-enditem|p1b: Haku|Lum Berry|[eat]\n|-curestatus|p1b: Haku|slp|[msg]\n|upkeep\n|turn|10\n|\n|t:|1682795121\n|move|p2a: Flutter Mane|Moonblast|p1b: Haku\n|-damage|p1b: Haku|0 fnt\n|faint|p1b: Haku\n|\n|win|19402u\n|raw|Jbenn's rating: 1660 → 1643<\/strong> (-17 for losing)\n|raw|19402u's rating: 1708 → 1725<\/strong> (+17 for winning)\n|c|\u260619402u|ggs\n","uploadtime":1682795126,"views":21,"p1id":"jbenn","p2id":"19402u","formatid":"gen9vgc2023regulationc","rating":1643,"private":0,"password":""}