{"id":"gen9vgc2023regulationc-1854824630","p1":"We_Love_The_Gong","p2":"Myung Somin","format":"[Gen 9] VGC 2023 Regulation C","log":"|j|\u2606We_Love_The_Gong\n|j|\u2606Myung Somin\n|t:|1682870382\n|gametype|doubles\n|player|p1|We_Love_The_Gong|fantina|1406\n|player|p2|Myung Somin|cynthia-gen7|1456\n|teamsize|p1|6\n|teamsize|p2|6\n|gen|9\n|tier|[Gen 9] VGC 2023 Regulation C\n|rated|\n|rule|Species Clause: Limit one of each Pok\u00e9mon\n|rule|Item Clause: Limit one of each item\n|clearpoke\n|poke|p1|Gholdengo, L50|\n|poke|p1|Ting-Lu, L50|\n|poke|p1|Gyarados, L50, F|\n|poke|p1|Flutter Mane, L50|\n|poke|p1|Amoonguss, L50, F|\n|poke|p1|Baxcalibur, L50, F|\n|poke|p2|Flutter Mane, L50|\n|poke|p2|Chien-Pao, L50|\n|poke|p2|Dragonite, L50, M|\n|poke|p2|Ting-Lu, L50|\n|poke|p2|Iron Bundle, L50|\n|poke|p2|Dondozo, L50, F|\n|teampreview|4\nWe_Love_The_Gong has agreed to open team sheets.\n|\n|t:|1682870444\n|start\n|switch|p1a: Baxcalibur|Baxcalibur, L50, F|100\/100\n|switch|p1b: Ting-Lu|Ting-Lu, L50|100\/100\n|switch|p2a: Dragonite|Dragonite, L50, M|100\/100\n|switch|p2b: Dondozo|Dondozo, L50, F|100\/100\n|-ability|p1b: Ting-Lu|Vessel of Ruin\n|turn|1\n|\n|t:|1682870457\n|move|p1a: Baxcalibur|Protect|p1a: Baxcalibur\n|-singleturn|p1a: Baxcalibur|Protect\n|move|p2a: Dragonite|Low Kick|p1b: Ting-Lu\n|-supereffective|p1b: Ting-Lu\n|-damage|p1b: Ting-Lu|18\/100\n|move|p1b: Ting-Lu|Ruination|p2b: Dondozo\n|-damage|p2b: Dondozo|50\/100\n|move|p2b: Dondozo|Yawn|p1a: Baxcalibur\n|-activate|p1a: Baxcalibur|move: Protect\n|\n|-heal|p2b: Dondozo|57\/100|[from] item: Leftovers\n|upkeep\n|turn|2\n|\n|t:|1682870472\n|switch|p2a: Flutter Mane|Flutter Mane, L50|100\/100\n|switch|p1b: Gyarados|Gyarados, L50, F|100\/100\n|-ability|p1b: Gyarados|Intimidate|boost\n|-unboost|p2a: Flutter Mane|atk|1\n|-unboost|p2b: Dondozo|atk|1\n|move|p1a: Baxcalibur|Icicle Spear|p2a: Flutter Mane\n|-damage|p2a: Flutter Mane|79\/100\n|-damage|p2a: Flutter Mane|59\/100\n|-damage|p2a: Flutter Mane|39\/100\n|-damage|p2a: Flutter Mane|21\/100\n|-hitcount|p2a: Flutter Mane|4\n|move|p2b: Dondozo|Wave Crash|p1b: Gyarados\n|-resisted|p1b: Gyarados\n|-damage|p1b: Gyarados|85\/100\n|-damage|p2b: Dondozo|53\/100|[from] Recoil\n|\n|-heal|p2b: Dondozo|59\/100|[from] item: Leftovers\n|upkeep\n|turn|3\n|\n|t:|1682870498\n|-end|p2a: Flutter Mane|Protosynthesis|[silent]\n|switch|p2a: Chien-Pao|Chien-Pao, L50|100\/100\n|-ability|p2a: Chien-Pao|Sword of Ruin\n|switch|p1a: Ting-Lu|Ting-Lu, L50|18\/100\n|-ability|p1a: Ting-Lu|Vessel of Ruin\n|move|p1b: Gyarados|Waterfall|p2a: Chien-Pao\n|-damage|p2a: Chien-Pao|54\/100\n|move|p2b: Dondozo|Fissure|p1a: Ting-Lu|[miss]\n|-miss|p2b: Dondozo|p1a: Ting-Lu\n|\n|-heal|p2b: Dondozo|65\/100|[from] item: Leftovers\n|upkeep\n|turn|4\n|\n|t:|1682870524\n|move|p2a: Chien-Pao|Protect|p2a: Chien-Pao\n|-singleturn|p2a: Chien-Pao|Protect\n|move|p1b: Gyarados|Thunder Wave|p2a: Chien-Pao\n|-activate|p2a: Chien-Pao|move: Protect\n|move|p1a: Ting-Lu|Ruination|p2b: Dondozo\n|-damage|p2b: Dondozo|33\/100\n|move|p2b: Dondozo|Wave Crash|p1b: Gyarados\n|-resisted|p1b: Gyarados\n|-damage|p1b: Gyarados|67\/100\n|-damage|p2b: Dondozo|28\/100|[from] Recoil\n|\n|-heal|p2b: Dondozo|34\/100|[from] item: Leftovers\n|upkeep\n|turn|5\n|\n|t:|1682870545\n|switch|p1a: Baxcalibur|Baxcalibur, L50, F|100\/100\n|move|p2a: Chien-Pao|Ice Spinner|p1b: Gyarados\n|-damage|p1b: Gyarados|8\/100\n|move|p1b: Gyarados|Waterfall|p2a: Chien-Pao\n|-damage|p2a: Chien-Pao|9\/100\n|move|p2b: Dondozo|Wave Crash|p1a: Baxcalibur\n|-resisted|p1a: Baxcalibur\n|-damage|p1a: Baxcalibur|86\/100\n|-damage|p2b: Dondozo|31\/100|[from] Recoil\n|\n|-heal|p2b: Dondozo|37\/100|[from] item: Leftovers\n|upkeep\n|turn|6\n|\n|t:|1682870573\n|move|p1a: Baxcalibur|Ice Shard|p2a: Chien-Pao\n|-resisted|p2a: Chien-Pao\n|-damage|p2a: Chien-Pao|0 fnt\n|faint|p2a: Chien-Pao\n|move|p1b: Gyarados|Thunder Wave|p2b: Dondozo\n|-status|p2b: Dondozo|par\n|cant|p2b: Dondozo|par\n|\n|-heal|p2b: Dondozo|43\/100 par|[from] item: Leftovers\n|upkeep\n|-message|Myung Somin forfeited.\n|\n|win|We_Love_The_Gong\n|raw|We_Love_The_Gong's rating: 1406 → 1429<\/strong> (+23 for winning)\n|raw|Myung Somin's rating: 1456 → 1433<\/strong> (-23 for losing)\n|l|\u2606Myung Somin\n","uploadtime":1682870589,"views":16,"p1id":"welovethegong","p2id":"myungsomin","formatid":"gen9vgc2023regulationc","rating":1429,"private":0,"password":""}