{"id":"gen9vgc2023regulationc-1858357394","p1":"negative damage","p2":"WillieDangerously","format":"[Gen 9] VGC 2023 Regulation C","log":"|j|\u2606negative damage\n|j|\u2606WillieDangerously\n|t:|1683304954\n|gametype|doubles\n|player|p1|negative damage|firebreather|1241\n|player|p2|WillieDangerously|psychic-gen4|1229\n|teamsize|p1|6\n|teamsize|p2|6\n|gen|9\n|tier|[Gen 9] VGC 2023 Regulation C\n|rated|\n|rule|Species Clause: Limit one of each Pok\u00e9mon\n|rule|Item Clause: Limit one of each item\n|clearpoke\n|poke|p1|Garchomp, L50, M|\n|poke|p1|Talonflame, L50, F|\n|poke|p1|Flutter Mane, L50|\n|poke|p1|Amoonguss, L50, M|\n|poke|p1|Kingambit, L50, F|\n|poke|p1|Iron Bundle, L50|\n|poke|p2|Iron Treads, L50|\n|poke|p2|Jumpluff, L50, M|\n|poke|p2|Flutter Mane, L50|\n|poke|p2|Roaring Moon, L50|\n|poke|p2|Rotom-Wash, L50|\n|poke|p2|Torkoal, L50, F|\n|teampreview|4\nnegative damage rejected open team sheets.\n|inactive|Battle timer is ON: inactive players will automatically lose when time's up. (requested by negative damage)\n|inactive|WillieDangerously has 60 seconds left.\n|inactive|WillieDangerously has 30 seconds left.\n|\n|t:|1683305026\n|start\n|switch|p1a: Flutter Mane|Flutter Mane, L50|100\/100\n|switch|p1b: Iron Bundle|Iron Bundle, L50|100\/100\n|switch|p2a: Torkoal|Torkoal, L50, F|100\/100\n|switch|p2b: Jumpluff|Jumpluff, L50, M|100\/100\n|-weather|SunnyDay|[from] ability: Drought|[of] p2a: Torkoal\n|-activate|p1a: Flutter Mane|ability: Protosynthesis\n|-start|p1a: Flutter Mane|protosynthesisspa\n|-enditem|p1b: Iron Bundle|Booster Energy\n|-activate|p1b: Iron Bundle|ability: Quark Drive|[fromitem]\n|-start|p1b: Iron Bundle|quarkdrivespe\n|turn|1\n|inactive|negative damage has 30 seconds left.\n|inactive|WillieDangerously has 30 seconds left.\n|inactive|negative damage has 20 seconds left.\n|\n|t:|1683305064\n|-end|p1a: Flutter Mane|Protosynthesis|[silent]\n|switch|p1a: Talonflame|Talonflame, L50, F, shiny|100\/100\n|move|p1b: Iron Bundle|Protect|p1b: Iron Bundle\n|-singleturn|p1b: Iron Bundle|Protect\n|move|p2b: Jumpluff|Leaf Storm|p1b: Iron Bundle\n|-activate|p1b: Iron Bundle|move: Protect\n|move|p2a: Torkoal|Yawn|p1a: Talonflame\n|-start|p1a: Talonflame|move: Yawn|[of] p2a: Torkoal\n|\n|-weather|SunnyDay|[upkeep]\n|upkeep\n|turn|2\n|inactive|WillieDangerously has 30 seconds left.\n|inactive|WillieDangerously has 20 seconds left.\n|inactive|WillieDangerously has 15 seconds left.\n|\n|t:|1683305108\n|-terastallize|p2b: Jumpluff|Rock\n|move|p1a: Talonflame|Tailwind|p1a: Talonflame\n|-sidestart|p1: negative damage|move: Tailwind\n|move|p1b: Iron Bundle|Icy Wind|p2a: Torkoal|[spread] p2a,p2b\n|-resisted|p2a: Torkoal\n|-damage|p2a: Torkoal|87\/100\n|-damage|p2b: Jumpluff|77\/100\n|-unboost|p2a: Torkoal|spe|1\n|-enditem|p2a: Torkoal|Eject Pack\n|-unboost|p2b: Jumpluff|spe|1\n|\n|t:|1683305123\n|switch|p2a: Rotom|Rotom-Wash, L50|100\/100\n|move|p2b: Jumpluff|Tailwind|p2b: Jumpluff\n|-sidestart|p2: WillieDangerously|move: Tailwind\n|\n|-weather|SunnyDay|[upkeep]\n|-end|p1a: Talonflame|move: Yawn|[silent]\n|-status|p1a: Talonflame|slp\n|upkeep\n|turn|3\n|\n|t:|1683305139\n|move|p1b: Iron Bundle|Protect|p1b: Iron Bundle\n|-singleturn|p1b: Iron Bundle|Protect\n|cant|p1a: Talonflame|slp\n|move|p2b: Jumpluff|Leaf Storm|p1b: Iron Bundle\n|-activate|p1b: Iron Bundle|move: Protect\n|move|p2a: Rotom|Nasty Plot|p2a: Rotom\n|-boost|p2a: Rotom|spa|2\n|\n|-weather|SunnyDay|[upkeep]\n|upkeep\n|turn|4\n|inactive|negative damage has 30 seconds left.\n|\n|t:|1683305164\n|-terastallize|p1b: Iron Bundle|Ghost\n|-curestatus|p1a: Talonflame|slp|[msg]\n|move|p1a: Talonflame|Brave Bird|p2b: Jumpluff\n|-resisted|p2b: Jumpluff\n|-damage|p2b: Jumpluff|56\/100\n|-damage|p1a: Talonflame|93\/100|[from] Recoil\n|move|p1b: Iron Bundle|Freeze-Dry|p2b: Jumpluff\n|-damage|p2b: Jumpluff|20\/100\n|move|p2b: Jumpluff|Encore|p1b: Iron Bundle\n|-start|p1b: Iron Bundle|Encore\n|move|p2a: Rotom|Thunderbolt|p1a: Talonflame\n|-supereffective|p1a: Talonflame\n|-damage|p1a: Talonflame|0 fnt\n|faint|p1a: Talonflame\n|\n|-weather|SunnyDay|[upkeep]\n|upkeep\n|\n|t:|1683305179\n|switch|p1a: Flutter Mane|Flutter Mane, L50|100\/100\n|-activate|p1a: Flutter Mane|ability: Protosynthesis\n|-start|p1a: Flutter Mane|protosynthesisspa\n|turn|5\n|inactive|WillieDangerously has 30 seconds left.\n|inactive|WillieDangerously has 20 seconds left.\n|inactive|WillieDangerously has 15 seconds left.\n|inactive|WillieDangerously has 10 seconds left.\n|\n|t:|1683305225\n|switch|p2b: Torkoal|Torkoal, L50, F|87\/100\n|move|p1b: Iron Bundle|Freeze-Dry|p2b: Torkoal\n|-resisted|p2b: Torkoal\n|-damage|p2b: Torkoal|63\/100\n|move|p1a: Flutter Mane|Moonblast|p2a: Rotom\n|-damage|p2a: Rotom|25\/100\n|-unboost|p2a: Rotom|spa|1\n|-enditem|p2a: Rotom|Sitrus Berry|[eat]\n|-heal|p2a: Rotom|50\/100|[from] item: Sitrus Berry\n|move|p2a: Rotom|Thunderbolt|p1b: Iron Bundle\n|-damage|p1b: Iron Bundle|0 fnt\n|faint|p1b: Iron Bundle\n|-end|p1b: Iron Bundle|Quark Drive|[silent]\n|\n|-weather|none\n|-end|p1a: Flutter Mane|Protosynthesis\n|-sideend|p2: WillieDangerously|move: Tailwind\n|-sideend|p1: negative damage|move: Tailwind\n|upkeep\n|\n|t:|1683305243\n|switch|p1b: Garchomp|Garchomp, L50, M, shiny|100\/100\n|turn|6\n|\n|t:|1683305264\n|switch|p2b: Jumpluff|Jumpluff, L50, M, tera:Rock|20\/100\n|move|p1a: Flutter Mane|Moonblast|p2a: Rotom\n|-damage|p2a: Rotom|0 fnt\n|faint|p2a: Rotom\n|move|p1b: Garchomp|Stomping Tantrum|p2b: Jumpluff\n|-supereffective|p2b: Jumpluff\n|-crit|p2b: Jumpluff\n|-damage|p2b: Jumpluff|0 fnt\n|faint|p2b: Jumpluff\n|\n|upkeep\n|\n|t:|1683305271\n|switch|p2b: Flutter Mane|Flutter Mane, L50|100\/100\n|switch|p2a: Torkoal|Torkoal, L50, F|63\/100\n|-weather|SunnyDay|[from] ability: Drought|[of] p2a: Torkoal\n|-activate|p2b: Flutter Mane|ability: Protosynthesis\n|-start|p2b: Flutter Mane|protosynthesisspe\n|-activate|p1a: Flutter Mane|ability: Protosynthesis\n|-start|p1a: Flutter Mane|protosynthesisspa\n|turn|7\n|inactive|WillieDangerously has 30 seconds left.\n|\n|t:|1683305302\n|move|p2b: Flutter Mane|Dazzling Gleam|p1a: Flutter Mane|[spread] p1a,p1b\n|-supereffective|p1b: Garchomp\n|-damage|p1a: Flutter Mane|55\/100\n|-damage|p1b: Garchomp|9\/100\n|-damage|p2b: Flutter Mane|91\/100|[from] item: Life Orb\n|move|p1a: Flutter Mane|Shadow Ball|p2a: Torkoal\n|-damage|p2a: Torkoal|0 fnt\n|faint|p2a: Torkoal\n|move|p1b: Garchomp|Stomping Tantrum|p2b: Flutter Mane\n|-damage|p2b: Flutter Mane|7\/100\n|\n|-weather|SunnyDay|[upkeep]\n|upkeep\n|turn|8\n|\n|t:|1683305316\n|move|p2b: Flutter Mane|Dazzling Gleam|p1a: Flutter Mane|[spread] p1a,p1b\n|-supereffective|p1b: Garchomp\n|-damage|p1a: Flutter Mane|12\/100\n|-damage|p1b: Garchomp|0 fnt\n|faint|p1b: Garchomp\n|-damage|p2b: Flutter Mane|0 fnt|[from] item: Life Orb\n|faint|p2b: Flutter Mane\n|-end|p2b: Flutter Mane|Protosynthesis|[silent]\n|\n|win|negative damage\n|raw|negative damage's rating: 1241 → 1265<\/strong> (+24 for winning)\n|raw|WillieDangerously's rating: 1229 → 1205<\/strong> (-24 for losing)\n","uploadtime":1683305320,"views":9,"p1id":"negativedamage","p2id":"williedangerously","formatid":"gen9vgc2023regulationc","rating":1205,"private":0,"password":""}