{"id":"gen9vgc2023regulationc-1846090632","p1":"New player#589","p2":"NoodleDude2355","format":"[Gen 9] VGC 2023 Regulation C","log":"|j|\u2606New player#589\n|j|\u2606NoodleDude2355\n|t:|1681804641\n|gametype|doubles\n|player|p1|New player#589|2|1072\n|player|p2|NoodleDude2355|1|1107\n|teamsize|p1|6\n|teamsize|p2|6\n|gen|9\n|tier|[Gen 9] VGC 2023 Regulation C\n|rated|\n|rule|Species Clause: Limit one of each Pok\u00e9mon\n|rule|Item Clause: Limit one of each item\n|clearpoke\n|poke|p1|Breloom, L50, M|\n|poke|p1|Arcanine, L50, M|\n|poke|p1|Kilowattrel, L50, M|\n|poke|p1|Eelektross, L50, M|\n|poke|p1|Scizor, L50, M|\n|poke|p1|Salazzle, L50, F|\n|poke|p2|Amoonguss, L50, M|\n|poke|p2|Garganacl, L50, M|\n|poke|p2|Arcanine, L50, M|\n|poke|p2|Chien-Pao, L50|\n|poke|p2|Flutter Mane, L50|\n|poke|p2|Iron Hands, L50|\n|teampreview|4\n|inactive|Battle timer is ON: inactive players will automatically lose when time's up. (requested by New player#589)\n|inactive|New player#589 has 60 seconds left.\n|\n|t:|1681804689\n|start\n|switch|p1a: Scizor|Scizor, L50, M, shiny|100\/100\n|switch|p1b: Salazzle|Salazzle, L50, F|100\/100\n|switch|p2a: Arcanine|Arcanine, L50, M|100\/100\n|switch|p2b: Chien-Pao|Chien-Pao, L50|100\/100\n|-ability|p2b: Chien-Pao|Sword of Ruin\n|-ability|p2a: Arcanine|Intimidate|boost\n|-unboost|p1a: Scizor|atk|1\n|-unboost|p1b: Salazzle|atk|1\n|turn|1\n|\n|t:|1681804712\n|-terastallize|p2b: Chien-Pao|Dark\n|move|p1b: Salazzle|Fake Out|p2a: Arcanine\n|-damage|p2a: Arcanine|91\/100\n|move|p2b: Chien-Pao|Throat Chop|p1b: Salazzle\n|-crit|p1b: Salazzle\n|-enditem|p1b: Salazzle|Focus Sash\n|-damage|p1b: Salazzle|1\/100\n|-start|p1b: Salazzle|Throat Chop|[silent]\n|cant|p2a: Arcanine|flinch\n|move|p1a: Scizor|Close Combat|p2b: Chien-Pao\n|-supereffective|p2b: Chien-Pao\n|-enditem|p2b: Chien-Pao|Focus Sash\n|-damage|p2b: Chien-Pao|1\/100\n|-unboost|p1a: Scizor|def|1\n|-unboost|p1a: Scizor|spd|1\n|\n|upkeep\n|turn|2\n|inactive|New player#589 has 30 seconds left.\n|\n|t:|1681804742\n|switch|p1a: AmongUs|Arcanine, L50, M|100\/100\n|-ability|p1a: AmongUs|Intimidate|boost\n|-unboost|p2a: Arcanine|atk|1\n|-unboost|p2b: Chien-Pao|atk|1\n|move|p2b: Chien-Pao|Throat Chop|p1b: Salazzle\n|-damage|p1b: Salazzle|0 fnt\n|faint|p1b: Salazzle\n|move|p2a: Arcanine|Flare Blitz|p1a: AmongUs\n|-resisted|p1a: AmongUs\n|-damage|p1a: AmongUs|75\/100\n|-damage|p2a: Arcanine|81\/100|[from] Recoil\n|\n|upkeep\n|\n|t:|1681804759\n|switch|p1b: Breloom|Breloom, L50, M, shiny|100\/100\n|turn|3\n|inactive|New player#589 has 30 seconds left.\n|inactive|New player#589 has 20 seconds left.\n|inactive|New player#589 has 15 seconds left.\n|inactive|New player#589 has 10 seconds left.\n|\n|t:|1681804805\n|-terastallize|p1b: Breloom|Electric\n|move|p2b: Chien-Pao|Protect|p2b: Chien-Pao\n|-singleturn|p2b: Chien-Pao|Protect\n|move|p2a: Arcanine|Flare Blitz|p1b: Breloom\n|-damage|p1b: Breloom|14\/100\n|-damage|p2a: Arcanine|57\/100|[from] Recoil\n|move|p1b: Breloom|Tera Blast|p2a: Arcanine\n|-damage|p2a: Arcanine|0 fnt\n|faint|p2a: Arcanine\n|move|p1a: AmongUs|Snarl|p2b: Chien-Pao\n|-activate|p2b: Chien-Pao|move: Protect\n|\n|upkeep\n|\n|t:|1681804820\n|switch|p2a: Iron Hands|Iron Hands, L50|100\/100\n|turn|4\n|inactive|New player#589 has 30 seconds left.\n|inactive|New player#589 has 20 seconds left.\n|inactive|New player#589 has 15 seconds left.\n|inactive|New player#589 has 10 seconds left.\n|inactive|New player#589 has 5 seconds left.\n|\n|t:|1681804875\n|move|p2b: Chien-Pao|Throat Chop|p1a: AmongUs\n|-damage|p1a: AmongUs|23\/100\n|-start|p1a: AmongUs|Throat Chop|[silent]\n|move|p1b: Breloom|Spore|p2a: Iron Hands\n|-status|p2a: Iron Hands|slp|[from] move: Spore\n|cant|p1a: AmongUs|move: Throat Chop\n|cant|p2a: Iron Hands|slp\n|\n|upkeep\n|turn|5\n|\n|t:|1681804890\n|move|p1b: Breloom|Mach Punch|p2b: Chien-Pao\n|-supereffective|p2b: Chien-Pao\n|-damage|p2b: Chien-Pao|0 fnt\n|faint|p2b: Chien-Pao\n|move|p1a: AmongUs|Flare Blitz|p2a: Iron Hands\n|-damage|p2a: Iron Hands|65\/100 slp\n|-damage|p1a: AmongUs|7\/100|[from] Recoil\n|cant|p2a: Iron Hands|slp\n|\n|-end|p1a: AmongUs|Throat Chop|[silent]\n|upkeep\n|c|\u2606New player#589|I made the correct play :)\n|inactive|NoodleDude2355 has 30 seconds left.\n|\n|t:|1681804917\n|switch|p2b: Amoonguss|Amoonguss, L50, M|100\/100\n|turn|6\n|\n|t:|1681804929\n|move|p1b: Breloom|Bullet Seed|p2a: Iron Hands\n|-damage|p2a: Iron Hands|51\/100 slp\n|-damage|p2a: Iron Hands|39\/100 slp\n|-damage|p2a: Iron Hands|25\/100 slp\n|-damage|p2a: Iron Hands|13\/100 slp\n|-damage|p2a: Iron Hands|0 fnt\n|faint|p2a: Iron Hands\n|-end|p2a: Iron Hands|Quark Drive|[silent]\n|-hitcount|p2: Iron Hands|5\n|move|p1a: AmongUs|Flare Blitz|p2b: Amoonguss\n|-supereffective|p2b: Amoonguss\n|-damage|p2b: Amoonguss|0 fnt\n|faint|p2b: Amoonguss\n|-damage|p1a: AmongUs|0 fnt|[from] Recoil\n|faint|p1a: AmongUs\n|\n|win|New player#589\n|raw|New player#589's rating: 1072 → 1104<\/strong> (+32 for winning)\n|raw|NoodleDude2355's rating: 1107 → 1079<\/strong> (-28 for losing)\n|c|\u2606New player#589|Gg\n|c|\u2606NoodleDude2355|i made a bad play\n|c|\u2606NoodleDude2355|should have wn\n|c|\u2606NoodleDude2355|won*\n|c|\u2606New player#589|how did I clutch that\n|c|\u2606New player#589|lol\n|l|\u2606NoodleDude2355\n|c|\u2606New player#589|Gg\n","uploadtime":1681804967,"views":9,"p1id":"newplayer589","p2id":"noodledude2355","formatid":"gen9vgc2023regulationc","rating":1079,"private":0,"password":""}