{"id":"gen9vgc2023regulationc-1853069322","p1":"FuratBang","p2":"Haxxson","format":"[Gen 9] VGC 2023 Regulation C","log":"|j|\u2606FuratBang\n|j|\u2606Haxxson\n|t:|1682631544\n|gametype|doubles\n|player|p1|FuratBang|crasherwake|\n|player|p2|Haxxson|marshal|\n|teamsize|p1|6\n|teamsize|p2|6\n|gen|9\n|tier|[Gen 9] VGC 2023 Regulation C\n|rule|Species Clause: Limit one of each Pok\u00e9mon\n|rule|Item Clause: Limit one of each item\n|clearpoke\n|poke|p1|Iron Hands, L50|\n|poke|p1|Tauros-Paldea-Blaze, L50, M|\n|poke|p1|Rotom-Wash, L50|\n|poke|p1|Mimikyu, L50, F|\n|poke|p1|Zoroark, L50, M|\n|poke|p1|Goodra, L50, M|\n|poke|p2|Jumpluff, L50, M|\n|poke|p2|Volcarona, L50, F|\n|poke|p2|Krookodile, L50, M|\n|poke|p2|Annihilape, L50, M|\n|poke|p2|Rabsca, L50, M|\n|poke|p2|Jolteon, L50, F|\n|teampreview|4\n|inactive|Battle timer is ON: inactive players will automatically lose when time's up. (requested by Haxxson)\nHaxxson rejected open team sheets.\n|inactiveoff|Battle timer is now OFF.\n|c|\u2606Haxxson|G2\n|j| CoDameron\n|\n|t:|1682632372\n|start\n|switch|p1a: Rotom|Rotom-Wash, L50|100\/100\n|switch|p1b: Tauros|Tauros-Paldea-Blaze, L50, M|100\/100\n|switch|p2a: Bubbles|Jumpluff, L50, M|100\/100\n|switch|p2b: McNulty|Jolteon, L50, F|100\/100\n|-ability|p1b: Tauros|Intimidate|boost\n|-unboost|p2a: Bubbles|atk|1\n|-unboost|p2b: McNulty|atk|1\n|turn|1\n|\n|t:|1682632468\n|move|p1b: Tauros|Protect|p1b: Tauros\n|-singleturn|p1b: Tauros|Protect\n|move|p1a: Rotom|Volt Switch|p2a: Bubbles\n|-damage|p2a: Bubbles|67\/100\n|\n|t:|1682632476\n|switch|p1a: Iron Hands|Iron Hands, L50|100\/100|[from] Volt Switch\n|move|p2b: McNulty|Thunderbolt|p1a: Iron Hands\n|-resisted|p1a: Iron Hands\n|-damage|p1a: Iron Hands|86\/100\n|move|p2a: Bubbles|Pollen Puff|p1a: Iron Hands\n|-resisted|p1a: Iron Hands\n|-damage|p1a: Iron Hands|81\/100\n|\n|upkeep\n|turn|2\n|\n|t:|1682632504\n|move|p2b: McNulty|Thunder Wave|p1b: Tauros\n|-status|p1b: Tauros|par\n|move|p2a: Bubbles|Strength Sap|p1b: Tauros\n|-unboost|p1b: Tauros|atk|1\n|-heal|p2a: Bubbles|100\/100\n|move|p1b: Tauros|Raging Bull|p2a: Bubbles\n|-supereffective|p2a: Bubbles\n|-damage|p2a: Bubbles|37\/100\n|move|p1a: Iron Hands|Close Combat|p2b: McNulty\n|-damage|p2b: McNulty|0 fnt\n|-unboost|p1a: Iron Hands|def|1\n|-unboost|p1a: Iron Hands|spd|1\n|faint|p2b: McNulty\n|\n|upkeep\n|\n|t:|1682632524\n|switch|p2b: Omar|Annihilape, L50, M|100\/100\n|turn|3\n|\n|t:|1682632593\n|switch|p1b: Mimikyu|Mimikyu, L50, F|100\/100\n|-end|p1a: Iron Hands|Quark Drive|[silent]\n|switch|p1a: Rotom|Rotom-Wash, L50|100\/100\n|move|p2a: Bubbles|Strength Sap|p1a: Rotom\n|-unboost|p1a: Rotom|atk|1\n|-heal|p2a: Bubbles|71\/100\n|move|p2b: Omar|Bulk Up|p2b: Omar\n|-boost|p2b: Omar|atk|1\n|-boost|p2b: Omar|def|1\n|\n|upkeep\n|turn|4\n|\n|t:|1682632660\n|-terastallize|p2b: Omar|Poison\n|move|p1a: Rotom|Trick|p2b: Omar\n|-activate|p1a: Rotom|move: Trick|[of] p2b: Omar\n|-item|p2b: Omar|Choice Scarf|[from] move: Trick\n|-item|p1a: Rotom|Leftovers|[from] move: Trick\n|move|p2a: Bubbles|Strength Sap|p1b: Mimikyu\n|-unboost|p1b: Mimikyu|atk|1\n|-heal|p2a: Bubbles|100\/100\n|move|p2b: Omar|Bulk Up|p2b: Omar\n|-boost|p2b: Omar|atk|1\n|-boost|p2b: Omar|def|1\n|move|p1b: Mimikyu|Trick Room|p1b: Mimikyu\n|-fieldstart|move: Trick Room|[of] p1b: Mimikyu\n|\n|upkeep\n|turn|5\n|\n|t:|1682632719\n|switch|p1b: Iron Hands|Iron Hands, L50|81\/100\n|switch|p2b: Bunk|Volcarona, L50, F|100\/100\n|move|p1a: Rotom|Thunderbolt|p2a: Bubbles\n|-damage|p2a: Bubbles|57\/100\n|move|p2a: Bubbles|Reflect|p2a: Bubbles\n|-sidestart|p2: Haxxson|Reflect\n|\n|upkeep\n|turn|6\n|\n|t:|1682632771\n|switch|p2b: Omar|Annihilape, L50, M, tera:Poison|100\/100\n|move|p1b: Iron Hands|Rock Slide|p2b: Omar|[spread] p2a,p2b\n|-supereffective|p2a: Bubbles\n|-damage|p2a: Bubbles|20\/100\n|-damage|p2b: Omar|87\/100\n|move|p1a: Rotom|Hydro Pump|p2b: Omar\n|-damage|p2b: Omar|42\/100\n|cant|p2a: Bubbles|flinch\n|\n|upkeep\n|turn|7\n|\n|t:|1682632820\n|move|p1b: Iron Hands|Rock Slide|p2b: Omar|[spread] p2a,p2b\n|-supereffective|p2a: Bubbles\n|-damage|p2a: Bubbles|0 fnt\n|-damage|p2b: Omar|30\/100\n|faint|p2a: Bubbles\n|move|p1a: Rotom|Thunderbolt|p2b: Omar\n|-damage|p2b: Omar|0 fnt\n|faint|p2b: Omar\n|\n|upkeep\n|\n|t:|1682632828\n|switch|p2a: Bunk|Volcarona, L50, F|100\/100\n|turn|8\n|\n|t:|1682632837\n|move|p1b: Iron Hands|Rock Slide|p2a: Bunk\n|-supereffective|p2a: Bunk\n|-damage|p2a: Bunk|28\/100\n|-enditem|p2a: Bunk|Sitrus Berry|[eat]\n|-heal|p2a: Bunk|53\/100|[from] item: Sitrus Berry\n|move|p2a: Bunk|Struggle Bug|p1b: Iron Hands|[spread] p1a,p1b\n|-crit|p1a: Rotom\n|-resisted|p1b: Iron Hands\n|-damage|p1a: Rotom|63\/100\n|-damage|p1b: Iron Hands|76\/100\n|-unboost|p1a: Rotom|spa|1\n|-unboost|p1b: Iron Hands|spa|1\n|move|p1a: Rotom|Hydro Pump|p2a: Bunk\n|-supereffective|p2a: Bunk\n|-damage|p2a: Bunk|0 fnt\n|faint|p2a: Bunk\n|\n|win|FuratBang\n|c|\u2606FuratBang|gg\n|c|\u2606Haxxson|GG2\n","uploadtime":1682633666,"views":18,"p1id":"furatbang","p2id":"haxxson","formatid":"gen9vgc2023regulationc","rating":0,"private":0,"password":""}