{"id":"gen9vgc2023regulationc-1851974901","p1":"bigbfps","p2":"WoJiaoReaction","format":"[Gen 9] VGC 2023 Regulation C","log":"|j|\u2606bigbfps\n|j|\u2606WoJiaoReaction\n|t:|1682512897\n|gametype|doubles\n|player|p1|bigbfps|169|1227\n|player|p2|WoJiaoReaction|firebreather|1117\n|teamsize|p1|6\n|teamsize|p2|6\n|gen|9\n|tier|[Gen 9] VGC 2023 Regulation C\n|rated|\n|rule|Species Clause: Limit one of each Pok\u00e9mon\n|rule|Item Clause: Limit one of each item\n|clearpoke\n|poke|p1|Falinks, L50|\n|poke|p1|Talonflame, L50, F|\n|poke|p1|Chien-Pao, L50|\n|poke|p1|Amoonguss, L50, M|\n|poke|p1|Dragapult, L50, F|\n|poke|p1|Azumarill, L50, M|\n|poke|p2|Skeledirge, L50, F|\n|poke|p2|Wo-Chien, L50|\n|poke|p2|Flutter Mane, L50|\n|poke|p2|Dragonite, L50, M|\n|poke|p2|Glimmora, L50, M|\n|poke|p2|Palafin, L50, F|\n|teampreview|4\n|inactive|Battle timer is ON: inactive players will automatically lose when time's up. (requested by bigbfps)\n|inactive|bigbfps has 60 seconds left.\n|inactive|WoJiaoReaction has 60 seconds left.\n|\n|t:|1682512943\n|start\n|switch|p1a: Dragapult|Dragapult, L50, F, shiny|100\/100\n|switch|p1b: Chien-Pao|Chien-Pao, L50|100\/100\n|switch|p2a: Glimmora|Glimmora, L50, M|100\/100\n|switch|p2b: Palafin|Palafin, L50, F|100\/100\n|-ability|p1b: Chien-Pao|Sword of Ruin\n|turn|1\n|\n|t:|1682512965\n|move|p1b: Chien-Pao|Protect|p1b: Chien-Pao\n|-singleturn|p1b: Chien-Pao|Protect\n|move|p1a: Dragapult|U-turn|p2b: Palafin\n|-crit|p2b: Palafin\n|-damage|p2b: Palafin|27\/100\n|\n|t:|1682512973\n|switch|p1a: Azumarill|Azumarill, L50, M, shiny|100\/100|[from] U-turn\n|move|p2a: Glimmora|Mortal Spin|p1b: Chien-Pao|[spread] p1a\n|-activate|p1b: Chien-Pao|move: Protect\n|-supereffective|p1a: Azumarill\n|-damage|p1a: Azumarill|88\/100\n|-status|p1a: Azumarill|psn\n|move|p2b: Palafin|Wave Crash|p1b: Chien-Pao\n|-activate|p1b: Chien-Pao|move: Protect\n|\n|-damage|p1a: Azumarill|76\/100 psn|[from] psn\n|upkeep\n|turn|2\n|inactive|bigbfps has 30 seconds left.\n|inactive|WoJiaoReaction has 30 seconds left.\n|inactive|bigbfps has 20 seconds left.\n|inactive|WoJiaoReaction has 20 seconds left.\n|inactive|bigbfps has 15 seconds left.\n|inactive|bigbfps has 10 seconds left.\n|\n|t:|1682513019\n|switch|p1b: Talonflame|Talonflame, L50, F, shiny|100\/100\n|move|p2b: Palafin|Jet Punch|p1b: Talonflame\n|-supereffective|p1b: Talonflame\n|-damage|p1b: Talonflame|54\/100\n|move|p2a: Glimmora|Power Gem|p1b: Talonflame\n|-supereffective|p1b: Talonflame\n|-damage|p1b: Talonflame|0 fnt\n|faint|p1b: Talonflame\n|move|p1a: Azumarill|Play Rough|p2b: Palafin\n|-damage|p2b: Palafin|0 fnt\n|faint|p2b: Palafin\n|\n|-damage|p1a: Azumarill|64\/100 psn|[from] psn\n|upkeep\n|inactive|WoJiaoReaction has 30 seconds left.\n|\n|t:|1682513045\n|switch|p1b: Dragapult|Dragapult, L50, F, shiny|100\/100\n|switch|p2b: Wo-Chien|Wo-Chien, L50|100\/100\n|-ability|p2b: Wo-Chien|Tablets of Ruin\n|turn|3\n|inactive|bigbfps has 30 seconds left.\n|inactive|WoJiaoReaction has 30 seconds left.\n|inactive|bigbfps has 20 seconds left.\n|inactive|bigbfps has 15 seconds left.\n|inactive|bigbfps has 10 seconds left.\n|inactive|WoJiaoReaction has 20 seconds left.\n|\n|t:|1682513104\n|move|p2b: Wo-Chien|Protect|p2b: Wo-Chien\n|-singleturn|p2b: Wo-Chien|Protect\n|move|p1b: Dragapult|U-turn|p2b: Wo-Chien\n|-activate|p2b: Wo-Chien|move: Protect\n|move|p2a: Glimmora|Mortal Spin|p1a: Azumarill|[spread] p1a,p1b\n|-supereffective|p1a: Azumarill\n|-crit|p1a: Azumarill\n|-resisted|p1b: Dragapult\n|-damage|p1a: Azumarill|52\/100 psn\n|-damage|p1b: Dragapult|98\/100\n|-status|p1b: Dragapult|psn\n|move|p1a: Azumarill|Liquidation|p2a: Glimmora\n|-supereffective|p2a: Glimmora\n|-damage|p2a: Glimmora|5\/100\n|-activate|p2a: Glimmora|ability: Toxic Debris\n|-sidestart|p1: bigbfps|move: Toxic Spikes\n|\n|-damage|p1b: Dragapult|86\/100 psn|[from] psn\n|-damage|p1a: Azumarill|40\/100 psn|[from] psn\n|upkeep\n|turn|4\n|inactive|WoJiaoReaction has 30 seconds left.\n|\n|t:|1682513133\n|-terastallize|p2b: Wo-Chien|Poison\n|move|p2a: Glimmora|Spiky Shield|p2a: Glimmora\n|-singleturn|p2a: Glimmora|move: Protect\n|move|p1a: Azumarill|Aqua Jet|p2a: Glimmora\n|-activate|p2a: Glimmora|move: Protect\n|-damage|p1a: Azumarill|28\/100 psn|[from] Spiky Shield|[of] p2a: Glimmora\n|move|p1b: Dragapult|U-turn|p2b: Wo-Chien\n|-resisted|p2b: Wo-Chien\n|-damage|p2b: Wo-Chien|90\/100\n|\n|t:|1682513143\n|switch|p1b: Chien-Pao|Chien-Pao, L50|100\/100|[from] U-turn\n|-status|p1b: Chien-Pao|psn\n|-ability|p1b: Chien-Pao|Sword of Ruin\n|move|p2b: Wo-Chien|Pollen Puff|p1b: Chien-Pao\n|-supereffective|p1b: Chien-Pao\n|-damage|p1b: Chien-Pao|38\/100 psn\n|\n|-heal|p2b: Wo-Chien|96\/100|[from] item: Leftovers\n|-damage|p1b: Chien-Pao|25\/100 psn|[from] psn\n|-damage|p1a: Azumarill|16\/100 psn|[from] psn\n|upkeep\n|turn|5\n|inactive|WoJiaoReaction has 30 seconds left.\n|inactive|WoJiaoReaction has 20 seconds left.\n|\n|t:|1682513181\n|move|p1b: Chien-Pao|Protect|p1b: Chien-Pao\n|-singleturn|p1b: Chien-Pao|Protect\n|move|p2b: Wo-Chien|Protect|p2b: Wo-Chien\n|-singleturn|p2b: Wo-Chien|Protect\n|move|p1a: Azumarill|Aqua Jet|p2a: Glimmora\n|-supereffective|p2a: Glimmora\n|-damage|p2a: Glimmora|0 fnt\n|-activate|p2a: Glimmora|ability: Toxic Debris\n|-sidestart|p1: bigbfps|move: Toxic Spikes\n|faint|p2a: Glimmora\n|\n|-heal|p2b: Wo-Chien|100\/100|[from] item: Leftovers\n|-damage|p1b: Chien-Pao|13\/100 psn|[from] psn\n|-damage|p1a: Azumarill|4\/100 psn|[from] psn\n|upkeep\n|\n|t:|1682513196\n|switch|p2a: Skeledirge|Skeledirge, L50, F|100\/100\n|turn|6\n|inactive|bigbfps has 30 seconds left.\n|\n|t:|1682513222\n|move|p1b: Chien-Pao|Ice Spinner|p2b: Wo-Chien\n|-damage|p2b: Wo-Chien|66\/100\n|move|p2b: Wo-Chien|Pollen Puff|p2a: Skeledirge\n|-immune|p2a: Skeledirge\n|move|p2a: Skeledirge|Torch Song|p1b: Chien-Pao\n|-supereffective|p1b: Chien-Pao\n|-damage|p1b: Chien-Pao|0 fnt\n|-boost|p2a: Skeledirge|spa|1\n|faint|p1b: Chien-Pao\n|move|p1a: Azumarill|Liquidation|p2b: Wo-Chien\n|-damage|p2b: Wo-Chien|35\/100\n|\n|-heal|p2b: Wo-Chien|41\/100|[from] item: Leftovers\n|-damage|p1a: Azumarill|0 fnt|[from] psn\n|faint|p1a: Azumarill\n|upkeep\n|\n|t:|1682513241\n|switch|p1a: Dragapult|Dragapult, L50, F, shiny|86\/100 psn\n|turn|7\n|\n|t:|1682513257\n|move|p1a: Dragapult|Phantom Force||[still]\n|-prepare|p1a: Dragapult|Phantom Force\n|move|p2b: Wo-Chien|Foul Play|p1a: Dragapult|[miss]\n|-miss|p2b: Wo-Chien|p1a: Dragapult\n|move|p2a: Skeledirge|Hex|p1a: Dragapult|[miss]\n|-miss|p2a: Skeledirge|p1a: Dragapult\n|\n|-heal|p2b: Wo-Chien|47\/100|[from] item: Leftovers\n|-damage|p1a: Dragapult|74\/100 psn|[from] psn\n|upkeep\n|turn|8\n|\n|t:|1682513270\n|move|p1a: Dragapult|Phantom Force|p2a: Skeledirge|[from]lockedmove\n|-supereffective|p2a: Skeledirge\n|-damage|p2a: Skeledirge|13\/100\n|-enditem|p2a: Skeledirge|Sitrus Berry|[eat]\n|-heal|p2a: Skeledirge|38\/100|[from] item: Sitrus Berry\n|move|p2b: Wo-Chien|Foul Play|p1a: Dragapult\n|-supereffective|p1a: Dragapult\n|-damage|p1a: Dragapult|0 fnt\n|faint|p1a: Dragapult\n|\n|win|WoJiaoReaction\n|raw|bigbfps's rating: 1227 → 1194<\/strong> (-33 for losing)\n|raw|WoJiaoReaction's rating: 1117 → 1150<\/strong> (+33 for winning)\n|c|\u2606bigbfps|ggwp\n","uploadtime":1682513283,"views":9,"p1id":"bigbfps","p2id":"wojiaoreaction","formatid":"gen9vgc2023regulationc","rating":1150,"private":0,"password":""}