{"id":"gen9vgc2023regulationc-1852775766","p1":"Idhfhfjdj","p2":"Pkfns","format":"[Gen 9] VGC 2023 Regulation C","log":"|j|\u2606Idhfhfjdj\n|j|\u2606Pkfns\n|t:|1682605305\n|gametype|doubles\n|player|p1|Idhfhfjdj|rocketgruntf|1000\n|player|p2|Pkfns|pokemaniac|1058\n|teamsize|p1|6\n|teamsize|p2|6\n|gen|9\n|tier|[Gen 9] VGC 2023 Regulation C\n|rated|\n|rule|Species Clause: Limit one of each Pok\u00e9mon\n|rule|Item Clause: Limit one of each item\n|clearpoke\n|poke|p1|Arboliva, L50, M|\n|poke|p1|Glimmora, L50, M|\n|poke|p1|Gastrodon-East, L50, F|\n|poke|p1|Garganacl, L50, M|\n|poke|p1|Arcanine, L50, F|\n|poke|p1|Wo-Chien, L50|\n|poke|p2|Ting-Lu, L50|\n|poke|p2|Annihilape, L50, M|\n|poke|p2|Maushold, L50|\n|poke|p2|Flutter Mane, L50|\n|poke|p2|Amoonguss, L50, F|\n|poke|p2|Arcanine, L50, F|\n|teampreview|4\nPkfns has agreed to open team sheets.\n|c|\u2606Pkfns|Glhf\n|inactive|Battle timer is ON: inactive players will automatically lose when time's up. (requested by Idhfhfjdj)\n|\n|t:|1682605347\n|start\n|switch|p1a: Glimmora|Glimmora, L50, M|100\/100\n|switch|p1b: Garganacl|Garganacl, L50, M|100\/100\n|switch|p2a: Annihilape|Annihilape, L50, M|100\/100\n|switch|p2b: Maushold|Maushold, L50, shiny|100\/100\n|turn|1\n|\n|t:|1682605363\n|move|p2b: Maushold|Super Fang|p1a: Glimmora\n|-damage|p1a: Glimmora|50\/100\n|move|p1a: Glimmora|Mortal Spin|p2a: Annihilape|[spread] p2a,p2b\n|-resisted|p2a: Annihilape\n|-damage|p2a: Annihilape|99\/100\n|-damage|p2b: Maushold|93\/100\n|-status|p2a: Annihilape|psn\n|-status|p2b: Maushold|psn\n|move|p2a: Annihilape|Drain Punch|p1b: Garganacl\n|-supereffective|p1b: Garganacl\n|-damage|p1b: Garganacl|62\/100\n|-heal|p2a: Annihilape|100\/100 psn|[from] drain|[of] p1b: Garganacl\n|-damage|p2a: Annihilape|84\/100 psn|[from] item: Rocky Helmet|[of] p1b: Garganacl\n|move|p1b: Garganacl|Salt Cure|p2a: Annihilape\n|-resisted|p2a: Annihilape\n|-damage|p2a: Annihilape|79\/100 psn\n|-start|p2a: Annihilape|Salt Cure\n|\n|-damage|p2b: Maushold|81\/100 psn|[from] psn\n|-damage|p2a: Annihilape|66\/100 psn|[from] psn\n|-damage|p2a: Annihilape|54\/100 psn|[from] Salt Cure\n|upkeep\n|turn|2\n|inactive|Pkfns has 30 seconds left.\n|inactive|Pkfns has 20 seconds left.\n|\n|t:|1682605400\n|move|p2b: Maushold|Follow Me|p2b: Maushold\n|-singleturn|p2b: Maushold|move: Follow Me\n|move|p1a: Glimmora|Power Gem|p2b: Maushold\n|-damage|p2b: Maushold|40\/100 psn\n|move|p2a: Annihilape|Rage Fist|p1b: Garganacl\n|-damage|p1b: Garganacl|43\/100\n|-damage|p2a: Annihilape|37\/100 psn|[from] item: Rocky Helmet|[of] p1b: Garganacl\n|move|p1b: Garganacl|Salt Cure|p2b: Maushold\n|-damage|p2b: Maushold|21\/100 psn\n|-start|p2b: Maushold|Salt Cure\n|\n|-damage|p2b: Maushold|9\/100 psn|[from] psn\n|-damage|p2a: Annihilape|25\/100 psn|[from] psn\n|-damage|p2b: Maushold|0 fnt|[from] Salt Cure\n|faint|p2b: Maushold\n|-damage|p2a: Annihilape|12\/100 psn|[from] Salt Cure\n|upkeep\n|\n|t:|1682605415\n|switch|p2b: Ting-Lu|Ting-Lu, L50|100\/100\n|-ability|p2b: Ting-Lu|Vessel of Ruin\n|turn|3\n|\n|t:|1682605423\n|move|p1a: Glimmora|Spiky Shield|p1a: Glimmora\n|-singleturn|p1a: Glimmora|move: Protect\n|move|p2a: Annihilape|Drain Punch|p1b: Garganacl\n|-supereffective|p1b: Garganacl\n|-damage|p1b: Garganacl|1\/100\n|-heal|p2a: Annihilape|32\/100 psn|[from] drain|[of] p1b: Garganacl\n|-damage|p2a: Annihilape|16\/100 psn|[from] item: Rocky Helmet|[of] p1b: Garganacl\n|move|p2b: Ting-Lu|Stomping Tantrum|p1a: Glimmora\n|-activate|p1a: Glimmora|move: Protect\n|-damage|p2b: Ting-Lu|88\/100|[from] Spiky Shield|[of] p1a: Glimmora\n|move|p1b: Garganacl|Recover|p1b: Garganacl\n|-heal|p1b: Garganacl|51\/100\n|\n|-damage|p2a: Annihilape|3\/100 psn|[from] psn\n|-damage|p2a: Annihilape|0 fnt|[from] Salt Cure\n|faint|p2a: Annihilape\n|upkeep\n|\n|t:|1682605426\n|switch|p2a: Arcanine|Arcanine, L50, F|100\/100\n|-ability|p2a: Arcanine|Intimidate|boost\n|-unboost|p1a: Glimmora|atk|1\n|-unboost|p1b: Garganacl|atk|1\n|turn|4\n|\n|t:|1682605441\n|move|p1a: Glimmora|Mortal Spin|p2a: Arcanine|[spread] p2a,p2b\n|-resisted|p2b: Ting-Lu\n|-damage|p2a: Arcanine|97\/100\n|-damage|p2b: Ting-Lu|88\/100\n|-status|p2a: Arcanine|psn\n|-status|p2b: Ting-Lu|psn\n|move|p2a: Arcanine|Will-O-Wisp|p1b: Garganacl|[miss]\n|-miss|p2a: Arcanine|p1b: Garganacl\n|move|p2b: Ting-Lu|Stomping Tantrum|p1a: Glimmora\n|-supereffective|p1a: Glimmora\n|-crit|p1a: Glimmora\n|-damage|p1a: Glimmora|0 fnt\n|faint|p1a: Glimmora\n|move|p1b: Garganacl|Salt Cure|p2a: Arcanine\n|-supereffective|p2a: Arcanine\n|-damage|p2a: Arcanine|75\/100 psn\n|-start|p2a: Arcanine|Salt Cure\n|\n|-heal|p2a: Arcanine|81\/100 psn|[from] item: Leftovers\n|-damage|p2a: Arcanine|69\/100 psn|[from] psn\n|-damage|p2b: Ting-Lu|75\/100 psn|[from] psn\n|-damage|p2a: Arcanine|56\/100 psn|[from] Salt Cure\n|upkeep\n|\n|t:|1682605444\n|switch|p1a: Wo-Chien|Wo-Chien, L50|100\/100\n|-ability|p1a: Wo-Chien|Tablets of Ruin\n|turn|5\n|c|\u2606Pkfns|I def shoulda lead the moose lmao\n|inactive|Pkfns has 30 seconds left.\n|c|\u2606Pkfns|Gg, well played and I love the Glimrock stall\n|inactive|Pkfns has 20 seconds left.\n|inactive|Pkfns has 15 seconds left.\n|\n|t:|1682605485\n|move|p2a: Arcanine|Flare Blitz|p1a: Wo-Chien\n|-supereffective|p1a: Wo-Chien\n|-damage|p1a: Wo-Chien|38\/100\n|-damage|p2a: Arcanine|36\/100 psn|[from] Recoil\n|move|p1a: Wo-Chien|Leech Seed|p2b: Ting-Lu\n|-start|p2b: Ting-Lu|move: Leech Seed\n|move|p2b: Ting-Lu|Stomping Tantrum|p1b: Garganacl\n|-supereffective|p1b: Garganacl\n|-damage|p1b: Garganacl|24\/100\n|-damage|p2b: Ting-Lu|59\/100 psn|[from] item: Rocky Helmet|[of] p1b: Garganacl\n|move|p1b: Garganacl|Salt Cure|p2b: Ting-Lu\n|-resisted|p2b: Ting-Lu\n|-damage|p2b: Ting-Lu|57\/100 psn\n|-start|p2b: Ting-Lu|Salt Cure\n|\n|-heal|p2a: Arcanine|42\/100 psn|[from] item: Leftovers\n|-damage|p2b: Ting-Lu|45\/100 psn|[from] Leech Seed|[of] p1a: Wo-Chien\n|-heal|p1a: Wo-Chien|60\/100|[silent]\n|-damage|p2a: Arcanine|30\/100 psn|[from] psn\n|-damage|p2b: Ting-Lu|33\/100 psn|[from] psn\n|-damage|p2a: Arcanine|18\/100 psn|[from] Salt Cure\n|-damage|p2b: Ting-Lu|20\/100 psn|[from] Salt Cure\n|upkeep\n|turn|6\n|c|\u2606Pkfns|Or rocksalt stall? Glimgarg?\n|c|\u2606Pkfns|Lol ggs pal\n|inactive|Pkfns has 30 seconds left.\n|\n|t:|1682605511\n|move|p2a: Arcanine|Flare Blitz|p1a: Wo-Chien\n|-supereffective|p1a: Wo-Chien\n|-damage|p1a: Wo-Chien|0 fnt\n|faint|p1a: Wo-Chien\n|-damage|p2a: Arcanine|0 fnt|[from] Recoil\n|faint|p2a: Arcanine\n|move|p2b: Ting-Lu|Stomping Tantrum|p1b: Garganacl\n|-supereffective|p1b: Garganacl\n|-damage|p1b: Garganacl|0 fnt\n|-damage|p2b: Ting-Lu|4\/100 psn|[from] item: Rocky Helmet|[of] p1b: Garganacl\n|faint|p1b: Garganacl\n|\n|-damage|p2b: Ting-Lu|0 fnt|[from] psn\n|faint|p2b: Ting-Lu\n|\n|win|Idhfhfjdj\n|upkeep\n|raw|Idhfhfjdj's rating: 1000 → 1047<\/strong> (+47 for winning)\n|raw|Pkfns's rating: 1058 → 1036<\/strong> (-22 for losing)\n","uploadtime":1682605520,"views":11,"p1id":"idhfhfjdj","p2id":"pkfns","formatid":"gen9vgc2023regulationc","rating":1036,"private":0,"password":""}