{"id":"gen9vgc2023regulationc-1859688358","p1":"mxrtin","p2":"Magiplop","format":"[Gen 9] VGC 2023 Regulation C","log":"|j|\u2606mxrtin\n|j|\u2606Magiplop\n|t:|1683556222\n|gametype|doubles\n|player|p1|mxrtin|102|1145\n|player|p2|Magiplop|2|1136\n|teamsize|p1|6\n|teamsize|p2|6\n|gen|9\n|tier|[Gen 9] VGC 2023 Regulation C\n|rated|\n|rule|Species Clause: Limit one of each Pok\u00e9mon\n|rule|Item Clause: Limit one of each item\n|clearpoke\n|poke|p1|Gallade, L50, M|\n|poke|p1|Kilowattrel, L50, F|\n|poke|p1|Chi-Yu, L50|\n|poke|p1|Rotom-Wash, L50|\n|poke|p1|Amoonguss, L50, F|\n|poke|p1|Grimmsnarl, L50, M|\n|poke|p2|Lumineon, L50, M|\n|poke|p2|Pelipper, L50, M|\n|poke|p2|Palafin, L50, M|\n|poke|p2|Pincurchin, L50, M|\n|poke|p2|Grafaiai, L50, M|\n|poke|p2|Iron Treads, L50|\n|teampreview|4\n|inactive|Battle timer is ON: inactive players will automatically lose when time's up. (requested by Magiplop)\n|inactive|mxrtin has 60 seconds left.\n|\n|t:|1683556311\n|start\n|switch|p1a: Kilowattrel|Kilowattrel, L50, F|100\/100\n|switch|p1b: Rotom|Rotom-Wash, L50|100\/100\n|switch|p2a: Lumineon|Lumineon, L50, M|100\/100\n|switch|p2b: Palafin|Palafin, L50, M|100\/100\n|turn|1\n|\n|t:|1683556322\n|detailschange|p2b: Palafin|Palafin-Hero, L50, M\n|switch|p2b: Pelipper|Pelipper, L50, M|100\/100\n|-weather|RainDance|[from] ability: Drizzle|[of] p2b: Pelipper\n|move|p2a: Lumineon|Tailwind|p2a: Lumineon\n|-sidestart|p2: Magiplop|move: Tailwind\n|move|p1a: Kilowattrel|Thunderbolt|p2a: Lumineon\n|-supereffective|p2a: Lumineon\n|-damage|p2a: Lumineon|7\/100\n|move|p1b: Rotom|Will-O-Wisp|p2b: Pelipper\n|-status|p2b: Pelipper|brn\n|\n|-weather|RainDance|[upkeep]\n|-damage|p2b: Pelipper|95\/100 brn|[from] brn\n|upkeep\n|turn|2\n|\n|t:|1683556342\n|move|p2a: Lumineon|Encore|p1a: Kilowattrel\n|-start|p1a: Kilowattrel|Encore\n|move|p1a: Kilowattrel|Thunderbolt|p2b: Pelipper\n|-supereffective|p2b: Pelipper\n|-damage|p2b: Pelipper|0 fnt\n|faint|p2b: Pelipper\n|move|p1b: Rotom|Thunderbolt|p2a: Lumineon\n|-supereffective|p2a: Lumineon\n|-damage|p2a: Lumineon|0 fnt\n|faint|p2a: Lumineon\n|\n|-weather|RainDance|[upkeep]\n|upkeep\n|\n|t:|1683556350\n|switch|p2a: Iron Treads|Iron Treads, L50|100\/100\n|switch|p2b: Palafin|Palafin-Hero, L50, M|100\/100\n|-activate|p2b: Palafin|ability: Zero to Hero\n|turn|3\n|\n|t:|1683556360\n|-terastallize|p2b: Palafin|Water\n|move|p2a: Iron Treads|Knock Off|p1b: Rotom\n|-damage|p1b: Rotom|67\/100\n|-enditem|p1b: Rotom|Leftovers|[from] move: Knock Off|[of] p2a: Iron Treads\n|move|p2b: Palafin|Wave Crash|p1b: Rotom\n|-resisted|p1b: Rotom\n|-damage|p1b: Rotom|0 fnt\n|faint|p1b: Rotom\n|-damage|p2b: Palafin|84\/100|[from] Recoil\n|move|p1a: Kilowattrel|Thunderbolt|p2b: Palafin\n|-supereffective|p2b: Palafin\n|-damage|p2b: Palafin|6\/100\n|\n|-weather|RainDance|[upkeep]\n|upkeep\n|\n|t:|1683556370\n|switch|p1b: Grimmsnarl|Grimmsnarl, L50, M|100\/100\n|turn|4\n|inactive|mxrtin has 30 seconds left.\n|\n|t:|1683556398\n|switch|p1a: Gallade|Gallade, L50, M|100\/100\n|move|p2b: Palafin|Protect|p2b: Palafin\n|-singleturn|p2b: Palafin|Protect\n|move|p1b: Grimmsnarl|Fake Out|p2b: Palafin\n|-activate|p2b: Palafin|move: Protect\n|move|p2a: Iron Treads|Knock Off|p1a: Gallade\n|-damage|p1a: Gallade|42\/100\n|-enditem|p1a: Gallade|Scope Lens|[from] move: Knock Off|[of] p2a: Iron Treads\n|\n|-weather|RainDance|[upkeep]\n|-sideend|p2: Magiplop|move: Tailwind\n|upkeep\n|turn|5\n|\n|t:|1683556419\n|move|p1a: Gallade|Protect|p1a: Gallade\n|-singleturn|p1a: Gallade|Protect\n|move|p2b: Palafin|Jet Punch|p1b: Grimmsnarl\n|-damage|p1b: Grimmsnarl|0 fnt\n|faint|p1b: Grimmsnarl\n|move|p2a: Iron Treads|Knock Off|p1a: Gallade\n|-activate|p1a: Gallade|move: Protect\n|\n|-weather|RainDance|[upkeep]\n|upkeep\n|\n|t:|1683556429\n|switch|p1b: Kilowattrel|Kilowattrel, L50, F|100\/100\n|turn|6\n|\n|t:|1683556435\n|move|p2b: Palafin|Jet Punch|p1a: Gallade\n|-damage|p1a: Gallade|0 fnt\n|faint|p1a: Gallade\n|move|p2a: Iron Treads|Knock Off|p1b: Kilowattrel\n|-damage|p1b: Kilowattrel|36\/100\n|-enditem|p1b: Kilowattrel|Assault Vest|[from] move: Knock Off|[of] p2a: Iron Treads\n|move|p1b: Kilowattrel|Thunderbolt|p2b: Palafin\n|-supereffective|p2b: Palafin\n|-damage|p2b: Palafin|0 fnt\n|faint|p2b: Palafin\n|\n|-weather|RainDance|[upkeep]\n|upkeep\n|turn|7\n|\n|t:|1683556446\n|move|p2a: Iron Treads|Knock Off|p1b: Kilowattrel\n|-damage|p1b: Kilowattrel|0 fnt\n|faint|p1b: Kilowattrel\n|\n|win|Magiplop\n|raw|mxrtin's rating: 1145 → 1119<\/strong> (-26 for losing)\n|raw|Magiplop's rating: 1136 → 1162<\/strong> (+26 for winning)\n","uploadtime":1683556470,"views":10,"p1id":"mxrtin","p2id":"magiplop","formatid":"gen9vgc2023regulationc","rating":1119,"private":0,"password":""}