{"id":"gen9vgc2023regulationc-1858574555","p1":"scaas","p2":"Gill x Mayhem","format":"[Gen 9] VGC 2023 Regulation C","log":"|j|\u2606scaas\n|j|\u2606Gill x Mayhem\n|t:|1683327215\n|gametype|doubles\n|player|p1|scaas|shauntal|1318\n|player|p2|Gill x Mayhem|101|1245\n|teamsize|p1|6\n|teamsize|p2|6\n|gen|9\n|tier|[Gen 9] VGC 2023 Regulation C\n|rated|\n|rule|Species Clause: Limit one of each Pok\u00e9mon\n|rule|Item Clause: Limit one of each item\n|clearpoke\n|poke|p1|Flutter Mane, L50|\n|poke|p1|Annihilape, L50, M|\n|poke|p1|Chi-Yu, L50|\n|poke|p1|Torkoal, L50, F|\n|poke|p1|Murkrow, L50, F|\n|poke|p1|Roaring Moon, L50|\n|poke|p2|Chien-Pao, L50|\n|poke|p2|Dragonite, L50, M|\n|poke|p2|Annihilape, L50, M|\n|poke|p2|Iron Hands, L50|\n|poke|p2|Baxcalibur, L50, M|\n|poke|p2|Maushold-Four, L50|\n|teampreview|4\n|inactive|Battle timer is ON: inactive players will automatically lose when time's up. (requested by scaas)\n|\n|t:|1683327237\n|start\n|switch|p1a: Flutter Mane|Flutter Mane, L50|100\/100\n|switch|p1b: Annihilape|Annihilape, L50, M|100\/100\n|switch|p2a: Chien-Pao|Chien-Pao, L50|100\/100\n|switch|p2b: Dragonite|Dragonite, L50, M|100\/100\n|-ability|p2a: Chien-Pao|Sword of Ruin\n|turn|1\n|\n|t:|1683327255\n|-terastallize|p2b: Dragonite|Normal\n|move|p1a: Flutter Mane|Protect|p1a: Flutter Mane\n|-singleturn|p1a: Flutter Mane|Protect\n|move|p2a: Chien-Pao|Sucker Punch|p1b: Annihilape\n|-damage|p1b: Annihilape|57\/100\n|move|p1b: Annihilape|Drain Punch|p2a: Chien-Pao\n|-supereffective|p2a: Chien-Pao\n|-enditem|p2a: Chien-Pao|Focus Sash\n|-damage|p2a: Chien-Pao|1\/100\n|-heal|p1b: Annihilape|93\/100|[from] drain|[of] p2a: Chien-Pao\n|move|p2b: Dragonite|Iron Head|p1a: Flutter Mane\n|-activate|p1a: Flutter Mane|move: Protect\n|\n|-heal|p1b: Annihilape|99\/100|[from] item: Leftovers\n|upkeep\n|turn|2\n|\n|t:|1683327273\n|move|p2a: Chien-Pao|Sucker Punch|p1b: Annihilape\n|-damage|p1b: Annihilape|55\/100\n|move|p1a: Flutter Mane|Dazzling Gleam|p2a: Chien-Pao|[spread] p2a,p2b\n|-supereffective|p2a: Chien-Pao\n|-damage|p2a: Chien-Pao|0 fnt\n|-damage|p2b: Dragonite|55\/100\n|faint|p2a: Chien-Pao\n|-damage|p1a: Flutter Mane|90\/100|[from] item: Life Orb\n|move|p1b: Annihilape|Drain Punch|p2b: Dragonite\n|-supereffective|p2b: Dragonite\n|-damage|p2b: Dragonite|0 fnt\n|-heal|p1b: Annihilape|79\/100|[from] drain|[of] p2b: Dragonite\n|faint|p2b: Dragonite\n|\n|-heal|p1b: Annihilape|85\/100|[from] item: Leftovers\n|upkeep\n|\n|t:|1683327288\n|switch|p2a: Iron Hands|Iron Hands, L50|100\/100\n|switch|p2b: Baxcalibur|Baxcalibur, L50, M|100\/100\n|-enditem|p2a: Iron Hands|Booster Energy\n|-activate|p2a: Iron Hands|ability: Quark Drive|[fromitem]\n|-start|p2a: Iron Hands|quarkdriveatk\n|turn|3\n|\n|t:|1683327308\n|-terastallize|p1b: Annihilape|Fire\n|move|p1a: Flutter Mane|Mystical Fire|p1b: Annihilape\n|-resisted|p1b: Annihilape\n|-damage|p1b: Annihilape|69\/100\n|-unboost|p1b: Annihilape|spa|1\n|-damage|p1a: Flutter Mane|80\/100|[from] item: Life Orb\n|move|p2b: Baxcalibur|Iron Head|p1a: Flutter Mane\n|-supereffective|p1a: Flutter Mane\n|-damage|p1a: Flutter Mane|0 fnt\n|faint|p1a: Flutter Mane\n|-end|p1a: Flutter Mane|Protosynthesis|[silent]\n|move|p1b: Annihilape|Drain Punch|p2b: Baxcalibur\n|-supereffective|p2b: Baxcalibur\n|-damage|p2b: Baxcalibur|31\/100\n|-heal|p1b: Annihilape|100\/100|[from] drain|[of] p2b: Baxcalibur\n|move|p2a: Iron Hands|Thunder Punch|p1b: Annihilape\n|-damage|p1b: Annihilape|53\/100\n|-status|p1b: Annihilape|par\n|\n|-heal|p1b: Annihilape|59\/100 par|[from] item: Leftovers\n|upkeep\n|\n|t:|1683327318\n|switch|p1a: Murkrow|Murkrow, L50, F|100\/100\n|turn|4\n|\n|t:|1683327332\n|move|p1a: Murkrow|Tailwind|p1a: Murkrow\n|-sidestart|p1: scaas|move: Tailwind\n|move|p2b: Baxcalibur|Glaive Rush|p1b: Annihilape\n|-crit|p1b: Annihilape\n|-damage|p1b: Annihilape|0 fnt\n|-singlemove|p2b: Baxcalibur|Glaive Rush|[silent]\n|faint|p1b: Annihilape\n|move|p2a: Iron Hands|Thunder Punch|p1a: Murkrow\n|-supereffective|p1a: Murkrow\n|-damage|p1a: Murkrow|0 fnt\n|faint|p1a: Murkrow\n|\n|upkeep\n|\n|t:|1683327337\n|switch|p1b: Chi-Yu|Chi-Yu, L50|100\/100\n|-ability|p1b: Chi-Yu|Beads of Ruin\n|turn|5\n|\n|t:|1683327347\n|move|p2b: Baxcalibur|Ice Shard|p1b: Chi-Yu\n|-resisted|p1b: Chi-Yu\n|-damage|p1b: Chi-Yu|81\/100\n|move|p1b: Chi-Yu|Heat Wave|p2b: Baxcalibur|[spread] p2a,p2b\n|-damage|p2a: Iron Hands|48\/100\n|-damage|p2b: Baxcalibur|0 fnt\n|faint|p2b: Baxcalibur\n|move|p2a: Iron Hands|Drain Punch|p1b: Chi-Yu\n|-supereffective|p1b: Chi-Yu\n|-damage|p1b: Chi-Yu|0 fnt\n|-heal|p2a: Iron Hands|70\/100|[from] drain|[of] p1b: Chi-Yu\n|faint|p1b: Chi-Yu\n|\n|win|Gill x Mayhem\n|raw|scaas's rating: 1318 → 1294<\/strong> (-24 for losing)\n|raw|Gill x Mayhem's rating: 1245 → 1275<\/strong> (+30 for winning)\n|l|\u2606scaas\n","uploadtime":1683327377,"views":6,"p1id":"scaas","p2id":"gillxmayhem","formatid":"gen9vgc2023regulationc","rating":1275,"private":0,"password":""}