{"id":"gen9vgc2023regulationc-1856221008","p1":"Pokemondashi","p2":"JumpluffGoodCopium","format":"[Gen 9] VGC 2023 Regulation C","log":"|j|\u2606Pokemondashi\n|j|\u2606JumpluffGoodCopium\n|t:|1683042071\n|gametype|doubles\n|player|p1|Pokemondashi|steven|1078\n|player|p2|JumpluffGoodCopium|dawn-gen4pt|1127\n|teamsize|p1|6\n|teamsize|p2|6\n|gen|9\n|tier|[Gen 9] VGC 2023 Regulation C\n|rated|\n|rule|Species Clause: Limit one of each Pok\u00e9mon\n|rule|Item Clause: Limit one of each item\n|clearpoke\n|poke|p1|Palafin, L50, F|\n|poke|p1|Flutter Mane, L50|\n|poke|p1|Arcanine, L50, F|\n|poke|p1|Ting-Lu, L50|\n|poke|p1|Amoonguss, L50, M|\n|poke|p1|Kingambit, L50, F|\n|poke|p2|Jumpluff, L50, F|\n|poke|p2|Torkoal, L50, M|\n|poke|p2|Flutter Mane, L50|\n|poke|p2|Amoonguss, L50, F|\n|poke|p2|Garganacl, L50, M|\n|poke|p2|Chi-Yu, L50|\n|teampreview|4\nJumpluffGoodCopium has agreed to open team sheets.\n|inactive|Battle timer is ON: inactive players will automatically lose when time's up. (requested by JumpluffGoodCopium)\n|\n|t:|1683042092\n|start\n|switch|p1a: Ting-Lu|Ting-Lu, L50|100\/100\n|switch|p1b: Palafin|Palafin, L50, F|100\/100\n|switch|p2a: Jumpluff|Jumpluff, L50, F|100\/100\n|switch|p2b: Torkoal|Torkoal, L50, M|100\/100\n|-weather|SunnyDay|[from] ability: Drought|[of] p2b: Torkoal\n|-ability|p1a: Ting-Lu|Vessel of Ruin\n|turn|1\n|inactive|Pokemondashi has 30 seconds left.\n|\n|t:|1683042123\n|-terastallize|p1b: Palafin|Water\n|move|p2a: Jumpluff|Tailwind|p2a: Jumpluff\n|-sidestart|p2: JumpluffGoodCopium|move: Tailwind\n|move|p2b: Torkoal|Eruption|p1a: Ting-Lu|[spread] p1a,p1b\n|-resisted|p1b: Palafin\n|-damage|p1a: Ting-Lu|70\/100\n|-damage|p1b: Palafin|68\/100\n|move|p1b: Palafin|Wave Crash|p2b: Torkoal\n|-supereffective|p2b: Torkoal\n|-damage|p2b: Torkoal|33\/100\n|-damage|p1b: Palafin|52\/100|[from] Recoil\n|move|p1a: Ting-Lu|Fissure|p2b: Torkoal|[miss]\n|-miss|p1a: Ting-Lu|p2b: Torkoal\n|\n|-weather|SunnyDay|[upkeep]\n|upkeep\n|turn|2\n|inactive|Pokemondashi has 30 seconds left.\n|\n|t:|1683042150\n|move|p1b: Palafin|Jet Punch|p2b: Torkoal\n|-supereffective|p2b: Torkoal\n|-damage|p2b: Torkoal|1\/100\n|move|p2a: Jumpluff|Pollen Puff|p2b: Torkoal\n|-heal|p2b: Torkoal|51\/100\n|move|p2b: Torkoal|Eruption|p1a: Ting-Lu|[spread] p1a,p1b\n|-resisted|p1b: Palafin\n|-damage|p1a: Ting-Lu|56\/100\n|-damage|p1b: Palafin|35\/100\n|move|p1a: Ting-Lu|Ruination|p2b: Torkoal\n|-damage|p2b: Torkoal|26\/100\n|\n|-weather|SunnyDay|[upkeep]\n|upkeep\n|turn|3\n|inactive|Pokemondashi has 30 seconds left.\n|\n|t:|1683042182\n|-terastallize|p2b: Torkoal|Water\n|move|p1b: Palafin|Jet Punch|p2b: Torkoal\n|-resisted|p2b: Torkoal\n|-crit|p2b: Torkoal\n|-damage|p2b: Torkoal|13\/100\n|move|p2a: Jumpluff|Pollen Puff|p2b: Torkoal\n|-heal|p2b: Torkoal|62\/100\n|move|p2b: Torkoal|Eruption|p1a: Ting-Lu|[spread] p1a,p1b\n|-resisted|p1b: Palafin\n|-damage|p1a: Ting-Lu|37\/100\n|-damage|p1b: Palafin|15\/100\n|move|p1a: Ting-Lu|Heavy Slam|p2b: Torkoal\n|-resisted|p2b: Torkoal\n|-damage|p2b: Torkoal|49\/100\n|\n|-weather|SunnyDay|[upkeep]\n|upkeep\n|turn|4\n|\n|t:|1683042206\n|move|p1b: Palafin|Protect|p1b: Palafin\n|-singleturn|p1b: Palafin|Protect\n|move|p2a: Jumpluff|Pollen Puff|p2b: Torkoal\n|-heal|p2b: Torkoal|99\/100\n|move|p2b: Torkoal|Eruption|p1a: Ting-Lu|[spread] p1a\n|-activate|p1b: Palafin|move: Protect\n|-damage|p1a: Ting-Lu|7\/100\n|move|p1a: Ting-Lu|Ruination|p2a: Jumpluff\n|-damage|p2a: Jumpluff|50\/100\n|\n|-weather|SunnyDay|[upkeep]\n|-sideend|p2: JumpluffGoodCopium|move: Tailwind\n|upkeep\n|turn|5\n|inactive|Pokemondashi has 30 seconds left.\n|\n|t:|1683042235\n|detailschange|p1b: Palafin|Palafin-Hero, L50, F, tera:Water\n|switch|p1b: Kingambit|Kingambit, L50, F|100\/100\n|move|p2a: Jumpluff|Tailwind|p2a: Jumpluff\n|-sidestart|p2: JumpluffGoodCopium|move: Tailwind\n|move|p2b: Torkoal|Eruption|p1a: Ting-Lu|[spread] p1a,p1b\n|-supereffective|p1b: Kingambit\n|-damage|p1a: Ting-Lu|0 fnt\n|-damage|p1b: Kingambit|0 fnt\n|faint|p1a: Ting-Lu\n|faint|p1b: Kingambit\n|\n|-weather|none\n|upkeep\n|\n|t:|1683042245\n|switch|p1b: Amoonguss|Amoonguss, L50, M|100\/100\n|switch|p1a: Palafin|Palafin-Hero, L50, F, tera:Water|15\/100\n|-activate|p1a: Palafin|ability: Zero to Hero\n|turn|6\n|\n|t:|1683042252\n|move|p2a: Jumpluff|Helping Hand|p2b: Torkoal\n|-singleturn|p2b: Torkoal|Helping Hand|[of] p2a: Jumpluff\n|move|p1a: Palafin|Protect|p1a: Palafin\n|-singleturn|p1a: Palafin|Protect\n|move|p2b: Torkoal|Eruption|p1b: Amoonguss|[spread] p1b\n|-activate|p1a: Palafin|move: Protect\n|-supereffective|p1b: Amoonguss\n|-damage|p1b: Amoonguss|0 fnt\n|faint|p1b: Amoonguss\n|\n|upkeep\n|turn|7\n|-message|Pokemondashi forfeited.\n|\n|win|JumpluffGoodCopium\n|raw|Pokemondashi's rating: 1078 → 1059<\/strong> (-19 for losing)\n|raw|JumpluffGoodCopium's rating: 1127 → 1148<\/strong> (+21 for winning)\n|l|\u2606Pokemondashi\n","uploadtime":1683042270,"views":23,"p1id":"pokemondashi","p2id":"jumpluffgoodcopium","formatid":"gen9vgc2023regulationc","rating":1059,"private":0,"password":""}