{"id":"gen9vgc2023regulationc-1861811374","p1":"DARIUS I.B.","p2":"Arcacagne","format":"[Gen 9] VGC 2023 Regulation C","log":"|j|\u2606DARIUS I.B.\n|j|\u2606Arcacagne\n|t:|1683811134\n|gametype|doubles\n|player|p1|DARIUS I.B.|102|1459\n|player|p2|Arcacagne|102|1372\n|teamsize|p1|6\n|teamsize|p2|6\n|gen|9\n|tier|[Gen 9] VGC 2023 Regulation C\n|rated|\n|rule|Species Clause: Limit one of each Pok\u00e9mon\n|rule|Item Clause: Limit one of each item\n|clearpoke\n|poke|p1|Amoonguss, L50, M|\n|poke|p1|Palafin, L50, M|\n|poke|p1|Arcanine, L50, M|\n|poke|p1|Dragonite, L50, M|\n|poke|p1|Chien-Pao, L50|\n|poke|p1|Flutter Mane, L50|\n|poke|p2|Chi-Yu, L50|\n|poke|p2|Flutter Mane, L50|\n|poke|p2|Amoonguss, L50, M|\n|poke|p2|Ting-Lu, L50|\n|poke|p2|Iron Hands, L50|\n|poke|p2|Gyarados, L50, M|\n|teampreview|4\n|inactive|Battle timer is ON: inactive players will automatically lose when time's up. (requested by Arcacagne)\n|inactive|DARIUS I.B. has 60 seconds left.\n|\n|t:|1683811179\n|start\n|switch|p1a: Flutter Mane|Flutter Mane, L50|100\/100\n|switch|p1b: Arcanine|Arcanine, L50, M|100\/100\n|switch|p2a: Flutter Mane|Flutter Mane, L50|100\/100\n|switch|p2b: Iron Hands|Iron Hands, L50|100\/100\n|-ability|p1b: Arcanine|Intimidate|boost\n|-unboost|p2a: Flutter Mane|atk|1\n|-fail|p2b: Iron Hands|unboost|[from] item: Clear Amulet|[of] p2b: Iron Hands\n|-enditem|p2a: Flutter Mane|Booster Energy\n|-activate|p2a: Flutter Mane|ability: Protosynthesis|[fromitem]\n|-start|p2a: Flutter Mane|protosynthesisspa\n|turn|1\n|inactive|DARIUS I.B. has 30 seconds left.\n|inactive|Arcacagne has 30 seconds left.\n|\n|t:|1683811207\n|move|p2a: Flutter Mane|Protect|p2a: Flutter Mane\n|-singleturn|p2a: Flutter Mane|Protect\n|move|p1a: Flutter Mane|Shadow Ball|p2a: Flutter Mane\n|-activate|p2a: Flutter Mane|move: Protect\n|move|p1b: Arcanine|Will-O-Wisp|p2b: Iron Hands\n|-status|p2b: Iron Hands|brn\n|move|p2b: Iron Hands|Swords Dance|p2b: Iron Hands\n|-boost|p2b: Iron Hands|atk|2\n|\n|-damage|p2b: Iron Hands|95\/100 brn|[from] brn\n|upkeep\n|turn|2\n|inactive|DARIUS I.B. has 30 seconds left.\n|inactive|Arcacagne has 30 seconds left.\n|\n|t:|1683811238\n|-end|p2a: Flutter Mane|Protosynthesis|[silent]\n|switch|p2a: Gyarados|Gyarados, L50, M|100\/100\n|-ability|p2a: Gyarados|Intimidate|boost\n|-unboost|p1a: Flutter Mane|atk|1\n|-unboost|p1b: Arcanine|atk|1\n|-terastallize|p2b: Iron Hands|Grass\n|move|p1a: Flutter Mane|Moonblast|p2b: Iron Hands\n|-damage|p2b: Iron Hands|62\/100 brn\n|move|p1b: Arcanine|Flare Blitz|p2b: Iron Hands\n|-supereffective|p2b: Iron Hands\n|-damage|p2b: Iron Hands|19\/100 brn\n|-damage|p1b: Arcanine|82\/100|[from] Recoil\n|move|p2b: Iron Hands|Swords Dance|p2b: Iron Hands\n|-boost|p2b: Iron Hands|atk|2\n|\n|-damage|p2b: Iron Hands|13\/100 brn|[from] brn\n|upkeep\n|turn|3\n|inactive|DARIUS I.B. has 30 seconds left.\n|inactive|Arcacagne has 30 seconds left.\n|\n|t:|1683811264\n|move|p1a: Flutter Mane|Moonblast|p2b: Iron Hands\n|-damage|p2b: Iron Hands|0 fnt\n|faint|p2b: Iron Hands\n|-end|p2b: Iron Hands|Quark Drive|[silent]\n|move|p1b: Arcanine|Will-O-Wisp|p2a: Gyarados\n|-status|p2a: Gyarados|brn\n|-enditem|p2a: Gyarados|Lum Berry|[eat]\n|-curestatus|p2a: Gyarados|brn|[msg]\n|move|p2a: Gyarados|Thunder Wave|p1a: Flutter Mane\n|-status|p1a: Flutter Mane|par\n|\n|upkeep\n|\n|t:|1683811278\n|switch|p2b: Flutter Mane|Flutter Mane, L50|100\/100\n|turn|4\n|\n|t:|1683811292\n|move|p2b: Flutter Mane|Substitute|p2b: Flutter Mane\n|-start|p2b: Flutter Mane|Substitute\n|-damage|p2b: Flutter Mane|76\/100\n|move|p1b: Arcanine|Flare Blitz|p2b: Flutter Mane\n|-end|p2b: Flutter Mane|Substitute\n|-damage|p1b: Arcanine|76\/100|[from] Recoil|[of] p2b: Flutter Mane\n|move|p2a: Gyarados|Thunder Wave|p1b: Arcanine\n|-status|p1b: Arcanine|par\n|move|p1a: Flutter Mane|Power Gem|p2a: Gyarados\n|-supereffective|p2a: Gyarados\n|-damage|p2a: Gyarados|57\/100\n|\n|upkeep\n|turn|5\n|inactive|Arcacagne has 30 seconds left.\n|\n|t:|1683811317\n|move|p2b: Flutter Mane|Shadow Ball|p1a: Flutter Mane\n|-supereffective|p1a: Flutter Mane\n|-damage|p1a: Flutter Mane|23\/100 par\n|move|p2a: Gyarados|Waterfall|p1b: Arcanine\n|-supereffective|p1b: Arcanine\n|-damage|p1b: Arcanine|18\/100 par\n|-enditem|p1b: Arcanine|Aguav Berry|[eat]\n|-heal|p1b: Arcanine|51\/100 par|[from] item: Aguav Berry\n|cant|p1a: Flutter Mane|par\n|move|p1b: Arcanine|Flare Blitz|p2b: Flutter Mane\n|-damage|p2b: Flutter Mane|34\/100\n|-damage|p1b: Arcanine|40\/100 par|[from] Recoil\n|\n|upkeep\n|turn|6\n|inactive|DARIUS I.B. has 30 seconds left.\n|\n|t:|1683811349\n|move|p2b: Flutter Mane|Substitute|p2b: Flutter Mane\n|-start|p2b: Flutter Mane|Substitute\n|-damage|p2b: Flutter Mane|9\/100\n|move|p2a: Gyarados|Waterfall|p1b: Arcanine\n|-supereffective|p1b: Arcanine\n|-damage|p1b: Arcanine|0 fnt\n|faint|p1b: Arcanine\n|move|p1a: Flutter Mane|Moonblast|p2b: Flutter Mane\n|-end|p2b: Flutter Mane|Substitute\n|\n|upkeep\n|\n|t:|1683811362\n|switch|p1b: Dragonite|Dragonite, L50, M|100\/100\n|turn|7\n|\n|t:|1683811370\n|move|p1b: Dragonite|Aqua Jet|p2b: Flutter Mane\n|-damage|p2b: Flutter Mane|0 fnt\n|faint|p2b: Flutter Mane\n|-end|p2b: Flutter Mane|Protosynthesis|[silent]\n|move|p2a: Gyarados|Thunder Wave|p1b: Dragonite\n|-status|p1b: Dragonite|par\n|move|p1a: Flutter Mane|Power Gem|p2a: Gyarados\n|-supereffective|p2a: Gyarados\n|-damage|p2a: Gyarados|12\/100\n|\n|upkeep\n|\n|t:|1683811381\n|switch|p2b: Amoonguss|Amoonguss, L50, M|100\/100\n|turn|8\n|-message|Arcacagne forfeited.\n|\n|win|DARIUS I.B.\n|raw|DARIUS I.B.'s rating: 1459 → 1474<\/strong> (+15 for winning)\n|raw|Arcacagne's rating: 1372 → 1357<\/strong> (-15 for losing)\n","uploadtime":1683811390,"views":17,"p1id":"dariusib","p2id":"arcacagne","formatid":"gen9vgc2023regulationc","rating":1357,"private":0,"password":""}