{"id":"gen9vgc2023regulationc-1855474201","p1":"sakuraaVGC","p2":"TheNutmeg33","format":"[Gen 9] VGC 2023 Regulation C","log":"|j|\u2606sakuraaVGC\n|j|\u2606TheNutmeg33\n|t:|1682954741\n|gametype|doubles\n|player|p1|sakuraaVGC|pokemonbreederf-gen4|1326\n|player|p2|TheNutmeg33|170|1407\n|teamsize|p1|6\n|teamsize|p2|6\n|gen|9\n|tier|[Gen 9] VGC 2023 Regulation C\n|rated|\n|rule|Species Clause: Limit one of each Pok\u00e9mon\n|rule|Item Clause: Limit one of each item\n|clearpoke\n|poke|p1|Dondozo, L50, F|\n|poke|p1|Tatsugiri-Stretchy, L50, M|\n|poke|p1|Chi-Yu, L50|\n|poke|p1|Flutter Mane, L50|\n|poke|p1|Dragonite, L50, M|\n|poke|p1|Glimmora, L50, F|\n|poke|p2|Iron Hands, L50|\n|poke|p2|Flutter Mane, L50|\n|poke|p2|Palafin, L50, M|\n|poke|p2|Tsareena, L50, F|\n|poke|p2|Amoonguss, L50, M|\n|poke|p2|Arcanine, L50, F|\n|teampreview|4\n|inactive|Battle timer is ON: inactive players will automatically lose when time's up. (requested by sakuraaVGC)\n|\n|t:|1682954761\n|start\n|switch|p1a: Dondozo|Dondozo, L50, F|100\/100\n|switch|p1b: Glimmora|Glimmora, L50, F|100\/100\n|switch|p2a: Iron Hands|Iron Hands, L50, shiny|100\/100\n|switch|p2b: Amoonguss|Amoonguss, L50, M, shiny|100\/100\n|turn|1\n|inactive|TheNutmeg33 has 30 seconds left.\n|\n|t:|1682954791\n|move|p1a: Dondozo|Protect|p1a: Dondozo\n|-singleturn|p1a: Dondozo|Protect\n|move|p1b: Glimmora|Toxic|p2a: Iron Hands\n|-status|p2a: Iron Hands|tox\n|move|p2a: Iron Hands|Drain Punch|p1b: Glimmora\n|-damage|p1b: Glimmora|47\/100\n|-activate|p1b: Glimmora|ability: Toxic Debris\n|-sidestart|p2: TheNutmeg33|move: Toxic Spikes\n|move|p2b: Amoonguss|Spore|p1b: Glimmora\n|-status|p1b: Glimmora|slp|[from] move: Spore\n|\n|-damage|p2a: Iron Hands|94\/100 tox|[from] psn\n|upkeep\n|turn|2\n|\n|t:|1682954811\n|cant|p1b: Glimmora|slp\n|move|p2a: Iron Hands|Wild Charge|p1a: Dondozo\n|-supereffective|p1a: Dondozo\n|-damage|p1a: Dondozo|34\/100\n|-enditem|p1a: Dondozo|Sitrus Berry|[eat]\n|-heal|p1a: Dondozo|59\/100|[from] item: Sitrus Berry\n|-damage|p2a: Iron Hands|76\/100 tox|[from] Recoil\n|move|p1a: Dondozo|Yawn|p2b: Amoonguss\n|-start|p2b: Amoonguss|move: Yawn|[of] p1a: Dondozo\n|move|p2b: Amoonguss|Clear Smog|p1a: Dondozo\n|-damage|p1a: Dondozo|49\/100\n|-clearboost|p1a: Dondozo\n|\n|-damage|p2a: Iron Hands|63\/100 tox|[from] psn\n|upkeep\n|turn|3\n|\n|t:|1682954832\n|switch|p2b: Tsareena|Tsareena, L50, F|100\/100\n|-status|p2b: Tsareena|psn\n|move|p1a: Dondozo|Protect|p1a: Dondozo\n|-singleturn|p1a: Dondozo|Protect\n|cant|p1b: Glimmora|slp\n|move|p2a: Iron Hands|Drain Punch|p1b: Glimmora\n|-damage|p1b: Glimmora|0 fnt\n|-heal|p2a: Iron Hands|80\/100 tox|[from] drain|[of] p1b: Glimmora\n|-activate|p1b: Glimmora|ability: Toxic Debris\n|-sidestart|p2: TheNutmeg33|move: Toxic Spikes\n|faint|p1b: Glimmora\n|\n|-damage|p2b: Tsareena|88\/100 psn|[from] psn\n|-damage|p2a: Iron Hands|61\/100 tox|[from] psn\n|upkeep\n|\n|t:|1682954846\n|switch|p1b: Chi-Yu|Chi-Yu, L50|100\/100\n|-ability|p1b: Chi-Yu|Beads of Ruin\n|turn|4\n|\n|t:|1682954857\n|-terastallize|p1b: Chi-Yu|Grass\n|move|p1b: Chi-Yu|Flamethrower|p2b: Tsareena\n|-supereffective|p2b: Tsareena\n|-enditem|p2b: Tsareena|Occa Berry|[eat]\n|-enditem|p2b: Tsareena|Occa Berry|[weaken]\n|-damage|p2b: Tsareena|23\/100 psn\n|move|p2b: Tsareena|Power Whip|p1a: Dondozo\n|-supereffective|p1a: Dondozo\n|-damage|p1a: Dondozo|0 fnt\n|faint|p1a: Dondozo\n|move|p2a: Iron Hands|Drain Punch|p1b: Chi-Yu\n|-damage|p1b: Chi-Yu|38\/100\n|-heal|p2a: Iron Hands|83\/100 tox|[from] drain|[of] p1b: Chi-Yu\n|\n|-damage|p2b: Tsareena|11\/100 psn|[from] psn\n|-damage|p2a: Iron Hands|59\/100 tox|[from] psn\n|upkeep\n|\n|t:|1682954866\n|switch|p1a: Tatsugiri|Tatsugiri-Stretchy, L50, M|100\/100\n|turn|5\n|\n|t:|1682954876\n|move|p1b: Chi-Yu|Flamethrower|p2a: Iron Hands\n|-damage|p2a: Iron Hands|23\/100 tox\n|move|p1a: Tatsugiri|Dragon Pulse|p2b: Tsareena\n|-damage|p2b: Tsareena|0 fnt\n|faint|p2b: Tsareena\n|move|p2a: Iron Hands|Drain Punch|p1b: Chi-Yu\n|-damage|p1b: Chi-Yu|0 fnt\n|-heal|p2a: Iron Hands|36\/100 tox|[from] drain|[of] p1b: Chi-Yu\n|faint|p1b: Chi-Yu\n|\n|-damage|p2a: Iron Hands|5\/100 tox|[from] psn\n|upkeep\n|\n|t:|1682954887\n|switch|p2b: Amoonguss|Amoonguss, L50, M, shiny|100\/100\n|-sideend|p2: TheNutmeg33|move: Toxic Spikes|[of] p2b: Amoonguss\n|turn|6\n|\n|t:|1682954900\n|move|p1a: Tatsugiri|Dragon Pulse|p2a: Iron Hands\n|-damage|p2a: Iron Hands|0 fnt\n|faint|p2a: Iron Hands\n|-end|p2a: Iron Hands|Quark Drive|[silent]\n|move|p2b: Amoonguss|Spore|p1a: Tatsugiri\n|-status|p1a: Tatsugiri|slp|[from] move: Spore\n|\n|upkeep\n|\n|t:|1682954906\n|switch|p2a: Flutter Mane|Flutter Mane, L50, shiny|100\/100\n|turn|7\n|\n|t:|1682954925\n|-terastallize|p2a: Flutter Mane|Fairy\n|move|p2b: Amoonguss|Rage Powder|p2b: Amoonguss\n|-singleturn|p2b: Amoonguss|move: Rage Powder\n|move|p2a: Flutter Mane|Moonblast|p1a: Tatsugiri\n|-supereffective|p1a: Tatsugiri\n|-damage|p1a: Tatsugiri|0 fnt\n|faint|p1a: Tatsugiri\n|-damage|p2a: Flutter Mane|91\/100|[from] item: Life Orb\n|\n|win|TheNutmeg33\n|raw|sakuraaVGC's rating: 1326 → 1311<\/strong> (-15 for losing)\n|raw|TheNutmeg33's rating: 1407 → 1422<\/strong> (+15 for winning)\n","uploadtime":1682954937,"views":25,"p1id":"sakuraavgc","p2id":"thenutmeg33","formatid":"gen9vgc2023regulationc","rating":1311,"private":0,"password":""}