{"id":"gen9vgc2023regulationc-1855214555","p1":"Kim Wexler Gaming","p2":"Dumber luck","format":"[Gen 9] VGC 2023 Regulation C","log":"|j|\u2606Kim Wexler Gaming\n|j|\u2606Dumber luck\n|t:|1682916332\n|gametype|doubles\n|player|p1|Kim Wexler Gaming|penny|1180\n|player|p2|Dumber luck|2|1192\n|teamsize|p1|6\n|teamsize|p2|6\n|gen|9\n|tier|[Gen 9] VGC 2023 Regulation C\n|rated|\n|rule|Species Clause: Limit one of each Pok\u00e9mon\n|rule|Item Clause: Limit one of each item\n|clearpoke\n|poke|p1|Indeedee, L50, M|\n|poke|p1|Armarouge, L50, F|\n|poke|p1|Flutter Mane, L50|\n|poke|p1|Drednaw, L50, F|\n|poke|p1|Chien-Pao, L50|\n|poke|p1|Dragonite, L50, F|\n|poke|p2|Slowking, L50, M|\n|poke|p2|Abomasnow, L50, F|\n|poke|p2|Sandy Shocks, L50|\n|poke|p2|Blissey, L50, F|\n|poke|p2|Chien-Pao, L50|\n|poke|p2|Lucario, L50, M|\n|teampreview|4\n|inactive|Battle timer is ON: inactive players will automatically lose when time's up. (requested by Kim Wexler Gaming)\n|c|\u2606Kim Wexler Gaming|Good luck, have fun.\n|inactive|Dumber luck has 60 seconds left.\n|inactive|Dumber luck has 30 seconds left.\n|\n|t:|1682916400\n|start\n|switch|p1a: INFERIOR|Indeedee, L50, M|100\/100\n|switch|p1b: Betrayal Upgrade|Armarouge, L50, F|100\/100\n|switch|p2a: Abomasnow|Abomasnow, L50, F|100\/100\n|switch|p2b: Sandy Shocks|Sandy Shocks, L50|100\/100\n|-fieldstart|move: Psychic Terrain|[from] ability: Psychic Surge|[of] p1a: INFERIOR\n|-weather|Snow|[from] ability: Snow Warning|[of] p2a: Abomasnow\n|-enditem|p2b: Sandy Shocks|Booster Energy\n|-activate|p2b: Sandy Shocks|ability: Protosynthesis|[fromitem]\n|-start|p2b: Sandy Shocks|protosynthesisspe\n|turn|1\n|inactive|Dumber luck has 30 seconds left.\n|inactive|Kim Wexler Gaming has 30 seconds left.\n|\n|t:|1682916441\n|-terastallize|p1b: Betrayal Upgrade|Grass\n|-terastallize|p2a: Abomasnow|Water\n|move|p2b: Sandy Shocks|Earth Power|p1b: Betrayal Upgrade\n|-resisted|p1b: Betrayal Upgrade\n|-damage|p1b: Betrayal Upgrade|75\/100\n|move|p1a: INFERIOR|Psyshock|p2b: Sandy Shocks\n|-crit|p2b: Sandy Shocks\n|-damage|p2b: Sandy Shocks|5\/100\n|-damage|p1a: INFERIOR|91\/100|[from] item: Life Orb\n|move|p1b: Betrayal Upgrade|Expanding Force|p2a: Abomasnow|[spread] p2a,p2b\n|-crit|p2b: Sandy Shocks\n|-damage|p2a: Abomasnow|40\/100\n|-damage|p2b: Sandy Shocks|0 fnt\n|faint|p2b: Sandy Shocks\n|-end|p2b: Sandy Shocks|Protosynthesis|[silent]\n|move|p2a: Abomasnow|Aurora Veil|p2a: Abomasnow\n|-sidestart|p2: Dumber luck|move: Aurora Veil\n|\n|-weather|Snow|[upkeep]\n|upkeep\n|inactive|Dumber luck has 30 seconds left.\n|\n|t:|1682916475\n|switch|p2b: Chien-Pao|Chien-Pao, L50|100\/100\n|-ability|p2b: Chien-Pao|Sword of Ruin\n|turn|2\n|\n|t:|1682916496\n|move|p1b: Betrayal Upgrade|Endure|p1b: Betrayal Upgrade\n|-singleturn|p1b: Betrayal Upgrade|move: Endure\n|move|p2b: Chien-Pao|Ice Spinner|p1b: Betrayal Upgrade\n|-supereffective|p1b: Betrayal Upgrade\n|-activate|p1b: Betrayal Upgrade|move: Endure\n|-damage|p1b: Betrayal Upgrade|1\/100\n|-fieldend|move: Psychic Terrain\n|-ability|p1b: Betrayal Upgrade|Weak Armor|boost\n|-unboost|p1b: Betrayal Upgrade|def|1\n|-boost|p1b: Betrayal Upgrade|spe|2\n|-enditem|p1b: Betrayal Upgrade|Weakness Policy\n|-boost|p1b: Betrayal Upgrade|atk|2|[from] item: Weakness Policy\n|-boost|p1b: Betrayal Upgrade|spa|2|[from] item: Weakness Policy\n|move|p1a: INFERIOR|Dazzling Gleam|p2a: Abomasnow|[spread] p2a,p2b\n|-supereffective|p2b: Chien-Pao\n|-damage|p2a: Abomasnow|25\/100\n|-damage|p2b: Chien-Pao|49\/100\n|-damage|p1a: INFERIOR|82\/100|[from] item: Life Orb\n|move|p2a: Abomasnow|Blizzard|p1b: Betrayal Upgrade|[spread] p1a,p1b\n|-supereffective|p1b: Betrayal Upgrade\n|-damage|p1a: INFERIOR|29\/100\n|-activate|p1b: Betrayal Upgrade|move: Endure\n|-damage|p1b: Betrayal Upgrade|1\/100\n|-status|p1b: Betrayal Upgrade|frz\n|\n|-weather|Snow|[upkeep]\n|upkeep\n|turn|3\n|inactive|Kim Wexler Gaming has 30 seconds left.\n|inactive|Dumber luck has 30 seconds left.\n|inactive|Dumber luck has 20 seconds left.\n|inactive|Dumber luck has 15 seconds left.\n|\n|t:|1682916539\n|cant|p1b: Betrayal Upgrade|frz\n|move|p2b: Chien-Pao|Ice Spinner|p1a: INFERIOR\n|-damage|p1a: INFERIOR|0 fnt\n|faint|p1a: INFERIOR\n|move|p2a: Abomasnow|Blizzard|p1b: Betrayal Upgrade\n|-supereffective|p1b: Betrayal Upgrade\n|-damage|p1b: Betrayal Upgrade|0 fnt\n|faint|p1b: Betrayal Upgrade\n|\n|-weather|Snow|[upkeep]\n|upkeep\n|\n|t:|1682916547\n|switch|p1a: Tara|Chien-Pao, L50|100\/100\n|switch|p1b: Ninja Turtle!|Drednaw, L50, F, shiny|100\/100\n|-ability|p1a: Tara|Sword of Ruin\n|turn|4\n|inactive|Dumber luck has 30 seconds left.\n|\n|t:|1682916578\n|move|p1b: Ninja Turtle!|Protect|p1b: Ninja Turtle!\n|-singleturn|p1b: Ninja Turtle!|Protect\n|move|p2a: Abomasnow|Protect|p2a: Abomasnow\n|-singleturn|p2a: Abomasnow|Protect\n|move|p2b: Chien-Pao|Ice Spinner|p1b: Ninja Turtle!\n|-activate|p1b: Ninja Turtle!|move: Protect\n|move|p1a: Tara|Sacred Sword|p2b: Chien-Pao\n|-supereffective|p2b: Chien-Pao\n|-damage|p2b: Chien-Pao|0 fnt\n|faint|p2b: Chien-Pao\n|\n|-weather|Snow|[upkeep]\n|upkeep\n|\n|t:|1682916590\n|switch|p2b: Blissey|Blissey, L50, F|100\/100\n|turn|5\n|c|\u2606Kim Wexler Gaming|G.g.w.p.\n|\n|t:|1682916606\n|move|p1a: Tara|Sacred Sword|p2b: Blissey\n|-supereffective|p2b: Blissey\n|-damage|p2b: Blissey|50\/100\n|move|p1b: Ninja Turtle!|Rock Slide|p2b: Blissey|[spread] p2a,p2b\n|-damage|p2a: Abomasnow|0 fnt\n|-damage|p2b: Blissey|28\/100\n|faint|p2a: Abomasnow\n|move|p2b: Blissey|Blizzard|p1b: Ninja Turtle!|[spread] p1a,p1b\n|-resisted|p1a: Tara\n|-resisted|p1b: Ninja Turtle!\n|-damage|p1a: Tara|81\/100\n|-damage|p1b: Ninja Turtle!|85\/100\n|\n|-weather|Snow|[upkeep]\n|-sideend|p2: Dumber luck|move: Aurora Veil\n|upkeep\n|turn|6\n|\n|t:|1682916621\n|move|p1a: Tara|Ice Spinner|p2b: Blissey\n|-crit|p2b: Blissey\n|-damage|p2b: Blissey|0 fnt\n|faint|p2b: Blissey\n|\n|win|Kim Wexler Gaming\n|raw|Kim Wexler Gaming's rating: 1180 → 1206<\/strong> (+26 for winning)\n|raw|Dumber luck's rating: 1192 → 1166<\/strong> (-26 for losing)\n|l|\u2606Dumber luck\n","uploadtime":1682916626,"views":18,"p1id":"kimwexlergaming","p2id":"dumberluck","formatid":"gen9vgc2023regulationc","rating":1166,"private":0,"password":""}