{"id":"gen9vgc2023regulationc-1846486954","p1":"boogiebulba","p2":"BanoVGC","format":"[Gen 9] VGC 2023 Regulation C","log":"|j|\u2606boogiebulba\n|j|\u2606BanoVGC\n|t:|1681844937\n|gametype|doubles\n|player|p1|boogiebulba|pokemaniac|1200\n|player|p2|BanoVGC|102|1203\n|teamsize|p1|6\n|teamsize|p2|6\n|gen|9\n|tier|[Gen 9] VGC 2023 Regulation C\n|rated|\n|rule|Species Clause: Limit one of each Pok\u00e9mon\n|rule|Item Clause: Limit one of each item\n|clearpoke\n|poke|p1|Iron Bundle, L50|\n|poke|p1|Kingambit, L50, F|\n|poke|p1|Dragapult, L50, F|\n|poke|p1|Arcanine, L50, M|\n|poke|p1|Farigiraf, L50, F|\n|poke|p1|Amoonguss, L50, M|\n|poke|p2|Kingambit, L50, M|\n|poke|p2|Arcanine, L50, M|\n|poke|p2|Palafin, L50, F|\n|poke|p2|Dragonite, L50, F|\n|poke|p2|Flutter Mane, L50|\n|poke|p2|Amoonguss, L50, M|\n|teampreview|4\n|\n|t:|1681844997\n|start\n|switch|p1a: Arcanine|Arcanine, L50, M|100\/100\n|switch|p1b: Amoonguss|Amoonguss, L50, M|100\/100\n|switch|p2a: Flutter Mane|Flutter Mane, L50|100\/100\n|switch|p2b: Dragonite|Dragonite, L50, F|100\/100\n|-ability|p1a: Arcanine|Intimidate|boost\n|-unboost|p2a: Flutter Mane|atk|1\n|-unboost|p2b: Dragonite|atk|1\n|-enditem|p2a: Flutter Mane|Booster Energy\n|-activate|p2a: Flutter Mane|ability: Protosynthesis|[fromitem]\n|-start|p2a: Flutter Mane|protosynthesisspe\n|turn|1\n|\n|t:|1681845033\n|-terastallize|p2b: Dragonite|Flying\n|move|p2a: Flutter Mane|Substitute|p2a: Flutter Mane\n|-start|p2a: Flutter Mane|Substitute\n|-damage|p2a: Flutter Mane|76\/100\n|move|p1a: Arcanine|Will-O-Wisp|p2b: Dragonite\n|-status|p2b: Dragonite|brn\n|-enditem|p2b: Dragonite|Rawst Berry|[eat]\n|-curestatus|p2b: Dragonite|brn|[msg]\n|move|p2b: Dragonite|Tera Blast|p1b: Amoonguss\n|-supereffective|p1b: Amoonguss\n|-damage|p1b: Amoonguss|44\/100\n|move|p1b: Amoonguss|Spore||[still]\n|-fail|p1b: Amoonguss\n|\n|upkeep\n|turn|2\n|\n|t:|1681845065\n|switch|p1b: Iron Bundle|Iron Bundle, L50|100\/100\n|move|p2b: Dragonite|Protect|p2b: Dragonite\n|-singleturn|p2b: Dragonite|Protect\n|move|p2a: Flutter Mane|Shadow Ball|p1a: Arcanine\n|-damage|p1a: Arcanine|54\/100\n|move|p1a: Arcanine|Will-O-Wisp|p2b: Dragonite\n|-activate|p2b: Dragonite|move: Protect\n|\n|upkeep\n|turn|3\n|\n|t:|1681845089\n|switch|p2b: Amoonguss|Amoonguss, L50, M, shiny|100\/100\n|move|p2a: Flutter Mane|Moonblast|p1b: Iron Bundle\n|-enditem|p1b: Iron Bundle|Focus Sash\n|-damage|p1b: Iron Bundle|1\/100\n|move|p1b: Iron Bundle|Icy Wind|p2b: Amoonguss|[spread] p2a,p2b\n|-activate|p2a: Flutter Mane|move: Substitute|[damage]\n|-supereffective|p2b: Amoonguss\n|-damage|p2b: Amoonguss|64\/100\n|-unboost|p2b: Amoonguss|spe|1\n|move|p1a: Arcanine|Will-O-Wisp|p2b: Amoonguss\n|-status|p2b: Amoonguss|brn\n|\n|-damage|p2b: Amoonguss|58\/100 brn|[from] brn\n|upkeep\n|turn|4\n|l|\u2606boogiebulba\n|player|p1|\n|j|\u2606boogiebulba\n|player|p1|boogiebulba|pokemaniac\n|inactive|Battle timer is ON: inactive players will automatically lose when time's up. (requested by boogiebulba)\n|\n|t:|1681845172\n|switch|p2b: Dragonite|Dragonite, L50, F, tera:Flying|100\/100\n|move|p1b: Iron Bundle|Protect|p1b: Iron Bundle\n|-singleturn|p1b: Iron Bundle|Protect\n|move|p2a: Flutter Mane|Moonblast|p1b: Iron Bundle\n|-activate|p1b: Iron Bundle|move: Protect\n|move|p1a: Arcanine|Flare Blitz|p2b: Dragonite\n|-damage|p2b: Dragonite|79\/100\n|-damage|p1a: Arcanine|48\/100|[from] Recoil\n|\n|upkeep\n|turn|5\n|\n|t:|1681845188\n|move|p2b: Dragonite|Protect|p2b: Dragonite\n|-singleturn|p2b: Dragonite|Protect\n|move|p2a: Flutter Mane|Moonblast|p1b: Iron Bundle\n|-damage|p1b: Iron Bundle|0 fnt\n|faint|p1b: Iron Bundle\n|-end|p1b: Iron Bundle|Quark Drive|[silent]\n|move|p1a: Arcanine|Will-O-Wisp|p2b: Dragonite\n|-activate|p2b: Dragonite|move: Protect\n|\n|upkeep\n|\n|t:|1681845196\n|switch|p1b: Amoonguss|Amoonguss, L50, M|77\/100\n|turn|6\n|\n|t:|1681845211\n|switch|p2b: Amoonguss|Amoonguss, L50, M, shiny|91\/100 brn\n|move|p1b: Amoonguss|Rage Powder|p1b: Amoonguss\n|-singleturn|p1b: Amoonguss|move: Rage Powder\n|move|p2a: Flutter Mane|Shadow Ball|p1b: Amoonguss\n|-damage|p1b: Amoonguss|32\/100\n|move|p1a: Arcanine|Will-O-Wisp|p2b: Amoonguss\n|-fail|p2b: Amoonguss|brn\n|\n|-damage|p2b: Amoonguss|86\/100 brn|[from] brn\n|upkeep\n|turn|7\n|l|\u2606boogiebulba\n|inactive|boogiebulba disconnected and has a minute to reconnect!\n|player|p1|\n|j|\u2606boogiebulba\n|inactive|boogiebulba reconnected and has 45 seconds left.\n|player|p1|boogiebulba|pokemaniac\n|\n|t:|1681845236\n|move|p2a: Flutter Mane|Shadow Ball|p1a: Arcanine\n|-damage|p1a: Arcanine|0 fnt\n|faint|p1a: Arcanine\n|move|p1b: Amoonguss|Pollen Puff|p1: Arcanine|[notarget]\n|-fail|p1b: Amoonguss\n|move|p2b: Amoonguss|Pollen Puff|p2a: Flutter Mane\n|-heal|p2a: Flutter Mane|100\/100\n|\n|-damage|p2b: Amoonguss|80\/100 brn|[from] brn\n|upkeep\n|-message|boogiebulba forfeited.\n|\n|win|BanoVGC\n|raw|boogiebulba's rating: 1200 → 1175<\/strong> (-25 for losing)\n|raw|BanoVGC's rating: 1203 → 1228<\/strong> (+25 for winning)\n|l|\u2606boogiebulba\n","uploadtime":1681845248,"views":13,"p1id":"boogiebulba","p2id":"banovgc","formatid":"gen9vgc2023regulationc","rating":1175,"private":0,"password":""}