{"id":"gen9vgc2023regulationc-1845867582","p1":"I am a VGC N00B","p2":"Kiriziio","format":"[Gen 9] VGC 2023 Regulation C","log":"|j|\u2606I am a VGC N00B\n|j|\u2606Kiriziio\n|t:|1681773235\n|gametype|doubles\n|player|p1|I am a VGC N00B|silver-gen2kanto|1228\n|player|p2|Kiriziio|lance|1188\n|teamsize|p1|6\n|teamsize|p2|6\n|gen|9\n|tier|[Gen 9] VGC 2023 Regulation C\n|rated|\n|rule|Species Clause: Limit one of each Pok\u00e9mon\n|rule|Item Clause: Limit one of each item\n|clearpoke\n|poke|p1|Azumarill, L50, F|\n|poke|p1|Torkoal, L50, M|\n|poke|p1|Hatterene, L50, F|\n|poke|p1|Kingambit, L50, F|\n|poke|p1|Brute Bonnet, L50|\n|poke|p1|Iron Hands, L50|\n|poke|p2|Dondozo, L50, M|\n|poke|p2|Tatsugiri-Stretchy, L50, M|\n|poke|p2|Chi-Yu, L50|\n|poke|p2|Flutter Mane, L50|\n|poke|p2|Dragonite, L50, F|\n|poke|p2|Glimmora, L50, F|\n|teampreview|4\n|inactive|Battle timer is ON: inactive players will automatically lose when time's up. (requested by I am a VGC N00B)\nI am a VGC N00B has agreed to open team sheets.\n|inactive|I am a VGC N00B has 60 seconds left.\n|inactive|Kiriziio has 60 seconds left.\n|inactive|I am a VGC N00B has 30 seconds left.\n|\n|t:|1681773303\n|start\n|switch|p1a: Brute Bonnet|Brute Bonnet, L50|100\/100\n|switch|p1b: Hatterene|Hatterene, L50, F|100\/100\n|switch|p2a: Flutter Mane|Flutter Mane, L50|100\/100\n|switch|p2b: Glimmora|Glimmora, L50, F|100\/100\n|-enditem|p2a: Flutter Mane|Booster Energy\n|-activate|p2a: Flutter Mane|ability: Protosynthesis|[fromitem]\n|-start|p2a: Flutter Mane|protosynthesisspe\n|turn|1\n|\n|t:|1681773315\n|-terastallize|p1a: Brute Bonnet|Fire\n|move|p1b: Hatterene|Protect|p1b: Hatterene\n|-singleturn|p1b: Hatterene|Protect\n|move|p2a: Flutter Mane|Substitute|p2a: Flutter Mane\n|-start|p2a: Flutter Mane|Substitute\n|-damage|p2a: Flutter Mane|76\/100\n|move|p2b: Glimmora|Toxic|p1a: Brute Bonnet\n|-status|p1a: Brute Bonnet|tox\n|move|p1a: Brute Bonnet|Spore||[still]\n|-fail|p1a: Brute Bonnet\n|\n|-damage|p1a: Brute Bonnet|95\/100 tox|[from] psn\n|upkeep\n|turn|2\n|\n|t:|1681773334\n|move|p2a: Flutter Mane|Hex|p1b: Hatterene\n|-supereffective|p1b: Hatterene\n|-damage|p1b: Hatterene|22\/100\n|move|p2b: Glimmora|Earth Power|p1b: Hatterene\n|-damage|p1b: Hatterene|0 fnt\n|faint|p1b: Hatterene\n|move|p1a: Brute Bonnet|Bullet Seed|p2a: Flutter Mane\n|-end|p2a: Flutter Mane|Substitute\n|-damage|p2a: Flutter Mane|47\/100\n|-damage|p2a: Flutter Mane|21\/100\n|-damage|p2a: Flutter Mane|0 fnt\n|faint|p2a: Flutter Mane\n|-end|p2a: Flutter Mane|Protosynthesis|[silent]\n|-hitcount|p2: Flutter Mane|4\n|\n|-damage|p1a: Brute Bonnet|83\/100 tox|[from] psn\n|upkeep\n|\n|t:|1681773351\n|switch|p2a: Chi-Yu|Chi-Yu, L50|100\/100\n|switch|p1b: Iron Hands|Iron Hands, L50|100\/100\n|-ability|p2a: Chi-Yu|Beads of Ruin\n|turn|3\n|\n|t:|1681773361\n|move|p2b: Glimmora|Spiky Shield|p2b: Glimmora\n|-singleturn|p2b: Glimmora|move: Protect\n|move|p2a: Chi-Yu|Protect|p2a: Chi-Yu\n|-singleturn|p2a: Chi-Yu|Protect\n|move|p1a: Brute Bonnet|Spore|p2b: Glimmora\n|-activate|p2b: Glimmora|move: Protect\n|move|p1b: Iron Hands|Drain Punch|p2a: Chi-Yu\n|-activate|p2a: Chi-Yu|move: Protect\n|\n|-damage|p1a: Brute Bonnet|65\/100 tox|[from] psn\n|upkeep\n|turn|4\n|\n|t:|1681773376\n|-terastallize|p2a: Chi-Yu|Grass\n|move|p1a: Brute Bonnet|Protect|p1a: Brute Bonnet\n|-singleturn|p1a: Brute Bonnet|Protect\n|move|p2b: Glimmora|Earth Power|p1b: Iron Hands\n|-supereffective|p1b: Iron Hands\n|-damage|p1b: Iron Hands|20\/100\n|move|p2a: Chi-Yu|Flamethrower|p1a: Brute Bonnet\n|-activate|p1a: Brute Bonnet|move: Protect\n|move|p1b: Iron Hands|Drain Punch|p2a: Chi-Yu\n|-damage|p2a: Chi-Yu|36\/100\n|-heal|p1b: Iron Hands|40\/100|[from] drain|[of] p2a: Chi-Yu\n|\n|-damage|p1a: Brute Bonnet|41\/100 tox|[from] psn\n|upkeep\n|turn|5\n|\n|t:|1681773397\n|move|p2a: Chi-Yu|Protect|p2a: Chi-Yu\n|-singleturn|p2a: Chi-Yu|Protect\n|move|p2b: Glimmora|Earth Power|p1b: Iron Hands\n|-supereffective|p1b: Iron Hands\n|-damage|p1b: Iron Hands|0 fnt\n|faint|p1b: Iron Hands\n|-end|p1b: Iron Hands|Quark Drive|[silent]\n|move|p1a: Brute Bonnet|Bullet Seed|p2b: Glimmora\n|-damage|p2b: Glimmora|85\/100\n|-activate|p2b: Glimmora|ability: Toxic Debris\n|-sidestart|p1: I am a VGC N00B|move: Toxic Spikes\n|-damage|p2b: Glimmora|66\/100\n|-activate|p2b: Glimmora|ability: Toxic Debris\n|-sidestart|p1: I am a VGC N00B|move: Toxic Spikes\n|-damage|p2b: Glimmora|48\/100\n|-damage|p2b: Glimmora|29\/100\n|-hitcount|p2b: Glimmora|4\n|\n|-damage|p1a: Brute Bonnet|11\/100 tox|[from] psn\n|upkeep\n|\n|t:|1681773414\n|switch|p1b: Kingambit|Kingambit, L50, F|100\/100\n|turn|6\n|\n|t:|1681773428\n|switch|p2a: Dondozo|Dondozo, L50, M|100\/100\n|move|p2b: Glimmora|Spiky Shield|p2b: Glimmora\n|-singleturn|p2b: Glimmora|move: Protect\n|move|p1b: Kingambit|Sucker Punch||[still]\n|-fail|p1b: Kingambit\n|move|p1a: Brute Bonnet|Bullet Seed|p2b: Glimmora\n|-activate|p2b: Glimmora|move: Protect\n|\n|-damage|p1a: Brute Bonnet|0 fnt|[from] psn\n|faint|p1a: Brute Bonnet\n|-end|p1a: Brute Bonnet|Protosynthesis|[silent]\n|upkeep\n|turn|7\n|-message|I am a VGC N00B forfeited.\n|\n|win|Kiriziio\n|raw|I am a VGC N00B's rating: 1228 → 1200<\/strong> (-28 for losing)\n|raw|Kiriziio's rating: 1188 → 1216<\/strong> (+28 for winning)\n|l|\u2606I am a VGC N00B\n","uploadtime":1681773441,"views":4,"p1id":"iamavgcn00b","p2id":"kiriziio","formatid":"gen9vgc2023regulationc","rating":1200,"private":0,"password":""}