{"id":"gen9vgc2023regulationc-1849688230","p1":"m f mew2","p2":"TrainerDylan24","format":"[Gen 9] VGC 2023 Regulation C","log":"|j|\u2606m f mew2\n|j|\u2606TrainerDylan24\n|t:|1682232636\n|gametype|doubles\n|player|p1|m f mew2|juan|1111\n|player|p2|TrainerDylan24|swimmerf|1081\n|teamsize|p1|6\n|teamsize|p2|6\n|gen|9\n|tier|[Gen 9] VGC 2023 Regulation C\n|rated|\n|rule|Species Clause: Limit one of each Pok\u00e9mon\n|rule|Item Clause: Limit one of each item\n|clearpoke\n|poke|p1|Eelektross, L50, F|\n|poke|p1|Chi-Yu, L50|\n|poke|p1|Skeledirge, L50, F|\n|poke|p1|Garchomp, L50, M|\n|poke|p1|Wo-Chien, L50|\n|poke|p1|Hippopotas, L50, F|\n|poke|p2|Annihilape, L50, F|\n|poke|p2|Bellibolt, L50, M|\n|poke|p2|Dondozo, L50, M|\n|poke|p2|Tatsugiri, L50, M|\n|poke|p2|Iron Hands, L50|\n|poke|p2|Kingambit, L50, F|\n|teampreview|4\n|c|\u2606m f mew2|gl hf\n|inactive|Battle timer is ON: inactive players will automatically lose when time's up. (requested by m f mew2)\n|inactive|m f mew2 has 60 seconds left.\n|\n|t:|1682232715\n|start\n|switch|p1a: Wo-Chien|Wo-Chien, L50|100\/100\n|switch|p1b: Eelektross|Eelektross, L50, F|100\/100\n|switch|p2a: Dondozo|Dondozo, L50, M|100\/100\n|switch|p2b: Tatsugiri|Tatsugiri, L50, M|100\/100\n|-activate|p2b: Tatsugiri|ability: Commander|[of] p2a: Dondozo\n|-boost|p2a: Dondozo|atk|2\n|-boost|p2a: Dondozo|spa|2\n|-boost|p2a: Dondozo|spe|2\n|-boost|p2a: Dondozo|def|2\n|-boost|p2a: Dondozo|spd|2\n|-ability|p1a: Wo-Chien|Tablets of Ruin\n|turn|1\n|inactive|m f mew2 has 30 seconds left.\n|\n|t:|1682232740\n|move|p2a: Dondozo|Body Press|p1a: Wo-Chien\n|-supereffective|p1a: Wo-Chien\n|-damage|p1a: Wo-Chien|53\/100\n|move|p1a: Wo-Chien|Ruination|p2a: Dondozo\n|-damage|p2a: Dondozo|50\/100\n|move|p1b: Eelektross|Coil|p1b: Eelektross\n|-boost|p1b: Eelektross|atk|1\n|-boost|p1b: Eelektross|def|1\n|-boost|p1b: Eelektross|accuracy|1\n|\n|-heal|p2a: Dondozo|57\/100|[from] item: Leftovers\n|-heal|p1a: Wo-Chien|59\/100|[from] item: Leftovers\n|upkeep\n|turn|2\n|inactive|m f mew2 has 30 seconds left.\n|\n|t:|1682232773\n|move|p2a: Dondozo|Waterfall|p1b: Eelektross\n|-damage|p1b: Eelektross|51\/100\n|move|p1a: Wo-Chien|Tickle|p2a: Dondozo\n|-unboost|p2a: Dondozo|atk|1\n|-unboost|p2a: Dondozo|def|1\n|move|p1b: Eelektross|Drain Punch|p2a: Dondozo\n|-damage|p2a: Dondozo|49\/100\n|-heal|p1b: Eelektross|56\/100|[from] drain|[of] p2a: Dondozo\n|\n|-heal|p2a: Dondozo|55\/100|[from] item: Leftovers\n|-heal|p1a: Wo-Chien|65\/100|[from] item: Leftovers\n|upkeep\n|turn|3\n|\n|t:|1682232790\n|move|p2a: Dondozo|Order Up|p1b: Eelektross\n|-damage|p1b: Eelektross|31\/100\n|-boost|p2a: Dondozo|atk|1\n|move|p1a: Wo-Chien|Ruination|p2a: Dondozo\n|-damage|p2a: Dondozo|28\/100\n|move|p1b: Eelektross|Crunch|p2a: Dondozo\n|-damage|p2a: Dondozo|20\/100\n|-unboost|p2a: Dondozo|def|1\n|\n|-heal|p2a: Dondozo|26\/100|[from] item: Leftovers\n|-heal|p1a: Wo-Chien|71\/100|[from] item: Leftovers\n|upkeep\n|turn|4\n|\n|t:|1682232802\n|move|p2a: Dondozo|Order Up|p1b: Eelektross\n|-damage|p1b: Eelektross|0 fnt\n|faint|p1b: Eelektross\n|-boost|p2a: Dondozo|atk|1\n|move|p1a: Wo-Chien|Pollen Puff|p1: Eelektross|[notarget]\n|-fail|p1a: Wo-Chien\n|\n|-heal|p2a: Dondozo|32\/100|[from] item: Leftovers\n|-heal|p1a: Wo-Chien|78\/100|[from] item: Leftovers\n|upkeep\n|\n|t:|1682232808\n|switch|p1b: Hippopotas|Hippopotas, L50, F|100\/100\n|-weather|Sandstorm|[from] ability: Sand Stream|[of] p1b: Hippopotas\n|turn|5\n|\n|t:|1682232823\n|move|p2a: Dondozo|Waterfall|p1b: Hippopotas\n|-supereffective|p1b: Hippopotas\n|-damage|p1b: Hippopotas|0 fnt\n|faint|p1b: Hippopotas\n|move|p1a: Wo-Chien|Ruination|p2a: Dondozo\n|-damage|p2a: Dondozo|16\/100\n|\n|-weather|Sandstorm|[upkeep]\n|-damage|p2b: Tatsugiri|94\/100|[from] Sandstorm\n|-damage|p2a: Dondozo|10\/100|[from] Sandstorm\n|-damage|p1a: Wo-Chien|71\/100|[from] Sandstorm\n|-heal|p2a: Dondozo|16\/100|[from] item: Leftovers\n|-heal|p1a: Wo-Chien|78\/100|[from] item: Leftovers\n|upkeep\n|\n|t:|1682232826\n|switch|p1b: Garchomp|Garchomp, L50, M|100\/100\n|turn|6\n|\n|t:|1682232840\n|-terastallize|p1a: Wo-Chien|Rock\n|move|p1b: Garchomp|Rock Slide|p2a: Dondozo|[spread] p2a\n|-miss|p1b: Garchomp|p2b: Tatsugiri\n|-damage|p2a: Dondozo|8\/100\n|cant|p2a: Dondozo|flinch\n|move|p1a: Wo-Chien|Snarl|p2b: Tatsugiri|[spread] p2a\n|-miss|p1a: Wo-Chien|p2b: Tatsugiri\n|-damage|p2a: Dondozo|2\/100\n|-unboost|p2a: Dondozo|spa|1\n|\n|-weather|Sandstorm|[upkeep]\n|-damage|p2b: Tatsugiri|88\/100|[from] Sandstorm\n|-damage|p2a: Dondozo|0 fnt|[from] Sandstorm\n|faint|p2a: Dondozo\n|-heal|p1a: Wo-Chien|84\/100|[from] item: Leftovers\n|upkeep\n|\n|t:|1682232864\n|switch|p2a: Annihilape|Annihilape, L50, F, shiny|100\/100\n|turn|7\n|inactive|m f mew2 has 30 seconds left.\n|inactive|m f mew2 has 20 seconds left.\n|\n|t:|1682232902\n|-terastallize|p2a: Annihilape|Water\n|move|p2a: Annihilape|Drain Punch|p1a: Wo-Chien\n|-supereffective|p1a: Wo-Chien\n|-damage|p1a: Wo-Chien|30\/100\n|-damage|p2a: Annihilape|91\/100|[from] item: Life Orb\n|move|p2b: Tatsugiri|Icy Wind|p1b: Garchomp|[spread] p1a,p1b\n|-supereffective|p1b: Garchomp\n|-damage|p1a: Wo-Chien|23\/100\n|-damage|p1b: Garchomp|72\/100\n|-unboost|p1a: Wo-Chien|spe|1\n|-unboost|p1b: Garchomp|spe|1\n|move|p1b: Garchomp|Shadow Claw|p2a: Annihilape\n|-damage|p2a: Annihilape|73\/100\n|move|p1a: Wo-Chien|Ruination|p2a: Annihilape\n|-damage|p2a: Annihilape|37\/100\n|\n|-weather|Sandstorm|[upkeep]\n|-damage|p2a: Annihilape|31\/100|[from] Sandstorm\n|-damage|p2b: Tatsugiri|82\/100|[from] Sandstorm\n|-heal|p1a: Wo-Chien|29\/100|[from] item: Leftovers\n|upkeep\n|turn|8\n|\n|t:|1682232925\n|move|p2a: Annihilape|Rage Fist|p1b: Garchomp\n|-damage|p1b: Garchomp|21\/100\n|-damage|p2a: Annihilape|18\/100|[from] ability: Rough Skin|[of] p1b: Garchomp\n|-damage|p2a: Annihilape|9\/100|[from] item: Life Orb\n|move|p2b: Tatsugiri|Muddy Water|p1b: Garchomp|[spread] p1a,p1b\n|-supereffective|p1a: Wo-Chien\n|-damage|p1a: Wo-Chien|0 fnt\n|-damage|p1b: Garchomp|3\/100\n|faint|p1a: Wo-Chien\n|move|p1b: Garchomp|Rock Slide|p2b: Tatsugiri|[spread] p2a,p2b\n|-damage|p2a: Annihilape|0 fnt\n|-damage|p2b: Tatsugiri|54\/100\n|faint|p2a: Annihilape\n|\n|-weather|Sandstorm|[upkeep]\n|-damage|p2b: Tatsugiri|48\/100|[from] Sandstorm\n|upkeep\n|\n|t:|1682232933\n|switch|p2a: Bellibolt|Bellibolt, L50, M|100\/100\n|turn|9\n|\n|t:|1682232953\n|move|p2b: Tatsugiri|Dragon Pulse|p1b: Garchomp\n|-supereffective|p1b: Garchomp\n|-damage|p1b: Garchomp|0 fnt\n|faint|p1b: Garchomp\n|\n|win|TrainerDylan24\n|raw|m f mew2's rating: 1111 → 1084<\/strong> (-27 for losing)\n|raw|TrainerDylan24's rating: 1081 → 1111<\/strong> (+30 for winning)\n|l|\u2606m f mew2\n","uploadtime":1682232965,"views":11,"p1id":"mfmew2","p2id":"trainerdylan24","formatid":"gen9vgc2023regulationc","rating":1084,"private":0,"password":""}