{"id":"gen9vgc2023regulationc-1847215263","p1":"tukeydukey","p2":"Claromin","format":"[Gen 9] VGC 2023 Regulation C","log":"|j|\u2606tukeydukey\n|j|\u2606Claromin\n|t:|1681928465\n|gametype|doubles\n|player|p1|tukeydukey|elesa|1168\n|player|p2|Claromin|nurse|1080\n|teamsize|p1|6\n|teamsize|p2|6\n|gen|9\n|tier|[Gen 9] VGC 2023 Regulation C\n|rated|\n|rule|Species Clause: Limit one of each Pok\u00e9mon\n|rule|Item Clause: Limit one of each item\n|clearpoke\n|poke|p1|Pelipper, L50, F|\n|poke|p1|Palafin, L50, M|\n|poke|p1|Glimmora, L50, M|\n|poke|p1|Wo-Chien, L50|\n|poke|p1|Flutter Mane, L50|\n|poke|p1|Iron Hands, L50|\n|poke|p2|Glaceon, L50, M|\n|poke|p2|Espeon, L50, M|\n|poke|p2|Flareon, L50, M|\n|poke|p2|Umbreon, L50, F|\n|poke|p2|Dragonite, L50, F|\n|poke|p2|Arboliva, L50, M|\n|teampreview|4\n|inactive|Battle timer is ON: inactive players will automatically lose when time's up. (requested by Claromin)\n|inactive|tukeydukey has 60 seconds left.\n|inactive|Claromin has 60 seconds left.\n|\n|t:|1681928511\n|start\n|switch|p1a: Pelipper|Pelipper, L50, F|100\/100\n|switch|p1b: Flutter Mane|Flutter Mane, L50|100\/100\n|switch|p2a: Umbreon|Umbreon, L50, F|100\/100\n|switch|p2b: Espeon|Espeon, L50, M|100\/100\n|-weather|RainDance|[from] ability: Drizzle|[of] p1a: Pelipper\n|-enditem|p1b: Flutter Mane|Booster Energy\n|-activate|p1b: Flutter Mane|ability: Protosynthesis|[fromitem]\n|-start|p1b: Flutter Mane|protosynthesisspe\n|turn|1\n|\n|t:|1681928525\n|move|p1b: Flutter Mane|Protect|p1b: Flutter Mane\n|-singleturn|p1b: Flutter Mane|Protect\n|move|p1a: Pelipper|Tailwind|p1a: Pelipper\n|-sidestart|p1: tukeydukey|move: Tailwind\n|move|p2a: Umbreon|Calm Mind|p2a: Umbreon\n|-boost|p2a: Umbreon|spa|1\n|-boost|p2a: Umbreon|spd|1\n|move|p2b: Espeon|Trick Room|p2b: Espeon\n|-fieldstart|move: Trick Room|[of] p2b: Espeon\n|\n|-weather|RainDance|[upkeep]\n|upkeep\n|turn|2\n|\n|t:|1681928550\n|move|p2a: Umbreon|Foul Play|p1b: Flutter Mane\n|-damage|p1b: Flutter Mane|79\/100\n|move|p2b: Espeon|Psychic|p1b: Flutter Mane\n|-damage|p1b: Flutter Mane|34\/100\n|move|p1a: Pelipper|Hurricane|p2a: Umbreon\n|-damage|p2a: Umbreon|79\/100\n|move|p1b: Flutter Mane|Shadow Ball|p2b: Espeon\n|-supereffective|p2b: Espeon\n|-damage|p2b: Espeon|19\/100\n|\n|-weather|RainDance|[upkeep]\n|-heal|p2a: Umbreon|85\/100|[from] item: Leftovers\n|upkeep\n|turn|3\n|\n|t:|1681928575\n|-end|p1b: Flutter Mane|Protosynthesis|[silent]\n|switch|p1b: Iron Hands|Iron Hands, L50|100\/100\n|move|p2a: Umbreon|Calm Mind|p2a: Umbreon\n|-boost|p2a: Umbreon|spa|1\n|-boost|p2a: Umbreon|spd|1\n|move|p2b: Espeon|Dazzling Gleam|p1b: Iron Hands|[spread] p1a,p1b\n|-supereffective|p1b: Iron Hands\n|-damage|p1a: Pelipper|63\/100\n|-damage|p1b: Iron Hands|79\/100\n|move|p1a: Pelipper|Hurricane|p2b: Espeon\n|-damage|p2b: Espeon|0 fnt\n|faint|p2b: Espeon\n|\n|-weather|RainDance|[upkeep]\n|-heal|p2a: Umbreon|90\/100|[from] item: Leftovers\n|upkeep\n|\n|t:|1681928588\n|switch|p2b: Dragonite|Dragonite, L50, F|100\/100\n|turn|4\n|\n|t:|1681928602\n|move|p2a: Umbreon|Protect|p2a: Umbreon\n|-singleturn|p2a: Umbreon|Protect\n|move|p2b: Dragonite|Dragon Dance|p2b: Dragonite\n|-boost|p2b: Dragonite|atk|1\n|-boost|p2b: Dragonite|spe|1\n|move|p1b: Iron Hands|Drain Punch|p2a: Umbreon\n|-activate|p2a: Umbreon|move: Protect\n|move|p1a: Pelipper|Hurricane|p2b: Dragonite\n|-damage|p2b: Dragonite|76\/100\n|\n|-weather|RainDance|[upkeep]\n|-heal|p2a: Umbreon|96\/100|[from] item: Leftovers\n|-sideend|p1: tukeydukey|move: Tailwind\n|upkeep\n|turn|5\n|inactive|Claromin has 30 seconds left.\n|\n|t:|1681928636\n|-terastallize|p2a: Umbreon|Fairy\n|move|p1b: Iron Hands|Drain Punch|p2a: Umbreon\n|-resisted|p2a: Umbreon\n|-damage|p2a: Umbreon|78\/100\n|-heal|p1b: Iron Hands|85\/100|[from] drain|[of] p2a: Umbreon\n|move|p2a: Umbreon|Baton Pass|p2a: Umbreon\n|\n|t:|1681928643\n|switch|p2a: Glaceon|Glaceon, L50, M|100\/100|[from] Baton Pass\n|move|p1a: Pelipper|Tailwind|p1a: Pelipper\n|-sidestart|p1: tukeydukey|move: Tailwind\n|move|p2b: Dragonite|Dragon Dance|p2b: Dragonite\n|-boost|p2b: Dragonite|atk|1\n|-boost|p2b: Dragonite|spe|1\n|\n|-weather|RainDance|[upkeep]\n|-fieldend|move: Trick Room\n|upkeep\n|turn|6\n|\n|t:|1681928659\n|move|p2a: Glaceon|Protect|p2a: Glaceon\n|-singleturn|p2a: Glaceon|Protect\n|move|p1a: Pelipper|Hurricane|p2b: Dragonite\n|-damage|p2b: Dragonite|26\/100\n|-start|p2b: Dragonite|confusion\n|-activate|p2b: Dragonite|confusion\n|move|p2b: Dragonite|Earthquake|p1a: Pelipper|[spread] p1b\n|-activate|p2a: Glaceon|move: Protect\n|-immune|p1a: Pelipper\n|-supereffective|p1b: Iron Hands\n|-damage|p1b: Iron Hands|14\/100\n|move|p1b: Iron Hands|Drain Punch|p2a: Glaceon\n|-activate|p2a: Glaceon|move: Protect\n|\n|-weather|RainDance|[upkeep]\n|upkeep\n|turn|7\n|inactive|Claromin has 30 seconds left.\n|\n|t:|1681928689\n|move|p2a: Glaceon|Protect|p2a: Glaceon\n|-singleturn|p2a: Glaceon|Protect\n|-end|p2b: Dragonite|confusion\n|move|p2b: Dragonite|Extreme Speed|p1b: Iron Hands\n|-damage|p1b: Iron Hands|0 fnt\n|faint|p1b: Iron Hands\n|-end|p1b: Iron Hands|Quark Drive|[silent]\n|move|p1a: Pelipper|Hurricane|p2b: Dragonite\n|-damage|p2b: Dragonite|0 fnt\n|faint|p2b: Dragonite\n|\n|-weather|RainDance|[upkeep]\n|upkeep\n|\n|t:|1681928700\n|switch|p2b: Umbreon|Umbreon, L50, F, tera:Fairy|78\/100\n|switch|p1b: Glimmora|Glimmora, L50, M|100\/100\n|turn|8\n|\n|t:|1681928715\n|move|p1b: Glimmora|Power Gem|p2a: Glaceon\n|-supereffective|p2a: Glaceon\n|-damage|p2a: Glaceon|57\/100\n|move|p1a: Pelipper|Hurricane|p2a: Glaceon\n|-damage|p2a: Glaceon|30\/100\n|-start|p2a: Glaceon|confusion\n|-activate|p2a: Glaceon|confusion\n|-damage|p2a: Glaceon|25\/100|[from] confusion\n|move|p2b: Umbreon|Calm Mind|p2b: Umbreon\n|-boost|p2b: Umbreon|spa|1\n|-boost|p2b: Umbreon|spd|1\n|\n|-weather|none\n|-heal|p2b: Umbreon|84\/100|[from] item: Leftovers\n|-sideend|p1: tukeydukey|move: Tailwind\n|upkeep\n|turn|9\n|\n|t:|1681928737\n|switch|p1a: Flutter Mane|Flutter Mane, L50|34\/100\n|-end|p2a: Glaceon|confusion\n|move|p2a: Glaceon|Protect|p2a: Glaceon\n|-singleturn|p2a: Glaceon|Protect\n|move|p1b: Glimmora|Mortal Spin|p2a: Glaceon|[spread] p2b\n|-activate|p2a: Glaceon|move: Protect\n|-supereffective|p2b: Umbreon\n|-damage|p2b: Umbreon|76\/100\n|-status|p2b: Umbreon|psn\n|-activate|p2b: Umbreon|ability: Synchronize\n|-immune|p1b: Glimmora\n|move|p2b: Umbreon|Calm Mind|p2b: Umbreon\n|-boost|p2b: Umbreon|spa|1\n|-boost|p2b: Umbreon|spd|1\n|\n|-heal|p2b: Umbreon|82\/100 psn|[from] item: Leftovers\n|-damage|p2b: Umbreon|69\/100 psn|[from] psn\n|upkeep\n|turn|10\n|inactive|tukeydukey has 30 seconds left.\n|\n|t:|1681928765\n|move|p1a: Flutter Mane|Shadow Ball|p2b: Umbreon\n|-damage|p2b: Umbreon|56\/100 psn\n|move|p1b: Glimmora|Power Gem|p2a: Glaceon\n|-supereffective|p2a: Glaceon\n|-damage|p2a: Glaceon|0 fnt\n|faint|p2a: Glaceon\n|move|p2b: Umbreon|Foul Play|p1a: Flutter Mane\n|-damage|p1a: Flutter Mane|13\/100\n|\n|-heal|p2b: Umbreon|62\/100 psn|[from] item: Leftovers\n|-damage|p2b: Umbreon|50\/100 psn|[from] psn\n|upkeep\n|turn|11\n|-message|Claromin forfeited.\n|\n|win|tukeydukey\n|raw|tukeydukey's rating: 1168 → 1187<\/strong> (+19 for winning)\n|raw|Claromin's rating: 1080 → 1063<\/strong> (-17 for losing)\n|l|\u2606Claromin\n","uploadtime":1681928778,"views":10,"p1id":"tukeydukey","p2id":"claromin","formatid":"gen9vgc2023regulationc","rating":1063,"private":0,"password":""}