{"id":"gen9vgc2023regulationc-1863700214","p1":"MiiverseVGC","p2":"RedsilverFR","format":"[Gen 9] VGC 2023 Regulation C","log":"|j|\u2606MiiverseVGC\n|j|\u2606RedsilverFR\n|t:|1684063013\n|gametype|doubles\n|player|p1|MiiverseVGC|2|\n|player|p2|RedsilverFR|lucas|\n|teamsize|p1|6\n|teamsize|p2|6\n|gen|9\n|tier|[Gen 9] VGC 2023 Regulation C\n|rule|Species Clause: Limit one of each Pok\u00e9mon\n|rule|Item Clause: Limit one of each item\n|clearpoke\n|poke|p1|Flutter Mane, L50|\n|poke|p1|Chi-Yu, L50|\n|poke|p1|Ting-Lu, L50|\n|poke|p1|Dondozo, L50, F|\n|poke|p1|Glimmora, L50, F|\n|poke|p1|Dragonite, L50, M|\n|poke|p2|Murkrow, L50, F|\n|poke|p2|Garchomp, L50, F|\n|poke|p2|Amoonguss, L50, F|\n|poke|p2|Rotom-Wash, L50|\n|poke|p2|Arcanine, L50, M|\n|poke|p2|Flutter Mane, L50|\n|teampreview|4\n|c|\u2606RedsilverFR|g1\nRedsilverFR has agreed to open team sheets.\n|c|\u2606RedsilverFR|\/log RedsilverFR made this room public.\nMiiverseVGC has agreed to open team sheets.\n|c|\u2606RedsilverFR|Glhf\n|c|\u2606RedsilverFR|Can u link the games to my mates please ?\n|c|\u2606RedsilverFR|Or to baat at least ple\n|j| Sratsym\n|c|\u2606MiiverseVGC|i can send it to my captain i think who might be able to send it to baat\n|c|\u2606RedsilverFR|perfect ty\n|c|\u2606MiiverseVGC|yeah he's done it\n|j| baaaaat_\n|\n|t:|1684063393\n|start\n|switch|p1a: Dondozo|Dondozo, L50, F, shiny|100\/100\n|switch|p1b: Ting-Lu|Ting-Lu, L50|100\/100\n|switch|p2a: RhhhWoaf|Arcanine, L50, M|100\/100\n|switch|p2b: Fshhhhh|Amoonguss, L50, F, shiny|100\/100\n|-ability|p2a: RhhhWoaf|Intimidate|boost\n|-fail|p1a: Dondozo|unboost|Attack|[from] ability: Oblivious|[of] p1a: Dondozo\n|-unboost|p1b: Ting-Lu|atk|1\n|-ability|p1b: Ting-Lu|Vessel of Ruin\n|turn|1\n|l| baaaaat_\n|j| baaaaat_\n|\n|t:|1684063452\n|switch|p2a: Vrouuuum|Rotom-Wash, L50|100\/100\n|-terastallize|p1a: Dondozo|Grass\n|move|p1b: Ting-Lu|Ruination|p2b: Fshhhhh\n|-damage|p2b: Fshhhhh|51\/100\n|move|p1a: Dondozo|Yawn|p2a: Vrouuuum\n|-start|p2a: Vrouuuum|move: Yawn|[of] p1a: Dondozo\n|move|p2b: Fshhhhh|Spore|p1a: Dondozo\n|-immune|p1a: Dondozo\n|\n|upkeep\n|turn|2\n|\n|t:|1684063490\n|switch|p2a: Grrrrrrr|Garchomp, L50, F|100\/100\n|move|p1b: Ting-Lu|Ruination|p2a: Grrrrrrr\n|-damage|p2a: Grrrrrrr|51\/100\n|move|p1a: Dondozo|Wave Crash|p2a: Grrrrrrr\n|-damage|p2a: Grrrrrrr|10\/100\n|-damage|p1a: Dondozo|88\/100|[from] ability: Rough Skin|[of] p2a: Grrrrrrr\n|-damage|p1a: Dondozo|78\/100|[from] Recoil\n|move|p2b: Fshhhhh|Spore|p1b: Ting-Lu\n|-status|p1b: Ting-Lu|slp|[from] move: Spore\n|\n|-heal|p1a: Dondozo|84\/100|[from] item: Leftovers\n|upkeep\n|turn|3\n|\n|t:|1684063554\n|switch|p1b: Flutter Mane|Flutter Mane, L50, shiny|100\/100\n|switch|p2b: RhhhWoaf|Arcanine, L50, M|100\/100\n|-ability|p2b: RhhhWoaf|Intimidate|boost\n|-fail|p1a: Dondozo|unboost|Attack|[from] ability: Oblivious|[of] p1a: Dondozo\n|-unboost|p1b: Flutter Mane|atk|1\n|move|p2a: Grrrrrrr|Swords Dance|p2a: Grrrrrrr\n|-boost|p2a: Grrrrrrr|atk|2\n|move|p1a: Dondozo|Wave Crash|p2b: RhhhWoaf\n|-supereffective|p2b: RhhhWoaf\n|-damage|p2b: RhhhWoaf|14\/100\n|-damage|p1a: Dondozo|63\/100|[from] Recoil\n|\n|-heal|p1a: Dondozo|69\/100|[from] item: Leftovers\n|upkeep\n|turn|4\n|\n|t:|1684063589\n|switch|p2a: Fshhhhh|Amoonguss, L50, F, shiny|84\/100\n|move|p1a: Dondozo|Protect|p1a: Dondozo\n|-singleturn|p1a: Dondozo|Protect\n|move|p1b: Flutter Mane|Dazzling Gleam|p2a: Fshhhhh|[spread] p2a,p2b\n|-resisted|p2a: Fshhhhh\n|-resisted|p2b: RhhhWoaf\n|-damage|p2a: Fshhhhh|64\/100\n|-damage|p2b: RhhhWoaf|0 fnt\n|faint|p2b: RhhhWoaf\n|\n|-heal|p1a: Dondozo|75\/100|[from] item: Leftovers\n|upkeep\n|\n|t:|1684063598\n|switch|p2b: Vrouuuum|Rotom-Wash, L50|100\/100\n|turn|5\n|\n|t:|1684063624\n|move|p1b: Flutter Mane|Dazzling Gleam|p2b: Vrouuuum|[spread] p2a,p2b\n|-resisted|p2a: Fshhhhh\n|-damage|p2a: Fshhhhh|44\/100\n|-damage|p2b: Vrouuuum|47\/100\n|move|p2b: Vrouuuum|Nasty Plot|p2b: Vrouuuum\n|-boost|p2b: Vrouuuum|spa|2\n|move|p1a: Dondozo|Yawn|p2a: Fshhhhh\n|-start|p2a: Fshhhhh|move: Yawn|[of] p1a: Dondozo\n|move|p2a: Fshhhhh|Pollen Puff|p1a: Dondozo\n|-supereffective|p1a: Dondozo\n|-damage|p1a: Dondozo|51\/100\n|\n|-heal|p1a: Dondozo|57\/100|[from] item: Leftovers\n|upkeep\n|turn|6\n|\n|t:|1684063655\n|switch|p2a: Grrrrrrr|Garchomp, L50, F|10\/100\n|move|p2b: Vrouuuum|Protect|p2b: Vrouuuum\n|-singleturn|p2b: Vrouuuum|Protect\n|move|p1b: Flutter Mane|Dazzling Gleam|p2a: Grrrrrrr|[spread] p2a\n|-activate|p2b: Vrouuuum|move: Protect\n|-supereffective|p2a: Grrrrrrr\n|-damage|p2a: Grrrrrrr|0 fnt\n|faint|p2a: Grrrrrrr\n|move|p1a: Dondozo|Heavy Slam|p2b: Vrouuuum\n|-activate|p2b: Vrouuuum|move: Protect\n|\n|-heal|p1a: Dondozo|63\/100|[from] item: Leftovers\n|upkeep\n|\n|t:|1684063663\n|switch|p2a: Fshhhhh|Amoonguss, L50, F, shiny|78\/100\n|turn|7\n|\n|t:|1684063681\n|-terastallize|p2b: Vrouuuum|Steel\n|move|p1b: Flutter Mane|Dazzling Gleam|p2a: Fshhhhh|[spread] p2a,p2b\n|-resisted|p2a: Fshhhhh\n|-resisted|p2b: Vrouuuum\n|-damage|p2a: Fshhhhh|58\/100\n|-damage|p2b: Vrouuuum|18\/100\n|move|p2b: Vrouuuum|Thunderbolt|p1a: Dondozo\n|-resisted|p1a: Dondozo\n|-damage|p1a: Dondozo|39\/100\n|move|p1a: Dondozo|Wave Crash|p2b: Vrouuuum\n|-damage|p2b: Vrouuuum|0 fnt\n|faint|p2b: Vrouuuum\n|-damage|p1a: Dondozo|35\/100|[from] Recoil\n|move|p2a: Fshhhhh|Spore|p1b: Flutter Mane\n|-status|p1b: Flutter Mane|slp|[from] move: Spore\n|\n|-heal|p1a: Dondozo|42\/100|[from] item: Leftovers\n|upkeep\n|turn|8\n|c|\u2606RedsilverFR|Gg\n|c|\u2606MiiverseVGC|gg\n|-message|RedsilverFR forfeited.\n|\n|win|MiiverseVGC\n|l|\u2606RedsilverFR\n|l| baaaaat_\n","uploadtime":1684064063,"views":16,"p1id":"miiversevgc","p2id":"redsilverfr","formatid":"gen9vgc2023regulationc","rating":0,"private":0,"password":""}