{"id":"gen9vgc2023regulationc-1845533506","p1":"VictorbrineCassini","p2":"Forgot Pass F","format":"[Gen 9] VGC 2023 Regulation C","log":"|j|\u2606VictorbrineCassini\n|j|\u2606Forgot Pass F\n|t:|1681742750\n|gametype|doubles\n|player|p1|VictorbrineCassini|170|1020\n|player|p2|Forgot Pass F|169|1025\n|teamsize|p1|6\n|teamsize|p2|6\n|gen|9\n|tier|[Gen 9] VGC 2023 Regulation C\n|rated|\n|rule|Species Clause: Limit one of each Pok\u00e9mon\n|rule|Item Clause: Limit one of each item\n|clearpoke\n|poke|p1|Slither Wing, L50|\n|poke|p1|Flutter Mane, L50|\n|poke|p1|Great Tusk, L50|\n|poke|p1|Corviknight, L50, M|\n|poke|p1|Glimmora, L50, M|\n|poke|p1|Torkoal, L50, M|\n|poke|p2|Iron Bundle, L50|\n|poke|p2|Farigiraf, L50, F|\n|poke|p2|Iron Valiant, L50|\n|poke|p2|Iron Moth, L50|\n|poke|p2|Garchomp, L50, M|\n|poke|p2|Brute Bonnet, L50|\n|teampreview|4\n|inactive|Battle timer is ON: inactive players will automatically lose when time's up. (requested by Forgot Pass F)\nForgot Pass F rejected open team sheets.\n|c|\u2606Forgot Pass F|????\n|inactive|VictorbrineCassini has 60 seconds left.\n|c|\u2606Forgot Pass F|K...\n|inactive|VictorbrineCassini has 30 seconds left.\n|inactive|VictorbrineCassini has 20 seconds left.\n|inactive|VictorbrineCassini has 15 seconds left.\n|inactive|Forgot Pass F has 60 seconds left.\n|\n|t:|1681742893\n|start\n|switch|p1a: Torkoal|Torkoal, L50, M|100\/100\n|switch|p1b: Glimmora|Glimmora, L50, M|100\/100\n|switch|p2a: Farigiraf|Farigiraf, L50, F|100\/100\n|switch|p2b: Iron Bundle|Iron Bundle, L50|100\/100\n|-weather|SunnyDay|[from] ability: Drought|[of] p1a: Torkoal\n|-enditem|p2b: Iron Bundle|Booster Energy\n|-activate|p2b: Iron Bundle|ability: Quark Drive|[fromitem]\n|-start|p2b: Iron Bundle|quarkdrivespe\n|turn|1\n|inactive|Forgot Pass F has 30 seconds left.\n|inactive|Forgot Pass F has 20 seconds left.\n|\n|t:|1681742929\n|move|p1a: Torkoal|Protect|p1a: Torkoal\n|-singleturn|p1a: Torkoal|Protect\n|move|p2b: Iron Bundle|Hydro Pump|p1a: Torkoal\n|-activate|p1a: Torkoal|move: Protect\n|move|p1b: Glimmora|Mortal Spin|p2b: Iron Bundle|[spread] p2a,p2b\n|-damage|p2a: Farigiraf|96\/100\n|-damage|p2b: Iron Bundle|94\/100\n|-status|p2a: Farigiraf|psn\n|-status|p2b: Iron Bundle|psn\n|move|p2a: Farigiraf|Psyshock|p1b: Glimmora\n|-supereffective|p1b: Glimmora\n|-enditem|p1b: Glimmora|Focus Sash\n|-damage|p1b: Glimmora|1\/100\n|\n|-weather|SunnyDay|[upkeep]\n|-damage|p2b: Iron Bundle|82\/100 psn|[from] psn\n|-damage|p2a: Farigiraf|84\/100 psn|[from] psn\n|upkeep\n|turn|2\n|inactive|VictorbrineCassini has 30 seconds left.\n|inactive|VictorbrineCassini has 20 seconds left.\n|\n|t:|1681742964\n|switch|p2a: Garchomp|Garchomp, L50, M|100\/100\n|switch|p1a: Flutter Mane|Flutter Mane, L50|100\/100\n|-activate|p1a: Flutter Mane|ability: Protosynthesis\n|-start|p1a: Flutter Mane|protosynthesisspa\n|move|p2b: Iron Bundle|Hydro Pump|p1a: Flutter Mane\n|-damage|p1a: Flutter Mane|70\/100\n|move|p1b: Glimmora|Dazzling Gleam|p2b: Iron Bundle|[spread] p2a,p2b\n|-supereffective|p2a: Garchomp\n|-damage|p2a: Garchomp|55\/100\n|-damage|p2b: Iron Bundle|39\/100 psn\n|\n|-weather|SunnyDay|[upkeep]\n|-damage|p2b: Iron Bundle|27\/100 psn|[from] psn\n|upkeep\n|turn|3\n|inactive|VictorbrineCassini has 30 seconds left.\n|\n|t:|1681742997\n|-terastallize|p2a: Garchomp|Steel\n|move|p2b: Iron Bundle|Protect|p2b: Iron Bundle\n|-singleturn|p2b: Iron Bundle|Protect\n|move|p2a: Garchomp|Earthquake|p1b: Glimmora|[spread] p1a,p1b\n|-activate|p2b: Iron Bundle|move: Protect\n|-supereffective|p1b: Glimmora\n|-damage|p1a: Flutter Mane|0 fnt\n|-damage|p1b: Glimmora|0 fnt\n|faint|p1a: Flutter Mane\n|-end|p1a: Flutter Mane|Protosynthesis|[silent]\n|faint|p1b: Glimmora\n|\n|-weather|SunnyDay|[upkeep]\n|-damage|p2b: Iron Bundle|15\/100 psn|[from] psn\n|upkeep\n|\n|t:|1681743009\n|switch|p1a: Torkoal|Torkoal, L50, M|100\/100\n|switch|p1b: Slither Wing|Slither Wing, L50|100\/100\n|-activate|p1b: Slither Wing|ability: Protosynthesis\n|-start|p1b: Slither Wing|protosynthesisatk\n|turn|4\n|\n|t:|1681743027\n|move|p1a: Torkoal|Protect|p1a: Torkoal\n|-singleturn|p1a: Torkoal|Protect\n|move|p2b: Iron Bundle|Hydro Pump|p1a: Torkoal\n|-activate|p1a: Torkoal|move: Protect\n|move|p2a: Garchomp|Earthquake|p1a: Torkoal|[spread] p2b,p1b\n|-activate|p1a: Torkoal|move: Protect\n|-resisted|p1b: Slither Wing\n|-damage|p2b: Iron Bundle|0 fnt\n|-damage|p1b: Slither Wing|73\/100\n|faint|p2b: Iron Bundle\n|-end|p2b: Iron Bundle|Quark Drive|[silent]\n|move|p1b: Slither Wing|Close Combat|p2a: Garchomp\n|-supereffective|p2a: Garchomp\n|-damage|p2a: Garchomp|0 fnt\n|-unboost|p1b: Slither Wing|def|1\n|-unboost|p1b: Slither Wing|spd|1\n|-damage|p1b: Slither Wing|60\/100|[from] ability: Rough Skin|[of] p2a: Garchomp\n|faint|p2a: Garchomp\n|\n|-weather|SunnyDay|[upkeep]\n|upkeep\n|\n|t:|1681743051\n|switch|p2b: Farigiraf|Farigiraf, L50, F|84\/100 psn\n|switch|p2a: Brute Bonnet|Brute Bonnet, L50|100\/100\n|-activate|p2a: Brute Bonnet|ability: Protosynthesis\n|-start|p2a: Brute Bonnet|protosynthesisatk\n|turn|5\n|\n|t:|1681743071\n|-terastallize|p1b: Slither Wing|Fire\n|move|p1b: Slither Wing|Flame Charge|p2a: Brute Bonnet\n|-supereffective|p2a: Brute Bonnet\n|-damage|p2a: Brute Bonnet|0 fnt\n|-boost|p1b: Slither Wing|spe|1\n|faint|p2a: Brute Bonnet\n|-end|p2a: Brute Bonnet|Protosynthesis|[silent]\n|move|p2b: Farigiraf|Hyper Voice|p1a: Torkoal|[spread] p1a,p1b\n|-damage|p1a: Torkoal|56\/100\n|-damage|p1b: Slither Wing|2\/100\n|move|p1a: Torkoal|Eruption|p2b: Farigiraf\n|-damage|p2b: Farigiraf|59\/100 psn\n|\n|-weather|none\n|-end|p1b: Slither Wing|Protosynthesis\n|-damage|p2b: Farigiraf|47\/100 psn|[from] psn\n|upkeep\n|-enditem|p1b: Slither Wing|Booster Energy\n|-activate|p1b: Slither Wing|ability: Protosynthesis|[fromitem]\n|-start|p1b: Slither Wing|protosynthesisatk\n|turn|6\n|c|\u2606Forgot Pass F|Damn thats close\n|c|\u2606Forgot Pass F|Gg\n|\n|t:|1681743095\n|move|p1a: Torkoal|Helping Hand|p1b: Slither Wing\n|-singleturn|p1b: Slither Wing|Helping Hand|[of] p1a: Torkoal\n|move|p1b: Slither Wing|Leech Life|p2b: Farigiraf\n|-supereffective|p2b: Farigiraf\n|-damage|p2b: Farigiraf|0 fnt\n|-heal|p1b: Slither Wing|34\/100|[from] drain|[of] p2b: Farigiraf\n|faint|p2b: Farigiraf\n|\n|win|VictorbrineCassini\n|raw|VictorbrineCassini's rating: 1020 → 1058<\/strong> (+38 for winning)\n|raw|Forgot Pass F's rating: 1025 → 1011<\/strong> (-14 for losing)\n|c|\u2606VictorbrineCassini|GG\n","uploadtime":1681743150,"views":7,"p1id":"victorbrinecassini","p2id":"forgotpassf","formatid":"gen9vgc2023regulationc","rating":1011,"private":0,"password":""}