{"id":"gen9vgc2023regulationc-1852465974","p1":"FanPoke2011","p2":"aggron zheng","format":"[Gen 9] VGC 2023 Regulation C","log":"|j|\u2606FanPoke2011\n|j|\u2606aggron zheng\n|t:|1682561121\n|gametype|doubles\n|player|p1|FanPoke2011|blackbelt-gen4dp|1429\n|player|p2|aggron zheng|102|1534\n|teamsize|p1|6\n|teamsize|p2|6\n|gen|9\n|tier|[Gen 9] VGC 2023 Regulation C\n|rated|\n|rule|Species Clause: Limit one of each Pok\u00e9mon\n|rule|Item Clause: Limit one of each item\n|clearpoke\n|poke|p1|Chien-Pao, L50|\n|poke|p1|Dragonite, L50, F|\n|poke|p1|Flutter Mane, L50|\n|poke|p1|Volcarona, L50, F|\n|poke|p1|Gyarados, L50, F|\n|poke|p1|Great Tusk, L50|\n|poke|p2|Dondozo, L50, M|\n|poke|p2|Tatsugiri, L50, F|\n|poke|p2|Chi-Yu, L50|\n|poke|p2|Iron Bundle, L50|\n|poke|p2|Dragonite, L50, M|\n|poke|p2|Iron Hands, L50|\n|teampreview|4\naggron zheng has agreed to open team sheets.\n|c|\u2606aggron zheng|glhf\nFanPoke2011 has agreed to open team sheets.\n|c|\u2606FanPoke2011|glhf\n|j| WeirdPolyCouple\n|\n|t:|1682561262\n|start\n|switch|p1a: Toxicidad|Flutter Mane, L50|100\/100\n|switch|p1b: Diego|Chien-Pao, L50|100\/100\n|switch|p2a: Iron Bundle|Iron Bundle, L50, shiny|100\/100\n|switch|p2b: Dragonite|Dragonite, L50, M|100\/100\n|-ability|p1b: Diego|Sword of Ruin\n|-enditem|p2a: Iron Bundle|Booster Energy\n|-activate|p2a: Iron Bundle|ability: Quark Drive|[fromitem]\n|-start|p2a: Iron Bundle|quarkdrivespe\n|-enditem|p1a: Toxicidad|Booster Energy\n|-activate|p1a: Toxicidad|ability: Protosynthesis|[fromitem]\n|-start|p1a: Toxicidad|protosynthesisspa\n|turn|1\n|j| haoran zhou\n|\n|t:|1682561292\n|-terastallize|p2b: Dragonite|Flying\n|move|p1a: Toxicidad|Protect|p1a: Toxicidad\n|-singleturn|p1a: Toxicidad|Protect\n|move|p2a: Iron Bundle|Icy Wind|p1b: Diego|[spread] \n|-activate|p1a: Toxicidad|move: Protect\n|-miss|p2a: Iron Bundle|p1b: Diego\n|move|p1b: Diego|Sacred Sword|p2a: Iron Bundle\n|-supereffective|p2a: Iron Bundle\n|-damage|p2a: Iron Bundle|0 fnt\n|faint|p2a: Iron Bundle\n|-end|p2a: Iron Bundle|Quark Drive|[silent]\n|move|p2b: Dragonite|Tera Blast|p1a: Toxicidad\n|-activate|p1a: Toxicidad|move: Protect\n|\n|upkeep\n|j| Spacejes\n|\n|t:|1682561313\n|switch|p2a: Dondozo|Dondozo, L50, M|100\/100\n|turn|2\n|\n|t:|1682561346\n|switch|p1b: Ronaldinho|Gyarados, L50, F, shiny|100\/100\n|-ability|p1b: Ronaldinho|Intimidate|boost\n|-unboost|p2a: Dondozo|atk|1\n|-unboost|p2b: Dragonite|atk|1\n|switch|p2b: Tatsugiri|Tatsugiri, L50, F|100\/100\n|-activate|p2b: Tatsugiri|ability: Commander|[of] p2a: Dondozo\n|-boost|p2a: Dondozo|atk|2\n|-boost|p2a: Dondozo|spa|2\n|-boost|p2a: Dondozo|spe|2\n|-boost|p2a: Dondozo|def|2\n|-boost|p2a: Dondozo|spd|2\n|move|p1a: Toxicidad|Substitute|p1a: Toxicidad\n|-start|p1a: Toxicidad|Substitute\n|-damage|p1a: Toxicidad|76\/100\n|move|p2a: Dondozo|Earthquake|p1a: Toxicidad|[spread] p1a\n|-miss|p2a: Dondozo|p2b: Tatsugiri\n|-immune|p1b: Ronaldinho\n|-end|p1a: Toxicidad|Substitute\n|\n|upkeep\n|turn|3\n|\n|t:|1682561376\n|switch|p1b: Cecilia|Dragonite, L50, F, shiny|100\/100\n|move|p1a: Toxicidad|Protect|p1a: Toxicidad\n|-singleturn|p1a: Toxicidad|Protect\n|move|p2a: Dondozo|Earthquake|p1b: Cecilia|[spread] \n|-miss|p2a: Dondozo|p2b: Tatsugiri\n|-activate|p1a: Toxicidad|move: Protect\n|-immune|p1b: Cecilia\n|\n|upkeep\n|turn|4\n|l| haoran zhou\n|\n|t:|1682561392\n|-end|p1a: Toxicidad|Protosynthesis|[silent]\n|switch|p1a: Ronaldinho|Gyarados, L50, F, shiny|100\/100\n|-ability|p1a: Ronaldinho|Intimidate|boost\n|-unboost|p2a: Dondozo|atk|1\n|-unboost|p2b: Tatsugiri|atk|1\n|move|p1b: Cecilia|Extreme Speed|p2a: Dondozo\n|-damage|p2a: Dondozo|87\/100\n|-damage|p1b: Cecilia|90\/100|[from] item: Life Orb\n|move|p2a: Dondozo|Wave Crash|p1a: Ronaldinho\n|-resisted|p1a: Ronaldinho\n|-damage|p1a: Ronaldinho|71\/100\n|-damage|p2a: Dondozo|79\/100|[from] Recoil\n|\n|-heal|p2a: Dondozo|86\/100|[from] item: Leftovers\n|upkeep\n|turn|5\n|\n|t:|1682561430\n|switch|p1a: Diego|Chien-Pao, L50|100\/100\n|-ability|p1a: Diego|Sword of Ruin\n|move|p1b: Cecilia|Extreme Speed|p2a: Dondozo\n|-damage|p2a: Dondozo|67\/100\n|-damage|p1b: Cecilia|80\/100|[from] item: Life Orb\n|move|p2a: Dondozo|Wave Crash|p1a: Diego\n|-damage|p1a: Diego|24\/100\n|-damage|p2a: Dondozo|50\/100|[from] Recoil\n|\n|-heal|p2a: Dondozo|56\/100|[from] item: Leftovers\n|upkeep\n|turn|6\n|\n|t:|1682561443\n|switch|p1b: Ronaldinho|Gyarados, L50, F, shiny|71\/100\n|-ability|p1b: Ronaldinho|Intimidate|boost\n|-unboost|p2a: Dondozo|atk|1\n|-unboost|p2b: Tatsugiri|atk|1\n|move|p1a: Diego|Protect|p1a: Diego\n|-singleturn|p1a: Diego|Protect\n|move|p2a: Dondozo|Protect||[still]\n|-fail|p2a: Dondozo\n|\n|-heal|p2a: Dondozo|62\/100|[from] item: Leftovers\n|upkeep\n|turn|7\n|\n|t:|1682561458\n|move|p1a: Diego|Sacred Sword|p2a: Dondozo\n|-damage|p2a: Dondozo|36\/100\n|move|p2a: Dondozo|Wave Crash|p1a: Diego\n|-damage|p1a: Diego|0 fnt\n|faint|p1a: Diego\n|-damage|p2a: Dondozo|31\/100|[from] Recoil\n|move|p1b: Ronaldinho|Dragon Dance|p1b: Ronaldinho\n|-boost|p1b: Ronaldinho|atk|1\n|-boost|p1b: Ronaldinho|spe|1\n|\n|-heal|p2a: Dondozo|37\/100|[from] item: Leftovers\n|upkeep\n|j| haoran zhou\n|\n|t:|1682561473\n|switch|p1a: Cecilia|Dragonite, L50, F, shiny|80\/100\n|turn|8\n|\n|t:|1682561496\n|move|p1a: Cecilia|Extreme Speed|p2a: Dondozo\n|-crit|p2a: Dondozo\n|-damage|p2a: Dondozo|0 fnt\n|faint|p2a: Dondozo\n|-damage|p1a: Cecilia|70\/100|[from] item: Life Orb\n|move|p1b: Ronaldinho|Dragon Dance|p1b: Ronaldinho\n|-boost|p1b: Ronaldinho|atk|1\n|-boost|p1b: Ronaldinho|spe|1\n|\n|upkeep\n|\n|t:|1682561500\n|switch|p2a: Dragonite|Dragonite, L50, M, tera:Flying|100\/100\n|turn|9\n|l| haoran zhou\n|\n|t:|1682561542\n|move|p1b: Ronaldinho|Protect|p1b: Ronaldinho\n|-singleturn|p1b: Ronaldinho|Protect\n|move|p1a: Cecilia|Extreme Speed|p2a: Dragonite\n|-damage|p2a: Dragonite|80\/100\n|-damage|p1a: Cecilia|60\/100|[from] item: Life Orb\n|move|p2b: Tatsugiri|Icy Wind|p1a: Cecilia|[spread] p1a\n|-activate|p1b: Ronaldinho|move: Protect\n|-supereffective|p1a: Cecilia\n|-damage|p1a: Cecilia|10\/100\n|-unboost|p1a: Cecilia|spe|1\n|move|p2a: Dragonite|Tera Blast|p1b: Ronaldinho\n|-activate|p1b: Ronaldinho|move: Protect\n|\n|upkeep\n|turn|10\n|\n|t:|1682561561\n|-terastallize|p1b: Ronaldinho|Flying\n|move|p1a: Cecilia|Extreme Speed|p2b: Tatsugiri\n|-damage|p2b: Tatsugiri|21\/100\n|-damage|p1a: Cecilia|0 fnt|[from] item: Life Orb\n|faint|p1a: Cecilia\n|move|p1b: Ronaldinho|Tera Blast|p2a: Dragonite\n|-damage|p2a: Dragonite|0 fnt\n|faint|p2a: Dragonite\n|move|p2b: Tatsugiri|Icy Wind|p1b: Ronaldinho\n|-supereffective|p1b: Ronaldinho\n|-damage|p1b: Ronaldinho|37\/100\n|-unboost|p1b: Ronaldinho|spe|1\n|\n|upkeep\n|c|\u2606aggron zheng|gg\n|-message|aggron zheng forfeited.\n|\n|win|FanPoke2011\n|raw|FanPoke2011's rating: 1429 → 1455<\/strong> (+26 for winning)\n|raw|aggron zheng's rating: 1534 → 1508<\/strong> (-26 for losing)\n|l| Spacejes\n|c|\u2606FanPoke2011|gg\n|c|\u2606FanPoke2011|it is impressive\n","uploadtime":1682561598,"views":9,"p1id":"fanpoke2011","p2id":"aggronzheng","formatid":"gen9vgc2023regulationc","rating":1455,"private":0,"password":""}