{"id":"gen9vgc2023regulationc-1862287771","p1":"DuelLuna","p2":"fizzywizzyglizzy","format":"[Gen 9] VGC 2023 Regulation C","log":"|j|\u2606DuelLuna\n|j|\u2606fizzywizzyglizzy\n|t:|1683860095\n|gametype|doubles\n|player|p1|DuelLuna|caitlin|1449\n|player|p2|fizzywizzyglizzy|101|1364\n|teamsize|p1|6\n|teamsize|p2|6\n|gen|9\n|tier|[Gen 9] VGC 2023 Regulation C\n|rated|\n|rule|Species Clause: Limit one of each Pok\u00e9mon\n|rule|Item Clause: Limit one of each item\n|clearpoke\n|poke|p1|Ting-Lu, L50|\n|poke|p1|Glimmora, L50, F|\n|poke|p1|Flutter Mane, L50|\n|poke|p1|Dragonite, L50, F|\n|poke|p1|Dondozo, L50, F|\n|poke|p1|Chien-Pao, L50|\n|poke|p2|Orthworm, L50, M|\n|poke|p2|Garganacl, L50, M|\n|poke|p2|Flutter Mane, L50|\n|poke|p2|Ting-Lu, L50|\n|poke|p2|Amoonguss, L50, F|\n|poke|p2|Dragonite, L50, M|\n|teampreview|4\nDuelLuna has agreed to open team sheets.\n|\n|t:|1683860129\n|start\n|switch|p1a: Chien-Pao|Chien-Pao, L50|100\/100\n|switch|p1b: Dragonite|Dragonite, L50, F|100\/100\n|switch|p2a: Orthworm|Orthworm, L50, M|100\/100\n|switch|p2b: Garganacl|Garganacl, L50, M|100\/100\n|-ability|p1a: Chien-Pao|Sword of Ruin\n|turn|1\n|\n|t:|1683860148\n|-terastallize|p2b: Garganacl|Poison\n|move|p1a: Chien-Pao|Sacred Sword|p2a: Orthworm\n|-supereffective|p2a: Orthworm\n|-damage|p2a: Orthworm|46\/100\n|-enditem|p2a: Orthworm|Sitrus Berry|[eat]\n|-heal|p2a: Orthworm|71\/100|[from] item: Sitrus Berry\n|move|p1b: Dragonite|Outrage|p2b: Garganacl\n|-damage|p2b: Garganacl|16\/100\n|-damage|p1b: Dragonite|91\/100|[from] item: Life Orb\n|move|p2a: Orthworm|Shed Tail|p2a: Orthworm\n|-start|p2a: Orthworm|Substitute|[from] move: Shed Tail\n|-damage|p2a: Orthworm|21\/100\n|l|\u2606DuelLuna\n|player|p1|\n|\n|t:|1683860168\n|switch|p2a: Flutter Mane|Flutter Mane, L50|100\/100|[from] Shed Tail\n|move|p2b: Garganacl|Salt Cure|p1b: Dragonite\n|-supereffective|p1b: Dragonite\n|-damage|p1b: Dragonite|51\/100\n|-start|p1b: Dragonite|Salt Cure\n|\n|-heal|p2b: Garganacl|22\/100|[from] item: Leftovers\n|-damage|p1b: Dragonite|39\/100|[from] Salt Cure\n|upkeep\n|turn|2\n|j|\u2606DuelLuna\n|player|p1|DuelLuna|caitlin\n|\n|t:|1683860215\n|move|p1a: Chien-Pao|Ice Spinner|p2a: Flutter Mane\n|-end|p2a: Flutter Mane|Substitute\n|move|p2a: Flutter Mane|Dazzling Gleam|p1a: Chien-Pao|[spread] p1a,p1b\n|-supereffective|p1a: Chien-Pao\n|-supereffective|p1b: Dragonite\n|-enditem|p1a: Chien-Pao|Focus Sash\n|-damage|p1a: Chien-Pao|1\/100\n|-damage|p1b: Dragonite|0 fnt\n|faint|p1b: Dragonite\n|-damage|p2a: Flutter Mane|91\/100|[from] item: Life Orb\n|move|p2b: Garganacl|Recover|p2b: Garganacl\n|-heal|p2b: Garganacl|72\/100\n|\n|-heal|p2b: Garganacl|78\/100|[from] item: Leftovers\n|upkeep\n|\n|t:|1683860222\n|switch|p1b: Glimmora|Glimmora, L50, F|100\/100\n|turn|3\n|\n|t:|1683860246\n|-end|p2a: Flutter Mane|Protosynthesis|[silent]\n|switch|p2a: Orthworm|Orthworm, L50, M|21\/100\n|move|p1a: Chien-Pao|Protect|p1a: Chien-Pao\n|-singleturn|p1a: Chien-Pao|Protect\n|move|p1b: Glimmora|Earth Power|p2b: Garganacl\n|-supereffective|p2b: Garganacl\n|-damage|p2b: Garganacl|32\/100\n|move|p2b: Garganacl|Salt Cure|p1a: Chien-Pao\n|-activate|p1a: Chien-Pao|move: Protect\n|\n|-heal|p2b: Garganacl|38\/100|[from] item: Leftovers\n|upkeep\n|turn|4\n|\n|t:|1683860276\n|switch|p2b: Dragonite|Dragonite, L50, M|100\/100\n|move|p1a: Chien-Pao|Sacred Sword|p2a: Orthworm\n|-supereffective|p2a: Orthworm\n|-damage|p2a: Orthworm|0 fnt\n|faint|p2a: Orthworm\n|move|p1b: Glimmora|Earth Power|p2b: Dragonite\n|-immune|p2b: Dragonite\n|\n|upkeep\n|inactive|Battle timer is ON: inactive players will automatically lose when time's up. (requested by DuelLuna)\n|\n|t:|1683860315\n|switch|p2a: Flutter Mane|Flutter Mane, L50|91\/100\n|turn|5\n|\n|t:|1683860330\n|move|p1a: Chien-Pao|Protect|p1a: Chien-Pao\n|-singleturn|p1a: Chien-Pao|Protect\n|move|p2a: Flutter Mane|Dazzling Gleam|p1a: Chien-Pao|[spread] p1b\n|-activate|p1a: Chien-Pao|move: Protect\n|-resisted|p1b: Glimmora\n|-damage|p1b: Glimmora|88\/100\n|-damage|p2a: Flutter Mane|82\/100|[from] item: Life Orb\n|move|p2b: Dragonite|Earthquake|p1b: Glimmora|[spread] p2a,p1b\n|-activate|p1a: Chien-Pao|move: Protect\n|-supereffective|p1b: Glimmora\n|-damage|p2a: Flutter Mane|28\/100\n|-damage|p1b: Glimmora|0 fnt\n|-activate|p1b: Glimmora|ability: Toxic Debris\n|-sidestart|p2: fizzywizzyglizzy|move: Toxic Spikes\n|faint|p1b: Glimmora\n|\n|upkeep\n|\n|t:|1683860337\n|switch|p1b: Flutter Mane|Flutter Mane, L50|100\/100\n|-enditem|p1b: Flutter Mane|Booster Energy\n|-activate|p1b: Flutter Mane|ability: Protosynthesis|[fromitem]\n|-start|p1b: Flutter Mane|protosynthesisspe\n|turn|6\n|\n|t:|1683860360\n|move|p1a: Chien-Pao|Protect||[still]\n|-fail|p1a: Chien-Pao\n|move|p2b: Dragonite|Extreme Speed|p1a: Chien-Pao\n|-damage|p1a: Chien-Pao|0 fnt\n|faint|p1a: Chien-Pao\n|move|p1b: Flutter Mane|Moonblast|p2b: Dragonite\n|-supereffective|p2b: Dragonite\n|-damage|p2b: Dragonite|49\/100\n|move|p2a: Flutter Mane|Shadow Ball|p1b: Flutter Mane\n|-supereffective|p1b: Flutter Mane\n|-damage|p1b: Flutter Mane|12\/100\n|-damage|p2a: Flutter Mane|18\/100|[from] item: Life Orb\n|\n|upkeep\n|turn|7\n|-message|DuelLuna forfeited.\n|\n|win|fizzywizzyglizzy\n|raw|DuelLuna's rating: 1449 → 1424<\/strong> (-25 for losing)\n|raw|fizzywizzyglizzy's rating: 1364 → 1389<\/strong> (+25 for winning)\n|l|\u2606DuelLuna\n","uploadtime":1683860380,"views":13,"p1id":"duelluna","p2id":"fizzywizzyglizzy","formatid":"gen9vgc2023regulationc","rating":1389,"private":0,"password":""}