{"id":"gen9vgc2023regulationc-1862784531","p1":"TGH_sr","p2":"YudiPolyStation","format":"[Gen 9] VGC 2023 Regulation C","log":"|j|\u2606TGH_sr\n|j|\u2606YudiPolyStation\n|t:|1683921605\n|gametype|doubles\n|player|p1|TGH_sr|steven|1263\n|player|p2|YudiPolyStation|1|1243\n|teamsize|p1|6\n|teamsize|p2|6\n|gen|9\n|tier|[Gen 9] VGC 2023 Regulation C\n|rated|\n|rule|Species Clause: Limit one of each Pok\u00e9mon\n|rule|Item Clause: Limit one of each item\n|clearpoke\n|poke|p1|Talonflame, L50, F|\n|poke|p1|Baxcalibur, L50, F|\n|poke|p1|Kingambit, L50, F|\n|poke|p1|Amoonguss, L50, M|\n|poke|p1|Iron Bundle, L50|\n|poke|p1|Flutter Mane, L50|\n|poke|p2|Dragapult, L50, M|\n|poke|p2|Scizor, L50, F|\n|poke|p2|Scovillain, L50, F|\n|poke|p2|Chien-Pao, L50|\n|poke|p2|Iron Bundle, L50|\n|poke|p2|Garganacl, L50, F|\n|teampreview|4\nTGH_sr has agreed to open team sheets.\n|\n|t:|1683921657\n|start\n|switch|p1a: Talonflame|Talonflame, L50, F|100\/100\n|switch|p1b: Baxcalibur|Baxcalibur, L50, F|100\/100\n|switch|p2a: Garganacl|Garganacl, L50, F|100\/100\n|switch|p2b: Iron Bundle|Iron Bundle, L50|100\/100\n|-enditem|p2b: Iron Bundle|Booster Energy\n|-activate|p2b: Iron Bundle|ability: Quark Drive|[fromitem]\n|-start|p2b: Iron Bundle|quarkdrivespe\n|turn|1\n|\n|t:|1683921691\n|move|p1a: Talonflame|Tailwind|p1a: Talonflame\n|-sidestart|p1: TGH_sr|move: Tailwind\n|move|p2b: Iron Bundle|Icy Wind|p1b: Baxcalibur|[spread] p1a\n|-miss|p2b: Iron Bundle|p1b: Baxcalibur\n|-damage|p1a: Talonflame|73\/100\n|-unboost|p1a: Talonflame|spe|1\n|move|p1b: Baxcalibur|Earthquake|p2a: Garganacl|[spread] p2a,p2b\n|-immune|p1a: Talonflame\n|-supereffective|p2a: Garganacl\n|-damage|p2a: Garganacl|61\/100\n|-damage|p2b: Iron Bundle|59\/100\n|move|p2a: Garganacl|Salt Cure|p1a: Talonflame\n|-supereffective|p1a: Talonflame\n|-damage|p1a: Talonflame|0 fnt\n|faint|p1a: Talonflame\n|\n|upkeep\n|\n|t:|1683921715\n|switch|p1a: Iron Bundle|Iron Bundle, L50|100\/100\n|-enditem|p1a: Iron Bundle|Booster Energy\n|-activate|p1a: Iron Bundle|ability: Quark Drive|[fromitem]\n|-start|p1a: Iron Bundle|quarkdrivespe\n|turn|2\n|\n|t:|1683921752\n|move|p2a: Garganacl|Wide Guard|p2a: Garganacl\n|-singleturn|p2a: Garganacl|Wide Guard\n|move|p1a: Iron Bundle|Hydro Pump|p2a: Garganacl\n|-supereffective|p2a: Garganacl\n|-damage|p2a: Garganacl|0 fnt\n|faint|p2a: Garganacl\n|move|p2b: Iron Bundle|Icy Wind|p1a: Iron Bundle|[spread] p1a,p1b\n|-resisted|p1a: Iron Bundle\n|-crit|p1b: Baxcalibur\n|-damage|p1a: Iron Bundle|92\/100\n|-damage|p1b: Baxcalibur|85\/100\n|-unboost|p1a: Iron Bundle|spe|1\n|-unboost|p1b: Baxcalibur|spe|1\n|move|p1b: Baxcalibur|Glaive Rush|p2b: Iron Bundle\n|-damage|p2b: Iron Bundle|0 fnt\n|-singlemove|p1b: Baxcalibur|Glaive Rush|[silent]\n|faint|p2b: Iron Bundle\n|-end|p2b: Iron Bundle|Quark Drive|[silent]\n|\n|upkeep\n|\n|t:|1683921776\n|switch|p2b: Scovillain|Scovillain, L50, F|100\/100\n|switch|p2a: Dragapult|Dragapult, L50, M|100\/100\n|turn|3\n|\n|t:|1683921849\n|-terastallize|p2a: Dragapult|Fire\n|move|p1b: Baxcalibur|Ice Shard|p2a: Dragapult\n|-resisted|p2a: Dragapult\n|-damage|p2a: Dragapult|84\/100\n|move|p1a: Iron Bundle|Freeze-Dry|p2b: Scovillain\n|-damage|p2b: Scovillain|46\/100\n|move|p2b: Scovillain|Spicy Extract|p1a: Iron Bundle\n|-boost|p1a: Iron Bundle|atk|2\n|-unboost|p1a: Iron Bundle|def|2\n|-enditem|p2a: Dragapult|Mirror Herb\n|-boost|p2a: Dragapult|atk|2|[from] item: Mirror Herb\n|move|p2a: Dragapult|Dragon Darts|p1b: Baxcalibur\n|-supereffective|p1b: Baxcalibur\n|-damage|p1b: Baxcalibur|0 fnt\n|-anim|p2a: Dragapult|Dragon Darts|p1a: Iron Bundle\n|-damage|p1a: Iron Bundle|0 fnt\n|faint|p1b: Baxcalibur\n|faint|p1a: Iron Bundle\n|-end|p1a: Iron Bundle|Quark Drive|[silent]\n|\n|upkeep\n|\n|t:|1683921870\n|switch|p1b: Flutter Mane|Flutter Mane, L50|100\/100\n|turn|4\n|\n|t:|1683921888\n|move|p2a: Dragapult|Protect|p2a: Dragapult\n|-singleturn|p2a: Dragapult|Protect\n|move|p1b: Flutter Mane|Shadow Ball|p2a: Dragapult\n|-activate|p2a: Dragapult|move: Protect\n|move|p2b: Scovillain|Spicy Extract|p1b: Flutter Mane\n|-boost|p1b: Flutter Mane|atk|2\n|-unboost|p1b: Flutter Mane|def|2\n|\n|-sideend|p1: TGH_sr|move: Tailwind\n|upkeep\n|turn|5\n|\n|t:|1683921901\n|move|p2a: Dragapult|Sucker Punch|p1b: Flutter Mane\n|-damage|p1b: Flutter Mane|0 fnt\n|faint|p1b: Flutter Mane\n|-end|p1b: Flutter Mane|Protosynthesis|[silent]\n|\n|win|YudiPolyStation\n|raw|TGH_sr's rating: 1263 → 1237<\/strong> (-26 for losing)\n|raw|YudiPolyStation's rating: 1243 → 1269<\/strong> (+26 for winning)\n|l|\u2606YudiPolyStation\n","uploadtime":1683921916,"views":16,"p1id":"tghsr","p2id":"yudipolystation","formatid":"gen9vgc2023regulationc","rating":1237,"private":0,"password":""}