{"id":"gen9vgc2023regulationc-1858368241","p1":"Dunkler Georg","p2":"SableyeVGC 11","format":"[Gen 9] VGC 2023 Regulation C","log":"|j|\u2606Dunkler Georg\n|j|\u2606SableyeVGC 11\n|t:|1683305911\n|gametype|doubles\n|player|p1|Dunkler Georg|lance-gen2|\n|player|p2|SableyeVGC 11|#vgcwlzoruas|\n|teamsize|p1|6\n|teamsize|p2|6\n|gen|9\n|tier|[Gen 9] VGC 2023 Regulation C\n|rule|Species Clause: Limit one of each Pok\u00e9mon\n|rule|Item Clause: Limit one of each item\n|clearpoke\n|poke|p1|Orthworm, L50, F|\n|poke|p1|Ting-Lu, L50|\n|poke|p1|Dragonite, L50, M|\n|poke|p1|Gyarados, L50, M|\n|poke|p1|Chien-Pao, L50|\n|poke|p1|Flutter Mane, L50|\n|poke|p2|Glimmora, L50, M|\n|poke|p2|Dragonite, L50, M|\n|poke|p2|Dondozo, L50, M|\n|poke|p2|Tatsugiri-Droopy, L50, F|\n|poke|p2|Chi-Yu, L50|\n|poke|p2|Iron Bundle, L50|\n|teampreview|4\n|c|\u2606SableyeVGC 11|g3\nDunkler Georg has agreed to open team sheets.\nSableyeVGC 11 has agreed to open team sheets.\n|j| tyo\n|j| superstar jamie\n|j| Pokemon19385\n|j| abhayfive\n|c|\u2606Dunkler Georg|glhf\n|j| Nadir Servant\n|j| pwny person\n|j| fabulous dondozo\n|c|\u2606SableyeVGC 11|glhf\n|j| MichaelderBeste2\n|j| calvonix\n|\n|t:|1683306776\n|start\n|switch|p1a: Ting-Lu|Ting-Lu, L50|100\/100\n|switch|p1b: Flutter Mane|Flutter Mane, L50|100\/100\n|switch|p2a: Dondozo|Dondozo, L50, M|100\/100\n|switch|p2b: Iron Bundle|Iron Bundle, L50, shiny|100\/100\n|-ability|p1a: Ting-Lu|Vessel of Ruin\n|-enditem|p2b: Iron Bundle|Booster Energy\n|-activate|p2b: Iron Bundle|ability: Quark Drive|[fromitem]\n|-start|p2b: Iron Bundle|quarkdrivespe\n|-enditem|p1b: Flutter Mane|Booster Energy\n|-activate|p1b: Flutter Mane|ability: Protosynthesis|[fromitem]\n|-start|p1b: Flutter Mane|protosynthesisspa\n|turn|1\n|\n|t:|1683306795\n|-terastallize|p1a: Ting-Lu|Water\n|move|p2b: Iron Bundle|Protect|p2b: Iron Bundle\n|-singleturn|p2b: Iron Bundle|Protect\n|move|p1b: Flutter Mane|Dazzling Gleam|p2b: Iron Bundle|[spread] p2a\n|-activate|p2b: Iron Bundle|move: Protect\n|-damage|p2a: Dondozo|75\/100\n|move|p2a: Dondozo|Wave Crash|p1a: Ting-Lu\n|-resisted|p1a: Ting-Lu\n|-crit|p1a: Ting-Lu\n|-damage|p1a: Ting-Lu|79\/100\n|-damage|p2a: Dondozo|67\/100|[from] Recoil\n|move|p1a: Ting-Lu|Ruination|p2a: Dondozo\n|-damage|p2a: Dondozo|34\/100\n|\n|-heal|p2a: Dondozo|40\/100|[from] item: Leftovers\n|upkeep\n|turn|2\n|\n|t:|1683306839\n|move|p1b: Flutter Mane|Protect|p1b: Flutter Mane\n|-singleturn|p1b: Flutter Mane|Protect\n|move|p2b: Iron Bundle|Icy Wind|p1b: Flutter Mane|[spread] p1a\n|-activate|p1b: Flutter Mane|move: Protect\n|-resisted|p1a: Ting-Lu\n|-damage|p1a: Ting-Lu|75\/100\n|-unboost|p1a: Ting-Lu|spe|1\n|move|p2a: Dondozo|Wave Crash|p1b: Flutter Mane\n|-activate|p1b: Flutter Mane|move: Protect\n|move|p1a: Ting-Lu|Earthquake|p2a: Dondozo|[spread] p2a,p2b\n|-activate|p1b: Flutter Mane|move: Protect\n|-damage|p2a: Dondozo|16\/100\n|-damage|p2b: Iron Bundle|60\/100\n|\n|-heal|p2a: Dondozo|23\/100|[from] item: Leftovers\n|upkeep\n|turn|3\n|\n|t:|1683306881\n|move|p2b: Iron Bundle|Protect|p2b: Iron Bundle\n|-singleturn|p2b: Iron Bundle|Protect\n|move|p1b: Flutter Mane|Dazzling Gleam|p2b: Iron Bundle|[spread] p2a\n|-activate|p2b: Iron Bundle|move: Protect\n|-damage|p2a: Dondozo|0 fnt\n|faint|p2a: Dondozo\n|move|p1a: Ting-Lu|Stomping Tantrum|p2b: Iron Bundle\n|-activate|p2b: Iron Bundle|move: Protect\n|\n|upkeep\n|\n|t:|1683306903\n|switch|p2a: Dragonite|Dragonite, L50, M, shiny|100\/100\n|turn|4\n|j| Borghi\n|j| Robbie35646\n|\n|t:|1683306947\n|-terastallize|p2a: Dragonite|Normal\n|move|p2a: Dragonite|Extreme Speed|p1a: Ting-Lu\n|-damage|p1a: Ting-Lu|28\/100\n|move|p2b: Iron Bundle|Freeze-Dry|p1a: Ting-Lu\n|-supereffective|p1a: Ting-Lu\n|-damage|p1a: Ting-Lu|4\/100\n|-status|p1a: Ting-Lu|frz\n|move|p1b: Flutter Mane|Dazzling Gleam|p2b: Iron Bundle|[spread] p2a,p2b\n|-damage|p2a: Dragonite|84\/100\n|-damage|p2b: Iron Bundle|2\/100\n|cant|p1a: Ting-Lu|frz\n|\n|upkeep\n|turn|5\n|l| Robbie35646\n|\n|t:|1683306992\n|switch|p2a: Chi-Yu|Chi-Yu, L50|100\/100\n|-ability|p2a: Chi-Yu|Beads of Ruin\n|move|p2b: Iron Bundle|Protect|p2b: Iron Bundle\n|-singleturn|p2b: Iron Bundle|Protect\n|move|p1b: Flutter Mane|Protect|p1b: Flutter Mane\n|-singleturn|p1b: Flutter Mane|Protect\n|cant|p1a: Ting-Lu|frz\n|\n|upkeep\n|turn|6\n|\n|t:|1683307005\n|move|p2b: Iron Bundle|Icy Wind|p1b: Flutter Mane|[spread] p1b\n|-miss|p2b: Iron Bundle|p1a: Ting-Lu\n|-damage|p1b: Flutter Mane|81\/100\n|-unboost|p1b: Flutter Mane|spe|1\n|move|p2a: Chi-Yu|Overheat|p1b: Flutter Mane\n|-damage|p1b: Flutter Mane|17\/100\n|-unboost|p2a: Chi-Yu|spa|2\n|move|p1b: Flutter Mane|Dazzling Gleam|p2b: Iron Bundle|[spread] p2a,p2b\n|-damage|p2a: Chi-Yu|66\/100\n|-damage|p2b: Iron Bundle|0 fnt\n|faint|p2b: Iron Bundle\n|-end|p2b: Iron Bundle|Quark Drive|[silent]\n|cant|p1a: Ting-Lu|frz\n|\n|upkeep\n|\n|t:|1683307019\n|switch|p2b: Dragonite|Dragonite, L50, M, shiny, tera:Normal|84\/100\n|turn|7\n|\n|t:|1683307079\n|move|p2a: Chi-Yu|Heat Wave|p1b: Flutter Mane|[spread] p1a,p1b\n|-resisted|p1a: Ting-Lu\n|-damage|p1a: Ting-Lu|0 fnt\n|-damage|p1b: Flutter Mane|0 fnt\n|faint|p1a: Ting-Lu\n|faint|p1b: Flutter Mane\n|-end|p1b: Flutter Mane|Protosynthesis|[silent]\n|move|p2b: Dragonite|Ice Spinner|p1: Ting-Lu|[notarget]\n|-fail|p2b: Dragonite\n|\n|upkeep\n|l| Borghi\n|\n|t:|1683307086\n|switch|p1b: Dragonite|Dragonite, L50, M|100\/100\n|switch|p1a: Chien-Pao|Chien-Pao, L50|100\/100\n|-ability|p1a: Chien-Pao|Sword of Ruin\n|turn|8\n|\n|t:|1683307107\n|move|p2a: Chi-Yu|Protect|p2a: Chi-Yu\n|-singleturn|p2a: Chi-Yu|Protect\n|move|p1b: Dragonite|Extreme Speed|p2b: Dragonite\n|-damage|p2b: Dragonite|44\/100\n|move|p1a: Chien-Pao|Ice Spinner|p2b: Dragonite\n|-damage|p2b: Dragonite|0 fnt\n|faint|p2b: Dragonite\n|\n|upkeep\n|turn|9\n|l| abhayfive\n|\n|t:|1683307118\n|move|p1b: Dragonite|Extreme Speed|p2a: Chi-Yu\n|-damage|p2a: Chi-Yu|6\/100\n|move|p1a: Chien-Pao|Ice Spinner|p2a: Chi-Yu\n|-resisted|p2a: Chi-Yu\n|-damage|p2a: Chi-Yu|0 fnt\n|faint|p2a: Chi-Yu\n|\n|win|Dunkler Georg\n|l| calvonix\n|c|\u2606Dunkler Georg|ggs\n|c|\u2606SableyeVGC 11|ggs\n|l| MichaelderBeste2\n|l| tyo\n|l| superstar jamie\n|l| Nadir Servant\n|l| Pokemon19385\n|l| fabulous dondozo\n|l|\u2606SableyeVGC 11\n|j|\u2606SableyeVGC 11\n|player|p2|SableyeVGC 11|#vgcwlzoruas\n","uploadtime":1683307156,"views":26,"p1id":"dunklergeorg","p2id":"sableyevgc11","formatid":"gen9vgc2023regulationc","rating":0,"private":0,"password":""}