{"id":"gen9vgc2023regulationc-1849193846","p1":"TharoksVGC","p2":"RandomDuVGCFR","format":"[Gen 9] VGC 2023 Regulation C","log":"|j|\u2606TharoksVGC\n|j|\u2606RandomDuVGCFR\n|t:|1682171051\n|gametype|doubles\n|player|p1|TharoksVGC|hoopster|1246\n|player|p2|RandomDuVGCFR|101|1342\n|teamsize|p1|6\n|teamsize|p2|6\n|gen|9\n|tier|[Gen 9] VGC 2023 Regulation C\n|rated|\n|rule|Species Clause: Limit one of each Pok\u00e9mon\n|rule|Item Clause: Limit one of each item\n|clearpoke\n|poke|p1|Forretress, L50, M|\n|poke|p1|Chien-Pao, L50|\n|poke|p1|Gastrodon-East, L50, F|\n|poke|p1|Ting-Lu, L50|\n|poke|p1|Talonflame, L50, F|\n|poke|p1|Arcanine, L50, F|\n|poke|p2|Maushold, L50|\n|poke|p2|Gholdengo, L50|\n|poke|p2|Dragonite, L50, M|\n|poke|p2|Kingambit, L50, M|\n|poke|p2|Chien-Pao, L50|\n|poke|p2|Garchomp, L50, F|\n|teampreview|4\n|\n|t:|1682171085\n|start\n|switch|p1a: Talonflame|Talonflame, L50, F|100\/100\n|switch|p1b: Gastrodon|Gastrodon-East, L50, F|100\/100\n|switch|p2a: Chien-Pao|Chien-Pao, L50|100\/100\n|switch|p2b: Gholdengo|Gholdengo, L50|100\/100\n|-ability|p2a: Chien-Pao|Sword of Ruin\n|turn|1\n|\n|t:|1682171111\n|move|p2a: Chien-Pao|Icy Wind|p1b: Gastrodon|[spread] p1a,p1b\n|-damage|p1a: Talonflame|86\/100\n|-damage|p1b: Gastrodon|89\/100\n|-unboost|p1b: Gastrodon|spe|1\n|move|p1a: Talonflame|Will-O-Wisp|p2a: Chien-Pao\n|-status|p2a: Chien-Pao|brn\n|move|p2b: Gholdengo|Nasty Plot|p2b: Gholdengo\n|-boost|p2b: Gholdengo|spa|2\n|move|p1b: Gastrodon|Earth Power|p2b: Gholdengo\n|-supereffective|p2b: Gholdengo\n|-damage|p2b: Gholdengo|7\/100\n|\n|-heal|p2b: Gholdengo|13\/100|[from] item: Leftovers\n|-damage|p2a: Chien-Pao|95\/100 brn|[from] brn\n|upkeep\n|turn|2\n|\n|t:|1682171136\n|switch|p2a: Maushold|Maushold, L50|100\/100\n|move|p2b: Gholdengo|Protect|p2b: Gholdengo\n|-singleturn|p2b: Gholdengo|Protect\n|move|p1a: Talonflame|Tailwind|p1a: Talonflame\n|-sidestart|p1: TharoksVGC|move: Tailwind\n|move|p1b: Gastrodon|Earth Power|p2b: Gholdengo\n|-activate|p2b: Gholdengo|move: Protect\n|\n|-heal|p2b: Gholdengo|19\/100|[from] item: Leftovers\n|upkeep\n|turn|3\n|\n|t:|1682171151\n|move|p2a: Maushold|Follow Me|p2a: Maushold\n|-singleturn|p2a: Maushold|move: Follow Me\n|move|p1a: Talonflame|Taunt|p2a: Maushold\n|-start|p2a: Maushold|move: Taunt\n|move|p2b: Gholdengo|Shadow Ball|p1a: Talonflame\n|-damage|p1a: Talonflame|0 fnt\n|faint|p1a: Talonflame\n|move|p1b: Gastrodon|Muddy Water|p2b: Gholdengo|[spread] p2a,p2b\n|-damage|p2a: Maushold|71\/100\n|-damage|p2b: Gholdengo|0 fnt\n|faint|p2b: Gholdengo\n|\n|upkeep\n|\n|t:|1682171169\n|switch|p1a: Chien-Pao|Chien-Pao, L50|100\/100\n|switch|p2b: Garchomp|Garchomp, L50, F, shiny|100\/100\n|-ability|p1a: Chien-Pao|Sword of Ruin\n|turn|4\n|\n|t:|1682171181\n|move|p2b: Garchomp|Protect|p2b: Garchomp\n|-singleturn|p2b: Garchomp|Protect\n|move|p1a: Chien-Pao|Ice Spinner|p2b: Garchomp\n|-activate|p2b: Garchomp|move: Protect\n|move|p2a: Maushold|Super Fang|p1a: Chien-Pao\n|-damage|p1a: Chien-Pao|51\/100\n|move|p1b: Gastrodon|Muddy Water|p2a: Maushold|[spread] p2a\n|-activate|p2b: Garchomp|move: Protect\n|-damage|p2a: Maushold|40\/100\n|\n|upkeep\n|turn|5\n|\n|t:|1682171194\n|switch|p2a: Chien-Pao|Chien-Pao, L50|95\/100 brn\n|-ability|p2a: Chien-Pao|Sword of Ruin\n|-terastallize|p2b: Garchomp|Fire\n|move|p1a: Chien-Pao|Ice Spinner|p2b: Garchomp\n|-resisted|p2b: Garchomp\n|-damage|p2b: Garchomp|73\/100\n|-damage|p1a: Chien-Pao|39\/100|[from] ability: Rough Skin|[of] p2b: Garchomp\n|move|p2b: Garchomp|Earthquake|p1b: Gastrodon|[spread] p2a,p1a,p1b\n|-damage|p2a: Chien-Pao|19\/100 brn\n|-damage|p1a: Chien-Pao|0 fnt\n|-damage|p1b: Gastrodon|17\/100\n|faint|p1a: Chien-Pao\n|-damage|p2b: Garchomp|63\/100|[from] item: Life Orb\n|move|p1b: Gastrodon|Muddy Water|p2a: Chien-Pao|[spread] p2a,p2b\n|-supereffective|p2b: Garchomp\n|-damage|p2a: Chien-Pao|0 fnt\n|-damage|p2b: Garchomp|0 fnt\n|faint|p2a: Chien-Pao\n|faint|p2b: Garchomp\n|\n|-sideend|p1: TharoksVGC|move: Tailwind\n|upkeep\n|-message|RandomDuVGCFR forfeited.\n|\n|win|TharoksVGC\n|raw|TharoksVGC's rating: 1246 → 1278<\/strong> (+32 for winning)\n|raw|RandomDuVGCFR's rating: 1342 → 1317<\/strong> (-25 for losing)\n|l|\u2606RandomDuVGCFR\n|l|\u2606TharoksVGC\n|j|\u2606TharoksVGC\n|player|p1|TharoksVGC|hoopster\n","uploadtime":1682171514,"views":10,"p1id":"tharoksvgc","p2id":"randomduvgcfr","formatid":"gen9vgc2023regulationc","rating":1278,"private":0,"password":""}