{"id":"gen9vgc2023regulationc-1859090722","p1":"ApronVGC","p2":"Father Dijon","format":"[Gen 9] VGC 2023 Regulation C","log":"|j|\u2606ApronVGC\n|j|\u2606Father Dijon\n|t:|1683403284\n|gametype|doubles\n|player|p1|ApronVGC|lucas|\n|player|p2|Father Dijon|265|\n|teamsize|p1|6\n|teamsize|p2|6\n|gen|9\n|tier|[Gen 9] VGC 2023 Regulation C\n|rule|Species Clause: Limit one of each Pok\u00e9mon\n|rule|Item Clause: Limit one of each item\n|clearpoke\n|poke|p1|Flutter Mane, L50|\n|poke|p1|Amoonguss, L50, M|\n|poke|p1|Arcanine, L50, M|\n|poke|p1|Palafin, L50, M|\n|poke|p1|Ting-Lu, L50|\n|poke|p1|Baxcalibur, L50, M|\n|poke|p2|Ting-Lu, L50|\n|poke|p2|Dragonite, L50, F|\n|poke|p2|Dondozo, L50, F|\n|poke|p2|Chien-Pao, L50|\n|poke|p2|Tatsugiri, L50, M|\n|poke|p2|Glimmora, L50, F|\n|teampreview|4\n|c|\u2606Father Dijon|g2\nFather Dijon has agreed to open team sheets.\nApronVGC has agreed to open team sheets.\n|c|\u2606Father Dijon|\/log Father Dijon made this room public.\n|j| Lemon Irvine\n|j| baaaaat_\n|j| Svenvgc\n|j| pokeway96\n|c|\u2606ApronVGC|glhf\n|j| mega knight player\n|j| PqlarBear\n|c|\u2606Father Dijon|glhf\n|\n|t:|1683403816\n|start\n|switch|p1a: Palafin|Palafin, L50, M|100\/100\n|switch|p1b: Amoonguss|Amoonguss, L50, M|100\/100\n|switch|p2a: Ting-Lu|Ting-Lu, L50|100\/100\n|switch|p2b: Dondozo|Dondozo, L50, F|100\/100\n|-ability|p2a: Ting-Lu|Vessel of Ruin\n|turn|1\n|\n|t:|1683403830\n|switch|p1b: Arcanine|Arcanine, L50, M|100\/100\n|-ability|p1b: Arcanine|Intimidate|boost\n|-unboost|p2a: Ting-Lu|atk|1\n|-unboost|p2b: Dondozo|atk|1\n|-terastallize|p2a: Ting-Lu|Fairy\n|move|p2b: Dondozo|Protect|p2b: Dondozo\n|-singleturn|p2b: Dondozo|Protect\n|move|p1a: Palafin|Taunt|p2b: Dondozo\n|-activate|p2b: Dondozo|move: Protect\n|move|p2a: Ting-Lu|Stealth Rock|p1b: Arcanine\n|-sidestart|p1: ApronVGC|move: Stealth Rock\n|\n|upkeep\n|turn|2\n|l| PqlarBear\n|j| Yoshiandlugia\n|\n|t:|1683403871\n|move|p1b: Arcanine|Will-O-Wisp|p2a: Ting-Lu\n|-status|p2a: Ting-Lu|brn\n|move|p1a: Palafin|Taunt|p2b: Dondozo\n|-start|p2b: Dondozo|move: Taunt\n|cant|p2b: Dondozo|move: Taunt|Yawn\n|move|p2a: Ting-Lu|Ruination|p1a: Palafin\n|-damage|p1a: Palafin|50\/100\n|\n|-damage|p2a: Ting-Lu|94\/100 brn|[from] brn\n|upkeep\n|turn|3\n|\n|t:|1683403880\n|detailschange|p1a: Palafin|Palafin-Hero, L50, M\n|switch|p1a: Amoonguss|Amoonguss, L50, M|100\/100\n|-damage|p1a: Amoonguss|88\/100|[from] Stealth Rock\n|move|p1b: Arcanine|Will-O-Wisp|p2b: Dondozo\n|-status|p2b: Dondozo|brn\n|move|p2b: Dondozo|Wave Crash|p1b: Arcanine\n|-supereffective|p1b: Arcanine\n|-damage|p1b: Arcanine|70\/100\n|-damage|p2b: Dondozo|92\/100 brn|[from] Recoil\n|move|p2a: Ting-Lu|Ruination|p1b: Arcanine\n|-damage|p1b: Arcanine|36\/100\n|\n|-heal|p2b: Dondozo|98\/100 brn|[from] item: Leftovers\n|-damage|p2b: Dondozo|92\/100 brn|[from] brn\n|-damage|p2a: Ting-Lu|88\/100 brn|[from] brn\n|upkeep\n|turn|4\n|\n|t:|1683403907\n|switch|p1b: Palafin|Palafin-Hero, L50, M|50\/100\n|-damage|p1b: Palafin|38\/100|[from] Stealth Rock\n|-activate|p1b: Palafin|ability: Zero to Hero\n|move|p2b: Dondozo|Earthquake|p1a: Amoonguss|[spread] p2a,p1a,p1b\n|-damage|p2a: Ting-Lu|85\/100 brn\n|-damage|p1a: Amoonguss|84\/100\n|-damage|p1b: Palafin|33\/100\n|move|p2a: Ting-Lu|Ruination|p1a: Amoonguss\n|-damage|p1a: Amoonguss|42\/100\n|-enditem|p1a: Amoonguss|Sitrus Berry|[eat]\n|-heal|p1a: Amoonguss|67\/100|[from] item: Sitrus Berry\n|move|p1a: Amoonguss|Pollen Puff|p1b: Palafin\n|-heal|p1b: Palafin|83\/100\n|\n|-heal|p2b: Dondozo|98\/100 brn|[from] item: Leftovers\n|-damage|p2b: Dondozo|92\/100 brn|[from] brn\n|-damage|p2a: Ting-Lu|79\/100 brn|[from] brn\n|-end|p2b: Dondozo|move: Taunt\n|upkeep\n|turn|5\n|\n|t:|1683403940\n|-terastallize|p1b: Palafin|Water\n|move|p2b: Dondozo|Protect|p2b: Dondozo\n|-singleturn|p2b: Dondozo|Protect\n|move|p1b: Palafin|Wave Crash|p2a: Ting-Lu\n|-damage|p2a: Ting-Lu|7\/100 brn\n|-damage|p1b: Palafin|53\/100|[from] Recoil\n|move|p2a: Ting-Lu|Taunt|p1b: Palafin\n|-start|p1b: Palafin|move: Taunt\n|move|p1a: Amoonguss|Pollen Puff|p1b: Palafin\n|-heal|p1b: Palafin|100\/100\n|\n|-heal|p2b: Dondozo|98\/100 brn|[from] item: Leftovers\n|-damage|p2b: Dondozo|92\/100 brn|[from] brn\n|-damage|p2a: Ting-Lu|1\/100 brn|[from] brn\n|upkeep\n|turn|6\n|\n|t:|1683403956\n|move|p1a: Amoonguss|Rage Powder|p1a: Amoonguss\n|-singleturn|p1a: Amoonguss|move: Rage Powder\n|move|p1b: Palafin|Jet Punch|p2a: Ting-Lu\n|-damage|p2a: Ting-Lu|0 fnt\n|faint|p2a: Ting-Lu\n|move|p2b: Dondozo|Yawn|p1a: Amoonguss\n|-start|p1a: Amoonguss|move: Yawn|[of] p2b: Dondozo\n|\n|-heal|p2b: Dondozo|98\/100 brn|[from] item: Leftovers\n|-damage|p2b: Dondozo|92\/100 brn|[from] brn\n|upkeep\n|\n|t:|1683403965\n|switch|p2a: Dragonite|Dragonite, L50, F|100\/100\n|turn|7\n|\n|t:|1683403974\n|switch|p1a: Arcanine|Arcanine, L50, M|36\/100\n|-damage|p1a: Arcanine|11\/100|[from] Stealth Rock\n|-ability|p1a: Arcanine|Intimidate|boost\n|-unboost|p2a: Dragonite|atk|1\n|-unboost|p2b: Dondozo|atk|1\n|move|p1b: Palafin|Wave Crash|p2a: Dragonite\n|-resisted|p2a: Dragonite\n|-damage|p2a: Dragonite|70\/100\n|-damage|p1b: Palafin|91\/100|[from] Recoil\n|move|p2a: Dragonite|Outrage|p1a: Arcanine\n|-damage|p1a: Arcanine|0 fnt\n|faint|p1a: Arcanine\n|move|p2b: Dondozo|Yawn|p1b: Palafin\n|-start|p1b: Palafin|move: Yawn|[of] p2b: Dondozo\n|\n|-heal|p2b: Dondozo|98\/100 brn|[from] item: Leftovers\n|-damage|p2b: Dondozo|92\/100 brn|[from] brn\n|upkeep\n|\n|t:|1683403980\n|switch|p1a: Flutter Mane|Flutter Mane, L50|100\/100\n|-damage|p1a: Flutter Mane|88\/100|[from] Stealth Rock\n|turn|8\n|j| JMOdri\n|j| JayVGC YT\n|j| Finabas\n|j| PqlarBear\n|\n|t:|1683404061\n|switch|p1b: Amoonguss|Amoonguss, L50, M|100\/100\n|-damage|p1b: Amoonguss|88\/100|[from] Stealth Rock\n|move|p1a: Flutter Mane|Moonblast|p2a: Dragonite\n|-supereffective|p2a: Dragonite\n|-damage|p2a: Dragonite|0 fnt\n|faint|p2a: Dragonite\n|move|p2b: Dondozo|Yawn|p1a: Flutter Mane\n|-start|p1a: Flutter Mane|move: Yawn|[of] p2b: Dondozo\n|\n|-heal|p2b: Dondozo|98\/100 brn|[from] item: Leftovers\n|-damage|p2b: Dondozo|92\/100 brn|[from] brn\n|upkeep\n|\n|t:|1683404069\n|switch|p2a: Chien-Pao|Chien-Pao, L50|100\/100\n|-ability|p2a: Chien-Pao|Sword of Ruin\n|turn|9\n|j|+zee\n|\n|t:|1683404099\n|-end|p1a: Flutter Mane|Protosynthesis|[silent]\n|switch|p1a: Palafin|Palafin-Hero, L50, M, tera:Water|91\/100\n|-damage|p1a: Palafin|79\/100|[from] Stealth Rock\n|move|p2a: Chien-Pao|Ice Spinner|p1b: Amoonguss\n|-supereffective|p1b: Amoonguss\n|-damage|p1b: Amoonguss|0 fnt\n|faint|p1b: Amoonguss\n|move|p2b: Dondozo|Yawn|p1a: Palafin\n|-start|p1a: Palafin|move: Yawn|[of] p2b: Dondozo\n|\n|-heal|p2b: Dondozo|98\/100 brn|[from] item: Leftovers\n|-damage|p2b: Dondozo|92\/100 brn|[from] brn\n|upkeep\n|\n|t:|1683404105\n|switch|p1b: Flutter Mane|Flutter Mane, L50|88\/100\n|-damage|p1b: Flutter Mane|76\/100|[from] Stealth Rock\n|turn|10\n|\n|t:|1683404110\n|move|p2a: Chien-Pao|Protect|p2a: Chien-Pao\n|-singleturn|p2a: Chien-Pao|Protect\n|move|p2b: Dondozo|Protect|p2b: Dondozo\n|-singleturn|p2b: Dondozo|Protect\n|move|p1b: Flutter Mane|Moonblast|p2b: Dondozo\n|-activate|p2b: Dondozo|move: Protect\n|move|p1a: Palafin|Wave Crash|p2b: Dondozo\n|-activate|p2b: Dondozo|move: Protect\n|\n|-heal|p2b: Dondozo|98\/100 brn|[from] item: Leftovers\n|-damage|p2b: Dondozo|92\/100 brn|[from] brn\n|-end|p1a: Palafin|move: Yawn|[silent]\n|-status|p1a: Palafin|slp\n|upkeep\n|turn|11\n|\n|t:|1683404123\n|move|p2a: Chien-Pao|Sucker Punch|p1b: Flutter Mane\n|-damage|p1b: Flutter Mane|23\/100\n|cant|p1a: Palafin|slp\n|move|p1b: Flutter Mane|Moonblast|p2a: Chien-Pao\n|-supereffective|p2a: Chien-Pao\n|-enditem|p2a: Chien-Pao|Focus Sash\n|-damage|p2a: Chien-Pao|1\/100\n|-unboost|p2a: Chien-Pao|spa|1\n|move|p2b: Dondozo|Wave Crash|p1a: Palafin\n|-resisted|p1a: Palafin\n|-damage|p1a: Palafin|72\/100 slp\n|-damage|p2b: Dondozo|90\/100 brn|[from] Recoil\n|\n|-heal|p2b: Dondozo|96\/100 brn|[from] item: Leftovers\n|-damage|p2b: Dondozo|90\/100 brn|[from] brn\n|upkeep\n|turn|12\n|\n|t:|1683404139\n|move|p2a: Chien-Pao|Sucker Punch|p1b: Flutter Mane\n|-damage|p1b: Flutter Mane|0 fnt\n|faint|p1b: Flutter Mane\n|-end|p1b: Flutter Mane|Protosynthesis|[silent]\n|cant|p1a: Palafin|slp\n|move|p2b: Dondozo|Yawn||[still]\n|-fail|p2b: Dondozo\n|\n|-heal|p2b: Dondozo|96\/100 brn|[from] item: Leftovers\n|-damage|p2b: Dondozo|90\/100 brn|[from] brn\n|upkeep\n|turn|13\n|l| Svenvgc\n|j| Svenvgc\n|\n|t:|1683404160\n|move|p2a: Chien-Pao|Sucker Punch|p1a: Palafin\n|-damage|p1a: Palafin|30\/100 slp\n|cant|p1a: Palafin|slp\n|move|p2b: Dondozo|Yawn||[still]\n|-fail|p2b: Dondozo\n|\n|-heal|p2b: Dondozo|96\/100 brn|[from] item: Leftovers\n|-damage|p2b: Dondozo|90\/100 brn|[from] brn\n|upkeep\n|turn|14\n|\n|t:|1683404165\n|move|p2a: Chien-Pao|Sucker Punch|p1a: Palafin\n|-damage|p1a: Palafin|0 fnt\n|faint|p1a: Palafin\n|\n|win|Father Dijon\n|c|\u2606Father Dijon|gg\n|l| JayVGC YT\n|c|\u2606ApronVGC|gg\n|l| pokeway96\n|l| PqlarBear\n|l| Svenvgc\n|l| Yoshiandlugia\n|l| Finabas\n|j| cybertr0nvgc7\n|j| tyo\n|l| tyo\n|l| cybertr0nvgc7\n|l| Lemon Irvine\n|l| baaaaat_\n|l| JMOdri\n","uploadtime":1683404173,"views":16,"p1id":"apronvgc","p2id":"fatherdijon","formatid":"gen9vgc2023regulationc","rating":0,"private":0,"password":""}