{"id":"gen9vgc2023regulationc-1847112428","p1":"dreamswgh","p2":"gymleaderjolts","format":"[Gen 9] VGC 2023 Regulation C","log":"|j|\u2606dreamswgh\n|j|\u2606gymleaderjolts\n|t:|1681920071\n|gametype|doubles\n|player|p1|dreamswgh|nate|1352\n|player|p2|gymleaderjolts|grimsley|1262\n|teamsize|p1|6\n|teamsize|p2|6\n|gen|9\n|tier|[Gen 9] VGC 2023 Regulation C\n|rated|\n|rule|Species Clause: Limit one of each Pok\u00e9mon\n|rule|Item Clause: Limit one of each item\n|clearpoke\n|poke|p1|Torkoal, L50, F|\n|poke|p1|Flutter Mane, L50|\n|poke|p1|Indeedee-F, L50, F|\n|poke|p1|Hatterene, L50, F|\n|poke|p1|Corviknight, L50, M|\n|poke|p1|Mudsdale, L50, M|\n|poke|p2|Pelipper, L50, M|\n|poke|p2|Palafin, L50, F|\n|poke|p2|Chien-Pao, L50|\n|poke|p2|Amoonguss, L50, M|\n|poke|p2|Gholdengo, L50|\n|poke|p2|Drednaw, L50, M|\n|teampreview|4\n|inactive|Battle timer is ON: inactive players will automatically lose when time's up. (requested by gymleaderjolts)\n|\n|t:|1681920116\n|start\n|switch|p1a: Arizona|Torkoal, L50, F|100\/100\n|switch|p1b: Utah|Flutter Mane, L50|100\/100\n|switch|p2a: Gholdengo|Gholdengo, L50|100\/100\n|switch|p2b: Gay Bowser|Drednaw, L50, M, shiny|100\/100\n|-weather|SunnyDay|[from] ability: Drought|[of] p1a: Arizona\n|-activate|p1b: Utah|ability: Protosynthesis\n|-start|p1b: Utah|protosynthesisspa\n|turn|1\n|inactive|dreamswgh has 30 seconds left.\n|\n|t:|1681920150\n|-terastallize|p2b: Gay Bowser|Grass\n|move|p1b: Utah|Substitute|p1b: Utah\n|-start|p1b: Utah|Substitute\n|-damage|p1b: Utah|76\/100\n|move|p2a: Gholdengo|Make It Rain|p1a: Arizona|[spread] p1a,p1b\n|-supereffective|p1b: Utah\n|-end|p1b: Utah|Substitute\n|-resisted|p1a: Arizona\n|-damage|p1a: Arizona|52\/100\n|-unboost|p2a: Gholdengo|spa|1\n|move|p2b: Gay Bowser|Rock Slide|p1a: Arizona|[spread] p1a,p1b\n|-supereffective|p1a: Arizona\n|-damage|p1a: Arizona|3\/100\n|-damage|p1b: Utah|24\/100\n|-enditem|p1b: Utah|Sitrus Berry|[eat]\n|-heal|p1b: Utah|48\/100|[from] item: Sitrus Berry\n|move|p1a: Arizona|Eruption|p2b: Gay Bowser|[spread] p2a,p2b\n|-supereffective|p2a: Gholdengo\n|-supereffective|p2b: Gay Bowser\n|-crit|p2b: Gay Bowser\n|-damage|p2a: Gholdengo|94\/100\n|-damage|p2b: Gay Bowser|88\/100\n|\n|-weather|SunnyDay|[upkeep]\n|upkeep\n|turn|2\n|inactive|dreamswgh has 30 seconds left.\n|inactive|dreamswgh has 20 seconds left.\n|\n|t:|1681920185\n|move|p1a: Arizona|Protect|p1a: Arizona\n|-singleturn|p1a: Arizona|Protect\n|move|p1b: Utah|Shadow Ball|p2a: Gholdengo\n|-supereffective|p2a: Gholdengo\n|-damage|p2a: Gholdengo|0 fnt\n|faint|p2a: Gholdengo\n|move|p2b: Gay Bowser|Rock Slide|p1b: Utah|[spread] p1b\n|-activate|p1a: Arizona|move: Protect\n|-damage|p1b: Utah|0 fnt\n|faint|p1b: Utah\n|-end|p1b: Utah|Protosynthesis|[silent]\n|\n|-weather|SunnyDay|[upkeep]\n|upkeep\n|\n|t:|1681920205\n|switch|p1b: Nevada|Indeedee-F, L50, F|100\/100\n|switch|p2a: Pelipper|Pelipper, L50, M|100\/100\n|-weather|RainDance|[from] ability: Drizzle|[of] p2a: Pelipper\n|-fieldstart|move: Psychic Terrain|[from] ability: Psychic Surge|[of] p1b: Nevada\n|-enditem|p1b: Nevada|Psychic Seed\n|-boost|p1b: Nevada|spd|1|[from] item: Psychic Seed\n|turn|3\n|\n|t:|1681920221\n|switch|p1a: New Mexico|Hatterene, L50, F|100\/100\n|move|p2b: Gay Bowser|Liquidation|p1b: Nevada\n|-damage|p1b: Nevada|36\/100\n|-unboost|p1b: Nevada|def|1\n|move|p2a: Pelipper|Hurricane|p1b: Nevada\n|-damage|p1b: Nevada|11\/100\n|move|p1b: Nevada|Trick Room|p1b: Nevada\n|-fieldstart|move: Trick Room|[of] p1b: Nevada\n|\n|-weather|RainDance|[upkeep]\n|upkeep\n|turn|4\n|\n|t:|1681920244\n|move|p1b: Nevada|Helping Hand|p1a: New Mexico\n|-singleturn|p1a: New Mexico|Helping Hand|[of] p1b: Nevada\n|move|p2a: Pelipper|Wide Guard|p2a: Pelipper\n|-singleturn|p2a: Pelipper|Wide Guard\n|move|p1a: New Mexico|Dazzling Gleam|p2b: Gay Bowser|[spread] \n|-activate|p2a: Pelipper|move: Wide Guard\n|-activate|p2b: Gay Bowser|move: Wide Guard\n|move|p2b: Gay Bowser|Rock Slide|p1b: Nevada|[spread] p1a,p1b\n|-damage|p1a: New Mexico|72\/100\n|-damage|p1b: Nevada|0 fnt\n|faint|p1b: Nevada\n|\n|-weather|RainDance|[upkeep]\n|upkeep\n|\n|t:|1681920250\n|switch|p1b: Arizona|Torkoal, L50, F|3\/100\n|-weather|SunnyDay|[from] ability: Drought|[of] p1b: Arizona\n|turn|5\n|\n|t:|1681920266\n|-terastallize|p1b: Arizona|Fire\n|move|p2a: Pelipper|Wide Guard|p2a: Pelipper\n|-singleturn|p2a: Pelipper|Wide Guard\n|move|p1b: Arizona|Flamethrower|p2a: Pelipper\n|-resisted|p2a: Pelipper\n|-damage|p2a: Pelipper|30\/100\n|move|p1a: New Mexico|Mystical Fire|p2b: Gay Bowser\n|-supereffective|p2b: Gay Bowser\n|-damage|p2b: Gay Bowser|0 fnt\n|faint|p2b: Gay Bowser\n|-damage|p1a: New Mexico|62\/100|[from] item: Life Orb\n|\n|-weather|SunnyDay|[upkeep]\n|upkeep\n|\n|t:|1681920278\n|switch|p2b: Amoonguss|Amoonguss, L50, M|100\/100\n|turn|6\n|inactive|dreamswgh has 30 seconds left.\n|inactive|dreamswgh has 20 seconds left.\n|\n|t:|1681920313\n|move|p2b: Amoonguss|Protect|p2b: Amoonguss\n|-singleturn|p2b: Amoonguss|Protect\n|move|p1b: Arizona|Flamethrower|p2b: Amoonguss\n|-activate|p2b: Amoonguss|move: Protect\n|move|p1a: New Mexico|Psychic|p2a: Pelipper\n|-crit|p2a: Pelipper\n|-damage|p2a: Pelipper|0 fnt\n|faint|p2a: Pelipper\n|-damage|p1a: New Mexico|53\/100|[from] item: Life Orb\n|\n|-weather|SunnyDay|[upkeep]\n|upkeep\n|turn|7\n|\n|t:|1681920324\n|move|p2b: Amoonguss|Protect||[still]\n|-fail|p2b: Amoonguss\n|move|p1b: Arizona|Flamethrower|p2b: Amoonguss\n|-supereffective|p2b: Amoonguss\n|-damage|p2b: Amoonguss|0 fnt\n|faint|p2b: Amoonguss\n|\n|win|dreamswgh\n|raw|dreamswgh's rating: 1352 → 1367<\/strong> (+15 for winning)\n|raw|gymleaderjolts's rating: 1262 → 1243<\/strong> (-19 for losing)\n|l|\u2606gymleaderjolts\n|c|\u2606dreamswgh|gg good try\n","uploadtime":1681920342,"views":4,"p1id":"dreamswgh","p2id":"gymleaderjolts","formatid":"gen9vgc2023regulationc","rating":1243,"private":0,"password":""}