{"id":"gen9vgc2023regulationc-1846733248","p1":"Kuriboh448","p2":"Funnyman Krebs","format":"[Gen 9] VGC 2023 Regulation C","log":"|j|\u2606Kuriboh448\n|j|\u2606Funnyman Krebs\n|t:|1681871575\n|gametype|doubles\n|player|p1|Kuriboh448|102|\n|player|p2|Funnyman Krebs|wallace|\n|teamsize|p1|6\n|teamsize|p2|6\n|gen|9\n|tier|[Gen 9] VGC 2023 Regulation C\n|rule|Species Clause: Limit one of each Pok\u00e9mon\n|rule|Item Clause: Limit one of each item\n|clearpoke\n|poke|p1|Iron Bundle, L50|\n|poke|p1|Corviknight, L50, F|\n|poke|p1|Abomasnow, L50, M|\n|poke|p1|Garchomp, L50, F|\n|poke|p1|Chi-Yu, L50|\n|poke|p1|Flutter Mane, L50|\n|poke|p2|Glimmora, L50, M|\n|poke|p2|Arcanine, L50, M|\n|poke|p2|Wo-Chien, L50|\n|poke|p2|Flutter Mane, L50|\n|poke|p2|Dondozo, L50, F|\n|poke|p2|Tatsugiri-Stretchy, L50, M|\n|teampreview|4\nFunnyman Krebs has agreed to open team sheets.\nKuriboh448 has agreed to open team sheets.\n|c|\u2606Kuriboh448|G1\n|c|\u2606Funnyman Krebs|glhf!\n|c|\u2606Kuriboh448|GLHF\n|\n|t:|1681871729\n|start\n|switch|p1a: Corviknight|Corviknight, L50, F|100\/100\n|switch|p1b: Garchomp|Garchomp, L50, F|100\/100\n|switch|p2a: Wheeeee!|Glimmora, L50, M, shiny|100\/100\n|switch|p2b: Large Marge|Dondozo, L50, F|100\/100\n|turn|1\n|inactive|Battle timer is ON: inactive players will automatically lose when time's up. (requested by Funnyman Krebs)\n|inactive|Funnyman Krebs has 60 seconds left.\n|\n|t:|1681871769\n|switch|p1b: Abomasnow|Abomasnow, L50, M|100\/100\n|-weather|Snow|[from] ability: Snow Warning|[of] p1b: Abomasnow\n|-terastallize|p2a: Wheeeee!|Grass\n|move|p2a: Wheeeee!|Mortal Spin|p1b: Abomasnow|[spread] p1b\n|-immune|p1a: Corviknight\n|-supereffective|p1b: Abomasnow\n|-damage|p1b: Abomasnow|93\/100\n|-status|p1b: Abomasnow|psn\n|move|p2b: Large Marge|Wave Crash|p1b: Abomasnow\n|-resisted|p1b: Abomasnow\n|-damage|p1b: Abomasnow|71\/100 psn\n|-damage|p2b: Large Marge|94\/100|[from] Recoil\n|move|p1a: Corviknight|Iron Head|p2a: Wheeeee!\n|-damage|p2a: Wheeeee!|72\/100\n|-activate|p2a: Wheeeee!|ability: Toxic Debris\n|-sidestart|p1: Kuriboh448|move: Toxic Spikes\n|\n|-weather|Snow|[upkeep]\n|-heal|p2b: Large Marge|99\/100|[from] item: Leftovers\n|-damage|p1b: Abomasnow|58\/100 psn|[from] psn\n|upkeep\n|turn|2\n|inactive|Funnyman Krebs has 30 seconds left.\n|j| hero231\n|inactive|Funnyman Krebs has 20 seconds left.\n|inactive|Funnyman Krebs has 15 seconds left.\n|inactive|Funnyman Krebs has 10 seconds left.\n|inactive|Funnyman Krebs has 5 seconds left.\n|\n|t:|1681871824\n|move|p2b: Large Marge|Protect|p2b: Large Marge\n|-singleturn|p2b: Large Marge|Protect\n|move|p2a: Wheeeee!|Power Gem|p1a: Corviknight\n|-damage|p1a: Corviknight|64\/100\n|move|p1a: Corviknight|Brave Bird|p2a: Wheeeee!\n|-supereffective|p2a: Wheeeee!\n|-damage|p2a: Wheeeee!|0 fnt\n|-activate|p2a: Wheeeee!|ability: Toxic Debris\n|-sidestart|p1: Kuriboh448|move: Toxic Spikes\n|faint|p2a: Wheeeee!\n|-damage|p1a: Corviknight|45\/100|[from] Recoil\n|move|p1b: Abomasnow|Aurora Veil|p1b: Abomasnow\n|-sidestart|p1: Kuriboh448|move: Aurora Veil\n|\n|-weather|Snow|[upkeep]\n|-heal|p1a: Corviknight|51\/100|[from] item: Leftovers\n|-heal|p2b: Large Marge|100\/100|[from] item: Leftovers\n|-damage|p1b: Abomasnow|46\/100 psn|[from] psn\n|upkeep\n|inactive|Funnyman Krebs has 30 seconds left.\n|\n|t:|1681871858\n|switch|p2a: Pee-wee|Tatsugiri-Stretchy, L50, M|100\/100\n|-activate|p2a: Pee-wee|ability: Commander|[of] p2b: Large Marge\n|-boost|p2b: Large Marge|atk|2\n|-boost|p2b: Large Marge|spa|2\n|-boost|p2b: Large Marge|spe|2\n|-boost|p2b: Large Marge|def|2\n|-boost|p2b: Large Marge|spd|2\n|turn|3\n|\n|t:|1681871881\n|-terastallize|p1a: Corviknight|Dragon\n|move|p2b: Large Marge|Wave Crash|p1a: Corviknight\n|-resisted|p1a: Corviknight\n|-damage|p1a: Corviknight|26\/100\n|-damage|p2b: Large Marge|93\/100|[from] Recoil\n|move|p1a: Corviknight|Bulk Up|p1a: Corviknight\n|-boost|p1a: Corviknight|atk|1\n|-boost|p1a: Corviknight|def|1\n|move|p1b: Abomasnow|Blizzard|p2b: Large Marge|[spread] p2b\n|-miss|p1b: Abomasnow|p2a: Pee-wee\n|-resisted|p2b: Large Marge\n|-damage|p2b: Large Marge|85\/100\n|\n|-weather|Snow|[upkeep]\n|-heal|p2b: Large Marge|91\/100|[from] item: Leftovers\n|-heal|p1a: Corviknight|32\/100|[from] item: Leftovers\n|-damage|p1b: Abomasnow|34\/100 psn|[from] psn\n|upkeep\n|turn|4\n|\n|t:|1681871905\n|move|p2b: Large Marge|Earthquake|p1a: Corviknight|[spread] p1a,p1b\n|-miss|p2b: Large Marge|p2a: Pee-wee\n|-resisted|p1b: Abomasnow\n|-damage|p1a: Corviknight|11\/100\n|-damage|p1b: Abomasnow|23\/100 psn\n|move|p1a: Corviknight|Brave Bird|p2b: Large Marge\n|-damage|p2b: Large Marge|77\/100\n|-damage|p1a: Corviknight|6\/100|[from] Recoil\n|move|p1b: Abomasnow|Blizzard|p2a: Pee-wee|[spread] p2b\n|-miss|p1b: Abomasnow|p2a: Pee-wee\n|-resisted|p2b: Large Marge\n|-damage|p2b: Large Marge|69\/100\n|\n|-weather|Snow|[upkeep]\n|-heal|p2b: Large Marge|75\/100|[from] item: Leftovers\n|-heal|p1a: Corviknight|12\/100|[from] item: Leftovers\n|-damage|p1b: Abomasnow|11\/100 psn|[from] psn\n|upkeep\n|turn|5\n|\n|t:|1681871924\n|move|p2b: Large Marge|Earthquake|p1b: Abomasnow|[spread] p1a,p1b\n|-miss|p2b: Large Marge|p2a: Pee-wee\n|-resisted|p1b: Abomasnow\n|-damage|p1a: Corviknight|0 fnt\n|-damage|p1b: Abomasnow|0 fnt\n|faint|p1a: Corviknight\n|faint|p1b: Abomasnow\n|\n|-weather|none\n|-heal|p2b: Large Marge|81\/100|[from] item: Leftovers\n|upkeep\n|\n|t:|1681871932\n|switch|p1a: Garchomp|Garchomp, L50, F|100\/100\n|switch|p1b: Iron Bundle|Iron Bundle, L50|100\/100\n|-status|p1b: Iron Bundle|tox\n|-status|p1a: Garchomp|tox\n|-enditem|p1b: Iron Bundle|Booster Energy\n|-activate|p1b: Iron Bundle|ability: Quark Drive|[fromitem]\n|-start|p1b: Iron Bundle|quarkdrivespe\n|turn|6\n|\n|t:|1681871943\n|move|p2b: Large Marge|Protect|p2b: Large Marge\n|-singleturn|p2b: Large Marge|Protect\n|move|p1b: Iron Bundle|Freeze-Dry|p2b: Large Marge\n|-activate|p2b: Large Marge|move: Protect\n|move|p1a: Garchomp|Swords Dance|p1a: Garchomp\n|-boost|p1a: Garchomp|atk|2\n|\n|-heal|p2b: Large Marge|88\/100|[from] item: Leftovers\n|-damage|p1b: Iron Bundle|94\/100 tox|[from] psn\n|-damage|p1a: Garchomp|94\/100 tox|[from] psn\n|upkeep\n|turn|7\n|\n|t:|1681871962\n|move|p1b: Iron Bundle|Freeze-Dry|p2b: Large Marge\n|-supereffective|p2b: Large Marge\n|-damage|p2b: Large Marge|48\/100\n|move|p2b: Large Marge|Wave Crash|p1a: Garchomp\n|-damage|p1a: Garchomp|21\/100 tox\n|-damage|p2b: Large Marge|35\/100|[from] ability: Rough Skin|[of] p1a: Garchomp\n|-damage|p2b: Large Marge|16\/100|[from] Recoil\n|move|p1a: Garchomp|Dragon Claw|p2b: Large Marge\n|-damage|p2b: Large Marge|0 fnt\n|faint|p2b: Large Marge\n|\n|-damage|p1b: Iron Bundle|82\/100 tox|[from] psn\n|-damage|p1a: Garchomp|9\/100 tox|[from] psn\n|upkeep\n|\n|t:|1681871975\n|switch|p2b: Flutter Mid|Flutter Mane, L50, shiny|100\/100\n|-enditem|p2b: Flutter Mid|Booster Energy\n|-activate|p2b: Flutter Mid|ability: Protosynthesis|[fromitem]\n|-start|p2b: Flutter Mid|protosynthesisspa\n|turn|8\n|\n|t:|1681871984\n|move|p2b: Flutter Mid|Protect|p2b: Flutter Mid\n|-singleturn|p2b: Flutter Mid|Protect\n|move|p1b: Iron Bundle|Icy Wind|p2a: Pee-wee|[spread] p2a\n|-activate|p2b: Flutter Mid|move: Protect\n|-damage|p2a: Pee-wee|75\/100\n|-unboost|p2a: Pee-wee|spe|1\n|move|p1a: Garchomp|Earthquake|p2b: Flutter Mid|[spread] p1b,p2a\n|-activate|p2b: Flutter Mid|move: Protect\n|-damage|p1b: Iron Bundle|23\/100 tox\n|-damage|p2a: Pee-wee|0 fnt\n|faint|p2a: Pee-wee\n|\n|-damage|p1b: Iron Bundle|5\/100 tox|[from] psn\n|-damage|p1a: Garchomp|0 fnt|[from] psn\n|faint|p1a: Garchomp\n|upkeep\n|turn|9\n|\n|t:|1681872002\n|move|p2b: Flutter Mid|Protect|p2b: Flutter Mid\n|-singleturn|p2b: Flutter Mid|Protect\n|move|p1b: Iron Bundle|Freeze-Dry|p2b: Flutter Mid\n|-activate|p2b: Flutter Mid|move: Protect\n|\n|-damage|p1b: Iron Bundle|0 fnt|[from] psn\n|faint|p1b: Iron Bundle\n|-end|p1b: Iron Bundle|Quark Drive|[silent]\n|\n|win|Funnyman Krebs\n|upkeep\n","uploadtime":1681872013,"views":16,"p1id":"kuriboh448","p2id":"funnymankrebs","formatid":"gen9vgc2023regulationc","rating":0,"private":0,"password":""}