{"id":"gen9vgc2023regulationc-1857993186","p1":"datoneman","p2":"Accidental","format":"[Gen 9] VGC 2023 Regulation C","log":"|j|\u2606datoneman\n|j|\u2606Accidental\n|t:|1683257127\n|gametype|doubles\n|player|p1|datoneman|sage|\n|player|p2|Accidental|ingo|\n|teamsize|p1|6\n|teamsize|p2|6\n|gen|9\n|tier|[Gen 9] VGC 2023 Regulation C\n|rule|Species Clause: Limit one of each Pok\u00e9mon\n|rule|Item Clause: Limit one of each item\n|clearpoke\n|poke|p1|Iron Bundle, L50|\n|poke|p1|Great Tusk, L50|\n|poke|p1|Wo-Chien, L50|\n|poke|p1|Talonflame, L50, M|\n|poke|p1|Sylveon, L50, M|\n|poke|p1|Luxray, L50, M|\n|poke|p2|Roaring Moon, L50|\n|poke|p2|Gholdengo, L50|\n|poke|p2|Arcanine, L50, F|\n|poke|p2|Grimmsnarl, L50, M|\n|poke|p2|Misdreavus, L50, M|\n|poke|p2|Hariyama, L50, M|\n|teampreview|4\n|c|\u2606Accidental|g3\n|j| sexy_Loki\n|j| ThinkingSceptile\n|c|\u2606Accidental|glhf\n|c|\u2606datoneman|hf\n|j| Go1den_Berry\n|c| Go1den_Berry|Do I root for Luxray or Misdreavus...\n|l| Go1den_Berry\n|c| sexy_Loki|Im rooting for wo-chien tbh\n|\n|t:|1683258357\n|start\n|switch|p1a: Talonflame|Talonflame, L50, M|100\/100\n|switch|p1b: Great Tusk|Great Tusk, L50|100\/100\n|switch|p2a: DEATHEATER|Grimmsnarl, L50, M|100\/100\n|switch|p2b: BORF|Arcanine, L50, F|100\/100\n|-ability|p2b: BORF|Intimidate|boost\n|-unboost|p1a: Talonflame|atk|1\n|-fail|p1b: Great Tusk|unboost|[from] item: Clear Amulet|[of] p1b: Great Tusk\n|-item|p1a: Talonflame|Life Orb|[from] ability: Frisk|[of] p2a: DEATHEATER|[identify]\n|-item|p1b: Great Tusk|Clear Amulet|[from] ability: Frisk|[of] p2a: DEATHEATER|[identify]\n|turn|1\n|j| Go1den_Berry\n|\n|t:|1683258429\n|-terastallize|p1a: Talonflame|Ghost\n|move|p2a: DEATHEATER|Fake Out|p1b: Great Tusk\n|-damage|p1b: Great Tusk|89\/100\n|move|p1a: Talonflame|Tailwind|p1a: Talonflame\n|-sidestart|p1: datoneman|move: Tailwind\n|cant|p1b: Great Tusk|flinch\n|move|p2b: BORF|Will-O-Wisp|p1b: Great Tusk\n|-status|p1b: Great Tusk|brn\n|\n|-damage|p1b: Great Tusk|83\/100 brn|[from] brn\n|upkeep\n|turn|2\n|\n|t:|1683258479\n|switch|p1a: Luxray|Luxray, L50, M|100\/100\n|-ability|p1a: Luxray|Intimidate|boost\n|-unboost|p2a: DEATHEATER|atk|1\n|-unboost|p2b: BORF|atk|1\n|-terastallize|p2b: BORF|Grass\n|move|p1b: Great Tusk|Headlong Rush|p2b: BORF\n|-resisted|p2b: BORF\n|-damage|p2b: BORF|85\/100\n|-unboost|p1b: Great Tusk|def|1\n|-unboost|p1b: Great Tusk|spd|1\n|move|p2b: BORF|Heat Wave|p1b: Great Tusk|[spread] p1a,p1b\n|-damage|p1a: Luxray|76\/100\n|-damage|p1b: Great Tusk|33\/100 brn\n|move|p2a: DEATHEATER|Spirit Break|p1b: Great Tusk\n|-supereffective|p1b: Great Tusk\n|-damage|p1b: Great Tusk|0 fnt\n|faint|p1b: Great Tusk\n|-end|p1b: Great Tusk|Protosynthesis|[silent]\n|\n|upkeep\n|\n|t:|1683258493\n|switch|p1b: Iron Bundle|Iron Bundle, L50|100\/100\n|-enditem|p1b: Iron Bundle|Booster Energy\n|-activate|p1b: Iron Bundle|ability: Quark Drive|[fromitem]\n|-start|p1b: Iron Bundle|quarkdrivespe\n|turn|3\n|\n|t:|1683258508\n|move|p1b: Iron Bundle|Protect|p1b: Iron Bundle\n|-singleturn|p1b: Iron Bundle|Protect\n|move|p2b: BORF|Protect|p2b: BORF\n|-singleturn|p2b: BORF|Protect\n|move|p1a: Luxray|Volt Switch|p2a: DEATHEATER\n|-damage|p2a: DEATHEATER|79\/100\n|\n|t:|1683258513\n|switch|p1a: Talonflame|Talonflame, L50, M, tera:Ghost|100\/100|[from] Volt Switch\n|move|p2a: DEATHEATER|Parting Shot|p1b: Iron Bundle\n|-activate|p1b: Iron Bundle|move: Protect\n|\n|upkeep\n|turn|4\n|\n|t:|1683258548\n|switch|p2b: SHIMANO|Hariyama, L50, M|100\/100\n|move|p1a: Talonflame|Brave Bird|p2a: DEATHEATER\n|-damage|p2a: DEATHEATER|0 fnt\n|faint|p2a: DEATHEATER\n|-damage|p1a: Talonflame|73\/100|[from] Recoil\n|-damage|p1a: Talonflame|63\/100|[from] item: Life Orb\n|move|p1b: Iron Bundle|Icy Wind|p2b: SHIMANO\n|-damage|p2b: SHIMANO|82\/100\n|-unboost|p2b: SHIMANO|spe|1\n|\n|-sideend|p1: datoneman|move: Tailwind\n|upkeep\n|\n|t:|1683258559\n|switch|p2a: BORF|Arcanine, L50, F, tera:Grass|85\/100\n|-ability|p2a: BORF|Intimidate|boost\n|-unboost|p1a: Talonflame|atk|1\n|-unboost|p1b: Iron Bundle|atk|1\n|turn|5\n|\n|t:|1683258630\n|move|p1b: Iron Bundle|Protect|p1b: Iron Bundle\n|-singleturn|p1b: Iron Bundle|Protect\n|move|p1a: Talonflame|Will-O-Wisp|p2b: SHIMANO\n|-status|p2b: SHIMANO|brn\n|move|p2a: BORF|Heat Wave|p1b: Iron Bundle|[spread] p1a\n|-activate|p1b: Iron Bundle|move: Protect\n|-damage|p1a: Talonflame|22\/100\n|-status|p1a: Talonflame|brn\n|move|p2b: SHIMANO|Drain Punch|p1b: Iron Bundle\n|-activate|p1b: Iron Bundle|move: Protect\n|\n|-damage|p1a: Talonflame|16\/100 brn|[from] brn\n|-damage|p2b: SHIMANO|76\/100 brn|[from] brn\n|upkeep\n|turn|6\n|c|\u2606Accidental|sv moment, tflame getting burnt\n|\n|t:|1683258716\n|move|p1b: Iron Bundle|Hydro Pump|p2b: SHIMANO\n|-damage|p2b: SHIMANO|35\/100 brn\n|move|p1a: Talonflame|Brave Bird|p2b: SHIMANO\n|-supereffective|p2b: SHIMANO\n|-damage|p2b: SHIMANO|0 fnt\n|faint|p2b: SHIMANO\n|-damage|p1a: Talonflame|0 fnt|[from] Recoil\n|faint|p1a: Talonflame\n|move|p2a: BORF|Heat Wave|p1b: Iron Bundle\n|-damage|p1b: Iron Bundle|40\/100\n|\n|upkeep\n|\n|t:|1683258725\n|switch|p1a: Luxray|Luxray, L50, M|76\/100\n|switch|p2b: BOOSTER|Gholdengo, L50|100\/100\n|-ability|p1a: Luxray|Intimidate|boost\n|-unboost|p2a: BORF|atk|1\n|-unboost|p2b: BOOSTER|atk|1\n|turn|7\n|\n|t:|1683258810\n|move|p1b: Iron Bundle|Protect|p1b: Iron Bundle\n|-singleturn|p1b: Iron Bundle|Protect\n|move|p2b: BOOSTER|Protect|p2b: BOOSTER\n|-singleturn|p2b: BOOSTER|Protect\n|move|p2a: BORF|Heat Wave|p1b: Iron Bundle|[spread] p1a\n|-activate|p1b: Iron Bundle|move: Protect\n|-damage|p1a: Luxray|50\/100\n|-enditem|p1a: Luxray|Sitrus Berry|[eat]\n|-heal|p1a: Luxray|75\/100|[from] item: Sitrus Berry\n|move|p1a: Luxray|Wild Charge|p2a: BORF\n|-resisted|p2a: BORF\n|-damage|p2a: BORF|64\/100\n|-damage|p1a: Luxray|70\/100|[from] Recoil\n|\n|upkeep\n|turn|8\n|l| sexy_Loki\n|\n|t:|1683258865\n|move|p1a: Luxray|Helping Hand|p1b: Iron Bundle\n|-singleturn|p1b: Iron Bundle|Helping Hand|[of] p1a: Luxray\n|move|p2a: BORF|Protect|p2a: BORF\n|-singleturn|p2a: BORF|Protect\n|move|p1b: Iron Bundle|Icy Wind|p2a: BORF|[spread] p2b\n|-activate|p2a: BORF|move: Protect\n|-resisted|p2b: BOOSTER\n|-damage|p2b: BOOSTER|87\/100\n|-unboost|p2b: BOOSTER|spe|1\n|move|p2b: BOOSTER|Make It Rain|p1a: Luxray|[spread] p1a,p1b\n|-resisted|p1a: Luxray\n|-damage|p1a: Luxray|45\/100\n|-damage|p1b: Iron Bundle|0 fnt\n|-unboost|p2b: BOOSTER|spa|1\n|faint|p1b: Iron Bundle\n|-end|p1b: Iron Bundle|Quark Drive|[silent]\n|\n|upkeep\n|turn|9\n|c|\u2606datoneman|ggs\n|\n|t:|1683258881\n|move|p2a: BORF|Heat Wave|p1a: Luxray\n|-damage|p1a: Luxray|8\/100\n|move|p1a: Luxray|Wild Charge|p2b: BOOSTER\n|-damage|p2b: BOOSTER|57\/100\n|-damage|p1a: Luxray|0 fnt|[from] Recoil\n|faint|p1a: Luxray\n|\n|win|Accidental\n|c|\u2606Accidental|ggs\n","uploadtime":1683258886,"views":13,"p1id":"datoneman","p2id":"accidental","formatid":"gen9vgc2023regulationc","rating":0,"private":0,"password":""}