{"id":"gen9vgc2023regulationc-1846586040","p1":"yokai19","p2":"Helo1","format":"[Gen 9] VGC 2023 Regulation C","log":"|j|\u2606yokai19\n|j|\u2606Helo1\n|t:|1681854365\n|gametype|doubles\n|player|p1|yokai19|170|1113\n|player|p2|Helo1|hilda|1197\n|teamsize|p1|6\n|teamsize|p2|6\n|gen|9\n|tier|[Gen 9] VGC 2023 Regulation C\n|rated|\n|rule|Species Clause: Limit one of each Pok\u00e9mon\n|rule|Item Clause: Limit one of each item\n|clearpoke\n|poke|p1|Amoonguss, L50, F|\n|poke|p1|Flutter Mane, L50|\n|poke|p1|Arcanine, L50, M|\n|poke|p1|Palafin, L50, F|\n|poke|p1|Ting-Lu, L50|\n|poke|p1|Scizor, L50, M|\n|poke|p2|Staraptor, L50, M|\n|poke|p2|Dudunsparce-*, L50, F|\n|poke|p2|Annihilape, L50, F|\n|poke|p2|Iron Thorns, L50|\n|poke|p2|Pincurchin, L50, M|\n|poke|p2|Iron Treads, L50|\n|teampreview|4\n|inactive|Battle timer is ON: inactive players will automatically lose when time's up. (requested by Helo1)\nyokai19 has agreed to open team sheets.\n|inactive|yokai19 has 60 seconds left.\n|inactive|Helo1 has 60 seconds left.\n|inactive|yokai19 has 30 seconds left.\n|\n|t:|1681854428\n|start\n|switch|p1a: Ting-Lu|Ting-Lu, L50|100\/100\n|switch|p1b: Palafin|Palafin, L50, F|100\/100\n|switch|p2a: Annihilape|Annihilape, L50, F|100\/100\n|switch|p2b: Staraptor|Staraptor, L50, M|100\/100\n|-ability|p2b: Staraptor|Intimidate|boost\n|-unboost|p1a: Ting-Lu|atk|1\n|-unboost|p1b: Palafin|atk|1\n|-ability|p1a: Ting-Lu|Vessel of Ruin\n|turn|1\n|inactive|yokai19 has 30 seconds left.\n|inactive|yokai19 has 20 seconds left.\n|inactive|yokai19 has 15 seconds left.\n|inactive|yokai19 has 10 seconds left.\n|\n|t:|1681854476\n|detailschange|p1b: Palafin|Palafin-Hero, L50, F\n|switch|p1b: Flutter Mane|Flutter Mane, L50|100\/100\n|move|p2a: Annihilape|Final Gambit|p1b: Flutter Mane\n|-immune|p1b: Flutter Mane\n|move|p2b: Staraptor|U-turn|p1a: Ting-Lu\n|-supereffective|p1a: Ting-Lu\n|-damage|p1a: Ting-Lu|68\/100\n|\n|t:|1681854487\n|switch|p2b: Pincurchin|Pincurchin, L50, M|100\/100|[from] U-turn\n|-fieldstart|move: Electric Terrain|[from] ability: Electric Surge|[of] p2b: Pincurchin\n|move|p1a: Ting-Lu|Ruination|p2a: Annihilape\n|-damage|p2a: Annihilape|51\/100\n|\n|upkeep\n|turn|2\n|inactive|Helo1 has 30 seconds left.\n|\n|t:|1681854519\n|switch|p2a: Iron Treads|Iron Treads, L50|100\/100\n|-activate|p2a: Iron Treads|ability: Quark Drive\n|-start|p2a: Iron Treads|quarkdrivespe\n|-terastallize|p1b: Flutter Mane|Fairy\n|move|p1b: Flutter Mane|Dazzling Gleam|p2a: Iron Treads|[spread] p2a,p2b\n|-resisted|p2a: Iron Treads\n|-damage|p2a: Iron Treads|66\/100\n|-damage|p2b: Pincurchin|37\/100\n|move|p1a: Ting-Lu|Stomping Tantrum|p2b: Pincurchin\n|-supereffective|p2b: Pincurchin\n|-damage|p2b: Pincurchin|0 fnt\n|faint|p2b: Pincurchin\n|\n|upkeep\n|\n|t:|1681854532\n|switch|p2b: Annihilape|Annihilape, L50, F|51\/100\n|turn|3\n|inactive|yokai19 has 30 seconds left.\n|inactive|yokai19 has 20 seconds left.\n|\n|t:|1681854571\n|-end|p1b: Flutter Mane|Protosynthesis|[silent]\n|switch|p1b: Amoonguss|Amoonguss, L50, F|100\/100\n|move|p2a: Iron Treads|Iron Head|p1b: Amoonguss\n|-damage|p1b: Amoonguss|67\/100\n|move|p2b: Annihilape|U-turn|p1a: Ting-Lu\n|-supereffective|p1a: Ting-Lu\n|-damage|p1a: Ting-Lu|51\/100\n|\n|t:|1681854580\n|switch|p2b: Staraptor|Staraptor, L50, M|100\/100|[from] U-turn\n|-ability|p2b: Staraptor|Intimidate|boost\n|-unboost|p1a: Ting-Lu|atk|1\n|-unboost|p1b: Amoonguss|atk|1\n|move|p1a: Ting-Lu|Body Press|p2a: Iron Treads\n|-supereffective|p2a: Iron Treads\n|-damage|p2a: Iron Treads|13\/100\n|\n|upkeep\n|turn|4\n|\n|t:|1681854602\n|move|p1b: Amoonguss|Protect|p1b: Amoonguss\n|-singleturn|p1b: Amoonguss|Protect\n|move|p2a: Iron Treads|Ice Spinner|p1a: Ting-Lu\n|-supereffective|p1a: Ting-Lu\n|-damage|p1a: Ting-Lu|27\/100\n|-fieldend|move: Electric Terrain\n|-end|p2a: Iron Treads|Quark Drive\n|move|p2b: Staraptor|Brave Bird|p1b: Amoonguss\n|-activate|p1b: Amoonguss|move: Protect\n|move|p1a: Ting-Lu|Stomping Tantrum|p2a: Iron Treads\n|-supereffective|p2a: Iron Treads\n|-crit|p2a: Iron Treads\n|-damage|p2a: Iron Treads|0 fnt\n|faint|p2a: Iron Treads\n|-end|p2a: Iron Treads|Quark Drive|[silent]\n|\n|upkeep\n|\n|t:|1681854607\n|switch|p2a: Annihilape|Annihilape, L50, F|51\/100\n|turn|5\n|inactive|yokai19 has 30 seconds left.\n|inactive|yokai19 has 20 seconds left.\n|inactive|yokai19 has 15 seconds left.\n|inactive|yokai19 has 10 seconds left.\n|inactive|yokai19 has 5 seconds left.\n|\n|t:|1681854661\n|move|p2a: Annihilape|Rage Fist|p1b: Amoonguss\n|-damage|p1b: Amoonguss|27\/100\n|move|p2b: Staraptor|Brave Bird|p1a: Ting-Lu\n|-damage|p1a: Ting-Lu|0 fnt\n|faint|p1a: Ting-Lu\n|-damage|p2b: Staraptor|86\/100|[from] Recoil\n|move|p1b: Amoonguss|Spore|p2a: Annihilape\n|-status|p2a: Annihilape|slp|[from] move: Spore\n|\n|upkeep\n|\n|t:|1681854674\n|switch|p1a: Flutter Mane|Flutter Mane, L50, tera:Fairy|100\/100\n|turn|6\n|\n|t:|1681854692\n|switch|p1b: Palafin|Palafin-Hero, L50, F|100\/100\n|-activate|p1b: Palafin|ability: Zero to Hero\n|cant|p2a: Annihilape|slp\n|move|p1a: Flutter Mane|Moonblast|p2b: Staraptor\n|-damage|p2b: Staraptor|0 fnt\n|faint|p2b: Staraptor\n|\n|upkeep\n|turn|7\n|\n|t:|1681854710\n|cant|p2a: Annihilape|slp\n|move|p1a: Flutter Mane|Moonblast|p2a: Annihilape\n|-supereffective|p2a: Annihilape\n|-damage|p2a: Annihilape|0 fnt\n|faint|p2a: Annihilape\n|\n|win|yokai19\n|raw|yokai19's rating: 1113 → 1144<\/strong> (+31 for winning)\n|raw|Helo1's rating: 1197 → 1166<\/strong> (-31 for losing)\n|l|\u2606Helo1\n","uploadtime":1681854744,"views":9,"p1id":"yokai19","p2id":"helo1","formatid":"gen9vgc2023regulationc","rating":1144,"private":0,"password":""}