{"id":"gen9vgc2023regulationc-1852175206","p1":"natcentre","p2":"Lewlo","format":"[Gen 9] VGC 2023 Regulation C","log":"|j|\u2606natcentre\n|j|\u2606Lewlo\n|t:|1682530328\n|gametype|doubles\n|player|p1|natcentre|266|\n|player|p2|Lewlo|pokemonbreeder-gen4|\n|teamsize|p1|6\n|teamsize|p2|6\n|gen|9\n|tier|[Gen 9] VGC 2023 Regulation C\n|rated|Tournament battle\n|rule|Species Clause: Limit one of each Pok\u00e9mon\n|rule|Item Clause: Limit one of each item\n|clearpoke\n|poke|p1|Maushold-Four, L50|\n|poke|p1|Gholdengo, L50|\n|poke|p1|Flutter Mane, L50|\n|poke|p1|Iron Bundle, L50|\n|poke|p1|Dragonite, L50, F|\n|poke|p1|Chien-Pao, L50|\n|poke|p2|Chien-Pao, L50|\n|poke|p2|Dragonite, L50, F|\n|poke|p2|Azumarill, L50, M|\n|poke|p2|Amoonguss, L50, F|\n|poke|p2|Arcanine, L50, M|\n|poke|p2|Flutter Mane, L50|\n|teampreview|4\n|raw| Open Team Sheet for natcentre<\/summary>Maushold (Maushold-Four) @ Safety Goggles Ability: Friend Guard Level: 50 Tera Type: Ghost - Protect - Follow Me - Feint - Super Fang Gholdengo @ Leftovers Ability: Good as Gold Level: 50 Tera Type: Water - Protect - Nasty Plot - Shadow Ball - Make It Rain Flutter Mane @ Choice Specs Ability: Protosynthesis Level: 50 Tera Type: Fairy - Moonblast - Shadow Ball - Dazzling Gleam - Power Gem Iron Bundle @ Booster Energy Ability: Quark Drive Level: 50 Tera Type: Grass - Protect - Hydro Pump - Freeze-Dry - Icy Wind Dragonite @ Assault Vest Ability: Multiscale Level: 50 Tera Type: Flying - Tera Blast - Extreme Speed - Low Kick - Stomping Tantrum Chien-Pao @ Focus Sash Ability: Sword of Ruin Level: 50 Tera Type: Dark - Protect - Ice Spinner - Sucker Punch - Haze <\/details><\/div> Open Team Sheet for Lewlo<\/summary>Chien-Pao @ Focus Sash Ability: Sword of Ruin Level: 50 Tera Type: Ghost - Ice Spinner - Sacred Sword - Sucker Punch - Protect Dragonite (F) @ Lum Berry Ability: Inner Focus Level: 50 Tera Type: Normal - Extreme Speed - Protect - Stomping Tantrum - Ice Spinner Azumarill (M) @ Assault Vest Ability: Huge Power Level: 50 Tera Type: Water - Aqua Jet - Superpower - Ice Spinner - Play Rough Amoonguss (F) @ Rocky Helmet Ability: Regenerator Level: 50 Tera Type: Water - Spore - Rage Powder - Pollen Puff - Clear Smog Arcanine (M) @ Safety Goggles Ability: Intimidate Level: 50 Tera Type: Grass - Heat Wave - Will-O-Wisp - Snarl - Protect Flutter Mane @ Booster Energy Ability: Protosynthesis Level: 50 Tera Type: Fairy - Dazzling Gleam - Shadow Ball - Perish Song - Protect <\/details><\/div>\n|inactive|Battle timer is ON: inactive players will automatically lose when time's up. (requested by Lewlo)\n|j| RiotJuice\n|j| dashrekawanobi\n|c|\u2606Lewlo|glhf\n|j| Galactichawkie890\n|c|\u2606natcentre|u2\n|j| sadgirl23\n|inactive|natcentre has 60 seconds left.\n|inactive|Lewlo has 60 seconds left.\n|j| Rk9s\n|l| Galactichawkie890\n|\n|t:|1682530388\n|start\n|switch|p1a: Flutter Mane|Flutter Mane, L50|100\/100\n|switch|p1b: Iron Bundle|Iron Bundle, L50|100\/100\n|switch|p2a: Azumarill|Azumarill, L50, M|100\/100\n|switch|p2b: Chien-Pao|Chien-Pao, L50|100\/100\n|-ability|p2b: Chien-Pao|Sword of Ruin\n|-enditem|p1b: Iron Bundle|Booster Energy\n|-activate|p1b: Iron Bundle|ability: Quark Drive|[fromitem]\n|-start|p1b: Iron Bundle|quarkdrivespe\n|turn|1\n|j|+crystalninetales\n|j| Playingonmelaptop\n|\n|t:|1682530408\n|-terastallize|p1b: Iron Bundle|Grass\n|-terastallize|p2a: Azumarill|Water\n|move|p2b: Chien-Pao|Sucker Punch|p1b: Iron Bundle\n|-damage|p1b: Iron Bundle|45\/100\n|move|p2a: Azumarill|Aqua Jet|p1a: Flutter Mane\n|-damage|p1a: Flutter Mane|25\/100\n|move|p1b: Iron Bundle|Freeze-Dry|p2a: Azumarill\n|-supereffective|p2a: Azumarill\n|-damage|p2a: Azumarill|47\/100\n|move|p1a: Flutter Mane|Dazzling Gleam|p2a: Azumarill|[spread] p2a,p2b\n|-supereffective|p2b: Chien-Pao\n|-damage|p2a: Azumarill|17\/100\n|-enditem|p2b: Chien-Pao|Focus Sash\n|-damage|p2b: Chien-Pao|1\/100\n|\n|upkeep\n|turn|2\n|j| Dat guy In black\n|\n|t:|1682530433\n|-end|p1b: Iron Bundle|Quark Drive|[silent]\n|switch|p1b: Dragonite|Dragonite, L50, F|100\/100\n|move|p2b: Chien-Pao|Sucker Punch||[still]\n|-fail|p2b: Chien-Pao\n|move|p2a: Azumarill|Aqua Jet|p1a: Flutter Mane\n|-damage|p1a: Flutter Mane|0 fnt\n|faint|p1a: Flutter Mane\n|-end|p1a: Flutter Mane|Protosynthesis|[silent]\n|\n|upkeep\n|\n|t:|1682530445\n|switch|p1a: Chien-Pao|Chien-Pao, L50|100\/100\n|-ability|p1a: Chien-Pao|Sword of Ruin\n|turn|3\n|\n|t:|1682530452\n|switch|p2b: Arcanine|Arcanine, L50, M|100\/100\n|-ability|p2b: Arcanine|Intimidate|boost\n|-unboost|p1a: Chien-Pao|atk|1\n|-unboost|p1b: Dragonite|atk|1\n|move|p1b: Dragonite|Extreme Speed|p2b: Arcanine\n|-damage|p2b: Arcanine|73\/100\n|move|p1a: Chien-Pao|Sucker Punch|p2a: Azumarill\n|-damage|p2a: Azumarill|0 fnt\n|faint|p2a: Azumarill\n|\n|upkeep\n|c|\u2606natcentre|priority moves be like\n|\n|t:|1682530467\n|switch|p2a: Flutter Mane|Flutter Mane, L50|100\/100\n|-enditem|p2a: Flutter Mane|Booster Energy\n|-activate|p2a: Flutter Mane|ability: Protosynthesis|[fromitem]\n|-start|p2a: Flutter Mane|protosynthesisspa\n|turn|4\n|c|\u2606Lewlo|They do\n|c| dashrekawanobi|wow not using dengo\n|inactive|Lewlo has 30 seconds left.\n|\n|t:|1682530493\n|move|p1a: Chien-Pao|Ice Spinner|p2a: Flutter Mane\n|-damage|p2a: Flutter Mane|48\/100\n|move|p2a: Flutter Mane|Dazzling Gleam|p1b: Dragonite|[spread] p1a,p1b\n|-supereffective|p1a: Chien-Pao\n|-supereffective|p1b: Dragonite\n|-enditem|p1a: Chien-Pao|Focus Sash\n|-damage|p1a: Chien-Pao|1\/100\n|-damage|p1b: Dragonite|75\/100\n|move|p2b: Arcanine|Heat Wave|p1b: Dragonite|[spread] p1b\n|-miss|p2b: Arcanine|p1a: Chien-Pao\n|-resisted|p1b: Dragonite\n|-damage|p1b: Dragonite|67\/100\n|move|p1b: Dragonite|Stomping Tantrum|p2a: Flutter Mane\n|-damage|p2a: Flutter Mane|7\/100\n|\n|upkeep\n|turn|5\n|inactive|natcentre has 30 seconds left.\n|\n|t:|1682530519\n|move|p1a: Chien-Pao|Protect|p1a: Chien-Pao\n|-singleturn|p1a: Chien-Pao|Protect\n|move|p2a: Flutter Mane|Protect|p2a: Flutter Mane\n|-singleturn|p2a: Flutter Mane|Protect\n|move|p2b: Arcanine|Heat Wave|p1a: Chien-Pao|[spread] p1b\n|-activate|p1a: Chien-Pao|move: Protect\n|-resisted|p1b: Dragonite\n|-damage|p1b: Dragonite|60\/100\n|move|p1b: Dragonite|Stomping Tantrum|p2b: Arcanine\n|-supereffective|p2b: Arcanine\n|-damage|p2b: Arcanine|27\/100\n|\n|upkeep\n|turn|6\n|l|+crystalninetales\n|\n|t:|1682530543\n|-end|p2a: Flutter Mane|Protosynthesis|[silent]\n|switch|p2a: Chien-Pao|Chien-Pao, L50|1\/100\n|-ability|p2a: Chien-Pao|Sword of Ruin\n|move|p1a: Chien-Pao|Ice Spinner|p2a: Chien-Pao\n|-resisted|p2a: Chien-Pao\n|-damage|p2a: Chien-Pao|0 fnt\n|faint|p2a: Chien-Pao\n|move|p2b: Arcanine|Heat Wave|p1b: Dragonite|[spread] p1a,p1b\n|-supereffective|p1a: Chien-Pao\n|-resisted|p1b: Dragonite\n|-damage|p1a: Chien-Pao|0 fnt\n|-damage|p1b: Dragonite|52\/100\n|faint|p1a: Chien-Pao\n|move|p1b: Dragonite|Stomping Tantrum|p2b: Arcanine\n|-supereffective|p2b: Arcanine\n|-damage|p2b: Arcanine|0 fnt\n|faint|p2b: Arcanine\n|\n|upkeep\n|\n|t:|1682530555\n|switch|p1a: Iron Bundle|Iron Bundle, L50, tera:Grass|45\/100\n|switch|p2b: Flutter Mane|Flutter Mane, L50|7\/100\n|turn|7\n|\n|t:|1682530562\n|move|p1a: Iron Bundle|Freeze-Dry|p2b: Flutter Mane\n|-damage|p2b: Flutter Mane|0 fnt\n|faint|p2b: Flutter Mane\n|-end|p2b: Flutter Mane|Protosynthesis|[silent]\n|\n|win|natcentre\n|n|\u2606natcentre|natcentre\n|n|\u2606Lewlo|lewlo\n|n| RiotJuice|riotjuice\n|n| dashrekawanobi|dashrekawanobi\n|n| sadgirl23|sadgirl23\n|n| Rk9s|rk9s\n|n| Playingonmelaptop|playingonmelaptop\n|n| Dat guy In black|datguyinblack\n","uploadtime":1682530564,"views":10,"p1id":"natcentre","p2id":"lewlo","formatid":"gen9vgc2023regulationc","rating":0,"private":0,"password":""}