{"id":"gen9vgc2023regulationc-1855458253","p1":"nikitakruchev","p2":"jjhii999","format":"[Gen 9] VGC 2023 Regulation C","log":"|j|\u2606nikitakruchev\n|j|\u2606jjhii999\n|t:|1682953311\n|gametype|doubles\n|player|p1|nikitakruchev|266|1111\n|player|p2|jjhii999|rocketgruntf|1040\n|teamsize|p1|6\n|teamsize|p2|6\n|gen|9\n|tier|[Gen 9] VGC 2023 Regulation C\n|rated|\n|rule|Species Clause: Limit one of each Pok\u00e9mon\n|rule|Item Clause: Limit one of each item\n|clearpoke\n|poke|p1|Amoonguss, L50, F|\n|poke|p1|Dragonite, L50, F|\n|poke|p1|Iron Hands, L50|\n|poke|p1|Baxcalibur, L50, F|\n|poke|p1|Palafin, L50, M|\n|poke|p1|Ditto, L50|\n|poke|p2|Mimikyu, L50, F|\n|poke|p2|Garganacl, L50, F|\n|poke|p2|Iron Hands, L50|\n|poke|p2|Roaring Moon, L50|\n|poke|p2|Amoonguss, L50, F|\n|poke|p2|Iron Bundle, L50|\n|teampreview|4\n|j| Dinoboss18794\n|inactive|Battle timer is ON: inactive players will automatically lose when time's up. (requested by nikitakruchev)\n|c| Dinoboss18794|hi\n|\n|t:|1682953335\n|start\n|switch|p1a: Turqoise|Palafin, L50, M|100\/100\n|switch|p1b: ShiningArmor|Dragonite, L50, F|100\/100\n|switch|p2a: Garganacl|Garganacl, L50, F|100\/100\n|switch|p2b: Iron Hands|Iron Hands, L50, shiny|100\/100\n|turn|1\n|c| Dinoboss18794|hi\n|c|\u2606jjhii999|hi\n|\n|t:|1682953357\n|detailschange|p1a: Turqoise|Palafin-Hero, L50, M\n|switch|p1a: Ditto|Ditto, L50|100\/100\n|-transform|p1a: Ditto|p2b: Iron Hands|[from] ability: Imposter\n|move|p1b: ShiningArmor|Protect|p1b: ShiningArmor\n|-singleturn|p1b: ShiningArmor|Protect\n|move|p2b: Iron Hands|Volt Switch|p1b: ShiningArmor\n|-activate|p1b: ShiningArmor|move: Protect\n|move|p2a: Garganacl|Salt Cure|p1a: Ditto\n|-resisted|p1a: Ditto\n|-damage|p1a: Ditto|93\/100\n|-start|p1a: Ditto|Salt Cure\n|\n|-damage|p1a: Ditto|80\/100|[from] Salt Cure\n|upkeep\n|turn|2\n|c| Dinoboss18794|do you like sex\n|inactive|nikitakruchev has 30 seconds left.\n|inactive|nikitakruchev has 20 seconds left.\n|c| Dinoboss18794|yes\n|inactive|nikitakruchev has 15 seconds left.\n|c| Dinoboss18794|no\n|inactive|nikitakruchev has 10 seconds left.\n|\n|t:|1682953404\n|switch|p1b: Maradona|Iron Hands, L50|100\/100\n|-terastallize|p2a: Garganacl|Ghost\n|move|p1a: Ditto|Fake Out|p2a: Garganacl\n|-immune|p2a: Garganacl\n|move|p2b: Iron Hands|Volt Switch|p1b: Maradona\n|-resisted|p1b: Maradona\n|-damage|p1b: Maradona|97\/100\n|c|\u2606jjhii999|I like Pokemon\n|\n|t:|1682953421\n|-end|p2b: Iron Hands|Quark Drive|[silent]\n|switch|p2b: Mimikyu|Mimikyu, L50, F|100\/100|[from] Volt Switch\n|move|p2a: Garganacl|Salt Cure|p1b: Maradona\n|-resisted|p1b: Maradona\n|-damage|p1b: Maradona|92\/100\n|-start|p1b: Maradona|Salt Cure\n|\n|-damage|p1a: Ditto|68\/100|[from] Salt Cure\n|-damage|p1b: Maradona|80\/100|[from] Salt Cure\n|upkeep\n|turn|3\n|c| Dinoboss18794|so do i\n|inactive|nikitakruchev has 30 seconds left.\n|c| Dinoboss18794|but do you like sex\n|\n|t:|1682953451\n|switch|p2b: Iron Hands|Iron Hands, L50, shiny|100\/100\n|-end|p1a: Ditto|Quark Drive|[silent]\n|switch|p1a: Turqoise|Palafin-Hero, L50, M|100\/100\n|-activate|p1a: Turqoise|ability: Zero to Hero\n|move|p1b: Maradona|Volt Switch|p2b: Iron Hands\n|-resisted|p2b: Iron Hands\n|-damage|p2b: Iron Hands|97\/100\n|\n|t:|1682953468\n|-end|p1b: Maradona|Quark Drive|[silent]\n|switch|p1b: Ditto|Ditto, L50|68\/100|[from] Volt Switch\n|-transform|p1b: Ditto|p2a: Garganacl|[from] ability: Imposter\n|move|p2a: Garganacl|Salt Cure|p1a: Turqoise\n|-damage|p1a: Turqoise|88\/100\n|-start|p1a: Turqoise|Salt Cure\n|\n|-damage|p1a: Turqoise|63\/100|[from] Salt Cure\n|upkeep\n|-start|p1b: Ditto|typechange|Rock|[silent]\n|turn|4\n|c| Dinoboss18794|or better mens privates\n|inactive|nikitakruchev has 30 seconds left.\n|c|\u2606jjhii999|Heracross is my favorite Pokemon\n|\n|t:|1682953500\n|-terastallize|p1a: Turqoise|Water\n|move|p2b: Iron Hands|Fake Out|p1a: Turqoise\n|-damage|p1a: Turqoise|49\/100\n|cant|p1a: Turqoise|flinch\n|move|p1b: Ditto|Salt Cure|p2b: Iron Hands\n|-resisted|p2b: Iron Hands\n|-damage|p2b: Iron Hands|92\/100\n|-start|p2b: Iron Hands|Salt Cure\n|move|p2a: Garganacl|Salt Cure|p1b: Ditto\n|-damage|p1b: Ditto|57\/100\n|-start|p1b: Ditto|Salt Cure\n|\n|-damage|p1a: Turqoise|24\/100|[from] Salt Cure\n|-damage|p1b: Ditto|44\/100|[from] Salt Cure\n|-damage|p2b: Iron Hands|80\/100|[from] Salt Cure\n|upkeep\n|turn|5\n|\n|t:|1682953519\n|move|p2a: Garganacl|Protect|p2a: Garganacl\n|-singleturn|p2a: Garganacl|Protect\n|move|p1a: Turqoise|Wave Crash|p2b: Iron Hands\n|-damage|p2b: Iron Hands|0 fnt\n|faint|p2b: Iron Hands\n|-end|p2b: Iron Hands|Quark Drive|[silent]\n|-damage|p1a: Turqoise|0 fnt|[from] Recoil\n|faint|p1a: Turqoise\n|move|p1b: Ditto|Salt Cure|p2a: Garganacl\n|-activate|p2a: Garganacl|move: Protect\n|\n|-damage|p1b: Ditto|32\/100|[from] Salt Cure\n|upkeep\n|c| Dinoboss18794|thats not what i am asking\n|\n|t:|1682953536\n|switch|p1a: Maradona|Iron Hands, L50|80\/100\n|switch|p2b: Mimikyu|Mimikyu, L50, F|100\/100\n|turn|6\n|c| Dinoboss18794|stop avoiding and answer\n|inactive|nikitakruchev has 30 seconds left.\n|\n|t:|1682953566\n|move|p2b: Mimikyu|Play Rough|p1a: Maradona\n|-supereffective|p1a: Maradona\n|-damage|p1a: Maradona|18\/100\n|-damage|p2b: Mimikyu|91\/100|[from] item: Life Orb\n|move|p1b: Ditto|Salt Cure|p2b: Mimikyu\n|-activate|p2b: Mimikyu|ability: Disguise\n|-damage|p2b: Mimikyu|91\/100\n|-start|p2b: Mimikyu|Salt Cure\n|detailschange|p2b: Mimikyu|Mimikyu-Busted, L50, F\n|-damage|p2b: Mimikyu|79\/100|[from] pokemon: Mimikyu-Busted\n|move|p1a: Maradona|Volt Switch|p2b: Mimikyu\n|-damage|p2b: Mimikyu|62\/100\n|c|\u2606jjhii999|Toxic Spikes is a fun move\n|c| Dinoboss18794|do you like boys privates\n|\n|t:|1682953583\n|-end|p1a: Maradona|Quark Drive|[silent]\n|switch|p1a: ShiningArmor|Dragonite, L50, F|100\/100|[from] Volt Switch\n|move|p2a: Garganacl|Salt Cure|p1a: ShiningArmor\n|-supereffective|p1a: ShiningArmor\n|-damage|p1a: ShiningArmor|86\/100\n|-start|p1a: ShiningArmor|Salt Cure\n|\n|-damage|p2b: Mimikyu|49\/100|[from] Salt Cure\n|-damage|p1a: ShiningArmor|74\/100|[from] Salt Cure\n|-damage|p1b: Ditto|20\/100|[from] Salt Cure\n|upkeep\n|turn|7\n|c| Dinoboss18794|you are so annoying\n|\n|t:|1682953601\n|move|p2b: Mimikyu|Protect|p2b: Mimikyu\n|-singleturn|p2b: Mimikyu|Protect\n|move|p1a: ShiningArmor|Protect|p1a: ShiningArmor\n|-singleturn|p1a: ShiningArmor|Protect\n|move|p2a: Garganacl|Protect|p2a: Garganacl\n|-singleturn|p2a: Garganacl|Protect\n|move|p1b: Ditto|Salt Cure|p2a: Garganacl\n|-activate|p2a: Garganacl|move: Protect\n|\n|-damage|p2b: Mimikyu|37\/100|[from] Salt Cure\n|-damage|p1a: ShiningArmor|62\/100|[from] Salt Cure\n|-damage|p1b: Ditto|8\/100|[from] Salt Cure\n|upkeep\n|turn|8\n|l| Dinoboss18794\n|\n|t:|1682953623\n|move|p2b: Mimikyu|Curse|p1a: ShiningArmor\n|-start|p1a: ShiningArmor|Curse|[of] p2b: Mimikyu\n|-damage|p2b: Mimikyu|0 fnt\n|faint|p2b: Mimikyu\n|move|p1a: ShiningArmor|Ice Spinner|p2a: Garganacl\n|-damage|p2a: Garganacl|81\/100\n|move|p1b: Ditto|Salt Cure|p2a: Garganacl\n|-damage|p2a: Garganacl|72\/100\n|-start|p2a: Garganacl|Salt Cure\n|move|p2a: Garganacl|Salt Cure|p1a: ShiningArmor\n|-supereffective|p1a: ShiningArmor\n|-damage|p1a: ShiningArmor|34\/100\n|\n|-heal|p2a: Garganacl|78\/100|[from] item: Leftovers\n|-damage|p1a: ShiningArmor|9\/100|[from] Curse\n|-damage|p1a: ShiningArmor|0 fnt|[from] Salt Cure\n|faint|p1a: ShiningArmor\n|-damage|p1b: Ditto|0 fnt|[from] Salt Cure\n|faint|p1b: Ditto\n|-damage|p2a: Garganacl|66\/100|[from] Salt Cure\n|upkeep\n|c|\u2606jjhii999|Greninja is Sneaky. You got to look out for him.\n|\n|t:|1682953645\n|switch|p2b: Iron Bundle|Iron Bundle, L50, shiny|100\/100\n|switch|p1b: Maradona|Iron Hands, L50|18\/100\n|turn|9\n|\n|t:|1682953656\n|move|p2b: Iron Bundle|Protect|p2b: Iron Bundle\n|-singleturn|p2b: Iron Bundle|Protect\n|move|p1b: Maradona|Close Combat|p2b: Iron Bundle\n|-activate|p2b: Iron Bundle|move: Protect\n|move|p2a: Garganacl|Salt Cure|p1b: Maradona\n|-resisted|p1b: Maradona\n|-damage|p1b: Maradona|13\/100\n|-start|p1b: Maradona|Salt Cure\n|\n|-heal|p2a: Garganacl|72\/100|[from] item: Leftovers\n|-damage|p1b: Maradona|1\/100|[from] Salt Cure\n|-damage|p2a: Garganacl|60\/100|[from] Salt Cure\n|upkeep\n|turn|10\n|j| Dinoboss18794\n|\n|t:|1682953669\n|move|p2b: Iron Bundle|Encore|p1b: Maradona\n|-start|p1b: Maradona|Encore\n|move|p1b: Maradona|Close Combat|p2b: Iron Bundle\n|-supereffective|p2b: Iron Bundle\n|-enditem|p2b: Iron Bundle|Focus Sash\n|-damage|p2b: Iron Bundle|1\/100\n|-unboost|p1b: Maradona|def|1\n|-unboost|p1b: Maradona|spd|1\n|move|p2a: Garganacl|Salt Cure|p1b: Maradona\n|-resisted|p1b: Maradona\n|-damage|p1b: Maradona|0 fnt\n|faint|p1b: Maradona\n|-end|p1b: Maradona|Quark Drive|[silent]\n|\n|win|jjhii999\n|raw|nikitakruchev's rating: 1111 → 1081<\/strong> (-30 for losing)\n|raw|jjhii999's rating: 1040 → 1081<\/strong> (+41 for winning)\n|c| Dinoboss18794|sexy\n|l| Dinoboss18794\n","uploadtime":1682953678,"views":23,"p1id":"nikitakruchev","p2id":"jjhii999","formatid":"gen9vgc2023regulationc","rating":1081,"private":0,"password":""}