{"id":"gen9vgc2023regulationc-1844875767","p1":"Qwil32","p2":"FanTNTastic","format":"[Gen 9] VGC 2023 Regulation C","log":"|j|\u2606Qwil32\n|j|\u2606FanTNTastic\n|t:|1681659275\n|gametype|doubles\n|player|p1|Qwil32|preschooler|1004\n|player|p2|FanTNTastic|pokemaniac|1000\n|teamsize|p1|6\n|teamsize|p2|6\n|gen|9\n|tier|[Gen 9] VGC 2023 Regulation C\n|rated|\n|rule|Species Clause: Limit one of each Pok\u00e9mon\n|rule|Item Clause: Limit one of each item\n|clearpoke\n|poke|p1|Murkrow, L50, M|\n|poke|p1|Slaking, L50, F|\n|poke|p1|Dragonite, L50, F|\n|poke|p1|Gholdengo, L50|\n|poke|p1|Grafaiai, L50, M|\n|poke|p1|Arcanine, L50, F|\n|poke|p2|Azumarill, L50, F|\n|poke|p2|Umbreon, L50, M|\n|poke|p2|Coalossal, L50, M|\n|poke|p2|Torkoal, L50, M|\n|poke|p2|Ceruledge, L50, M|\n|poke|p2|Talonflame, L50, M|\n|teampreview|4\n|\n|t:|1681659315\n|start\n|switch|p1a: Arcanine|Arcanine, L50, F|100\/100\n|switch|p1b: Dragonite|Dragonite, L50, F|100\/100\n|switch|p2a: Umbreon|Umbreon, L50, M|100\/100\n|switch|p2b: Talonflame|Talonflame, L50, M|100\/100\n|-ability|p1a: Arcanine|Intimidate|boost\n|-fail|p2a: Umbreon|unboost|Attack|[from] ability: Inner Focus|[of] p2a: Umbreon\n|-fail|p2b: Talonflame|unboost|[from] item: Clear Amulet|[of] p2b: Talonflame\n|turn|1\n|\n|t:|1681659352\n|move|p1b: Dragonite|Extreme Speed|p2b: Talonflame\n|-damage|p2b: Talonflame|46\/100\n|-damage|p1b: Dragonite|91\/100|[from] item: Life Orb\n|move|p2b: Talonflame|Tailwind|p2b: Talonflame\n|-sidestart|p2: FanTNTastic|move: Tailwind\n|move|p2a: Umbreon|Reflect|p2a: Umbreon\n|-sidestart|p2: FanTNTastic|Reflect\n|move|p1a: Arcanine|Flare Blitz|p2a: Umbreon\n|-damage|p2a: Umbreon|69\/100\n|-damage|p1a: Arcanine|89\/100|[from] Recoil\n|\n|upkeep\n|turn|2\n|\n|t:|1681659391\n|move|p1b: Dragonite|Extreme Speed|p2b: Talonflame\n|-damage|p2b: Talonflame|8\/100\n|-damage|p1b: Dragonite|81\/100|[from] item: Life Orb\n|move|p2b: Talonflame|Brave Bird|p1b: Dragonite\n|-damage|p1b: Dragonite|27\/100\n|-damage|p2b: Talonflame|0 fnt|[from] Recoil\n|faint|p2b: Talonflame\n|move|p2a: Umbreon|Skill Swap|p1a: Arcanine\n|-activate|p2a: Umbreon|move: Skill Swap|Intimidate|Inner Focus|[of] p1a: Arcanine\n|-ability|p2a: Umbreon|Intimidate|boost\n|-fail|p1a: Arcanine|unboost|Attack|[from] ability: Inner Focus|[of] p1a: Arcanine\n|-fail|p1b: Dragonite|unboost|Attack|[from] ability: Inner Focus|[of] p1b: Dragonite\n|move|p1a: Arcanine|Flare Blitz|p2a: Umbreon\n|-damage|p2a: Umbreon|38\/100\n|-damage|p1a: Arcanine|78\/100|[from] Recoil\n|\n|upkeep\n|\n|t:|1681659413\n|switch|p2b: Azumarill|Azumarill, L50, F|100\/100\n|turn|3\n|\n|t:|1681659443\n|switch|p2a: Coalossal|Coalossal, L50, M|100\/100\n|move|p1b: Dragonite|Extreme Speed|p2b: Azumarill\n|-damage|p2b: Azumarill|75\/100\n|-damage|p1b: Dragonite|17\/100|[from] item: Life Orb\n|move|p2b: Azumarill|Soak|p1a: Arcanine\n|-start|p1a: Arcanine|typechange|Water\n|move|p1a: Arcanine|Will-O-Wisp|p2b: Azumarill\n|-status|p2b: Azumarill|brn\n|\n|-damage|p2b: Azumarill|70\/100 brn|[from] brn\n|upkeep\n|turn|4\n|\n|t:|1681659468\n|move|p1a: Arcanine|Protect|p1a: Arcanine\n|-singleturn|p1a: Arcanine|Protect\n|move|p2b: Azumarill|Aqua Jet|p2a: Coalossal\n|-supereffective|p2a: Coalossal\n|-damage|p2a: Coalossal|94\/100\n|-ability|p2a: Coalossal|Steam Engine|boost\n|-boost|p2a: Coalossal|spe|6\n|-enditem|p2a: Coalossal|Weakness Policy\n|-boost|p2a: Coalossal|atk|2|[from] item: Weakness Policy\n|-boost|p2a: Coalossal|spa|2|[from] item: Weakness Policy\n|move|p2a: Coalossal|Flamethrower|p1b: Dragonite\n|-resisted|p1b: Dragonite\n|-damage|p1b: Dragonite|0 fnt\n|faint|p1b: Dragonite\n|\n|-damage|p2b: Azumarill|64\/100 brn|[from] brn\n|-sideend|p2: FanTNTastic|move: Tailwind\n|upkeep\n|\n|t:|1681659485\n|switch|p1b: Slaking|Slaking, L50, F|100\/100\n|turn|5\n|\n|t:|1681659521\n|move|p2b: Azumarill|Helping Hand|p2a: Coalossal\n|-singleturn|p2a: Coalossal|Helping Hand|[of] p2b: Azumarill\n|move|p2a: Coalossal|Flamethrower|p1b: Slaking\n|-damage|p1b: Slaking|30\/100\n|move|p1b: Slaking|Drain Punch|p2a: Coalossal\n|-supereffective|p2a: Coalossal\n|-damage|p2a: Coalossal|62\/100\n|-heal|p1b: Slaking|43\/100|[from] drain|[of] p2a: Coalossal\n|move|p1a: Arcanine|Flare Blitz|p2a: Coalossal\n|-resisted|p2a: Coalossal\n|-damage|p2a: Coalossal|57\/100\n|-damage|p1a: Arcanine|76\/100|[from] Recoil\n|\n|-damage|p2b: Azumarill|58\/100 brn|[from] brn\n|-sideend|p2: FanTNTastic|Reflect\n|upkeep\n|turn|6\n|\n|t:|1681659545\n|switch|p1b: Grafaiai|Grafaiai, L50, M|100\/100\n|move|p2b: Azumarill|Helping Hand|p2a: Coalossal\n|-singleturn|p2a: Coalossal|Helping Hand|[of] p2b: Azumarill\n|move|p2a: Coalossal|Flamethrower|p1b: Grafaiai\n|-enditem|p1b: Grafaiai|Focus Sash\n|-damage|p1b: Grafaiai|1\/100\n|move|p1a: Arcanine|Snarl|p2a: Coalossal|[spread] p2a,p2b\n|-resisted|p2b: Azumarill\n|-damage|p2a: Coalossal|50\/100\n|-damage|p2b: Azumarill|55\/100 brn\n|-unboost|p2a: Coalossal|spa|1\n|-unboost|p2b: Azumarill|spa|1\n|\n|-damage|p2b: Azumarill|49\/100 brn|[from] brn\n|upkeep\n|-enditem|p2b: Azumarill|Sitrus Berry|[eat]\n|-heal|p2b: Azumarill|73\/100 brn|[from] item: Sitrus Berry\n|turn|7\n|\n|t:|1681659583\n|move|p2b: Azumarill|Helping Hand|p2a: Coalossal\n|-singleturn|p2a: Coalossal|Helping Hand|[of] p2b: Azumarill\n|move|p2a: Coalossal|Earth Power|p1a: Arcanine\n|-damage|p1a: Arcanine|13\/100\n|-enditem|p1a: Arcanine|Sitrus Berry|[eat]\n|-heal|p1a: Arcanine|37\/100|[from] item: Sitrus Berry\n|move|p1b: Grafaiai|Super Fang|p2a: Coalossal\n|-damage|p2a: Coalossal|25\/100\n|move|p1a: Arcanine|Snarl|p2a: Coalossal|[spread] p2a,p2b\n|-resisted|p2b: Azumarill\n|-damage|p2a: Coalossal|19\/100\n|-damage|p2b: Azumarill|71\/100 brn\n|-unboost|p2a: Coalossal|spa|1\n|-unboost|p2b: Azumarill|spa|1\n|\n|-damage|p2b: Azumarill|65\/100 brn|[from] brn\n|upkeep\n|turn|8\n|\n|t:|1681659615\n|move|p2b: Azumarill|Helping Hand|p2a: Coalossal\n|-singleturn|p2a: Coalossal|Helping Hand|[of] p2b: Azumarill\n|move|p1b: Grafaiai|Doodle|p2a: Coalossal\n|-endability|p1a: Arcanine|Inner Focus|[from] move: Doodle\n|-ability|p1a: Arcanine|Steam Engine|[from] move: Doodle\n|-endability|p1b: Grafaiai|Prankster|[from] move: Doodle\n|-ability|p1b: Grafaiai|Steam Engine|[from] move: Doodle\n|move|p2a: Coalossal|Earth Power|p1a: Arcanine\n|-damage|p1a: Arcanine|0 fnt\n|faint|p1a: Arcanine\n|\n|-damage|p2b: Azumarill|59\/100 brn|[from] brn\n|upkeep\n|\n|t:|1681659629\n|switch|p1a: Slaking|Slaking, L50, F|43\/100\n|turn|9\n|\n|t:|1681659647\n|move|p2b: Azumarill|Helping Hand|p2a: Coalossal\n|-singleturn|p2a: Coalossal|Helping Hand|[of] p2b: Azumarill\n|move|p1a: Slaking|Sucker Punch|p2a: Coalossal\n|-damage|p2a: Coalossal|0 fnt\n|faint|p2a: Coalossal\n|move|p1b: Grafaiai|Doodle|p2b: Azumarill\n|-endability|p1a: Slaking|Truant|[from] move: Doodle\n|-ability|p1a: Slaking|Sap Sipper|[from] move: Doodle\n|-endability|p1b: Grafaiai|Steam Engine|[from] move: Doodle\n|-ability|p1b: Grafaiai|Sap Sipper|[from] move: Doodle\n|\n|-damage|p2b: Azumarill|53\/100 brn|[from] brn\n|upkeep\n|\n|t:|1681659660\n|switch|p2a: Umbreon|Umbreon, L50, M|38\/100\n|turn|10\n|c|\u2606Qwil32|wait but why sap sipper tho\n|-activate|p2a: Umbreon|item: Quick Claw\n|\n|t:|1681659688\n|move|p2a: Umbreon|Reflect|p2a: Umbreon\n|-sidestart|p2: FanTNTastic|Reflect\n|move|p1b: Grafaiai|Parting Shot|p2b: Azumarill\n|-unboost|p2b: Azumarill|atk|1\n|-unboost|p2b: Azumarill|spa|1\n|move|p1a: Slaking|Drain Punch|p2a: Umbreon\n|-supereffective|p2a: Umbreon\n|-damage|p2a: Umbreon|2\/100\n|-heal|p1a: Slaking|57\/100|[from] drain|[of] p2a: Umbreon\n|move|p2b: Azumarill|Perish Song|p2b: Azumarill\n|-start|p1a: Slaking|perish3|[silent]\n|-start|p1b: Grafaiai|perish3|[silent]\n|-start|p2a: Umbreon|perish3|[silent]\n|-start|p2b: Azumarill|perish3|[silent]\n|-fieldactivate|move: Perish Song\n|\n|-damage|p2b: Azumarill|47\/100 brn|[from] brn\n|-start|p1b: Grafaiai|perish3\n|-start|p1a: Slaking|perish3\n|-start|p2a: Umbreon|perish3\n|-start|p2b: Azumarill|perish3\n|upkeep\n|turn|11\n|\n|t:|1681659736\n|move|p2b: Azumarill|Helping Hand|p2a: Umbreon\n|-singleturn|p2a: Umbreon|Helping Hand|[of] p2b: Azumarill\n|move|p1b: Grafaiai|Super Fang|p2b: Azumarill\n|-damage|p2b: Azumarill|24\/100 brn\n|move|p1a: Slaking|Body Slam|p2a: Umbreon\n|-damage|p2a: Umbreon|0 fnt\n|faint|p2a: Umbreon\n|\n|-damage|p2b: Azumarill|18\/100 brn|[from] brn\n|-start|p1b: Grafaiai|perish2\n|-start|p1a: Slaking|perish2\n|-start|p2b: Azumarill|perish2\n|upkeep\n|turn|12\n|\n|t:|1681659759\n|move|p2b: Azumarill|Aqua Jet|p1b: Grafaiai\n|-damage|p1b: Grafaiai|0 fnt\n|faint|p1b: Grafaiai\n|move|p1a: Slaking|Body Slam|p2b: Azumarill\n|-damage|p2b: Azumarill|0 fnt\n|faint|p2b: Azumarill\n|\n|win|Qwil32\n|raw|Qwil32's rating: 1004 → 1043<\/strong> (+39 for winning)\n|raw|FanTNTastic's rating: 1000 → 1000<\/strong> (+0 for losing)\n","uploadtime":1681659769,"views":12,"p1id":"qwil32","p2id":"fantntastic","formatid":"gen9vgc2023regulationc","rating":1000,"private":0,"password":""}