{"id":"gen9vgc2023regulationc-1861344386","p1":"Himi_Him","p2":"DarthIgnus","format":"[Gen 9] VGC 2023 Regulation C","log":"|j|\u2606Himi_Him\n|j|\u2606DarthIgnus\n|t:|1683747918\n|gametype|doubles\n|player|p1|Himi_Him|steven|1308\n|player|p2|DarthIgnus|dragontamer|1351\n|teamsize|p1|6\n|teamsize|p2|6\n|gen|9\n|tier|[Gen 9] VGC 2023 Regulation C\n|rated|\n|rule|Species Clause: Limit one of each Pok\u00e9mon\n|rule|Item Clause: Limit one of each item\n|clearpoke\n|poke|p1|Pincurchin, L50, M|\n|poke|p1|Iron Bundle, L50|\n|poke|p1|Flutter Mane, L50|\n|poke|p1|Iron Hands, L50|\n|poke|p1|Ting-Lu, L50|\n|poke|p1|Gyarados, L50, F|\n|poke|p2|Orthworm, L50, M|\n|poke|p2|Flutter Mane, L50|\n|poke|p2|Dragonite, L50, M|\n|poke|p2|Ting-Lu, L50|\n|poke|p2|Gyarados, L50, F|\n|poke|p2|Chien-Pao, L50|\n|teampreview|4\n|inactive|Battle timer is ON: inactive players will automatically lose when time's up. (requested by Himi_Him)\nDarthIgnus has agreed to open team sheets.\n|inactive|DarthIgnus has 60 seconds left.\n|inactive|DarthIgnus has 30 seconds left.\n|inactive|DarthIgnus has 20 seconds left.\n|\n|t:|1683747990\n|start\n|switch|p1a: Iron Hands|Iron Hands, L50|100\/100\n|switch|p1b: Gyarados|Gyarados, L50, F|100\/100\n|switch|p2a: Orthworm|Orthworm, L50, M|100\/100\n|switch|p2b: Ting-Lu|Ting-Lu, L50|100\/100\n|-ability|p1b: Gyarados|Intimidate|boost\n|-unboost|p2a: Orthworm|atk|1\n|-unboost|p2b: Ting-Lu|atk|1\n|-ability|p2b: Ting-Lu|Vessel of Ruin\n|turn|1\n|inactive|DarthIgnus has 30 seconds left.\n|\n|t:|1683748017\n|-terastallize|p2b: Ting-Lu|Poison\n|move|p1b: Gyarados|Dragon Dance|p1b: Gyarados\n|-boost|p1b: Gyarados|atk|1\n|-boost|p1b: Gyarados|spe|1\n|move|p2b: Ting-Lu|Earthquake|p1b: Gyarados|[spread] p1a\n|-immune|p2a: Orthworm|[from] ability: Earth Eater\n|-immune|p1b: Gyarados\n|-supereffective|p1a: Iron Hands\n|-damage|p1a: Iron Hands|59\/100\n|move|p2a: Orthworm|Iron Defense|p2a: Orthworm\n|-boost|p2a: Orthworm|def|2\n|-enditem|p1a: Iron Hands|Mirror Herb\n|-boost|p1a: Iron Hands|def|2|[from] item: Mirror Herb\n|move|p1a: Iron Hands|Swords Dance|p1a: Iron Hands\n|-boost|p1a: Iron Hands|atk|2\n|\n|upkeep\n|turn|2\n|inactive|DarthIgnus has 30 seconds left.\n|\n|t:|1683748046\n|move|p1b: Gyarados|Waterfall|p2b: Ting-Lu\n|-damage|p2b: Ting-Lu|69\/100\n|move|p2b: Ting-Lu|Earthquake|p1b: Gyarados|[spread] p1a\n|-immune|p2a: Orthworm|[from] ability: Earth Eater\n|-immune|p1b: Gyarados\n|-supereffective|p1a: Iron Hands\n|-damage|p1a: Iron Hands|38\/100\n|move|p2a: Orthworm|Shed Tail|p2a: Orthworm\n|-start|p2a: Orthworm|Substitute|[from] move: Shed Tail\n|-damage|p2a: Orthworm|50\/100\n|-enditem|p2a: Orthworm|Sitrus Berry|[eat]\n|-heal|p2a: Orthworm|75\/100|[from] item: Sitrus Berry\n|\n|t:|1683748059\n|switch|p2a: Flutter Mane|Flutter Mane, L50|100\/100|[from] Shed Tail\n|-enditem|p2a: Flutter Mane|Booster Energy\n|-activate|p2a: Flutter Mane|ability: Protosynthesis|[fromitem]\n|-start|p2a: Flutter Mane|protosynthesisspe\n|move|p1a: Iron Hands|Drain Punch|p2b: Ting-Lu\n|-resisted|p2b: Ting-Lu\n|-damage|p2b: Ting-Lu|42\/100\n|-heal|p1a: Iron Hands|50\/100|[from] drain|[of] p2b: Ting-Lu\n|\n|upkeep\n|turn|3\n|\n|t:|1683748084\n|switch|p2b: Orthworm|Orthworm, L50, M|75\/100\n|-terastallize|p1a: Iron Hands|Fire\n|move|p2a: Flutter Mane|Thunderbolt|p1b: Gyarados\n|-supereffective|p1b: Gyarados\n|-damage|p1b: Gyarados|0 fnt\n|faint|p1b: Gyarados\n|move|p1a: Iron Hands|Wild Charge|p2a: Flutter Mane\n|-end|p2a: Flutter Mane|Substitute\n|-damage|p1a: Iron Hands|46\/100|[from] Recoil|[of] p2a: Flutter Mane\n|\n|upkeep\n|\n|t:|1683748099\n|switch|p1b: Iron Bundle|Iron Bundle, L50|100\/100\n|turn|4\n|\n|t:|1683748112\n|move|p2a: Flutter Mane|Protect|p2a: Flutter Mane\n|-singleturn|p2a: Flutter Mane|Protect\n|move|p1b: Iron Bundle|Hydro Pump|p2a: Flutter Mane\n|-activate|p2a: Flutter Mane|move: Protect\n|move|p2b: Orthworm|Body Press|p1b: Iron Bundle\n|-supereffective|p1b: Iron Bundle\n|-damage|p1b: Iron Bundle|27\/100\n|move|p1a: Iron Hands|Drain Punch|p2b: Orthworm\n|-supereffective|p2b: Orthworm\n|-damage|p2b: Orthworm|0 fnt\n|-heal|p1a: Iron Hands|71\/100|[from] drain|[of] p2b: Orthworm\n|faint|p2b: Orthworm\n|\n|upkeep\n|\n|t:|1683748125\n|switch|p2b: Chien-Pao|Chien-Pao, L50|100\/100\n|-ability|p2b: Chien-Pao|Sword of Ruin\n|turn|5\n|\n|t:|1683748142\n|-end|p1b: Iron Bundle|Quark Drive|[silent]\n|switch|p1b: Pincurchin|Pincurchin, L50, M|100\/100\n|-fieldstart|move: Electric Terrain|[from] ability: Electric Surge|[of] p1b: Pincurchin\n|-activate|p1a: Iron Hands|ability: Quark Drive\n|-start|p1a: Iron Hands|quarkdriveatk\n|move|p2b: Chien-Pao|Sucker Punch||[still]\n|-fail|p2b: Chien-Pao\n|move|p2a: Flutter Mane|Shadow Ball|p1a: Iron Hands\n|-damage|p1a: Iron Hands|33\/100\n|move|p1a: Iron Hands|Fire Punch|p2a: Flutter Mane\n|-damage|p2a: Flutter Mane|0 fnt\n|faint|p2a: Flutter Mane\n|-end|p2a: Flutter Mane|Protosynthesis|[silent]\n|\n|upkeep\n|\n|t:|1683748155\n|switch|p2a: Ting-Lu|Ting-Lu, L50, tera:Poison|42\/100\n|-ability|p2a: Ting-Lu|Vessel of Ruin\n|turn|6\n|\n|t:|1683748173\n|move|p2b: Chien-Pao|Protect|p2b: Chien-Pao\n|-singleturn|p2b: Chien-Pao|Protect\n|move|p2a: Ting-Lu|Earthquake|p1b: Pincurchin|[spread] p1a,p1b\n|-activate|p2b: Chien-Pao|move: Protect\n|-supereffective|p1a: Iron Hands\n|-supereffective|p1b: Pincurchin\n|-damage|p1a: Iron Hands|0 fnt\n|-damage|p1b: Pincurchin|0 fnt\n|faint|p1a: Iron Hands\n|-end|p1a: Iron Hands|Quark Drive|[silent]\n|faint|p1b: Pincurchin\n|\n|upkeep\n|inactive|Himi_Him has 30 seconds left.\n|\n|t:|1683748199\n|switch|p1b: Iron Bundle|Iron Bundle, L50|27\/100\n|-activate|p1b: Iron Bundle|ability: Quark Drive\n|-start|p1b: Iron Bundle|quarkdrivespe\n|turn|7\n|\n|t:|1683748207\n|move|p2b: Chien-Pao|Sucker Punch|p1b: Iron Bundle\n|-damage|p1b: Iron Bundle|0 fnt\n|faint|p1b: Iron Bundle\n|-end|p1b: Iron Bundle|Quark Drive|[silent]\n|\n|win|DarthIgnus\n|raw|Himi_Him's rating: 1308 → 1290<\/strong> (-18 for losing)\n|raw|DarthIgnus's rating: 1351 → 1369<\/strong> (+18 for winning)\n","uploadtime":1683748217,"views":16,"p1id":"himihim","p2id":"darthignus","formatid":"gen9vgc2023regulationc","rating":1290,"private":0,"password":""}