{"id":"gen9vgc2023regulationc-1850873590","p1":"Hadrian1917","p2":"Ritchies","format":"[Gen 9] VGC 2023 Regulation C","log":"|j|\u2606Hadrian1917\n|j|\u2606Ritchies\n|t:|1682376874\n|gametype|doubles\n|player|p1|Hadrian1917|brock|1093\n|player|p2|Ritchies|red|1144\n|teamsize|p1|6\n|teamsize|p2|6\n|gen|9\n|tier|[Gen 9] VGC 2023 Regulation C\n|rated|\n|rule|Species Clause: Limit one of each Pok\u00e9mon\n|rule|Item Clause: Limit one of each item\n|clearpoke\n|poke|p1|Flutter Mane, L50|\n|poke|p1|Arcanine, L50, M|\n|poke|p1|Baxcalibur, L50, F|\n|poke|p1|Ting-Lu, L50|\n|poke|p1|Gyarados, L50, M|\n|poke|p1|Amoonguss, L50, F|\n|poke|p2|Magnezone, L50|\n|poke|p2|Talonflame, L50, M|\n|poke|p2|Meowscarada, L50, M|\n|poke|p2|Chien-Pao, L50|\n|poke|p2|Gholdengo, L50|\n|poke|p2|Indeedee-F, L50, F|\n|teampreview|4\n|inactive|Battle timer is ON: inactive players will automatically lose when time's up. (requested by Ritchies)\n|\n|t:|1682376906\n|start\n|switch|p1a: Arcanine|Arcanine, L50, M|100\/100\n|switch|p1b: Baxcalibur|Baxcalibur, L50, F|100\/100\n|switch|p2a: Magnezone|Magnezone, L50|100\/100\n|switch|p2b: Indeedee|Indeedee-F, L50, F|100\/100\n|-ability|p1a: Arcanine|Intimidate|boost\n|-unboost|p2a: Magnezone|atk|1\n|-unboost|p2b: Indeedee|atk|1\n|-fieldstart|move: Psychic Terrain|[from] ability: Psychic Surge|[of] p2b: Indeedee\n|-enditem|p2b: Indeedee|Psychic Seed\n|-boost|p2b: Indeedee|spd|1|[from] item: Psychic Seed\n|turn|1\n|inactive|Hadrian1917 has 30 seconds left.\n|\n|t:|1682376932\n|move|p1a: Arcanine|Howl|p1a: Arcanine|[spread] p1a,p1b\n|-boost|p1a: Arcanine|atk|1\n|-boost|p1b: Baxcalibur|atk|1\n|move|p1b: Baxcalibur|Glaive Rush|p2b: Indeedee\n|-damage|p2b: Indeedee|1\/100\n|-singlemove|p1b: Baxcalibur|Glaive Rush|[silent]\n|move|p2b: Indeedee|Calm Mind|p2b: Indeedee\n|-boost|p2b: Indeedee|spa|1\n|-boost|p2b: Indeedee|spd|1\n|move|p2a: Magnezone|Flash Cannon|p1b: Baxcalibur\n|-supereffective|p1b: Baxcalibur\n|-damage|p1b: Baxcalibur|0 fnt\n|faint|p1b: Baxcalibur\n|\n|upkeep\n|\n|t:|1682376946\n|switch|p1b: Flutter Mane|Flutter Mane, L50|100\/100\n|turn|2\n|\n|t:|1682376959\n|move|p2b: Indeedee|Protect|p2b: Indeedee\n|-singleturn|p2b: Indeedee|Protect\n|move|p1b: Flutter Mane|Dazzling Gleam|p2b: Indeedee|[spread] p2a\n|-activate|p2b: Indeedee|move: Protect\n|-resisted|p2a: Magnezone\n|-damage|p2a: Magnezone|78\/100\n|move|p1a: Arcanine|Flare Blitz|p2a: Magnezone\n|-supereffective|p2a: Magnezone\n|-damage|p2a: Magnezone|0 fnt\n|faint|p2a: Magnezone\n|-damage|p1a: Arcanine|78\/100|[from] Recoil\n|\n|upkeep\n|\n|t:|1682376963\n|switch|p2a: Talonflame|Talonflame, L50, M|100\/100\n|turn|3\n|inactive|Hadrian1917 has 30 seconds left.\n|\n|t:|1682376997\n|move|p2a: Talonflame|Tailwind|p2a: Talonflame\n|-sidestart|p2: Ritchies|move: Tailwind\n|move|p2b: Indeedee|Psychic|p1b: Flutter Mane\n|-damage|p1b: Flutter Mane|45\/100\n|move|p1b: Flutter Mane|Dazzling Gleam|p2b: Indeedee|[spread] p2a,p2b\n|-resisted|p2a: Talonflame\n|-damage|p2a: Talonflame|69\/100\n|-damage|p2b: Indeedee|0 fnt\n|faint|p2b: Indeedee\n|move|p1a: Arcanine|Flare Blitz|p2a: Talonflame\n|-resisted|p2a: Talonflame\n|-damage|p2a: Talonflame|13\/100\n|-damage|p1a: Arcanine|63\/100|[from] Recoil\n|\n|upkeep\n|\n|t:|1682377008\n|switch|p2b: Gholdengo|Gholdengo, L50|100\/100\n|turn|4\n|\n|t:|1682377018\n|-end|p1b: Flutter Mane|Protosynthesis|[silent]\n|switch|p1b: Gyarados|Gyarados, L50, M|100\/100\n|-ability|p1b: Gyarados|Intimidate|boost\n|-unboost|p2a: Talonflame|atk|1\n|-unboost|p2b: Gholdengo|atk|1\n|-terastallize|p2b: Gholdengo|Fairy\n|move|p2a: Talonflame|Air Slash|p1a: Arcanine\n|-damage|p1a: Arcanine|36\/100\n|move|p2b: Gholdengo|Dazzling Gleam|p1b: Gyarados|[spread] p1a,p1b\n|-resisted|p1a: Arcanine\n|-damage|p1a: Arcanine|14\/100\n|-damage|p1b: Gyarados|68\/100\n|-damage|p2b: Gholdengo|91\/100|[from] item: Life Orb\n|move|p1a: Arcanine|Flare Blitz|p2b: Gholdengo\n|-damage|p2b: Gholdengo|9\/100\n|-damage|p1a: Arcanine|0 fnt|[from] Recoil\n|faint|p1a: Arcanine\n|\n|upkeep\n|\n|t:|1682377036\n|switch|p1a: Flutter Mane|Flutter Mane, L50|45\/100\n|turn|5\n|\n|t:|1682377052\n|move|p2a: Talonflame|Heat Wave|p1a: Flutter Mane|[spread] p1a,p1b\n|-resisted|p1b: Gyarados\n|-damage|p1a: Flutter Mane|19\/100\n|-damage|p1b: Gyarados|59\/100\n|move|p2b: Gholdengo|Make It Rain|p1a: Flutter Mane|[spread] p1a,p1b\n|-supereffective|p1a: Flutter Mane\n|-resisted|p1b: Gyarados\n|-damage|p1a: Flutter Mane|0 fnt\n|-damage|p1b: Gyarados|34\/100\n|-unboost|p2b: Gholdengo|spa|1\n|-enditem|p1b: Gyarados|Sitrus Berry|[eat]\n|-heal|p1b: Gyarados|59\/100|[from] item: Sitrus Berry\n|faint|p1a: Flutter Mane\n|-end|p1a: Flutter Mane|Protosynthesis|[silent]\n|-damage|p2b: Gholdengo|0 fnt|[from] item: Life Orb\n|faint|p2b: Gholdengo\n|move|p1b: Gyarados|Waterfall|p2a: Talonflame\n|-supereffective|p2a: Talonflame\n|-damage|p2a: Talonflame|0 fnt\n|faint|p2a: Talonflame\n|\n|win|Hadrian1917\n|raw|Hadrian1917's rating: 1093 → 1123<\/strong> (+30 for winning)\n|raw|Ritchies's rating: 1144 → 1115<\/strong> (-29 for losing)\n|l|\u2606Ritchies\n","uploadtime":1682377070,"views":8,"p1id":"hadrian1917","p2id":"ritchies","formatid":"gen9vgc2023regulationc","rating":1115,"private":0,"password":""}