{"id":"gen9vgc2023regulationc-1856918720","p1":"BenjiBankroll","p2":"StormBirdAR!081","format":"[Gen 9] VGC 2023 Regulation C","log":"|j|\u2606BenjiBankroll\n|j|\u2606StormBirdAR!081\n|t:|1683125712\n|gametype|doubles\n|player|p1|BenjiBankroll|265|1122\n|player|p2|StormBirdAR!081|266|1085\n|teamsize|p1|6\n|teamsize|p2|6\n|gen|9\n|tier|[Gen 9] VGC 2023 Regulation C\n|rated|\n|rule|Species Clause: Limit one of each Pok\u00e9mon\n|rule|Item Clause: Limit one of each item\n|clearpoke\n|poke|p1|Arcanine, L50, F|\n|poke|p1|Slowking, L50, F|\n|poke|p1|Kingambit, L50, F|\n|poke|p1|Rotom-Frost, L50|\n|poke|p1|Meowscarada, L50, M|\n|poke|p1|Hariyama, L50, F|\n|poke|p2|Scovillain, L50, F|\n|poke|p2|Annihilape, L50, F|\n|poke|p2|Torkoal, L50, M|\n|poke|p2|Bombirdier, L50, M|\n|poke|p2|Great Tusk, L50|\n|poke|p2|Florges, L50, F|\n|teampreview|4\n|l|\u2606BenjiBankroll\n|player|p1|\nStormBirdAR!081 has agreed to open team sheets.\n|inactive|Battle timer is ON: inactive players will automatically lose when time's up. (requested by StormBirdAR!081)\n|j|\u2606BenjiBankroll\n|inactive|BenjiBankroll reconnected and has 85 seconds left.\n|player|p1|BenjiBankroll|265\n|inactive|BenjiBankroll has 60 seconds left.\n|\n|t:|1683125794\n|start\n|switch|p1a: Slowking|Slowking, L50, F|100\/100\n|switch|p1b: Hariyama|Hariyama, L50, F|100\/100\n|switch|p2a: Scovillain|Scovillain, L50, F|100\/100\n|switch|p2b: Annihilape|Annihilape, L50, F|100\/100\n|turn|1\n|inactive|StormBirdAR!081 has 30 seconds left.\n|l|\u2606BenjiBankroll\n|inactive|BenjiBankroll disconnected and has a minute to reconnect!\n|player|p1|\n|\n|t:|1683125825\n|-terastallize|p1a: Slowking|Water\n|move|p1b: Hariyama|Fake Out|p2a: Scovillain\n|-damage|p2a: Scovillain|75\/100\n|move|p2b: Annihilape|Acrobatics|p1b: Hariyama\n|-supereffective|p1b: Hariyama\n|-damage|p1b: Hariyama|65\/100\n|move|p2a: Scovillain|Leaf Storm|p1a: Slowking\n|-supereffective|p1a: Slowking\n|-damage|p1a: Slowking|25\/100\n|-unboost|p2a: Scovillain|spa|2\n|move|p1a: Slowking|Trick Room|p1a: Slowking\n|-fieldstart|move: Trick Room|[of] p1a: Slowking\n|\n|-status|p1b: Hariyama|brn|[from] item: Flame Orb\n|upkeep\n|turn|2\n|j|\u2606BenjiBankroll\n|inactive|BenjiBankroll reconnected and has 35 seconds left.\n|player|p1|BenjiBankroll|265\n|inactive|BenjiBankroll has 30 seconds left.\n|inactive|BenjiBankroll has 20 seconds left.\n|inactive|StormBirdAR!081 has 30 seconds left.\n|inactive|BenjiBankroll has 15 seconds left.\n|inactive|StormBirdAR!081 has 20 seconds left.\n|\n|t:|1683125875\n|move|p1a: Slowking|Chilly Reception|p1a: Slowking\n|-weather|Snow\n|\n|t:|1683125880\n|switch|p1a: Rotom|Rotom-Frost, L50|100\/100|[from] Chilly Reception\n|move|p1b: Hariyama|Knock Off|p2b: Annihilape\n|-damage|p2b: Annihilape|42\/100\n|-enditem|p2b: Annihilape|Mirror Herb|[from] move: Knock Off|[of] p1b: Hariyama\n|move|p2a: Scovillain|Spicy Extract|p1b: Hariyama\n|-boost|p1b: Hariyama|atk|2\n|-unboost|p1b: Hariyama|def|2\n|move|p2b: Annihilape|Acrobatics|p1b: Hariyama\n|-supereffective|p1b: Hariyama\n|-damage|p1b: Hariyama|0 fnt\n|faint|p1b: Hariyama\n|\n|-weather|Snow|[upkeep]\n|upkeep\n|\n|t:|1683125899\n|switch|p1b: Slowking|Slowking, L50, F, tera:Water|58\/100\n|turn|3\n|\n|t:|1683125916\n|switch|p2a: Torkoal|Torkoal, L50, M|100\/100\n|-weather|SunnyDay|[from] ability: Drought|[of] p2a: Torkoal\n|move|p2b: Annihilape|Protect|p2b: Annihilape\n|-singleturn|p2b: Annihilape|Protect\n|move|p1b: Slowking|Psychic|p2a: Torkoal\n|-damage|p2a: Torkoal|50\/100\n|move|p1a: Rotom|Trick|p2b: Annihilape\n|-activate|p2b: Annihilape|move: Protect\n|\n|-weather|SunnyDay|[upkeep]\n|upkeep\n|turn|4\n|inactive|StormBirdAR!081 has 30 seconds left.\n|inactive|BenjiBankroll has 30 seconds left.\n|\n|t:|1683125953\n|move|p1b: Slowking|Chilly Reception|p1b: Slowking\n|-weather|Snow\n|\n|t:|1683125956\n|switch|p1b: Kingambit|Kingambit, L50, F|100\/100|[from] Chilly Reception\n|move|p2a: Torkoal|Heat Wave|p1a: Rotom|[spread] p1a,p1b\n|-supereffective|p1a: Rotom\n|-supereffective|p1b: Kingambit\n|-damage|p1a: Rotom|38\/100\n|-damage|p1b: Kingambit|40\/100\n|move|p1a: Rotom|Trick|p2b: Annihilape\n|-activate|p1a: Rotom|move: Trick|[of] p2b: Annihilape\n|-item|p2b: Annihilape|Choice Specs|[from] move: Trick\n|-enditem|p1a: Rotom|Choice Specs|[silent]|[from] move: Trick\n|move|p2b: Annihilape|Rage Fist|p1a: Rotom\n|-damage|p1a: Rotom|2\/100\n|\n|-weather|Snow|[upkeep]\n|upkeep\n|turn|5\n|inactive|BenjiBankroll has 30 seconds left.\n|\n|t:|1683125991\n|switch|p2b: Florges|Florges, L50, F|100\/100\n|move|p1b: Kingambit|Sucker Punch||[still]\n|-fail|p1b: Kingambit\n|move|p2a: Torkoal|Shell Smash|p2a: Torkoal\n|-unboost|p2a: Torkoal|def|1\n|-unboost|p2a: Torkoal|spd|1\n|-boost|p2a: Torkoal|atk|2\n|-boost|p2a: Torkoal|spa|2\n|-boost|p2a: Torkoal|spe|2\n|-enditem|p2a: Torkoal|White Herb\n|-activate|p2b: Florges|ability: Symbiosis|Choice Scarf|[of] p2a: Torkoal\n|-clearnegativeboost|p2a: Torkoal|[silent]\n|move|p1a: Rotom|Volt Switch|p2b: Florges\n|-damage|p2b: Florges|82\/100\n|\n|t:|1683126009\n|switch|p1a: Slowking|Slowking, L50, F, tera:Water|92\/100|[from] Volt Switch\n|\n|-weather|Snow|[upkeep]\n|-fieldend|move: Trick Room\n|upkeep\n|turn|6\n|\n|t:|1683126025\n|switch|p1b: Rotom|Rotom-Frost, L50|2\/100\n|move|p2a: Torkoal|Protect|p2a: Torkoal\n|-singleturn|p2a: Torkoal|Protect\n|move|p2b: Florges|Dazzling Gleam|p1a: Slowking|[spread] p1a,p1b\n|-damage|p1a: Slowking|76\/100\n|-damage|p1b: Rotom|0 fnt\n|faint|p1b: Rotom\n|move|p1a: Slowking|Trick Room|p1a: Slowking\n|-fieldstart|move: Trick Room|[of] p1a: Slowking\n|\n|-weather|Snow|[upkeep]\n|upkeep\n|\n|t:|1683126036\n|switch|p1b: Kingambit|Kingambit, L50, F|40\/100\n|turn|7\n|c|\u2606StormBirdAR!081|Oops\n|inactive|StormBirdAR!081 has 30 seconds left.\n|c|\u2606StormBirdAR!081|Dont scarf yourself into a protect. Gg\n|inactive|StormBirdAR!081 has 20 seconds left.\n|inactive|StormBirdAR!081 has 15 seconds left.\n|inactive|StormBirdAR!081 has 10 seconds left.\n|c|\u2606BenjiBankroll|Gg lol\n|inactive|StormBirdAR!081 has 5 seconds left.\n|\n|t:|1683126088\n|switch|p2a: Annihilape|Annihilape, L50, F|42\/100\n|move|p1a: Slowking|Psychic|p2a: Annihilape\n|-supereffective|p2a: Annihilape\n|-damage|p2a: Annihilape|0 fnt\n|faint|p2a: Annihilape\n|move|p1b: Kingambit|Iron Head|p2b: Florges\n|-supereffective|p2b: Florges\n|-damage|p2b: Florges|0 fnt\n|faint|p2b: Florges\n|\n|-weather|Snow|[upkeep]\n|upkeep\n|\n|t:|1683126106\n|switch|p2b: Torkoal|Torkoal, L50, M|50\/100\n|switch|p2a: Scovillain|Scovillain, L50, F|75\/100\n|-weather|SunnyDay|[from] ability: Drought|[of] p2b: Torkoal\n|turn|8\n|c|\u2606BenjiBankroll|Uh oh\n|\n|t:|1683126130\n|-terastallize|p2a: Scovillain|Grass\n|move|p1b: Kingambit|Sucker Punch|p2b: Torkoal\n|-damage|p2b: Torkoal|9\/100\n|move|p1a: Slowking|Psychic|p2a: Scovillain\n|-damage|p2a: Scovillain|20\/100\n|move|p2b: Torkoal|Heat Wave|p1a: Slowking|[spread] p1a,p1b\n|-resisted|p1a: Slowking\n|-supereffective|p1b: Kingambit\n|-damage|p1a: Slowking|63\/100\n|-damage|p1b: Kingambit|0 fnt\n|faint|p1b: Kingambit\n|move|p2a: Scovillain|Leaf Storm|p1a: Slowking\n|-supereffective|p1a: Slowking\n|-damage|p1a: Slowking|0 fnt\n|-unboost|p2a: Scovillain|spa|2\n|faint|p1a: Slowking\n|\n|win|StormBirdAR!081\n|raw|BenjiBankroll's rating: 1122 → 1094<\/strong> (-28 for losing)\n|raw|StormBirdAR!081's rating: 1085 → 1115<\/strong> (+30 for winning)\n|c|\u2606BenjiBankroll|Gg\n|l|\u2606BenjiBankroll\n|c|\u2606StormBirdAR!081|Gg Thank you!\n","uploadtime":1683126196,"views":9,"p1id":"benjibankroll","p2id":"stormbirdar081","formatid":"gen9vgc2023regulationc","rating":1094,"private":0,"password":""}