{"id":"gen9vgc2023regulationc-1851735116","p1":"Treeckoguy1","p2":"bsentinel","format":"[Gen 9] VGC 2023 Regulation C","log":"|j|\u2606Treeckoguy1\n|j|\u2606bsentinel\n|t:|1682475931\n|gametype|doubles\n|player|p1|Treeckoguy1|2|1515\n|player|p2|bsentinel|102|1469\n|teamsize|p1|6\n|teamsize|p2|6\n|gen|9\n|tier|[Gen 9] VGC 2023 Regulation C\n|rated|\n|rule|Species Clause: Limit one of each Pok\u00e9mon\n|rule|Item Clause: Limit one of each item\n|clearpoke\n|poke|p1|Pincurchin, L50, M|\n|poke|p1|Iron Valiant, L50|\n|poke|p1|Quaquaval, L50, M|\n|poke|p1|Gholdengo, L50|\n|poke|p1|Brambleghast, L50, M|\n|poke|p1|Iron Jugulis, L50|\n|poke|p2|Gastrodon, L50, M|\n|poke|p2|Iron Hands, L50|\n|poke|p2|Scream Tail, L50|\n|poke|p2|Dragapult, L50, F|\n|poke|p2|Gyarados, L50, F|\n|poke|p2|Amoonguss, L50, M|\n|teampreview|4\n|inactive|Battle timer is ON: inactive players will automatically lose when time's up. (requested by bsentinel)\n|inactive|Treeckoguy1 has 60 seconds left.\n|\n|t:|1682476011\n|start\n|switch|p1a: Iron Jugulis|Iron Jugulis, L50|100\/100\n|switch|p1b: Brambleghast|Brambleghast, L50, M|100\/100\n|switch|p2a: Scream Tail|Scream Tail, L50|100\/100\n|switch|p2b: Dragapult|Dragapult, L50, F|100\/100\n|-enditem|p2a: Scream Tail|Booster Energy\n|-activate|p2a: Scream Tail|ability: Protosynthesis|[fromitem]\n|-start|p2a: Scream Tail|protosynthesisspe\n|turn|1\n|\n|t:|1682476023\n|move|p2a: Scream Tail|Howl|p2a: Scream Tail|[spread] p2a,p2b\n|-boost|p2a: Scream Tail|atk|1\n|-boost|p2b: Dragapult|atk|1\n|move|p2b: Dragapult|Phantom Force||[still]\n|-prepare|p2b: Dragapult|Phantom Force\n|move|p1b: Brambleghast|Phantom Force||[still]\n|-prepare|p1b: Brambleghast|Phantom Force\n|move|p1a: Iron Jugulis|Tailwind|p1a: Iron Jugulis\n|-sidestart|p1: Treeckoguy1|move: Tailwind\n|-ability|p1b: Brambleghast|Wind Rider|boost\n|-boost|p1b: Brambleghast|atk|1\n|\n|upkeep\n|turn|2\n|inactive|bsentinel has 30 seconds left.\n|\n|t:|1682476050\n|move|p1b: Brambleghast|Phantom Force|p2a: Scream Tail|[from]lockedmove\n|-supereffective|p2a: Scream Tail\n|-damage|p2a: Scream Tail|0 fnt\n|faint|p2a: Scream Tail\n|-end|p2a: Scream Tail|Protosynthesis|[silent]\n|move|p1a: Iron Jugulis|Flash Cannon|p2b: Dragapult|[miss]\n|-miss|p1a: Iron Jugulis|p2b: Dragapult\n|move|p2b: Dragapult|Phantom Force|p1b: Brambleghast|[from]lockedmove\n|-supereffective|p1b: Brambleghast\n|-enditem|p1b: Brambleghast|Focus Sash\n|-damage|p1b: Brambleghast|1\/100\n|-damage|p2b: Dragapult|91\/100|[from] item: Life Orb\n|\n|upkeep\n|\n|t:|1682476068\n|switch|p2a: Iron Hands|Iron Hands, L50|100\/100\n|turn|3\n|\n|t:|1682476088\n|move|p2a: Iron Hands|Fake Out|p1a: Iron Jugulis\n|-crit|p1a: Iron Jugulis\n|-damage|p1a: Iron Jugulis|74\/100\n|move|p1b: Brambleghast|Strength Sap|p2a: Iron Hands\n|-unboost|p2a: Iron Hands|atk|1\n|-heal|p1b: Brambleghast|100\/100\n|cant|p1a: Iron Jugulis|flinch\n|move|p2b: Dragapult|Dragon Darts|p1a: Iron Jugulis\n|-damage|p1a: Iron Jugulis|26\/100\n|-anim|p2b: Dragapult|Dragon Darts|p1b: Brambleghast\n|-damage|p1b: Brambleghast|10\/100\n|-damage|p2b: Dragapult|81\/100|[from] item: Life Orb\n|\n|upkeep\n|turn|4\n|inactive|bsentinel has 30 seconds left.\n|\n|t:|1682476119\n|switch|p2b: Gyarados|Gyarados, L50, F|100\/100\n|-ability|p2b: Gyarados|Intimidate|boost\n|-unboost|p1a: Iron Jugulis|atk|1\n|-unboost|p1b: Brambleghast|atk|1\n|move|p1b: Brambleghast|Strength Sap|p2a: Iron Hands\n|-unboost|p2a: Iron Hands|atk|1\n|-heal|p1b: Brambleghast|100\/100\n|move|p1a: Iron Jugulis|Dark Pulse|p2b: Gyarados\n|-damage|p2b: Gyarados|69\/100\n|move|p2a: Iron Hands|Earthquake|p1b: Brambleghast|[spread] p1b\n|-immune|p2b: Gyarados\n|-immune|p1a: Iron Jugulis\n|-resisted|p1b: Brambleghast\n|-damage|p1b: Brambleghast|87\/100\n|\n|-sideend|p1: Treeckoguy1|move: Tailwind\n|upkeep\n|turn|5\n|inactive|bsentinel has 30 seconds left.\n|\n|t:|1682476149\n|-end|p2a: Iron Hands|Quark Drive|[silent]\n|switch|p2a: Dragapult|Dragapult, L50, F|81\/100\n|move|p1b: Brambleghast|Phantom Force||[still]\n|-prepare|p1b: Brambleghast|Phantom Force\n|move|p1a: Iron Jugulis|Tailwind|p1a: Iron Jugulis\n|-sidestart|p1: Treeckoguy1|move: Tailwind\n|-ability|p1b: Brambleghast|Wind Rider|boost\n|-boost|p1b: Brambleghast|atk|1\n|move|p2b: Gyarados|Waterfall|p1a: Iron Jugulis\n|-damage|p1a: Iron Jugulis|0 fnt\n|faint|p1a: Iron Jugulis\n|-end|p1a: Iron Jugulis|Quark Drive|[silent]\n|\n|upkeep\n|\n|t:|1682476163\n|switch|p1a: Pincurchin|Pincurchin, L50, M|100\/100\n|-fieldstart|move: Electric Terrain|[from] ability: Electric Surge|[of] p1a: Pincurchin\n|turn|6\n|\n|t:|1682476183\n|switch|p2a: Iron Hands|Iron Hands, L50|100\/100\n|-activate|p2a: Iron Hands|ability: Quark Drive\n|-start|p2a: Iron Hands|quarkdriveatk\n|move|p1a: Pincurchin|Sucker Punch||[still]\n|-fail|p1a: Pincurchin\n|move|p1b: Brambleghast|Phantom Force|p2b: Gyarados|[from]lockedmove\n|-damage|p2b: Gyarados|0 fnt\n|faint|p2b: Gyarados\n|\n|upkeep\n|\n|t:|1682476192\n|switch|p2b: Dragapult|Dragapult, L50, F|81\/100\n|turn|7\n|inactive|bsentinel has 30 seconds left.\n|inactive|Treeckoguy1 has 30 seconds left.\n|\n|t:|1682476228\n|-terastallize|p1b: Brambleghast|Grass\n|-terastallize|p2b: Dragapult|Steel\n|move|p1a: Pincurchin|Sucker Punch|p2b: Dragapult\n|-damage|p2b: Dragapult|60\/100\n|move|p1b: Brambleghast|Power Whip|p2b: Dragapult\n|-resisted|p2b: Dragapult\n|-damage|p2b: Dragapult|0 fnt\n|faint|p2b: Dragapult\n|move|p2a: Iron Hands|Earthquake|p1b: Brambleghast|[spread] p1a,p1b\n|-supereffective|p1a: Pincurchin\n|-resisted|p1b: Brambleghast\n|-damage|p1a: Pincurchin|36\/100\n|-damage|p1b: Brambleghast|51\/100\n|\n|upkeep\n|turn|8\n|\n|t:|1682476246\n|switch|p1a: Iron Valiant|Iron Valiant, L50|100\/100\n|-activate|p1a: Iron Valiant|ability: Quark Drive\n|-start|p1a: Iron Valiant|quarkdrivespe\n|move|p1b: Brambleghast|Strength Sap|p2a: Iron Hands\n|-unboost|p2a: Iron Hands|atk|1\n|-heal|p1b: Brambleghast|100\/100\n|move|p2a: Iron Hands|Earthquake|p1a: Iron Valiant|[spread] p1a,p1b\n|-resisted|p1b: Brambleghast\n|-damage|p1a: Iron Valiant|70\/100\n|-damage|p1b: Brambleghast|78\/100\n|\n|-sideend|p1: Treeckoguy1|move: Tailwind\n|upkeep\n|turn|9\n|-message|bsentinel forfeited.\n|\n|win|Treeckoguy1\n|raw|Treeckoguy1's rating: 1515 → 1532<\/strong> (+17 for winning)\n|raw|bsentinel's rating: 1469 → 1452<\/strong> (-17 for losing)\n|l|\u2606bsentinel\n","uploadtime":1682476333,"views":9,"p1id":"treeckoguy1","p2id":"bsentinel","formatid":"gen9vgc2023regulationc","rating":1452,"private":0,"password":""}