{"id":"gen9vgc2023regulationc-1858016270","p1":"Chinooooooo","p2":"trnchi","format":"[Gen 9] VGC 2023 Regulation C","log":"|j|\u2606Chinooooooo\n|j|\u2606trnchi\n|t:|1683260740\n|gametype|doubles\n|player|p1|Chinooooooo|hiker-gen4|\n|player|p2|trnchi|101|\n|teamsize|p1|6\n|teamsize|p2|6\n|gen|9\n|tier|[Gen 9] VGC 2023 Regulation C\n|rule|Species Clause: Limit one of each Pok\u00e9mon\n|rule|Item Clause: Limit one of each item\n|clearpoke\n|poke|p1|Dragonite, L50, M|\n|poke|p1|Gengar, L50, M|\n|poke|p1|Muk, L50, F|\n|poke|p1|Rotom-Heat, L50|\n|poke|p1|Goodra, L50, F|\n|poke|p1|Great Tusk, L50|\n|poke|p2|Gengar, L50, F|\n|poke|p2|Dragonite, L50, F|\n|poke|p2|Talonflame, L50, M|\n|poke|p2|Muk, L50, F|\n|poke|p2|Raichu, L50, F|\n|poke|p2|Heracross, L50, F|\n|teampreview|4\n|j| bloodycheese\ntrnchi has agreed to open team sheets.\n|\n|t:|1683260807\n|start\n|switch|p1a: Muk|Muk, L50, F|100\/100\n|switch|p1b: Goodra|Goodra, L50, F|100\/100\n|switch|p2a: Raichu|Raichu, L50, F|100\/100\n|switch|p2b: Heracross|Heracross, L50, F|100\/100\n|turn|1\n|\n|t:|1683260861\n|move|p2a: Raichu|Fake Out|p1b: Goodra\n|-damage|p1b: Goodra|93\/100\n|-ability|p1b: Goodra|Gooey\n|-unboost|p2a: Raichu|spe|1\n|move|p2b: Heracross|Rock Blast|p1b: Goodra\n|-damage|p1b: Goodra|85\/100\n|-damage|p1b: Goodra|77\/100\n|-damage|p1b: Goodra|70\/100\n|-hitcount|p1b: Goodra|3\n|cant|p1b: Goodra|flinch\n|move|p1a: Muk|Toxic|p2a: Raichu\n|-status|p2a: Raichu|tox\n|\n|-heal|p1b: Goodra|76\/100|[from] item: Leftovers\n|-damage|p2a: Raichu|95\/100 tox|[from] psn\n|upkeep\n|turn|2\n|\n|t:|1683260895\n|move|p2b: Heracross|Bug Buzz|p1b: Goodra\n|-damage|p1b: Goodra|66\/100\n|move|p2a: Raichu|Volt Switch|p1a: Muk\n|-damage|p1a: Muk|74\/100\n|\n|t:|1683260908\n|switch|p2a: Gengar|Gengar, L50, F|100\/100|[from] Volt Switch\n|move|p1b: Goodra|Flamethrower|p2b: Heracross\n|-supereffective|p2b: Heracross\n|-damage|p2b: Heracross|64\/100\n|move|p1a: Muk|Drain Punch|p2a: Gengar\n|-immune|p2a: Gengar\n|\n|-heal|p1b: Goodra|72\/100|[from] item: Leftovers\n|-heal|p1a: Muk|80\/100|[from] item: Black Sludge\n|upkeep\n|turn|3\n|\n|t:|1683260978\n|switch|p2b: Raichu|Raichu, L50, F|95\/100 tox\n|switch|p1a: Rotom|Rotom-Heat, L50|100\/100\n|move|p2a: Gengar|Sludge Bomb|p1b: Goodra\n|-damage|p1b: Goodra|47\/100\n|-status|p1b: Goodra|psn\n|move|p1b: Goodra|Thunderbolt|p2a: Gengar\n|-crit|p2a: Gengar\n|-damage|p2a: Gengar|53\/100\n|\n|-heal|p1b: Goodra|53\/100 psn|[from] item: Leftovers\n|-damage|p2b: Raichu|89\/100 tox|[from] psn\n|-damage|p1b: Goodra|41\/100 psn|[from] psn\n|upkeep\n|turn|4\n|\n|t:|1683261030\n|switch|p1b: Muk|Muk, L50, F|80\/100\n|move|p2b: Raichu|Fake Out|p1b: Muk\n|-damage|p1b: Muk|74\/100\n|move|p2a: Gengar|Sludge Bomb|p1b: Muk\n|-resisted|p1b: Muk\n|-damage|p1b: Muk|60\/100\n|move|p1a: Rotom|Dark Pulse|p2a: Gengar\n|-supereffective|p2a: Gengar\n|-damage|p2a: Gengar|0 fnt\n|faint|p2a: Gengar\n|\n|-heal|p1b: Muk|66\/100|[from] item: Black Sludge\n|-damage|p2b: Raichu|77\/100 tox|[from] psn\n|upkeep\n|\n|t:|1683261044\n|switch|p2a: Dragonite|Dragonite, L50, F|100\/100\n|turn|5\n|\n|t:|1683261069\n|move|p2b: Raichu|Protect|p2b: Raichu\n|-singleturn|p2b: Raichu|Protect\n|move|p1b: Muk|Protect|p1b: Muk\n|-singleturn|p1b: Muk|Protect\n|move|p2a: Dragonite|Earthquake|p1b: Muk|[spread] \n|-activate|p2b: Raichu|move: Protect\n|-activate|p1b: Muk|move: Protect\n|-immune|p1a: Rotom|[from] ability: Levitate\n|move|p1a: Rotom|Discharge|p2a: Dragonite|[spread] p2a\n|-activate|p1b: Muk|move: Protect\n|-activate|p2b: Raichu|move: Protect\n|-damage|p2a: Dragonite|75\/100\n|-status|p2a: Dragonite|par\n|\n|-heal|p1b: Muk|71\/100|[from] item: Black Sludge\n|-damage|p2b: Raichu|59\/100 tox|[from] psn\n|upkeep\n|turn|6\n|\n|t:|1683261122\n|move|p2b: Raichu|Thunderbolt|p1b: Muk\n|-damage|p1b: Muk|35\/100\n|move|p1a: Rotom|Overheat|p2b: Raichu\n|-damage|p2b: Raichu|0 fnt\n|-unboost|p1a: Rotom|spa|2\n|faint|p2b: Raichu\n|move|p2a: Dragonite|Fly||[still]\n|-prepare|p2a: Dragonite|Fly\n|move|p1b: Muk|Drain Punch|p2a: Dragonite|[miss]\n|-miss|p1b: Muk|p2a: Dragonite\n|\n|-heal|p1b: Muk|41\/100|[from] item: Black Sludge\n|upkeep\n|\n|t:|1683261134\n|switch|p2b: Heracross|Heracross, L50, F|64\/100\n|turn|7\n|\n|t:|1683261166\n|move|p2b: Heracross|Rock Blast|p1a: Rotom\n|-supereffective|p1a: Rotom\n|-crit|p1a: Rotom\n|-damage|p1a: Rotom|70\/100\n|-supereffective|p1a: Rotom\n|-damage|p1a: Rotom|50\/100\n|-hitcount|p1a: Rotom|2\n|move|p1a: Rotom|Overheat|p2b: Heracross\n|-supereffective|p2b: Heracross\n|-damage|p2b: Heracross|20\/100\n|-unboost|p1a: Rotom|spa|2\n|move|p2a: Dragonite|Fly|p1b: Muk|[from]lockedmove\n|-crit|p1b: Muk\n|-damage|p1b: Muk|0 fnt\n|faint|p1b: Muk\n|-damage|p2a: Dragonite|65\/100 par|[from] item: Life Orb\n|\n|upkeep\n|\n|t:|1683261180\n|switch|p1b: Goodra|Goodra, L50, F|41\/100 psn\n|turn|8\n|\n|t:|1683261194\n|move|p2b: Heracross|Rock Blast|p1a: Rotom\n|-supereffective|p1a: Rotom\n|-damage|p1a: Rotom|32\/100\n|-supereffective|p1a: Rotom\n|-damage|p1a: Rotom|13\/100\n|-enditem|p1a: Rotom|Aguav Berry|[eat]\n|-heal|p1a: Rotom|46\/100|[from] item: Aguav Berry\n|-hitcount|p1a: Rotom|2\n|move|p1a: Rotom|Overheat|p2b: Heracross\n|-supereffective|p2b: Heracross\n|-damage|p2b: Heracross|0 fnt\n|-unboost|p1a: Rotom|spa|2\n|faint|p2b: Heracross\n|move|p1b: Goodra|Sunny Day|p1b: Goodra\n|-weather|SunnyDay\n|cant|p2a: Dragonite|par\n|\n|-weather|SunnyDay|[upkeep]\n|-heal|p1b: Goodra|47\/100 psn|[from] item: Leftovers\n|-damage|p1b: Goodra|35\/100 psn|[from] psn\n|upkeep\n|turn|9\n|\n|t:|1683261237\n|switch|p1a: Great Tusk|Great Tusk, L50|100\/100\n|-activate|p1a: Great Tusk|ability: Protosynthesis\n|-start|p1a: Great Tusk|protosynthesisatk\n|move|p1b: Goodra|Life Dew||[still]|[spread] p1a,p1b\n|-fail|p1a: Great Tusk|heal\n|-heal|p1b: Goodra|60\/100 psn\n|move|p2a: Dragonite|Fly||[still]\n|-prepare|p2a: Dragonite|Fly\n|\n|-weather|SunnyDay|[upkeep]\n|-heal|p1b: Goodra|66\/100 psn|[from] item: Leftovers\n|-damage|p1b: Goodra|54\/100 psn|[from] psn\n|upkeep\n|turn|10\n|\n|t:|1683261258\n|move|p1a: Great Tusk|Ice Spinner|p2a: Dragonite|[miss]\n|-miss|p1a: Great Tusk|p2a: Dragonite\n|move|p1b: Goodra|Life Dew||[still]|[spread] p1a,p1b\n|-fail|p1a: Great Tusk|heal\n|-heal|p1b: Goodra|79\/100 psn\n|move|p2a: Dragonite|Fly|p1b: Goodra|[from]lockedmove\n|-damage|p1b: Goodra|13\/100 psn\n|-ability|p1b: Goodra|Gooey\n|-unboost|p2a: Dragonite|spe|1\n|-damage|p2a: Dragonite|55\/100 par|[from] item: Life Orb\n|\n|-weather|SunnyDay|[upkeep]\n|-heal|p1b: Goodra|19\/100 psn|[from] item: Leftovers\n|-damage|p1b: Goodra|7\/100 psn|[from] psn\n|upkeep\n|turn|11\n|\n|t:|1683261277\n|cant|p2a: Dragonite|par\n|move|p1a: Great Tusk|Ice Spinner|p2a: Dragonite\n|-supereffective|p2a: Dragonite\n|-damage|p2a: Dragonite|0 fnt\n|faint|p2a: Dragonite\n|\n|win|Chinooooooo\n|c|\u2606Chinooooooo|gg\n|c|\u2606trnchi|gg\n|l| bloodycheese\n","uploadtime":1683261295,"views":6,"p1id":"chinooooooo","p2id":"trnchi","formatid":"gen9vgc2023regulationc","rating":0,"private":0,"password":""}