{"id":"gen9vgc2023regulationc-1844966668","p1":"ArgoMcDorko","p2":"reettteer","format":"[Gen 9] VGC 2023 Regulation C","log":"|j|\u2606ArgoMcDorko\n|j|\u2606reettteer\n|t:|1681669067\n|gametype|doubles\n|player|p1|ArgoMcDorko|drayden|1106\n|player|p2|reettteer|1|1076\n|teamsize|p1|6\n|teamsize|p2|6\n|gen|9\n|tier|[Gen 9] VGC 2023 Regulation C\n|rated|\n|rule|Species Clause: Limit one of each Pok\u00e9mon\n|rule|Item Clause: Limit one of each item\n|clearpoke\n|poke|p1|Ceruledge, L50, M|\n|poke|p1|Amoonguss, L50, M|\n|poke|p1|Wo-Chien, L50|\n|poke|p1|Palafin, L50, F|\n|poke|p1|Grimmsnarl, L50, M|\n|poke|p1|Chi-Yu, L50|\n|poke|p2|Mimikyu, L50, M|\n|poke|p2|Garganacl, L50, M|\n|poke|p2|Torkoal, L50, M|\n|poke|p2|Gothitelle, L50, F|\n|poke|p2|Amoonguss, L50, M|\n|poke|p2|Jigglypuff, L50, M|\n|teampreview|4\n|inactive|Battle timer is ON: inactive players will automatically lose when time's up. (requested by ArgoMcDorko)\nArgoMcDorko rejected open team sheets.\n|\n|t:|1681669091\n|start\n|switch|p1a: Me|Ceruledge, L50, M|100\/100\n|switch|p1b: Pabafin|Palafin, L50, F|100\/100\n|switch|p2a: Mimikyu|Mimikyu, L50, M|100\/100\n|switch|p2b: Amoonguss|Amoonguss, L50, M, shiny|100\/100\n|turn|1\n|\n|t:|1681669109\n|detailschange|p1b: Pabafin|Palafin-Hero, L50, F\n|switch|p1b: Amogus|Amoonguss, L50, M, shiny|100\/100\n|move|p1a: Me|Flame Charge|p2b: Amoonguss\n|-supereffective|p2b: Amoonguss\n|-damage|p2b: Amoonguss|51\/100\n|-boost|p1a: Me|spe|1\n|-enditem|p2b: Amoonguss|Eject Button\n|\n|t:|1681669116\n|switch|p2b: Torkoal|Torkoal, L50, M|100\/100\n|-weather|SunnyDay|[from] ability: Drought|[of] p2b: Torkoal\n|move|p2a: Mimikyu|Trick Room|p2a: Mimikyu\n|-fieldstart|move: Trick Room|[of] p2a: Mimikyu\n|\n|-weather|SunnyDay|[upkeep]\n|upkeep\n|turn|2\n|\n|t:|1681669132\n|-terastallize|p2b: Torkoal|Fire\n|move|p2a: Mimikyu|Shadow Sneak|p1a: Me\n|-supereffective|p1a: Me\n|-damage|p1a: Me|58\/100\n|move|p1a: Me|Shadow Sneak|p2a: Mimikyu\n|-activate|p2a: Mimikyu|ability: Disguise\n|-damage|p2a: Mimikyu|100\/100\n|detailschange|p2a: Mimikyu|Mimikyu-Busted, L50, M\n|-damage|p2a: Mimikyu|88\/100|[from] pokemon: Mimikyu-Busted\n|move|p2b: Torkoal|Eruption|p1b: Amogus|[spread] p1b\n|-start|p1a: Me|ability: Flash Fire\n|-supereffective|p1b: Amogus\n|-damage|p1b: Amogus|0 fnt\n|faint|p1b: Amogus\n|\n|-weather|SunnyDay|[upkeep]\n|upkeep\n|\n|t:|1681669147\n|switch|p1b: Pabafin|Palafin-Hero, L50, F|100\/100\n|-activate|p1b: Pabafin|ability: Zero to Hero\n|turn|3\n|\n|t:|1681669162\n|move|p1b: Pabafin|Jet Punch|p2b: Torkoal\n|-supereffective|p2b: Torkoal\n|-damage|p2b: Torkoal|59\/100\n|move|p1a: Me|Shadow Sneak|p2a: Mimikyu\n|-supereffective|p2a: Mimikyu\n|-damage|p2a: Mimikyu|31\/100\n|move|p2b: Torkoal|Flamethrower|p1b: Pabafin\n|-resisted|p1b: Pabafin\n|-damage|p1b: Pabafin|55\/100\n|move|p2a: Mimikyu|Destiny Bond|p2a: Mimikyu\n|-singlemove|p2a: Mimikyu|Destiny Bond\n|\n|-weather|SunnyDay|[upkeep]\n|upkeep\n|turn|4\n|\n|t:|1681669177\n|move|p1b: Pabafin|Jet Punch|p2b: Torkoal\n|-supereffective|p2b: Torkoal\n|-damage|p2b: Torkoal|15\/100\n|move|p1a: Me|Shadow Sneak|p2b: Torkoal\n|-damage|p2b: Torkoal|0 fnt\n|faint|p2b: Torkoal\n|move|p2a: Mimikyu|Wood Hammer|p1b: Pabafin\n|-supereffective|p1b: Pabafin\n|-damage|p1b: Pabafin|0 fnt\n|faint|p1b: Pabafin\n|-damage|p2a: Mimikyu|10\/100|[from] Recoil\n|\n|-weather|SunnyDay|[upkeep]\n|upkeep\n|\n|t:|1681669194\n|switch|p2b: Amoonguss|Amoonguss, L50, M, shiny|84\/100\n|switch|p1b: SnapThatChildsBack|Chi-Yu, L50|100\/100\n|-ability|p1b: SnapThatChildsBack|Beads of Ruin\n|turn|5\n|\n|t:|1681669206\n|move|p2b: Amoonguss|Rage Powder|p2b: Amoonguss\n|-singleturn|p2b: Amoonguss|move: Rage Powder\n|move|p2a: Mimikyu|Destiny Bond|p2a: Mimikyu\n|-singlemove|p2a: Mimikyu|Destiny Bond\n|move|p1b: SnapThatChildsBack|Heat Wave|p2a: Mimikyu|[spread] p2a,p2b\n|-supereffective|p2b: Amoonguss\n|-damage|p2a: Mimikyu|0 fnt\n|-damage|p2b: Amoonguss|0 fnt\n|faint|p2a: Mimikyu\n|-activate|p2a: Mimikyu|move: Destiny Bond\n|faint|p2b: Amoonguss\n|faint|p1b: SnapThatChildsBack\n|move|p1a: Me|Bulk Up|p1a: Me\n|-boost|p1a: Me|atk|1\n|-boost|p1a: Me|def|1\n|\n|-weather|none\n|-fieldend|move: Trick Room\n|upkeep\n|\n|t:|1681669220\n|switch|p2b: Garganacl|Garganacl, L50, M|100\/100\n|turn|6\n|\n|t:|1681669231\n|-terastallize|p1a: Me|Grass\n|move|p1a: Me|Bitter Blade|p2b: Garganacl\n|-resisted|p2b: Garganacl\n|-damage|p2b: Garganacl|67\/100\n|-heal|p1a: Me|79\/100|[from] drain|[of] p2b: Garganacl\n|move|p2b: Garganacl|Salt Cure|p1a: Me\n|-damage|p1a: Me|68\/100\n|-start|p1a: Me|Salt Cure\n|\n|-heal|p2b: Garganacl|73\/100|[from] item: Leftovers\n|-damage|p1a: Me|56\/100|[from] Salt Cure\n|upkeep\n|turn|7\n|\n|t:|1681669243\n|move|p2b: Garganacl|Protect|p2b: Garganacl\n|-singleturn|p2b: Garganacl|Protect\n|move|p1a: Me|Bitter Blade|p2b: Garganacl\n|-activate|p2b: Garganacl|move: Protect\n|\n|-heal|p2b: Garganacl|79\/100|[from] item: Leftovers\n|-damage|p1a: Me|44\/100|[from] Salt Cure\n|upkeep\n|-enditem|p1a: Me|Sitrus Berry|[eat]\n|-heal|p1a: Me|68\/100|[from] item: Sitrus Berry\n|turn|8\n|\n|t:|1681669254\n|move|p1a: Me|Bitter Blade|p2b: Garganacl\n|-resisted|p2b: Garganacl\n|-damage|p2b: Garganacl|45\/100\n|-heal|p1a: Me|90\/100|[from] drain|[of] p2b: Garganacl\n|move|p2b: Garganacl|Recover|p2b: Garganacl\n|-heal|p2b: Garganacl|95\/100\n|\n|-heal|p2b: Garganacl|100\/100|[from] item: Leftovers\n|-damage|p1a: Me|78\/100|[from] Salt Cure\n|upkeep\n|turn|9\n|\n|t:|1681669266\n|move|p2b: Garganacl|Protect|p2b: Garganacl\n|-singleturn|p2b: Garganacl|Protect\n|move|p1a: Me|Bulk Up|p1a: Me\n|-boost|p1a: Me|atk|1\n|-boost|p1a: Me|def|1\n|\n|-damage|p1a: Me|66\/100|[from] Salt Cure\n|upkeep\n|turn|10\n|\n|t:|1681669275\n|move|p1a: Me|Bitter Blade|p2b: Garganacl\n|-resisted|p2b: Garganacl\n|-damage|p2b: Garganacl|51\/100\n|-heal|p1a: Me|97\/100|[from] drain|[of] p2b: Garganacl\n|move|p2b: Garganacl|Body Press|p1a: Me\n|-damage|p1a: Me|82\/100\n|\n|-heal|p2b: Garganacl|57\/100|[from] item: Leftovers\n|-damage|p1a: Me|70\/100|[from] Salt Cure\n|upkeep\n|turn|11\n|\n|t:|1681669285\n|move|p2b: Garganacl|Protect|p2b: Garganacl\n|-singleturn|p2b: Garganacl|Protect\n|move|p1a: Me|Bulk Up|p1a: Me\n|-boost|p1a: Me|atk|1\n|-boost|p1a: Me|def|1\n|\n|-heal|p2b: Garganacl|63\/100|[from] item: Leftovers\n|-damage|p1a: Me|58\/100|[from] Salt Cure\n|upkeep\n|turn|12\n|\n|t:|1681669295\n|move|p1a: Me|Bitter Blade|p2b: Garganacl\n|-resisted|p2b: Garganacl\n|-damage|p2b: Garganacl|1\/100\n|-heal|p1a: Me|98\/100|[from] drain|[of] p2b: Garganacl\n|move|p2b: Garganacl|Body Press|p1a: Me\n|-damage|p1a: Me|84\/100\n|\n|-heal|p2b: Garganacl|7\/100|[from] item: Leftovers\n|-damage|p1a: Me|72\/100|[from] Salt Cure\n|upkeep\n|turn|13\n|-message|reettteer forfeited.\n|\n|win|ArgoMcDorko\n|raw|ArgoMcDorko's rating: 1106 → 1129<\/strong> (+23 for winning)\n|raw|reettteer's rating: 1076 → 1056<\/strong> (-20 for losing)\n|l|\u2606reettteer\n|l|\u2606ArgoMcDorko\n|j|\u2606ArgoMcDorko\n|player|p1|ArgoMcDorko|drayden\n","uploadtime":1681669318,"views":9,"p1id":"argomcdorko","p2id":"reettteer","formatid":"gen9vgc2023regulationc","rating":1056,"private":0,"password":""}