{"id":"gen9vgc2023regulationc-1856987111","p1":"Klaw2023","p2":"adrpen","format":"[Gen 9] VGC 2023 Regulation C","log":"|j|\u2606Klaw2023\n|j|\u2606adrpen\n|t:|1683133814\n|gametype|doubles\n|player|p1|Klaw2023|266|1049\n|player|p2|adrpen|cynthia|1100\n|teamsize|p1|6\n|teamsize|p2|6\n|gen|9\n|tier|[Gen 9] VGC 2023 Regulation C\n|rated|\n|rule|Species Clause: Limit one of each Pok\u00e9mon\n|rule|Item Clause: Limit one of each item\n|clearpoke\n|poke|p1|Arcanine, L50, F|\n|poke|p1|Maushold-Four, L50|\n|poke|p1|Lucario, L50, F|\n|poke|p1|Girafarig, L50, F|\n|poke|p1|Dudunsparce-*, L50, M|\n|poke|p1|Chien-Pao, L50|\n|poke|p2|Amoonguss, L50, M|\n|poke|p2|Palafin, L50, M|\n|poke|p2|Iron Hands, L50|\n|poke|p2|Arcanine, L50, M|\n|poke|p2|Flutter Mane, L50|\n|poke|p2|Dragonite, L50, M|\n|teampreview|4\n|inactive|Battle timer is ON: inactive players will automatically lose when time's up. (requested by adrpen)\n|inactive|Klaw2023 has 60 seconds left.\n|inactive|adrpen has 60 seconds left.\n|inactive|Klaw2023 has 30 seconds left.\n|inactive|adrpen has 30 seconds left.\n|\n|t:|1683133884\n|start\n|switch|p1a: Dudunsparce|Dudunsparce-Three-Segment, L50, M|100\/100\n|switch|p1b: Girafarig|Girafarig, L50, F|100\/100\n|switch|p2a: Palafin|Palafin, L50, M, shiny|100\/100\n|switch|p2b: Flutter Mane|Flutter Mane, L50|100\/100\n|-enditem|p2b: Flutter Mane|Booster Energy\n|-activate|p2b: Flutter Mane|ability: Protosynthesis|[fromitem]\n|-start|p2b: Flutter Mane|protosynthesisspa\n|turn|1\n|inactive|adrpen has 30 seconds left.\n|inactive|adrpen has 20 seconds left.\n|inactive|adrpen has 15 seconds left.\n|inactive|adrpen has 10 seconds left.\n|\n|t:|1683133931\n|move|p2a: Palafin|Protect|p2a: Palafin\n|-singleturn|p2a: Palafin|Protect\n|move|p2b: Flutter Mane|Moonblast|p1a: Dudunsparce\n|-damage|p1a: Dudunsparce|42\/100\n|-unboost|p1a: Dudunsparce|spa|1\n|move|p1b: Girafarig|Beat Up|p1a: Dudunsparce\n|-damage|p1a: Dudunsparce|40\/100\n|-ability|p1a: Dudunsparce|Rattled|boost\n|-boost|p1a: Dudunsparce|spe|1\n|-damage|p1a: Dudunsparce|38\/100\n|-ability|p1a: Dudunsparce|Rattled|boost\n|-boost|p1a: Dudunsparce|spe|1\n|-damage|p1a: Dudunsparce|35\/100\n|-ability|p1a: Dudunsparce|Rattled|boost\n|-boost|p1a: Dudunsparce|spe|1\n|-damage|p1a: Dudunsparce|32\/100\n|-ability|p1a: Dudunsparce|Rattled|boost\n|-boost|p1a: Dudunsparce|spe|1\n|-hitcount|p1a: Dudunsparce|4\n|move|p1a: Dudunsparce|Calm Mind|p1a: Dudunsparce\n|-boost|p1a: Dudunsparce|spa|1\n|-boost|p1a: Dudunsparce|spd|1\n|\n|upkeep\n|turn|2\n|inactive|adrpen has 30 seconds left.\n|\n|t:|1683133964\n|move|p2b: Flutter Mane|Protect|p2b: Flutter Mane\n|-singleturn|p2b: Flutter Mane|Protect\n|move|p1b: Girafarig|Ally Switch|p1b: Girafarig\n|swap|p1b: Girafarig|0|[from] move: Ally Switch\n|move|p2a: Palafin|Jet Punch|p1a: Girafarig\n|-damage|p1a: Girafarig|73\/100\n|move|p1b: Dudunsparce|Roost|p1b: Dudunsparce\n|-heal|p1b: Dudunsparce|82\/100\n|-singleturn|p1b: Dudunsparce|move: Roost\n|\n|upkeep\n|turn|3\n|\n|t:|1683133984\n|-terastallize|p2b: Flutter Mane|Water\n|move|p1a: Girafarig|Helping Hand|p1b: Dudunsparce\n|-singleturn|p1b: Dudunsparce|Helping Hand|[of] p1a: Girafarig\n|move|p2a: Palafin|Jet Punch|p1b: Dudunsparce\n|-damage|p1b: Dudunsparce|59\/100\n|move|p1b: Dudunsparce|Stored Power|p2b: Flutter Mane\n|-damage|p2b: Flutter Mane|64\/100\n|move|p2b: Flutter Mane|Moonblast|p1b: Dudunsparce\n|-damage|p1b: Dudunsparce|18\/100\n|\n|upkeep\n|turn|4\n|\n|t:|1683134003\n|move|p2a: Palafin|Jet Punch|p1a: Girafarig\n|-damage|p1a: Girafarig|46\/100\n|move|p1b: Dudunsparce|Roost|p1b: Dudunsparce\n|-heal|p1b: Dudunsparce|68\/100\n|-singleturn|p1b: Dudunsparce|move: Roost\n|move|p2b: Flutter Mane|Moonblast|p1b: Dudunsparce\n|-damage|p1b: Dudunsparce|27\/100\n|-unboost|p1b: Dudunsparce|spa|1\n|move|p1a: Girafarig|Hyper Voice|p2b: Flutter Mane|[spread] p2a,p2b\n|-damage|p2a: Palafin|75\/100\n|-damage|p2b: Flutter Mane|43\/100\n|\n|upkeep\n|turn|5\n|inactive|adrpen has 30 seconds left.\n|\n|t:|1683134032\n|move|p1a: Girafarig|Ally Switch|p1a: Girafarig\n|swap|p1a: Girafarig|1|[from] move: Ally Switch\n|move|p2a: Palafin|Jet Punch|p1b: Girafarig\n|-damage|p1b: Girafarig|15\/100\n|move|p1a: Dudunsparce|Roost|p1a: Dudunsparce\n|-heal|p1a: Dudunsparce|77\/100\n|-singleturn|p1a: Dudunsparce|move: Roost\n|move|p2b: Flutter Mane|Moonblast|p1a: Dudunsparce\n|-damage|p1a: Dudunsparce|40\/100\n|-unboost|p1a: Dudunsparce|spa|1\n|\n|upkeep\n|turn|6\n|inactive|Klaw2023 has 30 seconds left.\n|inactive|adrpen has 30 seconds left.\n|inactive|Klaw2023 has 20 seconds left.\n|inactive|adrpen has 20 seconds left.\n|\n|t:|1683134071\n|move|p2a: Palafin|Jet Punch|p1b: Girafarig\n|-damage|p1b: Girafarig|0 fnt\n|faint|p1b: Girafarig\n|move|p1a: Dudunsparce|Calm Mind|p1a: Dudunsparce\n|-boost|p1a: Dudunsparce|spa|1\n|-boost|p1a: Dudunsparce|spd|1\n|move|p2b: Flutter Mane|Moonblast|p1a: Dudunsparce\n|-damage|p1a: Dudunsparce|11\/100\n|\n|upkeep\n|\n|t:|1683134081\n|switch|p1b: Lucario|Lucario, L50, F|100\/100\n|turn|7\n|\n|t:|1683134093\n|-end|p2b: Flutter Mane|Protosynthesis|[silent]\n|switch|p2b: Iron Hands|Iron Hands, L50, shiny|100\/100\n|move|p2a: Palafin|Jet Punch|p1a: Dudunsparce\n|-damage|p1a: Dudunsparce|0 fnt\n|faint|p1a: Dudunsparce\n|move|p1b: Lucario|Bullet Punch|p2b: Iron Hands\n|-resisted|p2b: Iron Hands\n|-crit|p2b: Iron Hands\n|-damage|p2b: Iron Hands|89\/100\n|\n|upkeep\n|\n|t:|1683134114\n|switch|p1a: Chien-Pao|Chien-Pao, L50|100\/100\n|-ability|p1a: Chien-Pao|Sword of Ruin\n|turn|8\n|inactive|adrpen has 30 seconds left.\n|inactive|adrpen has 20 seconds left.\n|inactive|adrpen has 15 seconds left.\n|inactive|adrpen has 10 seconds left.\n|\n|t:|1683134162\n|-terastallize|p1a: Chien-Pao|Dark\n|move|p2a: Palafin|Protect|p2a: Palafin\n|-singleturn|p2a: Palafin|Protect\n|move|p1a: Chien-Pao|Psychic Fangs|p2b: Iron Hands\n|-supereffective|p2b: Iron Hands\n|-damage|p2b: Iron Hands|11\/100\n|-damage|p1a: Chien-Pao|91\/100|[from] item: Life Orb\n|move|p1b: Lucario|Dig||[still]\n|-prepare|p1b: Lucario|Dig\n|move|p2b: Iron Hands|Drain Punch|p1b: Lucario|[miss]\n|-miss|p2b: Iron Hands|p1b: Lucario\n|\n|upkeep\n|turn|9\n|inactive|adrpen has 30 seconds left.\n|\n|t:|1683134191\n|-end|p2b: Iron Hands|Quark Drive|[silent]\n|switch|p2b: Amoonguss|Amoonguss, L50, M, shiny|100\/100\n|move|p1a: Chien-Pao|Icicle Crash|p2a: Palafin\n|-resisted|p2a: Palafin\n|-damage|p2a: Palafin|30\/100\n|-damage|p1a: Chien-Pao|81\/100|[from] item: Life Orb\n|cant|p2a: Palafin|flinch\n|move|p1b: Lucario|Dig|p2b: Amoonguss|[from]lockedmove\n|-damage|p2b: Amoonguss|67\/100\n|-damage|p1b: Lucario|84\/100|[from] item: Rocky Helmet|[of] p2b: Amoonguss\n|\n|upkeep\n|turn|10\n|\n|t:|1683134211\n|detailschange|p2a: Palafin|Palafin-Hero, L50, M, shiny\n|switch|p2a: Iron Hands|Iron Hands, L50, shiny|11\/100\n|move|p1b: Lucario|Extreme Speed|p2a: Iron Hands\n|-damage|p2a: Iron Hands|0 fnt\n|faint|p2a: Iron Hands\n|-end|p2a: Iron Hands|Quark Drive|[silent]\n|move|p1a: Chien-Pao|Psychic Fangs|p2b: Amoonguss\n|-supereffective|p2b: Amoonguss\n|-damage|p2b: Amoonguss|0 fnt\n|-damage|p1a: Chien-Pao|65\/100|[from] item: Rocky Helmet|[of] p2b: Amoonguss\n|faint|p2b: Amoonguss\n|-damage|p1a: Chien-Pao|55\/100|[from] item: Life Orb\n|\n|upkeep\n|\n|t:|1683134224\n|switch|p2a: Palafin|Palafin-Hero, L50, M, shiny|30\/100\n|switch|p2b: Flutter Mane|Flutter Mane, L50, tera:Water|43\/100\n|-activate|p2a: Palafin|ability: Zero to Hero\n|turn|11\n|inactive|Klaw2023 has 30 seconds left.\n|inactive|Klaw2023 has 20 seconds left.\n|\n|t:|1683134259\n|move|p2b: Flutter Mane|Protect|p2b: Flutter Mane\n|-singleturn|p2b: Flutter Mane|Protect\n|move|p1b: Lucario|Extreme Speed|p2b: Flutter Mane\n|-activate|p2b: Flutter Mane|move: Protect\n|move|p2a: Palafin|Jet Punch|p1a: Chien-Pao\n|-damage|p1a: Chien-Pao|0 fnt\n|faint|p1a: Chien-Pao\n|\n|upkeep\n|turn|12\n|-message|Klaw2023 forfeited.\n|\n|win|adrpen\n|raw|Klaw2023's rating: 1049 → 1034<\/strong> (-15 for losing)\n|raw|adrpen's rating: 1100 → 1121<\/strong> (+21 for winning)\n|l|\u2606Klaw2023\n","uploadtime":1683134323,"views":13,"p1id":"klaw2023","p2id":"adrpen","formatid":"gen9vgc2023regulationc","rating":1034,"private":0,"password":""}