{"id":"gen9vgc2023regulationc-1847880852","p1":"VirteX.21","p2":"cb-sooner","format":"[Gen 9] VGC 2023 Regulation C","log":"|j|\u2606VirteX.21\n|j|\u2606cb-sooner\n|t:|1682009555\n|gametype|doubles\n|player|p1|VirteX.21|red|1343\n|player|p2|cb-sooner|266|1270\n|teamsize|p1|6\n|teamsize|p2|6\n|gen|9\n|tier|[Gen 9] VGC 2023 Regulation C\n|rated|\n|rule|Species Clause: Limit one of each Pok\u00e9mon\n|rule|Item Clause: Limit one of each item\n|clearpoke\n|poke|p1|Roaring Moon, L50|\n|poke|p1|Gyarados, L50, M|\n|poke|p1|Chi-Yu, L50|\n|poke|p1|Flutter Mane, L50|\n|poke|p1|Amoonguss, L50, F|\n|poke|p1|Glimmora, L50, F|\n|poke|p2|Flutter Mane, L50|\n|poke|p2|Amoonguss, L50, F|\n|poke|p2|Iron Bundle, L50|\n|poke|p2|Palafin, L50, F|\n|poke|p2|Arcanine, L50, M|\n|poke|p2|Iron Hands, L50|\n|teampreview|4\n|inactive|Battle timer is ON: inactive players will automatically lose when time's up. (requested by VirteX.21)\n|\n|t:|1682009593\n|start\n|switch|p1a: Gyarados|Gyarados, L50, M, shiny|100\/100\n|switch|p1b: Flutter Mane|Flutter Mane, L50|100\/100\n|switch|p2a: Pengy|Iron Bundle, L50|100\/100\n|switch|p2b: Cool Spook|Flutter Mane, L50|100\/100\n|-ability|p1a: Gyarados|Intimidate|boost\n|-unboost|p2a: Pengy|atk|1\n|-unboost|p2b: Cool Spook|atk|1\n|-enditem|p2b: Cool Spook|Booster Energy\n|-activate|p2b: Cool Spook|ability: Protosynthesis|[fromitem]\n|-start|p2b: Cool Spook|protosynthesisspa\n|turn|1\n|inactive|cb-sooner has 30 seconds left.\n|inactive|VirteX.21 has 30 seconds left.\n|\n|t:|1682009637\n|-terastallize|p1b: Flutter Mane|Fairy\n|move|p2b: Cool Spook|Protect|p2b: Cool Spook\n|-singleturn|p2b: Cool Spook|Protect\n|move|p1a: Gyarados|Protect|p1a: Gyarados\n|-singleturn|p1a: Gyarados|Protect\n|move|p2a: Pengy|Icy Wind|p1a: Gyarados|[spread] \n|-activate|p1a: Gyarados|move: Protect\n|-miss|p2a: Pengy|p1b: Flutter Mane\n|move|p1b: Flutter Mane|Moonblast|p2a: Pengy\n|-enditem|p2a: Pengy|Focus Sash\n|-damage|p2a: Pengy|1\/100\n|-damage|p1b: Flutter Mane|91\/100|[from] item: Life Orb\n|\n|upkeep\n|turn|2\n|inactive|VirteX.21 has 30 seconds left.\n|inactive|cb-sooner has 30 seconds left.\n|\n|t:|1682009671\n|switch|p1a: Amoonguss|Amoonguss, L50, F, shiny|100\/100\n|-terastallize|p2b: Cool Spook|Fairy\n|move|p2a: Pengy|Icy Wind|p1a: Amoonguss|[spread] p1a,p1b\n|-supereffective|p1a: Amoonguss\n|-damage|p1a: Amoonguss|64\/100\n|-damage|p1b: Flutter Mane|70\/100\n|-unboost|p1a: Amoonguss|spe|1\n|-unboost|p1b: Flutter Mane|spe|1\n|move|p2b: Cool Spook|Moonblast|p1b: Flutter Mane\n|-damage|p1b: Flutter Mane|0 fnt\n|faint|p1b: Flutter Mane\n|-end|p1b: Flutter Mane|Protosynthesis|[silent]\n|\n|upkeep\n|\n|t:|1682009686\n|switch|p1b: Gyarados|Gyarados, L50, M, shiny|100\/100\n|-ability|p1b: Gyarados|Intimidate|boost\n|-unboost|p2a: Pengy|atk|1\n|-unboost|p2b: Cool Spook|atk|1\n|turn|3\n|\n|t:|1682009704\n|move|p1b: Gyarados|Protect|p1b: Gyarados\n|-singleturn|p1b: Gyarados|Protect\n|move|p2a: Pengy|Freeze-Dry|p1a: Amoonguss\n|-supereffective|p1a: Amoonguss\n|-damage|p1a: Amoonguss|1\/100\n|-enditem|p1a: Amoonguss|Sitrus Berry|[eat]\n|-heal|p1a: Amoonguss|26\/100|[from] item: Sitrus Berry\n|move|p2b: Cool Spook|Moonblast|p1b: Gyarados\n|-activate|p1b: Gyarados|move: Protect\n|move|p1a: Amoonguss|Pollen Puff|p2a: Pengy\n|-damage|p2a: Pengy|0 fnt\n|faint|p2a: Pengy\n|-end|p2a: Pengy|Quark Drive|[silent]\n|\n|upkeep\n|\n|t:|1682009714\n|switch|p2a: Awoofy|Arcanine, L50, M|100\/100\n|-ability|p2a: Awoofy|Intimidate|boost\n|-unboost|p1a: Amoonguss|atk|1\n|-unboost|p1b: Gyarados|atk|1\n|turn|4\n|\n|t:|1682009729\n|move|p2b: Cool Spook|Dazzling Gleam|p1a: Amoonguss|[spread] p1a,p1b\n|-resisted|p1a: Amoonguss\n|-damage|p1a: Amoonguss|5\/100\n|-damage|p1b: Gyarados|49\/100\n|move|p2a: Awoofy|Will-O-Wisp|p1b: Gyarados\n|-status|p1b: Gyarados|brn\n|move|p1b: Gyarados|Dragon Dance|p1b: Gyarados\n|-boost|p1b: Gyarados|atk|1\n|-boost|p1b: Gyarados|spe|1\n|move|p1a: Amoonguss|Spore|p2b: Cool Spook\n|-status|p2b: Cool Spook|slp|[from] move: Spore\n|\n|-damage|p1b: Gyarados|43\/100 brn|[from] brn\n|upkeep\n|turn|5\n|\n|t:|1682009749\n|cant|p2b: Cool Spook|slp\n|move|p2a: Awoofy|Extreme Speed|p1a: Amoonguss\n|-damage|p1a: Amoonguss|0 fnt\n|faint|p1a: Amoonguss\n|move|p1b: Gyarados|Dragon Dance|p1b: Gyarados\n|-boost|p1b: Gyarados|atk|1\n|-boost|p1b: Gyarados|spe|1\n|\n|-damage|p1b: Gyarados|38\/100 brn|[from] brn\n|upkeep\n|\n|t:|1682009757\n|switch|p1a: Roaring Moon|Roaring Moon, L50|100\/100\n|-enditem|p1a: Roaring Moon|Booster Energy\n|-activate|p1a: Roaring Moon|ability: Protosynthesis|[fromitem]\n|-start|p1a: Roaring Moon|protosynthesisatk\n|turn|6\n|\n|t:|1682009776\n|move|p1b: Gyarados|Waterfall|p2b: Cool Spook\n|-damage|p2b: Cool Spook|61\/100 slp\n|move|p1a: Roaring Moon|Acrobatics|p2b: Cool Spook\n|-damage|p2b: Cool Spook|0 fnt\n|faint|p2b: Cool Spook\n|-end|p2b: Cool Spook|Protosynthesis|[silent]\n|move|p2a: Awoofy|Will-O-Wisp|p1a: Roaring Moon\n|-status|p1a: Roaring Moon|brn\n|\n|-damage|p1b: Gyarados|32\/100 brn|[from] brn\n|-damage|p1a: Roaring Moon|94\/100 brn|[from] brn\n|upkeep\n|\n|t:|1682009783\n|switch|p2b: Boxin|Iron Hands, L50|100\/100\n|turn|7\n|\n|t:|1682009801\n|move|p1b: Gyarados|Protect|p1b: Gyarados\n|-singleturn|p1b: Gyarados|Protect\n|move|p2b: Boxin|Fake Out|p1a: Roaring Moon\n|-damage|p1a: Roaring Moon|78\/100 brn\n|cant|p1a: Roaring Moon|flinch\n|move|p2a: Awoofy|Flare Blitz|p1b: Gyarados\n|-activate|p1b: Gyarados|move: Protect\n|\n|-damage|p1b: Gyarados|26\/100 brn|[from] brn\n|-damage|p1a: Roaring Moon|71\/100 brn|[from] brn\n|upkeep\n|turn|8\n|\n|t:|1682009822\n|move|p2a: Awoofy|Extreme Speed|p1b: Gyarados\n|-damage|p1b: Gyarados|0 fnt\n|faint|p1b: Gyarados\n|move|p1a: Roaring Moon|Breaking Swipe|p2a: Awoofy|[spread] p2a,p2b\n|-damage|p2a: Awoofy|81\/100\n|-damage|p2b: Boxin|90\/100\n|-unboost|p2a: Awoofy|atk|1\n|-unboost|p2b: Boxin|atk|1\n|move|p2b: Boxin|Drain Punch|p1a: Roaring Moon\n|-supereffective|p1a: Roaring Moon\n|-damage|p1a: Roaring Moon|6\/100 brn\n|-heal|p2b: Boxin|100\/100|[from] drain|[of] p1a: Roaring Moon\n|\n|-damage|p1a: Roaring Moon|0 fnt|[from] brn\n|faint|p1a: Roaring Moon\n|-end|p1a: Roaring Moon|Protosynthesis|[silent]\n|\n|win|cb-sooner\n|upkeep\n|raw|VirteX.21's rating: 1343 → 1319<\/strong> (-24 for losing)\n|raw|cb-sooner's rating: 1270 → 1300<\/strong> (+30 for winning)\n|l|\u2606VirteX.21\n","uploadtime":1682009835,"views":12,"p1id":"virtex21","p2id":"cbsooner","formatid":"gen9vgc2023regulationc","rating":1300,"private":0,"password":""}