{"id":"gen9vgc2023regulationc-1859845233","p1":"naetheanimal97","p2":"thrillcorner","format":"[Gen 9] VGC 2023 Regulation C","log":"|j|\u2606naetheanimal97\n|j|\u2606thrillcorner\n|t:|1683569321\n|gametype|doubles\n|player|p1|naetheanimal97|n|1276\n|player|p2|thrillcorner|red-masters2|1384\n|teamsize|p1|6\n|teamsize|p2|6\n|gen|9\n|tier|[Gen 9] VGC 2023 Regulation C\n|rated|\n|rule|Species Clause: Limit one of each Pok\u00e9mon\n|rule|Item Clause: Limit one of each item\n|clearpoke\n|poke|p1|Brute Bonnet, L50|\n|poke|p1|Great Tusk, L50|\n|poke|p1|Murkrow, L50, F|\n|poke|p1|Corviknight, L50, M|\n|poke|p1|Chi-Yu, L50|\n|poke|p1|Flutter Mane, L50|\n|poke|p2|Arcanine, L50, M|\n|poke|p2|Amoonguss, L50, F|\n|poke|p2|Kingambit, L50, M|\n|poke|p2|Flutter Mane, L50|\n|poke|p2|Palafin, L50, M|\n|poke|p2|Ting-Lu, L50|\n|teampreview|4\nnaetheanimal97 rejected open team sheets.\n|inactive|Battle timer is ON: inactive players will automatically lose when time's up. (requested by naetheanimal97)\n|\n|t:|1683569370\n|start\n|switch|p1a: Murkrow|Murkrow, L50, F|100\/100\n|switch|p1b: Corviknight|Corviknight, L50, M|100\/100\n|switch|p2a: Ripley|Arcanine, L50, M|100\/100\n|switch|p2b: Mugman|Ting-Lu, L50|100\/100\n|-ability|p2a: Ripley|Intimidate|boost\n|-unboost|p1a: Murkrow|atk|1\n|-ability|p1b: Corviknight|Mirror Armor\n|-unboost|p2a: Ripley|atk|1\n|-ability|p2b: Mugman|Vessel of Ruin\n|turn|1\n|inactive|naetheanimal97 has 30 seconds left.\n|\n|t:|1683569398\n|-terastallize|p1b: Corviknight|Fire\n|move|p1a: Murkrow|Tailwind|p1a: Murkrow\n|-sidestart|p1: naetheanimal97|move: Tailwind\n|move|p1b: Corviknight|Brave Bird|p2b: Mugman\n|-damage|p2b: Mugman|56\/100\n|-damage|p1b: Corviknight|83\/100|[from] Recoil\n|move|p2a: Ripley|Howl|p2a: Ripley|[spread] p2a,p2b\n|-boost|p2a: Ripley|atk|1\n|-boost|p2b: Mugman|atk|1\n|move|p2b: Mugman|Ruination|p1b: Corviknight\n|-damage|p1b: Corviknight|42\/100\n|\n|upkeep\n|turn|2\n|inactive|naetheanimal97 has 30 seconds left.\n|\n|t:|1683569427\n|move|p1a: Murkrow|Taunt|p2a: Ripley\n|-start|p2a: Ripley|move: Taunt\n|move|p1b: Corviknight|Brave Bird|p2b: Mugman\n|-damage|p2b: Mugman|13\/100\n|-damage|p1b: Corviknight|25\/100|[from] Recoil\n|cant|p2a: Ripley|move: Taunt|Howl\n|move|p2b: Mugman|Stomping Tantrum|p1b: Corviknight\n|-supereffective|p1b: Corviknight\n|-damage|p1b: Corviknight|0 fnt\n|faint|p1b: Corviknight\n|\n|upkeep\n|\n|t:|1683569439\n|switch|p1b: Great Tusk|Great Tusk, L50|100\/100\n|turn|3\n|inactive|thrillcorner has 30 seconds left.\n|\n|t:|1683569465\n|switch|p2a: Spordyceps|Amoonguss, L50, F|100\/100\n|move|p1a: Murkrow|Sunny Day|p1a: Murkrow\n|-weather|SunnyDay\n|-activate|p1b: Great Tusk|ability: Protosynthesis\n|-start|p1b: Great Tusk|protosynthesisatk\n|move|p1b: Great Tusk|Earthquake|p2a: Spordyceps|[spread] p2a,p2b\n|-immune|p1a: Murkrow\n|-damage|p2a: Spordyceps|58\/100\n|-damage|p2b: Mugman|0 fnt\n|faint|p2b: Mugman\n|\n|-weather|SunnyDay|[upkeep]\n|upkeep\n|\n|t:|1683569476\n|switch|p2b: Ripley|Arcanine, L50, M|100\/100\n|-ability|p2b: Ripley|Intimidate|boost\n|-unboost|p1a: Murkrow|atk|1\n|-unboost|p1b: Great Tusk|atk|1\n|turn|4\n|\n|t:|1683569500\n|move|p1a: Murkrow|Taunt|p2b: Ripley\n|-start|p2b: Ripley|move: Taunt\n|move|p1b: Great Tusk|Earthquake|p2b: Ripley|[spread] p2a,p2b\n|-immune|p1a: Murkrow\n|-supereffective|p2b: Ripley\n|-damage|p2a: Spordyceps|28\/100\n|-damage|p2b: Ripley|33\/100\n|-enditem|p2a: Spordyceps|Sitrus Berry|[eat]\n|-heal|p2a: Spordyceps|53\/100|[from] item: Sitrus Berry\n|move|p2b: Ripley|Flare Blitz|p1b: Great Tusk\n|-damage|p1b: Great Tusk|51\/100\n|-damage|p2b: Ripley|18\/100|[from] Recoil\n|move|p2a: Spordyceps|Giga Drain|p1b: Great Tusk\n|-supereffective|p1b: Great Tusk\n|-damage|p1b: Great Tusk|0 fnt\n|-heal|p2a: Spordyceps|75\/100|[from] drain|[of] p1b: Great Tusk\n|faint|p1b: Great Tusk\n|-end|p1b: Great Tusk|Protosynthesis|[silent]\n|\n|-weather|SunnyDay|[upkeep]\n|-sideend|p1: naetheanimal97|move: Tailwind\n|upkeep\n|\n|t:|1683569514\n|switch|p1b: Flutter Mane|Flutter Mane, L50|100\/100\n|-activate|p1b: Flutter Mane|ability: Protosynthesis\n|-start|p1b: Flutter Mane|protosynthesisspe\n|turn|5\n|\n|t:|1683569531\n|move|p1b: Flutter Mane|Shadow Ball|p2a: Spordyceps\n|-damage|p2a: Spordyceps|16\/100\n|move|p2b: Ripley|Flare Blitz|p1b: Flutter Mane\n|-damage|p1b: Flutter Mane|0 fnt\n|faint|p1b: Flutter Mane\n|-end|p1b: Flutter Mane|Protosynthesis|[silent]\n|-damage|p2b: Ripley|0 fnt|[from] Recoil\n|faint|p2b: Ripley\n|move|p1a: Murkrow|Foul Play|p2a: Spordyceps\n|-damage|p2a: Spordyceps|0 fnt\n|faint|p2a: Spordyceps\n|\n|-weather|SunnyDay|[upkeep]\n|upkeep\n|\n|t:|1683569549\n|switch|p2b: Willow|Flutter Mane, L50|100\/100\n|-activate|p2b: Willow|ability: Protosynthesis\n|-start|p2b: Willow|protosynthesisspa\n|turn|6\n|c|\u2606naetheanimal97|gg\n|\n|t:|1683569560\n|-terastallize|p2b: Willow|Fairy\n|move|p2b: Willow|Moonblast|p1a: Murkrow\n|-supereffective|p1a: Murkrow\n|-damage|p1a: Murkrow|0 fnt\n|faint|p1a: Murkrow\n|\n|win|thrillcorner\n|raw|naetheanimal97's rating: 1276 → 1259<\/strong> (-17 for losing)\n|raw|thrillcorner's rating: 1384 → 1398<\/strong> (+14 for winning)\n|c|\u2606thrillcorner|gg\n|l|\u2606naetheanimal97\n","uploadtime":1683569568,"views":42,"p1id":"naetheanimal97","p2id":"thrillcorner","formatid":"gen9vgc2023regulationc","rating":1259,"private":0,"password":""}