{"id":"gen9vgc2023regulationc-1846143275","p1":"M4tty02","p2":"Robbie35646","format":"[Gen 9] VGC 2023 Regulation C","log":"|j|\u2606M4tty02\n|j|\u2606Robbie35646\n|t:|1681813023\n|gametype|doubles\n|player|p1|M4tty02|emmet|1449\n|player|p2|Robbie35646|larry|1397\n|teamsize|p1|6\n|teamsize|p2|6\n|gen|9\n|tier|[Gen 9] VGC 2023 Regulation C\n|rated|\n|rule|Species Clause: Limit one of each Pok\u00e9mon\n|rule|Item Clause: Limit one of each item\n|clearpoke\n|poke|p1|Chi-Yu, L50|\n|poke|p1|Flutter Mane, L50|\n|poke|p1|Amoonguss, L50, M|\n|poke|p1|Iron Hands, L50|\n|poke|p1|Palafin, L50, M|\n|poke|p1|Arcanine, L50, F|\n|poke|p2|Ting-Lu, L50|\n|poke|p2|Palafin, L50, F|\n|poke|p2|Amoonguss, L50, M|\n|poke|p2|Arcanine, L50, F|\n|poke|p2|Flutter Mane, L50|\n|poke|p2|Iron Hands, L50|\n|teampreview|4\nM4tty02 has agreed to open team sheets.\nRobbie35646 has agreed to open team sheets.\n|inactive|Battle timer is ON: inactive players will automatically lose when time's up. (requested by M4tty02)\n|\n|t:|1681813081\n|start\n|switch|p1a: Palafin|Palafin, L50, M, shiny|100\/100\n|switch|p1b: Arcanine|Arcanine, L50, F, shiny|100\/100\n|switch|p2a: Flutter Mane|Flutter Mane, L50|100\/100\n|switch|p2b: Palafin|Palafin, L50, F, shiny|100\/100\n|-ability|p1b: Arcanine|Intimidate|boost\n|-unboost|p2a: Flutter Mane|atk|1\n|-unboost|p2b: Palafin|atk|1\n|turn|1\n|\n|t:|1681813101\n|detailschange|p2b: Palafin|Palafin-Hero, L50, F, shiny\n|switch|p2b: Amoonguss|Amoonguss, L50, M|100\/100\n|detailschange|p1a: Palafin|Palafin-Hero, L50, M, shiny\n|switch|p1a: Amoonguss|Amoonguss, L50, M, shiny|100\/100\n|-terastallize|p2a: Flutter Mane|Water\n|move|p2a: Flutter Mane|Shadow Ball|p1b: Arcanine\n|-damage|p1b: Arcanine|40\/100\n|move|p1b: Arcanine|Flare Blitz|p2a: Flutter Mane\n|-resisted|p2a: Flutter Mane\n|-damage|p2a: Flutter Mane|50\/100\n|-damage|p1b: Arcanine|26\/100|[from] Recoil\n|\n|upkeep\n|turn|2\n|\n|t:|1681813123\n|switch|p2b: Palafin|Palafin-Hero, L50, F, shiny|100\/100\n|-activate|p2b: Palafin|ability: Zero to Hero\n|move|p1b: Arcanine|Protect|p1b: Arcanine\n|-singleturn|p1b: Arcanine|Protect\n|move|p2a: Flutter Mane|Shadow Ball|p1b: Arcanine\n|-activate|p1b: Arcanine|move: Protect\n|move|p1a: Amoonguss|Spore|p2a: Flutter Mane\n|-status|p2a: Flutter Mane|slp|[from] move: Spore\n|\n|upkeep\n|turn|3\n|\n|t:|1681813142\n|switch|p1b: Palafin|Palafin-Hero, L50, M, shiny|100\/100\n|-activate|p1b: Palafin|ability: Zero to Hero\n|move|p2b: Palafin|Protect|p2b: Palafin\n|-singleturn|p2b: Palafin|Protect\n|move|p1a: Amoonguss|Rage Powder|p1a: Amoonguss\n|-singleturn|p1a: Amoonguss|move: Rage Powder\n|cant|p2a: Flutter Mane|slp\n|\n|upkeep\n|turn|4\n|\n|t:|1681813158\n|-end|p2a: Flutter Mane|Protosynthesis|[silent]\n|switch|p2a: Amoonguss|Amoonguss, L50, M|100\/100\n|move|p1a: Amoonguss|Rage Powder|p1a: Amoonguss\n|-singleturn|p1a: Amoonguss|move: Rage Powder\n|move|p1b: Palafin|Jet Punch|p2a: Amoonguss\n|-resisted|p2a: Amoonguss\n|-damage|p2a: Amoonguss|80\/100\n|move|p2b: Palafin|Taunt|p1a: Amoonguss\n|-start|p1a: Amoonguss|move: Taunt\n|\n|upkeep\n|turn|5\n|\n|t:|1681813171\n|switch|p1b: Arcanine|Arcanine, L50, F, shiny|26\/100\n|-ability|p1b: Arcanine|Intimidate|boost\n|-unboost|p2a: Amoonguss|atk|1\n|-unboost|p2b: Palafin|atk|1\n|move|p2b: Palafin|Wave Crash|p1a: Amoonguss\n|-resisted|p1a: Amoonguss\n|-crit|p1a: Amoonguss\n|-damage|p1a: Amoonguss|45\/100\n|-damage|p2b: Palafin|81\/100|[from] Recoil\n|move|p2a: Amoonguss|Spore|p1b: Arcanine\n|-activate|p1b: Arcanine|item: Safety Goggles|Spore\n|move|p1a: Amoonguss|Pollen Puff|p1b: Arcanine\n|-heal|p1b: Arcanine|76\/100\n|\n|upkeep\n|turn|6\n|\n|t:|1681813190\n|switch|p2a: Iron Hands|Iron Hands, L50|100\/100\n|switch|p1a: Palafin|Palafin-Hero, L50, M, shiny|100\/100\n|move|p1b: Arcanine|Protect|p1b: Arcanine\n|-singleturn|p1b: Arcanine|Protect\n|move|p2b: Palafin|Wave Crash|p1b: Arcanine\n|-activate|p1b: Arcanine|move: Protect\n|\n|upkeep\n|turn|7\n|\n|t:|1681813206\n|switch|p1b: Amoonguss|Amoonguss, L50, M, shiny|78\/100\n|move|p1a: Palafin|Protect|p1a: Palafin\n|-singleturn|p1a: Palafin|Protect\n|move|p2b: Palafin|Wave Crash|p1b: Amoonguss\n|-resisted|p1b: Amoonguss\n|-damage|p1b: Amoonguss|54\/100\n|-damage|p2b: Palafin|72\/100|[from] Recoil\n|move|p2a: Iron Hands|Wild Charge|p1a: Palafin\n|-activate|p1a: Palafin|move: Protect\n|\n|upkeep\n|turn|8\n|\n|t:|1681813231\n|switch|p1a: Arcanine|Arcanine, L50, F, shiny|76\/100\n|-ability|p1a: Arcanine|Intimidate|boost\n|-unboost|p2a: Iron Hands|atk|1\n|-unboost|p2b: Palafin|atk|1\n|move|p2b: Palafin|Taunt|p1b: Amoonguss\n|-start|p1b: Amoonguss|move: Taunt\n|move|p2a: Iron Hands|Wild Charge|p1a: Arcanine\n|-damage|p1a: Arcanine|34\/100\n|-damage|p2a: Iron Hands|91\/100|[from] Recoil\n|move|p1b: Amoonguss|Pollen Puff|p1a: Arcanine\n|-heal|p1a: Arcanine|84\/100\n|\n|upkeep\n|turn|9\n|\n|t:|1681813250\n|switch|p1b: Palafin|Palafin-Hero, L50, M, shiny|100\/100\n|move|p1a: Arcanine|Protect|p1a: Arcanine\n|-singleturn|p1a: Arcanine|Protect\n|move|p2b: Palafin|Wave Crash|p1a: Arcanine\n|-activate|p1a: Arcanine|move: Protect\n|move|p2a: Iron Hands|Swords Dance|p2a: Iron Hands\n|-boost|p2a: Iron Hands|atk|2\n|\n|upkeep\n|turn|10\n|inactive|M4tty02 has 30 seconds left.\n|\n|t:|1681813275\n|switch|p1b: Amoonguss|Amoonguss, L50, M, shiny|87\/100\n|-terastallize|p1a: Arcanine|Flying\n|move|p1a: Arcanine|Will-O-Wisp|p2a: Iron Hands\n|-status|p2a: Iron Hands|brn\n|move|p2b: Palafin|Wave Crash|p1a: Arcanine\n|-damage|p1a: Arcanine|27\/100\n|-damage|p2b: Palafin|53\/100|[from] Recoil\n|move|p2a: Iron Hands|Wild Charge|p1b: Amoonguss\n|-resisted|p1b: Amoonguss\n|-damage|p1b: Amoonguss|70\/100\n|-damage|p2a: Iron Hands|87\/100 brn|[from] Recoil\n|\n|-damage|p2a: Iron Hands|81\/100 brn|[from] brn\n|upkeep\n|turn|11\n|\n|t:|1681813294\n|switch|p2b: Amoonguss|Amoonguss, L50, M|100\/100\n|move|p1b: Amoonguss|Rage Powder|p1b: Amoonguss\n|-singleturn|p1b: Amoonguss|move: Rage Powder\n|move|p1a: Arcanine|Will-O-Wisp|p2b: Amoonguss\n|-status|p2b: Amoonguss|brn\n|move|p2a: Iron Hands|Wild Charge|p1a: Arcanine\n|-supereffective|p1a: Arcanine\n|-damage|p1a: Arcanine|0 fnt\n|faint|p1a: Arcanine\n|-damage|p2a: Iron Hands|76\/100 brn|[from] Recoil\n|\n|-damage|p2a: Iron Hands|70\/100 brn|[from] brn\n|-damage|p2b: Amoonguss|94\/100 brn|[from] brn\n|upkeep\n|\n|t:|1681813311\n|switch|p1a: Flutter Mane|Flutter Mane, L50|100\/100\n|turn|12\n|inactive|M4tty02 has 30 seconds left.\n|\n|t:|1681813343\n|move|p1a: Flutter Mane|Shadow Ball|p2b: Amoonguss\n|-damage|p2b: Amoonguss|59\/100 brn\n|move|p2a: Iron Hands|Swords Dance|p2a: Iron Hands\n|-boost|p2a: Iron Hands|atk|2\n|move|p2b: Amoonguss|Spore|p1a: Flutter Mane\n|-status|p1a: Flutter Mane|slp|[from] move: Spore\n|move|p1b: Amoonguss|Pollen Puff|p2b: Amoonguss\n|-damage|p2b: Amoonguss|42\/100 brn\n|-enditem|p2b: Amoonguss|Sitrus Berry|[eat]\n|-heal|p2b: Amoonguss|67\/100 brn|[from] item: Sitrus Berry\n|\n|-damage|p2a: Iron Hands|64\/100 brn|[from] brn\n|-damage|p2b: Amoonguss|61\/100 brn|[from] brn\n|upkeep\n|turn|13\n|\n|t:|1681813360\n|cant|p1a: Flutter Mane|slp\n|move|p2a: Iron Hands|Wild Charge|p1a: Flutter Mane\n|-enditem|p1a: Flutter Mane|Focus Sash\n|-damage|p1a: Flutter Mane|1\/100 slp\n|-damage|p2a: Iron Hands|49\/100 brn|[from] Recoil\n|move|p2b: Amoonguss|Pollen Puff|p2a: Iron Hands\n|-heal|p2a: Iron Hands|99\/100 brn\n|move|p1b: Amoonguss|Pollen Puff|p1a: Flutter Mane\n|-heal|p1a: Flutter Mane|51\/100 slp\n|\n|-damage|p2a: Iron Hands|93\/100 brn|[from] brn\n|-damage|p2b: Amoonguss|55\/100 brn|[from] brn\n|upkeep\n|turn|14\n|inactive|Robbie35646 has 30 seconds left.\n|\n|t:|1681813385\n|cant|p1a: Flutter Mane|slp\n|move|p2a: Iron Hands|Wild Charge|p1a: Flutter Mane\n|-damage|p1a: Flutter Mane|0 fnt\n|faint|p1a: Flutter Mane\n|-end|p1a: Flutter Mane|Protosynthesis|[silent]\n|-damage|p2a: Iron Hands|86\/100 brn|[from] Recoil\n|move|p2b: Amoonguss|Pollen Puff|p2a: Iron Hands\n|-heal|p2a: Iron Hands|100\/100 brn\n|move|p1b: Amoonguss|Pollen Puff|p1: Flutter Mane|[notarget]\n|-fail|p1b: Amoonguss\n|\n|-damage|p2a: Iron Hands|94\/100 brn|[from] brn\n|-damage|p2b: Amoonguss|49\/100 brn|[from] brn\n|upkeep\n|\n|t:|1681813390\n|switch|p1a: Palafin|Palafin-Hero, L50, M, shiny|100\/100\n|turn|15\n|\n|t:|1681813398\n|move|p2b: Amoonguss|Rage Powder|p2b: Amoonguss\n|-singleturn|p2b: Amoonguss|move: Rage Powder\n|move|p1a: Palafin|Haze|p1a: Palafin\n|-clearallboost\n|move|p2a: Iron Hands|Wild Charge|p1a: Palafin\n|-supereffective|p1a: Palafin\n|-damage|p1a: Palafin|51\/100\n|-damage|p2a: Iron Hands|83\/100 brn|[from] Recoil\n|move|p1b: Amoonguss|Pollen Puff|p1a: Palafin\n|-heal|p1a: Palafin|100\/100\n|\n|-damage|p2a: Iron Hands|77\/100 brn|[from] brn\n|-damage|p2b: Amoonguss|43\/100 brn|[from] brn\n|upkeep\n|turn|16\n|\n|t:|1681813415\n|switch|p2b: Flutter Mane|Flutter Mane, L50, tera:Water|50\/100 slp\n|move|p1a: Palafin|Wave Crash|p2a: Iron Hands\n|-crit|p2a: Iron Hands\n|-damage|p2a: Iron Hands|0 fnt\n|faint|p2a: Iron Hands\n|-end|p2a: Iron Hands|Quark Drive|[silent]\n|-damage|p1a: Palafin|72\/100|[from] Recoil\n|move|p1b: Amoonguss|Pollen Puff|p1a: Palafin\n|-heal|p1a: Palafin|100\/100\n|\n|upkeep\n|\n|t:|1681813420\n|switch|p2a: Amoonguss|Amoonguss, L50, M|76\/100 brn\n|turn|17\n|\n|t:|1681813426\n|-curestatus|p2b: Flutter Mane|slp|[msg]\n|move|p2b: Flutter Mane|Shadow Ball|p1b: Amoonguss\n|-damage|p1b: Amoonguss|18\/100\n|-enditem|p1b: Amoonguss|Aguav Berry|[eat]\n|-heal|p1b: Amoonguss|51\/100|[from] item: Aguav Berry\n|move|p1a: Palafin|Wave Crash|p2b: Flutter Mane\n|-resisted|p2b: Flutter Mane\n|-damage|p2b: Flutter Mane|0 fnt\n|faint|p2b: Flutter Mane\n|-end|p2b: Flutter Mane|Protosynthesis|[silent]\n|-damage|p1a: Palafin|88\/100|[from] Recoil\n|move|p2a: Amoonguss|Spore|p1a: Palafin\n|-status|p1a: Palafin|slp|[from] move: Spore\n|move|p1b: Amoonguss|Pollen Puff|p1a: Palafin\n|-heal|p1a: Palafin|100\/100 slp\n|\n|-damage|p2a: Amoonguss|70\/100 brn|[from] brn\n|upkeep\n|\n|t:|1681813429\n|switch|p2b: Palafin|Palafin-Hero, L50, F, shiny|53\/100\n|turn|18\n|\n|t:|1681813443\n|move|p1b: Amoonguss|Protect|p1b: Amoonguss\n|-singleturn|p1b: Amoonguss|Protect\n|move|p2b: Palafin|Taunt|p1b: Amoonguss\n|-activate|p1b: Amoonguss|move: Protect\n|cant|p1a: Palafin|slp\n|move|p2a: Amoonguss|Pollen Puff|p2b: Palafin\n|-heal|p2b: Palafin|100\/100\n|\n|-damage|p2a: Amoonguss|64\/100 brn|[from] brn\n|upkeep\n|turn|19\n|\n|t:|1681813455\n|move|p2b: Palafin|Taunt|p1b: Amoonguss\n|-start|p1b: Amoonguss|move: Taunt\n|cant|p1a: Palafin|slp\n|move|p2a: Amoonguss|Spore|p1a: Palafin\n|-fail|p1a: Palafin|slp\n|move|p1b: Amoonguss|Pollen Puff|p1a: Palafin\n|-immune|p1a: Palafin\n|\n|-damage|p2a: Amoonguss|58\/100 brn|[from] brn\n|upkeep\n|turn|20\n|\n|t:|1681813462\n|move|p2b: Palafin|Wave Crash|p1b: Amoonguss\n|-resisted|p1b: Amoonguss\n|-damage|p1b: Amoonguss|15\/100\n|-damage|p2b: Palafin|88\/100|[from] Recoil\n|cant|p1a: Palafin|slp\n|move|p2a: Amoonguss|Spore|p1a: Palafin\n|-fail|p1a: Palafin|slp\n|move|p1b: Amoonguss|Pollen Puff|p1a: Palafin\n|-immune|p1a: Palafin\n|\n|-damage|p2a: Amoonguss|52\/100 brn|[from] brn\n|upkeep\n|turn|21\n|\n|t:|1681813472\n|move|p2b: Palafin|Wave Crash|p1b: Amoonguss\n|-resisted|p1b: Amoonguss\n|-damage|p1b: Amoonguss|0 fnt\n|faint|p1b: Amoonguss\n|-damage|p2b: Palafin|82\/100|[from] Recoil\n|-curestatus|p1a: Palafin|slp|[msg]\n|move|p1a: Palafin|Wave Crash|p2a: Amoonguss\n|-resisted|p2a: Amoonguss\n|-damage|p2a: Amoonguss|16\/100 brn\n|-damage|p1a: Palafin|88\/100|[from] Recoil\n|move|p2a: Amoonguss|Spore|p1a: Palafin\n|-status|p1a: Palafin|slp|[from] move: Spore\n|\n|-damage|p2a: Amoonguss|10\/100 brn|[from] brn\n|upkeep\n|turn|22\n|\n|t:|1681813480\n|cant|p1a: Palafin|slp\n|move|p2b: Palafin|Wave Crash|p1a: Palafin\n|-resisted|p1a: Palafin\n|-damage|p1a: Palafin|49\/100 slp\n|-damage|p2b: Palafin|69\/100|[from] Recoil\n|move|p2a: Amoonguss|Pollen Puff|p2b: Palafin\n|-heal|p2b: Palafin|100\/100\n|\n|-damage|p2a: Amoonguss|4\/100 brn|[from] brn\n|upkeep\n|turn|23\n|\n|t:|1681813489\n|cant|p1a: Palafin|slp\n|move|p2b: Palafin|Wave Crash|p1a: Palafin\n|-resisted|p1a: Palafin\n|-damage|p1a: Palafin|8\/100 slp\n|-damage|p2b: Palafin|87\/100|[from] Recoil\n|move|p2a: Amoonguss|Pollen Puff|p1a: Palafin\n|-damage|p1a: Palafin|0 fnt\n|faint|p1a: Palafin\n|\n|win|Robbie35646\n|raw|M4tty02's rating: 1449 → 1426<\/strong> (-23 for losing)\n|raw|Robbie35646's rating: 1397 → 1420<\/strong> (+23 for winning)\n|c|\u2606Robbie35646|gg\n|l|\u2606M4tty02\n","uploadtime":1681813509,"views":9,"p1id":"m4tty02","p2id":"robbie35646","formatid":"gen9vgc2023regulationc","rating":1420,"private":0,"password":""}