{"id":"gen9vgc2023regulationc-1861603787","p1":"CordVGC","p2":"RazorSquid","format":"[Gen 9] VGC 2023 Regulation C","log":"|j|\u2606CordVGC\n|j|\u2606RazorSquid\n|t:|1683779891\n|gametype|doubles\n|player|p1|CordVGC|170|1186\n|player|p2|RazorSquid|roughneck-gen4|1121\n|teamsize|p1|6\n|teamsize|p2|6\n|gen|9\n|tier|[Gen 9] VGC 2023 Regulation C\n|rated|\n|rule|Species Clause: Limit one of each Pok\u00e9mon\n|rule|Item Clause: Limit one of each item\n|clearpoke\n|poke|p1|Arcanine, L50, F|\n|poke|p1|Amoonguss, L50, M|\n|poke|p1|Palafin, L50, M|\n|poke|p1|Flutter Mane, L50|\n|poke|p1|Ting-Lu, L50|\n|poke|p1|Dragapult, L50, M|\n|poke|p2|Muk, L50, F|\n|poke|p2|Tyranitar, L50, M|\n|poke|p2|Lycanroc, L50, F|\n|poke|p2|Flutter Mane, L50|\n|poke|p2|Amoonguss, L50, M|\n|poke|p2|Gyarados, L50, M|\n|teampreview|4\n|inactive|Battle timer is ON: inactive players will automatically lose when time's up. (requested by RazorSquid)\n|j| gamin'extreme\nCordVGC rejected open team sheets.\n|inactive|CordVGC has 60 seconds left.\n|\n|t:|1683779933\n|start\n|switch|p1a: Palafin|Palafin, L50, M|100\/100\n|switch|p1b: Ting-Lu|Ting-Lu, L50|100\/100\n|switch|p2a: Flutter Mane|Flutter Mane, L50|100\/100\n|switch|p2b: Muk|Muk, L50, F, shiny|100\/100\n|-ability|p1b: Ting-Lu|Vessel of Ruin\n|turn|1\n|l| gamin'extreme\n|\n|t:|1683779953\n|-end|p2a: Flutter Mane|Protosynthesis|[silent]\n|switch|p2a: Gyarados|Gyarados, L50, M, shiny|100\/100\n|-ability|p2a: Gyarados|Intimidate|boost\n|-unboost|p1a: Palafin|atk|1\n|-unboost|p1b: Ting-Lu|atk|1\n|detailschange|p1a: Palafin|Palafin-Hero, L50, M\n|switch|p1a: Amoonguss|Amoonguss, L50, M, shiny|100\/100\n|-terastallize|p2b: Muk|Grass\n|move|p2b: Muk|Gunk Shot|p1a: Amoonguss\n|-damage|p1a: Amoonguss|58\/100\n|move|p1b: Ting-Lu|Heavy Slam|p2a: Gyarados\n|-resisted|p2a: Gyarados\n|-damage|p2a: Gyarados|94\/100\n|\n|upkeep\n|turn|2\n|inactive|CordVGC has 30 seconds left.\n|inactive|CordVGC has 20 seconds left.\n|\n|t:|1683779989\n|switch|p2a: Amoonguss|Amoonguss, L50, M|100\/100\n|switch|p1a: Arcanine|Arcanine, L50, F|100\/100\n|-ability|p1a: Arcanine|Intimidate|boost\n|-unboost|p2a: Amoonguss|atk|1\n|-unboost|p2b: Muk|atk|1\n|move|p2b: Muk|Drain Punch|p1b: Ting-Lu\n|-supereffective|p1b: Ting-Lu\n|-damage|p1b: Ting-Lu|83\/100\n|move|p1b: Ting-Lu|Ruination|p2a: Amoonguss\n|-damage|p2a: Amoonguss|51\/100\n|\n|upkeep\n|turn|3\n|inactive|CordVGC has 30 seconds left.\n|\n|t:|1683780017\n|switch|p1b: Amoonguss|Amoonguss, L50, M, shiny|91\/100\n|switch|p2a: Gyarados|Gyarados, L50, M, shiny|94\/100\n|-ability|p2a: Gyarados|Intimidate|boost\n|-unboost|p1a: Arcanine|atk|1\n|-unboost|p1b: Amoonguss|atk|1\n|move|p1a: Arcanine|Flare Blitz|p2b: Muk\n|-supereffective|p2b: Muk\n|-damage|p2b: Muk|46\/100\n|-enditem|p2b: Muk|Sitrus Berry|[eat]\n|-heal|p2b: Muk|71\/100|[from] item: Sitrus Berry\n|-damage|p1a: Arcanine|81\/100|[from] Recoil\n|move|p2b: Muk|Drain Punch|p1b: Amoonguss\n|-resisted|p1b: Amoonguss\n|-damage|p1b: Amoonguss|86\/100\n|-heal|p2b: Muk|74\/100|[from] drain|[of] p1b: Amoonguss\n|-damage|p2b: Muk|57\/100|[from] item: Rocky Helmet|[of] p1b: Amoonguss\n|\n|upkeep\n|turn|4\n|inactive|CordVGC has 30 seconds left.\n|\n|t:|1683780048\n|switch|p1a: Palafin|Palafin-Hero, L50, M|100\/100\n|-activate|p1a: Palafin|ability: Zero to Hero\n|switch|p2b: Amoonguss|Amoonguss, L50, M|84\/100\n|move|p2a: Gyarados|Waterfall|p1a: Palafin\n|-resisted|p1a: Palafin\n|-damage|p1a: Palafin|81\/100\n|move|p1b: Amoonguss|Spore|p2a: Gyarados\n|-activate|p2a: Gyarados|item: Safety Goggles|Spore\n|\n|upkeep\n|turn|5\n|\n|t:|1683780071\n|switch|p2a: Muk|Muk, L50, F, shiny, tera:Grass|57\/100\n|switch|p1b: Arcanine|Arcanine, L50, F|81\/100\n|-ability|p1b: Arcanine|Intimidate|boost\n|-unboost|p2a: Muk|atk|1\n|-unboost|p2b: Amoonguss|atk|1\n|move|p1a: Palafin|Protect|p1a: Palafin\n|-singleturn|p1a: Palafin|Protect\n|move|p2b: Amoonguss|Pollen Puff|p2a: Muk\n|-heal|p2a: Muk|100\/100\n|\n|upkeep\n|turn|6\n|\n|t:|1683780092\n|switch|p2a: Gyarados|Gyarados, L50, M, shiny|94\/100\n|-ability|p2a: Gyarados|Intimidate|boost\n|-unboost|p1a: Palafin|atk|1\n|-unboost|p1b: Arcanine|atk|1\n|move|p1b: Arcanine|Flare Blitz|p2a: Gyarados\n|-resisted|p2a: Gyarados\n|-damage|p2a: Gyarados|74\/100\n|-damage|p1b: Arcanine|74\/100|[from] Recoil\n|move|p1a: Palafin|Ice Punch|p2a: Gyarados\n|-damage|p2a: Gyarados|48\/100\n|move|p2b: Amoonguss|Spore|p1a: Palafin\n|-status|p1a: Palafin|slp|[from] move: Spore\n|\n|upkeep\n|turn|7\n|\n|t:|1683780110\n|move|p1b: Arcanine|Flare Blitz|p2b: Amoonguss\n|-supereffective|p2b: Amoonguss\n|-damage|p2b: Amoonguss|18\/100\n|-enditem|p2b: Amoonguss|Aguav Berry|[eat]\n|-heal|p2b: Amoonguss|52\/100|[from] item: Aguav Berry\n|-damage|p1b: Arcanine|48\/100|[from] Recoil\n|-enditem|p1b: Arcanine|Sitrus Berry|[eat]\n|-heal|p1b: Arcanine|73\/100|[from] item: Sitrus Berry\n|cant|p1a: Palafin|slp\n|move|p2a: Gyarados|Waterfall|p1b: Arcanine\n|-supereffective|p1b: Arcanine\n|-crit|p1b: Arcanine\n|-damage|p1b: Arcanine|0 fnt\n|faint|p1b: Arcanine\n|move|p2b: Amoonguss|Pollen Puff|p2a: Gyarados\n|-heal|p2a: Gyarados|98\/100\n|\n|upkeep\n|inactive|CordVGC has 30 seconds left.\n|\n|t:|1683780137\n|switch|p1b: Amoonguss|Amoonguss, L50, M, shiny|100\/100\n|turn|8\n|inactive|RazorSquid has 30 seconds left.\n|\n|t:|1683780171\n|switch|p2b: Muk|Muk, L50, F, shiny, tera:Grass|100\/100\n|cant|p1a: Palafin|slp\n|move|p2a: Gyarados|Taunt|p1b: Amoonguss\n|-start|p1b: Amoonguss|move: Taunt\n|move|p1b: Amoonguss|Pollen Puff|p1a: Palafin\n|-heal|p1a: Palafin|100\/100 slp\n|\n|upkeep\n|turn|9\n|\n|t:|1683780187\n|switch|p1b: Ting-Lu|Ting-Lu, L50|83\/100\n|-ability|p1b: Ting-Lu|Vessel of Ruin\n|-curestatus|p1a: Palafin|slp|[msg]\n|move|p1a: Palafin|Ice Punch|p2b: Muk\n|-supereffective|p2b: Muk\n|-damage|p2b: Muk|69\/100\n|move|p2a: Gyarados|Waterfall|p1a: Palafin\n|-resisted|p1a: Palafin\n|-crit|p1a: Palafin\n|-damage|p1a: Palafin|70\/100\n|move|p2b: Muk|Drain Punch|p1a: Palafin\n|-damage|p1a: Palafin|51\/100\n|-heal|p2b: Muk|79\/100|[from] drain|[of] p1a: Palafin\n|\n|upkeep\n|turn|10\n|\n|t:|1683780211\n|switch|p1a: Amoonguss|Amoonguss, L50, M, shiny|100\/100\n|switch|p2a: Amoonguss|Amoonguss, L50, M|85\/100\n|-terastallize|p1b: Ting-Lu|Steel\n|move|p2b: Muk|Gunk Shot|p1a: Amoonguss\n|-damage|p1a: Amoonguss|58\/100\n|move|p1b: Ting-Lu|Rock Slide|p2a: Amoonguss|[spread] p2a,p2b\n|-damage|p2a: Amoonguss|68\/100\n|-damage|p2b: Muk|66\/100\n|\n|upkeep\n|turn|11\n|inactive|CordVGC has 30 seconds left.\n|inactive|CordVGC has 20 seconds left.\n|inactive|CordVGC has 15 seconds left.\n|\n|t:|1683780255\n|switch|p1a: Palafin|Palafin-Hero, L50, M|51\/100\n|move|p2b: Muk|Drain Punch|p1b: Ting-Lu\n|-supereffective|p1b: Ting-Lu\n|-damage|p1b: Ting-Lu|59\/100\n|-heal|p2b: Muk|80\/100|[from] drain|[of] p1b: Ting-Lu\n|move|p1b: Ting-Lu|Ruination|p2a: Amoonguss\n|-damage|p2a: Amoonguss|34\/100\n|move|p2a: Amoonguss|Spore|p1b: Ting-Lu\n|-status|p1b: Ting-Lu|slp|[from] move: Spore\n|\n|upkeep\n|turn|12\n|inactive|CordVGC has 30 seconds left.\n|\n|t:|1683780281\n|switch|p1a: Amoonguss|Amoonguss, L50, M, shiny|91\/100\n|switch|p2a: Gyarados|Gyarados, L50, M, shiny|98\/100\n|-ability|p2a: Gyarados|Intimidate|boost\n|-unboost|p1a: Amoonguss|atk|1\n|-unboost|p1b: Ting-Lu|atk|1\n|move|p2b: Muk|Gunk Shot|p1a: Amoonguss\n|-damage|p1a: Amoonguss|51\/100\n|cant|p1b: Ting-Lu|slp\n|\n|upkeep\n|turn|13\n|\n|t:|1683780303\n|move|p2a: Gyarados|Waterfall|p1a: Amoonguss\n|-resisted|p1a: Amoonguss\n|-damage|p1a: Amoonguss|32\/100\n|-damage|p2a: Gyarados|81\/100|[from] item: Rocky Helmet|[of] p1a: Amoonguss\n|move|p2b: Muk|Gunk Shot|p1a: Amoonguss\n|-damage|p1a: Amoonguss|0 fnt\n|faint|p1a: Amoonguss\n|cant|p1b: Ting-Lu|slp\n|\n|upkeep\n|-message|CordVGC forfeited.\n|\n|win|RazorSquid\n|raw|CordVGC's rating: 1186 → 1156<\/strong> (-30 for losing)\n|raw|RazorSquid's rating: 1121 → 1151<\/strong> (+30 for winning)\n|l|\u2606CordVGC\n","uploadtime":1683780313,"views":21,"p1id":"cordvgc","p2id":"razorsquid","formatid":"gen9vgc2023regulationc","rating":1151,"private":0,"password":""}