{"id":"gen9vgc2023regulationc-1847423153","p1":"TheRicoSuave","p2":"usuarionuevo12","format":"[Gen 9] VGC 2023 Regulation C","log":"|j|\u2606TheRicoSuave\n|j|\u2606usuarionuevo12\n|t:|1681953332\n|gametype|doubles\n|player|p1|TheRicoSuave|169|1078\n|player|p2|usuarionuevo12|cyclistf|1000\n|teamsize|p1|6\n|teamsize|p2|6\n|gen|9\n|tier|[Gen 9] VGC 2023 Regulation C\n|rated|\n|rule|Species Clause: Limit one of each Pok\u00e9mon\n|rule|Item Clause: Limit one of each item\n|clearpoke\n|poke|p1|Chi-Yu, L50|\n|poke|p1|Flutter Mane, L50|\n|poke|p1|Glimmora, L50, M|\n|poke|p1|Wo-Chien, L50|\n|poke|p1|Dondozo, L50, F|\n|poke|p1|Tatsugiri, L50, F|\n|poke|p2|Flutter Mane, L50|\n|poke|p2|Glimmora, L50, M|\n|poke|p2|Wo-Chien, L50|\n|poke|p2|Gastrodon, L50, F|\n|poke|p2|Rotom-Heat, L50|\n|poke|p2|Corviknight, L50, F|\n|teampreview|4\n|inactive|Battle timer is ON: inactive players will automatically lose when time's up. (requested by usuarionuevo12)\n|inactive|usuarionuevo12 has 60 seconds left.\n|inactive|usuarionuevo12 has 30 seconds left.\n|inactive|usuarionuevo12 has 20 seconds left.\n|\n|t:|1681953405\n|start\n|switch|p1a: Chi-Yu|Chi-Yu, L50|100\/100\n|switch|p1b: Flutter Mane|Flutter Mane, L50|100\/100\n|switch|p2a: Glimmora|Glimmora, L50, M|100\/100\n|switch|p2b: Corviknight|Corviknight, L50, F|100\/100\n|-ability|p1a: Chi-Yu|Beads of Ruin\n|turn|1\n|inactive|usuarionuevo12 has 30 seconds left.\n|inactive|usuarionuevo12 has 20 seconds left.\n|inactive|TheRicoSuave has 30 seconds left.\n|inactive|usuarionuevo12 has 15 seconds left.\n|inactive|usuarionuevo12 has 10 seconds left.\n|\n|t:|1681953451\n|-terastallize|p1a: Chi-Yu|Fire\n|-terastallize|p2b: Corviknight|Fire\n|move|p1a: Chi-Yu|Heat Wave|p2b: Corviknight|[spread] p2a,p2b\n|-resisted|p2a: Glimmora\n|-resisted|p2b: Corviknight\n|-damage|p2a: Glimmora|77\/100\n|-damage|p2b: Corviknight|70\/100\n|move|p1b: Flutter Mane|Psyshock|p2a: Glimmora\n|-supereffective|p2a: Glimmora\n|-damage|p2a: Glimmora|21\/100\n|move|p2a: Glimmora|Mortal Spin|p1a: Chi-Yu|[spread] p1a,p1b\n|-damage|p1a: Chi-Yu|94\/100\n|-damage|p1b: Flutter Mane|91\/100\n|-status|p1a: Chi-Yu|psn\n|-status|p1b: Flutter Mane|psn\n|move|p2b: Corviknight|Tailwind|p2b: Corviknight\n|-sidestart|p2: usuarionuevo12|move: Tailwind\n|\n|-damage|p1a: Chi-Yu|81\/100 psn|[from] psn\n|-damage|p1b: Flutter Mane|79\/100 psn|[from] psn\n|upkeep\n|turn|2\n|\n|t:|1681953475\n|move|p2a: Glimmora|Power Gem|p1a: Chi-Yu\n|-supereffective|p1a: Chi-Yu\n|-damage|p1a: Chi-Yu|0 fnt\n|faint|p1a: Chi-Yu\n|move|p1b: Flutter Mane|Psyshock|p2a: Glimmora\n|-supereffective|p2a: Glimmora\n|-damage|p2a: Glimmora|0 fnt\n|faint|p2a: Glimmora\n|move|p2b: Corviknight|Iron Head|p1b: Flutter Mane\n|-supereffective|p1b: Flutter Mane\n|-damage|p1b: Flutter Mane|0 fnt\n|faint|p1b: Flutter Mane\n|-end|p1b: Flutter Mane|Protosynthesis|[silent]\n|\n|upkeep\n|\n|t:|1681953499\n|switch|p1b: Tatsugiri|Tatsugiri, L50, F|100\/100\n|switch|p1a: Dondozo|Dondozo, L50, F|100\/100\n|switch|p2a: Wo-Chien|Wo-Chien, L50|100\/100\n|-activate|p1b: Tatsugiri|ability: Commander|[of] p1a: Dondozo\n|-boost|p1a: Dondozo|atk|2\n|-boost|p1a: Dondozo|spa|2\n|-boost|p1a: Dondozo|spe|2\n|-boost|p1a: Dondozo|def|2\n|-boost|p1a: Dondozo|spd|2\n|-ability|p2a: Wo-Chien|Tablets of Ruin\n|turn|3\n|\n|t:|1681953510\n|switch|p2b: Gastrodon|Gastrodon, L50, F, shiny|100\/100\n|move|p2a: Wo-Chien|Leech Seed|p1a: Dondozo\n|-start|p1a: Dondozo|move: Leech Seed\n|move|p1a: Dondozo|Earthquake|p2a: Wo-Chien|[spread] p2a,p2b\n|-miss|p1a: Dondozo|p1b: Tatsugiri\n|-resisted|p2a: Wo-Chien\n|-damage|p2a: Wo-Chien|91\/100\n|-damage|p2b: Gastrodon|72\/100\n|\n|-heal|p2b: Gastrodon|78\/100|[from] item: Leftovers\n|-damage|p1a: Dondozo|88\/100|[from] Leech Seed|[of] p2a: Wo-Chien\n|-heal|p2a: Wo-Chien|100\/100|[silent]\n|-status|p1b: Tatsugiri|tox|[from] item: Toxic Orb\n|upkeep\n|turn|4\n|\n|t:|1681953525\n|move|p2a: Wo-Chien|Foul Play|p1a: Dondozo\n|-damage|p1a: Dondozo|77\/100\n|move|p1a: Dondozo|Tera Blast|p2a: Wo-Chien\n|-damage|p2a: Wo-Chien|83\/100\n|move|p2b: Gastrodon|Earth Power|p1a: Dondozo\n|-damage|p1a: Dondozo|60\/100\n|\n|-heal|p2b: Gastrodon|84\/100|[from] item: Leftovers\n|-damage|p1a: Dondozo|48\/100|[from] Leech Seed|[of] p2a: Wo-Chien\n|-heal|p2a: Wo-Chien|99\/100|[silent]\n|-damage|p1b: Tatsugiri|94\/100 tox|[from] psn\n|-sideend|p2: usuarionuevo12|move: Tailwind\n|upkeep\n|turn|5\n|-message|TheRicoSuave forfeited.\n|\n|win|usuarionuevo12\n|raw|TheRicoSuave's rating: 1078 → 1052<\/strong> (-26 for losing)\n|raw|usuarionuevo12's rating: 1000 → 1049<\/strong> (+49 for winning)\n|l|\u2606TheRicoSuave\n","uploadtime":1681953532,"views":9,"p1id":"thericosuave","p2id":"usuarionuevo12","formatid":"gen9vgc2023regulationc","rating":1049,"private":0,"password":""}