{"id":"gen9vgc2023regulationc-1862638935","p1":"SpadesHS","p2":"revocolombia","format":"[Gen 9] VGC 2023 Regulation C","log":"|j|\u2606SpadesHS\n|j|\u2606revocolombia\n|t:|1683907912\n|gametype|doubles\n|player|p1|SpadesHS|101|1547\n|player|p2|revocolombia|pokemonranger-gen4|1491\n|teamsize|p1|6\n|teamsize|p2|6\n|gen|9\n|tier|[Gen 9] VGC 2023 Regulation C\n|rated|\n|rule|Species Clause: Limit one of each Pok\u00e9mon\n|rule|Item Clause: Limit one of each item\n|clearpoke\n|poke|p1|Great Tusk, L50|\n|poke|p1|Talonflame, L50, M|\n|poke|p1|Iron Bundle, L50|\n|poke|p1|Chi-Yu, L50|\n|poke|p1|Tyranitar, L50, F|\n|poke|p1|Amoonguss, L50, M|\n|poke|p2|Flutter Mane, L50|\n|poke|p2|Great Tusk, L50|\n|poke|p2|Dragonite, L50, M|\n|poke|p2|Chien-Pao, L50|\n|poke|p2|Murkrow, L50, M|\n|poke|p2|Gholdengo, L50|\n|teampreview|4\nSpadesHS has agreed to open team sheets.\n|\n|t:|1683907939\n|start\n|switch|p1a: RobotChicken|Iron Bundle, L50|100\/100\n|switch|p1b: Smiles Back|Chi-Yu, L50|100\/100\n|switch|p2a: Great Tusk|Great Tusk, L50|100\/100\n|switch|p2b: Murkrow|Murkrow, L50, M|100\/100\n|-ability|p1b: Smiles Back|Beads of Ruin\n|-enditem|p1a: RobotChicken|Booster Energy\n|-activate|p1a: RobotChicken|ability: Quark Drive|[fromitem]\n|-start|p1a: RobotChicken|quarkdrivespe\n|turn|1\n|\n|t:|1683907975\n|switch|p1b: Imposter|Amoonguss, L50, M|100\/100\n|-terastallize|p1a: RobotChicken|Ghost\n|move|p2a: Great Tusk|Protect|p2a: Great Tusk\n|-singleturn|p2a: Great Tusk|Protect\n|move|p2b: Murkrow|Tailwind|p2b: Murkrow\n|-sidestart|p2: revocolombia|move: Tailwind\n|move|p1a: RobotChicken|Freeze-Dry|p2a: Great Tusk\n|-activate|p2a: Great Tusk|move: Protect\n|\n|upkeep\n|turn|2\n|\n|t:|1683907992\n|-terastallize|p2a: Great Tusk|Fire\n|move|p1b: Imposter|Rage Powder|p1b: Imposter\n|-singleturn|p1b: Imposter|move: Rage Powder\n|move|p2b: Murkrow|Taunt|p1b: Imposter\n|-start|p1b: Imposter|move: Taunt\n|move|p1a: RobotChicken|Hydro Pump|p2a: Great Tusk\n|-supereffective|p2a: Great Tusk\n|-damage|p2a: Great Tusk|0 fnt\n|faint|p2a: Great Tusk\n|-end|p2a: Great Tusk|Protosynthesis|[silent]\n|\n|upkeep\n|\n|t:|1683908010\n|switch|p2a: Chien-Pao|Chien-Pao, L50|100\/100\n|-ability|p2a: Chien-Pao|Sword of Ruin\n|turn|3\n|\n|t:|1683908027\n|move|p1a: RobotChicken|Protect|p1a: RobotChicken\n|-singleturn|p1a: RobotChicken|Protect\n|move|p2b: Murkrow|Sunny Day|p2b: Murkrow\n|-weather|SunnyDay\n|move|p2a: Chien-Pao|Ice Spinner|p1b: Imposter\n|-supereffective|p1b: Imposter\n|-damage|p1b: Imposter|2\/100\n|-damage|p2a: Chien-Pao|84\/100|[from] item: Rocky Helmet|[of] p1b: Imposter\n|move|p1b: Imposter|Pollen Puff|p2a: Chien-Pao\n|-supereffective|p2a: Chien-Pao\n|-damage|p2a: Chien-Pao|35\/100\n|\n|-weather|SunnyDay|[upkeep]\n|upkeep\n|turn|4\n|\n|t:|1683908053\n|switch|p2b: Dragonite|Dragonite, L50, M|100\/100\n|move|p2a: Chien-Pao|Sucker Punch|p1a: RobotChicken\n|-supereffective|p1a: RobotChicken\n|-damage|p1a: RobotChicken|0 fnt\n|faint|p1a: RobotChicken\n|-end|p1a: RobotChicken|Quark Drive|[silent]\n|move|p1b: Imposter|Pollen Puff|p2a: Chien-Pao\n|-supereffective|p2a: Chien-Pao\n|-damage|p2a: Chien-Pao|0 fnt\n|faint|p2a: Chien-Pao\n|\n|-weather|SunnyDay|[upkeep]\n|-sideend|p2: revocolombia|move: Tailwind\n|upkeep\n|\n|t:|1683908068\n|switch|p1a: Smiles Back|Chi-Yu, L50|100\/100\n|switch|p2a: Murkrow|Murkrow, L50, M|100\/100\n|-ability|p1a: Smiles Back|Beads of Ruin\n|turn|5\n|\n|t:|1683908078\n|switch|p1b: Tuskar|Great Tusk, L50|100\/100\n|-activate|p1b: Tuskar|ability: Protosynthesis\n|-start|p1b: Tuskar|protosynthesisatk\n|move|p2a: Murkrow|Tailwind|p2a: Murkrow\n|-sidestart|p2: revocolombia|move: Tailwind\n|move|p2b: Dragonite|Earthquake|p1a: Smiles Back|[spread] p1a,p1b\n|-immune|p2a: Murkrow\n|-supereffective|p1a: Smiles Back\n|-crit|p1b: Tuskar\n|-damage|p1a: Smiles Back|0 fnt\n|-damage|p1b: Tuskar|49\/100\n|faint|p1a: Smiles Back\n|\n|-weather|SunnyDay|[upkeep]\n|upkeep\n|\n|t:|1683908088\n|switch|p1a: Imposter|Amoonguss, L50, M|35\/100\n|turn|6\n|\n|t:|1683908099\n|move|p1a: Imposter|Rage Powder|p1a: Imposter\n|-singleturn|p1a: Imposter|move: Rage Powder\n|move|p2a: Murkrow|Taunt|p1a: Imposter\n|-start|p1a: Imposter|move: Taunt\n|move|p2b: Dragonite|Earthquake|p1a: Imposter|[spread] p1a,p1b\n|-immune|p2a: Murkrow\n|-damage|p1a: Imposter|2\/100\n|-damage|p1b: Tuskar|15\/100\n|move|p1b: Tuskar|Rock Slide|p2b: Dragonite|[spread] p2a,p2b\n|-supereffective|p2a: Murkrow\n|-supereffective|p2b: Dragonite\n|-damage|p2a: Murkrow|33\/100\n|-damage|p2b: Dragonite|72\/100\n|\n|-weather|SunnyDay|[upkeep]\n|upkeep\n|turn|7\n|-message|SpadesHS forfeited.\n|\n|win|revocolombia\n|raw|SpadesHS's rating: 1547 → 1524<\/strong> (-23 for losing)\n|raw|revocolombia's rating: 1491 → 1514<\/strong> (+23 for winning)\n|l|\u2606SpadesHS\n","uploadtime":1683908119,"views":6,"p1id":"spadeshs","p2id":"revocolombia","formatid":"gen9vgc2023regulationc","rating":1514,"private":0,"password":""}