{"id":"gen9vgc2023regulationc-1850886185","p1":"Jbro316","p2":"joetheGooVGC","format":"[Gen 9] VGC 2023 Regulation C","log":"|j|\u2606Jbro316\n|j|\u2606joetheGooVGC\n|t:|1682378362\n|gametype|doubles\n|player|p1|Jbro316|red|1209\n|player|p2|joetheGooVGC|266|1205\n|teamsize|p1|6\n|teamsize|p2|6\n|gen|9\n|tier|[Gen 9] VGC 2023 Regulation C\n|rated|\n|rule|Species Clause: Limit one of each Pok\u00e9mon\n|rule|Item Clause: Limit one of each item\n|clearpoke\n|poke|p1|Ting-Lu, L50|\n|poke|p1|Arcanine, L50, M|\n|poke|p1|Amoonguss, L50, F|\n|poke|p1|Palafin, L50, M|\n|poke|p1|Flutter Mane, L50|\n|poke|p1|Kingambit, L50, F|\n|poke|p2|Garganacl, L50, M|\n|poke|p2|Iron Hands, L50|\n|poke|p2|Iron Bundle, L50|\n|poke|p2|Flutter Mane, L50|\n|poke|p2|Maushold-Four, L50|\n|poke|p2|Espathra, L50, M|\n|teampreview|4\n|inactive|Battle timer is ON: inactive players will automatically lose when time's up. (requested by Jbro316)\n|inactive|joetheGooVGC also wants the timer to be on.\n|inactive|joetheGooVGC has 60 seconds left.\n|\n|t:|1682378399\n|start\n|switch|p1a: Kingambit|Kingambit, L50, F|100\/100\n|switch|p1b: Palafin|Palafin, L50, M|100\/100\n|switch|p2a: Flutter Mane|Flutter Mane, L50, shiny|100\/100\n|switch|p2b: Espathra|Espathra, L50, M, shiny|100\/100\n|turn|1\n|\n|t:|1682378416\n|detailschange|p1b: Palafin|Palafin-Hero, L50, M\n|switch|p1b: Arcanine|Arcanine, L50, M|100\/100\n|-ability|p1b: Arcanine|Intimidate|boost\n|-unboost|p2a: Flutter Mane|atk|1\n|-unboost|p2b: Espathra|atk|1\n|move|p2a: Flutter Mane|Protect|p2a: Flutter Mane\n|-singleturn|p2a: Flutter Mane|Protect\n|move|p2b: Espathra|Reflect|p2b: Espathra\n|-sidestart|p2: joetheGooVGC|Reflect\n|move|p1a: Kingambit|Iron Head|p2a: Flutter Mane\n|-activate|p2a: Flutter Mane|move: Protect\n|\n|-ability|p2b: Espathra|Speed Boost|boost\n|-boost|p2b: Espathra|spe|1\n|upkeep\n|turn|2\n|inactive|Jbro316 has 30 seconds left.\n|\n|t:|1682378443\n|-terastallize|p2a: Flutter Mane|Fairy\n|move|p2b: Espathra|Lumina Crash|p1b: Arcanine\n|-damage|p1b: Arcanine|63\/100\n|-unboost|p1b: Arcanine|spd|2\n|move|p2a: Flutter Mane|Dazzling Gleam|p1a: Kingambit|[spread] p1a,p1b\n|-resisted|p1b: Arcanine\n|-damage|p1a: Kingambit|46\/100\n|-damage|p1b: Arcanine|12\/100\n|-enditem|p1b: Arcanine|Sitrus Berry|[eat]\n|-heal|p1b: Arcanine|37\/100|[from] item: Sitrus Berry\n|-damage|p2a: Flutter Mane|90\/100|[from] item: Life Orb\n|move|p1b: Arcanine|Snarl|p2b: Espathra|[spread] p2a,p2b\n|-resisted|p2a: Flutter Mane\n|-supereffective|p2b: Espathra\n|-damage|p2a: Flutter Mane|86\/100\n|-damage|p2b: Espathra|72\/100\n|-unboost|p2a: Flutter Mane|spa|1\n|-unboost|p2b: Espathra|spa|1\n|move|p1a: Kingambit|Iron Head|p2a: Flutter Mane\n|-supereffective|p2a: Flutter Mane\n|-damage|p2a: Flutter Mane|0 fnt\n|faint|p2a: Flutter Mane\n|-end|p2a: Flutter Mane|Protosynthesis|[silent]\n|-damage|p1a: Kingambit|37\/100|[from] item: Life Orb\n|\n|-ability|p2b: Espathra|Speed Boost|boost\n|-boost|p2b: Espathra|spe|1\n|upkeep\n|inactive|joetheGooVGC has 30 seconds left.\n|\n|t:|1682378470\n|switch|p2a: supa mario|Garganacl, L50, M, shiny|100\/100\n|turn|3\n|\n|t:|1682378486\n|move|p2b: Espathra|Lumina Crash|p1b: Arcanine\n|-damage|p1b: Arcanine|0 fnt\n|faint|p1b: Arcanine\n|move|p1a: Kingambit|Kowtow Cleave|p2b: Espathra\n|-supereffective|p2b: Espathra\n|-damage|p2b: Espathra|0 fnt\n|faint|p2b: Espathra\n|-damage|p1a: Kingambit|27\/100|[from] item: Life Orb\n|move|p2a: supa mario|Iron Defense|p2a: supa mario\n|-boost|p2a: supa mario|def|2\n|\n|upkeep\n|\n|t:|1682378495\n|switch|p2b: Iron Bundle|Iron Bundle, L50|100\/100\n|switch|p1b: Flutter Mane|Flutter Mane, L50|100\/100\n|turn|4\n|\n|t:|1682378511\n|move|p1a: Kingambit|Sucker Punch|p2b: Iron Bundle\n|-damage|p2b: Iron Bundle|59\/100\n|-damage|p1a: Kingambit|17\/100|[from] item: Life Orb\n|move|p2b: Iron Bundle|Hydro Pump|p1b: Flutter Mane\n|-damage|p1b: Flutter Mane|4\/100\n|move|p1b: Flutter Mane|Dazzling Gleam|p2b: Iron Bundle|[spread] p2a,p2b\n|-damage|p2a: supa mario|70\/100\n|-damage|p2b: Iron Bundle|0 fnt\n|faint|p2b: Iron Bundle\n|-end|p2b: Iron Bundle|Quark Drive|[silent]\n|move|p2a: supa mario|Salt Cure|p1b: Flutter Mane\n|-damage|p1b: Flutter Mane|0 fnt\n|faint|p1b: Flutter Mane\n|-end|p1b: Flutter Mane|Protosynthesis|[silent]\n|\n|upkeep\n|inactive|Jbro316 has 30 seconds left.\n|inactive|Jbro316 has 20 seconds left.\n|inactive|Jbro316 has 15 seconds left.\n|inactive|Jbro316 has 10 seconds left.\n|inactive|Jbro316 has 5 seconds left.\n|\n|t:|1682378566\n|switch|p1b: Palafin|Palafin-Hero, L50, M|100\/100\n|-activate|p1b: Palafin|ability: Zero to Hero\n|turn|5\n|inactive|Jbro316 has 30 seconds left.\n|inactive|Jbro316 has 20 seconds left.\n|inactive|Jbro316 has 15 seconds left.\n|inactive|Jbro316 has 10 seconds left.\n|inactive|Jbro316 has 5 seconds left.\n|\n|t:|1682378621\n|move|p1a: Kingambit|Sucker Punch||[still]\n|-fail|p1a: Kingambit\n|move|p1b: Palafin|Wave Crash|p2a: supa mario\n|-supereffective|p2a: supa mario\n|-damage|p2a: supa mario|33\/100\n|-damage|p1b: Palafin|89\/100|[from] Recoil\n|move|p2a: supa mario|Iron Defense|p2a: supa mario\n|-boost|p2a: supa mario|def|2\n|\n|upkeep\n|turn|6\n|inactive|Jbro316 has 30 seconds left.\n|inactive|Jbro316 has 20 seconds left.\n|inactive|Jbro316 has 15 seconds left.\n|inactive|Jbro316 has 10 seconds left.\n|inactive|Jbro316 has 5 seconds left.\n|\n|t:|1682378676\n|move|p1a: Kingambit|Sucker Punch||[still]\n|-fail|p1a: Kingambit\n|move|p1b: Palafin|Wave Crash|p2a: supa mario\n|-supereffective|p2a: supa mario\n|-damage|p2a: supa mario|8\/100\n|-damage|p1b: Palafin|81\/100|[from] Recoil\n|move|p2a: supa mario|Recover|p2a: supa mario\n|-heal|p2a: supa mario|58\/100\n|\n|upkeep\n|turn|7\n|inactive|Jbro316 has 30 seconds left.\n|inactive|joetheGooVGC has 30 seconds left.\n|inactive|Jbro316 has 20 seconds left.\n|inactive|joetheGooVGC has 20 seconds left.\n|inactive|Jbro316 has 15 seconds left.\n|inactive|joetheGooVGC has 15 seconds left.\n|inactive|Jbro316 has 10 seconds left.\n|inactive|Jbro316 has 5 seconds left.\n|\n|t:|1682378731\n|move|p1a: Kingambit|Sucker Punch|p2a: supa mario\n|-damage|p2a: supa mario|51\/100\n|-damage|p1a: Kingambit|8\/100|[from] item: Life Orb\n|move|p1b: Palafin|Wave Crash|p2a: supa mario\n|-supereffective|p2a: supa mario\n|-damage|p2a: supa mario|23\/100\n|-damage|p1b: Palafin|73\/100|[from] Recoil\n|move|p2a: supa mario|Body Press|p1b: Palafin\n|-damage|p1b: Palafin|0 fnt\n|faint|p1b: Palafin\n|\n|upkeep\n|turn|8\n|inactive|Jbro316 has 30 seconds left.\n|inactive|Jbro316 has 20 seconds left.\n|inactive|Jbro316 has 15 seconds left.\n|inactive|Jbro316 has 10 seconds left.\n|inactive|Jbro316 has 5 seconds left.\n|\n|t:|1682378786\n|move|p1a: Kingambit|Sucker Punch||[still]\n|-fail|p1a: Kingambit\n|move|p2a: supa mario|Recover|p2a: supa mario\n|-heal|p2a: supa mario|74\/100\n|\n|-sideend|p2: joetheGooVGC|Reflect\n|upkeep\n|turn|9\n|inactive|Jbro316 has 30 seconds left.\n|inactive|Jbro316 has 20 seconds left.\n|inactive|Jbro316 has 15 seconds left.\n|inactive|Jbro316 has 10 seconds left.\n|inactive|Jbro316 has 5 seconds left.\n|\n|t:|1682378841\n|move|p1a: Kingambit|Sucker Punch|p2a: supa mario\n|-damage|p2a: supa mario|63\/100\n|-damage|p1a: Kingambit|0 fnt|[from] item: Life Orb\n|faint|p1a: Kingambit\n|\n|win|joetheGooVGC\n|raw|Jbro316's rating: 1209 → 1184<\/strong> (-25 for losing)\n|raw|joetheGooVGC's rating: 1205 → 1230<\/strong> (+25 for winning)\n","uploadtime":1682379122,"views":10,"p1id":"jbro316","p2id":"joethegoovgc","formatid":"gen9vgc2023regulationc","rating":1184,"private":0,"password":""}