{"id":"gen9vgc2023regulationc-1852402420","p1":"VeeGey","p2":"ArgoMcDorko","format":"[Gen 9] VGC 2023 Regulation C","log":"|j|\u2606VeeGey\n|j|\u2606ArgoMcDorko\n|t:|1682553211\n|gametype|doubles\n|player|p1|VeeGey|101|1125\n|player|p2|ArgoMcDorko|drayden|1018\n|teamsize|p1|6\n|teamsize|p2|4\n|gen|9\n|tier|[Gen 9] VGC 2023 Regulation C\n|rated|\n|rule|Species Clause: Limit one of each Pok\u00e9mon\n|rule|Item Clause: Limit one of each item\n|clearpoke\n|poke|p1|Scovillain, L50, M|\n|poke|p1|Dragapult, L50, M|\n|poke|p1|Barraskewda, L50, M|\n|poke|p1|Squawkabilly, L50, M|\n|poke|p1|Golduck, L50, M|\n|poke|p1|Pelipper, L50, F|\n|poke|p2|Mudsdale, L50, M|\n|poke|p2|Tyranitar, L50, F|\n|poke|p2|Klefki, L50, F|\n|poke|p2|Toxapex, L50, F|\n|teampreview|4\n|inactive|Battle timer is ON: inactive players will automatically lose when time's up. (requested by VeeGey)\nArgoMcDorko rejected open team sheets.\n|inactive|VeeGey has 60 seconds left.\n|\n|t:|1682553247\n|start\n|switch|p1a: Pelipper|Pelipper, L50, F|100\/100\n|switch|p1b: Golduck|Golduck, L50, M, shiny|100\/100\n|switch|p2a: Mustdale|Mudsdale, L50, M, shiny|100\/100\n|switch|p2b: T-tar|Tyranitar, L50, F, shiny|100\/100\n|-weather|RainDance|[from] ability: Drizzle|[of] p1a: Pelipper\n|-weather|Sandstorm|[from] ability: Sand Stream|[of] p2b: T-tar\n|turn|1\n|\n|t:|1682553262\n|switch|p1a: Scovillain|Scovillain, L50, M|100\/100\n|switch|p2b: Snefki|Klefki, L50, F, shiny|100\/100\n|-terastallize|p1b: Golduck|Ground\n|move|p1b: Golduck|Surf|p2a: Mustdale|[spread] p1a,p2a,p2b\n|-supereffective|p2a: Mustdale\n|-crit|p2a: Mustdale\n|-damage|p1a: Scovillain|25\/100\n|-damage|p2a: Mustdale|16\/100\n|-damage|p2b: Snefki|58\/100\n|-ability|p2a: Mustdale|Stamina|boost\n|-boost|p2a: Mustdale|def|1\n|-damage|p1b: Golduck|91\/100|[from] item: Life Orb\n|move|p2a: Mustdale|Smack Down|p1a: Scovillain\n|-supereffective|p1a: Scovillain\n|-damage|p1a: Scovillain|0 fnt\n|faint|p1a: Scovillain\n|\n|-weather|Sandstorm|[upkeep]\n|upkeep\n|\n|t:|1682553268\n|switch|p1a: Pelipper|Pelipper, L50, F|100\/100\n|-weather|RainDance|[from] ability: Drizzle|[of] p1a: Pelipper\n|turn|2\n|\n|t:|1682553296\n|move|p1b: Golduck|Surf|p2b: Snefki|[spread] p1a,p2a,p2b\n|-resisted|p1a: Pelipper\n|-supereffective|p2a: Mustdale\n|-damage|p1a: Pelipper|69\/100\n|-damage|p2a: Mustdale|0 fnt\n|-damage|p2b: Snefki|0 fnt\n|faint|p2a: Mustdale\n|faint|p2b: Snefki\n|-damage|p1b: Golduck|81\/100|[from] item: Life Orb\n|move|p1a: Pelipper|Icy Wind|p2: Mustdale|[notarget]\n|-fail|p1a: Pelipper\n|\n|-weather|RainDance|[upkeep]\n|upkeep\n|\n|t:|1682553312\n|switch|p2b: Toxic Pecs|Toxapex, L50, F, shiny|100\/100\n|switch|p2a: T-tar|Tyranitar, L50, F, shiny|100\/100\n|-weather|Sandstorm|[from] ability: Sand Stream|[of] p2a: T-tar\n|turn|3\n|\n|t:|1682553325\n|switch|p1a: Barraskewda|Barraskewda, L50, M|100\/100\n|move|p1b: Golduck|Tera Blast|p2a: T-tar\n|-supereffective|p2a: T-tar\n|-damage|p2a: T-tar|46\/100\n|-damage|p1b: Golduck|72\/100|[from] item: Life Orb\n|move|p2a: T-tar|Rock Slide|p1a: Barraskewda|[spread] p1a,p1b\n|-resisted|p1b: Golduck\n|-damage|p1a: Barraskewda|45\/100\n|-damage|p1b: Golduck|52\/100\n|move|p2b: Toxic Pecs|Toxic|p1a: Barraskewda\n|-status|p1a: Barraskewda|tox\n|\n|-weather|Sandstorm|[upkeep]\n|-damage|p1a: Barraskewda|39\/100 tox|[from] Sandstorm\n|-damage|p2b: Toxic Pecs|95\/100|[from] Sandstorm\n|-heal|p2b: Toxic Pecs|100\/100|[from] item: Black Sludge\n|-damage|p1a: Barraskewda|33\/100 tox|[from] psn\n|upkeep\n|turn|4\n|\n|t:|1682553347\n|-terastallize|p2a: T-tar|Flying\n|move|p1a: Barraskewda|Liquidation|p2a: T-tar\n|-damage|p2a: T-tar|0 fnt\n|faint|p2a: T-tar\n|move|p1b: Golduck|Tera Blast|p2b: Toxic Pecs\n|-supereffective|p2b: Toxic Pecs\n|-damage|p2b: Toxic Pecs|11\/100\n|-damage|p1b: Golduck|43\/100|[from] item: Life Orb\n|move|p2b: Toxic Pecs|Toxic|p1b: Golduck\n|-status|p1b: Golduck|tox\n|\n|-weather|Sandstorm|[upkeep]\n|-damage|p1a: Barraskewda|28\/100 tox|[from] Sandstorm\n|-damage|p2b: Toxic Pecs|5\/100|[from] Sandstorm\n|-heal|p2b: Toxic Pecs|11\/100|[from] item: Black Sludge\n|-damage|p1a: Barraskewda|16\/100 tox|[from] psn\n|-damage|p1b: Golduck|37\/100 tox|[from] psn\n|upkeep\n|turn|5\n|c|\u2606VeeGey|Gg\n|\n|t:|1682553367\n|move|p1a: Barraskewda|Liquidation|p2b: Toxic Pecs\n|-resisted|p2b: Toxic Pecs\n|-damage|p2b: Toxic Pecs|0 fnt\n|faint|p2b: Toxic Pecs\n|\n|win|VeeGey\n|raw|VeeGey's rating: 1125 → 1143<\/strong> (+18 for winning)\n|raw|ArgoMcDorko's rating: 1018 → 1009<\/strong> (-9 for losing)\n|l|\u2606ArgoMcDorko\n","uploadtime":1682553378,"views":15,"p1id":"veegey","p2id":"argomcdorko","formatid":"gen9vgc2023regulationc","rating":1009,"private":0,"password":""}