{"id":"gen9vgc2023regulationc-1849514751","p1":"Wkr Yaspo","p2":"Angelowos","format":"[Gen 9] VGC 2023 Regulation C","log":"|j|\u2606Wkr Yaspo\n|j|\u2606Angelowos\n|t:|1682207620\n|gametype|doubles\n|player|p1|Wkr Yaspo|backpacker|\n|player|p2|Angelowos|red|\n|teamsize|p1|6\n|teamsize|p2|6\n|gen|9\n|tier|[Gen 9] VGC 2023 Regulation C\n|rule|Species Clause: Limit one of each Pok\u00e9mon\n|rule|Item Clause: Limit one of each item\n|clearpoke\n|poke|p1|Palafin, L50, M|\n|poke|p1|Flutter Mane, L50|\n|poke|p1|Arcanine, L50, F|\n|poke|p1|Amoonguss, L50, M|\n|poke|p1|Ting-Lu, L50|\n|poke|p1|Roaring Moon, L50|\n|poke|p2|Flutter Mane, L50|\n|poke|p2|Arcanine, L50, M|\n|poke|p2|Palafin, L50, F|\n|poke|p2|Amoonguss, L50, M|\n|poke|p2|Gastrodon-East, L50, F|\n|poke|p2|Grimmsnarl, L50, M|\n|teampreview|4\n|c|\u2606Angelowos|Paso las replays? O t\u00fa ya lo hiciste\n|c|\u2606Wkr Yaspo|la guarde\n|c|\u2606Wkr Yaspo|carlos e jode xd\n|\n|t:|1682207765\n|start\n|switch|p1a: Arcanine|Arcanine, L50, F|100\/100\n|switch|p1b: Roaring Moon|Roaring Moon, L50|100\/100\n|switch|p2a: Amoonguss|Amoonguss, L50, M|100\/100\n|switch|p2b: Arcanine|Arcanine, L50, M|100\/100\n|-ability|p1a: Arcanine|Intimidate|boost\n|-unboost|p2a: Amoonguss|atk|1\n|-unboost|p2b: Arcanine|atk|1\n|-ability|p2b: Arcanine|Intimidate|boost\n|-unboost|p1a: Arcanine|atk|1\n|-unboost|p1b: Roaring Moon|atk|1\n|-enditem|p1b: Roaring Moon|Booster Energy\n|-activate|p1b: Roaring Moon|ability: Protosynthesis|[fromitem]\n|-start|p1b: Roaring Moon|protosynthesisspe\n|turn|1\n|\n|t:|1682207865\n|switch|p2b: Gastrodon|Gastrodon-East, L50, F|100\/100\n|-terastallize|p2a: Amoonguss|Fire\n|move|p1b: Roaring Moon|Protect|p1b: Roaring Moon\n|-singleturn|p1b: Roaring Moon|Protect\n|move|p1a: Arcanine|Flare Blitz|p2a: Amoonguss\n|-resisted|p2a: Amoonguss\n|-damage|p2a: Amoonguss|82\/100\n|-damage|p1a: Arcanine|93\/100|[from] Recoil\n|move|p2a: Amoonguss|Spore|p1b: Roaring Moon\n|-activate|p1b: Roaring Moon|move: Protect\n|\n|upkeep\n|turn|2\n|\n|t:|1682207902\n|-end|p1b: Roaring Moon|Protosynthesis|[silent]\n|switch|p1b: Ting-Lu|Ting-Lu, L50|100\/100\n|-ability|p1b: Ting-Lu|Vessel of Ruin\n|move|p1a: Arcanine|Protect|p1a: Arcanine\n|-singleturn|p1a: Arcanine|Protect\n|move|p2b: Gastrodon|Yawn|p1a: Arcanine\n|-activate|p1a: Arcanine|move: Protect\n|move|p2a: Amoonguss|Spore|p1b: Ting-Lu\n|-status|p1b: Ting-Lu|slp|[from] move: Spore\n|\n|upkeep\n|turn|3\n|\n|t:|1682207974\n|switch|p2b: Palafin|Palafin, L50, F|100\/100\n|move|p1a: Arcanine|Flare Blitz|p2b: Palafin\n|-resisted|p2b: Palafin\n|-damage|p2b: Palafin|73\/100\n|-damage|p1a: Arcanine|83\/100|[from] Recoil\n|cant|p1b: Ting-Lu|slp\n|move|p2a: Amoonguss|Spore|p1a: Arcanine\n|-activate|p1a: Arcanine|item: Safety Goggles|Spore\n|\n|upkeep\n|turn|4\n|\n|t:|1682208045\n|detailschange|p2b: Palafin|Palafin-Hero, L50, F\n|switch|p2b: Gastrodon|Gastrodon-East, L50, F|100\/100\n|move|p1a: Arcanine|Will-O-Wisp|p2b: Gastrodon\n|-status|p2b: Gastrodon|brn\n|cant|p1b: Ting-Lu|slp\n|move|p2a: Amoonguss|Pollen Puff|p2b: Gastrodon\n|-immune|p2b: Gastrodon\n|\n|-damage|p2b: Gastrodon|94\/100 brn|[from] brn\n|upkeep\n|turn|5\n|\n|t:|1682208081\n|switch|p2a: Arcanine|Arcanine, L50, M|100\/100\n|-ability|p2a: Arcanine|Intimidate|boost\n|-unboost|p1a: Arcanine|atk|1\n|-unboost|p1b: Ting-Lu|atk|1\n|move|p1a: Arcanine|Protect|p1a: Arcanine\n|-singleturn|p1a: Arcanine|Protect\n|-curestatus|p1b: Ting-Lu|slp|[msg]\n|move|p1b: Ting-Lu|Stomping Tantrum|p2a: Arcanine\n|-supereffective|p2a: Arcanine\n|-damage|p2a: Arcanine|0 fnt\n|faint|p2a: Arcanine\n|move|p2b: Gastrodon|Muddy Water|p1b: Ting-Lu|[spread] p1b\n|-activate|p1a: Arcanine|move: Protect\n|-supereffective|p1b: Ting-Lu\n|-damage|p1b: Ting-Lu|85\/100\n|\n|-damage|p2b: Gastrodon|88\/100 brn|[from] brn\n|upkeep\n|\n|t:|1682208124\n|switch|p2a: Palafin|Palafin-Hero, L50, F|73\/100\n|-activate|p2a: Palafin|ability: Zero to Hero\n|turn|6\n|\n|t:|1682208221\n|switch|p2a: Amoonguss|Amoonguss, L50, M, tera:Fire|100\/100\n|move|p1a: Arcanine|Will-O-Wisp|p2a: Amoonguss\n|-immune|p2a: Amoonguss\n|move|p1b: Ting-Lu|Stomping Tantrum|p2a: Amoonguss\n|-supereffective|p2a: Amoonguss\n|-damage|p2a: Amoonguss|57\/100\n|move|p2b: Gastrodon|Yawn|p1b: Ting-Lu\n|-start|p1b: Ting-Lu|move: Yawn|[of] p2b: Gastrodon\n|\n|-damage|p2b: Gastrodon|82\/100 brn|[from] brn\n|upkeep\n|turn|7\n|\n|t:|1682208274\n|switch|p1a: Flutter Mane|Flutter Mane, L50|100\/100\n|switch|p1b: Roaring Moon|Roaring Moon, L50|100\/100\n|move|p2b: Gastrodon|Muddy Water|p1a: Flutter Mane|[spread] p1a,p1b\n|-resisted|p1b: Roaring Moon\n|-damage|p1a: Flutter Mane|77\/100\n|-damage|p1b: Roaring Moon|91\/100\n|-unboost|p1b: Roaring Moon|accuracy|1\n|move|p2a: Amoonguss|Spore|p1a: Flutter Mane\n|-status|p1a: Flutter Mane|slp|[from] move: Spore\n|\n|-damage|p2b: Gastrodon|76\/100 brn|[from] brn\n|upkeep\n|turn|8\n|\n|t:|1682208331\n|switch|p2b: Palafin|Palafin-Hero, L50, F|73\/100\n|cant|p1a: Flutter Mane|slp\n|move|p1b: Roaring Moon|Acrobatics|p2a: Amoonguss|[miss]\n|-miss|p1b: Roaring Moon|p2a: Amoonguss\n|move|p2a: Amoonguss|Spore|p1b: Roaring Moon\n|-status|p1b: Roaring Moon|slp|[from] move: Spore\n|\n|upkeep\n|turn|9\n|c|\u2606Wkr Yaspo|xdd\n|\n|t:|1682208405\n|-end|p1b: Roaring Moon|Protosynthesis|[silent]\n|switch|p1b: Arcanine|Arcanine, L50, F|83\/100\n|-ability|p1b: Arcanine|Intimidate|boost\n|-unboost|p2a: Amoonguss|atk|1\n|-unboost|p2b: Palafin|atk|1\n|-curestatus|p1a: Flutter Mane|slp|[msg]\n|move|p1a: Flutter Mane|Moonblast|p2b: Palafin\n|-damage|p2b: Palafin|11\/100\n|-unboost|p2b: Palafin|spa|1\n|move|p2b: Palafin|Wave Crash|p1a: Flutter Mane\n|-damage|p1a: Flutter Mane|0 fnt\n|faint|p1a: Flutter Mane\n|-end|p1a: Flutter Mane|Protosynthesis|[silent]\n|-damage|p2b: Palafin|0 fnt|[from] Recoil\n|faint|p2b: Palafin\n|move|p2a: Amoonguss|Pollen Puff|p2: Palafin|[notarget]\n|-fail|p2a: Amoonguss\n|\n|upkeep\n|\n|t:|1682208424\n|switch|p1a: Roaring Moon|Roaring Moon, L50|91\/100 slp\n|switch|p2b: Gastrodon|Gastrodon-East, L50, F|76\/100 brn\n|turn|10\n|\n|t:|1682208468\n|-terastallize|p1b: Arcanine|Grass\n|cant|p1a: Roaring Moon|slp\n|move|p1b: Arcanine|Flare Blitz|p2b: Gastrodon\n|-resisted|p2b: Gastrodon\n|-damage|p2b: Gastrodon|48\/100 brn\n|-damage|p1b: Arcanine|71\/100|[from] Recoil\n|move|p2b: Gastrodon|Yawn|p1b: Arcanine\n|-start|p1b: Arcanine|move: Yawn|[of] p2b: Gastrodon\n|move|p2a: Amoonguss|Pollen Puff|p2b: Gastrodon\n|-heal|p2b: Gastrodon|98\/100 brn\n|\n|-damage|p2b: Gastrodon|92\/100 brn|[from] brn\n|upkeep\n|turn|11\n|\n|t:|1682208504\n|switch|p1b: Ting-Lu|Ting-Lu, L50|85\/100\n|-ability|p1b: Ting-Lu|Vessel of Ruin\n|cant|p1a: Roaring Moon|slp\n|move|p2b: Gastrodon|Ice Beam|p1a: Roaring Moon\n|-supereffective|p1a: Roaring Moon\n|-damage|p1a: Roaring Moon|64\/100 slp\n|move|p2a: Amoonguss|Spore|p1b: Ting-Lu\n|-status|p1b: Ting-Lu|slp|[from] move: Spore\n|\n|-damage|p2b: Gastrodon|86\/100 brn|[from] brn\n|upkeep\n|turn|12\n|\n|t:|1682208551\n|cant|p1a: Roaring Moon|slp\n|cant|p1b: Ting-Lu|slp\n|move|p2b: Gastrodon|Ice Beam|p1a: Roaring Moon\n|-supereffective|p1a: Roaring Moon\n|-damage|p1a: Roaring Moon|34\/100 slp\n|move|p2a: Amoonguss|Spore|p1a: Roaring Moon\n|-fail|p1a: Roaring Moon|slp\n|\n|-damage|p2b: Gastrodon|80\/100 brn|[from] brn\n|upkeep\n|turn|13\n|\n|t:|1682208577\n|-curestatus|p1a: Roaring Moon|slp|[msg]\n|move|p1a: Roaring Moon|Acrobatics|p2a: Amoonguss\n|-damage|p2a: Amoonguss|24\/100\n|cant|p1b: Ting-Lu|slp\n|move|p2b: Gastrodon|Muddy Water|p1a: Roaring Moon|[spread] p1a,p1b\n|-resisted|p1a: Roaring Moon\n|-supereffective|p1b: Ting-Lu\n|-damage|p1a: Roaring Moon|27\/100\n|-damage|p1b: Ting-Lu|69\/100 slp\n|move|p2a: Amoonguss|Spore|p1a: Roaring Moon\n|-status|p1a: Roaring Moon|slp|[from] move: Spore\n|\n|-damage|p2b: Gastrodon|74\/100 brn|[from] brn\n|upkeep\n|turn|14\n|c|\u2606Wkr Yaspo|xdd\n|\n|t:|1682208677\n|-end|p1a: Roaring Moon|Protosynthesis|[silent]\n|switch|p1a: Arcanine|Arcanine, L50, F, tera:Grass|71\/100\n|-ability|p1a: Arcanine|Intimidate|boost\n|-unboost|p2a: Amoonguss|atk|1\n|-unboost|p2b: Gastrodon|atk|1\n|cant|p1b: Ting-Lu|slp\n|move|p2b: Gastrodon|Yawn||[still]\n|-fail|p2b: Gastrodon\n|move|p2a: Amoonguss|Pollen Puff|p1a: Arcanine\n|-supereffective|p1a: Arcanine\n|-damage|p1a: Arcanine|32\/100\n|\n|-damage|p2b: Gastrodon|68\/100 brn|[from] brn\n|upkeep\n|turn|15\n|\n|t:|1682208742\n|move|p1a: Arcanine|Extreme Speed|p2a: Amoonguss\n|-damage|p2a: Amoonguss|0 fnt\n|faint|p2a: Amoonguss\n|-curestatus|p1b: Ting-Lu|slp|[msg]\n|move|p1b: Ting-Lu|Stomping Tantrum|p2b: Gastrodon\n|-damage|p2b: Gastrodon|9\/100 brn\n|move|p2b: Gastrodon|Ice Beam|p1a: Arcanine\n|-supereffective|p1a: Arcanine\n|-damage|p1a: Arcanine|0 fnt\n|faint|p1a: Arcanine\n|\n|-damage|p2b: Gastrodon|3\/100 brn|[from] brn\n|upkeep\n|\n|t:|1682208754\n|switch|p1a: Roaring Moon|Roaring Moon, L50|27\/100 slp\n|turn|16\n|\n|t:|1682208764\n|cant|p1a: Roaring Moon|slp\n|move|p1b: Ting-Lu|Stomping Tantrum|p2b: Gastrodon\n|-damage|p2b: Gastrodon|0 fnt\n|faint|p2b: Gastrodon\n|\n|win|Wkr Yaspo\n|c|\u2606Angelowos|Gg\n|l|\u2606Angelowos\n|c|\u2606Wkr Yaspo|gg\n","uploadtime":1682208777,"views":7,"p1id":"wkryaspo","p2id":"angelowos","formatid":"gen9vgc2023regulationc","rating":0,"private":0,"password":""}