{"id":"gen9vgc2023regulationc-1846961057","p1":"Charliejr98","p2":"Tungus4013","format":"[Gen 9] VGC 2023 Regulation C","log":"|j|\u2606Charliejr98\n|j|\u2606Tungus4013\n|t:|1681906411\n|gametype|doubles\n|player|p1|Charliejr98|striker|1090\n|player|p2|Tungus4013|1|1000\n|teamsize|p1|6\n|teamsize|p2|6\n|gen|9\n|tier|[Gen 9] VGC 2023 Regulation C\n|rated|\n|rule|Species Clause: Limit one of each Pok\u00e9mon\n|rule|Item Clause: Limit one of each item\n|clearpoke\n|poke|p1|Flutter Mane, L50|\n|poke|p1|Murkrow, L50, F|\n|poke|p1|Brute Bonnet, L50|\n|poke|p1|Chi-Yu, L50|\n|poke|p1|Great Tusk, L50|\n|poke|p1|Corviknight, L50, F|\n|poke|p2|Bellibolt, L50, F|\n|poke|p2|Eelektross, L50, F|\n|poke|p2|Iron Hands, L50|\n|poke|p2|Pincurchin, L50, F|\n|poke|p2|Kilowattrel, L50, F|\n|poke|p2|Pawmot, L50, F|\n|teampreview|4\n|inactive|Battle timer is ON: inactive players will automatically lose when time's up. (requested by Charliejr98)\n|\n|t:|1681906467\n|start\n|switch|p1a: Murkrow|Murkrow, L50, F|100\/100\n|switch|p1b: Great Tusk|Great Tusk, L50|100\/100\n|switch|p2a: Eelektross|Eelektross, L50, F|100\/100\n|switch|p2b: Kilowattrel|Kilowattrel, L50, F|100\/100\n|turn|1\n|inactive|Tungus4013 has 30 seconds left.\n|\n|t:|1681906501\n|-terastallize|p1b: Great Tusk|Steel\n|move|p1a: Murkrow|Sunny Day|p1a: Murkrow\n|-weather|SunnyDay\n|-activate|p1b: Great Tusk|ability: Protosynthesis\n|-start|p1b: Great Tusk|protosynthesisatk\n|move|p1b: Great Tusk|Rock Slide|p2b: Kilowattrel|[spread] p2a,p2b\n|-supereffective|p2b: Kilowattrel\n|-damage|p2a: Eelektross|73\/100\n|-damage|p2b: Kilowattrel|28\/100\n|move|p2b: Kilowattrel|Tailwind|p2b: Kilowattrel\n|-sidestart|p2: Tungus4013|move: Tailwind\n|move|p2a: Eelektross|Giga Drain|p1b: Great Tusk\n|-resisted|p1b: Great Tusk\n|-damage|p1b: Great Tusk|83\/100\n|-heal|p2a: Eelektross|82\/100|[from] drain|[of] p1b: Great Tusk\n|\n|-weather|SunnyDay|[upkeep]\n|upkeep\n|turn|2\n|inactive|Tungus4013 has 30 seconds left.\n|inactive|Tungus4013 has 20 seconds left.\n|inactive|Tungus4013 has 15 seconds left.\n|\n|t:|1681906543\n|move|p1a: Murkrow|Tailwind|p1a: Murkrow\n|-sidestart|p1: Charliejr98|move: Tailwind\n|move|p1b: Great Tusk|Rock Slide|p2a: Eelektross|[spread] p2b\n|-miss|p1b: Great Tusk|p2a: Eelektross\n|-supereffective|p2b: Kilowattrel\n|-damage|p2b: Kilowattrel|0 fnt\n|faint|p2b: Kilowattrel\n|move|p2a: Eelektross|Discharge|p1b: Great Tusk|[spread] p1a,p1b\n|-supereffective|p1a: Murkrow\n|-damage|p1a: Murkrow|54\/100\n|-damage|p1b: Great Tusk|45\/100\n|-status|p1a: Murkrow|par\n|\n|-weather|SunnyDay|[upkeep]\n|upkeep\n|\n|t:|1681906561\n|switch|p2b: Iron Hands|Iron Hands, L50|100\/100\n|turn|3\n|\n|t:|1681906576\n|-end|p1b: Great Tusk|Protosynthesis|[silent]\n|switch|p1b: Brute Bonnet|Brute Bonnet, L50|100\/100\n|-activate|p1b: Brute Bonnet|ability: Protosynthesis\n|-start|p1b: Brute Bonnet|protosynthesisatk\n|move|p2b: Iron Hands|Fake Out|p1b: Brute Bonnet\n|-damage|p1b: Brute Bonnet|90\/100\n|move|p2a: Eelektross|Flamethrower|p1b: Brute Bonnet\n|-supereffective|p1b: Brute Bonnet\n|-damage|p1b: Brute Bonnet|22\/100\n|move|p1a: Murkrow|Foul Play|p2b: Iron Hands\n|-resisted|p2b: Iron Hands\n|-damage|p2b: Iron Hands|87\/100\n|\n|-weather|SunnyDay|[upkeep]\n|-heal|p2b: Iron Hands|93\/100|[from] item: Leftovers\n|upkeep\n|turn|4\n|inactive|Tungus4013 has 30 seconds left.\n|\n|t:|1681906603\n|move|p1b: Brute Bonnet|Stomping Tantrum|p2b: Iron Hands\n|-supereffective|p2b: Iron Hands\n|-damage|p2b: Iron Hands|41\/100\n|move|p2b: Iron Hands|Drain Punch|p1b: Brute Bonnet\n|-supereffective|p1b: Brute Bonnet\n|-crit|p1b: Brute Bonnet\n|-damage|p1b: Brute Bonnet|0 fnt\n|-heal|p2b: Iron Hands|50\/100|[from] drain|[of] p1b: Brute Bonnet\n|faint|p1b: Brute Bonnet\n|-end|p1b: Brute Bonnet|Protosynthesis|[silent]\n|move|p2a: Eelektross|Volt Switch|p1a: Murkrow\n|-supereffective|p1a: Murkrow\n|-damage|p1a: Murkrow|3\/100 par\n|\n|t:|1681906617\n|switch|p2a: Falete|Bellibolt, L50, F|100\/100|[from] Volt Switch\n|-item|p2a: Falete|Air Balloon\n|cant|p1a: Murkrow|par\n|\n|-weather|SunnyDay|[upkeep]\n|-heal|p2b: Iron Hands|56\/100|[from] item: Leftovers\n|-sideend|p2: Tungus4013|move: Tailwind\n|upkeep\n|\n|t:|1681906625\n|switch|p1b: Great Tusk|Great Tusk, L50, tera:Steel|45\/100\n|-activate|p1b: Great Tusk|ability: Protosynthesis\n|-start|p1b: Great Tusk|protosynthesisatk\n|turn|5\n|\n|t:|1681906645\n|-end|p2b: Iron Hands|Quark Drive|[silent]\n|switch|p2b: Eelektross|Eelektross, L50, F|82\/100\n|move|p1a: Murkrow|Taunt|p2a: Falete\n|-start|p2a: Falete|move: Taunt\n|move|p1b: Great Tusk|Earthquake|p2a: Falete|[spread] \n|-immune|p1a: Murkrow\n|-immune|p2a: Falete\n|-immune|p2b: Eelektross|[from] ability: Levitate\n|move|p2a: Falete|Parabolic Charge|p1b: Great Tusk|[spread] p2b,p1a,p1b\n|-resisted|p2b: Eelektross\n|-supereffective|p1a: Murkrow\n|-crit|p1b: Great Tusk\n|-damage|p2b: Eelektross|75\/100\n|-damage|p1a: Murkrow|0 fnt\n|-damage|p1b: Great Tusk|0 fnt\n|faint|p1a: Murkrow\n|faint|p1b: Great Tusk\n|-end|p1b: Great Tusk|Protosynthesis|[silent]\n|\n|-weather|none\n|-sideend|p1: Charliejr98|move: Tailwind\n|upkeep\n|\n|t:|1681906651\n|switch|p1b: Flutter Mane|Flutter Mane, L50|100\/100\n|turn|6\n|inactive|Tungus4013 has 30 seconds left.\n|\n|t:|1681906685\n|move|p1b: Flutter Mane|Dazzling Gleam|p2b: Eelektross|[spread] p2a,p2b\n|-damage|p2a: Falete|62\/100\n|-damage|p2b: Eelektross|43\/100\n|-start|p2a: Falete|Charge|Dazzling Gleam|[from] ability: Electromorphosis\n|-enditem|p2a: Falete|Air Balloon\n|move|p2b: Eelektross|Flamethrower|p1b: Flutter Mane\n|-damage|p1b: Flutter Mane|74\/100\n|move|p2a: Falete|Parabolic Charge|p1b: Flutter Mane|[spread] p2b,p1b\n|-resisted|p2b: Eelektross\n|-damage|p2b: Eelektross|27\/100\n|-heal|p2a: Falete|69\/100|[from] drain|[of] p2b: Eelektross\n|-damage|p1b: Flutter Mane|27\/100\n|-heal|p2a: Falete|83\/100|[from] drain|[of] p1b: Flutter Mane\n|-end|p2a: Falete|Charge|[silent]\n|\n|upkeep\n|turn|7\n|inactive|Charliejr98 has 30 seconds left.\n|inactive|Tungus4013 has 30 seconds left.\n|inactive|Tungus4013 has 20 seconds left.\n|inactive|Tungus4013 has 15 seconds left.\n|inactive|Tungus4013 has 10 seconds left.\n|inactive|Tungus4013 has 5 seconds left.\n|\n|t:|1681906740\n|move|p1b: Flutter Mane|Dazzling Gleam|p2b: Eelektross|[spread] p2a,p2b\n|-damage|p2a: Falete|44\/100\n|-damage|p2b: Eelektross|0 fnt\n|-start|p2a: Falete|Charge|Dazzling Gleam|[from] ability: Electromorphosis\n|faint|p2b: Eelektross\n|move|p2a: Falete|Chilling Water|p1b: Flutter Mane\n|-damage|p1b: Flutter Mane|10\/100\n|-unboost|p1b: Flutter Mane|atk|1\n|\n|-end|p2a: Falete|move: Taunt\n|upkeep\n|\n|t:|1681906753\n|switch|p2b: Iron Hands|Iron Hands, L50|56\/100\n|turn|8\n|inactive|Tungus4013 has 30 seconds left.\n|inactive|Tungus4013 has 20 seconds left.\n|inactive|Tungus4013 has 15 seconds left.\n|inactive|Tungus4013 has 10 seconds left.\n|\n|t:|1681906801\n|move|p1b: Flutter Mane|Dazzling Gleam|p2a: Falete|[spread] p2a,p2b\n|-supereffective|p2b: Iron Hands\n|-crit|p2b: Iron Hands\n|-damage|p2a: Falete|2\/100\n|-damage|p2b: Iron Hands|0 fnt\n|-start|p2a: Falete|Charge|Dazzling Gleam|[from] ability: Electromorphosis\n|faint|p2b: Iron Hands\n|-end|p2b: Iron Hands|Quark Drive|[silent]\n|move|p2a: Falete|Parabolic Charge|p1b: Flutter Mane\n|-damage|p1b: Flutter Mane|0 fnt\n|-heal|p2a: Falete|5\/100|[from] drain|[of] p1b: Flutter Mane\n|faint|p1b: Flutter Mane\n|-end|p1b: Flutter Mane|Protosynthesis|[silent]\n|-end|p2a: Falete|Charge|[silent]\n|\n|win|Tungus4013\n|raw|Charliejr98's rating: 1090 → 1061<\/strong> (-29 for losing)\n|raw|Tungus4013's rating: 1000 → 1050<\/strong> (+50 for winning)\n","uploadtime":1681906818,"views":7,"p1id":"charliejr98","p2id":"tungus4013","formatid":"gen9vgc2023regulationc","rating":1050,"private":0,"password":""}