{"id":"gen9vgc2023regulationc-1855674253","p1":"Izzywooperstan","p2":"toucansoup","format":"[Gen 9] VGC 2023 Regulation C","log":"|j|\u2606Izzywooperstan\n|j|\u2606toucansoup\n|t:|1682972043\n|gametype|doubles\n|player|p1|Izzywooperstan|lady|1654\n|player|p2|toucansoup|169|1638\n|teamsize|p1|6\n|teamsize|p2|6\n|gen|9\n|tier|[Gen 9] VGC 2023 Regulation C\n|rated|\n|rule|Species Clause: Limit one of each Pok\u00e9mon\n|rule|Item Clause: Limit one of each item\n|clearpoke\n|poke|p1|Azumarill, L50, M|\n|poke|p1|Baxcalibur, L50, F|\n|poke|p1|Chi-Yu, L50|\n|poke|p1|Gholdengo, L50|\n|poke|p1|Flutter Mane, L50|\n|poke|p1|Amoonguss, L50, F|\n|poke|p2|Chi-Yu, L50|\n|poke|p2|Iron Bundle, L50|\n|poke|p2|Scizor, L50, F|\n|poke|p2|Rotom-Wash, L50|\n|poke|p2|Chien-Pao, L50|\n|poke|p2|Garchomp, L50, M|\n|teampreview|4\n|j| efrgebgf\n|\n|t:|1682972141\n|start\n|switch|p1a: Amoonguss|Amoonguss, L50, F|100\/100\n|switch|p1b: Chi-Yu|Chi-Yu, L50|100\/100\n|switch|p2a: Scizor|Scizor, L50, F|100\/100\n|switch|p2b: Chien-Pao|Chien-Pao, L50|100\/100\n|-ability|p2b: Chien-Pao|Sword of Ruin\n|-ability|p1b: Chi-Yu|Beads of Ruin\n|turn|1\n|\n|t:|1682972160\n|-terastallize|p2a: Scizor|Water\n|move|p2b: Chien-Pao|Protect|p2b: Chien-Pao\n|-singleturn|p2b: Chien-Pao|Protect\n|move|p1a: Amoonguss|Rage Powder|p1a: Amoonguss\n|-singleturn|p1a: Amoonguss|move: Rage Powder\n|move|p1b: Chi-Yu|Heat Wave|p2b: Chien-Pao|[spread] p2a\n|-activate|p2b: Chien-Pao|move: Protect\n|-resisted|p2a: Scizor\n|-damage|p2a: Scizor|71\/100\n|move|p2a: Scizor|Pounce|p1b: Chi-Yu\n|-damage|p1b: Chi-Yu|21\/100\n|-unboost|p1b: Chi-Yu|spe|1\n|\n|upkeep\n|turn|2\n|\n|t:|1682972181\n|move|p1b: Chi-Yu|Protect|p1b: Chi-Yu\n|-singleturn|p1b: Chi-Yu|Protect\n|move|p2a: Scizor|Bullet Punch|p1b: Chi-Yu\n|-activate|p1b: Chi-Yu|move: Protect\n|move|p2b: Chien-Pao|Ice Spinner|p1a: Amoonguss\n|-supereffective|p1a: Amoonguss\n|-damage|p1a: Amoonguss|0 fnt\n|faint|p1a: Amoonguss\n|-damage|p2b: Chien-Pao|91\/100|[from] item: Life Orb\n|\n|upkeep\n|\n|t:|1682972196\n|switch|p1a: Azumarill|Azumarill, L50, M|100\/100\n|turn|3\n|j| Withoutexcuse\n|j| Zenrog\n|\n|t:|1682972210\n|switch|p1b: Gholdengo|Gholdengo, L50|100\/100\n|move|p2a: Scizor|Bullet Punch|p1a: Azumarill\n|-damage|p1a: Azumarill|48\/100\n|move|p2b: Chien-Pao|Sacred Sword|p1b: Gholdengo\n|-immune|p1b: Gholdengo\n|move|p1a: Azumarill|Play Rough|p2a: Scizor\n|-damage|p2a: Scizor|0 fnt\n|faint|p2a: Scizor\n|\n|upkeep\n|\n|t:|1682972214\n|switch|p2a: Garchomp|Garchomp, L50, M|100\/100\n|turn|4\n|\n|t:|1682972240\n|-terastallize|p1a: Azumarill|Grass\n|move|p1b: Gholdengo|Protect|p1b: Gholdengo\n|-singleturn|p1b: Gholdengo|Protect\n|move|p2b: Chien-Pao|Sucker Punch||[still]\n|-fail|p2b: Chien-Pao\n|move|p2a: Garchomp|Earthquake|p1b: Gholdengo|[spread] p2b,p1a\n|-activate|p1b: Gholdengo|move: Protect\n|-resisted|p1a: Azumarill\n|-damage|p2b: Chien-Pao|39\/100\n|-damage|p1a: Azumarill|19\/100\n|move|p1a: Azumarill|Play Rough|p2a: Garchomp\n|-supereffective|p2a: Garchomp\n|-damage|p2a: Garchomp|0 fnt\n|-damage|p1a: Azumarill|7\/100|[from] ability: Rough Skin|[of] p2a: Garchomp\n|faint|p2a: Garchomp\n|\n|upkeep\n|\n|t:|1682972243\n|switch|p2a: Iron Bundle|Iron Bundle, L50|100\/100\n|-enditem|p2a: Iron Bundle|Booster Energy\n|-activate|p2a: Iron Bundle|ability: Quark Drive|[fromitem]\n|-start|p2a: Iron Bundle|quarkdrivespe\n|turn|5\n|l| efrgebgf\n|\n|t:|1682972263\n|switch|p1b: Chi-Yu|Chi-Yu, L50|21\/100\n|-ability|p1b: Chi-Yu|Beads of Ruin\n|move|p2b: Chien-Pao|Sucker Punch||[still]\n|-fail|p2b: Chien-Pao\n|move|p1a: Azumarill|Aqua Jet|p2b: Chien-Pao\n|-damage|p2b: Chien-Pao|8\/100\n|move|p2a: Iron Bundle|Freeze-Dry|p1a: Azumarill\n|-supereffective|p1a: Azumarill\n|-damage|p1a: Azumarill|0 fnt\n|faint|p1a: Azumarill\n|\n|upkeep\n|\n|t:|1682972277\n|switch|p1a: Gholdengo|Gholdengo, L50|100\/100\n|turn|6\n|\n|t:|1682972290\n|move|p2b: Chien-Pao|Sucker Punch|p1a: Gholdengo\n|-supereffective|p1a: Gholdengo\n|-damage|p1a: Gholdengo|0 fnt\n|faint|p1a: Gholdengo\n|-damage|p2b: Chien-Pao|0 fnt|[from] item: Life Orb\n|faint|p2b: Chien-Pao\n|move|p2a: Iron Bundle|Freeze-Dry|p1b: Chi-Yu\n|-resisted|p1b: Chi-Yu\n|-damage|p1b: Chi-Yu|1\/100\n|move|p1b: Chi-Yu|Flamethrower|p2a: Iron Bundle\n|-damage|p2a: Iron Bundle|0 fnt\n|faint|p2a: Iron Bundle\n|-end|p2a: Iron Bundle|Quark Drive|[silent]\n|\n|win|Izzywooperstan\n|raw|Izzywooperstan's rating: 1654 → 1673<\/strong> (+19 for winning)\n|raw|toucansoup's rating: 1638 → 1619<\/strong> (-19 for losing)\n|l| Zenrog\n|c|\u2606Izzywooperstan|gg\n","uploadtime":1682972328,"views":15,"p1id":"izzywooperstan","p2id":"toucansoup","formatid":"gen9vgc2023regulationc","rating":1619,"private":0,"password":""}