{"id":"gen9vgc2023regulationc-1849498099","p1":"SpeedyLinguine","p2":"MarkOnWindows","format":"[Gen 9] VGC 2023 Regulation C","log":"|j|\u2606SpeedyLinguine\n|j|\u2606MarkOnWindows\n|t:|1682205582\n|gametype|doubles\n|player|p1|SpeedyLinguine|hoopster|\n|player|p2|MarkOnWindows|skier|\n|teamsize|p1|6\n|teamsize|p2|6\n|gen|9\n|tier|[Gen 9] VGC 2023 Regulation C\n|rule|Species Clause: Limit one of each Pok\u00e9mon\n|rule|Item Clause: Limit one of each item\n|clearpoke\n|poke|p1|Pelipper, L50, F|\n|poke|p1|Amoonguss, L50, M|\n|poke|p1|Flutter Mane, L50|\n|poke|p1|Floatzel, L50, M|\n|poke|p1|Iron Hands, L50|\n|poke|p1|Gholdengo, L50|\n|poke|p2|Great Tusk, L50|\n|poke|p2|Sableye, L50, M|\n|poke|p2|Gholdengo, L50|\n|poke|p2|Iron Valiant, L50|\n|poke|p2|Roaring Moon, L50|\n|poke|p2|Amoonguss, L50, M|\n|teampreview|4\nSpeedyLinguine has agreed to open team sheets.\nMarkOnWindows has agreed to open team sheets.\n|\n|t:|1682205608\n|start\n|switch|p1a: The Jordan of VGC|Pelipper, L50, F|100\/100\n|switch|p1b: El Nadador|Floatzel, L50, M|100\/100\n|switch|p2a: Amoonguss|Amoonguss, L50, M|100\/100\n|switch|p2b: Gholdengo|Gholdengo, L50|100\/100\n|-weather|RainDance|[from] ability: Drizzle|[of] p1a: The Jordan of VGC\n|turn|1\n|\n|t:|1682205616\n|move|p2a: Amoonguss|Rage Powder|p2a: Amoonguss\n|-singleturn|p2a: Amoonguss|move: Rage Powder\n|move|p1b: El Nadador|Ice Spinner|p2a: Amoonguss\n|-supereffective|p2a: Amoonguss\n|-damage|p2a: Amoonguss|16\/100\n|-damage|p1b: El Nadador|84\/100|[from] item: Rocky Helmet|[of] p2a: Amoonguss\n|-status|p1b: El Nadador|slp|[from] ability: Effect Spore|[of] p2a: Amoonguss\n|move|p2b: Gholdengo|Thunderbolt|p1b: El Nadador\n|-supereffective|p1b: El Nadador\n|-damage|p1b: El Nadador|0 fnt\n|faint|p1b: El Nadador\n|move|p1a: The Jordan of VGC|Hurricane|p2a: Amoonguss\n|-supereffective|p2a: Amoonguss\n|-damage|p2a: Amoonguss|0 fnt\n|faint|p2a: Amoonguss\n|\n|-weather|RainDance|[upkeep]\n|upkeep\n|\n|t:|1682205630\n|switch|p1b: Immovable object|Amoonguss, L50, M|100\/100\n|switch|p2a: Sableye|Sableye, L50, M|100\/100\n|turn|2\n|\n|t:|1682205648\n|-terastallize|p1a: The Jordan of VGC|Grass\n|move|p2a: Sableye|Will-O-Wisp|p1b: Immovable object|[miss]\n|-miss|p2a: Sableye|p1b: Immovable object\n|move|p2b: Gholdengo|Thunderbolt|p1a: The Jordan of VGC\n|-resisted|p1a: The Jordan of VGC\n|-damage|p1a: The Jordan of VGC|83\/100\n|move|p1a: The Jordan of VGC|Hydro Pump|p2a: Sableye|[miss]\n|-miss|p1a: The Jordan of VGC|p2a: Sableye\n|move|p1b: Immovable object|Spore|p2a: Sableye\n|-status|p2a: Sableye|slp|[from] move: Spore\n|\n|-weather|RainDance|[upkeep]\n|upkeep\n|turn|3\n|\n|t:|1682205668\n|cant|p2a: Sableye|slp\n|move|p2b: Gholdengo|Thunderbolt|p1a: The Jordan of VGC\n|-resisted|p1a: The Jordan of VGC\n|-damage|p1a: The Jordan of VGC|64\/100\n|move|p1a: The Jordan of VGC|Hydro Pump|p2b: Gholdengo|[miss]\n|-miss|p1a: The Jordan of VGC|p2b: Gholdengo\n|move|p1b: Immovable object|Leaf Storm|p2b: Gholdengo|[miss]\n|-miss|p1b: Immovable object|p2b: Gholdengo\n|\n|-weather|RainDance|[upkeep]\n|upkeep\n|turn|4\n|\n|t:|1682205685\n|-curestatus|p2a: Sableye|slp|[msg]\n|move|p2a: Sableye|Disable|p1a: The Jordan of VGC\n|-start|p1a: The Jordan of VGC|Disable|Hydro Pump\n|move|p2b: Gholdengo|Thunderbolt|p1a: The Jordan of VGC\n|-resisted|p1a: The Jordan of VGC\n|-crit|p1a: The Jordan of VGC\n|-damage|p1a: The Jordan of VGC|37\/100\n|move|p1a: The Jordan of VGC|Tailwind|p1a: The Jordan of VGC\n|-sidestart|p1: SpeedyLinguine|move: Tailwind\n|move|p1b: Immovable object|Leaf Storm|p2a: Sableye\n|-damage|p2a: Sableye|62\/100\n|-unboost|p1b: Immovable object|spa|2\n|\n|-weather|RainDance|[upkeep]\n|upkeep\n|turn|5\n|\n|t:|1682205702\n|move|p1a: The Jordan of VGC|Protect|p1a: The Jordan of VGC\n|-singleturn|p1a: The Jordan of VGC|Protect\n|move|p2a: Sableye|Encore|p1a: The Jordan of VGC\n|-activate|p1a: The Jordan of VGC|move: Protect\n|move|p2b: Gholdengo|Thunderbolt|p1a: The Jordan of VGC\n|-activate|p1a: The Jordan of VGC|move: Protect\n|move|p1b: Immovable object|Spore|p2a: Sableye\n|-status|p2a: Sableye|slp|[from] move: Spore\n|\n|-weather|RainDance|[upkeep]\n|upkeep\n|turn|6\n|\n|t:|1682205712\n|switch|p1a: Darth Vader|Flutter Mane, L50|100\/100\n|move|p1b: Immovable object|Rage Powder|p1b: Immovable object\n|-singleturn|p1b: Immovable object|move: Rage Powder\n|cant|p2a: Sableye|slp\n|move|p2b: Gholdengo|Thunderbolt|p1b: Immovable object\n|-resisted|p1b: Immovable object\n|-damage|p1b: Immovable object|89\/100\n|\n|-weather|RainDance|[upkeep]\n|upkeep\n|turn|7\n|\n|t:|1682205728\n|move|p1b: Immovable object|Rage Powder|p1b: Immovable object\n|-singleturn|p1b: Immovable object|move: Rage Powder\n|move|p1a: Darth Vader|Shadow Ball|p2b: Gholdengo\n|-supereffective|p2b: Gholdengo\n|-damage|p2b: Gholdengo|4\/100\n|move|p2b: Gholdengo|Thunderbolt|p1b: Immovable object\n|-resisted|p1b: Immovable object\n|-damage|p1b: Immovable object|77\/100\n|cant|p2a: Sableye|slp\n|\n|-weather|RainDance|[upkeep]\n|-sideend|p1: SpeedyLinguine|move: Tailwind\n|upkeep\n|turn|8\n|\n|t:|1682205746\n|move|p1b: Immovable object|Rage Powder|p1b: Immovable object\n|-singleturn|p1b: Immovable object|move: Rage Powder\n|move|p2b: Gholdengo|Thunderbolt|p1b: Immovable object\n|-resisted|p1b: Immovable object\n|-damage|p1b: Immovable object|65\/100\n|-status|p1b: Immovable object|par\n|move|p1a: Darth Vader|Dazzling Gleam|p2b: Gholdengo|[spread] p2a,p2b\n|-supereffective|p2a: Sableye\n|-resisted|p2b: Gholdengo\n|-damage|p2a: Sableye|0 fnt\n|-damage|p2b: Gholdengo|0 fnt\n|faint|p2a: Sableye\n|faint|p2b: Gholdengo\n|\n|-weather|none\n|upkeep\n|\n|t:|1682205755\n|switch|p2b: Great Tusk|Great Tusk, L50|100\/100\n|turn|9\n|\n|t:|1682205766\n|switch|p1b: The Jordan of VGC|Pelipper, L50, F, tera:Grass|37\/100\n|-weather|RainDance|[from] ability: Drizzle|[of] p1b: The Jordan of VGC\n|-terastallize|p2b: Great Tusk|Ground\n|move|p1a: Darth Vader|Moonblast|p2b: Great Tusk\n|-damage|p2b: Great Tusk|73\/100\n|move|p2b: Great Tusk|Knock Off|p1a: Darth Vader\n|-damage|p1a: Darth Vader|41\/100\n|-enditem|p1a: Darth Vader|Focus Sash|[from] move: Knock Off|[of] p2b: Great Tusk\n|\n|-weather|RainDance|[upkeep]\n|upkeep\n|turn|10\n|\n|t:|1682205783\n|move|p1a: Darth Vader|Protect|p1a: Darth Vader\n|-singleturn|p1a: Darth Vader|Protect\n|move|p2b: Great Tusk|Knock Off|p1b: The Jordan of VGC\n|-damage|p1b: The Jordan of VGC|10\/100\n|-enditem|p1b: The Jordan of VGC|Damp Rock|[from] move: Knock Off|[of] p2b: Great Tusk\n|move|p1b: The Jordan of VGC|Hydro Pump|p2b: Great Tusk\n|-supereffective|p2b: Great Tusk\n|-damage|p2b: Great Tusk|7\/100\n|\n|-weather|RainDance|[upkeep]\n|upkeep\n|turn|11\n|\n|t:|1682205793\n|move|p1b: The Jordan of VGC|Protect|p1b: The Jordan of VGC\n|-singleturn|p1b: The Jordan of VGC|Protect\n|move|p1a: Darth Vader|Dazzling Gleam|p2b: Great Tusk\n|-damage|p2b: Great Tusk|0 fnt\n|faint|p2b: Great Tusk\n|-end|p2b: Great Tusk|Protosynthesis|[silent]\n|\n|win|SpeedyLinguine\n","uploadtime":1682205801,"views":6,"p1id":"speedylinguine","p2id":"markonwindows","formatid":"gen9vgc2023regulationc","rating":0,"private":0,"password":""}