{"id":"gen9vgc2023regulationc-1849836350","p1":"Thebugkid","p2":"Vanquish1211","format":"[Gen 9] VGC 2023 Regulation C","log":"|j|\u2606Thebugkid\n|j|\u2606Vanquish1211\n|t:|1682258735\n|gametype|doubles\n|player|p1|Thebugkid|burgh|1215\n|player|p2|Vanquish1211|ghetsis|1308\n|teamsize|p1|6\n|teamsize|p2|6\n|gen|9\n|tier|[Gen 9] VGC 2023 Regulation C\n|rated|\n|rule|Species Clause: Limit one of each Pok\u00e9mon\n|rule|Item Clause: Limit one of each item\n|clearpoke\n|poke|p1|Flutter Mane, L50|\n|poke|p1|Chi-Yu, L50|\n|poke|p1|Gallade, L50, M|\n|poke|p1|Magnezone, L50|\n|poke|p1|Iron Bundle, L50|\n|poke|p1|Murkrow, L50, M|\n|poke|p2|Orthworm, L50, M|\n|poke|p2|Ting-Lu, L50|\n|poke|p2|Dragonite, L50, M|\n|poke|p2|Chien-Pao, L50|\n|poke|p2|Flutter Mane, L50|\n|poke|p2|Arcanine, L50, M|\n|teampreview|4\nVanquish1211 has agreed to open team sheets.\n|inactive|Battle timer is ON: inactive players will automatically lose when time's up. (requested by Thebugkid)\n|inactive|Vanquish1211 has 60 seconds left.\n|inactive|Vanquish1211 has 30 seconds left.\n|inactive|Vanquish1211 has 20 seconds left.\n|\n|t:|1682258840\n|start\n|switch|p1a: Murkrow|Murkrow, L50, M|100\/100\n|switch|p1b: Occam|Gallade, L50, M, shiny|100\/100\n|switch|p2a: Ting-Lu|Ting-Lu, L50|100\/100\n|switch|p2b: Orthworm|Orthworm, L50, M, shiny|100\/100\n|-ability|p2a: Ting-Lu|Vessel of Ruin\n|turn|1\n|inactive|Vanquish1211 has 30 seconds left.\n|inactive|Vanquish1211 has 20 seconds left.\n|\n|t:|1682258877\n|move|p1a: Murkrow|Tailwind|p1a: Murkrow\n|-sidestart|p1: Thebugkid|move: Tailwind\n|move|p1b: Occam|Sacred Sword|p2a: Ting-Lu\n|-supereffective|p2a: Ting-Lu\n|-damage|p2a: Ting-Lu|5\/100\n|move|p2b: Orthworm|Shed Tail|p2b: Orthworm\n|-start|p2b: Orthworm|Substitute|[from] move: Shed Tail\n|-damage|p2b: Orthworm|50\/100\n|-enditem|p2b: Orthworm|Sitrus Berry|[eat]\n|-heal|p2b: Orthworm|75\/100|[from] item: Sitrus Berry\n|\n|t:|1682258890\n|switch|p2b: Dragonite|Dragonite, L50, M, shiny|100\/100|[from] Shed Tail\n|move|p2a: Ting-Lu|Earthquake|p1a: Murkrow|[spread] p1b\n|-immune|p2b: Dragonite\n|-immune|p1a: Murkrow\n|-damage|p1b: Occam|41\/100\n|\n|upkeep\n|turn|2\n|\n|t:|1682258912\n|move|p1b: Occam|Psycho Cut|p2b: Dragonite\n|-crit|p2b: Dragonite\n|-end|p2b: Dragonite|Substitute\n|move|p1a: Murkrow|Foul Play|p2a: Ting-Lu\n|-resisted|p2a: Ting-Lu\n|-damage|p2a: Ting-Lu|0 fnt\n|faint|p2a: Ting-Lu\n|move|p2b: Dragonite|Dragon Dance|p2b: Dragonite\n|-boost|p2b: Dragonite|atk|1\n|-boost|p2b: Dragonite|spe|1\n|\n|upkeep\n|\n|t:|1682258924\n|switch|p2a: Orthworm|Orthworm, L50, M, shiny|75\/100\n|turn|3\n|inactive|Vanquish1211 has 30 seconds left.\n|inactive|Vanquish1211 has 20 seconds left.\n|inactive|Vanquish1211 has 15 seconds left.\n|inactive|Vanquish1211 has 10 seconds left.\n|\n|t:|1682258970\n|move|p1a: Murkrow|Thunder Wave|p2b: Dragonite\n|-status|p2b: Dragonite|par\n|-enditem|p2b: Dragonite|Lum Berry|[eat]\n|-curestatus|p2b: Dragonite|par|[msg]\n|move|p1b: Occam|Sacred Sword|p2a: Orthworm\n|-supereffective|p2a: Orthworm\n|-damage|p2a: Orthworm|0 fnt\n|faint|p2a: Orthworm\n|move|p2b: Dragonite|Earthquake|p1b: Occam|[spread] p1b\n|-immune|p1a: Murkrow\n|-damage|p1b: Occam|0 fnt\n|faint|p1b: Occam\n|\n|upkeep\n|\n|t:|1682258990\n|switch|p1b: Kris Kringle|Iron Bundle, L50|100\/100\n|switch|p2a: Flutter Mane|Flutter Mane, L50, shiny|100\/100\n|-enditem|p1b: Kris Kringle|Booster Energy\n|-activate|p1b: Kris Kringle|ability: Quark Drive|[fromitem]\n|-start|p1b: Kris Kringle|quarkdrivespe\n|turn|4\n|inactive|Vanquish1211 has 30 seconds left.\n|\n|t:|1682259017\n|-terastallize|p2b: Dragonite|Flying\n|move|p1b: Kris Kringle|Ice Beam|p2b: Dragonite\n|-supereffective|p2b: Dragonite\n|-damage|p2b: Dragonite|59\/100\n|move|p1a: Murkrow|Foul Play|p2b: Dragonite\n|-damage|p2b: Dragonite|0 fnt\n|faint|p2b: Dragonite\n|move|p2a: Flutter Mane|Moonblast|p1b: Kris Kringle\n|-damage|p1b: Kris Kringle|0 fnt\n|faint|p1b: Kris Kringle\n|-end|p1b: Kris Kringle|Quark Drive|[silent]\n|\n|-sideend|p1: Thebugkid|move: Tailwind\n|upkeep\n|\n|t:|1682259028\n|switch|p1b: Alexi|Magnezone, L50|100\/100\n|turn|5\n|\n|t:|1682259036\n|move|p1a: Murkrow|Thunder Wave|p2a: Flutter Mane\n|-status|p2a: Flutter Mane|par\n|cant|p2a: Flutter Mane|par\n|move|p1b: Alexi|Flash Cannon|p2a: Flutter Mane\n|-supereffective|p2a: Flutter Mane\n|-crit|p2a: Flutter Mane\n|-damage|p2a: Flutter Mane|0 fnt\n|faint|p2a: Flutter Mane\n|-end|p2a: Flutter Mane|Protosynthesis|[silent]\n|\n|win|Thebugkid\n|raw|Thebugkid's rating: 1215 → 1247<\/strong> (+32 for winning)\n|raw|Vanquish1211's rating: 1308 → 1283<\/strong> (-25 for losing)\n|l|\u2606Vanquish1211\n","uploadtime":1682259050,"views":21,"p1id":"thebugkid","p2id":"vanquish1211","formatid":"gen9vgc2023regulationc","rating":1247,"private":0,"password":""}