{"id":"gen9vgc2023regulationc-1855995814","p1":"vgcclimber4","p2":"malimmd","format":"[Gen 9] VGC 2023 Regulation C","log":"|j|\u2606vgcclimber4\n|j|\u2606malimmd\n|t:|1683014091\n|gametype|doubles\n|player|p1|vgcclimber4|red|1143\n|player|p2|malimmd|dawn|1168\n|teamsize|p1|6\n|teamsize|p2|6\n|gen|9\n|tier|[Gen 9] VGC 2023 Regulation C\n|rated|\n|rule|Species Clause: Limit one of each Pok\u00e9mon\n|rule|Item Clause: Limit one of each item\n|clearpoke\n|poke|p1|Flutter Mane, L50|\n|poke|p1|Iron Moth, L50|\n|poke|p1|Dragonite, L50, F|\n|poke|p1|Arcanine, L50, M|\n|poke|p1|Tatsugiri-Stretchy, L50, M|\n|poke|p1|Dondozo, L50, F|\n|poke|p2|Palafin, L50, M|\n|poke|p2|Amoonguss, L50, F|\n|poke|p2|Baxcalibur, L50, F|\n|poke|p2|Chi-Yu, L50|\n|poke|p2|Flutter Mane, L50|\n|poke|p2|Kingambit, L50, M|\n|teampreview|4\n|inactive|Battle timer is ON: inactive players will automatically lose when time's up. (requested by malimmd)\n|\n|t:|1683014135\n|start\n|switch|p1a: Dragonite|Dragonite, L50, F|100\/100\n|switch|p1b: Flutter Mane|Flutter Mane, L50|100\/100\n|switch|p2a: Flutter Mane|Flutter Mane, L50|100\/100\n|switch|p2b: Palafin|Palafin, L50, M, shiny|100\/100\n|turn|1\n|inactive|vgcclimber4 has 30 seconds left.\n|\n|t:|1683014165\n|detailschange|p2b: Palafin|Palafin-Hero, L50, M, shiny\n|switch|p2b: Kingambit|Kingambit, L50, M|100\/100\n|-terastallize|p1a: Dragonite|Flying\n|move|p2a: Flutter Mane|Dazzling Gleam|p1a: Dragonite|[spread] p1a,p1b\n|-damage|p1a: Dragonite|86\/100\n|-damage|p1b: Flutter Mane|56\/100\n|move|p1b: Flutter Mane|Shadow Ball|p2a: Flutter Mane\n|-supereffective|p2a: Flutter Mane\n|-damage|p2a: Flutter Mane|11\/100\n|-damage|p1b: Flutter Mane|47\/100|[from] item: Life Orb\n|move|p1a: Dragonite|Tera Blast|p2b: Kingambit\n|-resisted|p2b: Kingambit\n|-damage|p2b: Kingambit|78\/100\n|\n|upkeep\n|turn|2\n|\n|t:|1683014189\n|move|p2b: Kingambit|Sucker Punch|p1b: Flutter Mane\n|-damage|p1b: Flutter Mane|0 fnt\n|faint|p1b: Flutter Mane\n|-end|p1b: Flutter Mane|Protosynthesis|[silent]\n|move|p2a: Flutter Mane|Dazzling Gleam|p1a: Dragonite\n|-damage|p1a: Dragonite|43\/100\n|move|p1a: Dragonite|Tera Blast|p2a: Flutter Mane\n|-damage|p2a: Flutter Mane|0 fnt\n|faint|p2a: Flutter Mane\n|-end|p2a: Flutter Mane|Protosynthesis|[silent]\n|\n|upkeep\n|\n|t:|1683014201\n|switch|p2a: Palafin|Palafin-Hero, L50, M, shiny|100\/100\n|switch|p1b: Arcanine|Arcanine, L50, M|100\/100\n|-activate|p2a: Palafin|ability: Zero to Hero\n|-ability|p1b: Arcanine|Intimidate|boost\n|-unboost|p2a: Palafin|atk|1\n|-unboost|p2b: Kingambit|atk|1\n|-ability|p2b: Kingambit|Defiant|boost\n|-boost|p2b: Kingambit|atk|2\n|turn|3\n|\n|t:|1683014222\n|-terastallize|p2b: Kingambit|Fire\n|move|p2b: Kingambit|Sucker Punch|p1a: Dragonite\n|-damage|p1a: Dragonite|0 fnt\n|faint|p1a: Dragonite\n|move|p2a: Palafin|Wave Crash|p1b: Arcanine\n|-supereffective|p1b: Arcanine\n|-damage|p1b: Arcanine|0 fnt\n|faint|p1b: Arcanine\n|-damage|p2a: Palafin|68\/100|[from] Recoil\n|\n|upkeep\n|\n|t:|1683014234\n|switch|p1b: Dondozo|Dondozo, L50, F|100\/100\n|turn|4\n|\n|t:|1683014250\n|switch|p2b: Amoonguss|Amoonguss, L50, F, shiny|100\/100\n|move|p2a: Palafin|Protect|p2a: Palafin\n|-singleturn|p2a: Palafin|Protect\n|move|p1b: Dondozo|Protect||[still]\n|-fail|p1b: Dondozo\n|\n|upkeep\n|turn|5\n|\n|t:|1683014260\n|switch|p2a: Kingambit|Kingambit, L50, M, tera:Fire|78\/100\n|move|p1b: Dondozo|Earthquake|p2a: Kingambit|[spread] p2a,p2b\n|-supereffective|p2a: Kingambit\n|-damage|p2a: Kingambit|47\/100\n|-damage|p2b: Amoonguss|83\/100\n|move|p2b: Amoonguss|Spore|p1b: Dondozo\n|-status|p1b: Dondozo|slp|[from] move: Spore\n|-enditem|p1b: Dondozo|Chesto Berry|[eat]\n|-curestatus|p1b: Dondozo|slp|[msg]\n|\n|upkeep\n|turn|6\n|\n|t:|1683014275\n|move|p2a: Kingambit|Protect|p2a: Kingambit\n|-singleturn|p2a: Kingambit|Protect\n|move|p1b: Dondozo|Wave Crash|p2a: Kingambit\n|-activate|p2a: Kingambit|move: Protect\n|move|p2b: Amoonguss|Spore|p1b: Dondozo\n|-status|p1b: Dondozo|slp|[from] move: Spore\n|\n|upkeep\n|turn|7\n|inactive|vgcclimber4 has 30 seconds left.\n|inactive|vgcclimber4 has 20 seconds left.\n|inactive|vgcclimber4 has 15 seconds left.\n|inactive|vgcclimber4 has 10 seconds left.\n|\n|t:|1683014322\n|cant|p1b: Dondozo|slp\n|move|p2a: Kingambit|Kowtow Cleave|p1b: Dondozo\n|-damage|p1b: Dondozo|57\/100 slp\n|move|p2b: Amoonguss|Pollen Puff|p2a: Kingambit\n|-heal|p2a: Kingambit|97\/100\n|\n|upkeep\n|turn|8\n|\n|t:|1683014340\n|-curestatus|p1b: Dondozo|slp|[msg]\n|move|p1b: Dondozo|Protect|p1b: Dondozo\n|-singleturn|p1b: Dondozo|Protect\n|move|p2a: Kingambit|Kowtow Cleave|p1b: Dondozo\n|-activate|p1b: Dondozo|move: Protect\n|move|p2b: Amoonguss|Pollen Puff|p1b: Dondozo\n|-activate|p1b: Dondozo|move: Protect\n|\n|upkeep\n|turn|9\n|\n|t:|1683014354\n|move|p1b: Dondozo|Rest|p1b: Dondozo\n|-status|p1b: Dondozo|slp|[from] move: Rest\n|-heal|p1b: Dondozo|100\/100 slp|[silent]\n|move|p2a: Kingambit|Kowtow Cleave|p1b: Dondozo\n|-damage|p1b: Dondozo|60\/100 slp\n|move|p2b: Amoonguss|Spore|p1b: Dondozo\n|-fail|p1b: Dondozo|slp\n|\n|upkeep\n|turn|10\n|\n|t:|1683014365\n|cant|p1b: Dondozo|slp\n|move|p2a: Kingambit|Kowtow Cleave|p1b: Dondozo\n|-crit|p1b: Dondozo\n|-damage|p1b: Dondozo|0 fnt\n|faint|p1b: Dondozo\n|\n|win|malimmd\n|raw|vgcclimber4's rating: 1143 → 1120<\/strong> (-23 for losing)\n|raw|malimmd's rating: 1168 → 1191<\/strong> (+23 for winning)\n|l|\u2606vgcclimber4\n","uploadtime":1683014380,"views":16,"p1id":"vgcclimber4","p2id":"malimmd","formatid":"gen9vgc2023regulationc","rating":1120,"private":0,"password":""}