{"id":"gen9vgc2023regulationc-1856835759","p1":"Osada","p2":"merahmerona","format":"[Gen 9] VGC 2023 Regulation C","log":"|j|\u2606Osada\n|j|\u2606merahmerona\n|t:|1683117649\n|gametype|doubles\n|player|p1|Osada|benga|\n|player|p2|merahmerona|2|\n|teamsize|p1|6\n|teamsize|p2|6\n|gen|9\n|tier|[Gen 9] VGC 2023 Regulation C\n|rule|Tera Type Preview: Tera Types are shown at Team Preview\n|rule|Species Clause: Limit one of each Pok\u00e9mon\n|rule|Item Clause: Limit one of each item\n|clearpoke\n|poke|p1|Annihilape, L50, M|\n|poke|p1|Eelektross, L50, M|\n|poke|p1|Brute Bonnet, L50|\n|poke|p1|Espathra, L50, M|\n|poke|p1|Beartic, L50, M|\n|poke|p1|Sandy Shocks, L50|\n|poke|p2|Gothorita, L50, M|\n|poke|p2|Ting-Lu, L50|\n|poke|p2|Cloyster, L50, F|\n|poke|p2|Tauros-Paldea-Blaze, L50, M|\n|poke|p2|Altaria, L50, F|\n|poke|p2|Kricketune, L50, M|\n|teampreview|4\n|raw|Osada's Tera Types: \/ \/ \/ \/ \/ \n|raw|merahmerona's Tera Types: \/ \/ \/ \/ \/ \n|c|\u2606merahmerona|g1\n|c|\u2606Osada|wtf\n|c|\u2606Osada|krookodile mana woi\n|c|\u2606merahmerona|paan\n|c|\u2606merahmerona|di darat\n|c|\u2606Osada|lead apa lo?\n|c|\u2606merahmerona|delelelewoooop\n|c|\u2606Osada|ok, jgn boong ya\n|\n|t:|1683117838\n|start\n|switch|p1a: Annihilape|Annihilape, L50, M|100\/100\n|switch|p1b: Sandy Shocks|Sandy Shocks, L50|100\/100\n|switch|p2a: Kricketune|Kricketune, L50, M|100\/100\n|switch|p2b: Ting-Lu|Ting-Lu, L50|100\/100\n|-ability|p2b: Ting-Lu|Vessel of Ruin\n|turn|1\n|c|\u2606Osada|ting lu lo item apa?\n|c|\u2606merahmerona|band\n|c|\u2606Osada|ok\n|\n|t:|1683117886\n|move|p2a: Kricketune|Protect|p2a: Kricketune\n|-singleturn|p2a: Kricketune|Protect\n|move|p1b: Sandy Shocks|Volt Switch|p2a: Kricketune\n|-activate|p2a: Kricketune|move: Protect\n|move|p1a: Annihilape|Bulk Up|p1a: Annihilape\n|-boost|p1a: Annihilape|atk|1\n|-boost|p1a: Annihilape|def|1\n|move|p2b: Ting-Lu|Earthquake|p1a: Annihilape|[spread] p1a,p1b\n|-activate|p2a: Kricketune|move: Protect\n|-supereffective|p1b: Sandy Shocks\n|-damage|p1a: Annihilape|80\/100\n|-damage|p1b: Sandy Shocks|13\/100\n|\n|upkeep\n|turn|2\n|c|\u2606Osada|ga ada yg nonton,\n|c|\u2606Osada|ga laku kita\n|\n|t:|1683117905\n|switch|p2b: Gothorita|Gothorita, L50, M|100\/100\n|move|p1b: Sandy Shocks|Volt Switch|p2a: Kricketune\n|-damage|p2a: Kricketune|55\/100\n|-enditem|p2a: Kricketune|Eject Button\n|\n|t:|1683117915\n|switch|p2a: Ting-Lu|Ting-Lu, L50|100\/100\n|-ability|p2a: Ting-Lu|Vessel of Ruin\n|move|p1a: Annihilape|Drain Punch|p2b: Gothorita\n|-resisted|p2b: Gothorita\n|-damage|p2b: Gothorita|83\/100\n|-heal|p1a: Annihilape|87\/100|[from] drain|[of] p2b: Gothorita\n|\n|upkeep\n|turn|3\n|\n|t:|1683117977\n|move|p1b: Sandy Shocks|Volt Switch|p2b: Gothorita\n|-damage|p2b: Gothorita|64\/100\n|\n|t:|1683117981\n|-end|p1b: Sandy Shocks|Protosynthesis|[silent]\n|switch|p1b: Eelektross|Eelektross, L50, M|100\/100|[from] Volt Switch\n|move|p1a: Annihilape|Rage Fist|p2b: Gothorita\n|-supereffective|p2b: Gothorita\n|-damage|p2b: Gothorita|0 fnt\n|faint|p2b: Gothorita\n|move|p2a: Ting-Lu|Payback|p1a: Annihilape\n|-damage|p1a: Annihilape|59\/100\n|\n|upkeep\n|\n|t:|1683117992\n|switch|p2b: Kricketune|Kricketune, L50, M|55\/100\n|turn|4\n|\n|t:|1683118008\n|move|p1a: Annihilape|Protect|p1a: Annihilape\n|-singleturn|p1a: Annihilape|Protect\n|move|p2b: Kricketune|Aerial Ace|p1a: Annihilape\n|-activate|p1a: Annihilape|move: Protect\n|move|p1b: Eelektross|Flamethrower|p2b: Kricketune\n|-supereffective|p2b: Kricketune\n|-damage|p2b: Kricketune|6\/100\n|move|p2a: Ting-Lu|Stomping Tantrum|p1a: Annihilape\n|-activate|p1a: Annihilape|move: Protect\n|\n|upkeep\n|turn|5\n|c|\u2606Osada|woi\n|c|\u2606Osada|katanya banded\n|c|\u2606merahmerona|katanya\n|j| reinisem\n|\n|t:|1683118038\n|move|p1a: Annihilape|Drain Punch|p2b: Kricketune\n|-resisted|p2b: Kricketune\n|-damage|p2b: Kricketune|0 fnt\n|-heal|p1a: Annihilape|61\/100|[from] drain|[of] p2b: Kricketune\n|faint|p2b: Kricketune\n|move|p1b: Eelektross|Coil|p1b: Eelektross\n|-boost|p1b: Eelektross|atk|1\n|-boost|p1b: Eelektross|def|1\n|-boost|p1b: Eelektross|accuracy|1\n|move|p2a: Ting-Lu|Stomping Tantrum|p1a: Annihilape\n|-damage|p1a: Annihilape|40\/100\n|\n|upkeep\n|c|\u2606merahmerona|angan percaya banteng\n|c|\u2606Osada|hahhaa\n|\n|t:|1683118048\n|switch|p2b: Cloyster|Cloyster, L50, F|100\/100\n|turn|6\n|c|\u2606Osada|bangsat\n|j| Bullish21\n|\n|t:|1683118067\n|-terastallize|p2b: Cloyster|Rock\n|move|p2b: Cloyster|Rock Blast|p1a: Annihilape\n|-resisted|p1a: Annihilape\n|-damage|p1a: Annihilape|36\/100\n|-resisted|p1a: Annihilape\n|-damage|p1a: Annihilape|32\/100\n|-resisted|p1a: Annihilape\n|-damage|p1a: Annihilape|28\/100\n|-resisted|p1a: Annihilape\n|-damage|p1a: Annihilape|24\/100\n|-resisted|p1a: Annihilape\n|-damage|p1a: Annihilape|20\/100\n|-hitcount|p1a: Annihilape|5\n|-damage|p2b: Cloyster|91\/100|[from] item: Life Orb\n|move|p1a: Annihilape|Drain Punch|p2b: Cloyster\n|-supereffective|p2b: Cloyster\n|-damage|p2b: Cloyster|4\/100\n|-heal|p1a: Annihilape|45\/100|[from] drain|[of] p2b: Cloyster\n|move|p1b: Eelektross|Thunderbolt|p2b: Cloyster\n|-damage|p2b: Cloyster|0 fnt\n|faint|p2b: Cloyster\n|move|p2a: Ting-Lu|Payback|p1b: Eelektross\n|-damage|p1b: Eelektross|63\/100\n|\n|upkeep\n|turn|7\n|c|\u2606Osada|lo knp rock move fighting type woi\n|\n|t:|1683118101\n|move|p1a: Annihilape|Drain Punch|p2a: Ting-Lu\n|-supereffective|p2a: Ting-Lu\n|-damage|p2a: Ting-Lu|48\/100\n|-heal|p1a: Annihilape|77\/100|[from] drain|[of] p2a: Ting-Lu\n|-enditem|p2a: Ting-Lu|Weakness Policy\n|-boost|p2a: Ting-Lu|atk|2|[from] item: Weakness Policy\n|-boost|p2a: Ting-Lu|spa|2|[from] item: Weakness Policy\n|move|p1b: Eelektross|Coil|p1b: Eelektross\n|-boost|p1b: Eelektross|atk|1\n|-boost|p1b: Eelektross|def|1\n|-boost|p1b: Eelektross|accuracy|1\n|move|p2a: Ting-Lu|Stomping Tantrum|p1a: Annihilape\n|-damage|p1a: Annihilape|36\/100\n|\n|upkeep\n|turn|8\n|c|\u2606Osada|hahaha\n|c| reinisem|ngasih boost rage fist\n|c|\u2606Osada|bangke\n|c|\u2606merahmerona|wkwk\n|c|\u2606merahmerona|males bgt ketemu yg bisa lari dari peris\n|\n|t:|1683118144\n|move|p1a: Annihilape|Drain Punch|p2a: Ting-Lu\n|-supereffective|p2a: Ting-Lu\n|-damage|p2a: Ting-Lu|0 fnt\n|-heal|p1a: Annihilape|65\/100|[from] drain|[of] p2a: Ting-Lu\n|faint|p2a: Ting-Lu\n|\n|win|Osada\n|c|\u2606Osada|jgn lo jebak2 makanya\n|l| Bullish21\n|j| brandonspectre\n|l| brandonspectre\n|l|\u2606merahmerona\n","uploadtime":1683118896,"views":13,"p1id":"osada","p2id":"merahmerona","formatid":"gen9vgc2023regulationc","rating":0,"private":0,"password":""}