{"id":"gen9vgc2023regulationc-1849519335","p1":"Raidan_3","p2":"jchemmy","format":"[Gen 9] VGC 2023 Regulation C","log":"|j|\u2606Raidan_3\n|j|\u2606jchemmy\n|t:|1682208177\n|gametype|doubles\n|player|p1|Raidan_3|cynthia-gen4|1253\n|player|p2|jchemmy|brock|1296\n|teamsize|p1|6\n|teamsize|p2|6\n|gen|9\n|tier|[Gen 9] VGC 2023 Regulation C\n|rated|\n|rule|Species Clause: Limit one of each Pok\u00e9mon\n|rule|Item Clause: Limit one of each item\n|clearpoke\n|poke|p1|Great Tusk, L50|\n|poke|p1|Dragonite, L50, F|\n|poke|p1|Scizor, L50, F|\n|poke|p1|Flutter Mane, L50|\n|poke|p1|Chi-Yu, L50|\n|poke|p1|Palafin, L50, F|\n|poke|p2|Arcanine, L50, F|\n|poke|p2|Palafin, L50, F|\n|poke|p2|Flutter Mane, L50|\n|poke|p2|Ting-Lu, L50|\n|poke|p2|Amoonguss, L50, M|\n|poke|p2|Baxcalibur, L50, M|\n|teampreview|4\n|inactive|Battle timer is ON: inactive players will automatically lose when time's up. (requested by jchemmy)\njchemmy has agreed to open team sheets.\nRaidan_3 rejected open team sheets.\n|inactive|Raidan_3 has 60 seconds left.\n|inactive|Raidan_3 has 30 seconds left.\n|\n|t:|1682208241\n|start\n|switch|p1a: Chi-Yu|Chi-Yu, L50|100\/100\n|switch|p1b: Dragonite|Dragonite, L50, F|100\/100\n|switch|p2a: Palafin|Palafin, L50, F|100\/100\n|switch|p2b: Ting-Lu|Ting-Lu, L50|100\/100\n|-ability|p1a: Chi-Yu|Beads of Ruin\n|-ability|p2b: Ting-Lu|Vessel of Ruin\n|turn|1\n|\n|t:|1682208263\n|detailschange|p2a: Palafin|Palafin-Hero, L50, F\n|switch|p2a: Baxcalibur|Baxcalibur, L50, M|100\/100\n|move|p1a: Chi-Yu|Protect|p1a: Chi-Yu\n|-singleturn|p1a: Chi-Yu|Protect\n|move|p1b: Dragonite|Tailwind|p1b: Dragonite\n|-sidestart|p1: Raidan_3|move: Tailwind\n|move|p2b: Ting-Lu|Ruination|p1b: Dragonite\n|-damage|p1b: Dragonite|50\/100\n|\n|upkeep\n|turn|2\n|inactive|Raidan_3 has 30 seconds left.\n|\n|t:|1682208296\n|move|p2a: Baxcalibur|Protect|p2a: Baxcalibur\n|-singleturn|p2a: Baxcalibur|Protect\n|move|p1a: Chi-Yu|Overheat|p2a: Baxcalibur\n|-activate|p2a: Baxcalibur|move: Protect\n|move|p1b: Dragonite|Low Kick|p2b: Ting-Lu\n|-supereffective|p2b: Ting-Lu\n|-damage|p2b: Ting-Lu|41\/100\n|move|p2b: Ting-Lu|Stomping Tantrum|p1a: Chi-Yu\n|-supereffective|p1a: Chi-Yu\n|-damage|p1a: Chi-Yu|0 fnt\n|faint|p1a: Chi-Yu\n|\n|upkeep\n|inactive|Raidan_3 has 30 seconds left.\n|\n|t:|1682208323\n|switch|p1a: Flutter Mane|Flutter Mane, L50|100\/100\n|-enditem|p1a: Flutter Mane|Booster Energy\n|-activate|p1a: Flutter Mane|ability: Protosynthesis|[fromitem]\n|-start|p1a: Flutter Mane|protosynthesisspa\n|turn|3\n|\n|t:|1682208342\n|-terastallize|p2b: Ting-Lu|Poison\n|move|p2a: Baxcalibur|Ice Shard|p1b: Dragonite\n|-supereffective|p1b: Dragonite\n|-damage|p1b: Dragonite|0 fnt\n|faint|p1b: Dragonite\n|move|p1a: Flutter Mane|Moonblast|p2a: Baxcalibur\n|-supereffective|p2a: Baxcalibur\n|-damage|p2a: Baxcalibur|11\/100\n|move|p2b: Ting-Lu|Heavy Slam|p1a: Flutter Mane\n|-supereffective|p1a: Flutter Mane\n|-damage|p1a: Flutter Mane|0 fnt\n|faint|p1a: Flutter Mane\n|-end|p1a: Flutter Mane|Protosynthesis|[silent]\n|\n|upkeep\n|\n|t:|1682208357\n|switch|p1b: Scizor|Scizor, L50, F|100\/100\n|turn|4\n|inactive|Raidan_3 has 30 seconds left.\n|\n|t:|1682208391\n|move|p1b: Scizor|Aerial Ace|p2a: Baxcalibur\n|-damage|p2a: Baxcalibur|0 fnt\n|faint|p2a: Baxcalibur\n|move|p2b: Ting-Lu|Ruination|p1b: Scizor\n|-damage|p1b: Scizor|51\/100\n|\n|-sideend|p1: Raidan_3|move: Tailwind\n|upkeep\n|\n|t:|1682208399\n|switch|p2a: Arcanine|Arcanine, L50, F|100\/100\n|-ability|p2a: Arcanine|Intimidate|boost\n|-unboost|p1b: Scizor|atk|1\n|turn|5\n|\n|t:|1682208406\n|move|p2a: Arcanine|Flare Blitz|p1b: Scizor\n|-supereffective|p1b: Scizor\n|-damage|p1b: Scizor|0 fnt\n|faint|p1b: Scizor\n|-damage|p2a: Arcanine|85\/100|[from] Recoil\n|\n|win|jchemmy\n|raw|Raidan_3's rating: 1253 → 1231<\/strong> (-22 for losing)\n|raw|jchemmy's rating: 1296 → 1318<\/strong> (+22 for winning)\n","uploadtime":1682208411,"views":2,"p1id":"raidan3","p2id":"jchemmy","formatid":"gen9vgc2023regulationc","rating":1231,"private":0,"password":""}