{"id":"gen9vgc2023regulationc-1848065946","p1":"Suspicious_Door","p2":"PearDaddy","format":"[Gen 9] VGC 2023 Regulation C","log":"|j|\u2606Suspicious_Door\n|j|\u2606PearDaddy\n|t:|1682025864\n|gametype|doubles\n|player|p1|Suspicious_Door|170|1150\n|player|p2|PearDaddy|penny|1172\n|teamsize|p1|6\n|teamsize|p2|6\n|gen|9\n|tier|[Gen 9] VGC 2023 Regulation C\n|rated|\n|rule|Species Clause: Limit one of each Pok\u00e9mon\n|rule|Item Clause: Limit one of each item\n|clearpoke\n|poke|p1|Azumarill, L50, M|\n|poke|p1|Annihilape, L50, F|\n|poke|p1|Amoonguss, L50, M|\n|poke|p1|Kilowattrel, L50, F|\n|poke|p1|Weavile, L50, M|\n|poke|p1|Maushold, L50|\n|poke|p2|Tyranitar, L50, F|\n|poke|p2|Glimmora, L50, F|\n|poke|p2|Garchomp, L50, F|\n|poke|p2|Corviknight, L50, F|\n|poke|p2|Arcanine, L50, F|\n|poke|p2|Sandy Shocks, L50|\n|teampreview|4\n|inactive|Battle timer is ON: inactive players will automatically lose when time's up. (requested by Suspicious_Door)\nPearDaddy rejected open team sheets.\n|inactive|Suspicious_Door has 60 seconds left.\n|\n|t:|1682025896\n|start\n|switch|p1a: Kilowattrel|Kilowattrel, L50, F|100\/100\n|switch|p1b: Annihilape|Annihilape, L50, F|100\/100\n|switch|p2a: Noms|Tyranitar, L50, F|100\/100\n|switch|p2b: Bubbles|Glimmora, L50, F|100\/100\n|-weather|Sandstorm|[from] ability: Sand Stream|[of] p2a: Noms\n|turn|1\n|\n|t:|1682025916\n|-terastallize|p1b: Annihilape|Ground\n|-terastallize|p2a: Noms|Flying\n|move|p1a: Kilowattrel|Discharge|p2b: Bubbles|[spread] p2a,p2b\n|-immune|p1b: Annihilape\n|-supereffective|p2a: Noms\n|-damage|p2a: Noms|59\/100\n|-damage|p2b: Bubbles|75\/100\n|move|p1b: Annihilape|Earthquake|p2a: Noms|[spread] p2b\n|-immune|p1a: Kilowattrel\n|-immune|p2a: Noms\n|-supereffective|p2b: Bubbles\n|-damage|p2b: Bubbles|0 fnt\n|-activate|p2b: Bubbles|ability: Toxic Debris\n|-sidestart|p1: Suspicious_Door|move: Toxic Spikes\n|faint|p2b: Bubbles\n|move|p2a: Noms|Dark Pulse|p1b: Annihilape\n|-damage|p1b: Annihilape|63\/100\n|\n|-weather|Sandstorm|[upkeep]\n|-damage|p1a: Kilowattrel|94\/100|[from] Sandstorm\n|-damage|p2a: Noms|53\/100|[from] Sandstorm\n|upkeep\n|\n|t:|1682025935\n|switch|p2b: Chomps|Garchomp, L50, F|100\/100\n|turn|2\n|\n|t:|1682025944\n|move|p1a: Kilowattrel|Hurricane|p2b: Chomps|[miss]\n|-miss|p1a: Kilowattrel|p2b: Chomps\n|move|p2b: Chomps|Dragon Claw|p1a: Kilowattrel\n|-damage|p1a: Kilowattrel|14\/100\n|move|p1b: Annihilape|Earthquake|p2b: Chomps|[spread] p2b\n|-immune|p1a: Kilowattrel\n|-immune|p2a: Noms\n|-damage|p2b: Chomps|44\/100\n|move|p2a: Noms|Ice Beam|p1b: Annihilape\n|-supereffective|p1b: Annihilape\n|-damage|p1b: Annihilape|0 fnt\n|faint|p1b: Annihilape\n|\n|-weather|Sandstorm|[upkeep]\n|-damage|p1a: Kilowattrel|7\/100|[from] Sandstorm\n|-damage|p2a: Noms|47\/100|[from] Sandstorm\n|upkeep\n|\n|t:|1682025961\n|switch|p1b: Maushold|Maushold, L50|100\/100\n|-status|p1b: Maushold|psn\n|turn|3\n|\n|t:|1682025971\n|switch|p2a: Fluffy|Arcanine, L50, F|100\/100\n|-ability|p2a: Fluffy|Intimidate|boost\n|-unboost|p1a: Kilowattrel|atk|1\n|-ability|p1a: Kilowattrel|Competitive|boost\n|-boost|p1a: Kilowattrel|spa|2\n|-unboost|p1b: Maushold|atk|1\n|move|p1a: Kilowattrel|Hurricane|p2b: Chomps|[miss]\n|-miss|p1a: Kilowattrel|p2b: Chomps\n|move|p1b: Maushold|Population Bomb|p2a: Fluffy\n|-damage|p2a: Fluffy|92\/100\n|-damage|p2a: Fluffy|84\/100\n|-damage|p2a: Fluffy|76\/100\n|-damage|p2a: Fluffy|67\/100\n|-crit|p2a: Fluffy\n|-damage|p2a: Fluffy|49\/100\n|-damage|p2a: Fluffy|40\/100\n|-damage|p2a: Fluffy|32\/100\n|-damage|p2a: Fluffy|23\/100\n|-damage|p2a: Fluffy|14\/100\n|-damage|p2a: Fluffy|5\/100\n|-hitcount|p2a: Fluffy|10\n|move|p2b: Chomps|Dragon Claw|p1b: Maushold\n|-damage|p1b: Maushold|33\/100 psn\n|\n|-weather|Sandstorm|[upkeep]\n|-damage|p1a: Kilowattrel|1\/100|[from] Sandstorm\n|-damage|p1b: Maushold|27\/100 psn|[from] Sandstorm\n|-damage|p1b: Maushold|15\/100 psn|[from] psn\n|upkeep\n|turn|4\n|\n|t:|1682025991\n|switch|p1b: Amoonguss|Amoonguss, L50, M|100\/100\n|-sideend|p1: Suspicious_Door|move: Toxic Spikes|[of] p1b: Amoonguss\n|move|p2b: Chomps|Protect|p2b: Chomps\n|-singleturn|p2b: Chomps|Protect\n|move|p1a: Kilowattrel|Hurricane|p2b: Chomps\n|-activate|p2b: Chomps|move: Protect\n|move|p2a: Fluffy|Snarl|p1b: Amoonguss|[spread] p1a,p1b\n|-damage|p1a: Kilowattrel|0 fnt\n|-damage|p1b: Amoonguss|94\/100\n|-unboost|p1b: Amoonguss|spa|1\n|faint|p1a: Kilowattrel\n|\n|-weather|Sandstorm|[upkeep]\n|-damage|p1b: Amoonguss|88\/100|[from] Sandstorm\n|-heal|p1b: Amoonguss|94\/100|[from] item: Leftovers\n|upkeep\n|\n|t:|1682025999\n|switch|p1a: Maushold|Maushold, L50|15\/100 psn\n|turn|5\n|\n|t:|1682026020\n|move|p1a: Maushold|Population Bomb|p2b: Chomps\n|-damage|p2b: Chomps|33\/100\n|-damage|p2b: Chomps|21\/100\n|-damage|p2b: Chomps|9\/100\n|-damage|p2b: Chomps|0 fnt\n|faint|p2b: Chomps\n|-hitcount|p2: Chomps|4\n|move|p2a: Fluffy|Flare Blitz|p1b: Amoonguss\n|-supereffective|p1b: Amoonguss\n|-damage|p1b: Amoonguss|0 fnt\n|faint|p1b: Amoonguss\n|-damage|p2a: Fluffy|0 fnt|[from] Recoil\n|faint|p2a: Fluffy\n|\n|-weather|none\n|-damage|p1a: Maushold|3\/100 psn|[from] psn\n|upkeep\n|\n|t:|1682026024\n|switch|p2b: Noms|Tyranitar, L50, F, tera:Flying|47\/100\n|-weather|Sandstorm|[from] ability: Sand Stream|[of] p2b: Noms\n|turn|6\n|\n|t:|1682026033\n|move|p1a: Maushold|Population Bomb|p2b: Noms|[miss]\n|-miss|p1a: Maushold|p2b: Noms\n|move|p2b: Noms|Power Gem|p1a: Maushold\n|-damage|p1a: Maushold|0 fnt\n|faint|p1a: Maushold\n|\n|win|PearDaddy\n|raw|Suspicious_Door's rating: 1150 → 1127<\/strong> (-23 for losing)\n|raw|PearDaddy's rating: 1172 → 1195<\/strong> (+23 for winning)\n|c|\u2606PearDaddy|you dont have any other attack move than pop bomb?\n","uploadtime":1682026080,"views":9,"p1id":"suspiciousdoor","p2id":"peardaddy","formatid":"gen9vgc2023regulationc","rating":1127,"private":0,"password":""}