{"id":"gen9vgc2023regulationc-1856179652","p1":"Salchari0","p2":"Hadrian1917","format":"[Gen 9] VGC 2023 Regulation C","log":"|j|\u2606Salchari0\n|j|\u2606Hadrian1917\n|t:|1683038117\n|gametype|doubles\n|player|p1|Salchari0|102|1061\n|player|p2|Hadrian1917|brock|1127\n|teamsize|p1|6\n|teamsize|p2|6\n|gen|9\n|tier|[Gen 9] VGC 2023 Regulation C\n|rated|\n|rule|Species Clause: Limit one of each Pok\u00e9mon\n|rule|Item Clause: Limit one of each item\n|clearpoke\n|poke|p1|Talonflame, L50, F|\n|poke|p1|Garganacl, L50, M|\n|poke|p1|Gholdengo, L50|\n|poke|p1|Rotom-Wash, L50|\n|poke|p1|Chien-Pao, L50|\n|poke|p1|Volcarona, L50, M|\n|poke|p2|Flutter Mane, L50|\n|poke|p2|Chi-Yu, L50|\n|poke|p2|Baxcalibur, L50, M|\n|poke|p2|Ting-Lu, L50|\n|poke|p2|Gyarados, L50, F|\n|poke|p2|Amoonguss, L50, F|\n|teampreview|4\n|inactive|Battle timer is ON: inactive players will automatically lose when time's up. (requested by Hadrian1917)\nHadrian1917 has agreed to open team sheets.\n|inactive|Hadrian1917 has 60 seconds left.\n|inactive|Hadrian1917 has 30 seconds left.\n|inactive|Hadrian1917 has 20 seconds left.\nSalchari0 rejected open team sheets.\n|inactive|Hadrian1917 has 15 seconds left.\n|inactive|Hadrian1917 has 10 seconds left.\n|inactive|Hadrian1917 has 5 seconds left.\n|\n|t:|1683038210\n|start\n|switch|p1a: Gholdengo|Gholdengo, L50|100\/100\n|switch|p1b: Garganacl|Garganacl, L50, M|100\/100\n|switch|p2a: Gyarados|Gyarados, L50, F|100\/100\n|switch|p2b: Ting-Lu|Ting-Lu, L50|100\/100\n|-item|p1a: Gholdengo|Air Balloon\n|-ability|p2a: Gyarados|Intimidate|boost\n|-unboost|p1a: Gholdengo|atk|1\n|-unboost|p1b: Garganacl|atk|1\n|-ability|p2b: Ting-Lu|Vessel of Ruin\n|turn|1\n|inactive|Salchari0 has 30 seconds left.\n|inactive|Hadrian1917 has 30 seconds left.\n|inactive|Hadrian1917 has 20 seconds left.\n|inactive|Hadrian1917 has 15 seconds left.\n|inactive|Hadrian1917 has 10 seconds left.\n|inactive|Hadrian1917 has 5 seconds left.\n|\n|t:|1683038262\n|move|p1b: Garganacl|Protect|p1b: Garganacl\n|-singleturn|p1b: Garganacl|Protect\n|move|p1a: Gholdengo|Make It Rain|p2b: Ting-Lu|[spread] p2a,p2b\n|-resisted|p2a: Gyarados\n|-damage|p2a: Gyarados|87\/100\n|-damage|p2b: Ting-Lu|83\/100\n|-unboost|p1a: Gholdengo|spa|1\n|move|p2a: Gyarados|Waterfall|p1a: Gholdengo\n|-damage|p1a: Gholdengo|60\/100\n|-enditem|p1a: Gholdengo|Air Balloon\n|move|p2b: Ting-Lu|Stomping Tantrum|p1a: Gholdengo\n|-supereffective|p1a: Gholdengo\n|-damage|p1a: Gholdengo|0 fnt\n|faint|p1a: Gholdengo\n|\n|upkeep\n|\n|t:|1683038282\n|switch|p1a: Rotom|Rotom-Wash, L50|100\/100\n|turn|2\n|inactive|Hadrian1917 has 30 seconds left.\n|inactive|Hadrian1917 has 20 seconds left.\n|inactive|Hadrian1917 has 15 seconds left.\n|inactive|Hadrian1917 has 10 seconds left.\n|\n|t:|1683038328\n|switch|p2a: Baxcalibur|Baxcalibur, L50, M|100\/100\n|move|p1a: Rotom|Hydro Pump|p2b: Ting-Lu|[miss]\n|-miss|p1a: Rotom|p2b: Ting-Lu\n|move|p2b: Ting-Lu|Ruination|p1a: Rotom\n|-damage|p1a: Rotom|51\/100\n|move|p1b: Garganacl|Salt Cure|p2a: Baxcalibur\n|-supereffective|p2a: Baxcalibur\n|-damage|p2a: Baxcalibur|83\/100\n|-start|p2a: Baxcalibur|Salt Cure\n|\n|-damage|p2a: Baxcalibur|71\/100|[from] Salt Cure\n|upkeep\n|turn|3\n|\n|t:|1683038352\n|move|p2a: Baxcalibur|Glaive Rush|p1a: Rotom\n|-damage|p1a: Rotom|0 fnt\n|-singlemove|p2a: Baxcalibur|Glaive Rush|[silent]\n|faint|p1a: Rotom\n|move|p2b: Ting-Lu|Ruination|p1b: Garganacl\n|-damage|p1b: Garganacl|51\/100\n|move|p1b: Garganacl|Bulldoze|p2a: Baxcalibur|[spread] p2a,p2b\n|-damage|p2a: Baxcalibur|59\/100\n|-damage|p2b: Ting-Lu|79\/100\n|-unboost|p2b: Ting-Lu|spe|1\n|\n|-heal|p1b: Garganacl|57\/100|[from] item: Leftovers\n|-damage|p2a: Baxcalibur|46\/100|[from] Salt Cure\n|upkeep\n|\n|t:|1683038365\n|switch|p1a: Volcarona|Volcarona, L50, M|100\/100\n|turn|4\n|inactive|Hadrian1917 has 30 seconds left.\n|inactive|Hadrian1917 has 20 seconds left.\n|\n|t:|1683038403\n|move|p2a: Baxcalibur|Glaive Rush|p1a: Volcarona\n|-damage|p1a: Volcarona|40\/100\n|-singlemove|p2a: Baxcalibur|Glaive Rush|[silent]\n|move|p1a: Volcarona|Fiery Dance|p2a: Baxcalibur\n|-damage|p2a: Baxcalibur|0 fnt\n|faint|p2a: Baxcalibur\n|move|p1b: Garganacl|Recover|p1b: Garganacl\n|-heal|p1b: Garganacl|100\/100\n|move|p2b: Ting-Lu|Stomping Tantrum|p1b: Garganacl\n|-supereffective|p1b: Garganacl\n|-damage|p1b: Garganacl|59\/100\n|\n|-heal|p1b: Garganacl|65\/100|[from] item: Leftovers\n|upkeep\n|inactive|Hadrian1917 has 30 seconds left.\n|inactive|Hadrian1917 has 20 seconds left.\n|inactive|Hadrian1917 has 15 seconds left.\n|\n|t:|1683038449\n|switch|p2a: Chi-Yu|Chi-Yu, L50|100\/100\n|-ability|p2a: Chi-Yu|Beads of Ruin\n|turn|5\n|-message|Salchari0 forfeited.\n|\n|win|Hadrian1917\n|raw|Salchari0's rating: 1061 → 1045<\/strong> (-16 for losing)\n|raw|Hadrian1917's rating: 1127 → 1147<\/strong> (+20 for winning)\n|l|\u2606Salchari0\n","uploadtime":1683038504,"views":7,"p1id":"salchari0","p2id":"hadrian1917","formatid":"gen9vgc2023regulationc","rating":1045,"private":0,"password":""}