{"id":"gen9vgc2023regulationc-1857235631","p1":"Dan4045","p2":"afasgjnsg","format":"[Gen 9] VGC 2023 Regulation C","log":"|j|\u2606Dan4045\n|j|\u2606afasgjnsg\n|t:|1683161585\n|gametype|doubles\n|player|p1|Dan4045|266|1162\n|player|p2|afasgjnsg|rosa|1142\n|teamsize|p1|6\n|teamsize|p2|6\n|gen|9\n|tier|[Gen 9] VGC 2023 Regulation C\n|rated|\n|rule|Species Clause: Limit one of each Pok\u00e9mon\n|rule|Item Clause: Limit one of each item\n|clearpoke\n|poke|p1|Pawmot, L50, F|\n|poke|p1|Kilowattrel, L50, M|\n|poke|p1|Gholdengo, L50|\n|poke|p1|Chi-Yu, L50|\n|poke|p1|Iron Bundle, L50|\n|poke|p1|Roaring Moon, L50|\n|poke|p2|Torkoal, L50, F|\n|poke|p2|Jumpluff, L50, F|\n|poke|p2|Great Tusk, L50|\n|poke|p2|Glimmora, L50, M|\n|poke|p2|Gastrodon-East, L50, F|\n|poke|p2|Flutter Mane, L50|\n|teampreview|4\n|inactive|Battle timer is ON: inactive players will automatically lose when time's up. (requested by afasgjnsg)\n|\n|t:|1683161613\n|start\n|switch|p1a: \u30c6\u30c4\u30ce\u30c4\u30c4\u30df|Iron Bundle, L50|100\/100\n|switch|p1b: Chi-Yu|Chi-Yu, L50|100\/100\n|switch|p2a: Flutter Mane|Flutter Mane, L50|100\/100\n|switch|p2b: Glimmora|Glimmora, L50, M|100\/100\n|-ability|p1b: Chi-Yu|Beads of Ruin\n|turn|1\n|\n|t:|1683161627\n|move|p1a: \u30c6\u30c4\u30ce\u30c4\u30c4\u30df|Hydro Pump|p2b: Glimmora|[miss]\n|-miss|p1a: \u30c6\u30c4\u30ce\u30c4\u30c4\u30df|p2b: Glimmora\n|move|p2b: Glimmora|Power Gem|p1b: Chi-Yu\n|-supereffective|p1b: Chi-Yu\n|-damage|p1b: Chi-Yu|9\/100\n|move|p1b: Chi-Yu|Dark Pulse|p2a: Flutter Mane\n|-damage|p2a: Flutter Mane|21\/100\n|-damage|p1b: Chi-Yu|0 fnt|[from] item: Life Orb\n|faint|p1b: Chi-Yu\n|cant|p2a: Flutter Mane|flinch\n|\n|upkeep\n|\n|t:|1683161637\n|switch|p1b: Zapdon\u2019t|Kilowattrel, L50, M, shiny|100\/100\n|turn|2\n|\n|t:|1683161654\n|move|p2a: Flutter Mane|Protect|p2a: Flutter Mane\n|-singleturn|p2a: Flutter Mane|Protect\n|move|p1a: \u30c6\u30c4\u30ce\u30c4\u30c4\u30df|Freeze-Dry|p2a: Flutter Mane\n|-activate|p2a: Flutter Mane|move: Protect\n|move|p1b: Zapdon\u2019t|Tailwind|p1b: Zapdon\u2019t\n|-sidestart|p1: Dan4045|move: Tailwind\n|-start|p1b: Zapdon\u2019t|Charge|Tailwind|[from] ability: Wind Power\n|move|p2b: Glimmora|Power Gem|p1a: \u30c6\u30c4\u30ce\u30c4\u30c4\u30df\n|-supereffective|p1a: \u30c6\u30c4\u30ce\u30c4\u30c4\u30df\n|-enditem|p1a: \u30c6\u30c4\u30ce\u30c4\u30c4\u30df|Focus Sash\n|-damage|p1a: \u30c6\u30c4\u30ce\u30c4\u30c4\u30df|1\/100\n|\n|upkeep\n|turn|3\n|\n|t:|1683161673\n|move|p1a: \u30c6\u30c4\u30ce\u30c4\u30c4\u30df|Protect|p1a: \u30c6\u30c4\u30ce\u30c4\u30c4\u30df\n|-singleturn|p1a: \u30c6\u30c4\u30ce\u30c4\u30c4\u30df|Protect\n|move|p1b: Zapdon\u2019t|Discharge|p2b: Glimmora|[spread] p2a,p2b\n|-activate|p1a: \u30c6\u30c4\u30ce\u30c4\u30c4\u30df|move: Protect\n|-crit|p2b: Glimmora\n|-damage|p2a: Flutter Mane|0 fnt\n|-damage|p2b: Glimmora|2\/100\n|faint|p2a: Flutter Mane\n|-end|p2a: Flutter Mane|Protosynthesis|[silent]\n|-end|p1b: Zapdon\u2019t|Charge|[silent]\n|move|p2b: Glimmora|Mortal Spin|p1a: \u30c6\u30c4\u30ce\u30c4\u30c4\u30df|[spread] p1b\n|-activate|p1a: \u30c6\u30c4\u30ce\u30c4\u30c4\u30df|move: Protect\n|-damage|p1b: Zapdon\u2019t|92\/100\n|\n|upkeep\n|\n|t:|1683161687\n|switch|p2a: Torkoal|Torkoal, L50, F|100\/100\n|-weather|SunnyDay|[from] ability: Drought|[of] p2a: Torkoal\n|turn|4\n|\n|t:|1683161708\n|switch|p2a: Gastrodon|Gastrodon-East, L50, F|100\/100\n|move|p1a: \u30c6\u30c4\u30ce\u30c4\u30c4\u30df|Hydro Pump|p2a: Gastrodon\n|-ability|p2a: Gastrodon|Storm Drain|boost\n|-boost|p2a: Gastrodon|spa|1\n|move|p1b: Zapdon\u2019t|Volt Switch|p2b: Glimmora\n|-damage|p2b: Glimmora|0 fnt\n|faint|p2b: Glimmora\n|\n|t:|1683161717\n|switch|p1b: Cadenza|Pawmot, L50, F|100\/100|[from] Volt Switch\n|\n|-weather|SunnyDay|[upkeep]\n|upkeep\n|\n|t:|1683161722\n|switch|p2b: Torkoal|Torkoal, L50, F|100\/100\n|turn|5\n|\n|t:|1683161736\n|-terastallize|p1b: Cadenza|Fighting\n|move|p2a: Gastrodon|Protect|p2a: Gastrodon\n|-singleturn|p2a: Gastrodon|Protect\n|move|p1a: \u30c6\u30c4\u30ce\u30c4\u30c4\u30df|Hydro Pump|p2a: Gastrodon\n|-activate|p2a: Gastrodon|ability: Storm Drain\n|-activate|p2a: Gastrodon|move: Protect\n|move|p1b: Cadenza|Revival Blessing|p1b: Cadenza\n|\n|t:|1683161747\n|-heal|p1: Chi-Yu|50\/100|[from] move: Revival Blessing\n|move|p2b: Torkoal|Heat Wave|p1a: \u30c6\u30c4\u30ce\u30c4\u30c4\u30df|[spread] p1a\n|-miss|p2b: Torkoal|p1b: Cadenza\n|-damage|p1a: \u30c6\u30c4\u30ce\u30c4\u30c4\u30df|0 fnt\n|faint|p1a: \u30c6\u30c4\u30ce\u30c4\u30c4\u30df\n|-end|p1a: \u30c6\u30c4\u30ce\u30c4\u30c4\u30df|Quark Drive|[silent]\n|\n|-weather|SunnyDay|[upkeep]\n|-sideend|p1: Dan4045|move: Tailwind\n|upkeep\n|\n|t:|1683161750\n|switch|p1a: Zapdon\u2019t|Kilowattrel, L50, M, shiny|92\/100\n|turn|6\n|\n|t:|1683161762\n|move|p1a: Zapdon\u2019t|Tailwind|p1a: Zapdon\u2019t\n|-sidestart|p1: Dan4045|move: Tailwind\n|-start|p1a: Zapdon\u2019t|Charge|Tailwind|[from] ability: Wind Power\n|move|p1b: Cadenza|Close Combat|p2b: Torkoal\n|-damage|p2b: Torkoal|35\/100\n|-unboost|p1b: Cadenza|def|1\n|-unboost|p1b: Cadenza|spd|1\n|-enditem|p1b: Cadenza|Eject Pack\n|\n|t:|1683161773\n|switch|p1b: Chi-Yu|Chi-Yu, L50|50\/100\n|-ability|p1b: Chi-Yu|Beads of Ruin\n|move|p2a: Gastrodon|Recover||[still]\n|-fail|p2a: Gastrodon|heal\n|move|p2b: Torkoal|Eruption|p1b: Chi-Yu|[spread] p1a,p1b\n|-resisted|p1b: Chi-Yu\n|-damage|p1a: Zapdon\u2019t|18\/100\n|-damage|p1b: Chi-Yu|35\/100\n|\n|-weather|SunnyDay|[upkeep]\n|upkeep\n|turn|7\n|\n|t:|1683161793\n|move|p2b: Torkoal|Protect|p2b: Torkoal\n|-singleturn|p2b: Torkoal|Protect\n|move|p1a: Zapdon\u2019t|Volt Switch|p2b: Torkoal\n|-activate|p2b: Torkoal|move: Protect\n|-end|p1a: Zapdon\u2019t|Charge|[silent]\n|move|p1b: Chi-Yu|Dark Pulse|p2a: Gastrodon\n|-damage|p2a: Gastrodon|26\/100\n|-damage|p1b: Chi-Yu|25\/100|[from] item: Life Orb\n|move|p2a: Gastrodon|Earth Power|p1b: Chi-Yu\n|-supereffective|p1b: Chi-Yu\n|-damage|p1b: Chi-Yu|0 fnt\n|faint|p1b: Chi-Yu\n|\n|-weather|SunnyDay|[upkeep]\n|-heal|p2a: Gastrodon|32\/100|[from] item: Leftovers\n|upkeep\n|\n|t:|1683161807\n|switch|p1b: Cadenza|Pawmot, L50, F, tera:Fighting|100\/100\n|turn|8\n|inactive|afasgjnsg has 30 seconds left.\n|\n|t:|1683161836\n|move|p2b: Torkoal|Protect||[still]\n|-fail|p2b: Torkoal\n|move|p1b: Cadenza|Fake Out|p2a: Gastrodon\n|-damage|p2a: Gastrodon|19\/100\n|move|p1a: Zapdon\u2019t|Discharge|p2b: Torkoal|[spread] p2b\n|-immune|p1b: Cadenza|[from] ability: Volt Absorb\n|-immune|p2a: Gastrodon\n|-damage|p2b: Torkoal|0 fnt\n|faint|p2b: Torkoal\n|cant|p2a: Gastrodon|flinch\n|\n|-weather|none\n|-heal|p2a: Gastrodon|25\/100|[from] item: Leftovers\n|upkeep\n|turn|9\n|\n|t:|1683161855\n|move|p2a: Gastrodon|Protect|p2a: Gastrodon\n|-singleturn|p2a: Gastrodon|Protect\n|move|p1a: Zapdon\u2019t|Discharge|p2a: Gastrodon|[spread] \n|-activate|p2a: Gastrodon|move: Protect\n|-immune|p1b: Cadenza|[from] ability: Volt Absorb\n|move|p1b: Cadenza|Close Combat|p2a: Gastrodon\n|-activate|p2a: Gastrodon|move: Protect\n|\n|-heal|p2a: Gastrodon|31\/100|[from] item: Leftovers\n|-sideend|p1: Dan4045|move: Tailwind\n|upkeep\n|turn|10\n|\n|t:|1683161861\n|move|p1a: Zapdon\u2019t|Discharge|p2a: Gastrodon|[spread] \n|-immune|p1b: Cadenza|[from] ability: Volt Absorb\n|-immune|p2a: Gastrodon\n|move|p1b: Cadenza|Close Combat|p2a: Gastrodon\n|-damage|p2a: Gastrodon|0 fnt\n|-unboost|p1b: Cadenza|def|1\n|-unboost|p1b: Cadenza|spd|1\n|faint|p2a: Gastrodon\n|\n|win|Dan4045\n|raw|Dan4045's rating: 1162 → 1186<\/strong> (+24 for winning)\n|raw|afasgjnsg's rating: 1142 → 1118<\/strong> (-24 for losing)\n|l|\u2606Dan4045\n","uploadtime":1683161869,"views":10,"p1id":"dan4045","p2id":"afasgjnsg","formatid":"gen9vgc2023regulationc","rating":1118,"private":0,"password":""}