{"id":"gen9vgc2023regulationc-1862912234","p1":"Nehzzy","p2":"AverageAvenger","format":"[Gen 9] VGC 2023 Regulation C","log":"|j|\u2606Nehzzy\n|j|\u2606AverageAvenger\n|t:|1683937421\n|gametype|doubles\n|player|p1|Nehzzy|1|\n|player|p2|AverageAvenger|volkner|\n|teamsize|p1|6\n|teamsize|p2|6\n|gen|9\n|tier|[Gen 9] VGC 2023 Regulation C\n|rule|Species Clause: Limit one of each Pok\u00e9mon\n|rule|Item Clause: Limit one of each item\n|clearpoke\n|poke|p1|Amoonguss, L50, M|\n|poke|p1|Gyarados, L50, M|\n|poke|p1|Murkrow, L50, M|\n|poke|p1|Great Tusk, L50|\n|poke|p1|Flutter Mane, L50|\n|poke|p1|Gholdengo, L50|\n|poke|p2|Ting-Lu, L50|\n|poke|p2|Vivillon-Fancy, L50, F|\n|poke|p2|Iron Bundle, L50|\n|poke|p2|Abomasnow, L50, M|\n|poke|p2|Chien-Pao, L50|\n|poke|p2|Dragonite, L50, M|\n|teampreview|4\nNehzzy has agreed to open team sheets.\nAverageAvenger has agreed to open team sheets.\n|c|\u2606Nehzzy|G2\n|c|\u2606Nehzzy|glhf!\n|c|\u2606AverageAvenger|glhf ^^\n|\n|t:|1683937908\n|start\n|switch|p1a: Murkrow|Murkrow, L50, M|100\/100\n|switch|p1b: Great Tusk|Great Tusk, L50|100\/100\n|switch|p2a: Thing-Lu|Ting-Lu, L50|100\/100\n|switch|p2b: Large Marge|Dragonite, L50, M|100\/100\n|-ability|p2a: Thing-Lu|Vessel of Ruin\n|turn|1\n|inactive|Battle timer is ON: inactive players will automatically lose when time's up. (requested by AverageAvenger)\n|inactive|AverageAvenger has 60 seconds left.\n|\n|t:|1683937969\n|move|p1a: Murkrow|Sunny Day|p1a: Murkrow\n|-weather|SunnyDay\n|-activate|p1b: Great Tusk|ability: Protosynthesis\n|-start|p1b: Great Tusk|protosynthesisatk\n|move|p1b: Great Tusk|Close Combat|p2a: Thing-Lu\n|-supereffective|p2a: Thing-Lu\n|-damage|p2a: Thing-Lu|0 fnt\n|-unboost|p1b: Great Tusk|def|1\n|-unboost|p1b: Great Tusk|spd|1\n|faint|p2a: Thing-Lu\n|move|p2b: Large Marge|Thunder Punch|p1a: Murkrow\n|-supereffective|p1a: Murkrow\n|-damage|p1a: Murkrow|31\/100\n|\n|-weather|SunnyDay|[upkeep]\n|upkeep\n|\n|t:|1683937985\n|switch|p2a: Snowbama|Abomasnow, L50, M|100\/100\n|-weather|Snow|[from] ability: Snow Warning|[of] p2a: Snowbama\n|-end|p1b: Great Tusk|Protosynthesis\n|turn|2\n|inactive|AverageAvenger has 30 seconds left.\n|\n|t:|1683938011\n|move|p2b: Large Marge|Extreme Speed|p1a: Murkrow\n|-damage|p1a: Murkrow|0 fnt\n|faint|p1a: Murkrow\n|move|p1b: Great Tusk|Close Combat|p2a: Snowbama\n|-supereffective|p2a: Snowbama\n|-damage|p2a: Snowbama|2\/100\n|-unboost|p1b: Great Tusk|def|1\n|-unboost|p1b: Great Tusk|spd|1\n|move|p2a: Snowbama|Blizzard|p1b: Great Tusk\n|-supereffective|p1b: Great Tusk\n|-damage|p1b: Great Tusk|0 fnt\n|faint|p1b: Great Tusk\n|-end|p1b: Great Tusk|Protosynthesis|[silent]\n|-damage|p2a: Snowbama|0 fnt|[from] item: Life Orb\n|faint|p2a: Snowbama\n|\n|-weather|Snow|[upkeep]\n|upkeep\n|\n|t:|1683938026\n|switch|p1b: Amoonguss|Amoonguss, L50, M|100\/100\n|switch|p1a: Gholdengo|Gholdengo, L50|100\/100\n|switch|p2a: Lonmg|Chien-Pao, L50|100\/100\n|-ability|p2a: Lonmg|Sword of Ruin\n|turn|3\n|inactive|Nehzzy has 30 seconds left.\n|inactive|AverageAvenger has 30 seconds left.\n|\n|t:|1683938062\n|-terastallize|p2a: Lonmg|Fire\n|move|p2a: Lonmg|Ice Spinner|p1b: Amoonguss\n|-supereffective|p1b: Amoonguss\n|-damage|p1b: Amoonguss|21\/100\n|-enditem|p1b: Amoonguss|Sitrus Berry|[eat]\n|-heal|p1b: Amoonguss|46\/100|[from] item: Sitrus Berry\n|move|p2b: Large Marge|Dragon Claw|p1b: Amoonguss\n|-damage|p1b: Amoonguss|0 fnt\n|faint|p1b: Amoonguss\n|move|p1a: Gholdengo|Nasty Plot|p1a: Gholdengo\n|-boost|p1a: Gholdengo|spa|2\n|\n|-weather|Snow|[upkeep]\n|upkeep\n|turn|4\n|inactive|AverageAvenger has 30 seconds left.\n|\n|t:|1683938094\n|-terastallize|p1a: Gholdengo|Water\n|move|p2a: Lonmg|Sucker Punch|p1a: Gholdengo\n|-damage|p1a: Gholdengo|64\/100\n|move|p2b: Large Marge|Dragon Claw|p1a: Gholdengo\n|-damage|p1a: Gholdengo|9\/100\n|move|p1a: Gholdengo|Make It Rain|p2b: Large Marge|[spread] p2a,p2b\n|-resisted|p2a: Lonmg\n|-damage|p2a: Lonmg|29\/100\n|-damage|p2b: Large Marge|67\/100\n|-unboost|p1a: Gholdengo|spa|1\n|-enditem|p2a: Lonmg|Sitrus Berry|[eat]\n|-heal|p2a: Lonmg|54\/100|[from] item: Sitrus Berry\n|\n|-weather|Snow|[upkeep]\n|-heal|p1a: Gholdengo|16\/100|[from] item: Leftovers\n|upkeep\n|turn|5\n|c|\u2606Nehzzy|meant to tera amoonguss :(\n|\n|t:|1683938114\n|move|p1a: Gholdengo|Protect|p1a: Gholdengo\n|-singleturn|p1a: Gholdengo|Protect\n|move|p2a: Lonmg|Sucker Punch||[still]\n|-fail|p2a: Lonmg\n|move|p2b: Large Marge|Thunder Punch|p1a: Gholdengo\n|-activate|p1a: Gholdengo|move: Protect\n|\n|-weather|Snow|[upkeep]\n|-heal|p1a: Gholdengo|22\/100|[from] item: Leftovers\n|upkeep\n|turn|6\n|\n|t:|1683938126\n|move|p1a: Gholdengo|Protect||[still]\n|-fail|p1a: Gholdengo\n|move|p2b: Large Marge|Extreme Speed|p1a: Gholdengo\n|-damage|p1a: Gholdengo|0 fnt\n|faint|p1a: Gholdengo\n|\n|win|AverageAvenger\n|c|\u2606Nehzzy|gg\n|c|\u2606AverageAvenger|gg\n","uploadtime":1683938134,"views":9,"p1id":"nehzzy","p2id":"averageavenger","formatid":"gen9vgc2023regulationc","rating":0,"private":0,"password":""}