{"id":"gen9vgc2023regulationc-1851051514","p1":"Can'tStopFalling","p2":"snaelstorm","format":"[Gen 9] VGC 2023 Regulation C","log":"|j|\u2606Can'tStopFalling\n|j|\u2606snaelstorm\n|t:|1682400343\n|gametype|doubles\n|player|p1|Can'tStopFalling|parasollady|1233\n|player|p2|snaelstorm|dahlia|1371\n|teamsize|p1|6\n|teamsize|p2|6\n|gen|9\n|tier|[Gen 9] VGC 2023 Regulation C\n|rated|\n|rule|Species Clause: Limit one of each Pok\u00e9mon\n|rule|Item Clause: Limit one of each item\n|clearpoke\n|poke|p1|Palafin, L50, F|\n|poke|p1|Amoonguss, L50, M|\n|poke|p1|Arcanine, L50, M|\n|poke|p1|Flutter Mane, L50|\n|poke|p1|Stonjourner, L50, M|\n|poke|p1|Farigiraf, L50, F|\n|poke|p2|Wo-Chien, L50|\n|poke|p2|Glimmora, L50, F|\n|poke|p2|Gyarados, L50, M|\n|poke|p2|Flutter Mane, L50|\n|poke|p2|Ceruledge, L50, M|\n|poke|p2|Garganacl, L50, M|\n|teampreview|4\nsnaelstorm has agreed to open team sheets.\n|inactive|Battle timer is ON: inactive players will automatically lose when time's up. (requested by Can'tStopFalling)\nCan'tStopFalling has agreed to open team sheets.\n|inactive|snaelstorm has 60 seconds left.\n|\n|t:|1682400431\n|start\n|switch|p1a: Cherry|Farigiraf, L50, F, shiny|100\/100\n|switch|p1b: Mango|Palafin, L50, F|100\/100\n|switch|p2a: Garganacl|Garganacl, L50, M|100\/100\n|switch|p2b: Wo-Chien|Wo-Chien, L50|100\/100\n|-ability|p2b: Wo-Chien|Tablets of Ruin\n|turn|1\n|inactive|Can'tStopFalling has 30 seconds left.\n|inactive|snaelstorm has 30 seconds left.\n|inactive|Can'tStopFalling has 20 seconds left.\n|inactive|Can'tStopFalling has 15 seconds left.\n|\n|t:|1682400474\n|move|p1b: Mango|Protect|p1b: Mango\n|-singleturn|p1b: Mango|Protect\n|move|p2b: Wo-Chien|Ruination|p1b: Mango\n|-activate|p1b: Mango|move: Protect\n|move|p1a: Cherry|Skill Swap|p2a: Garganacl\n|-activate|p1a: Cherry|move: Skill Swap|Purifying Salt|Armor Tail|[of] p2a: Garganacl\n|move|p2a: Garganacl|Salt Cure|p1b: Mango\n|-activate|p1b: Mango|move: Protect\n|\n|upkeep\n|turn|2\n|inactive|Can'tStopFalling has 30 seconds left.\n|\n|t:|1682400507\n|-terastallize|p1b: Mango|Water\n|move|p1b: Mango|Wave Crash|p2a: Garganacl\n|-supereffective|p2a: Garganacl\n|-damage|p2a: Garganacl|31\/100\n|-damage|p1b: Mango|77\/100|[from] Recoil\n|move|p2b: Wo-Chien|Leech Seed|p1a: Cherry\n|-start|p1a: Cherry|move: Leech Seed\n|move|p1a: Cherry|Hyper Voice|p2b: Wo-Chien|[spread] p2a,p2b\n|-resisted|p2a: Garganacl\n|-damage|p2a: Garganacl|21\/100\n|-damage|p2b: Wo-Chien|82\/100\n|-enditem|p1a: Cherry|Throat Spray\n|-boost|p1a: Cherry|spa|1|[from] item: Throat Spray\n|move|p2a: Garganacl|Salt Cure|p1b: Mango\n|-damage|p1b: Mango|66\/100\n|-start|p1b: Mango|Salt Cure\n|\n|-heal|p2b: Wo-Chien|88\/100|[from] item: Leftovers\n|-damage|p1a: Cherry|88\/100|[from] Leech Seed|[of] p2b: Wo-Chien\n|-heal|p2b: Wo-Chien|100\/100|[silent]\n|-damage|p1b: Mango|41\/100|[from] Salt Cure\n|upkeep\n|turn|3\n|inactive|snaelstorm has 30 seconds left.\n|inactive|Can'tStopFalling has 30 seconds left.\n|\n|t:|1682400542\n|detailschange|p1b: Mango|Palafin-Hero, L50, F, tera:Water\n|switch|p1b: Passionfruit|Flutter Mane, L50|100\/100\n|-enditem|p1b: Passionfruit|Booster Energy\n|-activate|p1b: Passionfruit|ability: Protosynthesis|[fromitem]\n|-start|p1b: Passionfruit|protosynthesisspa\n|move|p2b: Wo-Chien|Pollen Puff|p2a: Garganacl\n|-heal|p2a: Garganacl|71\/100\n|move|p1a: Cherry|Hyper Voice|p2a: Garganacl|[spread] p2a,p2b\n|-resisted|p2a: Garganacl\n|-damage|p2a: Garganacl|56\/100\n|-damage|p2b: Wo-Chien|77\/100\n|move|p2a: Garganacl|Salt Cure|p1b: Passionfruit\n|-damage|p1b: Passionfruit|86\/100\n|-start|p1b: Passionfruit|Salt Cure\n|\n|-heal|p2b: Wo-Chien|83\/100|[from] item: Leftovers\n|-damage|p1a: Cherry|76\/100|[from] Leech Seed|[of] p2b: Wo-Chien\n|-heal|p2b: Wo-Chien|97\/100|[silent]\n|-damage|p1b: Passionfruit|74\/100|[from] Salt Cure\n|upkeep\n|turn|4\n|\n|t:|1682400562\n|-terastallize|p2b: Wo-Chien|Water\n|move|p1b: Passionfruit|Moonblast|p2b: Wo-Chien\n|-damage|p2b: Wo-Chien|62\/100\n|move|p2b: Wo-Chien|Leech Seed|p1b: Passionfruit\n|-start|p1b: Passionfruit|move: Leech Seed\n|move|p1a: Cherry|Hyper Voice|p2a: Garganacl|[spread] p2a,p2b\n|-resisted|p2a: Garganacl\n|-damage|p2a: Garganacl|40\/100\n|-damage|p2b: Wo-Chien|37\/100\n|move|p2a: Garganacl|Recover|p2a: Garganacl\n|-heal|p2a: Garganacl|90\/100\n|\n|-heal|p2b: Wo-Chien|43\/100|[from] item: Leftovers\n|-damage|p1b: Passionfruit|62\/100|[from] Leech Seed|[of] p2b: Wo-Chien\n|-heal|p2b: Wo-Chien|52\/100|[silent]\n|-damage|p1a: Cherry|64\/100|[from] Leech Seed|[of] p2b: Wo-Chien\n|-heal|p2b: Wo-Chien|66\/100|[silent]\n|-damage|p1b: Passionfruit|50\/100|[from] Salt Cure\n|upkeep\n|turn|5\n|-message|Can'tStopFalling forfeited.\n|\n|win|snaelstorm\n|raw|Can'tStopFalling's rating: 1233 → 1217<\/strong> (-16 for losing)\n|raw|snaelstorm's rating: 1371 → 1383<\/strong> (+12 for winning)\n|l|\u2606Can'tStopFalling\n","uploadtime":1682400581,"views":14,"p1id":"cantstopfalling","p2id":"snaelstorm","formatid":"gen9vgc2023regulationc","rating":1217,"private":0,"password":""}