{"id":"gen9vgc2023regulationc-1857255764","p1":"CoDameron","p2":"Semitse","format":"[Gen 9] VGC 2023 Regulation C","log":"|j|\u2606CoDameron\n|j|\u2606Semitse\n|t:|1683164125\n|gametype|doubles\n|player|p1|CoDameron|169|1039\n|player|p2|Semitse|steven|1009\n|teamsize|p1|6\n|teamsize|p2|6\n|gen|9\n|tier|[Gen 9] VGC 2023 Regulation C\n|rated|\n|rule|Species Clause: Limit one of each Pok\u00e9mon\n|rule|Item Clause: Limit one of each item\n|clearpoke\n|poke|p1|Iron Moth, L50|\n|poke|p1|Gothorita, L50, F|\n|poke|p1|Greedent, L50, F|\n|poke|p1|Bellibolt, L50, F|\n|poke|p1|Scizor, L50, F|\n|poke|p1|Salamence, L50, F|\n|poke|p2|Baxcalibur, L50, M|\n|poke|p2|Palafin, L50, F|\n|poke|p2|Flutter Mane, L50|\n|poke|p2|Arcanine, L50, F|\n|poke|p2|Amoonguss, L50, M|\n|poke|p2|Ting-Lu, L50|\n|teampreview|4\n|\n|t:|1683164142\n|start\n|switch|p1a: Old Fashioned|Salamence, L50, F|100\/100\n|switch|p1b: Pow Pow|Scizor, L50, F|100\/100\n|switch|p2a: Palafin|Palafin, L50, F|100\/100\n|switch|p2b: Flutter Mane|Flutter Mane, L50|100\/100\n|-ability|p1a: Old Fashioned|Intimidate|boost\n|-unboost|p2a: Palafin|atk|1\n|-unboost|p2b: Flutter Mane|atk|1\n|turn|1\n|\n|t:|1683164164\n|detailschange|p2a: Palafin|Palafin-Hero, L50, F\n|switch|p2a: Amoonguss|Amoonguss, L50, M|100\/100\n|move|p1b: Pow Pow|Bullet Punch|p2b: Flutter Mane\n|-supereffective|p2b: Flutter Mane\n|-damage|p2b: Flutter Mane|0 fnt\n|faint|p2b: Flutter Mane\n|-end|p2b: Flutter Mane|Protosynthesis|[silent]\n|move|p1a: Old Fashioned|Tailwind|p1a: Old Fashioned\n|-sidestart|p1: CoDameron|move: Tailwind\n|\n|upkeep\n|\n|t:|1683164181\n|switch|p2b: Arcanine|Arcanine, L50, F|100\/100\n|-ability|p2b: Arcanine|Intimidate|boost\n|-unboost|p1a: Old Fashioned|atk|1\n|-fail|p1b: Pow Pow|unboost|[from] item: Clear Amulet|[of] p1b: Pow Pow\n|turn|2\n|\n|t:|1683164199\n|-terastallize|p1b: Pow Pow|Flying\n|move|p1a: Old Fashioned|Dual Wingbeat|p2a: Amoonguss|[miss]\n|-miss|p1a: Old Fashioned|p2a: Amoonguss\n|move|p1b: Pow Pow|Aerial Ace|p2a: Amoonguss\n|-supereffective|p2a: Amoonguss\n|-damage|p2a: Amoonguss|0 fnt\n|faint|p2a: Amoonguss\n|move|p2b: Arcanine|Will-O-Wisp|p1a: Old Fashioned\n|-status|p1a: Old Fashioned|brn\n|\n|-damage|p1a: Old Fashioned|95\/100 brn|[from] brn\n|upkeep\n|\n|t:|1683164214\n|switch|p2a: Palafin|Palafin-Hero, L50, F|100\/100\n|-activate|p2a: Palafin|ability: Zero to Hero\n|turn|3\n|\n|t:|1683164236\n|switch|p1a: Battery Acid|Iron Moth, L50|100\/100\n|-terastallize|p2a: Palafin|Water\n|move|p1b: Pow Pow|Protect|p1b: Pow Pow\n|-singleturn|p1b: Pow Pow|Protect\n|move|p2a: Palafin|Jet Punch|p1b: Pow Pow\n|-activate|p1b: Pow Pow|move: Protect\n|move|p2b: Arcanine|Flare Blitz|p1a: Battery Acid\n|-resisted|p1a: Battery Acid\n|-damage|p1a: Battery Acid|55\/100\n|-damage|p2b: Arcanine|85\/100|[from] Recoil\n|\n|upkeep\n|turn|4\n|\n|t:|1683164281\n|switch|p1b: Old Fashioned|Salamence, L50, F|95\/100 brn\n|-ability|p1b: Old Fashioned|Intimidate|boost\n|-unboost|p2a: Palafin|atk|1\n|-unboost|p2b: Arcanine|atk|1\n|move|p2b: Arcanine|Protect|p2b: Arcanine\n|-singleturn|p2b: Arcanine|Protect\n|move|p2a: Palafin|Jet Punch|p1a: Battery Acid\n|-supereffective|p1a: Battery Acid\n|-damage|p1a: Battery Acid|0 fnt\n|faint|p1a: Battery Acid\n|-end|p1a: Battery Acid|Quark Drive|[silent]\n|\n|-damage|p1b: Old Fashioned|89\/100 brn|[from] brn\n|-sideend|p1: CoDameron|move: Tailwind\n|upkeep\n|\n|t:|1683164297\n|switch|p1a: Giancarlo|Greedent, L50, F|100\/100\n|turn|5\n|\n|t:|1683164320\n|switch|p1b: Pow Pow|Scizor, L50, F, tera:Flying|100\/100\n|move|p2a: Palafin|Jet Punch|p1b: Pow Pow\n|-damage|p1b: Pow Pow|59\/100\n|move|p2b: Arcanine|Will-O-Wisp|p1a: Giancarlo|[miss]\n|-miss|p2b: Arcanine|p1a: Giancarlo\n|move|p1a: Giancarlo|Stuff Cheeks|p1a: Giancarlo\n|-boost|p1a: Giancarlo|def|2\n|-enditem|p1a: Giancarlo|Liechi Berry|[eat]\n|-boost|p1a: Giancarlo|atk|1|[from] item: Liechi Berry\n|\n|upkeep\n|turn|6\n|inactive|Battle timer is ON: inactive players will automatically lose when time's up. (requested by Semitse)\n|\n|t:|1683164353\n|move|p2a: Palafin|Wave Crash|p1b: Pow Pow\n|-damage|p1b: Pow Pow|0 fnt\n|faint|p1b: Pow Pow\n|-damage|p2a: Palafin|82\/100|[from] Recoil\n|move|p2b: Arcanine|Will-O-Wisp|p1a: Giancarlo\n|-status|p1a: Giancarlo|brn\n|move|p1a: Giancarlo|Body Press|p2a: Palafin\n|-damage|p2a: Palafin|56\/100\n|\n|-damage|p1a: Giancarlo|94\/100 brn|[from] brn\n|upkeep\n|\n|t:|1683164366\n|switch|p1b: Old Fashioned|Salamence, L50, F|89\/100 brn\n|-ability|p1b: Old Fashioned|Intimidate|boost\n|-unboost|p2a: Palafin|atk|1\n|-unboost|p2b: Arcanine|atk|1\n|turn|7\n|\n|t:|1683164383\n|move|p2b: Arcanine|Extreme Speed|p1b: Old Fashioned\n|-damage|p1b: Old Fashioned|73\/100 brn\n|move|p2a: Palafin|Wave Crash|p1b: Old Fashioned\n|-resisted|p1b: Old Fashioned\n|-damage|p1b: Old Fashioned|39\/100 brn\n|-damage|p2a: Palafin|45\/100|[from] Recoil\n|move|p1b: Old Fashioned|Dual Wingbeat|p2a: Palafin\n|-damage|p2a: Palafin|33\/100\n|-damage|p2a: Palafin|22\/100\n|-hitcount|p2a: Palafin|2\n|move|p1a: Giancarlo|Giga Impact|p2a: Palafin\n|-damage|p2a: Palafin|0 fnt\n|-mustrecharge|p1a: Giancarlo\n|faint|p2a: Palafin\n|\n|-damage|p1b: Old Fashioned|33\/100 brn|[from] brn\n|-damage|p1a: Giancarlo|88\/100 brn|[from] brn\n|upkeep\n|turn|8\n|inactive|CoDameron has 30 seconds left.\n|\n|t:|1683164412\n|move|p1b: Old Fashioned|Dual Wingbeat|p2b: Arcanine\n|-damage|p2b: Arcanine|71\/100\n|-damage|p2b: Arcanine|57\/100\n|-hitcount|p2b: Arcanine|2\n|move|p2b: Arcanine|Flare Blitz|p1a: Giancarlo\n|-damage|p1a: Giancarlo|78\/100 brn\n|-damage|p2b: Arcanine|52\/100|[from] Recoil\n|cant|p1a: Giancarlo|recharge\n|\n|-damage|p1b: Old Fashioned|27\/100 brn|[from] brn\n|-damage|p1a: Giancarlo|72\/100 brn|[from] brn\n|upkeep\n|turn|9\n|\n|t:|1683164429\n|move|p2b: Arcanine|Protect|p2b: Arcanine\n|-singleturn|p2b: Arcanine|Protect\n|move|p1b: Old Fashioned|Dual Wingbeat|p2b: Arcanine\n|-activate|p2b: Arcanine|move: Protect\n|move|p1a: Giancarlo|Body Press|p2b: Arcanine\n|-activate|p2b: Arcanine|move: Protect\n|\n|-damage|p1b: Old Fashioned|21\/100 brn|[from] brn\n|-damage|p1a: Giancarlo|66\/100 brn|[from] brn\n|upkeep\n|turn|10\n|\n|t:|1683164444\n|move|p2b: Arcanine|Extreme Speed|p1b: Old Fashioned\n|-damage|p1b: Old Fashioned|5\/100 brn\n|move|p1b: Old Fashioned|Dual Wingbeat|p2b: Arcanine\n|-damage|p2b: Arcanine|38\/100\n|-damage|p2b: Arcanine|26\/100\n|-hitcount|p2b: Arcanine|2\n|move|p1a: Giancarlo|Body Press|p2b: Arcanine\n|-damage|p2b: Arcanine|0 fnt\n|faint|p2b: Arcanine\n|\n|win|CoDameron\n|raw|CoDameron's rating: 1039 → 1070<\/strong> (+31 for winning)\n|raw|Semitse's rating: 1009 → 1000<\/strong> (-9 for losing)\n|c|\u2606CoDameron|gg\n|l|\u2606Semitse\n","uploadtime":1683164461,"views":11,"p1id":"codameron","p2id":"semitse","formatid":"gen9vgc2023regulationc","rating":1000,"private":0,"password":""}