{"id":"gen9vgc2023regulationc-1847913150","p1":"BrookPardo","p2":"Quervin","format":"[Gen 9] VGC 2023 Regulation C","log":"|j|\u2606BrookPardo\n|j|\u2606Quervin\n|t:|1682012179\n|gametype|doubles\n|player|p1|BrookPardo|biker-gen4|1177\n|player|p2|Quervin|265|1220\n|teamsize|p1|6\n|teamsize|p2|6\n|gen|9\n|tier|[Gen 9] VGC 2023 Regulation C\n|rated|\n|rule|Species Clause: Limit one of each Pok\u00e9mon\n|rule|Item Clause: Limit one of each item\n|clearpoke\n|poke|p1|Chi-Yu, L50|\n|poke|p1|Flutter Mane, L50|\n|poke|p1|Gholdengo, L50|\n|poke|p1|Amoonguss, L50, F|\n|poke|p1|Palafin, L50, M|\n|poke|p1|Kingambit, L50, M|\n|poke|p2|Lilligant, L50, F|\n|poke|p2|Torkoal, L50, F|\n|poke|p2|Kingambit, L50, F|\n|poke|p2|Dragonite, L50, F|\n|poke|p2|Gastrodon-East, L50, M|\n|poke|p2|Amoonguss, L50, M|\n|teampreview|4\n|\n|t:|1682012220\n|start\n|switch|p1a: Palafin|Palafin, L50, M|100\/100\n|switch|p1b: Droop|Amoonguss, L50, F, shiny|100\/100\n|switch|p2a: TT|Lilligant, L50, F, shiny|100\/100\n|switch|p2b: HOT|Kingambit, L50, F, shiny|100\/100\n|turn|1\n|\n|t:|1682012271\n|-terastallize|p2b: HOT|Fire\n|move|p1a: Palafin|Protect|p1a: Palafin\n|-singleturn|p1a: Palafin|Protect\n|move|p2a: TT|Leaf Storm|p1a: Palafin\n|-activate|p1a: Palafin|move: Protect\n|move|p2b: HOT|Tera Blast|p1b: Droop\n|-supereffective|p1b: Droop\n|-damage|p1b: Droop|30\/100\n|move|p1b: Droop|Spore|p2b: HOT\n|-status|p2b: HOT|slp|[from] move: Spore\n|\n|upkeep\n|turn|2\n|\n|t:|1682012296\n|switch|p2a: Espresso|Dragonite, L50, F|100\/100\n|detailschange|p1a: Palafin|Palafin-Hero, L50, M\n|switch|p1a: Chi-Yu|Chi-Yu, L50|100\/100\n|-ability|p1a: Chi-Yu|Beads of Ruin\n|cant|p2b: HOT|slp\n|move|p1b: Droop|Pollen Puff|p2a: Espresso\n|-resisted|p2a: Espresso\n|-damage|p2a: Espresso|95\/100\n|\n|upkeep\n|turn|3\n|\n|t:|1682012327\n|switch|p1b: Palafin|Palafin-Hero, L50, M|100\/100\n|-activate|p1b: Palafin|ability: Zero to Hero\n|move|p2a: Espresso|Extreme Speed|p1b: Palafin\n|-damage|p1b: Palafin|58\/100\n|-damage|p2a: Espresso|85\/100|[from] item: Life Orb\n|move|p1a: Chi-Yu|Dark Pulse|p2a: Espresso\n|-damage|p2a: Espresso|3\/100\n|-curestatus|p2b: HOT|slp|[msg]\n|move|p2b: HOT|Kowtow Cleave|p1a: Chi-Yu\n|-resisted|p1a: Chi-Yu\n|-damage|p1a: Chi-Yu|60\/100\n|\n|upkeep\n|turn|4\n|\n|t:|1682012349\n|move|p1b: Palafin|Protect|p1b: Palafin\n|-singleturn|p1b: Palafin|Protect\n|move|p2a: Espresso|Extreme Speed|p1a: Chi-Yu\n|-damage|p1a: Chi-Yu|0 fnt\n|faint|p1a: Chi-Yu\n|-damage|p2a: Espresso|0 fnt|[from] item: Life Orb\n|faint|p2a: Espresso\n|move|p2b: HOT|Kowtow Cleave|p1b: Palafin\n|-activate|p1b: Palafin|move: Protect\n|\n|upkeep\n|\n|t:|1682012361\n|switch|p1a: Droop|Amoonguss, L50, F, shiny|63\/100\n|switch|p2a: TT|Lilligant, L50, F, shiny|100\/100\n|turn|5\n|\n|t:|1682012375\n|switch|p2a: Breakthrough|Torkoal, L50, F, shiny|100\/100\n|-weather|SunnyDay|[from] ability: Drought|[of] p2a: Breakthrough\n|-terastallize|p1b: Palafin|Water\n|move|p1b: Palafin|Jet Punch|p2b: HOT\n|-supereffective|p2b: HOT\n|-damage|p2b: HOT|54\/100\n|move|p2b: HOT|Tera Blast|p1a: Droop\n|-supereffective|p1a: Droop\n|-damage|p1a: Droop|0 fnt\n|faint|p1a: Droop\n|\n|-weather|SunnyDay|[upkeep]\n|upkeep\n|\n|t:|1682012386\n|switch|p1a: Shirohige|Kingambit, L50, M, shiny|100\/100\n|turn|6\n|\n|t:|1682012406\n|move|p1b: Palafin|Jet Punch|p2a: Breakthrough\n|-supereffective|p2a: Breakthrough\n|-damage|p2a: Breakthrough|51\/100\n|move|p2b: HOT|Kowtow Cleave|p1b: Palafin\n|-damage|p1b: Palafin|3\/100\n|move|p1a: Shirohige|Swords Dance|p1a: Shirohige\n|-boost|p1a: Shirohige|atk|2\n|move|p2a: Breakthrough|Eruption|p1b: Palafin|[spread] p1a,p1b\n|-supereffective|p1a: Shirohige\n|-resisted|p1b: Palafin\n|-damage|p1a: Shirohige|11\/100\n|-damage|p1b: Palafin|0 fnt\n|-enditem|p1a: Shirohige|Sitrus Berry|[eat]\n|-heal|p1a: Shirohige|35\/100|[from] item: Sitrus Berry\n|faint|p1b: Palafin\n|\n|-weather|SunnyDay|[upkeep]\n|upkeep\n|turn|7\n|\n|t:|1682012426\n|move|p1a: Shirohige|Sucker Punch|p2a: Breakthrough\n|-damage|p2a: Breakthrough|0 fnt\n|faint|p2a: Breakthrough\n|move|p2b: HOT|Tera Blast|p1a: Shirohige\n|-supereffective|p1a: Shirohige\n|-crit|p1a: Shirohige\n|-damage|p1a: Shirohige|0 fnt\n|faint|p1a: Shirohige\n|\n|win|Quervin\n|raw|BrookPardo's rating: 1177 → 1155<\/strong> (-22 for losing)\n|raw|Quervin's rating: 1220 → 1242<\/strong> (+22 for winning)\n|l|\u2606BrookPardo\n","uploadtime":1682012442,"views":10,"p1id":"brookpardo","p2id":"quervin","formatid":"gen9vgc2023regulationc","rating":1155,"private":0,"password":""}