{"id":"gen9vgc2023regulationc-1853178200","p1":"SuperToad916","p2":"LethalPilot","format":"[Gen 9] VGC 2023 Regulation C","log":"|j|\u2606SuperToad916\n|j|\u2606LethalPilot\n|t:|1682644818\n|gametype|doubles\n|player|p1|SuperToad916|102|\n|player|p2|LethalPilot|swimmer-gen4|\n|teamsize|p1|6\n|teamsize|p2|6\n|gen|9\n|tier|[Gen 9] VGC 2023 Regulation C\n|rule|Species Clause: Limit one of each Pok\u00e9mon\n|rule|Item Clause: Limit one of each item\n|clearpoke\n|poke|p1|Torkoal, L50, M|\n|poke|p1|Toedscruel, L50, F|\n|poke|p1|Lilligant, L50, F|\n|poke|p1|Dragonite, L50, F|\n|poke|p1|Sylveon, L50, M|\n|poke|p1|Kingambit, L50, F|\n|poke|p2|Arcanine, L50, M|\n|poke|p2|Salamence, L50, M|\n|poke|p2|Hawlucha, L50, M|\n|poke|p2|Amoonguss, L50, M|\n|poke|p2|Cyclizar, L50, M|\n|poke|p2|Murkrow, L50, M|\n|teampreview|4\n|j| JJ22FTW\n|j| tomciv20\n|j| Hunter13004\nSuperToad916 rejected open team sheets.\n|inactive|Battle timer is ON: inactive players will automatically lose when time's up. (requested by LethalPilot)\n|j| CluelessGamer18\n|inactive|SuperToad916 has 60 seconds left.\n|\n|t:|1682644886\n|start\n|switch|p1a: William|Dragonite, L50, F|100\/100\n|switch|p1b: Sonic|Sylveon, L50, M, shiny|100\/100\n|switch|p2a: I Like Feet|Salamence, L50, M|100\/100\n|switch|p2b: Flying Monkey|Hawlucha, L50, M, shiny|100\/100\n|-ability|p2b: Flying Monkey|Mold Breaker\n|-ability|p2a: I Like Feet|Intimidate|boost\n|-unboost|p1a: William|atk|1\n|-unboost|p1b: Sonic|atk|1\n|turn|1\n|inactive|SuperToad916 has 30 seconds left.\n|inactive|LethalPilot has 30 seconds left.\n|\n|t:|1682644916\n|-terastallize|p1b: Sonic|Fairy\n|move|p2b: Flying Monkey|Acrobatics|p1b: Sonic\n|-damage|p1b: Sonic|56\/100\n|move|p1a: William|Rock Slide|p2b: Flying Monkey|[spread] p2a,p2b\n|-supereffective|p2a: I Like Feet\n|-damage|p2a: I Like Feet|65\/100\n|-damage|p2b: Flying Monkey|68\/100\n|move|p2a: I Like Feet|Draco Meteor|p1a: William\n|-supereffective|p1a: William\n|-damage|p1a: William|50\/100\n|-unboost|p2a: I Like Feet|spa|2\n|move|p1b: Sonic|Hyper Voice|p2a: I Like Feet|[spread] p2a,p2b\n|-supereffective|p2a: I Like Feet\n|-supereffective|p2b: Flying Monkey\n|-damage|p2a: I Like Feet|0 fnt\n|-damage|p2b: Flying Monkey|0 fnt\n|faint|p2a: I Like Feet\n|faint|p2b: Flying Monkey\n|-enditem|p1b: Sonic|Throat Spray\n|-boost|p1b: Sonic|spa|1|[from] item: Throat Spray\n|\n|upkeep\n|\n|t:|1682644934\n|switch|p2b: Joey Ditavi|Arcanine, L50, M|100\/100\n|switch|p2a: AMONG US|Amoonguss, L50, M|100\/100\n|-ability|p2b: Joey Ditavi|Intimidate|boost\n|-unboost|p1a: William|atk|1\n|-unboost|p1b: Sonic|atk|1\n|turn|2\n|\n|t:|1682644952\n|move|p1b: Sonic|Protect|p1b: Sonic\n|-singleturn|p1b: Sonic|Protect\n|move|p2b: Joey Ditavi|Flare Blitz|p1a: William\n|-resisted|p1a: William\n|-damage|p1a: William|20\/100\n|-damage|p2b: Joey Ditavi|91\/100|[from] Recoil\n|move|p1a: William|Rock Slide|p2b: Joey Ditavi|[spread] p2a,p2b\n|-supereffective|p2b: Joey Ditavi\n|-damage|p2a: AMONG US|87\/100\n|-damage|p2b: Joey Ditavi|54\/100\n|move|p2a: AMONG US|Spore|p1b: Sonic\n|-activate|p1b: Sonic|move: Protect\n|\n|upkeep\n|turn|3\n|inactive|SuperToad916 has 30 seconds left.\n|inactive|LethalPilot has 30 seconds left.\n|inactive|SuperToad916 has 20 seconds left.\n|inactive|SuperToad916 has 15 seconds left.\n|inactive|SuperToad916 has 10 seconds left.\n|\n|t:|1682644999\n|move|p2b: Joey Ditavi|Flare Blitz|p1b: Sonic\n|-damage|p1b: Sonic|2\/100\n|-damage|p2b: Joey Ditavi|33\/100|[from] Recoil\n|move|p1a: William|Rock Slide|p2a: AMONG US|[spread] p2a,p2b\n|-supereffective|p2b: Joey Ditavi\n|-damage|p2a: AMONG US|74\/100\n|-damage|p2b: Joey Ditavi|0 fnt\n|faint|p2b: Joey Ditavi\n|move|p1b: Sonic|Moonblast|p2a: AMONG US\n|-resisted|p2a: AMONG US\n|-damage|p2a: AMONG US|47\/100\n|-unboost|p2a: AMONG US|spa|1\n|move|p2a: AMONG US|Pollen Puff|p2: Joey Ditavi|[notarget]\n|-fail|p2a: AMONG US\n|\n|upkeep\n|turn|4\n|j| jamez10\n|\n|t:|1682645021\n|move|p1a: William|Rock Slide|p2a: AMONG US\n|-damage|p2a: AMONG US|30\/100\n|move|p1b: Sonic|Shadow Ball|p2a: AMONG US\n|-damage|p2a: AMONG US|6\/100\n|-enditem|p2a: AMONG US|Aguav Berry|[eat]\n|-heal|p2a: AMONG US|40\/100|[from] item: Aguav Berry\n|move|p2a: AMONG US|Pollen Puff|p1b: Sonic\n|-resisted|p1b: Sonic\n|-damage|p1b: Sonic|0 fnt\n|faint|p1b: Sonic\n|\n|upkeep\n|\n|t:|1682645040\n|switch|p1b: Scovillian|Kingambit, L50, F, shiny|100\/100\n|turn|5\n|inactive|SuperToad916 has 30 seconds left.\n|\n|t:|1682645067\n|move|p1a: William|Rock Slide|p2a: AMONG US\n|-damage|p2a: AMONG US|22\/100\n|move|p1b: Scovillian|Kowtow Cleave|p2a: AMONG US\n|-damage|p2a: AMONG US|0 fnt\n|faint|p2a: AMONG US\n|\n|win|SuperToad916\n|l|\u2606SuperToad916\n|l|\u2606LethalPilot\n|l| CluelessGamer18\n","uploadtime":1682645409,"views":13,"p1id":"supertoad916","p2id":"lethalpilot","formatid":"gen9vgc2023regulationc","rating":0,"private":0,"password":""}