{"id":"gen9vgc2023regulationc-1854721947","p1":"VinnyQuinny","p2":"Fox Nico nii","format":"[Gen 9] VGC 2023 Regulation C","log":"|j|\u2606VinnyQuinny\n|j|\u2606Fox Nico nii\n|t:|1682856741\n|gametype|doubles\n|player|p1|VinnyQuinny|roxie|1166\n|player|p2|Fox Nico nii|backersf|1186\n|teamsize|p1|6\n|teamsize|p2|6\n|gen|9\n|tier|[Gen 9] VGC 2023 Regulation C\n|rated|\n|rule|Species Clause: Limit one of each Pok\u00e9mon\n|rule|Item Clause: Limit one of each item\n|clearpoke\n|poke|p1|Abomasnow, L50, M|\n|poke|p1|Iron Bundle, L50|\n|poke|p1|Flutter Mane, L50|\n|poke|p1|Amoonguss, L50, F|\n|poke|p1|Palafin, L50, M|\n|poke|p1|Chi-Yu, L50|\n|poke|p2|Indeedee-F, L50, F|\n|poke|p2|Armarouge, L50, M|\n|poke|p2|Iron Hands, L50|\n|poke|p2|Ting-Lu, L50|\n|poke|p2|Garganacl, L50, F|\n|poke|p2|Annihilape, L50, M|\n|teampreview|4\n|inactive|Battle timer is ON: inactive players will automatically lose when time's up. (requested by Fox Nico nii)\n|inactive|VinnyQuinny also wants the timer to be on.\nFox Nico nii has agreed to open team sheets.\n|\n|t:|1682856752\n|start\n|switch|p1a: Frozen Fred|Abomasnow, L50, M|100\/100\n|switch|p1b: Santa Sandra|Iron Bundle, L50|100\/100\n|switch|p2a: Iron Hands|Iron Hands, L50|100\/100\n|switch|p2b: Garganacl|Garganacl, L50, F|100\/100\n|-weather|Snow|[from] ability: Snow Warning|[of] p1a: Frozen Fred\n|-enditem|p1b: Santa Sandra|Booster Energy\n|-activate|p1b: Santa Sandra|ability: Quark Drive|[fromitem]\n|-start|p1b: Santa Sandra|quarkdrivespe\n|turn|1\n|inactive|VinnyQuinny has 30 seconds left.\n|\n|t:|1682856782\n|-terastallize|p2b: Garganacl|Ghost\n|move|p2a: Iron Hands|Fake Out|p1a: Frozen Fred\n|-damage|p1a: Frozen Fred|87\/100\n|move|p1b: Santa Sandra|Aurora Veil|p1b: Santa Sandra\n|-sidestart|p1: VinnyQuinny|move: Aurora Veil\n|cant|p1a: Frozen Fred|flinch\n|move|p2b: Garganacl|Salt Cure|p1b: Santa Sandra\n|-supereffective|p1b: Santa Sandra\n|-damage|p1b: Santa Sandra|85\/100\n|-start|p1b: Santa Sandra|Salt Cure\n|\n|-weather|Snow|[upkeep]\n|-damage|p1b: Santa Sandra|61\/100|[from] Salt Cure\n|upkeep\n|turn|2\n|inactive|Fox Nico nii has 30 seconds left.\n|\n|t:|1682856812\n|-end|p1b: Santa Sandra|Quark Drive|[silent]\n|switch|p1b: Grandma Gertrude|Flutter Mane, L50|100\/100\n|move|p1a: Frozen Fred|Blizzard|p2b: Garganacl|[spread] p2a,p2b\n|-damage|p2a: Iron Hands|81\/100\n|-damage|p2b: Garganacl|74\/100\n|move|p2a: Iron Hands|Drain Punch|p1a: Frozen Fred\n|-supereffective|p1a: Frozen Fred\n|-damage|p1a: Frozen Fred|38\/100\n|-heal|p2a: Iron Hands|99\/100|[from] drain|[of] p1a: Frozen Fred\n|-enditem|p1a: Frozen Fred|Weakness Policy\n|-boost|p1a: Frozen Fred|atk|2|[from] item: Weakness Policy\n|-boost|p1a: Frozen Fred|spa|2|[from] item: Weakness Policy\n|move|p2b: Garganacl|Salt Cure|p1a: Frozen Fred\n|-supereffective|p1a: Frozen Fred\n|-damage|p1a: Frozen Fred|25\/100\n|-start|p1a: Frozen Fred|Salt Cure\n|\n|-weather|Snow|[upkeep]\n|-heal|p2b: Garganacl|80\/100|[from] item: Leftovers\n|-damage|p1a: Frozen Fred|13\/100|[from] Salt Cure\n|upkeep\n|turn|3\n|inactive|VinnyQuinny has 30 seconds left.\n|inactive|VinnyQuinny has 20 seconds left.\n|\n|t:|1682856850\n|move|p2b: Garganacl|Wide Guard|p2b: Garganacl\n|-singleturn|p2b: Garganacl|Wide Guard\n|move|p1b: Grandma Gertrude|Shadow Ball|p2b: Garganacl\n|-supereffective|p2b: Garganacl\n|-damage|p2b: Garganacl|38\/100\n|-damage|p1b: Grandma Gertrude|90\/100|[from] item: Life Orb\n|move|p1a: Frozen Fred|Blizzard|p2a: Iron Hands|[spread] \n|-activate|p2a: Iron Hands|move: Wide Guard\n|-activate|p2b: Garganacl|move: Wide Guard\n|move|p2a: Iron Hands|Heavy Slam|p1b: Grandma Gertrude\n|-supereffective|p1b: Grandma Gertrude\n|-damage|p1b: Grandma Gertrude|0 fnt\n|faint|p1b: Grandma Gertrude\n|-end|p1b: Grandma Gertrude|Protosynthesis|[silent]\n|\n|-weather|Snow|[upkeep]\n|-heal|p2b: Garganacl|44\/100|[from] item: Leftovers\n|-damage|p1a: Frozen Fred|0 fnt|[from] Salt Cure\n|faint|p1a: Frozen Fred\n|upkeep\n|inactive|VinnyQuinny has 30 seconds left.\n|\n|t:|1682856876\n|switch|p1b: Chirpy Chad|Palafin, L50, M|100\/100\n|switch|p1a: Santa Sandra|Iron Bundle, L50|61\/100\n|turn|4\n|\n|t:|1682856897\n|-terastallize|p1a: Santa Sandra|Ghost\n|move|p1a: Santa Sandra|Blizzard|p2a: Iron Hands|[spread] p2a,p2b\n|-damage|p2a: Iron Hands|76\/100\n|-damage|p2b: Garganacl|15\/100\n|move|p1b: Chirpy Chad|Wave Crash|p2a: Iron Hands\n|-damage|p2a: Iron Hands|48\/100\n|-damage|p1b: Chirpy Chad|89\/100|[from] Recoil\n|move|p2a: Iron Hands|Drain Punch|p1a: Santa Sandra\n|-immune|p1a: Santa Sandra\n|move|p2b: Garganacl|Recover|p2b: Garganacl\n|-heal|p2b: Garganacl|65\/100\n|\n|-weather|Snow|[upkeep]\n|-heal|p2b: Garganacl|70\/100|[from] item: Leftovers\n|upkeep\n|turn|5\n|inactive|VinnyQuinny has 30 seconds left.\n|\n|t:|1682856931\n|move|p1a: Santa Sandra|Blizzard|p2b: Garganacl|[spread] p2a,p2b\n|-crit|p2b: Garganacl\n|-damage|p2a: Iron Hands|25\/100\n|-damage|p2b: Garganacl|20\/100\n|-status|p2a: Iron Hands|frz\n|move|p1b: Chirpy Chad|Bulk Up|p1b: Chirpy Chad\n|-boost|p1b: Chirpy Chad|atk|1\n|-boost|p1b: Chirpy Chad|def|1\n|cant|p2a: Iron Hands|frz\n|move|p2b: Garganacl|Salt Cure|p1b: Chirpy Chad\n|-damage|p1b: Chirpy Chad|82\/100\n|-start|p1b: Chirpy Chad|Salt Cure\n|\n|-weather|none\n|-heal|p2b: Garganacl|26\/100|[from] item: Leftovers\n|-damage|p1b: Chirpy Chad|57\/100|[from] Salt Cure\n|-sideend|p1: VinnyQuinny|move: Aurora Veil\n|upkeep\n|turn|6\n|c|\u2606Fox Nico nii|ii don't belive it\n|c|\u2606Fox Nico nii|Critical and freeze\n|inactive|Fox Nico nii has 30 seconds left.\n|\n|t:|1682856959\n|move|p2b: Garganacl|Protect|p2b: Garganacl\n|-singleturn|p2b: Garganacl|Protect\n|move|p1a: Santa Sandra|Blizzard|p2b: Garganacl|[spread] p2a\n|-activate|p2b: Garganacl|move: Protect\n|-damage|p2a: Iron Hands|0 fnt\n|faint|p2a: Iron Hands\n|-end|p2a: Iron Hands|Quark Drive|[silent]\n|move|p1b: Chirpy Chad|Wave Crash|p2b: Garganacl\n|-activate|p2b: Garganacl|move: Protect\n|\n|-heal|p2b: Garganacl|32\/100|[from] item: Leftovers\n|-damage|p1b: Chirpy Chad|32\/100|[from] Salt Cure\n|upkeep\n|\n|t:|1682856969\n|switch|p2a: Indeedee|Indeedee-F, L50, F|100\/100\n|-fieldstart|move: Psychic Terrain|[from] ability: Psychic Surge|[of] p2a: Indeedee\n|-enditem|p2a: Indeedee|Psychic Seed\n|-boost|p2a: Indeedee|spd|1|[from] item: Psychic Seed\n|turn|7\n|\n|t:|1682856988\n|move|p2b: Garganacl|Wide Guard|p2b: Garganacl\n|-singleturn|p2b: Garganacl|Wide Guard\n|move|p1a: Santa Sandra|Icy Wind|p2b: Garganacl|[spread] \n|-activate|p2a: Indeedee|move: Wide Guard\n|-activate|p2b: Garganacl|move: Wide Guard\n|move|p1b: Chirpy Chad|Wave Crash|p2a: Indeedee\n|-damage|p2a: Indeedee|6\/100\n|-damage|p1b: Chirpy Chad|5\/100|[from] Recoil\n|move|p2a: Indeedee|Trick Room|p2a: Indeedee\n|-fieldstart|move: Trick Room|[of] p2a: Indeedee\n|\n|-heal|p2b: Garganacl|38\/100|[from] item: Leftovers\n|-damage|p1b: Chirpy Chad|0 fnt|[from] Salt Cure\n|faint|p1b: Chirpy Chad\n|upkeep\n|turn|8\n|\n|t:|1682857002\n|move|p2b: Garganacl|Salt Cure|p1a: Santa Sandra\n|-damage|p1a: Santa Sandra|42\/100\n|-start|p1a: Santa Sandra|Salt Cure\n|move|p2a: Indeedee|Dazzling Gleam|p1a: Santa Sandra\n|-damage|p1a: Santa Sandra|5\/100\n|move|p1a: Santa Sandra|Blizzard|p2b: Garganacl|[spread] p2b\n|-miss|p1a: Santa Sandra|p2a: Indeedee\n|-crit|p2b: Garganacl\n|-damage|p2b: Garganacl|0 fnt\n|faint|p2b: Garganacl\n|\n|-damage|p1a: Santa Sandra|0 fnt|[from] Salt Cure\n|faint|p1a: Santa Sandra\n|-end|p1a: Santa Sandra|Quark Drive|[silent]\n|\n|win|Fox Nico nii\n|upkeep\n|raw|VinnyQuinny's rating: 1166 → 1142<\/strong> (-24 for losing)\n|raw|Fox Nico nii's rating: 1186 → 1210<\/strong> (+24 for winning)\n|l|\u2606VinnyQuinny\n|c|\u2606Fox Nico nii|even with luck you lost lol\n","uploadtime":1682857020,"views":8,"p1id":"vinnyquinny","p2id":"foxniconii","formatid":"gen9vgc2023regulationc","rating":1142,"private":0,"password":""}