{"id":"gen9vgc2023regulationc-1857043543","p1":"Gplaysss","p2":"Hadrian1917","format":"[Gen 9] VGC 2023 Regulation C","log":"|j|\u2606Gplaysss\n|j|\u2606Hadrian1917\n|t:|1683140088\n|gametype|doubles\n|player|p1|Gplaysss|102|1108\n|player|p2|Hadrian1917|brock|1177\n|teamsize|p1|6\n|teamsize|p2|6\n|gen|9\n|tier|[Gen 9] VGC 2023 Regulation C\n|rated|\n|rule|Species Clause: Limit one of each Pok\u00e9mon\n|rule|Item Clause: Limit one of each item\n|clearpoke\n|poke|p1|Ting-Lu, L50|\n|poke|p1|Amoonguss, L50, F|\n|poke|p1|Dondozo, L50, F|\n|poke|p1|Tatsugiri, L50, M|\n|poke|p1|Chien-Pao, L50|\n|poke|p1|Garganacl, L50, M|\n|poke|p2|Flutter Mane, L50|\n|poke|p2|Chi-Yu, L50|\n|poke|p2|Iron Hands, L50|\n|poke|p2|Ting-Lu, L50|\n|poke|p2|Gyarados, L50, F|\n|poke|p2|Amoonguss, L50, F|\n|teampreview|4\n|inactive|Battle timer is ON: inactive players will automatically lose when time's up. (requested by Gplaysss)\n|n|\u2606Gplaysss|gplaysss\n|inactive|Hadrian1917 has 60 seconds left.\n|inactive|Hadrian1917 has 30 seconds left.\n|inactive|Hadrian1917 has 20 seconds left.\n|\n|t:|1683140163\n|start\n|switch|p1a: Ting-Lu|Ting-Lu, L50|100\/100\n|switch|p1b: Garganacl|Garganacl, L50, M|100\/100\n|switch|p2a: Flutter Mane|Flutter Mane, L50|100\/100\n|switch|p2b: Chi-Yu|Chi-Yu, L50|100\/100\n|-ability|p2b: Chi-Yu|Beads of Ruin\n|-ability|p1a: Ting-Lu|Vessel of Ruin\n|-enditem|p2a: Flutter Mane|Booster Energy\n|-activate|p2a: Flutter Mane|ability: Protosynthesis|[fromitem]\n|-start|p2a: Flutter Mane|protosynthesisspa\n|turn|1\n|\n|t:|1683140184\n|move|p2a: Flutter Mane|Protect|p2a: Flutter Mane\n|-singleturn|p2a: Flutter Mane|Protect\n|move|p2b: Chi-Yu|Nasty Plot|p2b: Chi-Yu\n|-boost|p2b: Chi-Yu|spa|2\n|move|p1a: Ting-Lu|Heavy Slam|p2a: Flutter Mane\n|-activate|p2a: Flutter Mane|move: Protect\n|move|p1b: Garganacl|Salt Cure|p2b: Chi-Yu\n|-supereffective|p2b: Chi-Yu\n|-damage|p2b: Chi-Yu|63\/100\n|-start|p2b: Chi-Yu|Salt Cure\n|\n|-damage|p2b: Chi-Yu|51\/100|[from] Salt Cure\n|upkeep\n|turn|2\n|inactive|Gplaysss has 30 seconds left.\n|\n|t:|1683140211\n|-terastallize|p2a: Flutter Mane|Fairy\n|move|p2a: Flutter Mane|Moonblast|p1a: Ting-Lu\n|-supereffective|p1a: Ting-Lu\n|-damage|p1a: Ting-Lu|12\/100\n|move|p2b: Chi-Yu|Heat Wave|p1b: Garganacl|[spread] p1b\n|-miss|p2b: Chi-Yu|p1a: Ting-Lu\n|-resisted|p1b: Garganacl\n|-damage|p1b: Garganacl|70\/100\n|move|p1a: Ting-Lu|Heavy Slam|p2a: Flutter Mane\n|-supereffective|p2a: Flutter Mane\n|-damage|p2a: Flutter Mane|0 fnt\n|faint|p2a: Flutter Mane\n|-end|p2a: Flutter Mane|Protosynthesis|[silent]\n|move|p1b: Garganacl|Recover|p1b: Garganacl\n|-heal|p1b: Garganacl|100\/100\n|\n|-damage|p2b: Chi-Yu|39\/100|[from] Salt Cure\n|upkeep\n|\n|t:|1683140227\n|switch|p2a: Iron Hands|Iron Hands, L50|100\/100\n|turn|3\n|\n|t:|1683140238\n|move|p1b: Garganacl|Wide Guard|p1b: Garganacl\n|-singleturn|p1b: Garganacl|Wide Guard\n|move|p2b: Chi-Yu|Heat Wave|p1a: Ting-Lu|[spread] \n|-activate|p1a: Ting-Lu|move: Wide Guard\n|-activate|p1b: Garganacl|move: Wide Guard\n|move|p2a: Iron Hands|Drain Punch|p1b: Garganacl\n|-supereffective|p1b: Garganacl\n|-damage|p1b: Garganacl|57\/100\n|move|p1a: Ting-Lu|Fissure|p2a: Iron Hands|[miss]\n|-miss|p1a: Ting-Lu|p2a: Iron Hands\n|\n|-heal|p1b: Garganacl|63\/100|[from] item: Leftovers\n|-damage|p2b: Chi-Yu|27\/100|[from] Salt Cure\n|upkeep\n|turn|4\n|\n|t:|1683140259\n|move|p2b: Chi-Yu|Dark Pulse|p1b: Garganacl\n|-damage|p1b: Garganacl|0 fnt\n|faint|p1b: Garganacl\n|move|p2a: Iron Hands|Drain Punch|p1a: Ting-Lu\n|-supereffective|p1a: Ting-Lu\n|-damage|p1a: Ting-Lu|0 fnt\n|faint|p1a: Ting-Lu\n|\n|-damage|p2b: Chi-Yu|15\/100|[from] Salt Cure\n|upkeep\n|\n|t:|1683140271\n|switch|p1a: Tatsugiri|Tatsugiri, L50, M|100\/100\n|switch|p1b: Dondozo|Dondozo, L50, F|100\/100\n|-activate|p1a: Tatsugiri|ability: Commander|[of] p1b: Dondozo\n|-boost|p1b: Dondozo|atk|2\n|-boost|p1b: Dondozo|spa|2\n|-boost|p1b: Dondozo|spe|2\n|-boost|p1b: Dondozo|def|2\n|-boost|p1b: Dondozo|spd|2\n|turn|5\n|\n|t:|1683140288\n|move|p2b: Chi-Yu|Dark Pulse|p1b: Dondozo\n|-crit|p1b: Dondozo\n|-damage|p1b: Dondozo|29\/100\n|cant|p1b: Dondozo|flinch\n|move|p2a: Iron Hands|Volt Switch|p1b: Dondozo\n|-supereffective|p1b: Dondozo\n|-damage|p1b: Dondozo|12\/100\n|\n|t:|1683140296\n|-end|p2a: Iron Hands|Quark Drive|[silent]\n|switch|p2a: Amoonguss|Amoonguss, L50, F|100\/100|[from] Volt Switch\n|\n|-damage|p2b: Chi-Yu|3\/100|[from] Salt Cure\n|upkeep\n|turn|6\n|\n|t:|1683140312\n|move|p2b: Chi-Yu|Dark Pulse|p1b: Dondozo\n|-crit|p1b: Dondozo\n|-damage|p1b: Dondozo|0 fnt\n|faint|p1b: Dondozo\n|move|p2a: Amoonguss|Spore|p1a: Tatsugiri\n|-status|p1a: Tatsugiri|slp|[from] move: Spore\n|\n|-damage|p2b: Chi-Yu|0 fnt|[from] Salt Cure\n|faint|p2b: Chi-Yu\n|upkeep\n|\n|t:|1683140322\n|switch|p2b: Iron Hands|Iron Hands, L50|100\/100\n|turn|7\n|\n|t:|1683140333\n|-terastallize|p1a: Tatsugiri|Dragon\n|cant|p1a: Tatsugiri|slp\n|move|p2b: Iron Hands|Wild Charge|p1a: Tatsugiri\n|-resisted|p1a: Tatsugiri\n|-damage|p1a: Tatsugiri|50\/100 slp\n|-damage|p2b: Iron Hands|93\/100|[from] Recoil\n|move|p2a: Amoonguss|Pollen Puff|p2b: Iron Hands\n|-heal|p2b: Iron Hands|100\/100\n|\n|upkeep\n|turn|8\n|\n|t:|1683140349\n|cant|p1a: Tatsugiri|slp\n|move|p2b: Iron Hands|Wild Charge|p1a: Tatsugiri\n|-resisted|p1a: Tatsugiri\n|-damage|p1a: Tatsugiri|7\/100 slp\n|-damage|p2b: Iron Hands|94\/100|[from] Recoil\n|move|p2a: Amoonguss|Spore|p1a: Tatsugiri\n|-fail|p1a: Tatsugiri|slp\n|\n|upkeep\n|turn|9\n|\n|t:|1683140363\n|-curestatus|p1a: Tatsugiri|slp|[msg]\n|move|p1a: Tatsugiri|Draco Meteor|p2b: Iron Hands\n|-damage|p2b: Iron Hands|24\/100\n|-unboost|p1a: Tatsugiri|spa|2\n|move|p2b: Iron Hands|Wild Charge|p1a: Tatsugiri\n|-resisted|p1a: Tatsugiri\n|-damage|p1a: Tatsugiri|0 fnt\n|faint|p1a: Tatsugiri\n|-damage|p2b: Iron Hands|23\/100|[from] Recoil\n|\n|win|Hadrian1917\n|raw|Gplaysss's rating: 1108 → 1088<\/strong> (-20 for losing)\n|raw|Hadrian1917's rating: 1177 → 1197<\/strong> (+20 for winning)\n","uploadtime":1683140386,"views":12,"p1id":"gplaysss","p2id":"hadrian1917","formatid":"gen9vgc2023regulationc","rating":1088,"private":0,"password":""}