{"id":"gen9vgc2023regulationc-1859485180","p1":"salamencetv","p2":"Training_ArcTM","format":"[Gen 9] VGC 2023 Regulation C","log":"|j|\u2606salamencetv\n|j|\u2606Training_ArcTM\n|t:|1683474488\n|gametype|doubles\n|player|p1|salamencetv|pryce|\n|player|p2|Training_ArcTM|170|\n|teamsize|p1|6\n|teamsize|p2|6\n|gen|9\n|tier|[Gen 9] VGC 2023 Regulation C\n|rule|Species Clause: Limit one of each Pok\u00e9mon\n|rule|Item Clause: Limit one of each item\n|clearpoke\n|poke|p1|Sylveon, L50, M|\n|poke|p1|Cetitan, L50, M|\n|poke|p1|Oranguru, L50, F|\n|poke|p1|Gholdengo, L50|\n|poke|p1|Staraptor, L50, M|\n|poke|p1|Brute Bonnet, L50|\n|poke|p2|Roaring Moon, L50|\n|poke|p2|Klefki, L50, F|\n|poke|p2|Azumarill, L50, M|\n|poke|p2|Chien-Pao, L50|\n|poke|p2|Lucario, L50, M|\n|poke|p2|Tauros-Paldea-Blaze, L50, M|\n|teampreview|4\n|c|\u2606salamencetv|G2 GLHF\n|c|\u2606Training_ArcTM|Glhf\n|\n|t:|1683474794\n|start\n|switch|p1a: Brute Bonnet|Brute Bonnet, L50|100\/100\n|switch|p1b: Staraptor|Staraptor, L50, M|100\/100\n|switch|p2a: Chien-Pao|Chien-Pao, L50|100\/100\n|switch|p2b: Roaring Moon|Roaring Moon, L50|100\/100\n|-ability|p2a: Chien-Pao|Sword of Ruin\n|-ability|p1b: Staraptor|Intimidate|boost\n|-unboost|p2a: Chien-Pao|atk|1\n|-unboost|p2b: Roaring Moon|atk|1\n|-enditem|p2b: Roaring Moon|Booster Energy\n|-activate|p2b: Roaring Moon|ability: Protosynthesis|[fromitem]\n|-start|p2b: Roaring Moon|protosynthesisspe\n|turn|1\n|\n|t:|1683474828\n|-terastallize|p2b: Roaring Moon|Flying\n|move|p2b: Roaring Moon|Acrobatics|p1a: Brute Bonnet\n|-supereffective|p1a: Brute Bonnet\n|-damage|p1a: Brute Bonnet|29\/100\n|-enditem|p1a: Brute Bonnet|Sitrus Berry|[eat]\n|-heal|p1a: Brute Bonnet|53\/100|[from] item: Sitrus Berry\n|move|p2a: Chien-Pao|Haze|p2a: Chien-Pao\n|-clearallboost\n|move|p1b: Staraptor|Tailwind|p1b: Staraptor\n|-sidestart|p1: salamencetv|move: Tailwind\n|move|p1a: Brute Bonnet|Spore|p2b: Roaring Moon\n|-status|p2b: Roaring Moon|slp|[from] move: Spore\n|\n|upkeep\n|turn|2\n|\n|t:|1683474855\n|switch|p1b: Sylveon|Sylveon, L50, M|100\/100\n|switch|p2a: Tauros|Tauros-Paldea-Blaze, L50, M|100\/100\n|-ability|p2a: Tauros|Intimidate|boost\n|-unboost|p1a: Brute Bonnet|atk|1\n|-unboost|p1b: Sylveon|atk|1\n|cant|p2b: Roaring Moon|slp\n|move|p1a: Brute Bonnet|Spore|p2a: Tauros\n|-status|p2a: Tauros|slp|[from] move: Spore\n|\n|upkeep\n|turn|3\n|\n|t:|1683474869\n|-end|p1a: Brute Bonnet|Protosynthesis|[silent]\n|switch|p1a: Staraptor|Staraptor, L50, M|100\/100\n|-ability|p1a: Staraptor|Intimidate|boost\n|-unboost|p2a: Tauros|atk|1\n|-unboost|p2b: Roaring Moon|atk|1\n|switch|p2a: Azumarill|Azumarill, L50, M|100\/100\n|cant|p2b: Roaring Moon|slp\n|move|p1b: Sylveon|Hyper Voice|p2a: Azumarill|[spread] p2a,p2b\n|-damage|p2a: Azumarill|72\/100\n|-damage|p2b: Roaring Moon|67\/100 slp\n|-enditem|p1b: Sylveon|Throat Spray\n|-boost|p1b: Sylveon|spa|1|[from] item: Throat Spray\n|\n|upkeep\n|turn|4\n|\n|t:|1683474904\n|switch|p2a: Tauros|Tauros-Paldea-Blaze, L50, M|100\/100 slp\n|-ability|p2a: Tauros|Intimidate|boost\n|-unboost|p1a: Staraptor|atk|1\n|-unboost|p1b: Sylveon|atk|1\n|cant|p2b: Roaring Moon|slp\n|move|p1a: Staraptor|Final Gambit|p2a: Tauros\n|-damage|p2a: Tauros|0 fnt\n|faint|p1a: Staraptor\n|faint|p2a: Tauros\n|move|p1b: Sylveon|Hyper Voice|p2b: Roaring Moon\n|-damage|p2b: Roaring Moon|0 fnt\n|faint|p2b: Roaring Moon\n|-end|p2b: Roaring Moon|Protosynthesis|[silent]\n|\n|-sideend|p1: salamencetv|move: Tailwind\n|upkeep\n|\n|t:|1683474915\n|switch|p2b: Chien-Pao|Chien-Pao, L50|100\/100\n|switch|p1a: Brute Bonnet|Brute Bonnet, L50|53\/100\n|switch|p2a: Azumarill|Azumarill, L50, M|72\/100\n|-ability|p2b: Chien-Pao|Sword of Ruin\n|turn|5\n|\n|t:|1683474922\n|move|p1a: Brute Bonnet|Rage Powder|p1a: Brute Bonnet\n|-singleturn|p1a: Brute Bonnet|move: Rage Powder\n|move|p2b: Chien-Pao|Ice Spinner|p1a: Brute Bonnet\n|-supereffective|p1a: Brute Bonnet\n|-damage|p1a: Brute Bonnet|0 fnt\n|faint|p1a: Brute Bonnet\n|-end|p1a: Brute Bonnet|Protosynthesis|[silent]\n|move|p1b: Sylveon|Hyper Voice|p2b: Chien-Pao|[spread] p2a,p2b\n|-supereffective|p2b: Chien-Pao\n|-damage|p2a: Azumarill|29\/100\n|-enditem|p2b: Chien-Pao|Focus Sash\n|-damage|p2b: Chien-Pao|1\/100\n|move|p2a: Azumarill|Play Rough|p1b: Sylveon\n|-damage|p1b: Sylveon|13\/100\n|\n|upkeep\n|\n|t:|1683474933\n|switch|p1a: Gholdengo|Gholdengo, L50|100\/100\n|turn|6\n|\n|t:|1683474939\n|move|p2b: Chien-Pao|Sucker Punch||[still]\n|-fail|p2b: Chien-Pao\n|move|p1b: Sylveon|Quick Attack|p2b: Chien-Pao\n|-supereffective|p2b: Chien-Pao\n|-damage|p2b: Chien-Pao|0 fnt\n|faint|p2b: Chien-Pao\n|move|p2a: Azumarill|Aqua Jet|p1b: Sylveon\n|-damage|p1b: Sylveon|0 fnt\n|faint|p1b: Sylveon\n|move|p1a: Gholdengo|Trick|p2a: Azumarill\n|-activate|p1a: Gholdengo|move: Trick|[of] p2a: Azumarill\n|-item|p2a: Azumarill|Choice Specs|[from] move: Trick\n|-item|p1a: Gholdengo|Assault Vest|[from] move: Trick\n|\n|upkeep\n|turn|7\n|\n|t:|1683474957\n|move|p1a: Gholdengo|Shadow Ball|p2a: Azumarill\n|-damage|p2a: Azumarill|0 fnt\n|faint|p2a: Azumarill\n|\n|win|salamencetv\n|c|\u2606Training_ArcTM|Gg\n|c|\u2606salamencetv|GG\n|l|\u2606Training_ArcTM\n","uploadtime":1683475324,"views":8,"p1id":"salamencetv","p2id":"trainingarctm","formatid":"gen9vgc2023regulationc","rating":0,"private":0,"password":""}