{"id":"gen9vgc2023regulationc-1845115846","p1":"Sk1tt3n","p2":"testin2","format":"[Gen 9] VGC 2023 Regulation C","log":"|j|\u2606Sk1tt3n\n|j|\u2606testin2\n|t:|1681685372\n|gametype|doubles\n|player|p1|Sk1tt3n|hexmaniac-gen6|1089\n|player|p2|testin2|265|1093\n|teamsize|p1|6\n|teamsize|p2|6\n|gen|9\n|tier|[Gen 9] VGC 2023 Regulation C\n|rated|\n|rule|Species Clause: Limit one of each Pok\u00e9mon\n|rule|Item Clause: Limit one of each item\n|clearpoke\n|poke|p1|Iron Hands, L50|\n|poke|p1|Bronzong, L50|\n|poke|p1|Dondozo, L50, F|\n|poke|p1|Farigiraf, L50, M|\n|poke|p1|Tatsugiri, L50, F|\n|poke|p1|Ting-Lu, L50|\n|poke|p2|Tatsugiri, L50, M|\n|poke|p2|Dragapult, L50, M|\n|poke|p2|Dondozo, L50, F|\n|poke|p2|Gothitelle, L50, M|\n|poke|p2|Slowking, L50, M|\n|poke|p2|Gengar, L50, M|\n|teampreview|4\n|j| PearDaddy\n|\n|t:|1681685432\n|start\n|switch|p1a: Iron Hands|Iron Hands, L50|100\/100\n|switch|p1b: Farigiraf|Farigiraf, L50, M|100\/100\n|switch|p2a: Oww|Slowking, L50, M|100\/100\n|switch|p2b: Covid Related?|Gengar, L50, M|100\/100\n|turn|1\n|\n|t:|1681685453\n|move|p1a: Iron Hands|Protect|p1a: Iron Hands\n|-singleturn|p1a: Iron Hands|Protect\n|move|p2b: Covid Related?|Perish Song|p2b: Covid Related?\n|-start|p1a: Iron Hands|perish3|[silent]\n|-start|p1b: Farigiraf|perish3|[silent]\n|-start|p2a: Oww|perish3|[silent]\n|-start|p2b: Covid Related?|perish3|[silent]\n|-fieldactivate|move: Perish Song\n|move|p2a: Oww|Chilly Reception|p2a: Oww\n|-weather|Snow\n|\n|t:|1681685460\n|switch|p2a: Matilda|Gothitelle, L50, M|100\/100|[from] Chilly Reception\n|move|p1b: Farigiraf|Trick Room|p1b: Farigiraf\n|-fieldstart|move: Trick Room|[of] p1b: Farigiraf\n|\n|-weather|Snow|[upkeep]\n|-start|p1a: Iron Hands|perish3\n|-start|p1b: Farigiraf|perish3\n|-start|p2b: Covid Related?|perish3\n|upkeep\n|turn|2\n|\n|t:|1681685489\n|switch|p2b: Here I Go Again|Dondozo, L50, F, shiny|100\/100\n|move|p2a: Matilda|Protect|p2a: Matilda\n|-singleturn|p2a: Matilda|Protect\n|move|p1a: Iron Hands|Swords Dance|p1a: Iron Hands\n|-boost|p1a: Iron Hands|atk|2\n|move|p1b: Farigiraf|Dazzling Gleam|p2a: Matilda|[spread] p2b\n|-activate|p2a: Matilda|move: Protect\n|-damage|p2b: Here I Go Again|86\/100\n|\n|-weather|Snow|[upkeep]\n|-start|p1a: Iron Hands|perish2\n|-start|p1b: Farigiraf|perish2\n|upkeep\n|turn|3\n|l| PearDaddy\n|\n|t:|1681685518\n|switch|p2b: Covid Related?|Gengar, L50, M|100\/100\n|move|p1a: Iron Hands|Wild Charge|p2b: Covid Related?\n|-enditem|p2b: Covid Related?|Focus Sash\n|-damage|p2b: Covid Related?|1\/100\n|-start|p1a: Iron Hands|Disable|Wild Charge|[from] ability: Cursed Body|[of] p2b: Covid Related?\n|-damage|p1a: Iron Hands|83\/100|[from] Recoil\n|move|p1b: Farigiraf|Hyper Voice|p2b: Covid Related?|[spread] p2a\n|-immune|p2b: Covid Related?\n|-damage|p2a: Matilda|73\/100\n|move|p2a: Matilda|Rest|p2a: Matilda\n|-status|p2a: Matilda|slp|[from] move: Rest\n|-heal|p2a: Matilda|100\/100 slp|[silent]\n|-enditem|p2a: Matilda|Chesto Berry|[eat]\n|-curestatus|p2a: Matilda|slp|[msg]\n|\n|-weather|Snow|[upkeep]\n|-heal|p1a: Iron Hands|89\/100|[from] item: Leftovers\n|-start|p1a: Iron Hands|perish1\n|-start|p1b: Farigiraf|perish1\n|upkeep\n|turn|4\n|j| PearDaddy\n|\n|t:|1681685542\n|move|p2a: Matilda|Protect|p2a: Matilda\n|-singleturn|p2a: Matilda|Protect\n|move|p1a: Iron Hands|Drain Punch|p2a: Matilda\n|-activate|p2a: Matilda|move: Protect\n|move|p1b: Farigiraf|Dazzling Gleam|p2b: Covid Related?|[spread] p2b\n|-activate|p2a: Matilda|move: Protect\n|-resisted|p2b: Covid Related?\n|-damage|p2b: Covid Related?|0 fnt\n|-start|p1b: Farigiraf|Disable|Dazzling Gleam|[from] ability: Cursed Body|[of] p2b: Covid Related?\n|-enditem|p1b: Farigiraf|Mental Herb\n|-end|p1b: Farigiraf|Disable\n|faint|p2b: Covid Related?\n|\n|-weather|Snow|[upkeep]\n|-heal|p1a: Iron Hands|95\/100|[from] item: Leftovers\n|-start|p1a: Iron Hands|perish0\n|-start|p1b: Farigiraf|perish0\n|faint|p1a: Iron Hands\n|-end|p1a: Iron Hands|Quark Drive|[silent]\n|faint|p1b: Farigiraf\n|upkeep\n|\n|t:|1681685552\n|switch|p1a: Ting-Lu|Ting-Lu, L50|100\/100\n|switch|p1b: Tatsugiri|Tatsugiri, L50, F, shiny|100\/100\n|switch|p2b: Here I Go Again|Dondozo, L50, F, shiny|86\/100\n|-ability|p1a: Ting-Lu|Vessel of Ruin\n|turn|5\n|\n|t:|1681685563\n|switch|p2a: Oww|Slowking, L50, M|100\/100\n|-terastallize|p1a: Ting-Lu|Poison\n|-terastallize|p2b: Here I Go Again|Ice\n|move|p1a: Ting-Lu|Fissure|p2b: Here I Go Again|[miss]\n|-miss|p1a: Ting-Lu|p2b: Here I Go Again\n|move|p2b: Here I Go Again|Tera Blast|p1a: Ting-Lu\n|-damage|p1a: Ting-Lu|82\/100\n|move|p1b: Tatsugiri|Hydro Pump|p2a: Oww|[miss]\n|-miss|p1b: Tatsugiri|p2a: Oww\n|\n|-weather|none\n|-fieldend|move: Trick Room\n|upkeep\n|turn|6\n|\n|t:|1681685589\n|move|p1b: Tatsugiri|Hydro Pump|p2b: Here I Go Again|[miss]\n|-miss|p1b: Tatsugiri|p2b: Here I Go Again\n|move|p2b: Here I Go Again|Earthquake|p1a: Ting-Lu|[spread] p2a,p1a,p1b\n|-supereffective|p1a: Ting-Lu\n|-damage|p2a: Oww|82\/100\n|-damage|p1a: Ting-Lu|60\/100\n|-damage|p1b: Tatsugiri|59\/100\n|move|p1a: Ting-Lu|Fissure|p2b: Here I Go Again\n|-damage|p2b: Here I Go Again|0 fnt\n|faint|p2b: Here I Go Again\n|-ohko\n|move|p2a: Oww|Trick Room|p2a: Oww\n|-fieldstart|move: Trick Room|[of] p2a: Oww\n|\n|upkeep\n|-message|testin2 forfeited.\n|\n|win|Sk1tt3n\n|raw|Sk1tt3n's rating: 1089 → 1116<\/strong> (+27 for winning)\n|raw|testin2's rating: 1093 → 1069<\/strong> (-24 for losing)\n|l|\u2606testin2\n|l| PearDaddy\n|j| PearDaddy\n","uploadtime":1681685659,"views":15,"p1id":"sk1tt3n","p2id":"testin2","formatid":"gen9vgc2023regulationc","rating":1069,"private":0,"password":""}