{"id":"gen9vgc2023regulationc-1856404322","p1":"GiovanniLor","p2":"Conkledonk","format":"[Gen 9] VGC 2023 Regulation C","log":"|j|\u2606GiovanniLor\n|j|\u2606Conkledonk\n|t:|1683058183\n|gametype|doubles\n|player|p1|GiovanniLor|102|\n|player|p2|Conkledonk|hiker-gen4|\n|teamsize|p1|6\n|teamsize|p2|6\n|gen|9\n|tier|[Gen 9] VGC 2023 Regulation C\n|rule|Species Clause: Limit one of each Pok\u00e9mon\n|rule|Item Clause: Limit one of each item\n|clearpoke\n|poke|p1|Dragapult, L50, F|\n|poke|p1|Chien-Pao, L50|\n|poke|p1|Gholdengo, L50|\n|poke|p1|Amoonguss, L50, M|\n|poke|p1|Ting-Lu, L50|\n|poke|p1|Palafin, L50, M|\n|poke|p2|Dondozo, L50, F|\n|poke|p2|Tatsugiri-Stretchy, L50, F|\n|poke|p2|Glimmora, L50, F|\n|poke|p2|Pawmot, L50, M|\n|poke|p2|Talonflame, L50, F|\n|poke|p2|Gholdengo, L50|\n|teampreview|4\nGiovanniLor has agreed to open team sheets.\nConkledonk has agreed to open team sheets.\n|c|\u2606Conkledonk|g1\n|c|\u2606Conkledonk|glhf\n|c|\u2606GiovanniLor|gl hf\n|inactive|Battle timer is ON: inactive players will automatically lose when time's up. (requested by Conkledonk)\n|inactive|GiovanniLor has 60 seconds left.\n|\n|t:|1683058282\n|start\n|switch|p1a: Amoonguss|Amoonguss, L50, M|100\/100\n|switch|p1b: Ting-Lu|Ting-Lu, L50|100\/100\n|switch|p2a: Pawmot|Pawmot, L50, M|100\/100\n|switch|p2b: Gholdengo|Gholdengo, L50|100\/100\n|-ability|p1b: Ting-Lu|Vessel of Ruin\n|turn|1\n|\n|t:|1683058298\n|move|p2a: Pawmot|Fake Out|p1b: Ting-Lu\n|-damage|p1b: Ting-Lu|92\/100\n|move|p2b: Gholdengo|Nasty Plot|p2b: Gholdengo\n|-boost|p2b: Gholdengo|spa|2\n|cant|p1b: Ting-Lu|flinch\n|move|p1a: Amoonguss|Spore|p2a: Pawmot\n|-status|p2a: Pawmot|slp|[from] move: Spore\n|\n|upkeep\n|turn|2\n|\n|t:|1683058319\n|-curestatus|p2a: Pawmot|slp|[from] ability: Natural Cure\n|switch|p2a: Talonflame|Talonflame, L50, F|100\/100\n|-terastallize|p1a: Amoonguss|Water\n|move|p2b: Gholdengo|Protect|p2b: Gholdengo\n|-singleturn|p2b: Gholdengo|Protect\n|move|p1b: Ting-Lu|Stomping Tantrum|p2b: Gholdengo\n|-activate|p2b: Gholdengo|move: Protect\n|move|p1a: Amoonguss|Clear Smog|p2b: Gholdengo\n|-activate|p2b: Gholdengo|move: Protect\n|\n|upkeep\n|turn|3\n|inactive|Conkledonk has 30 seconds left.\n|\n|t:|1683058346\n|-terastallize|p2b: Gholdengo|Water\n|move|p1a: Amoonguss|Rage Powder|p1a: Amoonguss\n|-singleturn|p1a: Amoonguss|move: Rage Powder\n|move|p2a: Talonflame|Will-O-Wisp|p1b: Ting-Lu|[miss]\n|-miss|p2a: Talonflame|p1b: Ting-Lu\n|move|p2b: Gholdengo|Nasty Plot|p2b: Gholdengo\n|-boost|p2b: Gholdengo|spa|2\n|move|p1b: Ting-Lu|Stomping Tantrum|p2b: Gholdengo\n|-damage|p2b: Gholdengo|60\/100\n|\n|upkeep\n|turn|4\n|\n|t:|1683058370\n|switch|p2a: Pawmot|Pawmot, L50, M|100\/100\n|move|p2b: Gholdengo|Protect|p2b: Gholdengo\n|-singleturn|p2b: Gholdengo|Protect\n|move|p1b: Ting-Lu|Stone Edge|p2a: Pawmot\n|-resisted|p2a: Pawmot\n|-crit|p2a: Pawmot\n|-damage|p2a: Pawmot|61\/100\n|move|p1a: Amoonguss|Clear Smog|p2b: Gholdengo\n|-activate|p2b: Gholdengo|move: Protect\n|\n|upkeep\n|turn|5\n|inactive|GiovanniLor has 30 seconds left.\n|\n|t:|1683058399\n|move|p2a: Pawmot|Double Shock|p1a: Amoonguss\n|-supereffective|p1a: Amoonguss\n|-damage|p1a: Amoonguss|16\/100\n|-start|p2a: Pawmot|typechange|???\/Fighting|[from] move: Double Shock\n|-enditem|p1a: Amoonguss|Sitrus Berry|[eat]\n|-heal|p1a: Amoonguss|41\/100|[from] item: Sitrus Berry\n|move|p2b: Gholdengo|Make It Rain|p1b: Ting-Lu|[spread] p1a,p1b\n|-resisted|p1a: Amoonguss\n|-damage|p1a: Amoonguss|0 fnt\n|-damage|p1b: Ting-Lu|43\/100\n|-unboost|p2b: Gholdengo|spa|1\n|faint|p1a: Amoonguss\n|move|p1b: Ting-Lu|Stomping Tantrum|p2a: Pawmot\n|-damage|p2a: Pawmot|3\/100\n|\n|upkeep\n|\n|t:|1683058416\n|switch|p1a: Dragapult|Dragapult, L50, F, shiny|100\/100\n|turn|6\n|\n|t:|1683058430\n|switch|p2a: Talonflame|Talonflame, L50, F|100\/100\n|switch|p1b: Chien-Pao|Chien-Pao, L50|100\/100\n|-ability|p1b: Chien-Pao|Sword of Ruin\n|move|p1a: Dragapult|Dragon Darts|p2b: Gholdengo\n|-damage|p2b: Gholdengo|13\/100\n|-enditem|p2b: Gholdengo|Sitrus Berry|[eat]\n|-heal|p2b: Gholdengo|38\/100|[from] item: Sitrus Berry\n|-anim|p1a: Dragapult|Dragon Darts|p2a: Talonflame\n|-damage|p2a: Talonflame|22\/100\n|move|p2b: Gholdengo|Make It Rain|p1a: Dragapult|[spread] p1a,p1b\n|-supereffective|p1b: Chien-Pao\n|-damage|p1a: Dragapult|0 fnt\n|-enditem|p1b: Chien-Pao|Focus Sash\n|-damage|p1b: Chien-Pao|1\/100\n|-unboost|p2b: Gholdengo|spa|1\n|faint|p1a: Dragapult\n|\n|upkeep\n|\n|t:|1683058442\n|switch|p1a: Ting-Lu|Ting-Lu, L50|43\/100\n|-ability|p1a: Ting-Lu|Vessel of Ruin\n|turn|7\n|-message|GiovanniLor forfeited.\n|\n|win|Conkledonk\n|l|\u2606GiovanniLor\n|c|\u2606Conkledonk|gg\n","uploadtime":1683059090,"views":5,"p1id":"giovannilor","p2id":"conkledonk","formatid":"gen9vgc2023regulationc","rating":0,"private":0,"password":""}