{"id":"gen9vgc2023regulationc-1859992085","p1":"knight8512","p2":"oweyaf","format":"[Gen 9] VGC 2023 Regulation C","log":"|j|\u2606knight8512\n|j|\u2606oweyaf\n|t:|1683582774\n|gametype|doubles\n|player|p1|knight8512|boarder|1198\n|player|p2|oweyaf|janitor|1148\n|teamsize|p1|6\n|teamsize|p2|6\n|gen|9\n|tier|[Gen 9] VGC 2023 Regulation C\n|rated|\n|rule|Species Clause: Limit one of each Pok\u00e9mon\n|rule|Item Clause: Limit one of each item\n|clearpoke\n|poke|p1|Baxcalibur, L50, M|\n|poke|p1|Flutter Mane, L50|\n|poke|p1|Ting-Lu, L50|\n|poke|p1|Amoonguss, L50, F|\n|poke|p1|Murkrow, L50, M|\n|poke|p1|Chi-Yu, L50|\n|poke|p2|Iron Bundle, L50|\n|poke|p2|Abomasnow, L50, F|\n|poke|p2|Iron Hands, L50|\n|poke|p2|Arcanine, L50, F|\n|poke|p2|Flutter Mane, L50|\n|poke|p2|Amoonguss, L50, F|\n|teampreview|4\n|inactive|Battle timer is ON: inactive players will automatically lose when time's up. (requested by knight8512)\n|\n|t:|1683582830\n|start\n|switch|p1a: Flutter Mane|Flutter Mane, L50|100\/100\n|switch|p1b: Chi-Yu|Chi-Yu, L50|100\/100\n|switch|p2a: Flutter Mane|Flutter Mane, L50|100\/100\n|switch|p2b: Arcanine|Arcanine, L50, F|100\/100\n|-ability|p1b: Chi-Yu|Beads of Ruin\n|-ability|p2b: Arcanine|Intimidate|boost\n|-unboost|p1a: Flutter Mane|atk|1\n|-unboost|p1b: Chi-Yu|atk|1\n|turn|1\n|inactive|knight8512 has 30 seconds left.\n|inactive|oweyaf has 30 seconds left.\n|inactive|knight8512 has 20 seconds left.\n|inactive|oweyaf has 20 seconds left.\n|inactive|oweyaf has 15 seconds left.\n|\n|t:|1683582872\n|move|p2b: Arcanine|Extreme Speed|p1b: Chi-Yu\n|-damage|p1b: Chi-Yu|71\/100\n|move|p2a: Flutter Mane|Dazzling Gleam|p1b: Chi-Yu|[spread] p1a,p1b\n|-damage|p1a: Flutter Mane|41\/100\n|-damage|p1b: Chi-Yu|22\/100\n|move|p1a: Flutter Mane|Shadow Ball|p2a: Flutter Mane\n|-supereffective|p2a: Flutter Mane\n|-damage|p2a: Flutter Mane|0 fnt\n|faint|p2a: Flutter Mane\n|-end|p2a: Flutter Mane|Protosynthesis|[silent]\n|move|p1b: Chi-Yu|Heat Wave|p2b: Arcanine\n|-resisted|p2b: Arcanine\n|-damage|p2b: Arcanine|65\/100\n|\n|upkeep\n|\n|t:|1683582889\n|switch|p2a: Iron Bundle|Iron Bundle, L50|100\/100\n|-enditem|p2a: Iron Bundle|Booster Energy\n|-activate|p2a: Iron Bundle|ability: Quark Drive|[fromitem]\n|-start|p2a: Iron Bundle|quarkdrivespe\n|turn|2\n|\n|t:|1683582913\n|move|p2b: Arcanine|Extreme Speed|p1b: Chi-Yu\n|-damage|p1b: Chi-Yu|0 fnt\n|faint|p1b: Chi-Yu\n|move|p2a: Iron Bundle|Freeze-Dry|p1a: Flutter Mane\n|-damage|p1a: Flutter Mane|9\/100\n|move|p1a: Flutter Mane|Shadow Ball|p2a: Iron Bundle\n|-damage|p2a: Iron Bundle|0 fnt\n|faint|p2a: Iron Bundle\n|-end|p2a: Iron Bundle|Quark Drive|[silent]\n|\n|upkeep\n|\n|t:|1683582927\n|switch|p2a: Amoonguss|Amoonguss, L50, F|100\/100\n|switch|p1b: Amoonguss|Amoonguss, L50, F, shiny|100\/100\n|turn|3\n|inactive|knight8512 has 30 seconds left.\n|\n|t:|1683582954\n|move|p1b: Amoonguss|Protect|p1b: Amoonguss\n|-singleturn|p1b: Amoonguss|Protect\n|move|p2a: Amoonguss|Rage Powder|p2a: Amoonguss\n|-singleturn|p2a: Amoonguss|move: Rage Powder\n|move|p1a: Flutter Mane|Shadow Ball|p2a: Amoonguss\n|-crit|p2a: Amoonguss\n|-damage|p2a: Amoonguss|9\/100\n|move|p2b: Arcanine|Flare Blitz|p1b: Amoonguss\n|-activate|p1b: Amoonguss|move: Protect\n|\n|upkeep\n|turn|4\n|\n|t:|1683582973\n|-terastallize|p1b: Amoonguss|Water\n|move|p2a: Amoonguss|Protect|p2a: Amoonguss\n|-singleturn|p2a: Amoonguss|Protect\n|move|p1a: Flutter Mane|Shadow Ball|p2a: Amoonguss\n|-activate|p2a: Amoonguss|move: Protect\n|move|p2b: Arcanine|Flare Blitz|p1b: Amoonguss\n|-resisted|p1b: Amoonguss\n|-damage|p1b: Amoonguss|81\/100\n|-damage|p2b: Arcanine|58\/100|[from] Recoil\n|move|p1b: Amoonguss|Spore|p2b: Arcanine\n|-status|p2b: Arcanine|slp|[from] move: Spore\n|\n|upkeep\n|turn|5\n|-message|oweyaf forfeited.\n|\n|win|knight8512\n|raw|knight8512's rating: 1198 → 1219<\/strong> (+21 for winning)\n|raw|oweyaf's rating: 1148 → 1127<\/strong> (-21 for losing)\n|l|\u2606oweyaf\n","uploadtime":1683583079,"views":9,"p1id":"knight8512","p2id":"oweyaf","formatid":"gen9vgc2023regulationc","rating":1127,"private":0,"password":""}