{"id":"gen9vgc2023regulationc-1848872069","p1":"BoutEclipse","p2":"Vee_Sketch","format":"[Gen 9] VGC 2023 Regulation C","log":"|j|\u2606BoutEclipse\n|j|\u2606Vee_Sketch\n|t:|1682120083\n|gametype|doubles\n|player|p1|BoutEclipse|hilbert|1090\n|player|p2|Vee_Sketch|n|1103\n|teamsize|p1|6\n|teamsize|p2|6\n|gen|9\n|tier|[Gen 9] VGC 2023 Regulation C\n|rated|\n|rule|Species Clause: Limit one of each Pok\u00e9mon\n|rule|Item Clause: Limit one of each item\n|clearpoke\n|poke|p1|Ceruledge, L50, M|\n|poke|p1|Sableye, L50, F|\n|poke|p1|Iron Hands, L50|\n|poke|p1|Chien-Pao, L50|\n|poke|p1|Sylveon, L50, F|\n|poke|p1|Corviknight, L50, M|\n|poke|p2|Volcarona, L50, M|\n|poke|p2|Oricorio-Pom-Pom, L50, M|\n|poke|p2|Sylveon, L50, F|\n|poke|p2|Orthworm, L50, M|\n|poke|p2|Roaring Moon, L50|\n|poke|p2|Annihilape, L50, M|\n|teampreview|4\n|inactive|Battle timer is ON: inactive players will automatically lose when time's up. (requested by BoutEclipse)\n|j| Rickpv\n|\n|t:|1682120107\n|start\n|switch|p1a: Sableye|Sableye, L50, F|100\/100\n|switch|p1b: Ceruledge|Ceruledge, L50, M|100\/100\n|switch|p2a: Annihilape|Annihilape, L50, M|100\/100\n|switch|p2b: Orthworm|Orthworm, L50, M|100\/100\n|turn|1\n|\n|t:|1682120120\n|move|p1a: Sableye|Reflect|p1a: Sableye\n|-sidestart|p1: BoutEclipse|Reflect\n|move|p2a: Annihilape|Shadow Claw|p1b: Ceruledge\n|-supereffective|p1b: Ceruledge\n|-damage|p1b: Ceruledge|50\/100\n|move|p1b: Ceruledge|Bulk Up|p1b: Ceruledge\n|-boost|p1b: Ceruledge|atk|1\n|-boost|p1b: Ceruledge|def|1\n|move|p2b: Orthworm|Shed Tail|p2b: Orthworm\n|-start|p2b: Orthworm|Substitute|[from] move: Shed Tail\n|-damage|p2b: Orthworm|50\/100\n|-enditem|p2b: Orthworm|Sitrus Berry|[eat]\n|-heal|p2b: Orthworm|75\/100|[from] item: Sitrus Berry\n|\n|t:|1682120134\n|switch|p2b: Roaring Moon|Roaring Moon, L50|100\/100|[from] Shed Tail\n|-enditem|p2b: Roaring Moon|Booster Energy\n|-activate|p2b: Roaring Moon|ability: Protosynthesis|[fromitem]\n|-start|p2b: Roaring Moon|protosynthesisatk\n|\n|-heal|p1b: Ceruledge|56\/100|[from] item: Leftovers\n|upkeep\n|turn|2\n|\n|t:|1682120153\n|move|p1b: Ceruledge|Protect|p1b: Ceruledge\n|-singleturn|p1b: Ceruledge|Protect\n|move|p2a: Annihilape|Shadow Claw|p1b: Ceruledge\n|-activate|p1b: Ceruledge|move: Protect\n|move|p2b: Roaring Moon|Dragon Dance|p2b: Roaring Moon\n|-boost|p2b: Roaring Moon|atk|1\n|-boost|p2b: Roaring Moon|spe|1\n|move|p1a: Sableye|Foul Play|p2a: Annihilape\n|-damage|p2a: Annihilape|43\/100\n|\n|-heal|p1b: Ceruledge|63\/100|[from] item: Leftovers\n|upkeep\n|turn|3\n|\n|t:|1682120174\n|move|p1b: Ceruledge|Shadow Sneak|p2a: Annihilape\n|-supereffective|p2a: Annihilape\n|-damage|p2a: Annihilape|0 fnt\n|faint|p2a: Annihilape\n|move|p2b: Roaring Moon|Crunch|p1b: Ceruledge\n|-supereffective|p1b: Ceruledge\n|-damage|p1b: Ceruledge|0 fnt\n|faint|p1b: Ceruledge\n|move|p1a: Sableye|Foul Play|p2b: Roaring Moon\n|-resisted|p2b: Roaring Moon\n|-end|p2b: Roaring Moon|Substitute\n|\n|upkeep\n|\n|t:|1682120194\n|switch|p2a: Oricorio|Oricorio-Pom-Pom, L50, M|100\/100\n|switch|p1b: Chien-Pao|Chien-Pao, L50|100\/100\n|-ability|p1b: Chien-Pao|Sword of Ruin\n|turn|4\n|\n|t:|1682120209\n|-terastallize|p2a: Oricorio|Fire\n|move|p1a: Sableye|Light Screen|p1a: Sableye\n|-sidestart|p1: BoutEclipse|move: Light Screen\n|move|p2b: Roaring Moon|Dragon Dance|p2b: Roaring Moon\n|-boost|p2b: Roaring Moon|atk|1\n|-boost|p2b: Roaring Moon|spe|1\n|-activate|p2a: Oricorio|ability: Dancer\n|move|p2a: Oricorio|Dragon Dance|p2a: Oricorio|[from]ability: Dancer\n|-boost|p2a: Oricorio|atk|1\n|-boost|p2a: Oricorio|spe|1\n|move|p1b: Chien-Pao|Ice Spinner|p2b: Roaring Moon\n|-supereffective|p2b: Roaring Moon\n|-damage|p2b: Roaring Moon|0 fnt\n|faint|p2b: Roaring Moon\n|-end|p2b: Roaring Moon|Protosynthesis|[silent]\n|move|p2a: Oricorio|Revelation Dance|p1b: Chien-Pao\n|-supereffective|p1b: Chien-Pao\n|-damage|p1b: Chien-Pao|40\/100\n|\n|upkeep\n|\n|t:|1682120229\n|switch|p2b: Orthworm|Orthworm, L50, M|75\/100\n|turn|5\n|\n|t:|1682120243\n|move|p1b: Chien-Pao|Ice Spinner|p2b: Orthworm\n|-resisted|p2b: Orthworm\n|-damage|p2b: Orthworm|55\/100\n|move|p2a: Oricorio|Revelation Dance|p1b: Chien-Pao\n|-supereffective|p1b: Chien-Pao\n|-damage|p1b: Chien-Pao|0 fnt\n|faint|p1b: Chien-Pao\n|move|p2b: Orthworm|Heavy Slam|p1a: Sableye\n|-damage|p1a: Sableye|64\/100\n|move|p1a: Sableye|Foul Play|p2a: Oricorio\n|-damage|p2a: Oricorio|50\/100\n|\n|-heal|p2a: Oricorio|57\/100|[from] item: Leftovers\n|upkeep\n|\n|t:|1682120259\n|switch|p1b: Sylveon|Sylveon, L50, F|100\/100\n|turn|6\n|\n|t:|1682120284\n|move|p2a: Oricorio|Revelation Dance|p1a: Sableye\n|-damage|p1a: Sableye|43\/100\n|move|p2b: Orthworm|Heavy Slam|p1b: Sylveon\n|-supereffective|p1b: Sylveon\n|-damage|p1b: Sylveon|52\/100\n|move|p1b: Sylveon|Hyper Voice|p2a: Oricorio|[spread] p2a,p2b\n|-resisted|p2a: Oricorio\n|-resisted|p2b: Orthworm\n|-damage|p2a: Oricorio|41\/100\n|-damage|p2b: Orthworm|38\/100\n|-enditem|p1b: Sylveon|Throat Spray\n|-boost|p1b: Sylveon|spa|1|[from] item: Throat Spray\n|move|p1a: Sableye|Foul Play|p2b: Orthworm\n|-damage|p2b: Orthworm|15\/100\n|\n|-heal|p2a: Oricorio|47\/100|[from] item: Leftovers\n|upkeep\n|turn|7\n|l| Rickpv\n|\n|t:|1682120307\n|move|p2a: Oricorio|Revelation Dance|p1a: Sableye\n|-damage|p1a: Sableye|20\/100\n|move|p2b: Orthworm|Heavy Slam|p1b: Sylveon\n|-supereffective|p1b: Sylveon\n|-damage|p1b: Sylveon|0 fnt\n|faint|p1b: Sylveon\n|move|p1a: Sableye|Foul Play|p2a: Oricorio\n|-damage|p2a: Oricorio|0 fnt\n|faint|p2a: Oricorio\n|\n|upkeep\n|turn|8\n|\n|t:|1682120326\n|-terastallize|p1a: Sableye|Steel\n|move|p2b: Orthworm|Heavy Slam|p1a: Sableye\n|-resisted|p1a: Sableye\n|-damage|p1a: Sableye|2\/100\n|move|p1a: Sableye|Foul Play|p2b: Orthworm\n|-damage|p2b: Orthworm|0 fnt\n|faint|p2b: Orthworm\n|\n|win|BoutEclipse\n|raw|BoutEclipse's rating: 1090 → 1117<\/strong> (+27 for winning)\n|raw|Vee_Sketch's rating: 1103 → 1077<\/strong> (-26 for losing)\n","uploadtime":1682120340,"views":10,"p1id":"bouteclipse","p2id":"veesketch","formatid":"gen9vgc2023regulationc","rating":1077,"private":0,"password":""}