{"id":"gen9vgc2023regulationc-1856954993","p1":"TGH_sr","p2":"Insertable194","format":"[Gen 9] VGC 2023 Regulation C","log":"|j|\u2606TGH_sr\n|j|\u2606Insertable194\n|t:|1683130095\n|gametype|doubles\n|player|p1|TGH_sr|steven|1395\n|player|p2|Insertable194|hilbert-wonderlauncher|1465\n|teamsize|p1|6\n|teamsize|p2|6\n|gen|9\n|tier|[Gen 9] VGC 2023 Regulation C\n|rated|\n|rule|Species Clause: Limit one of each Pok\u00e9mon\n|rule|Item Clause: Limit one of each item\n|clearpoke\n|poke|p1|Talonflame, L50, M|\n|poke|p1|Garchomp, L50, F|\n|poke|p1|Tyranitar, L50, M|\n|poke|p1|Gyarados, L50, M|\n|poke|p1|Flutter Mane, L50|\n|poke|p1|Chi-Yu, L50|\n|poke|p2|Talonflame, L50, M|\n|poke|p2|Dragapult, L50, M|\n|poke|p2|Flutter Mane, L50|\n|poke|p2|Chien-Pao, L50|\n|poke|p2|Chi-Yu, L50|\n|poke|p2|Iron Bundle, L50|\n|teampreview|4\nInsertable194 has agreed to open team sheets.\nTGH_sr has agreed to open team sheets.\n|inactive|Battle timer is ON: inactive players will automatically lose when time's up. (requested by Insertable194)\n|\n|t:|1683130162\n|start\n|switch|p1a: Talonflame|Talonflame, L50, M|100\/100\n|switch|p1b: Flutter Mane|Flutter Mane, L50|100\/100\n|switch|p2a: Talonflame|Talonflame, L50, M|100\/100\n|switch|p2b: Chien-Pao|Chien-Pao, L50|100\/100\n|-ability|p2b: Chien-Pao|Sword of Ruin\n|turn|1\n|inactive|TGH_sr has 30 seconds left.\n|inactive|TGH_sr has 20 seconds left.\n|inactive|TGH_sr has 15 seconds left.\n|inactive|TGH_sr has 10 seconds left.\n|j| lgjrucn0999\n|\n|t:|1683130209\n|switch|p1a: Tyranitar|Tyranitar, L50, M|100\/100\n|-weather|Sandstorm|[from] ability: Sand Stream|[of] p1a: Tyranitar\n|move|p2b: Chien-Pao|Protect|p2b: Chien-Pao\n|-singleturn|p2b: Chien-Pao|Protect\n|move|p2a: Talonflame|Tailwind|p2a: Talonflame\n|-sidestart|p2: Insertable194|move: Tailwind\n|move|p1b: Flutter Mane|Moonblast|p2b: Chien-Pao\n|-activate|p2b: Chien-Pao|move: Protect\n|\n|-weather|Sandstorm|[upkeep]\n|-damage|p2b: Chien-Pao|95\/100|[from] Sandstorm\n|-damage|p2a: Talonflame|95\/100|[from] Sandstorm\n|-damage|p1b: Flutter Mane|95\/100|[from] Sandstorm\n|upkeep\n|turn|2\n|inactive|TGH_sr has 30 seconds left.\n|inactive|Insertable194 has 30 seconds left.\n|inactive|TGH_sr has 20 seconds left.\n|inactive|Insertable194 has 20 seconds left.\n|inactive|TGH_sr has 15 seconds left.\n|inactive|TGH_sr has 10 seconds left.\n|\n|t:|1683130257\n|-end|p1b: Flutter Mane|Protosynthesis|[silent]\n|switch|p1b: Talonflame|Talonflame, L50, M|100\/100\n|-terastallize|p1a: Tyranitar|Flying\n|move|p2b: Chien-Pao|Sacred Sword|p1a: Tyranitar\n|-resisted|p1a: Tyranitar\n|-crit|p1a: Tyranitar\n|-damage|p1a: Tyranitar|80\/100\n|move|p2a: Talonflame|Brave Bird|p1b: Talonflame\n|-damage|p1b: Talonflame|15\/100\n|-damage|p2a: Talonflame|62\/100|[from] Recoil\n|move|p1a: Tyranitar|Rock Slide|p2a: Talonflame|[spread] p2a,p2b\n|-supereffective|p2a: Talonflame\n|-supereffective|p2b: Chien-Pao\n|-damage|p2a: Talonflame|0 fnt\n|-damage|p2b: Chien-Pao|4\/100\n|faint|p2a: Talonflame\n|\n|-weather|Sandstorm|[upkeep]\n|-damage|p2b: Chien-Pao|0 fnt|[from] Sandstorm\n|-damage|p1b: Talonflame|9\/100|[from] Sandstorm\n|-damage|p1a: Tyranitar|74\/100|[from] Sandstorm\n|faint|p2b: Chien-Pao\n|upkeep\n|\n|t:|1683130262\n|switch|p2b: Dragapult|Dragapult, L50, M|100\/100\n|switch|p2a: Iron Bundle|Iron Bundle, L50|100\/100\n|-enditem|p2a: Iron Bundle|Booster Energy\n|-activate|p2a: Iron Bundle|ability: Quark Drive|[fromitem]\n|-start|p2a: Iron Bundle|quarkdrivespe\n|turn|3\n|inactive|TGH_sr has 30 seconds left.\n|inactive|Insertable194 has 30 seconds left.\n|inactive|TGH_sr has 20 seconds left.\n|inactive|TGH_sr has 15 seconds left.\n|inactive|TGH_sr has 10 seconds left.\n|inactive|TGH_sr has 5 seconds left.\n|\n|t:|1683130317\n|-terastallize|p2b: Dragapult|Ghost\n|move|p2a: Iron Bundle|Icy Wind|p1b: Talonflame|[spread] p1a,p1b\n|-supereffective|p1a: Tyranitar\n|-damage|p1a: Tyranitar|46\/100\n|-damage|p1b: Talonflame|0 fnt\n|-unboost|p1a: Tyranitar|spe|1\n|faint|p1b: Talonflame\n|move|p2b: Dragapult|Tera Blast|p1a: Tyranitar\n|-damage|p1a: Tyranitar|0 fnt\n|faint|p1a: Tyranitar\n|-damage|p2b: Dragapult|91\/100|[from] item: Life Orb\n|\n|-weather|Sandstorm|[upkeep]\n|-damage|p2a: Iron Bundle|94\/100|[from] Sandstorm\n|-damage|p2b: Dragapult|85\/100|[from] Sandstorm\n|upkeep\n|\n|t:|1683130331\n|switch|p1b: Flutter Mane|Flutter Mane, L50|95\/100\n|switch|p1a: Garchomp|Garchomp, L50, F|100\/100\n|turn|4\n|\n|t:|1683130346\n|move|p1a: Garchomp|Protect|p1a: Garchomp\n|-singleturn|p1a: Garchomp|Protect\n|move|p2a: Iron Bundle|Freeze-Dry|p1a: Garchomp\n|-activate|p1a: Garchomp|move: Protect\n|move|p2b: Dragapult|Tera Blast|p1b: Flutter Mane\n|-supereffective|p1b: Flutter Mane\n|-damage|p1b: Flutter Mane|0 fnt\n|faint|p1b: Flutter Mane\n|-end|p1b: Flutter Mane|Protosynthesis|[silent]\n|-damage|p2b: Dragapult|75\/100|[from] item: Life Orb\n|\n|-weather|Sandstorm|[upkeep]\n|-damage|p2a: Iron Bundle|88\/100|[from] Sandstorm\n|-damage|p2b: Dragapult|69\/100|[from] Sandstorm\n|-sideend|p2: Insertable194|move: Tailwind\n|upkeep\n|turn|5\n|\n|t:|1683130362\n|move|p2a: Iron Bundle|Freeze-Dry|p1a: Garchomp\n|-supereffective|p1a: Garchomp\n|-damage|p1a: Garchomp|0 fnt\n|faint|p1a: Garchomp\n|\n|win|Insertable194\n|raw|TGH_sr's rating: 1395 → 1379<\/strong> (-16 for losing)\n|raw|Insertable194's rating: 1465 → 1481<\/strong> (+16 for winning)\n","uploadtime":1683130370,"views":13,"p1id":"tghsr","p2id":"insertable194","formatid":"gen9vgc2023regulationc","rating":1379,"private":0,"password":""}