{"id":"gen9vgc2023regulationc-1860974411","p1":"error771","p2":"Geradifdorudini","format":"[Gen 9] VGC 2023 Regulation C","log":"|j|\u2606error771\n|j|\u2606Geradifdorudini\n|t:|1683706358\n|gametype|doubles\n|player|p1|error771|wallace|1119\n|player|p2|Geradifdorudini|lucas|1208\n|teamsize|p1|6\n|teamsize|p2|6\n|gen|9\n|tier|[Gen 9] VGC 2023 Regulation C\n|rated|\n|rule|Species Clause: Limit one of each Pok\u00e9mon\n|rule|Item Clause: Limit one of each item\n|clearpoke\n|poke|p1|Chien-Pao, L50|\n|poke|p1|Sableye, L50, M|\n|poke|p1|Ceruledge, L50, M|\n|poke|p1|Murkrow, L50, M|\n|poke|p1|Garchomp, L50, M|\n|poke|p1|Gholdengo, L50|\n|poke|p2|Garchomp, L50, F|\n|poke|p2|Corviknight, L50, M|\n|poke|p2|Flutter Mane, L50|\n|poke|p2|Chi-Yu, L50|\n|poke|p2|Gyarados, L50, M|\n|poke|p2|Amoonguss, L50, F|\n|teampreview|4\n|inactive|Battle timer is ON: inactive players will automatically lose when time's up. (requested by error771)\nerror771 has agreed to open team sheets.\nGeradifdorudini has agreed to open team sheets.\n|c|\u2606error771|gl hf\n|inactive|error771 has 60 seconds left.\n|inactive|Geradifdorudini has 60 seconds left.\n|inactive|Geradifdorudini has 30 seconds left.\n|\n|t:|1683706422\n|start\n|switch|p1a: Murkrow|Murkrow, L50, M|100\/100\n|switch|p1b: Ceruledge|Ceruledge, L50, M|100\/100\n|switch|p2a: Gyarados|Gyarados, L50, M|100\/100\n|switch|p2b: Corviknight|Corviknight, L50, M|100\/100\n|-ability|p2a: Gyarados|Intimidate|boost\n|-unboost|p1a: Murkrow|atk|1\n|-fail|p1b: Ceruledge|unboost|[from] item: Clear Amulet|[of] p1b: Ceruledge\n|turn|1\n|inactive|Geradifdorudini has 30 seconds left.\n|inactive|Geradifdorudini has 20 seconds left.\n|inactive|Geradifdorudini has 15 seconds left.\n|\n|t:|1683706464\n|-terastallize|p1b: Ceruledge|Grass\n|-terastallize|p2b: Corviknight|Dragon\n|move|p1a: Murkrow|Tailwind|p1a: Murkrow\n|-sidestart|p1: error771|move: Tailwind\n|move|p1b: Ceruledge|Bitter Blade|p2b: Corviknight\n|-resisted|p2b: Corviknight\n|-damage|p2b: Corviknight|80\/100\n|move|p2a: Gyarados|Taunt|p1a: Murkrow\n|-start|p1a: Murkrow|move: Taunt\n|move|p2b: Corviknight|Tailwind|p2b: Corviknight\n|-sidestart|p2: Geradifdorudini|move: Tailwind\n|\n|upkeep\n|turn|2\n|inactive|error771 has 30 seconds left.\n|\n|t:|1683706497\n|move|p1b: Ceruledge|Shadow Sneak|p2b: Corviknight\n|-damage|p2b: Corviknight|62\/100\n|move|p1a: Murkrow|Icy Wind|p2a: Gyarados|[spread] p2a,p2b\n|-supereffective|p2b: Corviknight\n|-damage|p2a: Gyarados|95\/100\n|-damage|p2b: Corviknight|49\/100\n|-unboost|p2a: Gyarados|spe|1\n|-ability|p2b: Corviknight|Mirror Armor\n|-unboost|p1a: Murkrow|spe|1\n|move|p2b: Corviknight|Brave Bird|p1b: Ceruledge\n|-supereffective|p1b: Ceruledge\n|-damage|p1b: Ceruledge|0 fnt\n|faint|p1b: Ceruledge\n|-damage|p2b: Corviknight|20\/100|[from] Recoil\n|move|p2a: Gyarados|Thunder Wave|p1a: Murkrow\n|-status|p1a: Murkrow|par\n|\n|upkeep\n|\n|t:|1683706513\n|switch|p1b: Garchomp|Garchomp, L50, M|100\/100\n|turn|3\n|\n|t:|1683706524\n|move|p1b: Garchomp|Rock Slide|p2b: Corviknight|[spread] p2a,p2b\n|-supereffective|p2a: Gyarados\n|-damage|p2a: Gyarados|46\/100\n|-damage|p2b: Corviknight|0 fnt\n|-enditem|p2a: Gyarados|Sitrus Berry|[eat]\n|-heal|p2a: Gyarados|71\/100|[from] item: Sitrus Berry\n|faint|p2b: Corviknight\n|-damage|p1b: Garchomp|91\/100|[from] item: Life Orb\n|cant|p2a: Gyarados|flinch\n|move|p1a: Murkrow|Icy Wind|p2a: Gyarados\n|-damage|p2a: Gyarados|62\/100\n|-unboost|p2a: Gyarados|spe|1\n|\n|upkeep\n|\n|t:|1683706545\n|switch|p2b: Garchomp|Garchomp, L50, F|100\/100\n|turn|4\n|\n|t:|1683706553\n|move|p2b: Garchomp|Dragon Claw|p1b: Garchomp\n|-supereffective|p1b: Garchomp\n|-damage|p1b: Garchomp|0 fnt\n|-damage|p2b: Garchomp|88\/100|[from] ability: Rough Skin|[of] p1b: Garchomp\n|faint|p1b: Garchomp\n|move|p2a: Gyarados|Waterfall|p1a: Murkrow\n|-damage|p1a: Murkrow|55\/100 par\n|cant|p1a: Murkrow|par\n|\n|-end|p1a: Murkrow|move: Taunt\n|-sideend|p1: error771|move: Tailwind\n|-sideend|p2: Geradifdorudini|move: Tailwind\n|upkeep\n|\n|t:|1683706566\n|switch|p1b: Chien-Pao|Chien-Pao, L50|100\/100\n|-ability|p1b: Chien-Pao|Sword of Ruin\n|turn|5\n|\n|t:|1683706581\n|move|p2b: Garchomp|Protect|p2b: Garchomp\n|-singleturn|p2b: Garchomp|Protect\n|move|p1a: Murkrow|Tailwind|p1a: Murkrow\n|-sidestart|p1: error771|move: Tailwind\n|move|p1b: Chien-Pao|Ice Spinner|p2a: Gyarados\n|-damage|p2a: Gyarados|19\/100\n|move|p2a: Gyarados|Thunder Wave|p1b: Chien-Pao\n|-status|p1b: Chien-Pao|par\n|\n|upkeep\n|turn|6\n|\n|t:|1683706603\n|move|p1b: Chien-Pao|Ice Spinner|p2b: Garchomp\n|-supereffective|p2b: Garchomp\n|-damage|p2b: Garchomp|0 fnt\n|-damage|p1b: Chien-Pao|88\/100 par|[from] ability: Rough Skin|[of] p2b: Garchomp\n|faint|p2b: Garchomp\n|move|p1a: Murkrow|Icy Wind|p2a: Gyarados\n|-crit|p2a: Gyarados\n|-damage|p2a: Gyarados|6\/100\n|-unboost|p2a: Gyarados|spe|1\n|move|p2a: Gyarados|Waterfall|p1a: Murkrow\n|-damage|p1a: Murkrow|0 fnt\n|faint|p1a: Murkrow\n|\n|upkeep\n|\n|t:|1683706607\n|switch|p2b: Chi-Yu|Chi-Yu, L50|100\/100\n|-ability|p2b: Chi-Yu|Beads of Ruin\n|turn|7\n|\n|t:|1683706618\n|cant|p1b: Chien-Pao|par\n|move|p2b: Chi-Yu|Heat Wave|p1b: Chien-Pao\n|-supereffective|p1b: Chien-Pao\n|-damage|p1b: Chien-Pao|0 fnt\n|faint|p1b: Chien-Pao\n|-damage|p2b: Chi-Yu|91\/100|[from] item: Life Orb\n|\n|win|Geradifdorudini\n|raw|error771's rating: 1119 → 1100<\/strong> (-19 for losing)\n|raw|Geradifdorudini's rating: 1208 → 1227<\/strong> (+19 for winning)\n|c|\u2606error771|gg wp\n|c|\u2606Geradifdorudini|ggs\n|l|\u2606error771\n||Ladder isn't responding, score probably updated but might not have (Request timeout).\n","uploadtime":1683706724,"views":17,"p1id":"error771","p2id":"geradifdorudini","formatid":"gen9vgc2023regulationc","rating":1100,"private":0,"password":""}