{"id":"gen9vgc2023regulationc-1845222223","p1":"Sandy_Simis","p2":"bostonl1","format":"[Gen 9] VGC 2023 Regulation C","log":"|j|\u2606Sandy_Simis\n|j|\u2606bostonl1\n|t:|1681698276\n|gametype|doubles\n|player|p1|Sandy_Simis|102|\n|player|p2|bostonl1|morty|\n|teamsize|p1|6\n|teamsize|p2|6\n|gen|9\n|tier|[Gen 9] VGC 2023 Regulation C\n|rule|Species Clause: Limit one of each Pok\u00e9mon\n|rule|Item Clause: Limit one of each item\n|clearpoke\n|poke|p1|Cetitan, L50, M|\n|poke|p1|Abomasnow, L50, M|\n|poke|p1|Chi-Yu, L50|\n|poke|p1|Maushold-Four, L50|\n|poke|p1|Flutter Mane, L50|\n|poke|p1|Gyarados, L50, F|\n|poke|p2|Breloom, L50, F|\n|poke|p2|Volcarona, L50, M|\n|poke|p2|Palafin, L50, F|\n|poke|p2|Chien-Pao, L50|\n|poke|p2|Dragonite, L50, M|\n|poke|p2|Ting-Lu, L50|\n|teampreview|4\n|c|\u2606bostonl1|g2\n|c|\u2606Sandy_Simis|Lmk when your good for g2\n|c|\u2606bostonl1|im good\n|c|\u2606Sandy_Simis|Kk glhf\n|j| Inazuma-Fulgur\n|\n|t:|1681699011\n|start\n|switch|p1a: Gyarados|Gyarados, L50, F|100\/100\n|switch|p1b: Abomasnow|Abomasnow, L50, M|100\/100\n|switch|p2a: Volcarona|Volcarona, L50, M|100\/100\n|switch|p2b: BBloom|Breloom, L50, F|100\/100\n|-ability|p1a: Gyarados|Intimidate|boost\n|-unboost|p2a: Volcarona|atk|1\n|-unboost|p2b: BBloom|atk|1\n|-weather|Snow|[from] ability: Snow Warning|[of] p1b: Abomasnow\n|turn|1\n|\n|t:|1681699103\n|-terastallize|p2a: Volcarona|Water\n|move|p2a: Volcarona|Rage Powder|p2a: Volcarona\n|-singleturn|p2a: Volcarona|move: Rage Powder\n|move|p1a: Gyarados|Dragon Dance|p1a: Gyarados\n|-boost|p1a: Gyarados|atk|1\n|-boost|p1a: Gyarados|spe|1\n|move|p2b: BBloom|Bullet Seed|p1b: Abomasnow\n|-resisted|p1b: Abomasnow\n|-damage|p1b: Abomasnow|95\/100\n|-resisted|p1b: Abomasnow\n|-damage|p1b: Abomasnow|89\/100\n|-hitcount|p1b: Abomasnow|2\n|move|p1b: Abomasnow|Blizzard|p2a: Volcarona|[spread] p2a,p2b\n|-resisted|p2a: Volcarona\n|-supereffective|p2b: BBloom\n|-damage|p2a: Volcarona|87\/100\n|-enditem|p2b: BBloom|Focus Sash\n|-damage|p2b: BBloom|1\/100\n|\n|-weather|Snow|[upkeep]\n|upkeep\n|turn|2\n|\n|t:|1681699178\n|-terastallize|p1a: Gyarados|Flying\n|move|p2a: Volcarona|Rage Powder|p2a: Volcarona\n|-singleturn|p2a: Volcarona|move: Rage Powder\n|move|p1a: Gyarados|Tera Blast|p2a: Volcarona\n|-damage|p2a: Volcarona|5\/100\n|move|p2b: BBloom|Spore|p1a: Gyarados\n|-status|p1a: Gyarados|slp|[from] move: Spore\n|move|p1b: Abomasnow|Blizzard|p2b: BBloom|[spread] p2a,p2b\n|-resisted|p2a: Volcarona\n|-supereffective|p2b: BBloom\n|-damage|p2a: Volcarona|0 fnt\n|-damage|p2b: BBloom|0 fnt\n|faint|p2a: Volcarona\n|faint|p2b: BBloom\n|\n|-weather|Snow|[upkeep]\n|upkeep\n|\n|t:|1681699187\n|switch|p2a: Bowl|Ting-Lu, L50|100\/100\n|switch|p2b: Dragonite|Dragonite, L50, M|100\/100\n|-ability|p2a: Bowl|Vessel of Ruin\n|turn|3\n|\n|t:|1681699199\n|cant|p1a: Gyarados|slp\n|move|p2b: Dragonite|Protect|p2b: Dragonite\n|-singleturn|p2b: Dragonite|Protect\n|move|p1b: Abomasnow|Aurora Veil|p1b: Abomasnow\n|-sidestart|p1: Sandy_Simis|move: Aurora Veil\n|move|p2a: Bowl|Rock Tomb|p1a: Gyarados\n|-supereffective|p1a: Gyarados\n|-damage|p1a: Gyarados|69\/100 slp\n|-unboost|p1a: Gyarados|spe|1\n|\n|-weather|Snow|[upkeep]\n|-heal|p1a: Gyarados|76\/100 slp|[from] item: Leftovers\n|upkeep\n|turn|4\n|\n|t:|1681699215\n|switch|p1a: Maushold|Maushold-Four, L50|100\/100\n|move|p2b: Dragonite|Extreme Speed|p1a: Maushold\n|-damage|p1a: Maushold|76\/100\n|move|p1b: Abomasnow|Blizzard|p2a: Bowl|[spread] p2a,p2b\n|-supereffective|p2a: Bowl\n|-supereffective|p2b: Dragonite\n|-damage|p2a: Bowl|71\/100\n|-damage|p2b: Dragonite|20\/100\n|move|p2a: Bowl|Rock Tomb|p1b: Abomasnow\n|-supereffective|p1b: Abomasnow\n|-damage|p1b: Abomasnow|72\/100\n|-unboost|p1b: Abomasnow|spe|1\n|\n|-weather|Snow|[upkeep]\n|-heal|p2a: Bowl|77\/100|[from] item: Leftovers\n|upkeep\n|turn|5\n|\n|t:|1681699231\n|move|p2b: Dragonite|Protect|p2b: Dragonite\n|-singleturn|p2b: Dragonite|Protect\n|move|p2a: Bowl|Protect|p2a: Bowl\n|-singleturn|p2a: Bowl|Protect\n|move|p1a: Maushold|Population Bomb|p2a: Bowl\n|-activate|p2a: Bowl|move: Protect\n|move|p1b: Abomasnow|Blizzard|p2a: Bowl|[spread] \n|-activate|p2a: Bowl|move: Protect\n|-activate|p2b: Dragonite|move: Protect\n|\n|-weather|none\n|-heal|p2a: Bowl|83\/100|[from] item: Leftovers\n|upkeep\n|turn|6\n|\n|t:|1681699244\n|move|p2b: Dragonite|Extreme Speed|p1a: Maushold\n|-damage|p1a: Maushold|53\/100\n|move|p1a: Maushold|Population Bomb|p2b: Dragonite\n|-damage|p2b: Dragonite|13\/100\n|-damage|p2b: Dragonite|7\/100\n|-damage|p2b: Dragonite|0 fnt\n|faint|p2b: Dragonite\n|-hitcount|p2: Dragonite|3\n|move|p1b: Abomasnow|Energy Ball|p2a: Bowl\n|-supereffective|p2a: Bowl\n|-damage|p2a: Bowl|48\/100\n|move|p2a: Bowl|Rock Tomb|p1b: Abomasnow\n|-supereffective|p1b: Abomasnow\n|-damage|p1b: Abomasnow|50\/100\n|-unboost|p1b: Abomasnow|spe|1\n|\n|-heal|p2a: Bowl|54\/100|[from] item: Leftovers\n|upkeep\n|turn|7\n|inactive|Battle timer is ON: inactive players will automatically lose when time's up. (requested by bostonl1)\n|\n|t:|1681699254\n|move|p1a: Maushold|Population Bomb|p2a: Bowl\n|-damage|p2a: Bowl|50\/100\n|-damage|p2a: Bowl|47\/100\n|-damage|p2a: Bowl|43\/100\n|-damage|p2a: Bowl|39\/100\n|-damage|p2a: Bowl|36\/100\n|-damage|p2a: Bowl|32\/100\n|-damage|p2a: Bowl|28\/100\n|-damage|p2a: Bowl|25\/100\n|-damage|p2a: Bowl|22\/100\n|-damage|p2a: Bowl|18\/100\n|-hitcount|p2a: Bowl|10\n|move|p2a: Bowl|Rock Tomb|p1b: Abomasnow\n|-supereffective|p1b: Abomasnow\n|-damage|p1b: Abomasnow|29\/100\n|-unboost|p1b: Abomasnow|spe|1\n|move|p1b: Abomasnow|Energy Ball|p2a: Bowl\n|-supereffective|p2a: Bowl\n|-damage|p2a: Bowl|0 fnt\n|faint|p2a: Bowl\n|\n|win|Sandy_Simis\n|l|\u2606bostonl1\n|c|\u2606Sandy_Simis|Ggs\n","uploadtime":1681699286,"views":17,"p1id":"sandysimis","p2id":"bostonl1","formatid":"gen9vgc2023regulationc","rating":0,"private":0,"password":""}