{"id":"gen9vgc2023regulationc-1850323357","p1":"RandomDuVGCFR","p2":"GucciSoup","format":"[Gen 9] VGC 2023 Regulation C","log":"|j|\u2606RandomDuVGCFR\n|j|\u2606GucciSoup\n|t:|1682318101\n|gametype|doubles\n|player|p1|RandomDuVGCFR|170|1454\n|player|p2|GucciSoup|wallace|1417\n|teamsize|p1|6\n|teamsize|p2|6\n|gen|9\n|tier|[Gen 9] VGC 2023 Regulation C\n|rated|\n|rule|Species Clause: Limit one of each Pok\u00e9mon\n|rule|Item Clause: Limit one of each item\n|clearpoke\n|poke|p1|Great Tusk, L50|\n|poke|p1|Gothitelle, L50, F|\n|poke|p1|Iron Bundle, L50|\n|poke|p1|Flutter Mane, L50|\n|poke|p1|Tyranitar, L50, M|\n|poke|p1|Talonflame, L50, M|\n|poke|p2|Arboliva, L50, F|\n|poke|p2|Chi-Yu, L50|\n|poke|p2|Dachsbun, L50, F|\n|poke|p2|Palafin, L50, M|\n|poke|p2|Baxcalibur, L50, M|\n|poke|p2|Scream Tail, L50|\n|teampreview|4\n|\n|t:|1682318123\n|start\n|switch|p1a: High Priest|Gothitelle, L50, F|100\/100\n|switch|p1b: DeaconTyrant|Tyranitar, L50, M|100\/100\n|switch|p2a: Mochi|Scream Tail, L50|100\/100\n|switch|p2b: Starkist|Palafin, L50, M|100\/100\n|-weather|Sandstorm|[from] ability: Sand Stream|[of] p1b: DeaconTyrant\n|-enditem|p2a: Mochi|Booster Energy\n|-activate|p2a: Mochi|ability: Protosynthesis|[fromitem]\n|-start|p2a: Mochi|protosynthesisspe\n|turn|1\n|\n|t:|1682318171\n|-terastallize|p2a: Mochi|Ghost\n|move|p1a: High Priest|Fake Out|p2b: Starkist\n|-damage|p2b: Starkist|95\/100\n|move|p2a: Mochi|Encore|p1a: High Priest\n|-start|p1a: High Priest|Encore\n|cant|p2b: Starkist|flinch\n|move|p1b: DeaconTyrant|Heavy Slam|p2a: Mochi\n|-damage|p2a: Mochi|65\/100\n|\n|-weather|Sandstorm|[upkeep]\n|-damage|p2a: Mochi|59\/100|[from] Sandstorm\n|-damage|p1a: High Priest|95\/100|[from] Sandstorm\n|upkeep\n|turn|2\n|\n|t:|1682318189\n|switch|p1b: Great Trunks|Great Tusk, L50|100\/100\n|switch|p1a: Bishop Mane|Flutter Mane, L50|100\/100\n|move|p2a: Mochi|Howl|p2a: Mochi|[spread] p2a,p2b\n|-boost|p2a: Mochi|atk|1\n|-boost|p2b: Starkist|atk|1\n|move|p2b: Starkist|Bulk Up|p2b: Starkist\n|-boost|p2b: Starkist|atk|1\n|-boost|p2b: Starkist|def|1\n|\n|-weather|Sandstorm|[upkeep]\n|-damage|p2a: Mochi|53\/100|[from] Sandstorm\n|-damage|p1a: Bishop Mane|95\/100|[from] Sandstorm\n|upkeep\n|turn|3\n|\n|t:|1682318235\n|-end|p1b: Great Trunks|Protosynthesis|[silent]\n|switch|p1b: High Priest|Gothitelle, L50, F|95\/100\n|-terastallize|p1a: Bishop Mane|Water\n|move|p2b: Starkist|Jet Punch|p1a: Bishop Mane\n|-resisted|p1a: Bishop Mane\n|-damage|p1a: Bishop Mane|67\/100\n|move|p2a: Mochi|Play Rough|p1a: Bishop Mane\n|-damage|p1a: Bishop Mane|16\/100\n|move|p1a: Bishop Mane|Thunderbolt|p2b: Starkist\n|-supereffective|p2b: Starkist\n|-damage|p2b: Starkist|0 fnt\n|faint|p2b: Starkist\n|\n|-weather|Sandstorm|[upkeep]\n|-damage|p2a: Mochi|47\/100|[from] Sandstorm\n|-damage|p1a: Bishop Mane|10\/100|[from] Sandstorm\n|-damage|p1b: High Priest|89\/100|[from] Sandstorm\n|upkeep\n|\n|t:|1682318251\n|switch|p2b: Need More Thyme|Arboliva, L50, F|100\/100\n|turn|4\n|\n|t:|1682318262\n|move|p2a: Mochi|Play Rough|p1a: Bishop Mane\n|-damage|p1a: Bishop Mane|0 fnt\n|faint|p1a: Bishop Mane\n|-end|p1a: Bishop Mane|Protosynthesis|[silent]\n|move|p1b: High Priest|Thunder Wave|p2a: Mochi\n|-status|p2a: Mochi|par\n|move|p2b: Need More Thyme|Pollen Puff|p2a: Mochi\n|-heal|p2a: Mochi|97\/100 par\n|\n|-weather|Sandstorm|[upkeep]\n|-damage|p2a: Mochi|91\/100 par|[from] Sandstorm\n|-damage|p1b: High Priest|83\/100|[from] Sandstorm\n|-damage|p2b: Need More Thyme|95\/100|[from] Sandstorm\n|upkeep\n|\n|t:|1682318273\n|switch|p1a: DeaconTyrant|Tyranitar, L50, M|100\/100\n|turn|5\n|\n|t:|1682318295\n|switch|p1b: Great Trunks|Great Tusk, L50|100\/100\n|cant|p2a: Mochi|par\n|move|p1a: DeaconTyrant|Rock Slide|p2b: Need More Thyme|[spread] p2a,p2b\n|-damage|p2a: Mochi|63\/100 par\n|-damage|p2b: Need More Thyme|70\/100\n|-fieldstart|move: Grassy Terrain|[from] ability: Seed Sower|[of] p2b: Need More Thyme\n|cant|p2b: Need More Thyme|flinch\n|\n|-weather|none\n|-heal|p2a: Mochi|69\/100 par|[from] Grassy Terrain\n|-heal|p2b: Need More Thyme|76\/100|[from] Grassy Terrain\n|upkeep\n|turn|6\n|\n|t:|1682318318\n|move|p1b: Great Trunks|Close Combat|p2b: Need More Thyme\n|-supereffective|p2b: Need More Thyme\n|-damage|p2b: Need More Thyme|0 fnt\n|-unboost|p1b: Great Trunks|def|1\n|-unboost|p1b: Great Trunks|spd|1\n|-damage|p1b: Great Trunks|84\/100|[from] item: Rocky Helmet|[of] p2b: Need More Thyme\n|faint|p2b: Need More Thyme\n|-damage|p1b: Great Trunks|74\/100|[from] item: Life Orb\n|move|p2a: Mochi|Thunder Wave|p1a: DeaconTyrant\n|-status|p1a: DeaconTyrant|par\n|cant|p1a: DeaconTyrant|par\n|\n|-heal|p1b: Great Trunks|80\/100|[from] Grassy Terrain\n|-heal|p2a: Mochi|75\/100 par|[from] Grassy Terrain\n|upkeep\n|\n|t:|1682318321\n|switch|p2b: Bomb Pop|Baxcalibur, L50, M|100\/100\n|turn|7\n|\n|t:|1682318356\n|-end|p1b: Great Trunks|Protosynthesis|[silent]\n|switch|p1b: High Priest|Gothitelle, L50, F|83\/100\n|move|p2a: Mochi|Play Rough|p1b: High Priest\n|-damage|p1b: High Priest|55\/100\n|move|p2b: Bomb Pop|Glaive Rush|p1a: DeaconTyrant\n|-damage|p1a: DeaconTyrant|47\/100 par\n|-singlemove|p2b: Bomb Pop|Glaive Rush|[silent]\n|move|p1a: DeaconTyrant|Rock Slide|p2b: Bomb Pop|[spread] p2a,p2b\n|-supereffective|p2b: Bomb Pop\n|-damage|p2a: Mochi|49\/100 par\n|-damage|p2b: Bomb Pop|0 fnt\n|faint|p2b: Bomb Pop\n|\n|-heal|p2a: Mochi|55\/100 par|[from] Grassy Terrain\n|-heal|p1b: High Priest|61\/100|[from] Grassy Terrain\n|-heal|p1a: DeaconTyrant|53\/100 par|[from] Grassy Terrain\n|upkeep\n|turn|8\n|-message|GucciSoup forfeited.\n|\n|win|RandomDuVGCFR\n|raw|RandomDuVGCFR's rating: 1454 → 1471<\/strong> (+17 for winning)\n|raw|GucciSoup's rating: 1395 → 1378<\/strong> (-17 for losing)\n|l|\u2606GucciSoup\n|l|\u2606RandomDuVGCFR\n","uploadtime":1682318445,"views":30,"p1id":"randomduvgcfr","p2id":"guccisoup","formatid":"gen9vgc2023regulationc","rating":1378,"private":0,"password":""}