{"id":"gen9vgc2023regulationc-1849921821","p1":"AFissure4GdMeasure","p2":"Davi_brangioni","format":"[Gen 9] VGC 2023 Regulation C","log":"|j|\u2606AFissure4GdMeasure\n|j|\u2606Davi_brangioni\n|t:|1682268374\n|gametype|doubles\n|player|p1|AFissure4GdMeasure|veteran|1220\n|player|p2|Davi_brangioni|hilbert|1124\n|teamsize|p1|6\n|teamsize|p2|6\n|gen|9\n|tier|[Gen 9] VGC 2023 Regulation C\n|rated|\n|rule|Species Clause: Limit one of each Pok\u00e9mon\n|rule|Item Clause: Limit one of each item\n|clearpoke\n|poke|p1|Gothitelle, L50, F|\n|poke|p1|Amoonguss, L50, F|\n|poke|p1|Flutter Mane, L50|\n|poke|p1|Gastrodon, L50, F|\n|poke|p1|Volcarona, L50, M|\n|poke|p1|Iron Hands, L50|\n|poke|p2|Chi-Yu, L50|\n|poke|p2|Dachsbun, L50, F|\n|poke|p2|Flutter Mane, L50|\n|poke|p2|Wo-Chien, L50|\n|poke|p2|Magnezone, L50|\n|poke|p2|Tauros-Paldea-Aqua, L50, M|\n|teampreview|4\n|inactive|Battle timer is ON: inactive players will automatically lose when time's up. (requested by Davi_brangioni)\nAFissure4GdMeasure has agreed to open team sheets.\n|inactive|Davi_brangioni has 60 seconds left.\n|\n|t:|1682268423\n|start\n|switch|p1a: Gothitelle|Gothitelle, L50, F|100\/100\n|switch|p1b: Amoonguss|Amoonguss, L50, F|100\/100\n|switch|p2a: Chi-Yu|Chi-Yu, L50|100\/100\n|switch|p2b: Dachsbun|Dachsbun, L50, F|100\/100\n|-ability|p2a: Chi-Yu|Beads of Ruin\n|turn|1\n|c|\u2606AFissure4GdMeasure|lava plume?\n|inactive|Davi_brangioni has 30 seconds left.\n|inactive|Davi_brangioni has 20 seconds left.\n|\n|t:|1682268461\n|move|p1a: Gothitelle|Fake Out|p2a: Chi-Yu\n|-damage|p2a: Chi-Yu|91\/100\n|cant|p2a: Chi-Yu|flinch\n|move|p2b: Dachsbun|Yawn|p1b: Amoonguss\n|-start|p1b: Amoonguss|move: Yawn|[of] p2b: Dachsbun\n|move|p1b: Amoonguss|Spore|p2a: Chi-Yu\n|-status|p2a: Chi-Yu|slp|[from] move: Spore\n|\n|upkeep\n|turn|2\n|\n|t:|1682268481\n|switch|p1b: Iron Hands|Iron Hands, L50|100\/100\n|move|p2b: Dachsbun|Protect|p2b: Dachsbun\n|-singleturn|p2b: Dachsbun|Protect\n|cant|p2a: Chi-Yu|slp\n|move|p1a: Gothitelle|Trick Room|p1a: Gothitelle\n|-fieldstart|move: Trick Room|[of] p1a: Gothitelle\n|\n|upkeep\n|turn|3\n|c|\u2606AFissure4GdMeasure|u should\u2019ve yawned again tbh\n|\n|t:|1682268495\n|move|p1b: Iron Hands|Drain Punch|p2a: Chi-Yu\n|-supereffective|p2a: Chi-Yu\n|-damage|p2a: Chi-Yu|0 fnt\n|faint|p2a: Chi-Yu\n|move|p1a: Gothitelle|Psychic|p2b: Dachsbun\n|-damage|p2b: Dachsbun|58\/100\n|move|p2b: Dachsbun|Yawn|p1b: Iron Hands\n|-start|p1b: Iron Hands|move: Yawn|[of] p2b: Dachsbun\n|\n|-heal|p2b: Dachsbun|65\/100|[from] item: Leftovers\n|upkeep\n|\n|t:|1682268509\n|switch|p2a: Flutter Mane|Flutter Mane, L50|100\/100\n|turn|4\n|\n|t:|1682268528\n|switch|p1a: Amoonguss|Amoonguss, L50, F|100\/100\n|-terastallize|p2a: Flutter Mane|Fairy\n|move|p1b: Iron Hands|Volt Switch|p2a: Flutter Mane\n|-damage|p2a: Flutter Mane|87\/100\n|\n|t:|1682268535\n|-end|p1b: Iron Hands|Quark Drive|[silent]\n|switch|p1b: Gothitelle|Gothitelle, L50, F|100\/100|[from] Volt Switch\n|move|p2b: Dachsbun|Body Press|p1b: Gothitelle\n|-resisted|p1b: Gothitelle\n|-damage|p1b: Gothitelle|87\/100\n|move|p2a: Flutter Mane|Dazzling Gleam|p1b: Gothitelle|[spread] p1a,p1b\n|-resisted|p1a: Amoonguss\n|-damage|p1a: Amoonguss|81\/100\n|-damage|p1b: Gothitelle|56\/100\n|\n|-heal|p2b: Dachsbun|71\/100|[from] item: Leftovers\n|upkeep\n|turn|5\n|\n|t:|1682268550\n|move|p2b: Dachsbun|Protect|p2b: Dachsbun\n|-singleturn|p2b: Dachsbun|Protect\n|move|p1b: Gothitelle|Fake Out|p2b: Dachsbun\n|-activate|p2b: Dachsbun|move: Protect\n|move|p1a: Amoonguss|Spore|p2a: Flutter Mane\n|-status|p2a: Flutter Mane|slp|[from] move: Spore\n|cant|p2a: Flutter Mane|slp\n|\n|-heal|p2b: Dachsbun|77\/100|[from] item: Leftovers\n|upkeep\n|turn|6\n|inactive|Davi_brangioni has 30 seconds left.\n|c|\u2606AFissure4GdMeasure|run av dachsbun trust me bro\n|inactive|Davi_brangioni has 20 seconds left.\n|c|\u2606AFissure4GdMeasure|or howl\n|inactive|Davi_brangioni has 15 seconds left.\n|\n|t:|1682268591\n|switch|p1b: Iron Hands|Iron Hands, L50|100\/100\n|move|p1a: Amoonguss|Spore|p2b: Dachsbun\n|-status|p2b: Dachsbun|slp|[from] move: Spore\n|cant|p2b: Dachsbun|slp\n|cant|p2a: Flutter Mane|slp\n|\n|-heal|p2b: Dachsbun|83\/100 slp|[from] item: Leftovers\n|-fieldend|move: Trick Room\n|upkeep\n|turn|7\n|inactive|Davi_brangioni has 30 seconds left.\n|inactive|Davi_brangioni has 20 seconds left.\n|\n|t:|1682268630\n|move|p1a: Amoonguss|Rage Powder|p1a: Amoonguss\n|-singleturn|p1a: Amoonguss|move: Rage Powder\n|-curestatus|p2a: Flutter Mane|slp|[msg]\n|move|p2a: Flutter Mane|Moonblast|p1a: Amoonguss\n|-resisted|p1a: Amoonguss\n|-damage|p1a: Amoonguss|52\/100\n|cant|p2b: Dachsbun|slp\n|move|p1b: Iron Hands|Heavy Slam|p2a: Flutter Mane\n|-supereffective|p2a: Flutter Mane\n|-damage|p2a: Flutter Mane|0 fnt\n|faint|p2a: Flutter Mane\n|-end|p2a: Flutter Mane|Protosynthesis|[silent]\n|\n|-heal|p2b: Dachsbun|89\/100 slp|[from] item: Leftovers\n|upkeep\n|\n|t:|1682268649\n|switch|p2a: Tauros|Tauros-Paldea-Aqua, L50, M|100\/100\n|-ability|p2a: Tauros|Intimidate|boost\n|-unboost|p1a: Amoonguss|atk|1\n|-unboost|p1b: Iron Hands|atk|1\n|turn|8\n|\n|t:|1682268657\n|move|p2a: Tauros|Protect|p2a: Tauros\n|-singleturn|p2a: Tauros|Protect\n|cant|p2b: Dachsbun|slp\n|move|p1b: Iron Hands|Heavy Slam|p2b: Dachsbun\n|-supereffective|p2b: Dachsbun\n|-damage|p2b: Dachsbun|44\/100 slp\n|move|p1a: Amoonguss|Spore|p2a: Tauros\n|-activate|p2a: Tauros|move: Protect\n|\n|-heal|p2b: Dachsbun|50\/100 slp|[from] item: Leftovers\n|upkeep\n|turn|9\n|inactive|Davi_brangioni has 30 seconds left.\n|\n|t:|1682268686\n|move|p1a: Amoonguss|Rage Powder|p1a: Amoonguss\n|-singleturn|p1a: Amoonguss|move: Rage Powder\n|move|p2a: Tauros|Close Combat|p1a: Amoonguss\n|-resisted|p1a: Amoonguss\n|-crit|p1a: Amoonguss\n|-damage|p1a: Amoonguss|6\/100\n|-unboost|p2a: Tauros|def|1\n|-unboost|p2a: Tauros|spd|1\n|-damage|p2a: Tauros|84\/100|[from] item: Rocky Helmet|[of] p1a: Amoonguss\n|-damage|p2a: Tauros|74\/100|[from] item: Life Orb\n|-curestatus|p2b: Dachsbun|slp|[msg]\n|move|p2b: Dachsbun|Yawn|p1a: Amoonguss\n|-start|p1a: Amoonguss|move: Yawn|[of] p2b: Dachsbun\n|move|p1b: Iron Hands|Volt Switch|p2b: Dachsbun\n|-damage|p2b: Dachsbun|33\/100\n|\n|t:|1682268694\n|-end|p1b: Iron Hands|Quark Drive|[silent]\n|switch|p1b: Flutter Mane|Flutter Mane, L50|100\/100|[from] Volt Switch\n|\n|-heal|p2b: Dachsbun|40\/100|[from] item: Leftovers\n|upkeep\n|turn|10\n|\n|t:|1682268712\n|switch|p1a: Gothitelle|Gothitelle, L50, F|56\/100\n|move|p1b: Flutter Mane|Protect|p1b: Flutter Mane\n|-singleturn|p1b: Flutter Mane|Protect\n|move|p2a: Tauros|Raging Bull|p1b: Flutter Mane\n|-activate|p1b: Flutter Mane|move: Protect\n|move|p2b: Dachsbun|Snarl|p1a: Gothitelle|[spread] \n|-activate|p1b: Flutter Mane|move: Protect\n|-miss|p2b: Dachsbun|p1a: Gothitelle\n|\n|-heal|p2b: Dachsbun|46\/100|[from] item: Leftovers\n|upkeep\n|turn|11\n|\n|t:|1682268729\n|-terastallize|p1b: Flutter Mane|Fairy\n|move|p1a: Gothitelle|Fake Out|p2a: Tauros\n|-damage|p2a: Tauros|64\/100\n|move|p1b: Flutter Mane|Dazzling Gleam|p2a: Tauros|[spread] p2a,p2b\n|-supereffective|p2a: Tauros\n|-damage|p2a: Tauros|0 fnt\n|-damage|p2b: Dachsbun|0 fnt\n|faint|p2a: Tauros\n|faint|p2b: Dachsbun\n|\n|win|AFissure4GdMeasure\n|raw|AFissure4GdMeasure's rating: 1220 → 1238<\/strong> (+18 for winning)\n|raw|Davi_brangioni's rating: 1124 → 1106<\/strong> (-18 for losing)\n|c|\u2606AFissure4GdMeasure|gg\n|l|\u2606Davi_brangioni\n","uploadtime":1682268742,"views":10,"p1id":"afissure4gdmeasure","p2id":"davibrangioni","formatid":"gen9vgc2023regulationc","rating":1106,"private":0,"password":""}