{"id":"gen9vgc2023regulationc-1852506953","p1":"RedLantern2063","p2":"OrionSeas","format":"[Gen 9] VGC 2023 Regulation C","log":"|j|\u2606RedLantern2063\n|j|\u2606OrionSeas\n|t:|1682566857\n|gametype|doubles\n|player|p1|RedLantern2063|rocketgrunt|\n|player|p2|OrionSeas|pilot|\n|teamsize|p1|6\n|teamsize|p2|6\n|gen|9\n|tier|[Gen 9] VGC 2023 Regulation C\n|rule|Species Clause: Limit one of each Pok\u00e9mon\n|rule|Item Clause: Limit one of each item\n|clearpoke\n|poke|p1|Breloom, L50, F|\n|poke|p1|Chien-Pao, L50|\n|poke|p1|Amoonguss, L50, M|\n|poke|p1|Mimikyu, L50, M|\n|poke|p1|Chi-Yu, L50|\n|poke|p1|Glimmora, L50, F|\n|poke|p2|Breloom, L50, M|\n|poke|p2|Mimikyu, L50, F|\n|poke|p2|Ting-Lu, L50|\n|poke|p2|Flutter Mane, L50|\n|poke|p2|Glimmora, L50, M|\n|poke|p2|Arcanine, L50, F|\n|teampreview|4\nOrionSeas has agreed to open team sheets.\nRedLantern2063 has agreed to open team sheets.\n|\n|t:|1682566908\n|start\n|switch|p1a: Chien-Pao|Chien-Pao, L50|100\/100\n|switch|p1b: Breloom|Breloom, L50, F|100\/100\n|switch|p2a: Breloom|Breloom, L50, M|100\/100\n|switch|p2b: Flutter Mane|Flutter Mane, L50|100\/100\n|-ability|p1a: Chien-Pao|Sword of Ruin\n|-enditem|p2b: Flutter Mane|Booster Energy\n|-activate|p2b: Flutter Mane|ability: Protosynthesis|[fromitem]\n|-start|p2b: Flutter Mane|protosynthesisspa\n|turn|1\n|\n|t:|1682566960\n|-terastallize|p2a: Breloom|Water\n|move|p1b: Breloom|Protect|p1b: Breloom\n|-singleturn|p1b: Breloom|Protect\n|move|p2a: Breloom|Mach Punch|p1a: Chien-Pao\n|-supereffective|p1a: Chien-Pao\n|-enditem|p1a: Chien-Pao|Focus Sash\n|-damage|p1a: Chien-Pao|1\/100\n|move|p1a: Chien-Pao|Ice Spinner|p2b: Flutter Mane\n|-damage|p2b: Flutter Mane|35\/100\n|move|p2b: Flutter Mane|Dazzling Gleam|p1b: Breloom|[spread] p1a\n|-activate|p1b: Breloom|move: Protect\n|-supereffective|p1a: Chien-Pao\n|-damage|p1a: Chien-Pao|0 fnt\n|faint|p1a: Chien-Pao\n|\n|upkeep\n|\n|t:|1682566974\n|switch|p1a: Chi-Yu|Chi-Yu, L50|100\/100\n|-ability|p1a: Chi-Yu|Beads of Ruin\n|turn|2\n|\n|t:|1682567027\n|-end|p2b: Flutter Mane|Protosynthesis|[silent]\n|switch|p2b: Glimmora|Glimmora, L50, M|100\/100\n|switch|p2a: Arcanine|Arcanine, L50, F|100\/100\n|-ability|p2a: Arcanine|Intimidate|boost\n|-unboost|p1a: Chi-Yu|atk|1\n|-unboost|p1b: Breloom|atk|1\n|-terastallize|p1a: Chi-Yu|Water\n|move|p1a: Chi-Yu|Dark Pulse|p2b: Glimmora\n|-damage|p2b: Glimmora|17\/100\n|-damage|p1a: Chi-Yu|90\/100|[from] item: Life Orb\n|move|p1b: Breloom|Bullet Seed|p2a: Arcanine\n|-resisted|p2a: Arcanine\n|-damage|p2a: Arcanine|93\/100\n|-resisted|p2a: Arcanine\n|-damage|p2a: Arcanine|85\/100\n|-resisted|p2a: Arcanine\n|-damage|p2a: Arcanine|78\/100\n|-resisted|p2a: Arcanine\n|-damage|p2a: Arcanine|70\/100\n|-hitcount|p2a: Arcanine|4\n|\n|upkeep\n|turn|3\n|\n|t:|1682567082\n|move|p2b: Glimmora|Spiky Shield|p2b: Glimmora\n|-singleturn|p2b: Glimmora|move: Protect\n|move|p1b: Breloom|Protect|p1b: Breloom\n|-singleturn|p1b: Breloom|Protect\n|move|p2a: Arcanine|Extreme Speed|p1a: Chi-Yu\n|-damage|p1a: Chi-Yu|49\/100\n|move|p1a: Chi-Yu|Heat Wave|p2b: Glimmora|[spread] p2a\n|-activate|p2b: Glimmora|move: Protect\n|-resisted|p2a: Arcanine\n|-damage|p2a: Arcanine|34\/100\n|-damage|p1a: Chi-Yu|39\/100|[from] item: Life Orb\n|\n|upkeep\n|turn|4\n|\n|t:|1682567107\n|move|p2a: Arcanine|Extreme Speed|p1a: Chi-Yu\n|-crit|p1a: Chi-Yu\n|-damage|p1a: Chi-Yu|0 fnt\n|faint|p1a: Chi-Yu\n|move|p1b: Breloom|Mach Punch|p2a: Arcanine\n|-damage|p2a: Arcanine|8\/100\n|-enditem|p2a: Arcanine|Aguav Berry|[eat]\n|-heal|p2a: Arcanine|41\/100|[from] item: Aguav Berry\n|move|p2b: Glimmora|Venoshock|p1b: Breloom\n|-supereffective|p1b: Breloom\n|-damage|p1b: Breloom|0 fnt\n|faint|p1b: Breloom\n|\n|upkeep\n|\n|t:|1682567131\n|switch|p1b: Mimikyu|Mimikyu, L50, M|100\/100\n|turn|5\n|\n|t:|1682567150\n|move|p2b: Glimmora|Power Gem|p1b: Mimikyu\n|-activate|p1b: Mimikyu|ability: Disguise\n|-damage|p1b: Mimikyu|100\/100\n|detailschange|p1b: Mimikyu|Mimikyu-Busted, L50, M\n|-damage|p1b: Mimikyu|88\/100|[from] pokemon: Mimikyu-Busted\n|move|p2a: Arcanine|Flare Blitz|p1b: Mimikyu\n|-damage|p1b: Mimikyu|14\/100\n|-enditem|p1b: Mimikyu|Sitrus Berry|[eat]\n|-heal|p1b: Mimikyu|39\/100|[from] item: Sitrus Berry\n|-damage|p2a: Arcanine|17\/100|[from] Recoil\n|move|p1b: Mimikyu|Shadow Claw|p2b: Glimmora\n|-damage|p2b: Glimmora|0 fnt\n|-activate|p2b: Glimmora|ability: Toxic Debris\n|-sidestart|p1: RedLantern2063|move: Toxic Spikes\n|faint|p2b: Glimmora\n|\n|upkeep\n|\n|t:|1682567173\n|switch|p2b: Breloom|Breloom, L50, M, tera:Water|100\/100\n|turn|6\n|\n|t:|1682567180\n|move|p1b: Mimikyu|Shadow Sneak|p2a: Arcanine\n|-damage|p2a: Arcanine|0 fnt\n|faint|p2a: Arcanine\n|move|p2b: Breloom|Bullet Seed|p1b: Mimikyu\n|-damage|p1b: Mimikyu|7\/100\n|-damage|p1b: Mimikyu|0 fnt\n|faint|p1b: Mimikyu\n|-hitcount|p1: Mimikyu|2\n|\n|win|OrionSeas\n|l|\u2606RedLantern2063\n","uploadtime":1682567242,"views":12,"p1id":"redlantern2063","p2id":"orionseas","formatid":"gen9vgc2023regulationc","rating":0,"private":0,"password":""}