{"id":"gen9vgc2023regulationc-1851781036","p1":"vicburgos","p2":"helio list","format":"[Gen 9] VGC 2023 Regulation C","log":"|j|\u2606vicburgos\n|j|\u2606helio list\n|t:|1682482593\n|gametype|doubles\n|player|p1|vicburgos|266|1524\n|player|p2|helio list|pokemonbreederf|1514\n|teamsize|p1|6\n|teamsize|p2|6\n|gen|9\n|tier|[Gen 9] VGC 2023 Regulation C\n|rated|\n|rule|Species Clause: Limit one of each Pok\u00e9mon\n|rule|Item Clause: Limit one of each item\n|clearpoke\n|poke|p1|Grimmsnarl, L50, M|\n|poke|p1|Vaporeon, L50, F|\n|poke|p1|Goodra, L50, M|\n|poke|p1|Flutter Mane, L50|\n|poke|p1|Chi-Yu, L50|\n|poke|p1|Annihilape, L50, M|\n|poke|p2|Gothitelle, L50, F|\n|poke|p2|Scream Tail, L50|\n|poke|p2|Flutter Mane, L50|\n|poke|p2|Dragonite, L50, F|\n|poke|p2|Great Tusk, L50|\n|poke|p2|Gyarados, L50, M|\n|teampreview|4\n|j| LC77777\n|\n|t:|1682482638\n|start\n|switch|p1a: Flutter Mane|Flutter Mane, L50|100\/100\n|switch|p1b: Chi-Yu|Chi-Yu, L50|100\/100\n|switch|p2a: Great Tusk|Great Tusk, L50|100\/100\n|switch|p2b: Dragonite|Dragonite, L50, F|100\/100\n|-ability|p1b: Chi-Yu|Beads of Ruin\n|turn|1\n|j| Manchester1997!\n|\n|t:|1682482654\n|-terastallize|p1a: Flutter Mane|Fairy\n|-terastallize|p2b: Dragonite|Flying\n|move|p2b: Dragonite|Aqua Jet|p1a: Flutter Mane\n|-damage|p1a: Flutter Mane|64\/100\n|move|p2a: Great Tusk|Earthquake|p1b: Chi-Yu|[spread] p1a,p1b\n|-immune|p2b: Dragonite\n|-supereffective|p1b: Chi-Yu\n|-damage|p1a: Flutter Mane|0 fnt\n|-enditem|p1b: Chi-Yu|Focus Sash\n|-damage|p1b: Chi-Yu|1\/100\n|faint|p1a: Flutter Mane\n|-end|p1a: Flutter Mane|Protosynthesis|[silent]\n|move|p1b: Chi-Yu|Heat Wave|p2a: Great Tusk|[spread] p2a,p2b\n|-damage|p2a: Great Tusk|17\/100\n|-damage|p2b: Dragonite|58\/100\n|-status|p2a: Great Tusk|brn\n|-status|p2b: Dragonite|brn\n|-enditem|p2b: Dragonite|Lum Berry|[eat]\n|-curestatus|p2b: Dragonite|brn|[msg]\n|\n|-damage|p2a: Great Tusk|11\/100 brn|[from] brn\n|upkeep\n|\n|t:|1682482674\n|switch|p1a: Goodra|Goodra, L50, M|100\/100\n|turn|2\n|\n|t:|1682482679\n|move|p1b: Chi-Yu|Protect|p1b: Chi-Yu\n|-singleturn|p1b: Chi-Yu|Protect\n|move|p2a: Great Tusk|Earthquake|p1b: Chi-Yu|[spread] p1a\n|-activate|p1b: Chi-Yu|move: Protect\n|-immune|p2b: Dragonite\n|-damage|p1a: Goodra|83\/100\n|move|p1a: Goodra|Sludge Bomb|p2b: Dragonite\n|-damage|p2b: Dragonite|33\/100\n|move|p2b: Dragonite|Tera Blast|p1a: Goodra\n|-damage|p1a: Goodra|30\/100\n|\n|-damage|p2a: Great Tusk|5\/100 brn|[from] brn\n|upkeep\n|turn|3\n|\n|t:|1682482697\n|switch|p1b: Annihilape|Annihilape, L50, M|100\/100\n|move|p2b: Dragonite|Extreme Speed|p1a: Goodra\n|-damage|p1a: Goodra|7\/100\n|-enditem|p1a: Goodra|Aguav Berry|[eat]\n|-heal|p1a: Goodra|40\/100|[from] item: Aguav Berry\n|move|p2a: Great Tusk|Earthquake|p1a: Goodra|[spread] p1a,p1b\n|-immune|p2b: Dragonite\n|-damage|p1a: Goodra|22\/100\n|-damage|p1b: Annihilape|81\/100\n|move|p1a: Goodra|Sludge Bomb|p2b: Dragonite\n|-damage|p2b: Dragonite|14\/100\n|-status|p2b: Dragonite|psn\n|\n|-damage|p2b: Dragonite|2\/100 psn|[from] psn\n|-damage|p2a: Great Tusk|0 fnt|[from] brn\n|faint|p2a: Great Tusk\n|-end|p2a: Great Tusk|Protosynthesis|[silent]\n|upkeep\n|\n|t:|1682482717\n|switch|p2a: Gothitelle|Gothitelle, L50, F|100\/100\n|turn|4\n|\n|t:|1682482724\n|move|p1b: Annihilape|Protect|p1b: Annihilape\n|-singleturn|p1b: Annihilape|Protect\n|move|p2b: Dragonite|Extreme Speed|p1a: Goodra\n|-damage|p1a: Goodra|0 fnt\n|faint|p1a: Goodra\n|move|p2a: Gothitelle|Heal Pulse|p2b: Dragonite\n|-heal|p2b: Dragonite|52\/100 psn\n|\n|-damage|p2b: Dragonite|40\/100 psn|[from] psn\n|upkeep\n|\n|t:|1682482730\n|switch|p1a: Chi-Yu|Chi-Yu, L50|1\/100\n|-ability|p1a: Chi-Yu|Beads of Ruin\n|turn|5\n|\n|t:|1682482748\n|move|p2b: Dragonite|Extreme Speed|p1a: Chi-Yu\n|-damage|p1a: Chi-Yu|0 fnt\n|faint|p1a: Chi-Yu\n|move|p1b: Annihilape|Rage Fist|p2b: Dragonite\n|-damage|p2b: Dragonite|6\/100 psn\n|move|p2a: Gothitelle|Heal Pulse|p2b: Dragonite\n|-heal|p2b: Dragonite|56\/100 psn\n|\n|-damage|p2b: Dragonite|44\/100 psn|[from] psn\n|upkeep\n|turn|6\n|\n|t:|1682482762\n|move|p2b: Dragonite|Tera Blast|p1b: Annihilape\n|-supereffective|p1b: Annihilape\n|-damage|p1b: Annihilape|0 fnt\n|faint|p1b: Annihilape\n|\n|win|helio list\n|raw|vicburgos's rating: 1524 → 1503<\/strong> (-21 for losing)\n|raw|helio list's rating: 1514 → 1535<\/strong> (+21 for winning)\n|j| KounoTaro\n|l|\u2606vicburgos\n|l|\u2606helio list\n|l| LC77777\n","uploadtime":1682482872,"views":10,"p1id":"vicburgos","p2id":"heliolist","formatid":"gen9vgc2023regulationc","rating":1503,"private":0,"password":""}