{"id":"gen9vgc2023regulationc-1854503783","p1":"NationalLogic","p2":"Johnny Melaslavo","format":"[Gen 9] VGC 2023 Regulation C","log":"|j|\u2606NationalLogic\n|j|\u2606Johnny Melaslavo\n|t:|1682819437\n|gametype|doubles\n|player|p1|NationalLogic|101|1050\n|player|p2|Johnny Melaslavo|2|1000\n|teamsize|p1|6\n|teamsize|p2|6\n|gen|9\n|tier|[Gen 9] VGC 2023 Regulation C\n|rated|\n|rule|Species Clause: Limit one of each Pok\u00e9mon\n|rule|Item Clause: Limit one of each item\n|clearpoke\n|poke|p1|Hippowdon, L50, M|\n|poke|p1|Dragonite, L50, M|\n|poke|p1|Flutter Mane, L50|\n|poke|p1|Garganacl, L50, M|\n|poke|p1|Chien-Pao, L50|\n|poke|p1|Iron Hands, L50|\n|poke|p2|Honchkrow, L50, F|\n|poke|p2|Indeedee-F, L50, F|\n|poke|p2|Cloyster, L50, F|\n|poke|p2|Sableye, L50, M|\n|poke|p2|Hariyama, L50, M|\n|poke|p2|Klefki, L50, F|\n|teampreview|4\n|\n|t:|1682819463\n|start\n|switch|p1a: Hippowdon|Hippowdon, L50, M|100\/100\n|switch|p1b: Garganacl|Garganacl, L50, M|100\/100\n|switch|p2a: Indeedee|Indeedee-F, L50, F|100\/100\n|switch|p2b: Klefki|Klefki, L50, F|100\/100\n|-fieldstart|move: Psychic Terrain|[from] ability: Psychic Surge|[of] p2a: Indeedee\n|-item|p2b: Klefki|Air Balloon\n|-weather|Sandstorm|[from] ability: Sand Stream|[of] p1a: Hippowdon\n|turn|1\n|\n|t:|1682819477\n|move|p2a: Indeedee|Follow Me|p2a: Indeedee\n|-singleturn|p2a: Indeedee|move: Follow Me\n|move|p2b: Klefki|Iron Defense|p2b: Klefki\n|-boost|p2b: Klefki|def|2\n|move|p1a: Hippowdon|Sand Tomb|p2a: Indeedee\n|-damage|p2a: Indeedee|78\/100\n|-activate|p2a: Indeedee|move: Sand Tomb|[of] p1a: Hippowdon\n|move|p1b: Garganacl|Salt Cure|p2a: Indeedee\n|-damage|p2a: Indeedee|56\/100\n|-start|p2a: Indeedee|Salt Cure\n|\n|-weather|Sandstorm|[upkeep]\n|-damage|p2a: Indeedee|43\/100|[from] Salt Cure\n|-damage|p2a: Indeedee|27\/100|[from] move: Sand Tomb|[partiallytrapped]\n|upkeep\n|turn|2\n|\n|t:|1682819497\n|move|p1a: Hippowdon|Protect|p1a: Hippowdon\n|-singleturn|p1a: Hippowdon|Protect\n|move|p1b: Garganacl|Protect|p1b: Garganacl\n|-singleturn|p1b: Garganacl|Protect\n|move|p2a: Indeedee|Follow Me|p2a: Indeedee\n|-singleturn|p2a: Indeedee|move: Follow Me\n|move|p2b: Klefki|Iron Defense|p2b: Klefki\n|-boost|p2b: Klefki|def|2\n|\n|-weather|Sandstorm|[upkeep]\n|-damage|p2a: Indeedee|10\/100|[from] move: Sand Tomb|[partiallytrapped]\n|-damage|p2a: Indeedee|0 fnt|[from] Salt Cure\n|faint|p2a: Indeedee\n|upkeep\n|\n|t:|1682819510\n|switch|p2a: Cloyster|Cloyster, L50, F|100\/100\n|turn|3\n|\n|t:|1682819531\n|-terastallize|p2a: Cloyster|Water\n|-terastallize|p1a: Hippowdon|Water\n|move|p2b: Klefki|Calm Mind|p2b: Klefki\n|-boost|p2b: Klefki|spa|1\n|-boost|p2b: Klefki|spd|1\n|move|p2a: Cloyster|Shell Smash|p2a: Cloyster\n|-unboost|p2a: Cloyster|def|1\n|-unboost|p2a: Cloyster|spd|1\n|-boost|p2a: Cloyster|atk|2\n|-boost|p2a: Cloyster|spa|2\n|-boost|p2a: Cloyster|spe|2\n|-enditem|p2a: Cloyster|White Herb\n|-clearnegativeboost|p2a: Cloyster|[silent]\n|move|p1a: Hippowdon|Sand Tomb|p2a: Cloyster\n|-damage|p2a: Cloyster|88\/100\n|-activate|p2a: Cloyster|move: Sand Tomb|[of] p1a: Hippowdon\n|move|p1b: Garganacl|Salt Cure|p2a: Cloyster\n|-damage|p2a: Cloyster|74\/100\n|-start|p2a: Cloyster|Salt Cure\n|\n|-weather|Sandstorm|[upkeep]\n|-damage|p2a: Cloyster|68\/100|[from] Sandstorm\n|-damage|p1a: Hippowdon|94\/100|[from] Sandstorm\n|-damage|p2a: Cloyster|52\/100|[from] move: Sand Tomb|[partiallytrapped]\n|-damage|p2a: Cloyster|28\/100|[from] Salt Cure\n|upkeep\n|turn|4\n|\n|t:|1682819558\n|move|p1a: Hippowdon|Protect|p1a: Hippowdon\n|-singleturn|p1a: Hippowdon|Protect\n|move|p1b: Garganacl|Protect|p1b: Garganacl\n|-singleturn|p1b: Garganacl|Protect\n|move|p2b: Klefki|Calm Mind|p2b: Klefki\n|-boost|p2b: Klefki|spa|1\n|-boost|p2b: Klefki|spd|1\n|move|p2a: Cloyster|Rock Blast|p1b: Garganacl\n|-activate|p1b: Garganacl|move: Protect\n|\n|-weather|Sandstorm|[upkeep]\n|-damage|p2a: Cloyster|22\/100|[from] Sandstorm\n|-damage|p1a: Hippowdon|88\/100|[from] Sandstorm\n|-damage|p2a: Cloyster|0 fnt|[from] Salt Cure\n|faint|p2a: Cloyster\n|upkeep\n|\n|t:|1682819570\n|switch|p2a: Honchkrow|Honchkrow, L50, F|100\/100\n|turn|5\n|\n|t:|1682819581\n|move|p2a: Honchkrow|Protect|p2a: Honchkrow\n|-singleturn|p2a: Honchkrow|Protect\n|move|p2b: Klefki|Stored Power|p1b: Garganacl\n|-damage|p1b: Garganacl|55\/100\n|move|p1a: Hippowdon|Heavy Slam|p2a: Honchkrow\n|-activate|p2a: Honchkrow|move: Protect\n|move|p1b: Garganacl|Salt Cure|p2b: Klefki\n|-resisted|p2b: Klefki\n|-crit|p2b: Klefki\n|-damage|p2b: Klefki|89\/100\n|-start|p2b: Klefki|Salt Cure\n|-enditem|p2b: Klefki|Air Balloon\n|\n|-weather|none\n|-damage|p2b: Klefki|64\/100|[from] Salt Cure\n|-fieldend|move: Psychic Terrain\n|upkeep\n|turn|6\n|\n|t:|1682819603\n|move|p2a: Honchkrow|Brave Bird|p1b: Garganacl\n|-resisted|p1b: Garganacl\n|-damage|p1b: Garganacl|40\/100\n|-damage|p2a: Honchkrow|96\/100|[from] Recoil\n|move|p2b: Klefki|Draining Kiss|p1b: Garganacl\n|-damage|p1b: Garganacl|15\/100\n|-heal|p2b: Klefki|87\/100|[from] drain|[of] p1b: Garganacl\n|move|p1a: Hippowdon|Sand Tomb|p2b: Klefki|[miss]\n|-miss|p1a: Hippowdon|p2b: Klefki\n|move|p1b: Garganacl|Recover|p1b: Garganacl\n|-heal|p1b: Garganacl|66\/100\n|\n|-damage|p2b: Klefki|62\/100|[from] Salt Cure\n|upkeep\n|turn|7\n|\n|t:|1682819620\n|move|p2a: Honchkrow|Brave Bird|p1a: Hippowdon\n|-damage|p1a: Hippowdon|54\/100\n|-damage|p2a: Honchkrow|84\/100|[from] Recoil\n|move|p2b: Klefki|Draining Kiss|p1a: Hippowdon\n|-damage|p1a: Hippowdon|29\/100\n|-heal|p2b: Klefki|87\/100|[from] drain|[of] p1a: Hippowdon\n|move|p1a: Hippowdon|Sand Tomb|p2b: Klefki|[miss]\n|-miss|p1a: Hippowdon|p2b: Klefki\n|move|p1b: Garganacl|Salt Cure|p2a: Honchkrow\n|-supereffective|p2a: Honchkrow\n|-damage|p2a: Honchkrow|34\/100\n|-start|p2a: Honchkrow|Salt Cure\n|\n|-damage|p2a: Honchkrow|22\/100|[from] Salt Cure\n|-damage|p2b: Klefki|62\/100|[from] Salt Cure\n|upkeep\n|turn|8\n|\n|t:|1682819647\n|move|p1a: Hippowdon|Protect|p1a: Hippowdon\n|-singleturn|p1a: Hippowdon|Protect\n|move|p2a: Honchkrow|Brave Bird|p1a: Hippowdon\n|-activate|p1a: Hippowdon|move: Protect\n|move|p2b: Klefki|Draining Kiss|p1a: Hippowdon\n|-activate|p1a: Hippowdon|move: Protect\n|move|p1b: Garganacl|Salt Cure|p2a: Honchkrow\n|-supereffective|p2a: Honchkrow\n|-damage|p2a: Honchkrow|0 fnt\n|faint|p2a: Honchkrow\n|\n|-damage|p2b: Klefki|37\/100|[from] Salt Cure\n|upkeep\n|turn|9\n|\n|t:|1682819661\n|move|p2b: Klefki|Draining Kiss|p1a: Hippowdon\n|-damage|p1a: Hippowdon|5\/100\n|-heal|p2b: Klefki|61\/100|[from] drain|[of] p1a: Hippowdon\n|move|p1a: Hippowdon|Slack Off|p1a: Hippowdon\n|-heal|p1a: Hippowdon|55\/100\n|move|p1b: Garganacl|Salt Cure|p2b: Klefki\n|-resisted|p2b: Klefki\n|-damage|p2b: Klefki|57\/100\n|\n|-damage|p2b: Klefki|32\/100|[from] Salt Cure\n|upkeep\n|turn|10\n|\n|t:|1682819674\n|move|p2b: Klefki|Draining Kiss|p1a: Hippowdon\n|-damage|p1a: Hippowdon|30\/100\n|-heal|p2b: Klefki|57\/100|[from] drain|[of] p1a: Hippowdon\n|move|p1a: Hippowdon|Sand Tomb|p2b: Klefki\n|-supereffective|p2b: Klefki\n|-damage|p2b: Klefki|46\/100\n|-activate|p2b: Klefki|move: Sand Tomb|[of] p1a: Hippowdon\n|move|p1b: Garganacl|Recover|p1b: Garganacl\n|-heal|p1b: Garganacl|100\/100\n|\n|-damage|p2b: Klefki|30\/100|[from] move: Sand Tomb|[partiallytrapped]\n|-damage|p2b: Klefki|5\/100|[from] Salt Cure\n|upkeep\n|turn|11\n|\n|t:|1682819687\n|move|p1a: Hippowdon|Protect|p1a: Hippowdon\n|-singleturn|p1a: Hippowdon|Protect\n|move|p1b: Garganacl|Protect|p1b: Garganacl\n|-singleturn|p1b: Garganacl|Protect\n|move|p2b: Klefki|Stored Power|p1a: Hippowdon\n|-activate|p1a: Hippowdon|move: Protect\n|\n|-damage|p2b: Klefki|0 fnt|[from] move: Sand Tomb|[partiallytrapped]\n|faint|p2b: Klefki\n|\n|win|NationalLogic\n|upkeep\n|raw|NationalLogic's rating: 1050 → 1078<\/strong> (+28 for winning)\n|raw|Johnny Melaslavo's rating: 1000 → 1000<\/strong> (+0 for losing)\n|l|\u2606Johnny Melaslavo\n","uploadtime":1682819702,"views":14,"p1id":"nationallogic","p2id":"johnnymelaslavo","formatid":"gen9vgc2023regulationc","rating":1000,"private":0,"password":""}