{"id":"gen9vgc2023regulationc-1863442684","p1":"SunsetVGC","p2":"Flamer blaze","format":"[Gen 9] VGC 2023 Regulation C","log":"|j|\u2606SunsetVGC\n|j|\u203dFlamer blaze\n|t:|1684017788\n|gametype|doubles\n|player|p1|SunsetVGC|bellelba|\n|player|p2|Flamer blaze|benga|\n|teamsize|p1|6\n|teamsize|p2|6\n|gen|9\n|tier|[Gen 9] VGC 2023 Regulation C\n|rated|Tournament battle\n|rule|Species Clause: Limit one of each Pok\u00e9mon\n|rule|Item Clause: Limit one of each item\n|clearpoke\n|poke|p1|Dondozo, L50, F|\n|poke|p1|Tatsugiri-Droopy, L50, F|\n|poke|p1|Glimmora, L50, M|\n|poke|p1|Chi-Yu, L50|\n|poke|p1|Flutter Mane, L50|\n|poke|p1|Dragonite, L50, F|\n|poke|p2|Baxcalibur, L50, M|\n|poke|p2|Tauros-Paldea-Aqua, L50, M|\n|poke|p2|Great Tusk, L50|\n|poke|p2|Gholdengo, L50|\n|poke|p2|Flutter Mane, L50|\n|poke|p2|Garganacl, L50, M|\n|teampreview|4\n|raw| Open Team Sheet for SunsetVGC<\/summary>Dondozo @ Sitrus Berry Ability: Unaware Level: 50 Tera Type: Grass - Wave Crash - Body Press - Yawn - Protect Tatsugiri (Tatsugiri-Droopy) @ Choice Specs Ability: Storm Drain Level: 50 Tera Type: Ghost - Draco Meteor - Dragon Pulse - Muddy Water - Icy Wind Glimmora @ Assault Vest Ability: Toxic Debris Level: 50 Tera Type: Grass - Energy Ball - Power Gem - Earth Power - Mortal Spin Chi-Yu @ Safety Goggles Ability: Beads of Ruin Level: 50 Tera Type: Water - Dark Pulse - Flamethrower - Tera Blast - Protect Flutter Mane @ Booster Energy Ability: Protosynthesis Level: 50 Tera Type: Fairy - Moonblast - Hex - Substitute - Protect Dragonite @ Choice Band Ability: Multiscale Level: 50 Tera Type: Normal - Extreme Speed - Earthquake - Aerial Ace - Low Kick <\/details><\/div> Open Team Sheet for Flamer blaze<\/summary>Baxcalibur (M) @ Loaded Dice Ability: Thermal Exchange Level: 50 Shiny: Yes Tera Type: Fire - Icicle Spear - Protect - Dragon Dance - Glaive Rush Tauros (Tauros-Paldea-Aqua) (M) @ Expert Belt Ability: Intimidate Level: 50 Tera Type: Fighting - Aqua Jet - Protect - Close Combat - Raging Bull Great Tusk @ Assault Vest Ability: Protosynthesis Level: 50 Hidden Power: Fighting Tera Type: Ground - Close Combat - Earthquake - Ice Spinner - Headlong Rush Gholdengo @ Covert Cloak Ability: Good as Gold Level: 50 Tera Type: Water - Shadow Ball - Make It Rain - Protect - Nasty Plot Flutter Mane @ Wise Glasses Ability: Protosynthesis Level: 50 Tera Type: Fairy - Dazzling Gleam - Energy Ball - Shadow Ball - Protect Garganacl (M) @ Leftovers Ability: Purifying Salt Level: 50 Shiny: Yes Tera Type: Ghost - Rock Slide - Salt Cure - Recover - Protect <\/details><\/div>\n|j| jaydee97\n|j| Radio Free C-Side\n|l| jaydee97\n|\n|t:|1684017852\n|start\n|switch|p1a: Dondozo|Dondozo, L50, F|100\/100\n|switch|p1b: Glimmora|Glimmora, L50, M|100\/100\n|switch|p2a: Great Tusk|Great Tusk, L50|100\/100\n|switch|p2b: Tauros|Tauros-Paldea-Aqua, L50, M|100\/100\n|-ability|p2b: Tauros|Intimidate|boost\n|-unboost|p1a: Dondozo|atk|1\n|-unboost|p1b: Glimmora|atk|1\n|turn|1\n|\n|t:|1684017870\n|-terastallize|p2a: Great Tusk|Ground\n|-terastallize|p1b: Glimmora|Grass\n|move|p2b: Tauros|Protect|p2b: Tauros\n|-singleturn|p2b: Tauros|Protect\n|move|p2a: Great Tusk|Earthquake|p1b: Glimmora|[spread] p1a,p1b\n|-activate|p2b: Tauros|move: Protect\n|-resisted|p1b: Glimmora\n|-damage|p1a: Dondozo|70\/100\n|-damage|p1b: Glimmora|70\/100\n|-activate|p1b: Glimmora|ability: Toxic Debris\n|-sidestart|p2: Flamer blaze|move: Toxic Spikes\n|move|p1b: Glimmora|Energy Ball|p2b: Tauros\n|-activate|p2b: Tauros|move: Protect\n|move|p1a: Dondozo|Yawn|p2a: Great Tusk\n|-start|p2a: Great Tusk|move: Yawn|[of] p1a: Dondozo\n|\n|upkeep\n|turn|2\n|\n|t:|1684017901\n|-end|p2a: Great Tusk|Protosynthesis|[silent]\n|switch|p2a: Gholdengo|Gholdengo, L50|100\/100\n|move|p2b: Tauros|Close Combat|p1b: Glimmora\n|-damage|p1b: Glimmora|15\/100\n|-unboost|p2b: Tauros|def|1\n|-unboost|p2b: Tauros|spd|1\n|-activate|p1b: Glimmora|ability: Toxic Debris\n|-sidestart|p2: Flamer blaze|move: Toxic Spikes\n|move|p1b: Glimmora|Energy Ball|p2a: Gholdengo\n|-resisted|p2a: Gholdengo\n|-damage|p2a: Gholdengo|77\/100\n|move|p1a: Dondozo|Yawn|p2b: Tauros\n|-start|p2b: Tauros|move: Yawn|[of] p1a: Dondozo\n|\n|upkeep\n|turn|3\n|j| FunneeMonkee\n|\n|t:|1684017925\n|switch|p2b: Great Tusk|Great Tusk, L50, tera:Ground|100\/100\n|-status|p2b: Great Tusk|tox\n|move|p1b: Glimmora|Energy Ball|p2b: Great Tusk\n|-supereffective|p2b: Great Tusk\n|-damage|p2b: Great Tusk|15\/100 tox\n|-unboost|p2b: Great Tusk|spd|1\n|move|p2a: Gholdengo|Nasty Plot|p2a: Gholdengo\n|-boost|p2a: Gholdengo|spa|2\n|move|p1a: Dondozo|Wave Crash|p2a: Gholdengo\n|-damage|p2a: Gholdengo|45\/100\n|-damage|p1a: Dondozo|63\/100|[from] Recoil\n|\n|-damage|p2b: Great Tusk|9\/100 tox|[from] psn\n|upkeep\n|turn|4\n|\n|t:|1684017939\n|move|p2a: Gholdengo|Protect|p2a: Gholdengo\n|-singleturn|p2a: Gholdengo|Protect\n|move|p2b: Great Tusk|Earthquake|p1b: Glimmora|[spread] p1a,p1b\n|-activate|p2a: Gholdengo|move: Protect\n|-resisted|p1b: Glimmora\n|-damage|p1a: Dondozo|36\/100\n|-damage|p1b: Glimmora|0 fnt\n|-enditem|p1a: Dondozo|Sitrus Berry|[eat]\n|-heal|p1a: Dondozo|61\/100|[from] item: Sitrus Berry\n|faint|p1b: Glimmora\n|move|p1a: Dondozo|Wave Crash|p2a: Gholdengo\n|-activate|p2a: Gholdengo|move: Protect\n|\n|-damage|p2b: Great Tusk|0 fnt|[from] psn\n|faint|p2b: Great Tusk\n|-end|p2b: Great Tusk|Protosynthesis|[silent]\n|upkeep\n|\n|t:|1684017980\n|switch|p2b: Garganacl|Garganacl, L50, M, shiny|100\/100\n|switch|p1b: Flutter Mane|Flutter Mane, L50|100\/100\n|-enditem|p1b: Flutter Mane|Booster Energy\n|-activate|p1b: Flutter Mane|ability: Protosynthesis|[fromitem]\n|-start|p1b: Flutter Mane|protosynthesisspe\n|turn|5\n|\n|t:|1684018010\n|move|p1b: Flutter Mane|Protect|p1b: Flutter Mane\n|-singleturn|p1b: Flutter Mane|Protect\n|move|p2a: Gholdengo|Make It Rain|p1b: Flutter Mane|[spread] p1a\n|-activate|p1b: Flutter Mane|move: Protect\n|-resisted|p1a: Dondozo\n|-damage|p1a: Dondozo|42\/100\n|-unboost|p2a: Gholdengo|spa|1\n|move|p1a: Dondozo|Wave Crash|p2a: Gholdengo\n|-damage|p2a: Gholdengo|13\/100\n|-damage|p1a: Dondozo|35\/100|[from] Recoil\n|move|p2b: Garganacl|Salt Cure|p1a: Dondozo\n|-damage|p1a: Dondozo|27\/100\n|-start|p1a: Dondozo|Salt Cure\n|\n|-damage|p1a: Dondozo|3\/100|[from] Salt Cure\n|upkeep\n|turn|6\n|\n|t:|1684018030\n|move|p2a: Gholdengo|Protect|p2a: Gholdengo\n|-singleturn|p2a: Gholdengo|Protect\n|move|p2b: Garganacl|Protect|p2b: Garganacl\n|-singleturn|p2b: Garganacl|Protect\n|move|p1b: Flutter Mane|Hex|p2a: Gholdengo\n|-activate|p2a: Gholdengo|move: Protect\n|move|p1a: Dondozo|Wave Crash|p2b: Garganacl\n|-activate|p2b: Garganacl|move: Protect\n|\n|-damage|p1a: Dondozo|0 fnt|[from] Salt Cure\n|faint|p1a: Dondozo\n|upkeep\n|\n|t:|1684018034\n|switch|p1a: Dragonite|Dragonite, L50, F|100\/100\n|turn|7\n|\n|t:|1684018041\n|move|p1b: Flutter Mane|Protect|p1b: Flutter Mane\n|-singleturn|p1b: Flutter Mane|Protect\n|move|p2a: Gholdengo|Make It Rain|p1a: Dragonite|[spread] p1a\n|-activate|p1b: Flutter Mane|move: Protect\n|-damage|p1a: Dragonite|66\/100\n|-unboost|p2a: Gholdengo|spa|1\n|move|p1a: Dragonite|Earthquake|p2a: Gholdengo|[spread] p2a,p2b\n|-activate|p1b: Flutter Mane|move: Protect\n|-supereffective|p2a: Gholdengo\n|-supereffective|p2b: Garganacl\n|-damage|p2a: Gholdengo|0 fnt\n|-damage|p2b: Garganacl|56\/100\n|faint|p2a: Gholdengo\n|move|p2b: Garganacl|Salt Cure|p1a: Dragonite\n|-supereffective|p1a: Dragonite\n|-damage|p1a: Dragonite|42\/100\n|-start|p1a: Dragonite|Salt Cure\n|\n|-heal|p2b: Garganacl|62\/100|[from] item: Leftovers\n|-damage|p1a: Dragonite|29\/100|[from] Salt Cure\n|upkeep\n|j| Nachobeazley\n|\n|t:|1684018069\n|switch|p2a: Tauros|Tauros-Paldea-Aqua, L50, M|100\/100\n|-status|p2a: Tauros|tox\n|-ability|p2a: Tauros|Intimidate|boost\n|-unboost|p1a: Dragonite|atk|1\n|-unboost|p1b: Flutter Mane|atk|1\n|turn|8\n|\n|t:|1684018082\n|move|p2a: Tauros|Aqua Jet|p1a: Dragonite\n|-resisted|p1a: Dragonite\n|-damage|p1a: Dragonite|22\/100\n|move|p1b: Flutter Mane|Substitute|p1b: Flutter Mane\n|-start|p1b: Flutter Mane|Substitute\n|-damage|p1b: Flutter Mane|76\/100\n|move|p1a: Dragonite|Earthquake|p2b: Garganacl|[spread] p1b,p2a,p2b\n|-end|p1b: Flutter Mane|Substitute\n|-supereffective|p2b: Garganacl\n|-damage|p2a: Tauros|70\/100 tox\n|-damage|p2b: Garganacl|31\/100\n|move|p2b: Garganacl|Recover|p2b: Garganacl\n|-heal|p2b: Garganacl|81\/100\n|\n|-heal|p2b: Garganacl|87\/100|[from] item: Leftovers\n|-damage|p2a: Tauros|64\/100 tox|[from] psn\n|-damage|p1a: Dragonite|9\/100|[from] Salt Cure\n|upkeep\n|turn|9\n|\n|t:|1684018094\n|move|p1b: Flutter Mane|Protect|p1b: Flutter Mane\n|-singleturn|p1b: Flutter Mane|Protect\n|move|p2b: Garganacl|Protect|p2b: Garganacl\n|-singleturn|p2b: Garganacl|Protect\n|move|p2a: Tauros|Aqua Jet|p1b: Flutter Mane\n|-activate|p1b: Flutter Mane|move: Protect\n|move|p1a: Dragonite|Earthquake|p2b: Garganacl|[spread] p2a\n|-activate|p1b: Flutter Mane|move: Protect\n|-activate|p2b: Garganacl|move: Protect\n|-damage|p2a: Tauros|34\/100 tox\n|\n|-heal|p2b: Garganacl|93\/100|[from] item: Leftovers\n|-damage|p2a: Tauros|22\/100 tox|[from] psn\n|-damage|p1a: Dragonite|0 fnt|[from] Salt Cure\n|faint|p1a: Dragonite\n|upkeep\n|turn|10\n|\n|t:|1684018110\n|move|p2a: Tauros|Aqua Jet|p1b: Flutter Mane\n|-damage|p1b: Flutter Mane|42\/100\n|move|p1b: Flutter Mane|Moonblast|p2b: Garganacl\n|-damage|p2b: Garganacl|46\/100\n|move|p2b: Garganacl|Salt Cure|p1b: Flutter Mane\n|-crit|p1b: Flutter Mane\n|-damage|p1b: Flutter Mane|0 fnt\n|faint|p1b: Flutter Mane\n|-end|p1b: Flutter Mane|Protosynthesis|[silent]\n|\n|win|Flamer blaze\n|n|\u2606SunsetVGC|sunsetvgc\n|n|\u203dFlamer blaze|flamerblaze\n|n| Radio Free C-Side|radiofreecside\n|n| FunneeMonkee|funneemonkee\n|n| Nachobeazley|nachobeazley\n","uploadtime":1684018111,"views":6,"p1id":"sunsetvgc","p2id":"flamerblaze","formatid":"gen9vgc2023regulationc","rating":0,"private":0,"password":""}