{"id":"gen9vgc2023regulationc-1852942244","p1":"jokernegrao","p2":"SweetSerenityGrace","format":"[Gen 9] VGC 2023 Regulation C","log":"|j|\u2606jokernegrao\n|j|\u2606SweetSerenityGrace\n|t:|1682619222\n|gametype|doubles\n|player|p1|jokernegrao|dragontamer|1050\n|player|p2|SweetSerenityGrace|iris-gen5bw2|1118\n|teamsize|p1|6\n|teamsize|p2|6\n|gen|9\n|tier|[Gen 9] VGC 2023 Regulation C\n|rated|\n|rule|Species Clause: Limit one of each Pok\u00e9mon\n|rule|Item Clause: Limit one of each item\n|clearpoke\n|poke|p1|Brute Bonnet, L50|\n|poke|p1|Chien-Pao, L50|\n|poke|p1|Talonflame, L50, M|\n|poke|p1|Palafin, L50, F|\n|poke|p1|Flutter Mane, L50|\n|poke|p1|Ting-Lu, L50|\n|poke|p2|Flutter Mane, L50|\n|poke|p2|Chi-Yu, L50|\n|poke|p2|Chien-Pao, L50|\n|poke|p2|Dragonite, L50, F|\n|poke|p2|Grimmsnarl, L50, M|\n|poke|p2|Amoonguss, L50, F|\n|teampreview|4\nSweetSerenityGrace rejected open team sheets.\n|\n|t:|1682619261\n|start\n|switch|p1a: Talonflame|Talonflame, L50, M|100\/100\n|switch|p1b: Palafin|Palafin, L50, F|100\/100\n|switch|p2a: Dragonite|Dragonite, L50, F|100\/100\n|switch|p2b: Shroomie|Amoonguss, L50, F|100\/100\n|turn|1\n|\n|t:|1682619290\n|detailschange|p1b: Palafin|Palafin-Hero, L50, F\n|switch|p1b: Flutter Mane|Flutter Mane, L50|100\/100\n|move|p1a: Talonflame|Tailwind|p1a: Talonflame\n|-sidestart|p1: jokernegrao|move: Tailwind\n|move|p2a: Dragonite|Dragon Dance|p2a: Dragonite\n|-boost|p2a: Dragonite|atk|1\n|-boost|p2a: Dragonite|spe|1\n|move|p2b: Shroomie|Spore|p1b: Flutter Mane\n|-status|p1b: Flutter Mane|slp|[from] move: Spore\n|\n|upkeep\n|turn|2\n|\n|t:|1682619316\n|-terastallize|p2a: Dragonite|Normal\n|move|p2a: Dragonite|Extreme Speed|p1a: Talonflame\n|-damage|p1a: Talonflame|0 fnt\n|faint|p1a: Talonflame\n|move|p2b: Shroomie|Rage Powder|p2b: Shroomie\n|-singleturn|p2b: Shroomie|move: Rage Powder\n|cant|p1b: Flutter Mane|slp\n|\n|upkeep\n|\n|t:|1682619325\n|switch|p1a: Palafin|Palafin-Hero, L50, F|100\/100\n|-activate|p1a: Palafin|ability: Zero to Hero\n|turn|3\n|\n|t:|1682619348\n|-terastallize|p1a: Palafin|Water\n|move|p2a: Dragonite|Extreme Speed|p1a: Palafin\n|-damage|p1a: Palafin|23\/100\n|move|p2b: Shroomie|Rage Powder|p2b: Shroomie\n|-singleturn|p2b: Shroomie|move: Rage Powder\n|-curestatus|p1b: Flutter Mane|slp|[msg]\n|move|p1b: Flutter Mane|Dazzling Gleam|p2b: Shroomie|[spread] p2a,p2b\n|-resisted|p2b: Shroomie\n|-damage|p2a: Dragonite|80\/100\n|-damage|p2b: Shroomie|80\/100\n|move|p1a: Palafin|Wave Crash|p2b: Shroomie\n|-resisted|p2b: Shroomie\n|-damage|p2b: Shroomie|34\/100\n|-damage|p1a: Palafin|6\/100|[from] item: Rocky Helmet|[of] p2b: Shroomie\n|-damage|p1a: Palafin|0 fnt|[from] Recoil\n|faint|p1a: Palafin\n|\n|upkeep\n|\n|t:|1682619366\n|switch|p1a: Brute Bonnet|Brute Bonnet, L50|100\/100\n|turn|4\n|\n|t:|1682619384\n|move|p2a: Dragonite|Extreme Speed|p1a: Brute Bonnet\n|-damage|p1a: Brute Bonnet|42\/100\n|move|p1b: Flutter Mane|Dazzling Gleam|p2b: Shroomie|[spread] p2a,p2b\n|-resisted|p2b: Shroomie\n|-damage|p2a: Dragonite|34\/100\n|-damage|p2b: Shroomie|12\/100\n|move|p1a: Brute Bonnet|Bullet Seed|p2a: Dragonite\n|-damage|p2a: Dragonite|21\/100\n|-damage|p2a: Dragonite|7\/100\n|-damage|p2a: Dragonite|0 fnt\n|faint|p2a: Dragonite\n|-hitcount|p2: Dragonite|3\n|move|p2b: Shroomie|Spore|p1b: Flutter Mane\n|-status|p1b: Flutter Mane|slp|[from] move: Spore\n|\n|-sideend|p1: jokernegrao|move: Tailwind\n|upkeep\n|\n|t:|1682619402\n|switch|p2a: Big Missy|Flutter Mane, L50|100\/100\n|-enditem|p2a: Big Missy|Booster Energy\n|-activate|p2a: Big Missy|ability: Protosynthesis|[fromitem]\n|-start|p2a: Big Missy|protosynthesisspe\n|turn|5\n|\n|t:|1682619421\n|move|p1a: Brute Bonnet|Sucker Punch|p2a: Big Missy\n|-damage|p2a: Big Missy|12\/100\n|move|p2a: Big Missy|Dazzling Gleam|p1b: Flutter Mane|[spread] p1a,p1b\n|-supereffective|p1a: Brute Bonnet\n|-damage|p1a: Brute Bonnet|0 fnt\n|-damage|p1b: Flutter Mane|63\/100 slp\n|faint|p1a: Brute Bonnet\n|-end|p1a: Brute Bonnet|Protosynthesis|[silent]\n|cant|p1b: Flutter Mane|slp\n|move|p2b: Shroomie|Clear Smog|p1b: Flutter Mane\n|-damage|p1b: Flutter Mane|46\/100 slp\n|-clearboost|p1b: Flutter Mane\n|\n|upkeep\n|turn|6\n|\n|t:|1682619440\n|move|p2a: Big Missy|Shadow Ball|p1b: Flutter Mane\n|-supereffective|p1b: Flutter Mane\n|-damage|p1b: Flutter Mane|0 fnt\n|faint|p1b: Flutter Mane\n|-end|p1b: Flutter Mane|Protosynthesis|[silent]\n|\n|win|SweetSerenityGrace\n|raw|jokernegrao's rating: 1050 → 1036<\/strong> (-14 for losing)\n|raw|SweetSerenityGrace's rating: 1118 → 1138<\/strong> (+20 for winning)\n|l|\u2606jokernegrao\n","uploadtime":1682619455,"views":5,"p1id":"jokernegrao","p2id":"sweetserenitygrace","formatid":"gen9vgc2023regulationc","rating":1036,"private":0,"password":""}