{"id":"gen9vgc2023regulationc-1848328413","p1":"tythhh","p2":"inimr","format":"[Gen 9] VGC 2023 Regulation C","log":"|j|\u2606tythhh\n|j|\u2606inimr\n|t:|1682061328\n|gametype|doubles\n|player|p1|tythhh|265|1117\n|player|p2|inimr|266|1214\n|teamsize|p1|6\n|teamsize|p2|6\n|gen|9\n|tier|[Gen 9] VGC 2023 Regulation C\n|rated|\n|rule|Species Clause: Limit one of each Pok\u00e9mon\n|rule|Item Clause: Limit one of each item\n|clearpoke\n|poke|p1|Torkoal, L50, M|\n|poke|p1|Chi-Yu, L50|\n|poke|p1|Bronzong, L50|\n|poke|p1|Gastrodon, L50, F|\n|poke|p1|Grimmsnarl, L50, M|\n|poke|p1|Skeledirge, L50, F|\n|poke|p2|Torkoal, L50, M|\n|poke|p2|Lilligant, L50, F|\n|poke|p2|Flutter Mane, L50|\n|poke|p2|Volcarona, L50, F|\n|poke|p2|Iron Hands, L50|\n|poke|p2|Roaring Moon, L50|\n|teampreview|4\n|\n|t:|1682061352\n|start\n|switch|p1a: Grimmsnarl|Grimmsnarl, L50, M|100\/100\n|switch|p1b: Chi-Yu|Chi-Yu, L50|100\/100\n|switch|p2a: Lilligant|Lilligant, L50, F|100\/100\n|switch|p2b: Torkoal|Torkoal, L50, M|100\/100\n|-ability|p1b: Chi-Yu|Beads of Ruin\n|-weather|SunnyDay|[from] ability: Drought|[of] p2b: Torkoal\n|turn|1\n|inactive|Battle timer is ON: inactive players will automatically lose when time's up. (requested by tythhh)\n|\n|t:|1682061362\n|move|p2a: Lilligant|Protect|p2a: Lilligant\n|-singleturn|p2a: Lilligant|Protect\n|move|p1b: Chi-Yu|Protect|p1b: Chi-Yu\n|-singleturn|p1b: Chi-Yu|Protect\n|move|p2b: Torkoal|Protect|p2b: Torkoal\n|-singleturn|p2b: Torkoal|Protect\n|move|p1a: Grimmsnarl|Trick|p2a: Lilligant\n|-activate|p2a: Lilligant|move: Protect\n|\n|-weather|SunnyDay|[upkeep]\n|upkeep\n|turn|2\n|\n|t:|1682061377\n|switch|p1b: Gastrodon|Gastrodon, L50, F|100\/100\n|move|p1a: Grimmsnarl|Trick|p2a: Lilligant\n|-activate|p1a: Grimmsnarl|move: Trick|[of] p2a: Lilligant\n|-item|p2a: Lilligant|Lagging Tail|[from] move: Trick\n|-item|p1a: Grimmsnarl|Focus Sash|[from] move: Trick\n|move|p2a: Lilligant|Sleep Powder|p1b: Gastrodon|[miss]\n|-miss|p2a: Lilligant|p1b: Gastrodon\n|move|p2b: Torkoal|Eruption|p1a: Grimmsnarl|[spread] p1a,p1b\n|-resisted|p1b: Gastrodon\n|-damage|p1a: Grimmsnarl|6\/100\n|-damage|p1b: Gastrodon|69\/100\n|\n|-weather|SunnyDay|[upkeep]\n|upkeep\n|turn|3\n|\n|t:|1682061394\n|move|p1b: Gastrodon|Protect|p1b: Gastrodon\n|-singleturn|p1b: Gastrodon|Protect\n|move|p2b: Torkoal|Protect|p2b: Torkoal\n|-singleturn|p2b: Torkoal|Protect\n|move|p1a: Grimmsnarl|Spirit Break|p2a: Lilligant\n|-damage|p2a: Lilligant|51\/100\n|-unboost|p2a: Lilligant|spa|1\n|move|p2a: Lilligant|Leaf Storm|p1b: Gastrodon\n|-activate|p1b: Gastrodon|move: Protect\n|\n|-weather|SunnyDay|[upkeep]\n|upkeep\n|turn|4\n|\n|t:|1682061409\n|move|p1a: Grimmsnarl|Spirit Break|p2b: Torkoal\n|-resisted|p2b: Torkoal\n|-damage|p2b: Torkoal|85\/100\n|-unboost|p2b: Torkoal|spa|1\n|move|p1b: Gastrodon|Sludge Bomb|p2a: Lilligant\n|-supereffective|p2a: Lilligant\n|-damage|p2a: Lilligant|0 fnt\n|faint|p2a: Lilligant\n|move|p2b: Torkoal|Eruption|p1b: Gastrodon|[spread] p1a,p1b\n|-resisted|p1b: Gastrodon\n|-damage|p1a: Grimmsnarl|0 fnt\n|-damage|p1b: Gastrodon|50\/100\n|faint|p1a: Grimmsnarl\n|\n|-weather|SunnyDay|[upkeep]\n|upkeep\n|\n|t:|1682061423\n|switch|p2a: Iron Hands|Iron Hands, L50|100\/100\n|switch|p1a: Skeledirge|Skeledirge, L50, F|100\/100\n|turn|5\n|\n|t:|1682061444\n|move|p1b: Gastrodon|Protect|p1b: Gastrodon\n|-singleturn|p1b: Gastrodon|Protect\n|move|p1a: Skeledirge|Torch Song|p2b: Torkoal\n|-resisted|p2b: Torkoal\n|-damage|p2b: Torkoal|44\/100\n|-boost|p1a: Skeledirge|spa|1\n|move|p2a: Iron Hands|Wild Charge|p1a: Skeledirge\n|-damage|p1a: Skeledirge|51\/100\n|-damage|p2a: Iron Hands|91\/100|[from] Recoil\n|move|p2b: Torkoal|Flamethrower|p1a: Skeledirge\n|-resisted|p1a: Skeledirge\n|-damage|p1a: Skeledirge|28\/100\n|\n|-weather|none\n|-heal|p1a: Skeledirge|33\/100|[from] item: Leftovers\n|upkeep\n|turn|6\n|inactive|inimr has 30 seconds left.\n|\n|t:|1682061472\n|switch|p2b: Volcarona|Volcarona, L50, F|100\/100\n|move|p1a: Skeledirge|Protect|p1a: Skeledirge\n|-singleturn|p1a: Skeledirge|Protect\n|move|p2a: Iron Hands|Wild Charge|p1a: Skeledirge\n|-activate|p1a: Skeledirge|move: Protect\n|move|p1b: Gastrodon|Earth Power|p2a: Iron Hands\n|-supereffective|p2a: Iron Hands\n|-damage|p2a: Iron Hands|48\/100\n|\n|-heal|p1a: Skeledirge|39\/100|[from] item: Leftovers\n|upkeep\n|turn|7\n|inactive|tythhh has 30 seconds left.\n|\n|t:|1682061498\n|move|p2b: Volcarona|Struggle Bug|p1b: Gastrodon|[spread] p1a,p1b\n|-resisted|p1a: Skeledirge\n|-damage|p1a: Skeledirge|35\/100\n|-damage|p1b: Gastrodon|37\/100\n|-unboost|p1a: Skeledirge|spa|1\n|move|p1a: Skeledirge|Torch Song|p2b: Volcarona\n|-damage|p2b: Volcarona|66\/100\n|-boost|p1a: Skeledirge|spa|1\n|move|p2a: Iron Hands|Wild Charge|p1a: Skeledirge\n|-damage|p1a: Skeledirge|0 fnt\n|faint|p1a: Skeledirge\n|-damage|p2a: Iron Hands|41\/100|[from] Recoil\n|move|p1b: Gastrodon|Earth Power|p2b: Volcarona\n|-damage|p2b: Volcarona|35\/100\n|-unboost|p2b: Volcarona|spd|1\n|-enditem|p2b: Volcarona|Sitrus Berry|[eat]\n|-heal|p2b: Volcarona|60\/100|[from] item: Sitrus Berry\n|\n|upkeep\n|\n|t:|1682061501\n|switch|p1a: Chi-Yu|Chi-Yu, L50|100\/100\n|-ability|p1a: Chi-Yu|Beads of Ruin\n|turn|8\n|inactive|inimr has 30 seconds left.\n|inactive|inimr has 20 seconds left.\n|\n|t:|1682061539\n|-terastallize|p1a: Chi-Yu|Ghost\n|move|p1b: Gastrodon|Protect|p1b: Gastrodon\n|-singleturn|p1b: Gastrodon|Protect\n|move|p1a: Chi-Yu|Tera Blast|p2b: Volcarona\n|-damage|p2b: Volcarona|0 fnt\n|faint|p2b: Volcarona\n|move|p2a: Iron Hands|Drain Punch|p1a: Chi-Yu\n|-immune|p1a: Chi-Yu\n|\n|upkeep\n|\n|t:|1682061548\n|switch|p2b: Torkoal|Torkoal, L50, M|44\/100\n|-weather|SunnyDay|[from] ability: Drought|[of] p2b: Torkoal\n|turn|9\n|-message|inimr forfeited.\n|\n|win|tythhh\n|raw|tythhh's rating: 1117 → 1149<\/strong> (+32 for winning)\n|raw|inimr's rating: 1214 → 1182<\/strong> (-32 for losing)\n|l|\u2606inimr\n","uploadtime":1682061556,"views":6,"p1id":"tythhh","p2id":"inimr","formatid":"gen9vgc2023regulationc","rating":1149,"private":0,"password":""}