{"id":"gen9vgc2023regulationc-1845942636","p1":"aaaaaaaaaer","p2":"shhh6","format":"[Gen 9] VGC 2023 Regulation C","log":"|j|\u2606aaaaaaaaaer\n|j|\u2606shhh6\n|t:|1681781993\n|gametype|doubles\n|player|p1|aaaaaaaaaer|265|1125\n|player|p2|shhh6|101|1117\n|teamsize|p1|6\n|teamsize|p2|6\n|gen|9\n|tier|[Gen 9] VGC 2023 Regulation C\n|rated|\n|rule|Species Clause: Limit one of each Pok\u00e9mon\n|rule|Item Clause: Limit one of each item\n|clearpoke\n|poke|p1|Ditto, L50|\n|poke|p1|Dragapult, L50, F|\n|poke|p1|Arcanine, L50, M|\n|poke|p1|Iron Hands, L50|\n|poke|p1|Garganacl, L50, F|\n|poke|p1|Scizor, L50, M|\n|poke|p2|Torkoal, L50, M|\n|poke|p2|Chi-Yu, L50|\n|poke|p2|Bronzong, L50|\n|poke|p2|Gastrodon, L50, M|\n|poke|p2|Grimmsnarl, L50, M|\n|poke|p2|Skeledirge, L50, M|\n|teampreview|4\n|\n|t:|1681782026\n|start\n|switch|p1a: Iron Hands|Iron Hands, L50|100\/100\n|switch|p1b: Arcanine|Arcanine, L50, M|100\/100\n|switch|p2a: Grimmsnarl|Grimmsnarl, L50, M|100\/100\n|switch|p2b: Bronzong|Bronzong, L50|100\/100\n|-ability|p1b: Arcanine|Intimidate|boost\n|-unboost|p2a: Grimmsnarl|atk|1\n|-unboost|p2b: Bronzong|atk|1\n|turn|1\n|inactive|Battle timer is ON: inactive players will automatically lose when time's up. (requested by shhh6)\n|\n|t:|1681782046\n|switch|p2b: Skeledirge|Skeledirge, L50, M|100\/100\n|move|p1a: Iron Hands|Fake Out|p2a: Grimmsnarl\n|-damage|p2a: Grimmsnarl|83\/100\n|cant|p2a: Grimmsnarl|flinch\n|move|p1b: Arcanine|Will-O-Wisp|p2b: Skeledirge\n|-immune|p2b: Skeledirge\n|\n|upkeep\n|turn|2\n|\n|t:|1681782061\n|switch|p2a: Gastrodon|Gastrodon, L50, M|100\/100\n|move|p1b: Arcanine|Snarl|p2b: Skeledirge|[spread] p2a,p2b\n|-supereffective|p2b: Skeledirge\n|-damage|p2a: Gastrodon|92\/100\n|-damage|p2b: Skeledirge|80\/100\n|-unboost|p2b: Skeledirge|spa|1\n|move|p2b: Skeledirge|Encore|p1a: Iron Hands\n|-start|p1a: Iron Hands|Encore\n|move|p1a: Iron Hands|Fake Out||[still]\n|-hint|Fake Out only works on your first turn out.\n|-fail|p1a: Iron Hands\n|\n|-heal|p2b: Skeledirge|86\/100|[from] item: Leftovers\n|upkeep\n|turn|3\n|\n|t:|1681782086\n|-end|p1a: Iron Hands|Quark Drive|[silent]\n|switch|p1a: Dragapult|Dragapult, L50, F|100\/100\n|move|p1b: Arcanine|Snarl|p2b: Skeledirge|[spread] p2a,p2b\n|-supereffective|p2b: Skeledirge\n|-damage|p2a: Gastrodon|85\/100\n|-damage|p2b: Skeledirge|65\/100\n|-unboost|p2b: Skeledirge|spa|1\n|move|p2b: Skeledirge|Torch Song|p1a: Dragapult\n|-resisted|p1a: Dragapult\n|-damage|p1a: Dragapult|87\/100\n|-boost|p2b: Skeledirge|spa|1\n|move|p2a: Gastrodon|Earth Power|p1a: Dragapult\n|-damage|p1a: Dragapult|35\/100\n|\n|-heal|p2b: Skeledirge|71\/100|[from] item: Leftovers\n|upkeep\n|turn|4\n|\n|t:|1681782110\n|switch|p2a: Grimmsnarl|Grimmsnarl, L50, M|83\/100\n|move|p2b: Skeledirge|Protect|p2b: Skeledirge\n|-singleturn|p2b: Skeledirge|Protect\n|move|p1a: Dragapult|Draco Meteor|p2a: Grimmsnarl\n|-immune|p2a: Grimmsnarl\n|move|p1b: Arcanine|Snarl|p2b: Skeledirge|[spread] p2a\n|-activate|p2b: Skeledirge|move: Protect\n|-resisted|p2a: Grimmsnarl\n|-damage|p2a: Grimmsnarl|81\/100\n|-unboost|p2a: Grimmsnarl|spa|1\n|\n|-heal|p2b: Skeledirge|76\/100|[from] item: Leftovers\n|upkeep\n|turn|5\n|inactive|aaaaaaaaaer has 30 seconds left.\n|inactive|shhh6 has 30 seconds left.\n|\n|t:|1681782136\n|switch|p1a: Iron Hands|Iron Hands, L50|100\/100\n|switch|p2b: Bronzong|Bronzong, L50|100\/100\n|move|p2a: Grimmsnarl|Trick|p1b: Arcanine\n|-activate|p2a: Grimmsnarl|move: Trick|[of] p1b: Arcanine\n|-item|p1b: Arcanine|Lagging Tail|[from] move: Trick\n|-item|p2a: Grimmsnarl|Sitrus Berry|[from] move: Trick\n|move|p1b: Arcanine|Snarl|p2b: Bronzong|[spread] p2a,p2b\n|-resisted|p2a: Grimmsnarl\n|-supereffective|p2b: Bronzong\n|-damage|p2a: Grimmsnarl|78\/100\n|-damage|p2b: Bronzong|83\/100\n|-unboost|p2a: Grimmsnarl|spa|1\n|-unboost|p2b: Bronzong|spa|1\n|\n|upkeep\n|turn|6\n|\n|t:|1681782155\n|switch|p2a: Skeledirge|Skeledirge, L50, M|76\/100\n|move|p1a: Iron Hands|Fake Out|p2a: Skeledirge\n|-immune|p2a: Skeledirge\n|move|p2b: Bronzong|Body Press|p1b: Arcanine\n|-crit|p1b: Arcanine\n|-damage|p1b: Arcanine|63\/100\n|move|p1b: Arcanine|Will-O-Wisp|p2b: Bronzong\n|-status|p2b: Bronzong|brn\n|\n|-heal|p2a: Skeledirge|82\/100|[from] item: Leftovers\n|-damage|p2b: Bronzong|77\/100 brn|[from] brn\n|upkeep\n|turn|7\n|\n|t:|1681782173\n|-end|p1a: Iron Hands|Quark Drive|[silent]\n|switch|p1a: Garganacl|Garganacl, L50, F|100\/100\n|switch|p2b: Grimmsnarl|Grimmsnarl, L50, M|78\/100\n|move|p2a: Skeledirge|Encore||[still]\n|-fail|p2a: Skeledirge\n|move|p1b: Arcanine|Snarl|p2b: Grimmsnarl|[spread] p2a,p2b\n|-supereffective|p2a: Skeledirge\n|-resisted|p2b: Grimmsnarl\n|-crit|p2b: Grimmsnarl\n|-damage|p2a: Skeledirge|60\/100\n|-damage|p2b: Grimmsnarl|74\/100\n|-unboost|p2a: Skeledirge|spa|1\n|-unboost|p2b: Grimmsnarl|spa|1\n|\n|-heal|p2a: Skeledirge|66\/100|[from] item: Leftovers\n|upkeep\n|turn|8\n|\n|t:|1681782198\n|switch|p2a: Gastrodon|Gastrodon, L50, M|85\/100\n|move|p2b: Grimmsnarl|Sucker Punch|p1b: Arcanine\n|-damage|p1b: Arcanine|28\/100\n|move|p1a: Garganacl|Salt Cure|p2a: Gastrodon\n|-resisted|p2a: Gastrodon\n|-damage|p2a: Gastrodon|76\/100\n|move|p1b: Arcanine|Snarl|p2a: Gastrodon|[spread] p2a,p2b\n|-resisted|p2b: Grimmsnarl\n|-damage|p2a: Gastrodon|69\/100\n|-damage|p2b: Grimmsnarl|72\/100\n|-unboost|p2b: Grimmsnarl|spa|1\n|\n|upkeep\n|turn|9\n|\n|t:|1681782216\n|switch|p2b: Bronzong|Bronzong, L50|77\/100 brn\n|-terastallize|p1a: Garganacl|Water\n|move|p1b: Arcanine|Protect|p1b: Arcanine\n|-singleturn|p1b: Arcanine|Protect\n|move|p2a: Gastrodon|Earth Power|p1b: Arcanine\n|-activate|p1b: Arcanine|move: Protect\n|move|p1a: Garganacl|Salt Cure|p2b: Bronzong\n|-resisted|p2b: Bronzong\n|-damage|p2b: Bronzong|72\/100 brn\n|-start|p2b: Bronzong|Salt Cure\n|\n|-damage|p2b: Bronzong|66\/100 brn|[from] brn\n|-damage|p2b: Bronzong|42\/100 brn|[from] Salt Cure\n|upkeep\n|turn|10\n|\n|t:|1681782236\n|switch|p1b: Iron Hands|Iron Hands, L50|100\/100\n|switch|p2b: Grimmsnarl|Grimmsnarl, L50, M|72\/100\n|move|p1a: Garganacl|Protect|p1a: Garganacl\n|-singleturn|p1a: Garganacl|Protect\n|move|p2a: Gastrodon|Earth Power|p1b: Iron Hands\n|-supereffective|p1b: Iron Hands\n|-damage|p1b: Iron Hands|56\/100\n|\n|upkeep\n|turn|11\n|\n|t:|1681782251\n|switch|p2a: Skeledirge|Skeledirge, L50, M|66\/100\n|move|p2b: Grimmsnarl|Fake Out|p1a: Garganacl\n|-damage|p1a: Garganacl|91\/100\n|move|p1b: Iron Hands|Fake Out|p2a: Skeledirge\n|-immune|p2a: Skeledirge\n|cant|p1a: Garganacl|flinch\n|\n|-heal|p2a: Skeledirge|72\/100|[from] item: Leftovers\n|-heal|p1a: Garganacl|97\/100|[from] item: Leftovers\n|upkeep\n|turn|12\n|\n|t:|1681782268\n|move|p2a: Skeledirge|Protect|p2a: Skeledirge\n|-singleturn|p2a: Skeledirge|Protect\n|move|p2b: Grimmsnarl|Spirit Break|p1b: Iron Hands\n|-supereffective|p1b: Iron Hands\n|-damage|p1b: Iron Hands|9\/100\n|-unboost|p1b: Iron Hands|spa|1\n|move|p1b: Iron Hands|Wild Charge|p2b: Grimmsnarl\n|-damage|p2b: Grimmsnarl|16\/100\n|-enditem|p2b: Grimmsnarl|Sitrus Berry|[eat]\n|-heal|p2b: Grimmsnarl|41\/100|[from] item: Sitrus Berry\n|-damage|p1b: Iron Hands|0 fnt|[from] Recoil\n|faint|p1b: Iron Hands\n|-end|p1b: Iron Hands|Quark Drive|[silent]\n|move|p1a: Garganacl|Salt Cure|p2a: Skeledirge\n|-activate|p2a: Skeledirge|move: Protect\n|\n|-heal|p2a: Skeledirge|77\/100|[from] item: Leftovers\n|-heal|p1a: Garganacl|100\/100|[from] item: Leftovers\n|upkeep\n|\n|t:|1681782289\n|switch|p1b: Dragapult|Dragapult, L50, F|35\/100\n|turn|13\n|\n|t:|1681782299\n|switch|p2a: Bronzong|Bronzong, L50|42\/100 brn\n|move|p2b: Grimmsnarl|Sucker Punch|p1b: Dragapult\n|-supereffective|p1b: Dragapult\n|-damage|p1b: Dragapult|0 fnt\n|faint|p1b: Dragapult\n|move|p1a: Garganacl|Salt Cure|p2b: Grimmsnarl\n|-damage|p2b: Grimmsnarl|24\/100\n|-start|p2b: Grimmsnarl|Salt Cure\n|\n|-damage|p2a: Bronzong|36\/100 brn|[from] brn\n|-damage|p2b: Grimmsnarl|11\/100|[from] Salt Cure\n|upkeep\n|\n|t:|1681782313\n|switch|p1b: Arcanine|Arcanine, L50, M|28\/100\n|-ability|p1b: Arcanine|Intimidate|boost\n|-unboost|p2a: Bronzong|atk|1\n|-unboost|p2b: Grimmsnarl|atk|1\n|turn|14\n|\n|t:|1681782322\n|switch|p2b: Skeledirge|Skeledirge, L50, M|77\/100\n|move|p1b: Arcanine|Protect|p1b: Arcanine\n|-singleturn|p1b: Arcanine|Protect\n|move|p1a: Garganacl|Salt Cure|p2a: Bronzong\n|-resisted|p2a: Bronzong\n|-damage|p2a: Bronzong|31\/100 brn\n|-start|p2a: Bronzong|Salt Cure\n|move|p2a: Bronzong|Body Press|p1b: Arcanine\n|-activate|p1b: Arcanine|move: Protect\n|\n|-heal|p2b: Skeledirge|83\/100|[from] item: Leftovers\n|-damage|p2a: Bronzong|25\/100 brn|[from] brn\n|-damage|p2a: Bronzong|0 fnt|[from] Salt Cure\n|faint|p2a: Bronzong\n|upkeep\n|\n|t:|1681782330\n|switch|p2a: Grimmsnarl|Grimmsnarl, L50, M|11\/100\n|turn|15\n|\n|t:|1681782344\n|move|p2a: Grimmsnarl|Fake Out|p1a: Garganacl\n|-damage|p1a: Garganacl|91\/100\n|move|p2b: Skeledirge|Encore|p1b: Arcanine\n|-start|p1b: Arcanine|Encore\n|cant|p1a: Garganacl|flinch\n|move|p1b: Arcanine|Protect||[still]\n|-fail|p1b: Arcanine\n|\n|-heal|p2b: Skeledirge|89\/100|[from] item: Leftovers\n|-heal|p1a: Garganacl|97\/100|[from] item: Leftovers\n|upkeep\n|turn|16\n|\n|t:|1681782366\n|move|p2b: Skeledirge|Protect|p2b: Skeledirge\n|-singleturn|p2b: Skeledirge|Protect\n|move|p1b: Arcanine|Protect|p1b: Arcanine\n|-singleturn|p1b: Arcanine|Protect\n|move|p2a: Grimmsnarl|Trick|p1a: Garganacl\n|-activate|p2a: Grimmsnarl|move: Trick|[of] p1a: Garganacl\n|-enditem|p1a: Garganacl|Leftovers|[silent]|[from] move: Trick\n|-item|p2a: Grimmsnarl|Leftovers|[from] move: Trick\n|move|p1a: Garganacl|Salt Cure|p2b: Skeledirge\n|-activate|p2b: Skeledirge|move: Protect\n|\n|-heal|p2b: Skeledirge|95\/100|[from] item: Leftovers\n|-heal|p2a: Grimmsnarl|17\/100|[from] item: Leftovers\n|upkeep\n|turn|17\n|\n|t:|1681782386\n|-terastallize|p2b: Skeledirge|Fairy\n|move|p1b: Arcanine|Protect||[still]\n|-fail|p1b: Arcanine\n|move|p2b: Skeledirge|Torch Song|p1b: Arcanine\n|-resisted|p1b: Arcanine\n|-damage|p1b: Arcanine|9\/100\n|-boost|p2b: Skeledirge|spa|1\n|move|p2a: Grimmsnarl|Spirit Break|p1b: Arcanine\n|-resisted|p1b: Arcanine\n|-damage|p1b: Arcanine|0 fnt\n|faint|p1b: Arcanine\n|move|p1a: Garganacl|Salt Cure|p2b: Skeledirge\n|-damage|p2b: Skeledirge|83\/100\n|-start|p2b: Skeledirge|Salt Cure\n|\n|-heal|p2b: Skeledirge|88\/100|[from] item: Leftovers\n|-heal|p2a: Grimmsnarl|23\/100|[from] item: Leftovers\n|-damage|p2b: Skeledirge|76\/100|[from] Salt Cure\n|upkeep\n|turn|18\n|\n|t:|1681782408\n|switch|p2a: Gastrodon|Gastrodon, L50, M|69\/100\n|move|p2b: Skeledirge|Tera Blast|p1a: Garganacl\n|-damage|p1a: Garganacl|53\/100\n|move|p1a: Garganacl|Salt Cure|p2a: Gastrodon\n|-resisted|p2a: Gastrodon\n|-crit|p2a: Gastrodon\n|-damage|p2a: Gastrodon|56\/100\n|\n|-heal|p2b: Skeledirge|82\/100|[from] item: Leftovers\n|-damage|p2b: Skeledirge|70\/100|[from] Salt Cure\n|upkeep\n|turn|19\n|\n|t:|1681782421\n|move|p2b: Skeledirge|Tera Blast|p1a: Garganacl\n|-crit|p1a: Garganacl\n|-damage|p1a: Garganacl|0 fnt\n|faint|p1a: Garganacl\n|\n|win|shhh6\n|raw|aaaaaaaaaer's rating: 1125 → 1098<\/strong> (-27 for losing)\n|raw|shhh6's rating: 1098 → 1125<\/strong> (+27 for winning)\n","uploadtime":1681782425,"views":12,"p1id":"aaaaaaaaaer","p2id":"shhh6","formatid":"gen9vgc2023regulationc","rating":1098,"private":0,"password":""}