{"id":"gen9vgc2023regulationc-1857371932","p1":"r3gCt3st","p2":"XJ09","format":"[Gen 9] VGC 2023 Regulation C","log":"|j|\u2606r3gCt3st\n|j|\u2606XJ09\n|t:|1683182051\n|gametype|doubles\n|player|p1|r3gCt3st|harlequin|1315\n|player|p2|XJ09|cynthia|1242\n|teamsize|p1|6\n|teamsize|p2|6\n|gen|9\n|tier|[Gen 9] VGC 2023 Regulation C\n|rated|\n|rule|Species Clause: Limit one of each Pok\u00e9mon\n|rule|Item Clause: Limit one of each item\n|clearpoke\n|poke|p1|Glimmora, L50, M|\n|poke|p1|Dragonite, L50, M|\n|poke|p1|Flutter Mane, L50|\n|poke|p1|Dondozo, L50, F|\n|poke|p1|Chien-Pao, L50|\n|poke|p1|Chi-Yu, L50|\n|poke|p2|Roaring Moon, L50|\n|poke|p2|Garganacl, L50, M|\n|poke|p2|Ting-Lu, L50|\n|poke|p2|Gyarados, L50, M|\n|poke|p2|Annihilape, L50, M|\n|poke|p2|Grimmsnarl, L50, M|\n|teampreview|4\n|\n|t:|1683182092\n|start\n|switch|p1a: Glimmora|Glimmora, L50, M|100\/100\n|switch|p1b: Dondozo|Dondozo, L50, F|100\/100\n|switch|p2a: Grimmsnarl|Grimmsnarl, L50, M|100\/100\n|switch|p2b: Roaring Moon|Roaring Moon, L50|100\/100\n|-enditem|p2b: Roaring Moon|Booster Energy\n|-activate|p2b: Roaring Moon|ability: Protosynthesis|[fromitem]\n|-start|p2b: Roaring Moon|protosynthesisspe\n|turn|1\n|\n|t:|1683182121\n|move|p1a: Glimmora|Spiky Shield|p1a: Glimmora\n|-singleturn|p1a: Glimmora|move: Protect\n|move|p2a: Grimmsnarl|Parting Shot|p1a: Glimmora\n|-activate|p1a: Glimmora|move: Protect\n|move|p2b: Roaring Moon|Breaking Swipe|p1a: Glimmora|[spread] p1b\n|-activate|p1a: Glimmora|move: Protect\n|-damage|p2b: Roaring Moon|88\/100|[from] Spiky Shield|[of] p1a: Glimmora\n|-damage|p1b: Dondozo|90\/100\n|-unboost|p1b: Dondozo|atk|1\n|move|p1b: Dondozo|Yawn|p2b: Roaring Moon\n|-start|p2b: Roaring Moon|move: Yawn|[of] p1b: Dondozo\n|\n|-heal|p1b: Dondozo|96\/100|[from] item: Leftovers\n|upkeep\n|turn|2\n|\n|t:|1683182147\n|-end|p2b: Roaring Moon|Protosynthesis|[silent]\n|switch|p2b: Gyarados|Gyarados, L50, M|100\/100\n|-ability|p2b: Gyarados|Intimidate|boost\n|-unboost|p1a: Glimmora|atk|1\n|-unboost|p1b: Dondozo|atk|1\n|-terastallize|p1a: Glimmora|Grass\n|move|p2a: Grimmsnarl|Parting Shot|p1a: Glimmora\n|-unboost|p1a: Glimmora|atk|1\n|-unboost|p1a: Glimmora|spa|1\n|\n|t:|1683182156\n|switch|p2a: Garganacl|Garganacl, L50, M|100\/100|[from] Parting Shot\n|move|p1a: Glimmora|Energy Ball|p2a: Garganacl\n|-supereffective|p2a: Garganacl\n|-damage|p2a: Garganacl|57\/100\n|move|p1b: Dondozo|Bulldoze|p2a: Garganacl|[spread] p1a,p2a\n|-immune|p2b: Gyarados\n|-resisted|p1a: Glimmora\n|-supereffective|p2a: Garganacl\n|-damage|p1a: Glimmora|98\/100\n|-damage|p2a: Garganacl|49\/100\n|-unboost|p1a: Glimmora|spe|1\n|-unboost|p2a: Garganacl|spe|1\n|-activate|p1a: Glimmora|ability: Toxic Debris\n|-sidestart|p2: XJ09|move: Toxic Spikes\n|\n|-heal|p1b: Dondozo|100\/100|[from] item: Leftovers\n|-heal|p2a: Garganacl|55\/100|[from] item: Leftovers\n|upkeep\n|turn|3\n|\n|t:|1683182184\n|move|p2a: Garganacl|Protect|p2a: Garganacl\n|-singleturn|p2a: Garganacl|Protect\n|move|p2b: Gyarados|Waterfall|p1a: Glimmora\n|-resisted|p1a: Glimmora\n|-damage|p1a: Glimmora|75\/100\n|-activate|p1a: Glimmora|ability: Toxic Debris\n|-sidestart|p2: XJ09|move: Toxic Spikes\n|move|p1a: Glimmora|Toxic|p2b: Gyarados\n|-status|p2b: Gyarados|tox\n|move|p1b: Dondozo|Bulldoze|p2b: Gyarados|[spread] p1a\n|-activate|p2a: Garganacl|move: Protect\n|-immune|p2b: Gyarados\n|-resisted|p1a: Glimmora\n|-damage|p1a: Glimmora|72\/100\n|-unboost|p1a: Glimmora|spe|1\n|\n|-heal|p2a: Garganacl|61\/100|[from] item: Leftovers\n|-damage|p2b: Gyarados|95\/100 tox|[from] psn\n|upkeep\n|turn|4\n|\n|t:|1683182212\n|switch|p2b: Roaring Moon|Roaring Moon, L50|88\/100\n|-status|p2b: Roaring Moon|tox\n|switch|p1a: Dragonite|Dragonite, L50, M|100\/100\n|move|p1b: Dondozo|Bulldoze|p2a: Garganacl|[spread] p2a,p2b\n|-immune|p1a: Dragonite\n|-supereffective|p2a: Garganacl\n|-crit|p2a: Garganacl\n|-damage|p2a: Garganacl|42\/100\n|-damage|p2b: Roaring Moon|84\/100 tox\n|-unboost|p2a: Garganacl|spe|1\n|-unboost|p2b: Roaring Moon|spe|1\n|move|p2a: Garganacl|Salt Cure|p1b: Dondozo\n|-damage|p1b: Dondozo|92\/100\n|-start|p1b: Dondozo|Salt Cure\n|\n|-heal|p1b: Dondozo|98\/100|[from] item: Leftovers\n|-heal|p2a: Garganacl|47\/100|[from] item: Leftovers\n|-damage|p2b: Roaring Moon|78\/100 tox|[from] psn\n|-damage|p1b: Dondozo|73\/100|[from] Salt Cure\n|upkeep\n|turn|5\n|\n|t:|1683182241\n|switch|p1b: Glimmora|Glimmora, L50, M, tera:Grass|72\/100\n|-terastallize|p2b: Roaring Moon|Fairy\n|move|p1a: Dragonite|Dragon Dance|p1a: Dragonite\n|-boost|p1a: Dragonite|atk|1\n|-boost|p1a: Dragonite|spe|1\n|move|p2b: Roaring Moon|Breaking Swipe|p1b: Glimmora|[spread] p1a,p1b\n|-supereffective|p1a: Dragonite\n|-damage|p1a: Dragonite|86\/100\n|-damage|p1b: Glimmora|50\/100\n|-unboost|p1a: Dragonite|atk|1\n|-unboost|p1b: Glimmora|atk|1\n|-enditem|p1b: Glimmora|Sitrus Berry|[eat]\n|-heal|p1b: Glimmora|75\/100|[from] item: Sitrus Berry\n|move|p2a: Garganacl|Recover|p2a: Garganacl\n|-heal|p2a: Garganacl|98\/100\n|\n|-heal|p2a: Garganacl|100\/100|[from] item: Leftovers\n|-damage|p2b: Roaring Moon|65\/100 tox|[from] psn\n|upkeep\n|turn|6\n|\n|t:|1683182270\n|move|p1a: Dragonite|Earthquake|p2a: Garganacl|[spread] p1b,p2a,p2b\n|-resisted|p1b: Glimmora\n|-crit|p1b: Glimmora\n|-supereffective|p2a: Garganacl\n|-damage|p1b: Glimmora|52\/100\n|-damage|p2a: Garganacl|70\/100\n|-damage|p2b: Roaring Moon|43\/100 tox\n|move|p1b: Glimmora|Energy Ball|p2a: Garganacl\n|-supereffective|p2a: Garganacl\n|-damage|p2a: Garganacl|2\/100\n|move|p2b: Roaring Moon|Snarl|p1b: Glimmora|[spread] p1a,p1b\n|-damage|p1a: Dragonite|76\/100\n|-damage|p1b: Glimmora|43\/100\n|-unboost|p1a: Dragonite|spa|1\n|-unboost|p1b: Glimmora|spa|1\n|move|p2a: Garganacl|Salt Cure|p1a: Dragonite\n|-supereffective|p1a: Dragonite\n|-damage|p1a: Dragonite|51\/100\n|-start|p1a: Dragonite|Salt Cure\n|\n|-heal|p2a: Garganacl|8\/100|[from] item: Leftovers\n|-damage|p2b: Roaring Moon|24\/100 tox|[from] psn\n|-damage|p1a: Dragonite|38\/100|[from] Salt Cure\n|upkeep\n|turn|7\n|\n|t:|1683182292\n|-end|p2b: Roaring Moon|Protosynthesis|[silent]\n|switch|p2b: Gyarados|Gyarados, L50, M|95\/100 tox\n|-ability|p2b: Gyarados|Intimidate|boost\n|-unboost|p1a: Dragonite|atk|1\n|-unboost|p1b: Glimmora|atk|1\n|move|p2a: Garganacl|Protect|p2a: Garganacl\n|-singleturn|p2a: Garganacl|Protect\n|move|p1a: Dragonite|Extreme Speed|p2b: Gyarados\n|-damage|p2b: Gyarados|71\/100 tox\n|move|p1b: Glimmora|Energy Ball|p2a: Garganacl\n|-activate|p2a: Garganacl|move: Protect\n|\n|-heal|p2a: Garganacl|14\/100|[from] item: Leftovers\n|-damage|p2b: Gyarados|65\/100 tox|[from] psn\n|-damage|p1a: Dragonite|26\/100|[from] Salt Cure\n|upkeep\n|turn|8\n|\n|t:|1683182319\n|switch|p1a: Dondozo|Dondozo, L50, F|73\/100\n|switch|p2a: Roaring Moon|Roaring Moon, L50, tera:Fairy|24\/100 tox\n|move|p2b: Gyarados|Ice Fang|p1b: Glimmora\n|-supereffective|p1b: Glimmora\n|-damage|p1b: Glimmora|0 fnt\n|faint|p1b: Glimmora\n|\n|-heal|p1a: Dondozo|79\/100|[from] item: Leftovers\n|-damage|p2b: Gyarados|53\/100 tox|[from] psn\n|-damage|p2a: Roaring Moon|18\/100 tox|[from] psn\n|upkeep\n|\n|t:|1683182328\n|switch|p1b: Chien-Pao|Chien-Pao, L50|100\/100\n|-ability|p1b: Chien-Pao|Sword of Ruin\n|turn|9\n|\n|t:|1683182344\n|switch|p2b: Grimmsnarl|Grimmsnarl, L50, M|100\/100\n|-status|p2b: Grimmsnarl|tox\n|move|p1b: Chien-Pao|Protect|p1b: Chien-Pao\n|-singleturn|p1b: Chien-Pao|Protect\n|move|p2a: Roaring Moon|Tailwind|p2a: Roaring Moon\n|-sidestart|p2: XJ09|move: Tailwind\n|move|p1a: Dondozo|Bulldoze|p2b: Grimmsnarl|[spread] p2a,p2b\n|-activate|p1b: Chien-Pao|move: Protect\n|-damage|p2a: Roaring Moon|6\/100 tox\n|-damage|p2b: Grimmsnarl|87\/100 tox\n|-unboost|p2a: Roaring Moon|spe|1\n|-unboost|p2b: Grimmsnarl|spe|1\n|\n|-heal|p1a: Dondozo|86\/100|[from] item: Leftovers\n|-damage|p2a: Roaring Moon|0 fnt|[from] psn\n|faint|p2a: Roaring Moon\n|-end|p2a: Roaring Moon|Protosynthesis|[silent]\n|-damage|p2b: Grimmsnarl|81\/100 tox|[from] psn\n|upkeep\n|\n|t:|1683182364\n|switch|p2a: Gyarados|Gyarados, L50, M|53\/100 tox\n|-ability|p2a: Gyarados|Intimidate|boost\n|-unboost|p1a: Dondozo|atk|1\n|-unboost|p1b: Chien-Pao|atk|1\n|turn|10\n|\n|t:|1683182380\n|move|p2a: Gyarados|Waterfall|p1b: Chien-Pao\n|-damage|p1b: Chien-Pao|36\/100\n|move|p1b: Chien-Pao|Ice Spinner|p2a: Gyarados\n|-damage|p2a: Gyarados|9\/100 tox\n|move|p1a: Dondozo|Wave Crash|p2a: Gyarados\n|-resisted|p2a: Gyarados\n|-damage|p2a: Gyarados|0 fnt\n|faint|p2a: Gyarados\n|-damage|p1a: Dondozo|84\/100|[from] Recoil\n|move|p2b: Grimmsnarl|Spirit Break|p1b: Chien-Pao\n|-supereffective|p1b: Chien-Pao\n|-damage|p1b: Chien-Pao|0 fnt\n|faint|p1b: Chien-Pao\n|\n|-heal|p1a: Dondozo|90\/100|[from] item: Leftovers\n|-damage|p2b: Grimmsnarl|69\/100 tox|[from] psn\n|upkeep\n|\n|t:|1683182399\n|switch|p1b: Dragonite|Dragonite, L50, M|26\/100\n|switch|p2a: Garganacl|Garganacl, L50, M|14\/100\n|turn|11\n|\n|t:|1683182419\n|move|p2a: Garganacl|Protect|p2a: Garganacl\n|-singleturn|p2a: Garganacl|Protect\n|move|p1b: Dragonite|Extreme Speed|p2b: Grimmsnarl\n|-damage|p2b: Grimmsnarl|41\/100 tox\n|move|p1a: Dondozo|Wave Crash|p2a: Garganacl\n|-activate|p2a: Garganacl|move: Protect\n|move|p2b: Grimmsnarl|Spirit Break|p1b: Dragonite\n|-supereffective|p1b: Dragonite\n|-damage|p1b: Dragonite|0 fnt\n|faint|p1b: Dragonite\n|\n|-heal|p2a: Garganacl|19\/100|[from] item: Leftovers\n|-heal|p1a: Dondozo|96\/100|[from] item: Leftovers\n|-damage|p2b: Grimmsnarl|23\/100 tox|[from] psn\n|upkeep\n|turn|12\n|\n|t:|1683182447\n|move|p2b: Grimmsnarl|Thunder Wave|p1a: Dondozo\n|-status|p1a: Dondozo|par\n|move|p2a: Garganacl|Salt Cure|p1a: Dondozo\n|-damage|p1a: Dondozo|87\/100 par\n|-start|p1a: Dondozo|Salt Cure\n|cant|p1a: Dondozo|par\n|\n|-heal|p2a: Garganacl|25\/100|[from] item: Leftovers\n|-heal|p1a: Dondozo|93\/100 par|[from] item: Leftovers\n|-damage|p2b: Grimmsnarl|0 fnt|[from] psn\n|faint|p2b: Grimmsnarl\n|-damage|p1a: Dondozo|68\/100 par|[from] Salt Cure\n|-sideend|p2: XJ09|move: Tailwind\n|upkeep\n|turn|13\n|c|\u2606r3gCt3st|para for the W\n|\n|t:|1683182468\n|move|p2a: Garganacl|Protect|p2a: Garganacl\n|-singleturn|p2a: Garganacl|Protect\n|move|p1a: Dondozo|Wave Crash|p2a: Garganacl\n|-activate|p2a: Garganacl|move: Protect\n|\n|-heal|p2a: Garganacl|31\/100|[from] item: Leftovers\n|-heal|p1a: Dondozo|74\/100 par|[from] item: Leftovers\n|-damage|p1a: Dondozo|49\/100 par|[from] Salt Cure\n|upkeep\n|turn|14\n|\n|t:|1683182479\n|move|p2a: Garganacl|Recover|p2a: Garganacl\n|-heal|p2a: Garganacl|81\/100\n|move|p1a: Dondozo|Wave Crash|p2a: Garganacl\n|-supereffective|p2a: Garganacl\n|-damage|p2a: Garganacl|46\/100\n|-damage|p1a: Dondozo|40\/100 par|[from] Recoil\n|\n|-heal|p2a: Garganacl|52\/100|[from] item: Leftovers\n|-heal|p1a: Dondozo|46\/100 par|[from] item: Leftovers\n|-damage|p1a: Dondozo|21\/100 par|[from] Salt Cure\n|upkeep\n|turn|15\n|-message|r3gCt3st forfeited.\n|\n|win|XJ09\n|raw|r3gCt3st's rating: 1315 → 1291<\/strong> (-24 for losing)\n|raw|XJ09's rating: 1242 → 1272<\/strong> (+30 for winning)\n|l|\u2606r3gCt3st\n","uploadtime":1683182503,"views":7,"p1id":"r3gct3st","p2id":"xj09","formatid":"gen9vgc2023regulationc","rating":1272,"private":0,"password":""}