{"id":"gen9vgc2023regulationc-1852642182","p1":"So atey","p2":"WoJiaoReaction","format":"[Gen 9] VGC 2023 Regulation C","log":"|j|\u2606So atey\n|j|\u2606WoJiaoReaction\n|t:|1682589972\n|gametype|doubles\n|player|p1|So atey|2|1228\n|player|p2|WoJiaoReaction|firebreather|1299\n|teamsize|p1|6\n|teamsize|p2|6\n|gen|9\n|tier|[Gen 9] VGC 2023 Regulation C\n|rated|\n|rule|Species Clause: Limit one of each Pok\u00e9mon\n|rule|Item Clause: Limit one of each item\n|clearpoke\n|poke|p1|Baxcalibur, L50, M|\n|poke|p1|Murkrow, L50, M|\n|poke|p1|Flutter Mane, L50|\n|poke|p1|Chi-Yu, L50|\n|poke|p1|Ting-Lu, L50|\n|poke|p1|Iron Bundle, L50|\n|poke|p2|Azumarill, L50, M|\n|poke|p2|Skeledirge, L50, M|\n|poke|p2|Amoonguss, L50, F|\n|poke|p2|Iron Hands, L50|\n|poke|p2|Roaring Moon, L50|\n|poke|p2|Klefki, L50, M|\n|teampreview|4\n|\n|t:|1682590033\n|start\n|switch|p1a: Murkrow|Murkrow, L50, M|100\/100\n|switch|p1b: Iron Bundle|Iron Bundle, L50|100\/100\n|switch|p2a: Iron Hands|Iron Hands, L50|100\/100\n|switch|p2b: Klefki|Klefki, L50, M|100\/100\n|turn|1\n|\n|t:|1682590053\n|move|p2a: Iron Hands|Fake Out|p1b: Iron Bundle\n|-damage|p1b: Iron Bundle|82\/100\n|move|p1a: Murkrow|Taunt|p2b: Klefki\n|-start|p2b: Klefki|move: Taunt\n|move|p1b: Iron Bundle|Encore|p2a: Iron Hands\n|-start|p2a: Iron Hands|Encore\n|move|p2b: Klefki|Dazzling Gleam|p1b: Iron Bundle|[spread] p1a,p1b\n|-supereffective|p1a: Murkrow\n|-damage|p1a: Murkrow|70\/100\n|-damage|p1b: Iron Bundle|50\/100\n|\n|upkeep\n|turn|2\n|\n|t:|1682590089\n|switch|p1a: Flutter Mane|Flutter Mane, L50|100\/100\n|-enditem|p1a: Flutter Mane|Booster Energy\n|-activate|p1a: Flutter Mane|ability: Protosynthesis|[fromitem]\n|-start|p1a: Flutter Mane|protosynthesisspa\n|-end|p2a: Iron Hands|Quark Drive|[silent]\n|switch|p2a: Amoonguss|Amoonguss, L50, F|100\/100\n|move|p1b: Iron Bundle|Icy Wind|p2b: Klefki|[spread] p2a,p2b\n|-supereffective|p2a: Amoonguss\n|-resisted|p2b: Klefki\n|-damage|p2a: Amoonguss|69\/100\n|-damage|p2b: Klefki|91\/100\n|-unboost|p2a: Amoonguss|spe|1\n|-unboost|p2b: Klefki|spe|1\n|move|p2b: Klefki|Dazzling Gleam|p1a: Flutter Mane|[spread] p1a,p1b\n|-damage|p1a: Flutter Mane|81\/100\n|-damage|p1b: Iron Bundle|20\/100\n|\n|upkeep\n|turn|3\n|\n|t:|1682590121\n|move|p1b: Iron Bundle|Freeze-Dry|p2a: Amoonguss\n|-supereffective|p2a: Amoonguss\n|-damage|p2a: Amoonguss|14\/100\n|-enditem|p2a: Amoonguss|Wiki Berry|[eat]\n|-heal|p2a: Amoonguss|47\/100|[from] item: Wiki Berry\n|move|p1a: Flutter Mane|Shadow Ball|p2b: Klefki\n|-damage|p2b: Klefki|30\/100\n|move|p2b: Klefki|Dazzling Gleam|p1a: Flutter Mane|[spread] p1a,p1b\n|-damage|p1a: Flutter Mane|62\/100\n|-damage|p1b: Iron Bundle|0 fnt\n|faint|p1b: Iron Bundle\n|-end|p1b: Iron Bundle|Quark Drive|[silent]\n|move|p2a: Amoonguss|Spore|p1a: Flutter Mane\n|-status|p1a: Flutter Mane|slp|[from] move: Spore\n|\n|-end|p2b: Klefki|move: Taunt\n|upkeep\n|\n|t:|1682590143\n|switch|p1b: Murkrow|Murkrow, L50, M|70\/100\n|turn|4\n|\n|t:|1682590156\n|move|p1b: Murkrow|Taunt|p2a: Amoonguss\n|-start|p2a: Amoonguss|move: Taunt\n|cant|p1a: Flutter Mane|slp\n|move|p2b: Klefki|Dazzling Gleam|p1a: Flutter Mane|[spread] p1a,p1b\n|-supereffective|p1b: Murkrow\n|-damage|p1a: Flutter Mane|44\/100 slp\n|-damage|p1b: Murkrow|40\/100\n|move|p2a: Amoonguss|Pollen Puff|p2b: Klefki\n|-heal|p2b: Klefki|80\/100\n|\n|upkeep\n|turn|5\n|\n|t:|1682590185\n|move|p1b: Murkrow|Taunt|p2b: Klefki\n|-start|p2b: Klefki|move: Taunt\n|-curestatus|p1a: Flutter Mane|slp|[msg]\n|move|p1a: Flutter Mane|Shadow Ball|p2b: Klefki\n|-damage|p2b: Klefki|20\/100\n|-unboost|p2b: Klefki|spd|1\n|move|p2b: Klefki|Dazzling Gleam|p1b: Murkrow|[spread] p1a,p1b\n|-supereffective|p1b: Murkrow\n|-damage|p1a: Flutter Mane|26\/100\n|-damage|p1b: Murkrow|11\/100\n|move|p2a: Amoonguss|Pollen Puff|p1b: Murkrow\n|-damage|p1b: Murkrow|0 fnt\n|faint|p1b: Murkrow\n|\n|upkeep\n|\n|t:|1682590203\n|switch|p1b: Baxcalibur|Baxcalibur, L50, M|100\/100\n|turn|6\n|\n|t:|1682590226\n|move|p1a: Flutter Mane|Shadow Ball|p2b: Klefki\n|-damage|p2b: Klefki|0 fnt\n|faint|p2b: Klefki\n|move|p1b: Baxcalibur|Glaive Rush|p2a: Amoonguss\n|-damage|p2a: Amoonguss|0 fnt\n|-singlemove|p1b: Baxcalibur|Glaive Rush|[silent]\n|faint|p2a: Amoonguss\n|-damage|p1b: Baxcalibur|91\/100|[from] item: Life Orb\n|\n|upkeep\n|\n|t:|1682590235\n|switch|p2b: Azumarill|Azumarill, L50, M|100\/100\n|switch|p2a: Iron Hands|Iron Hands, L50|100\/100\n|turn|7\n|\n|t:|1682590271\n|-terastallize|p1a: Flutter Mane|Fairy\n|move|p2a: Iron Hands|Fake Out|p1b: Baxcalibur\n|-damage|p1b: Baxcalibur|62\/100\n|move|p2b: Azumarill|Aqua Jet|p1a: Flutter Mane\n|-damage|p1a: Flutter Mane|0 fnt\n|faint|p1a: Flutter Mane\n|-end|p1a: Flutter Mane|Protosynthesis|[silent]\n|cant|p1b: Baxcalibur|flinch\n|\n|upkeep\n|turn|8\n|\n|t:|1682590287\n|move|p1b: Baxcalibur|Earthquake|p2b: Azumarill|[spread] p2a,p2b\n|-supereffective|p2a: Iron Hands\n|-damage|p2a: Iron Hands|46\/100\n|-damage|p2b: Azumarill|66\/100\n|-damage|p1b: Baxcalibur|53\/100|[from] item: Life Orb\n|move|p2b: Azumarill|Play Rough|p1b: Baxcalibur\n|-supereffective|p1b: Baxcalibur\n|-damage|p1b: Baxcalibur|0 fnt\n|faint|p1b: Baxcalibur\n|\n|win|WoJiaoReaction\n|raw|So atey's rating: 1228 → 1208<\/strong> (-20 for losing)\n|raw|WoJiaoReaction's rating: 1299 → 1319<\/strong> (+20 for winning)\n","uploadtime":1682590300,"views":8,"p1id":"soatey","p2id":"wojiaoreaction","formatid":"gen9vgc2023regulationc","rating":1208,"private":0,"password":""}