{"id":"gen9vgc2023regulationc-1862674741","p1":"PianginaPardo","p2":"Ym949","format":"[Gen 9] VGC 2023 Regulation C","log":"|j|\u2606PianginaPardo\n|j|\u2606Ym949\n|t:|1683911100\n|gametype|doubles\n|player|p1|PianginaPardo|1|1268\n|player|p2|Ym949|acetrainer|1380\n|teamsize|p1|6\n|teamsize|p2|6\n|gen|9\n|tier|[Gen 9] VGC 2023 Regulation C\n|rated|\n|rule|Species Clause: Limit one of each Pok\u00e9mon\n|rule|Item Clause: Limit one of each item\n|clearpoke\n|poke|p1|Iron Hands, L50|\n|poke|p1|Ting-Lu, L50|\n|poke|p1|Amoonguss, L50, M|\n|poke|p1|Gyarados, L50, M|\n|poke|p1|Iron Bundle, L50|\n|poke|p1|Flutter Mane, L50|\n|poke|p2|Iron Hands, L50|\n|poke|p2|Azumarill, L50, F|\n|poke|p2|Great Tusk, L50|\n|poke|p2|Gholdengo, L50|\n|poke|p2|Dragonite, L50, F|\n|poke|p2|Annihilape, L50, F|\n|teampreview|4\nPianginaPardo has agreed to open team sheets.\n|inactive|Battle timer is ON: inactive players will automatically lose when time's up. (requested by Ym949)\n|j| A Borygon\n|inactive|PianginaPardo has 60 seconds left.\n|\n|t:|1683911163\n|start\n|switch|p1a: Iron Bundle|Iron Bundle, L50|100\/100\n|switch|p1b: Iron Hands|Iron Hands, L50|100\/100\n|switch|p2a: Iron Hands|Iron Hands, L50|100\/100\n|switch|p2b: Annihilape|Annihilape, L50, F|100\/100\n|-enditem|p1a: Iron Bundle|Booster Energy\n|-activate|p1a: Iron Bundle|ability: Quark Drive|[fromitem]\n|-start|p1a: Iron Bundle|quarkdrivespe\n|turn|1\n|l| A Borygon\n|\n|t:|1683911179\n|move|p1a: Iron Bundle|Protect|p1a: Iron Bundle\n|-singleturn|p1a: Iron Bundle|Protect\n|move|p2a: Iron Hands|Fake Out|p1a: Iron Bundle\n|-activate|p1a: Iron Bundle|move: Protect\n|move|p2b: Annihilape|Close Combat|p1a: Iron Bundle\n|-activate|p1a: Iron Bundle|move: Protect\n|move|p1b: Iron Hands|Swords Dance|p1b: Iron Hands\n|-boost|p1b: Iron Hands|atk|2\n|\n|upkeep\n|turn|2\n|inactive|PianginaPardo has 30 seconds left.\n|inactive|PianginaPardo has 20 seconds left.\n|\n|t:|1683911215\n|switch|p2b: Great Tusk|Great Tusk, L50|100\/100\n|-enditem|p2b: Great Tusk|Booster Energy\n|-activate|p2b: Great Tusk|ability: Protosynthesis|[fromitem]\n|-start|p2b: Great Tusk|protosynthesisatk\n|-terastallize|p1a: Iron Bundle|Ghost\n|move|p1a: Iron Bundle|Encore||[still]\n|-fail|p1a: Iron Bundle\n|move|p1b: Iron Hands|Drain Punch|p2a: Iron Hands\n|-damage|p2a: Iron Hands|50\/100\n|move|p2a: Iron Hands|Wild Charge|p1a: Iron Bundle\n|-damage|p1a: Iron Bundle|37\/100\n|-damage|p2a: Iron Hands|40\/100|[from] Recoil\n|\n|upkeep\n|turn|3\n|inactive|PianginaPardo has 30 seconds left.\n|inactive|Ym949 has 30 seconds left.\n|\n|t:|1683911247\n|-end|p1a: Iron Bundle|Quark Drive|[silent]\n|switch|p1a: Gyarados|Gyarados, L50, M|100\/100\n|-ability|p1a: Gyarados|Intimidate|boost\n|-unboost|p2a: Iron Hands|atk|1\n|-unboost|p2b: Great Tusk|atk|1\n|-end|p2a: Iron Hands|Quark Drive|[silent]\n|switch|p2a: Annihilape|Annihilape, L50, F|100\/100\n|move|p2b: Great Tusk|Headlong Rush|p1a: Gyarados\n|-immune|p1a: Gyarados\n|move|p1b: Iron Hands|Drain Punch|p2b: Great Tusk\n|-damage|p2b: Great Tusk|39\/100\n|\n|upkeep\n|turn|4\n|inactive|PianginaPardo has 30 seconds left.\n|\n|t:|1683911275\n|move|p2a: Annihilape|Final Gambit|p1a: Gyarados\n|-damage|p1a: Gyarados|0 fnt\n|faint|p2a: Annihilape\n|faint|p1a: Gyarados\n|move|p2b: Great Tusk|Headlong Rush|p1b: Iron Hands\n|-supereffective|p1b: Iron Hands\n|-damage|p1b: Iron Hands|18\/100\n|-unboost|p2b: Great Tusk|def|1\n|-unboost|p2b: Great Tusk|spd|1\n|move|p1b: Iron Hands|Drain Punch|p2b: Great Tusk\n|-damage|p2b: Great Tusk|0 fnt\n|-heal|p1b: Iron Hands|33\/100|[from] drain|[of] p2b: Great Tusk\n|faint|p2b: Great Tusk\n|-end|p2b: Great Tusk|Protosynthesis|[silent]\n|\n|upkeep\n|inactive|PianginaPardo has 30 seconds left.\n|\n|t:|1683911300\n|switch|p2a: Iron Hands|Iron Hands, L50|40\/100\n|switch|p2b: Dragonite|Dragonite, L50, F|100\/100\n|switch|p1a: Iron Bundle|Iron Bundle, L50, tera:Ghost|37\/100\n|turn|5\n|inactive|Ym949 has 30 seconds left.\n|inactive|Ym949 has 20 seconds left.\n|\n|t:|1683911336\n|-end|p1b: Iron Hands|Quark Drive|[silent]\n|switch|p1b: Flutter Mane|Flutter Mane, L50|100\/100\n|-terastallize|p2b: Dragonite|Flying\n|move|p1a: Iron Bundle|Protect|p1a: Iron Bundle\n|-singleturn|p1a: Iron Bundle|Protect\n|move|p2b: Dragonite|Stomping Tantrum|p1b: Flutter Mane\n|-damage|p1b: Flutter Mane|55\/100\n|move|p2a: Iron Hands|Wild Charge|p1a: Iron Bundle\n|-activate|p1a: Iron Bundle|move: Protect\n|\n|upkeep\n|turn|6\n|inactive|PianginaPardo has 30 seconds left.\n|inactive|PianginaPardo has 20 seconds left.\n|inactive|PianginaPardo has 15 seconds left.\n|\n|t:|1683911376\n|move|p1a: Iron Bundle|Freeze-Dry|p2b: Dragonite\n|-supereffective|p2b: Dragonite\n|-damage|p2b: Dragonite|64\/100\n|move|p1b: Flutter Mane|Moonblast|p2a: Iron Hands\n|-supereffective|p2a: Iron Hands\n|-damage|p2a: Iron Hands|0 fnt\n|faint|p2a: Iron Hands\n|-end|p2a: Iron Hands|Quark Drive|[silent]\n|move|p2b: Dragonite|Tera Blast|p1b: Flutter Mane\n|-damage|p1b: Flutter Mane|0 fnt\n|faint|p1b: Flutter Mane\n|-end|p1b: Flutter Mane|Protosynthesis|[silent]\n|\n|upkeep\n|-message|Ym949 forfeited.\n|\n|win|PianginaPardo\n|raw|PianginaPardo's rating: 1268 → 1301<\/strong> (+33 for winning)\n|raw|Ym949's rating: 1380 → 1354<\/strong> (-26 for losing)\n|l|\u2606Ym949\n","uploadtime":1683911391,"views":12,"p1id":"pianginapardo","p2id":"ym949","formatid":"gen9vgc2023regulationc","rating":1301,"private":0,"password":""}