{"id":"gen9vgc2023regulationc-1857168727","p1":"Fixo161","p2":"spidopssweep","format":"[Gen 9] VGC 2023 Regulation C","log":"|j|\u2606Fixo161\n|j|\u2606spidopssweep\n|t:|1683153324\n|gametype|doubles\n|player|p1|Fixo161|265|1287\n|player|p2|spidopssweep|iris-gen5bw2|1192\n|teamsize|p1|6\n|teamsize|p2|6\n|gen|9\n|tier|[Gen 9] VGC 2023 Regulation C\n|rated|\n|rule|Species Clause: Limit one of each Pok\u00e9mon\n|rule|Item Clause: Limit one of each item\n|clearpoke\n|poke|p1|Dondozo, L50, F|\n|poke|p1|Tatsugiri, L50, F|\n|poke|p1|Iron Hands, L50|\n|poke|p1|Flutter Mane, L50|\n|poke|p1|Dragonite, L50, M|\n|poke|p1|Iron Bundle, L50|\n|poke|p2|Arcanine, L50, F|\n|poke|p2|Amoonguss, L50, M|\n|poke|p2|Palafin, L50, M|\n|poke|p2|Flutter Mane, L50|\n|poke|p2|Iron Bundle, L50|\n|poke|p2|Baxcalibur, L50, M|\n|teampreview|4\nspidopssweep has agreed to open team sheets.\nFixo161 has agreed to open team sheets.\n|\n|t:|1683153380\n|start\n|switch|p1a: Iron Bundle|Iron Bundle, L50|100\/100\n|switch|p1b: Dondozo|Dondozo, L50, F|100\/100\n|switch|p2a: Flutter Mane|Flutter Mane, L50|100\/100\n|switch|p2b: Iron Bundle|Iron Bundle, L50|100\/100\n|-enditem|p1a: Iron Bundle|Booster Energy\n|-activate|p1a: Iron Bundle|ability: Quark Drive|[fromitem]\n|-start|p1a: Iron Bundle|quarkdrivespe\n|-enditem|p2b: Iron Bundle|Booster Energy\n|-activate|p2b: Iron Bundle|ability: Quark Drive|[fromitem]\n|-start|p2b: Iron Bundle|quarkdrivespe\n|turn|1\n|\n|t:|1683153438\n|-end|p1a: Iron Bundle|Quark Drive|[silent]\n|switch|p1a: Tatsugiri|Tatsugiri, L50, F|100\/100\n|-activate|p1a: Tatsugiri|ability: Commander|[of] p1b: Dondozo\n|-boost|p1b: Dondozo|atk|2\n|-boost|p1b: Dondozo|spa|2\n|-boost|p1b: Dondozo|spe|2\n|-boost|p1b: Dondozo|def|2\n|-boost|p1b: Dondozo|spd|2\n|-terastallize|p1b: Dondozo|Grass\n|move|p2b: Iron Bundle|Icy Wind|p1b: Dondozo|[spread] p1b\n|-miss|p2b: Iron Bundle|p1a: Tatsugiri\n|-supereffective|p1b: Dondozo\n|-damage|p1b: Dondozo|82\/100\n|-unboost|p1b: Dondozo|spe|1\n|move|p2a: Flutter Mane|Dazzling Gleam|p1b: Dondozo|[spread] p1b\n|-miss|p2a: Flutter Mane|p1a: Tatsugiri\n|-damage|p1b: Dondozo|60\/100\n|move|p1b: Dondozo|Tera Blast|p2a: Flutter Mane\n|-damage|p2a: Flutter Mane|0 fnt\n|faint|p2a: Flutter Mane\n|-end|p2a: Flutter Mane|Protosynthesis|[silent]\n|\n|-heal|p1b: Dondozo|66\/100|[from] item: Leftovers\n|upkeep\n|\n|t:|1683153442\n|switch|p2a: Amoonguss|Amoonguss, L50, M|100\/100\n|turn|2\n|\n|t:|1683153461\n|move|p2b: Iron Bundle|Protect|p2b: Iron Bundle\n|-singleturn|p2b: Iron Bundle|Protect\n|move|p1b: Dondozo|Protect|p1b: Dondozo\n|-singleturn|p1b: Dondozo|Protect\n|move|p2a: Amoonguss|Clear Smog|p1b: Dondozo\n|-activate|p1b: Dondozo|move: Protect\n|\n|-heal|p1b: Dondozo|72\/100|[from] item: Leftovers\n|upkeep\n|turn|3\n|\n|t:|1683153477\n|move|p2b: Iron Bundle|Encore|p1b: Dondozo\n|-start|p1b: Dondozo|Encore\n|move|p1b: Dondozo|Protect||[still]\n|-fail|p1b: Dondozo\n|move|p2a: Amoonguss|Clear Smog|p1b: Dondozo\n|-supereffective|p1b: Dondozo\n|-damage|p1b: Dondozo|58\/100\n|-clearboost|p1b: Dondozo\n|\n|-heal|p1b: Dondozo|64\/100|[from] item: Leftovers\n|upkeep\n|turn|4\n|\n|t:|1683153492\n|switch|p2a: Baxcalibur|Baxcalibur, L50, M|100\/100\n|move|p1b: Dondozo|Protect|p1b: Dondozo\n|-singleturn|p1b: Dondozo|Protect\n|move|p2b: Iron Bundle|Freeze-Dry|p1b: Dondozo\n|-activate|p1b: Dondozo|move: Protect\n|\n|-heal|p1b: Dondozo|71\/100|[from] item: Leftovers\n|upkeep\n|turn|5\n|\n|t:|1683153517\n|move|p2a: Baxcalibur|Protect|p2a: Baxcalibur\n|-singleturn|p2a: Baxcalibur|Protect\n|move|p1b: Dondozo|Protect|p1b: Dondozo\n|-singleturn|p1b: Dondozo|Protect\n|move|p2b: Iron Bundle|Freeze-Dry|p1b: Dondozo\n|-activate|p1b: Dondozo|move: Protect\n|\n|-heal|p1b: Dondozo|77\/100|[from] item: Leftovers\n|-end|p1b: Dondozo|Encore\n|upkeep\n|turn|6\n|\n|t:|1683153529\n|move|p2a: Baxcalibur|Ice Shard|p1b: Dondozo\n|-supereffective|p1b: Dondozo\n|-damage|p1b: Dondozo|46\/100\n|move|p2b: Iron Bundle|Encore|p1b: Dondozo\n|-start|p1b: Dondozo|Encore\n|move|p1b: Dondozo|Protect||[still]\n|-fail|p1b: Dondozo\n|\n|-heal|p1b: Dondozo|53\/100|[from] item: Leftovers\n|upkeep\n|turn|7\n|\n|t:|1683153549\n|move|p2a: Baxcalibur|Protect|p2a: Baxcalibur\n|-singleturn|p2a: Baxcalibur|Protect\n|move|p1b: Dondozo|Protect|p1b: Dondozo\n|-singleturn|p1b: Dondozo|Protect\n|move|p2b: Iron Bundle|Freeze-Dry|p1b: Dondozo\n|-activate|p1b: Dondozo|move: Protect\n|\n|-heal|p1b: Dondozo|59\/100|[from] item: Leftovers\n|upkeep\n|turn|8\n|\n|t:|1683153561\n|move|p2a: Baxcalibur|Protect|p2a: Baxcalibur\n|-singleturn|p2a: Baxcalibur|Protect\n|move|p1b: Dondozo|Protect|p1b: Dondozo\n|-singleturn|p1b: Dondozo|Protect\n|move|p2b: Iron Bundle|Freeze-Dry|p1b: Dondozo\n|-activate|p1b: Dondozo|move: Protect\n|\n|-heal|p1b: Dondozo|65\/100|[from] item: Leftovers\n|-end|p1b: Dondozo|Encore\n|upkeep\n|turn|9\n|\n|t:|1683153572\n|move|p2a: Baxcalibur|Ice Shard|p1b: Dondozo\n|-supereffective|p1b: Dondozo\n|-damage|p1b: Dondozo|35\/100\n|move|p2b: Iron Bundle|Encore|p1b: Dondozo\n|-start|p1b: Dondozo|Encore\n|move|p1b: Dondozo|Protect||[still]\n|-fail|p1b: Dondozo\n|\n|-heal|p1b: Dondozo|41\/100|[from] item: Leftovers\n|upkeep\n|turn|10\n|\n|t:|1683153588\n|move|p1b: Dondozo|Protect|p1b: Dondozo\n|-singleturn|p1b: Dondozo|Protect\n|move|p2a: Baxcalibur|Ice Shard|p1b: Dondozo\n|-activate|p1b: Dondozo|move: Protect\n|move|p2b: Iron Bundle|Freeze-Dry|p1b: Dondozo\n|-activate|p1b: Dondozo|move: Protect\n|\n|-heal|p1b: Dondozo|47\/100|[from] item: Leftovers\n|upkeep\n|turn|11\n|\n|t:|1683153599\n|move|p1b: Dondozo|Protect||[still]\n|-fail|p1b: Dondozo\n|move|p2b: Iron Bundle|Freeze-Dry|p1b: Dondozo\n|-supereffective|p1b: Dondozo\n|-damage|p1b: Dondozo|0 fnt\n|faint|p1b: Dondozo\n|move|p2a: Baxcalibur|Icicle Crash|p1a: Tatsugiri\n|-damage|p1a: Tatsugiri|6\/100\n|\n|upkeep\n|\n|t:|1683153610\n|switch|p1b: Iron Hands|Iron Hands, L50|100\/100\n|turn|12\n|\n|t:|1683153624\n|move|p2b: Iron Bundle|Protect|p2b: Iron Bundle\n|-singleturn|p2b: Iron Bundle|Protect\n|move|p2a: Baxcalibur|Protect|p2a: Baxcalibur\n|-singleturn|p2a: Baxcalibur|Protect\n|move|p1a: Tatsugiri|Icy Wind|p2b: Iron Bundle|[spread] \n|-activate|p2a: Baxcalibur|move: Protect\n|-activate|p2b: Iron Bundle|move: Protect\n|move|p1b: Iron Hands|Drain Punch|p2b: Iron Bundle\n|-activate|p2b: Iron Bundle|move: Protect\n|\n|upkeep\n|turn|13\n|\n|t:|1683153643\n|-terastallize|p2b: Iron Bundle|Ghost\n|move|p2b: Iron Bundle|Icy Wind|p1b: Iron Hands|[spread] p1a,p1b\n|-damage|p1a: Tatsugiri|0 fnt\n|-damage|p1b: Iron Hands|89\/100\n|-unboost|p1b: Iron Hands|spe|1\n|faint|p1a: Tatsugiri\n|move|p2a: Baxcalibur|Glaive Rush|p1b: Iron Hands\n|-damage|p1b: Iron Hands|41\/100\n|-singlemove|p2a: Baxcalibur|Glaive Rush|[silent]\n|move|p1b: Iron Hands|Drain Punch|p2a: Baxcalibur\n|-supereffective|p2a: Baxcalibur\n|-damage|p2a: Baxcalibur|0 fnt\n|-heal|p1b: Iron Hands|88\/100|[from] drain|[of] p2a: Baxcalibur\n|faint|p2a: Baxcalibur\n|\n|upkeep\n|\n|t:|1683153657\n|switch|p1a: Iron Bundle|Iron Bundle, L50|100\/100\n|switch|p2a: Amoonguss|Amoonguss, L50, M|100\/100\n|turn|14\n|\n|t:|1683153692\n|move|p2b: Iron Bundle|Encore|p1b: Iron Hands\n|-start|p1b: Iron Hands|Encore\n|move|p1a: Iron Bundle|Freeze-Dry|p2a: Amoonguss\n|-supereffective|p2a: Amoonguss\n|-damage|p2a: Amoonguss|37\/100\n|-enditem|p2a: Amoonguss|Sitrus Berry|[eat]\n|-heal|p2a: Amoonguss|61\/100|[from] item: Sitrus Berry\n|move|p2a: Amoonguss|Spore|p1a: Iron Bundle\n|-status|p1a: Iron Bundle|slp|[from] move: Spore\n|move|p1b: Iron Hands|Drain Punch|p2a: Amoonguss\n|-resisted|p2a: Amoonguss\n|-damage|p2a: Amoonguss|44\/100\n|-heal|p1b: Iron Hands|97\/100|[from] drain|[of] p2a: Amoonguss\n|\n|upkeep\n|turn|15\n|\n|t:|1683153716\n|move|p2b: Iron Bundle|Freeze-Dry|p1a: Iron Bundle\n|-damage|p1a: Iron Bundle|23\/100 slp\n|cant|p1a: Iron Bundle|slp\n|move|p2a: Amoonguss|Pollen Puff|p1a: Iron Bundle\n|-crit|p1a: Iron Bundle\n|-damage|p1a: Iron Bundle|0 fnt\n|faint|p1a: Iron Bundle\n|-end|p1a: Iron Bundle|Quark Drive|[silent]\n|move|p1b: Iron Hands|Drain Punch|p2a: Amoonguss\n|-resisted|p2a: Amoonguss\n|-damage|p2a: Amoonguss|26\/100\n|-heal|p1b: Iron Hands|100\/100|[from] drain|[of] p2a: Amoonguss\n|\n|upkeep\n|turn|16\n|\n|t:|1683153733\n|move|p2b: Iron Bundle|Freeze-Dry|p1b: Iron Hands\n|-damage|p1b: Iron Hands|83\/100\n|move|p2a: Amoonguss|Spore|p1b: Iron Hands\n|-status|p1b: Iron Hands|slp|[from] move: Spore\n|cant|p1b: Iron Hands|slp\n|\n|-end|p1b: Iron Hands|Encore\n|upkeep\n|turn|17\n|-message|Fixo161 forfeited.\n|\n|win|spidopssweep\n|raw|Fixo161's rating: 1287 → 1255<\/strong> (-32 for losing)\n|raw|spidopssweep's rating: 1192 → 1224<\/strong> (+32 for winning)\n|l|\u2606Fixo161\n","uploadtime":1683153745,"views":7,"p1id":"fixo161","p2id":"spidopssweep","formatid":"gen9vgc2023regulationc","rating":1224,"private":0,"password":""}