{"id":"gen9vgc2023regulationc-1863502253","p1":"SaltedBagel","p2":"Cosentino","format":"[Gen 9] VGC 2023 Regulation C","log":"|j|\u2606SaltedBagel\n|j|\u2606Cosentino\n|t:|1684026153\n|gametype|doubles\n|player|p1|SaltedBagel|nate|1245\n|player|p2|Cosentino|265|1331\n|teamsize|p1|6\n|teamsize|p2|6\n|gen|9\n|tier|[Gen 9] VGC 2023 Regulation C\n|rated|\n|rule|Species Clause: Limit one of each Pok\u00e9mon\n|rule|Item Clause: Limit one of each item\n|clearpoke\n|poke|p1|Wo-Chien, L50|\n|poke|p1|Corviknight, L50, M|\n|poke|p1|Quaquaval, L50, M|\n|poke|p1|Pelipper, L50, F|\n|poke|p1|Arcanine, L50, M|\n|poke|p1|Raichu, L50, F|\n|poke|p2|Flutter Mane, L50|\n|poke|p2|Iron Thorns, L50|\n|poke|p2|Talonflame, L50, M|\n|poke|p2|Gyarados, L50, F|\n|poke|p2|Amoonguss, L50, F|\n|poke|p2|Baxcalibur, L50, M|\n|teampreview|4\nSaltedBagel has agreed to open team sheets.\n|inactive|Battle timer is ON: inactive players will automatically lose when time's up. (requested by Cosentino)\nCosentino has agreed to open team sheets.\n|\n|t:|1684026204\n|start\n|switch|p1a: Pelipper|Pelipper, L50, F|100\/100\n|switch|p1b: Quaquaval|Quaquaval, L50, M|100\/100\n|switch|p2a: Flutter Mane|Flutter Mane, L50|100\/100\n|switch|p2b: Osama|Baxcalibur, L50, M|100\/100\n|-weather|RainDance|[from] ability: Drizzle|[of] p1a: Pelipper\n|turn|1\n|inactive|SaltedBagel has 30 seconds left.\n|inactive|Cosentino has 30 seconds left.\n|\n|t:|1684026244\n|move|p1a: Pelipper|Wide Guard|p1a: Pelipper\n|-singleturn|p1a: Pelipper|Wide Guard\n|move|p1b: Quaquaval|Aqua Step|p2a: Flutter Mane\n|-enditem|p2a: Flutter Mane|Focus Sash\n|-damage|p2a: Flutter Mane|1\/100\n|-boost|p1b: Quaquaval|spe|1\n|move|p2b: Osama|Glaive Rush|p1a: Pelipper\n|-damage|p1a: Pelipper|1\/100\n|-singlemove|p2b: Osama|Glaive Rush|[silent]\n|move|p2a: Flutter Mane|Trick Room|p2a: Flutter Mane\n|-fieldstart|move: Trick Room|[of] p2a: Flutter Mane\n|\n|-weather|RainDance|[upkeep]\n|upkeep\n|turn|2\n|inactive|SaltedBagel has 30 seconds left.\n|inactive|Cosentino has 30 seconds left.\n|inactive|SaltedBagel has 20 seconds left.\n|inactive|SaltedBagel has 15 seconds left.\n|inactive|SaltedBagel has 10 seconds left.\n|\n|t:|1684026290\n|switch|p1a: Corviknight|Corviknight, L50, M|100\/100\n|-end|p2a: Flutter Mane|Protosynthesis|[silent]\n|switch|p2a: Amoonguss|Amoonguss, L50, F|100\/100\n|move|p1b: Quaquaval|Detect|p1b: Quaquaval\n|-singleturn|p1b: Quaquaval|Protect\n|move|p2b: Osama|Ice Shard|p1a: Corviknight\n|-damage|p1a: Corviknight|78\/100\n|\n|-weather|RainDance|[upkeep]\n|upkeep\n|turn|3\n|inactive|SaltedBagel has 30 seconds left.\n|inactive|Cosentino has 30 seconds left.\n|inactive|SaltedBagel has 20 seconds left.\n|inactive|SaltedBagel has 15 seconds left.\n|\n|t:|1684026331\n|switch|p1b: Pelipper|Pelipper, L50, F|1\/100\n|-terastallize|p2b: Osama|Water\n|move|p2a: Amoonguss|Spore|p1b: Pelipper\n|-status|p1b: Pelipper|slp|[from] move: Spore\n|move|p1a: Corviknight|Iron Head|p2b: Osama\n|-resisted|p2b: Osama\n|-damage|p2b: Osama|87\/100\n|move|p2b: Osama|Aqua Tail|p1a: Corviknight\n|-damage|p1a: Corviknight|3\/100\n|\n|-weather|RainDance|[upkeep]\n|upkeep\n|turn|4\n|\n|t:|1684026350\n|switch|p1b: Raichu|Raichu, L50, F|100\/100\n|move|p1a: Corviknight|Protect|p1a: Corviknight\n|-singleturn|p1a: Corviknight|Protect\n|move|p2b: Osama|Ice Shard|p1a: Corviknight\n|-activate|p1a: Corviknight|move: Protect\n|move|p2a: Amoonguss|Clear Smog|p1b: Raichu\n|-damage|p1b: Raichu|83\/100\n|-clearboost|p1b: Raichu\n|\n|-weather|RainDance|[upkeep]\n|upkeep\n|turn|5\n|inactive|SaltedBagel has 30 seconds left.\n|inactive|SaltedBagel has 20 seconds left.\n|inactive|SaltedBagel has 15 seconds left.\n|inactive|Cosentino has 30 seconds left.\n|inactive|SaltedBagel has 10 seconds left.\n|inactive|SaltedBagel has 5 seconds left.\n|\n|t:|1684026401\n|switch|p1a: Pelipper|Pelipper, L50, F|1\/100 slp\n|move|p1b: Raichu|Fake Out|p2a: Amoonguss\n|-damage|p2a: Amoonguss|94\/100\n|-damage|p1b: Raichu|66\/100|[from] item: Rocky Helmet|[of] p2a: Amoonguss\n|move|p2b: Osama|Ice Shard|p1a: Pelipper\n|-damage|p1a: Pelipper|0 fnt\n|faint|p1a: Pelipper\n|cant|p2a: Amoonguss|flinch\n|\n|-weather|none\n|-fieldend|move: Trick Room\n|upkeep\n|\n|t:|1684026411\n|switch|p1a: Quaquaval|Quaquaval, L50, M|100\/100\n|turn|6\n|inactive|SaltedBagel has 30 seconds left.\n|inactive|Cosentino has 30 seconds left.\n|\n|t:|1684026442\n|-terastallize|p1a: Quaquaval|Steel\n|move|p2a: Amoonguss|Rage Powder|p2a: Amoonguss\n|-singleturn|p2a: Amoonguss|move: Rage Powder\n|move|p1b: Raichu|Thunder|p2a: Amoonguss\n|-resisted|p2a: Amoonguss\n|-damage|p2a: Amoonguss|81\/100\n|move|p1a: Quaquaval|Aqua Step|p2a: Amoonguss\n|-resisted|p2a: Amoonguss\n|-damage|p2a: Amoonguss|62\/100\n|-boost|p1a: Quaquaval|spe|1\n|-damage|p1a: Quaquaval|84\/100|[from] item: Rocky Helmet|[of] p2a: Amoonguss\n|move|p2b: Osama|Glaive Rush|p1a: Quaquaval\n|-resisted|p1a: Quaquaval\n|-damage|p1a: Quaquaval|33\/100\n|-singlemove|p2b: Osama|Glaive Rush|[silent]\n|\n|upkeep\n|turn|7\n|\n|t:|1684026461\n|switch|p1b: Corviknight|Corviknight, L50, M|3\/100\n|move|p2a: Amoonguss|Rage Powder|p2a: Amoonguss\n|-singleturn|p2a: Amoonguss|move: Rage Powder\n|move|p1a: Quaquaval|Aqua Step|p2a: Amoonguss\n|-resisted|p2a: Amoonguss\n|-damage|p2a: Amoonguss|41\/100\n|-boost|p1a: Quaquaval|spe|1\n|-damage|p1a: Quaquaval|17\/100|[from] item: Rocky Helmet|[of] p2a: Amoonguss\n|move|p2b: Osama|Aqua Tail|p1a: Quaquaval\n|-damage|p1a: Quaquaval|0 fnt\n|faint|p1a: Quaquaval\n|\n|upkeep\n|c|\u2606SaltedBagel|Wtf am I doing\n|c|\u2606SaltedBagel|I played like shit\n|-message|SaltedBagel forfeited.\n|\n|win|Cosentino\n|raw|SaltedBagel's rating: 1245 → 1226<\/strong> (-19 for losing)\n|raw|Cosentino's rating: 1331 → 1346<\/strong> (+15 for winning)\n|l|\u2606SaltedBagel\n","uploadtime":1684026477,"views":7,"p1id":"saltedbagel","p2id":"cosentino","formatid":"gen9vgc2023regulationc","rating":1226,"private":0,"password":""}