{"id":"gen9vgc2023regulationc-1844874800","p1":"TapedCrusader","p2":"morton cologne","format":"[Gen 9] VGC 2023 Regulation C","log":"|j|\u2606TapedCrusader\n|j|\u2606morton cologne\n|t:|1681659162\n|gametype|doubles\n|player|p1|TapedCrusader|266|1148\n|player|p2|morton cologne|pokemonrangerf|1248\n|teamsize|p1|6\n|teamsize|p2|6\n|gen|9\n|tier|[Gen 9] VGC 2023 Regulation C\n|rated|\n|rule|Species Clause: Limit one of each Pok\u00e9mon\n|rule|Item Clause: Limit one of each item\n|clearpoke\n|poke|p1|Tyranitar, L50, M|\n|poke|p1|Lycanroc, L50, M|\n|poke|p1|Ting-Lu, L50|\n|poke|p1|Palafin, L50, F|\n|poke|p1|Amoonguss, L50, F|\n|poke|p1|Gholdengo, L50|\n|poke|p2|Iron Thorns, L50|\n|poke|p2|Indeedee-F, L50, F|\n|poke|p2|Armarouge, L50, F|\n|poke|p2|Flutter Mane, L50|\n|poke|p2|Amoonguss, L50, F|\n|poke|p2|Iron Valiant, L50|\n|teampreview|4\n|inactive|Battle timer is ON: inactive players will automatically lose when time's up. (requested by TapedCrusader)\n|inactive|morton cologne has 60 seconds left.\n|\n|t:|1681659217\n|start\n|switch|p1a: Lycanroc|Lycanroc, L50, M|100\/100\n|switch|p1b: Tyranitar|Tyranitar, L50, M|100\/100\n|switch|p2a: Iron Valiant|Iron Valiant, L50|100\/100\n|switch|p2b: Amoonguss|Amoonguss, L50, F|100\/100\n|-weather|Sandstorm|[from] ability: Sand Stream|[of] p1b: Tyranitar\n|-enditem|p2a: Iron Valiant|Booster Energy\n|-activate|p2a: Iron Valiant|ability: Quark Drive|[fromitem]\n|-start|p2a: Iron Valiant|quarkdrivespe\n|turn|1\n|\n|t:|1681659240\n|-terastallize|p1b: Tyranitar|Flying\n|move|p1a: Lycanroc|Rock Slide|p2a: Iron Valiant|[spread] p2a,p2b\n|-resisted|p2a: Iron Valiant\n|-damage|p2a: Iron Valiant|80\/100\n|-damage|p2b: Amoonguss|79\/100\n|move|p2a: Iron Valiant|Close Combat|p1a: Lycanroc\n|-supereffective|p1a: Lycanroc\n|-crit|p1a: Lycanroc\n|-enditem|p1a: Lycanroc|Focus Sash\n|-damage|p1a: Lycanroc|1\/100\n|-unboost|p2a: Iron Valiant|def|1\n|-unboost|p2a: Iron Valiant|spd|1\n|move|p1b: Tyranitar|Tera Blast|p2b: Amoonguss\n|-supereffective|p2b: Amoonguss\n|-enditem|p2b: Amoonguss|Coba Berry|[eat]\n|-enditem|p2b: Amoonguss|Coba Berry|[weaken]\n|-damage|p2b: Amoonguss|43\/100\n|cant|p2b: Amoonguss|flinch\n|\n|-weather|Sandstorm|[upkeep]\n|-damage|p2a: Iron Valiant|74\/100|[from] Sandstorm\n|-damage|p1b: Tyranitar|95\/100|[from] Sandstorm\n|-damage|p2b: Amoonguss|38\/100|[from] Sandstorm\n|upkeep\n|turn|2\n|inactive|TapedCrusader has 30 seconds left.\n|inactive|morton cologne has 30 seconds left.\n|\n|t:|1681659274\n|switch|p2b: Iron Thorns|Iron Thorns, L50|100\/100\n|move|p1a: Lycanroc|Rock Slide|p2b: Iron Thorns|[spread] p2a,p2b\n|-resisted|p2a: Iron Valiant\n|-damage|p2a: Iron Valiant|47\/100\n|-damage|p2b: Iron Thorns|75\/100\n|cant|p2a: Iron Valiant|flinch\n|move|p1b: Tyranitar|Tera Blast|p2b: Iron Thorns\n|-resisted|p2b: Iron Thorns\n|-damage|p2b: Iron Thorns|63\/100\n|\n|-weather|Sandstorm|[upkeep]\n|-damage|p2a: Iron Valiant|41\/100|[from] Sandstorm\n|-damage|p1b: Tyranitar|89\/100|[from] Sandstorm\n|upkeep\n|turn|3\n|\n|t:|1681659299\n|move|p1a: Lycanroc|Endeavor|p2b: Iron Thorns\n|-damage|p2b: Iron Thorns|1\/100\n|move|p2a: Iron Valiant|Spirit Break|p1a: Lycanroc\n|-damage|p1a: Lycanroc|0 fnt\n|faint|p1a: Lycanroc\n|move|p2b: Iron Thorns|Dragon Dance|p2b: Iron Thorns\n|-boost|p2b: Iron Thorns|atk|1\n|-boost|p2b: Iron Thorns|spe|1\n|move|p1b: Tyranitar|Rock Slide|p2b: Iron Thorns|[spread] p2a,p2b\n|-resisted|p2a: Iron Valiant\n|-damage|p2a: Iron Valiant|8\/100\n|-damage|p2b: Iron Thorns|0 fnt\n|faint|p2b: Iron Thorns\n|-end|p2b: Iron Thorns|Quark Drive|[silent]\n|\n|-weather|Sandstorm|[upkeep]\n|-damage|p2a: Iron Valiant|2\/100|[from] Sandstorm\n|-damage|p1b: Tyranitar|83\/100|[from] Sandstorm\n|upkeep\n|\n|t:|1681659322\n|switch|p1a: Amoonguss|Amoonguss, L50, F|100\/100\n|switch|p2b: Amoonguss|Amoonguss, L50, F|71\/100\n|turn|4\n|inactive|morton cologne has 30 seconds left.\n|\n|t:|1681659353\n|move|p2a: Iron Valiant|Spirit Break|p1b: Tyranitar\n|-damage|p1b: Tyranitar|54\/100\n|-unboost|p1b: Tyranitar|spa|1\n|move|p1b: Tyranitar|Tera Blast|p2b: Amoonguss\n|-supereffective|p2b: Amoonguss\n|-damage|p2b: Amoonguss|0 fnt\n|faint|p2b: Amoonguss\n|move|p1a: Amoonguss|Pollen Puff|p1b: Tyranitar\n|-heal|p1b: Tyranitar|100\/100\n|\n|-weather|Sandstorm|[upkeep]\n|-damage|p2a: Iron Valiant|0 fnt|[from] Sandstorm\n|-damage|p1b: Tyranitar|95\/100|[from] Sandstorm\n|-damage|p1a: Amoonguss|95\/100|[from] Sandstorm\n|faint|p2a: Iron Valiant\n|-end|p2a: Iron Valiant|Quark Drive|[silent]\n|upkeep\n|\n|t:|1681659363\n|switch|p2b: Flutter Mane|Flutter Mane, L50|100\/100\n|turn|5\n|\n|t:|1681659382\n|switch|p1b: Ting-Lu|Ting-Lu, L50|100\/100\n|-ability|p1b: Ting-Lu|Vessel of Ruin\n|-terastallize|p2b: Flutter Mane|Ghost\n|move|p2b: Flutter Mane|Shadow Ball|p1b: Ting-Lu\n|-resisted|p1b: Ting-Lu\n|-damage|p1b: Ting-Lu|89\/100\n|move|p1a: Amoonguss|Spore|p2b: Flutter Mane\n|-status|p2b: Flutter Mane|slp|[from] move: Spore\n|\n|-weather|none\n|-heal|p1b: Ting-Lu|95\/100|[from] item: Leftovers\n|upkeep\n|turn|6\n|-message|morton cologne forfeited.\n|\n|win|TapedCrusader\n|raw|TapedCrusader's rating: 1148 → 1180<\/strong> (+32 for winning)\n|raw|morton cologne's rating: 1248 → 1216<\/strong> (-32 for losing)\n|l|\u2606morton cologne\n","uploadtime":1681659401,"views":16,"p1id":"tapedcrusader","p2id":"mortoncologne","formatid":"gen9vgc2023regulationc","rating":1180,"private":0,"password":""}