{"id":"gen9vgc2023regulationc-1855814761","p1":"sabrrrroso","p2":"HiKraunty","format":"[Gen 9] VGC 2023 Regulation C","log":"|j|\u2606sabrrrroso\n|j|\u2606HiKraunty\n|t:|1682987362\n|gametype|doubles\n|player|p1|sabrrrroso|170|1584\n|player|p2|HiKraunty|hilda|1576\n|teamsize|p1|6\n|teamsize|p2|6\n|gen|9\n|tier|[Gen 9] VGC 2023 Regulation C\n|rated|\n|rule|Species Clause: Limit one of each Pok\u00e9mon\n|rule|Item Clause: Limit one of each item\n|clearpoke\n|poke|p1|Wo-Chien, L50|\n|poke|p1|Glimmora, L50, F|\n|poke|p1|Volcarona, L50, M|\n|poke|p1|Flutter Mane, L50|\n|poke|p1|Baxcalibur, L50, F|\n|poke|p1|Gyarados, L50, M|\n|poke|p2|Flutter Mane, L50|\n|poke|p2|Iron Bundle, L50|\n|poke|p2|Great Tusk, L50|\n|poke|p2|Amoonguss, L50, F|\n|poke|p2|Murkrow, L50, F|\n|poke|p2|Chi-Yu, L50|\n|teampreview|4\nsabrrrroso has agreed to open team sheets.\nHiKraunty has agreed to open team sheets.\n|c|\u2606sabrrrroso|Glhf\n|j| Rabbihorn\n|\n|t:|1682987467\n|start\n|switch|p1a: Baxcalibur|Baxcalibur, L50, F|100\/100\n|switch|p1b: Glimmora|Glimmora, L50, F|100\/100\n|switch|p2a: First Pick|Flutter Mane, L50|100\/100\n|switch|p2b: Pokeroom|Amoonguss, L50, F|100\/100\n|turn|1\n|\n|t:|1682987517\n|-terastallize|p1a: Baxcalibur|Ground\n|-terastallize|p2b: Pokeroom|Water\n|move|p2b: Pokeroom|Rage Powder|p2b: Pokeroom\n|-singleturn|p2b: Pokeroom|move: Rage Powder\n|move|p2a: First Pick|Shadow Ball|p1a: Baxcalibur\n|-damage|p1a: Baxcalibur|51\/100\n|move|p1a: Baxcalibur|Icicle Spear|p2b: Pokeroom\n|-resisted|p2b: Pokeroom\n|-damage|p2b: Pokeroom|94\/100\n|-resisted|p2b: Pokeroom\n|-damage|p2b: Pokeroom|88\/100\n|-resisted|p2b: Pokeroom\n|-damage|p2b: Pokeroom|81\/100\n|-resisted|p2b: Pokeroom\n|-damage|p2b: Pokeroom|74\/100\n|-resisted|p2b: Pokeroom\n|-damage|p2b: Pokeroom|68\/100\n|-hitcount|p2b: Pokeroom|5\n|move|p1b: Glimmora|Power Gem|p2b: Pokeroom\n|-damage|p2b: Pokeroom|28\/100\n|-enditem|p2b: Pokeroom|Sitrus Berry|[eat]\n|-heal|p2b: Pokeroom|53\/100|[from] item: Sitrus Berry\n|\n|upkeep\n|turn|2\n|\n|t:|1682987544\n|move|p1a: Baxcalibur|Protect|p1a: Baxcalibur\n|-singleturn|p1a: Baxcalibur|Protect\n|move|p2a: First Pick|Shadow Ball|p1b: Glimmora\n|-damage|p1b: Glimmora|63\/100\n|move|p1b: Glimmora|Mortal Spin|p2b: Pokeroom|[spread] p2a,p2b\n|-damage|p2a: First Pick|95\/100\n|-damage|p2b: Pokeroom|49\/100\n|-status|p2a: First Pick|psn\n|-status|p2b: Pokeroom|psn\n|move|p2b: Pokeroom|Leaf Storm|p1a: Baxcalibur\n|-activate|p1a: Baxcalibur|move: Protect\n|\n|-damage|p2a: First Pick|83\/100 psn|[from] psn\n|-damage|p2b: Pokeroom|37\/100 psn|[from] psn\n|upkeep\n|turn|3\n|\n|t:|1682987599\n|switch|p1a: Gyarados|Gyarados, L50, M, shiny|100\/100\n|-ability|p1a: Gyarados|Intimidate|boost\n|-unboost|p2a: First Pick|atk|1\n|-unboost|p2b: Pokeroom|atk|1\n|move|p2b: Pokeroom|Rage Powder|p2b: Pokeroom\n|-singleturn|p2b: Pokeroom|move: Rage Powder\n|move|p2a: First Pick|Shadow Ball|p1a: Gyarados\n|-damage|p1a: Gyarados|56\/100\n|move|p1b: Glimmora|Power Gem|p2b: Pokeroom\n|-damage|p2b: Pokeroom|1\/100 psn\n|\n|-damage|p2a: First Pick|71\/100 psn|[from] psn\n|-damage|p2b: Pokeroom|0 fnt|[from] psn\n|faint|p2b: Pokeroom\n|upkeep\n|\n|t:|1682987626\n|switch|p2b: Stone Treads|Great Tusk, L50|100\/100\n|turn|4\n|\n|t:|1682987670\n|move|p2a: First Pick|Shadow Ball|p1b: Glimmora\n|-damage|p1b: Glimmora|28\/100\n|-unboost|p1b: Glimmora|spd|1\n|move|p2b: Stone Treads|Rock Slide|p1b: Glimmora|[spread] p1a,p1b\n|-supereffective|p1a: Gyarados\n|-damage|p1a: Gyarados|22\/100\n|-damage|p1b: Glimmora|7\/100\n|-activate|p1b: Glimmora|ability: Toxic Debris\n|-sidestart|p2: HiKraunty|move: Toxic Spikes\n|move|p1b: Glimmora|Energy Ball|p2b: Stone Treads\n|-supereffective|p2b: Stone Treads\n|-damage|p2b: Stone Treads|6\/100\n|move|p1a: Gyarados|Whirlpool|p2a: First Pick|[miss]\n|-miss|p1a: Gyarados|p2a: First Pick\n|\n|-damage|p2a: First Pick|59\/100 psn|[from] psn\n|upkeep\n|turn|5\n|\n|t:|1682987722\n|move|p2a: First Pick|Shadow Ball|p1b: Glimmora\n|-damage|p1b: Glimmora|0 fnt\n|faint|p1b: Glimmora\n|move|p2b: Stone Treads|Rock Slide|p1a: Gyarados\n|-supereffective|p1a: Gyarados\n|-damage|p1a: Gyarados|0 fnt\n|faint|p1a: Gyarados\n|\n|-damage|p2a: First Pick|47\/100 psn|[from] psn\n|upkeep\n|\n|t:|1682987727\n|switch|p1b: Flutter Mane|Flutter Mane, L50, shiny|100\/100\n|switch|p1a: Baxcalibur|Baxcalibur, L50, F, tera:Ground|51\/100\n|turn|6\n|\n|t:|1682987775\n|-end|p2a: First Pick|Protosynthesis|[silent]\n|switch|p2a: Hax|Murkrow, L50, F|100\/100\n|move|p2b: Stone Treads|Protect|p2b: Stone Treads\n|-singleturn|p2b: Stone Treads|Protect\n|move|p1a: Baxcalibur|Ice Shard|p2b: Stone Treads\n|-activate|p2b: Stone Treads|move: Protect\n|move|p1b: Flutter Mane|Hex|p2a: Hax\n|-resisted|p2a: Hax\n|-damage|p2a: Hax|73\/100\n|\n|upkeep\n|turn|7\n|\n|t:|1682987830\n|move|p1a: Baxcalibur|Ice Shard|p2b: Stone Treads\n|-supereffective|p2b: Stone Treads\n|-damage|p2b: Stone Treads|0 fnt\n|faint|p2b: Stone Treads\n|-end|p2b: Stone Treads|Protosynthesis|[silent]\n|move|p1b: Flutter Mane|Hex|p2a: Hax\n|-resisted|p2a: Hax\n|-damage|p2a: Hax|48\/100\n|move|p2a: Hax|Brave Bird|p1b: Flutter Mane\n|-damage|p1b: Flutter Mane|36\/100\n|-damage|p2a: Hax|29\/100|[from] Recoil\n|\n|upkeep\n|\n|t:|1682987833\n|switch|p2b: First Pick|Flutter Mane, L50|47\/100 psn\n|turn|8\n|\n|t:|1682987847\n|move|p1a: Baxcalibur|Ice Shard|p2a: Hax\n|-supereffective|p2a: Hax\n|-damage|p2a: Hax|0 fnt\n|faint|p2a: Hax\n|move|p1b: Flutter Mane|Hex|p2b: First Pick\n|-supereffective|p2b: First Pick\n|-damage|p2b: First Pick|0 fnt\n|faint|p2b: First Pick\n|-end|p2b: First Pick|Protosynthesis|[silent]\n|\n|win|sabrrrroso\n|raw|sabrrrroso's rating: 1584 → 1604<\/strong> (+20 for winning)\n|raw|HiKraunty's rating: 1576 → 1556<\/strong> (-20 for losing)\n|l| Rabbihorn\n|l|\u2606HiKraunty\n","uploadtime":1682987884,"views":16,"p1id":"sabrrrroso","p2id":"hikraunty","formatid":"gen9vgc2023regulationc","rating":1556,"private":0,"password":""}