{"id":"gen9vgc2023regulationc-1855843738","p1":"SandyShocksCV","p2":"RagnaC","format":"[Gen 9] VGC 2023 Regulation C","log":"|j|\u2606SandyShocksCV\n|j|\u2606RagnaC\n|t:|1682990835\n|gametype|doubles\n|player|p1|SandyShocksCV|101|1441\n|player|p2|RagnaC|red|1525\n|teamsize|p1|6\n|teamsize|p2|6\n|gen|9\n|tier|[Gen 9] VGC 2023 Regulation C\n|rated|\n|rule|Species Clause: Limit one of each Pok\u00e9mon\n|rule|Item Clause: Limit one of each item\n|clearpoke\n|poke|p1|Ting-Lu, L50|\n|poke|p1|Amoonguss, L50, M|\n|poke|p1|Garganacl, L50, M|\n|poke|p1|Arcanine, L50, M|\n|poke|p1|Roaring Moon, L50|\n|poke|p1|Iron Bundle, L50|\n|poke|p2|Dondozo, L50, M|\n|poke|p2|Tatsugiri, L50, M|\n|poke|p2|Glimmora, L50, F|\n|poke|p2|Iron Bundle, L50|\n|poke|p2|Chi-Yu, L50|\n|poke|p2|Dragonite, L50, M|\n|teampreview|4\n|inactive|Battle timer is ON: inactive players will automatically lose when time's up. (requested by RagnaC)\nRagnaC has agreed to open team sheets.\n|inactive|RagnaC has 60 seconds left.\n|inactive|RagnaC has 30 seconds left.\n|inactive|RagnaC has 20 seconds left.\n|inactive|RagnaC has 15 seconds left.\n|\n|t:|1682990911\n|start\n|switch|p1a: Garganacl|Garganacl, L50, M|100\/100\n|switch|p1b: Arcanine|Arcanine, L50, M|100\/100\n|switch|p2a: Dondozo|Dondozo, L50, M|100\/100\n|switch|p2b: Iron Bundle|Iron Bundle, L50, shiny|100\/100\n|-ability|p1b: Arcanine|Intimidate|boost\n|-unboost|p2a: Dondozo|atk|1\n|-unboost|p2b: Iron Bundle|atk|1\n|-enditem|p2b: Iron Bundle|Booster Energy\n|-activate|p2b: Iron Bundle|ability: Quark Drive|[fromitem]\n|-start|p2b: Iron Bundle|quarkdrivespe\n|turn|1\n|\n|t:|1682990935\n|move|p2b: Iron Bundle|Protect|p2b: Iron Bundle\n|-singleturn|p2b: Iron Bundle|Protect\n|move|p1b: Arcanine|Protect|p1b: Arcanine\n|-singleturn|p1b: Arcanine|Protect\n|move|p1a: Garganacl|Protect|p1a: Garganacl\n|-singleturn|p1a: Garganacl|Protect\n|move|p2a: Dondozo|Earthquake|p1b: Arcanine|[spread] \n|-activate|p2b: Iron Bundle|move: Protect\n|-activate|p1a: Garganacl|move: Protect\n|-activate|p1b: Arcanine|move: Protect\n|\n|upkeep\n|turn|2\n|\n|t:|1682990956\n|switch|p1b: Amoonguss|Amoonguss, L50, M|100\/100\n|switch|p2a: Tatsugiri|Tatsugiri, L50, M|100\/100\n|move|p2b: Iron Bundle|Hydro Pump|p1a: Garganacl\n|-supereffective|p1a: Garganacl\n|-damage|p1a: Garganacl|21\/100\n|move|p1a: Garganacl|Salt Cure|p2a: Tatsugiri\n|-damage|p2a: Tatsugiri|76\/100\n|-start|p2a: Tatsugiri|Salt Cure\n|\n|-heal|p1a: Garganacl|27\/100|[from] item: Leftovers\n|-damage|p2a: Tatsugiri|51\/100|[from] Salt Cure\n|upkeep\n|turn|3\n|\n|t:|1682990980\n|-end|p2b: Iron Bundle|Quark Drive|[silent]\n|switch|p2b: Dondozo|Dondozo, L50, M|100\/100\n|-activate|p2a: Tatsugiri|ability: Commander|[of] p2b: Dondozo\n|-boost|p2b: Dondozo|atk|2\n|-boost|p2b: Dondozo|spa|2\n|-boost|p2b: Dondozo|spe|2\n|-boost|p2b: Dondozo|def|2\n|-boost|p2b: Dondozo|spd|2\n|move|p1a: Garganacl|Protect|p1a: Garganacl\n|-singleturn|p1a: Garganacl|Protect\n|move|p1b: Amoonguss|Spore|p2b: Dondozo\n|-status|p2b: Dondozo|slp|[from] move: Spore\n|\n|-heal|p1a: Garganacl|33\/100|[from] item: Leftovers\n|-damage|p2a: Tatsugiri|26\/100|[from] Salt Cure\n|upkeep\n|turn|4\n|\n|t:|1682991002\n|-terastallize|p2b: Dondozo|Grass\n|cant|p2b: Dondozo|slp\n|move|p1a: Garganacl|Salt Cure|p2b: Dondozo\n|-damage|p2b: Dondozo|96\/100 slp\n|-start|p2b: Dondozo|Salt Cure\n|move|p1b: Amoonguss|Pollen Puff|p1a: Garganacl\n|-heal|p1a: Garganacl|83\/100\n|\n|-heal|p2b: Dondozo|100\/100 slp|[from] item: Leftovers\n|-heal|p1a: Garganacl|88\/100|[from] item: Leftovers\n|-damage|p2a: Tatsugiri|1\/100|[from] Salt Cure\n|-damage|p2b: Dondozo|88\/100 slp|[from] Salt Cure\n|upkeep\n|turn|5\n|\n|t:|1682991019\n|switch|p1a: Arcanine|Arcanine, L50, M|100\/100\n|-ability|p1a: Arcanine|Intimidate|boost\n|-unboost|p2a: Tatsugiri|atk|1\n|-unboost|p2b: Dondozo|atk|1\n|switch|p1b: Iron Bundle|Iron Bundle, L50|100\/100\n|cant|p2b: Dondozo|slp\n|\n|-heal|p2b: Dondozo|94\/100 slp|[from] item: Leftovers\n|-damage|p2a: Tatsugiri|0 fnt|[from] Salt Cure\n|faint|p2a: Tatsugiri\n|-damage|p2b: Dondozo|82\/100 slp|[from] Salt Cure\n|upkeep\n|\n|t:|1682991034\n|switch|p2a: Iron Bundle|Iron Bundle, L50, shiny|100\/100\n|turn|6\n|inactive|RagnaC has 30 seconds left.\n|\n|t:|1682991062\n|-end|p2a: Iron Bundle|Quark Drive|[silent]\n|switch|p2a: Dragonite|Dragonite, L50, M|100\/100\n|switch|p1a: Amoonguss|Amoonguss, L50, M|100\/100\n|move|p1b: Iron Bundle|Freeze-Dry|p2b: Dondozo\n|-supereffective|p2b: Dondozo\n|-damage|p2b: Dondozo|46\/100 slp\n|-curestatus|p2b: Dondozo|slp|[msg]\n|move|p2b: Dondozo|Earthquake|p1b: Iron Bundle|[spread] p1a,p1b\n|-immune|p2a: Dragonite\n|-damage|p1a: Amoonguss|75\/100\n|-damage|p1b: Iron Bundle|62\/100\n|\n|-heal|p2b: Dondozo|52\/100|[from] item: Leftovers\n|-damage|p2b: Dondozo|40\/100|[from] Salt Cure\n|upkeep\n|turn|7\n|inactive|SandyShocksCV has 30 seconds left.\n|\n|t:|1682991096\n|move|p1b: Iron Bundle|Protect|p1b: Iron Bundle\n|-singleturn|p1b: Iron Bundle|Protect\n|move|p2b: Dondozo|Order Up|p1a: Amoonguss\n|-damage|p1a: Amoonguss|50\/100\n|-enditem|p1a: Amoonguss|Sitrus Berry|[eat]\n|-heal|p1a: Amoonguss|75\/100|[from] item: Sitrus Berry\n|-boost|p2b: Dondozo|atk|1\n|move|p2a: Dragonite|Outrage|p1b: Iron Bundle\n|-activate|p1b: Iron Bundle|move: Protect\n|move|p1a: Amoonguss|Spore|p2a: Dragonite\n|-status|p2a: Dragonite|slp|[from] move: Spore\n|\n|-heal|p2b: Dondozo|46\/100|[from] item: Leftovers\n|-damage|p2b: Dondozo|34\/100|[from] Salt Cure\n|upkeep\n|turn|8\n|\n|t:|1682991119\n|switch|p2a: Iron Bundle|Iron Bundle, L50, shiny|100\/100\n|switch|p1a: Arcanine|Arcanine, L50, M|100\/100\n|-ability|p1a: Arcanine|Intimidate|boost\n|-unboost|p2a: Iron Bundle|atk|1\n|-unboost|p2b: Dondozo|atk|1\n|move|p1b: Iron Bundle|Freeze-Dry|p2b: Dondozo\n|-supereffective|p2b: Dondozo\n|-damage|p2b: Dondozo|0 fnt\n|faint|p2b: Dondozo\n|\n|upkeep\n|\n|t:|1682991130\n|switch|p2b: Dragonite|Dragonite, L50, M|100\/100 slp\n|turn|9\n|\n|t:|1682991149\n|-terastallize|p1b: Iron Bundle|Ice\n|cant|p2b: Dragonite|slp\n|move|p1b: Iron Bundle|Freeze-Dry|p2b: Dragonite\n|-supereffective|p2b: Dragonite\n|-damage|p2b: Dragonite|6\/100 slp\n|move|p2a: Iron Bundle|Hydro Pump|p1a: Arcanine\n|-supereffective|p1a: Arcanine\n|-damage|p1a: Arcanine|0 fnt\n|faint|p1a: Arcanine\n|\n|upkeep\n|\n|t:|1682991161\n|switch|p1a: Garganacl|Garganacl, L50, M|88\/100\n|turn|10\n|\n|t:|1682991168\n|-curestatus|p2b: Dragonite|slp|[msg]\n|move|p2b: Dragonite|Extreme Speed|p1b: Iron Bundle\n|-damage|p1b: Iron Bundle|7\/100\n|move|p1b: Iron Bundle|Freeze-Dry|p2b: Dragonite\n|-supereffective|p2b: Dragonite\n|-damage|p2b: Dragonite|0 fnt\n|faint|p2b: Dragonite\n|move|p2a: Iron Bundle|Hydro Pump|p1a: Garganacl\n|-supereffective|p1a: Garganacl\n|-damage|p1a: Garganacl|19\/100\n|move|p1a: Garganacl|Salt Cure|p2a: Iron Bundle\n|-supereffective|p2a: Iron Bundle\n|-damage|p2a: Iron Bundle|71\/100\n|-start|p2a: Iron Bundle|Salt Cure\n|\n|-heal|p1a: Garganacl|25\/100|[from] item: Leftovers\n|-damage|p2a: Iron Bundle|47\/100|[from] Salt Cure\n|upkeep\n|turn|11\n|\n|t:|1682991184\n|move|p1b: Iron Bundle|Protect|p1b: Iron Bundle\n|-singleturn|p1b: Iron Bundle|Protect\n|move|p1a: Garganacl|Protect|p1a: Garganacl\n|-singleturn|p1a: Garganacl|Protect\n|move|p2a: Iron Bundle|Icy Wind|p1b: Iron Bundle|[spread] \n|-activate|p1a: Garganacl|move: Protect\n|-activate|p1b: Iron Bundle|move: Protect\n|\n|-heal|p1a: Garganacl|30\/100|[from] item: Leftovers\n|-damage|p2a: Iron Bundle|22\/100|[from] Salt Cure\n|upkeep\n|turn|12\n|-message|RagnaC forfeited.\n|\n|win|SandyShocksCV\n|raw|SandyShocksCV's rating: 1441 → 1466<\/strong> (+25 for winning)\n|raw|RagnaC's rating: 1525 → 1500<\/strong> (-25 for losing)\n|l|\u2606RagnaC\n|c|\u2606SandyShocksCV|gg\n","uploadtime":1682991312,"views":18,"p1id":"sandyshockscv","p2id":"ragnac","formatid":"gen9vgc2023regulationc","rating":1466,"private":0,"password":""}