{"id":"gen9vgc2023regulationc-1851399036","p1":"Jbenn","p2":"JimmyLeSimplet","format":"[Gen 9] VGC 2023 Regulation C","log":"|j|\u2606Jbenn\n|j|\u2606JimmyLeSimplet\n|t:|1682441983\n|gametype|doubles\n|player|p1|Jbenn|steven|1526\n|player|p2|JimmyLeSimplet|ethan|1578\n|teamsize|p1|6\n|teamsize|p2|6\n|gen|9\n|tier|[Gen 9] VGC 2023 Regulation C\n|rated|\n|rule|Species Clause: Limit one of each Pok\u00e9mon\n|rule|Item Clause: Limit one of each item\n|clearpoke\n|poke|p1|Roaring Moon, L50|\n|poke|p1|Tyranitar, L50, F|\n|poke|p1|Gholdengo, L50|\n|poke|p1|Hariyama, L50, F|\n|poke|p1|Mimikyu, L50, F|\n|poke|p1|Gyarados, L50, M|\n|poke|p2|Iron Bundle, L50|\n|poke|p2|Gholdengo, L50|\n|poke|p2|Mimikyu, L50, F|\n|poke|p2|Pelipper, L50, F|\n|poke|p2|Palafin, L50, F|\n|poke|p2|Murkrow, L50, F|\n|teampreview|4\nJbenn has agreed to open team sheets.\nJimmyLeSimplet has agreed to open team sheets.\n|j| Withoutexcuse\n|j| jdarcan\n|\n|t:|1682442062\n|start\n|switch|p1a: Hariyama|Hariyama, L50, F, shiny|100\/100\n|switch|p1b: Mimikyu|Mimikyu, L50, F|100\/100\n|switch|p2a: Gholdengo|Gholdengo, L50|100\/100\n|switch|p2b: Mimikyu|Mimikyu, L50, F, shiny|100\/100\n|turn|1\n|\n|t:|1682442111\n|switch|p2a: Palafin|Palafin, L50, F, shiny|100\/100\n|-terastallize|p1a: Hariyama|Steel\n|move|p1a: Hariyama|Wide Guard|p1a: Hariyama\n|-singleturn|p1a: Hariyama|Wide Guard\n|move|p2b: Mimikyu|Play Rough|p1a: Hariyama\n|-resisted|p1a: Hariyama\n|-damage|p1a: Hariyama|75\/100\n|-damage|p2b: Mimikyu|91\/100|[from] item: Life Orb\n|move|p1b: Mimikyu|Curse|p2b: Mimikyu\n|-start|p2b: Mimikyu|Curse|[of] p1b: Mimikyu\n|-damage|p1b: Mimikyu|50\/100\n|-enditem|p1b: Mimikyu|Sitrus Berry|[eat]\n|-heal|p1b: Mimikyu|75\/100|[from] item: Sitrus Berry\n|\n|-damage|p2b: Mimikyu|66\/100|[from] Curse\n|upkeep\n|turn|2\n|\n|t:|1682442138\n|detailschange|p2a: Palafin|Palafin-Hero, L50, F, shiny\n|switch|p2a: Pelipper|Pelipper, L50, F, shiny|100\/100\n|-weather|RainDance|[from] ability: Drizzle|[of] p2a: Pelipper\n|switch|p1b: Gyarados|Gyarados, L50, M, shiny|100\/100\n|-ability|p1b: Gyarados|Intimidate|boost\n|-unboost|p2a: Pelipper|atk|1\n|-unboost|p2b: Mimikyu|atk|1\n|move|p2b: Mimikyu|Drain Punch|p1a: Hariyama\n|-supereffective|p1a: Hariyama\n|-damage|p1a: Hariyama|34\/100\n|-heal|p2b: Mimikyu|94\/100|[from] drain|[of] p1a: Hariyama\n|-damage|p2b: Mimikyu|84\/100|[from] item: Life Orb\n|move|p1a: Hariyama|Close Combat|p2a: Pelipper\n|-resisted|p2a: Pelipper\n|-damage|p2a: Pelipper|60\/100\n|-unboost|p1a: Hariyama|def|1\n|-unboost|p1a: Hariyama|spd|1\n|\n|-weather|RainDance|[upkeep]\n|-damage|p2b: Mimikyu|60\/100|[from] Curse\n|upkeep\n|turn|3\n|\n|t:|1682442168\n|switch|p1a: Mimikyu|Mimikyu, L50, F|75\/100\n|move|p2a: Pelipper|Hurricane|p1b: Gyarados\n|-damage|p1b: Gyarados|51\/100\n|-start|p1b: Gyarados|confusion\n|-enditem|p1b: Gyarados|Lum Berry|[eat]\n|-end|p1b: Gyarados|confusion\n|move|p2b: Mimikyu|Drain Punch|p1a: Mimikyu\n|-immune|p1a: Mimikyu\n|move|p1b: Gyarados|Thunder Wave|p2b: Mimikyu\n|-status|p2b: Mimikyu|par\n|\n|-weather|RainDance|[upkeep]\n|-damage|p2b: Mimikyu|35\/100 par|[from] Curse\n|upkeep\n|turn|4\n|\n|t:|1682442202\n|move|p2b: Mimikyu|Shadow Sneak|p1a: Mimikyu\n|-activate|p1a: Mimikyu|ability: Disguise\n|-damage|p1a: Mimikyu|75\/100\n|detailschange|p1a: Mimikyu|Mimikyu-Busted, L50, F\n|-damage|p1a: Mimikyu|63\/100|[from] pokemon: Mimikyu-Busted\n|-damage|p2b: Mimikyu|25\/100 par|[from] item: Life Orb\n|move|p2a: Pelipper|Hurricane|p1a: Mimikyu\n|-damage|p1a: Mimikyu|12\/100\n|move|p1b: Gyarados|Waterfall|p2b: Mimikyu\n|-activate|p2b: Mimikyu|ability: Disguise\n|-damage|p2b: Mimikyu|25\/100 par\n|detailschange|p2b: Mimikyu|Mimikyu-Busted, L50, F, shiny\n|-damage|p2b: Mimikyu|13\/100 par|[from] pokemon: Mimikyu-Busted\n|move|p1a: Mimikyu|Trick Room|p1a: Mimikyu\n|-fieldstart|move: Trick Room|[of] p1a: Mimikyu\n|\n|-weather|RainDance|[upkeep]\n|-damage|p2b: Mimikyu|0 fnt|[from] Curse\n|faint|p2b: Mimikyu\n|upkeep\n|\n|t:|1682442213\n|switch|p2b: Gholdengo|Gholdengo, L50|100\/100\n|turn|5\n|\n|t:|1682442259\n|switch|p1b: Hariyama|Hariyama, L50, F, shiny, tera:Steel|34\/100\n|-terastallize|p2b: Gholdengo|Water\n|move|p1a: Mimikyu|Protect|p1a: Mimikyu\n|-singleturn|p1a: Mimikyu|Protect\n|move|p2a: Pelipper|Protect|p2a: Pelipper\n|-singleturn|p2a: Pelipper|Protect\n|move|p2b: Gholdengo|Make It Rain|p1b: Hariyama|[spread] p1b\n|-activate|p1a: Mimikyu|move: Protect\n|-resisted|p1b: Hariyama\n|-damage|p1b: Hariyama|0 fnt\n|-unboost|p2b: Gholdengo|spa|1\n|faint|p1b: Hariyama\n|\n|-weather|RainDance|[upkeep]\n|upkeep\n|\n|t:|1682442285\n|switch|p1b: Gholdengo|Gholdengo, L50|100\/100\n|turn|6\n|\n|t:|1682442331\n|move|p1b: Gholdengo|Thunderbolt|p2a: Pelipper\n|-supereffective|p2a: Pelipper\n|-damage|p2a: Pelipper|0 fnt\n|faint|p2a: Pelipper\n|move|p1a: Mimikyu|Play Rough|p2b: Gholdengo\n|-damage|p2b: Gholdengo|60\/100\n|move|p2b: Gholdengo|Make It Rain|p1a: Mimikyu|[spread] p1a,p1b\n|-supereffective|p1a: Mimikyu\n|-resisted|p1b: Gholdengo\n|-damage|p1a: Mimikyu|0 fnt\n|-damage|p1b: Gholdengo|77\/100\n|-unboost|p2b: Gholdengo|spa|1\n|faint|p1a: Mimikyu\n|\n|-weather|none\n|-heal|p1b: Gholdengo|83\/100|[from] item: Leftovers\n|upkeep\n|\n|t:|1682442345\n|switch|p1a: Gyarados|Gyarados, L50, M, shiny|51\/100\n|switch|p2a: Palafin|Palafin-Hero, L50, F, shiny|100\/100\n|-ability|p1a: Gyarados|Intimidate|boost\n|-unboost|p2a: Palafin|atk|1\n|-unboost|p2b: Gholdengo|atk|1\n|-activate|p2a: Palafin|ability: Zero to Hero\n|turn|7\n|\n|t:|1682442402\n|move|p2a: Palafin|Jet Punch|p1b: Gholdengo\n|-damage|p1b: Gholdengo|53\/100\n|move|p1b: Gholdengo|Thunderbolt|p2b: Gholdengo\n|-supereffective|p2b: Gholdengo\n|-damage|p2b: Gholdengo|0 fnt\n|faint|p2b: Gholdengo\n|move|p1a: Gyarados|Thunder Wave|p2a: Palafin\n|-status|p2a: Palafin|par\n|\n|-heal|p1b: Gholdengo|59\/100|[from] item: Leftovers\n|upkeep\n|turn|8\n|\n|t:|1682442412\n|move|p1b: Gholdengo|Protect|p1b: Gholdengo\n|-singleturn|p1b: Gholdengo|Protect\n|move|p1a: Gyarados|Protect|p1a: Gyarados\n|-singleturn|p1a: Gyarados|Protect\n|cant|p2a: Palafin|par\n|\n|-heal|p1b: Gholdengo|65\/100|[from] item: Leftovers\n|-fieldend|move: Trick Room\n|upkeep\n|turn|9\n|\n|t:|1682442423\n|move|p1a: Gyarados|Waterfall|p2a: Palafin\n|-resisted|p2a: Palafin\n|-damage|p2a: Palafin|82\/100 par\n|move|p1b: Gholdengo|Thunderbolt|p2a: Palafin\n|-supereffective|p2a: Palafin\n|-damage|p2a: Palafin|15\/100 par\n|move|p2a: Palafin|Wave Crash|p1b: Gholdengo\n|-damage|p1b: Gholdengo|0 fnt\n|faint|p1b: Gholdengo\n|-damage|p2a: Palafin|0 fnt|[from] Recoil\n|faint|p2a: Palafin\n|\n|win|Jbenn\n|raw|Jbenn's rating: 1526 → 1549<\/strong> (+23 for winning)\n|raw|JimmyLeSimplet's rating: 1578 → 1555<\/strong> (-23 for losing)\n|l|\u2606JimmyLeSimplet\n|l| Withoutexcuse\n|l| jdarcan\n","uploadtime":1682442444,"views":5,"p1id":"jbenn","p2id":"jimmylesimplet","formatid":"gen9vgc2023regulationc","rating":1549,"private":0,"password":""}