{"id":"gen9vgc2023regulationc-1857120878","p1":"vrumvrumnatal","p2":"Dr.T23","format":"[Gen 9] VGC 2023 Regulation C","log":"|j|\u2606vrumvrumnatal\n|j|\u2606Dr.T23\n|t:|1683147889\n|gametype|doubles\n|player|p1|vrumvrumnatal|170|1136\n|player|p2|Dr.T23|266|1106\n|teamsize|p1|6\n|teamsize|p2|6\n|gen|9\n|tier|[Gen 9] VGC 2023 Regulation C\n|rated|\n|rule|Species Clause: Limit one of each Pok\u00e9mon\n|rule|Item Clause: Limit one of each item\n|clearpoke\n|poke|p1|Ting-Lu, L50|\n|poke|p1|Abomasnow, L50, M|\n|poke|p1|Flutter Mane, L50|\n|poke|p1|Iron Hands, L50|\n|poke|p1|Bronzong, L50|\n|poke|p1|Arcanine, L50, M|\n|poke|p2|Scream Tail, L50|\n|poke|p2|Slither Wing, L50|\n|poke|p2|Iron Thorns, L50|\n|poke|p2|Torkoal, L50, M|\n|poke|p2|Pawmot, L50, F|\n|poke|p2|Dragapult, L50, M|\n|teampreview|4\n|inactive|Battle timer is ON: inactive players will automatically lose when time's up. (requested by Dr.T23)\n|\n|t:|1683147922\n|start\n|switch|p1a: Bronzong|Bronzong, L50|100\/100\n|switch|p1b: Arcanine|Arcanine, L50, M|100\/100\n|switch|p2a: Slither Wing|Slither Wing, L50|100\/100\n|switch|p2b: Dragapult|Dragapult, L50, M|100\/100\n|-ability|p1b: Arcanine|Intimidate|boost\n|-unboost|p2a: Slither Wing|atk|1\n|-fail|p2b: Dragapult|unboost|[from] ability: Clear Body|[of] p2b: Dragapult\n|turn|1\n|\n|t:|1683147943\n|-end|p2a: Slither Wing|Protosynthesis|[silent]\n|switch|p2a: Torkoal|Torkoal, L50, M|100\/100\n|-weather|SunnyDay|[from] ability: Drought|[of] p2a: Torkoal\n|move|p2b: Dragapult|Shadow Ball|p1a: Bronzong\n|-supereffective|p1a: Bronzong\n|-damage|p1a: Bronzong|21\/100\n|move|p1b: Arcanine|Will-O-Wisp|p2b: Dragapult\n|-status|p2b: Dragapult|brn\n|move|p1a: Bronzong|Trick Room|p1a: Bronzong\n|-fieldstart|move: Trick Room|[of] p1a: Bronzong\n|\n|-weather|SunnyDay|[upkeep]\n|-damage|p2b: Dragapult|95\/100 brn|[from] brn\n|upkeep\n|turn|2\n|\n|t:|1683147963\n|move|p1a: Bronzong|Protect|p1a: Bronzong\n|-singleturn|p1a: Bronzong|Protect\n|move|p1b: Arcanine|Extreme Speed|p2a: Torkoal\n|-damage|p2a: Torkoal|80\/100\n|move|p2a: Torkoal|Flamethrower|p1a: Bronzong\n|-activate|p1a: Bronzong|move: Protect\n|move|p2b: Dragapult|Shadow Ball|p1b: Arcanine\n|-damage|p1b: Arcanine|40\/100\n|-unboost|p1b: Arcanine|spd|1\n|\n|-weather|SunnyDay|[upkeep]\n|-damage|p2b: Dragapult|89\/100 brn|[from] brn\n|upkeep\n|turn|3\n|\n|t:|1683147988\n|switch|p1a: Ting-Lu|Ting-Lu, L50|100\/100\n|-ability|p1a: Ting-Lu|Vessel of Ruin\n|move|p2a: Torkoal|Flamethrower|p1a: Ting-Lu\n|-damage|p1a: Ting-Lu|80\/100\n|move|p1b: Arcanine|Flare Blitz|p2b: Dragapult\n|-resisted|p2b: Dragapult\n|-damage|p2b: Dragapult|28\/100 brn\n|-damage|p1b: Arcanine|22\/100|[from] Recoil\n|move|p2b: Dragapult|Shadow Ball|p1a: Ting-Lu\n|-resisted|p1a: Ting-Lu\n|-damage|p1a: Ting-Lu|65\/100\n|-unboost|p1a: Ting-Lu|spd|1\n|\n|-weather|SunnyDay|[upkeep]\n|-damage|p2b: Dragapult|22\/100 brn|[from] brn\n|upkeep\n|turn|4\n|\n|t:|1683148011\n|move|p1b: Arcanine|Protect|p1b: Arcanine\n|-singleturn|p1b: Arcanine|Protect\n|move|p2a: Torkoal|Flamethrower|p1b: Arcanine\n|-activate|p1b: Arcanine|move: Protect\n|move|p1a: Ting-Lu|Earthquake|p2a: Torkoal|[spread] p2a,p2b\n|-activate|p1b: Arcanine|move: Protect\n|-supereffective|p2a: Torkoal\n|-damage|p2a: Torkoal|4\/100\n|-damage|p2b: Dragapult|0 fnt\n|faint|p2b: Dragapult\n|\n|-weather|SunnyDay|[upkeep]\n|upkeep\n|\n|t:|1683148024\n|switch|p2b: Slither Wing|Slither Wing, L50|100\/100\n|-activate|p2b: Slither Wing|ability: Protosynthesis\n|-start|p2b: Slither Wing|protosynthesisatk\n|turn|5\n|\n|t:|1683148035\n|switch|p1b: Bronzong|Bronzong, L50|21\/100\n|move|p2b: Slither Wing|First Impression|p1b: Bronzong\n|-damage|p1b: Bronzong|0 fnt\n|faint|p1b: Bronzong\n|-damage|p2b: Slither Wing|91\/100|[from] item: Life Orb\n|move|p2a: Torkoal|Will-O-Wisp|p1a: Ting-Lu\n|-status|p1a: Ting-Lu|brn\n|move|p1a: Ting-Lu|Earthquake|p2a: Torkoal|[spread] p2a,p2b\n|-supereffective|p2a: Torkoal\n|-resisted|p2b: Slither Wing\n|-damage|p2a: Torkoal|0 fnt\n|-damage|p2b: Slither Wing|75\/100\n|faint|p2a: Torkoal\n|\n|-weather|SunnyDay|[upkeep]\n|-damage|p1a: Ting-Lu|59\/100 brn|[from] brn\n|-fieldend|move: Trick Room\n|upkeep\n|\n|t:|1683148055\n|switch|p2a: Iron Thorns|Iron Thorns, L50|100\/100\n|switch|p1b: Arcanine|Arcanine, L50, M|22\/100\n|-ability|p1b: Arcanine|Intimidate|boost\n|-unboost|p2a: Iron Thorns|atk|1\n|-unboost|p2b: Slither Wing|atk|1\n|turn|6\n|\n|t:|1683148072\n|switch|p1a: Abomasnow|Abomasnow, L50, M|100\/100\n|-weather|Snow|[from] ability: Snow Warning|[of] p1a: Abomasnow\n|-end|p2b: Slither Wing|Protosynthesis\n|move|p1b: Arcanine|Will-O-Wisp|p2a: Iron Thorns\n|-status|p2a: Iron Thorns|brn\n|move|p2b: Slither Wing|Leech Life|p1a: Abomasnow\n|-supereffective|p1a: Abomasnow\n|-damage|p1a: Abomasnow|45\/100\n|-heal|p2b: Slither Wing|100\/100|[from] drain|[of] p1a: Abomasnow\n|-enditem|p1a: Abomasnow|Weakness Policy\n|-boost|p1a: Abomasnow|atk|2|[from] item: Weakness Policy\n|-boost|p1a: Abomasnow|spa|2|[from] item: Weakness Policy\n|-damage|p2b: Slither Wing|91\/100|[from] item: Life Orb\n|move|p2a: Iron Thorns|Rock Slide|p1b: Arcanine|[spread] p1a,p1b\n|-supereffective|p1a: Abomasnow\n|-supereffective|p1b: Arcanine\n|-damage|p1a: Abomasnow|31\/100\n|-damage|p1b: Arcanine|0 fnt\n|faint|p1b: Arcanine\n|\n|-weather|Snow|[upkeep]\n|-damage|p2a: Iron Thorns|94\/100 brn|[from] brn\n|upkeep\n|\n|t:|1683148092\n|switch|p1b: Ting-Lu|Ting-Lu, L50|59\/100 brn\n|-ability|p1b: Ting-Lu|Vessel of Ruin\n|turn|7\n|\n|t:|1683148112\n|move|p1a: Abomasnow|Protect|p1a: Abomasnow\n|-singleturn|p1a: Abomasnow|Protect\n|move|p2b: Slither Wing|Leech Life|p1a: Abomasnow\n|-activate|p1a: Abomasnow|move: Protect\n|move|p2a: Iron Thorns|Ice Punch|p1b: Ting-Lu\n|-supereffective|p1b: Ting-Lu\n|-damage|p1b: Ting-Lu|47\/100 brn\n|move|p1b: Ting-Lu|Earthquake|p2a: Iron Thorns|[spread] p2a,p2b\n|-activate|p1a: Abomasnow|move: Protect\n|-supereffective|p2a: Iron Thorns\n|-resisted|p2b: Slither Wing\n|-damage|p2a: Iron Thorns|0 fnt\n|-damage|p2b: Slither Wing|75\/100\n|faint|p2a: Iron Thorns\n|-end|p2a: Iron Thorns|Quark Drive|[silent]\n|\n|-weather|Snow|[upkeep]\n|-damage|p1b: Ting-Lu|41\/100 brn|[from] brn\n|upkeep\n|turn|8\n|\n|t:|1683148133\n|-terastallize|p1a: Abomasnow|Water\n|move|p2b: Slither Wing|Leech Life|p1a: Abomasnow\n|-damage|p1a: Abomasnow|0 fnt\n|-heal|p2b: Slither Wing|91\/100|[from] drain|[of] p1a: Abomasnow\n|faint|p1a: Abomasnow\n|-damage|p2b: Slither Wing|81\/100|[from] item: Life Orb\n|move|p1b: Ting-Lu|Earthquake|p2b: Slither Wing\n|-resisted|p2b: Slither Wing\n|-damage|p2b: Slither Wing|60\/100\n|\n|-weather|Snow|[upkeep]\n|-damage|p1b: Ting-Lu|35\/100 brn|[from] brn\n|upkeep\n|turn|9\n|\n|t:|1683148150\n|-terastallize|p2b: Slither Wing|Bug\n|move|p2b: Slither Wing|Leech Life|p1b: Ting-Lu\n|-supereffective|p1b: Ting-Lu\n|-damage|p1b: Ting-Lu|0 fnt\n|-heal|p2b: Slither Wing|82\/100|[from] drain|[of] p1b: Ting-Lu\n|faint|p1b: Ting-Lu\n|-damage|p2b: Slither Wing|72\/100|[from] item: Life Orb\n|\n|win|Dr.T23\n|raw|vrumvrumnatal's rating: 1136 → 1109<\/strong> (-27 for losing)\n|raw|Dr.T23's rating: 1106 → 1133<\/strong> (+27 for winning)\n","uploadtime":1683148160,"views":18,"p1id":"vrumvrumnatal","p2id":"drt23","formatid":"gen9vgc2023regulationc","rating":1109,"private":0,"password":""}