{"id":"gen9vgc2023regulationc-1855362371","p1":"fuegroo","p2":"Joull","format":"[Gen 9] VGC 2023 Regulation C","log":"|j|\u2606fuegroo\n|j|\u2606Joull\n|t:|1682943146\n|gametype|doubles\n|player|p1|fuegroo|170|1089\n|player|p2|Joull|lance-gen2|1124\n|teamsize|p1|6\n|teamsize|p2|6\n|gen|9\n|tier|[Gen 9] VGC 2023 Regulation C\n|rated|\n|rule|Species Clause: Limit one of each Pok\u00e9mon\n|rule|Item Clause: Limit one of each item\n|clearpoke\n|poke|p1|Meowscarada, L50, M|\n|poke|p1|Pelipper, L50, F|\n|poke|p1|Quaquaval, L50, M|\n|poke|p1|Chien-Pao, L50|\n|poke|p1|Arcanine, L50, M|\n|poke|p1|Flutter Mane, L50|\n|poke|p2|Lycanroc, L50, F|\n|poke|p2|Tyranitar, L50, F|\n|poke|p2|Gastrodon-East, L50, F|\n|poke|p2|Annihilape, L50, M|\n|poke|p2|Brambleghast, L50, M|\n|poke|p2|Corviknight, L50, M|\n|teampreview|4\n|inactive|Battle timer is ON: inactive players will automatically lose when time's up. (requested by fuegroo)\n|\n|t:|1682943172\n|start\n|switch|p1a: Meowscarada|Meowscarada, L50, M|100\/100\n|switch|p1b: Chien-Pao|Chien-Pao, L50|100\/100\n|switch|p2a: Corviknight|Corviknight, L50, M, shiny|100\/100\n|switch|p2b: Annihilape|Annihilape, L50, M|100\/100\n|-ability|p1b: Chien-Pao|Sword of Ruin\n|turn|1\n|\n|t:|1682943192\n|move|p1a: Meowscarada|Knock Off|p2b: Annihilape\n|-start|p1a: Meowscarada|typechange|Dark|[from] ability: Protean\n|-damage|p2b: Annihilape|38\/100\n|-enditem|p2b: Annihilape|Black Belt|[from] move: Knock Off|[of] p1a: Meowscarada\n|move|p1b: Chien-Pao|Ice Spinner|p2a: Corviknight\n|-damage|p2a: Corviknight|62\/100\n|move|p2b: Annihilape|Drain Punch|p1a: Meowscarada\n|-supereffective|p1a: Meowscarada\n|-damage|p1a: Meowscarada|0 fnt\n|-heal|p2b: Annihilape|73\/100|[from] drain|[of] p1a: Meowscarada\n|faint|p1a: Meowscarada\n|move|p2a: Corviknight|Iron Head|p1b: Chien-Pao\n|-supereffective|p1b: Chien-Pao\n|-damage|p1b: Chien-Pao|22\/100\n|\n|upkeep\n|\n|t:|1682943206\n|switch|p1a: Flutter Mane|Flutter Mane, L50|100\/100\n|turn|2\n|\n|t:|1682943218\n|move|p2b: Annihilape|Protect|p2b: Annihilape\n|-singleturn|p2b: Annihilape|Protect\n|move|p1a: Flutter Mane|Dazzling Gleam|p2a: Corviknight|[spread] p2a\n|-activate|p2b: Annihilape|move: Protect\n|-resisted|p2a: Corviknight\n|-damage|p2a: Corviknight|41\/100\n|move|p1b: Chien-Pao|Ice Spinner|p2a: Corviknight\n|-damage|p2a: Corviknight|4\/100\n|move|p2a: Corviknight|Tailwind|p2a: Corviknight\n|-sidestart|p2: Joull|move: Tailwind\n|\n|upkeep\n|turn|3\n|inactive|Joull has 30 seconds left.\n|\n|t:|1682943249\n|-terastallize|p2b: Annihilape|Steel\n|move|p1b: Chien-Pao|Sucker Punch|p2a: Corviknight\n|-damage|p2a: Corviknight|0 fnt\n|faint|p2a: Corviknight\n|move|p2b: Annihilape|Rage Fist|p1a: Flutter Mane\n|-supereffective|p1a: Flutter Mane\n|-damage|p1a: Flutter Mane|0 fnt\n|faint|p1a: Flutter Mane\n|-end|p1a: Flutter Mane|Protosynthesis|[silent]\n|\n|upkeep\n|\n|t:|1682943260\n|switch|p1a: Arcanine|Arcanine, L50, M|100\/100\n|switch|p2a: Tyranitar|Tyranitar, L50, F, shiny|100\/100\n|-ability|p1a: Arcanine|Intimidate|boost\n|-fail|p2a: Tyranitar|unboost|[from] item: Clear Amulet|[of] p2a: Tyranitar\n|-unboost|p2b: Annihilape|atk|1\n|-ability|p2b: Annihilape|Defiant|boost\n|-boost|p2b: Annihilape|atk|2\n|-weather|Sandstorm|[from] ability: Sand Stream|[of] p2a: Tyranitar\n|turn|4\n|\n|t:|1682943273\n|move|p2b: Annihilape|Rage Fist|p1a: Arcanine\n|-damage|p1a: Arcanine|0 fnt\n|faint|p1a: Arcanine\n|move|p1b: Chien-Pao|Sacred Sword|p2a: Tyranitar\n|-supereffective|p2a: Tyranitar\n|-damage|p2a: Tyranitar|0 fnt\n|faint|p2a: Tyranitar\n|\n|-weather|Sandstorm|[upkeep]\n|-damage|p1b: Chien-Pao|17\/100|[from] Sandstorm\n|upkeep\n|\n|t:|1682943284\n|switch|p2a: Lycanroc|Lycanroc, L50, F, shiny|100\/100\n|turn|5\n|\n|t:|1682943293\n|move|p2a: Lycanroc|Accelerock|p1b: Chien-Pao\n|-supereffective|p1b: Chien-Pao\n|-damage|p1b: Chien-Pao|0 fnt\n|faint|p1b: Chien-Pao\n|\n|win|Joull\n|raw|fuegroo's rating: 1089 → 1068<\/strong> (-21 for losing)\n|raw|Joull's rating: 1124 → 1146<\/strong> (+22 for winning)\n|l|\u2606fuegroo\n","uploadtime":1682943302,"views":18,"p1id":"fuegroo","p2id":"joull","formatid":"gen9vgc2023regulationc","rating":1068,"private":0,"password":""}