{"id":"gen9vgc2023regulationc-1851608348","p1":"MLGmushroom","p2":"empEDWiN","format":"[Gen 9] VGC 2023 Regulation C","log":"|j|\u2606MLGmushroom\n|j|\u2606empEDWiN\n|t:|1682460718\n|gametype|doubles\n|player|p1|MLGmushroom|blue|1206\n|player|p2|empEDWiN|collector|1106\n|teamsize|p1|6\n|teamsize|p2|6\n|gen|9\n|tier|[Gen 9] VGC 2023 Regulation C\n|rated|\n|rule|Species Clause: Limit one of each Pok\u00e9mon\n|rule|Item Clause: Limit one of each item\n|clearpoke\n|poke|p1|Chien-Pao, L50|\n|poke|p1|Roaring Moon, L50|\n|poke|p1|Flutter Mane, L50|\n|poke|p1|Amoonguss, L50, F|\n|poke|p1|Gyarados, L50, F|\n|poke|p1|Scizor, L50, M|\n|poke|p2|Tatsugiri-Stretchy, L50, F|\n|poke|p2|Chi-Yu, L50|\n|poke|p2|Flutter Mane, L50|\n|poke|p2|Farigiraf, L50, M|\n|poke|p2|Meowscarada, L50, M|\n|poke|p2|Baxcalibur, L50, M|\n|teampreview|4\n|\n|t:|1682460760\n|start\n|switch|p1a: Gyarados|Gyarados, L50, F|100\/100\n|switch|p1b: Scizor|Scizor, L50, M|100\/100\n|switch|p2a: Farigiraf|Farigiraf, L50, M|100\/100\n|switch|p2b: Baxcalibur|Baxcalibur, L50, M|100\/100\n|-ability|p1a: Gyarados|Intimidate|boost\n|-unboost|p2a: Farigiraf|atk|1\n|-unboost|p2b: Baxcalibur|atk|1\n|turn|1\n|\n|t:|1682460779\n|move|p2b: Baxcalibur|Protect|p2b: Baxcalibur\n|-singleturn|p2b: Baxcalibur|Protect\n|move|p1b: Scizor|Bullet Punch||[still]\n|cant|p2a: Farigiraf|ability: Armor Tail|Bullet Punch|[of] p1b: Scizor\n|move|p1a: Gyarados|Taunt|p2a: Farigiraf\n|-start|p2a: Farigiraf|move: Taunt\n|move|p2a: Farigiraf|Hyper Voice|p1a: Gyarados|[spread] p1a,p1b\n|-resisted|p1b: Scizor\n|-damage|p1a: Gyarados|78\/100\n|-damage|p1b: Scizor|86\/100\n|-enditem|p2a: Farigiraf|Throat Spray\n|-boost|p2a: Farigiraf|spa|1|[from] item: Throat Spray\n|\n|upkeep\n|turn|2\n|\n|t:|1682460808\n|-terastallize|p2b: Baxcalibur|Poison\n|move|p1a: Gyarados|Iron Head|p2b: Baxcalibur\n|-damage|p2b: Baxcalibur|77\/100\n|move|p2b: Baxcalibur|Icicle Spear|p1b: Scizor\n|-resisted|p1b: Scizor\n|-damage|p1b: Scizor|81\/100\n|-resisted|p1b: Scizor\n|-crit|p1b: Scizor\n|-damage|p1b: Scizor|70\/100\n|-resisted|p1b: Scizor\n|-damage|p1b: Scizor|65\/100\n|-resisted|p1b: Scizor\n|-damage|p1b: Scizor|60\/100\n|-hitcount|p1b: Scizor|4\n|move|p1b: Scizor|U-turn|p2a: Farigiraf\n|-supereffective|p2a: Farigiraf\n|-damage|p2a: Farigiraf|34\/100\n|\n|t:|1682460822\n|switch|p1b: Roaring Moon|Roaring Moon, L50|100\/100|[from] U-turn\n|-enditem|p1b: Roaring Moon|Booster Energy\n|-activate|p1b: Roaring Moon|ability: Protosynthesis|[fromitem]\n|-start|p1b: Roaring Moon|protosynthesisatk\n|move|p2a: Farigiraf|Hyper Voice|p1b: Roaring Moon|[spread] p1a,p1b\n|-damage|p1a: Gyarados|40\/100\n|-damage|p1b: Roaring Moon|63\/100\n|\n|upkeep\n|turn|3\n|\n|t:|1682460853\n|move|p1b: Roaring Moon|Protect|p1b: Roaring Moon\n|-singleturn|p1b: Roaring Moon|Protect\n|move|p1a: Gyarados|Waterfall|p2a: Farigiraf\n|-damage|p2a: Farigiraf|0 fnt\n|faint|p2a: Farigiraf\n|move|p2b: Baxcalibur|Icicle Spear|p1b: Roaring Moon\n|-activate|p1b: Roaring Moon|move: Protect\n|\n|upkeep\n|\n|t:|1682460862\n|switch|p2a: Chi-Yu|Chi-Yu, L50|100\/100\n|-ability|p2a: Chi-Yu|Beads of Ruin\n|turn|4\n|\n|t:|1682460871\n|move|p2a: Chi-Yu|Protect|p2a: Chi-Yu\n|-singleturn|p2a: Chi-Yu|Protect\n|move|p1b: Roaring Moon|Breaking Swipe|p2b: Baxcalibur|[spread] p2b\n|-activate|p2a: Chi-Yu|move: Protect\n|-damage|p2b: Baxcalibur|49\/100\n|-unboost|p2b: Baxcalibur|atk|1\n|move|p2b: Baxcalibur|Icicle Spear|p1b: Roaring Moon\n|-supereffective|p1b: Roaring Moon\n|-damage|p1b: Roaring Moon|49\/100\n|-supereffective|p1b: Roaring Moon\n|-damage|p1b: Roaring Moon|33\/100\n|-supereffective|p1b: Roaring Moon\n|-damage|p1b: Roaring Moon|20\/100\n|-supereffective|p1b: Roaring Moon\n|-damage|p1b: Roaring Moon|4\/100\n|-supereffective|p1b: Roaring Moon\n|-damage|p1b: Roaring Moon|0 fnt\n|faint|p1b: Roaring Moon\n|-end|p1b: Roaring Moon|Protosynthesis|[silent]\n|-hitcount|p1: Roaring Moon|5\n|move|p1a: Gyarados|Waterfall|p2a: Chi-Yu\n|-activate|p2a: Chi-Yu|move: Protect\n|\n|upkeep\n|\n|t:|1682460879\n|switch|p1b: Flutter Mane|Flutter Mane, L50|100\/100\n|turn|5\n|\n|t:|1682460905\n|switch|p2b: Flutter Mane|Flutter Mane, L50|100\/100\n|move|p1b: Flutter Mane|Protect|p1b: Flutter Mane\n|-singleturn|p1b: Flutter Mane|Protect\n|move|p2a: Chi-Yu|Dark Pulse|p1b: Flutter Mane\n|-activate|p1b: Flutter Mane|move: Protect\n|move|p1a: Gyarados|Waterfall|p2a: Chi-Yu\n|-supereffective|p2a: Chi-Yu\n|-damage|p2a: Chi-Yu|0 fnt\n|faint|p2a: Chi-Yu\n|\n|upkeep\n|\n|t:|1682460913\n|switch|p2a: Baxcalibur|Baxcalibur, L50, M, tera:Poison|49\/100\n|turn|6\n|\n|t:|1682460930\n|switch|p1a: Scizor|Scizor, L50, M|60\/100\n|-terastallize|p1b: Flutter Mane|Fairy\n|move|p2b: Flutter Mane|Protect|p2b: Flutter Mane\n|-singleturn|p2b: Flutter Mane|Protect\n|move|p1b: Flutter Mane|Shadow Ball|p2a: Baxcalibur\n|-damage|p2a: Baxcalibur|1\/100\n|-damage|p1b: Flutter Mane|91\/100|[from] item: Life Orb\n|move|p2a: Baxcalibur|Icicle Spear|p1b: Flutter Mane\n|-damage|p1b: Flutter Mane|65\/100\n|-damage|p1b: Flutter Mane|39\/100\n|-damage|p1b: Flutter Mane|12\/100\n|-damage|p1b: Flutter Mane|0 fnt\n|faint|p1b: Flutter Mane\n|-end|p1b: Flutter Mane|Protosynthesis|[silent]\n|-hitcount|p1: Flutter Mane|4\n|\n|upkeep\n|\n|t:|1682460940\n|switch|p1b: Gyarados|Gyarados, L50, F|40\/100\n|-ability|p1b: Gyarados|Intimidate|boost\n|-unboost|p2a: Baxcalibur|atk|1\n|-unboost|p2b: Flutter Mane|atk|1\n|turn|7\n|\n|t:|1682460956\n|move|p2a: Baxcalibur|Protect|p2a: Baxcalibur\n|-singleturn|p2a: Baxcalibur|Protect\n|move|p1a: Scizor|Bullet Punch|p2b: Flutter Mane\n|-supereffective|p2b: Flutter Mane\n|-damage|p2b: Flutter Mane|28\/100\n|move|p2b: Flutter Mane|Shadow Ball|p1a: Scizor\n|-damage|p1a: Scizor|0 fnt\n|faint|p1a: Scizor\n|-damage|p2b: Flutter Mane|18\/100|[from] item: Life Orb\n|move|p1b: Gyarados|Iron Head|p2a: Baxcalibur\n|-activate|p2a: Baxcalibur|move: Protect\n|\n|upkeep\n|turn|8\n|\n|t:|1682460970\n|move|p2a: Baxcalibur|Ice Shard|p1b: Gyarados\n|-damage|p1b: Gyarados|22\/100\n|move|p2b: Flutter Mane|Shadow Ball|p1b: Gyarados\n|-damage|p1b: Gyarados|0 fnt\n|faint|p1b: Gyarados\n|-damage|p2b: Flutter Mane|9\/100|[from] item: Life Orb\n|\n|win|empEDWiN\n|raw|MLGmushroom's rating: 1206 → 1174<\/strong> (-32 for losing)\n|raw|empEDWiN's rating: 1106 → 1138<\/strong> (+32 for winning)\n|l|\u2606empEDWiN\n","uploadtime":1682460976,"views":15,"p1id":"mlgmushroom","p2id":"empedwin","formatid":"gen9vgc2023regulationc","rating":1138,"private":0,"password":""}