{"id":"gen9vgc2023regulationc-1861901881","p1":"Icewolf35","p2":"lolugotbombed","format":"[Gen 9] VGC 2023 Regulation C","log":"|j|\u2606Icewolf35\n|j|\u2606lolugotbombed\n|t:|1683819277\n|gametype|doubles\n|player|p1|Icewolf35|102|1074\n|player|p2|lolugotbombed|caitlin|1001\n|teamsize|p1|6\n|teamsize|p2|6\n|gen|9\n|tier|[Gen 9] VGC 2023 Regulation C\n|rated|\n|rule|Species Clause: Limit one of each Pok\u00e9mon\n|rule|Item Clause: Limit one of each item\n|clearpoke\n|poke|p1|Chien-Pao, L50|\n|poke|p1|Ceruledge, L50, F|\n|poke|p1|Kingambit, L50, F|\n|poke|p1|Iron Hands, L50|\n|poke|p1|Palafin, L50, F|\n|poke|p1|Flutter Mane, L50|\n|poke|p2|Annihilape, L50, F|\n|poke|p2|Maushold, L50|\n|poke|p2|Great Tusk, L50|\n|poke|p2|Arcanine, L50, F|\n|poke|p2|Iron Bundle, L50|\n|poke|p2|Flutter Mane, L50|\n|teampreview|4\n|\n|t:|1683819321\n|start\n|switch|p1a: Palafin|Palafin, L50, F, shiny|100\/100\n|switch|p1b: Flutter Mane|Flutter Mane, L50|100\/100\n|switch|p2a: Arcanine|Arcanine, L50, F|100\/100\n|switch|p2b: Flutter Mane|Flutter Mane, L50|100\/100\n|-ability|p2a: Arcanine|Intimidate|boost\n|-unboost|p1a: Palafin|atk|1\n|-unboost|p1b: Flutter Mane|atk|1\n|turn|1\n|\n|t:|1683819354\n|-terastallize|p1b: Flutter Mane|Fairy\n|move|p1b: Flutter Mane|Shadow Ball|p2b: Flutter Mane\n|-supereffective|p2b: Flutter Mane\n|-damage|p2b: Flutter Mane|25\/100\n|-unboost|p2b: Flutter Mane|spd|1\n|move|p1a: Palafin|Flip Turn|p2a: Arcanine\n|-supereffective|p2a: Arcanine\n|-damage|p2a: Arcanine|61\/100\n|\n|t:|1683819369\n|detailschange|p1a: Palafin|Palafin-Hero, L50, F, shiny\n|switch|p1a: Ceruledge|Ceruledge, L50, F|100\/100|[from] Flip Turn\n|move|p2b: Flutter Mane|Imprison|p2b: Flutter Mane\n|-start|p2b: Flutter Mane|move: Imprison\n|move|p2a: Arcanine|Snarl|p1b: Flutter Mane|[spread] p1a,p1b\n|-supereffective|p1a: Ceruledge\n|-resisted|p1b: Flutter Mane\n|-damage|p1a: Ceruledge|79\/100\n|-damage|p1b: Flutter Mane|97\/100\n|-unboost|p1a: Ceruledge|spa|1\n|-unboost|p1b: Flutter Mane|spa|1\n|\n|upkeep\n|turn|2\n|\n|t:|1683819423\n|move|p1b: Flutter Mane|Protect|p1b: Flutter Mane\n|-singleturn|p1b: Flutter Mane|Protect\n|move|p1a: Ceruledge|Shadow Sneak|p2b: Flutter Mane\n|-supereffective|p2b: Flutter Mane\n|-damage|p2b: Flutter Mane|0 fnt\n|faint|p2b: Flutter Mane\n|-end|p2b: Flutter Mane|Protosynthesis|[silent]\n|-damage|p1a: Ceruledge|69\/100|[from] item: Life Orb\n|move|p2a: Arcanine|Flare Blitz|p1b: Flutter Mane\n|-activate|p1b: Flutter Mane|move: Protect\n|\n|upkeep\n|\n|t:|1683819440\n|switch|p2b: Maushold|Maushold, L50|100\/100\n|turn|3\n|\n|t:|1683819501\n|move|p2b: Maushold|Protect|p2b: Maushold\n|-singleturn|p2b: Maushold|Protect\n|move|p1b: Flutter Mane|Substitute|p1b: Flutter Mane\n|-start|p1b: Flutter Mane|Substitute\n|-damage|p1b: Flutter Mane|72\/100\n|move|p2a: Arcanine|Flare Blitz|p1b: Flutter Mane\n|-end|p1b: Flutter Mane|Substitute\n|-damage|p2a: Arcanine|55\/100|[from] Recoil|[of] p1b: Flutter Mane\n|move|p1a: Ceruledge|Close Combat|p2a: Arcanine\n|-damage|p2a: Arcanine|9\/100\n|-unboost|p1a: Ceruledge|def|1\n|-unboost|p1a: Ceruledge|spd|1\n|-damage|p1a: Ceruledge|59\/100|[from] item: Life Orb\n|\n|upkeep\n|turn|4\n|\n|t:|1683819589\n|move|p2b: Maushold|Follow Me|p2b: Maushold\n|-singleturn|p2b: Maushold|move: Follow Me\n|move|p1a: Ceruledge|Shadow Sneak|p2b: Maushold\n|-immune|p2b: Maushold\n|move|p1b: Flutter Mane|Moonblast|p2b: Maushold\n|-damage|p2b: Maushold|53\/100\n|-unboost|p2b: Maushold|spa|1\n|move|p2a: Arcanine|Snarl|p1a: Ceruledge|[spread] p1a,p1b\n|-supereffective|p1a: Ceruledge\n|-resisted|p1b: Flutter Mane\n|-damage|p1a: Ceruledge|28\/100\n|-damage|p1b: Flutter Mane|68\/100\n|-unboost|p1a: Ceruledge|spa|1\n|-unboost|p1b: Flutter Mane|spa|1\n|\n|upkeep\n|turn|5\n|\n|t:|1683819611\n|move|p1b: Flutter Mane|Protect|p1b: Flutter Mane\n|-singleturn|p1b: Flutter Mane|Protect\n|move|p2b: Maushold|Protect|p2b: Maushold\n|-singleturn|p2b: Maushold|Protect\n|move|p2a: Arcanine|Snarl|p1a: Ceruledge|[spread] p1a\n|-activate|p1b: Flutter Mane|move: Protect\n|-supereffective|p1a: Ceruledge\n|-damage|p1a: Ceruledge|0 fnt\n|faint|p1a: Ceruledge\n|\n|upkeep\n|\n|t:|1683819623\n|switch|p1a: Palafin|Palafin-Hero, L50, F, shiny|100\/100\n|-activate|p1a: Palafin|ability: Zero to Hero\n|turn|6\n|\n|t:|1683819662\n|move|p2a: Arcanine|Extreme Speed|p1a: Palafin\n|-damage|p1a: Palafin|80\/100\n|move|p1a: Palafin|Jet Punch|p2a: Arcanine\n|-supereffective|p2a: Arcanine\n|-damage|p2a: Arcanine|0 fnt\n|faint|p2a: Arcanine\n|move|p2b: Maushold|Baby-Doll Eyes|p1a: Palafin\n|-unboost|p1a: Palafin|atk|1\n|move|p1b: Flutter Mane|Moonblast|p2b: Maushold\n|-damage|p2b: Maushold|21\/100\n|\n|upkeep\n|\n|t:|1683819674\n|switch|p2a: Annihilape|Annihilape, L50, F|100\/100\n|turn|7\n|\n|t:|1683819701\n|-terastallize|p2a: Annihilape|Steel\n|move|p1a: Palafin|Jet Punch|p2a: Annihilape\n|-damage|p2a: Annihilape|75\/100\n|move|p1b: Flutter Mane|Shadow Ball|p2a: Annihilape\n|-damage|p2a: Annihilape|58\/100\n|move|p2b: Maushold|Beat Up|p2a: Annihilape\n|-damage|p2a: Annihilape|56\/100\n|-damage|p2a: Annihilape|54\/100\n|-hitcount|p2a: Annihilape|2\n|move|p2a: Annihilape|Rage Fist|p1a: Palafin\n|-damage|p1a: Palafin|0 fnt\n|faint|p1a: Palafin\n|\n|upkeep\n|\n|t:|1683819715\n|switch|p1a: Kingambit|Kingambit, L50, F|100\/100\n|turn|8\n|\n|t:|1683819747\n|move|p1b: Flutter Mane|Protect|p1b: Flutter Mane\n|-singleturn|p1b: Flutter Mane|Protect\n|move|p2b: Maushold|Follow Me|p2b: Maushold\n|-singleturn|p2b: Maushold|move: Follow Me\n|move|p2a: Annihilape|Drain Punch|p1a: Kingambit\n|-supereffective|p1a: Kingambit\n|-damage|p1a: Kingambit|0 fnt\n|-heal|p2a: Annihilape|100\/100|[from] drain|[of] p1a: Kingambit\n|faint|p1a: Kingambit\n|\n|upkeep\n|turn|9\n|\n|t:|1683819793\n|move|p1b: Flutter Mane|Moonblast|p2a: Annihilape\n|-resisted|p2a: Annihilape\n|-damage|p2a: Annihilape|87\/100\n|move|p2b: Maushold|Beat Up|p2a: Annihilape\n|-damage|p2a: Annihilape|85\/100\n|-damage|p2a: Annihilape|83\/100\n|-hitcount|p2a: Annihilape|2\n|move|p2a: Annihilape|Rage Fist|p1b: Flutter Mane\n|-damage|p1b: Flutter Mane|0 fnt\n|faint|p1b: Flutter Mane\n|-end|p1b: Flutter Mane|Protosynthesis|[silent]\n|\n|win|lolugotbombed\n|raw|Icewolf35's rating: 1074 → 1049<\/strong> (-25 for losing)\n|raw|lolugotbombed's rating: 1001 → 1049<\/strong> (+48 for winning)\n|l|\u2606Icewolf35\n|c|\u2606lolugotbombed|ggs\n","uploadtime":1683819817,"views":7,"p1id":"icewolf35","p2id":"lolugotbombed","formatid":"gen9vgc2023regulationc","rating":1049,"private":0,"password":""}