{"id":"gen9vgc2023regulationc-1863025491","p1":"Bleedal","p2":"Beauty Devon","format":"[Gen 9] VGC 2023 Regulation C","log":"|j|\u2606Bleedal\n|j|\u2606Beauty Devon\n|t:|1683954503\n|gametype|doubles\n|player|p1|Bleedal|preschooler|\n|player|p2|Beauty Devon|swimmerf|\n|teamsize|p1|6\n|teamsize|p2|6\n|gen|9\n|tier|[Gen 9] VGC 2023 Regulation C\n|rule|Tera Type Preview: Tera Types are shown at Team Preview\n|rule|Species Clause: Limit one of each Pok\u00e9mon\n|rule|Item Clause: Limit one of each item\n|clearpoke\n|poke|p1|Flutter Mane, L50|\n|poke|p1|Pachirisu, L50, F|\n|poke|p1|Gyarados, L50, F|\n|poke|p1|Bisharp, L50, F|\n|poke|p1|Arcanine, L50, M|\n|poke|p1|Amoonguss, L50, F|\n|poke|p2|Chien-Pao, L50|\n|poke|p2|Dragonite, L50, F|\n|poke|p2|Annihilape, L50, F|\n|poke|p2|Maushold-Four, L50|\n|poke|p2|Sableye, L50, F|\n|poke|p2|Wooper-Paldea, L50, F|\n|teampreview|4\n|raw|Bleedal's Tera Types: \/ \/ \/ \/ \/ \n|raw|Beauty Devon's Tera Types: \/ \/ \/ \/ \/ \n|inactive|Battle timer is ON: inactive players will automatically lose when time's up. (requested by Beauty Devon)\n|c|\u2606Beauty Devon|game 1\n|inactive|Bleedal has 60 seconds left.\n|inactive|Beauty Devon has 60 seconds left.\n|inactiveoff|Battle timer is now OFF.\n|c|\u2606Bleedal|glhf\n|c|\u2606Beauty Devon|glhf down to turn timer back on\n|c|\u2606Bleedal|aight\nBeauty Devon rejected open team sheets.\n|inactive|Battle timer is ON: inactive players will automatically lose when time's up. (requested by Beauty Devon)\n|\n|t:|1683954581\n|start\n|switch|p1a: Pachirisu|Pachirisu, L50, F|100\/100\n|switch|p1b: Bisharp|Bisharp, L50, F|100\/100\n|switch|p2a: Pien-Chao|Chien-Pao, L50|100\/100\n|switch|p2b: Mausmobile|Sableye, L50, F|100\/100\n|-ability|p2a: Pien-Chao|Sword of Ruin\n|turn|1\n|inactive|Bleedal has 30 seconds left.\n|inactive|Beauty Devon has 30 seconds left.\n|\n|t:|1683954613\n|move|p2b: Mausmobile|Fake Out|p1a: Pachirisu\n|-damage|p1a: Pachirisu|89\/100\n|cant|p1a: Pachirisu|flinch\n|move|p2a: Pien-Chao|Sacred Sword|p1b: Bisharp\n|-supereffective|p1b: Bisharp\n|-damage|p1b: Bisharp|0 fnt\n|faint|p1b: Bisharp\n|-damage|p2a: Pien-Chao|91\/100|[from] item: Life Orb\n|\n|-heal|p1a: Pachirisu|95\/100|[from] item: Leftovers\n|upkeep\n|\n|t:|1683954623\n|switch|p1b: Arcanine|Arcanine, L50, M|100\/100\n|-ability|p1b: Arcanine|Intimidate|boost\n|-unboost|p2a: Pien-Chao|atk|1\n|-unboost|p2b: Mausmobile|atk|1\n|turn|2\n|\n|t:|1683954641\n|switch|p2a: LGBT|Annihilape, L50, F|100\/100\n|move|p1a: Pachirisu|Helping Hand|p1b: Arcanine\n|-singleturn|p1b: Arcanine|Helping Hand|[of] p1a: Pachirisu\n|move|p2b: Mausmobile|Thunder Wave|p1b: Arcanine\n|-status|p1b: Arcanine|par\n|cant|p1b: Arcanine|par\n|\n|-heal|p1a: Pachirisu|100\/100|[from] item: Leftovers\n|upkeep\n|turn|3\n|inactive|Beauty Devon has 30 seconds left.\n|inactive|Beauty Devon has 20 seconds left.\n|inactive|Bleedal has 30 seconds left.\n|\n|t:|1683954681\n|-terastallize|p2a: LGBT|Rock\n|move|p1a: Pachirisu|Follow Me|p1a: Pachirisu\n|-singleturn|p1a: Pachirisu|move: Follow Me\n|move|p2b: Mausmobile|Encore|p1a: Pachirisu\n|-start|p1a: Pachirisu|Encore\n|move|p2a: LGBT|Rock Slide|p1b: Arcanine|[spread] p1a,p1b\n|-supereffective|p1b: Arcanine\n|-damage|p1a: Pachirisu|75\/100\n|-damage|p1b: Arcanine|42\/100 par\n|move|p1b: Arcanine|Will-O-Wisp|p2a: LGBT\n|-status|p2a: LGBT|brn\n|\n|-heal|p1a: Pachirisu|81\/100|[from] item: Leftovers\n|-damage|p2a: LGBT|95\/100 brn|[from] brn\n|upkeep\n|turn|4\n|\n|t:|1683954704\n|move|p2b: Mausmobile|Helping Hand|p2a: LGBT\n|-singleturn|p2a: LGBT|Helping Hand|[of] p2b: Mausmobile\n|move|p1a: Pachirisu|Follow Me|p1a: Pachirisu\n|-singleturn|p1a: Pachirisu|move: Follow Me\n|move|p2a: LGBT|Rock Slide|p1a: Pachirisu|[spread] p1a,p1b\n|-supereffective|p1b: Arcanine\n|-damage|p1a: Pachirisu|62\/100\n|-damage|p1b: Arcanine|2\/100 par\n|-enditem|p1b: Arcanine|Figy Berry|[eat]\n|-heal|p1b: Arcanine|35\/100 par|[from] item: Figy Berry\n|cant|p1b: Arcanine|flinch\n|\n|-heal|p1a: Pachirisu|68\/100|[from] item: Leftovers\n|-damage|p2a: LGBT|89\/100 brn|[from] brn\n|upkeep\n|turn|5\n|inactive|Bleedal has 30 seconds left.\n|\n|t:|1683954731\n|move|p2b: Mausmobile|Helping Hand|p2a: LGBT\n|-singleturn|p2a: LGBT|Helping Hand|[of] p2b: Mausmobile\n|move|p1b: Arcanine|Protect|p1b: Arcanine\n|-singleturn|p1b: Arcanine|Protect\n|move|p1a: Pachirisu|Follow Me|p1a: Pachirisu\n|-singleturn|p1a: Pachirisu|move: Follow Me\n|move|p2a: LGBT|Rock Slide|p1b: Arcanine|[spread] \n|-activate|p1b: Arcanine|move: Protect\n|-miss|p2a: LGBT|p1a: Pachirisu\n|\n|-heal|p1a: Pachirisu|74\/100|[from] item: Leftovers\n|-damage|p2a: LGBT|83\/100 brn|[from] brn\n|upkeep\n|turn|6\n|\n|t:|1683954748\n|move|p1a: Pachirisu|Follow Me|p1a: Pachirisu\n|-singleturn|p1a: Pachirisu|move: Follow Me\n|move|p2b: Mausmobile|Encore||[still]\n|-fail|p2b: Mausmobile\n|move|p2a: LGBT|Rock Slide|p1b: Arcanine|[spread] p1a,p1b\n|-supereffective|p1b: Arcanine\n|-damage|p1a: Pachirisu|61\/100\n|-damage|p1b: Arcanine|5\/100 par\n|cant|p1b: Arcanine|flinch\n|\n|-heal|p1a: Pachirisu|67\/100|[from] item: Leftovers\n|-damage|p2a: LGBT|77\/100 brn|[from] brn\n|-end|p1a: Pachirisu|Encore\n|upkeep\n|turn|7\n|inactive|Bleedal has 30 seconds left.\n|\n|t:|1683954779\n|move|p1a: Pachirisu|Helping Hand|p1b: Arcanine\n|-singleturn|p1b: Arcanine|Helping Hand|[of] p1a: Pachirisu\n|move|p2b: Mausmobile|Encore|p1a: Pachirisu\n|-start|p1a: Pachirisu|Encore\n|move|p2a: LGBT|Rock Slide|p1b: Arcanine|[spread] p1a,p1b\n|-supereffective|p1b: Arcanine\n|-damage|p1a: Pachirisu|53\/100\n|-damage|p1b: Arcanine|0 fnt\n|faint|p1b: Arcanine\n|\n|-heal|p1a: Pachirisu|59\/100|[from] item: Leftovers\n|-damage|p2a: LGBT|71\/100 brn|[from] brn\n|upkeep\n|\n|t:|1683954784\n|switch|p1b: Flutter Mane|Flutter Mane, L50|100\/100\n|turn|8\n|\n|t:|1683954794\n|-terastallize|p1b: Flutter Mane|Fairy\n|move|p1a: Pachirisu|Helping Hand|p1b: Flutter Mane\n|-singleturn|p1b: Flutter Mane|Helping Hand|[of] p1a: Pachirisu\n|move|p2a: LGBT|Protect|p2a: LGBT\n|-singleturn|p2a: LGBT|Protect\n|move|p2b: Mausmobile|Thunder Wave|p1b: Flutter Mane\n|-status|p1b: Flutter Mane|par\n|move|p1b: Flutter Mane|Dazzling Gleam|p2a: LGBT|[spread] p2b\n|-activate|p2a: LGBT|move: Protect\n|-supereffective|p2b: Mausmobile\n|-damage|p2b: Mausmobile|0 fnt\n|faint|p2b: Mausmobile\n|\n|-heal|p1a: Pachirisu|65\/100|[from] item: Leftovers\n|-damage|p2a: LGBT|65\/100 brn|[from] brn\n|upkeep\n|\n|t:|1683954817\n|switch|p2b: Pien-Chao|Chien-Pao, L50|91\/100\n|-ability|p2b: Pien-Chao|Sword of Ruin\n|turn|9\n|\n|t:|1683954832\n|move|p1a: Pachirisu|Helping Hand|p1b: Flutter Mane\n|-singleturn|p1b: Flutter Mane|Helping Hand|[of] p1a: Pachirisu\n|move|p2b: Pien-Chao|Sucker Punch|p1b: Flutter Mane\n|-resisted|p1b: Flutter Mane\n|-damage|p1b: Flutter Mane|32\/100 par\n|-damage|p2b: Pien-Chao|81\/100|[from] item: Life Orb\n|move|p2a: LGBT|Rock Slide|p1b: Flutter Mane|[spread] p1a,p1b\n|-damage|p1a: Pachirisu|47\/100\n|-damage|p1b: Flutter Mane|0 fnt\n|faint|p1b: Flutter Mane\n|-end|p1b: Flutter Mane|Protosynthesis|[silent]\n|\n|-heal|p1a: Pachirisu|53\/100|[from] item: Leftovers\n|-damage|p2a: LGBT|59\/100 brn|[from] brn\n|upkeep\n|turn|10\n|c|\u2606Bleedal|ggs\n|\n|t:|1683954850\n|move|p1a: Pachirisu|Helping Hand|p1: Flutter Mane|[notarget]\n|-fail|p1a: Pachirisu\n|move|p2b: Pien-Chao|Sacred Sword|p1a: Pachirisu\n|-crit|p1a: Pachirisu\n|-damage|p1a: Pachirisu|0 fnt\n|faint|p1a: Pachirisu\n|-damage|p2b: Pien-Chao|72\/100|[from] item: Life Orb\n|\n|win|Beauty Devon\n|c|\u2606Beauty Devon|gg\n","uploadtime":1683955467,"views":26,"p1id":"bleedal","p2id":"beautydevon","formatid":"gen9vgc2023regulationc","rating":0,"private":0,"password":""}