{"id":"gen9vgc2023regulationc-1849080819","p1":"An_Italian_Jojo","p2":"kookui","format":"[Gen 9] VGC 2023 Regulation C","log":"|j|\u2606An_Italian_Jojo\n|j|\u2606kookui\n|t:|1682151555\n|gametype|doubles\n|player|p1|An_Italian_Jojo|2|1241\n|player|p2|kookui|101|1187\n|teamsize|p1|6\n|teamsize|p2|6\n|gen|9\n|tier|[Gen 9] VGC 2023 Regulation C\n|rated|\n|rule|Species Clause: Limit one of each Pok\u00e9mon\n|rule|Item Clause: Limit one of each item\n|clearpoke\n|poke|p1|Maushold-Four, L50|\n|poke|p1|Annihilape, L50, M|\n|poke|p1|Tinkaton, L50, F|\n|poke|p1|Pelipper, L50, F|\n|poke|p1|Chi-Yu, L50|\n|poke|p1|Palafin, L50, M|\n|poke|p2|Gyarados, L50, F|\n|poke|p2|Annihilape, L50, F|\n|poke|p2|Tsareena, L50, F|\n|poke|p2|Scream Tail, L50|\n|poke|p2|Ting-Lu, L50|\n|poke|p2|Magnezone, L50|\n|teampreview|4\nAn_Italian_Jojo has agreed to open team sheets.\n|c|\u2606An_Italian_Jojo|gl hf\n|\n|t:|1682151610\n|start\n|switch|p1a: Maushold|Maushold-Four, L50|100\/100\n|switch|p1b: Annihilape|Annihilape, L50, M|100\/100\n|switch|p2a: Magnezone|Magnezone, L50|100\/100\n|switch|p2b: Majin Buu|Scream Tail, L50, shiny|100\/100\n|-item|p2a: Magnezone|Air Balloon\n|-enditem|p2b: Majin Buu|Booster Energy\n|-activate|p2b: Majin Buu|ability: Protosynthesis|[fromitem]\n|-start|p2b: Majin Buu|protosynthesisspe\n|turn|1\n|\n|t:|1682151638\n|move|p1a: Maushold|Follow Me|p1a: Maushold\n|-singleturn|p1a: Maushold|move: Follow Me\n|move|p2b: Majin Buu|Thunder Wave|p1a: Maushold\n|-status|p1a: Maushold|par\n|move|p1b: Annihilape|Bulk Up|p1b: Annihilape\n|-boost|p1b: Annihilape|atk|1\n|-boost|p1b: Annihilape|def|1\n|move|p2a: Magnezone|Thunder Wave|p1a: Maushold\n|-fail|p1a: Maushold|par\n|\n|upkeep\n|turn|2\n|\n|t:|1682151655\n|move|p1a: Maushold|Follow Me|p1a: Maushold\n|-singleturn|p1a: Maushold|move: Follow Me\n|move|p2b: Majin Buu|Reflect|p2b: Majin Buu\n|-sidestart|p2: kookui|Reflect\n|move|p1b: Annihilape|Drain Punch|p2a: Magnezone\n|-supereffective|p2a: Magnezone\n|-damage|p2a: Magnezone|41\/100\n|-enditem|p2a: Magnezone|Air Balloon\n|move|p2a: Magnezone|Thunder Wave|p1a: Maushold\n|-fail|p1a: Maushold|par\n|\n|upkeep\n|turn|3\n|\n|t:|1682151674\n|switch|p2a: Broly|Annihilape, L50, F|100\/100\n|move|p2b: Majin Buu|Howl|p2b: Majin Buu|[spread] p2a,p2b\n|-boost|p2a: Broly|atk|1\n|-boost|p2b: Majin Buu|atk|1\n|move|p1b: Annihilape|Rage Fist|p2a: Broly\n|-supereffective|p2a: Broly\n|-damage|p2a: Broly|65\/100\n|move|p1a: Maushold|Beat Up|p1b: Annihilape\n|-crit|p1b: Annihilape\n|-damage|p1b: Annihilape|98\/100\n|-damage|p1b: Annihilape|97\/100\n|-damage|p1b: Annihilape|96\/100\n|-damage|p1b: Annihilape|95\/100\n|-hitcount|p1b: Annihilape|4\n|\n|-heal|p1b: Annihilape|100\/100|[from] item: Leftovers\n|upkeep\n|turn|4\n|c|\u2606An_Italian_Jojo|Forgot paralysis reduces my speed lol\n|\n|t:|1682151713\n|-terastallize|p1b: Annihilape|Fire\n|move|p2a: Broly|Protect|p2a: Broly\n|-singleturn|p2a: Broly|Protect\n|move|p1a: Maushold|Follow Me|p1a: Maushold\n|-singleturn|p1a: Maushold|move: Follow Me\n|move|p2b: Majin Buu|Thunder Wave|p1a: Maushold\n|-fail|p1a: Maushold|par\n|move|p1b: Annihilape|Rage Fist|p2b: Majin Buu\n|-supereffective|p2b: Majin Buu\n|-damage|p2b: Majin Buu|0 fnt\n|faint|p2b: Majin Buu\n|-end|p2b: Majin Buu|Protosynthesis|[silent]\n|\n|upkeep\n|\n|t:|1682151728\n|switch|p2b: Chichi|Tsareena, L50, F|100\/100\n|turn|5\n|\n|t:|1682151739\n|move|p1a: Maushold|Follow Me|p1a: Maushold\n|-singleturn|p1a: Maushold|move: Follow Me\n|move|p1b: Annihilape|Rage Fist|p2a: Broly\n|-supereffective|p2a: Broly\n|-crit|p2a: Broly\n|-damage|p2a: Broly|0 fnt\n|faint|p2a: Broly\n|move|p2b: Chichi|Taunt|p1a: Maushold\n|-start|p1a: Maushold|move: Taunt\n|\n|upkeep\n|\n|t:|1682151749\n|switch|p2a: Magnezone|Magnezone, L50|41\/100\n|turn|6\n|-message|kookui forfeited.\n|\n|win|An_Italian_Jojo\n|raw|An_Italian_Jojo's rating: 1241 → 1262<\/strong> (+21 for winning)\n|raw|kookui's rating: 1187 → 1166<\/strong> (-21 for losing)\n|l|\u2606kookui\n","uploadtime":1682151767,"views":10,"p1id":"anitalianjojo","p2id":"kookui","formatid":"gen9vgc2023regulationc","rating":1166,"private":0,"password":""}