{"id":"gen9vgc2023regulationc-1852986459","p1":"SFroggeh","p2":"PittsburghEmpoleon","format":"[Gen 9] VGC 2023 Regulation C","log":"|j|\u2606SFroggeh\n|j|\u2606PittsburghEmpoleon\n|t:|1682623137\n|gametype|doubles\n|player|p1|SFroggeh|1|\n|player|p2|PittsburghEmpoleon|steven|\n|teamsize|p1|6\n|teamsize|p2|6\n|gen|9\n|tier|[Gen 9] VGC 2023 Regulation C\n|rule|Species Clause: Limit one of each Pok\u00e9mon\n|rule|Item Clause: Limit one of each item\n|clearpoke\n|poke|p1|Iron Hands, L50|\n|poke|p1|Tsareena, L50, F|\n|poke|p1|Slowking, L50, F|\n|poke|p1|Skeledirge, L50, M|\n|poke|p1|Maushold-Four, L50|\n|poke|p1|Cetitan, L50, F|\n|poke|p2|Chien-Pao, L50|\n|poke|p2|Dragonite, L50, F|\n|poke|p2|Mimikyu, L50, M|\n|poke|p2|Glimmora, L50, F|\n|poke|p2|Dondozo, L50, F|\n|poke|p2|Tatsugiri-Droopy, L50, F|\n|teampreview|4\n|inactive|Battle timer is ON: inactive players will automatically lose when time's up. (requested by SFroggeh)\n|inactiveoff|Battle timer is now OFF.\n|c|\u2606PittsburghEmpoleon|gl hf\n|j| eshe0\n|j| judevgc\n|c| eshe0|hello, gamers\n|c| judevgc|remember to invite porygon\n|c|\u2606PittsburghEmpoleon|oh, how do we do that?\n|j| PorygonTheBot\n|c| PorygonTheBot|You got this!\n|c|\u2606PittsburghEmpoleon|oh, got it\n|c|\u2606PittsburghEmpoleon|thanks SFroggeh\n|c|\u2606SFroggeh|Let's go\n|c|\u2606SFroggeh|gl hf\nSFroggeh rejected open team sheets.\n|c|\u2606PittsburghEmpoleon|u2\n|\n|t:|1682623222\n|start\n|switch|p1a: Cetitan|Cetitan, L50, F|100\/100\n|switch|p1b: Maushold|Maushold-Four, L50|100\/100\n|switch|p2a: Mimikyu|Mimikyu, L50, M|100\/100\n|switch|p2b: Glimmora|Glimmora, L50, F|100\/100\n|-item|p2b: Glimmora|Air Balloon\n|turn|1\n|\n|t:|1682623241\n|move|p1b: Maushold|Super Fang|p2b: Glimmora|[miss]\n|-miss|p1b: Maushold|p2b: Glimmora\n|move|p2a: Mimikyu|Play Rough|p1b: Maushold|[miss]\n|-miss|p2a: Mimikyu|p1b: Maushold\n|move|p2b: Glimmora|Mortal Spin|p1b: Maushold|[spread] p1a,p1b\n|-damage|p1a: Cetitan|98\/100\n|-damage|p1b: Maushold|95\/100\n|-status|p1a: Cetitan|psn\n|-status|p1b: Maushold|psn\n|move|p1a: Cetitan|Stomping Tantrum|p2b: Glimmora\n|-immune|p2b: Glimmora\n|\n|-damage|p1b: Maushold|82\/100 psn|[from] psn\n|-damage|p1a: Cetitan|86\/100 psn|[from] psn\n|upkeep\n|turn|2\n|c| eshe0|lol\n|\n|t:|1682623267\n|move|p2b: Glimmora|Spiky Shield|p2b: Glimmora\n|-singleturn|p2b: Glimmora|move: Protect\n|move|p1b: Maushold|Super Fang|p2b: Glimmora\n|-activate|p2b: Glimmora|move: Protect\n|-damage|p1b: Maushold|70\/100 psn|[from] Spiky Shield|[of] p2b: Glimmora\n|move|p2a: Mimikyu|Play Rough|p1b: Maushold\n|-damage|p1b: Maushold|14\/100 psn\n|-unboost|p1b: Maushold|atk|1\n|-damage|p2a: Mimikyu|90\/100|[from] item: Life Orb\n|move|p1a: Cetitan|Ice Spinner|p2b: Glimmora\n|-activate|p2b: Glimmora|move: Protect\n|-damage|p1a: Cetitan|74\/100 psn|[from] Spiky Shield|[of] p2b: Glimmora\n|\n|-damage|p1b: Maushold|1\/100 psn|[from] psn\n|-damage|p1a: Cetitan|62\/100 psn|[from] psn\n|upkeep\n|turn|3\n|j| Bardo52\n|\n|t:|1682623307\n|switch|p2a: Dondozo|Dondozo, L50, F|100\/100\n|switch|p2b: Tatsugiri|Tatsugiri-Droopy, L50, F|100\/100\n|-activate|p2b: Tatsugiri|ability: Commander|[of] p2a: Dondozo\n|-boost|p2a: Dondozo|atk|2\n|-boost|p2a: Dondozo|spa|2\n|-boost|p2a: Dondozo|spe|2\n|-boost|p2a: Dondozo|def|2\n|-boost|p2a: Dondozo|spd|2\n|move|p1b: Maushold|Follow Me|p1b: Maushold\n|-singleturn|p1b: Maushold|move: Follow Me\n|move|p1a: Cetitan|Ice Spinner|p2a: Dondozo\n|-resisted|p2a: Dondozo\n|-damage|p2a: Dondozo|93\/100\n|\n|-heal|p2a: Dondozo|99\/100|[from] item: Leftovers\n|-damage|p1b: Maushold|0 fnt|[from] psn\n|faint|p1b: Maushold\n|-damage|p1a: Cetitan|49\/100 psn|[from] psn\n|upkeep\n|\n|t:|1682623323\n|switch|p1b: Skeledirge|Skeledirge, L50, M|100\/100\n|turn|4\n|\n|t:|1682623341\n|-terastallize|p1b: Skeledirge|Water\n|move|p2a: Dondozo|Wave Crash|p1a: Cetitan\n|-damage|p1a: Cetitan|0 fnt\n|faint|p1a: Cetitan\n|-damage|p2a: Dondozo|82\/100|[from] Recoil\n|move|p1b: Skeledirge|Will-O-Wisp|p2a: Dondozo\n|-status|p2a: Dondozo|brn\n|\n|-heal|p2a: Dondozo|88\/100 brn|[from] item: Leftovers\n|-damage|p2a: Dondozo|82\/100 brn|[from] brn\n|upkeep\n|\n|t:|1682623352\n|switch|p1a: Iron Hands|Iron Hands, L50|100\/100\n|turn|5\n|\n|t:|1682623376\n|move|p1a: Iron Hands|Fake Out|p2a: Dondozo\n|-crit|p2a: Dondozo\n|-damage|p2a: Dondozo|66\/100 brn\n|cant|p2a: Dondozo|flinch\n|move|p1b: Skeledirge|Torch Song|p2a: Dondozo\n|-resisted|p2a: Dondozo\n|-damage|p2a: Dondozo|53\/100 brn\n|-boost|p1b: Skeledirge|spa|1\n|\n|-heal|p2a: Dondozo|59\/100 brn|[from] item: Leftovers\n|-damage|p2a: Dondozo|53\/100 brn|[from] brn\n|upkeep\n|turn|6\n|\n|t:|1682623389\n|move|p2a: Dondozo|Earthquake|p1b: Skeledirge|[spread] p1a,p1b\n|-miss|p2a: Dondozo|p2b: Tatsugiri\n|-supereffective|p1a: Iron Hands\n|-damage|p1a: Iron Hands|74\/100\n|-damage|p1b: Skeledirge|93\/100\n|move|p1b: Skeledirge|Torch Song|p2a: Dondozo\n|-resisted|p2a: Dondozo\n|-damage|p2a: Dondozo|38\/100 brn\n|-boost|p1b: Skeledirge|spa|1\n|move|p1a: Iron Hands|Thunder Punch|p2a: Dondozo\n|-supereffective|p2a: Dondozo\n|-damage|p2a: Dondozo|11\/100 brn\n|\n|-heal|p2a: Dondozo|17\/100 brn|[from] item: Leftovers\n|-heal|p1b: Skeledirge|99\/100|[from] item: Leftovers\n|-damage|p2a: Dondozo|11\/100 brn|[from] brn\n|upkeep\n|turn|7\n|\n|t:|1682623406\n|move|p2a: Dondozo|Earthquake|p1a: Iron Hands|[spread] p1a,p1b\n|-miss|p2a: Dondozo|p2b: Tatsugiri\n|-supereffective|p1a: Iron Hands\n|-damage|p1a: Iron Hands|47\/100\n|-damage|p1b: Skeledirge|93\/100\n|-enditem|p1a: Iron Hands|Sitrus Berry|[eat]\n|-heal|p1a: Iron Hands|72\/100|[from] item: Sitrus Berry\n|move|p1b: Skeledirge|Torch Song|p2a: Dondozo\n|-resisted|p2a: Dondozo\n|-damage|p2a: Dondozo|0 fnt\n|-boost|p1b: Skeledirge|spa|1\n|faint|p2a: Dondozo\n|move|p1a: Iron Hands|Drain Punch|p2b: Tatsugiri\n|-damage|p2b: Tatsugiri|24\/100\n|-heal|p1a: Iron Hands|93\/100|[from] drain|[of] p2b: Tatsugiri\n|\n|-heal|p1b: Skeledirge|99\/100|[from] item: Leftovers\n|upkeep\n|c| eshe0|certified gamer moment\n|\n|t:|1682623426\n|switch|p2a: Mimikyu|Mimikyu, L50, M|90\/100\n|turn|8\n|\n|t:|1682623459\n|-terastallize|p2a: Mimikyu|Ghost\n|move|p2a: Mimikyu|Shadow Claw|p1b: Skeledirge\n|-damage|p1b: Skeledirge|62\/100\n|-damage|p2a: Mimikyu|80\/100|[from] item: Life Orb\n|move|p2b: Tatsugiri|Dragon Pulse|p1b: Skeledirge\n|-crit|p1b: Skeledirge\n|-damage|p1b: Skeledirge|0 fnt\n|faint|p1b: Skeledirge\n|move|p1a: Iron Hands|Drain Punch|p2b: Tatsugiri\n|-damage|p2b: Tatsugiri|0 fnt\n|-heal|p1a: Iron Hands|99\/100|[from] drain|[of] p2b: Tatsugiri\n|faint|p2b: Tatsugiri\n|\n|upkeep\n|\n|t:|1682623469\n|switch|p2b: Glimmora|Glimmora, L50, F|100\/100\n|-item|p2b: Glimmora|Air Balloon\n|turn|9\n|\n|t:|1682623476\n|move|p2a: Mimikyu|Play Rough|p1a: Iron Hands\n|-supereffective|p1a: Iron Hands\n|-damage|p1a: Iron Hands|33\/100\n|-damage|p2a: Mimikyu|70\/100|[from] item: Life Orb\n|move|p2b: Glimmora|Mortal Spin|p1a: Iron Hands\n|-damage|p1a: Iron Hands|30\/100\n|-status|p1a: Iron Hands|psn\n|move|p1a: Iron Hands|Drain Punch|p2b: Glimmora\n|-damage|p2b: Glimmora|70\/100\n|-heal|p1a: Iron Hands|41\/100 psn|[from] drain|[of] p2b: Glimmora\n|-activate|p2b: Glimmora|ability: Toxic Debris\n|-sidestart|p1: SFroggeh|move: Toxic Spikes\n|-enditem|p2b: Glimmora|Air Balloon\n|\n|-damage|p1a: Iron Hands|28\/100 psn|[from] psn\n|upkeep\n|turn|10\n|\n|t:|1682623495\n|move|p2b: Glimmora|Spiky Shield|p2b: Glimmora\n|-singleturn|p2b: Glimmora|move: Protect\n|move|p2a: Mimikyu|Shadow Claw|p1a: Iron Hands\n|-damage|p1a: Iron Hands|0 fnt\n|faint|p1a: Iron Hands\n|-end|p1a: Iron Hands|Quark Drive|[silent]\n|-damage|p2a: Mimikyu|60\/100|[from] item: Life Orb\n|\n|win|PittsburghEmpoleon\n|l| PorygonTheBot\n|c|\u2606PittsburghEmpoleon|gg\n|c|\u2606SFroggeh|Well, that was unlucky\n|c|\u2606SFroggeh|gg\n|l| Bardo52\n|l|\u2606SFroggeh\n|l|\u2606PittsburghEmpoleon\n|j| PorygonTheBot\n|c| PorygonTheBot|y'all suck\n","uploadtime":1682623496,"views":7,"p1id":"sfroggeh","p2id":"pittsburghempoleon","formatid":"gen9vgc2023regulationc","rating":0,"private":0,"password":null}