{"id":"gen9vgc2023regulationc-1854780611","p1":"Skh11","p2":"dadarvin","format":"[Gen 9] VGC 2023 Regulation C","log":"|j|\u2606Skh11\n|j|\u2606dadarvin\n|t:|1682865146\n|gametype|doubles\n|player|p1|Skh11|bruno|1295\n|player|p2|dadarvin|rosa|1387\n|teamsize|p1|6\n|teamsize|p2|6\n|gen|9\n|tier|[Gen 9] VGC 2023 Regulation C\n|rated|\n|rule|Species Clause: Limit one of each Pok\u00e9mon\n|rule|Item Clause: Limit one of each item\n|clearpoke\n|poke|p1|Dondozo, L50, F|\n|poke|p1|Tatsugiri-Droopy, L50, F|\n|poke|p1|Pelipper, L50, M|\n|poke|p1|Drednaw, L50, F|\n|poke|p1|Dragonite, L50, F|\n|poke|p1|Chien-Pao, L50|\n|poke|p2|Torkoal, L50, M|\n|poke|p2|Armarouge, L50, M|\n|poke|p2|Gothitelle, L50, M|\n|poke|p2|Indeedee, L50, M|\n|poke|p2|Gallade, L50, M|\n|poke|p2|Flutter Mane, L50|\n|teampreview|4\n|inactive|Battle timer is ON: inactive players will automatically lose when time's up. (requested by Skh11)\n|inactive|dadarvin has 60 seconds left.\n|\n|t:|1682865178\n|start\n|switch|p1a: Chien-Pao|Chien-Pao, L50|100\/100\n|switch|p1b: Dragonite|Dragonite, L50, F|100\/100\n|switch|p2a: Indeedee|Indeedee, L50, M|100\/100\n|switch|p2b: Flutter Mane|Flutter Mane, L50|100\/100\n|-fieldstart|move: Psychic Terrain|[from] ability: Psychic Surge|[of] p2a: Indeedee\n|-ability|p1a: Chien-Pao|Sword of Ruin\n|turn|1\n|\n|t:|1682865203\n|switch|p2a: Torkoal|Torkoal, L50, M|100\/100\n|-weather|SunnyDay|[from] ability: Drought|[of] p2a: Torkoal\n|-activate|p2b: Flutter Mane|ability: Protosynthesis\n|-start|p2b: Flutter Mane|protosynthesisspe\n|move|p2b: Flutter Mane|Dazzling Gleam|p1b: Dragonite|[spread] p1a,p1b\n|-supereffective|p1a: Chien-Pao\n|-supereffective|p1b: Dragonite\n|-enditem|p1a: Chien-Pao|Focus Sash\n|-damage|p1a: Chien-Pao|1\/100\n|-damage|p1b: Dragonite|18\/100\n|move|p1a: Chien-Pao|Ice Spinner|p2b: Flutter Mane\n|-damage|p2b: Flutter Mane|0 fnt\n|-fieldend|move: Psychic Terrain\n|faint|p2b: Flutter Mane\n|-end|p2b: Flutter Mane|Protosynthesis|[silent]\n|move|p1b: Dragonite|Ice Spinner|p2a: Torkoal\n|-resisted|p2a: Torkoal\n|-damage|p2a: Torkoal|86\/100\n|\n|-weather|SunnyDay|[upkeep]\n|upkeep\n|\n|t:|1682865218\n|switch|p2b: Indeedee|Indeedee, L50, M|100\/100\n|-fieldstart|move: Psychic Terrain|[from] ability: Psychic Surge|[of] p2b: Indeedee\n|turn|2\n|\n|t:|1682865227\n|switch|p2a: Gallade|Gallade, L50, M|100\/100\n|move|p1b: Dragonite|Protect|p1b: Dragonite\n|-singleturn|p1b: Dragonite|Protect\n|move|p2b: Indeedee|Dazzling Gleam|p1b: Dragonite|[spread] p1a\n|-activate|p1b: Dragonite|move: Protect\n|-supereffective|p1a: Chien-Pao\n|-damage|p1a: Chien-Pao|0 fnt\n|faint|p1a: Chien-Pao\n|\n|-weather|SunnyDay|[upkeep]\n|upkeep\n|\n|t:|1682865237\n|switch|p1a: Pelipper|Pelipper, L50, M|100\/100\n|-weather|RainDance|[from] ability: Drizzle|[of] p1a: Pelipper\n|turn|3\n|\n|t:|1682865245\n|switch|p2b: Torkoal|Torkoal, L50, M|86\/100\n|-weather|SunnyDay|[from] ability: Drought|[of] p2b: Torkoal\n|switch|p1a: Drednaw|Drednaw, L50, F|100\/100\n|-terastallize|p2a: Gallade|Steel\n|move|p1b: Dragonite|Ice Spinner|p2b: Torkoal\n|-resisted|p2b: Torkoal\n|-damage|p2b: Torkoal|74\/100\n|-fieldend|move: Psychic Terrain\n|move|p2a: Gallade|Psycho Cut|p1a: Drednaw\n|-damage|p1a: Drednaw|32\/100\n|\n|-weather|SunnyDay|[upkeep]\n|upkeep\n|turn|4\n|\n|t:|1682865267\n|switch|p1b: Pelipper|Pelipper, L50, M|100\/100\n|-weather|RainDance|[from] ability: Drizzle|[of] p1b: Pelipper\n|switch|p2b: Indeedee|Indeedee, L50, M|100\/100\n|-fieldstart|move: Psychic Terrain|[from] ability: Psychic Surge|[of] p2b: Indeedee\n|move|p1a: Drednaw|Earthquake|p2b: Indeedee|[spread] p2a,p2b\n|-immune|p1b: Pelipper\n|-supereffective|p2a: Gallade\n|-damage|p2a: Gallade|0 fnt\n|-damage|p2b: Indeedee|22\/100\n|faint|p2a: Gallade\n|\n|-weather|RainDance|[upkeep]\n|upkeep\n|\n|t:|1682865271\n|switch|p2a: Torkoal|Torkoal, L50, M|74\/100\n|-weather|SunnyDay|[from] ability: Drought|[of] p2a: Torkoal\n|turn|5\n|\n|t:|1682865291\n|switch|p1b: Dragonite|Dragonite, L50, F|18\/100\n|move|p2b: Indeedee|Psychic|p1a: Drednaw\n|-damage|p1a: Drednaw|0 fnt\n|faint|p1a: Drednaw\n|move|p2a: Torkoal|Solar Beam||[still]\n|-prepare|p2a: Torkoal|Solar Beam\n|-anim|p2a: Torkoal|Solar Beam|p1b: Dragonite\n|-resisted|p1b: Dragonite\n|-damage|p1b: Dragonite|10\/100\n|\n|-weather|SunnyDay|[upkeep]\n|upkeep\n|\n|t:|1682865296\n|switch|p1a: Pelipper|Pelipper, L50, M|100\/100\n|-weather|RainDance|[from] ability: Drizzle|[of] p1a: Pelipper\n|turn|6\n|\n|t:|1682865308\n|move|p1b: Dragonite|Protect|p1b: Dragonite\n|-singleturn|p1b: Dragonite|Protect\n|move|p2b: Indeedee|Psychic|p1a: Pelipper\n|-damage|p1a: Pelipper|18\/100\n|move|p1a: Pelipper|Tailwind|p1a: Pelipper\n|-sidestart|p1: Skh11|move: Tailwind\n|move|p2a: Torkoal|Solar Beam||[still]\n|-prepare|p2a: Torkoal|Solar Beam\n|\n|-weather|RainDance|[upkeep]\n|upkeep\n|turn|7\n|\n|t:|1682865326\n|move|p2b: Indeedee|Psychic|p1b: Dragonite\n|-damage|p1b: Dragonite|0 fnt\n|faint|p1b: Dragonite\n|move|p1a: Pelipper|Hydro Pump|p2a: Torkoal\n|-supereffective|p2a: Torkoal\n|-damage|p2a: Torkoal|0 fnt\n|faint|p2a: Torkoal\n|\n|-weather|RainDance|[upkeep]\n|upkeep\n|turn|8\n|\n|t:|1682865340\n|move|p2b: Indeedee|Psychic|p1a: Pelipper\n|-damage|p1a: Pelipper|0 fnt\n|faint|p1a: Pelipper\n|\n|win|dadarvin\n|raw|Skh11's rating: 1295 → 1276<\/strong> (-19 for losing)\n|raw|dadarvin's rating: 1387 → 1402<\/strong> (+15 for winning)\n|l|\u2606Skh11\n","uploadtime":1682865348,"views":12,"p1id":"skh11","p2id":"dadarvin","formatid":"gen9vgc2023regulationc","rating":1276,"private":0,"password":""}