{"id":"gen9vgc2023regulationc-1848181371","p1":"ShaytheFair","p2":"SteXe36","format":"[Gen 9] VGC 2023 Regulation C","log":"|j|\u2606ShaytheFair\n|j|\u2606SteXe36\n|t:|1682039358\n|gametype|doubles\n|player|p1|ShaytheFair|veteranf|1130\n|player|p2|SteXe36|pokemonbreederf-gen4|1170\n|teamsize|p1|6\n|teamsize|p2|6\n|gen|9\n|tier|[Gen 9] VGC 2023 Regulation C\n|rated|\n|rule|Species Clause: Limit one of each Pok\u00e9mon\n|rule|Item Clause: Limit one of each item\n|clearpoke\n|poke|p1|Palafin, L50, M|\n|poke|p1|Flutter Mane, L50|\n|poke|p1|Arcanine, L50, M|\n|poke|p1|Ting-Lu, L50|\n|poke|p1|Amoonguss, L50, M|\n|poke|p1|Kingambit, L50, M|\n|poke|p2|Stonjourner, L50, M|\n|poke|p2|Flutter Mane, L50|\n|poke|p2|Corviknight, L50, M|\n|poke|p2|Indeedee-F, L50, F|\n|poke|p2|Baxcalibur, L50, M|\n|poke|p2|Meowscarada, L50, F|\n|teampreview|4\n|inactive|Battle timer is ON: inactive players will automatically lose when time's up. (requested by SteXe36)\n|inactive|SteXe36 has 60 seconds left.\nShaytheFair has agreed to open team sheets.\n|\n|t:|1682039398\n|start\n|switch|p1a: Arcanine|Arcanine, L50, M|100\/100\n|switch|p1b: Ting-Lu|Ting-Lu, L50|100\/100\n|switch|p2a: Meowscarada|Meowscarada, L50, F|100\/100\n|switch|p2b: Stonjourner|Stonjourner, L50, M|100\/100\n|-ability|p1a: Arcanine|Intimidate|boost\n|-unboost|p2a: Meowscarada|atk|1\n|-unboost|p2b: Stonjourner|atk|1\n|-ability|p1b: Ting-Lu|Vessel of Ruin\n|turn|1\n|inactive|ShaytheFair has 30 seconds left.\n|inactive|ShaytheFair has 20 seconds left.\n|\n|t:|1682039435\n|move|p2b: Stonjourner|Protect|p2b: Stonjourner\n|-singleturn|p2b: Stonjourner|Protect\n|move|p2a: Meowscarada|U-turn|p1b: Ting-Lu\n|-start|p2a: Meowscarada|typechange|Bug|[from] ability: Protean\n|-supereffective|p1b: Ting-Lu\n|-damage|p1b: Ting-Lu|63\/100\n|\n|t:|1682039444\n|switch|p2a: Royal Knight|Corviknight, L50, M, shiny|100\/100|[from] U-turn\n|move|p1a: Arcanine|Will-O-Wisp|p2b: Stonjourner\n|-activate|p2b: Stonjourner|move: Protect\n|move|p1b: Ting-Lu|Stomping Tantrum|p2b: Stonjourner\n|-activate|p2b: Stonjourner|move: Protect\n|\n|upkeep\n|turn|2\n|inactive|ShaytheFair has 30 seconds left.\n|\n|t:|1682039472\n|move|p1a: Arcanine|Howl|p1a: Arcanine|[spread] p1a,p1b\n|-boost|p1a: Arcanine|atk|1\n|-boost|p1b: Ting-Lu|atk|1\n|move|p2a: Royal Knight|Body Press|p1b: Ting-Lu\n|-supereffective|p1b: Ting-Lu\n|-damage|p1b: Ting-Lu|20\/100\n|move|p2b: Stonjourner|Body Press|p1b: Ting-Lu\n|-supereffective|p1b: Ting-Lu\n|-damage|p1b: Ting-Lu|0 fnt\n|faint|p1b: Ting-Lu\n|\n|upkeep\n|\n|t:|1682039483\n|switch|p1b: Palafin|Palafin, L50, M|100\/100\n|turn|3\n|\n|t:|1682039499\n|detailschange|p1b: Palafin|Palafin-Hero, L50, M\n|switch|p1b: Flutter Mane|Flutter Mane, L50|100\/100\n|-enditem|p1b: Flutter Mane|Booster Energy\n|-activate|p1b: Flutter Mane|ability: Protosynthesis|[fromitem]\n|-start|p1b: Flutter Mane|protosynthesisspa\n|switch|p2b: Meowscarada|Meowscarada, L50, F|100\/100\n|-terastallize|p2a: Royal Knight|Dragon\n|move|p1a: Arcanine|Howl|p1a: Arcanine|[spread] p1a,p1b\n|-boost|p1a: Arcanine|atk|1\n|-boost|p1b: Flutter Mane|atk|1\n|move|p2a: Royal Knight|Bulk Up|p2a: Royal Knight\n|-boost|p2a: Royal Knight|atk|1\n|-boost|p2a: Royal Knight|def|1\n|\n|upkeep\n|turn|4\n|inactive|ShaytheFair has 30 seconds left.\n|inactive|SteXe36 has 30 seconds left.\n|\n|t:|1682039528\n|-terastallize|p1b: Flutter Mane|Fairy\n|move|p2b: Meowscarada|Flower Trick|p1b: Flutter Mane\n|-start|p2b: Meowscarada|typechange|Grass|[from] ability: Protean\n|-crit|p1b: Flutter Mane\n|-damage|p1b: Flutter Mane|15\/100\n|move|p1b: Flutter Mane|Dazzling Gleam|p2a: Royal Knight|[spread] p2a,p2b\n|-supereffective|p2a: Royal Knight\n|-damage|p2a: Royal Knight|0 fnt\n|-damage|p2b: Meowscarada|10\/100\n|faint|p2a: Royal Knight\n|move|p1a: Arcanine|Will-O-Wisp|p2b: Meowscarada|[miss]\n|-miss|p1a: Arcanine|p2b: Meowscarada\n|\n|upkeep\n|\n|t:|1682039549\n|switch|p2a: Flutter Mane|Flutter Mane, L50|100\/100\n|turn|5\n|\n|t:|1682039562\n|move|p2b: Meowscarada|Flower Trick|p1a: Arcanine\n|-resisted|p1a: Arcanine\n|-crit|p1a: Arcanine\n|-damage|p1a: Arcanine|78\/100\n|move|p2a: Flutter Mane|Dazzling Gleam|p1a: Arcanine|[spread] p1a,p1b\n|-resisted|p1a: Arcanine\n|-damage|p1a: Arcanine|52\/100\n|-damage|p1b: Flutter Mane|0 fnt\n|faint|p1b: Flutter Mane\n|-end|p1b: Flutter Mane|Protosynthesis|[silent]\n|move|p1a: Arcanine|Flare Blitz|p2b: Meowscarada\n|-supereffective|p2b: Meowscarada\n|-damage|p2b: Meowscarada|0 fnt\n|faint|p2b: Meowscarada\n|-damage|p1a: Arcanine|49\/100|[from] Recoil\n|\n|upkeep\n|\n|t:|1682039575\n|switch|p2b: Stonjourner|Stonjourner, L50, M|100\/100\n|switch|p1b: Palafin|Palafin-Hero, L50, M|100\/100\n|-activate|p1b: Palafin|ability: Zero to Hero\n|turn|6\n|\n|t:|1682039587\n|move|p2a: Flutter Mane|Dazzling Gleam|p1a: Arcanine|[spread] p1a,p1b\n|-resisted|p1a: Arcanine\n|-damage|p1a: Arcanine|17\/100\n|-damage|p1b: Palafin|41\/100\n|move|p1a: Arcanine|Flare Blitz|p2a: Flutter Mane\n|-damage|p2a: Flutter Mane|0 fnt\n|faint|p2a: Flutter Mane\n|-end|p2a: Flutter Mane|Protosynthesis|[silent]\n|-damage|p1a: Arcanine|0 fnt|[from] Recoil\n|faint|p1a: Arcanine\n|move|p1b: Palafin|Wave Crash|p2b: Stonjourner\n|-supereffective|p2b: Stonjourner\n|-damage|p2b: Stonjourner|1\/100\n|-damage|p1b: Palafin|8\/100|[from] Recoil\n|move|p2b: Stonjourner|Rock Slide|p1b: Palafin\n|-damage|p1b: Palafin|0 fnt\n|faint|p1b: Palafin\n|\n|win|SteXe36\n|raw|ShaytheFair's rating: 1130 → 1108<\/strong> (-22 for losing)\n|raw|SteXe36's rating: 1170 → 1192<\/strong> (+22 for winning)\n|c|\u2606ShaytheFair|Gg\n|c|\u2606ShaytheFair|You're good!\n|l|\u2606SteXe36\n","uploadtime":1682039625,"views":6,"p1id":"shaythefair","p2id":"stexe36","formatid":"gen9vgc2023regulationc","rating":1108,"private":0,"password":""}