{"id":"gen9vgc2023regulationc-1860806424","p1":"taterstotz","p2":"Arcroyal","format":"[Gen 9] VGC 2023 Regulation C","log":"|j|\u2606taterstotz\n|j|\u2606Arcroyal\n|t:|1683680156\n|gametype|doubles\n|player|p1|taterstotz|266|1202\n|player|p2|Arcroyal|red|1153\n|teamsize|p1|6\n|teamsize|p2|6\n|gen|9\n|tier|[Gen 9] VGC 2023 Regulation C\n|rated|\n|rule|Species Clause: Limit one of each Pok\u00e9mon\n|rule|Item Clause: Limit one of each item\n|clearpoke\n|poke|p1|Palafin, L50, F|\n|poke|p1|Pelipper, L50, M|\n|poke|p1|Amoonguss, L50, F|\n|poke|p1|Scream Tail, L50|\n|poke|p1|Gothitelle, L50, F|\n|poke|p1|Baxcalibur, L50, F|\n|poke|p2|Chi-Yu, L50|\n|poke|p2|Iron Bundle, L50|\n|poke|p2|Flutter Mane, L50|\n|poke|p2|Baxcalibur, L50, M|\n|poke|p2|Amoonguss, L50, F|\n|poke|p2|Palafin, L50, M|\n|teampreview|4\n|inactive|Battle timer is ON: inactive players will automatically lose when time's up. (requested by Arcroyal)\ntaterstotz has agreed to open team sheets.\n|inactive|taterstotz has 60 seconds left.\n|inactive|Arcroyal has 60 seconds left.\n|inactive|Arcroyal has 30 seconds left.\n|inactive|Arcroyal has 20 seconds left.\n|inactive|Arcroyal has 15 seconds left.\n|inactive|Arcroyal has 10 seconds left.\n|\n|t:|1683680240\n|start\n|switch|p1a: Scream Tail|Scream Tail, L50|100\/100\n|switch|p1b: Palafin|Palafin, L50, F|100\/100\n|switch|p2a: Chi-Yu|Chi-Yu, L50|100\/100\n|switch|p2b: Iron Bundle|Iron Bundle, L50|100\/100\n|-ability|p2a: Chi-Yu|Beads of Ruin\n|-enditem|p2b: Iron Bundle|Booster Energy\n|-activate|p2b: Iron Bundle|ability: Quark Drive|[fromitem]\n|-start|p2b: Iron Bundle|quarkdrivespe\n|-enditem|p1a: Scream Tail|Booster Energy\n|-activate|p1a: Scream Tail|ability: Protosynthesis|[fromitem]\n|-start|p1a: Scream Tail|protosynthesisspe\n|turn|1\n|inactive|Arcroyal has 30 seconds left.\n|\n|t:|1683680271\n|-terastallize|p1b: Palafin|Water\n|move|p1b: Palafin|Jet Punch|p2a: Chi-Yu\n|-supereffective|p2a: Chi-Yu\n|-damage|p2a: Chi-Yu|0 fnt\n|faint|p2a: Chi-Yu\n|move|p2b: Iron Bundle|Hydro Pump|p1a: Scream Tail\n|-damage|p1a: Scream Tail|61\/100\n|move|p1a: Scream Tail|Play Rough|p2b: Iron Bundle|[miss]\n|-miss|p1a: Scream Tail|p2b: Iron Bundle\n|\n|upkeep\n|\n|t:|1683680285\n|switch|p2a: Palafin|Palafin, L50, M|100\/100\n|turn|2\n|\n|t:|1683680296\n|detailschange|p2a: Palafin|Palafin-Hero, L50, M\n|switch|p2a: Flutter Mane|Flutter Mane, L50|100\/100\n|detailschange|p1b: Palafin|Palafin-Hero, L50, F, tera:Water\n|switch|p1b: Amoonguss|Amoonguss, L50, F|100\/100\n|move|p2b: Iron Bundle|Freeze-Dry|p1b: Amoonguss\n|-supereffective|p1b: Amoonguss\n|-damage|p1b: Amoonguss|51\/100\n|move|p1a: Scream Tail|Perish Song|p1a: Scream Tail\n|-start|p1a: Scream Tail|perish3|[silent]\n|-start|p1b: Amoonguss|perish3|[silent]\n|-start|p2a: Flutter Mane|perish3|[silent]\n|-start|p2b: Iron Bundle|perish3|[silent]\n|-fieldactivate|move: Perish Song\n|\n|-start|p2b: Iron Bundle|perish3\n|-start|p1a: Scream Tail|perish3\n|-start|p2a: Flutter Mane|perish3\n|-start|p1b: Amoonguss|perish3\n|upkeep\n|turn|3\n|\n|t:|1683680319\n|-end|p1a: Scream Tail|Protosynthesis|[silent]\n|switch|p1a: Gothitelle|Gothitelle, L50, F|100\/100\n|-terastallize|p2a: Flutter Mane|Fairy\n|move|p2b: Iron Bundle|Freeze-Dry|p1b: Amoonguss\n|-supereffective|p1b: Amoonguss\n|-damage|p1b: Amoonguss|0 fnt\n|faint|p1b: Amoonguss\n|move|p2a: Flutter Mane|Moonblast|p1a: Gothitelle\n|-damage|p1a: Gothitelle|41\/100\n|\n|-start|p2b: Iron Bundle|perish2\n|-start|p2a: Flutter Mane|perish2\n|upkeep\n|\n|t:|1683680334\n|switch|p1b: Palafin|Palafin-Hero, L50, F, tera:Water|100\/100\n|-activate|p1b: Palafin|ability: Zero to Hero\n|turn|4\n|\n|t:|1683680344\n|move|p1a: Gothitelle|Fake Out|p2b: Iron Bundle\n|-damage|p2b: Iron Bundle|94\/100\n|move|p1b: Palafin|Jet Punch|p2a: Flutter Mane\n|-enditem|p2a: Flutter Mane|Focus Sash\n|-damage|p2a: Flutter Mane|1\/100\n|cant|p2b: Iron Bundle|flinch\n|move|p2a: Flutter Mane|Dazzling Gleam|p1a: Gothitelle|[spread] p1a,p1b\n|-damage|p1a: Gothitelle|2\/100\n|-damage|p1b: Palafin|61\/100\n|-enditem|p1a: Gothitelle|Iapapa Berry|[eat]\n|-heal|p1a: Gothitelle|35\/100|[from] item: Iapapa Berry\n|\n|-start|p2b: Iron Bundle|perish1\n|-start|p2a: Flutter Mane|perish1\n|upkeep\n|turn|5\n|inactive|taterstotz has 30 seconds left.\n|inactive|Arcroyal has 30 seconds left.\n|-message|Arcroyal forfeited.\n|\n|win|taterstotz\n|raw|taterstotz's rating: 1202 → 1223<\/strong> (+21 for winning)\n|raw|Arcroyal's rating: 1153 → 1132<\/strong> (-21 for losing)\n|l|\u2606Arcroyal\n","uploadtime":1683680444,"views":19,"p1id":"taterstotz","p2id":"arcroyal","formatid":"gen9vgc2023regulationc","rating":1132,"private":0,"password":""}