{"id":"gen9vgc2023regulationc-1859732105","p1":"L0LZ4N0m4","p2":"Pic1070","format":"[Gen 9] VGC 2023 Regulation C","log":"|j|\u2606L0LZ4N0m4\n|j|\u2606Pic1070\n|t:|1683559929\n|gametype|doubles\n|player|p1|L0LZ4N0m4|aromalady|1223\n|player|p2|Pic1070|265|1144\n|teamsize|p1|6\n|teamsize|p2|6\n|gen|9\n|tier|[Gen 9] VGC 2023 Regulation C\n|rated|\n|rule|Species Clause: Limit one of each Pok\u00e9mon\n|rule|Item Clause: Limit one of each item\n|clearpoke\n|poke|p1|Tyranitar, L50, M|\n|poke|p1|Palafin, L50, M|\n|poke|p1|Kingambit, L50, M|\n|poke|p1|Flutter Mane, L50|\n|poke|p1|Arcanine, L50, F|\n|poke|p1|Amoonguss, L50, F|\n|poke|p2|Gholdengo, L50|\n|poke|p2|Murkrow, L50, F|\n|poke|p2|Arcanine, L50, F|\n|poke|p2|Gastrodon-East, L50, M|\n|poke|p2|Lucario, L50, M|\n|poke|p2|Meowscarada, L50, F|\n|teampreview|4\n|inactive|Battle timer is ON: inactive players will automatically lose when time's up. (requested by L0LZ4N0m4)\n|inactive|L0LZ4N0m4 has 60 seconds left.\n|\n|t:|1683559964\n|start\n|switch|p1a: Kingambit|Kingambit, L50, M|100\/100\n|switch|p1b: Arcanine|Arcanine, L50, F|100\/100\n|switch|p2a: Murkrow|Murkrow, L50, F, shiny|100\/100\n|switch|p2b: Meowscarada|Meowscarada, L50, F, shiny|100\/100\n|-ability|p1b: Arcanine|Intimidate|boost\n|-unboost|p2a: Murkrow|atk|1\n|-unboost|p2b: Meowscarada|atk|1\n|turn|1\n|\n|t:|1683559987\n|move|p2a: Murkrow|Tailwind|p2a: Murkrow\n|-sidestart|p2: Pic1070|move: Tailwind\n|move|p2b: Meowscarada|U-turn|p1a: Kingambit\n|-damage|p1a: Kingambit|90\/100\n|\n|t:|1683559991\n|switch|p2b: Arcanine|Arcanine, L50, F|100\/100|[from] U-turn\n|-ability|p2b: Arcanine|Intimidate|boost\n|-unboost|p1a: Kingambit|atk|1\n|-ability|p1a: Kingambit|Defiant|boost\n|-boost|p1a: Kingambit|atk|2\n|-unboost|p1b: Arcanine|atk|1\n|move|p1b: Arcanine|Will-O-Wisp|p2b: Arcanine|[miss]\n|-miss|p1b: Arcanine|p2b: Arcanine\n|move|p1a: Kingambit|Swords Dance|p1a: Kingambit\n|-boost|p1a: Kingambit|atk|2\n|\n|upkeep\n|turn|2\n|\n|t:|1683560003\n|move|p2b: Arcanine|Protect|p2b: Arcanine\n|-singleturn|p2b: Arcanine|Protect\n|move|p2a: Murkrow|Foul Play|p1a: Kingambit\n|-resisted|p1a: Kingambit\n|-damage|p1a: Kingambit|35\/100\n|move|p1b: Arcanine|Howl|p1b: Arcanine|[spread] p1a,p1b\n|-boost|p1a: Kingambit|atk|1\n|-boost|p1b: Arcanine|atk|1\n|move|p1a: Kingambit|Kowtow Cleave|p2b: Arcanine\n|-activate|p2b: Arcanine|move: Protect\n|\n|upkeep\n|turn|3\n|\n|t:|1683560027\n|move|p1a: Kingambit|Protect|p1a: Kingambit\n|-singleturn|p1a: Kingambit|Protect\n|move|p2a: Murkrow|Haze|p2a: Murkrow\n|-clearallboost\n|move|p2b: Arcanine|Flare Blitz|p1a: Kingambit\n|-activate|p1a: Kingambit|move: Protect\n|move|p1b: Arcanine|Flare Blitz|p2a: Murkrow\n|-damage|p2a: Murkrow|43\/100\n|-damage|p1b: Arcanine|84\/100|[from] Recoil\n|\n|upkeep\n|turn|4\n|\n|t:|1683560052\n|switch|p1a: Palafin|Palafin, L50, M|100\/100\n|move|p2a: Murkrow|Foul Play|p1b: Arcanine\n|-damage|p1b: Arcanine|50\/100\n|move|p2b: Arcanine|Flare Blitz|p1a: Palafin\n|-resisted|p1a: Palafin\n|-damage|p1a: Palafin|72\/100\n|-damage|p2b: Arcanine|91\/100|[from] Recoil\n|move|p1b: Arcanine|Flare Blitz|p2a: Murkrow\n|-damage|p2a: Murkrow|0 fnt\n|faint|p2a: Murkrow\n|-damage|p1b: Arcanine|39\/100|[from] Recoil\n|\n|-sideend|p2: Pic1070|move: Tailwind\n|upkeep\n|\n|t:|1683560055\n|switch|p2a: Meowscarada|Meowscarada, L50, F, shiny|100\/100\n|turn|5\n|\n|t:|1683560078\n|detailschange|p1a: Palafin|Palafin-Hero, L50, M\n|switch|p1a: Amoonguss|Amoonguss, L50, F|100\/100\n|move|p2b: Arcanine|Extreme Speed|p1b: Arcanine\n|-damage|p1b: Arcanine|14\/100\n|move|p2a: Meowscarada|Flower Trick|p1a: Amoonguss\n|-resisted|p1a: Amoonguss\n|-crit|p1a: Amoonguss\n|-damage|p1a: Amoonguss|90\/100\n|move|p1b: Arcanine|Will-O-Wisp|p2a: Meowscarada\n|-status|p2a: Meowscarada|brn\n|\n|-damage|p2a: Meowscarada|95\/100 brn|[from] brn\n|upkeep\n|turn|6\n|\n|t:|1683560101\n|switch|p1b: Kingambit|Kingambit, L50, M|35\/100\n|move|p2b: Arcanine|Extreme Speed|p1b: Kingambit\n|-resisted|p1b: Kingambit\n|-crit|p1b: Kingambit\n|-damage|p1b: Kingambit|23\/100\n|move|p2a: Meowscarada|Knock Off|p1a: Amoonguss\n|-damage|p1a: Amoonguss|70\/100\n|-enditem|p1a: Amoonguss|Sitrus Berry|[from] move: Knock Off|[of] p2a: Meowscarada\n|move|p1a: Amoonguss|Pollen Puff|p1b: Kingambit\n|-heal|p1b: Kingambit|73\/100\n|\n|-damage|p2a: Meowscarada|89\/100 brn|[from] brn\n|upkeep\n|turn|7\n|inactive|L0LZ4N0m4 has 30 seconds left.\n|\n|t:|1683560129\n|move|p1a: Amoonguss|Rage Powder|p1a: Amoonguss\n|-singleturn|p1a: Amoonguss|move: Rage Powder\n|move|p2a: Meowscarada|U-turn|p1a: Amoonguss\n|-damage|p1a: Amoonguss|60\/100\n|\n|t:|1683560133\n|switch|p2a: Lucario|Lucario, L50, M|100\/100|[from] U-turn\n|move|p2b: Arcanine|Flare Blitz|p1a: Amoonguss\n|-supereffective|p1a: Amoonguss\n|-damage|p1a: Amoonguss|0 fnt\n|faint|p1a: Amoonguss\n|-damage|p2b: Arcanine|69\/100|[from] Recoil\n|move|p1b: Kingambit|Swords Dance|p1b: Kingambit\n|-boost|p1b: Kingambit|atk|2\n|\n|upkeep\n|\n|t:|1683560139\n|switch|p1a: Palafin|Palafin-Hero, L50, M|72\/100\n|-activate|p1a: Palafin|ability: Zero to Hero\n|turn|8\n|\n|t:|1683560151\n|move|p2b: Arcanine|Protect|p2b: Arcanine\n|-singleturn|p2b: Arcanine|Protect\n|move|p1b: Kingambit|Sucker Punch|p2a: Lucario\n|-resisted|p2a: Lucario\n|-crit|p2a: Lucario\n|-damage|p2a: Lucario|0 fnt\n|faint|p2a: Lucario\n|move|p1a: Palafin|Wave Crash|p2b: Arcanine\n|-activate|p2b: Arcanine|move: Protect\n|\n|upkeep\n|\n|t:|1683560154\n|switch|p2a: Meowscarada|Meowscarada, L50, F, shiny|89\/100 brn\n|turn|9\n|\n|t:|1683560169\n|-terastallize|p1a: Palafin|Grass\n|move|p2a: Meowscarada|Protect|p2a: Meowscarada\n|-singleturn|p2a: Meowscarada|Protect\n|move|p1b: Kingambit|Protect|p1b: Kingambit\n|-singleturn|p1b: Kingambit|Protect\n|move|p1a: Palafin|Jet Punch|p2b: Arcanine\n|-supereffective|p2b: Arcanine\n|-damage|p2b: Arcanine|0 fnt\n|faint|p2b: Arcanine\n|\n|-damage|p2a: Meowscarada|83\/100 brn|[from] brn\n|upkeep\n|turn|10\n|-message|Pic1070 forfeited.\n|\n|win|L0LZ4N0m4\n|raw|L0LZ4N0m4's rating: 1223 → 1242<\/strong> (+19 for winning)\n|raw|Pic1070's rating: 1144 → 1125<\/strong> (-19 for losing)\n|l|\u2606Pic1070\n","uploadtime":1683560183,"views":10,"p1id":"l0lz4n0m4","p2id":"pic1070","formatid":"gen9vgc2023regulationc","rating":1125,"private":0,"password":""}