{"id":"gen9vgc2023regulationc-1845963343","p1":"YveltalAllegations","p2":"thisairtastegreat","format":"[Gen 9] VGC 2023 Regulation C","log":"|j|\u2606YveltalAllegations\n|j|\u2606thisairtastegreat\n|t:|1681784522\n|gametype|doubles\n|player|p1|YveltalAllegations|brycenman|1237\n|player|p2|thisairtastegreat|cyclistf|1240\n|teamsize|p1|6\n|teamsize|p2|6\n|gen|9\n|tier|[Gen 9] VGC 2023 Regulation C\n|rated|\n|rule|Species Clause: Limit one of each Pok\u00e9mon\n|rule|Item Clause: Limit one of each item\n|clearpoke\n|poke|p1|Oinkologne, L50, M|\n|poke|p1|Amoonguss, L50, M|\n|poke|p1|Ting-Lu, L50|\n|poke|p1|Baxcalibur, L50, F|\n|poke|p1|Gyarados, L50, M|\n|poke|p1|Flutter Mane, L50|\n|poke|p2|Great Tusk, L50|\n|poke|p2|Talonflame, L50, M|\n|poke|p2|Chi-Yu, L50|\n|poke|p2|Brambleghast, L50, F|\n|poke|p2|Chien-Pao, L50|\n|poke|p2|Annihilape, L50, F|\n|teampreview|4\nYveltalAllegations has agreed to open team sheets.\n|inactive|Battle timer is ON: inactive players will automatically lose when time's up. (requested by thisairtastegreat)\nthisairtastegreat rejected open team sheets.\n|\n|t:|1681784562\n|start\n|switch|p1a: Ting-Lu|Ting-Lu, L50|100\/100\n|switch|p1b: Flutter Mane|Flutter Mane, L50|100\/100\n|switch|p2a: Talonflame|Talonflame, L50, M|100\/100\n|switch|p2b: Annihilape|Annihilape, L50, F|100\/100\n|-ability|p1a: Ting-Lu|Vessel of Ruin\n|-enditem|p1b: Flutter Mane|Booster Energy\n|-activate|p1b: Flutter Mane|ability: Protosynthesis|[fromitem]\n|-start|p1b: Flutter Mane|protosynthesisspa\n|turn|1\n|\n|t:|1681784579\n|-terastallize|p2b: Annihilape|Steel\n|move|p1b: Flutter Mane|Protect|p1b: Flutter Mane\n|-singleturn|p1b: Flutter Mane|Protect\n|move|p2a: Talonflame|Tailwind|p2a: Talonflame\n|-sidestart|p2: thisairtastegreat|move: Tailwind\n|move|p2b: Annihilape|Rage Fist|p1b: Flutter Mane\n|-activate|p1b: Flutter Mane|move: Protect\n|move|p1a: Ting-Lu|Rock Slide|p2b: Annihilape|[spread] p2a,p2b\n|-supereffective|p2a: Talonflame\n|-resisted|p2b: Annihilape\n|-damage|p2a: Talonflame|0 fnt\n|-damage|p2b: Annihilape|86\/100\n|faint|p2a: Talonflame\n|\n|upkeep\n|\n|t:|1681784591\n|switch|p2a: Brambleghast|Brambleghast, L50, F|100\/100\n|-ability|p2a: Brambleghast|Wind Rider|boost\n|-boost|p2a: Brambleghast|atk|1\n|turn|2\n|\n|t:|1681784598\n|-end|p1b: Flutter Mane|Protosynthesis|[silent]\n|switch|p1b: Oinkologne|Oinkologne, L50, M, shiny|100\/100\n|move|p2a: Brambleghast|Shadow Sneak|p1b: Oinkologne\n|-immune|p1b: Oinkologne\n|move|p2b: Annihilape|Drain Punch|p1a: Ting-Lu\n|-supereffective|p1a: Ting-Lu\n|-damage|p1a: Ting-Lu|48\/100\n|-heal|p2b: Annihilape|100\/100|[from] drain|[of] p1a: Ting-Lu\n|move|p1a: Ting-Lu|Rock Slide|p2a: Brambleghast|[spread] p2a,p2b\n|-crit|p2a: Brambleghast\n|-resisted|p2b: Annihilape\n|-damage|p2a: Brambleghast|26\/100\n|-damage|p2b: Annihilape|87\/100\n|\n|upkeep\n|turn|3\n|\n|t:|1681784617\n|switch|p2a: Great Tusk|Great Tusk, L50|100\/100\n|move|p2b: Annihilape|Drain Punch|p1a: Ting-Lu\n|-supereffective|p1a: Ting-Lu\n|-damage|p1a: Ting-Lu|0 fnt\n|-heal|p2b: Annihilape|100\/100|[from] drain|[of] p1a: Ting-Lu\n|faint|p1a: Ting-Lu\n|move|p1b: Oinkologne|Yawn|p2b: Annihilape\n|-start|p2b: Annihilape|move: Yawn|[of] p1b: Oinkologne\n|\n|upkeep\n|\n|t:|1681784627\n|switch|p1a: Flutter Mane|Flutter Mane, L50|100\/100\n|turn|4\n|\n|t:|1681784637\n|switch|p2b: Brambleghast|Brambleghast, L50, F|26\/100\n|-ability|p2b: Brambleghast|Wind Rider|boost\n|-boost|p2b: Brambleghast|atk|1\n|-terastallize|p1b: Oinkologne|Flying\n|move|p1a: Flutter Mane|Protect|p1a: Flutter Mane\n|-singleturn|p1a: Flutter Mane|Protect\n|move|p2a: Great Tusk|Earthquake|p1a: Flutter Mane|[spread] p2b\n|-activate|p1a: Flutter Mane|move: Protect\n|-immune|p1b: Oinkologne\n|-resisted|p2b: Brambleghast\n|-damage|p2b: Brambleghast|0 fnt\n|faint|p2b: Brambleghast\n|move|p1b: Oinkologne|Stuff Cheeks|p1b: Oinkologne\n|-boost|p1b: Oinkologne|def|2\n|-enditem|p1b: Oinkologne|Apicot Berry|[eat]\n|-boost|p1b: Oinkologne|spd|1|[from] item: Apicot Berry\n|\n|-sideend|p2: thisairtastegreat|move: Tailwind\n|upkeep\n|\n|t:|1681784654\n|switch|p2b: Annihilape|Annihilape, L50, F, tera:Steel|100\/100\n|turn|5\n|\n|t:|1681784664\n|move|p1a: Flutter Mane|Moonblast|p2a: Great Tusk\n|-supereffective|p2a: Great Tusk\n|-damage|p2a: Great Tusk|0 fnt\n|faint|p2a: Great Tusk\n|-end|p2a: Great Tusk|Protosynthesis|[silent]\n|move|p2b: Annihilape|Rage Fist|p1a: Flutter Mane\n|-supereffective|p1a: Flutter Mane\n|-damage|p1a: Flutter Mane|0 fnt\n|faint|p1a: Flutter Mane\n|-end|p1a: Flutter Mane|Protosynthesis|[silent]\n|move|p1b: Oinkologne|Body Press|p2b: Annihilape\n|-supereffective|p2b: Annihilape\n|-damage|p2b: Annihilape|34\/100\n|\n|upkeep\n|-message|thisairtastegreat forfeited.\n|\n|win|YveltalAllegations\n|raw|YveltalAllegations's rating: 1237 → 1262<\/strong> (+25 for winning)\n|raw|thisairtastegreat's rating: 1240 → 1215<\/strong> (-25 for losing)\n|l|\u2606thisairtastegreat\n","uploadtime":1681784676,"views":15,"p1id":"yveltalallegations","p2id":"thisairtastegreat","formatid":"gen9vgc2023regulationc","rating":1215,"private":0,"password":""}