{"id":"gen9vgc2023regulationc-1850290237","p1":"Garompa fan","p2":"cmoncmonman","format":"[Gen 9] VGC 2023 Regulation C","log":"|j|\u2606Garompa fan\n|j|\u2606cmoncmonman\n|t:|1682311931\n|gametype|doubles\n|player|p1|Garompa fan|pokemaniac|1210\n|player|p2|cmoncmonman|169|1141\n|teamsize|p1|6\n|teamsize|p2|6\n|gen|9\n|tier|[Gen 9] VGC 2023 Regulation C\n|rated|\n|rule|Species Clause: Limit one of each Pok\u00e9mon\n|rule|Item Clause: Limit one of each item\n|clearpoke\n|poke|p1|Glimmora, L50, F|\n|poke|p1|Iron Bundle, L50|\n|poke|p1|Dragonite, L50, M|\n|poke|p1|Chi-Yu, L50|\n|poke|p1|Tatsugiri, L50, M|\n|poke|p1|Dondozo, L50, F|\n|poke|p2|Wo-Chien, L50|\n|poke|p2|Barraskewda, L50, M|\n|poke|p2|Chien-Pao, L50|\n|poke|p2|Scizor, L50, F|\n|poke|p2|Flutter Mane, L50|\n|poke|p2|Pelipper, L50, M|\n|teampreview|4\n|\n|t:|1682311978\n|start\n|switch|p1a: Nuevo Mundo|Iron Bundle, L50|100\/100\n|switch|p1b: Tatuaje falso|Chi-Yu, L50|100\/100\n|switch|p2a: Barraskewda|Barraskewda, L50, M|100\/100\n|switch|p2b: Pelipper|Pelipper, L50, M|100\/100\n|-ability|p1b: Tatuaje falso|Beads of Ruin\n|-weather|RainDance|[from] ability: Drizzle|[of] p2b: Pelipper\n|-enditem|p1a: Nuevo Mundo|Booster Energy\n|-activate|p1a: Nuevo Mundo|ability: Quark Drive|[fromitem]\n|-start|p1a: Nuevo Mundo|quarkdrivespe\n|turn|1\n|\n|t:|1682312007\n|move|p2a: Barraskewda|Protect|p2a: Barraskewda\n|-singleturn|p2a: Barraskewda|Protect\n|move|p2b: Pelipper|Quick Attack|p1b: Tatuaje falso\n|-damage|p1b: Tatuaje falso|92\/100\n|move|p1a: Nuevo Mundo|Freeze-Dry|p2b: Pelipper\n|-supereffective|p2b: Pelipper\n|-damage|p2b: Pelipper|0 fnt\n|faint|p2b: Pelipper\n|move|p1b: Tatuaje falso|Dark Pulse|p2a: Barraskewda\n|-activate|p2a: Barraskewda|move: Protect\n|\n|-weather|RainDance|[upkeep]\n|upkeep\n|\n|t:|1682312020\n|switch|p2b: Chien-Pao|Chien-Pao, L50|100\/100\n|-ability|p2b: Chien-Pao|Sword of Ruin\n|turn|2\n|\n|t:|1682312028\n|move|p1b: Tatuaje falso|Protect|p1b: Tatuaje falso\n|-singleturn|p1b: Tatuaje falso|Protect\n|move|p2b: Chien-Pao|Sucker Punch|p1a: Nuevo Mundo\n|-crit|p1a: Nuevo Mundo\n|-damage|p1a: Nuevo Mundo|0 fnt\n|faint|p1a: Nuevo Mundo\n|-end|p1a: Nuevo Mundo|Quark Drive|[silent]\n|move|p2a: Barraskewda|Liquidation|p1b: Tatuaje falso\n|-activate|p1b: Tatuaje falso|move: Protect\n|\n|-weather|RainDance|[upkeep]\n|upkeep\n|\n|t:|1682312038\n|switch|p1a: Chico de la tapa|Dondozo, L50, F|100\/100\n|turn|3\n|\n|t:|1682312055\n|switch|p1b: DiabloDeTuCoraz\u00f3n|Tatsugiri, L50, M|100\/100\n|-activate|p1b: DiabloDeTuCoraz\u00f3n|ability: Commander|[of] p1a: Chico de la tapa\n|-boost|p1a: Chico de la tapa|atk|2\n|-boost|p1a: Chico de la tapa|spa|2\n|-boost|p1a: Chico de la tapa|spe|2\n|-boost|p1a: Chico de la tapa|def|2\n|-boost|p1a: Chico de la tapa|spd|2\n|switch|p2b: Wo-Chien|Wo-Chien, L50|100\/100\n|-ability|p2b: Wo-Chien|Tablets of Ruin\n|move|p2a: Barraskewda|Liquidation|p1b: DiabloDeTuCoraz\u00f3n|[miss]\n|-miss|p2a: Barraskewda|p1b: DiabloDeTuCoraz\u00f3n\n|move|p1a: Chico de la tapa|Wave Crash|p2b: Wo-Chien\n|-resisted|p2b: Wo-Chien\n|-damage|p2b: Wo-Chien|53\/100\n|-damage|p1a: Chico de la tapa|88\/100|[from] Recoil\n|\n|-weather|RainDance|[upkeep]\n|-heal|p1a: Chico de la tapa|94\/100|[from] item: Leftovers\n|upkeep\n|turn|4\n|\n|t:|1682312080\n|-terastallize|p1a: Chico de la tapa|Grass\n|-terastallize|p2b: Wo-Chien|Water\n|move|p2a: Barraskewda|Protect|p2a: Barraskewda\n|-singleturn|p2a: Barraskewda|Protect\n|move|p1a: Chico de la tapa|Tera Blast|p2a: Barraskewda\n|-activate|p2a: Barraskewda|move: Protect\n|move|p2b: Wo-Chien|Giga Drain|p1a: Chico de la tapa\n|-resisted|p1a: Chico de la tapa\n|-damage|p1a: Chico de la tapa|87\/100\n|-heal|p2b: Wo-Chien|58\/100|[from] drain|[of] p1a: Chico de la tapa\n|\n|-weather|RainDance|[upkeep]\n|-heal|p1a: Chico de la tapa|93\/100|[from] item: Leftovers\n|upkeep\n|turn|5\n|\n|t:|1682312098\n|switch|p2a: Chien-Pao|Chien-Pao, L50|100\/100\n|-ability|p2a: Chien-Pao|Sword of Ruin\n|move|p2b: Wo-Chien|Protect|p2b: Wo-Chien\n|-singleturn|p2b: Wo-Chien|Protect\n|move|p1a: Chico de la tapa|Tera Blast|p2a: Chien-Pao\n|-damage|p2a: Chien-Pao|52\/100\n|\n|-weather|RainDance|[upkeep]\n|-heal|p1a: Chico de la tapa|99\/100|[from] item: Leftovers\n|upkeep\n|turn|6\n|\n|t:|1682312114\n|move|p1a: Chico de la tapa|Wave Crash|p2a: Chien-Pao\n|-damage|p2a: Chien-Pao|0 fnt\n|faint|p2a: Chien-Pao\n|-damage|p1a: Chico de la tapa|85\/100|[from] Recoil\n|move|p2b: Wo-Chien|Dark Pulse|p1a: Chico de la tapa\n|-damage|p1a: Chico de la tapa|68\/100\n|\n|-weather|RainDance|[upkeep]\n|-heal|p1a: Chico de la tapa|74\/100|[from] item: Leftovers\n|upkeep\n|-message|cmoncmonman forfeited.\n|\n|win|Garompa fan\n|raw|Garompa fan's rating: 1210 → 1230<\/strong> (+20 for winning)\n|raw|cmoncmonman's rating: 1141 → 1121<\/strong> (-20 for losing)\n","uploadtime":1682312126,"views":38,"p1id":"garompafan","p2id":"cmoncmonman","formatid":"gen9vgc2023regulationc","rating":1121,"private":0,"password":""}