{"id":"gen9vgc2023regulationc-1850645470","p1":"Missed Ledgedash","p2":"cacazzo","format":"[Gen 9] VGC 2023 Regulation C","log":"|j|\u2606Missed Ledgedash\n|j|\u2606cacazzo\n|t:|1682355700\n|gametype|doubles\n|player|p1|Missed Ledgedash|hilda|1321\n|player|p2|cacazzo|102|1345\n|teamsize|p1|6\n|teamsize|p2|6\n|gen|9\n|tier|[Gen 9] VGC 2023 Regulation C\n|rated|\n|rule|Species Clause: Limit one of each Pok\u00e9mon\n|rule|Item Clause: Limit one of each item\n|clearpoke\n|poke|p1|Flutter Mane, L50|\n|poke|p1|Arcanine, L50, F|\n|poke|p1|Amoonguss, L50, M|\n|poke|p1|Palafin, L50, M|\n|poke|p1|Corviknight, L50, F|\n|poke|p1|Iron Hands, L50|\n|poke|p2|Quaquaval, L50, M|\n|poke|p2|Arcanine, L50, M|\n|poke|p2|Corviknight, L50, F|\n|poke|p2|Garganacl, L50, F|\n|poke|p2|Grimmsnarl, L50, M|\n|poke|p2|Chien-Pao, L50|\n|teampreview|4\ncacazzo has agreed to open team sheets.\nMissed Ledgedash has agreed to open team sheets.\n|\n|t:|1682355785\n|start\n|switch|p1a: Corviknight|Corviknight, L50, F|100\/100\n|switch|p1b: Palafin|Palafin, L50, M|100\/100\n|switch|p2a: Grimmsnarl|Grimmsnarl, L50, M|100\/100\n|switch|p2b: Garganacl|Garganacl, L50, F, shiny|100\/100\n|turn|1\n|\n|t:|1682355816\n|move|p2a: Grimmsnarl|Fake Out|p1b: Palafin\n|-damage|p1b: Palafin|88\/100\n|cant|p1b: Palafin|flinch\n|move|p1a: Corviknight|Substitute|p1a: Corviknight\n|-start|p1a: Corviknight|Substitute\n|-damage|p1a: Corviknight|76\/100\n|move|p2b: Garganacl|Salt Cure|p1a: Corviknight\n|-activate|p1a: Corviknight|move: Substitute|[damage]\n|\n|-heal|p1a: Corviknight|82\/100|[from] item: Leftovers\n|upkeep\n|turn|2\n|\n|t:|1682355832\n|detailschange|p1b: Palafin|Palafin-Hero, L50, M\n|switch|p1b: Iron Hands|Iron Hands, L50|100\/100\n|move|p2a: Grimmsnarl|Reflect|p2a: Grimmsnarl\n|-sidestart|p2: cacazzo|Reflect\n|move|p1a: Corviknight|Bulk Up|p1a: Corviknight\n|-boost|p1a: Corviknight|atk|1\n|-boost|p1a: Corviknight|def|1\n|move|p2b: Garganacl|Salt Cure|p1b: Iron Hands\n|-resisted|p1b: Iron Hands\n|-damage|p1b: Iron Hands|96\/100\n|-start|p1b: Iron Hands|Salt Cure\n|\n|-heal|p1a: Corviknight|88\/100|[from] item: Leftovers\n|-damage|p1b: Iron Hands|83\/100|[from] Salt Cure\n|upkeep\n|turn|3\n|\n|t:|1682355850\n|move|p1a: Corviknight|Bulk Up|p1a: Corviknight\n|-boost|p1a: Corviknight|atk|1\n|-boost|p1a: Corviknight|def|1\n|move|p2a: Grimmsnarl|Spirit Break|p1b: Iron Hands\n|-supereffective|p1b: Iron Hands\n|-damage|p1b: Iron Hands|41\/100\n|-unboost|p1b: Iron Hands|spa|1\n|move|p1b: Iron Hands|Drain Punch|p2b: Garganacl\n|-supereffective|p2b: Garganacl\n|-damage|p2b: Garganacl|67\/100\n|-heal|p1b: Iron Hands|55\/100|[from] drain|[of] p2b: Garganacl\n|move|p2b: Garganacl|Salt Cure|p1a: Corviknight\n|-activate|p1a: Corviknight|move: Substitute|[damage]\n|\n|-heal|p1a: Corviknight|94\/100|[from] item: Leftovers\n|-heal|p2b: Garganacl|73\/100|[from] item: Leftovers\n|-damage|p1b: Iron Hands|43\/100|[from] Salt Cure\n|upkeep\n|turn|4\n|\n|t:|1682355901\n|move|p1a: Corviknight|Brave Bird|p2a: Grimmsnarl\n|-damage|p2a: Grimmsnarl|18\/100\n|-damage|p1a: Corviknight|66\/100|[from] Recoil\n|move|p2a: Grimmsnarl|Spirit Break|p1b: Iron Hands\n|-supereffective|p1b: Iron Hands\n|-damage|p1b: Iron Hands|3\/100\n|-unboost|p1b: Iron Hands|spa|1\n|move|p1b: Iron Hands|Drain Punch|p2b: Garganacl\n|-supereffective|p2b: Garganacl\n|-damage|p2b: Garganacl|42\/100\n|-heal|p1b: Iron Hands|17\/100|[from] drain|[of] p2b: Garganacl\n|move|p2b: Garganacl|Salt Cure|p1a: Corviknight\n|-end|p1a: Corviknight|Substitute\n|\n|-heal|p1a: Corviknight|72\/100|[from] item: Leftovers\n|-heal|p2b: Garganacl|47\/100|[from] item: Leftovers\n|-damage|p1b: Iron Hands|4\/100|[from] Salt Cure\n|upkeep\n|turn|5\n|\n|t:|1682355993\n|move|p1a: Corviknight|Substitute|p1a: Corviknight\n|-start|p1a: Corviknight|Substitute\n|-damage|p1a: Corviknight|47\/100\n|move|p2a: Grimmsnarl|Spirit Break|p1b: Iron Hands\n|-supereffective|p1b: Iron Hands\n|-damage|p1b: Iron Hands|0 fnt\n|faint|p1b: Iron Hands\n|-end|p1b: Iron Hands|Quark Drive|[silent]\n|move|p2b: Garganacl|Salt Cure|p1a: Corviknight\n|-activate|p1a: Corviknight|move: Substitute|[damage]\n|\n|-heal|p1a: Corviknight|53\/100|[from] item: Leftovers\n|-heal|p2b: Garganacl|53\/100|[from] item: Leftovers\n|upkeep\n|\n|t:|1682356003\n|switch|p1b: Palafin|Palafin-Hero, L50, M|88\/100\n|-activate|p1b: Palafin|ability: Zero to Hero\n|turn|6\n|\n|t:|1682356082\n|switch|p2b: tonin a cicogn|Quaquaval, L50, M, shiny|100\/100\n|move|p1b: Palafin|Wave Crash|p2b: tonin a cicogn\n|-resisted|p2b: tonin a cicogn\n|-damage|p2b: tonin a cicogn|62\/100\n|-damage|p1b: Palafin|78\/100|[from] Recoil\n|move|p1a: Corviknight|Bulk Up|p1a: Corviknight\n|-boost|p1a: Corviknight|atk|1\n|-boost|p1a: Corviknight|def|1\n|move|p2a: Grimmsnarl|Spirit Break|p1b: Palafin\n|-damage|p1b: Palafin|50\/100\n|-unboost|p1b: Palafin|spa|1\n|\n|-heal|p1a: Corviknight|59\/100|[from] item: Leftovers\n|upkeep\n|turn|7\n|\n|t:|1682356106\n|move|p1b: Palafin|Jet Punch|p2b: tonin a cicogn\n|-resisted|p2b: tonin a cicogn\n|-damage|p2b: tonin a cicogn|41\/100\n|move|p2b: tonin a cicogn|Close Combat|p1b: Palafin\n|-damage|p1b: Palafin|0 fnt\n|-unboost|p2b: tonin a cicogn|def|1\n|-unboost|p2b: tonin a cicogn|spd|1\n|faint|p1b: Palafin\n|-ability|p2b: tonin a cicogn|Moxie|boost\n|-boost|p2b: tonin a cicogn|atk|1\n|-damage|p2b: tonin a cicogn|31\/100|[from] item: Life Orb\n|move|p1a: Corviknight|Brave Bird|p2b: tonin a cicogn\n|-supereffective|p2b: tonin a cicogn\n|-damage|p2b: tonin a cicogn|0 fnt\n|faint|p2b: tonin a cicogn\n|-damage|p1a: Corviknight|51\/100|[from] Recoil\n|move|p2a: Grimmsnarl|Spirit Break|p1a: Corviknight\n|-resisted|p1a: Corviknight\n|-activate|p1a: Corviknight|move: Substitute|[damage]\n|\n|-heal|p1a: Corviknight|57\/100|[from] item: Leftovers\n|upkeep\n|\n|t:|1682356123\n|switch|p2b: Don Ciro|Chien-Pao, L50|100\/100\n|switch|p1b: Flutter Mane|Flutter Mane, L50|100\/100\n|-ability|p2b: Don Ciro|Sword of Ruin\n|turn|8\n|\n|t:|1682356143\n|-terastallize|p1b: Flutter Mane|Fairy\n|move|p2a: Grimmsnarl|Light Screen|p2a: Grimmsnarl\n|-sidestart|p2: cacazzo|move: Light Screen\n|move|p1b: Flutter Mane|Dazzling Gleam|p2a: Grimmsnarl|[spread] p2a,p2b\n|-supereffective|p2a: Grimmsnarl\n|-supereffective|p2b: Don Ciro\n|-crit|p2b: Don Ciro\n|-damage|p2a: Grimmsnarl|0 fnt\n|-enditem|p2b: Don Ciro|Focus Sash\n|-damage|p2b: Don Ciro|1\/100\n|faint|p2a: Grimmsnarl\n|-damage|p1b: Flutter Mane|90\/100|[from] item: Life Orb\n|move|p2b: Don Ciro|Haze|p2b: Don Ciro\n|-clearallboost\n|move|p1a: Corviknight|Roost|p1a: Corviknight\n|-heal|p1a: Corviknight|100\/100\n|-singleturn|p1a: Corviknight|move: Roost\n|\n|upkeep\n|\n|t:|1682356157\n|switch|p2a: Garganacl|Garganacl, L50, F, shiny|53\/100\n|turn|9\n|\n|t:|1682356176\n|move|p2b: Don Ciro|Sucker Punch|p1b: Flutter Mane\n|-resisted|p1b: Flutter Mane\n|-damage|p1b: Flutter Mane|56\/100\n|move|p1b: Flutter Mane|Dazzling Gleam|p2b: Don Ciro|[spread] p2a,p2b\n|-supereffective|p2b: Don Ciro\n|-damage|p2a: Garganacl|29\/100\n|-damage|p2b: Don Ciro|0 fnt\n|faint|p2b: Don Ciro\n|-damage|p1b: Flutter Mane|46\/100|[from] item: Life Orb\n|move|p1a: Corviknight|Bulk Up|p1a: Corviknight\n|-boost|p1a: Corviknight|atk|1\n|-boost|p1a: Corviknight|def|1\n|move|p2a: Garganacl|Salt Cure|p1b: Flutter Mane\n|-crit|p1b: Flutter Mane\n|-damage|p1b: Flutter Mane|14\/100\n|-start|p1b: Flutter Mane|Salt Cure\n|\n|-heal|p2a: Garganacl|35\/100|[from] item: Leftovers\n|-damage|p1b: Flutter Mane|1\/100|[from] Salt Cure\n|-sideend|p2: cacazzo|Reflect\n|upkeep\n|turn|10\n|\n|t:|1682356197\n|move|p2a: Garganacl|Protect|p2a: Garganacl\n|-singleturn|p2a: Garganacl|Protect\n|move|p1b: Flutter Mane|Moonblast|p2a: Garganacl\n|-activate|p2a: Garganacl|move: Protect\n|move|p1a: Corviknight|Bulk Up|p1a: Corviknight\n|-boost|p1a: Corviknight|atk|1\n|-boost|p1a: Corviknight|def|1\n|\n|-heal|p2a: Garganacl|41\/100|[from] item: Leftovers\n|-damage|p1b: Flutter Mane|0 fnt|[from] Salt Cure\n|faint|p1b: Flutter Mane\n|-end|p1b: Flutter Mane|Protosynthesis|[silent]\n|upkeep\n|turn|11\n|\n|t:|1682356203\n|move|p1a: Corviknight|Brave Bird|p2a: Garganacl\n|-resisted|p2a: Garganacl\n|-damage|p2a: Garganacl|9\/100\n|-damage|p1a: Corviknight|90\/100|[from] Recoil\n|move|p2a: Garganacl|Recover|p2a: Garganacl\n|-heal|p2a: Garganacl|59\/100\n|\n|-heal|p1a: Corviknight|96\/100|[from] item: Leftovers\n|-heal|p2a: Garganacl|65\/100|[from] item: Leftovers\n|upkeep\n|turn|12\n|\n|t:|1682356213\n|move|p1a: Corviknight|Bulk Up|p1a: Corviknight\n|-boost|p1a: Corviknight|atk|1\n|-boost|p1a: Corviknight|def|1\n|move|p2a: Garganacl|Salt Cure|p1a: Corviknight\n|-activate|p1a: Corviknight|move: Substitute|[damage]\n|\n|-heal|p1a: Corviknight|100\/100|[from] item: Leftovers\n|-heal|p2a: Garganacl|71\/100|[from] item: Leftovers\n|upkeep\n|turn|13\n|\n|t:|1682356223\n|move|p1a: Corviknight|Bulk Up|p1a: Corviknight\n|-boost|p1a: Corviknight|atk|1\n|-boost|p1a: Corviknight|def|1\n|move|p2a: Garganacl|Salt Cure|p1a: Corviknight\n|-activate|p1a: Corviknight|move: Substitute|[damage]\n|\n|-heal|p2a: Garganacl|76\/100|[from] item: Leftovers\n|upkeep\n|turn|14\n|\n|t:|1682356233\n|move|p1a: Corviknight|Bulk Up|p1a: Corviknight\n|-boost|p1a: Corviknight|atk|1\n|-boost|p1a: Corviknight|def|1\n|move|p2a: Garganacl|Salt Cure|p1a: Corviknight\n|-activate|p1a: Corviknight|move: Substitute|[damage]\n|\n|-heal|p2a: Garganacl|82\/100|[from] item: Leftovers\n|upkeep\n|turn|15\n|\n|t:|1682356238\n|move|p1a: Corviknight|Bulk Up|p1a: Corviknight\n|-boost|p1a: Corviknight|atk|1\n|-boost|p1a: Corviknight|def|1\n|move|p2a: Garganacl|Salt Cure|p1a: Corviknight\n|-end|p1a: Corviknight|Substitute\n|\n|-heal|p2a: Garganacl|88\/100|[from] item: Leftovers\n|-sideend|p2: cacazzo|move: Light Screen\n|upkeep\n|turn|16\n|\n|t:|1682356246\n|move|p1a: Corviknight|Substitute|p1a: Corviknight\n|-start|p1a: Corviknight|Substitute\n|-damage|p1a: Corviknight|76\/100\n|move|p2a: Garganacl|Salt Cure|p1a: Corviknight\n|-activate|p1a: Corviknight|move: Substitute|[damage]\n|\n|-heal|p1a: Corviknight|82\/100|[from] item: Leftovers\n|-heal|p2a: Garganacl|94\/100|[from] item: Leftovers\n|upkeep\n|turn|17\n|-message|cacazzo forfeited.\n|\n|win|Missed Ledgedash\n|raw|Missed Ledgedash's rating: 1321 → 1341<\/strong> (+20 for winning)\n|raw|cacazzo's rating: 1325 → 1305<\/strong> (-20 for losing)\n|l|\u2606cacazzo\n","uploadtime":1682356263,"views":18,"p1id":"missedledgedash","p2id":"cacazzo","formatid":"gen9vgc2023regulationc","rating":1305,"private":0,"password":""}