{"id":"gen9vgc2023regulationc-1854802023","p1":"LUMOO","p2":"Kizrok","format":"[Gen 9] VGC 2023 Regulation C","log":"|j|\u2606LUMOO\n|j|\u2606Kizrok\n|t:|1682867755\n|gametype|doubles\n|player|p1|LUMOO|1|1035\n|player|p2|Kizrok|lance|1000\n|teamsize|p1|6\n|teamsize|p2|6\n|gen|9\n|tier|[Gen 9] VGC 2023 Regulation C\n|rated|\n|rule|Species Clause: Limit one of each Pok\u00e9mon\n|rule|Item Clause: Limit one of each item\n|clearpoke\n|poke|p1|Farigiraf, L50, F|\n|poke|p1|Ting-Lu, L50|\n|poke|p1|Amoonguss, L50, F|\n|poke|p1|Gyarados, L50, F|\n|poke|p1|Iron Hands, L50|\n|poke|p1|Volcarona, L50, M|\n|poke|p2|Dondozo, L50, M|\n|poke|p2|Tatsugiri-Stretchy, L50, M|\n|poke|p2|Chi-Yu, L50|\n|poke|p2|Flutter Mane, L50|\n|poke|p2|Dragonite, L50, F|\n|poke|p2|Glimmora, L50, F|\n|teampreview|4\n|inactive|Battle timer is ON: inactive players will automatically lose when time's up. (requested by Kizrok)\n|\n|t:|1682867816\n|start\n|switch|p1a: Farigiraf|Farigiraf, L50, F, shiny|100\/100\n|switch|p1b: Ting-Lu|Ting-Lu, L50|100\/100\n|switch|p2a: Glimmora|Glimmora, L50, F|100\/100\n|switch|p2b: Tatsugiri|Tatsugiri-Stretchy, L50, M|100\/100\n|-ability|p1b: Ting-Lu|Vessel of Ruin\n|turn|1\n|inactive|LUMOO has 30 seconds left.\n|\n|t:|1682867849\n|move|p2a: Glimmora|Earth Power|p1a: Farigiraf\n|-damage|p1a: Farigiraf|78\/100\n|move|p2b: Tatsugiri|Draco Meteor|p1a: Farigiraf\n|-damage|p1a: Farigiraf|3\/100\n|-unboost|p2b: Tatsugiri|spa|2\n|move|p1b: Ting-Lu|Ruination|p2a: Glimmora\n|-damage|p2a: Glimmora|51\/100\n|move|p1a: Farigiraf|Trick Room|p1a: Farigiraf\n|-fieldstart|move: Trick Room|[of] p1a: Farigiraf\n|\n|upkeep\n|turn|2\n|\n|t:|1682867873\n|switch|p2b: Dondozo|Dondozo, L50, M|100\/100\n|move|p1a: Farigiraf|Protect|p1a: Farigiraf\n|-singleturn|p1a: Farigiraf|Protect\n|move|p2a: Glimmora|Spiky Shield|p2a: Glimmora\n|-singleturn|p2a: Glimmora|move: Protect\n|move|p1b: Ting-Lu|Earthquake|p2b: Dondozo|[spread] p2b\n|-activate|p1a: Farigiraf|move: Protect\n|-activate|p2a: Glimmora|move: Protect\n|-damage|p2b: Dondozo|75\/100\n|\n|upkeep\n|turn|3\n|inactive|LUMOO has 30 seconds left.\n|\n|t:|1682867902\n|switch|p1a: Amoonguss|Amoonguss, L50, F, shiny|100\/100\n|-terastallize|p2a: Glimmora|Grass\n|move|p2b: Dondozo|Protect|p2b: Dondozo\n|-singleturn|p2b: Dondozo|Protect\n|move|p1b: Ting-Lu|Earthquake|p2a: Glimmora|[spread] p1a,p2a\n|-activate|p2b: Dondozo|move: Protect\n|-resisted|p2a: Glimmora\n|-damage|p1a: Amoonguss|71\/100\n|-damage|p2a: Glimmora|26\/100\n|-activate|p2a: Glimmora|ability: Toxic Debris\n|-sidestart|p1: LUMOO|move: Toxic Spikes\n|move|p2a: Glimmora|Toxic|p1b: Ting-Lu|[miss]\n|-miss|p2a: Glimmora|p1b: Ting-Lu\n|\n|upkeep\n|turn|4\n|inactive|LUMOO has 30 seconds left.\n|inactive|Kizrok has 30 seconds left.\n|\n|t:|1682867931\n|move|p1b: Ting-Lu|Ruination|p2b: Dondozo\n|-damage|p2b: Dondozo|38\/100\n|-enditem|p2b: Dondozo|Sitrus Berry|[eat]\n|-heal|p2b: Dondozo|63\/100|[from] item: Sitrus Berry\n|move|p1a: Amoonguss|Spore|p2b: Dondozo\n|-status|p2b: Dondozo|slp|[from] move: Spore\n|cant|p2b: Dondozo|slp\n|move|p2a: Glimmora|Toxic|p1b: Ting-Lu\n|-status|p1b: Ting-Lu|tox\n|\n|-damage|p1b: Ting-Lu|95\/100 tox|[from] psn\n|upkeep\n|turn|5\n|\n|t:|1682867954\n|move|p2a: Glimmora|Spiky Shield|p2a: Glimmora\n|-singleturn|p2a: Glimmora|move: Protect\n|move|p1b: Ting-Lu|Stomping Tantrum|p2b: Dondozo\n|-damage|p2b: Dondozo|38\/100 slp\n|move|p1a: Amoonguss|Clear Smog|p2b: Dondozo\n|-damage|p2b: Dondozo|31\/100 slp\n|-clearboost|p2b: Dondozo\n|cant|p2b: Dondozo|slp\n|\n|-damage|p1b: Ting-Lu|83\/100 tox|[from] psn\n|-fieldend|move: Trick Room\n|upkeep\n|turn|6\n|inactive|LUMOO has 30 seconds left.\n|inactive|Kizrok has 30 seconds left.\n|\n|t:|1682867985\n|move|p2a: Glimmora|Power Gem|p1b: Ting-Lu\n|-resisted|p1b: Ting-Lu\n|-damage|p1b: Ting-Lu|76\/100 tox\n|-curestatus|p2b: Dondozo|slp|[msg]\n|move|p2b: Dondozo|Yawn|p1a: Amoonguss\n|-start|p1a: Amoonguss|move: Yawn|[of] p2b: Dondozo\n|move|p1a: Amoonguss|Pollen Puff|p2a: Glimmora\n|-supereffective|p2a: Glimmora\n|-damage|p2a: Glimmora|0 fnt\n|faint|p2a: Glimmora\n|move|p1b: Ting-Lu|Stomping Tantrum|p2b: Dondozo\n|-crit|p2b: Dondozo\n|-damage|p2b: Dondozo|0 fnt\n|faint|p2b: Dondozo\n|\n|-damage|p1b: Ting-Lu|58\/100 tox|[from] psn\n|upkeep\n|\n|t:|1682868000\n|switch|p2a: Flutter Mane|Flutter Mane, L50|100\/100\n|switch|p2b: Tatsugiri|Tatsugiri-Stretchy, L50, M|100\/100\n|-enditem|p2a: Flutter Mane|Booster Energy\n|-activate|p2a: Flutter Mane|ability: Protosynthesis|[fromitem]\n|-start|p2a: Flutter Mane|protosynthesisspe\n|turn|7\n|\n|t:|1682868017\n|switch|p1b: Farigiraf|Farigiraf, L50, F, shiny|3\/100\n|-status|p1b: Farigiraf|psn\n|move|p2a: Flutter Mane|Substitute|p2a: Flutter Mane\n|-start|p2a: Flutter Mane|Substitute\n|-damage|p2a: Flutter Mane|76\/100\n|move|p2b: Tatsugiri|Muddy Water|p1b: Farigiraf|[spread] p1a,p1b\n|-resisted|p1a: Amoonguss\n|-damage|p1a: Amoonguss|49\/100\n|-damage|p1b: Farigiraf|0 fnt\n|-unboost|p1a: Amoonguss|accuracy|1\n|faint|p1b: Farigiraf\n|move|p1a: Amoonguss|Spore|p2a: Flutter Mane|[miss]\n|-miss|p1a: Amoonguss|p2a: Flutter Mane\n|\n|-end|p1a: Amoonguss|move: Yawn|[silent]\n|-status|p1a: Amoonguss|slp\n|upkeep\n|\n|t:|1682868037\n|switch|p1b: Iron Hands|Iron Hands, L50, shiny|100\/100\n|-status|p1b: Iron Hands|psn\n|turn|8\n|\n|t:|1682868051\n|switch|p1a: Ting-Lu|Ting-Lu, L50|58\/100 tox\n|-ability|p1a: Ting-Lu|Vessel of Ruin\n|-terastallize|p1b: Iron Hands|Grass\n|move|p2a: Flutter Mane|Hex|p1b: Iron Hands\n|-damage|p1b: Iron Hands|62\/100 psn\n|move|p2b: Tatsugiri|Muddy Water|p1b: Iron Hands|[spread] p1a\n|-miss|p2b: Tatsugiri|p1b: Iron Hands\n|-supereffective|p1a: Ting-Lu\n|-damage|p1a: Ting-Lu|21\/100 tox\n|move|p1b: Iron Hands|Wild Charge|p2a: Flutter Mane\n|-end|p2a: Flutter Mane|Substitute\n|-damage|p1b: Iron Hands|58\/100 psn|[from] Recoil|[of] p2a: Flutter Mane\n|\n|-damage|p1b: Iron Hands|46\/100 psn|[from] psn\n|-damage|p1a: Ting-Lu|15\/100 tox|[from] psn\n|upkeep\n|-enditem|p1b: Iron Hands|Sitrus Berry|[eat]\n|-heal|p1b: Iron Hands|71\/100 psn|[from] item: Sitrus Berry\n|turn|9\n|inactive|LUMOO has 30 seconds left.\n|\n|t:|1682868080\n|move|p2a: Flutter Mane|Protect|p2a: Flutter Mane\n|-singleturn|p2a: Flutter Mane|Protect\n|move|p2b: Tatsugiri|Muddy Water|p1b: Iron Hands|[spread] p1a,p1b\n|-supereffective|p1a: Ting-Lu\n|-resisted|p1b: Iron Hands\n|-damage|p1a: Ting-Lu|0 fnt\n|-damage|p1b: Iron Hands|56\/100 psn\n|faint|p1a: Ting-Lu\n|move|p1b: Iron Hands|Drain Punch|p2b: Tatsugiri\n|-damage|p2b: Tatsugiri|34\/100\n|-heal|p1b: Iron Hands|82\/100 psn|[from] drain|[of] p2b: Tatsugiri\n|\n|-damage|p1b: Iron Hands|70\/100 psn|[from] psn\n|upkeep\n|\n|t:|1682868093\n|switch|p1a: Amoonguss|Amoonguss, L50, F, shiny|82\/100 slp\n|-sideend|p1: LUMOO|move: Toxic Spikes|[of] p1a: Amoonguss\n|turn|10\n|\n|t:|1682868109\n|move|p2a: Flutter Mane|Substitute|p2a: Flutter Mane\n|-start|p2a: Flutter Mane|Substitute\n|-damage|p2a: Flutter Mane|51\/100\n|move|p2b: Tatsugiri|Muddy Water|p1a: Amoonguss|[spread] p1a,p1b\n|-resisted|p1a: Amoonguss\n|-resisted|p1b: Iron Hands\n|-damage|p1a: Amoonguss|56\/100 slp\n|-damage|p1b: Iron Hands|47\/100 psn\n|-unboost|p1a: Amoonguss|accuracy|1\n|move|p1b: Iron Hands|Wild Charge|p2a: Flutter Mane\n|-end|p2a: Flutter Mane|Substitute\n|-damage|p1b: Iron Hands|44\/100 psn|[from] Recoil|[of] p2a: Flutter Mane\n|cant|p1a: Amoonguss|slp\n|\n|-damage|p1b: Iron Hands|31\/100 psn|[from] psn\n|upkeep\n|turn|11\n|\n|t:|1682868132\n|move|p1b: Iron Hands|Protect|p1b: Iron Hands\n|-singleturn|p1b: Iron Hands|Protect\n|move|p2a: Flutter Mane|Hex|p1b: Iron Hands\n|-activate|p1b: Iron Hands|move: Protect\n|move|p2b: Tatsugiri|Muddy Water|p1b: Iron Hands|[spread] p1a\n|-activate|p1b: Iron Hands|move: Protect\n|-resisted|p1a: Amoonguss\n|-damage|p1a: Amoonguss|30\/100 slp\n|cant|p1a: Amoonguss|slp\n|\n|-damage|p1b: Iron Hands|19\/100 psn|[from] psn\n|upkeep\n|turn|12\n|-message|LUMOO forfeited.\n|\n|win|Kizrok\n|raw|LUMOO's rating: 1035 → 1018<\/strong> (-17 for losing)\n|raw|Kizrok's rating: 1000 → 1044<\/strong> (+44 for winning)\n|l|\u2606LUMOO\n","uploadtime":1682868151,"views":12,"p1id":"lumoo","p2id":"kizrok","formatid":"gen9vgc2023regulationc","rating":1018,"private":0,"password":""}