{"id":"gen9vgc2023regulationc-1855777276","p1":"goodrisotto","p2":"Funnyman Krebs","format":"[Gen 9] VGC 2023 Regulation C","log":"|j|\u2606goodrisotto\n|j|\u2606Funnyman Krebs\n|t:|1682982944\n|gametype|doubles\n|player|p1|goodrisotto|266|1180\n|player|p2|Funnyman Krebs|wallace|1275\n|teamsize|p1|6\n|teamsize|p2|6\n|gen|9\n|tier|[Gen 9] VGC 2023 Regulation C\n|rated|\n|rule|Species Clause: Limit one of each Pok\u00e9mon\n|rule|Item Clause: Limit one of each item\n|clearpoke\n|poke|p1|Hydreigon, L50, F|\n|poke|p1|Annihilape, L50, F|\n|poke|p1|Gholdengo, L50|\n|poke|p1|Iron Bundle, L50|\n|poke|p1|Amoonguss, L50, M|\n|poke|p1|Garganacl, L50, M|\n|poke|p2|Glimmora, L50, M|\n|poke|p2|Tatsugiri-Stretchy, L50, M|\n|poke|p2|Dondozo, L50, F|\n|poke|p2|Iron Bundle, L50|\n|poke|p2|Dragonite, L50, M|\n|poke|p2|Chi-Yu, L50|\n|teampreview|4\nFunnyman Krebs has agreed to open team sheets.\ngoodrisotto has agreed to open team sheets.\n|inactive|Battle timer is ON: inactive players will automatically lose when time's up. (requested by Funnyman Krebs)\n|\n|t:|1682983009\n|start\n|switch|p1a: Garganacl|Garganacl, L50, M|100\/100\n|switch|p1b: Iron Bundle|Iron Bundle, L50|100\/100\n|switch|p2a: Smiles back|Chi-Yu, L50|100\/100\n|switch|p2b: Wheeeee!|Glimmora, L50, M, shiny|100\/100\n|-ability|p2a: Smiles back|Beads of Ruin\n|turn|1\n|inactive|Funnyman Krebs has 30 seconds left.\n|\n|t:|1682983035\n|move|p1b: Iron Bundle|Icy Wind|p2b: Wheeeee!|[spread] p2b\n|-miss|p1b: Iron Bundle|p2a: Smiles back\n|-damage|p2b: Wheeeee!|80\/100\n|-unboost|p2b: Wheeeee!|spe|1\n|move|p2a: Smiles back|Heat Wave|p1a: Garganacl|[spread] p1a,p1b\n|-resisted|p1a: Garganacl\n|-damage|p1a: Garganacl|81\/100\n|-enditem|p1b: Iron Bundle|Focus Sash\n|-damage|p1b: Iron Bundle|1\/100\n|move|p2b: Wheeeee!|Power Gem|p1b: Iron Bundle\n|-supereffective|p1b: Iron Bundle\n|-damage|p1b: Iron Bundle|0 fnt\n|faint|p1b: Iron Bundle\n|-end|p1b: Iron Bundle|Quark Drive|[silent]\n|move|p1a: Garganacl|Salt Cure|p2b: Wheeeee!\n|-damage|p2b: Wheeeee!|64\/100\n|-start|p2b: Wheeeee!|Salt Cure\n|-activate|p2b: Wheeeee!|ability: Toxic Debris\n|-sidestart|p1: goodrisotto|move: Toxic Spikes\n|\n|-heal|p1a: Garganacl|86\/100|[from] item: Leftovers\n|-damage|p2b: Wheeeee!|52\/100|[from] Salt Cure\n|upkeep\n|\n|t:|1682983058\n|switch|p1b: Hydreigon|Hydreigon, L50, F|100\/100\n|turn|2\n|\n|t:|1682983074\n|move|p2a: Smiles back|Dark Pulse|p1a: Garganacl\n|-damage|p1a: Garganacl|41\/100\n|move|p1b: Hydreigon|Focus Energy|p1b: Hydreigon\n|-start|p1b: Hydreigon|move: Focus Energy\n|move|p2b: Wheeeee!|Mortal Spin|p1a: Garganacl|[spread] p1a,p1b\n|-resisted|p1a: Garganacl\n|-crit|p1b: Hydreigon\n|-damage|p1a: Garganacl|40\/100\n|-damage|p1b: Hydreigon|93\/100\n|-status|p1b: Hydreigon|psn\n|move|p1a: Garganacl|Salt Cure|p2a: Smiles back\n|-supereffective|p2a: Smiles back\n|-damage|p2a: Smiles back|50\/100\n|-start|p2a: Smiles back|Salt Cure\n|\n|-heal|p1a: Garganacl|45\/100|[from] item: Leftovers\n|-damage|p1b: Hydreigon|80\/100 psn|[from] psn\n|-damage|p2a: Smiles back|37\/100|[from] Salt Cure\n|-damage|p2b: Wheeeee!|40\/100|[from] Salt Cure\n|upkeep\n|turn|3\n|inactive|Funnyman Krebs has 30 seconds left.\n|\n|t:|1682983104\n|move|p1a: Garganacl|Protect|p1a: Garganacl\n|-singleturn|p1a: Garganacl|Protect\n|move|p2a: Smiles back|Dark Pulse|p1a: Garganacl\n|-activate|p1a: Garganacl|move: Protect\n|move|p1b: Hydreigon|Heat Wave|p2a: Smiles back|[spread] p2a,p2b\n|-resisted|p2a: Smiles back\n|-crit|p2a: Smiles back\n|-resisted|p2b: Wheeeee!\n|-crit|p2b: Wheeeee!\n|-damage|p2a: Smiles back|17\/100\n|-damage|p2b: Wheeeee!|22\/100\n|move|p2b: Wheeeee!|Power Gem|p1b: Hydreigon\n|-damage|p1b: Hydreigon|5\/100 psn\n|\n|-heal|p1a: Garganacl|51\/100|[from] item: Leftovers\n|-damage|p1b: Hydreigon|0 fnt|[from] psn\n|faint|p1b: Hydreigon\n|-damage|p2a: Smiles back|4\/100|[from] Salt Cure\n|-damage|p2b: Wheeeee!|10\/100|[from] Salt Cure\n|upkeep\n|\n|t:|1682983122\n|switch|p1b: Amoonguss|Amoonguss, L50, M|100\/100\n|-sideend|p1: goodrisotto|move: Toxic Spikes|[of] p1b: Amoonguss\n|turn|4\n|\n|t:|1682983145\n|move|p1b: Amoonguss|Protect|p1b: Amoonguss\n|-singleturn|p1b: Amoonguss|Protect\n|move|p2a: Smiles back|Dark Pulse|p1a: Garganacl\n|-damage|p1a: Garganacl|11\/100\n|move|p2b: Wheeeee!|Earth Power|p1a: Garganacl\n|-supereffective|p1a: Garganacl\n|-damage|p1a: Garganacl|0 fnt\n|faint|p1a: Garganacl\n|\n|-damage|p2a: Smiles back|0 fnt|[from] Salt Cure\n|faint|p2a: Smiles back\n|-damage|p2b: Wheeeee!|0 fnt|[from] Salt Cure\n|faint|p2b: Wheeeee!\n|upkeep\n|\n|t:|1682983153\n|switch|p2a: Pee Wee|Tatsugiri-Stretchy, L50, M|100\/100\n|switch|p2b: Large Marge|Dondozo, L50, F|100\/100\n|-activate|p2a: Pee Wee|ability: Commander|[of] p2b: Large Marge\n|-boost|p2b: Large Marge|atk|2\n|-boost|p2b: Large Marge|spa|2\n|-boost|p2b: Large Marge|spe|2\n|-boost|p2b: Large Marge|def|2\n|-boost|p2b: Large Marge|spd|2\n|turn|5\n|\n|t:|1682983169\n|-terastallize|p2b: Large Marge|Grass\n|move|p2b: Large Marge|Wave Crash|p1b: Amoonguss\n|-resisted|p1b: Amoonguss\n|-damage|p1b: Amoonguss|53\/100\n|-damage|p2b: Large Marge|85\/100|[from] Recoil\n|move|p1b: Amoonguss|Spore|p2b: Large Marge\n|-immune|p2b: Large Marge\n|\n|-heal|p2b: Large Marge|91\/100|[from] item: Leftovers\n|upkeep\n|turn|6\n|-message|goodrisotto forfeited.\n|\n|win|Funnyman Krebs\n|raw|goodrisotto's rating: 1180 → 1162<\/strong> (-18 for losing)\n|raw|Funnyman Krebs's rating: 1275 → 1293<\/strong> (+18 for winning)\n|l|\u2606goodrisotto\n","uploadtime":1682983232,"views":20,"p1id":"goodrisotto","p2id":"funnymankrebs","formatid":"gen9vgc2023regulationc","rating":1162,"private":0,"password":""}