{"id":"gen9vgc2023regulationc-1847233996","p1":"AceTrainerNite","p2":"joshmurr","format":"[Gen 9] VGC 2023 Regulation C","log":"|j|\u2606AceTrainerNite\n|j|\u2606joshmurr\n|t:|1681930032\n|gametype|doubles\n|player|p1|AceTrainerNite|benga|1191\n|player|p2|joshmurr|265|1147\n|teamsize|p1|6\n|teamsize|p2|6\n|gen|9\n|tier|[Gen 9] VGC 2023 Regulation C\n|rated|\n|rule|Species Clause: Limit one of each Pok\u00e9mon\n|rule|Item Clause: Limit one of each item\n|clearpoke\n|poke|p1|Amoonguss, L50, F|\n|poke|p1|Palafin, L50, M|\n|poke|p1|Arcanine, L50, F|\n|poke|p1|Annihilape, L50, M|\n|poke|p1|Pelipper, L50, F|\n|poke|p1|Gholdengo, L50|\n|poke|p2|Gyarados, L50, F|\n|poke|p2|Garchomp, L50, F|\n|poke|p2|Raichu, L50, M|\n|poke|p2|Palafin, L50, F|\n|poke|p2|Dragapult, L50, M|\n|poke|p2|Wo-Chien, L50|\n|teampreview|4\n|inactive|Battle timer is ON: inactive players will automatically lose when time's up. (requested by AceTrainerNite)\njoshmurr rejected open team sheets.\n|\n|t:|1681930060\n|start\n|switch|p1a: The Man|Annihilape, L50, M|100\/100\n|switch|p1b: Peeko|Pelipper, L50, F|100\/100\n|switch|p2a: Dragapult|Dragapult, L50, M|100\/100\n|switch|p2b: Raichu|Raichu, L50, M|100\/100\n|-weather|RainDance|[from] ability: Drizzle|[of] p1b: Peeko\n|turn|1\n|inactive|AceTrainerNite has 30 seconds left.\n|\n|t:|1681930085\n|move|p1a: The Man|Rock Slide|p2a: Dragapult|[spread] p2a,p2b\n|-damage|p2a: Dragapult|80\/100\n|-damage|p2b: Raichu|72\/100\n|move|p2a: Dragapult|Reflect|p2a: Dragapult\n|-sidestart|p2: joshmurr|Reflect\n|move|p2b: Raichu|Nuzzle|p1a: The Man\n|-damage|p1a: The Man|95\/100\n|-status|p1a: The Man|par\n|move|p1b: Peeko|Tailwind|p1b: Peeko\n|-sidestart|p1: AceTrainerNite|move: Tailwind\n|\n|-weather|RainDance|[upkeep]\n|upkeep\n|turn|2\n|inactive|AceTrainerNite has 30 seconds left.\n|inactive|joshmurr has 30 seconds left.\n|\n|t:|1681930118\n|switch|p1b: Sus|Amoonguss, L50, F|100\/100\n|move|p1a: The Man|Rock Slide|p2a: Dragapult|[spread] p2a,p2b\n|-damage|p2a: Dragapult|67\/100\n|-damage|p2b: Raichu|53\/100\n|move|p2a: Dragapult|Shadow Ball|p1a: The Man\n|-supereffective|p1a: The Man\n|-damage|p1a: The Man|25\/100 par\n|cant|p2b: Raichu|flinch\n|\n|-weather|RainDance|[upkeep]\n|upkeep\n|turn|3\n|inactive|joshmurr has 30 seconds left.\n|\n|t:|1681930146\n|move|p1a: The Man|Rock Slide|p2a: Dragapult|[spread] p2a\n|-miss|p1a: The Man|p2b: Raichu\n|-damage|p2a: Dragapult|53\/100\n|move|p2a: Dragapult|Shadow Ball|p1a: The Man\n|-supereffective|p1a: The Man\n|-damage|p1a: The Man|0 fnt\n|faint|p1a: The Man\n|move|p2b: Raichu|Nuzzle|p1b: Sus\n|-resisted|p1b: Sus\n|-damage|p1b: Sus|97\/100\n|-status|p1b: Sus|par\n|move|p1b: Sus|Spore|p2a: Dragapult\n|-status|p2a: Dragapult|slp|[from] move: Spore\n|\n|-weather|RainDance|[upkeep]\n|-heal|p1b: Sus|100\/100 par|[from] item: Black Sludge\n|upkeep\n|\n|t:|1681930171\n|switch|p1a: Peeko|Pelipper, L50, F|100\/100\n|turn|4\n|\n|t:|1681930180\n|switch|p2a: Gyarados|Gyarados, L50, F|100\/100\n|-ability|p2a: Gyarados|Intimidate|boost\n|-unboost|p1a: Peeko|atk|1\n|-unboost|p1b: Sus|atk|1\n|-terastallize|p1a: Peeko|Ground\n|move|p1a: Peeko|Hurricane|p2a: Gyarados\n|-damage|p2a: Gyarados|61\/100\n|-start|p2a: Gyarados|confusion\n|-enditem|p2a: Gyarados|Eject Button\n|\n|t:|1681930192\n|switch|p2a: Wo-Chien|Wo-Chien, L50|100\/100\n|-ability|p2a: Wo-Chien|Tablets of Ruin\n|move|p2b: Raichu|Volt Switch|p1a: Peeko\n|-immune|p1a: Peeko\n|move|p1b: Sus|Spore|p2b: Raichu\n|-status|p2b: Raichu|slp|[from] move: Spore\n|\n|-weather|RainDance|[upkeep]\n|-sideend|p1: AceTrainerNite|move: Tailwind\n|upkeep\n|turn|5\n|inactive|joshmurr has 30 seconds left.\n|\n|t:|1681930218\n|switch|p2b: Gyarados|Gyarados, L50, F|61\/100\n|-ability|p2b: Gyarados|Intimidate|boost\n|-unboost|p1a: Peeko|atk|1\n|-unboost|p1b: Sus|atk|1\n|-terastallize|p2a: Wo-Chien|Poison\n|move|p2a: Wo-Chien|Leech Seed|p1a: Peeko\n|-start|p1a: Peeko|move: Leech Seed\n|move|p1a: Peeko|Tailwind|p1a: Peeko\n|-sidestart|p1: AceTrainerNite|move: Tailwind\n|cant|p1b: Sus|par\n|\n|-weather|none\n|-damage|p1a: Peeko|89\/100|[from] Leech Seed|[of] p2a: Wo-Chien\n|upkeep\n|turn|6\n|\n|t:|1681930238\n|switch|p1a: Galbani|Gholdengo, L50|100\/100\n|move|p2b: Gyarados|Taunt|p1b: Sus\n|-start|p1b: Sus|move: Taunt\n|move|p2a: Wo-Chien|Substitute|p2a: Wo-Chien\n|-start|p2a: Wo-Chien|Substitute\n|-damage|p2a: Wo-Chien|76\/100\n|cant|p1b: Sus|move: Taunt|Spore\n|\n|-heal|p2a: Wo-Chien|82\/100|[from] item: Leftovers\n|upkeep\n|turn|7\n|\n|t:|1681930254\n|switch|p2b: Raichu|Raichu, L50, M|53\/100 slp\n|switch|p1b: Peeko|Pelipper, L50, F, tera:Ground|89\/100\n|-weather|RainDance|[from] ability: Drizzle|[of] p1b: Peeko\n|move|p1a: Galbani|Thunder|p2b: Raichu\n|-ability|p2b: Raichu|Lightning Rod|boost\n|-boost|p2b: Raichu|spa|1\n|move|p2a: Wo-Chien|Leech Seed|p1a: Galbani\n|-immune|p1a: Galbani|[from] ability: Good as Gold\n|\n|-weather|RainDance|[upkeep]\n|-heal|p2a: Wo-Chien|87\/100|[from] item: Leftovers\n|upkeep\n|turn|8\n|\n|t:|1681930276\n|move|p1a: Galbani|Make It Rain|p2a: Wo-Chien|[spread] p2a,p2b\n|-end|p2a: Wo-Chien|Substitute\n|-resisted|p2b: Raichu\n|-damage|p2b: Raichu|33\/100 slp\n|-unboost|p1a: Galbani|spa|1\n|move|p1b: Peeko|Hydro Pump|p2a: Wo-Chien\n|-damage|p2a: Wo-Chien|41\/100\n|cant|p2b: Raichu|slp\n|move|p2a: Wo-Chien|Leech Seed|p1b: Peeko\n|-start|p1b: Peeko|move: Leech Seed\n|\n|-weather|RainDance|[upkeep]\n|-heal|p2a: Wo-Chien|47\/100|[from] item: Leftovers\n|-damage|p1b: Peeko|77\/100|[from] Leech Seed|[of] p2a: Wo-Chien\n|-heal|p2a: Wo-Chien|58\/100|[silent]\n|-sideend|p2: joshmurr|Reflect\n|-sideend|p1: AceTrainerNite|move: Tailwind\n|upkeep\n|turn|9\n|inactive|AceTrainerNite has 30 seconds left.\n|inactive|joshmurr has 30 seconds left.\n|\n|t:|1681930309\n|switch|p1b: Sus|Amoonguss, L50, F|100\/100 par\n|move|p2a: Wo-Chien|Protect|p2a: Wo-Chien\n|-singleturn|p2a: Wo-Chien|Protect\n|-curestatus|p2b: Raichu|slp|[msg]\n|move|p2b: Raichu|Nuzzle|p1a: Galbani\n|-damage|p1a: Galbani|96\/100\n|-status|p1a: Galbani|par\n|move|p1a: Galbani|Make It Rain|p2a: Wo-Chien|[spread] p2b\n|-activate|p2a: Wo-Chien|move: Protect\n|-resisted|p2b: Raichu\n|-damage|p2b: Raichu|20\/100\n|-unboost|p1a: Galbani|spa|1\n|\n|-weather|RainDance|[upkeep]\n|-heal|p2a: Wo-Chien|63\/100|[from] item: Leftovers\n|upkeep\n|turn|10\n|inactive|AceTrainerNite has 30 seconds left.\n|\n|t:|1681930335\n|switch|p2a: Dragapult|Dragapult, L50, M|53\/100 slp\n|switch|p1a: Peeko|Pelipper, L50, F, tera:Ground|77\/100\n|move|p2b: Raichu|Volt Switch|p1b: Sus\n|-resisted|p1b: Sus\n|-damage|p1b: Sus|88\/100 par\n|\n|t:|1681930342\n|switch|p2b: Gyarados|Gyarados, L50, F|61\/100|[from] Volt Switch\n|-ability|p2b: Gyarados|Intimidate|boost\n|-unboost|p1a: Peeko|atk|1\n|-unboost|p1b: Sus|atk|1\n|move|p1b: Sus|Spore|p2a: Dragapult\n|-fail|p2a: Dragapult|slp\n|\n|-weather|RainDance|[upkeep]\n|-heal|p1b: Sus|94\/100 par|[from] item: Black Sludge\n|upkeep\n|turn|11\n|\n|t:|1681930359\n|move|p1b: Sus|Rage Powder|p1b: Sus\n|-singleturn|p1b: Sus|move: Rage Powder\n|cant|p2a: Dragapult|slp\n|move|p2b: Gyarados|Waterfall|p1b: Sus\n|-resisted|p1b: Sus\n|-damage|p1b: Sus|68\/100 par\n|move|p1a: Peeko|Hurricane|p2a: Dragapult\n|-damage|p2a: Dragapult|0 fnt\n|faint|p2a: Dragapult\n|\n|-weather|none\n|-heal|p1b: Sus|74\/100 par|[from] item: Black Sludge\n|upkeep\n|\n|t:|1681930373\n|switch|p2a: Raichu|Raichu, L50, M|20\/100\n|turn|12\n|\n|t:|1681930384\n|switch|p1a: Galbani|Gholdengo, L50|96\/100 par\n|move|p2a: Raichu|Fake Out|p1b: Sus\n|-damage|p1b: Sus|66\/100 par\n|move|p2b: Gyarados|Dragon Dance|p2b: Gyarados\n|-boost|p2b: Gyarados|atk|1\n|-boost|p2b: Gyarados|spe|1\n|cant|p1b: Sus|flinch\n|\n|-heal|p1b: Sus|72\/100 par|[from] item: Black Sludge\n|upkeep\n|turn|13\n|inactive|AceTrainerNite has 30 seconds left.\n|\n|t:|1681930409\n|switch|p1a: Peeko|Pelipper, L50, F, tera:Ground|77\/100\n|-weather|RainDance|[from] ability: Drizzle|[of] p1a: Peeko\n|move|p2b: Gyarados|Taunt|p1b: Sus\n|-start|p1b: Sus|move: Taunt\n|move|p2a: Raichu|Volt Switch|p1a: Peeko\n|-immune|p1a: Peeko\n|cant|p1b: Sus|move: Taunt|Spore\n|\n|-weather|RainDance|[upkeep]\n|-heal|p1b: Sus|77\/100 par|[from] item: Black Sludge\n|upkeep\n|turn|14\n|\n|t:|1681930429\n|switch|p2a: Wo-Chien|Wo-Chien, L50, tera:Poison|63\/100\n|-ability|p2a: Wo-Chien|Tablets of Ruin\n|move|p2b: Gyarados|Waterfall|p1a: Peeko\n|-supereffective|p1a: Peeko\n|-damage|p1a: Peeko|0 fnt\n|faint|p1a: Peeko\n|cant|p1b: Sus|par\n|\n|-weather|RainDance|[upkeep]\n|-heal|p2a: Wo-Chien|69\/100|[from] item: Leftovers\n|-heal|p1b: Sus|83\/100 par|[from] item: Black Sludge\n|upkeep\n|\n|t:|1681930436\n|switch|p1a: Galbani|Gholdengo, L50|96\/100 par\n|turn|15\n|\n|t:|1681930459\n|move|p2b: Gyarados|Waterfall|p1a: Galbani\n|-damage|p1a: Galbani|35\/100 par\n|move|p2a: Wo-Chien|Leech Seed|p1a: Galbani\n|-immune|p1a: Galbani|[from] ability: Good as Gold\n|move|p1a: Galbani|Shadow Ball|p2a: Wo-Chien\n|-damage|p2a: Wo-Chien|41\/100\n|-unboost|p2a: Wo-Chien|spd|1\n|move|p1b: Sus|Pollen Puff|p1a: Galbani\n|-heal|p1a: Galbani|85\/100 par\n|\n|-weather|RainDance|[upkeep]\n|-heal|p2a: Wo-Chien|47\/100|[from] item: Leftovers\n|-heal|p1b: Sus|89\/100 par|[from] item: Black Sludge\n|-end|p1b: Sus|move: Taunt\n|upkeep\n|turn|16\n|inactive|AceTrainerNite has 30 seconds left.\n|inactive|joshmurr has 30 seconds left.\n|\n|t:|1681930487\n|switch|p2a: Raichu|Raichu, L50, M|20\/100\n|cant|p1b: Sus|par\n|move|p2b: Gyarados|Dragon Dance|p2b: Gyarados\n|-boost|p2b: Gyarados|atk|1\n|-boost|p2b: Gyarados|spe|1\n|move|p1a: Galbani|Shadow Ball|p2a: Raichu\n|-damage|p2a: Raichu|0 fnt\n|faint|p2a: Raichu\n|\n|-weather|RainDance|[upkeep]\n|-heal|p1b: Sus|95\/100 par|[from] item: Black Sludge\n|upkeep\n|\n|t:|1681930499\n|switch|p2a: Wo-Chien|Wo-Chien, L50, tera:Poison|47\/100\n|-ability|p2a: Wo-Chien|Tablets of Ruin\n|turn|17\n|\n|t:|1681930509\n|move|p1b: Sus|Rage Powder|p1b: Sus\n|-singleturn|p1b: Sus|move: Rage Powder\n|move|p2b: Gyarados|Waterfall|p1b: Sus\n|-resisted|p1b: Sus\n|-damage|p1b: Sus|52\/100 par\n|move|p2a: Wo-Chien|Substitute|p2a: Wo-Chien\n|-start|p2a: Wo-Chien|Substitute\n|-damage|p2a: Wo-Chien|22\/100\n|move|p1a: Galbani|Thunder|p2b: Gyarados\n|-supereffective|p2b: Gyarados\n|-damage|p2b: Gyarados|0 fnt\n|faint|p2b: Gyarados\n|\n|-weather|none\n|-heal|p2a: Wo-Chien|28\/100|[from] item: Leftovers\n|-heal|p1b: Sus|58\/100 par|[from] item: Black Sludge\n|upkeep\n|turn|18\n|\n|t:|1681930531\n|move|p1b: Sus|Rage Powder|p1b: Sus\n|-singleturn|p1b: Sus|move: Rage Powder\n|move|p2a: Wo-Chien|Foul Play|p1b: Sus\n|-damage|p1b: Sus|42\/100 par\n|move|p1a: Galbani|Shadow Ball|p2a: Wo-Chien\n|-end|p2a: Wo-Chien|Substitute\n|\n|-heal|p2a: Wo-Chien|33\/100|[from] item: Leftovers\n|-heal|p1b: Sus|48\/100 par|[from] item: Black Sludge\n|upkeep\n|turn|19\n|c|\u2606joshmurr|gg\n|-message|joshmurr forfeited.\n|\n|win|AceTrainerNite\n|raw|AceTrainerNite's rating: 1191 → 1213<\/strong> (+22 for winning)\n|raw|joshmurr's rating: 1147 → 1125<\/strong> (-22 for losing)\n|l|\u2606joshmurr\n","uploadtime":1681930548,"views":14,"p1id":"acetrainernite","p2id":"joshmurr","formatid":"gen9vgc2023regulationc","rating":1125,"private":0,"password":""}