{"id":"gen9vgc2023regulationc-1863226656","p1":"LumpySangsu","p2":"413XPlayz","format":"[Gen 9] VGC 2023 Regulation C","log":"|j|\u2606LumpySangsu\n|j|\u2606413XPlayz\n|t:|1683990834\n|gametype|doubles\n|player|p1|LumpySangsu|hiker-gen4|1328\n|player|p2|413XPlayz|2|1490\n|teamsize|p1|6\n|teamsize|p2|6\n|gen|9\n|tier|[Gen 9] VGC 2023 Regulation C\n|rated|\n|rule|Species Clause: Limit one of each Pok\u00e9mon\n|rule|Item Clause: Limit one of each item\n|clearpoke\n|poke|p1|Scream Tail, L50|\n|poke|p1|Gothitelle, L50, M|\n|poke|p1|Wo-Chien, L50|\n|poke|p1|Amoonguss, L50, M|\n|poke|p1|Glimmora, L50, F|\n|poke|p1|Ting-Lu, L50|\n|poke|p2|Iron Hands, L50|\n|poke|p2|Amoonguss, L50, F|\n|poke|p2|Pelipper, L50, F|\n|poke|p2|Palafin, L50, F|\n|poke|p2|Baxcalibur, L50, F|\n|poke|p2|Flutter Mane, L50|\n|teampreview|4\n|inactive|Battle timer is ON: inactive players will automatically lose when time's up. (requested by LumpySangsu)\n|\n|t:|1683990868\n|start\n|switch|p1a: Scream Tail|Scream Tail, L50|100\/100\n|switch|p1b: LittleBoSleep|Amoonguss, L50, M|100\/100\n|switch|p2a: Pelipper|Pelipper, L50, F|100\/100\n|switch|p2b: Palafin|Palafin, L50, F|100\/100\n|-weather|RainDance|[from] ability: Drizzle|[of] p2a: Pelipper\n|-enditem|p1a: Scream Tail|Booster Energy\n|-activate|p1a: Scream Tail|ability: Protosynthesis|[fromitem]\n|-start|p1a: Scream Tail|protosynthesisspe\n|turn|1\n|\n|t:|1683990884\n|switch|p1b: Wednesday|Gothitelle, L50, M|100\/100\n|move|p1a: Scream Tail|Perish Song|p1a: Scream Tail\n|-start|p1a: Scream Tail|perish3|[silent]\n|-start|p1b: Wednesday|perish3|[silent]\n|-start|p2a: Pelipper|perish3|[silent]\n|-start|p2b: Palafin|perish3|[silent]\n|-fieldactivate|move: Perish Song\n|move|p2b: Palafin|Taunt|p1b: Wednesday\n|-start|p1b: Wednesday|move: Taunt\n|move|p2a: Pelipper|Hurricane|p1a: Scream Tail\n|-damage|p1a: Scream Tail|63\/100\n|-start|p1a: Scream Tail|confusion\n|\n|-weather|RainDance|[upkeep]\n|-start|p1a: Scream Tail|perish3\n|-start|p2b: Palafin|perish3\n|-start|p2a: Pelipper|perish3\n|-start|p1b: Wednesday|perish3\n|upkeep\n|turn|2\n|\n|t:|1683990906\n|move|p1b: Wednesday|Fake Out|p2b: Palafin\n|-damage|p2b: Palafin|93\/100\n|-activate|p1a: Scream Tail|confusion\n|move|p1a: Scream Tail|Disable|p2a: Pelipper\n|-start|p2a: Pelipper|Disable|Hurricane\n|cant|p2b: Palafin|flinch\n|move|p2a: Pelipper|Hydro Pump|p1a: Scream Tail\n|-damage|p1a: Scream Tail|14\/100\n|\n|-weather|RainDance|[upkeep]\n|-start|p1a: Scream Tail|perish2\n|-start|p2b: Palafin|perish2\n|-start|p2a: Pelipper|perish2\n|-start|p1b: Wednesday|perish2\n|upkeep\n|turn|3\n|\n|t:|1683990921\n|-terastallize|p2b: Palafin|Water\n|move|p1b: Wednesday|Fake Out||[still]\n|-hint|Fake Out only works on your first turn out.\n|-fail|p1b: Wednesday\n|-end|p1a: Scream Tail|confusion\n|move|p1a: Scream Tail|Encore|p2b: Palafin\n|-start|p2b: Palafin|Encore\n|move|p2b: Palafin|Taunt||[still]\n|-fail|p2b: Palafin\n|move|p2a: Pelipper|Hydro Pump|p1b: Wednesday\n|-crit|p1b: Wednesday\n|-damage|p1b: Wednesday|3\/100\n|-enditem|p1b: Wednesday|Sitrus Berry|[eat]\n|-heal|p1b: Wednesday|28\/100|[from] item: Sitrus Berry\n|\n|-weather|RainDance|[upkeep]\n|-end|p1b: Wednesday|move: Taunt\n|-start|p1a: Scream Tail|perish1\n|-start|p2b: Palafin|perish1\n|-start|p2a: Pelipper|perish1\n|-start|p1b: Wednesday|perish1\n|upkeep\n|turn|4\n|\n|t:|1683990933\n|-end|p1a: Scream Tail|Protosynthesis|[silent]\n|switch|p1a: LittleBoSleep|Amoonguss, L50, M|100\/100\n|switch|p1b: Pollen-PuffDaddy|Wo-Chien, L50|100\/100\n|-ability|p1b: Pollen-PuffDaddy|Tablets of Ruin\n|move|p2b: Palafin|Taunt|p1a: LittleBoSleep\n|-start|p1a: LittleBoSleep|move: Taunt\n|-enditem|p1a: LittleBoSleep|Mental Herb\n|-end|p1a: LittleBoSleep|move: Taunt\n|move|p2a: Pelipper|Hydro Pump|p1b: Pollen-PuffDaddy\n|-resisted|p1b: Pollen-PuffDaddy\n|-damage|p1b: Pollen-PuffDaddy|78\/100\n|\n|-weather|RainDance|[upkeep]\n|-heal|p1b: Pollen-PuffDaddy|84\/100|[from] item: Leftovers\n|-start|p2b: Palafin|perish0\n|-start|p2a: Pelipper|perish0\n|upkeep\n|faint|p2b: Palafin\n|faint|p2a: Pelipper\n|\n|t:|1683990937\n|switch|p2b: Iron Hands|Iron Hands, L50, shiny|100\/100\n|switch|p2a: Baxcalibur|Baxcalibur, L50, F|100\/100\n|turn|5\n|\n|t:|1683990952\n|-terastallize|p1a: LittleBoSleep|Water\n|move|p1a: LittleBoSleep|Rage Powder|p1a: LittleBoSleep\n|-singleturn|p1a: LittleBoSleep|move: Rage Powder\n|move|p2a: Baxcalibur|Icicle Crash|p1a: LittleBoSleep\n|-resisted|p1a: LittleBoSleep\n|-damage|p1a: LittleBoSleep|84\/100\n|move|p1b: Pollen-PuffDaddy|Leech Seed|p2a: Baxcalibur\n|-start|p2a: Baxcalibur|move: Leech Seed\n|move|p2b: Iron Hands|Drain Punch|p1a: LittleBoSleep\n|-damage|p1a: LittleBoSleep|55\/100\n|\n|-weather|none\n|-heal|p1b: Pollen-PuffDaddy|91\/100|[from] item: Leftovers\n|-damage|p2a: Baxcalibur|88\/100|[from] Leech Seed|[of] p1b: Pollen-PuffDaddy\n|-heal|p1b: Pollen-PuffDaddy|100\/100|[silent]\n|upkeep\n|turn|6\n|inactive|413XPlayz has 30 seconds left.\n|inactive|413XPlayz has 20 seconds left.\n|\n|t:|1683990992\n|move|p1a: LittleBoSleep|Rage Powder|p1a: LittleBoSleep\n|-singleturn|p1a: LittleBoSleep|move: Rage Powder\n|move|p2a: Baxcalibur|Glaive Rush|p1a: LittleBoSleep\n|-damage|p1a: LittleBoSleep|0 fnt\n|-singlemove|p2a: Baxcalibur|Glaive Rush|[silent]\n|faint|p1a: LittleBoSleep\n|move|p1b: Pollen-PuffDaddy|Leech Seed|p2b: Iron Hands\n|-start|p2b: Iron Hands|move: Leech Seed\n|move|p2b: Iron Hands|Drain Punch|p1b: Pollen-PuffDaddy\n|-supereffective|p1b: Pollen-PuffDaddy\n|-damage|p1b: Pollen-PuffDaddy|54\/100\n|\n|-heal|p1b: Pollen-PuffDaddy|60\/100|[from] item: Leftovers\n|-damage|p2a: Baxcalibur|76\/100|[from] Leech Seed|[of] p1b: Pollen-PuffDaddy\n|-heal|p1b: Pollen-PuffDaddy|72\/100|[silent]\n|-damage|p2b: Iron Hands|88\/100|[from] Leech Seed|[of] p1b: Pollen-PuffDaddy\n|-heal|p1b: Pollen-PuffDaddy|88\/100|[silent]\n|upkeep\n|\n|t:|1683990999\n|switch|p1a: Wednesday|Gothitelle, L50, M|28\/100\n|turn|7\n|\n|t:|1683991019\n|move|p1a: Wednesday|Fake Out|p2a: Baxcalibur\n|-damage|p2a: Baxcalibur|67\/100\n|cant|p2a: Baxcalibur|flinch\n|move|p1b: Pollen-PuffDaddy|Pollen Puff|p1a: Wednesday\n|-heal|p1a: Wednesday|78\/100\n|move|p2b: Iron Hands|Drain Punch|p1b: Pollen-PuffDaddy\n|-supereffective|p1b: Pollen-PuffDaddy\n|-damage|p1b: Pollen-PuffDaddy|43\/100\n|-heal|p2b: Iron Hands|100\/100|[from] drain|[of] p1b: Pollen-PuffDaddy\n|\n|-heal|p1b: Pollen-PuffDaddy|49\/100|[from] item: Leftovers\n|-damage|p2a: Baxcalibur|55\/100|[from] Leech Seed|[of] p1b: Pollen-PuffDaddy\n|-heal|p1b: Pollen-PuffDaddy|62\/100|[silent]\n|-damage|p2b: Iron Hands|88\/100|[from] Leech Seed|[of] p1b: Pollen-PuffDaddy\n|-heal|p1b: Pollen-PuffDaddy|78\/100|[silent]\n|upkeep\n|turn|8\n|\n|t:|1683991042\n|switch|p1a: Scream Tail|Scream Tail, L50|14\/100\n|move|p1b: Pollen-PuffDaddy|Protect|p1b: Pollen-PuffDaddy\n|-singleturn|p1b: Pollen-PuffDaddy|Protect\n|move|p2a: Baxcalibur|Glaive Rush|p1a: Scream Tail\n|-immune|p1a: Scream Tail\n|move|p2b: Iron Hands|Wild Charge|p1a: Scream Tail\n|-damage|p1a: Scream Tail|0 fnt\n|faint|p1a: Scream Tail\n|-end|p1a: Scream Tail|Protosynthesis|[silent]\n|-damage|p2b: Iron Hands|85\/100|[from] Recoil\n|\n|-heal|p1b: Pollen-PuffDaddy|84\/100|[from] item: Leftovers\n|-damage|p2a: Baxcalibur|43\/100|[from] Leech Seed|[of] p1b: Pollen-PuffDaddy\n|-heal|p1b: Pollen-PuffDaddy|96\/100|[silent]\n|-damage|p2b: Iron Hands|73\/100|[from] Leech Seed|[of] p1b: Pollen-PuffDaddy\n|-heal|p1b: Pollen-PuffDaddy|100\/100|[silent]\n|upkeep\n|\n|t:|1683991048\n|switch|p1a: Wednesday|Gothitelle, L50, M|78\/100\n|turn|9\n|\n|t:|1683991063\n|move|p1a: Wednesday|Fake Out|p2b: Iron Hands\n|-damage|p2b: Iron Hands|70\/100\n|move|p2a: Baxcalibur|Icicle Crash|p1a: Wednesday\n|-damage|p1a: Wednesday|46\/100\n|move|p1b: Pollen-PuffDaddy|Foul Play|p2a: Baxcalibur\n|-damage|p2a: Baxcalibur|0 fnt\n|faint|p2a: Baxcalibur\n|cant|p2b: Iron Hands|flinch\n|\n|-damage|p2b: Iron Hands|58\/100|[from] Leech Seed|[of] p1b: Pollen-PuffDaddy\n|upkeep\n|turn|10\n|\n|t:|1683991071\n|move|p1b: Pollen-PuffDaddy|Pollen Puff|p1a: Wednesday\n|-heal|p1a: Wednesday|95\/100\n|move|p1a: Wednesday|Heal Pulse|p1b: Pollen-PuffDaddy\n|-fail|p1b: Pollen-PuffDaddy|heal\n|move|p2b: Iron Hands|Heavy Slam|p1a: Wednesday\n|-damage|p1a: Wednesday|69\/100\n|\n|-damage|p2b: Iron Hands|45\/100|[from] Leech Seed|[of] p1b: Pollen-PuffDaddy\n|upkeep\n|turn|11\n|\n|t:|1683991080\n|move|p1b: Pollen-PuffDaddy|Pollen Puff|p1a: Wednesday\n|-heal|p1a: Wednesday|100\/100\n|move|p1a: Wednesday|Heal Pulse|p1b: Pollen-PuffDaddy\n|-fail|p1b: Pollen-PuffDaddy|heal\n|move|p2b: Iron Hands|Drain Punch|p1b: Pollen-PuffDaddy\n|-supereffective|p1b: Pollen-PuffDaddy\n|-damage|p1b: Pollen-PuffDaddy|53\/100\n|-heal|p2b: Iron Hands|64\/100|[from] drain|[of] p1b: Pollen-PuffDaddy\n|\n|-heal|p1b: Pollen-PuffDaddy|59\/100|[from] item: Leftovers\n|-damage|p2b: Iron Hands|52\/100|[from] Leech Seed|[of] p1b: Pollen-PuffDaddy\n|-heal|p1b: Pollen-PuffDaddy|74\/100|[silent]\n|upkeep\n|turn|12\n|\n|t:|1683991085\n|move|p1b: Pollen-PuffDaddy|Protect|p1b: Pollen-PuffDaddy\n|-singleturn|p1b: Pollen-PuffDaddy|Protect\n|move|p1a: Wednesday|Protect|p1a: Wednesday\n|-singleturn|p1a: Wednesday|Protect\n|move|p2b: Iron Hands|Drain Punch|p1b: Pollen-PuffDaddy\n|-activate|p1b: Pollen-PuffDaddy|move: Protect\n|\n|-heal|p1b: Pollen-PuffDaddy|81\/100|[from] item: Leftovers\n|-damage|p2b: Iron Hands|40\/100|[from] Leech Seed|[of] p1b: Pollen-PuffDaddy\n|-heal|p1b: Pollen-PuffDaddy|96\/100|[silent]\n|upkeep\n|turn|13\n|\n|t:|1683991090\n|move|p1b: Pollen-PuffDaddy|Foul Play|p2b: Iron Hands\n|-resisted|p2b: Iron Hands\n|-damage|p2b: Iron Hands|23\/100\n|move|p1a: Wednesday|Heal Pulse|p1b: Pollen-PuffDaddy\n|-heal|p1b: Pollen-PuffDaddy|100\/100\n|move|p2b: Iron Hands|Drain Punch|p1b: Pollen-PuffDaddy\n|-supereffective|p1b: Pollen-PuffDaddy\n|-damage|p1b: Pollen-PuffDaddy|50\/100\n|-heal|p2b: Iron Hands|42\/100|[from] drain|[of] p1b: Pollen-PuffDaddy\n|\n|-heal|p1b: Pollen-PuffDaddy|57\/100|[from] item: Leftovers\n|-damage|p2b: Iron Hands|30\/100|[from] Leech Seed|[of] p1b: Pollen-PuffDaddy\n|-heal|p1b: Pollen-PuffDaddy|72\/100|[silent]\n|upkeep\n|turn|14\n|\n|t:|1683991101\n|move|p1b: Pollen-PuffDaddy|Pollen Puff|p1a: Wednesday\n|-immune|p1a: Wednesday\n|move|p1a: Wednesday|Heal Pulse|p1b: Pollen-PuffDaddy\n|-heal|p1b: Pollen-PuffDaddy|100\/100\n|move|p2b: Iron Hands|Heavy Slam|p1a: Wednesday\n|-damage|p1a: Wednesday|75\/100\n|\n|-damage|p2b: Iron Hands|18\/100|[from] Leech Seed|[of] p1b: Pollen-PuffDaddy\n|upkeep\n|turn|15\n|\n|t:|1683991108\n|move|p1b: Pollen-PuffDaddy|Foul Play|p2b: Iron Hands\n|-resisted|p2b: Iron Hands\n|-damage|p2b: Iron Hands|2\/100\n|move|p1a: Wednesday|Heal Pulse|p1b: Pollen-PuffDaddy\n|-fail|p1b: Pollen-PuffDaddy|heal\n|move|p2b: Iron Hands|Drain Punch|p1b: Pollen-PuffDaddy\n|-supereffective|p1b: Pollen-PuffDaddy\n|-damage|p1b: Pollen-PuffDaddy|50\/100\n|-heal|p2b: Iron Hands|21\/100|[from] drain|[of] p1b: Pollen-PuffDaddy\n|\n|-heal|p1b: Pollen-PuffDaddy|57\/100|[from] item: Leftovers\n|-damage|p2b: Iron Hands|9\/100|[from] Leech Seed|[of] p1b: Pollen-PuffDaddy\n|-heal|p1b: Pollen-PuffDaddy|72\/100|[silent]\n|upkeep\n|turn|16\n|\n|t:|1683991121\n|move|p1b: Pollen-PuffDaddy|Foul Play|p2b: Iron Hands\n|-resisted|p2b: Iron Hands\n|-damage|p2b: Iron Hands|0 fnt\n|faint|p2b: Iron Hands\n|-end|p2b: Iron Hands|Quark Drive|[silent]\n|\n|win|LumpySangsu\n|raw|LumpySangsu's rating: 1328 → 1357<\/strong> (+29 for winning)\n|raw|413XPlayz's rating: 1490 → 1461<\/strong> (-29 for losing)\n","uploadtime":1683991140,"views":2,"p1id":"lumpysangsu","p2id":"413xplayz","formatid":"gen9vgc2023regulationc","rating":1357,"private":0,"password":""}