{"id":"gen9vgc2023regulationc-1857006799","p1":"Pikaberto","p2":"blakkjakk20","format":"[Gen 9] VGC 2023 Regulation C","log":"|j|\u2606Pikaberto\n|j|\u2606blakkjakk20\n|t:|1683135991\n|gametype|doubles\n|player|p1|Pikaberto|2|1045\n|player|p2|blakkjakk20|karen|1058\n|teamsize|p1|6\n|teamsize|p2|6\n|gen|9\n|tier|[Gen 9] VGC 2023 Regulation C\n|rated|\n|rule|Species Clause: Limit one of each Pok\u00e9mon\n|rule|Item Clause: Limit one of each item\n|clearpoke\n|poke|p1|Iron Bundle, L50|\n|poke|p1|Oranguru, L50, F|\n|poke|p1|Skeledirge, L50, M|\n|poke|p1|Flutter Mane, L50|\n|poke|p1|Torkoal, L50, F|\n|poke|p1|Arboliva, L50, M|\n|poke|p2|Hippowdon, L50, M|\n|poke|p2|Garganacl, L50, F|\n|poke|p2|Amoonguss, L50, F|\n|poke|p2|Chi-Yu, L50|\n|poke|p2|Iron Bundle, L50|\n|poke|p2|Gholdengo, L50|\n|teampreview|4\n|inactive|Battle timer is ON: inactive players will automatically lose when time's up. (requested by blakkjakk20)\n|\n|t:|1683136003\n|start\n|switch|p1a: Oranguru|Oranguru, L50, F|100\/100\n|switch|p1b: Skeledirge|Skeledirge, L50, M|100\/100\n|switch|p2a: Hippowdon|Hippowdon, L50, M|100\/100\n|switch|p2b: Garganacl|Garganacl, L50, F|100\/100\n|-weather|Sandstorm|[from] ability: Sand Stream|[of] p2a: Hippowdon\n|turn|1\n|\n|t:|1683136023\n|switch|p1b: Arboliva|Arboliva, L50, M|100\/100\n|switch|p1a: Torkoal|Torkoal, L50, F|100\/100\n|-weather|SunnyDay|[from] ability: Drought|[of] p1a: Torkoal\n|move|p2a: Hippowdon|Sand Tomb|p1b: Arboliva|[miss]\n|-miss|p2a: Hippowdon|p1b: Arboliva\n|move|p2b: Garganacl|Salt Cure|p1b: Arboliva\n|-damage|p1b: Arboliva|87\/100\n|-start|p1b: Arboliva|Salt Cure\n|-fieldstart|move: Grassy Terrain|[from] ability: Seed Sower|[of] p1b: Arboliva\n|\n|-weather|SunnyDay|[upkeep]\n|-heal|p1b: Arboliva|93\/100|[from] Grassy Terrain\n|-damage|p1b: Arboliva|80\/100|[from] Salt Cure\n|upkeep\n|turn|2\n|\n|t:|1683136043\n|switch|p2a: Chi-Yu|Chi-Yu, L50|100\/100\n|-ability|p2a: Chi-Yu|Beads of Ruin\n|switch|p1b: Skeledirge|Skeledirge, L50, M|100\/100\n|move|p2b: Garganacl|Salt Cure|p1a: Torkoal\n|-supereffective|p1a: Torkoal\n|-damage|p1a: Torkoal|82\/100\n|-start|p1a: Torkoal|Salt Cure\n|move|p1a: Torkoal|Solar Beam||[still]\n|-prepare|p1a: Torkoal|Solar Beam\n|-anim|p1a: Torkoal|Solar Beam|p2b: Garganacl\n|-supereffective|p2b: Garganacl\n|-damage|p2b: Garganacl|0 fnt\n|faint|p2b: Garganacl\n|\n|-weather|SunnyDay|[upkeep]\n|-heal|p1a: Torkoal|89\/100|[from] Grassy Terrain\n|-damage|p1a: Torkoal|76\/100|[from] Salt Cure\n|upkeep\n|\n|t:|1683136049\n|switch|p2b: Hippowdon|Hippowdon, L50, M|100\/100\n|-weather|Sandstorm|[from] ability: Sand Stream|[of] p2b: Hippowdon\n|turn|3\n|inactive|Pikaberto has 30 seconds left.\n|\n|t:|1683136084\n|switch|p1b: Oranguru|Oranguru, L50, F|100\/100\n|move|p2a: Chi-Yu|Protect|p2a: Chi-Yu\n|-singleturn|p2a: Chi-Yu|Protect\n|move|p2b: Hippowdon|Sand Tomb|p1a: Torkoal\n|-supereffective|p1a: Torkoal\n|-damage|p1a: Torkoal|55\/100\n|-activate|p1a: Torkoal|move: Sand Tomb|[of] p2b: Hippowdon\n|move|p1a: Torkoal|Solar Beam||[still]\n|-prepare|p1a: Torkoal|Solar Beam\n|\n|-weather|Sandstorm|[upkeep]\n|-damage|p1b: Oranguru|94\/100|[from] Sandstorm\n|-damage|p1a: Torkoal|49\/100|[from] Sandstorm\n|-heal|p1b: Oranguru|100\/100|[from] Grassy Terrain\n|-heal|p1a: Torkoal|55\/100|[from] Grassy Terrain\n|-damage|p1a: Torkoal|38\/100|[from] move: Sand Tomb|[partiallytrapped]\n|-damage|p1a: Torkoal|26\/100|[from] Salt Cure\n|upkeep\n|turn|4\n|\n|t:|1683136106\n|move|p2b: Hippowdon|Protect|p2b: Hippowdon\n|-singleturn|p2b: Hippowdon|Protect\n|move|p2a: Chi-Yu|Dark Pulse|p1b: Oranguru\n|-supereffective|p1b: Oranguru\n|-damage|p1b: Oranguru|24\/100\n|move|p1a: Torkoal|Solar Beam|p2b: Hippowdon|[from]lockedmove\n|-activate|p2b: Hippowdon|move: Protect\n|move|p1b: Oranguru|Trick Room|p1b: Oranguru\n|-fieldstart|move: Trick Room|[of] p1b: Oranguru\n|\n|-weather|Sandstorm|[upkeep]\n|-damage|p1a: Torkoal|20\/100|[from] Sandstorm\n|-damage|p1b: Oranguru|18\/100|[from] Sandstorm\n|-heal|p1a: Torkoal|26\/100|[from] Grassy Terrain\n|-heal|p1b: Oranguru|24\/100|[from] Grassy Terrain\n|-damage|p1a: Torkoal|13\/100|[from] Salt Cure\n|-damage|p1a: Torkoal|0 fnt|[from] move: Sand Tomb|[partiallytrapped]\n|faint|p1a: Torkoal\n|upkeep\n|\n|t:|1683136126\n|switch|p1a: Skeledirge|Skeledirge, L50, M|100\/100\n|turn|5\n|inactive|blakkjakk20 has 30 seconds left.\n|\n|t:|1683136158\n|-terastallize|p1a: Skeledirge|Fire\n|move|p2a: Chi-Yu|Protect|p2a: Chi-Yu\n|-singleturn|p2a: Chi-Yu|Protect\n|move|p1b: Oranguru|Psychic|p2b: Hippowdon\n|-damage|p2b: Hippowdon|44\/100\n|-damage|p1b: Oranguru|15\/100|[from] item: Life Orb\n|move|p1a: Skeledirge|Torch Song|p2b: Hippowdon\n|-damage|p2b: Hippowdon|0 fnt\n|-boost|p1a: Skeledirge|spa|1\n|faint|p2b: Hippowdon\n|-enditem|p1a: Skeledirge|Throat Spray\n|-boost|p1a: Skeledirge|spa|1|[from] item: Throat Spray\n|-activate|p1b: Oranguru|ability: Symbiosis|Life Orb|[of] p1a: Skeledirge\n|\n|-weather|Sandstorm|[upkeep]\n|-damage|p1b: Oranguru|9\/100|[from] Sandstorm\n|-damage|p1a: Skeledirge|94\/100|[from] Sandstorm\n|-heal|p1b: Oranguru|15\/100|[from] Grassy Terrain\n|-heal|p1a: Skeledirge|100\/100|[from] Grassy Terrain\n|-fieldend|move: Grassy Terrain\n|upkeep\n|\n|t:|1683136176\n|switch|p2b: Gholdengo|Gholdengo, L50|100\/100\n|turn|6\n|\n|t:|1683136197\n|-terastallize|p2a: Chi-Yu|Dark\n|move|p1b: Oranguru|Instruct|p1a: Skeledirge\n|-singleturn|p1a: Skeledirge|move: Instruct|[of] p1b: Oranguru\n|move|p1a: Skeledirge|Torch Song|p2b: Gholdengo\n|-supereffective|p2b: Gholdengo\n|-damage|p2b: Gholdengo|0 fnt\n|-boost|p1a: Skeledirge|spa|1\n|faint|p2b: Gholdengo\n|-damage|p1a: Skeledirge|91\/100|[from] item: Life Orb\n|move|p1a: Skeledirge|Torch Song|p2a: Chi-Yu\n|-damage|p2a: Chi-Yu|0 fnt\n|-boost|p1a: Skeledirge|spa|1\n|faint|p2a: Chi-Yu\n|-damage|p1a: Skeledirge|81\/100|[from] item: Life Orb\n|\n|win|Pikaberto\n|raw|Pikaberto's rating: 1045 → 1079<\/strong> (+34 for winning)\n|raw|blakkjakk20's rating: 1058 → 1039<\/strong> (-19 for losing)\n|l|\u2606blakkjakk20\n|c|\u2606Pikaberto|gg\n","uploadtime":1683136221,"views":16,"p1id":"pikaberto","p2id":"blakkjakk20","formatid":"gen9vgc2023regulationc","rating":1039,"private":0,"password":""}