{"id":"gen9vgc2023regulationc-1857246757","p1":"sputnik1721","p2":"NicoHaxVGC","format":"[Gen 9] VGC 2023 Regulation C","log":"|j|\u2606sputnik1721\n|j|\u2606NicoHaxVGC\n|t:|1683163002\n|gametype|doubles\n|player|p1|sputnik1721|101|1434\n|player|p2|NicoHaxVGC|red|1334\n|teamsize|p1|6\n|teamsize|p2|6\n|gen|9\n|tier|[Gen 9] VGC 2023 Regulation C\n|rated|\n|rule|Species Clause: Limit one of each Pok\u00e9mon\n|rule|Item Clause: Limit one of each item\n|clearpoke\n|poke|p1|Glimmora, L50, F|\n|poke|p1|Wo-Chien, L50|\n|poke|p1|Arcanine, L50, F|\n|poke|p1|Flutter Mane, L50|\n|poke|p1|Gallade, L50, M|\n|poke|p1|Iron Bundle, L50|\n|poke|p2|Corviknight, L50, F|\n|poke|p2|Ting-Lu, L50|\n|poke|p2|Annihilape, L50, M|\n|poke|p2|Maushold, L50|\n|poke|p2|Iron Bundle, L50|\n|poke|p2|Flutter Mane, L50|\n|teampreview|4\n|inactive|Battle timer is ON: inactive players will automatically lose when time's up. (requested by NicoHaxVGC)\n|inactive|sputnik1721 has 60 seconds left.\n|\n|t:|1683163052\n|start\n|switch|p1a: Glimmora|Glimmora, L50, F, shiny|100\/100\n|switch|p1b: Arcanine|Arcanine, L50, F|100\/100\n|switch|p2a: Cyborg|Iron Bundle, L50|100\/100\n|switch|p2b: Star fire|Flutter Mane, L50|100\/100\n|-ability|p1b: Arcanine|Intimidate|boost\n|-unboost|p2a: Cyborg|atk|1\n|-unboost|p2b: Star fire|atk|1\n|-enditem|p2a: Cyborg|Booster Energy\n|-activate|p2a: Cyborg|ability: Quark Drive|[fromitem]\n|-start|p2a: Cyborg|quarkdrivespe\n|turn|1\n|inactive|sputnik1721 has 30 seconds left.\n|inactive|NicoHaxVGC has 30 seconds left.\n|\n|t:|1683163086\n|-terastallize|p1b: Arcanine|Water\n|move|p2a: Cyborg|Hydro Pump|p1b: Arcanine\n|-resisted|p1b: Arcanine\n|-damage|p1b: Arcanine|73\/100\n|move|p2b: Star fire|Shadow Ball|p1a: Glimmora\n|-damage|p1a: Glimmora|55\/100\n|move|p1b: Arcanine|Flare Blitz|p2b: Star fire\n|-damage|p2b: Star fire|9\/100\n|-damage|p1b: Arcanine|49\/100|[from] Recoil\n|move|p1a: Glimmora|Power Gem|p2a: Cyborg\n|-supereffective|p2a: Cyborg\n|-damage|p2a: Cyborg|0 fnt\n|faint|p2a: Cyborg\n|-end|p2a: Cyborg|Quark Drive|[silent]\n|\n|upkeep\n|\n|t:|1683163099\n|switch|p2a: Robin|Annihilape, L50, M|100\/100\n|turn|2\n|\n|t:|1683163117\n|move|p2b: Star fire|Shadow Ball|p1b: Arcanine\n|-damage|p1b: Arcanine|0 fnt\n|faint|p1b: Arcanine\n|move|p2a: Robin|Bulk Up|p2a: Robin\n|-boost|p2a: Robin|atk|1\n|-boost|p2a: Robin|def|1\n|move|p1a: Glimmora|Mortal Spin|p2a: Robin|[spread] p2a,p2b\n|-resisted|p2a: Robin\n|-damage|p2a: Robin|99\/100\n|-damage|p2b: Star fire|2\/100\n|-status|p2a: Robin|psn\n|-status|p2b: Star fire|psn\n|\n|-heal|p2a: Robin|100\/100 psn|[from] item: Leftovers\n|-damage|p2b: Star fire|0 fnt|[from] psn\n|faint|p2b: Star fire\n|-end|p2b: Star fire|Protosynthesis|[silent]\n|-damage|p2a: Robin|88\/100 psn|[from] psn\n|upkeep\n|\n|t:|1683163133\n|switch|p2b: Raven|Corviknight, L50, F|100\/100\n|switch|p1b: Flutter Mane|Flutter Mane, L50, shiny|100\/100\n|turn|3\n|\n|t:|1683163155\n|-terastallize|p2a: Robin|Water\n|move|p1b: Flutter Mane|Protect|p1b: Flutter Mane\n|-singleturn|p1b: Flutter Mane|Protect\n|move|p2a: Robin|Drain Punch|p1a: Glimmora\n|-damage|p1a: Glimmora|8\/100\n|-heal|p2a: Robin|100\/100 psn|[from] drain|[of] p1a: Glimmora\n|-activate|p1a: Glimmora|ability: Toxic Debris\n|-sidestart|p2: NicoHaxVGC|move: Toxic Spikes\n|move|p1a: Glimmora|Power Gem|p2b: Raven\n|-damage|p2b: Raven|63\/100\n|move|p2b: Raven|Iron Head|p1b: Flutter Mane\n|-activate|p1b: Flutter Mane|move: Protect\n|\n|-damage|p2a: Robin|88\/100 psn|[from] psn\n|upkeep\n|turn|4\n|\n|t:|1683163177\n|move|p1b: Flutter Mane|Shadow Ball|p2b: Raven\n|-damage|p2b: Raven|13\/100\n|-damage|p1b: Flutter Mane|91\/100|[from] item: Life Orb\n|move|p2a: Robin|Drain Punch|p1a: Glimmora\n|-damage|p1a: Glimmora|0 fnt\n|-heal|p2a: Robin|92\/100 psn|[from] drain|[of] p1a: Glimmora\n|-activate|p1a: Glimmora|ability: Toxic Debris\n|-sidestart|p2: NicoHaxVGC|move: Toxic Spikes\n|faint|p1a: Glimmora\n|move|p2b: Raven|Iron Head|p1b: Flutter Mane\n|-supereffective|p1b: Flutter Mane\n|-damage|p1b: Flutter Mane|7\/100\n|\n|-heal|p2a: Robin|98\/100 psn|[from] item: Leftovers\n|-damage|p2a: Robin|86\/100 psn|[from] psn\n|upkeep\n|\n|t:|1683163192\n|switch|p1a: Gallade|Gallade, L50, M|100\/100\n|turn|5\n|\n|t:|1683163206\n|move|p1b: Flutter Mane|Dazzling Gleam|p2b: Raven|[spread] p2a,p2b\n|-resisted|p2b: Raven\n|-damage|p2a: Robin|53\/100 psn\n|-damage|p2b: Raven|0 fnt\n|faint|p2b: Raven\n|-damage|p1b: Flutter Mane|0 fnt|[from] item: Life Orb\n|faint|p1b: Flutter Mane\n|-end|p1b: Flutter Mane|Protosynthesis|[silent]\n|move|p1a: Gallade|Sacred Sword|p2a: Robin\n|-damage|p2a: Robin|0 fnt\n|faint|p2a: Robin\n|\n|win|sputnik1721\n|raw|sputnik1721's rating: 1434 → 1448<\/strong> (+14 for winning)\n|raw|NicoHaxVGC's rating: 1334 → 1320<\/strong> (-14 for losing)\n","uploadtime":1683163217,"views":8,"p1id":"sputnik1721","p2id":"nicohaxvgc","formatid":"gen9vgc2023regulationc","rating":1320,"private":0,"password":""}