{"id":"gen9vgc2023regulationc-1861864182","p1":"Ciq108","p2":"Primordial Drizzle","format":"[Gen 9] VGC 2023 Regulation C","log":"|j|\u2606Ciq108\n|j|\u2606Primordial Drizzle\n|t:|1683816033\n|gametype|doubles\n|player|p1|Ciq108|102|\n|player|p2|Primordial Drizzle|lisia-masters|\n|teamsize|p1|6\n|teamsize|p2|6\n|gen|9\n|tier|[Gen 9] VGC 2023 Regulation C\n|rule|Species Clause: Limit one of each Pok\u00e9mon\n|rule|Item Clause: Limit one of each item\n|clearpoke\n|poke|p1|Garchomp, L50, F|\n|poke|p1|Magneton, L50|\n|poke|p1|Gardevoir, L50, F|\n|poke|p1|Rotom-Mow, L50|\n|poke|p1|Dondozo, L50, F|\n|poke|p1|Tatsugiri, L50, F|\n|poke|p2|Amoonguss, L50, F|\n|poke|p2|Rotom-Wash, L50|\n|poke|p2|Gholdengo, L50|\n|poke|p2|Azumarill, L50, M|\n|poke|p2|Mismagius, L50, F|\n|poke|p2|Jigglypuff, L50, M|\n|teampreview|4\n|c|\u2606Primordial Drizzle|g2\n|c|\u2606Ciq108|Glhf\n|c|\u2606Primordial Drizzle|u2\n|\n|t:|1683816354\n|start\n|switch|p1a: Garchomp|Garchomp, L50, F|100\/100\n|switch|p1b: Rotom|Rotom-Mow, L50|100\/100\n|switch|p2a: mad hatter|Mismagius, L50, F|100\/100\n|switch|p2b: Sleepy Joe|Gholdengo, L50|100\/100\n|turn|1\n|\n|t:|1683816384\n|switch|p2b: tokyo|Rotom-Wash, L50|100\/100\n|-terastallize|p1a: Garchomp|Fire\n|move|p2a: mad hatter|Dazzling Gleam|p1b: Rotom|[spread] p1a,p1b\n|-resisted|p1a: Garchomp\n|-damage|p1a: Garchomp|87\/100\n|-damage|p1b: Rotom|82\/100\n|-damage|p2a: mad hatter|91\/100|[from] item: Life Orb\n|move|p1a: Garchomp|Tera Blast|p2b: tokyo\n|-resisted|p2b: tokyo\n|-damage|p2b: tokyo|82\/100\n|move|p1b: Rotom|Leaf Storm|p2a: mad hatter\n|-damage|p2a: mad hatter|26\/100\n|-unboost|p1b: Rotom|spa|2\n|\n|-heal|p2b: tokyo|88\/100|[from] item: Leftovers\n|upkeep\n|turn|2\n|j| Kingbananahammock\n|\n|t:|1683816426\n|-terastallize|p2b: tokyo|Fairy\n|move|p1a: Garchomp|Protect|p1a: Garchomp\n|-singleturn|p1a: Garchomp|Protect\n|move|p2a: mad hatter|Shadow Ball|p1a: Garchomp\n|-activate|p1a: Garchomp|move: Protect\n|move|p1b: Rotom|Leaf Storm|p2a: mad hatter|[miss]\n|-miss|p1b: Rotom|p2a: mad hatter\n|move|p2b: tokyo|Nasty Plot|p2b: tokyo\n|-boost|p2b: tokyo|spa|2\n|\n|-heal|p2b: tokyo|93\/100|[from] item: Leftovers\n|upkeep\n|turn|3\n|\n|t:|1683816461\n|switch|p1a: Magneton|Magneton, L50|100\/100\n|move|p2a: mad hatter|Shadow Ball|p1b: Rotom\n|-damage|p1b: Rotom|39\/100\n|-unboost|p1b: Rotom|spd|1\n|-enditem|p1b: Rotom|Sitrus Berry|[eat]\n|-heal|p1b: Rotom|64\/100|[from] item: Sitrus Berry\n|-damage|p2a: mad hatter|16\/100|[from] item: Life Orb\n|move|p1b: Rotom|Leaf Storm|p2a: mad hatter\n|-damage|p2a: mad hatter|0 fnt\n|-unboost|p1b: Rotom|spa|2\n|faint|p2a: mad hatter\n|move|p2b: tokyo|Hydro Pump|p1a: Magneton\n|-damage|p1a: Magneton|25\/100\n|\n|-heal|p2b: tokyo|99\/100|[from] item: Leftovers\n|upkeep\n|\n|t:|1683816473\n|switch|p2a: Sleepy Joe|Gholdengo, L50|100\/100\n|turn|4\n|\n|t:|1683816494\n|switch|p2a: among us|Amoonguss, L50, F|100\/100\n|move|p1a: Magneton|Protect|p1a: Magneton\n|-singleturn|p1a: Magneton|Protect\n|move|p1b: Rotom|Discharge|p2a: among us|[spread] p2a,p2b\n|-activate|p1a: Magneton|move: Protect\n|-resisted|p2a: among us\n|-damage|p2a: among us|97\/100\n|-damage|p2b: tokyo|92\/100\n|move|p2b: tokyo|Discharge|p1a: Magneton|[spread] p2a,p1b\n|-activate|p1a: Magneton|move: Protect\n|-resisted|p2a: among us\n|-crit|p2a: among us\n|-resisted|p1b: Rotom\n|-damage|p2a: among us|67\/100\n|-damage|p1b: Rotom|49\/100\n|\n|-heal|p2b: tokyo|97\/100|[from] item: Leftovers\n|upkeep\n|turn|5\n|\n|t:|1683816520\n|switch|p1b: Garchomp|Garchomp, L50, F, tera:Fire|87\/100\n|move|p2b: tokyo|Discharge|p1a: Magneton|[spread] p2a,p1a,p1b\n|-resisted|p2a: among us\n|-resisted|p1a: Magneton\n|-damage|p2a: among us|45\/100\n|-damage|p1a: Magneton|5\/100\n|-damage|p1b: Garchomp|36\/100\n|-enditem|p2a: among us|Sitrus Berry|[eat]\n|-heal|p2a: among us|70\/100|[from] item: Sitrus Berry\n|move|p1a: Magneton|Flash Cannon|p2b: tokyo\n|-supereffective|p2b: tokyo\n|-damage|p2b: tokyo|23\/100\n|move|p2a: among us|Clear Smog|p1b: Garchomp\n|-damage|p1b: Garchomp|17\/100\n|-clearboost|p1b: Garchomp\n|\n|-heal|p2b: tokyo|29\/100|[from] item: Leftovers\n|upkeep\n|turn|6\n|\n|t:|1683816542\n|move|p1b: Garchomp|Tera Blast|p2b: tokyo\n|-damage|p2b: tokyo|0 fnt\n|faint|p2b: tokyo\n|move|p1a: Magneton|Flash Cannon|p2a: among us\n|-damage|p2a: among us|30\/100\n|move|p2a: among us|Spore|p1b: Garchomp\n|-activate|p1b: Garchomp|item: Safety Goggles|Spore\n|\n|upkeep\n|\n|t:|1683816545\n|switch|p2b: Sleepy Joe|Gholdengo, L50|100\/100\n|turn|7\n|\n|t:|1683816553\n|move|p2a: among us|Protect|p2a: among us\n|-singleturn|p2a: among us|Protect\n|move|p1b: Garchomp|Tera Blast|p2b: Sleepy Joe\n|-supereffective|p2b: Sleepy Joe\n|-damage|p2b: Sleepy Joe|20\/100\n|move|p2b: Sleepy Joe|Make It Rain|p1a: Magneton|[spread] p1a,p1b\n|-resisted|p1a: Magneton\n|-resisted|p1b: Garchomp\n|-damage|p1a: Magneton|0 fnt\n|-damage|p1b: Garchomp|0 fnt\n|-unboost|p2b: Sleepy Joe|spa|1\n|faint|p1a: Magneton\n|faint|p1b: Garchomp\n|\n|upkeep\n|\n|t:|1683816562\n|switch|p1b: Rotom|Rotom-Mow, L50|49\/100\n|switch|p1a: Gardevoir|Gardevoir, L50, F|100\/100\n|turn|8\n|c|\u2606Ciq108|Ggs\n|\n|t:|1683816574\n|move|p1a: Gardevoir|Mystical Fire|p2a: among us\n|-supereffective|p2a: among us\n|-damage|p2a: among us|0 fnt\n|faint|p2a: among us\n|move|p1b: Rotom|Discharge|p2b: Sleepy Joe|[spread] p2b\n|-activate|p1a: Gardevoir|ability: Telepathy\n|-damage|p2b: Sleepy Joe|0 fnt\n|faint|p2b: Sleepy Joe\n|\n|win|Ciq108\n|c|\u2606Primordial Drizzle|gg\n","uploadtime":1683816586,"views":15,"p1id":"ciq108","p2id":"primordialdrizzle","formatid":"gen9vgc2023regulationc","rating":0,"private":0,"password":""}