{"id":"gen9vgc2023regulationc-1859324223","p1":"ethan06","p2":"Tonsoffamage","format":"[Gen 9] VGC 2023 Regulation C","log":"|j|\u2606ethan06\n|j|\u2606Tonsoffamage\n|t:|1683434669\n|gametype|doubles\n|player|p1|ethan06|ninjaboy|\n|player|p2|Tonsoffamage|unknown|\n|teamsize|p1|6\n|teamsize|p2|6\n|gen|9\n|tier|[Gen 9] VGC 2023 Regulation C\n|rule|Species Clause: Limit one of each Pok\u00e9mon\n|rule|Item Clause: Limit one of each item\n|clearpoke\n|poke|p1|Dondozo, L50, M|\n|poke|p1|Tatsugiri, L50, M|\n|poke|p1|Salamence, L50, F|\n|poke|p1|Kingambit, L50, M|\n|poke|p1|Iron Valiant, L50|\n|poke|p1|Spewpa, L50, F|\n|poke|p2|Hydreigon, L50, M|\n|poke|p2|Tinkaton, L50, F|\n|poke|p2|Slither Wing, L50|\n|poke|p2|Ceruledge, L50, F|\n|poke|p2|Arboliva, L50, F|\n|poke|p2|Bruxish, L50, F|\n|teampreview|4\n|j| Ytterby\nethan06 has agreed to open team sheets.\n|c|\u2606Tonsoffamage|G2\n|c|\u2606Tonsoffamage|GL;HF\n|c|\u2606ethan06|hfhfhfhfhf\n|\n|t:|1683434714\n|start\n|switch|p1a: Salamence|Salamence, L50, F|100\/100\n|switch|p1b: Spewpa|Spewpa, L50, F|100\/100\n|switch|p2a: Ceruledge|Ceruledge, L50, F|100\/100\n|switch|p2b: Bruxish|Bruxish, L50, F|100\/100\n|-ability|p1a: Salamence|Intimidate|boost\n|-unboost|p2a: Ceruledge|atk|1\n|-unboost|p2b: Bruxish|atk|1\n|turn|1\n|\n|t:|1683434732\n|move|p1b: Spewpa|Protect|p1b: Spewpa\n|-singleturn|p1b: Spewpa|Protect\n|move|p2a: Ceruledge|Ally Switch|p2a: Ceruledge\n|swap|p2a: Ceruledge|1|[from] move: Ally Switch\n|move|p1a: Salamence|Dual Wingbeat|p2a: Bruxish\n|-damage|p2a: Bruxish|74\/100\n|-damage|p2a: Bruxish|47\/100\n|-hitcount|p2a: Bruxish|2\n|-damage|p1a: Salamence|91\/100|[from] item: Life Orb\n|move|p2a: Bruxish|Trick Room|p2a: Bruxish\n|-fieldstart|move: Trick Room|[of] p2a: Bruxish\n|\n|upkeep\n|turn|2\n|\n|t:|1683434755\n|-terastallize|p1b: Spewpa|Water\n|move|p1b: Spewpa|Struggle Bug|p2b: Ceruledge|[spread] p2a,p2b\n|-supereffective|p2a: Bruxish\n|-resisted|p2b: Ceruledge\n|-damage|p2a: Bruxish|33\/100\n|-damage|p2b: Ceruledge|99\/100\n|-unboost|p2a: Bruxish|spa|1\n|-unboost|p2b: Ceruledge|spa|1\n|move|p2b: Ceruledge|Bitter Blade|p1b: Spewpa\n|-resisted|p1b: Spewpa\n|-damage|p1b: Spewpa|81\/100\n|-heal|p2b: Ceruledge|100\/100|[from] drain|[of] p1b: Spewpa\n|move|p2a: Bruxish|Taunt|p1a: Salamence\n|-start|p1a: Salamence|move: Taunt\n|move|p1a: Salamence|Dragon Claw|p2b: Ceruledge\n|-damage|p2b: Ceruledge|27\/100\n|-ability|p2b: Ceruledge|Weak Armor|boost\n|-unboost|p2b: Ceruledge|def|1\n|-boost|p2b: Ceruledge|spe|2\n|-damage|p1a: Salamence|81\/100|[from] item: Life Orb\n|\n|upkeep\n|turn|3\n|\n|t:|1683434780\n|switch|p2b: Tinkaton|Tinkaton, L50, F|100\/100\n|move|p1b: Spewpa|Struggle Bug|p2a: Bruxish|[spread] p2a,p2b\n|-supereffective|p2a: Bruxish\n|-resisted|p2b: Tinkaton\n|-damage|p2a: Bruxish|19\/100\n|-damage|p2b: Tinkaton|99\/100\n|-unboost|p2a: Bruxish|spa|1\n|-unboost|p2b: Tinkaton|spa|1\n|move|p2a: Bruxish|Super Fang|p1a: Salamence\n|-damage|p1a: Salamence|41\/100\n|move|p1a: Salamence|Dragon Claw|p2b: Tinkaton\n|-immune|p2b: Tinkaton\n|\n|upkeep\n|turn|4\n|\n|t:|1683434798\n|switch|p1a: Iron Valiant|Iron Valiant, L50|100\/100\n|move|p1b: Spewpa|Stun Spore|p2b: Tinkaton\n|-status|p2b: Tinkaton|par\n|move|p2b: Tinkaton|Skill Swap||[still]\n|-fail|p2b: Tinkaton\n|move|p2a: Bruxish|Taunt|p1b: Spewpa\n|-start|p1b: Spewpa|move: Taunt\n|\n|upkeep\n|turn|5\n|\n|t:|1683434818\n|move|p1a: Iron Valiant|Protect|p1a: Iron Valiant\n|-singleturn|p1a: Iron Valiant|Protect\n|move|p1b: Spewpa|Struggle Bug|p2a: Bruxish|[spread] p2a,p2b\n|-supereffective|p2a: Bruxish\n|-resisted|p2b: Tinkaton\n|-damage|p2a: Bruxish|6\/100\n|-damage|p2b: Tinkaton|98\/100 par\n|-unboost|p2a: Bruxish|spa|1\n|-unboost|p2b: Tinkaton|spa|1\n|cant|p2b: Tinkaton|par\n|move|p2a: Bruxish|Super Fang|p1b: Spewpa\n|-damage|p1b: Spewpa|41\/100\n|\n|-fieldend|move: Trick Room\n|upkeep\n|turn|6\n|\n|t:|1683434844\n|-end|p1a: Iron Valiant|Quark Drive|[silent]\n|switch|p1a: Salamence|Salamence, L50, F|41\/100\n|-ability|p1a: Salamence|Intimidate|boost\n|-unboost|p2a: Bruxish|atk|1\n|-unboost|p2b: Tinkaton|atk|1\n|move|p2b: Tinkaton|Gigaton Hammer|p1a: Salamence\n|-damage|p1a: Salamence|10\/100\n|move|p1b: Spewpa|Struggle Bug|p2a: Bruxish|[spread] p2a,p2b\n|-supereffective|p2a: Bruxish\n|-resisted|p2b: Tinkaton\n|-damage|p2a: Bruxish|0 fnt\n|-damage|p2b: Tinkaton|97\/100 par\n|-unboost|p2b: Tinkaton|spa|1\n|faint|p2a: Bruxish\n|\n|upkeep\n|\n|t:|1683434857\n|switch|p2a: Ceruledge|Ceruledge, L50, F|27\/100\n|turn|7\n|\n|t:|1683434872\n|switch|p1a: Tatsugiri|Tatsugiri, L50, M|100\/100\n|move|p2a: Ceruledge|Protect|p2a: Ceruledge\n|-singleturn|p2a: Ceruledge|Protect\n|move|p2b: Tinkaton|Play Rough|p1a: Tatsugiri\n|-supereffective|p1a: Tatsugiri\n|-damage|p1a: Tatsugiri|44\/100\n|-unboost|p1a: Tatsugiri|atk|1\n|move|p1b: Spewpa|Struggle Bug|p2b: Tinkaton|[spread] p2b\n|-activate|p2a: Ceruledge|move: Protect\n|-resisted|p2b: Tinkaton\n|-damage|p2b: Tinkaton|96\/100 par\n|-unboost|p2b: Tinkaton|spa|1\n|\n|-end|p1b: Spewpa|move: Taunt\n|upkeep\n|turn|8\n|\n|t:|1683434903\n|switch|p2b: Arboliva|Arboliva, L50, F, shiny|100\/100\n|-terastallize|p2a: Ceruledge|Grass\n|move|p1b: Spewpa|Rage Powder|p1b: Spewpa\n|-singleturn|p1b: Spewpa|move: Rage Powder\n|move|p1a: Tatsugiri|Muddy Water|p2b: Arboliva|[spread] p2a,p2b\n|-resisted|p2a: Ceruledge\n|-resisted|p2b: Arboliva\n|-damage|p2a: Ceruledge|10\/100\n|-damage|p2b: Arboliva|83\/100\n|-unboost|p2b: Arboliva|accuracy|1\n|move|p2a: Ceruledge|Shadow Claw|p1a: Tatsugiri\n|-damage|p1a: Tatsugiri|0 fnt\n|faint|p1a: Tatsugiri\n|\n|upkeep\n|\n|t:|1683434917\n|switch|p1a: Iron Valiant|Iron Valiant, L50|100\/100\n|turn|9\n|\n|t:|1683434933\n|move|p1a: Iron Valiant|Fire Punch|p2a: Ceruledge\n|-supereffective|p2a: Ceruledge\n|-damage|p2a: Ceruledge|0 fnt\n|faint|p2a: Ceruledge\n|move|p2b: Arboliva|Reflect|p2b: Arboliva\n|-sidestart|p2: Tonsoffamage|Reflect\n|move|p1b: Spewpa|Struggle Bug|p2b: Arboliva\n|-supereffective|p2b: Arboliva\n|-damage|p2b: Arboliva|69\/100\n|-unboost|p2b: Arboliva|spa|1\n|\n|upkeep\n|\n|t:|1683434941\n|switch|p2a: Tinkaton|Tinkaton, L50, F|96\/100 par\n|turn|10\n|\n|t:|1683434950\n|-end|p1a: Iron Valiant|Quark Drive|[silent]\n|switch|p1a: Salamence|Salamence, L50, F|10\/100\n|-ability|p1a: Salamence|Intimidate|boost\n|-unboost|p2a: Tinkaton|atk|1\n|-unboost|p2b: Arboliva|atk|1\n|move|p2b: Arboliva|Giga Drain|p1b: Spewpa\n|-supereffective|p1b: Spewpa\n|-damage|p1b: Spewpa|0 fnt\n|-heal|p2b: Arboliva|85\/100|[from] drain|[of] p1b: Spewpa\n|faint|p1b: Spewpa\n|cant|p2a: Tinkaton|par\n|\n|upkeep\n|\n|t:|1683434960\n|switch|p1b: Iron Valiant|Iron Valiant, L50|100\/100\n|turn|11\n|\n|t:|1683434978\n|move|p1b: Iron Valiant|Protect|p1b: Iron Valiant\n|-singleturn|p1b: Iron Valiant|Protect\n|move|p1a: Salamence|Dual Wingbeat|p2b: Arboliva\n|-supereffective|p2b: Arboliva\n|-damage|p2b: Arboliva|43\/100\n|-enditem|p2b: Arboliva|Sitrus Berry|[eat]\n|-heal|p2b: Arboliva|68\/100|[from] item: Sitrus Berry\n|-supereffective|p2b: Arboliva\n|-damage|p2b: Arboliva|31\/100\n|-hitcount|p2b: Arboliva|2\n|-damage|p1a: Salamence|0 fnt|[from] item: Life Orb\n|faint|p1a: Salamence\n|move|p2b: Arboliva|Giga Drain|p1b: Iron Valiant\n|-activate|p1b: Iron Valiant|move: Protect\n|move|p2a: Tinkaton|Gigaton Hammer|p1b: Iron Valiant\n|-activate|p1b: Iron Valiant|move: Protect\n|\n|-item|p2b: Arboliva|Sitrus Berry|[from] ability: Harvest\n|upkeep\n|-enditem|p2b: Arboliva|Sitrus Berry|[eat]\n|-heal|p2b: Arboliva|56\/100|[from] item: Sitrus Berry\n|turn|12\n|\n|t:|1683435005\n|move|p1b: Iron Valiant|Fire Punch|p2b: Arboliva\n|-supereffective|p2b: Arboliva\n|-damage|p2b: Arboliva|22\/100\n|move|p2b: Arboliva|Giga Drain|p1b: Iron Valiant|[miss]\n|-miss|p2b: Arboliva|p1b: Iron Valiant\n|cant|p2a: Tinkaton|par\n|\n|upkeep\n|turn|13\n|\n|t:|1683435039\n|move|p2b: Arboliva|Protect|p2b: Arboliva\n|-singleturn|p2b: Arboliva|Protect\n|move|p1b: Iron Valiant|Fire Punch|p2b: Arboliva\n|-activate|p2b: Arboliva|move: Protect\n|move|p2a: Tinkaton|Play Rough|p1b: Iron Valiant\n|-supereffective|p1b: Iron Valiant\n|-damage|p1b: Iron Valiant|52\/100\n|\n|-sideend|p2: Tonsoffamage|Reflect\n|upkeep\n|turn|14\n|\n|t:|1683435053\n|move|p1b: Iron Valiant|Fire Punch|p2b: Arboliva\n|-supereffective|p2b: Arboliva\n|-damage|p2b: Arboliva|0 fnt\n|faint|p2b: Arboliva\n|move|p2a: Tinkaton|Gigaton Hammer|p1b: Iron Valiant\n|-supereffective|p1b: Iron Valiant\n|-damage|p1b: Iron Valiant|0 fnt\n|faint|p1b: Iron Valiant\n|-end|p1b: Iron Valiant|Quark Drive|[silent]\n|\n|win|Tonsoffamage\n|c|\u2606ethan06|gg...?\n|c|\u2606ethan06|g2\n","uploadtime":1683435066,"views":13,"p1id":"ethan06","p2id":"tonsoffamage","formatid":"gen9vgc2023regulationc","rating":0,"private":0,"password":""}