{"id":"gen9vgc2023regulationc-1850823635","p1":"Laithani","p2":"Kosherbeats","format":"[Gen 9] VGC 2023 Regulation C","log":"|j|\u2606Laithani\n|j|\u2606Kosherbeats\n|t:|1682371358\n|gametype|doubles\n|player|p1|Laithani|bellelba|1143\n|player|p2|Kosherbeats|ghetsis|1174\n|teamsize|p1|6\n|teamsize|p2|6\n|gen|9\n|tier|[Gen 9] VGC 2023 Regulation C\n|rated|\n|rule|Species Clause: Limit one of each Pok\u00e9mon\n|rule|Item Clause: Limit one of each item\n|clearpoke\n|poke|p1|Goodra, L50, M|\n|poke|p1|Vaporeon, L50, M|\n|poke|p1|Arcanine, L50, M|\n|poke|p1|Toxapex, L50, F|\n|poke|p1|Tyranitar, L50, M|\n|poke|p1|Lycanroc, L50, M|\n|poke|p2|Torkoal, L50, M|\n|poke|p2|Jumpluff, L50, F|\n|poke|p2|Flutter Mane, L50|\n|poke|p2|Great Tusk, L50|\n|poke|p2|Chien-Pao, L50|\n|poke|p2|Kingambit, L50, M|\n|teampreview|4\n|inactive|Battle timer is ON: inactive players will automatically lose when time's up. (requested by Kosherbeats)\n|\n|t:|1682371382\n|start\n|switch|p1a: Goodra|Goodra, L50, M|100\/100\n|switch|p1b: Vaporeon|Vaporeon, L50, M|100\/100\n|switch|p2a: Torkoal|Torkoal, L50, M|100\/100\n|switch|p2b: Jumpluff|Jumpluff, L50, F, shiny|100\/100\n|-weather|SunnyDay|[from] ability: Drought|[of] p2a: Torkoal\n|turn|1\n|inactive|Kosherbeats has 30 seconds left.\n|inactive|Kosherbeats has 20 seconds left.\n|\n|t:|1682371421\n|switch|p1a: Tyranitar|Tyranitar, L50, M|100\/100\n|-weather|Sandstorm|[from] ability: Sand Stream|[of] p1a: Tyranitar\n|move|p2b: Jumpluff|Sleep Powder|p1b: Vaporeon\n|-status|p1b: Vaporeon|slp|[from] move: Sleep Powder\n|cant|p1b: Vaporeon|slp\n|move|p2a: Torkoal|Yawn|p1a: Tyranitar\n|-start|p1a: Tyranitar|move: Yawn|[of] p2a: Torkoal\n|\n|-weather|Sandstorm|[upkeep]\n|-damage|p2b: Jumpluff|94\/100|[from] Sandstorm\n|-damage|p1b: Vaporeon|94\/100 slp|[from] Sandstorm\n|-damage|p2a: Torkoal|94\/100|[from] Sandstorm\n|upkeep\n|turn|2\n|\n|t:|1682371438\n|switch|p1a: Goodra|Goodra, L50, M|100\/100\n|switch|p2a: Great Tusk|Great Tusk, L50|100\/100\n|move|p2b: Jumpluff|Tailwind|p2b: Jumpluff\n|-sidestart|p2: Kosherbeats|move: Tailwind\n|cant|p1b: Vaporeon|slp\n|\n|-weather|Sandstorm|[upkeep]\n|-damage|p2b: Jumpluff|88\/100|[from] Sandstorm\n|-damage|p1a: Goodra|95\/100|[from] Sandstorm\n|-damage|p1b: Vaporeon|88\/100 slp|[from] Sandstorm\n|upkeep\n|turn|3\n|\n|t:|1682371458\n|move|p2a: Great Tusk|Earthquake|p1b: Vaporeon|[spread] p1a,p1b\n|-immune|p2b: Jumpluff\n|-damage|p1a: Goodra|58\/100\n|-damage|p1b: Vaporeon|53\/100 slp\n|move|p2b: Jumpluff|Leaf Storm|p1b: Vaporeon\n|-supereffective|p1b: Vaporeon\n|-damage|p1b: Vaporeon|18\/100 slp\n|-unboost|p2b: Jumpluff|spa|2\n|move|p1a: Goodra|Surf|p2b: Jumpluff|[spread] p2a,p2b\n|-heal|p1b: Vaporeon|43\/100 slp|[from] ability: Water Absorb|[of] p1a: Goodra\n|-supereffective|p2a: Great Tusk\n|-resisted|p2b: Jumpluff\n|-damage|p2a: Great Tusk|35\/100\n|-damage|p2b: Jumpluff|77\/100\n|-curestatus|p1b: Vaporeon|slp|[msg]\n|move|p1b: Vaporeon|Muddy Water|p2b: Jumpluff|[spread] p2a,p2b\n|-supereffective|p2a: Great Tusk\n|-resisted|p2b: Jumpluff\n|-damage|p2a: Great Tusk|0 fnt\n|-damage|p2b: Jumpluff|63\/100\n|faint|p2a: Great Tusk\n|-end|p2a: Great Tusk|Protosynthesis|[silent]\n|\n|-weather|Sandstorm|[upkeep]\n|-damage|p2b: Jumpluff|57\/100|[from] Sandstorm\n|-damage|p1a: Goodra|52\/100|[from] Sandstorm\n|-damage|p1b: Vaporeon|37\/100|[from] Sandstorm\n|upkeep\n|\n|t:|1682371473\n|switch|p2a: Flutter Mane|Flutter Mane, L50, shiny|100\/100\n|turn|4\n|inactive|Laithani has 30 seconds left.\n|inactive|Laithani has 20 seconds left.\n|inactive|Laithani has 15 seconds left.\n|inactive|Laithani has 10 seconds left.\n|\n|t:|1682371519\n|-terastallize|p1a: Goodra|Water\n|move|p2a: Flutter Mane|Dazzling Gleam|p1b: Vaporeon|[spread] p1a,p1b\n|-damage|p1a: Goodra|22\/100\n|-damage|p1b: Vaporeon|10\/100\n|-enditem|p1a: Goodra|Sitrus Berry|[eat]\n|-heal|p1a: Goodra|47\/100|[from] item: Sitrus Berry\n|move|p2b: Jumpluff|Sleep Powder|p1b: Vaporeon\n|-status|p1b: Vaporeon|slp|[from] move: Sleep Powder\n|move|p1a: Goodra|Surf|p2b: Jumpluff|[spread] p2a,p2b\n|-heal|p1b: Vaporeon|35\/100 slp|[from] ability: Water Absorb|[of] p1a: Goodra\n|-resisted|p2b: Jumpluff\n|-damage|p2a: Flutter Mane|66\/100\n|-damage|p2b: Jumpluff|42\/100\n|cant|p1b: Vaporeon|slp\n|\n|-weather|Sandstorm|[upkeep]\n|-damage|p2a: Flutter Mane|60\/100|[from] Sandstorm\n|-damage|p2b: Jumpluff|36\/100|[from] Sandstorm\n|-damage|p1a: Goodra|41\/100|[from] Sandstorm\n|-damage|p1b: Vaporeon|29\/100 slp|[from] Sandstorm\n|upkeep\n|turn|5\n|\n|t:|1682371543\n|switch|p2b: Torkoal|Torkoal, L50, M|94\/100\n|-weather|SunnyDay|[from] ability: Drought|[of] p2b: Torkoal\n|-activate|p2a: Flutter Mane|ability: Protosynthesis\n|-start|p2a: Flutter Mane|protosynthesisspe\n|move|p1a: Goodra|Protect|p1a: Goodra\n|-singleturn|p1a: Goodra|Protect\n|move|p2a: Flutter Mane|Dazzling Gleam|p1a: Goodra|[spread] p1b\n|-activate|p1a: Goodra|move: Protect\n|-damage|p1b: Vaporeon|2\/100 slp\n|cant|p1b: Vaporeon|slp\n|\n|-weather|SunnyDay|[upkeep]\n|-sideend|p2: Kosherbeats|move: Tailwind\n|upkeep\n|turn|6\n|inactive|Laithani has 30 seconds left.\n|\n|t:|1682371574\n|-end|p2a: Flutter Mane|Protosynthesis|[silent]\n|switch|p2a: Jumpluff|Jumpluff, L50, F, shiny|36\/100\n|switch|p1b: Tyranitar|Tyranitar, L50, M|100\/100\n|-weather|Sandstorm|[from] ability: Sand Stream|[of] p1b: Tyranitar\n|move|p1a: Goodra|Thunderbolt|p2a: Jumpluff\n|-damage|p2a: Jumpluff|7\/100\n|move|p2b: Torkoal|Overheat|p1b: Tyranitar\n|-resisted|p1b: Tyranitar\n|-damage|p1b: Tyranitar|86\/100\n|-unboost|p2b: Torkoal|spa|2\n|-enditem|p2b: Torkoal|Eject Pack\n|\n|t:|1682371586\n|switch|p2b: Flutter Mane|Flutter Mane, L50, shiny|60\/100\n|\n|-weather|Sandstorm|[upkeep]\n|-damage|p2b: Flutter Mane|54\/100|[from] Sandstorm\n|-damage|p2a: Jumpluff|1\/100|[from] Sandstorm\n|-damage|p1a: Goodra|35\/100|[from] Sandstorm\n|upkeep\n|turn|7\n|\n|t:|1682371601\n|switch|p2a: Torkoal|Torkoal, L50, M|94\/100\n|-weather|SunnyDay|[from] ability: Drought|[of] p2a: Torkoal\n|-activate|p2b: Flutter Mane|ability: Protosynthesis\n|-start|p2b: Flutter Mane|protosynthesisspe\n|move|p1a: Goodra|Protect|p1a: Goodra\n|-singleturn|p1a: Goodra|Protect\n|move|p1b: Tyranitar|Protect|p1b: Tyranitar\n|-singleturn|p1b: Tyranitar|Protect\n|move|p2b: Flutter Mane|Moonblast|p1b: Tyranitar\n|-activate|p1b: Tyranitar|move: Protect\n|\n|-weather|SunnyDay|[upkeep]\n|upkeep\n|turn|8\n|\n|t:|1682371618\n|switch|p1b: Vaporeon|Vaporeon, L50, M|2\/100 slp\n|move|p2a: Torkoal|Helping Hand|p2b: Flutter Mane\n|-singleturn|p2b: Flutter Mane|Helping Hand|[of] p2a: Torkoal\n|move|p2b: Flutter Mane|Moonblast|p1b: Vaporeon\n|-damage|p1b: Vaporeon|0 fnt\n|faint|p1b: Vaporeon\n|move|p1a: Goodra|Surf|p2a: Torkoal|[spread] p2a,p2b\n|-supereffective|p2a: Torkoal\n|-damage|p2a: Torkoal|56\/100\n|-damage|p2b: Flutter Mane|39\/100\n|\n|-weather|SunnyDay|[upkeep]\n|upkeep\n|\n|t:|1682371629\n|switch|p1b: Tyranitar|Tyranitar, L50, M|86\/100\n|-weather|Sandstorm|[from] ability: Sand Stream|[of] p1b: Tyranitar\n|-end|p2b: Flutter Mane|Protosynthesis\n|turn|9\n|\n|t:|1682371647\n|move|p2a: Torkoal|Helping Hand|p2b: Flutter Mane\n|-singleturn|p2b: Flutter Mane|Helping Hand|[of] p2a: Torkoal\n|move|p1b: Tyranitar|Protect|p1b: Tyranitar\n|-singleturn|p1b: Tyranitar|Protect\n|move|p2b: Flutter Mane|Moonblast|p1b: Tyranitar\n|-activate|p1b: Tyranitar|move: Protect\n|move|p1a: Goodra|Surf|p2a: Torkoal|[spread] p2a,p2b\n|-activate|p1b: Tyranitar|move: Protect\n|-supereffective|p2a: Torkoal\n|-damage|p2a: Torkoal|0 fnt\n|-damage|p2b: Flutter Mane|2\/100\n|faint|p2a: Torkoal\n|\n|-weather|Sandstorm|[upkeep]\n|-damage|p2b: Flutter Mane|0 fnt|[from] Sandstorm\n|-damage|p1a: Goodra|30\/100|[from] Sandstorm\n|faint|p2b: Flutter Mane\n|-end|p2b: Flutter Mane|Protosynthesis|[silent]\n|upkeep\n|-message|Kosherbeats forfeited.\n|\n|win|Laithani\n|raw|Laithani's rating: 1143 → 1170<\/strong> (+27 for winning)\n|raw|Kosherbeats's rating: 1174 → 1147<\/strong> (-27 for losing)\n|l|\u2606Kosherbeats\n","uploadtime":1682371731,"views":15,"p1id":"laithani","p2id":"kosherbeats","formatid":"gen9vgc2023regulationc","rating":1147,"private":0,"password":""}