{"id":"gen9vgc2023regulationc-1860051603","p1":"Firefeather57+1","p2":"JBSBPM713","format":"[Gen 9] VGC 2023 Regulation C","log":"|j|\u2606Firefeather57+1\n|j|\u2606JBSBPM713\n|t:|1683589514\n|gametype|doubles\n|player|p1|Firefeather57+1|benga|\n|player|p2|JBSBPM713|linebacker|\n|teamsize|p1|6\n|teamsize|p2|6\n|gen|9\n|tier|[Gen 9] VGC 2023 Regulation C\n|rule|Species Clause: Limit one of each Pok\u00e9mon\n|rule|Item Clause: Limit one of each item\n|clearpoke\n|poke|p1|Baxcalibur, L50, M|\n|poke|p1|Palafin, L50, M|\n|poke|p1|Arcanine, L50, M|\n|poke|p1|Ting-Lu, L50|\n|poke|p1|Amoonguss, L50, M|\n|poke|p1|Flutter Mane, L50|\n|poke|p2|Amoonguss, L50, F|\n|poke|p2|Gyarados, L50, M|\n|poke|p2|Ting-Lu, L50|\n|poke|p2|Flutter Mane, L50|\n|poke|p2|Baxcalibur, L50, M|\n|poke|p2|Chi-Yu, L50|\n|teampreview|4\n|c|\u2606Firefeather57+1|gl hf\n|c|\u2606JBSBPM713|Gl hf\nJBSBPM713 has agreed to open team sheets.\nFirefeather57+1 has agreed to open team sheets.\n|\n|t:|1683589606\n|start\n|switch|p1a: Butter Dog|Arcanine, L50, M|100\/100\n|switch|p1b: Delfino|Palafin, L50, M|100\/100\n|switch|p2a: Cereal|Ting-Lu, L50|100\/100\n|switch|p2b: Roid Rage|Gyarados, L50, M, shiny|100\/100\n|-ability|p1a: Butter Dog|Intimidate|boost\n|-unboost|p2a: Cereal|atk|1\n|-unboost|p2b: Roid Rage|atk|1\n|-ability|p2b: Roid Rage|Intimidate|boost\n|-unboost|p1a: Butter Dog|atk|1\n|-unboost|p1b: Delfino|atk|1\n|-ability|p2a: Cereal|Vessel of Ruin\n|turn|1\n|\n|t:|1683589634\n|detailschange|p1b: Delfino|Palafin-Hero, L50, M\n|switch|p1b: Mafia|Amoonguss, L50, M|100\/100\n|move|p1a: Butter Dog|Protect|p1a: Butter Dog\n|-singleturn|p1a: Butter Dog|Protect\n|move|p2b: Roid Rage|Thunder Wave|p1a: Butter Dog\n|-activate|p1a: Butter Dog|move: Protect\n|move|p2a: Cereal|Fissure|p1b: Mafia|[miss]\n|-miss|p2a: Cereal|p1b: Mafia\n|\n|upkeep\n|turn|2\n|\n|t:|1683589658\n|move|p1a: Butter Dog|Will-O-Wisp|p2b: Roid Rage\n|-status|p2b: Roid Rage|brn\n|move|p2b: Roid Rage|Taunt|p1b: Mafia\n|-start|p1b: Mafia|move: Taunt\n|move|p2a: Cereal|Fissure|p1a: Butter Dog\n|-damage|p1a: Butter Dog|0 fnt\n|faint|p1a: Butter Dog\n|-ohko\n|cant|p1b: Mafia|move: Taunt|Spore\n|\n|-damage|p2b: Roid Rage|95\/100 brn|[from] brn\n|upkeep\n|c|\u2606Firefeather57+1|I hate that\n|\n|t:|1683589673\n|switch|p1a: Delfino|Palafin-Hero, L50, M|100\/100\n|-activate|p1a: Delfino|ability: Zero to Hero\n|turn|3\n|\n|t:|1683589701\n|-terastallize|p2a: Cereal|Water\n|move|p1a: Delfino|Wave Crash|p2a: Cereal\n|-resisted|p2a: Cereal\n|-damage|p2a: Cereal|76\/100\n|-damage|p1a: Delfino|88\/100|[from] Recoil\n|move|p2b: Roid Rage|Thunder Wave|p1b: Mafia\n|-status|p1b: Mafia|par\n|move|p2a: Cereal|Fissure|p1a: Delfino|[miss]\n|-miss|p2a: Cereal|p1a: Delfino\n|cant|p1b: Mafia|par\n|\n|-damage|p2b: Roid Rage|89\/100 brn|[from] brn\n|upkeep\n|turn|4\n|c|\u2606JBSBPM713|I do apologize\n|\n|t:|1683589740\n|move|p1a: Delfino|Wave Crash|p2b: Roid Rage\n|-resisted|p2b: Roid Rage\n|-damage|p2b: Roid Rage|44\/100 brn\n|-enditem|p2b: Roid Rage|Sitrus Berry|[eat]\n|-heal|p2b: Roid Rage|69\/100 brn|[from] item: Sitrus Berry\n|-damage|p1a: Delfino|71\/100|[from] Recoil\n|move|p2b: Roid Rage|Thunder Wave|p1a: Delfino\n|-status|p1a: Delfino|par\n|move|p2a: Cereal|Fissure|p1b: Mafia\n|-damage|p1b: Mafia|0 fnt\n|faint|p1b: Mafia\n|-ohko\n|\n|-damage|p2b: Roid Rage|63\/100 brn|[from] brn\n|upkeep\n|c|\u2606Firefeather57+1|no you don't\n|\n|t:|1683589753\n|switch|p1b: Magneton is bad|Flutter Mane, L50|100\/100\n|turn|5\n|\n|t:|1683589767\n|move|p1b: Magneton is bad|Moonblast|p2a: Cereal\n|-damage|p2a: Cereal|47\/100\n|-unboost|p2a: Cereal|spa|1\n|move|p2b: Roid Rage|Iron Head|p1b: Magneton is bad\n|-supereffective|p1b: Magneton is bad\n|-damage|p1b: Magneton is bad|60\/100\n|cant|p1a: Delfino|par\n|move|p2a: Cereal|Heavy Slam|p1b: Magneton is bad\n|-supereffective|p1b: Magneton is bad\n|-damage|p1b: Magneton is bad|0 fnt\n|faint|p1b: Magneton is bad\n|-end|p1b: Magneton is bad|Protosynthesis|[silent]\n|\n|-damage|p2b: Roid Rage|57\/100 brn|[from] brn\n|upkeep\n|turn|6\n|\n|t:|1683589787\n|move|p2b: Roid Rage|Taunt|p1a: Delfino\n|-start|p1a: Delfino|move: Taunt\n|cant|p1a: Delfino|par\n|move|p2a: Cereal|Fissure|p1a: Delfino|[miss]\n|-miss|p2a: Cereal|p1a: Delfino\n|\n|-damage|p2b: Roid Rage|51\/100 brn|[from] brn\n|upkeep\n|turn|7\n|\n|t:|1683589796\n|move|p2b: Roid Rage|Iron Head|p1a: Delfino\n|-resisted|p1a: Delfino\n|-damage|p1a: Delfino|67\/100 par\n|cant|p1a: Delfino|flinch\n|move|p2a: Cereal|Stomping Tantrum|p1a: Delfino\n|-damage|p1a: Delfino|13\/100 par\n|\n|-damage|p2b: Roid Rage|45\/100 brn|[from] brn\n|upkeep\n|turn|8\n|\n|t:|1683589806\n|move|p1a: Delfino|Jet Punch|p2a: Cereal\n|-resisted|p2a: Cereal\n|-damage|p2a: Cereal|35\/100\n|move|p2b: Roid Rage|Iron Head|p1a: Delfino\n|-resisted|p1a: Delfino\n|-damage|p1a: Delfino|8\/100 par\n|move|p2a: Cereal|Payback|p1a: Delfino\n|-damage|p1a: Delfino|0 fnt\n|faint|p1a: Delfino\n|\n|win|JBSBPM713\n|c|\u2606Firefeather57+1|ggs\n|c|\u2606JBSBPM713|Sorry\n|c|\u2606JBSBPM713|Ggs\n","uploadtime":1683589815,"views":9,"p1id":"firefeather571","p2id":"jbsbpm713","formatid":"gen9vgc2023regulationc","rating":0,"private":0,"password":""}