{"id":"gen9vgc2023regulationc-1850627124","p1":"westleyfsm","p2":"NicoHaxVGC","format":"[Gen 9] VGC 2023 Regulation C","log":"|j|\u2606westleyfsm\n|j|\u2606NicoHaxVGC\n|t:|1682354205\n|gametype|doubles\n|player|p1|westleyfsm|266|1106\n|player|p2|NicoHaxVGC|red|1113\n|teamsize|p1|6\n|teamsize|p2|6\n|gen|9\n|tier|[Gen 9] VGC 2023 Regulation C\n|rated|\n|rule|Species Clause: Limit one of each Pok\u00e9mon\n|rule|Item Clause: Limit one of each item\n|clearpoke\n|poke|p1|Umbreon, L50, M|\n|poke|p1|Espathra, L50, M|\n|poke|p1|Meowscarada, L50, M|\n|poke|p1|Sandy Shocks, L50|\n|poke|p1|Goodra, L50, F|\n|poke|p1|Revavroom, L50, F|\n|poke|p2|Flutter Mane, L50|\n|poke|p2|Palafin, L50, F|\n|poke|p2|Ting-Lu, L50|\n|poke|p2|Arcanine, L50, M|\n|poke|p2|Amoonguss, L50, M|\n|poke|p2|Dragonite, L50, M|\n|teampreview|4\n|inactive|Battle timer is ON: inactive players will automatically lose when time's up. (requested by NicoHaxVGC)\n|inactive|westleyfsm has 60 seconds left.\n|\n|t:|1682354255\n|start\n|switch|p1a: Espathra|Espathra, L50, M, shiny|100\/100\n|switch|p1b: Sandy Shocks|Sandy Shocks, L50, shiny|100\/100\n|switch|p2a: Arcanine|Arcanine, L50, M|100\/100\n|switch|p2b: Palafin|Palafin, L50, F|100\/100\n|-ability|p2a: Arcanine|Intimidate|boost\n|-unboost|p1a: Espathra|atk|1\n|-unboost|p1b: Sandy Shocks|atk|1\n|-enditem|p1b: Sandy Shocks|Booster Energy\n|-activate|p1b: Sandy Shocks|ability: Protosynthesis|[fromitem]\n|-start|p1b: Sandy Shocks|protosynthesisspe\n|turn|1\n|\n|t:|1682354278\n|-terastallize|p2a: Arcanine|Flying\n|move|p2b: Palafin|Jet Punch|p1b: Sandy Shocks\n|-supereffective|p1b: Sandy Shocks\n|-crit|p1b: Sandy Shocks\n|-damage|p1b: Sandy Shocks|18\/100\n|move|p1b: Sandy Shocks|Gravity|p1b: Sandy Shocks\n|-fieldstart|move: Gravity\n|move|p1a: Espathra|Hypnosis|p2a: Arcanine\n|-status|p2a: Arcanine|slp|[from] move: Hypnosis\n|cant|p2a: Arcanine|slp\n|\n|-ability|p1a: Espathra|Speed Boost|boost\n|-boost|p1a: Espathra|spe|1\n|upkeep\n|turn|2\n|inactive|NicoHaxVGC has 30 seconds left.\n|\n|t:|1682354305\n|move|p1b: Sandy Shocks|Protect|p1b: Sandy Shocks\n|-singleturn|p1b: Sandy Shocks|Protect\n|move|p2b: Palafin|Jet Punch|p1b: Sandy Shocks\n|-activate|p1b: Sandy Shocks|move: Protect\n|move|p1a: Espathra|Hypnosis|p2b: Palafin\n|-status|p2b: Palafin|slp|[from] move: Hypnosis\n|cant|p2a: Arcanine|slp\n|\n|-ability|p1a: Espathra|Speed Boost|boost\n|-boost|p1a: Espathra|spe|1\n|upkeep\n|turn|3\n|\n|t:|1682354322\n|detailschange|p2b: Palafin|Palafin-Hero, L50, F\n|switch|p2b: Dragonite|Dragonite, L50, M|100\/100\n|move|p1a: Espathra|Lumina Crash|p2a: Arcanine\n|-damage|p2a: Arcanine|60\/100 slp\n|-unboost|p2a: Arcanine|spd|2\n|move|p1b: Sandy Shocks|Thunderbolt|p2a: Arcanine\n|-supereffective|p2a: Arcanine\n|-damage|p2a: Arcanine|0 fnt\n|faint|p2a: Arcanine\n|\n|-ability|p1a: Espathra|Speed Boost|boost\n|-boost|p1a: Espathra|spe|1\n|upkeep\n|\n|t:|1682354330\n|switch|p2a: Flutter Mane|Flutter Mane, L50|100\/100\n|-enditem|p2a: Flutter Mane|Booster Energy\n|-activate|p2a: Flutter Mane|ability: Protosynthesis|[fromitem]\n|-start|p2a: Flutter Mane|protosynthesisspa\n|turn|4\n|\n|t:|1682354352\n|move|p2b: Dragonite|Extreme Speed|p1b: Sandy Shocks\n|-damage|p1b: Sandy Shocks|0 fnt\n|faint|p1b: Sandy Shocks\n|-end|p1b: Sandy Shocks|Protosynthesis|[silent]\n|move|p1a: Espathra|Hypnosis|p2a: Flutter Mane\n|-status|p2a: Flutter Mane|slp|[from] move: Hypnosis\n|cant|p2a: Flutter Mane|slp\n|\n|-ability|p1a: Espathra|Speed Boost|boost\n|-boost|p1a: Espathra|spe|1\n|upkeep\n|\n|t:|1682354356\n|switch|p1b: Goodra|Goodra, L50, F, shiny|100\/100\n|turn|5\n|inactive|NicoHaxVGC has 30 seconds left.\n|\n|t:|1682354382\n|-end|p2a: Flutter Mane|Protosynthesis|[silent]\n|switch|p2a: Palafin|Palafin-Hero, L50, F|100\/100 slp\n|-activate|p2a: Palafin|ability: Zero to Hero\n|-terastallize|p1b: Goodra|Water\n|move|p1a: Espathra|Hypnosis|p2b: Dragonite\n|-status|p2b: Dragonite|slp|[from] move: Hypnosis\n|-enditem|p2b: Dragonite|Lum Berry|[eat]\n|-curestatus|p2b: Dragonite|slp|[msg]\n|move|p2b: Dragonite|Ice Spinner|p1b: Goodra\n|-resisted|p1b: Goodra\n|-damage|p1b: Goodra|82\/100\n|move|p1b: Goodra|Aqua Tail|p2a: Palafin\n|-resisted|p2a: Palafin\n|-damage|p2a: Palafin|80\/100 slp\n|\n|-fieldend|move: Gravity\n|-ability|p1a: Espathra|Speed Boost|boost\n|-boost|p1a: Espathra|spe|1\n|upkeep\n|turn|6\n|inactive|NicoHaxVGC has 30 seconds left.\n|\n|t:|1682354408\n|move|p1a: Espathra|Lumina Crash|p2a: Palafin\n|-damage|p2a: Palafin|43\/100 slp\n|-unboost|p2a: Palafin|spd|2\n|move|p2b: Dragonite|Ice Spinner|p1a: Espathra\n|-damage|p1a: Espathra|52\/100\n|cant|p2a: Palafin|slp\n|move|p1b: Goodra|Dragon Tail|p2b: Dragonite\n|-supereffective|p2b: Dragonite\n|-damage|p2b: Dragonite|67\/100\n|drag|p2b: Flutter Mane|Flutter Mane, L50|100\/100 slp\n|\n|-ability|p1a: Espathra|Speed Boost|boost\n|-boost|p1a: Espathra|spe|1\n|upkeep\n|turn|7\n|\n|t:|1682354425\n|switch|p2a: Dragonite|Dragonite, L50, M|67\/100\n|move|p1a: Espathra|Dazzling Gleam|p2b: Flutter Mane|[spread] p2a,p2b\n|-supereffective|p2a: Dragonite\n|-damage|p2a: Dragonite|29\/100\n|-damage|p2b: Flutter Mane|84\/100 slp\n|cant|p2b: Flutter Mane|slp\n|move|p1b: Goodra|Aqua Tail|p2b: Flutter Mane\n|-damage|p2b: Flutter Mane|11\/100 slp\n|\n|upkeep\n|turn|8\n|\n|t:|1682354442\n|move|p1a: Espathra|Protect|p1a: Espathra\n|-singleturn|p1a: Espathra|Protect\n|-curestatus|p2b: Flutter Mane|slp|[msg]\n|move|p2b: Flutter Mane|Protect|p2b: Flutter Mane\n|-singleturn|p2b: Flutter Mane|Protect\n|move|p2a: Dragonite|Extreme Speed|p1a: Espathra\n|-activate|p1a: Espathra|move: Protect\n|move|p1b: Goodra|Dragon Tail|p2a: Dragonite\n|-supereffective|p2a: Dragonite\n|-damage|p2a: Dragonite|0 fnt\n|faint|p2a: Dragonite\n|\n|upkeep\n|\n|t:|1682354451\n|switch|p2a: Palafin|Palafin-Hero, L50, F|43\/100 slp\n|turn|9\n|\n|t:|1682354474\n|-curestatus|p2a: Palafin|slp|[msg]\n|move|p2a: Palafin|Jet Punch|p1a: Espathra\n|-damage|p1a: Espathra|0 fnt\n|faint|p1a: Espathra\n|move|p2b: Flutter Mane|Dazzling Gleam|p1b: Goodra\n|-damage|p1b: Goodra|65\/100\n|move|p1b: Goodra|Earthquake|p2a: Palafin|[spread] p2a,p2b\n|-crit|p2a: Palafin\n|-damage|p2a: Palafin|12\/100\n|-damage|p2b: Flutter Mane|0 fnt\n|faint|p2b: Flutter Mane\n|-end|p2b: Flutter Mane|Protosynthesis|[silent]\n|\n|upkeep\n|\n|t:|1682354484\n|switch|p1a: Meowscarada|Meowscarada, L50, M, shiny|100\/100\n|turn|10\n|\n|t:|1682354488\n|move|p2a: Palafin|Jet Punch|p1a: Meowscarada\n|-resisted|p1a: Meowscarada\n|-damage|p1a: Meowscarada|65\/100\n|move|p1a: Meowscarada|Petal Blizzard|p2a: Palafin|[spread] p2a\n|-start|p1a: Meowscarada|typechange|Grass|[from] ability: Protean\n|-ability|p1b: Goodra|Sap Sipper|boost\n|-boost|p1b: Goodra|atk|1\n|-supereffective|p2a: Palafin\n|-damage|p2a: Palafin|0 fnt\n|faint|p2a: Palafin\n|\n|win|westleyfsm\n|raw|westleyfsm's rating: 1106 → 1132<\/strong> (+26 for winning)\n|raw|NicoHaxVGC's rating: 1113 → 1087<\/strong> (-26 for losing)\n","uploadtime":1682354882,"views":19,"p1id":"westleyfsm","p2id":"nicohaxvgc","formatid":"gen9vgc2023regulationc","rating":1087,"private":0,"password":""}