{"id":"gen9vgc2023regulationc-1852126711","p1":"NakiYY","p2":"jeffman323","format":"[Gen 9] VGC 2023 Regulation C","log":"|j|\u2606NakiYY\n|j|\u2606jeffman323\n|t:|1682526312\n|gametype|doubles\n|player|p1|NakiYY|workerice|1476\n|player|p2|jeffman323|steven|1580\n|teamsize|p1|6\n|teamsize|p2|6\n|gen|9\n|tier|[Gen 9] VGC 2023 Regulation C\n|rated|\n|rule|Species Clause: Limit one of each Pok\u00e9mon\n|rule|Item Clause: Limit one of each item\n|clearpoke\n|poke|p1|Orthworm, L50, F|\n|poke|p1|Gyarados, L50, F|\n|poke|p1|Ting-Lu, L50|\n|poke|p1|Dragonite, L50, F|\n|poke|p1|Flutter Mane, L50|\n|poke|p1|Chien-Pao, L50|\n|poke|p2|Hatterene, L50, F|\n|poke|p2|Azumarill, L50, M|\n|poke|p2|Torkoal, L50, F|\n|poke|p2|Kingambit, L50, M|\n|poke|p2|Iron Hands, L50|\n|poke|p2|Stantler, L50, M|\n|teampreview|4\njeffman323 has agreed to open team sheets.\n|inactive|Battle timer is ON: inactive players will automatically lose when time's up. (requested by jeffman323)\n|\n|t:|1682526376\n|start\n|switch|p1a: Flutter Mane|Flutter Mane, L50|100\/100\n|switch|p1b: Chien-Pao|Chien-Pao, L50|100\/100\n|switch|p2a: Iron Hands|Iron Hands, L50|100\/100\n|switch|p2b: Hatterene|Hatterene, L50, F|100\/100\n|-ability|p1b: Chien-Pao|Sword of Ruin\n|-enditem|p1a: Flutter Mane|Booster Energy\n|-activate|p1a: Flutter Mane|ability: Protosynthesis|[fromitem]\n|-start|p1a: Flutter Mane|protosynthesisspe\n|turn|1\n|\n|t:|1682526400\n|-terastallize|p1b: Chien-Pao|Ghost\n|-terastallize|p2b: Hatterene|Fire\n|move|p2a: Iron Hands|Fake Out|p1b: Chien-Pao\n|-immune|p1b: Chien-Pao\n|move|p1a: Flutter Mane|Shadow Ball|p2b: Hatterene\n|-damage|p2b: Hatterene|52\/100\n|-unboost|p2b: Hatterene|spd|1\n|move|p1b: Chien-Pao|Ice Spinner|p2b: Hatterene\n|-resisted|p2b: Hatterene\n|-damage|p2b: Hatterene|24\/100\n|move|p2b: Hatterene|Trick Room|p2b: Hatterene\n|-fieldstart|move: Trick Room|[of] p2b: Hatterene\n|\n|upkeep\n|turn|2\n|\n|t:|1682526419\n|move|p2b: Hatterene|Protect|p2b: Hatterene\n|-singleturn|p2b: Hatterene|Protect\n|move|p1b: Chien-Pao|Protect|p1b: Chien-Pao\n|-singleturn|p1b: Chien-Pao|Protect\n|move|p2a: Iron Hands|Earthquake|p1a: Flutter Mane|[spread] p1a\n|-activate|p2b: Hatterene|move: Protect\n|-activate|p1b: Chien-Pao|move: Protect\n|-damage|p1a: Flutter Mane|20\/100\n|move|p1a: Flutter Mane|Substitute|p1a: Flutter Mane\n|-fail|p1a: Flutter Mane|move: Substitute|[weak]\n|\n|upkeep\n|turn|3\n|\n|t:|1682526443\n|-end|p1a: Flutter Mane|Protosynthesis|[silent]\n|switch|p1a: Ting-Lu|Ting-Lu, L50|100\/100\n|-ability|p1a: Ting-Lu|Vessel of Ruin\n|move|p1b: Chien-Pao|Sucker Punch|p2b: Hatterene\n|-damage|p2b: Hatterene|0 fnt\n|faint|p2b: Hatterene\n|move|p2a: Iron Hands|Earthquake|p1b: Chien-Pao|[spread] p1a,p1b\n|-damage|p1a: Ting-Lu|78\/100\n|-damage|p1b: Chien-Pao|55\/100\n|\n|upkeep\n|\n|t:|1682526453\n|switch|p2b: Azumarill|Azumarill, L50, M|100\/100\n|turn|4\n|inactive|jeffman323 has 30 seconds left.\n|\n|t:|1682526481\n|move|p1b: Chien-Pao|Protect|p1b: Chien-Pao\n|-singleturn|p1b: Chien-Pao|Protect\n|move|p2a: Iron Hands|Drain Punch|p1a: Ting-Lu\n|-supereffective|p1a: Ting-Lu\n|-damage|p1a: Ting-Lu|14\/100\n|move|p2b: Azumarill|Liquidation|p1a: Ting-Lu\n|-supereffective|p1a: Ting-Lu\n|-damage|p1a: Ting-Lu|0 fnt\n|faint|p1a: Ting-Lu\n|\n|upkeep\n|\n|t:|1682526492\n|switch|p1a: Dragonite|Dragonite, L50, F|100\/100\n|turn|5\n|\n|t:|1682526504\n|switch|p1b: Flutter Mane|Flutter Mane, L50|20\/100\n|move|p2a: Iron Hands|Thunder Punch|p1b: Flutter Mane\n|-damage|p1b: Flutter Mane|0 fnt\n|faint|p1b: Flutter Mane\n|-end|p1b: Flutter Mane|Protosynthesis|[silent]\n|move|p2b: Azumarill|Play Rough|p1a: Dragonite\n|-supereffective|p1a: Dragonite\n|-damage|p1a: Dragonite|37\/100\n|move|p1a: Dragonite|Dragon Dance|p1a: Dragonite\n|-boost|p1a: Dragonite|atk|1\n|-boost|p1a: Dragonite|spe|1\n|\n|-fieldend|move: Trick Room\n|upkeep\n|\n|t:|1682526515\n|switch|p1b: Chien-Pao|Chien-Pao, L50, tera:Ghost|55\/100\n|-ability|p1b: Chien-Pao|Sword of Ruin\n|turn|6\n|inactive|NakiYY has 30 seconds left.\n|inactive|NakiYY has 20 seconds left.\n|inactive|jeffman323 has 30 seconds left.\n|\n|t:|1682526566\n|move|p1a: Dragonite|Extreme Speed|p2b: Azumarill\n|-damage|p2b: Azumarill|43\/100\n|move|p1b: Chien-Pao|Ice Spinner|p2b: Azumarill\n|-resisted|p2b: Azumarill\n|-damage|p2b: Azumarill|15\/100\n|move|p2a: Iron Hands|Thunder Punch|p1a: Dragonite\n|-damage|p1a: Dragonite|0 fnt\n|faint|p1a: Dragonite\n|move|p2b: Azumarill|Liquidation|p1b: Chien-Pao\n|-damage|p1b: Chien-Pao|0 fnt\n|faint|p1b: Chien-Pao\n|\n|win|jeffman323\n|raw|NakiYY's rating: 1476 → 1462<\/strong> (-14 for losing)\n|raw|jeffman323's rating: 1580 → 1594<\/strong> (+14 for winning)\n","uploadtime":1682526578,"views":17,"p1id":"nakiyy","p2id":"jeffman323","formatid":"gen9vgc2023regulationc","rating":1462,"private":0,"password":""}