{"id":"gen9vgc2023regulationc-1848245585","p1":"Galuk","p2":"Kammala","format":"[Gen 9] VGC 2023 Regulation C","log":"|j|\u2606Galuk\n|j|\u2606Kammala\n|t:|1682047461\n|gametype|doubles\n|player|p1|Galuk|norman|1362\n|player|p2|Kammala|266|1321\n|teamsize|p1|6\n|teamsize|p2|6\n|gen|9\n|tier|[Gen 9] VGC 2023 Regulation C\n|rated|\n|rule|Species Clause: Limit one of each Pok\u00e9mon\n|rule|Item Clause: Limit one of each item\n|clearpoke\n|poke|p1|Ting-Lu, L50|\n|poke|p1|Flutter Mane, L50|\n|poke|p1|Amoonguss, L50, M|\n|poke|p1|Arcanine, L50, F|\n|poke|p1|Dragonite, L50, M|\n|poke|p1|Orthworm, L50, F|\n|poke|p2|Azumarill, L50, M|\n|poke|p2|Amoonguss, L50, M|\n|poke|p2|Tauros-Paldea-Blaze, L50, M|\n|poke|p2|Ting-Lu, L50|\n|poke|p2|Baxcalibur, L50, M|\n|poke|p2|Flutter Mane, L50|\n|teampreview|4\n|inactive|Battle timer is ON: inactive players will automatically lose when time's up. (requested by Kammala)\nKammala has agreed to open team sheets.\nGaluk has agreed to open team sheets.\n|inactive|Galuk has 60 seconds left.\n|inactive|Kammala has 60 seconds left.\n|\n|t:|1682047517\n|start\n|switch|p1a: No risk - No win|Ting-Lu, L50|100\/100\n|switch|p1b: La Lombriz Feliz|Orthworm, L50, F|100\/100\n|switch|p2a: Ting-Lu|Ting-Lu, L50|100\/100\n|switch|p2b: Azumarill|Azumarill, L50, M|100\/100\n|-ability|p1a: No risk - No win|Vessel of Ruin\n|-ability|p2a: Ting-Lu|Vessel of Ruin\n|turn|1\n|\n|t:|1682047538\n|move|p1b: La Lombriz Feliz|Protect|p1b: La Lombriz Feliz\n|-singleturn|p1b: La Lombriz Feliz|Protect\n|move|p2b: Azumarill|Superpower|p1b: La Lombriz Feliz\n|-activate|p1b: La Lombriz Feliz|move: Protect\n|move|p1a: No risk - No win|Fissure|p2b: Azumarill|[miss]\n|-miss|p1a: No risk - No win|p2b: Azumarill\n|move|p2a: Ting-Lu|Stealth Rock|p1a: No risk - No win\n|-sidestart|p1: Galuk|move: Stealth Rock\n|\n|upkeep\n|turn|2\n|\n|t:|1682047559\n|switch|p2a: Tauros|Tauros-Paldea-Blaze, L50, M|100\/100\n|-ability|p2a: Tauros|Intimidate|boost\n|-unboost|p1a: No risk - No win|atk|1\n|-unboost|p1b: La Lombriz Feliz|atk|1\n|move|p2b: Azumarill|Play Rough|p1a: No risk - No win\n|-supereffective|p1a: No risk - No win\n|-damage|p1a: No risk - No win|25\/100\n|move|p1a: No risk - No win|Earthquake|p2b: Azumarill|[spread] p2a,p2b\n|-immune|p1b: La Lombriz Feliz|[from] ability: Earth Eater\n|-supereffective|p2a: Tauros\n|-damage|p2a: Tauros|53\/100\n|-damage|p2b: Azumarill|78\/100\n|move|p1b: La Lombriz Feliz|Shed Tail|p1b: La Lombriz Feliz\n|-start|p1b: La Lombriz Feliz|Substitute|[from] move: Shed Tail\n|-damage|p1b: La Lombriz Feliz|50\/100\n|-enditem|p1b: La Lombriz Feliz|Sitrus Berry|[eat]\n|-heal|p1b: La Lombriz Feliz|75\/100|[from] item: Sitrus Berry\n|\n|t:|1682047577\n|switch|p1b: Droganite|Dragonite, L50, M|100\/100|[from] Shed Tail\n|-damage|p1b: Droganite|76\/100|[from] Stealth Rock\n|\n|-heal|p1a: No risk - No win|31\/100|[from] item: Leftovers\n|upkeep\n|turn|3\n|inactive|Kammala has 30 seconds left.\n|\n|t:|1682047607\n|switch|p2a: Ting-Lu|Ting-Lu, L50|100\/100\n|-ability|p2a: Ting-Lu|Vessel of Ruin\n|move|p1a: No risk - No win|Protect|p1a: No risk - No win\n|-singleturn|p1a: No risk - No win|Protect\n|move|p1b: Droganite|Earthquake|p2a: Ting-Lu|[spread] p2a,p2b\n|-activate|p1a: No risk - No win|move: Protect\n|-damage|p2a: Ting-Lu|84\/100\n|-damage|p2b: Azumarill|46\/100\n|move|p2b: Azumarill|Play Rough|p1b: Droganite\n|-supereffective|p1b: Droganite\n|-end|p1b: Droganite|Substitute\n|\n|-heal|p1a: No risk - No win|37\/100|[from] item: Leftovers\n|-heal|p2a: Ting-Lu|90\/100|[from] item: Leftovers\n|upkeep\n|turn|4\n|inactive|Galuk has 30 seconds left.\n|inactive|Kammala has 30 seconds left.\n|\n|t:|1682047636\n|-terastallize|p1b: Droganite|Flying\n|move|p1b: Droganite|Tera Blast|p2b: Azumarill\n|-damage|p2b: Azumarill|0 fnt\n|faint|p2b: Azumarill\n|move|p1a: No risk - No win|Fissure|p2a: Ting-Lu|[miss]\n|-miss|p1a: No risk - No win|p2a: Ting-Lu\n|move|p2a: Ting-Lu|Ruination|p1b: Droganite\n|-damage|p1b: Droganite|38\/100\n|\n|-heal|p1a: No risk - No win|43\/100|[from] item: Leftovers\n|-heal|p2a: Ting-Lu|96\/100|[from] item: Leftovers\n|upkeep\n|\n|t:|1682047648\n|switch|p2b: Tauros|Tauros-Paldea-Blaze, L50, M|53\/100\n|-ability|p2b: Tauros|Intimidate|boost\n|-unboost|p1a: No risk - No win|atk|1\n|-unboost|p1b: Droganite|atk|1\n|turn|5\n|inactive|Galuk has 30 seconds left.\n|inactive|Kammala has 30 seconds left.\n|inactive|Galuk has 20 seconds left.\n|inactive|Galuk has 15 seconds left.\n|\n|t:|1682047693\n|-terastallize|p2b: Tauros|Grass\n|move|p1b: Droganite|Extreme Speed|p2b: Tauros\n|-damage|p2b: Tauros|32\/100\n|move|p2b: Tauros|Flare Blitz|p1b: Droganite\n|-damage|p1b: Droganite|0 fnt\n|faint|p1b: Droganite\n|-damage|p2b: Tauros|20\/100|[from] Recoil\n|move|p1a: No risk - No win|Earthquake|p2b: Tauros|[spread] p2a,p2b\n|-resisted|p2b: Tauros\n|-damage|p2a: Ting-Lu|84\/100\n|-damage|p2b: Tauros|11\/100\n|move|p2a: Ting-Lu|Ruination|p1a: No risk - No win\n|-damage|p1a: No risk - No win|22\/100\n|\n|-heal|p1a: No risk - No win|28\/100|[from] item: Leftovers\n|-heal|p2a: Ting-Lu|90\/100|[from] item: Leftovers\n|upkeep\n|\n|t:|1682047710\n|switch|p1b: Princesa Grumosa|Flutter Mane, L50|100\/100\n|-damage|p1b: Princesa Grumosa|88\/100|[from] Stealth Rock\n|turn|6\n|\n|t:|1682047728\n|move|p2b: Tauros|Protect|p2b: Tauros\n|-singleturn|p2b: Tauros|Protect\n|move|p1b: Princesa Grumosa|Dazzling Gleam|p2b: Tauros|[spread] p2a\n|-activate|p2b: Tauros|move: Protect\n|-supereffective|p2a: Ting-Lu\n|-damage|p2a: Ting-Lu|59\/100\n|move|p1a: No risk - No win|Fissure|p2a: Ting-Lu|[miss]\n|-miss|p1a: No risk - No win|p2a: Ting-Lu\n|move|p2a: Ting-Lu|Heavy Slam|p1b: Princesa Grumosa\n|-supereffective|p1b: Princesa Grumosa\n|-damage|p1b: Princesa Grumosa|0 fnt\n|faint|p1b: Princesa Grumosa\n|-end|p1b: Princesa Grumosa|Protosynthesis|[silent]\n|\n|-heal|p1a: No risk - No win|34\/100|[from] item: Leftovers\n|-heal|p2a: Ting-Lu|65\/100|[from] item: Leftovers\n|upkeep\n|\n|t:|1682047743\n|switch|p1b: La Lombriz Feliz|Orthworm, L50, F|75\/100\n|-damage|p1b: La Lombriz Feliz|69\/100|[from] Stealth Rock\n|turn|7\n|\n|t:|1682047753\n|move|p2b: Tauros|Close Combat|p1a: No risk - No win\n|-supereffective|p1a: No risk - No win\n|-damage|p1a: No risk - No win|0 fnt\n|-unboost|p2b: Tauros|def|1\n|-unboost|p2b: Tauros|spd|1\n|faint|p1a: No risk - No win\n|move|p2a: Ting-Lu|Heavy Slam|p1b: La Lombriz Feliz\n|-resisted|p1b: La Lombriz Feliz\n|-damage|p1b: La Lombriz Feliz|62\/100\n|move|p1b: La Lombriz Feliz|Body Press|p2a: Ting-Lu\n|-supereffective|p2a: Ting-Lu\n|-damage|p2a: Ting-Lu|34\/100\n|\n|-heal|p2a: Ting-Lu|40\/100|[from] item: Leftovers\n|upkeep\n|turn|8\n|\n|t:|1682047768\n|switch|p2b: Flutter Mane|Flutter Mane, L50|100\/100\n|-enditem|p2b: Flutter Mane|Booster Energy\n|-activate|p2b: Flutter Mane|ability: Protosynthesis|[fromitem]\n|-start|p2b: Flutter Mane|protosynthesisspa\n|move|p2a: Ting-Lu|Ruination|p1b: La Lombriz Feliz\n|-damage|p1b: La Lombriz Feliz|31\/100\n|move|p1b: La Lombriz Feliz|Shed Tail|p1b: La Lombriz Feliz\n|-fail|p1b: La Lombriz Feliz\n|\n|-heal|p2a: Ting-Lu|46\/100|[from] item: Leftovers\n|upkeep\n|turn|9\n|\n|t:|1682047783\n|move|p2b: Flutter Mane|Shadow Ball|p1b: La Lombriz Feliz\n|-damage|p1b: La Lombriz Feliz|0 fnt\n|faint|p1b: La Lombriz Feliz\n|\n|win|Kammala\n|raw|Galuk's rating: 1362 → 1340<\/strong> (-22 for losing)\n|raw|Kammala's rating: 1321 → 1343<\/strong> (+22 for winning)\n|l|\u2606Galuk\n","uploadtime":1682047793,"views":10,"p1id":"galuk","p2id":"kammala","formatid":"gen9vgc2023regulationc","rating":1340,"private":0,"password":""}