{"id":"gen9vgc2023regulationc-1850619706","p1":"DanRich54","p2":"OneWithTheSnom","format":"[Gen 9] VGC 2023 Regulation C","log":"|j|\u2606DanRich54\n|j|\u2606OneWithTheSnom\n|t:|1682353594\n|gametype|doubles\n|player|p1|DanRich54|1|1045\n|player|p2|OneWithTheSnom|gladion|1073\n|teamsize|p1|6\n|teamsize|p2|6\n|gen|9\n|tier|[Gen 9] VGC 2023 Regulation C\n|rated|\n|rule|Species Clause: Limit one of each Pok\u00e9mon\n|rule|Item Clause: Limit one of each item\n|clearpoke\n|poke|p1|Corviknight, L50, M|\n|poke|p1|Grimmsnarl, L50, M|\n|poke|p1|Annihilape, L50, F|\n|poke|p1|Kingambit, L50, M|\n|poke|p1|Flutter Mane, L50|\n|poke|p1|Ting-Lu, L50|\n|poke|p2|Scizor, L50, M|\n|poke|p2|Ting-Lu, L50|\n|poke|p2|Sylveon, L50, F|\n|poke|p2|Iron Hands, L50|\n|poke|p2|Palafin, L50, M|\n|poke|p2|Skeledirge, L50, F|\n|teampreview|4\n|inactive|Battle timer is ON: inactive players will automatically lose when time's up. (requested by OneWithTheSnom)\n|\n|t:|1682353615\n|start\n|switch|p1a: Corviknight|Corviknight, L50, M|100\/100\n|switch|p1b: Grimmsnarl|Grimmsnarl, L50, M|100\/100\n|switch|p2a: Palafin|Palafin, L50, M, shiny|100\/100\n|switch|p2b: Skeledirge|Skeledirge, L50, F|100\/100\n|turn|1\n|\n|t:|1682353626\n|detailschange|p2a: Palafin|Palafin-Hero, L50, M, shiny\n|switch|p2a: Scizor|Scizor, L50, M|100\/100\n|move|p1b: Grimmsnarl|Light Screen|p1b: Grimmsnarl\n|-sidestart|p1: DanRich54|move: Light Screen\n|move|p1a: Corviknight|Tailwind|p1a: Corviknight\n|-sidestart|p1: DanRich54|move: Tailwind\n|move|p2b: Skeledirge|Torch Song|p1a: Corviknight\n|-supereffective|p1a: Corviknight\n|-damage|p1a: Corviknight|44\/100\n|-boost|p2b: Skeledirge|spa|1\n|\n|upkeep\n|turn|2\n|\n|t:|1682353644\n|move|p1b: Grimmsnarl|Reflect|p1b: Grimmsnarl\n|-sidestart|p1: DanRich54|Reflect\n|move|p2a: Scizor|Bullet Punch|p1b: Grimmsnarl\n|-supereffective|p1b: Grimmsnarl\n|-damage|p1b: Grimmsnarl|47\/100\n|-damage|p2a: Scizor|91\/100|[from] item: Life Orb\n|move|p1a: Corviknight|Brave Bird|p2b: Skeledirge\n|-damage|p2b: Skeledirge|51\/100\n|-damage|p1a: Corviknight|27\/100|[from] Recoil\n|move|p2b: Skeledirge|Torch Song|p1a: Corviknight\n|-supereffective|p1a: Corviknight\n|-damage|p1a: Corviknight|0 fnt\n|-boost|p2b: Skeledirge|spa|1\n|faint|p1a: Corviknight\n|\n|-heal|p2b: Skeledirge|57\/100|[from] item: Leftovers\n|upkeep\n|\n|t:|1682353656\n|switch|p1a: Ting-Lu|Ting-Lu, L50|100\/100\n|-ability|p1a: Ting-Lu|Vessel of Ruin\n|turn|3\n|\n|t:|1682353671\n|-terastallize|p2b: Skeledirge|Grass\n|move|p1b: Grimmsnarl|Parting Shot|p2b: Skeledirge\n|-unboost|p2b: Skeledirge|atk|1\n|-unboost|p2b: Skeledirge|spa|1\n|\n|t:|1682353676\n|switch|p1b: Annihilape|Annihilape, L50, F|100\/100|[from] Parting Shot\n|move|p2a: Scizor|Bullet Punch|p1b: Annihilape\n|-damage|p1b: Annihilape|71\/100\n|-damage|p2a: Scizor|81\/100|[from] item: Life Orb\n|move|p1a: Ting-Lu|Fissure|p2a: Scizor|[miss]\n|-miss|p1a: Ting-Lu|p2a: Scizor\n|move|p2b: Skeledirge|Tera Blast|p1a: Ting-Lu\n|-supereffective|p1a: Ting-Lu\n|-damage|p1a: Ting-Lu|78\/100\n|\n|-heal|p2b: Skeledirge|63\/100|[from] item: Leftovers\n|upkeep\n|turn|4\n|inactive|OneWithTheSnom has 30 seconds left.\n|\n|t:|1682353708\n|-terastallize|p1a: Ting-Lu|Ground\n|move|p2b: Skeledirge|Protect|p2b: Skeledirge\n|-singleturn|p2b: Skeledirge|Protect\n|move|p1b: Annihilape|Bulk Up|p1b: Annihilape\n|-boost|p1b: Annihilape|atk|1\n|-boost|p1b: Annihilape|def|1\n|move|p1a: Ting-Lu|Stomping Tantrum|p2b: Skeledirge\n|-activate|p2b: Skeledirge|move: Protect\n|move|p2a: Scizor|Pounce|p1a: Ting-Lu\n|-damage|p1a: Ting-Lu|57\/100\n|-unboost|p1a: Ting-Lu|spe|1\n|-damage|p2a: Scizor|72\/100|[from] item: Life Orb\n|\n|-heal|p2b: Skeledirge|69\/100|[from] item: Leftovers\n|-sideend|p1: DanRich54|move: Tailwind\n|upkeep\n|turn|5\n|inactive|DanRich54 has 30 seconds left.\n|inactive|OneWithTheSnom has 30 seconds left.\n|\n|t:|1682353743\n|move|p1b: Annihilape|Rage Fist|p2b: Skeledirge\n|-damage|p2b: Skeledirge|13\/100\n|-damage|p1b: Annihilape|62\/100|[from] item: Life Orb\n|move|p2b: Skeledirge|Torch Song|p1b: Annihilape\n|-damage|p1b: Annihilape|38\/100\n|-boost|p2b: Skeledirge|spa|1\n|move|p2a: Scizor|Pounce|p1b: Annihilape\n|-resisted|p1b: Annihilape\n|-damage|p1b: Annihilape|32\/100\n|-unboost|p1b: Annihilape|spe|1\n|-ability|p1b: Annihilape|Defiant|boost\n|-boost|p1b: Annihilape|atk|2\n|-damage|p2a: Scizor|62\/100|[from] item: Life Orb\n|move|p1a: Ting-Lu|Stomping Tantrum|p2a: Scizor\n|-damage|p2a: Scizor|20\/100\n|\n|-heal|p2b: Skeledirge|18\/100|[from] item: Leftovers\n|upkeep\n|turn|6\n|inactive|DanRich54 has 30 seconds left.\n|inactive|OneWithTheSnom has 30 seconds left.\n|\n|t:|1682353771\n|move|p2a: Scizor|Bullet Punch|p1b: Annihilape\n|-damage|p1b: Annihilape|12\/100\n|-damage|p2a: Scizor|11\/100|[from] item: Life Orb\n|move|p1b: Annihilape|Bulk Up|p1b: Annihilape\n|-boost|p1b: Annihilape|atk|1\n|-boost|p1b: Annihilape|def|1\n|move|p2b: Skeledirge|Slack Off|p2b: Skeledirge\n|-heal|p2b: Skeledirge|69\/100\n|move|p1a: Ting-Lu|Rock Slide|p2a: Scizor|[spread] p2a,p2b\n|-damage|p2a: Scizor|0 fnt\n|-damage|p2b: Skeledirge|55\/100\n|faint|p2a: Scizor\n|\n|-heal|p2b: Skeledirge|61\/100|[from] item: Leftovers\n|upkeep\n|\n|t:|1682353783\n|switch|p2a: Palafin|Palafin-Hero, L50, M, shiny|100\/100\n|-activate|p2a: Palafin|ability: Zero to Hero\n|turn|7\n|inactive|OneWithTheSnom has 30 seconds left.\n|inactive|DanRich54 has 30 seconds left.\n|inactive|OneWithTheSnom has 20 seconds left.\n|\n|t:|1682353822\n|move|p2a: Palafin|Protect|p2a: Palafin\n|-singleturn|p2a: Palafin|Protect\n|move|p1b: Annihilape|Rage Fist|p2b: Skeledirge\n|-crit|p2b: Skeledirge\n|-damage|p2b: Skeledirge|0 fnt\n|faint|p2b: Skeledirge\n|-damage|p1b: Annihilape|3\/100|[from] item: Life Orb\n|move|p1a: Ting-Lu|Fissure|p2a: Palafin\n|-activate|p2a: Palafin|move: Protect\n|\n|upkeep\n|\n|t:|1682353828\n|switch|p2b: Iron Hands|Iron Hands, L50|100\/100\n|turn|8\n|\n|t:|1682353837\n|move|p2b: Iron Hands|Fake Out|p1a: Ting-Lu\n|-damage|p1a: Ting-Lu|52\/100\n|move|p2a: Palafin|Jet Punch|p1b: Annihilape\n|-damage|p1b: Annihilape|0 fnt\n|faint|p1b: Annihilape\n|cant|p1a: Ting-Lu|flinch\n|\n|-sideend|p1: DanRich54|move: Light Screen\n|upkeep\n|\n|t:|1682353842\n|switch|p1b: Grimmsnarl|Grimmsnarl, L50, M|47\/100\n|turn|9\n|\n|t:|1682353856\n|move|p2b: Iron Hands|Protect|p2b: Iron Hands\n|-singleturn|p2b: Iron Hands|Protect\n|move|p2a: Palafin|Taunt|p1b: Grimmsnarl\n|-start|p1b: Grimmsnarl|move: Taunt\n|move|p1b: Grimmsnarl|Foul Play|p2a: Palafin\n|-damage|p2a: Palafin|46\/100\n|move|p1a: Ting-Lu|Stomping Tantrum|p2b: Iron Hands\n|-activate|p2b: Iron Hands|move: Protect\n|\n|-sideend|p1: DanRich54|Reflect\n|upkeep\n|turn|10\n|\n|t:|1682353873\n|move|p2a: Palafin|Jet Punch|p1a: Ting-Lu\n|-supereffective|p1a: Ting-Lu\n|-damage|p1a: Ting-Lu|0 fnt\n|faint|p1a: Ting-Lu\n|move|p1b: Grimmsnarl|Foul Play|p2a: Palafin\n|-damage|p2a: Palafin|0 fnt\n|faint|p2a: Palafin\n|move|p2b: Iron Hands|Drain Punch|p1b: Grimmsnarl\n|-damage|p1b: Grimmsnarl|6\/100\n|\n|upkeep\n|turn|11\n|\n|t:|1682353882\n|move|p1b: Grimmsnarl|Foul Play|p2b: Iron Hands\n|-resisted|p2b: Iron Hands\n|-damage|p2b: Iron Hands|84\/100\n|move|p2b: Iron Hands|Drain Punch|p1b: Grimmsnarl\n|-damage|p1b: Grimmsnarl|0 fnt\n|-heal|p2b: Iron Hands|87\/100|[from] drain|[of] p1b: Grimmsnarl\n|faint|p1b: Grimmsnarl\n|\n|win|OneWithTheSnom\n|raw|DanRich54's rating: 1045 → 1030<\/strong> (-15 for losing)\n|raw|OneWithTheSnom's rating: 1073 → 1100<\/strong> (+27 for winning)\n|c|\u2606OneWithTheSnom|gg\n|l|\u2606DanRich54\n","uploadtime":1682353888,"views":14,"p1id":"danrich54","p2id":"onewiththesnom","formatid":"gen9vgc2023regulationc","rating":1030,"private":0,"password":""}