{"id":"gen9vgc2023regulationc-1862147396","p1":"Hooveris","p2":"Zaxa2","format":"[Gen 9] VGC 2023 Regulation C","log":"|j|\u2606Hooveris\n|j|\u2606Zaxa2\n|t:|1683842075\n|gametype|doubles\n|player|p1|Hooveris|brycen|1055\n|player|p2|Zaxa2|veteran|1000\n|teamsize|p1|6\n|teamsize|p2|6\n|gen|9\n|tier|[Gen 9] VGC 2023 Regulation C\n|rated|\n|rule|Species Clause: Limit one of each Pok\u00e9mon\n|rule|Item Clause: Limit one of each item\n|clearpoke\n|poke|p1|Oricorio-Sensu, L50, F|\n|poke|p1|Volcarona, L50, F|\n|poke|p1|Krookodile, L50, F|\n|poke|p1|Flutter Mane, L50|\n|poke|p1|Wo-Chien, L50|\n|poke|p1|Masquerain, L50, M|\n|poke|p2|Maushold, L50|\n|poke|p2|Venonat, L50, M|\n|poke|p2|Oranguru, L50, F|\n|poke|p2|Talonflame, L50, F|\n|poke|p2|Rotom-Wash, L50|\n|poke|p2|Iron Treads, L50|\n|teampreview|4\n|\n|t:|1683842107\n|start\n|switch|p1a: Oricorio|Oricorio-Sensu, L50, F|100\/100\n|switch|p1b: Masquerain|Masquerain, L50, M|100\/100\n|switch|p2a: Maushold|Maushold, L50|100\/100\n|switch|p2b: Venonat|Venonat, L50, M|100\/100\n|-ability|p1b: Masquerain|Intimidate|boost\n|-unboost|p2a: Maushold|atk|1\n|-unboost|p2b: Venonat|atk|1\n|turn|1\n|\n|t:|1683842147\n|move|p1b: Masquerain|Protect|p1b: Masquerain\n|-singleturn|p1b: Masquerain|Protect\n|move|p2a: Maushold|Tidy Up|p2a: Maushold\n|-boost|p2a: Maushold|atk|1\n|-boost|p2a: Maushold|spe|1\n|-enditem|p1b: Masquerain|Mirror Herb\n|-boost|p1b: Masquerain|atk|1|[from] item: Mirror Herb\n|-boost|p1b: Masquerain|spe|1|[from] item: Mirror Herb\n|move|p1a: Oricorio|Quiver Dance|p1a: Oricorio\n|-boost|p1a: Oricorio|spa|1\n|-boost|p1a: Oricorio|spd|1\n|-boost|p1a: Oricorio|spe|1\n|move|p2b: Venonat|Skill Swap|p2a: Maushold\n|-activate|p2b: Venonat|move: Skill Swap|||[of] p2a: Maushold\n|\n|upkeep\n|turn|2\n|\n|t:|1683842171\n|move|p2a: Maushold|Population Bomb|p1b: Masquerain\n|-crit|p1b: Masquerain\n|-damage|p1b: Masquerain|84\/100\n|-damage|p1b: Masquerain|72\/100\n|-damage|p1b: Masquerain|60\/100\n|-damage|p1b: Masquerain|50\/100\n|-crit|p1b: Masquerain\n|-damage|p1b: Masquerain|32\/100\n|-damage|p1b: Masquerain|21\/100\n|-damage|p1b: Masquerain|10\/100\n|-damage|p1b: Masquerain|0 fnt\n|faint|p1b: Masquerain\n|-hitcount|p1: Masquerain|8\n|move|p1a: Oricorio|Quiver Dance|p1a: Oricorio\n|-boost|p1a: Oricorio|spa|1\n|-boost|p1a: Oricorio|spd|1\n|-boost|p1a: Oricorio|spe|1\n|move|p2b: Venonat|Sleep Powder|p1a: Oricorio\n|-status|p1a: Oricorio|slp|[from] move: Sleep Powder\n|\n|upkeep\n|\n|t:|1683842178\n|switch|p1b: Volcarona|Volcarona, L50, F|100\/100\n|turn|3\n|\n|t:|1683842200\n|move|p2b: Venonat|Rage Powder|p2b: Venonat\n|-singleturn|p2b: Venonat|move: Rage Powder\n|cant|p1a: Oricorio|slp\n|move|p2a: Maushold|Population Bomb|p1b: Volcarona\n|-damage|p1b: Volcarona|93\/100\n|-status|p2a: Maushold|brn|[from] ability: Flame Body|[of] p1b: Volcarona\n|-damage|p1b: Volcarona|90\/100\n|-damage|p1b: Volcarona|86\/100\n|-damage|p1b: Volcarona|83\/100\n|-damage|p1b: Volcarona|79\/100\n|-damage|p1b: Volcarona|75\/100\n|-damage|p1b: Volcarona|72\/100\n|-damage|p1b: Volcarona|68\/100\n|-damage|p1b: Volcarona|65\/100\n|-damage|p1b: Volcarona|62\/100\n|-hitcount|p1b: Volcarona|10\n|move|p1b: Volcarona|Quiver Dance|p1b: Volcarona\n|-boost|p1b: Volcarona|spa|1\n|-boost|p1b: Volcarona|spd|1\n|-boost|p1b: Volcarona|spe|1\n|-activate|p1a: Oricorio|ability: Dancer\n|cant|p1a: Oricorio|slp\n|\n|-damage|p2a: Maushold|94\/100 brn|[from] brn\n|upkeep\n|turn|4\n|\n|t:|1683842230\n|-curestatus|p1a: Oricorio|slp|[msg]\n|move|p1a: Oricorio|Revelation Dance|p2b: Venonat\n|-crit|p2b: Venonat\n|-enditem|p2b: Venonat|Focus Sash\n|-damage|p2b: Venonat|1\/100\n|move|p2a: Maushold|Tidy Up|p2a: Maushold\n|-boost|p2a: Maushold|atk|1\n|-boost|p2a: Maushold|spe|1\n|move|p1b: Volcarona|Fiery Dance|p2a: Maushold\n|-damage|p2a: Maushold|42\/100 brn\n|-boost|p1b: Volcarona|spa|1\n|-activate|p1a: Oricorio|ability: Dancer\n|move|p1a: Oricorio|Fiery Dance|p2a: Maushold|[from]ability: Dancer\n|-damage|p2a: Maushold|9\/100 brn\n|move|p2b: Venonat|Sleep Powder|p1a: Oricorio|[miss]\n|-miss|p2b: Venonat|p1a: Oricorio\n|\n|-damage|p2a: Maushold|3\/100 brn|[from] brn\n|upkeep\n|turn|5\n|\n|t:|1683842266\n|move|p2a: Maushold|Population Bomb|p1b: Volcarona\n|-damage|p1b: Volcarona|57\/100\n|-damage|p1b: Volcarona|51\/100\n|-damage|p1b: Volcarona|46\/100\n|-damage|p1b: Volcarona|41\/100\n|-damage|p1b: Volcarona|36\/100\n|-damage|p1b: Volcarona|31\/100\n|-damage|p1b: Volcarona|26\/100\n|-damage|p1b: Volcarona|20\/100\n|-damage|p1b: Volcarona|15\/100\n|-damage|p1b: Volcarona|10\/100\n|-hitcount|p1b: Volcarona|10\n|move|p1a: Oricorio|Quiver Dance|p1a: Oricorio\n|-boost|p1a: Oricorio|spa|1\n|-boost|p1a: Oricorio|spd|1\n|-boost|p1a: Oricorio|spe|1\n|move|p1b: Volcarona|Fiery Dance|p2a: Maushold\n|-damage|p2a: Maushold|0 fnt\n|faint|p2a: Maushold\n|-activate|p1a: Oricorio|ability: Dancer\n|move|p1a: Oricorio|Fiery Dance|p2b: Venonat|[from]ability: Dancer\n|-supereffective|p2b: Venonat\n|-damage|p2b: Venonat|0 fnt\n|faint|p2b: Venonat\n|\n|upkeep\n|inactive|Battle timer is ON: inactive players will automatically lose when time's up. (requested by Hooveris)\n|\n|t:|1683842284\n|switch|p2a: Talonflame|Talonflame, L50, F|100\/100\n|switch|p2b: Oranguru|Oranguru, L50, F|100\/100\n|turn|6\n|inactive|Zaxa2 has 30 seconds left.\n|inactive|Zaxa2 has 20 seconds left.\n|inactive|Zaxa2 has 15 seconds left.\n|\n|t:|1683842326\n|move|p1a: Oricorio|Revelation Dance|p2a: Talonflame\n|-damage|p2a: Talonflame|0 fnt\n|faint|p2a: Talonflame\n|move|p1b: Volcarona|Fiery Dance|p2b: Oranguru\n|-damage|p2b: Oranguru|43\/100\n|-activate|p1a: Oricorio|ability: Dancer\n|move|p1a: Oricorio|Fiery Dance|p2b: Oranguru|[from]ability: Dancer\n|-damage|p2b: Oranguru|4\/100\n|move|p2b: Oranguru|Instruct|p2: Talonflame|[notarget]\n|-fail|p2b: Oranguru\n|\n|-heal|p2b: Oranguru|10\/100|[from] item: Leftovers\n|upkeep\n|turn|7\n|-message|Zaxa2 forfeited.\n|\n|win|Hooveris\n|raw|Hooveris's rating: 1055 → 1082<\/strong> (+27 for winning)\n|raw|Zaxa2's rating: 1000 → 1000<\/strong> (+0 for losing)\n","uploadtime":1683842343,"views":8,"p1id":"hooveris","p2id":"zaxa2","formatid":"gen9vgc2023regulationc","rating":1000,"private":0,"password":""}