{"id":"gen9vgc2023regulationc-1855752318","p1":"TuP1cha","p2":"Inwaves22","format":"[Gen 9] VGC 2023 Regulation C","log":"|j|\u2606TuP1cha\n|j|\u2606Inwaves22\n|t:|1682980041\n|gametype|doubles\n|player|p1|TuP1cha|silver|1383\n|player|p2|Inwaves22|falkner|1323\n|teamsize|p1|6\n|teamsize|p2|6\n|gen|9\n|tier|[Gen 9] VGC 2023 Regulation C\n|rated|\n|rule|Species Clause: Limit one of each Pok\u00e9mon\n|rule|Item Clause: Limit one of each item\n|clearpoke\n|poke|p1|Volcarona, L50, F|\n|poke|p1|Gyarados, L50, M|\n|poke|p1|Kingambit, L50, F|\n|poke|p1|Flutter Mane, L50|\n|poke|p1|Amoonguss, L50, F|\n|poke|p1|Iron Hands, L50|\n|poke|p2|Ceruledge, L50, M|\n|poke|p2|Lycanroc, L50, M|\n|poke|p2|Tyranitar, L50, M|\n|poke|p2|Iron Bundle, L50|\n|poke|p2|Dragonite, L50, M|\n|poke|p2|Sylveon, L50, F|\n|teampreview|4\n|inactive|Battle timer is ON: inactive players will automatically lose when time's up. (requested by TuP1cha)\nTuP1cha has agreed to open team sheets.\nInwaves22 has agreed to open team sheets.\n|inactive|TuP1cha has 60 seconds left.\n|inactive|TuP1cha has 30 seconds left.\n|inactive|TuP1cha has 20 seconds left.\n|inactive|TuP1cha has 15 seconds left.\n|inactive|TuP1cha has 10 seconds left.\n|inactive|TuP1cha has 5 seconds left.\n|\n|t:|1682980132\n|start\n|switch|p1a: Kingambit|Kingambit, L50, F|100\/100\n|switch|p1b: Gyarados|Gyarados, L50, M, shiny|100\/100\n|switch|p2a: Dragonite|Dragonite, L50, M|100\/100\n|switch|p2b: Sylveon|Sylveon, L50, F, shiny|100\/100\n|-ability|p1b: Gyarados|Intimidate|boost\n|-fail|p2a: Dragonite|unboost|Attack|[from] ability: Inner Focus|[of] p2a: Dragonite\n|-unboost|p2b: Sylveon|atk|1\n|turn|1\n|inactive|TuP1cha has 30 seconds left.\n|inactive|Inwaves22 has 30 seconds left.\n|\n|t:|1682980164\n|move|p2b: Sylveon|Protect|p2b: Sylveon\n|-singleturn|p2b: Sylveon|Protect\n|move|p2a: Dragonite|Earthquake|p1b: Gyarados|[spread] p1a\n|-activate|p2b: Sylveon|move: Protect\n|-immune|p1b: Gyarados\n|-supereffective|p1a: Kingambit\n|-damage|p1a: Kingambit|42\/100\n|move|p1b: Gyarados|Icy Wind|p2a: Dragonite|[spread] p2a\n|-activate|p2b: Sylveon|move: Protect\n|-supereffective|p2a: Dragonite\n|-damage|p2a: Dragonite|76\/100\n|-unboost|p2a: Dragonite|spe|1\n|move|p1a: Kingambit|Assurance|p2a: Dragonite\n|-damage|p2a: Dragonite|4\/100\n|\n|upkeep\n|turn|2\n|inactive|TuP1cha has 30 seconds left.\n|inactive|Inwaves22 has 30 seconds left.\n|inactive|TuP1cha has 20 seconds left.\n|inactive|TuP1cha has 15 seconds left.\n|inactive|TuP1cha has 10 seconds left.\n|\n|t:|1682980211\n|switch|p1a: Flutter Mane|Flutter Mane, L50|100\/100\n|-enditem|p1a: Flutter Mane|Booster Energy\n|-activate|p1a: Flutter Mane|ability: Protosynthesis|[fromitem]\n|-start|p1a: Flutter Mane|protosynthesisspa\n|-terastallize|p2b: Sylveon|Steel\n|move|p1b: Gyarados|Icy Wind|p2b: Sylveon|[spread] p2a,p2b\n|-supereffective|p2a: Dragonite\n|-resisted|p2b: Sylveon\n|-damage|p2a: Dragonite|0 fnt\n|-damage|p2b: Sylveon|99\/100\n|-unboost|p2b: Sylveon|spe|1\n|faint|p2a: Dragonite\n|move|p2b: Sylveon|Hyper Voice|p1a: Flutter Mane|[spread] p1a,p1b\n|-damage|p1a: Flutter Mane|68\/100\n|-damage|p1b: Gyarados|78\/100\n|-enditem|p2b: Sylveon|Throat Spray\n|-boost|p2b: Sylveon|spa|1|[from] item: Throat Spray\n|\n|upkeep\n|\n|t:|1682980228\n|switch|p2a: Ceruledge|Ceruledge, L50, M, shiny|100\/100\n|turn|3\n|\n|t:|1682980253\n|move|p1a: Flutter Mane|Protect|p1a: Flutter Mane\n|-singleturn|p1a: Flutter Mane|Protect\n|move|p2a: Ceruledge|Shadow Sneak|p1a: Flutter Mane\n|-activate|p1a: Flutter Mane|move: Protect\n|move|p1b: Gyarados|Taunt|p2a: Ceruledge\n|-start|p2a: Ceruledge|move: Taunt\n|move|p2b: Sylveon|Tera Blast|p1a: Flutter Mane\n|-activate|p1a: Flutter Mane|move: Protect\n|\n|upkeep\n|turn|4\n|\n|t:|1682980273\n|-end|p1a: Flutter Mane|Protosynthesis|[silent]\n|switch|p1a: Kingambit|Kingambit, L50, F|42\/100\n|switch|p2a: Iron Bundle|Iron Bundle, L50, shiny|100\/100\n|-enditem|p2a: Iron Bundle|Booster Energy\n|-activate|p2a: Iron Bundle|ability: Quark Drive|[fromitem]\n|-start|p2a: Iron Bundle|quarkdrivespe\n|move|p1b: Gyarados|Waterfall|p2a: Iron Bundle\n|-resisted|p2a: Iron Bundle\n|-damage|p2a: Iron Bundle|78\/100\n|move|p2b: Sylveon|Tera Blast|p1a: Kingambit\n|-resisted|p1a: Kingambit\n|-damage|p1a: Kingambit|28\/100\n|\n|upkeep\n|turn|5\n|inactive|Inwaves22 has 30 seconds left.\n|\n|t:|1682980299\n|switch|p1b: Iron Hands|Iron Hands, L50|100\/100\n|move|p1a: Kingambit|Sucker Punch|p2a: Iron Bundle\n|-damage|p2a: Iron Bundle|33\/100\n|move|p2a: Iron Bundle|Hydro Pump|p1a: Kingambit\n|-damage|p1a: Kingambit|0 fnt\n|faint|p1a: Kingambit\n|move|p2b: Sylveon|Yawn|p1b: Iron Hands\n|-start|p1b: Iron Hands|move: Yawn|[of] p2b: Sylveon\n|\n|upkeep\n|\n|t:|1682980312\n|switch|p1a: Gyarados|Gyarados, L50, M, shiny|78\/100\n|-ability|p1a: Gyarados|Intimidate|boost\n|-unboost|p2a: Iron Bundle|atk|1\n|-unboost|p2b: Sylveon|atk|1\n|turn|6\n|inactive|TuP1cha has 30 seconds left.\n|inactive|TuP1cha has 20 seconds left.\n|inactive|TuP1cha has 15 seconds left.\n|\n|t:|1682980352\n|-terastallize|p1a: Gyarados|Steel\n|move|p2a: Iron Bundle|Freeze-Dry|p1a: Gyarados\n|-resisted|p1a: Gyarados\n|-damage|p1a: Gyarados|66\/100\n|move|p1a: Gyarados|Taunt|p2b: Sylveon\n|-start|p2b: Sylveon|move: Taunt\n|move|p1b: Iron Hands|Drain Punch|p2b: Sylveon\n|-supereffective|p2b: Sylveon\n|-damage|p2b: Sylveon|0 fnt\n|faint|p2b: Sylveon\n|\n|-end|p1b: Iron Hands|move: Yawn|[silent]\n|-status|p1b: Iron Hands|slp\n|upkeep\n|\n|t:|1682980364\n|switch|p2b: Ceruledge|Ceruledge, L50, M, shiny|100\/100\n|turn|7\n|\n|t:|1682980377\n|cant|p1b: Iron Hands|slp\n|move|p2a: Iron Bundle|Icy Wind|p1b: Iron Hands|[spread] p1a,p1b\n|-resisted|p1a: Gyarados\n|-damage|p1a: Gyarados|58\/100\n|-damage|p1b: Iron Hands|85\/100 slp\n|-unboost|p1a: Gyarados|spe|1\n|-unboost|p1b: Iron Hands|spe|1\n|move|p2b: Ceruledge|Bitter Blade|p1a: Gyarados\n|-supereffective|p1a: Gyarados\n|-damage|p1a: Gyarados|0 fnt\n|faint|p1a: Gyarados\n|\n|upkeep\n|\n|t:|1682980381\n|switch|p1a: Flutter Mane|Flutter Mane, L50|68\/100\n|turn|8\n|\n|t:|1682980397\n|move|p2b: Ceruledge|Shadow Sneak|p1a: Flutter Mane\n|-supereffective|p1a: Flutter Mane\n|-crit|p1a: Flutter Mane\n|-damage|p1a: Flutter Mane|0 fnt\n|faint|p1a: Flutter Mane\n|-end|p1a: Flutter Mane|Protosynthesis|[silent]\n|move|p2a: Iron Bundle|Freeze-Dry|p1b: Iron Hands\n|-damage|p1b: Iron Hands|58\/100 slp\n|cant|p1b: Iron Hands|slp\n|\n|upkeep\n|turn|9\n|\n|t:|1682980410\n|move|p2a: Iron Bundle|Freeze-Dry|p1b: Iron Hands\n|-damage|p1b: Iron Hands|31\/100 slp\n|move|p2b: Ceruledge|Bitter Blade|p1b: Iron Hands\n|-damage|p1b: Iron Hands|0 fnt\n|faint|p1b: Iron Hands\n|-end|p1b: Iron Hands|Quark Drive|[silent]\n|\n|win|Inwaves22\n|raw|TuP1cha's rating: 1383 → 1360<\/strong> (-23 for losing)\n|raw|Inwaves22's rating: 1323 → 1346<\/strong> (+23 for winning)\n","uploadtime":1682980419,"views":16,"p1id":"tup1cha","p2id":"inwaves22","formatid":"gen9vgc2023regulationc","rating":1346,"private":0,"password":""}