{"id":"gen9vgc2023regulationc-1855443367","p1":"LittleBig18","p2":"Bankaimike","format":"[Gen 9] VGC 2023 Regulation C","log":"|j|\u2606LittleBig18\n|j|\u2606Bankaimike\n|t:|1682951917\n|gametype|doubles\n|player|p1|LittleBig18|n|1249\n|player|p2|Bankaimike|266|1338\n|teamsize|p1|6\n|teamsize|p2|6\n|gen|9\n|tier|[Gen 9] VGC 2023 Regulation C\n|rated|\n|rule|Species Clause: Limit one of each Pok\u00e9mon\n|rule|Item Clause: Limit one of each item\n|clearpoke\n|poke|p1|Scream Tail, L50|\n|poke|p1|Palafin, L50, M|\n|poke|p1|Kingambit, L50, M|\n|poke|p1|Amoonguss, L50, M|\n|poke|p1|Flutter Mane, L50|\n|poke|p1|Arcanine, L50, F|\n|poke|p2|Amoonguss, L50, M|\n|poke|p2|Baxcalibur, L50, F|\n|poke|p2|Arcanine, L50, F|\n|poke|p2|Iron Bundle, L50|\n|poke|p2|Ting-Lu, L50|\n|poke|p2|Flutter Mane, L50|\n|teampreview|4\n|inactive|Battle timer is ON: inactive players will automatically lose when time's up. (requested by Bankaimike)\nLittleBig18 has agreed to open team sheets.\n|inactive|LittleBig18 has 60 seconds left.\n|inactive|Bankaimike has 60 seconds left.\nBankaimike rejected open team sheets.\n|inactive|LittleBig18 has 30 seconds left.\n|\n|t:|1682951981\n|start\n|switch|p1a: Dolphin Man|Palafin, L50, M|100\/100\n|switch|p1b: Puff|Scream Tail, L50|100\/100\n|switch|p2a: Iron Bundle|Iron Bundle, L50|100\/100\n|switch|p2b: Flutter Mane|Flutter Mane, L50|100\/100\n|-enditem|p2a: Iron Bundle|Booster Energy\n|-activate|p2a: Iron Bundle|ability: Quark Drive|[fromitem]\n|-start|p2a: Iron Bundle|quarkdrivespe\n|-enditem|p1b: Puff|Booster Energy\n|-activate|p1b: Puff|ability: Protosynthesis|[fromitem]\n|-start|p1b: Puff|protosynthesisspe\n|turn|1\n|inactive|Bankaimike has 30 seconds left.\n|\n|t:|1682952015\n|detailschange|p1a: Dolphin Man|Palafin-Hero, L50, M\n|switch|p1a: Kingambit|Kingambit, L50, M|100\/100\n|-terastallize|p2a: Iron Bundle|Steel\n|move|p2a: Iron Bundle|Hydro Pump|p1a: Kingambit\n|-damage|p1a: Kingambit|47\/100\n|move|p1b: Puff|Howl|p1b: Puff|[spread] p1a,p1b\n|-boost|p1a: Kingambit|atk|1\n|-boost|p1b: Puff|atk|1\n|move|p2b: Flutter Mane|Shadow Ball|p1b: Puff\n|-supereffective|p1b: Puff\n|-damage|p1b: Puff|16\/100\n|\n|upkeep\n|turn|2\n|inactive|LittleBig18 has 30 seconds left.\n|\n|t:|1682952049\n|-end|p2b: Flutter Mane|Protosynthesis|[silent]\n|switch|p2b: Ting-Lu|Ting-Lu, L50|100\/100\n|-ability|p2b: Ting-Lu|Vessel of Ruin\n|-terastallize|p1a: Kingambit|Dark\n|move|p1a: Kingambit|Sucker Punch|p2a: Iron Bundle\n|-damage|p2a: Iron Bundle|0 fnt\n|faint|p2a: Iron Bundle\n|-end|p2a: Iron Bundle|Quark Drive|[silent]\n|move|p1b: Puff|Encore||[still]\n|-fail|p1b: Puff\n|\n|upkeep\n|\n|t:|1682952063\n|switch|p2a: Baxcalibur|Baxcalibur, L50, F|100\/100\n|turn|3\n|inactive|Bankaimike has 30 seconds left.\n|\n|t:|1682952096\n|move|p1a: Kingambit|Protect|p1a: Kingambit\n|-singleturn|p1a: Kingambit|Protect\n|move|p2a: Baxcalibur|Ice Shard|p1b: Puff\n|-damage|p1b: Puff|0 fnt\n|faint|p1b: Puff\n|-end|p1b: Puff|Protosynthesis|[silent]\n|move|p2b: Ting-Lu|Stomping Tantrum|p1a: Kingambit\n|-activate|p1a: Kingambit|move: Protect\n|\n|upkeep\n|\n|t:|1682952111\n|switch|p1b: Dolphin Man|Palafin-Hero, L50, M|100\/100\n|-activate|p1b: Dolphin Man|ability: Zero to Hero\n|turn|4\n|\n|t:|1682952136\n|move|p1a: Kingambit|Sucker Punch|p2a: Baxcalibur\n|-damage|p2a: Baxcalibur|20\/100\n|move|p1b: Dolphin Man|Substitute|p1b: Dolphin Man\n|-start|p1b: Dolphin Man|Substitute\n|-damage|p1b: Dolphin Man|76\/100\n|move|p2a: Baxcalibur|Glaive Rush|p1a: Kingambit\n|-damage|p1a: Kingambit|0 fnt\n|-singlemove|p2a: Baxcalibur|Glaive Rush|[silent]\n|faint|p1a: Kingambit\n|move|p2b: Ting-Lu|Ruination|p1b: Dolphin Man\n|-end|p1b: Dolphin Man|Substitute\n|\n|upkeep\n|\n|t:|1682952147\n|switch|p1a: Flutter Mane|Flutter Mane, L50|100\/100\n|turn|5\n|\n|t:|1682952165\n|move|p2a: Baxcalibur|Protect|p2a: Baxcalibur\n|-singleturn|p2a: Baxcalibur|Protect\n|move|p1a: Flutter Mane|Moonblast|p2a: Baxcalibur\n|-activate|p2a: Baxcalibur|move: Protect\n|move|p1b: Dolphin Man|Wave Crash|p2b: Ting-Lu\n|-supereffective|p2b: Ting-Lu\n|-damage|p2b: Ting-Lu|7\/100\n|-damage|p1b: Dolphin Man|37\/100|[from] Recoil\n|move|p2b: Ting-Lu|Heavy Slam|p1a: Flutter Mane\n|-supereffective|p1a: Flutter Mane\n|-damage|p1a: Flutter Mane|22\/100\n|\n|upkeep\n|turn|6\n|inactive|Bankaimike has 30 seconds left.\n|\n|t:|1682952191\n|move|p1b: Dolphin Man|Jet Punch|p2a: Baxcalibur\n|-resisted|p2a: Baxcalibur\n|-damage|p2a: Baxcalibur|0 fnt\n|faint|p2a: Baxcalibur\n|move|p1a: Flutter Mane|Moonblast|p2b: Ting-Lu\n|-supereffective|p2b: Ting-Lu\n|-damage|p2b: Ting-Lu|0 fnt\n|faint|p2b: Ting-Lu\n|\n|upkeep\n|\n|t:|1682952197\n|switch|p2b: Flutter Mane|Flutter Mane, L50|100\/100\n|turn|7\n|\n|t:|1682952203\n|move|p1b: Dolphin Man|Jet Punch|p2b: Flutter Mane\n|-damage|p2b: Flutter Mane|36\/100\n|move|p1a: Flutter Mane|Moonblast|p2b: Flutter Mane\n|-damage|p2b: Flutter Mane|0 fnt\n|faint|p2b: Flutter Mane\n|-end|p2b: Flutter Mane|Protosynthesis|[silent]\n|\n|win|LittleBig18\n|raw|LittleBig18's rating: 1249 → 1280<\/strong> (+31 for winning)\n|raw|Bankaimike's rating: 1338 → 1313<\/strong> (-25 for losing)\n|l|\u2606LittleBig18\n","uploadtime":1682952228,"views":24,"p1id":"littlebig18","p2id":"bankaimike","formatid":"gen9vgc2023regulationc","rating":1280,"private":0,"password":""}