{"id":"gen9vgc2023regulationc-1858311933","p1":"Dannash","p2":"toad507","format":"[Gen 9] VGC 2023 Regulation C","log":"|j|\u2606Dannash\n|j|\u2606toad507\n|t:|1683300917\n|gametype|doubles\n|player|p1|Dannash|265|1157\n|player|p2|toad507|101|1073\n|teamsize|p1|6\n|teamsize|p2|6\n|gen|9\n|tier|[Gen 9] VGC 2023 Regulation C\n|rated|\n|rule|Species Clause: Limit one of each Pok\u00e9mon\n|rule|Item Clause: Limit one of each item\n|clearpoke\n|poke|p1|Orthworm, L50, M|\n|poke|p1|Dragonite, L50, M|\n|poke|p1|Garchomp, L50, M|\n|poke|p1|Ting-Lu, L50|\n|poke|p1|Iron Bundle, L50|\n|poke|p1|Scizor, L50, M|\n|poke|p2|Basculin, L50, M|\n|poke|p2|Pelipper, L50, F|\n|poke|p2|Breloom, L50, M|\n|poke|p2|Amoonguss, L50, F|\n|poke|p2|Braviary, L50, M|\n|poke|p2|Indeedee-F, L50, F|\n|teampreview|4\n|inactive|Battle timer is ON: inactive players will automatically lose when time's up. (requested by toad507)\n|\n|t:|1683300959\n|start\n|switch|p1a: Scizor|Scizor, L50, M|100\/100\n|switch|p1b: Dragonite|Dragonite, L50, M|100\/100\n|switch|p2a: Amoonguss|Amoonguss, L50, F|100\/100\n|switch|p2b: Pelipper|Pelipper, L50, F|100\/100\n|-weather|RainDance|[from] ability: Drizzle|[of] p2b: Pelipper\n|turn|1\n|inactive|Dannash has 30 seconds left.\n|inactive|Dannash has 20 seconds left.\n|\n|t:|1683300999\n|move|p1b: Dragonite|Extreme Speed|p2a: Amoonguss\n|-damage|p2a: Amoonguss|77\/100\n|-damage|p1b: Dragonite|84\/100|[from] item: Rocky Helmet|[of] p2a: Amoonguss\n|-status|p1b: Dragonite|psn|[from] ability: Effect Spore|[of] p2a: Amoonguss\n|-enditem|p1b: Dragonite|Lum Berry|[eat]\n|-curestatus|p1b: Dragonite|psn|[msg]\n|move|p2b: Pelipper|Chilling Water|p1b: Dragonite\n|-resisted|p1b: Dragonite\n|-damage|p1b: Dragonite|71\/100\n|-unboost|p1b: Dragonite|atk|1\n|move|p1a: Scizor|U-turn|p2a: Amoonguss\n|-damage|p2a: Amoonguss|33\/100\n|-damage|p1a: Scizor|84\/100|[from] item: Rocky Helmet|[of] p2a: Amoonguss\n|-status|p1a: Scizor|slp|[from] ability: Effect Spore|[of] p2a: Amoonguss\n|-damage|p1a: Scizor|75\/100 slp|[from] item: Life Orb\n|\n|t:|1683301016\n|switch|p1a: Iron Bundle|Iron Bundle, L50|100\/100|[from] U-turn\n|-enditem|p1a: Iron Bundle|Booster Energy\n|-activate|p1a: Iron Bundle|ability: Quark Drive|[fromitem]\n|-start|p1a: Iron Bundle|quarkdrivespe\n|move|p2a: Amoonguss|Spore|p1a: Iron Bundle\n|-status|p1a: Iron Bundle|slp|[from] move: Spore\n|\n|-weather|RainDance|[upkeep]\n|upkeep\n|turn|2\n|inactive|Dannash has 30 seconds left.\n|\n|t:|1683301041\n|cant|p1a: Iron Bundle|slp\n|move|p1b: Dragonite|Protect|p1b: Dragonite\n|-singleturn|p1b: Dragonite|Protect\n|move|p2b: Pelipper|Tailwind|p2b: Pelipper\n|-sidestart|p2: toad507|move: Tailwind\n|move|p2a: Amoonguss|Giga Drain|p1a: Iron Bundle\n|-supereffective|p1a: Iron Bundle\n|-damage|p1a: Iron Bundle|13\/100 slp\n|-heal|p2a: Amoonguss|58\/100|[from] drain|[of] p1a: Iron Bundle\n|\n|-weather|RainDance|[upkeep]\n|upkeep\n|turn|3\n|inactive|Dannash has 30 seconds left.\n|inactive|Dannash has 20 seconds left.\n|\n|t:|1683301080\n|-end|p1a: Iron Bundle|Quark Drive|[silent]\n|switch|p1a: Garchomp|Garchomp, L50, M|100\/100\n|-terastallize|p1b: Dragonite|Flying\n|move|p2b: Pelipper|Icy Wind|p1b: Dragonite|[spread] p1a,p1b\n|-supereffective|p1a: Garchomp\n|-supereffective|p1b: Dragonite\n|-damage|p1a: Garchomp|57\/100\n|-damage|p1b: Dragonite|50\/100\n|-unboost|p1b: Dragonite|spe|1\n|move|p2a: Amoonguss|Giga Drain|p1a: Garchomp\n|-damage|p1a: Garchomp|32\/100\n|-heal|p2a: Amoonguss|69\/100|[from] drain|[of] p1a: Garchomp\n|move|p1b: Dragonite|Tera Blast|p2a: Amoonguss\n|-supereffective|p2a: Amoonguss\n|-damage|p2a: Amoonguss|2\/100\n|\n|-weather|RainDance|[upkeep]\n|upkeep\n|turn|4\n|inactive|toad507 has 30 seconds left.\n|\n|t:|1683301105\n|move|p1b: Dragonite|Protect|p1b: Dragonite\n|-singleturn|p1b: Dragonite|Protect\n|move|p2b: Pelipper|Icy Wind|p1a: Garchomp|[spread] p1a\n|-activate|p1b: Dragonite|move: Protect\n|-supereffective|p1a: Garchomp\n|-damage|p1a: Garchomp|0 fnt\n|faint|p1a: Garchomp\n|move|p2a: Amoonguss|Giga Drain|p1b: Dragonite\n|-activate|p1b: Dragonite|move: Protect\n|\n|-weather|RainDance|[upkeep]\n|upkeep\n|\n|t:|1683301115\n|switch|p1a: Scizor|Scizor, L50, M|75\/100 slp\n|turn|5\n|\n|t:|1683301138\n|move|p1b: Dragonite|Extreme Speed|p2b: Pelipper\n|-damage|p2b: Pelipper|81\/100\n|cant|p1a: Scizor|slp\n|move|p2b: Pelipper|Chilling Water|p1a: Scizor\n|-damage|p1a: Scizor|42\/100 slp\n|-unboost|p1a: Scizor|atk|1\n|move|p2a: Amoonguss|Giga Drain|p1b: Dragonite\n|-resisted|p1b: Dragonite\n|-damage|p1b: Dragonite|37\/100\n|-heal|p2a: Amoonguss|7\/100|[from] drain|[of] p1b: Dragonite\n|\n|-weather|none\n|-sideend|p2: toad507|move: Tailwind\n|upkeep\n|turn|6\n|\n|t:|1683301162\n|move|p1b: Dragonite|Protect|p1b: Dragonite\n|-singleturn|p1b: Dragonite|Protect\n|cant|p1a: Scizor|slp\n|move|p2b: Pelipper|Tailwind|p2b: Pelipper\n|-sidestart|p2: toad507|move: Tailwind\n|move|p2a: Amoonguss|Pollen Puff|p2b: Pelipper\n|-heal|p2b: Pelipper|100\/100\n|\n|upkeep\n|turn|7\n|\n|t:|1683301180\n|switch|p2a: Breloom|Breloom, L50, M|100\/100\n|cant|p1a: Scizor|slp\n|move|p1b: Dragonite|Extreme Speed|p2a: Breloom\n|-damage|p2a: Breloom|76\/100\n|move|p2b: Pelipper|Chilling Water|p1a: Scizor\n|-damage|p1a: Scizor|23\/100 slp\n|-unboost|p1a: Scizor|atk|1\n|\n|-status|p2a: Breloom|tox|[from] item: Toxic Orb\n|upkeep\n|turn|8\n|\n|t:|1683301202\n|move|p2b: Pelipper|Chilling Water|p1b: Dragonite\n|-damage|p1b: Dragonite|19\/100\n|-unboost|p1b: Dragonite|atk|1\n|move|p2a: Breloom|Spore|p1b: Dragonite\n|-status|p1b: Dragonite|slp|[from] move: Spore\n|cant|p1b: Dragonite|slp\n|-curestatus|p1a: Scizor|slp|[msg]\n|move|p1a: Scizor|Wing Attack|p2a: Breloom\n|-supereffective|p2a: Breloom\n|-damage|p2a: Breloom|0 fnt\n|faint|p2a: Breloom\n|-damage|p1a: Scizor|13\/100|[from] item: Life Orb\n|\n|upkeep\n|\n|t:|1683301219\n|switch|p2a: Basculin|Basculin, L50, M, shiny|100\/100\n|turn|9\n|\n|t:|1683301233\n|switch|p2b: Amoonguss|Amoonguss, L50, F|7\/100\n|move|p1a: Scizor|Protect|p1a: Scizor\n|-singleturn|p1a: Scizor|Protect\n|cant|p1b: Dragonite|slp\n|move|p2a: Basculin|Waterfall|p1a: Scizor\n|-activate|p1a: Scizor|move: Protect\n|\n|-sideend|p2: toad507|move: Tailwind\n|upkeep\n|turn|10\n|inactive|Dannash has 30 seconds left.\n|\n|t:|1683301260\n|cant|p1b: Dragonite|slp\n|move|p2a: Basculin|Aqua Jet|p1a: Scizor\n|-damage|p1a: Scizor|0 fnt\n|faint|p1a: Scizor\n|move|p2b: Amoonguss|Giga Drain|p1b: Dragonite\n|-resisted|p1b: Dragonite\n|-damage|p1b: Dragonite|8\/100 slp\n|-heal|p2b: Amoonguss|11\/100|[from] drain|[of] p1b: Dragonite\n|\n|upkeep\n|\n|t:|1683301270\n|switch|p1a: Iron Bundle|Iron Bundle, L50|13\/100 slp\n|turn|11\n|\n|t:|1683301277\n|-curestatus|p1b: Dragonite|slp|[msg]\n|move|p1b: Dragonite|Extreme Speed|p2b: Amoonguss\n|-damage|p2b: Amoonguss|0 fnt\n|-damage|p1b: Dragonite|0 fnt|[from] item: Rocky Helmet|[of] p2b: Amoonguss\n|faint|p2b: Amoonguss\n|faint|p1b: Dragonite\n|move|p2a: Basculin|Aqua Jet|p1a: Iron Bundle\n|-resisted|p1a: Iron Bundle\n|-damage|p1a: Iron Bundle|0 fnt\n|faint|p1a: Iron Bundle\n|-end|p1a: Iron Bundle|Quark Drive|[silent]\n|\n|win|toad507\n|raw|Dannash's rating: 1157 → 1126<\/strong> (-31 for losing)\n|raw|toad507's rating: 1073 → 1109<\/strong> (+36 for winning)\n|l|\u2606Dannash\n","uploadtime":1683301303,"views":10,"p1id":"dannash","p2id":"toad507","formatid":"gen9vgc2023regulationc","rating":1109,"private":0,"password":""}