{"id":"gen9vgc2023regulationc-1857793220","p1":"pelukas","p2":"BalloonPT","format":"[Gen 9] VGC 2023 Regulation C","log":"|j|\u2606pelukas\n|j|\u203dBalloonPT\n|t:|1683232327\n|gametype|doubles\n|player|p1|pelukas|palmer|1097\n|player|p2|BalloonPT|medium|1000\n|teamsize|p1|6\n|teamsize|p2|6\n|gen|9\n|tier|[Gen 9] VGC 2023 Regulation C\n|rated|\n|rule|Species Clause: Limit one of each Pok\u00e9mon\n|rule|Item Clause: Limit one of each item\n|clearpoke\n|poke|p1|Flutter Mane, L50|\n|poke|p1|Iron Valiant, L50|\n|poke|p1|Tinkaton, L50, F|\n|poke|p1|Gardevoir, L50, F|\n|poke|p1|Palafin, L50, M|\n|poke|p1|Dachsbun, L50, F|\n|poke|p2|Indeedee-F, L50, F|\n|poke|p2|Armarouge, L50, F|\n|poke|p2|Hydreigon, L50, F|\n|poke|p2|Torkoal, L50, F|\n|poke|p2|Scovillain, L50, F|\n|poke|p2|Ting-Lu, L50|\n|teampreview|4\npelukas rejected open team sheets.\n|\n|t:|1683232353\n|start\n|switch|p1a: Palafin|Palafin, L50, M|100\/100\n|switch|p1b: Dachsbun|Dachsbun, L50, F, shiny|100\/100\n|switch|p2a: Scovillain|Scovillain, L50, F|100\/100\n|switch|p2b: Armarouge|Armarouge, L50, F|100\/100\n|turn|1\n|\n|t:|1683232387\n|detailschange|p1a: Palafin|Palafin-Hero, L50, M\n|switch|p1a: Flutter Mane|Flutter Mane, L50|100\/100\n|-enditem|p1a: Flutter Mane|Booster Energy\n|-activate|p1a: Flutter Mane|ability: Protosynthesis|[fromitem]\n|-start|p1a: Flutter Mane|protosynthesisspe\n|switch|p2b: Ting-Lu|Ting-Lu, L50|100\/100\n|-ability|p2b: Ting-Lu|Vessel of Ruin\n|move|p1b: Dachsbun|Protect|p1b: Dachsbun\n|-singleturn|p1b: Dachsbun|Protect\n|move|p2a: Scovillain|Leech Seed|p1a: Flutter Mane\n|-start|p1a: Flutter Mane|move: Leech Seed\n|\n|-damage|p1a: Flutter Mane|88\/100|[from] Leech Seed|[of] p2a: Scovillain\n|upkeep\n|turn|2\n|\n|t:|1683232429\n|move|p1a: Flutter Mane|Moonblast|p2b: Ting-Lu\n|-supereffective|p2b: Ting-Lu\n|-damage|p2b: Ting-Lu|67\/100\n|move|p1b: Dachsbun|Play Rough|p2b: Ting-Lu\n|-supereffective|p2b: Ting-Lu\n|-damage|p2b: Ting-Lu|37\/100\n|move|p2a: Scovillain|Leech Seed|p1b: Dachsbun\n|-start|p1b: Dachsbun|move: Leech Seed\n|move|p2b: Ting-Lu|Heavy Slam|p1a: Flutter Mane\n|-supereffective|p1a: Flutter Mane\n|-damage|p1a: Flutter Mane|0 fnt\n|faint|p1a: Flutter Mane\n|-end|p1a: Flutter Mane|Protosynthesis|[silent]\n|\n|-damage|p1b: Dachsbun|88\/100|[from] Leech Seed|[of] p2a: Scovillain\n|upkeep\n|\n|t:|1683232448\n|switch|p1a: Palafin|Palafin-Hero, L50, M|100\/100\n|-activate|p1a: Palafin|ability: Zero to Hero\n|turn|3\n|inactive|Battle timer is ON: inactive players will automatically lose when time's up. (requested by pelukas)\n|\n|t:|1683232493\n|switch|p1b: Iron Valiant|Iron Valiant, L50|100\/100\n|-terastallize|p1a: Palafin|Fairy\n|move|p1a: Palafin|Wave Crash|p2b: Ting-Lu\n|-supereffective|p2b: Ting-Lu\n|-damage|p2b: Ting-Lu|0 fnt\n|faint|p2b: Ting-Lu\n|-damage|p1a: Palafin|86\/100|[from] Recoil\n|move|p2a: Scovillain|Leech Seed|p1a: Palafin\n|-start|p1a: Palafin|move: Leech Seed\n|\n|-damage|p1a: Palafin|74\/100|[from] Leech Seed|[of] p2a: Scovillain\n|upkeep\n|\n|t:|1683232507\n|switch|p2b: Hydreigon|Hydreigon, L50, F|100\/100\n|turn|4\n|inactive|pelukas has 30 seconds left.\n|\n|t:|1683232535\n|-terastallize|p2b: Hydreigon|Poison\n|move|p1a: Palafin|Protect|p1a: Palafin\n|-singleturn|p1a: Palafin|Protect\n|move|p1b: Iron Valiant|Spirit Break|p2b: Hydreigon\n|-resisted|p2b: Hydreigon\n|-damage|p2b: Hydreigon|74\/100\n|-unboost|p2b: Hydreigon|spa|1\n|-damage|p1b: Iron Valiant|91\/100|[from] item: Life Orb\n|move|p2b: Hydreigon|Tera Blast|p1a: Palafin\n|-activate|p1a: Palafin|move: Protect\n|move|p2a: Scovillain|Leech Seed|p1b: Iron Valiant\n|-start|p1b: Iron Valiant|move: Leech Seed\n|\n|-damage|p1b: Iron Valiant|79\/100|[from] Leech Seed|[of] p2a: Scovillain\n|-damage|p1a: Palafin|61\/100|[from] Leech Seed|[of] p2a: Scovillain\n|upkeep\n|turn|5\n|\n|t:|1683232560\n|switch|p2b: Armarouge|Armarouge, L50, F|100\/100\n|move|p2a: Scovillain|Protect|p2a: Scovillain\n|-singleturn|p2a: Scovillain|Protect\n|move|p1a: Palafin|Jet Punch|p2b: Armarouge\n|-supereffective|p2b: Armarouge\n|-damage|p2b: Armarouge|18\/100\n|-enditem|p2b: Armarouge|Weakness Policy\n|-boost|p2b: Armarouge|atk|2|[from] item: Weakness Policy\n|-boost|p2b: Armarouge|spa|2|[from] item: Weakness Policy\n|move|p1b: Iron Valiant|Close Combat|p2a: Scovillain\n|-activate|p2a: Scovillain|move: Protect\n|\n|-damage|p1b: Iron Valiant|67\/100|[from] Leech Seed|[of] p2a: Scovillain\n|-damage|p1a: Palafin|49\/100|[from] Leech Seed|[of] p2a: Scovillain\n|upkeep\n|turn|6\n|inactive|BalloonPT has 30 seconds left.\n|\n|t:|1683232591\n|switch|p2a: Hydreigon|Hydreigon, L50, F, tera:Poison|74\/100\n|move|p1a: Palafin|Jet Punch|p2b: Armarouge\n|-supereffective|p2b: Armarouge\n|-damage|p2b: Armarouge|0 fnt\n|faint|p2b: Armarouge\n|move|p1b: Iron Valiant|Close Combat|p2a: Hydreigon\n|-resisted|p2a: Hydreigon\n|-crit|p2a: Hydreigon\n|-damage|p2a: Hydreigon|3\/100\n|-unboost|p1b: Iron Valiant|def|1\n|-unboost|p1b: Iron Valiant|spd|1\n|-damage|p1b: Iron Valiant|58\/100|[from] item: Life Orb\n|\n|-damage|p1b: Iron Valiant|45\/100|[from] Leech Seed|[of] p2a: Hydreigon\n|-heal|p2a: Hydreigon|14\/100|[silent]\n|-damage|p1a: Palafin|37\/100|[from] Leech Seed|[of] p2a: Hydreigon\n|-heal|p2a: Hydreigon|29\/100|[silent]\n|upkeep\n|\n|t:|1683232606\n|switch|p2b: Scovillain|Scovillain, L50, F|100\/100\n|turn|7\n|\n|t:|1683232618\n|-end|p1b: Iron Valiant|Quark Drive|[silent]\n|switch|p1b: Dachsbun|Dachsbun, L50, F, shiny|88\/100\n|move|p1a: Palafin|Jet Punch|p2a: Hydreigon\n|-damage|p2a: Hydreigon|0 fnt\n|faint|p2a: Hydreigon\n|move|p2b: Scovillain|Flamethrower|p1b: Dachsbun\n|-ability|p1b: Dachsbun|Well-Baked Body|boost\n|-boost|p1b: Dachsbun|def|2\n|\n|upkeep\n|turn|8\n|-message|BalloonPT forfeited.\n|\n|win|pelukas\n|raw|pelukas's rating: 1097 → 1116<\/strong> (+19 for winning)\n|raw|BalloonPT's rating: 1000 → 1000<\/strong> (+0 for losing)\n|l|\u203dBalloonPT\n","uploadtime":1683232742,"views":6,"p1id":"pelukas","p2id":"balloonpt","formatid":"gen9vgc2023regulationc","rating":1000,"private":0,"password":""}