{"id":"gen9vgc2023regulationc-1849716114","p1":"Arcacagne","p2":"Kaiusco","format":"[Gen 9] VGC 2023 Regulation C","log":"|j|\u2606Arcacagne\n|j|\u2606Kaiusco\n|t:|1682238261\n|gametype|doubles\n|player|p1|Arcacagne|102|1158\n|player|p2|Kaiusco|striker|1133\n|teamsize|p1|6\n|teamsize|p2|6\n|gen|9\n|tier|[Gen 9] VGC 2023 Regulation C\n|rated|\n|rule|Species Clause: Limit one of each Pok\u00e9mon\n|rule|Item Clause: Limit one of each item\n|clearpoke\n|poke|p1|Chi-Yu, L50|\n|poke|p1|Flutter Mane, L50|\n|poke|p1|Amoonguss, L50, M|\n|poke|p1|Palafin, L50, F|\n|poke|p1|Kingambit, L50, M|\n|poke|p1|Arcanine, L50, M|\n|poke|p2|Scizor, L50, M|\n|poke|p2|Amoonguss, L50, F|\n|poke|p2|Palafin, L50, M|\n|poke|p2|Tauros-Paldea-Blaze, L50, M|\n|poke|p2|Chien-Pao, L50|\n|poke|p2|Iron Valiant, L50|\n|teampreview|4\n|j| Ahsakurahh\n|\n|t:|1682238298\n|start\n|switch|p1a: Kingambit|Kingambit, L50, M|100\/100\n|switch|p1b: Palafin|Palafin, L50, F|100\/100\n|switch|p2a: Palafin|Palafin, L50, M|100\/100\n|switch|p2b: Chien-Pao|Chien-Pao, L50|100\/100\n|-ability|p2b: Chien-Pao|Sword of Ruin\n|turn|1\n|inactive|Battle timer is ON: inactive players will automatically lose when time's up. (requested by Arcacagne)\n|\n|t:|1682238338\n|detailschange|p1b: Palafin|Palafin-Hero, L50, F\n|switch|p1b: Arcanine|Arcanine, L50, M|100\/100\n|-ability|p1b: Arcanine|Intimidate|boost\n|-unboost|p2a: Palafin|atk|1\n|-unboost|p2b: Chien-Pao|atk|1\n|detailschange|p2a: Palafin|Palafin-Hero, L50, M\n|switch|p2a: Tauros|Tauros-Paldea-Blaze, L50, M|100\/100\n|-ability|p2a: Tauros|Intimidate|boost\n|-unboost|p1a: Kingambit|atk|1\n|-ability|p1a: Kingambit|Defiant|boost\n|-boost|p1a: Kingambit|atk|2\n|-unboost|p1b: Arcanine|atk|1\n|-terastallize|p1a: Kingambit|Water\n|move|p2b: Chien-Pao|Sacred Sword|p1a: Kingambit\n|-damage|p1a: Kingambit|81\/100\n|move|p1a: Kingambit|Swords Dance|p1a: Kingambit\n|-boost|p1a: Kingambit|atk|2\n|\n|upkeep\n|turn|2\n|inactive|Arcacagne has 30 seconds left.\n|inactive|Kaiusco has 30 seconds left.\n|inactive|Arcacagne has 20 seconds left.\n|inactive|Kaiusco has 20 seconds left.\n|\n|t:|1682238377\n|move|p2b: Chien-Pao|Protect|p2b: Chien-Pao\n|-singleturn|p2b: Chien-Pao|Protect\n|move|p1b: Arcanine|Extreme Speed|p2a: Tauros\n|-damage|p2a: Tauros|82\/100\n|move|p1a: Kingambit|Sucker Punch||[still]\n|-fail|p1a: Kingambit\n|move|p2a: Tauros|Will-O-Wisp|p1a: Kingambit\n|-status|p1a: Kingambit|brn\n|-enditem|p1a: Kingambit|Lum Berry|[eat]\n|-curestatus|p1a: Kingambit|brn|[msg]\n|\n|upkeep\n|turn|3\n|\n|t:|1682238397\n|move|p2b: Chien-Pao|Sucker Punch||[still]\n|-fail|p2b: Chien-Pao\n|move|p2a: Tauros|Will-O-Wisp|p1a: Kingambit\n|-status|p1a: Kingambit|brn\n|move|p1b: Arcanine|Flare Blitz|p2b: Chien-Pao\n|-supereffective|p2b: Chien-Pao\n|-damage|p2b: Chien-Pao|12\/100\n|-damage|p1b: Arcanine|77\/100|[from] Recoil\n|move|p1a: Kingambit|Swords Dance|p1a: Kingambit\n|-boost|p1a: Kingambit|atk|2\n|\n|-damage|p1a: Kingambit|75\/100 brn|[from] brn\n|upkeep\n|turn|4\n|\n|t:|1682238420\n|move|p1b: Arcanine|Extreme Speed|p2b: Chien-Pao\n|-crit|p2b: Chien-Pao\n|-damage|p2b: Chien-Pao|0 fnt\n|faint|p2b: Chien-Pao\n|move|p2a: Tauros|Close Combat|p1a: Kingambit\n|-damage|p1a: Kingambit|29\/100 brn\n|-unboost|p2a: Tauros|def|1\n|-unboost|p2a: Tauros|spd|1\n|move|p1a: Kingambit|Kowtow Cleave|p2a: Tauros\n|-resisted|p2a: Tauros\n|-damage|p2a: Tauros|12\/100\n|\n|-damage|p1a: Kingambit|23\/100 brn|[from] brn\n|upkeep\n|\n|t:|1682238440\n|switch|p2b: Palafin|Palafin-Hero, L50, M|100\/100\n|-activate|p2b: Palafin|ability: Zero to Hero\n|turn|5\n|\n|t:|1682238462\n|move|p1b: Arcanine|Extreme Speed|p2a: Tauros\n|-damage|p2a: Tauros|0 fnt\n|faint|p2a: Tauros\n|move|p2b: Palafin|Jet Punch|p1b: Arcanine\n|-supereffective|p1b: Arcanine\n|-damage|p1b: Arcanine|0 fnt\n|faint|p1b: Arcanine\n|move|p1a: Kingambit|Kowtow Cleave|p2b: Palafin\n|-damage|p2b: Palafin|23\/100\n|\n|-damage|p1a: Kingambit|17\/100 brn|[from] brn\n|upkeep\n|\n|t:|1682238476\n|switch|p2a: Scizor|Scizor, L50, M, shiny|100\/100\n|switch|p1b: Amoonguss|Amoonguss, L50, M|100\/100\n|turn|6\n|\n|t:|1682238488\n|move|p1b: Amoonguss|Rage Powder|p1b: Amoonguss\n|-singleturn|p1b: Amoonguss|move: Rage Powder\n|move|p2b: Palafin|Jet Punch|p1b: Amoonguss\n|-resisted|p1b: Amoonguss\n|-damage|p1b: Amoonguss|81\/100\n|-damage|p2b: Palafin|6\/100|[from] item: Rocky Helmet|[of] p1b: Amoonguss\n|move|p2a: Scizor|Aerial Ace|p1b: Amoonguss\n|-supereffective|p1b: Amoonguss\n|-damage|p1b: Amoonguss|24\/100\n|-damage|p2a: Scizor|84\/100|[from] item: Rocky Helmet|[of] p1b: Amoonguss\n|move|p1a: Kingambit|Kowtow Cleave|p2a: Scizor\n|-damage|p2a: Scizor|7\/100\n|\n|-damage|p1a: Kingambit|11\/100 brn|[from] brn\n|upkeep\n|turn|7\n|\n|t:|1682238509\n|move|p2b: Palafin|Protect|p2b: Palafin\n|-singleturn|p2b: Palafin|Protect\n|move|p2a: Scizor|Protect|p2a: Scizor\n|-singleturn|p2a: Scizor|Protect\n|move|p1b: Amoonguss|Rage Powder|p1b: Amoonguss\n|-singleturn|p1b: Amoonguss|move: Rage Powder\n|move|p1a: Kingambit|Sucker Punch||[still]\n|-fail|p1a: Kingambit\n|\n|-damage|p1a: Kingambit|5\/100 brn|[from] brn\n|upkeep\n|turn|8\n|inactive|Kaiusco has 30 seconds left.\n|\n|t:|1682238543\n|move|p1b: Amoonguss|Rage Powder|p1b: Amoonguss\n|-singleturn|p1b: Amoonguss|move: Rage Powder\n|move|p2b: Palafin|Jet Punch|p1b: Amoonguss\n|-resisted|p1b: Amoonguss\n|-damage|p1b: Amoonguss|2\/100\n|-damage|p2b: Palafin|0 fnt|[from] item: Rocky Helmet|[of] p1b: Amoonguss\n|faint|p2b: Palafin\n|move|p2a: Scizor|Bullet Punch|p1b: Amoonguss\n|-damage|p1b: Amoonguss|0 fnt\n|-damage|p2a: Scizor|0 fnt|[from] item: Rocky Helmet|[of] p1b: Amoonguss\n|faint|p1b: Amoonguss\n|faint|p2a: Scizor\n|\n|win|Arcacagne\n|raw|Arcacagne's rating: 1158 → 1181<\/strong> (+23 for winning)\n|raw|Kaiusco's rating: 1133 → 1110<\/strong> (-23 for losing)\n|c|\u2606Arcacagne|Gg\n|l|\u2606Kaiusco\n|l| Ahsakurahh\n","uploadtime":1682238582,"views":13,"p1id":"arcacagne","p2id":"kaiusco","formatid":"gen9vgc2023regulationc","rating":1110,"private":0,"password":""}