{"id":"gen9vgc2023regulationc-1863488901","p1":"gucci_shinigami","p2":"Eto89","format":"[Gen 9] VGC 2023 Regulation C","log":"|j|\u2606gucci_shinigami\n|j|\u2606Eto89\n|t:|1684024247\n|gametype|doubles\n|player|p1|gucci_shinigami|karen|1179\n|player|p2|Eto89|colress|1143\n|teamsize|p1|6\n|teamsize|p2|6\n|gen|9\n|tier|[Gen 9] VGC 2023 Regulation C\n|rated|\n|rule|Species Clause: Limit one of each Pok\u00e9mon\n|rule|Item Clause: Limit one of each item\n|clearpoke\n|poke|p1|Chien-Pao, L50|\n|poke|p1|Dragapult, L50, M|\n|poke|p1|Amoonguss, L50, F|\n|poke|p1|Talonflame, L50, M|\n|poke|p1|Iron Moth, L50|\n|poke|p1|Iron Hands, L50|\n|poke|p2|Torkoal, L50, M|\n|poke|p2|Lilligant, L50, F|\n|poke|p2|Flutter Mane, L50|\n|poke|p2|Great Tusk, L50|\n|poke|p2|Dragonite, L50, F|\n|poke|p2|Chien-Pao, L50|\n|teampreview|4\nEto89 rejected open team sheets.\n|c|\u2606Eto89|GLHF\n|c|\u2606gucci_shinigami|glhf\n|\n|t:|1684024284\n|start\n|switch|p1a: Talonflame|Talonflame, L50, M|100\/100\n|switch|p1b: Iron Hands|Iron Hands, L50|100\/100\n|switch|p2a: Torkoal|Torkoal, L50, M|100\/100\n|switch|p2b: Lilligant|Lilligant, L50, F|100\/100\n|-weather|SunnyDay|[from] ability: Drought|[of] p2a: Torkoal\n|turn|1\n|inactive|Battle timer is ON: inactive players will automatically lose when time's up. (requested by Eto89)\n|inactive|gucci_shinigami has 60 seconds left.\n|\n|t:|1684024330\n|move|p1b: Iron Hands|Fake Out|p2a: Torkoal\n|-damage|p2a: Torkoal|88\/100\n|move|p1a: Talonflame|Tailwind|p1a: Talonflame\n|-sidestart|p1: gucci_shinigami|move: Tailwind\n|move|p2b: Lilligant|After You|p2a: Torkoal\n|-activate|p2a: Torkoal|move: After You\n|cant|p2a: Torkoal|flinch\n|\n|-weather|SunnyDay|[upkeep]\n|upkeep\n|turn|2\n|c|\u2606Eto89|If the timer become a problem I will take him off\n|c|\u2606Eto89|Don't want to win on time\n|inactive|Eto89 has 30 seconds left.\n|c|\u2606Eto89|Only in case of Quitting\n|c|\u2606gucci_shinigami|Nah it's good practice\n|inactive|Eto89 has 20 seconds left.\n|inactive|Eto89 has 15 seconds left.\n|\n|t:|1684024375\n|move|p1a: Talonflame|Taunt|p2b: Lilligant\n|-start|p2b: Lilligant|move: Taunt\n|cant|p2b: Lilligant|move: Taunt|After You\n|move|p1b: Iron Hands|Drain Punch|p2a: Torkoal\n|-damage|p2a: Torkoal|53\/100\n|move|p2a: Torkoal|Heat Wave|p1b: Iron Hands|[spread] p1b\n|-miss|p2a: Torkoal|p1a: Talonflame\n|-damage|p1b: Iron Hands|71\/100\n|\n|-weather|SunnyDay|[upkeep]\n|upkeep\n|turn|3\n|\n|t:|1684024396\n|switch|p1a: Iron Moth|Iron Moth, L50|100\/100\n|-enditem|p1a: Iron Moth|Booster Energy\n|-activate|p1a: Iron Moth|ability: Quark Drive|[fromitem]\n|-start|p1a: Iron Moth|quarkdrivespa\n|switch|p2b: Great Tusk|Great Tusk, L50|100\/100\n|-activate|p2b: Great Tusk|ability: Protosynthesis\n|-start|p2b: Great Tusk|protosynthesisatk\n|move|p1b: Iron Hands|Volt Switch|p2a: Torkoal\n|-damage|p2a: Torkoal|34\/100\n|\n|t:|1684024408\n|-end|p1b: Iron Hands|Quark Drive|[silent]\n|switch|p1b: Talonflame|Talonflame, L50, M|100\/100|[from] Volt Switch\n|move|p2a: Torkoal|Earth Power|p1b: Talonflame\n|-immune|p1b: Talonflame\n|\n|-weather|SunnyDay|[upkeep]\n|upkeep\n|turn|4\n|\n|t:|1684024425\n|move|p2a: Torkoal|Protect|p2a: Torkoal\n|-singleturn|p2a: Torkoal|Protect\n|move|p1b: Talonflame|Taunt|p2a: Torkoal\n|-activate|p2a: Torkoal|move: Protect\n|move|p1a: Iron Moth|Energy Ball|p2b: Great Tusk\n|-supereffective|p2b: Great Tusk\n|-crit|p2b: Great Tusk\n|-damage|p2b: Great Tusk|0 fnt\n|faint|p2b: Great Tusk\n|-end|p2b: Great Tusk|Protosynthesis|[silent]\n|\n|-weather|SunnyDay|[upkeep]\n|-sideend|p1: gucci_shinigami|move: Tailwind\n|upkeep\n|\n|t:|1684024445\n|switch|p2b: Flutter Mane|Flutter Mane, L50|100\/100\n|-activate|p2b: Flutter Mane|ability: Protosynthesis\n|-start|p2b: Flutter Mane|protosynthesisspa\n|turn|5\n|c|\u2606Eto89|Didn't tailwind get off\n|c|\u2606Eto89|And I'm scarf so\n|c|\u2606Eto89|What happened\n|inactive|Eto89 has 30 seconds left.\n|inactive|Eto89 has 20 seconds left.\n|\n|t:|1684024483\n|move|p1a: Iron Moth|Protect|p1a: Iron Moth\n|-singleturn|p1a: Iron Moth|Protect\n|move|p1b: Talonflame|Tailwind|p1b: Talonflame\n|-sidestart|p1: gucci_shinigami|move: Tailwind\n|move|p2b: Flutter Mane|Icy Wind|p1b: Talonflame|[spread] p1b\n|-activate|p1a: Iron Moth|move: Protect\n|-damage|p1b: Talonflame|62\/100\n|-unboost|p1b: Talonflame|spe|1\n|move|p2a: Torkoal|Earth Power|p1a: Iron Moth\n|-activate|p1a: Iron Moth|move: Protect\n|\n|-weather|none\n|-end|p2b: Flutter Mane|Protosynthesis\n|upkeep\n|turn|6\n|c|\u2606gucci_shinigami|Tailwind went off at the end of the turn\n|c|\u2606Eto89|Oh\n|c|\u2606Eto89|Didn't notice\n|c|\u2606Eto89|Thx\n|inactive|gucci_shinigami has 30 seconds left.\n|inactive|Eto89 has 30 seconds left.\n|\n|t:|1684024515\n|-terastallize|p1a: Iron Moth|Grass\n|move|p1a: Iron Moth|Fiery Dance|p2b: Flutter Mane\n|-damage|p2b: Flutter Mane|40\/100\n|move|p1b: Talonflame|Brave Bird|p2b: Flutter Mane\n|-damage|p2b: Flutter Mane|0 fnt\n|faint|p2b: Flutter Mane\n|-end|p2b: Flutter Mane|Protosynthesis|[silent]\n|-damage|p1b: Talonflame|53\/100|[from] Recoil\n|move|p2a: Torkoal|Earth Power|p1a: Iron Moth\n|-resisted|p1a: Iron Moth\n|-damage|p1a: Iron Moth|86\/100\n|-unboost|p1a: Iron Moth|spd|1\n|\n|upkeep\n|\n|t:|1684024530\n|switch|p2b: Lilligant|Lilligant, L50, F|100\/100\n|turn|7\n|\n|t:|1684024538\n|move|p2b: Lilligant|Protect|p2b: Lilligant\n|-singleturn|p2b: Lilligant|Protect\n|move|p1a: Iron Moth|Fiery Dance|p2b: Lilligant\n|-activate|p2b: Lilligant|move: Protect\n|move|p1b: Talonflame|Brave Bird|p2b: Lilligant\n|-activate|p2b: Lilligant|move: Protect\n|move|p2a: Torkoal|Eruption|p1a: Iron Moth|[spread] p1a,p1b\n|-supereffective|p1a: Iron Moth\n|-resisted|p1b: Talonflame\n|-damage|p1a: Iron Moth|19\/100\n|-damage|p1b: Talonflame|40\/100\n|\n|upkeep\n|turn|8\n|inactive|Eto89 has 30 seconds left.\n|inactive|Eto89 has 20 seconds left.\n|\n|t:|1684024577\n|-terastallize|p2a: Torkoal|Fire\n|move|p1a: Iron Moth|Fiery Dance|p2b: Lilligant\n|-supereffective|p2b: Lilligant\n|-enditem|p2b: Lilligant|Focus Sash\n|-damage|p2b: Lilligant|1\/100\n|-boost|p1a: Iron Moth|spa|1\n|move|p1b: Talonflame|Brave Bird|p2a: Torkoal\n|-damage|p2a: Torkoal|6\/100\n|-damage|p1b: Talonflame|31\/100|[from] Recoil\n|move|p2b: Lilligant|Sleep Powder|p1b: Talonflame\n|-activate|p1b: Talonflame|item: Safety Goggles|Sleep Powder\n|move|p2a: Torkoal|Heat Wave|p1b: Talonflame|[spread] p1a,p1b\n|-supereffective|p1a: Iron Moth\n|-resisted|p1b: Talonflame\n|-damage|p1a: Iron Moth|0 fnt\n|-damage|p1b: Talonflame|2\/100\n|faint|p1a: Iron Moth\n|-end|p1a: Iron Moth|Quark Drive|[silent]\n|\n|-sideend|p1: gucci_shinigami|move: Tailwind\n|upkeep\n|\n|t:|1684024599\n|switch|p1a: Dragapult|Dragapult, L50, M|100\/100\n|turn|9\n|\n|t:|1684024612\n|move|p1a: Dragapult|Dragon Darts|p2a: Torkoal\n|-damage|p2a: Torkoal|0 fnt\n|-anim|p1a: Dragapult|Dragon Darts|p2b: Lilligant\n|-damage|p2b: Lilligant|0 fnt\n|faint|p2a: Torkoal\n|faint|p2b: Lilligant\n|\n|win|gucci_shinigami\n|raw|gucci_shinigami's rating: 1179 → 1201<\/strong> (+22 for winning)\n|raw|Eto89's rating: 1143 → 1121<\/strong> (-22 for losing)\n|c|\u2606Eto89|GG\n|c|\u2606gucci_shinigami|GG\n|c|\u2606Eto89|Could have played it better\n|c|\u2606Eto89|But WP for you\n|c|\u2606Eto89|*I could have played better\n|l|\u2606Eto89\n|c|\u2606gucci_shinigami|I have a lot of practice against LilliKoal, otherwise you'd have wiped me\n","uploadtime":1684025113,"views":14,"p1id":"guccishinigami","p2id":"eto89","formatid":"gen9vgc2023regulationc","rating":1121,"private":0,"password":""}