{"id":"gen9vgc2023regulationc-1861493342","p1":"jamesdaltonbell","p2":"FlowersBloom","format":"[Gen 9] VGC 2023 Regulation C","log":"|j|\u2606jamesdaltonbell\n|j|\u2606FlowersBloom\n|t:|1683764673\n|gametype|doubles\n|player|p1|jamesdaltonbell|pokemonbreeder|\n|player|p2|FlowersBloom|skier|\n|teamsize|p1|6\n|teamsize|p2|6\n|gen|9\n|tier|[Gen 9] VGC 2023 Regulation C\n|rule|Species Clause: Limit one of each Pok\u00e9mon\n|rule|Item Clause: Limit one of each item\n|clearpoke\n|poke|p1|Talonflame, L50, F|\n|poke|p1|Roaring Moon, L50|\n|poke|p1|Florges, L50, F|\n|poke|p1|Rotom-Frost, L50|\n|poke|p1|Qwilfish, L50, F|\n|poke|p1|Quaquaval, L50, F|\n|poke|p2|Scream Tail, L50|\n|poke|p2|Gothitelle, L50, M|\n|poke|p2|Palafin, L50, M|\n|poke|p2|Tauros-Paldea-Blaze, L50, M|\n|poke|p2|Pachirisu, L50, M|\n|poke|p2|Mudsdale, L50, M|\n|teampreview|4\n|c|\u2606FlowersBloom|g2\n|j| sucabaVGC\n|j| thejordanvgc\n|c|\u2606jamesdaltonbell|glhf\n|c|\u2606FlowersBloom|u2!\n|inactive|Battle timer is ON: inactive players will automatically lose when time's up. (requested by jamesdaltonbell)\n|inactive|jamesdaltonbell has 60 seconds left.\n|inactive|FlowersBloom has 60 seconds left.\n|inactive|jamesdaltonbell has 30 seconds left.\n|inactive|jamesdaltonbell has 20 seconds left.\n|inactive|jamesdaltonbell has 15 seconds left.\n|inactive|jamesdaltonbell has 10 seconds left.\n|inactive|jamesdaltonbell has 5 seconds left.\n|\n|t:|1683765312\n|start\n|switch|p1a: Etrigan the Demon|Roaring Moon, L50|100\/100\n|switch|p1b: Killer Frost|Rotom-Frost, L50|100\/100\n|switch|p2a: Tauros|Tauros-Paldea-Blaze, L50, M|100\/100\n|switch|p2b: Palafin|Palafin, L50, M|100\/100\n|-ability|p2a: Tauros|Intimidate|boost\n|-unboost|p1a: Etrigan the Demon|atk|1\n|-unboost|p1b: Killer Frost|atk|1\n|-enditem|p1a: Etrigan the Demon|Booster Energy\n|-activate|p1a: Etrigan the Demon|ability: Protosynthesis|[fromitem]\n|-start|p1a: Etrigan the Demon|protosynthesisspe\n|turn|1\n|inactive|jamesdaltonbell has 30 seconds left.\n|inactive|FlowersBloom has 30 seconds left.\n|inactive|jamesdaltonbell has 20 seconds left.\n|inactive|FlowersBloom has 20 seconds left.\n|inactive|jamesdaltonbell has 15 seconds left.\n|inactive|FlowersBloom has 15 seconds left.\n|inactive|jamesdaltonbell has 10 seconds left.\n|inactive|FlowersBloom has 10 seconds left.\n|\n|t:|1683765361\n|detailschange|p2b: Palafin|Palafin-Hero, L50, M\n|switch|p2b: Mudsdale|Mudsdale, L50, M|100\/100\n|-terastallize|p2a: Tauros|Water\n|move|p1a: Etrigan the Demon|Earthquake|p2b: Mudsdale|[spread] p2a,p2b\n|-immune|p1b: Killer Frost|[from] ability: Levitate\n|-crit|p2b: Mudsdale\n|-damage|p2a: Tauros|76\/100\n|-damage|p2b: Mudsdale|64\/100\n|-ability|p2b: Mudsdale|Stamina|boost\n|-boost|p2b: Mudsdale|def|1\n|move|p1b: Killer Frost|Volt Switch|p2a: Tauros\n|-supereffective|p2a: Tauros\n|-damage|p2a: Tauros|0 fnt\n|faint|p2a: Tauros\n|\n|t:|1683765375\n|switch|p1b: Triton|Qwilfish, L50, F|100\/100|[from] Volt Switch\n|-ability|p1b: Triton|Intimidate|boost\n|-unboost|p2b: Mudsdale|atk|1\n|\n|-heal|p2b: Mudsdale|71\/100|[from] item: Leftovers\n|upkeep\n|\n|t:|1683765391\n|switch|p2a: Palafin|Palafin-Hero, L50, M|100\/100\n|-activate|p2a: Palafin|ability: Zero to Hero\n|turn|2\n|\n|t:|1683765415\n|move|p1a: Etrigan the Demon|U-turn|p2a: Palafin\n|-damage|p2a: Palafin|82\/100\n|\n|t:|1683765418\n|-end|p1a: Etrigan the Demon|Protosynthesis|[silent]\n|switch|p1a: Killer Frost|Rotom-Frost, L50|100\/100|[from] U-turn\n|move|p2a: Palafin|Wave Crash|p1a: Killer Frost\n|-damage|p1a: Killer Frost|8\/100\n|-damage|p2a: Palafin|58\/100|[from] Recoil\n|move|p1b: Triton|Hydro Pump|p2b: Mudsdale\n|-supereffective|p2b: Mudsdale\n|-damage|p2b: Mudsdale|13\/100\n|-ability|p2b: Mudsdale|Stamina|boost\n|-boost|p2b: Mudsdale|def|1\n|move|p2b: Mudsdale|High Horsepower|p1b: Triton\n|-supereffective|p1b: Triton\n|-enditem|p1b: Triton|Focus Sash\n|-damage|p1b: Triton|1\/100\n|\n|-heal|p2b: Mudsdale|19\/100|[from] item: Leftovers\n|upkeep\n|turn|3\n|inactive|jamesdaltonbell has 30 seconds left.\n|inactive|FlowersBloom has 30 seconds left.\n|inactive|jamesdaltonbell has 20 seconds left.\n|\n|t:|1683765454\n|move|p2a: Palafin|Jet Punch|p1a: Killer Frost\n|-damage|p1a: Killer Frost|0 fnt\n|faint|p1a: Killer Frost\n|move|p1b: Triton|Liquidation|p2b: Mudsdale\n|-supereffective|p2b: Mudsdale\n|-damage|p2b: Mudsdale|0 fnt\n|faint|p2b: Mudsdale\n|\n|upkeep\n|\n|t:|1683765465\n|switch|p1a: Etrigan the Demon|Roaring Moon, L50|100\/100\n|switch|p2b: Scream Tail|Scream Tail, L50, shiny|100\/100\n|-enditem|p2b: Scream Tail|Booster Energy\n|-activate|p2b: Scream Tail|ability: Protosynthesis|[fromitem]\n|-start|p2b: Scream Tail|protosynthesisspe\n|turn|4\n|inactive|jamesdaltonbell has 30 seconds left.\n|inactive|FlowersBloom has 30 seconds left.\n|inactive|jamesdaltonbell has 20 seconds left.\n|inactive|FlowersBloom has 20 seconds left.\n|inactive|jamesdaltonbell has 15 seconds left.\n|inactive|FlowersBloom has 15 seconds left.\n|inactive|jamesdaltonbell has 10 seconds left.\n|inactive|jamesdaltonbell has 5 seconds left.\n|\n|t:|1683765516\n|move|p1a: Etrigan the Demon|Protect|p1a: Etrigan the Demon\n|-singleturn|p1a: Etrigan the Demon|Protect\n|move|p2a: Palafin|Jet Punch|p1a: Etrigan the Demon\n|-activate|p1a: Etrigan the Demon|move: Protect\n|move|p2b: Scream Tail|Dazzling Gleam|p1a: Etrigan the Demon|[spread] p1b\n|-activate|p1a: Etrigan the Demon|move: Protect\n|-resisted|p1b: Triton\n|-damage|p1b: Triton|0 fnt\n|faint|p1b: Triton\n|\n|upkeep\n|\n|t:|1683765525\n|switch|p1b: Hawkman|Talonflame, L50, F|100\/100\n|turn|5\n|\n|t:|1683765542\n|move|p1b: Hawkman|Tailwind|p1b: Hawkman\n|-sidestart|p1: jamesdaltonbell|move: Tailwind\n|move|p2a: Palafin|Jet Punch|p1b: Hawkman\n|-supereffective|p1b: Hawkman\n|-damage|p1b: Hawkman|13\/100\n|move|p1a: Etrigan the Demon|Throat Chop|p2b: Scream Tail\n|-damage|p2b: Scream Tail|64\/100\n|-start|p2b: Scream Tail|Throat Chop|[silent]\n|move|p2b: Scream Tail|Dazzling Gleam|p1a: Etrigan the Demon|[spread] p1a,p1b\n|-supereffective|p1a: Etrigan the Demon\n|-resisted|p1b: Hawkman\n|-damage|p1a: Etrigan the Demon|47\/100\n|-damage|p1b: Hawkman|4\/100\n|\n|upkeep\n|turn|6\n|inactive|jamesdaltonbell has 30 seconds left.\n|inactive|FlowersBloom has 30 seconds left.\n|inactive|jamesdaltonbell has 20 seconds left.\n|inactive|jamesdaltonbell has 15 seconds left.\n|inactive|jamesdaltonbell has 10 seconds left.\n|inactive|jamesdaltonbell has 5 seconds left.\n|\n|t:|1683765597\n|move|p2b: Scream Tail|Protect|p2b: Scream Tail\n|-singleturn|p2b: Scream Tail|Protect\n|move|p2a: Palafin|Jet Punch|p1b: Hawkman\n|-supereffective|p1b: Hawkman\n|-damage|p1b: Hawkman|0 fnt\n|faint|p1b: Hawkman\n|move|p1a: Etrigan the Demon|Earthquake|p2b: Scream Tail|[spread] p2a\n|-activate|p2b: Scream Tail|move: Protect\n|-damage|p2a: Palafin|29\/100\n|\n|-end|p2b: Scream Tail|Throat Chop|[silent]\n|upkeep\n|turn|7\n|inactive|FlowersBloom has 30 seconds left.\n|inactive|FlowersBloom has 20 seconds left.\n|\n|t:|1683765633\n|-terastallize|p1a: Etrigan the Demon|Ground\n|move|p1a: Etrigan the Demon|Earthquake|p2a: Palafin|[spread] p2a,p2b\n|-damage|p2a: Palafin|0 fnt\n|-damage|p2b: Scream Tail|30\/100\n|faint|p2a: Palafin\n|move|p2b: Scream Tail|Dazzling Gleam|p1a: Etrigan the Demon\n|-damage|p1a: Etrigan the Demon|28\/100\n|\n|upkeep\n|turn|8\n|\n|t:|1683765657\n|move|p2b: Scream Tail|Protect|p2b: Scream Tail\n|-singleturn|p2b: Scream Tail|Protect\n|move|p1a: Etrigan the Demon|Earthquake|p2b: Scream Tail\n|-activate|p2b: Scream Tail|move: Protect\n|\n|-sideend|p1: jamesdaltonbell|move: Tailwind\n|upkeep\n|turn|9\n|\n|t:|1683765671\n|move|p2b: Scream Tail|Dazzling Gleam|p1a: Etrigan the Demon\n|-damage|p1a: Etrigan the Demon|9\/100\n|move|p1a: Etrigan the Demon|Earthquake|p2b: Scream Tail\n|-damage|p2b: Scream Tail|0 fnt\n|faint|p2b: Scream Tail\n|-end|p2b: Scream Tail|Protosynthesis|[silent]\n|\n|win|jamesdaltonbell\n|c|\u2606FlowersBloom|gg well played\n|c|\u2606jamesdaltonbell|ggs\n|c|\u2606jamesdaltonbell|whew\n|c|\u2606jamesdaltonbell|made me work for it\n|c|\u2606FlowersBloom|completely forgot u still had tera lmao\n|c|\u2606FlowersBloom|you mind grabbing replays?\n|c|\u2606jamesdaltonbell|yep i got them\n|l|\u2606FlowersBloom\n","uploadtime":1683765715,"views":20,"p1id":"jamesdaltonbell","p2id":"flowersbloom","formatid":"gen9vgc2023regulationc","rating":0,"private":0,"password":""}