{"id":"gen9vgc2023regulationc-1846630947","p1":"Open Teamsheet","p2":"NickNoName","format":"[Gen 9] VGC 2023 Regulation C","log":"|j|\u2606Open Teamsheet\n|j|\u2606NickNoName\n|t:|1681859302\n|gametype|doubles\n|player|p1|Open Teamsheet|bertha|1442\n|player|p2|NickNoName|101|1536\n|teamsize|p1|6\n|teamsize|p2|6\n|gen|9\n|tier|[Gen 9] VGC 2023 Regulation C\n|rated|\n|rule|Species Clause: Limit one of each Pok\u00e9mon\n|rule|Item Clause: Limit one of each item\n|clearpoke\n|poke|p1|Chi-Yu, L50|\n|poke|p1|Dragapult, L50, M|\n|poke|p1|Flutter Mane, L50|\n|poke|p1|Scizor, L50, M|\n|poke|p1|Rotom-Wash, L50|\n|poke|p1|Amoonguss, L50, F|\n|poke|p2|Dondozo, L50, M|\n|poke|p2|Tatsugiri-Stretchy, L50, F|\n|poke|p2|Pelipper, L50, F|\n|poke|p2|Drednaw, L50, M|\n|poke|p2|Flutter Mane, L50|\n|poke|p2|Kingambit, L50, M|\n|teampreview|4\nOpen Teamsheet has agreed to open team sheets.\nNickNoName rejected open team sheets.\n|c|\u2606NickNoName|IC Practice\n|\n|t:|1681859368\n|start\n|switch|p1a: Rotom|Rotom-Wash, L50|100\/100\n|switch|p1b: Latifah|Amoonguss, L50, F|100\/100\n|switch|p2a: Dondozo|Dondozo, L50, M, shiny|100\/100\n|switch|p2b: Pelipper|Pelipper, L50, F|100\/100\n|-weather|RainDance|[from] ability: Drizzle|[of] p2b: Pelipper\n|turn|1\n|c|\u2606NickNoName|sorry\n|\n|t:|1681859386\n|move|p2a: Dondozo|Protect|p2a: Dondozo\n|-singleturn|p2a: Dondozo|Protect\n|move|p1b: Latifah|Protect|p1b: Latifah\n|-singleturn|p1b: Latifah|Protect\n|move|p1a: Rotom|Thunderbolt|p2b: Pelipper\n|-supereffective|p2b: Pelipper\n|-damage|p2b: Pelipper|0 fnt\n|faint|p2b: Pelipper\n|\n|-weather|RainDance|[upkeep]\n|upkeep\n|\n|t:|1681859394\n|switch|p2b: Tatsugiri|Tatsugiri-Stretchy, L50, F|100\/100\n|-activate|p2b: Tatsugiri|ability: Commander|[of] p2a: Dondozo\n|-boost|p2a: Dondozo|atk|2\n|-boost|p2a: Dondozo|spa|2\n|-boost|p2a: Dondozo|spe|2\n|-boost|p2a: Dondozo|def|2\n|-boost|p2a: Dondozo|spd|2\n|turn|2\n|c|\u2606Open Teamsheet|I already know it\u2019s surf dozo\n|\n|t:|1681859412\n|-terastallize|p2a: Dondozo|Water\n|move|p2a: Dondozo|Wave Crash|p1a: Rotom\n|-resisted|p1a: Rotom\n|-damage|p1a: Rotom|0 fnt\n|faint|p1a: Rotom\n|-damage|p2a: Dondozo|78\/100|[from] Recoil\n|-damage|p2a: Dondozo|68\/100|[from] item: Life Orb\n|move|p1b: Latifah|Spore|p2a: Dondozo\n|-status|p2a: Dondozo|slp|[from] move: Spore\n|\n|-weather|RainDance|[upkeep]\n|upkeep\n|c|\u2606NickNoName|Yeah\n|\n|t:|1681859419\n|switch|p1a: Flutter Mane|Flutter Mane, L50|100\/100\n|-enditem|p1a: Flutter Mane|Booster Energy\n|-activate|p1a: Flutter Mane|ability: Protosynthesis|[fromitem]\n|-start|p1a: Flutter Mane|protosynthesisspa\n|turn|3\n|\n|t:|1681859424\n|cant|p2a: Dondozo|slp\n|move|p2a: Dondozo|Sleep Talk|p2a: Dondozo\n|move|p2a: Dondozo|Surf|p1b: Latifah|[from]move: Sleep Talk|[spread] p1a,p1b\n|-miss|p2a: Dondozo|p2b: Tatsugiri\n|-resisted|p1b: Latifah\n|-damage|p1a: Flutter Mane|0 fnt\n|-damage|p1b: Latifah|44\/100\n|faint|p1a: Flutter Mane\n|-end|p1a: Flutter Mane|Protosynthesis|[silent]\n|-damage|p2a: Dondozo|59\/100 slp|[from] item: Life Orb\n|move|p1b: Latifah|Pollen Puff|p1: Flutter Mane|[notarget]\n|-fail|p1b: Latifah\n|\n|-weather|RainDance|[upkeep]\n|upkeep\n|\n|t:|1681859435\n|switch|p1a: Dragapult|Dragapult, L50, M|100\/100\n|turn|4\n|c|\u2606Open Teamsheet|I hate ladder\n|\n|t:|1681859448\n|move|p1a: Dragapult|Dragon Darts|p2a: Dondozo\n|-damage|p2a: Dondozo|43\/100 slp\n|-anim|p1a: Dragapult|Dragon Darts|p2a: Dondozo\n|-damage|p2a: Dondozo|29\/100 slp\n|-curestatus|p2a: Dondozo|slp|[msg]\n|move|p2a: Dondozo|Sleep Talk||[still]\n|-fail|p2a: Dondozo\n|move|p1b: Latifah|Pollen Puff|p2a: Dondozo\n|-damage|p2a: Dondozo|19\/100\n|\n|-weather|RainDance|[upkeep]\n|upkeep\n|turn|5\n|\n|t:|1681859463\n|move|p1a: Dragapult|Dragon Darts|p2a: Dondozo\n|-damage|p2a: Dondozo|4\/100\n|-anim|p1a: Dragapult|Dragon Darts|p2a: Dondozo\n|-damage|p2a: Dondozo|0 fnt\n|faint|p2a: Dondozo\n|move|p1b: Latifah|Spore|p2b: Tatsugiri\n|-status|p2b: Tatsugiri|slp|[from] move: Spore\n|\n|-weather|RainDance|[upkeep]\n|upkeep\n|\n|t:|1681859467\n|switch|p2a: Drednaw|Drednaw, L50, M|100\/100\n|turn|6\n|\n|t:|1681859477\n|move|p1b: Latifah|Rage Powder|p1b: Latifah\n|-singleturn|p1b: Latifah|move: Rage Powder\n|move|p2a: Drednaw|Rock Slide|p1b: Latifah|[spread] p1b\n|-miss|p2a: Drednaw|p1a: Dragapult\n|-damage|p1b: Latifah|8\/100\n|cant|p2b: Tatsugiri|slp\n|move|p2b: Tatsugiri|Sleep Talk|p2b: Tatsugiri\n|move|p2b: Tatsugiri|Icy Wind|p1a: Dragapult|[from]move: Sleep Talk|[spread] p1a,p1b\n|-supereffective|p1a: Dragapult\n|-supereffective|p1b: Latifah\n|-damage|p1a: Dragapult|63\/100\n|-damage|p1b: Latifah|0 fnt\n|faint|p1b: Latifah\n|move|p1a: Dragapult|Dragon Darts|p2b: Tatsugiri\n|-supereffective|p2b: Tatsugiri\n|-damage|p2b: Tatsugiri|0 fnt\n|-anim|p1a: Dragapult|Dragon Darts|p2a: Drednaw\n|-damage|p2a: Drednaw|60\/100\n|faint|p2b: Tatsugiri\n|\n|-weather|RainDance|[upkeep]\n|upkeep\n|turn|7\n|j| haoran zhou\n|\n|t:|1681859499\n|move|p2a: Drednaw|Rock Slide|p1a: Dragapult\n|-damage|p1a: Dragapult|0 fnt\n|faint|p1a: Dragapult\n|\n|win|NickNoName\n|raw|Open Teamsheet's rating: 1442 → 1427<\/strong> (-15 for losing)\n|raw|NickNoName's rating: 1536 → 1551<\/strong> (+15 for winning)\n|c|\u2606NickNoName|Gg\n|c|\u2606Open Teamsheet|Whatever\n|l|\u2606Open Teamsheet\n","uploadtime":1681859542,"views":8,"p1id":"openteamsheet","p2id":"nicknoname","formatid":"gen9vgc2023regulationc","rating":1427,"private":0,"password":""}