{"id":"gen9vgc2023regulationc-1858645224","p1":"Soul208","p2":"Nutrius","format":"[Gen 9] VGC 2023 Regulation C","log":"|j|\u2606Soul208\n|j|\u2606Nutrius\n|t:|1683336686\n|gametype|doubles\n|player|p1|Soul208|idol|1136\n|player|p2|Nutrius|lance|1120\n|teamsize|p1|6\n|teamsize|p2|6\n|gen|9\n|tier|[Gen 9] VGC 2023 Regulation C\n|rated|\n|rule|Species Clause: Limit one of each Pok\u00e9mon\n|rule|Item Clause: Limit one of each item\n|clearpoke\n|poke|p1|Torkoal, L50, F|\n|poke|p1|Flutter Mane, L50|\n|poke|p1|Amoonguss, L50, F|\n|poke|p1|Chi-Yu, L50|\n|poke|p1|Great Tusk, L50|\n|poke|p1|Dragonite, L50, M|\n|poke|p2|Corviknight, L50, F|\n|poke|p2|Flutter Mane, L50|\n|poke|p2|Iron Hands, L50|\n|poke|p2|Glimmora, L50, M|\n|poke|p2|Gyarados, L50, F|\n|poke|p2|Chi-Yu, L50|\n|teampreview|4\n|\n|t:|1683336744\n|start\n|switch|p1a: Bowser|Torkoal, L50, F, shiny|100\/100\n|switch|p1b: Sadio Mane|Flutter Mane, L50, shiny|100\/100\n|switch|p2a: Corviminkia|Corviknight, L50, F|100\/100\n|switch|p2b: Glimminkia|Glimmora, L50, M|100\/100\n|-weather|SunnyDay|[from] ability: Drought|[of] p1a: Bowser\n|-activate|p1b: Sadio Mane|ability: Protosynthesis\n|-start|p1b: Sadio Mane|protosynthesisspe\n|turn|1\n|\n|t:|1683336781\n|move|p1a: Bowser|Protect|p1a: Bowser\n|-singleturn|p1a: Bowser|Protect\n|move|p1b: Sadio Mane|Thunderbolt|p2a: Corviminkia\n|-supereffective|p2a: Corviminkia\n|-damage|p2a: Corviminkia|9\/100\n|move|p2b: Glimminkia|Mortal Spin|p1b: Sadio Mane|[spread] p1b\n|-activate|p1a: Bowser|move: Protect\n|-damage|p1b: Sadio Mane|90\/100\n|-status|p1b: Sadio Mane|psn\n|move|p2a: Corviminkia|Tailwind|p2a: Corviminkia\n|-sidestart|p2: Nutrius|move: Tailwind\n|\n|-weather|SunnyDay|[upkeep]\n|-damage|p1b: Sadio Mane|78\/100 psn|[from] psn\n|upkeep\n|turn|2\n|\n|t:|1683336830\n|switch|p2a: Minkiaferrea|Iron Hands, L50|100\/100\n|move|p1b: Sadio Mane|Thunderbolt|p2b: Glimminkia\n|-damage|p2b: Glimminkia|50\/100\n|move|p2b: Glimminkia|Power Gem|p1a: Bowser\n|-supereffective|p1a: Bowser\n|-damage|p1a: Bowser|25\/100\n|move|p1a: Bowser|Heat Wave|p2b: Glimminkia|[spread] p2a\n|-miss|p1a: Bowser|p2b: Glimminkia\n|-damage|p2a: Minkiaferrea|80\/100\n|\n|-weather|SunnyDay|[upkeep]\n|-damage|p1b: Sadio Mane|66\/100 psn|[from] psn\n|upkeep\n|turn|3\n|\n|t:|1683336855\n|-terastallize|p2a: Minkiaferrea|Fire\n|move|p2b: Glimminkia|Protect|p2b: Glimminkia\n|-singleturn|p2b: Glimminkia|Protect\n|move|p1a: Bowser|Protect|p1a: Bowser\n|-singleturn|p1a: Bowser|Protect\n|move|p1b: Sadio Mane|Thunderbolt|p2b: Glimminkia\n|-activate|p2b: Glimminkia|move: Protect\n|move|p2a: Minkiaferrea|Thunder Punch|p1b: Sadio Mane\n|-damage|p1b: Sadio Mane|0 fnt\n|faint|p1b: Sadio Mane\n|-end|p1b: Sadio Mane|Protosynthesis|[silent]\n|\n|-weather|SunnyDay|[upkeep]\n|upkeep\n|\n|t:|1683336867\n|switch|p1b: Manny|Great Tusk, L50, shiny|100\/100\n|-activate|p1b: Manny|ability: Protosynthesis\n|-start|p1b: Manny|protosynthesisatk\n|turn|4\n|\n|t:|1683336902\n|-end|p2a: Minkiaferrea|Quark Drive|[silent]\n|switch|p2a: Corviminkia|Corviknight, L50, F|9\/100\n|move|p1a: Bowser|Helping Hand|p1b: Manny\n|-singleturn|p1b: Manny|Helping Hand|[of] p1a: Bowser\n|move|p2b: Glimminkia|Energy Ball|p1b: Manny\n|-supereffective|p1b: Manny\n|-damage|p1b: Manny|11\/100\n|move|p1b: Manny|Rock Slide|p2b: Glimminkia|[spread] p2a,p2b\n|-damage|p2a: Corviminkia|0 fnt\n|-damage|p2b: Glimminkia|12\/100\n|-activate|p2b: Glimminkia|ability: Toxic Debris\n|-sidestart|p1: Soul208|move: Toxic Spikes\n|-enditem|p2b: Glimminkia|Aguav Berry|[eat]\n|-heal|p2b: Glimminkia|45\/100|[from] item: Aguav Berry\n|faint|p2a: Corviminkia\n|\n|-weather|SunnyDay|[upkeep]\n|-sideend|p2: Nutrius|move: Tailwind\n|upkeep\n|\n|t:|1683336922\n|switch|p2a: Minkialata|Flutter Mane, L50|100\/100\n|-activate|p2a: Minkialata|ability: Protosynthesis\n|-start|p2a: Minkialata|protosynthesisspe\n|turn|5\n|\n|t:|1683336951\n|-end|p1b: Manny|Protosynthesis|[silent]\n|switch|p1b: Amogus|Amoonguss, L50, F, shiny|100\/100\n|-sideend|p1: Soul208|move: Toxic Spikes|[of] p1b: Amogus\n|move|p1a: Bowser|Protect|p1a: Bowser\n|-singleturn|p1a: Bowser|Protect\n|move|p2a: Minkialata|Dazzling Gleam|p1a: Bowser|[spread] p1b\n|-activate|p1a: Bowser|move: Protect\n|-resisted|p1b: Amogus\n|-crit|p1b: Amogus\n|-damage|p1b: Amogus|76\/100\n|-damage|p2a: Minkialata|91\/100|[from] item: Life Orb\n|move|p2b: Glimminkia|Power Gem|p1a: Bowser\n|-activate|p1a: Bowser|move: Protect\n|\n|-weather|SunnyDay|[upkeep]\n|upkeep\n|turn|6\n|\n|t:|1683337003\n|-end|p2a: Minkialata|Protosynthesis|[silent]\n|switch|p2a: Minkiaferrea|Iron Hands, L50, tera:Fire|80\/100\n|move|p1a: Bowser|Protect||[still]\n|-fail|p1a: Bowser\n|move|p2b: Glimminkia|Power Gem|p1a: Bowser\n|-supereffective|p1a: Bowser\n|-damage|p1a: Bowser|0 fnt\n|faint|p1a: Bowser\n|move|p1b: Amogus|Spore|p2a: Minkiaferrea\n|-status|p2a: Minkiaferrea|slp|[from] move: Spore\n|\n|-weather|SunnyDay|[upkeep]\n|upkeep\n|\n|t:|1683337012\n|switch|p1a: Manny|Great Tusk, L50, shiny|11\/100\n|-activate|p1a: Manny|ability: Protosynthesis\n|-start|p1a: Manny|protosynthesisatk\n|turn|7\n|\n|t:|1683337047\n|-terastallize|p1a: Manny|Ground\n|move|p1a: Manny|Earthquake|p2b: Glimminkia|[spread] p1b,p2a,p2b\n|-supereffective|p2a: Minkiaferrea\n|-supereffective|p2b: Glimminkia\n|-damage|p1b: Amogus|21\/100\n|-damage|p2a: Minkiaferrea|0 fnt\n|-damage|p2b: Glimminkia|0 fnt\n|-activate|p2b: Glimminkia|ability: Toxic Debris\n|-sidestart|p1: Soul208|move: Toxic Spikes\n|-enditem|p1b: Amogus|Sitrus Berry|[eat]\n|-heal|p1b: Amogus|46\/100|[from] item: Sitrus Berry\n|faint|p2a: Minkiaferrea\n|-end|p2a: Minkiaferrea|Quark Drive|[silent]\n|faint|p2b: Glimminkia\n|move|p1b: Amogus|Pollen Puff|p1a: Manny\n|-heal|p1a: Manny|61\/100\n|\n|-weather|SunnyDay|[upkeep]\n|upkeep\n|\n|t:|1683337066\n|switch|p2a: Minkialata|Flutter Mane, L50|91\/100\n|-activate|p2a: Minkialata|ability: Protosynthesis\n|-start|p2a: Minkialata|protosynthesisspe\n|turn|8\n|\n|t:|1683337072\n|move|p1b: Amogus|Rage Powder|p1b: Amogus\n|-singleturn|p1b: Amogus|move: Rage Powder\n|move|p2a: Minkialata|Dazzling Gleam|p1a: Manny|[spread] p1a,p1b\n|-resisted|p1b: Amogus\n|-damage|p1a: Manny|2\/100\n|-damage|p1b: Amogus|31\/100\n|-damage|p2a: Minkialata|82\/100|[from] item: Life Orb\n|move|p1a: Manny|Earthquake|p2a: Minkialata|[spread] p1b,p2a\n|-damage|p1b: Amogus|0 fnt\n|-damage|p2a: Minkialata|0 fnt\n|faint|p1b: Amogus\n|faint|p2a: Minkialata\n|-end|p2a: Minkialata|Protosynthesis|[silent]\n|\n|win|Soul208\n|raw|Soul208's rating: 1136 → 1160<\/strong> (+24 for winning)\n|raw|Nutrius's rating: 1120 → 1096<\/strong> (-24 for losing)\n|c|\u2606Soul208|gg\n|l|\u2606Nutrius\n","uploadtime":1683337087,"views":4,"p1id":"soul208","p2id":"nutrius","formatid":"gen9vgc2023regulationc","rating":1096,"private":0,"password":""}