{"id":"gen9vgc2023regulationc-1859856901","p1":"Heaven64","p2":"PurpleStyle","format":"[Gen 9] VGC 2023 Regulation C","log":"|j|\u2606Heaven64\n|j|\u2606PurpleStyle\n|t:|1683570288\n|gametype|doubles\n|player|p1|Heaven64|leaf-masters|\n|player|p2|PurpleStyle|pokefan|\n|teamsize|p1|6\n|teamsize|p2|6\n|gen|9\n|tier|[Gen 9] VGC 2023 Regulation C\n|rule|Species Clause: Limit one of each Pok\u00e9mon\n|rule|Item Clause: Limit one of each item\n|clearpoke\n|poke|p1|Ting-Lu, L50|\n|poke|p1|Palafin, L50, M|\n|poke|p1|Corviknight, L50, F|\n|poke|p1|Hatterene, L50, F|\n|poke|p1|Toedscool, L50, M|\n|poke|p1|Dragalge, L50, F|\n|poke|p2|Hydreigon, L50, F|\n|poke|p2|Tauros-Paldea-Combat, L50, M|\n|poke|p2|Flutter Mane, L50|\n|poke|p2|Indeedee, L50, M|\n|poke|p2|Drifblim, L50, M|\n|poke|p2|Azumarill, L50, M|\n|teampreview|4\n|c|\u2606PurpleStyle|glhf\n|c|\u2606PurpleStyle|g1\nPurpleStyle rejected open team sheets.\n|c|\u2606Heaven64|you too\n|\n|t:|1683570385\n|start\n|switch|p1a: Dyna Blade|Corviknight, L50, F, shiny|100\/100\n|switch|p1b: Kine|Palafin, L50, M|100\/100\n|switch|p2a: Indeedee|Indeedee, L50, M|100\/100\n|switch|p2b: Drifblim|Drifblim, L50, M|100\/100\n|-fieldstart|move: Psychic Terrain|[from] ability: Psychic Surge|[of] p2a: Indeedee\n|-enditem|p2b: Drifblim|Psychic Seed\n|-boost|p2b: Drifblim|spd|1|[from] item: Psychic Seed\n|turn|1\n|\n|t:|1683570411\n|detailschange|p1b: Kine|Palafin-Hero, L50, M\n|switch|p1b: Dark Mind|Ting-Lu, L50|100\/100\n|-ability|p1b: Dark Mind|Vessel of Ruin\n|move|p2b: Drifblim|Tailwind|p2b: Drifblim\n|-sidestart|p2: PurpleStyle|move: Tailwind\n|move|p2a: Indeedee|Hyper Voice|p1b: Dark Mind|[spread] p1a,p1b\n|-resisted|p1a: Dyna Blade\n|-damage|p1a: Dyna Blade|89\/100\n|-damage|p1b: Dark Mind|86\/100\n|-enditem|p2a: Indeedee|Throat Spray\n|-boost|p2a: Indeedee|spa|1|[from] item: Throat Spray\n|move|p1a: Dyna Blade|Bulk Up|p1a: Dyna Blade\n|-boost|p1a: Dyna Blade|atk|1\n|-boost|p1a: Dyna Blade|def|1\n|\n|upkeep\n|turn|2\n|\n|t:|1683570465\n|move|p2b: Drifblim|Will-O-Wisp|p1b: Dark Mind\n|-status|p1b: Dark Mind|brn\n|move|p2a: Indeedee|Encore|p1a: Dyna Blade\n|-start|p1a: Dyna Blade|Encore\n|move|p1a: Dyna Blade|Bulk Up|p1a: Dyna Blade\n|-boost|p1a: Dyna Blade|atk|1\n|-boost|p1a: Dyna Blade|def|1\n|move|p1b: Dark Mind|Body Press|p2a: Indeedee\n|-damage|p2a: Indeedee|81\/100\n|\n|-damage|p1b: Dark Mind|80\/100 brn|[from] brn\n|upkeep\n|turn|3\n|\n|t:|1683570495\n|move|p2b: Drifblim|Acrobatics|p1b: Dark Mind\n|-damage|p1b: Dark Mind|56\/100 brn\n|move|p2a: Indeedee|Hyper Voice|p1b: Dark Mind|[spread] p1a,p1b\n|-resisted|p1a: Dyna Blade\n|-damage|p1a: Dyna Blade|73\/100\n|-damage|p1b: Dark Mind|36\/100 brn\n|move|p1a: Dyna Blade|Bulk Up|p1a: Dyna Blade\n|-boost|p1a: Dyna Blade|atk|1\n|-boost|p1a: Dyna Blade|def|1\n|move|p1b: Dark Mind|Whirlwind|p2b: Drifblim\n|drag|p2b: Tauros|Tauros-Paldea-Combat, L50, M|100\/100\n|-ability|p2b: Tauros|Intimidate|boost\n|-ability|p1a: Dyna Blade|Mirror Armor\n|-unboost|p2b: Tauros|atk|1\n|-unboost|p1b: Dark Mind|atk|1\n|\n|-damage|p1b: Dark Mind|30\/100 brn|[from] brn\n|upkeep\n|turn|4\n|\n|t:|1683570567\n|switch|p1b: Kine|Palafin-Hero, L50, M|100\/100\n|-activate|p1b: Kine|ability: Zero to Hero\n|move|p2b: Tauros|Close Combat|p1b: Kine\n|-damage|p1b: Kine|68\/100\n|-unboost|p2b: Tauros|def|1\n|-unboost|p2b: Tauros|spd|1\n|move|p2a: Indeedee|Hyper Voice|p1b: Kine|[spread] p1a,p1b\n|-resisted|p1a: Dyna Blade\n|-damage|p1a: Dyna Blade|52\/100\n|-damage|p1b: Kine|37\/100\n|move|p1a: Dyna Blade|Bulk Up|p1a: Dyna Blade\n|-boost|p1a: Dyna Blade|atk|1\n|-boost|p1a: Dyna Blade|def|1\n|\n|-end|p1a: Dyna Blade|Encore\n|-sideend|p2: PurpleStyle|move: Tailwind\n|upkeep\n|turn|5\n|\n|t:|1683570594\n|switch|p2b: Drifblim|Drifblim, L50, M|100\/100\n|move|p2a: Indeedee|Encore|p1a: Dyna Blade\n|-start|p1a: Dyna Blade|Encore\n|move|p1b: Kine|Wave Crash|p2a: Indeedee\n|-damage|p2a: Indeedee|0 fnt\n|faint|p2a: Indeedee\n|-damage|p1b: Kine|18\/100|[from] Recoil\n|move|p1a: Dyna Blade|Bulk Up|p1a: Dyna Blade\n|-boost|p1a: Dyna Blade|atk|1\n|-boost|p1a: Dyna Blade|def|1\n|\n|-fieldend|move: Psychic Terrain\n|upkeep\n|\n|t:|1683570599\n|switch|p2a: Tauros|Tauros-Paldea-Combat, L50, M|100\/100\n|-ability|p2a: Tauros|Intimidate|boost\n|-ability|p1a: Dyna Blade|Mirror Armor\n|-unboost|p2a: Tauros|atk|1\n|-unboost|p1b: Kine|atk|1\n|turn|6\n|\n|t:|1683570652\n|move|p2a: Tauros|Close Combat|p1b: Kine\n|-damage|p1b: Kine|0 fnt\n|-unboost|p2a: Tauros|def|1\n|-unboost|p2a: Tauros|spd|1\n|faint|p1b: Kine\n|move|p2b: Drifblim|Will-O-Wisp|p1a: Dyna Blade\n|-status|p1a: Dyna Blade|brn\n|move|p1a: Dyna Blade|Bulk Up|p1a: Dyna Blade\n|-boost|p1a: Dyna Blade|atk|1\n|-boost|p1a: Dyna Blade|def|1\n|\n|-damage|p1a: Dyna Blade|46\/100 brn|[from] brn\n|upkeep\n|-enditem|p1a: Dyna Blade|Sitrus Berry|[eat]\n|-heal|p1a: Dyna Blade|71\/100 brn|[from] item: Sitrus Berry\n|\n|t:|1683570668\n|switch|p1b: Cappi|Toedscool, L50, M|100\/100\n|turn|7\n|\n|t:|1683570680\n|move|p1b: Cappi|Protect|p1b: Cappi\n|-singleturn|p1b: Cappi|Protect\n|move|p2a: Tauros|Close Combat|p1b: Cappi\n|-activate|p1b: Cappi|move: Protect\n|move|p2b: Drifblim|Acrobatics|p1b: Cappi\n|-activate|p1b: Cappi|move: Protect\n|move|p1a: Dyna Blade|Bulk Up|p1a: Dyna Blade\n|-boost|p1a: Dyna Blade|atk|0\n|-boost|p1a: Dyna Blade|def|0\n|\n|-damage|p1a: Dyna Blade|65\/100 brn|[from] brn\n|-end|p1a: Dyna Blade|Encore\n|upkeep\n|turn|8\n|\n|t:|1683570697\n|move|p2a: Tauros|Close Combat|p1b: Cappi\n|-damage|p1b: Cappi|61\/100\n|-unboost|p2a: Tauros|def|1\n|-unboost|p2a: Tauros|spd|1\n|move|p2b: Drifblim|Acrobatics|p1b: Cappi\n|-supereffective|p1b: Cappi\n|-damage|p1b: Cappi|0 fnt\n|faint|p1b: Cappi\n|move|p1a: Dyna Blade|Roost|p1a: Dyna Blade\n|-heal|p1a: Dyna Blade|100\/100 brn\n|-singleturn|p1a: Dyna Blade|move: Roost\n|\n|-damage|p1a: Dyna Blade|95\/100 brn|[from] brn\n|upkeep\n|\n|t:|1683570709\n|switch|p1b: Dark Mind|Ting-Lu, L50|30\/100 brn\n|-ability|p1b: Dark Mind|Vessel of Ruin\n|turn|9\n|\n|t:|1683570723\n|move|p2a: Tauros|Close Combat|p1b: Dark Mind\n|-supereffective|p1b: Dark Mind\n|-crit|p1b: Dark Mind\n|-damage|p1b: Dark Mind|0 fnt\n|-unboost|p2a: Tauros|def|1\n|-unboost|p2a: Tauros|spd|1\n|faint|p1b: Dark Mind\n|move|p2b: Drifblim|Acrobatics|p1a: Dyna Blade\n|-resisted|p1a: Dyna Blade\n|-damage|p1a: Dyna Blade|90\/100 brn\n|move|p1a: Dyna Blade|Brave Bird|p2a: Tauros\n|-supereffective|p2a: Tauros\n|-damage|p2a: Tauros|0 fnt\n|faint|p2a: Tauros\n|-damage|p1a: Dyna Blade|61\/100 brn|[from] Recoil\n|\n|-damage|p1a: Dyna Blade|56\/100 brn|[from] brn\n|upkeep\n|\n|t:|1683570726\n|switch|p2a: Flutter Mane|Flutter Mane, L50|100\/100\n|-enditem|p2a: Flutter Mane|Booster Energy\n|-activate|p2a: Flutter Mane|ability: Protosynthesis|[fromitem]\n|-start|p2a: Flutter Mane|protosynthesisspa\n|turn|10\n|\n|t:|1683570745\n|move|p2a: Flutter Mane|Thunderbolt|p1a: Dyna Blade\n|-supereffective|p1a: Dyna Blade\n|-damage|p1a: Dyna Blade|0 fnt\n|faint|p1a: Dyna Blade\n|\n|win|PurpleStyle\n|c|\u2606PurpleStyle|gg\n|c|\u2606Heaven64|gg\n","uploadtime":1683571443,"views":8,"p1id":"heaven64","p2id":"purplestyle","formatid":"gen9vgc2023regulationc","rating":0,"private":0,"password":""}