{"id":"gen9vgc2023regulationc-1847129647","p1":"azadel","p2":"ShadowAgain","format":"[Gen 9] VGC 2023 Regulation C","log":"|j|\u2606azadel\n|j|\u2606ShadowAgain\n|t:|1681921511\n|gametype|doubles\n|player|p1|azadel|170|1030\n|player|p2|ShadowAgain|red|1000\n|teamsize|p1|6\n|teamsize|p2|6\n|gen|9\n|tier|[Gen 9] VGC 2023 Regulation C\n|rated|\n|rule|Species Clause: Limit one of each Pok\u00e9mon\n|rule|Item Clause: Limit one of each item\n|clearpoke\n|poke|p1|Leafeon, L50, F|\n|poke|p1|Jolteon, L50, F|\n|poke|p1|Vaporeon, L50, M|\n|poke|p1|Sylveon, L50, M|\n|poke|p1|Chi-Yu, L50|\n|poke|p1|Umbreon, L50, F|\n|poke|p2|Gastrodon, L50, F|\n|poke|p2|Houndstone, L50, M|\n|poke|p2|Tyranitar, L50, F|\n|poke|p2|Gyarados, L50, M|\n|poke|p2|Volcarona, L50, M|\n|poke|p2|Amoonguss, L50, M|\n|teampreview|4\n|inactive|Battle timer is ON: inactive players will automatically lose when time's up. (requested by ShadowAgain)\n|\n|t:|1681921526\n|start\n|switch|p1a: Chi-Yu|Chi-Yu, L50|100\/100\n|switch|p1b: Sylveon|Sylveon, L50, M|100\/100\n|switch|p2a: Gastrodon|Gastrodon, L50, F|100\/100\n|switch|p2b: Gyarados|Gyarados, L50, M|100\/100\n|-ability|p1a: Chi-Yu|Beads of Ruin\n|-ability|p2b: Gyarados|Intimidate|boost\n|-unboost|p1a: Chi-Yu|atk|1\n|-unboost|p1b: Sylveon|atk|1\n|turn|1\n|\n|t:|1681921538\n|switch|p1a: Vaporeon|Vaporeon, L50, M|100\/100\n|switch|p1b: Umbreon|Umbreon, L50, F|100\/100\n|move|p2b: Gyarados|Surf|p1b: Umbreon|[spread] p1b\n|-ability|p2a: Gastrodon|Storm Drain|boost\n|-boost|p2a: Gastrodon|spa|1\n|-immune|p1a: Vaporeon|[from] ability: Water Absorb\n|-damage|p1b: Umbreon|88\/100\n|-damage|p2b: Gyarados|91\/100|[from] item: Life Orb\n|move|p2a: Gastrodon|Muddy Water|p1a: Vaporeon|[spread] \n|-immune|p1a: Vaporeon|[from] ability: Water Absorb\n|-miss|p2a: Gastrodon|p1b: Umbreon\n|\n|upkeep\n|turn|2\n|\n|t:|1681921562\n|move|p2b: Gyarados|Thunder Wave|p1a: Vaporeon\n|-status|p1a: Vaporeon|par\n|move|p1b: Umbreon|Snarl|p2a: Gastrodon|[spread] p2a,p2b\n|-damage|p2a: Gastrodon|89\/100\n|-damage|p2b: Gyarados|80\/100\n|-unboost|p2a: Gastrodon|spa|1\n|-unboost|p2b: Gyarados|spa|1\n|move|p2a: Gastrodon|Icy Wind|p1b: Umbreon|[spread] p1a,p1b\n|-resisted|p1a: Vaporeon\n|-damage|p1a: Vaporeon|96\/100 par\n|-damage|p1b: Umbreon|79\/100\n|-unboost|p1a: Vaporeon|spe|1\n|-unboost|p1b: Umbreon|spe|1\n|cant|p1a: Vaporeon|par\n|\n|-heal|p2a: Gastrodon|95\/100|[from] item: Leftovers\n|-heal|p1a: Vaporeon|100\/100 par|[from] item: Leftovers\n|upkeep\n|turn|3\n|\n|t:|1681921586\n|move|p2b: Gyarados|Waterfall|p2a: Gastrodon\n|-ability|p2a: Gastrodon|Storm Drain|boost\n|-boost|p2a: Gastrodon|spa|1\n|move|p2a: Gastrodon|Icy Wind|p1b: Umbreon|[spread] p1a,p1b\n|-resisted|p1a: Vaporeon\n|-damage|p1a: Vaporeon|93\/100 par\n|-damage|p1b: Umbreon|67\/100\n|-unboost|p1a: Vaporeon|spe|1\n|-unboost|p1b: Umbreon|spe|1\n|move|p1b: Umbreon|Snarl|p2a: Gastrodon|[spread] p2a,p2b\n|-damage|p2a: Gastrodon|84\/100\n|-damage|p2b: Gyarados|69\/100\n|-unboost|p2a: Gastrodon|spa|1\n|-unboost|p2b: Gyarados|spa|1\n|move|p1a: Vaporeon|Yawn|p2b: Gyarados\n|-start|p2b: Gyarados|move: Yawn|[of] p1a: Vaporeon\n|\n|-heal|p2a: Gastrodon|90\/100|[from] item: Leftovers\n|-heal|p1a: Vaporeon|99\/100 par|[from] item: Leftovers\n|upkeep\n|turn|4\n|inactive|ShadowAgain has 30 seconds left.\n|\n|t:|1681921618\n|switch|p2b: Volcarona|Volcarona, L50, M|100\/100\n|move|p2a: Gastrodon|Icy Wind|p1a: Vaporeon|[spread] p1b\n|-miss|p2a: Gastrodon|p1a: Vaporeon\n|-damage|p1b: Umbreon|58\/100\n|-unboost|p1b: Umbreon|spe|1\n|move|p1b: Umbreon|Moonlight|p1b: Umbreon\n|-heal|p1b: Umbreon|100\/100\n|cant|p1a: Vaporeon|par\n|\n|-heal|p2a: Gastrodon|96\/100|[from] item: Leftovers\n|-heal|p1a: Vaporeon|100\/100 par|[from] item: Leftovers\n|upkeep\n|turn|5\n|\n|t:|1681921637\n|move|p2b: Volcarona|Quiver Dance|p2b: Volcarona\n|-boost|p2b: Volcarona|spa|1\n|-boost|p2b: Volcarona|spd|1\n|-boost|p2b: Volcarona|spe|1\n|move|p2a: Gastrodon|Icy Wind|p1a: Vaporeon|[spread] p1a,p1b\n|-resisted|p1a: Vaporeon\n|-damage|p1a: Vaporeon|96\/100 par\n|-damage|p1b: Umbreon|92\/100\n|-unboost|p1a: Vaporeon|spe|1\n|-unboost|p1b: Umbreon|spe|1\n|move|p1b: Umbreon|Snarl|p2a: Gastrodon|[spread] p2a,p2b\n|-damage|p2a: Gastrodon|85\/100\n|-damage|p2b: Volcarona|93\/100\n|-unboost|p2a: Gastrodon|spa|1\n|-unboost|p2b: Volcarona|spa|1\n|move|p1a: Vaporeon|Yawn|p2a: Gastrodon\n|-start|p2a: Gastrodon|move: Yawn|[of] p1a: Vaporeon\n|\n|-heal|p2a: Gastrodon|91\/100|[from] item: Leftovers\n|-heal|p1a: Vaporeon|100\/100 par|[from] item: Leftovers\n|upkeep\n|turn|6\n|\n|t:|1681921661\n|switch|p2a: Amoonguss|Amoonguss, L50, M|100\/100\n|switch|p1b: Sylveon|Sylveon, L50, M|100\/100\n|move|p2b: Volcarona|Giga Drain|p1a: Vaporeon\n|-supereffective|p1a: Vaporeon\n|-damage|p1a: Vaporeon|53\/100 par\n|-heal|p2b: Volcarona|100\/100|[from] drain|[of] p1a: Vaporeon\n|move|p1a: Vaporeon|Muddy Water|p2a: Amoonguss|[spread] p2a\n|-miss|p1a: Vaporeon|p2b: Volcarona\n|-resisted|p2a: Amoonguss\n|-crit|p2a: Amoonguss\n|-damage|p2a: Amoonguss|86\/100\n|\n|-heal|p2a: Amoonguss|92\/100|[from] item: Black Sludge\n|-heal|p1a: Vaporeon|60\/100 par|[from] item: Leftovers\n|upkeep\n|turn|7\n|inactive|ShadowAgain has 30 seconds left.\n|\n|t:|1681921687\n|switch|p1a: Chi-Yu|Chi-Yu, L50|100\/100\n|-ability|p1a: Chi-Yu|Beads of Ruin\n|-terastallize|p1b: Sylveon|Fairy\n|move|p2b: Volcarona|Bug Buzz|p1b: Sylveon\n|-resisted|p1b: Sylveon\n|-damage|p1b: Sylveon|73\/100\n|move|p1b: Sylveon|Hyper Voice|p2a: Amoonguss|[spread] p2a,p2b\n|-resisted|p2a: Amoonguss\n|-resisted|p2b: Volcarona\n|-damage|p2a: Amoonguss|67\/100\n|-damage|p2b: Volcarona|74\/100\n|-enditem|p1b: Sylveon|Throat Spray\n|-boost|p1b: Sylveon|spa|1|[from] item: Throat Spray\n|move|p2a: Amoonguss|Spore|p1b: Sylveon\n|-status|p1b: Sylveon|slp|[from] move: Spore\n|\n|-heal|p2a: Amoonguss|73\/100|[from] item: Black Sludge\n|upkeep\n|turn|8\n|inactive|ShadowAgain has 30 seconds left.\n|\n|t:|1681921714\n|switch|p2b: Gyarados|Gyarados, L50, M|69\/100\n|-ability|p2b: Gyarados|Intimidate|boost\n|-unboost|p1a: Chi-Yu|atk|1\n|-unboost|p1b: Sylveon|atk|1\n|move|p1a: Chi-Yu|Heat Wave|p2a: Amoonguss|[spread] p2a\n|-miss|p1a: Chi-Yu|p2b: Gyarados\n|-supereffective|p2a: Amoonguss\n|-damage|p2a: Amoonguss|7\/100\n|cant|p1b: Sylveon|slp\n|move|p2a: Amoonguss|Spore|p1a: Chi-Yu\n|-status|p1a: Chi-Yu|slp|[from] move: Spore\n|\n|-heal|p2a: Amoonguss|13\/100|[from] item: Black Sludge\n|upkeep\n|turn|9\n|\n|t:|1681921738\n|switch|p1a: Vaporeon|Vaporeon, L50, M|60\/100 par\n|cant|p1b: Sylveon|slp\n|move|p2b: Gyarados|Waterfall|p1b: Sylveon\n|-damage|p1b: Sylveon|28\/100 slp\n|-damage|p2b: Gyarados|59\/100|[from] item: Life Orb\n|move|p2a: Amoonguss|Clear Smog|p1b: Sylveon\n|-supereffective|p1b: Sylveon\n|-damage|p1b: Sylveon|5\/100 slp\n|-clearboost|p1b: Sylveon\n|\n|-heal|p2a: Amoonguss|19\/100|[from] item: Black Sludge\n|-heal|p1a: Vaporeon|66\/100 par|[from] item: Leftovers\n|upkeep\n|turn|10\n|\n|t:|1681921760\n|cant|p1b: Sylveon|slp\n|move|p2b: Gyarados|Taunt|p1a: Vaporeon\n|-start|p1a: Vaporeon|move: Taunt\n|move|p2a: Amoonguss|Clear Smog|p1b: Sylveon\n|-supereffective|p1b: Sylveon\n|-damage|p1b: Sylveon|0 fnt\n|-clearboost|p1b: Sylveon\n|faint|p1b: Sylveon\n|cant|p1a: Vaporeon|move: Taunt|Yawn\n|\n|-heal|p2a: Amoonguss|24\/100|[from] item: Black Sludge\n|-heal|p1a: Vaporeon|72\/100 par|[from] item: Leftovers\n|upkeep\n|\n|t:|1681921773\n|switch|p1b: Chi-Yu|Chi-Yu, L50|100\/100 slp\n|-ability|p1b: Chi-Yu|Beads of Ruin\n|turn|11\n|\n|t:|1681921793\n|cant|p1b: Chi-Yu|slp\n|move|p2b: Gyarados|Waterfall|p1b: Chi-Yu\n|-supereffective|p1b: Chi-Yu\n|-damage|p1b: Chi-Yu|0 fnt\n|faint|p1b: Chi-Yu\n|-damage|p2b: Gyarados|50\/100|[from] item: Life Orb\n|move|p2a: Amoonguss|Clear Smog|p1a: Vaporeon\n|-damage|p1a: Vaporeon|60\/100 par\n|-clearboost|p1a: Vaporeon\n|move|p1a: Vaporeon|Ice Beam|p2a: Amoonguss\n|-supereffective|p2a: Amoonguss\n|-damage|p2a: Amoonguss|0 fnt\n|faint|p2a: Amoonguss\n|\n|-heal|p1a: Vaporeon|66\/100 par|[from] item: Leftovers\n|upkeep\n|\n|t:|1681921809\n|switch|p1b: Umbreon|Umbreon, L50, F|92\/100\n|switch|p2a: Gastrodon|Gastrodon, L50, F|91\/100\n|turn|12\n|\n|t:|1681921821\n|move|p2b: Gyarados|Thunder Wave|p1b: Umbreon\n|-status|p1b: Umbreon|par\n|move|p2a: Gastrodon|Icy Wind|p1a: Vaporeon|[spread] p1b\n|-miss|p2a: Gastrodon|p1a: Vaporeon\n|-damage|p1b: Umbreon|84\/100 par\n|-unboost|p1b: Umbreon|spe|1\n|move|p1a: Vaporeon|Muddy Water|p2a: Gastrodon|[spread] p2b\n|-ability|p2a: Gastrodon|Storm Drain|boost\n|-boost|p2a: Gastrodon|spa|1\n|-resisted|p2b: Gyarados\n|-damage|p2b: Gyarados|37\/100\n|move|p1b: Umbreon|Snarl|p2b: Gyarados|[spread] p2a,p2b\n|-damage|p2a: Gastrodon|80\/100\n|-damage|p2b: Gyarados|27\/100\n|-unboost|p2a: Gastrodon|spa|1\n|-unboost|p2b: Gyarados|spa|1\n|\n|-heal|p2a: Gastrodon|86\/100|[from] item: Leftovers\n|-heal|p1a: Vaporeon|72\/100 par|[from] item: Leftovers\n|-end|p1a: Vaporeon|move: Taunt\n|upkeep\n|turn|13\n|inactive|azadel has 30 seconds left.\n|\n|t:|1681921848\n|move|p2b: Gyarados|Taunt|p1a: Vaporeon\n|-start|p1a: Vaporeon|move: Taunt\n|move|p2a: Gastrodon|Icy Wind|p1a: Vaporeon|[spread] p1b\n|-miss|p2a: Gastrodon|p1a: Vaporeon\n|-crit|p1b: Umbreon\n|-damage|p1b: Umbreon|69\/100 par\n|-unboost|p1b: Umbreon|spe|1\n|move|p1a: Vaporeon|Ice Beam|p2b: Gyarados\n|-crit|p2b: Gyarados\n|-damage|p2b: Gyarados|0 fnt\n|faint|p2b: Gyarados\n|move|p1b: Umbreon|Foul Play|p2a: Gastrodon\n|-damage|p2a: Gastrodon|59\/100\n|\n|-heal|p2a: Gastrodon|65\/100|[from] item: Leftovers\n|-heal|p1a: Vaporeon|79\/100 par|[from] item: Leftovers\n|upkeep\n|\n|t:|1681921860\n|switch|p2b: Volcarona|Volcarona, L50, M|74\/100\n|turn|14\n|\n|t:|1681921874\n|move|p2b: Volcarona|Quiver Dance|p2b: Volcarona\n|-boost|p2b: Volcarona|spa|1\n|-boost|p2b: Volcarona|spd|1\n|-boost|p2b: Volcarona|spe|1\n|move|p2a: Gastrodon|Icy Wind|p1a: Vaporeon|[spread] p1a\n|-miss|p2a: Gastrodon|p1b: Umbreon\n|-resisted|p1a: Vaporeon\n|-damage|p1a: Vaporeon|74\/100 par\n|-unboost|p1a: Vaporeon|spe|1\n|move|p1a: Vaporeon|Muddy Water|p2b: Volcarona|[spread] p2b\n|-ability|p2a: Gastrodon|Storm Drain|boost\n|-boost|p2a: Gastrodon|spa|1\n|-supereffective|p2b: Volcarona\n|-damage|p2b: Volcarona|40\/100\n|-enditem|p2b: Volcarona|Weakness Policy\n|-boost|p2b: Volcarona|atk|2|[from] item: Weakness Policy\n|-boost|p2b: Volcarona|spa|2|[from] item: Weakness Policy\n|move|p1b: Umbreon|Snarl|p2b: Volcarona|[spread] p2a,p2b\n|-damage|p2a: Gastrodon|53\/100\n|-damage|p2b: Volcarona|32\/100\n|-unboost|p2a: Gastrodon|spa|1\n|-unboost|p2b: Volcarona|spa|1\n|\n|-heal|p2a: Gastrodon|59\/100|[from] item: Leftovers\n|-heal|p1a: Vaporeon|80\/100 par|[from] item: Leftovers\n|upkeep\n|turn|15\n|inactive|ShadowAgain has 30 seconds left.\n|\n|t:|1681921904\n|move|p2b: Volcarona|Giga Drain|p1a: Vaporeon\n|-supereffective|p1a: Vaporeon\n|-damage|p1a: Vaporeon|0 fnt\n|-heal|p2b: Volcarona|89\/100|[from] drain|[of] p1a: Vaporeon\n|faint|p1a: Vaporeon\n|move|p2a: Gastrodon|Icy Wind|p1b: Umbreon\n|-damage|p1b: Umbreon|57\/100 par\n|-unboost|p1b: Umbreon|spe|1\n|move|p1b: Umbreon|Snarl|p2a: Gastrodon|[spread] p2a,p2b\n|-damage|p2a: Gastrodon|49\/100\n|-damage|p2b: Volcarona|81\/100\n|-unboost|p2a: Gastrodon|spa|1\n|-unboost|p2b: Volcarona|spa|1\n|\n|-heal|p2a: Gastrodon|55\/100|[from] item: Leftovers\n|upkeep\n|turn|16\n|\n|t:|1681921921\n|move|p2b: Volcarona|Bug Buzz|p1b: Umbreon\n|-supereffective|p1b: Umbreon\n|-damage|p1b: Umbreon|0 fnt\n|faint|p1b: Umbreon\n|\n|win|ShadowAgain\n|raw|azadel's rating: 1030 → 1014<\/strong> (-16 for losing)\n|raw|ShadowAgain's rating: 1000 → 1043<\/strong> (+43 for winning)\n","uploadtime":1681921930,"views":10,"p1id":"azadel","p2id":"shadowagain","formatid":"gen9vgc2023regulationc","rating":1014,"private":0,"password":""}