{"id":"gen9vgc2023regulationc-1846334091","p1":"DumbMLG","p2":"Sotero23","format":"[Gen 9] VGC 2023 Regulation C","log":"|j|\u2606DumbMLG\n|j|\u2606Sotero23\n|t:|1681832493\n|gametype|doubles\n|player|p1|DumbMLG|burglar|1260\n|player|p2|Sotero23|266|1348\n|teamsize|p1|6\n|teamsize|p2|6\n|gen|9\n|tier|[Gen 9] VGC 2023 Regulation C\n|rated|\n|rule|Species Clause: Limit one of each Pok\u00e9mon\n|rule|Item Clause: Limit one of each item\n|clearpoke\n|poke|p1|Ceruledge, L50, F|\n|poke|p1|Arcanine, L50, M|\n|poke|p1|Flutter Mane, L50|\n|poke|p1|Scizor, L50, F|\n|poke|p1|Pelipper, L50, M|\n|poke|p1|Palafin, L50, M|\n|poke|p2|Scizor, L50, F|\n|poke|p2|Gothitelle, L50, F|\n|poke|p2|Chi-Yu, L50|\n|poke|p2|Dragonite, L50, F|\n|poke|p2|Amoonguss, L50, M|\n|poke|p2|Flutter Mane, L50|\n|teampreview|4\n|\n|t:|1681832537\n|start\n|switch|p1a: Scizor|Scizor, L50, F|100\/100\n|switch|p1b: Arcanine|Arcanine, L50, M|100\/100\n|switch|p2a: Amoonguss|Amoonguss, L50, M|100\/100\n|switch|p2b: Flutter Mane|Flutter Mane, L50|100\/100\n|-ability|p1b: Arcanine|Intimidate|boost\n|-unboost|p2a: Amoonguss|atk|1\n|-unboost|p2b: Flutter Mane|atk|1\n|-enditem|p2b: Flutter Mane|Booster Energy\n|-activate|p2b: Flutter Mane|ability: Protosynthesis|[fromitem]\n|-start|p2b: Flutter Mane|protosynthesisspa\n|turn|1\n|\n|t:|1681832557\n|-terastallize|p2a: Amoonguss|Dark\n|move|p2b: Flutter Mane|Protect|p2b: Flutter Mane\n|-singleturn|p2b: Flutter Mane|Protect\n|move|p1a: Scizor|Bullet Punch|p2b: Flutter Mane\n|-activate|p2b: Flutter Mane|move: Protect\n|move|p1b: Arcanine|Flare Blitz|p2a: Amoonguss\n|-crit|p2a: Amoonguss\n|-damage|p2a: Amoonguss|47\/100\n|-enditem|p2a: Amoonguss|Sitrus Berry|[eat]\n|-heal|p2a: Amoonguss|72\/100|[from] item: Sitrus Berry\n|-damage|p1b: Arcanine|80\/100|[from] Recoil\n|move|p2a: Amoonguss|Spore|p1a: Scizor\n|-status|p1a: Scizor|slp|[from] move: Spore\n|\n|upkeep\n|turn|2\n|\n|t:|1681832591\n|switch|p2a: Chi-Yu|Chi-Yu, L50|100\/100\n|-ability|p2a: Chi-Yu|Beads of Ruin\n|cant|p1a: Scizor|slp\n|move|p2b: Flutter Mane|Shadow Ball|p1b: Arcanine\n|-damage|p1b: Arcanine|0 fnt\n|faint|p1b: Arcanine\n|\n|upkeep\n|\n|t:|1681832603\n|switch|p1b: Ceruledge|Ceruledge, L50, F|100\/100\n|turn|3\n|\n|t:|1681832624\n|-terastallize|p1b: Ceruledge|Grass\n|cant|p1a: Scizor|slp\n|move|p2a: Chi-Yu|Dark Pulse|p1a: Scizor\n|-damage|p1a: Scizor|37\/100 slp\n|move|p2b: Flutter Mane|Shadow Ball|p1b: Ceruledge\n|-damage|p1b: Ceruledge|30\/100\n|move|p1b: Ceruledge|Bitter Blade|p2a: Chi-Yu\n|-resisted|p2a: Chi-Yu\n|-damage|p2a: Chi-Yu|63\/100\n|-heal|p1b: Ceruledge|43\/100|[from] drain|[of] p2a: Chi-Yu\n|\n|-heal|p1b: Ceruledge|49\/100|[from] item: Leftovers\n|upkeep\n|turn|4\n|\n|t:|1681832643\n|move|p2b: Flutter Mane|Protect|p2b: Flutter Mane\n|-singleturn|p2b: Flutter Mane|Protect\n|move|p1b: Ceruledge|Shadow Sneak|p2b: Flutter Mane\n|-activate|p2b: Flutter Mane|move: Protect\n|-curestatus|p1a: Scizor|slp|[msg]\n|move|p1a: Scizor|Bullet Punch|p2b: Flutter Mane\n|-activate|p2b: Flutter Mane|move: Protect\n|move|p2a: Chi-Yu|Dark Pulse|p1b: Ceruledge\n|-damage|p1b: Ceruledge|0 fnt\n|faint|p1b: Ceruledge\n|\n|upkeep\n|\n|t:|1681832654\n|switch|p1b: Flutter Mane|Flutter Mane, L50|100\/100\n|turn|5\n|\n|t:|1681832671\n|switch|p2a: Amoonguss|Amoonguss, L50, M, tera:Dark|100\/100\n|-end|p2b: Flutter Mane|Protosynthesis|[silent]\n|switch|p2b: Scizor|Scizor, L50, F|100\/100\n|move|p1a: Scizor|Bullet Punch|p2b: Scizor\n|-resisted|p2b: Scizor\n|-damage|p2b: Scizor|83\/100\n|move|p1b: Flutter Mane|Dazzling Gleam|p2b: Scizor|[spread] p2a,p2b\n|-supereffective|p2a: Amoonguss\n|-resisted|p2b: Scizor\n|-damage|p2a: Amoonguss|13\/100\n|-damage|p2b: Scizor|57\/100\n|\n|upkeep\n|turn|6\n|\n|t:|1681832688\n|move|p2a: Amoonguss|Rage Powder|p2a: Amoonguss\n|-singleturn|p2a: Amoonguss|move: Rage Powder\n|move|p2b: Scizor|Bullet Punch|p1b: Flutter Mane\n|-supereffective|p1b: Flutter Mane\n|-damage|p1b: Flutter Mane|0 fnt\n|faint|p1b: Flutter Mane\n|-end|p1b: Flutter Mane|Protosynthesis|[silent]\n|move|p1a: Scizor|Close Combat|p2a: Amoonguss\n|-supereffective|p2a: Amoonguss\n|-damage|p2a: Amoonguss|0 fnt\n|-unboost|p1a: Scizor|def|1\n|-unboost|p1a: Scizor|spd|1\n|faint|p2a: Amoonguss\n|\n|upkeep\n|-message|DumbMLG forfeited.\n|\n|win|Sotero23\n|raw|DumbMLG's rating: 1260 → 1241<\/strong> (-19 for losing)\n|raw|Sotero23's rating: 1348 → 1363<\/strong> (+15 for winning)\n|l|\u2606DumbMLG\n","uploadtime":1681832698,"views":8,"p1id":"dumbmlg","p2id":"sotero23","formatid":"gen9vgc2023regulationc","rating":1241,"private":0,"password":""}