{"id":"gen9vgc2023regulationc-1848814238","p1":"ChuyMcfly","p2":"LoafOfGodlyBread","format":"[Gen 9] VGC 2023 Regulation C","log":"|j|\u2606ChuyMcfly\n|j|\u2606LoafOfGodlyBread\n|t:|1682113249\n|gametype|doubles\n|player|p1|ChuyMcfly|guzma|\n|player|p2|LoafOfGodlyBread|marshal|\n|teamsize|p1|6\n|teamsize|p2|6\n|gen|9\n|tier|[Gen 9] VGC 2023 Regulation C\n|rated|Tournament battle\n|rule|Species Clause: Limit one of each Pok\u00e9mon\n|rule|Item Clause: Limit one of each item\n|clearpoke\n|poke|p1|Lokix, L50, M|\n|poke|p1|Chien-Pao, L50|\n|poke|p1|Iron Jugulis, L50|\n|poke|p1|Ting-Lu, L50|\n|poke|p1|Gastrodon-East, L50, F|\n|poke|p1|Baxcalibur, L50, F|\n|poke|p2|Dondozo, L50, F|\n|poke|p2|Tatsugiri-Droopy, L50, F|\n|poke|p2|Ting-Lu, L50|\n|poke|p2|Flutter Mane, L50|\n|poke|p2|Rotom-Heat, L50|\n|poke|p2|Amoonguss, L50, F|\n|teampreview|4\n|raw| Open Team Sheet for ChuyMcfly<\/summary>Lokix @ Life Orb Ability: Tinted Lens Level: 50 Shiny: Yes Tera Type: Water - Sucker Punch - Leech Life - First Impression - U-turn Chien-Pao @ Focus Sash Ability: Sword of Ruin Level: 50 Tera Type: Ghost - Crunch - Ice Spinner - Sucker Punch - Protect Iron Jugulis @ Booster Energy Ability: Quark Drive Level: 50 Tera Type: Steel - Taunt - Hurricane - Flash Cannon - Tailwind Ting-Lu @ Weakness Policy Ability: Vessel of Ruin Level: 50 Tera Type: Poison - Fissure - Protect - Heavy Slam - Stomping Tantrum Gastrodon (Gastrodon-East) @ Leftovers Ability: Storm Drain Level: 50 Tera Type: Fire - Earth Power - Icy Wind - Recover - Protect Baxcalibur @ Clear Amulet Ability: Thermal Exchange Level: 50 Tera Type: Ground - Earthquake - Ice Shard - Glaive Rush - Icicle Crash <\/details><\/div> Open Team Sheet for LoafOfGodlyBread<\/summary>Mayo (Dondozo) @ Leftovers Ability: Unaware Level: 50 Shiny: Yes Tera Type: Ground - Wave Crash - Earthquake - Facade - Protect Imposter (Tatsugiri-Droopy) @ Choice Scarf Ability: Commander Level: 50 Tera Type: Dragon - Icy Wind - Draco Meteor - Muddy Water - Taunt Fruit-loops (Ting-Lu) @ Assault Vest Ability: Vessel of Ruin Level: 50 Tera Type: Water - Throat Chop - Stomping Tantrum - Fissure - Heavy Slam Mia Fey (Flutter Mane) @ Choice Specs Ability: Protosynthesis Level: 50 Tera Type: Fairy - Moonblast - Shadow Ball - Dazzling Gleam - Icy Wind Dinner's ready! (Rotom-Heat) @ Safety Goggles Ability: Levitate Level: 50 Shiny: Yes Tera Type: Fire - Overheat - Will-O-Wisp - Volt Switch - Protect Crewmate (Amoonguss) @ Sitrus Berry Ability: Regenerator Level: 50 Shiny: Yes Tera Type: Flying - Spore - Rage Powder - Pollen Puff - Protect <\/details><\/div>\n|c|\u2606LoafOfGodlyBread|glhf\n|\n|t:|1682113293\n|start\n|switch|p1a: Iron Jugulis|Iron Jugulis, L50|100\/100\n|switch|p1b: Ting-Lu|Ting-Lu, L50|100\/100\n|switch|p2a: Mia Fey|Flutter Mane, L50|100\/100\n|switch|p2b: Fruit-loops|Ting-Lu, L50|100\/100\n|-ability|p2b: Fruit-loops|Vessel of Ruin\n|-ability|p1b: Ting-Lu|Vessel of Ruin\n|-enditem|p1a: Iron Jugulis|Booster Energy\n|-activate|p1a: Iron Jugulis|ability: Quark Drive|[fromitem]\n|-start|p1a: Iron Jugulis|quarkdrivespe\n|turn|1\n|\n|t:|1682113338\n|move|p1a: Iron Jugulis|Tailwind|p1a: Iron Jugulis\n|-sidestart|p1: ChuyMcfly|move: Tailwind\n|move|p2a: Mia Fey|Icy Wind|p1a: Iron Jugulis|[spread] p1a,p1b\n|-supereffective|p1a: Iron Jugulis\n|-supereffective|p1b: Ting-Lu\n|-damage|p1a: Iron Jugulis|61\/100\n|-damage|p1b: Ting-Lu|78\/100\n|-unboost|p1a: Iron Jugulis|spe|1\n|-unboost|p1b: Ting-Lu|spe|1\n|-enditem|p1b: Ting-Lu|Weakness Policy\n|-boost|p1b: Ting-Lu|atk|2|[from] item: Weakness Policy\n|-boost|p1b: Ting-Lu|spa|2|[from] item: Weakness Policy\n|move|p1b: Ting-Lu|Heavy Slam|p2a: Mia Fey\n|-supereffective|p2a: Mia Fey\n|-damage|p2a: Mia Fey|0 fnt\n|faint|p2a: Mia Fey\n|-end|p2a: Mia Fey|Protosynthesis|[silent]\n|move|p2b: Fruit-loops|Fissure|p1b: Ting-Lu|[miss]\n|-miss|p2b: Fruit-loops|p1b: Ting-Lu\n|\n|upkeep\n|\n|t:|1682113353\n|switch|p2a: Mayo|Dondozo, L50, F, shiny|100\/100\n|turn|2\n|\n|t:|1682113371\n|switch|p2b: Imposter|Tatsugiri-Droopy, L50, F|100\/100\n|-activate|p2b: Imposter|ability: Commander|[of] p2a: Mayo\n|-boost|p2a: Mayo|atk|2\n|-boost|p2a: Mayo|spa|2\n|-boost|p2a: Mayo|spe|2\n|-boost|p2a: Mayo|def|2\n|-boost|p2a: Mayo|spd|2\n|-terastallize|p1b: Ting-Lu|Poison\n|move|p1a: Iron Jugulis|Taunt|p2a: Mayo\n|-start|p2a: Mayo|move: Taunt\n|move|p2a: Mayo|Wave Crash|p1b: Ting-Lu\n|-damage|p1b: Ting-Lu|21\/100\n|-damage|p2a: Mayo|78\/100|[from] Recoil\n|move|p1b: Ting-Lu|Fissure|p2a: Mayo|[miss]\n|-miss|p1b: Ting-Lu|p2a: Mayo\n|\n|-heal|p2a: Mayo|85\/100|[from] item: Leftovers\n|upkeep\n|turn|3\n|\n|t:|1682113401\n|move|p1a: Iron Jugulis|Hurricane|p2a: Mayo\n|-damage|p2a: Mayo|67\/100\n|move|p2a: Mayo|Earthquake|p1b: Ting-Lu|[spread] p1b\n|-miss|p2a: Mayo|p2b: Imposter\n|-immune|p1a: Iron Jugulis\n|-supereffective|p1b: Ting-Lu\n|-damage|p1b: Ting-Lu|0 fnt\n|faint|p1b: Ting-Lu\n|\n|-heal|p2a: Mayo|74\/100|[from] item: Leftovers\n|upkeep\n|\n|t:|1682113412\n|switch|p1b: Baxcalibur|Baxcalibur, L50, F|100\/100\n|turn|4\n|\n|t:|1682113423\n|move|p1a: Iron Jugulis|Hurricane|p2a: Mayo\n|-damage|p2a: Mayo|47\/100\n|move|p1b: Baxcalibur|Icicle Crash|p2a: Mayo\n|-resisted|p2a: Mayo\n|-damage|p2a: Mayo|37\/100\n|move|p2a: Mayo|Wave Crash|p1a: Iron Jugulis\n|-crit|p1a: Iron Jugulis\n|-damage|p1a: Iron Jugulis|0 fnt\n|faint|p1a: Iron Jugulis\n|-end|p1a: Iron Jugulis|Quark Drive|[silent]\n|-damage|p2a: Mayo|22\/100|[from] Recoil\n|\n|-heal|p2a: Mayo|28\/100|[from] item: Leftovers\n|-end|p2a: Mayo|move: Taunt\n|-sideend|p1: ChuyMcfly|move: Tailwind\n|upkeep\n|\n|t:|1682113463\n|switch|p1a: Gastrodon|Gastrodon-East, L50, F|100\/100\n|turn|5\n|\n|t:|1682113474\n|move|p2a: Mayo|Protect|p2a: Mayo\n|-singleturn|p2a: Mayo|Protect\n|move|p1b: Baxcalibur|Glaive Rush|p2a: Mayo\n|-activate|p2a: Mayo|move: Protect\n|move|p1a: Gastrodon|Earth Power|p2a: Mayo\n|-activate|p2a: Mayo|move: Protect\n|\n|-heal|p2a: Mayo|34\/100|[from] item: Leftovers\n|upkeep\n|turn|6\n|\n|t:|1682113490\n|move|p2a: Mayo|Earthquake|p1b: Baxcalibur|[spread] p1a,p1b\n|-miss|p2a: Mayo|p2b: Imposter\n|-damage|p1a: Gastrodon|61\/100\n|-damage|p1b: Baxcalibur|62\/100\n|move|p1b: Baxcalibur|Glaive Rush|p2a: Mayo\n|-damage|p2a: Mayo|10\/100\n|-singlemove|p1b: Baxcalibur|Glaive Rush|[silent]\n|move|p1a: Gastrodon|Earth Power|p2a: Mayo\n|-damage|p2a: Mayo|0 fnt\n|faint|p2a: Mayo\n|\n|-heal|p1a: Gastrodon|67\/100|[from] item: Leftovers\n|upkeep\n|\n|t:|1682113501\n|switch|p2a: Fruit-loops|Ting-Lu, L50|100\/100\n|-ability|p2a: Fruit-loops|Vessel of Ruin\n|turn|7\n|\n|t:|1682113519\n|-terastallize|p2a: Fruit-loops|Water\n|move|p2b: Imposter|Draco Meteor|p1b: Baxcalibur\n|-supereffective|p1b: Baxcalibur\n|-damage|p1b: Baxcalibur|0 fnt\n|-unboost|p2b: Imposter|spa|2\n|faint|p1b: Baxcalibur\n|move|p2a: Fruit-loops|Heavy Slam|p1a: Gastrodon\n|-resisted|p1a: Gastrodon\n|-damage|p1a: Gastrodon|50\/100\n|move|p1a: Gastrodon|Icy Wind|p2b: Imposter|[spread] p2a,p2b\n|-resisted|p2a: Fruit-loops\n|-damage|p2a: Fruit-loops|99\/100\n|-damage|p2b: Imposter|92\/100\n|-unboost|p2a: Fruit-loops|spe|1\n|-unboost|p2b: Imposter|spe|1\n|\n|-heal|p1a: Gastrodon|56\/100|[from] item: Leftovers\n|upkeep\n|turn|8\n|\n|t:|1682113537\n|move|p1a: Gastrodon|Protect|p1a: Gastrodon\n|-singleturn|p1a: Gastrodon|Protect\n|move|p2b: Imposter|Draco Meteor|p1a: Gastrodon\n|-activate|p1a: Gastrodon|move: Protect\n|move|p2a: Fruit-loops|Throat Chop|p1a: Gastrodon\n|-activate|p1a: Gastrodon|move: Protect\n|\n|-heal|p1a: Gastrodon|62\/100|[from] item: Leftovers\n|upkeep\n|turn|9\n|\n|t:|1682113548\n|move|p2b: Imposter|Draco Meteor|p1a: Gastrodon\n|-damage|p1a: Gastrodon|40\/100\n|-unboost|p2b: Imposter|spa|2\n|move|p1a: Gastrodon|Recover|p1a: Gastrodon\n|-heal|p1a: Gastrodon|90\/100\n|move|p2a: Fruit-loops|Throat Chop|p1a: Gastrodon\n|-damage|p1a: Gastrodon|54\/100\n|-start|p1a: Gastrodon|Throat Chop|[silent]\n|\n|-heal|p1a: Gastrodon|60\/100|[from] item: Leftovers\n|upkeep\n|turn|10\n|\n|t:|1682113560\n|move|p1a: Gastrodon|Protect|p1a: Gastrodon\n|-singleturn|p1a: Gastrodon|Protect\n|move|p2b: Imposter|Draco Meteor|p1a: Gastrodon\n|-activate|p1a: Gastrodon|move: Protect\n|move|p2a: Fruit-loops|Fissure|p1a: Gastrodon\n|-activate|p1a: Gastrodon|move: Protect\n|\n|-heal|p1a: Gastrodon|66\/100|[from] item: Leftovers\n|-end|p1a: Gastrodon|Throat Chop|[silent]\n|upkeep\n|turn|11\n|\n|t:|1682113571\n|move|p2b: Imposter|Draco Meteor|p1a: Gastrodon\n|-damage|p1a: Gastrodon|50\/100\n|-unboost|p2b: Imposter|spa|2\n|move|p1a: Gastrodon|Icy Wind|p2b: Imposter|[spread] p2a,p2b\n|-resisted|p2a: Fruit-loops\n|-damage|p2a: Fruit-loops|98\/100\n|-damage|p2b: Imposter|83\/100\n|-unboost|p2a: Fruit-loops|spe|1\n|-unboost|p2b: Imposter|spe|1\n|move|p2a: Fruit-loops|Fissure|p1a: Gastrodon|[miss]\n|-miss|p2a: Fruit-loops|p1a: Gastrodon\n|\n|-heal|p1a: Gastrodon|56\/100|[from] item: Leftovers\n|upkeep\n|turn|12\n|\n|t:|1682113586\n|move|p1a: Gastrodon|Protect|p1a: Gastrodon\n|-singleturn|p1a: Gastrodon|Protect\n|move|p2b: Imposter|Draco Meteor|p1a: Gastrodon\n|-activate|p1a: Gastrodon|move: Protect\n|move|p2a: Fruit-loops|Fissure|p1a: Gastrodon\n|-activate|p1a: Gastrodon|move: Protect\n|\n|-heal|p1a: Gastrodon|62\/100|[from] item: Leftovers\n|upkeep\n|turn|13\n|\n|t:|1682113598\n|move|p2b: Imposter|Draco Meteor|p1a: Gastrodon|[miss]\n|-miss|p2b: Imposter|p1a: Gastrodon\n|move|p1a: Gastrodon|Recover|p1a: Gastrodon\n|-heal|p1a: Gastrodon|100\/100\n|move|p2a: Fruit-loops|Fissure|p1a: Gastrodon|[miss]\n|-miss|p2a: Fruit-loops|p1a: Gastrodon\n|\n|upkeep\n|turn|14\n|\n|t:|1682113609\n|move|p1a: Gastrodon|Protect|p1a: Gastrodon\n|-singleturn|p1a: Gastrodon|Protect\n|move|p2b: Imposter|Draco Meteor|p1a: Gastrodon\n|-activate|p1a: Gastrodon|move: Protect\n|move|p2a: Fruit-loops|Throat Chop|p1a: Gastrodon\n|-activate|p1a: Gastrodon|move: Protect\n|\n|upkeep\n|turn|15\n|j| bigboi.mili\n|\n|t:|1682113619\n|-activate|p2b: Imposter|move: Struggle\n|move|p2b: Imposter|Struggle|p1a: Gastrodon\n|-damage|p1a: Gastrodon|95\/100\n|-damage|p2b: Imposter|58\/100|[from] recoil\n|move|p1a: Gastrodon|Icy Wind|p2a: Fruit-loops|[spread] p2a,p2b\n|-resisted|p2a: Fruit-loops\n|-damage|p2a: Fruit-loops|96\/100\n|-damage|p2b: Imposter|49\/100\n|-unboost|p2a: Fruit-loops|spe|1\n|-unboost|p2b: Imposter|spe|1\n|move|p2a: Fruit-loops|Fissure|p1a: Gastrodon|[miss]\n|-miss|p2a: Fruit-loops|p1a: Gastrodon\n|\n|-heal|p1a: Gastrodon|100\/100|[from] item: Leftovers\n|upkeep\n|turn|16\n|\n|t:|1682113643\n|-activate|p2b: Imposter|move: Struggle\n|move|p2b: Imposter|Struggle|p1a: Gastrodon\n|-crit|p1a: Gastrodon\n|-damage|p1a: Gastrodon|94\/100\n|-damage|p2b: Imposter|24\/100|[from] recoil\n|move|p1a: Gastrodon|Earth Power|p2b: Imposter\n|-damage|p2b: Imposter|0 fnt\n|faint|p2b: Imposter\n|move|p2a: Fruit-loops|Stomping Tantrum|p1a: Gastrodon\n|-damage|p1a: Gastrodon|26\/100\n|\n|-heal|p1a: Gastrodon|32\/100|[from] item: Leftovers\n|upkeep\n|turn|17\n|\n|t:|1682113656\n|move|p1a: Gastrodon|Protect|p1a: Gastrodon\n|-singleturn|p1a: Gastrodon|Protect\n|move|p2a: Fruit-loops|Fissure|p1a: Gastrodon\n|-activate|p1a: Gastrodon|move: Protect\n|\n|-heal|p1a: Gastrodon|38\/100|[from] item: Leftovers\n|upkeep\n|turn|18\n|\n|t:|1682113668\n|move|p1a: Gastrodon|Recover|p1a: Gastrodon\n|-heal|p1a: Gastrodon|88\/100\n|move|p2a: Fruit-loops|Stomping Tantrum|p1a: Gastrodon\n|-damage|p1a: Gastrodon|56\/100\n|\n|-heal|p1a: Gastrodon|62\/100|[from] item: Leftovers\n|upkeep\n|turn|19\n|\n|t:|1682113679\n|move|p1a: Gastrodon|Protect|p1a: Gastrodon\n|-singleturn|p1a: Gastrodon|Protect\n|move|p2a: Fruit-loops|Stomping Tantrum|p1a: Gastrodon\n|-activate|p1a: Gastrodon|move: Protect\n|\n|-heal|p1a: Gastrodon|68\/100|[from] item: Leftovers\n|upkeep\n|turn|20\n|\n|t:|1682113688\n|move|p1a: Gastrodon|Earth Power|p2a: Fruit-loops\n|-damage|p2a: Fruit-loops|85\/100\n|move|p2a: Fruit-loops|Fissure|p1a: Gastrodon|[miss]\n|-miss|p2a: Fruit-loops|p1a: Gastrodon\n|\n|-heal|p1a: Gastrodon|74\/100|[from] item: Leftovers\n|upkeep\n|turn|21\n|\n|t:|1682113696\n|move|p1a: Gastrodon|Protect|p1a: Gastrodon\n|-singleturn|p1a: Gastrodon|Protect\n|move|p2a: Fruit-loops|Stomping Tantrum|p1a: Gastrodon\n|-activate|p1a: Gastrodon|move: Protect\n|\n|-heal|p1a: Gastrodon|80\/100|[from] item: Leftovers\n|upkeep\n|turn|22\n|\n|t:|1682113703\n|move|p1a: Gastrodon|Earth Power|p2a: Fruit-loops\n|-damage|p2a: Fruit-loops|74\/100\n|move|p2a: Fruit-loops|Stomping Tantrum|p1a: Gastrodon\n|-crit|p1a: Gastrodon\n|-damage|p1a: Gastrodon|29\/100\n|\n|-heal|p1a: Gastrodon|35\/100|[from] item: Leftovers\n|upkeep\n|turn|23\n|\n|t:|1682113715\n|move|p1a: Gastrodon|Recover|p1a: Gastrodon\n|-heal|p1a: Gastrodon|85\/100\n|move|p2a: Fruit-loops|Stomping Tantrum|p1a: Gastrodon\n|-crit|p1a: Gastrodon\n|-damage|p1a: Gastrodon|35\/100\n|\n|-heal|p1a: Gastrodon|41\/100|[from] item: Leftovers\n|upkeep\n|turn|24\n|\n|t:|1682113724\n|move|p1a: Gastrodon|Protect|p1a: Gastrodon\n|-singleturn|p1a: Gastrodon|Protect\n|move|p2a: Fruit-loops|Stomping Tantrum|p1a: Gastrodon\n|-activate|p1a: Gastrodon|move: Protect\n|\n|-heal|p1a: Gastrodon|47\/100|[from] item: Leftovers\n|upkeep\n|turn|25\n|\n|t:|1682113731\n|move|p1a: Gastrodon|Recover|p1a: Gastrodon\n|-heal|p1a: Gastrodon|97\/100\n|move|p2a: Fruit-loops|Stomping Tantrum|p1a: Gastrodon\n|-damage|p1a: Gastrodon|65\/100\n|\n|-heal|p1a: Gastrodon|71\/100|[from] item: Leftovers\n|upkeep\n|turn|26\n|\n|t:|1682113739\n|move|p1a: Gastrodon|Earth Power|p2a: Fruit-loops\n|-damage|p2a: Fruit-loops|63\/100\n|move|p2a: Fruit-loops|Stomping Tantrum|p1a: Gastrodon\n|-damage|p1a: Gastrodon|42\/100\n|\n|-heal|p1a: Gastrodon|48\/100|[from] item: Leftovers\n|upkeep\n|turn|27\n|\n|t:|1682113746\n|move|p1a: Gastrodon|Protect|p1a: Gastrodon\n|-singleturn|p1a: Gastrodon|Protect\n|move|p2a: Fruit-loops|Stomping Tantrum|p1a: Gastrodon\n|-activate|p1a: Gastrodon|move: Protect\n|\n|-heal|p1a: Gastrodon|54\/100|[from] item: Leftovers\n|upkeep\n|turn|28\n|\n|t:|1682113754\n|move|p1a: Gastrodon|Recover|p1a: Gastrodon\n|-heal|p1a: Gastrodon|100\/100\n|move|p2a: Fruit-loops|Stomping Tantrum|p1a: Gastrodon\n|-damage|p1a: Gastrodon|68\/100\n|\n|-heal|p1a: Gastrodon|74\/100|[from] item: Leftovers\n|upkeep\n|turn|29\n|\n|t:|1682113760\n|move|p1a: Gastrodon|Earth Power|p2a: Fruit-loops\n|-damage|p2a: Fruit-loops|53\/100\n|move|p2a: Fruit-loops|Throat Chop|p1a: Gastrodon\n|-damage|p1a: Gastrodon|41\/100\n|-start|p1a: Gastrodon|Throat Chop|[silent]\n|\n|-heal|p1a: Gastrodon|47\/100|[from] item: Leftovers\n|upkeep\n|turn|30\n|\n|t:|1682113768\n|move|p1a: Gastrodon|Recover|p1a: Gastrodon\n|-heal|p1a: Gastrodon|97\/100\n|move|p2a: Fruit-loops|Throat Chop|p1a: Gastrodon\n|-damage|p1a: Gastrodon|61\/100\n|\n|-heal|p1a: Gastrodon|67\/100|[from] item: Leftovers\n|-end|p1a: Gastrodon|Throat Chop|[silent]\n|upkeep\n|turn|31\n|\n|t:|1682113776\n|move|p1a: Gastrodon|Earth Power|p2a: Fruit-loops\n|-damage|p2a: Fruit-loops|41\/100\n|move|p2a: Fruit-loops|Throat Chop|p1a: Gastrodon\n|-damage|p1a: Gastrodon|36\/100\n|-start|p1a: Gastrodon|Throat Chop|[silent]\n|\n|-heal|p1a: Gastrodon|42\/100|[from] item: Leftovers\n|upkeep\n|turn|32\n|\n|t:|1682113784\n|move|p1a: Gastrodon|Protect|p1a: Gastrodon\n|-singleturn|p1a: Gastrodon|Protect\n|move|p2a: Fruit-loops|Throat Chop|p1a: Gastrodon\n|-activate|p1a: Gastrodon|move: Protect\n|\n|-heal|p1a: Gastrodon|48\/100|[from] item: Leftovers\n|-end|p1a: Gastrodon|Throat Chop|[silent]\n|upkeep\n|turn|33\n|\n|t:|1682113791\n|move|p1a: Gastrodon|Earth Power|p2a: Fruit-loops\n|-damage|p2a: Fruit-loops|30\/100\n|-unboost|p2a: Fruit-loops|spd|1\n|move|p2a: Fruit-loops|Stomping Tantrum|p1a: Gastrodon\n|-damage|p1a: Gastrodon|15\/100\n|\n|-heal|p1a: Gastrodon|21\/100|[from] item: Leftovers\n|upkeep\n|turn|34\n|\n|t:|1682113799\n|move|p1a: Gastrodon|Protect|p1a: Gastrodon\n|-singleturn|p1a: Gastrodon|Protect\n|move|p2a: Fruit-loops|Throat Chop|p1a: Gastrodon\n|-activate|p1a: Gastrodon|move: Protect\n|\n|-heal|p1a: Gastrodon|27\/100|[from] item: Leftovers\n|upkeep\n|turn|35\n|\n|t:|1682113806\n|move|p1a: Gastrodon|Recover|p1a: Gastrodon\n|-heal|p1a: Gastrodon|77\/100\n|move|p2a: Fruit-loops|Throat Chop|p1a: Gastrodon\n|-damage|p1a: Gastrodon|45\/100\n|-start|p1a: Gastrodon|Throat Chop|[silent]\n|\n|-heal|p1a: Gastrodon|51\/100|[from] item: Leftovers\n|upkeep\n|turn|36\n|\n|t:|1682113814\n|move|p1a: Gastrodon|Protect|p1a: Gastrodon\n|-singleturn|p1a: Gastrodon|Protect\n|move|p2a: Fruit-loops|Throat Chop|p1a: Gastrodon\n|-activate|p1a: Gastrodon|move: Protect\n|\n|-heal|p1a: Gastrodon|57\/100|[from] item: Leftovers\n|-end|p1a: Gastrodon|Throat Chop|[silent]\n|upkeep\n|turn|37\n|\n|t:|1682113822\n|move|p1a: Gastrodon|Earth Power|p2a: Fruit-loops\n|-damage|p2a: Fruit-loops|13\/100\n|move|p2a: Fruit-loops|Stomping Tantrum|p1a: Gastrodon\n|-damage|p1a: Gastrodon|26\/100\n|\n|-heal|p1a: Gastrodon|32\/100|[from] item: Leftovers\n|upkeep\n|turn|38\n|\n|t:|1682113830\n|move|p1a: Gastrodon|Earth Power|p2a: Fruit-loops\n|-damage|p2a: Fruit-loops|0 fnt\n|faint|p2a: Fruit-loops\n|\n|win|ChuyMcfly\n|n|\u2606ChuyMcfly|chuymcfly\n|n|\u2606LoafOfGodlyBread|loafofgodlybread\n|n| bigboi.mili|bigboimili\n|c|\u2606LoafOfGodlyBread|ggs\n","uploadtime":1682113838,"views":12,"p1id":"chuymcfly","p2id":"loafofgodlybread","formatid":"gen9vgc2023regulationc","rating":0,"private":0,"password":""}