{"id":"gen9vgc2023regulationc-1863957151","p1":"StantlerGOAT","p2":"qwe-qwercwsedf","format":"[Gen 9] VGC 2023 Regulation C","log":"|j|\u2606StantlerGOAT\n|j|\u2606qwe-qwercwsedf\n|t:|1684097850\n|gametype|doubles\n|player|p1|StantlerGOAT|1|1138\n|player|p2|qwe-qwercwsedf|giovanni|1130\n|teamsize|p1|6\n|teamsize|p2|6\n|gen|9\n|tier|[Gen 9] VGC 2023 Regulation C\n|rated|\n|rule|Species Clause: Limit one of each Pok\u00e9mon\n|rule|Item Clause: Limit one of each item\n|clearpoke\n|poke|p1|Dudunsparce-*, L50, M|\n|poke|p1|Oranguru, L50, F|\n|poke|p1|Iron Hands, L50|\n|poke|p1|Bronzong, L50|\n|poke|p1|Torkoal, L50, F|\n|poke|p1|Ting-Lu, L50|\n|poke|p2|Amoonguss, L50, F|\n|poke|p2|Slowpoke, L50, F|\n|poke|p2|Torkoal, L50, M|\n|poke|p2|Annihilape, L50, F|\n|poke|p2|Iron Hands, L50|\n|poke|p2|Lilligant, L50, F|\n|teampreview|4\n|c|\u2606StantlerGOAT|YOOOOOOOOOO\n|c|\u2606StantlerGOAT|yooooo\n|c|\u2606StantlerGOAT|YO\n|c|\u2606StantlerGOAT|yo yo Yo\n|c|\u2606StantlerGOAT|I also\n|c|\u2606StantlerGOAT|Used to play\n|c|\u2606StantlerGOAT|Weakness Policy\n|c|\u2606StantlerGOAT|TORKOAL\n|c|\u2606StantlerGOAT|X\n|c|\u2606StantlerGOAT|slowpoke\n|c|\u2606StantlerGOAT|Bro\n|c|\u2606StantlerGOAT|Bro\n|inactive|Battle timer is ON: inactive players will automatically lose when time's up. (requested by qwe-qwercwsedf)\n|c|\u2606StantlerGOAT|BRO\n|inactive|StantlerGOAT has 60 seconds left.\n|\n|t:|1684097941\n|start\n|switch|p1a: Dudunsparce|Dudunsparce, L50, M|100\/100\n|switch|p1b: Bronzong|Bronzong, L50|100\/100\n|switch|p2a: Annihilape|Annihilape, L50, F|100\/100\n|switch|p2b: Slowpoke|Slowpoke, L50, F|100\/100\n|turn|1\n|inactive|StantlerGOAT has 30 seconds left.\n|\n|t:|1684097968\n|-terastallize|p1a: Dudunsparce|Rock\n|move|p1b: Bronzong|Protect|p1b: Bronzong\n|-singleturn|p1b: Bronzong|Protect\n|move|p2a: Annihilape|Final Gambit|p1b: Bronzong\n|-activate|p1b: Bronzong|move: Protect\n|move|p1a: Dudunsparce|Rock Slide|p2b: Slowpoke|[spread] p2a,p2b\n|-resisted|p2a: Annihilape\n|-damage|p2a: Annihilape|87\/100\n|-damage|p2b: Slowpoke|81\/100\n|move|p2b: Slowpoke|Trick Room|p2b: Slowpoke\n|-fieldstart|move: Trick Room|[of] p2b: Slowpoke\n|\n|upkeep\n|turn|2\n|inactive|StantlerGOAT has 30 seconds left.\n|\n|t:|1684097996\n|switch|p2a: Torkoal|Torkoal, L50, M|100\/100\n|-weather|SunnyDay|[from] ability: Drought|[of] p2a: Torkoal\n|move|p2b: Slowpoke|Surf|p1a: Dudunsparce|[spread] p2a,p1a,p1b\n|-supereffective|p2a: Torkoal\n|-supereffective|p1a: Dudunsparce\n|-damage|p2a: Torkoal|90\/100\n|-damage|p1a: Dudunsparce|93\/100\n|-damage|p1b: Bronzong|98\/100\n|-enditem|p2a: Torkoal|Weakness Policy\n|-boost|p2a: Torkoal|atk|2|[from] item: Weakness Policy\n|-boost|p2a: Torkoal|spa|2|[from] item: Weakness Policy\n|-enditem|p1a: Dudunsparce|Weakness Policy\n|-boost|p1a: Dudunsparce|atk|2|[from] item: Weakness Policy\n|-boost|p1a: Dudunsparce|spa|2|[from] item: Weakness Policy\n|move|p1b: Bronzong|Psychic|p2a: Torkoal\n|-damage|p2a: Torkoal|59\/100\n|move|p1a: Dudunsparce|Rock Slide|p2a: Torkoal|[spread] p2a,p2b\n|-supereffective|p2a: Torkoal\n|-damage|p2a: Torkoal|0 fnt\n|-damage|p2b: Slowpoke|42\/100\n|faint|p2a: Torkoal\n|\n|-weather|SunnyDay|[upkeep]\n|upkeep\n|c|\u2606StantlerGOAT|WE ARE NOT THE SAME\n|inactive|qwe-qwercwsedf has 30 seconds left.\n|\n|t:|1684098028\n|switch|p2a: Amoonguss|Amoonguss, L50, F|100\/100\n|turn|3\n|\n|t:|1684098047\n|switch|p2b: Annihilape|Annihilape, L50, F|87\/100\n|move|p1a: Dudunsparce|Protect|p1a: Dudunsparce\n|-singleturn|p1a: Dudunsparce|Protect\n|move|p2a: Amoonguss|Spore|p1a: Dudunsparce\n|-activate|p1a: Dudunsparce|move: Protect\n|move|p1b: Bronzong|Safeguard|p1b: Bronzong\n|-sidestart|p1: StantlerGOAT|Safeguard\n|\n|-weather|SunnyDay|[upkeep]\n|upkeep\n|turn|4\n|c|\u2606StantlerGOAT|You have much to learn\n|\n|t:|1684098067\n|move|p2a: Amoonguss|Spore|p1a: Dudunsparce\n|-activate|p1a: Dudunsparce|move: Safeguard\n|move|p1b: Bronzong|Psychic|p2b: Annihilape\n|-supereffective|p2b: Annihilape\n|-damage|p2b: Annihilape|36\/100\n|-enditem|p2b: Annihilape|Sitrus Berry|[eat]\n|-heal|p2b: Annihilape|61\/100|[from] item: Sitrus Berry\n|move|p1a: Dudunsparce|Zen Headbutt|p2a: Amoonguss\n|-supereffective|p2a: Amoonguss\n|-damage|p2a: Amoonguss|18\/100\n|-enditem|p2a: Amoonguss|Eject Button\n|\n|t:|1684098083\n|switch|p2a: Slowpoke|Slowpoke, L50, F|42\/100\n|move|p2b: Annihilape|Rage Fist|p1a: Dudunsparce\n|-damage|p1a: Dudunsparce|38\/100\n|\n|-weather|SunnyDay|[upkeep]\n|upkeep\n|turn|5\n|c|\u2606StantlerGOAT|LOL\n|\n|t:|1684098101\n|switch|p1b: Oranguru|Oranguru, L50, F|100\/100\n|move|p2a: Slowpoke|Heal Pulse|p2b: Annihilape\n|-heal|p2b: Annihilape|100\/100\n|move|p1a: Dudunsparce|Rock Slide|p2a: Slowpoke|[spread] p2a,p2b\n|-resisted|p2b: Annihilape\n|-damage|p2a: Slowpoke|0 fnt\n|-damage|p2b: Annihilape|75\/100\n|faint|p2a: Slowpoke\n|cant|p2b: Annihilape|flinch\n|\n|-weather|SunnyDay|[upkeep]\n|-fieldend|move: Trick Room\n|upkeep\n|\n|t:|1684098112\n|switch|p2a: Amoonguss|Amoonguss, L50, F|51\/100\n|turn|6\n|\n|t:|1684098127\n|move|p1a: Dudunsparce|Protect|p1a: Dudunsparce\n|-singleturn|p1a: Dudunsparce|Protect\n|move|p2b: Annihilape|Rage Fist|p1a: Dudunsparce\n|-activate|p1a: Dudunsparce|move: Protect\n|move|p2a: Amoonguss|Spore|p1b: Oranguru\n|-activate|p1b: Oranguru|move: Safeguard\n|move|p1b: Oranguru|Trick Room|p1b: Oranguru\n|-fieldstart|move: Trick Room|[of] p1b: Oranguru\n|\n|-weather|none\n|upkeep\n|turn|7\n|inactive|qwe-qwercwsedf has 30 seconds left.\n|\n|t:|1684098154\n|move|p2a: Amoonguss|Pollen Puff|p2b: Annihilape\n|-heal|p2b: Annihilape|100\/100\n|move|p1b: Oranguru|Instruct|p1a: Dudunsparce\n|-singleturn|p1a: Dudunsparce|move: Instruct|[of] p1b: Oranguru\n|move|p1a: Dudunsparce|Protect|p1a: Dudunsparce\n|-singleturn|p1a: Dudunsparce|Protect\n|move|p1a: Dudunsparce|Zen Headbutt|p2b: Annihilape\n|-supereffective|p2b: Annihilape\n|-damage|p2b: Annihilape|6\/100\n|move|p2b: Annihilape|Rage Fist|p1a: Dudunsparce\n|-activate|p1a: Dudunsparce|move: Protect\n|\n|-sideend|p1: StantlerGOAT|Safeguard\n|upkeep\n|turn|8\n|inactive|StantlerGOAT has 30 seconds left.\n|inactive|StantlerGOAT has 20 seconds left.\n|inactive|StantlerGOAT has 15 seconds left.\n|\n|t:|1684098194\n|switch|p1b: Bronzong|Bronzong, L50|98\/100\n|move|p1a: Dudunsparce|Protect||[still]\n|-fail|p1a: Dudunsparce\n|move|p2a: Amoonguss|Pollen Puff|p2b: Annihilape\n|-heal|p2b: Annihilape|56\/100\n|move|p2b: Annihilape|Rage Fist|p1b: Bronzong\n|-supereffective|p1b: Bronzong\n|-damage|p1b: Bronzong|0 fnt\n|faint|p1b: Bronzong\n|\n|upkeep\n|\n|t:|1684098206\n|switch|p1b: Iron Hands|Iron Hands, L50|100\/100\n|turn|9\n|\n|t:|1684098223\n|move|p1b: Iron Hands|Fake Out|p2a: Amoonguss\n|-damage|p2a: Amoonguss|40\/100\n|cant|p2a: Amoonguss|flinch\n|move|p1a: Dudunsparce|Zen Headbutt|p2b: Annihilape\n|-supereffective|p2b: Annihilape\n|-damage|p2b: Annihilape|0 fnt\n|faint|p2b: Annihilape\n|\n|upkeep\n|turn|10\n|inactive|StantlerGOAT has 30 seconds left.\n|\n|t:|1684098248\n|move|p2a: Amoonguss|Pollen Puff|p1a: Dudunsparce\n|-damage|p1a: Dudunsparce|21\/100\n|move|p1b: Iron Hands|Wild Charge|p2a: Amoonguss\n|-resisted|p2a: Amoonguss\n|-damage|p2a: Amoonguss|21\/100\n|-damage|p1b: Iron Hands|96\/100|[from] Recoil\n|move|p1a: Dudunsparce|Zen Headbutt|p2a: Amoonguss\n|-supereffective|p2a: Amoonguss\n|-damage|p2a: Amoonguss|0 fnt\n|faint|p2a: Amoonguss\n|\n|win|StantlerGOAT\n|raw|StantlerGOAT's rating: 1138 → 1162<\/strong> (+24 for winning)\n|raw|qwe-qwercwsedf's rating: 1130 → 1106<\/strong> (-24 for losing)\n|c|\u2606StantlerGOAT|Bro\n|l|\u2606qwe-qwercwsedf\n|c|\u2606StantlerGOAT|Next time\n|c|\u2606StantlerGOAT|Respond\n|c|\u2606StantlerGOAT|Noob\n","uploadtime":1684098266,"views":7,"p1id":"stantlergoat","p2id":"qweqwercwsedf","formatid":"gen9vgc2023regulationc","rating":1106,"private":0,"password":""}