{"id":"gen9vgc2023regulationc-1847054218","p1":"jackon17","p2":"meeklosh","format":"[Gen 9] VGC 2023 Regulation C","log":"|j|\u2606jackon17\n|j|\u2606meeklosh\n|t:|1681915238\n|gametype|doubles\n|player|p1|jackon17|nate|1452\n|player|p2|meeklosh|cynthia-gen4|1402\n|teamsize|p1|6\n|teamsize|p2|6\n|gen|9\n|tier|[Gen 9] VGC 2023 Regulation C\n|rated|\n|rule|Species Clause: Limit one of each Pok\u00e9mon\n|rule|Item Clause: Limit one of each item\n|clearpoke\n|poke|p1|Great Tusk, L50|\n|poke|p1|Flutter Mane, L50|\n|poke|p1|Amoonguss, L50, M|\n|poke|p1|Gyarados, L50, M|\n|poke|p1|Talonflame, L50, M|\n|poke|p1|Chien-Pao, L50|\n|poke|p2|Dondozo, L50, M|\n|poke|p2|Tatsugiri-Droopy, L50, F|\n|poke|p2|Pelipper, L50, F|\n|poke|p2|Drednaw, L50, M|\n|poke|p2|Dragonite, L50, F|\n|poke|p2|Chien-Pao, L50|\n|teampreview|4\n|inactive|Battle timer is ON: inactive players will automatically lose when time's up. (requested by meeklosh)\n|inactive|jackon17 also wants the timer to be on.\njackon17 has agreed to open team sheets.\n|\n|t:|1681915263\n|start\n|switch|p1a: Talonflame|Talonflame, L50, M|100\/100\n|switch|p1b: Flutter Mane|Flutter Mane, L50|100\/100\n|switch|p2a: Pelipper|Pelipper, L50, F|100\/100\n|switch|p2b: Drednaw|Drednaw, L50, M|100\/100\n|-weather|RainDance|[from] ability: Drizzle|[of] p2a: Pelipper\n|turn|1\n|\n|t:|1681915280\n|-terastallize|p1b: Flutter Mane|Water\n|move|p1a: Talonflame|Tailwind|p1a: Talonflame\n|-sidestart|p1: jackon17|move: Tailwind\n|move|p1b: Flutter Mane|Moonblast|p2b: Drednaw\n|-damage|p2b: Drednaw|0 fnt\n|faint|p2b: Drednaw\n|move|p2a: Pelipper|Tailwind|p2a: Pelipper\n|-sidestart|p2: meeklosh|move: Tailwind\n|\n|-weather|RainDance|[upkeep]\n|upkeep\n|\n|t:|1681915288\n|switch|p2b: Dondozo|Dondozo, L50, M|100\/100\n|turn|2\n|inactive|jackon17 has 30 seconds left.\n|inactive|jackon17 has 20 seconds left.\n|\n|t:|1681915327\n|switch|p1a: Gyarados|Gyarados, L50, M|100\/100\n|-ability|p1a: Gyarados|Intimidate|boost\n|-unboost|p2a: Pelipper|atk|1\n|-unboost|p2b: Dondozo|atk|1\n|move|p2b: Dondozo|Protect|p2b: Dondozo\n|-singleturn|p2b: Dondozo|Protect\n|move|p1b: Flutter Mane|Moonblast|p2b: Dondozo\n|-activate|p2b: Dondozo|move: Protect\n|move|p2a: Pelipper|Hurricane|p1b: Flutter Mane\n|-damage|p1b: Flutter Mane|53\/100\n|\n|-weather|RainDance|[upkeep]\n|upkeep\n|turn|3\n|inactive|jackon17 has 30 seconds left.\n|\n|t:|1681915361\n|switch|p2a: Tatsugiri|Tatsugiri-Droopy, L50, F, shiny|100\/100\n|-activate|p2a: Tatsugiri|ability: Commander|[of] p2b: Dondozo\n|-boost|p2b: Dondozo|atk|2\n|-boost|p2b: Dondozo|spa|2\n|-boost|p2b: Dondozo|spe|2\n|-boost|p2b: Dondozo|def|2\n|-boost|p2b: Dondozo|spd|2\n|-terastallize|p2b: Dondozo|Water\n|move|p2b: Dondozo|Surf|p1a: Gyarados|[spread] p1a,p1b\n|-miss|p2b: Dondozo|p2a: Tatsugiri\n|-resisted|p1a: Gyarados\n|-resisted|p1b: Flutter Mane\n|-damage|p1a: Gyarados|50\/100\n|-damage|p1b: Flutter Mane|0 fnt\n|faint|p1b: Flutter Mane\n|-end|p1b: Flutter Mane|Protosynthesis|[silent]\n|-damage|p2b: Dondozo|91\/100|[from] item: Life Orb\n|move|p1a: Gyarados|Dragon Dance|p1a: Gyarados\n|-boost|p1a: Gyarados|atk|1\n|-boost|p1a: Gyarados|spe|1\n|\n|-weather|RainDance|[upkeep]\n|upkeep\n|\n|t:|1681915372\n|switch|p1b: Chien-Pao|Chien-Pao, L50|100\/100\n|-ability|p1b: Chien-Pao|Sword of Ruin\n|turn|4\n|\n|t:|1681915382\n|move|p1b: Chien-Pao|Haze|p1b: Chien-Pao\n|-clearallboost\n|move|p1a: Gyarados|Waterfall|p2b: Dondozo\n|-resisted|p2b: Dondozo\n|-damage|p2b: Dondozo|59\/100\n|move|p2b: Dondozo|Surf|p1b: Chien-Pao|[spread] p1a,p1b\n|-miss|p2b: Dondozo|p2a: Tatsugiri\n|-resisted|p1a: Gyarados\n|-damage|p1a: Gyarados|25\/100\n|-damage|p1b: Chien-Pao|11\/100\n|-damage|p2b: Dondozo|49\/100|[from] item: Life Orb\n|\n|-weather|RainDance|[upkeep]\n|-sideend|p1: jackon17|move: Tailwind\n|-sideend|p2: meeklosh|move: Tailwind\n|upkeep\n|turn|5\n|\n|t:|1681915394\n|move|p1b: Chien-Pao|Ice Spinner|p2b: Dondozo\n|-resisted|p2b: Dondozo\n|-damage|p2b: Dondozo|27\/100\n|move|p1a: Gyarados|Waterfall|p2b: Dondozo\n|-resisted|p2b: Dondozo\n|-damage|p2b: Dondozo|0 fnt\n|faint|p2b: Dondozo\n|\n|-weather|RainDance|[upkeep]\n|upkeep\n|\n|t:|1681915402\n|switch|p2b: Pelipper|Pelipper, L50, F|100\/100\n|turn|6\n|j| EstoyFuerisimaVGC\n|\n|t:|1681915412\n|move|p1b: Chien-Pao|Protect|p1b: Chien-Pao\n|-singleturn|p1b: Chien-Pao|Protect\n|move|p2a: Tatsugiri|Icy Wind|p1b: Chien-Pao|[spread] p1a\n|-activate|p1b: Chien-Pao|move: Protect\n|-damage|p1a: Gyarados|14\/100\n|-unboost|p1a: Gyarados|spe|1\n|move|p2b: Pelipper|Hurricane|p1a: Gyarados\n|-damage|p1a: Gyarados|0 fnt\n|faint|p1a: Gyarados\n|\n|-weather|RainDance|[upkeep]\n|upkeep\n|\n|t:|1681915414\n|switch|p1a: Talonflame|Talonflame, L50, M|100\/100\n|turn|7\n|\n|t:|1681915428\n|move|p1b: Chien-Pao|Sucker Punch|p2a: Tatsugiri\n|-damage|p2a: Tatsugiri|16\/100\n|move|p1a: Talonflame|Tailwind|p1a: Talonflame\n|-sidestart|p1: jackon17|move: Tailwind\n|move|p2a: Tatsugiri|Icy Wind|p1a: Talonflame|[spread] p1a,p1b\n|-resisted|p1b: Chien-Pao\n|-damage|p1a: Talonflame|81\/100\n|-damage|p1b: Chien-Pao|0 fnt\n|-unboost|p1a: Talonflame|spe|1\n|faint|p1b: Chien-Pao\n|move|p2b: Pelipper|Hydro Pump|p1a: Talonflame\n|-supereffective|p1a: Talonflame\n|-damage|p1a: Talonflame|0 fnt\n|faint|p1a: Talonflame\n|\n|win|meeklosh\n|raw|jackon17's rating: 1452 → 1429<\/strong> (-23 for losing)\n|raw|meeklosh's rating: 1402 → 1425<\/strong> (+23 for winning)\n|l|\u2606jackon17\n","uploadtime":1681915454,"views":7,"p1id":"jackon17","p2id":"meeklosh","formatid":"gen9vgc2023regulationc","rating":1425,"private":0,"password":""}