{"id":"gen9vgc2023regulationc-1856480633","p1":"yokai19","p2":"Leroygendary","format":"[Gen 9] VGC 2023 Regulation C","log":"|j|\u2606yokai19\n|j|\u2606Leroygendary\n|t:|1683066209\n|gametype|doubles\n|player|p1|yokai19|102|1169\n|player|p2|Leroygendary|2|1229\n|teamsize|p1|6\n|teamsize|p2|6\n|gen|9\n|tier|[Gen 9] VGC 2023 Regulation C\n|rated|\n|rule|Species Clause: Limit one of each Pok\u00e9mon\n|rule|Item Clause: Limit one of each item\n|clearpoke\n|poke|p1|Flutter Mane, L50|\n|poke|p1|Arcanine, L50, M|\n|poke|p1|Palafin, L50, M|\n|poke|p1|Amoonguss, L50, F|\n|poke|p1|Ting-Lu, L50|\n|poke|p1|Corviknight, L50, M|\n|poke|p2|Annihilape, L50, M|\n|poke|p2|Maushold, L50|\n|poke|p2|Flutter Mane, L50|\n|poke|p2|Tyranitar, L50, M|\n|poke|p2|Lycanroc, L50, F|\n|poke|p2|Ting-Lu, L50|\n|teampreview|4\n|inactive|Battle timer is ON: inactive players will automatically lose when time's up. (requested by Leroygendary)\n|\n|t:|1683066241\n|start\n|switch|p1a: Flutter Mane|Flutter Mane, L50|100\/100\n|switch|p1b: Palafin|Palafin, L50, M|100\/100\n|switch|p2a: DrBustdown|Annihilape, L50, M|100\/100\n|switch|p2b: PediaTrix|Maushold, L50|100\/100\n|-enditem|p1a: Flutter Mane|Booster Energy\n|-activate|p1a: Flutter Mane|ability: Protosynthesis|[fromitem]\n|-start|p1a: Flutter Mane|protosynthesisspa\n|turn|1\n|inactive|yokai19 has 30 seconds left.\n|\n|t:|1683066274\n|detailschange|p1b: Palafin|Palafin-Hero, L50, M\n|switch|p1b: Amoonguss|Amoonguss, L50, F|100\/100\n|-terastallize|p1a: Flutter Mane|Fairy\n|-terastallize|p2a: DrBustdown|Water\n|move|p2b: PediaTrix|Beat Up|p2a: DrBustdown\n|-damage|p2a: DrBustdown|99\/100\n|-damage|p2a: DrBustdown|97\/100\n|-damage|p2a: DrBustdown|94\/100\n|-damage|p2a: DrBustdown|92\/100\n|-hitcount|p2a: DrBustdown|4\n|move|p1a: Flutter Mane|Moonblast|p2b: PediaTrix\n|-damage|p2b: PediaTrix|0 fnt\n|faint|p2b: PediaTrix\n|move|p2a: DrBustdown|Rage Fist|p1a: Flutter Mane\n|-damage|p1a: Flutter Mane|0 fnt\n|faint|p1a: Flutter Mane\n|-end|p1a: Flutter Mane|Protosynthesis|[silent]\n|\n|upkeep\n|inactive|Leroygendary has 30 seconds left.\n|\n|t:|1683066305\n|switch|p2b: Macy|Tyranitar, L50, M|100\/100\n|switch|p1a: Corviknight|Corviknight, L50, M|100\/100\n|-weather|Sandstorm|[from] ability: Sand Stream|[of] p2b: Macy\n|turn|2\n|\n|t:|1683066326\n|move|p1b: Amoonguss|Protect|p1b: Amoonguss\n|-singleturn|p1b: Amoonguss|Protect\n|move|p2a: DrBustdown|Rage Fist|p1b: Amoonguss\n|-activate|p1b: Amoonguss|move: Protect\n|move|p1a: Corviknight|Tailwind|p1a: Corviknight\n|-sidestart|p1: yokai19|move: Tailwind\n|move|p2b: Macy|Rock Slide|p1a: Corviknight|[spread] p1a\n|-activate|p1b: Amoonguss|move: Protect\n|-damage|p1a: Corviknight|73\/100\n|\n|-weather|Sandstorm|[upkeep]\n|-damage|p2a: DrBustdown|86\/100|[from] Sandstorm\n|-damage|p1b: Amoonguss|95\/100|[from] Sandstorm\n|upkeep\n|turn|3\n|inactive|yokai19 has 30 seconds left.\n|\n|t:|1683066352\n|move|p1a: Corviknight|Iron Head|p2b: Macy\n|-supereffective|p2b: Macy\n|-damage|p2b: Macy|54\/100\n|move|p2a: DrBustdown|Rage Fist|p1b: Amoonguss\n|-damage|p1b: Amoonguss|1\/100\n|-enditem|p1b: Amoonguss|Sitrus Berry|[eat]\n|-heal|p1b: Amoonguss|26\/100|[from] item: Sitrus Berry\n|move|p1b: Amoonguss|Spore|p2a: DrBustdown\n|-status|p2a: DrBustdown|slp|[from] move: Spore\n|cant|p2b: Macy|flinch\n|\n|-weather|Sandstorm|[upkeep]\n|-damage|p2a: DrBustdown|80\/100 slp|[from] Sandstorm\n|-damage|p1b: Amoonguss|20\/100|[from] Sandstorm\n|upkeep\n|turn|4\n|\n|t:|1683066374\n|switch|p1b: Palafin|Palafin-Hero, L50, M|100\/100\n|-activate|p1b: Palafin|ability: Zero to Hero\n|move|p1a: Corviknight|Brave Bird|p2a: DrBustdown\n|-damage|p2a: DrBustdown|42\/100 slp\n|-enditem|p2a: DrBustdown|Sitrus Berry|[eat]\n|-heal|p2a: DrBustdown|67\/100 slp|[from] item: Sitrus Berry\n|-damage|p1a: Corviknight|60\/100|[from] Recoil\n|cant|p2a: DrBustdown|slp\n|move|p2b: Macy|Rock Slide|p1b: Palafin|[spread] p1b\n|-miss|p2b: Macy|p1a: Corviknight\n|-damage|p1b: Palafin|70\/100\n|\n|-weather|Sandstorm|[upkeep]\n|-damage|p1b: Palafin|64\/100|[from] Sandstorm\n|-damage|p2a: DrBustdown|61\/100 slp|[from] Sandstorm\n|upkeep\n|turn|5\n|\n|t:|1683066398\n|move|p1b: Palafin|Wave Crash|p2a: DrBustdown\n|-resisted|p2a: DrBustdown\n|-damage|p2a: DrBustdown|14\/100 slp\n|-damage|p1b: Palafin|48\/100|[from] Recoil\n|move|p1a: Corviknight|Brave Bird|p2a: DrBustdown\n|-damage|p2a: DrBustdown|0 fnt\n|faint|p2a: DrBustdown\n|-damage|p1a: Corviknight|56\/100|[from] Recoil\n|move|p2b: Macy|Rock Slide|p1a: Corviknight|[spread] p1a,p1b\n|-crit|p1a: Corviknight\n|-damage|p1a: Corviknight|17\/100\n|-damage|p1b: Palafin|19\/100\n|\n|-weather|Sandstorm|[upkeep]\n|-damage|p1b: Palafin|13\/100|[from] Sandstorm\n|-sideend|p1: yokai19|move: Tailwind\n|upkeep\n|\n|t:|1683066415\n|switch|p2a: Volfram|Lycanroc, L50, F, shiny|100\/100\n|turn|6\n|inactive|yokai19 has 30 seconds left.\n|\n|t:|1683066444\n|move|p1b: Palafin|Protect|p1b: Palafin\n|-singleturn|p1b: Palafin|Protect\n|move|p2a: Volfram|Rock Slide|p1a: Corviknight|[spread] p1a\n|-activate|p1b: Palafin|move: Protect\n|-crit|p1a: Corviknight\n|-damage|p1a: Corviknight|0 fnt\n|faint|p1a: Corviknight\n|move|p2b: Macy|Rock Slide|p1b: Palafin\n|-activate|p1b: Palafin|move: Protect\n|\n|-weather|none\n|upkeep\n|\n|t:|1683066455\n|switch|p1a: Amoonguss|Amoonguss, L50, F|53\/100\n|turn|7\n|\n|t:|1683066469\n|move|p1b: Palafin|Jet Punch|p2a: Volfram\n|-supereffective|p2a: Volfram\n|-enditem|p2a: Volfram|Focus Sash\n|-damage|p2a: Volfram|1\/100\n|move|p2a: Volfram|Rock Slide|p1a: Amoonguss|[spread] p1a,p1b\n|-damage|p1a: Amoonguss|31\/100\n|-damage|p1b: Palafin|0 fnt\n|faint|p1b: Palafin\n|move|p2b: Macy|Assurance|p1a: Amoonguss\n|-damage|p1a: Amoonguss|0 fnt\n|faint|p1a: Amoonguss\n|\n|win|Leroygendary\n|raw|yokai19's rating: 1169 → 1148<\/strong> (-21 for losing)\n|raw|Leroygendary's rating: 1229 → 1250<\/strong> (+21 for winning)\n|l|\u2606Leroygendary\n","uploadtime":1683066525,"views":6,"p1id":"yokai19","p2id":"leroygendary","formatid":"gen9vgc2023regulationc","rating":1148,"private":0,"password":""}