{"id":"gen9vgc2023regulationc-1856422478","p1":"Lizardon0311","p2":"blue#user24","format":"[Gen 9] VGC 2023 Regulation C","log":"|j|\u2606Lizardon0311\n|j|\u2606blue#user24\n|t:|1683059975\n|gametype|doubles\n|player|p1|Lizardon0311|101|1193\n|player|p2|blue#user24|169|1288\n|teamsize|p1|6\n|teamsize|p2|6\n|gen|9\n|tier|[Gen 9] VGC 2023 Regulation C\n|rated|\n|rule|Species Clause: Limit one of each Pok\u00e9mon\n|rule|Item Clause: Limit one of each item\n|clearpoke\n|poke|p1|Ting-Lu, L50|\n|poke|p1|Flutter Mane, L50|\n|poke|p1|Ceruledge, L50, F|\n|poke|p1|Palafin, L50, F|\n|poke|p1|Amoonguss, L50, M|\n|poke|p1|Iron Hands, L50|\n|poke|p2|Ting-Lu, L50|\n|poke|p2|Annihilape, L50, M|\n|poke|p2|Corviknight, L50, F|\n|poke|p2|Iron Moth, L50|\n|poke|p2|Grimmsnarl, L50, M|\n|poke|p2|Gholdengo, L50|\n|teampreview|4\n|inactive|Battle timer is ON: inactive players will automatically lose when time's up. (requested by Lizardon0311)\n|inactive|Lizardon0311 has 60 seconds left.\n|inactive|blue#user24 has 60 seconds left.\n|inactive|Lizardon0311 has 30 seconds left.\n|\n|t:|1683060038\n|start\n|switch|p1a: Ting-Lu|Ting-Lu, L50|100\/100\n|switch|p1b: Palafin|Palafin, L50, F, shiny|100\/100\n|switch|p2a: Grimmsnarl|Grimmsnarl, L50, M|100\/100\n|switch|p2b: Gholdengo|Gholdengo, L50|100\/100\n|-ability|p1a: Ting-Lu|Vessel of Ruin\n|turn|1\n|inactive|blue#user24 has 30 seconds left.\n|\n|t:|1683060068\n|detailschange|p1b: Palafin|Palafin-Hero, L50, F, shiny\n|switch|p1b: Iron Hands|Iron Hands, L50, shiny|100\/100\n|move|p2a: Grimmsnarl|Fake Out|p1a: Ting-Lu\n|-damage|p1a: Ting-Lu|94\/100\n|move|p2b: Gholdengo|Nasty Plot|p2b: Gholdengo\n|-boost|p2b: Gholdengo|spa|2\n|cant|p1a: Ting-Lu|flinch\n|\n|upkeep\n|turn|2\n|\n|t:|1683060091\n|switch|p2a: Corviknight|Corviknight, L50, F|100\/100\n|move|p2b: Gholdengo|Protect|p2b: Gholdengo\n|-singleturn|p2b: Gholdengo|Protect\n|move|p1a: Ting-Lu|Stomping Tantrum|p2b: Gholdengo\n|-activate|p2b: Gholdengo|move: Protect\n|move|p1b: Iron Hands|Volt Switch|p2a: Corviknight\n|-supereffective|p2a: Corviknight\n|-damage|p2a: Corviknight|78\/100\n|\n|t:|1683060101\n|-end|p1b: Iron Hands|Quark Drive|[silent]\n|switch|p1b: Palafin|Palafin-Hero, L50, F, shiny|100\/100|[from] Volt Switch\n|-activate|p1b: Palafin|ability: Zero to Hero\n|\n|upkeep\n|turn|3\n|\n|t:|1683060116\n|-terastallize|p2b: Gholdengo|Water\n|move|p2b: Gholdengo|Shadow Ball|p1b: Palafin\n|-damage|p1b: Palafin|40\/100\n|-unboost|p1b: Palafin|spd|1\n|move|p1b: Palafin|Haze|p1b: Palafin\n|-clearallboost\n|move|p2a: Corviknight|Tailwind|p2a: Corviknight\n|-sidestart|p2: blue#user24|move: Tailwind\n|move|p1a: Ting-Lu|Ruination|p2b: Gholdengo\n|-damage|p2b: Gholdengo|51\/100\n|\n|-heal|p2b: Gholdengo|57\/100|[from] item: Leftovers\n|upkeep\n|turn|4\n|\n|t:|1683060141\n|switch|p1b: Iron Hands|Iron Hands, L50, shiny|100\/100\n|move|p2b: Gholdengo|Nasty Plot|p2b: Gholdengo\n|-boost|p2b: Gholdengo|spa|2\n|move|p2a: Corviknight|Brave Bird|p1b: Iron Hands\n|-damage|p1b: Iron Hands|67\/100\n|-damage|p2a: Corviknight|64\/100|[from] Recoil\n|move|p1a: Ting-Lu|Ruination|p2a: Corviknight\n|-damage|p2a: Corviknight|32\/100\n|\n|-heal|p2b: Gholdengo|62\/100|[from] item: Leftovers\n|upkeep\n|turn|5\n|\n|t:|1683060159\n|move|p2b: Gholdengo|Protect|p2b: Gholdengo\n|-singleturn|p2b: Gholdengo|Protect\n|move|p2a: Corviknight|Roost|p2a: Corviknight\n|-heal|p2a: Corviknight|82\/100\n|-singleturn|p2a: Corviknight|move: Roost\n|move|p1b: Iron Hands|Wild Charge|p2b: Gholdengo\n|-activate|p2b: Gholdengo|move: Protect\n|move|p1a: Ting-Lu|Stomping Tantrum|p2a: Corviknight\n|-supereffective|p2a: Corviknight\n|-damage|p2a: Corviknight|21\/100\n|\n|-heal|p2b: Gholdengo|68\/100|[from] item: Leftovers\n|upkeep\n|turn|6\n|inactive|Lizardon0311 has 30 seconds left.\n|inactive|blue#user24 has 30 seconds left.\n|\n|t:|1683060188\n|move|p2b: Gholdengo|Shadow Ball|p1b: Iron Hands\n|-damage|p1b: Iron Hands|36\/100\n|move|p2a: Corviknight|Brave Bird|p1b: Iron Hands\n|-damage|p1b: Iron Hands|0 fnt\n|faint|p1b: Iron Hands\n|-end|p1b: Iron Hands|Quark Drive|[silent]\n|-damage|p2a: Corviknight|6\/100|[from] Recoil\n|move|p1a: Ting-Lu|Stomping Tantrum|p2a: Corviknight\n|-immune|p2a: Corviknight\n|\n|-heal|p2b: Gholdengo|74\/100|[from] item: Leftovers\n|-sideend|p2: blue#user24|move: Tailwind\n|upkeep\n|\n|t:|1683060201\n|switch|p1b: Palafin|Palafin-Hero, L50, F, shiny|40\/100\n|turn|7\n|\n|t:|1683060219\n|move|p1b: Palafin|Jet Punch|p2a: Corviknight\n|-damage|p2a: Corviknight|0 fnt\n|faint|p2a: Corviknight\n|move|p2b: Gholdengo|Shadow Ball|p1b: Palafin\n|-damage|p1b: Palafin|0 fnt\n|faint|p1b: Palafin\n|move|p1a: Ting-Lu|Stomping Tantrum|p2b: Gholdengo\n|-damage|p2b: Gholdengo|12\/100\n|\n|-heal|p2b: Gholdengo|18\/100|[from] item: Leftovers\n|upkeep\n|\n|t:|1683060230\n|switch|p1b: Ceruledge|Ceruledge, L50, F, shiny|100\/100\n|switch|p2a: Grimmsnarl|Grimmsnarl, L50, M|100\/100\n|turn|8\n|\n|t:|1683060254\n|move|p2b: Gholdengo|Protect|p2b: Gholdengo\n|-singleturn|p2b: Gholdengo|Protect\n|move|p2a: Grimmsnarl|Reflect|p2a: Grimmsnarl\n|-sidestart|p2: blue#user24|Reflect\n|move|p1b: Ceruledge|Bulk Up|p1b: Ceruledge\n|-boost|p1b: Ceruledge|atk|1\n|-boost|p1b: Ceruledge|def|1\n|move|p1a: Ting-Lu|Heavy Slam|p2a: Grimmsnarl\n|-supereffective|p2a: Grimmsnarl\n|-damage|p2a: Grimmsnarl|56\/100\n|\n|-heal|p2b: Gholdengo|23\/100|[from] item: Leftovers\n|upkeep\n|turn|9\n|\n|t:|1683060279\n|move|p1b: Ceruledge|Protect|p1b: Ceruledge\n|-singleturn|p1b: Ceruledge|Protect\n|move|p2b: Gholdengo|Shadow Ball|p1b: Ceruledge\n|-activate|p1b: Ceruledge|move: Protect\n|move|p2a: Grimmsnarl|Spirit Break|p1a: Ting-Lu\n|-supereffective|p1a: Ting-Lu\n|-damage|p1a: Ting-Lu|58\/100\n|-unboost|p1a: Ting-Lu|spa|1\n|move|p1a: Ting-Lu|Stomping Tantrum|p2b: Gholdengo\n|-damage|p2b: Gholdengo|0 fnt\n|faint|p2b: Gholdengo\n|\n|upkeep\n|\n|t:|1683060290\n|switch|p2b: Iron Moth|Iron Moth, L50|100\/100\n|-enditem|p2b: Iron Moth|Booster Energy\n|-activate|p2b: Iron Moth|ability: Quark Drive|[fromitem]\n|-start|p2b: Iron Moth|quarkdrivespa\n|turn|10\n|\n|t:|1683060309\n|move|p2b: Iron Moth|Energy Ball|p1a: Ting-Lu\n|-supereffective|p1a: Ting-Lu\n|-damage|p1a: Ting-Lu|19\/100\n|move|p1b: Ceruledge|Bitter Blade|p2a: Grimmsnarl\n|-damage|p2a: Grimmsnarl|9\/100\n|move|p2a: Grimmsnarl|Spirit Break|p1b: Ceruledge\n|-resisted|p1b: Ceruledge\n|-damage|p1b: Ceruledge|88\/100\n|move|p1a: Ting-Lu|Stomping Tantrum|p2b: Iron Moth\n|-supereffective|p2b: Iron Moth\n|-damage|p2b: Iron Moth|0 fnt\n|faint|p2b: Iron Moth\n|-end|p2b: Iron Moth|Quark Drive|[silent]\n|\n|upkeep\n|turn|11\n|c|\u2606blue#user24|gg\n|-message|blue#user24 forfeited.\n|\n|win|Lizardon0311\n|raw|Lizardon0311's rating: 1193 → 1225<\/strong> (+32 for winning)\n|raw|blue#user24's rating: 1288 → 1256<\/strong> (-32 for losing)\n|l|\u2606blue#user24\n","uploadtime":1683060328,"views":6,"p1id":"lizardon0311","p2id":"blueuser24","formatid":"gen9vgc2023regulationc","rating":1225,"private":0,"password":""}