{"id":"gen9vgc2023regulationc-1848376929","p1":"FlexicanVGC","p2":"TonyJazs","format":"[Gen 9] VGC 2023 Regulation C","log":"|j|\u2606FlexicanVGC\n|j|\u2606TonyJazs\n|t:|1682069163\n|gametype|doubles\n|player|p1|FlexicanVGC|169|1047\n|player|p2|TonyJazs|brawly|1043\n|teamsize|p1|6\n|teamsize|p2|6\n|gen|9\n|tier|[Gen 9] VGC 2023 Regulation C\n|rated|\n|rule|Species Clause: Limit one of each Pok\u00e9mon\n|rule|Item Clause: Limit one of each item\n|clearpoke\n|poke|p1|Gholdengo, L50|\n|poke|p1|Iron Jugulis, L50|\n|poke|p1|Garchomp, L50, M|\n|poke|p1|Chi-Yu, L50|\n|poke|p1|Gyarados, L50, F|\n|poke|p1|Amoonguss, L50, M|\n|poke|p2|Dragapult, L50, F|\n|poke|p2|Chien-Pao, L50|\n|poke|p2|Palafin, L50, F|\n|poke|p2|Baxcalibur, L50, M|\n|poke|p2|Talonflame, L50, M|\n|poke|p2|Great Tusk, L50|\n|teampreview|4\n|inactive|Battle timer is ON: inactive players will automatically lose when time's up. (requested by TonyJazs)\n|inactive|FlexicanVGC has 60 seconds left.\n|\n|t:|1682069205\n|start\n|switch|p1a: Iron Jugulis|Iron Jugulis, L50|100\/100\n|switch|p1b: Gholdengo|Gholdengo, L50|100\/100\n|switch|p2a: Talonflame|Talonflame, L50, M, shiny|100\/100\n|switch|p2b: Palafin|Palafin, L50, F, shiny|100\/100\n|-enditem|p1a: Iron Jugulis|Booster Energy\n|-activate|p1a: Iron Jugulis|ability: Quark Drive|[fromitem]\n|-start|p1a: Iron Jugulis|quarkdrivespe\n|turn|1\n|inactive|FlexicanVGC has 30 seconds left.\n|inactive|FlexicanVGC has 20 seconds left.\n|\n|t:|1682069243\n|detailschange|p2b: Palafin|Palafin-Hero, L50, F, shiny\n|switch|p2b: Chien-Pao|Chien-Pao, L50|100\/100\n|-ability|p2b: Chien-Pao|Sword of Ruin\n|move|p2a: Talonflame|Tailwind|p2a: Talonflame\n|-sidestart|p2: TonyJazs|move: Tailwind\n|move|p1a: Iron Jugulis|Tailwind|p1a: Iron Jugulis\n|-sidestart|p1: FlexicanVGC|move: Tailwind\n|move|p1b: Gholdengo|Trick|p2a: Talonflame\n|-activate|p1b: Gholdengo|move: Trick|[of] p2a: Talonflame\n|-item|p2a: Talonflame|Choice Specs|[from] move: Trick\n|-item|p1b: Gholdengo|Covert Cloak|[from] move: Trick\n|\n|upkeep\n|turn|2\n|inactive|FlexicanVGC has 30 seconds left.\n|inactive|TonyJazs has 30 seconds left.\n|\n|t:|1682069271\n|move|p2a: Talonflame|Brave Bird|p1a: Iron Jugulis\n|-damage|p1a: Iron Jugulis|44\/100\n|-damage|p2a: Talonflame|76\/100|[from] Recoil\n|move|p1a: Iron Jugulis|Air Slash|p2b: Chien-Pao\n|-damage|p2b: Chien-Pao|50\/100\n|move|p2b: Chien-Pao|Ice Spinner|p1a: Iron Jugulis\n|-supereffective|p1a: Iron Jugulis\n|-damage|p1a: Iron Jugulis|0 fnt\n|faint|p1a: Iron Jugulis\n|-end|p1a: Iron Jugulis|Quark Drive|[silent]\n|move|p1b: Gholdengo|Make It Rain|p2b: Chien-Pao|[spread] p2a,p2b\n|-resisted|p2a: Talonflame\n|-supereffective|p2b: Chien-Pao\n|-damage|p2a: Talonflame|37\/100\n|-damage|p2b: Chien-Pao|0 fnt\n|-unboost|p1b: Gholdengo|spa|1\n|faint|p2b: Chien-Pao\n|\n|upkeep\n|\n|t:|1682069288\n|switch|p2b: Dragapult|Dragapult, L50, F, shiny|100\/100\n|switch|p1a: Gyarados|Gyarados, L50, F|100\/100\n|-ability|p1a: Gyarados|Intimidate|boost\n|-unboost|p2a: Talonflame|atk|1\n|-fail|p2b: Dragapult|unboost|[from] ability: Clear Body|[of] p2b: Dragapult\n|turn|3\n|inactive|FlexicanVGC has 30 seconds left.\n|inactive|TonyJazs has 30 seconds left.\n|inactive|FlexicanVGC has 20 seconds left.\n|inactive|TonyJazs has 20 seconds left.\n|inactive|TonyJazs has 15 seconds left.\n|\n|t:|1682069328\n|move|p2b: Dragapult|U-turn|p1b: Gholdengo\n|-resisted|p1b: Gholdengo\n|-damage|p1b: Gholdengo|94\/100\n|\n|t:|1682069332\n|switch|p2b: Palafin|Palafin-Hero, L50, F, shiny|100\/100|[from] U-turn\n|-activate|p2b: Palafin|ability: Zero to Hero\n|move|p2a: Talonflame|Brave Bird|p1a: Gyarados\n|-damage|p1a: Gyarados|61\/100\n|-damage|p2a: Talonflame|22\/100|[from] Recoil\n|move|p1a: Gyarados|Waterfall|p2b: Palafin\n|-resisted|p2b: Palafin\n|-damage|p2b: Palafin|81\/100\n|move|p1b: Gholdengo|Shadow Ball|p2b: Palafin\n|-damage|p2b: Palafin|50\/100\n|\n|upkeep\n|turn|4\n|inactive|FlexicanVGC has 30 seconds left.\n|inactive|TonyJazs has 30 seconds left.\n|\n|t:|1682069360\n|-terastallize|p2b: Palafin|Water\n|move|p2b: Palafin|Jet Punch|p1b: Gholdengo\n|-crit|p1b: Gholdengo\n|-damage|p1b: Gholdengo|11\/100\n|move|p2a: Talonflame|Brave Bird|p1a: Gyarados\n|-crit|p1a: Gyarados\n|-damage|p1a: Gyarados|0 fnt\n|faint|p1a: Gyarados\n|-damage|p2a: Talonflame|0 fnt|[from] Recoil\n|faint|p2a: Talonflame\n|move|p1b: Gholdengo|Shadow Ball|p2b: Palafin\n|-damage|p2b: Palafin|19\/100\n|\n|-sideend|p2: TonyJazs|move: Tailwind\n|-sideend|p1: FlexicanVGC|move: Tailwind\n|upkeep\n|\n|t:|1682069376\n|switch|p2a: Dragapult|Dragapult, L50, F, shiny|100\/100\n|switch|p1a: Chi-Yu|Chi-Yu, L50|100\/100\n|-ability|p1a: Chi-Yu|Beads of Ruin\n|turn|5\n|\n|t:|1682069398\n|-terastallize|p1a: Chi-Yu|Ghost\n|move|p2b: Palafin|Jet Punch|p1a: Chi-Yu\n|-damage|p1a: Chi-Yu|4\/100\n|move|p2a: Dragapult|Phantom Force||[still]\n|-prepare|p2a: Dragapult|Phantom Force\n|move|p1a: Chi-Yu|Heat Wave|p2a: Dragapult|[spread] p2b\n|-miss|p1a: Chi-Yu|p2a: Dragapult\n|-resisted|p2b: Palafin\n|-damage|p2b: Palafin|0 fnt\n|faint|p2b: Palafin\n|-damage|p1a: Chi-Yu|0 fnt|[from] item: Life Orb\n|faint|p1a: Chi-Yu\n|move|p1b: Gholdengo|Shadow Ball|p2a: Dragapult|[miss]\n|-miss|p1b: Gholdengo|p2a: Dragapult\n|\n|upkeep\n|turn|6\n|c|\u2606TonyJazs|gg\n|\n|t:|1682069418\n|move|p2a: Dragapult|Phantom Force|p1b: Gholdengo|[from]lockedmove\n|-supereffective|p1b: Gholdengo\n|-damage|p1b: Gholdengo|0 fnt\n|faint|p1b: Gholdengo\n|\n|win|TonyJazs\n|raw|FlexicanVGC's rating: 1047 → 1030<\/strong> (-17 for losing)\n|raw|TonyJazs's rating: 1043 → 1077<\/strong> (+34 for winning)\n","uploadtime":1682069426,"views":5,"p1id":"flexicanvgc","p2id":"tonyjazs","formatid":"gen9vgc2023regulationc","rating":1030,"private":0,"password":""}