{"id":"gen9vgc2023regulationc-1864419190","p1":"Gualdo2","p2":"clamps1","format":"[Gen 9] VGC 2023 Regulation C","log":"|j|\u2606Gualdo2\n|j|\u2606clamps1\n|t:|1684165026\n|gametype|doubles\n|player|p1|Gualdo2|170|1000\n|player|p2|clamps1|169|1000\n|teamsize|p1|6\n|teamsize|p2|6\n|gen|9\n|tier|[Gen 9] VGC 2023 Regulation C\n|rated|\n|rule|Species Clause: Limit one of each Pok\u00e9mon\n|rule|Item Clause: Limit one of each item\n|clearpoke\n|poke|p1|Dragonite, L50, F|\n|poke|p1|Dudunsparce-*, L50, M|\n|poke|p1|Gyarados, L50, M|\n|poke|p1|Oricorio-Pom-Pom, L50, F|\n|poke|p1|Volcarona, L50, M|\n|poke|p1|Chansey, L50, F|\n|poke|p2|Iron Bundle, L50|\n|poke|p2|Gyarados, L50, F|\n|poke|p2|Bronzong, L50|\n|poke|p2|Flutter Mane, L50|\n|poke|p2|Abomasnow, L50, F|\n|poke|p2|Iron Hands, L50|\n|teampreview|4\n|inactive|Battle timer is ON: inactive players will automatically lose when time's up. (requested by clamps1)\n|inactive|Gualdo2 has 60 seconds left.\n|\n|t:|1684165072\n|start\n|switch|p1a: Oricorio|Oricorio-Pom-Pom, L50, F, shiny|100\/100\n|switch|p1b: Volcarona|Volcarona, L50, M|100\/100\n|switch|p2a: Bronzong|Bronzong, L50|100\/100\n|switch|p2b: Abomasnow|Abomasnow, L50, F|100\/100\n|-weather|Snow|[from] ability: Snow Warning|[of] p2b: Abomasnow\n|turn|1\n|\n|t:|1684165085\n|-terastallize|p2a: Bronzong|Fire\n|move|p1a: Oricorio|Protect|p1a: Oricorio\n|-singleturn|p1a: Oricorio|Protect\n|move|p2b: Abomasnow|Protect|p2b: Abomasnow\n|-singleturn|p2b: Abomasnow|Protect\n|move|p1b: Volcarona|Quiver Dance|p1b: Volcarona\n|-boost|p1b: Volcarona|spa|1\n|-boost|p1b: Volcarona|spd|1\n|-boost|p1b: Volcarona|spe|1\n|-activate|p1a: Oricorio|ability: Dancer\n|move|p1a: Oricorio|Quiver Dance|p1a: Oricorio|[from]ability: Dancer\n|-boost|p1a: Oricorio|spa|1\n|-boost|p1a: Oricorio|spd|1\n|-boost|p1a: Oricorio|spe|1\n|move|p2a: Bronzong|Trick Room|p2a: Bronzong\n|-fieldstart|move: Trick Room|[of] p2a: Bronzong\n|\n|-weather|Snow|[upkeep]\n|upkeep\n|turn|2\n|inactive|Gualdo2 has 30 seconds left.\n|\n|t:|1684165111\n|move|p2a: Bronzong|Gyro Ball|p2b: Abomasnow\n|-supereffective|p2b: Abomasnow\n|-damage|p2b: Abomasnow|70\/100\n|move|p2b: Abomasnow|Blizzard|p1a: Oricorio|[spread] p1a,p1b\n|-supereffective|p1a: Oricorio\n|-resisted|p1b: Volcarona\n|-damage|p1a: Oricorio|13\/100\n|-damage|p1b: Volcarona|86\/100\n|-status|p1b: Volcarona|frz\n|cant|p1b: Volcarona|frz\n|move|p1a: Oricorio|Air Slash|p2b: Abomasnow\n|-supereffective|p2b: Abomasnow\n|-damage|p2b: Abomasnow|0 fnt\n|faint|p2b: Abomasnow\n|\n|-weather|Snow|[upkeep]\n|upkeep\n|\n|t:|1684165129\n|switch|p2b: Iron Bundle|Iron Bundle, L50|100\/100\n|-enditem|p2b: Iron Bundle|Booster Energy\n|-activate|p2b: Iron Bundle|ability: Quark Drive|[fromitem]\n|-start|p2b: Iron Bundle|quarkdrivespe\n|turn|3\n|\n|t:|1684165145\n|switch|p1a: Dudunsparce|Dudunsparce, L50, M|100\/100\n|move|p2a: Bronzong|Helping Hand|p2b: Iron Bundle\n|-singleturn|p2b: Iron Bundle|Helping Hand|[of] p2a: Bronzong\n|cant|p1b: Volcarona|frz\n|move|p2b: Iron Bundle|Blizzard|p1b: Volcarona|[spread] p1a,p1b\n|-resisted|p1b: Volcarona\n|-damage|p1a: Dudunsparce|50\/100\n|-damage|p1b: Volcarona|64\/100 frz\n|\n|-weather|Snow|[upkeep]\n|upkeep\n|turn|4\n|\n|t:|1684165161\n|move|p2a: Bronzong|Safeguard|p2a: Bronzong\n|-sidestart|p2: clamps1|Safeguard\n|move|p1a: Dudunsparce|Glare|p2b: Iron Bundle\n|-activate|p2b: Iron Bundle|move: Safeguard\n|cant|p1b: Volcarona|frz\n|move|p2b: Iron Bundle|Aurora Veil|p2b: Iron Bundle\n|-sidestart|p2: clamps1|move: Aurora Veil\n|\n|-weather|Snow|[upkeep]\n|upkeep\n|turn|5\n|\n|t:|1684165176\n|move|p2a: Bronzong|Helping Hand|p2b: Iron Bundle\n|-singleturn|p2b: Iron Bundle|Helping Hand|[of] p2a: Bronzong\n|move|p1a: Dudunsparce|Glare|p2b: Iron Bundle\n|-activate|p2b: Iron Bundle|move: Safeguard\n|cant|p1b: Volcarona|frz\n|move|p2b: Iron Bundle|Blizzard|p1b: Volcarona|[spread] p1a,p1b\n|-resisted|p1b: Volcarona\n|-damage|p1a: Dudunsparce|0 fnt\n|-damage|p1b: Volcarona|43\/100 frz\n|faint|p1a: Dudunsparce\n|\n|-weather|none\n|-fieldend|move: Trick Room\n|upkeep\n|\n|t:|1684165190\n|switch|p1a: Oricorio|Oricorio-Pom-Pom, L50, F, shiny|13\/100\n|turn|6\n|\n|t:|1684165197\n|move|p2a: Bronzong|Helping Hand|p2b: Iron Bundle\n|-singleturn|p2b: Iron Bundle|Helping Hand|[of] p2a: Bronzong\n|move|p1a: Oricorio|Protect|p1a: Oricorio\n|-singleturn|p1a: Oricorio|Protect\n|move|p2b: Iron Bundle|Blizzard|p1b: Volcarona|[spread] p1b\n|-activate|p1a: Oricorio|move: Protect\n|-resisted|p1b: Volcarona\n|-damage|p1b: Volcarona|22\/100 frz\n|-enditem|p1b: Volcarona|Aguav Berry|[eat]\n|-heal|p1b: Volcarona|55\/100 frz|[from] item: Aguav Berry\n|cant|p1b: Volcarona|frz\n|\n|upkeep\n|turn|7\n|inactive|Gualdo2 has 30 seconds left.\n|c|\u2606clamps1|i always forget how tanky that thing is\n|\n|t:|1684165230\n|move|p2a: Bronzong|Helping Hand|p2b: Iron Bundle\n|-singleturn|p2b: Iron Bundle|Helping Hand|[of] p2a: Bronzong\n|move|p2b: Iron Bundle|Hydro Pump|p1b: Volcarona\n|-supereffective|p1b: Volcarona\n|-damage|p1b: Volcarona|0 fnt\n|faint|p1b: Volcarona\n|move|p1a: Oricorio|Revelation Dance|p2b: Iron Bundle\n|-supereffective|p2b: Iron Bundle\n|-damage|p2b: Iron Bundle|2\/100\n|\n|upkeep\n|\n|t:|1684165239\n|switch|p1b: Dragonite|Dragonite, L50, F|100\/100\n|turn|8\n|inactive|Gualdo2 has 30 seconds left.\n|\n|t:|1684165273\n|move|p2a: Bronzong|Helping Hand|p2b: Iron Bundle\n|-singleturn|p2b: Iron Bundle|Helping Hand|[of] p2a: Bronzong\n|move|p1b: Dragonite|Extreme Speed|p2b: Iron Bundle\n|-damage|p2b: Iron Bundle|0 fnt\n|faint|p2b: Iron Bundle\n|-end|p2b: Iron Bundle|Quark Drive|[silent]\n|move|p1a: Oricorio|Air Slash|p2a: Bronzong\n|-damage|p2a: Bronzong|86\/100\n|\n|-sideend|p2: clamps1|Safeguard\n|-sideend|p2: clamps1|move: Aurora Veil\n|upkeep\n|\n|t:|1684165281\n|switch|p2b: Flutter Mane|Flutter Mane, L50|100\/100\n|turn|9\n|\n|t:|1684165295\n|-terastallize|p1b: Dragonite|Steel\n|move|p2a: Bronzong|Helping Hand|p2b: Flutter Mane\n|-singleturn|p2b: Flutter Mane|Helping Hand|[of] p2a: Bronzong\n|move|p2b: Flutter Mane|Dazzling Gleam|p1b: Dragonite|[spread] p1a,p1b\n|-resisted|p1b: Dragonite\n|-damage|p1a: Oricorio|0 fnt\n|-damage|p1b: Dragonite|90\/100\n|faint|p1a: Oricorio\n|move|p1b: Dragonite|Dragon Dance|p1b: Dragonite\n|-boost|p1b: Dragonite|atk|1\n|-boost|p1b: Dragonite|spe|1\n|\n|upkeep\n|turn|10\n|\n|t:|1684165310\n|move|p2b: Flutter Mane|Dazzling Gleam|p1b: Dragonite\n|-resisted|p1b: Dragonite\n|-damage|p1b: Dragonite|70\/100\n|move|p1b: Dragonite|Dragon Dance|p1b: Dragonite\n|-boost|p1b: Dragonite|atk|1\n|-boost|p1b: Dragonite|spe|1\n|move|p2a: Bronzong|Trick Room|p2a: Bronzong\n|-fieldstart|move: Trick Room|[of] p2a: Bronzong\n|\n|upkeep\n|turn|11\n|\n|t:|1684165325\n|move|p2a: Bronzong|Helping Hand|p2b: Flutter Mane\n|-singleturn|p2b: Flutter Mane|Helping Hand|[of] p2a: Bronzong\n|move|p1b: Dragonite|Fire Punch|p2b: Flutter Mane\n|-damage|p2b: Flutter Mane|0 fnt\n|faint|p2b: Flutter Mane\n|-end|p2b: Flutter Mane|Protosynthesis|[silent]\n|\n|upkeep\n|turn|12\n|\n|t:|1684165340\n|move|p2a: Bronzong|Gyro Ball|p1b: Dragonite\n|-resisted|p1b: Dragonite\n|-crit|p1b: Dragonite\n|-damage|p1b: Dragonite|32\/100\n|move|p1b: Dragonite|Outrage|p2a: Bronzong\n|-damage|p2a: Bronzong|0 fnt\n|faint|p2a: Bronzong\n|\n|win|Gualdo2\n|raw|Gualdo2's rating: 1000 → 1040<\/strong> (+40 for winning)\n|raw|clamps1's rating: 1000 → 1000<\/strong> (+0 for losing)\n","uploadtime":1684165349,"views":4,"p1id":"gualdo2","p2id":"clamps1","formatid":"gen9vgc2023regulationc","rating":1000,"private":0,"password":""}