{"id":"gen9vgc2023regulationc-1863992631","p1":"nickfang6","p2":"Unga Unga vgc","format":"[Gen 9] VGC 2023 Regulation C","log":"|j|\u2606nickfang6\n|j|\u2606Unga Unga vgc\n|t:|1684102415\n|gametype|doubles\n|player|p1|nickfang6|101|1526\n|player|p2|Unga Unga vgc|265|1570\n|teamsize|p1|6\n|teamsize|p2|6\n|gen|9\n|tier|[Gen 9] VGC 2023 Regulation C\n|rated|\n|rule|Species Clause: Limit one of each Pok\u00e9mon\n|rule|Item Clause: Limit one of each item\n|clearpoke\n|poke|p1|Iron Bundle, L50|\n|poke|p1|Flutter Mane, L50|\n|poke|p1|Chien-Pao, L50|\n|poke|p1|Kingambit, L50, M|\n|poke|p1|Scizor, L50, M|\n|poke|p1|Great Tusk, L50|\n|poke|p2|Gholdengo, L50|\n|poke|p2|Tatsugiri, L50, F|\n|poke|p2|Gothitelle, L50, F|\n|poke|p2|Flutter Mane, L50|\n|poke|p2|Dondozo, L50, F|\n|poke|p2|Pawmot, L50, M|\n|teampreview|4\n|inactive|Battle timer is ON: inactive players will automatically lose when time's up. (requested by nickfang6)\nnickfang6 has agreed to open team sheets.\nUnga Unga vgc has agreed to open team sheets.\n|inactive|Unga Unga vgc has 60 seconds left.\n|inactive|nickfang6 has 60 seconds left.\n|inactive|nickfang6 has 30 seconds left.\n|inactive|nickfang6 has 20 seconds left.\n|inactive|nickfang6 has 15 seconds left.\n|\n|t:|1684102498\n|start\n|switch|p1a: Iron Bundle|Iron Bundle, L50|100\/100\n|switch|p1b: Flutter Mane|Flutter Mane, L50|100\/100\n|switch|p2a: Militao|Gholdengo, L50|100\/100\n|switch|p2b: Rudiger|Gothitelle, L50, F|100\/100\n|-enditem|p1a: Iron Bundle|Booster Energy\n|-activate|p1a: Iron Bundle|ability: Quark Drive|[fromitem]\n|-start|p1a: Iron Bundle|quarkdrivespe\n|turn|1\n|\n|t:|1684102512\n|-terastallize|p1a: Iron Bundle|Ghost\n|-terastallize|p2a: Militao|Steel\n|move|p2b: Rudiger|Fake Out|p1a: Iron Bundle\n|-immune|p1a: Iron Bundle\n|move|p1a: Iron Bundle|Hydro Pump|p2a: Militao\n|-damage|p2a: Militao|31\/100\n|move|p1b: Flutter Mane|Shadow Ball|p2a: Militao\n|-damage|p2a: Militao|0 fnt\n|faint|p2a: Militao\n|-damage|p1b: Flutter Mane|91\/100|[from] item: Life Orb\n|\n|upkeep\n|\n|t:|1684102536\n|switch|p2a: Hazard|Dondozo, L50, F|100\/100\n|turn|2\n|\n|t:|1684102543\n|move|p2a: Hazard|Protect|p2a: Hazard\n|-singleturn|p2a: Hazard|Protect\n|move|p1a: Iron Bundle|Freeze-Dry|p2a: Hazard\n|-activate|p2a: Hazard|move: Protect\n|move|p1b: Flutter Mane|Moonblast|p2a: Hazard\n|-activate|p2a: Hazard|move: Protect\n|move|p2b: Rudiger|Hypnosis|p1a: Iron Bundle|[miss]\n|-miss|p2b: Rudiger|p1a: Iron Bundle\n|\n|upkeep\n|turn|3\n|\n|t:|1684102556\n|switch|p2b: Carletto|Tatsugiri, L50, F|100\/100\n|-activate|p2b: Carletto|ability: Commander|[of] p2a: Hazard\n|-boost|p2a: Hazard|atk|2\n|-boost|p2a: Hazard|spa|2\n|-boost|p2a: Hazard|spe|2\n|-boost|p2a: Hazard|def|2\n|-boost|p2a: Hazard|spd|2\n|move|p1a: Iron Bundle|Freeze-Dry|p2a: Hazard\n|-supereffective|p2a: Hazard\n|-damage|p2a: Hazard|65\/100\n|move|p1b: Flutter Mane|Moonblast|p2a: Hazard\n|-damage|p2a: Hazard|35\/100\n|-unboost|p2a: Hazard|spa|1\n|-damage|p1b: Flutter Mane|81\/100|[from] item: Life Orb\n|move|p2a: Hazard|Earthquake|p1a: Iron Bundle|[spread] p1a,p1b\n|-miss|p2a: Hazard|p2b: Carletto\n|-damage|p1a: Iron Bundle|51\/100\n|-damage|p1b: Flutter Mane|13\/100\n|\n|-heal|p2a: Hazard|41\/100|[from] item: Leftovers\n|upkeep\n|turn|4\n|\n|t:|1684102575\n|move|p2a: Hazard|Protect|p2a: Hazard\n|-singleturn|p2a: Hazard|Protect\n|move|p1a: Iron Bundle|Freeze-Dry|p2a: Hazard\n|-activate|p2a: Hazard|move: Protect\n|move|p1b: Flutter Mane|Moonblast|p2a: Hazard\n|-activate|p2a: Hazard|move: Protect\n|\n|-heal|p2a: Hazard|47\/100|[from] item: Leftovers\n|upkeep\n|turn|5\n|\n|t:|1684102584\n|move|p1b: Flutter Mane|Protect|p1b: Flutter Mane\n|-singleturn|p1b: Flutter Mane|Protect\n|move|p1a: Iron Bundle|Freeze-Dry|p2a: Hazard\n|-supereffective|p2a: Hazard\n|-damage|p2a: Hazard|12\/100\n|move|p2a: Hazard|Earthquake|p1b: Flutter Mane|[spread] p1a\n|-miss|p2a: Hazard|p2b: Carletto\n|-activate|p1b: Flutter Mane|move: Protect\n|-damage|p1a: Iron Bundle|1\/100\n|\n|-heal|p2a: Hazard|18\/100|[from] item: Leftovers\n|upkeep\n|turn|6\n|\n|t:|1684102604\n|move|p2a: Hazard|Protect|p2a: Hazard\n|-singleturn|p2a: Hazard|Protect\n|move|p1a: Iron Bundle|Freeze-Dry|p2a: Hazard\n|-activate|p2a: Hazard|move: Protect\n|move|p1b: Flutter Mane|Moonblast|p2b: Carletto|[miss]\n|-miss|p1b: Flutter Mane|p2b: Carletto\n|\n|-heal|p2a: Hazard|24\/100|[from] item: Leftovers\n|upkeep\n|turn|7\n|\n|t:|1684102607\n|move|p1a: Iron Bundle|Freeze-Dry|p2a: Hazard\n|-supereffective|p2a: Hazard\n|-damage|p2a: Hazard|0 fnt\n|faint|p2a: Hazard\n|move|p1b: Flutter Mane|Moonblast|p2b: Carletto\n|-supereffective|p2b: Carletto\n|-damage|p2b: Carletto|0 fnt\n|faint|p2b: Carletto\n|-damage|p1b: Flutter Mane|4\/100|[from] item: Life Orb\n|\n|upkeep\n|-message|Unga Unga vgc forfeited.\n|\n|win|nickfang6\n|raw|nickfang6's rating: 1526 → 1549<\/strong> (+23 for winning)\n|raw|Unga Unga vgc's rating: 1570 → 1547<\/strong> (-23 for losing)\n|l|\u2606Unga Unga vgc\n","uploadtime":1684102616,"views":13,"p1id":"nickfang6","p2id":"ungaungavgc","formatid":"gen9vgc2023regulationc","rating":1547,"private":0,"password":""}