{"id":"gen9vgc2023regulationc-1845174016","p1":"Jandriel","p2":"stemman","format":"[Gen 9] VGC 2023 Regulation C","log":"|j|\u2606Jandriel\n|j|\u2606stemman\n|t:|1681692399\n|gametype|doubles\n|player|p1|Jandriel|265|\n|player|p2|stemman|iris|\n|teamsize|p1|6\n|teamsize|p2|6\n|gen|9\n|tier|[Gen 9] VGC 2023 Regulation C\n|rule|Species Clause: Limit one of each Pok\u00e9mon\n|rule|Item Clause: Limit one of each item\n|clearpoke\n|poke|p1|Lucario, L50, M|\n|poke|p1|Maushold, L50|\n|poke|p1|Amoonguss, L50, M|\n|poke|p1|Gastrodon-East, L50, M|\n|poke|p1|Arcanine, L50, M|\n|poke|p1|Blissey, L50, F|\n|poke|p2|Amoonguss, L50, M|\n|poke|p2|Roaring Moon, L50|\n|poke|p2|Maushold-Four, L50|\n|poke|p2|Arcanine, L50, M|\n|poke|p2|Gholdengo, L50|\n|poke|p2|Lilligant, L50, F|\n|teampreview|4\n|\n|t:|1681692425\n|start\n|switch|p1a: squeeky toy|Gastrodon-East, L50, M, shiny|100\/100\n|switch|p1b: bussy|Blissey, L50, F, shiny|100\/100\n|switch|p2a: Char!zard|Amoonguss, L50, M, shiny|100\/100\n|switch|p2b: Charizaza|Roaring Moon, L50|100\/100\n|-enditem|p2b: Charizaza|Booster Energy\n|-activate|p2b: Charizaza|ability: Protosynthesis|[fromitem]\n|-start|p2b: Charizaza|protosynthesisatk\n|turn|1\n|c|\u2606stemman|=)\n|j| LimeadeGuy\n|\n|t:|1681692447\n|move|p1b: bussy|Helping Hand|p1a: squeeky toy\n|-singleturn|p1a: squeeky toy|Helping Hand|[of] p1b: bussy\n|move|p2b: Charizaza|Acrobatics|p1b: bussy\n|-damage|p1b: bussy|50\/100\n|-damage|p2b: Charizaza|84\/100|[from] item: Rocky Helmet|[of] p1b: bussy\n|move|p1a: squeeky toy|Ice Beam|p2b: Charizaza\n|-supereffective|p2b: Charizaza\n|-damage|p2b: Charizaza|7\/100\n|move|p2a: Char!zard|Spore|p1a: squeeky toy\n|-status|p1a: squeeky toy|slp|[from] move: Spore\n|\n|upkeep\n|turn|2\n|\n|t:|1681692476\n|move|p2b: Charizaza|Acrobatics|p1b: bussy\n|-crit|p1b: bussy\n|-damage|p1b: bussy|0 fnt\n|-damage|p2b: Charizaza|0 fnt|[from] item: Rocky Helmet|[of] p1b: bussy\n|faint|p1b: bussy\n|faint|p2b: Charizaza\n|-end|p2b: Charizaza|Protosynthesis|[silent]\n|cant|p1a: squeeky toy|slp\n|move|p2a: Char!zard|Spore|p1a: squeeky toy\n|-fail|p1a: squeeky toy|slp\n|\n|upkeep\n|\n|t:|1681692486\n|switch|p2b: CH4RIZARD|Gholdengo, L50|100\/100\n|switch|p1b: venter|Amoonguss, L50, M, shiny|100\/100\n|turn|3\n|c|\u2606stemman|hey brotha howsit goin\n|\n|t:|1681692515\n|-terastallize|p2b: CH4RIZARD|Steel\n|move|p2a: Char!zard|Protect|p2a: Char!zard\n|-singleturn|p2a: Char!zard|Protect\n|move|p2b: CH4RIZARD|Make It Rain|p1a: squeeky toy|[spread] p1a,p1b\n|-resisted|p1a: squeeky toy\n|-crit|p1b: venter\n|-damage|p1a: squeeky toy|50\/100 slp\n|-damage|p1b: venter|0 fnt\n|-unboost|p2b: CH4RIZARD|spa|1\n|-enditem|p1a: squeeky toy|Sitrus Berry|[eat]\n|-heal|p1a: squeeky toy|75\/100 slp|[from] item: Sitrus Berry\n|faint|p1b: venter\n|cant|p1a: squeeky toy|slp\n|\n|upkeep\n|c| LimeadeGuy|stfu\n|\n|t:|1681692528\n|switch|p1b: Goku|Lucario, L50, M, shiny|100\/100\n|turn|4\n|\n|t:|1681692545\n|move|p2a: Char!zard|Protect||[still]\n|-fail|p2a: Char!zard\n|move|p1b: Goku|Aura Sphere|p2b: CH4RIZARD\n|-supereffective|p2b: CH4RIZARD\n|-damage|p2b: CH4RIZARD|0 fnt\n|faint|p2b: CH4RIZARD\n|cant|p1a: squeeky toy|slp\n|\n|upkeep\n|\n|t:|1681692554\n|switch|p2b: Charizard ky&s|Maushold-Four, L50|100\/100\n|turn|5\n|\n|t:|1681692566\n|move|p1b: Goku|Aura Sphere|p2b: Charizard ky&s\n|-supereffective|p2b: Charizard ky&s\n|-damage|p2b: Charizard ky&s|0 fnt\n|faint|p2b: Charizard ky&s\n|-curestatus|p1a: squeeky toy|slp|[msg]\n|move|p1a: squeeky toy|Ice Beam|p2a: Char!zard\n|-supereffective|p2a: Char!zard\n|-damage|p2a: Char!zard|50\/100\n|move|p2a: Char!zard|Spore|p1b: Goku\n|-status|p1b: Goku|slp|[from] move: Spore\n|\n|-heal|p2a: Char!zard|56\/100|[from] item: Black Sludge\n|upkeep\n|turn|6\n|\n|t:|1681692584\n|cant|p1b: Goku|slp\n|move|p1a: squeeky toy|Ice Beam|p2a: Char!zard\n|-supereffective|p2a: Char!zard\n|-damage|p2a: Char!zard|5\/100\n|move|p2a: Char!zard|Giga Drain|p1a: squeeky toy\n|-supereffective|p1a: squeeky toy\n|-damage|p1a: squeeky toy|0 fnt\n|-heal|p2a: Char!zard|42\/100|[from] drain|[of] p1a: squeeky toy\n|faint|p1a: squeeky toy\n|\n|-heal|p2a: Char!zard|48\/100|[from] item: Black Sludge\n|upkeep\n|turn|7\n|\n|t:|1681692597\n|cant|p1b: Goku|slp\n|move|p2a: Char!zard|Giga Drain|p1b: Goku\n|-resisted|p1b: Goku\n|-damage|p1b: Goku|76\/100 slp\n|-heal|p2a: Char!zard|56\/100|[from] drain|[of] p1b: Goku\n|\n|-heal|p2a: Char!zard|62\/100|[from] item: Black Sludge\n|upkeep\n|turn|8\n|c| LimeadeGuy|ggs\n|\n|t:|1681692626\n|-curestatus|p1b: Goku|slp|[msg]\n|move|p1b: Goku|Aura Sphere|p2a: Char!zard\n|-resisted|p2a: Char!zard\n|-damage|p2a: Char!zard|34\/100\n|move|p2a: Char!zard|Giga Drain|p1b: Goku\n|-resisted|p1b: Goku\n|-crit|p1b: Goku\n|-damage|p1b: Goku|37\/100\n|-heal|p2a: Char!zard|46\/100|[from] drain|[of] p1b: Goku\n|\n|-heal|p2a: Char!zard|52\/100|[from] item: Black Sludge\n|upkeep\n|turn|9\n|\n|t:|1681692639\n|move|p1b: Goku|Aura Sphere|p2a: Char!zard\n|-resisted|p2a: Char!zard\n|-damage|p2a: Char!zard|23\/100\n|move|p2a: Char!zard|Spore|p1b: Goku\n|-status|p1b: Goku|slp|[from] move: Spore\n|\n|-heal|p2a: Char!zard|29\/100|[from] item: Black Sludge\n|upkeep\n|turn|10\n|\n|t:|1681692648\n|cant|p1b: Goku|slp\n|move|p2a: Char!zard|Giga Drain|p1b: Goku\n|-resisted|p1b: Goku\n|-damage|p1b: Goku|12\/100 slp\n|-heal|p2a: Char!zard|37\/100|[from] drain|[of] p1b: Goku\n|\n|-heal|p2a: Char!zard|43\/100|[from] item: Black Sludge\n|upkeep\n|turn|11\n|\n|t:|1681692656\n|cant|p1b: Goku|slp\n|move|p2a: Char!zard|Giga Drain|p1b: Goku\n|-resisted|p1b: Goku\n|-damage|p1b: Goku|0 fnt\n|-heal|p2a: Char!zard|47\/100|[from] drain|[of] p1b: Goku\n|faint|p1b: Goku\n|\n|win|stemman\n|l|\u2606Jandriel\n","uploadtime":1681692686,"views":13,"p1id":"jandriel","p2id":"stemman","formatid":"gen9vgc2023regulationc","rating":0,"private":0,"password":""}