{"id":"gen9vgc2023regulationc-1855541455","p1":"Hinapiyo","p2":"Shnipe_Cizy","format":"[Gen 9] VGC 2023 Regulation C","log":"|j|\u2606Hinapiyo\n|j|\u2606Shnipe_Cizy\n|t:|1682960499\n|gametype|doubles\n|player|p1|Hinapiyo|marley|1117\n|player|p2|Shnipe_Cizy|lance|1068\n|teamsize|p1|6\n|teamsize|p2|6\n|gen|9\n|tier|[Gen 9] VGC 2023 Regulation C\n|rated|\n|rule|Species Clause: Limit one of each Pok\u00e9mon\n|rule|Item Clause: Limit one of each item\n|clearpoke\n|poke|p1|Ting-Lu, L50|\n|poke|p1|Oranguru, L50, M|\n|poke|p1|Amoonguss, L50, M|\n|poke|p1|Arcanine, L50, F|\n|poke|p1|Rotom-Wash, L50|\n|poke|p1|Flutter Mane, L50|\n|poke|p2|Torkoal, L50, M|\n|poke|p2|Flutter Mane, L50|\n|poke|p2|Chien-Pao, L50|\n|poke|p2|Jumpluff, L50, F|\n|poke|p2|Great Tusk, L50|\n|poke|p2|Kingambit, L50, M|\n|teampreview|4\nShnipe_Cizy has agreed to open team sheets.\n|\n|t:|1682960543\n|start\n|switch|p1a: Oranguru|Oranguru, L50, M|100\/100\n|switch|p1b: Rotom|Rotom-Wash, L50|100\/100\n|switch|p2a: Torkoal|Torkoal, L50, M|100\/100\n|switch|p2b: Kingambit|Kingambit, L50, M|100\/100\n|-weather|SunnyDay|[from] ability: Drought|[of] p2a: Torkoal\n|turn|1\n|\n|t:|1682960567\n|move|p2a: Torkoal|Protect|p2a: Torkoal\n|-singleturn|p2a: Torkoal|Protect\n|move|p1b: Rotom|Will-O-Wisp|p2b: Kingambit\n|-status|p2b: Kingambit|brn\n|move|p1a: Oranguru|Yawn|p2a: Torkoal\n|-activate|p2a: Torkoal|move: Protect\n|move|p2b: Kingambit|Kowtow Cleave|p1a: Oranguru\n|-supereffective|p1a: Oranguru\n|-damage|p1a: Oranguru|58\/100\n|\n|-weather|SunnyDay|[upkeep]\n|-damage|p2b: Kingambit|94\/100 brn|[from] brn\n|upkeep\n|turn|2\n|\n|t:|1682960584\n|move|p2a: Torkoal|Helping Hand|p2b: Kingambit\n|-singleturn|p2b: Kingambit|Helping Hand|[of] p2a: Torkoal\n|move|p1b: Rotom|Thunderbolt|p2a: Torkoal\n|-damage|p2a: Torkoal|56\/100\n|move|p1a: Oranguru|Instruct|p1b: Rotom\n|-singleturn|p1b: Rotom|move: Instruct|[of] p1a: Oranguru\n|move|p1b: Rotom|Thunderbolt|p2a: Torkoal\n|-damage|p2a: Torkoal|8\/100\n|move|p2b: Kingambit|Kowtow Cleave|p1a: Oranguru\n|-supereffective|p1a: Oranguru\n|-damage|p1a: Oranguru|0 fnt\n|faint|p1a: Oranguru\n|\n|-weather|SunnyDay|[upkeep]\n|-damage|p2b: Kingambit|88\/100 brn|[from] brn\n|upkeep\n|\n|t:|1682960595\n|switch|p1a: Ting-Lu|Ting-Lu, L50|100\/100\n|-ability|p1a: Ting-Lu|Vessel of Ruin\n|turn|3\n|\n|t:|1682960606\n|switch|p2b: Great Tusk|Great Tusk, L50|100\/100\n|-activate|p2b: Great Tusk|ability: Protosynthesis\n|-start|p2b: Great Tusk|protosynthesisatk\n|move|p1b: Rotom|Protect|p1b: Rotom\n|-singleturn|p1b: Rotom|Protect\n|move|p2a: Torkoal|Protect|p2a: Torkoal\n|-singleturn|p2a: Torkoal|Protect\n|move|p1a: Ting-Lu|Stomping Tantrum|p2b: Great Tusk\n|-damage|p2b: Great Tusk|72\/100\n|\n|-weather|SunnyDay|[upkeep]\n|upkeep\n|turn|4\n|\n|t:|1682960623\n|switch|p2a: Kingambit|Kingambit, L50, M|88\/100 brn\n|-terastallize|p1a: Ting-Lu|Water\n|move|p2b: Great Tusk|Close Combat|p1a: Ting-Lu\n|-damage|p1a: Ting-Lu|46\/100\n|-unboost|p2b: Great Tusk|def|1\n|-unboost|p2b: Great Tusk|spd|1\n|move|p1b: Rotom|Hydro Pump|p2b: Great Tusk|[miss]\n|-miss|p1b: Rotom|p2b: Great Tusk\n|move|p1a: Ting-Lu|Rock Slide|p2a: Kingambit|[spread] p2a,p2b\n|-resisted|p2a: Kingambit\n|-resisted|p2b: Great Tusk\n|-damage|p2a: Kingambit|82\/100 brn\n|-damage|p2b: Great Tusk|66\/100\n|\n|-weather|SunnyDay|[upkeep]\n|-damage|p2a: Kingambit|75\/100 brn|[from] brn\n|upkeep\n|turn|5\n|\n|t:|1682960642\n|switch|p1a: Amoonguss|Amoonguss, L50, M|100\/100\n|move|p2b: Great Tusk|Close Combat|p1a: Amoonguss\n|-resisted|p1a: Amoonguss\n|-damage|p1a: Amoonguss|63\/100\n|-unboost|p2b: Great Tusk|def|1\n|-unboost|p2b: Great Tusk|spd|1\n|move|p1b: Rotom|Hydro Pump|p2b: Great Tusk\n|-supereffective|p2b: Great Tusk\n|-damage|p2b: Great Tusk|0 fnt\n|faint|p2b: Great Tusk\n|-end|p2b: Great Tusk|Protosynthesis|[silent]\n|move|p2a: Kingambit|Kowtow Cleave|p1b: Rotom\n|-damage|p1b: Rotom|74\/100\n|\n|-weather|none\n|-damage|p2a: Kingambit|69\/100 brn|[from] brn\n|upkeep\n|\n|t:|1682960649\n|switch|p2b: Chien-Pao|Chien-Pao, L50|100\/100\n|-ability|p2b: Chien-Pao|Sword of Ruin\n|turn|6\n|\n|t:|1682960666\n|switch|p1a: Ting-Lu|Ting-Lu, L50, tera:Water|46\/100\n|-ability|p1a: Ting-Lu|Vessel of Ruin\n|move|p2b: Chien-Pao|Protect|p2b: Chien-Pao\n|-singleturn|p2b: Chien-Pao|Protect\n|move|p1b: Rotom|Will-O-Wisp|p2b: Chien-Pao\n|-activate|p2b: Chien-Pao|move: Protect\n|move|p2a: Kingambit|Kowtow Cleave|p1b: Rotom\n|-damage|p1b: Rotom|39\/100\n|\n|-damage|p2a: Kingambit|63\/100 brn|[from] brn\n|upkeep\n|turn|7\n|\n|t:|1682960685\n|switch|p1a: Amoonguss|Amoonguss, L50, M|96\/100\n|move|p1b: Rotom|Protect|p1b: Rotom\n|-singleturn|p1b: Rotom|Protect\n|move|p2b: Chien-Pao|Taunt|p1b: Rotom\n|-activate|p1b: Rotom|move: Protect\n|move|p2a: Kingambit|Kowtow Cleave|p1a: Amoonguss\n|-damage|p1a: Amoonguss|71\/100\n|\n|-damage|p2a: Kingambit|57\/100 brn|[from] brn\n|upkeep\n|turn|8\n|\n|t:|1682960704\n|move|p2b: Chien-Pao|Protect|p2b: Chien-Pao\n|-singleturn|p2b: Chien-Pao|Protect\n|move|p1a: Amoonguss|Rage Powder|p1a: Amoonguss\n|-singleturn|p1a: Amoonguss|move: Rage Powder\n|move|p1b: Rotom|Will-O-Wisp|p2b: Chien-Pao\n|-activate|p2b: Chien-Pao|move: Protect\n|move|p2a: Kingambit|Kowtow Cleave|p1a: Amoonguss\n|-damage|p1a: Amoonguss|46\/100\n|-enditem|p1a: Amoonguss|Sitrus Berry|[eat]\n|-heal|p1a: Amoonguss|71\/100|[from] item: Sitrus Berry\n|\n|-damage|p2a: Kingambit|51\/100 brn|[from] brn\n|upkeep\n|turn|9\n|\n|t:|1682960721\n|switch|p2b: Torkoal|Torkoal, L50, M|8\/100\n|-weather|SunnyDay|[from] ability: Drought|[of] p2b: Torkoal\n|switch|p1b: Ting-Lu|Ting-Lu, L50, tera:Water|46\/100\n|-ability|p1b: Ting-Lu|Vessel of Ruin\n|move|p2a: Kingambit|Kowtow Cleave|p1b: Ting-Lu\n|-damage|p1b: Ting-Lu|30\/100\n|move|p1a: Amoonguss|Pollen Puff|p1b: Ting-Lu\n|-heal|p1b: Ting-Lu|80\/100\n|\n|-weather|SunnyDay|[upkeep]\n|-damage|p2a: Kingambit|45\/100 brn|[from] brn\n|upkeep\n|turn|10\n|\n|t:|1682960742\n|switch|p1a: Rotom|Rotom-Wash, L50|39\/100\n|move|p2a: Kingambit|Kowtow Cleave|p1a: Rotom\n|-damage|p1a: Rotom|12\/100\n|move|p1b: Ting-Lu|Rock Slide|p2b: Torkoal|[spread] p2a,p2b\n|-resisted|p2a: Kingambit\n|-supereffective|p2b: Torkoal\n|-damage|p2a: Kingambit|38\/100 brn\n|-damage|p2b: Torkoal|0 fnt\n|faint|p2b: Torkoal\n|\n|-weather|SunnyDay|[upkeep]\n|-damage|p2a: Kingambit|32\/100 brn|[from] brn\n|upkeep\n|\n|t:|1682960748\n|switch|p2b: Chien-Pao|Chien-Pao, L50|100\/100\n|-ability|p2b: Chien-Pao|Sword of Ruin\n|turn|11\n|\n|t:|1682960759\n|move|p1a: Rotom|Protect|p1a: Rotom\n|-singleturn|p1a: Rotom|Protect\n|move|p2b: Chien-Pao|Ice Spinner|p1a: Rotom\n|-activate|p1a: Rotom|move: Protect\n|move|p2a: Kingambit|Kowtow Cleave|p1b: Ting-Lu\n|-damage|p1b: Ting-Lu|61\/100\n|move|p1b: Ting-Lu|Stomping Tantrum|p2a: Kingambit\n|-supereffective|p2a: Kingambit\n|-damage|p2a: Kingambit|0 fnt\n|faint|p2a: Kingambit\n|\n|-weather|SunnyDay|[upkeep]\n|upkeep\n|turn|12\n|\n|t:|1682960774\n|move|p2b: Chien-Pao|Taunt|p1a: Rotom\n|-start|p1a: Rotom|move: Taunt\n|cant|p1a: Rotom|move: Taunt|Will-O-Wisp\n|move|p1b: Ting-Lu|Heavy Slam|p2b: Chien-Pao\n|-supereffective|p2b: Chien-Pao\n|-enditem|p2b: Chien-Pao|Focus Sash\n|-damage|p2b: Chien-Pao|1\/100\n|\n|-weather|SunnyDay|[upkeep]\n|upkeep\n|turn|13\n|\n|t:|1682960782\n|move|p2b: Chien-Pao|Sucker Punch|p1a: Rotom\n|-damage|p1a: Rotom|0 fnt\n|faint|p1a: Rotom\n|move|p1b: Ting-Lu|Heavy Slam|p2b: Chien-Pao\n|-supereffective|p2b: Chien-Pao\n|-damage|p2b: Chien-Pao|0 fnt\n|faint|p2b: Chien-Pao\n|\n|win|Hinapiyo\n|raw|Hinapiyo's rating: 1117 → 1138<\/strong> (+21 for winning)\n|raw|Shnipe_Cizy's rating: 1068 → 1051<\/strong> (-17 for losing)\n","uploadtime":1682960791,"views":24,"p1id":"hinapiyo","p2id":"shnipecizy","formatid":"gen9vgc2023regulationc","rating":1051,"private":0,"password":""}