{"id":"gen9vgc2023regulationc-1862742271","p1":"BienMrd","p2":"IeroTenparansu","format":"[Gen 9] VGC 2023 Regulation C","log":"|j|\u2606BienMrd\n|j|\u2606IeroTenparansu\n|t:|1683917304\n|gametype|doubles\n|player|p1|BienMrd|169|1343\n|player|p2|IeroTenparansu|madame-gen4dp|1370\n|teamsize|p1|6\n|teamsize|p2|6\n|gen|9\n|tier|[Gen 9] VGC 2023 Regulation C\n|rated|\n|rule|Species Clause: Limit one of each Pok\u00e9mon\n|rule|Item Clause: Limit one of each item\n|clearpoke\n|poke|p1|Tatsugiri-Stretchy, L50, F|\n|poke|p1|Wo-Chien, L50|\n|poke|p1|Dondozo, L50, M|\n|poke|p1|Garganacl, L50, M|\n|poke|p1|Chi-Yu, L50|\n|poke|p1|Flutter Mane, L50|\n|poke|p2|Dondozo, L50, M|\n|poke|p2|Tatsugiri, L50, F|\n|poke|p2|Chi-Yu, L50|\n|poke|p2|Iron Bundle, L50|\n|poke|p2|Flutter Mane, L50|\n|poke|p2|Glimmora, L50, M|\n|teampreview|4\n|inactive|Battle timer is ON: inactive players will automatically lose when time's up. (requested by BienMrd)\n|\n|t:|1683917324\n|start\n|switch|p1a: Wo-Chien|Wo-Chien, L50|100\/100\n|switch|p1b: Garganacl|Garganacl, L50, M|100\/100\n|switch|p2a: Chi-Yu|Chi-Yu, L50|100\/100\n|switch|p2b: Glimmora|Glimmora, L50, M, shiny|100\/100\n|-ability|p2a: Chi-Yu|Beads of Ruin\n|-ability|p1a: Wo-Chien|Tablets of Ruin\n|turn|1\n|inactive|BienMrd has 30 seconds left.\n|inactive|BienMrd has 20 seconds left.\n|inactive|BienMrd has 15 seconds left.\n|\n|t:|1683917368\n|-terastallize|p1a: Wo-Chien|Poison\n|move|p2a: Chi-Yu|Overheat|p1a: Wo-Chien\n|-damage|p1a: Wo-Chien|40\/100\n|-unboost|p2a: Chi-Yu|spa|2\n|move|p2b: Glimmora|Earth Power|p1b: Garganacl\n|-supereffective|p1b: Garganacl\n|-damage|p1b: Garganacl|48\/100\n|-enditem|p1b: Garganacl|Sitrus Berry|[eat]\n|-heal|p1b: Garganacl|73\/100|[from] item: Sitrus Berry\n|move|p1a: Wo-Chien|Leech Seed|p2b: Glimmora\n|-start|p2b: Glimmora|move: Leech Seed\n|move|p1b: Garganacl|Salt Cure|p2a: Chi-Yu\n|-supereffective|p2a: Chi-Yu\n|-crit|p2a: Chi-Yu\n|-damage|p2a: Chi-Yu|50\/100\n|-start|p2a: Chi-Yu|Salt Cure\n|\n|-heal|p1a: Wo-Chien|46\/100|[from] item: Leftovers\n|-damage|p2b: Glimmora|88\/100|[from] Leech Seed|[of] p1a: Wo-Chien\n|-heal|p1a: Wo-Chien|58\/100|[silent]\n|-damage|p2a: Chi-Yu|38\/100|[from] Salt Cure\n|upkeep\n|turn|2\n|inactive|BienMrd has 30 seconds left.\n|inactive|IeroTenparansu has 30 seconds left.\n|inactive|BienMrd has 20 seconds left.\n|inactive|BienMrd has 15 seconds left.\n|inactive|BienMrd has 10 seconds left.\n|\n|t:|1683917416\n|switch|p2a: Tatsugiri|Tatsugiri, L50, F|100\/100\n|move|p2b: Glimmora|Energy Ball|p1b: Garganacl\n|-supereffective|p1b: Garganacl\n|-damage|p1b: Garganacl|32\/100\n|move|p1a: Wo-Chien|Pollen Puff|p1b: Garganacl\n|-heal|p1b: Garganacl|82\/100\n|move|p1b: Garganacl|Stealth Rock|p2a: Tatsugiri\n|-sidestart|p2: IeroTenparansu|move: Stealth Rock\n|\n|-heal|p1a: Wo-Chien|64\/100|[from] item: Leftovers\n|-damage|p2b: Glimmora|76\/100|[from] Leech Seed|[of] p1a: Wo-Chien\n|-heal|p1a: Wo-Chien|76\/100|[silent]\n|upkeep\n|turn|3\n|inactive|BienMrd has 30 seconds left.\n|inactive|BienMrd has 20 seconds left.\n|inactive|BienMrd has 15 seconds left.\n|inactive|BienMrd has 10 seconds left.\n|inactive|BienMrd has 5 seconds left.\n|\n|t:|1683917467\n|switch|p2b: Chi-Yu|Chi-Yu, L50|38\/100\n|-damage|p2b: Chi-Yu|13\/100|[from] Stealth Rock\n|-ability|p2b: Chi-Yu|Beads of Ruin\n|move|p2a: Tatsugiri|Draco Meteor|p1a: Wo-Chien\n|-damage|p1a: Wo-Chien|12\/100\n|-unboost|p2a: Tatsugiri|spa|2\n|move|p1a: Wo-Chien|Leech Seed|p2a: Tatsugiri\n|-start|p2a: Tatsugiri|move: Leech Seed\n|move|p1b: Garganacl|Salt Cure|p2b: Chi-Yu\n|-supereffective|p2b: Chi-Yu\n|-damage|p2b: Chi-Yu|0 fnt\n|faint|p2b: Chi-Yu\n|\n|-heal|p1a: Wo-Chien|18\/100|[from] item: Leftovers\n|-damage|p2a: Tatsugiri|89\/100|[from] Leech Seed|[of] p1a: Wo-Chien\n|-heal|p1a: Wo-Chien|27\/100|[silent]\n|upkeep\n|\n|t:|1683917491\n|switch|p2b: Dondozo|Dondozo, L50, M|100\/100\n|-activate|p2a: Tatsugiri|ability: Commander|[of] p2b: Dondozo\n|-boost|p2b: Dondozo|atk|2\n|-boost|p2b: Dondozo|spa|2\n|-boost|p2b: Dondozo|spe|2\n|-boost|p2b: Dondozo|def|2\n|-boost|p2b: Dondozo|spd|2\n|-damage|p2b: Dondozo|88\/100|[from] Stealth Rock\n|turn|4\n|\n|t:|1683917504\n|-terastallize|p2b: Dondozo|Grass\n|move|p1a: Wo-Chien|Protect|p1a: Wo-Chien\n|-singleturn|p1a: Wo-Chien|Protect\n|move|p1b: Garganacl|Protect|p1b: Garganacl\n|-singleturn|p1b: Garganacl|Protect\n|move|p2b: Dondozo|Wave Crash|p1b: Garganacl\n|-activate|p1b: Garganacl|move: Protect\n|\n|-heal|p2b: Dondozo|94\/100|[from] item: Leftovers\n|-heal|p1a: Wo-Chien|33\/100|[from] item: Leftovers\n|-damage|p2a: Tatsugiri|77\/100|[from] Leech Seed|[of] p1a: Wo-Chien\n|-heal|p1a: Wo-Chien|42\/100|[silent]\n|upkeep\n|turn|5\n|\n|t:|1683917527\n|move|p2b: Dondozo|Wave Crash|p1b: Garganacl\n|-supereffective|p1b: Garganacl\n|-damage|p1b: Garganacl|0 fnt\n|faint|p1b: Garganacl\n|-damage|p2b: Dondozo|70\/100|[from] Recoil\n|move|p1a: Wo-Chien|Foul Play|p2b: Dondozo\n|-damage|p2b: Dondozo|44\/100\n|\n|-heal|p2b: Dondozo|50\/100|[from] item: Leftovers\n|-heal|p1a: Wo-Chien|48\/100|[from] item: Leftovers\n|-damage|p2a: Tatsugiri|65\/100|[from] Leech Seed|[of] p1a: Wo-Chien\n|-heal|p1a: Wo-Chien|57\/100|[silent]\n|upkeep\n|\n|t:|1683917543\n|switch|p1b: Dondozo|Dondozo, L50, M|100\/100\n|turn|6\n|j| KIRBY OF DA STARS\n|\n|t:|1683917562\n|move|p2b: Dondozo|Protect|p2b: Dondozo\n|-singleturn|p2b: Dondozo|Protect\n|move|p1b: Dondozo|Protect|p1b: Dondozo\n|-singleturn|p1b: Dondozo|Protect\n|move|p1a: Wo-Chien|Foul Play|p2b: Dondozo\n|-activate|p2b: Dondozo|move: Protect\n|\n|-heal|p2b: Dondozo|56\/100|[from] item: Leftovers\n|-heal|p1a: Wo-Chien|64\/100|[from] item: Leftovers\n|-damage|p2a: Tatsugiri|53\/100|[from] Leech Seed|[of] p1a: Wo-Chien\n|-heal|p1a: Wo-Chien|72\/100|[silent]\n|upkeep\n|turn|7\n|\n|t:|1683917585\n|switch|p1a: Tatsugiri|Tatsugiri-Stretchy, L50, F|100\/100\n|-activate|p1a: Tatsugiri|ability: Commander|[of] p1b: Dondozo\n|-boost|p1b: Dondozo|atk|2\n|-boost|p1b: Dondozo|spa|2\n|-boost|p1b: Dondozo|spe|2\n|-boost|p1b: Dondozo|def|2\n|-boost|p1b: Dondozo|spd|2\n|move|p2b: Dondozo|Tera Blast|p1b: Dondozo\n|-supereffective|p1b: Dondozo\n|-crit|p1b: Dondozo\n|-damage|p1b: Dondozo|33\/100\n|move|p1b: Dondozo|Wave Crash|p2b: Dondozo\n|-resisted|p2b: Dondozo\n|-damage|p2b: Dondozo|26\/100\n|-damage|p1b: Dondozo|23\/100|[from] Recoil\n|\n|-heal|p2b: Dondozo|32\/100|[from] item: Leftovers\n|-damage|p2a: Tatsugiri|41\/100|[from] Leech Seed|[of] p1a: Tatsugiri\n|upkeep\n|turn|8\n|l| KIRBY OF DA STARS\n|\n|t:|1683917605\n|move|p2b: Dondozo|Tera Blast|p1b: Dondozo\n|-supereffective|p1b: Dondozo\n|-damage|p1b: Dondozo|0 fnt\n|faint|p1b: Dondozo\n|\n|-heal|p2b: Dondozo|38\/100|[from] item: Leftovers\n|-damage|p2a: Tatsugiri|29\/100|[from] Leech Seed|[of] p1a: Tatsugiri\n|upkeep\n|\n|t:|1683917613\n|switch|p1b: Wo-Chien|Wo-Chien, L50, tera:Poison|72\/100\n|-ability|p1b: Wo-Chien|Tablets of Ruin\n|turn|9\n|inactive|BienMrd has 30 seconds left.\n|j| KIRBY OF DA STARS\n|\n|t:|1683917647\n|move|p2b: Dondozo|Protect|p2b: Dondozo\n|-singleturn|p2b: Dondozo|Protect\n|move|p1a: Tatsugiri|Icy Wind|p2a: Tatsugiri|[spread] \n|-miss|p1a: Tatsugiri|p2a: Tatsugiri\n|-activate|p2b: Dondozo|move: Protect\n|move|p1b: Wo-Chien|Foul Play|p2b: Dondozo\n|-activate|p2b: Dondozo|move: Protect\n|\n|-heal|p2b: Dondozo|44\/100|[from] item: Leftovers\n|-heal|p1b: Wo-Chien|79\/100|[from] item: Leftovers\n|-damage|p2a: Tatsugiri|17\/100|[from] Leech Seed|[of] p1a: Tatsugiri\n|upkeep\n|turn|10\n|\n|t:|1683917665\n|move|p1a: Tatsugiri|Icy Wind|p2a: Tatsugiri|[spread] p2b\n|-miss|p1a: Tatsugiri|p2a: Tatsugiri\n|-supereffective|p2b: Dondozo\n|-damage|p2b: Dondozo|33\/100\n|-unboost|p2b: Dondozo|spe|1\n|move|p2b: Dondozo|Earthquake|p1a: Tatsugiri|[spread] p1a,p1b\n|-miss|p2b: Dondozo|p2a: Tatsugiri\n|-supereffective|p1b: Wo-Chien\n|-damage|p1a: Tatsugiri|50\/100\n|-damage|p1b: Wo-Chien|38\/100\n|move|p1b: Wo-Chien|Foul Play|p2b: Dondozo\n|-damage|p2b: Dondozo|3\/100\n|\n|-heal|p2b: Dondozo|9\/100|[from] item: Leftovers\n|-heal|p1b: Wo-Chien|44\/100|[from] item: Leftovers\n|-damage|p2a: Tatsugiri|5\/100|[from] Leech Seed|[of] p1a: Tatsugiri\n|-heal|p1a: Tatsugiri|62\/100|[silent]\n|upkeep\n|turn|11\n|l| KIRBY OF DA STARS\n|inactive|BienMrd has 30 seconds left.\n|\n|t:|1683917695\n|move|p2b: Dondozo|Protect|p2b: Dondozo\n|-singleturn|p2b: Dondozo|Protect\n|move|p1a: Tatsugiri|Icy Wind|p2b: Dondozo|[spread] \n|-miss|p1a: Tatsugiri|p2a: Tatsugiri\n|-activate|p2b: Dondozo|move: Protect\n|move|p1b: Wo-Chien|Foul Play|p2b: Dondozo\n|-activate|p2b: Dondozo|move: Protect\n|\n|-heal|p2b: Dondozo|16\/100|[from] item: Leftovers\n|-heal|p1b: Wo-Chien|50\/100|[from] item: Leftovers\n|-damage|p2a: Tatsugiri|0 fnt|[from] Leech Seed|[of] p1a: Tatsugiri\n|-heal|p1a: Tatsugiri|67\/100|[silent]\n|faint|p2a: Tatsugiri\n|upkeep\n|\n|t:|1683917708\n|switch|p2a: Glimmora|Glimmora, L50, M, shiny|76\/100\n|-damage|p2a: Glimmora|64\/100|[from] Stealth Rock\n|turn|12\n|inactive|IeroTenparansu has 30 seconds left.\n|inactive|BienMrd has 30 seconds left.\n|\n|t:|1683917742\n|move|p1b: Wo-Chien|Protect|p1b: Wo-Chien\n|-singleturn|p1b: Wo-Chien|Protect\n|move|p1a: Tatsugiri|Icy Wind|p2b: Dondozo|[spread] p2a,p2b\n|-supereffective|p2b: Dondozo\n|-damage|p2a: Glimmora|56\/100\n|-damage|p2b: Dondozo|4\/100\n|-unboost|p2a: Glimmora|spe|1\n|-unboost|p2b: Dondozo|spe|1\n|move|p2b: Dondozo|Tera Blast|p1a: Tatsugiri\n|-damage|p1a: Tatsugiri|0 fnt\n|faint|p1a: Tatsugiri\n|move|p2a: Glimmora|Earth Power|p1b: Wo-Chien\n|-activate|p1b: Wo-Chien|move: Protect\n|\n|-heal|p1b: Wo-Chien|57\/100|[from] item: Leftovers\n|-heal|p2b: Dondozo|10\/100|[from] item: Leftovers\n|upkeep\n|turn|13\n|inactive|IeroTenparansu has 30 seconds left.\n|\n|t:|1683917773\n|move|p1b: Wo-Chien|Foul Play|p2b: Dondozo\n|-damage|p2b: Dondozo|0 fnt\n|faint|p2b: Dondozo\n|move|p2a: Glimmora|Earth Power|p1b: Wo-Chien\n|-supereffective|p1b: Wo-Chien\n|-damage|p1b: Wo-Chien|20\/100\n|\n|-heal|p1b: Wo-Chien|27\/100|[from] item: Leftovers\n|upkeep\n|turn|14\n|\n|t:|1683917783\n|move|p1b: Wo-Chien|Protect|p1b: Wo-Chien\n|-singleturn|p1b: Wo-Chien|Protect\n|move|p2a: Glimmora|Earth Power|p1b: Wo-Chien\n|-activate|p1b: Wo-Chien|move: Protect\n|\n|-heal|p1b: Wo-Chien|33\/100|[from] item: Leftovers\n|upkeep\n|turn|15\n|\n|t:|1683917792\n|move|p1b: Wo-Chien|Leech Seed|p2a: Glimmora\n|-start|p2a: Glimmora|move: Leech Seed\n|move|p2a: Glimmora|Earth Power|p1b: Wo-Chien\n|-supereffective|p1b: Wo-Chien\n|-damage|p1b: Wo-Chien|0 fnt\n|faint|p1b: Wo-Chien\n|\n|win|IeroTenparansu\n|raw|BienMrd's rating: 1343 → 1325<\/strong> (-18 for losing)\n|raw|IeroTenparansu's rating: 1370 → 1388<\/strong> (+18 for winning)\n|l|\u2606BienMrd\n","uploadtime":1683917845,"views":11,"p1id":"bienmrd","p2id":"ierotenparansu","formatid":"gen9vgc2023regulationc","rating":1325,"private":0,"password":""}