{"id":"gen9vgc2023regulationc-1845690849","p1":"Crocedelizia","p2":"ApxKrypha","format":"[Gen 9] VGC 2023 Regulation C","log":"|j|\u2606Crocedelizia\n|j|\u203dApxKrypha\n|t:|1681755899\n|gametype|doubles\n|player|p1|Crocedelizia|richboy|1240\n|player|p2|ApxKrypha|2|1219\n|teamsize|p1|6\n|teamsize|p2|6\n|gen|9\n|tier|[Gen 9] VGC 2023 Regulation C\n|rated|\n|rule|Species Clause: Limit one of each Pok\u00e9mon\n|rule|Item Clause: Limit one of each item\n|clearpoke\n|poke|p1|Bronzong, L50|\n|poke|p1|Garganacl, L50, M|\n|poke|p1|Mimikyu, L50, F|\n|poke|p1|Ursaring, L50, F|\n|poke|p1|Amoonguss, L50, M|\n|poke|p1|Ting-Lu, L50|\n|poke|p2|Iron Valiant, L50|\n|poke|p2|Dragapult, L50, F|\n|poke|p2|Chi-Yu, L50|\n|poke|p2|Chien-Pao, L50|\n|poke|p2|Scizor, L50, M|\n|poke|p2|Palafin, L50, F|\n|teampreview|4\n|inactive|Battle timer is ON: inactive players will automatically lose when time's up. (requested by Crocedelizia)\n|\n|t:|1681755945\n|start\n|switch|p1a: Bronzong|Bronzong, L50, shiny|100\/100\n|switch|p1b: Garganacl|Garganacl, L50, M|100\/100\n|switch|p2a: Iron Valiant|Iron Valiant, L50|100\/100\n|switch|p2b: Chi-Yu|Chi-Yu, L50|100\/100\n|-ability|p2b: Chi-Yu|Beads of Ruin\n|-enditem|p2a: Iron Valiant|Booster Energy\n|-activate|p2a: Iron Valiant|ability: Quark Drive|[fromitem]\n|-start|p2a: Iron Valiant|quarkdrivespe\n|turn|1\n|inactive|ApxKrypha has 30 seconds left.\n|\n|t:|1681755971\n|-terastallize|p2b: Chi-Yu|Grass\n|-terastallize|p1a: Bronzong|Fire\n|move|p1b: Garganacl|Protect|p1b: Garganacl\n|-singleturn|p1b: Garganacl|Protect\n|move|p2a: Iron Valiant|Close Combat|p1b: Garganacl\n|-activate|p1b: Garganacl|move: Protect\n|move|p2b: Chi-Yu|Dark Pulse|p1a: Bronzong\n|-damage|p1a: Bronzong|34\/100\n|move|p1a: Bronzong|Trick Room|p1a: Bronzong\n|-fieldstart|move: Trick Room|[of] p1a: Bronzong\n|\n|upkeep\n|turn|2\n|inactive|ApxKrypha has 30 seconds left.\n|\n|t:|1681756001\n|move|p1a: Bronzong|Bulldoze|p2b: Chi-Yu|[spread] p1b,p2a,p2b\n|-supereffective|p1b: Garganacl\n|-resisted|p2b: Chi-Yu\n|-damage|p1b: Garganacl|88\/100\n|-damage|p2a: Iron Valiant|88\/100\n|-damage|p2b: Chi-Yu|93\/100\n|-unboost|p1b: Garganacl|spe|1\n|-unboost|p2a: Iron Valiant|spe|1\n|-unboost|p2b: Chi-Yu|spe|1\n|-enditem|p1b: Garganacl|Weakness Policy\n|-boost|p1b: Garganacl|atk|2|[from] item: Weakness Policy\n|-boost|p1b: Garganacl|spa|2|[from] item: Weakness Policy\n|move|p1b: Garganacl|Rock Slide|p2b: Chi-Yu|[spread] p2a,p2b\n|-resisted|p2a: Iron Valiant\n|-crit|p2a: Iron Valiant\n|-damage|p2a: Iron Valiant|43\/100\n|-damage|p2b: Chi-Yu|9\/100\n|move|p2b: Chi-Yu|Dark Pulse|p1a: Bronzong\n|-damage|p1a: Bronzong|0 fnt\n|faint|p1a: Bronzong\n|move|p2a: Iron Valiant|Close Combat|p1b: Garganacl\n|-supereffective|p1b: Garganacl\n|-crit|p1b: Garganacl\n|-damage|p1b: Garganacl|0 fnt\n|-unboost|p2a: Iron Valiant|def|1\n|-unboost|p2a: Iron Valiant|spd|1\n|faint|p1b: Garganacl\n|\n|upkeep\n|\n|t:|1681756021\n|switch|p1a: Amoonguss|Amoonguss, L50, M, shiny|100\/100\n|switch|p1b: Ursaring|Ursaring, L50, F|100\/100\n|turn|3\n|\n|t:|1681756036\n|move|p2a: Iron Valiant|Protect|p2a: Iron Valiant\n|-singleturn|p2a: Iron Valiant|Protect\n|move|p1a: Amoonguss|Pollen Puff|p2b: Chi-Yu\n|-supereffective|p2b: Chi-Yu\n|-damage|p2b: Chi-Yu|0 fnt\n|faint|p2b: Chi-Yu\n|move|p1b: Ursaring|Shadow Claw|p2a: Iron Valiant\n|-activate|p2a: Iron Valiant|move: Protect\n|\n|upkeep\n|inactive|ApxKrypha has 30 seconds left.\n|\n|t:|1681756061\n|switch|p2b: Scizor|Scizor, L50, M|100\/100\n|turn|4\n|\n|t:|1681756078\n|-end|p2a: Iron Valiant|Quark Drive|[silent]\n|switch|p2a: Dragapult|Dragapult, L50, F|100\/100\n|move|p2b: Scizor|Bullet Punch|p1a: Amoonguss\n|-damage|p1a: Amoonguss|73\/100\n|move|p1a: Amoonguss|Spore|p2b: Scizor\n|-status|p2b: Scizor|slp|[from] move: Spore\n|move|p1b: Ursaring|Shadow Claw|p2a: Dragapult\n|-supereffective|p2a: Dragapult\n|-damage|p2a: Dragapult|27\/100\n|\n|upkeep\n|turn|5\n|\n|t:|1681756101\n|move|p2a: Dragapult|Sucker Punch||[still]\n|-fail|p2a: Dragapult\n|move|p1a: Amoonguss|Spore|p2a: Dragapult\n|-status|p2a: Dragapult|slp|[from] move: Spore\n|move|p1b: Ursaring|Bulk Up|p1b: Ursaring\n|-boost|p1b: Ursaring|atk|1\n|-boost|p1b: Ursaring|def|1\n|cant|p2b: Scizor|slp\n|\n|-fieldend|move: Trick Room\n|upkeep\n|turn|6\n|\n|t:|1681756123\n|cant|p2a: Dragapult|slp\n|-curestatus|p2b: Scizor|slp|[msg]\n|move|p2b: Scizor|Pounce|p1a: Amoonguss\n|-damage|p1a: Amoonguss|41\/100\n|-unboost|p1a: Amoonguss|spe|1\n|-enditem|p1a: Amoonguss|Sitrus Berry|[eat]\n|-heal|p1a: Amoonguss|66\/100|[from] item: Sitrus Berry\n|move|p1b: Ursaring|Shadow Claw|p2a: Dragapult\n|-supereffective|p2a: Dragapult\n|-damage|p2a: Dragapult|0 fnt\n|faint|p2a: Dragapult\n|move|p1a: Amoonguss|Spore|p2b: Scizor\n|-status|p2b: Scizor|slp|[from] move: Spore\n|\n|upkeep\n|\n|t:|1681756136\n|switch|p2a: Iron Valiant|Iron Valiant, L50|43\/100\n|turn|7\n|\n|t:|1681756154\n|move|p1a: Amoonguss|Rage Powder|p1a: Amoonguss\n|-singleturn|p1a: Amoonguss|move: Rage Powder\n|cant|p2b: Scizor|slp\n|move|p2a: Iron Valiant|Close Combat|p1a: Amoonguss\n|-resisted|p1a: Amoonguss\n|-damage|p1a: Amoonguss|46\/100\n|-unboost|p2a: Iron Valiant|def|1\n|-unboost|p2a: Iron Valiant|spd|1\n|move|p1b: Ursaring|Shadow Claw|p2a: Iron Valiant\n|-damage|p2a: Iron Valiant|0 fnt\n|faint|p2a: Iron Valiant\n|-end|p2a: Iron Valiant|Quark Drive|[silent]\n|\n|upkeep\n|turn|8\n|-message|ApxKrypha forfeited.\n|\n|win|Crocedelizia\n|raw|Crocedelizia's rating: 1240 → 1263<\/strong> (+23 for winning)\n|raw|ApxKrypha's rating: 1219 → 1196<\/strong> (-23 for losing)\n|l|\u203dApxKrypha\n","uploadtime":1681756180,"views":11,"p1id":"crocedelizia","p2id":"apxkrypha","formatid":"gen9vgc2023regulationc","rating":1196,"private":0,"password":""}