{"id":"gen9vgc2023regulationc-1855740759","p1":"Aikalytics","p2":"sotero23","format":"[Gen 9] VGC 2023 Regulation C","log":"|j|\u2606Aikalytics\n|j|\u2606sotero23\n|t:|1682978779\n|gametype|doubles\n|player|p1|Aikalytics|roxie|\n|player|p2|sotero23|veteran|\n|teamsize|p1|6\n|teamsize|p2|6\n|gen|9\n|tier|[Gen 9] VGC 2023 Regulation C\n|rule|Species Clause: Limit one of each Pok\u00e9mon\n|rule|Item Clause: Limit one of each item\n|clearpoke\n|poke|p1|Flutter Mane, L50|\n|poke|p1|Ting-Lu, L50|\n|poke|p1|Farigiraf, L50, F|\n|poke|p1|Iron Hands, L50|\n|poke|p1|Iron Bundle, L50|\n|poke|p1|Amoonguss, L50, F|\n|poke|p2|Scizor, L50, F|\n|poke|p2|Gothitelle, L50, M|\n|poke|p2|Chi-Yu, L50|\n|poke|p2|Dragonite, L50, M|\n|poke|p2|Amoonguss, L50, M|\n|poke|p2|Flutter Mane, L50|\n|teampreview|4\n|c|\u2606Aikalytics|Hola\n|c|\u2606sotero23|hola!\nsotero23 has agreed to open team sheets.\n|c|\u2606Aikalytics|Te parece si jugamos un game a la vez?\n|c|\u2606sotero23|dale dale\nAikalytics has agreed to open team sheets.\n|inactive|Battle timer is ON: inactive players will automatically lose when time's up. (requested by Aikalytics)\n|c|\u2606Aikalytics|Game 1\n|inactive|Aikalytics has 60 seconds left.\n|inactive|sotero23 has 60 seconds left.\n|inactive|Aikalytics has 30 seconds left.\n|inactive|Aikalytics has 20 seconds left.\n|inactive|Aikalytics has 15 seconds left.\n|inactive|Aikalytics has 10 seconds left.\n|inactive|Aikalytics has 5 seconds left.\n|\n|t:|1682978897\n|start\n|switch|p1a: Bullwinkle|Ting-Lu, L50|100\/100\n|switch|p1b: Y amigos|Farigiraf, L50, F|100\/100\n|switch|p2a: Chi-Yu|Chi-Yu, L50|100\/100\n|switch|p2b: Flutter Mane|Flutter Mane, L50|100\/100\n|-ability|p2a: Chi-Yu|Beads of Ruin\n|-ability|p1a: Bullwinkle|Vessel of Ruin\n|-enditem|p2b: Flutter Mane|Booster Energy\n|-activate|p2b: Flutter Mane|ability: Protosynthesis|[fromitem]\n|-start|p2b: Flutter Mane|protosynthesisspa\n|turn|1\n|\n|t:|1682978912\n|-terastallize|p1b: Y amigos|Fairy\n|move|p2b: Flutter Mane|Protect|p2b: Flutter Mane\n|-singleturn|p2b: Flutter Mane|Protect\n|move|p2a: Chi-Yu|Dark Pulse|p1b: Y amigos\n|-resisted|p1b: Y amigos\n|-damage|p1b: Y amigos|79\/100\n|move|p1a: Bullwinkle|Heavy Slam|p2b: Flutter Mane\n|-activate|p2b: Flutter Mane|move: Protect\n|cant|p1b: Y amigos|flinch\n|\n|upkeep\n|turn|2\n|inactive|Aikalytics has 30 seconds left.\n|inactive|Aikalytics has 20 seconds left.\n|\n|t:|1682978948\n|-end|p2b: Flutter Mane|Protosynthesis|[silent]\n|switch|p2b: Scizor|Scizor, L50, F|100\/100\n|move|p2a: Chi-Yu|Dark Pulse|p1b: Y amigos\n|-resisted|p1b: Y amigos\n|-damage|p1b: Y amigos|54\/100\n|move|p1b: Y amigos|Calm Mind|p1b: Y amigos\n|-boost|p1b: Y amigos|spa|1\n|-boost|p1b: Y amigos|spd|1\n|move|p1a: Bullwinkle|Snarl|p2a: Chi-Yu|[spread] p2a,p2b\n|-resisted|p2a: Chi-Yu\n|-damage|p2a: Chi-Yu|96\/100\n|-damage|p2b: Scizor|86\/100\n|-unboost|p2a: Chi-Yu|spa|1\n|\n|upkeep\n|turn|3\n|inactive|Aikalytics has 30 seconds left.\n|inactive|Aikalytics has 20 seconds left.\n|\n|t:|1682978984\n|switch|p2a: Amoonguss|Amoonguss, L50, M|100\/100\n|move|p2b: Scizor|Swords Dance|p2b: Scizor\n|-boost|p2b: Scizor|atk|2\n|move|p1b: Y amigos|Dazzling Gleam|p2a: Amoonguss|[spread] p2a,p2b\n|-resisted|p2a: Amoonguss\n|-resisted|p2b: Scizor\n|-damage|p2a: Amoonguss|87\/100\n|-damage|p2b: Scizor|66\/100\n|move|p1a: Bullwinkle|Fissure|p2b: Scizor|[miss]\n|-miss|p1a: Bullwinkle|p2b: Scizor\n|\n|upkeep\n|turn|4\n|\n|t:|1682979005\n|move|p2b: Scizor|Pounce|p1b: Y amigos\n|-resisted|p1b: Y amigos\n|-damage|p1b: Y amigos|10\/100\n|-unboost|p1b: Y amigos|spe|1\n|move|p2a: Amoonguss|Spore|p1a: Bullwinkle\n|-status|p1a: Bullwinkle|slp|[from] move: Spore\n|cant|p1a: Bullwinkle|slp\n|move|p1b: Y amigos|Psychic|p2a: Amoonguss\n|-supereffective|p2a: Amoonguss\n|-damage|p2a: Amoonguss|0 fnt\n|faint|p2a: Amoonguss\n|\n|upkeep\n|\n|t:|1682979018\n|switch|p2a: Flutter Mane|Flutter Mane, L50|100\/100\n|turn|5\n|\n|t:|1682979042\n|move|p2a: Flutter Mane|Dazzling Gleam|p1a: Bullwinkle|[spread] p1a,p1b\n|-supereffective|p1a: Bullwinkle\n|-damage|p1a: Bullwinkle|77\/100 slp\n|-damage|p1b: Y amigos|0 fnt\n|faint|p1b: Y amigos\n|move|p2b: Scizor|Swords Dance|p2b: Scizor\n|-boost|p2b: Scizor|atk|2\n|cant|p1a: Bullwinkle|slp\n|\n|upkeep\n|\n|t:|1682979053\n|switch|p1b: Honda|Iron Hands, L50|100\/100\n|turn|6\n|\n|t:|1682979064\n|move|p2b: Scizor|Protect|p2b: Scizor\n|-singleturn|p2b: Scizor|Protect\n|move|p1b: Honda|Fake Out|p2b: Scizor\n|-activate|p2b: Scizor|move: Protect\n|move|p2a: Flutter Mane|Moonblast|p1b: Honda\n|-supereffective|p1b: Honda\n|-damage|p1b: Honda|40\/100\n|-curestatus|p1a: Bullwinkle|slp|[msg]\n|move|p1a: Bullwinkle|Stomping Tantrum|p2b: Scizor\n|-activate|p2b: Scizor|move: Protect\n|\n|upkeep\n|turn|7\n|\n|t:|1682979088\n|move|p2b: Scizor|Bullet Punch|p1a: Bullwinkle\n|-damage|p1a: Bullwinkle|33\/100\n|move|p2a: Flutter Mane|Moonblast|p1b: Honda\n|-supereffective|p1b: Honda\n|-damage|p1b: Honda|0 fnt\n|faint|p1b: Honda\n|-end|p1b: Honda|Quark Drive|[silent]\n|move|p1a: Bullwinkle|Stomping Tantrum|p2b: Scizor\n|-damage|p2b: Scizor|39\/100\n|\n|upkeep\n|\n|t:|1682979096\n|switch|p1b: Rocky|Flutter Mane, L50|100\/100\n|turn|8\n|\n|t:|1682979111\n|-terastallize|p2a: Flutter Mane|Fairy\n|move|p1b: Rocky|Protect|p1b: Rocky\n|-singleturn|p1b: Rocky|Protect\n|move|p2b: Scizor|Protect|p2b: Scizor\n|-singleturn|p2b: Scizor|Protect\n|move|p2a: Flutter Mane|Dazzling Gleam|p1a: Bullwinkle|[spread] p1a\n|-activate|p1b: Rocky|move: Protect\n|-supereffective|p1a: Bullwinkle\n|-damage|p1a: Bullwinkle|4\/100\n|move|p1a: Bullwinkle|Heavy Slam|p2a: Flutter Mane\n|-supereffective|p2a: Flutter Mane\n|-damage|p2a: Flutter Mane|1\/100\n|\n|upkeep\n|turn|9\n|\n|t:|1682979131\n|move|p2a: Flutter Mane|Protect|p2a: Flutter Mane\n|-singleturn|p2a: Flutter Mane|Protect\n|move|p2b: Scizor|Bullet Punch|p1b: Rocky\n|-supereffective|p1b: Rocky\n|-enditem|p1b: Rocky|Focus Sash\n|-damage|p1b: Rocky|1\/100\n|move|p1b: Rocky|Dazzling Gleam|p2a: Flutter Mane|[spread] p2b\n|-activate|p2a: Flutter Mane|move: Protect\n|-resisted|p2b: Scizor\n|-damage|p2b: Scizor|24\/100\n|move|p1a: Bullwinkle|Snarl|p2a: Flutter Mane|[spread] p2b\n|-activate|p2a: Flutter Mane|move: Protect\n|-damage|p2b: Scizor|14\/100\n|\n|upkeep\n|turn|10\n|\n|t:|1682979152\n|move|p1b: Rocky|Protect|p1b: Rocky\n|-singleturn|p1b: Rocky|Protect\n|move|p2b: Scizor|Bullet Punch|p1b: Rocky\n|-activate|p1b: Rocky|move: Protect\n|move|p2a: Flutter Mane|Dazzling Gleam|p1a: Bullwinkle|[spread] p1a\n|-activate|p1b: Rocky|move: Protect\n|-supereffective|p1a: Bullwinkle\n|-damage|p1a: Bullwinkle|0 fnt\n|faint|p1a: Bullwinkle\n|\n|upkeep\n|turn|11\n|c|\u2606sotero23|gg\n|\n|t:|1682979163\n|move|p2b: Scizor|Bullet Punch|p1b: Rocky\n|-supereffective|p1b: Rocky\n|-damage|p1b: Rocky|0 fnt\n|faint|p1b: Rocky\n|-end|p1b: Rocky|Protosynthesis|[silent]\n|\n|win|sotero23\n|c|\u2606Aikalytics|Gg\n","uploadtime":1682979169,"views":18,"p1id":"aikalytics","p2id":"sotero23","formatid":"gen9vgc2023regulationc","rating":0,"private":0,"password":""}