{"id":"gen9vgc2023regulationc-1846723765","p1":"Cold0442","p2":"Kiyoshi2k4","format":"[Gen 9] VGC 2023 Regulation C","log":"|j|\u2606Cold0442\n|j|\u2606Kiyoshi2k4\n|t:|1681870353\n|gametype|doubles\n|player|p1|Cold0442|boarder|1104\n|player|p2|Kiyoshi2k4|steven|1000\n|teamsize|p1|6\n|teamsize|p2|6\n|gen|9\n|tier|[Gen 9] VGC 2023 Regulation C\n|rated|\n|rule|Species Clause: Limit one of each Pok\u00e9mon\n|rule|Item Clause: Limit one of each item\n|clearpoke\n|poke|p1|Abomasnow, L50, F|\n|poke|p1|Iron Bundle, L50|\n|poke|p1|Chi-Yu, L50|\n|poke|p1|Baxcalibur, L50, F|\n|poke|p1|Gyarados, L50, F|\n|poke|p1|Maushold, L50|\n|poke|p2|Tyranitar, L50, F|\n|poke|p2|Chi-Yu, L50|\n|poke|p2|Corviknight, L50, F|\n|poke|p2|Flutter Mane, L50|\n|poke|p2|Garganacl, L50, M|\n|poke|p2|Houndstone, L50, M|\n|teampreview|4\n|inactive|Battle timer is ON: inactive players will automatically lose when time's up. (requested by Cold0442)\n|\n|t:|1681870378\n|start\n|switch|p1a: Maushold|Maushold, L50|100\/100\n|switch|p1b: Baxcalibur|Baxcalibur, L50, F|100\/100\n|switch|p2a: Garganacl|Garganacl, L50, M, shiny|100\/100\n|switch|p2b: Tyranitar|Tyranitar, L50, F|100\/100\n|-weather|Sandstorm|[from] ability: Sand Stream|[of] p2b: Tyranitar\n|turn|1\n|\n|t:|1681870402\n|-terastallize|p1b: Baxcalibur|Poison\n|move|p1a: Maushold|Low Kick|p2b: Tyranitar\n|-supereffective|p2b: Tyranitar\n|-damage|p2b: Tyranitar|20\/100\n|move|p1b: Baxcalibur|Dragon Dance|p1b: Baxcalibur\n|-boost|p1b: Baxcalibur|atk|1\n|-boost|p1b: Baxcalibur|spe|1\n|move|p2b: Tyranitar|Earthquake|p1a: Maushold|[spread] p2a,p1a,p1b\n|-supereffective|p2a: Garganacl\n|-supereffective|p1b: Baxcalibur\n|-damage|p2a: Garganacl|65\/100\n|-damage|p1a: Maushold|62\/100\n|-damage|p1b: Baxcalibur|61\/100\n|move|p2a: Garganacl|Salt Cure|p1b: Baxcalibur\n|-damage|p1b: Baxcalibur|50\/100\n|-start|p1b: Baxcalibur|Salt Cure\n|\n|-weather|Sandstorm|[upkeep]\n|-damage|p1b: Baxcalibur|44\/100|[from] Sandstorm\n|-damage|p1a: Maushold|56\/100|[from] Sandstorm\n|-heal|p2a: Garganacl|71\/100|[from] item: Leftovers\n|-damage|p1b: Baxcalibur|32\/100|[from] Salt Cure\n|upkeep\n|turn|2\n|inactive|Cold0442 has 30 seconds left.\n|inactive|Kiyoshi2k4 has 30 seconds left.\n|\n|t:|1681870435\n|switch|p2b: Corviknight|Corviknight, L50, F|100\/100\n|move|p1a: Maushold|Follow Me|p1a: Maushold\n|-singleturn|p1a: Maushold|move: Follow Me\n|move|p1b: Baxcalibur|Icicle Crash|p2b: Corviknight|[miss]\n|-miss|p1b: Baxcalibur|p2b: Corviknight\n|move|p2a: Garganacl|Recover|p2a: Garganacl\n|-heal|p2a: Garganacl|100\/100\n|\n|-weather|Sandstorm|[upkeep]\n|-damage|p1b: Baxcalibur|26\/100|[from] Sandstorm\n|-damage|p1a: Maushold|50\/100|[from] Sandstorm\n|-enditem|p1a: Maushold|Sitrus Berry|[eat]\n|-heal|p1a: Maushold|75\/100|[from] item: Sitrus Berry\n|-damage|p1b: Baxcalibur|14\/100|[from] Salt Cure\n|upkeep\n|turn|3\n|inactive|Kiyoshi2k4 has 30 seconds left.\n|\n|t:|1681870467\n|move|p1b: Baxcalibur|Icicle Crash|p2b: Corviknight\n|-damage|p2b: Corviknight|41\/100\n|move|p1a: Maushold|Low Kick|p2a: Garganacl\n|-supereffective|p2a: Garganacl\n|-damage|p2a: Garganacl|70\/100\n|cant|p2b: Corviknight|flinch\n|move|p2a: Garganacl|Salt Cure|p1a: Maushold\n|-damage|p1a: Maushold|56\/100\n|-start|p1a: Maushold|Salt Cure\n|\n|-weather|Sandstorm|[upkeep]\n|-damage|p1b: Baxcalibur|8\/100|[from] Sandstorm\n|-damage|p1a: Maushold|50\/100|[from] Sandstorm\n|-heal|p2a: Garganacl|76\/100|[from] item: Leftovers\n|-damage|p1b: Baxcalibur|0 fnt|[from] Salt Cure\n|faint|p1b: Baxcalibur\n|-damage|p1a: Maushold|38\/100|[from] Salt Cure\n|upkeep\n|\n|t:|1681870479\n|switch|p1b: Abomasnow|Abomasnow, L50, F|100\/100\n|-weather|Snow|[from] ability: Snow Warning|[of] p1b: Abomasnow\n|turn|4\n|\n|t:|1681870498\n|move|p1a: Maushold|Low Kick|p2a: Garganacl\n|-supereffective|p2a: Garganacl\n|-damage|p2a: Garganacl|48\/100\n|move|p1b: Abomasnow|Aurora Veil|p1b: Abomasnow\n|-sidestart|p1: Cold0442|move: Aurora Veil\n|move|p2b: Corviknight|Brave Bird|p1a: Maushold\n|-damage|p1a: Maushold|5\/100\n|-damage|p2b: Corviknight|31\/100|[from] Recoil\n|move|p2a: Garganacl|Salt Cure|p1b: Abomasnow\n|-supereffective|p1b: Abomasnow\n|-damage|p1b: Abomasnow|87\/100\n|-start|p1b: Abomasnow|Salt Cure\n|\n|-weather|Snow|[upkeep]\n|-heal|p2a: Garganacl|53\/100|[from] item: Leftovers\n|-damage|p1a: Maushold|0 fnt|[from] Salt Cure\n|faint|p1a: Maushold\n|-damage|p1b: Abomasnow|75\/100|[from] Salt Cure\n|upkeep\n|\n|t:|1681870513\n|switch|p1a: Gyarados|Gyarados, L50, F|100\/100\n|-ability|p1a: Gyarados|Intimidate|boost\n|-unboost|p2a: Garganacl|atk|1\n|-ability|p2b: Corviknight|Mirror Armor\n|-unboost|p1a: Gyarados|atk|1\n|turn|5\n|inactive|Kiyoshi2k4 has 30 seconds left.\n|\n|t:|1681870539\n|move|p1a: Gyarados|Thunder Wave|p2b: Corviknight\n|-status|p2b: Corviknight|par\n|move|p1b: Abomasnow|Leech Seed|p2a: Garganacl\n|-start|p2a: Garganacl|move: Leech Seed\n|move|p2a: Garganacl|Recover|p2a: Garganacl\n|-heal|p2a: Garganacl|100\/100\n|move|p2b: Corviknight|Roost|p2b: Corviknight\n|-heal|p2b: Corviknight|81\/100 par\n|-singleturn|p2b: Corviknight|move: Roost\n|\n|-weather|Snow|[upkeep]\n|-damage|p2a: Garganacl|88\/100|[from] Leech Seed|[of] p1b: Abomasnow\n|-heal|p1b: Abomasnow|87\/100|[silent]\n|-damage|p1b: Abomasnow|75\/100|[from] Salt Cure\n|upkeep\n|turn|6\n|\n|t:|1681870562\n|move|p1a: Gyarados|Thunder Wave|p2a: Garganacl\n|-immune|p2a: Garganacl|[from] ability: Purifying Salt\n|move|p1b: Abomasnow|Blizzard|p2b: Corviknight|[spread] p2a,p2b\n|-damage|p2a: Garganacl|63\/100\n|-damage|p2b: Corviknight|54\/100 par\n|move|p2a: Garganacl|Salt Cure|p1a: Gyarados\n|-supereffective|p1a: Gyarados\n|-damage|p1a: Gyarados|86\/100\n|-start|p1a: Gyarados|Salt Cure\n|move|p2b: Corviknight|Brave Bird|p1b: Abomasnow\n|-supereffective|p1b: Abomasnow\n|-damage|p1b: Abomasnow|35\/100\n|-damage|p2b: Corviknight|41\/100 par|[from] Recoil\n|\n|-weather|Snow|[upkeep]\n|-heal|p2a: Garganacl|69\/100|[from] item: Leftovers\n|-damage|p2a: Garganacl|57\/100|[from] Leech Seed|[of] p1b: Abomasnow\n|-heal|p1b: Abomasnow|47\/100|[silent]\n|-damage|p1a: Gyarados|61\/100|[from] Salt Cure\n|-damage|p1b: Abomasnow|35\/100|[from] Salt Cure\n|upkeep\n|turn|7\n|\n|t:|1681870586\n|move|p1b: Abomasnow|Protect|p1b: Abomasnow\n|-singleturn|p1b: Abomasnow|Protect\n|move|p1a: Gyarados|Waterfall|p2b: Corviknight\n|-damage|p2b: Corviknight|23\/100 par\n|-damage|p1a: Gyarados|45\/100|[from] item: Rocky Helmet|[of] p2b: Corviknight\n|move|p2a: Garganacl|Recover|p2a: Garganacl\n|-heal|p2a: Garganacl|100\/100\n|cant|p2b: Corviknight|par\n|\n|-weather|Snow|[upkeep]\n|-damage|p2a: Garganacl|88\/100|[from] Leech Seed|[of] p1b: Abomasnow\n|-heal|p1b: Abomasnow|47\/100|[silent]\n|-damage|p1a: Gyarados|20\/100|[from] Salt Cure\n|-damage|p1b: Abomasnow|35\/100|[from] Salt Cure\n|upkeep\n|turn|8\n|\n|t:|1681870610\n|move|p1a: Gyarados|Waterfall|p2b: Corviknight\n|-damage|p2b: Corviknight|6\/100 par\n|-damage|p1a: Gyarados|4\/100|[from] item: Rocky Helmet|[of] p2b: Corviknight\n|move|p1b: Abomasnow|Leech Seed|p2b: Corviknight\n|-start|p2b: Corviknight|move: Leech Seed\n|move|p2a: Garganacl|Stealth Rock|p1a: Gyarados\n|-sidestart|p1: Cold0442|move: Stealth Rock\n|cant|p2b: Corviknight|par\n|\n|-weather|none\n|-heal|p2a: Garganacl|94\/100|[from] item: Leftovers\n|-damage|p2a: Garganacl|82\/100|[from] Leech Seed|[of] p1b: Abomasnow\n|-heal|p1b: Abomasnow|47\/100|[silent]\n|-damage|p2b: Corviknight|0 fnt|[from] Leech Seed|[of] p1b: Abomasnow\n|-heal|p1b: Abomasnow|53\/100|[silent]\n|faint|p2b: Corviknight\n|-damage|p1a: Gyarados|0 fnt|[from] Salt Cure\n|faint|p1a: Gyarados\n|-damage|p1b: Abomasnow|41\/100|[from] Salt Cure\n|upkeep\n|\n|t:|1681870632\n|switch|p2b: Tyranitar|Tyranitar, L50, F|20\/100\n|-weather|Sandstorm|[from] ability: Sand Stream|[of] p2b: Tyranitar\n|turn|9\n|\n|t:|1681870647\n|move|p2a: Garganacl|Protect|p2a: Garganacl\n|-singleturn|p2a: Garganacl|Protect\n|move|p1b: Abomasnow|Leech Seed|p2b: Tyranitar\n|-start|p2b: Tyranitar|move: Leech Seed\n|move|p2b: Tyranitar|Low Kick|p1b: Abomasnow\n|-supereffective|p1b: Abomasnow\n|-damage|p1b: Abomasnow|0 fnt\n|faint|p1b: Abomasnow\n|\n|win|Kiyoshi2k4\n|raw|Cold0442's rating: 1104 → 1072<\/strong> (-32 for losing)\n|raw|Kiyoshi2k4's rating: 1000 → 1052<\/strong> (+52 for winning)\n|l|\u2606Cold0442\n","uploadtime":1681870707,"views":11,"p1id":"cold0442","p2id":"kiyoshi2k4","formatid":"gen9vgc2023regulationc","rating":1052,"private":0,"password":""}