{"id":"gen9vgc2023regulationc-1859788410","p1":"QrdeJegoMac","p2":"TStorm","format":"[Gen 9] VGC 2023 Regulation C","log":"|j|\u2606QrdeJegoMac\n|j|\u2606TStorm\n|t:|1683564616\n|gametype|doubles\n|player|p1|QrdeJegoMac|266|1524\n|player|p2|TStorm|169|1505\n|teamsize|p1|6\n|teamsize|p2|6\n|gen|9\n|tier|[Gen 9] VGC 2023 Regulation C\n|rated|\n|rule|Species Clause: Limit one of each Pok\u00e9mon\n|rule|Item Clause: Limit one of each item\n|clearpoke\n|poke|p1|Murkrow, L50, F|\n|poke|p1|Chi-Yu, L50|\n|poke|p1|Flutter Mane, L50|\n|poke|p1|Great Tusk, L50|\n|poke|p1|Chien-Pao, L50|\n|poke|p1|Corviknight, L50, M|\n|poke|p2|Flutter Mane, L50|\n|poke|p2|Ting-Lu, L50|\n|poke|p2|Kingambit, L50, F|\n|poke|p2|Arcanine, L50, F|\n|poke|p2|Palafin, L50, F|\n|poke|p2|Amoonguss, L50, M|\n|teampreview|4\n|inactive|Battle timer is ON: inactive players will automatically lose when time's up. (requested by QrdeJegoMac)\nTStorm has agreed to open team sheets.\n|inactive|TStorm has 60 seconds left.\n|\n|t:|1683564663\n|start\n|switch|p1a: Great Tusk|Great Tusk, L50|100\/100\n|switch|p1b: Murkrow|Murkrow, L50, F, shiny|100\/100\n|switch|p2a: Ting-Lu|Ting-Lu, L50|100\/100\n|switch|p2b: Amoonguss|Amoonguss, L50, M|100\/100\n|-ability|p2a: Ting-Lu|Vessel of Ruin\n|turn|1\n|\n|t:|1683564684\n|move|p1b: Murkrow|Sunny Day|p1b: Murkrow\n|-weather|SunnyDay\n|-activate|p1a: Great Tusk|ability: Protosynthesis\n|-start|p1a: Great Tusk|protosynthesisatk\n|move|p1a: Great Tusk|Close Combat|p2a: Ting-Lu\n|-supereffective|p2a: Ting-Lu\n|-damage|p2a: Ting-Lu|0 fnt\n|-unboost|p1a: Great Tusk|def|1\n|-unboost|p1a: Great Tusk|spd|1\n|faint|p2a: Ting-Lu\n|move|p2b: Amoonguss|Spore|p1a: Great Tusk\n|-status|p1a: Great Tusk|slp|[from] move: Spore\n|\n|-weather|SunnyDay|[upkeep]\n|upkeep\n|j| Stempe\n|\n|t:|1683564691\n|switch|p2a: Flutter Mane|Flutter Mane, L50|100\/100\n|-activate|p2a: Flutter Mane|ability: Protosynthesis\n|-start|p2a: Flutter Mane|protosynthesisspe\n|turn|2\n|\n|t:|1683564699\n|-end|p1a: Great Tusk|Protosynthesis|[silent]\n|switch|p1a: Corviknight|Corviknight, L50, M|100\/100\n|switch|p2b: Palafin|Palafin, L50, F|100\/100\n|move|p1b: Murkrow|Tailwind|p1b: Murkrow\n|-sidestart|p1: QrdeJegoMac|move: Tailwind\n|move|p2a: Flutter Mane|Dazzling Gleam|p1b: Murkrow|[spread] p1a,p1b\n|-resisted|p1a: Corviknight\n|-supereffective|p1b: Murkrow\n|-damage|p1a: Corviknight|78\/100\n|-damage|p1b: Murkrow|0 fnt\n|faint|p1b: Murkrow\n|\n|-weather|SunnyDay|[upkeep]\n|upkeep\n|\n|t:|1683564704\n|switch|p1b: Great Tusk|Great Tusk, L50|100\/100 slp\n|-activate|p1b: Great Tusk|ability: Protosynthesis\n|-start|p1b: Great Tusk|protosynthesisatk\n|turn|3\n|inactive|TStorm has 30 seconds left.\n|\n|t:|1683564730\n|-end|p2a: Flutter Mane|Protosynthesis|[silent]\n|switch|p2a: Amoonguss|Amoonguss, L50, M|100\/100\n|-terastallize|p1b: Great Tusk|Steel\n|-terastallize|p2b: Palafin|Water\n|cant|p1b: Great Tusk|slp\n|move|p1a: Corviknight|Brave Bird|p2a: Amoonguss\n|-supereffective|p2a: Amoonguss\n|-damage|p2a: Amoonguss|0 fnt\n|faint|p2a: Amoonguss\n|-damage|p1a: Corviknight|39\/100|[from] Recoil\n|move|p2b: Palafin|Wave Crash|p1a: Corviknight\n|-damage|p1a: Corviknight|6\/100\n|-damage|p2b: Palafin|91\/100|[from] Recoil\n|\n|-weather|SunnyDay|[upkeep]\n|upkeep\n|\n|t:|1683564747\n|switch|p2a: Flutter Mane|Flutter Mane, L50|100\/100\n|-activate|p2a: Flutter Mane|ability: Protosynthesis\n|-start|p2a: Flutter Mane|protosynthesisspe\n|turn|4\n|c|\u2606QrdeJegoMac|Lol\n|\n|t:|1683564759\n|cant|p1b: Great Tusk|slp\n|move|p2a: Flutter Mane|Shadow Ball|p1b: Great Tusk\n|-damage|p1b: Great Tusk|14\/100 slp\n|move|p1a: Corviknight|Brave Bird|p2a: Flutter Mane\n|-damage|p2a: Flutter Mane|0 fnt\n|faint|p2a: Flutter Mane\n|-end|p2a: Flutter Mane|Protosynthesis|[silent]\n|-damage|p1a: Corviknight|0 fnt|[from] Recoil\n|faint|p1a: Corviknight\n|move|p2b: Palafin|Wave Crash|p1b: Great Tusk\n|-damage|p1b: Great Tusk|0 fnt\n|faint|p1b: Great Tusk\n|-end|p1b: Great Tusk|Protosynthesis|[silent]\n|-damage|p2b: Palafin|86\/100|[from] Recoil\n|\n|-weather|SunnyDay|[upkeep]\n|upkeep\n|\n|t:|1683564763\n|switch|p1b: Chien-Pao|Chien-Pao, L50|100\/100\n|-ability|p1b: Chien-Pao|Sword of Ruin\n|turn|5\n|\n|t:|1683564776\n|move|p2b: Palafin|Protect|p2b: Palafin\n|-singleturn|p2b: Palafin|Protect\n|move|p1b: Chien-Pao|Sacred Sword|p2b: Palafin\n|-activate|p2b: Palafin|move: Protect\n|\n|-weather|none\n|-sideend|p1: QrdeJegoMac|move: Tailwind\n|upkeep\n|turn|6\n|\n|t:|1683564784\n|move|p1b: Chien-Pao|Sacred Sword|p2b: Palafin\n|-damage|p2b: Palafin|41\/100\n|move|p2b: Palafin|Wave Crash|p1b: Chien-Pao\n|-damage|p1b: Chien-Pao|7\/100\n|-damage|p2b: Palafin|17\/100|[from] Recoil\n|\n|upkeep\n|turn|7\n|\n|t:|1683564789\n|move|p2b: Palafin|Protect|p2b: Palafin\n|-singleturn|p2b: Palafin|Protect\n|move|p1b: Chien-Pao|Sucker Punch||[still]\n|-fail|p1b: Chien-Pao\n|\n|upkeep\n|turn|8\n|c|\u2606QrdeJegoMac|Gg\n|\n|t:|1683564794\n|move|p2b: Palafin|Protect||[still]\n|-fail|p2b: Palafin\n|move|p1b: Chien-Pao|Sucker Punch||[still]\n|-fail|p1b: Chien-Pao\n|\n|upkeep\n|turn|9\n|\n|t:|1683564797\n|move|p2b: Palafin|Protect|p2b: Palafin\n|-singleturn|p2b: Palafin|Protect\n|move|p1b: Chien-Pao|Sucker Punch||[still]\n|-fail|p1b: Chien-Pao\n|\n|upkeep\n|turn|10\n|\n|t:|1683564806\n|move|p2b: Palafin|Protect||[still]\n|-fail|p2b: Palafin\n|move|p1b: Chien-Pao|Sucker Punch||[still]\n|-fail|p1b: Chien-Pao\n|\n|upkeep\n|turn|11\n|\n|t:|1683564823\n|move|p2b: Palafin|Protect|p2b: Palafin\n|-singleturn|p2b: Palafin|Protect\n|move|p1b: Chien-Pao|Sucker Punch||[still]\n|-fail|p1b: Chien-Pao\n|\n|upkeep\n|turn|12\n|\n|t:|1683564829\n|move|p2b: Palafin|Protect|p2b: Palafin\n|-singleturn|p2b: Palafin|Protect\n|move|p1b: Chien-Pao|Sacred Sword|p2b: Palafin\n|-activate|p2b: Palafin|move: Protect\n|\n|upkeep\n|turn|13\n|\n|t:|1683564838\n|move|p2b: Palafin|Protect||[still]\n|-fail|p2b: Palafin\n|move|p1b: Chien-Pao|Sucker Punch||[still]\n|-fail|p1b: Chien-Pao\n|\n|upkeep\n|turn|14\n|\n|t:|1683564852\n|move|p2b: Palafin|Protect|p2b: Palafin\n|-singleturn|p2b: Palafin|Protect\n|move|p1b: Chien-Pao|Sucker Punch||[still]\n|-fail|p1b: Chien-Pao\n|\n|upkeep\n|turn|15\n|\n|t:|1683564858\n|move|p2b: Palafin|Protect|p2b: Palafin\n|-singleturn|p2b: Palafin|Protect\n|move|p1b: Chien-Pao|Sucker Punch||[still]\n|-fail|p1b: Chien-Pao\n|\n|upkeep\n|turn|16\n|c|\u2606TStorm|Gg\n|c|\u2606QrdeJegoMac|3rd time such situation\n|c|\u2606QrdeJegoMac|Ever\n|c|\u2606QrdeJegoMac|And i lost to a double\n|c|\u2606QrdeJegoMac|Rip\n|\n|t:|1683564879\n|move|p2b: Palafin|Jet Punch|p1b: Chien-Pao\n|-damage|p1b: Chien-Pao|0 fnt\n|faint|p1b: Chien-Pao\n|\n|win|TStorm\n|raw|QrdeJegoMac's rating: 1524 → 1503<\/strong> (-21 for losing)\n|raw|TStorm's rating: 1505 → 1526<\/strong> (+21 for winning)\n","uploadtime":1683564885,"views":10,"p1id":"qrdejegomac","p2id":"tstorm","formatid":"gen9vgc2023regulationc","rating":1503,"private":0,"password":""}