{"id":"gen9vgc2023regulationc-1856077137","p1":"Novaxnova","p2":"Abugbog","format":"[Gen 9] VGC 2023 Regulation C","log":"|j|\u2606Novaxnova\n|j|\u2606Abugbog\n|t:|1683027234\n|gametype|doubles\n|player|p1|Novaxnova|101|1118\n|player|p2|Abugbog|170|1158\n|teamsize|p1|6\n|teamsize|p2|6\n|gen|9\n|tier|[Gen 9] VGC 2023 Regulation C\n|rated|\n|rule|Species Clause: Limit one of each Pok\u00e9mon\n|rule|Item Clause: Limit one of each item\n|clearpoke\n|poke|p1|Gyarados, L50, F|\n|poke|p1|Kingambit, L50, M|\n|poke|p1|Hatterene, L50, F|\n|poke|p1|Meowscarada, L50, M|\n|poke|p1|Frosmoth, L50, F|\n|poke|p1|Ceruledge, L50, M|\n|poke|p2|Ting-Lu, L50|\n|poke|p2|Iron Hands, L50|\n|poke|p2|Bronzong, L50|\n|poke|p2|Palafin, L50, M|\n|poke|p2|Annihilape, L50, M|\n|poke|p2|Amoonguss, L50, M|\n|teampreview|4\n|inactive|Battle timer is ON: inactive players will automatically lose when time's up. (requested by Novaxnova)\n|inactive|Novaxnova has 60 seconds left.\n|inactive|Abugbog has 60 seconds left.\n|inactive|Abugbog has 30 seconds left.\n|inactive|Abugbog has 20 seconds left.\n|\n|t:|1683027313\n|start\n|switch|p1a: Frosmoth|Frosmoth, L50, F, shiny|100\/100\n|switch|p1b: Meowscarada|Meowscarada, L50, M, shiny|100\/100\n|switch|p2a: Ting-Lu|Ting-Lu, L50|100\/100\n|switch|p2b: Bronzong|Bronzong, L50|100\/100\n|-ability|p2a: Ting-Lu|Vessel of Ruin\n|turn|1\n|\n|t:|1683027337\n|-terastallize|p2a: Ting-Lu|Poison\n|move|p1b: Meowscarada|Knock Off|p2b: Bronzong\n|-supereffective|p2b: Bronzong\n|-damage|p2b: Bronzong|38\/100\n|-enditem|p2b: Bronzong|Safety Goggles|[from] move: Knock Off|[of] p1b: Meowscarada\n|move|p1a: Frosmoth|Icy Wind|p2a: Ting-Lu|[spread] p2a,p2b\n|-resisted|p2b: Bronzong\n|-damage|p2a: Ting-Lu|87\/100\n|-damage|p2b: Bronzong|30\/100\n|-unboost|p2a: Ting-Lu|spe|1\n|-unboost|p2b: Bronzong|spe|1\n|move|p2a: Ting-Lu|Earthquake|p1b: Meowscarada|[spread] p1a,p1b\n|-immune|p2b: Bronzong|[from] ability: Levitate\n|-resisted|p1a: Frosmoth\n|-resisted|p1b: Meowscarada\n|-damage|p1a: Frosmoth|72\/100\n|-damage|p1b: Meowscarada|73\/100\n|move|p2b: Bronzong|Bulldoze|p1b: Meowscarada|[spread] p2a,p1a,p1b\n|-supereffective|p2a: Ting-Lu\n|-resisted|p1a: Frosmoth\n|-resisted|p1b: Meowscarada\n|-damage|p2a: Ting-Lu|77\/100\n|-damage|p1a: Frosmoth|64\/100\n|-damage|p1b: Meowscarada|65\/100\n|-unboost|p2a: Ting-Lu|spe|1\n|-unboost|p1a: Frosmoth|spe|1\n|-unboost|p1b: Meowscarada|spe|1\n|-enditem|p2a: Ting-Lu|Weakness Policy\n|-boost|p2a: Ting-Lu|atk|2|[from] item: Weakness Policy\n|-boost|p2a: Ting-Lu|spa|2|[from] item: Weakness Policy\n|\n|upkeep\n|turn|2\n|inactive|Novaxnova has 30 seconds left.\n|inactive|Abugbog has 30 seconds left.\n|inactive|Novaxnova has 20 seconds left.\n|inactive|Novaxnova has 15 seconds left.\n|inactive|Novaxnova has 10 seconds left.\n|inactive|Novaxnova has 5 seconds left.\n|\n|t:|1683027387\n|switch|p1a: Gyarados|Gyarados, L50, F, shiny|100\/100\n|-ability|p1a: Gyarados|Intimidate|boost\n|-unboost|p2a: Ting-Lu|atk|1\n|-unboost|p2b: Bronzong|atk|1\n|move|p1b: Meowscarada|Flower Trick|p2b: Bronzong\n|-resisted|p2b: Bronzong\n|-crit|p2b: Bronzong\n|-damage|p2b: Bronzong|13\/100\n|move|p2a: Ting-Lu|Earthquake|p1a: Gyarados|[spread] p1b\n|-immune|p2b: Bronzong|[from] ability: Levitate\n|-immune|p1a: Gyarados\n|-resisted|p1b: Meowscarada\n|-damage|p1b: Meowscarada|20\/100\n|move|p2b: Bronzong|Trick Room|p2b: Bronzong\n|-fieldstart|move: Trick Room|[of] p2b: Bronzong\n|\n|upkeep\n|turn|3\n|inactive|Novaxnova has 30 seconds left.\n|inactive|Novaxnova has 20 seconds left.\n|inactive|Novaxnova has 15 seconds left.\n|inactive|Novaxnova has 10 seconds left.\n|\n|t:|1683027435\n|move|p2b: Bronzong|Body Press|p1b: Meowscarada\n|-supereffective|p1b: Meowscarada\n|-damage|p1b: Meowscarada|0 fnt\n|faint|p1b: Meowscarada\n|move|p2a: Ting-Lu|Throat Chop|p1a: Gyarados\n|-damage|p1a: Gyarados|23\/100\n|-start|p1a: Gyarados|Throat Chop|[silent]\n|move|p1a: Gyarados|Waterfall|p2b: Bronzong\n|-damage|p2b: Bronzong|0 fnt\n|faint|p2b: Bronzong\n|\n|upkeep\n|\n|t:|1683027450\n|switch|p2b: Iron Hands|Iron Hands, L50, shiny|100\/100\n|switch|p1b: Hatterene|Hatterene, L50, F|100\/100\n|turn|4\n|inactive|Novaxnova has 30 seconds left.\n|inactive|Abugbog has 30 seconds left.\n|\n|t:|1683027477\n|switch|p1a: Frosmoth|Frosmoth, L50, F, shiny|64\/100\n|-terastallize|p1b: Hatterene|Fire\n|move|p2a: Ting-Lu|Heavy Slam|p1b: Hatterene\n|-resisted|p1b: Hatterene\n|-damage|p1b: Hatterene|64\/100\n|move|p1b: Hatterene|Psychic|p2a: Ting-Lu\n|-supereffective|p2a: Ting-Lu\n|-damage|p2a: Ting-Lu|0 fnt\n|faint|p2a: Ting-Lu\n|-damage|p1b: Hatterene|54\/100|[from] item: Life Orb\n|move|p2b: Iron Hands|Volt Switch|p1a: Frosmoth\n|-damage|p1a: Frosmoth|57\/100\n|\n|t:|1683027498\n|-end|p2b: Iron Hands|Quark Drive|[silent]\n|switch|p2b: Annihilape|Annihilape, L50, M|100\/100|[from] Volt Switch\n|\n|upkeep\n|\n|t:|1683027505\n|switch|p2a: Iron Hands|Iron Hands, L50, shiny|100\/100\n|turn|5\n|inactive|Abugbog has 30 seconds left.\n|inactive|Abugbog has 20 seconds left.\n|inactive|Abugbog has 15 seconds left.\n|\n|t:|1683027546\n|move|p2a: Iron Hands|Fake Out|p1b: Hatterene\n|-damage|p1b: Hatterene|35\/100\n|cant|p1b: Hatterene|flinch\n|move|p1a: Frosmoth|Bug Buzz|p2b: Annihilape\n|-resisted|p2b: Annihilape\n|-damage|p2b: Annihilape|90\/100\n|move|p2b: Annihilape|Close Combat|p1a: Frosmoth\n|-crit|p1a: Frosmoth\n|-damage|p1a: Frosmoth|0 fnt\n|-unboost|p2b: Annihilape|def|1\n|-unboost|p2b: Annihilape|spd|1\n|faint|p1a: Frosmoth\n|\n|upkeep\n|\n|t:|1683027561\n|switch|p1a: Gyarados|Gyarados, L50, F, shiny|23\/100\n|-ability|p1a: Gyarados|Intimidate|boost\n|-unboost|p2a: Iron Hands|atk|1\n|-unboost|p2b: Annihilape|atk|1\n|-ability|p2b: Annihilape|Defiant|boost\n|-boost|p2b: Annihilape|atk|2\n|turn|6\n|\n|t:|1683027582\n|move|p1b: Hatterene|Protect|p1b: Hatterene\n|-singleturn|p1b: Hatterene|Protect\n|move|p2a: Iron Hands|Volt Switch|p1a: Gyarados\n|-supereffective|p1a: Gyarados\n|-crit|p1a: Gyarados\n|-damage|p1a: Gyarados|0 fnt\n|faint|p1a: Gyarados\n|move|p2b: Annihilape|Close Combat|p1b: Hatterene\n|-activate|p1b: Hatterene|move: Protect\n|\n|-fieldend|move: Trick Room\n|upkeep\n|turn|7\n|\n|t:|1683027599\n|move|p2b: Annihilape|Close Combat|p1b: Hatterene\n|-damage|p1b: Hatterene|0 fnt\n|-unboost|p2b: Annihilape|def|1\n|-unboost|p2b: Annihilape|spd|1\n|faint|p1b: Hatterene\n|\n|win|Abugbog\n|raw|Novaxnova's rating: 1118 → 1096<\/strong> (-22 for losing)\n|raw|Abugbog's rating: 1158 → 1180<\/strong> (+22 for winning)\n|l|\u2606Novaxnova\n","uploadtime":1683027614,"views":6,"p1id":"novaxnova","p2id":"abugbog","formatid":"gen9vgc2023regulationc","rating":1096,"private":0,"password":""}