{"id":"gen9vgc2023regulationc-1860322850","p1":"metalgymleader","p2":"Jujujhgkg","format":"[Gen 9] VGC 2023 Regulation C","log":"|j|\u2606metalgymleader\n|j|\u2606Jujujhgkg\n|t:|1683632691\n|gametype|doubles\n|player|p1|metalgymleader|101|1093\n|player|p2|Jujujhgkg|101|1139\n|teamsize|p1|6\n|teamsize|p2|6\n|gen|9\n|tier|[Gen 9] VGC 2023 Regulation C\n|rated|\n|rule|Species Clause: Limit one of each Pok\u00e9mon\n|rule|Item Clause: Limit one of each item\n|clearpoke\n|poke|p1|Dondozo, L50, F|\n|poke|p1|Tatsugiri, L50, M|\n|poke|p1|Iron Bundle, L50|\n|poke|p1|Pelipper, L50, M|\n|poke|p1|Flutter Mane, L50|\n|poke|p1|Dragonite, L50, M|\n|poke|p2|Palafin, L50, M|\n|poke|p2|Arcanine, L50, F|\n|poke|p2|Amoonguss, L50, M|\n|poke|p2|Dragapult, L50, M|\n|poke|p2|Chien-Pao, L50|\n|poke|p2|Flutter Mane, L50|\n|teampreview|4\n|\n|t:|1683632709\n|start\n|switch|p1a: Dondozo|Dondozo, L50, F, shiny|100\/100\n|switch|p1b: Pelipper|Pelipper, L50, M, shiny|100\/100\n|switch|p2a: Amoonguss|Amoonguss, L50, M|100\/100\n|switch|p2b: Flutter Mane|Flutter Mane, L50|100\/100\n|-weather|RainDance|[from] ability: Drizzle|[of] p1b: Pelipper\n|-enditem|p2b: Flutter Mane|Booster Energy\n|-activate|p2b: Flutter Mane|ability: Protosynthesis|[fromitem]\n|-start|p2b: Flutter Mane|protosynthesisspe\n|turn|1\n|\n|t:|1683632740\n|-terastallize|p2b: Flutter Mane|Fairy\n|move|p2b: Flutter Mane|Dazzling Gleam|p1b: Pelipper|[spread] p1a,p1b\n|-damage|p1a: Dondozo|60\/100\n|-damage|p1b: Pelipper|37\/100\n|-enditem|p1b: Pelipper|Eject Button\n|inactive|Battle timer is ON: inactive players will automatically lose when time's up. (requested by Jujujhgkg)\n|\n|t:|1683632749\n|switch|p1b: Tatsugiri|Tatsugiri, L50, M, shiny|100\/100\n|-activate|p1b: Tatsugiri|ability: Commander|[of] p1a: Dondozo\n|-boost|p1a: Dondozo|atk|2\n|-boost|p1a: Dondozo|spa|2\n|-boost|p1a: Dondozo|spe|2\n|-boost|p1a: Dondozo|def|2\n|-boost|p1a: Dondozo|spd|2\n|move|p1a: Dondozo|Wave Crash|p2b: Flutter Mane\n|-damage|p2b: Flutter Mane|0 fnt\n|faint|p2b: Flutter Mane\n|-end|p2b: Flutter Mane|Protosynthesis|[silent]\n|-damage|p1a: Dondozo|43\/100|[from] Recoil\n|move|p2a: Amoonguss|Spore|p1b: Tatsugiri|[miss]\n|-miss|p2a: Amoonguss|p1b: Tatsugiri\n|\n|-weather|RainDance|[upkeep]\n|upkeep\n|\n|t:|1683632767\n|switch|p2b: Chien-Pao|Chien-Pao, L50|100\/100\n|-ability|p2b: Chien-Pao|Sword of Ruin\n|turn|2\n|\n|t:|1683632781\n|-terastallize|p1a: Dondozo|Ground\n|move|p2a: Amoonguss|Rage Powder|p2a: Amoonguss\n|-singleturn|p2a: Amoonguss|move: Rage Powder\n|move|p2b: Chien-Pao|Ice Spinner|p1a: Dondozo\n|-supereffective|p1a: Dondozo\n|-damage|p1a: Dondozo|13\/100\n|-enditem|p1a: Dondozo|Weakness Policy\n|-boost|p1a: Dondozo|atk|2|[from] item: Weakness Policy\n|-boost|p1a: Dondozo|spa|2|[from] item: Weakness Policy\n|move|p1a: Dondozo|Earthquake|p2a: Amoonguss|[spread] p2a,p2b\n|-miss|p1a: Dondozo|p1b: Tatsugiri\n|-damage|p2a: Amoonguss|0 fnt\n|-enditem|p2b: Chien-Pao|Focus Sash\n|-damage|p2b: Chien-Pao|1\/100\n|faint|p2a: Amoonguss\n|\n|-weather|RainDance|[upkeep]\n|upkeep\n|\n|t:|1683632800\n|switch|p2a: Dragapult|Dragapult, L50, M|100\/100\n|turn|3\n|\n|t:|1683632807\n|move|p1a: Dondozo|Protect|p1a: Dondozo\n|-singleturn|p1a: Dondozo|Protect\n|move|p2b: Chien-Pao|Sucker Punch||[still]\n|-fail|p2b: Chien-Pao\n|move|p2a: Dragapult|Dragon Darts|p1a: Dondozo\n|-activate|p1a: Dondozo|move: Protect\n|\n|-weather|RainDance|[upkeep]\n|upkeep\n|turn|4\n|\n|t:|1683632819\n|move|p2b: Chien-Pao|Sucker Punch|p1a: Dondozo\n|-damage|p1a: Dondozo|0 fnt\n|faint|p1a: Dondozo\n|move|p2a: Dragapult|Dragon Darts|p1b: Tatsugiri\n|-supereffective|p1b: Tatsugiri\n|-enditem|p1b: Tatsugiri|Focus Sash\n|-damage|p1b: Tatsugiri|1\/100\n|-anim|p2a: Dragapult|Dragon Darts|p1b: Tatsugiri\n|-supereffective|p1b: Tatsugiri\n|-damage|p1b: Tatsugiri|0 fnt\n|faint|p1b: Tatsugiri\n|\n|-weather|RainDance|[upkeep]\n|upkeep\n|\n|t:|1683632831\n|switch|p1b: Flutter Mane|Flutter Mane, L50, shiny|100\/100\n|switch|p1a: Pelipper|Pelipper, L50, M, shiny|37\/100\n|turn|5\n|\n|t:|1683632841\n|move|p1a: Pelipper|Protect|p1a: Pelipper\n|-singleturn|p1a: Pelipper|Protect\n|move|p2a: Dragapult|Dragon Darts|p1a: Pelipper\n|-immune|p1b: Flutter Mane\n|move|p2b: Chien-Pao|Ice Spinner|p1b: Flutter Mane\n|-damage|p1b: Flutter Mane|28\/100\n|move|p1b: Flutter Mane|Dazzling Gleam|p2a: Dragapult|[spread] p2a,p2b\n|-supereffective|p2a: Dragapult\n|-crit|p2a: Dragapult\n|-supereffective|p2b: Chien-Pao\n|-damage|p2a: Dragapult|0 fnt\n|-damage|p2b: Chien-Pao|0 fnt\n|faint|p2a: Dragapult\n|faint|p2b: Chien-Pao\n|\n|win|metalgymleader\n|raw|metalgymleader's rating: 1093 → 1122<\/strong> (+29 for winning)\n|raw|Jujujhgkg's rating: 1139 → 1111<\/strong> (-28 for losing)\n|l|\u2606Jujujhgkg\n","uploadtime":1683632877,"views":14,"p1id":"metalgymleader","p2id":"jujujhgkg","formatid":"gen9vgc2023regulationc","rating":1111,"private":0,"password":""}