{"id":"gen9vgc2023regulationc-1856380883","p1":"mike3092","p2":"R3quiemVGC","format":"[Gen 9] VGC 2023 Regulation C","log":"|j|\u2606mike3092\n|j|\u203dR3quiemVGC\n|t:|1683055994\n|gametype|doubles\n|player|p1|mike3092|101|\n|player|p2|R3quiemVGC|1|\n|teamsize|p1|6\n|teamsize|p2|6\n|gen|9\n|tier|[Gen 9] VGC 2023 Regulation C\n|rule|Species Clause: Limit one of each Pok\u00e9mon\n|rule|Item Clause: Limit one of each item\n|clearpoke\n|poke|p1|Garganacl, L50, M|\n|poke|p1|Amoonguss, L50, M|\n|poke|p1|Roaring Moon, L50|\n|poke|p1|Arcanine, L50, M|\n|poke|p1|Ting-Lu, L50|\n|poke|p1|Iron Bundle, L50|\n|poke|p2|Glimmora, L50, F|\n|poke|p2|Wo-Chien, L50|\n|poke|p2|Flutter Mane, L50|\n|poke|p2|Dondozo, L50, F|\n|poke|p2|Tatsugiri, L50, M|\n|poke|p2|Chi-Yu, L50|\n|teampreview|4\nmike3092 has agreed to open team sheets.\nR3quiemVGC has agreed to open team sheets.\n|\n|t:|1683056067\n|start\n|switch|p1a: Ting-Lu|Ting-Lu, L50|100\/100\n|switch|p1b: Iron Bundle|Iron Bundle, L50|100\/100\n|switch|p2a: Chi-Yu|Chi-Yu, L50|100\/100\n|switch|p2b: Flutter Mane|Flutter Mane, L50|100\/100\n|-ability|p2a: Chi-Yu|Beads of Ruin\n|-ability|p1a: Ting-Lu|Vessel of Ruin\n|turn|1\n|\n|t:|1683056101\n|-end|p2b: Flutter Mane|Protosynthesis|[silent]\n|switch|p2b: Dondozo|Dondozo, L50, F|100\/100\n|move|p1b: Iron Bundle|Protect|p1b: Iron Bundle\n|-singleturn|p1b: Iron Bundle|Protect\n|move|p2a: Chi-Yu|Heat Wave|p1b: Iron Bundle|[spread] p1a\n|-activate|p1b: Iron Bundle|move: Protect\n|-damage|p1a: Ting-Lu|82\/100\n|move|p1a: Ting-Lu|Earthquake|p2b: Dondozo|[spread] p2a,p2b\n|-activate|p1b: Iron Bundle|move: Protect\n|-supereffective|p2a: Chi-Yu\n|-enditem|p2a: Chi-Yu|Focus Sash\n|-damage|p2a: Chi-Yu|1\/100\n|-damage|p2b: Dondozo|78\/100\n|\n|-heal|p2b: Dondozo|84\/100|[from] item: Leftovers\n|upkeep\n|turn|2\n|\n|t:|1683056140\n|move|p1b: Iron Bundle|Icy Wind|p2b: Dondozo|[spread] p2a,p2b\n|-resisted|p2a: Chi-Yu\n|-resisted|p2b: Dondozo\n|-damage|p2a: Chi-Yu|0 fnt\n|-damage|p2b: Dondozo|74\/100\n|-unboost|p2b: Dondozo|spe|1\n|faint|p2a: Chi-Yu\n|move|p1a: Ting-Lu|Ruination|p2b: Dondozo\n|-damage|p2b: Dondozo|37\/100\n|move|p2b: Dondozo|Earthquake|p1a: Ting-Lu|[spread] p1a,p1b\n|-damage|p1a: Ting-Lu|70\/100\n|-damage|p1b: Iron Bundle|75\/100\n|\n|-heal|p2b: Dondozo|43\/100|[from] item: Leftovers\n|upkeep\n|\n|t:|1683056157\n|switch|p2a: Flutter Mane|Flutter Mane, L50|100\/100\n|turn|3\n|\n|t:|1683056199\n|move|p2b: Dondozo|Protect|p2b: Dondozo\n|-singleturn|p2b: Dondozo|Protect\n|move|p1b: Iron Bundle|Icy Wind|p2a: Flutter Mane|[spread] p2a\n|-activate|p2b: Dondozo|move: Protect\n|-damage|p2a: Flutter Mane|88\/100\n|-unboost|p2a: Flutter Mane|spe|1\n|move|p2a: Flutter Mane|Dazzling Gleam|p1b: Iron Bundle|[spread] p1a,p1b\n|-supereffective|p1a: Ting-Lu\n|-damage|p1a: Ting-Lu|38\/100\n|-damage|p1b: Iron Bundle|7\/100\n|move|p1a: Ting-Lu|Heavy Slam|p2a: Flutter Mane\n|-supereffective|p2a: Flutter Mane\n|-damage|p2a: Flutter Mane|0 fnt\n|faint|p2a: Flutter Mane\n|-end|p2a: Flutter Mane|Protosynthesis|[silent]\n|\n|-heal|p2b: Dondozo|50\/100|[from] item: Leftovers\n|upkeep\n|\n|t:|1683056214\n|switch|p2a: Tatsugiri|Tatsugiri, L50, M|100\/100\n|-activate|p2a: Tatsugiri|ability: Commander|[of] p2b: Dondozo\n|-boost|p2b: Dondozo|atk|2\n|-boost|p2b: Dondozo|spa|2\n|-boost|p2b: Dondozo|spe|2\n|-boost|p2b: Dondozo|def|2\n|-boost|p2b: Dondozo|spd|2\n|turn|4\n|\n|t:|1683056238\n|move|p1b: Iron Bundle|Icy Wind|p2a: Tatsugiri|[spread] \n|-miss|p1b: Iron Bundle|p2a: Tatsugiri\n|-miss|p1b: Iron Bundle|p2b: Dondozo\n|move|p2b: Dondozo|Earthquake|p1a: Ting-Lu|[spread] p1a,p1b\n|-miss|p2b: Dondozo|p2a: Tatsugiri\n|-damage|p1a: Ting-Lu|13\/100\n|-damage|p1b: Iron Bundle|0 fnt\n|faint|p1b: Iron Bundle\n|-end|p1b: Iron Bundle|Quark Drive|[silent]\n|move|p1a: Ting-Lu|Ruination|p2b: Dondozo\n|-damage|p2b: Dondozo|25\/100\n|\n|-heal|p2b: Dondozo|31\/100|[from] item: Leftovers\n|upkeep\n|\n|t:|1683056250\n|switch|p1b: Roaring Moon|Roaring Moon, L50|100\/100\n|-enditem|p1b: Roaring Moon|Booster Energy\n|-activate|p1b: Roaring Moon|ability: Protosynthesis|[fromitem]\n|-start|p1b: Roaring Moon|protosynthesisatk\n|turn|5\n|\n|t:|1683056268\n|move|p2b: Dondozo|Protect|p2b: Dondozo\n|-singleturn|p2b: Dondozo|Protect\n|move|p1b: Roaring Moon|Breaking Swipe|p2a: Tatsugiri|[spread] \n|-miss|p1b: Roaring Moon|p2a: Tatsugiri\n|-activate|p2b: Dondozo|move: Protect\n|move|p1a: Ting-Lu|Heavy Slam|p2b: Dondozo\n|-activate|p2b: Dondozo|move: Protect\n|\n|-heal|p2b: Dondozo|37\/100|[from] item: Leftovers\n|upkeep\n|turn|6\n|\n|t:|1683056283\n|move|p1b: Roaring Moon|Tailwind|p1b: Roaring Moon\n|-sidestart|p1: mike3092|move: Tailwind\n|move|p1a: Ting-Lu|Fissure|p2b: Dondozo|[miss]\n|-miss|p1a: Ting-Lu|p2b: Dondozo\n|move|p2b: Dondozo|Earthquake|p1b: Roaring Moon|[spread] p1a,p1b\n|-miss|p2b: Dondozo|p2a: Tatsugiri\n|-crit|p1b: Roaring Moon\n|-damage|p1a: Ting-Lu|0 fnt\n|-damage|p1b: Roaring Moon|29\/100\n|faint|p1a: Ting-Lu\n|\n|-heal|p2b: Dondozo|43\/100|[from] item: Leftovers\n|upkeep\n|\n|t:|1683056293\n|switch|p1a: Garganacl|Garganacl, L50, M, shiny|100\/100\n|turn|7\n|\n|t:|1683056305\n|-terastallize|p1a: Garganacl|Ghost\n|move|p2b: Dondozo|Protect|p2b: Dondozo\n|-singleturn|p2b: Dondozo|Protect\n|move|p1b: Roaring Moon|Breaking Swipe|p2b: Dondozo|[spread] \n|-miss|p1b: Roaring Moon|p2a: Tatsugiri\n|-activate|p2b: Dondozo|move: Protect\n|move|p1a: Garganacl|Salt Cure|p2b: Dondozo\n|-activate|p2b: Dondozo|move: Protect\n|\n|-heal|p2b: Dondozo|50\/100|[from] item: Leftovers\n|upkeep\n|turn|8\n|\n|t:|1683056333\n|-terastallize|p2b: Dondozo|Flying\n|move|p1b: Roaring Moon|Breaking Swipe|p2b: Dondozo|[spread] p2b\n|-miss|p1b: Roaring Moon|p2a: Tatsugiri\n|-damage|p2b: Dondozo|36\/100\n|-unboost|p2b: Dondozo|atk|1\n|move|p2b: Dondozo|Wave Crash|p1a: Garganacl\n|-damage|p1a: Garganacl|51\/100\n|-damage|p2b: Dondozo|22\/100|[from] Recoil\n|move|p1a: Garganacl|Salt Cure|p2b: Dondozo\n|-supereffective|p2b: Dondozo\n|-damage|p2b: Dondozo|11\/100\n|-start|p2b: Dondozo|Salt Cure\n|\n|-heal|p2b: Dondozo|17\/100|[from] item: Leftovers\n|-heal|p1a: Garganacl|57\/100|[from] item: Leftovers\n|-damage|p2b: Dondozo|5\/100|[from] Salt Cure\n|upkeep\n|turn|9\n|\n|t:|1683056373\n|move|p2b: Dondozo|Protect|p2b: Dondozo\n|-singleturn|p2b: Dondozo|Protect\n|move|p1b: Roaring Moon|Breaking Swipe|p2b: Dondozo|[spread] \n|-miss|p1b: Roaring Moon|p2a: Tatsugiri\n|-activate|p2b: Dondozo|move: Protect\n|move|p1a: Garganacl|Recover|p1a: Garganacl\n|-heal|p1a: Garganacl|100\/100\n|\n|-heal|p2b: Dondozo|11\/100|[from] item: Leftovers\n|-damage|p2b: Dondozo|0 fnt|[from] Salt Cure\n|faint|p2b: Dondozo\n|-sideend|p1: mike3092|move: Tailwind\n|upkeep\n|turn|10\n|\n|t:|1683056388\n|move|p1b: Roaring Moon|Protect|p1b: Roaring Moon\n|-singleturn|p1b: Roaring Moon|Protect\n|move|p2a: Tatsugiri|Icy Wind|p1a: Garganacl|[spread] p1a\n|-activate|p1b: Roaring Moon|move: Protect\n|-damage|p1a: Garganacl|90\/100\n|-unboost|p1a: Garganacl|spe|1\n|move|p1a: Garganacl|Salt Cure|p2a: Tatsugiri\n|-damage|p2a: Tatsugiri|73\/100\n|-start|p2a: Tatsugiri|Salt Cure\n|\n|-heal|p1a: Garganacl|96\/100|[from] item: Leftovers\n|-damage|p2a: Tatsugiri|48\/100|[from] Salt Cure\n|upkeep\n|turn|11\n|\n|t:|1683056404\n|move|p1a: Garganacl|Wide Guard|p1a: Garganacl\n|-singleturn|p1a: Garganacl|Wide Guard\n|move|p2a: Tatsugiri|Icy Wind|p1b: Roaring Moon|[spread] \n|-activate|p1a: Garganacl|move: Wide Guard\n|-activate|p1b: Roaring Moon|move: Wide Guard\n|move|p1b: Roaring Moon|Breaking Swipe|p2a: Tatsugiri\n|-supereffective|p2a: Tatsugiri\n|-damage|p2a: Tatsugiri|0 fnt\n|faint|p2a: Tatsugiri\n|\n|win|mike3092\n","uploadtime":1683056986,"views":8,"p1id":"mike3092","p2id":"r3quiemvgc","formatid":"gen9vgc2023regulationc","rating":0,"private":0,"password":""}