{"id":"gen9vgc2023regulationc-1855340367","p1":"hadahada","p2":"zjwf","format":"[Gen 9] VGC 2023 Regulation C","log":"|j|\u2606hadahada\n|j|\u2606zjwf\n|t:|1682939889\n|gametype|doubles\n|player|p1|hadahada|gentleman-gen4dp|\n|player|p2|zjwf|irida|\n|teamsize|p1|6\n|teamsize|p2|6\n|gen|9\n|tier|[Gen 9] VGC 2023 Regulation C\n|rule|Species Clause: Limit one of each Pok\u00e9mon\n|rule|Item Clause: Limit one of each item\n|clearpoke\n|poke|p1|Arcanine, L50, F|\n|poke|p1|Ting-Lu, L50|\n|poke|p1|Amoonguss, L50, M|\n|poke|p1|Palafin, L50, M|\n|poke|p1|Gholdengo, L50|\n|poke|p1|Flutter Mane, L50|\n|poke|p2|Gholdengo, L50|\n|poke|p2|Iron Bundle, L50|\n|poke|p2|Iron Hands, L50|\n|poke|p2|Baxcalibur, L50, F|\n|poke|p2|Volcarona, L50, M|\n|poke|p2|Kingambit, L50, M|\n|teampreview|4\nzjwf has agreed to open team sheets.\nhadahada has agreed to open team sheets.\n|inactive|Battle timer is ON: inactive players will automatically lose when time's up. (requested by hadahada)\n|inactive|zjwf has 60 seconds left.\n|inactive|zjwf has 30 seconds left.\n|inactive|zjwf has 20 seconds left.\n|l|\u2606zjwf\n|inactive|zjwf disconnected!\n|player|p2|\n|inactiveoff|Battle timer is now OFF.\n|c|\u2606hadahada|\u6389\u4e86?\n|j|\u2606zjwf\n|player|p2|zjwf|irida\n|c|\u2606zjwf|\u4e0d\u597d\u610f\u601d\n|inactive|Battle timer is ON: inactive players will automatically lose when time's up. (requested by zjwf)\n|c|\u2606hadahada|\u6ca1\u4e8b\u6ca1\u4e8b\n|inactive|zjwf has 30 seconds left.\n|\n|t:|1682940097\n|start\n|switch|p1a: Amoonguss|Amoonguss, L50, M|100\/100\n|switch|p1b: Palafin|Palafin, L50, M|100\/100\n|switch|p2a: \u51bb\u98ce100%|Iron Bundle, L50|100\/100\n|switch|p2b: \u94c1\u6bd2\u86fe\u722c\u5730\u7fc5\u662f\u4ec0\u4e48\u4e1c\u897f|Volcarona, L50, M|100\/100\n|-enditem|p2a: \u51bb\u98ce100%|Booster Energy\n|-activate|p2a: \u51bb\u98ce100%|ability: Quark Drive|[fromitem]\n|-start|p2a: \u51bb\u98ce100%|quarkdrivespe\n|turn|1\n|\n|t:|1682940120\n|-terastallize|p1a: Amoonguss|Water\n|move|p1b: Palafin|Protect|p1b: Palafin\n|-singleturn|p1b: Palafin|Protect\n|move|p2a: \u51bb\u98ce100%|Freeze-Dry|p1a: Amoonguss\n|-supereffective|p1a: Amoonguss\n|-damage|p1a: Amoonguss|51\/100\n|move|p2b: \u94c1\u6bd2\u86fe\u722c\u5730\u7fc5\u662f\u4ec0\u4e48\u4e1c\u897f|Heat Wave|p1a: Amoonguss|[spread] p1a\n|-activate|p1b: Palafin|move: Protect\n|-resisted|p1a: Amoonguss\n|-damage|p1a: Amoonguss|40\/100\n|move|p1a: Amoonguss|Spore|p2a: \u51bb\u98ce100%\n|-status|p2a: \u51bb\u98ce100%|slp|[from] move: Spore\n|\n|upkeep\n|turn|2\n|inactive|hadahada has 30 seconds left.\n|\n|t:|1682940149\n|-terastallize|p2b: \u94c1\u6bd2\u86fe\u722c\u5730\u7fc5\u662f\u4ec0\u4e48\u4e1c\u897f|Water\n|cant|p2a: \u51bb\u98ce100%|slp\n|move|p1b: Palafin|Wave Crash|p2b: \u94c1\u6bd2\u86fe\u722c\u5730\u7fc5\u662f\u4ec0\u4e48\u4e1c\u897f\n|-resisted|p2b: \u94c1\u6bd2\u86fe\u722c\u5730\u7fc5\u662f\u4ec0\u4e48\u4e1c\u897f\n|-damage|p2b: \u94c1\u6bd2\u86fe\u722c\u5730\u7fc5\u662f\u4ec0\u4e48\u4e1c\u897f|79\/100\n|-status|p1b: Palafin|brn|[from] ability: Flame Body|[of] p2b: \u94c1\u6bd2\u86fe\u722c\u5730\u7fc5\u662f\u4ec0\u4e48\u4e1c\u897f\n|-damage|p1b: Palafin|92\/100 brn|[from] Recoil\n|move|p2b: \u94c1\u6bd2\u86fe\u722c\u5730\u7fc5\u662f\u4ec0\u4e48\u4e1c\u897f|Tailwind|p2b: \u94c1\u6bd2\u86fe\u722c\u5730\u7fc5\u662f\u4ec0\u4e48\u4e1c\u897f\n|-sidestart|p2: zjwf|move: Tailwind\n|move|p1a: Amoonguss|Pollen Puff|p2a: \u51bb\u98ce100%\n|-damage|p2a: \u51bb\u98ce100%|63\/100 slp\n|\n|-damage|p1b: Palafin|87\/100 brn|[from] brn\n|upkeep\n|turn|3\n|\n|t:|1682940174\n|detailschange|p1b: Palafin|Palafin-Hero, L50, M\n|switch|p1b: Arcanine|Arcanine, L50, F|100\/100\n|-ability|p1b: Arcanine|Intimidate|boost\n|-unboost|p2a: \u51bb\u98ce100%|atk|1\n|-unboost|p2b: \u94c1\u6bd2\u86fe\u722c\u5730\u7fc5\u662f\u4ec0\u4e48\u4e1c\u897f|atk|1\n|cant|p2a: \u51bb\u98ce100%|slp\n|move|p2b: \u94c1\u6bd2\u86fe\u722c\u5730\u7fc5\u662f\u4ec0\u4e48\u4e1c\u897f|Heat Wave|p1a: Amoonguss|[spread] p1a,p1b\n|-resisted|p1a: Amoonguss\n|-resisted|p1b: Arcanine\n|-damage|p1a: Amoonguss|29\/100\n|-damage|p1b: Arcanine|88\/100\n|move|p1a: Amoonguss|Pollen Puff|p2a: \u51bb\u98ce100%\n|-damage|p2a: \u51bb\u98ce100%|28\/100 slp\n|\n|upkeep\n|turn|4\n|inactive|zjwf has 30 seconds left.\n|\n|t:|1682940206\n|-end|p2a: \u51bb\u98ce100%|Quark Drive|[silent]\n|switch|p2a: \u9ed1\u5200|Kingambit, L50, M|100\/100\n|move|p1a: Amoonguss|Rage Powder|p1a: Amoonguss\n|-singleturn|p1a: Amoonguss|move: Rage Powder\n|move|p2b: \u94c1\u6bd2\u86fe\u722c\u5730\u7fc5\u662f\u4ec0\u4e48\u4e1c\u897f|Struggle Bug|p1b: Arcanine|[spread] p1a,p1b\n|-resisted|p1b: Arcanine\n|-damage|p1a: Amoonguss|16\/100\n|-damage|p1b: Arcanine|82\/100\n|-unboost|p1b: Arcanine|spa|1\n|move|p1b: Arcanine|Flare Blitz|p2a: \u9ed1\u5200\n|-supereffective|p2a: \u9ed1\u5200\n|-damage|p2a: \u9ed1\u5200|33\/100\n|-damage|p1b: Arcanine|58\/100|[from] Recoil\n|\n|upkeep\n|turn|5\n|\n|t:|1682940228\n|switch|p2a: \u70c8\u54ac\u9646\u9ca8\uff0c\u8bf7\u597d\u597d\u5730\u770b\u7740\u6211|Baxcalibur, L50, F|100\/100\n|move|p1a: Amoonguss|Protect|p1a: Amoonguss\n|-singleturn|p1a: Amoonguss|Protect\n|move|p2b: \u94c1\u6bd2\u86fe\u722c\u5730\u7fc5\u662f\u4ec0\u4e48\u4e1c\u897f|Rage Powder|p2b: \u94c1\u6bd2\u86fe\u722c\u5730\u7fc5\u662f\u4ec0\u4e48\u4e1c\u897f\n|-singleturn|p2b: \u94c1\u6bd2\u86fe\u722c\u5730\u7fc5\u662f\u4ec0\u4e48\u4e1c\u897f|move: Rage Powder\n|move|p1b: Arcanine|Will-O-Wisp|p2a: \u70c8\u54ac\u9646\u9ca8\uff0c\u8bf7\u597d\u597d\u5730\u770b\u7740\u6211\n|-immune|p2a: \u70c8\u54ac\u9646\u9ca8\uff0c\u8bf7\u597d\u597d\u5730\u770b\u7740\u6211|[from] ability: Thermal Exchange\n|\n|-sideend|p2: zjwf|move: Tailwind\n|upkeep\n|turn|6\n|inactive|hadahada has 30 seconds left.\n|\n|t:|1682940257\n|move|p2b: \u94c1\u6bd2\u86fe\u722c\u5730\u7fc5\u662f\u4ec0\u4e48\u4e1c\u897f|Rage Powder|p2b: \u94c1\u6bd2\u86fe\u722c\u5730\u7fc5\u662f\u4ec0\u4e48\u4e1c\u897f\n|-singleturn|p2b: \u94c1\u6bd2\u86fe\u722c\u5730\u7fc5\u662f\u4ec0\u4e48\u4e1c\u897f|move: Rage Powder\n|move|p1a: Amoonguss|Rage Powder|p1a: Amoonguss\n|-singleturn|p1a: Amoonguss|move: Rage Powder\n|move|p2a: \u70c8\u54ac\u9646\u9ca8\uff0c\u8bf7\u597d\u597d\u5730\u770b\u7740\u6211|Icicle Spear|p1a: Amoonguss\n|-resisted|p1a: Amoonguss\n|-damage|p1a: Amoonguss|8\/100\n|-resisted|p1a: Amoonguss\n|-damage|p1a: Amoonguss|0 fnt\n|faint|p1a: Amoonguss\n|-hitcount|p1: Amoonguss|2\n|move|p1b: Arcanine|Flare Blitz|p2a: \u70c8\u54ac\u9646\u9ca8\uff0c\u8bf7\u597d\u597d\u5730\u770b\u7740\u6211\n|-damage|p2a: \u70c8\u54ac\u9646\u9ca8\uff0c\u8bf7\u597d\u597d\u5730\u770b\u7740\u6211|53\/100\n|-ability|p2a: \u70c8\u54ac\u9646\u9ca8\uff0c\u8bf7\u597d\u597d\u5730\u770b\u7740\u6211|Thermal Exchange|boost\n|-boost|p2a: \u70c8\u54ac\u9646\u9ca8\uff0c\u8bf7\u597d\u597d\u5730\u770b\u7740\u6211|atk|1\n|-damage|p1b: Arcanine|42\/100|[from] Recoil\n|\n|upkeep\n|\n|t:|1682940274\n|switch|p1a: Flutter Mane|Flutter Mane, L50|100\/100\n|turn|7\n|\n|t:|1682940280\n|move|p2a: \u70c8\u54ac\u9646\u9ca8\uff0c\u8bf7\u597d\u597d\u5730\u770b\u7740\u6211|Protect|p2a: \u70c8\u54ac\u9646\u9ca8\uff0c\u8bf7\u597d\u597d\u5730\u770b\u7740\u6211\n|-singleturn|p2a: \u70c8\u54ac\u9646\u9ca8\uff0c\u8bf7\u597d\u597d\u5730\u770b\u7740\u6211|Protect\n|move|p1b: Arcanine|Extreme Speed|p2b: \u94c1\u6bd2\u86fe\u722c\u5730\u7fc5\u662f\u4ec0\u4e48\u4e1c\u897f\n|-damage|p2b: \u94c1\u6bd2\u86fe\u722c\u5730\u7fc5\u662f\u4ec0\u4e48\u4e1c\u897f|59\/100\n|move|p1a: Flutter Mane|Dazzling Gleam|p2b: \u94c1\u6bd2\u86fe\u722c\u5730\u7fc5\u662f\u4ec0\u4e48\u4e1c\u897f|[spread] p2b\n|-activate|p2a: \u70c8\u54ac\u9646\u9ca8\uff0c\u8bf7\u597d\u597d\u5730\u770b\u7740\u6211|move: Protect\n|-damage|p2b: \u94c1\u6bd2\u86fe\u722c\u5730\u7fc5\u662f\u4ec0\u4e48\u4e1c\u897f|29\/100\n|move|p2b: \u94c1\u6bd2\u86fe\u722c\u5730\u7fc5\u662f\u4ec0\u4e48\u4e1c\u897f|Tailwind|p2b: \u94c1\u6bd2\u86fe\u722c\u5730\u7fc5\u662f\u4ec0\u4e48\u4e1c\u897f\n|-sidestart|p2: zjwf|move: Tailwind\n|\n|upkeep\n|turn|8\n|inactive|zjwf has 30 seconds left.\n|inactive|zjwf has 20 seconds left.\n|inactive|zjwf has 15 seconds left.\n|inactive|zjwf has 10 seconds left.\n|\n|t:|1682940327\n|move|p1a: Flutter Mane|Protect|p1a: Flutter Mane\n|-singleturn|p1a: Flutter Mane|Protect\n|move|p1b: Arcanine|Extreme Speed|p2b: \u94c1\u6bd2\u86fe\u722c\u5730\u7fc5\u662f\u4ec0\u4e48\u4e1c\u897f\n|-damage|p2b: \u94c1\u6bd2\u86fe\u722c\u5730\u7fc5\u662f\u4ec0\u4e48\u4e1c\u897f|11\/100\n|-enditem|p2b: \u94c1\u6bd2\u86fe\u722c\u5730\u7fc5\u662f\u4ec0\u4e48\u4e1c\u897f|Iapapa Berry|[eat]\n|-heal|p2b: \u94c1\u6bd2\u86fe\u722c\u5730\u7fc5\u662f\u4ec0\u4e48\u4e1c\u897f|45\/100|[from] item: Iapapa Berry\n|move|p2a: \u70c8\u54ac\u9646\u9ca8\uff0c\u8bf7\u597d\u597d\u5730\u770b\u7740\u6211|Glaive Rush|p1b: Arcanine\n|-damage|p1b: Arcanine|0 fnt\n|-singlemove|p2a: \u70c8\u54ac\u9646\u9ca8\uff0c\u8bf7\u597d\u597d\u5730\u770b\u7740\u6211|Glaive Rush|[silent]\n|faint|p1b: Arcanine\n|move|p2b: \u94c1\u6bd2\u86fe\u722c\u5730\u7fc5\u662f\u4ec0\u4e48\u4e1c\u897f|Struggle Bug|p1a: Flutter Mane\n|-activate|p1a: Flutter Mane|move: Protect\n|\n|upkeep\n|\n|t:|1682940334\n|switch|p1b: Palafin|Palafin-Hero, L50, M|87\/100 brn\n|-activate|p1b: Palafin|ability: Zero to Hero\n|turn|9\n|\n|t:|1682940342\n|move|p1b: Palafin|Protect|p1b: Palafin\n|-singleturn|p1b: Palafin|Protect\n|move|p2b: \u94c1\u6bd2\u86fe\u722c\u5730\u7fc5\u662f\u4ec0\u4e48\u4e1c\u897f|Rage Powder|p2b: \u94c1\u6bd2\u86fe\u722c\u5730\u7fc5\u662f\u4ec0\u4e48\u4e1c\u897f\n|-singleturn|p2b: \u94c1\u6bd2\u86fe\u722c\u5730\u7fc5\u662f\u4ec0\u4e48\u4e1c\u897f|move: Rage Powder\n|move|p2a: \u70c8\u54ac\u9646\u9ca8\uff0c\u8bf7\u597d\u597d\u5730\u770b\u7740\u6211|Icicle Spear|p1a: Flutter Mane\n|-damage|p1a: Flutter Mane|52\/100\n|-damage|p1a: Flutter Mane|4\/100\n|-damage|p1a: Flutter Mane|0 fnt\n|faint|p1a: Flutter Mane\n|-end|p1a: Flutter Mane|Protosynthesis|[silent]\n|-hitcount|p1: Flutter Mane|3\n|\n|-damage|p1b: Palafin|81\/100 brn|[from] brn\n|upkeep\n|turn|10\n|-message|hadahada forfeited.\n|\n|win|zjwf\n","uploadtime":1682940358,"views":28,"p1id":"hadahada","p2id":"zjwf","formatid":"gen9vgc2023regulationc","rating":0,"private":0,"password":""}