{"id":"gen9vgc2023regulationc-1862291051","p1":"TreinadorRuan","p2":"jessemonxyj","format":"[Gen 9] VGC 2023 Regulation C","log":"|j|\u2606TreinadorRuan\n|j|\u2606jessemonxyj\n|t:|1683860551\n|gametype|doubles\n|player|p1|TreinadorRuan|sabrina|1141\n|player|p2|jessemonxyj|veteran|1068\n|teamsize|p1|6\n|teamsize|p2|6\n|gen|9\n|tier|[Gen 9] VGC 2023 Regulation C\n|rated|\n|rule|Species Clause: Limit one of each Pok\u00e9mon\n|rule|Item Clause: Limit one of each item\n|clearpoke\n|poke|p1|Farigiraf, L50, F|\n|poke|p1|Kingambit, L50, M|\n|poke|p1|Ting-Lu, L50|\n|poke|p1|Baxcalibur, L50, M|\n|poke|p1|Flutter Mane, L50|\n|poke|p1|Iron Hands, L50|\n|poke|p2|Oinkologne-F, L50, F|\n|poke|p2|Arboliva, L50, M|\n|poke|p2|Indeedee-F, L50, F|\n|poke|p2|Pelipper, L50, F|\n|poke|p2|Azumarill, L50, M|\n|poke|p2|Salazzle, L50, F|\n|teampreview|4\n|j| GymLeader Avery\n|\n|t:|1683860574\n|start\n|switch|p1a: Farigiraf|Farigiraf, L50, F|100\/100\n|switch|p1b: Iron Hands|Iron Hands, L50|100\/100\n|switch|p2a: Indeedee|Indeedee-F, L50, F|100\/100\n|switch|p2b: Arboliva|Arboliva, L50, M|100\/100\n|-fieldstart|move: Psychic Terrain|[from] ability: Psychic Surge|[of] p2a: Indeedee\n|-enditem|p2a: Indeedee|Psychic Seed\n|-boost|p2a: Indeedee|spd|1|[from] item: Psychic Seed\n|turn|1\n|\n|t:|1683860613\n|move|p1a: Farigiraf|Hyper Voice|p2a: Indeedee|[spread] p2a,p2b\n|-damage|p2a: Indeedee|88\/100\n|-damage|p2b: Arboliva|78\/100\n|move|p1b: Iron Hands|Drain Punch|p2b: Arboliva\n|-supereffective|p2b: Arboliva\n|-damage|p2b: Arboliva|0 fnt\n|faint|p2b: Arboliva\n|move|p2a: Indeedee|Trick Room|p2a: Indeedee\n|-fieldstart|move: Trick Room|[of] p2a: Indeedee\n|\n|upkeep\n|\n|t:|1683860624\n|switch|p2b: Oinkologne|Oinkologne-F, L50, F|100\/100\n|turn|2\n|\n|t:|1683860654\n|-terastallize|p2a: Indeedee|Ghost\n|move|p2a: Indeedee|Follow Me|p2a: Indeedee\n|-singleturn|p2a: Indeedee|move: Follow Me\n|move|p1b: Iron Hands|Drain Punch|p2a: Indeedee\n|-immune|p2a: Indeedee\n|move|p1a: Farigiraf|Hyper Voice|p2a: Indeedee|[spread] p2b\n|-immune|p2a: Indeedee\n|-crit|p2b: Oinkologne\n|-damage|p2b: Oinkologne|73\/100\n|move|p2b: Oinkologne|Yawn|p1b: Iron Hands\n|-start|p1b: Iron Hands|move: Yawn|[of] p2b: Oinkologne\n|\n|upkeep\n|turn|3\n|\n|t:|1683860674\n|-end|p1b: Iron Hands|Quark Drive|[silent]\n|switch|p1b: Kingambit|Kingambit, L50, M|100\/100\n|move|p1a: Farigiraf|Psychic|p2a: Indeedee\n|-damage|p2a: Indeedee|67\/100\n|move|p2b: Oinkologne|Yawn|p1a: Farigiraf\n|-start|p1a: Farigiraf|move: Yawn|[of] p2b: Oinkologne\n|move|p2a: Indeedee|Hyper Voice|p1b: Kingambit|[spread] p1a,p1b\n|-resisted|p1b: Kingambit\n|-damage|p1a: Farigiraf|81\/100\n|-damage|p1b: Kingambit|91\/100\n|\n|upkeep\n|turn|4\n|\n|t:|1683860696\n|switch|p1a: Iron Hands|Iron Hands, L50|100\/100\n|move|p1b: Kingambit|Kowtow Cleave|p2a: Indeedee\n|-supereffective|p2a: Indeedee\n|-damage|p2a: Indeedee|0 fnt\n|faint|p2a: Indeedee\n|move|p2b: Oinkologne|Yawn|p1b: Kingambit\n|-start|p1b: Kingambit|move: Yawn|[of] p2b: Oinkologne\n|\n|upkeep\n|\n|t:|1683860705\n|switch|p2a: Salazzle|Salazzle, L50, F|100\/100\n|turn|5\n|\n|t:|1683860721\n|move|p1a: Iron Hands|Drain Punch|p2b: Oinkologne\n|-supereffective|p2b: Oinkologne\n|-damage|p2b: Oinkologne|0 fnt\n|faint|p2b: Oinkologne\n|move|p1b: Kingambit|Kowtow Cleave|p2a: Salazzle\n|-damage|p2a: Salazzle|4\/100\n|move|p2a: Salazzle|Toxic|p1b: Kingambit\n|-status|p1b: Kingambit|tox\n|-enditem|p1b: Kingambit|Lum Berry|[eat]\n|-curestatus|p1b: Kingambit|tox|[msg]\n|\n|-end|p1b: Kingambit|move: Yawn|[silent]\n|-status|p1b: Kingambit|slp\n|-fieldend|move: Trick Room\n|-fieldend|move: Psychic Terrain\n|upkeep\n|turn|6\n|\n|t:|1683860740\n|cant|p1b: Kingambit|slp\n|move|p2a: Salazzle|Toxic|p1a: Iron Hands\n|-status|p1a: Iron Hands|tox\n|move|p1a: Iron Hands|Drain Punch|p2a: Salazzle\n|-resisted|p2a: Salazzle\n|-damage|p2a: Salazzle|0 fnt\n|faint|p2a: Salazzle\n|\n|win|TreinadorRuan\n|raw|TreinadorRuan's rating: 1141 → 1161<\/strong> (+20 for winning)\n|raw|jessemonxyj's rating: 1068 → 1052<\/strong> (-16 for losing)\n|l|\u2606jessemonxyj\n|c| GymLeader Avery|well at least he used his berry\n","uploadtime":1683860750,"views":16,"p1id":"treinadorruan","p2id":"jessemonxyj","formatid":"gen9vgc2023regulationc","rating":1052,"private":0,"password":""}