{"id":"gen9vgc2023regulationc-1846607850","p1":"ptppokeman","p2":"Danie2294","format":"[Gen 9] VGC 2023 Regulation C","log":"|j|\u2606ptppokeman\n|j|\u2606Danie2294\n|t:|1681856717\n|gametype|doubles\n|player|p1|ptppokeman|265|1000\n|player|p2|Danie2294|veteran|1014\n|teamsize|p1|6\n|teamsize|p2|6\n|gen|9\n|tier|[Gen 9] VGC 2023 Regulation C\n|rated|\n|rule|Species Clause: Limit one of each Pok\u00e9mon\n|rule|Item Clause: Limit one of each item\n|clearpoke\n|poke|p1|Armarouge, L50, M|\n|poke|p1|Torkoal, L50, M|\n|poke|p1|Indeedee-F, L50, F|\n|poke|p1|Kingambit, L50, M|\n|poke|p1|Hatterene, L50, F|\n|poke|p1|Annihilape, L50, F|\n|poke|p2|Ting-Lu, L50|\n|poke|p2|Hatterene, L50, F|\n|poke|p2|Amoonguss, L50, F|\n|poke|p2|Slowbro, L50, M|\n|poke|p2|Indeedee-F, L50, F|\n|poke|p2|Oranguru, L50, F|\n|teampreview|4\n|inactive|Battle timer is ON: inactive players will automatically lose when time's up. (requested by Danie2294)\n|\n|t:|1681856739\n|start\n|switch|p1a: Indeedee|Indeedee-F, L50, F, shiny|100\/100\n|switch|p1b: Armarouge|Armarouge, L50, M, shiny|100\/100\n|switch|p2a: Ting-Lu|Ting-Lu, L50|100\/100\n|switch|p2b: Oranguru|Oranguru, L50, F|100\/100\n|-fieldstart|move: Psychic Terrain|[from] ability: Psychic Surge|[of] p1a: Indeedee\n|-enditem|p1a: Indeedee|Psychic Seed\n|-boost|p1a: Indeedee|spd|1|[from] item: Psychic Seed\n|-ability|p2a: Ting-Lu|Vessel of Ruin\n|turn|1\n|inactive|ptppokeman has 30 seconds left.\n|\n|t:|1681856766\n|-terastallize|p1b: Armarouge|Grass\n|move|p1b: Armarouge|Armor Cannon|p2b: Oranguru\n|-damage|p2b: Oranguru|67\/100\n|-unboost|p1b: Armarouge|def|1\n|-unboost|p1b: Armarouge|spd|1\n|move|p2a: Ting-Lu|Fissure|p1a: Indeedee|[miss]\n|-miss|p2a: Ting-Lu|p1a: Indeedee\n|move|p1a: Indeedee|Trick Room|p1a: Indeedee\n|-fieldstart|move: Trick Room|[of] p1a: Indeedee\n|move|p2b: Oranguru|Trick Room|p2b: Oranguru\n|-fieldend|move: Trick Room\n|\n|upkeep\n|turn|2\n|inactive|ptppokeman has 30 seconds left.\n|inactive|Danie2294 has 30 seconds left.\n|inactive|ptppokeman has 20 seconds left.\n|\n|t:|1681856804\n|switch|p1b: Torkoal|Torkoal, L50, M, shiny|100\/100\n|-weather|SunnyDay|[from] ability: Drought|[of] p1b: Torkoal\n|move|p1a: Indeedee|Dazzling Gleam|p2a: Ting-Lu|[spread] p2a,p2b\n|-supereffective|p2a: Ting-Lu\n|-damage|p2a: Ting-Lu|83\/100\n|-damage|p2b: Oranguru|61\/100\n|move|p2b: Oranguru|Instruct|p2a: Ting-Lu\n|-singleturn|p2a: Ting-Lu|move: Instruct|[of] p2b: Oranguru\n|move|p2a: Ting-Lu|Fissure|p1a: Indeedee|[miss]\n|-miss|p2a: Ting-Lu|p1a: Indeedee\n|move|p2a: Ting-Lu|Stomping Tantrum|p1b: Torkoal\n|-supereffective|p1b: Torkoal\n|-damage|p1b: Torkoal|0 fnt\n|faint|p1b: Torkoal\n|\n|-weather|SunnyDay|[upkeep]\n|-heal|p2a: Ting-Lu|89\/100|[from] item: Leftovers\n|upkeep\n|\n|t:|1681856824\n|switch|p1b: Armarouge|Armarouge, L50, M, shiny, tera:Grass|100\/100\n|turn|3\n|\n|t:|1681856845\n|move|p1a: Indeedee|Follow Me|p1a: Indeedee\n|-singleturn|p1a: Indeedee|move: Follow Me\n|move|p1b: Armarouge|Expanding Force|p2a: Ting-Lu|[spread] p2b\n|-immune|p2a: Ting-Lu\n|-resisted|p2b: Oranguru\n|-damage|p2b: Oranguru|44\/100\n|move|p2a: Ting-Lu|Fissure|p1a: Indeedee|[miss]\n|-miss|p2a: Ting-Lu|p1a: Indeedee\n|move|p2b: Oranguru|Trick Room|p2b: Oranguru\n|-fieldstart|move: Trick Room|[of] p2b: Oranguru\n|\n|-weather|SunnyDay|[upkeep]\n|-heal|p2a: Ting-Lu|95\/100|[from] item: Leftovers\n|upkeep\n|turn|4\n|\n|t:|1681856864\n|move|p1a: Indeedee|Helping Hand|p1b: Armarouge\n|-singleturn|p1b: Armarouge|Helping Hand|[of] p1a: Indeedee\n|move|p2a: Ting-Lu|Stomping Tantrum|p1a: Indeedee\n|-damage|p1a: Indeedee|29\/100\n|move|p2b: Oranguru|Instruct|p2a: Ting-Lu\n|-singleturn|p2a: Ting-Lu|move: Instruct|[of] p2b: Oranguru\n|move|p2a: Ting-Lu|Stomping Tantrum|p1a: Indeedee\n|-damage|p1a: Indeedee|0 fnt\n|faint|p1a: Indeedee\n|move|p1b: Armarouge|Armor Cannon|p2b: Oranguru\n|-damage|p2b: Oranguru|0 fnt\n|-unboost|p1b: Armarouge|def|1\n|-unboost|p1b: Armarouge|spd|1\n|faint|p2b: Oranguru\n|\n|-weather|SunnyDay|[upkeep]\n|-heal|p2a: Ting-Lu|100\/100|[from] item: Leftovers\n|upkeep\n|\n|t:|1681856884\n|switch|p2b: Slowbro|Slowbro, L50, M|100\/100\n|switch|p1a: Kingambit|Kingambit, L50, M, shiny|100\/100\n|turn|5\n|inactive|ptppokeman has 30 seconds left.\n|inactive|ptppokeman has 20 seconds left.\n|\n|t:|1681856920\n|move|p1b: Armarouge|Wide Guard|p1b: Armarouge\n|-singleturn|p1b: Armarouge|Wide Guard\n|move|p2b: Slowbro|Psychic|p1b: Armarouge\n|-damage|p1b: Armarouge|49\/100\n|move|p1a: Kingambit|Kowtow Cleave|p2b: Slowbro\n|-supereffective|p2b: Slowbro\n|-damage|p2b: Slowbro|43\/100\n|move|p2a: Ting-Lu|Fissure|p1a: Kingambit|[miss]\n|-miss|p2a: Ting-Lu|p1a: Kingambit\n|\n|-weather|SunnyDay|[upkeep]\n|-fieldend|move: Psychic Terrain\n|upkeep\n|turn|6\n|\n|t:|1681856944\n|move|p2b: Slowbro|Slack Off|p2b: Slowbro\n|-heal|p2b: Slowbro|93\/100\n|move|p1a: Kingambit|Kowtow Cleave|p2b: Slowbro\n|-supereffective|p2b: Slowbro\n|-damage|p2b: Slowbro|34\/100\n|move|p2a: Ting-Lu|Stomping Tantrum|p1a: Kingambit\n|-supereffective|p1a: Kingambit\n|-damage|p1a: Kingambit|0 fnt\n|faint|p1a: Kingambit\n|move|p1b: Armarouge|Armor Cannon|p2a: Ting-Lu\n|-damage|p2a: Ting-Lu|36\/100\n|-unboost|p1b: Armarouge|def|1\n|-unboost|p1b: Armarouge|spd|1\n|\n|-weather|none\n|-heal|p2a: Ting-Lu|42\/100|[from] item: Leftovers\n|upkeep\n|turn|7\n|\n|t:|1681856967\n|-terastallize|p2a: Ting-Lu|Ice\n|move|p2b: Slowbro|Heal Pulse|p2a: Ting-Lu\n|-heal|p2a: Ting-Lu|92\/100\n|move|p2a: Ting-Lu|Tera Blast|p1b: Armarouge\n|-supereffective|p1b: Armarouge\n|-damage|p1b: Armarouge|0 fnt\n|faint|p1b: Armarouge\n|\n|win|Danie2294\n|raw|ptppokeman's rating: 1000 → 1000<\/strong> (+0 for losing)\n|raw|Danie2294's rating: 1014 → 1050<\/strong> (+36 for winning)\n|l|\u2606ptppokeman\n|l|\u2606Danie2294\n|j|\u2606Danie2294\n|player|p2|Danie2294|veteran\n","uploadtime":1681857028,"views":8,"p1id":"ptppokeman","p2id":"danie2294","formatid":"gen9vgc2023regulationc","rating":1000,"private":0,"password":""}