{"id":"gen9vgc2023regulationc-1858587314","p1":"Lambvgc","p2":"benjc","format":"[Gen 9] VGC 2023 Regulation C","log":"|j|\u2606Lambvgc\n|j|\u2606benjc\n|t:|1683328850\n|gametype|doubles\n|player|p1|Lambvgc|2|1134\n|player|p2|benjc|preschooler|1231\n|teamsize|p1|6\n|teamsize|p2|6\n|gen|9\n|tier|[Gen 9] VGC 2023 Regulation C\n|rated|\n|rule|Species Clause: Limit one of each Pok\u00e9mon\n|rule|Item Clause: Limit one of each item\n|clearpoke\n|poke|p1|Garganacl, L50, M|\n|poke|p1|Talonflame, L50, F|\n|poke|p1|Meowscarada, L50, F|\n|poke|p1|Tauros-Paldea-Aqua, L50, M|\n|poke|p1|Glimmora, L50, F|\n|poke|p1|Sylveon, L50, F|\n|poke|p2|Talonflame, L50, M|\n|poke|p2|Wo-Chien, L50|\n|poke|p2|Iron Bundle, L50|\n|poke|p2|Great Tusk, L50|\n|poke|p2|Flutter Mane, L50|\n|poke|p2|Espathra, L50, M|\n|teampreview|4\n|inactive|Battle timer is ON: inactive players will automatically lose when time's up. (requested by benjc)\n|inactive|Lambvgc has 60 seconds left.\n|inactive|benjc has 60 seconds left.\n|\n|t:|1683328889\n|start\n|switch|p1a: Talonflame|Talonflame, L50, F|100\/100\n|switch|p1b: Meowscarada|Meowscarada, L50, F|100\/100\n|switch|p2a: Espathra|Espathra, L50, M|100\/100\n|switch|p2b: Iron Bundle|Iron Bundle, L50|100\/100\n|-enditem|p2b: Iron Bundle|Booster Energy\n|-activate|p2b: Iron Bundle|ability: Quark Drive|[fromitem]\n|-start|p2b: Iron Bundle|quarkdrivespe\n|turn|1\n|inactive|Lambvgc has 30 seconds left.\n|inactive|benjc has 30 seconds left.\n|\n|t:|1683328920\n|switch|p2a: Wo-Chien|Wo-Chien, L50|100\/100\n|-ability|p2a: Wo-Chien|Tablets of Ruin\n|move|p2b: Iron Bundle|Protect|p2b: Iron Bundle\n|-singleturn|p2b: Iron Bundle|Protect\n|move|p1a: Talonflame|Tailwind|p1a: Talonflame\n|-sidestart|p1: Lambvgc|move: Tailwind\n|move|p1b: Meowscarada|Knock Off|p2a: Wo-Chien\n|-start|p1b: Meowscarada|typechange|Dark|[from] ability: Protean\n|-resisted|p2a: Wo-Chien\n|-damage|p2a: Wo-Chien|81\/100\n|-enditem|p2a: Wo-Chien|Leftovers|[from] move: Knock Off|[of] p1b: Meowscarada\n|-damage|p1b: Meowscarada|91\/100|[from] item: Life Orb\n|\n|upkeep\n|turn|2\n|inactive|benjc has 30 seconds left.\n|inactive|benjc has 20 seconds left.\n|inactive|benjc has 15 seconds left.\n|inactive|benjc has 10 seconds left.\n|\n|t:|1683328966\n|move|p2a: Wo-Chien|Protect|p2a: Wo-Chien\n|-singleturn|p2a: Wo-Chien|Protect\n|move|p1a: Talonflame|Taunt|p2a: Wo-Chien\n|-activate|p2a: Wo-Chien|move: Protect\n|move|p1b: Meowscarada|Flower Trick|p2b: Iron Bundle\n|-supereffective|p2b: Iron Bundle\n|-crit|p2b: Iron Bundle\n|-damage|p2b: Iron Bundle|24\/100\n|-damage|p1b: Meowscarada|81\/100|[from] item: Life Orb\n|move|p2b: Iron Bundle|Hydro Pump|p1a: Talonflame\n|-supereffective|p1a: Talonflame\n|-damage|p1a: Talonflame|0 fnt\n|faint|p1a: Talonflame\n|\n|upkeep\n|\n|t:|1683328984\n|switch|p1a: Garganacl|Garganacl, L50, M, shiny|100\/100\n|turn|3\n|\n|t:|1683328998\n|-end|p2b: Iron Bundle|Quark Drive|[silent]\n|switch|p2b: Espathra|Espathra, L50, M|100\/100\n|-terastallize|p1a: Garganacl|Bug\n|move|p1b: Meowscarada|Sucker Punch||[still]\n|-fail|p1b: Meowscarada\n|move|p1a: Garganacl|Salt Cure|p2a: Wo-Chien\n|-damage|p2a: Wo-Chien|71\/100\n|-start|p2a: Wo-Chien|Salt Cure\n|move|p2a: Wo-Chien|Growth|p2a: Wo-Chien\n|-boost|p2a: Wo-Chien|atk|1\n|-boost|p2a: Wo-Chien|spa|1\n|\n|-damage|p2a: Wo-Chien|59\/100|[from] Salt Cure\n|upkeep\n|turn|4\n|inactive|Lambvgc has 30 seconds left.\n|inactive|benjc has 30 seconds left.\n|inactive|Lambvgc has 20 seconds left.\n|\n|t:|1683329037\n|switch|p1a: Tauros|Tauros-Paldea-Aqua, L50, M|100\/100\n|-ability|p1a: Tauros|Intimidate|boost\n|-unboost|p2a: Wo-Chien|atk|1\n|-unboost|p2b: Espathra|atk|1\n|move|p2b: Espathra|Protect|p2b: Espathra\n|-singleturn|p2b: Espathra|Protect\n|move|p1b: Meowscarada|Knock Off|p2b: Espathra\n|-activate|p2b: Espathra|move: Protect\n|move|p2a: Wo-Chien|Giga Drain|p1b: Meowscarada\n|-damage|p1b: Meowscarada|9\/100\n|-heal|p2a: Wo-Chien|87\/100|[from] drain|[of] p1b: Meowscarada\n|\n|-damage|p2a: Wo-Chien|74\/100|[from] Salt Cure\n|-sideend|p1: Lambvgc|move: Tailwind\n|-ability|p2b: Espathra|Speed Boost|boost\n|-boost|p2b: Espathra|spe|1\n|-enditem|p1a: Tauros|Mirror Herb\n|-boost|p1a: Tauros|spe|1|[from] item: Mirror Herb\n|upkeep\n|turn|5\n|\n|t:|1683329060\n|-terastallize|p2a: Wo-Chien|Poison\n|move|p1b: Meowscarada|Sucker Punch|p2b: Espathra\n|-supereffective|p2b: Espathra\n|-damage|p2b: Espathra|0 fnt\n|faint|p2b: Espathra\n|-damage|p1b: Meowscarada|0 fnt|[from] item: Life Orb\n|faint|p1b: Meowscarada\n|move|p1a: Tauros|Close Combat|p2a: Wo-Chien\n|-resisted|p2a: Wo-Chien\n|-damage|p2a: Wo-Chien|57\/100\n|-unboost|p1a: Tauros|def|1\n|-unboost|p1a: Tauros|spd|1\n|move|p2a: Wo-Chien|Giga Drain|p1a: Tauros\n|-supereffective|p1a: Tauros\n|-damage|p1a: Tauros|0 fnt\n|-heal|p2a: Wo-Chien|100\/100|[from] drain|[of] p1a: Tauros\n|faint|p1a: Tauros\n|\n|-damage|p2a: Wo-Chien|88\/100|[from] Salt Cure\n|upkeep\n|\n|t:|1683329078\n|switch|p1b: Garganacl|Garganacl, L50, M, shiny, tera:Bug|100\/100\n|switch|p2b: Iron Bundle|Iron Bundle, L50|24\/100\n|turn|6\n|\n|t:|1683329089\n|move|p2b: Iron Bundle|Protect|p2b: Iron Bundle\n|-singleturn|p2b: Iron Bundle|Protect\n|move|p2a: Wo-Chien|Growth|p2a: Wo-Chien\n|-boost|p2a: Wo-Chien|atk|1\n|-boost|p2a: Wo-Chien|spa|1\n|move|p1b: Garganacl|Salt Cure|p2b: Iron Bundle\n|-activate|p2b: Iron Bundle|move: Protect\n|\n|-damage|p2a: Wo-Chien|75\/100|[from] Salt Cure\n|upkeep\n|turn|7\n|\n|t:|1683329104\n|move|p2b: Iron Bundle|Hydro Pump|p1b: Garganacl\n|-damage|p1b: Garganacl|55\/100\n|move|p2a: Wo-Chien|Giga Drain|p1b: Garganacl\n|-resisted|p1b: Garganacl\n|-damage|p1b: Garganacl|33\/100\n|-heal|p2a: Wo-Chien|87\/100|[from] drain|[of] p1b: Garganacl\n|move|p1b: Garganacl|Salt Cure|p2b: Iron Bundle\n|-supereffective|p2b: Iron Bundle\n|-damage|p2b: Iron Bundle|0 fnt\n|faint|p2b: Iron Bundle\n|-end|p2b: Iron Bundle|Quark Drive|[silent]\n|\n|-heal|p1b: Garganacl|39\/100|[from] item: Leftovers\n|-damage|p2a: Wo-Chien|75\/100|[from] Salt Cure\n|upkeep\n|\n|t:|1683329110\n|switch|p2b: Flutter Mane|Flutter Mane, L50|100\/100\n|turn|8\n|-message|Lambvgc forfeited.\n|\n|win|benjc\n|raw|Lambvgc's rating: 1134 → 1116<\/strong> (-18 for losing)\n|raw|benjc's rating: 1231 → 1249<\/strong> (+18 for winning)\n|l|\u2606Lambvgc\n","uploadtime":1683329122,"views":5,"p1id":"lambvgc","p2id":"benjc","formatid":"gen9vgc2023regulationc","rating":1116,"private":0,"password":""}