{"id":"gen9vgc2023regulationc-1863979607","p1":"CbuttyVGC","p2":"tdavid6","format":"[Gen 9] VGC 2023 Regulation C","log":"|j|\u2606CbuttyVGC\n|j|\u2606tdavid6\n|t:|1684100728\n|gametype|doubles\n|player|p1|CbuttyVGC|acetrainer-gen4dp|1147\n|player|p2|tdavid6|266|1182\n|teamsize|p1|6\n|teamsize|p2|6\n|gen|9\n|tier|[Gen 9] VGC 2023 Regulation C\n|rated|\n|rule|Species Clause: Limit one of each Pok\u00e9mon\n|rule|Item Clause: Limit one of each item\n|clearpoke\n|poke|p1|Klefki, L50, F|\n|poke|p1|Skeledirge, L50, F|\n|poke|p1|Glimmora, L50, F|\n|poke|p1|Wo-Chien, L50|\n|poke|p1|Gyarados, L50, M|\n|poke|p1|Gholdengo, L50|\n|poke|p2|Volcarona, L50, F|\n|poke|p2|Grimmsnarl, L50, M|\n|poke|p2|Rotom-Wash, L50|\n|poke|p2|Wo-Chien, L50|\n|poke|p2|Scizor, L50, M|\n|poke|p2|Pelipper, L50, M|\n|teampreview|4\n|inactive|Battle timer is ON: inactive players will automatically lose when time's up. (requested by CbuttyVGC)\n|\n|t:|1684100754\n|start\n|switch|p1a: Skeledirge|Skeledirge, L50, F|100\/100\n|switch|p1b: Glimmora|Glimmora, L50, F|100\/100\n|switch|p2a: Rotom|Rotom-Wash, L50|100\/100\n|switch|p2b: Grimmsnarl|Grimmsnarl, L50, M|100\/100\n|turn|1\n|\n|t:|1684100773\n|move|p1a: Skeledirge|Protect|p1a: Skeledirge\n|-singleturn|p1a: Skeledirge|Protect\n|move|p2b: Grimmsnarl|Fake Out|p1b: Glimmora\n|-resisted|p1b: Glimmora\n|-damage|p1b: Glimmora|95\/100\n|cant|p1b: Glimmora|flinch\n|move|p2a: Rotom|Shadow Ball|p1a: Skeledirge\n|-activate|p1a: Skeledirge|move: Protect\n|\n|upkeep\n|turn|2\n|inactive|tdavid6 has 30 seconds left.\n|\n|t:|1684100805\n|move|p2b: Grimmsnarl|Fake Tears|p1a: Skeledirge\n|-unboost|p1a: Skeledirge|spd|2\n|move|p1b: Glimmora|Mortal Spin|p2b: Grimmsnarl|[spread] p2a,p2b\n|-supereffective|p2b: Grimmsnarl\n|-damage|p2a: Rotom|96\/100\n|-damage|p2b: Grimmsnarl|92\/100\n|-status|p2a: Rotom|psn\n|move|p2a: Rotom|Shadow Ball|p1a: Skeledirge\n|-supereffective|p1a: Skeledirge\n|-damage|p1a: Skeledirge|8\/100\n|move|p1a: Skeledirge|Torch Song|p2b: Grimmsnarl\n|-damage|p2b: Grimmsnarl|53\/100\n|-boost|p1a: Skeledirge|spa|1\n|\n|-heal|p1a: Skeledirge|14\/100|[from] item: Leftovers\n|-damage|p2a: Rotom|84\/100 psn|[from] psn\n|upkeep\n|turn|3\n|c|\u2606CbuttyVGC|What the fuck\n|inactive|CbuttyVGC has 30 seconds left.\n|inactive|tdavid6 has 30 seconds left.\n|\n|t:|1684100835\n|switch|p1a: Gholdengo|Gholdengo, L50|100\/100\n|move|p2b: Grimmsnarl|Fake Tears|p1b: Glimmora\n|-unboost|p1b: Glimmora|spd|2\n|move|p1b: Glimmora|Venoshock|p2a: Rotom\n|-damage|p2a: Rotom|37\/100 psn\n|move|p2a: Rotom|Hydro Pump|p1b: Glimmora\n|-supereffective|p1b: Glimmora\n|-damage|p1b: Glimmora|0 fnt\n|faint|p1b: Glimmora\n|\n|-damage|p2a: Rotom|25\/100 psn|[from] psn\n|upkeep\n|\n|t:|1684100845\n|switch|p1b: Gyarados|Gyarados, L50, M|100\/100\n|-ability|p1b: Gyarados|Intimidate|boost\n|-unboost|p2a: Rotom|atk|1\n|-unboost|p2b: Grimmsnarl|atk|1\n|turn|4\n|inactive|tdavid6 has 30 seconds left.\n|\n|t:|1684100879\n|-terastallize|p2a: Rotom|Steel\n|move|p2b: Grimmsnarl|Reflect|p2b: Grimmsnarl\n|-sidestart|p2: tdavid6|Reflect\n|move|p1a: Gholdengo|Nasty Plot|p1a: Gholdengo\n|-boost|p1a: Gholdengo|spa|2\n|move|p1b: Gyarados|Taunt|p2b: Grimmsnarl\n|-start|p2b: Grimmsnarl|move: Taunt\n|move|p2a: Rotom|Volt Switch|p1b: Gyarados\n|-supereffective|p1b: Gyarados\n|-damage|p1b: Gyarados|0 fnt\n|faint|p1b: Gyarados\n|\n|t:|1684100892\n|switch|p2a: Volcarona|Volcarona, L50, F, shiny|100\/100|[from] Volt Switch\n|\n|upkeep\n|\n|t:|1684100894\n|switch|p1b: Skeledirge|Skeledirge, L50, F|14\/100\n|turn|5\n|\n|t:|1684100909\n|-terastallize|p1a: Gholdengo|Water\n|move|p2a: Volcarona|Heat Wave|p1b: Skeledirge|[spread] p1a,p1b\n|-resisted|p1a: Gholdengo\n|-resisted|p1b: Skeledirge\n|-damage|p1a: Gholdengo|80\/100\n|-damage|p1b: Skeledirge|0 fnt\n|faint|p1b: Skeledirge\n|move|p1a: Gholdengo|Nasty Plot|p1a: Gholdengo\n|-boost|p1a: Gholdengo|spa|2\n|move|p2b: Grimmsnarl|Spirit Break|p1a: Gholdengo\n|-damage|p1a: Gholdengo|62\/100\n|-unboost|p1a: Gholdengo|spa|1\n|\n|upkeep\n|turn|6\n|\n|t:|1684100932\n|move|p2a: Volcarona|Giga Drain|p1a: Gholdengo\n|-supereffective|p1a: Gholdengo\n|-damage|p1a: Gholdengo|1\/100\n|move|p1a: Gholdengo|Shadow Ball|p2a: Volcarona\n|-damage|p2a: Volcarona|0 fnt\n|faint|p2a: Volcarona\n|-damage|p1a: Gholdengo|0 fnt|[from] item: Life Orb\n|faint|p1a: Gholdengo\n|\n|win|tdavid6\n|raw|CbuttyVGC's rating: 1147 → 1125<\/strong> (-22 for losing)\n|raw|tdavid6's rating: 1182 → 1204<\/strong> (+22 for winning)\n","uploadtime":1684100939,"views":11,"p1id":"cbuttyvgc","p2id":"tdavid6","formatid":"gen9vgc2023regulationc","rating":1125,"private":0,"password":""}