{"id":"gen9vgc2023regulationc-1856230134","p1":"Hadrian1917","p2":"hit my whip","format":"[Gen 9] VGC 2023 Regulation C","log":"|j|\u2606Hadrian1917\n|j|\u2606hit my whip\n|t:|1683042847\n|gametype|doubles\n|player|p1|Hadrian1917|brock|1148\n|player|p2|hit my whip|acetrainerf-gen4dp|1237\n|teamsize|p1|6\n|teamsize|p2|6\n|gen|9\n|tier|[Gen 9] VGC 2023 Regulation C\n|rated|\n|rule|Species Clause: Limit one of each Pok\u00e9mon\n|rule|Item Clause: Limit one of each item\n|clearpoke\n|poke|p1|Flutter Mane, L50|\n|poke|p1|Chi-Yu, L50|\n|poke|p1|Iron Hands, L50|\n|poke|p1|Ting-Lu, L50|\n|poke|p1|Gyarados, L50, M|\n|poke|p1|Amoonguss, L50, M|\n|poke|p2|Pincurchin, L50, M|\n|poke|p2|Iron Jugulis, L50|\n|poke|p2|Iron Valiant, L50|\n|poke|p2|Gastrodon, L50, F|\n|poke|p2|Iron Hands, L50|\n|poke|p2|Flutter Mane, L50|\n|teampreview|4\n|inactive|Battle timer is ON: inactive players will automatically lose when time's up. (requested by hit my whip)\n|inactive|Hadrian1917 also wants the timer to be on.\nHadrian1917 has agreed to open team sheets.\n|inactive|Hadrian1917 has 60 seconds left.\n|inactive|Hadrian1917 has 30 seconds left.\n|inactive|Hadrian1917 has 20 seconds left.\n|inactive|Hadrian1917 has 15 seconds left.\n|inactive|Hadrian1917 has 10 seconds left.\n|\n|t:|1683042933\n|start\n|switch|p1a: Ting-Lu|Ting-Lu, L50|100\/100\n|switch|p1b: Iron Hands|Iron Hands, L50|100\/100\n|switch|p2a: Big Iron|Iron Hands, L50|100\/100\n|switch|p2b: Flutter Mane|Flutter Mane, L50|100\/100\n|-ability|p1a: Ting-Lu|Vessel of Ruin\n|-enditem|p2b: Flutter Mane|Booster Energy\n|-activate|p2b: Flutter Mane|ability: Protosynthesis|[fromitem]\n|-start|p2b: Flutter Mane|protosynthesisspe\n|turn|1\n|\n|t:|1683042955\n|move|p1b: Iron Hands|Fake Out|p2a: Big Iron\n|-damage|p2a: Big Iron|91\/100\n|cant|p2a: Big Iron|flinch\n|move|p2b: Flutter Mane|Moonblast|p1b: Iron Hands\n|-supereffective|p1b: Iron Hands\n|-damage|p1b: Iron Hands|58\/100\n|move|p1a: Ting-Lu|Heavy Slam|p2b: Flutter Mane\n|-supereffective|p2b: Flutter Mane\n|-damage|p2b: Flutter Mane|0 fnt\n|faint|p2b: Flutter Mane\n|-end|p2b: Flutter Mane|Protosynthesis|[silent]\n|\n|upkeep\n|\n|t:|1683042961\n|switch|p2b: Iron Valiant|Iron Valiant, L50|100\/100\n|turn|2\n|inactive|Hadrian1917 has 30 seconds left.\n|inactive|Hadrian1917 has 20 seconds left.\n|inactive|Hadrian1917 has 15 seconds left.\n|inactive|Hadrian1917 has 10 seconds left.\n|\n|t:|1683043012\n|-end|p2a: Big Iron|Quark Drive|[silent]\n|switch|p2a: him|Pincurchin, L50, M|100\/100\n|-fieldstart|move: Electric Terrain|[from] ability: Electric Surge|[of] p2a: him\n|-activate|p2b: Iron Valiant|ability: Quark Drive\n|-start|p2b: Iron Valiant|quarkdriveatk\n|-activate|p1b: Iron Hands|ability: Quark Drive\n|-start|p1b: Iron Hands|quarkdriveatk\n|-terastallize|p1a: Ting-Lu|Water\n|move|p2b: Iron Valiant|Spirit Break|p1b: Iron Hands\n|-supereffective|p1b: Iron Hands\n|-damage|p1b: Iron Hands|0 fnt\n|faint|p1b: Iron Hands\n|-end|p1b: Iron Hands|Quark Drive|[silent]\n|move|p1a: Ting-Lu|Heavy Slam|p2b: Iron Valiant\n|-supereffective|p2b: Iron Valiant\n|-damage|p2b: Iron Valiant|15\/100\n|\n|upkeep\n|inactive|Hadrian1917 has 30 seconds left.\n|\n|t:|1683043040\n|switch|p1b: Amoonguss|Amoonguss, L50, M|100\/100\n|turn|3\n|\n|t:|1683043050\n|move|p1b: Amoonguss|Rage Powder|p1b: Amoonguss\n|-singleturn|p1b: Amoonguss|move: Rage Powder\n|move|p2b: Iron Valiant|Close Combat|p1b: Amoonguss\n|-resisted|p1b: Amoonguss\n|-damage|p1b: Amoonguss|65\/100\n|-unboost|p2b: Iron Valiant|def|1\n|-unboost|p2b: Iron Valiant|spd|1\n|move|p1a: Ting-Lu|Stomping Tantrum|p2a: him\n|-supereffective|p2a: him\n|-damage|p2a: him|23\/100\n|move|p2a: him|Wild Charge|p1b: Amoonguss\n|-resisted|p1b: Amoonguss\n|-damage|p1b: Amoonguss|40\/100\n|-enditem|p1b: Amoonguss|Sitrus Berry|[eat]\n|-heal|p1b: Amoonguss|65\/100|[from] item: Sitrus Berry\n|-damage|p2a: him|14\/100|[from] Recoil\n|\n|upkeep\n|turn|4\n|\n|t:|1683043067\n|move|p1b: Amoonguss|Rage Powder|p1b: Amoonguss\n|-singleturn|p1b: Amoonguss|move: Rage Powder\n|move|p2b: Iron Valiant|Close Combat|p1b: Amoonguss\n|-resisted|p1b: Amoonguss\n|-damage|p1b: Amoonguss|24\/100\n|-unboost|p2b: Iron Valiant|def|1\n|-unboost|p2b: Iron Valiant|spd|1\n|move|p1a: Ting-Lu|Stomping Tantrum|p2b: Iron Valiant\n|-damage|p2b: Iron Valiant|0 fnt\n|faint|p2b: Iron Valiant\n|-end|p2b: Iron Valiant|Quark Drive|[silent]\n|move|p2a: him|Wild Charge|p1b: Amoonguss\n|-resisted|p1b: Amoonguss\n|-damage|p1b: Amoonguss|0 fnt\n|faint|p1b: Amoonguss\n|-damage|p2a: him|6\/100|[from] Recoil\n|\n|upkeep\n|\n|t:|1683043081\n|switch|p2b: Big Iron|Iron Hands, L50|91\/100\n|switch|p1b: Flutter Mane|Flutter Mane, L50|100\/100\n|-activate|p2b: Big Iron|ability: Quark Drive\n|-start|p2b: Big Iron|quarkdriveatk\n|-enditem|p1b: Flutter Mane|Booster Energy\n|-activate|p1b: Flutter Mane|ability: Protosynthesis|[fromitem]\n|-start|p1b: Flutter Mane|protosynthesisspa\n|turn|5\n|\n|t:|1683043097\n|-terastallize|p2b: Big Iron|Grass\n|move|p1b: Flutter Mane|Moonblast|p2b: Big Iron\n|-damage|p2b: Big Iron|64\/100\n|move|p1a: Ting-Lu|Stomping Tantrum|p2a: him\n|-supereffective|p2a: him\n|-damage|p2a: him|0 fnt\n|faint|p2a: him\n|move|p2b: Big Iron|Wild Charge|p1b: Flutter Mane\n|-damage|p1b: Flutter Mane|0 fnt\n|faint|p1b: Flutter Mane\n|-end|p1b: Flutter Mane|Protosynthesis|[silent]\n|-damage|p2b: Big Iron|50\/100|[from] Recoil\n|\n|upkeep\n|turn|6\n|\n|t:|1683043122\n|move|p1a: Ting-Lu|Heavy Slam|p2b: Big Iron\n|-damage|p2b: Big Iron|42\/100\n|move|p2b: Big Iron|Drain Punch|p1a: Ting-Lu\n|-damage|p1a: Ting-Lu|72\/100\n|-heal|p2b: Big Iron|57\/100|[from] drain|[of] p1a: Ting-Lu\n|\n|-heal|p1a: Ting-Lu|77\/100|[from] item: Leftovers\n|upkeep\n|turn|7\n|\n|t:|1683043128\n|move|p1a: Ting-Lu|Ruination|p2b: Big Iron\n|-damage|p2b: Big Iron|29\/100\n|move|p2b: Big Iron|Wild Charge|p1a: Ting-Lu\n|-supereffective|p1a: Ting-Lu\n|-damage|p1a: Ting-Lu|0 fnt\n|faint|p1a: Ting-Lu\n|-damage|p2b: Big Iron|10\/100|[from] Recoil\n|\n|win|hit my whip\n|raw|Hadrian1917's rating: 1148 → 1129<\/strong> (-19 for losing)\n|raw|hit my whip's rating: 1237 → 1256<\/strong> (+19 for winning)\n","uploadtime":1683043140,"views":10,"p1id":"hadrian1917","p2id":"hitmywhip","formatid":"gen9vgc2023regulationc","rating":1129,"private":0,"password":""}