{"id":"gen9vgc2023regulationc-1859161945","p1":"Tempest brute","p2":"Mepe Murp","format":"[Gen 9] VGC 2023 Regulation C","log":"|j|\u2606Tempest brute\n|j|\u2606Mepe Murp\n|t:|1683412029\n|gametype|doubles\n|player|p1|Tempest brute|veteran|\n|player|p2|Mepe Murp|preschooler|\n|teamsize|p1|5\n|teamsize|p2|6\n|gen|9\n|tier|[Gen 9] VGC 2023 Regulation C\n|rated|Tournament battle\n|rule|Species Clause: Limit one of each Pok\u00e9mon\n|rule|Item Clause: Limit one of each item\n|clearpoke\n|poke|p1|Ting-Lu, L50|\n|poke|p1|Roaring Moon, L50|\n|poke|p1|Klefki, L50, M|\n|poke|p1|Skeledirge, L50, F|\n|poke|p1|Amoonguss, L50, F|\n|poke|p2|Armarouge, L50, M|\n|poke|p2|Indeedee-F, L50, F|\n|poke|p2|Kingambit, L50, F|\n|poke|p2|Annihilape, L50, M|\n|poke|p2|Slowking, L50, M|\n|poke|p2|Iron Hands, L50|\n|teampreview|4\n|raw| Open Team Sheet for Tempest brute<\/summary>Ting-Lu @ Leftovers Ability: Vessel of Ruin Level: 50 Tera Type: Water - Body Press - Throat Chop - Whirlwind - Protect Roaring Moon @ Booster Energy Ability: Protosynthesis Level: 50 Tera Type: Flying - Substitute - Acrobatics - Jaw Lock - Protect Klefki @ Light Clay Ability: Prankster Level: 50 Tera Type: Water - Reflect - Light Screen - Thunder Wave - Dazzling Gleam Skeledirge @ Sitrus Berry Ability: Unaware Level: 50 Tera Type: Fairy - Will-O-Wisp - Torch Song - Shadow Ball - Slack Off Amoonguss @ Wiki Berry Ability: Regenerator Level: 50 Tera Type: Water - Rage Powder - Spore - Pollen Puff - Protect <\/details><\/div> Open Team Sheet for Mepe Murp<\/summary>Armarouge @ Life Orb Ability: Flash Fire Level: 50 Tera Type: Grass - Armor Cannon - Expanding Force - Trick Room - Protect Indeedee (Indeedee-F) (F) @ Psychic Seed Ability: Psychic Surge Level: 50 Tera Type: Fairy - Psychic - Follow Me - Trick Room - Protect Kingambit @ Lum Berry Ability: Defiant Level: 50 Tera Type: Flying - Kowtow Cleave - Iron Head - Tera Blast - Protect Annihilape @ Choice Scarf Ability: Defiant Level: 50 Tera Type: Fighting - Final Gambit - Rage Fist - Close Combat - U-turn Slowking @ Covert Cloak Ability: Regenerator Level: 50 Tera Type: Dragon - Trick Room - Hydro Pump - Heal Pulse - Protect Iron Hands @ Assault Vest Ability: Quark Drive Level: 50 Tera Type: Grass - Fake Out - Wild Charge - Close Combat - Volt Switch <\/details><\/div>\n|j| WeirdPolyCouple\n|j|%Borghi\n|j| Boobicus\n|j| Guildmaster Wiggly\n|\n|t:|1683412076\n|start\n|switch|p1a: Klefki|Klefki, L50, M|100\/100\n|switch|p1b: Skeledirge|Skeledirge, L50, F|100\/100\n|switch|p2a: Indeedee|Indeedee-F, L50, F|100\/100\n|switch|p2b: Annihilape|Annihilape, L50, M|100\/100\n|-fieldstart|move: Psychic Terrain|[from] ability: Psychic Surge|[of] p2a: Indeedee\n|-enditem|p2a: Indeedee|Psychic Seed\n|-boost|p2a: Indeedee|spd|1|[from] item: Psychic Seed\n|turn|1\n|\n|t:|1683412092\n|move|p1a: Klefki|Reflect|p1a: Klefki\n|-sidestart|p1: Tempest brute|Reflect\n|move|p2b: Annihilape|U-turn|p1a: Klefki\n|-resisted|p1a: Klefki\n|-damage|p1a: Klefki|97\/100\n|\n|t:|1683412095\n|switch|p2b: Armarouge|Armarouge, L50, M|100\/100|[from] U-turn\n|move|p1b: Skeledirge|Torch Song|p2a: Indeedee\n|-damage|p2a: Indeedee|73\/100\n|-boost|p1b: Skeledirge|spa|1\n|move|p2a: Indeedee|Psychic|p1b: Skeledirge\n|-damage|p1b: Skeledirge|67\/100\n|\n|upkeep\n|turn|2\n|\n|t:|1683412106\n|move|p1a: Klefki|Light Screen|p1a: Klefki\n|-sidestart|p1: Tempest brute|move: Light Screen\n|move|p1b: Skeledirge|Slack Off|p1b: Skeledirge\n|-heal|p1b: Skeledirge|100\/100\n|move|p2b: Armarouge|Armor Cannon|p1a: Klefki\n|-supereffective|p1a: Klefki\n|-damage|p1a: Klefki|0 fnt\n|-unboost|p2b: Armarouge|def|1\n|-unboost|p2b: Armarouge|spd|1\n|faint|p1a: Klefki\n|-damage|p2b: Armarouge|91\/100|[from] item: Life Orb\n|move|p2a: Indeedee|Trick Room|p2a: Indeedee\n|-fieldstart|move: Trick Room|[of] p2a: Indeedee\n|\n|upkeep\n|\n|t:|1683412117\n|switch|p1a: Roaring Moon|Roaring Moon, L50|100\/100\n|-enditem|p1a: Roaring Moon|Booster Energy\n|-activate|p1a: Roaring Moon|ability: Protosynthesis|[fromitem]\n|-start|p1a: Roaring Moon|protosynthesisspe\n|turn|3\n|\n|t:|1683412130\n|switch|p2b: Annihilape|Annihilape, L50, M|100\/100\n|switch|p1b: Ting-Lu|Ting-Lu, L50|100\/100\n|-ability|p1b: Ting-Lu|Vessel of Ruin\n|move|p2a: Indeedee|Protect|p2a: Indeedee\n|-singleturn|p2a: Indeedee|Protect\n|move|p1a: Roaring Moon|Substitute|p1a: Roaring Moon\n|-start|p1a: Roaring Moon|Substitute\n|-damage|p1a: Roaring Moon|75\/100\n|\n|upkeep\n|turn|4\n|\n|t:|1683412167\n|-terastallize|p2b: Annihilape|Fighting\n|move|p2a: Indeedee|Follow Me|p2a: Indeedee\n|-singleturn|p2a: Indeedee|move: Follow Me\n|move|p1b: Ting-Lu|Throat Chop|p2a: Indeedee\n|-supereffective|p2a: Indeedee\n|-crit|p2a: Indeedee\n|-damage|p2a: Indeedee|0 fnt\n|faint|p2a: Indeedee\n|move|p2b: Annihilape|Close Combat|p1b: Ting-Lu\n|-supereffective|p1b: Ting-Lu\n|-damage|p1b: Ting-Lu|60\/100\n|-unboost|p2b: Annihilape|def|1\n|-unboost|p2b: Annihilape|spd|1\n|move|p1a: Roaring Moon|Jaw Lock|p2b: Annihilape\n|-resisted|p2b: Annihilape\n|-damage|p2b: Annihilape|71\/100\n|-activate|p1a: Roaring Moon|trapped\n|-activate|p2b: Annihilape|trapped\n|\n|-heal|p1b: Ting-Lu|66\/100|[from] item: Leftovers\n|upkeep\n|\n|t:|1683412174\n|switch|p2a: Iron Hands|Iron Hands, L50|100\/100\n|turn|5\n|\n|t:|1683412187\n|switch|p1b: Skeledirge|Skeledirge, L50, F|100\/100\n|move|p1a: Roaring Moon|Protect|p1a: Roaring Moon\n|-singleturn|p1a: Roaring Moon|Protect\n|move|p2a: Iron Hands|Close Combat|p1a: Roaring Moon\n|-activate|p1a: Roaring Moon|move: Protect\n|move|p2b: Annihilape|Close Combat|p1a: Roaring Moon\n|-activate|p1a: Roaring Moon|move: Protect\n|\n|-fieldend|move: Psychic Terrain\n|upkeep\n|turn|6\n|\n|t:|1683412201\n|-terastallize|p1a: Roaring Moon|Flying\n|move|p2a: Iron Hands|Close Combat|p1a: Roaring Moon\n|-resisted|p1a: Roaring Moon\n|-activate|p1a: Roaring Moon|move: Substitute|[damage]\n|-unboost|p2a: Iron Hands|def|1\n|-unboost|p2a: Iron Hands|spd|1\n|move|p1b: Skeledirge|Will-O-Wisp|p2a: Iron Hands\n|-status|p2a: Iron Hands|brn\n|move|p2b: Annihilape|Close Combat|p1a: Roaring Moon\n|-resisted|p1a: Roaring Moon\n|-end|p1a: Roaring Moon|Substitute\n|-unboost|p2b: Annihilape|def|1\n|-unboost|p2b: Annihilape|spd|1\n|move|p1a: Roaring Moon|Acrobatics|p2b: Annihilape\n|-supereffective|p2b: Annihilape\n|-crit|p2b: Annihilape\n|-damage|p2b: Annihilape|0 fnt\n|faint|p2b: Annihilape\n|\n|-damage|p2a: Iron Hands|94\/100 brn|[from] brn\n|-fieldend|move: Trick Room\n|upkeep\n|\n|t:|1683412204\n|switch|p2b: Armarouge|Armarouge, L50, M|91\/100\n|turn|7\n|\n|t:|1683412215\n|move|p1a: Roaring Moon|Jaw Lock|p2b: Armarouge\n|-supereffective|p2b: Armarouge\n|-damage|p2b: Armarouge|25\/100\n|-activate|p1a: Roaring Moon|trapped\n|-activate|p2b: Armarouge|trapped\n|move|p1b: Skeledirge|Shadow Ball|p2b: Armarouge\n|-supereffective|p2b: Armarouge\n|-damage|p2b: Armarouge|0 fnt\n|faint|p2b: Armarouge\n|move|p2a: Iron Hands|Wild Charge|p1a: Roaring Moon\n|-supereffective|p1a: Roaring Moon\n|-damage|p1a: Roaring Moon|41\/100\n|-damage|p2a: Iron Hands|87\/100 brn|[from] Recoil\n|\n|-damage|p2a: Iron Hands|80\/100 brn|[from] brn\n|upkeep\n|turn|8\n|-message|Mepe Murp forfeited.\n|\n|win|Tempest brute\n|n|\u2606Tempest brute|tempestbrute\n|n|\u2606Mepe Murp|mepemurp\n|n| WeirdPolyCouple|weirdpolycouple\n|n| Borghi|borghi\n|n| Boobicus|boobicus\n|n| Guildmaster Wiggly|guildmasterwiggly\n","uploadtime":1683412224,"views":7,"p1id":"tempestbrute","p2id":"mepemurp","formatid":"gen9vgc2023regulationc","rating":0,"private":0,"password":""}