{"id":"gen9vgc2023regulationc-1859111359","p1":"trick room meta","p2":"NillyTheKid","format":"[Gen 9] VGC 2023 Regulation C","log":"|j|\u2606trick room meta\n|j|\u2606NillyTheKid\n|t:|1683405780\n|gametype|doubles\n|player|p1|trick room meta|170|1215\n|player|p2|NillyTheKid|hiker-gen4|1178\n|teamsize|p1|6\n|teamsize|p2|6\n|gen|9\n|tier|[Gen 9] VGC 2023 Regulation C\n|rated|\n|rule|Species Clause: Limit one of each Pok\u00e9mon\n|rule|Item Clause: Limit one of each item\n|clearpoke\n|poke|p1|Ceruledge, L50, M|\n|poke|p1|Maushold, L50|\n|poke|p1|Gyarados, L50, F|\n|poke|p1|Tsareena, L50, F|\n|poke|p1|Flutter Mane, L50|\n|poke|p1|Dragonite, L50, M|\n|poke|p2|Palafin, L50, M|\n|poke|p2|Arcanine, L50, F|\n|poke|p2|Amoonguss, L50, F|\n|poke|p2|Ting-Lu, L50|\n|poke|p2|Baxcalibur, L50, M|\n|poke|p2|Flutter Mane, L50|\n|teampreview|4\n|inactive|Battle timer is ON: inactive players will automatically lose when time's up. (requested by NillyTheKid)\nNillyTheKid has agreed to open team sheets.\n|inactive|NillyTheKid has 60 seconds left.\n|inactive|trick room meta has 60 seconds left.\n|\n|t:|1683405852\n|start\n|switch|p1a: Ceruledge|Ceruledge, L50, M|100\/100\n|switch|p1b: Maushold|Maushold, L50|100\/100\n|switch|p2a: Flutter Mane|Flutter Mane, L50|100\/100\n|switch|p2b: Palafriend|Palafin, L50, M|100\/100\n|turn|1\n|inactive|trick room meta has 30 seconds left.\n|inactive|NillyTheKid has 30 seconds left.\n|\n|t:|1683405885\n|detailschange|p2b: Palafriend|Palafin-Hero, L50, M\n|switch|p2b: Amoonguss|Amoonguss, L50, F|100\/100\n|move|p1b: Maushold|Protect|p1b: Maushold\n|-singleturn|p1b: Maushold|Protect\n|move|p2a: Flutter Mane|Dazzling Gleam|p1b: Maushold|[spread] p1a\n|-activate|p1b: Maushold|move: Protect\n|-resisted|p1a: Ceruledge\n|-damage|p1a: Ceruledge|84\/100\n|move|p1a: Ceruledge|Bulk Up|p1a: Ceruledge\n|-boost|p1a: Ceruledge|atk|1\n|-boost|p1a: Ceruledge|def|1\n|\n|upkeep\n|turn|2\n|inactive|trick room meta has 30 seconds left.\n|inactive|NillyTheKid has 30 seconds left.\n|\n|t:|1683405916\n|-end|p2a: Flutter Mane|Protosynthesis|[silent]\n|switch|p2a: Ting-Lu|Ting-Lu, L50|100\/100\n|-ability|p2a: Ting-Lu|Vessel of Ruin\n|move|p2b: Amoonguss|Protect|p2b: Amoonguss\n|-singleturn|p2b: Amoonguss|Protect\n|move|p1a: Ceruledge|Shadow Sneak|p2a: Ting-Lu\n|-resisted|p2a: Ting-Lu\n|-damage|p2a: Ting-Lu|92\/100\n|move|p1b: Maushold|Taunt|p2b: Amoonguss\n|-activate|p2b: Amoonguss|move: Protect\n|\n|upkeep\n|turn|3\n|inactive|NillyTheKid has 30 seconds left.\n|\n|t:|1683405943\n|-terastallize|p1a: Ceruledge|Grass\n|move|p1b: Maushold|Super Fang|p2a: Ting-Lu\n|-damage|p2a: Ting-Lu|46\/100\n|move|p1a: Ceruledge|Bitter Blade|p2b: Amoonguss\n|-supereffective|p2b: Amoonguss\n|-damage|p2b: Amoonguss|0 fnt\n|-heal|p1a: Ceruledge|100\/100|[from] drain|[of] p2b: Amoonguss\n|faint|p2b: Amoonguss\n|move|p2a: Ting-Lu|Stone Edge|p1a: Ceruledge\n|-damage|p1a: Ceruledge|83\/100\n|\n|upkeep\n|\n|t:|1683405960\n|switch|p2b: Flutter Mane|Flutter Mane, L50|100\/100\n|turn|4\n|\n|t:|1683405981\n|-terastallize|p2b: Flutter Mane|Fairy\n|move|p1b: Maushold|Protect|p1b: Maushold\n|-singleturn|p1b: Maushold|Protect\n|move|p2b: Flutter Mane|Moonblast|p1a: Ceruledge\n|-damage|p1a: Ceruledge|31\/100\n|move|p1a: Ceruledge|Bitter Blade|p2b: Flutter Mane\n|-damage|p2b: Flutter Mane|0 fnt\n|-heal|p1a: Ceruledge|71\/100|[from] drain|[of] p2b: Flutter Mane\n|faint|p2b: Flutter Mane\n|-end|p2b: Flutter Mane|Protosynthesis|[silent]\n|move|p2a: Ting-Lu|Heavy Slam|p1b: Maushold\n|-activate|p1b: Maushold|move: Protect\n|\n|upkeep\n|\n|t:|1683405989\n|switch|p2b: Palafriend|Palafin-Hero, L50, M|100\/100\n|-activate|p2b: Palafriend|ability: Zero to Hero\n|turn|5\n|\n|t:|1683406008\n|move|p2b: Palafriend|Protect|p2b: Palafriend\n|-singleturn|p2b: Palafriend|Protect\n|move|p1b: Maushold|Super Fang|p2b: Palafriend\n|-activate|p2b: Palafriend|move: Protect\n|move|p1a: Ceruledge|Bulk Up|p1a: Ceruledge\n|-boost|p1a: Ceruledge|atk|1\n|-boost|p1a: Ceruledge|def|1\n|move|p2a: Ting-Lu|Heavy Slam|p1a: Ceruledge\n|-damage|p1a: Ceruledge|53\/100\n|\n|upkeep\n|turn|6\n|\n|t:|1683406028\n|move|p1b: Maushold|Follow Me|p1b: Maushold\n|-singleturn|p1b: Maushold|move: Follow Me\n|move|p2b: Palafriend|Wave Crash|p1b: Maushold\n|-damage|p1b: Maushold|0 fnt\n|faint|p1b: Maushold\n|-damage|p2b: Palafriend|72\/100|[from] Recoil\n|move|p1a: Ceruledge|Bitter Blade|p2a: Ting-Lu\n|-crit|p2a: Ting-Lu\n|-damage|p2a: Ting-Lu|0 fnt\n|-heal|p1a: Ceruledge|84\/100|[from] drain|[of] p2a: Ting-Lu\n|faint|p2a: Ting-Lu\n|\n|upkeep\n|\n|t:|1683406041\n|switch|p1b: Gyarados|Gyarados, L50, F|100\/100\n|-ability|p1b: Gyarados|Intimidate|boost\n|-unboost|p2b: Palafriend|atk|1\n|turn|7\n|\n|t:|1683406050\n|move|p2b: Palafriend|Haze|p2b: Palafriend\n|-clearallboost\n|move|p1a: Ceruledge|Bulk Up|p1a: Ceruledge\n|-boost|p1a: Ceruledge|atk|1\n|-boost|p1a: Ceruledge|def|1\n|move|p1b: Gyarados|Thunder Wave|p2b: Palafriend|[miss]\n|-miss|p1b: Gyarados|p2b: Palafriend\n|\n|upkeep\n|turn|8\n|\n|t:|1683406068\n|move|p2b: Palafriend|Jet Punch|p1a: Ceruledge\n|-resisted|p1a: Ceruledge\n|-damage|p1a: Ceruledge|64\/100\n|move|p1a: Ceruledge|Bulk Up|p1a: Ceruledge\n|-boost|p1a: Ceruledge|atk|1\n|-boost|p1a: Ceruledge|def|1\n|move|p1b: Gyarados|Taunt|p2b: Palafriend\n|-start|p2b: Palafriend|move: Taunt\n|\n|upkeep\n|turn|9\n|\n|t:|1683406079\n|move|p2b: Palafriend|Jet Punch|p1a: Ceruledge\n|-resisted|p1a: Ceruledge\n|-damage|p1a: Ceruledge|50\/100\n|move|p1a: Ceruledge|Bulk Up|p1a: Ceruledge\n|-boost|p1a: Ceruledge|atk|1\n|-boost|p1a: Ceruledge|def|1\n|move|p1b: Gyarados|Thunder Wave|p2b: Palafriend\n|-status|p2b: Palafriend|par\n|\n|upkeep\n|turn|10\n|\n|t:|1683406091\n|move|p2b: Palafriend|Jet Punch|p1a: Ceruledge\n|-resisted|p1a: Ceruledge\n|-damage|p1a: Ceruledge|39\/100\n|move|p1a: Ceruledge|Bitter Blade|p2b: Palafriend\n|-resisted|p2b: Palafriend\n|-damage|p2b: Palafriend|24\/100 par\n|-heal|p1a: Ceruledge|67\/100|[from] drain|[of] p2b: Palafriend\n|move|p1b: Gyarados|Waterfall|p2b: Palafriend\n|-resisted|p2b: Palafriend\n|-damage|p2b: Palafriend|6\/100 par\n|\n|upkeep\n|turn|11\n|\n|t:|1683406107\n|move|p1a: Ceruledge|Shadow Sneak|p2b: Palafriend\n|-damage|p2b: Palafriend|0 fnt\n|faint|p2b: Palafriend\n|\n|win|trick room meta\n|raw|trick room meta's rating: 1215 → 1237<\/strong> (+22 for winning)\n|raw|NillyTheKid's rating: 1178 → 1156<\/strong> (-22 for losing)\n","uploadtime":1683406112,"views":12,"p1id":"trickroommeta","p2id":"nillythekid","formatid":"gen9vgc2023regulationc","rating":1156,"private":0,"password":""}