{"id":"gen9vgc2023regulationc-1850626506","p1":"araatz_02","p2":"OneWithTheSnom","format":"[Gen 9] VGC 2023 Regulation C","log":"|j|\u2606araatz_02\n|j|\u2606OneWithTheSnom\n|t:|1682354153\n|gametype|doubles\n|player|p1|araatz_02|li|1112\n|player|p2|OneWithTheSnom|gladion|1069\n|teamsize|p1|6\n|teamsize|p2|6\n|gen|9\n|tier|[Gen 9] VGC 2023 Regulation C\n|rated|\n|rule|Species Clause: Limit one of each Pok\u00e9mon\n|rule|Item Clause: Limit one of each item\n|clearpoke\n|poke|p1|Tinkaton, L50, F|\n|poke|p1|Gastrodon-East, L50, F|\n|poke|p1|Kingambit, L50, M|\n|poke|p1|Iron Bundle, L50|\n|poke|p1|Garganacl, L50, M|\n|poke|p1|Amoonguss, L50, F|\n|poke|p2|Scizor, L50, F|\n|poke|p2|Ting-Lu, L50|\n|poke|p2|Sylveon, L50, F|\n|poke|p2|Iron Hands, L50|\n|poke|p2|Palafin, L50, M|\n|poke|p2|Skeledirge, L50, M|\n|teampreview|4\n|inactive|Battle timer is ON: inactive players will automatically lose when time's up. (requested by OneWithTheSnom)\n|\n|t:|1682354179\n|start\n|switch|p1a: \ud83c\udf3a|Tinkaton, L50, F|100\/100\n|switch|p1b: \ud83e\udea8|Garganacl, L50, M|100\/100\n|switch|p2a: Skeledirge|Skeledirge, L50, M|100\/100\n|switch|p2b: Palafin|Palafin, L50, M, shiny|100\/100\n|-ability|p1a: \ud83c\udf3a|Mold Breaker\n|turn|1\n|\n|t:|1682354197\n|move|p2b: Palafin|Protect|p2b: Palafin\n|-singleturn|p2b: Palafin|Protect\n|move|p2a: Skeledirge|Protect|p2a: Skeledirge\n|-singleturn|p2a: Skeledirge|Protect\n|move|p1a: \ud83c\udf3a|Fake Out|p2b: Palafin\n|-activate|p2b: Palafin|move: Protect\n|move|p1b: \ud83e\udea8|Salt Cure|p2b: Palafin\n|-activate|p2b: Palafin|move: Protect\n|\n|upkeep\n|turn|2\n|\n|t:|1682354210\n|detailschange|p2b: Palafin|Palafin-Hero, L50, M, shiny\n|switch|p2b: Iron Hands|Iron Hands, L50|100\/100\n|move|p1a: \ud83c\udf3a|Protect|p1a: \ud83c\udf3a\n|-singleturn|p1a: \ud83c\udf3a|Protect\n|move|p2a: Skeledirge|Torch Song|p1a: \ud83c\udf3a\n|-activate|p1a: \ud83c\udf3a|move: Protect\n|move|p1b: \ud83e\udea8|Salt Cure|p2b: Iron Hands\n|-resisted|p2b: Iron Hands\n|-damage|p2b: Iron Hands|96\/100\n|-start|p2b: Iron Hands|Salt Cure\n|\n|-damage|p2b: Iron Hands|84\/100|[from] Salt Cure\n|upkeep\n|turn|3\n|\n|t:|1682354227\n|move|p2b: Iron Hands|Fake Out|p1b: \ud83e\udea8\n|-resisted|p1b: \ud83e\udea8\n|-damage|p1b: \ud83e\udea8|97\/100\n|move|p1a: \ud83c\udf3a|Play Rough|p2b: Iron Hands\n|-supereffective|p2b: Iron Hands\n|-damage|p2b: Iron Hands|42\/100\n|-enditem|p2b: Iron Hands|Sitrus Berry|[eat]\n|-heal|p2b: Iron Hands|67\/100|[from] item: Sitrus Berry\n|move|p2a: Skeledirge|Torch Song|p1a: \ud83c\udf3a\n|-supereffective|p1a: \ud83c\udf3a\n|-damage|p1a: \ud83c\udf3a|17\/100\n|-boost|p2a: Skeledirge|spa|1\n|cant|p1b: \ud83e\udea8|flinch\n|\n|-heal|p1b: \ud83e\udea8|100\/100|[from] item: Leftovers\n|-damage|p2b: Iron Hands|55\/100|[from] Salt Cure\n|upkeep\n|turn|4\n|inactive|OneWithTheSnom has 30 seconds left.\n|\n|t:|1682354256\n|move|p1a: \ud83c\udf3a|Play Rough|p2b: Iron Hands\n|-supereffective|p2b: Iron Hands\n|-damage|p2b: Iron Hands|14\/100\n|move|p2a: Skeledirge|Torch Song|p1a: \ud83c\udf3a\n|-supereffective|p1a: \ud83c\udf3a\n|-damage|p1a: \ud83c\udf3a|0 fnt\n|-boost|p2a: Skeledirge|spa|1\n|faint|p1a: \ud83c\udf3a\n|move|p2b: Iron Hands|Drain Punch|p1b: \ud83e\udea8\n|-supereffective|p1b: \ud83e\udea8\n|-damage|p1b: \ud83e\udea8|56\/100\n|-heal|p2b: Iron Hands|31\/100|[from] drain|[of] p1b: \ud83e\udea8\n|move|p1b: \ud83e\udea8|Fire Punch|p2b: Iron Hands\n|-damage|p2b: Iron Hands|22\/100\n|\n|-heal|p1b: \ud83e\udea8|62\/100|[from] item: Leftovers\n|-damage|p2b: Iron Hands|9\/100|[from] Salt Cure\n|upkeep\n|\n|t:|1682354275\n|switch|p1a: \u2694|Kingambit, L50, M|100\/100\n|turn|5\n|\n|t:|1682354288\n|-end|p2b: Iron Hands|Quark Drive|[silent]\n|switch|p2b: Palafin|Palafin-Hero, L50, M, shiny|100\/100\n|-activate|p2b: Palafin|ability: Zero to Hero\n|-terastallize|p2a: Skeledirge|Grass\n|move|p1a: \u2694|Sucker Punch||[still]\n|-fail|p1a: \u2694\n|move|p2a: Skeledirge|Torch Song|p1a: \u2694\n|-supereffective|p1a: \u2694\n|-damage|p1a: \u2694|0 fnt\n|-boost|p2a: Skeledirge|spa|1\n|faint|p1a: \u2694\n|move|p1b: \ud83e\udea8|Salt Cure|p2a: Skeledirge\n|-damage|p2a: Skeledirge|87\/100\n|-start|p2a: Skeledirge|Salt Cure\n|\n|-heal|p2a: Skeledirge|93\/100|[from] item: Leftovers\n|-heal|p1b: \ud83e\udea8|68\/100|[from] item: Leftovers\n|-damage|p2a: Skeledirge|81\/100|[from] Salt Cure\n|upkeep\n|\n|t:|1682354305\n|switch|p1a: \ud83e\uddca|Iron Bundle, L50|100\/100\n|turn|6\n|\n|t:|1682354319\n|move|p2b: Palafin|Jet Punch|p1b: \ud83e\udea8\n|-supereffective|p1b: \ud83e\udea8\n|-damage|p1b: \ud83e\udea8|18\/100\n|move|p1a: \ud83e\uddca|Ice Beam|p2a: Skeledirge\n|-supereffective|p2a: Skeledirge\n|-damage|p2a: Skeledirge|3\/100\n|move|p2a: Skeledirge|Tera Blast|p1a: \ud83e\uddca\n|-supereffective|p1a: \ud83e\uddca\n|-damage|p1a: \ud83e\uddca|0 fnt\n|faint|p1a: \ud83e\uddca\n|-end|p1a: \ud83e\uddca|Quark Drive|[silent]\n|move|p1b: \ud83e\udea8|Fire Punch|p2a: Skeledirge\n|-supereffective|p2a: Skeledirge\n|-damage|p2a: Skeledirge|0 fnt\n|faint|p2a: Skeledirge\n|\n|-heal|p1b: \ud83e\udea8|24\/100|[from] item: Leftovers\n|upkeep\n|-message|araatz_02 forfeited.\n|\n|win|OneWithTheSnom\n|raw|araatz_02's rating: 1112 → 1084<\/strong> (-28 for losing)\n|raw|OneWithTheSnom's rating: 1069 → 1102<\/strong> (+33 for winning)\n|l|\u2606araatz_02\n","uploadtime":1682354331,"views":17,"p1id":"araatz02","p2id":"onewiththesnom","formatid":"gen9vgc2023regulationc","rating":1084,"private":0,"password":""}