{"id":"gen9vgc2023regulationc-1852964196","p1":"PureNeutral","p2":"That_Leek","format":"[Gen 9] VGC 2023 Regulation C","log":"|j|\u2606PureNeutral\n|j|\u203dThat_Leek\n|t:|1682621119\n|gametype|doubles\n|player|p1|PureNeutral|elesa|1376\n|player|p2|That_Leek|169|1329\n|teamsize|p1|6\n|teamsize|p2|6\n|gen|9\n|tier|[Gen 9] VGC 2023 Regulation C\n|rated|\n|rule|Species Clause: Limit one of each Pok\u00e9mon\n|rule|Item Clause: Limit one of each item\n|clearpoke\n|poke|p1|Maushold-Four, L50|\n|poke|p1|Annihilape, L50, M|\n|poke|p1|Flutter Mane, L50|\n|poke|p1|Great Tusk, L50|\n|poke|p1|Talonflame, L50, F|\n|poke|p1|Kingambit, L50, M|\n|poke|p2|Gholdengo, L50|\n|poke|p2|Gyarados, L50, F|\n|poke|p2|Tyranitar, L50, F|\n|poke|p2|Maushold-Four, L50|\n|poke|p2|Annihilape, L50, M|\n|poke|p2|Volcarona, L50, M|\n|teampreview|4\nThat_Leek has agreed to open team sheets.\n|\n|t:|1682621146\n|start\n|switch|p1a: Kingambit|Kingambit, L50, M|100\/100\n|switch|p1b: Great Tusk|Great Tusk, L50|100\/100\n|switch|p2a: Tyranitar|Tyranitar, L50, F|100\/100\n|switch|p2b: Volcarona|Volcarona, L50, M|100\/100\n|-weather|Sandstorm|[from] ability: Sand Stream|[of] p2a: Tyranitar\n|turn|1\n|\n|t:|1682621170\n|-terastallize|p2a: Tyranitar|Flying\n|-terastallize|p1a: Kingambit|Flying\n|move|p2b: Volcarona|Rage Powder|p2b: Volcarona\n|-singleturn|p2b: Volcarona|move: Rage Powder\n|move|p1b: Great Tusk|Headlong Rush|p2b: Volcarona\n|-damage|p2b: Volcarona|23\/100\n|-unboost|p1b: Great Tusk|def|1\n|-unboost|p1b: Great Tusk|spd|1\n|move|p2a: Tyranitar|Tera Blast|p1b: Great Tusk\n|-supereffective|p1b: Great Tusk\n|-damage|p1b: Great Tusk|3\/100\n|move|p1a: Kingambit|Iron Head|p2b: Volcarona\n|-resisted|p2b: Volcarona\n|-damage|p2b: Volcarona|0 fnt\n|faint|p2b: Volcarona\n|\n|-weather|Sandstorm|[upkeep]\n|-damage|p2a: Tyranitar|95\/100|[from] Sandstorm\n|-damage|p1a: Kingambit|94\/100|[from] Sandstorm\n|upkeep\n|\n|t:|1682621179\n|switch|p2b: Gholdengo|Gholdengo, L50|100\/100\n|turn|2\n|\n|t:|1682621193\n|move|p2b: Gholdengo|Protect|p2b: Gholdengo\n|-singleturn|p2b: Gholdengo|Protect\n|move|p1b: Great Tusk|Headlong Rush|p2b: Gholdengo\n|-activate|p2b: Gholdengo|move: Protect\n|move|p2a: Tyranitar|Rock Slide|p1a: Kingambit|[spread] p1b\n|-miss|p2a: Tyranitar|p1a: Kingambit\n|-resisted|p1b: Great Tusk\n|-damage|p1b: Great Tusk|0 fnt\n|faint|p1b: Great Tusk\n|-end|p1b: Great Tusk|Protosynthesis|[silent]\n|move|p1a: Kingambit|Assurance|p2b: Gholdengo\n|-activate|p2b: Gholdengo|move: Protect\n|\n|-weather|Sandstorm|[upkeep]\n|-damage|p2a: Tyranitar|89\/100|[from] Sandstorm\n|-damage|p1a: Kingambit|88\/100|[from] Sandstorm\n|upkeep\n|\n|t:|1682621197\n|switch|p1b: Talonflame|Talonflame, L50, F|100\/100\n|turn|3\n|\n|t:|1682621206\n|switch|p2b: Annihilape|Annihilape, L50, M|100\/100\n|move|p1b: Talonflame|Tailwind|p1b: Talonflame\n|-sidestart|p1: PureNeutral|move: Tailwind\n|move|p1a: Kingambit|Assurance|p2b: Annihilape\n|-damage|p2b: Annihilape|70\/100\n|move|p2a: Tyranitar|Rock Slide|p1a: Kingambit|[spread] p1a,p1b\n|-supereffective|p1a: Kingambit\n|-supereffective|p1b: Talonflame\n|-damage|p1a: Kingambit|37\/100\n|-damage|p1b: Talonflame|0 fnt\n|faint|p1b: Talonflame\n|\n|-weather|Sandstorm|[upkeep]\n|-damage|p1a: Kingambit|31\/100|[from] Sandstorm\n|-damage|p2b: Annihilape|63\/100|[from] Sandstorm\n|-damage|p2a: Tyranitar|83\/100|[from] Sandstorm\n|-heal|p2b: Annihilape|70\/100|[from] item: Leftovers\n|upkeep\n|\n|t:|1682621216\n|switch|p1b: Flutter Mane|Flutter Mane, L50|100\/100\n|turn|4\n|\n|t:|1682621224\n|move|p1b: Flutter Mane|Dazzling Gleam|p2a: Tyranitar|[spread] p2a,p2b\n|-supereffective|p2b: Annihilape\n|-damage|p2a: Tyranitar|55\/100\n|-damage|p2b: Annihilape|2\/100\n|move|p1a: Kingambit|Assurance|p2a: Tyranitar\n|-damage|p2a: Tyranitar|0 fnt\n|faint|p2a: Tyranitar\n|move|p2b: Annihilape|Rage Fist|p1b: Flutter Mane\n|-supereffective|p1b: Flutter Mane\n|-damage|p1b: Flutter Mane|0 fnt\n|faint|p1b: Flutter Mane\n|-end|p1b: Flutter Mane|Protosynthesis|[silent]\n|\n|-weather|Sandstorm|[upkeep]\n|-damage|p1a: Kingambit|25\/100|[from] Sandstorm\n|-damage|p2b: Annihilape|0 fnt|[from] Sandstorm\n|faint|p2b: Annihilape\n|upkeep\n|\n|t:|1682621230\n|switch|p2b: Gholdengo|Gholdengo, L50|100\/100\n|turn|5\n|\n|t:|1682621236\n|move|p1a: Kingambit|Sucker Punch|p2b: Gholdengo\n|-supereffective|p2b: Gholdengo\n|-damage|p2b: Gholdengo|21\/100\n|move|p2b: Gholdengo|Make It Rain|p1a: Kingambit\n|-damage|p1a: Kingambit|0 fnt\n|-unboost|p2b: Gholdengo|spa|1\n|faint|p1a: Kingambit\n|-damage|p2b: Gholdengo|12\/100|[from] item: Life Orb\n|\n|win|That_Leek\n|raw|PureNeutral's rating: 1376 → 1353<\/strong> (-23 for losing)\n|raw|That_Leek's rating: 1329 → 1352<\/strong> (+23 for winning)\n","uploadtime":1682621242,"views":4,"p1id":"pureneutral","p2id":"thatleek","formatid":"gen9vgc2023regulationc","rating":1352,"private":0,"password":""}