{"id":"gen9vgc2023regulationc-1845834177","p1":"Dov'e Yara?","p2":"TonnyDolfing","format":"[Gen 9] VGC 2023 Regulation C","log":"|j|\u2606Dov'e Yara?\n|j|\u2606TonnyDolfing\n|t:|1681769403\n|gametype|doubles\n|player|p1|Dov'e Yara?|clair|1197\n|player|p2|TonnyDolfing|lucas-gen4pt|1112\n|teamsize|p1|6\n|teamsize|p2|6\n|gen|9\n|tier|[Gen 9] VGC 2023 Regulation C\n|rated|\n|rule|Species Clause: Limit one of each Pok\u00e9mon\n|rule|Item Clause: Limit one of each item\n|clearpoke\n|poke|p1|Muk, L50, M|\n|poke|p1|Gyarados, L50, M|\n|poke|p1|Flutter Mane, L50|\n|poke|p1|Chi-Yu, L50|\n|poke|p1|Farigiraf, L50, M|\n|poke|p1|Amoonguss, L50, M|\n|poke|p2|Ting-Lu, L50|\n|poke|p2|Amoonguss, L50, M|\n|poke|p2|Arcanine, L50, M|\n|poke|p2|Flutter Mane, L50|\n|poke|p2|Palafin, L50, M|\n|poke|p2|Dragonite, L50, F|\n|teampreview|4\n|inactive|Battle timer is ON: inactive players will automatically lose when time's up. (requested by Dov'e Yara?)\n|inactive|TonnyDolfing has 60 seconds left.\n|\n|t:|1681769455\n|start\n|switch|p1a: Farigiraf|Farigiraf, L50, M|100\/100\n|switch|p1b: Amoonguss|Amoonguss, L50, M|100\/100\n|switch|p2a: Flutter Mane|Flutter Mane, L50|100\/100\n|switch|p2b: Palafin|Palafin, L50, M|100\/100\n|-enditem|p2a: Flutter Mane|Booster Energy\n|-activate|p2a: Flutter Mane|ability: Protosynthesis|[fromitem]\n|-start|p2a: Flutter Mane|protosynthesisspe\n|turn|1\n|inactive|TonnyDolfing has 30 seconds left.\n|\n|t:|1681769488\n|detailschange|p2b: Palafin|Palafin-Hero, L50, M\n|switch|p2b: Ting-Lu|Ting-Lu, L50|100\/100\n|-ability|p2b: Ting-Lu|Vessel of Ruin\n|move|p2a: Flutter Mane|Protect|p2a: Flutter Mane\n|-singleturn|p2a: Flutter Mane|Protect\n|move|p1b: Amoonguss|Spore|p2a: Flutter Mane\n|-activate|p2a: Flutter Mane|move: Protect\n|move|p1a: Farigiraf|Trick Room|p1a: Farigiraf\n|-fieldstart|move: Trick Room|[of] p1a: Farigiraf\n|\n|upkeep\n|turn|2\n|inactive|TonnyDolfing has 30 seconds left.\n|inactive|TonnyDolfing has 20 seconds left.\n|inactive|TonnyDolfing has 15 seconds left.\n|\n|t:|1681769529\n|-end|p2a: Flutter Mane|Protosynthesis|[silent]\n|switch|p2a: Amoonguss|Amoonguss, L50, M|100\/100\n|move|p1b: Amoonguss|Spore|p2b: Ting-Lu\n|-status|p2b: Ting-Lu|slp|[from] move: Spore\n|cant|p2b: Ting-Lu|slp\n|move|p1a: Farigiraf|Psyshock|p2a: Amoonguss\n|-supereffective|p2a: Amoonguss\n|-damage|p2a: Amoonguss|62\/100\n|\n|upkeep\n|turn|3\n|inactive|TonnyDolfing has 30 seconds left.\n|\n|t:|1681769557\n|move|p2a: Amoonguss|Spore|p1a: Farigiraf\n|-activate|p1a: Farigiraf|item: Safety Goggles|Spore\n|move|p1b: Amoonguss|Pollen Puff|p2a: Amoonguss\n|-damage|p2a: Amoonguss|51\/100\n|-curestatus|p2b: Ting-Lu|slp|[msg]\n|move|p2b: Ting-Lu|Stomping Tantrum|p1a: Farigiraf\n|-damage|p1a: Farigiraf|45\/100\n|move|p1a: Farigiraf|Psyshock|p2a: Amoonguss\n|-supereffective|p2a: Amoonguss\n|-damage|p2a: Amoonguss|13\/100\n|-enditem|p2a: Amoonguss|Sitrus Berry|[eat]\n|-heal|p2a: Amoonguss|38\/100|[from] item: Sitrus Berry\n|\n|upkeep\n|turn|4\n|\n|t:|1681769578\n|switch|p2a: Palafin|Palafin-Hero, L50, M|100\/100\n|-activate|p2a: Palafin|ability: Zero to Hero\n|move|p1b: Amoonguss|Pollen Puff|p1a: Farigiraf\n|-heal|p1a: Farigiraf|95\/100\n|move|p2b: Ting-Lu|Stomping Tantrum|p1a: Farigiraf\n|-damage|p1a: Farigiraf|66\/100\n|move|p1a: Farigiraf|Hyper Voice|p2a: Palafin|[spread] p2a,p2b\n|-damage|p2a: Palafin|80\/100\n|-damage|p2b: Ting-Lu|90\/100\n|\n|upkeep\n|turn|5\n|inactive|TonnyDolfing has 30 seconds left.\n|inactive|TonnyDolfing has 20 seconds left.\n|\n|t:|1681769616\n|move|p1b: Amoonguss|Spore|p2a: Palafin\n|-status|p2a: Palafin|slp|[from] move: Spore\n|move|p2b: Ting-Lu|Stomping Tantrum|p1a: Farigiraf\n|-damage|p1a: Farigiraf|35\/100\n|move|p1a: Farigiraf|Psyshock|p2b: Ting-Lu\n|-immune|p2b: Ting-Lu\n|cant|p2a: Palafin|slp\n|\n|-fieldend|move: Trick Room\n|upkeep\n|turn|6\n|\n|t:|1681769635\n|switch|p2b: Amoonguss|Amoonguss, L50, M|71\/100\n|cant|p2a: Palafin|slp\n|move|p1b: Amoonguss|Pollen Puff|p1a: Farigiraf\n|-heal|p1a: Farigiraf|85\/100\n|move|p1a: Farigiraf|Trick Room|p1a: Farigiraf\n|-fieldstart|move: Trick Room|[of] p1a: Farigiraf\n|\n|upkeep\n|turn|7\n|inactive|TonnyDolfing has 30 seconds left.\n|\n|t:|1681769661\n|move|p1b: Amoonguss|Rage Powder|p1b: Amoonguss\n|-singleturn|p1b: Amoonguss|move: Rage Powder\n|-curestatus|p2a: Palafin|slp|[msg]\n|move|p2a: Palafin|Jet Punch||[still]\n|cant|p1a: Farigiraf|ability: Armor Tail|Jet Punch|[of] p2a: Palafin\n|move|p2b: Amoonguss|Pollen Puff|p2a: Palafin\n|-heal|p2a: Palafin|100\/100\n|move|p1a: Farigiraf|Hyper Voice|p2a: Palafin|[spread] p2a,p2b\n|-damage|p2a: Palafin|75\/100\n|-damage|p2b: Amoonguss|49\/100\n|\n|upkeep\n|turn|8\n|\n|t:|1681769678\n|switch|p2b: Ting-Lu|Ting-Lu, L50|90\/100\n|-ability|p2b: Ting-Lu|Vessel of Ruin\n|move|p1b: Amoonguss|Spore|p2a: Palafin\n|-status|p2a: Palafin|slp|[from] move: Spore\n|move|p1a: Farigiraf|Psyshock|p2b: Ting-Lu\n|-immune|p2b: Ting-Lu\n|cant|p2a: Palafin|slp\n|\n|upkeep\n|turn|9\n|inactive|TonnyDolfing has 30 seconds left.\n|inactive|TonnyDolfing has 20 seconds left.\n|\n|t:|1681769715\n|switch|p1a: Muk|Muk, L50, M|100\/100\n|move|p1b: Amoonguss|Spore|p2b: Ting-Lu\n|-status|p2b: Ting-Lu|slp|[from] move: Spore\n|cant|p2b: Ting-Lu|slp\n|-curestatus|p2a: Palafin|slp|[msg]\n|move|p2a: Palafin|Wave Crash|p1a: Muk\n|-damage|p1a: Muk|10\/100\n|-damage|p2a: Palafin|41\/100|[from] Recoil\n|\n|upkeep\n|turn|10\n|inactive|TonnyDolfing has 30 seconds left.\n|\n|t:|1681769742\n|switch|p2a: Amoonguss|Amoonguss, L50, M|82\/100\n|move|p1b: Amoonguss|Rage Powder|p1b: Amoonguss\n|-singleturn|p1b: Amoonguss|move: Rage Powder\n|cant|p2b: Ting-Lu|slp\n|move|p1a: Muk|Drain Punch|p2b: Ting-Lu\n|-supereffective|p2b: Ting-Lu\n|-damage|p2b: Ting-Lu|59\/100 slp\n|-heal|p1a: Muk|30\/100|[from] drain|[of] p2b: Ting-Lu\n|\n|-fieldend|move: Trick Room\n|upkeep\n|turn|11\n|inactive|TonnyDolfing has 30 seconds left.\n|\n|t:|1681769767\n|switch|p2b: Flutter Mane|Flutter Mane, L50|100\/100\n|-terastallize|p1a: Muk|Grass\n|move|p1a: Muk|Curse|p1a: Muk\n|-unboost|p1a: Muk|spe|1\n|-boost|p1a: Muk|atk|1\n|-boost|p1a: Muk|def|1\n|move|p1b: Amoonguss|Pollen Puff|p1a: Muk\n|-heal|p1a: Muk|80\/100\n|move|p2a: Amoonguss|Spore|p1a: Muk\n|-immune|p1a: Muk\n|\n|upkeep\n|turn|12\n|inactive|TonnyDolfing has 30 seconds left.\n|inactive|TonnyDolfing has 20 seconds left.\n|\n|t:|1681769803\n|-end|p2b: Flutter Mane|Protosynthesis|[silent]\n|switch|p2b: Ting-Lu|Ting-Lu, L50|59\/100 slp\n|-ability|p2b: Ting-Lu|Vessel of Ruin\n|move|p1b: Amoonguss|Pollen Puff|p1a: Muk\n|-heal|p1a: Muk|100\/100\n|move|p1a: Muk|Poison Jab|p2b: Ting-Lu\n|-resisted|p2b: Ting-Lu\n|-damage|p2b: Ting-Lu|44\/100 slp\n|move|p2a: Amoonguss|Pollen Puff|p1a: Muk\n|-supereffective|p1a: Muk\n|-damage|p1a: Muk|74\/100\n|\n|upkeep\n|turn|13\n|inactive|TonnyDolfing has 30 seconds left.\n|\n|t:|1681769836\n|cant|p2b: Ting-Lu|slp\n|move|p1b: Amoonguss|Pollen Puff|p1a: Muk\n|-heal|p1a: Muk|100\/100\n|move|p1a: Muk|Ice Punch|p2b: Ting-Lu\n|-supereffective|p2b: Ting-Lu\n|-damage|p2b: Ting-Lu|0 fnt\n|faint|p2b: Ting-Lu\n|move|p2a: Amoonguss|Pollen Puff|p2: Ting-Lu|[notarget]\n|-fail|p2a: Amoonguss\n|\n|upkeep\n|\n|t:|1681769852\n|switch|p2b: Palafin|Palafin-Hero, L50, M|41\/100\n|turn|14\n|inactive|TonnyDolfing has 30 seconds left.\n|\n|t:|1681769876\n|move|p2b: Palafin|Haze|p2b: Palafin\n|-clearallboost\n|move|p1a: Muk|Ice Punch|p2a: Amoonguss\n|-supereffective|p2a: Amoonguss\n|-damage|p2a: Amoonguss|34\/100\n|move|p1b: Amoonguss|Spore|p2b: Palafin\n|-status|p2b: Palafin|slp|[from] move: Spore\n|move|p2a: Amoonguss|Pollen Puff|p2b: Palafin\n|-heal|p2b: Palafin|90\/100 slp\n|\n|upkeep\n|turn|15\n|inactive|TonnyDolfing has 30 seconds left this turn.\n|inactive|TonnyDolfing has 20 seconds left.\n|inactive|TonnyDolfing has 15 seconds left.\n|\n|t:|1681769896\n|switch|p2a: Flutter Mane|Flutter Mane, L50|100\/100\n|cant|p2b: Palafin|slp\n|move|p1a: Muk|Ice Punch|p2a: Flutter Mane\n|-damage|p2a: Flutter Mane|49\/100\n|move|p1b: Amoonguss|Pollen Puff|p2a: Flutter Mane\n|-resisted|p2a: Flutter Mane\n|-damage|p2a: Flutter Mane|44\/100\n|\n|upkeep\n|turn|16\n|inactive|TonnyDolfing has 15 seconds left this turn.\n|inactive|TonnyDolfing has 10 seconds left.\n|inactive|TonnyDolfing has 5 seconds left.\n|-message|TonnyDolfing lost due to inactivity.\n|\n|win|Dov'e Yara?\n|raw|Dov'e Yara?'s rating: 1197 → 1216<\/strong> (+19 for winning)\n|raw|TonnyDolfing's rating: 1112 → 1093<\/strong> (-19 for losing)\n","uploadtime":1681769922,"views":5,"p1id":"doveyara","p2id":"tonnydolfing","formatid":"gen9vgc2023regulationc","rating":1093,"private":0,"password":""}