{"id":"gen9vgc2023regulationc-1856581976","p1":"Radio Free C-Side","p2":"glaci3rwand3r","format":"[Gen 9] VGC 2023 Regulation C","log":"|j|\u2606Radio Free C-Side\n|j|\u2606glaci3rwand3r\n|t:|1683078466\n|gametype|doubles\n|player|p1|Radio Free C-Side|steven|\n|player|p2|glaci3rwand3r|cynthia-gen7|\n|teamsize|p1|6\n|teamsize|p2|6\n|gen|9\n|tier|[Gen 9] VGC 2023 Regulation C\n|rated|Tournament battle\n|rule|Species Clause: Limit one of each Pok\u00e9mon\n|rule|Item Clause: Limit one of each item\n|clearpoke\n|poke|p1|Dragapult, L50, M|\n|poke|p1|Klefki, L50, M|\n|poke|p1|Chi-Yu, L50|\n|poke|p1|Tyranitar, L50, F|\n|poke|p1|Gastrodon-East, L50, F|\n|poke|p1|Flutter Mane, L50|\n|poke|p2|Roaring Moon, L50|\n|poke|p2|Flutter Mane, L50|\n|poke|p2|Iron Hands, L50|\n|poke|p2|Amoonguss, L50, F|\n|poke|p2|Chi-Yu, L50|\n|poke|p2|Gyarados, L50, F|\n|teampreview|4\n|raw| Open Team Sheet for Radio Free C-Side<\/summary>Dragapult @ Choice Band Ability: Clear Body Level: 50 Tera Type: Steel - Dragon Darts - Phantom Force - Tera Blast - U-turn Klefki @ Sitrus Berry Ability: Prankster Level: 50 Tera Type: Dragon - Light Screen - Reflect - Thunder Wave - Dazzling Gleam Chi-Yu @ Life Orb Ability: Beads of Ruin Level: 50 Tera Type: Ghost - Protect - Heat Wave - Dark Pulse - Substitute Tyranitar @ Assault Vest Ability: Sand Stream Level: 50 Tera Type: Flying - Tera Blast - Rock Slide - Crunch - Low Kick Gastrodon (Gastrodon-East) @ Leftovers Ability: Storm Drain Level: 50 Tera Type: Fire - Yawn - Stealth Rock - Clear Smog - Protect Flutter Mane @ Choice Specs Ability: Protosynthesis Level: 50 Tera Type: Fairy - Power Gem - Moonblast - Dazzling Gleam - Shadow Ball <\/details><\/div> Open Team Sheet for glaci3rwand3r<\/summary>Brain Damage\u266a\u266a (Roaring Moon) @ Booster Energy Ability: Protosynthesis Level: 50 Tera Type: Flying - Acrobatics - Tailwind - Throat Chop - Protect Alone\u266a\u266a (Flutter Mane) @ Choice Specs Ability: Protosynthesis Level: 50 Tera Type: Fairy - Dazzling Gleam - Moonblast - Shadow Ball - Psyshock Misery\u266a\u266a (Iron Hands) @ Assault Vest Ability: Quark Drive Level: 50 Shiny: Yes Tera Type: Fire - Drain Punch - Wild Charge - Heavy Slam - Fake Out WndrfulWrld\u266a\u266a (Amoonguss) (F) @ Sitrus Berry Ability: Regenerator Level: 50 Shiny: Yes Tera Type: Water - Pollen Puff - Rage Powder - Spore - Clear Smog Runnin' Blind\u266a\u266a (Chi-Yu) @ Covert Cloak Ability: Beads of Ruin Level: 50 Tera Type: Water - Nasty Plot - Dark Pulse - Heat Wave - Protect Changes\u266a\u266a (Gyarados) (F) @ Lum Berry Ability: Intimidate Level: 50 Tera Type: Steel - Waterfall - Thunder Wave - Taunt - Protect <\/details><\/div>\n|j|%Borghi\n|c|\u2606Radio Free C-Side|glhf\n|j| Lori Ori\n|j| baldafor\n|inactive|Battle timer is ON: inactive players will automatically lose when time's up. (requested by Radio Free C-Side)\n|inactive|glaci3rwand3r has 60 seconds left.\n|c|\u2606glaci3rwand3r|u2\n|\n|t:|1683078580\n|start\n|switch|p1a: Klefki|Klefki, L50, M|100\/100\n|switch|p1b: Tyranitar|Tyranitar, L50, F|100\/100\n|switch|p2a: Brain Damage\u266a\u266a|Roaring Moon, L50|100\/100\n|switch|p2b: Changes\u266a\u266a|Gyarados, L50, F|100\/100\n|-ability|p2b: Changes\u266a\u266a|Intimidate|boost\n|-unboost|p1a: Klefki|atk|1\n|-unboost|p1b: Tyranitar|atk|1\n|-weather|Sandstorm|[from] ability: Sand Stream|[of] p1b: Tyranitar\n|-enditem|p2a: Brain Damage\u266a\u266a|Booster Energy\n|-activate|p2a: Brain Damage\u266a\u266a|ability: Protosynthesis|[fromitem]\n|-start|p2a: Brain Damage\u266a\u266a|protosynthesisatk\n|turn|1\n|\n|t:|1683078604\n|-end|p2a: Brain Damage\u266a\u266a|Protosynthesis|[silent]\n|switch|p2a: Misery\u266a\u266a|Iron Hands, L50, shiny|100\/100\n|move|p2b: Changes\u266a\u266a|Taunt|p1a: Klefki\n|-start|p1a: Klefki|move: Taunt\n|move|p1a: Klefki|Dazzling Gleam|p2a: Misery\u266a\u266a|[spread] p2a,p2b\n|-supereffective|p2a: Misery\u266a\u266a\n|-damage|p2a: Misery\u266a\u266a|82\/100\n|-damage|p2b: Changes\u266a\u266a|85\/100\n|move|p1b: Tyranitar|Low Kick|p2a: Misery\u266a\u266a\n|-damage|p2a: Misery\u266a\u266a|60\/100\n|\n|-weather|Sandstorm|[upkeep]\n|-damage|p2b: Changes\u266a\u266a|79\/100|[from] Sandstorm\n|-damage|p2a: Misery\u266a\u266a|54\/100|[from] Sandstorm\n|upkeep\n|turn|2\n|\n|t:|1683078628\n|-terastallize|p1b: Tyranitar|Flying\n|move|p2b: Changes\u266a\u266a|Thunder Wave|p1a: Klefki\n|-status|p1a: Klefki|par\n|move|p1b: Tyranitar|Rock Slide|p2b: Changes\u266a\u266a|[spread] p2a,p2b\n|-resisted|p2a: Misery\u266a\u266a\n|-supereffective|p2b: Changes\u266a\u266a\n|-damage|p2a: Misery\u266a\u266a|46\/100\n|-damage|p2b: Changes\u266a\u266a|38\/100\n|move|p2a: Misery\u266a\u266a|Drain Punch|p1b: Tyranitar\n|-resisted|p1b: Tyranitar\n|-damage|p1b: Tyranitar|85\/100\n|-heal|p2a: Misery\u266a\u266a|53\/100|[from] drain|[of] p1b: Tyranitar\n|cant|p1a: Klefki|par\n|\n|-weather|Sandstorm|[upkeep]\n|-damage|p2b: Changes\u266a\u266a|32\/100|[from] Sandstorm\n|-damage|p1b: Tyranitar|79\/100|[from] Sandstorm\n|-damage|p2a: Misery\u266a\u266a|47\/100|[from] Sandstorm\n|upkeep\n|turn|3\n|\n|t:|1683078652\n|move|p2b: Changes\u266a\u266a|Thunder Wave|p1b: Tyranitar\n|-status|p1b: Tyranitar|par\n|move|p2a: Misery\u266a\u266a|Wild Charge|p1b: Tyranitar\n|-supereffective|p1b: Tyranitar\n|-damage|p1b: Tyranitar|2\/100 par\n|-damage|p2a: Misery\u266a\u266a|30\/100|[from] Recoil\n|move|p1a: Klefki|Dazzling Gleam|p2a: Misery\u266a\u266a|[spread] p2a,p2b\n|-supereffective|p2a: Misery\u266a\u266a\n|-damage|p2a: Misery\u266a\u266a|11\/100\n|-damage|p2b: Changes\u266a\u266a|18\/100\n|move|p1b: Tyranitar|Rock Slide|p2a: Misery\u266a\u266a|[spread] p2a,p2b\n|-resisted|p2a: Misery\u266a\u266a\n|-supereffective|p2b: Changes\u266a\u266a\n|-damage|p2a: Misery\u266a\u266a|5\/100\n|-damage|p2b: Changes\u266a\u266a|0 fnt\n|faint|p2b: Changes\u266a\u266a\n|\n|-weather|Sandstorm|[upkeep]\n|-damage|p2a: Misery\u266a\u266a|0 fnt|[from] Sandstorm\n|-damage|p1b: Tyranitar|0 fnt|[from] Sandstorm\n|faint|p2a: Misery\u266a\u266a\n|-end|p2a: Misery\u266a\u266a|Quark Drive|[silent]\n|faint|p1b: Tyranitar\n|-end|p1a: Klefki|move: Taunt\n|upkeep\n|inactive|Radio Free C-Side has 30 seconds left.\n|\n|t:|1683078682\n|switch|p2b: Alone\u266a\u266a|Flutter Mane, L50|100\/100\n|switch|p1b: Flutter Mane|Flutter Mane, L50|100\/100\n|switch|p2a: Brain Damage\u266a\u266a|Roaring Moon, L50|100\/100\n|turn|4\n|inactive|glaci3rwand3r has 30 seconds left.\n|\n|t:|1683078708\n|-terastallize|p2a: Brain Damage\u266a\u266a|Flying\n|move|p1a: Klefki|Thunder Wave|p2b: Alone\u266a\u266a\n|-status|p2b: Alone\u266a\u266a|par\n|move|p2a: Brain Damage\u266a\u266a|Tailwind|p2a: Brain Damage\u266a\u266a\n|-sidestart|p2: glaci3rwand3r|move: Tailwind\n|move|p2b: Alone\u266a\u266a|Shadow Ball|p1a: Klefki\n|-damage|p1a: Klefki|29\/100 par\n|-enditem|p1a: Klefki|Sitrus Berry|[eat]\n|-heal|p1a: Klefki|54\/100 par|[from] item: Sitrus Berry\n|move|p1b: Flutter Mane|Shadow Ball|p2b: Alone\u266a\u266a\n|-supereffective|p2b: Alone\u266a\u266a\n|-damage|p2b: Alone\u266a\u266a|0 fnt\n|faint|p2b: Alone\u266a\u266a\n|-end|p2b: Alone\u266a\u266a|Protosynthesis|[silent]\n|\n|-weather|Sandstorm|[upkeep]\n|-damage|p2a: Brain Damage\u266a\u266a|94\/100|[from] Sandstorm\n|-damage|p1b: Flutter Mane|94\/100|[from] Sandstorm\n|upkeep\n|turn|5\n|c|\u2606glaci3rwand3r|gg\n|\n|t:|1683078728\n|move|p1a: Klefki|Thunder Wave|p2a: Brain Damage\u266a\u266a\n|-status|p2a: Brain Damage\u266a\u266a|par\n|move|p2a: Brain Damage\u266a\u266a|Acrobatics|p1b: Flutter Mane\n|-damage|p1b: Flutter Mane|0 fnt\n|faint|p1b: Flutter Mane\n|-end|p1b: Flutter Mane|Protosynthesis|[silent]\n|\n|-weather|none\n|upkeep\n|c|\u2606Radio Free C-Side|gg\n|\n|t:|1683078735\n|switch|p1b: Dragapult|Dragapult, L50, M|100\/100\n|turn|6\n|\n|t:|1683078744\n|move|p1a: Klefki|Reflect|p1a: Klefki\n|-sidestart|p1: Radio Free C-Side|Reflect\n|move|p1b: Dragapult|Phantom Force||[still]\n|-prepare|p1b: Dragapult|Phantom Force\n|move|p2a: Brain Damage\u266a\u266a|Acrobatics|p1b: Dragapult|[miss]\n|-miss|p2a: Brain Damage\u266a\u266a|p1b: Dragapult\n|\n|upkeep\n|turn|7\n|\n|t:|1683078750\n|move|p1b: Dragapult|Phantom Force|p2a: Brain Damage\u266a\u266a|[from]lockedmove\n|-damage|p2a: Brain Damage\u266a\u266a|13\/100 par\n|move|p2a: Brain Damage\u266a\u266a|Acrobatics|p1b: Dragapult\n|-damage|p1b: Dragapult|43\/100\n|cant|p1a: Klefki|par\n|\n|-sideend|p2: glaci3rwand3r|move: Tailwind\n|upkeep\n|turn|8\n|\n|t:|1683078758\n|move|p1b: Dragapult|Phantom Force||[still]\n|-prepare|p1b: Dragapult|Phantom Force\n|move|p2a: Brain Damage\u266a\u266a|Acrobatics|p1b: Dragapult|[miss]\n|-miss|p2a: Brain Damage\u266a\u266a|p1b: Dragapult\n|cant|p1a: Klefki|par\n|\n|upkeep\n|turn|9\n|\n|t:|1683078765\n|move|p1b: Dragapult|Phantom Force|p2a: Brain Damage\u266a\u266a|[from]lockedmove\n|-damage|p2a: Brain Damage\u266a\u266a|0 fnt\n|faint|p2a: Brain Damage\u266a\u266a\n|-end|p2a: Brain Damage\u266a\u266a|Protosynthesis|[silent]\n|\n|win|Radio Free C-Side\n|n|\u2606Radio Free C-Side|radiofreecside\n|n|\u2606glaci3rwand3r|glaci3rwand3r\n|n| Borghi|borghi\n|n| Lori Ori|loriori\n|n| baldafor|baldafor\n","uploadtime":1683078766,"views":11,"p1id":"radiofreecside","p2id":"glaci3rwand3r","formatid":"gen9vgc2023regulationc","rating":0,"private":0,"password":""}