{"id":"gen9vgc2023regulationc-1861584857","p1":"zlint","p2":"zakpokechile","format":"[Gen 9] VGC 2023 Regulation C","log":"|j|\u2606zlint\n|j|\u2606zakpokechile\n|t:|1683776829\n|gametype|doubles\n|player|p1|zlint|lyra-masters2|1361\n|player|p2|zakpokechile|grimsley|1262\n|teamsize|p1|6\n|teamsize|p2|6\n|gen|9\n|tier|[Gen 9] VGC 2023 Regulation C\n|rated|\n|rule|Species Clause: Limit one of each Pok\u00e9mon\n|rule|Item Clause: Limit one of each item\n|clearpoke\n|poke|p1|Scream Tail, L50|\n|poke|p1|Baxcalibur, L50, F|\n|poke|p1|Corviknight, L50, M|\n|poke|p1|Rotom-Wash, L50|\n|poke|p1|Flutter Mane, L50|\n|poke|p1|Tyranitar, L50, M|\n|poke|p2|Pelipper, L50, M|\n|poke|p2|Chien-Pao, L50|\n|poke|p2|Palafin, L50, F|\n|poke|p2|Amoonguss, L50, M|\n|poke|p2|Iron Hands, L50|\n|poke|p2|Murkrow, L50, M|\n|teampreview|4\nzlint has agreed to open team sheets.\n|\n|t:|1683776878\n|start\n|switch|p1a: Corviknight|Corviknight, L50, M, shiny|100\/100\n|switch|p1b: Rotom|Rotom-Wash, L50, shiny|100\/100\n|switch|p2a: Iron Hands|Iron Hands, L50|100\/100\n|switch|p2b: Murkrow|Murkrow, L50, M|100\/100\n|turn|1\n|\n|t:|1683776896\n|move|p2a: Iron Hands|Fake Out|p1b: Rotom\n|-damage|p1b: Rotom|87\/100\n|move|p2b: Murkrow|Tailwind|p2b: Murkrow\n|-sidestart|p2: zakpokechile|move: Tailwind\n|cant|p1b: Rotom|flinch\n|move|p1a: Corviknight|Brave Bird|p2a: Iron Hands\n|-damage|p2a: Iron Hands|77\/100\n|-damage|p1a: Corviknight|91\/100|[from] Recoil\n|\n|upkeep\n|turn|2\n|inactive|Battle timer is ON: inactive players will automatically lose when time's up. (requested by zakpokechile)\n|inactive|zakpokechile has 60 seconds left.\n|inactive|zlint has 60 seconds left.\n|inactive|zakpokechile has 30 seconds left.\n|\n|t:|1683776961\n|switch|p2b: Amoonguss|Amoonguss, L50, M|100\/100\n|switch|p1a: Scream Tail|Scream Tail, L50, shiny|100\/100\n|-enditem|p1a: Scream Tail|Booster Energy\n|-activate|p1a: Scream Tail|ability: Protosynthesis|[fromitem]\n|-start|p1a: Scream Tail|protosynthesisspe\n|move|p2a: Iron Hands|Wild Charge|p1a: Scream Tail\n|-damage|p1a: Scream Tail|60\/100\n|-damage|p2a: Iron Hands|67\/100|[from] Recoil\n|move|p1b: Rotom|Will-O-Wisp|p2a: Iron Hands\n|-status|p2a: Iron Hands|brn\n|\n|-damage|p2a: Iron Hands|61\/100 brn|[from] brn\n|upkeep\n|turn|3\n|\n|t:|1683776980\n|switch|p1b: Corviknight|Corviknight, L50, M, shiny|91\/100\n|move|p1a: Scream Tail|Disable|p2a: Iron Hands\n|-start|p2a: Iron Hands|Disable|Wild Charge\n|move|p2a: Iron Hands|Swords Dance|p2a: Iron Hands\n|-boost|p2a: Iron Hands|atk|2\n|move|p2b: Amoonguss|Pollen Puff|p2a: Iron Hands\n|-heal|p2a: Iron Hands|100\/100 brn\n|\n|-damage|p2a: Iron Hands|94\/100 brn|[from] brn\n|upkeep\n|turn|4\n|\n|t:|1683776995\n|move|p1a: Scream Tail|Encore|p2a: Iron Hands\n|-start|p2a: Iron Hands|Encore\n|move|p2a: Iron Hands|Swords Dance|p2a: Iron Hands\n|-boost|p2a: Iron Hands|atk|2\n|move|p2b: Amoonguss|Spore|p1a: Scream Tail\n|-status|p1a: Scream Tail|slp|[from] move: Spore\n|move|p1b: Corviknight|Brave Bird|p2b: Amoonguss\n|-supereffective|p2b: Amoonguss\n|-damage|p2b: Amoonguss|22\/100\n|-damage|p1b: Corviknight|75\/100|[from] item: Rocky Helmet|[of] p2b: Amoonguss\n|-damage|p1b: Corviknight|47\/100|[from] Recoil\n|\n|-damage|p2a: Iron Hands|88\/100 brn|[from] brn\n|-sideend|p2: zakpokechile|move: Tailwind\n|upkeep\n|turn|5\n|\n|t:|1683777021\n|-end|p2a: Iron Hands|Quark Drive|[silent]\n|switch|p2a: Murkrow|Murkrow, L50, M|100\/100\n|switch|p2b: Chien-Pao|Chien-Pao, L50|100\/100\n|-ability|p2b: Chien-Pao|Sword of Ruin\n|cant|p1a: Scream Tail|slp\n|move|p1b: Corviknight|Roost|p1b: Corviknight\n|-heal|p1b: Corviknight|97\/100\n|-singleturn|p1b: Corviknight|move: Roost\n|\n|upkeep\n|turn|6\n|\n|t:|1683777042\n|move|p2a: Murkrow|Tailwind|p2a: Murkrow\n|-sidestart|p2: zakpokechile|move: Tailwind\n|move|p2b: Chien-Pao|Ice Spinner|p1a: Scream Tail\n|-crit|p1a: Scream Tail\n|-damage|p1a: Scream Tail|4\/100 slp\n|-curestatus|p1a: Scream Tail|slp|[msg]\n|move|p1a: Scream Tail|Play Rough|p2b: Chien-Pao\n|-supereffective|p2b: Chien-Pao\n|-damage|p2b: Chien-Pao|41\/100\n|move|p1b: Corviknight|Iron Head|p2b: Chien-Pao\n|-supereffective|p2b: Chien-Pao\n|-damage|p2b: Chien-Pao|0 fnt\n|faint|p2b: Chien-Pao\n|\n|upkeep\n|\n|t:|1683777052\n|switch|p2b: Iron Hands|Iron Hands, L50|88\/100 brn\n|turn|7\n|\n|t:|1683777075\n|-end|p1a: Scream Tail|Protosynthesis|[silent]\n|switch|p1a: Rotom|Rotom-Wash, L50, shiny|87\/100\n|move|p2b: Iron Hands|Fake Out|p1a: Rotom\n|-crit|p1a: Rotom\n|-damage|p1a: Rotom|77\/100\n|move|p2a: Murkrow|Foul Play|p1b: Corviknight\n|-damage|p1b: Corviknight|71\/100\n|move|p1b: Corviknight|Brave Bird|p2a: Murkrow\n|-damage|p2a: Murkrow|50\/100\n|-damage|p1b: Corviknight|57\/100|[from] Recoil\n|\n|-damage|p2b: Iron Hands|82\/100 brn|[from] brn\n|upkeep\n|turn|8\n|\n|t:|1683777090\n|move|p2a: Murkrow|Foul Play|p1b: Corviknight\n|-damage|p1b: Corviknight|33\/100\n|move|p2b: Iron Hands|Swords Dance|p2b: Iron Hands\n|-boost|p2b: Iron Hands|atk|2\n|move|p1a: Rotom|Thunderbolt|p2a: Murkrow\n|-supereffective|p2a: Murkrow\n|-damage|p2a: Murkrow|0 fnt\n|faint|p2a: Murkrow\n|move|p1b: Corviknight|Tailwind|p1b: Corviknight\n|-sidestart|p1: zlint|move: Tailwind\n|\n|-damage|p2b: Iron Hands|76\/100 brn|[from] brn\n|upkeep\n|\n|t:|1683777093\n|switch|p2a: Amoonguss|Amoonguss, L50, M|55\/100\n|turn|9\n|\n|t:|1683777118\n|move|p1a: Rotom|Hydro Pump|p2b: Iron Hands\n|-damage|p2b: Iron Hands|39\/100 brn\n|-enditem|p2b: Iron Hands|Sitrus Berry|[eat]\n|-heal|p2b: Iron Hands|64\/100 brn|[from] item: Sitrus Berry\n|move|p1b: Corviknight|Brave Bird|p2a: Amoonguss\n|-supereffective|p2a: Amoonguss\n|-damage|p2a: Amoonguss|0 fnt\n|-damage|p1b: Corviknight|17\/100|[from] item: Rocky Helmet|[of] p2a: Amoonguss\n|faint|p2a: Amoonguss\n|-damage|p1b: Corviknight|0 fnt|[from] Recoil\n|faint|p1b: Corviknight\n|move|p2b: Iron Hands|Drain Punch|p1a: Rotom\n|-damage|p1a: Rotom|38\/100\n|-heal|p2b: Iron Hands|77\/100 brn|[from] drain|[of] p1a: Rotom\n|-enditem|p1a: Rotom|Sitrus Berry|[eat]\n|-heal|p1a: Rotom|63\/100|[from] item: Sitrus Berry\n|\n|-damage|p2b: Iron Hands|70\/100 brn|[from] brn\n|-sideend|p2: zakpokechile|move: Tailwind\n|upkeep\n|\n|t:|1683777126\n|switch|p1b: Baxcalibur|Baxcalibur, L50, F|100\/100\n|turn|10\n|\n|t:|1683777133\n|-terastallize|p1b: Baxcalibur|Poison\n|move|p1b: Baxcalibur|Icicle Spear|p2b: Iron Hands\n|-damage|p2b: Iron Hands|60\/100 brn\n|-damage|p2b: Iron Hands|50\/100 brn\n|-damage|p2b: Iron Hands|40\/100 brn\n|-damage|p2b: Iron Hands|30\/100 brn\n|-crit|p2b: Iron Hands\n|-damage|p2b: Iron Hands|15\/100 brn\n|-hitcount|p2b: Iron Hands|5\n|move|p1a: Rotom|Hydro Pump|p2b: Iron Hands|[miss]\n|-miss|p1a: Rotom|p2b: Iron Hands\n|move|p2b: Iron Hands|Drain Punch|p1b: Baxcalibur\n|-resisted|p1b: Baxcalibur\n|-damage|p1b: Baxcalibur|81\/100\n|-heal|p2b: Iron Hands|23\/100 brn|[from] drain|[of] p1b: Baxcalibur\n|\n|-damage|p2b: Iron Hands|17\/100 brn|[from] brn\n|upkeep\n|turn|11\n|-message|zakpokechile forfeited.\n|\n|win|zlint\n|raw|zlint's rating: 1361 → 1375<\/strong> (+14 for winning)\n|raw|zakpokechile's rating: 1262 → 1244<\/strong> (-18 for losing)\n|l|\u2606zakpokechile\n","uploadtime":1683777152,"views":13,"p1id":"zlint","p2id":"zakpokechile","formatid":"gen9vgc2023regulationc","rating":1244,"private":0,"password":""}