{"id":"gen9vgc2023regulationc-1862236800","p1":"clovehitch","p2":"Beyontle","format":"[Gen 9] VGC 2023 Regulation C","log":"|j|\u2606clovehitch\n|j|\u2606Beyontle\n|t:|1683853255\n|gametype|doubles\n|player|p1|clovehitch|iris-gen5bw2|\n|player|p2|Beyontle|gambler|\n|teamsize|p1|6\n|teamsize|p2|6\n|gen|9\n|tier|[Gen 9] VGC 2023 Regulation C\n|rated|Tournament battle\n|rule|Species Clause: Limit one of each Pok\u00e9mon\n|rule|Item Clause: Limit one of each item\n|clearpoke\n|poke|p1|Glimmora, L50, M|\n|poke|p1|Dragonite, L50, M|\n|poke|p1|Dondozo, L50, M|\n|poke|p1|Tatsugiri, L50, F|\n|poke|p1|Chi-Yu, L50|\n|poke|p1|Iron Bundle, L50|\n|poke|p2|Tinkaton, L50, F|\n|poke|p2|Kingambit, L50, F|\n|poke|p2|Dondozo, L50, F|\n|poke|p2|Tatsugiri-Droopy, L50, M|\n|poke|p2|Chi-Yu, L50|\n|poke|p2|Flutter Mane, L50|\n|teampreview|4\n|raw| Open Team Sheet for clovehitch<\/summary>Glimmora (M) @ Assault Vest Ability: Toxic Debris Level: 50 Shiny: Yes Tera Type: Grass - Mortal Spin - Power Gem - Earth Power - Energy Ball Dragonite (M) @ Choice Band Ability: Multiscale Level: 50 Shiny: Yes Tera Type: Normal - Outrage - Ice Spinner - Extreme Speed - Earthquake Dondozo (M) @ Leftovers Ability: Oblivious Level: 50 Tera Type: Grass - Wave Crash - Earthquake - Tera Blast - Protect Tatsugiri (F) @ Choice Scarf Ability: Commander Level: 50 Tera Type: Steel - Draco Meteor - Muddy Water - Icy Wind - Sleep Talk Chi-Yu @ Focus Sash Ability: Beads of Ruin Level: 50 Tera Type: Ghost - Overheat - Heat Wave - Dark Pulse - Protect Iron Bundle @ Booster Energy Ability: Quark Drive Level: 50 Shiny: Yes Tera Type: Ice - Hydro Pump - Icy Wind - Freeze-Dry - Protect <\/details><\/div> Open Team Sheet for Beyontle<\/summary>Tinkaton (F) @ Figy Berry Ability: Mold Breaker Level: 50 Tera Type: Water - Feint - Encore - Gigaton Hammer - Protect Kingambit @ Black Glasses Ability: Defiant Level: 50 Tera Type: Flying - Iron Head - Assurance - Tera Blast - Protect Yo Mom's DMs (Dondozo) @ Chesto Berry Ability: Unaware Level: 50 Tera Type: Electric - Tera Blast - Wave Crash - Earthquake - Rest Me (Tatsugiri-Droopy) @ Roseli Berry Ability: Commander Level: 50 Shiny: Yes Tera Type: Fire - Draco Meteor - Muddy Water - Protect - Mirror Coat Filet-O-Fish (Chi-Yu) @ Focus Sash Ability: Beads of Ruin Level: 50 Tera Type: Grass - Heat Wave - Tera Blast - Taunt - Protect Flutter Mane @ Choice Specs Ability: Protosynthesis Level: 50 Tera Type: Fairy - Moonblast - Shadow Ball - Dazzling Gleam - Thunderbolt <\/details><\/div>\n|j| altarboy69\n|c|\u2606Beyontle|glhf\n|c|\u2606clovehitch|u2\n|j| Radio Free C-Side\n|\n|t:|1683853307\n|start\n|switch|p1a: Dragonite|Dragonite, L50, M, shiny|100\/100\n|switch|p1b: Glimmora|Glimmora, L50, M, shiny|100\/100\n|switch|p2a: Yo Mom's DMs|Dondozo, L50, F|100\/100\n|switch|p2b: Flutter Mane|Flutter Mane, L50|100\/100\n|turn|1\n|j| Zilluhh\n|j| Garydosses\n|\n|t:|1683853354\n|-end|p2b: Flutter Mane|Protosynthesis|[silent]\n|switch|p2b: Me|Tatsugiri-Droopy, L50, M, shiny|100\/100\n|-activate|p2b: Me|ability: Commander|[of] p2a: Yo Mom's DMs\n|-boost|p2a: Yo Mom's DMs|atk|2\n|-boost|p2a: Yo Mom's DMs|spa|2\n|-boost|p2a: Yo Mom's DMs|spe|2\n|-boost|p2a: Yo Mom's DMs|def|2\n|-boost|p2a: Yo Mom's DMs|spd|2\n|move|p2a: Yo Mom's DMs|Earthquake|p1a: Dragonite|[spread] p1b\n|-miss|p2a: Yo Mom's DMs|p2b: Me\n|-immune|p1a: Dragonite\n|-supereffective|p1b: Glimmora\n|-damage|p1b: Glimmora|0 fnt\n|-activate|p1b: Glimmora|ability: Toxic Debris\n|-sidestart|p2: Beyontle|move: Toxic Spikes\n|faint|p1b: Glimmora\n|move|p1a: Dragonite|Outrage|p2b: Me|[miss]\n|-miss|p1a: Dragonite|p2b: Me\n|\n|upkeep\n|\n|t:|1683853372\n|switch|p1b: Dondozo|Dondozo, L50, M|100\/100\n|turn|2\n|\n|t:|1683853377\n|-terastallize|p2a: Yo Mom's DMs|Electric\n|move|p1b: Dondozo|Protect|p1b: Dondozo\n|-singleturn|p1b: Dondozo|Protect\n|move|p2a: Yo Mom's DMs|Tera Blast|p1b: Dondozo\n|-activate|p1b: Dondozo|move: Protect\n|move|p1a: Dragonite|Outrage|p2b: Me|[miss]\n|-miss|p1a: Dragonite|p2b: Me\n|\n|upkeep\n|turn|3\n|c| Garydosses|Buff outrageo\n|c|\u2606Beyontle|lol\n|c| Garydosses|Should be like dragon darts tbh\n|c|\u2606Beyontle|yeah\n|j| Black_Majik\n|c|\u2606clovehitch|great\n|c|\u2606Beyontle|btw clovehitch\n|\n|t:|1683853418\n|-terastallize|p1b: Dondozo|Grass\n|move|p2a: Yo Mom's DMs|Tera Blast|p1b: Dondozo\n|-resisted|p1b: Dondozo\n|-damage|p1b: Dondozo|77\/100\n|move|p1a: Dragonite|Outrage|p2a: Yo Mom's DMs\n|-damage|p2a: Yo Mom's DMs|70\/100\n|move|p1b: Dondozo|Earthquake|p2a: Yo Mom's DMs|[spread] p2a\n|-miss|p1b: Dondozo|p2b: Me\n|-immune|p1a: Dragonite\n|-supereffective|p2a: Yo Mom's DMs\n|-damage|p2a: Yo Mom's DMs|57\/100\n|\n|-heal|p1b: Dondozo|83\/100|[from] item: Leftovers\n|upkeep\n|turn|4\n|c|\u2606Beyontle|why oblivious dondozo\n|\n|t:|1683853452\n|move|p2a: Yo Mom's DMs|Wave Crash|p1b: Dondozo\n|-resisted|p1b: Dondozo\n|-crit|p1b: Dondozo\n|-damage|p1b: Dondozo|35\/100\n|-damage|p2a: Yo Mom's DMs|43\/100|[from] Recoil\n|move|p1a: Dragonite|Outrage|p2a: Yo Mom's DMs|[from]lockedmove\n|-damage|p2a: Yo Mom's DMs|13\/100\n|move|p1b: Dondozo|Earthquake|p2b: Me|[spread] p2a\n|-miss|p1b: Dondozo|p2b: Me\n|-immune|p1a: Dragonite\n|-supereffective|p2a: Yo Mom's DMs\n|-damage|p2a: Yo Mom's DMs|0 fnt\n|faint|p2a: Yo Mom's DMs\n|\n|-heal|p1b: Dondozo|41\/100|[from] item: Leftovers\n|upkeep\n|c|\u2606clovehitch|uff\n|\n|t:|1683853469\n|switch|p2a: Flutter Mane|Flutter Mane, L50|100\/100\n|-status|p2a: Flutter Mane|psn\n|turn|5\n|c|\u2606clovehitch|that crit hurts\n|c|\u2606clovehitch|better in all mu\n|\n|t:|1683853506\n|move|p1b: Dondozo|Protect|p1b: Dondozo\n|-singleturn|p1b: Dondozo|Protect\n|move|p2a: Flutter Mane|Dazzling Gleam|p1b: Dondozo|[spread] p1a\n|-activate|p1b: Dondozo|move: Protect\n|-supereffective|p1a: Dragonite\n|-damage|p1a: Dragonite|51\/100\n|move|p1a: Dragonite|Outrage|p2a: Flutter Mane|[from]lockedmove\n|-immune|p2a: Flutter Mane\n|-start|p1a: Dragonite|confusion|[fatigue]\n|move|p2b: Me|Draco Meteor|p1b: Dondozo\n|-activate|p1b: Dondozo|move: Protect\n|\n|-heal|p1b: Dondozo|47\/100|[from] item: Leftovers\n|-damage|p2a: Flutter Mane|88\/100 psn|[from] psn\n|upkeep\n|turn|6\n|j| chicagolocaltop16\n|c|\u2606Beyontle|LOL\n|c| Radio Free C-Side|outrage really just not feeling it right now\n|c| Garydosses|Yo that dnote lives wo multiscale\n|c| Garydosses|Wtf\n|c|\u2606clovehitch|if only my dragonite wasnt blind\u00e7\n|c|\u2606Beyontle|seriously\n|\n|t:|1683853545\n|switch|p1a: Tatsugiri|Tatsugiri, L50, F|100\/100\n|-activate|p1a: Tatsugiri|ability: Commander|[of] p1b: Dondozo\n|-boost|p1b: Dondozo|atk|2\n|-boost|p1b: Dondozo|spa|2\n|-boost|p1b: Dondozo|spe|2\n|-boost|p1b: Dondozo|def|2\n|-boost|p1b: Dondozo|spd|2\n|move|p2a: Flutter Mane|Dazzling Gleam|p1b: Dondozo|[spread] p1b\n|-miss|p2a: Flutter Mane|p1a: Tatsugiri\n|-damage|p1b: Dondozo|27\/100\n|move|p1b: Dondozo|Earthquake|p2b: Me|[spread] p2a,p2b\n|-miss|p1b: Dondozo|p1a: Tatsugiri\n|-damage|p2a: Flutter Mane|2\/100 psn\n|-damage|p2b: Me|42\/100\n|move|p2b: Me|Draco Meteor|p1b: Dondozo\n|-damage|p1b: Dondozo|0 fnt\n|-unboost|p2b: Me|spa|2\n|faint|p1b: Dondozo\n|\n|-damage|p2a: Flutter Mane|0 fnt|[from] psn\n|faint|p2a: Flutter Mane\n|-end|p2a: Flutter Mane|Protosynthesis|[silent]\n|upkeep\n|\n|t:|1683853569\n|switch|p2a: Kingambit|Kingambit, L50, F|100\/100\n|switch|p1b: Dragonite|Dragonite, L50, M, shiny|51\/100\n|turn|7\n|\n|t:|1683853601\n|move|p2b: Me|Protect|p2b: Me\n|-singleturn|p2b: Me|Protect\n|move|p1a: Tatsugiri|Muddy Water|p2a: Kingambit|[spread] \n|-activate|p2b: Me|move: Protect\n|-miss|p1a: Tatsugiri|p2a: Kingambit\n|move|p1b: Dragonite|Earthquake|p2b: Me|[spread] p1a,p2a\n|-activate|p2b: Me|move: Protect\n|-supereffective|p2a: Kingambit\n|-damage|p1a: Tatsugiri|24\/100\n|-damage|p2a: Kingambit|32\/100\n|move|p2a: Kingambit|Iron Head|p1b: Dragonite\n|-damage|p1b: Dragonite|3\/100\n|\n|upkeep\n|turn|8\n|c|\u2606clovehitch|great\n|c|\u2606Beyontle|omg\n|c| Radio Free C-Side|all of your mons really are blind huh\n|c|\u2606clovehitch|my tatsu is also blind\n|\n|t:|1683853657\n|move|p1a: Tatsugiri|Muddy Water|p2a: Kingambit|[spread] p2a,p2b\n|-crit|p2a: Kingambit\n|-resisted|p2b: Me\n|-damage|p2a: Kingambit|0 fnt\n|-damage|p2b: Me|34\/100\n|faint|p2a: Kingambit\n|move|p1b: Dragonite|Earthquake|p2b: Me|[spread] p1a,p2b\n|-damage|p1a: Tatsugiri|0 fnt\n|-damage|p2b: Me|0 fnt\n|faint|p1a: Tatsugiri\n|faint|p2b: Me\n|\n|win|clovehitch\n|n|\u2606clovehitch|clovehitch\n|n|\u2606Beyontle|beyontle\n|n| altarboy69|altarboy69\n|n| Radio Free C-Side|radiofreecside\n|n| Zilluhh|zilluhh\n|n| Garydosses|garydosses\n|n| Black_Majik|blackmajik\n|n| chicagolocaltop16|chicagolocaltop16\n|c| Radio Free C-Side|>can't get their mons glasses smh\n|c|\u2606clovehitch|gg\n|c|\u2606Beyontle|gg\n|l| Garydosses\n","uploadtime":1683853671,"views":6,"p1id":"clovehitch","p2id":"beyontle","formatid":"gen9vgc2023regulationc","rating":0,"private":0,"password":""}