{"id":"gen9vgc2023regulationc-1861539134","p1":"RonJohn","p2":"ryuteki","format":"[Gen 9] VGC 2023 Regulation C","log":"|j|\u2606RonJohn\n|j|\u2606ryuteki\n|t:|1683770491\n|gametype|doubles\n|player|p1|RonJohn|266|1118\n|player|p2|ryuteki|cynthia-gen4|1223\n|teamsize|p1|6\n|teamsize|p2|6\n|gen|9\n|tier|[Gen 9] VGC 2023 Regulation C\n|rated|\n|rule|Species Clause: Limit one of each Pok\u00e9mon\n|rule|Item Clause: Limit one of each item\n|clearpoke\n|poke|p1|Flutter Mane, L50|\n|poke|p1|Orthworm, L50, M|\n|poke|p1|Dragonite, L50, M|\n|poke|p1|Amoonguss, L50, M|\n|poke|p1|Gyarados, L50, M|\n|poke|p1|Ting-Lu, L50|\n|poke|p2|Annihilape, L50, M|\n|poke|p2|Maushold-Four, L50|\n|poke|p2|Chien-Pao, L50|\n|poke|p2|Ting-Lu, L50|\n|poke|p2|Gyarados, L50, F|\n|poke|p2|Gholdengo, L50|\n|teampreview|4\n|inactive|Battle timer is ON: inactive players will automatically lose when time's up. (requested by ryuteki)\nRonJohn has agreed to open team sheets.\nryuteki has agreed to open team sheets.\n|inactive|ryuteki has 60 seconds left.\n|\n|t:|1683770528\n|start\n|switch|p1a: Ting-Lu|Ting-Lu, L50|100\/100\n|switch|p1b: Orthworm|Orthworm, L50, M|100\/100\n|switch|p2a: Gyarados|Gyarados, L50, F|100\/100\n|switch|p2b: Annihilape|Annihilape, L50, M|100\/100\n|-ability|p2a: Gyarados|Intimidate|boost\n|-unboost|p1a: Ting-Lu|atk|1\n|-unboost|p1b: Orthworm|atk|1\n|-ability|p1a: Ting-Lu|Vessel of Ruin\n|turn|1\n|inactive|RonJohn has 30 seconds left.\n|inactive|RonJohn has 20 seconds left.\n|inactive|RonJohn has 15 seconds left.\n|inactive|RonJohn has 10 seconds left.\n|inactive|RonJohn has 5 seconds left.\n|\n|t:|1683770581\n|move|p1b: Orthworm|Protect|p1b: Orthworm\n|-singleturn|p1b: Orthworm|Protect\n|move|p2b: Annihilape|Bulk Up|p2b: Annihilape\n|-boost|p2b: Annihilape|atk|1\n|-boost|p2b: Annihilape|def|1\n|move|p2a: Gyarados|Taunt|p1b: Orthworm\n|-activate|p1b: Orthworm|move: Protect\n|move|p1a: Ting-Lu|Stomping Tantrum|p2b: Annihilape\n|-damage|p2b: Annihilape|87\/100\n|\n|-heal|p2b: Annihilape|93\/100|[from] item: Leftovers\n|upkeep\n|turn|2\n|inactive|RonJohn has 30 seconds left.\n|inactive|ryuteki has 30 seconds left.\n|inactive|ryuteki has 20 seconds left.\n|inactive|ryuteki has 15 seconds left.\n|\n|t:|1683770623\n|switch|p1a: Flutter Mane|Flutter Mane, L50|100\/100\n|move|p2b: Annihilape|Drain Punch|p1a: Flutter Mane\n|-immune|p1a: Flutter Mane\n|move|p2a: Gyarados|Thunder Wave|p1b: Orthworm\n|-status|p1b: Orthworm|par\n|move|p1b: Orthworm|Shed Tail|p1b: Orthworm\n|-start|p1b: Orthworm|Substitute|[from] move: Shed Tail\n|-damage|p1b: Orthworm|50\/100 par\n|-enditem|p1b: Orthworm|Sitrus Berry|[eat]\n|-heal|p1b: Orthworm|75\/100 par|[from] item: Sitrus Berry\n|\n|t:|1683770639\n|switch|p1b: Dragonite|Dragonite, L50, M|100\/100|[from] Shed Tail\n|\n|-heal|p2b: Annihilape|99\/100|[from] item: Leftovers\n|upkeep\n|turn|3\n|\n|t:|1683770662\n|move|p2b: Annihilape|Protect|p2b: Annihilape\n|-singleturn|p2b: Annihilape|Protect\n|move|p1a: Flutter Mane|Shadow Ball|p2b: Annihilape\n|-activate|p2b: Annihilape|move: Protect\n|move|p1b: Dragonite|Dragon Dance|p1b: Dragonite\n|-boost|p1b: Dragonite|atk|1\n|-boost|p1b: Dragonite|spe|1\n|move|p2a: Gyarados|Iron Head|p1a: Flutter Mane\n|-supereffective|p1a: Flutter Mane\n|-damage|p1a: Flutter Mane|0 fnt\n|faint|p1a: Flutter Mane\n|-end|p1a: Flutter Mane|Protosynthesis|[silent]\n|\n|-heal|p2b: Annihilape|100\/100|[from] item: Leftovers\n|upkeep\n|inactive|RonJohn has 30 seconds left.\n|\n|t:|1683770691\n|switch|p1a: Orthworm|Orthworm, L50, M|75\/100 par\n|turn|4\n|inactive|RonJohn has 30 seconds left.\n|inactive|RonJohn has 20 seconds left.\n|\n|t:|1683770727\n|move|p1b: Dragonite|Earthquake|p2b: Annihilape|[spread] p2b\n|-heal|p1a: Orthworm|100\/100 par|[from] ability: Earth Eater|[of] p1b: Dragonite\n|-immune|p2a: Gyarados\n|-crit|p2b: Annihilape\n|-damage|p2b: Annihilape|46\/100\n|move|p2b: Annihilape|Bulk Up|p2b: Annihilape\n|-boost|p2b: Annihilape|atk|1\n|-boost|p2b: Annihilape|def|1\n|move|p2a: Gyarados|Taunt|p1a: Orthworm\n|-start|p1a: Orthworm|move: Taunt\n|cant|p1a: Orthworm|par\n|\n|-heal|p2b: Annihilape|52\/100|[from] item: Leftovers\n|upkeep\n|turn|5\n|inactive|RonJohn has 30 seconds left.\n|\n|t:|1683770760\n|switch|p1a: Ting-Lu|Ting-Lu, L50|100\/100\n|-ability|p1a: Ting-Lu|Vessel of Ruin\n|move|p1b: Dragonite|Dragon Dance|p1b: Dragonite\n|-boost|p1b: Dragonite|atk|1\n|-boost|p1b: Dragonite|spe|1\n|move|p2b: Annihilape|Drain Punch|p1a: Ting-Lu\n|-supereffective|p1a: Ting-Lu\n|-damage|p1a: Ting-Lu|18\/100\n|-heal|p2b: Annihilape|99\/100|[from] drain|[of] p1a: Ting-Lu\n|move|p2a: Gyarados|Iron Head|p1b: Dragonite\n|-activate|p1b: Dragonite|move: Substitute|[damage]\n|\n|-heal|p2b: Annihilape|100\/100|[from] item: Leftovers\n|upkeep\n|turn|6\n|inactive|RonJohn has 30 seconds left.\n|inactive|RonJohn has 20 seconds left.\n|inactive|RonJohn has 15 seconds left.\n|\n|t:|1683770802\n|switch|p1a: Orthworm|Orthworm, L50, M|100\/100 par\n|move|p1b: Dragonite|Dragon Dance|p1b: Dragonite\n|-boost|p1b: Dragonite|atk|1\n|-boost|p1b: Dragonite|spe|1\n|move|p2b: Annihilape|Drain Punch|p1a: Orthworm\n|-supereffective|p1a: Orthworm\n|-damage|p1a: Orthworm|0 fnt\n|faint|p1a: Orthworm\n|move|p2a: Gyarados|Iron Head|p1b: Dragonite\n|-end|p1b: Dragonite|Substitute\n|\n|upkeep\n|\n|t:|1683770813\n|switch|p1a: Ting-Lu|Ting-Lu, L50|18\/100\n|-ability|p1a: Ting-Lu|Vessel of Ruin\n|turn|7\n|\n|t:|1683770833\n|move|p1b: Dragonite|Earthquake|p2b: Annihilape|[spread] p1a,p2b\n|-immune|p2a: Gyarados\n|-damage|p1a: Ting-Lu|0 fnt\n|-damage|p2b: Annihilape|65\/100\n|faint|p1a: Ting-Lu\n|move|p2b: Annihilape|Drain Punch|p1b: Dragonite\n|-resisted|p1b: Dragonite\n|-damage|p1b: Dragonite|82\/100\n|-heal|p2b: Annihilape|73\/100|[from] drain|[of] p1b: Dragonite\n|move|p2a: Gyarados|Iron Head|p1b: Dragonite\n|-damage|p1b: Dragonite|54\/100\n|\n|-heal|p2b: Annihilape|79\/100|[from] item: Leftovers\n|upkeep\n|turn|8\n|\n|t:|1683770851\n|move|p1b: Dragonite|Ice Spinner|p2b: Annihilape\n|-damage|p2b: Annihilape|42\/100\n|move|p2b: Annihilape|Bulk Up|p2b: Annihilape\n|-boost|p2b: Annihilape|atk|1\n|-boost|p2b: Annihilape|def|1\n|move|p2a: Gyarados|Thunder Wave|p1b: Dragonite\n|-status|p1b: Dragonite|par\n|-enditem|p1b: Dragonite|Lum Berry|[eat]\n|-curestatus|p1b: Dragonite|par|[msg]\n|\n|-heal|p2b: Annihilape|48\/100|[from] item: Leftovers\n|upkeep\n|turn|9\n|\n|t:|1683770871\n|move|p1b: Dragonite|Ice Spinner|p2b: Annihilape\n|-damage|p2b: Annihilape|20\/100\n|move|p2b: Annihilape|Rage Fist|p1b: Dragonite\n|-damage|p1b: Dragonite|0 fnt\n|faint|p1b: Dragonite\n|\n|win|ryuteki\n|raw|RonJohn's rating: 1118 → 1100<\/strong> (-18 for losing)\n|raw|ryuteki's rating: 1223 → 1241<\/strong> (+18 for winning)\n","uploadtime":1683770882,"views":20,"p1id":"ronjohn","p2id":"ryuteki","formatid":"gen9vgc2023regulationc","rating":1100,"private":0,"password":""}