{"id":"gen9vgc2023regulationc-1857745411","p1":"toucansoup","p2":"kanotakekanotake","format":"[Gen 9] VGC 2023 Regulation C","log":"|j|\u2606toucansoup\n|j|\u2606kanotakekanotake\n|t:|1683227742\n|gametype|doubles\n|player|p1|toucansoup|101|1694\n|player|p2|kanotakekanotake|smasher|1676\n|teamsize|p1|6\n|teamsize|p2|6\n|gen|9\n|tier|[Gen 9] VGC 2023 Regulation C\n|rated|\n|rule|Species Clause: Limit one of each Pok\u00e9mon\n|rule|Item Clause: Limit one of each item\n|clearpoke\n|poke|p1|Chi-Yu, L50|\n|poke|p1|Scizor, L50, F|\n|poke|p1|Iron Bundle, L50|\n|poke|p1|Chien-Pao, L50|\n|poke|p1|Garchomp, L50, F|\n|poke|p1|Rotom-Wash, L50|\n|poke|p2|Amoonguss, L50, F|\n|poke|p2|Iron Hands, L50|\n|poke|p2|Garganacl, L50, F|\n|poke|p2|Grimmsnarl, L50, M|\n|poke|p2|Gyarados, L50, M|\n|poke|p2|Flutter Mane, L50|\n|teampreview|4\n|j| Matteopez\n|j| SeydouVGC\n|\n|t:|1683227772\n|start\n|switch|p1a: Scizor|Scizor, L50, F|100\/100\n|switch|p1b: Rotom|Rotom-Wash, L50|100\/100\n|switch|p2a: Iron Hands|Iron Hands, L50|100\/100\n|switch|p2b: Garganacl|Garganacl, L50, F, shiny|100\/100\n|turn|1\n|inactive|Battle timer is ON: inactive players will automatically lose when time's up. (requested by kanotakekanotake)\n|j| hehespider\n|\n|t:|1683227788\n|-terastallize|p2b: Garganacl|Poison\n|move|p2a: Iron Hands|Fake Out|p1b: Rotom\n|-damage|p1b: Rotom|85\/100\n|move|p1a: Scizor|Bullet Punch|p2b: Garganacl\n|-damage|p2b: Garganacl|79\/100\n|cant|p1b: Rotom|flinch\n|move|p2b: Garganacl|Salt Cure|p1a: Scizor\n|-damage|p1a: Scizor|87\/100\n|-start|p1a: Scizor|Salt Cure\n|\n|-heal|p2b: Garganacl|85\/100|[from] item: Leftovers\n|-damage|p1a: Scizor|62\/100|[from] Salt Cure\n|upkeep\n|turn|2\n|\n|t:|1683227809\n|switch|p1a: Garchomp|Garchomp, L50, F|100\/100\n|move|p1b: Rotom|Will-O-Wisp|p2a: Iron Hands\n|-status|p2a: Iron Hands|brn\n|move|p2a: Iron Hands|Drain Punch|p1b: Rotom\n|-damage|p1b: Rotom|62\/100\n|move|p2b: Garganacl|Iron Defense|p2b: Garganacl\n|-boost|p2b: Garganacl|def|2\n|\n|-heal|p2b: Garganacl|90\/100|[from] item: Leftovers\n|-damage|p2a: Iron Hands|94\/100 brn|[from] brn\n|upkeep\n|turn|3\n|\n|t:|1683227830\n|-end|p2a: Iron Hands|Quark Drive|[silent]\n|switch|p2a: Gyarados|Gyarados, L50, M, shiny|100\/100\n|-ability|p2a: Gyarados|Intimidate|boost\n|-fail|p1a: Garchomp|unboost|[from] item: Clear Amulet|[of] p1a: Garchomp\n|-unboost|p1b: Rotom|atk|1\n|-terastallize|p1a: Garchomp|Ground\n|move|p1a: Garchomp|Earthquake|p2a: Gyarados|[spread] p2b\n|-immune|p1b: Rotom|[from] ability: Levitate\n|-immune|p2a: Gyarados\n|-supereffective|p2b: Garganacl\n|-damage|p2b: Garganacl|59\/100\n|move|p1b: Rotom|Hydro Pump|p2b: Garganacl\n|-damage|p2b: Garganacl|29\/100\n|move|p2b: Garganacl|Salt Cure|p1b: Rotom\n|-damage|p1b: Rotom|48\/100\n|-start|p1b: Rotom|Salt Cure\n|-enditem|p1b: Rotom|Sitrus Berry|[eat]\n|-heal|p1b: Rotom|72\/100|[from] item: Sitrus Berry\n|\n|-heal|p2b: Garganacl|34\/100|[from] item: Leftovers\n|-damage|p1b: Rotom|48\/100|[from] Salt Cure\n|upkeep\n|turn|4\n|j| Kital\n|inactive|kanotakekanotake has 30 seconds left.\n|\n|t:|1683227860\n|move|p2b: Garganacl|Protect|p2b: Garganacl\n|-singleturn|p2b: Garganacl|Protect\n|move|p1a: Garchomp|Earthquake|p2b: Garganacl|[spread] \n|-activate|p2b: Garganacl|move: Protect\n|-immune|p1b: Rotom|[from] ability: Levitate\n|-immune|p2a: Gyarados\n|move|p2a: Gyarados|Waterfall|p1b: Rotom\n|-resisted|p1b: Rotom\n|-damage|p1b: Rotom|32\/100\n|move|p1b: Rotom|Thunderbolt|p2b: Garganacl\n|-activate|p2b: Garganacl|move: Protect\n|\n|-heal|p2b: Garganacl|40\/100|[from] item: Leftovers\n|-damage|p1b: Rotom|7\/100|[from] Salt Cure\n|upkeep\n|turn|5\n|\n|t:|1683227883\n|switch|p1b: Chien-Pao|Chien-Pao, L50|100\/100\n|-ability|p1b: Chien-Pao|Sword of Ruin\n|move|p1a: Garchomp|Earthquake|p2b: Garganacl|[spread] p1b,p2b\n|-immune|p2a: Gyarados\n|-crit|p1b: Chien-Pao\n|-supereffective|p2b: Garganacl\n|-damage|p1b: Chien-Pao|0 fnt\n|-damage|p2b: Garganacl|0 fnt\n|faint|p1b: Chien-Pao\n|faint|p2b: Garganacl\n|move|p2a: Gyarados|Waterfall|p1a: Garchomp\n|-supereffective|p1a: Garchomp\n|-damage|p1a: Garchomp|32\/100\n|-damage|p2a: Gyarados|88\/100|[from] ability: Rough Skin|[of] p1a: Garchomp\n|\n|upkeep\n|l| Kital\n|\n|t:|1683227898\n|switch|p1b: Scizor|Scizor, L50, F|62\/100\n|switch|p2b: Flutter Mane|Flutter Mane, L50|100\/100\n|-enditem|p2b: Flutter Mane|Booster Energy\n|-activate|p2b: Flutter Mane|ability: Protosynthesis|[fromitem]\n|-start|p2b: Flutter Mane|protosynthesisspe\n|turn|6\n|\n|t:|1683227914\n|move|p2b: Flutter Mane|Protect|p2b: Flutter Mane\n|-singleturn|p2b: Flutter Mane|Protect\n|move|p1b: Scizor|Bullet Punch|p2b: Flutter Mane\n|-activate|p2b: Flutter Mane|move: Protect\n|move|p1a: Garchomp|Rock Slide|p2b: Flutter Mane|[spread] p2a\n|-activate|p2b: Flutter Mane|move: Protect\n|-supereffective|p2a: Gyarados\n|-damage|p2a: Gyarados|48\/100\n|move|p2a: Gyarados|Waterfall|p1a: Garchomp\n|-supereffective|p1a: Garchomp\n|-damage|p1a: Garchomp|0 fnt\n|-damage|p2a: Gyarados|35\/100|[from] ability: Rough Skin|[of] p1a: Garchomp\n|faint|p1a: Garchomp\n|\n|upkeep\n|\n|t:|1683227917\n|switch|p1a: Rotom|Rotom-Wash, L50|7\/100\n|turn|7\n|\n|t:|1683227938\n|move|p1b: Scizor|Bullet Punch|p2b: Flutter Mane\n|-supereffective|p2b: Flutter Mane\n|-damage|p2b: Flutter Mane|0 fnt\n|faint|p2b: Flutter Mane\n|-end|p2b: Flutter Mane|Protosynthesis|[silent]\n|move|p2a: Gyarados|Waterfall|p1a: Rotom\n|-resisted|p1a: Rotom\n|-crit|p1a: Rotom\n|-damage|p1a: Rotom|0 fnt\n|faint|p1a: Rotom\n|\n|upkeep\n|\n|t:|1683227948\n|switch|p2b: Iron Hands|Iron Hands, L50|94\/100 brn\n|turn|8\n|-message|toucansoup forfeited.\n|\n|win|kanotakekanotake\n|raw|toucansoup's rating: 1694 → 1673<\/strong> (-21 for losing)\n|raw|kanotakekanotake's rating: 1676 → 1697<\/strong> (+21 for winning)\n|l|\u2606toucansoup\n","uploadtime":1683227958,"views":18,"p1id":"toucansoup","p2id":"kanotakekanotake","formatid":"gen9vgc2023regulationc","rating":1673,"private":0,"password":""}