{"id":"gen9vgc2023regulationc-1850083098","p1":"Gavoraptor","p2":"pelukas","format":"[Gen 9] VGC 2023 Regulation C","log":"|j|\u2606Gavoraptor\n|j|\u2606pelukas\n|t:|1682285319\n|gametype|doubles\n|player|p1|Gavoraptor|scientist-gen4|1009\n|player|p2|pelukas|gambler|1000\n|teamsize|p1|6\n|teamsize|p2|6\n|gen|9\n|tier|[Gen 9] VGC 2023 Regulation C\n|rated|\n|rule|Species Clause: Limit one of each Pok\u00e9mon\n|rule|Item Clause: Limit one of each item\n|clearpoke\n|poke|p1|Ting-Lu, L50|\n|poke|p1|Armarouge, L50, M|\n|poke|p1|Indeedee-F, L50, F|\n|poke|p1|Iron Hands, L50|\n|poke|p1|Kingambit, L50, F|\n|poke|p1|Rabsca, L50, M|\n|poke|p2|Scream Tail, L50|\n|poke|p2|Flutter Mane, L50|\n|poke|p2|Florges, L50, F|\n|poke|p2|Torkoal, L50, M|\n|poke|p2|Iron Valiant, L50|\n|poke|p2|Grimmsnarl, L50, M|\n|teampreview|4\n|inactive|Battle timer is ON: inactive players will automatically lose when time's up. (requested by Gavoraptor)\n|\n|t:|1682285376\n|start\n|switch|p1a: Ting-Lu|Ting-Lu, L50|100\/100\n|switch|p1b: Rabsca|Rabsca, L50, M|100\/100\n|switch|p2a: Torkoal|Torkoal, L50, M|100\/100\n|switch|p2b: Flutter Mane|Flutter Mane, L50|100\/100\n|-ability|p1a: Ting-Lu|Vessel of Ruin\n|-weather|SunnyDay|[from] ability: Drought|[of] p2a: Torkoal\n|-activate|p2b: Flutter Mane|ability: Protosynthesis\n|-start|p2b: Flutter Mane|protosynthesisspe\n|turn|1\n|inactive|pelukas has 30 seconds left.\n|\n|t:|1682285409\n|-terastallize|p2a: Torkoal|Fairy\n|move|p2b: Flutter Mane|Protect|p2b: Flutter Mane\n|-singleturn|p2b: Flutter Mane|Protect\n|move|p1b: Rabsca|Protect|p1b: Rabsca\n|-singleturn|p1b: Rabsca|Protect\n|move|p1a: Ting-Lu|Heavy Slam|p2b: Flutter Mane\n|-activate|p2b: Flutter Mane|move: Protect\n|move|p2a: Torkoal|Will-O-Wisp|p1a: Ting-Lu\n|-status|p1a: Ting-Lu|brn\n|\n|-weather|SunnyDay|[upkeep]\n|-damage|p1a: Ting-Lu|94\/100 brn|[from] brn\n|upkeep\n|turn|2\n|\n|t:|1682285430\n|move|p2a: Torkoal|Helping Hand|p2b: Flutter Mane\n|-singleturn|p2b: Flutter Mane|Helping Hand|[of] p2a: Torkoal\n|move|p1b: Rabsca|Protect||[still]\n|-fail|p1b: Rabsca\n|move|p2b: Flutter Mane|Moonblast|p1a: Ting-Lu\n|-supereffective|p1a: Ting-Lu\n|-damage|p1a: Ting-Lu|33\/100 brn\n|-damage|p2b: Flutter Mane|90\/100|[from] item: Life Orb\n|move|p1a: Ting-Lu|Fissure|p2a: Torkoal|[miss]\n|-miss|p1a: Ting-Lu|p2a: Torkoal\n|\n|-weather|SunnyDay|[upkeep]\n|-damage|p1a: Ting-Lu|27\/100 brn|[from] brn\n|upkeep\n|turn|3\n|\n|t:|1682285451\n|move|p2b: Flutter Mane|Protect|p2b: Flutter Mane\n|-singleturn|p2b: Flutter Mane|Protect\n|move|p1b: Rabsca|Protect|p1b: Rabsca\n|-singleturn|p1b: Rabsca|Protect\n|move|p1a: Ting-Lu|Stomping Tantrum|p2b: Flutter Mane\n|-activate|p2b: Flutter Mane|move: Protect\n|move|p2a: Torkoal|Heat Wave|p1a: Ting-Lu|[spread] p1a\n|-activate|p1b: Rabsca|move: Protect\n|-damage|p1a: Ting-Lu|16\/100 brn\n|\n|-weather|SunnyDay|[upkeep]\n|-damage|p1a: Ting-Lu|10\/100 brn|[from] brn\n|upkeep\n|turn|4\n|inactive|Gavoraptor has 30 seconds left.\n|inactive|pelukas has 30 seconds left.\n|\n|t:|1682285482\n|move|p2b: Flutter Mane|Moonblast|p1a: Ting-Lu\n|-supereffective|p1a: Ting-Lu\n|-damage|p1a: Ting-Lu|0 fnt\n|faint|p1a: Ting-Lu\n|-damage|p2b: Flutter Mane|80\/100|[from] item: Life Orb\n|move|p1b: Rabsca|Bug Buzz|p2a: Torkoal\n|-resisted|p2a: Torkoal\n|-damage|p2a: Torkoal|73\/100\n|move|p2a: Torkoal|Heat Wave|p1b: Rabsca\n|-supereffective|p1b: Rabsca\n|-enditem|p1b: Rabsca|Focus Sash\n|-damage|p1b: Rabsca|1\/100\n|\n|-weather|SunnyDay|[upkeep]\n|upkeep\n|\n|t:|1682285501\n|switch|p1a: Kingambit|Kingambit, L50, F|100\/100\n|turn|5\n|\n|t:|1682285517\n|move|p2b: Flutter Mane|Protect|p2b: Flutter Mane\n|-singleturn|p2b: Flutter Mane|Protect\n|move|p1a: Kingambit|Iron Head|p2a: Torkoal\n|-supereffective|p2a: Torkoal\n|-damage|p2a: Torkoal|1\/100\n|-damage|p1a: Kingambit|91\/100|[from] item: Life Orb\n|move|p1b: Rabsca|Revival Blessing|p1b: Rabsca\n|\n|t:|1682285525\n|-heal|p1: Ting-Lu|50\/100|[from] move: Revival Blessing\n|move|p2a: Torkoal|Will-O-Wisp|p1a: Kingambit\n|-status|p1a: Kingambit|brn\n|\n|-weather|SunnyDay|[upkeep]\n|-damage|p1a: Kingambit|85\/100 brn|[from] brn\n|upkeep\n|turn|6\n|\n|t:|1682285544\n|-end|p2b: Flutter Mane|Protosynthesis|[silent]\n|switch|p2b: Iron Valiant|Iron Valiant, L50, shiny|100\/100\n|-enditem|p2b: Iron Valiant|Booster Energy\n|-activate|p2b: Iron Valiant|ability: Quark Drive|[fromitem]\n|-start|p2b: Iron Valiant|quarkdrivespe\n|move|p2a: Torkoal|Protect|p2a: Torkoal\n|-singleturn|p2a: Torkoal|Protect\n|move|p1a: Kingambit|Sucker Punch||[still]\n|-fail|p1a: Kingambit\n|move|p1b: Rabsca|Bug Buzz|p2a: Torkoal\n|-activate|p2a: Torkoal|move: Protect\n|\n|-weather|SunnyDay|[upkeep]\n|-damage|p1a: Kingambit|79\/100 brn|[from] brn\n|upkeep\n|turn|7\n|\n|t:|1682285567\n|move|p2b: Iron Valiant|Close Combat|p1a: Kingambit\n|-supereffective|p1a: Kingambit\n|-damage|p1a: Kingambit|0 fnt\n|-unboost|p2b: Iron Valiant|def|1\n|-unboost|p2b: Iron Valiant|spd|1\n|faint|p1a: Kingambit\n|move|p1b: Rabsca|Bug Buzz|p2b: Iron Valiant\n|-resisted|p2b: Iron Valiant\n|-damage|p2b: Iron Valiant|76\/100\n|move|p2a: Torkoal|Heat Wave|p1b: Rabsca\n|-supereffective|p1b: Rabsca\n|-damage|p1b: Rabsca|0 fnt\n|faint|p1b: Rabsca\n|\n|-weather|SunnyDay|[upkeep]\n|upkeep\n|\n|t:|1682285582\n|switch|p1a: Iron Hands|Iron Hands, L50|100\/100\n|switch|p1b: Ting-Lu|Ting-Lu, L50|50\/100\n|-ability|p1b: Ting-Lu|Vessel of Ruin\n|turn|8\n|\n|t:|1682285606\n|-end|p2b: Iron Valiant|Quark Drive|[silent]\n|switch|p2b: Flutter Mane|Flutter Mane, L50|80\/100\n|-activate|p2b: Flutter Mane|ability: Protosynthesis\n|-start|p2b: Flutter Mane|protosynthesisspe\n|switch|p2a: Florges|Florges, L50, F, shiny|100\/100\n|-terastallize|p1b: Ting-Lu|Water\n|move|p1a: Iron Hands|Fake Out|p2a: Florges\n|-damage|p2a: Florges|79\/100\n|move|p1b: Ting-Lu|Heavy Slam|p2b: Flutter Mane\n|-supereffective|p2b: Flutter Mane\n|-damage|p2b: Flutter Mane|0 fnt\n|faint|p2b: Flutter Mane\n|-end|p2b: Flutter Mane|Protosynthesis|[silent]\n|\n|-weather|none\n|-heal|p2a: Florges|85\/100|[from] item: Leftovers\n|upkeep\n|\n|t:|1682285625\n|switch|p2b: Torkoal|Torkoal, L50, M, tera:Fairy|1\/100\n|-weather|SunnyDay|[from] ability: Drought|[of] p2b: Torkoal\n|turn|9\n|\n|t:|1682285642\n|move|p2a: Florges|Pollen Puff|p2b: Torkoal\n|-heal|p2b: Torkoal|51\/100\n|move|p1a: Iron Hands|Wild Charge|p2a: Florges\n|-damage|p2a: Florges|10\/100\n|-damage|p1a: Iron Hands|87\/100|[from] Recoil\n|move|p1b: Ting-Lu|Stomping Tantrum|p2b: Torkoal\n|-damage|p2b: Torkoal|29\/100\n|move|p2b: Torkoal|Heat Wave|p1b: Ting-Lu|[spread] p1a,p1b\n|-resisted|p1b: Ting-Lu\n|-damage|p1a: Iron Hands|62\/100\n|-damage|p1b: Ting-Lu|44\/100\n|\n|-weather|SunnyDay|[upkeep]\n|-heal|p2a: Florges|16\/100|[from] item: Leftovers\n|-heal|p1a: Iron Hands|68\/100|[from] item: Leftovers\n|upkeep\n|turn|10\n|\n|t:|1682285664\n|move|p2a: Florges|Pollen Puff|p2b: Torkoal\n|-heal|p2b: Torkoal|78\/100\n|move|p1a: Iron Hands|Wild Charge|p2b: Torkoal\n|-damage|p2b: Torkoal|43\/100\n|-damage|p1a: Iron Hands|63\/100|[from] Recoil\n|move|p1b: Ting-Lu|Heavy Slam|p2a: Florges\n|-supereffective|p2a: Florges\n|-damage|p2a: Florges|0 fnt\n|faint|p2a: Florges\n|move|p2b: Torkoal|Will-O-Wisp|p1a: Iron Hands\n|-status|p1a: Iron Hands|brn\n|\n|-weather|SunnyDay|[upkeep]\n|-heal|p1a: Iron Hands|69\/100 brn|[from] item: Leftovers\n|-damage|p1a: Iron Hands|63\/100 brn|[from] brn\n|upkeep\n|\n|t:|1682285682\n|switch|p2a: Iron Valiant|Iron Valiant, L50, shiny|76\/100\n|turn|11\n|\n|t:|1682285697\n|move|p2b: Torkoal|Protect|p2b: Torkoal\n|-singleturn|p2b: Torkoal|Protect\n|move|p2a: Iron Valiant|Close Combat|p1b: Ting-Lu\n|-damage|p1b: Ting-Lu|9\/100\n|-unboost|p2a: Iron Valiant|def|1\n|-unboost|p2a: Iron Valiant|spd|1\n|move|p1a: Iron Hands|Close Combat|p2b: Torkoal\n|-activate|p2b: Torkoal|move: Protect\n|move|p1b: Ting-Lu|Fissure|p2b: Torkoal\n|-activate|p2b: Torkoal|move: Protect\n|\n|-weather|SunnyDay|[upkeep]\n|-heal|p1a: Iron Hands|69\/100 brn|[from] item: Leftovers\n|-damage|p1a: Iron Hands|63\/100 brn|[from] brn\n|upkeep\n|turn|12\n|\n|t:|1682285718\n|move|p2a: Iron Valiant|Shadow Sneak|p1b: Ting-Lu\n|-damage|p1b: Ting-Lu|0 fnt\n|faint|p1b: Ting-Lu\n|move|p1a: Iron Hands|Close Combat|p2a: Iron Valiant\n|-resisted|p2a: Iron Valiant\n|-damage|p2a: Iron Valiant|39\/100\n|-unboost|p1a: Iron Hands|def|1\n|-unboost|p1a: Iron Hands|spd|1\n|move|p2b: Torkoal|Heat Wave|p1a: Iron Hands\n|-damage|p1a: Iron Hands|0 fnt\n|faint|p1a: Iron Hands\n|-end|p1a: Iron Hands|Quark Drive|[silent]\n|\n|win|pelukas\n|raw|Gavoraptor's rating: 1009 → 1000<\/strong> (-9 for losing)\n|raw|pelukas's rating: 1000 → 1041<\/strong> (+41 for winning)\n|l|\u2606Gavoraptor\n","uploadtime":1682285728,"views":11,"p1id":"gavoraptor","p2id":"pelukas","formatid":"gen9vgc2023regulationc","rating":1000,"private":0,"password":""}