{"id":"gen9vgc2023regulationc-1847958532","p1":"Nexnun","p2":"Spruce101","format":"[Gen 9] VGC 2023 Regulation C","log":"|j|\u2606Nexnun\n|j|\u2606Spruce101\n|t:|1682015864\n|gametype|doubles\n|player|p1|Nexnun|266|1250\n|player|p2|Spruce101|lucas|1312\n|teamsize|p1|6\n|teamsize|p2|6\n|gen|9\n|tier|[Gen 9] VGC 2023 Regulation C\n|rated|\n|rule|Species Clause: Limit one of each Pok\u00e9mon\n|rule|Item Clause: Limit one of each item\n|clearpoke\n|poke|p1|Hariyama, L50, F|\n|poke|p1|Indeedee-F, L50, F|\n|poke|p1|Oranguru, L50, F|\n|poke|p1|Kingambit, L50, M|\n|poke|p1|Hatterene, L50, F|\n|poke|p1|Torkoal, L50, M|\n|poke|p2|Amoonguss, L50, M|\n|poke|p2|Pelipper, L50, M|\n|poke|p2|Palafin, L50, F|\n|poke|p2|Chien-Pao, L50|\n|poke|p2|Glimmora, L50, F|\n|poke|p2|Gholdengo, L50|\n|teampreview|4\n|inactive|Battle timer is ON: inactive players will automatically lose when time's up. (requested by Nexnun)\nSpruce101 has agreed to open team sheets.\n|inactive|Spruce101 has 60 seconds left.\n|\n|t:|1682015922\n|start\n|switch|p1a: Oranguru|Oranguru, L50, F|100\/100\n|switch|p1b: Hariyama|Hariyama, L50, F|100\/100\n|switch|p2a: Gholdengo|Gholdengo, L50|100\/100\n|switch|p2b: Chien-Pao|Chien-Pao, L50|100\/100\n|-ability|p2b: Chien-Pao|Sword of Ruin\n|turn|1\n|inactive|Nexnun has 30 seconds left.\n|\n|t:|1682015955\n|move|p2b: Chien-Pao|Ice Spinner|p1b: Hariyama\n|-damage|p1b: Hariyama|45\/100\n|move|p2a: Gholdengo|Nasty Plot|p2a: Gholdengo\n|-boost|p2a: Gholdengo|spa|2\n|move|p1b: Hariyama|Earthquake|p2a: Gholdengo|[spread] p2a,p2b\n|-activate|p1a: Oranguru|ability: Telepathy\n|-supereffective|p2a: Gholdengo\n|-damage|p2a: Gholdengo|36\/100\n|-damage|p2b: Chien-Pao|60\/100\n|move|p1a: Oranguru|Trick Room|p1a: Oranguru\n|-fieldstart|move: Trick Room|[of] p1a: Oranguru\n|\n|-heal|p2a: Gholdengo|42\/100|[from] item: Leftovers\n|-status|p1b: Hariyama|brn|[from] item: Flame Orb\n|upkeep\n|turn|2\n|\n|t:|1682015975\n|move|p2a: Gholdengo|Protect|p2a: Gholdengo\n|-singleturn|p2a: Gholdengo|Protect\n|move|p2b: Chien-Pao|Protect|p2b: Chien-Pao\n|-singleturn|p2b: Chien-Pao|Protect\n|move|p1b: Hariyama|Earthquake|p2a: Gholdengo|[spread] \n|-activate|p2a: Gholdengo|move: Protect\n|-activate|p2b: Chien-Pao|move: Protect\n|-activate|p1a: Oranguru|ability: Telepathy\n|move|p1a: Oranguru|Instruct|p1b: Hariyama\n|-singleturn|p1b: Hariyama|move: Instruct|[of] p1a: Oranguru\n|move|p1b: Hariyama|Earthquake|p2a: Gholdengo|[spread] \n|-activate|p2a: Gholdengo|move: Protect\n|-activate|p2b: Chien-Pao|move: Protect\n|-activate|p1a: Oranguru|ability: Telepathy\n|\n|-heal|p2a: Gholdengo|48\/100|[from] item: Leftovers\n|-damage|p1b: Hariyama|39\/100 brn|[from] brn\n|upkeep\n|turn|3\n|inactive|Spruce101 has 30 seconds left.\n|inactive|Spruce101 has 20 seconds left.\n|\n|t:|1682016013\n|switch|p2a: Pelipper|Pelipper, L50, M|100\/100\n|-weather|RainDance|[from] ability: Drizzle|[of] p2a: Pelipper\n|move|p2b: Chien-Pao|Sucker Punch|p1b: Hariyama\n|-resisted|p1b: Hariyama\n|-damage|p1b: Hariyama|13\/100 brn\n|move|p1b: Hariyama|Earthquake|p2a: Pelipper|[spread] p2b\n|-activate|p1a: Oranguru|ability: Telepathy\n|-immune|p2a: Pelipper\n|-damage|p2b: Chien-Pao|0 fnt\n|faint|p2b: Chien-Pao\n|move|p1a: Oranguru|Instruct|p1b: Hariyama\n|-singleturn|p1b: Hariyama|move: Instruct|[of] p1a: Oranguru\n|move|p1b: Hariyama|Earthquake|p2a: Pelipper|[spread] \n|-activate|p1a: Oranguru|ability: Telepathy\n|-immune|p2a: Pelipper\n|\n|-weather|RainDance|[upkeep]\n|-damage|p1b: Hariyama|7\/100 brn|[from] brn\n|upkeep\n|\n|t:|1682016031\n|switch|p2b: Gholdengo|Gholdengo, L50|48\/100\n|turn|4\n|\n|t:|1682016036\n|move|p2a: Pelipper|Wide Guard|p2a: Pelipper\n|-singleturn|p2a: Pelipper|Wide Guard\n|move|p1b: Hariyama|Close Combat|p2a: Pelipper\n|-resisted|p2a: Pelipper\n|-damage|p2a: Pelipper|50\/100\n|-unboost|p1b: Hariyama|def|1\n|-unboost|p1b: Hariyama|spd|1\n|move|p1a: Oranguru|Hyper Voice|p2a: Pelipper|[spread] \n|-activate|p2a: Pelipper|move: Wide Guard\n|-activate|p2b: Gholdengo|move: Wide Guard\n|move|p2b: Gholdengo|Nasty Plot|p2b: Gholdengo\n|-boost|p2b: Gholdengo|spa|2\n|\n|-weather|RainDance|[upkeep]\n|-heal|p2b: Gholdengo|54\/100|[from] item: Leftovers\n|-damage|p1b: Hariyama|1\/100 brn|[from] brn\n|upkeep\n|turn|5\n|inactive|Nexnun has 30 seconds left.\n|inactive|Spruce101 has 30 seconds left.\n|\n|t:|1682016068\n|switch|p1b: Kingambit|Kingambit, L50, M|100\/100\n|move|p2b: Gholdengo|Protect|p2b: Gholdengo\n|-singleturn|p2b: Gholdengo|Protect\n|move|p1a: Oranguru|Encore|p2b: Gholdengo\n|-activate|p2b: Gholdengo|move: Protect\n|move|p2a: Pelipper|Hurricane|p1a: Oranguru\n|-damage|p1a: Oranguru|76\/100\n|\n|-weather|RainDance|[upkeep]\n|-heal|p2b: Gholdengo|60\/100|[from] item: Leftovers\n|-fieldend|move: Trick Room\n|upkeep\n|turn|6\n|\n|t:|1682016082\n|switch|p2a: Palafin|Palafin, L50, F|100\/100\n|-terastallize|p2b: Gholdengo|Water\n|move|p1b: Kingambit|Sucker Punch|p2b: Gholdengo\n|-damage|p2b: Gholdengo|21\/100\n|move|p2b: Gholdengo|Make It Rain|p1b: Kingambit|[spread] p1a,p1b\n|-resisted|p1b: Kingambit\n|-damage|p1a: Oranguru|12\/100\n|-damage|p1b: Kingambit|52\/100\n|-unboost|p2b: Gholdengo|spa|1\n|-enditem|p1a: Oranguru|Sitrus Berry|[eat]\n|-heal|p1a: Oranguru|37\/100|[from] item: Sitrus Berry\n|move|p1a: Oranguru|Trick Room|p1a: Oranguru\n|-fieldstart|move: Trick Room|[of] p1a: Oranguru\n|\n|-weather|RainDance|[upkeep]\n|-heal|p2b: Gholdengo|27\/100|[from] item: Leftovers\n|upkeep\n|turn|7\n|\n|t:|1682016104\n|switch|p1a: Torkoal|Torkoal, L50, M|100\/100\n|-weather|SunnyDay|[from] ability: Drought|[of] p1a: Torkoal\n|-terastallize|p1b: Kingambit|Dark\n|move|p2b: Gholdengo|Protect|p2b: Gholdengo\n|-singleturn|p2b: Gholdengo|Protect\n|move|p1b: Kingambit|Kowtow Cleave|p2a: Palafin\n|-damage|p2a: Palafin|23\/100\n|move|p2a: Palafin|Wave Crash|p1b: Kingambit\n|-damage|p1b: Kingambit|30\/100\n|-damage|p2a: Palafin|15\/100|[from] Recoil\n|\n|-weather|SunnyDay|[upkeep]\n|-heal|p2b: Gholdengo|33\/100|[from] item: Leftovers\n|upkeep\n|turn|8\n|inactive|Nexnun has 30 seconds left.\n|\n|t:|1682016132\n|switch|p2b: Pelipper|Pelipper, L50, M|50\/100\n|-weather|RainDance|[from] ability: Drizzle|[of] p2b: Pelipper\n|move|p1b: Kingambit|Sucker Punch|p2a: Palafin\n|-damage|p2a: Palafin|0 fnt\n|faint|p2a: Palafin\n|move|p1a: Torkoal|Eruption|p2b: Pelipper\n|-resisted|p2b: Pelipper\n|-damage|p2b: Pelipper|29\/100\n|\n|-weather|RainDance|[upkeep]\n|upkeep\n|\n|t:|1682016142\n|switch|p2a: Gholdengo|Gholdengo, L50, tera:Water|33\/100\n|turn|9\n|inactive|Nexnun has 30 seconds left.\n|\n|t:|1682016171\n|switch|p1a: Hariyama|Hariyama, L50, F|1\/100 brn\n|move|p1b: Kingambit|Sucker Punch|p2b: Pelipper\n|-damage|p2b: Pelipper|0 fnt\n|faint|p2b: Pelipper\n|move|p2a: Gholdengo|Nasty Plot|p2a: Gholdengo\n|-boost|p2a: Gholdengo|spa|2\n|\n|-weather|RainDance|[upkeep]\n|-heal|p2a: Gholdengo|39\/100|[from] item: Leftovers\n|-damage|p1a: Hariyama|0 fnt|[from] brn\n|faint|p1a: Hariyama\n|upkeep\n|\n|t:|1682016176\n|switch|p1a: Torkoal|Torkoal, L50, M|100\/100\n|-weather|SunnyDay|[from] ability: Drought|[of] p1a: Torkoal\n|turn|10\n|\n|t:|1682016183\n|move|p2a: Gholdengo|Protect|p2a: Gholdengo\n|-singleturn|p2a: Gholdengo|Protect\n|move|p1b: Kingambit|Sucker Punch||[still]\n|-fail|p1b: Kingambit\n|move|p1a: Torkoal|Earth Power|p2a: Gholdengo\n|-activate|p2a: Gholdengo|move: Protect\n|\n|-weather|SunnyDay|[upkeep]\n|-heal|p2a: Gholdengo|44\/100|[from] item: Leftovers\n|-fieldend|move: Trick Room\n|upkeep\n|turn|11\n|\n|t:|1682016189\n|move|p1b: Kingambit|Sucker Punch|p2a: Gholdengo\n|-damage|p2a: Gholdengo|0 fnt\n|faint|p2a: Gholdengo\n|\n|win|Nexnun\n|raw|Nexnun's rating: 1250 → 1279<\/strong> (+29 for winning)\n|raw|Spruce101's rating: 1312 → 1288<\/strong> (-24 for losing)\n","uploadtime":1682016199,"views":12,"p1id":"nexnun","p2id":"spruce101","formatid":"gen9vgc2023regulationc","rating":1279,"private":0,"password":""}