{"id":"gen9vgc2023regulationc-1859295901","p1":"Raymond935","p2":"ManciniTheAmazing","format":"[Gen 9] VGC 2023 Regulation C","log":"|j|\u2606Raymond935\n|j|\u2606ManciniTheAmazing\n|t:|1683430179\n|gametype|doubles\n|player|p1|Raymond935|266|\n|player|p2|ManciniTheAmazing|266|\n|teamsize|p1|6\n|teamsize|p2|6\n|gen|9\n|tier|[Gen 9] VGC 2023 Regulation C\n|rule|Species Clause: Limit one of each Pok\u00e9mon\n|rule|Item Clause: Limit one of each item\n|clearpoke\n|poke|p1|Slowbro, L50, M|\n|poke|p1|Ceruledge, L50, F|\n|poke|p1|Chien-Pao, L50|\n|poke|p1|Dragonite, L50, M|\n|poke|p1|Wigglytuff, L50, M|\n|poke|p1|Iron Treads, L50|\n|poke|p2|Hoppip, L50, M|\n|poke|p2|Gholdengo, L50|\n|poke|p2|Rotom-Heat, L50|\n|poke|p2|Tauros-Paldea-Aqua, L50, M|\n|poke|p2|Zangoose, L50, M|\n|poke|p2|Grimmsnarl, L50, M|\n|teampreview|4\n|c|\u2606ManciniTheAmazing|g1\nRaymond935 rejected open team sheets.\n|c|\u2606Raymond935|Gl hf\n|c|\u2606ManciniTheAmazing|u2 fren\n|\n|t:|1683430320\n|start\n|switch|p1a: Ceruledge|Ceruledge, L50, F|100\/100\n|switch|p1b: Iron Treads|Iron Treads, L50|100\/100\n|switch|p2a: Platypus|Tauros-Paldea-Aqua, L50, M|100\/100\n|switch|p2b: Yowie|Grimmsnarl, L50, M|100\/100\n|-ability|p2a: Platypus|Intimidate|boost\n|-fail|p1a: Ceruledge|unboost|[from] item: Clear Amulet|[of] p1a: Ceruledge\n|-unboost|p1b: Iron Treads|atk|1\n|-item|p1a: Ceruledge|Clear Amulet|[from] ability: Frisk|[of] p2b: Yowie|[identify]\n|-item|p1b: Iron Treads|Booster Energy|[from] ability: Frisk|[of] p2b: Yowie|[identify]\n|-enditem|p1b: Iron Treads|Booster Energy\n|-activate|p1b: Iron Treads|ability: Quark Drive|[fromitem]\n|-start|p1b: Iron Treads|quarkdrivespe\n|turn|1\n|\n|t:|1683430448\n|switch|p1a: Dragonite|Dragonite, L50, M|100\/100\n|move|p2b: Yowie|Fake Out|p1b: Iron Treads\n|-resisted|p1b: Iron Treads\n|-damage|p1b: Iron Treads|93\/100\n|cant|p1b: Iron Treads|flinch\n|move|p2a: Platypus|Wave Crash|p1a: Dragonite\n|-resisted|p1a: Dragonite\n|-damage|p1a: Dragonite|68\/100\n|-damage|p2a: Platypus|88\/100|[from] Recoil\n|\n|upkeep\n|turn|2\n|\n|t:|1683430554\n|-end|p1b: Iron Treads|Quark Drive|[silent]\n|switch|p1b: Chien-Pao|Chien-Pao, L50|100\/100\n|-ability|p1b: Chien-Pao|Sword of Ruin\n|-terastallize|p1a: Dragonite|Fairy\n|move|p2a: Platypus|Wave Crash|p1b: Chien-Pao\n|-damage|p1b: Chien-Pao|26\/100\n|-damage|p2a: Platypus|65\/100|[from] Recoil\n|move|p2b: Yowie|Spirit Break|p1a: Dragonite\n|-damage|p1a: Dragonite|14\/100\n|-unboost|p1a: Dragonite|spa|1\n|move|p1a: Dragonite|Tera Blast|p2b: Yowie\n|-supereffective|p2b: Yowie\n|-enditem|p2b: Yowie|Focus Sash\n|-damage|p2b: Yowie|1\/100\n|\n|upkeep\n|turn|3\n|\n|t:|1683430610\n|move|p2b: Yowie|Protect|p2b: Yowie\n|-singleturn|p2b: Yowie|Protect\n|move|p1a: Dragonite|Extreme Speed|p2b: Yowie\n|-activate|p2b: Yowie|move: Protect\n|move|p2a: Platypus|Aqua Jet|p1a: Dragonite\n|-damage|p1a: Dragonite|0 fnt\n|faint|p1a: Dragonite\n|move|p1b: Chien-Pao|Psychic Fangs|p2a: Platypus\n|-supereffective|p2a: Platypus\n|-damage|p2a: Platypus|0 fnt\n|faint|p2a: Platypus\n|\n|upkeep\n|c|\u2606Raymond935|Man\n|c|\u2606Raymond935|that revealed frisk t1\n|c|\u2606Raymond935|am i stoopid\n|c|\u2606ManciniTheAmazing|mkaybe\n|c|\u2606ManciniTheAmazing|maybe*\n|\n|t:|1683430663\n|switch|p2a: Ute|Gholdengo, L50|100\/100\n|switch|p1a: Ceruledge|Ceruledge, L50, F|100\/100\n|turn|4\n|\n|t:|1683430806\n|-terastallize|p2a: Ute|Steel\n|move|p1b: Chien-Pao|Sucker Punch|p2a: Ute\n|-damage|p2a: Ute|47\/100\n|move|p2b: Yowie|Sucker Punch|p1a: Ceruledge\n|-supereffective|p1a: Ceruledge\n|-damage|p1a: Ceruledge|0 fnt\n|faint|p1a: Ceruledge\n|move|p2a: Ute|Make It Rain|p1b: Chien-Pao\n|-supereffective|p1b: Chien-Pao\n|-crit|p1b: Chien-Pao\n|-damage|p1b: Chien-Pao|0 fnt\n|-unboost|p2a: Ute|spa|1\n|faint|p1b: Chien-Pao\n|\n|upkeep\n|\n|t:|1683430833\n|switch|p1b: Iron Treads|Iron Treads, L50|93\/100\n|turn|5\n|\n|t:|1683430856\n|switch|p2a: Hills Hoist|Rotom-Heat, L50|100\/100\n|move|p2b: Yowie|Sucker Punch|p1b: Iron Treads\n|-damage|p1b: Iron Treads|56\/100\n|move|p1b: Iron Treads|Bulldoze|p2b: Yowie|[spread] p2b\n|-immune|p2a: Hills Hoist|[from] ability: Levitate\n|-damage|p2b: Yowie|0 fnt\n|faint|p2b: Yowie\n|\n|upkeep\n|\n|t:|1683430864\n|switch|p2b: Ute|Gholdengo, L50, tera:Steel|47\/100\n|turn|6\n|\n|t:|1683430874\n|move|p1b: Iron Treads|Protect|p1b: Iron Treads\n|-singleturn|p1b: Iron Treads|Protect\n|move|p2b: Ute|Shadow Ball|p1b: Iron Treads\n|-activate|p1b: Iron Treads|move: Protect\n|move|p2a: Hills Hoist|Overheat|p1b: Iron Treads\n|-activate|p1b: Iron Treads|move: Protect\n|\n|upkeep\n|turn|7\n|\n|t:|1683430883\n|move|p2b: Ute|Shadow Ball|p1b: Iron Treads\n|-damage|p1b: Iron Treads|0 fnt\n|faint|p1b: Iron Treads\n|-end|p1b: Iron Treads|Quark Drive|[silent]\n|\n|win|ManciniTheAmazing\n|c|\u2606ManciniTheAmazing|gg\n|c|\u2606Raymond935|gg!\n","uploadtime":1683431361,"views":14,"p1id":"raymond935","p2id":"mancinitheamazing","formatid":"gen9vgc2023regulationc","rating":0,"private":0,"password":""}