{"id":"gen9vgc2023regulationc-1846796860","p1":"Bolta1","p2":"Tuxmux","format":"[Gen 9] VGC 2023 Regulation C","log":"|j|\u2606Bolta1\n|j|\u2606Tuxmux\n|t:|1681880935\n|gametype|doubles\n|player|p1|Bolta1|265|1158\n|player|p2|Tuxmux|dawn-masters3|1099\n|teamsize|p1|6\n|teamsize|p2|6\n|gen|9\n|tier|[Gen 9] VGC 2023 Regulation C\n|rated|\n|rule|Species Clause: Limit one of each Pok\u00e9mon\n|rule|Item Clause: Limit one of each item\n|clearpoke\n|poke|p1|Chi-Yu, L50|\n|poke|p1|Dachsbun, L50, F|\n|poke|p1|Dragonite, L50, M|\n|poke|p1|Flutter Mane, L50|\n|poke|p1|Azumarill, L50, F|\n|poke|p1|Chien-Pao, L50|\n|poke|p2|Chi-Yu, L50|\n|poke|p2|Gholdengo, L50|\n|poke|p2|Hariyama, L50, M|\n|poke|p2|Talonflame, L50, M|\n|poke|p2|Meowscarada, L50, F|\n|poke|p2|Vivillon-Polar, L50, F|\n|teampreview|4\n|\n|t:|1681880977\n|start\n|switch|p1a: Chi-Yu|Chi-Yu, L50|100\/100\n|switch|p1b: Dachsbun|Dachsbun, L50, F|100\/100\n|switch|p2a: Meowscarada|Meowscarada, L50, F|100\/100\n|switch|p2b: Talonflame|Talonflame, L50, M|100\/100\n|-ability|p1a: Chi-Yu|Beads of Ruin\n|turn|1\n|\n|t:|1681881004\n|move|p2b: Talonflame|Tailwind|p2b: Talonflame\n|-sidestart|p2: Tuxmux|move: Tailwind\n|move|p2a: Meowscarada|Play Rough|p1a: Chi-Yu\n|-start|p2a: Meowscarada|typechange|Fairy|[from] ability: Protean\n|-damage|p1a: Chi-Yu|0 fnt\n|faint|p1a: Chi-Yu\n|move|p1b: Dachsbun|Body Press|p2a: Meowscarada\n|-resisted|p2a: Meowscarada\n|-damage|p2a: Meowscarada|83\/100\n|\n|upkeep\n|\n|t:|1681881020\n|switch|p1a: Dragonite|Dragonite, L50, M|100\/100\n|turn|2\n|\n|t:|1681881043\n|-terastallize|p1a: Dragonite|Flying\n|move|p2b: Talonflame|Brave Bird|p1a: Dragonite\n|-damage|p1a: Dragonite|80\/100\n|-damage|p2b: Talonflame|92\/100|[from] Recoil\n|move|p2a: Meowscarada|Play Rough|p1a: Dragonite\n|-damage|p1a: Dragonite|21\/100\n|move|p1b: Dachsbun|Yawn|p2b: Talonflame\n|-start|p2b: Talonflame|move: Yawn|[of] p1b: Dachsbun\n|move|p1a: Dragonite|Iron Head|p2a: Meowscarada\n|-supereffective|p2a: Meowscarada\n|-damage|p2a: Meowscarada|0 fnt\n|faint|p2a: Meowscarada\n|\n|upkeep\n|\n|t:|1681881056\n|switch|p2a: Hariyama|Hariyama, L50, M|100\/100\n|turn|3\n|\n|t:|1681881071\n|switch|p2b: Gholdengo|Gholdengo, L50|100\/100\n|move|p1b: Dachsbun|Protect|p1b: Dachsbun\n|-singleturn|p1b: Dachsbun|Protect\n|move|p1a: Dragonite|Protect|p1a: Dragonite\n|-singleturn|p1a: Dragonite|Protect\n|move|p2a: Hariyama|Drain Punch|p1a: Dragonite\n|-activate|p1a: Dragonite|move: Protect\n|\n|upkeep\n|turn|4\n|\n|t:|1681881095\n|-terastallize|p2b: Gholdengo|Steel\n|move|p2b: Gholdengo|Make It Rain|p1b: Dachsbun|[spread] p1a,p1b\n|-supereffective|p1b: Dachsbun\n|-damage|p1a: Dragonite|0 fnt\n|-damage|p1b: Dachsbun|0 fnt\n|-unboost|p2b: Gholdengo|spa|1\n|faint|p1a: Dragonite\n|faint|p1b: Dachsbun\n|-damage|p2b: Gholdengo|91\/100|[from] item: Life Orb\n|move|p2a: Hariyama|Drain Punch|p1: Dragonite|[notarget]\n|-fail|p2a: Hariyama\n|\n|-sideend|p2: Tuxmux|move: Tailwind\n|upkeep\n|\n|t:|1681881108\n|switch|p1a: Azumarill|Azumarill, L50, F|100\/100\n|turn|5\n|\n|t:|1681881115\n|move|p2b: Gholdengo|Make It Rain|p1a: Azumarill\n|-damage|p1a: Azumarill|17\/100\n|-unboost|p2b: Gholdengo|spa|1\n|-damage|p2b: Gholdengo|81\/100|[from] item: Life Orb\n|move|p2a: Hariyama|Close Combat|p1a: Azumarill\n|-resisted|p1a: Azumarill\n|-damage|p1a: Azumarill|0 fnt\n|-unboost|p2a: Hariyama|def|1\n|-unboost|p2a: Hariyama|spd|1\n|faint|p1a: Azumarill\n|\n|win|Tuxmux\n|raw|Bolta1's rating: 1158 → 1129<\/strong> (-29 for losing)\n|raw|Tuxmux's rating: 1099 → 1128<\/strong> (+29 for winning)\n","uploadtime":1681881129,"views":9,"p1id":"bolta1","p2id":"tuxmux","formatid":"gen9vgc2023regulationc","rating":1128,"private":0,"password":""}