{"id":"gen9vgc2023regulationc-1847945552","p1":"TranceKnight","p2":"ApplinFan773","format":"[Gen 9] VGC 2023 Regulation C","log":"|j|\u2606TranceKnight\n|j|\u2606ApplinFan773\n|t:|1682014802\n|gametype|doubles\n|player|p1|TranceKnight|169|1102\n|player|p2|ApplinFan773|cilan|1132\n|teamsize|p1|6\n|teamsize|p2|6\n|gen|9\n|tier|[Gen 9] VGC 2023 Regulation C\n|rated|\n|rule|Species Clause: Limit one of each Pok\u00e9mon\n|rule|Item Clause: Limit one of each item\n|clearpoke\n|poke|p1|Ting-Lu, L50|\n|poke|p1|Torkoal, L50, F|\n|poke|p1|Oranguru, L50, F|\n|poke|p1|Maushold, L50|\n|poke|p1|Scizor, L50, F|\n|poke|p1|Iron Hands, L50|\n|poke|p2|Maushold-Four, L50|\n|poke|p2|Flutter Mane, L50|\n|poke|p2|Scream Tail, L50|\n|poke|p2|Arboliva, L50, F|\n|poke|p2|Ceruledge, L50, M|\n|poke|p2|Salamence, L50, M|\n|teampreview|4\n|inactive|Battle timer is ON: inactive players will automatically lose when time's up. (requested by ApplinFan773)\n|c|\u2606ApplinFan773|Glhf\n|inactive|ApplinFan773 has 60 seconds left.\n|\n|t:|1682014843\n|start\n|switch|p1a: Oranguru|Oranguru, L50, F|100\/100\n|switch|p1b: Scizor|Scizor, L50, F|100\/100\n|switch|p2a: The Millers|Maushold-Four, L50|100\/100\n|switch|p2b: Grim Shady|Ceruledge, L50, M|100\/100\n|turn|1\n|inactive|TranceKnight has 30 seconds left.\n|\n|t:|1682014874\n|switch|p1b: Ting-Lu|Ting-Lu, L50|100\/100\n|-ability|p1b: Ting-Lu|Vessel of Ruin\n|move|p2a: The Millers|Bite|p1a: Oranguru\n|-supereffective|p1a: Oranguru\n|-damage|p1a: Oranguru|61\/100\n|move|p2b: Grim Shady|Bitter Blade|p1a: Oranguru\n|-damage|p1a: Oranguru|15\/100\n|cant|p1a: Oranguru|flinch\n|\n|upkeep\n|turn|2\n|inactive|ApplinFan773 has 30 seconds left.\n|\n|t:|1682014906\n|-terastallize|p2b: Grim Shady|Grass\n|move|p1a: Oranguru|Protect|p1a: Oranguru\n|-singleturn|p1a: Oranguru|Protect\n|move|p2a: The Millers|Bite|p1a: Oranguru\n|-activate|p1a: Oranguru|move: Protect\n|move|p2b: Grim Shady|Tera Blast|p1b: Ting-Lu\n|-supereffective|p1b: Ting-Lu\n|-damage|p1b: Ting-Lu|66\/100\n|move|p1b: Ting-Lu|Fissure|p2b: Grim Shady|[miss]\n|-miss|p1b: Ting-Lu|p2b: Grim Shady\n|\n|upkeep\n|turn|3\n|inactive|TranceKnight has 30 seconds left.\n|inactive|ApplinFan773 has 30 seconds left.\n|inactive|TranceKnight has 20 seconds left.\n|\n|t:|1682014944\n|move|p2a: The Millers|Population Bomb|p1b: Ting-Lu\n|-damage|p1b: Ting-Lu|61\/100\n|-damage|p1b: Ting-Lu|55\/100\n|-damage|p1b: Ting-Lu|51\/100\n|-damage|p1b: Ting-Lu|46\/100\n|-damage|p1b: Ting-Lu|41\/100\n|-damage|p1b: Ting-Lu|36\/100\n|-damage|p1b: Ting-Lu|31\/100\n|-damage|p1b: Ting-Lu|26\/100\n|-damage|p1b: Ting-Lu|21\/100\n|-damage|p1b: Ting-Lu|17\/100\n|-hitcount|p1b: Ting-Lu|10\n|move|p2b: Grim Shady|Bitter Blade|p1a: Oranguru\n|-damage|p1a: Oranguru|0 fnt\n|faint|p1a: Oranguru\n|move|p1b: Ting-Lu|Ruination|p2b: Grim Shady\n|-damage|p2b: Grim Shady|51\/100\n|\n|upkeep\n|\n|t:|1682014964\n|switch|p1a: Iron Hands|Iron Hands, L50|100\/100\n|-enditem|p1a: Iron Hands|Booster Energy\n|-activate|p1a: Iron Hands|ability: Quark Drive|[fromitem]\n|-start|p1a: Iron Hands|quarkdriveatk\n|turn|4\n|\n|t:|1682014977\n|switch|p2b: Salami|Salamence, L50, M, shiny|100\/100\n|-ability|p2b: Salami|Intimidate|boost\n|-unboost|p1a: Iron Hands|atk|1\n|-unboost|p1b: Ting-Lu|atk|1\n|move|p1a: Iron Hands|Fake Out|p2a: The Millers\n|-damage|p2a: The Millers|80\/100\n|cant|p2a: The Millers|flinch\n|move|p1b: Ting-Lu|Ruination|p2b: Salami\n|-damage|p2b: Salami|51\/100\n|\n|upkeep\n|turn|5\n|\n|t:|1682014999\n|move|p2a: The Millers|Follow Me|p2a: The Millers\n|-singleturn|p2a: The Millers|move: Follow Me\n|move|p2b: Salami|Dragon Claw|p1b: Ting-Lu\n|-damage|p1b: Ting-Lu|0 fnt\n|faint|p1b: Ting-Lu\n|move|p1a: Iron Hands|Swords Dance|p1a: Iron Hands\n|-boost|p1a: Iron Hands|atk|2\n|-enditem|p2b: Salami|Mirror Herb\n|-boost|p2b: Salami|atk|2|[from] item: Mirror Herb\n|\n|upkeep\n|\n|t:|1682015009\n|switch|p1b: Scizor|Scizor, L50, F|100\/100\n|turn|6\n|\n|t:|1682015024\n|move|p1b: Scizor|Bullet Punch|p2a: The Millers\n|-crit|p2a: The Millers\n|-damage|p2a: The Millers|10\/100\n|move|p2a: The Millers|Population Bomb|p1a: Iron Hands\n|-damage|p1a: Iron Hands|92\/100\n|-damage|p1a: Iron Hands|85\/100\n|-damage|p1a: Iron Hands|78\/100\n|-damage|p1a: Iron Hands|71\/100\n|-damage|p1a: Iron Hands|64\/100\n|-damage|p1a: Iron Hands|57\/100\n|-damage|p1a: Iron Hands|50\/100\n|-damage|p1a: Iron Hands|42\/100\n|-hitcount|p1a: Iron Hands|8\n|move|p2b: Salami|Dual Wingbeat|p1a: Iron Hands\n|-damage|p1a: Iron Hands|17\/100\n|-damage|p1a: Iron Hands|0 fnt\n|faint|p1a: Iron Hands\n|-end|p1a: Iron Hands|Quark Drive|[silent]\n|-hitcount|p1: Iron Hands|2\n|\n|upkeep\n|turn|7\n|inactive|ApplinFan773 has 30 seconds left.\n|inactive|ApplinFan773 has 20 seconds left.\n|-message|TranceKnight forfeited.\n|\n|win|ApplinFan773\n|raw|TranceKnight's rating: 1102 → 1079<\/strong> (-23 for losing)\n|raw|ApplinFan773's rating: 1132 → 1155<\/strong> (+23 for winning)\n|l|\u2606TranceKnight\n|c|\u2606ApplinFan773|gg wp\n","uploadtime":1682015073,"views":11,"p1id":"tranceknight","p2id":"applinfan773","formatid":"gen9vgc2023regulationc","rating":1079,"private":0,"password":""}