{"id":"gen9vgc2023regulationc-1855580303","p1":"N3rdSl4y3r","p2":"ShadyTigers","format":"[Gen 9] VGC 2023 Regulation C","log":"|j|\u2606N3rdSl4y3r\n|j|\u2606ShadyTigers\n|t:|1682963770\n|gametype|doubles\n|player|p1|N3rdSl4y3r|rika|\n|player|p2|ShadyTigers|101|\n|teamsize|p1|6\n|teamsize|p2|6\n|gen|9\n|tier|[Gen 9] VGC 2023 Regulation C\n|rule|Species Clause: Limit one of each Pok\u00e9mon\n|rule|Item Clause: Limit one of each item\n|clearpoke\n|poke|p1|Breloom, L50, F|\n|poke|p1|Chi-Yu, L50|\n|poke|p1|Azumarill, L50, F|\n|poke|p1|Baxcalibur, L50, M|\n|poke|p1|Flutter Mane, L50|\n|poke|p1|Maushold-Four, L50|\n|poke|p2|Roaring Moon, L50|\n|poke|p2|Iron Bundle, L50|\n|poke|p2|Arcanine, L50, M|\n|poke|p2|Amoonguss, L50, F|\n|poke|p2|Tyranitar, L50, M|\n|poke|p2|Palafin, L50, M|\n|teampreview|4\nShadyTigers has agreed to open team sheets.\nN3rdSl4y3r has agreed to open team sheets.\n|c|\u2606N3rdSl4y3r|sick team\n|c|\u2606ShadyTigers|lol you running some spice yourself i see XD\n|j| MikeTitan\n|c|\u2606N3rdSl4y3r|woah miketitan how did u get here\n|c| MikeTitan|Hey I\u2019m here because I\u2019m working and don\u2019t want to look at my computer\n|c| MikeTitan|don\u2019t mind me\n|c|\u2606ShadyTigers|lmfao\n|c| MikeTitan|\u201cWatch Battle\u201d\n|c|\u2606N3rdSl4y3r|hmmm I see\n|c| MikeTitan|Glhf!\n|c|\u2606N3rdSl4y3r|glhf!\n|\n|t:|1682963882\n|start\n|switch|p1a: Jorunna Parva|Azumarill, L50, F, shiny|100\/100\n|switch|p1b: Cryolophosaurus|Baxcalibur, L50, M|100\/100\n|switch|p2a: Roaring Moon|Roaring Moon, L50|100\/100\n|switch|p2b: Arcanine|Arcanine, L50, M|100\/100\n|-ability|p2b: Arcanine|Intimidate|boost\n|-unboost|p1a: Jorunna Parva|atk|1\n|-fail|p1b: Cryolophosaurus|unboost|[from] item: Clear Amulet|[of] p1b: Cryolophosaurus\n|-enditem|p2a: Roaring Moon|Booster Energy\n|-activate|p2a: Roaring Moon|ability: Protosynthesis|[fromitem]\n|-start|p2a: Roaring Moon|protosynthesisspe\n|turn|1\n|\n|t:|1682963903\n|move|p2a: Roaring Moon|Protect|p2a: Roaring Moon\n|-singleturn|p2a: Roaring Moon|Protect\n|move|p2b: Arcanine|Will-O-Wisp|p1a: Jorunna Parva\n|-status|p1a: Jorunna Parva|brn\n|move|p1b: Cryolophosaurus|Icicle Crash|p2a: Roaring Moon\n|-activate|p2a: Roaring Moon|move: Protect\n|move|p1a: Jorunna Parva|Liquidation|p2b: Arcanine\n|-supereffective|p2b: Arcanine\n|-damage|p2b: Arcanine|65\/100\n|\n|-damage|p1a: Jorunna Parva|94\/100 brn|[from] brn\n|upkeep\n|turn|2\n|\n|t:|1682963924\n|-end|p2a: Roaring Moon|Protosynthesis|[silent]\n|switch|p2a: Tyranitar|Tyranitar, L50, M|100\/100\n|-weather|Sandstorm|[from] ability: Sand Stream|[of] p2a: Tyranitar\n|switch|p2b: Amoonguss|Amoonguss, L50, F|100\/100\n|move|p1b: Cryolophosaurus|Glaive Rush|p2b: Amoonguss\n|-damage|p2b: Amoonguss|41\/100\n|-singlemove|p1b: Cryolophosaurus|Glaive Rush|[silent]\n|-enditem|p2b: Amoonguss|Sitrus Berry|[eat]\n|-heal|p2b: Amoonguss|66\/100|[from] item: Sitrus Berry\n|move|p1a: Jorunna Parva|Play Rough|p2a: Tyranitar|[miss]\n|-miss|p1a: Jorunna Parva|p2a: Tyranitar\n|\n|-weather|Sandstorm|[upkeep]\n|-damage|p1b: Cryolophosaurus|95\/100|[from] Sandstorm\n|-damage|p1a: Jorunna Parva|88\/100 brn|[from] Sandstorm\n|-damage|p2b: Amoonguss|60\/100|[from] Sandstorm\n|-damage|p1a: Jorunna Parva|82\/100 brn|[from] brn\n|upkeep\n|turn|3\n|\n|t:|1682963949\n|switch|p1a: GOAT|Breloom, L50, F, shiny|100\/100\n|move|p1b: Cryolophosaurus|Protect|p1b: Cryolophosaurus\n|-singleturn|p1b: Cryolophosaurus|Protect\n|move|p2b: Amoonguss|Protect|p2b: Amoonguss\n|-singleturn|p2b: Amoonguss|Protect\n|move|p2a: Tyranitar|Rock Slide|p1b: Cryolophosaurus|[spread] p1a\n|-activate|p1b: Cryolophosaurus|move: Protect\n|-resisted|p1a: GOAT\n|-damage|p1a: GOAT|75\/100\n|\n|-weather|Sandstorm|[upkeep]\n|-damage|p1b: Cryolophosaurus|89\/100|[from] Sandstorm\n|-damage|p1a: GOAT|69\/100|[from] Sandstorm\n|-damage|p2b: Amoonguss|54\/100|[from] Sandstorm\n|upkeep\n|turn|4\n|\n|t:|1682963979\n|switch|p2b: Arcanine|Arcanine, L50, M|65\/100\n|-ability|p2b: Arcanine|Intimidate|boost\n|-unboost|p1a: GOAT|atk|1\n|-fail|p1b: Cryolophosaurus|unboost|[from] item: Clear Amulet|[of] p1b: Cryolophosaurus\n|-terastallize|p2a: Tyranitar|Fire\n|move|p1b: Cryolophosaurus|Icicle Crash|p2b: Arcanine\n|-resisted|p2b: Arcanine\n|-damage|p2b: Arcanine|40\/100\n|move|p1a: GOAT|Bullet Seed|p2b: Arcanine\n|-resisted|p2b: Arcanine\n|-damage|p2b: Arcanine|33\/100\n|-resisted|p2b: Arcanine\n|-damage|p2b: Arcanine|27\/100\n|-resisted|p2b: Arcanine\n|-damage|p2b: Arcanine|19\/100\n|-resisted|p2b: Arcanine\n|-crit|p2b: Arcanine\n|-damage|p2b: Arcanine|3\/100\n|-resisted|p2b: Arcanine\n|-damage|p2b: Arcanine|0 fnt\n|faint|p2b: Arcanine\n|-hitcount|p2: Arcanine|5\n|move|p2a: Tyranitar|Fire Punch|p1a: GOAT\n|-supereffective|p1a: GOAT\n|-damage|p1a: GOAT|0 fnt\n|faint|p1a: GOAT\n|\n|-weather|Sandstorm|[upkeep]\n|-damage|p1b: Cryolophosaurus|83\/100|[from] Sandstorm\n|-damage|p2a: Tyranitar|95\/100|[from] Sandstorm\n|upkeep\n|\n|t:|1682964005\n|switch|p2b: Amoonguss|Amoonguss, L50, F|87\/100\n|switch|p1a: Hovering Cane|Flutter Mane, L50|100\/100\n|-enditem|p1a: Hovering Cane|Booster Energy\n|-activate|p1a: Hovering Cane|ability: Protosynthesis|[fromitem]\n|-start|p1a: Hovering Cane|protosynthesisspa\n|turn|5\n|\n|t:|1682964016\n|-end|p1a: Hovering Cane|Protosynthesis|[silent]\n|switch|p1a: Jorunna Parva|Azumarill, L50, F, shiny|82\/100 brn\n|-terastallize|p1b: Cryolophosaurus|Poison\n|move|p1b: Cryolophosaurus|Icicle Crash|p2b: Amoonguss\n|-supereffective|p2b: Amoonguss\n|-damage|p2b: Amoonguss|0 fnt\n|faint|p2b: Amoonguss\n|move|p2a: Tyranitar|Rock Slide|p1b: Cryolophosaurus|[spread] p1a,p1b\n|-damage|p1a: Jorunna Parva|46\/100 brn\n|-damage|p1b: Cryolophosaurus|53\/100\n|-enditem|p1a: Jorunna Parva|Sitrus Berry|[eat]\n|-heal|p1a: Jorunna Parva|71\/100 brn|[from] item: Sitrus Berry\n|\n|-weather|Sandstorm|[upkeep]\n|-damage|p1b: Cryolophosaurus|47\/100|[from] Sandstorm\n|-damage|p2a: Tyranitar|89\/100|[from] Sandstorm\n|-damage|p1a: Jorunna Parva|65\/100 brn|[from] Sandstorm\n|-damage|p1a: Jorunna Parva|59\/100 brn|[from] brn\n|upkeep\n|\n|t:|1682964022\n|switch|p2b: Roaring Moon|Roaring Moon, L50|100\/100\n|turn|6\n|\n|t:|1682964060\n|move|p2b: Roaring Moon|Protect|p2b: Roaring Moon\n|-singleturn|p2b: Roaring Moon|Protect\n|move|p1b: Cryolophosaurus|Glaive Rush|p2a: Tyranitar\n|-damage|p2a: Tyranitar|25\/100\n|-singlemove|p1b: Cryolophosaurus|Glaive Rush|[silent]\n|move|p2a: Tyranitar|Rock Slide|p1b: Cryolophosaurus|[spread] p1a,p1b\n|-damage|p1a: Jorunna Parva|22\/100 brn\n|-damage|p1b: Cryolophosaurus|0 fnt\n|faint|p1b: Cryolophosaurus\n|move|p1a: Jorunna Parva|Liquidation|p2a: Tyranitar\n|-supereffective|p2a: Tyranitar\n|-damage|p2a: Tyranitar|0 fnt\n|faint|p2a: Tyranitar\n|\n|-weather|none\n|-damage|p1a: Jorunna Parva|16\/100 brn|[from] brn\n|upkeep\n|\n|t:|1682964074\n|switch|p1b: Hovering Cane|Flutter Mane, L50|100\/100\n|turn|7\n|\n|t:|1682964080\n|move|p2b: Roaring Moon|Acrobatics|p1b: Hovering Cane\n|-crit|p1b: Hovering Cane\n|-damage|p1b: Hovering Cane|4\/100\n|move|p1b: Hovering Cane|Moonblast|p2b: Roaring Moon\n|-supereffective|p2b: Roaring Moon\n|-damage|p2b: Roaring Moon|0 fnt\n|faint|p2b: Roaring Moon\n|-end|p2b: Roaring Moon|Protosynthesis|[silent]\n|\n|win|N3rdSl4y3r\n|l|\u2606ShadyTigers\n|c|\u2606N3rdSl4y3r|gg\n|c| MikeTitan|Moon was NOT having it\n|c| MikeTitan|crit at the end was spooky\n|l| MikeTitan\n","uploadtime":1682964828,"views":18,"p1id":"n3rdsl4y3r","p2id":"shadytigers","formatid":"gen9vgc2023regulationc","rating":0,"private":0,"password":""}