{"id":"gen9vgc2023regulationc-1848064524","p1":"That_Leek","p2":"Jake5000","format":"[Gen 9] VGC 2023 Regulation C","log":"|j|\u2606That_Leek\n|j|\u2606Jake5000\n|t:|1682025714\n|gametype|doubles\n|player|p1|That_Leek|blue-masters|1176\n|player|p2|Jake5000|266|1183\n|teamsize|p1|6\n|teamsize|p2|6\n|gen|9\n|tier|[Gen 9] VGC 2023 Regulation C\n|rated|\n|rule|Species Clause: Limit one of each Pok\u00e9mon\n|rule|Item Clause: Limit one of each item\n|clearpoke\n|poke|p1|Gholdengo, L50|\n|poke|p1|Gyarados, L50, F|\n|poke|p1|Tyranitar, L50, F|\n|poke|p1|Maushold-Four, L50|\n|poke|p1|Annihilape, L50, M|\n|poke|p1|Volcarona, L50, M|\n|poke|p2|Ting-Lu, L50|\n|poke|p2|Baxcalibur, L50, F|\n|poke|p2|Amoonguss, L50, M|\n|poke|p2|Flutter Mane, L50|\n|poke|p2|Gyarados, L50, M|\n|poke|p2|Chi-Yu, L50|\n|teampreview|4\nThat_Leek has agreed to open team sheets.\n|\n|t:|1682025746\n|start\n|switch|p1a: Annihilape|Annihilape, L50, M|100\/100\n|switch|p1b: Maushold|Maushold-Four, L50|100\/100\n|switch|p2a: Flutter Mane|Flutter Mane, L50|100\/100\n|switch|p2b: Chi-Yu|Chi-Yu, L50|100\/100\n|-ability|p2b: Chi-Yu|Beads of Ruin\n|-enditem|p2a: Flutter Mane|Booster Energy\n|-activate|p2a: Flutter Mane|ability: Protosynthesis|[fromitem]\n|-start|p2a: Flutter Mane|protosynthesisspe\n|turn|1\n|\n|t:|1682025764\n|-terastallize|p1a: Annihilape|Fire\n|move|p1b: Maushold|Follow Me|p1b: Maushold\n|-singleturn|p1b: Maushold|move: Follow Me\n|move|p2a: Flutter Mane|Dazzling Gleam|p1a: Annihilape|[spread] p1a,p1b\n|-resisted|p1a: Annihilape\n|-damage|p1a: Annihilape|88\/100\n|-damage|p1b: Maushold|47\/100\n|move|p2b: Chi-Yu|Dark Pulse|p1b: Maushold\n|-damage|p1b: Maushold|0 fnt\n|faint|p1b: Maushold\n|move|p1a: Annihilape|Drain Punch|p2b: Chi-Yu\n|-supereffective|p2b: Chi-Yu\n|-damage|p2b: Chi-Yu|0 fnt\n|-heal|p1a: Annihilape|100\/100|[from] drain|[of] p2b: Chi-Yu\n|faint|p2b: Chi-Yu\n|\n|upkeep\n|\n|t:|1682025777\n|switch|p1b: Tyranitar|Tyranitar, L50, F|100\/100\n|switch|p2b: Ting-Lu|Ting-Lu, L50|100\/100\n|-weather|Sandstorm|[from] ability: Sand Stream|[of] p1b: Tyranitar\n|-ability|p2b: Ting-Lu|Vessel of Ruin\n|turn|2\n|\n|t:|1682025790\n|switch|p1b: Gyarados|Gyarados, L50, F|100\/100\n|-ability|p1b: Gyarados|Intimidate|boost\n|-unboost|p2a: Flutter Mane|atk|1\n|-unboost|p2b: Ting-Lu|atk|1\n|move|p2a: Flutter Mane|Moonblast|p1b: Gyarados\n|-damage|p1b: Gyarados|64\/100\n|-unboost|p1b: Gyarados|spa|1\n|move|p1a: Annihilape|Rage Fist|p2a: Flutter Mane\n|-supereffective|p2a: Flutter Mane\n|-damage|p2a: Flutter Mane|0 fnt\n|faint|p2a: Flutter Mane\n|-end|p2a: Flutter Mane|Protosynthesis|[silent]\n|move|p2b: Ting-Lu|Stomping Tantrum|p1b: Gyarados\n|-immune|p1b: Gyarados\n|\n|-weather|Sandstorm|[upkeep]\n|-damage|p1a: Annihilape|94\/100|[from] Sandstorm\n|-damage|p1b: Gyarados|58\/100|[from] Sandstorm\n|-heal|p1a: Annihilape|100\/100|[from] item: Leftovers\n|upkeep\n|\n|t:|1682025799\n|switch|p2a: Gyarados|Gyarados, L50, M|100\/100\n|-ability|p2a: Gyarados|Intimidate|boost\n|-unboost|p1a: Annihilape|atk|1\n|-ability|p1a: Annihilape|Defiant|boost\n|-boost|p1a: Annihilape|atk|2\n|-unboost|p1b: Gyarados|atk|1\n|turn|3\n|\n|t:|1682025815\n|switch|p1b: Tyranitar|Tyranitar, L50, F|100\/100\n|-terastallize|p2b: Ting-Lu|Water\n|move|p2a: Gyarados|Helping Hand|p2b: Ting-Lu\n|-singleturn|p2b: Ting-Lu|Helping Hand|[of] p2a: Gyarados\n|move|p1a: Annihilape|Drain Punch|p2b: Ting-Lu\n|-damage|p2b: Ting-Lu|75\/100\n|move|p2b: Ting-Lu|Stomping Tantrum|p1a: Annihilape\n|-supereffective|p1a: Annihilape\n|-damage|p1a: Annihilape|0 fnt\n|faint|p1a: Annihilape\n|\n|-weather|Sandstorm|[upkeep]\n|-damage|p2a: Gyarados|95\/100|[from] Sandstorm\n|-damage|p2b: Ting-Lu|69\/100|[from] Sandstorm\n|upkeep\n|\n|t:|1682025820\n|switch|p1a: Gyarados|Gyarados, L50, F|58\/100\n|-ability|p1a: Gyarados|Intimidate|boost\n|-unboost|p2a: Gyarados|atk|1\n|-unboost|p2b: Ting-Lu|atk|1\n|turn|4\n|\n|t:|1682025838\n|move|p1a: Gyarados|Dragon Dance|p1a: Gyarados\n|-boost|p1a: Gyarados|atk|1\n|-boost|p1a: Gyarados|spe|1\n|move|p2a: Gyarados|Waterfall|p1b: Tyranitar\n|-supereffective|p1b: Tyranitar\n|-damage|p1b: Tyranitar|63\/100\n|move|p1b: Tyranitar|Rock Slide|p2a: Gyarados|[spread] p2a,p2b\n|-supereffective|p2a: Gyarados\n|-damage|p2a: Gyarados|26\/100\n|-damage|p2b: Ting-Lu|49\/100\n|move|p2b: Ting-Lu|Stomping Tantrum|p1b: Tyranitar\n|-supereffective|p1b: Tyranitar\n|-damage|p1b: Tyranitar|30\/100\n|\n|-weather|Sandstorm|[upkeep]\n|-damage|p1a: Gyarados|52\/100|[from] Sandstorm\n|-damage|p2a: Gyarados|20\/100|[from] Sandstorm\n|-damage|p2b: Ting-Lu|43\/100|[from] Sandstorm\n|upkeep\n|turn|5\n|\n|t:|1682025856\n|move|p1a: Gyarados|Waterfall|p2a: Gyarados\n|-resisted|p2a: Gyarados\n|-damage|p2a: Gyarados|0 fnt\n|faint|p2a: Gyarados\n|move|p1b: Tyranitar|Crunch|p2b: Ting-Lu\n|-damage|p2b: Ting-Lu|15\/100\n|move|p2b: Ting-Lu|Stomping Tantrum|p1b: Tyranitar\n|-supereffective|p1b: Tyranitar\n|-damage|p1b: Tyranitar|0 fnt\n|faint|p1b: Tyranitar\n|\n|-weather|Sandstorm|[upkeep]\n|-damage|p1a: Gyarados|46\/100|[from] Sandstorm\n|-damage|p2b: Ting-Lu|9\/100|[from] Sandstorm\n|-enditem|p1a: Gyarados|Sitrus Berry|[eat]\n|-heal|p1a: Gyarados|71\/100|[from] item: Sitrus Berry\n|upkeep\n|turn|6\n|\n|t:|1682025863\n|move|p1a: Gyarados|Waterfall|p2b: Ting-Lu\n|-resisted|p2b: Ting-Lu\n|-damage|p2b: Ting-Lu|0 fnt\n|faint|p2b: Ting-Lu\n|\n|win|That_Leek\n|raw|That_Leek's rating: 1176 → 1202<\/strong> (+26 for winning)\n|raw|Jake5000's rating: 1183 → 1157<\/strong> (-26 for losing)\n","uploadtime":1682025865,"views":5,"p1id":"thatleek","p2id":"jake5000","formatid":"gen9vgc2023regulationc","rating":1157,"private":0,"password":""}