{"id":"gen9vgc2023regulationc-1844974203","p1":"bergusia","p2":"Phelon","format":"[Gen 9] VGC 2023 Regulation C","log":"|j|\u2606bergusia\n|j|\u2606Phelon\n|t:|1681669870\n|gametype|doubles\n|player|p1|bergusia|102|1326\n|player|p2|Phelon|burglar|1343\n|teamsize|p1|6\n|teamsize|p2|6\n|gen|9\n|tier|[Gen 9] VGC 2023 Regulation C\n|rated|\n|rule|Species Clause: Limit one of each Pok\u00e9mon\n|rule|Item Clause: Limit one of each item\n|clearpoke\n|poke|p1|Gyarados, L50, F|\n|poke|p1|Flutter Mane, L50|\n|poke|p1|Ceruledge, L50, F|\n|poke|p1|Wo-Chien, L50|\n|poke|p1|Ting-Lu, L50|\n|poke|p1|Vivillon-Fancy, L50, M|\n|poke|p2|Volcarona, L50, F|\n|poke|p2|Gyarados, L50, M|\n|poke|p2|Wo-Chien, L50|\n|poke|p2|Flutter Mane, L50|\n|poke|p2|Roaring Moon, L50|\n|poke|p2|Maushold-Four, L50|\n|teampreview|4\n|inactive|Battle timer is ON: inactive players will automatically lose when time's up. (requested by bergusia)\nbergusia has agreed to open team sheets.\n|\n|t:|1681669915\n|start\n|switch|p1a: Flutter Mane|Flutter Mane, L50|100\/100\n|switch|p1b: Vivillon|Vivillon-Fancy, L50, M|100\/100\n|switch|p2a: Maushold|Maushold-Four, L50|100\/100\n|switch|p2b: Volcarona|Volcarona, L50, F|100\/100\n|turn|1\n|inactive|bergusia has 30 seconds left.\n|\n|t:|1681669946\n|move|p2a: Maushold|Follow Me|p2a: Maushold\n|-singleturn|p2a: Maushold|move: Follow Me\n|move|p1a: Flutter Mane|Substitute|p1a: Flutter Mane\n|-start|p1a: Flutter Mane|Substitute\n|-damage|p1a: Flutter Mane|75\/100\n|move|p1b: Vivillon|Sleep Powder|p2a: Maushold\n|-activate|p2a: Maushold|item: Safety Goggles|Sleep Powder\n|move|p2b: Volcarona|Quiver Dance|p2b: Volcarona\n|-boost|p2b: Volcarona|spa|1\n|-boost|p2b: Volcarona|spd|1\n|-boost|p2b: Volcarona|spe|1\n|\n|-heal|p1a: Flutter Mane|82\/100|[from] item: Leftovers\n|upkeep\n|turn|2\n|\n|t:|1681669968\n|move|p2a: Maushold|Follow Me|p2a: Maushold\n|-singleturn|p2a: Maushold|move: Follow Me\n|move|p2b: Volcarona|Heat Wave|p1a: Flutter Mane|[spread] p1a,p1b\n|-end|p1a: Flutter Mane|Substitute\n|-supereffective|p1b: Vivillon\n|-enditem|p1b: Vivillon|Focus Sash\n|-damage|p1b: Vivillon|1\/100\n|move|p1a: Flutter Mane|Moonblast|p2a: Maushold\n|-damage|p2a: Maushold|57\/100\n|move|p1b: Vivillon|Hurricane|p2a: Maushold\n|-damage|p2a: Maushold|21\/100\n|\n|-heal|p1a: Flutter Mane|88\/100|[from] item: Leftovers\n|upkeep\n|turn|3\n|\n|t:|1681669987\n|switch|p1b: Ting-Lu|Ting-Lu, L50|100\/100\n|-ability|p1b: Ting-Lu|Vessel of Ruin\n|move|p2a: Maushold|Protect|p2a: Maushold\n|-singleturn|p2a: Maushold|Protect\n|move|p2b: Volcarona|Heat Wave|p1b: Ting-Lu|[spread] p1a,p1b\n|-damage|p1a: Flutter Mane|52\/100\n|-damage|p1b: Ting-Lu|71\/100\n|move|p1a: Flutter Mane|Substitute|p1a: Flutter Mane\n|-start|p1a: Flutter Mane|Substitute\n|-damage|p1a: Flutter Mane|27\/100\n|\n|-heal|p1a: Flutter Mane|33\/100|[from] item: Leftovers\n|upkeep\n|turn|4\n|inactive|bergusia has 30 seconds left.\n|inactive|bergusia has 20 seconds left.\n|inactive|bergusia has 15 seconds left.\n|inactive|Phelon has 30 seconds left.\n|inactive|bergusia has 10 seconds left.\n|inactive|bergusia has 5 seconds left.\n|inactive|Phelon has 20 seconds left.\n|inactive|Phelon has 15 seconds left.\n|inactive|Phelon has 10 seconds left.\n|inactive|Phelon has 5 seconds left.\n|\n|t:|1681670052\n|move|p1a: Flutter Mane|Protect|p1a: Flutter Mane\n|-singleturn|p1a: Flutter Mane|Protect\n|move|p2a: Maushold|Protect||[still]\n|-fail|p2a: Maushold\n|move|p2b: Volcarona|Bug Buzz|p1b: Ting-Lu\n|-supereffective|p1b: Ting-Lu\n|-damage|p1b: Ting-Lu|5\/100\n|-enditem|p1b: Ting-Lu|Weakness Policy\n|-boost|p1b: Ting-Lu|atk|2|[from] item: Weakness Policy\n|-boost|p1b: Ting-Lu|spa|2|[from] item: Weakness Policy\n|move|p1b: Ting-Lu|Earthquake|p2a: Maushold|[spread] p2a,p2b\n|-activate|p1a: Flutter Mane|move: Protect\n|-damage|p2a: Maushold|0 fnt\n|-damage|p2b: Volcarona|55\/100\n|faint|p2a: Maushold\n|\n|-heal|p1a: Flutter Mane|39\/100|[from] item: Leftovers\n|upkeep\n|\n|t:|1681670069\n|switch|p2a: Flutter Mane|Flutter Mane, L50|100\/100\n|turn|5\n|inactive|bergusia has 30 seconds left.\n|\n|t:|1681670101\n|switch|p1b: Vivillon|Vivillon-Fancy, L50, M|1\/100\n|move|p2b: Volcarona|Heat Wave|p1a: Flutter Mane|[spread] p1a,p1b\n|-end|p1a: Flutter Mane|Substitute\n|-supereffective|p1b: Vivillon\n|-damage|p1b: Vivillon|0 fnt\n|faint|p1b: Vivillon\n|move|p2a: Flutter Mane|Moonblast|p1a: Flutter Mane\n|-damage|p1a: Flutter Mane|0 fnt\n|faint|p1a: Flutter Mane\n|-end|p1a: Flutter Mane|Protosynthesis|[silent]\n|\n|upkeep\n|\n|t:|1681670113\n|switch|p1a: Ceruledge|Ceruledge, L50, F|100\/100\n|switch|p1b: Ting-Lu|Ting-Lu, L50|5\/100\n|-ability|p1b: Ting-Lu|Vessel of Ruin\n|turn|6\n|\n|t:|1681670133\n|-end|p2a: Flutter Mane|Protosynthesis|[silent]\n|switch|p2a: Wo-Chien|Wo-Chien, L50|100\/100\n|-ability|p2a: Wo-Chien|Tablets of Ruin\n|-terastallize|p1a: Ceruledge|Grass\n|move|p1a: Ceruledge|Shadow Sneak|p2a: Wo-Chien\n|-resisted|p2a: Wo-Chien\n|-damage|p2a: Wo-Chien|95\/100\n|move|p2b: Volcarona|Bug Buzz|p1b: Ting-Lu\n|-supereffective|p1b: Ting-Lu\n|-damage|p1b: Ting-Lu|0 fnt\n|faint|p1b: Ting-Lu\n|\n|-heal|p2a: Wo-Chien|100\/100|[from] item: Leftovers\n|upkeep\n|turn|7\n|inactive|bergusia has 30 seconds left.\n|\n|t:|1681670162\n|move|p2a: Wo-Chien|Protect|p2a: Wo-Chien\n|-singleturn|p2a: Wo-Chien|Protect\n|move|p2b: Volcarona|Bug Buzz|p1a: Ceruledge\n|-supereffective|p1a: Ceruledge\n|-damage|p1a: Ceruledge|11\/100\n|move|p1a: Ceruledge|Bitter Blade|p2b: Volcarona\n|-damage|p2b: Volcarona|14\/100\n|-heal|p1a: Ceruledge|32\/100|[from] drain|[of] p2b: Volcarona\n|\n|upkeep\n|turn|8\n|\n|t:|1681670172\n|-terastallize|p2a: Wo-Chien|Poison\n|move|p1a: Ceruledge|Shadow Sneak|p2b: Volcarona\n|-damage|p2b: Volcarona|0 fnt\n|faint|p2b: Volcarona\n|move|p2a: Wo-Chien|Pollen Puff|p1a: Ceruledge\n|-supereffective|p1a: Ceruledge\n|-damage|p1a: Ceruledge|4\/100\n|\n|upkeep\n|\n|t:|1681670176\n|switch|p2b: Flutter Mane|Flutter Mane, L50|100\/100\n|turn|9\n|\n|t:|1681670182\n|move|p1a: Ceruledge|Shadow Sneak|p2b: Flutter Mane\n|-supereffective|p2b: Flutter Mane\n|-damage|p2b: Flutter Mane|55\/100\n|move|p2b: Flutter Mane|Icy Wind|p1a: Ceruledge\n|-supereffective|p1a: Ceruledge\n|-damage|p1a: Ceruledge|0 fnt\n|faint|p1a: Ceruledge\n|\n|win|Phelon\n|raw|bergusia's rating: 1326 → 1307<\/strong> (-19 for losing)\n|raw|Phelon's rating: 1343 → 1362<\/strong> (+19 for winning)\n","uploadtime":1681670190,"views":7,"p1id":"bergusia","p2id":"phelon","formatid":"gen9vgc2023regulationc","rating":1307,"private":0,"password":""}