{"id":"gen9vgc2023regulationc-1851413441","p1":"Pierre113","p2":"Spearwinner","format":"[Gen 9] VGC 2023 Regulation C","log":"|j|\u2606Pierre113\n|j|\u2606Spearwinner\n|t:|1682443141\n|gametype|doubles\n|player|p1|Pierre113|palmer|\n|player|p2|Spearwinner|2|\n|teamsize|p1|6\n|teamsize|p2|6\n|gen|9\n|tier|[Gen 9] VGC 2023 Regulation C\n|rule|Species Clause: Limit one of each Pok\u00e9mon\n|rule|Item Clause: Limit one of each item\n|clearpoke\n|poke|p1|Flutter Mane, L50|\n|poke|p1|Amoonguss, L50, F|\n|poke|p1|Chi-Yu, L50|\n|poke|p1|Gyarados, L50, F|\n|poke|p1|Iron Hands, L50|\n|poke|p1|Kingambit, L50, F|\n|poke|p2|Palafin, L50, F|\n|poke|p2|Arcanine, L50, M|\n|poke|p2|Amoonguss, L50, M|\n|poke|p2|Ting-Lu, L50|\n|poke|p2|Baxcalibur, L50, F|\n|poke|p2|Flutter Mane, L50|\n|teampreview|4\nSpearwinner has agreed to open team sheets.\n|c|\u2606Pierre113|g2\n|c|\u2606Spearwinner|g3\n|c|\u2606Pierre113|g3*\nPierre113 has agreed to open team sheets.\n|c|\u2606Spearwinner|glhf\n|c|\u2606Pierre113|u too\n|\n|t:|1682444182\n|start\n|switch|p1a: Gyarados|Gyarados, L50, F|100\/100\n|switch|p1b: Kingambit|Kingambit, L50, F|100\/100\n|switch|p2a: Arcanine|Arcanine, L50, M|100\/100\n|switch|p2b: Baxcalibur|Baxcalibur, L50, F|100\/100\n|-ability|p2a: Arcanine|Intimidate|boost\n|-unboost|p1a: Gyarados|atk|1\n|-unboost|p1b: Kingambit|atk|1\n|-ability|p1b: Kingambit|Defiant|boost\n|-boost|p1b: Kingambit|atk|2\n|-ability|p1a: Gyarados|Intimidate|boost\n|-unboost|p2a: Arcanine|atk|1\n|-fail|p2b: Baxcalibur|unboost|[from] item: Clear Amulet|[of] p2b: Baxcalibur\n|turn|1\n|inactive|Battle timer is ON: inactive players will automatically lose when time's up. (requested by Spearwinner)\n|\n|t:|1682444211\n|move|p2a: Arcanine|Will-O-Wisp|p1b: Kingambit\n|-status|p1b: Kingambit|brn\n|move|p1a: Gyarados|Waterfall|p2a: Arcanine\n|-supereffective|p2a: Arcanine\n|-damage|p2a: Arcanine|40\/100\n|move|p2b: Baxcalibur|Glaive Rush|p1a: Gyarados\n|-damage|p1a: Gyarados|17\/100\n|-singlemove|p2b: Baxcalibur|Glaive Rush|[silent]\n|move|p1b: Kingambit|Assurance|p2a: Arcanine\n|-damage|p2a: Arcanine|0 fnt\n|faint|p2a: Arcanine\n|\n|-damage|p1b: Kingambit|95\/100 brn|[from] brn\n|upkeep\n|\n|t:|1682444225\n|switch|p2a: Amoonguss|Amoonguss, L50, M|100\/100\n|turn|2\n|\n|t:|1682444248\n|move|p2a: Amoonguss|Rage Powder|p2a: Amoonguss\n|-singleturn|p2a: Amoonguss|move: Rage Powder\n|move|p1a: Gyarados|Dragon Dance|p1a: Gyarados\n|-boost|p1a: Gyarados|atk|1\n|-boost|p1a: Gyarados|spe|1\n|move|p2b: Baxcalibur|Glaive Rush|p1a: Gyarados\n|-damage|p1a: Gyarados|0 fnt\n|-singlemove|p2b: Baxcalibur|Glaive Rush|[silent]\n|faint|p1a: Gyarados\n|move|p1b: Kingambit|Iron Head|p2a: Amoonguss\n|-damage|p2a: Amoonguss|75\/100\n|\n|-damage|p1b: Kingambit|89\/100 brn|[from] brn\n|upkeep\n|\n|t:|1682444262\n|switch|p1a: Flutter Mane|Flutter Mane, L50|100\/100\n|-enditem|p1a: Flutter Mane|Booster Energy\n|-activate|p1a: Flutter Mane|ability: Protosynthesis|[fromitem]\n|-start|p1a: Flutter Mane|protosynthesisspa\n|turn|3\n|\n|t:|1682444280\n|move|p2b: Baxcalibur|Protect|p2b: Baxcalibur\n|-singleturn|p2b: Baxcalibur|Protect\n|move|p1a: Flutter Mane|Shadow Ball|p2a: Amoonguss\n|-damage|p2a: Amoonguss|28\/100\n|-enditem|p2a: Amoonguss|Sitrus Berry|[eat]\n|-heal|p2a: Amoonguss|53\/100|[from] item: Sitrus Berry\n|move|p1b: Kingambit|Assurance|p2a: Amoonguss\n|-damage|p2a: Amoonguss|9\/100\n|move|p2a: Amoonguss|Spore|p1a: Flutter Mane\n|-status|p1a: Flutter Mane|slp|[from] move: Spore\n|\n|-damage|p1b: Kingambit|83\/100 brn|[from] brn\n|upkeep\n|turn|4\n|inactive|Pierre113 has 30 seconds left.\n|\n|t:|1682444310\n|-end|p1a: Flutter Mane|Protosynthesis|[silent]\n|switch|p1a: Chi-Yu|Chi-Yu, L50|100\/100\n|-ability|p1a: Chi-Yu|Beads of Ruin\n|switch|p2a: Ting-Lu|Ting-Lu, L50|100\/100\n|-ability|p2a: Ting-Lu|Vessel of Ruin\n|-terastallize|p2b: Baxcalibur|Poison\n|move|p2b: Baxcalibur|Icicle Crash|p1a: Chi-Yu\n|-resisted|p1a: Chi-Yu\n|-damage|p1a: Chi-Yu|61\/100\n|move|p1b: Kingambit|Iron Head|p2a: Ting-Lu\n|-damage|p2a: Ting-Lu|86\/100\n|\n|-damage|p1b: Kingambit|77\/100 brn|[from] brn\n|upkeep\n|turn|5\n|inactive|Pierre113 has 30 seconds left.\n|inactive|Spearwinner has 30 seconds left.\n|inactive|Pierre113 has 20 seconds left.\n|inactive|Pierre113 has 15 seconds left.\n|inactive|Pierre113 has 10 seconds left.\n|inactive|Pierre113 has 5 seconds left.\n|\n|t:|1682444364\n|move|p2b: Baxcalibur|Protect|p2b: Baxcalibur\n|-singleturn|p2b: Baxcalibur|Protect\n|move|p1a: Chi-Yu|Overheat|p2a: Ting-Lu\n|-damage|p2a: Ting-Lu|30\/100\n|-unboost|p1a: Chi-Yu|spa|2\n|move|p1b: Kingambit|Iron Head|p2a: Ting-Lu\n|-damage|p2a: Ting-Lu|14\/100\n|move|p2a: Ting-Lu|Stone Edge|p1a: Chi-Yu\n|-supereffective|p1a: Chi-Yu\n|-damage|p1a: Chi-Yu|0 fnt\n|faint|p1a: Chi-Yu\n|\n|-damage|p1b: Kingambit|72\/100 brn|[from] brn\n|upkeep\n|\n|t:|1682444380\n|switch|p1a: Flutter Mane|Flutter Mane, L50|100\/100 slp\n|turn|6\n|\n|t:|1682444398\n|switch|p2a: Amoonguss|Amoonguss, L50, M|42\/100\n|cant|p1a: Flutter Mane|slp\n|move|p2b: Baxcalibur|Icicle Crash|p1a: Flutter Mane|[miss]\n|-miss|p2b: Baxcalibur|p1a: Flutter Mane\n|move|p1b: Kingambit|Iron Head|p2a: Amoonguss\n|-damage|p2a: Amoonguss|18\/100\n|\n|-damage|p1b: Kingambit|66\/100 brn|[from] brn\n|upkeep\n|turn|7\n|\n|t:|1682444414\n|switch|p2a: Ting-Lu|Ting-Lu, L50|14\/100\n|-ability|p2a: Ting-Lu|Vessel of Ruin\n|cant|p1a: Flutter Mane|slp\n|move|p2b: Baxcalibur|Icicle Crash|p1a: Flutter Mane\n|-damage|p1a: Flutter Mane|20\/100 slp\n|move|p1b: Kingambit|Iron Head|p2a: Ting-Lu\n|-damage|p2a: Ting-Lu|0 fnt\n|faint|p2a: Ting-Lu\n|\n|-damage|p1b: Kingambit|60\/100 brn|[from] brn\n|upkeep\n|\n|t:|1682444423\n|switch|p2a: Amoonguss|Amoonguss, L50, M|51\/100\n|turn|8\n|\n|t:|1682444448\n|-curestatus|p1a: Flutter Mane|slp|[msg]\n|move|p1a: Flutter Mane|Protect|p1a: Flutter Mane\n|-singleturn|p1a: Flutter Mane|Protect\n|move|p2b: Baxcalibur|Ice Shard|p1a: Flutter Mane\n|-activate|p1a: Flutter Mane|move: Protect\n|move|p1b: Kingambit|Iron Head|p2a: Amoonguss\n|-damage|p2a: Amoonguss|24\/100\n|move|p2a: Amoonguss|Pollen Puff|p1b: Kingambit\n|-damage|p1b: Kingambit|41\/100 brn\n|\n|-damage|p1b: Kingambit|35\/100 brn|[from] brn\n|upkeep\n|turn|9\n|inactive|Pierre113 has 30 seconds left.\n|\n|t:|1682444476\n|move|p1a: Flutter Mane|Protect|p1a: Flutter Mane\n|-singleturn|p1a: Flutter Mane|Protect\n|move|p2a: Amoonguss|Rage Powder|p2a: Amoonguss\n|-singleturn|p2a: Amoonguss|move: Rage Powder\n|move|p2b: Baxcalibur|Ice Shard|p1a: Flutter Mane\n|-activate|p1a: Flutter Mane|move: Protect\n|move|p1b: Kingambit|Iron Head|p2a: Amoonguss\n|-damage|p2a: Amoonguss|0 fnt\n|faint|p2a: Amoonguss\n|\n|-damage|p1b: Kingambit|29\/100 brn|[from] brn\n|upkeep\n|turn|10\n|c|\u2606Spearwinner|nice\n|inactive|Pierre113 has 30 seconds left.\n|\n|t:|1682444505\n|move|p2b: Baxcalibur|Ice Shard|p1a: Flutter Mane\n|-damage|p1a: Flutter Mane|0 fnt\n|faint|p1a: Flutter Mane\n|-end|p1a: Flutter Mane|Protosynthesis|[silent]\n|move|p1b: Kingambit|Sucker Punch||[still]\n|-fail|p1b: Kingambit\n|\n|-damage|p1b: Kingambit|24\/100 brn|[from] brn\n|upkeep\n|turn|11\n|c|\u2606Pierre113|gg\n|c|\u2606Spearwinner|gg\n|\n|t:|1682444514\n|move|p2b: Baxcalibur|Glaive Rush|p1b: Kingambit\n|-resisted|p1b: Kingambit\n|-crit|p1b: Kingambit\n|-damage|p1b: Kingambit|0 fnt\n|-singlemove|p2b: Baxcalibur|Glaive Rush|[silent]\n|faint|p1b: Kingambit\n|\n|win|Spearwinner\n|l|\u2606Spearwinner\n","uploadtime":1682445561,"views":7,"p1id":"pierre113","p2id":"spearwinner","formatid":"gen9vgc2023regulationc","rating":0,"private":0,"password":""}