{"id":"gen9vgc2023regulationc-1857729315","p1":"Apneic","p2":"RygarVGC","format":"[Gen 9] VGC 2023 Regulation C","log":"|j|\u2606Apneic\n|j|\u2606RygarVGC\n|t:|1683226277\n|gametype|doubles\n|player|p1|Apneic|2|1226\n|player|p2|RygarVGC|parasollady-gen4|1139\n|teamsize|p1|6\n|teamsize|p2|6\n|gen|9\n|tier|[Gen 9] VGC 2023 Regulation C\n|rated|\n|rule|Species Clause: Limit one of each Pok\u00e9mon\n|rule|Item Clause: Limit one of each item\n|clearpoke\n|poke|p1|Scream Tail, L50|\n|poke|p1|Salazzle, L50, F|\n|poke|p1|Bellibolt, L50, M|\n|poke|p1|Ting-Lu, L50|\n|poke|p1|Palafin, L50, M|\n|poke|p1|Brute Bonnet, L50|\n|poke|p2|Wo-Chien, L50|\n|poke|p2|Glimmora, L50, F|\n|poke|p2|Amoonguss, L50, M|\n|poke|p2|Iron Hands, L50|\n|poke|p2|Arcanine, L50, M|\n|poke|p2|Rabsca, L50, M|\n|teampreview|4\n|inactive|Battle timer is ON: inactive players will automatically lose when time's up. (requested by RygarVGC)\nRygarVGC has agreed to open team sheets.\n|\n|t:|1683226322\n|start\n|switch|p1a: Bellibolt|Bellibolt, L50, M|100\/100\n|switch|p1b: Salazzle|Salazzle, L50, F|100\/100\n|switch|p2a: Iron Hands|Iron Hands, L50|100\/100\n|switch|p2b: Glimmora|Glimmora, L50, F|100\/100\n|turn|1\n|\n|t:|1683226341\n|-terastallize|p2a: Iron Hands|Ghost\n|move|p2a: Iron Hands|Fake Out|p1b: Salazzle\n|-damage|p1b: Salazzle|68\/100\n|cant|p1b: Salazzle|flinch\n|move|p2b: Glimmora|Power Gem|p1b: Salazzle\n|-supereffective|p1b: Salazzle\n|-damage|p1b: Salazzle|0 fnt\n|faint|p1b: Salazzle\n|move|p1a: Bellibolt|Muddy Water|p2b: Glimmora|[spread] p2a,p2b\n|-supereffective|p2b: Glimmora\n|-damage|p2a: Iron Hands|89\/100\n|-damage|p2b: Glimmora|46\/100\n|\n|upkeep\n|\n|t:|1683226347\n|switch|p1b: Scream Tail|Scream Tail, L50|100\/100\n|-enditem|p1b: Scream Tail|Booster Energy\n|-activate|p1b: Scream Tail|ability: Protosynthesis|[fromitem]\n|-start|p1b: Scream Tail|protosynthesisspe\n|turn|2\n|\n|t:|1683226364\n|-terastallize|p1a: Bellibolt|Flying\n|move|p1b: Scream Tail|Encore|p2a: Iron Hands\n|-start|p2a: Iron Hands|Encore\n|move|p2b: Glimmora|Mortal Spin|p1b: Scream Tail|[spread] p1a,p1b\n|-supereffective|p1b: Scream Tail\n|-damage|p1a: Bellibolt|96\/100\n|-damage|p1b: Scream Tail|92\/100\n|-status|p1a: Bellibolt|psn\n|-status|p1b: Scream Tail|psn\n|-start|p1a: Bellibolt|Charge|Mortal Spin|[from] ability: Electromorphosis\n|move|p2a: Iron Hands|Fake Out||[still]\n|-hint|Fake Out only works on your first turn out.\n|-fail|p2a: Iron Hands\n|move|p1a: Bellibolt|Muddy Water|p2b: Glimmora|[spread] p2b\n|-miss|p1a: Bellibolt|p2a: Iron Hands\n|-supereffective|p2b: Glimmora\n|-damage|p2b: Glimmora|0 fnt\n|faint|p2b: Glimmora\n|\n|-damage|p1b: Scream Tail|80\/100 psn|[from] psn\n|-damage|p1a: Bellibolt|84\/100 psn|[from] psn\n|upkeep\n|\n|t:|1683226387\n|switch|p2b: Wo-Chien|Wo-Chien, L50|100\/100\n|-ability|p2b: Wo-Chien|Tablets of Ruin\n|turn|3\n|inactive|Apneic has 30 seconds left.\n|inactive|Apneic has 20 seconds left.\n|inactive|Apneic has 15 seconds left.\n|inactive|Apneic has 10 seconds left.\n|inactive|Apneic has 5 seconds left.\n|\n|t:|1683226442\n|-end|p2a: Iron Hands|Quark Drive|[silent]\n|switch|p2a: Arcanine|Arcanine, L50, M|100\/100\n|-ability|p2a: Arcanine|Intimidate|boost\n|-unboost|p1a: Bellibolt|atk|1\n|-unboost|p1b: Scream Tail|atk|1\n|move|p1b: Scream Tail|Howl|p1b: Scream Tail|[spread] p1a,p1b\n|-boost|p1a: Bellibolt|atk|1\n|-boost|p1b: Scream Tail|atk|1\n|move|p2b: Wo-Chien|Leech Seed|p1b: Scream Tail\n|-start|p1b: Scream Tail|move: Leech Seed\n|move|p1a: Bellibolt|Parabolic Charge|p2a: Arcanine|[spread] p1b,p2a,p2b\n|-resisted|p2b: Wo-Chien\n|-damage|p1b: Scream Tail|50\/100 psn\n|-heal|p1a: Bellibolt|99\/100 psn|[from] drain|[of] p1b: Scream Tail\n|-damage|p2a: Arcanine|70\/100\n|-heal|p1a: Bellibolt|100\/100 psn|[from] drain|[of] p2a: Arcanine\n|-damage|p2b: Wo-Chien|89\/100\n|-end|p1a: Bellibolt|Charge|[silent]\n|\n|-heal|p2b: Wo-Chien|95\/100|[from] item: Leftovers\n|-damage|p1b: Scream Tail|38\/100 psn|[from] Leech Seed|[of] p2b: Wo-Chien\n|-heal|p2b: Wo-Chien|100\/100|[silent]\n|-damage|p1b: Scream Tail|26\/100 psn|[from] psn\n|-damage|p1a: Bellibolt|88\/100 psn|[from] psn\n|upkeep\n|turn|4\n|inactive|Apneic has 30 seconds left.\n|inactive|RygarVGC has 30 seconds left.\n|inactive|Apneic has 20 seconds left.\n|inactive|Apneic has 15 seconds left.\n|inactive|Apneic has 10 seconds left.\n|\n|t:|1683226491\n|move|p1b: Scream Tail|Fake Tears|p2a: Arcanine\n|-unboost|p2a: Arcanine|spd|2\n|move|p2a: Arcanine|Snarl|p1a: Bellibolt|[spread] p1a,p1b\n|-damage|p1a: Bellibolt|82\/100 psn\n|-damage|p1b: Scream Tail|20\/100 psn\n|-unboost|p1a: Bellibolt|spa|1\n|-unboost|p1b: Scream Tail|spa|1\n|-start|p1a: Bellibolt|Charge|Snarl|[from] ability: Electromorphosis\n|move|p2b: Wo-Chien|Leech Seed|p1a: Bellibolt\n|-start|p1a: Bellibolt|move: Leech Seed\n|move|p1a: Bellibolt|Muddy Water|p2a: Arcanine|[spread] p2a,p2b\n|-supereffective|p2a: Arcanine\n|-resisted|p2b: Wo-Chien\n|-damage|p2a: Arcanine|30\/100\n|-damage|p2b: Wo-Chien|97\/100\n|\n|-heal|p2b: Wo-Chien|100\/100|[from] item: Leftovers\n|-damage|p1b: Scream Tail|8\/100 psn|[from] Leech Seed|[of] p2b: Wo-Chien\n|-damage|p1a: Bellibolt|69\/100 psn|[from] Leech Seed|[of] p2b: Wo-Chien\n|-damage|p1b: Scream Tail|0 fnt|[from] psn\n|faint|p1b: Scream Tail\n|-end|p1b: Scream Tail|Protosynthesis|[silent]\n|-damage|p1a: Bellibolt|57\/100 psn|[from] psn\n|upkeep\n|\n|t:|1683226497\n|switch|p1b: Ting-Lu|Ting-Lu, L50|100\/100\n|-ability|p1b: Ting-Lu|Vessel of Ruin\n|turn|5\n|-message|Apneic forfeited.\n|\n|win|RygarVGC\n|raw|Apneic's rating: 1226 → 1195<\/strong> (-31 for losing)\n|raw|RygarVGC's rating: 1139 → 1170<\/strong> (+31 for winning)\n|l|\u2606Apneic\n","uploadtime":1683226523,"views":12,"p1id":"apneic","p2id":"rygarvgc","formatid":"gen9vgc2023regulationc","rating":1170,"private":0,"password":""}