{"id":"gen9vgc2023regulationc-1848959023","p1":"zhz2021","p2":"bwahacough","format":"[Gen 9] VGC 2023 Regulation C","log":"|j|\u2606zhz2021\n|j|\u2606bwahacough\n|t:|1682131221\n|gametype|doubles\n|player|p1|zhz2021|marley|1642\n|player|p2|bwahacough|madame-gen4|1785\n|teamsize|p1|6\n|teamsize|p2|6\n|gen|9\n|tier|[Gen 9] VGC 2023 Regulation C\n|rated|\n|rule|Species Clause: Limit one of each Pok\u00e9mon\n|rule|Item Clause: Limit one of each item\n|clearpoke\n|poke|p1|Roaring Moon, L50|\n|poke|p1|Brambleghast, L50, F|\n|poke|p1|Iron Hands, L50|\n|poke|p1|Maushold-Four, L50|\n|poke|p1|Flutter Mane, L50|\n|poke|p1|Chi-Yu, L50|\n|poke|p2|Lycanroc, L50, F|\n|poke|p2|Tyranitar, L50, F|\n|poke|p2|Chien-Pao, L50|\n|poke|p2|Farigiraf, L50, F|\n|poke|p2|Flutter Mane, L50|\n|poke|p2|Annihilape, L50, M|\n|teampreview|4\nbwahacough has agreed to open team sheets.\n|\n|t:|1682131241\n|start\n|switch|p1a: \u9b3c\u6708|Roaring Moon, L50|100\/100\n|switch|p1b: \u91d1\u521a|Iron Hands, L50|100\/100\n|switch|p2a: Farigiraf|Farigiraf, L50, F, shiny|100\/100\n|switch|p2b: Tyranitar|Tyranitar, L50, F, shiny|100\/100\n|-weather|Sandstorm|[from] ability: Sand Stream|[of] p2b: Tyranitar\n|-enditem|p1a: \u9b3c\u6708|Booster Energy\n|-activate|p1a: \u9b3c\u6708|ability: Protosynthesis|[fromitem]\n|-start|p1a: \u9b3c\u6708|protosynthesisspe\n|turn|1\n|\n|t:|1682131251\n|move|p1a: \u9b3c\u6708|Taunt|p2a: Farigiraf\n|-start|p2a: Farigiraf|move: Taunt\n|move|p1b: \u91d1\u521a|Wild Charge|p2b: Tyranitar\n|-damage|p2b: Tyranitar|66\/100\n|-damage|p1b: \u91d1\u521a|94\/100|[from] Recoil\n|move|p2b: Tyranitar|Low Kick|p1b: \u91d1\u521a\n|-damage|p1b: \u91d1\u521a|65\/100\n|move|p2a: Farigiraf|Dazzling Gleam|p1a: \u9b3c\u6708|[spread] p1a,p1b\n|-supereffective|p1a: \u9b3c\u6708\n|-supereffective|p1b: \u91d1\u521a\n|-damage|p1a: \u9b3c\u6708|44\/100\n|-damage|p1b: \u91d1\u521a|46\/100\n|\n|-weather|Sandstorm|[upkeep]\n|-damage|p1a: \u9b3c\u6708|38\/100|[from] Sandstorm\n|-damage|p1b: \u91d1\u521a|40\/100|[from] Sandstorm\n|-damage|p2a: Farigiraf|94\/100|[from] Sandstorm\n|upkeep\n|turn|2\n|\n|t:|1682131273\n|switch|p2b: Flutter Mane|Flutter Mane, L50|100\/100\n|-enditem|p2b: Flutter Mane|Booster Energy\n|-activate|p2b: Flutter Mane|ability: Protosynthesis|[fromitem]\n|-start|p2b: Flutter Mane|protosynthesisspa\n|move|p1a: \u9b3c\u6708|Tailwind|p1a: \u9b3c\u6708\n|-sidestart|p1: zhz2021|move: Tailwind\n|move|p1b: \u91d1\u521a|Drain Punch|p2b: Flutter Mane\n|-immune|p2b: Flutter Mane\n|move|p2a: Farigiraf|Dazzling Gleam|p1a: \u9b3c\u6708|[spread] p1a,p1b\n|-supereffective|p1a: \u9b3c\u6708\n|-supereffective|p1b: \u91d1\u521a\n|-damage|p1a: \u9b3c\u6708|0 fnt\n|-damage|p1b: \u91d1\u521a|22\/100\n|faint|p1a: \u9b3c\u6708\n|-end|p1a: \u9b3c\u6708|Protosynthesis|[silent]\n|\n|-weather|Sandstorm|[upkeep]\n|-damage|p1b: \u91d1\u521a|15\/100|[from] Sandstorm\n|-damage|p2b: Flutter Mane|94\/100|[from] Sandstorm\n|-damage|p2a: Farigiraf|88\/100|[from] Sandstorm\n|upkeep\n|\n|t:|1682131277\n|switch|p1a: \u8349\u738b|Brambleghast, L50, F, shiny|100\/100\n|-ability|p1a: \u8349\u738b|Wind Rider|boost\n|-boost|p1a: \u8349\u738b|atk|1\n|turn|3\n|j| salmonelephant\n|\n|t:|1682131288\n|move|p2b: Flutter Mane|Protect|p2b: Flutter Mane\n|-singleturn|p2b: Flutter Mane|Protect\n|move|p1a: \u8349\u738b|Bullet Seed|p2a: Farigiraf\n|-damage|p2a: Farigiraf|74\/100\n|-damage|p2a: Farigiraf|60\/100\n|-damage|p2a: Farigiraf|46\/100\n|-enditem|p2a: Farigiraf|Sitrus Berry|[eat]\n|-heal|p2a: Farigiraf|71\/100|[from] item: Sitrus Berry\n|-damage|p2a: Farigiraf|55\/100\n|-damage|p2a: Farigiraf|40\/100\n|-hitcount|p2a: Farigiraf|5\n|move|p1b: \u91d1\u521a|Heavy Slam|p2b: Flutter Mane\n|-activate|p2b: Flutter Mane|move: Protect\n|move|p2a: Farigiraf|Dazzling Gleam|p1b: \u91d1\u521a|[spread] p1a,p1b\n|-supereffective|p1b: \u91d1\u521a\n|-damage|p1a: \u8349\u738b|75\/100\n|-damage|p1b: \u91d1\u521a|0 fnt\n|faint|p1b: \u91d1\u521a\n|-end|p1b: \u91d1\u521a|Quark Drive|[silent]\n|\n|-weather|Sandstorm|[upkeep]\n|-damage|p1a: \u8349\u738b|69\/100|[from] Sandstorm\n|-damage|p2b: Flutter Mane|88\/100|[from] Sandstorm\n|-damage|p2a: Farigiraf|34\/100|[from] Sandstorm\n|-end|p2a: Farigiraf|move: Taunt\n|upkeep\n|\n|t:|1682131290\n|switch|p1b: \u4e9a\u68a6|Flutter Mane, L50|100\/100\n|turn|4\n|\n|t:|1682131296\n|move|p2a: Farigiraf|Ally Switch|p2a: Farigiraf\n|swap|p2a: Farigiraf|1|[from] move: Ally Switch\n|move|p1b: \u4e9a\u68a6|Moonblast|p2a: Flutter Mane\n|-damage|p2a: Flutter Mane|28\/100\n|move|p1a: \u8349\u738b|Bullet Seed|p2b: Farigiraf\n|-damage|p2b: Farigiraf|20\/100\n|-damage|p2b: Farigiraf|6\/100\n|-crit|p2b: Farigiraf\n|-damage|p2b: Farigiraf|0 fnt\n|faint|p2b: Farigiraf\n|-hitcount|p2: Farigiraf|3\n|move|p2a: Flutter Mane|Dazzling Gleam|p1a: \u8349\u738b|[spread] p1a,p1b\n|-crit|p1a: \u8349\u738b\n|-damage|p1a: \u8349\u738b|0 fnt\n|-damage|p1b: \u4e9a\u68a6|55\/100\n|faint|p1a: \u8349\u738b\n|\n|-weather|Sandstorm|[upkeep]\n|-damage|p1b: \u4e9a\u68a6|49\/100|[from] Sandstorm\n|-damage|p2a: Flutter Mane|22\/100|[from] Sandstorm\n|upkeep\n|\n|t:|1682131300\n|switch|p2b: Lycanroc|Lycanroc, L50, F, shiny|100\/100\n|turn|5\n|\n|t:|1682131305\n|-terastallize|p2b: Lycanroc|Rock\n|move|p2a: Flutter Mane|Protect|p2a: Flutter Mane\n|-singleturn|p2a: Flutter Mane|Protect\n|move|p1b: \u4e9a\u68a6|Dazzling Gleam|p2b: Lycanroc|[spread] p2b\n|-activate|p2a: Flutter Mane|move: Protect\n|-damage|p2b: Lycanroc|56\/100\n|move|p2b: Lycanroc|Rock Blast|p1b: \u4e9a\u68a6\n|-damage|p1b: \u4e9a\u68a6|10\/100\n|-damage|p1b: \u4e9a\u68a6|0 fnt\n|faint|p1b: \u4e9a\u68a6\n|-end|p1b: \u4e9a\u68a6|Protosynthesis|[silent]\n|-hitcount|p1: \u4e9a\u68a6|2\n|\n|win|bwahacough\n|raw|zhz2021's rating: 1642 → 1630<\/strong> (-12 for losing)\n|raw|bwahacough's rating: 1785 → 1797<\/strong> (+12 for winning)\n|l| salmonelephant\n|l|\u2606zhz2021\n","uploadtime":1682131368,"views":10,"p1id":"zhz2021","p2id":"bwahacough","formatid":"gen9vgc2023regulationc","rating":1630,"private":0,"password":""}