{"id":"gen9vgc2023regulationc-1855007247","p1":"sasavegeta","p2":"EndernoodlesVGC","format":"[Gen 9] VGC 2023 Regulation C","log":"|j|\u2606sasavegeta\n|j|\u2606EndernoodlesVGC\n|t:|1682890285\n|gametype|doubles\n|player|p1|sasavegeta|smasher|1164\n|player|p2|EndernoodlesVGC|cynthia-masters|1200\n|teamsize|p1|6\n|teamsize|p2|6\n|gen|9\n|tier|[Gen 9] VGC 2023 Regulation C\n|rated|\n|rule|Species Clause: Limit one of each Pok\u00e9mon\n|rule|Item Clause: Limit one of each item\n|clearpoke\n|poke|p1|Iron Bundle, L50|\n|poke|p1|Flutter Mane, L50|\n|poke|p1|Ting-Lu, L50|\n|poke|p1|Arcanine, L50, M|\n|poke|p1|Amoonguss, L50, M|\n|poke|p1|Dragonite, L50, M|\n|poke|p2|Farigiraf, L50, M|\n|poke|p2|Roaring Moon, L50|\n|poke|p2|Palafin, L50, F|\n|poke|p2|Flutter Mane, L50|\n|poke|p2|Chien-Pao, L50|\n|poke|p2|Iron Bundle, L50|\n|teampreview|4\n|inactive|Battle timer is ON: inactive players will automatically lose when time's up. (requested by EndernoodlesVGC)\n|inactive|sasavegeta also wants the timer to be on.\nEndernoodlesVGC has agreed to open team sheets.\n|inactive|sasavegeta has 60 seconds left.\n|\n|t:|1682890335\n|start\n|switch|p1a: Iron Bundle|Iron Bundle, L50|100\/100\n|switch|p1b: Flutter Mane|Flutter Mane, L50|100\/100\n|switch|p2a: Santa|Iron Bundle, L50|100\/100\n|switch|p2b: Cryptid|Chien-Pao, L50|100\/100\n|-ability|p2b: Cryptid|Sword of Ruin\n|-enditem|p1b: Flutter Mane|Booster Energy\n|-activate|p1b: Flutter Mane|ability: Protosynthesis|[fromitem]\n|-start|p1b: Flutter Mane|protosynthesisspa\n|turn|1\n|inactive|sasavegeta has 30 seconds left.\n|inactive|sasavegeta has 20 seconds left.\n|inactive|sasavegeta has 15 seconds left.\n|\n|t:|1682890380\n|move|p1a: Iron Bundle|Icy Wind|p2b: Cryptid|[spread] p2a,p2b\n|-resisted|p2a: Santa\n|-resisted|p2b: Cryptid\n|-damage|p2a: Santa|91\/100\n|-damage|p2b: Cryptid|83\/100\n|-unboost|p2a: Santa|spe|1\n|-unboost|p2b: Cryptid|spe|1\n|move|p1b: Flutter Mane|Moonblast|p2b: Cryptid\n|-supereffective|p2b: Cryptid\n|-damage|p2b: Cryptid|0 fnt\n|faint|p2b: Cryptid\n|move|p2a: Santa|Icy Wind|p1b: Flutter Mane|[spread] p1a,p1b\n|-resisted|p1a: Iron Bundle\n|-damage|p1a: Iron Bundle|87\/100\n|-damage|p1b: Flutter Mane|72\/100\n|-unboost|p1a: Iron Bundle|spe|1\n|-unboost|p1b: Flutter Mane|spe|1\n|-damage|p2a: Santa|81\/100|[from] item: Life Orb\n|\n|upkeep\n|\n|t:|1682890399\n|switch|p2b: Zombie|Flutter Mane, L50, shiny|100\/100\n|turn|2\n|inactive|sasavegeta has 30 seconds left.\n|\n|t:|1682890434\n|move|p1a: Iron Bundle|Protect|p1a: Iron Bundle\n|-singleturn|p1a: Iron Bundle|Protect\n|move|p1b: Flutter Mane|Protect|p1b: Flutter Mane\n|-singleturn|p1b: Flutter Mane|Protect\n|move|p2b: Zombie|Shadow Ball|p1b: Flutter Mane\n|-activate|p1b: Flutter Mane|move: Protect\n|move|p2a: Santa|Icy Wind|p1b: Flutter Mane|[spread] \n|-activate|p1a: Iron Bundle|move: Protect\n|-activate|p1b: Flutter Mane|move: Protect\n|\n|upkeep\n|turn|3\n|inactive|sasavegeta has 30 seconds left.\n|\n|t:|1682890463\n|-terastallize|p1b: Flutter Mane|Fairy\n|move|p2b: Zombie|Shadow Ball|p1b: Flutter Mane\n|-damage|p1b: Flutter Mane|10\/100\n|move|p1a: Iron Bundle|Icy Wind|p2b: Zombie|[spread] p2a,p2b\n|-resisted|p2a: Santa\n|-damage|p2a: Santa|70\/100\n|-damage|p2b: Zombie|77\/100\n|-unboost|p2a: Santa|spe|1\n|-unboost|p2b: Zombie|spe|1\n|move|p1b: Flutter Mane|Shadow Ball|p2b: Zombie\n|-supereffective|p2b: Zombie\n|-damage|p2b: Zombie|0 fnt\n|faint|p2b: Zombie\n|-end|p2b: Zombie|Protosynthesis|[silent]\n|move|p2a: Santa|Icy Wind|p1a: Iron Bundle|[spread] p1a,p1b\n|-resisted|p1a: Iron Bundle\n|-damage|p1a: Iron Bundle|73\/100\n|-damage|p1b: Flutter Mane|0 fnt\n|-unboost|p1a: Iron Bundle|spe|1\n|faint|p1b: Flutter Mane\n|-end|p1b: Flutter Mane|Protosynthesis|[silent]\n|-damage|p2a: Santa|60\/100|[from] item: Life Orb\n|\n|upkeep\n|inactive|sasavegeta has 30 seconds left.\n|inactive|sasavegeta has 20 seconds left.\n|\n|t:|1682890501\n|switch|p2b: Puff|Roaring Moon, L50, shiny|100\/100\n|switch|p1b: Arcanine|Arcanine, L50, M|100\/100\n|-ability|p1b: Arcanine|Intimidate|boost\n|-unboost|p2a: Santa|atk|1\n|-unboost|p2b: Puff|atk|1\n|-enditem|p2b: Puff|Booster Energy\n|-activate|p2b: Puff|ability: Protosynthesis|[fromitem]\n|-start|p2b: Puff|protosynthesisspe\n|turn|4\n|inactive|sasavegeta has 30 seconds left.\n|inactive|sasavegeta has 20 seconds left.\n|\n|t:|1682890537\n|move|p2b: Puff|Protect|p2b: Puff\n|-singleturn|p2b: Puff|Protect\n|move|p1b: Arcanine|Protect|p1b: Arcanine\n|-singleturn|p1b: Arcanine|Protect\n|move|p2a: Santa|Hydro Pump|p1b: Arcanine\n|-activate|p1b: Arcanine|move: Protect\n|move|p1a: Iron Bundle|Freeze-Dry|p2b: Puff\n|-activate|p2b: Puff|move: Protect\n|\n|upkeep\n|turn|5\n|\n|t:|1682890559\n|switch|p1b: Amoonguss|Amoonguss, L50, M|100\/100\n|-terastallize|p2b: Puff|Flying\n|move|p2b: Puff|Acrobatics|p1a: Iron Bundle\n|-damage|p1a: Iron Bundle|27\/100\n|move|p1a: Iron Bundle|Freeze-Dry|p2b: Puff\n|-supereffective|p2b: Puff\n|-damage|p2b: Puff|34\/100\n|move|p2a: Santa|Hydro Pump|p1b: Amoonguss\n|-resisted|p1b: Amoonguss\n|-crit|p1b: Amoonguss\n|-damage|p1b: Amoonguss|53\/100\n|-damage|p2a: Santa|50\/100|[from] item: Life Orb\n|\n|upkeep\n|turn|6\n|\n|t:|1682890576\n|move|p1b: Amoonguss|Rage Powder|p1b: Amoonguss\n|-singleturn|p1b: Amoonguss|move: Rage Powder\n|move|p2b: Puff|Acrobatics|p1b: Amoonguss\n|-supereffective|p1b: Amoonguss\n|-damage|p1b: Amoonguss|0 fnt\n|-damage|p2b: Puff|18\/100|[from] item: Rocky Helmet|[of] p1b: Amoonguss\n|faint|p1b: Amoonguss\n|move|p2a: Santa|Freeze-Dry|p1a: Iron Bundle\n|-damage|p1a: Iron Bundle|0 fnt\n|faint|p1a: Iron Bundle\n|-end|p1a: Iron Bundle|Quark Drive|[silent]\n|-damage|p2a: Santa|40\/100|[from] item: Life Orb\n|\n|upkeep\n|\n|t:|1682890591\n|switch|p1a: Arcanine|Arcanine, L50, M|100\/100\n|-ability|p1a: Arcanine|Intimidate|boost\n|-unboost|p2a: Santa|atk|1\n|-unboost|p2b: Puff|atk|1\n|turn|7\n|\n|t:|1682890611\n|move|p2b: Puff|Protect|p2b: Puff\n|-singleturn|p2b: Puff|Protect\n|move|p2a: Santa|Protect|p2a: Santa\n|-singleturn|p2a: Santa|Protect\n|move|p1a: Arcanine|Extreme Speed|p2a: Santa\n|-activate|p2a: Santa|move: Protect\n|\n|upkeep\n|turn|8\n|\n|t:|1682890626\n|move|p2b: Puff|Acrobatics|p1a: Arcanine\n|-damage|p1a: Arcanine|73\/100\n|move|p1a: Arcanine|Flare Blitz|p2a: Santa\n|-damage|p2a: Santa|0 fnt\n|faint|p2a: Santa\n|-end|p2a: Santa|Quark Drive|[silent]\n|-damage|p1a: Arcanine|64\/100|[from] Recoil\n|\n|upkeep\n|turn|9\n|\n|t:|1682890635\n|move|p1a: Arcanine|Extreme Speed|p2b: Puff\n|-damage|p2b: Puff|0 fnt\n|faint|p2b: Puff\n|-end|p2b: Puff|Protosynthesis|[silent]\n|\n|win|sasavegeta\n|raw|sasavegeta's rating: 1164 → 1192<\/strong> (+28 for winning)\n|raw|EndernoodlesVGC's rating: 1200 → 1172<\/strong> (-28 for losing)\n|l|\u2606EndernoodlesVGC\n","uploadtime":1682890661,"views":11,"p1id":"sasavegeta","p2id":"endernoodlesvgc","formatid":"gen9vgc2023regulationc","rating":1172,"private":0,"password":""}