{"id":"gen9vgc2023regulationc-1857522030","p1":"AbsRam","p2":"CardoTr","format":"[Gen 9] VGC 2023 Regulation C","log":"|j|\u2606AbsRam\n|j|\u2606CardoTr\n|t:|1683204520\n|gametype|doubles\n|player|p1|AbsRam|265|1202\n|player|p2|CardoTr|brawly|1222\n|teamsize|p1|6\n|teamsize|p2|6\n|gen|9\n|tier|[Gen 9] VGC 2023 Regulation C\n|rated|\n|rule|Species Clause: Limit one of each Pok\u00e9mon\n|rule|Item Clause: Limit one of each item\n|clearpoke\n|poke|p1|Ting-Lu, L50|\n|poke|p1|Arcanine, L50, M|\n|poke|p1|Palafin, L50, M|\n|poke|p1|Flutter Mane, L50|\n|poke|p1|Baxcalibur, L50, F|\n|poke|p1|Amoonguss, L50, M|\n|poke|p2|Amoonguss, L50, M|\n|poke|p2|Flutter Mane, L50|\n|poke|p2|Chi-Yu, L50|\n|poke|p2|Corviknight, L50, F|\n|poke|p2|Palafin, L50, M|\n|poke|p2|Dragonite, L50, M|\n|teampreview|4\n|inactive|Battle timer is ON: inactive players will automatically lose when time's up. (requested by AbsRam)\n|\n|t:|1683204576\n|start\n|switch|p1a: Ting-Lu|Ting-Lu, L50|100\/100\n|switch|p1b: Palafin|Palafin, L50, M|100\/100\n|switch|p2a: Chi-Yu|Chi-Yu, L50|100\/100\n|switch|p2b: Flutter Mane|Flutter Mane, L50|100\/100\n|-ability|p2a: Chi-Yu|Beads of Ruin\n|-ability|p1a: Ting-Lu|Vessel of Ruin\n|-enditem|p2b: Flutter Mane|Booster Energy\n|-activate|p2b: Flutter Mane|ability: Protosynthesis|[fromitem]\n|-start|p2b: Flutter Mane|protosynthesisspa\n|turn|1\n|\n|t:|1683204600\n|-terastallize|p2a: Chi-Yu|Water\n|move|p1b: Palafin|Protect|p1b: Palafin\n|-singleturn|p1b: Palafin|Protect\n|move|p2b: Flutter Mane|Moonblast|p1a: Ting-Lu\n|-supereffective|p1a: Ting-Lu\n|-damage|p1a: Ting-Lu|36\/100\n|move|p2a: Chi-Yu|Heat Wave|p1a: Ting-Lu|[spread] p1a\n|-activate|p1b: Palafin|move: Protect\n|-damage|p1a: Ting-Lu|18\/100\n|move|p1a: Ting-Lu|Heavy Slam|p2b: Flutter Mane\n|-supereffective|p2b: Flutter Mane\n|-damage|p2b: Flutter Mane|0 fnt\n|faint|p2b: Flutter Mane\n|-end|p2b: Flutter Mane|Protosynthesis|[silent]\n|\n|upkeep\n|\n|t:|1683204614\n|switch|p2b: Palafin|Palafin, L50, M|100\/100\n|turn|2\n|inactive|CardoTr has 30 seconds left.\n|\n|t:|1683204649\n|detailschange|p2b: Palafin|Palafin-Hero, L50, M\n|switch|p2b: Dragonite|Dragonite, L50, M|100\/100\n|detailschange|p1b: Palafin|Palafin-Hero, L50, M\n|switch|p1b: Arcanine|Arcanine, L50, M|100\/100\n|-ability|p1b: Arcanine|Intimidate|boost\n|-unboost|p2a: Chi-Yu|atk|1\n|-unboost|p2b: Dragonite|atk|1\n|move|p2a: Chi-Yu|Dark Pulse|p1b: Arcanine\n|-damage|p1b: Arcanine|64\/100\n|move|p1a: Ting-Lu|Throat Chop|p2a: Chi-Yu\n|-damage|p2a: Chi-Yu|44\/100\n|-start|p2a: Chi-Yu|Throat Chop|[silent]\n|\n|upkeep\n|turn|3\n|inactive|AbsRam has 30 seconds left.\n|inactive|CardoTr has 30 seconds left.\n|inactive|AbsRam has 20 seconds left.\n|\n|t:|1683204686\n|move|p2a: Chi-Yu|Protect|p2a: Chi-Yu\n|-singleturn|p2a: Chi-Yu|Protect\n|move|p2b: Dragonite|Earthquake|p1b: Arcanine|[spread] p1a,p1b\n|-activate|p2a: Chi-Yu|move: Protect\n|-supereffective|p1b: Arcanine\n|-damage|p1a: Ting-Lu|8\/100\n|-damage|p1b: Arcanine|27\/100\n|-enditem|p1b: Arcanine|Sitrus Berry|[eat]\n|-heal|p1b: Arcanine|52\/100|[from] item: Sitrus Berry\n|move|p1b: Arcanine|Will-O-Wisp|p2b: Dragonite\n|-status|p2b: Dragonite|brn\n|-enditem|p2b: Dragonite|Lum Berry|[eat]\n|-curestatus|p2b: Dragonite|brn|[msg]\n|move|p1a: Ting-Lu|Throat Chop|p2a: Chi-Yu\n|-activate|p2a: Chi-Yu|move: Protect\n|\n|-end|p2a: Chi-Yu|Throat Chop|[silent]\n|upkeep\n|turn|4\n|inactive|AbsRam has 30 seconds left.\n|\n|t:|1683204718\n|move|p2b: Dragonite|Extreme Speed|p1b: Arcanine\n|-damage|p1b: Arcanine|33\/100\n|move|p1b: Arcanine|Extreme Speed|p2a: Chi-Yu\n|-damage|p2a: Chi-Yu|7\/100\n|move|p2a: Chi-Yu|Heat Wave|p1a: Ting-Lu|[spread] p1a,p1b\n|-resisted|p1b: Arcanine\n|-damage|p1a: Ting-Lu|0 fnt\n|-damage|p1b: Arcanine|16\/100\n|faint|p1a: Ting-Lu\n|\n|upkeep\n|\n|t:|1683204731\n|switch|p1a: Flutter Mane|Flutter Mane, L50|100\/100\n|-enditem|p1a: Flutter Mane|Booster Energy\n|-activate|p1a: Flutter Mane|ability: Protosynthesis|[fromitem]\n|-start|p1a: Flutter Mane|protosynthesisspe\n|turn|5\n|\n|t:|1683204748\n|switch|p2a: Palafin|Palafin-Hero, L50, M|100\/100\n|-activate|p2a: Palafin|ability: Zero to Hero\n|move|p2b: Dragonite|Extreme Speed|p1b: Arcanine\n|-damage|p1b: Arcanine|0 fnt\n|faint|p1b: Arcanine\n|move|p1a: Flutter Mane|Substitute|p1a: Flutter Mane\n|-start|p1a: Flutter Mane|Substitute\n|-damage|p1a: Flutter Mane|76\/100\n|\n|upkeep\n|\n|t:|1683204759\n|switch|p1b: Palafin|Palafin-Hero, L50, M|100\/100\n|-activate|p1b: Palafin|ability: Zero to Hero\n|turn|6\n|inactive|AbsRam has 30 seconds left.\n|\n|t:|1683204792\n|move|p2a: Palafin|Jet Punch|p1a: Flutter Mane\n|-end|p1a: Flutter Mane|Substitute\n|move|p1a: Flutter Mane|Dazzling Gleam|p2b: Dragonite|[spread] p2a,p2b\n|-supereffective|p2b: Dragonite\n|-damage|p2a: Palafin|65\/100\n|-damage|p2b: Dragonite|69\/100\n|move|p2b: Dragonite|Earthquake|p1a: Flutter Mane|[spread] p2a,p1a,p1b\n|-damage|p2a: Palafin|49\/100\n|-damage|p1a: Flutter Mane|43\/100\n|-damage|p1b: Palafin|84\/100\n|move|p1b: Palafin|Wave Crash|p2b: Dragonite\n|-resisted|p2b: Dragonite\n|-damage|p2b: Dragonite|27\/100\n|-damage|p1b: Palafin|72\/100|[from] Recoil\n|\n|upkeep\n|turn|7\n|\n|t:|1683204812\n|-terastallize|p1b: Palafin|Water\n|move|p1a: Flutter Mane|Protect|p1a: Flutter Mane\n|-singleturn|p1a: Flutter Mane|Protect\n|move|p2b: Dragonite|Extreme Speed|p1b: Palafin\n|-damage|p1b: Palafin|53\/100\n|move|p2a: Palafin|Jet Punch|p1a: Flutter Mane\n|-activate|p1a: Flutter Mane|move: Protect\n|move|p1b: Palafin|Wave Crash|p2a: Palafin\n|-resisted|p2a: Palafin\n|-damage|p2a: Palafin|0 fnt\n|faint|p2a: Palafin\n|-damage|p1b: Palafin|38\/100|[from] Recoil\n|\n|upkeep\n|\n|t:|1683204825\n|switch|p2a: Chi-Yu|Chi-Yu, L50, tera:Water|7\/100\n|-ability|p2a: Chi-Yu|Beads of Ruin\n|turn|8\n|\n|t:|1683204845\n|move|p2b: Dragonite|Extreme Speed|p1b: Palafin\n|-damage|p1b: Palafin|21\/100\n|move|p1b: Palafin|Jet Punch|p2b: Dragonite\n|-resisted|p2b: Dragonite\n|-damage|p2b: Dragonite|0 fnt\n|faint|p2b: Dragonite\n|move|p1a: Flutter Mane|Dazzling Gleam|p2a: Chi-Yu\n|-damage|p2a: Chi-Yu|0 fnt\n|faint|p2a: Chi-Yu\n|\n|win|AbsRam\n|raw|AbsRam's rating: 1202 → 1228<\/strong> (+26 for winning)\n|raw|CardoTr's rating: 1222 → 1196<\/strong> (-26 for losing)\n|l|\u2606CardoTr\n||Ladder isn't responding, score probably updated but might not have (Request timeout).\n","uploadtime":1683205014,"views":4,"p1id":"absram","p2id":"cardotr","formatid":"gen9vgc2023regulationc","rating":1196,"private":0,"password":""}