{"id":"gen9vgc2023regulationc-1851729612","p1":"kushsmoker68","p2":"Zemogon","format":"[Gen 9] VGC 2023 Regulation C","log":"|j|\u2606kushsmoker68\n|j|\u2606Zemogon\n|t:|1682475214\n|gametype|doubles\n|player|p1|kushsmoker68|clerkf|1110\n|player|p2|Zemogon|265|1082\n|teamsize|p1|6\n|teamsize|p2|6\n|gen|9\n|tier|[Gen 9] VGC 2023 Regulation C\n|rated|\n|rule|Species Clause: Limit one of each Pok\u00e9mon\n|rule|Item Clause: Limit one of each item\n|clearpoke\n|poke|p1|Indeedee-F, L50, F|\n|poke|p1|Armarouge, L50, F|\n|poke|p1|Maushold, L50|\n|poke|p1|Meowscarada, L50, F|\n|poke|p1|Annihilape, L50, M|\n|poke|p1|Palafin, L50, F|\n|poke|p2|Ting-Lu, L50|\n|poke|p2|Palafin, L50, M|\n|poke|p2|Amoonguss, L50, M|\n|poke|p2|Arcanine, L50, M|\n|poke|p2|Roaring Moon, L50|\n|poke|p2|Baxcalibur, L50, M|\n|teampreview|4\nZemogon rejected open team sheets.\n|\n|t:|1682475251\n|start\n|switch|p1a: ecco2k|Palafin, L50, F|100\/100\n|switch|p1b: the bensons|Maushold, L50|100\/100\n|switch|p2a: Ting-Lu|Ting-Lu, L50|100\/100\n|switch|p2b: Palafin|Palafin, L50, M|100\/100\n|-ability|p2a: Ting-Lu|Vessel of Ruin\n|turn|1\n|\n|t:|1682475270\n|detailschange|p2b: Palafin|Palafin-Hero, L50, M\n|switch|p2b: Arcanine|Arcanine, L50, M, shiny|100\/100\n|-ability|p2b: Arcanine|Intimidate|boost\n|-unboost|p1a: ecco2k|atk|1\n|-unboost|p1b: the bensons|atk|1\n|move|p1b: the bensons|Population Bomb|p2a: Ting-Lu\n|-damage|p2a: Ting-Lu|97\/100\n|-damage|p2a: Ting-Lu|93\/100\n|-damage|p2a: Ting-Lu|88\/100\n|-damage|p2a: Ting-Lu|84\/100\n|-damage|p2a: Ting-Lu|81\/100\n|-damage|p2a: Ting-Lu|77\/100\n|-damage|p2a: Ting-Lu|73\/100\n|-damage|p2a: Ting-Lu|70\/100\n|-damage|p2a: Ting-Lu|66\/100\n|-damage|p2a: Ting-Lu|62\/100\n|-hitcount|p2a: Ting-Lu|10\n|move|p1a: ecco2k|Flip Turn|p2a: Ting-Lu\n|-supereffective|p2a: Ting-Lu\n|-damage|p2a: Ting-Lu|44\/100\n|\n|t:|1682475293\n|detailschange|p1a: ecco2k|Palafin-Hero, L50, F\n|switch|p1a: the red light|Indeedee-F, L50, F|100\/100|[from] Flip Turn\n|-fieldstart|move: Psychic Terrain|[from] ability: Psychic Surge|[of] p1a: the red light\n|-enditem|p1a: the red light|Psychic Seed\n|-boost|p1a: the red light|spd|1|[from] item: Psychic Seed\n|move|p2a: Ting-Lu|Fissure|p1b: the bensons\n|-damage|p1b: the bensons|0 fnt\n|faint|p1b: the bensons\n|-ohko\n|\n|upkeep\n|\n|t:|1682475305\n|switch|p1b: ecco2k|Palafin-Hero, L50, F|100\/100\n|-activate|p1b: ecco2k|ability: Zero to Hero\n|turn|2\n|\n|t:|1682475329\n|switch|p2a: Palafin|Palafin-Hero, L50, M|100\/100\n|-activate|p2a: Palafin|ability: Zero to Hero\n|move|p1a: the red light|Helping Hand|p1b: ecco2k\n|-singleturn|p1b: ecco2k|Helping Hand|[of] p1a: the red light\n|move|p1b: ecco2k|Jet Punch|p2a: Palafin\n|-activate|p2a: Palafin|move: Psychic Terrain\n|move|p2b: Arcanine|Will-O-Wisp|p1b: ecco2k\n|-status|p1b: ecco2k|brn\n|\n|-damage|p1b: ecco2k|95\/100 brn|[from] brn\n|upkeep\n|turn|3\n|c|\u2606Zemogon|dud\n|c|\u2606Zemogon|lmao\n|\n|t:|1682475369\n|move|p1a: the red light|Protect|p1a: the red light\n|-singleturn|p1a: the red light|Protect\n|move|p1b: ecco2k|Jet Punch|p2b: Arcanine\n|-activate|p2b: Arcanine|move: Psychic Terrain\n|move|p2a: Palafin|Wave Crash|p1a: the red light\n|-activate|p1a: the red light|move: Protect\n|move|p2b: Arcanine|Snarl|p1a: the red light|[spread] p1b\n|-activate|p1a: the red light|move: Protect\n|-damage|p1b: ecco2k|84\/100 brn\n|-unboost|p1b: ecco2k|spa|1\n|\n|-damage|p1b: ecco2k|78\/100 brn|[from] brn\n|upkeep\n|turn|4\n|c|\u2606Zemogon|twice bro?\n|\n|t:|1682475407\n|move|p1a: the red light|Helping Hand|p1b: ecco2k\n|-singleturn|p1b: ecco2k|Helping Hand|[of] p1a: the red light\n|move|p1b: ecco2k|Close Combat|p2a: Palafin\n|-damage|p2a: Palafin|63\/100\n|-unboost|p1b: ecco2k|def|1\n|-unboost|p1b: ecco2k|spd|1\n|move|p2a: Palafin|Wave Crash|p1a: the red light\n|-damage|p1a: the red light|11\/100\n|-damage|p2a: Palafin|38\/100|[from] Recoil\n|move|p2b: Arcanine|Snarl|p1a: the red light|[spread] p1a,p1b\n|-supereffective|p1a: the red light\n|-damage|p1a: the red light|0 fnt\n|-damage|p1b: ecco2k|64\/100 brn\n|-unboost|p1b: ecco2k|spa|1\n|faint|p1a: the red light\n|\n|-damage|p1b: ecco2k|58\/100 brn|[from] brn\n|upkeep\n|\n|t:|1682475427\n|switch|p1a: roxanne|Armarouge, L50, F|100\/100\n|turn|5\n|\n|t:|1682475438\n|switch|p2b: Ting-Lu|Ting-Lu, L50|44\/100\n|-ability|p2b: Ting-Lu|Vessel of Ruin\n|-terastallize|p1a: roxanne|Psychic\n|move|p2a: Palafin|Protect|p2a: Palafin\n|-singleturn|p2a: Palafin|Protect\n|move|p1b: ecco2k|Close Combat|p2a: Palafin\n|-activate|p2a: Palafin|move: Protect\n|move|p1a: roxanne|Expanding Force|p2a: Palafin|[spread] \n|-activate|p2a: Palafin|move: Protect\n|-immune|p2b: Ting-Lu\n|\n|-damage|p1b: ecco2k|52\/100 brn|[from] brn\n|-fieldend|move: Psychic Terrain\n|upkeep\n|turn|6\n|\n|t:|1682475474\n|switch|p2a: Arcanine|Arcanine, L50, M, shiny|100\/100\n|-ability|p2a: Arcanine|Intimidate|boost\n|-unboost|p1a: roxanne|atk|1\n|-unboost|p1b: ecco2k|atk|1\n|move|p1b: ecco2k|Jet Punch|p2b: Ting-Lu\n|-supereffective|p2b: Ting-Lu\n|-damage|p2b: Ting-Lu|28\/100\n|move|p1a: roxanne|Armor Cannon|p2a: Arcanine\n|-resisted|p2a: Arcanine\n|-damage|p2a: Arcanine|80\/100\n|-unboost|p1a: roxanne|def|1\n|-unboost|p1a: roxanne|spd|1\n|move|p2b: Ting-Lu|Fissure|p1a: roxanne|[miss]\n|-miss|p2b: Ting-Lu|p1a: roxanne\n|\n|-damage|p1b: ecco2k|46\/100 brn|[from] brn\n|upkeep\n|turn|7\n|\n|t:|1682475499\n|move|p1b: ecco2k|Wave Crash|p2b: Ting-Lu\n|-supereffective|p2b: Ting-Lu\n|-damage|p2b: Ting-Lu|0 fnt\n|faint|p2b: Ting-Lu\n|-damage|p1b: ecco2k|35\/100 brn|[from] Recoil\n|move|p2a: Arcanine|Snarl|p1b: ecco2k|[spread] p1a,p1b\n|-supereffective|p1a: roxanne\n|-damage|p1a: roxanne|67\/100\n|-damage|p1b: ecco2k|22\/100 brn\n|-unboost|p1a: roxanne|spa|1\n|-unboost|p1b: ecco2k|spa|1\n|-enditem|p1a: roxanne|Weakness Policy\n|-boost|p1a: roxanne|atk|2|[from] item: Weakness Policy\n|-boost|p1a: roxanne|spa|2|[from] item: Weakness Policy\n|move|p1a: roxanne|Aura Sphere|p2a: Arcanine\n|-damage|p2a: Arcanine|46\/100\n|\n|-damage|p1b: ecco2k|16\/100 brn|[from] brn\n|upkeep\n|\n|t:|1682475516\n|switch|p2b: Palafin|Palafin-Hero, L50, M|38\/100\n|turn|8\n|\n|t:|1682475527\n|move|p2b: Palafin|Wave Crash|p1a: roxanne\n|-damage|p1a: roxanne|0 fnt\n|faint|p1a: roxanne\n|-damage|p2b: Palafin|18\/100|[from] Recoil\n|move|p1b: ecco2k|Close Combat|p2a: Arcanine\n|-damage|p2a: Arcanine|27\/100\n|-unboost|p1b: ecco2k|def|1\n|-unboost|p1b: ecco2k|spd|1\n|move|p2a: Arcanine|Howl|p2a: Arcanine|[spread] p2a,p2b\n|-boost|p2a: Arcanine|atk|1\n|-boost|p2b: Palafin|atk|1\n|\n|-damage|p1b: ecco2k|10\/100 brn|[from] brn\n|upkeep\n|turn|9\n|\n|t:|1682475545\n|switch|p2a: Roaring Moon|Roaring Moon, L50|100\/100\n|-enditem|p2a: Roaring Moon|Booster Energy\n|-activate|p2a: Roaring Moon|ability: Protosynthesis|[fromitem]\n|-start|p2a: Roaring Moon|protosynthesisatk\n|move|p2b: Palafin|Jet Punch|p1b: ecco2k\n|-resisted|p1b: ecco2k\n|-damage|p1b: ecco2k|0 fnt\n|faint|p1b: ecco2k\n|\n|win|Zemogon\n|raw|kushsmoker68's rating: 1110 → 1083<\/strong> (-27 for losing)\n|raw|Zemogon's rating: 1082 → 1112<\/strong> (+30 for winning)\n|l|\u2606Zemogon\n|player|p1|kushsmoker68|clerkf\n","uploadtime":1682476398,"views":11,"p1id":"kushsmoker68","p2id":"zemogon","formatid":"gen9vgc2023regulationc","rating":1083,"private":0,"password":""}