{"id":"gen9vgc2023regulationc-1856952557","p1":"Rekics13","p2":"Riverss1","format":"[Gen 9] VGC 2023 Regulation C","log":"|j|\u2606Rekics13\n|j|\u2606Riverss1\n|t:|1683129795\n|gametype|doubles\n|player|p1|Rekics13|veteran|1138\n|player|p2|Riverss1|koga|1092\n|teamsize|p1|6\n|teamsize|p2|6\n|gen|9\n|tier|[Gen 9] VGC 2023 Regulation C\n|rated|\n|rule|Species Clause: Limit one of each Pok\u00e9mon\n|rule|Item Clause: Limit one of each item\n|clearpoke\n|poke|p1|Wo-Chien, L50|\n|poke|p1|Glimmora, L50, M|\n|poke|p1|Rotom-Heat, L50|\n|poke|p1|Flutter Mane, L50|\n|poke|p1|Iron Bundle, L50|\n|poke|p1|Dragonite, L50, F|\n|poke|p2|Gallade, L50, M|\n|poke|p2|Talonflame, L50, M|\n|poke|p2|Indeedee-F, L50, F|\n|poke|p2|Dudunsparce-*, L50, F|\n|poke|p2|Jolteon, L50, M|\n|poke|p2|Golduck, L50, M|\n|teampreview|4\nRekics13 rejected open team sheets.\n|inactive|Battle timer is ON: inactive players will automatically lose when time's up. (requested by Riverss1)\n|\n|t:|1683129821\n|start\n|switch|p1a: MI ABUELA|Wo-Chien, L50|100\/100\n|switch|p1b: ASQUEROS|Glimmora, L50, M, shiny|100\/100\n|switch|p2a: Jolteon|Jolteon, L50, M|100\/100\n|switch|p2b: Dudunsparce|Dudunsparce-Three-Segment, L50, F|100\/100\n|-ability|p1a: MI ABUELA|Tablets of Ruin\n|turn|1\n|inactive|Riverss1 has 30 seconds left.\n|\n|t:|1683129855\n|-terastallize|p2b: Dudunsparce|Psychic\n|move|p2a: Jolteon|Pin Missile|p2b: Dudunsparce\n|-supereffective|p2b: Dudunsparce\n|-damage|p2b: Dudunsparce|95\/100\n|-ability|p2b: Dudunsparce|Rattled|boost\n|-boost|p2b: Dudunsparce|spe|1\n|-enditem|p2b: Dudunsparce|Weakness Policy\n|-boost|p2b: Dudunsparce|atk|2|[from] item: Weakness Policy\n|-boost|p2b: Dudunsparce|spa|2|[from] item: Weakness Policy\n|-supereffective|p2b: Dudunsparce\n|-damage|p2b: Dudunsparce|90\/100\n|-ability|p2b: Dudunsparce|Rattled|boost\n|-boost|p2b: Dudunsparce|spe|1\n|-supereffective|p2b: Dudunsparce\n|-damage|p2b: Dudunsparce|85\/100\n|-ability|p2b: Dudunsparce|Rattled|boost\n|-boost|p2b: Dudunsparce|spe|1\n|-supereffective|p2b: Dudunsparce\n|-damage|p2b: Dudunsparce|80\/100\n|-ability|p2b: Dudunsparce|Rattled|boost\n|-boost|p2b: Dudunsparce|spe|1\n|-hitcount|p2b: Dudunsparce|4\n|move|p2b: Dudunsparce|Stored Power|p1b: ASQUEROS\n|-supereffective|p1b: ASQUEROS\n|-damage|p1b: ASQUEROS|0 fnt\n|faint|p1b: ASQUEROS\n|move|p1a: MI ABUELA|Leech Seed|p2b: Dudunsparce\n|-start|p2b: Dudunsparce|move: Leech Seed\n|\n|-damage|p2b: Dudunsparce|68\/100|[from] Leech Seed|[of] p1a: MI ABUELA\n|upkeep\n|inactive|Rekics13 has 30 seconds left.\n|\n|t:|1683129885\n|switch|p1b: PARACETAMOL|Flutter Mane, L50, shiny|100\/100\n|-enditem|p1b: PARACETAMOL|Booster Energy\n|-activate|p1b: PARACETAMOL|ability: Protosynthesis|[fromitem]\n|-start|p1b: PARACETAMOL|protosynthesisspa\n|turn|2\n|\n|t:|1683129904\n|move|p1b: PARACETAMOL|Protect|p1b: PARACETAMOL\n|-singleturn|p1b: PARACETAMOL|Protect\n|move|p2b: Dudunsparce|Stored Power|p1b: PARACETAMOL\n|-activate|p1b: PARACETAMOL|move: Protect\n|move|p2a: Jolteon|Thunder Wave|p1b: PARACETAMOL\n|-activate|p1b: PARACETAMOL|move: Protect\n|move|p1a: MI ABUELA|Snarl|p2a: Jolteon|[spread] p2a,p2b\n|-supereffective|p2b: Dudunsparce\n|-damage|p2a: Jolteon|87\/100\n|-damage|p2b: Dudunsparce|40\/100\n|-unboost|p2a: Jolteon|spa|1\n|-unboost|p2b: Dudunsparce|spa|1\n|-ability|p2b: Dudunsparce|Rattled|boost\n|-boost|p2b: Dudunsparce|spe|1\n|\n|-damage|p2b: Dudunsparce|27\/100|[from] Leech Seed|[of] p1a: MI ABUELA\n|upkeep\n|turn|3\n|inactive|Rekics13 has 30 seconds left.\n|inactive|Rekics13 has 20 seconds left.\n|inactive|Rekics13 has 15 seconds left.\n|\n|t:|1683129945\n|-terastallize|p1b: PARACETAMOL|Fairy\n|move|p2b: Dudunsparce|Stored Power|p1b: PARACETAMOL\n|-crit|p1b: PARACETAMOL\n|-damage|p1b: PARACETAMOL|0 fnt\n|faint|p1b: PARACETAMOL\n|-end|p1b: PARACETAMOL|Protosynthesis|[silent]\n|move|p2a: Jolteon|Thunder Wave|p1a: MI ABUELA\n|-status|p1a: MI ABUELA|par\n|move|p1a: MI ABUELA|Leech Seed|p2a: Jolteon\n|-start|p2a: Jolteon|move: Leech Seed\n|\n|-damage|p2b: Dudunsparce|15\/100|[from] Leech Seed|[of] p1a: MI ABUELA\n|-damage|p2a: Jolteon|74\/100|[from] Leech Seed|[of] p1a: MI ABUELA\n|upkeep\n|\n|t:|1683129958\n|switch|p1b: FIUUUUU|Dragonite, L50, F, shiny|100\/100\n|turn|4\n|\n|t:|1683129977\n|move|p1b: FIUUUUU|Extreme Speed|p2b: Dudunsparce\n|-damage|p2b: Dudunsparce|0 fnt\n|faint|p2b: Dudunsparce\n|move|p2a: Jolteon|Baby-Doll Eyes|p1b: FIUUUUU\n|-unboost|p1b: FIUUUUU|atk|1\n|move|p1a: MI ABUELA|Snarl|p2a: Jolteon\n|-damage|p2a: Jolteon|55\/100\n|-unboost|p2a: Jolteon|spa|1\n|\n|-damage|p2a: Jolteon|43\/100|[from] Leech Seed|[of] p1a: MI ABUELA\n|upkeep\n|\n|t:|1683129990\n|switch|p2b: Talonflame|Talonflame, L50, M, shiny|100\/100\n|turn|5\n|\n|t:|1683130004\n|move|p2a: Jolteon|Baby-Doll Eyes|p1b: FIUUUUU\n|-unboost|p1b: FIUUUUU|atk|1\n|move|p2b: Talonflame|Taunt|p1a: MI ABUELA\n|-start|p1a: MI ABUELA|move: Taunt\n|move|p1b: FIUUUUU|Tailwind|p1b: FIUUUUU\n|-sidestart|p1: Rekics13|move: Tailwind\n|cant|p1a: MI ABUELA|move: Taunt|Leech Seed\n|\n|-damage|p2a: Jolteon|31\/100|[from] Leech Seed|[of] p1a: MI ABUELA\n|upkeep\n|turn|6\n|\n|t:|1683130020\n|move|p2a: Jolteon|Baby-Doll Eyes|p1b: FIUUUUU\n|-unboost|p1b: FIUUUUU|atk|1\n|move|p1b: FIUUUUU|Ice Spinner|p2b: Talonflame\n|-damage|p2b: Talonflame|89\/100\n|move|p2b: Talonflame|Will-O-Wisp|p1b: FIUUUUU\n|-status|p1b: FIUUUUU|brn\n|-enditem|p1b: FIUUUUU|Lum Berry|[eat]\n|-curestatus|p1b: FIUUUUU|brn|[msg]\n|cant|p1a: MI ABUELA|par\n|\n|-damage|p2a: Jolteon|19\/100|[from] Leech Seed|[of] p1a: MI ABUELA\n|upkeep\n|turn|7\n|\n|t:|1683130045\n|move|p1b: FIUUUUU|Ice Spinner|p2a: Jolteon\n|-damage|p2a: Jolteon|5\/100\n|move|p2a: Jolteon|Pin Missile|p1a: MI ABUELA|[miss]\n|-miss|p2a: Jolteon|p1a: MI ABUELA\n|move|p2b: Talonflame|Will-O-Wisp|p1b: FIUUUUU\n|-status|p1b: FIUUUUU|brn\n|cant|p1a: MI ABUELA|par\n|\n|-damage|p2a: Jolteon|0 fnt|[from] Leech Seed|[of] p1a: MI ABUELA\n|faint|p2a: Jolteon\n|-damage|p1b: FIUUUUU|94\/100 brn|[from] brn\n|-end|p1a: MI ABUELA|move: Taunt\n|upkeep\n|\n|t:|1683130059\n|switch|p2a: Indeedee|Indeedee-F, L50, F|100\/100\n|-fieldstart|move: Psychic Terrain|[from] ability: Psychic Surge|[of] p2a: Indeedee\n|-enditem|p2a: Indeedee|Psychic Seed\n|-boost|p2a: Indeedee|spd|1|[from] item: Psychic Seed\n|turn|8\n|inactive|Rekics13 has 30 seconds left.\n|\n|t:|1683130086\n|move|p1b: FIUUUUU|Ice Spinner|p2a: Indeedee\n|-damage|p2a: Indeedee|96\/100\n|-fieldend|move: Psychic Terrain\n|move|p2b: Talonflame|Taunt|p1a: MI ABUELA\n|-start|p1a: MI ABUELA|move: Taunt\n|move|p2a: Indeedee|Dazzling Gleam|p1a: MI ABUELA|[spread] p1a,p1b\n|-supereffective|p1a: MI ABUELA\n|-supereffective|p1b: FIUUUUU\n|-damage|p1a: MI ABUELA|84\/100 par\n|-damage|p1b: FIUUUUU|67\/100 brn\n|cant|p1a: MI ABUELA|move: Taunt|Leech Seed\n|\n|-heal|p1a: MI ABUELA|90\/100 par|[from] item: Leftovers\n|-damage|p1b: FIUUUUU|61\/100 brn|[from] brn\n|-sideend|p1: Rekics13|move: Tailwind\n|upkeep\n|turn|9\n|inactive|Rekics13 has 30 seconds left.\n|\n|t:|1683130117\n|move|p2b: Talonflame|Brave Bird|p1a: MI ABUELA\n|-supereffective|p1a: MI ABUELA\n|-damage|p1a: MI ABUELA|34\/100 par\n|-damage|p2b: Talonflame|69\/100|[from] Recoil\n|move|p1b: FIUUUUU|Tera Blast|p2a: Indeedee\n|-damage|p2a: Indeedee|84\/100\n|move|p2a: Indeedee|Dazzling Gleam|p1b: FIUUUUU|[spread] p1a,p1b\n|-supereffective|p1a: MI ABUELA\n|-supereffective|p1b: FIUUUUU\n|-damage|p1a: MI ABUELA|18\/100 par\n|-damage|p1b: FIUUUUU|37\/100 brn\n|move|p1a: MI ABUELA|Snarl|p2a: Indeedee|[spread] p2a,p2b\n|-supereffective|p2a: Indeedee\n|-damage|p2a: Indeedee|64\/100\n|-damage|p2b: Talonflame|52\/100\n|-unboost|p2a: Indeedee|spa|1\n|\n|-heal|p1a: MI ABUELA|24\/100 par|[from] item: Leftovers\n|-damage|p1b: FIUUUUU|31\/100 brn|[from] brn\n|upkeep\n|turn|10\n|\n|t:|1683130140\n|move|p1b: FIUUUUU|Extreme Speed|p2b: Talonflame\n|-damage|p2b: Talonflame|46\/100\n|move|p2b: Talonflame|Brave Bird|p1a: MI ABUELA\n|-supereffective|p1a: MI ABUELA\n|-damage|p1a: MI ABUELA|0 fnt\n|faint|p1a: MI ABUELA\n|-damage|p2b: Talonflame|38\/100|[from] Recoil\n|move|p2a: Indeedee|Dazzling Gleam|p1b: FIUUUUU\n|-supereffective|p1b: FIUUUUU\n|-damage|p1b: FIUUUUU|8\/100 brn\n|\n|-damage|p1b: FIUUUUU|2\/100 brn|[from] brn\n|upkeep\n|turn|11\n|\n|t:|1683130155\n|move|p1b: FIUUUUU|Extreme Speed|p2a: Indeedee\n|-damage|p2a: Indeedee|58\/100\n|move|p2b: Talonflame|Brave Bird|p1b: FIUUUUU\n|-damage|p1b: FIUUUUU|0 fnt\n|faint|p1b: FIUUUUU\n|-damage|p2b: Talonflame|38\/100|[from] Recoil\n|\n|win|Riverss1\n|raw|Rekics13's rating: 1138 → 1110<\/strong> (-28 for losing)\n|raw|Riverss1's rating: 1092 → 1122<\/strong> (+30 for winning)\n|l|\u2606Riverss1\n","uploadtime":1683130205,"views":14,"p1id":"rekics13","p2id":"riverss1","formatid":"gen9vgc2023regulationc","rating":1110,"private":0,"password":""}