{"id":"gen9vgc2023regulationc-1851684875","p1":"origingamerboi","p2":"702moths","format":"[Gen 9] VGC 2023 Regulation C","log":"|j|\u2606origingamerboi\n|j|\u2606702moths\n|t:|1682469700\n|gametype|doubles\n|player|p1|origingamerboi|ghetsis|1334\n|player|p2|702moths|unknownf|1317\n|teamsize|p1|6\n|teamsize|p2|6\n|gen|9\n|tier|[Gen 9] VGC 2023 Regulation C\n|rated|\n|rule|Species Clause: Limit one of each Pok\u00e9mon\n|rule|Item Clause: Limit one of each item\n|clearpoke\n|poke|p1|Gyarados, L50, F|\n|poke|p1|Flutter Mane, L50|\n|poke|p1|Chi-Yu, L50|\n|poke|p1|Amoonguss, L50, M|\n|poke|p1|Glimmora, L50, M|\n|poke|p1|Dragonite, L50, M|\n|poke|p2|Chi-Yu, L50|\n|poke|p2|Flutter Mane, L50|\n|poke|p2|Wo-Chien, L50|\n|poke|p2|Glimmora, L50, F|\n|poke|p2|Palafin, L50, M|\n|poke|p2|Baxcalibur, L50, M|\n|teampreview|4\n|inactive|Battle timer is ON: inactive players will automatically lose when time's up. (requested by origingamerboi)\n|inactive|702moths also wants the timer to be on.\norigingamerboi has agreed to open team sheets.\n702moths has agreed to open team sheets.\n|inactive|origingamerboi has 60 seconds left.\n|inactive|702moths has 60 seconds left.\n|\n|t:|1682469741\n|start\n|switch|p1a: Flutter Mane|Flutter Mane, L50|100\/100\n|switch|p1b: Chi-Yu|Chi-Yu, L50|100\/100\n|switch|p2a: Glimmora|Glimmora, L50, F|100\/100\n|switch|p2b: Palafin|Palafin, L50, M|100\/100\n|-ability|p1b: Chi-Yu|Beads of Ruin\n|turn|1\n|\n|t:|1682469762\n|switch|p1b: Gyarados|Gyarados, L50, F|100\/100\n|-ability|p1b: Gyarados|Intimidate|boost\n|-unboost|p2a: Glimmora|atk|1\n|-unboost|p2b: Palafin|atk|1\n|move|p1a: Flutter Mane|Protect|p1a: Flutter Mane\n|-singleturn|p1a: Flutter Mane|Protect\n|move|p2b: Palafin|Protect|p2b: Palafin\n|-singleturn|p2b: Palafin|Protect\n|move|p2a: Glimmora|Mortal Spin|p1a: Flutter Mane|[spread] p1b\n|-activate|p1a: Flutter Mane|move: Protect\n|-damage|p1b: Gyarados|98\/100\n|-status|p1b: Gyarados|psn\n|\n|-damage|p1b: Gyarados|85\/100 psn|[from] psn\n|upkeep\n|turn|2\n|inactive|702moths has 30 seconds left.\n|\n|t:|1682469791\n|detailschange|p2b: Palafin|Palafin-Hero, L50, M\n|switch|p2b: Wo-Chien|Wo-Chien, L50|100\/100\n|-ability|p2b: Wo-Chien|Tablets of Ruin\n|move|p1a: Flutter Mane|Moonblast|p2b: Wo-Chien\n|-supereffective|p2b: Wo-Chien\n|-damage|p2b: Wo-Chien|38\/100\n|move|p1b: Gyarados|Thunder Wave|p2a: Glimmora\n|-status|p2a: Glimmora|par\n|move|p2a: Glimmora|Venoshock|p1a: Flutter Mane\n|-damage|p1a: Flutter Mane|64\/100\n|\n|-heal|p2b: Wo-Chien|44\/100|[from] item: Leftovers\n|-damage|p1b: Gyarados|73\/100 psn|[from] psn\n|upkeep\n|turn|3\n|\n|t:|1682469809\n|switch|p1b: Amoonguss|Amoonguss, L50, M|100\/100\n|move|p2b: Wo-Chien|Protect|p2b: Wo-Chien\n|-singleturn|p2b: Wo-Chien|Protect\n|move|p1a: Flutter Mane|Moonblast|p2b: Wo-Chien\n|-activate|p2b: Wo-Chien|move: Protect\n|cant|p2a: Glimmora|par\n|\n|-heal|p2b: Wo-Chien|50\/100|[from] item: Leftovers\n|upkeep\n|turn|4\n|inactive|702moths has 30 seconds left.\n|\n|t:|1682469842\n|-terastallize|p2b: Wo-Chien|Poison\n|move|p1a: Flutter Mane|Moonblast|p2b: Wo-Chien\n|-resisted|p2b: Wo-Chien\n|-damage|p2b: Wo-Chien|35\/100\n|move|p2b: Wo-Chien|Foul Play|p1a: Flutter Mane\n|-damage|p1a: Flutter Mane|33\/100\n|move|p2a: Glimmora|Mortal Spin|p1a: Flutter Mane|[spread] p1a,p1b\n|-damage|p1a: Flutter Mane|29\/100\n|-damage|p1b: Amoonguss|99\/100\n|-status|p1a: Flutter Mane|psn\n|-status|p1b: Amoonguss|psn\n|-damage|p2a: Glimmora|84\/100 par|[from] item: Rocky Helmet|[of] p1b: Amoonguss\n|move|p1b: Amoonguss|Pollen Puff|p1a: Flutter Mane\n|-heal|p1a: Flutter Mane|78\/100 psn\n|\n|-heal|p2b: Wo-Chien|41\/100|[from] item: Leftovers\n|-damage|p1a: Flutter Mane|66\/100 psn|[from] psn\n|-damage|p1b: Amoonguss|86\/100 psn|[from] psn\n|upkeep\n|turn|5\n|inactive|702moths has 30 seconds left.\n|\n|t:|1682469868\n|move|p1b: Amoonguss|Rage Powder|p1b: Amoonguss\n|-singleturn|p1b: Amoonguss|move: Rage Powder\n|move|p1a: Flutter Mane|Shadow Ball|p2b: Wo-Chien\n|-damage|p2b: Wo-Chien|17\/100\n|move|p2b: Wo-Chien|Foul Play|p1b: Amoonguss\n|-damage|p1b: Amoonguss|67\/100 psn\n|-damage|p2b: Wo-Chien|0 fnt|[from] item: Rocky Helmet|[of] p1b: Amoonguss\n|faint|p2b: Wo-Chien\n|move|p2a: Glimmora|Venoshock|p1b: Amoonguss\n|-damage|p1b: Amoonguss|6\/100 psn\n|\n|-damage|p1a: Flutter Mane|54\/100 psn|[from] psn\n|-damage|p1b: Amoonguss|0 fnt|[from] psn\n|faint|p1b: Amoonguss\n|upkeep\n|\n|t:|1682469882\n|switch|p2b: Palafin|Palafin-Hero, L50, M|100\/100\n|switch|p1b: Gyarados|Gyarados, L50, F|73\/100 psn\n|-activate|p2b: Palafin|ability: Zero to Hero\n|-ability|p1b: Gyarados|Intimidate|boost\n|-unboost|p2a: Glimmora|atk|1\n|-unboost|p2b: Palafin|atk|1\n|turn|6\n|\n|t:|1682469892\n|switch|p2b: Baxcalibur|Baxcalibur, L50, M|100\/100\n|move|p1a: Flutter Mane|Moonblast|p2b: Baxcalibur\n|-supereffective|p2b: Baxcalibur\n|-damage|p2b: Baxcalibur|18\/100\n|move|p1b: Gyarados|Thunder Wave|p2b: Baxcalibur\n|-status|p2b: Baxcalibur|par\n|move|p2a: Glimmora|Venoshock|p1a: Flutter Mane\n|-damage|p1a: Flutter Mane|0 fnt\n|faint|p1a: Flutter Mane\n|-end|p1a: Flutter Mane|Protosynthesis|[silent]\n|\n|-damage|p1b: Gyarados|60\/100 psn|[from] psn\n|upkeep\n|\n|t:|1682469899\n|switch|p1a: Chi-Yu|Chi-Yu, L50|100\/100\n|-ability|p1a: Chi-Yu|Beads of Ruin\n|turn|7\n|\n|t:|1682469908\n|move|p2b: Baxcalibur|Ice Shard|p1b: Gyarados\n|-damage|p1b: Gyarados|35\/100 psn\n|move|p1a: Chi-Yu|Snarl|p2b: Baxcalibur|[spread] p2a,p2b\n|-damage|p2a: Glimmora|65\/100 par\n|-damage|p2b: Baxcalibur|0 fnt\n|-unboost|p2a: Glimmora|spa|1\n|faint|p2b: Baxcalibur\n|move|p1b: Gyarados|Waterfall|p2a: Glimmora\n|-supereffective|p2a: Glimmora\n|-damage|p2a: Glimmora|0 fnt\n|faint|p2a: Glimmora\n|\n|-damage|p1b: Gyarados|23\/100 psn|[from] psn\n|upkeep\n|\n|t:|1682469914\n|switch|p2b: Palafin|Palafin-Hero, L50, M|100\/100\n|turn|8\n|\n|t:|1682469923\n|move|p2b: Palafin|Protect|p2b: Palafin\n|-singleturn|p2b: Palafin|Protect\n|move|p1a: Chi-Yu|Snarl|p2b: Palafin\n|-activate|p2b: Palafin|move: Protect\n|move|p1b: Gyarados|Waterfall|p2b: Palafin\n|-activate|p2b: Palafin|move: Protect\n|\n|-damage|p1b: Gyarados|10\/100 psn|[from] psn\n|upkeep\n|turn|9\n|\n|t:|1682469931\n|move|p2b: Palafin|Jet Punch|p1b: Gyarados\n|-resisted|p1b: Gyarados\n|-damage|p1b: Gyarados|0 fnt\n|faint|p1b: Gyarados\n|move|p1a: Chi-Yu|Snarl|p2b: Palafin\n|-damage|p2b: Palafin|57\/100\n|-unboost|p2b: Palafin|spa|1\n|\n|upkeep\n|turn|10\n|\n|t:|1682469937\n|move|p1a: Chi-Yu|Snarl|p2b: Palafin\n|-damage|p2b: Palafin|19\/100\n|-unboost|p2b: Palafin|spa|1\n|move|p2b: Palafin|Wave Crash|p1a: Chi-Yu\n|-supereffective|p1a: Chi-Yu\n|-damage|p1a: Chi-Yu|0 fnt\n|faint|p1a: Chi-Yu\n|-damage|p2b: Palafin|0 fnt|[from] Recoil\n|faint|p2b: Palafin\n|\n|win|702moths\n|raw|origingamerboi's rating: 1334 → 1313<\/strong> (-21 for losing)\n|raw|702moths's rating: 1317 → 1338<\/strong> (+21 for winning)\n|c|\u2606702moths|Gg\n|l|\u2606origingamerboi\n","uploadtime":1682469960,"views":11,"p1id":"origingamerboi","p2id":"702moths","formatid":"gen9vgc2023regulationc","rating":1313,"private":0,"password":""}