{"id":"gen9vgc2023regulationc-1847225423","p1":"Hadrian1917","p2":"2knight","format":"[Gen 9] VGC 2023 Regulation C","log":"|j|\u2606Hadrian1917\n|j|\u26062knight\n|t:|1681929307\n|gametype|doubles\n|player|p1|Hadrian1917|brock|1181\n|player|p2|2knight|brock|1165\n|teamsize|p1|6\n|teamsize|p2|6\n|gen|9\n|tier|[Gen 9] VGC 2023 Regulation C\n|rated|\n|rule|Species Clause: Limit one of each Pok\u00e9mon\n|rule|Item Clause: Limit one of each item\n|clearpoke\n|poke|p1|Flutter Mane, L50|\n|poke|p1|Arcanine, L50, F|\n|poke|p1|Baxcalibur, L50, M|\n|poke|p1|Ting-Lu, L50|\n|poke|p1|Gyarados, L50, M|\n|poke|p1|Amoonguss, L50, F|\n|poke|p2|Ditto, L50|\n|poke|p2|Iron Bundle, L50|\n|poke|p2|Grimmsnarl, L50, M|\n|poke|p2|Garganacl, L50, F|\n|poke|p2|Armarouge, L50, M|\n|poke|p2|Palafin, L50, F|\n|teampreview|4\n|inactive|Battle timer is ON: inactive players will automatically lose when time's up. (requested by 2knight)\n|inactive|Hadrian1917 has 60 seconds left.\n|inactive|2knight has 60 seconds left.\n2knight has agreed to open team sheets.\n|\n|t:|1681929355\n|start\n|switch|p1a: Arcanine|Arcanine, L50, F|100\/100\n|switch|p1b: Baxcalibur|Baxcalibur, L50, M|100\/100\n|switch|p2a: Hobo Bird|Iron Bundle, L50|100\/100\n|switch|p2b: Tumor|Ditto, L50|100\/100\n|-ability|p1a: Arcanine|Intimidate|boost\n|-unboost|p2a: Hobo Bird|atk|1\n|-unboost|p2b: Tumor|atk|1\n|-transform|p2b: Tumor|p1a: Arcanine|[from] ability: Imposter\n|-ability|p2b: Tumor|Intimidate|boost\n|-unboost|p1a: Arcanine|atk|1\n|-fail|p1b: Baxcalibur|unboost|[from] item: Clear Amulet|[of] p1b: Baxcalibur\n|-enditem|p2a: Hobo Bird|Booster Energy\n|-activate|p2a: Hobo Bird|ability: Quark Drive|[fromitem]\n|-start|p2a: Hobo Bird|quarkdrivespe\n|turn|1\n|inactive|Hadrian1917 has 30 seconds left.\n|inactive|2knight has 30 seconds left.\n|\n|t:|1681929385\n|switch|p2b: Armarouge|Armarouge, L50, M|100\/100\n|-terastallize|p1a: Arcanine|Flying\n|move|p2a: Hobo Bird|Icy Wind|p1b: Baxcalibur|[spread] p1a,p1b\n|-supereffective|p1a: Arcanine\n|-damage|p1a: Arcanine|60\/100\n|-damage|p1b: Baxcalibur|80\/100\n|-unboost|p1a: Arcanine|spe|1\n|move|p1b: Baxcalibur|Glaive Rush|p2b: Armarouge\n|-damage|p2b: Armarouge|23\/100\n|-singlemove|p1b: Baxcalibur|Glaive Rush|[silent]\n|-ability|p2b: Armarouge|Weak Armor|boost\n|-unboost|p2b: Armarouge|def|1\n|-boost|p2b: Armarouge|spe|2\n|move|p1a: Arcanine|Howl|p1a: Arcanine|[spread] p1a,p1b\n|-boost|p1a: Arcanine|atk|1\n|-boost|p1b: Baxcalibur|atk|1\n|\n|upkeep\n|turn|2\n|inactive|Hadrian1917 has 30 seconds left.\n|inactive|2knight has 30 seconds left.\n|\n|t:|1681929416\n|-end|p2a: Hobo Bird|Quark Drive|[silent]\n|switch|p2a: Tumor|Ditto, L50|100\/100\n|-transform|p2a: Tumor|p1b: Baxcalibur|[from] ability: Imposter\n|move|p1a: Arcanine|Extreme Speed|p2a: Tumor\n|-damage|p2a: Tumor|64\/100\n|move|p1b: Baxcalibur|Ice Shard|p2a: Tumor\n|-damage|p2a: Tumor|8\/100\n|move|p2b: Armarouge|Destiny Bond|p2b: Armarouge\n|-singlemove|p2b: Armarouge|Destiny Bond\n|\n|upkeep\n|turn|3\n|-activate|p2a: Tumor|item: Quick Claw\n|\n|t:|1681929435\n|move|p2a: Tumor|Protect|p2a: Tumor\n|-singleturn|p2a: Tumor|Protect\n|move|p1a: Arcanine|Extreme Speed|p2b: Armarouge\n|-damage|p2b: Armarouge|0 fnt\n|faint|p2b: Armarouge\n|-activate|p2b: Armarouge|move: Destiny Bond\n|faint|p1a: Arcanine\n|move|p1b: Baxcalibur|Ice Shard|p2a: Tumor\n|-activate|p2a: Tumor|move: Protect\n|\n|upkeep\n|\n|t:|1681929454\n|switch|p2b: The Thing|Garganacl, L50, F|100\/100\n|switch|p1a: Flutter Mane|Flutter Mane, L50|100\/100\n|turn|4\n|inactive|2knight has 30 seconds left.\n|\n|t:|1681929482\n|move|p1b: Baxcalibur|Ice Shard|p2a: Tumor\n|-damage|p2a: Tumor|0 fnt\n|faint|p2a: Tumor\n|move|p1a: Flutter Mane|Shadow Ball|p2b: The Thing\n|-damage|p2b: The Thing|83\/100\n|move|p2b: The Thing|Salt Cure|p1b: Baxcalibur\n|-supereffective|p1b: Baxcalibur\n|-damage|p1b: Baxcalibur|54\/100\n|-start|p1b: Baxcalibur|Salt Cure\n|\n|-heal|p2b: The Thing|89\/100|[from] item: Leftovers\n|-damage|p1b: Baxcalibur|42\/100|[from] Salt Cure\n|upkeep\n|\n|t:|1681929488\n|switch|p2a: Hobo Bird|Iron Bundle, L50|100\/100\n|turn|5\n|\n|t:|1681929502\n|-end|p1a: Flutter Mane|Protosynthesis|[silent]\n|switch|p1a: Ting-Lu|Ting-Lu, L50|100\/100\n|-ability|p1a: Ting-Lu|Vessel of Ruin\n|move|p2a: Hobo Bird|Encore|p1b: Baxcalibur\n|-start|p1b: Baxcalibur|Encore\n|move|p1b: Baxcalibur|Ice Shard|p2a: Hobo Bird\n|-resisted|p2a: Hobo Bird\n|-damage|p2a: Hobo Bird|91\/100\n|move|p2b: The Thing|Curse|p2b: The Thing\n|-unboost|p2b: The Thing|spe|1\n|-boost|p2b: The Thing|atk|1\n|-boost|p2b: The Thing|def|1\n|\n|-heal|p2b: The Thing|95\/100|[from] item: Leftovers\n|-damage|p1b: Baxcalibur|29\/100|[from] Salt Cure\n|upkeep\n|turn|6\n|-message|Hadrian1917 forfeited.\n|\n|win|2knight\n|raw|Hadrian1917's rating: 1181 → 1155<\/strong> (-26 for losing)\n|raw|2knight's rating: 1165 → 1191<\/strong> (+26 for winning)\n|l|\u2606Hadrian1917\n","uploadtime":1681929517,"views":11,"p1id":"hadrian1917","p2id":"2knight","formatid":"gen9vgc2023regulationc","rating":1155,"private":0,"password":""}