{"id":"gen9vgc2023regulationc-1851881071","p1":"3g only","p2":"Yarrack","format":"[Gen 9] VGC 2023 Regulation C","log":"|j|\u26063g only\n|j|\u2606Yarrack\n|t:|1682499910\n|gametype|doubles\n|player|p1|3g only|juan|1303\n|player|p2|Yarrack|youngster-gen4dp|1232\n|teamsize|p1|6\n|teamsize|p2|6\n|gen|9\n|tier|[Gen 9] VGC 2023 Regulation C\n|rated|\n|rule|Species Clause: Limit one of each Pok\u00e9mon\n|rule|Item Clause: Limit one of each item\n|clearpoke\n|poke|p1|Murkrow, L50, M|\n|poke|p1|Chi-Yu, L50|\n|poke|p1|Flutter Mane, L50|\n|poke|p1|Great Tusk, L50|\n|poke|p1|Brute Bonnet, L50|\n|poke|p1|Corviknight, L50, M|\n|poke|p2|Flamigo, L50, M|\n|poke|p2|Chien-Pao, L50|\n|poke|p2|Dragapult, L50, M|\n|poke|p2|Roaring Moon, L50|\n|poke|p2|Amoonguss, L50, F|\n|poke|p2|Vaporeon, L50, F|\n|teampreview|4\n|inactive|Battle timer is ON: inactive players will automatically lose when time's up. (requested by Yarrack)\n|inactive|3g only has 60 seconds left.\n|inactive|3g only has 30 seconds left.\n|inactive|3g only has 20 seconds left.\n|inactive|3g only has 15 seconds left.\n|inactive|3g only has 10 seconds left.\n|inactive|3g only has 5 seconds left.\n|\n|t:|1682500001\n|start\n|switch|p1a: Murkrow|Murkrow, L50, M, shiny|100\/100\n|switch|p1b: Chi-Yu|Chi-Yu, L50|100\/100\n|switch|p2a: Amoonguss|Amoonguss, L50, F|100\/100\n|switch|p2b: Roaring Moon|Roaring Moon, L50|100\/100\n|-ability|p1b: Chi-Yu|Beads of Ruin\n|-enditem|p2b: Roaring Moon|Booster Energy\n|-activate|p2b: Roaring Moon|ability: Protosynthesis|[fromitem]\n|-start|p2b: Roaring Moon|protosynthesisatk\n|turn|1\n|\n|t:|1682500019\n|switch|p2a: Vaporeon|Vaporeon, L50, F|100\/100\n|move|p1b: Chi-Yu|Protect|p1b: Chi-Yu\n|-singleturn|p1b: Chi-Yu|Protect\n|move|p1a: Murkrow|Tailwind|p1a: Murkrow\n|-sidestart|p1: 3g only|move: Tailwind\n|move|p2b: Roaring Moon|Dragon Dance|p2b: Roaring Moon\n|-boost|p2b: Roaring Moon|atk|1\n|-boost|p2b: Roaring Moon|spe|1\n|\n|upkeep\n|turn|2\n|\n|t:|1682500042\n|move|p2b: Roaring Moon|Protect|p2b: Roaring Moon\n|-singleturn|p2b: Roaring Moon|Protect\n|move|p1b: Chi-Yu|Overheat|p2b: Roaring Moon\n|-activate|p2b: Roaring Moon|move: Protect\n|move|p1a: Murkrow|Foul Play|p2b: Roaring Moon\n|-activate|p2b: Roaring Moon|move: Protect\n|move|p2a: Vaporeon|Muddy Water|p1a: Murkrow|[spread] p1a,p1b\n|-supereffective|p1b: Chi-Yu\n|-damage|p1a: Murkrow|65\/100\n|-damage|p1b: Chi-Yu|36\/100\n|\n|upkeep\n|turn|3\n|\n|t:|1682500061\n|move|p1b: Chi-Yu|Overheat|p2b: Roaring Moon\n|-resisted|p2b: Roaring Moon\n|-crit|p2b: Roaring Moon\n|-damage|p2b: Roaring Moon|18\/100\n|-unboost|p1b: Chi-Yu|spa|2\n|-damage|p1b: Chi-Yu|26\/100|[from] item: Life Orb\n|move|p2b: Roaring Moon|Dragon Dance|p2b: Roaring Moon\n|-boost|p2b: Roaring Moon|atk|1\n|-boost|p2b: Roaring Moon|spe|1\n|move|p1a: Murkrow|Foul Play|p2b: Roaring Moon\n|-resisted|p2b: Roaring Moon\n|-damage|p2b: Roaring Moon|0 fnt\n|faint|p2b: Roaring Moon\n|-end|p2b: Roaring Moon|Protosynthesis|[silent]\n|move|p2a: Vaporeon|Muddy Water|p1a: Murkrow|[spread] p1a\n|-miss|p2a: Vaporeon|p1b: Chi-Yu\n|-damage|p1a: Murkrow|27\/100\n|\n|upkeep\n|\n|t:|1682500068\n|switch|p2b: Amoonguss|Amoonguss, L50, F|100\/100\n|turn|4\n|\n|t:|1682500086\n|move|p2b: Amoonguss|Protect|p2b: Amoonguss\n|-singleturn|p2b: Amoonguss|Protect\n|move|p1a: Murkrow|Sunny Day|p1a: Murkrow\n|-weather|SunnyDay\n|move|p1b: Chi-Yu|Dark Pulse|p2a: Vaporeon\n|-damage|p2a: Vaporeon|72\/100\n|-damage|p1b: Chi-Yu|16\/100|[from] item: Life Orb\n|move|p2a: Vaporeon|Muddy Water|p1b: Chi-Yu|[spread] p1a,p1b\n|-supereffective|p1b: Chi-Yu\n|-damage|p1a: Murkrow|8\/100\n|-damage|p1b: Chi-Yu|0 fnt\n|faint|p1b: Chi-Yu\n|\n|-weather|SunnyDay|[upkeep]\n|-heal|p2a: Vaporeon|78\/100|[from] item: Leftovers\n|-sideend|p1: 3g only|move: Tailwind\n|upkeep\n|\n|t:|1682500101\n|switch|p1b: Flutter Mane|Flutter Mane, L50|100\/100\n|-activate|p1b: Flutter Mane|ability: Protosynthesis\n|-start|p1b: Flutter Mane|protosynthesisspa\n|turn|5\n|inactive|3g only has 30 seconds left.\n|\n|t:|1682500130\n|move|p1b: Flutter Mane|Psyshock|p2b: Amoonguss\n|-supereffective|p2b: Amoonguss\n|-damage|p2b: Amoonguss|18\/100\n|-enditem|p2b: Amoonguss|Sitrus Berry|[eat]\n|-heal|p2b: Amoonguss|43\/100|[from] item: Sitrus Berry\n|move|p1a: Murkrow|Foul Play|p2b: Amoonguss\n|-damage|p2b: Amoonguss|27\/100\n|move|p2a: Vaporeon|Icy Wind|p1b: Flutter Mane|[spread] p1a,p1b\n|-supereffective|p1a: Murkrow\n|-crit|p1a: Murkrow\n|-damage|p1a: Murkrow|0 fnt\n|-damage|p1b: Flutter Mane|90\/100\n|-unboost|p1b: Flutter Mane|spe|1\n|faint|p1a: Murkrow\n|move|p2b: Amoonguss|Spore|p1b: Flutter Mane\n|-status|p1b: Flutter Mane|slp|[from] move: Spore\n|\n|-weather|SunnyDay|[upkeep]\n|-heal|p2a: Vaporeon|84\/100|[from] item: Leftovers\n|upkeep\n|\n|t:|1682500146\n|switch|p1a: Great Tusk|Great Tusk, L50|100\/100\n|-activate|p1a: Great Tusk|ability: Protosynthesis\n|-start|p1a: Great Tusk|protosynthesisatk\n|turn|6\n|\n|t:|1682500169\n|switch|p2b: Flamigo|Flamigo, L50, M|100\/100\n|-copyboost|p2b: Flamigo|p2a: Vaporeon|[from] ability: Costar\n|-terastallize|p2a: Vaporeon|Grass\n|move|p1a: Great Tusk|Headlong Rush|p2a: Vaporeon\n|-resisted|p2a: Vaporeon\n|-damage|p2a: Vaporeon|49\/100\n|-unboost|p1a: Great Tusk|def|1\n|-unboost|p1a: Great Tusk|spd|1\n|cant|p1b: Flutter Mane|slp\n|move|p2a: Vaporeon|Icy Wind|p1a: Great Tusk|[spread] p1a,p1b\n|-supereffective|p1a: Great Tusk\n|-damage|p1a: Great Tusk|54\/100\n|-damage|p1b: Flutter Mane|79\/100 slp\n|-unboost|p1a: Great Tusk|spe|1\n|-unboost|p1b: Flutter Mane|spe|1\n|\n|-weather|SunnyDay|[upkeep]\n|-heal|p2a: Vaporeon|55\/100|[from] item: Leftovers\n|upkeep\n|turn|7\n|\n|t:|1682500191\n|-terastallize|p1a: Great Tusk|Steel\n|move|p2b: Flamigo|Brave Bird|p1b: Flutter Mane\n|-damage|p1b: Flutter Mane|0 fnt\n|faint|p1b: Flutter Mane\n|-end|p1b: Flutter Mane|Protosynthesis|[silent]\n|-damage|p2b: Flamigo|78\/100|[from] Recoil\n|move|p1a: Great Tusk|Headlong Rush|p2a: Vaporeon\n|-resisted|p2a: Vaporeon\n|-damage|p2a: Vaporeon|20\/100\n|-unboost|p1a: Great Tusk|def|1\n|-unboost|p1a: Great Tusk|spd|1\n|move|p2a: Vaporeon|Icy Wind|p1a: Great Tusk\n|-resisted|p1a: Great Tusk\n|-damage|p1a: Great Tusk|35\/100\n|-unboost|p1a: Great Tusk|spe|1\n|\n|-weather|SunnyDay|[upkeep]\n|-heal|p2a: Vaporeon|26\/100|[from] item: Leftovers\n|upkeep\n|turn|8\n|-message|3g only forfeited.\n|\n|win|Yarrack\n|raw|3g only's rating: 1303 → 1280<\/strong> (-23 for losing)\n|raw|Yarrack's rating: 1255 → 1283<\/strong> (+28 for winning)\n|l|\u26063g only\n","uploadtime":1682500226,"views":9,"p1id":"3gonly","p2id":"yarrack","formatid":"gen9vgc2023regulationc","rating":1280,"private":0,"password":""}