{"id":"gen9vgc2023regulationc-1850846557","p1":"Bm1203706","p2":"ugly rat ass","format":"[Gen 9] VGC 2023 Regulation C","log":"|j|\u2606Bm1203706\n|j|\u2606ugly rat ass\n|t:|1682373819\n|gametype|doubles\n|player|p1|Bm1203706|170|1061\n|player|p2|ugly rat ass|roughneck|1046\n|teamsize|p1|6\n|teamsize|p2|6\n|gen|9\n|tier|[Gen 9] VGC 2023 Regulation C\n|rated|\n|rule|Species Clause: Limit one of each Pok\u00e9mon\n|rule|Item Clause: Limit one of each item\n|clearpoke\n|poke|p1|Armarouge, L50, F|\n|poke|p1|Glimmora, L50, M|\n|poke|p1|Frosmoth, L50, F|\n|poke|p1|Maushold-Four, L50|\n|poke|p1|Chi-Yu, L50|\n|poke|p1|Gholdengo, L50|\n|poke|p2|Ting-Lu, L50|\n|poke|p2|Amoonguss, L50, M|\n|poke|p2|Glimmora, L50, M|\n|poke|p2|Garganacl, L50, M|\n|poke|p2|Flutter Mane, L50|\n|poke|p2|Gholdengo, L50|\n|teampreview|4\nBm1203706 has agreed to open team sheets.\nugly rat ass rejected open team sheets.\n|\n|t:|1682373905\n|start\n|switch|p1a: Frosmoth|Frosmoth, L50, F, shiny|100\/100\n|switch|p1b: Gholdengo|Gholdengo, L50|100\/100\n|switch|p2a: Ting-Lu|Ting-Lu, L50|100\/100\n|switch|p2b: Amoonguss|Amoonguss, L50, M|100\/100\n|-ability|p2a: Ting-Lu|Vessel of Ruin\n|turn|1\n|\n|t:|1682373931\n|move|p1b: Gholdengo|Trick|p2b: Amoonguss\n|-activate|p1b: Gholdengo|move: Trick|[of] p2b: Amoonguss\n|-item|p2b: Amoonguss|Choice Specs|[from] move: Trick\n|-item|p1b: Gholdengo|Black Sludge|[from] move: Trick\n|move|p1a: Frosmoth|Tailwind|p1a: Frosmoth\n|-sidestart|p1: Bm1203706|move: Tailwind\n|move|p2a: Ting-Lu|Fissure|p1b: Gholdengo\n|-damage|p1b: Gholdengo|0 fnt\n|faint|p1b: Gholdengo\n|-ohko\n|move|p2b: Amoonguss|Spore|p1a: Frosmoth\n|-status|p1a: Frosmoth|slp|[from] move: Spore\n|\n|upkeep\n|\n|t:|1682373944\n|switch|p1b: Maushold|Maushold-Four, L50|100\/100\n|turn|2\n|\n|t:|1682373963\n|cant|p1a: Frosmoth|slp\n|move|p1b: Maushold|Population Bomb|p2b: Amoonguss\n|-damage|p2b: Amoonguss|91\/100\n|-damage|p2b: Amoonguss|81\/100\n|-crit|p2b: Amoonguss\n|-damage|p2b: Amoonguss|65\/100\n|-damage|p2b: Amoonguss|55\/100\n|-damage|p2b: Amoonguss|45\/100\n|-damage|p2b: Amoonguss|36\/100\n|-damage|p2b: Amoonguss|26\/100\n|-damage|p2b: Amoonguss|16\/100\n|-damage|p2b: Amoonguss|6\/100\n|-damage|p2b: Amoonguss|0 fnt\n|faint|p2b: Amoonguss\n|-hitcount|p2: Amoonguss|10\n|move|p2a: Ting-Lu|Fissure|p1a: Frosmoth|[miss]\n|-miss|p2a: Ting-Lu|p1a: Frosmoth\n|\n|upkeep\n|c|\u2606Bm1203706|Fissure is cheap I hate it\n|\n|t:|1682373984\n|switch|p2b: Garganacl|Garganacl, L50, M|100\/100\n|turn|3\n|c|\u2606ugly rat ass|shut up\n|c|\u2606ugly rat ass|ugly rat ass\n|c|\u2606ugly rat ass|sorry my inner demon was speaking to me\n|c|\u2606Bm1203706|haha your so funny\n|\n|t:|1682374018\n|move|p1b: Maushold|Population Bomb|p2a: Ting-Lu\n|-damage|p2a: Ting-Lu|94\/100\n|-damage|p2a: Ting-Lu|88\/100\n|-damage|p2a: Ting-Lu|81\/100\n|-damage|p2a: Ting-Lu|75\/100\n|-damage|p2a: Ting-Lu|69\/100\n|-damage|p2a: Ting-Lu|63\/100\n|-damage|p2a: Ting-Lu|57\/100\n|-crit|p2a: Ting-Lu\n|-damage|p2a: Ting-Lu|47\/100\n|-damage|p2a: Ting-Lu|39\/100\n|-damage|p2a: Ting-Lu|33\/100\n|-hitcount|p2a: Ting-Lu|10\n|-curestatus|p1a: Frosmoth|slp|[msg]\n|move|p1a: Frosmoth|Ice Beam|p2a: Ting-Lu\n|-supereffective|p2a: Ting-Lu\n|-damage|p2a: Ting-Lu|0 fnt\n|faint|p2a: Ting-Lu\n|move|p2b: Garganacl|Salt Cure|p1a: Frosmoth\n|-supereffective|p1a: Frosmoth\n|-damage|p1a: Frosmoth|2\/100\n|\n|upkeep\n|c|\u2606ugly rat ass|tahnku\n|c|\u2606Bm1203706|My sent it before your third one\n|\n|t:|1682374035\n|switch|p2a: Flutter Mane|Flutter Mane, L50|100\/100\n|-enditem|p2a: Flutter Mane|Booster Energy\n|-activate|p2a: Flutter Mane|ability: Protosynthesis|[fromitem]\n|-start|p2a: Flutter Mane|protosynthesisspe\n|turn|4\n|c|\u2606ugly rat ass|no hablas ingles\n|\n|t:|1682374075\n|move|p1a: Frosmoth|Wide Guard|p1a: Frosmoth\n|-singleturn|p1a: Frosmoth|Wide Guard\n|move|p1b: Maushold|Population Bomb|p2b: Garganacl|[miss]\n|-miss|p1b: Maushold|p2b: Garganacl\n|move|p2a: Flutter Mane|Icy Wind|p1a: Frosmoth|[spread] \n|-activate|p1a: Frosmoth|move: Wide Guard\n|-activate|p1b: Maushold|move: Wide Guard\n|move|p2b: Garganacl|Salt Cure|p1b: Maushold\n|-damage|p1b: Maushold|78\/100\n|-start|p1b: Maushold|Salt Cure\n|\n|-damage|p1b: Maushold|66\/100|[from] Salt Cure\n|-sideend|p1: Bm1203706|move: Tailwind\n|upkeep\n|turn|5\n|\n|t:|1682374095\n|move|p1a: Frosmoth|Wide Guard|p1a: Frosmoth\n|-singleturn|p1a: Frosmoth|Wide Guard\n|move|p2a: Flutter Mane|Shadow Ball|p1a: Frosmoth\n|-damage|p1a: Frosmoth|0 fnt\n|faint|p1a: Frosmoth\n|move|p1b: Maushold|Population Bomb|p2b: Garganacl\n|-resisted|p2b: Garganacl\n|-damage|p2b: Garganacl|98\/100\n|-damage|p1b: Maushold|49\/100|[from] item: Rocky Helmet|[of] p2b: Garganacl\n|-hitcount|p2b: Garganacl|1\n|move|p2b: Garganacl|Recover|p2b: Garganacl\n|-heal|p2b: Garganacl|100\/100\n|\n|-damage|p1b: Maushold|37\/100|[from] Salt Cure\n|upkeep\n|c|\u2606Bm1203706|Is that bright powder garganacl\n|\n|t:|1682374116\n|switch|p1a: Chi-Yu|Chi-Yu, L50|100\/100\n|-ability|p1a: Chi-Yu|Beads of Ruin\n|turn|6\n|\n|t:|1682374128\n|move|p1b: Maushold|Helping Hand|p1a: Chi-Yu\n|-singleturn|p1a: Chi-Yu|Helping Hand|[of] p1b: Maushold\n|move|p2b: Garganacl|Wide Guard|p2b: Garganacl\n|-singleturn|p2b: Garganacl|Wide Guard\n|move|p2a: Flutter Mane|Moonblast|p1a: Chi-Yu\n|-damage|p1a: Chi-Yu|63\/100\n|move|p1a: Chi-Yu|Dark Pulse|p2a: Flutter Mane\n|-damage|p2a: Flutter Mane|0 fnt\n|faint|p2a: Flutter Mane\n|-end|p2a: Flutter Mane|Protosynthesis|[silent]\n|\n|-damage|p1b: Maushold|25\/100|[from] Salt Cure\n|upkeep\n|turn|7\n|c|\u2606ugly rat ass|no\n|c|\u2606ugly rat ass|its rocky helmet\n|c|\u2606ugly rat ass|on bajesus\n|c|\u2606ugly rat ass|my lord an savior\n|c|\u2606Bm1203706|I thought I tricked that from amoongus\n|\n|t:|1682374175\n|move|p1b: Maushold|Helping Hand|p1a: Chi-Yu\n|-singleturn|p1a: Chi-Yu|Helping Hand|[of] p1b: Maushold\n|move|p1a: Chi-Yu|Dark Pulse|p2b: Garganacl\n|-damage|p2b: Garganacl|16\/100\n|move|p2b: Garganacl|Salt Cure|p1a: Chi-Yu\n|-supereffective|p1a: Chi-Yu\n|-damage|p1a: Chi-Yu|12\/100\n|-start|p1a: Chi-Yu|Salt Cure\n|\n|-damage|p1b: Maushold|13\/100|[from] Salt Cure\n|-damage|p1a: Chi-Yu|0 fnt|[from] Salt Cure\n|faint|p1a: Chi-Yu\n|upkeep\n|turn|8\n|\n|t:|1682374198\n|move|p1b: Maushold|Population Bomb|p2b: Garganacl\n|-resisted|p2b: Garganacl\n|-damage|p2b: Garganacl|13\/100\n|-damage|p1b: Maushold|0 fnt|[from] item: Rocky Helmet|[of] p2b: Garganacl\n|faint|p1b: Maushold\n|\n|win|ugly rat ass\n|-hitcount|p2b: Garganacl|1\n|raw|Bm1203706's rating: 1061 → 1041<\/strong> (-20 for losing)\n|raw|ugly rat ass's rating: 1046 → 1081<\/strong> (+35 for winning)\n","uploadtime":1682373996,"views":11,"p1id":"bm1203706","p2id":"uglyratass","formatid":"gen9vgc2023regulationc","rating":1041,"private":0,"password":""}