{"id":"gen9vgc2023regulationc-1852813109","p1":"jotapeloafrutado","p2":"Mortipherus","format":"[Gen 9] VGC 2023 Regulation C","log":"|j|\u2606jotapeloafrutado\n|j|\u2606Mortipherus\n|t:|1682608438\n|gametype|doubles\n|player|p1|jotapeloafrutado|hiker-gen4|1089\n|player|p2|Mortipherus|hooligans|1127\n|teamsize|p1|6\n|teamsize|p2|6\n|gen|9\n|tier|[Gen 9] VGC 2023 Regulation C\n|rated|\n|rule|Species Clause: Limit one of each Pok\u00e9mon\n|rule|Item Clause: Limit one of each item\n|clearpoke\n|poke|p1|Ting-Lu, L50|\n|poke|p1|Amoonguss, L50, F|\n|poke|p1|Garganacl, L50, M|\n|poke|p1|Arcanine, L50, M|\n|poke|p1|Roaring Moon, L50|\n|poke|p1|Iron Bundle, L50|\n|poke|p2|Cetitan, L50, M|\n|poke|p2|Corviknight, L50, M|\n|poke|p2|Volcarona, L50, M|\n|poke|p2|Ting-Lu, L50|\n|poke|p2|Gyarados, L50, M|\n|poke|p2|Amoonguss, L50, M|\n|teampreview|4\n|inactive|Battle timer is ON: inactive players will automatically lose when time's up. (requested by Mortipherus)\n|\n|t:|1682608477\n|start\n|switch|p1a: Iron Bundle|Iron Bundle, L50|100\/100\n|switch|p1b: Arcanine|Arcanine, L50, M|100\/100\n|switch|p2a: Cetitan|Cetitan, L50, M, shiny|100\/100\n|switch|p2b: Gyarados|Gyarados, L50, M, shiny|100\/100\n|-ability|p1b: Arcanine|Intimidate|boost\n|-unboost|p2a: Cetitan|atk|1\n|-unboost|p2b: Gyarados|atk|1\n|-ability|p2b: Gyarados|Intimidate|boost\n|-unboost|p1a: Iron Bundle|atk|1\n|-unboost|p1b: Arcanine|atk|1\n|turn|1\n|\n|t:|1682608501\n|-terastallize|p2a: Cetitan|Water\n|move|p2b: Gyarados|Protect|p2b: Gyarados\n|-singleturn|p2b: Gyarados|Protect\n|move|p1a: Iron Bundle|Freeze-Dry|p2b: Gyarados\n|-activate|p2b: Gyarados|move: Protect\n|move|p1b: Arcanine|Flare Blitz|p2a: Cetitan\n|-resisted|p2a: Cetitan\n|-damage|p2a: Cetitan|86\/100\n|-status|p2a: Cetitan|brn\n|-damage|p1b: Arcanine|94\/100|[from] Recoil\n|move|p2a: Cetitan|Liquidation|p1b: Arcanine\n|-supereffective|p1b: Arcanine\n|-damage|p1b: Arcanine|42\/100\n|\n|-damage|p2a: Cetitan|80\/100 brn|[from] brn\n|upkeep\n|turn|2\n|\n|t:|1682608522\n|switch|p2b: Volcarona|Volcarona, L50, M|100\/100\n|move|p1b: Arcanine|Protect|p1b: Arcanine\n|-singleturn|p1b: Arcanine|Protect\n|move|p1a: Iron Bundle|Freeze-Dry|p2b: Volcarona\n|-resisted|p2b: Volcarona\n|-damage|p2b: Volcarona|85\/100\n|move|p2a: Cetitan|Liquidation|p1b: Arcanine\n|-activate|p1b: Arcanine|move: Protect\n|\n|-damage|p2a: Cetitan|74\/100 brn|[from] brn\n|upkeep\n|turn|3\n|\n|t:|1682608538\n|switch|p1b: Ting-Lu|Ting-Lu, L50|100\/100\n|-ability|p1b: Ting-Lu|Vessel of Ruin\n|move|p1a: Iron Bundle|Freeze-Dry|p2a: Cetitan\n|-supereffective|p2a: Cetitan\n|-damage|p2a: Cetitan|26\/100 brn\n|move|p2b: Volcarona|Heat Wave|p1b: Ting-Lu|[spread] p1a\n|-miss|p2b: Volcarona|p1b: Ting-Lu\n|-damage|p1a: Iron Bundle|39\/100\n|move|p2a: Cetitan|Liquidation|p1b: Ting-Lu\n|-supereffective|p1b: Ting-Lu\n|-damage|p1b: Ting-Lu|70\/100\n|\n|-damage|p2a: Cetitan|20\/100 brn|[from] brn\n|upkeep\n|turn|4\n|\n|t:|1682608559\n|switch|p2a: Amoonguss|Amoonguss, L50, M|100\/100\n|move|p1a: Iron Bundle|Freeze-Dry|p2a: Amoonguss\n|-supereffective|p2a: Amoonguss\n|-damage|p2a: Amoonguss|54\/100\n|move|p2b: Volcarona|Giga Drain|p1b: Ting-Lu\n|-supereffective|p1b: Ting-Lu\n|-damage|p1b: Ting-Lu|49\/100\n|-heal|p2b: Volcarona|100\/100|[from] drain|[of] p1b: Ting-Lu\n|move|p1b: Ting-Lu|Stomping Tantrum|p2b: Volcarona\n|-damage|p2b: Volcarona|58\/100\n|-status|p1b: Ting-Lu|brn|[from] ability: Flame Body|[of] p2b: Volcarona\n|\n|-damage|p1b: Ting-Lu|43\/100 brn|[from] brn\n|upkeep\n|turn|5\n|\n|t:|1682608581\n|move|p2a: Amoonguss|Rage Powder|p2a: Amoonguss\n|-singleturn|p2a: Amoonguss|move: Rage Powder\n|move|p1a: Iron Bundle|Freeze-Dry|p2a: Amoonguss\n|-supereffective|p2a: Amoonguss\n|-damage|p2a: Amoonguss|8\/100\n|-status|p2a: Amoonguss|frz\n|-enditem|p2a: Amoonguss|Sitrus Berry|[eat]\n|-heal|p2a: Amoonguss|33\/100 frz|[from] item: Sitrus Berry\n|move|p2b: Volcarona|Heat Wave|p1b: Ting-Lu|[spread] p1a,p1b\n|-damage|p1a: Iron Bundle|0 fnt\n|-damage|p1b: Ting-Lu|27\/100 brn\n|faint|p1a: Iron Bundle\n|-end|p1a: Iron Bundle|Quark Drive|[silent]\n|move|p1b: Ting-Lu|Stomping Tantrum|p2a: Amoonguss\n|-damage|p2a: Amoonguss|19\/100 frz\n|\n|-damage|p1b: Ting-Lu|21\/100 brn|[from] brn\n|upkeep\n|\n|t:|1682608599\n|switch|p1a: Arcanine|Arcanine, L50, M|42\/100\n|-ability|p1a: Arcanine|Intimidate|boost\n|-unboost|p2a: Amoonguss|atk|1\n|-unboost|p2b: Volcarona|atk|1\n|turn|6\n|\n|t:|1682608612\n|switch|p2a: Gyarados|Gyarados, L50, M, shiny|100\/100\n|-ability|p2a: Gyarados|Intimidate|boost\n|-unboost|p1a: Arcanine|atk|1\n|-unboost|p1b: Ting-Lu|atk|1\n|move|p1a: Arcanine|Extreme Speed|p2a: Gyarados\n|-damage|p2a: Gyarados|84\/100\n|move|p2b: Volcarona|Quiver Dance|p2b: Volcarona\n|-boost|p2b: Volcarona|spa|1\n|-boost|p2b: Volcarona|spd|1\n|-boost|p2b: Volcarona|spe|1\n|move|p1b: Ting-Lu|Heavy Slam|p2b: Volcarona\n|-resisted|p2b: Volcarona\n|-damage|p2b: Volcarona|50\/100\n|\n|-heal|p2a: Gyarados|90\/100|[from] item: Leftovers\n|-damage|p1b: Ting-Lu|15\/100 brn|[from] brn\n|upkeep\n|turn|7\n|\n|t:|1682608636\n|move|p2b: Volcarona|Giga Drain|p1b: Ting-Lu\n|-supereffective|p1b: Ting-Lu\n|-damage|p1b: Ting-Lu|0 fnt\n|-heal|p2b: Volcarona|61\/100|[from] drain|[of] p1b: Ting-Lu\n|faint|p1b: Ting-Lu\n|move|p1a: Arcanine|Flare Blitz|p2b: Volcarona\n|-damage|p2b: Volcarona|16\/100\n|-damage|p1a: Arcanine|29\/100|[from] Recoil\n|move|p2a: Gyarados|Waterfall|p1a: Arcanine\n|-supereffective|p1a: Arcanine\n|-damage|p1a: Arcanine|0 fnt\n|faint|p1a: Arcanine\n|\n|-heal|p2a: Gyarados|96\/100|[from] item: Leftovers\n|upkeep\n|\n|t:|1682608659\n|switch|p1a: Roaring Moon|Roaring Moon, L50|100\/100\n|-enditem|p1a: Roaring Moon|Booster Energy\n|-activate|p1a: Roaring Moon|ability: Protosynthesis|[fromitem]\n|-start|p1a: Roaring Moon|protosynthesisatk\n|turn|8\n|\n|t:|1682608671\n|-terastallize|p1a: Roaring Moon|Flying\n|move|p2b: Volcarona|Heat Wave|p1a: Roaring Moon\n|-damage|p1a: Roaring Moon|32\/100\n|move|p1a: Roaring Moon|Acrobatics|p2b: Volcarona\n|-supereffective|p2b: Volcarona\n|-damage|p2b: Volcarona|0 fnt\n|faint|p2b: Volcarona\n|move|p2a: Gyarados|Thunder Wave|p1a: Roaring Moon\n|-status|p1a: Roaring Moon|par\n|\n|-heal|p2a: Gyarados|100\/100|[from] item: Leftovers\n|upkeep\n|-message|jotapeloafrutado forfeited.\n|\n|win|Mortipherus\n|raw|jotapeloafrutado's rating: 1089 → 1068<\/strong> (-21 for losing)\n|raw|Mortipherus's rating: 1127 → 1149<\/strong> (+22 for winning)\n|l|\u2606jotapeloafrutado\n","uploadtime":1682608700,"views":5,"p1id":"jotapeloafrutado","p2id":"mortipherus","formatid":"gen9vgc2023regulationc","rating":1068,"private":0,"password":""}