{"id":"gen9vgc2023regulationc-1861528478","p1":"underusedapple","p2":"RonJohn","format":"[Gen 9] VGC 2023 Regulation C","log":"|j|\u2606underusedapple\n|j|\u2606RonJohn\n|t:|1683769119\n|gametype|doubles\n|player|p1|underusedapple|265|1254\n|player|p2|RonJohn|266|1167\n|teamsize|p1|6\n|teamsize|p2|6\n|gen|9\n|tier|[Gen 9] VGC 2023 Regulation C\n|rated|\n|rule|Species Clause: Limit one of each Pok\u00e9mon\n|rule|Item Clause: Limit one of each item\n|clearpoke\n|poke|p1|Great Tusk, L50|\n|poke|p1|Tyranitar, L50, M|\n|poke|p1|Corviknight, L50, F|\n|poke|p1|Maushold, L50|\n|poke|p1|Iron Bundle, L50|\n|poke|p1|Gholdengo, L50|\n|poke|p2|Flutter Mane, L50|\n|poke|p2|Orthworm, L50, F|\n|poke|p2|Dragonite, L50, F|\n|poke|p2|Amoonguss, L50, M|\n|poke|p2|Gyarados, L50, F|\n|poke|p2|Ting-Lu, L50|\n|teampreview|4\nRonJohn has agreed to open team sheets.\nunderusedapple has agreed to open team sheets.\n|inactive|Battle timer is ON: inactive players will automatically lose when time's up. (requested by RonJohn)\n|\n|t:|1683769231\n|start\n|switch|p1a: Corviknight|Corviknight, L50, F|100\/100\n|switch|p1b: Laverne|Great Tusk, L50, shiny|100\/100\n|switch|p2a: Ting-Lu|Ting-Lu, L50|100\/100\n|switch|p2b: Gyarados|Gyarados, L50, F|100\/100\n|-ability|p2b: Gyarados|Intimidate|boost\n|-ability|p1a: Corviknight|Mirror Armor\n|-unboost|p2b: Gyarados|atk|1\n|-unboost|p1b: Laverne|atk|1\n|-ability|p2a: Ting-Lu|Vessel of Ruin\n|turn|1\n|inactive|RonJohn has 30 seconds left.\n|inactive|RonJohn has 20 seconds left.\n|\n|t:|1683769268\n|-end|p1b: Laverne|Protosynthesis|[silent]\n|switch|p1b: Iron Bundle|Iron Bundle, L50|100\/100\n|-enditem|p1b: Iron Bundle|Booster Energy\n|-activate|p1b: Iron Bundle|ability: Quark Drive|[fromitem]\n|-start|p1b: Iron Bundle|quarkdrivespe\n|switch|p2a: Flutter Mane|Flutter Mane, L50|100\/100\n|move|p2b: Gyarados|Taunt|p1a: Corviknight\n|-start|p1a: Corviknight|move: Taunt\n|cant|p1a: Corviknight|move: Taunt|Tailwind\n|\n|upkeep\n|turn|2\n|inactive|RonJohn has 30 seconds left.\n|inactive|underusedapple has 30 seconds left.\n|inactive|RonJohn has 20 seconds left.\n|inactive|underusedapple has 20 seconds left.\n|\n|t:|1683769311\n|switch|p1a: Laverne|Great Tusk, L50, shiny|100\/100\n|move|p1b: Iron Bundle|Protect|p1b: Iron Bundle\n|-singleturn|p1b: Iron Bundle|Protect\n|move|p2a: Flutter Mane|Thunderbolt|p1a: Laverne\n|-immune|p1a: Laverne\n|move|p2b: Gyarados|Thunder Wave|p1b: Iron Bundle\n|-activate|p1b: Iron Bundle|move: Protect\n|\n|upkeep\n|turn|3\n|inactive|underusedapple has 30 seconds left.\n|inactive|RonJohn has 30 seconds left.\n|inactive|underusedapple has 20 seconds left.\n|inactive|underusedapple has 15 seconds left.\n|inactive|underusedapple has 10 seconds left.\n|\n|t:|1683769359\n|-terastallize|p1b: Iron Bundle|Grass\n|move|p1b: Iron Bundle|Freeze-Dry|p2b: Gyarados\n|-supereffective|p2b: Gyarados\n|-damage|p2b: Gyarados|0 fnt\n|faint|p2b: Gyarados\n|move|p2a: Flutter Mane|Thunderbolt|p1b: Iron Bundle\n|-resisted|p1b: Iron Bundle\n|-damage|p1b: Iron Bundle|57\/100\n|move|p1a: Laverne|Headlong Rush|p2a: Flutter Mane\n|-damage|p2a: Flutter Mane|0 fnt\n|-unboost|p1a: Laverne|def|1\n|-unboost|p1a: Laverne|spd|1\n|faint|p2a: Flutter Mane\n|-end|p2a: Flutter Mane|Protosynthesis|[silent]\n|\n|upkeep\n|c|\u2606RonJohn|well played\n|\n|t:|1683769375\n|switch|p2a: Ting-Lu|Ting-Lu, L50|100\/100\n|switch|p2b: Orthworm|Orthworm, L50, F|100\/100\n|-ability|p2a: Ting-Lu|Vessel of Ruin\n|turn|4\n|\n|t:|1683769399\n|move|p1b: Iron Bundle|Protect|p1b: Iron Bundle\n|-singleturn|p1b: Iron Bundle|Protect\n|move|p1a: Laverne|Close Combat|p2a: Ting-Lu\n|-supereffective|p2a: Ting-Lu\n|-crit|p2a: Ting-Lu\n|-damage|p2a: Ting-Lu|0 fnt\n|-unboost|p1a: Laverne|def|1\n|-unboost|p1a: Laverne|spd|1\n|faint|p2a: Ting-Lu\n|move|p2b: Orthworm|Heavy Slam|p1b: Iron Bundle\n|-activate|p1b: Iron Bundle|move: Protect\n|\n|upkeep\n|turn|5\n|\n|t:|1683769413\n|move|p1b: Iron Bundle|Encore|p2b: Orthworm\n|-start|p2b: Orthworm|Encore\n|move|p1a: Laverne|Close Combat|p2b: Orthworm\n|-supereffective|p2b: Orthworm\n|-damage|p2b: Orthworm|14\/100\n|-unboost|p1a: Laverne|def|1\n|-unboost|p1a: Laverne|spd|1\n|-enditem|p2b: Orthworm|Sitrus Berry|[eat]\n|-heal|p2b: Orthworm|39\/100|[from] item: Sitrus Berry\n|move|p2b: Orthworm|Heavy Slam|p1b: Iron Bundle\n|-damage|p1b: Iron Bundle|0 fnt\n|faint|p1b: Iron Bundle\n|-end|p1b: Iron Bundle|Quark Drive|[silent]\n|\n|upkeep\n|\n|t:|1683769420\n|switch|p1b: Gholdengo|Gholdengo, L50|100\/100\n|turn|6\n|\n|t:|1683769432\n|move|p1a: Laverne|Close Combat|p2b: Orthworm\n|-supereffective|p2b: Orthworm\n|-damage|p2b: Orthworm|0 fnt\n|-unboost|p1a: Laverne|def|1\n|-unboost|p1a: Laverne|spd|1\n|faint|p2b: Orthworm\n|\n|win|underusedapple\n|raw|underusedapple's rating: 1254 → 1273<\/strong> (+19 for winning)\n|raw|RonJohn's rating: 1167 → 1148<\/strong> (-19 for losing)\n","uploadtime":1683769440,"views":23,"p1id":"underusedapple","p2id":"ronjohn","formatid":"gen9vgc2023regulationc","rating":1148,"private":0,"password":""}