{"id":"gen9vgc2023regulationc-1854739288","p1":"Rey9vgc","p2":"DisneyLando","format":"[Gen 9] VGC 2023 Regulation C","log":"|j|\u2606Rey9vgc\n|j|\u2606DisneyLando\n|t:|1682859521\n|gametype|doubles\n|player|p1|Rey9vgc|266|\n|player|p2|DisneyLando|265|\n|teamsize|p1|6\n|teamsize|p2|6\n|gen|9\n|tier|[Gen 9] VGC 2023 Regulation C\n|rule|Species Clause: Limit one of each Pok\u00e9mon\n|rule|Item Clause: Limit one of each item\n|clearpoke\n|poke|p1|Murkrow, L50, M|\n|poke|p1|Gholdengo, L50|\n|poke|p1|Brute Bonnet, L50|\n|poke|p1|Great Tusk, L50|\n|poke|p1|Chi-Yu, L50|\n|poke|p1|Iron Bundle, L50|\n|poke|p2|Arcanine, L50, F|\n|poke|p2|Gholdengo, L50|\n|poke|p2|Amoonguss, L50, M|\n|poke|p2|Chien-Pao, L50|\n|poke|p2|Palafin, L50, M|\n|poke|p2|Dragonite, L50, M|\n|teampreview|4\n|c|\u2606DisneyLando|g2\n|j| tyo\nRey9vgc has agreed to open team sheets.\n|j| Bloom*iz\n|c|\u2606Rey9vgc|Glhf\n|j| RandomWP\n|j| Tatsu and friends\n|j| rkd272\n|j| OgyZintheCorner\n|j| desuvgc\n|j| TamtamNi\n|c|\u2606DisneyLando|glhf\nDisneyLando has agreed to open team sheets.\n|j| baaaaat_\n|j| duckpond\n|j| random rain\n|l| random rain\n|j| gmax wave crash\n|\n|t:|1682860255\n|start\n|switch|p1a: Murkrow|Murkrow, L50, M|100\/100\n|switch|p1b: Gholdengo|Gholdengo, L50|100\/100\n|switch|p2a: Chien-Pao|Chien-Pao, L50|100\/100\n|switch|p2b: Dragonite|Dragonite, L50, M|100\/100\n|-ability|p2a: Chien-Pao|Sword of Ruin\n|turn|1\n|j| SvenVGC\n|\n|t:|1682860323\n|move|p2a: Chien-Pao|Sucker Punch|p1b: Gholdengo\n|-supereffective|p1b: Gholdengo\n|-damage|p1b: Gholdengo|6\/100\n|move|p1a: Murkrow|Tailwind|p1a: Murkrow\n|-sidestart|p1: Rey9vgc|move: Tailwind\n|move|p1b: Gholdengo|Make It Rain|p2a: Chien-Pao|[spread] p2a,p2b\n|-supereffective|p2a: Chien-Pao\n|-crit|p2a: Chien-Pao\n|-enditem|p2a: Chien-Pao|Focus Sash\n|-damage|p2a: Chien-Pao|1\/100\n|-damage|p2b: Dragonite|65\/100\n|-unboost|p1b: Gholdengo|spa|1\n|move|p2b: Dragonite|Tailwind|p2b: Dragonite\n|-sidestart|p2: DisneyLando|move: Tailwind\n|\n|upkeep\n|turn|2\n|\n|t:|1682860392\n|move|p2a: Chien-Pao|Protect|p2a: Chien-Pao\n|-singleturn|p2a: Chien-Pao|Protect\n|move|p1a: Murkrow|Foul Play|p2b: Dragonite\n|-damage|p2b: Dragonite|0 fnt\n|faint|p2b: Dragonite\n|move|p1b: Gholdengo|Make It Rain|p2a: Chien-Pao\n|-activate|p2a: Chien-Pao|move: Protect\n|\n|upkeep\n|\n|t:|1682860403\n|switch|p2b: Arcanine|Arcanine, L50, F|100\/100\n|-ability|p2b: Arcanine|Intimidate|boost\n|-unboost|p1a: Murkrow|atk|1\n|-unboost|p1b: Gholdengo|atk|1\n|turn|3\n|j| potion greninja\n|j| Drlawyer\n|\n|t:|1682860456\n|-terastallize|p1a: Murkrow|Ghost\n|move|p2a: Chien-Pao|Ice Spinner|p1a: Murkrow\n|-damage|p1a: Murkrow|49\/100\n|move|p1a: Murkrow|Foul Play|p2a: Chien-Pao\n|-resisted|p2a: Chien-Pao\n|-crit|p2a: Chien-Pao\n|-damage|p2a: Chien-Pao|0 fnt\n|faint|p2a: Chien-Pao\n|move|p1b: Gholdengo|Make It Rain|p2b: Arcanine\n|-resisted|p2b: Arcanine\n|-damage|p2b: Arcanine|70\/100\n|-unboost|p1b: Gholdengo|spa|1\n|move|p2b: Arcanine|Flare Blitz|p1b: Gholdengo\n|-supereffective|p1b: Gholdengo\n|-damage|p1b: Gholdengo|0 fnt\n|faint|p1b: Gholdengo\n|-damage|p2b: Arcanine|68\/100|[from] Recoil\n|\n|upkeep\n|\n|t:|1682860479\n|switch|p2a: Gholdengo|Gholdengo, L50|100\/100\n|switch|p1b: Chi-Yu|Chi-Yu, L50|100\/100\n|-ability|p1b: Chi-Yu|Beads of Ruin\n|turn|4\n|l| RandomWP\n|l| Drlawyer\n|j| RandomWP\n|j| potion greninja\n|\n|t:|1682860566\n|-terastallize|p2a: Gholdengo|Water\n|move|p2b: Arcanine|Extreme Speed|p1b: Chi-Yu\n|-damage|p1b: Chi-Yu|64\/100\n|move|p1b: Chi-Yu|Dark Pulse|p2b: Arcanine\n|-damage|p2b: Arcanine|5\/100\n|move|p1a: Murkrow|Foul Play|p2b: Arcanine\n|-damage|p2b: Arcanine|0 fnt\n|faint|p2b: Arcanine\n|move|p2a: Gholdengo|Make It Rain|p1a: Murkrow|[spread] p1a,p1b\n|-resisted|p1b: Chi-Yu\n|-damage|p1a: Murkrow|0 fnt\n|-damage|p1b: Chi-Yu|37\/100\n|-unboost|p2a: Gholdengo|spa|1\n|faint|p1a: Murkrow\n|\n|-sideend|p2: DisneyLando|move: Tailwind\n|-sideend|p1: Rey9vgc|move: Tailwind\n|upkeep\n|\n|t:|1682860568\n|switch|p1a: Iron Bundle|Iron Bundle, L50|100\/100\n|-enditem|p1a: Iron Bundle|Booster Energy\n|-activate|p1a: Iron Bundle|ability: Quark Drive|[fromitem]\n|-start|p1a: Iron Bundle|quarkdrivespe\n|turn|5\n|\n|t:|1682860581\n|move|p1a: Iron Bundle|Freeze-Dry|p2a: Gholdengo\n|-supereffective|p2a: Gholdengo\n|-damage|p2a: Gholdengo|0 fnt\n|faint|p2a: Gholdengo\n|\n|win|Rey9vgc\n|l| baaaaat_\n|c|\u2606Rey9vgc|Ggs\n|c|\u2606DisneyLando|gg\n|l| gmax wave crash\n|l|\u2606DisneyLando\n|l| RandomWP\n|l| OgyZintheCorner\n|j| Finabas\n|l| rkd272\n|l| Tatsu and friends\n|l| Finabas\n","uploadtime":1682860590,"views":35,"p1id":"rey9vgc","p2id":"disneylando","formatid":"gen9vgc2023regulationc","rating":0,"private":0,"password":""}