{"id":"gen9vgc2023regulationc-1854833652","p1":"Sfousciucaouw","p2":"uka_aokai","format":"[Gen 9] VGC 2023 Regulation C","log":"|j|\u2606Sfousciucaouw\n|j|\u2606uka_aokai\n|t:|1682871397\n|gametype|doubles\n|player|p1|Sfousciucaouw|2|1733\n|player|p2|uka_aokai|266|1614\n|teamsize|p1|6\n|teamsize|p2|6\n|gen|9\n|tier|[Gen 9] VGC 2023 Regulation C\n|rated|\n|rule|Species Clause: Limit one of each Pok\u00e9mon\n|rule|Item Clause: Limit one of each item\n|clearpoke\n|poke|p1|Palafin, L50, M|\n|poke|p1|Chien-Pao, L50|\n|poke|p1|Pelipper, L50, M|\n|poke|p1|Barraskewda, L50, F|\n|poke|p1|Iron Hands, L50|\n|poke|p1|Arcanine, L50, M|\n|poke|p2|Dondozo, L50, M|\n|poke|p2|Tatsugiri, L50, M|\n|poke|p2|Ting-Lu, L50|\n|poke|p2|Chien-Pao, L50|\n|poke|p2|Dragonite, L50, M|\n|poke|p2|Annihilape, L50, M|\n|teampreview|4\n|j| Rabbihorn\n|\n|t:|1682871452\n|start\n|switch|p1a: Chien-Pao|Chien-Pao, L50|100\/100\n|switch|p1b: Palafin|Palafin, L50, M|100\/100\n|switch|p2a: Ting-Lu|Ting-Lu, L50|100\/100\n|switch|p2b: Annihilape|Annihilape, L50, M|100\/100\n|-ability|p1a: Chien-Pao|Sword of Ruin\n|-ability|p2a: Ting-Lu|Vessel of Ruin\n|turn|1\n|\n|t:|1682871510\n|detailschange|p1b: Palafin|Palafin-Hero, L50, M\n|switch|p1b: Pelipper|Pelipper, L50, M|100\/100\n|-weather|RainDance|[from] ability: Drizzle|[of] p1b: Pelipper\n|move|p1a: Chien-Pao|Protect|p1a: Chien-Pao\n|-singleturn|p1a: Chien-Pao|Protect\n|move|p2b: Annihilape|Drain Punch|p1b: Pelipper\n|-resisted|p1b: Pelipper\n|-damage|p1b: Pelipper|63\/100\n|move|p2a: Ting-Lu|Rock Slide|p1a: Chien-Pao|[spread] p1b\n|-activate|p1a: Chien-Pao|move: Protect\n|-supereffective|p1b: Pelipper\n|-damage|p1b: Pelipper|0 fnt\n|faint|p1b: Pelipper\n|\n|-weather|RainDance|[upkeep]\n|upkeep\n|\n|t:|1682871527\n|switch|p1b: Palafin|Palafin-Hero, L50, M|100\/100\n|-activate|p1b: Palafin|ability: Zero to Hero\n|turn|2\n|\n|t:|1682871564\n|-terastallize|p1a: Chien-Pao|Ghost\n|move|p1a: Chien-Pao|Ice Spinner|p2a: Ting-Lu\n|-supereffective|p2a: Ting-Lu\n|-damage|p2a: Ting-Lu|18\/100\n|-damage|p1a: Chien-Pao|91\/100|[from] item: Life Orb\n|move|p1b: Palafin|Wave Crash|p2b: Annihilape\n|-damage|p2b: Annihilape|0 fnt\n|faint|p2b: Annihilape\n|-damage|p1b: Palafin|62\/100|[from] Recoil\n|move|p2a: Ting-Lu|Rock Slide|p1a: Chien-Pao|[spread] p1a,p1b\n|-damage|p1a: Chien-Pao|63\/100\n|-damage|p1b: Palafin|36\/100\n|\n|-weather|RainDance|[upkeep]\n|upkeep\n|\n|t:|1682871585\n|switch|p2b: Chien-Pao|Chien-Pao, L50|100\/100\n|-ability|p2b: Chien-Pao|Sword of Ruin\n|turn|3\n|\n|t:|1682871595\n|switch|p1b: Iron Hands|Iron Hands, L50|100\/100\n|move|p2b: Chien-Pao|Protect|p2b: Chien-Pao\n|-singleturn|p2b: Chien-Pao|Protect\n|move|p1a: Chien-Pao|Protect|p1a: Chien-Pao\n|-singleturn|p1a: Chien-Pao|Protect\n|move|p2a: Ting-Lu|Earthquake|p1b: Iron Hands|[spread] p1b\n|-activate|p2b: Chien-Pao|move: Protect\n|-activate|p1a: Chien-Pao|move: Protect\n|-supereffective|p1b: Iron Hands\n|-damage|p1b: Iron Hands|19\/100\n|\n|-weather|RainDance|[upkeep]\n|upkeep\n|turn|4\n|\n|t:|1682871641\n|-terastallize|p2b: Chien-Pao|Ghost\n|move|p1b: Iron Hands|Fake Out|p2b: Chien-Pao\n|-immune|p2b: Chien-Pao\n|move|p2b: Chien-Pao|Ice Spinner|p1b: Iron Hands\n|-damage|p1b: Iron Hands|0 fnt\n|faint|p1b: Iron Hands\n|-end|p1b: Iron Hands|Quark Drive|[silent]\n|move|p1a: Chien-Pao|Sacred Sword|p2a: Ting-Lu\n|-supereffective|p2a: Ting-Lu\n|-damage|p2a: Ting-Lu|0 fnt\n|faint|p2a: Ting-Lu\n|-damage|p1a: Chien-Pao|53\/100|[from] item: Life Orb\n|\n|-weather|RainDance|[upkeep]\n|upkeep\n|\n|t:|1682871657\n|switch|p1b: Palafin|Palafin-Hero, L50, M|36\/100\n|switch|p2a: Dragonite|Dragonite, L50, M|100\/100\n|turn|5\n|j| NaughtyGirl-chan\n|\n|t:|1682871708\n|move|p2b: Chien-Pao|Sucker Punch|p1b: Palafin\n|-damage|p1b: Palafin|0 fnt\n|faint|p1b: Palafin\n|move|p1a: Chien-Pao|Ice Spinner|p2a: Dragonite\n|-supereffective|p2a: Dragonite\n|-damage|p2a: Dragonite|0 fnt\n|faint|p2a: Dragonite\n|-damage|p1a: Chien-Pao|44\/100|[from] item: Life Orb\n|\n|-weather|RainDance|[upkeep]\n|upkeep\n|turn|6\n|\n|t:|1682871723\n|move|p2b: Chien-Pao|Ice Spinner|p1a: Chien-Pao\n|-crit|p1a: Chien-Pao\n|-damage|p1a: Chien-Pao|0 fnt\n|faint|p1a: Chien-Pao\n|\n|win|uka_aokai\n|raw|Sfousciucaouw's rating: 1733 → 1706<\/strong> (-27 for losing)\n|raw|uka_aokai's rating: 1614 → 1641<\/strong> (+27 for winning)\n|l|\u2606Sfousciucaouw\n|l|\u2606uka_aokai\n","uploadtime":1682871734,"views":14,"p1id":"sfousciucaouw","p2id":"ukaaokai","formatid":"gen9vgc2023regulationc","rating":1641,"private":0,"password":""}