{"id":"gen9vgc2023regulationc-1847826847","p1":"dreamswgh","p2":"Wasdosaur","format":"[Gen 9] VGC 2023 Regulation C","log":"|j|\u2606dreamswgh\n|j|\u2606Wasdosaur\n|t:|1682005189\n|gametype|doubles\n|player|p1|dreamswgh|nate|1357\n|player|p2|Wasdosaur|265|1275\n|teamsize|p1|6\n|teamsize|p2|6\n|gen|9\n|tier|[Gen 9] VGC 2023 Regulation C\n|rated|\n|rule|Species Clause: Limit one of each Pok\u00e9mon\n|rule|Item Clause: Limit one of each item\n|clearpoke\n|poke|p1|Torkoal, L50, M|\n|poke|p1|Flutter Mane, L50|\n|poke|p1|Indeedee-F, L50, F|\n|poke|p1|Hatterene, L50, F|\n|poke|p1|Corviknight, L50, F|\n|poke|p1|Mudsdale, L50, M|\n|poke|p2|Baxcalibur, L50, F|\n|poke|p2|Armarouge, L50, M|\n|poke|p2|Indeedee-F, L50, F|\n|poke|p2|Ting-Lu, L50|\n|poke|p2|Talonflame, L50, F|\n|poke|p2|Iron Hands, L50|\n|teampreview|4\n|inactive|Battle timer is ON: inactive players will automatically lose when time's up. (requested by Wasdosaur)\n|inactive|dreamswgh has 60 seconds left.\n|inactive|dreamswgh has 30 seconds left.\n|\n|t:|1682005251\n|start\n|switch|p1a: Okalahoma|Corviknight, L50, F|100\/100\n|switch|p1b: Utah|Flutter Mane, L50|100\/100\n|switch|p2a: Baxcalibur|Baxcalibur, L50, F|100\/100\n|switch|p2b: Iron Hands|Iron Hands, L50|100\/100\n|turn|1\n|inactive|dreamswgh has 30 seconds left.\n|\n|t:|1682005278\n|switch|p1a: Nevada|Indeedee-F, L50, F|100\/100\n|-fieldstart|move: Psychic Terrain|[from] ability: Psychic Surge|[of] p1a: Nevada\n|-enditem|p1a: Nevada|Psychic Seed\n|-boost|p1a: Nevada|spd|1|[from] item: Psychic Seed\n|-terastallize|p2a: Baxcalibur|Flying\n|move|p2b: Iron Hands|Fake Out|p1a: Nevada\n|-activate|p1a: Nevada|move: Psychic Terrain\n|move|p1b: Utah|Substitute|p1b: Utah\n|-start|p1b: Utah|Substitute\n|-damage|p1b: Utah|76\/100\n|move|p2a: Baxcalibur|Icicle Spear|p1b: Utah\n|-activate|p1b: Utah|move: Substitute|[damage]\n|-end|p1b: Utah|Substitute\n|-crit|p1b: Utah\n|-damage|p1b: Utah|39\/100\n|-enditem|p1b: Utah|Sitrus Berry|[eat]\n|-heal|p1b: Utah|64\/100|[from] item: Sitrus Berry\n|-damage|p1b: Utah|42\/100\n|-hitcount|p1b: Utah|4\n|\n|upkeep\n|turn|2\n|inactive|dreamswgh has 30 seconds left.\n|inactive|Wasdosaur has 30 seconds left.\n|inactive|dreamswgh has 20 seconds left.\n|inactive|Wasdosaur has 20 seconds left.\n|\n|t:|1682005315\n|-terastallize|p1b: Utah|Fairy\n|move|p1a: Nevada|Helping Hand|p1b: Utah\n|-singleturn|p1b: Utah|Helping Hand|[of] p1a: Nevada\n|move|p1b: Utah|Dazzling Gleam|p2a: Baxcalibur|[spread] p2a,p2b\n|-supereffective|p2b: Iron Hands\n|-damage|p2a: Baxcalibur|47\/100\n|-damage|p2b: Iron Hands|0 fnt\n|faint|p2b: Iron Hands\n|-end|p2b: Iron Hands|Quark Drive|[silent]\n|move|p2a: Baxcalibur|Icicle Spear|p1b: Utah\n|-damage|p1b: Utah|19\/100\n|-damage|p1b: Utah|0 fnt\n|faint|p1b: Utah\n|-end|p1b: Utah|Protosynthesis|[silent]\n|-hitcount|p1: Utah|2\n|\n|upkeep\n|\n|t:|1682005328\n|switch|p1b: New Mexico|Hatterene, L50, F|100\/100\n|switch|p2b: Ting-Lu|Ting-Lu, L50|100\/100\n|-ability|p2b: Ting-Lu|Vessel of Ruin\n|turn|3\n|\n|t:|1682005337\n|move|p1a: Nevada|Follow Me|p1a: Nevada\n|-singleturn|p1a: Nevada|move: Follow Me\n|move|p2a: Baxcalibur|Icicle Spear|p1a: Nevada\n|-damage|p1a: Nevada|87\/100\n|-damage|p1a: Nevada|75\/100\n|-damage|p1a: Nevada|63\/100\n|-damage|p1a: Nevada|50\/100\n|-damage|p1a: Nevada|38\/100\n|-hitcount|p1a: Nevada|5\n|move|p2b: Ting-Lu|Earthquake|p1b: New Mexico|[spread] p1a,p1b\n|-immune|p2a: Baxcalibur\n|-damage|p1a: Nevada|5\/100\n|-damage|p1b: New Mexico|57\/100\n|move|p1b: New Mexico|Trick Room|p1b: New Mexico\n|-fieldstart|move: Trick Room|[of] p1b: New Mexico\n|\n|upkeep\n|turn|4\n|\n|t:|1682005362\n|switch|p2a: Armarouge|Armarouge, L50, M|100\/100\n|move|p1a: Nevada|Helping Hand|p1b: New Mexico\n|-singleturn|p1b: New Mexico|Helping Hand|[of] p1a: Nevada\n|move|p1b: New Mexico|Dazzling Gleam|p2b: Ting-Lu|[spread] p2a,p2b\n|-resisted|p2a: Armarouge\n|-supereffective|p2b: Ting-Lu\n|-damage|p2a: Armarouge|75\/100\n|-damage|p2b: Ting-Lu|41\/100\n|-damage|p1b: New Mexico|48\/100|[from] item: Life Orb\n|move|p2b: Ting-Lu|Rock Slide|p1a: Nevada|[spread] p1b\n|-miss|p2b: Ting-Lu|p1a: Nevada\n|-damage|p1b: New Mexico|26\/100\n|\n|upkeep\n|turn|5\n|\n|t:|1682005386\n|move|p1a: Nevada|Helping Hand|p1b: New Mexico\n|-singleturn|p1b: New Mexico|Helping Hand|[of] p1a: Nevada\n|move|p1b: New Mexico|Dazzling Gleam|p2a: Armarouge|[spread] p2a,p2b\n|-resisted|p2a: Armarouge\n|-supereffective|p2b: Ting-Lu\n|-damage|p2a: Armarouge|48\/100\n|-damage|p2b: Ting-Lu|0 fnt\n|faint|p2b: Ting-Lu\n|-damage|p1b: New Mexico|17\/100|[from] item: Life Orb\n|move|p2a: Armarouge|Expanding Force|p1a: Nevada|[spread] p1a,p1b\n|-resisted|p1a: Nevada\n|-resisted|p1b: New Mexico\n|-damage|p1a: Nevada|0 fnt\n|-damage|p1b: New Mexico|0 fnt\n|faint|p1a: Nevada\n|faint|p1b: New Mexico\n|-damage|p2a: Armarouge|38\/100|[from] item: Life Orb\n|\n|-fieldend|move: Psychic Terrain\n|upkeep\n|\n|t:|1682005400\n|switch|p1b: Okalahoma|Corviknight, L50, F|100\/100\n|switch|p2b: Baxcalibur|Baxcalibur, L50, F, tera:Flying|47\/100\n|turn|6\n|\n|t:|1682005416\n|move|p1b: Okalahoma|Brave Bird|p2a: Armarouge\n|-damage|p2a: Armarouge|0 fnt\n|faint|p2a: Armarouge\n|-damage|p1b: Okalahoma|88\/100|[from] Recoil\n|move|p2b: Baxcalibur|Icicle Spear|p1b: Okalahoma\n|-damage|p1b: Okalahoma|78\/100\n|-damage|p1b: Okalahoma|66\/100\n|-damage|p1b: Okalahoma|55\/100\n|-damage|p1b: Okalahoma|44\/100\n|-damage|p1b: Okalahoma|31\/100\n|-hitcount|p1b: Okalahoma|5\n|\n|upkeep\n|turn|7\n|c|\u2606dreamswgh|ggwp\n|\n|t:|1682005428\n|move|p1b: Okalahoma|Brave Bird|p2b: Baxcalibur\n|-damage|p2b: Baxcalibur|0 fnt\n|faint|p2b: Baxcalibur\n|-damage|p1b: Okalahoma|15\/100|[from] Recoil\n|\n|win|dreamswgh\n|raw|dreamswgh's rating: 1357 → 1372<\/strong> (+15 for winning)\n|raw|Wasdosaur's rating: 1275 → 1256<\/strong> (-19 for losing)\n|c|\u2606Wasdosaur|Gg\n","uploadtime":1682005435,"views":9,"p1id":"dreamswgh","p2id":"wasdosaur","formatid":"gen9vgc2023regulationc","rating":1256,"private":0,"password":""}