{"id":"gen9vgc2023regulationc-1847139393","p1":"Sadkeum","p2":"HanmpleatoningNow","format":"[Gen 9] VGC 2023 Regulation C","log":"|j|\u2606Sadkeum\n|j|\u2606HanmpleatoningNow\n|t:|1681922298\n|gametype|doubles\n|player|p1|Sadkeum|169|1109\n|player|p2|HanmpleatoningNow|170|1000\n|teamsize|p1|6\n|teamsize|p2|6\n|gen|9\n|tier|[Gen 9] VGC 2023 Regulation C\n|rated|\n|rule|Species Clause: Limit one of each Pok\u00e9mon\n|rule|Item Clause: Limit one of each item\n|clearpoke\n|poke|p1|Maushold-Four, L50|\n|poke|p1|Roaring Moon, L50|\n|poke|p1|Arcanine, L50, F|\n|poke|p1|Meowscarada, L50, M|\n|poke|p1|Chien-Pao, L50|\n|poke|p1|Flutter Mane, L50|\n|poke|p2|Sableye, L50, M|\n|poke|p2|Ting-Lu, L50|\n|poke|p2|Lycanroc-Midnight, L50, M|\n|poke|p2|Amoonguss, L50, M|\n|poke|p2|Gothitelle, L50, M|\n|poke|p2|Annihilape, L50, M|\n|teampreview|4\n|inactive|Battle timer is ON: inactive players will automatically lose when time's up. (requested by HanmpleatoningNow)\nSadkeum has agreed to open team sheets.\n|inactive|Sadkeum has 60 seconds left.\n|\n|t:|1681922334\n|start\n|switch|p1a: Maushold|Maushold-Four, L50|100\/100\n|switch|p1b: Meowscarada|Meowscarada, L50, M|100\/100\n|switch|p2a: Sableye|Sableye, L50, M, shiny|100\/100\n|switch|p2b: Annihilape|Annihilape, L50, M, shiny|100\/100\n|turn|1\n|inactive|Sadkeum has 30 seconds left.\n|\n|t:|1681922366\n|move|p1a: Maushold|Follow Me|p1a: Maushold\n|-singleturn|p1a: Maushold|move: Follow Me\n|move|p2a: Sableye|Will-O-Wisp|p1a: Maushold\n|-status|p1a: Maushold|brn\n|move|p2b: Annihilape|Drain Punch|p1a: Maushold\n|-supereffective|p1a: Maushold\n|-damage|p1a: Maushold|0 fnt\n|faint|p1a: Maushold\n|move|p1b: Meowscarada|U-turn|p2a: Sableye\n|-start|p1b: Meowscarada|typechange|Bug|[from] ability: Protean\n|-damage|p2a: Sableye|37\/100\n|\n|t:|1681922379\n|switch|p1b: Flutter Mane|Flutter Mane, L50|100\/100|[from] U-turn\n|\n|upkeep\n|\n|t:|1681922385\n|switch|p1a: Chien-Pao|Chien-Pao, L50|100\/100\n|-ability|p1a: Chien-Pao|Sword of Ruin\n|turn|2\n|\n|t:|1681922406\n|-terastallize|p2a: Sableye|Steel\n|move|p1a: Chien-Pao|Protect|p1a: Chien-Pao\n|-singleturn|p1a: Chien-Pao|Protect\n|move|p2a: Sableye|Will-O-Wisp|p1a: Chien-Pao\n|-activate|p1a: Chien-Pao|move: Protect\n|move|p2b: Annihilape|Drain Punch|p1a: Chien-Pao\n|-activate|p1a: Chien-Pao|move: Protect\n|move|p1b: Flutter Mane|Moonblast|p2a: Sableye\n|-resisted|p2a: Sableye\n|-damage|p2a: Sableye|0 fnt\n|faint|p2a: Sableye\n|\n|upkeep\n|\n|t:|1681922422\n|switch|p2a: Ting-Lu|Ting-Lu, L50|100\/100\n|-ability|p2a: Ting-Lu|Vessel of Ruin\n|turn|3\n|\n|t:|1681922432\n|move|p1a: Chien-Pao|Sucker Punch|p2b: Annihilape\n|-damage|p2b: Annihilape|43\/100\n|move|p2b: Annihilape|Drain Punch|p1a: Chien-Pao\n|-supereffective|p1a: Chien-Pao\n|-enditem|p1a: Chien-Pao|Focus Sash\n|-damage|p1a: Chien-Pao|1\/100\n|-heal|p2b: Annihilape|85\/100|[from] drain|[of] p1a: Chien-Pao\n|move|p1b: Flutter Mane|Moonblast|p2b: Annihilape\n|-supereffective|p2b: Annihilape\n|-damage|p2b: Annihilape|0 fnt\n|faint|p2b: Annihilape\n|move|p2a: Ting-Lu|Fissure|p1b: Flutter Mane|[miss]\n|-miss|p2a: Ting-Lu|p1b: Flutter Mane\n|\n|upkeep\n|\n|t:|1681922448\n|switch|p2b: Lycanroc|Lycanroc-Midnight, L50, M, shiny|100\/100\n|turn|4\n|\n|t:|1681922465\n|move|p1a: Chien-Pao|Protect|p1a: Chien-Pao\n|-singleturn|p1a: Chien-Pao|Protect\n|move|p1b: Flutter Mane|Moonblast|p2a: Ting-Lu\n|-supereffective|p2a: Ting-Lu\n|-damage|p2a: Ting-Lu|4\/100\n|move|p2b: Lycanroc|Close Combat|p1a: Chien-Pao\n|-activate|p1a: Chien-Pao|move: Protect\n|move|p2a: Ting-Lu|Stomping Tantrum|p1b: Flutter Mane\n|-damage|p1b: Flutter Mane|0 fnt\n|faint|p1b: Flutter Mane\n|-end|p1b: Flutter Mane|Protosynthesis|[silent]\n|\n|upkeep\n|\n|t:|1681922481\n|switch|p1b: Meowscarada|Meowscarada, L50, M|100\/100\n|turn|5\n|\n|t:|1681922498\n|move|p1a: Chien-Pao|Sucker Punch||[still]\n|-fail|p1a: Chien-Pao\n|move|p1b: Meowscarada|Flower Trick|p2b: Lycanroc\n|-start|p1b: Meowscarada|typechange|Grass|[from] ability: Protean\n|-supereffective|p2b: Lycanroc\n|-crit|p2b: Lycanroc\n|-enditem|p2b: Lycanroc|Focus Sash\n|-damage|p2b: Lycanroc|1\/100\n|move|p2b: Lycanroc|Endeavor|p1b: Meowscarada\n|-damage|p1b: Meowscarada|1\/100\n|move|p2a: Ting-Lu|Rest|p2a: Ting-Lu\n|-status|p2a: Ting-Lu|slp|[from] move: Rest\n|-heal|p2a: Ting-Lu|100\/100 slp|[silent]\n|-enditem|p2a: Ting-Lu|Chesto Berry|[eat]\n|-curestatus|p2a: Ting-Lu|slp|[msg]\n|\n|upkeep\n|turn|6\n|inactive|Sadkeum has 30 seconds left.\n|\n|t:|1681922528\n|-terastallize|p1a: Chien-Pao|Ghost\n|move|p1a: Chien-Pao|Sucker Punch|p2b: Lycanroc\n|-damage|p2b: Lycanroc|0 fnt\n|faint|p2b: Lycanroc\n|move|p1b: Meowscarada|Flower Trick|p2a: Ting-Lu\n|-supereffective|p2a: Ting-Lu\n|-crit|p2a: Ting-Lu\n|-damage|p2a: Ting-Lu|13\/100\n|move|p2a: Ting-Lu|Stomping Tantrum|p1a: Chien-Pao\n|-damage|p1a: Chien-Pao|0 fnt\n|faint|p1a: Chien-Pao\n|\n|upkeep\n|turn|7\n|\n|t:|1681922547\n|move|p1b: Meowscarada|Flower Trick|p2a: Ting-Lu\n|-supereffective|p2a: Ting-Lu\n|-crit|p2a: Ting-Lu\n|-damage|p2a: Ting-Lu|0 fnt\n|faint|p2a: Ting-Lu\n|\n|win|Sadkeum\n|raw|Sadkeum's rating: 1109 → 1126<\/strong> (+17 for winning)\n|raw|HanmpleatoningNow's rating: 1000 → 1000<\/strong> (+0 for losing)\n","uploadtime":1681922556,"views":12,"p1id":"sadkeum","p2id":"hanmpleatoningnow","formatid":"gen9vgc2023regulationc","rating":1000,"private":0,"password":""}