{"id":"gen9vgc2023regulationc-1849686936","p1":"Wottl3y","p2":"SurpriseAttacks","format":"[Gen 9] VGC 2023 Regulation C","log":"|j|\u2606Wottl3y\n|j|\u2606SurpriseAttacks\n|t:|1682232377\n|gametype|doubles\n|player|p1|Wottl3y|cynthia|\n|player|p2|SurpriseAttacks|gentleman-gen4|\n|teamsize|p1|6\n|teamsize|p2|6\n|gen|9\n|tier|[Gen 9] VGC 2023 Regulation C\n|rated|Tournament battle\n|rule|Species Clause: Limit one of each Pok\u00e9mon\n|rule|Item Clause: Limit one of each item\n|clearpoke\n|poke|p1|Iron Hands, L50|\n|poke|p1|Orthworm, L50, F|\n|poke|p1|Azumarill, L50, F|\n|poke|p1|Volcarona, L50, F|\n|poke|p1|Ting-Lu, L50|\n|poke|p1|Scream Tail, L50|\n|poke|p2|Gholdengo, L50|\n|poke|p2|Talonflame, L50, M|\n|poke|p2|Glimmora, L50, M|\n|poke|p2|Dondozo, L50, M|\n|poke|p2|Tatsugiri, L50, F|\n|poke|p2|Breloom, L50, F|\n|teampreview|4\n|raw| Open Team Sheet for Wottl3y<\/summary>Iron Hands @ Safety Goggles Ability: Quark Drive Level: 50 Shiny: Yes Tera Type: Fire - Fake Out - Drain Punch - Thunder Punch - Swords Dance Orthworm @ Leftovers Ability: Earth Eater Level: 50 Shiny: Yes Tera Type: Fire - Protect - Shed Tail - Heavy Slam - Body Press Azumarill @ Sitrus Berry Ability: Huge Power Level: 50 Shiny: Yes Tera Type: Water - Protect - Belly Drum - Aqua Jet - Play Rough Volcarona @ Rocky Helmet Ability: Flame Body Level: 50 Shiny: Yes Tera Type: Grass - Protect - Rage Powder - Quiver Dance - Heat Wave Ting-Lu @ Assault Vest Ability: Vessel of Ruin Level: 50 Tera Type: Grass - Stomping Tantrum - Heavy Slam - Ruination - Earthquake Scream Tail @ Mental Herb Ability: Protosynthesis Level: 50 Tera Type: Water - Protect - Trick Room - Encore - Dazzling Gleam <\/details><\/div> Open Team Sheet for SurpriseAttacks<\/summary>Gholdengo @ Metal Coat Ability: Good as Gold Level: 50 Tera Type: Steel - Make It Rain - Hex - Nasty Plot - Protect Talonflame (M) @ Safety Goggles Ability: Gale Wings Level: 50 Tera Type: Ghost - Brave Bird - Tailwind - Quick Guard - Will-O-Wisp Glimmora @ Assault Vest Ability: Corrosion Level: 50 Tera Type: Grass - Power Gem - Venoshock - Earth Power - Mortal Spin Dondozo (M) @ Leftovers Ability: Unaware Level: 50 Tera Type: Grass - Order Up - Tera Blast - Earthquake - Substitute Tatsugiri @ Choice Scarf Ability: Commander Level: 50 Tera Type: Water - Muddy Water - Draco Meteor - Icy Wind - Soak Breloom @ Focus Sash Ability: Technician Level: 50 Tera Type: Rock - Bullet Seed - Mach Punch - Spore - Protect <\/details><\/div>\n|\n|t:|1682232428\n|start\n|switch|p1a: Scream Tail|Scream Tail, L50|100\/100\n|switch|p1b: Iron Hands|Iron Hands, L50, shiny|100\/100\n|switch|p2a: Gholdengo|Gholdengo, L50|100\/100\n|switch|p2b: Dondozo|Dondozo, L50, M|100\/100\n|turn|1\n|\n|t:|1682232440\n|move|p1b: Iron Hands|Fake Out|p2b: Dondozo\n|-damage|p2b: Dondozo|89\/100\n|move|p2a: Gholdengo|Nasty Plot|p2a: Gholdengo\n|-boost|p2a: Gholdengo|spa|2\n|cant|p2b: Dondozo|flinch\n|move|p1a: Scream Tail|Trick Room|p1a: Scream Tail\n|-fieldstart|move: Trick Room|[of] p1a: Scream Tail\n|\n|-heal|p2b: Dondozo|95\/100|[from] item: Leftovers\n|upkeep\n|turn|2\n|\n|t:|1682232481\n|-end|p1a: Scream Tail|Protosynthesis|[silent]\n|switch|p1a: Ting-Lu|Ting-Lu, L50|100\/100\n|-ability|p1a: Ting-Lu|Vessel of Ruin\n|-terastallize|p2b: Dondozo|Grass\n|move|p1b: Iron Hands|Swords Dance|p1b: Iron Hands\n|-boost|p1b: Iron Hands|atk|2\n|move|p2b: Dondozo|Substitute|p2b: Dondozo\n|-start|p2b: Dondozo|Substitute\n|-damage|p2b: Dondozo|70\/100\n|move|p2a: Gholdengo|Make It Rain|p1a: Ting-Lu|[spread] p1a,p1b\n|-resisted|p1b: Iron Hands\n|-damage|p1a: Ting-Lu|62\/100\n|-damage|p1b: Iron Hands|66\/100\n|-unboost|p2a: Gholdengo|spa|1\n|\n|-heal|p2b: Dondozo|76\/100|[from] item: Leftovers\n|upkeep\n|turn|3\n|\n|t:|1682232517\n|move|p2a: Gholdengo|Protect|p2a: Gholdengo\n|-singleturn|p2a: Gholdengo|Protect\n|move|p1a: Ting-Lu|Heavy Slam|p2b: Dondozo\n|-activate|p2b: Dondozo|move: Substitute|[damage]\n|move|p1b: Iron Hands|Drain Punch|p2b: Dondozo\n|-end|p2b: Dondozo|Substitute\n|-heal|p1b: Iron Hands|70\/100|[from] drain|[of] p2b: Dondozo\n|move|p2b: Dondozo|Tera Blast|p1a: Ting-Lu\n|-supereffective|p1a: Ting-Lu\n|-damage|p1a: Ting-Lu|20\/100\n|\n|-heal|p2b: Dondozo|82\/100|[from] item: Leftovers\n|upkeep\n|turn|4\n|\n|t:|1682232535\n|switch|p2a: Tatsugiri|Tatsugiri, L50, F|100\/100\n|-activate|p2a: Tatsugiri|ability: Commander|[of] p2b: Dondozo\n|-boost|p2b: Dondozo|atk|2\n|-boost|p2b: Dondozo|spa|2\n|-boost|p2b: Dondozo|spe|2\n|-boost|p2b: Dondozo|def|2\n|-boost|p2b: Dondozo|spd|2\n|move|p1a: Ting-Lu|Stomping Tantrum|p2a: Tatsugiri|[miss]\n|-miss|p1a: Ting-Lu|p2a: Tatsugiri\n|move|p1b: Iron Hands|Drain Punch|p2b: Dondozo\n|-damage|p2b: Dondozo|66\/100\n|-heal|p1b: Iron Hands|78\/100|[from] drain|[of] p2b: Dondozo\n|move|p2b: Dondozo|Earthquake|p1b: Iron Hands|[spread] p1a,p1b\n|-miss|p2b: Dondozo|p2a: Tatsugiri\n|-supereffective|p1b: Iron Hands\n|-damage|p1a: Ting-Lu|0 fnt\n|-damage|p1b: Iron Hands|17\/100\n|faint|p1a: Ting-Lu\n|\n|-heal|p2b: Dondozo|72\/100|[from] item: Leftovers\n|upkeep\n|\n|t:|1682232556\n|switch|p1a: Scream Tail|Scream Tail, L50|100\/100\n|turn|5\n|\n|t:|1682232568\n|-end|p1b: Iron Hands|Quark Drive|[silent]\n|switch|p1b: Orthworm|Orthworm, L50, F, shiny|100\/100\n|move|p1a: Scream Tail|Encore|p2b: Dondozo\n|-start|p2b: Dondozo|Encore\n|move|p2b: Dondozo|Earthquake|p1a: Scream Tail|[spread] p1a\n|-miss|p2b: Dondozo|p2a: Tatsugiri\n|-immune|p1b: Orthworm|[from] ability: Earth Eater\n|-crit|p1a: Scream Tail\n|-damage|p1a: Scream Tail|65\/100\n|\n|-heal|p2b: Dondozo|78\/100|[from] item: Leftovers\n|-fieldend|move: Trick Room\n|upkeep\n|turn|6\n|inactive|Battle timer is ON: inactive players will automatically lose when time's up. (requested by SurpriseAttacks)\n|\n|t:|1682232605\n|move|p1a: Scream Tail|Protect|p1a: Scream Tail\n|-singleturn|p1a: Scream Tail|Protect\n|move|p2b: Dondozo|Earthquake|p1a: Scream Tail|[spread] \n|-miss|p2b: Dondozo|p2a: Tatsugiri\n|-activate|p1a: Scream Tail|move: Protect\n|-immune|p1b: Orthworm|[from] ability: Earth Eater\n|move|p1b: Orthworm|Body Press|p2b: Dondozo\n|-damage|p2b: Dondozo|69\/100\n|\n|-heal|p2b: Dondozo|75\/100|[from] item: Leftovers\n|upkeep\n|turn|7\n|c|\u2606Wottl3y|i need burn\n|c|\u2606Wottl3y|i'll add will o wisp to volc for next time\n|c|\u2606Wottl3y|gg\n|j| Tempest brute\n|inactive|Wottl3y has 30 seconds left.\n|-message|Wottl3y forfeited.\n|\n|win|SurpriseAttacks\n|n|\u2606Wottl3y|wottl3y\n|n|\u2606SurpriseAttacks|surpriseattacks\n|n| Tempest brute|tempestbrute\n|l|\u2606Wottl3y\n","uploadtime":1682232652,"views":10,"p1id":"wottl3y","p2id":"surpriseattacks","formatid":"gen9vgc2023regulationc","rating":0,"private":0,"password":""}