{"id":"gen9vgc2023regulationc-1849417493","p1":"marioman6444","p2":"FunnyGuyAlert","format":"[Gen 9] VGC 2023 Regulation C","log":"|j|\u2606marioman6444\n|j|\u2606FunnyGuyAlert\n|t:|1682196165\n|gametype|doubles\n|player|p1|marioman6444|hoopster|1154\n|player|p2|FunnyGuyAlert|skyla|1052\n|teamsize|p1|6\n|teamsize|p2|6\n|gen|9\n|tier|[Gen 9] VGC 2023 Regulation C\n|rated|\n|rule|Species Clause: Limit one of each Pok\u00e9mon\n|rule|Item Clause: Limit one of each item\n|clearpoke\n|poke|p1|Murkrow, L50, F|\n|poke|p1|Tsareena, L50, F|\n|poke|p1|Flutter Mane, L50|\n|poke|p1|Roaring Moon, L50|\n|poke|p1|Ting-Lu, L50|\n|poke|p1|Arcanine, L50, F|\n|poke|p2|Klefki, L50, F|\n|poke|p2|Roaring Moon, L50|\n|poke|p2|Flutter Mane, L50|\n|poke|p2|Skeledirge, L50, F|\n|poke|p2|Scovillain, L50, F|\n|poke|p2|Hariyama, L50, M|\n|teampreview|4\n|inactive|Battle timer is ON: inactive players will automatically lose when time's up. (requested by marioman6444)\n|inactive|marioman6444 has 60 seconds left.\n|\n|t:|1682196219\n|start\n|switch|p1a: Arcanine|Arcanine, L50, F|100\/100\n|switch|p1b: Knight|Ting-Lu, L50|100\/100\n|switch|p2a: lock your doors|Klefki, L50, F, shiny|100\/100\n|switch|p2b: Scovillain|Scovillain, L50, F|100\/100\n|-ability|p1a: Arcanine|Intimidate|boost\n|-unboost|p2a: lock your doors|atk|1\n|-unboost|p2b: Scovillain|atk|1\n|-ability|p1b: Knight|Vessel of Ruin\n|turn|1\n|inactive|FunnyGuyAlert has 30 seconds left.\n|\n|t:|1682196244\n|move|p2a: lock your doors|Thunder Wave|p1a: Arcanine\n|-status|p1a: Arcanine|par\n|move|p2b: Scovillain|Fire Fang|p1b: Knight\n|-damage|p1b: Knight|93\/100\n|move|p1a: Arcanine|Snarl|p2b: Scovillain|[spread] p2a,p2b\n|-resisted|p2a: lock your doors\n|-damage|p2a: lock your doors|97\/100\n|-damage|p2b: Scovillain|92\/100\n|-unboost|p2a: lock your doors|spa|1\n|-unboost|p2b: Scovillain|spa|1\n|move|p1b: Knight|Stealth Rock|p2b: Scovillain\n|-sidestart|p2: FunnyGuyAlert|move: Stealth Rock\n|\n|-heal|p2b: Scovillain|98\/100|[from] item: Leftovers\n|-ability|p2b: Scovillain|Moody|boost\n|-boost|p2b: Scovillain|def|2\n|-unboost|p2b: Scovillain|spd|1\n|upkeep\n|turn|2\n|inactive|marioman6444 has 30 seconds left.\n|inactive|FunnyGuyAlert has 30 seconds left.\n|\n|t:|1682196277\n|move|p2a: lock your doors|Sunny Day|p2a: lock your doors\n|-weather|SunnyDay\n|move|p2b: Scovillain|Solar Beam||[still]\n|-prepare|p2b: Scovillain|Solar Beam\n|-anim|p2b: Scovillain|Solar Beam|p1b: Knight\n|-supereffective|p1b: Knight\n|-damage|p1b: Knight|58\/100\n|-enditem|p1b: Knight|Weakness Policy\n|-boost|p1b: Knight|atk|2|[from] item: Weakness Policy\n|-boost|p1b: Knight|spa|2|[from] item: Weakness Policy\n|move|p1a: Arcanine|Flare Blitz|p2a: lock your doors\n|-supereffective|p2a: lock your doors\n|-damage|p2a: lock your doors|0 fnt\n|faint|p2a: lock your doors\n|-damage|p1a: Arcanine|71\/100 par|[from] Recoil\n|move|p1b: Knight|Stomping Tantrum|p2b: Scovillain\n|-damage|p2b: Scovillain|63\/100\n|\n|-weather|SunnyDay|[upkeep]\n|-heal|p2b: Scovillain|69\/100|[from] item: Leftovers\n|-ability|p2b: Scovillain|Moody|boost\n|-boost|p2b: Scovillain|spd|2\n|-unboost|p2b: Scovillain|spe|1\n|upkeep\n|inactive|FunnyGuyAlert has 30 seconds left.\n|\n|t:|1682196303\n|switch|p2a: Hariyama|Hariyama, L50, M|100\/100\n|-damage|p2a: Hariyama|95\/100|[from] Stealth Rock\n|turn|3\n|\n|t:|1682196318\n|switch|p1a: Queen|Tsareena, L50, F|100\/100\n|-terastallize|p1b: Knight|Poison\n|move|p2a: Hariyama|Fake Out||[still]\n|cant|p1a: Queen|ability: Queenly Majesty|Fake Out|[of] p2a: Hariyama\n|move|p1b: Knight|Ruination|p2b: Scovillain\n|-damage|p2b: Scovillain|35\/100\n|move|p2b: Scovillain|Solar Beam||[still]\n|-prepare|p2b: Scovillain|Solar Beam\n|-anim|p2b: Scovillain|Solar Beam|p1b: Knight\n|-resisted|p1b: Knight\n|-damage|p1b: Knight|49\/100\n|\n|-weather|SunnyDay|[upkeep]\n|-heal|p2b: Scovillain|41\/100|[from] item: Leftovers\n|-ability|p2b: Scovillain|Moody|boost\n|-boost|p2b: Scovillain|spa|2\n|-unboost|p2b: Scovillain|def|1\n|upkeep\n|turn|4\n|inactive|marioman6444 has 30 seconds left.\n|inactive|FunnyGuyAlert has 30 seconds left.\n|\n|t:|1682196351\n|switch|p1a: Arcanine|Arcanine, L50, F|71\/100 par\n|-ability|p1a: Arcanine|Intimidate|boost\n|-unboost|p2a: Hariyama|atk|1\n|-unboost|p2b: Scovillain|atk|1\n|switch|p2b: L|Flutter Mane, L50|100\/100\n|-damage|p2b: L|88\/100|[from] Stealth Rock\n|-activate|p2b: L|ability: Protosynthesis\n|-start|p2b: L|protosynthesisspa\n|move|p2a: Hariyama|Drain Punch|p1a: Arcanine\n|-damage|p1a: Arcanine|49\/100 par\n|-heal|p2a: Hariyama|100\/100|[from] drain|[of] p1a: Arcanine\n|move|p1b: Knight|Heavy Slam|p2b: L\n|-supereffective|p2b: L\n|-damage|p2b: L|0 fnt\n|faint|p2b: L\n|-end|p2b: L|Protosynthesis|[silent]\n|\n|-weather|SunnyDay|[upkeep]\n|upkeep\n|\n|t:|1682196372\n|switch|p2b: Scovillain|Scovillain, L50, F|41\/100\n|-damage|p2b: Scovillain|16\/100|[from] Stealth Rock\n|turn|5\n|\n|t:|1682196390\n|move|p2b: Scovillain|Helping Hand|p2a: Hariyama\n|-singleturn|p2a: Hariyama|Helping Hand|[of] p2b: Scovillain\n|cant|p1a: Arcanine|par\n|move|p2a: Hariyama|Drain Punch|p1a: Arcanine\n|-damage|p1a: Arcanine|18\/100 par\n|move|p1b: Knight|Stomping Tantrum|p2b: Scovillain\n|-damage|p2b: Scovillain|0 fnt\n|faint|p2b: Scovillain\n|\n|-weather|SunnyDay|[upkeep]\n|upkeep\n|turn|6\n|\n|t:|1682196411\n|move|p2a: Hariyama|Bullet Punch|p1b: Knight\n|-damage|p1b: Knight|45\/100\n|move|p1a: Arcanine|Howl|p1a: Arcanine|[spread] p1a,p1b\n|-boost|p1a: Arcanine|atk|1\n|-boost|p1b: Knight|atk|1\n|move|p1b: Knight|Stomping Tantrum|p2a: Hariyama\n|-damage|p2a: Hariyama|36\/100\n|\n|-weather|none\n|upkeep\n|turn|7\n|-message|FunnyGuyAlert forfeited.\n|\n|win|marioman6444\n|raw|marioman6444's rating: 1154 → 1172<\/strong> (+18 for winning)\n|raw|FunnyGuyAlert's rating: 1052 → 1039<\/strong> (-13 for losing)\n|l|\u2606FunnyGuyAlert\n|c|\u2606marioman6444|Gg\n","uploadtime":1682196429,"views":10,"p1id":"marioman6444","p2id":"funnyguyalert","formatid":"gen9vgc2023regulationc","rating":1039,"private":0,"password":""}