{"id":"gen9vgc2023regulationc-1855292910","p1":"Molliekatt","p2":"KiwiTheAce","format":"[Gen 9] VGC 2023 Regulation C","log":"|j|\u2606Molliekatt\n|j|\u2606KiwiTheAce\n|t:|1682931467\n|gametype|doubles\n|player|p1|Molliekatt|170|1196\n|player|p2|KiwiTheAce|shadowtriad|1228\n|teamsize|p1|6\n|teamsize|p2|6\n|gen|9\n|tier|[Gen 9] VGC 2023 Regulation C\n|rated|\n|rule|Species Clause: Limit one of each Pok\u00e9mon\n|rule|Item Clause: Limit one of each item\n|clearpoke\n|poke|p1|Annihilape, L50, M|\n|poke|p1|Maushold, L50|\n|poke|p1|Flutter Mane, L50|\n|poke|p1|Tyranitar, L50, M|\n|poke|p1|Lycanroc, L50, F|\n|poke|p1|Ting-Lu, L50|\n|poke|p2|Maushold, L50|\n|poke|p2|Annihilape, L50, M|\n|poke|p2|Chi-Yu, L50|\n|poke|p2|Flutter Mane, L50|\n|poke|p2|Gothitelle, L50, M|\n|poke|p2|Gyarados, L50, F|\n|teampreview|4\n|\n|t:|1682931503\n|start\n|switch|p1a: Lycanroc|Lycanroc, L50, F|100\/100\n|switch|p1b: Flutter Mane|Flutter Mane, L50|100\/100\n|switch|p2a: Black Dahlia|Annihilape, L50, M|100\/100\n|switch|p2b: orphanage|Maushold, L50|100\/100\n|turn|1\n|inactive|Battle timer is ON: inactive players will automatically lose when time's up. (requested by Molliekatt)\n|\n|t:|1682931521\n|-terastallize|p1b: Flutter Mane|Fairy\n|-terastallize|p2a: Black Dahlia|Poison\n|move|p1b: Flutter Mane|Dazzling Gleam|p2b: orphanage|[spread] p2a,p2b\n|-resisted|p2a: Black Dahlia\n|-damage|p2a: Black Dahlia|81\/100\n|-damage|p2b: orphanage|15\/100\n|move|p1a: Lycanroc|Rock Slide|p2a: Black Dahlia|[spread] p2a,p2b\n|-damage|p2a: Black Dahlia|61\/100\n|-damage|p2b: orphanage|0 fnt\n|faint|p2b: orphanage\n|move|p2a: Black Dahlia|Bulk Up|p2a: Black Dahlia\n|-boost|p2a: Black Dahlia|atk|1\n|-boost|p2a: Black Dahlia|def|1\n|\n|-heal|p2a: Black Dahlia|67\/100|[from] item: Leftovers\n|upkeep\n|\n|t:|1682931541\n|switch|p2b: badass fish|Chi-Yu, L50|100\/100\n|-ability|p2b: badass fish|Beads of Ruin\n|turn|2\n|\n|t:|1682931560\n|-end|p1b: Flutter Mane|Protosynthesis|[silent]\n|switch|p1b: Tyranitar|Tyranitar, L50, M|100\/100\n|-weather|Sandstorm|[from] ability: Sand Stream|[of] p1b: Tyranitar\n|move|p2b: badass fish|Protect|p2b: badass fish\n|-singleturn|p2b: badass fish|Protect\n|move|p1a: Lycanroc|Rock Slide|p2b: badass fish|[spread] p2a\n|-activate|p2b: badass fish|move: Protect\n|-crit|p2a: Black Dahlia\n|-damage|p2a: Black Dahlia|25\/100\n|move|p2a: Black Dahlia|Drain Punch|p1a: Lycanroc\n|-supereffective|p1a: Lycanroc\n|-enditem|p1a: Lycanroc|Focus Sash\n|-damage|p1a: Lycanroc|1\/100\n|-heal|p2a: Black Dahlia|61\/100|[from] drain|[of] p1a: Lycanroc\n|\n|-weather|Sandstorm|[upkeep]\n|-damage|p2b: badass fish|94\/100|[from] Sandstorm\n|-damage|p2a: Black Dahlia|55\/100|[from] Sandstorm\n|-heal|p2a: Black Dahlia|61\/100|[from] item: Leftovers\n|upkeep\n|turn|3\n|inactive|KiwiTheAce has 30 seconds left.\n|\n|t:|1682931588\n|move|p1a: Lycanroc|Endeavor|p2a: Black Dahlia\n|-damage|p2a: Black Dahlia|1\/100\n|move|p2b: badass fish|Heat Wave|p1a: Lycanroc|[spread] p1a,p1b\n|-resisted|p1a: Lycanroc\n|-resisted|p1b: Tyranitar\n|-damage|p1a: Lycanroc|0 fnt\n|-damage|p1b: Tyranitar|88\/100\n|faint|p1a: Lycanroc\n|-damage|p2b: badass fish|84\/100|[from] item: Life Orb\n|move|p2a: Black Dahlia|Drain Punch|p1b: Tyranitar\n|-supereffective|p1b: Tyranitar\n|-damage|p1b: Tyranitar|0 fnt\n|-heal|p2a: Black Dahlia|45\/100|[from] drain|[of] p1b: Tyranitar\n|faint|p1b: Tyranitar\n|\n|-weather|Sandstorm|[upkeep]\n|-damage|p2b: badass fish|78\/100|[from] Sandstorm\n|-damage|p2a: Black Dahlia|38\/100|[from] Sandstorm\n|-heal|p2a: Black Dahlia|45\/100|[from] item: Leftovers\n|upkeep\n|\n|t:|1682931608\n|switch|p1a: Flutter Mane|Flutter Mane, L50, tera:Fairy|100\/100\n|switch|p1b: Ting-Lu|Ting-Lu, L50|100\/100\n|-ability|p1b: Ting-Lu|Vessel of Ruin\n|turn|4\n|inactive|KiwiTheAce has 30 seconds left.\n|\n|t:|1682931638\n|move|p2a: Black Dahlia|Protect|p2a: Black Dahlia\n|-singleturn|p2a: Black Dahlia|Protect\n|move|p1a: Flutter Mane|Psyshock|p2a: Black Dahlia\n|-activate|p2a: Black Dahlia|move: Protect\n|move|p2b: badass fish|Heat Wave|p1b: Ting-Lu|[spread] p1a,p1b\n|-damage|p1a: Flutter Mane|43\/100\n|-damage|p1b: Ting-Lu|59\/100\n|-damage|p2b: badass fish|68\/100|[from] item: Life Orb\n|move|p1b: Ting-Lu|Stomping Tantrum|p2b: badass fish\n|-supereffective|p2b: badass fish\n|-damage|p2b: badass fish|0 fnt\n|faint|p2b: badass fish\n|\n|-weather|Sandstorm|[upkeep]\n|-damage|p1a: Flutter Mane|37\/100|[from] Sandstorm\n|-damage|p2a: Black Dahlia|38\/100|[from] Sandstorm\n|-heal|p2a: Black Dahlia|45\/100|[from] item: Leftovers\n|upkeep\n|\n|t:|1682931656\n|switch|p2b: Chapeltown Rag|Flutter Mane, L50|100\/100\n|turn|5\n|inactive|KiwiTheAce has 30 seconds left.\n|\n|t:|1682931683\n|move|p2b: Chapeltown Rag|Dazzling Gleam|p1b: Ting-Lu|[spread] p1a,p1b\n|-supereffective|p1b: Ting-Lu\n|-damage|p1a: Flutter Mane|8\/100\n|-damage|p1b: Ting-Lu|20\/100\n|move|p1a: Flutter Mane|Psyshock|p2a: Black Dahlia\n|-supereffective|p2a: Black Dahlia\n|-damage|p2a: Black Dahlia|0 fnt\n|faint|p2a: Black Dahlia\n|move|p1b: Ting-Lu|Fissure|p2b: Chapeltown Rag\n|-enditem|p2b: Chapeltown Rag|Focus Sash\n|-damage|p2b: Chapeltown Rag|1\/100\n|\n|-weather|Sandstorm|[upkeep]\n|-damage|p2b: Chapeltown Rag|0 fnt|[from] Sandstorm\n|-damage|p1a: Flutter Mane|2\/100|[from] Sandstorm\n|faint|p2b: Chapeltown Rag\n|-end|p2b: Chapeltown Rag|Protosynthesis|[silent]\n|\n|win|Molliekatt\n|upkeep\n|raw|Molliekatt's rating: 1196 → 1223<\/strong> (+27 for winning)\n|raw|KiwiTheAce's rating: 1228 → 1201<\/strong> (-27 for losing)\n","uploadtime":1682931704,"views":21,"p1id":"molliekatt","p2id":"kiwitheace","formatid":"gen9vgc2023regulationc","rating":1201,"private":0,"password":""}