{"id":"gen9vgc2023regulationc-1849404919","p1":"Pokeshane156","p2":"realslimgrady","format":"[Gen 9] VGC 2023 Regulation C","log":"|j|\u2606Pokeshane156\n|j|\u2606realslimgrady\n|t:|1682194744\n|gametype|doubles\n|player|p1|Pokeshane156|thorton|1167\n|player|p2|realslimgrady|backpacker|1105\n|teamsize|p1|6\n|teamsize|p2|6\n|gen|9\n|tier|[Gen 9] VGC 2023 Regulation C\n|rated|\n|rule|Species Clause: Limit one of each Pok\u00e9mon\n|rule|Item Clause: Limit one of each item\n|clearpoke\n|poke|p1|Flutter Mane, L50|\n|poke|p1|Azumarill, L50, M|\n|poke|p1|Arcanine, L50, F|\n|poke|p1|Amoonguss, L50, M|\n|poke|p1|Chi-Yu, L50|\n|poke|p1|Iron Bundle, L50|\n|poke|p2|Flutter Mane, L50|\n|poke|p2|Talonflame, L50, M|\n|poke|p2|Farigiraf, L50, M|\n|poke|p2|Chien-Pao, L50|\n|poke|p2|Iron Hands, L50|\n|poke|p2|Great Tusk, L50|\n|teampreview|4\nrealslimgrady rejected open team sheets.\n|\n|t:|1682194802\n|start\n|switch|p1a: Arcanine|Arcanine, L50, F|100\/100\n|switch|p1b: Iron Bundle|Iron Bundle, L50|100\/100\n|switch|p2a: Turkey|Talonflame, L50, M, shiny|100\/100\n|switch|p2b: Giraffe|Farigiraf, L50, M, shiny|100\/100\n|-ability|p1a: Arcanine|Intimidate|boost\n|-unboost|p2a: Turkey|atk|1\n|-unboost|p2b: Giraffe|atk|1\n|-enditem|p1b: Iron Bundle|Booster Energy\n|-activate|p1b: Iron Bundle|ability: Quark Drive|[fromitem]\n|-start|p1b: Iron Bundle|quarkdrivespe\n|turn|1\n|inactive|Battle timer is ON: inactive players will automatically lose when time's up. (requested by Pokeshane156)\n|\n|t:|1682194844\n|-terastallize|p2a: Turkey|Ghost\n|move|p2a: Turkey|Tailwind|p2a: Turkey\n|-sidestart|p2: realslimgrady|move: Tailwind\n|move|p1b: Iron Bundle|Icy Wind|p2a: Turkey|[spread] p2a,p2b\n|-damage|p2a: Turkey|77\/100\n|-damage|p2b: Giraffe|87\/100\n|-unboost|p2a: Turkey|spe|1\n|-unboost|p2b: Giraffe|spe|1\n|move|p1a: Arcanine|Flare Blitz|p2b: Giraffe\n|-damage|p2b: Giraffe|39\/100\n|-damage|p1a: Arcanine|82\/100|[from] Recoil\n|move|p2b: Giraffe|Hyper Voice|p1a: Arcanine|[spread] p1a,p1b\n|-damage|p1a: Arcanine|59\/100\n|-damage|p1b: Iron Bundle|54\/100\n|-enditem|p2b: Giraffe|Throat Spray\n|-boost|p2b: Giraffe|spa|1|[from] item: Throat Spray\n|\n|upkeep\n|turn|2\n|inactive|Pokeshane156 has 30 seconds left.\n|\n|t:|1682194875\n|move|p1b: Iron Bundle|Icy Wind|p2b: Giraffe|[spread] p2a,p2b\n|-damage|p2a: Turkey|54\/100\n|-damage|p2b: Giraffe|26\/100\n|-unboost|p2a: Turkey|spe|1\n|-unboost|p2b: Giraffe|spe|1\n|move|p2a: Turkey|Brave Bird|p1a: Arcanine\n|-damage|p1a: Arcanine|34\/100\n|-damage|p2a: Turkey|45\/100|[from] Recoil\n|move|p1a: Arcanine|Flare Blitz|p2b: Giraffe\n|-damage|p2b: Giraffe|0 fnt\n|faint|p2b: Giraffe\n|-damage|p1a: Arcanine|24\/100|[from] Recoil\n|\n|upkeep\n|\n|t:|1682194892\n|switch|p2b: Zombie Fly|Flutter Mane, L50, shiny|100\/100\n|-enditem|p2b: Zombie Fly|Booster Energy\n|-activate|p2b: Zombie Fly|ability: Protosynthesis|[fromitem]\n|-start|p2b: Zombie Fly|protosynthesisspe\n|turn|3\n|\n|t:|1682194905\n|switch|p1a: Amoonguss|Amoonguss, L50, M|100\/100\n|move|p1b: Iron Bundle|Protect|p1b: Iron Bundle\n|-singleturn|p1b: Iron Bundle|Protect\n|move|p2b: Zombie Fly|Dazzling Gleam|p1b: Iron Bundle|[spread] p1a\n|-activate|p1b: Iron Bundle|move: Protect\n|-resisted|p1a: Amoonguss\n|-crit|p1a: Amoonguss\n|-damage|p1a: Amoonguss|80\/100\n|move|p2a: Turkey|Brave Bird|p1a: Amoonguss\n|-supereffective|p1a: Amoonguss\n|-damage|p1a: Amoonguss|38\/100\n|-damage|p2a: Turkey|29\/100|[from] Recoil\n|\n|upkeep\n|turn|4\n|inactive|Pokeshane156 has 30 seconds left.\n|inactive|Pokeshane156 has 20 seconds left.\n|inactive|realslimgrady has 30 seconds left.\n|\n|t:|1682194949\n|switch|p1a: Arcanine|Arcanine, L50, F|24\/100\n|-ability|p1a: Arcanine|Intimidate|boost\n|-unboost|p2a: Turkey|atk|1\n|-unboost|p2b: Zombie Fly|atk|1\n|move|p1b: Iron Bundle|Protect|p1b: Iron Bundle\n|-singleturn|p1b: Iron Bundle|Protect\n|move|p2b: Zombie Fly|Shadow Ball|p1b: Iron Bundle\n|-activate|p1b: Iron Bundle|move: Protect\n|move|p2a: Turkey|Brave Bird|p1a: Arcanine\n|-damage|p1a: Arcanine|6\/100\n|-damage|p2a: Turkey|22\/100|[from] Recoil\n|\n|-sideend|p2: realslimgrady|move: Tailwind\n|upkeep\n|turn|5\n|inactive|Pokeshane156 has 30 seconds left.\n|\n|t:|1682194974\n|move|p1a: Arcanine|Protect|p1a: Arcanine\n|-singleturn|p1a: Arcanine|Protect\n|move|p1b: Iron Bundle|Icy Wind|p2b: Zombie Fly|[spread] p2a,p2b\n|-damage|p2a: Turkey|0 fnt\n|-damage|p2b: Zombie Fly|80\/100\n|-unboost|p2b: Zombie Fly|spe|1\n|faint|p2a: Turkey\n|move|p2b: Zombie Fly|Dazzling Gleam|p1b: Iron Bundle|[spread] p1b\n|-activate|p1a: Arcanine|move: Protect\n|-damage|p1b: Iron Bundle|0 fnt\n|faint|p1b: Iron Bundle\n|-end|p1b: Iron Bundle|Quark Drive|[silent]\n|\n|upkeep\n|\n|t:|1682194989\n|switch|p1b: Chi-Yu|Chi-Yu, L50|100\/100\n|switch|p2a: BUS|Iron Hands, L50, shiny|100\/100\n|-ability|p1b: Chi-Yu|Beads of Ruin\n|turn|6\n|\n|t:|1682195005\n|switch|p1a: Amoonguss|Amoonguss, L50, M|71\/100\n|move|p1b: Chi-Yu|Protect|p1b: Chi-Yu\n|-singleturn|p1b: Chi-Yu|Protect\n|move|p2a: BUS|Fake Out|p1a: Amoonguss\n|-damage|p1a: Amoonguss|57\/100\n|move|p2b: Zombie Fly|Moonblast|p1b: Chi-Yu\n|-activate|p1b: Chi-Yu|move: Protect\n|\n|upkeep\n|turn|7\n|inactive|Pokeshane156 has 30 seconds left.\n|\n|t:|1682195036\n|-terastallize|p1b: Chi-Yu|Grass\n|move|p1a: Amoonguss|Rage Powder|p1a: Amoonguss\n|-singleturn|p1a: Amoonguss|move: Rage Powder\n|move|p2b: Zombie Fly|Moonblast|p1a: Amoonguss\n|-resisted|p1a: Amoonguss\n|-damage|p1a: Amoonguss|28\/100\n|move|p1b: Chi-Yu|Heat Wave|p2b: Zombie Fly|[spread] p2a,p2b\n|-damage|p2a: BUS|72\/100\n|-damage|p2b: Zombie Fly|31\/100\n|move|p2a: BUS|Close Combat|p1a: Amoonguss\n|-resisted|p1a: Amoonguss\n|-damage|p1a: Amoonguss|0 fnt\n|-unboost|p2a: BUS|def|1\n|-unboost|p2a: BUS|spd|1\n|faint|p1a: Amoonguss\n|\n|upkeep\n|\n|t:|1682195052\n|switch|p1a: Arcanine|Arcanine, L50, F|6\/100\n|-ability|p1a: Arcanine|Intimidate|boost\n|-unboost|p2a: BUS|atk|1\n|-unboost|p2b: Zombie Fly|atk|1\n|turn|8\n|\n|t:|1682195073\n|move|p2b: Zombie Fly|Protect|p2b: Zombie Fly\n|-singleturn|p2b: Zombie Fly|Protect\n|move|p1a: Arcanine|Extreme Speed|p2a: BUS\n|-damage|p2a: BUS|53\/100\n|move|p1b: Chi-Yu|Heat Wave|p2a: BUS|[spread] p2a\n|-activate|p2b: Zombie Fly|move: Protect\n|-damage|p2a: BUS|4\/100\n|move|p2a: BUS|Heavy Slam|p1b: Chi-Yu\n|-damage|p1b: Chi-Yu|51\/100\n|\n|upkeep\n|turn|9\n|inactive|Pokeshane156 has 30 seconds left.\n|inactive|Pokeshane156 has 20 seconds left.\n|\n|t:|1682195112\n|move|p1a: Arcanine|Extreme Speed|p2a: BUS\n|-damage|p2a: BUS|0 fnt\n|faint|p2a: BUS\n|-end|p2a: BUS|Quark Drive|[silent]\n|move|p2b: Zombie Fly|Dazzling Gleam|p1a: Arcanine|[spread] p1a,p1b\n|-resisted|p1a: Arcanine\n|-damage|p1a: Arcanine|0 fnt\n|-damage|p1b: Chi-Yu|13\/100\n|faint|p1a: Arcanine\n|move|p1b: Chi-Yu|Heat Wave|p2b: Zombie Fly\n|-damage|p2b: Zombie Fly|0 fnt\n|faint|p2b: Zombie Fly\n|-end|p2b: Zombie Fly|Protosynthesis|[silent]\n|\n|win|Pokeshane156\n|raw|Pokeshane156's rating: 1167 → 1188<\/strong> (+21 for winning)\n|raw|realslimgrady's rating: 1105 → 1084<\/strong> (-21 for losing)\n|c|\u2606realslimgrady|gg\n|l|\u2606realslimgrady\n|c|\u2606Pokeshane156|Gg\n","uploadtime":1682195143,"views":10,"p1id":"pokeshane156","p2id":"realslimgrady","formatid":"gen9vgc2023regulationc","rating":1084,"private":0,"password":""}