{"id":"gen9vgc2023regulationc-1863343530","p1":"Insertable194","p2":"SeaWolfMikess","format":"[Gen 9] VGC 2023 Regulation C","log":"|j|\u2606Insertable194\n|j|\u2606SeaWolfMikess\n|t:|1684004986\n|gametype|doubles\n|player|p1|Insertable194|hilbert-wonderlauncher|1341\n|player|p2|SeaWolfMikess|hugh|1413\n|teamsize|p1|6\n|teamsize|p2|6\n|gen|9\n|tier|[Gen 9] VGC 2023 Regulation C\n|rated|\n|rule|Species Clause: Limit one of each Pok\u00e9mon\n|rule|Item Clause: Limit one of each item\n|clearpoke\n|poke|p1|Ting-Lu, L50|\n|poke|p1|Palafin, L50, F|\n|poke|p1|Amoonguss, L50, M|\n|poke|p1|Arcanine, L50, M|\n|poke|p1|Flutter Mane, L50|\n|poke|p1|Iron Hands, L50|\n|poke|p2|Roaring Moon, L50|\n|poke|p2|Flutter Mane, L50|\n|poke|p2|Gholdengo, L50|\n|poke|p2|Amoonguss, L50, M|\n|poke|p2|Palafin, L50, M|\n|poke|p2|Iron Hands, L50|\n|teampreview|4\nInsertable194 has agreed to open team sheets.\nSeaWolfMikess has agreed to open team sheets.\n|\n|t:|1684005059\n|start\n|switch|p1a: Arcanine|Arcanine, L50, M|100\/100\n|switch|p1b: Palafin|Palafin, L50, F, shiny|100\/100\n|switch|p2a: Palafin|Palafin, L50, M|100\/100\n|switch|p2b: Roaring Moon|Roaring Moon, L50|100\/100\n|-ability|p1a: Arcanine|Intimidate|boost\n|-unboost|p2a: Palafin|atk|1\n|-unboost|p2b: Roaring Moon|atk|1\n|-enditem|p2b: Roaring Moon|Booster Energy\n|-activate|p2b: Roaring Moon|ability: Protosynthesis|[fromitem]\n|-start|p2b: Roaring Moon|protosynthesisspe\n|turn|1\n|\n|t:|1684005104\n|detailschange|p1b: Palafin|Palafin-Hero, L50, F, shiny\n|switch|p1b: Ting-Lu|Ting-Lu, L50|100\/100\n|-ability|p1b: Ting-Lu|Vessel of Ruin\n|detailschange|p2a: Palafin|Palafin-Hero, L50, M\n|switch|p2a: Flutter Mane|Flutter Mane, L50|100\/100\n|move|p2b: Roaring Moon|Breaking Swipe|p1a: Arcanine|[spread] p1a,p1b\n|-damage|p1a: Arcanine|83\/100\n|-damage|p1b: Ting-Lu|91\/100\n|-unboost|p1a: Arcanine|atk|1\n|-unboost|p1b: Ting-Lu|atk|1\n|move|p1a: Arcanine|Will-O-Wisp|p2b: Roaring Moon|[miss]\n|-miss|p1a: Arcanine|p2b: Roaring Moon\n|\n|upkeep\n|turn|2\n|j| Herewegoezagain\n|l| Herewegoezagain\n|\n|t:|1684005145\n|-end|p2a: Flutter Mane|Protosynthesis|[silent]\n|switch|p2a: Amoonguss|Amoonguss, L50, M|100\/100\n|-terastallize|p1b: Ting-Lu|Steel\n|move|p2b: Roaring Moon|Breaking Swipe|p1a: Arcanine|[spread] p1a,p1b\n|-resisted|p1b: Ting-Lu\n|-damage|p1a: Arcanine|65\/100\n|-damage|p1b: Ting-Lu|86\/100\n|-unboost|p1a: Arcanine|atk|1\n|-unboost|p1b: Ting-Lu|atk|1\n|move|p1a: Arcanine|Flare Blitz|p2a: Amoonguss\n|-supereffective|p2a: Amoonguss\n|-damage|p2a: Amoonguss|53\/100\n|-damage|p1a: Arcanine|48\/100|[from] Recoil\n|move|p1b: Ting-Lu|Heavy Slam|p2a: Amoonguss\n|-damage|p2a: Amoonguss|32\/100\n|-enditem|p2a: Amoonguss|Sitrus Berry|[eat]\n|-heal|p2a: Amoonguss|57\/100|[from] item: Sitrus Berry\n|\n|upkeep\n|turn|3\n|\n|t:|1684005175\n|switch|p1a: Iron Hands|Iron Hands, L50|100\/100\n|move|p2b: Roaring Moon|Breaking Swipe|p1a: Iron Hands|[spread] p1a,p1b\n|-resisted|p1b: Ting-Lu\n|-damage|p1a: Iron Hands|89\/100\n|-damage|p1b: Ting-Lu|81\/100\n|-unboost|p1a: Iron Hands|atk|1\n|-unboost|p1b: Ting-Lu|atk|1\n|move|p1b: Ting-Lu|Sand Tomb|p2b: Roaring Moon|[miss]\n|-miss|p1b: Ting-Lu|p2b: Roaring Moon\n|move|p2a: Amoonguss|Spore|p1a: Iron Hands\n|-activate|p1a: Iron Hands|item: Safety Goggles|Spore\n|\n|upkeep\n|turn|4\n|\n|t:|1684005194\n|switch|p2a: Palafin|Palafin-Hero, L50, M|100\/100\n|-activate|p2a: Palafin|ability: Zero to Hero\n|move|p2b: Roaring Moon|Breaking Swipe|p1a: Iron Hands|[spread] p1a,p1b\n|-resisted|p1b: Ting-Lu\n|-damage|p1a: Iron Hands|77\/100\n|-damage|p1b: Ting-Lu|76\/100\n|-unboost|p1a: Iron Hands|atk|1\n|-unboost|p1b: Ting-Lu|atk|1\n|move|p1a: Iron Hands|Swords Dance|p1a: Iron Hands\n|-boost|p1a: Iron Hands|atk|2\n|move|p1b: Ting-Lu|Sand Tomb|p2b: Roaring Moon\n|-damage|p2b: Roaring Moon|93\/100\n|-activate|p2b: Roaring Moon|move: Sand Tomb|[of] p1b: Ting-Lu\n|\n|-damage|p2b: Roaring Moon|81\/100|[from] move: Sand Tomb|[partiallytrapped]\n|upkeep\n|turn|5\n|\n|t:|1684005232\n|move|p2b: Roaring Moon|Breaking Swipe|p1b: Ting-Lu|[spread] p1a,p1b\n|-resisted|p1b: Ting-Lu\n|-damage|p1a: Iron Hands|66\/100\n|-damage|p1b: Ting-Lu|71\/100\n|-unboost|p1a: Iron Hands|atk|1\n|-unboost|p1b: Ting-Lu|atk|1\n|move|p2a: Palafin|Bulk Up|p2a: Palafin\n|-boost|p2a: Palafin|atk|1\n|-boost|p2a: Palafin|def|1\n|move|p1a: Iron Hands|Drain Punch|p2b: Roaring Moon\n|-supereffective|p2b: Roaring Moon\n|-damage|p2b: Roaring Moon|6\/100\n|-heal|p1a: Iron Hands|96\/100|[from] drain|[of] p2b: Roaring Moon\n|move|p1b: Ting-Lu|Ruination|p2a: Palafin\n|-damage|p2a: Palafin|50\/100\n|\n|-damage|p2b: Roaring Moon|0 fnt|[from] move: Sand Tomb|[partiallytrapped]\n|faint|p2b: Roaring Moon\n|-end|p2b: Roaring Moon|Protosynthesis|[silent]\n|upkeep\n|\n|t:|1684005248\n|switch|p2b: Flutter Mane|Flutter Mane, L50|100\/100\n|turn|6\n|\n|t:|1684005272\n|-end|p1a: Iron Hands|Quark Drive|[silent]\n|switch|p1a: Arcanine|Arcanine, L50, M|48\/100\n|-ability|p1a: Arcanine|Intimidate|boost\n|-unboost|p2a: Palafin|atk|1\n|-unboost|p2b: Flutter Mane|atk|1\n|-terastallize|p2b: Flutter Mane|Fairy\n|move|p2b: Flutter Mane|Moonblast|p1a: Arcanine\n|-resisted|p1a: Arcanine\n|-damage|p1a: Arcanine|10\/100\n|-enditem|p1a: Arcanine|Figy Berry|[eat]\n|-heal|p1a: Arcanine|43\/100|[from] item: Figy Berry\n|move|p2a: Palafin|Wave Crash|p1b: Ting-Lu\n|-damage|p1b: Ting-Lu|16\/100\n|-damage|p2a: Palafin|28\/100|[from] Recoil\n|move|p1b: Ting-Lu|Ruination|p2b: Flutter Mane\n|-damage|p2b: Flutter Mane|51\/100\n|\n|upkeep\n|turn|7\n|\n|t:|1684005316\n|-end|p2b: Flutter Mane|Protosynthesis|[silent]\n|switch|p2b: Amoonguss|Amoonguss, L50, M|90\/100\n|move|p1a: Arcanine|Protect|p1a: Arcanine\n|-singleturn|p1a: Arcanine|Protect\n|move|p2a: Palafin|Jet Punch|p1a: Arcanine\n|-activate|p1a: Arcanine|move: Protect\n|move|p1b: Ting-Lu|Ruination|p2b: Amoonguss\n|-damage|p2b: Amoonguss|45\/100\n|\n|upkeep\n|turn|8\n|j| Herewegoezagain\n|\n|t:|1684005350\n|switch|p1a: Iron Hands|Iron Hands, L50|96\/100\n|move|p2a: Palafin|Jet Punch|p1a: Iron Hands\n|-damage|p1a: Iron Hands|58\/100\n|move|p1b: Ting-Lu|Sand Tomb|p2a: Palafin|[miss]\n|-miss|p1b: Ting-Lu|p2a: Palafin\n|move|p2b: Amoonguss|Spore|p1b: Ting-Lu\n|-status|p1b: Ting-Lu|slp|[from] move: Spore\n|\n|upkeep\n|turn|9\n|\n|t:|1684005387\n|switch|p1b: Arcanine|Arcanine, L50, M|43\/100\n|-ability|p1b: Arcanine|Intimidate|boost\n|-unboost|p2a: Palafin|atk|1\n|-unboost|p2b: Amoonguss|atk|1\n|move|p2a: Palafin|Wave Crash|p1a: Iron Hands\n|-damage|p1a: Iron Hands|8\/100\n|-damage|p2a: Palafin|9\/100|[from] Recoil\n|move|p1a: Iron Hands|Thunder Punch|p2a: Palafin\n|-supereffective|p2a: Palafin\n|-damage|p2a: Palafin|0 fnt\n|faint|p2a: Palafin\n|move|p2b: Amoonguss|Pollen Puff|p2: Palafin|[notarget]\n|-fail|p2b: Amoonguss\n|\n|upkeep\n|\n|t:|1684005398\n|switch|p2a: Flutter Mane|Flutter Mane, L50, tera:Fairy|51\/100\n|turn|10\n|l| Herewegoezagain\n|\n|t:|1684005432\n|move|p1b: Arcanine|Protect|p1b: Arcanine\n|-singleturn|p1b: Arcanine|Protect\n|move|p2a: Flutter Mane|Shadow Ball|p1b: Arcanine\n|-activate|p1b: Arcanine|move: Protect\n|move|p1a: Iron Hands|Thunder Punch|p2a: Flutter Mane\n|-damage|p2a: Flutter Mane|0 fnt\n|faint|p2a: Flutter Mane\n|-end|p2a: Flutter Mane|Protosynthesis|[silent]\n|move|p2b: Amoonguss|Pollen Puff|p2: Flutter Mane|[notarget]\n|-fail|p2b: Amoonguss\n|\n|upkeep\n|turn|11\n|-message|SeaWolfMikess forfeited.\n|\n|win|Insertable194\n|raw|Insertable194's rating: 1341 → 1365<\/strong> (+24 for winning)\n|raw|SeaWolfMikess's rating: 1413 → 1389<\/strong> (-24 for losing)\n|l|\u2606SeaWolfMikess\n","uploadtime":1684005440,"views":7,"p1id":"insertable194","p2id":"seawolfmikess","formatid":"gen9vgc2023regulationc","rating":1365,"private":0,"password":""}