{"id":"gen9vgc2023regulationc-1858148120","p1":"PutPat","p2":"Tipo Shitstorm","format":"[Gen 9] VGC 2023 Regulation C","log":"|j|\u2606PutPat\n|j|\u2606Tipo Shitstorm\n|t:|1683283393\n|gametype|doubles\n|player|p1|PutPat|swimmer|1233\n|player|p2|Tipo Shitstorm|teamrocket|1170\n|teamsize|p1|6\n|teamsize|p2|6\n|gen|9\n|tier|[Gen 9] VGC 2023 Regulation C\n|rated|\n|rule|Species Clause: Limit one of each Pok\u00e9mon\n|rule|Item Clause: Limit one of each item\n|clearpoke\n|poke|p1|Flutter Mane, L50|\n|poke|p1|Iron Hands, L50|\n|poke|p1|Gyarados, L50, F|\n|poke|p1|Kingambit, L50, F|\n|poke|p1|Volcarona, L50, M|\n|poke|p1|Iron Bundle, L50|\n|poke|p2|Grimmsnarl, L50, M|\n|poke|p2|Gholdengo, L50|\n|poke|p2|Arcanine, L50, F|\n|poke|p2|Ting-Lu, L50|\n|poke|p2|Gastrodon-East, L50, M|\n|poke|p2|Gardevoir, L50, F|\n|teampreview|4\n|inactive|Battle timer is ON: inactive players will automatically lose when time's up. (requested by Tipo Shitstorm)\n|inactive|PutPat also wants the timer to be on.\nPutPat has agreed to open team sheets.\nTipo Shitstorm rejected open team sheets.\n|inactive|PutPat has 60 seconds left.\n|inactive|Tipo Shitstorm has 60 seconds left.\n|\n|t:|1683283431\n|start\n|switch|p1a: Iron Bundle|Iron Bundle, L50|100\/100\n|switch|p1b: Iron Hands|Iron Hands, L50|100\/100\n|switch|p2a: Arcanine|Arcanine, L50, F|100\/100\n|switch|p2b: Grimmsnarl|Grimmsnarl, L50, M|100\/100\n|-ability|p2a: Arcanine|Intimidate|boost\n|-unboost|p1a: Iron Bundle|atk|1\n|-unboost|p1b: Iron Hands|atk|1\n|-enditem|p1a: Iron Bundle|Booster Energy\n|-activate|p1a: Iron Bundle|ability: Quark Drive|[fromitem]\n|-start|p1a: Iron Bundle|quarkdrivespe\n|turn|1\n|\n|t:|1683283443\n|move|p2a: Arcanine|Protect|p2a: Arcanine\n|-singleturn|p2a: Arcanine|Protect\n|move|p1b: Iron Hands|Fake Out|p2b: Grimmsnarl\n|-damage|p2b: Grimmsnarl|88\/100\n|cant|p2b: Grimmsnarl|flinch\n|move|p1a: Iron Bundle|Hydro Pump|p2a: Arcanine\n|-activate|p2a: Arcanine|move: Protect\n|\n|upkeep\n|turn|2\n|\n|t:|1683283455\n|switch|p2a: Gastrodon|Gastrodon-East, L50, M|100\/100\n|move|p1a: Iron Bundle|Protect|p1a: Iron Bundle\n|-singleturn|p1a: Iron Bundle|Protect\n|move|p2b: Grimmsnarl|Reflect|p2b: Grimmsnarl\n|-sidestart|p2: Tipo Shitstorm|Reflect\n|move|p1b: Iron Hands|Wild Charge|p2a: Gastrodon\n|-immune|p2a: Gastrodon\n|\n|upkeep\n|turn|3\n|\n|t:|1683283469\n|move|p2a: Gastrodon|Protect|p2a: Gastrodon\n|-singleturn|p2a: Gastrodon|Protect\n|move|p2b: Grimmsnarl|Light Screen|p2b: Grimmsnarl\n|-sidestart|p2: Tipo Shitstorm|move: Light Screen\n|move|p1a: Iron Bundle|Freeze-Dry|p2a: Gastrodon\n|-activate|p2a: Gastrodon|move: Protect\n|move|p1b: Iron Hands|Volt Switch|p2b: Grimmsnarl\n|-damage|p2b: Grimmsnarl|80\/100\n|\n|t:|1683283476\n|-end|p1b: Iron Hands|Quark Drive|[silent]\n|switch|p1b: Kingambit|Kingambit, L50, F|100\/100|[from] Volt Switch\n|\n|upkeep\n|turn|4\n|\n|t:|1683283498\n|-terastallize|p2a: Gastrodon|Fire\n|move|p2b: Grimmsnarl|Parting Shot|p1a: Iron Bundle\n|-unboost|p1a: Iron Bundle|atk|1\n|-unboost|p1a: Iron Bundle|spa|1\n|\n|t:|1683283502\n|switch|p2b: Gardevoir|Gardevoir, L50, F|100\/100|[from] Parting Shot\n|move|p1a: Iron Bundle|Icy Wind|p2a: Gastrodon|[spread] p2a\n|-miss|p1a: Iron Bundle|p2b: Gardevoir\n|-resisted|p2a: Gastrodon\n|-damage|p2a: Gastrodon|96\/100\n|-unboost|p2a: Gastrodon|spe|1\n|move|p1b: Kingambit|Iron Head|p2b: Gardevoir\n|-supereffective|p2b: Gardevoir\n|-damage|p2b: Gardevoir|0 fnt\n|faint|p2b: Gardevoir\n|-damage|p1b: Kingambit|91\/100|[from] item: Life Orb\n|move|p2a: Gastrodon|Earth Power|p1b: Kingambit\n|-supereffective|p1b: Kingambit\n|-damage|p1b: Kingambit|26\/100\n|\n|-heal|p2a: Gastrodon|100\/100|[from] item: Leftovers\n|upkeep\n|\n|t:|1683283514\n|switch|p2b: Grimmsnarl|Grimmsnarl, L50, M|80\/100\n|turn|5\n|\n|t:|1683283522\n|-end|p1a: Iron Bundle|Quark Drive|[silent]\n|switch|p1a: Iron Hands|Iron Hands, L50|100\/100\n|move|p1b: Kingambit|Protect|p1b: Kingambit\n|-singleturn|p1b: Kingambit|Protect\n|move|p2b: Grimmsnarl|Spirit Break|p1a: Iron Hands\n|-supereffective|p1a: Iron Hands\n|-damage|p1a: Iron Hands|57\/100\n|-unboost|p1a: Iron Hands|spa|1\n|move|p2a: Gastrodon|Earth Power|p1b: Kingambit\n|-activate|p1b: Kingambit|move: Protect\n|\n|upkeep\n|turn|6\n|\n|t:|1683283534\n|move|p1a: Iron Hands|Fake Out|p2a: Gastrodon\n|-damage|p2a: Gastrodon|92\/100\n|move|p1b: Kingambit|Iron Head|p2b: Grimmsnarl\n|-supereffective|p2b: Grimmsnarl\n|-damage|p2b: Grimmsnarl|0 fnt\n|faint|p2b: Grimmsnarl\n|-damage|p1b: Kingambit|17\/100|[from] item: Life Orb\n|cant|p2a: Gastrodon|flinch\n|\n|-heal|p2a: Gastrodon|98\/100|[from] item: Leftovers\n|upkeep\n|\n|t:|1683283542\n|switch|p2b: Arcanine|Arcanine, L50, F|100\/100\n|-ability|p2b: Arcanine|Intimidate|boost\n|-unboost|p1a: Iron Hands|atk|1\n|-unboost|p1b: Kingambit|atk|1\n|-ability|p1b: Kingambit|Defiant|boost\n|-boost|p1b: Kingambit|atk|2\n|turn|7\n|\n|t:|1683283563\n|move|p1b: Kingambit|Protect|p1b: Kingambit\n|-singleturn|p1b: Kingambit|Protect\n|move|p2b: Arcanine|Flare Blitz|p1b: Kingambit\n|-activate|p1b: Kingambit|move: Protect\n|move|p1a: Iron Hands|Volt Switch|p2b: Arcanine\n|-damage|p2b: Arcanine|96\/100\n|\n|t:|1683283571\n|-end|p1a: Iron Hands|Quark Drive|[silent]\n|switch|p1a: Volcarona|Volcarona, L50, M|100\/100|[from] Volt Switch\n|move|p2a: Gastrodon|Earth Power|p1a: Volcarona\n|-damage|p1a: Volcarona|70\/100\n|\n|-heal|p2a: Gastrodon|100\/100|[from] item: Leftovers\n|upkeep\n|turn|8\n|\n|t:|1683283577\n|move|p1a: Volcarona|Rage Powder|p1a: Volcarona\n|-singleturn|p1a: Volcarona|move: Rage Powder\n|move|p1b: Kingambit|Sucker Punch|p2b: Arcanine\n|-damage|p2b: Arcanine|35\/100\n|-damage|p1b: Kingambit|7\/100|[from] item: Life Orb\n|move|p2b: Arcanine|Flare Blitz|p1b: Kingambit\n|-supereffective|p1b: Kingambit\n|-damage|p1b: Kingambit|0 fnt\n|faint|p1b: Kingambit\n|-damage|p2b: Arcanine|33\/100|[from] Recoil\n|move|p2a: Gastrodon|Muddy Water|p1a: Volcarona\n|-supereffective|p1a: Volcarona\n|-damage|p1a: Volcarona|16\/100\n|-unboost|p1a: Volcarona|accuracy|1\n|\n|upkeep\n|\n|t:|1683283591\n|switch|p1b: Iron Hands|Iron Hands, L50|57\/100\n|turn|9\n|\n|t:|1683283602\n|move|p1b: Iron Hands|Fake Out|p2a: Gastrodon\n|-damage|p2a: Gastrodon|93\/100\n|move|p1a: Volcarona|Tailwind|p1a: Volcarona\n|-sidestart|p1: PutPat|move: Tailwind\n|move|p2b: Arcanine|Will-O-Wisp|p1b: Iron Hands\n|-status|p1b: Iron Hands|brn\n|cant|p2a: Gastrodon|flinch\n|\n|-heal|p2a: Gastrodon|99\/100|[from] item: Leftovers\n|-damage|p1b: Iron Hands|51\/100 brn|[from] brn\n|-sideend|p2: Tipo Shitstorm|Reflect\n|upkeep\n|turn|10\n|\n|t:|1683283616\n|move|p2b: Arcanine|Protect|p2b: Arcanine\n|-singleturn|p2b: Arcanine|Protect\n|move|p1a: Volcarona|Fiery Dance|p2b: Arcanine\n|-activate|p2b: Arcanine|move: Protect\n|move|p1b: Iron Hands|Drain Punch|p2b: Arcanine\n|-activate|p2b: Arcanine|move: Protect\n|move|p2a: Gastrodon|Earth Power|p1b: Iron Hands\n|-supereffective|p1b: Iron Hands\n|-damage|p1b: Iron Hands|16\/100 brn\n|\n|-heal|p2a: Gastrodon|100\/100|[from] item: Leftovers\n|-damage|p1b: Iron Hands|10\/100 brn|[from] brn\n|-sideend|p2: Tipo Shitstorm|move: Light Screen\n|upkeep\n|turn|11\n|\n|t:|1683283628\n|move|p2b: Arcanine|Extreme Speed|p1a: Volcarona\n|-damage|p1a: Volcarona|0 fnt\n|-damage|p2b: Arcanine|17\/100|[from] item: Rocky Helmet|[of] p1a: Volcarona\n|faint|p1a: Volcarona\n|move|p1b: Iron Hands|Drain Punch|p2b: Arcanine\n|-damage|p2b: Arcanine|0 fnt\n|-heal|p1b: Iron Hands|16\/100 brn|[from] drain|[of] p2b: Arcanine\n|faint|p2b: Arcanine\n|move|p2a: Gastrodon|Muddy Water|p1b: Iron Hands\n|-damage|p1b: Iron Hands|0 fnt\n|faint|p1b: Iron Hands\n|-end|p1b: Iron Hands|Quark Drive|[silent]\n|\n|upkeep\n|\n|t:|1683283636\n|switch|p1b: Iron Bundle|Iron Bundle, L50|100\/100\n|turn|12\n|inactive|Tipo Shitstorm has 30 seconds left.\n|\n|t:|1683283670\n|move|p1b: Iron Bundle|Freeze-Dry|p2a: Gastrodon\n|-resisted|p2a: Gastrodon\n|-damage|p2a: Gastrodon|83\/100\n|-status|p2a: Gastrodon|frz\n|-curestatus|p2a: Gastrodon|frz|[msg]\n|move|p2a: Gastrodon|Earth Power|p1b: Iron Bundle\n|-crit|p1b: Iron Bundle\n|-damage|p1b: Iron Bundle|10\/100\n|\n|-heal|p2a: Gastrodon|89\/100|[from] item: Leftovers\n|-sideend|p1: PutPat|move: Tailwind\n|upkeep\n|turn|13\n|\n|t:|1683283679\n|move|p1b: Iron Bundle|Freeze-Dry|p2a: Gastrodon\n|-resisted|p2a: Gastrodon\n|-damage|p2a: Gastrodon|73\/100\n|move|p2a: Gastrodon|Earth Power|p1b: Iron Bundle\n|-damage|p1b: Iron Bundle|0 fnt\n|faint|p1b: Iron Bundle\n|-end|p1b: Iron Bundle|Quark Drive|[silent]\n|\n|win|Tipo Shitstorm\n|raw|PutPat's rating: 1233 → 1204<\/strong> (-29 for losing)\n|raw|Tipo Shitstorm's rating: 1170 → 1199<\/strong> (+29 for winning)\n|l|\u2606PutPat\n","uploadtime":1683283718,"views":13,"p1id":"putpat","p2id":"tiposhitstorm","formatid":"gen9vgc2023regulationc","rating":1199,"private":0,"password":""}