{"id":"gen9vgc2023regulationc-1846302713","p1":"BTBFHYCB","p2":"420YourMom","format":"[Gen 9] VGC 2023 Regulation C","log":"|j|\u2606BTBFHYCB\n|j|\u2606420YourMom\n|t:|1681829926\n|gametype|doubles\n|player|p1|BTBFHYCB|101|1293\n|player|p2|420YourMom|marnie-league|1265\n|teamsize|p1|6\n|teamsize|p2|6\n|gen|9\n|tier|[Gen 9] VGC 2023 Regulation C\n|rated|\n|rule|Species Clause: Limit one of each Pok\u00e9mon\n|rule|Item Clause: Limit one of each item\n|clearpoke\n|poke|p1|Baxcalibur, L50, M|\n|poke|p1|Palafin, L50, M|\n|poke|p1|Amoonguss, L50, F|\n|poke|p1|Ting-Lu, L50|\n|poke|p1|Arcanine, L50, M|\n|poke|p1|Flutter Mane, L50|\n|poke|p2|Palafin, L50, M|\n|poke|p2|Arcanine, L50, F|\n|poke|p2|Amoonguss, L50, F|\n|poke|p2|Ting-Lu, L50|\n|poke|p2|Baxcalibur, L50, M|\n|poke|p2|Flutter Mane, L50|\n|teampreview|4\n420YourMom has agreed to open team sheets.\n|inactive|Battle timer is ON: inactive players will automatically lose when time's up. (requested by 420YourMom)\n|inactive|BTBFHYCB has 60 seconds left.\n|\n|t:|1681829977\n|start\n|switch|p1a: Ting-Lu|Ting-Lu, L50|100\/100\n|switch|p1b: Baxcalibur|Baxcalibur, L50, M|100\/100\n|switch|p2a: Palafin|Palafin, L50, M|100\/100\n|switch|p2b: Arcanine|Arcanine, L50, F|100\/100\n|-ability|p2b: Arcanine|Intimidate|boost\n|-unboost|p1a: Ting-Lu|atk|1\n|-fail|p1b: Baxcalibur|unboost|[from] item: Clear Amulet|[of] p1b: Baxcalibur\n|-ability|p1a: Ting-Lu|Vessel of Ruin\n|turn|1\n|inactive|BTBFHYCB has 30 seconds left.\n|\n|t:|1681830002\n|detailschange|p2a: Palafin|Palafin-Hero, L50, M\n|switch|p2a: Amoonguss|Amoonguss, L50, F|100\/100\n|switch|p1a: Arcanine|Arcanine, L50, M|100\/100\n|-ability|p1a: Arcanine|Intimidate|boost\n|-unboost|p2a: Amoonguss|atk|1\n|-unboost|p2b: Arcanine|atk|1\n|move|p2b: Arcanine|Will-O-Wisp|p1a: Arcanine\n|-immune|p1a: Arcanine\n|move|p1b: Baxcalibur|Glaive Rush|p2b: Arcanine\n|-damage|p2b: Arcanine|3\/100\n|-singlemove|p1b: Baxcalibur|Glaive Rush|[silent]\n|\n|upkeep\n|turn|2\n|\n|t:|1681830023\n|switch|p2b: Palafin|Palafin-Hero, L50, M|100\/100\n|-activate|p2b: Palafin|ability: Zero to Hero\n|move|p1b: Baxcalibur|Protect|p1b: Baxcalibur\n|-singleturn|p1b: Baxcalibur|Protect\n|move|p1a: Arcanine|Flare Blitz|p2a: Amoonguss\n|-supereffective|p2a: Amoonguss\n|-damage|p2a: Amoonguss|0 fnt\n|faint|p2a: Amoonguss\n|-damage|p1a: Arcanine|58\/100|[from] Recoil\n|\n|upkeep\n|c|\u2606420YourMom|is that max adamant? lol\n|\n|t:|1681830041\n|switch|p2a: Arcanine|Arcanine, L50, F|3\/100\n|-ability|p2a: Arcanine|Intimidate|boost\n|-unboost|p1a: Arcanine|atk|1\n|-fail|p1b: Baxcalibur|unboost|[from] item: Clear Amulet|[of] p1b: Baxcalibur\n|turn|3\n|inactive|420YourMom has 30 seconds left.\n|\n|t:|1681830070\n|switch|p1a: Amoonguss|Amoonguss, L50, F|100\/100\n|move|p2b: Palafin|Jet Punch|p1a: Amoonguss\n|-resisted|p1a: Amoonguss\n|-damage|p1a: Amoonguss|81\/100\n|move|p1b: Baxcalibur|Ice Shard|p2a: Arcanine\n|-resisted|p2a: Arcanine\n|-damage|p2a: Arcanine|0 fnt\n|faint|p2a: Arcanine\n|\n|upkeep\n|\n|t:|1681830077\n|switch|p2a: Baxcalibur|Baxcalibur, L50, M|100\/100\n|turn|4\n|\n|t:|1681830093\n|switch|p1a: Arcanine|Arcanine, L50, M|58\/100\n|-ability|p1a: Arcanine|Intimidate|boost\n|-fail|p2a: Baxcalibur|unboost|[from] item: Clear Amulet|[of] p2a: Baxcalibur\n|-unboost|p2b: Palafin|atk|1\n|-terastallize|p2a: Baxcalibur|Poison\n|move|p2a: Baxcalibur|Icicle Crash|p1a: Arcanine\n|-resisted|p1a: Arcanine\n|-damage|p1a: Arcanine|28\/100\n|move|p2b: Palafin|Substitute|p2b: Palafin\n|-start|p2b: Palafin|Substitute\n|-damage|p2b: Palafin|76\/100\n|move|p1b: Baxcalibur|Glaive Rush|p2b: Palafin\n|-end|p2b: Palafin|Substitute\n|-singlemove|p1b: Baxcalibur|Glaive Rush|[silent]\n|\n|upkeep\n|turn|5\n|inactive|BTBFHYCB has 30 seconds left.\n|\n|t:|1681830125\n|-terastallize|p1b: Baxcalibur|Ghost\n|move|p1a: Arcanine|Protect|p1a: Arcanine\n|-singleturn|p1a: Arcanine|Protect\n|move|p1b: Baxcalibur|Ice Shard|p2a: Baxcalibur\n|-damage|p2a: Baxcalibur|76\/100\n|move|p2a: Baxcalibur|Icicle Crash|p1a: Arcanine\n|-activate|p1a: Arcanine|move: Protect\n|move|p2b: Palafin|Substitute|p2b: Palafin\n|-start|p2b: Palafin|Substitute\n|-damage|p2b: Palafin|51\/100\n|\n|upkeep\n|turn|6\n|\n|t:|1681830144\n|switch|p1a: Amoonguss|Amoonguss, L50, F|100\/100\n|move|p2a: Baxcalibur|Icicle Crash|p1a: Amoonguss\n|-supereffective|p1a: Amoonguss\n|-damage|p1a: Amoonguss|27\/100\n|-enditem|p1a: Amoonguss|Sitrus Berry|[eat]\n|-heal|p1a: Amoonguss|52\/100|[from] item: Sitrus Berry\n|move|p2b: Palafin|Wave Crash|p1b: Baxcalibur\n|-damage|p1b: Baxcalibur|49\/100\n|-damage|p2b: Palafin|33\/100|[from] Recoil\n|move|p1b: Baxcalibur|Glaive Rush|p2a: Baxcalibur\n|-damage|p2a: Baxcalibur|0 fnt\n|-singlemove|p1b: Baxcalibur|Glaive Rush|[silent]\n|faint|p2a: Baxcalibur\n|\n|upkeep\n|turn|7\n|-message|420YourMom forfeited.\n|\n|win|BTBFHYCB\n|raw|BTBFHYCB's rating: 1293 → 1316<\/strong> (+23 for winning)\n|raw|420YourMom's rating: 1265 → 1242<\/strong> (-23 for losing)\n","uploadtime":1681830162,"views":4,"p1id":"btbfhycb","p2id":"420yourmom","formatid":"gen9vgc2023regulationc","rating":1242,"private":0,"password":""}