{"id":"gen9vgc2023regulationc-1846201724","p1":"rayo4817","p2":"fart1103","format":"[Gen 9] VGC 2023 Regulation C","log":"|j|\u2606rayo4817\n|j|\u2606fart1103\n|t:|1681820612\n|gametype|doubles\n|player|p1|rayo4817|266|1174\n|player|p2|fart1103|cilan|1233\n|teamsize|p1|6\n|teamsize|p2|6\n|gen|9\n|tier|[Gen 9] VGC 2023 Regulation C\n|rated|\n|rule|Species Clause: Limit one of each Pok\u00e9mon\n|rule|Item Clause: Limit one of each item\n|clearpoke\n|poke|p1|Palafin, L50, M|\n|poke|p1|Flutter Mane, L50|\n|poke|p1|Amoonguss, L50, M|\n|poke|p1|Arcanine, L50, F|\n|poke|p1|Ting-Lu, L50|\n|poke|p1|Roaring Moon, L50|\n|poke|p2|Palafin, L50, F|\n|poke|p2|Flutter Mane, L50|\n|poke|p2|Arcanine, L50, F|\n|poke|p2|Baxcalibur, L50, F|\n|poke|p2|Amoonguss, L50, M|\n|poke|p2|Ditto, L50|\n|teampreview|4\n|inactive|Battle timer is ON: inactive players will automatically lose when time's up. (requested by fart1103)\nrayo4817 has agreed to open team sheets.\n|inactive|rayo4817 has 60 seconds left.\n|\n|t:|1681820663\n|start\n|switch|p1a: Roaring Moon|Roaring Moon, L50|100\/100\n|switch|p1b: Ting-Lu|Ting-Lu, L50|100\/100\n|switch|p2a: Palafin|Palafin, L50, F|100\/100\n|switch|p2b: Baxcalibur|Baxcalibur, L50, F|100\/100\n|-ability|p1b: Ting-Lu|Vessel of Ruin\n|-enditem|p1a: Roaring Moon|Booster Energy\n|-activate|p1a: Roaring Moon|ability: Protosynthesis|[fromitem]\n|-start|p1a: Roaring Moon|protosynthesisatk\n|turn|1\n|inactive|rayo4817 has 30 seconds left.\n|inactive|fart1103 has 30 seconds left.\n|inactive|rayo4817 has 20 seconds left.\n|inactive|fart1103 has 20 seconds left.\n|inactive|fart1103 has 15 seconds left.\n|\n|t:|1681820718\n|detailschange|p2a: Palafin|Palafin-Hero, L50, F\n|switch|p2a: Amoonguss|Amoonguss, L50, M|100\/100\n|-terastallize|p1a: Roaring Moon|Flying\n|-terastallize|p2b: Baxcalibur|Poison\n|move|p1a: Roaring Moon|Dragon Dance|p1a: Roaring Moon\n|-boost|p1a: Roaring Moon|atk|1\n|-boost|p1a: Roaring Moon|spe|1\n|move|p2b: Baxcalibur|Glaive Rush|p1a: Roaring Moon\n|-damage|p1a: Roaring Moon|27\/100\n|-singlemove|p2b: Baxcalibur|Glaive Rush|[silent]\n|move|p1b: Ting-Lu|Fissure|p2b: Baxcalibur\n|-damage|p2b: Baxcalibur|0 fnt\n|faint|p2b: Baxcalibur\n|-ohko\n|\n|upkeep\n|\n|t:|1681820725\n|switch|p2b: Palafin|Palafin-Hero, L50, F|100\/100\n|-activate|p2b: Palafin|ability: Zero to Hero\n|turn|2\n|\n|t:|1681820741\n|move|p1a: Roaring Moon|Protect|p1a: Roaring Moon\n|-singleturn|p1a: Roaring Moon|Protect\n|move|p2b: Palafin|Substitute|p2b: Palafin\n|-start|p2b: Palafin|Substitute\n|-damage|p2b: Palafin|76\/100\n|move|p1b: Ting-Lu|Fissure|p2a: Amoonguss\n|-damage|p2a: Amoonguss|0 fnt\n|faint|p2a: Amoonguss\n|-ohko\n|\n|upkeep\n|\n|t:|1681820748\n|switch|p2a: Ditto|Ditto, L50|100\/100\n|-transform|p2a: Ditto|p1b: Ting-Lu|[from] ability: Imposter\n|-ability|p2a: Ditto|Vessel of Ruin\n|turn|3\n|\n|t:|1681820772\n|switch|p1b: Arcanine|Arcanine, L50, F|100\/100\n|-ability|p1b: Arcanine|Intimidate|boost\n|-unboost|p2a: Ditto|atk|1\n|-immune|p2b: Palafin\n|move|p2b: Palafin|Jet Punch|p1a: Roaring Moon\n|-damage|p1a: Roaring Moon|0 fnt\n|faint|p1a: Roaring Moon\n|-end|p1a: Roaring Moon|Protosynthesis|[silent]\n|move|p2a: Ditto|Fissure|p1b: Arcanine|[miss]\n|-miss|p2a: Ditto|p1b: Arcanine\n|\n|upkeep\n|\n|t:|1681820790\n|switch|p1a: Amoonguss|Amoonguss, L50, M|100\/100\n|turn|4\n|c|\u2606fart1103|of course i miss\n|inactive|fart1103 has 30 seconds left.\n|\n|t:|1681820816\n|move|p1b: Arcanine|Flare Blitz|p2b: Palafin\n|-resisted|p2b: Palafin\n|-activate|p2b: Palafin|move: Substitute|[damage]\n|-damage|p1b: Arcanine|93\/100|[from] Recoil|[of] p2b: Palafin\n|move|p2b: Palafin|Wave Crash|p1b: Arcanine\n|-supereffective|p1b: Arcanine\n|-damage|p1b: Arcanine|0 fnt\n|faint|p1b: Arcanine\n|-damage|p2b: Palafin|47\/100|[from] Recoil\n|move|p2a: Ditto|Fissure|p1a: Amoonguss|[miss]\n|-miss|p2a: Ditto|p1a: Amoonguss\n|move|p1a: Amoonguss|Spore||[still]\n|-fail|p1a: Amoonguss\n|\n|upkeep\n|\n|t:|1681820830\n|switch|p1b: Ting-Lu|Ting-Lu, L50|100\/100\n|-ability|p1b: Ting-Lu|Vessel of Ruin\n|turn|5\n|\n|t:|1681820842\n|move|p2b: Palafin|Wave Crash|p1b: Ting-Lu\n|-supereffective|p1b: Ting-Lu\n|-damage|p1b: Ting-Lu|0 fnt\n|faint|p1b: Ting-Lu\n|-damage|p2b: Palafin|8\/100|[from] Recoil\n|move|p2a: Ditto|Fissure|p1a: Amoonguss|[miss]\n|-miss|p2a: Ditto|p1a: Amoonguss\n|move|p1a: Amoonguss|Spore|p2a: Ditto\n|-status|p2a: Ditto|slp|[from] move: Spore\n|\n|upkeep\n|turn|6\n|\n|t:|1681820859\n|move|p2b: Palafin|Protect|p2b: Palafin\n|-singleturn|p2b: Palafin|Protect\n|cant|p2a: Ditto|slp\n|move|p1a: Amoonguss|Pollen Puff|p2b: Palafin\n|-activate|p2b: Palafin|move: Protect\n|\n|upkeep\n|turn|7\n|\n|t:|1681820870\n|move|p2b: Palafin|Wave Crash|p1a: Amoonguss\n|-resisted|p1a: Amoonguss\n|-damage|p1a: Amoonguss|54\/100\n|-damage|p2b: Palafin|0 fnt|[from] Recoil\n|faint|p2b: Palafin\n|cant|p2a: Ditto|slp\n|move|p1a: Amoonguss|Pollen Puff|p2a: Ditto\n|-supereffective|p2a: Ditto\n|-damage|p2a: Ditto|70\/100 slp\n|\n|upkeep\n|turn|8\n|\n|t:|1681820891\n|-curestatus|p2a: Ditto|slp|[msg]\n|move|p2a: Ditto|Fissure|p1a: Amoonguss\n|-damage|p1a: Amoonguss|0 fnt\n|faint|p1a: Amoonguss\n|-ohko\n|\n|win|fart1103\n|raw|rayo4817's rating: 1174 → 1153<\/strong> (-21 for losing)\n|raw|fart1103's rating: 1233 → 1254<\/strong> (+21 for winning)\n|l|\u2606rayo4817\n","uploadtime":1681820911,"views":6,"p1id":"rayo4817","p2id":"fart1103","formatid":"gen9vgc2023regulationc","rating":1153,"private":0,"password":""}