{"id":"gen9vgc2023regulationc-1851533349","p1":"robbbo","p2":"TingLusing","format":"[Gen 9] VGC 2023 Regulation C","log":"|j|\u2606robbbo\n|j|\u2606TingLusing\n|t:|1682453264\n|gametype|doubles\n|player|p1|robbbo|169|1463\n|player|p2|TingLusing|marnie-league|1501\n|teamsize|p1|6\n|teamsize|p2|6\n|gen|9\n|tier|[Gen 9] VGC 2023 Regulation C\n|rated|\n|rule|Species Clause: Limit one of each Pok\u00e9mon\n|rule|Item Clause: Limit one of each item\n|clearpoke\n|poke|p1|Orthworm, L50, M|\n|poke|p1|Gothitelle, L50, F|\n|poke|p1|Torkoal, L50, F|\n|poke|p1|Flutter Mane, L50|\n|poke|p1|Iron Hands, L50|\n|poke|p1|Ting-Lu, L50|\n|poke|p2|Palafin, L50, F|\n|poke|p2|Arcanine, L50, F|\n|poke|p2|Amoonguss, L50, M|\n|poke|p2|Kingambit, L50, M|\n|poke|p2|Flutter Mane, L50|\n|poke|p2|Dragonite, L50, M|\n|teampreview|4\n|inactive|Battle timer is ON: inactive players will automatically lose when time's up. (requested by robbbo)\nTingLusing has agreed to open team sheets.\n|inactive|TingLusing has 60 seconds left.\n|\n|t:|1682453308\n|start\n|switch|p1a: Orthworm|Orthworm, L50, M|100\/100\n|switch|p1b: Gothitelle|Gothitelle, L50, F|100\/100\n|switch|p2a: Flutter Mane|Flutter Mane, L50|100\/100\n|switch|p2b: Kingambit|Kingambit, L50, M|100\/100\n|-enditem|p2a: Flutter Mane|Booster Energy\n|-activate|p2a: Flutter Mane|ability: Protosynthesis|[fromitem]\n|-start|p2a: Flutter Mane|protosynthesisspa\n|turn|1\n|inactive|robbbo has 30 seconds left.\n|\n|t:|1682453336\n|move|p2a: Flutter Mane|Shadow Ball|p1b: Gothitelle\n|-supereffective|p1b: Gothitelle\n|-damage|p1b: Gothitelle|11\/100\n|move|p1a: Orthworm|Heavy Slam|p2a: Flutter Mane\n|-supereffective|p2a: Flutter Mane\n|-damage|p2a: Flutter Mane|0 fnt\n|faint|p2a: Flutter Mane\n|-end|p2a: Flutter Mane|Protosynthesis|[silent]\n|move|p2b: Kingambit|Swords Dance|p2b: Kingambit\n|-boost|p2b: Kingambit|atk|2\n|move|p1b: Gothitelle|Trick Room|p1b: Gothitelle\n|-fieldstart|move: Trick Room|[of] p1b: Gothitelle\n|\n|upkeep\n|\n|t:|1682453350\n|switch|p2a: Arcanine|Arcanine, L50, F|100\/100\n|-ability|p2a: Arcanine|Intimidate|boost\n|-unboost|p1a: Orthworm|atk|1\n|-unboost|p1b: Gothitelle|atk|1\n|turn|2\n|\n|t:|1682453368\n|move|p1b: Gothitelle|Helping Hand|p1a: Orthworm\n|-singleturn|p1a: Orthworm|Helping Hand|[of] p1b: Gothitelle\n|move|p2b: Kingambit|Protect|p2b: Kingambit\n|-singleturn|p2b: Kingambit|Protect\n|move|p1a: Orthworm|Body Press|p2b: Kingambit\n|-activate|p2b: Kingambit|move: Protect\n|move|p2a: Arcanine|Will-O-Wisp|p1a: Orthworm\n|-status|p1a: Orthworm|brn\n|\n|-damage|p1a: Orthworm|94\/100 brn|[from] brn\n|upkeep\n|turn|3\n|\n|t:|1682453391\n|-terastallize|p2b: Kingambit|Dark\n|move|p2b: Kingambit|Swords Dance|p2b: Kingambit\n|-boost|p2b: Kingambit|atk|2\n|move|p1a: Orthworm|Iron Defense|p1a: Orthworm\n|-boost|p1a: Orthworm|def|2\n|move|p1b: Gothitelle|Psychic|p2a: Arcanine\n|-damage|p2a: Arcanine|70\/100\n|move|p2a: Arcanine|Flare Blitz|p1a: Orthworm\n|-supereffective|p1a: Orthworm\n|-damage|p1a: Orthworm|62\/100 brn\n|-damage|p2a: Arcanine|60\/100|[from] Recoil\n|\n|-damage|p1a: Orthworm|56\/100 brn|[from] brn\n|upkeep\n|turn|4\n|\n|t:|1682453410\n|move|p1b: Gothitelle|Helping Hand|p1a: Orthworm\n|-singleturn|p1a: Orthworm|Helping Hand|[of] p1b: Gothitelle\n|move|p2b: Kingambit|Protect|p2b: Kingambit\n|-singleturn|p2b: Kingambit|Protect\n|move|p1a: Orthworm|Body Press|p2b: Kingambit\n|-activate|p2b: Kingambit|move: Protect\n|move|p2a: Arcanine|Flare Blitz|p1a: Orthworm\n|-supereffective|p1a: Orthworm\n|-crit|p1a: Orthworm\n|-damage|p1a: Orthworm|0 fnt\n|faint|p1a: Orthworm\n|-damage|p2a: Arcanine|44\/100|[from] Recoil\n|\n|upkeep\n|\n|t:|1682453424\n|switch|p1a: Torkoal|Torkoal, L50, F|100\/100\n|-weather|SunnyDay|[from] ability: Drought|[of] p1a: Torkoal\n|turn|5\n|\n|t:|1682453433\n|-terastallize|p1a: Torkoal|Fire\n|move|p1b: Gothitelle|Helping Hand|p1a: Torkoal\n|-singleturn|p1a: Torkoal|Helping Hand|[of] p1b: Gothitelle\n|move|p2a: Arcanine|Extreme Speed|p1a: Torkoal\n|-damage|p1a: Torkoal|85\/100\n|move|p2b: Kingambit|Sucker Punch|p1a: Torkoal\n|-damage|p1a: Torkoal|0 fnt\n|faint|p1a: Torkoal\n|\n|-weather|SunnyDay|[upkeep]\n|-fieldend|move: Trick Room\n|upkeep\n|\n|t:|1682453446\n|switch|p1a: Iron Hands|Iron Hands, L50|100\/100\n|turn|6\n|\n|t:|1682453454\n|move|p2a: Arcanine|Will-O-Wisp|p1a: Iron Hands\n|-status|p1a: Iron Hands|brn\n|move|p1b: Gothitelle|Psychic|p2a: Arcanine\n|-damage|p2a: Arcanine|12\/100\n|move|p2b: Kingambit|Kowtow Cleave|p1b: Gothitelle\n|-supereffective|p1b: Gothitelle\n|-enditem|p1b: Gothitelle|Colbur Berry|[eat]\n|-enditem|p1b: Gothitelle|Colbur Berry|[weaken]\n|-damage|p1b: Gothitelle|0 fnt\n|faint|p1b: Gothitelle\n|move|p1a: Iron Hands|Swords Dance|p1a: Iron Hands\n|-boost|p1a: Iron Hands|atk|2\n|\n|-weather|SunnyDay|[upkeep]\n|-damage|p1a: Iron Hands|94\/100 brn|[from] brn\n|upkeep\n|turn|7\n|\n|t:|1682453472\n|move|p2a: Arcanine|Flare Blitz|p1a: Iron Hands\n|-damage|p1a: Iron Hands|47\/100 brn\n|-damage|p2a: Arcanine|0 fnt|[from] Recoil\n|faint|p2a: Arcanine\n|move|p2b: Kingambit|Kowtow Cleave|p1a: Iron Hands\n|-resisted|p1a: Iron Hands\n|-damage|p1a: Iron Hands|0 fnt\n|faint|p1a: Iron Hands\n|-end|p1a: Iron Hands|Quark Drive|[silent]\n|\n|win|TingLusing\n|raw|robbbo's rating: 1463 → 1445<\/strong> (-18 for losing)\n|raw|TingLusing's rating: 1501 → 1519<\/strong> (+18 for winning)\n","uploadtime":1682453479,"views":16,"p1id":"robbbo","p2id":"tinglusing","formatid":"gen9vgc2023regulationc","rating":1445,"private":0,"password":""}