{"id":"gen9vgc2023regulationc-1862698102","p1":"Fabilex","p2":"Juligut","format":"[Gen 9] VGC 2023 Regulation C","log":"|j|\u2606Fabilex\n|j|\u2606Juligut\n|t:|1683913178\n|gametype|doubles\n|player|p1|Fabilex|266|\n|player|p2|Juligut|beauty-gen3|\n|teamsize|p1|6\n|teamsize|p2|6\n|gen|9\n|tier|[Gen 9] VGC 2023 Regulation C\n|rule|Species Clause: Limit one of each Pok\u00e9mon\n|rule|Item Clause: Limit one of each item\n|clearpoke\n|poke|p1|Sandy Shocks, L50|\n|poke|p1|Pikachu, L50, M|\n|poke|p1|Espathra, L50, F|\n|poke|p1|Haxorus, L50, M|\n|poke|p1|Hatterene, L50, F|\n|poke|p1|Zoroark, L50, F|\n|poke|p2|Gothitelle, L50, F|\n|poke|p2|Scream Tail, L50|\n|poke|p2|Slither Wing, L50|\n|poke|p2|Gengar, L50, F|\n|poke|p2|Abomasnow, L50, M|\n|poke|p2|Hydreigon, L50, M|\n|teampreview|4\n|c|\u2606Fabilex|glhf\n|c|\u2606Juligut|u 2 :D\n|c|\u2606Fabilex|Wie kriegt man den Bot rein?\n|c|\u2606Juligut|irgendwie will der bot nicht\n|c|\u2606Juligut|warte kurz pls\n|c|\u2606Fabilex|Kk\n|c|\u2606Juligut|ich frage kurz im caht\n|c|\u2606Juligut|chat\n|c|\u2606Juligut|sonst geh du mal bitte in den live link channel und gib \/join mit sd link ein\n|c|\u2606Fabilex|Hab schon versucht\n|c|\u2606Fabilex|Kack bot\n|c|\u2606Juligut|hmm, ich tagge kurz esvee\n|c|\u2606Juligut|hmm was machen wir jetzt? einfach zocken und alles aufschreiben oder sollen wir das so nicht machen?\n|c|\u2606Fabilex|Ka tbh\n|c|\u2606Juligut|hast du das match auf privat?\n|c|\u2606Juligut|Sonst challenge ich dich nochmal, ka ob das was \u00e4ndert, aber ist irgendwie ja dann auch nen neustart xD\n|c|\u2606Juligut|ich mein nen 2. match m\u00fcssen wir eh machen\n|c|\u2606Fabilex|Ka, versuchen wa mal\n|c|\u2606Fabilex|Dann machen wir hier erstmal den ersten Kampf, ohne Bot? W\u00fcrde mir dann heute Abend oder morgen fr\u00fch die Sachen aufschreiben durch das Replay usw\n|j| Tikaoo\n|c|\u2606Juligut|jo\n|c|\u2606Juligut|ich schreibe nebenbei im chat mit\n|\n|t:|1683913767\n|start\n|switch|p1a: Sandy Shocks|Sandy Shocks, L50|100\/100\n|switch|p1b: Espathra|Espathra, L50, F|100\/100\n|switch|p2a: 12 inches of snow|Abomasnow, L50, M|100\/100\n|switch|p2b: Get Winged|Slither Wing, L50|100\/100\n|-weather|Snow|[from] ability: Snow Warning|[of] p2a: 12 inches of snow\n|-enditem|p1a: Sandy Shocks|Booster Energy\n|-activate|p1a: Sandy Shocks|ability: Protosynthesis|[fromitem]\n|-start|p1a: Sandy Shocks|protosynthesisspe\n|turn|1\n|c| Tikaoo|F porygon\n|c|\u2606Juligut|so finally hf :D\n|\n|t:|1683913791\n|move|p1b: Espathra|Protect|p1b: Espathra\n|-singleturn|p1b: Espathra|Protect\n|move|p2b: Get Winged|First Impression|p1b: Espathra\n|-activate|p1b: Espathra|move: Protect\n|move|p1a: Sandy Shocks|Gravity|p1a: Sandy Shocks\n|-fieldstart|move: Gravity\n|move|p2a: 12 inches of snow|Blizzard|p1a: Sandy Shocks|[spread] p1a\n|-activate|p1b: Espathra|move: Protect\n|-supereffective|p1a: Sandy Shocks\n|-damage|p1a: Sandy Shocks|15\/100\n|-status|p1a: Sandy Shocks|frz\n|\n|-weather|Snow|[upkeep]\n|-ability|p1b: Espathra|Speed Boost|boost\n|-boost|p1b: Espathra|spe|1\n|upkeep\n|turn|2\n|c|\u2606Fabilex|Damn ok\n|\n|t:|1683913818\n|-end|p2b: Get Winged|Protosynthesis|[silent]\n|switch|p2b: Hydreithere|Hydreigon, L50, M|100\/100\n|move|p2a: 12 inches of snow|Ice Shard|p1a: Sandy Shocks\n|-supereffective|p1a: Sandy Shocks\n|-damage|p1a: Sandy Shocks|0 fnt\n|faint|p1a: Sandy Shocks\n|-end|p1a: Sandy Shocks|Protosynthesis|[silent]\n|move|p1b: Espathra|Hypnosis|p2b: Hydreithere\n|-status|p2b: Hydreithere|slp|[from] move: Hypnosis\n|\n|-weather|Snow|[upkeep]\n|-ability|p1b: Espathra|Speed Boost|boost\n|-boost|p1b: Espathra|spe|1\n|upkeep\n|\n|t:|1683913828\n|switch|p1a: Hatterene|Hatterene, L50, F|100\/100\n|turn|3\n|\n|t:|1683913875\n|switch|p2b: Gengarnicht|Gengar, L50, F|100\/100\n|move|p1b: Espathra|Hypnosis|p2a: 12 inches of snow\n|-status|p2a: 12 inches of snow|slp|[from] move: Hypnosis\n|cant|p2a: 12 inches of snow|slp\n|move|p1a: Hatterene|Dazzling Gleam|p2b: Gengarnicht|[spread] p2a,p2b\n|-resisted|p2b: Gengarnicht\n|-damage|p2a: 12 inches of snow|67\/100 slp\n|-damage|p2b: Gengarnicht|75\/100\n|-enditem|p2b: Gengarnicht|Air Balloon\n|\n|-weather|Snow|[upkeep]\n|-ability|p1b: Espathra|Speed Boost|boost\n|-boost|p1b: Espathra|spe|1\n|upkeep\n|turn|4\n|j| xMissingName\n|\n|t:|1683913900\n|move|p2b: Gengarnicht|Protect|p2b: Gengarnicht\n|-singleturn|p2b: Gengarnicht|Protect\n|move|p1b: Espathra|Lumina Crash|p2b: Gengarnicht\n|-activate|p2b: Gengarnicht|move: Protect\n|cant|p2a: 12 inches of snow|slp\n|move|p1a: Hatterene|Dazzling Gleam|p2a: 12 inches of snow|[spread] p2a\n|-activate|p2b: Gengarnicht|move: Protect\n|-crit|p2a: 12 inches of snow\n|-damage|p2a: 12 inches of snow|18\/100 slp\n|\n|-weather|Snow|[upkeep]\n|-ability|p1b: Espathra|Speed Boost|boost\n|-boost|p1b: Espathra|spe|1\n|upkeep\n|turn|5\n|\n|t:|1683913950\n|move|p2b: Gengarnicht|Protect||[still]\n|-fail|p2b: Gengarnicht\n|cant|p2a: 12 inches of snow|slp\n|move|p1b: Espathra|Lumina Crash|p2a: 12 inches of snow\n|-damage|p2a: 12 inches of snow|0 fnt\n|faint|p2a: 12 inches of snow\n|move|p1a: Hatterene|Dazzling Gleam|p2b: Gengarnicht\n|-resisted|p2b: Gengarnicht\n|-damage|p2b: Gengarnicht|44\/100\n|-start|p1a: Hatterene|Disable|Dazzling Gleam|[from] ability: Cursed Body|[of] p2b: Gengarnicht\n|\n|-weather|none\n|-fieldend|move: Gravity\n|-ability|p1b: Espathra|Speed Boost|boost\n|-boost|p1b: Espathra|spe|1\n|upkeep\n|\n|t:|1683913960\n|switch|p2a: Get Winged|Slither Wing, L50|100\/100\n|turn|6\n|c|\u2606Juligut|espathra\n|c|\u2606Juligut|1\n|\n|t:|1683914001\n|-terastallize|p1a: Hatterene|Steel\n|move|p1b: Espathra|Protect|p1b: Espathra\n|-singleturn|p1b: Espathra|Protect\n|move|p2a: Get Winged|First Impression|p1a: Hatterene\n|-resisted|p1a: Hatterene\n|-damage|p1a: Hatterene|68\/100\n|move|p2b: Gengarnicht|Sludge Bomb|p1a: Hatterene\n|-immune|p1a: Hatterene\n|move|p1a: Hatterene|Trick Room|p1a: Hatterene\n|-fieldstart|move: Trick Room|[of] p1a: Hatterene\n|\n|-ability|p1b: Espathra|Speed Boost|boost\n|-boost|p1b: Espathra|spe|1\n|upkeep\n|turn|7\n|\n|t:|1683914032\n|move|p1a: Hatterene|Psychic|p2a: Get Winged\n|-supereffective|p2a: Get Winged\n|-damage|p2a: Get Winged|11\/100\n|move|p2a: Get Winged|Leech Life|p1b: Espathra\n|-supereffective|p1b: Espathra\n|-enditem|p1b: Espathra|Focus Sash\n|-damage|p1b: Espathra|1\/100\n|-heal|p2a: Get Winged|64\/100|[from] drain|[of] p1b: Espathra\n|move|p2b: Gengarnicht|Shadow Ball|p1b: Espathra\n|-supereffective|p1b: Espathra\n|-damage|p1b: Espathra|0 fnt\n|faint|p1b: Espathra\n|\n|upkeep\n|\n|t:|1683914050\n|switch|p1b: J\u00e4ger|Haxorus, L50, M|100\/100\n|-ability|p1b: J\u00e4ger|Mold Breaker\n|turn|8\n|\n|t:|1683914083\n|-terastallize|p2b: Gengarnicht|Poison\n|move|p2a: Get Winged|Protect|p2a: Get Winged\n|-singleturn|p2a: Get Winged|Protect\n|move|p1a: Hatterene|Psychic|p2a: Get Winged\n|-activate|p2a: Get Winged|move: Protect\n|move|p1b: J\u00e4ger|Dragon Claw|p2b: Gengarnicht\n|-damage|p2b: Gengarnicht|0 fnt\n|faint|p2b: Gengarnicht\n|\n|-end|p1a: Hatterene|Disable\n|upkeep\n|\n|t:|1683914091\n|switch|p2b: Hydreithere|Hydreigon, L50, M|100\/100 slp\n|turn|9\n|c|\u2606Juligut|maxax 1\n|c|\u2606Juligut|gengar 1\n|\n|t:|1683914143\n|move|p1a: Hatterene|Psychic|p2a: Get Winged\n|-supereffective|p2a: Get Winged\n|-damage|p2a: Get Winged|0 fnt\n|faint|p2a: Get Winged\n|-end|p2a: Get Winged|Protosynthesis|[silent]\n|move|p1b: J\u00e4ger|Dragon Claw|p2b: Hydreithere\n|-supereffective|p2b: Hydreithere\n|-damage|p2b: Hydreithere|0 fnt\n|faint|p2b: Hydreithere\n|\n|win|Fabilex\n|c|\u2606Juligut|hatterene 1\n|c|\u2606Juligut|maxax 2\n|l| Tikaoo\n|l| xMissingName\n","uploadtime":1683914162,"views":11,"p1id":"fabilex","p2id":"juligut","formatid":"gen9vgc2023regulationc","rating":0,"private":0,"password":""}