{"id":"gen9vgc2023regulationc-1849340726","p1":"FurretSucksVGC","p2":"Zeus02","format":"[Gen 9] VGC 2023 Regulation C","log":"|j|\u2606FurretSucksVGC\n|j|\u2606Zeus02\n|t:|1682187737\n|gametype|doubles\n|player|p1|FurretSucksVGC|hilbert|1519\n|player|p2|Zeus02|red|1523\n|teamsize|p1|6\n|teamsize|p2|6\n|gen|9\n|tier|[Gen 9] VGC 2023 Regulation C\n|rated|\n|rule|Species Clause: Limit one of each Pok\u00e9mon\n|rule|Item Clause: Limit one of each item\n|clearpoke\n|poke|p1|Skeledirge, L50, F|\n|poke|p1|Kingambit, L50, M|\n|poke|p1|Maushold, L50|\n|poke|p1|Wo-Chien, L50|\n|poke|p1|Florges, L50, F|\n|poke|p1|Lucario, L50, M|\n|poke|p2|Dragonite, L50, F|\n|poke|p2|Orthworm, L50, F|\n|poke|p2|Chien-Pao, L50|\n|poke|p2|Flutter Mane, L50|\n|poke|p2|Ting-Lu, L50|\n|poke|p2|Arcanine, L50, M|\n|teampreview|4\nFurretSucksVGC has agreed to open team sheets.\n|j| jdarcan\n|inactive|Battle timer is ON: inactive players will automatically lose when time's up. (requested by Zeus02)\n|\n|t:|1682187821\n|start\n|switch|p1a: Skeledirge|Skeledirge, L50, F|100\/100\n|switch|p1b: Lucario|Lucario, L50, M|100\/100\n|switch|p2a: Orthworm|Orthworm, L50, F|100\/100\n|switch|p2b: Ting-Lu|Ting-Lu, L50|100\/100\n|-ability|p2b: Ting-Lu|Vessel of Ruin\n|turn|1\n|j| DirtMuppet13\n|inactive|FurretSucksVGC has 30 seconds left.\n|inactive|Zeus02 has 30 seconds left.\n|inactive|FurretSucksVGC has 20 seconds left.\n|inactive|Zeus02 has 20 seconds left.\n|inactive|Zeus02 has 15 seconds left.\n|\n|t:|1682187863\n|-terastallize|p2a: Orthworm|Fire\n|move|p1b: Lucario|Swords Dance|p1b: Lucario\n|-boost|p1b: Lucario|atk|2\n|move|p1a: Skeledirge|Torch Song|p2a: Orthworm\n|-resisted|p2a: Orthworm\n|-damage|p2a: Orthworm|76\/100\n|-boost|p1a: Skeledirge|spa|1\n|move|p2b: Ting-Lu|Earthquake|p1b: Lucario|[spread] p1a,p1b\n|-heal|p2a: Orthworm|100\/100|[from] ability: Earth Eater|[of] p2b: Ting-Lu\n|-supereffective|p1a: Skeledirge\n|-supereffective|p1b: Lucario\n|-damage|p1a: Skeledirge|18\/100\n|-enditem|p1b: Lucario|Focus Sash\n|-damage|p1b: Lucario|1\/100\n|move|p2a: Orthworm|Iron Defense|p2a: Orthworm\n|-boost|p2a: Orthworm|def|2\n|\n|upkeep\n|turn|2\n|inactive|FurretSucksVGC has 30 seconds left.\n|inactive|Zeus02 has 30 seconds left.\n|inactive|FurretSucksVGC has 20 seconds left.\n|inactive|FurretSucksVGC has 15 seconds left.\n|inactive|FurretSucksVGC has 10 seconds left.\n|\n|t:|1682187909\n|move|p1b: Lucario|Close Combat|p2b: Ting-Lu\n|-supereffective|p2b: Ting-Lu\n|-damage|p2b: Ting-Lu|0 fnt\n|-unboost|p1b: Lucario|def|1\n|-unboost|p1b: Lucario|spd|1\n|faint|p2b: Ting-Lu\n|move|p1a: Skeledirge|Torch Song|p2a: Orthworm\n|-resisted|p2a: Orthworm\n|-damage|p2a: Orthworm|54\/100\n|-boost|p1a: Skeledirge|spa|1\n|move|p2a: Orthworm|Body Press|p1b: Lucario\n|-supereffective|p1b: Lucario\n|-damage|p1b: Lucario|0 fnt\n|faint|p1b: Lucario\n|\n|upkeep\n|inactive|FurretSucksVGC has 30 seconds left.\n|\n|t:|1682187934\n|switch|p1b: Florges|Florges, L50, F|100\/100\n|switch|p2b: Dragonite|Dragonite, L50, F|100\/100\n|turn|3\n|inactive|FurretSucksVGC has 30 seconds left.\n|inactive|Zeus02 has 30 seconds left.\n|inactive|FurretSucksVGC has 20 seconds left.\n|inactive|Zeus02 has 20 seconds left.\n|inactive|Zeus02 has 15 seconds left.\n|\n|t:|1682187979\n|switch|p1a: Wo-Chien|Wo-Chien, L50|100\/100\n|-ability|p1a: Wo-Chien|Tablets of Ruin\n|move|p2b: Dragonite|Dragon Dance|p2b: Dragonite\n|-boost|p2b: Dragonite|atk|1\n|-boost|p2b: Dragonite|spe|1\n|move|p1b: Florges|Moonblast|p2b: Dragonite\n|-supereffective|p2b: Dragonite\n|-damage|p2b: Dragonite|62\/100\n|move|p2a: Orthworm|Heavy Slam|p1b: Florges\n|-supereffective|p1b: Florges\n|-damage|p1b: Florges|39\/100\n|\n|-heal|p1b: Florges|45\/100|[from] item: Leftovers\n|upkeep\n|turn|4\n|inactive|FurretSucksVGC has 30 seconds left.\n|inactive|Zeus02 has 30 seconds left.\n|inactive|FurretSucksVGC has 20 seconds left.\n|inactive|FurretSucksVGC has 15 seconds left.\n|inactive|FurretSucksVGC has 10 seconds left.\n|\n|t:|1682188027\n|switch|p1b: Skeledirge|Skeledirge, L50, F|18\/100\n|move|p2b: Dragonite|Earthquake|p1b: Skeledirge|[spread] p1a,p1b\n|-heal|p2a: Orthworm|78\/100|[from] ability: Earth Eater|[of] p2b: Dragonite\n|-resisted|p1a: Wo-Chien\n|-supereffective|p1b: Skeledirge\n|-damage|p1a: Wo-Chien|87\/100\n|-damage|p1b: Skeledirge|0 fnt\n|faint|p1b: Skeledirge\n|move|p1a: Wo-Chien|Leech Seed|p2a: Orthworm|[miss]\n|-miss|p1a: Wo-Chien|p2a: Orthworm\n|move|p2a: Orthworm|Body Press|p1a: Wo-Chien\n|-supereffective|p1a: Wo-Chien\n|-damage|p1a: Wo-Chien|13\/100\n|-enditem|p1a: Wo-Chien|Sitrus Berry|[eat]\n|-heal|p1a: Wo-Chien|38\/100|[from] item: Sitrus Berry\n|\n|upkeep\n|\n|t:|1682188042\n|switch|p1b: Florges|Florges, L50, F|45\/100\n|turn|5\n|inactive|FurretSucksVGC has 30 seconds left.\n|\n|t:|1682188072\n|-terastallize|p1b: Florges|Water\n|move|p1a: Wo-Chien|Protect|p1a: Wo-Chien\n|-singleturn|p1a: Wo-Chien|Protect\n|move|p2b: Dragonite|Earthquake|p1a: Wo-Chien|[spread] p1b\n|-activate|p1a: Wo-Chien|move: Protect\n|-heal|p2a: Orthworm|100\/100|[from] ability: Earth Eater|[of] p2b: Dragonite\n|-damage|p1b: Florges|15\/100\n|move|p1b: Florges|Moonblast|p2b: Dragonite\n|-supereffective|p2b: Dragonite\n|-damage|p2b: Dragonite|0 fnt\n|faint|p2b: Dragonite\n|move|p2a: Orthworm|Body Press|p1a: Wo-Chien\n|-activate|p1a: Wo-Chien|move: Protect\n|\n|-heal|p1b: Florges|20\/100|[from] item: Leftovers\n|upkeep\n|\n|t:|1682188087\n|switch|p2b: Chien-Pao|Chien-Pao, L50|100\/100\n|-ability|p2b: Chien-Pao|Sword of Ruin\n|turn|6\n|inactive|FurretSucksVGC has 30 seconds left.\n|\n|t:|1682188117\n|move|p1a: Wo-Chien|Protect||[still]\n|-fail|p1a: Wo-Chien\n|move|p2b: Chien-Pao|Sacred Sword|p1b: Florges\n|-damage|p1b: Florges|0 fnt\n|faint|p1b: Florges\n|move|p2a: Orthworm|Body Press|p1a: Wo-Chien\n|-supereffective|p1a: Wo-Chien\n|-damage|p1a: Wo-Chien|0 fnt\n|faint|p1a: Wo-Chien\n|\n|win|Zeus02\n|raw|FurretSucksVGC's rating: 1519 → 1499<\/strong> (-20 for losing)\n|raw|Zeus02's rating: 1523 → 1543<\/strong> (+20 for winning)\n|c|\u2606FurretSucksVGC|gg\n|l|\u2606Zeus02\n","uploadtime":1682188137,"views":11,"p1id":"furretsucksvgc","p2id":"zeus02","formatid":"gen9vgc2023regulationc","rating":1499,"private":0,"password":""}