{"id":"gen9vgc2023regulationc-1846450218","p1":"Fitz12345","p2":"Maurone","format":"[Gen 9] VGC 2023 Regulation C","log":"|j|\u2606Fitz12345\n|j|\u2606Maurone\n|t:|1681841839\n|gametype|doubles\n|player|p1|Fitz12345|265|1203\n|player|p2|Maurone|266|1204\n|teamsize|p1|6\n|teamsize|p2|6\n|gen|9\n|tier|[Gen 9] VGC 2023 Regulation C\n|rated|\n|rule|Species Clause: Limit one of each Pok\u00e9mon\n|rule|Item Clause: Limit one of each item\n|clearpoke\n|poke|p1|Ceruledge, L50, M|\n|poke|p1|Glimmora, L50, M|\n|poke|p1|Dragonite, L50, M|\n|poke|p1|Gastrodon, L50, F|\n|poke|p1|Flutter Mane, L50|\n|poke|p1|Chien-Pao, L50|\n|poke|p2|Maushold-Four, L50|\n|poke|p2|Volcarona, L50, F|\n|poke|p2|Palafin, L50, M|\n|poke|p2|Glimmora, L50, F|\n|poke|p2|Ting-Lu, L50|\n|poke|p2|Wo-Chien, L50|\n|teampreview|4\n|inactive|Battle timer is ON: inactive players will automatically lose when time's up. (requested by Maurone)\n|inactive|Fitz12345 has 60 seconds left.\n|inactive|Maurone has 60 seconds left.\n|inactive|Fitz12345 has 30 seconds left.\n|\n|t:|1681841907\n|start\n|switch|p1a: Ceruledge|Ceruledge, L50, M|100\/100\n|switch|p1b: Flutter Mane|Flutter Mane, L50|100\/100\n|switch|p2a: Maushold|Maushold-Four, L50|100\/100\n|switch|p2b: Palafin|Palafin, L50, M|100\/100\n|-enditem|p1b: Flutter Mane|Booster Energy\n|-activate|p1b: Flutter Mane|ability: Protosynthesis|[fromitem]\n|-start|p1b: Flutter Mane|protosynthesisspe\n|turn|1\n|\n|t:|1681841921\n|detailschange|p2b: Palafin|Palafin-Hero, L50, M\n|switch|p2b: Wo-Chien|Wo-Chien, L50|100\/100\n|-ability|p2b: Wo-Chien|Tablets of Ruin\n|move|p2a: Maushold|Protect|p2a: Maushold\n|-singleturn|p2a: Maushold|Protect\n|move|p1a: Ceruledge|Protect|p1a: Ceruledge\n|-singleturn|p1a: Ceruledge|Protect\n|move|p1b: Flutter Mane|Dazzling Gleam|p2a: Maushold|[spread] p2b\n|-activate|p2a: Maushold|move: Protect\n|-supereffective|p2b: Wo-Chien\n|-damage|p2b: Wo-Chien|72\/100\n|\n|-heal|p2b: Wo-Chien|78\/100|[from] item: Leftovers\n|upkeep\n|turn|2\n|inactive|Fitz12345 has 30 seconds left.\n|\n|t:|1681841952\n|-terastallize|p2b: Wo-Chien|Poison\n|move|p1b: Flutter Mane|Dazzling Gleam|p2b: Wo-Chien|[spread] p2a,p2b\n|-resisted|p2b: Wo-Chien\n|-damage|p2a: Maushold|64\/100\n|-damage|p2b: Wo-Chien|71\/100\n|move|p2a: Maushold|Taunt|p1a: Ceruledge\n|-start|p1a: Ceruledge|move: Taunt\n|cant|p1a: Ceruledge|move: Taunt|Bulk Up\n|move|p2b: Wo-Chien|Leech Seed|p1b: Flutter Mane|[miss]\n|-miss|p2b: Wo-Chien|p1b: Flutter Mane\n|\n|-heal|p2b: Wo-Chien|78\/100|[from] item: Leftovers\n|upkeep\n|turn|3\n|inactive|Fitz12345 has 30 seconds left.\n|\n|t:|1681841985\n|switch|p2a: Palafin|Palafin-Hero, L50, M|100\/100\n|-activate|p2a: Palafin|ability: Zero to Hero\n|switch|p1a: Chien-Pao|Chien-Pao, L50|100\/100\n|-ability|p1a: Chien-Pao|Sword of Ruin\n|move|p1b: Flutter Mane|Protect|p1b: Flutter Mane\n|-singleturn|p1b: Flutter Mane|Protect\n|move|p2b: Wo-Chien|Leech Seed|p1a: Chien-Pao\n|-start|p1a: Chien-Pao|move: Leech Seed\n|\n|-heal|p2b: Wo-Chien|84\/100|[from] item: Leftovers\n|-damage|p1a: Chien-Pao|88\/100|[from] Leech Seed|[of] p2b: Wo-Chien\n|-heal|p2b: Wo-Chien|94\/100|[silent]\n|upkeep\n|turn|4\n|inactive|Fitz12345 has 30 seconds left.\n|inactive|Fitz12345 has 20 seconds left.\n|\n|t:|1681842024\n|switch|p1a: Gastrodon|Gastrodon, L50, F|100\/100\n|move|p2a: Palafin|Jet Punch|p1a: Gastrodon\n|-activate|p1a: Gastrodon|ability: Storm Drain\n|-ability|p1a: Gastrodon|Storm Drain|boost\n|-boost|p1a: Gastrodon|spa|1\n|move|p1b: Flutter Mane|Moonblast|p2a: Palafin\n|-damage|p2a: Palafin|47\/100\n|move|p2b: Wo-Chien|Giga Drain|p1b: Flutter Mane\n|-damage|p1b: Flutter Mane|75\/100\n|-heal|p2b: Wo-Chien|100\/100|[from] drain|[of] p1b: Flutter Mane\n|\n|upkeep\n|turn|5\n|\n|t:|1681842046\n|switch|p2a: Ting-Lu|Ting-Lu, L50|100\/100\n|-ability|p2a: Ting-Lu|Vessel of Ruin\n|move|p1b: Flutter Mane|Shadow Ball|p2b: Wo-Chien\n|-damage|p2b: Wo-Chien|80\/100\n|-unboost|p2b: Wo-Chien|spd|1\n|move|p2b: Wo-Chien|Leech Seed|p1a: Gastrodon\n|-start|p1a: Gastrodon|move: Leech Seed\n|move|p1a: Gastrodon|Earth Power|p2b: Wo-Chien\n|-supereffective|p2b: Wo-Chien\n|-damage|p2b: Wo-Chien|17\/100\n|\n|-heal|p2b: Wo-Chien|23\/100|[from] item: Leftovers\n|-damage|p1a: Gastrodon|88\/100|[from] Leech Seed|[of] p2b: Wo-Chien\n|-heal|p2b: Wo-Chien|37\/100|[silent]\n|upkeep\n|turn|6\n|c|\u2606Maurone|Ma vaffanculo dai\n|inactive|Fitz12345 has 30 seconds left.\n|inactive|Maurone has 30 seconds left.\n|inactive|Maurone has 20 seconds left.\n|inactive|Maurone has 15 seconds left.\n|\n|t:|1681842086\n|move|p1b: Flutter Mane|Moonblast|p2a: Ting-Lu\n|-supereffective|p2a: Ting-Lu\n|-damage|p2a: Ting-Lu|61\/100\n|move|p2b: Wo-Chien|Giga Drain|p1a: Gastrodon\n|-supereffective|p1a: Gastrodon\n|-damage|p1a: Gastrodon|20\/100\n|-heal|p2b: Wo-Chien|75\/100|[from] drain|[of] p1a: Gastrodon\n|move|p1a: Gastrodon|Earth Power|p2b: Wo-Chien\n|-supereffective|p2b: Wo-Chien\n|-damage|p2b: Wo-Chien|9\/100\n|move|p2a: Ting-Lu|Heavy Slam|p1b: Flutter Mane\n|-supereffective|p1b: Flutter Mane\n|-crit|p1b: Flutter Mane\n|-damage|p1b: Flutter Mane|0 fnt\n|faint|p1b: Flutter Mane\n|-end|p1b: Flutter Mane|Protosynthesis|[silent]\n|\n|-heal|p2b: Wo-Chien|15\/100|[from] item: Leftovers\n|-heal|p1a: Gastrodon|26\/100|[from] item: Leftovers\n|-damage|p1a: Gastrodon|14\/100|[from] Leech Seed|[of] p2b: Wo-Chien\n|-heal|p2b: Wo-Chien|29\/100|[silent]\n|upkeep\n|\n|t:|1681842110\n|switch|p1b: Chien-Pao|Chien-Pao, L50|88\/100\n|-ability|p1b: Chien-Pao|Sword of Ruin\n|turn|7\n|\n|t:|1681842127\n|switch|p2a: Palafin|Palafin-Hero, L50, M|47\/100\n|move|p2b: Wo-Chien|Protect|p2b: Wo-Chien\n|-singleturn|p2b: Wo-Chien|Protect\n|move|p1a: Gastrodon|Protect|p1a: Gastrodon\n|-singleturn|p1a: Gastrodon|Protect\n|move|p1b: Chien-Pao|Ice Spinner|p2b: Wo-Chien\n|-activate|p2b: Wo-Chien|move: Protect\n|\n|-heal|p2b: Wo-Chien|35\/100|[from] item: Leftovers\n|-heal|p1a: Gastrodon|20\/100|[from] item: Leftovers\n|-damage|p1a: Gastrodon|7\/100|[from] Leech Seed|[of] p2b: Wo-Chien\n|-heal|p2b: Wo-Chien|49\/100|[silent]\n|upkeep\n|turn|8\n|inactive|Maurone has 30 seconds left.\n|inactive|Maurone has 20 seconds left.\n|\n|t:|1681842164\n|switch|p2b: Maushold|Maushold-Four, L50|64\/100\n|switch|p1a: Ceruledge|Ceruledge, L50, M|100\/100\n|move|p1b: Chien-Pao|Ice Spinner|p2b: Maushold\n|-damage|p2b: Maushold|7\/100\n|move|p2a: Palafin|Bulk Up|p2a: Palafin\n|-boost|p2a: Palafin|atk|1\n|-boost|p2a: Palafin|def|1\n|\n|upkeep\n|turn|9\n|inactive|Maurone has 30 seconds left.\n|inactive|Maurone has 20 seconds left.\n|\n|t:|1681842199\n|switch|p2b: Wo-Chien|Wo-Chien, L50, tera:Poison|49\/100\n|-ability|p2b: Wo-Chien|Tablets of Ruin\n|-terastallize|p1a: Ceruledge|Grass\n|move|p2a: Palafin|Protect|p2a: Palafin\n|-singleturn|p2a: Palafin|Protect\n|move|p1b: Chien-Pao|Sacred Sword|p2a: Palafin\n|-activate|p2a: Palafin|move: Protect\n|move|p1a: Ceruledge|Bulk Up|p1a: Ceruledge\n|-boost|p1a: Ceruledge|atk|1\n|-boost|p1a: Ceruledge|def|1\n|\n|-heal|p2b: Wo-Chien|56\/100|[from] item: Leftovers\n|upkeep\n|turn|10\n|inactive|Fitz12345 has 30 seconds left.\n|inactive|Fitz12345 has 20 seconds left.\n|\n|t:|1681842236\n|move|p2a: Palafin|Jet Punch|p1b: Chien-Pao\n|-damage|p1b: Chien-Pao|15\/100\n|move|p1b: Chien-Pao|Sacred Sword|p2a: Palafin\n|-damage|p2a: Palafin|19\/100\n|move|p1a: Ceruledge|Bulk Up|p1a: Ceruledge\n|-boost|p1a: Ceruledge|atk|1\n|-boost|p1a: Ceruledge|def|1\n|move|p2b: Wo-Chien|Pollen Puff|p2a: Palafin\n|-heal|p2a: Palafin|69\/100\n|\n|-heal|p2b: Wo-Chien|62\/100|[from] item: Leftovers\n|upkeep\n|turn|11\n|\n|t:|1681842258\n|move|p1b: Chien-Pao|Protect|p1b: Chien-Pao\n|-singleturn|p1b: Chien-Pao|Protect\n|move|p2a: Palafin|Jet Punch|p1b: Chien-Pao\n|-activate|p1b: Chien-Pao|move: Protect\n|move|p1a: Ceruledge|Bulk Up|p1a: Ceruledge\n|-boost|p1a: Ceruledge|atk|1\n|-boost|p1a: Ceruledge|def|1\n|move|p2b: Wo-Chien|Pollen Puff|p1a: Ceruledge\n|-supereffective|p1a: Ceruledge\n|-damage|p1a: Ceruledge|63\/100\n|\n|-heal|p2b: Wo-Chien|68\/100|[from] item: Leftovers\n|upkeep\n|turn|12\n|inactive|Maurone has 30 seconds left.\n|inactive|Maurone has 20 seconds left.\n|inactive|Maurone has 15 seconds left.\n|\n|t:|1681842300\n|switch|p1b: Gastrodon|Gastrodon, L50, F|7\/100\n|move|p2a: Palafin|Bulk Up|p2a: Palafin\n|-boost|p2a: Palafin|atk|1\n|-boost|p2a: Palafin|def|1\n|move|p1a: Ceruledge|Bitter Blade|p2b: Wo-Chien\n|-damage|p2b: Wo-Chien|0 fnt\n|-heal|p1a: Ceruledge|99\/100|[from] drain|[of] p2b: Wo-Chien\n|faint|p2b: Wo-Chien\n|\n|-heal|p1b: Gastrodon|13\/100|[from] item: Leftovers\n|upkeep\n|\n|t:|1681842317\n|switch|p2b: Ting-Lu|Ting-Lu, L50|61\/100\n|-ability|p2b: Ting-Lu|Vessel of Ruin\n|turn|13\n|\n|t:|1681842337\n|move|p2a: Palafin|Protect|p2a: Palafin\n|-singleturn|p2a: Palafin|Protect\n|move|p1a: Ceruledge|Bulk Up|p1a: Ceruledge\n|-boost|p1a: Ceruledge|atk|1\n|-boost|p1a: Ceruledge|def|1\n|move|p1b: Gastrodon|Clear Smog|p2a: Palafin\n|-activate|p2a: Palafin|move: Protect\n|move|p2b: Ting-Lu|Stomping Tantrum|p1b: Gastrodon\n|-damage|p1b: Gastrodon|0 fnt\n|faint|p1b: Gastrodon\n|\n|upkeep\n|\n|t:|1681842348\n|switch|p1b: Chien-Pao|Chien-Pao, L50|15\/100\n|-ability|p1b: Chien-Pao|Sword of Ruin\n|turn|14\n|\n|t:|1681842370\n|move|p1a: Ceruledge|Protect|p1a: Ceruledge\n|-singleturn|p1a: Ceruledge|Protect\n|move|p2a: Palafin|Jet Punch|p1b: Chien-Pao\n|-damage|p1b: Chien-Pao|0 fnt\n|faint|p1b: Chien-Pao\n|move|p2b: Ting-Lu|Fissure|p1a: Ceruledge\n|-activate|p1a: Ceruledge|move: Protect\n|\n|upkeep\n|turn|15\n|\n|t:|1681842382\n|move|p2a: Palafin|Bulk Up|p2a: Palafin\n|-boost|p2a: Palafin|atk|1\n|-boost|p2a: Palafin|def|1\n|move|p1a: Ceruledge|Bitter Blade|p2b: Ting-Lu\n|-damage|p2b: Ting-Lu|0 fnt\n|-heal|p1a: Ceruledge|100\/100|[from] drain|[of] p2b: Ting-Lu\n|faint|p2b: Ting-Lu\n|\n|upkeep\n|\n|t:|1681842389\n|switch|p2b: Maushold|Maushold-Four, L50|7\/100\n|turn|16\n|\n|t:|1681842402\n|move|p1a: Ceruledge|Shadow Sneak|p2a: Palafin\n|-damage|p2a: Palafin|50\/100\n|move|p2b: Maushold|Super Fang|p1a: Ceruledge\n|-damage|p1a: Ceruledge|51\/100\n|move|p2a: Palafin|Bulk Up|p2a: Palafin\n|-boost|p2a: Palafin|atk|1\n|-boost|p2a: Palafin|def|1\n|\n|upkeep\n|turn|17\n|inactive|Fitz12345 has 30 seconds left.\n|inactive|Maurone has 30 seconds left.\n|\n|t:|1681842429\n|move|p1a: Ceruledge|Protect|p1a: Ceruledge\n|-singleturn|p1a: Ceruledge|Protect\n|move|p2b: Maushold|Follow Me|p2b: Maushold\n|-singleturn|p2b: Maushold|move: Follow Me\n|move|p2a: Palafin|Jet Punch|p1a: Ceruledge\n|-activate|p1a: Ceruledge|move: Protect\n|\n|upkeep\n|turn|18\n|inactive|Fitz12345 has 30 seconds left this turn.\n|\n|t:|1681842441\n|move|p2b: Maushold|Follow Me|p2b: Maushold\n|-singleturn|p2b: Maushold|move: Follow Me\n|move|p2a: Palafin|Wave Crash|p1a: Ceruledge\n|-resisted|p1a: Ceruledge\n|-damage|p1a: Ceruledge|7\/100\n|-damage|p2a: Palafin|37\/100|[from] Recoil\n|move|p1a: Ceruledge|Bitter Blade|p2b: Maushold\n|-damage|p2b: Maushold|0 fnt\n|-heal|p1a: Ceruledge|10\/100|[from] drain|[of] p2b: Maushold\n|faint|p2b: Maushold\n|\n|upkeep\n|turn|19\n|inactive|Fitz12345 has 25 seconds left this turn.\n|inactive|Fitz12345 has 20 seconds left.\n|inactive|Fitz12345 has 15 seconds left.\n|\n|t:|1681842453\n|move|p2a: Palafin|Jet Punch|p1a: Ceruledge\n|-resisted|p1a: Ceruledge\n|-damage|p1a: Ceruledge|0 fnt\n|faint|p1a: Ceruledge\n|\n|win|Maurone\n|inactive|Fitz12345 has 15 seconds left this turn.\n|raw|Fitz12345's rating: 1203 → 1178<\/strong> (-25 for losing)\n|raw|Maurone's rating: 1204 → 1229<\/strong> (+25 for winning)\n","uploadtime":1681842071,"views":3,"p1id":"fitz12345","p2id":"maurone","formatid":"gen9vgc2023regulationc","rating":1178,"private":0,"password":""}