{"id":"gen9vgc2023regulationc-1855878381","p1":"Angello7796","p2":"o'fenomenon't","format":"[Gen 9] VGC 2023 Regulation C","log":"|j|\u2606Angello7796\n|j|\u2606o'fenomenon't\n|t:|1682995079\n|gametype|doubles\n|player|p1|Angello7796|hilbert|\n|player|p2|o'fenomenon't|swimmer-gen4|\n|teamsize|p1|6\n|teamsize|p2|6\n|gen|9\n|tier|[Gen 9] VGC 2023 Regulation C\n|rule|Species Clause: Limit one of each Pok\u00e9mon\n|rule|Item Clause: Limit one of each item\n|clearpoke\n|poke|p1|Great Tusk, L50|\n|poke|p1|Rotom-Mow, L50|\n|poke|p1|Talonflame, L50, F|\n|poke|p1|Gengar, L50, F|\n|poke|p1|Annihilape, L50, F|\n|poke|p1|Dragonite, L50, F|\n|poke|p2|Muk, L50, M|\n|poke|p2|Talonflame, L50, M|\n|poke|p2|Tauros-Paldea-Aqua, L50, M|\n|poke|p2|Dragonite, L50, F|\n|poke|p2|Great Tusk, L50|\n|poke|p2|Rotom-Wash, L50|\n|teampreview|4\n|j| buenocomoeloro\n|c|\u2606o'fenomenon't|Yatusabe, me ganas eres gei.\n|c|\u2606o'fenomenon't|Sin espejito rebotin\n|\n|t:|1682995147\n|start\n|switch|p1a: Great Tusk|Great Tusk, L50|100\/100\n|switch|p1b: Talonflame|Talonflame, L50, F|100\/100\n|switch|p2a: Muk|Muk, L50, M|100\/100\n|switch|p2b: Talonflame|Talonflame, L50, M|100\/100\n|turn|1\n|\n|t:|1682995179\n|move|p2b: Talonflame|Tailwind|p2b: Talonflame\n|-sidestart|p2: o'fenomenon't|move: Tailwind\n|move|p1b: Talonflame|Tailwind|p1b: Talonflame\n|-sidestart|p1: Angello7796|move: Tailwind\n|move|p1a: Great Tusk|Rock Slide|p2b: Talonflame|[spread] p2a,p2b\n|-supereffective|p2b: Talonflame\n|-damage|p2a: Muk|86\/100\n|-damage|p2b: Talonflame|0 fnt\n|faint|p2b: Talonflame\n|cant|p2a: Muk|flinch\n|\n|-heal|p2a: Muk|92\/100|[from] item: Black Sludge\n|upkeep\n|\n|t:|1682995189\n|switch|p2b: Tauros|Tauros-Paldea-Aqua, L50, M|100\/100\n|-ability|p2b: Tauros|Intimidate|boost\n|-unboost|p1a: Great Tusk|atk|1\n|-unboost|p1b: Talonflame|atk|1\n|turn|2\n|\n|t:|1682995231\n|-terastallize|p1a: Great Tusk|Ghost\n|move|p2b: Tauros|Aqua Jet|p1a: Great Tusk\n|-damage|p1a: Great Tusk|86\/100\n|move|p1b: Talonflame|Brave Bird|p2b: Tauros\n|-supereffective|p2b: Tauros\n|-damage|p2b: Tauros|42\/100\n|-damage|p1b: Talonflame|81\/100|[from] Recoil\n|move|p1a: Great Tusk|Earthquake|p2b: Tauros|[spread] p2a,p2b\n|-immune|p1b: Talonflame\n|-supereffective|p2a: Muk\n|-damage|p2a: Muk|54\/100\n|-damage|p2b: Tauros|19\/100\n|move|p2a: Muk|Toxic|p1b: Talonflame\n|-status|p1b: Talonflame|tox\n|\n|-heal|p2a: Muk|60\/100|[from] item: Black Sludge\n|-damage|p1b: Talonflame|75\/100 tox|[from] psn\n|upkeep\n|turn|3\n|\n|t:|1682995258\n|-end|p1a: Great Tusk|Protosynthesis|[silent]\n|switch|p1a: Dragonite|Dragonite, L50, F|100\/100\n|move|p2b: Tauros|Protect|p2b: Tauros\n|-singleturn|p2b: Tauros|Protect\n|move|p1b: Talonflame|Brave Bird|p2b: Tauros\n|-activate|p2b: Tauros|move: Protect\n|move|p2a: Muk|Curse|p2a: Muk\n|-unboost|p2a: Muk|spe|1\n|-boost|p2a: Muk|atk|1\n|-boost|p2a: Muk|def|1\n|\n|-heal|p2a: Muk|67\/100|[from] item: Black Sludge\n|-damage|p1b: Talonflame|63\/100 tox|[from] psn\n|upkeep\n|turn|4\n|\n|t:|1682995309\n|switch|p2b: Dragonite|Dragonite, L50, F|100\/100\n|move|p1b: Talonflame|Brave Bird|p2b: Dragonite\n|-damage|p2b: Dragonite|71\/100\n|-damage|p1b: Talonflame|52\/100 tox|[from] Recoil\n|move|p1a: Dragonite|Earthquake|p2a: Muk|[spread] p2a\n|-immune|p1b: Talonflame\n|-immune|p2b: Dragonite\n|-supereffective|p2a: Muk\n|-damage|p2a: Muk|35\/100\n|move|p2a: Muk|Curse|p2a: Muk\n|-unboost|p2a: Muk|spe|1\n|-boost|p2a: Muk|atk|1\n|-boost|p2a: Muk|def|1\n|\n|-heal|p2a: Muk|42\/100|[from] item: Black Sludge\n|-damage|p1b: Talonflame|34\/100 tox|[from] psn\n|-sideend|p1: Angello7796|move: Tailwind\n|-sideend|p2: o'fenomenon't|move: Tailwind\n|upkeep\n|turn|5\n|\n|t:|1682995358\n|switch|p1b: Great Tusk|Great Tusk, L50, tera:Ghost|86\/100\n|move|p2a: Muk|Protect|p2a: Muk\n|-singleturn|p2a: Muk|Protect\n|move|p1a: Dragonite|Ice Spinner|p2b: Dragonite\n|-supereffective|p2b: Dragonite\n|-damage|p2b: Dragonite|0 fnt\n|faint|p2b: Dragonite\n|\n|-heal|p2a: Muk|48\/100|[from] item: Black Sludge\n|upkeep\n|\n|t:|1682995370\n|switch|p2b: Tauros|Tauros-Paldea-Aqua, L50, M|19\/100\n|-ability|p2b: Tauros|Intimidate|boost\n|-fail|p1a: Dragonite|unboost|Attack|[from] ability: Inner Focus|[of] p1a: Dragonite\n|-unboost|p1b: Great Tusk|atk|1\n|turn|6\n|\n|t:|1682995388\n|move|p2b: Tauros|Protect|p2b: Tauros\n|-singleturn|p2b: Tauros|Protect\n|move|p1a: Dragonite|Extreme Speed|p2b: Tauros\n|-activate|p2b: Tauros|move: Protect\n|move|p1b: Great Tusk|Earthquake|p2a: Muk|[spread] p2a\n|-activate|p2b: Tauros|move: Protect\n|-immune|p1a: Dragonite\n|-supereffective|p2a: Muk\n|-damage|p2a: Muk|31\/100\n|move|p2a: Muk|Toxic|p1b: Great Tusk\n|-status|p1b: Great Tusk|tox\n|\n|-heal|p2a: Muk|37\/100|[from] item: Black Sludge\n|-damage|p1b: Great Tusk|80\/100 tox|[from] psn\n|upkeep\n|turn|7\n|\n|t:|1682995412\n|-terastallize|p2b: Tauros|Grass\n|move|p1a: Dragonite|Extreme Speed|p2b: Tauros\n|-damage|p2b: Tauros|0 fnt\n|faint|p2b: Tauros\n|move|p1b: Great Tusk|Earthquake|p2a: Muk|[spread] p2a\n|-immune|p1a: Dragonite\n|-supereffective|p2a: Muk\n|-damage|p2a: Muk|19\/100\n|move|p2a: Muk|Drain Punch|p1a: Dragonite\n|-resisted|p1a: Dragonite\n|-damage|p1a: Dragonite|82\/100\n|-heal|p2a: Muk|26\/100|[from] drain|[of] p1a: Dragonite\n|\n|-heal|p2a: Muk|33\/100|[from] item: Black Sludge\n|-damage|p1b: Great Tusk|69\/100 tox|[from] psn\n|upkeep\n|turn|8\n|\n|t:|1682995453\n|-end|p1b: Great Tusk|Protosynthesis|[silent]\n|switch|p1b: Rotom|Rotom-Mow, L50|100\/100\n|move|p2a: Muk|Protect|p2a: Muk\n|-singleturn|p2a: Muk|Protect\n|move|p1a: Dragonite|Dragon Dance|p1a: Dragonite\n|-boost|p1a: Dragonite|atk|1\n|-boost|p1a: Dragonite|spe|1\n|\n|-heal|p2a: Muk|39\/100|[from] item: Black Sludge\n|upkeep\n|turn|9\n|\n|t:|1682995495\n|move|p1a: Dragonite|Earthquake|p2a: Muk|[spread] p2a\n|-immune|p1b: Rotom|[from] ability: Levitate\n|-supereffective|p2a: Muk\n|-damage|p2a: Muk|2\/100\n|move|p1b: Rotom|Leaf Storm|p2a: Muk\n|-resisted|p2a: Muk\n|-damage|p2a: Muk|0 fnt\n|-unboost|p1b: Rotom|spa|2\n|faint|p2a: Muk\n|\n|win|Angello7796\n|c|\u2606o'fenomenon't|Ja, re gei\n","uploadtime":1682995512,"views":11,"p1id":"angello7796","p2id":"ofenomenont","formatid":"gen9vgc2023regulationc","rating":0,"private":0,"password":""}