{"id":"gen9vgc2023regulationc-1863484437","p1":"top2knot2","p2":"Silencerz","format":"[Gen 9] VGC 2023 Regulation C","log":"|j|\u2606top2knot2\n|j|\u2606Silencerz\n|t:|1684023617\n|gametype|doubles\n|player|p1|top2knot2|psychic-gen4|1000\n|player|p2|Silencerz|musician|1081\n|teamsize|p1|6\n|teamsize|p2|6\n|gen|9\n|tier|[Gen 9] VGC 2023 Regulation C\n|rated|\n|rule|Species Clause: Limit one of each Pok\u00e9mon\n|rule|Item Clause: Limit one of each item\n|clearpoke\n|poke|p1|Klefki, L50, M|\n|poke|p1|Bronzong, L50|\n|poke|p1|Corviknight, L50, M|\n|poke|p1|Tinkaton, L50, F|\n|poke|p1|Iron Treads, L50|\n|poke|p1|Forretress, L50, M|\n|poke|p2|Armarouge, L50, F|\n|poke|p2|Annihilape, L50, M|\n|poke|p2|Indeedee-F, L50, F|\n|poke|p2|Kingambit, L50, F|\n|poke|p2|Torkoal, L50, M|\n|poke|p2|Meowscarada, L50, M|\n|teampreview|4\n|inactive|Battle timer is ON: inactive players will automatically lose when time's up. (requested by Silencerz)\n|\n|t:|1684023642\n|start\n|switch|p1a: Klefki|Klefki, L50, M|100\/100\n|switch|p1b: Bronzong|Bronzong, L50|100\/100\n|switch|p2a: Torkoal|Torkoal, L50, M|100\/100\n|switch|p2b: Indeedee|Indeedee-F, L50, F|100\/100\n|-fieldstart|move: Psychic Terrain|[from] ability: Psychic Surge|[of] p2b: Indeedee\n|-enditem|p2b: Indeedee|Psychic Seed\n|-boost|p2b: Indeedee|spd|1|[from] item: Psychic Seed\n|-weather|SunnyDay|[from] ability: Drought|[of] p2a: Torkoal\n|turn|1\n|inactive|Silencerz has 30 seconds left.\n|inactive|Silencerz has 20 seconds left.\n|\n|t:|1684023678\n|move|p1a: Klefki|Rain Dance|p1a: Klefki\n|-weather|RainDance\n|move|p1b: Bronzong|Weather Ball|p2a: Torkoal\n|-supereffective|p2a: Torkoal\n|-damage|p2a: Torkoal|18\/100\n|move|p2a: Torkoal|Eruption|p1a: Klefki|[spread] p1a,p1b\n|-supereffective|p1a: Klefki\n|-enditem|p1a: Klefki|Occa Berry|[eat]\n|-enditem|p1a: Klefki|Occa Berry|[weaken]\n|-supereffective|p1b: Bronzong\n|-damage|p1a: Klefki|94\/100\n|-damage|p1b: Bronzong|94\/100\n|move|p2b: Indeedee|Trick Room|p2b: Indeedee\n|-fieldstart|move: Trick Room|[of] p2b: Indeedee\n|\n|-weather|RainDance|[upkeep]\n|upkeep\n|turn|2\n|\n|t:|1684023696\n|switch|p2a: Annihilape|Annihilape, L50, M|100\/100\n|move|p2b: Indeedee|Follow Me|p2b: Indeedee\n|-singleturn|p2b: Indeedee|move: Follow Me\n|move|p1b: Bronzong|Weather Ball|p2b: Indeedee\n|-damage|p2b: Indeedee|85\/100\n|move|p1a: Klefki|Foul Play|p2b: Indeedee\n|-supereffective|p2b: Indeedee\n|-damage|p2b: Indeedee|63\/100\n|\n|-weather|RainDance|[upkeep]\n|upkeep\n|turn|3\n|inactive|top2knot2 has 30 seconds left.\n|inactive|Silencerz has 30 seconds left.\n|\n|t:|1684023730\n|switch|p1b: Corviknight|Corviknight, L50, M|100\/100\n|-terastallize|p2a: Annihilape|Steel\n|move|p2b: Indeedee|Follow Me|p2b: Indeedee\n|-singleturn|p2b: Indeedee|move: Follow Me\n|move|p1a: Klefki|Thunder Wave|p2b: Indeedee\n|-activate|p2b: Indeedee|move: Psychic Terrain\n|move|p2a: Annihilape|Bulk Up|p2a: Annihilape\n|-boost|p2a: Annihilape|atk|1\n|-boost|p2a: Annihilape|def|1\n|\n|-weather|RainDance|[upkeep]\n|upkeep\n|turn|4\n|inactive|top2knot2 has 30 seconds left.\n|\n|t:|1684023759\n|switch|p1a: Iron Treads|Iron Treads, L50|100\/100\n|-enditem|p1a: Iron Treads|Booster Energy\n|-activate|p1a: Iron Treads|ability: Quark Drive|[fromitem]\n|-start|p1a: Iron Treads|quarkdrivedef\n|move|p2b: Indeedee|Helping Hand|p2a: Annihilape\n|-singleturn|p2a: Annihilape|Helping Hand|[of] p2b: Indeedee\n|move|p1b: Corviknight|Taunt|p2b: Indeedee\n|-start|p2b: Indeedee|move: Taunt\n|move|p2a: Annihilape|Tera Blast|p1a: Iron Treads\n|-resisted|p1a: Iron Treads\n|-damage|p1a: Iron Treads|79\/100\n|\n|-weather|RainDance|[upkeep]\n|upkeep\n|turn|5\n|inactive|top2knot2 has 30 seconds left.\n|\n|t:|1684023787\n|switch|p2b: Torkoal|Torkoal, L50, M|18\/100\n|-weather|SunnyDay|[from] ability: Drought|[of] p2b: Torkoal\n|move|p1b: Corviknight|Air Slash|p2b: Torkoal\n|-damage|p2b: Torkoal|0 fnt\n|faint|p2b: Torkoal\n|move|p2a: Annihilape|Bulk Up|p2a: Annihilape\n|-boost|p2a: Annihilape|atk|1\n|-boost|p2a: Annihilape|def|1\n|move|p1a: Iron Treads|Stomping Tantrum|p2a: Annihilape\n|-supereffective|p2a: Annihilape\n|-damage|p2a: Annihilape|75\/100\n|\n|-weather|SunnyDay|[upkeep]\n|-heal|p2a: Annihilape|81\/100|[from] item: Leftovers\n|-fieldend|move: Trick Room\n|-fieldend|move: Psychic Terrain\n|upkeep\n|\n|t:|1684023803\n|switch|p2b: Armarouge|Armarouge, L50, F|100\/100\n|turn|6\n|inactive|top2knot2 has 30 seconds left.\n|\n|t:|1684023835\n|-terastallize|p1a: Iron Treads|Dragon\n|move|p1a: Iron Treads|Bulldoze|p2b: Armarouge|[spread] p2a,p2b\n|-immune|p1b: Corviknight\n|-supereffective|p2a: Annihilape\n|-supereffective|p2b: Armarouge\n|-damage|p2a: Annihilape|63\/100\n|-damage|p2b: Armarouge|68\/100\n|-unboost|p2a: Annihilape|spe|1\n|-ability|p2a: Annihilape|Defiant|boost\n|-boost|p2a: Annihilape|atk|2\n|-unboost|p2b: Armarouge|spe|1\n|move|p1b: Corviknight|Air Slash|p2b: Armarouge\n|-damage|p2b: Armarouge|51\/100\n|move|p2a: Annihilape|Drain Punch|p1a: Iron Treads\n|-crit|p1a: Iron Treads\n|-damage|p1a: Iron Treads|0 fnt\n|-heal|p2a: Annihilape|99\/100|[from] drain|[of] p1a: Iron Treads\n|faint|p1a: Iron Treads\n|-end|p1a: Iron Treads|Quark Drive|[silent]\n|move|p2b: Armarouge|Trick Room|p2b: Armarouge\n|-fieldstart|move: Trick Room|[of] p2b: Armarouge\n|\n|-weather|SunnyDay|[upkeep]\n|-heal|p2a: Annihilape|100\/100|[from] item: Leftovers\n|upkeep\n|\n|t:|1684023857\n|switch|p1a: Bronzong|Bronzong, L50|94\/100\n|turn|7\n|\n|t:|1684023870\n|move|p1a: Bronzong|Weather Ball|p2a: Annihilape\n|-supereffective|p2a: Annihilape\n|-damage|p2a: Annihilape|49\/100\n|move|p2b: Armarouge|Armor Cannon|p1b: Corviknight\n|-supereffective|p1b: Corviknight\n|-damage|p1b: Corviknight|0 fnt\n|-unboost|p2b: Armarouge|def|1\n|-unboost|p2b: Armarouge|spd|1\n|faint|p1b: Corviknight\n|-damage|p2b: Armarouge|41\/100|[from] item: Life Orb\n|move|p2a: Annihilape|Rage Fist|p1a: Bronzong\n|-supereffective|p1a: Bronzong\n|-enditem|p1a: Bronzong|Kasib Berry|[eat]\n|-enditem|p1a: Bronzong|Kasib Berry|[weaken]\n|-damage|p1a: Bronzong|0 fnt\n|faint|p1a: Bronzong\n|\n|-weather|SunnyDay|[upkeep]\n|-heal|p2a: Annihilape|55\/100|[from] item: Leftovers\n|upkeep\n|-message|top2knot2 forfeited.\n|\n|win|Silencerz\n|raw|top2knot2's rating: 1000 → 1000<\/strong> (+0 for losing)\n|raw|Silencerz's rating: 1081 → 1102<\/strong> (+21 for winning)\n|l|\u2606top2knot2\n","uploadtime":1684023996,"views":8,"p1id":"top2knot2","p2id":"silencerz","formatid":"gen9vgc2023regulationc","rating":1000,"private":0,"password":""}