{"id":"gen9vgc2023regulationc-1854554388","p1":"Zerotti","p2":"NeverRegretNever","format":"[Gen 9] VGC 2023 Regulation C","log":"|j|\u2606Zerotti\n|j|\u2606NeverRegretNever\n|t:|1682826235\n|gametype|doubles\n|player|p1|Zerotti|atticus|\n|player|p2|NeverRegretNever|ghetsis|\n|teamsize|p1|6\n|teamsize|p2|6\n|gen|9\n|tier|[Gen 9] VGC 2023 Regulation C\n|rule|Species Clause: Limit one of each Pok\u00e9mon\n|rule|Item Clause: Limit one of each item\n|clearpoke\n|poke|p1|Chi-Yu, L50|\n|poke|p1|Flutter Mane, L50|\n|poke|p1|Gyarados, L50, F|\n|poke|p1|Garchomp, L50, M|\n|poke|p1|Amoonguss, L50, F|\n|poke|p1|Iron Hands, L50|\n|poke|p2|Skeledirge, L50, M|\n|poke|p2|Blissey, L50, F|\n|poke|p2|Scream Tail, L50|\n|poke|p2|Indeedee-F, L50, F|\n|poke|p2|Torkoal, L50, M|\n|poke|p2|Ditto, L50|\n|teampreview|4\n|c|\u2606NeverRegretNever|GL HF!\n|j| gorilover\nNeverRegretNever rejected open team sheets.\n|inactive|Battle timer is ON: inactive players will automatically lose when time's up. (requested by Zerotti)\n|\n|t:|1682826316\n|start\n|switch|p1a: Gyarados|Gyarados, L50, F|100\/100\n|switch|p1b: Amoonguss|Amoonguss, L50, F|100\/100\n|switch|p2a: Scream Tail|Scream Tail, L50|100\/100\n|switch|p2b: Indeedee|Indeedee-F, L50, F|100\/100\n|-ability|p1a: Gyarados|Intimidate|boost\n|-unboost|p2a: Scream Tail|atk|1\n|-unboost|p2b: Indeedee|atk|1\n|-fieldstart|move: Psychic Terrain|[from] ability: Psychic Surge|[of] p2b: Indeedee\n|-enditem|p2b: Indeedee|Psychic Seed\n|-boost|p2b: Indeedee|spd|1|[from] item: Psychic Seed\n|turn|1\n|\n|t:|1682826338\n|switch|p2b: Blissey|Blissey, L50, F|100\/100\n|move|p2a: Scream Tail|Calm Mind|p2a: Scream Tail\n|-boost|p2a: Scream Tail|spa|1\n|-boost|p2a: Scream Tail|spd|1\n|move|p1a: Gyarados|Dragon Dance|p1a: Gyarados\n|-boost|p1a: Gyarados|atk|1\n|-boost|p1a: Gyarados|spe|1\n|move|p1b: Amoonguss|Spore|p2a: Scream Tail\n|-status|p2a: Scream Tail|slp|[from] move: Spore\n|\n|-activate|p2b: Blissey|ability: Healer\n|-curestatus|p2a: Scream Tail|slp|[msg]\n|upkeep\n|turn|2\n|inactive|Zerotti has 30 seconds left.\n|\n|t:|1682826365\n|-terastallize|p2a: Scream Tail|Normal\n|move|p1a: Gyarados|Waterfall|p2a: Scream Tail\n|-damage|p2a: Scream Tail|64\/100\n|cant|p2a: Scream Tail|flinch\n|move|p2b: Blissey|Thunder Wave|p1a: Gyarados\n|-status|p1a: Gyarados|par\n|-enditem|p1a: Gyarados|Lum Berry|[eat]\n|-curestatus|p1a: Gyarados|par|[msg]\n|move|p1b: Amoonguss|Spore|p2b: Blissey\n|-status|p2b: Blissey|slp|[from] move: Spore\n|\n|upkeep\n|turn|3\n|inactive|Zerotti has 30 seconds left.\n|inactive|NeverRegretNever has 30 seconds left.\n|inactive|Zerotti has 20 seconds left.\n|inactive|Zerotti has 15 seconds left.\n|inactive|Zerotti has 10 seconds left.\n|\n|t:|1682826411\n|switch|p2b: Torkoal|Torkoal, L50, M|100\/100\n|-weather|SunnyDay|[from] ability: Drought|[of] p2b: Torkoal\n|-activate|p2a: Scream Tail|ability: Protosynthesis\n|-start|p2a: Scream Tail|protosynthesisspd\n|move|p1a: Gyarados|Dragon Dance|p1a: Gyarados\n|-boost|p1a: Gyarados|atk|1\n|-boost|p1a: Gyarados|spe|1\n|move|p2a: Scream Tail|Boomburst|p1b: Amoonguss|[spread] p2b,p1a,p1b\n|-damage|p2b: Torkoal|51\/100\n|-damage|p1a: Gyarados|62\/100\n|-damage|p1b: Amoonguss|63\/100\n|move|p1b: Amoonguss|Spore|p2a: Scream Tail\n|-status|p2a: Scream Tail|slp|[from] move: Spore\n|\n|-weather|SunnyDay|[upkeep]\n|upkeep\n|turn|4\n|l| gorilover\n|inactive|Zerotti has 30 seconds left.\n|j| gorilover\n|inactive|Zerotti has 20 seconds left.\n|inactive|Zerotti has 15 seconds left.\n|\n|t:|1682826452\n|switch|p1b: Iron Hands|Iron Hands, L50|100\/100\n|-terastallize|p1a: Gyarados|Flying\n|move|p1a: Gyarados|Tera Blast|p2b: Torkoal\n|-damage|p2b: Torkoal|0 fnt\n|faint|p2b: Torkoal\n|cant|p2a: Scream Tail|slp\n|\n|-weather|SunnyDay|[upkeep]\n|upkeep\n|\n|t:|1682826460\n|switch|p2b: Indeedee|Indeedee-F, L50, F|100\/100\n|turn|5\n|\n|t:|1682826470\n|move|p2b: Indeedee|Follow Me|p2b: Indeedee\n|-singleturn|p2b: Indeedee|move: Follow Me\n|move|p1a: Gyarados|Tera Blast|p2b: Indeedee\n|-damage|p2b: Indeedee|1\/100\n|cant|p2a: Scream Tail|slp\n|move|p1b: Iron Hands|Drain Punch|p2b: Indeedee\n|-damage|p2b: Indeedee|0 fnt\n|faint|p2b: Indeedee\n|\n|-weather|SunnyDay|[upkeep]\n|-fieldend|move: Psychic Terrain\n|upkeep\n|\n|t:|1682826477\n|switch|p2b: Blissey|Blissey, L50, F|100\/100 slp\n|turn|6\n|c|\u2606NeverRegretNever|gg\n|\n|t:|1682826491\n|move|p1a: Gyarados|Tera Blast|p2a: Scream Tail\n|-damage|p2a: Scream Tail|0 fnt\n|faint|p2a: Scream Tail\n|-end|p2a: Scream Tail|Protosynthesis|[silent]\n|cant|p2b: Blissey|slp\n|move|p1b: Iron Hands|Drain Punch|p2b: Blissey\n|-supereffective|p2b: Blissey\n|-damage|p2b: Blissey|24\/100 slp\n|\n|-weather|SunnyDay|[upkeep]\n|-heal|p2b: Blissey|30\/100 slp|[from] item: Leftovers\n|upkeep\n|turn|7\n|c| gorilover|Uf que buen juego\n|-message|NeverRegretNever forfeited.\n|\n|win|Zerotti\n|l|\u2606NeverRegretNever\n|c|\u2606Zerotti|Buenas batallas\n|l| gorilover\n","uploadtime":1682826588,"views":19,"p1id":"zerotti","p2id":"neverregretnever","formatid":"gen9vgc2023regulationc","rating":0,"private":0,"password":""}