{"id":"gen9vgc2023regulationc-1853186238","p1":"ItsYaBoiGuz","p2":"kajashi","format":"[Gen 9] VGC 2023 Regulation C","log":"|j|\u2606ItsYaBoiGuz\n|j|\u2606kajashi\n|t:|1682645861\n|gametype|doubles\n|player|p1|ItsYaBoiGuz|hugh|1500\n|player|p2|kajashi|n|1524\n|teamsize|p1|6\n|teamsize|p2|6\n|gen|9\n|tier|[Gen 9] VGC 2023 Regulation C\n|rated|\n|rule|Species Clause: Limit one of each Pok\u00e9mon\n|rule|Item Clause: Limit one of each item\n|clearpoke\n|poke|p1|Flutter Mane, L50|\n|poke|p1|Glimmora, L50, M|\n|poke|p1|Wo-Chien, L50|\n|poke|p1|Chi-Yu, L50|\n|poke|p1|Gyarados, L50, M|\n|poke|p1|Baxcalibur, L50, M|\n|poke|p2|Gyarados, L50, F|\n|poke|p2|Chi-Yu, L50|\n|poke|p2|Iron Hands, L50|\n|poke|p2|Kingambit, L50, F|\n|poke|p2|Amoonguss, L50, M|\n|poke|p2|Flutter Mane, L50|\n|teampreview|4\n|inactive|Battle timer is ON: inactive players will automatically lose when time's up. (requested by ItsYaBoiGuz)\nkajashi has agreed to open team sheets.\nItsYaBoiGuz has agreed to open team sheets.\n|inactive|kajashi has 60 seconds left.\n|inactive|kajashi has 30 seconds left.\n|\n|t:|1682645923\n|start\n|switch|p1a: Glimmora|Glimmora, L50, M, shiny|100\/100\n|switch|p1b: Wo-Chien|Wo-Chien, L50|100\/100\n|switch|p2a: Kingambit|Kingambit, L50, F|100\/100\n|switch|p2b: Gyarados|Gyarados, L50, F|100\/100\n|-ability|p2b: Gyarados|Intimidate|boost\n|-unboost|p1a: Glimmora|atk|1\n|-unboost|p1b: Wo-Chien|atk|1\n|-ability|p1b: Wo-Chien|Tablets of Ruin\n|turn|1\n|inactive|kajashi has 30 seconds left.\n|inactive|kajashi has 20 seconds left.\n|inactive|kajashi has 15 seconds left.\n|inactive|kajashi has 10 seconds left.\n|\n|t:|1682645971\n|move|p2b: Gyarados|Taunt|p1b: Wo-Chien\n|-start|p1b: Wo-Chien|move: Taunt\n|move|p1a: Glimmora|Power Gem|p2b: Gyarados\n|-supereffective|p2b: Gyarados\n|-damage|p2b: Gyarados|6\/100\n|-enditem|p2b: Gyarados|Sitrus Berry|[eat]\n|-heal|p2b: Gyarados|30\/100|[from] item: Sitrus Berry\n|move|p1b: Wo-Chien|Foul Play|p2b: Gyarados\n|-damage|p2b: Gyarados|0 fnt\n|faint|p2b: Gyarados\n|move|p2a: Kingambit|Iron Head|p1a: Glimmora\n|-supereffective|p1a: Glimmora\n|-damage|p1a: Glimmora|27\/100\n|-activate|p1a: Glimmora|ability: Toxic Debris\n|-sidestart|p2: kajashi|move: Toxic Spikes\n|\n|upkeep\n|j| mpudi\n|\n|t:|1682645985\n|switch|p2b: Chi-Yu|Chi-Yu, L50|100\/100\n|-status|p2b: Chi-Yu|psn\n|-ability|p2b: Chi-Yu|Beads of Ruin\n|turn|2\n|\n|t:|1682646002\n|switch|p1b: Gyarados|Gyarados, L50, M, shiny|100\/100\n|-ability|p1b: Gyarados|Intimidate|boost\n|-unboost|p2a: Kingambit|atk|1\n|-ability|p2a: Kingambit|Defiant|boost\n|-boost|p2a: Kingambit|atk|2\n|-unboost|p2b: Chi-Yu|atk|1\n|move|p1a: Glimmora|Spiky Shield|p1a: Glimmora\n|-singleturn|p1a: Glimmora|move: Protect\n|move|p2b: Chi-Yu|Heat Wave|p1b: Gyarados|[spread] p1b\n|-activate|p1a: Glimmora|move: Protect\n|-resisted|p1b: Gyarados\n|-damage|p1b: Gyarados|83\/100\n|move|p2a: Kingambit|Assurance|p1b: Gyarados\n|-crit|p1b: Gyarados\n|-damage|p1b: Gyarados|0 fnt\n|faint|p1b: Gyarados\n|\n|-damage|p2b: Chi-Yu|88\/100 psn|[from] psn\n|upkeep\n|\n|t:|1682646011\n|switch|p1b: Chi-Yu|Chi-Yu, L50|100\/100\n|-ability|p1b: Chi-Yu|Beads of Ruin\n|turn|3\n|\n|t:|1682646034\n|-terastallize|p2a: Kingambit|Fire\n|move|p2b: Chi-Yu|Protect|p2b: Chi-Yu\n|-singleturn|p2b: Chi-Yu|Protect\n|move|p2a: Kingambit|Sucker Punch|p1a: Glimmora\n|-damage|p1a: Glimmora|0 fnt\n|-activate|p1a: Glimmora|ability: Toxic Debris\n|-sidestart|p2: kajashi|move: Toxic Spikes\n|faint|p1a: Glimmora\n|move|p1b: Chi-Yu|Heat Wave|p2a: Kingambit|[spread] \n|-activate|p2b: Chi-Yu|move: Protect\n|-miss|p1b: Chi-Yu|p2a: Kingambit\n|\n|-damage|p2b: Chi-Yu|76\/100 psn|[from] psn\n|upkeep\n|\n|t:|1682646038\n|switch|p1a: Wo-Chien|Wo-Chien, L50|100\/100\n|-ability|p1a: Wo-Chien|Tablets of Ruin\n|turn|4\n|inactive|kajashi has 30 seconds left.\n|\n|t:|1682646069\n|-terastallize|p1a: Wo-Chien|Poison\n|move|p2b: Chi-Yu|Heat Wave|p1b: Chi-Yu|[spread] p1a\n|-miss|p2b: Chi-Yu|p1b: Chi-Yu\n|-damage|p1a: Wo-Chien|68\/100\n|move|p1b: Chi-Yu|Dark Pulse|p2a: Kingambit\n|-damage|p2a: Kingambit|48\/100\n|-damage|p1b: Chi-Yu|90\/100|[from] item: Life Orb\n|move|p1a: Wo-Chien|Foul Play|p2a: Kingambit\n|-damage|p2a: Kingambit|0 fnt\n|faint|p2a: Kingambit\n|\n|-heal|p1a: Wo-Chien|74\/100|[from] item: Leftovers\n|-damage|p2b: Chi-Yu|64\/100 psn|[from] psn\n|upkeep\n|\n|t:|1682646083\n|switch|p2a: Flutter Mane|Flutter Mane, L50|100\/100\n|-status|p2a: Flutter Mane|tox\n|-enditem|p2a: Flutter Mane|Booster Energy\n|-activate|p2a: Flutter Mane|ability: Protosynthesis|[fromitem]\n|-start|p2a: Flutter Mane|protosynthesisspa\n|turn|5\n|j| Mobilephonetest\n|\n|t:|1682646104\n|move|p1b: Chi-Yu|Protect|p1b: Chi-Yu\n|-singleturn|p1b: Chi-Yu|Protect\n|move|p1a: Wo-Chien|Protect|p1a: Wo-Chien\n|-singleturn|p1a: Wo-Chien|Protect\n|move|p2a: Flutter Mane|Moonblast|p1b: Chi-Yu\n|-activate|p1b: Chi-Yu|move: Protect\n|move|p2b: Chi-Yu|Dark Pulse|p1a: Wo-Chien\n|-activate|p1a: Wo-Chien|move: Protect\n|\n|-heal|p1a: Wo-Chien|80\/100|[from] item: Leftovers\n|-damage|p2a: Flutter Mane|95\/100 tox|[from] psn\n|-damage|p2b: Chi-Yu|51\/100 psn|[from] psn\n|upkeep\n|turn|6\n|\n|t:|1682646120\n|move|p2a: Flutter Mane|Moonblast|p1b: Chi-Yu\n|-damage|p1b: Chi-Yu|16\/100\n|move|p1b: Chi-Yu|Heat Wave|p2a: Flutter Mane|[spread] p2a,p2b\n|-crit|p2a: Flutter Mane\n|-resisted|p2b: Chi-Yu\n|-damage|p2a: Flutter Mane|8\/100 tox\n|-damage|p2b: Chi-Yu|21\/100 psn\n|-damage|p1b: Chi-Yu|6\/100|[from] item: Life Orb\n|move|p2b: Chi-Yu|Heat Wave|p1b: Chi-Yu|[spread] p1b\n|-miss|p2b: Chi-Yu|p1a: Wo-Chien\n|-resisted|p1b: Chi-Yu\n|-damage|p1b: Chi-Yu|0 fnt\n|faint|p1b: Chi-Yu\n|move|p1a: Wo-Chien|Leech Seed|p2b: Chi-Yu\n|-start|p2b: Chi-Yu|move: Leech Seed\n|\n|-heal|p1a: Wo-Chien|86\/100|[from] item: Leftovers\n|-damage|p2b: Chi-Yu|9\/100 psn|[from] Leech Seed|[of] p1a: Wo-Chien\n|-heal|p1a: Wo-Chien|95\/100|[silent]\n|-damage|p2a: Flutter Mane|0 fnt|[from] psn\n|faint|p2a: Flutter Mane\n|-end|p2a: Flutter Mane|Protosynthesis|[silent]\n|-damage|p2b: Chi-Yu|0 fnt|[from] psn\n|faint|p2b: Chi-Yu\n|\n|win|ItsYaBoiGuz\n|upkeep\n|raw|ItsYaBoiGuz's rating: 1500 → 1521<\/strong> (+21 for winning)\n|raw|kajashi's rating: 1524 → 1503<\/strong> (-21 for losing)\n","uploadtime":1682646143,"views":9,"p1id":"itsyaboiguz","p2id":"kajashi","formatid":"gen9vgc2023regulationc","rating":1503,"private":0,"password":""}