{"id":"gen9vgc2023regulationc-1863848779","p1":"Raymond935","p2":"BOhm11","format":"[Gen 9] VGC 2023 Regulation C","log":"|j|\u2606Raymond935\n|j|\u2606BOhm11\n|t:|1684085093\n|gametype|doubles\n|player|p1|Raymond935|102|\n|player|p2|BOhm11|170|\n|teamsize|p1|6\n|teamsize|p2|6\n|gen|9\n|tier|[Gen 9] VGC 2023 Regulation C\n|rule|Species Clause: Limit one of each Pok\u00e9mon\n|rule|Item Clause: Limit one of each item\n|clearpoke\n|poke|p1|Dragonite, L50, M|\n|poke|p1|Chien-Pao, L50|\n|poke|p1|Slowbro, L50, F|\n|poke|p1|Iron Treads, L50|\n|poke|p1|Ceruledge, L50, F|\n|poke|p1|Naclstack, L50, F|\n|poke|p2|Lycanroc, L50, F|\n|poke|p2|Hippowdon, L50, M|\n|poke|p2|Scream Tail, L50|\n|poke|p2|Gothitelle, L50, F|\n|poke|p2|Garganacl, L50, F|\n|poke|p2|Breloom, L50, M|\n|teampreview|4\n|c|\u2606Raymond935|G3\nRaymond935 rejected open team sheets.\n|j| j4ce\n|l| j4ce\n|c|\u2606BOhm11|glhf!\n|j| Richweav13\n|c|\u2606Raymond935|gl man\n|\n|t:|1684087335\n|start\n|switch|p1a: Chien-Pao|Chien-Pao, L50|100\/100\n|switch|p1b: Iron Treads|Iron Treads, L50|100\/100\n|switch|p2a: Lycanroc|Lycanroc, L50, F|100\/100\n|switch|p2b: Hippowdon|Hippowdon, L50, M|100\/100\n|-ability|p1a: Chien-Pao|Sword of Ruin\n|-weather|Sandstorm|[from] ability: Sand Stream|[of] p2b: Hippowdon\n|-enditem|p1b: Iron Treads|Booster Energy\n|-activate|p1b: Iron Treads|ability: Quark Drive|[fromitem]\n|-start|p1b: Iron Treads|quarkdriveatk\n|turn|1\n|\n|t:|1684087488\n|move|p1a: Chien-Pao|Protect|p1a: Chien-Pao\n|-singleturn|p1a: Chien-Pao|Protect\n|move|p2b: Hippowdon|Protect|p2b: Hippowdon\n|-singleturn|p2b: Hippowdon|Protect\n|move|p2a: Lycanroc|Rock Slide|p1a: Chien-Pao|[spread] p1b\n|-activate|p1a: Chien-Pao|move: Protect\n|-resisted|p1b: Iron Treads\n|-damage|p1b: Iron Treads|91\/100\n|move|p1b: Iron Treads|Earthquake|p2b: Hippowdon|[spread] p2a\n|-activate|p1a: Chien-Pao|move: Protect\n|-activate|p2b: Hippowdon|move: Protect\n|-supereffective|p2a: Lycanroc\n|-enditem|p2a: Lycanroc|Focus Sash\n|-damage|p2a: Lycanroc|1\/100\n|\n|-weather|Sandstorm|[upkeep]\n|-damage|p1a: Chien-Pao|95\/100|[from] Sandstorm\n|upkeep\n|turn|2\n|j| sucabaVGC\n|\n|t:|1684087603\n|move|p1a: Chien-Pao|Ice Shard|p2a: Lycanroc\n|-damage|p2a: Lycanroc|0 fnt\n|faint|p2a: Lycanroc\n|move|p1b: Iron Treads|Iron Head|p2b: Hippowdon\n|-damage|p2b: Hippowdon|64\/100\n|move|p2b: Hippowdon|Body Press|p1b: Iron Treads\n|-supereffective|p1b: Iron Treads\n|-damage|p1b: Iron Treads|17\/100\n|\n|-weather|Sandstorm|[upkeep]\n|-damage|p1a: Chien-Pao|89\/100|[from] Sandstorm\n|upkeep\n|c|\u2606BOhm11|Awe I fucked that up\n|\n|t:|1684087618\n|switch|p2a: Garganacl|Garganacl, L50, F|100\/100\n|turn|3\n|c|\u2606BOhm11|Kept hovering over accelrock lol\n|c|\u2606Raymond935|Would it have killed?\n|c|\u2606BOhm11|Doubtful but damange\n|c|\u2606Raymond935|Lots of it yea\n|\n|t:|1684087688\n|-end|p1b: Iron Treads|Quark Drive|[silent]\n|switch|p1b: Slowbro|Slowbro, L50, F|100\/100\n|-terastallize|p2a: Garganacl|Water\n|move|p1a: Chien-Pao|Protect|p1a: Chien-Pao\n|-singleturn|p1a: Chien-Pao|Protect\n|move|p2b: Hippowdon|Protect|p2b: Hippowdon\n|-singleturn|p2b: Hippowdon|Protect\n|move|p2a: Garganacl|Salt Cure|p1b: Slowbro\n|-damage|p1b: Slowbro|90\/100\n|\n|-weather|Sandstorm|[upkeep]\n|-damage|p1a: Chien-Pao|83\/100|[from] Sandstorm\n|-damage|p1b: Slowbro|84\/100|[from] Sandstorm\n|-damage|p2a: Garganacl|95\/100|[from] Sandstorm\n|-heal|p2a: Garganacl|100\/100|[from] item: Leftovers\n|upkeep\n|turn|4\n|\n|t:|1684087719\n|move|p1a: Chien-Pao|Icicle Crash|p2b: Hippowdon\n|-supereffective|p2b: Hippowdon\n|-damage|p2b: Hippowdon|0 fnt\n|faint|p2b: Hippowdon\n|move|p1b: Slowbro|Calm Mind|p1b: Slowbro\n|-boost|p1b: Slowbro|spa|1\n|-boost|p1b: Slowbro|spd|1\n|move|p2a: Garganacl|Salt Cure|p1a: Chien-Pao\n|-supereffective|p1a: Chien-Pao\n|-damage|p1a: Chien-Pao|44\/100\n|-start|p1a: Chien-Pao|Salt Cure\n|\n|-weather|Sandstorm|[upkeep]\n|-damage|p1a: Chien-Pao|39\/100|[from] Sandstorm\n|-damage|p1b: Slowbro|78\/100|[from] Sandstorm\n|-damage|p2a: Garganacl|95\/100|[from] Sandstorm\n|-heal|p2a: Garganacl|100\/100|[from] item: Leftovers\n|-damage|p1a: Chien-Pao|26\/100|[from] Salt Cure\n|upkeep\n|\n|t:|1684087724\n|switch|p2b: Breloom|Breloom, L50, M|100\/100\n|turn|5\n|\n|t:|1684087822\n|-terastallize|p1b: Slowbro|Grass\n|move|p2b: Breloom|Protect|p2b: Breloom\n|-singleturn|p2b: Breloom|Protect\n|move|p1a: Chien-Pao|Ice Shard|p2b: Breloom\n|-activate|p2b: Breloom|move: Protect\n|move|p1b: Slowbro|Calm Mind|p1b: Slowbro\n|-boost|p1b: Slowbro|spa|1\n|-boost|p1b: Slowbro|spd|1\n|move|p2a: Garganacl|Salt Cure|p1a: Chien-Pao\n|-supereffective|p1a: Chien-Pao\n|-damage|p1a: Chien-Pao|0 fnt\n|faint|p1a: Chien-Pao\n|\n|-weather|none\n|upkeep\n|c|\u2606BOhm11|the tera grass noooo\n|\n|t:|1684087862\n|switch|p1a: Iron Treads|Iron Treads, L50|17\/100\n|turn|6\n|\n|t:|1684087953\n|move|p2b: Breloom|Mach Punch|p1b: Slowbro\n|-damage|p1b: Slowbro|61\/100\n|move|p1a: Iron Treads|Iron Head|p2b: Breloom\n|-damage|p2b: Breloom|64\/100\n|move|p1b: Slowbro|Hydro Pump|p2b: Breloom\n|-resisted|p2b: Breloom\n|-damage|p2b: Breloom|0 fnt\n|faint|p2b: Breloom\n|move|p2a: Garganacl|Salt Cure|p1a: Iron Treads\n|-resisted|p1a: Iron Treads\n|-damage|p1a: Iron Treads|14\/100\n|-start|p1a: Iron Treads|Salt Cure\n|\n|-damage|p1a: Iron Treads|0 fnt|[from] Salt Cure\n|faint|p1a: Iron Treads\n|-end|p1a: Iron Treads|Quark Drive|[silent]\n|upkeep\n|\n|t:|1684087960\n|switch|p1a: Naclstack|Naclstack, L50, F|100\/100\n|turn|7\n|c|\u2606BOhm11|wow didnt think hydro could do it\n|c|\u2606BOhm11|and thats probably game if that has salt cure lol\n|\n|t:|1684087986\n|move|p1a: Naclstack|Salt Cure|p2a: Garganacl\n|-damage|p2a: Garganacl|95\/100\n|-start|p2a: Garganacl|Salt Cure\n|move|p1b: Slowbro|Calm Mind|p1b: Slowbro\n|-boost|p1b: Slowbro|spa|1\n|-boost|p1b: Slowbro|spd|1\n|move|p2a: Garganacl|Salt Cure|p1b: Slowbro\n|-damage|p1b: Slowbro|53\/100\n|\n|-heal|p2a: Garganacl|100\/100|[from] item: Leftovers\n|-damage|p2a: Garganacl|76\/100|[from] Salt Cure\n|upkeep\n|turn|8\n|c|\u2606BOhm11|wp gg\n|c|\u2606Raymond935|Little insurance policy against more misses\n|c|\u2606Raymond935|ggs man\n|l| sucabaVGC\n|\n|t:|1684088004\n|move|p1a: Naclstack|Protect|p1a: Naclstack\n|-singleturn|p1a: Naclstack|Protect\n|move|p1b: Slowbro|Calm Mind|p1b: Slowbro\n|-boost|p1b: Slowbro|spa|1\n|-boost|p1b: Slowbro|spd|1\n|move|p2a: Garganacl|Salt Cure|p1b: Slowbro\n|-crit|p1b: Slowbro\n|-damage|p1b: Slowbro|41\/100\n|\n|-heal|p2a: Garganacl|82\/100|[from] item: Leftovers\n|-damage|p2a: Garganacl|57\/100|[from] Salt Cure\n|upkeep\n|turn|9\n|c|\u2606BOhm11|no it was a good bring. Sorry for the stall game\n|j| j4ce\n|c|\u2606BOhm11|Your team wrecks otherwise\n|\n|t:|1684088018\n|move|p1a: Naclstack|Body Press|p2a: Garganacl\n|-damage|p2a: Garganacl|44\/100\n|move|p1b: Slowbro|Slack Off|p1b: Slowbro\n|-heal|p1b: Slowbro|91\/100\n|move|p2a: Garganacl|Salt Cure|p1a: Naclstack\n|-damage|p1a: Naclstack|93\/100\n|-start|p1a: Naclstack|Salt Cure\n|\n|-heal|p2a: Garganacl|50\/100|[from] item: Leftovers\n|-damage|p1a: Naclstack|81\/100|[from] Salt Cure\n|-damage|p2a: Garganacl|26\/100|[from] Salt Cure\n|upkeep\n|turn|10\n|c|\u2606Raymond935|Man nw\n|c|\u2606Raymond935|VGC stall is cool\n|c|\u2606Raymond935|don't see a whole bunch o fit\n|\n|t:|1684088031\n|move|p1a: Naclstack|Body Press|p2a: Garganacl\n|-damage|p2a: Garganacl|13\/100\n|move|p1b: Slowbro|Hydro Pump|p2a: Garganacl\n|-resisted|p2a: Garganacl\n|-damage|p2a: Garganacl|0 fnt\n|faint|p2a: Garganacl\n|\n|win|Raymond935\n|c|\u2606BOhm11|gg wp!\n|c|\u2606BOhm11|again\n|l| Richweav13\n|c|\u2606Raymond935|Cool team!\n|c|\u2606BOhm11|Thanks! Youres is scary as hell\n|c| j4ce|Damn y'all started playin 45 mins ago\n|c|\u2606BOhm11|I know lmao\n|l| j4ce\n","uploadtime":1684088079,"views":29,"p1id":"raymond935","p2id":"bohm11","formatid":"gen9vgc2023regulationc","rating":0,"private":0,"password":""}