{"id":"gen9vgc2023regulationc-1862039391","p1":"mil0battles","p2":"Cosentino","format":"[Gen 9] VGC 2023 Regulation C","log":"|j|\u2606mil0battles\n|j|\u2606Cosentino\n|t:|1683831123\n|gametype|doubles\n|player|p1|mil0battles|169|1355\n|player|p2|Cosentino|266|1396\n|teamsize|p1|6\n|teamsize|p2|6\n|gen|9\n|tier|[Gen 9] VGC 2023 Regulation C\n|rated|\n|rule|Species Clause: Limit one of each Pok\u00e9mon\n|rule|Item Clause: Limit one of each item\n|clearpoke\n|poke|p1|Indeedee-F, L50, F|\n|poke|p1|Kingambit, L50, M|\n|poke|p1|Torkoal, L50, F|\n|poke|p1|Hariyama, L50, M|\n|poke|p1|Hatterene, L50, F|\n|poke|p1|Armarouge, L50, F|\n|poke|p2|Sableye, L50, M|\n|poke|p2|Ceruledge, L50, F|\n|poke|p2|Flutter Mane, L50|\n|poke|p2|Amoonguss, L50, M|\n|poke|p2|Ting-Lu, L50|\n|poke|p2|Great Tusk, L50|\n|teampreview|4\n|inactive|Battle timer is ON: inactive players will automatically lose when time's up. (requested by mil0battles)\n|\n|t:|1683831151\n|start\n|switch|p1a: Indeedee|Indeedee-F, L50, F|100\/100\n|switch|p1b: Armarouge|Armarouge, L50, F|100\/100\n|switch|p2a: Sableye|Sableye, L50, M|100\/100\n|switch|p2b: Flutter Mane|Flutter Mane, L50|100\/100\n|-fieldstart|move: Psychic Terrain|[from] ability: Psychic Surge|[of] p1a: Indeedee\n|-enditem|p2b: Flutter Mane|Booster Energy\n|-activate|p2b: Flutter Mane|ability: Protosynthesis|[fromitem]\n|-start|p2b: Flutter Mane|protosynthesisspe\n|turn|1\n|\n|t:|1683831173\n|-terastallize|p1b: Armarouge|Grass\n|move|p1a: Indeedee|Follow Me|p1a: Indeedee\n|-singleturn|p1a: Indeedee|move: Follow Me\n|move|p2b: Flutter Mane|Substitute|p2b: Flutter Mane\n|-start|p2b: Flutter Mane|Substitute\n|-damage|p2b: Flutter Mane|75\/100\n|move|p2a: Sableye|Foul Play|p1a: Indeedee\n|-supereffective|p1a: Indeedee\n|-damage|p1a: Indeedee|72\/100\n|move|p1b: Armarouge|Trick Room|p1b: Armarouge\n|-fieldstart|move: Trick Room|[of] p1b: Armarouge\n|\n|upkeep\n|turn|2\n|\n|t:|1683831196\n|move|p2a: Sableye|Foul Play|p1a: Indeedee\n|-supereffective|p1a: Indeedee\n|-damage|p1a: Indeedee|44\/100\n|move|p1b: Armarouge|Armor Cannon|p2a: Sableye\n|-damage|p2a: Sableye|29\/100\n|-unboost|p1b: Armarouge|def|1\n|-unboost|p1b: Armarouge|spd|1\n|move|p1a: Indeedee|Dazzling Gleam|p2b: Flutter Mane|[spread] p2a,p2b\n|-crit|p2b: Flutter Mane\n|-activate|p2b: Flutter Mane|move: Substitute|[damage]\n|-supereffective|p2a: Sableye\n|-damage|p2a: Sableye|0 fnt\n|faint|p2a: Sableye\n|move|p2b: Flutter Mane|Moonblast|p1b: Armarouge\n|-damage|p1b: Armarouge|27\/100\n|\n|upkeep\n|\n|t:|1683831211\n|switch|p2a: Ting-Lu|Ting-Lu, L50|100\/100\n|-ability|p2a: Ting-Lu|Vessel of Ruin\n|turn|3\n|\n|t:|1683831228\n|move|p2a: Ting-Lu|Throat Chop|p1a: Indeedee\n|-supereffective|p1a: Indeedee\n|-damage|p1a: Indeedee|0 fnt\n|faint|p1a: Indeedee\n|move|p1b: Armarouge|Armor Cannon|p2a: Ting-Lu\n|-damage|p2a: Ting-Lu|80\/100\n|-unboost|p1b: Armarouge|def|1\n|-unboost|p1b: Armarouge|spd|1\n|move|p2b: Flutter Mane|Moonblast|p1b: Armarouge\n|-damage|p1b: Armarouge|0 fnt\n|faint|p1b: Armarouge\n|\n|upkeep\n|\n|t:|1683831235\n|switch|p1b: Hatterene|Hatterene, L50, F|100\/100\n|switch|p1a: Torkoal|Torkoal, L50, F|100\/100\n|-weather|SunnyDay|[from] ability: Drought|[of] p1a: Torkoal\n|turn|4\n|\n|t:|1683831248\n|switch|p2a: Ceruledge|Ceruledge, L50, F|100\/100\n|move|p1a: Torkoal|Eruption|p2b: Flutter Mane|[spread] p2b\n|-start|p2a: Ceruledge|ability: Flash Fire\n|-end|p2b: Flutter Mane|Substitute\n|move|p1b: Hatterene|Dazzling Gleam|p2b: Flutter Mane|[spread] p2a,p2b\n|-resisted|p2a: Ceruledge\n|-damage|p2a: Ceruledge|81\/100\n|-damage|p2b: Flutter Mane|34\/100\n|-damage|p1b: Hatterene|91\/100|[from] item: Life Orb\n|move|p2b: Flutter Mane|Shadow Ball|p1a: Torkoal\n|-crit|p1a: Torkoal\n|-damage|p1a: Torkoal|17\/100\n|-unboost|p1a: Torkoal|spd|1\n|\n|-weather|SunnyDay|[upkeep]\n|-heal|p2a: Ceruledge|87\/100|[from] item: Leftovers\n|upkeep\n|turn|5\n|\n|t:|1683831268\n|move|p2a: Ceruledge|Protect|p2a: Ceruledge\n|-singleturn|p2a: Ceruledge|Protect\n|move|p2b: Flutter Mane|Protect|p2b: Flutter Mane\n|-singleturn|p2b: Flutter Mane|Protect\n|move|p1a: Torkoal|Clear Smog|p2a: Ceruledge\n|-activate|p2a: Ceruledge|move: Protect\n|move|p1b: Hatterene|Dazzling Gleam|p2a: Ceruledge|[spread] \n|-activate|p2a: Ceruledge|move: Protect\n|-activate|p2b: Flutter Mane|move: Protect\n|\n|-weather|SunnyDay|[upkeep]\n|-heal|p2a: Ceruledge|93\/100|[from] item: Leftovers\n|-fieldend|move: Trick Room\n|-fieldend|move: Psychic Terrain\n|upkeep\n|turn|6\n|-message|mil0battles forfeited.\n|\n|win|Cosentino\n|raw|mil0battles's rating: 1355 → 1337<\/strong> (-18 for losing)\n|raw|Cosentino's rating: 1396 → 1414<\/strong> (+18 for winning)\n|l|\u2606mil0battles\n","uploadtime":1683831281,"views":11,"p1id":"mil0battles","p2id":"cosentino","formatid":"gen9vgc2023regulationc","rating":1337,"private":0,"password":""}