{"id":"gen9vgc2023regulationc-1863539987","p1":"anv61","p2":"9winsformepls","format":"[Gen 9] VGC 2023 Regulation C","log":"|j|\u2606anv61\n|j|\u26069winsformepls\n|t:|1684031412\n|gametype|doubles\n|player|p1|anv61|n|1070\n|player|p2|9winsformepls|bruno-gen1|1122\n|teamsize|p1|4\n|teamsize|p2|6\n|gen|9\n|tier|[Gen 9] VGC 2023 Regulation C\n|rated|\n|rule|Species Clause: Limit one of each Pok\u00e9mon\n|rule|Item Clause: Limit one of each item\n|clearpoke\n|poke|p1|Espathra, L50, F|\n|poke|p1|Lucario, L50, M|\n|poke|p1|Grimmsnarl, L50, M|\n|poke|p1|Stantler, L50, M|\n|poke|p2|Flutter Mane, L50|\n|poke|p2|Arcanine, L50, F|\n|poke|p2|Palafin, L50, F|\n|poke|p2|Kingambit, L50, M|\n|poke|p2|Gholdengo, L50|\n|poke|p2|Sylveon, L50, F|\n|teampreview|4\n9winsformepls has agreed to open team sheets.\n|\n|t:|1684031432\n|start\n|switch|p1a: Grimmsnarl|Grimmsnarl, L50, M|100\/100\n|switch|p1b: Espathra|Espathra, L50, F|100\/100\n|switch|p2a: Palafin|Palafin, L50, F|100\/100\n|switch|p2b: Arcanine|Arcanine, L50, F|100\/100\n|-ability|p2b: Arcanine|Intimidate|boost\n|-unboost|p1a: Grimmsnarl|atk|1\n|-unboost|p1b: Espathra|atk|1\n|turn|1\n|\n|t:|1684031462\n|detailschange|p2a: Palafin|Palafin-Hero, L50, F\n|switch|p2a: Gholdengo|Gholdengo, L50|100\/100\n|move|p1a: Grimmsnarl|Flatter|p2a: Gholdengo\n|-immune|p2a: Gholdengo|[from] ability: Good as Gold\n|move|p1b: Espathra|Hyper Voice|p2a: Gholdengo|[spread] p2b\n|-immune|p2a: Gholdengo\n|-damage|p2b: Arcanine|77\/100\n|-enditem|p1b: Espathra|Throat Spray\n|-boost|p1b: Espathra|spa|1|[from] item: Throat Spray\n|move|p2b: Arcanine|Will-O-Wisp|p1a: Grimmsnarl\n|-status|p1a: Grimmsnarl|brn\n|\n|-damage|p1a: Grimmsnarl|95\/100 brn|[from] brn\n|upkeep\n|turn|2\n|\n|t:|1684031497\n|move|p1a: Grimmsnarl|Flatter|p2b: Arcanine\n|-boost|p2b: Arcanine|spa|1\n|-ability|p1b: Espathra|Opportunist|boost\n|-boost|p1b: Espathra|spa|1\n|-start|p2b: Arcanine|confusion\n|move|p2a: Gholdengo|Trick|p1a: Grimmsnarl\n|-activate|p2a: Gholdengo|move: Trick|[of] p1a: Grimmsnarl\n|-item|p1a: Grimmsnarl|Choice Scarf|[from] move: Trick\n|-item|p2a: Gholdengo|Shell Bell|[from] move: Trick\n|move|p1b: Espathra|Dazzling Gleam|p2a: Gholdengo|[spread] p2a,p2b\n|-resisted|p2a: Gholdengo\n|-resisted|p2b: Arcanine\n|-damage|p2a: Gholdengo|83\/100\n|-damage|p2b: Arcanine|59\/100\n|-activate|p2b: Arcanine|confusion\n|-damage|p2b: Arcanine|48\/100|[from] confusion\n|\n|-damage|p1a: Grimmsnarl|89\/100 brn|[from] brn\n|upkeep\n|turn|3\n|\n|t:|1684031529\n|switch|p1a: Stantler|Stantler, L50, M|100\/100\n|-ability|p1a: Stantler|Intimidate|boost\n|-unboost|p2a: Gholdengo|atk|1\n|-unboost|p2b: Arcanine|atk|1\n|-end|p2b: Arcanine|confusion\n|move|p2b: Arcanine|Extreme Speed|p1b: Espathra\n|-damage|p1b: Espathra|78\/100\n|move|p1b: Espathra|Lumina Crash|p2a: Gholdengo\n|-resisted|p2a: Gholdengo\n|-damage|p2a: Gholdengo|43\/100\n|-unboost|p2a: Gholdengo|spd|2\n|move|p2a: Gholdengo|Make It Rain|p1a: Stantler|[spread] p1a,p1b\n|-damage|p1a: Stantler|32\/100\n|-damage|p1b: Espathra|5\/100\n|-unboost|p2a: Gholdengo|spa|1\n|-heal|p2a: Gholdengo|60\/100|[from] item: Shell Bell|[of] p1b: Espathra\n|\n|-status|p1a: Stantler|tox|[from] item: Toxic Orb\n|upkeep\n|turn|4\n|\n|t:|1684031587\n|switch|p1b: Grimmsnarl|Grimmsnarl, L50, M|89\/100 brn\n|switch|p2a: Kingambit|Kingambit, L50, M|100\/100\n|move|p2b: Arcanine|Protect|p2b: Arcanine\n|-singleturn|p2b: Arcanine|Protect\n|move|p1a: Stantler|Facade|p2b: Arcanine\n|-activate|p2b: Arcanine|move: Protect\n|\n|-damage|p1a: Stantler|26\/100 tox|[from] psn\n|-damage|p1b: Grimmsnarl|83\/100 brn|[from] brn\n|upkeep\n|turn|5\n|j| glowbrogang\n|l| glowbrogang\n|\n|t:|1684031627\n|move|p2a: Kingambit|Sucker Punch||[still]\n|-fail|p2a: Kingambit\n|move|p2b: Arcanine|Flare Blitz|p1b: Grimmsnarl\n|-damage|p1b: Grimmsnarl|44\/100 brn\n|-damage|p2b: Arcanine|34\/100|[from] Recoil\n|move|p1a: Stantler|Rest|p1a: Stantler\n|-status|p1a: Stantler|slp|[from] move: Rest\n|-heal|p1a: Stantler|100\/100 slp|[silent]\n|move|p1b: Grimmsnarl|Spirit Break|p2a: Kingambit\n|-damage|p2a: Kingambit|86\/100\n|-unboost|p2a: Kingambit|spa|1\n|-ability|p2a: Kingambit|Defiant|boost\n|-boost|p2a: Kingambit|atk|2\n|\n|-damage|p1b: Grimmsnarl|38\/100 brn|[from] brn\n|upkeep\n|turn|6\n|c|\u2606anv61|nooooo\n|c|\u26069winsformepls|lol\n|\n|t:|1684031664\n|switch|p1a: Lucario|Lucario, L50, M|100\/100\n|move|p2b: Arcanine|Flare Blitz|p1a: Lucario\n|-supereffective|p1a: Lucario\n|-damage|p1a: Lucario|0 fnt\n|faint|p1a: Lucario\n|-damage|p2b: Arcanine|10\/100|[from] Recoil\n|move|p1b: Grimmsnarl|Spirit Break|p2b: Arcanine\n|-resisted|p2b: Arcanine\n|-damage|p2b: Arcanine|0 fnt\n|faint|p2b: Arcanine\n|move|p2a: Kingambit|Iron Head|p1b: Grimmsnarl\n|-supereffective|p1b: Grimmsnarl\n|-damage|p1b: Grimmsnarl|0 fnt\n|faint|p1b: Grimmsnarl\n|\n|upkeep\n|c|\u26069winsformepls|gg\n|\n|t:|1684031676\n|switch|p1a: Stantler|Stantler, L50, M|100\/100 slp\n|switch|p2b: Gholdengo|Gholdengo, L50|60\/100\n|switch|p1b: Espathra|Espathra, L50, F|5\/100\n|-ability|p1a: Stantler|Intimidate|boost\n|-unboost|p2a: Kingambit|atk|1\n|-ability|p2a: Kingambit|Defiant|boost\n|-boost|p2a: Kingambit|atk|2\n|-ability|p1b: Espathra|Opportunist|boost\n|-boost|p1b: Espathra|atk|2\n|-unboost|p2b: Gholdengo|atk|1\n|turn|7\n|\n|t:|1684031698\n|-terastallize|p2a: Kingambit|Dark\n|move|p2a: Kingambit|Sucker Punch|p1b: Espathra\n|-supereffective|p1b: Espathra\n|-damage|p1b: Espathra|0 fnt\n|faint|p1b: Espathra\n|cant|p1a: Stantler|slp\n|move|p2b: Gholdengo|Make It Rain|p1a: Stantler\n|-damage|p1a: Stantler|20\/100 slp\n|-unboost|p2b: Gholdengo|spa|1\n|-heal|p2b: Gholdengo|70\/100|[from] item: Shell Bell|[of] p1a: Stantler\n|\n|upkeep\n|turn|8\n|-message|anv61 forfeited.\n|\n|win|9winsformepls\n|raw|anv61's rating: 1070 → 1053<\/strong> (-17 for losing)\n|raw|9winsformepls's rating: 1122 → 1143<\/strong> (+21 for winning)\n","uploadtime":1684031576,"views":6,"p1id":"anv61","p2id":"9winsformepls","formatid":"gen9vgc2023regulationc","rating":1053,"private":0,"password":""}