{"id":"gen9vgc2023regulationc-1858996832","p1":"KaesyGard","p2":"Kyle Carlx","format":"[Gen 9] VGC 2023 Regulation C","log":"|j|\u2606KaesyGard\n|j|\u2606Kyle Carlx\n|t:|1683392395\n|gametype|doubles\n|player|p1|KaesyGard|1|\n|player|p2|Kyle Carlx|clay|\n|teamsize|p1|6\n|teamsize|p2|6\n|gen|9\n|tier|[Gen 9] VGC 2023 Regulation C\n|rule|Species Clause: Limit one of each Pok\u00e9mon\n|rule|Item Clause: Limit one of each item\n|clearpoke\n|poke|p1|Ting-Lu, L50|\n|poke|p1|Corviknight, L50, F|\n|poke|p1|Klefki, L50, M|\n|poke|p1|Annihilape, L50, M|\n|poke|p1|Iron Bundle, L50|\n|poke|p1|Brute Bonnet, L50|\n|poke|p2|Flutter Mane, L50|\n|poke|p2|Dragonite, L50, M|\n|poke|p2|Chien-Pao, L50|\n|poke|p2|Dondozo, L50, M|\n|poke|p2|Tatsugiri, L50, F|\n|poke|p2|Iron Hands, L50|\n|teampreview|4\n|c|\u2606Kyle Carlx|Gl\n|c|\u2606Kyle Carlx|Suerte se\u00f1ores\n|j| crowlersar24\n|n|\u2606KaesyGard|kaesygard\n|c|\u2606KaesyGard|GL\n|c|\u2606KaesyGard|Suerte\n|n| crowlersar24|crowlersar24\n|c| crowlersar24|Gl a todos\n|l| crowlersar24\n|\n|t:|1683392571\n|start\n|switch|p1a: Corviknight|Corviknight, L50, F|100\/100\n|switch|p1b: Ting-Lu|Ting-Lu, L50|100\/100\n|switch|p2a: Iron Hands|Iron Hands, L50|100\/100\n|switch|p2b: Flutter Mane|Flutter Mane, L50, shiny|100\/100\n|-ability|p1b: Ting-Lu|Vessel of Ruin\n|-enditem|p2b: Flutter Mane|Booster Energy\n|-activate|p2b: Flutter Mane|ability: Protosynthesis|[fromitem]\n|-start|p2b: Flutter Mane|protosynthesisspa\n|turn|1\n|\n|t:|1683392631\n|move|p2a: Iron Hands|Fake Out|p1a: Corviknight\n|-resisted|p1a: Corviknight\n|-damage|p1a: Corviknight|94\/100\n|move|p2b: Flutter Mane|Substitute|p2b: Flutter Mane\n|-start|p2b: Flutter Mane|Substitute\n|-damage|p2b: Flutter Mane|76\/100\n|cant|p1a: Corviknight|flinch\n|move|p1b: Ting-Lu|Fissure|p2a: Iron Hands\n|-damage|p2a: Iron Hands|0 fnt\n|faint|p2a: Iron Hands\n|-end|p2a: Iron Hands|Quark Drive|[silent]\n|-ohko\n|\n|upkeep\n|\n|t:|1683392659\n|switch|p2a: Dragonite|Dragonite, L50, M|100\/100\n|turn|2\n|\n|t:|1683392700\n|-terastallize|p2a: Dragonite|Flying\n|move|p1b: Ting-Lu|Protect|p1b: Ting-Lu\n|-singleturn|p1b: Ting-Lu|Protect\n|move|p2b: Flutter Mane|Shadow Ball|p1a: Corviknight\n|-damage|p1a: Corviknight|56\/100\n|move|p2a: Dragonite|Low Kick|p1a: Corviknight\n|-damage|p1a: Corviknight|17\/100\n|-enditem|p1a: Corviknight|Sitrus Berry|[eat]\n|-heal|p1a: Corviknight|42\/100|[from] item: Sitrus Berry\n|move|p1a: Corviknight|Tailwind|p1a: Corviknight\n|-sidestart|p1: KaesyGard|move: Tailwind\n|\n|upkeep\n|turn|3\n|\n|t:|1683392729\n|move|p1a: Corviknight|Roost|p1a: Corviknight\n|-heal|p1a: Corviknight|92\/100\n|-singleturn|p1a: Corviknight|move: Roost\n|move|p2b: Flutter Mane|Moonblast|p1b: Ting-Lu\n|-supereffective|p1b: Ting-Lu\n|-damage|p1b: Ting-Lu|22\/100\n|move|p1b: Ting-Lu|Heavy Slam|p2b: Flutter Mane\n|-supereffective|p2b: Flutter Mane\n|-end|p2b: Flutter Mane|Substitute\n|move|p2a: Dragonite|Low Kick|p1b: Ting-Lu\n|-supereffective|p1b: Ting-Lu\n|-crit|p1b: Ting-Lu\n|-damage|p1b: Ting-Lu|0 fnt\n|faint|p1b: Ting-Lu\n|\n|upkeep\n|\n|t:|1683392749\n|switch|p1b: Annihilape|Annihilape, L50, M|100\/100\n|turn|4\n|\n|t:|1683392791\n|-terastallize|p1b: Annihilape|Water\n|move|p1b: Annihilape|Bulk Up|p1b: Annihilape\n|-boost|p1b: Annihilape|atk|1\n|-boost|p1b: Annihilape|def|1\n|move|p1a: Corviknight|Brave Bird|p2b: Flutter Mane\n|-damage|p2b: Flutter Mane|3\/100\n|-damage|p1a: Corviknight|76\/100|[from] Recoil\n|move|p2b: Flutter Mane|Shadow Ball|p1a: Corviknight\n|-damage|p1a: Corviknight|24\/100\n|-ability|p1a: Corviknight|Mirror Armor\n|-unboost|p2b: Flutter Mane|spd|1\n|move|p2a: Dragonite|Low Kick|p1a: Corviknight\n|-damage|p1a: Corviknight|0 fnt\n|faint|p1a: Corviknight\n|\n|upkeep\n|\n|t:|1683392807\n|switch|p1a: Brute Bonnet|Brute Bonnet, L50|100\/100\n|turn|5\n|j| AndrwApple\n|l| AndrwApple\n|j| AndrwApple\n|\n|t:|1683392832\n|-end|p2b: Flutter Mane|Protosynthesis|[silent]\n|switch|p2b: Chien-Pao|Chien-Pao, L50|100\/100\n|-ability|p2b: Chien-Pao|Sword of Ruin\n|move|p1b: Annihilape|Protect|p1b: Annihilape\n|-singleturn|p1b: Annihilape|Protect\n|move|p1a: Brute Bonnet|Spore|p2b: Chien-Pao\n|-status|p2b: Chien-Pao|slp|[from] move: Spore\n|move|p2a: Dragonite|Low Kick|p1a: Brute Bonnet\n|-supereffective|p1a: Brute Bonnet\n|-damage|p1a: Brute Bonnet|45\/100\n|\n|-sideend|p1: KaesyGard|move: Tailwind\n|upkeep\n|turn|6\n|\n|t:|1683392876\n|switch|p2a: Flutter Mane|Flutter Mane, L50, shiny|3\/100\n|cant|p2b: Chien-Pao|slp\n|move|p1b: Annihilape|Rage Fist|p2a: Flutter Mane\n|-supereffective|p2a: Flutter Mane\n|-damage|p2a: Flutter Mane|0 fnt\n|faint|p2a: Flutter Mane\n|-end|p2a: Flutter Mane|Protosynthesis|[silent]\n|move|p1a: Brute Bonnet|Spore|p2b: Chien-Pao\n|-fail|p2b: Chien-Pao|slp\n|\n|upkeep\n|\n|t:|1683392891\n|switch|p2a: Dragonite|Dragonite, L50, M, tera:Flying|100\/100\n|turn|7\n|\n|t:|1683392932\n|-curestatus|p2b: Chien-Pao|slp|[msg]\n|move|p2b: Chien-Pao|Protect|p2b: Chien-Pao\n|-singleturn|p2b: Chien-Pao|Protect\n|move|p1a: Brute Bonnet|Sucker Punch|p2a: Dragonite\n|-damage|p2a: Dragonite|73\/100\n|move|p2a: Dragonite|Tera Blast|p1a: Brute Bonnet\n|-supereffective|p1a: Brute Bonnet\n|-damage|p1a: Brute Bonnet|0 fnt\n|faint|p1a: Brute Bonnet\n|-end|p1a: Brute Bonnet|Protosynthesis|[silent]\n|move|p1b: Annihilape|Drain Punch|p2b: Chien-Pao\n|-activate|p2b: Chien-Pao|move: Protect\n|\n|upkeep\n|turn|8\n|\n|t:|1683392952\n|move|p2b: Chien-Pao|Sacred Sword|p1b: Annihilape\n|-damage|p1b: Annihilape|63\/100\n|move|p2a: Dragonite|Tera Blast|p1b: Annihilape\n|-damage|p1b: Annihilape|0 fnt\n|faint|p1b: Annihilape\n|\n|win|Kyle Carlx\n|l| AndrwApple\n|c|\u2606KaesyGard|gg\n|l|\u2606KaesyGard\n|j|\u2606KaesyGard\n|player|p1|KaesyGard|1\n","uploadtime":1683392992,"views":7,"p1id":"kaesygard","p2id":"kylecarlx","formatid":"gen9vgc2023regulationc","rating":0,"private":0,"password":""}