{"id":"gen9vgc2023regulationc-1846357612","p1":"gholdjunge","p2":"FlappleFan93","format":"[Gen 9] VGC 2023 Regulation C","log":"|j|\u2606gholdjunge\n|j|\u2606FlappleFan93\n|t:|1681834388\n|gametype|doubles\n|player|p1|gholdjunge|youngster-gen2|1558\n|player|p2|FlappleFan93|flannery|1476\n|teamsize|p1|6\n|teamsize|p2|6\n|gen|9\n|tier|[Gen 9] VGC 2023 Regulation C\n|rated|\n|rule|Species Clause: Limit one of each Pok\u00e9mon\n|rule|Item Clause: Limit one of each item\n|clearpoke\n|poke|p1|Azumarill, L50, M|\n|poke|p1|Pelipper, L50, F|\n|poke|p1|Chien-Pao, L50|\n|poke|p1|Amoonguss, L50, F|\n|poke|p1|Iron Hands, L50|\n|poke|p1|Flutter Mane, L50|\n|poke|p2|Bellibolt, L50, F|\n|poke|p2|Gastrodon, L50, M|\n|poke|p2|Tauros-Paldea-Blaze, L50, M|\n|poke|p2|Amoonguss, L50, M|\n|poke|p2|Dragapult, L50, M|\n|poke|p2|Chien-Pao, L50|\n|teampreview|4\nFlappleFan93 has agreed to open team sheets.\n|j| pikachuo4o8\n|inactive|Battle timer is ON: inactive players will automatically lose when time's up. (requested by FlappleFan93)\n|inactive|gholdjunge has 60 seconds left.\n|\n|t:|1681834478\n|start\n|switch|p1a: Iron Hands|Iron Hands, L50|100\/100\n|switch|p1b: Azumarill|Azumarill, L50, M|100\/100\n|switch|p2a: Gastrodon|Gastrodon, L50, M|100\/100\n|switch|p2b: Bellibolt|Bellibolt, L50, F|100\/100\n|turn|1\n|inactive|gholdjunge has 30 seconds left.\n|inactive|FlappleFan93 has 30 seconds left.\n|\n|t:|1681834511\n|move|p1b: Azumarill|Play Rough|p2a: Gastrodon\n|-damage|p2a: Gastrodon|37\/100\n|move|p1a: Iron Hands|Drain Punch|p2a: Gastrodon\n|-damage|p2a: Gastrodon|0 fnt\n|faint|p2a: Gastrodon\n|move|p2b: Bellibolt|Parabolic Charge|p1a: Iron Hands|[spread] p1a,p1b\n|-resisted|p1a: Iron Hands\n|-supereffective|p1b: Azumarill\n|-damage|p1a: Iron Hands|91\/100\n|-damage|p1b: Azumarill|48\/100\n|\n|upkeep\n|\n|t:|1681834521\n|switch|p2a: Tauros|Tauros-Paldea-Blaze, L50, M|100\/100\n|-ability|p2a: Tauros|Intimidate|boost\n|-unboost|p1a: Iron Hands|atk|1\n|-unboost|p1b: Azumarill|atk|1\n|turn|2\n|inactive|gholdjunge has 30 seconds left.\n|\n|t:|1681834553\n|switch|p1b: Amoonguss|Amoonguss, L50, F|100\/100\n|move|p2a: Tauros|Protect|p2a: Tauros\n|-singleturn|p2a: Tauros|Protect\n|move|p1a: Iron Hands|Detect|p1a: Iron Hands\n|-singleturn|p1a: Iron Hands|Protect\n|move|p2b: Bellibolt|Parabolic Charge|p1b: Amoonguss|[spread] p1b\n|-activate|p2a: Tauros|move: Protect\n|-activate|p1a: Iron Hands|move: Protect\n|-resisted|p1b: Amoonguss\n|-damage|p1b: Amoonguss|90\/100\n|\n|upkeep\n|turn|3\n|inactive|gholdjunge has 30 seconds left.\n|inactive|gholdjunge has 20 seconds left.\n|inactive|gholdjunge has 15 seconds left.\n|inactive|gholdjunge has 10 seconds left.\n|inactive|FlappleFan93 has 30 seconds left.\n|\n|t:|1681834604\n|-terastallize|p2a: Tauros|Grass\n|-terastallize|p1a: Iron Hands|Fire\n|move|p2a: Tauros|Will-O-Wisp|p1a: Iron Hands\n|-immune|p1a: Iron Hands\n|move|p1a: Iron Hands|Swords Dance|p1a: Iron Hands\n|-boost|p1a: Iron Hands|atk|2\n|-enditem|p2a: Tauros|Mirror Herb\n|-boost|p2a: Tauros|atk|2|[from] item: Mirror Herb\n|move|p2b: Bellibolt|Muddy Water|p1b: Amoonguss|[spread] p1a,p1b\n|-supereffective|p1a: Iron Hands\n|-resisted|p1b: Amoonguss\n|-damage|p1a: Iron Hands|55\/100\n|-damage|p1b: Amoonguss|80\/100\n|-unboost|p1a: Iron Hands|accuracy|1\n|move|p1b: Amoonguss|Spore|p2b: Bellibolt\n|-status|p2b: Bellibolt|slp|[from] move: Spore\n|\n|upkeep\n|turn|4\n|inactive|gholdjunge has 30 seconds left.\n|inactive|FlappleFan93 has 30 seconds left.\n|inactive|gholdjunge has 20 seconds left.\n|inactive|FlappleFan93 has 20 seconds left.\n|inactive|gholdjunge has 15 seconds left.\n|inactive|FlappleFan93 has 15 seconds left.\n|inactive|gholdjunge has 10 seconds left.\n|inactive|FlappleFan93 has 10 seconds left.\n|inactive|gholdjunge has 5 seconds left.\n|\n|t:|1681834658\n|move|p2a: Tauros|Protect|p2a: Tauros\n|-singleturn|p2a: Tauros|Protect\n|move|p1b: Amoonguss|Rage Powder|p1b: Amoonguss\n|-singleturn|p1b: Amoonguss|move: Rage Powder\n|move|p1a: Iron Hands|Drain Punch|p2a: Tauros\n|-activate|p2a: Tauros|move: Protect\n|cant|p2b: Bellibolt|slp\n|\n|upkeep\n|turn|5\n|inactive|gholdjunge has 30 seconds left.\n|inactive|FlappleFan93 has 30 seconds left.\n|inactive|gholdjunge has 20 seconds left.\n|inactive|gholdjunge has 15 seconds left.\n|\n|t:|1681834704\n|move|p1b: Amoonguss|Rage Powder|p1b: Amoonguss\n|-singleturn|p1b: Amoonguss|move: Rage Powder\n|move|p2a: Tauros|Close Combat|p1a: Iron Hands\n|-damage|p1a: Iron Hands|0 fnt\n|-unboost|p2a: Tauros|def|1\n|-unboost|p2a: Tauros|spd|1\n|faint|p1a: Iron Hands\n|-end|p1a: Iron Hands|Quark Drive|[silent]\n|-curestatus|p2b: Bellibolt|slp|[msg]\n|move|p2b: Bellibolt|Muddy Water|p1b: Amoonguss\n|-resisted|p1b: Amoonguss\n|-damage|p1b: Amoonguss|67\/100\n|\n|upkeep\n|c|\u2606gholdjunge|F\n|\n|t:|1681834717\n|switch|p1a: Chien-Pao|Chien-Pao, L50|100\/100\n|-ability|p1a: Chien-Pao|Sword of Ruin\n|turn|6\n|inactive|gholdjunge has 30 seconds left.\n|inactive|gholdjunge has 20 seconds left.\n|inactive|gholdjunge has 15 seconds left.\n|inactive|gholdjunge has 10 seconds left.\n|\n|t:|1681834763\n|move|p2a: Tauros|Protect|p2a: Tauros\n|-singleturn|p2a: Tauros|Protect\n|move|p1a: Chien-Pao|Ice Spinner|p2a: Tauros\n|-activate|p2a: Tauros|move: Protect\n|move|p2b: Bellibolt|Muddy Water|p1b: Amoonguss|[spread] \n|-miss|p2b: Bellibolt|p1a: Chien-Pao\n|-miss|p2b: Bellibolt|p1b: Amoonguss\n|move|p1b: Amoonguss|Spore|p2b: Bellibolt\n|-status|p2b: Bellibolt|slp|[from] move: Spore\n|\n|upkeep\n|turn|7\n|inactive|gholdjunge has 30 seconds left.\n|inactive|FlappleFan93 has 30 seconds left.\n|inactive|FlappleFan93 has 20 seconds left.\n|\n|t:|1681834799\n|move|p1a: Chien-Pao|Ice Spinner|p2a: Tauros\n|-supereffective|p2a: Tauros\n|-damage|p2a: Tauros|0 fnt\n|faint|p2a: Tauros\n|cant|p2b: Bellibolt|slp\n|move|p1b: Amoonguss|Spore|p2b: Bellibolt\n|-fail|p2b: Bellibolt|slp\n|\n|upkeep\n|\n|t:|1681834807\n|switch|p2a: Dragapult|Dragapult, L50, M, shiny|100\/100\n|turn|8\n|inactive|gholdjunge has 30 seconds left.\n|\n|t:|1681834837\n|move|p1a: Chien-Pao|Protect|p1a: Chien-Pao\n|-singleturn|p1a: Chien-Pao|Protect\n|move|p2a: Dragapult|Phantom Force||[still]\n|-prepare|p2a: Dragapult|Phantom Force\n|-curestatus|p2b: Bellibolt|slp|[msg]\n|move|p2b: Bellibolt|Muddy Water|p1a: Chien-Pao|[spread] p1b\n|-activate|p1a: Chien-Pao|move: Protect\n|-resisted|p1b: Amoonguss\n|-damage|p1b: Amoonguss|57\/100\n|move|p1b: Amoonguss|Spore|p2a: Dragapult|[miss]\n|-miss|p1b: Amoonguss|p2a: Dragapult\n|\n|upkeep\n|turn|9\n|\n|t:|1681834861\n|move|p2a: Dragapult|Phantom Force|p1b: Amoonguss|[from]lockedmove\n|-damage|p1b: Amoonguss|0 fnt\n|faint|p1b: Amoonguss\n|move|p1a: Chien-Pao|Ice Spinner|p2a: Dragapult\n|-supereffective|p2a: Dragapult\n|-crit|p2a: Dragapult\n|-damage|p2a: Dragapult|0 fnt\n|faint|p2a: Dragapult\n|move|p2b: Bellibolt|Muddy Water|p1a: Chien-Pao\n|-damage|p1a: Chien-Pao|51\/100\n|-unboost|p1a: Chien-Pao|accuracy|1\n|\n|upkeep\n|\n|t:|1681834868\n|switch|p1b: Azumarill|Azumarill, L50, M|48\/100\n|turn|10\n|c|\u2606gholdjunge|Fuck dude i should have suckered\n|inactive|gholdjunge has 30 seconds left.\n|inactive|gholdjunge has 20 seconds left.\n|c|\u2606FlappleFan93|yeah I thought you would for sure\n|inactive|gholdjunge has 15 seconds left.\n|inactive|gholdjunge has 10 seconds left.\n|inactive|gholdjunge has 5 seconds left.\n|\n|t:|1681834920\n|move|p1a: Chien-Pao|Protect|p1a: Chien-Pao\n|-singleturn|p1a: Chien-Pao|Protect\n|move|p1b: Azumarill|Liquidation|p2b: Bellibolt\n|-damage|p2b: Bellibolt|36\/100\n|-start|p2b: Bellibolt|Charge|Liquidation|[from] ability: Electromorphosis\n|move|p2b: Bellibolt|Parabolic Charge|p1b: Azumarill|[spread] p1b\n|-activate|p1a: Chien-Pao|move: Protect\n|-supereffective|p1b: Azumarill\n|-damage|p1b: Azumarill|0 fnt\n|-heal|p2b: Bellibolt|58\/100|[from] drain|[of] p1b: Azumarill\n|faint|p1b: Azumarill\n|-end|p2b: Bellibolt|Charge|[silent]\n|\n|upkeep\n|turn|11\n|inactive|gholdjunge has 30 seconds left.\n|c|\u2606gholdjunge|Dient know if you were band or not\n|c|\u2606FlappleFan93|yeah I was band\n|inactive|gholdjunge has 20 seconds left.\n|inactive|gholdjunge has 15 seconds left.\n|inactive|FlappleFan93 has 30 seconds left.\n|c|\u2606gholdjunge|Wait i could have killed you?!?\n|inactive|gholdjunge has 10 seconds left.\n|c|\u2606gholdjunge|Bellibolt sucks xD\n|inactive|gholdjunge has 5 seconds left.\n|\n|t:|1681834957\n|move|p1a: Chien-Pao|Ice Spinner|p2b: Bellibolt\n|-damage|p2b: Bellibolt|8\/100\n|-start|p2b: Bellibolt|Charge|Ice Spinner|[from] ability: Electromorphosis\n|move|p2b: Bellibolt|Thunderbolt|p1a: Chien-Pao\n|-damage|p1a: Chien-Pao|0 fnt\n|faint|p1a: Chien-Pao\n|-end|p2b: Bellibolt|Charge|[silent]\n|\n|win|FlappleFan93\n|inactive|gholdjunge has 5 seconds left this turn.\n|raw|gholdjunge's rating: 1558 → 1533<\/strong> (-25 for losing)\n|raw|FlappleFan93's rating: 1476 → 1501<\/strong> (+25 for winning)\n|c|\u2606gholdjunge|Duuude\n|c|\u2606FlappleFan93|Bellibolt is sooo good :D\n|l| pikachuo4o8\n|c|\u2606FlappleFan93|I love it so much haha\n|c|\u2606FlappleFan93|gg!\n|c|\u2606gholdjunge|Yea its great\n|c|\u2606gholdjunge|Gg\n|l|\u2606FlappleFan93\n|l|\u2606gholdjunge\n|j|\u2606gholdjunge\n|player|p1|gholdjunge|youngster-gen2\n","uploadtime":1681834891,"views":10,"p1id":"gholdjunge","p2id":"flapplefan93","formatid":"gen9vgc2023regulationc","rating":1501,"private":0,"password":""}