{"id":"gen9vgc2023regulationc-1856411168","p1":"Stefano7","p2":"Arcacagne","format":"[Gen 9] VGC 2023 Regulation C","log":"|j|\u2606Stefano7\n|j|\u2606Arcacagne\n|t:|1683058848\n|gametype|doubles\n|player|p1|Stefano7|2|1218\n|player|p2|Arcacagne|170|1192\n|teamsize|p1|6\n|teamsize|p2|6\n|gen|9\n|tier|[Gen 9] VGC 2023 Regulation C\n|rated|\n|rule|Species Clause: Limit one of each Pok\u00e9mon\n|rule|Item Clause: Limit one of each item\n|clearpoke\n|poke|p1|Ceruledge, L50, M|\n|poke|p1|Iron Bundle, L50|\n|poke|p1|Corviknight, L50, F|\n|poke|p1|Iron Hands, L50|\n|poke|p1|Ting-Lu, L50|\n|poke|p1|Amoonguss, L50, M|\n|poke|p2|Chi-Yu, L50|\n|poke|p2|Flutter Mane, L50|\n|poke|p2|Amoonguss, L50, M|\n|poke|p2|Palafin, L50, M|\n|poke|p2|Kingambit, L50, M|\n|poke|p2|Arcanine, L50, F|\n|teampreview|4\n|inactive|Battle timer is ON: inactive players will automatically lose when time's up. (requested by Arcacagne)\n|inactive|Stefano7 has 60 seconds left.\n|\n|t:|1683058979\n|start\n|switch|p1a: Ting-Lu|Ting-Lu, L50|100\/100\n|switch|p1b: Corviknight|Corviknight, L50, F, shiny|100\/100\n|switch|p2a: Chi-Yu|Chi-Yu, L50|100\/100\n|switch|p2b: Amoonguss|Amoonguss, L50, M|100\/100\n|-ability|p2a: Chi-Yu|Beads of Ruin\n|-ability|p1a: Ting-Lu|Vessel of Ruin\n|turn|1\n|inactive|Stefano7 has 30 seconds left.\n|inactive|Stefano7 has 20 seconds left.\n|inactive|Stefano7 has 15 seconds left.\n|inactive|Stefano7 has 10 seconds left.\n|inactive|Stefano7 has 5 seconds left.\n|\n|t:|1683059031\n|-terastallize|p2a: Chi-Yu|Water\n|move|p2a: Chi-Yu|Nasty Plot|p2a: Chi-Yu\n|-boost|p2a: Chi-Yu|spa|2\n|move|p1b: Corviknight|Brave Bird|p2b: Amoonguss\n|-supereffective|p2b: Amoonguss\n|-damage|p2b: Amoonguss|34\/100\n|-enditem|p2b: Amoonguss|Sitrus Berry|[eat]\n|-heal|p2b: Amoonguss|59\/100|[from] item: Sitrus Berry\n|-damage|p1b: Corviknight|76\/100|[from] Recoil\n|move|p1a: Ting-Lu|Stomping Tantrum|p2a: Chi-Yu\n|-damage|p2a: Chi-Yu|62\/100\n|move|p2b: Amoonguss|Spore|p1a: Ting-Lu\n|-status|p1a: Ting-Lu|slp|[from] move: Spore\n|-enditem|p1a: Ting-Lu|Lum Berry|[eat]\n|-curestatus|p1a: Ting-Lu|slp|[msg]\n|\n|upkeep\n|turn|2\n|inactive|Stefano7 has 30 seconds left.\n|inactive|Stefano7 has 20 seconds left.\n|inactive|Stefano7 has 15 seconds left.\n|inactive|Stefano7 has 10 seconds left.\n|\n|t:|1683059078\n|switch|p1b: Ceruledge|Ceruledge, L50, M, shiny|100\/100\n|switch|p2b: Arcanine|Arcanine, L50, F|100\/100\n|-ability|p2b: Arcanine|Intimidate|boost\n|-unboost|p1a: Ting-Lu|atk|1\n|-fail|p1b: Ceruledge|unboost|[from] item: Clear Amulet|[of] p1b: Ceruledge\n|move|p2a: Chi-Yu|Heat Wave|p1b: Ceruledge|[spread] p1a\n|-start|p1b: Ceruledge|ability: Flash Fire\n|-damage|p1a: Ting-Lu|56\/100\n|move|p1a: Ting-Lu|Snarl|p2a: Chi-Yu|[spread] p2a\n|-miss|p1a: Ting-Lu|p2b: Arcanine\n|-damage|p2a: Chi-Yu|54\/100\n|-unboost|p2a: Chi-Yu|spa|1\n|\n|upkeep\n|turn|3\n|inactive|Stefano7 has 30 seconds left.\n|inactive|Arcacagne has 30 seconds left.\n|inactive|Stefano7 has 20 seconds left.\n|inactive|Arcacagne has 20 seconds left.\n|inactive|Stefano7 has 15 seconds left.\n|inactive|Arcacagne has 15 seconds left.\n|\n|t:|1683059122\n|switch|p2b: Amoonguss|Amoonguss, L50, M|92\/100\n|move|p1b: Ceruledge|Shadow Sneak|p2a: Chi-Yu\n|-damage|p2a: Chi-Yu|30\/100\n|move|p2a: Chi-Yu|Nasty Plot|p2a: Chi-Yu\n|-boost|p2a: Chi-Yu|spa|2\n|move|p1a: Ting-Lu|Stomping Tantrum|p2a: Chi-Yu\n|-damage|p2a: Chi-Yu|3\/100\n|\n|upkeep\n|turn|4\n|inactive|Stefano7 has 30 seconds left.\n|inactive|Arcacagne has 30 seconds left.\n|\n|t:|1683059154\n|move|p2b: Amoonguss|Rage Powder|p2b: Amoonguss\n|-singleturn|p2b: Amoonguss|move: Rage Powder\n|move|p1b: Ceruledge|Shadow Sneak|p2b: Amoonguss\n|-damage|p2b: Amoonguss|77\/100\n|move|p2a: Chi-Yu|Dark Pulse|p1b: Ceruledge\n|-supereffective|p1b: Ceruledge\n|-damage|p1b: Ceruledge|0 fnt\n|faint|p1b: Ceruledge\n|move|p1a: Ting-Lu|Ruination|p2b: Amoonguss\n|-damage|p2b: Amoonguss|39\/100\n|\n|upkeep\n|\n|t:|1683059167\n|switch|p1b: Iron Bundle|Iron Bundle, L50|100\/100\n|-enditem|p1b: Iron Bundle|Booster Energy\n|-activate|p1b: Iron Bundle|ability: Quark Drive|[fromitem]\n|-start|p1b: Iron Bundle|quarkdrivespe\n|turn|5\n|inactive|Arcacagne has 30 seconds left.\n|\n|t:|1683059195\n|move|p2a: Chi-Yu|Protect|p2a: Chi-Yu\n|-singleturn|p2a: Chi-Yu|Protect\n|move|p1b: Iron Bundle|Icy Wind|p2b: Amoonguss|[spread] p2b\n|-activate|p2a: Chi-Yu|move: Protect\n|-supereffective|p2b: Amoonguss\n|-damage|p2b: Amoonguss|5\/100\n|-unboost|p2b: Amoonguss|spe|1\n|move|p1a: Ting-Lu|Stomping Tantrum|p2b: Amoonguss\n|-damage|p2b: Amoonguss|0 fnt\n|faint|p2b: Amoonguss\n|\n|upkeep\n|\n|t:|1683059213\n|switch|p2b: Arcanine|Arcanine, L50, F|100\/100\n|-ability|p2b: Arcanine|Intimidate|boost\n|-unboost|p1a: Ting-Lu|atk|1\n|-unboost|p1b: Iron Bundle|atk|1\n|turn|6\n|inactive|Arcacagne has 30 seconds left.\n|\n|t:|1683059240\n|switch|p1a: Corviknight|Corviknight, L50, F, shiny|76\/100\n|move|p1b: Iron Bundle|Icy Wind|p2a: Chi-Yu|[spread] p2a,p2b\n|-resisted|p2a: Chi-Yu\n|-resisted|p2b: Arcanine\n|-damage|p2a: Chi-Yu|0 fnt\n|-damage|p2b: Arcanine|86\/100\n|-unboost|p2b: Arcanine|spe|1\n|faint|p2a: Chi-Yu\n|move|p2b: Arcanine|Will-O-Wisp|p1a: Corviknight\n|-status|p1a: Corviknight|brn\n|\n|-damage|p1a: Corviknight|70\/100 brn|[from] brn\n|upkeep\n|\n|t:|1683059252\n|switch|p2a: Flutter Mane|Flutter Mane, L50|100\/100\n|-enditem|p2a: Flutter Mane|Booster Energy\n|-activate|p2a: Flutter Mane|ability: Protosynthesis|[fromitem]\n|-start|p2a: Flutter Mane|protosynthesisspa\n|turn|7\n|inactive|Stefano7 has 30 seconds left.\n|\n|t:|1683059283\n|move|p2b: Arcanine|Extreme Speed|p1b: Iron Bundle\n|-damage|p1b: Iron Bundle|77\/100\n|move|p1b: Iron Bundle|Icy Wind|p2a: Flutter Mane|[spread] p2b\n|-miss|p1b: Iron Bundle|p2a: Flutter Mane\n|-resisted|p2b: Arcanine\n|-damage|p2b: Arcanine|77\/100\n|-unboost|p2b: Arcanine|spe|1\n|move|p2a: Flutter Mane|Moonblast|p1b: Iron Bundle\n|-damage|p1b: Iron Bundle|0 fnt\n|faint|p1b: Iron Bundle\n|-end|p1b: Iron Bundle|Quark Drive|[silent]\n|move|p1a: Corviknight|Iron Head|p2a: Flutter Mane\n|-supereffective|p2a: Flutter Mane\n|-damage|p2a: Flutter Mane|63\/100\n|\n|-damage|p1a: Corviknight|64\/100 brn|[from] brn\n|upkeep\n|\n|t:|1683059302\n|switch|p1b: Ting-Lu|Ting-Lu, L50|56\/100\n|-ability|p1b: Ting-Lu|Vessel of Ruin\n|turn|8\n|inactive|Stefano7 has 30 seconds left.\n|\n|t:|1683059337\n|-terastallize|p1b: Ting-Lu|Poison\n|move|p2a: Flutter Mane|Protect|p2a: Flutter Mane\n|-singleturn|p2a: Flutter Mane|Protect\n|move|p1a: Corviknight|Bulk Up|p1a: Corviknight\n|-boost|p1a: Corviknight|atk|1\n|-boost|p1a: Corviknight|def|1\n|move|p1b: Ting-Lu|Stomping Tantrum|p2a: Flutter Mane\n|-activate|p2a: Flutter Mane|move: Protect\n|move|p2b: Arcanine|Will-O-Wisp|p1b: Ting-Lu|[miss]\n|-miss|p2b: Arcanine|p1b: Ting-Lu\n|\n|-damage|p1a: Corviknight|58\/100 brn|[from] brn\n|upkeep\n|turn|9\n|inactive|Stefano7 has 30 seconds left.\n|inactive|Stefano7 has 20 seconds left.\n|inactive|Stefano7 has 15 seconds left.\n|inactive|Stefano7 has 10 seconds left.\n|inactive|Stefano7 has 5 seconds left.\n|\n|t:|1683059392\n|move|p2a: Flutter Mane|Substitute|p2a: Flutter Mane\n|-start|p2a: Flutter Mane|Substitute\n|-damage|p2a: Flutter Mane|38\/100\n|move|p1a: Corviknight|Iron Head|p2a: Flutter Mane\n|-supereffective|p2a: Flutter Mane\n|-end|p2a: Flutter Mane|Substitute\n|move|p1b: Ting-Lu|Rock Slide|p2b: Arcanine|[spread] p2b\n|-miss|p1b: Ting-Lu|p2a: Flutter Mane\n|-supereffective|p2b: Arcanine\n|-damage|p2b: Arcanine|51\/100\n|cant|p2b: Arcanine|flinch\n|\n|-damage|p1a: Corviknight|52\/100 brn|[from] brn\n|upkeep\n|turn|10\n|c|\u2606Arcacagne|ovvio\n|inactive|Stefano7 has 30 seconds left.\n|inactive|Stefano7 has 20 seconds left.\n|\n|t:|1683059427\n|move|p2a: Flutter Mane|Protect|p2a: Flutter Mane\n|-singleturn|p2a: Flutter Mane|Protect\n|move|p1a: Corviknight|Iron Head|p2a: Flutter Mane\n|-activate|p2a: Flutter Mane|move: Protect\n|move|p1b: Ting-Lu|Stomping Tantrum|p2b: Arcanine\n|-supereffective|p2b: Arcanine\n|-damage|p2b: Arcanine|0 fnt\n|faint|p2b: Arcanine\n|\n|-damage|p1a: Corviknight|46\/100 brn|[from] brn\n|upkeep\n|turn|11\n|c|\u2606Arcacagne|bro poco hax\n|inactive|Arcacagne has 30 seconds left.\n|\n|t:|1683059458\n|move|p2a: Flutter Mane|Shadow Ball|p1b: Ting-Lu\n|-damage|p1b: Ting-Lu|32\/100\n|move|p1a: Corviknight|Iron Head|p2a: Flutter Mane\n|-supereffective|p2a: Flutter Mane\n|-damage|p2a: Flutter Mane|0 fnt\n|faint|p2a: Flutter Mane\n|-end|p2a: Flutter Mane|Protosynthesis|[silent]\n|\n|win|Stefano7\n|raw|Stefano7's rating: 1218 → 1241<\/strong> (+23 for winning)\n|raw|Arcacagne's rating: 1192 → 1169<\/strong> (-23 for losing)\n|l|\u2606Stefano7\n","uploadtime":1683059469,"views":18,"p1id":"stefano7","p2id":"arcacagne","formatid":"gen9vgc2023regulationc","rating":1169,"private":0,"password":""}