{"id":"gen9vgc2023regulationc-1861390536","p1":"deathdragon25o","p2":"ManciniTheAmazing","format":"[Gen 9] VGC 2023 Regulation C","log":"|j|\u2606deathdragon25o\n|j|\u2606ManciniTheAmazing\n|t:|1683752537\n|gametype|doubles\n|player|p1|deathdragon25o|cress|\n|player|p2|ManciniTheAmazing|101|\n|teamsize|p1|6\n|teamsize|p2|6\n|gen|9\n|tier|[Gen 9] VGC 2023 Regulation C\n|rule|Species Clause: Limit one of each Pok\u00e9mon\n|rule|Item Clause: Limit one of each item\n|clearpoke\n|poke|p1|Quaquaval, L50, F|\n|poke|p1|Snover, L50, M|\n|poke|p1|Iron Bundle, L50|\n|poke|p1|Dachsbun, L50, M|\n|poke|p1|Espeon, L50, F|\n|poke|p1|Oricorio-Pom-Pom, L50, M|\n|poke|p2|Gholdengo, L50|\n|poke|p2|Tauros-Paldea-Aqua, L50, M|\n|poke|p2|Hattrem, L50, F|\n|poke|p2|Toxtricity, L50, F|\n|poke|p2|Grimmsnarl, L50, M|\n|poke|p2|Rotom-Heat, L50|\n|teampreview|4\n|inactive|Battle timer is ON: inactive players will automatically lose when time's up. (requested by deathdragon25o)\n|c|\u2606ManciniTheAmazing|g1\n|inactiveoff|Battle timer is now OFF.\n|c|\u2606deathdragon25o|Can you get links\n|c|\u2606ManciniTheAmazing|yes :)\n|\n|t:|1683752708\n|start\n|switch|p1a: Oricorio|Oricorio-Pom-Pom, L50, M|100\/100\n|switch|p1b: Quaquaval|Quaquaval, L50, F|100\/100\n|switch|p2a: Yowie|Grimmsnarl, L50, M|100\/100\n|switch|p2b: Boomerang|Hattrem, L50, F|100\/100\n|-item|p1a: Oricorio|Leftovers|[from] ability: Frisk|[of] p2a: Yowie|[identify]\n|-item|p1b: Quaquaval|Mystic Water|[from] ability: Frisk|[of] p2a: Yowie|[identify]\n|turn|1\n|\n|t:|1683752734\n|-terastallize|p1b: Quaquaval|Water\n|move|p2a: Yowie|Fake Out|p1b: Quaquaval\n|-damage|p1b: Quaquaval|80\/100\n|cant|p1b: Quaquaval|flinch\n|move|p1a: Oricorio|Quiver Dance|p1a: Oricorio\n|-boost|p1a: Oricorio|spa|1\n|-boost|p1a: Oricorio|spd|1\n|-boost|p1a: Oricorio|spe|1\n|move|p2b: Boomerang|Trick Room|p2b: Boomerang\n|-fieldstart|move: Trick Room|[of] p2b: Boomerang\n|\n|upkeep\n|turn|2\n|\n|t:|1683752855\n|move|p2b: Boomerang|Psychic|p1b: Quaquaval\n|-damage|p1b: Quaquaval|43\/100\n|-unboost|p1b: Quaquaval|spd|1\n|move|p2a: Yowie|Spirit Break|p1b: Quaquaval\n|-damage|p1b: Quaquaval|0 fnt\n|faint|p1b: Quaquaval\n|move|p1a: Oricorio|Revelation Dance|p2b: Boomerang\n|-damage|p2b: Boomerang|60\/100\n|\n|upkeep\n|\n|t:|1683752865\n|switch|p1b: Espeon|Espeon, L50, F|100\/100\n|turn|3\n|\n|t:|1683752894\n|move|p2b: Boomerang|Mystical Fire|p1a: Oricorio\n|-damage|p1a: Oricorio|87\/100\n|-unboost|p1a: Oricorio|spa|1\n|move|p2a: Yowie|Crunch|p1b: Espeon\n|-supereffective|p1b: Espeon\n|-enditem|p1b: Espeon|Focus Sash\n|-damage|p1b: Espeon|1\/100\n|move|p1a: Oricorio|Hurricane|p2b: Boomerang\n|-damage|p2b: Boomerang|28\/100\n|move|p1b: Espeon|Dazzling Gleam|p2b: Boomerang|[spread] p2a,p2b\n|-supereffective|p2a: Yowie\n|-crit|p2a: Yowie\n|-damage|p2a: Yowie|33\/100\n|-damage|p2b: Boomerang|11\/100\n|\n|-heal|p1a: Oricorio|93\/100|[from] item: Leftovers\n|upkeep\n|turn|4\n|\n|t:|1683752924\n|move|p2b: Boomerang|Mystical Fire|p1b: Espeon\n|-damage|p1b: Espeon|0 fnt\n|faint|p1b: Espeon\n|move|p2a: Yowie|Spirit Break|p1a: Oricorio\n|-damage|p1a: Oricorio|55\/100\n|-unboost|p1a: Oricorio|spa|1\n|move|p1a: Oricorio|Revelation Dance|p2b: Boomerang\n|-damage|p2b: Boomerang|0 fnt\n|faint|p2b: Boomerang\n|\n|-heal|p1a: Oricorio|61\/100|[from] item: Leftovers\n|upkeep\n|\n|t:|1683752944\n|switch|p2b: Lamingtons|Toxtricity, L50, F|100\/100\n|switch|p1b: Iron Bundle|Iron Bundle, L50, shiny|100\/100\n|-enditem|p1b: Iron Bundle|Booster Energy\n|-activate|p1b: Iron Bundle|ability: Quark Drive|[fromitem]\n|-start|p1b: Iron Bundle|quarkdrivespa\n|turn|5\n|\n|t:|1683752972\n|move|p2b: Lamingtons|Overdrive|p1b: Iron Bundle|[spread] p1a,p1b\n|-supereffective|p1b: Iron Bundle\n|-damage|p1a: Oricorio|11\/100\n|-damage|p1b: Iron Bundle|0 fnt\n|faint|p1b: Iron Bundle\n|-end|p1b: Iron Bundle|Quark Drive|[silent]\n|-damage|p2b: Lamingtons|91\/100|[from] item: Life Orb\n|move|p2a: Yowie|Spirit Break|p1a: Oricorio\n|-damage|p1a: Oricorio|0 fnt\n|faint|p1a: Oricorio\n|\n|win|ManciniTheAmazing\n|c|\u2606ManciniTheAmazing|gg\n|l|\u2606deathdragon25o\n|j| thejordanvgc\n","uploadtime":1683753392,"views":12,"p1id":"deathdragon25o","p2id":"mancinitheamazing","formatid":"gen9vgc2023regulationc","rating":0,"private":0,"password":""}