{"id":"gen9vgc2023regulationc-1857785573","p1":"blisterpod42","p2":"seismattersCORNER","format":"[Gen 9] VGC 2023 Regulation C","log":"|j|\u2606blisterpod42\n|j|\u2606seismattersCORNER\n|t:|1683231557\n|gametype|doubles\n|player|p1|blisterpod42|iris|1103\n|player|p2|seismattersCORNER|emmet|1122\n|teamsize|p1|4\n|teamsize|p2|6\n|gen|9\n|tier|[Gen 9] VGC 2023 Regulation C\n|rated|\n|rule|Species Clause: Limit one of each Pok\u00e9mon\n|rule|Item Clause: Limit one of each item\n|clearpoke\n|poke|p1|Quaquaval, L50, F|\n|poke|p1|Annihilape, L50, F|\n|poke|p1|Dragonite, L50, M|\n|poke|p1|Raichu, L50, F|\n|poke|p2|Palafin, L50, M|\n|poke|p2|Arcanine, L50, F|\n|poke|p2|Amoonguss, L50, F|\n|poke|p2|Flutter Mane, L50|\n|poke|p2|Baxcalibur, L50, F|\n|poke|p2|Kingambit, L50, M|\n|teampreview|4\n|inactive|Battle timer is ON: inactive players will automatically lose when time's up. (requested by blisterpod42)\nseismattersCORNER has agreed to open team sheets.\n|inactive|seismattersCORNER has 60 seconds left.\nblisterpod42 rejected open team sheets.\n|\n|t:|1683231602\n|start\n|switch|p1a: Annihilape|Annihilape, L50, F|100\/100\n|switch|p1b: Dragonite|Dragonite, L50, M|100\/100\n|switch|p2a: Palafin|Palafin, L50, M, shiny|100\/100\n|switch|p2b: Flutter Mane|Flutter Mane, L50, shiny|100\/100\n|-enditem|p2b: Flutter Mane|Booster Energy\n|-activate|p2b: Flutter Mane|ability: Protosynthesis|[fromitem]\n|-start|p2b: Flutter Mane|protosynthesisspa\n|turn|1\n|inactive|blisterpod42 has 30 seconds left.\n|\n|t:|1683231634\n|move|p2b: Flutter Mane|Protect|p2b: Flutter Mane\n|-singleturn|p2b: Flutter Mane|Protect\n|move|p2a: Palafin|Protect|p2a: Palafin\n|-singleturn|p2a: Palafin|Protect\n|move|p1a: Annihilape|Rage Fist|p2b: Flutter Mane\n|-activate|p2b: Flutter Mane|move: Protect\n|move|p1b: Dragonite|Dragon Dance|p1b: Dragonite\n|-boost|p1b: Dragonite|atk|1\n|-boost|p1b: Dragonite|spe|1\n|\n|upkeep\n|turn|2\n|\n|t:|1683231657\n|detailschange|p2a: Palafin|Palafin-Hero, L50, M, shiny\n|switch|p2a: Baxcalibur|Baxcalibur, L50, F|100\/100\n|-terastallize|p2b: Flutter Mane|Fairy\n|move|p1a: Annihilape|Rage Fist|p2b: Flutter Mane\n|-damage|p2b: Flutter Mane|63\/100\n|move|p1b: Dragonite|Dragon Claw|p2a: Baxcalibur\n|-supereffective|p2a: Baxcalibur\n|-damage|p2a: Baxcalibur|0 fnt\n|faint|p2a: Baxcalibur\n|move|p2b: Flutter Mane|Moonblast|p1a: Annihilape\n|-supereffective|p1a: Annihilape\n|-damage|p1a: Annihilape|0 fnt\n|faint|p1a: Annihilape\n|\n|upkeep\n|\n|t:|1683231670\n|switch|p1a: Raichu|Raichu, L50, F|100\/100\n|switch|p2a: Palafin|Palafin-Hero, L50, M, shiny|100\/100\n|-activate|p2a: Palafin|ability: Zero to Hero\n|turn|3\n|inactive|seismattersCORNER has 30 seconds left.\n|\n|t:|1683231699\n|-end|p2b: Flutter Mane|Protosynthesis|[silent]\n|switch|p2b: Amoonguss|Amoonguss, L50, F|100\/100\n|-terastallize|p1b: Dragonite|Flying\n|move|p2a: Palafin|Protect|p2a: Palafin\n|-singleturn|p2a: Palafin|Protect\n|move|p1a: Raichu|Fake Out|p2b: Amoonguss\n|-damage|p2b: Amoonguss|94\/100\n|move|p1b: Dragonite|Tera Blast|p2a: Palafin\n|-activate|p2a: Palafin|move: Protect\n|\n|upkeep\n|turn|4\n|\n|t:|1683231721\n|move|p2b: Amoonguss|Rage Powder|p2b: Amoonguss\n|-singleturn|p2b: Amoonguss|move: Rage Powder\n|move|p1b: Dragonite|Tera Blast|p2b: Amoonguss\n|-supereffective|p2b: Amoonguss\n|-damage|p2b: Amoonguss|0 fnt\n|faint|p2b: Amoonguss\n|move|p1a: Raichu|Nuzzle|p2a: Palafin\n|-supereffective|p2a: Palafin\n|-damage|p2a: Palafin|88\/100\n|-status|p2a: Palafin|par\n|move|p2a: Palafin|Haze|p2a: Palafin\n|-clearallboost\n|\n|upkeep\n|\n|t:|1683231727\n|switch|p2b: Flutter Mane|Flutter Mane, L50, shiny, tera:Fairy|63\/100\n|turn|5\n|\n|t:|1683231736\n|move|p2a: Palafin|Jet Punch|p1b: Dragonite\n|-damage|p1b: Dragonite|72\/100\n|move|p1a: Raichu|Nuzzle|p2b: Flutter Mane\n|-damage|p2b: Flutter Mane|52\/100\n|-status|p2b: Flutter Mane|par\n|move|p1b: Dragonite|Tera Blast|p2b: Flutter Mane\n|-damage|p2b: Flutter Mane|0 fnt\n|faint|p2b: Flutter Mane\n|-end|p2b: Flutter Mane|Protosynthesis|[silent]\n|\n|upkeep\n|turn|6\n|\n|t:|1683231749\n|move|p1a: Raichu|Grass Knot|p2a: Palafin\n|-supereffective|p2a: Palafin\n|-damage|p2a: Palafin|42\/100 par\n|move|p1b: Dragonite|Tera Blast|p2a: Palafin\n|-damage|p2a: Palafin|0 fnt\n|faint|p2a: Palafin\n|\n|win|blisterpod42\n|raw|blisterpod42's rating: 1103 → 1129<\/strong> (+26 for winning)\n|raw|seismattersCORNER's rating: 1122 → 1096<\/strong> (-26 for losing)\n","uploadtime":1683231754,"views":8,"p1id":"blisterpod42","p2id":"seismatterscorner","formatid":"gen9vgc2023regulationc","rating":1096,"private":0,"password":""}