{"id":"gen9vgc2023regulationc-1855063271","p1":"BullcatVGC","p2":"RitmanTesting1","format":"[Gen 9] VGC 2023 Regulation C","log":"|j|\u2606BullcatVGC\n|j|\u2606RitmanTesting1\n|t:|1682896819\n|gametype|doubles\n|player|p1|BullcatVGC|265|1473\n|player|p2|RitmanTesting1|byron|1536\n|teamsize|p1|6\n|teamsize|p2|6\n|gen|9\n|tier|[Gen 9] VGC 2023 Regulation C\n|rated|\n|rule|Species Clause: Limit one of each Pok\u00e9mon\n|rule|Item Clause: Limit one of each item\n|clearpoke\n|poke|p1|Maushold, L50|\n|poke|p1|Scream Tail, L50|\n|poke|p1|Amoonguss, L50, M|\n|poke|p1|Annihilape, L50, M|\n|poke|p1|Grimmsnarl, L50, M|\n|poke|p1|Gyarados, L50, M|\n|poke|p2|Arcanine, L50, F|\n|poke|p2|Flutter Mane, L50|\n|poke|p2|Rotom-Wash, L50|\n|poke|p2|Wo-Chien, L50|\n|poke|p2|Glimmora, L50, F|\n|poke|p2|Baxcalibur, L50, F|\n|teampreview|4\nRitmanTesting1 has agreed to open team sheets.\n|inactive|Battle timer is ON: inactive players will automatically lose when time's up. (requested by RitmanTesting1)\n|inactive|BullcatVGC has 60 seconds left.\n|\n|t:|1682896872\n|start\n|switch|p1a: Annihilape|Annihilape, L50, M|100\/100\n|switch|p1b: Scream Tail|Scream Tail, L50|100\/100\n|switch|p2a: Flutter Mane|Flutter Mane, L50|100\/100\n|switch|p2b: Wo-Chien|Wo-Chien, L50|100\/100\n|-ability|p2b: Wo-Chien|Tablets of Ruin\n|-enditem|p1b: Scream Tail|Booster Energy\n|-activate|p1b: Scream Tail|ability: Protosynthesis|[fromitem]\n|-start|p1b: Scream Tail|protosynthesisspe\n|-enditem|p2a: Flutter Mane|Booster Energy\n|-activate|p2a: Flutter Mane|ability: Protosynthesis|[fromitem]\n|-start|p2a: Flutter Mane|protosynthesisspa\n|turn|1\n|\n|t:|1682896896\n|-terastallize|p2a: Flutter Mane|Fairy\n|-terastallize|p1a: Annihilape|Fire\n|move|p1b: Scream Tail|Howl|p1b: Scream Tail|[spread] p1a,p1b\n|-boost|p1a: Annihilape|atk|1\n|-boost|p1b: Scream Tail|atk|1\n|move|p2a: Flutter Mane|Shadow Ball|p1b: Scream Tail\n|-supereffective|p1b: Scream Tail\n|-damage|p1b: Scream Tail|29\/100\n|-unboost|p1b: Scream Tail|spd|1\n|move|p1a: Annihilape|Bulk Up|p1a: Annihilape\n|-boost|p1a: Annihilape|atk|1\n|-boost|p1a: Annihilape|def|1\n|move|p2b: Wo-Chien|Leech Seed|p1a: Annihilape\n|-start|p1a: Annihilape|move: Leech Seed\n|\n|-damage|p1a: Annihilape|88\/100|[from] Leech Seed|[of] p2b: Wo-Chien\n|upkeep\n|turn|2\n|inactive|BullcatVGC has 30 seconds left.\n|inactive|RitmanTesting1 has 30 seconds left.\n|\n|t:|1682896928\n|move|p1b: Scream Tail|Disable|p2a: Flutter Mane\n|-start|p2a: Flutter Mane|Disable|Shadow Ball\n|cant|p2a: Flutter Mane|Disable|Shadow Ball\n|move|p1a: Annihilape|Drain Punch|p2b: Wo-Chien\n|-supereffective|p2b: Wo-Chien\n|-damage|p2b: Wo-Chien|32\/100\n|-heal|p1a: Annihilape|100\/100|[from] drain|[of] p2b: Wo-Chien\n|move|p2b: Wo-Chien|Leech Seed|p1b: Scream Tail\n|-start|p1b: Scream Tail|move: Leech Seed\n|\n|-heal|p2b: Wo-Chien|38\/100|[from] item: Leftovers\n|-damage|p1b: Scream Tail|17\/100|[from] Leech Seed|[of] p2b: Wo-Chien\n|-heal|p2b: Wo-Chien|52\/100|[silent]\n|-damage|p1a: Annihilape|88\/100|[from] Leech Seed|[of] p2b: Wo-Chien\n|-heal|p2b: Wo-Chien|66\/100|[silent]\n|upkeep\n|turn|3\n|\n|t:|1682896953\n|move|p2b: Wo-Chien|Protect|p2b: Wo-Chien\n|-singleturn|p2b: Wo-Chien|Protect\n|move|p1b: Scream Tail|Encore|p2b: Wo-Chien\n|-activate|p2b: Wo-Chien|move: Protect\n|move|p2a: Flutter Mane|Moonblast|p1b: Scream Tail\n|-damage|p1b: Scream Tail|0 fnt\n|faint|p1b: Scream Tail\n|-end|p1b: Scream Tail|Protosynthesis|[silent]\n|move|p1a: Annihilape|Rage Fist|p2a: Flutter Mane\n|-damage|p2a: Flutter Mane|63\/100\n|\n|-heal|p1a: Annihilape|94\/100|[from] item: Leftovers\n|-heal|p2b: Wo-Chien|72\/100|[from] item: Leftovers\n|-damage|p1a: Annihilape|82\/100|[from] Leech Seed|[of] p2b: Wo-Chien\n|-heal|p2b: Wo-Chien|85\/100|[silent]\n|upkeep\n|\n|t:|1682896972\n|switch|p1b: Maushold|Maushold, L50|100\/100\n|turn|4\n|\n|t:|1682896991\n|move|p1b: Maushold|Population Bomb|p2b: Wo-Chien\n|-damage|p2b: Wo-Chien|78\/100\n|-crit|p2b: Wo-Chien\n|-damage|p2b: Wo-Chien|68\/100\n|-damage|p2b: Wo-Chien|61\/100\n|-damage|p2b: Wo-Chien|55\/100\n|-damage|p2b: Wo-Chien|49\/100\n|-damage|p2b: Wo-Chien|42\/100\n|-damage|p2b: Wo-Chien|35\/100\n|-damage|p2b: Wo-Chien|29\/100\n|-damage|p2b: Wo-Chien|22\/100\n|-damage|p2b: Wo-Chien|16\/100\n|-hitcount|p2b: Wo-Chien|10\n|move|p2a: Flutter Mane|Moonblast|p1b: Maushold\n|-damage|p1b: Maushold|0 fnt\n|faint|p1b: Maushold\n|move|p1a: Annihilape|Drain Punch|p2b: Wo-Chien\n|-supereffective|p2b: Wo-Chien\n|-damage|p2b: Wo-Chien|0 fnt\n|-heal|p1a: Annihilape|89\/100|[from] drain|[of] p2b: Wo-Chien\n|faint|p2b: Wo-Chien\n|\n|-heal|p1a: Annihilape|95\/100|[from] item: Leftovers\n|upkeep\n|inactive|BullcatVGC has 30 seconds left.\n|\n|t:|1682897016\n|switch|p1b: Gyarados|Gyarados, L50, M|100\/100\n|switch|p2b: Rotom|Rotom-Wash, L50|100\/100\n|-ability|p1b: Gyarados|Intimidate|boost\n|-unboost|p2a: Flutter Mane|atk|1\n|-unboost|p2b: Rotom|atk|1\n|turn|5\n|\n|t:|1682897042\n|switch|p2b: Baxcalibur|Baxcalibur, L50, F|100\/100\n|move|p2a: Flutter Mane|Protect|p2a: Flutter Mane\n|-singleturn|p2a: Flutter Mane|Protect\n|move|p1b: Gyarados|Protect|p1b: Gyarados\n|-singleturn|p1b: Gyarados|Protect\n|move|p1a: Annihilape|Drain Punch|p2b: Baxcalibur\n|-supereffective|p2b: Baxcalibur\n|-damage|p2b: Baxcalibur|0 fnt\n|-heal|p1a: Annihilape|100\/100|[from] drain|[of] p2b: Baxcalibur\n|faint|p2b: Baxcalibur\n|\n|-end|p2a: Flutter Mane|Disable\n|upkeep\n|\n|t:|1682897055\n|switch|p2b: Rotom|Rotom-Wash, L50|100\/100\n|turn|6\n|\n|t:|1682897070\n|move|p1a: Annihilape|Protect|p1a: Annihilape\n|-singleturn|p1a: Annihilape|Protect\n|move|p2a: Flutter Mane|Shadow Ball|p1a: Annihilape\n|-activate|p1a: Annihilape|move: Protect\n|move|p2b: Rotom|Hydro Pump|p1a: Annihilape\n|-activate|p1a: Annihilape|move: Protect\n|move|p1b: Gyarados|Waterfall|p2a: Flutter Mane\n|-damage|p2a: Flutter Mane|12\/100\n|\n|-damage|p1a: Annihilape|88\/100|[from] Leech Seed|[of] p2b: Rotom\n|upkeep\n|turn|7\n|\n|t:|1682897092\n|move|p2a: Flutter Mane|Shadow Ball|p1a: Annihilape\n|-damage|p1a: Annihilape|55\/100\n|move|p2b: Rotom|Hydro Pump|p1a: Annihilape\n|-supereffective|p1a: Annihilape\n|-damage|p1a: Annihilape|0 fnt\n|faint|p1a: Annihilape\n|move|p1b: Gyarados|Waterfall|p2a: Flutter Mane\n|-damage|p2a: Flutter Mane|0 fnt\n|faint|p2a: Flutter Mane\n|-end|p2a: Flutter Mane|Protosynthesis|[silent]\n|\n|upkeep\n|turn|8\n|\n|t:|1682897108\n|move|p2b: Rotom|Thunderbolt|p1b: Gyarados\n|-supereffective|p1b: Gyarados\n|-damage|p1b: Gyarados|0 fnt\n|faint|p1b: Gyarados\n|\n|win|RitmanTesting1\n|raw|BullcatVGC's rating: 1473 → 1457<\/strong> (-16 for losing)\n|raw|RitmanTesting1's rating: 1536 → 1552<\/strong> (+16 for winning)\n|c|\u2606RitmanTesting1|gg\n|l|\u2606BullcatVGC\n","uploadtime":1682897123,"views":5,"p1id":"bullcatvgc","p2id":"ritmantesting1","formatid":"gen9vgc2023regulationc","rating":1457,"private":0,"password":""}