{"id":"gen9vgc2023regulationc-1849004115","p1":"leafyarrow","p2":"kinohara","format":"[Gen 9] VGC 2023 Regulation C","log":"|j|\u2606leafyarrow\n|j|\u2606kinohara\n|t:|1682137525\n|gametype|doubles\n|player|p1|leafyarrow|leaf-masters|\n|player|p2|kinohara|acetrainerf|\n|teamsize|p1|6\n|teamsize|p2|6\n|gen|9\n|tier|[Gen 9] VGC 2023 Regulation C\n|rule|Species Clause: Limit one of each Pok\u00e9mon\n|rule|Item Clause: Limit one of each item\n|clearpoke\n|poke|p1|Flutter Mane, L50|\n|poke|p1|Palafin, L50, F|\n|poke|p1|Amoonguss, L50, M|\n|poke|p1|Ting-Lu, L50|\n|poke|p1|Arcanine, L50, M|\n|poke|p1|Roaring Moon, L50|\n|poke|p2|Iron Hands, L50|\n|poke|p2|Amoonguss, L50, F|\n|poke|p2|Pelipper, L50, F|\n|poke|p2|Palafin, L50, F|\n|poke|p2|Baxcalibur, L50, F|\n|poke|p2|Dragonite, L50, F|\n|teampreview|4\nleafyarrow has agreed to open team sheets.\nkinohara has agreed to open team sheets.\n|\n|t:|1682137547\n|start\n|switch|p1a: Arcanine|Arcanine, L50, M|100\/100\n|switch|p1b: Flutter Mane|Flutter Mane, L50|100\/100\n|switch|p2a: Maradona|Iron Hands, L50, shiny|100\/100\n|switch|p2b: Torqoise|Palafin, L50, F|100\/100\n|-ability|p1a: Arcanine|Intimidate|boost\n|-unboost|p2a: Maradona|atk|1\n|-unboost|p2b: Torqoise|atk|1\n|turn|1\n|\n|t:|1682137570\n|move|p1a: Arcanine|Protect|p1a: Arcanine\n|-singleturn|p1a: Arcanine|Protect\n|move|p2b: Torqoise|Protect|p2b: Torqoise\n|-singleturn|p2b: Torqoise|Protect\n|move|p1b: Flutter Mane|Moonblast|p2b: Torqoise\n|-activate|p2b: Torqoise|move: Protect\n|move|p2a: Maradona|Volt Switch|p1b: Flutter Mane\n|-damage|p1b: Flutter Mane|88\/100\n|\n|t:|1682137588\n|-end|p2a: Maradona|Quark Drive|[silent]\n|switch|p2a: ShiningArmor|Dragonite, L50, F|100\/100|[from] Volt Switch\n|\n|upkeep\n|turn|2\n|\n|t:|1682137630\n|detailschange|p2b: Torqoise|Palafin-Hero, L50, F\n|switch|p2b: Maradona|Iron Hands, L50, shiny|100\/100\n|-terastallize|p1a: Arcanine|Grass\n|move|p2a: ShiningArmor|Protect|p2a: ShiningArmor\n|-singleturn|p2a: ShiningArmor|Protect\n|move|p1a: Arcanine|Extreme Speed|p2a: ShiningArmor\n|-activate|p2a: ShiningArmor|move: Protect\n|move|p1b: Flutter Mane|Moonblast|p2a: ShiningArmor\n|-activate|p2a: ShiningArmor|move: Protect\n|\n|upkeep\n|turn|3\n|\n|t:|1682137664\n|switch|p1a: Palafin|Palafin, L50, F|100\/100\n|-end|p2b: Maradona|Quark Drive|[silent]\n|switch|p2b: BlockBuster|Baxcalibur, L50, F|100\/100\n|-terastallize|p2a: ShiningArmor|Flying\n|move|p1b: Flutter Mane|Moonblast|p2b: BlockBuster\n|-supereffective|p2b: BlockBuster\n|-damage|p2b: BlockBuster|0 fnt\n|faint|p2b: BlockBuster\n|move|p2a: ShiningArmor|Tera Blast|p1b: Flutter Mane\n|-damage|p1b: Flutter Mane|0 fnt\n|faint|p1b: Flutter Mane\n|-end|p1b: Flutter Mane|Protosynthesis|[silent]\n|\n|upkeep\n|\n|t:|1682137687\n|switch|p1b: Arcanine|Arcanine, L50, M, tera:Grass|100\/100\n|switch|p2b: Torqoise|Palafin-Hero, L50, F|100\/100\n|-ability|p1b: Arcanine|Intimidate|boost\n|-unboost|p2a: ShiningArmor|atk|1\n|-unboost|p2b: Torqoise|atk|1\n|-activate|p2b: Torqoise|ability: Zero to Hero\n|turn|4\n|\n|t:|1682137704\n|detailschange|p1a: Palafin|Palafin-Hero, L50, F\n|switch|p1a: Roaring Moon|Roaring Moon, L50|100\/100\n|-enditem|p1a: Roaring Moon|Booster Energy\n|-activate|p1a: Roaring Moon|ability: Protosynthesis|[fromitem]\n|-start|p1a: Roaring Moon|protosynthesisspe\n|move|p1b: Arcanine|Will-O-Wisp|p2a: ShiningArmor\n|-status|p2a: ShiningArmor|brn\n|-enditem|p2a: ShiningArmor|Lum Berry|[eat]\n|-curestatus|p2a: ShiningArmor|brn|[msg]\n|move|p2b: Torqoise|Haze|p2b: Torqoise\n|-clearallboost\n|move|p2a: ShiningArmor|Tera Blast|p1b: Arcanine\n|-supereffective|p1b: Arcanine\n|-damage|p1b: Arcanine|0 fnt\n|faint|p1b: Arcanine\n|\n|upkeep\n|\n|t:|1682137718\n|switch|p1b: Palafin|Palafin-Hero, L50, F|100\/100\n|-activate|p1b: Palafin|ability: Zero to Hero\n|turn|5\n|\n|t:|1682137741\n|move|p2b: Torqoise|Protect|p2b: Torqoise\n|-singleturn|p2b: Torqoise|Protect\n|move|p2a: ShiningArmor|Protect|p2a: ShiningArmor\n|-singleturn|p2a: ShiningArmor|Protect\n|move|p1a: Roaring Moon|Throat Chop|p2b: Torqoise\n|-activate|p2b: Torqoise|move: Protect\n|move|p1b: Palafin|Wave Crash|p2b: Torqoise\n|-activate|p2b: Torqoise|move: Protect\n|\n|upkeep\n|turn|6\n|\n|t:|1682137764\n|move|p1b: Palafin|Protect|p1b: Palafin\n|-singleturn|p1b: Palafin|Protect\n|move|p2a: ShiningArmor|Extreme Speed|p1a: Roaring Moon\n|-damage|p1a: Roaring Moon|63\/100\n|move|p2b: Torqoise|Jet Punch|p1a: Roaring Moon\n|-resisted|p1a: Roaring Moon\n|-damage|p1a: Roaring Moon|32\/100\n|move|p1a: Roaring Moon|Dragon Dance|p1a: Roaring Moon\n|-boost|p1a: Roaring Moon|atk|1\n|-boost|p1a: Roaring Moon|spe|1\n|\n|upkeep\n|turn|7\n|\n|t:|1682137782\n|move|p1a: Roaring Moon|Protect|p1a: Roaring Moon\n|-singleturn|p1a: Roaring Moon|Protect\n|move|p2b: Torqoise|Protect|p2b: Torqoise\n|-singleturn|p2b: Torqoise|Protect\n|move|p2a: ShiningArmor|Protect|p2a: ShiningArmor\n|-singleturn|p2a: ShiningArmor|Protect\n|move|p1b: Palafin|Jet Punch|p2a: ShiningArmor\n|-activate|p2a: ShiningArmor|move: Protect\n|\n|upkeep\n|turn|8\n|\n|t:|1682137796\n|move|p2a: ShiningArmor|Extreme Speed|p1a: Roaring Moon\n|-damage|p1a: Roaring Moon|0 fnt\n|faint|p1a: Roaring Moon\n|-end|p1a: Roaring Moon|Protosynthesis|[silent]\n|move|p1b: Palafin|Wave Crash|p2b: Torqoise\n|-resisted|p2b: Torqoise\n|-damage|p2b: Torqoise|56\/100\n|-damage|p1b: Palafin|86\/100|[from] Recoil\n|move|p2b: Torqoise|Haze|p2b: Torqoise\n|-clearallboost\n|\n|upkeep\n|turn|9\n|\n|t:|1682137812\n|move|p2a: ShiningArmor|Extreme Speed|p1b: Palafin\n|-damage|p1b: Palafin|59\/100\n|move|p1b: Palafin|Wave Crash|p2b: Torqoise\n|-resisted|p2b: Torqoise\n|-damage|p2b: Torqoise|17\/100\n|-damage|p1b: Palafin|46\/100|[from] Recoil\n|move|p2b: Torqoise|Wave Crash|p1b: Palafin\n|-resisted|p1b: Palafin\n|-crit|p1b: Palafin\n|-damage|p1b: Palafin|0 fnt\n|faint|p1b: Palafin\n|-damage|p2b: Torqoise|2\/100|[from] Recoil\n|\n|win|kinohara\n|l|\u2606leafyarrow\n","uploadtime":1682137825,"views":11,"p1id":"leafyarrow","p2id":"kinohara","formatid":"gen9vgc2023regulationc","rating":0,"private":0,"password":""}