{"id":"gen9vgc2023regulationc-1851669958","p1":"MLGmushroom","p2":"Vurnoise","format":"[Gen 9] VGC 2023 Regulation C","log":"|j|\u2606MLGmushroom\n|j|\u2606Vurnoise\n|t:|1682467903\n|gametype|doubles\n|player|p1|MLGmushroom|blue|1182\n|player|p2|Vurnoise|101|1114\n|teamsize|p1|6\n|teamsize|p2|6\n|gen|9\n|tier|[Gen 9] VGC 2023 Regulation C\n|rated|\n|rule|Species Clause: Limit one of each Pok\u00e9mon\n|rule|Item Clause: Limit one of each item\n|clearpoke\n|poke|p1|Chien-Pao, L50|\n|poke|p1|Roaring Moon, L50|\n|poke|p1|Flutter Mane, L50|\n|poke|p1|Amoonguss, L50, M|\n|poke|p1|Gyarados, L50, F|\n|poke|p1|Scizor, L50, F|\n|poke|p2|Iron Hands, L50|\n|poke|p2|Gothitelle, L50, F|\n|poke|p2|Amoonguss, L50, F|\n|poke|p2|Iron Bundle, L50|\n|poke|p2|Arcanine, L50, F|\n|poke|p2|Roaring Moon, L50|\n|teampreview|4\n|\n|t:|1682467956\n|start\n|switch|p1a: Scizor|Scizor, L50, F|100\/100\n|switch|p1b: Roaring Moon|Roaring Moon, L50|100\/100\n|switch|p2a: Deliborg|Iron Bundle, L50|100\/100\n|switch|p2b: Gothitelle|Gothitelle, L50, F|100\/100\n|-enditem|p1b: Roaring Moon|Booster Energy\n|-activate|p1b: Roaring Moon|ability: Protosynthesis|[fromitem]\n|-start|p1b: Roaring Moon|protosynthesisatk\n|turn|1\n|\n|t:|1682467984\n|move|p1b: Roaring Moon|Protect|p1b: Roaring Moon\n|-singleturn|p1b: Roaring Moon|Protect\n|move|p2b: Gothitelle|Fake Out|p1b: Roaring Moon\n|-activate|p1b: Roaring Moon|move: Protect\n|move|p2a: Deliborg|Freeze-Dry|p1b: Roaring Moon\n|-activate|p1b: Roaring Moon|move: Protect\n|move|p1a: Scizor|U-turn|p2b: Gothitelle\n|-supereffective|p2b: Gothitelle\n|-damage|p2b: Gothitelle|28\/100\n|\n|t:|1682467995\n|switch|p1a: Flutter Mane|Flutter Mane, L50|100\/100|[from] U-turn\n|\n|upkeep\n|turn|2\n|\n|t:|1682468008\n|move|p2a: Deliborg|Encore|p1b: Roaring Moon\n|-start|p1b: Roaring Moon|Encore\n|move|p1a: Flutter Mane|Thunderbolt|p2a: Deliborg\n|-supereffective|p2a: Deliborg\n|-damage|p2a: Deliborg|0 fnt\n|faint|p2a: Deliborg\n|-end|p2a: Deliborg|Quark Drive|[silent]\n|-damage|p1a: Flutter Mane|91\/100|[from] item: Life Orb\n|move|p1b: Roaring Moon|Protect|p1b: Roaring Moon\n|-singleturn|p1b: Roaring Moon|Protect\n|move|p2b: Gothitelle|Psychic|p1a: Flutter Mane\n|-damage|p1a: Flutter Mane|59\/100\n|\n|upkeep\n|\n|t:|1682468022\n|switch|p2a: Lunamence|Roaring Moon, L50|100\/100\n|-enditem|p2a: Lunamence|Booster Energy\n|-activate|p2a: Lunamence|ability: Protosynthesis|[fromitem]\n|-start|p2a: Lunamence|protosynthesisspe\n|turn|3\n|\n|t:|1682468056\n|-terastallize|p2a: Lunamence|Flying\n|-terastallize|p1a: Flutter Mane|Fairy\n|move|p1b: Roaring Moon|Protect||[still]\n|-fail|p1b: Roaring Moon\n|move|p2a: Lunamence|Acrobatics|p1a: Flutter Mane\n|-damage|p1a: Flutter Mane|0 fnt\n|faint|p1a: Flutter Mane\n|-end|p1a: Flutter Mane|Protosynthesis|[silent]\n|move|p2b: Gothitelle|Taunt|p1b: Roaring Moon\n|-start|p1b: Roaring Moon|move: Taunt\n|\n|upkeep\n|\n|t:|1682468066\n|switch|p1a: Chien-Pao|Chien-Pao, L50|100\/100\n|-ability|p1a: Chien-Pao|Sword of Ruin\n|turn|4\n|\n|t:|1682468095\n|switch|p2b: Arcanine|Arcanine, L50, F|100\/100\n|-ability|p2b: Arcanine|Intimidate|boost\n|-unboost|p1a: Chien-Pao|atk|1\n|-unboost|p1b: Roaring Moon|atk|1\n|move|p2a: Lunamence|Acrobatics|p1a: Chien-Pao\n|-damage|p1a: Chien-Pao|22\/100\n|move|p1a: Chien-Pao|Ice Spinner|p2b: Arcanine\n|-resisted|p2b: Arcanine\n|-damage|p2b: Arcanine|80\/100\n|-activate|p1b: Roaring Moon|move: Struggle\n|move|p1b: Roaring Moon|Struggle|p2b: Arcanine\n|-damage|p2b: Arcanine|56\/100\n|-damage|p1b: Roaring Moon|75\/100|[from] recoil\n|\n|-end|p1b: Roaring Moon|Encore\n|upkeep\n|turn|5\n|\n|t:|1682468118\n|move|p1a: Chien-Pao|Protect|p1a: Chien-Pao\n|-singleturn|p1a: Chien-Pao|Protect\n|move|p2a: Lunamence|Acrobatics|p1a: Chien-Pao\n|-activate|p1a: Chien-Pao|move: Protect\n|move|p1b: Roaring Moon|Breaking Swipe|p2a: Lunamence|[spread] p2a,p2b\n|-crit|p2a: Lunamence\n|-crit|p2b: Arcanine\n|-damage|p2a: Lunamence|29\/100\n|-damage|p2b: Arcanine|0 fnt\n|-unboost|p2a: Lunamence|atk|1\n|faint|p2b: Arcanine\n|\n|upkeep\n|\n|t:|1682468129\n|switch|p2b: Gothitelle|Gothitelle, L50, F|28\/100\n|turn|6\n|c|\u2606Vurnoise|really the double crit\n|-message|Vurnoise forfeited.\n|\n|win|MLGmushroom\n|raw|MLGmushroom's rating: 1182 → 1202<\/strong> (+20 for winning)\n|raw|Vurnoise's rating: 1114 → 1094<\/strong> (-20 for losing)\n|l|\u2606Vurnoise\n","uploadtime":1682468241,"views":17,"p1id":"mlgmushroom","p2id":"vurnoise","formatid":"gen9vgc2023regulationc","rating":1094,"private":0,"password":""}