{"id":"gen9vgc2023regulationc-1851136815","p1":"Turus22","p2":"cacazzo","format":"[Gen 9] VGC 2023 Regulation C","log":"|j|\u203dTurus22\n|j|\u2606cacazzo\n|t:|1682415308\n|gametype|doubles\n|player|p1|Turus22|backersf|1248\n|player|p2|cacazzo|265|1258\n|teamsize|p1|6\n|teamsize|p2|6\n|gen|9\n|tier|[Gen 9] VGC 2023 Regulation C\n|rated|\n|rule|Species Clause: Limit one of each Pok\u00e9mon\n|rule|Item Clause: Limit one of each item\n|clearpoke\n|poke|p1|Ting-Lu, L50|\n|poke|p1|Ceruledge, L50, M|\n|poke|p1|Flutter Mane, L50|\n|poke|p1|Scizor, L50, F|\n|poke|p1|Lechonk, L50, M|\n|poke|p1|Bronzong, L50|\n|poke|p2|Quaquaval, L50, F|\n|poke|p2|Arcanine, L50, F|\n|poke|p2|Corviknight, L50, F|\n|poke|p2|Sandy Shocks, L50|\n|poke|p2|Grimmsnarl, L50, M|\n|poke|p2|Chien-Pao, L50|\n|teampreview|4\ncacazzo has agreed to open team sheets.\n|inactive|Battle timer is ON: inactive players will automatically lose when time's up. (requested by Turus22)\n|\n|t:|1682415359\n|start\n|switch|p1a: Flutter Mane|Flutter Mane, L50|100\/100\n|switch|p1b: Ceruledge|Ceruledge, L50, M|100\/100\n|switch|p2a: Arcanine|Arcanine, L50, F|100\/100\n|switch|p2b: Corviknight|Corviknight, L50, F|100\/100\n|-ability|p2a: Arcanine|Intimidate|boost\n|-unboost|p1a: Flutter Mane|atk|1\n|-fail|p1b: Ceruledge|unboost|[from] item: Clear Amulet|[of] p1b: Ceruledge\n|turn|1\n|inactive|Turus22 has 30 seconds left.\n|\n|t:|1682415387\n|move|p2a: Arcanine|Flare Blitz|p1a: Flutter Mane\n|-enditem|p1a: Flutter Mane|Focus Sash\n|-damage|p1a: Flutter Mane|1\/100\n|-damage|p2a: Arcanine|79\/100|[from] Recoil\n|move|p1b: Ceruledge|Bulk Up|p1b: Ceruledge\n|-boost|p1b: Ceruledge|atk|1\n|-boost|p1b: Ceruledge|def|1\n|move|p2b: Corviknight|Bulk Up|p2b: Corviknight\n|-boost|p2b: Corviknight|atk|1\n|-boost|p2b: Corviknight|def|1\n|move|p1a: Flutter Mane|Trick Room|p1a: Flutter Mane\n|-fieldstart|move: Trick Room|[of] p1a: Flutter Mane\n|\n|upkeep\n|turn|2\n|inactive|Turus22 has 30 seconds left.\n|inactive|cacazzo has 30 seconds left.\n|inactive|Turus22 has 20 seconds left.\n|inactive|cacazzo has 20 seconds left.\n|inactive|Turus22 has 15 seconds left.\n|\n|t:|1682415429\n|move|p2b: Corviknight|Bulk Up|p2b: Corviknight\n|-boost|p2b: Corviknight|atk|1\n|-boost|p2b: Corviknight|def|1\n|move|p1b: Ceruledge|Bulk Up|p1b: Ceruledge\n|-boost|p1b: Ceruledge|atk|1\n|-boost|p1b: Ceruledge|def|1\n|move|p2a: Arcanine|Flare Blitz|p1a: Flutter Mane\n|-damage|p1a: Flutter Mane|0 fnt\n|faint|p1a: Flutter Mane\n|-end|p1a: Flutter Mane|Protosynthesis|[silent]\n|-damage|p2a: Arcanine|78\/100|[from] Recoil\n|\n|upkeep\n|\n|t:|1682415446\n|switch|p1a: Scizor|Scizor, L50, F|100\/100\n|turn|3\n|\n|t:|1682415460\n|-terastallize|p2b: Corviknight|Fire\n|move|p1a: Scizor|Protect|p1a: Scizor\n|-singleturn|p1a: Scizor|Protect\n|move|p2b: Corviknight|Bulk Up|p2b: Corviknight\n|-boost|p2b: Corviknight|atk|1\n|-boost|p2b: Corviknight|def|1\n|move|p1b: Ceruledge|Bitter Blade|p2b: Corviknight\n|-resisted|p2b: Corviknight\n|-crit|p2b: Corviknight\n|-damage|p2b: Corviknight|41\/100\n|move|p2a: Arcanine|Will-O-Wisp|p1a: Scizor\n|-activate|p1a: Scizor|move: Protect\n|\n|upkeep\n|turn|4\n|inactive|Turus22 has 30 seconds left.\n|\n|t:|1682415491\n|switch|p1a: Ting-Lu|Ting-Lu, L50|100\/100\n|-ability|p1a: Ting-Lu|Vessel of Ruin\n|move|p1b: Ceruledge|Shadow Sneak|p2a: Arcanine\n|-damage|p2a: Arcanine|31\/100\n|-enditem|p2a: Arcanine|Sitrus Berry|[eat]\n|-heal|p2a: Arcanine|56\/100|[from] item: Sitrus Berry\n|move|p2b: Corviknight|Roost|p2b: Corviknight\n|-heal|p2b: Corviknight|92\/100\n|move|p2a: Arcanine|Flare Blitz|p1a: Ting-Lu\n|-damage|p1a: Ting-Lu|76\/100\n|-damage|p2a: Arcanine|45\/100|[from] Recoil\n|\n|upkeep\n|turn|5\n|inactive|Turus22 has 30 seconds left.\n|inactive|cacazzo has 30 seconds left.\n|\n|t:|1682415536\n|switch|p2a: tonin a cicogn|Quaquaval, L50, F, shiny|100\/100\n|move|p1b: Ceruledge|Shadow Sneak|p2a: tonin a cicogn\n|-damage|p2a: tonin a cicogn|47\/100\n|move|p1a: Ting-Lu|Stomping Tantrum|p2a: tonin a cicogn\n|-damage|p2a: tonin a cicogn|11\/100\n|move|p2b: Corviknight|Roost|p2b: Corviknight\n|-heal|p2b: Corviknight|100\/100\n|\n|-fieldend|move: Trick Room\n|upkeep\n|turn|6\n|inactive|Turus22 has 30 seconds left.\n|\n|t:|1682415561\n|-terastallize|p1a: Ting-Lu|Water\n|move|p2a: tonin a cicogn|Aqua Jet|p1a: Ting-Lu\n|-resisted|p1a: Ting-Lu\n|-damage|p1a: Ting-Lu|70\/100\n|-damage|p2a: tonin a cicogn|1\/100|[from] item: Life Orb\n|move|p1b: Ceruledge|Shadow Sneak|p2a: tonin a cicogn\n|-damage|p2a: tonin a cicogn|0 fnt\n|faint|p2a: tonin a cicogn\n|move|p2b: Corviknight|Bulk Up|p2b: Corviknight\n|-boost|p2b: Corviknight|atk|1\n|-boost|p2b: Corviknight|def|1\n|move|p1a: Ting-Lu|Fissure|p2b: Corviknight\n|-damage|p2b: Corviknight|0 fnt\n|faint|p2b: Corviknight\n|-ohko\n|\n|upkeep\n|c|\u2606cacazzo|ahahaha\n|c|\u2606cacazzo|gg\n|\n|t:|1682415577\n|switch|p2a: Don Ciro|Chien-Pao, L50|100\/100\n|switch|p2b: Arcanine|Arcanine, L50, F|45\/100\n|-ability|p2a: Don Ciro|Sword of Ruin\n|-ability|p2b: Arcanine|Intimidate|boost\n|-unboost|p1a: Ting-Lu|atk|1\n|-fail|p1b: Ceruledge|unboost|[from] item: Clear Amulet|[of] p1b: Ceruledge\n|turn|7\n|\n|t:|1682415589\n|move|p2a: Don Ciro|Haze|p2a: Don Ciro\n|-clearallboost\n|move|p2b: Arcanine|Will-O-Wisp|p1a: Ting-Lu\n|-status|p1a: Ting-Lu|brn\n|move|p1b: Ceruledge|Bitter Blade|p2a: Don Ciro\n|-supereffective|p2a: Don Ciro\n|-enditem|p2a: Don Ciro|Focus Sash\n|-damage|p2a: Don Ciro|1\/100\n|move|p1a: Ting-Lu|Stomping Tantrum|p2b: Arcanine\n|-supereffective|p2b: Arcanine\n|-damage|p2b: Arcanine|6\/100\n|\n|-damage|p1a: Ting-Lu|63\/100 brn|[from] brn\n|upkeep\n|turn|8\n|\n|t:|1682415608\n|move|p1b: Ceruledge|Shadow Sneak|p2b: Arcanine\n|-damage|p2b: Arcanine|0 fnt\n|faint|p2b: Arcanine\n|move|p2a: Don Ciro|Throat Chop|p1b: Ceruledge\n|-supereffective|p1b: Ceruledge\n|-damage|p1b: Ceruledge|0 fnt\n|faint|p1b: Ceruledge\n|move|p1a: Ting-Lu|Stomping Tantrum|p2a: Don Ciro\n|-damage|p2a: Don Ciro|0 fnt\n|faint|p2a: Don Ciro\n|\n|win|Turus22\n|raw|Turus22's rating: 1248 → 1274<\/strong> (+26 for winning)\n|raw|cacazzo's rating: 1258 → 1232<\/strong> (-26 for losing)\n|l|\u2606cacazzo\n","uploadtime":1682415620,"views":11,"p1id":"turus22","p2id":"cacazzo","formatid":"gen9vgc2023regulationc","rating":1232,"private":0,"password":""}