{"id":"gen9vgc2023regulationc-1860723611","p1":"hfritz24","p2":"VillagerZz","format":"[Gen 9] VGC 2023 Regulation C","log":"|j|\u2606hfritz24\n|j|\u2606VillagerZz\n|t:|1683670233\n|gametype|doubles\n|player|p1|hfritz24|buck|1062\n|player|p2|VillagerZz|170|1020\n|teamsize|p1|6\n|teamsize|p2|6\n|gen|9\n|tier|[Gen 9] VGC 2023 Regulation C\n|rated|\n|rule|Species Clause: Limit one of each Pok\u00e9mon\n|rule|Item Clause: Limit one of each item\n|clearpoke\n|poke|p1|Garganacl, L50, F|\n|poke|p1|Arcanine, L50, F|\n|poke|p1|Salazzle, L50, F|\n|poke|p1|Goodra, L50, M|\n|poke|p1|Sableye, L50, M|\n|poke|p1|Murkrow, L50, F|\n|poke|p2|Scream Tail, L50|\n|poke|p2|Iron Bundle, L50|\n|poke|p2|Talonflame, L50, F|\n|poke|p2|Kilowattrel, L50, M|\n|poke|p2|Meowscarada, L50, M|\n|poke|p2|Umbreon, L50, F|\n|teampreview|4\n|inactive|Battle timer is ON: inactive players will automatically lose when time's up. (requested by hfritz24)\n|inactive|hfritz24 has 60 seconds left.\n|inactive|VillagerZz has 60 seconds left.\n|\n|t:|1683670282\n|start\n|switch|p1a: Predra|Garganacl, L50, F|100\/100\n|switch|p1b: Crovo|Murkrow, L50, F|100\/100\n|switch|p2a: Umbreon|Umbreon, L50, F, shiny|100\/100\n|switch|p2b: Talonflame|Talonflame, L50, F, shiny|100\/100\n|turn|1\n|\n|t:|1683670306\n|-terastallize|p2b: Talonflame|Ground\n|move|p2b: Talonflame|Tailwind|p2b: Talonflame\n|-sidestart|p2: VillagerZz|move: Tailwind\n|move|p1b: Crovo|Tailwind|p1b: Crovo\n|-sidestart|p1: hfritz24|move: Tailwind\n|move|p2a: Umbreon|Taunt|p1b: Crovo\n|-start|p1b: Crovo|move: Taunt\n|move|p1a: Predra|Salt Cure|p2b: Talonflame\n|-resisted|p2b: Talonflame\n|-damage|p2b: Talonflame|89\/100\n|\n|upkeep\n|turn|2\n|inactive|VillagerZz has 30 seconds left.\n|inactive|hfritz24 has 30 seconds left.\n|\n|t:|1683670337\n|switch|p1b: Pansudinha|Goodra, L50, M|100\/100\n|move|p2b: Talonflame|Flare Blitz|p1a: Predra\n|-resisted|p1a: Predra\n|-damage|p1a: Predra|89\/100\n|-damage|p2b: Talonflame|84\/100|[from] Recoil\n|move|p2a: Umbreon|Yawn|p1b: Pansudinha\n|-start|p1b: Pansudinha|move: Yawn|[of] p2a: Umbreon\n|move|p1a: Predra|Salt Cure|p2a: Umbreon\n|-damage|p2a: Umbreon|90\/100\n|-start|p2a: Umbreon|Salt Cure\n|\n|-heal|p1a: Predra|95\/100|[from] item: Leftovers\n|-damage|p2a: Umbreon|78\/100|[from] Salt Cure\n|upkeep\n|turn|3\n|inactive|VillagerZz has 30 seconds left.\n|inactive|VillagerZz has 20 seconds left.\n|inactive|VillagerZz has 15 seconds left.\n|\n|t:|1683670380\n|switch|p2b: Scream Tail|Scream Tail, L50, shiny|100\/100\n|move|p2a: Umbreon|Detect|p2a: Umbreon\n|-singleturn|p2a: Umbreon|Protect\n|move|p1b: Pansudinha|Hydro Pump|p2b: Scream Tail\n|-damage|p2b: Scream Tail|75\/100\n|move|p1a: Predra|Salt Cure|p2b: Scream Tail\n|-damage|p2b: Scream Tail|64\/100\n|-start|p2b: Scream Tail|Salt Cure\n|\n|-heal|p1a: Predra|100\/100|[from] item: Leftovers\n|-damage|p2b: Scream Tail|51\/100|[from] Salt Cure\n|-damage|p2a: Umbreon|65\/100|[from] Salt Cure\n|-end|p1b: Pansudinha|move: Yawn|[silent]\n|-status|p1b: Pansudinha|slp\n|upkeep\n|turn|4\n|inactive|hfritz24 has 30 seconds left.\n|inactive|VillagerZz has 30 seconds left.\n|inactive|hfritz24 has 20 seconds left.\n|\n|t:|1683670416\n|switch|p1b: Crovo|Murkrow, L50, F|100\/100\n|switch|p2a: Iron Bundle|Iron Bundle, L50, shiny|100\/100\n|-enditem|p2a: Iron Bundle|Booster Energy\n|-activate|p2a: Iron Bundle|ability: Quark Drive|[fromitem]\n|-start|p2a: Iron Bundle|quarkdrivespa\n|move|p1a: Predra|Wide Guard|p1a: Predra\n|-singleturn|p1a: Predra|Wide Guard\n|move|p2b: Scream Tail|Disable|p1a: Predra\n|-start|p1a: Predra|Disable|Wide Guard\n|\n|-damage|p2b: Scream Tail|39\/100|[from] Salt Cure\n|-sideend|p1: hfritz24|move: Tailwind\n|-sideend|p2: VillagerZz|move: Tailwind\n|upkeep\n|turn|5\n|\n|t:|1683670434\n|-terastallize|p1a: Predra|Ghost\n|move|p1b: Crovo|Tailwind|p1b: Crovo\n|-sidestart|p1: hfritz24|move: Tailwind\n|move|p2a: Iron Bundle|Freeze-Dry|p1b: Crovo\n|-supereffective|p1b: Crovo\n|-damage|p1b: Crovo|0 fnt\n|faint|p1b: Crovo\n|move|p2b: Scream Tail|Encore|p1a: Predra\n|-start|p1a: Predra|Encore\n|cant|p1a: Predra|Disable|Wide Guard\n|\n|-damage|p2b: Scream Tail|27\/100|[from] Salt Cure\n|upkeep\n|\n|t:|1683670446\n|switch|p1b: Pedrinho|Sableye, L50, M|100\/100\n|turn|6\n|\n|t:|1683670465\n|-end|p2b: Scream Tail|Protosynthesis|[silent]\n|switch|p2b: Umbreon|Umbreon, L50, F, shiny|65\/100\n|switch|p1a: Pansudinha|Goodra, L50, M|100\/100 slp\n|move|p1b: Pedrinho|Confuse Ray|p2a: Iron Bundle\n|-start|p2a: Iron Bundle|confusion\n|-activate|p2a: Iron Bundle|confusion\n|move|p2a: Iron Bundle|Freeze-Dry|p1b: Pedrinho\n|-damage|p1b: Pedrinho|13\/100\n|-enditem|p1b: Pedrinho|Iapapa Berry|[eat]\n|-heal|p1b: Pedrinho|46\/100|[from] item: Iapapa Berry\n|\n|upkeep\n|turn|7\n|\n|t:|1683670483\n|move|p1b: Pedrinho|Light Screen|p1b: Pedrinho\n|-sidestart|p1: hfritz24|move: Light Screen\n|cant|p1a: Pansudinha|slp\n|-activate|p2a: Iron Bundle|confusion\n|-damage|p2a: Iron Bundle|94\/100|[from] confusion\n|move|p2b: Umbreon|Yawn|p1b: Pedrinho\n|-start|p1b: Pedrinho|move: Yawn|[of] p2b: Umbreon\n|\n|upkeep\n|turn|8\n|\n|t:|1683670499\n|switch|p1b: Predra|Garganacl, L50, F, tera:Ghost|100\/100\n|cant|p1a: Pansudinha|slp\n|-activate|p2a: Iron Bundle|confusion\n|move|p2a: Iron Bundle|Freeze-Dry|p1a: Pansudinha\n|-supereffective|p1a: Pansudinha\n|-damage|p1a: Pansudinha|45\/100 slp\n|move|p2b: Umbreon|Yawn||[still]\n|-fail|p2b: Umbreon\n|\n|-sideend|p1: hfritz24|move: Tailwind\n|upkeep\n|turn|9\n|\n|t:|1683670515\n|move|p2b: Umbreon|Detect|p2b: Umbreon\n|-singleturn|p2b: Umbreon|Protect\n|-end|p2a: Iron Bundle|confusion\n|move|p2a: Iron Bundle|Water Pulse|p1b: Predra\n|-damage|p1b: Predra|75\/100\n|cant|p1a: Pansudinha|slp\n|move|p1b: Predra|Salt Cure|p2b: Umbreon\n|-activate|p2b: Umbreon|move: Protect\n|\n|-heal|p1b: Predra|81\/100|[from] item: Leftovers\n|upkeep\n|turn|10\n|\n|t:|1683670531\n|-curestatus|p1a: Pansudinha|slp|[msg]\n|move|p1a: Pansudinha|Protect|p1a: Pansudinha\n|-singleturn|p1a: Pansudinha|Protect\n|move|p2a: Iron Bundle|Freeze-Dry|p1b: Predra\n|-damage|p1b: Predra|48\/100\n|move|p2b: Umbreon|Charm|p1b: Predra\n|-unboost|p1b: Predra|atk|2\n|move|p1b: Predra|Salt Cure|p2a: Iron Bundle\n|-supereffective|p2a: Iron Bundle\n|-damage|p2a: Iron Bundle|78\/100\n|-start|p2a: Iron Bundle|Salt Cure\n|\n|-heal|p1b: Predra|54\/100|[from] item: Leftovers\n|-damage|p2a: Iron Bundle|54\/100|[from] Salt Cure\n|upkeep\n|turn|11\n|inactive|VillagerZz has 30 seconds left.\n|\n|t:|1683670560\n|-end|p2a: Iron Bundle|Quark Drive|[silent]\n|switch|p2a: Talonflame|Talonflame, L50, F, shiny, tera:Ground|84\/100\n|move|p1a: Pansudinha|Thunderbolt|p2a: Talonflame\n|-immune|p2a: Talonflame\n|move|p2b: Umbreon|Yawn|p1a: Pansudinha\n|-start|p1a: Pansudinha|move: Yawn|[of] p2b: Umbreon\n|move|p1b: Predra|Recover|p1b: Predra\n|-heal|p1b: Predra|100\/100\n|\n|-sideend|p1: hfritz24|move: Light Screen\n|upkeep\n|turn|12\n|\n|t:|1683670583\n|move|p2a: Talonflame|Flare Blitz|p1b: Predra\n|-damage|p1b: Predra|77\/100\n|-damage|p2a: Talonflame|74\/100|[from] Recoil\n|move|p1a: Pansudinha|Hydro Pump|p2a: Talonflame\n|-supereffective|p2a: Talonflame\n|-damage|p2a: Talonflame|0 fnt\n|faint|p2a: Talonflame\n|move|p2b: Umbreon|Taunt|p1b: Predra\n|-start|p1b: Predra|move: Taunt\n|move|p1b: Predra|Salt Cure|p2b: Umbreon\n|-damage|p2b: Umbreon|60\/100\n|-start|p2b: Umbreon|Salt Cure\n|\n|-heal|p1b: Predra|83\/100|[from] item: Leftovers\n|-damage|p2b: Umbreon|48\/100|[from] Salt Cure\n|-end|p1a: Pansudinha|move: Yawn|[silent]\n|-status|p1a: Pansudinha|slp\n|upkeep\n|-enditem|p2b: Umbreon|Sitrus Berry|[eat]\n|-heal|p2b: Umbreon|72\/100|[from] item: Sitrus Berry\n|\n|t:|1683670600\n|switch|p2a: Scream Tail|Scream Tail, L50, shiny|27\/100\n|turn|13\n|\n|t:|1683670611\n|switch|p2b: Iron Bundle|Iron Bundle, L50, shiny|54\/100\n|switch|p1b: Pedrinho|Sableye, L50, M|46\/100\n|cant|p1a: Pansudinha|slp\n|move|p2a: Scream Tail|Disable||[still]\n|-fail|p2a: Scream Tail\n|\n|upkeep\n|turn|14\n|\n|t:|1683670624\n|-curestatus|p1a: Pansudinha|slp|[msg]\n|move|p1a: Pansudinha|Protect|p1a: Pansudinha\n|-singleturn|p1a: Pansudinha|Protect\n|move|p1b: Pedrinho|Light Screen|p1b: Pedrinho\n|-sidestart|p1: hfritz24|move: Light Screen\n|move|p2b: Iron Bundle|Freeze-Dry|p1a: Pansudinha\n|-activate|p1a: Pansudinha|move: Protect\n|move|p2a: Scream Tail|Wish|p2a: Scream Tail\n|\n|upkeep\n|turn|15\n|\n|t:|1683670648\n|move|p1b: Pedrinho|Confuse Ray|p2a: Scream Tail\n|-start|p2a: Scream Tail|confusion\n|move|p2b: Iron Bundle|Freeze-Dry|p1a: Pansudinha\n|-supereffective|p1a: Pansudinha\n|-damage|p1a: Pansudinha|3\/100\n|-status|p1a: Pansudinha|frz\n|-activate|p2a: Scream Tail|confusion\n|move|p2a: Scream Tail|Encore|p1a: Pansudinha\n|-start|p1a: Pansudinha|Encore\n|cant|p1a: Pansudinha|frz\n|\n|-heal|p2a: Scream Tail|77\/100|[from] move: Wish|[wisher] Scream Tail\n|upkeep\n|turn|16\n|\n|t:|1683670670\n|cant|p1a: Pansudinha|frz\n|move|p1b: Pedrinho|Confuse Ray|p2b: Iron Bundle\n|-start|p2b: Iron Bundle|confusion\n|-activate|p2b: Iron Bundle|confusion\n|move|p2b: Iron Bundle|Freeze-Dry|p1b: Pedrinho\n|-damage|p1b: Pedrinho|7\/100\n|-activate|p2a: Scream Tail|confusion\n|-damage|p2a: Scream Tail|73\/100|[from] confusion\n|\n|upkeep\n|turn|17\n|\n|t:|1683670683\n|-curestatus|p1a: Pansudinha|frz|[msg]\n|move|p1a: Pansudinha|Protect|p1a: Pansudinha\n|-singleturn|p1a: Pansudinha|Protect\n|move|p1b: Pedrinho|Reflect|p1b: Pedrinho\n|-sidestart|p1: hfritz24|Reflect\n|-activate|p2b: Iron Bundle|confusion\n|move|p2b: Iron Bundle|Freeze-Dry|p1b: Pedrinho\n|-damage|p1b: Pedrinho|0 fnt\n|faint|p1b: Pedrinho\n|-end|p2a: Scream Tail|confusion\n|move|p2a: Scream Tail|Wish|p2a: Scream Tail\n|\n|-end|p1a: Pansudinha|Encore\n|upkeep\n|\n|t:|1683670698\n|switch|p1b: Predra|Garganacl, L50, F, tera:Ghost|83\/100\n|turn|18\n|\n|t:|1683670715\n|-end|p2b: Iron Bundle|confusion\n|move|p2b: Iron Bundle|Freeze-Dry|p1b: Predra\n|-damage|p1b: Predra|57\/100\n|move|p2a: Scream Tail|Encore|p1a: Pansudinha\n|-start|p1a: Pansudinha|Encore\n|move|p1a: Pansudinha|Protect||[still]\n|-fail|p1a: Pansudinha\n|move|p1b: Predra|Salt Cure|p2a: Scream Tail\n|-damage|p2a: Scream Tail|61\/100\n|-start|p2a: Scream Tail|Salt Cure\n|\n|-heal|p2a: Scream Tail|100\/100|[from] move: Wish|[wisher] Scream Tail\n|-heal|p1b: Predra|63\/100|[from] item: Leftovers\n|-damage|p2a: Scream Tail|88\/100|[from] Salt Cure\n|-sideend|p1: hfritz24|move: Light Screen\n|upkeep\n|turn|19\n|inactive|VillagerZz has 30 seconds left.\n|inactive|VillagerZz has 20 seconds left.\n|inactive|VillagerZz has 15 seconds left.\n|inactive|VillagerZz has 10 seconds left.\n|\n|t:|1683670763\n|move|p1a: Pansudinha|Protect|p1a: Pansudinha\n|-singleturn|p1a: Pansudinha|Protect\n|move|p2b: Iron Bundle|Encore|p1b: Predra\n|-start|p1b: Predra|Encore\n|move|p2a: Scream Tail|Disable|p1b: Predra\n|-start|p1b: Predra|Disable|Salt Cure\n|cant|p1b: Predra|Disable|Salt Cure\n|\n|-heal|p1b: Predra|69\/100|[from] item: Leftovers\n|-damage|p2a: Scream Tail|76\/100|[from] Salt Cure\n|upkeep\n|turn|20\n|inactive|VillagerZz has 30 seconds left.\n|inactive|VillagerZz has 20 seconds left.\n|inactive|VillagerZz has 15 seconds left.\n|inactive|VillagerZz has 10 seconds left.\n|inactive|VillagerZz has 5 seconds left.\n|-message|VillagerZz lost due to inactivity.\n|\n|win|hfritz24\n|raw|hfritz24's rating: 1062 → 1089<\/strong> (+27 for winning)\n|raw|VillagerZz's rating: 1020 → 1009<\/strong> (-11 for losing)\n|l|\u2606hfritz24\n","uploadtime":1683671893,"views":16,"p1id":"hfritz24","p2id":"villagerzz","formatid":"gen9vgc2023regulationc","rating":1009,"private":0,"password":""}