{"id":"gen9vgc2023regulationc-1848920072","p1":"Terry kloak","p2":"bwahacough","format":"[Gen 9] VGC 2023 Regulation C","log":"|j|\u2606Terry kloak\n|j|\u2606bwahacough\n|t:|1682126251\n|gametype|doubles\n|player|p1|Terry kloak|gentleman-gen4|1548\n|player|p2|bwahacough|madame-gen4|1692\n|teamsize|p1|6\n|teamsize|p2|6\n|gen|9\n|tier|[Gen 9] VGC 2023 Regulation C\n|rated|\n|rule|Species Clause: Limit one of each Pok\u00e9mon\n|rule|Item Clause: Limit one of each item\n|clearpoke\n|poke|p1|Ceruledge, L50, M|\n|poke|p1|Orthworm, L50, F|\n|poke|p1|Ting-Lu, L50|\n|poke|p1|Dragonite, L50, M|\n|poke|p1|Iron Bundle, L50|\n|poke|p1|Grimmsnarl, L50, M|\n|poke|p2|Lycanroc, L50, M|\n|poke|p2|Tyranitar, L50, M|\n|poke|p2|Chien-Pao, L50|\n|poke|p2|Farigiraf, L50, F|\n|poke|p2|Flutter Mane, L50|\n|poke|p2|Annihilape, L50, M|\n|teampreview|4\nTerry kloak has agreed to open team sheets.\n|j| RandomlyBrian\nbwahacough has agreed to open team sheets.\n|\n|t:|1682126295\n|start\n|switch|p1a: Dragonite|Dragonite, L50, M|100\/100\n|switch|p1b: Grimmsnarl|Grimmsnarl, L50, M|100\/100\n|switch|p2a: Lycanroc|Lycanroc, L50, M, shiny|100\/100\n|switch|p2b: Tyranitar|Tyranitar, L50, M, shiny|100\/100\n|-weather|Sandstorm|[from] ability: Sand Stream|[of] p2b: Tyranitar\n|turn|1\n|\n|t:|1682126311\n|switch|p1a: Orthworm|Orthworm, L50, F|100\/100\n|move|p1b: Grimmsnarl|Reflect|p1b: Grimmsnarl\n|-sidestart|p1: Terry kloak|Reflect\n|move|p2a: Lycanroc|Rock Slide|p1b: Grimmsnarl|[spread] p1a,p1b\n|-resisted|p1a: Orthworm\n|-damage|p1a: Orthworm|94\/100\n|-damage|p1b: Grimmsnarl|81\/100\n|move|p2b: Tyranitar|Rock Slide|p1b: Grimmsnarl|[spread] p1b\n|-miss|p2b: Tyranitar|p1a: Orthworm\n|-damage|p1b: Grimmsnarl|59\/100\n|\n|-weather|Sandstorm|[upkeep]\n|-damage|p1b: Grimmsnarl|53\/100|[from] Sandstorm\n|upkeep\n|turn|2\n|\n|t:|1682126329\n|move|p2a: Lycanroc|Endeavor|p1a: Orthworm\n|-damage|p1a: Orthworm|79\/100\n|move|p1b: Grimmsnarl|Spirit Break|p2a: Lycanroc\n|-damage|p2a: Lycanroc|43\/100\n|-unboost|p2a: Lycanroc|spa|1\n|move|p2b: Tyranitar|Low Kick|p1a: Orthworm\n|-supereffective|p1a: Orthworm\n|-damage|p1a: Orthworm|42\/100\n|-enditem|p1a: Orthworm|Sitrus Berry|[eat]\n|-heal|p1a: Orthworm|67\/100|[from] item: Sitrus Berry\n|move|p1a: Orthworm|Body Press|p2a: Lycanroc\n|-supereffective|p2a: Lycanroc\n|-damage|p2a: Lycanroc|0 fnt\n|faint|p2a: Lycanroc\n|\n|-weather|Sandstorm|[upkeep]\n|-damage|p1b: Grimmsnarl|47\/100|[from] Sandstorm\n|upkeep\n|\n|t:|1682126333\n|switch|p2a: Farigiraf|Farigiraf, L50, F, shiny|100\/100\n|turn|3\n|j| hachiware\n|\n|t:|1682126360\n|move|p1a: Orthworm|Protect|p1a: Orthworm\n|-singleturn|p1a: Orthworm|Protect\n|move|p1b: Grimmsnarl|Light Screen|p1b: Grimmsnarl\n|-sidestart|p1: Terry kloak|move: Light Screen\n|move|p2b: Tyranitar|Low Kick|p1a: Orthworm\n|-activate|p1a: Orthworm|move: Protect\n|move|p2a: Farigiraf|Dazzling Gleam|p1b: Grimmsnarl|[spread] p1b\n|-activate|p1a: Orthworm|move: Protect\n|-supereffective|p1b: Grimmsnarl\n|-damage|p1b: Grimmsnarl|28\/100\n|\n|-weather|Sandstorm|[upkeep]\n|-damage|p1b: Grimmsnarl|22\/100|[from] Sandstorm\n|-damage|p2a: Farigiraf|95\/100|[from] Sandstorm\n|upkeep\n|turn|4\n|\n|t:|1682126386\n|move|p1b: Grimmsnarl|Spirit Break|p2b: Tyranitar\n|-supereffective|p2b: Tyranitar\n|-damage|p2b: Tyranitar|55\/100\n|-unboost|p2b: Tyranitar|spa|1\n|move|p2b: Tyranitar|Low Kick|p1a: Orthworm\n|-supereffective|p1a: Orthworm\n|-damage|p1a: Orthworm|27\/100\n|move|p2a: Farigiraf|Dazzling Gleam|p1b: Grimmsnarl|[spread] p1a,p1b\n|-resisted|p1a: Orthworm\n|-supereffective|p1b: Grimmsnarl\n|-damage|p1a: Orthworm|20\/100\n|-damage|p1b: Grimmsnarl|4\/100\n|move|p1a: Orthworm|Body Press|p2b: Tyranitar\n|-supereffective|p2b: Tyranitar\n|-damage|p2b: Tyranitar|0 fnt\n|faint|p2b: Tyranitar\n|\n|-weather|Sandstorm|[upkeep]\n|-damage|p1b: Grimmsnarl|0 fnt|[from] Sandstorm\n|-damage|p2a: Farigiraf|89\/100|[from] Sandstorm\n|faint|p1b: Grimmsnarl\n|upkeep\n|\n|t:|1682126406\n|switch|p1b: Dragonite|Dragonite, L50, M|100\/100\n|switch|p2b: Flutter Mane|Flutter Mane, L50|100\/100\n|-enditem|p2b: Flutter Mane|Booster Energy\n|-activate|p2b: Flutter Mane|ability: Protosynthesis|[fromitem]\n|-start|p2b: Flutter Mane|protosynthesisspa\n|turn|5\n|\n|t:|1682126426\n|-terastallize|p2b: Flutter Mane|Fairy\n|-terastallize|p1b: Dragonite|Flying\n|move|p2b: Flutter Mane|Dazzling Gleam|p1b: Dragonite|[spread] p1a,p1b\n|-resisted|p1a: Orthworm\n|-damage|p1a: Orthworm|0 fnt\n|-damage|p1b: Dragonite|81\/100\n|faint|p1a: Orthworm\n|move|p1b: Dragonite|Earthquake|p2a: Farigiraf|[spread] p2a,p2b\n|-damage|p2a: Farigiraf|66\/100\n|-damage|p2b: Flutter Mane|37\/100\n|move|p2a: Farigiraf|Dazzling Gleam|p1b: Dragonite\n|-damage|p1b: Dragonite|67\/100\n|\n|-weather|none\n|upkeep\n|\n|t:|1682126441\n|switch|p1a: Iron Bundle|Iron Bundle, L50|100\/100\n|-enditem|p1a: Iron Bundle|Booster Energy\n|-activate|p1a: Iron Bundle|ability: Quark Drive|[fromitem]\n|-start|p1a: Iron Bundle|quarkdrivespe\n|turn|6\n|\n|t:|1682126468\n|move|p1a: Iron Bundle|Freeze-Dry|p2b: Flutter Mane\n|-damage|p2b: Flutter Mane|0 fnt\n|faint|p2b: Flutter Mane\n|-end|p2b: Flutter Mane|Protosynthesis|[silent]\n|move|p1b: Dragonite|Tera Blast|p2a: Farigiraf\n|-damage|p2a: Farigiraf|16\/100\n|-enditem|p2a: Farigiraf|Sitrus Berry|[eat]\n|-heal|p2a: Farigiraf|41\/100|[from] item: Sitrus Berry\n|move|p2a: Farigiraf|Dazzling Gleam|p1b: Dragonite|[spread] p1a,p1b\n|-damage|p1a: Iron Bundle|80\/100\n|-damage|p1b: Dragonite|56\/100\n|\n|upkeep\n|turn|7\n|-message|bwahacough forfeited.\n|\n|win|Terry kloak\n|raw|Terry kloak's rating: 1548 → 1576<\/strong> (+28 for winning)\n|raw|bwahacough's rating: 1692 → 1664<\/strong> (-28 for losing)\n|l|\u2606bwahacough\n|l|\u2606Terry kloak\n|l| hachiware\n","uploadtime":1682126526,"views":5,"p1id":"terrykloak","p2id":"bwahacough","formatid":"gen9vgc2023regulationc","rating":1576,"private":0,"password":""}