{"id":"gen9vgc2023regulationc-1849183915","p1":"Lironss","p2":"WillieDangerously","format":"[Gen 9] VGC 2023 Regulation C","log":"|j|\u2606Lironss\n|j|\u2606WillieDangerously\n|t:|1682169719\n|gametype|doubles\n|player|p1|Lironss|1|1191\n|player|p2|WillieDangerously|psychic-gen4|1086\n|teamsize|p1|6\n|teamsize|p2|6\n|gen|9\n|tier|[Gen 9] VGC 2023 Regulation C\n|rated|\n|rule|Species Clause: Limit one of each Pok\u00e9mon\n|rule|Item Clause: Limit one of each item\n|clearpoke\n|poke|p1|Rotom-Mow, L50|\n|poke|p1|Dragonite, L50, F|\n|poke|p1|Orthworm, L50, F|\n|poke|p1|Ting-Lu, L50|\n|poke|p1|Iron Bundle, L50|\n|poke|p1|Chi-Yu, L50|\n|poke|p2|Espathra, L50, F|\n|poke|p2|Iron Bundle, L50|\n|poke|p2|Iron Valiant, L50|\n|poke|p2|Salamence, L50, M|\n|poke|p2|Scizor, L50, F|\n|poke|p2|Sandy Shocks, L50|\n|teampreview|4\n|\n|t:|1682169789\n|start\n|switch|p1a: Iron Bundle|Iron Bundle, L50|100\/100\n|switch|p1b: Chi-Yu|Chi-Yu, L50|100\/100\n|switch|p2a: Sandy Shocks|Sandy Shocks, L50|100\/100\n|switch|p2b: Iron Valiant|Iron Valiant, L50|100\/100\n|-ability|p1b: Chi-Yu|Beads of Ruin\n|-enditem|p1a: Iron Bundle|Booster Energy\n|-activate|p1a: Iron Bundle|ability: Quark Drive|[fromitem]\n|-start|p1a: Iron Bundle|quarkdrivespe\n|-enditem|p2a: Sandy Shocks|Booster Energy\n|-activate|p2a: Sandy Shocks|ability: Protosynthesis|[fromitem]\n|-start|p2a: Sandy Shocks|protosynthesisspe\n|turn|1\n|\n|t:|1682169847\n|-terastallize|p1b: Chi-Yu|Ghost\n|move|p2b: Iron Valiant|Protect|p2b: Iron Valiant\n|-singleturn|p2b: Iron Valiant|Protect\n|move|p1a: Iron Bundle|Hydro Pump|p2a: Sandy Shocks\n|-supereffective|p2a: Sandy Shocks\n|-damage|p2a: Sandy Shocks|0 fnt\n|faint|p2a: Sandy Shocks\n|-end|p2a: Sandy Shocks|Protosynthesis|[silent]\n|move|p1b: Chi-Yu|Heat Wave|p2b: Iron Valiant\n|-activate|p2b: Iron Valiant|move: Protect\n|\n|upkeep\n|\n|t:|1682169862\n|switch|p2a: Iron Bundle|Iron Bundle, L50|100\/100\n|turn|2\n|\n|t:|1682169901\n|move|p1a: Iron Bundle|Protect|p1a: Iron Bundle\n|-singleturn|p1a: Iron Bundle|Protect\n|move|p2a: Iron Bundle|Icy Wind|p1a: Iron Bundle|[spread] p1b\n|-activate|p1a: Iron Bundle|move: Protect\n|-damage|p1b: Chi-Yu|78\/100\n|-unboost|p1b: Chi-Yu|spe|1\n|move|p2b: Iron Valiant|Moonblast|p1b: Chi-Yu\n|-damage|p1b: Chi-Yu|25\/100\n|-unboost|p1b: Chi-Yu|spa|1\n|move|p1b: Chi-Yu|Heat Wave|p2b: Iron Valiant|[spread] p2a,p2b\n|-crit|p2a: Iron Bundle\n|-damage|p2a: Iron Bundle|0 fnt\n|-damage|p2b: Iron Valiant|38\/100\n|-status|p2b: Iron Valiant|brn\n|faint|p2a: Iron Bundle\n|-end|p2a: Iron Bundle|Quark Drive|[silent]\n|\n|-damage|p2b: Iron Valiant|32\/100 brn|[from] brn\n|upkeep\n|\n|t:|1682169922\n|switch|p2a: Salamence|Salamence, L50, M|100\/100\n|turn|3\n|\n|t:|1682169940\n|-terastallize|p2a: Salamence|Rock\n|move|p1a: Iron Bundle|Freeze-Dry|p2a: Salamence\n|-damage|p2a: Salamence|46\/100\n|move|p2a: Salamence|Rock Slide|p1a: Iron Bundle|[spread] p1a,p1b\n|-supereffective|p1a: Iron Bundle\n|-damage|p1a: Iron Bundle|26\/100\n|-damage|p1b: Chi-Yu|0 fnt\n|faint|p1b: Chi-Yu\n|-ability|p2a: Salamence|Moxie|boost\n|-boost|p2a: Salamence|atk|1\n|move|p2b: Iron Valiant|Moonblast|p1a: Iron Bundle\n|-damage|p1a: Iron Bundle|0 fnt\n|faint|p1a: Iron Bundle\n|-end|p1a: Iron Bundle|Quark Drive|[silent]\n|\n|-damage|p2b: Iron Valiant|26\/100 brn|[from] brn\n|upkeep\n|\n|t:|1682169958\n|switch|p1a: Orthworm|Orthworm, L50, F|100\/100\n|switch|p1b: Ting-Lu|Ting-Lu, L50|100\/100\n|-ability|p1b: Ting-Lu|Vessel of Ruin\n|turn|4\n|\n|t:|1682169978\n|move|p2a: Salamence|Rock Slide|p1b: Ting-Lu|[spread] p1a,p1b\n|-resisted|p1a: Orthworm\n|-resisted|p1b: Ting-Lu\n|-damage|p1a: Orthworm|82\/100\n|-damage|p1b: Ting-Lu|86\/100\n|move|p2b: Iron Valiant|Hypnosis|p1b: Ting-Lu|[miss]\n|-miss|p2b: Iron Valiant|p1b: Ting-Lu\n|move|p1a: Orthworm|Iron Defense|p1a: Orthworm\n|-boost|p1a: Orthworm|def|2\n|move|p1b: Ting-Lu|Heavy Slam|p2b: Iron Valiant\n|-supereffective|p2b: Iron Valiant\n|-damage|p2b: Iron Valiant|0 fnt\n|faint|p2b: Iron Valiant\n|-end|p2b: Iron Valiant|Quark Drive|[silent]\n|\n|upkeep\n|turn|5\n|\n|t:|1682170001\n|move|p2a: Salamence|Rock Slide|p1b: Ting-Lu|[spread] p1a,p1b\n|-resisted|p1a: Orthworm\n|-resisted|p1b: Ting-Lu\n|-damage|p1a: Orthworm|74\/100\n|-damage|p1b: Ting-Lu|71\/100\n|cant|p1a: Orthworm|flinch\n|cant|p1b: Ting-Lu|flinch\n|\n|upkeep\n|turn|6\n|\n|t:|1682170015\n|move|p2a: Salamence|Rock Slide|p1b: Ting-Lu|[spread] p1a,p1b\n|-resisted|p1a: Orthworm\n|-resisted|p1b: Ting-Lu\n|-damage|p1a: Orthworm|65\/100\n|-damage|p1b: Ting-Lu|54\/100\n|cant|p1a: Orthworm|flinch\n|cant|p1b: Ting-Lu|flinch\n|\n|upkeep\n|turn|7\n|\n|t:|1682170030\n|move|p2a: Salamence|Rock Slide|p1b: Ting-Lu|[spread] p1a,p1b\n|-resisted|p1a: Orthworm\n|-resisted|p1b: Ting-Lu\n|-damage|p1a: Orthworm|55\/100\n|-damage|p1b: Ting-Lu|40\/100\n|move|p1a: Orthworm|Heavy Slam|p2a: Salamence\n|-supereffective|p2a: Salamence\n|-damage|p2a: Salamence|0 fnt\n|faint|p2a: Salamence\n|\n|win|Lironss\n|raw|Lironss's rating: 1191 → 1209<\/strong> (+18 for winning)\n|raw|WillieDangerously's rating: 1086 → 1070<\/strong> (-16 for losing)\n","uploadtime":1682170035,"views":9,"p1id":"lironss","p2id":"williedangerously","formatid":"gen9vgc2023regulationc","rating":1070,"private":0,"password":""}