{"id":"gen9vgc2023regulationc-1854390101","p1":"Kirozvzz","p2":"TDReese_81","format":"[Gen 9] VGC 2023 Regulation C","log":"|j|\u2606Kirozvzz\n|j|\u2606TDReese_81\n|t:|1682804882\n|gametype|doubles\n|player|p1|Kirozvzz|lance|1000\n|player|p2|TDReese_81|cyrus|1074\n|teamsize|p1|6\n|teamsize|p2|6\n|gen|9\n|tier|[Gen 9] VGC 2023 Regulation C\n|rated|\n|rule|Species Clause: Limit one of each Pok\u00e9mon\n|rule|Item Clause: Limit one of each item\n|clearpoke\n|poke|p1|Dondozo, L50, F|\n|poke|p1|Tatsugiri-Stretchy, L50, M|\n|poke|p1|Chi-Yu, L50|\n|poke|p1|Flutter Mane, L50|\n|poke|p1|Dragonite, L50, F|\n|poke|p1|Glimmora, L50, F|\n|poke|p2|Scizor, L50, M|\n|poke|p2|Flutter Mane, L50|\n|poke|p2|Arcanine, L50, F|\n|poke|p2|Garchomp, L50, M|\n|poke|p2|Amoonguss, L50, F|\n|poke|p2|Palafin, L50, F|\n|teampreview|4\n|\n|t:|1682804919\n|start\n|switch|p1a: Dragonite|Dragonite, L50, F|100\/100\n|switch|p1b: Tatsugiri|Tatsugiri-Stretchy, L50, M|100\/100\n|switch|p2a: Scizor|Scizor, L50, M|100\/100\n|switch|p2b: Amoonguss|Amoonguss, L50, F|100\/100\n|turn|1\n|inactive|Battle timer is ON: inactive players will automatically lose when time's up. (requested by Kirozvzz)\n|\n|t:|1682804956\n|move|p1a: Dragonite|Stomping Tantrum|p2a: Scizor\n|-damage|p2a: Scizor|73\/100\n|move|p1b: Tatsugiri|Muddy Water|p2b: Amoonguss|[spread] p2a,p2b\n|-resisted|p2b: Amoonguss\n|-damage|p2a: Scizor|7\/100\n|-damage|p2b: Amoonguss|79\/100\n|move|p2a: Scizor|Tailwind|p2a: Scizor\n|-sidestart|p2: TDReese_81|move: Tailwind\n|move|p2b: Amoonguss|Spore|p1a: Dragonite\n|-activate|p1a: Dragonite|item: Safety Goggles|Spore\n|\n|-heal|p2b: Amoonguss|85\/100|[from] item: Leftovers\n|upkeep\n|turn|2\n|\n|t:|1682804981\n|switch|p2b: Flutter Mane|Flutter Mane, L50|100\/100\n|move|p2a: Scizor|U-turn|p1a: Dragonite\n|-resisted|p1a: Dragonite\n|-damage|p1a: Dragonite|91\/100\n|\n|t:|1682804990\n|switch|p2a: Garchomp|Garchomp, L50, M|100\/100|[from] U-turn\n|move|p1a: Dragonite|Aerial Ace|p2b: Flutter Mane\n|-damage|p2b: Flutter Mane|52\/100\n|move|p1b: Tatsugiri|Muddy Water|p2b: Flutter Mane|[spread] p2a,p2b\n|-damage|p2a: Garchomp|45\/100\n|-damage|p2b: Flutter Mane|0 fnt\n|-unboost|p2a: Garchomp|accuracy|1\n|faint|p2b: Flutter Mane\n|-end|p2b: Flutter Mane|Protosynthesis|[silent]\n|\n|upkeep\n|\n|t:|1682805003\n|switch|p2b: Amoonguss|Amoonguss, L50, F|100\/100\n|turn|3\n|\n|t:|1682805015\n|-terastallize|p1b: Tatsugiri|Ghost\n|move|p2a: Garchomp|Dragon Claw|p1b: Tatsugiri\n|-damage|p1b: Tatsugiri|14\/100\n|-damage|p2a: Garchomp|35\/100|[from] item: Life Orb\n|move|p1a: Dragonite|Aerial Ace|p2b: Amoonguss\n|-supereffective|p2b: Amoonguss\n|-damage|p2b: Amoonguss|38\/100\n|move|p1b: Tatsugiri|Muddy Water|p2a: Garchomp|[spread] p2b\n|-miss|p1b: Tatsugiri|p2a: Garchomp\n|-resisted|p2b: Amoonguss\n|-damage|p2b: Amoonguss|17\/100\n|move|p2b: Amoonguss|Pollen Puff|p2a: Garchomp\n|-heal|p2a: Garchomp|85\/100\n|\n|-heal|p2b: Amoonguss|23\/100|[from] item: Leftovers\n|upkeep\n|turn|4\n|inactive|TDReese_81 has 30 seconds left.\n|inactive|TDReese_81 has 20 seconds left.\n|\n|t:|1682805051\n|move|p2b: Amoonguss|Protect|p2b: Amoonguss\n|-singleturn|p2b: Amoonguss|Protect\n|move|p2a: Garchomp|Rock Slide|p1a: Dragonite|[spread] \n|-miss|p2a: Garchomp|p1a: Dragonite\n|-miss|p2a: Garchomp|p1b: Tatsugiri\n|move|p1a: Dragonite|Aerial Ace|p2b: Amoonguss\n|-activate|p2b: Amoonguss|move: Protect\n|move|p1b: Tatsugiri|Muddy Water|p2a: Garchomp|[spread] p2a\n|-activate|p2b: Amoonguss|move: Protect\n|-damage|p2a: Garchomp|23\/100\n|\n|-heal|p2b: Amoonguss|29\/100|[from] item: Leftovers\n|-sideend|p2: TDReese_81|move: Tailwind\n|upkeep\n|turn|5\n|\n|t:|1682805070\n|move|p1a: Dragonite|Protect|p1a: Dragonite\n|-singleturn|p1a: Dragonite|Protect\n|move|p2b: Amoonguss|Rage Powder|p2b: Amoonguss\n|-singleturn|p2b: Amoonguss|move: Rage Powder\n|move|p2a: Garchomp|Rock Slide|p1a: Dragonite|[spread] \n|-activate|p1a: Dragonite|move: Protect\n|-miss|p2a: Garchomp|p1b: Tatsugiri\n|move|p1b: Tatsugiri|Muddy Water|p2b: Amoonguss|[spread] p2a,p2b\n|-resisted|p2b: Amoonguss\n|-damage|p2a: Garchomp|0 fnt\n|-damage|p2b: Amoonguss|8\/100\n|faint|p2a: Garchomp\n|\n|-heal|p2b: Amoonguss|14\/100|[from] item: Leftovers\n|upkeep\n|-message|TDReese_81 forfeited.\n|\n|win|Kirozvzz\n|raw|Kirozvzz's rating: 1000 → 1048<\/strong> (+48 for winning)\n|raw|TDReese_81's rating: 1074 → 1048<\/strong> (-26 for losing)\n|l|\u2606TDReese_81\n","uploadtime":1682805085,"views":19,"p1id":"kirozvzz","p2id":"tdreese81","formatid":"gen9vgc2023regulationc","rating":1048,"private":0,"password":""}