{"id":"gen9vgc2023regulationc-1862180886","p1":"GB Seraphix","p2":"akainu21","format":"[Gen 9] VGC 2023 Regulation C","log":"|j|\u2606GB Seraphix\n|j|\u2606akainu21\n|t:|1683846161\n|gametype|doubles\n|player|p1|GB Seraphix|102|1112\n|player|p2|akainu21|170|1000\n|teamsize|p1|6\n|teamsize|p2|6\n|gen|9\n|tier|[Gen 9] VGC 2023 Regulation C\n|rated|\n|rule|Species Clause: Limit one of each Pok\u00e9mon\n|rule|Item Clause: Limit one of each item\n|clearpoke\n|poke|p1|Scream Tail, L50|\n|poke|p1|Arcanine, L50, F|\n|poke|p1|Garganacl, L50, M|\n|poke|p1|Gothitelle, L50, F|\n|poke|p1|Ting-Lu, L50|\n|poke|p1|Amoonguss, L50, M|\n|poke|p2|Hatterene, L50, F|\n|poke|p2|Indeedee-F, L50, F|\n|poke|p2|Armarouge, L50, M|\n|poke|p2|Chi-Yu, L50|\n|poke|p2|Torkoal, L50, M|\n|poke|p2|Ting-Lu, L50|\n|teampreview|4\n|\n|t:|1683846199\n|start\n|switch|p1a: Lamaw|Ting-Lu, L50|100\/100\n|switch|p1b: Bubblegum|Scream Tail, L50|100\/100\n|switch|p2a: Armarouge|Armarouge, L50, M|100\/100\n|switch|p2b: Indeedee|Indeedee-F, L50, F|100\/100\n|-fieldstart|move: Psychic Terrain|[from] ability: Psychic Surge|[of] p2b: Indeedee\n|-enditem|p2b: Indeedee|Psychic Seed\n|-boost|p2b: Indeedee|spd|1|[from] item: Psychic Seed\n|-ability|p1a: Lamaw|Vessel of Ruin\n|-enditem|p1b: Bubblegum|Booster Energy\n|-activate|p1b: Bubblegum|ability: Protosynthesis|[fromitem]\n|-start|p1b: Bubblegum|protosynthesisspe\n|turn|1\n|\n|t:|1683846224\n|move|p1b: Bubblegum|Protect|p1b: Bubblegum\n|-singleturn|p1b: Bubblegum|Protect\n|move|p2b: Indeedee|Follow Me|p2b: Indeedee\n|-singleturn|p2b: Indeedee|move: Follow Me\n|move|p1a: Lamaw|Fissure|p2b: Indeedee|[miss]\n|-miss|p1a: Lamaw|p2b: Indeedee\n|move|p2a: Armarouge|Trick Room|p2a: Armarouge\n|-fieldstart|move: Trick Room|[of] p2a: Armarouge\n|\n|upkeep\n|turn|2\n|\n|t:|1683846255\n|move|p2a: Armarouge|Protect|p2a: Armarouge\n|-singleturn|p2a: Armarouge|Protect\n|move|p1a: Lamaw|Stomping Tantrum|p2a: Armarouge\n|-activate|p2a: Armarouge|move: Protect\n|move|p2b: Indeedee|Dazzling Gleam|p1a: Lamaw|[spread] p1a,p1b\n|-supereffective|p1a: Lamaw\n|-damage|p1a: Lamaw|91\/100\n|-damage|p1b: Bubblegum|94\/100\n|move|p1b: Bubblegum|Encore|p2b: Indeedee\n|-start|p2b: Indeedee|Encore\n|\n|upkeep\n|turn|3\n|\n|t:|1683846277\n|switch|p2b: Chi-Yu|Chi-Yu, L50|100\/100\n|-ability|p2b: Chi-Yu|Beads of Ruin\n|move|p1a: Lamaw|Fissure|p2b: Chi-Yu|[miss]\n|-miss|p1a: Lamaw|p2b: Chi-Yu\n|move|p2a: Armarouge|Expanding Force|p1a: Lamaw|[spread] p1b\n|-immune|p1a: Lamaw\n|-resisted|p1b: Bubblegum\n|-damage|p1b: Bubblegum|74\/100\n|-damage|p2a: Armarouge|91\/100|[from] item: Life Orb\n|move|p1b: Bubblegum|Disable|p2a: Armarouge\n|-start|p2a: Armarouge|Disable|Expanding Force\n|\n|upkeep\n|turn|4\n|\n|t:|1683846305\n|switch|p2a: Indeedee|Indeedee-F, L50, F|100\/100\n|move|p1b: Bubblegum|Protect|p1b: Bubblegum\n|-singleturn|p1b: Bubblegum|Protect\n|move|p1a: Lamaw|Stomping Tantrum|p2b: Chi-Yu\n|-supereffective|p2b: Chi-Yu\n|-crit|p2b: Chi-Yu\n|-damage|p2b: Chi-Yu|0 fnt\n|faint|p2b: Chi-Yu\n|\n|upkeep\n|\n|t:|1683846312\n|switch|p2b: Torkoal|Torkoal, L50, M|100\/100\n|-weather|SunnyDay|[from] ability: Drought|[of] p2b: Torkoal\n|turn|5\n|\n|t:|1683846336\n|move|p2a: Indeedee|Helping Hand|p2b: Torkoal\n|-singleturn|p2b: Torkoal|Helping Hand|[of] p2a: Indeedee\n|move|p2b: Torkoal|Eruption|p1b: Bubblegum|[spread] p1a,p1b\n|-damage|p1a: Lamaw|46\/100\n|-damage|p1b: Bubblegum|12\/100\n|move|p1a: Lamaw|Fissure|p2b: Torkoal|[miss]\n|-miss|p1a: Lamaw|p2b: Torkoal\n|move|p1b: Bubblegum|Disable|p2b: Torkoal\n|-start|p2b: Torkoal|Disable|Eruption\n|\n|-weather|SunnyDay|[upkeep]\n|-fieldend|move: Trick Room\n|-fieldend|move: Psychic Terrain\n|upkeep\n|turn|6\n|\n|t:|1683846371\n|move|p2a: Indeedee|Follow Me|p2a: Indeedee\n|-singleturn|p2a: Indeedee|move: Follow Me\n|move|p1b: Bubblegum|Encore|p2a: Indeedee\n|-start|p2a: Indeedee|Encore\n|move|p1a: Lamaw|Fissure|p2a: Indeedee\n|-damage|p2a: Indeedee|0 fnt\n|faint|p2a: Indeedee\n|-ohko\n|move|p2b: Torkoal|Heat Wave|p1b: Bubblegum|[spread] p1a,p1b\n|-damage|p1a: Lamaw|29\/100\n|-damage|p1b: Bubblegum|0 fnt\n|faint|p1b: Bubblegum\n|-end|p1b: Bubblegum|Protosynthesis|[silent]\n|\n|-weather|SunnyDay|[upkeep]\n|upkeep\n|\n|t:|1683846386\n|switch|p1b: Mein Kampf|Garganacl, L50, M|100\/100\n|switch|p2a: Armarouge|Armarouge, L50, M|91\/100\n|turn|7\n|\n|t:|1683846419\n|move|p1b: Mein Kampf|Wide Guard|p1b: Mein Kampf\n|-singleturn|p1b: Mein Kampf|Wide Guard\n|move|p1a: Lamaw|Stomping Tantrum|p2a: Armarouge\n|-supereffective|p2a: Armarouge\n|-damage|p2a: Armarouge|52\/100\n|move|p2b: Torkoal|Heat Wave|p1a: Lamaw|[spread] \n|-activate|p1a: Lamaw|move: Wide Guard\n|-activate|p1b: Mein Kampf|move: Wide Guard\n|move|p2a: Armarouge|Trick Room|p2a: Armarouge\n|-fieldstart|move: Trick Room|[of] p2a: Armarouge\n|\n|-weather|SunnyDay|[upkeep]\n|upkeep\n|turn|8\n|\n|t:|1683846441\n|move|p1b: Mein Kampf|Wide Guard|p1b: Mein Kampf\n|-singleturn|p1b: Mein Kampf|Wide Guard\n|move|p2b: Torkoal|Earth Power|p1b: Mein Kampf\n|-supereffective|p1b: Mein Kampf\n|-damage|p1b: Mein Kampf|72\/100\n|move|p1a: Lamaw|Fissure|p2b: Torkoal\n|-damage|p2b: Torkoal|0 fnt\n|faint|p2b: Torkoal\n|-ohko\n|move|p2a: Armarouge|Armor Cannon|p1a: Lamaw\n|-damage|p1a: Lamaw|0 fnt\n|-unboost|p2a: Armarouge|def|1\n|-unboost|p2a: Armarouge|spd|1\n|faint|p1a: Lamaw\n|-damage|p2a: Armarouge|42\/100|[from] item: Life Orb\n|\n|-weather|SunnyDay|[upkeep]\n|-heal|p1b: Mein Kampf|77\/100|[from] item: Leftovers\n|upkeep\n|\n|t:|1683846461\n|switch|p1a: Wednesday|Gothitelle, L50, F|100\/100\n|turn|9\n|\n|t:|1683846476\n|-terastallize|p2a: Armarouge|Fire\n|move|p2a: Armarouge|Protect|p2a: Armarouge\n|-singleturn|p2a: Armarouge|Protect\n|move|p1a: Wednesday|Fake Out|p2a: Armarouge\n|-activate|p2a: Armarouge|move: Protect\n|move|p1b: Mein Kampf|Salt Cure|p2a: Armarouge\n|-activate|p2a: Armarouge|move: Protect\n|\n|-weather|none\n|-heal|p1b: Mein Kampf|83\/100|[from] item: Leftovers\n|upkeep\n|turn|10\n|\n|t:|1683846491\n|move|p1b: Mein Kampf|Protect|p1b: Mein Kampf\n|-singleturn|p1b: Mein Kampf|Protect\n|move|p1a: Wednesday|Protect|p1a: Wednesday\n|-singleturn|p1a: Wednesday|Protect\n|move|p2a: Armarouge|Armor Cannon|p1b: Mein Kampf\n|-activate|p1b: Mein Kampf|move: Protect\n|\n|-heal|p1b: Mein Kampf|89\/100|[from] item: Leftovers\n|upkeep\n|turn|11\n|\n|t:|1683846506\n|-terastallize|p1a: Wednesday|Water\n|move|p1b: Mein Kampf|Salt Cure|p2a: Armarouge\n|-supereffective|p2a: Armarouge\n|-damage|p2a: Armarouge|14\/100\n|-start|p2a: Armarouge|Salt Cure\n|move|p2a: Armarouge|Armor Cannon|p1a: Wednesday\n|-resisted|p1a: Wednesday\n|-damage|p1a: Wednesday|65\/100\n|-unboost|p2a: Armarouge|def|1\n|-unboost|p2a: Armarouge|spd|1\n|-damage|p2a: Armarouge|4\/100|[from] item: Life Orb\n|move|p1a: Wednesday|Heal Pulse|p1b: Mein Kampf\n|-heal|p1b: Mein Kampf|100\/100\n|\n|-damage|p2a: Armarouge|0 fnt|[from] Salt Cure\n|faint|p2a: Armarouge\n|\n|win|GB Seraphix\n|upkeep\n|raw|GB Seraphix's rating: 1112 → 1129<\/strong> (+17 for winning)\n|raw|akainu21's rating: 1000 → 1000<\/strong> (+0 for losing)\n|l|\u2606akainu21\n|l|\u2606GB Seraphix\n|j|\u2606GB Seraphix\n|player|p1|GB Seraphix|102\n","uploadtime":1683846592,"views":11,"p1id":"gbseraphix","p2id":"akainu21","formatid":"gen9vgc2023regulationc","rating":1000,"private":0,"password":""}