{"id":"gen9vgc2023regulationc-1858490510","p1":"KramerVGC","p2":"Anoxeric","format":"[Gen 9] VGC 2023 Regulation C","log":"|j|\u2606KramerVGC\n|j|\u2606Anoxeric\n|t:|1683317528\n|gametype|doubles\n|player|p1|KramerVGC|169|1564\n|player|p2|Anoxeric|skier|1626\n|teamsize|p1|6\n|teamsize|p2|6\n|gen|9\n|tier|[Gen 9] VGC 2023 Regulation C\n|rated|\n|rule|Species Clause: Limit one of each Pok\u00e9mon\n|rule|Item Clause: Limit one of each item\n|clearpoke\n|poke|p1|Pelipper, L50, F|\n|poke|p1|Palafin, L50, F|\n|poke|p1|Goodra, L50, F|\n|poke|p1|Kingambit, L50, F|\n|poke|p1|Flutter Mane, L50|\n|poke|p1|Chien-Pao, L50|\n|poke|p2|Chien-Pao, L50|\n|poke|p2|Maushold-Four, L50|\n|poke|p2|Flutter Mane, L50|\n|poke|p2|Talonflame, L50, F|\n|poke|p2|Meowscarada, L50, F|\n|poke|p2|Azumarill, L50, F|\n|teampreview|4\nAnoxeric has agreed to open team sheets.\nKramerVGC has agreed to open team sheets.\n|inactive|Battle timer is ON: inactive players will automatically lose when time's up. (requested by Anoxeric)\n|inactive|KramerVGC has 60 seconds left.\n|\n|t:|1683317586\n|start\n|switch|p1a: Goodra|Goodra, L50, F|100\/100\n|switch|p1b: Palafin|Palafin, L50, F|100\/100\n|switch|p2a: Talonflame|Talonflame, L50, F|100\/100\n|switch|p2b: Flutter Mane|Flutter Mane, L50|100\/100\n|turn|1\n|\n|t:|1683317598\n|detailschange|p1b: Palafin|Palafin-Hero, L50, F\n|switch|p1b: Pelipper|Pelipper, L50, F|100\/100\n|-weather|RainDance|[from] ability: Drizzle|[of] p1b: Pelipper\n|-terastallize|p2a: Talonflame|Grass\n|-terastallize|p1a: Goodra|Water\n|move|p2a: Talonflame|Tailwind|p2a: Talonflame\n|-sidestart|p2: Anoxeric|move: Tailwind\n|move|p2b: Flutter Mane|Dazzling Gleam|p1b: Pelipper|[spread] p1a,p1b\n|-damage|p1a: Goodra|80\/100\n|-damage|p1b: Pelipper|41\/100\n|move|p1a: Goodra|Muddy Water|p2b: Flutter Mane|[spread] p2a,p2b\n|-resisted|p2a: Talonflame\n|-damage|p2a: Talonflame|57\/100\n|-damage|p2b: Flutter Mane|55\/100\n|\n|-weather|RainDance|[upkeep]\n|upkeep\n|turn|2\n|\n|t:|1683317615\n|move|p1b: Pelipper|Wide Guard|p1b: Pelipper\n|-singleturn|p1b: Pelipper|Wide Guard\n|move|p2a: Talonflame|Brave Bird|p1a: Goodra\n|-damage|p1a: Goodra|29\/100\n|-damage|p2a: Talonflame|36\/100|[from] Recoil\n|move|p2b: Flutter Mane|Dazzling Gleam|p1a: Goodra|[spread] \n|-activate|p1a: Goodra|move: Wide Guard\n|-activate|p1b: Pelipper|move: Wide Guard\n|move|p1a: Goodra|Ice Beam|p2a: Talonflame\n|-supereffective|p2a: Talonflame\n|-damage|p2a: Talonflame|0 fnt\n|faint|p2a: Talonflame\n|\n|-weather|RainDance|[upkeep]\n|upkeep\n|\n|t:|1683317620\n|switch|p2a: Chien-Pao|Chien-Pao, L50|100\/100\n|-ability|p2a: Chien-Pao|Sword of Ruin\n|turn|3\n|\n|t:|1683317635\n|move|p2b: Flutter Mane|Dazzling Gleam|p1b: Pelipper|[spread] p1a,p1b\n|-damage|p1a: Goodra|7\/100\n|-damage|p1b: Pelipper|0 fnt\n|faint|p1b: Pelipper\n|move|p2a: Chien-Pao|Throat Chop|p1a: Goodra\n|-damage|p1a: Goodra|0 fnt\n|faint|p1a: Goodra\n|\n|-weather|RainDance|[upkeep]\n|upkeep\n|\n|t:|1683317643\n|switch|p1a: Palafin|Palafin-Hero, L50, F|100\/100\n|switch|p1b: Kingambit|Kingambit, L50, F|100\/100\n|-activate|p1a: Palafin|ability: Zero to Hero\n|turn|4\n|\n|t:|1683317664\n|move|p1a: Palafin|Jet Punch|p2a: Chien-Pao\n|-damage|p2a: Chien-Pao|12\/100\n|move|p2b: Flutter Mane|Dazzling Gleam|p1a: Palafin|[spread] p1a,p1b\n|-damage|p1a: Palafin|56\/100\n|-damage|p1b: Kingambit|52\/100\n|move|p2a: Chien-Pao|Sacred Sword|p1b: Kingambit\n|-supereffective|p1b: Kingambit\n|-damage|p1b: Kingambit|0 fnt\n|faint|p1b: Kingambit\n|\n|-weather|RainDance|[upkeep]\n|-sideend|p2: Anoxeric|move: Tailwind\n|upkeep\n|turn|5\n|\n|t:|1683317686\n|move|p2a: Chien-Pao|Sucker Punch|p1a: Palafin\n|-damage|p1a: Palafin|11\/100\n|move|p1a: Palafin|Jet Punch|p2b: Flutter Mane\n|-damage|p2b: Flutter Mane|0 fnt\n|faint|p2b: Flutter Mane\n|-end|p2b: Flutter Mane|Protosynthesis|[silent]\n|\n|-weather|RainDance|[upkeep]\n|upkeep\n|\n|t:|1683317690\n|switch|p2b: Azumarill|Azumarill, L50, F|100\/100\n|turn|6\n|\n|t:|1683317696\n|move|p2a: Chien-Pao|Sucker Punch|p1a: Palafin\n|-damage|p1a: Palafin|0 fnt\n|faint|p1a: Palafin\n|\n|win|Anoxeric\n|raw|KramerVGC's rating: 1564 → 1548<\/strong> (-16 for losing)\n|raw|Anoxeric's rating: 1626 → 1642<\/strong> (+16 for winning)\n|l|\u2606KramerVGC\n","uploadtime":1683317702,"views":5,"p1id":"kramervgc","p2id":"anoxeric","formatid":"gen9vgc2023regulationc","rating":1548,"private":0,"password":""}