{"id":"gen9vgc2023regulationc-1851694448","p1":"MLGmushroom","p2":"Hi donut","format":"[Gen 9] VGC 2023 Regulation C","log":"|j|\u2606MLGmushroom\n|j|\u2606Hi donut\n|t:|1682470877\n|gametype|doubles\n|player|p1|MLGmushroom|blue|1262\n|player|p2|Hi donut|cyclist|1372\n|teamsize|p1|6\n|teamsize|p2|6\n|gen|9\n|tier|[Gen 9] VGC 2023 Regulation C\n|rated|\n|rule|Species Clause: Limit one of each Pok\u00e9mon\n|rule|Item Clause: Limit one of each item\n|clearpoke\n|poke|p1|Chien-Pao, L50|\n|poke|p1|Roaring Moon, L50|\n|poke|p1|Flutter Mane, L50|\n|poke|p1|Amoonguss, L50, F|\n|poke|p1|Gyarados, L50, M|\n|poke|p1|Scizor, L50, M|\n|poke|p2|Chien-Pao, L50|\n|poke|p2|Grimmsnarl, L50, M|\n|poke|p2|Ting-Lu, L50|\n|poke|p2|Bellibolt, L50, M|\n|poke|p2|Great Tusk, L50|\n|poke|p2|Scizor, L50, M|\n|teampreview|4\n|\n|t:|1682470930\n|start\n|switch|p1a: Scizor|Scizor, L50, M|100\/100\n|switch|p1b: Gyarados|Gyarados, L50, M|100\/100\n|switch|p2a: Grimmsnarl|Grimmsnarl, L50, M|100\/100\n|switch|p2b: Scizor|Scizor, L50, M|100\/100\n|-ability|p1b: Gyarados|Intimidate|boost\n|-unboost|p2a: Grimmsnarl|atk|1\n|-unboost|p2b: Scizor|atk|1\n|turn|1\n|\n|t:|1682470948\n|switch|p2b: Bellibolt|Bellibolt, L50, M|100\/100\n|move|p2a: Grimmsnarl|Fake Out|p1a: Scizor\n|-resisted|p1a: Scizor\n|-damage|p1a: Scizor|95\/100\n|cant|p1a: Scizor|flinch\n|move|p1b: Gyarados|Thunder Wave|p2b: Bellibolt\n|-immune|p2b: Bellibolt\n|\n|upkeep\n|turn|2\n|\n|t:|1682470991\n|-terastallize|p1b: Gyarados|Ground\n|move|p1a: Scizor|Bullet Punch|p2a: Grimmsnarl\n|-supereffective|p2a: Grimmsnarl\n|-damage|p2a: Grimmsnarl|38\/100\n|move|p2a: Grimmsnarl|Parting Shot|p1a: Scizor\n|-fail|p1a: Scizor|unboost|[from] item: Clear Amulet|[of] p1a: Scizor\n|move|p1b: Gyarados|Iron Head|p2a: Grimmsnarl\n|-supereffective|p2a: Grimmsnarl\n|-damage|p2a: Grimmsnarl|0 fnt\n|faint|p2a: Grimmsnarl\n|move|p2b: Bellibolt|Discharge|p1b: Gyarados|[spread] p1a\n|-immune|p1b: Gyarados\n|-damage|p1a: Scizor|59\/100\n|-status|p1a: Scizor|par\n|\n|upkeep\n|\n|t:|1682471014\n|switch|p2a: Scizor|Scizor, L50, M|100\/100\n|turn|3\n|\n|t:|1682471025\n|move|p2a: Scizor|Protect|p2a: Scizor\n|-singleturn|p2a: Scizor|Protect\n|move|p1b: Gyarados|Thunder Wave|p2a: Scizor\n|-activate|p2a: Scizor|move: Protect\n|move|p2b: Bellibolt|Discharge|p1a: Scizor|[spread] p1a\n|-activate|p2a: Scizor|move: Protect\n|-immune|p1b: Gyarados\n|-damage|p1a: Scizor|25\/100 par\n|move|p1a: Scizor|U-turn|p2b: Bellibolt\n|-crit|p2b: Bellibolt\n|-damage|p2b: Bellibolt|18\/100\n|-start|p2b: Bellibolt|Charge|U-turn|[from] ability: Electromorphosis\n|\n|t:|1682471031\n|switch|p1a: Chien-Pao|Chien-Pao, L50|100\/100|[from] U-turn\n|-ability|p1a: Chien-Pao|Sword of Ruin\n|\n|upkeep\n|turn|4\n|\n|t:|1682471054\n|switch|p2a: Ting-Lu|Ting-Lu, L50|100\/100\n|-ability|p2a: Ting-Lu|Vessel of Ruin\n|move|p1a: Chien-Pao|Sucker Punch|p2b: Bellibolt\n|-damage|p2b: Bellibolt|0 fnt\n|faint|p2b: Bellibolt\n|move|p1b: Gyarados|Thunder Wave|p2a: Ting-Lu\n|-immune|p2a: Ting-Lu\n|\n|upkeep\n|\n|t:|1682471063\n|switch|p2b: Scizor|Scizor, L50, M|100\/100\n|turn|5\n|\n|t:|1682471069\n|move|p2b: Scizor|Protect|p2b: Scizor\n|-singleturn|p2b: Scizor|Protect\n|move|p1a: Chien-Pao|Ice Spinner|p2a: Ting-Lu\n|-supereffective|p2a: Ting-Lu\n|-damage|p2a: Ting-Lu|38\/100\n|-enditem|p2a: Ting-Lu|Weakness Policy\n|-boost|p2a: Ting-Lu|atk|2|[from] item: Weakness Policy\n|-boost|p2a: Ting-Lu|spa|2|[from] item: Weakness Policy\n|move|p1b: Gyarados|Waterfall|p2a: Ting-Lu\n|-supereffective|p2a: Ting-Lu\n|-damage|p2a: Ting-Lu|0 fnt\n|faint|p2a: Ting-Lu\n|\n|upkeep\n|turn|6\n|-message|Hi donut forfeited.\n|\n|win|MLGmushroom\n|raw|MLGmushroom's rating: 1262 → 1295<\/strong> (+33 for winning)\n|raw|Hi donut's rating: 1372 → 1346<\/strong> (-26 for losing)\n|l|\u2606Hi donut\n","uploadtime":1682471086,"views":11,"p1id":"mlgmushroom","p2id":"hidonut","formatid":"gen9vgc2023regulationc","rating":1295,"private":0,"password":""}