{"id":"gen9vgc2023regulationc-1849104946","p1":"SoapierMage5794","p2":"dadarvin","format":"[Gen 9] VGC 2023 Regulation C","log":"|j|\u2606SoapierMage5794\n|j|\u2606dadarvin\n|t:|1682156248\n|gametype|doubles\n|player|p1|SoapierMage5794|waitress-gen4|1022\n|player|p2|dadarvin|265|1108\n|teamsize|p1|6\n|teamsize|p2|6\n|gen|9\n|tier|[Gen 9] VGC 2023 Regulation C\n|rated|\n|rule|Species Clause: Limit one of each Pok\u00e9mon\n|rule|Item Clause: Limit one of each item\n|clearpoke\n|poke|p1|Heracross, L50, M|\n|poke|p1|Corviknight, L50, M|\n|poke|p1|Chien-Pao, L50|\n|poke|p1|Maushold-Four, L50|\n|poke|p1|Palafin, L50, F|\n|poke|p1|Tyranitar, L50, F|\n|poke|p2|Torkoal, L50, M|\n|poke|p2|Armarouge, L50, M|\n|poke|p2|Gothitelle, L50, F|\n|poke|p2|Indeedee, L50, M|\n|poke|p2|Gallade, L50, M|\n|poke|p2|Flutter Mane, L50|\n|teampreview|4\n|inactive|Battle timer is ON: inactive players will automatically lose when time's up. (requested by SoapierMage5794)\n|\n|t:|1682156274\n|start\n|switch|p1a: Tyranitar|Tyranitar, L50, F|100\/100\n|switch|p1b: My boi|Heracross, L50, M, shiny|100\/100\n|switch|p2a: Torkoal|Torkoal, L50, M|100\/100\n|switch|p2b: Flutter Mane|Flutter Mane, L50|100\/100\n|-weather|Sandstorm|[from] ability: Sand Stream|[of] p1a: Tyranitar\n|-weather|SunnyDay|[from] ability: Drought|[of] p2a: Torkoal\n|-activate|p2b: Flutter Mane|ability: Protosynthesis\n|-start|p2b: Flutter Mane|protosynthesisspe\n|turn|1\n|inactive|dadarvin has 30 seconds left.\n|\n|t:|1682156304\n|-terastallize|p2b: Flutter Mane|Fairy\n|-terastallize|p1a: Tyranitar|Fire\n|move|p1b: My boi|Protect|p1b: My boi\n|-singleturn|p1b: My boi|Protect\n|move|p2b: Flutter Mane|Dazzling Gleam|p1b: My boi|[spread] p1a\n|-activate|p1b: My boi|move: Protect\n|-resisted|p1a: Tyranitar\n|-damage|p1a: Tyranitar|79\/100\n|move|p1a: Tyranitar|Crunch|p2b: Flutter Mane\n|-resisted|p2b: Flutter Mane\n|-damage|p2b: Flutter Mane|55\/100\n|move|p2a: Torkoal|Eruption|p1a: Tyranitar|[spread] p1a\n|-activate|p1b: My boi|move: Protect\n|-resisted|p1a: Tyranitar\n|-damage|p1a: Tyranitar|51\/100\n|\n|-weather|SunnyDay|[upkeep]\n|upkeep\n|turn|2\n|\n|t:|1682156322\n|move|p2b: Flutter Mane|Dazzling Gleam|p1b: My boi|[spread] p1a,p1b\n|-resisted|p1a: Tyranitar\n|-supereffective|p1b: My boi\n|-damage|p1a: Tyranitar|31\/100\n|-damage|p1b: My boi|0 fnt\n|faint|p1b: My boi\n|move|p1a: Tyranitar|Rock Slide|p2b: Flutter Mane|[spread] p2a,p2b\n|-supereffective|p2a: Torkoal\n|-damage|p2a: Torkoal|53\/100\n|-damage|p2b: Flutter Mane|0 fnt\n|faint|p2b: Flutter Mane\n|-end|p2b: Flutter Mane|Protosynthesis|[silent]\n|cant|p2a: Torkoal|flinch\n|\n|-weather|SunnyDay|[upkeep]\n|upkeep\n|\n|t:|1682156331\n|switch|p2b: Indeedee|Indeedee, L50, M|100\/100\n|switch|p1b: Metal birb|Corviknight, L50, M|100\/100\n|-fieldstart|move: Psychic Terrain|[from] ability: Psychic Surge|[of] p2b: Indeedee\n|turn|3\n|\n|t:|1682156343\n|move|p2b: Indeedee|Psychic|p1a: Tyranitar\n|-damage|p1a: Tyranitar|0 fnt\n|faint|p1a: Tyranitar\n|move|p1b: Metal birb|Tailwind|p1b: Metal birb\n|-sidestart|p1: SoapierMage5794|move: Tailwind\n|move|p2a: Torkoal|Eruption|p1b: Metal birb\n|-supereffective|p1b: Metal birb\n|-damage|p1b: Metal birb|0 fnt\n|faint|p1b: Metal birb\n|\n|-weather|SunnyDay|[upkeep]\n|upkeep\n|\n|t:|1682156349\n|switch|p1a: Long cat|Chien-Pao, L50|100\/100\n|-ability|p1a: Long cat|Sword of Ruin\n|turn|4\n|\n|t:|1682156360\n|switch|p2b: Gallade|Gallade, L50, M|100\/100\n|move|p2a: Torkoal|Protect|p2a: Torkoal\n|-singleturn|p2a: Torkoal|Protect\n|move|p1a: Long cat|Sacred Sword|p2a: Torkoal\n|-activate|p2a: Torkoal|move: Protect\n|\n|-weather|SunnyDay|[upkeep]\n|upkeep\n|turn|5\n|\n|t:|1682156370\n|move|p1a: Long cat|Sucker Punch|p2b: Gallade\n|-activate|p2b: Gallade|move: Psychic Terrain\n|move|p2b: Gallade|Sacred Sword|p1a: Long cat\n|-supereffective|p1a: Long cat\n|-enditem|p1a: Long cat|Focus Sash\n|-damage|p1a: Long cat|1\/100\n|move|p2a: Torkoal|Eruption|p1a: Long cat\n|-supereffective|p1a: Long cat\n|-crit|p1a: Long cat\n|-damage|p1a: Long cat|0 fnt\n|faint|p1a: Long cat\n|\n|win|dadarvin\n|raw|SoapierMage5794's rating: 1022 → 1012<\/strong> (-10 for losing)\n|raw|dadarvin's rating: 1108 → 1127<\/strong> (+19 for winning)\n|l|\u2606dadarvin\n|j|\u2606dadarvin\n|player|p2|dadarvin|265\n","uploadtime":1682156375,"views":6,"p1id":"soapiermage5794","p2id":"dadarvin","formatid":"gen9vgc2023regulationc","rating":1012,"private":0,"password":""}