{"id":"gen9vgc2023regulationc-1856051575","p1":"lgzumsar","p2":"haha you rage quit","format":"[Gen 9] VGC 2023 Regulation C","log":"|j|\u2606lgzumsar\n|j|\u2606haha you rage quit\n|t:|1683023457\n|gametype|doubles\n|player|p1|lgzumsar|1|1083\n|player|p2|haha you rage quit|pokemaniac|1021\n|teamsize|p1|6\n|teamsize|p2|6\n|gen|9\n|tier|[Gen 9] VGC 2023 Regulation C\n|rated|\n|rule|Species Clause: Limit one of each Pok\u00e9mon\n|rule|Item Clause: Limit one of each item\n|clearpoke\n|poke|p1|Glimmora, L50, M|\n|poke|p1|Wo-Chien, L50|\n|poke|p1|Garganacl, L50, M|\n|poke|p1|Scream Tail, L50|\n|poke|p1|Iron Hands, L50|\n|poke|p1|Ceruledge, L50, M|\n|poke|p2|Arcanine, L50, M|\n|poke|p2|Chi-Yu, L50|\n|poke|p2|Dragonite, L50, M|\n|poke|p2|Gyarados, L50, M|\n|poke|p2|Grimmsnarl, L50, M|\n|poke|p2|Flutter Mane, L50|\n|teampreview|4\n|inactive|Battle timer is ON: inactive players will automatically lose when time's up. (requested by lgzumsar)\n|inactive|haha you rage quit has 60 seconds left.\n|\n|t:|1683023514\n|start\n|switch|p1a: Scream Tail|Scream Tail, L50|100\/100\n|switch|p1b: Glimmora|Glimmora, L50, M|100\/100\n|switch|p2a: Dragonite|Dragonite, L50, M|100\/100\n|switch|p2b: Grimmsnarl|Grimmsnarl, L50, M, shiny|100\/100\n|-enditem|p1a: Scream Tail|Booster Energy\n|-activate|p1a: Scream Tail|ability: Protosynthesis|[fromitem]\n|-start|p1a: Scream Tail|protosynthesisspe\n|turn|1\n|\n|t:|1683023532\n|move|p2b: Grimmsnarl|Fake Out|p1b: Glimmora\n|-resisted|p1b: Glimmora\n|-damage|p1b: Glimmora|94\/100\n|-activate|p1b: Glimmora|ability: Toxic Debris\n|-sidestart|p2: haha you rage quit|move: Toxic Spikes\n|move|p1a: Scream Tail|Stealth Rock|p2b: Grimmsnarl\n|-sidestart|p2: haha you rage quit|move: Stealth Rock\n|cant|p1b: Glimmora|flinch\n|move|p2a: Dragonite|Tailwind|p2a: Dragonite\n|-sidestart|p2: haha you rage quit|move: Tailwind\n|\n|upkeep\n|turn|2\n|inactive|haha you rage quit has 30 seconds left.\n|\n|t:|1683023563\n|move|p2b: Grimmsnarl|Misty Terrain|p2b: Grimmsnarl\n|-fieldstart|move: Misty Terrain\n|move|p1a: Scream Tail|Bulk Up|p1a: Scream Tail\n|-boost|p1a: Scream Tail|atk|1\n|-boost|p1a: Scream Tail|def|1\n|move|p2a: Dragonite|Stomping Tantrum|p1b: Glimmora\n|-supereffective|p1b: Glimmora\n|-damage|p1b: Glimmora|0 fnt\n|-activate|p1b: Glimmora|ability: Toxic Debris\n|-sidestart|p2: haha you rage quit|move: Toxic Spikes\n|faint|p1b: Glimmora\n|\n|upkeep\n|\n|t:|1683023576\n|switch|p1b: Garganacl|Garganacl, L50, M|100\/100\n|turn|3\n|inactive|lgzumsar has 30 seconds left.\n|\n|t:|1683023605\n|move|p2b: Grimmsnarl|Parting Shot|p1a: Scream Tail\n|-unboost|p1a: Scream Tail|atk|1\n|-unboost|p1a: Scream Tail|spa|1\n|\n|t:|1683023619\n|switch|p2b: Flutter Mane|Flutter Mane, L50|100\/100|[from] Parting Shot\n|-enditem|p2b: Flutter Mane|Booster Energy\n|-activate|p2b: Flutter Mane|ability: Protosynthesis|[fromitem]\n|-start|p2b: Flutter Mane|protosynthesisspe\n|-damage|p2b: Flutter Mane|88\/100|[from] Stealth Rock\n|move|p1a: Scream Tail|Bulk Up|p1a: Scream Tail\n|-boost|p1a: Scream Tail|atk|1\n|-boost|p1a: Scream Tail|def|1\n|move|p2a: Dragonite|Iron Head|p1a: Scream Tail\n|-supereffective|p1a: Scream Tail\n|-damage|p1a: Scream Tail|75\/100\n|move|p1b: Garganacl|Salt Cure|p2a: Dragonite\n|-supereffective|p2a: Dragonite\n|-damage|p2a: Dragonite|87\/100\n|-start|p2a: Dragonite|Salt Cure\n|\n|-heal|p2a: Dragonite|93\/100|[from] item: Leftovers\n|-damage|p2a: Dragonite|80\/100|[from] Salt Cure\n|upkeep\n|turn|4\n|inactive|lgzumsar has 30 seconds left.\n|inactive|haha you rage quit has 30 seconds left.\n|\n|t:|1683023646\n|-terastallize|p1b: Garganacl|Poison\n|move|p2b: Flutter Mane|Shadow Ball|p1a: Scream Tail\n|-supereffective|p1a: Scream Tail\n|-damage|p1a: Scream Tail|20\/100\n|move|p1a: Scream Tail|Baton Pass|p1a: Scream Tail\n|\n|t:|1683023652\n|-end|p1a: Scream Tail|Protosynthesis|[silent]\n|switch|p1a: Ceruledge|Ceruledge, L50, M|100\/100|[from] Baton Pass\n|move|p2a: Dragonite|Iron Head|p1a: Ceruledge\n|-resisted|p1a: Ceruledge\n|-damage|p1a: Ceruledge|90\/100\n|move|p1b: Garganacl|Salt Cure|p2b: Flutter Mane\n|-damage|p2b: Flutter Mane|57\/100\n|-start|p2b: Flutter Mane|Salt Cure\n|\n|-heal|p2a: Dragonite|87\/100|[from] item: Leftovers\n|-damage|p2b: Flutter Mane|45\/100|[from] Salt Cure\n|-damage|p2a: Dragonite|74\/100|[from] Salt Cure\n|-sideend|p2: haha you rage quit|move: Tailwind\n|upkeep\n|turn|5\n|inactive|haha you rage quit has 30 seconds left.\n|\n|t:|1683023678\n|move|p1a: Ceruledge|Shadow Sneak|p2b: Flutter Mane\n|-supereffective|p2b: Flutter Mane\n|-damage|p2b: Flutter Mane|0 fnt\n|faint|p2b: Flutter Mane\n|-end|p2b: Flutter Mane|Protosynthesis|[silent]\n|-damage|p1a: Ceruledge|80\/100|[from] item: Life Orb\n|move|p2a: Dragonite|Stomping Tantrum|p1a: Ceruledge\n|-supereffective|p1a: Ceruledge\n|-crit|p1a: Ceruledge\n|-damage|p1a: Ceruledge|0 fnt\n|faint|p1a: Ceruledge\n|move|p1b: Garganacl|Iron Defense|p1b: Garganacl\n|-boost|p1b: Garganacl|def|2\n|\n|-heal|p2a: Dragonite|80\/100|[from] item: Leftovers\n|-damage|p2a: Dragonite|68\/100|[from] Salt Cure\n|upkeep\n|\n|t:|1683023694\n|switch|p2b: Grimmsnarl|Grimmsnarl, L50, M, shiny|100\/100\n|switch|p1a: Scream Tail|Scream Tail, L50|20\/100\n|-damage|p2b: Grimmsnarl|88\/100|[from] Stealth Rock\n|turn|6\n|\n|t:|1683023707\n|move|p2b: Grimmsnarl|Fake Out|p1a: Scream Tail\n|-damage|p1a: Scream Tail|12\/100\n|cant|p1a: Scream Tail|flinch\n|move|p2a: Dragonite|Iron Head|p1a: Scream Tail\n|-supereffective|p1a: Scream Tail\n|-damage|p1a: Scream Tail|0 fnt\n|faint|p1a: Scream Tail\n|-end|p1a: Scream Tail|Protosynthesis|[silent]\n|move|p1b: Garganacl|Salt Cure|p2b: Grimmsnarl\n|-damage|p2b: Grimmsnarl|72\/100\n|-start|p2b: Grimmsnarl|Salt Cure\n|\n|-heal|p2a: Dragonite|74\/100|[from] item: Leftovers\n|-damage|p2a: Dragonite|62\/100|[from] Salt Cure\n|-damage|p2b: Grimmsnarl|59\/100|[from] Salt Cure\n|-fieldend|Misty Terrain\n|upkeep\n|turn|7\n|inactive|haha you rage quit has 30 seconds left.\n|\n|t:|1683023740\n|switch|p2a: Chi-Yu|Chi-Yu, L50|100\/100\n|-status|p2a: Chi-Yu|tox\n|-damage|p2a: Chi-Yu|76\/100 tox|[from] Stealth Rock\n|-ability|p2a: Chi-Yu|Beads of Ruin\n|move|p1b: Garganacl|Protect|p1b: Garganacl\n|-singleturn|p1b: Garganacl|Protect\n|move|p2b: Grimmsnarl|Parting Shot|p1b: Garganacl\n|-activate|p1b: Garganacl|move: Protect\n|\n|-damage|p2a: Chi-Yu|70\/100 tox|[from] psn\n|-damage|p2b: Grimmsnarl|47\/100|[from] Salt Cure\n|upkeep\n|turn|8\n|inactive|lgzumsar has 30 seconds left.\n|inactive|haha you rage quit has 30 seconds left.\n|\n|t:|1683023768\n|switch|p2b: Dragonite|Dragonite, L50, M|62\/100\n|-damage|p2b: Dragonite|37\/100|[from] Stealth Rock\n|move|p2a: Chi-Yu|Protect|p2a: Chi-Yu\n|-singleturn|p2a: Chi-Yu|Protect\n|move|p1b: Garganacl|Salt Cure|p2a: Chi-Yu\n|-activate|p2a: Chi-Yu|move: Protect\n|\n|-heal|p2b: Dragonite|43\/100|[from] item: Leftovers\n|-damage|p2a: Chi-Yu|57\/100 tox|[from] psn\n|upkeep\n|turn|9\n|\n|t:|1683023782\n|-terastallize|p2a: Chi-Yu|Dark\n|move|p1b: Garganacl|Protect|p1b: Garganacl\n|-singleturn|p1b: Garganacl|Protect\n|move|p2a: Chi-Yu|Nasty Plot|p2a: Chi-Yu\n|-boost|p2a: Chi-Yu|spa|2\n|move|p2b: Dragonite|Stomping Tantrum|p1b: Garganacl\n|-activate|p1b: Garganacl|move: Protect\n|\n|-heal|p2b: Dragonite|49\/100|[from] item: Leftovers\n|-damage|p2a: Chi-Yu|39\/100 tox|[from] psn\n|upkeep\n|-enditem|p2a: Chi-Yu|Sitrus Berry|[eat]\n|-heal|p2a: Chi-Yu|63\/100 tox|[from] item: Sitrus Berry\n|turn|10\n|inactive|haha you rage quit has 30 seconds left.\n|\n|t:|1683023813\n|switch|p2b: Grimmsnarl|Grimmsnarl, L50, M, shiny|47\/100\n|-status|p2b: Grimmsnarl|tox\n|-damage|p2b: Grimmsnarl|35\/100 tox|[from] Stealth Rock\n|move|p2a: Chi-Yu|Protect|p2a: Chi-Yu\n|-singleturn|p2a: Chi-Yu|Protect\n|move|p1b: Garganacl|Salt Cure|p2a: Chi-Yu\n|-activate|p2a: Chi-Yu|move: Protect\n|\n|-damage|p2a: Chi-Yu|39\/100 tox|[from] psn\n|-damage|p2b: Grimmsnarl|29\/100 tox|[from] psn\n|upkeep\n|turn|11\n|\n|t:|1683023824\n|move|p1b: Garganacl|Protect|p1b: Garganacl\n|-singleturn|p1b: Garganacl|Protect\n|move|p2b: Grimmsnarl|Fake Out|p1b: Garganacl\n|-activate|p1b: Garganacl|move: Protect\n|move|p2a: Chi-Yu|Nasty Plot|p2a: Chi-Yu\n|-boost|p2a: Chi-Yu|spa|2\n|\n|-damage|p2a: Chi-Yu|8\/100 tox|[from] psn\n|-damage|p2b: Grimmsnarl|17\/100 tox|[from] psn\n|upkeep\n|turn|12\n|\n|t:|1683023834\n|switch|p2b: Dragonite|Dragonite, L50, M|49\/100\n|-damage|p2b: Dragonite|24\/100|[from] Stealth Rock\n|move|p1b: Garganacl|Protect||[still]\n|-fail|p1b: Garganacl\n|move|p2a: Chi-Yu|Dark Pulse|p1b: Garganacl\n|-damage|p1b: Garganacl|0 fnt\n|faint|p1b: Garganacl\n|\n|win|haha you rage quit\n|raw|lgzumsar's rating: 1083 → 1057<\/strong> (-26 for losing)\n|raw|haha you rage quit's rating: 1021 → 1064<\/strong> (+43 for winning)\n|l|\u2606lgzumsar\n","uploadtime":1683023863,"views":6,"p1id":"lgzumsar","p2id":"hahayouragequit","formatid":"gen9vgc2023regulationc","rating":1057,"private":0,"password":""}