{"id":"gen9vgc2023regulationc-1855612392","p1":"esotilin123456","p2":"chipp zanuff 7","format":"[Gen 9] VGC 2023 Regulation C","log":"|j|\u2606esotilin123456\n|j|\u2606chipp zanuff 7\n|t:|1682966475\n|gametype|doubles\n|player|p1|esotilin123456|hilbert-wonderlauncher|\n|player|p2|chipp zanuff 7|266|\n|teamsize|p1|6\n|teamsize|p2|6\n|gen|9\n|tier|[Gen 9] VGC 2023 Regulation C\n|rated|Tournament battle\n|rule|Species Clause: Limit one of each Pok\u00e9mon\n|rule|Item Clause: Limit one of each item\n|clearpoke\n|poke|p1|Arcanine, L50, M|\n|poke|p1|Gastrodon, L50, F|\n|poke|p1|Rotom-Mow, L50|\n|poke|p1|Tyranitar, L50, M|\n|poke|p1|Corviknight, L50, F|\n|poke|p1|Salamence, L50, M|\n|poke|p2|Garganacl, L50, M|\n|poke|p2|Gyarados, L50, M|\n|poke|p2|Amoonguss, L50, M|\n|poke|p2|Ting-Lu, L50|\n|poke|p2|Flutter Mane, L50|\n|poke|p2|Tauros-Paldea-Blaze, L50, M|\n|teampreview|4\n|raw| Open Team Sheet for esotilin123456<\/summary>good boi (Arcanine) (M) @ Assault Vest Ability: Intimidate Level: 50 Tera Type: Grass - Flare Blitz - Extreme Speed - Snarl - Close Combat GROHAHSHSHSH (Gastrodon) (F) @ Leftovers Ability: Storm Drain Level: 50 Tera Type: Fire - Protect - Yawn - Ice Beam - Earth Power IRON MUGULIS (Rotom-Mow) @ Sitrus Berry Ability: Levitate Level: 50 Tera Type: Electric - Protect - Will-O-Wisp - Thunderbolt - Leaf Storm Great Tyrant (Tyranitar) (M) @ Chople Berry Ability: Sand Stream Level: 50 Shiny: Yes Tera Type: Rock - Protect - Rock Slide - Crunch - Ice Punch IRON BIRD (Corviknight) @ Aguav Berry Ability: Mirror Armor Level: 50 Tera Type: Fire - Protect - Bulk Up - Brave Bird - Roost RORAAAHOHHHH (Salamence) @ Life Orb Ability: Intimidate Level: 50 Tera Type: Fire - Protect - Tailwind - Draco Meteor - Flamethrower <\/details><\/div> Open Team Sheet for chipp zanuff 7<\/summary>Luck (Garganacl) @ Leftovers Ability: Purifying Salt Level: 50 Shiny: Yes Tera Type: Ghost - Salt Cure - Recover - Protect - Stealth Rock Magna (Gyarados) @ Safety Goggles Ability: Intimidate Level: 50 Shiny: Yes Tera Type: Steel - Waterfall - Protect - Taunt - Thunder Wave Finral (Amoonguss) (M) @ Aguav Berry Ability: Regenerator Level: 50 Tera Type: Water - Spore - Pollen Puff - Rage Powder - Protect Asta (Ting-Lu) @ Assault Vest Ability: Vessel of Ruin Level: 50 Tera Type: Poison - Stomping Tantrum - Ruination - Throat Chop - Fissure Vanessa (Flutter Mane) @ Booster Energy Ability: Protosynthesis Level: 50 Tera Type: Fairy - Dazzling Gleam - Protect - Substitute - Hex Tauros (Tauros-Paldea-Blaze) (M) @ Choice Scarf Ability: Intimidate Level: 50 Tera Type: Fighting - Close Combat - Raging Bull - Rock Slide - Wild Charge <\/details><\/div>\n|j| Adsheesh\n|j| PikaPikaBallz\n|j| Wyvern129\n|c|\u2606chipp zanuff 7|wtf no chines mons\n|c|\u2606chipp zanuff 7|is reg c bro\n|c| PikaPikaBallz|GL ALL\n|c|\u2606esotilin123456|glhf\n|inactive|Battle timer is ON: inactive players will automatically lose when time's up. (requested by chipp zanuff 7)\n|c| Adsheesh|umm\n|\n|t:|1682966518\n|start\n|switch|p1a: GROHAHSHSHSH|Gastrodon, L50, F|100\/100\n|switch|p1b: IRON BIRD|Corviknight, L50, F|100\/100\n|switch|p2a: Luck|Garganacl, L50, M, shiny|100\/100\n|switch|p2b: Magna|Gyarados, L50, M, shiny|100\/100\n|-ability|p2b: Magna|Intimidate|boost\n|-unboost|p1a: GROHAHSHSHSH|atk|1\n|-ability|p1b: IRON BIRD|Mirror Armor\n|-unboost|p2b: Magna|atk|1\n|turn|1\n|inactive|esotilin123456 has 30 seconds left.\n|\n|t:|1682966548\n|switch|p1b: IRON MUGULIS|Rotom-Mow, L50|100\/100\n|move|p2b: Magna|Thunder Wave|p1b: IRON MUGULIS\n|-immune|p1b: IRON MUGULIS\n|move|p1a: GROHAHSHSHSH|Earth Power|p2a: Luck\n|-supereffective|p2a: Luck\n|-damage|p2a: Luck|50\/100\n|move|p2a: Luck|Salt Cure|p1a: GROHAHSHSHSH\n|-resisted|p1a: GROHAHSHSHSH\n|-damage|p1a: GROHAHSHSHSH|93\/100\n|-start|p1a: GROHAHSHSHSH|Salt Cure\n|\n|-heal|p1a: GROHAHSHSHSH|99\/100|[from] item: Leftovers\n|-heal|p2a: Luck|56\/100|[from] item: Leftovers\n|-damage|p1a: GROHAHSHSHSH|74\/100|[from] Salt Cure\n|upkeep\n|turn|2\n|j| Charlisito\n|c| Adsheesh|what are these predictions?\n|c| PikaPikaBallz|BROS GETTING PLAYED HARD\n|inactive|esotilin123456 has 30 seconds left.\n|\n|t:|1682966576\n|-terastallize|p1b: IRON MUGULIS|Electric\n|move|p2b: Magna|Protect|p2b: Magna\n|-singleturn|p2b: Magna|Protect\n|move|p2a: Luck|Protect|p2a: Luck\n|-singleturn|p2a: Luck|Protect\n|move|p1b: IRON MUGULIS|Thunderbolt|p2b: Magna\n|-activate|p2b: Magna|move: Protect\n|move|p1a: GROHAHSHSHSH|Earth Power|p2a: Luck\n|-activate|p2a: Luck|move: Protect\n|\n|-heal|p1a: GROHAHSHSHSH|80\/100|[from] item: Leftovers\n|-heal|p2a: Luck|62\/100|[from] item: Leftovers\n|-damage|p1a: GROHAHSHSHSH|55\/100|[from] Salt Cure\n|upkeep\n|turn|3\n|c| Adsheesh|mirror armor into rotom mow\n|\n|t:|1682966595\n|switch|p2b: Finral|Amoonguss, L50, M|100\/100\n|switch|p1a: good boi|Arcanine, L50, M|100\/100\n|-ability|p1a: good boi|Intimidate|boost\n|-unboost|p2a: Luck|atk|1\n|-unboost|p2b: Finral|atk|1\n|-terastallize|p2a: Luck|Ghost\n|move|p1b: IRON MUGULIS|Leaf Storm|p2a: Luck\n|-damage|p2a: Luck|18\/100\n|-unboost|p1b: IRON MUGULIS|spa|2\n|move|p2a: Luck|Recover|p2a: Luck\n|-heal|p2a: Luck|68\/100\n|\n|-heal|p2a: Luck|74\/100|[from] item: Leftovers\n|upkeep\n|turn|4\n|j| LThecopetitive\n|inactive|chipp zanuff 7 has 30 seconds left.\n|\n|t:|1682966627\n|switch|p1b: GROHAHSHSHSH|Gastrodon, L50, F|55\/100\n|switch|p2b: Magna|Gyarados, L50, M, shiny|100\/100\n|-ability|p2b: Magna|Intimidate|boost\n|-unboost|p1a: good boi|atk|1\n|-unboost|p1b: GROHAHSHSHSH|atk|1\n|move|p1a: good boi|Flare Blitz|p2b: Magna\n|-resisted|p2b: Magna\n|-damage|p2b: Magna|84\/100\n|-damage|p1a: good boi|94\/100|[from] Recoil\n|move|p2a: Luck|Salt Cure|p1b: GROHAHSHSHSH\n|-resisted|p1b: GROHAHSHSHSH\n|-damage|p1b: GROHAHSHSHSH|50\/100\n|-start|p1b: GROHAHSHSHSH|Salt Cure\n|\n|-heal|p1b: GROHAHSHSHSH|56\/100|[from] item: Leftovers\n|-heal|p2a: Luck|80\/100|[from] item: Leftovers\n|-damage|p1b: GROHAHSHSHSH|31\/100|[from] Salt Cure\n|upkeep\n|turn|5\n|c|\u2606chipp zanuff 7|gg\n|\n|t:|1682966645\n|switch|p2b: Vanessa|Flutter Mane, L50|100\/100\n|-enditem|p2b: Vanessa|Booster Energy\n|-activate|p2b: Vanessa|ability: Protosynthesis|[fromitem]\n|-start|p2b: Vanessa|protosynthesisspa\n|switch|p1b: IRON MUGULIS|Rotom-Mow, L50, tera:Electric|100\/100\n|move|p1a: good boi|Flare Blitz|p2a: Luck\n|-damage|p2a: Luck|53\/100\n|-damage|p1a: good boi|84\/100|[from] Recoil\n|move|p2a: Luck|Salt Cure|p1a: good boi\n|-supereffective|p1a: good boi\n|-damage|p1a: good boi|61\/100\n|-start|p1a: good boi|Salt Cure\n|\n|-heal|p2a: Luck|59\/100|[from] item: Leftovers\n|-damage|p1a: good boi|48\/100|[from] Salt Cure\n|upkeep\n|turn|6\n|\n|t:|1682966675\n|switch|p2a: Finral|Amoonguss, L50, M|100\/100\n|move|p2b: Vanessa|Protect|p2b: Vanessa\n|-singleturn|p2b: Vanessa|Protect\n|move|p1a: good boi|Flare Blitz|p2a: Finral\n|-supereffective|p2a: Finral\n|-damage|p2a: Finral|30\/100\n|-damage|p1a: good boi|20\/100|[from] Recoil\n|move|p1b: IRON MUGULIS|Thunderbolt|p2a: Finral\n|-resisted|p2a: Finral\n|-damage|p2a: Finral|11\/100\n|-enditem|p2a: Finral|Aguav Berry|[eat]\n|-heal|p2a: Finral|44\/100|[from] item: Aguav Berry\n|\n|-damage|p1a: good boi|7\/100|[from] Salt Cure\n|upkeep\n|turn|7\n|\n|t:|1682966693\n|move|p2a: Finral|Rage Powder|p2a: Finral\n|-singleturn|p2a: Finral|move: Rage Powder\n|move|p2b: Vanessa|Dazzling Gleam|p1a: good boi|[spread] p1a,p1b\n|-resisted|p1a: good boi\n|-damage|p1a: good boi|0 fnt\n|-damage|p1b: IRON MUGULIS|57\/100\n|faint|p1a: good boi\n|move|p1b: IRON MUGULIS|Thunderbolt|p2a: Finral\n|-resisted|p2a: Finral\n|-damage|p2a: Finral|23\/100\n|\n|upkeep\n|\n|t:|1682966699\n|switch|p1a: IRON BIRD|Corviknight, L50, F|100\/100\n|turn|8\n|\n|t:|1682966724\n|move|p2b: Vanessa|Dazzling Gleam|p1b: IRON MUGULIS|[spread] p1a,p1b\n|-resisted|p1a: IRON BIRD\n|-damage|p1a: IRON BIRD|77\/100\n|-damage|p1b: IRON MUGULIS|13\/100\n|-enditem|p1b: IRON MUGULIS|Sitrus Berry|[eat]\n|-heal|p1b: IRON MUGULIS|37\/100|[from] item: Sitrus Berry\n|move|p1b: IRON MUGULIS|Thunderbolt|p2b: Vanessa\n|-damage|p2b: Vanessa|49\/100\n|move|p1a: IRON BIRD|Bulk Up|p1a: IRON BIRD\n|-boost|p1a: IRON BIRD|atk|1\n|-boost|p1a: IRON BIRD|def|1\n|move|p2a: Finral|Spore|p1b: IRON MUGULIS\n|-status|p1b: IRON MUGULIS|slp|[from] move: Spore\n|\n|upkeep\n|turn|9\n|\n|t:|1682966739\n|switch|p1b: GROHAHSHSHSH|Gastrodon, L50, F|31\/100\n|move|p2b: Vanessa|Dazzling Gleam|p1b: GROHAHSHSHSH|[spread] p1a,p1b\n|-resisted|p1a: IRON BIRD\n|-damage|p1a: IRON BIRD|55\/100\n|-damage|p1b: GROHAHSHSHSH|0 fnt\n|faint|p1b: GROHAHSHSHSH\n|move|p1a: IRON BIRD|Brave Bird|p2a: Finral\n|-supereffective|p2a: Finral\n|-damage|p2a: Finral|0 fnt\n|faint|p2a: Finral\n|-damage|p1a: IRON BIRD|47\/100|[from] Recoil\n|\n|upkeep\n|\n|t:|1682966764\n|switch|p1b: IRON MUGULIS|Rotom-Mow, L50, tera:Electric|37\/100 slp\n|switch|p2a: Magna|Gyarados, L50, M, shiny|84\/100\n|-ability|p2a: Magna|Intimidate|boost\n|-ability|p1a: IRON BIRD|Mirror Armor\n|-unboost|p2a: Magna|atk|1\n|-unboost|p1b: IRON MUGULIS|atk|1\n|turn|10\n|\n|t:|1682966773\n|move|p2b: Vanessa|Dazzling Gleam|p1a: IRON BIRD|[spread] p1a,p1b\n|-resisted|p1a: IRON BIRD\n|-damage|p1a: IRON BIRD|22\/100\n|-damage|p1b: IRON MUGULIS|0 fnt\n|-enditem|p1a: IRON BIRD|Aguav Berry|[eat]\n|-heal|p1a: IRON BIRD|56\/100|[from] item: Aguav Berry\n|faint|p1b: IRON MUGULIS\n|move|p2a: Magna|Thunder Wave|p1a: IRON BIRD\n|-status|p1a: IRON BIRD|par\n|move|p1a: IRON BIRD|Brave Bird|p2b: Vanessa\n|-damage|p2b: Vanessa|0 fnt\n|faint|p2b: Vanessa\n|-end|p2b: Vanessa|Protosynthesis|[silent]\n|-damage|p1a: IRON BIRD|44\/100 par|[from] Recoil\n|\n|upkeep\n|c|\u2606chipp zanuff 7|u never have any chance\n|\n|t:|1682966781\n|switch|p2b: Luck|Garganacl, L50, M, shiny, tera:Ghost|59\/100\n|turn|11\n|c| PikaPikaBallz|no shot\n|\n|t:|1682966786\n|move|p2a: Magna|Waterfall|p1a: IRON BIRD\n|-damage|p1a: IRON BIRD|33\/100 par\n|move|p2b: Luck|Salt Cure|p1a: IRON BIRD\n|-damage|p1a: IRON BIRD|25\/100 par\n|-start|p1a: IRON BIRD|Salt Cure\n|move|p1a: IRON BIRD|Roost|p1a: IRON BIRD\n|-heal|p1a: IRON BIRD|75\/100 par\n|-singleturn|p1a: IRON BIRD|move: Roost\n|\n|-heal|p2b: Luck|65\/100|[from] item: Leftovers\n|-damage|p1a: IRON BIRD|50\/100 par|[from] Salt Cure\n|upkeep\n|turn|12\n|j| RickKarsdrop\n|\n|t:|1682966798\n|move|p2a: Magna|Taunt|p1a: IRON BIRD\n|-start|p1a: IRON BIRD|move: Taunt\n|move|p2b: Luck|Recover|p2b: Luck\n|-heal|p2b: Luck|100\/100\n|cant|p1a: IRON BIRD|move: Taunt|Roost\n|\n|-damage|p1a: IRON BIRD|25\/100 par|[from] Salt Cure\n|upkeep\n|turn|13\n|c|\u2606chipp zanuff 7|nt\n|c| PikaPikaBallz|ggs\n|l| RickKarsdrop\n|c| Adsheesh|ggs\n|c|\u2606esotilin123456|ggs\n|\n|t:|1682966810\n|move|p2a: Magna|Waterfall|p1a: IRON BIRD\n|-damage|p1a: IRON BIRD|14\/100 par\n|move|p2b: Luck|Salt Cure|p1a: IRON BIRD\n|-damage|p1a: IRON BIRD|6\/100 par\n|cant|p1a: IRON BIRD|par\n|\n|-damage|p1a: IRON BIRD|0 fnt|[from] Salt Cure\n|faint|p1a: IRON BIRD\n|\n|win|chipp zanuff 7\n|upkeep\n|n|\u2606esotilin123456|esotilin123456\n|n|\u2606chipp zanuff 7|chippzanuff7\n|n| Adsheesh|adsheesh\n|n| PikaPikaBallz|pikapikaballz\n|n| Wyvern129|wyvern129\n|n| Charlisito|charlisito\n|n| LThecopetitive|lthecopetitive\n","uploadtime":1682966811,"views":17,"p1id":"esotilin123456","p2id":"chippzanuff7","formatid":"gen9vgc2023regulationc","rating":0,"private":0,"password":""}