{"id":"gen9vgc2023regulationc-1847670069","p1":"Morit0josclar0s","p2":"RezWest","format":"[Gen 9] VGC 2023 Regulation C","log":"|j|\u2606Morit0josclar0s\n|j|\u2606RezWest\n|t:|1681990365\n|gametype|doubles\n|player|p1|Morit0josclar0s|ash-kalos|1194\n|player|p2|RezWest|fisherman-gen4|1109\n|teamsize|p1|6\n|teamsize|p2|6\n|gen|9\n|tier|[Gen 9] VGC 2023 Regulation C\n|rated|\n|rule|Species Clause: Limit one of each Pok\u00e9mon\n|rule|Item Clause: Limit one of each item\n|clearpoke\n|poke|p1|Flutter Mane, L50|\n|poke|p1|Maushold-Four, L50|\n|poke|p1|Annihilape, L50, M|\n|poke|p1|Ting-Lu, L50|\n|poke|p1|Gyarados, L50, F|\n|poke|p1|Baxcalibur, L50, M|\n|poke|p2|Meowscarada, L50, F|\n|poke|p2|Chien-Pao, L50|\n|poke|p2|Garchomp, L50, M|\n|poke|p2|Talonflame, L50, M|\n|poke|p2|Arcanine, L50, M|\n|poke|p2|Flutter Mane, L50|\n|teampreview|4\nRezWest has agreed to open team sheets.\n|\n|t:|1681990406\n|start\n|switch|p1a: Gyarados|Gyarados, L50, F|100\/100\n|switch|p1b: Annihilape|Annihilape, L50, M|100\/100\n|switch|p2a: Pino|Talonflame, L50, M|100\/100\n|switch|p2b: El Sdrumador|Garchomp, L50, M|100\/100\n|-ability|p1a: Gyarados|Intimidate|boost\n|-unboost|p2a: Pino|atk|1\n|-unboost|p2b: El Sdrumador|atk|1\n|turn|1\n|\n|t:|1681990431\n|switch|p2b: Gnappola|Meowscarada, L50, F|100\/100\n|move|p1b: Annihilape|Protect|p1b: Annihilape\n|-singleturn|p1b: Annihilape|Protect\n|move|p2a: Pino|Tailwind|p2a: Pino\n|-sidestart|p2: RezWest|move: Tailwind\n|move|p1a: Gyarados|Waterfall|p2a: Pino\n|-supereffective|p2a: Pino\n|-damage|p2a: Pino|9\/100\n|\n|upkeep\n|turn|2\n|\n|t:|1681990450\n|-terastallize|p1b: Annihilape|Fire\n|move|p2a: Pino|Will-O-Wisp|p1b: Annihilape\n|-immune|p1b: Annihilape\n|move|p2b: Gnappola|Flower Trick|p1a: Gyarados\n|-start|p2b: Gnappola|typechange|Grass|[from] ability: Protean\n|-crit|p1a: Gyarados\n|-damage|p1a: Gyarados|32\/100\n|-enditem|p1a: Gyarados|Sitrus Berry|[eat]\n|-heal|p1a: Gyarados|56\/100|[from] item: Sitrus Berry\n|move|p1b: Annihilape|Bulk Up|p1b: Annihilape\n|-boost|p1b: Annihilape|atk|1\n|-boost|p1b: Annihilape|def|1\n|move|p1a: Gyarados|Thunder Wave|p2b: Gnappola\n|-status|p2b: Gnappola|par\n|\n|upkeep\n|turn|3\n|\n|t:|1681990478\n|switch|p2b: El Sdrumador|Garchomp, L50, M|100\/100\n|move|p2a: Pino|Brave Bird|p1a: Gyarados\n|-damage|p1a: Gyarados|34\/100\n|-damage|p2a: Pino|0 fnt|[from] Recoil\n|faint|p2a: Pino\n|move|p1b: Annihilape|Drain Punch|p2b: El Sdrumador\n|-damage|p2b: El Sdrumador|49\/100\n|-damage|p1b: Annihilape|88\/100|[from] ability: Rough Skin|[of] p2b: El Sdrumador\n|move|p1a: Gyarados|Waterfall|p2b: El Sdrumador\n|-damage|p2b: El Sdrumador|14\/100\n|-damage|p1a: Gyarados|22\/100|[from] ability: Rough Skin|[of] p2b: El Sdrumador\n|\n|-heal|p1b: Annihilape|94\/100|[from] item: Leftovers\n|upkeep\n|\n|t:|1681990494\n|switch|p2a: C'E' PAOLO|Chien-Pao, L50|100\/100\n|-ability|p2a: C'E' PAOLO|Sword of Ruin\n|turn|4\n|\n|t:|1681990519\n|-terastallize|p2a: C'E' PAOLO|Flying\n|move|p1b: Annihilape|Protect|p1b: Annihilape\n|-singleturn|p1b: Annihilape|Protect\n|move|p2b: El Sdrumador|Earthquake|p1a: Gyarados|[spread] \n|-activate|p1b: Annihilape|move: Protect\n|-immune|p2a: C'E' PAOLO\n|-immune|p1a: Gyarados\n|move|p2a: C'E' PAOLO|Sacred Sword|p1b: Annihilape\n|-activate|p1b: Annihilape|move: Protect\n|move|p1a: Gyarados|Thunder Wave|p2a: C'E' PAOLO|[miss]\n|-miss|p1a: Gyarados|p2a: C'E' PAOLO\n|\n|-heal|p1b: Annihilape|99\/100|[from] item: Leftovers\n|-sideend|p2: RezWest|move: Tailwind\n|upkeep\n|turn|5\n|\n|t:|1681990568\n|move|p2b: El Sdrumador|Earthquake|p1a: Gyarados|[spread] p1b\n|-immune|p2a: C'E' PAOLO\n|-immune|p1a: Gyarados\n|-supereffective|p1b: Annihilape\n|-damage|p1b: Annihilape|31\/100\n|move|p2a: C'E' PAOLO|Sacred Sword|p1b: Annihilape\n|-damage|p1b: Annihilape|0 fnt\n|faint|p1b: Annihilape\n|move|p1a: Gyarados|Thunder Wave|p2a: C'E' PAOLO\n|-status|p2a: C'E' PAOLO|par\n|\n|upkeep\n|\n|t:|1681990580\n|switch|p1b: Flutter Mane|Flutter Mane, L50|100\/100\n|-enditem|p1b: Flutter Mane|Booster Energy\n|-activate|p1b: Flutter Mane|ability: Protosynthesis|[fromitem]\n|-start|p1b: Flutter Mane|protosynthesisspa\n|turn|6\n|\n|t:|1681990595\n|move|p2a: C'E' PAOLO|Sucker Punch|p1b: Flutter Mane\n|-crit|p1b: Flutter Mane\n|-damage|p1b: Flutter Mane|1\/100\n|move|p2b: El Sdrumador|Earthquake|p1a: Gyarados|[spread] p1b\n|-immune|p2a: C'E' PAOLO\n|-immune|p1a: Gyarados\n|-damage|p1b: Flutter Mane|0 fnt\n|faint|p1b: Flutter Mane\n|-end|p1b: Flutter Mane|Protosynthesis|[silent]\n|move|p1a: Gyarados|Waterfall|p2a: C'E' PAOLO\n|-damage|p2a: C'E' PAOLO|52\/100 par\n|\n|upkeep\n|\n|t:|1681990620\n|switch|p1b: Ting-Lu|Ting-Lu, L50|100\/100\n|-ability|p1b: Ting-Lu|Vessel of Ruin\n|turn|7\n|\n|t:|1681990637\n|move|p2a: C'E' PAOLO|Protect|p2a: C'E' PAOLO\n|-singleturn|p2a: C'E' PAOLO|Protect\n|move|p2b: El Sdrumador|Earthquake|p1b: Ting-Lu|[spread] p1b\n|-activate|p2a: C'E' PAOLO|move: Protect\n|-immune|p1a: Gyarados\n|-damage|p1b: Ting-Lu|66\/100\n|move|p1a: Gyarados|Waterfall|p2b: El Sdrumador\n|-damage|p2b: El Sdrumador|0 fnt\n|-damage|p1a: Gyarados|9\/100|[from] ability: Rough Skin|[of] p2b: El Sdrumador\n|faint|p2b: El Sdrumador\n|move|p1b: Ting-Lu|Throat Chop|p2a: C'E' PAOLO\n|-activate|p2a: C'E' PAOLO|move: Protect\n|\n|upkeep\n|\n|t:|1681990651\n|switch|p2b: Gnappola|Meowscarada, L50, F|100\/100 par\n|turn|8\n|\n|t:|1681990676\n|move|p2a: C'E' PAOLO|Sucker Punch|p1a: Gyarados\n|-damage|p1a: Gyarados|0 fnt\n|faint|p1a: Gyarados\n|cant|p2b: Gnappola|par\n|move|p1b: Ting-Lu|Throat Chop|p2b: Gnappola\n|-resisted|p2b: Gnappola\n|-damage|p2b: Gnappola|62\/100 par\n|-start|p2b: Gnappola|Throat Chop|[silent]\n|\n|upkeep\n|turn|9\n|\n|t:|1681990695\n|cant|p2a: C'E' PAOLO|par\n|move|p2b: Gnappola|Flower Trick|p1b: Ting-Lu\n|-start|p2b: Gnappola|typechange|Grass|[from] ability: Protean\n|-supereffective|p1b: Ting-Lu\n|-crit|p1b: Ting-Lu\n|-damage|p1b: Ting-Lu|0 fnt\n|faint|p1b: Ting-Lu\n|\n|win|RezWest\n|raw|Morit0josclar0s's rating: 1194 → 1163<\/strong> (-31 for losing)\n|raw|RezWest's rating: 1109 → 1140<\/strong> (+31 for winning)\n","uploadtime":1681990718,"views":16,"p1id":"morit0josclar0s","p2id":"rezwest","formatid":"gen9vgc2023regulationc","rating":1140,"private":0,"password":""}