{"id":"gen9vgc2023regulationc-1863561411","p1":"NotAnElk","p2":"R3M4TCH","format":"[Gen 9] VGC 2023 Regulation C","log":"|j|\u2606NotAnElk\n|j|\u2606R3M4TCH\n|t:|1684034538\n|gametype|doubles\n|player|p1|NotAnElk|nita|\n|player|p2|R3M4TCH|266|\n|teamsize|p1|6\n|teamsize|p2|6\n|gen|9\n|tier|[Gen 9] VGC 2023 Regulation C\n|rule|Species Clause: Limit one of each Pok\u00e9mon\n|rule|Item Clause: Limit one of each item\n|clearpoke\n|poke|p1|Dragapult, L50, F|\n|poke|p1|Frosmoth, L50, F|\n|poke|p1|Toxtricity, L50, M|\n|poke|p1|Grimmsnarl, L50, M|\n|poke|p1|Hatterene, L50, F|\n|poke|p1|Stonjourner, L50, F|\n|poke|p2|Pelipper, L50, M|\n|poke|p2|Salamence, L50, F|\n|poke|p2|Sableye, L50, M|\n|poke|p2|Breloom, L50, F|\n|poke|p2|Hariyama, L50, M|\n|poke|p2|Gardevoir, L50, M|\n|teampreview|4\nR3M4TCH has agreed to open team sheets.\n|c|\u2606NotAnElk|glhf!\nNotAnElk has agreed to open team sheets.\n|c|\u2606R3M4TCH|glhf!\n|\n|t:|1684034640\n|start\n|switch|p1a: Toxtricity|Toxtricity, L50, M|100\/100\n|switch|p1b: Frosmoth|Frosmoth, L50, F|100\/100\n|switch|p2a: Mallard|Pelipper, L50, M, shiny|100\/100\n|switch|p2b: Opera|Gardevoir, L50, M|100\/100\n|-weather|RainDance|[from] ability: Drizzle|[of] p2a: Mallard\n|turn|1\n|\n|t:|1684034668\n|-terastallize|p1b: Frosmoth|Ghost\n|move|p2b: Opera|Psyshock|p1a: Toxtricity\n|-supereffective|p1a: Toxtricity\n|-damage|p1a: Toxtricity|0 fnt\n|faint|p1a: Toxtricity\n|move|p2a: Mallard|Tailwind|p2a: Mallard\n|-sidestart|p2: R3M4TCH|move: Tailwind\n|move|p1b: Frosmoth|Tailwind|p1b: Frosmoth\n|-sidestart|p1: NotAnElk|move: Tailwind\n|\n|-weather|RainDance|[upkeep]\n|upkeep\n|\n|t:|1684034682\n|switch|p1a: Hatterene|Hatterene, L50, F|100\/100\n|turn|2\n|\n|t:|1684034695\n|move|p2b: Opera|Psyshock|p1b: Frosmoth\n|-damage|p1b: Frosmoth|67\/100\n|move|p2a: Mallard|Surf|p1a: Hatterene|[spread] p1a,p1b\n|-activate|p2b: Opera|ability: Telepathy\n|-damage|p1a: Hatterene|65\/100\n|-damage|p1b: Frosmoth|50\/100\n|move|p1b: Frosmoth|Blizzard|p2b: Opera|[spread] p2a\n|-miss|p1b: Frosmoth|p2b: Opera\n|-damage|p2a: Mallard|48\/100\n|-status|p2a: Mallard|frz\n|-enditem|p2a: Mallard|Sitrus Berry|[eat]\n|-heal|p2a: Mallard|73\/100 frz|[from] item: Sitrus Berry\n|move|p1a: Hatterene|Trick Room|p1a: Hatterene\n|-fieldstart|move: Trick Room|[of] p1a: Hatterene\n|\n|-weather|RainDance|[upkeep]\n|upkeep\n|turn|3\n|\n|t:|1684034714\n|move|p1a: Hatterene|Dazzling Gleam|p2b: Opera|[spread] p2a,p2b\n|-damage|p2a: Mallard|35\/100 frz\n|-damage|p2b: Opera|58\/100\n|cant|p2a: Mallard|frz\n|move|p1b: Frosmoth|Blizzard|p2a: Mallard|[spread] p2a,p2b\n|-damage|p2a: Mallard|0 fnt\n|-damage|p2b: Opera|9\/100\n|faint|p2a: Mallard\n|move|p2b: Opera|Psyshock|p1b: Frosmoth\n|-damage|p1b: Frosmoth|14\/100\n|\n|-weather|RainDance|[upkeep]\n|upkeep\n|\n|t:|1684034729\n|switch|p2a: Honda|Hariyama, L50, M|100\/100\n|turn|4\n|\n|t:|1684034741\n|move|p2a: Honda|Fake Out|p1a: Hatterene\n|-damage|p1a: Hatterene|52\/100\n|move|p1a: Hatterene|Dazzling Gleam|p2b: Opera|[spread] p2a,p2b\n|-supereffective|p2a: Honda\n|-damage|p2a: Honda|64\/100\n|-damage|p2b: Opera|0 fnt\n|faint|p2b: Opera\n|move|p1b: Frosmoth|Blizzard|p2a: Honda\n|-damage|p2a: Honda|46\/100\n|\n|-weather|RainDance|[upkeep]\n|-sideend|p1: NotAnElk|move: Tailwind\n|-sideend|p2: R3M4TCH|move: Tailwind\n|upkeep\n|\n|t:|1684034752\n|switch|p2b: Redcap|Breloom, L50, F, shiny|100\/100\n|turn|5\n|\n|t:|1684034780\n|-terastallize|p2b: Redcap|Rock\n|move|p1a: Hatterene|Nuzzle|p2b: Redcap\n|-damage|p2b: Redcap|95\/100\n|-status|p2b: Redcap|par\n|cant|p2b: Redcap|par\n|move|p2a: Honda|Poison Jab|p1a: Hatterene\n|-supereffective|p1a: Hatterene\n|-damage|p1a: Hatterene|0 fnt\n|faint|p1a: Hatterene\n|move|p1b: Frosmoth|Blizzard|p2a: Honda|[spread] p2b\n|-miss|p1b: Frosmoth|p2a: Honda\n|-damage|p2b: Redcap|6\/100 par\n|\n|-weather|none\n|upkeep\n|\n|t:|1684034794\n|switch|p1a: Dragapult|Dragapult, L50, F|100\/100\n|turn|6\n|\n|t:|1684034814\n|move|p1a: Dragapult|Protect|p1a: Dragapult\n|-singleturn|p1a: Dragapult|Protect\n|move|p2b: Redcap|Spore|p1a: Dragapult\n|-activate|p1a: Dragapult|move: Protect\n|move|p2a: Honda|Ice Punch|p1a: Dragapult\n|-activate|p1a: Dragapult|move: Protect\n|move|p1b: Frosmoth|Blizzard|p2a: Honda|[spread] p2a,p2b\n|-damage|p2a: Honda|33\/100\n|-damage|p2b: Redcap|0 fnt\n|faint|p2b: Redcap\n|\n|-fieldend|move: Trick Room\n|upkeep\n|turn|7\n|\n|t:|1684034833\n|move|p1a: Dragapult|Dragon Darts|p2a: Honda\n|-damage|p2a: Honda|5\/100\n|-anim|p1a: Dragapult|Dragon Darts|p2a: Honda\n|-damage|p2a: Honda|0 fnt\n|faint|p2a: Honda\n|\n|win|NotAnElk\n|c|\u2606NotAnElk|gg!\n|c|\u2606R3M4TCH|gg!\n","uploadtime":1684034841,"views":12,"p1id":"notanelk","p2id":"r3m4tch","formatid":"gen9vgc2023regulationc","rating":0,"private":0,"password":""}