{"id":"gen9vgc2023regulationc-1860332884","p1":"Mortipherus","p2":"Tractie","format":"[Gen 9] VGC 2023 Regulation C","log":"|j|\u2606Mortipherus\n|j|\u2606Tractie\n|t:|1683633980\n|gametype|doubles\n|player|p1|Mortipherus|hooligans|\n|player|p2|Tractie|1|\n|teamsize|p1|6\n|teamsize|p2|6\n|gen|9\n|tier|[Gen 9] VGC 2023 Regulation C\n|rule|Species Clause: Limit one of each Pok\u00e9mon\n|rule|Item Clause: Limit one of each item\n|clearpoke\n|poke|p1|Cetitan, L50, M|\n|poke|p1|Corviknight, L50, M|\n|poke|p1|Volcarona, L50, M|\n|poke|p1|Ting-Lu, L50|\n|poke|p1|Gyarados, L50, M|\n|poke|p1|Amoonguss, L50, M|\n|poke|p2|Gholdengo, L50|\n|poke|p2|Chi-Yu, L50|\n|poke|p2|Iron Bundle, L50|\n|poke|p2|Murkrow, L50, M|\n|poke|p2|Iron Hands, L50|\n|poke|p2|Flutter Mane, L50|\n|teampreview|4\n|c|\u2606Mortipherus|G1\nMortipherus has agreed to open team sheets.\n|c|\u2606Mortipherus|Rdy?\n|c|\u2606Tractie|jo\n|\n|t:|1683634098\n|start\n|switch|p1a: Cetitan|Cetitan, L50, M, shiny|100\/100\n|switch|p1b: Ting-Lu|Ting-Lu, L50|100\/100\n|switch|p2a: Gholdengo|Gholdengo, L50|100\/100\n|switch|p2b: Chi-Yu|Chi-Yu, L50|100\/100\n|-ability|p2b: Chi-Yu|Beads of Ruin\n|-ability|p1b: Ting-Lu|Vessel of Ruin\n|turn|1\n|\n|t:|1683634140\n|-terastallize|p2a: Gholdengo|Steel\n|-terastallize|p1a: Cetitan|Water\n|move|p2b: Chi-Yu|Heat Wave|p1a: Cetitan|[spread] p1a\n|-miss|p2b: Chi-Yu|p1b: Ting-Lu\n|-resisted|p1a: Cetitan\n|-damage|p1a: Cetitan|83\/100\n|move|p2a: Gholdengo|Make It Rain|p1b: Ting-Lu|[spread] p1a,p1b\n|-resisted|p1a: Cetitan\n|-damage|p1a: Cetitan|38\/100\n|-damage|p1b: Ting-Lu|56\/100\n|-unboost|p2a: Gholdengo|spa|1\n|move|p1a: Cetitan|Liquidation|p2a: Gholdengo\n|-damage|p2a: Gholdengo|18\/100\n|move|p1b: Ting-Lu|Payback|p2a: Gholdengo\n|-damage|p2a: Gholdengo|0 fnt\n|faint|p2a: Gholdengo\n|\n|upkeep\n|\n|t:|1683634159\n|switch|p2a: Iron Bundle|Iron Bundle, L50|100\/100\n|-enditem|p2a: Iron Bundle|Booster Energy\n|-activate|p2a: Iron Bundle|ability: Quark Drive|[fromitem]\n|-start|p2a: Iron Bundle|quarkdrivespe\n|turn|2\n|\n|t:|1683634191\n|move|p1a: Cetitan|Protect|p1a: Cetitan\n|-singleturn|p1a: Cetitan|Protect\n|move|p2a: Iron Bundle|Freeze-Dry|p1a: Cetitan\n|-activate|p1a: Cetitan|move: Protect\n|move|p2b: Chi-Yu|Heat Wave|p1a: Cetitan|[spread] p1b\n|-activate|p1a: Cetitan|move: Protect\n|-damage|p1b: Ting-Lu|37\/100\n|move|p1b: Ting-Lu|Heavy Slam|p2a: Iron Bundle\n|-damage|p2a: Iron Bundle|49\/100\n|\n|upkeep\n|turn|3\n|\n|t:|1683634215\n|switch|p1a: Amoonguss|Amoonguss, L50, M|100\/100\n|move|p2a: Iron Bundle|Freeze-Dry|p1b: Ting-Lu\n|-supereffective|p1b: Ting-Lu\n|-damage|p1b: Ting-Lu|4\/100\n|move|p2b: Chi-Yu|Heat Wave|p1a: Amoonguss|[spread] p1a,p1b\n|-supereffective|p1a: Amoonguss\n|-damage|p1a: Amoonguss|40\/100\n|-damage|p1b: Ting-Lu|0 fnt\n|faint|p1b: Ting-Lu\n|\n|upkeep\n|\n|t:|1683634231\n|switch|p1b: Gyarados|Gyarados, L50, M, shiny|100\/100\n|-ability|p1b: Gyarados|Intimidate|boost\n|-unboost|p2a: Iron Bundle|atk|1\n|-unboost|p2b: Chi-Yu|atk|1\n|turn|4\n|\n|t:|1683634278\n|move|p2b: Chi-Yu|Protect|p2b: Chi-Yu\n|-singleturn|p2b: Chi-Yu|Protect\n|move|p1a: Amoonguss|Rage Powder|p1a: Amoonguss\n|-singleturn|p1a: Amoonguss|move: Rage Powder\n|move|p2a: Iron Bundle|Freeze-Dry|p1a: Amoonguss\n|-supereffective|p1a: Amoonguss\n|-damage|p1a: Amoonguss|0 fnt\n|faint|p1a: Amoonguss\n|move|p1b: Gyarados|Iron Head|p2a: Iron Bundle\n|-damage|p2a: Iron Bundle|22\/100\n|\n|upkeep\n|\n|t:|1683634290\n|switch|p1a: Cetitan|Cetitan, L50, M, shiny, tera:Water|38\/100\n|turn|5\n|\n|t:|1683634322\n|move|p2a: Iron Bundle|Protect|p2a: Iron Bundle\n|-singleturn|p2a: Iron Bundle|Protect\n|move|p2b: Chi-Yu|Dark Pulse|p1b: Gyarados\n|-damage|p1b: Gyarados|57\/100\n|cant|p1b: Gyarados|flinch\n|move|p1a: Cetitan|Liquidation|p2b: Chi-Yu\n|-supereffective|p2b: Chi-Yu\n|-enditem|p2b: Chi-Yu|Focus Sash\n|-damage|p2b: Chi-Yu|1\/100\n|\n|upkeep\n|turn|6\n|\n|t:|1683634349\n|move|p2a: Iron Bundle|Freeze-Dry|p1b: Gyarados\n|-supereffective|p1b: Gyarados\n|-damage|p1b: Gyarados|0 fnt\n|faint|p1b: Gyarados\n|move|p2b: Chi-Yu|Heat Wave|p1a: Cetitan\n|-resisted|p1a: Cetitan\n|-crit|p1a: Cetitan\n|-damage|p1a: Cetitan|0 fnt\n|faint|p1a: Cetitan\n|\n|win|Tractie\n|l|\u2606Tractie\n","uploadtime":1683635077,"views":13,"p1id":"mortipherus","p2id":"tractie","formatid":"gen9vgc2023regulationc","rating":0,"private":0,"password":""}