{"id":"gen9vgc2023regulationc-1860822027","p1":"Yeetawheat","p2":"JayMcG1010","format":"[Gen 9] VGC 2023 Regulation C","log":"|j|\u2606Yeetawheat\n|j|\u2606JayMcG1010\n|t:|1683682069\n|gametype|doubles\n|player|p1|Yeetawheat|101|\n|player|p2|JayMcG1010|101|\n|teamsize|p1|6\n|teamsize|p2|6\n|gen|9\n|tier|[Gen 9] VGC 2023 Regulation C\n|rule|Species Clause: Limit one of each Pok\u00e9mon\n|rule|Item Clause: Limit one of each item\n|clearpoke\n|poke|p1|Scizor, L50, F|\n|poke|p1|Tauros-Paldea-Aqua, L50, M|\n|poke|p1|Rotom-Heat, L50|\n|poke|p1|Wo-Chien, L50|\n|poke|p1|Garganacl, L50, F|\n|poke|p1|Flutter Mane, L50|\n|poke|p2|Orthworm, L50, F|\n|poke|p2|Garganacl, L50, F|\n|poke|p2|Flutter Mane, L50|\n|poke|p2|Ting-Lu, L50|\n|poke|p2|Amoonguss, L50, F|\n|poke|p2|Dragonite, L50, F|\n|teampreview|4\n|c|\u2606JayMcG1010|g1\nJayMcG1010 has agreed to open team sheets.\nYeetawheat has agreed to open team sheets.\n|c|\u2606Yeetawheat|glhf\n|c|\u2606Yeetawheat|lets do this!\n|c|\u2606JayMcG1010|glhf!\n|\n|t:|1683682192\n|start\n|switch|p1a: Flutter Mane|Flutter Mane, L50|100\/100\n|switch|p1b: Scizor|Scizor, L50, F|100\/100\n|switch|p2a: Flutter Mane|Flutter Mane, L50|100\/100\n|switch|p2b: Orthworm|Orthworm, L50, F, shiny|100\/100\n|-enditem|p1a: Flutter Mane|Booster Energy\n|-activate|p1a: Flutter Mane|ability: Protosynthesis|[fromitem]\n|-start|p1a: Flutter Mane|protosynthesisspe\n|turn|1\n|\n|t:|1683682227\n|-end|p2a: Flutter Mane|Protosynthesis|[silent]\n|switch|p2a: Amoonguss|Amoonguss, L50, F|100\/100\n|move|p1a: Flutter Mane|Protect|p1a: Flutter Mane\n|-singleturn|p1a: Flutter Mane|Protect\n|move|p1b: Scizor|Swords Dance|p1b: Scizor\n|-boost|p1b: Scizor|atk|2\n|move|p2b: Orthworm|Heavy Slam|p1a: Flutter Mane\n|-activate|p1a: Flutter Mane|move: Protect\n|\n|upkeep\n|turn|2\n|\n|t:|1683682266\n|move|p1a: Flutter Mane|Shadow Ball|p2b: Orthworm\n|-damage|p2b: Orthworm|53\/100\n|move|p1b: Scizor|Pounce|p2b: Orthworm\n|-resisted|p2b: Orthworm\n|-damage|p2b: Orthworm|28\/100\n|-unboost|p2b: Orthworm|spe|1\n|-enditem|p2b: Orthworm|Sitrus Berry|[eat]\n|-heal|p2b: Orthworm|53\/100|[from] item: Sitrus Berry\n|move|p2b: Orthworm|Heavy Slam|p1a: Flutter Mane\n|-supereffective|p1a: Flutter Mane\n|-damage|p1a: Flutter Mane|0 fnt\n|faint|p1a: Flutter Mane\n|-end|p1a: Flutter Mane|Protosynthesis|[silent]\n|move|p2a: Amoonguss|Spore|p1b: Scizor\n|-status|p1b: Scizor|slp|[from] move: Spore\n|\n|upkeep\n|\n|t:|1683682277\n|switch|p1a: Tauros|Tauros-Paldea-Aqua, L50, M|100\/100\n|-ability|p1a: Tauros|Intimidate|boost\n|-unboost|p2a: Amoonguss|atk|1\n|-unboost|p2b: Orthworm|atk|1\n|turn|3\n|\n|t:|1683682289\n|-terastallize|p1a: Tauros|Grass\n|move|p2a: Amoonguss|Rage Powder|p2a: Amoonguss\n|-singleturn|p2a: Amoonguss|move: Rage Powder\n|move|p1a: Tauros|Close Combat|p2b: Orthworm\n|-supereffective|p2b: Orthworm\n|-damage|p2b: Orthworm|0 fnt\n|-unboost|p1a: Tauros|def|1\n|-unboost|p1a: Tauros|spd|1\n|faint|p2b: Orthworm\n|cant|p1b: Scizor|slp\n|\n|upkeep\n|\n|t:|1683682308\n|switch|p2b: Garganacl|Garganacl, L50, F, shiny|100\/100\n|turn|4\n|\n|t:|1683682326\n|switch|p1a: Rotom|Rotom-Heat, L50|100\/100\n|-terastallize|p2b: Garganacl|Poison\n|cant|p1b: Scizor|slp\n|move|p2b: Garganacl|Salt Cure|p1b: Scizor\n|-damage|p1b: Scizor|88\/100 slp\n|-start|p1b: Scizor|Salt Cure\n|move|p2a: Amoonguss|Pollen Puff|p2b: Garganacl\n|-immune|p2b: Garganacl\n|\n|-damage|p1b: Scizor|63\/100 slp|[from] Salt Cure\n|upkeep\n|turn|5\n|\n|t:|1683682358\n|move|p2a: Amoonguss|Protect|p2a: Amoonguss\n|-singleturn|p2a: Amoonguss|Protect\n|move|p1a: Rotom|Thunderbolt|p2a: Amoonguss\n|-activate|p2a: Amoonguss|move: Protect\n|-curestatus|p1b: Scizor|slp|[msg]\n|move|p1b: Scizor|Pounce|p2a: Amoonguss\n|-activate|p2a: Amoonguss|move: Protect\n|move|p2b: Garganacl|Fissure|p1b: Scizor|[miss]\n|-miss|p2b: Garganacl|p1b: Scizor\n|\n|-damage|p1b: Scizor|39\/100|[from] Salt Cure\n|upkeep\n|turn|6\n|\n|t:|1683682375\n|move|p1a: Rotom|Overheat|p2b: Garganacl\n|-damage|p2b: Garganacl|57\/100\n|-unboost|p1a: Rotom|spa|2\n|move|p1b: Scizor|Pounce|p2b: Garganacl\n|-resisted|p2b: Garganacl\n|-damage|p2b: Garganacl|34\/100\n|-unboost|p2b: Garganacl|spe|1\n|move|p2a: Amoonguss|Spore|p1b: Scizor\n|-status|p1b: Scizor|slp|[from] move: Spore\n|move|p2b: Garganacl|Salt Cure|p1a: Rotom\n|-supereffective|p1a: Rotom\n|-damage|p1a: Rotom|66\/100\n|-start|p1a: Rotom|Salt Cure\n|\n|-heal|p2b: Garganacl|40\/100|[from] item: Leftovers\n|-damage|p1a: Rotom|54\/100|[from] Salt Cure\n|-damage|p1b: Scizor|14\/100 slp|[from] Salt Cure\n|upkeep\n|turn|7\n|\n|t:|1683682397\n|switch|p1a: Tauros|Tauros-Paldea-Aqua, L50, M, tera:Grass|100\/100\n|-ability|p1a: Tauros|Intimidate|boost\n|-unboost|p2a: Amoonguss|atk|1\n|-unboost|p2b: Garganacl|atk|1\n|move|p2a: Amoonguss|Rage Powder|p2a: Amoonguss\n|-singleturn|p2a: Amoonguss|move: Rage Powder\n|cant|p1b: Scizor|slp\n|move|p2b: Garganacl|Recover|p2b: Garganacl\n|-heal|p2b: Garganacl|90\/100\n|\n|-heal|p2b: Garganacl|96\/100|[from] item: Leftovers\n|-damage|p1b: Scizor|0 fnt|[from] Salt Cure\n|faint|p1b: Scizor\n|upkeep\n|\n|t:|1683682411\n|switch|p1b: Rotom|Rotom-Heat, L50|54\/100\n|turn|8\n|\n|t:|1683682426\n|move|p1b: Rotom|Protect|p1b: Rotom\n|-singleturn|p1b: Rotom|Protect\n|move|p2a: Amoonguss|Rage Powder|p2a: Amoonguss\n|-singleturn|p2a: Amoonguss|move: Rage Powder\n|move|p1a: Tauros|Wave Crash|p2b: Garganacl\n|-damage|p2b: Garganacl|61\/100\n|-damage|p1a: Tauros|87\/100|[from] Recoil\n|move|p2b: Garganacl|Salt Cure|p1b: Rotom\n|-activate|p1b: Rotom|move: Protect\n|\n|-heal|p2b: Garganacl|67\/100|[from] item: Leftovers\n|upkeep\n|turn|9\n|\n|t:|1683682446\n|move|p2a: Amoonguss|Rage Powder|p2a: Amoonguss\n|-singleturn|p2a: Amoonguss|move: Rage Powder\n|move|p1a: Tauros|Wave Crash|p2b: Garganacl\n|-damage|p2b: Garganacl|30\/100\n|-damage|p1a: Tauros|72\/100|[from] Recoil\n|move|p1b: Rotom|Overheat|p2a: Amoonguss\n|-supereffective|p2a: Amoonguss\n|-damage|p2a: Amoonguss|0 fnt\n|-unboost|p1b: Rotom|spa|2\n|faint|p2a: Amoonguss\n|move|p2b: Garganacl|Salt Cure|p1b: Rotom\n|-supereffective|p1b: Rotom\n|-damage|p1b: Rotom|34\/100\n|-start|p1b: Rotom|Salt Cure\n|-enditem|p1b: Rotom|Sitrus Berry|[eat]\n|-heal|p1b: Rotom|59\/100|[from] item: Sitrus Berry\n|\n|-heal|p2b: Garganacl|36\/100|[from] item: Leftovers\n|-damage|p1b: Rotom|47\/100|[from] Salt Cure\n|upkeep\n|\n|t:|1683682462\n|switch|p2a: Flutter Mane|Flutter Mane, L50|100\/100\n|turn|10\n|\n|t:|1683682470\n|move|p2a: Flutter Mane|Protect|p2a: Flutter Mane\n|-singleturn|p2a: Flutter Mane|Protect\n|move|p2b: Garganacl|Protect|p2b: Garganacl\n|-singleturn|p2b: Garganacl|Protect\n|move|p1a: Tauros|Wave Crash|p2a: Flutter Mane\n|-activate|p2a: Flutter Mane|move: Protect\n|move|p1b: Rotom|Thunderbolt|p2a: Flutter Mane\n|-activate|p2a: Flutter Mane|move: Protect\n|\n|-heal|p2b: Garganacl|42\/100|[from] item: Leftovers\n|-damage|p1b: Rotom|35\/100|[from] Salt Cure\n|upkeep\n|turn|11\n|\n|t:|1683682489\n|move|p2a: Flutter Mane|Shadow Ball|p1b: Rotom\n|-damage|p1b: Rotom|0 fnt\n|faint|p1b: Rotom\n|-damage|p2a: Flutter Mane|91\/100|[from] item: Life Orb\n|move|p1a: Tauros|Wave Crash|p2a: Flutter Mane\n|-damage|p2a: Flutter Mane|2\/100\n|-damage|p1a: Tauros|46\/100|[from] Recoil\n|move|p2b: Garganacl|Recover|p2b: Garganacl\n|-heal|p2b: Garganacl|92\/100\n|\n|-heal|p2b: Garganacl|98\/100|[from] item: Leftovers\n|upkeep\n|turn|12\n|\n|t:|1683682503\n|move|p2a: Flutter Mane|Moonblast|p1a: Tauros\n|-damage|p1a: Tauros|0 fnt\n|faint|p1a: Tauros\n|-damage|p2a: Flutter Mane|0 fnt|[from] item: Life Orb\n|faint|p2a: Flutter Mane\n|-end|p2a: Flutter Mane|Protosynthesis|[silent]\n|\n|win|JayMcG1010\n|c|\u2606JayMcG1010|gg!\n|c|\u2606Yeetawheat|gg!\n","uploadtime":1683682513,"views":24,"p1id":"yeetawheat","p2id":"jaymcg1010","formatid":"gen9vgc2023regulationc","rating":0,"private":0,"password":""}