{"id":"gen9vgc2023regulationc-1845199605","p1":"trrgraw","p2":"ActualMagister","format":"[Gen 9] VGC 2023 Regulation C","log":"|j|\u2606trrgraw\n|j|\u2606ActualMagister\n|t:|1681695488\n|gametype|doubles\n|player|p1|trrgraw|2|1078\n|player|p2|ActualMagister|giovanni|1107\n|teamsize|p1|6\n|teamsize|p2|6\n|gen|9\n|tier|[Gen 9] VGC 2023 Regulation C\n|rated|\n|rule|Species Clause: Limit one of each Pok\u00e9mon\n|rule|Item Clause: Limit one of each item\n|clearpoke\n|poke|p1|Chien-Pao, L50|\n|poke|p1|Great Tusk, L50|\n|poke|p1|Kingambit, L50, F|\n|poke|p1|Flutter Mane, L50|\n|poke|p1|Torkoal, L50, F|\n|poke|p1|Jumpluff, L50, M|\n|poke|p2|Tyranitar, L50, M|\n|poke|p2|Gyarados, L50, M|\n|poke|p2|Garganacl, L50, M|\n|poke|p2|Flutter Mane, L50|\n|poke|p2|Glimmora, L50, M|\n|poke|p2|Volcarona, L50, F|\n|teampreview|4\ntrrgraw rejected open team sheets.\n|inactive|Battle timer is ON: inactive players will automatically lose when time's up. (requested by trrgraw)\n|\n|t:|1681695520\n|start\n|switch|p1a: Torkoal|Torkoal, L50, F|100\/100\n|switch|p1b: Great Tusk|Great Tusk, L50|100\/100\n|switch|p2a: Tyranitar|Tyranitar, L50, M, shiny|100\/100\n|switch|p2b: Glimmora|Glimmora, L50, M, shiny|100\/100\n|-item|p2b: Glimmora|Air Balloon\n|-weather|Sandstorm|[from] ability: Sand Stream|[of] p2a: Tyranitar\n|-weather|SunnyDay|[from] ability: Drought|[of] p1a: Torkoal\n|-activate|p1b: Great Tusk|ability: Protosynthesis\n|-start|p1b: Great Tusk|protosynthesisatk\n|turn|1\n|inactive|trrgraw has 30 seconds left.\n|inactive|ActualMagister has 30 seconds left.\n|inactive|ActualMagister has 20 seconds left.\n|inactive|ActualMagister has 15 seconds left.\n|\n|t:|1681695560\n|-terastallize|p2a: Tyranitar|Ghost\n|move|p1a: Torkoal|Helping Hand|p1b: Great Tusk\n|-singleturn|p1b: Great Tusk|Helping Hand|[of] p1a: Torkoal\n|move|p1b: Great Tusk|Rock Slide|p2a: Tyranitar|[spread] p2a,p2b\n|-damage|p2a: Tyranitar|69\/100\n|-damage|p2b: Glimmora|56\/100\n|-activate|p2b: Glimmora|ability: Toxic Debris\n|-sidestart|p1: trrgraw|move: Toxic Spikes\n|-enditem|p2b: Glimmora|Air Balloon\n|move|p2b: Glimmora|Reflect|p2b: Glimmora\n|-sidestart|p2: ActualMagister|Reflect\n|move|p2a: Tyranitar|Rock Slide|p1a: Torkoal|[spread] p1b\n|-miss|p2a: Tyranitar|p1a: Torkoal\n|-resisted|p1b: Great Tusk\n|-damage|p1b: Great Tusk|95\/100\n|\n|-weather|SunnyDay|[upkeep]\n|upkeep\n|turn|2\n|inactive|trrgraw has 30 seconds left.\n|inactive|ActualMagister has 30 seconds left.\n|inactive|ActualMagister has 20 seconds left.\n|inactive|ActualMagister has 15 seconds left.\n|inactive|ActualMagister has 10 seconds left.\n|\n|t:|1681695608\n|-end|p1b: Great Tusk|Protosynthesis|[silent]\n|switch|p1b: Jumpluff|Jumpluff, L50, M|100\/100\n|move|p2b: Glimmora|Mortal Spin|p1a: Torkoal|[spread] p1a,p1b\n|-supereffective|p1b: Jumpluff\n|-damage|p1a: Torkoal|97\/100\n|-damage|p1b: Jumpluff|90\/100\n|-status|p1a: Torkoal|psn\n|move|p2a: Tyranitar|Rock Slide|p1a: Torkoal|[spread] p1b\n|-miss|p2a: Tyranitar|p1a: Torkoal\n|-supereffective|p1b: Jumpluff\n|-damage|p1b: Jumpluff|0 fnt\n|faint|p1b: Jumpluff\n|move|p1a: Torkoal|Heat Wave|p2b: Glimmora|[spread] p2a\n|-miss|p1a: Torkoal|p2b: Glimmora\n|-damage|p2a: Tyranitar|50\/100\n|\n|-weather|SunnyDay|[upkeep]\n|-damage|p1a: Torkoal|85\/100 psn|[from] psn\n|upkeep\n|\n|t:|1681695626\n|switch|p1b: Flutter Mane|Flutter Mane, L50|100\/100\n|-status|p1b: Flutter Mane|psn\n|-activate|p1b: Flutter Mane|ability: Protosynthesis\n|-start|p1b: Flutter Mane|protosynthesisspe\n|turn|3\n|\n|t:|1681695647\n|-terastallize|p1b: Flutter Mane|Steel\n|move|p1a: Torkoal|Helping Hand|p1b: Flutter Mane\n|-singleturn|p1b: Flutter Mane|Helping Hand|[of] p1a: Torkoal\n|move|p1b: Flutter Mane|Shadow Ball|p2b: Glimmora\n|-damage|p2b: Glimmora|0 fnt\n|faint|p2b: Glimmora\n|move|p2a: Tyranitar|Rock Slide|p1a: Torkoal|[spread] p1a,p1b\n|-supereffective|p1a: Torkoal\n|-resisted|p1b: Flutter Mane\n|-damage|p1a: Torkoal|36\/100 psn\n|-damage|p1b: Flutter Mane|64\/100 psn\n|\n|-weather|SunnyDay|[upkeep]\n|-damage|p1b: Flutter Mane|52\/100 psn|[from] psn\n|-damage|p1a: Torkoal|24\/100 psn|[from] psn\n|upkeep\n|inactive|ActualMagister has 30 seconds left.\n|\n|t:|1681695674\n|switch|p2b: Flutter Mane|Flutter Mane, L50, shiny|100\/100\n|-activate|p2b: Flutter Mane|ability: Protosynthesis\n|-start|p2b: Flutter Mane|protosynthesisspa\n|turn|4\n|\n|t:|1681695689\n|switch|p1a: Great Tusk|Great Tusk, L50|95\/100\n|-status|p1a: Great Tusk|psn\n|-activate|p1a: Great Tusk|ability: Protosynthesis\n|-start|p1a: Great Tusk|protosynthesisatk\n|move|p1b: Flutter Mane|Shadow Ball|p2b: Flutter Mane\n|-supereffective|p2b: Flutter Mane\n|-damage|p2b: Flutter Mane|0 fnt\n|faint|p2b: Flutter Mane\n|-end|p2b: Flutter Mane|Protosynthesis|[silent]\n|move|p2a: Tyranitar|Rock Slide|p1a: Great Tusk|[spread] p1a\n|-miss|p2a: Tyranitar|p1b: Flutter Mane\n|-resisted|p1a: Great Tusk\n|-damage|p1a: Great Tusk|88\/100 psn\n|\n|-weather|SunnyDay|[upkeep]\n|-damage|p1b: Flutter Mane|40\/100 psn|[from] psn\n|-damage|p1a: Great Tusk|76\/100 psn|[from] psn\n|upkeep\n|\n|t:|1681695704\n|switch|p2b: Volcarona|Volcarona, L50, F|100\/100\n|turn|5\n|inactive|ActualMagister has 30 seconds left.\n|inactive|ActualMagister has 20 seconds left.\n|inactive|ActualMagister has 15 seconds left.\n|\n|t:|1681695744\n|move|p2b: Volcarona|Rage Powder|p2b: Volcarona\n|-singleturn|p2b: Volcarona|move: Rage Powder\n|move|p1b: Flutter Mane|Shadow Ball|p2b: Volcarona\n|-damage|p2b: Volcarona|37\/100\n|move|p1a: Great Tusk|Close Combat|p2b: Volcarona\n|-resisted|p2b: Volcarona\n|-damage|p2b: Volcarona|0 fnt\n|-unboost|p1a: Great Tusk|def|1\n|-unboost|p1a: Great Tusk|spd|1\n|faint|p2b: Volcarona\n|move|p2a: Tyranitar|Brick Break|p1b: Flutter Mane\n|-supereffective|p1b: Flutter Mane\n|-damage|p1b: Flutter Mane|0 fnt\n|faint|p1b: Flutter Mane\n|-end|p1b: Flutter Mane|Protosynthesis|[silent]\n|\n|-weather|none\n|-end|p1a: Great Tusk|Protosynthesis\n|-damage|p1a: Great Tusk|64\/100 psn|[from] psn\n|-sideend|p2: ActualMagister|Reflect\n|upkeep\n|\n|t:|1681695762\n|switch|p1b: Torkoal|Torkoal, L50, F|24\/100 psn\n|-weather|SunnyDay|[from] ability: Drought|[of] p1b: Torkoal\n|-activate|p1a: Great Tusk|ability: Protosynthesis\n|-start|p1a: Great Tusk|protosynthesisatk\n|turn|6\n|-message|trrgraw forfeited.\n|\n|win|ActualMagister\n|raw|trrgraw's rating: 1078 → 1058<\/strong> (-20 for losing)\n|raw|ActualMagister's rating: 1107 → 1130<\/strong> (+23 for winning)\n|l|\u2606trrgraw\n","uploadtime":1681695800,"views":15,"p1id":"trrgraw","p2id":"actualmagister","formatid":"gen9vgc2023regulationc","rating":1058,"private":0,"password":""}