{"id":"gen9vgc2023regulationc-1854684450","p1":"agtvvgc","p2":"magicwombat7778","format":"[Gen 9] VGC 2023 Regulation C","log":"|j|\u2606agtvvgc\n|j|\u2606magicwombat7778\n|t:|1682849981\n|gametype|doubles\n|player|p1|agtvvgc|giovanni|1014\n|player|p2|magicwombat7778|volo-ginkgo|1019\n|teamsize|p1|6\n|teamsize|p2|6\n|gen|9\n|tier|[Gen 9] VGC 2023 Regulation C\n|rated|\n|rule|Species Clause: Limit one of each Pok\u00e9mon\n|rule|Item Clause: Limit one of each item\n|clearpoke\n|poke|p1|Chien-Pao, L50|\n|poke|p1|Dragapult, L50, M|\n|poke|p1|Chi-Yu, L50|\n|poke|p1|Flutter Mane, L50|\n|poke|p1|Dondozo, L50, M|\n|poke|p1|Tatsugiri, L50, M|\n|poke|p2|Chi-Yu, L50|\n|poke|p2|Gholdengo, L50|\n|poke|p2|Maushold, L50|\n|poke|p2|Meowscarada, L50, M|\n|poke|p2|Flutter Mane, L50|\n|poke|p2|Garchomp, L50, F|\n|teampreview|4\n|inactive|Battle timer is ON: inactive players will automatically lose when time's up. (requested by agtvvgc)\n|\n|t:|1682849998\n|start\n|switch|p1a: Chien-Pao|Chien-Pao, L50|100\/100\n|switch|p1b: Dragapult|Dragapult, L50, M, shiny|100\/100\n|switch|p2a: Maushold|Maushold, L50|100\/100\n|switch|p2b: Meowscarada|Meowscarada, L50, M|100\/100\n|-ability|p1a: Chien-Pao|Sword of Ruin\n|turn|1\n|\n|t:|1682850013\n|move|p2b: Meowscarada|Protect|p2b: Meowscarada\n|-singleturn|p2b: Meowscarada|Protect\n|move|p1b: Dragapult|Outrage|p2b: Meowscarada\n|-activate|p2b: Meowscarada|move: Protect\n|move|p1a: Chien-Pao|Ice Spinner|p2b: Meowscarada\n|-activate|p2b: Meowscarada|move: Protect\n|move|p2a: Maushold|Tidy Up|p2a: Maushold\n|-boost|p2a: Maushold|atk|1\n|-boost|p2a: Maushold|spe|1\n|\n|upkeep\n|turn|2\n|\n|t:|1682850028\n|switch|p2b: Flutter Mane|Flutter Mane, L50|100\/100\n|-enditem|p2b: Flutter Mane|Booster Energy\n|-activate|p2b: Flutter Mane|ability: Protosynthesis|[fromitem]\n|-start|p2b: Flutter Mane|protosynthesisspe\n|move|p2a: Maushold|Population Bomb|p1a: Chien-Pao\n|-damage|p1a: Chien-Pao|88\/100\n|-damage|p1a: Chien-Pao|78\/100\n|-damage|p1a: Chien-Pao|66\/100\n|-crit|p1a: Chien-Pao\n|-damage|p1a: Chien-Pao|47\/100\n|-damage|p1a: Chien-Pao|34\/100\n|-damage|p1a: Chien-Pao|23\/100\n|-damage|p1a: Chien-Pao|11\/100\n|-damage|p1a: Chien-Pao|0 fnt\n|faint|p1a: Chien-Pao\n|-hitcount|p1: Chien-Pao|8\n|move|p1b: Dragapult|Outrage|p2b: Flutter Mane\n|-immune|p2b: Flutter Mane\n|\n|upkeep\n|\n|t:|1682850048\n|switch|p1a: Tatsugiri|Tatsugiri, L50, M, shiny|100\/100\n|turn|3\n|\n|t:|1682850061\n|switch|p1a: Dondozo|Dondozo, L50, M, shiny|100\/100\n|move|p2b: Flutter Mane|Dazzling Gleam|p1a: Dondozo|[spread] p1a,p1b\n|-supereffective|p1b: Dragapult\n|-damage|p1a: Dondozo|70\/100\n|-damage|p1b: Dragapult|16\/100\n|move|p2a: Maushold|Population Bomb|p1a: Dondozo\n|-damage|p1a: Dondozo|65\/100\n|-damage|p1a: Dondozo|60\/100\n|-damage|p1a: Dondozo|55\/100\n|-damage|p1a: Dondozo|51\/100\n|-damage|p1a: Dondozo|47\/100\n|-damage|p1a: Dondozo|42\/100\n|-damage|p1a: Dondozo|38\/100\n|-damage|p1a: Dondozo|33\/100\n|-damage|p1a: Dondozo|29\/100\n|-damage|p1a: Dondozo|24\/100\n|-hitcount|p1a: Dondozo|10\n|move|p1b: Dragapult|Outrage|p2b: Flutter Mane\n|-immune|p2b: Flutter Mane\n|\n|-heal|p1a: Dondozo|31\/100|[from] item: Leftovers\n|upkeep\n|turn|4\n|inactive|magicwombat7778 has 30 seconds left.\n|\n|t:|1682850089\n|move|p1a: Dondozo|Protect|p1a: Dondozo\n|-singleturn|p1a: Dondozo|Protect\n|move|p2b: Flutter Mane|Shadow Ball|p1a: Dondozo\n|-activate|p1a: Dondozo|move: Protect\n|move|p2a: Maushold|Population Bomb|p1a: Dondozo\n|-activate|p1a: Dondozo|move: Protect\n|move|p1b: Dragapult|Outrage|p2a: Maushold\n|-damage|p2a: Maushold|0 fnt\n|faint|p2a: Maushold\n|\n|-heal|p1a: Dondozo|37\/100|[from] item: Leftovers\n|upkeep\n|\n|t:|1682850106\n|switch|p2a: Meowscarada|Meowscarada, L50, M|100\/100\n|turn|5\n|\n|t:|1682850116\n|-terastallize|p1a: Dondozo|Steel\n|move|p2b: Flutter Mane|Dazzling Gleam|p1a: Dondozo|[spread] p1a,p1b\n|-resisted|p1a: Dondozo\n|-supereffective|p1b: Dragapult\n|-damage|p1a: Dondozo|22\/100\n|-damage|p1b: Dragapult|0 fnt\n|faint|p1b: Dragapult\n|move|p2a: Meowscarada|Flower Trick|p1a: Dondozo\n|-resisted|p1a: Dondozo\n|-crit|p1a: Dondozo\n|-damage|p1a: Dondozo|4\/100\n|move|p1a: Dondozo|Earthquake|p2a: Meowscarada|[spread] p2a,p2b\n|-resisted|p2a: Meowscarada\n|-damage|p2a: Meowscarada|85\/100\n|-damage|p2b: Flutter Mane|56\/100\n|\n|-heal|p1a: Dondozo|10\/100|[from] item: Leftovers\n|upkeep\n|\n|t:|1682850127\n|switch|p1b: Tatsugiri|Tatsugiri, L50, M, shiny|100\/100\n|-activate|p1b: Tatsugiri|ability: Commander|[of] p1a: Dondozo\n|-boost|p1a: Dondozo|atk|2\n|-boost|p1a: Dondozo|spa|2\n|-boost|p1a: Dondozo|spe|2\n|-boost|p1a: Dondozo|def|2\n|-boost|p1a: Dondozo|spd|2\n|turn|6\n|\n|t:|1682850148\n|move|p1a: Dondozo|Protect|p1a: Dondozo\n|-singleturn|p1a: Dondozo|Protect\n|move|p2b: Flutter Mane|Mystical Fire|p1a: Dondozo\n|-activate|p1a: Dondozo|move: Protect\n|move|p2a: Meowscarada|Flower Trick|p1a: Dondozo\n|-activate|p1a: Dondozo|move: Protect\n|\n|-heal|p1a: Dondozo|16\/100|[from] item: Leftovers\n|upkeep\n|turn|7\n|\n|t:|1682850160\n|move|p2b: Flutter Mane|Mystical Fire|p1a: Dondozo\n|-supereffective|p1a: Dondozo\n|-damage|p1a: Dondozo|0 fnt\n|faint|p1a: Dondozo\n|move|p2a: Meowscarada|Play Rough|p1b: Tatsugiri\n|-supereffective|p1b: Tatsugiri\n|-damage|p1b: Tatsugiri|0 fnt\n|faint|p1b: Tatsugiri\n|\n|win|magicwombat7778\n|raw|agtvvgc's rating: 1014 → 1002<\/strong> (-12 for losing)\n|raw|magicwombat7778's rating: 1019 → 1056<\/strong> (+37 for winning)\n|l|\u2606agtvvgc\n","uploadtime":1682850176,"views":12,"p1id":"agtvvgc","p2id":"magicwombat7778","formatid":"gen9vgc2023regulationc","rating":1002,"private":0,"password":""}