{"id":"gen9vgc2023regulationc-1863214813","p1":"oojclops","p2":"LithliyaOmorose","format":"[Gen 9] VGC 2023 Regulation C","log":"|j|\u2606oojclops\n|j|\u2606LithliyaOmorose\n|t:|1683989335\n|gametype|doubles\n|player|p1|oojclops|rocketgruntf|1089\n|player|p2|LithliyaOmorose|clerkf|1056\n|teamsize|p1|6\n|teamsize|p2|6\n|gen|9\n|tier|[Gen 9] VGC 2023 Regulation C\n|rated|\n|rule|Species Clause: Limit one of each Pok\u00e9mon\n|rule|Item Clause: Limit one of each item\n|clearpoke\n|poke|p1|Arcanine, L50, M|\n|poke|p1|Flutter Mane, L50|\n|poke|p1|Kingambit, L50, F|\n|poke|p1|Gothitelle, L50, M|\n|poke|p1|Maushold, L50|\n|poke|p1|Breloom, L50, M|\n|poke|p2|Florges, L50, F|\n|poke|p2|Scovillain, L50, F|\n|poke|p2|Houndoom, L50, F|\n|poke|p2|Leafeon, L50, F|\n|poke|p2|Krookodile, L50, M|\n|poke|p2|Tropius, L50, M|\n|teampreview|4\n|inactive|Battle timer is ON: inactive players will automatically lose when time's up. (requested by LithliyaOmorose)\n|inactive|oojclops has 60 seconds left.\n|inactive|LithliyaOmorose has 60 seconds left.\n|inactive|oojclops has 30 seconds left.\n|\n|t:|1683989401\n|start\n|switch|p1a: Flutter Mane|Flutter Mane, L50|100\/100\n|switch|p1b: Gothitelle|Gothitelle, L50, M|100\/100\n|switch|p2a: Florges|Florges, L50, F|100\/100\n|switch|p2b: Scovillain|Scovillain, L50, F|100\/100\n|-enditem|p1a: Flutter Mane|Booster Energy\n|-activate|p1a: Flutter Mane|ability: Protosynthesis|[fromitem]\n|-start|p1a: Flutter Mane|protosynthesisspe\n|turn|1\n|\n|t:|1683989426\n|move|p1b: Gothitelle|Fake Out|p2b: Scovillain\n|-damage|p2b: Scovillain|92\/100\n|move|p1a: Flutter Mane|Substitute|p1a: Flutter Mane\n|-start|p1a: Flutter Mane|Substitute\n|-damage|p1a: Flutter Mane|75\/100\n|move|p2a: Florges|Pollen Puff|p1b: Gothitelle\n|-supereffective|p1b: Gothitelle\n|-damage|p1b: Gothitelle|68\/100\n|cant|p2b: Scovillain|flinch\n|\n|-ability|p2b: Scovillain|Moody|boost\n|-boost|p2b: Scovillain|atk|2\n|-unboost|p2b: Scovillain|spd|1\n|upkeep\n|turn|2\n|\n|t:|1683989451\n|switch|p1b: Maushold|Maushold, L50|100\/100\n|move|p1a: Flutter Mane|Shadow Ball|p2b: Scovillain\n|-damage|p2b: Scovillain|23\/100\n|move|p2a: Florges|Misty Terrain|p2a: Florges\n|-fieldstart|move: Misty Terrain\n|move|p2b: Scovillain|Sunny Day|p2b: Scovillain\n|-weather|SunnyDay\n|\n|-weather|SunnyDay|[upkeep]\n|-ability|p2b: Scovillain|Moody|boost\n|-boost|p2b: Scovillain|spe|2\n|-unboost|p2b: Scovillain|spa|1\n|upkeep\n|turn|3\n|inactive|oojclops has 30 seconds left.\n|inactive|LithliyaOmorose has 30 seconds left.\n|inactive|oojclops has 20 seconds left.\n|\n|t:|1683989489\n|move|p1b: Maushold|Follow Me|p1b: Maushold\n|-singleturn|p1b: Maushold|move: Follow Me\n|move|p1a: Flutter Mane|Moonblast|p2b: Scovillain\n|-resisted|p2b: Scovillain\n|-damage|p2b: Scovillain|0 fnt\n|faint|p2b: Scovillain\n|move|p2a: Florges|Giga Drain|p1b: Maushold\n|-damage|p1b: Maushold|85\/100\n|\n|-weather|SunnyDay|[upkeep]\n|upkeep\n|\n|t:|1683989503\n|switch|p2b: Houndoom|Houndoom, L50, F|100\/100\n|turn|4\n|\n|t:|1683989520\n|-terastallize|p2b: Houndoom|Grass\n|move|p1b: Maushold|Follow Me|p1b: Maushold\n|-singleturn|p1b: Maushold|move: Follow Me\n|move|p1a: Flutter Mane|Moonblast|p2b: Houndoom\n|-damage|p2b: Houndoom|36\/100\n|move|p2b: Houndoom|Heat Wave|p1b: Maushold|[spread] p1a,p1b\n|-end|p1a: Flutter Mane|Substitute\n|-damage|p1b: Maushold|34\/100\n|-enditem|p1b: Maushold|Sitrus Berry|[eat]\n|-heal|p1b: Maushold|59\/100|[from] item: Sitrus Berry\n|-heal|p1b: Maushold|92\/100|[from] ability: Cheek Pouch\n|move|p2a: Florges|Pollen Puff|p1b: Maushold\n|-damage|p1b: Maushold|71\/100\n|\n|-weather|SunnyDay|[upkeep]\n|upkeep\n|turn|5\n|inactive|oojclops has 30 seconds left.\n|inactive|LithliyaOmorose has 30 seconds left.\n|\n|t:|1683989553\n|move|p1a: Flutter Mane|Moonblast|p2b: Houndoom\n|-damage|p2b: Houndoom|0 fnt\n|faint|p2b: Houndoom\n|move|p1b: Maushold|Population Bomb|p2a: Florges\n|-damage|p2a: Florges|93\/100\n|-damage|p2a: Florges|85\/100\n|-damage|p2a: Florges|77\/100\n|-damage|p2a: Florges|69\/100\n|-damage|p2a: Florges|61\/100\n|-hitcount|p2a: Florges|5\n|move|p2a: Florges|Pollen Puff|p2: Houndoom|[notarget]\n|-fail|p2a: Florges\n|\n|-weather|SunnyDay|[upkeep]\n|upkeep\n|\n|t:|1683989567\n|switch|p2b: Krookodile|Krookodile, L50, M|100\/100\n|turn|6\n|\n|t:|1683989579\n|move|p1a: Flutter Mane|Moonblast|p2b: Krookodile\n|-supereffective|p2b: Krookodile\n|-crit|p2b: Krookodile\n|-damage|p2b: Krookodile|0 fnt\n|faint|p2b: Krookodile\n|move|p1b: Maushold|Population Bomb|p2a: Florges\n|-damage|p2a: Florges|53\/100\n|-damage|p2a: Florges|45\/100\n|-damage|p2a: Florges|37\/100\n|-damage|p2a: Florges|30\/100\n|-damage|p2a: Florges|23\/100\n|-damage|p2a: Florges|15\/100\n|-hitcount|p2a: Florges|6\n|move|p2a: Florges|Giga Drain|p1a: Flutter Mane\n|-damage|p1a: Flutter Mane|58\/100\n|-heal|p2a: Florges|24\/100|[from] drain|[of] p1a: Flutter Mane\n|\n|-weather|none\n|-fieldend|Misty Terrain\n|upkeep\n|turn|7\n|\n|t:|1683989598\n|move|p1b: Maushold|Protect|p1b: Maushold\n|-singleturn|p1b: Maushold|Protect\n|move|p1a: Flutter Mane|Shadow Ball|p2a: Florges\n|-damage|p2a: Florges|6\/100\n|move|p2a: Florges|Draining Kiss|p1b: Maushold\n|-activate|p1b: Maushold|move: Protect\n|\n|upkeep\n|turn|8\n|c|\u2606oojclops|I'm so confused\n|\n|t:|1683989611\n|move|p1b: Maushold|Protect|p1b: Maushold\n|-singleturn|p1b: Maushold|Protect\n|move|p1a: Flutter Mane|Shadow Ball|p2a: Florges\n|-damage|p2a: Florges|0 fnt\n|faint|p2a: Florges\n|\n|win|oojclops\n|raw|oojclops's rating: 1089 → 1113<\/strong> (+24 for winning)\n|raw|LithliyaOmorose's rating: 1056 → 1039<\/strong> (-17 for losing)\n|l|\u2606LithliyaOmorose\n","uploadtime":1683989622,"views":4,"p1id":"oojclops","p2id":"lithliyaomorose","formatid":"gen9vgc2023regulationc","rating":1039,"private":0,"password":""}