{"id":"gen9vgc2023regulationc-1864312076","p1":"Skh11","p2":"Poketata","format":"[Gen 9] VGC 2023 Regulation C","log":"|j|\u2606Skh11\n|j|\u2606Poketata\n|t:|1684153865\n|gametype|doubles\n|player|p1|Skh11|bruno|1037\n|player|p2|Poketata|1|1088\n|teamsize|p1|6\n|teamsize|p2|5\n|gen|9\n|tier|[Gen 9] VGC 2023 Regulation C\n|rated|\n|rule|Species Clause: Limit one of each Pok\u00e9mon\n|rule|Item Clause: Limit one of each item\n|clearpoke\n|poke|p1|Chien-Pao, L50|\n|poke|p1|Scream Tail, L50|\n|poke|p1|Ceruledge, L50, F|\n|poke|p1|Baxcalibur, L50, F|\n|poke|p1|Amoonguss, L50, F|\n|poke|p1|Gholdengo, L50|\n|poke|p2|Electrode, L50|\n|poke|p2|Cloyster, L50, F|\n|poke|p2|Corviknight, L50, M|\n|poke|p2|Garchomp, L50, F|\n|poke|p2|Iron Valiant, L50|\n|teampreview|4\n|inactive|Battle timer is ON: inactive players will automatically lose when time's up. (requested by Poketata)\n|inactive|Skh11 also wants the timer to be on.\nPoketata rejected open team sheets.\n|inactive|Poketata has 60 seconds left.\n|\n|t:|1684153908\n|start\n|switch|p1a: Baxcalibur|Baxcalibur, L50, F|100\/100\n|switch|p1b: Scream Tail|Scream Tail, L50|100\/100\n|switch|p2a: Corviknight|Corviknight, L50, M, shiny|100\/100\n|switch|p2b: Iron Valiant|Iron Valiant, L50, shiny|100\/100\n|-ability|p2a: Corviknight|Unnerve\n|-enditem|p1b: Scream Tail|Booster Energy\n|-activate|p1b: Scream Tail|ability: Protosynthesis|[fromitem]\n|-start|p1b: Scream Tail|protosynthesisspe\n|-enditem|p2b: Iron Valiant|Booster Energy\n|-activate|p2b: Iron Valiant|ability: Quark Drive|[fromitem]\n|-start|p2b: Iron Valiant|quarkdriveatk\n|turn|1\n|l|\u2606Skh11\n|inactive|Skh11 disconnected and has a minute to reconnect!\n|player|p1|\n|inactive|Poketata has 30 seconds left.\n|j|\u2606Skh11\n|inactive|Skh11 reconnected.\n|player|p1|Skh11|bruno\n|inactive|Poketata has 20 seconds left.\n|\n|t:|1684153943\n|-terastallize|p1a: Baxcalibur|Poison\n|move|p1b: Scream Tail|Howl|p1b: Scream Tail|[spread] p1a,p1b\n|-boost|p1a: Baxcalibur|atk|1\n|-boost|p1b: Scream Tail|atk|1\n|move|p2b: Iron Valiant|Spirit Break|p1a: Baxcalibur\n|-resisted|p1a: Baxcalibur\n|-damage|p1a: Baxcalibur|70\/100\n|move|p1a: Baxcalibur|Icicle Crash|p2a: Corviknight\n|-damage|p2a: Corviknight|41\/100\n|cant|p2a: Corviknight|flinch\n|\n|upkeep\n|turn|2\n|inactive|Skh11 has 30 seconds left.\n|inactive|Poketata has 30 seconds left.\n|\n|t:|1684153977\n|-end|p2b: Iron Valiant|Quark Drive|[silent]\n|switch|p2b: Garchomp|Garchomp, L50, F, shiny|100\/100\n|move|p1b: Scream Tail|Howl|p1b: Scream Tail|[spread] p1a,p1b\n|-boost|p1a: Baxcalibur|atk|1\n|-boost|p1b: Scream Tail|atk|1\n|move|p1a: Baxcalibur|Icicle Crash|p2a: Corviknight\n|-damage|p2a: Corviknight|0 fnt\n|faint|p2a: Corviknight\n|\n|upkeep\n|\n|t:|1684153990\n|switch|p2a: Electrode|Electrode, L50, shiny|100\/100\n|turn|3\n|\n|t:|1684154007\n|-terastallize|p2b: Garchomp|Steel\n|move|p1b: Scream Tail|Protect|p1b: Scream Tail\n|-singleturn|p1b: Scream Tail|Protect\n|move|p1a: Baxcalibur|Ice Shard|p2b: Garchomp\n|-resisted|p2b: Garchomp\n|-damage|p2b: Garchomp|75\/100\n|move|p2a: Electrode|Taunt|p1b: Scream Tail\n|-activate|p1b: Scream Tail|move: Protect\n|move|p2b: Garchomp|Swords Dance|p2b: Garchomp\n|-boost|p2b: Garchomp|atk|2\n|\n|upkeep\n|turn|4\n|inactive|Poketata has 30 seconds left.\n|inactive|Poketata has 20 seconds left.\n|\n|t:|1684154044\n|move|p1a: Baxcalibur|Ice Shard|p2a: Electrode\n|-damage|p2a: Electrode|16\/100\n|move|p1b: Scream Tail|Encore|p2b: Garchomp\n|-start|p2b: Garchomp|Encore\n|move|p2a: Electrode|Thunderbolt|p1b: Scream Tail\n|-damage|p1b: Scream Tail|75\/100\n|move|p2b: Garchomp|Swords Dance|p2b: Garchomp\n|-boost|p2b: Garchomp|atk|2\n|\n|upkeep\n|turn|5\n|\n|t:|1684154063\n|move|p1a: Baxcalibur|Ice Shard|p2a: Electrode\n|-damage|p2a: Electrode|0 fnt\n|faint|p2a: Electrode\n|move|p1b: Scream Tail|Disable|p2b: Garchomp\n|-start|p2b: Garchomp|Disable|Swords Dance\n|cant|p2b: Garchomp|Disable|Swords Dance\n|\n|upkeep\n|\n|t:|1684154070\n|switch|p2a: Iron Valiant|Iron Valiant, L50, shiny|100\/100\n|turn|6\n|\n|t:|1684154079\n|move|p1b: Scream Tail|Protect|p1b: Scream Tail\n|-singleturn|p1b: Scream Tail|Protect\n|move|p2a: Iron Valiant|Quick Guard|p2a: Iron Valiant\n|-singleturn|p2a: Iron Valiant|Quick Guard\n|move|p1a: Baxcalibur|Ice Shard|p2a: Iron Valiant\n|-activate|p2a: Iron Valiant|move: Quick Guard\n|-activate|p2b: Garchomp|move: Struggle\n|move|p2b: Garchomp|Struggle|p1b: Scream Tail\n|-activate|p1b: Scream Tail|move: Protect\n|\n|-end|p2b: Garchomp|Encore\n|upkeep\n|turn|7\n|inactive|Poketata has 30 seconds left.\n|\n|t:|1684154107\n|move|p2b: Garchomp|Protect|p2b: Garchomp\n|-singleturn|p2b: Garchomp|Protect\n|move|p1b: Scream Tail|Encore|p2b: Garchomp\n|-activate|p2b: Garchomp|move: Protect\n|move|p2a: Iron Valiant|Spirit Break|p1b: Scream Tail\n|-damage|p1b: Scream Tail|42\/100\n|-unboost|p1b: Scream Tail|spa|1\n|move|p1a: Baxcalibur|Icicle Crash|p2a: Iron Valiant\n|-damage|p2a: Iron Valiant|0 fnt\n|faint|p2a: Iron Valiant\n|-end|p2a: Iron Valiant|Quark Drive|[silent]\n|\n|upkeep\n|turn|8\n|c|\u2606Skh11|Gg\n|\n|t:|1684154126\n|move|p1b: Scream Tail|Encore|p2b: Garchomp\n|-start|p2b: Garchomp|Encore\n|move|p2b: Garchomp|Protect|p2b: Garchomp\n|-singleturn|p2b: Garchomp|Protect\n|move|p1a: Baxcalibur|Icicle Crash|p2b: Garchomp\n|-activate|p2b: Garchomp|move: Protect\n|\n|-end|p2b: Garchomp|Disable\n|upkeep\n|turn|9\n|\n|t:|1684154135\n|move|p2b: Garchomp|Protect||[still]\n|-fail|p2b: Garchomp\n|move|p1b: Scream Tail|Disable|p2b: Garchomp\n|-start|p2b: Garchomp|Disable|Protect\n|move|p1a: Baxcalibur|Icicle Crash|p2b: Garchomp\n|-resisted|p2b: Garchomp\n|-damage|p2b: Garchomp|27\/100\n|\n|upkeep\n|turn|10\n|\n|t:|1684154146\n|move|p1b: Scream Tail|Howl|p1b: Scream Tail|[spread] p1a,p1b\n|-boost|p1a: Baxcalibur|atk|1\n|-boost|p1b: Scream Tail|atk|1\n|-activate|p2b: Garchomp|move: Struggle\n|move|p2b: Garchomp|Struggle|p1a: Baxcalibur\n|-damage|p1a: Baxcalibur|0 fnt\n|faint|p1a: Baxcalibur\n|-damage|p2b: Garchomp|2\/100|[from] recoil\n|-damage|p2b: Garchomp|0 fnt|[from] item: Life Orb\n|faint|p2b: Garchomp\n|\n|win|Skh11\n|raw|Skh11's rating: 1037 → 1076<\/strong> (+39 for winning)\n|raw|Poketata's rating: 1088 → 1061<\/strong> (-27 for losing)\n","uploadtime":1684154160,"views":8,"p1id":"skh11","p2id":"poketata","formatid":"gen9vgc2023regulationc","rating":1061,"private":0,"password":""}