{"id":"gen9vgc2023regulationc-1860073308","p1":"HazeOneTrick","p2":"airport gamer","format":"[Gen 9] VGC 2023 Regulation C","log":"|j|\u2606HazeOneTrick\n|j|\u2606airport gamer\n|t:|1683592086\n|gametype|doubles\n|player|p1|HazeOneTrick|acetrainer-gen6xy|\n|player|p2|airport gamer|crasherwake|\n|teamsize|p1|6\n|teamsize|p2|6\n|gen|9\n|tier|[Gen 9] VGC 2023 Regulation C\n|rule|Species Clause: Limit one of each Pok\u00e9mon\n|rule|Item Clause: Limit one of each item\n|clearpoke\n|poke|p1|Kingambit, L50, M|\n|poke|p1|Baxcalibur, L50, M|\n|poke|p1|Flutter Mane, L50|\n|poke|p1|Chi-Yu, L50|\n|poke|p1|Gyarados, L50, M|\n|poke|p1|Amoonguss, L50, M|\n|poke|p2|Garganacl, L50, F|\n|poke|p2|Arcanine, L50, F|\n|poke|p2|Palafin, L50, F|\n|poke|p2|Amoonguss, L50, F|\n|poke|p2|Flutter Mane, L50|\n|poke|p2|Dragonite, L50, F|\n|teampreview|4\nHazeOneTrick has agreed to open team sheets.\n|\n|t:|1683592101\n|start\n|switch|p1a: Kingambit|Kingambit, L50, M|100\/100\n|switch|p1b: Baxcalibur|Baxcalibur, L50, M|100\/100\n|switch|p2a: Garganacl|Garganacl, L50, F|100\/100\n|switch|p2b: Palafin|Palafin, L50, F|100\/100\n|turn|1\n|\n|t:|1683592130\n|detailschange|p2b: Palafin|Palafin-Hero, L50, F\n|switch|p2b: Amoonguss|Amoonguss, L50, F|100\/100\n|move|p1b: Baxcalibur|Icicle Crash|p2b: Amoonguss\n|-supereffective|p2b: Amoonguss\n|-damage|p2b: Amoonguss|24\/100\n|-enditem|p2b: Amoonguss|Sitrus Berry|[eat]\n|-heal|p2b: Amoonguss|49\/100|[from] item: Sitrus Berry\n|move|p1a: Kingambit|Swords Dance|p1a: Kingambit\n|-boost|p1a: Kingambit|atk|2\n|move|p2a: Garganacl|Salt Cure|p1a: Kingambit\n|-resisted|p1a: Kingambit\n|-damage|p1a: Kingambit|96\/100\n|-start|p1a: Kingambit|Salt Cure\n|\n|-damage|p1a: Kingambit|71\/100|[from] Salt Cure\n|upkeep\n|turn|2\n|c|\u2606airport gamer|Uh oh\n|\n|t:|1683592176\n|switch|p1b: Amoonguss|Amoonguss, L50, M|100\/100\n|switch|p2b: Palafin|Palafin-Hero, L50, F|100\/100\n|-activate|p2b: Palafin|ability: Zero to Hero\n|-terastallize|p1a: Kingambit|Dark\n|move|p1a: Kingambit|Kowtow Cleave|p2b: Palafin\n|-damage|p2b: Palafin|0 fnt\n|faint|p2b: Palafin\n|move|p2a: Garganacl|Salt Cure|p1b: Amoonguss\n|-damage|p1b: Amoonguss|90\/100\n|-start|p1b: Amoonguss|Salt Cure\n|\n|-damage|p1a: Kingambit|59\/100|[from] Salt Cure\n|-damage|p1b: Amoonguss|77\/100|[from] Salt Cure\n|upkeep\n|\n|t:|1683592188\n|switch|p2b: Flutter Mane|Flutter Mane, L50|100\/100\n|-enditem|p2b: Flutter Mane|Booster Energy\n|-activate|p2b: Flutter Mane|ability: Protosynthesis|[fromitem]\n|-start|p2b: Flutter Mane|protosynthesisspa\n|turn|3\n|\n|t:|1683592216\n|-terastallize|p2b: Flutter Mane|Fairy\n|move|p1b: Amoonguss|Rage Powder|p1b: Amoonguss\n|-singleturn|p1b: Amoonguss|move: Rage Powder\n|move|p2b: Flutter Mane|Moonblast|p1b: Amoonguss\n|-resisted|p1b: Amoonguss\n|-damage|p1b: Amoonguss|32\/100\n|-unboost|p1b: Amoonguss|spa|1\n|-enditem|p1b: Amoonguss|Sitrus Berry|[eat]\n|-heal|p1b: Amoonguss|57\/100|[from] item: Sitrus Berry\n|move|p1a: Kingambit|Swords Dance|p1a: Kingambit\n|-boost|p1a: Kingambit|atk|2\n|move|p2a: Garganacl|Stealth Rock|p1a: Kingambit\n|-sidestart|p1: HazeOneTrick|move: Stealth Rock\n|\n|-damage|p1a: Kingambit|47\/100|[from] Salt Cure\n|-damage|p1b: Amoonguss|45\/100|[from] Salt Cure\n|upkeep\n|turn|4\n|\n|t:|1683592244\n|move|p2b: Flutter Mane|Substitute|p2b: Flutter Mane\n|-start|p2b: Flutter Mane|Substitute\n|-damage|p2b: Flutter Mane|76\/100\n|move|p1a: Kingambit|Kowtow Cleave|p2a: Garganacl\n|-damage|p2a: Garganacl|0 fnt\n|faint|p2a: Garganacl\n|move|p1b: Amoonguss|Pollen Puff|p1a: Kingambit\n|-heal|p1a: Kingambit|97\/100\n|\n|-damage|p1a: Kingambit|85\/100|[from] Salt Cure\n|-damage|p1b: Amoonguss|32\/100|[from] Salt Cure\n|upkeep\n|c|\u2606airport gamer|Gg\n|\n|t:|1683592257\n|switch|p2a: Amoonguss|Amoonguss, L50, F|82\/100\n|turn|5\n|c|\u2606HazeOneTrick|not yet\n|c|\u2606HazeOneTrick|this is around the time i choke remember\n|c|\u2606airport gamer|You outplayed me hard the last 2 turns\n|\n|t:|1683592302\n|switch|p1b: Gyarados|Gyarados, L50, M|100\/100\n|-damage|p1b: Gyarados|76\/100|[from] Stealth Rock\n|-ability|p1b: Gyarados|Intimidate|boost\n|-unboost|p2a: Amoonguss|atk|1\n|-immune|p2b: Flutter Mane\n|move|p2b: Flutter Mane|Protect|p2b: Flutter Mane\n|-singleturn|p2b: Flutter Mane|Protect\n|move|p1a: Kingambit|Protect|p1a: Kingambit\n|-singleturn|p1a: Kingambit|Protect\n|move|p2a: Amoonguss|Spore|p1a: Kingambit\n|-activate|p1a: Kingambit|move: Protect\n|\n|-damage|p1a: Kingambit|72\/100|[from] Salt Cure\n|upkeep\n|turn|6\n|\n|t:|1683592347\n|switch|p1a: Amoonguss|Amoonguss, L50, M|65\/100\n|-damage|p1a: Amoonguss|53\/100|[from] Stealth Rock\n|move|p2a: Amoonguss|Protect|p2a: Amoonguss\n|-singleturn|p2a: Amoonguss|Protect\n|move|p2b: Flutter Mane|Moonblast|p1b: Gyarados\n|-damage|p1b: Gyarados|16\/100\n|-enditem|p1b: Gyarados|Mago Berry|[eat]\n|-heal|p1b: Gyarados|49\/100|[from] item: Mago Berry\n|move|p1b: Gyarados|Taunt|p2a: Amoonguss\n|-activate|p2a: Amoonguss|move: Protect\n|\n|upkeep\n|turn|7\n|\n|t:|1683592381\n|move|p1a: Amoonguss|Rage Powder|p1a: Amoonguss\n|-singleturn|p1a: Amoonguss|move: Rage Powder\n|move|p2b: Flutter Mane|Moonblast|p1a: Amoonguss\n|-resisted|p1a: Amoonguss\n|-damage|p1a: Amoonguss|9\/100\n|move|p1b: Gyarados|Taunt|p2a: Amoonguss\n|-start|p2a: Amoonguss|move: Taunt\n|move|p2a: Amoonguss|Pollen Puff|p1a: Amoonguss\n|-damage|p1a: Amoonguss|0 fnt\n|faint|p1a: Amoonguss\n|\n|upkeep\n|\n|t:|1683592429\n|switch|p1a: Baxcalibur|Baxcalibur, L50, M|100\/100\n|-damage|p1a: Baxcalibur|76\/100|[from] Stealth Rock\n|turn|8\n|\n|t:|1683592459\n|move|p1a: Baxcalibur|Ice Shard|p2b: Flutter Mane\n|-end|p2b: Flutter Mane|Substitute\n|move|p2b: Flutter Mane|Moonblast|p1b: Gyarados\n|-damage|p1b: Gyarados|0 fnt\n|faint|p1b: Gyarados\n|move|p2a: Amoonguss|Pollen Puff|p2b: Flutter Mane\n|-heal|p2b: Flutter Mane|100\/100\n|\n|upkeep\n|\n|t:|1683592465\n|switch|p1b: Kingambit|Kingambit, L50, M, tera:Dark|72\/100\n|-damage|p1b: Kingambit|60\/100|[from] Stealth Rock\n|turn|9\n|\n|t:|1683592495\n|move|p1b: Kingambit|Sucker Punch|p2b: Flutter Mane\n|-resisted|p2b: Flutter Mane\n|-damage|p2b: Flutter Mane|47\/100\n|move|p2b: Flutter Mane|Moonblast|p1a: Baxcalibur\n|-supereffective|p1a: Baxcalibur\n|-damage|p1a: Baxcalibur|0 fnt\n|faint|p1a: Baxcalibur\n|move|p2a: Amoonguss|Pollen Puff|p1b: Kingambit\n|-supereffective|p1b: Kingambit\n|-damage|p1b: Kingambit|23\/100\n|\n|-end|p2a: Amoonguss|move: Taunt\n|upkeep\n|turn|10\n|c|\u2606HazeOneTrick|like\n|c|\u2606HazeOneTrick|i can never\n|c|\u2606HazeOneTrick|close situations\n|c|\u2606HazeOneTrick|its my one problem\n|c|\u2606HazeOneTrick|im telling u\n|c|\u2606HazeOneTrick|once i figure out how to play end games\n|c|\u2606HazeOneTrick|im unstopable\n|c|\u2606airport gamer|lol\n|\n|t:|1683592549\n|move|p2a: Amoonguss|Rage Powder|p2a: Amoonguss\n|-singleturn|p2a: Amoonguss|move: Rage Powder\n|move|p1b: Kingambit|Sucker Punch||[still]\n|-fail|p1b: Kingambit\n|move|p2b: Flutter Mane|Moonblast|p1b: Kingambit\n|-supereffective|p1b: Kingambit\n|-damage|p1b: Kingambit|0 fnt\n|faint|p1b: Kingambit\n|\n|win|airport gamer\n|c|\u2606airport gamer|To be fair I am a pro sub gamer\n","uploadtime":1683592562,"views":12,"p1id":"hazeonetrick","p2id":"airportgamer","formatid":"gen9vgc2023regulationc","rating":0,"private":0,"password":""}