{"id":"gen9vgc2023regulationc-1844953453","p1":"Bardax92","p2":"Jogador2007","format":"[Gen 9] VGC 2023 Regulation C","log":"|j|\u2606Bardax92\n|j|\u2606Jogador2007\n|t:|1681667699\n|gametype|doubles\n|player|p1|Bardax92|1|1126\n|player|p2|Jogador2007|ltsurge|1023\n|teamsize|p1|6\n|teamsize|p2|6\n|gen|9\n|tier|[Gen 9] VGC 2023 Regulation C\n|rated|\n|rule|Species Clause: Limit one of each Pok\u00e9mon\n|rule|Item Clause: Limit one of each item\n|clearpoke\n|poke|p1|Wo-Chien, L50|\n|poke|p1|Glimmora, L50, M|\n|poke|p1|Dragonite, L50, F|\n|poke|p1|Gastrodon, L50, F|\n|poke|p1|Talonflame, L50, F|\n|poke|p1|Stantler, L50, F|\n|poke|p2|Chien-Pao, L50|\n|poke|p2|Flutter Mane, L50|\n|poke|p2|Dragapult, L50, M|\n|poke|p2|Wo-Chien, L50|\n|poke|p2|Corviknight, L50, F|\n|poke|p2|Rotom-Wash, L50|\n|teampreview|4\n|inactive|Battle timer is ON: inactive players will automatically lose when time's up. (requested by Jogador2007)\n|inactive|Bardax92 has 60 seconds left.\n|inactive|Jogador2007 has 60 seconds left.\n|\n|t:|1681667747\n|start\n|switch|p1a: Gastrodon|Gastrodon, L50, F|100\/100\n|switch|p1b: Talonflame|Talonflame, L50, F|100\/100\n|switch|p2a: Wo-Chien|Wo-Chien, L50|100\/100\n|switch|p2b: Chien-Pao|Chien-Pao, L50|100\/100\n|-ability|p2b: Chien-Pao|Sword of Ruin\n|-ability|p2a: Wo-Chien|Tablets of Ruin\n|turn|1\n|c|\u2606Jogador2007|Glhf\n|inactive|Bardax92 has 30 seconds left.\n|inactive|Jogador2007 has 30 seconds left.\n|inactive|Jogador2007 has 20 seconds left.\n|inactive|Jogador2007 has 15 seconds left.\n|\n|t:|1681667788\n|-terastallize|p1a: Gastrodon|Fire\n|move|p2a: Wo-Chien|Protect|p2a: Wo-Chien\n|-singleturn|p2a: Wo-Chien|Protect\n|move|p2b: Chien-Pao|Icicle Crash|p1b: Talonflame|[miss]\n|-miss|p2b: Chien-Pao|p1b: Talonflame\n|move|p1b: Talonflame|Will-O-Wisp|p2b: Chien-Pao\n|-status|p2b: Chien-Pao|brn\n|move|p1a: Gastrodon|Muddy Water|p2a: Wo-Chien|[spread] p2b\n|-activate|p2a: Wo-Chien|move: Protect\n|-damage|p2b: Chien-Pao|63\/100 brn\n|-unboost|p2b: Chien-Pao|accuracy|1\n|\n|-damage|p2b: Chien-Pao|57\/100 brn|[from] brn\n|upkeep\n|turn|2\n|\n|t:|1681667812\n|move|p1b: Talonflame|Brave Bird|p2a: Wo-Chien\n|-supereffective|p2a: Wo-Chien\n|-damage|p2a: Wo-Chien|21\/100\n|-damage|p1b: Talonflame|68\/100|[from] Recoil\n|move|p2b: Chien-Pao|Icicle Crash|p1b: Talonflame|[miss]\n|-miss|p2b: Chien-Pao|p1b: Talonflame\n|move|p2a: Wo-Chien|Leech Seed|p1b: Talonflame\n|-start|p1b: Talonflame|move: Leech Seed\n|move|p1a: Gastrodon|Ice Beam|p2a: Wo-Chien\n|-supereffective|p2a: Wo-Chien\n|-damage|p2a: Wo-Chien|0 fnt\n|faint|p2a: Wo-Chien\n|\n|-damage|p2b: Chien-Pao|51\/100 brn|[from] brn\n|upkeep\n|\n|t:|1681667830\n|switch|p2a: Rotom|Rotom-Wash, L50, shiny|100\/100\n|turn|3\n|\n|t:|1681667843\n|switch|p1b: Glimmora|Glimmora, L50, M|100\/100\n|-terastallize|p2a: Rotom|Electric\n|move|p2b: Chien-Pao|Icicle Crash|p1b: Glimmora\n|-damage|p1b: Glimmora|72\/100\n|-activate|p1b: Glimmora|ability: Toxic Debris\n|-sidestart|p2: Jogador2007|move: Toxic Spikes\n|move|p2a: Rotom|Hydro Pump|p1a: Gastrodon\n|-ability|p1a: Gastrodon|Storm Drain|boost\n|-boost|p1a: Gastrodon|spa|1\n|move|p1a: Gastrodon|Muddy Water|p2a: Rotom|[spread] p2a,p2b\n|-damage|p2a: Rotom|55\/100\n|-damage|p2b: Chien-Pao|0 fnt\n|faint|p2b: Chien-Pao\n|\n|upkeep\n|\n|t:|1681667860\n|switch|p2b: Corviknight|Corviknight, L50, F, shiny|100\/100\n|turn|4\n|\n|t:|1681667873\n|move|p2a: Rotom|Thunderbolt|p1a: Gastrodon\n|-damage|p1a: Gastrodon|49\/100\n|-damage|p2a: Rotom|45\/100|[from] item: Life Orb\n|move|p1b: Glimmora|Mortal Spin|p2a: Rotom|[spread] p2a\n|-immune|p2b: Corviknight\n|-damage|p2a: Rotom|40\/100\n|-status|p2a: Rotom|psn\n|move|p2b: Corviknight|Iron Defense|p2b: Corviknight\n|-boost|p2b: Corviknight|def|2\n|move|p1a: Gastrodon|Muddy Water|p2a: Rotom|[spread] p2a,p2b\n|-damage|p2a: Rotom|0 fnt\n|-damage|p2b: Corviknight|74\/100\n|-ability|p2b: Corviknight|Mirror Armor\n|-unboost|p1a: Gastrodon|accuracy|1\n|faint|p2a: Rotom\n|\n|upkeep\n|turn|5\n|\n|t:|1681667898\n|move|p1b: Glimmora|Power Gem|p2b: Corviknight\n|-damage|p2b: Corviknight|46\/100\n|move|p2b: Corviknight|Body Press|p1a: Gastrodon\n|-damage|p1a: Gastrodon|7\/100\n|-enditem|p1a: Gastrodon|Aguav Berry|[eat]\n|-heal|p1a: Gastrodon|41\/100|[from] item: Aguav Berry\n|move|p1a: Gastrodon|Recover|p1a: Gastrodon\n|-heal|p1a: Gastrodon|91\/100\n|\n|upkeep\n|turn|6\n|-message|Jogador2007 forfeited.\n|\n|win|Bardax92\n|raw|Bardax92's rating: 1126 → 1144<\/strong> (+18 for winning)\n|raw|Jogador2007's rating: 1023 → 1013<\/strong> (-10 for losing)\n|l|\u2606Jogador2007\n","uploadtime":1681667915,"views":6,"p1id":"bardax92","p2id":"jogador2007","formatid":"gen9vgc2023regulationc","rating":1013,"private":0,"password":""}