{"id":"gen9vgc2023regulationc-1862128430","p1":"Dremtrin","p2":"Carno777","format":"[Gen 9] VGC 2023 Regulation C","log":"|j|\u2606Dremtrin\n|j|\u2606Carno777\n|t:|1683839967\n|gametype|doubles\n|player|p1|Dremtrin|169|1044\n|player|p2|Carno777|lance|1118\n|teamsize|p1|6\n|teamsize|p2|6\n|gen|9\n|tier|[Gen 9] VGC 2023 Regulation C\n|rated|\n|rule|Species Clause: Limit one of each Pok\u00e9mon\n|rule|Item Clause: Limit one of each item\n|clearpoke\n|poke|p1|Arcanine, L50, F|\n|poke|p1|Flutter Mane, L50|\n|poke|p1|Azumarill, L50, F|\n|poke|p1|Dragonite, L50, M|\n|poke|p1|Chien-Pao, L50|\n|poke|p1|Maushold-Four, L50|\n|poke|p2|Dragapult, L50, M|\n|poke|p2|Noivern, L50, M|\n|poke|p2|Brute Bonnet, L50|\n|poke|p2|Gholdengo, L50|\n|poke|p2|Dondozo, L50, M|\n|poke|p2|Maushold-Four, L50|\n|teampreview|4\n|inactive|Battle timer is ON: inactive players will automatically lose when time's up. (requested by Carno777)\nCarno777 has agreed to open team sheets.\n|inactive|Dremtrin has 60 seconds left.\n|inactive|Carno777 has 60 seconds left.\n|inactive|Dremtrin has 30 seconds left.\n|inactive|Dremtrin has 20 seconds left.\n|inactive|Dremtrin has 15 seconds left.\n|\n|t:|1683840044\n|start\n|switch|p1a: Flutter Mane|Flutter Mane, L50|100\/100\n|switch|p1b: Arcanine|Arcanine, L50, F|100\/100\n|switch|p2a: Dondozo|Dondozo, L50, M|100\/100\n|switch|p2b: Maushold|Maushold-Four, L50|100\/100\n|-ability|p1b: Arcanine|Intimidate|boost\n|-unboost|p2a: Dondozo|atk|1\n|-unboost|p2b: Maushold|atk|1\n|turn|1\n|inactive|Dremtrin has 30 seconds left.\n|inactive|Dremtrin has 20 seconds left.\n|inactive|Dremtrin has 15 seconds left.\n|inactive|Dremtrin has 10 seconds left.\n|\n|t:|1683840091\n|move|p2b: Maushold|Helping Hand|p2a: Dondozo\n|-singleturn|p2a: Dondozo|Helping Hand|[of] p2b: Maushold\n|move|p1a: Flutter Mane|Dazzling Gleam|p2a: Dondozo|[spread] p2a,p2b\n|-damage|p2a: Dondozo|76\/100\n|-damage|p2b: Maushold|54\/100\n|move|p1b: Arcanine|Flare Blitz|p2b: Maushold\n|-damage|p2b: Maushold|0 fnt\n|faint|p2b: Maushold\n|-damage|p1b: Arcanine|83\/100|[from] Recoil\n|move|p2a: Dondozo|Heavy Slam|p1a: Flutter Mane\n|-supereffective|p1a: Flutter Mane\n|-enditem|p1a: Flutter Mane|Focus Sash\n|-damage|p1a: Flutter Mane|1\/100\n|\n|-heal|p2a: Dondozo|82\/100|[from] item: Leftovers\n|upkeep\n|\n|t:|1683840110\n|switch|p2b: Dragapult|Dragapult, L50, M|100\/100\n|turn|2\n|\n|t:|1683840127\n|move|p1a: Flutter Mane|Protect|p1a: Flutter Mane\n|-singleturn|p1a: Flutter Mane|Protect\n|move|p2b: Dragapult|U-turn|p1a: Flutter Mane\n|-activate|p1a: Flutter Mane|move: Protect\n|move|p1b: Arcanine|Will-O-Wisp|p2a: Dondozo\n|-status|p2a: Dondozo|brn\n|move|p2a: Dondozo|Wave Crash|p1b: Arcanine\n|-supereffective|p1b: Arcanine\n|-damage|p1b: Arcanine|45\/100\n|-damage|p2a: Dondozo|66\/100 brn|[from] item: Rocky Helmet|[of] p1b: Arcanine\n|-damage|p2a: Dondozo|57\/100 brn|[from] Recoil\n|\n|-heal|p2a: Dondozo|63\/100 brn|[from] item: Leftovers\n|-damage|p2a: Dondozo|57\/100 brn|[from] brn\n|upkeep\n|turn|3\n|\n|t:|1683840146\n|switch|p1b: Dragonite|Dragonite, L50, M|100\/100\n|move|p2b: Dragapult|Phantom Force||[still]\n|-prepare|p2b: Dragapult|Phantom Force\n|move|p1a: Flutter Mane|Thunderbolt|p2a: Dondozo\n|-supereffective|p2a: Dondozo\n|-damage|p2a: Dondozo|0 fnt\n|faint|p2a: Dondozo\n|\n|upkeep\n|\n|t:|1683840155\n|switch|p2a: Gholdengo|Gholdengo, L50|100\/100\n|turn|4\n|\n|t:|1683840165\n|-end|p1a: Flutter Mane|Protosynthesis|[silent]\n|switch|p1a: Chien-Pao|Chien-Pao, L50|100\/100\n|-ability|p1a: Chien-Pao|Sword of Ruin\n|move|p2a: Gholdengo|Dazzling Gleam|p1b: Dragonite|[spread] p1a,p1b\n|-supereffective|p1a: Chien-Pao\n|-supereffective|p1b: Dragonite\n|-damage|p1a: Chien-Pao|27\/100\n|-damage|p1b: Dragonite|82\/100\n|move|p2b: Dragapult|Phantom Force|p1b: Dragonite|[from]lockedmove\n|-damage|p1b: Dragonite|25\/100\n|move|p1b: Dragonite|Stomping Tantrum|p2a: Gholdengo\n|-supereffective|p2a: Gholdengo\n|-damage|p2a: Gholdengo|9\/100\n|\n|-heal|p1b: Dragonite|31\/100|[from] item: Leftovers\n|upkeep\n|turn|5\n|inactive|Dremtrin has 30 seconds left.\n|inactive|Dremtrin has 20 seconds left.\n|inactive|Dremtrin has 15 seconds left.\n|\n|t:|1683840209\n|-terastallize|p2b: Dragapult|Dragon\n|move|p2a: Gholdengo|Dazzling Gleam|p1b: Dragonite|[spread] p1a,p1b\n|-supereffective|p1a: Chien-Pao\n|-crit|p1a: Chien-Pao\n|-supereffective|p1b: Dragonite\n|-damage|p1a: Chien-Pao|0 fnt\n|-damage|p1b: Dragonite|0 fnt\n|faint|p1a: Chien-Pao\n|faint|p1b: Dragonite\n|move|p2b: Dragapult|Dragon Darts|p1: Chien-Pao|[notarget]\n|-fail|p2b: Dragapult\n|\n|upkeep\n|\n|t:|1683840213\n|switch|p1a: Arcanine|Arcanine, L50, F|45\/100\n|switch|p1b: Flutter Mane|Flutter Mane, L50|1\/100\n|-ability|p1a: Arcanine|Intimidate|boost\n|-unboost|p2a: Gholdengo|atk|1\n|-fail|p2b: Dragapult|unboost|[from] ability: Clear Body|[of] p2b: Dragapult\n|turn|6\n|\n|t:|1683840235\n|move|p1b: Flutter Mane|Protect|p1b: Flutter Mane\n|-singleturn|p1b: Flutter Mane|Protect\n|move|p2a: Gholdengo|Dazzling Gleam|p1a: Arcanine|[spread] p1a\n|-activate|p1b: Flutter Mane|move: Protect\n|-resisted|p1a: Arcanine\n|-damage|p1a: Arcanine|32\/100\n|move|p2b: Dragapult|Dragon Darts|p1a: Arcanine\n|-damage|p1a: Arcanine|0 fnt\n|faint|p1a: Arcanine\n|\n|upkeep\n|turn|7\n|\n|t:|1683840249\n|move|p2b: Dragapult|Sucker Punch|p1b: Flutter Mane\n|-damage|p1b: Flutter Mane|0 fnt\n|faint|p1b: Flutter Mane\n|-end|p1b: Flutter Mane|Protosynthesis|[silent]\n|\n|win|Carno777\n|raw|Dremtrin's rating: 1044 → 1031<\/strong> (-13 for losing)\n|raw|Carno777's rating: 1118 → 1138<\/strong> (+20 for winning)\n|l|\u2606Dremtrin\n","uploadtime":1683840260,"views":14,"p1id":"dremtrin","p2id":"carno777","formatid":"gen9vgc2023regulationc","rating":1031,"private":0,"password":""}