{"id":"gen9vgc2023regulationc-1857463139","p1":"drhx","p2":"CurlyBigChuk99","format":"[Gen 9] VGC 2023 Regulation C","log":"|j|\u203ddrhx\n|j|\u2606CurlyBigChuk99\n|t:|1683197088\n|gametype|doubles\n|player|p1|drhx|102|1092\n|player|p2|CurlyBigChuk99|102|1104\n|teamsize|p1|6\n|teamsize|p2|6\n|gen|9\n|tier|[Gen 9] VGC 2023 Regulation C\n|rated|\n|rule|Species Clause: Limit one of each Pok\u00e9mon\n|rule|Item Clause: Limit one of each item\n|clearpoke\n|poke|p1|Glimmora, L50, F|\n|poke|p1|Flutter Mane, L50|\n|poke|p1|Talonflame, L50, M|\n|poke|p1|Iron Bundle, L50|\n|poke|p1|Wo-Chien, L50|\n|poke|p1|Dragonite, L50, F|\n|poke|p2|Chien-Pao, L50|\n|poke|p2|Azumarill, L50, F|\n|poke|p2|Amoonguss, L50, M|\n|poke|p2|Flutter Mane, L50|\n|poke|p2|Arcanine, L50, M|\n|poke|p2|Dragonite, L50, F|\n|teampreview|4\n|inactive|Battle timer is ON: inactive players will automatically lose when time's up. (requested by CurlyBigChuk99)\n|inactive|drhx has 60 seconds left.\n|inactive|drhx has 30 seconds left.\n|\n|t:|1683197166\n|start\n|switch|p1a: Talonflame|Talonflame, L50, M|100\/100\n|switch|p1b: Glimmora|Glimmora, L50, F|100\/100\n|switch|p2a: Chien-Pao|Chien-Pao, L50|100\/100\n|switch|p2b: Arcanine|Arcanine, L50, M|100\/100\n|-ability|p2a: Chien-Pao|Sword of Ruin\n|-ability|p2b: Arcanine|Intimidate|boost\n|-unboost|p1a: Talonflame|atk|1\n|-unboost|p1b: Glimmora|atk|1\n|turn|1\n|inactive|drhx has 30 seconds left.\n|\n|t:|1683197193\n|move|p2a: Chien-Pao|Protect|p2a: Chien-Pao\n|-singleturn|p2a: Chien-Pao|Protect\n|move|p2b: Arcanine|Protect|p2b: Arcanine\n|-singleturn|p2b: Arcanine|Protect\n|move|p1a: Talonflame|Will-O-Wisp|p2a: Chien-Pao\n|-activate|p2a: Chien-Pao|move: Protect\n|move|p1b: Glimmora|Power Gem|p2b: Arcanine\n|-activate|p2b: Arcanine|move: Protect\n|\n|upkeep\n|turn|2\n|\n|t:|1683197213\n|-terastallize|p2a: Chien-Pao|Fire\n|move|p1a: Talonflame|Tailwind|p1a: Talonflame\n|-sidestart|p1: drhx|move: Tailwind\n|move|p1b: Glimmora|Mortal Spin|p2a: Chien-Pao|[spread] p2a,p2b\n|-damage|p2a: Chien-Pao|97\/100\n|-damage|p2b: Arcanine|97\/100\n|-status|p2a: Chien-Pao|psn\n|-status|p2b: Arcanine|psn\n|move|p2a: Chien-Pao|Sacred Sword|p1b: Glimmora\n|-damage|p1b: Glimmora|56\/100\n|-activate|p1b: Glimmora|ability: Toxic Debris\n|-sidestart|p2: CurlyBigChuk99|move: Toxic Spikes\n|move|p2b: Arcanine|Snarl|p1a: Talonflame|[spread] p1a,p1b\n|-damage|p1a: Talonflame|88\/100\n|-damage|p1b: Glimmora|50\/100\n|-unboost|p1a: Talonflame|spa|1\n|-unboost|p1b: Glimmora|spa|1\n|\n|-damage|p2a: Chien-Pao|84\/100 psn|[from] psn\n|-damage|p2b: Arcanine|85\/100 psn|[from] psn\n|upkeep\n|turn|3\n|inactive|drhx has 30 seconds left.\n|inactive|drhx has 20 seconds left.\n|\n|t:|1683197249\n|move|p1a: Talonflame|Brave Bird|p2a: Chien-Pao\n|-damage|p2a: Chien-Pao|54\/100 psn\n|-damage|p1a: Talonflame|79\/100|[from] Recoil\n|move|p1b: Glimmora|Power Gem|p2b: Arcanine\n|-supereffective|p2b: Arcanine\n|-damage|p2b: Arcanine|30\/100 psn\n|-enditem|p2b: Arcanine|Sitrus Berry|[eat]\n|-heal|p2b: Arcanine|55\/100 psn|[from] item: Sitrus Berry\n|move|p2a: Chien-Pao|Sacred Sword|p1b: Glimmora\n|-damage|p1b: Glimmora|10\/100\n|-activate|p1b: Glimmora|ability: Toxic Debris\n|-sidestart|p2: CurlyBigChuk99|move: Toxic Spikes\n|move|p2b: Arcanine|Flare Blitz|p1a: Talonflame\n|-resisted|p1a: Talonflame\n|-damage|p1a: Talonflame|46\/100\n|-enditem|p1a: Talonflame|Sitrus Berry|[eat]\n|-heal|p1a: Talonflame|70\/100|[from] item: Sitrus Berry\n|-damage|p2b: Arcanine|44\/100 psn|[from] Recoil\n|\n|-damage|p2a: Chien-Pao|42\/100 psn|[from] psn\n|-damage|p2b: Arcanine|32\/100 psn|[from] psn\n|upkeep\n|turn|4\n|inactive|drhx has 30 seconds left.\n|\n|t:|1683197280\n|switch|p1a: Flutter Mane|Flutter Mane, L50|100\/100\n|-enditem|p1a: Flutter Mane|Booster Energy\n|-activate|p1a: Flutter Mane|ability: Protosynthesis|[fromitem]\n|-start|p1a: Flutter Mane|protosynthesisspa\n|move|p2b: Arcanine|Protect|p2b: Arcanine\n|-singleturn|p2b: Arcanine|Protect\n|move|p2a: Chien-Pao|Sucker Punch|p1b: Glimmora\n|-damage|p1b: Glimmora|0 fnt\n|faint|p1b: Glimmora\n|\n|-damage|p2a: Chien-Pao|29\/100 psn|[from] psn\n|-damage|p2b: Arcanine|20\/100 psn|[from] psn\n|upkeep\n|inactive|drhx has 30 seconds left.\n|inactive|drhx has 20 seconds left.\n|\n|t:|1683197315\n|switch|p1b: Talonflame|Talonflame, L50, M|70\/100\n|turn|5\n|\n|t:|1683197334\n|move|p2a: Chien-Pao|Protect|p2a: Chien-Pao\n|-singleturn|p2a: Chien-Pao|Protect\n|move|p1b: Talonflame|Brave Bird|p2b: Arcanine\n|-damage|p2b: Arcanine|0 fnt\n|faint|p2b: Arcanine\n|-damage|p1b: Talonflame|63\/100|[from] Recoil\n|move|p1a: Flutter Mane|Substitute|p1a: Flutter Mane\n|-start|p1a: Flutter Mane|Substitute\n|-damage|p1a: Flutter Mane|76\/100\n|\n|-damage|p2a: Chien-Pao|17\/100 psn|[from] psn\n|-sideend|p1: drhx|move: Tailwind\n|upkeep\n|\n|t:|1683197348\n|switch|p2b: Azumarill|Azumarill, L50, F|100\/100\n|-status|p2b: Azumarill|tox\n|turn|6\n|\n|t:|1683197370\n|-terastallize|p1a: Flutter Mane|Fairy\n|move|p2b: Azumarill|Aqua Jet|p1b: Talonflame\n|-supereffective|p1b: Talonflame\n|-damage|p1b: Talonflame|0 fnt\n|faint|p1b: Talonflame\n|move|p2a: Chien-Pao|Ice Spinner|p1a: Flutter Mane\n|-end|p1a: Flutter Mane|Substitute\n|move|p1a: Flutter Mane|Moonblast|p2b: Azumarill\n|-damage|p2b: Azumarill|49\/100 tox\n|\n|-damage|p2a: Chien-Pao|5\/100 psn|[from] psn\n|-damage|p2b: Azumarill|43\/100 tox|[from] psn\n|upkeep\n|\n|t:|1683197382\n|switch|p1b: Iron Bundle|Iron Bundle, L50|100\/100\n|turn|7\n|\n|t:|1683197398\n|move|p1b: Iron Bundle|Protect|p1b: Iron Bundle\n|-singleturn|p1b: Iron Bundle|Protect\n|move|p1a: Flutter Mane|Protect|p1a: Flutter Mane\n|-singleturn|p1a: Flutter Mane|Protect\n|move|p2a: Chien-Pao|Sucker Punch||[still]\n|-fail|p2a: Chien-Pao\n|move|p2b: Azumarill|Play Rough|p1a: Flutter Mane\n|-activate|p1a: Flutter Mane|move: Protect\n|\n|-damage|p2a: Chien-Pao|0 fnt|[from] psn\n|faint|p2a: Chien-Pao\n|-damage|p2b: Azumarill|31\/100 tox|[from] psn\n|upkeep\n|\n|t:|1683197404\n|switch|p2a: Dragonite|Dragonite, L50, F|100\/100\n|turn|8\n|inactive|drhx has 30 seconds left.\n|\n|t:|1683197430\n|move|p2b: Azumarill|Aqua Jet|p1a: Flutter Mane\n|-damage|p1a: Flutter Mane|46\/100\n|move|p1b: Iron Bundle|Icy Wind|p2a: Dragonite|[spread] p2a,p2b\n|-supereffective|p2a: Dragonite\n|-resisted|p2b: Azumarill\n|-damage|p2a: Dragonite|58\/100\n|-damage|p2b: Azumarill|24\/100 tox\n|-unboost|p2a: Dragonite|spe|1\n|-unboost|p2b: Azumarill|spe|1\n|move|p1a: Flutter Mane|Moonblast|p2a: Dragonite\n|-supereffective|p2a: Dragonite\n|-damage|p2a: Dragonite|0 fnt\n|faint|p2a: Dragonite\n|\n|-damage|p2b: Azumarill|6\/100 tox|[from] psn\n|upkeep\n|turn|9\n|-message|CurlyBigChuk99 forfeited.\n|\n|win|drhx\n|raw|drhx's rating: 1092 → 1119<\/strong> (+27 for winning)\n|raw|CurlyBigChuk99's rating: 1104 → 1078<\/strong> (-26 for losing)\n","uploadtime":1683197451,"views":12,"p1id":"drhx","p2id":"curlybigchuk99","formatid":"gen9vgc2023regulationc","rating":1078,"private":0,"password":""}