{"id":"gen9vgc2023regulationc-1861119041","p1":"Slicer2407","p2":"PakTinVGC","format":"[Gen 9] VGC 2023 Regulation C","log":"|j|\u2606Slicer2407\n|j|\u2606PakTinVGC\n|t:|1683728253\n|gametype|doubles\n|player|p1|Slicer2407|biker-gen4|1057\n|player|p2|PakTinVGC|102|1000\n|teamsize|p1|6\n|teamsize|p2|6\n|gen|9\n|tier|[Gen 9] VGC 2023 Regulation C\n|rated|\n|rule|Species Clause: Limit one of each Pok\u00e9mon\n|rule|Item Clause: Limit one of each item\n|clearpoke\n|poke|p1|Salamence, L50, F|\n|poke|p1|Flutter Mane, L50|\n|poke|p1|Houndoom, L50, F|\n|poke|p1|Quaquaval, L50, M|\n|poke|p1|Tinkaton, L50, F|\n|poke|p1|Toedscruel, L50, F|\n|poke|p2|Flutter Mane, L50|\n|poke|p2|Great Tusk, L50|\n|poke|p2|Chien-Pao, L50|\n|poke|p2|Kingambit, L50, M|\n|poke|p2|Jumpluff, L50, F|\n|poke|p2|Torkoal, L50, F|\n|teampreview|4\n|inactive|Battle timer is ON: inactive players will automatically lose when time's up. (requested by Slicer2407)\nSlicer2407 rejected open team sheets.\n|\n|t:|1683728305\n|start\n|switch|p1a: yotsuba|Quaquaval, L50, M|100\/100\n|switch|p1b: Itsuki|Tinkaton, L50, F|100\/100\n|switch|p2a: Torkoal|Torkoal, L50, F, shiny|100\/100\n|switch|p2b: Jumpluff|Jumpluff, L50, F, shiny|100\/100\n|turn|1\n|inactive|Slicer2407 has 30 seconds left.\n|inactive|PakTinVGC has 30 seconds left.\n|inactive|Slicer2407 has 20 seconds left.\n|inactive|PakTinVGC has 20 seconds left.\n|inactive|PakTinVGC has 15 seconds left.\n|inactive|PakTinVGC has 10 seconds left.\n|inactive|PakTinVGC has 5 seconds left.\n|\n|t:|1683728357\n|-terastallize|p1a: yotsuba|Ghost\n|move|p2a: Torkoal|Protect|p2a: Torkoal\n|-singleturn|p2a: Torkoal|Protect\n|move|p2b: Jumpluff|Tailwind|p2b: Jumpluff\n|-sidestart|p2: PakTinVGC|move: Tailwind\n|move|p1b: Itsuki|Fling|p1a: yotsuba\n|-supereffective|p1a: yotsuba\n|-damage|p1a: yotsuba|96\/100\n|-boost|p1a: yotsuba|spe|1|[from] item: Salac Berry\n|-enditem|p1a: yotsuba|Weakness Policy\n|-boost|p1a: yotsuba|atk|2|[from] item: Weakness Policy\n|-boost|p1a: yotsuba|spa|2|[from] item: Weakness Policy\n|-enditem|p1b: Itsuki|Salac Berry|[from] move: Fling\n|move|p1a: yotsuba|Ice Spinner|p2b: Jumpluff\n|-supereffective|p2b: Jumpluff\n|-damage|p2b: Jumpluff|0 fnt\n|faint|p2b: Jumpluff\n|-ability|p1a: yotsuba|Moxie|boost\n|-boost|p1a: yotsuba|atk|1\n|\n|upkeep\n|\n|t:|1683728380\n|switch|p2b: Chien-Pao|Chien-Pao, L50|100\/100\n|-ability|p2b: Chien-Pao|Sword of Ruin\n|turn|2\n|inactive|PakTinVGC has 30 seconds left.\n|inactive|PakTinVGC has 20 seconds left.\n|inactive|PakTinVGC has 15 seconds left.\n|inactive|PakTinVGC has 10 seconds left.\n|inactive|PakTinVGC has 5 seconds left.\n|\n|t:|1683728430\n|move|p1a: yotsuba|Detect|p1a: yotsuba\n|-singleturn|p1a: yotsuba|Protect\n|move|p2b: Chien-Pao|Taunt|p1b: Itsuki\n|-start|p1b: Itsuki|move: Taunt\n|cant|p1b: Itsuki|move: Taunt|Thunder Wave\n|move|p2a: Torkoal|Overheat|p1b: Itsuki\n|-supereffective|p1b: Itsuki\n|-damage|p1b: Itsuki|33\/100\n|-unboost|p2a: Torkoal|spa|2\n|-enditem|p2a: Torkoal|Eject Pack\n|\n|t:|1683728440\n|switch|p2a: Great Tusk|Great Tusk, L50|100\/100\n|\n|upkeep\n|turn|3\n|inactive|Slicer2407 has 30 seconds left.\n|\n|t:|1683728465\n|-terastallize|p2b: Chien-Pao|Flying\n|move|p2b: Chien-Pao|Sucker Punch|p1a: yotsuba\n|-supereffective|p1a: yotsuba\n|-damage|p1a: yotsuba|0 fnt\n|faint|p1a: yotsuba\n|move|p2a: Great Tusk|Earthquake|p1b: Itsuki|[spread] p1b\n|-immune|p2b: Chien-Pao\n|-supereffective|p1b: Itsuki\n|-damage|p1b: Itsuki|0 fnt\n|faint|p1b: Itsuki\n|\n|upkeep\n|\n|t:|1683728475\n|switch|p1b: Miku|Flutter Mane, L50|100\/100\n|switch|p1a: Itchika|Houndoom, L50, F|100\/100\n|-enditem|p1b: Miku|Booster Energy\n|-activate|p1b: Miku|ability: Protosynthesis|[fromitem]\n|-start|p1b: Miku|protosynthesisspe\n|turn|4\n|\n|t:|1683728496\n|move|p1a: Itchika|Protect|p1a: Itchika\n|-singleturn|p1a: Itchika|Protect\n|move|p2b: Chien-Pao|Sucker Punch|p1b: Miku\n|-damage|p1b: Miku|3\/100\n|move|p2a: Great Tusk|Earthquake|p1a: Itchika|[spread] p1b\n|-activate|p1a: Itchika|move: Protect\n|-immune|p2b: Chien-Pao\n|-damage|p1b: Miku|0 fnt\n|faint|p1b: Miku\n|-end|p1b: Miku|Protosynthesis|[silent]\n|\n|-sideend|p2: PakTinVGC|move: Tailwind\n|upkeep\n|turn|5\n|-message|Slicer2407 forfeited.\n|\n|win|PakTinVGC\n|raw|Slicer2407's rating: 1057 → 1035<\/strong> (-22 for losing)\n|raw|PakTinVGC's rating: 1000 → 1047<\/strong> (+47 for winning)\n|l|\u2606Slicer2407\n","uploadtime":1683728591,"views":18,"p1id":"slicer2407","p2id":"paktinvgc","formatid":"gen9vgc2023regulationc","rating":1035,"private":0,"password":""}