{"id":"gen9vgc2023regulationc-1861110979","p1":"sergio23perez","p2":"taterstotz","format":"[Gen 9] VGC 2023 Regulation C","log":"|j|\u2606sergio23perez\n|j|\u2606taterstotz\n|t:|1683727520\n|gametype|doubles\n|player|p1|sergio23perez|102|1236\n|player|p2|taterstotz|266|1208\n|teamsize|p1|6\n|teamsize|p2|6\n|gen|9\n|tier|[Gen 9] VGC 2023 Regulation C\n|rated|\n|rule|Species Clause: Limit one of each Pok\u00e9mon\n|rule|Item Clause: Limit one of each item\n|clearpoke\n|poke|p1|Roaring Moon, L50|\n|poke|p1|Amoonguss, L50, F|\n|poke|p1|Ting-Lu, L50|\n|poke|p1|Arcanine, L50, M|\n|poke|p1|Flutter Mane, L50|\n|poke|p1|Palafin, L50, M|\n|poke|p2|Palafin, L50, M|\n|poke|p2|Pelipper, L50, F|\n|poke|p2|Amoonguss, L50, F|\n|poke|p2|Scream Tail, L50|\n|poke|p2|Gothitelle, L50, F|\n|poke|p2|Baxcalibur, L50, F|\n|teampreview|4\n|inactive|Battle timer is ON: inactive players will automatically lose when time's up. (requested by taterstotz)\ntaterstotz has agreed to open team sheets.\n|inactive|sergio23perez has 60 seconds left.\n|\n|t:|1683727558\n|start\n|switch|p1a: Amoonguss|Amoonguss, L50, F, shiny|100\/100\n|switch|p1b: Mimi|Flutter Mane, L50|100\/100\n|switch|p2a: Palafin|Palafin, L50, M|100\/100\n|switch|p2b: Scream Tail|Scream Tail, L50|100\/100\n|-enditem|p2b: Scream Tail|Booster Energy\n|-activate|p2b: Scream Tail|ability: Protosynthesis|[fromitem]\n|-start|p2b: Scream Tail|protosynthesisspe\n|turn|1\n|\n|t:|1683727579\n|-terastallize|p2a: Palafin|Water\n|move|p2a: Palafin|Jet Punch|p1b: Mimi\n|-damage|p1b: Mimi|18\/100\n|move|p2b: Scream Tail|Play Rough|p1b: Mimi\n|-damage|p1b: Mimi|0 fnt\n|faint|p1b: Mimi\n|-end|p1b: Mimi|Protosynthesis|[silent]\n|move|p1a: Amoonguss|Spore|p2a: Palafin\n|-status|p2a: Palafin|slp|[from] move: Spore\n|\n|upkeep\n|\n|t:|1683727589\n|switch|p1b: Palafin|Palafin, L50, M|100\/100\n|turn|2\n|\n|t:|1683727593\n|detailschange|p1b: Palafin|Palafin-Hero, L50, M\n|switch|p1b: Roaring Moon|Roaring Moon, L50|100\/100\n|-enditem|p1b: Roaring Moon|Booster Energy\n|-activate|p1b: Roaring Moon|ability: Protosynthesis|[fromitem]\n|-start|p1b: Roaring Moon|protosynthesisatk\n|detailschange|p2a: Palafin|Palafin-Hero, L50, M, tera:Water\n|switch|p2a: Gothitelle|Gothitelle, L50, F|100\/100\n|move|p1a: Amoonguss|Rage Powder|p1a: Amoonguss\n|-singleturn|p1a: Amoonguss|move: Rage Powder\n|move|p2b: Scream Tail|Perish Song|p2b: Scream Tail\n|-start|p1a: Amoonguss|perish3|[silent]\n|-start|p1b: Roaring Moon|perish3|[silent]\n|-start|p2a: Gothitelle|perish3|[silent]\n|-start|p2b: Scream Tail|perish3|[silent]\n|-fieldactivate|move: Perish Song\n|\n|-start|p2b: Scream Tail|perish3\n|-start|p1b: Roaring Moon|perish3\n|-start|p2a: Gothitelle|perish3\n|-start|p1a: Amoonguss|perish3\n|upkeep\n|turn|3\n|\n|t:|1683727610\n|move|p2a: Gothitelle|Fake Out|p1b: Roaring Moon\n|-damage|p1b: Roaring Moon|92\/100\n|move|p2b: Scream Tail|Encore|p1a: Amoonguss\n|-start|p1a: Amoonguss|Encore\n|cant|p1b: Roaring Moon|flinch\n|move|p1a: Amoonguss|Rage Powder|p1a: Amoonguss\n|-singleturn|p1a: Amoonguss|move: Rage Powder\n|\n|-start|p2b: Scream Tail|perish2\n|-start|p1b: Roaring Moon|perish2\n|-start|p2a: Gothitelle|perish2\n|-start|p1a: Amoonguss|perish2\n|upkeep\n|turn|4\n|\n|t:|1683727627\n|-terastallize|p1b: Roaring Moon|Flying\n|move|p2a: Gothitelle|Protect|p2a: Gothitelle\n|-singleturn|p2a: Gothitelle|Protect\n|move|p1a: Amoonguss|Rage Powder|p1a: Amoonguss\n|-singleturn|p1a: Amoonguss|move: Rage Powder\n|move|p2b: Scream Tail|Disable|p1a: Amoonguss\n|-start|p1a: Amoonguss|Disable|Rage Powder\n|move|p1b: Roaring Moon|Acrobatics|p2b: Scream Tail\n|-damage|p2b: Scream Tail|38\/100\n|\n|-start|p2b: Scream Tail|perish1\n|-start|p1b: Roaring Moon|perish1\n|-start|p2a: Gothitelle|perish1\n|-start|p1a: Amoonguss|perish1\n|upkeep\n|turn|5\n|\n|t:|1683727648\n|switch|p2a: Baxcalibur|Baxcalibur, L50, F|100\/100\n|move|p2b: Scream Tail|Disable|p1b: Roaring Moon\n|-start|p1b: Roaring Moon|Disable|Acrobatics\n|move|p1b: Roaring Moon|Throat Chop|p2a: Baxcalibur\n|-damage|p2a: Baxcalibur|40\/100\n|-start|p2a: Baxcalibur|Throat Chop|[silent]\n|-activate|p1a: Amoonguss|move: Struggle\n|move|p1a: Amoonguss|Struggle|p2a: Baxcalibur\n|-damage|p2a: Baxcalibur|33\/100\n|-damage|p1a: Amoonguss|75\/100|[from] recoil\n|\n|-end|p1a: Amoonguss|Encore\n|-start|p2b: Scream Tail|perish0\n|-start|p1b: Roaring Moon|perish0\n|-start|p1a: Amoonguss|perish0\n|upkeep\n|faint|p2b: Scream Tail\n|-end|p2b: Scream Tail|Protosynthesis|[silent]\n|faint|p1b: Roaring Moon\n|-end|p1b: Roaring Moon|Protosynthesis|[silent]\n|faint|p1a: Amoonguss\n|\n|t:|1683727663\n|switch|p1b: Palafin|Palafin-Hero, L50, M|100\/100\n|switch|p2b: Gothitelle|Gothitelle, L50, F|100\/100\n|-activate|p1b: Palafin|ability: Zero to Hero\n|turn|6\n|\n|t:|1683727671\n|move|p1b: Palafin|Protect|p1b: Palafin\n|-singleturn|p1b: Palafin|Protect\n|move|p2b: Gothitelle|Fake Out|p1b: Palafin\n|-activate|p1b: Palafin|move: Protect\n|move|p2a: Baxcalibur|Glaive Rush|p1b: Palafin\n|-activate|p1b: Palafin|move: Protect\n|\n|-end|p2a: Baxcalibur|Throat Chop|[silent]\n|upkeep\n|turn|7\n|\n|t:|1683727682\n|move|p2a: Baxcalibur|Protect|p2a: Baxcalibur\n|-singleturn|p2a: Baxcalibur|Protect\n|move|p1b: Palafin|Wave Crash|p2b: Gothitelle\n|-damage|p2b: Gothitelle|26\/100\n|-damage|p1b: Palafin|79\/100|[from] Recoil\n|move|p2b: Gothitelle|Psyshock|p1b: Palafin\n|-damage|p1b: Palafin|52\/100\n|\n|upkeep\n|turn|8\n|\n|t:|1683727701\n|move|p1b: Palafin|Jet Punch|p2a: Baxcalibur\n|-resisted|p2a: Baxcalibur\n|-damage|p2a: Baxcalibur|11\/100\n|move|p2a: Baxcalibur|Glaive Rush|p1b: Palafin\n|-damage|p1b: Palafin|0 fnt\n|-singlemove|p2a: Baxcalibur|Glaive Rush|[silent]\n|faint|p1b: Palafin\n|\n|win|taterstotz\n|raw|sergio23perez's rating: 1236 → 1209<\/strong> (-27 for losing)\n|raw|taterstotz's rating: 1208 → 1235<\/strong> (+27 for winning)\n|l|\u2606sergio23perez\n","uploadtime":1683727715,"views":19,"p1id":"sergio23perez","p2id":"taterstotz","formatid":"gen9vgc2023regulationc","rating":1209,"private":0,"password":""}