{"id":"gen9vgc2023regulationc-1854119966","p1":"BioDark27","p2":"Rigs_batata","format":"[Gen 9] VGC 2023 Regulation C","log":"|j|\u2606BioDark27\n|j|\u2606Rigs_batata\n|t:|1682772451\n|gametype|doubles\n|player|p1|BioDark27|palmer|1248\n|player|p2|Rigs_batata|waiter-gen4dp|1193\n|teamsize|p1|6\n|teamsize|p2|6\n|gen|9\n|tier|[Gen 9] VGC 2023 Regulation C\n|rated|\n|rule|Species Clause: Limit one of each Pok\u00e9mon\n|rule|Item Clause: Limit one of each item\n|clearpoke\n|poke|p1|Dragapult, L50, M|\n|poke|p1|Amoonguss, L50, M|\n|poke|p1|Arcanine, L50, M|\n|poke|p1|Garganacl, L50, M|\n|poke|p1|Palafin, L50, M|\n|poke|p1|Flutter Mane, L50|\n|poke|p2|Oranguru, L50, F|\n|poke|p2|Lurantis, L50, M|\n|poke|p2|Corviknight, L50, F|\n|poke|p2|Flutter Mane, L50|\n|poke|p2|Mudsdale, L50, F|\n|poke|p2|Mimikyu, L50, M|\n|teampreview|4\n|inactive|Battle timer is ON: inactive players will automatically lose when time's up. (requested by BioDark27)\n|inactive|Rigs_batata also wants the timer to be on.\n|\n|t:|1682772479\n|start\n|switch|p1a: Dragapult|Dragapult, L50, M|100\/100\n|switch|p1b: Amoonguss|Amoonguss, L50, M|100\/100\n|switch|p2a: Mimikyu|Mimikyu, L50, M|100\/100\n|switch|p2b: Corviknight|Corviknight, L50, F, shiny|100\/100\n|turn|1\n|\n|t:|1682772495\n|switch|p1b: Garganacl|Garganacl, L50, M|100\/100\n|move|p1a: Dragapult|U-turn|p2a: Mimikyu\n|-activate|p2a: Mimikyu|ability: Disguise\n|-damage|p2a: Mimikyu|100\/100\n|detailschange|p2a: Mimikyu|Mimikyu-Busted, L50, M\n|-damage|p2a: Mimikyu|88\/100|[from] pokemon: Mimikyu-Busted\n|\n|t:|1682772498\n|switch|p1a: Palafin|Palafin, L50, M|100\/100|[from] U-turn\n|move|p2a: Mimikyu|Taunt|p1b: Garganacl\n|-start|p1b: Garganacl|move: Taunt\n|move|p2b: Corviknight|Brave Bird|p1a: Palafin\n|-damage|p1a: Palafin|7\/100\n|-damage|p2b: Corviknight|66\/100|[from] Recoil\n|\n|upkeep\n|turn|2\n|\n|t:|1682772521\n|detailschange|p1a: Palafin|Palafin-Hero, L50, M\n|switch|p1a: Amoonguss|Amoonguss, L50, M|100\/100\n|switch|p2b: Mudsdale|Mudsdale, L50, F, shiny|100\/100\n|move|p1b: Garganacl|Salt Cure|p2b: Mudsdale\n|-resisted|p2b: Mudsdale\n|-damage|p2b: Mudsdale|94\/100\n|-start|p2b: Mudsdale|Salt Cure\n|move|p2a: Mimikyu|Trick Room|p2a: Mimikyu\n|-fieldstart|move: Trick Room|[of] p2a: Mimikyu\n|\n|-damage|p2b: Mudsdale|82\/100|[from] Salt Cure\n|upkeep\n|turn|3\n|\n|t:|1682772529\n|switch|p2b: Lurantis|Lurantis, L50, M|100\/100\n|move|p1b: Garganacl|Salt Cure|p2a: Mimikyu\n|-damage|p2a: Mimikyu|70\/100\n|-start|p2a: Mimikyu|Salt Cure\n|move|p1a: Amoonguss|Spore|p2b: Lurantis\n|-immune|p2b: Lurantis\n|move|p2a: Mimikyu|Taunt|p1a: Amoonguss\n|-start|p1a: Amoonguss|move: Taunt\n|\n|-damage|p2a: Mimikyu|57\/100|[from] Salt Cure\n|-end|p1b: Garganacl|move: Taunt\n|upkeep\n|turn|4\n|\n|t:|1682772543\n|switch|p2a: Corviknight|Corviknight, L50, F, shiny|66\/100\n|move|p1b: Garganacl|Protect|p1b: Garganacl\n|-singleturn|p1b: Garganacl|Protect\n|move|p2b: Lurantis|Leaf Storm|p1b: Garganacl\n|-activate|p1b: Garganacl|move: Protect\n|move|p1a: Amoonguss|Pollen Puff|p2b: Lurantis\n|-supereffective|p2b: Lurantis\n|-damage|p2b: Lurantis|59\/100\n|\n|upkeep\n|turn|5\n|\n|t:|1682772550\n|switch|p1b: Palafin|Palafin-Hero, L50, M|7\/100\n|-activate|p1b: Palafin|ability: Zero to Hero\n|move|p2b: Lurantis|Leaf Storm|p1b: Palafin\n|-supereffective|p1b: Palafin\n|-damage|p1b: Palafin|0 fnt\n|-boost|p2b: Lurantis|spa|2\n|faint|p1b: Palafin\n|move|p1a: Amoonguss|Pollen Puff|p2b: Lurantis\n|-supereffective|p2b: Lurantis\n|-damage|p2b: Lurantis|19\/100\n|move|p2a: Corviknight|Brave Bird|p1a: Amoonguss\n|-supereffective|p1a: Amoonguss\n|-damage|p1a: Amoonguss|0 fnt\n|faint|p1a: Amoonguss\n|-damage|p2a: Corviknight|28\/100|[from] Recoil\n|\n|upkeep\n|\n|t:|1682772554\n|switch|p1a: Garganacl|Garganacl, L50, M|100\/100\n|switch|p1b: Dragapult|Dragapult, L50, M|100\/100\n|turn|6\n|\n|t:|1682772571\n|move|p1a: Garganacl|Protect|p1a: Garganacl\n|-singleturn|p1a: Garganacl|Protect\n|move|p2b: Lurantis|Leaf Storm|p1a: Garganacl\n|-activate|p1a: Garganacl|move: Protect\n|move|p2a: Corviknight|Brave Bird|p1b: Dragapult\n|-damage|p1b: Dragapult|0 fnt\n|faint|p1b: Dragapult\n|-damage|p2a: Corviknight|0 fnt|[from] Recoil\n|faint|p2a: Corviknight\n|\n|-fieldend|move: Trick Room\n|upkeep\n|\n|t:|1682772575\n|switch|p2a: Mimikyu|Mimikyu-Busted, L50, M|57\/100\n|turn|7\n|-message|BioDark27 forfeited.\n|\n|win|Rigs_batata\n|raw|BioDark27's rating: 1248 → 1219<\/strong> (-29 for losing)\n|raw|Rigs_batata's rating: 1193 → 1222<\/strong> (+29 for winning)\n|l|\u2606BioDark27\n","uploadtime":1682772583,"views":21,"p1id":"biodark27","p2id":"rigsbatata","formatid":"gen9vgc2023regulationc","rating":1219,"private":0,"password":""}