{"id":"gen9vgc2023regulationc-1864104947","p1":"Orestis99","p2":"grandmarshmello","format":"[Gen 9] VGC 2023 Regulation C","log":"|j|\u2606Orestis99\n|j|\u2606grandmarshmello\n|t:|1684118068\n|gametype|doubles\n|player|p1|Orestis99|riley|1204\n|player|p2|grandmarshmello|266|1085\n|teamsize|p1|6\n|teamsize|p2|6\n|gen|9\n|tier|[Gen 9] VGC 2023 Regulation C\n|rated|\n|rule|Species Clause: Limit one of each Pok\u00e9mon\n|rule|Item Clause: Limit one of each item\n|clearpoke\n|poke|p1|Talonflame, L50, M|\n|poke|p1|Garchomp, L50, M|\n|poke|p1|Iron Bundle, L50|\n|poke|p1|Orthworm, L50, F|\n|poke|p1|Flutter Mane, L50|\n|poke|p1|Chien-Pao, L50|\n|poke|p2|Abomasnow, L50, M|\n|poke|p2|Iron Bundle, L50|\n|poke|p2|Forretress, L50, M|\n|poke|p2|Arcanine, L50, M|\n|poke|p2|Espeon, L50, F|\n|poke|p2|Roaring Moon, L50|\n|teampreview|4\nOrestis99 has agreed to open team sheets.\n|c|\u2606Orestis99|Hf\n|\n|t:|1684118101\n|start\n|switch|p1a: Shadow|Talonflame, L50, M, shiny|100\/100\n|switch|p1b: Orthworm|Orthworm, L50, F, shiny|100\/100\n|switch|p2a: Abomasnow|Abomasnow, L50, M|100\/100\n|switch|p2b: Iron Bundle|Iron Bundle, L50|100\/100\n|-weather|Snow|[from] ability: Snow Warning|[of] p2a: Abomasnow\n|turn|1\n|inactive|Battle timer is ON: inactive players will automatically lose when time's up. (requested by grandmarshmello)\n|\n|t:|1684118137\n|move|p1a: Shadow|Taunt|p2a: Abomasnow\n|-start|p2a: Abomasnow|move: Taunt\n|move|p2b: Iron Bundle|Blizzard|p1a: Shadow|[spread] p1a,p1b\n|-resisted|p1b: Orthworm\n|-damage|p1a: Shadow|45\/100\n|-damage|p1b: Orthworm|75\/100\n|-status|p1b: Orthworm|frz\n|cant|p1b: Orthworm|frz\n|cant|p2a: Abomasnow|move: Taunt|Aurora Veil\n|\n|-weather|Snow|[upkeep]\n|upkeep\n|turn|2\n|\n|t:|1684118156\n|move|p1a: Shadow|Tailwind|p1a: Shadow\n|-sidestart|p1: Orestis99|move: Tailwind\n|move|p2b: Iron Bundle|Blizzard|p1b: Orthworm|[spread] p1a,p1b\n|-crit|p1a: Shadow\n|-resisted|p1b: Orthworm\n|-damage|p1a: Shadow|0 fnt\n|-damage|p1b: Orthworm|50\/100 frz\n|-enditem|p1b: Orthworm|Sitrus Berry|[eat]\n|-heal|p1b: Orthworm|75\/100 frz|[from] item: Sitrus Berry\n|faint|p1a: Shadow\n|cant|p1b: Orthworm|frz\n|move|p2a: Abomasnow|Icy Wind|p1b: Orthworm\n|-resisted|p1b: Orthworm\n|-damage|p1b: Orthworm|64\/100 frz\n|-unboost|p1b: Orthworm|spe|1\n|\n|-weather|Snow|[upkeep]\n|upkeep\n|\n|t:|1684118164\n|switch|p1a: Shumo|Garchomp, L50, M|100\/100\n|turn|3\n|\n|t:|1684118181\n|-terastallize|p1a: Shumo|Steel\n|move|p1a: Shumo|Iron Head|p2b: Iron Bundle\n|-damage|p2b: Iron Bundle|66\/100\n|move|p2b: Iron Bundle|Blizzard|p1a: Shumo|[spread] p1a,p1b\n|-resisted|p1a: Shumo\n|-resisted|p1b: Orthworm\n|-damage|p1a: Shumo|76\/100\n|-damage|p1b: Orthworm|41\/100 frz\n|cant|p1b: Orthworm|frz\n|move|p2a: Abomasnow|Icy Wind|p1a: Shumo|[spread] p1a,p1b\n|-resisted|p1a: Shumo\n|-resisted|p1b: Orthworm\n|-damage|p1a: Shumo|69\/100\n|-damage|p1b: Orthworm|34\/100 frz\n|-unboost|p1b: Orthworm|spe|1\n|\n|-weather|Snow|[upkeep]\n|-end|p2a: Abomasnow|move: Taunt\n|upkeep\n|turn|4\n|inactive|grandmarshmello has 30 seconds left.\n|\n|t:|1684118210\n|-terastallize|p2b: Iron Bundle|Ice\n|move|p1a: Shumo|Dragon Claw|p2b: Iron Bundle\n|-damage|p2b: Iron Bundle|34\/100\n|move|p2b: Iron Bundle|Blizzard|p1b: Orthworm|[spread] p1a,p1b\n|-resisted|p1a: Shumo\n|-resisted|p1b: Orthworm\n|-damage|p1a: Shumo|39\/100\n|-damage|p1b: Orthworm|0 fnt\n|faint|p1b: Orthworm\n|move|p2a: Abomasnow|Aurora Veil|p2a: Abomasnow\n|-sidestart|p2: grandmarshmello|move: Aurora Veil\n|\n|-weather|Snow|[upkeep]\n|upkeep\n|\n|t:|1684118215\n|switch|p1b: Frostbite|Chien-Pao, L50|100\/100\n|-ability|p1b: Frostbite|Sword of Ruin\n|turn|5\n|\n|t:|1684118230\n|move|p2a: Abomasnow|Helping Hand|p2b: Iron Bundle\n|-singleturn|p2b: Iron Bundle|Helping Hand|[of] p2a: Abomasnow\n|move|p1b: Frostbite|Sacred Sword|p2a: Abomasnow\n|-supereffective|p2a: Abomasnow\n|-damage|p2a: Abomasnow|70\/100\n|move|p1a: Shumo|Iron Head|p2b: Iron Bundle\n|-supereffective|p2b: Iron Bundle\n|-crit|p2b: Iron Bundle\n|-damage|p2b: Iron Bundle|0 fnt\n|faint|p2b: Iron Bundle\n|-end|p2b: Iron Bundle|Quark Drive|[silent]\n|\n|-weather|Snow|[upkeep]\n|-sideend|p1: Orestis99|move: Tailwind\n|upkeep\n|\n|t:|1684118242\n|switch|p2b: Espeon|Espeon, L50, F|100\/100\n|turn|6\n|\n|t:|1684118261\n|move|p1b: Frostbite|Sucker Punch|p2b: Espeon\n|-supereffective|p2b: Espeon\n|-damage|p2b: Espeon|0 fnt\n|faint|p2b: Espeon\n|move|p1a: Shumo|Iron Head|p2a: Abomasnow\n|-supereffective|p2a: Abomasnow\n|-damage|p2a: Abomasnow|25\/100\n|move|p2a: Abomasnow|Icy Wind|p1b: Frostbite|[spread] p1a,p1b\n|-resisted|p1a: Shumo\n|-resisted|p1b: Frostbite\n|-damage|p1a: Shumo|31\/100\n|-damage|p1b: Frostbite|89\/100\n|-unboost|p1b: Frostbite|spe|1\n|\n|-weather|Snow|[upkeep]\n|upkeep\n|\n|t:|1684118273\n|switch|p2b: Roaring Moon|Roaring Moon, L50|100\/100\n|-enditem|p2b: Roaring Moon|Booster Energy\n|-activate|p2b: Roaring Moon|ability: Protosynthesis|[fromitem]\n|-start|p2b: Roaring Moon|protosynthesisatk\n|turn|7\n|inactive|Orestis99 has 30 seconds left.\n|inactive|grandmarshmello has 30 seconds left.\n|\n|t:|1684118302\n|move|p2b: Roaring Moon|Acrobatics|p1a: Shumo\n|-resisted|p1a: Shumo\n|-damage|p1a: Shumo|0 fnt\n|-damage|p2b: Roaring Moon|88\/100|[from] ability: Rough Skin|[of] p1a: Shumo\n|faint|p1a: Shumo\n|move|p1b: Frostbite|Ice Spinner|p2b: Roaring Moon\n|-supereffective|p2b: Roaring Moon\n|-damage|p2b: Roaring Moon|0 fnt\n|faint|p2b: Roaring Moon\n|-end|p2b: Roaring Moon|Protosynthesis|[silent]\n|move|p2a: Abomasnow|Icy Wind|p1b: Frostbite\n|-resisted|p1b: Frostbite\n|-damage|p1b: Frostbite|75\/100\n|-unboost|p1b: Frostbite|spe|1\n|\n|-weather|Snow|[upkeep]\n|upkeep\n|turn|8\n|c|\u2606Orestis99|Gg\n|c|\u2606Orestis99|wp\n|\n|t:|1684118318\n|move|p1b: Frostbite|Sacred Sword|p2a: Abomasnow\n|-supereffective|p2a: Abomasnow\n|-damage|p2a: Abomasnow|0 fnt\n|faint|p2a: Abomasnow\n|\n|win|Orestis99\n|raw|Orestis99's rating: 1204 → 1221<\/strong> (+17 for winning)\n|raw|grandmarshmello's rating: 1085 → 1070<\/strong> (-15 for losing)\n|l|\u2606grandmarshmello\n","uploadtime":1684118609,"views":8,"p1id":"orestis99","p2id":"grandmarshmello","formatid":"gen9vgc2023regulationc","rating":1070,"private":0,"password":""}