{"id":"gen9vgc2023regulationc-1854796675","p1":"LuizVentura","p2":"We_Love_The_Gong","format":"[Gen 9] VGC 2023 Regulation C","log":"|j|\u2606LuizVentura\n|j|\u2606We_Love_The_Gong\n|t:|1682867122\n|gametype|doubles\n|player|p1|LuizVentura|dawn|1329\n|player|p2|We_Love_The_Gong|fantina|1424\n|teamsize|p1|6\n|teamsize|p2|6\n|gen|9\n|tier|[Gen 9] VGC 2023 Regulation C\n|rated|\n|rule|Species Clause: Limit one of each Pok\u00e9mon\n|rule|Item Clause: Limit one of each item\n|clearpoke\n|poke|p1|Annihilape, L50, M|\n|poke|p1|Iron Bundle, L50|\n|poke|p1|Flutter Mane, L50|\n|poke|p1|Dragonite, L50, M|\n|poke|p1|Maushold, L50|\n|poke|p1|Chi-Yu, L50|\n|poke|p2|Gholdengo, L50|\n|poke|p2|Ting-Lu, L50|\n|poke|p2|Gyarados, L50, F|\n|poke|p2|Flutter Mane, L50|\n|poke|p2|Amoonguss, L50, F|\n|poke|p2|Baxcalibur, L50, F|\n|teampreview|4\nWe_Love_The_Gong has agreed to open team sheets.\n|\n|t:|1682867157\n|start\n|switch|p1a: Chi-Yu|Chi-Yu, L50|100\/100\n|switch|p1b: Iron Bundle|Iron Bundle, L50|100\/100\n|switch|p2a: Gholdengo|Gholdengo, L50|100\/100\n|switch|p2b: Amoonguss|Amoonguss, L50, F|100\/100\n|-ability|p1a: Chi-Yu|Beads of Ruin\n|-enditem|p1b: Iron Bundle|Booster Energy\n|-activate|p1b: Iron Bundle|ability: Quark Drive|[fromitem]\n|-start|p1b: Iron Bundle|quarkdrivespe\n|turn|1\n|inactive|Battle timer is ON: inactive players will automatically lose when time's up. (requested by We_Love_The_Gong)\n|\n|t:|1682867188\n|switch|p2a: Baxcalibur|Baxcalibur, L50, F|100\/100\n|move|p2b: Amoonguss|Protect|p2b: Amoonguss\n|-singleturn|p2b: Amoonguss|Protect\n|move|p1b: Iron Bundle|Freeze-Dry|p2b: Amoonguss\n|-activate|p2b: Amoonguss|move: Protect\n|move|p1a: Chi-Yu|Heat Wave|p2b: Amoonguss|[spread] p2a\n|-activate|p2b: Amoonguss|move: Protect\n|-damage|p2a: Baxcalibur|59\/100\n|-ability|p2a: Baxcalibur|Thermal Exchange|boost\n|-boost|p2a: Baxcalibur|atk|1\n|\n|upkeep\n|turn|2\n|inactive|LuizVentura has 30 seconds left.\n|inactive|We_Love_The_Gong has 30 seconds left.\n|inactive|LuizVentura has 20 seconds left.\n|inactive|We_Love_The_Gong has 20 seconds left.\n|\n|t:|1682867226\n|-terastallize|p2b: Amoonguss|Water\n|move|p2a: Baxcalibur|Protect|p2a: Baxcalibur\n|-singleturn|p2a: Baxcalibur|Protect\n|move|p1b: Iron Bundle|Hydro Pump|p2a: Baxcalibur\n|-activate|p2a: Baxcalibur|move: Protect\n|move|p1a: Chi-Yu|Heat Wave|p2a: Baxcalibur|[spread] p2b\n|-activate|p2a: Baxcalibur|move: Protect\n|-resisted|p2b: Amoonguss\n|-damage|p2b: Amoonguss|80\/100\n|move|p2b: Amoonguss|Spore|p1b: Iron Bundle\n|-status|p1b: Iron Bundle|slp|[from] move: Spore\n|\n|upkeep\n|turn|3\n|inactive|LuizVentura has 30 seconds left.\n|\n|t:|1682867254\n|switch|p1a: Maushold|Maushold, L50|100\/100\n|cant|p1b: Iron Bundle|slp\n|move|p2a: Baxcalibur|Glaive Rush|p1b: Iron Bundle\n|-damage|p1b: Iron Bundle|0 fnt\n|-singlemove|p2a: Baxcalibur|Glaive Rush|[silent]\n|faint|p1b: Iron Bundle\n|-end|p1b: Iron Bundle|Quark Drive|[silent]\n|move|p2b: Amoonguss|Pollen Puff|p2a: Baxcalibur\n|-heal|p2a: Baxcalibur|100\/100\n|\n|upkeep\n|\n|t:|1682867272\n|switch|p1b: Annihilape|Annihilape, L50, M|100\/100\n|turn|4\n|inactive|LuizVentura has 30 seconds left.\n|\n|t:|1682867298\n|move|p2b: Amoonguss|Rage Powder|p2b: Amoonguss\n|-singleturn|p2b: Amoonguss|move: Rage Powder\n|move|p1a: Maushold|Beat Up|p1b: Annihilape\n|-damage|p1b: Annihilape|99\/100\n|-damage|p1b: Annihilape|97\/100\n|-damage|p1b: Annihilape|95\/100\n|-hitcount|p1b: Annihilape|3\n|move|p1b: Annihilape|Rage Fist|p2b: Amoonguss\n|-damage|p2b: Amoonguss|0 fnt\n|-damage|p1b: Annihilape|78\/100|[from] item: Rocky Helmet|[of] p2b: Amoonguss\n|faint|p2b: Amoonguss\n|move|p2a: Baxcalibur|Glaive Rush|p1a: Maushold\n|-damage|p1a: Maushold|0 fnt\n|-singlemove|p2a: Baxcalibur|Glaive Rush|[silent]\n|faint|p1a: Maushold\n|\n|upkeep\n|\n|t:|1682867322\n|switch|p1a: Chi-Yu|Chi-Yu, L50|100\/100\n|switch|p2b: Gholdengo|Gholdengo, L50|100\/100\n|-ability|p1a: Chi-Yu|Beads of Ruin\n|turn|5\n|inactive|LuizVentura has 30 seconds left.\n|\n|t:|1682867349\n|-terastallize|p1b: Annihilape|Fire\n|move|p2b: Gholdengo|Protect|p2b: Gholdengo\n|-singleturn|p2b: Gholdengo|Protect\n|move|p2a: Baxcalibur|Protect|p2a: Baxcalibur\n|-singleturn|p2a: Baxcalibur|Protect\n|move|p1a: Chi-Yu|Heat Wave|p2a: Baxcalibur|[spread] \n|-activate|p2a: Baxcalibur|move: Protect\n|-activate|p2b: Gholdengo|move: Protect\n|move|p1b: Annihilape|Rage Fist|p2a: Baxcalibur\n|-activate|p2a: Baxcalibur|move: Protect\n|\n|upkeep\n|turn|6\n|\n|t:|1682867369\n|move|p2a: Baxcalibur|Ice Shard|p1a: Chi-Yu\n|-resisted|p1a: Chi-Yu\n|-damage|p1a: Chi-Yu|71\/100\n|move|p1a: Chi-Yu|Heat Wave|p2b: Gholdengo|[spread] p2a,p2b\n|-supereffective|p2b: Gholdengo\n|-damage|p2a: Baxcalibur|60\/100\n|-damage|p2b: Gholdengo|0 fnt\n|-ability|p2a: Baxcalibur|Thermal Exchange|boost\n|-boost|p2a: Baxcalibur|atk|1\n|faint|p2b: Gholdengo\n|move|p1b: Annihilape|Rage Fist|p2a: Baxcalibur\n|-damage|p2a: Baxcalibur|0 fnt\n|faint|p2a: Baxcalibur\n|\n|upkeep\n|\n|t:|1682867372\n|switch|p2b: Flutter Mane|Flutter Mane, L50|100\/100\n|turn|7\n|c|\u2606We_Love_The_Gong|gg\n|\n|t:|1682867386\n|move|p1a: Chi-Yu|Heat Wave|p2b: Flutter Mane\n|-damage|p2b: Flutter Mane|41\/100\n|move|p2b: Flutter Mane|Thunderbolt|p1b: Annihilape\n|-damage|p1b: Annihilape|19\/100\n|-enditem|p1b: Annihilape|Sitrus Berry|[eat]\n|-heal|p1b: Annihilape|44\/100|[from] item: Sitrus Berry\n|move|p1b: Annihilape|Rage Fist|p2b: Flutter Mane\n|-supereffective|p2b: Flutter Mane\n|-damage|p2b: Flutter Mane|0 fnt\n|faint|p2b: Flutter Mane\n|-end|p2b: Flutter Mane|Protosynthesis|[silent]\n|\n|win|LuizVentura\n|raw|LuizVentura's rating: 1329 → 1354<\/strong> (+25 for winning)\n|raw|We_Love_The_Gong's rating: 1424 → 1399<\/strong> (-25 for losing)\n","uploadtime":1682867393,"views":8,"p1id":"luizventura","p2id":"welovethegong","formatid":"gen9vgc2023regulationc","rating":1354,"private":0,"password":""}