{"id":"gen9vgc2023regulationc-1848150271","p1":"Sophie Lumina","p2":"guiso21","format":"[Gen 9] VGC 2023 Regulation C","log":"|j|\u2606Sophie Lumina\n|j|\u2606guiso21\n|t:|1682035602\n|gametype|doubles\n|player|p1|Sophie Lumina|iono|1196\n|player|p2|guiso21|1|1193\n|teamsize|p1|6\n|teamsize|p2|6\n|gen|9\n|tier|[Gen 9] VGC 2023 Regulation C\n|rated|\n|rule|Species Clause: Limit one of each Pok\u00e9mon\n|rule|Item Clause: Limit one of each item\n|clearpoke\n|poke|p1|Volcarona, L50, M|\n|poke|p1|Bellibolt, L50, M|\n|poke|p1|Glimmora, L50, F|\n|poke|p1|Orthworm, L50, F|\n|poke|p1|Dragonite, L50, F|\n|poke|p1|Great Tusk, L50|\n|poke|p2|Dragapult, L50, F|\n|poke|p2|Gholdengo, L50|\n|poke|p2|Palafin, L50, M|\n|poke|p2|Chien-Pao, L50|\n|poke|p2|Rotom-Heat, L50|\n|poke|p2|Gastrodon, L50, M|\n|teampreview|4\nSophie Lumina has agreed to open team sheets.\n|\n|t:|1682035687\n|start\n|switch|p1a: Volcarona|Volcarona, L50, M|100\/100\n|switch|p1b: Glimmora|Glimmora, L50, F|100\/100\n|switch|p2a: Palafin|Palafin, L50, M|100\/100\n|switch|p2b: Rotom|Rotom-Heat, L50|100\/100\n|turn|1\n|\n|t:|1682035700\n|move|p2a: Palafin|Flip Turn|p1a: Volcarona\n|-supereffective|p1a: Volcarona\n|-damage|p1a: Volcarona|22\/100\n|-status|p2a: Palafin|brn|[from] ability: Flame Body|[of] p1a: Volcarona\n|\n|t:|1682035708\n|detailschange|p2a: Palafin|Palafin-Hero, L50, M\n|switch|p2a: Dragapult|Dragapult, L50, F|100\/100|[from] Flip Turn\n|move|p1b: Glimmora|Reflect|p1b: Glimmora\n|-sidestart|p1: Sophie Lumina|Reflect\n|move|p1a: Volcarona|Tailwind|p1a: Volcarona\n|-sidestart|p1: Sophie Lumina|move: Tailwind\n|move|p2b: Rotom|Light Screen|p2b: Rotom\n|-sidestart|p2: guiso21|move: Light Screen\n|\n|upkeep\n|turn|2\n|\n|t:|1682035731\n|move|p2a: Dragapult|U-turn|p1a: Volcarona\n|-resisted|p1a: Volcarona\n|-damage|p1a: Volcarona|7\/100\n|-status|p2a: Dragapult|brn|[from] ability: Flame Body|[of] p1a: Volcarona\n|\n|t:|1682035738\n|switch|p2a: Palafin|Palafin-Hero, L50, M|100\/100 brn|[from] U-turn\n|-activate|p2a: Palafin|ability: Zero to Hero\n|move|p1b: Glimmora|Light Screen|p1b: Glimmora\n|-sidestart|p1: Sophie Lumina|move: Light Screen\n|move|p1a: Volcarona|Will-O-Wisp|p2a: Palafin\n|-fail|p2a: Palafin|brn\n|move|p2b: Rotom|Reflect|p2b: Rotom\n|-sidestart|p2: guiso21|Reflect\n|\n|-damage|p2a: Palafin|95\/100 brn|[from] brn\n|upkeep\n|turn|3\n|\n|t:|1682035769\n|-terastallize|p2a: Palafin|Water\n|move|p1b: Glimmora|Rock Slide|p2b: Rotom|[spread] p2a,p2b\n|-supereffective|p2b: Rotom\n|-damage|p2a: Palafin|81\/100 brn\n|-damage|p2b: Rotom|72\/100\n|move|p1a: Volcarona|Struggle Bug|p2b: Rotom|[spread] p2a,p2b\n|-resisted|p2b: Rotom\n|-damage|p2a: Palafin|63\/100 brn\n|-damage|p2b: Rotom|64\/100\n|-unboost|p2a: Palafin|spa|1\n|-unboost|p2b: Rotom|spa|1\n|cant|p2a: Palafin|flinch\n|move|p2b: Rotom|Overheat|p1a: Volcarona\n|-damage|p1a: Volcarona|0 fnt\n|-unboost|p2b: Rotom|spa|2\n|faint|p1a: Volcarona\n|\n|-damage|p2a: Palafin|58\/100 brn|[from] brn\n|upkeep\n|\n|t:|1682035792\n|switch|p1a: Great Tusk|Great Tusk, L50|100\/100\n|-enditem|p1a: Great Tusk|Booster Energy\n|-activate|p1a: Great Tusk|ability: Protosynthesis|[fromitem]\n|-start|p1a: Great Tusk|protosynthesisatk\n|turn|4\n|\n|t:|1682035801\n|switch|p2b: Dragapult|Dragapult, L50, F|100\/100 brn\n|move|p1b: Glimmora|Rock Slide|p2b: Dragapult|[spread] p2b\n|-miss|p1b: Glimmora|p2a: Palafin\n|-damage|p2b: Dragapult|79\/100 brn\n|move|p1a: Great Tusk|Knock Off|p2a: Palafin\n|-damage|p2a: Palafin|26\/100 brn\n|-enditem|p2a: Palafin|Mystic Water|[from] move: Knock Off|[of] p1a: Great Tusk\n|move|p2a: Palafin|Waterfall|p1a: Great Tusk\n|-supereffective|p1a: Great Tusk\n|-damage|p1a: Great Tusk|72\/100\n|\n|-damage|p2b: Dragapult|73\/100 brn|[from] brn\n|-damage|p2a: Palafin|20\/100 brn|[from] brn\n|-sideend|p1: Sophie Lumina|move: Tailwind\n|upkeep\n|turn|5\n|\n|t:|1682035828\n|switch|p1b: Orthworm|Orthworm, L50, F|100\/100\n|move|p2b: Dragapult|Phantom Force||[still]\n|-prepare|p2b: Dragapult|Phantom Force\n|move|p2a: Palafin|Drain Punch|p1a: Great Tusk\n|-damage|p1a: Great Tusk|65\/100\n|-heal|p2a: Palafin|25\/100 brn|[from] drain|[of] p1a: Great Tusk\n|move|p1a: Great Tusk|Earthquake|p2a: Palafin|[spread] p2a\n|-miss|p1a: Great Tusk|p2b: Dragapult\n|-immune|p1b: Orthworm|[from] ability: Earth Eater\n|-damage|p2a: Palafin|0 fnt\n|faint|p2a: Palafin\n|\n|-damage|p2b: Dragapult|67\/100 brn|[from] brn\n|upkeep\n|\n|t:|1682035844\n|switch|p2a: Gholdengo|Gholdengo, L50|100\/100\n|turn|6\n|\n|t:|1682035866\n|move|p2b: Dragapult|Phantom Force|p1a: Great Tusk|[from]lockedmove\n|-damage|p1a: Great Tusk|51\/100\n|move|p1a: Great Tusk|Knock Off|p2a: Gholdengo\n|-supereffective|p2a: Gholdengo\n|-damage|p2a: Gholdengo|36\/100\n|-enditem|p2a: Gholdengo|Life Orb|[from] move: Knock Off|[of] p1a: Great Tusk\n|move|p2a: Gholdengo|Nasty Plot|p2a: Gholdengo\n|-boost|p2a: Gholdengo|spa|2\n|move|p1b: Orthworm|Iron Defense|p1b: Orthworm\n|-boost|p1b: Orthworm|def|2\n|\n|-damage|p2b: Dragapult|61\/100 brn|[from] brn\n|upkeep\n|turn|7\n|\n|t:|1682035897\n|switch|p2b: Rotom|Rotom-Heat, L50|64\/100\n|move|p1a: Great Tusk|Earthquake|p2a: Gholdengo|[spread] p2a\n|-immune|p1b: Orthworm|[from] ability: Earth Eater\n|-immune|p2b: Rotom|[from] ability: Levitate\n|-supereffective|p2a: Gholdengo\n|-damage|p2a: Gholdengo|0 fnt\n|faint|p2a: Gholdengo\n|move|p1b: Orthworm|Iron Defense|p1b: Orthworm\n|-boost|p1b: Orthworm|def|2\n|\n|upkeep\n|l|\u2606guiso21\n|player|p2|\n|inactive|Battle timer is ON: inactive players will automatically lose when time's up. (requested by Sophie Lumina)\n|c|\u2606Sophie Lumina|damn if you're gonna ragequit at least forfeit properly\n|inactive|guiso21 has 30 seconds to reconnect!\n|inactive|guiso21 has 20 seconds to reconnect!\n|inactive|guiso21 has 15 seconds to reconnect!\n|inactive|guiso21 has 10 seconds to reconnect!\n|inactive|guiso21 has 5 seconds to reconnect!\n|-message|guiso21 lost due to inactivity.\n|\n|win|Sophie Lumina\n|raw|Sophie Lumina's rating: 1196 → 1221<\/strong> (+25 for winning)\n|raw|guiso21's rating: 1193 → 1168<\/strong> (-25 for losing)\n","uploadtime":1682036007,"views":10,"p1id":"sophielumina","p2id":"guiso21","formatid":"gen9vgc2023regulationc","rating":1168,"private":0,"password":""}