{"id":"gen9vgc2023regulationc-1845926558","p1":"PerenniumFalcon","p2":"Toedscruel World","format":"[Gen 9] VGC 2023 Regulation C","log":"|j|\u2606PerenniumFalcon\n|j|\u2606Toedscruel World\n|t:|1681780104\n|gametype|doubles\n|player|p1|PerenniumFalcon|101|1482\n|player|p2|Toedscruel World|burglar|1389\n|teamsize|p1|6\n|teamsize|p2|6\n|gen|9\n|tier|[Gen 9] VGC 2023 Regulation C\n|rated|\n|rule|Species Clause: Limit one of each Pok\u00e9mon\n|rule|Item Clause: Limit one of each item\n|clearpoke\n|poke|p1|Baxcalibur, L50, F|\n|poke|p1|Arcanine, L50, F|\n|poke|p1|Palafin, L50, F|\n|poke|p1|Amoonguss, L50, M|\n|poke|p1|Ting-Lu, L50|\n|poke|p1|Flutter Mane, L50|\n|poke|p2|Talonflame, L50, F|\n|poke|p2|Garchomp, L50, M|\n|poke|p2|Gyarados, L50, F|\n|poke|p2|Flutter Mane, L50|\n|poke|p2|Wo-Chien, L50|\n|poke|p2|Orthworm, L50, F|\n|teampreview|4\nPerenniumFalcon has agreed to open team sheets.\nToedscruel World has agreed to open team sheets.\n|\n|t:|1681780160\n|start\n|switch|p1a: Ting-Lu|Ting-Lu, L50|100\/100\n|switch|p1b: Arcanine|Arcanine, L50, F|100\/100\n|switch|p2a: Talonflame|Talonflame, L50, F|100\/100\n|switch|p2b: Garchomp|Garchomp, L50, M, shiny|100\/100\n|-ability|p1b: Arcanine|Intimidate|boost\n|-unboost|p2a: Talonflame|atk|1\n|-fail|p2b: Garchomp|unboost|[from] item: Clear Amulet|[of] p2b: Garchomp\n|-ability|p1a: Ting-Lu|Vessel of Ruin\n|turn|1\n|\n|t:|1681780178\n|move|p2a: Talonflame|Taunt|p1b: Arcanine\n|-start|p1b: Arcanine|move: Taunt\n|move|p2b: Garchomp|Earthquake|p1b: Arcanine|[spread] p1a,p1b\n|-immune|p2a: Talonflame\n|-supereffective|p1b: Arcanine\n|-damage|p1a: Ting-Lu|83\/100\n|-damage|p1b: Arcanine|20\/100\n|cant|p1b: Arcanine|move: Taunt|Will-O-Wisp\n|move|p1a: Ting-Lu|Ruination|p2b: Garchomp\n|-damage|p2b: Garchomp|50\/100\n|\n|upkeep\n|turn|2\n|\n|t:|1681780197\n|move|p1b: Arcanine|Extreme Speed|p2a: Talonflame\n|-damage|p2a: Talonflame|73\/100\n|move|p2a: Talonflame|Will-O-Wisp|p1a: Ting-Lu\n|-status|p1a: Ting-Lu|brn\n|move|p2b: Garchomp|Earthquake|p1a: Ting-Lu|[spread] p1a,p1b\n|-immune|p2a: Talonflame\n|-crit|p1a: Ting-Lu\n|-supereffective|p1b: Arcanine\n|-damage|p1a: Ting-Lu|54\/100 brn\n|-damage|p1b: Arcanine|0 fnt\n|faint|p1b: Arcanine\n|move|p1a: Ting-Lu|Rock Tomb|p2a: Talonflame\n|-supereffective|p2a: Talonflame\n|-crit|p2a: Talonflame\n|-damage|p2a: Talonflame|19\/100\n|\n|-damage|p1a: Ting-Lu|47\/100 brn|[from] brn\n|upkeep\n|\n|t:|1681780216\n|switch|p1b: Baxcalibur|Baxcalibur, L50, F|100\/100\n|turn|3\n|\n|t:|1681780234\n|switch|p2b: Orthworm|Orthworm, L50, F|100\/100\n|move|p1b: Baxcalibur|Protect|p1b: Baxcalibur\n|-singleturn|p1b: Baxcalibur|Protect\n|move|p2a: Talonflame|Tailwind|p2a: Talonflame\n|-sidestart|p2: Toedscruel World|move: Tailwind\n|move|p1a: Ting-Lu|Stomping Tantrum|p2b: Orthworm\n|-immune|p2b: Orthworm|[from] ability: Earth Eater\n|\n|-damage|p1a: Ting-Lu|41\/100 brn|[from] brn\n|upkeep\n|turn|4\n|\n|t:|1681780272\n|switch|p2a: Gyarados|Gyarados, L50, F|100\/100\n|-ability|p2a: Gyarados|Intimidate|boost\n|-unboost|p1a: Ting-Lu|atk|1\n|-fail|p1b: Baxcalibur|unboost|[from] item: Clear Amulet|[of] p1b: Baxcalibur\n|move|p2b: Orthworm|Iron Defense|p2b: Orthworm\n|-boost|p2b: Orthworm|def|2\n|move|p1b: Baxcalibur|Glaive Rush|p2b: Orthworm\n|-resisted|p2b: Orthworm\n|-damage|p2b: Orthworm|88\/100\n|-singlemove|p1b: Baxcalibur|Glaive Rush|[silent]\n|move|p1a: Ting-Lu|Ruination|p2b: Orthworm|[miss]\n|-miss|p1a: Ting-Lu|p2b: Orthworm\n|\n|-damage|p1a: Ting-Lu|35\/100 brn|[from] brn\n|upkeep\n|turn|5\n|\n|t:|1681780290\n|move|p2a: Gyarados|Thunder Wave|p1b: Baxcalibur\n|-status|p1b: Baxcalibur|par\n|move|p2b: Orthworm|Body Press|p1a: Ting-Lu\n|-supereffective|p1a: Ting-Lu\n|-damage|p1a: Ting-Lu|0 fnt\n|faint|p1a: Ting-Lu\n|cant|p1b: Baxcalibur|par\n|\n|upkeep\n|\n|t:|1681780297\n|switch|p1a: Flutter Mane|Flutter Mane, L50|100\/100\n|turn|6\n|\n|t:|1681780308\n|move|p2a: Gyarados|Waterfall|p1a: Flutter Mane\n|-damage|p1a: Flutter Mane|40\/100\n|move|p1a: Flutter Mane|Shadow Ball|p2b: Orthworm\n|-damage|p2b: Orthworm|21\/100\n|-unboost|p2b: Orthworm|spd|1\n|-enditem|p2b: Orthworm|Sitrus Berry|[eat]\n|-heal|p2b: Orthworm|46\/100|[from] item: Sitrus Berry\n|move|p2b: Orthworm|Heavy Slam|p1a: Flutter Mane\n|-supereffective|p1a: Flutter Mane\n|-damage|p1a: Flutter Mane|0 fnt\n|faint|p1a: Flutter Mane\n|-end|p1a: Flutter Mane|Protosynthesis|[silent]\n|move|p1b: Baxcalibur|Glaive Rush|p2b: Orthworm\n|-resisted|p2b: Orthworm\n|-damage|p2b: Orthworm|34\/100\n|-singlemove|p1b: Baxcalibur|Glaive Rush|[silent]\n|\n|-sideend|p2: Toedscruel World|move: Tailwind\n|upkeep\n|turn|7\n|-message|PerenniumFalcon forfeited.\n|\n|win|Toedscruel World\n|raw|PerenniumFalcon's rating: 1482 → 1457<\/strong> (-25 for losing)\n|raw|Toedscruel World's rating: 1389 → 1414<\/strong> (+25 for winning)\n|l|\u2606PerenniumFalcon\n|l|\u2606Toedscruel World\n|j|\u2606Toedscruel World\n|player|p2|Toedscruel World|burglar\n","uploadtime":1681780515,"views":12,"p1id":"perenniumfalcon","p2id":"toedscruelworld","formatid":"gen9vgc2023regulationc","rating":1414,"private":0,"password":""}