{"id":"gen9vgc2023regulationc-1856145141","p1":"ashXrozz1998","p2":"Bafio","format":"[Gen 9] VGC 2023 Regulation C","log":"|j|\u2606ashXrozz1998\n|j|\u2606Bafio\n|t:|1683034798\n|gametype|doubles\n|player|p1|ashXrozz1998|101|1336\n|player|p2|Bafio|iris|1348\n|teamsize|p1|6\n|teamsize|p2|6\n|gen|9\n|tier|[Gen 9] VGC 2023 Regulation C\n|rated|\n|rule|Species Clause: Limit one of each Pok\u00e9mon\n|rule|Item Clause: Limit one of each item\n|clearpoke\n|poke|p1|Armarouge, L50, M|\n|poke|p1|Maushold-Four, L50|\n|poke|p1|Flutter Mane, L50|\n|poke|p1|Scizor, L50, F|\n|poke|p1|Dondozo, L50, M|\n|poke|p1|Tatsugiri, L50, M|\n|poke|p2|Orthworm, L50, F|\n|poke|p2|Dragonite, L50, M|\n|poke|p2|Ting-Lu, L50|\n|poke|p2|Gyarados, L50, F|\n|poke|p2|Flutter Mane, L50|\n|poke|p2|Chien-Pao, L50|\n|teampreview|4\n|inactive|Battle timer is ON: inactive players will automatically lose when time's up. (requested by Bafio)\n|inactive|ashXrozz1998 also wants the timer to be on.\nBafio has agreed to open team sheets.\n|inactive|Bafio has 60 seconds left.\n|\n|t:|1683034840\n|start\n|switch|p1a: Dondozo|Dondozo, L50, M|100\/100\n|switch|p1b: Tatsugiri|Tatsugiri, L50, M|100\/100\n|switch|p2a: whoop|Orthworm, L50, F|100\/100\n|switch|p2b: bonk|Ting-Lu, L50|100\/100\n|-activate|p1b: Tatsugiri|ability: Commander|[of] p1a: Dondozo\n|-boost|p1a: Dondozo|atk|2\n|-boost|p1a: Dondozo|spa|2\n|-boost|p1a: Dondozo|spe|2\n|-boost|p1a: Dondozo|def|2\n|-boost|p1a: Dondozo|spd|2\n|-ability|p2b: bonk|Vessel of Ruin\n|turn|1\n|inactive|ashXrozz1998 has 30 seconds left.\n|\n|t:|1683034866\n|switch|p2b: bzzt|Gyarados, L50, F|100\/100\n|-ability|p2b: bzzt|Intimidate|boost\n|-unboost|p1a: Dondozo|atk|1\n|-unboost|p1b: Tatsugiri|atk|1\n|move|p1a: Dondozo|Substitute|p1a: Dondozo\n|-start|p1a: Dondozo|Substitute\n|-damage|p1a: Dondozo|76\/100\n|move|p2a: whoop|Shed Tail|p2a: whoop\n|-start|p2a: whoop|Substitute|[from] move: Shed Tail\n|-damage|p2a: whoop|50\/100\n|-enditem|p2a: whoop|Sitrus Berry|[eat]\n|-heal|p2a: whoop|75\/100|[from] item: Sitrus Berry\n|\n|t:|1683034878\n|switch|p2a: fiuum|Dragonite, L50, M|100\/100|[from] Shed Tail\n|\n|-heal|p1a: Dondozo|82\/100|[from] item: Leftovers\n|upkeep\n|turn|2\n|\n|t:|1683034893\n|move|p1a: Dondozo|Order Up|p2a: fiuum\n|-supereffective|p2a: fiuum\n|-end|p2a: fiuum|Substitute\n|-boost|p1a: Dondozo|atk|1\n|move|p2a: fiuum|Dragon Dance|p2a: fiuum\n|-boost|p2a: fiuum|atk|1\n|-boost|p2a: fiuum|spe|1\n|move|p2b: bzzt|Taunt|p1a: Dondozo\n|-start|p1a: Dondozo|move: Taunt\n|\n|-heal|p1a: Dondozo|88\/100|[from] item: Leftovers\n|upkeep\n|turn|3\n|\n|t:|1683034908\n|-terastallize|p2a: fiuum|Flying\n|move|p2a: fiuum|Tera Blast|p1a: Dondozo\n|-activate|p1a: Dondozo|move: Substitute|[damage]\n|move|p1a: Dondozo|Order Up|p2a: fiuum\n|-damage|p2a: fiuum|79\/100\n|-boost|p1a: Dondozo|atk|1\n|move|p2b: bzzt|Thunder Wave||[still]\n|-fail|p2b: bzzt\n|\n|-heal|p1a: Dondozo|94\/100|[from] item: Leftovers\n|upkeep\n|turn|4\n|\n|t:|1683034924\n|move|p2a: fiuum|Tera Blast|p1a: Dondozo\n|-end|p1a: Dondozo|Substitute\n|move|p1a: Dondozo|Order Up|p2a: fiuum\n|-damage|p2a: fiuum|23\/100\n|-boost|p1a: Dondozo|atk|1\n|move|p2b: bzzt|Thunder Wave|p1a: Dondozo\n|-status|p1a: Dondozo|par\n|\n|-heal|p1a: Dondozo|100\/100 par|[from] item: Leftovers\n|upkeep\n|turn|5\n|\n|t:|1683034948\n|switch|p2b: whoop|Orthworm, L50, F|75\/100\n|move|p2a: fiuum|Earthquake|p1b: Tatsugiri|[spread] p1a\n|-miss|p2a: fiuum|p1b: Tatsugiri\n|-heal|p2b: whoop|100\/100|[from] ability: Earth Eater|[of] p2a: fiuum\n|-damage|p1a: Dondozo|91\/100 par\n|move|p1a: Dondozo|Order Up|p2a: fiuum\n|-damage|p2a: fiuum|0 fnt\n|faint|p2a: fiuum\n|-boost|p1a: Dondozo|atk|1\n|\n|-heal|p1a: Dondozo|97\/100 par|[from] item: Leftovers\n|-end|p1a: Dondozo|move: Taunt\n|upkeep\n|\n|t:|1683034957\n|switch|p2a: bzzt|Gyarados, L50, F|100\/100\n|-ability|p2a: bzzt|Intimidate|boost\n|-unboost|p1a: Dondozo|atk|1\n|-unboost|p1b: Tatsugiri|atk|1\n|turn|6\n|\n|t:|1683034974\n|move|p2a: bzzt|Waterfall|p1a: Dondozo\n|-resisted|p1a: Dondozo\n|-damage|p1a: Dondozo|91\/100 par\n|move|p1a: Dondozo|Order Up|p2a: bzzt\n|-damage|p2a: bzzt|46\/100\n|-boost|p1a: Dondozo|atk|1\n|move|p2b: whoop|Iron Defense|p2b: whoop\n|-boost|p2b: whoop|def|2\n|\n|-heal|p1a: Dondozo|97\/100 par|[from] item: Leftovers\n|upkeep\n|turn|7\n|\n|t:|1683034989\n|move|p2a: bzzt|Waterfall|p1a: Dondozo\n|-resisted|p1a: Dondozo\n|-damage|p1a: Dondozo|91\/100 par\n|cant|p1a: Dondozo|par\n|move|p2b: whoop|Iron Defense|p2b: whoop\n|-boost|p2b: whoop|def|2\n|\n|-heal|p1a: Dondozo|97\/100 par|[from] item: Leftovers\n|upkeep\n|turn|8\n|\n|t:|1683035001\n|move|p2a: bzzt|Waterfall|p1a: Dondozo\n|-resisted|p1a: Dondozo\n|-damage|p1a: Dondozo|90\/100 par\n|move|p1a: Dondozo|Order Up|p2a: bzzt\n|-damage|p2a: bzzt|0 fnt\n|faint|p2a: bzzt\n|-boost|p1a: Dondozo|atk|1\n|move|p2b: whoop|Iron Defense|p2b: whoop\n|-boost|p2b: whoop|def|2\n|\n|-heal|p1a: Dondozo|96\/100 par|[from] item: Leftovers\n|upkeep\n|\n|t:|1683035011\n|switch|p2a: bonk|Ting-Lu, L50|100\/100\n|-ability|p2a: bonk|Vessel of Ruin\n|turn|9\n|\n|t:|1683035016\n|move|p2a: bonk|Rock Slide|p1a: Dondozo|[spread] p1a\n|-miss|p2a: bonk|p1b: Tatsugiri\n|-damage|p1a: Dondozo|88\/100 par\n|move|p1a: Dondozo|Order Up|p2a: bonk\n|-damage|p2a: bonk|53\/100\n|-boost|p1a: Dondozo|atk|0\n|move|p2b: whoop|Body Press|p1a: Dondozo\n|-damage|p1a: Dondozo|78\/100 par\n|\n|-heal|p1a: Dondozo|84\/100 par|[from] item: Leftovers\n|upkeep\n|turn|10\n|\n|t:|1683035033\n|move|p2a: bonk|Rock Slide|p1a: Dondozo|[spread] p1a\n|-miss|p2a: bonk|p1b: Tatsugiri\n|-damage|p1a: Dondozo|76\/100 par\n|cant|p1a: Dondozo|flinch\n|move|p2b: whoop|Body Press|p1a: Dondozo\n|-damage|p1a: Dondozo|65\/100 par\n|\n|-heal|p1a: Dondozo|72\/100 par|[from] item: Leftovers\n|upkeep\n|turn|11\n|\n|t:|1683035044\n|move|p2a: bonk|Rock Slide|p1b: Tatsugiri|[spread] p1a\n|-miss|p2a: bonk|p1b: Tatsugiri\n|-damage|p1a: Dondozo|63\/100 par\n|cant|p1a: Dondozo|flinch\n|move|p2b: whoop|Body Press|p1a: Dondozo\n|-damage|p1a: Dondozo|52\/100 par\n|\n|-heal|p1a: Dondozo|59\/100 par|[from] item: Leftovers\n|upkeep\n|turn|12\n|\n|t:|1683035053\n|move|p2a: bonk|Rock Slide|p1a: Dondozo|[spread] p1a\n|-miss|p2a: bonk|p1b: Tatsugiri\n|-damage|p1a: Dondozo|49\/100 par\n|cant|p1a: Dondozo|flinch\n|move|p2b: whoop|Body Press|p1a: Dondozo\n|-damage|p1a: Dondozo|38\/100 par\n|\n|-heal|p1a: Dondozo|44\/100 par|[from] item: Leftovers\n|upkeep\n|turn|13\n|\n|t:|1683035063\n|move|p2a: bonk|Rock Slide|p1a: Dondozo|[spread] p1a\n|-miss|p2a: bonk|p1b: Tatsugiri\n|-damage|p1a: Dondozo|35\/100 par\n|move|p1a: Dondozo|Substitute|p1a: Dondozo\n|-start|p1a: Dondozo|Substitute\n|-damage|p1a: Dondozo|10\/100 par\n|move|p2b: whoop|Body Press|p1a: Dondozo\n|-activate|p1a: Dondozo|move: Substitute|[damage]\n|\n|-heal|p1a: Dondozo|16\/100 par|[from] item: Leftovers\n|upkeep\n|turn|14\n|\n|t:|1683035075\n|move|p1a: Dondozo|Protect|p1a: Dondozo\n|-singleturn|p1a: Dondozo|Protect\n|move|p2a: bonk|Rock Slide|p1b: Tatsugiri|[spread] \n|-miss|p2a: bonk|p1b: Tatsugiri\n|-activate|p1a: Dondozo|move: Protect\n|move|p2b: whoop|Body Press|p1a: Dondozo\n|-activate|p1a: Dondozo|move: Protect\n|\n|-heal|p1a: Dondozo|23\/100 par|[from] item: Leftovers\n|upkeep\n|turn|15\n|\n|t:|1683035091\n|move|p2a: bonk|Rock Slide|p1a: Dondozo|[spread] p1a\n|-miss|p2a: bonk|p1b: Tatsugiri\n|-crit|p1a: Dondozo\n|-end|p1a: Dondozo|Substitute\n|move|p1a: Dondozo|Order Up|p2a: bonk\n|-damage|p2a: bonk|3\/100\n|-boost|p1a: Dondozo|atk|0\n|move|p2b: whoop|Body Press|p1a: Dondozo\n|-damage|p1a: Dondozo|13\/100 par\n|\n|-heal|p1a: Dondozo|19\/100 par|[from] item: Leftovers\n|upkeep\n|turn|16\n|\n|t:|1683035105\n|move|p2a: bonk|Rock Slide|p1a: Dondozo|[spread] p1a\n|-miss|p2a: bonk|p1b: Tatsugiri\n|-damage|p1a: Dondozo|11\/100 par\n|cant|p1a: Dondozo|flinch\n|move|p2b: whoop|Body Press|p1a: Dondozo\n|-damage|p1a: Dondozo|0 fnt\n|faint|p1a: Dondozo\n|\n|upkeep\n|\n|t:|1683035119\n|switch|p1a: Flutter Mane|Flutter Mane, L50|100\/100\n|-enditem|p1a: Flutter Mane|Booster Energy\n|-activate|p1a: Flutter Mane|ability: Protosynthesis|[fromitem]\n|-start|p1a: Flutter Mane|protosynthesisspe\n|turn|17\n|\n|t:|1683035144\n|move|p1a: Flutter Mane|Shadow Ball|p2b: whoop\n|-damage|p2b: whoop|60\/100\n|move|p1b: Tatsugiri|Muddy Water|p2b: whoop|[spread] p2a,p2b\n|-supereffective|p2a: bonk\n|-damage|p2a: bonk|0 fnt\n|-damage|p2b: whoop|29\/100\n|faint|p2a: bonk\n|move|p2b: whoop|Heavy Slam|p1a: Flutter Mane\n|-supereffective|p1a: Flutter Mane\n|-crit|p1a: Flutter Mane\n|-damage|p1a: Flutter Mane|0 fnt\n|faint|p1a: Flutter Mane\n|-end|p1a: Flutter Mane|Protosynthesis|[silent]\n|\n|upkeep\n|\n|t:|1683035155\n|switch|p1a: Scizor|Scizor, L50, F|100\/100\n|turn|18\n|\n|t:|1683035162\n|move|p1b: Tatsugiri|Muddy Water|p2b: whoop|[miss]\n|-miss|p1b: Tatsugiri|p2b: whoop\n|move|p2b: whoop|Body Press|p1b: Tatsugiri\n|-damage|p1b: Tatsugiri|0 fnt\n|faint|p1b: Tatsugiri\n|move|p1a: Scizor|Close Combat|p2b: whoop\n|-supereffective|p2b: whoop\n|-damage|p2b: whoop|9\/100\n|-unboost|p1a: Scizor|def|1\n|-unboost|p1a: Scizor|spd|1\n|-damage|p1a: Scizor|91\/100|[from] item: Life Orb\n|\n|upkeep\n|turn|19\n|\n|t:|1683035174\n|move|p2b: whoop|Body Press|p1a: Scizor\n|-damage|p1a: Scizor|0 fnt\n|faint|p1a: Scizor\n|\n|win|Bafio\n|raw|ashXrozz1998's rating: 1336 → 1317<\/strong> (-19 for losing)\n|raw|Bafio's rating: 1348 → 1367<\/strong> (+19 for winning)\n|l|\u2606ashXrozz1998\n","uploadtime":1683035185,"views":6,"p1id":"ashxrozz1998","p2id":"bafio","formatid":"gen9vgc2023regulationc","rating":1317,"private":0,"password":""}