{"id":"gen9vgc2023regulationc-1846572242","p1":"Seedot is my god","p2":"dogson5","format":"[Gen 9] VGC 2023 Regulation C","log":"|j|\u2606Seedot is my god\n|j|\u2606dogson5\n|t:|1681852929\n|gametype|doubles\n|player|p1|Seedot is my god|169|1311\n|player|p2|dogson5|nate|1312\n|teamsize|p1|6\n|teamsize|p2|6\n|gen|9\n|tier|[Gen 9] VGC 2023 Regulation C\n|rated|\n|rule|Species Clause: Limit one of each Pok\u00e9mon\n|rule|Item Clause: Limit one of each item\n|clearpoke\n|poke|p1|Chi-Yu, L50|\n|poke|p1|Dachsbun, L50, F|\n|poke|p1|Dragonite, L50, F|\n|poke|p1|Chien-Pao, L50|\n|poke|p1|Flutter Mane, L50|\n|poke|p1|Gyarados, L50, M|\n|poke|p2|Palafin, L50, M|\n|poke|p2|Flutter Mane, L50|\n|poke|p2|Arcanine, L50, F|\n|poke|p2|Amoonguss, L50, F|\n|poke|p2|Dragonite, L50, F|\n|poke|p2|Kingambit, L50, M|\n|teampreview|4\nSeedot is my god has agreed to open team sheets.\n|inactive|Battle timer is ON: inactive players will automatically lose when time's up. (requested by Seedot is my god)\n|inactive|Seedot is my god has 60 seconds left.\n|inactive|dogson5 has 60 seconds left.\n|\n|t:|1681852985\n|start\n|switch|p1a: Chi-Yu|Chi-Yu, L50|100\/100\n|switch|p1b: Chien-Pao|Chien-Pao, L50|100\/100\n|switch|p2a: Palafin|Palafin, L50, M|100\/100\n|switch|p2b: Flutter Mane|Flutter Mane, L50|100\/100\n|-ability|p1a: Chi-Yu|Beads of Ruin\n|-ability|p1b: Chien-Pao|Sword of Ruin\n|-enditem|p2b: Flutter Mane|Booster Energy\n|-activate|p2b: Flutter Mane|ability: Protosynthesis|[fromitem]\n|-start|p2b: Flutter Mane|protosynthesisspa\n|turn|1\n|inactive|dogson5 has 30 seconds left.\n|inactive|Seedot is my god has 30 seconds left.\n|inactive|dogson5 has 20 seconds left.\n|inactive|dogson5 has 15 seconds left.\n|inactive|dogson5 has 10 seconds left.\n|\n|t:|1681853030\n|switch|p1a: Dragonite|Dragonite, L50, F|100\/100\n|detailschange|p2a: Palafin|Palafin-Hero, L50, M\n|switch|p2a: Dragonite|Dragonite, L50, F|100\/100\n|move|p2b: Flutter Mane|Protect|p2b: Flutter Mane\n|-singleturn|p2b: Flutter Mane|Protect\n|move|p1b: Chien-Pao|Ice Spinner|p2b: Flutter Mane\n|-activate|p2b: Flutter Mane|move: Protect\n|\n|upkeep\n|turn|2\n|inactive|dogson5 has 30 seconds left.\n|\n|t:|1681853065\n|switch|p2a: Palafin|Palafin-Hero, L50, M|100\/100\n|-activate|p2a: Palafin|ability: Zero to Hero\n|-terastallize|p1a: Dragonite|Flying\n|move|p1b: Chien-Pao|Protect|p1b: Chien-Pao\n|-singleturn|p1b: Chien-Pao|Protect\n|move|p2b: Flutter Mane|Dazzling Gleam|p1a: Dragonite|[spread] p1a\n|-activate|p1b: Chien-Pao|move: Protect\n|-damage|p1a: Dragonite|83\/100\n|move|p1a: Dragonite|Tera Blast|p2b: Flutter Mane\n|-damage|p2b: Flutter Mane|0 fnt\n|faint|p2b: Flutter Mane\n|-end|p2b: Flutter Mane|Protosynthesis|[silent]\n|\n|upkeep\n|\n|t:|1681853082\n|switch|p2b: Dragonite|Dragonite, L50, F|100\/100\n|turn|3\n|\n|t:|1681853095\n|-terastallize|p2b: Dragonite|Flying\n|move|p1a: Dragonite|Extreme Speed|p2a: Palafin\n|-damage|p2a: Palafin|64\/100\n|move|p1b: Chien-Pao|Sucker Punch|p2a: Palafin\n|-damage|p2a: Palafin|26\/100\n|move|p2a: Palafin|Wave Crash|p1a: Dragonite\n|-damage|p1a: Dragonite|0 fnt\n|faint|p1a: Dragonite\n|-damage|p2a: Palafin|0 fnt|[from] Recoil\n|faint|p2a: Palafin\n|move|p2b: Dragonite|Low Kick|p1b: Chien-Pao\n|-supereffective|p1b: Chien-Pao\n|-enditem|p1b: Chien-Pao|Focus Sash\n|-damage|p1b: Chien-Pao|1\/100\n|\n|upkeep\n|\n|t:|1681853110\n|switch|p2a: Amoonguss|Amoonguss, L50, F|100\/100\n|switch|p1a: Chi-Yu|Chi-Yu, L50|100\/100\n|-ability|p1a: Chi-Yu|Beads of Ruin\n|turn|4\n|\n|t:|1681853130\n|move|p1b: Chien-Pao|Protect|p1b: Chien-Pao\n|-singleturn|p1b: Chien-Pao|Protect\n|move|p1a: Chi-Yu|Flamethrower|p2a: Amoonguss\n|-supereffective|p2a: Amoonguss\n|-damage|p2a: Amoonguss|0 fnt\n|faint|p2a: Amoonguss\n|move|p2b: Dragonite|Tera Blast|p1a: Chi-Yu\n|-damage|p1a: Chi-Yu|0 fnt\n|faint|p1a: Chi-Yu\n|\n|upkeep\n|\n|t:|1681853137\n|switch|p1a: Flutter Mane|Flutter Mane, L50|100\/100\n|-enditem|p1a: Flutter Mane|Booster Energy\n|-activate|p1a: Flutter Mane|ability: Protosynthesis|[fromitem]\n|-start|p1a: Flutter Mane|protosynthesisspe\n|turn|5\n|\n|t:|1681853143\n|move|p2b: Dragonite|Extreme Speed|p1b: Chien-Pao\n|-damage|p1b: Chien-Pao|0 fnt\n|faint|p1b: Chien-Pao\n|move|p1a: Flutter Mane|Dazzling Gleam|p2b: Dragonite\n|-damage|p2b: Dragonite|87\/100\n|\n|upkeep\n|turn|6\n|\n|t:|1681853152\n|move|p1a: Flutter Mane|Dazzling Gleam|p2b: Dragonite\n|-damage|p2b: Dragonite|60\/100\n|move|p2b: Dragonite|Tera Blast|p1a: Flutter Mane\n|-damage|p1a: Flutter Mane|0 fnt\n|faint|p1a: Flutter Mane\n|-end|p1a: Flutter Mane|Protosynthesis|[silent]\n|\n|win|dogson5\n|raw|Seedot is my god's rating: 1311 → 1291<\/strong> (-20 for losing)\n|raw|dogson5's rating: 1312 → 1332<\/strong> (+20 for winning)\n|l|\u2606Seedot is my god\n|c|\u2606dogson5|gg\n","uploadtime":1681853168,"views":10,"p1id":"seedotismygod","p2id":"dogson5","formatid":"gen9vgc2023regulationc","rating":1291,"private":0,"password":""}