{"id":"gen9vgc2023regulationc-1861370794","p1":"garfieldslaya","p2":"MikelMtz","format":"[Gen 9] VGC 2023 Regulation C","log":"|j|\u2606garfieldslaya\n|j|\u2606MikelMtz\n|t:|1683750501\n|gametype|doubles\n|player|p1|garfieldslaya|jasmine|1132\n|player|p2|MikelMtz|265|1051\n|teamsize|p1|6\n|teamsize|p2|6\n|gen|9\n|tier|[Gen 9] VGC 2023 Regulation C\n|rated|\n|rule|Species Clause: Limit one of each Pok\u00e9mon\n|rule|Item Clause: Limit one of each item\n|clearpoke\n|poke|p1|Amoonguss, L50, M|\n|poke|p1|Flutter Mane, L50|\n|poke|p1|Arcanine, L50, F|\n|poke|p1|Baxcalibur, L50, M|\n|poke|p1|Ting-Lu, L50|\n|poke|p1|Azumarill, L50, F|\n|poke|p2|Pelipper, L50, F|\n|poke|p2|Palafin, L50, F|\n|poke|p2|Gholdengo, L50|\n|poke|p2|Flutter Mane, L50|\n|poke|p2|Amoonguss, L50, M|\n|poke|p2|Iron Hands, L50|\n|teampreview|4\ngarfieldslaya has agreed to open team sheets.\n|inactive|Battle timer is ON: inactive players will automatically lose when time's up. (requested by MikelMtz)\n|\n|t:|1683750534\n|start\n|switch|p1a: Flutter Mane|Flutter Mane, L50|100\/100\n|switch|p1b: Baxcalibur|Baxcalibur, L50, M|100\/100\n|switch|p2a: Aquaman|Palafin, L50, F, shiny|100\/100\n|switch|p2b: Sumo|Iron Hands, L50, shiny|100\/100\n|-item|p2b: Sumo|Air Balloon\n|-enditem|p1a: Flutter Mane|Booster Energy\n|-activate|p1a: Flutter Mane|ability: Protosynthesis|[fromitem]\n|-start|p1a: Flutter Mane|protosynthesisspa\n|turn|1\n|\n|t:|1683750558\n|-terastallize|p1a: Flutter Mane|Water\n|move|p2b: Sumo|Fake Out|p1b: Baxcalibur\n|-damage|p1b: Baxcalibur|88\/100\n|move|p1a: Flutter Mane|Moonblast|p2b: Sumo\n|-supereffective|p2b: Sumo\n|-damage|p2b: Sumo|0 fnt\n|-enditem|p2b: Sumo|Air Balloon\n|faint|p2b: Sumo\n|-end|p2b: Sumo|Quark Drive|[silent]\n|move|p2a: Aquaman|Flip Turn|p1a: Flutter Mane\n|-resisted|p1a: Flutter Mane\n|-damage|p1a: Flutter Mane|74\/100\n|\n|t:|1683750570\n|detailschange|p2a: Aquaman|Palafin-Hero, L50, F, shiny\n|switch|p2a: Amoonguss|Amoonguss, L50, M, shiny|100\/100|[from] Flip Turn\n|cant|p1b: Baxcalibur|flinch\n|\n|upkeep\n|\n|t:|1683750575\n|switch|p2b: Aquaman|Palafin-Hero, L50, F, shiny|100\/100\n|-activate|p2b: Aquaman|ability: Zero to Hero\n|turn|2\n|\n|t:|1683750595\n|move|p1a: Flutter Mane|Protect|p1a: Flutter Mane\n|-singleturn|p1a: Flutter Mane|Protect\n|move|p2b: Aquaman|Flip Turn|p1a: Flutter Mane\n|-activate|p1a: Flutter Mane|move: Protect\n|move|p1b: Baxcalibur|Icicle Crash|p2a: Amoonguss\n|-supereffective|p2a: Amoonguss\n|-damage|p2a: Amoonguss|1\/100\n|move|p2a: Amoonguss|Spore|p1b: Baxcalibur\n|-status|p1b: Baxcalibur|slp|[from] move: Spore\n|\n|-heal|p2a: Amoonguss|7\/100|[from] item: Black Sludge\n|upkeep\n|turn|3\n|inactive|MikelMtz has 30 seconds left.\n|inactive|garfieldslaya has 30 seconds left.\n|\n|t:|1683750632\n|move|p1a: Flutter Mane|Shadow Ball|p2a: Amoonguss\n|-damage|p2a: Amoonguss|0 fnt\n|faint|p2a: Amoonguss\n|move|p2b: Aquaman|Flip Turn|p1a: Flutter Mane\n|-resisted|p1a: Flutter Mane\n|-damage|p1a: Flutter Mane|29\/100\n|\n|t:|1683750646\n|switch|p2b: Pelipper|Pelipper, L50, F|100\/100|[from] Flip Turn\n|-weather|RainDance|[from] ability: Drizzle|[of] p2b: Pelipper\n|cant|p1b: Baxcalibur|slp\n|\n|-weather|RainDance|[upkeep]\n|upkeep\n|\n|t:|1683750648\n|switch|p2a: Aquaman|Palafin-Hero, L50, F, shiny|100\/100\n|turn|4\n|\n|t:|1683750659\n|move|p1a: Flutter Mane|Protect|p1a: Flutter Mane\n|-singleturn|p1a: Flutter Mane|Protect\n|move|p2a: Aquaman|Jet Punch|p1a: Flutter Mane\n|-activate|p1a: Flutter Mane|move: Protect\n|move|p2b: Pelipper|Tailwind|p2b: Pelipper\n|-sidestart|p2: MikelMtz|move: Tailwind\n|cant|p1b: Baxcalibur|slp\n|\n|-weather|RainDance|[upkeep]\n|upkeep\n|turn|5\n|\n|t:|1683750679\n|-end|p1a: Flutter Mane|Protosynthesis|[silent]\n|switch|p1a: Amoonguss|Amoonguss, L50, M|100\/100\n|move|p2a: Aquaman|Jet Punch|p1a: Amoonguss\n|-resisted|p1a: Amoonguss\n|-damage|p1a: Amoonguss|70\/100\n|-damage|p2a: Aquaman|84\/100|[from] item: Rocky Helmet|[of] p1a: Amoonguss\n|move|p2b: Pelipper|Hurricane|p1b: Baxcalibur\n|-damage|p1b: Baxcalibur|45\/100 slp\n|-start|p1b: Baxcalibur|confusion\n|cant|p1b: Baxcalibur|slp\n|\n|-weather|RainDance|[upkeep]\n|upkeep\n|turn|6\n|inactive|garfieldslaya has 30 seconds left.\n|inactive|garfieldslaya has 20 seconds left.\n|\n|t:|1683750717\n|switch|p1b: Ting-Lu|Ting-Lu, L50|100\/100\n|-ability|p1b: Ting-Lu|Vessel of Ruin\n|move|p1a: Amoonguss|Rage Powder|p1a: Amoonguss\n|-singleturn|p1a: Amoonguss|move: Rage Powder\n|move|p2a: Aquaman|Wave Crash|p1a: Amoonguss\n|-resisted|p1a: Amoonguss\n|-damage|p1a: Amoonguss|11\/100\n|-damage|p2a: Aquaman|68\/100|[from] item: Rocky Helmet|[of] p1a: Amoonguss\n|-damage|p2a: Aquaman|45\/100|[from] Recoil\n|move|p2b: Pelipper|Hurricane|p1a: Amoonguss\n|-supereffective|p1a: Amoonguss\n|-damage|p1a: Amoonguss|0 fnt\n|faint|p1a: Amoonguss\n|\n|-weather|RainDance|[upkeep]\n|upkeep\n|\n|t:|1683750724\n|switch|p1a: Flutter Mane|Flutter Mane, L50, tera:Water|29\/100\n|turn|7\n|inactive|MikelMtz has 30 seconds left.\n|inactive|garfieldslaya has 30 seconds left.\n|inactive|MikelMtz has 20 seconds left.\n|inactive|MikelMtz has 15 seconds left.\n|inactive|MikelMtz has 10 seconds left.\n|inactive|MikelMtz has 5 seconds left.\n|\n|t:|1683750779\n|move|p1a: Flutter Mane|Protect|p1a: Flutter Mane\n|-singleturn|p1a: Flutter Mane|Protect\n|move|p1b: Ting-Lu|Protect|p1b: Ting-Lu\n|-singleturn|p1b: Ting-Lu|Protect\n|move|p2a: Aquaman|Flip Turn|p1a: Flutter Mane\n|-activate|p1a: Flutter Mane|move: Protect\n|move|p2b: Pelipper|Hurricane|p1a: Flutter Mane\n|-activate|p1a: Flutter Mane|move: Protect\n|\n|-weather|none\n|-sideend|p2: MikelMtz|move: Tailwind\n|upkeep\n|turn|8\n|\n|t:|1683750799\n|-end|p1a: Flutter Mane|Protosynthesis|[silent]\n|switch|p1a: Baxcalibur|Baxcalibur, L50, M|45\/100 slp\n|-terastallize|p2a: Aquaman|Water\n|move|p2a: Aquaman|Wave Crash|p1b: Ting-Lu\n|-supereffective|p1b: Ting-Lu\n|-damage|p1b: Ting-Lu|0 fnt\n|faint|p1b: Ting-Lu\n|-damage|p2a: Aquaman|4\/100|[from] Recoil\n|move|p2b: Pelipper|Hurricane|p1a: Baxcalibur|[miss]\n|-miss|p2b: Pelipper|p1a: Baxcalibur\n|\n|upkeep\n|\n|t:|1683750810\n|switch|p1b: Flutter Mane|Flutter Mane, L50, tera:Water|29\/100\n|turn|9\n|inactive|MikelMtz has 30 seconds left.\n|\n|t:|1683750845\n|move|p1b: Flutter Mane|Protect|p1b: Flutter Mane\n|-singleturn|p1b: Flutter Mane|Protect\n|move|p2a: Aquaman|Jet Punch|p1b: Flutter Mane\n|-activate|p1b: Flutter Mane|move: Protect\n|-curestatus|p1a: Baxcalibur|slp|[msg]\n|move|p1a: Baxcalibur|Ice Shard|p2a: Aquaman\n|-resisted|p2a: Aquaman\n|-damage|p2a: Aquaman|0 fnt\n|faint|p2a: Aquaman\n|move|p2b: Pelipper|Hurricane|p1a: Baxcalibur\n|-damage|p1a: Baxcalibur|1\/100\n|\n|upkeep\n|turn|10\n|\n|t:|1683750859\n|move|p1a: Baxcalibur|Ice Shard|p2b: Pelipper\n|-damage|p2b: Pelipper|73\/100\n|move|p1b: Flutter Mane|Thunderbolt|p2b: Pelipper\n|-supereffective|p2b: Pelipper\n|-damage|p2b: Pelipper|0 fnt\n|faint|p2b: Pelipper\n|\n|win|garfieldslaya\n|raw|garfieldslaya's rating: 1132 → 1153<\/strong> (+21 for winning)\n|raw|MikelMtz's rating: 1082 → 1063<\/strong> (-19 for losing)\n","uploadtime":1683750867,"views":5,"p1id":"garfieldslaya","p2id":"mikelmtz","formatid":"gen9vgc2023regulationc","rating":1063,"private":0,"password":""}