{"id":"gen9vgc2023regulationc-1863015885","p1":"SoggyWaffles35","p2":"Garydosses","format":"[Gen 9] VGC 2023 Regulation C","log":"|j|\u2606SoggyWaffles35\n|j|\u2606Garydosses\n|t:|1683952774\n|gametype|doubles\n|player|p1|SoggyWaffles35|101|\n|player|p2|Garydosses|102|\n|teamsize|p1|6\n|teamsize|p2|6\n|gen|9\n|tier|[Gen 9] VGC 2023 Regulation C\n|rule|Species Clause: Limit one of each Pok\u00e9mon\n|rule|Item Clause: Limit one of each item\n|clearpoke\n|poke|p1|Orthworm, L50, F|\n|poke|p1|Ting-Lu, L50|\n|poke|p1|Chien-Pao, L50|\n|poke|p1|Dragonite, L50, M|\n|poke|p1|Gyarados, L50, M|\n|poke|p1|Flutter Mane, L50|\n|poke|p2|Tyranitar, L50, F|\n|poke|p2|Iron Bundle, L50|\n|poke|p2|Corviknight, L50, M|\n|poke|p2|Palafin, L50, M|\n|poke|p2|Chi-Yu, L50|\n|poke|p2|Great Tusk, L50|\n|teampreview|4\n|inactive|Battle timer is ON: inactive players will automatically lose when time's up. (requested by Garydosses)\nGarydosses has agreed to open team sheets.\nSoggyWaffles35 has agreed to open team sheets.\n|c|\u2606Garydosses|Glhf\n|c|\u2606SoggyWaffles35|you too\n|inactive|SoggyWaffles35 has 60 seconds left.\n|inactive|Garydosses has 60 seconds left.\n|\n|t:|1683952833\n|start\n|switch|p1a: Gyarados|Gyarados, L50, M|100\/100\n|switch|p1b: Flutter Mane|Flutter Mane, L50|100\/100\n|switch|p2a: Great Tusk|Great Tusk, L50|100\/100\n|switch|p2b: Corviknight|Corviknight, L50, M|100\/100\n|-ability|p1a: Gyarados|Intimidate|boost\n|-unboost|p2a: Great Tusk|atk|1\n|-ability|p2b: Corviknight|Mirror Armor\n|-unboost|p1a: Gyarados|atk|1\n|-enditem|p1b: Flutter Mane|Booster Energy\n|-activate|p1b: Flutter Mane|ability: Protosynthesis|[fromitem]\n|-start|p1b: Flutter Mane|protosynthesisspa\n|turn|1\n|inactive|SoggyWaffles35 has 30 seconds left.\n|inactive|Garydosses has 30 seconds left.\n|\n|t:|1683952862\n|move|p1b: Flutter Mane|Protect|p1b: Flutter Mane\n|-singleturn|p1b: Flutter Mane|Protect\n|move|p2a: Great Tusk|Protect|p2a: Great Tusk\n|-singleturn|p2a: Great Tusk|Protect\n|move|p1a: Gyarados|Taunt|p2b: Corviknight\n|-start|p2b: Corviknight|move: Taunt\n|move|p2b: Corviknight|Brave Bird|p1b: Flutter Mane\n|-activate|p1b: Flutter Mane|move: Protect\n|\n|upkeep\n|turn|2\n|inactive|SoggyWaffles35 has 30 seconds left.\n|\n|t:|1683952889\n|-end|p2a: Great Tusk|Protosynthesis|[silent]\n|switch|p2a: Iton bundle|Tyranitar, L50, F|100\/100\n|-weather|Sandstorm|[from] ability: Sand Stream|[of] p2a: Iton bundle\n|move|p1b: Flutter Mane|Moonblast|p2a: Iton bundle\n|-supereffective|p2a: Iton bundle\n|-damage|p2a: Iton bundle|47\/100\n|move|p1a: Gyarados|Thunder Wave|p2b: Corviknight|[miss]\n|-miss|p1a: Gyarados|p2b: Corviknight\n|move|p2b: Corviknight|Iron Head|p1b: Flutter Mane\n|-supereffective|p1b: Flutter Mane\n|-damage|p1b: Flutter Mane|15\/100\n|\n|-weather|Sandstorm|[upkeep]\n|-damage|p1b: Flutter Mane|9\/100|[from] Sandstorm\n|upkeep\n|turn|3\n|inactive|SoggyWaffles35 has 30 seconds left.\n|inactive|Garydosses has 30 seconds left.\n|inactive|SoggyWaffles35 has 20 seconds left.\n|inactive|Garydosses has 20 seconds left.\n|inactive|SoggyWaffles35 has 15 seconds left.\n|inactive|Garydosses has 15 seconds left.\n|inactive|SoggyWaffles35 has 10 seconds left.\n|\n|t:|1683952938\n|move|p1b: Flutter Mane|Moonblast|p2a: Iton bundle\n|-supereffective|p2a: Iton bundle\n|-damage|p2a: Iton bundle|0 fnt\n|faint|p2a: Iton bundle\n|move|p1a: Gyarados|Thunder Wave|p2b: Corviknight\n|-status|p2b: Corviknight|par\n|cant|p2b: Corviknight|par\n|\n|-weather|Sandstorm|[upkeep]\n|-damage|p1b: Flutter Mane|3\/100|[from] Sandstorm\n|-end|p2b: Corviknight|move: Taunt\n|upkeep\n|\n|t:|1683952947\n|switch|p2a: Tyrantar|Iron Bundle, L50|100\/100\n|-enditem|p2a: Tyrantar|Booster Energy\n|-activate|p2a: Tyrantar|ability: Quark Drive|[fromitem]\n|-start|p2a: Tyrantar|quarkdrivespe\n|turn|4\n|inactive|SoggyWaffles35 has 30 seconds left.\n|inactive|Garydosses has 30 seconds left.\n|inactive|SoggyWaffles35 has 20 seconds left.\n|inactive|SoggyWaffles35 has 15 seconds left.\n|inactive|SoggyWaffles35 has 10 seconds left.\n|\n|t:|1683952995\n|move|p2a: Tyrantar|Protect|p2a: Tyrantar\n|-singleturn|p2a: Tyrantar|Protect\n|move|p1b: Flutter Mane|Shadow Ball|p2b: Corviknight\n|-damage|p2b: Corviknight|56\/100 par\n|move|p1a: Gyarados|Waterfall|p2b: Corviknight\n|-damage|p2b: Corviknight|38\/100 par\n|cant|p2b: Corviknight|flinch\n|\n|-weather|Sandstorm|[upkeep]\n|-damage|p2a: Tyrantar|94\/100|[from] Sandstorm\n|-damage|p1b: Flutter Mane|0 fnt|[from] Sandstorm\n|faint|p1b: Flutter Mane\n|-end|p1b: Flutter Mane|Protosynthesis|[silent]\n|upkeep\n|\n|t:|1683953020\n|switch|p1b: Chien-Pao|Chien-Pao, L50|100\/100\n|-ability|p1b: Chien-Pao|Sword of Ruin\n|turn|5\n|inactive|Garydosses has 30 seconds left.\n|\n|t:|1683953048\n|-terastallize|p2a: Tyrantar|Ghost\n|-terastallize|p1a: Gyarados|Steel\n|move|p2a: Tyrantar|Freeze-Dry|p1a: Gyarados\n|-resisted|p1a: Gyarados\n|-damage|p1a: Gyarados|86\/100\n|move|p1b: Chien-Pao|Sacred Sword|p2a: Tyrantar\n|-immune|p2a: Tyrantar\n|move|p1a: Gyarados|Waterfall|p2b: Corviknight\n|-damage|p2b: Corviknight|13\/100 par\n|cant|p2b: Corviknight|flinch\n|\n|-weather|Sandstorm|[upkeep]\n|-damage|p2a: Tyrantar|88\/100|[from] Sandstorm\n|-damage|p1b: Chien-Pao|95\/100|[from] Sandstorm\n|upkeep\n|turn|6\n|c|\u2606SoggyWaffles35|good play\n|\n|t:|1683953071\n|move|p2a: Tyrantar|Hydro Pump|p1b: Chien-Pao\n|-damage|p1b: Chien-Pao|4\/100\n|move|p1b: Chien-Pao|Ice Spinner|p2a: Tyrantar\n|-damage|p2a: Tyrantar|20\/100\n|move|p1a: Gyarados|Waterfall|p2b: Corviknight\n|-damage|p2b: Corviknight|0 fnt\n|faint|p2b: Corviknight\n|\n|-weather|none\n|upkeep\n|c|\u2606Garydosses|Got flinched tho\n|\n|t:|1683953086\n|switch|p2b: Great Tusk|Great Tusk, L50|100\/100\n|turn|7\n|c|\u2606SoggyWaffles35|but the tera was good\n|\n|t:|1683953100\n|move|p1b: Chien-Pao|Protect|p1b: Chien-Pao\n|-singleturn|p1b: Chien-Pao|Protect\n|move|p2a: Tyrantar|Icy Wind|p1a: Gyarados|[spread] p1a\n|-activate|p1b: Chien-Pao|move: Protect\n|-resisted|p1a: Gyarados\n|-damage|p1a: Gyarados|77\/100\n|-unboost|p1a: Gyarados|spe|1\n|move|p2b: Great Tusk|Headlong Rush|p1a: Gyarados\n|-supereffective|p1a: Gyarados\n|-damage|p1a: Gyarados|0 fnt\n|-unboost|p2b: Great Tusk|def|1\n|-unboost|p2b: Great Tusk|spd|1\n|faint|p1a: Gyarados\n|-damage|p2b: Great Tusk|91\/100|[from] item: Life Orb\n|\n|upkeep\n|\n|t:|1683953111\n|switch|p1a: Dragonite|Dragonite, L50, M|100\/100\n|turn|8\n|inactive|Garydosses has 30 seconds left.\n|\n|t:|1683953140\n|move|p1a: Dragonite|Extreme Speed|p2b: Great Tusk\n|-damage|p2b: Great Tusk|46\/100\n|move|p2a: Tyrantar|Icy Wind|p1b: Chien-Pao|[spread] p1a,p1b\n|-supereffective|p1a: Dragonite\n|-resisted|p1b: Chien-Pao\n|-damage|p1a: Dragonite|58\/100\n|-damage|p1b: Chien-Pao|0 fnt\n|-unboost|p1a: Dragonite|spe|1\n|faint|p1b: Chien-Pao\n|move|p2b: Great Tusk|Close Combat|p1a: Dragonite\n|-resisted|p1a: Dragonite\n|-damage|p1a: Dragonite|9\/100\n|-unboost|p2b: Great Tusk|def|1\n|-unboost|p2b: Great Tusk|spd|1\n|-damage|p2b: Great Tusk|36\/100|[from] item: Life Orb\n|\n|upkeep\n|turn|9\n|\n|t:|1683953162\n|move|p1a: Dragonite|Extreme Speed|p2b: Great Tusk\n|-damage|p2b: Great Tusk|0 fnt\n|faint|p2b: Great Tusk\n|-end|p2b: Great Tusk|Protosynthesis|[silent]\n|move|p2a: Tyrantar|Freeze-Dry|p1a: Dragonite\n|-supereffective|p1a: Dragonite\n|-damage|p1a: Dragonite|0 fnt\n|faint|p1a: Dragonite\n|\n|win|Garydosses\n|c|\u2606Garydosses|Gg wp\n|c|\u2606SoggyWaffles35|gg\n","uploadtime":1683953171,"views":13,"p1id":"soggywaffles35","p2id":"garydosses","formatid":"gen9vgc2023regulationc","rating":0,"private":0,"password":""}