{"id":"gen9vgc2023regulationc-1847449789","p1":"maku83199","p2":"Steakman5","format":"[Gen 9] VGC 2023 Regulation C","log":"|j|\u2606maku83199\n|j|\u2606Steakman5\n|t:|1681956525\n|gametype|doubles\n|player|p1|maku83199|169|1256\n|player|p2|Steakman5|swimmer-gen4|1340\n|teamsize|p1|6\n|teamsize|p2|6\n|gen|9\n|tier|[Gen 9] VGC 2023 Regulation C\n|rated|\n|rule|Species Clause: Limit one of each Pok\u00e9mon\n|rule|Item Clause: Limit one of each item\n|clearpoke\n|poke|p1|Klefki, L50, M|\n|poke|p1|Arcanine, L50, M|\n|poke|p1|Corviknight, L50, F|\n|poke|p1|Ting-Lu, L50|\n|poke|p1|Iron Hands, L50|\n|poke|p1|Flutter Mane, L50|\n|poke|p2|Pelipper, L50, M|\n|poke|p2|Drednaw, L50, F|\n|poke|p2|Tatsugiri-Droopy, L50, M|\n|poke|p2|Dondozo, L50, M|\n|poke|p2|Iron Valiant, L50|\n|poke|p2|Flutter Mane, L50|\n|teampreview|4\n|\n|t:|1681956588\n|start\n|switch|p1a: Klefki|Klefki, L50, M|100\/100\n|switch|p1b: Iron Hands|Iron Hands, L50, shiny|100\/100\n|switch|p2a: Pelipper|Pelipper, L50, M|100\/100\n|switch|p2b: Drednaw|Drednaw, L50, F|100\/100\n|-weather|RainDance|[from] ability: Drizzle|[of] p2a: Pelipper\n|turn|1\n|\n|t:|1681956618\n|move|p2a: Pelipper|Protect|p2a: Pelipper\n|-singleturn|p2a: Pelipper|Protect\n|move|p1b: Iron Hands|Fake Out|p2b: Drednaw\n|-resisted|p2b: Drednaw\n|-damage|p2b: Drednaw|93\/100\n|move|p1a: Klefki|Reflect|p1a: Klefki\n|-sidestart|p1: maku83199|Reflect\n|cant|p2b: Drednaw|flinch\n|\n|-weather|RainDance|[upkeep]\n|upkeep\n|turn|2\n|\n|t:|1681956633\n|move|p1a: Klefki|Light Screen|p1a: Klefki\n|-sidestart|p1: maku83199|move: Light Screen\n|move|p2b: Drednaw|Earthquake|p1a: Klefki|[spread] p1a,p1b\n|-immune|p2a: Pelipper\n|-supereffective|p1a: Klefki\n|-crit|p1a: Klefki\n|-supereffective|p1b: Iron Hands\n|-crit|p1b: Iron Hands\n|-damage|p1a: Klefki|17\/100\n|-damage|p1b: Iron Hands|50\/100\n|-enditem|p1b: Iron Hands|Sitrus Berry|[eat]\n|-heal|p1b: Iron Hands|75\/100|[from] item: Sitrus Berry\n|move|p2a: Pelipper|Tailwind|p2a: Pelipper\n|-sidestart|p2: Steakman5|move: Tailwind\n|move|p1b: Iron Hands|Drain Punch|p2b: Drednaw\n|-supereffective|p2b: Drednaw\n|-damage|p2b: Drednaw|0 fnt\n|-heal|p1b: Iron Hands|100\/100|[from] drain|[of] p2b: Drednaw\n|faint|p2b: Drednaw\n|\n|-weather|RainDance|[upkeep]\n|upkeep\n|\n|t:|1681956646\n|switch|p2b: Dondozo|Dondozo, L50, M|100\/100\n|turn|3\n|\n|t:|1681956665\n|switch|p2a: Tatsugiri|Tatsugiri-Droopy, L50, M|100\/100\n|-activate|p2a: Tatsugiri|ability: Commander|[of] p2b: Dondozo\n|-boost|p2b: Dondozo|atk|2\n|-boost|p2b: Dondozo|spa|2\n|-boost|p2b: Dondozo|spe|2\n|-boost|p2b: Dondozo|def|2\n|-boost|p2b: Dondozo|spd|2\n|-terastallize|p2b: Dondozo|Water\n|-terastallize|p1b: Iron Hands|Grass\n|move|p2b: Dondozo|Surf|p1b: Iron Hands|[spread] p1a,p1b\n|-miss|p2b: Dondozo|p2a: Tatsugiri\n|-resisted|p1b: Iron Hands\n|-damage|p1a: Klefki|0 fnt\n|-damage|p1b: Iron Hands|73\/100\n|faint|p1a: Klefki\n|-damage|p2b: Dondozo|91\/100|[from] item: Life Orb\n|move|p1b: Iron Hands|Wild Charge|p2b: Dondozo\n|-supereffective|p2b: Dondozo\n|-damage|p2b: Dondozo|53\/100\n|-damage|p1b: Iron Hands|63\/100|[from] Recoil\n|\n|-weather|RainDance|[upkeep]\n|upkeep\n|\n|t:|1681956684\n|switch|p1a: Flutter Mane|Flutter Mane, L50|100\/100\n|-enditem|p1a: Flutter Mane|Booster Energy\n|-activate|p1a: Flutter Mane|ability: Protosynthesis|[fromitem]\n|-start|p1a: Flutter Mane|protosynthesisspa\n|turn|4\n|\n|t:|1681956702\n|move|p2b: Dondozo|Surf|p1b: Iron Hands|[spread] p1a,p1b\n|-miss|p2b: Dondozo|p2a: Tatsugiri\n|-resisted|p1b: Iron Hands\n|-damage|p1a: Flutter Mane|17\/100\n|-damage|p1b: Iron Hands|33\/100\n|-damage|p2b: Dondozo|43\/100|[from] item: Life Orb\n|move|p1a: Flutter Mane|Thunderbolt|p2b: Dondozo\n|-supereffective|p2b: Dondozo\n|-damage|p2b: Dondozo|0 fnt\n|faint|p2b: Dondozo\n|move|p1b: Iron Hands|Wild Charge|p2a: Tatsugiri\n|-damage|p2a: Tatsugiri|14\/100\n|-damage|p1b: Iron Hands|20\/100|[from] Recoil\n|\n|-weather|RainDance|[upkeep]\n|upkeep\n|\n|t:|1681956708\n|switch|p2b: Pelipper|Pelipper, L50, M|100\/100\n|turn|5\n|\n|t:|1681956729\n|move|p1a: Flutter Mane|Protect|p1a: Flutter Mane\n|-singleturn|p1a: Flutter Mane|Protect\n|move|p2b: Pelipper|Protect|p2b: Pelipper\n|-singleturn|p2b: Pelipper|Protect\n|move|p2a: Tatsugiri|Muddy Water|p1a: Flutter Mane|[spread] p1b\n|-activate|p1a: Flutter Mane|move: Protect\n|-resisted|p1b: Iron Hands\n|-damage|p1b: Iron Hands|8\/100\n|-unboost|p1b: Iron Hands|accuracy|1\n|move|p1b: Iron Hands|Wild Charge|p2b: Pelipper\n|-activate|p2b: Pelipper|move: Protect\n|\n|-weather|RainDance|[upkeep]\n|-sideend|p2: Steakman5|move: Tailwind\n|upkeep\n|turn|6\n|\n|t:|1681956751\n|move|p2a: Tatsugiri|Muddy Water|p1b: Iron Hands|[spread] p1a,p1b\n|-resisted|p1b: Iron Hands\n|-damage|p1a: Flutter Mane|0 fnt\n|-damage|p1b: Iron Hands|0 fnt\n|faint|p1a: Flutter Mane\n|-end|p1a: Flutter Mane|Protosynthesis|[silent]\n|faint|p1b: Iron Hands\n|-end|p1b: Iron Hands|Quark Drive|[silent]\n|move|p2b: Pelipper|Hurricane|p1: Flutter Mane|[notarget]\n|-fail|p2b: Pelipper\n|\n|-weather|RainDance|[upkeep]\n|upkeep\n|\n|t:|1681956754\n|switch|p1b: Corviknight|Corviknight, L50, F, shiny|100\/100\n|turn|7\n|\n|t:|1681956772\n|move|p2a: Tatsugiri|Muddy Water|p1b: Corviknight|[miss]\n|-miss|p2a: Tatsugiri|p1b: Corviknight\n|move|p1b: Corviknight|Roost||[still]\n|-fail|p1b: Corviknight|heal\n|move|p2b: Pelipper|Hurricane|p1b: Corviknight\n|-resisted|p1b: Corviknight\n|-damage|p1b: Corviknight|85\/100\n|\n|-weather|RainDance|[upkeep]\n|upkeep\n|turn|8\n|\n|t:|1681956781\n|move|p2a: Tatsugiri|Muddy Water|p1b: Corviknight\n|-damage|p1b: Corviknight|44\/100\n|-ability|p1b: Corviknight|Mirror Armor\n|-unboost|p2a: Tatsugiri|accuracy|1\n|move|p1b: Corviknight|Iron Head|p2b: Pelipper\n|-resisted|p2b: Pelipper\n|-damage|p2b: Pelipper|83\/100\n|move|p2b: Pelipper|Hydro Pump|p1b: Corviknight\n|-damage|p1b: Corviknight|0 fnt\n|faint|p1b: Corviknight\n|\n|win|Steakman5\n|raw|maku83199's rating: 1256 → 1237<\/strong> (-19 for losing)\n|raw|Steakman5's rating: 1340 → 1355<\/strong> (+15 for winning)\n","uploadtime":1681956792,"views":3,"p1id":"maku83199","p2id":"steakman5","formatid":"gen9vgc2023regulationc","rating":1237,"private":0,"password":""}