{"id":"gen9vgc2023regulationc-1855817236","p1":"NicoHaxVGC","p2":"Nth Dimensional","format":"[Gen 9] VGC 2023 Regulation C","log":"|j|\u2606NicoHaxVGC\n|j|\u2606Nth Dimensional\n|t:|1682987646\n|gametype|doubles\n|player|p1|NicoHaxVGC|red|1268\n|player|p2|Nth Dimensional|2|1353\n|teamsize|p1|6\n|teamsize|p2|6\n|gen|9\n|tier|[Gen 9] VGC 2023 Regulation C\n|rated|\n|rule|Species Clause: Limit one of each Pok\u00e9mon\n|rule|Item Clause: Limit one of each item\n|clearpoke\n|poke|p1|Corviknight, L50, F|\n|poke|p1|Ting-Lu, L50|\n|poke|p1|Annihilape, L50, M|\n|poke|p1|Amoonguss, L50, F|\n|poke|p1|Iron Bundle, L50|\n|poke|p1|Flutter Mane, L50|\n|poke|p2|Rotom-Wash, L50|\n|poke|p2|Chien-Pao, L50|\n|poke|p2|Dragapult, L50, M|\n|poke|p2|Arcanine, L50, F|\n|poke|p2|Amoonguss, L50, F|\n|poke|p2|Iron Hands, L50|\n|teampreview|4\n|inactive|Battle timer is ON: inactive players will automatically lose when time's up. (requested by NicoHaxVGC)\nNth Dimensional has agreed to open team sheets.\nNicoHaxVGC has agreed to open team sheets.\n|inactive|Nth Dimensional has 60 seconds left.\n|\n|t:|1682987702\n|start\n|switch|p1a: Robin|Annihilape, L50, M|100\/100\n|switch|p1b: Terra|Amoonguss, L50, F|100\/100\n|switch|p2a: Chien-Pao|Chien-Pao, L50|100\/100\n|switch|p2b: Dragapult|Dragapult, L50, M|100\/100\n|-ability|p2a: Chien-Pao|Sword of Ruin\n|turn|1\n|inactive|Nth Dimensional has 30 seconds left.\n|\n|t:|1682987735\n|-terastallize|p2a: Chien-Pao|Ice\n|-terastallize|p1b: Terra|Water\n|move|p1a: Robin|Protect|p1a: Robin\n|-singleturn|p1a: Robin|Protect\n|move|p2b: Dragapult|Phantom Force||[still]\n|-prepare|p2b: Dragapult|Phantom Force\n|move|p2a: Chien-Pao|Ice Spinner|p1b: Terra\n|-resisted|p1b: Terra\n|-damage|p1b: Terra|74\/100\n|move|p1b: Terra|Spore|p2b: Dragapult|[miss]\n|-miss|p1b: Terra|p2b: Dragapult\n|\n|upkeep\n|turn|2\n|\n|t:|1682987752\n|switch|p2a: Iron Hands|Iron Hands, L50|100\/100\n|move|p2b: Dragapult|Phantom Force|p1a: Robin|[from]lockedmove\n|-supereffective|p1a: Robin\n|-damage|p1a: Robin|0 fnt\n|faint|p1a: Robin\n|move|p1b: Terra|Spore|p2b: Dragapult\n|-status|p2b: Dragapult|slp|[from] move: Spore\n|\n|upkeep\n|\n|t:|1682987760\n|switch|p1a: Star fire|Flutter Mane, L50|100\/100\n|turn|3\n|inactive|Nth Dimensional has 30 seconds left.\n|\n|t:|1682987791\n|switch|p2b: Chien-Pao|Chien-Pao, L50, tera:Ice|100\/100\n|-ability|p2b: Chien-Pao|Sword of Ruin\n|move|p1b: Terra|Rage Powder|p1b: Terra\n|-singleturn|p1b: Terra|move: Rage Powder\n|move|p1a: Star fire|Dazzling Gleam|p2b: Chien-Pao|[spread] p2a,p2b\n|-supereffective|p2a: Iron Hands\n|-damage|p2a: Iron Hands|56\/100\n|-damage|p2b: Chien-Pao|33\/100\n|move|p2a: Iron Hands|Wild Charge|p1b: Terra\n|-supereffective|p1b: Terra\n|-damage|p1b: Terra|0 fnt\n|faint|p1b: Terra\n|-damage|p2a: Iron Hands|38\/100|[from] Recoil\n|\n|upkeep\n|\n|t:|1682987801\n|switch|p1b: Cyborg|Iron Bundle, L50|100\/100\n|-enditem|p1b: Cyborg|Booster Energy\n|-activate|p1b: Cyborg|ability: Quark Drive|[fromitem]\n|-start|p1b: Cyborg|quarkdrivespe\n|turn|4\n|\n|t:|1682987812\n|move|p2b: Chien-Pao|Sucker Punch|p1a: Star fire\n|-damage|p1a: Star fire|25\/100\n|move|p1b: Cyborg|Icy Wind|p2b: Chien-Pao|[spread] p2a,p2b\n|-resisted|p2b: Chien-Pao\n|-damage|p2a: Iron Hands|28\/100\n|-damage|p2b: Chien-Pao|18\/100\n|-unboost|p2a: Iron Hands|spe|1\n|-unboost|p2b: Chien-Pao|spe|1\n|move|p1a: Star fire|Dazzling Gleam|p2b: Chien-Pao|[spread] p2a,p2b\n|-supereffective|p2a: Iron Hands\n|-crit|p2b: Chien-Pao\n|-damage|p2a: Iron Hands|0 fnt\n|-damage|p2b: Chien-Pao|0 fnt\n|faint|p2a: Iron Hands\n|-end|p2a: Iron Hands|Quark Drive|[silent]\n|faint|p2b: Chien-Pao\n|\n|upkeep\n|\n|t:|1682987824\n|switch|p2b: Rotom|Rotom-Wash, L50|100\/100\n|switch|p2a: Dragapult|Dragapult, L50, M|100\/100 slp\n|turn|5\n|inactive|Nth Dimensional has 30 seconds left.\n|\n|t:|1682987858\n|move|p1b: Cyborg|Freeze-Dry|p2b: Rotom\n|-supereffective|p2b: Rotom\n|-damage|p2b: Rotom|27\/100\n|-enditem|p2b: Rotom|Sitrus Berry|[eat]\n|-heal|p2b: Rotom|52\/100|[from] item: Sitrus Berry\n|cant|p2a: Dragapult|slp\n|move|p1a: Star fire|Dazzling Gleam|p2a: Dragapult|[spread] p2a,p2b\n|-supereffective|p2a: Dragapult\n|-damage|p2a: Dragapult|0 fnt\n|-damage|p2b: Rotom|2\/100\n|faint|p2a: Dragapult\n|move|p2b: Rotom|Thunderbolt|p1b: Cyborg\n|-supereffective|p1b: Cyborg\n|-damage|p1b: Cyborg|0 fnt\n|faint|p1b: Cyborg\n|-end|p1b: Cyborg|Quark Drive|[silent]\n|\n|upkeep\n|turn|6\n|\n|t:|1682987877\n|move|p1a: Star fire|Dazzling Gleam|p2b: Rotom\n|-damage|p2b: Rotom|0 fnt\n|faint|p2b: Rotom\n|\n|win|NicoHaxVGC\n|raw|NicoHaxVGC's rating: 1268 → 1299<\/strong> (+31 for winning)\n|raw|Nth Dimensional's rating: 1353 → 1328<\/strong> (-25 for losing)\n","uploadtime":1682987880,"views":15,"p1id":"nicohaxvgc","p2id":"nthdimensional","formatid":"gen9vgc2023regulationc","rating":1299,"private":0,"password":""}