{"id":"gen9vgc2023regulationc-1855184604","p1":"Nullifeyed","p2":"Dumber luck","format":"[Gen 9] VGC 2023 Regulation C","log":"|j|\u2606Nullifeyed\n|j|\u2606Dumber luck\n|t:|1682911945\n|gametype|doubles\n|player|p1|Nullifeyed|unknownf|1111\n|player|p2|Dumber luck|2|1185\n|teamsize|p1|6\n|teamsize|p2|6\n|gen|9\n|tier|[Gen 9] VGC 2023 Regulation C\n|rated|\n|rule|Species Clause: Limit one of each Pok\u00e9mon\n|rule|Item Clause: Limit one of each item\n|clearpoke\n|poke|p1|Lucario, L50, M|\n|poke|p1|Maushold-Four, L50|\n|poke|p1|Baxcalibur, L50, F|\n|poke|p1|Sandy Shocks, L50|\n|poke|p1|Iron Valiant, L50|\n|poke|p1|Tyranitar, L50, F|\n|poke|p2|Slowking, L50, F|\n|poke|p2|Abomasnow, L50, M|\n|poke|p2|Sandy Shocks, L50|\n|poke|p2|Blissey, L50, F|\n|poke|p2|Chien-Pao, L50|\n|poke|p2|Chi-Yu, L50|\n|teampreview|4\n|inactive|Battle timer is ON: inactive players will automatically lose when time's up. (requested by Nullifeyed)\nNullifeyed rejected open team sheets.\n|inactive|Dumber luck has 60 seconds left.\n|\n|t:|1682912009\n|start\n|switch|p1a: Sandy Shocks|Sandy Shocks, L50|100\/100\n|switch|p1b: Iron Valiant|Iron Valiant, L50|100\/100\n|switch|p2a: Slowking|Slowking, L50, F|100\/100\n|switch|p2b: Chi-Yu|Chi-Yu, L50|100\/100\n|-ability|p2b: Chi-Yu|Beads of Ruin\n|-enditem|p1a: Sandy Shocks|Booster Energy\n|-activate|p1a: Sandy Shocks|ability: Protosynthesis|[fromitem]\n|-start|p1a: Sandy Shocks|protosynthesisspe\n|turn|1\n|inactive|Dumber luck has 30 seconds left.\n|\n|t:|1682912035\n|-terastallize|p2b: Chi-Yu|Fighting\n|move|p1b: Iron Valiant|Protect|p1b: Iron Valiant\n|-singleturn|p1b: Iron Valiant|Protect\n|move|p1a: Sandy Shocks|Gravity|p1a: Sandy Shocks\n|-fieldstart|move: Gravity\n|move|p2b: Chi-Yu|Overheat|p1b: Iron Valiant\n|-activate|p1b: Iron Valiant|move: Protect\n|move|p2a: Slowking|Chilly Reception|p2a: Slowking\n|-weather|Snow\n|inactive|Dumber luck has 30 seconds left.\n|\n|t:|1682912062\n|switch|p2a: Blissey|Blissey, L50, F|100\/100|[from] Chilly Reception\n|\n|-weather|Snow|[upkeep]\n|upkeep\n|turn|2\n|\n|t:|1682912077\n|switch|p2a: Slowking|Slowking, L50, F|100\/100\n|move|p1a: Sandy Shocks|Zap Cannon|p2a: Slowking\n|-supereffective|p2a: Slowking\n|-damage|p2a: Slowking|0 fnt\n|faint|p2a: Slowking\n|move|p1b: Iron Valiant|Hypnosis|p2b: Chi-Yu\n|-status|p2b: Chi-Yu|slp|[from] move: Hypnosis\n|cant|p2b: Chi-Yu|slp\n|\n|-weather|Snow|[upkeep]\n|upkeep\n|\n|t:|1682912086\n|switch|p2a: Abomasnow|Abomasnow, L50, M|100\/100\n|turn|3\n|\n|t:|1682912097\n|move|p1a: Sandy Shocks|Zap Cannon|p2b: Chi-Yu\n|-damage|p2b: Chi-Yu|27\/100 slp\n|move|p1b: Iron Valiant|Hypnosis|p2a: Abomasnow\n|-status|p2a: Abomasnow|slp|[from] move: Hypnosis\n|cant|p2b: Chi-Yu|slp\n|cant|p2a: Abomasnow|slp\n|\n|-weather|Snow|[upkeep]\n|upkeep\n|turn|4\n|\n|t:|1682912108\n|move|p1a: Sandy Shocks|Earth Power|p2b: Chi-Yu\n|-damage|p2b: Chi-Yu|0 fnt\n|faint|p2b: Chi-Yu\n|move|p1b: Iron Valiant|Close Combat|p2a: Abomasnow\n|-supereffective|p2a: Abomasnow\n|-damage|p2a: Abomasnow|0 fnt\n|-unboost|p1b: Iron Valiant|def|1\n|-unboost|p1b: Iron Valiant|spd|1\n|faint|p2a: Abomasnow\n|-damage|p1b: Iron Valiant|91\/100|[from] item: Life Orb\n|\n|-weather|Snow|[upkeep]\n|upkeep\n|\n|t:|1682912111\n|switch|p2b: Blissey|Blissey, L50, F|100\/100\n|turn|5\n|\n|t:|1682912118\n|move|p1a: Sandy Shocks|Zap Cannon|p2b: Blissey\n|-damage|p2b: Blissey|75\/100\n|-status|p2b: Blissey|par\n|move|p1b: Iron Valiant|Close Combat|p2b: Blissey\n|-supereffective|p2b: Blissey\n|-damage|p2b: Blissey|0 fnt\n|-unboost|p1b: Iron Valiant|def|1\n|-unboost|p1b: Iron Valiant|spd|1\n|faint|p2b: Blissey\n|-damage|p1b: Iron Valiant|82\/100|[from] item: Life Orb\n|\n|win|Nullifeyed\n|raw|Nullifeyed's rating: 1111 → 1141<\/strong> (+30 for winning)\n|raw|Dumber luck's rating: 1185 → 1155<\/strong> (-30 for losing)\n|l|\u2606Dumber luck\n","uploadtime":1682912123,"views":13,"p1id":"nullifeyed","p2id":"dumberluck","formatid":"gen9vgc2023regulationc","rating":1141,"private":0,"password":""}