{"id":"gen9vgc2023regulationc-1846806726","p1":"purgatory123","p2":"Pavelcito","format":"[Gen 9] VGC 2023 Regulation C","log":"|j|\u203dpurgatory123\n|j|\u2606Pavelcito\n|t:|1681882689\n|gametype|doubles\n|player|p1|purgatory123|101|1610\n|player|p2|Pavelcito|scientist|1524\n|teamsize|p1|6\n|teamsize|p2|6\n|gen|9\n|tier|[Gen 9] VGC 2023 Regulation C\n|rated|\n|rule|Species Clause: Limit one of each Pok\u00e9mon\n|rule|Item Clause: Limit one of each item\n|clearpoke\n|poke|p1|Sylveon, L50, M|\n|poke|p1|Indeedee-F, L50, F|\n|poke|p1|Armarouge, L50, M|\n|poke|p1|Hydreigon, L50, M|\n|poke|p1|Dondozo, L50, M|\n|poke|p1|Tatsugiri, L50, M|\n|poke|p2|Murkrow, L50, F|\n|poke|p2|Flutter Mane, L50|\n|poke|p2|Dragonite, L50, F|\n|poke|p2|Chi-Yu, L50|\n|poke|p2|Iron Bundle, L50|\n|poke|p2|Great Tusk, L50|\n|teampreview|4\n|j| merahmerona\n|j| IAI-99\n|\n|t:|1681882740\n|start\n|switch|p1a: Sylveon|Sylveon, L50, M|100\/100\n|switch|p1b: Indeedee|Indeedee-F, L50, F|100\/100\n|switch|p2a: Flutter Mane|Flutter Mane, L50|100\/100\n|switch|p2b: Dragonite|Dragonite, L50, F|100\/100\n|-fieldstart|move: Psychic Terrain|[from] ability: Psychic Surge|[of] p1b: Indeedee\n|-enditem|p1b: Indeedee|Psychic Seed\n|-boost|p1b: Indeedee|spd|1|[from] item: Psychic Seed\n|turn|1\n|\n|t:|1681882765\n|-terastallize|p2b: Dragonite|Flying\n|move|p1b: Indeedee|Follow Me|p1b: Indeedee\n|-singleturn|p1b: Indeedee|move: Follow Me\n|move|p2a: Flutter Mane|Taunt|p1b: Indeedee\n|-start|p1b: Indeedee|move: Taunt\n|move|p2b: Dragonite|Ice Spinner|p1b: Indeedee\n|-damage|p1b: Indeedee|68\/100\n|-fieldend|move: Psychic Terrain\n|move|p1a: Sylveon|Hyper Voice|p2a: Flutter Mane|[spread] p2a,p2b\n|-damage|p2a: Flutter Mane|50\/100\n|-damage|p2b: Dragonite|44\/100\n|\n|upkeep\n|turn|2\n|l| IAI-99\n|j| TsukiGumi\n|\n|t:|1681882808\n|switch|p1b: Dondozo|Dondozo, L50, M|100\/100\n|move|p2a: Flutter Mane|Dazzling Gleam|p1b: Dondozo|[spread] p1a,p1b\n|-damage|p1a: Sylveon|74\/100\n|-damage|p1b: Dondozo|67\/100\n|move|p2b: Dragonite|Tera Blast|p1a: Sylveon\n|-damage|p1a: Sylveon|2\/100\n|move|p1a: Sylveon|Hyper Voice|p2a: Flutter Mane|[spread] p2a,p2b\n|-damage|p2a: Flutter Mane|0 fnt\n|-damage|p2b: Dragonite|0 fnt\n|faint|p2a: Flutter Mane\n|-end|p2a: Flutter Mane|Protosynthesis|[silent]\n|faint|p2b: Dragonite\n|\n|-heal|p1b: Dondozo|73\/100|[from] item: Leftovers\n|upkeep\n|\n|t:|1681882826\n|switch|p2a: Murkrow|Murkrow, L50, F|100\/100\n|switch|p2b: Great Tusk|Great Tusk, L50|100\/100\n|turn|3\n|inactive|Battle timer is ON: inactive players will automatically lose when time's up. (requested by Pavelcito)\n|j| DRX Mako\n|\n|t:|1681882869\n|move|p2a: Murkrow|Sunny Day|p2a: Murkrow\n|-weather|SunnyDay\n|-activate|p2b: Great Tusk|ability: Protosynthesis\n|-start|p2b: Great Tusk|protosynthesisatk\n|move|p2b: Great Tusk|Earthquake|p1b: Dondozo|[spread] p1a,p1b\n|-immune|p2a: Murkrow\n|-damage|p1a: Sylveon|0 fnt\n|-damage|p1b: Dondozo|36\/100\n|faint|p1a: Sylveon\n|move|p1b: Dondozo|Wave Crash|p2b: Great Tusk\n|-supereffective|p2b: Great Tusk\n|-damage|p2b: Great Tusk|63\/100\n|-damage|p1b: Dondozo|24\/100|[from] Recoil\n|\n|-weather|SunnyDay|[upkeep]\n|-heal|p1b: Dondozo|31\/100|[from] item: Leftovers\n|upkeep\n|\n|t:|1681882888\n|switch|p1a: Indeedee|Indeedee-F, L50, F|68\/100\n|-fieldstart|move: Psychic Terrain|[from] ability: Psychic Surge|[of] p1a: Indeedee\n|turn|4\n|\n|t:|1681882903\n|move|p1b: Dondozo|Protect|p1b: Dondozo\n|-singleturn|p1b: Dondozo|Protect\n|move|p2a: Murkrow|Foul Play|p1b: Dondozo\n|-activate|p1b: Dondozo|move: Protect\n|move|p2b: Great Tusk|Earthquake|p1a: Indeedee|[spread] p1a\n|-activate|p1b: Dondozo|move: Protect\n|-immune|p2a: Murkrow\n|-damage|p1a: Indeedee|13\/100\n|move|p1a: Indeedee|Psychic|p2b: Great Tusk\n|-supereffective|p2b: Great Tusk\n|-damage|p2b: Great Tusk|5\/100\n|\n|-weather|SunnyDay|[upkeep]\n|-heal|p1b: Dondozo|37\/100|[from] item: Leftovers\n|upkeep\n|turn|5\n|inactive|purgatory123 has 30 seconds left.\n|inactive|Pavelcito has 30 seconds left.\n|inactive|Pavelcito has 20 seconds left.\n|inactive|Pavelcito has 15 seconds left.\n|\n|t:|1681882948\n|switch|p1a: Tatsugiri|Tatsugiri, L50, M|100\/100\n|-activate|p1a: Tatsugiri|ability: Commander|[of] p1b: Dondozo\n|-boost|p1b: Dondozo|atk|2\n|-boost|p1b: Dondozo|spa|2\n|-boost|p1b: Dondozo|spe|2\n|-boost|p1b: Dondozo|def|2\n|-boost|p1b: Dondozo|spd|2\n|-terastallize|p1b: Dondozo|Flying\n|move|p1b: Dondozo|Tera Blast|p2b: Great Tusk\n|-supereffective|p2b: Great Tusk\n|-damage|p2b: Great Tusk|0 fnt\n|faint|p2b: Great Tusk\n|-end|p2b: Great Tusk|Protosynthesis|[silent]\n|move|p2a: Murkrow|Foul Play|p1b: Dondozo\n|-damage|p1b: Dondozo|20\/100\n|\n|-weather|SunnyDay|[upkeep]\n|-heal|p1b: Dondozo|26\/100|[from] item: Leftovers\n|upkeep\n|turn|6\n|-message|Pavelcito forfeited.\n|\n|win|purgatory123\n|raw|purgatory123's rating: 1610 → 1625<\/strong> (+15 for winning)\n|raw|Pavelcito's rating: 1524 → 1509<\/strong> (-15 for losing)\n|l|\u2606Pavelcito\n","uploadtime":1681882969,"views":7,"p1id":"purgatory123","p2id":"pavelcito","formatid":"gen9vgc2023regulationc","rating":1509,"private":0,"password":""}