{"id":"gen9vgc2023regulationc-1857652564","p1":"DD.MasterD","p2":"LunesMoon","format":"[Gen 9] VGC 2023 Regulation C","log":"|j|\u2606DD.MasterD\n|j|\u2606LunesMoon\n|t:|1683218408\n|gametype|doubles\n|player|p1|DD.MasterD|266|1259\n|player|p2|LunesMoon|guitarist|1180\n|teamsize|p1|6\n|teamsize|p2|6\n|gen|9\n|tier|[Gen 9] VGC 2023 Regulation C\n|rated|\n|rule|Species Clause: Limit one of each Pok\u00e9mon\n|rule|Item Clause: Limit one of each item\n|clearpoke\n|poke|p1|Flutter Mane, L50|\n|poke|p1|Annihilape, L50, M|\n|poke|p1|Roaring Moon, L50|\n|poke|p1|Jumpluff, L50, F|\n|poke|p1|Wo-Chien, L50|\n|poke|p1|Torkoal, L50, F|\n|poke|p2|Sylveon, L50, F|\n|poke|p2|Amoonguss, L50, F|\n|poke|p2|Ting-Lu, L50|\n|poke|p2|Palafin, L50, M|\n|poke|p2|Annihilape, L50, F|\n|poke|p2|Maushold, L50|\n|teampreview|4\n|\n|t:|1683218429\n|start\n|switch|p1a: Wo-Chien|Wo-Chien, L50|100\/100\n|switch|p1b: Flutter Mane|Flutter Mane, L50|100\/100\n|switch|p2a: Annihilape|Annihilape, L50, F, shiny|100\/100\n|switch|p2b: Maushold|Maushold, L50|100\/100\n|-ability|p1a: Wo-Chien|Tablets of Ruin\n|turn|1\n|\n|t:|1683218450\n|-terastallize|p2a: Annihilape|Water\n|move|p2b: Maushold|Beat Up|p2a: Annihilape\n|-damage|p2a: Annihilape|99\/100\n|-damage|p2a: Annihilape|97\/100\n|-damage|p2a: Annihilape|96\/100\n|-damage|p2a: Annihilape|95\/100\n|-hitcount|p2a: Annihilape|4\n|move|p2a: Annihilape|Rage Fist|p1b: Flutter Mane\n|-supereffective|p1b: Flutter Mane\n|-damage|p1b: Flutter Mane|0 fnt\n|faint|p1b: Flutter Mane\n|-end|p1b: Flutter Mane|Protosynthesis|[silent]\n|move|p1a: Wo-Chien|Leaf Storm|p2a: Annihilape\n|-supereffective|p2a: Annihilape\n|-damage|p2a: Annihilape|24\/100\n|-unboost|p1a: Wo-Chien|spa|2\n|-enditem|p1a: Wo-Chien|Eject Pack\n|\n|t:|1683218468\n|switch|p1a: Roaring Moon|Roaring Moon, L50|100\/100\n|\n|-heal|p2a: Annihilape|31\/100|[from] item: Leftovers\n|upkeep\n|\n|t:|1683218482\n|switch|p1b: Torkoal|Torkoal, L50, F|100\/100\n|-weather|SunnyDay|[from] ability: Drought|[of] p1b: Torkoal\n|-activate|p1a: Roaring Moon|ability: Protosynthesis\n|-start|p1a: Roaring Moon|protosynthesisatk\n|turn|2\n|\n|t:|1683218523\n|move|p1a: Roaring Moon|Protect|p1a: Roaring Moon\n|-singleturn|p1a: Roaring Moon|Protect\n|move|p2b: Maushold|Follow Me|p2b: Maushold\n|-singleturn|p2b: Maushold|move: Follow Me\n|move|p2a: Annihilape|Drain Punch|p1a: Roaring Moon\n|-activate|p1a: Roaring Moon|move: Protect\n|move|p1b: Torkoal|Heat Wave|p2b: Maushold|[spread] p2a,p2b\n|-resisted|p2a: Annihilape\n|-damage|p2a: Annihilape|12\/100\n|-damage|p2b: Maushold|31\/100\n|\n|-weather|SunnyDay|[upkeep]\n|-heal|p2a: Annihilape|18\/100|[from] item: Leftovers\n|upkeep\n|turn|3\n|\n|t:|1683218545\n|switch|p1b: Wo-Chien|Wo-Chien, L50|100\/100\n|-ability|p1b: Wo-Chien|Tablets of Ruin\n|-terastallize|p1a: Roaring Moon|Ground\n|move|p2b: Maushold|Follow Me|p2b: Maushold\n|-singleturn|p2b: Maushold|move: Follow Me\n|move|p1a: Roaring Moon|Earthquake|p2a: Annihilape|[spread] p1b,p2a,p2b\n|-resisted|p1b: Wo-Chien\n|-crit|p2b: Maushold\n|-damage|p1b: Wo-Chien|78\/100\n|-damage|p2a: Annihilape|0 fnt\n|-damage|p2b: Maushold|0 fnt\n|faint|p2a: Annihilape\n|faint|p2b: Maushold\n|\n|-weather|SunnyDay|[upkeep]\n|upkeep\n|\n|t:|1683218557\n|switch|p2b: Sylveon|Sylveon, L50, F, shiny|100\/100\n|switch|p2a: Amoonguss|Amoonguss, L50, F|100\/100\n|turn|4\n|\n|t:|1683218593\n|move|p1a: Roaring Moon|Protect|p1a: Roaring Moon\n|-singleturn|p1a: Roaring Moon|Protect\n|move|p2b: Sylveon|Hyper Voice|p1a: Roaring Moon|[spread] p1b\n|-activate|p1a: Roaring Moon|move: Protect\n|-supereffective|p1b: Wo-Chien\n|-damage|p1b: Wo-Chien|20\/100\n|-enditem|p2b: Sylveon|Throat Spray\n|-boost|p2b: Sylveon|spa|1|[from] item: Throat Spray\n|move|p1b: Wo-Chien|Dark Pulse|p2a: Amoonguss\n|-damage|p2a: Amoonguss|67\/100\n|move|p2a: Amoonguss|Spore|p1a: Roaring Moon\n|-activate|p1a: Roaring Moon|move: Protect\n|\n|-weather|SunnyDay|[upkeep]\n|upkeep\n|turn|5\n|\n|t:|1683218645\n|move|p1a: Roaring Moon|Earthquake|p2b: Sylveon|[spread] p1b,p2a,p2b\n|-resisted|p1b: Wo-Chien\n|-damage|p1b: Wo-Chien|0 fnt\n|-damage|p2a: Amoonguss|28\/100\n|-damage|p2b: Sylveon|50\/100\n|faint|p1b: Wo-Chien\n|move|p2b: Sylveon|Hyper Voice|p1a: Roaring Moon\n|-damage|p1a: Roaring Moon|25\/100\n|move|p2a: Amoonguss|Spore|p1a: Roaring Moon\n|-status|p1a: Roaring Moon|slp|[from] move: Spore\n|\n|-weather|SunnyDay|[upkeep]\n|upkeep\n|\n|t:|1683218655\n|switch|p1b: Torkoal|Torkoal, L50, F|100\/100\n|turn|6\n|\n|t:|1683218663\n|cant|p1a: Roaring Moon|slp\n|move|p2b: Sylveon|Hyper Voice|p1b: Torkoal|[spread] p1a,p1b\n|-resisted|p1b: Torkoal\n|-damage|p1a: Roaring Moon|0 fnt\n|-damage|p1b: Torkoal|58\/100\n|faint|p1a: Roaring Moon\n|-end|p1a: Roaring Moon|Protosynthesis|[silent]\n|move|p2a: Amoonguss|Spore|p1b: Torkoal\n|-status|p1b: Torkoal|slp|[from] move: Spore\n|cant|p1b: Torkoal|slp\n|\n|-weather|none\n|upkeep\n|turn|7\n|-message|DD.MasterD forfeited.\n|\n|win|LunesMoon\n|raw|DD.MasterD's rating: 1259 → 1228<\/strong> (-31 for losing)\n|raw|LunesMoon's rating: 1180 → 1211<\/strong> (+31 for winning)\n|l|\u2606DD.MasterD\n","uploadtime":1683218739,"views":14,"p1id":"ddmasterd","p2id":"lunesmoon","formatid":"gen9vgc2023regulationc","rating":1211,"private":0,"password":""}