{"id":"gen9vgc2023regulationc-1847320999","p1":"juxp","p2":"Ricardo Randorez","format":"[Gen 9] VGC 2023 Regulation C","log":"|j|\u2606juxp\n|j|\u2606Ricardo Randorez\n|t:|1681938199\n|gametype|doubles\n|player|p1|juxp|acetrainerf-gen4|1224\n|player|p2|Ricardo Randorez|1|1133\n|teamsize|p1|6\n|teamsize|p2|6\n|gen|9\n|tier|[Gen 9] VGC 2023 Regulation C\n|rated|\n|rule|Species Clause: Limit one of each Pok\u00e9mon\n|rule|Item Clause: Limit one of each item\n|clearpoke\n|poke|p1|Glimmora, L50, F|\n|poke|p1|Ting-Lu, L50|\n|poke|p1|Vaporeon, L50, M|\n|poke|p1|Annihilape, L50, F|\n|poke|p1|Wo-Chien, L50|\n|poke|p1|Arcanine, L50, F|\n|poke|p2|Flutter Mane, L50|\n|poke|p2|Chi-Yu, L50|\n|poke|p2|Iron Bundle, L50|\n|poke|p2|Amoonguss, L50, F|\n|poke|p2|Palafin, L50, M|\n|poke|p2|Iron Hands, L50|\n|teampreview|4\n|\n|t:|1681938239\n|start\n|switch|p1a: Glimmora|Glimmora, L50, F, shiny|100\/100\n|switch|p1b: Wo-Chien|Wo-Chien, L50|100\/100\n|switch|p2a: LOVE BETRAYAL|Chi-Yu, L50|100\/100\n|switch|p2b: catch these hands|Iron Hands, L50|100\/100\n|-ability|p2a: LOVE BETRAYAL|Beads of Ruin\n|-ability|p1b: Wo-Chien|Tablets of Ruin\n|turn|1\n|inactive|Battle timer is ON: inactive players will automatically lose when time's up. (requested by Ricardo Randorez)\n|inactive|juxp has 60 seconds left.\n|\n|t:|1681938281\n|move|p1a: Glimmora|Spiky Shield|p1a: Glimmora\n|-singleturn|p1a: Glimmora|move: Protect\n|move|p1b: Wo-Chien|Protect|p1b: Wo-Chien\n|-singleturn|p1b: Wo-Chien|Protect\n|move|p2b: catch these hands|Fake Out|p1a: Glimmora\n|-activate|p1a: Glimmora|move: Protect\n|-damage|p2b: catch these hands|88\/100|[from] Spiky Shield|[of] p1a: Glimmora\n|move|p2a: LOVE BETRAYAL|Nasty Plot|p2a: LOVE BETRAYAL\n|-boost|p2a: LOVE BETRAYAL|spa|2\n|\n|upkeep\n|turn|2\n|inactive|juxp has 30 seconds left.\n|\n|t:|1681938309\n|-terastallize|p1b: Wo-Chien|Poison\n|move|p2a: LOVE BETRAYAL|Protect|p2a: LOVE BETRAYAL\n|-singleturn|p2a: LOVE BETRAYAL|Protect\n|move|p1a: Glimmora|Power Gem|p2a: LOVE BETRAYAL\n|-activate|p2a: LOVE BETRAYAL|move: Protect\n|move|p1b: Wo-Chien|Leech Seed|p2b: catch these hands\n|-start|p2b: catch these hands|move: Leech Seed\n|move|p2b: catch these hands|Volt Switch|p1b: Wo-Chien\n|-damage|p1b: Wo-Chien|91\/100\n|\n|t:|1681938322\n|-end|p2b: catch these hands|Quark Drive|[silent]\n|switch|p2b: bundle of bitches|Iron Bundle, L50|100\/100|[from] Volt Switch\n|-enditem|p2b: bundle of bitches|Booster Energy\n|-activate|p2b: bundle of bitches|ability: Quark Drive|[fromitem]\n|-start|p2b: bundle of bitches|quarkdrivespe\n|\n|-heal|p1b: Wo-Chien|96\/100|[from] item: Leftovers\n|upkeep\n|turn|3\n|inactive|juxp has 30 seconds left.\n|inactive|Ricardo Randorez has 30 seconds left.\n|\n|t:|1681938356\n|move|p2b: bundle of bitches|Icy Wind|p1a: Glimmora|[spread] p1a,p1b\n|-crit|p1a: Glimmora\n|-damage|p1a: Glimmora|40\/100\n|-damage|p1b: Wo-Chien|79\/100\n|-unboost|p1a: Glimmora|spe|1\n|-unboost|p1b: Wo-Chien|spe|1\n|move|p2a: LOVE BETRAYAL|Heat Wave|p1a: Glimmora|[spread] p1a,p1b\n|-resisted|p1a: Glimmora\n|-damage|p1a: Glimmora|0 fnt\n|-damage|p1b: Wo-Chien|19\/100\n|faint|p1a: Glimmora\n|move|p1b: Wo-Chien|Leech Seed|p2b: bundle of bitches|[miss]\n|-miss|p1b: Wo-Chien|p2b: bundle of bitches\n|\n|-heal|p1b: Wo-Chien|25\/100|[from] item: Leftovers\n|upkeep\n|\n|t:|1681938364\n|switch|p1a: Ting-Lu|Ting-Lu, L50|100\/100\n|-ability|p1a: Ting-Lu|Vessel of Ruin\n|turn|4\n|\n|t:|1681938377\n|move|p1b: Wo-Chien|Protect|p1b: Wo-Chien\n|-singleturn|p1b: Wo-Chien|Protect\n|move|p2b: bundle of bitches|Hydro Pump|p1a: Ting-Lu\n|-supereffective|p1a: Ting-Lu\n|-damage|p1a: Ting-Lu|52\/100\n|move|p2a: LOVE BETRAYAL|Heat Wave|p1b: Wo-Chien|[spread] p1a\n|-activate|p1b: Wo-Chien|move: Protect\n|-damage|p1a: Ting-Lu|20\/100\n|move|p1a: Ting-Lu|Stomping Tantrum|p2a: LOVE BETRAYAL\n|-supereffective|p2a: LOVE BETRAYAL\n|-damage|p2a: LOVE BETRAYAL|13\/100\n|\n|-heal|p1b: Wo-Chien|31\/100|[from] item: Leftovers\n|upkeep\n|turn|5\n|\n|t:|1681938396\n|move|p2b: bundle of bitches|Icy Wind|p1b: Wo-Chien|[spread] p1a,p1b\n|-supereffective|p1a: Ting-Lu\n|-damage|p1a: Ting-Lu|0 fnt\n|-damage|p1b: Wo-Chien|18\/100\n|-unboost|p1b: Wo-Chien|spe|1\n|faint|p1a: Ting-Lu\n|move|p2a: LOVE BETRAYAL|Heat Wave|p1b: Wo-Chien|[miss]\n|-miss|p2a: LOVE BETRAYAL|p1b: Wo-Chien\n|move|p1b: Wo-Chien|Leech Seed|p2b: bundle of bitches\n|-start|p2b: bundle of bitches|move: Leech Seed\n|\n|-heal|p1b: Wo-Chien|24\/100|[from] item: Leftovers\n|-damage|p2b: bundle of bitches|88\/100|[from] Leech Seed|[of] p1b: Wo-Chien\n|-heal|p1b: Wo-Chien|32\/100|[silent]\n|upkeep\n|\n|t:|1681938400\n|switch|p1a: Arcanine|Arcanine, L50, F, shiny|100\/100\n|-ability|p1a: Arcanine|Intimidate|boost\n|-unboost|p2a: LOVE BETRAYAL|atk|1\n|-unboost|p2b: bundle of bitches|atk|1\n|turn|6\n|\n|t:|1681938418\n|-end|p2b: bundle of bitches|Quark Drive|[silent]\n|switch|p2b: catch these hands|Iron Hands, L50|88\/100\n|move|p2a: LOVE BETRAYAL|Protect|p2a: LOVE BETRAYAL\n|-singleturn|p2a: LOVE BETRAYAL|Protect\n|move|p1b: Wo-Chien|Protect|p1b: Wo-Chien\n|-singleturn|p1b: Wo-Chien|Protect\n|move|p1a: Arcanine|Snarl|p2a: LOVE BETRAYAL|[spread] p2b\n|-activate|p2a: LOVE BETRAYAL|move: Protect\n|-resisted|p2b: catch these hands\n|-damage|p2b: catch these hands|85\/100\n|-unboost|p2b: catch these hands|spa|1\n|\n|-heal|p1b: Wo-Chien|38\/100|[from] item: Leftovers\n|upkeep\n|turn|7\n|-message|juxp forfeited.\n|\n|win|Ricardo Randorez\n|raw|juxp's rating: 1224 → 1193<\/strong> (-31 for losing)\n|raw|Ricardo Randorez's rating: 1133 → 1164<\/strong> (+31 for winning)\n|l|\u2606juxp\n","uploadtime":1681938436,"views":6,"p1id":"juxp","p2id":"ricardorandorez","formatid":"gen9vgc2023regulationc","rating":1164,"private":0,"password":""}