{"id":"gen9vgc2023regulationc-1846549313","p1":"Brawlicjon","p2":"Trippple H","format":"[Gen 9] VGC 2023 Regulation C","log":"|j|\u2606Brawlicjon\n|j|\u2606Trippple H\n|t:|1681850620\n|gametype|doubles\n|player|p1|Brawlicjon|265|\n|player|p2|Trippple H|crasherwake|\n|teamsize|p1|6\n|teamsize|p2|6\n|gen|9\n|tier|[Gen 9] VGC 2023 Regulation C\n|rule|Species Clause: Limit one of each Pok\u00e9mon\n|rule|Item Clause: Limit one of each item\n|clearpoke\n|poke|p1|Maushold-Four, L50|\n|poke|p1|Annihilape, L50, F|\n|poke|p1|Flutter Mane, L50|\n|poke|p1|Amoonguss, L50, F|\n|poke|p1|Houndoom, L50, M|\n|poke|p1|Scizor, L50, M|\n|poke|p2|Arcanine, L50, M|\n|poke|p2|Meowscarada, L50, F|\n|poke|p2|Iron Hands, L50|\n|poke|p2|Tauros-Paldea-Aqua, L50, M|\n|poke|p2|Klefki, L50, F|\n|poke|p2|Gholdengo, L50|\n|teampreview|4\n|c|\u2606Brawlicjon|we make 3 rooms right?\nBrawlicjon rejected open team sheets.\n|\n|t:|1681850795\n|start\n|switch|p1a: HE HOLDS|Maushold-Four, L50|100\/100\n|switch|p1b: KONG|Annihilape, L50, F|100\/100\n|switch|p2a: The Rock|Tauros-Paldea-Aqua, L50, M|100\/100\n|switch|p2b: Klefki|Klefki, L50, F|100\/100\n|-ability|p2a: The Rock|Intimidate|boost\n|-unboost|p1a: HE HOLDS|atk|1\n|-unboost|p1b: KONG|atk|1\n|-ability|p1b: KONG|Defiant|boost\n|-boost|p1b: KONG|atk|2\n|turn|1\n|\n|t:|1681850830\n|-terastallize|p1a: HE HOLDS|Ghost\n|move|p1a: HE HOLDS|Follow Me|p1a: HE HOLDS\n|-singleturn|p1a: HE HOLDS|move: Follow Me\n|move|p2b: Klefki|Reflect|p2b: Klefki\n|-sidestart|p2: Trippple H|Reflect\n|move|p2a: The Rock|Wave Crash|p1a: HE HOLDS\n|-damage|p1a: HE HOLDS|35\/100\n|-damage|p2a: The Rock|79\/100|[from] Recoil\n|move|p1b: KONG|Bulk Up|p1b: KONG\n|-boost|p1b: KONG|atk|1\n|-boost|p1b: KONG|def|1\n|\n|upkeep\n|turn|2\n|\n|t:|1681850879\n|move|p2b: Klefki|Thunder Wave|p1b: KONG\n|-status|p1b: KONG|par\n|move|p1a: HE HOLDS|Super Fang|p2b: Klefki\n|-damage|p2b: Klefki|50\/100\n|move|p2a: The Rock|Wave Crash|p1b: KONG\n|-damage|p1b: KONG|71\/100 par\n|-damage|p2a: The Rock|68\/100|[from] Recoil\n|move|p1b: KONG|Drain Punch|p2a: The Rock\n|-damage|p2a: The Rock|25\/100\n|-heal|p1b: KONG|89\/100 par|[from] drain|[of] p2a: The Rock\n|\n|-heal|p1b: KONG|95\/100 par|[from] item: Leftovers\n|upkeep\n|turn|3\n|\n|t:|1681850919\n|move|p1a: HE HOLDS|Follow Me|p1a: HE HOLDS\n|-singleturn|p1a: HE HOLDS|move: Follow Me\n|move|p2b: Klefki|Light Screen|p2b: Klefki\n|-sidestart|p2: Trippple H|move: Light Screen\n|move|p2a: The Rock|Wave Crash|p1a: HE HOLDS\n|-damage|p1a: HE HOLDS|0 fnt\n|faint|p1a: HE HOLDS\n|-damage|p2a: The Rock|14\/100|[from] Recoil\n|move|p1b: KONG|Rage Fist|p2b: Klefki\n|-damage|p2b: Klefki|0 fnt\n|faint|p2b: Klefki\n|\n|-heal|p1b: KONG|100\/100 par|[from] item: Leftovers\n|upkeep\n|\n|t:|1681850933\n|switch|p1a: #7 lol|Flutter Mane, L50|100\/100\n|switch|p2b: $Money in the Bank|Gholdengo, L50|100\/100\n|turn|4\n|\n|t:|1681850959\n|-terastallize|p2b: $Money in the Bank|Water\n|move|p2a: The Rock|Aqua Jet|p1a: #7 lol\n|-damage|p1a: #7 lol|59\/100\n|move|p2b: $Money in the Bank|Shadow Ball|p1b: KONG\n|-supereffective|p1b: KONG\n|-damage|p1b: KONG|30\/100 par\n|move|p1a: #7 lol|Dazzling Gleam|p2b: $Money in the Bank|[spread] p2a,p2b\n|-supereffective|p2a: The Rock\n|-damage|p2a: The Rock|0 fnt\n|-damage|p2b: $Money in the Bank|74\/100\n|faint|p2a: The Rock\n|move|p1b: KONG|Rage Fist|p2b: $Money in the Bank\n|-damage|p2b: $Money in the Bank|0 fnt\n|faint|p2b: $Money in the Bank\n|\n|-heal|p1b: KONG|36\/100 par|[from] item: Leftovers\n|upkeep\n|\n|t:|1681850980\n|switch|p2a: Big Show|Iron Hands, L50|100\/100\n|turn|5\n|\n|t:|1681850998\n|move|p1a: #7 lol|Dazzling Gleam|p2a: Big Show\n|-supereffective|p2a: Big Show\n|-damage|p2a: Big Show|69\/100\n|move|p2a: Big Show|Wild Charge|p1a: #7 lol\n|-damage|p1a: #7 lol|0 fnt\n|faint|p1a: #7 lol\n|-end|p1a: #7 lol|Protosynthesis|[silent]\n|-damage|p2a: Big Show|61\/100|[from] Recoil\n|cant|p1b: KONG|par\n|\n|-heal|p1b: KONG|42\/100 par|[from] item: Leftovers\n|upkeep\n|\n|t:|1681851008\n|switch|p1a: Mi amo Puppy|Houndoom, L50, M|100\/100\n|turn|6\n|\n|t:|1681851082\n|move|p1a: Mi amo Puppy|Protect|p1a: Mi amo Puppy\n|-singleturn|p1a: Mi amo Puppy|Protect\n|move|p2a: Big Show|Drain Punch|p1a: Mi amo Puppy\n|-activate|p1a: Mi amo Puppy|move: Protect\n|move|p1b: KONG|Rage Fist|p2a: Big Show\n|-damage|p2a: Big Show|0 fnt\n|faint|p2a: Big Show\n|-end|p2a: Big Show|Quark Drive|[silent]\n|\n|win|Brawlicjon\n","uploadtime":1681851097,"views":7,"p1id":"brawlicjon","p2id":"tripppleh","formatid":"gen9vgc2023regulationc","rating":0,"private":0,"password":""}