{"id":"gen9vgc2023regulationc-1854935236","p1":"rhaelzo_vgc","p2":"ChorusFruitFarmer","format":"[Gen 9] VGC 2023 Regulation C","log":"|j|\u2606rhaelzo_vgc\n|j|\u2606ChorusFruitFarmer\n|t:|1682882499\n|gametype|doubles\n|player|p1|rhaelzo_vgc|ingo|1075\n|player|p2|ChorusFruitFarmer|penny|1171\n|teamsize|p1|6\n|teamsize|p2|6\n|gen|9\n|tier|[Gen 9] VGC 2023 Regulation C\n|rated|\n|rule|Species Clause: Limit one of each Pok\u00e9mon\n|rule|Item Clause: Limit one of each item\n|clearpoke\n|poke|p1|Gholdengo, L50|\n|poke|p1|Kilowattrel, L50, M|\n|poke|p1|Amoonguss, L50, M|\n|poke|p1|Arcanine, L50, F|\n|poke|p1|Garchomp, L50, M|\n|poke|p1|Quaquaval, L50, M|\n|poke|p2|Roaring Moon, L50|\n|poke|p2|Kilowattrel, L50, F|\n|poke|p2|Amoonguss, L50, F|\n|poke|p2|Arcanine, L50, F|\n|poke|p2|Iron Hands, L50|\n|poke|p2|Clawitzer, L50, F|\n|teampreview|4\n|inactive|Battle timer is ON: inactive players will automatically lose when time's up. (requested by ChorusFruitFarmer)\n|c|\u2606ChorusFruitFarmer|Good luck, have fun.\n|inactive|rhaelzo_vgc has 60 seconds left.\n|\n|t:|1682882541\n|start\n|switch|p1a: Kilowattrel|Kilowattrel, L50, M|100\/100\n|switch|p1b: Arcanine|Arcanine, L50, F|100\/100\n|switch|p2a: Bloodmoon|Roaring Moon, L50|100\/100\n|switch|p2b: Goose|Kilowattrel, L50, F, shiny|100\/100\n|-ability|p1b: Arcanine|Intimidate|boost\n|-unboost|p2a: Bloodmoon|atk|1\n|-unboost|p2b: Goose|atk|1\n|-enditem|p2a: Bloodmoon|Booster Energy\n|-activate|p2a: Bloodmoon|ability: Protosynthesis|[fromitem]\n|-start|p2a: Bloodmoon|protosynthesisspe\n|turn|1\n|c|\u2606rhaelzo_vgc|u2\n|inactive|rhaelzo_vgc has 30 seconds left.\n|inactive|rhaelzo_vgc has 20 seconds left.\n|\n|t:|1682882579\n|move|p2a: Bloodmoon|Tailwind|p2a: Bloodmoon\n|-sidestart|p2: ChorusFruitFarmer|move: Tailwind\n|-start|p2b: Goose|Charge|Tailwind|[from] ability: Wind Power\n|move|p2b: Goose|Discharge|p1b: Arcanine|[spread] p2a,p1b\n|-immune|p1a: Kilowattrel|[from] ability: Volt Absorb\n|-resisted|p2a: Bloodmoon\n|-damage|p2a: Bloodmoon|72\/100\n|-damage|p1b: Arcanine|29\/100\n|-status|p1b: Arcanine|par\n|-damage|p2b: Goose|91\/100|[from] item: Life Orb\n|-end|p2b: Goose|Charge|[silent]\n|move|p1a: Kilowattrel|Tailwind|p1a: Kilowattrel\n|-sidestart|p1: rhaelzo_vgc|move: Tailwind\n|move|p1b: Arcanine|Will-O-Wisp|p2a: Bloodmoon\n|-status|p2a: Bloodmoon|brn\n|\n|-damage|p2a: Bloodmoon|66\/100 brn|[from] brn\n|upkeep\n|turn|2\n|\n|t:|1682882601\n|move|p1b: Arcanine|Protect|p1b: Arcanine\n|-singleturn|p1b: Arcanine|Protect\n|move|p2a: Bloodmoon|Jaw Lock|p1a: Kilowattrel\n|-damage|p1a: Kilowattrel|74\/100\n|-activate|p2a: Bloodmoon|trapped\n|-activate|p1a: Kilowattrel|trapped\n|move|p1a: Kilowattrel|Discharge|p2a: Bloodmoon|[spread] p2a,p2b\n|-activate|p1b: Arcanine|move: Protect\n|-resisted|p2a: Bloodmoon\n|-crit|p2b: Goose\n|-damage|p2a: Bloodmoon|55\/100 brn\n|-damage|p2b: Goose|22\/100\n|move|p2b: Goose|Discharge|p1a: Kilowattrel|[spread] p2a\n|-activate|p1b: Arcanine|move: Protect\n|-heal|p1a: Kilowattrel|99\/100|[from] ability: Volt Absorb|[of] p2b: Goose\n|-resisted|p2a: Bloodmoon\n|-damage|p2a: Bloodmoon|41\/100 brn\n|-damage|p2b: Goose|13\/100|[from] item: Life Orb\n|\n|-damage|p2a: Bloodmoon|35\/100 brn|[from] brn\n|upkeep\n|turn|3\n|inactive|rhaelzo_vgc has 30 seconds left.\n|inactive|rhaelzo_vgc has 20 seconds left.\n|\n|t:|1682882639\n|move|p1b: Arcanine|Extreme Speed|p2a: Bloodmoon\n|-damage|p2a: Bloodmoon|2\/100 brn\n|move|p2a: Bloodmoon|Jaw Lock|p1a: Kilowattrel\n|-damage|p1a: Kilowattrel|72\/100\n|move|p1a: Kilowattrel|Discharge|p2b: Goose|[spread] p1b,p2a,p2b\n|-resisted|p2a: Bloodmoon\n|-damage|p1b: Arcanine|1\/100 par\n|-damage|p2a: Bloodmoon|0 fnt\n|-damage|p2b: Goose|0 fnt\n|faint|p2a: Bloodmoon\n|-end|p2a: Bloodmoon|Protosynthesis|[silent]\n|faint|p2b: Goose\n|\n|upkeep\n|\n|t:|1682882650\n|switch|p2a: Rock Lobster!|Clawitzer, L50, F, shiny|100\/100\n|switch|p2b: Clap These Cheeks|Iron Hands, L50|100\/100\n|turn|4\n|inactive|rhaelzo_vgc has 30 seconds left.\n|\n|t:|1682882676\n|move|p2b: Clap These Cheeks|Fake Out|p1a: Kilowattrel\n|-damage|p1a: Kilowattrel|45\/100\n|move|p1b: Arcanine|Extreme Speed|p2a: Rock Lobster!\n|-damage|p2a: Rock Lobster!|71\/100\n|cant|p1a: Kilowattrel|flinch\n|move|p2a: Rock Lobster!|Muddy Water|p1a: Kilowattrel|[spread] p1a,p1b\n|-supereffective|p1b: Arcanine\n|-damage|p1a: Kilowattrel|0 fnt\n|-damage|p1b: Arcanine|0 fnt\n|faint|p1a: Kilowattrel\n|faint|p1b: Arcanine\n|\n|-sideend|p1: rhaelzo_vgc|move: Tailwind\n|-sideend|p2: ChorusFruitFarmer|move: Tailwind\n|upkeep\n|\n|t:|1682882698\n|switch|p1a: Quaquaval|Quaquaval, L50, M|100\/100\n|switch|p1b: Garchomp|Garchomp, L50, M|100\/100\n|-item|p1a: Quaquaval|Air Balloon\n|turn|5\n|inactive|rhaelzo_vgc has 30 seconds left.\n|\n|t:|1682882725\n|move|p1a: Quaquaval|Detect|p1a: Quaquaval\n|-singleturn|p1a: Quaquaval|Protect\n|move|p1b: Garchomp|Earthquake|p2a: Rock Lobster!|[spread] p2a,p2b\n|-activate|p1a: Quaquaval|move: Protect\n|-supereffective|p2b: Clap These Cheeks\n|-crit|p2b: Clap These Cheeks\n|-damage|p2a: Rock Lobster!|30\/100\n|-damage|p2b: Clap These Cheeks|20\/100\n|move|p2a: Rock Lobster!|Ice Beam|p1b: Garchomp\n|-supereffective|p1b: Garchomp\n|-damage|p1b: Garchomp|0 fnt\n|faint|p1b: Garchomp\n|move|p2b: Clap These Cheeks|Ice Punch|p1a: Quaquaval\n|-activate|p1a: Quaquaval|move: Protect\n|\n|upkeep\n|turn|6\n|inactive|rhaelzo_vgc has 30 seconds left.\n|\n|t:|1682882757\n|-terastallize|p2b: Clap These Cheeks|Grass\n|move|p1a: Quaquaval|Aqua Step|p2b: Clap These Cheeks\n|-resisted|p2b: Clap These Cheeks\n|-damage|p2b: Clap These Cheeks|6\/100\n|-boost|p1a: Quaquaval|spe|1\n|move|p2a: Rock Lobster!|Aura Sphere|p1a: Quaquaval\n|-damage|p1a: Quaquaval|52\/100\n|-enditem|p1a: Quaquaval|Air Balloon\n|move|p2b: Clap These Cheeks|Thunder Punch|p1a: Quaquaval\n|-supereffective|p1a: Quaquaval\n|-damage|p1a: Quaquaval|0 fnt\n|faint|p1a: Quaquaval\n|\n|win|ChorusFruitFarmer\n|raw|rhaelzo_vgc's rating: 1075 → 1059<\/strong> (-16 for losing)\n|raw|ChorusFruitFarmer's rating: 1171 → 1189<\/strong> (+18 for winning)\n|c|\u2606ChorusFruitFarmer|G.g.w.p.\n|c|\u2606rhaelzo_vgc|gg\n","uploadtime":1682882770,"views":7,"p1id":"rhaelzovgc","p2id":"chorusfruitfarmer","formatid":"gen9vgc2023regulationc","rating":1059,"private":0,"password":""}