{"id":"gen9vgc2023regulationc-1858993195","p1":"Chrustopher","p2":"eshe0","format":"[Gen 9] VGC 2023 Regulation C","log":"|j|\u2606Chrustopher\n|j|\u2606eshe0\n|t:|1683391982\n|gametype|doubles\n|player|p1|Chrustopher|steven|\n|player|p2|eshe0|2|\n|teamsize|p1|6\n|teamsize|p2|6\n|gen|9\n|tier|[Gen 9] VGC 2023 Regulation C\n|rule|Species Clause: Limit one of each Pok\u00e9mon\n|rule|Item Clause: Limit one of each item\n|clearpoke\n|poke|p1|Abomasnow, L50, M|\n|poke|p1|Baxcalibur, L50, F|\n|poke|p1|Iron Bundle, L50|\n|poke|p1|Talonflame, L50, F|\n|poke|p1|Amoonguss, L50, M|\n|poke|p1|Rotom, L50|\n|poke|p2|Pawmot, L50, F|\n|poke|p2|Iron Valiant, L50|\n|poke|p2|Kingambit, L50, M|\n|poke|p2|Goodra, L50, F|\n|poke|p2|Stantler, L50, F|\n|poke|p2|Basculin, L50, F|\n|teampreview|4\n|inactive|Battle timer is ON: inactive players will automatically lose when time's up. (requested by Chrustopher)\n|inactiveoff|Battle timer is now OFF.\n|c|\u2606Chrustopher|g3\n|j| judevgc\n|j| Blaziken Blazers\n|j| Cyphstral\n|l| Cyphstral\n|\n|t:|1683393446\n|start\n|switch|p1a: Baxcalibur|Baxcalibur, L50, F|100\/100\n|switch|p1b: Amoonguss|Amoonguss, L50, M|100\/100\n|switch|p2a: Dani Mart\u00edn|Pawmot, L50, F|100\/100\n|switch|p2b: La madre de Jos\u00e9|Goodra, L50, F|100\/100\n|turn|1\n|\n|t:|1683393488\n|-terastallize|p2b: La madre de Jos\u00e9|Fairy\n|move|p1a: Baxcalibur|Protect|p1a: Baxcalibur\n|-singleturn|p1a: Baxcalibur|Protect\n|move|p2a: Dani Mart\u00edn|Fake Out|p1b: Amoonguss\n|-crit|p1b: Amoonguss\n|-damage|p1b: Amoonguss|85\/100\n|-damage|p2a: Dani Mart\u00edn|84\/100|[from] item: Rocky Helmet|[of] p1b: Amoonguss\n|move|p2b: La madre de Jos\u00e9|Blizzard|p1b: Amoonguss|[spread] p1b\n|-activate|p1a: Baxcalibur|move: Protect\n|-supereffective|p1b: Amoonguss\n|-damage|p1b: Amoonguss|35\/100\n|cant|p1b: Amoonguss|flinch\n|\n|upkeep\n|turn|2\n|\n|t:|1683393550\n|-terastallize|p1a: Baxcalibur|Ground\n|move|p1b: Amoonguss|Protect|p1b: Amoonguss\n|-singleturn|p1b: Amoonguss|Protect\n|move|p2a: Dani Mart\u00edn|Double Shock|p1b: Amoonguss\n|-activate|p1b: Amoonguss|move: Protect\n|move|p1a: Baxcalibur|Earthquake|p2b: La madre de Jos\u00e9|[spread] p2a,p2b\n|-activate|p1b: Amoonguss|move: Protect\n|-supereffective|p2a: Dani Mart\u00edn\n|-damage|p2a: Dani Mart\u00edn|0 fnt\n|-damage|p2b: La madre de Jos\u00e9|51\/100\n|faint|p2a: Dani Mart\u00edn\n|move|p2b: La madre de Jos\u00e9|Tera Blast|p1a: Baxcalibur\n|-damage|p1a: Baxcalibur|55\/100\n|\n|upkeep\n|\n|t:|1683393564\n|switch|p2a: Jos\u00e9 Mu\u00f1oz|Iron Valiant, L50|100\/100\n|turn|3\n|\n|t:|1683393619\n|move|p1b: Amoonguss|Rage Powder|p1b: Amoonguss\n|-singleturn|p1b: Amoonguss|move: Rage Powder\n|move|p2a: Jos\u00e9 Mu\u00f1oz|Moonblast|p1a: Baxcalibur\n|-damage|p1a: Baxcalibur|5\/100\n|move|p1a: Baxcalibur|Earthquake|p2b: La madre de Jos\u00e9|[spread] p1b,p2a,p2b\n|-damage|p1b: Amoonguss|0 fnt\n|-damage|p2a: Jos\u00e9 Mu\u00f1oz|50\/100\n|-damage|p2b: La madre de Jos\u00e9|2\/100\n|faint|p1b: Amoonguss\n|move|p2b: La madre de Jos\u00e9|Blizzard|p1a: Baxcalibur\n|-supereffective|p1a: Baxcalibur\n|-damage|p1a: Baxcalibur|0 fnt\n|faint|p1a: Baxcalibur\n|\n|upkeep\n|\n|t:|1683393638\n|switch|p1a: Iron Bundle|Iron Bundle, L50|100\/100\n|switch|p1b: Abomasnow|Abomasnow, L50, M|100\/100\n|-weather|Snow|[from] ability: Snow Warning|[of] p1b: Abomasnow\n|-enditem|p1a: Iron Bundle|Booster Energy\n|-activate|p1a: Iron Bundle|ability: Quark Drive|[fromitem]\n|-start|p1a: Iron Bundle|quarkdrivespe\n|turn|4\n|\n|t:|1683393696\n|move|p1a: Iron Bundle|Protect|p1a: Iron Bundle\n|-singleturn|p1a: Iron Bundle|Protect\n|move|p2a: Jos\u00e9 Mu\u00f1oz|Aura Sphere|p1a: Iron Bundle\n|-activate|p1a: Iron Bundle|move: Protect\n|move|p1b: Abomasnow|Blizzard|p2a: Jos\u00e9 Mu\u00f1oz|[spread] p2a,p2b\n|-damage|p2a: Jos\u00e9 Mu\u00f1oz|6\/100\n|-damage|p2b: La madre de Jos\u00e9|0 fnt\n|-status|p2a: Jos\u00e9 Mu\u00f1oz|frz\n|faint|p2b: La madre de Jos\u00e9\n|\n|-weather|Snow|[upkeep]\n|upkeep\n|\n|t:|1683393705\n|switch|p2b: El padre de Jos\u00e9|Kingambit, L50, M|100\/100\n|turn|5\n|c| Blaziken Blazers|lol\n|c|\u2606Chrustopher|lmao\n|c|\u2606eshe0|it's getting borign, tbh\n|\n|t:|1683393756\n|cant|p2a: Jos\u00e9 Mu\u00f1oz|frz\n|move|p1a: Iron Bundle|Blizzard|p2b: El padre de Jos\u00e9|[spread] p2a,p2b\n|-resisted|p2b: El padre de Jos\u00e9\n|-damage|p2a: Jos\u00e9 Mu\u00f1oz|0 fnt\n|-damage|p2b: El padre de Jos\u00e9|82\/100\n|faint|p2a: Jos\u00e9 Mu\u00f1oz\n|-end|p2a: Jos\u00e9 Mu\u00f1oz|Quark Drive|[silent]\n|move|p1b: Abomasnow|Earth Power|p2b: El padre de Jos\u00e9\n|-supereffective|p2b: El padre de Jos\u00e9\n|-crit|p2b: El padre de Jos\u00e9\n|-damage|p2b: El padre de Jos\u00e9|26\/100\n|move|p2b: El padre de Jos\u00e9|Brick Break|p1b: Abomasnow\n|-supereffective|p1b: Abomasnow\n|-damage|p1b: Abomasnow|54\/100\n|\n|-weather|Snow|[upkeep]\n|upkeep\n|turn|6\n|l| judevgc\n|c|\u2606eshe0|gg\n|-message|eshe0 forfeited.\n|\n|win|Chrustopher\n|c|\u2606Chrustopher|gg\n","uploadtime":1683393779,"views":10,"p1id":"chrustopher","p2id":"eshe0","formatid":"gen9vgc2023regulationc","rating":0,"private":0,"password":""}