{"id":"gen9vgc2023regulationc-1845392403","p1":"MistressQueenM","p2":"withane","format":"[Gen 9] VGC 2023 Regulation C","log":"|j|\u203dMistressQueenM\n|j|\u2606withane\n|t:|1681726798\n|gametype|doubles\n|player|p1|MistressQueenM|veteranf|1279\n|player|p2|withane|1|1200\n|teamsize|p1|6\n|teamsize|p2|6\n|gen|9\n|tier|[Gen 9] VGC 2023 Regulation C\n|rated|\n|rule|Species Clause: Limit one of each Pok\u00e9mon\n|rule|Item Clause: Limit one of each item\n|clearpoke\n|poke|p1|Wo-Chien, L50|\n|poke|p1|Torkoal, L50, M|\n|poke|p1|Garganacl, L50, F|\n|poke|p1|Great Tusk, L50|\n|poke|p1|Murkrow, L50, M|\n|poke|p1|Farigiraf, L50, F|\n|poke|p2|Torkoal, L50, M|\n|poke|p2|Jumpluff, L50, F|\n|poke|p2|Flutter Mane, L50|\n|poke|p2|Great Tusk, L50|\n|poke|p2|Chien-Pao, L50|\n|poke|p2|Kingambit, L50, M|\n|teampreview|4\n|inactive|Battle timer is ON: inactive players will automatically lose when time's up. (requested by withane)\n|\n|t:|1681726820\n|start\n|switch|p1a: Murkrow|Murkrow, L50, M|100\/100\n|switch|p1b: Farigiraf|Farigiraf, L50, F|100\/100\n|switch|p2a: Torkh|Torkoal, L50, M|100\/100\n|switch|p2b: Jumbp|Jumpluff, L50, F|100\/100\n|-weather|SunnyDay|[from] ability: Drought|[of] p2a: Torkh\n|turn|1\n|\n|t:|1681726828\n|move|p1a: Murkrow|Thunder Wave|p2a: Torkh\n|-status|p2a: Torkh|par\n|move|p2b: Jumbp|Sleep Powder|p1b: Farigiraf\n|-status|p1b: Farigiraf|slp|[from] move: Sleep Powder\n|cant|p1b: Farigiraf|slp\n|cant|p2a: Torkh|par\n|\n|-weather|SunnyDay|[upkeep]\n|upkeep\n|turn|2\n|\n|t:|1681726846\n|move|p1a: Murkrow|Taunt|p2b: Jumbp\n|-start|p2b: Jumbp|move: Taunt\n|cant|p2b: Jumbp|move: Taunt|Sleep Powder\n|-curestatus|p1b: Farigiraf|slp|[msg]\n|move|p1b: Farigiraf|Hyper Voice|p2b: Jumbp|[spread] p2a,p2b\n|-enditem|p1b: Farigiraf|Normal Gem|[from] gem\n|-damage|p2a: Torkh|69\/100 par\n|-damage|p2b: Jumbp|67\/100\n|move|p2a: Torkh|Overheat|p1a: Murkrow\n|-damage|p1a: Murkrow|46\/100\n|-unboost|p2a: Torkh|spa|2\n|-enditem|p2a: Torkh|Eject Pack\n|\n|t:|1681726860\n|switch|p2a: Flutdr|Flutter Mane, L50|100\/100\n|-activate|p2a: Flutdr|ability: Protosynthesis\n|-start|p2a: Flutdr|protosynthesisspe\n|\n|-weather|SunnyDay|[upkeep]\n|upkeep\n|turn|3\n|\n|t:|1681726872\n|move|p1a: Murkrow|Thunder Wave|p2a: Flutdr\n|-status|p2a: Flutdr|par\n|move|p2b: Jumbp|Leaf Storm|p1b: Farigiraf\n|-crit|p1b: Farigiraf\n|-damage|p1b: Farigiraf|69\/100\n|-unboost|p2b: Jumbp|spa|2\n|move|p2a: Flutdr|Dazzling Gleam|p1b: Farigiraf|[spread] p1a,p1b\n|-supereffective|p1a: Murkrow\n|-damage|p1a: Murkrow|0 fnt\n|-damage|p1b: Farigiraf|38\/100\n|faint|p1a: Murkrow\n|move|p1b: Farigiraf|Trick Room|p1b: Farigiraf\n|-fieldstart|move: Trick Room|[of] p1b: Farigiraf\n|\n|-weather|SunnyDay|[upkeep]\n|upkeep\n|\n|t:|1681726876\n|switch|p1a: Torkoal|Torkoal, L50, M, shiny|100\/100\n|turn|4\n|\n|t:|1681726896\n|-end|p2a: Flutdr|Protosynthesis|[silent]\n|switch|p2a: Torkh|Torkoal, L50, M|69\/100 par\n|-terastallize|p1a: Torkoal|Fire\n|move|p1a: Torkoal|Eruption|p2a: Torkh|[spread] p2a,p2b\n|-resisted|p2a: Torkh\n|-supereffective|p2b: Jumbp\n|-damage|p2a: Torkh|15\/100 par\n|-damage|p2b: Jumbp|0 fnt\n|faint|p2b: Jumbp\n|move|p1b: Farigiraf|Foul Play|p2a: Torkh\n|-damage|p2a: Torkh|3\/100 par\n|\n|-weather|SunnyDay|[upkeep]\n|upkeep\n|\n|t:|1681726906\n|switch|p2b: Chioen|Chien-Pao, L50|100\/100\n|-ability|p2b: Chioen|Sword of Ruin\n|turn|5\n|\n|t:|1681726914\n|move|p2b: Chioen|Protect|p2b: Chioen\n|-singleturn|p2b: Chioen|Protect\n|move|p2a: Torkh|Overheat|p1b: Farigiraf\n|-crit|p1b: Farigiraf\n|-damage|p1b: Farigiraf|0 fnt\n|-unboost|p2a: Torkh|spa|2\n|faint|p1b: Farigiraf\n|move|p1a: Torkoal|Eruption|p2b: Chioen|[spread] p2a\n|-activate|p2b: Chioen|move: Protect\n|-resisted|p2a: Torkh\n|-damage|p2a: Torkh|0 fnt\n|faint|p2a: Torkh\n|\n|-weather|none\n|upkeep\n|\n|t:|1681726926\n|switch|p2a: Flutdr|Flutter Mane, L50|100\/100 par\n|switch|p1b: Wo-Chien|Wo-Chien, L50|100\/100\n|-ability|p1b: Wo-Chien|Tablets of Ruin\n|turn|6\n|\n|t:|1681726939\n|-terastallize|p2a: Flutdr|Water\n|move|p2b: Chioen|Sucker Punch|p1a: Torkoal\n|-damage|p1a: Torkoal|73\/100\n|move|p1a: Torkoal|Eruption|p2a: Flutdr|[spread] p2a,p2b\n|-resisted|p2a: Flutdr\n|-supereffective|p2b: Chioen\n|-damage|p2a: Flutdr|71\/100 par\n|-enditem|p2b: Chioen|Focus Sash\n|-damage|p2b: Chioen|1\/100\n|move|p1b: Wo-Chien|Foul Play|p2b: Chioen\n|-resisted|p2b: Chioen\n|-damage|p2b: Chioen|0 fnt\n|faint|p2b: Chioen\n|cant|p2a: Flutdr|par\n|\n|upkeep\n|turn|7\n|\n|t:|1681726964\n|move|p1a: Torkoal|Heat Wave|p2a: Flutdr\n|-resisted|p2a: Flutdr\n|-damage|p2a: Flutdr|39\/100 par\n|move|p1b: Wo-Chien|Giga Drain|p2a: Flutdr\n|-supereffective|p2a: Flutdr\n|-damage|p2a: Flutdr|0 fnt\n|faint|p2a: Flutdr\n|-end|p2a: Flutdr|Protosynthesis|[silent]\n|\n|win|MistressQueenM\n|raw|MistressQueenM's rating: 1279 → 1298<\/strong> (+19 for winning)\n|raw|withane's rating: 1200 → 1181<\/strong> (-19 for losing)\n","uploadtime":1681726970,"views":8,"p1id":"mistressqueenm","p2id":"withane","formatid":"gen9vgc2023regulationc","rating":1181,"private":0,"password":""}