{"id":"gen9vgc2023regulationc-1855925296","p1":"Witherbot3005","p2":"Lizardon0311","format":"[Gen 9] VGC 2023 Regulation C","log":"|j|\u2606Witherbot3005\n|j|\u2606Lizardon0311\n|t:|1683001534\n|gametype|doubles\n|player|p1|Witherbot3005|colress|1118\n|player|p2|Lizardon0311|lance|1052\n|teamsize|p1|6\n|teamsize|p2|6\n|gen|9\n|tier|[Gen 9] VGC 2023 Regulation C\n|rated|\n|rule|Species Clause: Limit one of each Pok\u00e9mon\n|rule|Item Clause: Limit one of each item\n|clearpoke\n|poke|p1|Tauros-Paldea-Blaze, L50, M|\n|poke|p1|Ting-Lu, L50|\n|poke|p1|Iron Hands, L50|\n|poke|p1|Iron Treads, L50|\n|poke|p1|Kilowattrel, L50, F|\n|poke|p1|Flutter Mane, L50|\n|poke|p2|Ting-Lu, L50|\n|poke|p2|Flutter Mane, L50|\n|poke|p2|Ceruledge, L50, F|\n|poke|p2|Palafin, L50, M|\n|poke|p2|Amoonguss, L50, F|\n|poke|p2|Iron Hands, L50|\n|teampreview|4\nWitherbot3005 has agreed to open team sheets.\n|inactive|Battle timer is ON: inactive players will automatically lose when time's up. (requested by Witherbot3005)\n|\n|t:|1683001577\n|start\n|switch|p1a: Tauros|Tauros-Paldea-Blaze, L50, M|100\/100\n|switch|p1b: Ting-Lu|Ting-Lu, L50|100\/100\n|switch|p2a: Amoonguss|Amoonguss, L50, F, shiny|100\/100\n|switch|p2b: Ceruledge|Ceruledge, L50, F, shiny|100\/100\n|-ability|p1a: Tauros|Intimidate|boost\n|-unboost|p2a: Amoonguss|atk|1\n|-fail|p2b: Ceruledge|unboost|[from] item: Clear Amulet|[of] p2b: Ceruledge\n|-ability|p1b: Ting-Lu|Vessel of Ruin\n|turn|1\n|inactive|Witherbot3005 has 30 seconds left.\n|\n|t:|1683001603\n|-terastallize|p2b: Ceruledge|Grass\n|move|p2a: Amoonguss|Protect|p2a: Amoonguss\n|-singleturn|p2a: Amoonguss|Protect\n|move|p2b: Ceruledge|Bulk Up|p2b: Ceruledge\n|-boost|p2b: Ceruledge|atk|1\n|-boost|p2b: Ceruledge|def|1\n|move|p1a: Tauros|Raging Bull|p2a: Amoonguss\n|-activate|p2a: Amoonguss|move: Protect\n|move|p1b: Ting-Lu|Ruination|p2b: Ceruledge\n|-damage|p2b: Ceruledge|50\/100\n|\n|upkeep\n|turn|2\n|inactive|Witherbot3005 has 30 seconds left.\n|\n|t:|1683001633\n|switch|p2a: Palafin|Palafin, L50, M, shiny|100\/100\n|move|p2b: Ceruledge|Bitter Blade|p1b: Ting-Lu\n|-damage|p1b: Ting-Lu|65\/100\n|-heal|p2b: Ceruledge|76\/100|[from] drain|[of] p1b: Ting-Lu\n|move|p1a: Tauros|Raging Bull|p2a: Palafin\n|-resisted|p2a: Palafin\n|-damage|p2a: Palafin|77\/100\n|move|p1b: Ting-Lu|Heavy Slam|p2b: Ceruledge\n|-damage|p2b: Ceruledge|47\/100\n|\n|upkeep\n|turn|3\n|\n|t:|1683001657\n|move|p2a: Palafin|Wave Crash|p1a: Tauros\n|-supereffective|p1a: Tauros\n|-damage|p1a: Tauros|0 fnt\n|faint|p1a: Tauros\n|-damage|p2a: Palafin|52\/100|[from] Recoil\n|move|p2b: Ceruledge|Bulk Up|p2b: Ceruledge\n|-boost|p2b: Ceruledge|atk|1\n|-boost|p2b: Ceruledge|def|1\n|move|p1b: Ting-Lu|Ruination|p2a: Palafin\n|-damage|p2a: Palafin|26\/100\n|\n|upkeep\n|\n|t:|1683001661\n|switch|p1a: Flutter Mane|Flutter Mane, L50|100\/100\n|turn|4\n|\n|t:|1683001675\n|-terastallize|p1a: Flutter Mane|Fairy\n|move|p2a: Palafin|Jet Punch|p1a: Flutter Mane\n|-damage|p1a: Flutter Mane|35\/100\n|move|p2b: Ceruledge|Shadow Sneak|p1a: Flutter Mane\n|-damage|p1a: Flutter Mane|0 fnt\n|faint|p1a: Flutter Mane\n|-end|p1a: Flutter Mane|Protosynthesis|[silent]\n|move|p1b: Ting-Lu|Heavy Slam|p2b: Ceruledge\n|-damage|p2b: Ceruledge|22\/100\n|\n|upkeep\n|\n|t:|1683001680\n|switch|p1a: Iron Hands|Iron Hands, L50|100\/100\n|turn|5\n|\n|t:|1683001693\n|move|p2b: Ceruledge|Protect|p2b: Ceruledge\n|-singleturn|p2b: Ceruledge|Protect\n|move|p2a: Palafin|Wave Crash|p1b: Ting-Lu\n|-supereffective|p1b: Ting-Lu\n|-damage|p1b: Ting-Lu|0 fnt\n|faint|p1b: Ting-Lu\n|-damage|p2a: Palafin|0 fnt|[from] Recoil\n|faint|p2a: Palafin\n|move|p1a: Iron Hands|Drain Punch|p2b: Ceruledge\n|-activate|p2b: Ceruledge|move: Protect\n|\n|upkeep\n|-message|Witherbot3005 forfeited.\n|\n|win|Lizardon0311\n|raw|Witherbot3005's rating: 1118 → 1088<\/strong> (-30 for losing)\n|raw|Lizardon0311's rating: 1052 → 1090<\/strong> (+38 for winning)\n|l|\u2606Witherbot3005\n","uploadtime":1683001710,"views":10,"p1id":"witherbot3005","p2id":"lizardon0311","formatid":"gen9vgc2023regulationc","rating":1088,"private":0,"password":""}