{"id":"gen9vgc2023regulationc-1852079271","p1":"Doncollll","p2":"haha u rage quit","format":"[Gen 9] VGC 2023 Regulation C","log":"|j|\u2606Doncollll\n|j|\u2606haha u rage quit\n|t:|1682522415\n|gametype|doubles\n|player|p1|Doncollll|schoolkid|1360\n|player|p2|haha u rage quit|pokemaniac|1265\n|teamsize|p1|6\n|teamsize|p2|6\n|gen|9\n|tier|[Gen 9] VGC 2023 Regulation C\n|rated|\n|rule|Species Clause: Limit one of each Pok\u00e9mon\n|rule|Item Clause: Limit one of each item\n|clearpoke\n|poke|p1|Dragonite, L50, F|\n|poke|p1|Amoonguss, L50, M|\n|poke|p1|Chien-Pao, L50|\n|poke|p1|Dondozo, L50, F|\n|poke|p1|Iron Hands, L50|\n|poke|p1|Tatsugiri, L50, F|\n|poke|p2|Glimmora, L50, M|\n|poke|p2|Iron Bundle, L50|\n|poke|p2|Dondozo, L50, M|\n|poke|p2|Dragonite, L50, M|\n|poke|p2|Tatsugiri-Droopy, L50, M|\n|poke|p2|Chi-Yu, L50|\n|teampreview|4\n|inactive|Battle timer is ON: inactive players will automatically lose when time's up. (requested by haha u rage quit)\n|inactive|Doncollll has 60 seconds left.\n|\n|t:|1682522467\n|start\n|switch|p1a: Iron Hands|Iron Hands, L50|100\/100\n|switch|p1b: Dragonite|Dragonite, L50, F|100\/100\n|switch|p2a: Iron Bundle|Iron Bundle, L50, shiny|100\/100\n|switch|p2b: Chi-Yu|Chi-Yu, L50|100\/100\n|-ability|p2b: Chi-Yu|Beads of Ruin\n|-enditem|p2a: Iron Bundle|Booster Energy\n|-activate|p2a: Iron Bundle|ability: Quark Drive|[fromitem]\n|-start|p2a: Iron Bundle|quarkdrivespe\n|turn|1\n|inactive|haha u rage quit has 30 seconds left.\n|inactive|haha u rage quit has 20 seconds left.\n|inactive|haha u rage quit has 15 seconds left.\n|inactive|haha u rage quit has 10 seconds left.\n|\n|t:|1682522517\n|move|p2a: Iron Bundle|Protect|p2a: Iron Bundle\n|-singleturn|p2a: Iron Bundle|Protect\n|move|p2b: Chi-Yu|Protect|p2b: Chi-Yu\n|-singleturn|p2b: Chi-Yu|Protect\n|move|p1a: Iron Hands|Fake Out|p2a: Iron Bundle\n|-activate|p2a: Iron Bundle|move: Protect\n|move|p1b: Dragonite|Dragon Dance|p1b: Dragonite\n|-boost|p1b: Dragonite|atk|1\n|-boost|p1b: Dragonite|spe|1\n|\n|upkeep\n|turn|2\n|inactive|Doncollll has 30 seconds left.\n|inactive|haha u rage quit has 30 seconds left.\n|inactive|haha u rage quit has 20 seconds left.\n|\n|t:|1682522556\n|-end|p1a: Iron Hands|Quark Drive|[silent]\n|switch|p1a: Chien-Pao|Chien-Pao, L50|100\/100\n|-ability|p1a: Chien-Pao|Sword of Ruin\n|-terastallize|p1b: Dragonite|Normal\n|move|p1b: Dragonite|Extreme Speed|p2a: Iron Bundle\n|-damage|p2a: Iron Bundle|0 fnt\n|faint|p2a: Iron Bundle\n|-end|p2a: Iron Bundle|Quark Drive|[silent]\n|move|p2b: Chi-Yu|Overheat|p1b: Dragonite\n|-damage|p1b: Dragonite|54\/100\n|-unboost|p2b: Chi-Yu|spa|2\n|\n|upkeep\n|\n|t:|1682522571\n|switch|p2a: Dondozo|Dondozo, L50, M|100\/100\n|turn|3\n|\n|t:|1682522588\n|move|p2a: Dondozo|Protect|p2a: Dondozo\n|-singleturn|p2a: Dondozo|Protect\n|move|p1b: Dragonite|Extreme Speed|p2a: Dondozo\n|-activate|p2a: Dondozo|move: Protect\n|move|p1a: Chien-Pao|Sacred Sword|p2a: Dondozo\n|-activate|p2a: Dondozo|move: Protect\n|move|p2b: Chi-Yu|Overheat|p1a: Chien-Pao\n|-supereffective|p1a: Chien-Pao\n|-enditem|p1a: Chien-Pao|Focus Sash\n|-damage|p1a: Chien-Pao|1\/100\n|-unboost|p2b: Chi-Yu|spa|2\n|\n|upkeep\n|turn|4\n|inactive|Doncollll has 30 seconds left.\n|\n|t:|1682522615\n|move|p2a: Dondozo|Protect|p2a: Dondozo\n|-singleturn|p2a: Dondozo|Protect\n|move|p1b: Dragonite|Extreme Speed|p2a: Dondozo\n|-activate|p2a: Dondozo|move: Protect\n|move|p1a: Chien-Pao|Sucker Punch||[still]\n|-fail|p1a: Chien-Pao\n|move|p2b: Chi-Yu|Overheat|p1a: Chien-Pao\n|-supereffective|p1a: Chien-Pao\n|-damage|p1a: Chien-Pao|0 fnt\n|-unboost|p2b: Chi-Yu|spa|2\n|faint|p1a: Chien-Pao\n|\n|upkeep\n|inactive|Doncollll has 30 seconds left.\n|\n|t:|1682522650\n|switch|p1a: Iron Hands|Iron Hands, L50|100\/100\n|turn|5\n|\n|t:|1682522669\n|switch|p2b: Tatsugiri|Tatsugiri-Droopy, L50, M|100\/100\n|-activate|p2b: Tatsugiri|ability: Commander|[of] p2a: Dondozo\n|-boost|p2a: Dondozo|atk|2\n|-boost|p2a: Dondozo|spa|2\n|-boost|p2a: Dondozo|spe|2\n|-boost|p2a: Dondozo|def|2\n|-boost|p2a: Dondozo|spd|2\n|move|p1a: Iron Hands|Fake Out|p2a: Dondozo\n|-damage|p2a: Dondozo|94\/100\n|move|p1b: Dragonite|Extreme Speed|p2b: Tatsugiri|[miss]\n|-miss|p1b: Dragonite|p2b: Tatsugiri\n|cant|p2a: Dondozo|flinch\n|\n|upkeep\n|turn|6\n|inactive|Doncollll has 30 seconds left.\n|\n|t:|1682522703\n|-end|p1a: Iron Hands|Quark Drive|[silent]\n|switch|p1a: Amoonguss|Amoonguss, L50, M|100\/100\n|-terastallize|p2a: Dondozo|Electric\n|move|p2a: Dondozo|Earthquake|p1a: Amoonguss|[spread] p1a,p1b\n|-miss|p2a: Dondozo|p2b: Tatsugiri\n|-crit|p1a: Amoonguss\n|-damage|p1a: Amoonguss|36\/100\n|-damage|p1b: Dragonite|16\/100\n|move|p1b: Dragonite|Iron Head|p2a: Dondozo\n|-resisted|p2a: Dondozo\n|-damage|p2a: Dondozo|86\/100\n|\n|upkeep\n|turn|7\n|-message|Doncollll forfeited.\n|\n|win|haha u rage quit\n|raw|Doncollll's rating: 1360 → 1335<\/strong> (-25 for losing)\n|raw|haha u rage quit's rating: 1265 → 1297<\/strong> (+32 for winning)\n|l|\u2606Doncollll\n","uploadtime":1682522739,"views":13,"p1id":"doncollll","p2id":"hahauragequit","formatid":"gen9vgc2023regulationc","rating":1297,"private":0,"password":""}