{"id":"gen9vgc2023regulationc-1850695721","p1":"Audax4","p2":"chipp zanuff 7","format":"[Gen 9] VGC 2023 Regulation C","log":"|j|\u2606Audax4\n|j|\u2606chipp zanuff 7\n|t:|1682359852\n|gametype|doubles\n|player|p1|Audax4|brock|\n|player|p2|chipp zanuff 7|102|\n|teamsize|p1|6\n|teamsize|p2|6\n|gen|9\n|tier|[Gen 9] VGC 2023 Regulation C\n|rated|Tournament battle\n|rule|Species Clause: Limit one of each Pok\u00e9mon\n|rule|Item Clause: Limit one of each item\n|clearpoke\n|poke|p1|Palafin, L50, F|\n|poke|p1|Tinkaton, L50, F|\n|poke|p1|Armarouge, L50, F|\n|poke|p1|Indeedee-F, L50, F|\n|poke|p1|Arcanine, L50, F|\n|poke|p1|Iron Bundle, L50|\n|poke|p2|Garganacl, L50, F|\n|poke|p2|Gyarados, L50, M|\n|poke|p2|Amoonguss, L50, M|\n|poke|p2|Ting-Lu, L50|\n|poke|p2|Flutter Mane, L50|\n|poke|p2|Orthworm, L50, M|\n|teampreview|4\n|raw| Open Team Sheet for Audax4<\/summary>Palafin @ Mystic Water Ability: Zero to Hero Level: 50 Tera Type: Water - Jet Punch - Wave Crash - Ice Punch - Protect Tinkaton (F) @ Sitrus Berry Ability: Mold Breaker Level: 50 Tera Type: Water - Fake Out - Thunder Wave - Gigaton Hammer - Helping Hand Armarouge (F) @ Shuca Berry Ability: Weak Armor Level: 50 Tera Type: Grass - Expanding Force - Armor Cannon - Clear Smog - Protect Indeedee (Indeedee-F) (F) @ Psychic Seed Ability: Psychic Surge Level: 50 Tera Type: Psychic - Psychic - Follow Me - Helping Hand - Trick Room Arcanine @ Safety Goggles Ability: Intimidate Level: 50 Tera Type: Grass - Flare Blitz - Protect - Will-O-Wisp - Close Combat Iron Bundle @ Booster Energy Ability: Quark Drive Level: 50 Tera Type: Ice - Icy Wind - Freeze-Dry - Hydro Pump - Encore <\/details><\/div> Open Team Sheet for chipp zanuff 7<\/summary>Luck (Garganacl) @ Leftovers Ability: Purifying Salt Level: 50 Shiny: Yes Tera Type: Ghost - Salt Cure - Recover - Protect - Stealth Rock Magna (Gyarados) @ Safety Goggles Ability: Intimidate Level: 50 Shiny: Yes Tera Type: Grass - Waterfall - Protect - Taunt - Thunder Wave Finral (Amoonguss) (M) @ Sitrus Berry Ability: Regenerator Level: 50 Tera Type: Fire - Spore - Pollen Puff - Rage Powder - Protect Asta (Ting-Lu) @ Assault Vest Ability: Vessel of Ruin Level: 50 Tera Type: Poison - Stomping Tantrum - Ruination - Throat Chop - Earthquake Vanessa (Flutter Mane) @ Booster Energy Ability: Protosynthesis Level: 50 Tera Type: Fairy - Dazzling Gleam - Protect - Substitute - Hex Yuno (Orthworm) @ Aguav Berry Ability: Earth Eater Level: 50 Tera Type: Water - Iron Defense - Body Press - Shed Tail - Metal Burst <\/details><\/div>\n|j| user_9093292\n|inactive|Battle timer is ON: inactive players will automatically lose when time's up. (requested by Audax4)\n|inactive|Audax4 has 60 seconds left.\n|inactive|chipp zanuff 7 has 60 seconds left.\n|j| CyborgCrafter\n|inactive|Audax4 has 30 seconds left.\n|inactive|Audax4 has 20 seconds left.\n|inactive|Audax4 has 15 seconds left.\n|\n|t:|1682359945\n|start\n|switch|p1a: Iron Bundle|Iron Bundle, L50|100\/100\n|switch|p1b: Arcanine|Arcanine, L50, F|100\/100\n|switch|p2a: Luck|Garganacl, L50, F, shiny|100\/100\n|switch|p2b: Magna|Gyarados, L50, M, shiny|100\/100\n|-ability|p1b: Arcanine|Intimidate|boost\n|-unboost|p2a: Luck|atk|1\n|-unboost|p2b: Magna|atk|1\n|-ability|p2b: Magna|Intimidate|boost\n|-unboost|p1a: Iron Bundle|atk|1\n|-unboost|p1b: Arcanine|atk|1\n|-enditem|p1a: Iron Bundle|Booster Energy\n|-activate|p1a: Iron Bundle|ability: Quark Drive|[fromitem]\n|-start|p1a: Iron Bundle|quarkdrivespe\n|turn|1\n|\n|t:|1682359965\n|switch|p1b: Palafin|Palafin, L50, F|100\/100\n|switch|p2b: Asta|Ting-Lu, L50|100\/100\n|-ability|p2b: Asta|Vessel of Ruin\n|move|p1a: Iron Bundle|Icy Wind|p2a: Luck|[spread] p2a,p2b\n|-crit|p2a: Luck\n|-supereffective|p2b: Asta\n|-damage|p2a: Luck|84\/100\n|-damage|p2b: Asta|84\/100\n|-unboost|p2a: Luck|spe|1\n|-unboost|p2b: Asta|spe|1\n|move|p2a: Luck|Salt Cure|p1a: Iron Bundle\n|-supereffective|p1a: Iron Bundle\n|-damage|p1a: Iron Bundle|76\/100\n|-start|p1a: Iron Bundle|Salt Cure\n|\n|-heal|p2a: Luck|90\/100|[from] item: Leftovers\n|-damage|p1a: Iron Bundle|52\/100|[from] Salt Cure\n|upkeep\n|turn|2\n|\n|t:|1682359987\n|-end|p1a: Iron Bundle|Quark Drive|[silent]\n|switch|p1a: Tinkaton|Tinkaton, L50, F|100\/100\n|-ability|p1a: Tinkaton|Mold Breaker\n|switch|p2b: Magna|Gyarados, L50, M, shiny|100\/100\n|-ability|p2b: Magna|Intimidate|boost\n|-unboost|p1a: Tinkaton|atk|1\n|-unboost|p1b: Palafin|atk|1\n|-terastallize|p2a: Luck|Ghost\n|move|p1b: Palafin|Protect|p1b: Palafin\n|-singleturn|p1b: Palafin|Protect\n|move|p2a: Luck|Salt Cure|p1b: Palafin\n|-activate|p1b: Palafin|move: Protect\n|\n|-heal|p2a: Luck|96\/100|[from] item: Leftovers\n|upkeep\n|turn|3\n|j| spectacled eider\n|inactive|chipp zanuff 7 has 30 seconds left.\n|\n|t:|1682360021\n|detailschange|p1b: Palafin|Palafin-Hero, L50, F\n|switch|p1b: Arcanine|Arcanine, L50, F|100\/100\n|-ability|p1b: Arcanine|Intimidate|boost\n|-unboost|p2a: Luck|atk|1\n|-unboost|p2b: Magna|atk|1\n|move|p1a: Tinkaton|Fake Out|p2b: Magna\n|-damage|p2b: Magna|96\/100\n|cant|p2b: Magna|flinch\n|move|p2a: Luck|Salt Cure|p1b: Arcanine\n|-supereffective|p1b: Arcanine\n|-damage|p1b: Arcanine|85\/100\n|-start|p1b: Arcanine|Salt Cure\n|\n|-heal|p2a: Luck|100\/100|[from] item: Leftovers\n|-damage|p1b: Arcanine|73\/100|[from] Salt Cure\n|upkeep\n|turn|4\n|\n|t:|1682360036\n|move|p1a: Tinkaton|Helping Hand|p1b: Arcanine\n|-singleturn|p1b: Arcanine|Helping Hand|[of] p1a: Tinkaton\n|move|p1b: Arcanine|Flare Blitz|p2a: Luck\n|-damage|p2a: Luck|40\/100\n|-damage|p1b: Arcanine|52\/100|[from] Recoil\n|move|p2b: Magna|Thunder Wave|p1b: Arcanine\n|-status|p1b: Arcanine|par\n|move|p2a: Luck|Salt Cure|p1a: Tinkaton\n|-resisted|p1a: Tinkaton\n|-damage|p1a: Tinkaton|97\/100\n|-start|p1a: Tinkaton|Salt Cure\n|\n|-heal|p2a: Luck|46\/100|[from] item: Leftovers\n|-damage|p1a: Tinkaton|72\/100|[from] Salt Cure\n|-damage|p1b: Arcanine|39\/100 par|[from] Salt Cure\n|upkeep\n|turn|5\n|\n|t:|1682360052\n|move|p1b: Arcanine|Protect|p1b: Arcanine\n|-singleturn|p1b: Arcanine|Protect\n|move|p2a: Luck|Protect|p2a: Luck\n|-singleturn|p2a: Luck|Protect\n|move|p1a: Tinkaton|Gigaton Hammer|p2a: Luck\n|-activate|p2a: Luck|move: Protect\n|move|p2b: Magna|Thunder Wave|p1a: Tinkaton\n|-status|p1a: Tinkaton|par\n|\n|-heal|p2a: Luck|52\/100|[from] item: Leftovers\n|-damage|p1b: Arcanine|27\/100 par|[from] Salt Cure\n|-damage|p1a: Tinkaton|47\/100 par|[from] Salt Cure\n|upkeep\n|-enditem|p1a: Tinkaton|Sitrus Berry|[eat]\n|-heal|p1a: Tinkaton|72\/100 par|[from] item: Sitrus Berry\n|turn|6\n|\n|t:|1682360063\n|cant|p1a: Tinkaton|par\n|move|p2b: Magna|Waterfall|p1b: Arcanine\n|-supereffective|p1b: Arcanine\n|-damage|p1b: Arcanine|0 fnt\n|faint|p1b: Arcanine\n|move|p2a: Luck|Recover|p2a: Luck\n|-heal|p2a: Luck|100\/100\n|\n|-damage|p1a: Tinkaton|47\/100 par|[from] Salt Cure\n|upkeep\n|\n|t:|1682360069\n|switch|p1b: Palafin|Palafin-Hero, L50, F|100\/100\n|-activate|p1b: Palafin|ability: Zero to Hero\n|turn|7\n|\n|t:|1682360081\n|-terastallize|p1b: Palafin|Water\n|move|p1a: Tinkaton|Helping Hand|p1b: Palafin\n|-singleturn|p1b: Palafin|Helping Hand|[of] p1a: Tinkaton\n|move|p2a: Luck|Protect|p2a: Luck\n|-singleturn|p2a: Luck|Protect\n|move|p1b: Palafin|Wave Crash|p2a: Luck\n|-activate|p2a: Luck|move: Protect\n|move|p2b: Magna|Thunder Wave|p1b: Palafin\n|-status|p1b: Palafin|par\n|\n|-damage|p1a: Tinkaton|22\/100 par|[from] Salt Cure\n|upkeep\n|turn|8\n|\n|t:|1682360092\n|move|p1a: Tinkaton|Helping Hand|p1b: Palafin\n|-singleturn|p1b: Palafin|Helping Hand|[of] p1a: Tinkaton\n|move|p2b: Magna|Waterfall|p1a: Tinkaton\n|-damage|p1a: Tinkaton|0 fnt\n|faint|p1a: Tinkaton\n|move|p1b: Palafin|Wave Crash|p2a: Luck\n|-damage|p2a: Luck|0 fnt\n|faint|p2a: Luck\n|-damage|p1b: Palafin|68\/100 par|[from] Recoil\n|\n|upkeep\n|c|\u2606chipp zanuff 7|oo\n|\n|t:|1682360104\n|switch|p1a: Iron Bundle|Iron Bundle, L50|52\/100\n|switch|p2a: Yuno|Orthworm, L50, M|100\/100\n|turn|9\n|\n|t:|1682360112\n|switch|p2b: Asta|Ting-Lu, L50|84\/100\n|-ability|p2b: Asta|Vessel of Ruin\n|move|p1a: Iron Bundle|Freeze-Dry|p2b: Asta\n|-supereffective|p2b: Asta\n|-damage|p2b: Asta|59\/100\n|move|p2a: Yuno|Body Press|p1a: Iron Bundle\n|-supereffective|p1a: Iron Bundle\n|-damage|p1a: Iron Bundle|0 fnt\n|faint|p1a: Iron Bundle\n|-end|p1a: Iron Bundle|Quark Drive|[silent]\n|move|p1b: Palafin|Wave Crash|p2a: Yuno\n|-damage|p2a: Yuno|23\/100\n|-enditem|p2a: Yuno|Aguav Berry|[eat]\n|-heal|p2a: Yuno|56\/100|[from] item: Aguav Berry\n|-damage|p1b: Palafin|46\/100 par|[from] Recoil\n|\n|upkeep\n|turn|10\n|c|\u2606Audax4|gg\n|c|\u2606chipp zanuff 7|ASTAAAAAAAAAAAAAAAAAAAAA\n|\n|t:|1682360132\n|move|p2a: Yuno|Body Press|p1b: Palafin\n|-damage|p1b: Palafin|19\/100 par\n|move|p2b: Asta|Earthquake|p1b: Palafin|[spread] p1b\n|-heal|p2a: Yuno|81\/100|[from] ability: Earth Eater|[of] p2b: Asta\n|-damage|p1b: Palafin|0 fnt\n|faint|p1b: Palafin\n|\n|win|chipp zanuff 7\n|n|\u2606Audax4|audax4\n|n|\u2606chipp zanuff 7|chippzanuff7\n|n| user_9093292|user9093292\n|n| CyborgCrafter|cyborgcrafter\n|n| spectacled eider|spectacledeider\n","uploadtime":1682360133,"views":11,"p1id":"audax4","p2id":"chippzanuff7","formatid":"gen9vgc2023regulationc","rating":0,"private":0,"password":""}