{"id":"gen9vgc2023regulationc-1859027071","p1":"Aigashu-15","p2":"Mafiapony","format":"[Gen 9] VGC 2023 Regulation C","log":"|j|\u2606Aigashu-15\n|j|\u2606Mafiapony\n|t:|1683395909\n|gametype|doubles\n|player|p1|Aigashu-15|265|1065\n|player|p2|Mafiapony|170|1018\n|teamsize|p1|6\n|teamsize|p2|6\n|gen|9\n|tier|[Gen 9] VGC 2023 Regulation C\n|rated|\n|rule|Species Clause: Limit one of each Pok\u00e9mon\n|rule|Item Clause: Limit one of each item\n|clearpoke\n|poke|p1|Arboliva, L50, M|\n|poke|p1|Iron Hands, L50|\n|poke|p1|Farigiraf, L50, F|\n|poke|p1|Slowking, L50, M|\n|poke|p1|Tinkaton, L50, F|\n|poke|p1|Skeledirge, L50, M|\n|poke|p2|Iron Hands, L50|\n|poke|p2|Hatterene, L50, F|\n|poke|p2|Amoonguss, L50, M|\n|poke|p2|Arcanine, L50, F|\n|poke|p2|Azumarill, L50, M|\n|poke|p2|Kingambit, L50, F|\n|teampreview|4\nAigashu-15 has agreed to open team sheets.\nMafiapony rejected open team sheets.\n|\n|t:|1683395961\n|start\n|switch|p1a: Agamenon|Farigiraf, L50, F|100\/100\n|switch|p1b: B\u00e9gimoDos|Slowking, L50, M|100\/100\n|switch|p2a: Amoonguss|Amoonguss, L50, M|100\/100\n|switch|p2b: Hatterene|Hatterene, L50, F|100\/100\n|turn|1\n|\n|t:|1683395990\n|switch|p2b: Kingambit|Kingambit, L50, F|100\/100\n|move|p1a: Agamenon|Psychic|p2a: Amoonguss\n|-supereffective|p2a: Amoonguss\n|-damage|p2a: Amoonguss|38\/100\n|-enditem|p2a: Amoonguss|Sitrus Berry|[eat]\n|-heal|p2a: Amoonguss|63\/100|[from] item: Sitrus Berry\n|move|p2a: Amoonguss|Spore|p1b: B\u00e9gimoDos\n|-status|p1b: B\u00e9gimoDos|slp|[from] move: Spore\n|cant|p1b: B\u00e9gimoDos|slp\n|\n|upkeep\n|turn|2\n|\n|t:|1683396028\n|switch|p1a: Fiona|Tinkaton, L50, F|100\/100\n|-ability|p1a: Fiona|Mold Breaker\n|move|p2a: Amoonguss|Protect|p2a: Amoonguss\n|-singleturn|p2a: Amoonguss|Protect\n|move|p2b: Kingambit|Swords Dance|p2b: Kingambit\n|-boost|p2b: Kingambit|atk|2\n|cant|p1b: B\u00e9gimoDos|slp\n|\n|upkeep\n|turn|3\n|\n|t:|1683396054\n|switch|p2a: Iron Hands|Iron Hands, L50|100\/100\n|switch|p1b: Agamenon|Farigiraf, L50, F|100\/100\n|move|p2b: Kingambit|Protect|p2b: Kingambit\n|-singleturn|p2b: Kingambit|Protect\n|move|p1a: Fiona|Bulldoze|p2b: Kingambit|[spread] p1b,p2a\n|-activate|p2b: Kingambit|move: Protect\n|-supereffective|p2a: Iron Hands\n|-damage|p1b: Agamenon|86\/100\n|-damage|p2a: Iron Hands|82\/100\n|-unboost|p1b: Agamenon|spe|1\n|-unboost|p2a: Iron Hands|spe|1\n|\n|upkeep\n|turn|4\n|\n|t:|1683396078\n|move|p2b: Kingambit|Sucker Punch||[still]\n|cant|p1b: Agamenon|ability: Armor Tail|Sucker Punch|[of] p2b: Kingambit\n|move|p1a: Fiona|Bulldoze|p2b: Kingambit|[spread] p1b,p2a,p2b\n|-supereffective|p2a: Iron Hands\n|-supereffective|p2b: Kingambit\n|-damage|p1b: Agamenon|72\/100\n|-damage|p2a: Iron Hands|63\/100\n|-damage|p2b: Kingambit|79\/100\n|-unboost|p1b: Agamenon|spe|1\n|-unboost|p2a: Iron Hands|spe|1\n|-unboost|p2b: Kingambit|spe|1\n|-ability|p2b: Kingambit|Defiant|boost\n|-boost|p2b: Kingambit|atk|2\n|move|p1b: Agamenon|Psychic|p2a: Iron Hands\n|-supereffective|p2a: Iron Hands\n|-damage|p2a: Iron Hands|23\/100\n|move|p2a: Iron Hands|Volt Switch|p1b: Agamenon\n|-damage|p1b: Agamenon|56\/100\n|\n|t:|1683396093\n|-end|p2a: Iron Hands|Quark Drive|[silent]\n|switch|p2a: Amoonguss|Amoonguss, L50, M|96\/100|[from] Volt Switch\n|\n|-heal|p2b: Kingambit|85\/100|[from] item: Leftovers\n|upkeep\n|turn|5\n|\n|t:|1683396115\n|move|p2a: Amoonguss|Protect|p2a: Amoonguss\n|-singleturn|p2a: Amoonguss|Protect\n|move|p1a: Fiona|Gigaton Hammer|p2b: Kingambit\n|-resisted|p2b: Kingambit\n|-damage|p2b: Kingambit|55\/100\n|move|p2b: Kingambit|Iron Head|p1b: Agamenon\n|-damage|p1b: Agamenon|0 fnt\n|faint|p1b: Agamenon\n|\n|-heal|p2b: Kingambit|61\/100|[from] item: Leftovers\n|upkeep\n|\n|t:|1683396131\n|switch|p1b: To\u00f1in|Skeledirge, L50, M|100\/100\n|turn|6\n|\n|t:|1683396141\n|move|p2b: Kingambit|Sucker Punch|p1b: To\u00f1in\n|-supereffective|p1b: To\u00f1in\n|-damage|p1b: To\u00f1in|31\/100\n|move|p1a: Fiona|Bulldoze|p2b: Kingambit|[spread] p1b,p2a,p2b\n|-supereffective|p1b: To\u00f1in\n|-supereffective|p2b: Kingambit\n|-damage|p1b: To\u00f1in|10\/100\n|-damage|p2a: Amoonguss|84\/100\n|-damage|p2b: Kingambit|40\/100\n|-unboost|p1b: To\u00f1in|spe|1\n|-unboost|p2a: Amoonguss|spe|1\n|-unboost|p2b: Kingambit|spe|1\n|-ability|p2b: Kingambit|Defiant|boost\n|-boost|p2b: Kingambit|atk|2\n|move|p1b: To\u00f1in|Torch Song|p2b: Kingambit\n|-supereffective|p2b: Kingambit\n|-damage|p2b: Kingambit|0 fnt\n|-boost|p1b: To\u00f1in|spa|1\n|faint|p2b: Kingambit\n|-damage|p1b: To\u00f1in|0 fnt|[from] item: Life Orb\n|faint|p1b: To\u00f1in\n|move|p2a: Amoonguss|Pollen Puff|p2: Kingambit|[notarget]\n|-fail|p2a: Amoonguss\n|\n|upkeep\n|\n|t:|1683396163\n|switch|p1b: B\u00e9gimoDos|Slowking, L50, M|100\/100 slp\n|switch|p2b: Iron Hands|Iron Hands, L50|23\/100\n|turn|7\n|\n|t:|1683396173\n|move|p2b: Iron Hands|Fake Out|p1a: Fiona\n|-resisted|p1a: Fiona\n|-damage|p1a: Fiona|92\/100\n|cant|p1a: Fiona|flinch\n|cant|p1b: B\u00e9gimoDos|slp\n|move|p2a: Amoonguss|Pollen Puff|p2b: Iron Hands\n|-heal|p2b: Iron Hands|73\/100\n|\n|upkeep\n|turn|8\n|\n|t:|1683396214\n|move|p1a: Fiona|Ice Hammer|p2a: Amoonguss\n|-supereffective|p2a: Amoonguss\n|-damage|p2a: Amoonguss|38\/100\n|-unboost|p1a: Fiona|spe|1\n|move|p2b: Iron Hands|Wild Charge|p1b: B\u00e9gimoDos\n|-supereffective|p1b: B\u00e9gimoDos\n|-damage|p1b: B\u00e9gimoDos|2\/100 slp\n|-damage|p2b: Iron Hands|53\/100|[from] Recoil\n|-curestatus|p1b: B\u00e9gimoDos|slp|[msg]\n|move|p1b: B\u00e9gimoDos|Psychic|p2a: Amoonguss\n|-supereffective|p2a: Amoonguss\n|-damage|p2a: Amoonguss|0 fnt\n|faint|p2a: Amoonguss\n|\n|-heal|p1b: B\u00e9gimoDos|7\/100|[from] item: Leftovers\n|upkeep\n|\n|t:|1683396228\n|switch|p2a: Hatterene|Hatterene, L50, F|100\/100\n|turn|9\n|\n|t:|1683396251\n|-terastallize|p2a: Hatterene|Dark\n|move|p1a: Fiona|Play Rough|p2b: Iron Hands\n|-supereffective|p2b: Iron Hands\n|-damage|p2b: Iron Hands|0 fnt\n|faint|p2b: Iron Hands\n|-end|p2b: Iron Hands|Quark Drive|[silent]\n|move|p2a: Hatterene|Dazzling Gleam|p1b: B\u00e9gimoDos|[spread] p1a,p1b\n|-resisted|p1a: Fiona\n|-damage|p1a: Fiona|72\/100\n|-damage|p1b: B\u00e9gimoDos|0 fnt\n|faint|p1b: B\u00e9gimoDos\n|-damage|p2a: Hatterene|91\/100|[from] item: Life Orb\n|\n|upkeep\n|turn|10\n|\n|t:|1683396269\n|move|p2a: Hatterene|Protect|p2a: Hatterene\n|-singleturn|p2a: Hatterene|Protect\n|move|p1a: Fiona|Play Rough|p2a: Hatterene\n|-activate|p2a: Hatterene|move: Protect\n|\n|upkeep\n|turn|11\n|\n|t:|1683396284\n|move|p1a: Fiona|Gigaton Hammer|p2a: Hatterene\n|-damage|p2a: Hatterene|10\/100\n|move|p2a: Hatterene|Psychic|p1a: Fiona\n|-resisted|p1a: Fiona\n|-damage|p1a: Fiona|38\/100\n|-damage|p2a: Hatterene|0 fnt|[from] item: Life Orb\n|faint|p2a: Hatterene\n|\n|win|Aigashu-15\n|raw|Aigashu-15's rating: 1065 → 1091<\/strong> (+26 for winning)\n|raw|Mafiapony's rating: 1018 → 1007<\/strong> (-11 for losing)\n|l|\u2606Mafiapony\n","uploadtime":1683396296,"views":16,"p1id":"aigashu15","p2id":"mafiapony","formatid":"gen9vgc2023regulationc","rating":1007,"private":0,"password":""}