{"id":"gen9vgc2023regulationc-1863999941","p1":"9winsformepls","p2":"EasyHeightsVGC","format":"[Gen 9] VGC 2023 Regulation C","log":"|j|\u26069winsformepls\n|j|\u2606EasyHeightsVGC\n|t:|1684103395\n|gametype|doubles\n|player|p1|9winsformepls|bruno-gen1|\n|player|p2|EasyHeightsVGC|archer|\n|teamsize|p1|6\n|teamsize|p2|6\n|gen|9\n|tier|[Gen 9] VGC 2023 Regulation C\n|rule|Species Clause: Limit one of each Pok\u00e9mon\n|rule|Item Clause: Limit one of each item\n|clearpoke\n|poke|p1|Breloom, L50, M|\n|poke|p1|Chien-Pao, L50|\n|poke|p1|Flutter Mane, L50|\n|poke|p1|Kingambit, L50, F|\n|poke|p1|Iron Hands, L50|\n|poke|p1|Iron Bundle, L50|\n|poke|p2|Great Tusk, L50|\n|poke|p2|Iron Bundle, L50|\n|poke|p2|Arcanine, L50, M|\n|poke|p2|Roaring Moon, L50|\n|poke|p2|Gholdengo, L50|\n|poke|p2|Amoonguss, L50, F|\n|teampreview|4\n|j| Hkaiy\n|c|\u2606EasyHeightsVGC|glhf\n|l| Hkaiy\n|c|\u26069winsformepls|u2\n|\n|t:|1684103427\n|start\n|switch|p1a: Cat|Chien-Pao, L50|100\/100\n|switch|p1b: Only Hands|Iron Hands, L50|100\/100\n|switch|p2a: Iron Bundle|Iron Bundle, L50|100\/100\n|switch|p2b: Roaring Moon|Roaring Moon, L50|100\/100\n|-ability|p1a: Cat|Sword of Ruin\n|-enditem|p2b: Roaring Moon|Booster Energy\n|-activate|p2b: Roaring Moon|ability: Protosynthesis|[fromitem]\n|-start|p2b: Roaring Moon|protosynthesisatk\n|turn|1\n|\n|t:|1684103476\n|-end|p2a: Iron Bundle|Quark Drive|[silent]\n|switch|p2a: Arcanine|Arcanine, L50, M|100\/100\n|-ability|p2a: Arcanine|Intimidate|boost\n|-unboost|p1a: Cat|atk|1\n|-fail|p1b: Only Hands|unboost|[from] item: Clear Amulet|[of] p1b: Only Hands\n|-terastallize|p1b: Only Hands|Fire\n|move|p2b: Roaring Moon|Protect|p2b: Roaring Moon\n|-singleturn|p2b: Roaring Moon|Protect\n|move|p1a: Cat|Ice Spinner|p2b: Roaring Moon\n|-activate|p2b: Roaring Moon|move: Protect\n|move|p1b: Only Hands|Drain Punch|p2b: Roaring Moon\n|-activate|p2b: Roaring Moon|move: Protect\n|\n|upkeep\n|turn|2\n|\n|t:|1684103509\n|move|p1a: Cat|Protect|p1a: Cat\n|-singleturn|p1a: Cat|Protect\n|move|p2b: Roaring Moon|Tailwind|p2b: Roaring Moon\n|-sidestart|p2: EasyHeightsVGC|move: Tailwind\n|move|p2a: Arcanine|Flare Blitz|p1a: Cat\n|-activate|p1a: Cat|move: Protect\n|move|p1b: Only Hands|Drain Punch|p2b: Roaring Moon\n|-supereffective|p2b: Roaring Moon\n|-damage|p2b: Roaring Moon|0 fnt\n|faint|p2b: Roaring Moon\n|-end|p2b: Roaring Moon|Protosynthesis|[silent]\n|\n|upkeep\n|\n|t:|1684103524\n|switch|p2b: Iron Bundle|Iron Bundle, L50|100\/100\n|turn|3\n|\n|t:|1684103542\n|move|p1b: Only Hands|Protect|p1b: Only Hands\n|-singleturn|p1b: Only Hands|Protect\n|move|p1a: Cat|Sucker Punch|p2b: Iron Bundle\n|-damage|p2b: Iron Bundle|55\/100\n|-damage|p1a: Cat|91\/100|[from] item: Life Orb\n|move|p2b: Iron Bundle|Hydro Pump|p1b: Only Hands\n|-activate|p1b: Only Hands|move: Protect\n|move|p2a: Arcanine|Flare Blitz|p1a: Cat\n|-supereffective|p1a: Cat\n|-damage|p1a: Cat|0 fnt\n|faint|p1a: Cat\n|-damage|p2a: Arcanine|76\/100|[from] Recoil\n|\n|upkeep\n|\n|t:|1684103552\n|switch|p1a: Queen Gambit|Kingambit, L50, F|100\/100\n|turn|4\n|\n|t:|1684103560\n|move|p1a: Queen Gambit|Sucker Punch|p2b: Iron Bundle\n|-damage|p2b: Iron Bundle|11\/100\n|move|p2b: Iron Bundle|Hydro Pump|p1b: Only Hands\n|-supereffective|p1b: Only Hands\n|-damage|p1b: Only Hands|0 fnt\n|faint|p1b: Only Hands\n|-end|p1b: Only Hands|Quark Drive|[silent]\n|move|p2a: Arcanine|Will-O-Wisp|p1a: Queen Gambit\n|-status|p1a: Queen Gambit|brn\n|\n|-damage|p1a: Queen Gambit|95\/100 brn|[from] brn\n|upkeep\n|\n|t:|1684103565\n|switch|p1b: Bredoom|Breloom, L50, M|100\/100\n|turn|5\n|\n|t:|1684103583\n|move|p1b: Bredoom|Mach Punch|p2b: Iron Bundle\n|-supereffective|p2b: Iron Bundle\n|-damage|p2b: Iron Bundle|0 fnt\n|faint|p2b: Iron Bundle\n|-end|p2b: Iron Bundle|Quark Drive|[silent]\n|move|p1a: Queen Gambit|Sucker Punch|p2a: Arcanine\n|-damage|p2a: Arcanine|60\/100\n|-damage|p1a: Queen Gambit|78\/100 brn|[from] item: Rocky Helmet|[of] p2a: Arcanine\n|move|p2a: Arcanine|Flare Blitz|p1b: Bredoom\n|-supereffective|p1b: Bredoom\n|-enditem|p1b: Bredoom|Focus Sash\n|-damage|p1b: Bredoom|1\/100\n|-damage|p2a: Arcanine|37\/100|[from] Recoil\n|\n|-damage|p1a: Queen Gambit|72\/100 brn|[from] brn\n|-sideend|p2: EasyHeightsVGC|move: Tailwind\n|upkeep\n|\n|t:|1684103592\n|switch|p2b: Great Tusk|Great Tusk, L50|100\/100\n|turn|6\n|\n|t:|1684103606\n|move|p2a: Arcanine|Extreme Speed|p1b: Bredoom\n|-damage|p1b: Bredoom|0 fnt\n|faint|p1b: Bredoom\n|move|p1a: Queen Gambit|Sucker Punch||[still]\n|-fail|p1a: Queen Gambit\n|move|p2b: Great Tusk|Headlong Rush|p1a: Queen Gambit\n|-supereffective|p1a: Queen Gambit\n|-damage|p1a: Queen Gambit|0 fnt\n|-unboost|p2b: Great Tusk|def|1\n|-unboost|p2b: Great Tusk|spd|1\n|faint|p1a: Queen Gambit\n|\n|win|EasyHeightsVGC\n|c|\u26069winsformepls|gg\n|c|\u2606EasyHeightsVGC|gg\n|l|\u26069winsformepls\n","uploadtime":1684103636,"views":7,"p1id":"9winsformepls","p2id":"easyheightsvgc","formatid":"gen9vgc2023regulationc","rating":0,"private":0,"password":""}