{"id":"gen9vgc2023regulationc-1847429188","p1":"TheKnownStranger","p2":"Axe Garian","format":"[Gen 9] VGC 2023 Regulation C","log":"|j|\u2606TheKnownStranger\n|j|\u2606Axe Garian\n|t:|1681954043\n|gametype|doubles\n|player|p1|TheKnownStranger|medium|\n|player|p2|Axe Garian|drayden|\n|teamsize|p1|6\n|teamsize|p2|6\n|gen|9\n|tier|[Gen 9] VGC 2023 Regulation C\n|rule|Species Clause: Limit one of each Pok\u00e9mon\n|rule|Item Clause: Limit one of each item\n|clearpoke\n|poke|p1|Grafaiai, L50, M|\n|poke|p1|Ting-Lu, L50|\n|poke|p1|Amoonguss, L50, M|\n|poke|p1|Pawmot, L50, M|\n|poke|p1|Garganacl, L50, M|\n|poke|p1|Lokix, L50, M|\n|poke|p2|Kilowattrel, L50, F|\n|poke|p2|Pelipper, L50, F|\n|poke|p2|Beartic, L50, M|\n|poke|p2|Klefki, L50, F|\n|poke|p2|Sandy Shocks, L50|\n|poke|p2|Wo-Chien, L50|\n|teampreview|4\n|\n|t:|1681954079\n|start\n|switch|p1a: ...Rocky|Garganacl, L50, M|100\/100\n|switch|p1b: Dr. Bullwinkle|Ting-Lu, L50|100\/100\n|switch|p2a: Tropic Storm|Kilowattrel, L50, F|100\/100\n|switch|p2b: Beaky Build|Pelipper, L50, F|100\/100\n|-weather|RainDance|[from] ability: Drizzle|[of] p2b: Beaky Build\n|-ability|p1b: Dr. Bullwinkle|Vessel of Ruin\n|turn|1\n|\n|t:|1681954104\n|move|p2a: Tropic Storm|Weather Ball|p1b: Dr. Bullwinkle\n|-supereffective|p1b: Dr. Bullwinkle\n|-damage|p1b: Dr. Bullwinkle|49\/100\n|move|p2b: Beaky Build|Tailwind|p2b: Beaky Build\n|-sidestart|p2: Axe Garian|move: Tailwind\n|-start|p2a: Tropic Storm|Charge|Tailwind|[from] ability: Wind Power\n|move|p1a: ...Rocky|Salt Cure|p2a: Tropic Storm\n|-supereffective|p2a: Tropic Storm\n|-damage|p2a: Tropic Storm|47\/100\n|-start|p2a: Tropic Storm|Salt Cure\n|move|p1b: Dr. Bullwinkle|Ruination|p2b: Beaky Build\n|-damage|p2b: Beaky Build|50\/100\n|\n|-weather|RainDance|[upkeep]\n|-damage|p2a: Tropic Storm|35\/100|[from] Salt Cure\n|upkeep\n|turn|2\n|\n|t:|1681954141\n|switch|p1b: Uncle Rocky|Grafaiai, L50, M|100\/100\n|move|p1a: ...Rocky|Protect|p1a: ...Rocky\n|-singleturn|p1a: ...Rocky|Protect\n|move|p2a: Tropic Storm|Weather Ball|p1b: Uncle Rocky\n|-damage|p1b: Uncle Rocky|41\/100\n|move|p2b: Beaky Build|Chilling Water|p1b: Uncle Rocky\n|-damage|p1b: Uncle Rocky|0 fnt\n|faint|p1b: Uncle Rocky\n|\n|-weather|RainDance|[upkeep]\n|-damage|p2a: Tropic Storm|22\/100|[from] Salt Cure\n|upkeep\n|\n|t:|1681954154\n|switch|p1b: Nurse Rocky|Pawmot, L50, M|100\/100\n|turn|3\n|\n|t:|1681954167\n|move|p1b: Nurse Rocky|Fake Out|p2a: Tropic Storm\n|-damage|p2a: Tropic Storm|0 fnt\n|faint|p2a: Tropic Storm\n|move|p2b: Beaky Build|Hurricane|p1b: Nurse Rocky\n|-damage|p1b: Nurse Rocky|17\/100\n|move|p1a: ...Rocky|Salt Cure|p2b: Beaky Build\n|-supereffective|p2b: Beaky Build\n|-damage|p2b: Beaky Build|15\/100\n|-start|p2b: Beaky Build|Salt Cure\n|\n|-weather|RainDance|[upkeep]\n|-damage|p2b: Beaky Build|0 fnt|[from] Salt Cure\n|faint|p2b: Beaky Build\n|upkeep\n|\n|t:|1681954179\n|switch|p2a: Snotcicle|Beartic, L50, M, shiny|100\/100\n|switch|p2b: Snail Salt|Wo-Chien, L50|100\/100\n|-ability|p2b: Snail Salt|Tablets of Ruin\n|turn|4\n|\n|t:|1681954212\n|move|p2a: Snotcicle|Aqua Jet|p1b: Nurse Rocky\n|-damage|p1b: Nurse Rocky|0 fnt\n|faint|p1b: Nurse Rocky\n|move|p2b: Snail Salt|Energy Ball|p1a: ...Rocky\n|-supereffective|p1a: ...Rocky\n|-damage|p1a: ...Rocky|47\/100\n|move|p1a: ...Rocky|Salt Cure|p2b: Snail Salt\n|-damage|p2b: Snail Salt|87\/100\n|-start|p2b: Snail Salt|Salt Cure\n|\n|-weather|RainDance|[upkeep]\n|-heal|p1a: ...Rocky|53\/100|[from] item: Leftovers\n|-damage|p2b: Snail Salt|74\/100|[from] Salt Cure\n|-sideend|p2: Axe Garian|move: Tailwind\n|upkeep\n|\n|t:|1681954224\n|switch|p1b: Dr. Bullwinkle|Ting-Lu, L50|49\/100\n|-ability|p1b: Dr. Bullwinkle|Vessel of Ruin\n|turn|5\n|\n|t:|1681954241\n|move|p1b: Dr. Bullwinkle|Protect|p1b: Dr. Bullwinkle\n|-singleturn|p1b: Dr. Bullwinkle|Protect\n|move|p2a: Snotcicle|Icicle Crash|p1b: Dr. Bullwinkle\n|-activate|p1b: Dr. Bullwinkle|move: Protect\n|move|p2b: Snail Salt|Energy Ball|p1a: ...Rocky\n|-supereffective|p1a: ...Rocky\n|-damage|p1a: ...Rocky|15\/100\n|move|p1a: ...Rocky|Salt Cure|p2a: Snotcicle\n|-supereffective|p2a: Snotcicle\n|-damage|p2a: Snotcicle|76\/100\n|-start|p2a: Snotcicle|Salt Cure\n|\n|-weather|RainDance|[upkeep]\n|-heal|p1a: ...Rocky|20\/100|[from] item: Leftovers\n|-damage|p2a: Snotcicle|64\/100|[from] Salt Cure\n|-damage|p2b: Snail Salt|62\/100|[from] Salt Cure\n|upkeep\n|turn|6\n|\n|t:|1681954281\n|-terastallize|p1b: Dr. Bullwinkle|Steel\n|move|p2a: Snotcicle|Icicle Crash|p1b: Dr. Bullwinkle\n|-resisted|p1b: Dr. Bullwinkle\n|-damage|p1b: Dr. Bullwinkle|41\/100\n|move|p2b: Snail Salt|Energy Ball|p1a: ...Rocky\n|-supereffective|p1a: ...Rocky\n|-damage|p1a: ...Rocky|0 fnt\n|faint|p1a: ...Rocky\n|move|p1b: Dr. Bullwinkle|Fissure|p2a: Snotcicle|[miss]\n|-miss|p1b: Dr. Bullwinkle|p2a: Snotcicle\n|\n|-weather|RainDance|[upkeep]\n|-damage|p2a: Snotcicle|51\/100|[from] Salt Cure\n|-damage|p2b: Snail Salt|49\/100|[from] Salt Cure\n|upkeep\n|turn|7\n|\n|t:|1681954308\n|move|p1b: Dr. Bullwinkle|Protect|p1b: Dr. Bullwinkle\n|-singleturn|p1b: Dr. Bullwinkle|Protect\n|move|p2a: Snotcicle|Aqua Jet|p1b: Dr. Bullwinkle\n|-activate|p1b: Dr. Bullwinkle|move: Protect\n|move|p2b: Snail Salt|Dark Pulse|p1b: Dr. Bullwinkle\n|-activate|p1b: Dr. Bullwinkle|move: Protect\n|\n|-weather|RainDance|[upkeep]\n|-damage|p2a: Snotcicle|39\/100|[from] Salt Cure\n|-damage|p2b: Snail Salt|37\/100|[from] Salt Cure\n|upkeep\n|turn|8\n|\n|t:|1681954323\n|move|p2a: Snotcicle|Aqua Jet|p1b: Dr. Bullwinkle\n|-damage|p1b: Dr. Bullwinkle|33\/100\n|move|p2b: Snail Salt|Dark Pulse|p1b: Dr. Bullwinkle\n|-damage|p1b: Dr. Bullwinkle|10\/100\n|move|p1b: Dr. Bullwinkle|Fissure|p2b: Snail Salt\n|-damage|p2b: Snail Salt|0 fnt\n|faint|p2b: Snail Salt\n|-ohko\n|\n|-weather|none\n|-damage|p2a: Snotcicle|27\/100|[from] Salt Cure\n|upkeep\n|turn|9\n|\n|t:|1681954339\n|move|p1b: Dr. Bullwinkle|Protect|p1b: Dr. Bullwinkle\n|-singleturn|p1b: Dr. Bullwinkle|Protect\n|move|p2a: Snotcicle|Aqua Jet|p1b: Dr. Bullwinkle\n|-activate|p1b: Dr. Bullwinkle|move: Protect\n|\n|-damage|p2a: Snotcicle|15\/100|[from] Salt Cure\n|upkeep\n|turn|10\n|\n|t:|1681954349\n|move|p2a: Snotcicle|Aqua Jet|p1b: Dr. Bullwinkle\n|-damage|p1b: Dr. Bullwinkle|3\/100\n|move|p1b: Dr. Bullwinkle|Fissure|p2a: Snotcicle|[miss]\n|-miss|p1b: Dr. Bullwinkle|p2a: Snotcicle\n|\n|-damage|p2a: Snotcicle|2\/100|[from] Salt Cure\n|upkeep\n|turn|11\n|\n|t:|1681954356\n|move|p1b: Dr. Bullwinkle|Protect|p1b: Dr. Bullwinkle\n|-singleturn|p1b: Dr. Bullwinkle|Protect\n|move|p2a: Snotcicle|Aqua Jet|p1b: Dr. Bullwinkle\n|-activate|p1b: Dr. Bullwinkle|move: Protect\n|\n|-damage|p2a: Snotcicle|0 fnt|[from] Salt Cure\n|faint|p2a: Snotcicle\n|\n|win|TheKnownStranger\n|upkeep\n","uploadtime":1681954366,"views":9,"p1id":"theknownstranger","p2id":"axegarian","formatid":"gen9vgc2023regulationc","rating":0,"private":0,"password":""}