{"id":"gen9vgc2023regulationc-1860110705","p1":"buggytera","p2":"taterstotz","format":"[Gen 9] VGC 2023 Regulation C","log":"|j|\u2606buggytera\n|j|\u2606taterstotz\n|t:|1683596428\n|gametype|doubles\n|player|p1|buggytera|2|1153\n|player|p2|taterstotz|170|1157\n|teamsize|p1|6\n|teamsize|p2|6\n|gen|9\n|tier|[Gen 9] VGC 2023 Regulation C\n|rated|\n|rule|Species Clause: Limit one of each Pok\u00e9mon\n|rule|Item Clause: Limit one of each item\n|clearpoke\n|poke|p1|Annihilape, L50, M|\n|poke|p1|Iron Treads, L50|\n|poke|p1|Sylveon, L50, M|\n|poke|p1|Chien-Pao, L50|\n|poke|p1|Tatsugiri, L50, M|\n|poke|p1|Maushold-Four, L50|\n|poke|p2|Grafaiai, L50, M|\n|poke|p2|Maushold, L50|\n|poke|p2|Annihilape, L50, M|\n|poke|p2|Ting-Lu, L50|\n|poke|p2|Gyarados, L50, M|\n|poke|p2|Tyranitar, L50, F|\n|teampreview|4\n|inactive|Battle timer is ON: inactive players will automatically lose when time's up. (requested by taterstotz)\ntaterstotz has agreed to open team sheets.\n|\n|t:|1683596452\n|start\n|switch|p1a: Sylveon|Sylveon, L50, M|100\/100\n|switch|p1b: Chien-Pao|Chien-Pao, L50|100\/100\n|switch|p2a: Annihilape|Annihilape, L50, M|100\/100\n|switch|p2b: Maushold|Maushold, L50|100\/100\n|-ability|p1b: Chien-Pao|Sword of Ruin\n|turn|1\n|\n|t:|1683596473\n|-terastallize|p2a: Annihilape|Fire\n|move|p2b: Maushold|Protect|p2b: Maushold\n|-singleturn|p2b: Maushold|Protect\n|move|p1b: Chien-Pao|Sucker Punch||[still]\n|-fail|p1b: Chien-Pao\n|move|p2a: Annihilape|Bulk Up|p2a: Annihilape\n|-boost|p2a: Annihilape|atk|1\n|-boost|p2a: Annihilape|def|1\n|move|p1a: Sylveon|Dazzling Gleam|p2b: Maushold|[spread] p2a\n|-activate|p2b: Maushold|move: Protect\n|-resisted|p2a: Annihilape\n|-crit|p2a: Annihilape\n|-damage|p2a: Annihilape|90\/100\n|\n|-heal|p2a: Annihilape|96\/100|[from] item: Leftovers\n|upkeep\n|turn|2\n|inactive|buggytera has 30 seconds left.\n|inactive|buggytera has 20 seconds left.\n|\n|t:|1683596509\n|switch|p1a: Tatsugiri|Tatsugiri, L50, M|100\/100\n|move|p2b: Maushold|Follow Me|p2b: Maushold\n|-singleturn|p2b: Maushold|move: Follow Me\n|move|p1b: Chien-Pao|Sacred Sword|p2b: Maushold\n|-supereffective|p2b: Maushold\n|-damage|p2b: Maushold|0 fnt\n|faint|p2b: Maushold\n|-damage|p1b: Chien-Pao|91\/100|[from] item: Life Orb\n|move|p2a: Annihilape|Rage Fist|p1a: Tatsugiri\n|-damage|p1a: Tatsugiri|0 fnt\n|faint|p1a: Tatsugiri\n|\n|-heal|p2a: Annihilape|100\/100|[from] item: Leftovers\n|upkeep\n|\n|t:|1683596527\n|switch|p2b: Grafaiai|Grafaiai, L50, M|100\/100\n|switch|p1a: Annihilape|Annihilape, L50, M|100\/100\n|turn|3\n|\n|t:|1683596545\n|-terastallize|p1a: Annihilape|Fire\n|move|p2b: Grafaiai|Taunt|p1a: Annihilape\n|-start|p1a: Annihilape|move: Taunt\n|move|p1b: Chien-Pao|Haze|p1b: Chien-Pao\n|-clearallboost\n|cant|p1a: Annihilape|move: Taunt|Bulk Up\n|move|p2a: Annihilape|Drain Punch|p1b: Chien-Pao\n|-supereffective|p1b: Chien-Pao\n|-damage|p1b: Chien-Pao|0 fnt\n|faint|p1b: Chien-Pao\n|\n|upkeep\n|\n|t:|1683596557\n|switch|p1b: Sylveon|Sylveon, L50, M|100\/100\n|turn|4\n|\n|t:|1683596579\n|move|p2b: Grafaiai|Parting Shot|p1b: Sylveon\n|-unboost|p1b: Sylveon|atk|1\n|-unboost|p1b: Sylveon|spa|1\n|\n|t:|1683596581\n|switch|p2b: Ting-Lu|Ting-Lu, L50|100\/100|[from] Parting Shot\n|-ability|p2b: Ting-Lu|Vessel of Ruin\n|move|p1a: Annihilape|Drain Punch|p2b: Ting-Lu\n|-supereffective|p2b: Ting-Lu\n|-damage|p2b: Ting-Lu|61\/100\n|move|p2a: Annihilape|Bulk Up|p2a: Annihilape\n|-boost|p2a: Annihilape|atk|1\n|-boost|p2a: Annihilape|def|1\n|move|p1b: Sylveon|Calm Mind|p1b: Sylveon\n|-boost|p1b: Sylveon|spa|1\n|-boost|p1b: Sylveon|spd|1\n|\n|upkeep\n|turn|5\n|\n|t:|1683596605\n|switch|p2b: Grafaiai|Grafaiai, L50, M|100\/100\n|move|p1a: Annihilape|Drain Punch|p2b: Grafaiai\n|-damage|p2b: Grafaiai|56\/100\n|move|p2a: Annihilape|Rage Fist|p1b: Sylveon\n|-damage|p1b: Sylveon|8\/100\n|-enditem|p1b: Sylveon|Sitrus Berry|[eat]\n|-heal|p1b: Sylveon|33\/100|[from] item: Sitrus Berry\n|move|p1b: Sylveon|Dazzling Gleam|p2b: Grafaiai|[spread] p2a,p2b\n|-resisted|p2a: Annihilape\n|-resisted|p2b: Grafaiai\n|-damage|p2a: Annihilape|90\/100\n|-damage|p2b: Grafaiai|45\/100\n|\n|-heal|p2a: Annihilape|96\/100|[from] item: Leftovers\n|-end|p1a: Annihilape|move: Taunt\n|upkeep\n|turn|6\n|\n|t:|1683596624\n|move|p1b: Sylveon|Protect|p1b: Sylveon\n|-singleturn|p1b: Sylveon|Protect\n|move|p2b: Grafaiai|Taunt|p1a: Annihilape\n|-start|p1a: Annihilape|move: Taunt\n|move|p1a: Annihilape|Drain Punch|p2b: Grafaiai\n|-damage|p2b: Grafaiai|4\/100\n|move|p2a: Annihilape|Rage Fist|p1b: Sylveon\n|-activate|p1b: Sylveon|move: Protect\n|\n|-heal|p2a: Annihilape|100\/100|[from] item: Leftovers\n|upkeep\n|turn|7\n|inactive|buggytera has 30 seconds left.\n|\n|t:|1683596649\n|move|p2b: Grafaiai|Parting Shot|p1b: Sylveon\n|-unboost|p1b: Sylveon|atk|1\n|-unboost|p1b: Sylveon|spa|1\n|\n|t:|1683596652\n|switch|p2b: Ting-Lu|Ting-Lu, L50|61\/100|[from] Parting Shot\n|-ability|p2b: Ting-Lu|Vessel of Ruin\n|move|p1a: Annihilape|Drain Punch|p2b: Ting-Lu\n|-supereffective|p2b: Ting-Lu\n|-damage|p2b: Ting-Lu|22\/100\n|move|p2a: Annihilape|Rage Fist|p1b: Sylveon\n|-damage|p1b: Sylveon|0 fnt\n|faint|p1b: Sylveon\n|\n|upkeep\n|turn|8\n|\n|t:|1683596666\n|switch|p2b: Grafaiai|Grafaiai, L50, M|4\/100\n|move|p1a: Annihilape|Drain Punch|p2b: Grafaiai\n|-damage|p2b: Grafaiai|0 fnt\n|faint|p2b: Grafaiai\n|move|p2a: Annihilape|Bulk Up|p2a: Annihilape\n|-boost|p2a: Annihilape|atk|1\n|-boost|p2a: Annihilape|def|1\n|\n|-end|p1a: Annihilape|move: Taunt\n|upkeep\n|\n|t:|1683596671\n|switch|p2b: Ting-Lu|Ting-Lu, L50|22\/100\n|-ability|p2b: Ting-Lu|Vessel of Ruin\n|turn|9\n|\n|t:|1683596682\n|move|p1a: Annihilape|Drain Punch|p2b: Ting-Lu\n|-supereffective|p2b: Ting-Lu\n|-damage|p2b: Ting-Lu|0 fnt\n|faint|p2b: Ting-Lu\n|move|p2a: Annihilape|Rage Fist|p1a: Annihilape\n|-damage|p1a: Annihilape|0 fnt\n|faint|p1a: Annihilape\n|\n|win|taterstotz\n|raw|buggytera's rating: 1153 → 1128<\/strong> (-25 for losing)\n|raw|taterstotz's rating: 1157 → 1182<\/strong> (+25 for winning)\n","uploadtime":1683596692,"views":13,"p1id":"buggytera","p2id":"taterstotz","formatid":"gen9vgc2023regulationc","rating":1128,"private":0,"password":""}