{"id":"gen9vgc2023regulationc-1851245258","p1":"Dynamic29_VGC","p2":"VGC Bug Catcher","format":"[Gen 9] VGC 2023 Regulation C","log":"|j|\u2606Dynamic29_VGC\n|j|\u2606VGC Bug Catcher\n|t:|1682429020\n|gametype|doubles\n|player|p1|Dynamic29_VGC|102|1151\n|player|p2|VGC Bug Catcher|bugcatcher-gen4dp|1084\n|teamsize|p1|6\n|teamsize|p2|6\n|gen|9\n|tier|[Gen 9] VGC 2023 Regulation C\n|rated|\n|rule|Species Clause: Limit one of each Pok\u00e9mon\n|rule|Item Clause: Limit one of each item\n|clearpoke\n|poke|p1|Lycanroc-Dusk, L50, F|\n|poke|p1|Clawitzer, L50, M|\n|poke|p1|Meowscarada, L50, F|\n|poke|p1|Flutter Mane, L50|\n|poke|p1|Ting-Lu, L50|\n|poke|p1|Dragonite, L50, M|\n|poke|p2|Vivillon-Fancy, L50, M|\n|poke|p2|Volcarona, L50, M|\n|poke|p2|Slither Wing, L50|\n|poke|p2|Masquerain, L50, M|\n|poke|p2|Scizor, L50, M|\n|poke|p2|Forretress, L50, F|\n|teampreview|4\n|inactive|Battle timer is ON: inactive players will automatically lose when time's up. (requested by Dynamic29_VGC)\n|c|\u2606Dynamic29_VGC|respect it\n|\n|t:|1682429042\n|start\n|switch|p1a: Lycanroc|Lycanroc-Dusk, L50, F|100\/100\n|switch|p1b: Flutter Mane|Flutter Mane, L50|100\/100\n|switch|p2a: Mondo Drag|Slither Wing, L50|100\/100\n|switch|p2b: Anavae|Vivillon-Fancy, L50, M, shiny|100\/100\n|-enditem|p1b: Flutter Mane|Booster Energy\n|-activate|p1b: Flutter Mane|ability: Protosynthesis|[fromitem]\n|-start|p1b: Flutter Mane|protosynthesisspe\n|-enditem|p2a: Mondo Drag|Booster Energy\n|-activate|p2a: Mondo Drag|ability: Protosynthesis|[fromitem]\n|-start|p2a: Mondo Drag|protosynthesisatk\n|turn|1\n|inactive|VGC Bug Catcher has 30 seconds left.\n|\n|t:|1682429072\n|move|p2a: Mondo Drag|First Impression|p1b: Flutter Mane\n|-resisted|p1b: Flutter Mane\n|-damage|p1b: Flutter Mane|61\/100\n|move|p1b: Flutter Mane|Moonblast|p2a: Mondo Drag\n|-supereffective|p2a: Mondo Drag\n|-damage|p2a: Mondo Drag|28\/100\n|move|p1a: Lycanroc|Fire Fang|p2a: Mondo Drag\n|-supereffective|p2a: Mondo Drag\n|-damage|p2a: Mondo Drag|0 fnt\n|faint|p2a: Mondo Drag\n|-end|p2a: Mondo Drag|Protosynthesis|[silent]\n|move|p2b: Anavae|Sleep Powder|p1a: Lycanroc\n|-status|p1a: Lycanroc|slp|[from] move: Sleep Powder\n|\n|upkeep\n|\n|t:|1682429088\n|switch|p2a: Iris|Volcarona, L50, M, shiny|100\/100\n|turn|2\n|\n|t:|1682429110\n|-terastallize|p2a: Iris|Fire\n|move|p1b: Flutter Mane|Moonblast|p2b: Anavae\n|-damage|p2b: Anavae|14\/100\n|cant|p1a: Lycanroc|slp\n|move|p2b: Anavae|Sleep Powder|p1b: Flutter Mane\n|-status|p1b: Flutter Mane|slp|[from] move: Sleep Powder\n|move|p2a: Iris|Quiver Dance|p2a: Iris\n|-boost|p2a: Iris|spa|1\n|-boost|p2a: Iris|spd|1\n|-boost|p2a: Iris|spe|1\n|\n|upkeep\n|turn|3\n|\n|t:|1682429126\n|move|p2b: Anavae|Rage Powder|p2b: Anavae\n|-singleturn|p2b: Anavae|move: Rage Powder\n|cant|p1b: Flutter Mane|slp\n|move|p2a: Iris|Quiver Dance|p2a: Iris\n|-boost|p2a: Iris|spa|1\n|-boost|p2a: Iris|spd|1\n|-boost|p2a: Iris|spe|1\n|cant|p1a: Lycanroc|slp\n|\n|upkeep\n|turn|4\n|\n|t:|1682429143\n|cant|p1b: Flutter Mane|slp\n|move|p2a: Iris|Giga Drain|p1a: Lycanroc\n|-supereffective|p1a: Lycanroc\n|-damage|p1a: Lycanroc|0 fnt\n|faint|p1a: Lycanroc\n|move|p2b: Anavae|Sleep Powder|p1b: Flutter Mane\n|-fail|p1b: Flutter Mane|slp\n|\n|upkeep\n|\n|t:|1682429152\n|switch|p1a: Clawitzer|Clawitzer, L50, M|100\/100\n|turn|5\n|\n|t:|1682429161\n|move|p1a: Clawitzer|Protect|p1a: Clawitzer\n|-singleturn|p1a: Clawitzer|Protect\n|move|p2b: Anavae|Rage Powder|p2b: Anavae\n|-singleturn|p2b: Anavae|move: Rage Powder\n|-curestatus|p1b: Flutter Mane|slp|[msg]\n|move|p1b: Flutter Mane|Shadow Ball|p2b: Anavae\n|-damage|p2b: Anavae|0 fnt\n|faint|p2b: Anavae\n|move|p2a: Iris|Giga Drain|p1a: Clawitzer\n|-activate|p1a: Clawitzer|move: Protect\n|\n|upkeep\n|\n|t:|1682429173\n|switch|p2b: Oasis|Masquerain, L50, M, shiny|100\/100\n|-ability|p2b: Oasis|Intimidate|boost\n|-unboost|p1a: Clawitzer|atk|1\n|-unboost|p1b: Flutter Mane|atk|1\n|turn|6\n|\n|t:|1682429186\n|-terastallize|p1a: Clawitzer|Ice\n|move|p2b: Oasis|Helping Hand|p2a: Iris\n|-singleturn|p2a: Iris|Helping Hand|[of] p2b: Oasis\n|move|p1b: Flutter Mane|Shadow Ball|p2a: Iris\n|-damage|p2a: Iris|76\/100\n|move|p2a: Iris|Heat Wave|p1a: Clawitzer|[spread] p1a,p1b\n|-supereffective|p1a: Clawitzer\n|-damage|p1a: Clawitzer|0 fnt\n|-damage|p1b: Flutter Mane|0 fnt\n|faint|p1a: Clawitzer\n|faint|p1b: Flutter Mane\n|-end|p1b: Flutter Mane|Protosynthesis|[silent]\n|\n|upkeep\n|\n|t:|1682429195\n|switch|p1b: Dragonite|Dragonite, L50, M|100\/100\n|turn|7\n|\n|t:|1682429206\n|move|p2b: Oasis|Aqua Jet|p2a: Iris\n|-supereffective|p2a: Iris\n|-damage|p2a: Iris|59\/100\n|-status|p2b: Oasis|brn|[from] ability: Flame Body|[of] p2a: Iris\n|-enditem|p2a: Iris|Weakness Policy\n|-boost|p2a: Iris|atk|2|[from] item: Weakness Policy\n|-boost|p2a: Iris|spa|2|[from] item: Weakness Policy\n|move|p2a: Iris|Giga Drain|p1b: Dragonite\n|-resisted|p1b: Dragonite\n|-damage|p1b: Dragonite|94\/100\n|-heal|p2a: Iris|63\/100|[from] drain|[of] p1b: Dragonite\n|move|p1b: Dragonite|Dragon Claw|p2a: Iris\n|-damage|p2a: Iris|5\/100\n|-status|p1b: Dragonite|brn|[from] ability: Flame Body|[of] p2a: Iris\n|-enditem|p1b: Dragonite|Lum Berry|[eat]\n|-curestatus|p1b: Dragonite|brn|[msg]\n|\n|-damage|p2b: Oasis|94\/100 brn|[from] brn\n|upkeep\n|turn|8\n|\n|t:|1682429230\n|move|p2a: Iris|Protect|p2a: Iris\n|-singleturn|p2a: Iris|Protect\n|move|p1b: Dragonite|Extreme Speed|p2a: Iris\n|-activate|p2a: Iris|move: Protect\n|move|p2b: Oasis|Air Slash|p1b: Dragonite|[miss]\n|-miss|p2b: Oasis|p1b: Dragonite\n|\n|-damage|p2b: Oasis|88\/100 brn|[from] brn\n|upkeep\n|turn|9\n|\n|t:|1682429247\n|move|p1b: Dragonite|Extreme Speed|p2a: Iris\n|-damage|p2a: Iris|0 fnt\n|faint|p2a: Iris\n|move|p2b: Oasis|Tailwind|p2b: Oasis\n|-sidestart|p2: VGC Bug Catcher|move: Tailwind\n|\n|-damage|p2b: Oasis|82\/100 brn|[from] brn\n|upkeep\n|turn|10\n|\n|t:|1682429256\n|move|p2b: Oasis|Air Slash|p1b: Dragonite\n|-damage|p1b: Dragonite|73\/100\n|cant|p1b: Dragonite|flinch\n|\n|-damage|p2b: Oasis|76\/100 brn|[from] brn\n|upkeep\n|turn|11\n|\n|t:|1682429265\n|move|p2b: Oasis|Air Slash|p1b: Dragonite\n|-damage|p1b: Dragonite|51\/100\n|cant|p1b: Dragonite|flinch\n|\n|-damage|p2b: Oasis|70\/100 brn|[from] brn\n|upkeep\n|turn|12\n|\n|t:|1682429273\n|move|p2b: Oasis|Air Slash|p1b: Dragonite\n|-damage|p1b: Dragonite|28\/100\n|cant|p1b: Dragonite|flinch\n|\n|-damage|p2b: Oasis|64\/100 brn|[from] brn\n|-sideend|p2: VGC Bug Catcher|move: Tailwind\n|upkeep\n|turn|13\n|c|\u2606Dynamic29_VGC|nooo\n|\n|t:|1682429282\n|move|p2b: Oasis|Air Slash|p1b: Dragonite\n|-damage|p1b: Dragonite|8\/100\n|cant|p1b: Dragonite|flinch\n|\n|-damage|p2b: Oasis|57\/100 brn|[from] brn\n|upkeep\n|turn|14\n|c|\u2606Dynamic29_VGC|wwwwhattt\n|\n|t:|1682429291\n|move|p2b: Oasis|Air Slash|p1b: Dragonite\n|-damage|p1b: Dragonite|0 fnt\n|faint|p1b: Dragonite\n|\n|win|VGC Bug Catcher\n|raw|Dynamic29_VGC's rating: 1151 → 1121<\/strong> (-30 for losing)\n|raw|VGC Bug Catcher's rating: 1084 → 1117<\/strong> (+33 for winning)\n|c|\u2606VGC Bug Catcher|Wow\n|c|\u2606VGC Bug Catcher|That was my only win con\n|c|\u2606Dynamic29_VGC|holy\n|c|\u2606Dynamic29_VGC|gg\n|c|\u2606VGC Bug Catcher|Gg\n|l|\u2606Dynamic29_VGC\n","uploadtime":1682429324,"views":14,"p1id":"dynamic29vgc","p2id":"vgcbugcatcher","formatid":"gen9vgc2023regulationc","rating":1117,"private":0,"password":""}