{"id":"gen9vgc2023regulationc-1862016028","p1":"Arcacagne","p2":"Omack20","format":"[Gen 9] VGC 2023 Regulation C","log":"|j|\u2606Arcacagne\n|j|\u2606Omack20\n|t:|1683829046\n|gametype|doubles\n|player|p1|Arcacagne|102|1288\n|player|p2|Omack20|hilbert|1284\n|teamsize|p1|6\n|teamsize|p2|6\n|gen|9\n|tier|[Gen 9] VGC 2023 Regulation C\n|rated|\n|rule|Species Clause: Limit one of each Pok\u00e9mon\n|rule|Item Clause: Limit one of each item\n|clearpoke\n|poke|p1|Chi-Yu, L50|\n|poke|p1|Flutter Mane, L50|\n|poke|p1|Amoonguss, L50, F|\n|poke|p1|Ting-Lu, L50|\n|poke|p1|Iron Hands, L50|\n|poke|p1|Gyarados, L50, F|\n|poke|p2|Ting-Lu, L50|\n|poke|p2|Scizor, L50, M|\n|poke|p2|Glimmora, L50, F|\n|poke|p2|Ceruledge, L50, M|\n|poke|p2|Rotom-Wash, L50|\n|poke|p2|Wo-Chien, L50|\n|teampreview|4\n|inactive|Battle timer is ON: inactive players will automatically lose when time's up. (requested by Omack20)\n|inactive|Arcacagne has 60 seconds left.\n|inactive|Omack20 has 60 seconds left.\n|\n|t:|1683829093\n|start\n|switch|p1a: Ting-Lu|Ting-Lu, L50|100\/100\n|switch|p1b: Iron Hands|Iron Hands, L50|100\/100\n|switch|p2a: Ting-Lu|Ting-Lu, L50|100\/100\n|switch|p2b: Glimmora|Glimmora, L50, F|100\/100\n|-ability|p1a: Ting-Lu|Vessel of Ruin\n|-ability|p2a: Ting-Lu|Vessel of Ruin\n|turn|1\n|inactive|Arcacagne has 30 seconds left.\n|\n|t:|1683829119\n|-terastallize|p2b: Glimmora|Flying\n|move|p2b: Glimmora|Mortal Spin|p1a: Ting-Lu|[spread] p1a,p1b\n|-resisted|p1a: Ting-Lu\n|-damage|p1a: Ting-Lu|99\/100\n|-damage|p1b: Iron Hands|97\/100\n|-status|p1a: Ting-Lu|psn\n|-status|p1b: Iron Hands|psn\n|-enditem|p1b: Iron Hands|Lum Berry|[eat]\n|-curestatus|p1b: Iron Hands|psn|[msg]\n|move|p1a: Ting-Lu|Stomping Tantrum|p2b: Glimmora\n|-immune|p2b: Glimmora\n|move|p1b: Iron Hands|Drain Punch|p2a: Ting-Lu\n|-supereffective|p2a: Ting-Lu\n|-damage|p2a: Ting-Lu|57\/100\n|-heal|p1b: Iron Hands|100\/100|[from] drain|[of] p2a: Ting-Lu\n|move|p2a: Ting-Lu|Stomping Tantrum|p1b: Iron Hands\n|-supereffective|p1b: Iron Hands\n|-damage|p1b: Iron Hands|62\/100\n|\n|-heal|p2a: Ting-Lu|63\/100|[from] item: Leftovers\n|-damage|p1a: Ting-Lu|87\/100 psn|[from] psn\n|upkeep\n|turn|2\n|inactive|Arcacagne has 30 seconds left.\n|inactive|Omack20 has 30 seconds left.\n|inactive|Arcacagne has 20 seconds left.\n|inactive|Arcacagne has 15 seconds left.\n|\n|t:|1683829161\n|switch|p2b: Rotom|Rotom-Wash, L50|100\/100\n|switch|p1a: Flutter Mane|Flutter Mane, L50|100\/100\n|-enditem|p1a: Flutter Mane|Booster Energy\n|-activate|p1a: Flutter Mane|ability: Protosynthesis|[fromitem]\n|-start|p1a: Flutter Mane|protosynthesisspe\n|move|p1b: Iron Hands|Swords Dance|p1b: Iron Hands\n|-boost|p1b: Iron Hands|atk|2\n|move|p2a: Ting-Lu|Fissure|p1a: Flutter Mane|[miss]\n|-miss|p2a: Ting-Lu|p1a: Flutter Mane\n|\n|-heal|p2a: Ting-Lu|69\/100|[from] item: Leftovers\n|upkeep\n|turn|3\n|inactive|Arcacagne has 30 seconds left.\n|inactive|Arcacagne has 20 seconds left.\n|\n|t:|1683829197\n|move|p1a: Flutter Mane|Dazzling Gleam|p2a: Ting-Lu|[spread] p2a,p2b\n|-supereffective|p2a: Ting-Lu\n|-damage|p2a: Ting-Lu|44\/100\n|-damage|p2b: Rotom|79\/100\n|move|p2b: Rotom|Will-O-Wisp|p1b: Iron Hands\n|-status|p1b: Iron Hands|brn\n|move|p1b: Iron Hands|Drain Punch|p2b: Rotom\n|-damage|p2b: Rotom|44\/100\n|-heal|p1b: Iron Hands|73\/100 brn|[from] drain|[of] p2b: Rotom\n|-damage|p1b: Iron Hands|57\/100 brn|[from] item: Rocky Helmet|[of] p2b: Rotom\n|move|p2a: Ting-Lu|Stomping Tantrum|p1a: Flutter Mane\n|-damage|p1a: Flutter Mane|2\/100\n|\n|-heal|p2a: Ting-Lu|50\/100|[from] item: Leftovers\n|-damage|p1b: Iron Hands|51\/100 brn|[from] brn\n|upkeep\n|turn|4\n|inactive|Omack20 has 30 seconds left.\n|\n|t:|1683829223\n|move|p2b: Rotom|Protect|p2b: Rotom\n|-singleturn|p2b: Rotom|Protect\n|move|p2a: Ting-Lu|Protect|p2a: Ting-Lu\n|-singleturn|p2a: Ting-Lu|Protect\n|move|p1a: Flutter Mane|Shadow Ball|p2b: Rotom\n|-activate|p2b: Rotom|move: Protect\n|move|p1b: Iron Hands|Swords Dance|p1b: Iron Hands\n|-boost|p1b: Iron Hands|atk|2\n|\n|-heal|p2a: Ting-Lu|56\/100|[from] item: Leftovers\n|-damage|p1b: Iron Hands|45\/100 brn|[from] brn\n|upkeep\n|turn|5\n|\n|t:|1683829241\n|move|p1a: Flutter Mane|Shadow Ball|p2b: Rotom\n|-damage|p2b: Rotom|17\/100\n|move|p2b: Rotom|Thunderbolt|p1b: Iron Hands\n|-resisted|p1b: Iron Hands\n|-damage|p1b: Iron Hands|35\/100 brn\n|move|p1b: Iron Hands|Drain Punch|p2a: Ting-Lu\n|-supereffective|p2a: Ting-Lu\n|-damage|p2a: Ting-Lu|0 fnt\n|-heal|p1b: Iron Hands|63\/100 brn|[from] drain|[of] p2a: Ting-Lu\n|faint|p2a: Ting-Lu\n|\n|-damage|p1b: Iron Hands|57\/100 brn|[from] brn\n|upkeep\n|\n|t:|1683829259\n|switch|p2a: Ceruledge|Ceruledge, L50, M|100\/100\n|turn|6\n|\n|t:|1683829271\n|-end|p1a: Flutter Mane|Protosynthesis|[silent]\n|switch|p1a: Ting-Lu|Ting-Lu, L50|87\/100 psn\n|-ability|p1a: Ting-Lu|Vessel of Ruin\n|move|p2a: Ceruledge|Swords Dance|p2a: Ceruledge\n|-boost|p2a: Ceruledge|atk|2\n|move|p2b: Rotom|Thunderbolt|p1a: Ting-Lu\n|-immune|p1a: Ting-Lu\n|move|p1b: Iron Hands|Drain Punch|p2b: Rotom\n|-damage|p2b: Rotom|0 fnt\n|-heal|p1b: Iron Hands|63\/100 brn|[from] drain|[of] p2b: Rotom\n|-damage|p1b: Iron Hands|46\/100 brn|[from] item: Rocky Helmet|[of] p2b: Rotom\n|faint|p2b: Rotom\n|\n|-damage|p1a: Ting-Lu|75\/100 psn|[from] psn\n|-damage|p1b: Iron Hands|40\/100 brn|[from] brn\n|upkeep\n|\n|t:|1683829287\n|switch|p2b: Glimmora|Glimmora, L50, F, tera:Flying|100\/100\n|turn|7\n|\n|t:|1683829304\n|move|p2a: Ceruledge|Bitter Blade|p1b: Iron Hands\n|-damage|p1b: Iron Hands|0 fnt\n|faint|p1b: Iron Hands\n|-end|p1b: Iron Hands|Quark Drive|[silent]\n|move|p2b: Glimmora|Tera Blast|p1a: Ting-Lu\n|-damage|p1a: Ting-Lu|51\/100 psn\n|move|p1a: Ting-Lu|Stomping Tantrum|p2a: Ceruledge\n|-supereffective|p2a: Ceruledge\n|-enditem|p2a: Ceruledge|Focus Sash\n|-damage|p2a: Ceruledge|1\/100\n|\n|-damage|p1a: Ting-Lu|39\/100 psn|[from] psn\n|upkeep\n|\n|t:|1683829318\n|switch|p1b: Flutter Mane|Flutter Mane, L50|2\/100\n|turn|8\n|\n|t:|1683829330\n|move|p1b: Flutter Mane|Protect|p1b: Flutter Mane\n|-singleturn|p1b: Flutter Mane|Protect\n|move|p2a: Ceruledge|Protect|p2a: Ceruledge\n|-singleturn|p2a: Ceruledge|Protect\n|move|p2b: Glimmora|Mortal Spin|p1a: Ting-Lu|[spread] p1a\n|-activate|p1b: Flutter Mane|move: Protect\n|-resisted|p1a: Ting-Lu\n|-damage|p1a: Ting-Lu|38\/100 psn\n|move|p1a: Ting-Lu|Stomping Tantrum|p2a: Ceruledge\n|-activate|p2a: Ceruledge|move: Protect\n|\n|-damage|p1a: Ting-Lu|26\/100 psn|[from] psn\n|upkeep\n|turn|9\n|\n|t:|1683829353\n|move|p2a: Ceruledge|Shadow Sneak|p1b: Flutter Mane\n|-supereffective|p1b: Flutter Mane\n|-damage|p1b: Flutter Mane|0 fnt\n|faint|p1b: Flutter Mane\n|-end|p1b: Flutter Mane|Protosynthesis|[silent]\n|move|p2b: Glimmora|Tera Blast|p1a: Ting-Lu\n|-damage|p1a: Ting-Lu|1\/100 psn\n|move|p1a: Ting-Lu|Stomping Tantrum|p2a: Ceruledge\n|-supereffective|p2a: Ceruledge\n|-damage|p2a: Ceruledge|0 fnt\n|faint|p2a: Ceruledge\n|\n|-damage|p1a: Ting-Lu|0 fnt|[from] psn\n|faint|p1a: Ting-Lu\n|upkeep\n|\n|t:|1683829365\n|switch|p1b: Chi-Yu|Chi-Yu, L50|100\/100\n|-ability|p1b: Chi-Yu|Beads of Ruin\n|turn|10\n|\n|t:|1683829378\n|move|p1b: Chi-Yu|Overheat|p2b: Glimmora\n|-damage|p2b: Glimmora|34\/100\n|-unboost|p1b: Chi-Yu|spa|2\n|move|p2b: Glimmora|Power Gem|p1b: Chi-Yu\n|-supereffective|p1b: Chi-Yu\n|-damage|p1b: Chi-Yu|4\/100\n|\n|upkeep\n|turn|11\n|\n|t:|1683829389\n|move|p1b: Chi-Yu|Overheat|p2b: Glimmora|[miss]\n|-miss|p1b: Chi-Yu|p2b: Glimmora\n|move|p2b: Glimmora|Power Gem|p1b: Chi-Yu\n|-supereffective|p1b: Chi-Yu\n|-damage|p1b: Chi-Yu|0 fnt\n|faint|p1b: Chi-Yu\n|\n|win|Omack20\n|raw|Arcacagne's rating: 1288 → 1263<\/strong> (-25 for losing)\n|raw|Omack20's rating: 1284 → 1309<\/strong> (+25 for winning)\n","uploadtime":1683829399,"views":17,"p1id":"arcacagne","p2id":"omack20","formatid":"gen9vgc2023regulationc","rating":1263,"private":0,"password":""}