{"id":"gen9vgc2023regulationc-1846789553","p1":"Crest of Thunders","p2":"Pyte 17","format":"[Gen 9] VGC 2023 Regulation C","log":"|j|\u2606Crest of Thunders\n|j|\u2606Pyte 17\n|t:|1681879663\n|gametype|doubles\n|player|p1|Crest of Thunders|barry|1332\n|player|p2|Pyte 17|102|1410\n|teamsize|p1|6\n|teamsize|p2|6\n|gen|9\n|tier|[Gen 9] VGC 2023 Regulation C\n|rated|\n|rule|Species Clause: Limit one of each Pok\u00e9mon\n|rule|Item Clause: Limit one of each item\n|clearpoke\n|poke|p1|Iron Hands, L50|\n|poke|p1|Arcanine, L50, M|\n|poke|p1|Ting-Lu, L50|\n|poke|p1|Flutter Mane, L50|\n|poke|p1|Iron Bundle, L50|\n|poke|p1|Amoonguss, L50, F|\n|poke|p2|Talonflame, L50, F|\n|poke|p2|Corviknight, L50, F|\n|poke|p2|Azumarill, L50, F|\n|poke|p2|Iron Hands, L50|\n|poke|p2|Scream Tail, L50|\n|poke|p2|Amoonguss, L50, F|\n|teampreview|4\n|c|\u2606Crest of Thunders|glhf\n|inactive|Battle timer is ON: inactive players will automatically lose when time's up. (requested by Crest of Thunders)\nCrest of Thunders has agreed to open team sheets.\nPyte 17 has agreed to open team sheets.\n|inactive|Crest of Thunders has 60 seconds left.\n|inactive|Pyte 17 has 60 seconds left.\n|\n|t:|1681879721\n|start\n|switch|p1a: 5A1NT_N1K|Iron Bundle, L50|100\/100\n|switch|p1b: Claude|Ting-Lu, L50|100\/100\n|switch|p2a: Talonflame|Talonflame, L50, F|100\/100\n|switch|p2b: Corviknight|Corviknight, L50, F|100\/100\n|-ability|p1b: Claude|Vessel of Ruin\n|-enditem|p1a: 5A1NT_N1K|Booster Energy\n|-activate|p1a: 5A1NT_N1K|ability: Quark Drive|[fromitem]\n|-start|p1a: 5A1NT_N1K|quarkdrivespe\n|turn|1\n|inactive|Crest of Thunders has 30 seconds left.\n|inactive|Pyte 17 has 30 seconds left.\n|inactive|Crest of Thunders has 20 seconds left.\n|\n|t:|1681879757\n|move|p2a: Talonflame|Tailwind|p2a: Talonflame\n|-sidestart|p2: Pyte 17|move: Tailwind\n|move|p1a: 5A1NT_N1K|Icy Wind|p2b: Corviknight|[spread] p2a,p2b\n|-damage|p2a: Talonflame|79\/100\n|-damage|p2b: Corviknight|85\/100\n|-ability|p2b: Corviknight|Mirror Armor\n|-unboost|p1a: 5A1NT_N1K|spe|1\n|move|p2b: Corviknight|Brave Bird|p1a: 5A1NT_N1K\n|-damage|p1a: 5A1NT_N1K|38\/100\n|-damage|p2b: Corviknight|71\/100|[from] Recoil\n|move|p1b: Claude|Stone Edge|p2a: Talonflame\n|-supereffective|p2a: Talonflame\n|-damage|p2a: Talonflame|0 fnt\n|faint|p2a: Talonflame\n|\n|upkeep\n|inactive|Pyte 17 has 30 seconds left.\n|inactive|Pyte 17 has 20 seconds left.\n|inactive|Pyte 17 has 15 seconds left.\n|inactive|Pyte 17 has 10 seconds left.\n|\n|t:|1681879805\n|switch|p2a: Scream Tail|Scream Tail, L50|100\/100\n|-enditem|p2a: Scream Tail|Booster Energy\n|-activate|p2a: Scream Tail|ability: Protosynthesis|[fromitem]\n|-start|p2a: Scream Tail|protosynthesisspe\n|turn|2\n|\n|t:|1681879826\n|move|p2a: Scream Tail|Encore|p1b: Claude\n|-start|p1b: Claude|Encore\n|move|p2b: Corviknight|Brave Bird|p1a: 5A1NT_N1K\n|-damage|p1a: 5A1NT_N1K|0 fnt\n|faint|p1a: 5A1NT_N1K\n|-end|p1a: 5A1NT_N1K|Quark Drive|[silent]\n|-damage|p2b: Corviknight|63\/100|[from] Recoil\n|move|p1b: Claude|Stone Edge|p2a: Scream Tail\n|-damage|p2a: Scream Tail|75\/100\n|\n|upkeep\n|\n|t:|1681879838\n|switch|p1a: 5UM0|Iron Hands, L50|100\/100\n|turn|3\n|inactive|Crest of Thunders has 30 seconds left.\n|inactive|Pyte 17 has 30 seconds left.\n|\n|t:|1681879869\n|switch|p1b: Mellow|Amoonguss, L50, F|100\/100\n|move|p2a: Scream Tail|Protect|p2a: Scream Tail\n|-singleturn|p2a: Scream Tail|Protect\n|move|p2b: Corviknight|Protect|p2b: Corviknight\n|-singleturn|p2b: Corviknight|Protect\n|move|p1a: 5UM0|Swords Dance|p1a: 5UM0\n|-boost|p1a: 5UM0|atk|2\n|\n|upkeep\n|turn|4\n|inactive|Pyte 17 has 30 seconds left.\n|inactive|Pyte 17 has 20 seconds left.\n|inactive|Pyte 17 has 15 seconds left.\n|inactive|Pyte 17 has 10 seconds left.\n|\n|t:|1681879916\n|-terastallize|p2b: Corviknight|Fire\n|move|p1b: Mellow|Rage Powder|p1b: Mellow\n|-singleturn|p1b: Mellow|move: Rage Powder\n|move|p2a: Scream Tail|Encore|p1b: Mellow\n|-start|p1b: Mellow|Encore\n|move|p2b: Corviknight|Brave Bird|p1b: Mellow\n|-supereffective|p1b: Mellow\n|-damage|p1b: Mellow|13\/100\n|-enditem|p1b: Mellow|Aguav Berry|[eat]\n|-heal|p1b: Mellow|46\/100|[from] item: Aguav Berry\n|-damage|p2b: Corviknight|30\/100|[from] Recoil\n|-enditem|p2b: Corviknight|Sitrus Berry|[eat]\n|-heal|p2b: Corviknight|55\/100|[from] item: Sitrus Berry\n|move|p1a: 5UM0|Drain Punch|p2b: Corviknight\n|-damage|p2b: Corviknight|0 fnt\n|faint|p2b: Corviknight\n|\n|-sideend|p2: Pyte 17|move: Tailwind\n|upkeep\n|\n|t:|1681879932\n|switch|p2b: Iron Hands|Iron Hands, L50|100\/100\n|turn|5\n|inactive|Pyte 17 has 30 seconds left.\n|\n|t:|1681879961\n|move|p1b: Mellow|Rage Powder|p1b: Mellow\n|-singleturn|p1b: Mellow|move: Rage Powder\n|move|p2a: Scream Tail|Disable|p1b: Mellow\n|-start|p1b: Mellow|Disable|Rage Powder\n|move|p2b: Iron Hands|Swords Dance|p2b: Iron Hands\n|-boost|p2b: Iron Hands|atk|2\n|move|p1a: 5UM0|Wild Charge|p2a: Scream Tail\n|-damage|p2a: Scream Tail|0 fnt\n|faint|p2a: Scream Tail\n|-end|p2a: Scream Tail|Protosynthesis|[silent]\n|-damage|p1a: 5UM0|84\/100|[from] Recoil\n|\n|upkeep\n|turn|6\n|inactive|Pyte 17 has 30 seconds left.\n|inactive|Pyte 17 has 20 seconds left.\n|inactive|Pyte 17 has 15 seconds left.\n|\n|t:|1681880005\n|switch|p1b: Claude|Ting-Lu, L50|100\/100\n|-ability|p1b: Claude|Vessel of Ruin\n|move|p2b: Iron Hands|Swords Dance|p2b: Iron Hands\n|-boost|p2b: Iron Hands|atk|2\n|move|p1a: 5UM0|Drain Punch|p2b: Iron Hands\n|-damage|p2b: Iron Hands|45\/100\n|-heal|p1a: 5UM0|100\/100|[from] drain|[of] p2b: Iron Hands\n|\n|upkeep\n|turn|7\n|\n|t:|1681880020\n|move|p2b: Iron Hands|Drain Punch|p1a: 5UM0\n|-damage|p1a: 5UM0|32\/100\n|-heal|p2b: Iron Hands|80\/100|[from] drain|[of] p1a: 5UM0\n|-enditem|p1a: 5UM0|Sitrus Berry|[eat]\n|-heal|p1a: 5UM0|57\/100|[from] item: Sitrus Berry\n|move|p1a: 5UM0|Drain Punch|p2b: Iron Hands\n|-damage|p2b: Iron Hands|27\/100\n|-heal|p1a: 5UM0|83\/100|[from] drain|[of] p2b: Iron Hands\n|move|p1b: Claude|Stomping Tantrum|p2b: Iron Hands\n|-supereffective|p2b: Iron Hands\n|-damage|p2b: Iron Hands|0 fnt\n|faint|p2b: Iron Hands\n|-end|p2b: Iron Hands|Quark Drive|[silent]\n|\n|win|Crest of Thunders\n|raw|Crest of Thunders's rating: 1332 → 1356<\/strong> (+24 for winning)\n|raw|Pyte 17's rating: 1410 → 1386<\/strong> (-24 for losing)\n|c|\u2606Crest of Thunders|gg\n|l|\u2606Pyte 17\n","uploadtime":1681880051,"views":8,"p1id":"crestofthunders","p2id":"pyte17","formatid":"gen9vgc2023regulationc","rating":1356,"private":0,"password":""}