{"id":"gen9vgc2023regulationc-1856693716","p1":"Bdogplatinum","p2":"TheMismatcher","format":"[Gen 9] VGC 2023 Regulation C","log":"|j|\u2606Bdogplatinum\n|j|\u2606TheMismatcher\n|t:|1683095756\n|gametype|doubles\n|player|p1|Bdogplatinum|cress|\n|player|p2|TheMismatcher|102|\n|teamsize|p1|6\n|teamsize|p2|6\n|gen|9\n|tier|[Gen 9] VGC 2023 Regulation C\n|rule|Species Clause: Limit one of each Pok\u00e9mon\n|rule|Item Clause: Limit one of each item\n|clearpoke\n|poke|p1|Hatterene, L50, F|\n|poke|p1|Indeedee-F, L50, F|\n|poke|p1|Armarouge, L50, F|\n|poke|p1|Falinks, L50|\n|poke|p1|Eiscue, L50, F|\n|poke|p1|Dachsbun, L50, F|\n|poke|p2|Salamence, L50, M|\n|poke|p2|Toxicroak, L50, F|\n|poke|p2|Krookodile, L50, M|\n|poke|p2|Chien-Pao, L50|\n|poke|p2|Sylveon, L50, M|\n|poke|p2|Toedscool, L50, M|\n|teampreview|4\n|c|\u2606TheMismatcher|game 3\n|\n|t:|1683096821\n|start\n|switch|p1a: Hatterene|Hatterene, L50, F|100\/100\n|switch|p1b: Indeedee|Indeedee-F, L50, F|100\/100\n|switch|p2a: Chien-Pao|Chien-Pao, L50|100\/100\n|switch|p2b: Salamence|Salamence, L50, M|100\/100\n|-ability|p2a: Chien-Pao|Sword of Ruin\n|-ability|p2b: Salamence|Intimidate|boost\n|-unboost|p1a: Hatterene|atk|1\n|-unboost|p1b: Indeedee|atk|1\n|-fieldstart|move: Psychic Terrain|[from] ability: Psychic Surge|[of] p1b: Indeedee\n|turn|1\n|\n|t:|1683096854\n|switch|p2b: Toedscool|Toedscool, L50, M|100\/100\n|move|p1b: Indeedee|Follow Me|p1b: Indeedee\n|-singleturn|p1b: Indeedee|move: Follow Me\n|move|p2a: Chien-Pao|Snarl|p1b: Indeedee|[spread] p1a,p1b\n|-supereffective|p1b: Indeedee\n|-damage|p1a: Hatterene|86\/100\n|-damage|p1b: Indeedee|77\/100\n|-unboost|p1a: Hatterene|spa|1\n|-unboost|p1b: Indeedee|spa|1\n|move|p1a: Hatterene|Trick Room|p1a: Hatterene\n|-fieldstart|move: Trick Room|[of] p1a: Hatterene\n|\n|upkeep\n|turn|2\n|\n|t:|1683096897\n|move|p1b: Indeedee|Follow Me|p1b: Indeedee\n|-singleturn|p1b: Indeedee|move: Follow Me\n|move|p1a: Hatterene|Dazzling Gleam|p2b: Toedscool|[spread] p2a,p2b\n|-supereffective|p2a: Chien-Pao\n|-damage|p2a: Chien-Pao|35\/100\n|-damage|p2b: Toedscool|86\/100\n|move|p2a: Chien-Pao|Snarl|p1a: Hatterene|[spread] p1a,p1b\n|-supereffective|p1b: Indeedee\n|-damage|p1a: Hatterene|73\/100\n|-damage|p1b: Indeedee|50\/100\n|-unboost|p1a: Hatterene|spa|1\n|-unboost|p1b: Indeedee|spa|1\n|move|p2b: Toedscool|Trick Room|p2b: Toedscool\n|-fieldend|move: Trick Room\n|\n|upkeep\n|turn|3\n|\n|t:|1683096938\n|move|p2a: Chien-Pao|Throat Chop|p1b: Indeedee\n|-supereffective|p1b: Indeedee\n|-damage|p1b: Indeedee|0 fnt\n|faint|p1b: Indeedee\n|move|p1a: Hatterene|Dazzling Gleam|p2a: Chien-Pao|[spread] p2a,p2b\n|-supereffective|p2a: Chien-Pao\n|-damage|p2a: Chien-Pao|0 fnt\n|-damage|p2b: Toedscool|73\/100\n|faint|p2a: Chien-Pao\n|move|p2b: Toedscool|Spore|p1a: Hatterene\n|-status|p1a: Hatterene|slp|[from] move: Spore\n|\n|upkeep\n|\n|t:|1683096959\n|switch|p2a: Toxicroak|Toxicroak, L50, F|100\/100\n|switch|p1b: Eiscue|Eiscue, L50, F, shiny|100\/100\n|turn|4\n|\n|t:|1683096976\n|-terastallize|p2b: Toedscool|Water\n|-terastallize|p1a: Hatterene|Water\n|move|p2a: Toxicroak|Poison Jab|p1a: Hatterene\n|-damage|p1a: Hatterene|28\/100 slp\n|-enditem|p1a: Hatterene|Sitrus Berry|[eat]\n|-heal|p1a: Hatterene|53\/100 slp|[from] item: Sitrus Berry\n|-damage|p2a: Toxicroak|91\/100|[from] item: Life Orb\n|move|p1b: Eiscue|Icicle Crash|p2b: Toedscool\n|-resisted|p2b: Toedscool\n|-damage|p2b: Toedscool|53\/100\n|cant|p1a: Hatterene|slp\n|move|p2b: Toedscool|Spore|p1b: Eiscue\n|-status|p1b: Eiscue|slp|[from] move: Spore\n|\n|upkeep\n|turn|5\n|\n|t:|1683097013\n|switch|p2b: Salamence|Salamence, L50, M|100\/100\n|-ability|p2b: Salamence|Intimidate|boost\n|-unboost|p1a: Hatterene|atk|1\n|-unboost|p1b: Eiscue|atk|1\n|switch|p1a: Armarouge|Armarouge, L50, F|100\/100\n|move|p2a: Toxicroak|Close Combat|p1a: Armarouge\n|-resisted|p1a: Armarouge\n|-damage|p1a: Armarouge|64\/100\n|-unboost|p2a: Toxicroak|def|1\n|-unboost|p2a: Toxicroak|spd|1\n|-status|p1a: Armarouge|psn|[from] ability: Poison Touch|[of] p2a: Toxicroak\n|-damage|p2a: Toxicroak|82\/100|[from] item: Life Orb\n|cant|p1b: Eiscue|slp\n|\n|-damage|p1a: Armarouge|52\/100 psn|[from] psn\n|-fieldend|move: Psychic Terrain\n|upkeep\n|turn|6\n|\n|t:|1683097046\n|move|p2a: Toxicroak|Poison Jab|p1a: Armarouge\n|-damage|p1a: Armarouge|2\/100 psn\n|-damage|p2a: Toxicroak|72\/100|[from] item: Life Orb\n|move|p2b: Salamence|Dual Wingbeat|p1b: Eiscue\n|-activate|p1b: Eiscue|ability: Ice Face\n|-damage|p1b: Eiscue|100\/100 slp\n|detailschange|p1b: Eiscue|Eiscue-Noice, L50, F, shiny\n|-damage|p1b: Eiscue|71\/100 slp\n|-hitcount|p1b: Eiscue|2\n|-curestatus|p1b: Eiscue|slp|[msg]\n|move|p1b: Eiscue|Icicle Crash|p2b: Salamence\n|-supereffective|p2b: Salamence\n|-damage|p2b: Salamence|0 fnt\n|faint|p2b: Salamence\n|move|p1a: Armarouge|Expanding Force|p2a: Toxicroak\n|-supereffective|p2a: Toxicroak\n|-damage|p2a: Toxicroak|0 fnt\n|faint|p2a: Toxicroak\n|-damage|p1a: Armarouge|0 fnt|[from] item: Life Orb\n|faint|p1a: Armarouge\n|\n|upkeep\n|\n|t:|1683097066\n|switch|p2b: Toedscool|Toedscool, L50, M, tera:Water|53\/100\n|switch|p1a: Hatterene|Hatterene, L50, F, tera:Water|53\/100 slp\n|turn|7\n|\n|t:|1683097100\n|move|p1b: Eiscue|Zen Headbutt|p2b: Toedscool\n|-damage|p2b: Toedscool|38\/100\n|-curestatus|p1a: Hatterene|slp|[msg]\n|move|p1a: Hatterene|Psychic|p2b: Toedscool\n|-damage|p2b: Toedscool|3\/100\n|move|p2b: Toedscool|Spore|p1b: Eiscue\n|-status|p1b: Eiscue|slp|[from] move: Spore\n|\n|upkeep\n|turn|8\n|\n|t:|1683097112\n|cant|p1b: Eiscue|slp\n|move|p1a: Hatterene|Psychic|p2b: Toedscool\n|-damage|p2b: Toedscool|0 fnt\n|faint|p2b: Toedscool\n|\n|win|Bdogplatinum\n","uploadtime":1683097143,"views":12,"p1id":"bdogplatinum","p2id":"themismatcher","formatid":"gen9vgc2023regulationc","rating":0,"private":0,"password":""}