{"id":"gen9vgc2023regulationc-1849989275","p1":"Superlenpants","p2":"gspm02","format":"[Gen 9] VGC 2023 Regulation C","log":"|j|\u2606Superlenpants\n|j|\u2606gspm02\n|t:|1682275523\n|gametype|doubles\n|player|p1|Superlenpants|artist|1273\n|player|p2|gspm02|2|1233\n|teamsize|p1|6\n|teamsize|p2|6\n|gen|9\n|tier|[Gen 9] VGC 2023 Regulation C\n|rated|\n|rule|Species Clause: Limit one of each Pok\u00e9mon\n|rule|Item Clause: Limit one of each item\n|clearpoke\n|poke|p1|Ting-Lu, L50|\n|poke|p1|Garganacl, L50, F|\n|poke|p1|Florges, L50, F|\n|poke|p1|Grimmsnarl, L50, M|\n|poke|p1|Amoonguss, L50, M|\n|poke|p1|Rabsca, L50, M|\n|poke|p2|Kingambit, L50, F|\n|poke|p2|Iron Bundle, L50|\n|poke|p2|Chien-Pao, L50|\n|poke|p2|Ceruledge, L50, F|\n|poke|p2|Amoonguss, L50, F|\n|poke|p2|Ting-Lu, L50|\n|teampreview|4\n|inactive|Battle timer is ON: inactive players will automatically lose when time's up. (requested by Superlenpants)\n|\n|t:|1682275603\n|start\n|switch|p1a: Ting-Lu|Ting-Lu, L50|100\/100\n|switch|p1b: Grimmsnarl|Grimmsnarl, L50, M, shiny|100\/100\n|switch|p2a: Amoonguss|Amoonguss, L50, F|100\/100\n|switch|p2b: Ceruledge|Ceruledge, L50, F|100\/100\n|-ability|p1a: Ting-Lu|Vessel of Ruin\n|turn|1\n|\n|t:|1682275623\n|move|p1b: Grimmsnarl|Fake Out|p2a: Amoonguss\n|-damage|p2a: Amoonguss|92\/100\n|move|p2b: Ceruledge|Bulk Up|p2b: Ceruledge\n|-boost|p2b: Ceruledge|atk|1\n|-boost|p2b: Ceruledge|def|1\n|move|p1a: Ting-Lu|Stomping Tantrum|p2b: Ceruledge\n|-supereffective|p2b: Ceruledge\n|-damage|p2b: Ceruledge|56\/100\n|cant|p2a: Amoonguss|flinch\n|\n|-heal|p2b: Ceruledge|62\/100|[from] item: Leftovers\n|upkeep\n|turn|2\n|\n|t:|1682275643\n|switch|p1a: Florges|Florges, L50, F|100\/100\n|move|p2a: Amoonguss|Rage Powder|p2a: Amoonguss\n|-singleturn|p2a: Amoonguss|move: Rage Powder\n|move|p1b: Grimmsnarl|Reflect|p1b: Grimmsnarl\n|-sidestart|p1: Superlenpants|Reflect\n|move|p2b: Ceruledge|Bitter Blade|p1b: Grimmsnarl\n|-damage|p1b: Grimmsnarl|60\/100\n|-heal|p2b: Ceruledge|86\/100|[from] drain|[of] p1b: Grimmsnarl\n|\n|-heal|p2b: Ceruledge|92\/100|[from] item: Leftovers\n|upkeep\n|turn|3\n|\n|t:|1682275666\n|move|p1b: Grimmsnarl|Light Screen|p1b: Grimmsnarl\n|-sidestart|p1: Superlenpants|move: Light Screen\n|move|p2b: Ceruledge|Bulk Up|p2b: Ceruledge\n|-boost|p2b: Ceruledge|atk|1\n|-boost|p2b: Ceruledge|def|1\n|move|p1a: Florges|Calm Mind|p1a: Florges\n|-boost|p1a: Florges|spa|1\n|-boost|p1a: Florges|spd|1\n|move|p2a: Amoonguss|Spore|p1a: Florges\n|-activate|p1a: Florges|item: Safety Goggles|Spore\n|\n|-heal|p2b: Ceruledge|98\/100|[from] item: Leftovers\n|upkeep\n|turn|4\n|\n|t:|1682275687\n|move|p2a: Amoonguss|Rage Powder|p2a: Amoonguss\n|-singleturn|p2a: Amoonguss|move: Rage Powder\n|move|p2b: Ceruledge|Bitter Blade|p1a: Florges\n|-damage|p1a: Florges|52\/100\n|-heal|p2b: Ceruledge|100\/100|[from] drain|[of] p1a: Florges\n|move|p1a: Florges|Chilling Water|p2b: Ceruledge\n|-supereffective|p2b: Ceruledge\n|-damage|p2b: Ceruledge|63\/100\n|-unboost|p2b: Ceruledge|atk|1\n|move|p1b: Grimmsnarl|Spirit Break|p2a: Amoonguss\n|-resisted|p2a: Amoonguss\n|-damage|p2a: Amoonguss|80\/100\n|-unboost|p2a: Amoonguss|spa|1\n|\n|-heal|p2b: Ceruledge|69\/100|[from] item: Leftovers\n|upkeep\n|turn|5\n|inactive|gspm02 has 30 seconds left.\n|\n|t:|1682275713\n|switch|p2a: Kingambit|Kingambit, L50, F|100\/100\n|-terastallize|p2b: Ceruledge|Grass\n|move|p2b: Ceruledge|Bitter Blade|p1a: Florges\n|-damage|p1a: Florges|16\/100\n|-heal|p2b: Ceruledge|88\/100|[from] drain|[of] p1a: Florges\n|move|p1a: Florges|Chilling Water|p2b: Ceruledge\n|-resisted|p2b: Ceruledge\n|-damage|p2b: Ceruledge|78\/100\n|-unboost|p2b: Ceruledge|atk|1\n|move|p1b: Grimmsnarl|Spirit Break|p2b: Ceruledge\n|-damage|p2b: Ceruledge|64\/100\n|-unboost|p2b: Ceruledge|spa|1\n|\n|-heal|p2b: Ceruledge|70\/100|[from] item: Leftovers\n|upkeep\n|turn|6\n|inactive|Superlenpants has 30 seconds left.\n|\n|t:|1682275748\n|switch|p1b: Garganacl|Garganacl, L50, F|100\/100\n|move|p1a: Florges|Protect|p1a: Florges\n|-singleturn|p1a: Florges|Protect\n|move|p2b: Ceruledge|Bitter Blade|p1a: Florges\n|-activate|p1a: Florges|move: Protect\n|move|p2a: Kingambit|Swords Dance|p2a: Kingambit\n|-boost|p2a: Kingambit|atk|2\n|\n|-heal|p2b: Ceruledge|76\/100|[from] item: Leftovers\n|upkeep\n|turn|7\n|inactive|gspm02 has 30 seconds left.\n|\n|t:|1682275776\n|-terastallize|p1b: Garganacl|Water\n|move|p2b: Ceruledge|Bitter Blade|p1a: Florges\n|-damage|p1a: Florges|0 fnt\n|-heal|p2b: Ceruledge|84\/100|[from] drain|[of] p1a: Florges\n|faint|p1a: Florges\n|move|p2a: Kingambit|Kowtow Cleave|p1b: Garganacl\n|-damage|p1b: Garganacl|67\/100\n|move|p1b: Garganacl|Salt Cure|p2a: Kingambit\n|-resisted|p2a: Kingambit\n|-damage|p2a: Kingambit|95\/100\n|-start|p2a: Kingambit|Salt Cure\n|\n|-heal|p2b: Ceruledge|90\/100|[from] item: Leftovers\n|-heal|p1b: Garganacl|72\/100|[from] item: Leftovers\n|-damage|p2a: Kingambit|71\/100|[from] Salt Cure\n|upkeep\n|\n|t:|1682275797\n|switch|p1a: Ting-Lu|Ting-Lu, L50|100\/100\n|-ability|p1a: Ting-Lu|Vessel of Ruin\n|turn|8\n|\n|t:|1682275811\n|switch|p2a: Amoonguss|Amoonguss, L50, F|100\/100\n|move|p2b: Ceruledge|Protect|p2b: Ceruledge\n|-singleturn|p2b: Ceruledge|Protect\n|move|p1a: Ting-Lu|Stomping Tantrum|p2a: Amoonguss\n|-damage|p2a: Amoonguss|70\/100\n|move|p1b: Garganacl|Salt Cure|p2b: Ceruledge\n|-activate|p2b: Ceruledge|move: Protect\n|\n|-heal|p2b: Ceruledge|97\/100|[from] item: Leftovers\n|-heal|p1b: Garganacl|78\/100|[from] item: Leftovers\n|upkeep\n|turn|9\n|inactive|Superlenpants has 30 seconds left.\n|\n|t:|1682275838\n|switch|p2b: Ting-Lu|Ting-Lu, L50|100\/100\n|-ability|p2b: Ting-Lu|Vessel of Ruin\n|move|p1a: Ting-Lu|Throat Chop|p2b: Ting-Lu\n|-resisted|p2b: Ting-Lu\n|-damage|p2b: Ting-Lu|90\/100\n|-start|p2b: Ting-Lu|Throat Chop|[silent]\n|move|p2a: Amoonguss|Spore|p1a: Ting-Lu\n|-status|p1a: Ting-Lu|slp|[from] move: Spore\n|move|p1b: Garganacl|Salt Cure|p2b: Ting-Lu\n|-resisted|p2b: Ting-Lu\n|-damage|p2b: Ting-Lu|86\/100\n|-start|p2b: Ting-Lu|Salt Cure\n|\n|-heal|p1b: Garganacl|84\/100|[from] item: Leftovers\n|-damage|p2b: Ting-Lu|74\/100|[from] Salt Cure\n|-sideend|p1: Superlenpants|Reflect\n|upkeep\n|turn|10\n|\n|t:|1682275864\n|cant|p1a: Ting-Lu|slp\n|move|p2b: Ting-Lu|Fissure|p1b: Garganacl|[miss]\n|-miss|p2b: Ting-Lu|p1b: Garganacl\n|move|p2a: Amoonguss|Pollen Puff|p2b: Ting-Lu\n|-heal|p2b: Ting-Lu|100\/100\n|move|p1b: Garganacl|Salt Cure|p2a: Amoonguss\n|-damage|p2a: Amoonguss|58\/100\n|-start|p2a: Amoonguss|Salt Cure\n|\n|-heal|p1b: Garganacl|90\/100|[from] item: Leftovers\n|-damage|p2b: Ting-Lu|88\/100|[from] Salt Cure\n|-damage|p2a: Amoonguss|46\/100|[from] Salt Cure\n|-end|p2b: Ting-Lu|Throat Chop|[silent]\n|-sideend|p1: Superlenpants|move: Light Screen\n|upkeep\n|-enditem|p2a: Amoonguss|Sitrus Berry|[eat]\n|-heal|p2a: Amoonguss|70\/100|[from] item: Sitrus Berry\n|turn|11\n|\n|t:|1682275889\n|switch|p2a: Ceruledge|Ceruledge, L50, F, tera:Grass|97\/100\n|move|p1b: Garganacl|Protect|p1b: Garganacl\n|-singleturn|p1b: Garganacl|Protect\n|cant|p1a: Ting-Lu|slp\n|move|p2b: Ting-Lu|Stomping Tantrum|p1b: Garganacl\n|-activate|p1b: Garganacl|move: Protect\n|\n|-heal|p2a: Ceruledge|100\/100|[from] item: Leftovers\n|-heal|p1b: Garganacl|96\/100|[from] item: Leftovers\n|-damage|p2b: Ting-Lu|76\/100|[from] Salt Cure\n|upkeep\n|turn|12\n|\n|t:|1682275910\n|move|p2a: Ceruledge|Bulk Up|p2a: Ceruledge\n|-boost|p2a: Ceruledge|atk|1\n|-boost|p2a: Ceruledge|def|1\n|cant|p1a: Ting-Lu|slp\n|move|p2b: Ting-Lu|Fissure|p1b: Garganacl\n|-damage|p1b: Garganacl|0 fnt\n|faint|p1b: Garganacl\n|-ohko\n|\n|-damage|p2b: Ting-Lu|64\/100|[from] Salt Cure\n|upkeep\n|-message|Superlenpants forfeited.\n|\n|win|gspm02\n|raw|Superlenpants's rating: 1273 → 1245<\/strong> (-28 for losing)\n|raw|gspm02's rating: 1233 → 1261<\/strong> (+28 for winning)\n|l|\u2606Superlenpants\n|c|\u2606gspm02|Shout out to OHKO moves\n","uploadtime":1682275938,"views":9,"p1id":"superlenpants","p2id":"gspm02","formatid":"gen9vgc2023regulationc","rating":1245,"private":0,"password":""}