{"id":"gen9vgc2023regulationc-1860137988","p1":"7AVO_LEON21","p2":"Nyfo","format":"[Gen 9] VGC 2023 Regulation C","log":"|j|\u26067AVO_LEON21\n|j|\u2606Nyfo\n|t:|1683599786\n|gametype|doubles\n|player|p1|7AVO_LEON21|pokemaniac|1185\n|player|p2|Nyfo|nate|1273\n|teamsize|p1|6\n|teamsize|p2|6\n|gen|9\n|tier|[Gen 9] VGC 2023 Regulation C\n|rated|\n|rule|Species Clause: Limit one of each Pok\u00e9mon\n|rule|Item Clause: Limit one of each item\n|clearpoke\n|poke|p1|Palafin, L50, M|\n|poke|p1|Ting-Lu, L50|\n|poke|p1|Flutter Mane, L50|\n|poke|p1|Arcanine, L50, F|\n|poke|p1|Dragonite, L50, F|\n|poke|p1|Iron Hands, L50|\n|poke|p2|Armarouge, L50, F|\n|poke|p2|Indeedee-F, L50, F|\n|poke|p2|Kingambit, L50, F|\n|poke|p2|Annihilape, L50, F|\n|poke|p2|Volcarona, L50, F|\n|poke|p2|Palafin, L50, F|\n|teampreview|4\nNyfo has agreed to open team sheets.\n|inactive|Battle timer is ON: inactive players will automatically lose when time's up. (requested by Nyfo)\n|\n|t:|1683599828\n|start\n|switch|p1a: Ting-Lu|Ting-Lu, L50|100\/100\n|switch|p1b: Torqoise|Palafin, L50, M|100\/100\n|switch|p2a: Volcarona|Volcarona, L50, F|100\/100\n|switch|p2b: Annihilape|Annihilape, L50, F|100\/100\n|-ability|p1a: Ting-Lu|Vessel of Ruin\n|turn|1\n|\n|t:|1683599846\n|detailschange|p1b: Torqoise|Palafin-Hero, L50, M\n|switch|p1b: Flutter Mane|Flutter Mane, L50|100\/100\n|-enditem|p1b: Flutter Mane|Booster Energy\n|-activate|p1b: Flutter Mane|ability: Protosynthesis|[fromitem]\n|-start|p1b: Flutter Mane|protosynthesisspa\n|-terastallize|p2a: Volcarona|Water\n|move|p2b: Annihilape|Bulk Up|p2b: Annihilape\n|-boost|p2b: Annihilape|atk|1\n|-boost|p2b: Annihilape|def|1\n|move|p2a: Volcarona|Will-O-Wisp|p1a: Ting-Lu\n|-status|p1a: Ting-Lu|brn\n|move|p1a: Ting-Lu|Rock Slide|p2a: Volcarona|[spread] p2a,p2b\n|-resisted|p2b: Annihilape\n|-damage|p2a: Volcarona|87\/100\n|-damage|p2b: Annihilape|96\/100\n|\n|-heal|p2b: Annihilape|100\/100|[from] item: Leftovers\n|-damage|p1a: Ting-Lu|94\/100 brn|[from] brn\n|upkeep\n|turn|2\n|inactive|7AVO_LEON21 has 30 seconds left.\n|inactive|Nyfo has 30 seconds left.\n|inactive|7AVO_LEON21 has 20 seconds left.\n|\n|t:|1683599883\n|switch|p2b: Ide|Indeedee-F, L50, F|100\/100\n|-fieldstart|move: Psychic Terrain|[from] ability: Psychic Surge|[of] p2b: Ide\n|-enditem|p2b: Ide|Psychic Seed\n|-boost|p2b: Ide|spd|1|[from] item: Psychic Seed\n|-terastallize|p1b: Flutter Mane|Fairy\n|move|p1b: Flutter Mane|Thunderbolt|p2a: Volcarona\n|-supereffective|p2a: Volcarona\n|-damage|p2a: Volcarona|32\/100\n|-enditem|p2a: Volcarona|Sitrus Berry|[eat]\n|-heal|p2a: Volcarona|57\/100|[from] item: Sitrus Berry\n|move|p2a: Volcarona|Tailwind|p2a: Volcarona\n|-sidestart|p2: Nyfo|move: Tailwind\n|move|p1a: Ting-Lu|Rock Slide|p2b: Ide|[spread] p2a,p2b\n|-damage|p2a: Volcarona|45\/100\n|-damage|p2b: Ide|87\/100\n|\n|-damage|p1a: Ting-Lu|88\/100 brn|[from] brn\n|upkeep\n|turn|3\n|inactive|7AVO_LEON21 has 30 seconds left.\n|inactive|Nyfo has 30 seconds left.\n|\n|t:|1683599913\n|move|p2b: Ide|Follow Me|p2b: Ide\n|-singleturn|p2b: Ide|move: Follow Me\n|move|p2a: Volcarona|Struggle Bug|p1b: Flutter Mane|[spread] p1a,p1b\n|-supereffective|p1a: Ting-Lu\n|-resisted|p1b: Flutter Mane\n|-damage|p1a: Ting-Lu|69\/100 brn\n|-damage|p1b: Flutter Mane|93\/100\n|-unboost|p1a: Ting-Lu|spa|1\n|-unboost|p1b: Flutter Mane|spa|1\n|move|p1b: Flutter Mane|Moonblast|p2b: Ide\n|-damage|p2b: Ide|62\/100\n|-unboost|p2b: Ide|spa|1\n|move|p1a: Ting-Lu|Rock Slide|p2b: Ide|[spread] p2a,p2b\n|-damage|p2a: Volcarona|31\/100\n|-damage|p2b: Ide|49\/100\n|\n|-damage|p1a: Ting-Lu|63\/100 brn|[from] brn\n|upkeep\n|turn|4\n|inactive|7AVO_LEON21 has 30 seconds left.\n|\n|t:|1683599946\n|-end|p1b: Flutter Mane|Protosynthesis|[silent]\n|switch|p1b: Torqoise|Palafin-Hero, L50, M|100\/100\n|-activate|p1b: Torqoise|ability: Zero to Hero\n|move|p2b: Ide|Follow Me|p2b: Ide\n|-singleturn|p2b: Ide|move: Follow Me\n|move|p2a: Volcarona|Quiver Dance|p2a: Volcarona\n|-boost|p2a: Volcarona|spa|1\n|-boost|p2a: Volcarona|spd|1\n|-boost|p2a: Volcarona|spe|1\n|move|p1a: Ting-Lu|Rock Slide|p2a: Volcarona|[spread] p2a,p2b\n|-damage|p2a: Volcarona|19\/100\n|-damage|p2b: Ide|35\/100\n|\n|-damage|p1a: Ting-Lu|57\/100 brn|[from] brn\n|upkeep\n|turn|5\n|inactive|Nyfo has 30 seconds left.\n|\n|t:|1683599978\n|switch|p2b: Kingambit|Kingambit, L50, F|100\/100\n|move|p1b: Torqoise|Protect|p1b: Torqoise\n|-singleturn|p1b: Torqoise|Protect\n|move|p2a: Volcarona|Will-O-Wisp|p1b: Torqoise\n|-activate|p1b: Torqoise|move: Protect\n|move|p1a: Ting-Lu|Rock Slide|p2a: Volcarona|[spread] p2a\n|-miss|p1a: Ting-Lu|p2b: Kingambit\n|-damage|p2a: Volcarona|6\/100\n|\n|-damage|p1a: Ting-Lu|51\/100 brn|[from] brn\n|-sideend|p2: Nyfo|move: Tailwind\n|upkeep\n|turn|6\n|\n|t:|1683600000\n|switch|p2b: Annihilape|Annihilape, L50, F|100\/100\n|move|p1b: Torqoise|Jet Punch|p2a: Volcarona\n|-activate|p2a: Volcarona|move: Psychic Terrain\n|move|p2a: Volcarona|Tailwind|p2a: Volcarona\n|-sidestart|p2: Nyfo|move: Tailwind\n|move|p1a: Ting-Lu|Rock Slide|p2a: Volcarona|[spread] p2a,p2b\n|-resisted|p2b: Annihilape\n|-damage|p2a: Volcarona|0 fnt\n|-damage|p2b: Annihilape|95\/100\n|faint|p2a: Volcarona\n|\n|-heal|p2b: Annihilape|100\/100|[from] item: Leftovers\n|-damage|p1a: Ting-Lu|45\/100 brn|[from] brn\n|-fieldend|move: Psychic Terrain\n|upkeep\n|\n|t:|1683600013\n|switch|p2a: Ide|Indeedee-F, L50, F|35\/100\n|-fieldstart|move: Psychic Terrain|[from] ability: Psychic Surge|[of] p2a: Ide\n|turn|7\n|\n|t:|1683600028\n|move|p1b: Torqoise|Protect|p1b: Torqoise\n|-singleturn|p1b: Torqoise|Protect\n|move|p2a: Ide|Follow Me|p2a: Ide\n|-singleturn|p2a: Ide|move: Follow Me\n|move|p2b: Annihilape|Bulk Up|p2b: Annihilape\n|-boost|p2b: Annihilape|atk|1\n|-boost|p2b: Annihilape|def|1\n|move|p1a: Ting-Lu|Rock Slide|p2a: Ide|[spread] p2a,p2b\n|-resisted|p2b: Annihilape\n|-damage|p2a: Ide|23\/100\n|-damage|p2b: Annihilape|97\/100\n|\n|-heal|p2b: Annihilape|100\/100|[from] item: Leftovers\n|-damage|p1a: Ting-Lu|39\/100 brn|[from] brn\n|upkeep\n|turn|8\n|\n|t:|1683600047\n|switch|p1a: Dragonite|Dragonite, L50, F|100\/100\n|move|p2a: Ide|Protect|p2a: Ide\n|-singleturn|p2a: Ide|Protect\n|move|p2b: Annihilape|Rage Fist|p1b: Torqoise\n|-damage|p1b: Torqoise|0 fnt\n|faint|p1b: Torqoise\n|\n|upkeep\n|\n|t:|1683600058\n|switch|p1b: Flutter Mane|Flutter Mane, L50, tera:Fairy|93\/100\n|turn|9\n|\n|t:|1683600074\n|move|p1b: Flutter Mane|Protect|p1b: Flutter Mane\n|-singleturn|p1b: Flutter Mane|Protect\n|move|p2a: Ide|Follow Me|p2a: Ide\n|-singleturn|p2a: Ide|move: Follow Me\n|move|p2b: Annihilape|Rage Fist|p1a: Dragonite\n|-damage|p1a: Dragonite|40\/100\n|move|p1a: Dragonite|Low Kick|p2a: Ide\n|-damage|p2a: Ide|2\/100\n|\n|-sideend|p2: Nyfo|move: Tailwind\n|upkeep\n|turn|10\n|inactive|7AVO_LEON21 has 30 seconds left.\n|inactive|7AVO_LEON21 has 20 seconds left.\n|\n|t:|1683600113\n|move|p1b: Flutter Mane|Protect|p1b: Flutter Mane\n|-singleturn|p1b: Flutter Mane|Protect\n|move|p2a: Ide|Follow Me|p2a: Ide\n|-singleturn|p2a: Ide|move: Follow Me\n|move|p2b: Annihilape|Rage Fist|p1b: Flutter Mane\n|-activate|p1b: Flutter Mane|move: Protect\n|move|p1a: Dragonite|Tailwind|p1a: Dragonite\n|-sidestart|p1: 7AVO_LEON21|move: Tailwind\n|\n|upkeep\n|turn|11\n|inactive|7AVO_LEON21 has 30 seconds left.\n|\n|t:|1683600144\n|-end|p1b: Flutter Mane|Protosynthesis|[silent]\n|switch|p1b: Ting-Lu|Ting-Lu, L50|39\/100 brn\n|-ability|p1b: Ting-Lu|Vessel of Ruin\n|move|p2a: Ide|Follow Me|p2a: Ide\n|-singleturn|p2a: Ide|move: Follow Me\n|move|p1a: Dragonite|Low Kick|p2a: Ide\n|-damage|p2a: Ide|0 fnt\n|faint|p2a: Ide\n|move|p2b: Annihilape|Rage Fist|p1b: Ting-Lu\n|-resisted|p1b: Ting-Lu\n|-damage|p1b: Ting-Lu|7\/100 brn\n|\n|-damage|p1b: Ting-Lu|1\/100 brn|[from] brn\n|-fieldend|move: Psychic Terrain\n|upkeep\n|\n|t:|1683600153\n|switch|p2a: Kingambit|Kingambit, L50, F|100\/100\n|turn|12\n|\n|t:|1683600170\n|move|p1a: Dragonite|Low Kick|p2a: Kingambit\n|-supereffective|p2a: Kingambit\n|-damage|p2a: Kingambit|0 fnt\n|faint|p2a: Kingambit\n|move|p2b: Annihilape|Rage Fist|p1a: Dragonite\n|-damage|p1a: Dragonite|0 fnt\n|faint|p1a: Dragonite\n|move|p1b: Ting-Lu|Stomping Tantrum|p2b: Annihilape\n|-damage|p2b: Annihilape|85\/100\n|\n|-heal|p2b: Annihilape|91\/100|[from] item: Leftovers\n|-damage|p1b: Ting-Lu|0 fnt|[from] brn\n|faint|p1b: Ting-Lu\n|upkeep\n|\n|t:|1683600183\n|switch|p1a: Flutter Mane|Flutter Mane, L50, tera:Fairy|93\/100\n|turn|13\n|c|\u2606Nyfo|gg\n|c|\u26067AVO_LEON21|gg\n|\n|t:|1683600195\n|move|p1a: Flutter Mane|Moonblast|p2b: Annihilape\n|-supereffective|p2b: Annihilape\n|-damage|p2b: Annihilape|0 fnt\n|faint|p2b: Annihilape\n|\n|win|7AVO_LEON21\n|raw|7AVO_LEON21's rating: 1185 → 1216<\/strong> (+31 for winning)\n|raw|Nyfo's rating: 1273 → 1242<\/strong> (-31 for losing)\n|l|\u2606Nyfo\n","uploadtime":1683600208,"views":6,"p1id":"7avoleon21","p2id":"nyfo","formatid":"gen9vgc2023regulationc","rating":1216,"private":0,"password":""}