{"id":"gen9vgc2023regulationc-1860526967","p1":"hnknt","p2":"izhankhan22","format":"[Gen 9] VGC 2023 Regulation C","log":"|j|\u2606hnknt\n|j|\u2606izhankhan22\n|t:|1683651779\n|gametype|doubles\n|player|p1|hnknt|102|1273\n|player|p2|izhankhan22|1|1302\n|teamsize|p1|6\n|teamsize|p2|6\n|gen|9\n|tier|[Gen 9] VGC 2023 Regulation C\n|rated|\n|rule|Species Clause: Limit one of each Pok\u00e9mon\n|rule|Item Clause: Limit one of each item\n|clearpoke\n|poke|p1|Flutter Mane, L50|\n|poke|p1|Arcanine, L50, F|\n|poke|p1|Iron Hands, L50|\n|poke|p1|Ting-Lu, L50|\n|poke|p1|Dondozo, L50, M|\n|poke|p1|Chien-Pao, L50|\n|poke|p2|Abomasnow, L50, M|\n|poke|p2|Iron Bundle, L50|\n|poke|p2|Flutter Mane, L50|\n|poke|p2|Chien-Pao, L50|\n|poke|p2|Dragonite, L50, M|\n|poke|p2|Annihilape, L50, M|\n|teampreview|4\n|inactive|Battle timer is ON: inactive players will automatically lose when time's up. (requested by izhankhan22)\n|\n|t:|1683651809\n|start\n|switch|p1a: Iron Hands|Iron Hands, L50|100\/100\n|switch|p1b: Ting-Lu|Ting-Lu, L50|100\/100\n|switch|p2a: Annihilape|Annihilape, L50, M|100\/100\n|switch|p2b: Flutter Mane|Flutter Mane, L50|100\/100\n|-ability|p1b: Ting-Lu|Vessel of Ruin\n|-enditem|p2b: Flutter Mane|Booster Energy\n|-activate|p2b: Flutter Mane|ability: Protosynthesis|[fromitem]\n|-start|p2b: Flutter Mane|protosynthesisspe\n|turn|1\n|inactive|hnknt has 30 seconds left.\n|inactive|izhankhan22 has 30 seconds left.\n|inactive|hnknt has 20 seconds left.\n|inactive|hnknt has 15 seconds left.\n|inactive|hnknt has 10 seconds left.\n|inactive|hnknt has 5 seconds left.\n|\n|t:|1683651861\n|move|p1a: Iron Hands|Fake Out|p2b: Flutter Mane\n|-immune|p2b: Flutter Mane\n|move|p2b: Flutter Mane|Moonblast|p1a: Iron Hands\n|-supereffective|p1a: Iron Hands\n|-damage|p1a: Iron Hands|48\/100\n|move|p2a: Annihilape|Bulk Up|p2a: Annihilape\n|-boost|p2a: Annihilape|atk|1\n|-boost|p2a: Annihilape|def|1\n|move|p1b: Ting-Lu|Heavy Slam|p2b: Flutter Mane\n|-supereffective|p2b: Flutter Mane\n|-damage|p2b: Flutter Mane|0 fnt\n|faint|p2b: Flutter Mane\n|-end|p2b: Flutter Mane|Protosynthesis|[silent]\n|\n|upkeep\n|\n|t:|1683651875\n|switch|p2b: Iron Bundle|Iron Bundle, L50|100\/100\n|turn|2\n|\n|t:|1683651892\n|move|p2b: Iron Bundle|Flip Turn|p1a: Iron Hands\n|-damage|p1a: Iron Hands|40\/100\n|\n|t:|1683651895\n|-end|p2b: Iron Bundle|Quark Drive|[silent]\n|switch|p2b: Chien-Pao|Chien-Pao, L50|100\/100|[from] Flip Turn\n|-ability|p2b: Chien-Pao|Sword of Ruin\n|move|p2a: Annihilape|Bulk Up|p2a: Annihilape\n|-boost|p2a: Annihilape|atk|1\n|-boost|p2a: Annihilape|def|1\n|move|p1a: Iron Hands|Drain Punch|p2b: Chien-Pao\n|-supereffective|p2b: Chien-Pao\n|-enditem|p2b: Chien-Pao|Focus Sash\n|-damage|p2b: Chien-Pao|1\/100\n|-heal|p1a: Iron Hands|70\/100|[from] drain|[of] p2b: Chien-Pao\n|move|p1b: Ting-Lu|Ruination|p2a: Annihilape|[miss]\n|-miss|p1b: Ting-Lu|p2a: Annihilape\n|\n|upkeep\n|turn|3\n|\n|t:|1683651919\n|move|p2b: Chien-Pao|Icicle Crash|p1b: Ting-Lu\n|-supereffective|p1b: Ting-Lu\n|-damage|p1b: Ting-Lu|49\/100\n|-enditem|p1b: Ting-Lu|Sitrus Berry|[eat]\n|-heal|p1b: Ting-Lu|74\/100|[from] item: Sitrus Berry\n|move|p2a: Annihilape|Drain Punch|p1a: Iron Hands\n|-damage|p1a: Iron Hands|22\/100\n|move|p1a: Iron Hands|Drain Punch|p2b: Chien-Pao\n|-supereffective|p2b: Chien-Pao\n|-damage|p2b: Chien-Pao|0 fnt\n|-heal|p1a: Iron Hands|22\/100|[from] drain|[of] p2b: Chien-Pao\n|faint|p2b: Chien-Pao\n|cant|p1b: Ting-Lu|flinch\n|\n|upkeep\n|\n|t:|1683651933\n|switch|p2b: Iron Bundle|Iron Bundle, L50|100\/100\n|turn|4\n|\n|t:|1683651948\n|move|p2b: Iron Bundle|Hydro Pump|p1b: Ting-Lu\n|-supereffective|p1b: Ting-Lu\n|-damage|p1b: Ting-Lu|0 fnt\n|faint|p1b: Ting-Lu\n|move|p2a: Annihilape|Drain Punch|p1a: Iron Hands\n|-damage|p1a: Iron Hands|0 fnt\n|faint|p1a: Iron Hands\n|-end|p1a: Iron Hands|Quark Drive|[silent]\n|\n|upkeep\n|\n|t:|1683651951\n|switch|p1a: Chien-Pao|Chien-Pao, L50|100\/100\n|switch|p1b: Flutter Mane|Flutter Mane, L50|100\/100\n|-ability|p1a: Chien-Pao|Sword of Ruin\n|-enditem|p1b: Flutter Mane|Booster Energy\n|-activate|p1b: Flutter Mane|ability: Protosynthesis|[fromitem]\n|-start|p1b: Flutter Mane|protosynthesisspe\n|turn|5\n|\n|t:|1683651966\n|-terastallize|p1b: Flutter Mane|Fairy\n|-terastallize|p2a: Annihilape|Water\n|move|p1b: Flutter Mane|Dazzling Gleam|p2b: Iron Bundle|[spread] p2a,p2b\n|-damage|p2a: Annihilape|68\/100\n|-damage|p2b: Iron Bundle|32\/100\n|move|p2b: Iron Bundle|Hydro Pump|p1a: Chien-Pao\n|-enditem|p1a: Chien-Pao|Focus Sash\n|-damage|p1a: Chien-Pao|1\/100\n|move|p1a: Chien-Pao|Icicle Crash|p2a: Annihilape\n|-resisted|p2a: Annihilape\n|-damage|p2a: Annihilape|54\/100\n|cant|p2a: Annihilape|flinch\n|\n|-heal|p2a: Annihilape|60\/100|[from] item: Leftovers\n|upkeep\n|turn|6\n|c|\u2606izhankhan22|luckyyy\n|inactive|izhankhan22 has 30 seconds left.\n|inactive|izhankhan22 has 20 seconds left.\n|\n|t:|1683652001\n|move|p1b: Flutter Mane|Dazzling Gleam|p2b: Iron Bundle|[spread] p2a,p2b\n|-damage|p2a: Annihilape|28\/100\n|-damage|p2b: Iron Bundle|0 fnt\n|faint|p2b: Iron Bundle\n|-end|p2b: Iron Bundle|Quark Drive|[silent]\n|move|p1a: Chien-Pao|Icicle Crash|p2a: Annihilape\n|-resisted|p2a: Annihilape\n|-damage|p2a: Annihilape|16\/100\n|cant|p2a: Annihilape|flinch\n|\n|-heal|p2a: Annihilape|22\/100|[from] item: Leftovers\n|upkeep\n|turn|7\n|n|!izhankhan22|izhankhan22\n|-message|izhankhan22 forfeited.\n|\n|win|hnknt\n|raw|hnknt's rating: 1273 → 1300<\/strong> (+27 for winning)\n|raw|izhankhan22's rating: 1302 → 1280<\/strong> (-22 for losing)\n","uploadtime":1683652012,"views":6,"p1id":"hnknt","p2id":"izhankhan22","formatid":"gen9vgc2023regulationc","rating":1280,"private":0,"password":""}