{"id":"gen9vgc2023regulationc-1852917049","p1":"CaptainInsecto","p2":"Toasterina","format":"[Gen 9] VGC 2023 Regulation C","log":"|j|\u2606CaptainInsecto\n|j|\u2606Toasterina\n|t:|1682617120\n|gametype|doubles\n|player|p1|CaptainInsecto|rood|1146\n|player|p2|Toasterina|266|1112\n|teamsize|p1|6\n|teamsize|p2|6\n|gen|9\n|tier|[Gen 9] VGC 2023 Regulation C\n|rated|\n|rule|Species Clause: Limit one of each Pok\u00e9mon\n|rule|Item Clause: Limit one of each item\n|clearpoke\n|poke|p1|Ting-Lu, L50|\n|poke|p1|Dondozo, L50, M|\n|poke|p1|Copperajah, L50, M|\n|poke|p1|Kingambit, L50, F|\n|poke|p1|Abomasnow, L50, F|\n|poke|p1|Beartic, L50, M|\n|poke|p2|Gholdengo, L50|\n|poke|p2|Murkrow, L50, M|\n|poke|p2|Flutter Mane, L50|\n|poke|p2|Kingambit, L50, F|\n|poke|p2|Amoonguss, L50, F|\n|poke|p2|Arcanine, L50, M|\n|teampreview|4\n|\n|t:|1682617140\n|start\n|switch|p1a: Ting-Lu|Ting-Lu, L50|100\/100\n|switch|p1b: Dondozo|Dondozo, L50, M|100\/100\n|switch|p2a: Arcanine|Arcanine, L50, M|100\/100\n|switch|p2b: Amoonguss|Amoonguss, L50, F|100\/100\n|-ability|p2a: Arcanine|Intimidate|boost\n|-unboost|p1a: Ting-Lu|atk|1\n|-unboost|p1b: Dondozo|atk|1\n|-ability|p1a: Ting-Lu|Vessel of Ruin\n|turn|1\n|\n|t:|1682617159\n|-terastallize|p2a: Arcanine|Grass\n|move|p2a: Arcanine|Will-O-Wisp|p1b: Dondozo\n|-status|p1b: Dondozo|brn\n|move|p1a: Ting-Lu|Fissure|p2b: Amoonguss\n|-damage|p2b: Amoonguss|0 fnt\n|faint|p2b: Amoonguss\n|-ohko\n|move|p1b: Dondozo|Fissure|p2a: Arcanine|[miss]\n|-miss|p1b: Dondozo|p2a: Arcanine\n|\n|-damage|p1b: Dondozo|94\/100 brn|[from] brn\n|upkeep\n|\n|t:|1682617177\n|switch|p2b: Gholdengo|Gholdengo, L50|100\/100\n|turn|2\n|\n|t:|1682617189\n|move|p2a: Arcanine|Flare Blitz|p1b: Dondozo\n|-resisted|p1b: Dondozo\n|-damage|p1b: Dondozo|79\/100 brn\n|-damage|p2a: Arcanine|94\/100|[from] Recoil\n|move|p2b: Gholdengo|Make It Rain|p1b: Dondozo|[spread] p1a,p1b\n|-resisted|p1b: Dondozo\n|-damage|p1a: Ting-Lu|84\/100\n|-damage|p1b: Dondozo|64\/100 brn\n|-unboost|p2b: Gholdengo|spa|1\n|-damage|p2b: Gholdengo|91\/100|[from] item: Life Orb\n|move|p1a: Ting-Lu|Fissure|p2b: Gholdengo|[miss]\n|-miss|p1a: Ting-Lu|p2b: Gholdengo\n|move|p1b: Dondozo|Fissure|p2a: Arcanine|[miss]\n|-miss|p1b: Dondozo|p2a: Arcanine\n|\n|-heal|p1b: Dondozo|71\/100 brn|[from] item: Leftovers\n|-damage|p1b: Dondozo|64\/100 brn|[from] brn\n|upkeep\n|turn|3\n|\n|t:|1682617203\n|move|p2a: Arcanine|Protect|p2a: Arcanine\n|-singleturn|p2a: Arcanine|Protect\n|move|p2b: Gholdengo|Nasty Plot|p2b: Gholdengo\n|-boost|p2b: Gholdengo|spa|2\n|move|p1a: Ting-Lu|Fissure|p2b: Gholdengo|[miss]\n|-miss|p1a: Ting-Lu|p2b: Gholdengo\n|move|p1b: Dondozo|Fissure|p2a: Arcanine\n|-activate|p2a: Arcanine|move: Protect\n|\n|-heal|p1b: Dondozo|71\/100 brn|[from] item: Leftovers\n|-damage|p1b: Dondozo|64\/100 brn|[from] brn\n|upkeep\n|turn|4\n|\n|t:|1682617223\n|move|p2a: Arcanine|Flare Blitz|p1a: Ting-Lu\n|-damage|p1a: Ting-Lu|56\/100\n|-damage|p2a: Arcanine|82\/100|[from] Recoil\n|move|p2b: Gholdengo|Nasty Plot|p2b: Gholdengo\n|-boost|p2b: Gholdengo|spa|2\n|move|p1a: Ting-Lu|Fissure|p2b: Gholdengo\n|-damage|p2b: Gholdengo|0 fnt\n|faint|p2b: Gholdengo\n|-ohko\n|move|p1b: Dondozo|Fissure|p2a: Arcanine|[miss]\n|-miss|p1b: Dondozo|p2a: Arcanine\n|\n|-heal|p1b: Dondozo|71\/100 brn|[from] item: Leftovers\n|-damage|p1b: Dondozo|64\/100 brn|[from] brn\n|upkeep\n|\n|t:|1682617228\n|switch|p2b: Murkrow|Murkrow, L50, M|100\/100\n|turn|5\n|-message|Toasterina forfeited.\n|\n|win|CaptainInsecto\n|raw|CaptainInsecto's rating: 1146 → 1169<\/strong> (+23 for winning)\n|raw|Toasterina's rating: 1112 → 1089<\/strong> (-23 for losing)\n|l|\u2606Toasterina\n","uploadtime":1682617237,"views":4,"p1id":"captaininsecto","p2id":"toasterina","formatid":"gen9vgc2023regulationc","rating":1089,"private":0,"password":""}