{"id":"gen9vgc2023regulationc-1854861139","p1":"TheEeveeAnimations","p2":"teamskull_testing","format":"[Gen 9] VGC 2023 Regulation C","log":"|j|\u2606TheEeveeAnimations\n|j|\u2606teamskull_testing\n|t:|1682874370\n|gametype|doubles\n|player|p1|TheEeveeAnimations|dahlia|\n|player|p2|teamskull_testing|guzma-masters|\n|teamsize|p1|6\n|teamsize|p2|6\n|gen|9\n|tier|[Gen 9] VGC 2023 Regulation C\n|rated|Tournament battle\n|rule|Species Clause: Limit one of each Pok\u00e9mon\n|rule|Item Clause: Limit one of each item\n|clearpoke\n|poke|p1|Gholdengo, L50|\n|poke|p1|Maushold-Four, L50|\n|poke|p1|Flutter Mane, L50|\n|poke|p1|Wo-Chien, L50|\n|poke|p1|Palafin, L50, F|\n|poke|p1|Arcanine, L50, F|\n|poke|p2|Chien-Pao, L50|\n|poke|p2|Corviknight, L50, F|\n|poke|p2|Garchomp, L50, M|\n|poke|p2|Flutter Mane, L50|\n|poke|p2|Ceruledge, L50, M|\n|poke|p2|Amoonguss, L50, M|\n|teampreview|4\n|raw| Open Team Sheet for TheEeveeAnimations<\/summary>Gholdengo @ Leftovers Ability: Good as Gold Level: 50 Tera Type: Water - Protect - Shadow Ball - Make It Rain - Nasty Plot Maushold (Maushold-Four) @ Safety Goggles Ability: Friend Guard Level: 50 Tera Type: Ghost - Follow Me - Protect - Super Fang - Baby-Doll Eyes badonkadonk (Flutter Mane) @ Choice Specs Ability: Protosynthesis Level: 50 Tera Type: Fairy - Shadow Ball - Moonblast - Power Gem - Dazzling Gleam Homer (Wo-Chien) @ Assault Vest Ability: Tablets of Ruin Level: 50 Tera Type: Water - Foul Play - Snarl - Giga Drain - Pollen Puff Palafin @ Mystic Water Ability: Zero to Hero Level: 50 Tera Type: Water - Protect - Jet Punch - Wave Crash - Drain Punch Cloud (Arcanine) (F) @ Sitrus Berry Ability: Intimidate Level: 50 Tera Type: Grass - Flare Blitz - Will-O-Wisp - Extreme Speed - Protect <\/details><\/div> Open Team Sheet for teamskull_testing<\/summary>This dude (Chien-Pao) @ Life Orb Ability: Sword of Ruin Level: 50 Tera Type: Fire - Ice Spinner - Protect - Throat Chop - Sucker Punch Da Biggest Bird (Corviknight) @ Sitrus Berry Ability: Mirror Armor Level: 50 Tera Type: Fire - Brave Bird - Roost - Body Press - Iron Defense The Shrak (Garchomp) (M) @ Choice Scarf Ability: Rough Skin Level: 50 Tera Type: Fire - Rock Slide - Stomping Tantrum - Dragon Claw - Earthquake Butter Man (Flutter Mane) @ Focus Sash Ability: Protosynthesis Level: 50 Tera Type: Fairy - Dazzling Gleam - Shadow Ball - Moonblast - Protect PURPLE GUY??? (Ceruledge) @ Clear Amulet Ability: Flash Fire Level: 50 Tera Type: Grass - Shadow Sneak - Bitter Blade - Swords Dance - Tera Blast THE FUNGUS (Amoonguss) @ Occa Berry Ability: Regenerator Level: 50 Tera Type: Water - Clear Smog - Spore - Rage Powder - Pollen Puff <\/details><\/div>\n|j| Radio Free C-Side\n|j| FunneeMonkee\n|c|\u2606TheEeveeAnimations|glhf\n|c|\u2606teamskull_testing|Congrats on making it this far, let's make it a good one!\n|j| DaGreedent+\n|j|%Bright Size\n|\n|t:|1682874459\n|start\n|switch|p1a: badonkadonk|Flutter Mane, L50|100\/100\n|switch|p1b: Palafin|Palafin, L50, F|100\/100\n|switch|p2a: THE FUNGUS|Amoonguss, L50, M|100\/100\n|switch|p2b: PURPLE GUY???|Ceruledge, L50, M|100\/100\n|turn|1\n|j| minionbanana57\n|\n|t:|1682874478\n|-end|p1a: badonkadonk|Protosynthesis|[silent]\n|switch|p1a: Homer|Wo-Chien, L50|100\/100\n|-ability|p1a: Homer|Tablets of Ruin\n|-terastallize|p2b: PURPLE GUY???|Grass\n|move|p1b: Palafin|Protect|p1b: Palafin\n|-singleturn|p1b: Palafin|Protect\n|move|p2a: THE FUNGUS|Rage Powder|p2a: THE FUNGUS\n|-singleturn|p2a: THE FUNGUS|move: Rage Powder\n|move|p2b: PURPLE GUY???|Swords Dance|p2b: PURPLE GUY???\n|-boost|p2b: PURPLE GUY???|atk|2\n|\n|upkeep\n|turn|2\n|\n|t:|1682874495\n|detailschange|p1b: Palafin|Palafin-Hero, L50, F\n|switch|p1b: Cloud|Arcanine, L50, F|100\/100\n|-ability|p1b: Cloud|Intimidate|boost\n|-unboost|p2a: THE FUNGUS|atk|1\n|-fail|p2b: PURPLE GUY???|unboost|[from] item: Clear Amulet|[of] p2b: PURPLE GUY???\n|-terastallize|p1a: Homer|Water\n|move|p2b: PURPLE GUY???|Bitter Blade|p1a: Homer\n|-resisted|p1a: Homer\n|-damage|p1a: Homer|76\/100\n|move|p1a: Homer|Foul Play|p2b: PURPLE GUY???\n|-damage|p2b: PURPLE GUY???|0 fnt\n|faint|p2b: PURPLE GUY???\n|move|p2a: THE FUNGUS|Spore|p1b: Cloud\n|-status|p1b: Cloud|slp|[from] move: Spore\n|\n|upkeep\n|c|\u2606teamskull_testing|Well played\n|\n|t:|1682874511\n|switch|p2b: Da Biggest Bird|Corviknight, L50, F|100\/100\n|turn|3\n|c|\u2606TheEeveeAnimations|i just need it dead\n|c|\u2606teamskull_testing|Yeah, I gotchu\n|c|\u2606teamskull_testing|That thing runs over a ton\n|\n|t:|1682874538\n|cant|p1b: Cloud|slp\n|move|p1a: Homer|Foul Play|p2a: THE FUNGUS\n|-damage|p2a: THE FUNGUS|88\/100\n|move|p2b: Da Biggest Bird|Iron Defense|p2b: Da Biggest Bird\n|-boost|p2b: Da Biggest Bird|def|2\n|move|p2a: THE FUNGUS|Spore|p1a: Homer\n|-status|p1a: Homer|slp|[from] move: Spore\n|\n|upkeep\n|turn|4\n|\n|t:|1682874551\n|-curestatus|p1b: Cloud|slp|[msg]\n|move|p1b: Cloud|Will-O-Wisp|p2b: Da Biggest Bird\n|-status|p2b: Da Biggest Bird|brn\n|cant|p1a: Homer|slp\n|move|p2b: Da Biggest Bird|Iron Defense|p2b: Da Biggest Bird\n|-boost|p2b: Da Biggest Bird|def|2\n|move|p2a: THE FUNGUS|Pollen Puff|p1a: Homer\n|-damage|p1a: Homer|67\/100 slp\n|\n|-damage|p2b: Da Biggest Bird|95\/100 brn|[from] brn\n|upkeep\n|turn|5\n|\n|t:|1682874570\n|switch|p1a: badonkadonk|Flutter Mane, L50|100\/100\n|move|p1b: Cloud|Protect|p1b: Cloud\n|-singleturn|p1b: Cloud|Protect\n|move|p2b: Da Biggest Bird|Iron Defense|p2b: Da Biggest Bird\n|-boost|p2b: Da Biggest Bird|def|2\n|move|p2a: THE FUNGUS|Clear Smog|p1a: badonkadonk\n|-damage|p1a: badonkadonk|86\/100\n|-clearboost|p1a: badonkadonk\n|\n|-damage|p2b: Da Biggest Bird|89\/100 brn|[from] brn\n|upkeep\n|turn|6\n|\n|t:|1682874593\n|move|p1a: badonkadonk|Shadow Ball|p2a: THE FUNGUS\n|-damage|p2a: THE FUNGUS|35\/100\n|move|p1b: Cloud|Flare Blitz|p2a: THE FUNGUS\n|-supereffective|p2a: THE FUNGUS\n|-enditem|p2a: THE FUNGUS|Occa Berry|[eat]\n|-enditem|p2a: THE FUNGUS|Occa Berry|[weaken]\n|-damage|p2a: THE FUNGUS|0 fnt\n|faint|p2a: THE FUNGUS\n|-damage|p1b: Cloud|86\/100|[from] Recoil\n|move|p2b: Da Biggest Bird|Body Press|p1b: Cloud\n|-damage|p1b: Cloud|32\/100\n|-enditem|p1b: Cloud|Sitrus Berry|[eat]\n|-heal|p1b: Cloud|57\/100|[from] item: Sitrus Berry\n|\n|-damage|p2b: Da Biggest Bird|83\/100 brn|[from] brn\n|upkeep\n|\n|t:|1682874605\n|switch|p2a: This dude|Chien-Pao, L50|100\/100\n|-ability|p2a: This dude|Sword of Ruin\n|turn|7\n|\n|t:|1682874618\n|switch|p1b: Homer|Wo-Chien, L50, tera:Water|67\/100 slp\n|-ability|p1b: Homer|Tablets of Ruin\n|move|p2a: This dude|Sucker Punch|p1a: badonkadonk\n|-damage|p1a: badonkadonk|23\/100\n|-damage|p2a: This dude|91\/100|[from] item: Life Orb\n|move|p1a: badonkadonk|Shadow Ball|p2b: Da Biggest Bird\n|-damage|p2b: Da Biggest Bird|28\/100 brn\n|-enditem|p2b: Da Biggest Bird|Sitrus Berry|[eat]\n|-heal|p2b: Da Biggest Bird|53\/100 brn|[from] item: Sitrus Berry\n|move|p2b: Da Biggest Bird|Body Press|p1b: Homer\n|-damage|p1b: Homer|35\/100 slp\n|\n|-damage|p2b: Da Biggest Bird|47\/100 brn|[from] brn\n|upkeep\n|turn|8\n|j| windday\n|l| windday\n|\n|t:|1682874648\n|-end|p1a: badonkadonk|Protosynthesis|[silent]\n|switch|p1a: Cloud|Arcanine, L50, F|57\/100\n|-ability|p1a: Cloud|Intimidate|boost\n|-unboost|p2a: This dude|atk|1\n|-ability|p2b: Da Biggest Bird|Mirror Armor\n|-unboost|p1a: Cloud|atk|1\n|move|p2a: This dude|Sucker Punch||[still]\n|-fail|p2a: This dude\n|-curestatus|p1b: Homer|slp|[msg]\n|move|p1b: Homer|Pollen Puff|p1a: Cloud\n|-heal|p1a: Cloud|100\/100\n|move|p2b: Da Biggest Bird|Body Press|p1b: Homer\n|-damage|p1b: Homer|4\/100\n|\n|-damage|p2b: Da Biggest Bird|41\/100 brn|[from] brn\n|upkeep\n|turn|9\n|\n|t:|1682874676\n|move|p2a: This dude|Throat Chop|p1a: Cloud\n|-damage|p1a: Cloud|57\/100\n|-start|p1a: Cloud|Throat Chop|[silent]\n|-damage|p2a: This dude|81\/100|[from] item: Life Orb\n|move|p1a: Cloud|Flare Blitz|p2a: This dude\n|-supereffective|p2a: This dude\n|-damage|p2a: This dude|0 fnt\n|faint|p2a: This dude\n|-damage|p1a: Cloud|33\/100|[from] Recoil\n|move|p1b: Homer|Pollen Puff|p1a: Cloud\n|-heal|p1a: Cloud|83\/100\n|move|p2b: Da Biggest Bird|Body Press|p1a: Cloud\n|-damage|p1a: Cloud|38\/100\n|\n|-damage|p2b: Da Biggest Bird|36\/100 brn|[from] brn\n|upkeep\n|turn|10\n|c|\u2606teamskull_testing|Should be gg\n|\n|t:|1682874694\n|move|p1a: Cloud|Flare Blitz|p2b: Da Biggest Bird\n|-supereffective|p2b: Da Biggest Bird\n|-crit|p2b: Da Biggest Bird\n|-damage|p2b: Da Biggest Bird|0 fnt\n|faint|p2b: Da Biggest Bird\n|-damage|p1a: Cloud|24\/100|[from] Recoil\n|\n|win|TheEeveeAnimations\n|n|\u2606TheEeveeAnimations|theeeveeanimations\n|n|\u2606teamskull_testing|teamskulltesting\n|n| Radio Free C-Side|radiofreecside\n|n| FunneeMonkee|funneemonkee\n|n| DaGreedent+|dagreedent\n|n| Bright Size|brightsize\n|n| minionbanana57|minionbanana57\n|c|\u2606teamskull_testing|Well played\n|l| Radio Free C-Side\n|c|\u2606TheEeveeAnimations|gg\n","uploadtime":1682874701,"views":10,"p1id":"theeeveeanimations","p2id":"teamskulltesting","formatid":"gen9vgc2023regulationc","rating":0,"private":0,"password":""}