{"id":"gen9vgc2023regulationc-1855576328","p1":"satoruneru","p2":"Raiu Akimoto","format":"[Gen 9] VGC 2023 Regulation C","log":"|j|\u2606satoruneru\n|j|\u2606Raiu Akimoto\n|t:|1682963429\n|gametype|doubles\n|player|p1|satoruneru|102|1099\n|player|p2|Raiu Akimoto|n|1178\n|teamsize|p1|6\n|teamsize|p2|6\n|gen|9\n|tier|[Gen 9] VGC 2023 Regulation C\n|rated|\n|rule|Species Clause: Limit one of each Pok\u00e9mon\n|rule|Item Clause: Limit one of each item\n|clearpoke\n|poke|p1|Iron Bundle, L50|\n|poke|p1|Abomasnow, L50, F|\n|poke|p1|Arcanine, L50, M|\n|poke|p1|Flutter Mane, L50|\n|poke|p1|Amoonguss, L50, M|\n|poke|p1|Chien-Pao, L50|\n|poke|p2|Chien-Pao, L50|\n|poke|p2|Dragapult, L50, M|\n|poke|p2|Pawmot, L50, F|\n|poke|p2|Palafin, L50, M|\n|poke|p2|Pelipper, L50, F|\n|poke|p2|Arcanine, L50, M|\n|teampreview|4\n|inactive|Battle timer is ON: inactive players will automatically lose when time's up. (requested by Raiu Akimoto)\n|inactive|satoruneru has 60 seconds left.\n|\n|t:|1682963473\n|start\n|switch|p1a: Iron Bundle|Iron Bundle, L50|100\/100\n|switch|p1b: Abomasnow|Abomasnow, L50, F|100\/100\n|switch|p2a: Chien-Pao|Chien-Pao, L50|100\/100\n|switch|p2b: Palafin|Palafin, L50, M, shiny|100\/100\n|-ability|p2a: Chien-Pao|Sword of Ruin\n|-weather|Snow|[from] ability: Snow Warning|[of] p1b: Abomasnow\n|-enditem|p1a: Iron Bundle|Booster Energy\n|-activate|p1a: Iron Bundle|ability: Quark Drive|[fromitem]\n|-start|p1a: Iron Bundle|quarkdrivespe\n|turn|1\n|\n|t:|1682963494\n|detailschange|p2b: Palafin|Palafin-Hero, L50, M, shiny\n|switch|p2b: Arcanine|Arcanine, L50, M, shiny|100\/100\n|-ability|p2b: Arcanine|Intimidate|boost\n|-unboost|p1a: Iron Bundle|atk|1\n|-unboost|p1b: Abomasnow|atk|1\n|switch|p1b: Arcanine|Arcanine, L50, M|100\/100\n|-ability|p1b: Arcanine|Intimidate|boost\n|-unboost|p2a: Chien-Pao|atk|1\n|-unboost|p2b: Arcanine|atk|1\n|move|p1a: Iron Bundle|Aurora Veil|p1a: Iron Bundle\n|-sidestart|p1: satoruneru|move: Aurora Veil\n|move|p2a: Chien-Pao|Sacred Sword|p1a: Iron Bundle\n|-supereffective|p1a: Iron Bundle\n|-damage|p1a: Iron Bundle|72\/100\n|\n|-weather|Snow|[upkeep]\n|upkeep\n|turn|2\n|inactive|satoruneru has 30 seconds left.\n|\n|t:|1682963525\n|move|p2a: Chien-Pao|Protect|p2a: Chien-Pao\n|-singleturn|p2a: Chien-Pao|Protect\n|move|p1a: Iron Bundle|Hydro Pump|p2b: Arcanine|[miss]\n|-miss|p1a: Iron Bundle|p2b: Arcanine\n|move|p1b: Arcanine|Will-O-Wisp|p2a: Chien-Pao\n|-activate|p2a: Chien-Pao|move: Protect\n|move|p2b: Arcanine|Psychic Fangs|p1a: Iron Bundle\n|-sideend|p1: satoruneru|move: Aurora Veil\n|-damage|p1a: Iron Bundle|52\/100\n|\n|-weather|Snow|[upkeep]\n|upkeep\n|turn|3\n|inactive|satoruneru has 30 seconds left.\n|inactive|Raiu Akimoto has 30 seconds left.\n|\n|t:|1682963557\n|switch|p2b: Dragapult|Dragapult, L50, M, shiny|100\/100\n|move|p1a: Iron Bundle|Hydro Pump|p2b: Dragapult\n|-resisted|p2b: Dragapult\n|-damage|p2b: Dragapult|65\/100\n|move|p2a: Chien-Pao|Sacred Sword|p1a: Iron Bundle\n|-supereffective|p1a: Iron Bundle\n|-damage|p1a: Iron Bundle|9\/100\n|move|p1b: Arcanine|Flare Blitz|p2a: Chien-Pao\n|-supereffective|p2a: Chien-Pao\n|-damage|p2a: Chien-Pao|16\/100\n|-damage|p1b: Arcanine|76\/100|[from] Recoil\n|\n|-weather|Snow|[upkeep]\n|upkeep\n|turn|4\n|inactive|Raiu Akimoto has 30 seconds left.\n|\n|t:|1682963582\n|-end|p1a: Iron Bundle|Quark Drive|[silent]\n|switch|p1a: Mimi|Flutter Mane, L50|100\/100\n|switch|p2a: Arcanine|Arcanine, L50, M, shiny|100\/100\n|-ability|p2a: Arcanine|Intimidate|boost\n|-unboost|p1a: Mimi|atk|1\n|-unboost|p1b: Arcanine|atk|1\n|-terastallize|p2b: Dragapult|Dragon\n|move|p1b: Arcanine|Extreme Speed|p2a: Arcanine\n|-damage|p2a: Arcanine|84\/100\n|move|p2b: Dragapult|Dragon Darts|p1b: Arcanine\n|-damage|p1b: Arcanine|29\/100\n|-enditem|p1b: Arcanine|Sitrus Berry|[eat]\n|-heal|p1b: Arcanine|54\/100|[from] item: Sitrus Berry\n|-anim|p2b: Dragapult|Dragon Darts|p1b: Arcanine\n|-damage|p1b: Arcanine|5\/100\n|-damage|p2b: Dragapult|55\/100|[from] item: Life Orb\n|\n|-weather|Snow|[upkeep]\n|upkeep\n|turn|5\n|inactive|satoruneru has 30 seconds left.\n|inactive|satoruneru has 20 seconds left.\n|\n|t:|1682963620\n|-terastallize|p1a: Mimi|Fairy\n|move|p1b: Arcanine|Protect|p1b: Arcanine\n|-singleturn|p1b: Arcanine|Protect\n|move|p2b: Dragapult|U-turn|p1a: Mimi\n|-resisted|p1a: Mimi\n|-damage|p1a: Mimi|80\/100\n|-damage|p2b: Dragapult|46\/100|[from] item: Life Orb\n|\n|t:|1682963628\n|switch|p2b: Palafin|Palafin-Hero, L50, M, shiny|100\/100|[from] U-turn\n|-activate|p2b: Palafin|ability: Zero to Hero\n|move|p1a: Mimi|Dazzling Gleam|p2a: Arcanine|[spread] p2a,p2b\n|-resisted|p2a: Arcanine\n|-damage|p2a: Arcanine|62\/100\n|-damage|p2b: Palafin|33\/100\n|move|p2a: Arcanine|Snarl|p1a: Mimi|[spread] p1a\n|-activate|p1b: Arcanine|move: Protect\n|-resisted|p1a: Mimi\n|-damage|p1a: Mimi|76\/100\n|-unboost|p1a: Mimi|spa|1\n|\n|-weather|none\n|upkeep\n|turn|6\n|inactive|satoruneru has 30 seconds left.\n|inactive|satoruneru has 20 seconds left.\n|\n|t:|1682963668\n|-end|p1a: Mimi|Protosynthesis|[silent]\n|switch|p1a: Abomasnow|Abomasnow, L50, F|100\/100\n|-weather|Snow|[from] ability: Snow Warning|[of] p1a: Abomasnow\n|move|p2a: Arcanine|Extreme Speed|p1b: Arcanine\n|-damage|p1b: Arcanine|0 fnt\n|faint|p1b: Arcanine\n|move|p2b: Palafin|Jet Punch|p1a: Abomasnow\n|-resisted|p1a: Abomasnow\n|-damage|p1a: Abomasnow|83\/100\n|\n|-weather|Snow|[upkeep]\n|upkeep\n|\n|t:|1682963679\n|switch|p1b: Iron Bundle|Iron Bundle, L50|9\/100\n|turn|7\n|\n|t:|1682963701\n|move|p1b: Iron Bundle|Protect|p1b: Iron Bundle\n|-singleturn|p1b: Iron Bundle|Protect\n|move|p2b: Palafin|Jet Punch|p1b: Iron Bundle\n|-activate|p1b: Iron Bundle|move: Protect\n|move|p2a: Arcanine|Flare Blitz|p1a: Abomasnow\n|-supereffective|p1a: Abomasnow\n|-damage|p1a: Abomasnow|0 fnt\n|faint|p1a: Abomasnow\n|-damage|p2a: Arcanine|36\/100|[from] Recoil\n|\n|-weather|Snow|[upkeep]\n|upkeep\n|\n|t:|1682963708\n|switch|p1a: Mimi|Flutter Mane, L50, tera:Fairy|76\/100\n|turn|8\n|\n|t:|1682963714\n|move|p2a: Arcanine|Extreme Speed|p1b: Iron Bundle\n|-damage|p1b: Iron Bundle|0 fnt\n|faint|p1b: Iron Bundle\n|-end|p1b: Iron Bundle|Quark Drive|[silent]\n|move|p2b: Palafin|Jet Punch|p1a: Mimi\n|-damage|p1a: Mimi|17\/100\n|move|p1a: Mimi|Dazzling Gleam|p2b: Palafin|[spread] p2a,p2b\n|-resisted|p2a: Arcanine\n|-damage|p2a: Arcanine|14\/100\n|-damage|p2b: Palafin|0 fnt\n|faint|p2b: Palafin\n|\n|-weather|Snow|[upkeep]\n|upkeep\n|\n|t:|1682963726\n|switch|p2b: Chien-Pao|Chien-Pao, L50|16\/100\n|-ability|p2b: Chien-Pao|Sword of Ruin\n|turn|9\n|\n|t:|1682963732\n|move|p2a: Arcanine|Extreme Speed|p2b: Chien-Pao\n|-damage|p2b: Chien-Pao|0 fnt\n|faint|p2b: Chien-Pao\n|move|p1a: Mimi|Dazzling Gleam|p2a: Arcanine\n|-resisted|p2a: Arcanine\n|-damage|p2a: Arcanine|0 fnt\n|faint|p2a: Arcanine\n|\n|-weather|Snow|[upkeep]\n|upkeep\n|\n|t:|1682963737\n|switch|p2a: Dragapult|Dragapult, L50, M, shiny, tera:Dragon|46\/100\n|turn|10\n|\n|t:|1682963743\n|move|p2a: Dragapult|Phantom Force||[still]\n|-prepare|p2a: Dragapult|Phantom Force\n|move|p1a: Mimi|Dazzling Gleam|p2a: Dragapult|[miss]\n|-miss|p1a: Mimi|p2a: Dragapult\n|\n|-weather|none\n|upkeep\n|turn|11\n|\n|t:|1682963750\n|move|p2a: Dragapult|Phantom Force|p1a: Mimi|[from]lockedmove\n|-damage|p1a: Mimi|0 fnt\n|faint|p1a: Mimi\n|-end|p1a: Mimi|Protosynthesis|[silent]\n|-damage|p2a: Dragapult|36\/100|[from] item: Life Orb\n|\n|win|Raiu Akimoto\n|raw|satoruneru's rating: 1099 → 1080<\/strong> (-19 for losing)\n|raw|Raiu Akimoto's rating: 1178 → 1197<\/strong> (+19 for winning)\n|l|\u2606satoruneru\n","uploadtime":1682963756,"views":15,"p1id":"satoruneru","p2id":"raiuakimoto","formatid":"gen9vgc2023regulationc","rating":1080,"private":0,"password":""}