{"id":"gen9vgc2023regulationc-1863919732","p1":"mathtass","p2":"Alt Dr8ke","format":"[Gen 9] VGC 2023 Regulation C","log":"|j|\u2606mathtass\n|j|\u2606Alt Dr8ke\n|t:|1684093360\n|gametype|doubles\n|player|p1|mathtass|101|1411\n|player|p2|Alt Dr8ke|169|1407\n|teamsize|p1|6\n|teamsize|p2|6\n|gen|9\n|tier|[Gen 9] VGC 2023 Regulation C\n|rated|\n|rule|Species Clause: Limit one of each Pok\u00e9mon\n|rule|Item Clause: Limit one of each item\n|clearpoke\n|poke|p1|Palafin, L50, M|\n|poke|p1|Chien-Pao, L50|\n|poke|p1|Dragapult, L50, F|\n|poke|p1|Amoonguss, L50, F|\n|poke|p1|Arcanine, L50, M|\n|poke|p1|Flutter Mane, L50|\n|poke|p2|Sandy Shocks, L50|\n|poke|p2|Espathra, L50, F|\n|poke|p2|Flutter Mane, L50|\n|poke|p2|Chi-Yu, L50|\n|poke|p2|Gyarados, L50, M|\n|poke|p2|Baxcalibur, L50, F|\n|teampreview|4\n|\n|t:|1684093386\n|start\n|switch|p1a: Blair|Dragapult, L50, F, shiny|100\/100\n|switch|p1b: Poseidon|Palafin, L50, M, shiny|100\/100\n|switch|p2a: Sandy Shocks|Sandy Shocks, L50|100\/100\n|switch|p2b: Espathra|Espathra, L50, F|100\/100\n|-enditem|p2a: Sandy Shocks|Booster Energy\n|-activate|p2a: Sandy Shocks|ability: Protosynthesis|[fromitem]\n|-start|p2a: Sandy Shocks|protosynthesisspe\n|turn|1\n|\n|t:|1684093422\n|detailschange|p1b: Poseidon|Palafin-Hero, L50, M, shiny\n|switch|p1b: Dante|Chien-Pao, L50|100\/100\n|-ability|p1b: Dante|Sword of Ruin\n|move|p2a: Sandy Shocks|Gravity|p2a: Sandy Shocks\n|-fieldstart|move: Gravity\n|move|p1a: Blair|Phantom Force||[still]\n|-prepare|p1a: Blair|Phantom Force\n|move|p2b: Espathra|Hypnosis|p1a: Blair|[miss]\n|-miss|p2b: Espathra|p1a: Blair\n|\n|-ability|p2b: Espathra|Speed Boost|boost\n|-boost|p2b: Espathra|spe|1\n|upkeep\n|turn|2\n|\n|t:|1684093453\n|-terastallize|p2b: Espathra|Fairy\n|move|p2a: Sandy Shocks|Protect|p2a: Sandy Shocks\n|-singleturn|p2a: Sandy Shocks|Protect\n|move|p2b: Espathra|Hypnosis|p1b: Dante\n|-status|p1b: Dante|slp|[from] move: Hypnosis\n|move|p1a: Blair|Phantom Force|p2b: Espathra|[from]lockedmove\n|-damage|p2b: Espathra|0 fnt\n|faint|p2b: Espathra\n|cant|p1b: Dante|slp\n|\n|upkeep\n|\n|t:|1684093464\n|switch|p2b: Flutter Mane|Flutter Mane, L50|100\/100\n|turn|3\n|\n|t:|1684093487\n|switch|p1b: Leon|Arcanine, L50, M, shiny|100\/100\n|-ability|p1b: Leon|Intimidate|boost\n|-unboost|p2a: Sandy Shocks|atk|1\n|-unboost|p2b: Flutter Mane|atk|1\n|move|p2a: Sandy Shocks|Thunder|p1b: Leon\n|-damage|p1b: Leon|42\/100\n|-status|p1b: Leon|par\n|-enditem|p1b: Leon|Sitrus Berry|[eat]\n|-heal|p1b: Leon|67\/100 par|[from] item: Sitrus Berry\n|move|p1a: Blair|Phantom Force||[still]\n|-prepare|p1a: Blair|Phantom Force\n|move|p2b: Flutter Mane|Dazzling Gleam|p1b: Leon|[spread] p1b\n|-miss|p2b: Flutter Mane|p1a: Blair\n|-resisted|p1b: Leon\n|-damage|p1b: Leon|43\/100 par\n|\n|upkeep\n|turn|4\n|\n|t:|1684093515\n|move|p1b: Leon|Extreme Speed|p2a: Sandy Shocks\n|-damage|p2a: Sandy Shocks|79\/100\n|move|p2a: Sandy Shocks|Earth Power|p1b: Leon\n|-supereffective|p1b: Leon\n|-damage|p1b: Leon|0 fnt\n|faint|p1b: Leon\n|move|p1a: Blair|Phantom Force|p2b: Flutter Mane|[from]lockedmove\n|-supereffective|p2b: Flutter Mane\n|-damage|p2b: Flutter Mane|0 fnt\n|faint|p2b: Flutter Mane\n|-end|p2b: Flutter Mane|Protosynthesis|[silent]\n|\n|upkeep\n|\n|t:|1684093528\n|switch|p2b: Baxcalibur|Baxcalibur, L50, F|100\/100\n|switch|p1b: Poseidon|Palafin-Hero, L50, M, shiny|100\/100\n|-activate|p1b: Poseidon|ability: Zero to Hero\n|turn|5\n|\n|t:|1684093555\n|switch|p1a: Dante|Chien-Pao, L50|100\/100 slp\n|-ability|p1a: Dante|Sword of Ruin\n|-terastallize|p1b: Poseidon|Water\n|move|p2b: Baxcalibur|Ice Shard|p1a: Dante\n|-resisted|p1a: Dante\n|-damage|p1a: Dante|85\/100 slp\n|move|p1b: Poseidon|Jet Punch|p2a: Sandy Shocks\n|-supereffective|p2a: Sandy Shocks\n|-damage|p2a: Sandy Shocks|0 fnt\n|faint|p2a: Sandy Shocks\n|-end|p2a: Sandy Shocks|Protosynthesis|[silent]\n|\n|-fieldend|move: Gravity\n|upkeep\n|turn|6\n|\n|t:|1684093577\n|-curestatus|p1a: Dante|slp|[msg]\n|move|p1a: Dante|Sucker Punch|p2b: Baxcalibur\n|-crit|p2b: Baxcalibur\n|-damage|p2b: Baxcalibur|34\/100\n|move|p2b: Baxcalibur|Glaive Rush|p1b: Poseidon\n|-damage|p1b: Poseidon|25\/100\n|-singlemove|p2b: Baxcalibur|Glaive Rush|[silent]\n|move|p1b: Poseidon|Wave Crash|p2b: Baxcalibur\n|-resisted|p2b: Baxcalibur\n|-damage|p2b: Baxcalibur|0 fnt\n|faint|p2b: Baxcalibur\n|-damage|p1b: Poseidon|15\/100|[from] Recoil\n|\n|win|mathtass\n|raw|mathtass's rating: 1411 → 1431<\/strong> (+20 for winning)\n|raw|Alt Dr8ke's rating: 1407 → 1387<\/strong> (-20 for losing)\n","uploadtime":1684093580,"views":4,"p1id":"mathtass","p2id":"altdr8ke","formatid":"gen9vgc2023regulationc","rating":1387,"private":0,"password":""}