{"id":"gen9vgc2023regulationc-1856523212","p1":"Flutterhawk","p2":"acidmineral","format":"[Gen 9] VGC 2023 Regulation C","log":"|j|\u2606Flutterhawk\n|j|\u2606acidmineral\n|t:|1683071325\n|gametype|doubles\n|player|p1|Flutterhawk|preschoolerf|1040\n|player|p2|acidmineral|265|1071\n|teamsize|p1|6\n|teamsize|p2|6\n|gen|9\n|tier|[Gen 9] VGC 2023 Regulation C\n|rated|\n|rule|Species Clause: Limit one of each Pok\u00e9mon\n|rule|Item Clause: Limit one of each item\n|clearpoke\n|poke|p1|Flutter Mane, L50|\n|poke|p1|Palafin, L50, F|\n|poke|p1|Dragapult, L50, F|\n|poke|p1|Arcanine, L50, F|\n|poke|p1|Chien-Pao, L50|\n|poke|p1|Brute Bonnet, L50|\n|poke|p2|Murkrow, L50, F|\n|poke|p2|Garchomp, L50, M|\n|poke|p2|Gholdengo, L50|\n|poke|p2|Gyarados, L50, M|\n|poke|p2|Bronzong, L50|\n|poke|p2|Flutter Mane, L50|\n|teampreview|4\n|inactive|Battle timer is ON: inactive players will automatically lose when time's up. (requested by acidmineral)\n|inactive|Flutterhawk has 60 seconds left.\n|\n|t:|1683071381\n|start\n|switch|p1a: Fluttershy|Flutter Mane, L50|100\/100\n|switch|p1b: Shiitake|Brute Bonnet, L50|100\/100\n|switch|p2a: Murkrow|Murkrow, L50, F|100\/100\n|switch|p2b: Gholdengo|Gholdengo, L50|100\/100\n|turn|1\n|inactive|Flutterhawk has 30 seconds left.\n|inactive|Flutterhawk has 20 seconds left.\n|inactive|Flutterhawk has 15 seconds left.\n|inactive|Flutterhawk has 10 seconds left.\n|\n|t:|1683071428\n|-end|p1a: Fluttershy|Protosynthesis|[silent]\n|switch|p1a: Cashew|Arcanine, L50, F|100\/100\n|-ability|p1a: Cashew|Intimidate|boost\n|-unboost|p2a: Murkrow|atk|1\n|-unboost|p2b: Gholdengo|atk|1\n|-terastallize|p2b: Gholdengo|Steel\n|move|p2a: Murkrow|Tailwind|p2a: Murkrow\n|-sidestart|p2: acidmineral|move: Tailwind\n|move|p2b: Gholdengo|Make It Rain|p1b: Shiitake|[spread] p1a,p1b\n|-resisted|p1a: Cashew\n|-damage|p1a: Cashew|44\/100\n|-damage|p1b: Shiitake|2\/100\n|-unboost|p2b: Gholdengo|spa|1\n|move|p1b: Shiitake|Taunt|p2a: Murkrow\n|-start|p2a: Murkrow|move: Taunt\n|\n|upkeep\n|turn|2\n|inactive|Flutterhawk has 30 seconds left.\n|inactive|Flutterhawk has 20 seconds left.\n|inactive|Flutterhawk has 15 seconds left.\n|inactive|Flutterhawk has 10 seconds left.\n|inactive|Flutterhawk has 5 seconds left.\n|\n|t:|1683071480\n|switch|p2a: Gyarados|Gyarados, L50, M|100\/100\n|-ability|p2a: Gyarados|Intimidate|boost\n|-unboost|p1a: Cashew|atk|1\n|-unboost|p1b: Shiitake|atk|1\n|move|p2b: Gholdengo|Make It Rain|p1a: Cashew|[spread] p1a,p1b\n|-resisted|p1a: Cashew\n|-damage|p1a: Cashew|7\/100\n|-damage|p1b: Shiitake|0 fnt\n|-unboost|p2b: Gholdengo|spa|1\n|faint|p1b: Shiitake\n|-end|p1b: Shiitake|Protosynthesis|[silent]\n|move|p1a: Cashew|Flare Blitz|p2b: Gholdengo\n|-supereffective|p2b: Gholdengo\n|-damage|p2b: Gholdengo|26\/100\n|-damage|p1a: Cashew|0 fnt|[from] Recoil\n|faint|p1a: Cashew\n|\n|upkeep\n|\n|t:|1683071498\n|switch|p1a: Fluttershy|Flutter Mane, L50|100\/100\n|switch|p1b: Yuuno|Chien-Pao, L50|100\/100\n|-ability|p1b: Yuuno|Sword of Ruin\n|turn|3\n|\n|t:|1683071515\n|move|p1b: Yuuno|Sucker Punch|p2b: Gholdengo\n|-damage|p2b: Gholdengo|0 fnt\n|faint|p2b: Gholdengo\n|move|p2a: Gyarados|Thunder Wave|p1a: Fluttershy\n|-status|p1a: Fluttershy|par\n|move|p1a: Fluttershy|Moonblast|p2a: Gyarados\n|-damage|p2a: Gyarados|34\/100\n|-unboost|p2a: Gyarados|spa|1\n|\n|-heal|p2a: Gyarados|40\/100|[from] item: Leftovers\n|upkeep\n|\n|t:|1683071527\n|switch|p2b: Flutter Mane|Flutter Mane, L50|100\/100\n|-enditem|p2b: Flutter Mane|Booster Energy\n|-activate|p2b: Flutter Mane|ability: Protosynthesis|[fromitem]\n|-start|p2b: Flutter Mane|protosynthesisspe\n|turn|4\n|\n|t:|1683071545\n|move|p2b: Flutter Mane|Protect|p2b: Flutter Mane\n|-singleturn|p2b: Flutter Mane|Protect\n|move|p1b: Yuuno|Sucker Punch||[still]\n|-fail|p1b: Yuuno\n|move|p2a: Gyarados|Thunder Wave|p1b: Yuuno\n|-status|p1b: Yuuno|par\n|move|p1a: Fluttershy|Moonblast|p2a: Gyarados\n|-damage|p2a: Gyarados|0 fnt\n|faint|p2a: Gyarados\n|\n|-sideend|p2: acidmineral|move: Tailwind\n|upkeep\n|\n|t:|1683071559\n|switch|p2a: Murkrow|Murkrow, L50, F|100\/100\n|turn|5\n|\n|t:|1683071573\n|move|p1b: Yuuno|Sucker Punch|p2b: Flutter Mane\n|-damage|p2b: Flutter Mane|4\/100\n|move|p2b: Flutter Mane|Shadow Ball|p1a: Fluttershy\n|-supereffective|p1a: Fluttershy\n|-damage|p1a: Fluttershy|22\/100 par\n|move|p2a: Murkrow|Foul Play|p1b: Yuuno\n|-resisted|p1b: Yuuno\n|-damage|p1b: Yuuno|70\/100 par\n|move|p1a: Fluttershy|Moonblast|p2a: Murkrow\n|-supereffective|p2a: Murkrow\n|-damage|p2a: Murkrow|0 fnt\n|faint|p2a: Murkrow\n|\n|upkeep\n|turn|6\n|-message|acidmineral forfeited.\n|\n|win|Flutterhawk\n|raw|Flutterhawk's rating: 1040 → 1077<\/strong> (+37 for winning)\n|raw|acidmineral's rating: 1071 → 1049<\/strong> (-22 for losing)\n|l|\u2606acidmineral\n","uploadtime":1683071799,"views":14,"p1id":"flutterhawk","p2id":"acidmineral","formatid":"gen9vgc2023regulationc","rating":1049,"private":0,"password":""}