{"id":"gen9vgc2023regulationc-1851604260","p1":"testando 77777","p2":"grattastinchi","format":"[Gen 9] VGC 2023 Regulation C","log":"|j|\u2606testando 77777\n|j|\u2606grattastinchi\n|t:|1682460263\n|gametype|doubles\n|player|p1|testando 77777|169|1272\n|player|p2|grattastinchi|sailor|1181\n|teamsize|p1|6\n|teamsize|p2|6\n|gen|9\n|tier|[Gen 9] VGC 2023 Regulation C\n|rated|\n|rule|Species Clause: Limit one of each Pok\u00e9mon\n|rule|Item Clause: Limit one of each item\n|clearpoke\n|poke|p1|Amoonguss, L50, M|\n|poke|p1|Chi-Yu, L50|\n|poke|p1|Flutter Mane, L50|\n|poke|p1|Kingambit, L50, M|\n|poke|p1|Palafin, L50, F|\n|poke|p1|Iron Hands, L50|\n|poke|p2|Dudunsparce-*, L50, F|\n|poke|p2|Talonflame, L50, F|\n|poke|p2|Arcanine, L50, F|\n|poke|p2|Tyranitar, L50, F|\n|poke|p2|Lycanroc, L50, M|\n|poke|p2|Wo-Chien, L50|\n|teampreview|4\n|\n|t:|1682460314\n|start\n|switch|p1a: Iron Hands|Iron Hands, L50|100\/100\n|switch|p1b: Kingambit|Kingambit, L50, M|100\/100\n|switch|p2a: Talonflame|Talonflame, L50, F|100\/100\n|switch|p2b: Dudunsparce|Dudunsparce-Three-Segment, L50, F|100\/100\n|turn|1\n|\n|t:|1682460331\n|-terastallize|p1b: Kingambit|Flying\n|move|p1a: Iron Hands|Fake Out|p2a: Talonflame\n|-damage|p2a: Talonflame|78\/100\n|cant|p2a: Talonflame|flinch\n|move|p2b: Dudunsparce|Zen Headbutt|p1a: Iron Hands\n|-supereffective|p1a: Iron Hands\n|-damage|p1a: Iron Hands|71\/100\n|move|p1b: Kingambit|Tera Blast|p2b: Dudunsparce\n|-damage|p2b: Dudunsparce|52\/100\n|\n|upkeep\n|turn|2\n|\n|t:|1682460350\n|move|p2a: Talonflame|Tailwind|p2a: Talonflame\n|-sidestart|p2: grattastinchi|move: Tailwind\n|move|p2b: Dudunsparce|Rock Slide|p1a: Iron Hands|[spread] p1a,p1b\n|-resisted|p1a: Iron Hands\n|-supereffective|p1b: Kingambit\n|-crit|p1b: Kingambit\n|-damage|p1a: Iron Hands|66\/100\n|-damage|p1b: Kingambit|70\/100\n|cant|p1a: Iron Hands|flinch\n|move|p1b: Kingambit|Tera Blast|p2a: Talonflame\n|-damage|p2a: Talonflame|6\/100\n|\n|upkeep\n|turn|3\n|inactive|Battle timer is ON: inactive players will automatically lose when time's up. (requested by testando 77777)\n|\n|t:|1682460372\n|move|p1b: Kingambit|Sucker Punch|p2a: Talonflame\n|-damage|p2a: Talonflame|0 fnt\n|faint|p2a: Talonflame\n|move|p2b: Dudunsparce|Rock Slide|p1a: Iron Hands|[spread] p1a,p1b\n|-resisted|p1a: Iron Hands\n|-supereffective|p1b: Kingambit\n|-damage|p1a: Iron Hands|62\/100\n|-damage|p1b: Kingambit|48\/100\n|move|p1a: Iron Hands|Drain Punch|p2b: Dudunsparce\n|-supereffective|p2b: Dudunsparce\n|-damage|p2b: Dudunsparce|0 fnt\n|-heal|p1a: Iron Hands|84\/100|[from] drain|[of] p2b: Dudunsparce\n|faint|p2b: Dudunsparce\n|\n|upkeep\n|\n|t:|1682460387\n|switch|p2a: Tyranitar|Tyranitar, L50, F|100\/100\n|switch|p2b: Lycanroc|Lycanroc, L50, M|100\/100\n|-weather|Sandstorm|[from] ability: Sand Stream|[of] p2a: Tyranitar\n|turn|4\n|\n|t:|1682460403\n|-terastallize|p2a: Tyranitar|Flying\n|move|p1b: Kingambit|Protect|p1b: Kingambit\n|-singleturn|p1b: Kingambit|Protect\n|move|p2b: Lycanroc|Rock Slide|p1b: Kingambit|[spread] p1a\n|-activate|p1b: Kingambit|move: Protect\n|-resisted|p1a: Iron Hands\n|-damage|p1a: Iron Hands|75\/100\n|move|p2a: Tyranitar|Dragon Dance|p2a: Tyranitar\n|-boost|p2a: Tyranitar|atk|1\n|-boost|p2a: Tyranitar|spe|1\n|move|p1a: Iron Hands|Drain Punch|p2b: Lycanroc\n|-supereffective|p2b: Lycanroc\n|-enditem|p2b: Lycanroc|Focus Sash\n|-damage|p2b: Lycanroc|1\/100\n|-heal|p1a: Iron Hands|100\/100|[from] drain|[of] p2b: Lycanroc\n|\n|-weather|Sandstorm|[upkeep]\n|-damage|p2a: Tyranitar|95\/100|[from] Sandstorm\n|-damage|p1b: Kingambit|43\/100|[from] Sandstorm\n|-damage|p1a: Iron Hands|94\/100|[from] Sandstorm\n|upkeep\n|turn|5\n|\n|t:|1682460426\n|move|p2a: Tyranitar|Protect|p2a: Tyranitar\n|-singleturn|p2a: Tyranitar|Protect\n|move|p1b: Kingambit|Sucker Punch|p2b: Lycanroc\n|-damage|p2b: Lycanroc|0 fnt\n|faint|p2b: Lycanroc\n|move|p1a: Iron Hands|Wild Charge|p2a: Tyranitar\n|-activate|p2a: Tyranitar|move: Protect\n|\n|-weather|Sandstorm|[upkeep]\n|-damage|p2a: Tyranitar|89\/100|[from] Sandstorm\n|-damage|p1a: Iron Hands|88\/100|[from] Sandstorm\n|-damage|p1b: Kingambit|37\/100|[from] Sandstorm\n|-sideend|p2: grattastinchi|move: Tailwind\n|upkeep\n|turn|6\n|-message|grattastinchi forfeited by changing their name.\n|l|grattastinchi\n|\n|win|testando 77777\n|raw|testando 77777's rating: 1272 → 1291<\/strong> (+19 for winning)\n|raw|grattastinchi's rating: 1181 → 1162<\/strong> (-19 for losing)\n","uploadtime":1682460441,"views":16,"p1id":"testando77777","p2id":"grattastinchi","formatid":"gen9vgc2023regulationc","rating":1162,"private":0,"password":""}