{"id":"gen9vgc2023regulationc-1852093672","p1":"Just_SamueIe","p2":"Bjug_Harstad","format":"[Gen 9] VGC 2023 Regulation C","log":"|j|\u2606Just_SamueIe\n|j|\u2606Bjug_Harstad\n|t:|1682523596\n|gametype|doubles\n|player|p1|Just_SamueIe|chase|1244\n|player|p2|Bjug_Harstad|unknown|1197\n|teamsize|p1|6\n|teamsize|p2|6\n|gen|9\n|tier|[Gen 9] VGC 2023 Regulation C\n|rated|\n|rule|Species Clause: Limit one of each Pok\u00e9mon\n|rule|Item Clause: Limit one of each item\n|clearpoke\n|poke|p1|Ceruledge, L50, M|\n|poke|p1|Flutter Mane, L50|\n|poke|p1|Dragapult, L50, M|\n|poke|p1|Klefki, L50, F|\n|poke|p1|Chien-Pao, L50|\n|poke|p1|Arcanine, L50, F|\n|poke|p2|Iron Bundle, L50|\n|poke|p2|Kingambit, L50, M|\n|poke|p2|Chi-Yu, L50|\n|poke|p2|Flutter Mane, L50|\n|poke|p2|Amoonguss, L50, F|\n|poke|p2|Dragonite, L50, F|\n|teampreview|4\n|inactive|Battle timer is ON: inactive players will automatically lose when time's up. (requested by Bjug_Harstad)\nBjug_Harstad has agreed to open team sheets.\n|inactive|Just_SamueIe has 60 seconds left.\n|inactive|Bjug_Harstad has 60 seconds left.\n|\n|t:|1682523653\n|start\n|switch|p1a: Flutter Mane|Flutter Mane, L50|100\/100\n|switch|p1b: Klefki|Klefki, L50, F|100\/100\n|switch|p2a: Iron Bundle|Iron Bundle, L50|100\/100\n|switch|p2b: Kingambit|Kingambit, L50, M|100\/100\n|-enditem|p2a: Iron Bundle|Booster Energy\n|-activate|p2a: Iron Bundle|ability: Quark Drive|[fromitem]\n|-start|p2a: Iron Bundle|quarkdrivespe\n|turn|1\n|inactive|Just_SamueIe has 30 seconds left.\n|inactive|Bjug_Harstad has 30 seconds left.\n|inactive|Bjug_Harstad has 20 seconds left.\n|inactive|Bjug_Harstad has 15 seconds left.\n|inactive|Bjug_Harstad has 10 seconds left.\n|inactive|Bjug_Harstad has 5 seconds left.\n|\n|t:|1682523707\n|move|p1b: Klefki|Thunder Wave|p2a: Iron Bundle\n|-status|p2a: Iron Bundle|par\n|move|p1a: Flutter Mane|Moonblast|p2b: Kingambit\n|-damage|p2b: Kingambit|33\/100\n|-unboost|p2b: Kingambit|spa|1\n|-ability|p2b: Kingambit|Defiant|boost\n|-boost|p2b: Kingambit|atk|2\n|move|p2a: Iron Bundle|Freeze-Dry|p1a: Flutter Mane\n|-damage|p1a: Flutter Mane|63\/100\n|move|p2b: Kingambit|Kowtow Cleave|p1a: Flutter Mane\n|-damage|p1a: Flutter Mane|0 fnt\n|faint|p1a: Flutter Mane\n|-end|p1a: Flutter Mane|Protosynthesis|[silent]\n|\n|upkeep\n|\n|t:|1682523726\n|switch|p1a: Ceruledge|Ceruledge, L50, M, shiny|100\/100\n|turn|2\n|inactive|Bjug_Harstad has 30 seconds left.\n|\n|t:|1682523752\n|-terastallize|p1a: Ceruledge|Grass\n|move|p2b: Kingambit|Protect|p2b: Kingambit\n|-singleturn|p2b: Kingambit|Protect\n|move|p2a: Iron Bundle|Icy Wind|p1a: Ceruledge|[spread] p1b\n|-miss|p2a: Iron Bundle|p1a: Ceruledge\n|-resisted|p1b: Klefki\n|-damage|p1b: Klefki|87\/100\n|-unboost|p1b: Klefki|spe|1\n|move|p1a: Ceruledge|Bitter Blade|p2a: Iron Bundle\n|-damage|p2a: Iron Bundle|39\/100 par\n|move|p1b: Klefki|Foul Play|p2b: Kingambit\n|-activate|p2b: Kingambit|move: Protect\n|\n|upkeep\n|turn|3\n|inactive|Bjug_Harstad has 30 seconds left.\n|inactive|Bjug_Harstad has 20 seconds left.\n|inactive|Bjug_Harstad has 15 seconds left.\n|\n|t:|1682523796\n|move|p1a: Ceruledge|Shadow Sneak|p2a: Iron Bundle\n|-damage|p2a: Iron Bundle|9\/100 par\n|move|p1b: Klefki|Reflect|p1b: Klefki\n|-sidestart|p1: Just_SamueIe|Reflect\n|move|p2a: Iron Bundle|Freeze-Dry|p1a: Ceruledge\n|-supereffective|p1a: Ceruledge\n|-damage|p1a: Ceruledge|35\/100\n|move|p2b: Kingambit|Kowtow Cleave|p1b: Klefki\n|-resisted|p1b: Klefki\n|-damage|p1b: Klefki|52\/100\n|\n|upkeep\n|turn|4\n|\n|t:|1682523818\n|move|p1a: Ceruledge|Shadow Sneak|p2a: Iron Bundle\n|-damage|p2a: Iron Bundle|0 fnt\n|faint|p2a: Iron Bundle\n|-end|p2a: Iron Bundle|Quark Drive|[silent]\n|move|p2b: Kingambit|Sucker Punch||[still]\n|-fail|p2b: Kingambit\n|move|p1b: Klefki|Foul Play|p2b: Kingambit\n|-resisted|p2b: Kingambit\n|-damage|p2b: Kingambit|5\/100\n|\n|upkeep\n|\n|t:|1682523839\n|switch|p2a: Amoonguss|Amoonguss, L50, F|100\/100\n|turn|5\n|\n|t:|1682523847\n|move|p1a: Ceruledge|Shadow Sneak|p2b: Kingambit\n|-resisted|p2b: Kingambit\n|-damage|p2b: Kingambit|0 fnt\n|faint|p2b: Kingambit\n|move|p1b: Klefki|Thunder Wave|p2a: Amoonguss\n|-status|p2a: Amoonguss|par\n|cant|p2a: Amoonguss|par\n|\n|upkeep\n|\n|t:|1682523855\n|switch|p2b: Flutter Mane|Flutter Mane, L50|100\/100\n|turn|6\n|\n|t:|1682523869\n|switch|p1b: Chien-Pao|Chien-Pao, L50|100\/100\n|-ability|p1b: Chien-Pao|Sword of Ruin\n|move|p2a: Amoonguss|Rage Powder|p2a: Amoonguss\n|-singleturn|p2a: Amoonguss|move: Rage Powder\n|move|p1a: Ceruledge|Shadow Sneak|p2b: Flutter Mane\n|-supereffective|p2b: Flutter Mane\n|-damage|p2b: Flutter Mane|0 fnt\n|faint|p2b: Flutter Mane\n|-end|p2b: Flutter Mane|Protosynthesis|[silent]\n|\n|upkeep\n|turn|7\n|-message|Bjug_Harstad forfeited.\n|\n|win|Just_SamueIe\n|raw|Just_SamueIe's rating: 1244 → 1266<\/strong> (+22 for winning)\n|raw|Bjug_Harstad's rating: 1197 → 1175<\/strong> (-22 for losing)\n|l|\u2606Bjug_Harstad\n","uploadtime":1682523893,"views":18,"p1id":"justsamueie","p2id":"bjugharstad","formatid":"gen9vgc2023regulationc","rating":1175,"private":0,"password":""}