{"id":"gen9vgc2023regulationc-1860833706","p1":"JayMcG1010","p2":"Can'tStopFalling","format":"[Gen 9] VGC 2023 Regulation C","log":"|j|\u2606JayMcG1010\n|j|\u2606Can'tStopFalling\n|t:|1683683521\n|gametype|doubles\n|player|p1|JayMcG1010|101|\n|player|p2|Can'tStopFalling|parasollady|\n|teamsize|p1|6\n|teamsize|p2|6\n|gen|9\n|tier|[Gen 9] VGC 2023 Regulation C\n|rule|Species Clause: Limit one of each Pok\u00e9mon\n|rule|Item Clause: Limit one of each item\n|clearpoke\n|poke|p1|Orthworm, L50, F|\n|poke|p1|Garganacl, L50, M|\n|poke|p1|Flutter Mane, L50|\n|poke|p1|Ting-Lu, L50|\n|poke|p1|Amoonguss, L50, F|\n|poke|p1|Dragonite, L50, M|\n|poke|p2|Iron Bundle, L50|\n|poke|p2|Amoonguss, L50, F|\n|poke|p2|Arcanine, L50, F|\n|poke|p2|Flutter Mane, L50|\n|poke|p2|Stonjourner, L50, F|\n|poke|p2|Farigiraf, L50, F|\n|teampreview|4\nCan'tStopFalling has agreed to open team sheets.\nJayMcG1010 has agreed to open team sheets.\n|c|\u2606JayMcG1010|g1\n|c|\u2606JayMcG1010|glhf!\n|c|\u2606Can'tStopFalling|glhf\n|\n|t:|1683683616\n|start\n|switch|p1a: Orthworm|Orthworm, L50, F, shiny|100\/100\n|switch|p1b: Ting-Lu|Ting-Lu, L50|100\/100\n|switch|p2a: Papaya|Stonjourner, L50, F|100\/100\n|switch|p2b: Parchita|Flutter Mane, L50|100\/100\n|-ability|p1b: Ting-Lu|Vessel of Ruin\n|turn|1\n|\n|t:|1683683637\n|move|p2b: Parchita|Protect|p2b: Parchita\n|-singleturn|p2b: Parchita|Protect\n|move|p2a: Papaya|Protect|p2a: Papaya\n|-singleturn|p2a: Papaya|Protect\n|move|p1a: Orthworm|Heavy Slam|p2b: Parchita\n|-activate|p2b: Parchita|move: Protect\n|move|p1b: Ting-Lu|Ruination|p2a: Papaya\n|-activate|p2a: Papaya|move: Protect\n|\n|upkeep\n|turn|2\n|\n|t:|1683683659\n|-terastallize|p2b: Parchita|Fairy\n|move|p2b: Parchita|Moonblast|p1b: Ting-Lu\n|-supereffective|p1b: Ting-Lu\n|-damage|p1b: Ting-Lu|19\/100\n|-unboost|p1b: Ting-Lu|spa|1\n|-damage|p2b: Parchita|91\/100|[from] item: Life Orb\n|move|p2a: Papaya|Low Kick|p1b: Ting-Lu\n|-supereffective|p1b: Ting-Lu\n|-damage|p1b: Ting-Lu|0 fnt\n|faint|p1b: Ting-Lu\n|move|p1a: Orthworm|Iron Defense|p1a: Orthworm\n|-boost|p1a: Orthworm|def|2\n|\n|upkeep\n|\n|t:|1683683673\n|switch|p1b: Garganacl|Garganacl, L50, M, shiny|100\/100\n|turn|3\n|\n|t:|1683683702\n|-terastallize|p1b: Garganacl|Poison\n|move|p2b: Parchita|Shadow Ball|p1a: Orthworm\n|-damage|p1a: Orthworm|25\/100\n|-unboost|p1a: Orthworm|spd|1\n|-enditem|p1a: Orthworm|Sitrus Berry|[eat]\n|-heal|p1a: Orthworm|50\/100|[from] item: Sitrus Berry\n|-damage|p2b: Parchita|81\/100|[from] item: Life Orb\n|move|p2a: Papaya|Low Kick|p1a: Orthworm\n|-supereffective|p1a: Orthworm\n|-damage|p1a: Orthworm|18\/100\n|move|p1a: Orthworm|Heavy Slam|p2b: Parchita\n|-supereffective|p2b: Parchita\n|-damage|p2b: Parchita|0 fnt\n|faint|p2b: Parchita\n|-end|p2b: Parchita|Protosynthesis|[silent]\n|move|p1b: Garganacl|Salt Cure|p2a: Papaya\n|-damage|p2a: Papaya|88\/100\n|-start|p2a: Papaya|Salt Cure\n|\n|-damage|p2a: Papaya|76\/100|[from] Salt Cure\n|upkeep\n|\n|t:|1683683714\n|switch|p2b: Naranja|Amoonguss, L50, F|100\/100\n|turn|4\n|\n|t:|1683683737\n|move|p2b: Naranja|Protect|p2b: Naranja\n|-singleturn|p2b: Naranja|Protect\n|move|p2a: Papaya|Low Kick|p1a: Orthworm\n|-supereffective|p1a: Orthworm\n|-damage|p1a: Orthworm|0 fnt\n|faint|p1a: Orthworm\n|move|p1b: Garganacl|Salt Cure|p2b: Naranja\n|-activate|p2b: Naranja|move: Protect\n|\n|-damage|p2a: Papaya|64\/100|[from] Salt Cure\n|upkeep\n|\n|t:|1683683748\n|switch|p1a: Dragonite|Dragonite, L50, M|100\/100\n|turn|5\n|\n|t:|1683683771\n|move|p1a: Dragonite|Dragon Dance|p1a: Dragonite\n|-boost|p1a: Dragonite|atk|1\n|-boost|p1a: Dragonite|spe|1\n|move|p2a: Papaya|Rock Slide|p1b: Garganacl|[spread] p1a,p1b\n|-supereffective|p1a: Dragonite\n|-damage|p1a: Dragonite|37\/100\n|-damage|p1b: Garganacl|78\/100\n|cant|p1b: Garganacl|flinch\n|move|p2b: Naranja|Pollen Puff|p2a: Papaya\n|-heal|p2a: Papaya|100\/100\n|\n|-heal|p1b: Garganacl|84\/100|[from] item: Leftovers\n|-damage|p2a: Papaya|88\/100|[from] Salt Cure\n|upkeep\n|turn|6\n|\n|t:|1683683788\n|move|p1b: Garganacl|Protect|p1b: Garganacl\n|-singleturn|p1b: Garganacl|Protect\n|move|p2b: Naranja|Rage Powder|p2b: Naranja\n|-singleturn|p2b: Naranja|move: Rage Powder\n|move|p1a: Dragonite|Earthquake|p2a: Papaya|[spread] p2a,p2b\n|-activate|p1b: Garganacl|move: Protect\n|-supereffective|p2a: Papaya\n|-damage|p2a: Papaya|21\/100\n|-damage|p2b: Naranja|67\/100\n|move|p2a: Papaya|Rock Slide|p1b: Garganacl|[spread] p1a\n|-activate|p1b: Garganacl|move: Protect\n|-supereffective|p1a: Dragonite\n|-damage|p1a: Dragonite|0 fnt\n|faint|p1a: Dragonite\n|\n|-heal|p1b: Garganacl|90\/100|[from] item: Leftovers\n|-damage|p2a: Papaya|9\/100|[from] Salt Cure\n|upkeep\n|turn|7\n|\n|t:|1683683809\n|switch|p2a: Frambuesa|Iron Bundle, L50|100\/100\n|-enditem|p2a: Frambuesa|Booster Energy\n|-activate|p2a: Frambuesa|ability: Quark Drive|[fromitem]\n|-start|p2a: Frambuesa|quarkdrivespe\n|move|p2b: Naranja|Rage Powder|p2b: Naranja\n|-singleturn|p2b: Naranja|move: Rage Powder\n|move|p1b: Garganacl|Salt Cure|p2b: Naranja\n|-damage|p2b: Naranja|55\/100\n|-start|p2b: Naranja|Salt Cure\n|\n|-heal|p1b: Garganacl|96\/100|[from] item: Leftovers\n|-damage|p2b: Naranja|43\/100|[from] Salt Cure\n|upkeep\n|-enditem|p2b: Naranja|Sitrus Berry|[eat]\n|-heal|p2b: Naranja|68\/100|[from] item: Sitrus Berry\n|turn|8\n|\n|t:|1683683826\n|move|p2b: Naranja|Rage Powder|p2b: Naranja\n|-singleturn|p2b: Naranja|move: Rage Powder\n|move|p2a: Frambuesa|Hydro Pump|p1b: Garganacl\n|-damage|p1b: Garganacl|55\/100\n|move|p1b: Garganacl|Fissure|p2b: Naranja\n|-damage|p2b: Naranja|0 fnt\n|faint|p2b: Naranja\n|-ohko\n|\n|-heal|p1b: Garganacl|60\/100|[from] item: Leftovers\n|upkeep\n|\n|t:|1683683833\n|switch|p2b: Papaya|Stonjourner, L50, F|9\/100\n|turn|9\n|\n|t:|1683683841\n|move|p1b: Garganacl|Protect|p1b: Garganacl\n|-singleturn|p1b: Garganacl|Protect\n|move|p2a: Frambuesa|Hydro Pump|p1b: Garganacl\n|-activate|p1b: Garganacl|move: Protect\n|move|p2b: Papaya|Rock Slide|p1b: Garganacl\n|-activate|p1b: Garganacl|move: Protect\n|\n|-heal|p1b: Garganacl|66\/100|[from] item: Leftovers\n|upkeep\n|turn|10\n|\n|t:|1683683850\n|move|p2a: Frambuesa|Hydro Pump|p1b: Garganacl\n|-damage|p1b: Garganacl|18\/100\n|move|p2b: Papaya|Rock Slide|p1b: Garganacl\n|-damage|p1b: Garganacl|0 fnt\n|faint|p1b: Garganacl\n|\n|win|Can'tStopFalling\n|c|\u2606JayMcG1010|gg\n","uploadtime":1683683858,"views":25,"p1id":"jaymcg1010","p2id":"cantstopfalling","formatid":"gen9vgc2023regulationc","rating":0,"private":0,"password":""}