{"id":"gen9vgc2023regulationc-1848218634","p1":"Erick2803u","p2":"GarishSpace","format":"[Gen 9] VGC 2023 Regulation C","log":"|j|\u2606Erick2803u\n|j|\u2606GarishSpace\n|t:|1682043929\n|gametype|doubles\n|player|p1|Erick2803u|veteranf|\n|player|p2|GarishSpace|1|\n|teamsize|p1|6\n|teamsize|p2|6\n|gen|9\n|tier|[Gen 9] VGC 2023 Regulation C\n|rule|Species Clause: Limit one of each Pok\u00e9mon\n|rule|Item Clause: Limit one of each item\n|clearpoke\n|poke|p1|Ting-Lu, L50|\n|poke|p1|Flutter Mane, L50|\n|poke|p1|Amoonguss, L50, F|\n|poke|p1|Palafin, L50, F|\n|poke|p1|Baxcalibur, L50, M|\n|poke|p1|Arcanine, L50, M|\n|poke|p2|Flutter Mane, L50|\n|poke|p2|Chi-Yu, L50|\n|poke|p2|Amoonguss, L50, M|\n|poke|p2|Palafin, L50, M|\n|poke|p2|Chien-Pao, L50|\n|poke|p2|Dragonite, L50, M|\n|teampreview|4\nGarishSpace has agreed to open team sheets.\nErick2803u has agreed to open team sheets.\n|\n|t:|1682044012\n|start\n|switch|p1a: Arcanine|Arcanine, L50, M|100\/100\n|switch|p1b: Ting-Lu|Ting-Lu, L50|100\/100\n|switch|p2a: Chi-Yu|Chi-Yu, L50|100\/100\n|switch|p2b: Chien-Pao|Chien-Pao, L50|100\/100\n|-ability|p2a: Chi-Yu|Beads of Ruin\n|-ability|p2b: Chien-Pao|Sword of Ruin\n|-ability|p1a: Arcanine|Intimidate|boost\n|-unboost|p2a: Chi-Yu|atk|1\n|-unboost|p2b: Chien-Pao|atk|1\n|-ability|p1b: Ting-Lu|Vessel of Ruin\n|turn|1\n|\n|t:|1682044049\n|-terastallize|p2a: Chi-Yu|Water\n|move|p2a: Chi-Yu|Tera Blast|p1a: Arcanine\n|-supereffective|p1a: Arcanine\n|-damage|p1a: Arcanine|6\/100\n|move|p2b: Chien-Pao|Ice Spinner|p1b: Ting-Lu\n|-supereffective|p1b: Ting-Lu\n|-damage|p1b: Ting-Lu|57\/100\n|move|p1a: Arcanine|Flare Blitz|p2b: Chien-Pao\n|-supereffective|p2b: Chien-Pao\n|-enditem|p2b: Chien-Pao|Focus Sash\n|-damage|p2b: Chien-Pao|1\/100\n|-damage|p1a: Arcanine|0 fnt|[from] Recoil\n|faint|p1a: Arcanine\n|move|p1b: Ting-Lu|Ruination|p2a: Chi-Yu\n|-damage|p2a: Chi-Yu|51\/100\n|\n|upkeep\n|\n|t:|1682044065\n|switch|p1a: Palafin|Palafin, L50, F|100\/100\n|turn|2\n|\n|t:|1682044098\n|switch|p2b: Flutter Mane|Flutter Mane, L50|100\/100\n|-enditem|p2b: Flutter Mane|Booster Energy\n|-activate|p2b: Flutter Mane|ability: Protosynthesis|[fromitem]\n|-start|p2b: Flutter Mane|protosynthesisspe\n|switch|p1b: Baxcalibur|Baxcalibur, L50, M|100\/100\n|move|p1a: Palafin|Jet Punch|p2b: Flutter Mane\n|-damage|p2b: Flutter Mane|55\/100\n|move|p2a: Chi-Yu|Tera Blast|p1b: Baxcalibur\n|-resisted|p1b: Baxcalibur\n|-damage|p1b: Baxcalibur|74\/100\n|\n|upkeep\n|turn|3\n|\n|t:|1682044138\n|detailschange|p1a: Palafin|Palafin-Hero, L50, F\n|switch|p1a: Ting-Lu|Ting-Lu, L50|57\/100\n|-ability|p1a: Ting-Lu|Vessel of Ruin\n|move|p1b: Baxcalibur|Ice Shard|p2b: Flutter Mane\n|-damage|p2b: Flutter Mane|9\/100\n|move|p2b: Flutter Mane|Dazzling Gleam|p1b: Baxcalibur|[spread] p1a,p1b\n|-supereffective|p1a: Ting-Lu\n|-supereffective|p1b: Baxcalibur\n|-damage|p1a: Ting-Lu|29\/100\n|-damage|p1b: Baxcalibur|24\/100\n|move|p2a: Chi-Yu|Tera Blast|p1b: Baxcalibur\n|-resisted|p1b: Baxcalibur\n|-damage|p1b: Baxcalibur|6\/100\n|\n|upkeep\n|turn|4\n|\n|t:|1682044173\n|-terastallize|p1a: Ting-Lu|Grass\n|move|p2b: Flutter Mane|Protect|p2b: Flutter Mane\n|-singleturn|p2b: Flutter Mane|Protect\n|move|p1b: Baxcalibur|Protect|p1b: Baxcalibur\n|-singleturn|p1b: Baxcalibur|Protect\n|move|p2a: Chi-Yu|Tera Blast|p1b: Baxcalibur\n|-activate|p1b: Baxcalibur|move: Protect\n|move|p1a: Ting-Lu|Stomping Tantrum|p2a: Chi-Yu\n|-damage|p2a: Chi-Yu|3\/100\n|\n|upkeep\n|turn|5\n|\n|t:|1682044217\n|-end|p2b: Flutter Mane|Protosynthesis|[silent]\n|switch|p2b: Palafin|Palafin, L50, M|100\/100\n|move|p1b: Baxcalibur|Ice Shard|p2b: Palafin\n|-resisted|p2b: Palafin\n|-damage|p2b: Palafin|88\/100\n|move|p2a: Chi-Yu|Tera Blast|p1b: Baxcalibur\n|-resisted|p1b: Baxcalibur\n|-damage|p1b: Baxcalibur|0 fnt\n|faint|p1b: Baxcalibur\n|move|p1a: Ting-Lu|Stomping Tantrum|p2a: Chi-Yu\n|-damage|p2a: Chi-Yu|0 fnt\n|faint|p2a: Chi-Yu\n|\n|upkeep\n|\n|t:|1682044238\n|switch|p2a: Flutter Mane|Flutter Mane, L50|9\/100\n|switch|p1b: Palafin|Palafin-Hero, L50, F|100\/100\n|-activate|p1b: Palafin|ability: Zero to Hero\n|turn|6\n|\n|t:|1682044256\n|detailschange|p2b: Palafin|Palafin-Hero, L50, M\n|switch|p2b: Chien-Pao|Chien-Pao, L50|1\/100\n|-ability|p2b: Chien-Pao|Sword of Ruin\n|move|p2a: Flutter Mane|Protect|p2a: Flutter Mane\n|-singleturn|p2a: Flutter Mane|Protect\n|move|p1b: Palafin|Jet Punch|p2a: Flutter Mane\n|-activate|p2a: Flutter Mane|move: Protect\n|move|p1a: Ting-Lu|Stomping Tantrum|p2b: Chien-Pao\n|-damage|p2b: Chien-Pao|0 fnt\n|faint|p2b: Chien-Pao\n|\n|upkeep\n|\n|t:|1682044267\n|switch|p2b: Palafin|Palafin-Hero, L50, M|88\/100\n|-activate|p2b: Palafin|ability: Zero to Hero\n|turn|7\n|\n|t:|1682044299\n|move|p1b: Palafin|Jet Punch|p2a: Flutter Mane\n|-damage|p2a: Flutter Mane|0 fnt\n|faint|p2a: Flutter Mane\n|-end|p2a: Flutter Mane|Protosynthesis|[silent]\n|move|p2b: Palafin|Wave Crash|p1a: Ting-Lu\n|-resisted|p1a: Ting-Lu\n|-damage|p1a: Ting-Lu|0 fnt\n|faint|p1a: Ting-Lu\n|-damage|p2b: Palafin|77\/100|[from] Recoil\n|\n|upkeep\n|turn|8\n|\n|t:|1682044314\n|move|p2b: Palafin|Protect|p2b: Palafin\n|-singleturn|p2b: Palafin|Protect\n|move|p1b: Palafin|Wave Crash|p2b: Palafin\n|-activate|p2b: Palafin|move: Protect\n|\n|upkeep\n|turn|9\n|\n|t:|1682044326\n|move|p2b: Palafin|Jet Punch|p1b: Palafin\n|-resisted|p1b: Palafin\n|-damage|p1b: Palafin|78\/100\n|move|p1b: Palafin|Wave Crash|p2b: Palafin\n|-resisted|p2b: Palafin\n|-damage|p2b: Palafin|37\/100\n|-damage|p1b: Palafin|65\/100|[from] Recoil\n|\n|upkeep\n|turn|10\n|\n|t:|1682044334\n|move|p1b: Palafin|Wave Crash|p2b: Palafin\n|-resisted|p2b: Palafin\n|-damage|p2b: Palafin|0 fnt\n|faint|p2b: Palafin\n|-damage|p1b: Palafin|52\/100|[from] Recoil\n|\n|win|Erick2803u\n|c|\u2606GarishSpace|gg\n|c|\u2606Erick2803u|gg\n|l|\u2606GarishSpace\n","uploadtime":1682044342,"views":9,"p1id":"erick2803u","p2id":"garishspace","formatid":"gen9vgc2023regulationc","rating":0,"private":0,"password":""}