{"id":"gen9vgc2023regulationc-1858824658","p1":"Waffles101","p2":"Mess in Distress","format":"[Gen 9] VGC 2023 Regulation C","log":"|j|\u2606Waffles101\n|j|\u2606Mess in Distress\n|t:|1683368595\n|gametype|doubles\n|player|p1|Waffles101|aromalady|1353\n|player|p2|Mess in Distress|101|1468\n|teamsize|p1|6\n|teamsize|p2|4\n|gen|9\n|tier|[Gen 9] VGC 2023 Regulation C\n|rated|\n|rule|Species Clause: Limit one of each Pok\u00e9mon\n|rule|Item Clause: Limit one of each item\n|clearpoke\n|poke|p1|Houndstone, L50, M|\n|poke|p1|Lycanroc, L50, F|\n|poke|p1|Rotom-Wash, L50|\n|poke|p1|Tyranitar, L50, M|\n|poke|p1|Gyarados, L50, F|\n|poke|p1|Garchomp, L50, F|\n|poke|p2|Sylveon, L50, F|\n|poke|p2|Vivillon-Fancy, L50, F|\n|poke|p2|Iron Bundle, L50|\n|poke|p2|Garchomp, L50, M|\n|teampreview|4\n|\n|t:|1683368624\n|start\n|switch|p1a: Lycanroc|Lycanroc, L50, F|100\/100\n|switch|p1b: Tyranitar|Tyranitar, L50, M|100\/100\n|switch|p2a: Vivillon|Vivillon-Fancy, L50, F|100\/100\n|switch|p2b: Sylveon|Sylveon, L50, F|100\/100\n|-weather|Sandstorm|[from] ability: Sand Stream|[of] p1b: Tyranitar\n|turn|1\n|\n|t:|1683368631\n|move|p1a: Lycanroc|Rock Slide|p2b: Sylveon|[spread] p2b\n|-miss|p1a: Lycanroc|p2a: Vivillon\n|-damage|p2b: Sylveon|64\/100\n|move|p2a: Vivillon|Sleep Powder|p1b: Tyranitar\n|-status|p1b: Tyranitar|slp|[from] move: Sleep Powder\n|cant|p1b: Tyranitar|slp\n|move|p2b: Sylveon|Hyper Voice|p1a: Lycanroc|[spread] p1a,p1b\n|-supereffective|p1b: Tyranitar\n|-damage|p1a: Lycanroc|32\/100\n|-damage|p1b: Tyranitar|53\/100 slp\n|\n|-weather|Sandstorm|[upkeep]\n|-damage|p2a: Vivillon|95\/100|[from] Sandstorm\n|-damage|p2b: Sylveon|58\/100|[from] Sandstorm\n|upkeep\n|turn|2\n|\n|t:|1683368645\n|move|p2a: Vivillon|Protect|p2a: Vivillon\n|-singleturn|p2a: Vivillon|Protect\n|move|p1a: Lycanroc|Rock Slide|p2b: Sylveon|[spread] p2b\n|-activate|p2a: Vivillon|move: Protect\n|-damage|p2b: Sylveon|27\/100\n|cant|p1b: Tyranitar|slp\n|cant|p2b: Sylveon|flinch\n|\n|-weather|Sandstorm|[upkeep]\n|-damage|p2a: Vivillon|89\/100|[from] Sandstorm\n|-damage|p2b: Sylveon|21\/100|[from] Sandstorm\n|upkeep\n|turn|3\n|\n|t:|1683368674\n|switch|p2a: Garchomp|Garchomp, L50, M|100\/100\n|-terastallize|p2b: Sylveon|Steel\n|move|p1a: Lycanroc|Rock Slide|p2b: Sylveon|[spread] p2a,p2b\n|-resisted|p2a: Garchomp\n|-resisted|p2b: Sylveon\n|-damage|p2a: Garchomp|86\/100\n|-damage|p2b: Sylveon|4\/100\n|cant|p1b: Tyranitar|slp\n|cant|p2b: Sylveon|flinch\n|\n|-weather|Sandstorm|[upkeep]\n|upkeep\n|turn|4\n|\n|t:|1683368715\n|switch|p1b: Rotom|Rotom-Wash, L50|100\/100\n|switch|p2b: Vivillon|Vivillon-Fancy, L50, F|89\/100\n|move|p1a: Lycanroc|Endeavor|p2a: Garchomp\n|-damage|p2a: Garchomp|26\/100\n|-damage|p1a: Lycanroc|20\/100|[from] ability: Rough Skin|[of] p2a: Garchomp\n|move|p2a: Garchomp|Earthquake|p1b: Rotom|[spread] p1a\n|-immune|p2b: Vivillon\n|-immune|p1b: Rotom|[from] ability: Levitate\n|-supereffective|p1a: Lycanroc\n|-damage|p1a: Lycanroc|0 fnt\n|faint|p1a: Lycanroc\n|\n|-weather|Sandstorm|[upkeep]\n|-damage|p1b: Rotom|95\/100|[from] Sandstorm\n|-damage|p2b: Vivillon|83\/100|[from] Sandstorm\n|upkeep\n|\n|t:|1683368726\n|switch|p1a: Houndstone|Houndstone, L50, M|100\/100\n|turn|5\n|\n|t:|1683368735\n|move|p2a: Garchomp|Protect|p2a: Garchomp\n|-singleturn|p2a: Garchomp|Protect\n|move|p1b: Rotom|Thunderbolt|p2b: Vivillon\n|-supereffective|p2b: Vivillon\n|-damage|p2b: Vivillon|0 fnt\n|faint|p2b: Vivillon\n|move|p1a: Houndstone|Last Respects|p2a: Garchomp\n|-activate|p2a: Garchomp|move: Protect\n|\n|-weather|none\n|upkeep\n|\n|t:|1683368744\n|switch|p2b: Iron Bundle|Iron Bundle, L50, shiny|100\/100\n|-enditem|p2b: Iron Bundle|Booster Energy\n|-activate|p2b: Iron Bundle|ability: Quark Drive|[fromitem]\n|-start|p2b: Iron Bundle|quarkdrivespe\n|turn|6\n|\n|t:|1683368753\n|-terastallize|p1b: Rotom|Electric\n|move|p2b: Iron Bundle|Freeze-Dry|p1b: Rotom\n|-damage|p1b: Rotom|49\/100\n|move|p1b: Rotom|Thunderbolt|p2b: Iron Bundle\n|-supereffective|p2b: Iron Bundle\n|-damage|p2b: Iron Bundle|0 fnt\n|faint|p2b: Iron Bundle\n|-end|p2b: Iron Bundle|Quark Drive|[silent]\n|move|p2a: Garchomp|Rock Slide|p1a: Houndstone|[spread] p1a,p1b\n|-damage|p1a: Houndstone|81\/100\n|-damage|p1b: Rotom|20\/100\n|cant|p1a: Houndstone|flinch\n|\n|upkeep\n|\n|t:|1683368756\n|switch|p2b: Sylveon|Sylveon, L50, F, tera:Steel|4\/100\n|turn|7\n|\n|t:|1683368770\n|move|p1b: Rotom|Thunderbolt|p2b: Sylveon\n|-damage|p2b: Sylveon|0 fnt\n|faint|p2b: Sylveon\n|move|p2a: Garchomp|Rock Slide|p1a: Houndstone|[spread] p1a,p1b\n|-damage|p1a: Houndstone|61\/100\n|-damage|p1b: Rotom|0 fnt\n|faint|p1b: Rotom\n|move|p1a: Houndstone|Last Respects|p2a: Garchomp\n|-damage|p2a: Garchomp|0 fnt\n|faint|p2a: Garchomp\n|\n|win|Waffles101\n|raw|Waffles101's rating: 1353 → 1379<\/strong> (+26 for winning)\n|raw|Mess in Distress's rating: 1468 → 1442<\/strong> (-26 for losing)\n|l|\u2606Waffles101\n","uploadtime":1683368803,"views":12,"p1id":"waffles101","p2id":"messindistress","formatid":"gen9vgc2023regulationc","rating":1379,"private":0,"password":""}