{"id":"gen9vgc2023regulationc-1853187695","p1":"JackMcflurry7896","p2":"Alexis_student","format":"[Gen 9] VGC 2023 Regulation C","log":"|j|\u2606JackMcflurry7896\n|j|\u2606Alexis_student\n|t:|1682646049\n|gametype|doubles\n|player|p1|JackMcflurry7896|fisherman-gen4|1150\n|player|p2|Alexis_student|265|1151\n|teamsize|p1|6\n|teamsize|p2|6\n|gen|9\n|tier|[Gen 9] VGC 2023 Regulation C\n|rated|\n|rule|Species Clause: Limit one of each Pok\u00e9mon\n|rule|Item Clause: Limit one of each item\n|clearpoke\n|poke|p1|Sylveon, L50, F|\n|poke|p1|Farigiraf, L50, F|\n|poke|p1|Pelipper, L50, F|\n|poke|p1|Barraskewda, L50, F|\n|poke|p1|Garchomp, L50, F|\n|poke|p1|Amoonguss, L50, F|\n|poke|p2|Grimmsnarl, L50, M|\n|poke|p2|Gholdengo, L50|\n|poke|p2|Flutter Mane, L50|\n|poke|p2|Amoonguss, L50, F|\n|poke|p2|Iron Bundle, L50|\n|poke|p2|Chi-Yu, L50|\n|teampreview|4\n|inactive|Battle timer is ON: inactive players will automatically lose when time's up. (requested by Alexis_student)\n|\n|t:|1682646090\n|start\n|switch|p1a: Pelipper|Pelipper, L50, F, shiny|100\/100\n|switch|p1b: Barraskewda|Barraskewda, L50, F|100\/100\n|switch|p2a: Grimmsnarl|Grimmsnarl, L50, M|100\/100\n|switch|p2b: Iron Bundle|Iron Bundle, L50|100\/100\n|-weather|RainDance|[from] ability: Drizzle|[of] p1a: Pelipper\n|-enditem|p2b: Iron Bundle|Booster Energy\n|-activate|p2b: Iron Bundle|ability: Quark Drive|[fromitem]\n|-start|p2b: Iron Bundle|quarkdrivespe\n|turn|1\n|\n|t:|1682646112\n|switch|p1b: Sylveon|Sylveon, L50, F, shiny|100\/100\n|-terastallize|p2b: Iron Bundle|Grass\n|move|p2a: Grimmsnarl|Reflect|p2a: Grimmsnarl\n|-sidestart|p2: Alexis_student|Reflect\n|move|p2b: Iron Bundle|Freeze-Dry|p1a: Pelipper\n|-supereffective|p1a: Pelipper\n|-damage|p1a: Pelipper|0 fnt\n|faint|p1a: Pelipper\n|\n|-weather|RainDance|[upkeep]\n|upkeep\n|\n|t:|1682646123\n|switch|p1a: Barraskewda|Barraskewda, L50, F|100\/100\n|turn|2\n|\n|t:|1682646132\n|move|p2a: Grimmsnarl|Light Screen|p2a: Grimmsnarl\n|-sidestart|p2: Alexis_student|move: Light Screen\n|move|p1a: Barraskewda|Close Combat|p2b: Iron Bundle\n|-damage|p2b: Iron Bundle|58\/100\n|-unboost|p1a: Barraskewda|def|1\n|-unboost|p1a: Barraskewda|spd|1\n|-damage|p1a: Barraskewda|91\/100|[from] item: Life Orb\n|move|p2b: Iron Bundle|Freeze-Dry|p1a: Barraskewda\n|-supereffective|p1a: Barraskewda\n|-damage|p1a: Barraskewda|0 fnt\n|faint|p1a: Barraskewda\n|move|p1b: Sylveon|Hyper Voice|p2a: Grimmsnarl|[spread] p2a,p2b\n|-supereffective|p2a: Grimmsnarl\n|-damage|p2a: Grimmsnarl|37\/100\n|-damage|p2b: Iron Bundle|3\/100\n|\n|-weather|RainDance|[upkeep]\n|upkeep\n|\n|t:|1682646137\n|switch|p1a: Garchomp|Garchomp, L50, F, shiny|100\/100\n|turn|3\n|\n|t:|1682646155\n|move|p1a: Garchomp|Protect|p1a: Garchomp\n|-singleturn|p1a: Garchomp|Protect\n|move|p2b: Iron Bundle|Freeze-Dry|p1a: Garchomp\n|-activate|p1a: Garchomp|move: Protect\n|move|p1b: Sylveon|Hyper Voice|p2a: Grimmsnarl|[spread] p2a,p2b\n|-supereffective|p2a: Grimmsnarl\n|-damage|p2a: Grimmsnarl|0 fnt\n|-damage|p2b: Iron Bundle|0 fnt\n|faint|p2a: Grimmsnarl\n|faint|p2b: Iron Bundle\n|-end|p2b: Iron Bundle|Quark Drive|[silent]\n|\n|-weather|RainDance|[upkeep]\n|upkeep\n|\n|t:|1682646168\n|switch|p2b: Chi-Yu|Chi-Yu, L50|100\/100\n|switch|p2a: Gholdengo|Gholdengo, L50|100\/100\n|-ability|p2b: Chi-Yu|Beads of Ruin\n|turn|4\n|\n|t:|1682646179\n|-terastallize|p1a: Garchomp|Ground\n|move|p1b: Sylveon|Detect|p1b: Sylveon\n|-singleturn|p1b: Sylveon|Protect\n|move|p1a: Garchomp|Earthquake|p2a: Gholdengo|[spread] p2a,p2b\n|-activate|p1b: Sylveon|move: Protect\n|-supereffective|p2a: Gholdengo\n|-supereffective|p2b: Chi-Yu\n|-damage|p2a: Gholdengo|34\/100\n|-damage|p2b: Chi-Yu|13\/100\n|move|p2b: Chi-Yu|Dark Pulse|p1a: Garchomp\n|-damage|p1a: Garchomp|36\/100\n|move|p2a: Gholdengo|Make It Rain|p1b: Sylveon|[spread] p1a\n|-activate|p1b: Sylveon|move: Protect\n|-damage|p1a: Garchomp|0 fnt\n|-unboost|p2a: Gholdengo|spa|1\n|faint|p1a: Garchomp\n|\n|-weather|RainDance|[upkeep]\n|-heal|p2a: Gholdengo|40\/100|[from] item: Leftovers\n|upkeep\n|turn|5\n|inactive|Alexis_student has 30 seconds left.\n|\n|t:|1682646206\n|move|p2b: Chi-Yu|Dark Pulse|p1b: Sylveon\n|-resisted|p1b: Sylveon\n|-damage|p1b: Sylveon|76\/100\n|cant|p1b: Sylveon|flinch\n|move|p2a: Gholdengo|Make It Rain|p1b: Sylveon\n|-supereffective|p1b: Sylveon\n|-damage|p1b: Sylveon|0 fnt\n|-unboost|p2a: Gholdengo|spa|1\n|faint|p1b: Sylveon\n|\n|win|Alexis_student\n|raw|JackMcflurry7896's rating: 1150 → 1125<\/strong> (-25 for losing)\n|raw|Alexis_student's rating: 1151 → 1176<\/strong> (+25 for winning)\n|l|\u2606JackMcflurry7896\n","uploadtime":1682646220,"views":6,"p1id":"jackmcflurry7896","p2id":"alexisstudent","formatid":"gen9vgc2023regulationc","rating":1125,"private":0,"password":""}