{"id":"gen9vgc2023regulationc-1851706491","p1":"Daleseries3","p2":"The Umpire","format":"[Gen 9] VGC 2023 Regulation C","log":"|j|\u2606Daleseries3\n|j|\u2606The Umpire\n|t:|1682472344\n|gametype|doubles\n|player|p1|Daleseries3|265|1614\n|player|p2|The Umpire|volkner|1789\n|teamsize|p1|6\n|teamsize|p2|6\n|gen|9\n|tier|[Gen 9] VGC 2023 Regulation C\n|rated|\n|rule|Species Clause: Limit one of each Pok\u00e9mon\n|rule|Item Clause: Limit one of each item\n|clearpoke\n|poke|p1|Flutter Mane, L50|\n|poke|p1|Amoonguss, L50, M|\n|poke|p1|Hariyama, L50, F|\n|poke|p1|Chi-Yu, L50|\n|poke|p1|Iron Bundle, L50|\n|poke|p1|Dragonite, L50, F|\n|poke|p2|Iron Bundle, L50|\n|poke|p2|Chi-Yu, L50|\n|poke|p2|Dondozo, L50, M|\n|poke|p2|Tatsugiri, L50, F|\n|poke|p2|Dragonite, L50, M|\n|poke|p2|Glimmora, L50, M|\n|teampreview|4\n|inactive|Battle timer is ON: inactive players will automatically lose when time's up. (requested by The Umpire)\n|\n|t:|1682472435\n|start\n|switch|p1a: Hariyama|Hariyama, L50, F|100\/100\n|switch|p1b: Flutter Mane|Flutter Mane, L50|100\/100\n|switch|p2a: Iron Bundle|Iron Bundle, L50, shiny|100\/100\n|switch|p2b: Glimmora|Glimmora, L50, M, shiny|100\/100\n|-enditem|p2a: Iron Bundle|Booster Energy\n|-activate|p2a: Iron Bundle|ability: Quark Drive|[fromitem]\n|-start|p2a: Iron Bundle|quarkdrivespe\n|turn|1\n|inactive|Daleseries3 has 30 seconds left.\n|inactive|The Umpire has 30 seconds left.\n|inactive|Daleseries3 has 20 seconds left.\n|inactive|Daleseries3 has 15 seconds left.\n|\n|t:|1682472475\n|move|p2a: Iron Bundle|Protect|p2a: Iron Bundle\n|-singleturn|p2a: Iron Bundle|Protect\n|move|p1a: Hariyama|Fake Out|p2b: Glimmora\n|-resisted|p2b: Glimmora\n|-damage|p2b: Glimmora|95\/100\n|-activate|p2b: Glimmora|ability: Toxic Debris\n|-sidestart|p1: Daleseries3|move: Toxic Spikes\n|move|p1b: Flutter Mane|Shadow Ball|p2a: Iron Bundle\n|-activate|p2a: Iron Bundle|move: Protect\n|cant|p2b: Glimmora|flinch\n|\n|-status|p1a: Hariyama|brn|[from] item: Flame Orb\n|upkeep\n|turn|2\n|inactive|The Umpire has 30 seconds left.\n|\n|t:|1682472505\n|move|p2a: Iron Bundle|Hydro Pump|p1b: Flutter Mane\n|-damage|p1b: Flutter Mane|43\/100\n|move|p1b: Flutter Mane|Shadow Ball|p2a: Iron Bundle\n|-damage|p2a: Iron Bundle|0 fnt\n|faint|p2a: Iron Bundle\n|-end|p2a: Iron Bundle|Quark Drive|[silent]\n|move|p2b: Glimmora|Power Gem|p1b: Flutter Mane\n|-damage|p1b: Flutter Mane|4\/100\n|move|p1a: Hariyama|Headlong Rush|p2b: Glimmora\n|-supereffective|p2b: Glimmora\n|-damage|p2b: Glimmora|0 fnt\n|-unboost|p1a: Hariyama|def|1\n|-unboost|p1a: Hariyama|spd|1\n|-activate|p2b: Glimmora|ability: Toxic Debris\n|-sidestart|p1: Daleseries3|move: Toxic Spikes\n|faint|p2b: Glimmora\n|\n|-damage|p1a: Hariyama|95\/100 brn|[from] brn\n|upkeep\n|\n|t:|1682472515\n|switch|p2a: Dragonite|Dragonite, L50, M|100\/100\n|switch|p2b: Chi-Yu|Chi-Yu, L50|100\/100\n|-ability|p2b: Chi-Yu|Beads of Ruin\n|turn|3\n|inactive|Daleseries3 has 30 seconds left.\n|\n|t:|1682472548\n|-terastallize|p2a: Dragonite|Normal\n|move|p2a: Dragonite|Extreme Speed|p1a: Hariyama\n|-damage|p1a: Hariyama|0 fnt\n|faint|p1a: Hariyama\n|move|p1b: Flutter Mane|Shadow Ball|p2a: Dragonite\n|-immune|p2a: Dragonite\n|move|p2b: Chi-Yu|Heat Wave|p1b: Flutter Mane\n|-damage|p1b: Flutter Mane|0 fnt\n|faint|p1b: Flutter Mane\n|-end|p1b: Flutter Mane|Protosynthesis|[silent]\n|\n|upkeep\n|\n|t:|1682472554\n|switch|p1b: Iron Bundle|Iron Bundle, L50|100\/100\n|switch|p1a: Amoonguss|Amoonguss, L50, M|100\/100\n|-status|p1b: Iron Bundle|tox\n|-sideend|p1: Daleseries3|move: Toxic Spikes|[of] p1a: Amoonguss\n|-enditem|p1b: Iron Bundle|Booster Energy\n|-activate|p1b: Iron Bundle|ability: Quark Drive|[fromitem]\n|-start|p1b: Iron Bundle|quarkdrivespe\n|turn|4\n|inactive|Daleseries3 has 30 seconds left.\n|inactive|Daleseries3 has 20 seconds left.\n|inactive|Daleseries3 has 15 seconds left.\n|j| Pr0xsome\n|inactive|Daleseries3 has 10 seconds left.\n|inactive|Daleseries3 has 5 seconds left.\n|\n|t:|1682472606\n|-terastallize|p1a: Amoonguss|Water\n|move|p1b: Iron Bundle|Protect|p1b: Iron Bundle\n|-singleturn|p1b: Iron Bundle|Protect\n|move|p2a: Dragonite|Extreme Speed|p1a: Amoonguss\n|-damage|p1a: Amoonguss|46\/100\n|-enditem|p1a: Amoonguss|Sitrus Berry|[eat]\n|-heal|p1a: Amoonguss|70\/100|[from] item: Sitrus Berry\n|move|p2b: Chi-Yu|Dark Pulse|p1a: Amoonguss\n|-damage|p1a: Amoonguss|25\/100\n|cant|p1a: Amoonguss|flinch\n|\n|-damage|p1b: Iron Bundle|94\/100 tox|[from] psn\n|upkeep\n|turn|5\n|inactive|Daleseries3 has 30 seconds left.\n|\n|t:|1682472637\n|move|p2a: Dragonite|Extreme Speed|p1a: Amoonguss\n|-damage|p1a: Amoonguss|0 fnt\n|faint|p1a: Amoonguss\n|move|p1b: Iron Bundle|Hydro Pump|p2b: Chi-Yu\n|-supereffective|p2b: Chi-Yu\n|-enditem|p2b: Chi-Yu|Focus Sash\n|-damage|p2b: Chi-Yu|1\/100\n|move|p2b: Chi-Yu|Dark Pulse|p1b: Iron Bundle\n|-crit|p1b: Iron Bundle\n|-damage|p1b: Iron Bundle|0 fnt\n|faint|p1b: Iron Bundle\n|-end|p1b: Iron Bundle|Quark Drive|[silent]\n|\n|win|The Umpire\n|raw|Daleseries3's rating: 1614 → 1603<\/strong> (-11 for losing)\n|raw|The Umpire's rating: 1789 → 1800<\/strong> (+11 for winning)\n|l|\u2606The Umpire\n","uploadtime":1682472660,"views":15,"p1id":"daleseries3","p2id":"theumpire","formatid":"gen9vgc2023regulationc","rating":1603,"private":0,"password":""}