{"id":"gen9vgc2023regulationc-1848896415","p1":"teft","p2":"rudyxkam","format":"[Gen 9] VGC 2023 Regulation C","log":"|j|\u2606teft\n|j|\u2606rudyxkam\n|t:|1682123211\n|gametype|doubles\n|player|p1|teft|1|1243\n|player|p2|rudyxkam|gardenia|1225\n|teamsize|p1|6\n|teamsize|p2|6\n|gen|9\n|tier|[Gen 9] VGC 2023 Regulation C\n|rated|\n|rule|Species Clause: Limit one of each Pok\u00e9mon\n|rule|Item Clause: Limit one of each item\n|clearpoke\n|poke|p1|Roaring Moon, L50|\n|poke|p1|Flutter Mane, L50|\n|poke|p1|Palafin, L50, F|\n|poke|p1|Arcanine, L50, M|\n|poke|p1|Amoonguss, L50, M|\n|poke|p1|Ting-Lu, L50|\n|poke|p2|Grimmsnarl, L50, M|\n|poke|p2|Talonflame, L50, M|\n|poke|p2|Baxcalibur, L50, F|\n|poke|p2|Corviknight, L50, M|\n|poke|p2|Ting-Lu, L50|\n|poke|p2|Flutter Mane, L50|\n|teampreview|4\n|inactive|Battle timer is ON: inactive players will automatically lose when time's up. (requested by rudyxkam)\nrudyxkam has agreed to open team sheets.\nteft has agreed to open team sheets.\n|c|\u2606rudyxkam|glhf!\n|c|\u2606teft|glhf\n|inactive|teft has 60 seconds left.\n|inactive|rudyxkam has 60 seconds left.\n|inactive|rudyxkam has 30 seconds left.\n|\n|t:|1682123279\n|start\n|switch|p1a: Palafin|Palafin, L50, F|100\/100\n|switch|p1b: Ting-Lu|Ting-Lu, L50|100\/100\n|switch|p2a: King Caesar|Grimmsnarl, L50, M, shiny|100\/100\n|switch|p2b: Gigan|Corviknight, L50, M, shiny|100\/100\n|-ability|p1b: Ting-Lu|Vessel of Ruin\n|turn|1\n|inactive|rudyxkam has 30 seconds left.\n|\n|t:|1682123311\n|detailschange|p1a: Palafin|Palafin-Hero, L50, F\n|switch|p1a: Arcanine|Arcanine, L50, M|100\/100\n|-ability|p1a: Arcanine|Intimidate|boost\n|-unboost|p2a: King Caesar|atk|1\n|-ability|p2b: Gigan|Mirror Armor\n|-unboost|p1a: Arcanine|atk|1\n|move|p2a: King Caesar|Thunder Wave|p1a: Arcanine\n|-status|p1a: Arcanine|par\n|move|p2b: Gigan|Bulk Up|p2b: Gigan\n|-boost|p2b: Gigan|atk|1\n|-boost|p2b: Gigan|def|1\n|move|p1b: Ting-Lu|Ruination|p2b: Gigan\n|-damage|p2b: Gigan|51\/100\n|\n|upkeep\n|turn|2\n|inactive|teft has 30 seconds left.\n|inactive|rudyxkam has 30 seconds left.\n|inactive|teft has 20 seconds left.\n|\n|t:|1682123350\n|move|p2a: King Caesar|Reflect|p2a: King Caesar\n|-sidestart|p2: rudyxkam|Reflect\n|move|p2b: Gigan|Bulk Up|p2b: Gigan\n|-boost|p2b: Gigan|atk|1\n|-boost|p2b: Gigan|def|1\n|move|p1b: Ting-Lu|Stomping Tantrum|p2a: King Caesar\n|-damage|p2a: King Caesar|74\/100\n|cant|p1a: Arcanine|par\n|\n|upkeep\n|turn|3\n|\n|t:|1682123365\n|switch|p1b: Palafin|Palafin-Hero, L50, F|100\/100\n|-activate|p1b: Palafin|ability: Zero to Hero\n|move|p2b: Gigan|Roost|p2b: Gigan\n|-heal|p2b: Gigan|100\/100\n|-singleturn|p2b: Gigan|move: Roost\n|move|p2a: King Caesar|Spirit Break|p1b: Palafin\n|-damage|p1b: Palafin|83\/100\n|-unboost|p1b: Palafin|spa|1\n|move|p1a: Arcanine|Will-O-Wisp|p2b: Gigan\n|-status|p2b: Gigan|brn\n|\n|-damage|p2b: Gigan|95\/100 brn|[from] brn\n|upkeep\n|turn|4\n|\n|t:|1682123387\n|move|p2a: King Caesar|Thunder Wave|p1b: Palafin\n|-status|p1b: Palafin|par\n|move|p2b: Gigan|Brave Bird|p1b: Palafin\n|-damage|p1b: Palafin|49\/100 par\n|-damage|p2b: Gigan|83\/100 brn|[from] Recoil\n|move|p1a: Arcanine|Will-O-Wisp|p2a: King Caesar\n|-status|p2a: King Caesar|brn\n|move|p1b: Palafin|Haze|p1b: Palafin\n|-clearallboost\n|\n|-damage|p2b: Gigan|78\/100 brn|[from] brn\n|-damage|p2a: King Caesar|68\/100 brn|[from] brn\n|upkeep\n|turn|5\n|inactive|rudyxkam has 30 seconds left.\n|\n|t:|1682123412\n|move|p1b: Palafin|Protect|p1b: Palafin\n|-singleturn|p1b: Palafin|Protect\n|move|p2b: Gigan|Brave Bird|p1b: Palafin\n|-activate|p1b: Palafin|move: Protect\n|move|p2a: King Caesar|Spirit Break|p1b: Palafin\n|-activate|p1b: Palafin|move: Protect\n|move|p1a: Arcanine|Howl|p1a: Arcanine|[spread] p1a,p1b\n|-boost|p1a: Arcanine|atk|1\n|-boost|p1b: Palafin|atk|1\n|\n|-damage|p2b: Gigan|72\/100 brn|[from] brn\n|-damage|p2a: King Caesar|62\/100 brn|[from] brn\n|upkeep\n|turn|6\n|inactive|teft has 30 seconds left.\n|\n|t:|1682123440\n|move|p2b: Gigan|Bulk Up|p2b: Gigan\n|-boost|p2b: Gigan|atk|1\n|-boost|p2b: Gigan|def|1\n|move|p2a: King Caesar|Spirit Break|p1b: Palafin\n|-damage|p1b: Palafin|36\/100 par\n|-unboost|p1b: Palafin|spa|1\n|move|p1a: Arcanine|Flare Blitz|p2b: Gigan\n|-supereffective|p2b: Gigan\n|-damage|p2b: Gigan|27\/100 brn\n|-damage|p1a: Arcanine|85\/100 par|[from] Recoil\n|cant|p1b: Palafin|par\n|\n|-damage|p2b: Gigan|21\/100 brn|[from] brn\n|-damage|p2a: King Caesar|56\/100 brn|[from] brn\n|upkeep\n|turn|7\n|\n|t:|1682123460\n|-terastallize|p2b: Gigan|Dragon\n|move|p2b: Gigan|Roost|p2b: Gigan\n|-heal|p2b: Gigan|71\/100 brn\n|move|p2a: King Caesar|Spirit Break|p1b: Palafin\n|-damage|p1b: Palafin|22\/100 par\n|-unboost|p1b: Palafin|spa|1\n|move|p1a: Arcanine|Howl|p1a: Arcanine|[spread] p1a,p1b\n|-boost|p1a: Arcanine|atk|1\n|-boost|p1b: Palafin|atk|1\n|move|p1b: Palafin|Haze|p1b: Palafin\n|-clearallboost\n|\n|-damage|p2b: Gigan|65\/100 brn|[from] brn\n|-damage|p2a: King Caesar|50\/100 brn|[from] brn\n|upkeep\n|turn|8\n|\n|t:|1682123479\n|move|p1b: Palafin|Protect|p1b: Palafin\n|-singleturn|p1b: Palafin|Protect\n|move|p2b: Gigan|Brave Bird|p1b: Palafin\n|-activate|p1b: Palafin|move: Protect\n|move|p2a: King Caesar|Spirit Break|p1b: Palafin\n|-activate|p1b: Palafin|move: Protect\n|move|p1a: Arcanine|Flare Blitz|p2b: Gigan\n|-resisted|p2b: Gigan\n|-damage|p2b: Gigan|54\/100 brn\n|-damage|p1a: Arcanine|81\/100 par|[from] Recoil\n|\n|-damage|p2b: Gigan|48\/100 brn|[from] brn\n|-damage|p2a: King Caesar|44\/100 brn|[from] brn\n|upkeep\n|turn|9\n|\n|t:|1682123501\n|switch|p1b: Ting-Lu|Ting-Lu, L50|100\/100\n|-ability|p1b: Ting-Lu|Vessel of Ruin\n|cant|p1a: Arcanine|par\n|move|p2b: Gigan|Brave Bird|p1b: Ting-Lu\n|-damage|p1b: Ting-Lu|89\/100\n|-damage|p2b: Gigan|44\/100 brn|[from] Recoil\n|move|p2a: King Caesar|Spirit Break|p1b: Ting-Lu\n|-supereffective|p1b: Ting-Lu\n|-damage|p1b: Ting-Lu|70\/100\n|-unboost|p1b: Ting-Lu|spa|1\n|\n|-damage|p2b: Gigan|38\/100 brn|[from] brn\n|-damage|p2a: King Caesar|38\/100 brn|[from] brn\n|-sideend|p2: rudyxkam|Reflect\n|upkeep\n|turn|10\n|inactive|teft has 30 seconds left.\n|\n|t:|1682123528\n|move|p2b: Gigan|Roost|p2b: Gigan\n|-heal|p2b: Gigan|88\/100 brn\n|move|p2a: King Caesar|Spirit Break|p1b: Ting-Lu\n|-supereffective|p1b: Ting-Lu\n|-damage|p1b: Ting-Lu|51\/100\n|-unboost|p1b: Ting-Lu|spa|1\n|move|p1b: Ting-Lu|Stomping Tantrum|p2b: Gigan\n|-damage|p2b: Gigan|65\/100 brn\n|move|p1a: Arcanine|Howl|p1a: Arcanine|[spread] p1a,p1b\n|-boost|p1a: Arcanine|atk|1\n|-boost|p1b: Ting-Lu|atk|1\n|\n|-damage|p2b: Gigan|59\/100 brn|[from] brn\n|-damage|p2a: King Caesar|32\/100 brn|[from] brn\n|upkeep\n|turn|11\n|\n|t:|1682123545\n|move|p1a: Arcanine|Extreme Speed|p2a: King Caesar\n|-damage|p2a: King Caesar|0 fnt\n|faint|p2a: King Caesar\n|move|p2b: Gigan|Bulk Up|p2b: Gigan\n|-boost|p2b: Gigan|atk|1\n|-boost|p2b: Gigan|def|1\n|move|p1b: Ting-Lu|Stomping Tantrum|p2b: Gigan\n|-damage|p2b: Gigan|32\/100 brn\n|\n|-damage|p2b: Gigan|26\/100 brn|[from] brn\n|upkeep\n|\n|t:|1682123557\n|switch|p2a: Shobijin|Flutter Mane, L50, shiny|100\/100\n|turn|12\n|\n|t:|1682123567\n|move|p1a: Arcanine|Extreme Speed|p2b: Gigan\n|-damage|p2b: Gigan|10\/100 brn\n|move|p2a: Shobijin|Moonblast|p1b: Ting-Lu\n|-supereffective|p1b: Ting-Lu\n|-damage|p1b: Ting-Lu|0 fnt\n|faint|p1b: Ting-Lu\n|move|p2b: Gigan|Roost|p2b: Gigan\n|-heal|p2b: Gigan|60\/100 brn\n|\n|-damage|p2b: Gigan|54\/100 brn|[from] brn\n|upkeep\n|\n|t:|1682123582\n|switch|p1b: Flutter Mane|Flutter Mane, L50|100\/100\n|turn|13\n|\n|t:|1682123598\n|-terastallize|p1b: Flutter Mane|Fairy\n|move|p1b: Flutter Mane|Shadow Ball|p2a: Shobijin\n|-supereffective|p2a: Shobijin\n|-damage|p2a: Shobijin|0 fnt\n|faint|p2a: Shobijin\n|-end|p2a: Shobijin|Protosynthesis|[silent]\n|move|p2b: Gigan|Iron Head|p1b: Flutter Mane\n|-supereffective|p1b: Flutter Mane\n|-damage|p1b: Flutter Mane|30\/100\n|move|p1a: Arcanine|Flare Blitz|p2b: Gigan\n|-resisted|p2b: Gigan\n|-damage|p2b: Gigan|38\/100 brn\n|-damage|p1a: Arcanine|76\/100 par|[from] Recoil\n|\n|-damage|p2b: Gigan|32\/100 brn|[from] brn\n|upkeep\n|\n|t:|1682123608\n|switch|p2a: T. Gojira|Baxcalibur, L50, F, shiny|100\/100\n|turn|14\n|\n|t:|1682123621\n|move|p2a: T. Gojira|Ice Shard|p1b: Flutter Mane\n|-damage|p1b: Flutter Mane|0 fnt\n|faint|p1b: Flutter Mane\n|-end|p1b: Flutter Mane|Protosynthesis|[silent]\n|move|p2b: Gigan|Roost|p2b: Gigan\n|-heal|p2b: Gigan|82\/100 brn\n|cant|p1a: Arcanine|par\n|\n|-damage|p2b: Gigan|77\/100 brn|[from] brn\n|upkeep\n|\n|t:|1682123629\n|switch|p1b: Palafin|Palafin-Hero, L50, F|22\/100 par\n|turn|15\n|\n|t:|1682123637\n|move|p1b: Palafin|Protect|p1b: Palafin\n|-singleturn|p1b: Palafin|Protect\n|move|p2a: T. Gojira|Glaive Rush|p1a: Arcanine\n|-damage|p1a: Arcanine|4\/100 par\n|-singlemove|p2a: T. Gojira|Glaive Rush|[silent]\n|move|p2b: Gigan|Brave Bird|p1b: Palafin\n|-activate|p1b: Palafin|move: Protect\n|move|p1a: Arcanine|Will-O-Wisp|p2a: T. Gojira\n|-immune|p2a: T. Gojira|[from] ability: Thermal Exchange\n|\n|-damage|p2b: Gigan|71\/100 brn|[from] brn\n|upkeep\n|turn|16\n|c|\u2606rudyxkam|gg\n|\n|t:|1682123653\n|move|p1a: Arcanine|Extreme Speed|p2a: T. Gojira\n|-damage|p2a: T. Gojira|47\/100\n|move|p2a: T. Gojira|Ice Shard|p1a: Arcanine\n|-resisted|p1a: Arcanine\n|-damage|p1a: Arcanine|0 fnt\n|faint|p1a: Arcanine\n|move|p1b: Palafin|Jet Punch|p2a: T. Gojira\n|-resisted|p2a: T. Gojira\n|-damage|p2a: T. Gojira|26\/100\n|move|p2b: Gigan|Brave Bird|p1b: Palafin\n|-damage|p1b: Palafin|0 fnt\n|faint|p1b: Palafin\n|-damage|p2b: Gigan|63\/100 brn|[from] Recoil\n|\n|win|rudyxkam\n|raw|teft's rating: 1243 → 1217<\/strong> (-26 for losing)\n|raw|rudyxkam's rating: 1225 → 1251<\/strong> (+26 for winning)\n|l|\u2606teft\n","uploadtime":1682123678,"views":7,"p1id":"teft","p2id":"rudyxkam","formatid":"gen9vgc2023regulationc","rating":1217,"private":0,"password":""}