{"id":"gen9vgc2023regulationc-1859294650","p1":"LUMOO","p2":"Maractus garden","format":"[Gen 9] VGC 2023 Regulation C","log":"|j|\u2606LUMOO\n|j|\u2606Maractus garden\n|t:|1683429999\n|gametype|doubles\n|player|p1|LUMOO|102|1209\n|player|p2|Maractus garden|wattson|1210\n|teamsize|p1|6\n|teamsize|p2|6\n|gen|9\n|tier|[Gen 9] VGC 2023 Regulation C\n|rated|\n|rule|Species Clause: Limit one of each Pok\u00e9mon\n|rule|Item Clause: Limit one of each item\n|clearpoke\n|poke|p1|Farigiraf, L50, F|\n|poke|p1|Iron Hands, L50|\n|poke|p1|Gyarados, L50, F|\n|poke|p1|Ting-Lu, L50|\n|poke|p1|Amoonguss, L50, F|\n|poke|p1|Scizor, L50, M|\n|poke|p2|Ting-Lu, L50|\n|poke|p2|Abomasnow, L50, F|\n|poke|p2|Flutter Mane, L50|\n|poke|p2|Iron Hands, L50|\n|poke|p2|Bronzong, L50|\n|poke|p2|Arcanine, L50, M|\n|teampreview|4\nMaractus garden rejected open team sheets.\n|inactive|Battle timer is ON: inactive players will automatically lose when time's up. (requested by LUMOO)\n|\n|t:|1683430062\n|start\n|switch|p1a: Scizor|Scizor, L50, M|100\/100\n|switch|p1b: Farigiraf|Farigiraf, L50, F|100\/100\n|switch|p2a: Ting-Lu|Ting-Lu, L50|100\/100\n|switch|p2b: Abomasnow|Abomasnow, L50, F|100\/100\n|-weather|Snow|[from] ability: Snow Warning|[of] p2b: Abomasnow\n|-ability|p2a: Ting-Lu|Vessel of Ruin\n|turn|1\n|inactive|LUMOO has 30 seconds left.\n|inactive|Maractus garden has 30 seconds left.\n|inactive|Maractus garden has 20 seconds left.\n|inactive|Maractus garden has 15 seconds left.\n|\n|t:|1683430105\n|move|p1a: Scizor|U-turn|p2a: Ting-Lu\n|-supereffective|p2a: Ting-Lu\n|-damage|p2a: Ting-Lu|54\/100\n|\n|t:|1683430108\n|switch|p1a: Gyarados|Gyarados, L50, F|100\/100|[from] U-turn\n|-ability|p1a: Gyarados|Intimidate|boost\n|-unboost|p2a: Ting-Lu|atk|1\n|-unboost|p2b: Abomasnow|atk|1\n|move|p1b: Farigiraf|Psyshock|p2b: Abomasnow\n|-damage|p2b: Abomasnow|76\/100\n|move|p2b: Abomasnow|Blizzard|p1b: Farigiraf|[spread] p1a,p1b\n|-damage|p1a: Gyarados|72\/100\n|-damage|p1b: Farigiraf|71\/100\n|move|p2a: Ting-Lu|Throat Chop|p1b: Farigiraf\n|-supereffective|p1b: Farigiraf\n|-damage|p1b: Farigiraf|0 fnt\n|faint|p1b: Farigiraf\n|\n|-weather|Snow|[upkeep]\n|upkeep\n|\n|t:|1683430125\n|switch|p1b: Scizor|Scizor, L50, M|100\/100\n|turn|2\n|\n|t:|1683430141\n|switch|p2a: Iron Hands|Iron Hands, L50|100\/100\n|move|p2b: Abomasnow|Protect|p2b: Abomasnow\n|-singleturn|p2b: Abomasnow|Protect\n|move|p1a: Gyarados|Thunder Wave|p2b: Abomasnow\n|-activate|p2b: Abomasnow|move: Protect\n|move|p1b: Scizor|Close Combat|p2a: Iron Hands\n|-damage|p2a: Iron Hands|70\/100\n|-unboost|p1b: Scizor|def|1\n|-unboost|p1b: Scizor|spd|1\n|\n|-weather|Snow|[upkeep]\n|upkeep\n|turn|3\n|inactive|Maractus garden has 30 seconds left.\n|inactive|Maractus garden has 20 seconds left.\n|inactive|Maractus garden has 15 seconds left.\n|\n|t:|1683430185\n|switch|p1a: Ting-Lu|Ting-Lu, L50|100\/100\n|-ability|p1a: Ting-Lu|Vessel of Ruin\n|move|p1b: Scizor|Bullet Punch|p2b: Abomasnow\n|-supereffective|p2b: Abomasnow\n|-damage|p2b: Abomasnow|29\/100\n|-enditem|p2b: Abomasnow|Weakness Policy\n|-boost|p2b: Abomasnow|atk|2|[from] item: Weakness Policy\n|-boost|p2b: Abomasnow|spa|2|[from] item: Weakness Policy\n|move|p2b: Abomasnow|Giga Drain|p1a: Ting-Lu\n|-supereffective|p1a: Ting-Lu\n|-damage|p1a: Ting-Lu|52\/100\n|-heal|p2b: Abomasnow|59\/100|[from] drain|[of] p1a: Ting-Lu\n|move|p2a: Iron Hands|Wild Charge|p1a: Ting-Lu\n|-immune|p1a: Ting-Lu\n|\n|-weather|Snow|[upkeep]\n|upkeep\n|turn|4\n|inactive|LUMOO has 30 seconds left.\n|inactive|Maractus garden has 30 seconds left.\n|\n|t:|1683430213\n|-end|p2a: Iron Hands|Quark Drive|[silent]\n|switch|p2a: Arcanine|Arcanine, L50, M|100\/100\n|-ability|p2a: Arcanine|Intimidate|boost\n|-unboost|p1a: Ting-Lu|atk|1\n|-fail|p1b: Scizor|unboost|[from] item: Clear Amulet|[of] p1b: Scizor\n|-terastallize|p1b: Scizor|Flying\n|move|p1b: Scizor|Bullet Punch|p2b: Abomasnow\n|-supereffective|p2b: Abomasnow\n|-damage|p2b: Abomasnow|10\/100\n|move|p1a: Ting-Lu|Earthquake|p2b: Abomasnow|[spread] p2a,p2b\n|-immune|p1b: Scizor\n|-supereffective|p2a: Arcanine\n|-resisted|p2b: Abomasnow\n|-damage|p2a: Arcanine|44\/100\n|-damage|p2b: Abomasnow|2\/100\n|move|p2b: Abomasnow|Giga Drain|p1a: Ting-Lu\n|-supereffective|p1a: Ting-Lu\n|-damage|p1a: Ting-Lu|9\/100\n|-heal|p2b: Abomasnow|27\/100|[from] drain|[of] p1a: Ting-Lu\n|\n|-weather|Snow|[upkeep]\n|upkeep\n|turn|5\n|inactive|LUMOO has 30 seconds left.\n|inactive|Maractus garden has 30 seconds left.\n|inactive|Maractus garden has 20 seconds left.\n|inactive|Maractus garden has 15 seconds left.\n|inactive|Maractus garden has 10 seconds left.\n|inactive|LUMOO has 20 seconds left.\n|inactive|Maractus garden has 5 seconds left.\n|inactive|LUMOO has 15 seconds left.\n|\n|t:|1683430269\n|switch|p1a: Gyarados|Gyarados, L50, F|72\/100\n|-ability|p1a: Gyarados|Intimidate|boost\n|-unboost|p2a: Arcanine|atk|1\n|-unboost|p2b: Abomasnow|atk|1\n|move|p2b: Abomasnow|Protect|p2b: Abomasnow\n|-singleturn|p2b: Abomasnow|Protect\n|move|p1b: Scizor|Bullet Punch|p2b: Abomasnow\n|-activate|p2b: Abomasnow|move: Protect\n|move|p2a: Arcanine|Flare Blitz|p1b: Scizor\n|-damage|p1b: Scizor|34\/100\n|-damage|p2a: Arcanine|23\/100|[from] Recoil\n|\n|-weather|none\n|upkeep\n|turn|6\n|\n|t:|1683430293\n|move|p2a: Arcanine|Extreme Speed|p1b: Scizor\n|-crit|p1b: Scizor\n|-damage|p1b: Scizor|0 fnt\n|faint|p1b: Scizor\n|move|p1a: Gyarados|Waterfall|p2a: Arcanine\n|-supereffective|p2a: Arcanine\n|-damage|p2a: Arcanine|0 fnt\n|faint|p2a: Arcanine\n|move|p2b: Abomasnow|Giga Drain|p1a: Gyarados\n|-damage|p1a: Gyarados|11\/100\n|-heal|p2b: Abomasnow|57\/100|[from] drain|[of] p1a: Gyarados\n|\n|upkeep\n|-message|LUMOO forfeited.\n|\n|win|Maractus garden\n|raw|LUMOO's rating: 1209 → 1184<\/strong> (-25 for losing)\n|raw|Maractus garden's rating: 1210 → 1235<\/strong> (+25 for winning)\n|l|\u2606LUMOO\n","uploadtime":1683430319,"views":11,"p1id":"lumoo","p2id":"maractusgarden","formatid":"gen9vgc2023regulationc","rating":1184,"private":0,"password":""}