{"id":"gen9vgc2023regulationc-1864210673","p1":"anshar_training","p2":"LetSheCook","format":"[Gen 9] VGC 2023 Regulation C","log":"|j|\u2606anshar_training\n|j|\u2606LetSheCook\n|t:|1684137393\n|gametype|doubles\n|player|p1|anshar_training|colress|1331\n|player|p2|LetSheCook|maid|1365\n|teamsize|p1|6\n|teamsize|p2|6\n|gen|9\n|tier|[Gen 9] VGC 2023 Regulation C\n|rated|\n|rule|Species Clause: Limit one of each Pok\u00e9mon\n|rule|Item Clause: Limit one of each item\n|clearpoke\n|poke|p1|Gyarados, L50, M|\n|poke|p1|Flutter Mane, L50|\n|poke|p1|Chi-Yu, L50|\n|poke|p1|Amoonguss, L50, F|\n|poke|p1|Garchomp, L50, M|\n|poke|p1|Kingambit, L50, F|\n|poke|p2|Indeedee-F, L50, F|\n|poke|p2|Torkoal, L50, M|\n|poke|p2|Hatterene, L50, F|\n|poke|p2|Kingambit, L50, F|\n|poke|p2|Dondozo, L50, M|\n|poke|p2|Tatsugiri, L50, M|\n|teampreview|4\n|inactive|Battle timer is ON: inactive players will automatically lose when time's up. (requested by LetSheCook)\n|inactive|anshar_training also wants the timer to be on.\n|inactive|anshar_training has 60 seconds left.\n|inactive|LetSheCook has 60 seconds left.\n|inactive|anshar_training has 30 seconds left.\n|\n|t:|1684137453\n|start\n|switch|p1a: Flutter Mane|Flutter Mane, L50|100\/100\n|switch|p1b: Amoonguss|Amoonguss, L50, F|100\/100\n|switch|p2a: Indeedee|Indeedee-F, L50, F|100\/100\n|switch|p2b: Dondozo|Dondozo, L50, M|100\/100\n|-fieldstart|move: Psychic Terrain|[from] ability: Psychic Surge|[of] p2a: Indeedee\n|-enditem|p2a: Indeedee|Psychic Seed\n|-boost|p2a: Indeedee|spd|1|[from] item: Psychic Seed\n|-enditem|p1a: Flutter Mane|Booster Energy\n|-activate|p1a: Flutter Mane|ability: Protosynthesis|[fromitem]\n|-start|p1a: Flutter Mane|protosynthesisspa\n|turn|1\n|inactive|anshar_training has 30 seconds left.\n|inactive|LetSheCook has 30 seconds left.\n|inactive|LetSheCook has 20 seconds left.\n|inactive|anshar_training has 20 seconds left.\n|\n|t:|1684137495\n|switch|p2b: Kingambit|Kingambit, L50, F|100\/100\n|switch|p1b: Kingambit|Kingambit, L50, F|100\/100\n|-terastallize|p1a: Flutter Mane|Fairy\n|-terastallize|p2a: Indeedee|Grass\n|move|p1a: Flutter Mane|Dazzling Gleam|p2b: Kingambit|[spread] p2a,p2b\n|-damage|p2a: Indeedee|64\/100\n|-damage|p2b: Kingambit|48\/100\n|move|p2a: Indeedee|Trick Room|p2a: Indeedee\n|-fieldstart|move: Trick Room|[of] p2a: Indeedee\n|\n|upkeep\n|turn|2\n|inactive|anshar_training has 30 seconds left.\n|inactive|anshar_training has 20 seconds left.\n|\n|t:|1684137532\n|-end|p1a: Flutter Mane|Protosynthesis|[silent]\n|switch|p1a: Garchomp|Garchomp, L50, M|100\/100\n|move|p2b: Kingambit|Low Kick|p1b: Kingambit\n|-supereffective|p1b: Kingambit\n|-damage|p1b: Kingambit|0 fnt\n|faint|p1b: Kingambit\n|move|p2a: Indeedee|Dazzling Gleam|p1a: Garchomp\n|-supereffective|p1a: Garchomp\n|-damage|p1a: Garchomp|61\/100\n|\n|upkeep\n|\n|t:|1684137544\n|switch|p1b: Amoonguss|Amoonguss, L50, F|100\/100\n|turn|3\n|\n|t:|1684137556\n|move|p1b: Amoonguss|Rage Powder|p1b: Amoonguss\n|-singleturn|p1b: Amoonguss|move: Rage Powder\n|move|p2b: Kingambit|Kowtow Cleave|p1a: Garchomp\n|-damage|p1a: Garchomp|10\/100\n|-damage|p2b: Kingambit|36\/100|[from] ability: Rough Skin|[of] p1a: Garchomp\n|move|p2a: Indeedee|Dazzling Gleam|p1a: Garchomp|[spread] p1a,p1b\n|-supereffective|p1a: Garchomp\n|-resisted|p1b: Amoonguss\n|-damage|p1a: Garchomp|0 fnt\n|-damage|p1b: Amoonguss|95\/100\n|faint|p1a: Garchomp\n|\n|upkeep\n|\n|t:|1684137572\n|switch|p1a: Flutter Mane|Flutter Mane, L50, tera:Fairy|100\/100\n|turn|4\n|inactive|LetSheCook has 30 seconds left.\n|inactive|LetSheCook has 20 seconds left.\n|inactive|LetSheCook has 15 seconds left.\n|\n|t:|1684137613\n|switch|p2a: Torkoal|Torkoal, L50, M|100\/100\n|-weather|SunnyDay|[from] ability: Drought|[of] p2a: Torkoal\n|-activate|p1a: Flutter Mane|ability: Protosynthesis\n|-start|p1a: Flutter Mane|protosynthesisspa\n|move|p1b: Amoonguss|Rage Powder|p1b: Amoonguss\n|-singleturn|p1b: Amoonguss|move: Rage Powder\n|move|p2b: Kingambit|Kowtow Cleave|p1a: Flutter Mane\n|-resisted|p1a: Flutter Mane\n|-damage|p1a: Flutter Mane|54\/100\n|move|p1a: Flutter Mane|Dazzling Gleam|p2b: Kingambit|[spread] p2a,p2b\n|-resisted|p2a: Torkoal\n|-damage|p2a: Torkoal|65\/100\n|-damage|p2b: Kingambit|0 fnt\n|faint|p2b: Kingambit\n|\n|-weather|SunnyDay|[upkeep]\n|upkeep\n|\n|t:|1684137627\n|switch|p2b: Indeedee|Indeedee-F, L50, F, tera:Grass|64\/100\n|turn|5\n|\n|t:|1684137634\n|move|p2b: Indeedee|Helping Hand|p2a: Torkoal\n|-singleturn|p2a: Torkoal|Helping Hand|[of] p2b: Indeedee\n|move|p1b: Amoonguss|Rage Powder|p1b: Amoonguss\n|-singleturn|p1b: Amoonguss|move: Rage Powder\n|move|p2a: Torkoal|Eruption|p1a: Flutter Mane|[spread] p1a,p1b\n|-supereffective|p1b: Amoonguss\n|-damage|p1a: Flutter Mane|0 fnt\n|-damage|p1b: Amoonguss|0 fnt\n|faint|p1a: Flutter Mane\n|-end|p1a: Flutter Mane|Protosynthesis|[silent]\n|faint|p1b: Amoonguss\n|\n|win|LetSheCook\n|raw|anshar_training's rating: 1331 → 1313<\/strong> (-18 for losing)\n|raw|LetSheCook's rating: 1365 → 1383<\/strong> (+18 for winning)\n","uploadtime":1684137639,"views":11,"p1id":"anshartraining","p2id":"letshecook","formatid":"gen9vgc2023regulationc","rating":1313,"private":0,"password":""}