{"id":"gen9vgc2023regulationc-1846692433","p1":"NotDaBoy","p2":"tang justin","format":"[Gen 9] VGC 2023 Regulation C","log":"|j|\u2606NotDaBoy\n|j|\u2606tang justin\n|t:|1681866537\n|gametype|doubles\n|player|p1|NotDaBoy|marlon|1547\n|player|p2|tang justin|102|1574\n|teamsize|p1|6\n|teamsize|p2|6\n|gen|9\n|tier|[Gen 9] VGC 2023 Regulation C\n|rated|\n|rule|Species Clause: Limit one of each Pok\u00e9mon\n|rule|Item Clause: Limit one of each item\n|clearpoke\n|poke|p1|Chi-Yu, L50|\n|poke|p1|Flutter Mane, L50|\n|poke|p1|Iron Thorns, L50|\n|poke|p1|Gyarados, L50, M|\n|poke|p1|Brute Bonnet, L50|\n|poke|p1|Murkrow, L50, M|\n|poke|p2|Amoonguss, L50, M|\n|poke|p2|Arcanine, L50, F|\n|poke|p2|Palafin, L50, F|\n|poke|p2|Flutter Mane, L50|\n|poke|p2|Dragonite, L50, F|\n|poke|p2|Chien-Pao, L50|\n|teampreview|4\n|inactive|Battle timer is ON: inactive players will automatically lose when time's up. (requested by tang justin)\n|inactive|NotDaBoy has 60 seconds left.\n|\n|t:|1681866604\n|start\n|switch|p1a: Flutter Mane|Flutter Mane, L50|100\/100\n|switch|p1b: Iron Thorns|Iron Thorns, L50|100\/100\n|switch|p2a: Dragonite|Dragonite, L50, F|100\/100\n|switch|p2b: Palafin|Palafin, L50, F|100\/100\n|turn|1\n|inactive|NotDaBoy has 30 seconds left.\n|inactive|tang justin has 30 seconds left.\n|inactive|NotDaBoy has 20 seconds left.\n|inactive|tang justin has 20 seconds left.\n|inactive|NotDaBoy has 15 seconds left.\n|inactive|tang justin has 15 seconds left.\n|\n|t:|1681866647\n|detailschange|p2b: Palafin|Palafin-Hero, L50, F\n|switch|p2b: Arcanine|Arcanine, L50, F|100\/100\n|-ability|p2b: Arcanine|Intimidate|boost\n|-unboost|p1a: Flutter Mane|atk|1\n|-unboost|p1b: Iron Thorns|atk|1\n|-terastallize|p2a: Dragonite|Flying\n|move|p1a: Flutter Mane|Dazzling Gleam|p2a: Dragonite|[spread] p2a,p2b\n|-resisted|p2b: Arcanine\n|-damage|p2a: Dragonite|88\/100\n|-damage|p2b: Arcanine|80\/100\n|-damage|p1a: Flutter Mane|91\/100|[from] item: Life Orb\n|move|p1b: Iron Thorns|Rock Blast|p2a: Dragonite\n|-supereffective|p2a: Dragonite\n|-crit|p2a: Dragonite\n|-damage|p2a: Dragonite|49\/100\n|-supereffective|p2a: Dragonite\n|-damage|p2a: Dragonite|31\/100\n|-supereffective|p2a: Dragonite\n|-crit|p2a: Dragonite\n|-damage|p2a: Dragonite|0 fnt\n|faint|p2a: Dragonite\n|-hitcount|p2: Dragonite|3\n|\n|upkeep\n|\n|t:|1681866655\n|switch|p2a: Palafin|Palafin-Hero, L50, F|100\/100\n|-activate|p2a: Palafin|ability: Zero to Hero\n|turn|2\n|inactive|NotDaBoy has 30 seconds left.\n|\n|t:|1681866680\n|-end|p1b: Iron Thorns|Quark Drive|[silent]\n|switch|p1b: Gyarados|Gyarados, L50, M|100\/100\n|-ability|p1b: Gyarados|Intimidate|boost\n|-unboost|p2a: Palafin|atk|1\n|-unboost|p2b: Arcanine|atk|1\n|move|p1a: Flutter Mane|Protect|p1a: Flutter Mane\n|-singleturn|p1a: Flutter Mane|Protect\n|move|p2a: Palafin|Wave Crash|p1b: Gyarados\n|-resisted|p1b: Gyarados\n|-damage|p1b: Gyarados|68\/100\n|-damage|p2a: Palafin|90\/100|[from] Recoil\n|move|p2b: Arcanine|Flare Blitz|p1a: Flutter Mane\n|-activate|p1a: Flutter Mane|move: Protect\n|\n|upkeep\n|turn|3\n|inactive|NotDaBoy has 30 seconds left.\n|inactive|NotDaBoy has 20 seconds left.\n|\n|t:|1681866718\n|-end|p1a: Flutter Mane|Protosynthesis|[silent]\n|switch|p1a: Brute Bonnet|Brute Bonnet, L50|100\/100\n|move|p2a: Palafin|Wave Crash|p1a: Brute Bonnet\n|-resisted|p1a: Brute Bonnet\n|-damage|p1a: Brute Bonnet|77\/100\n|-damage|p2a: Palafin|73\/100|[from] item: Rocky Helmet|[of] p1a: Brute Bonnet\n|-damage|p2a: Palafin|65\/100|[from] Recoil\n|move|p2b: Arcanine|Will-O-Wisp|p1b: Gyarados\n|-status|p1b: Gyarados|brn\n|move|p1b: Gyarados|Waterfall|p2b: Arcanine\n|-supereffective|p2b: Arcanine\n|-damage|p2b: Arcanine|49\/100\n|\n|-damage|p1b: Gyarados|61\/100 brn|[from] brn\n|upkeep\n|turn|4\n|inactive|NotDaBoy has 30 seconds left.\n|inactive|NotDaBoy has 20 seconds left.\n|inactive|NotDaBoy has 15 seconds left.\n|inactive|NotDaBoy has 10 seconds left.\n|\n|t:|1681866764\n|switch|p2a: Chien-Pao|Chien-Pao, L50|100\/100\n|-ability|p2a: Chien-Pao|Sword of Ruin\n|move|p1a: Brute Bonnet|Sucker Punch|p2b: Arcanine\n|-damage|p2b: Arcanine|3\/100\n|move|p2b: Arcanine|Flare Blitz|p1a: Brute Bonnet\n|-supereffective|p1a: Brute Bonnet\n|-damage|p1a: Brute Bonnet|7\/100\n|-damage|p2b: Arcanine|0 fnt|[from] item: Rocky Helmet|[of] p1a: Brute Bonnet\n|faint|p2b: Arcanine\n|move|p1b: Gyarados|Thunder Wave|p2a: Chien-Pao\n|-status|p2a: Chien-Pao|par\n|\n|-damage|p1b: Gyarados|55\/100 brn|[from] brn\n|upkeep\n|\n|t:|1681866771\n|switch|p2b: Palafin|Palafin-Hero, L50, F|65\/100\n|turn|5\n|inactive|NotDaBoy has 30 seconds left.\n|\n|t:|1681866801\n|switch|p1b: Iron Thorns|Iron Thorns, L50|100\/100\n|move|p2b: Palafin|Protect|p2b: Palafin\n|-singleturn|p2b: Palafin|Protect\n|move|p1a: Brute Bonnet|Sucker Punch|p2a: Chien-Pao\n|-resisted|p2a: Chien-Pao\n|-damage|p2a: Chien-Pao|77\/100 par\n|cant|p2a: Chien-Pao|par\n|\n|upkeep\n|turn|6\n|inactive|NotDaBoy has 30 seconds left.\n|\n|t:|1681866835\n|-end|p1a: Brute Bonnet|Protosynthesis|[silent]\n|switch|p1a: Gyarados|Gyarados, L50, M|55\/100 brn\n|-ability|p1a: Gyarados|Intimidate|boost\n|-unboost|p2a: Chien-Pao|atk|1\n|-unboost|p2b: Palafin|atk|1\n|-terastallize|p1b: Iron Thorns|Bug\n|move|p2a: Chien-Pao|Sucker Punch||[still]\n|-fail|p2a: Chien-Pao\n|move|p2b: Palafin|Wave Crash|p1b: Iron Thorns\n|-damage|p1b: Iron Thorns|26\/100\n|-damage|p2b: Palafin|41\/100|[from] Recoil\n|move|p1b: Iron Thorns|Wild Charge|p2b: Palafin\n|-supereffective|p2b: Palafin\n|-damage|p2b: Palafin|0 fnt\n|faint|p2b: Palafin\n|-damage|p1b: Iron Thorns|16\/100|[from] Recoil\n|\n|-damage|p1a: Gyarados|49\/100 brn|[from] brn\n|upkeep\n|-enditem|p1a: Gyarados|Sitrus Berry|[eat]\n|-heal|p1a: Gyarados|74\/100 brn|[from] item: Sitrus Berry\n|turn|7\n|-message|tang justin forfeited.\n|\n|win|NotDaBoy\n|raw|NotDaBoy's rating: 1547 → 1569<\/strong> (+22 for winning)\n|raw|tang justin's rating: 1574 → 1552<\/strong> (-22 for losing)\n|l|\u2606tang justin\n","uploadtime":1681866866,"views":13,"p1id":"notdaboy","p2id":"tangjustin","formatid":"gen9vgc2023regulationc","rating":1552,"private":0,"password":""}