{"id":"gen9vgc2023regulationc-1861280570","p1":"Arcacagne","p2":"Zilluhh","format":"[Gen 9] VGC 2023 Regulation C","log":"|j|\u2606Arcacagne\n|j|\u2606Zilluhh\n|t:|1683742085\n|gametype|doubles\n|player|p1|Arcacagne|265|1161\n|player|p2|Zilluhh|pokemaniac|1112\n|teamsize|p1|6\n|teamsize|p2|6\n|gen|9\n|tier|[Gen 9] VGC 2023 Regulation C\n|rated|\n|rule|Species Clause: Limit one of each Pok\u00e9mon\n|rule|Item Clause: Limit one of each item\n|clearpoke\n|poke|p1|Chi-Yu, L50|\n|poke|p1|Flutter Mane, L50|\n|poke|p1|Amoonguss, L50, F|\n|poke|p1|Palafin, L50, F|\n|poke|p1|Iron Hands, L50|\n|poke|p1|Arcanine, L50, M|\n|poke|p2|Torkoal, L50, M|\n|poke|p2|Kingambit, L50, M|\n|poke|p2|Lilligant, L50, F|\n|poke|p2|Flutter Mane, L50|\n|poke|p2|Sableye, L50, M|\n|poke|p2|Great Tusk, L50|\n|teampreview|4\n|inactive|Battle timer is ON: inactive players will automatically lose when time's up. (requested by Zilluhh)\n|inactive|Zilluhh has 60 seconds left.\n|\n|t:|1683742137\n|start\n|switch|p1a: Chi-Yu|Chi-Yu, L50|100\/100\n|switch|p1b: Iron Hands|Iron Hands, L50|100\/100\n|switch|p2a: Kingambit|Kingambit, L50, M|100\/100\n|switch|p2b: Sableye|Sableye, L50, M|100\/100\n|-ability|p1a: Chi-Yu|Beads of Ruin\n|turn|1\n|inactive|Arcacagne has 30 seconds left.\n|inactive|Zilluhh has 30 seconds left.\n|inactive|Arcacagne has 20 seconds left.\n|inactive|Zilluhh has 20 seconds left.\n|inactive|Zilluhh has 15 seconds left.\n|inactive|Zilluhh has 10 seconds left.\n|\n|t:|1683742183\n|switch|p2a: Flutter Mane|Flutter Mane, L50|100\/100\n|move|p1a: Chi-Yu|Heat Wave|p2b: Sableye|[spread] p2a,p2b\n|-crit|p2b: Sableye\n|-damage|p2a: Flutter Mane|51\/100\n|-damage|p2b: Sableye|32\/100\n|move|p1b: Iron Hands|Drain Punch|p2a: Flutter Mane\n|-immune|p2a: Flutter Mane\n|move|p2b: Sableye|Snarl|p1a: Chi-Yu|[spread] p1a,p1b\n|-resisted|p1a: Chi-Yu\n|-resisted|p1b: Iron Hands\n|-damage|p1a: Chi-Yu|96\/100\n|-damage|p1b: Iron Hands|97\/100\n|-unboost|p1a: Chi-Yu|spa|1\n|-unboost|p1b: Iron Hands|spa|1\n|\n|upkeep\n|turn|2\n|inactive|Zilluhh has 30 seconds left.\n|inactive|Zilluhh has 20 seconds left.\n|inactive|Zilluhh has 15 seconds left.\n|inactive|Zilluhh has 10 seconds left.\n|\n|t:|1683742230\n|switch|p1a: Arcanine|Arcanine, L50, M|100\/100\n|-ability|p1a: Arcanine|Intimidate|boost\n|-unboost|p2a: Flutter Mane|atk|1\n|-unboost|p2b: Sableye|atk|1\n|-terastallize|p1b: Iron Hands|Fire\n|move|p2b: Sableye|Encore|p1b: Iron Hands\n|-start|p1b: Iron Hands|Encore\n|move|p2a: Flutter Mane|Moonblast|p1b: Iron Hands\n|-resisted|p1b: Iron Hands\n|-damage|p1b: Iron Hands|75\/100\n|move|p1b: Iron Hands|Drain Punch|p2b: Sableye\n|-immune|p2b: Sableye\n|\n|upkeep\n|turn|3\n|inactive|Zilluhh has 30 seconds left.\n|\n|t:|1683742255\n|-end|p2a: Flutter Mane|Protosynthesis|[silent]\n|switch|p2a: Great Tusk|Great Tusk, L50|100\/100\n|move|p2b: Sableye|Thunder Wave|p1a: Arcanine\n|-status|p1a: Arcanine|par\n|move|p1b: Iron Hands|Drain Punch|p2a: Great Tusk\n|-damage|p2a: Great Tusk|73\/100\n|-heal|p1b: Iron Hands|85\/100|[from] drain|[of] p2a: Great Tusk\n|move|p1a: Arcanine|Flare Blitz|p2b: Sableye\n|-damage|p2b: Sableye|0 fnt\n|faint|p2b: Sableye\n|-damage|p1a: Arcanine|92\/100 par|[from] Recoil\n|\n|upkeep\n|inactive|Zilluhh has 30 seconds left.\n|\n|t:|1683742284\n|switch|p2b: Flutter Mane|Flutter Mane, L50|51\/100\n|turn|4\n|inactive|Zilluhh has 30 seconds left.\n|\n|t:|1683742312\n|move|p1a: Arcanine|Protect|p1a: Arcanine\n|-singleturn|p1a: Arcanine|Protect\n|move|p2b: Flutter Mane|Thunderbolt|p1a: Arcanine\n|-activate|p1a: Arcanine|move: Protect\n|move|p2a: Great Tusk|Headlong Rush|p1b: Iron Hands\n|-supereffective|p1b: Iron Hands\n|-damage|p1b: Iron Hands|0 fnt\n|-unboost|p2a: Great Tusk|def|1\n|-unboost|p2a: Great Tusk|spd|1\n|faint|p1b: Iron Hands\n|-end|p1b: Iron Hands|Quark Drive|[silent]\n|-damage|p2a: Great Tusk|64\/100|[from] item: Life Orb\n|\n|upkeep\n|\n|t:|1683742331\n|switch|p1b: Chi-Yu|Chi-Yu, L50|96\/100\n|-ability|p1b: Chi-Yu|Beads of Ruin\n|turn|5\n|\n|t:|1683742350\n|move|p1b: Chi-Yu|Protect|p1b: Chi-Yu\n|-singleturn|p1b: Chi-Yu|Protect\n|move|p2a: Great Tusk|Protect|p2a: Great Tusk\n|-singleturn|p2a: Great Tusk|Protect\n|move|p2b: Flutter Mane|Thunderbolt|p1b: Chi-Yu\n|-activate|p1b: Chi-Yu|move: Protect\n|move|p1a: Arcanine|Will-O-Wisp|p2a: Great Tusk\n|-activate|p2a: Great Tusk|move: Protect\n|\n|upkeep\n|turn|6\n|\n|t:|1683742368\n|switch|p1b: Amoonguss|Amoonguss, L50, F|100\/100\n|move|p2a: Great Tusk|Protect||[still]\n|-fail|p2a: Great Tusk\n|move|p2b: Flutter Mane|Thunderbolt|p1a: Arcanine\n|-damage|p1a: Arcanine|46\/100 par\n|move|p1a: Arcanine|Will-O-Wisp|p2a: Great Tusk|[miss]\n|-miss|p1a: Arcanine|p2a: Great Tusk\n|\n|upkeep\n|turn|7\n|\n|t:|1683742395\n|move|p1b: Amoonguss|Protect|p1b: Amoonguss\n|-singleturn|p1b: Amoonguss|Protect\n|move|p2b: Flutter Mane|Thunderbolt|p1b: Amoonguss\n|-activate|p1b: Amoonguss|move: Protect\n|move|p2a: Great Tusk|Ice Spinner|p1b: Amoonguss\n|-activate|p1b: Amoonguss|move: Protect\n|move|p1a: Arcanine|Flare Blitz|p2b: Flutter Mane\n|-damage|p2b: Flutter Mane|0 fnt\n|faint|p2b: Flutter Mane\n|-end|p2b: Flutter Mane|Protosynthesis|[silent]\n|-damage|p1a: Arcanine|35\/100 par|[from] Recoil\n|\n|upkeep\n|\n|t:|1683742403\n|switch|p2b: Kingambit|Kingambit, L50, M|100\/100\n|turn|8\n|\n|t:|1683742416\n|switch|p1b: Chi-Yu|Chi-Yu, L50|96\/100\n|-ability|p1b: Chi-Yu|Beads of Ruin\n|-terastallize|p2b: Kingambit|Flying\n|move|p2a: Great Tusk|Ice Spinner|p1b: Chi-Yu\n|-resisted|p1b: Chi-Yu\n|-damage|p1b: Chi-Yu|75\/100\n|-damage|p2a: Great Tusk|54\/100|[from] item: Life Orb\n|move|p2b: Kingambit|Tera Blast|p1b: Chi-Yu\n|-damage|p1b: Chi-Yu|12\/100\n|move|p1a: Arcanine|Will-O-Wisp|p2b: Kingambit\n|-status|p2b: Kingambit|brn\n|\n|-damage|p2b: Kingambit|95\/100 brn|[from] brn\n|upkeep\n|turn|9\n|\n|t:|1683742439\n|move|p1b: Chi-Yu|Protect|p1b: Chi-Yu\n|-singleturn|p1b: Chi-Yu|Protect\n|move|p2b: Kingambit|Sucker Punch||[still]\n|-fail|p2b: Kingambit\n|move|p2a: Great Tusk|Headlong Rush|p1a: Arcanine\n|-supereffective|p1a: Arcanine\n|-damage|p1a: Arcanine|0 fnt\n|-unboost|p2a: Great Tusk|def|1\n|-unboost|p2a: Great Tusk|spd|1\n|faint|p1a: Arcanine\n|-damage|p2a: Great Tusk|44\/100|[from] item: Life Orb\n|\n|-damage|p2b: Kingambit|89\/100 brn|[from] brn\n|upkeep\n|\n|t:|1683742450\n|switch|p1a: Amoonguss|Amoonguss, L50, F|100\/100\n|turn|10\n|\n|t:|1683742464\n|move|p1a: Amoonguss|Rage Powder|p1a: Amoonguss\n|-singleturn|p1a: Amoonguss|move: Rage Powder\n|move|p2b: Kingambit|Sucker Punch||[still]\n|-fail|p2b: Kingambit\n|move|p1b: Chi-Yu|Heat Wave|p2b: Kingambit|[spread] p2a,p2b\n|-damage|p2a: Great Tusk|0 fnt\n|-damage|p2b: Kingambit|62\/100 brn\n|faint|p2a: Great Tusk\n|-end|p2a: Great Tusk|Protosynthesis|[silent]\n|\n|-damage|p2b: Kingambit|56\/100 brn|[from] brn\n|upkeep\n|turn|11\n|\n|t:|1683742481\n|move|p1a: Amoonguss|Rage Powder|p1a: Amoonguss\n|-singleturn|p1a: Amoonguss|move: Rage Powder\n|move|p1b: Chi-Yu|Dark Pulse|p2b: Kingambit\n|-damage|p2b: Kingambit|25\/100 brn\n|move|p2b: Kingambit|Tera Blast|p1a: Amoonguss\n|-supereffective|p1a: Amoonguss\n|-damage|p1a: Amoonguss|62\/100\n|\n|-damage|p2b: Kingambit|20\/100 brn|[from] brn\n|upkeep\n|turn|12\n|c|\u2606Zilluhh|gg\n|-message|Zilluhh forfeited.\n|\n|win|Arcacagne\n|raw|Arcacagne's rating: 1161 → 1182<\/strong> (+21 for winning)\n|raw|Zilluhh's rating: 1112 → 1091<\/strong> (-21 for losing)\n|l|\u2606Zilluhh\n","uploadtime":1683742499,"views":10,"p1id":"arcacagne","p2id":"zilluhh","formatid":"gen9vgc2023regulationc","rating":1091,"private":0,"password":""}