{"id":"gen9vgc2023regulationc-1861626663","p1":"wochientcg","p2":"nogm","format":"[Gen 9] VGC 2023 Regulation C","log":"|j|\u2606wochientcg\n|j|\u2606nogm\n|t:|1683783948\n|gametype|doubles\n|player|p1|wochientcg|170|1306\n|player|p2|nogm|preschooler|1244\n|teamsize|p1|6\n|teamsize|p2|6\n|gen|9\n|tier|[Gen 9] VGC 2023 Regulation C\n|rated|\n|rule|Species Clause: Limit one of each Pok\u00e9mon\n|rule|Item Clause: Limit one of each item\n|clearpoke\n|poke|p1|Flutter Mane, L50|\n|poke|p1|Amoonguss, L50, F|\n|poke|p1|Arcanine, L50, M|\n|poke|p1|Iron Bundle, L50|\n|poke|p1|Kingambit, L50, F|\n|poke|p1|Baxcalibur, L50, F|\n|poke|p2|Glimmora, L50, F|\n|poke|p2|Iron Bundle, L50|\n|poke|p2|Ceruledge, L50, M|\n|poke|p2|Amoonguss, L50, M|\n|poke|p2|Flutter Mane, L50|\n|poke|p2|Dragonite, L50, F|\n|teampreview|4\n|inactive|Battle timer is ON: inactive players will automatically lose when time's up. (requested by nogm)\n|inactive|wochientcg has 60 seconds left.\n|inactive|nogm has 60 seconds left.\n|inactive|wochientcg has 30 seconds left.\n|inactive|wochientcg has 20 seconds left.\n|inactive|wochientcg has 15 seconds left.\n|inactive|wochientcg has 10 seconds left.\n|\n|t:|1683784030\n|start\n|switch|p1a: Iron Bundle|Iron Bundle, L50|100\/100\n|switch|p1b: Kingambit|Kingambit, L50, F|100\/100\n|switch|p2a: Amoonguss|Amoonguss, L50, M|100\/100\n|switch|p2b: Ceruledge|Ceruledge, L50, M|100\/100\n|-enditem|p1a: Iron Bundle|Booster Energy\n|-activate|p1a: Iron Bundle|ability: Quark Drive|[fromitem]\n|-start|p1a: Iron Bundle|quarkdrivespe\n|turn|1\n|inactive|wochientcg has 30 seconds left.\n|inactive|wochientcg has 20 seconds left.\n|inactive|wochientcg has 15 seconds left.\n|inactive|wochientcg has 10 seconds left.\n|\n|t:|1683784079\n|-terastallize|p2b: Ceruledge|Grass\n|move|p1a: Iron Bundle|Freeze-Dry|p2a: Amoonguss\n|-supereffective|p2a: Amoonguss\n|-damage|p2a: Amoonguss|40\/100\n|-status|p2a: Amoonguss|frz\n|move|p2b: Ceruledge|Bitter Blade|p1a: Iron Bundle\n|-damage|p1a: Iron Bundle|49\/100\n|move|p1b: Kingambit|Assurance|p2a: Amoonguss\n|-damage|p2a: Amoonguss|0 fnt\n|faint|p2a: Amoonguss\n|\n|upkeep\n|\n|t:|1683784093\n|switch|p2a: Dragonite|Dragonite, L50, F|100\/100\n|turn|2\n|inactive|wochientcg has 30 seconds left.\n|inactive|wochientcg has 20 seconds left.\n|inactive|wochientcg has 15 seconds left.\n|inactive|wochientcg has 10 seconds left.\n|inactive|wochientcg has 5 seconds left.\n|\n|t:|1683784148\n|-end|p1a: Iron Bundle|Quark Drive|[silent]\n|switch|p1a: Arcanine|Arcanine, L50, M|100\/100\n|-ability|p1a: Arcanine|Intimidate|boost\n|-unboost|p2a: Dragonite|atk|1\n|-fail|p2b: Ceruledge|unboost|[from] item: Clear Amulet|[of] p2b: Ceruledge\n|switch|p1b: Baxcalibur|Baxcalibur, L50, F|100\/100\n|move|p2a: Dragonite|Extreme Speed|p1a: Arcanine\n|-damage|p1a: Arcanine|77\/100\n|move|p2b: Ceruledge|Bitter Blade|p1b: Baxcalibur\n|-damage|p1b: Baxcalibur|66\/100\n|-ability|p1b: Baxcalibur|Thermal Exchange|boost\n|-boost|p1b: Baxcalibur|atk|1\n|\n|upkeep\n|turn|3\n|inactive|wochientcg has 30 seconds left.\n|\n|t:|1683784175\n|switch|p2b: Glimmora|Glimmora, L50, F, shiny|100\/100\n|move|p1a: Arcanine|Flare Blitz|p2b: Glimmora\n|-resisted|p2b: Glimmora\n|-damage|p2b: Glimmora|73\/100\n|-damage|p1a: Arcanine|68\/100|[from] Recoil\n|move|p1b: Baxcalibur|Glaive Rush|p2a: Dragonite\n|-supereffective|p2a: Dragonite\n|-crit|p2a: Dragonite\n|-damage|p2a: Dragonite|0 fnt\n|-singlemove|p1b: Baxcalibur|Glaive Rush|[silent]\n|faint|p2a: Dragonite\n|\n|upkeep\n|\n|t:|1683784182\n|switch|p2a: Ceruledge|Ceruledge, L50, M, tera:Grass|100\/100\n|turn|4\n|\n|t:|1683784199\n|move|p1a: Arcanine|Protect|p1a: Arcanine\n|-singleturn|p1a: Arcanine|Protect\n|move|p1b: Baxcalibur|Protect|p1b: Baxcalibur\n|-singleturn|p1b: Baxcalibur|Protect\n|move|p2b: Glimmora|Power Gem|p1a: Arcanine\n|-activate|p1a: Arcanine|move: Protect\n|move|p2a: Ceruledge|Close Combat|p1b: Baxcalibur\n|-activate|p1b: Baxcalibur|move: Protect\n|\n|upkeep\n|turn|5\n|\n|t:|1683784218\n|switch|p1a: Kingambit|Kingambit, L50, F|100\/100\n|-terastallize|p1b: Baxcalibur|Poison\n|move|p1b: Baxcalibur|Glaive Rush|p2a: Ceruledge\n|-damage|p2a: Ceruledge|0 fnt\n|-singlemove|p1b: Baxcalibur|Glaive Rush|[silent]\n|faint|p2a: Ceruledge\n|move|p2b: Glimmora|Power Gem|p1b: Baxcalibur\n|-damage|p1b: Baxcalibur|0 fnt\n|faint|p1b: Baxcalibur\n|\n|upkeep\n|-message|nogm forfeited.\n|\n|win|wochientcg\n|raw|wochientcg's rating: 1306 → 1322<\/strong> (+16 for winning)\n|raw|nogm's rating: 1244 → 1223<\/strong> (-21 for losing)\n|l|\u2606nogm\n","uploadtime":1683784535,"views":10,"p1id":"wochientcg","p2id":"nogm","formatid":"gen9vgc2023regulationc","rating":1223,"private":0,"password":""}