{"id":"gen9vgc2023regulationc-1862276901","p1":"thrillcorner","p2":"tornadus drill","format":"[Gen 9] VGC 2023 Regulation C","log":"|j|\u2606thrillcorner\n|j|\u2606tornadus drill\n|t:|1683858605\n|gametype|doubles\n|player|p1|thrillcorner|red-masters2|1311\n|player|p2|tornadus drill|102|1259\n|teamsize|p1|6\n|teamsize|p2|6\n|gen|9\n|tier|[Gen 9] VGC 2023 Regulation C\n|rated|\n|rule|Species Clause: Limit one of each Pok\u00e9mon\n|rule|Item Clause: Limit one of each item\n|clearpoke\n|poke|p1|Arcanine, L50, F|\n|poke|p1|Amoonguss, L50, F|\n|poke|p1|Flutter Mane, L50|\n|poke|p1|Kingambit, L50, F|\n|poke|p1|Iron Bundle, L50|\n|poke|p1|Baxcalibur, L50, M|\n|poke|p2|Chien-Pao, L50|\n|poke|p2|Arcanine, L50, F|\n|poke|p2|Dondozo, L50, M|\n|poke|p2|Tatsugiri, L50, F|\n|poke|p2|Flutter Mane, L50|\n|poke|p2|Iron Jugulis, L50|\n|teampreview|4\ntornadus drill has agreed to open team sheets.\nthrillcorner has agreed to open team sheets.\n|\n|t:|1683858665\n|start\n|switch|p1a: Ripley|Arcanine, L50, F|100\/100\n|switch|p1b: Willow|Flutter Mane, L50|100\/100\n|switch|p2a: Chien-Pao|Chien-Pao, L50|100\/100\n|switch|p2b: Iron Jugulis|Iron Jugulis, L50|100\/100\n|-ability|p2a: Chien-Pao|Sword of Ruin\n|-ability|p1a: Ripley|Intimidate|boost\n|-unboost|p2a: Chien-Pao|atk|1\n|-unboost|p2b: Iron Jugulis|atk|1\n|turn|1\n|\n|t:|1683858696\n|-terastallize|p2b: Iron Jugulis|Steel\n|move|p2a: Chien-Pao|Protect|p2a: Chien-Pao\n|-singleturn|p2a: Chien-Pao|Protect\n|move|p1b: Willow|Dazzling Gleam|p2b: Iron Jugulis|[spread] p2b\n|-activate|p2a: Chien-Pao|move: Protect\n|-resisted|p2b: Iron Jugulis\n|-damage|p2b: Iron Jugulis|77\/100\n|move|p2b: Iron Jugulis|Snarl|p1b: Willow|[spread] p1a\n|-miss|p2b: Iron Jugulis|p1b: Willow\n|-crit|p1a: Ripley\n|-damage|p1a: Ripley|76\/100\n|-unboost|p1a: Ripley|spa|1\n|move|p1a: Ripley|Will-O-Wisp|p2a: Chien-Pao\n|-activate|p2a: Chien-Pao|move: Protect\n|\n|upkeep\n|turn|2\n|\n|t:|1683858718\n|switch|p2a: Arcanine|Arcanine, L50, F|100\/100\n|-ability|p2a: Arcanine|Intimidate|boost\n|-unboost|p1a: Ripley|atk|1\n|-unboost|p1b: Willow|atk|1\n|-end|p1b: Willow|Protosynthesis|[silent]\n|switch|p1b: Baxcalibur|Baxcalibur, L50, M|100\/100\n|move|p2b: Iron Jugulis|Tailwind|p2b: Iron Jugulis\n|-sidestart|p2: tornadus drill|move: Tailwind\n|move|p1a: Ripley|Will-O-Wisp|p2a: Arcanine\n|-immune|p2a: Arcanine\n|\n|upkeep\n|turn|3\n|\n|t:|1683858750\n|-terastallize|p1a: Ripley|Flying\n|move|p2b: Iron Jugulis|Hurricane|p1a: Ripley\n|-damage|p1a: Ripley|31\/100\n|move|p2a: Arcanine|Will-O-Wisp|p1b: Baxcalibur|[miss]\n|-miss|p2a: Arcanine|p1b: Baxcalibur\n|move|p1a: Ripley|Howl|p1a: Ripley|[spread] p1a,p1b\n|-boost|p1a: Ripley|atk|1\n|-boost|p1b: Baxcalibur|atk|1\n|move|p1b: Baxcalibur|Earthquake|p2b: Iron Jugulis|[spread] p2a,p2b\n|-immune|p1a: Ripley\n|-supereffective|p2a: Arcanine\n|-supereffective|p2b: Iron Jugulis\n|-damage|p2a: Arcanine|31\/100\n|-damage|p2b: Iron Jugulis|0 fnt\n|faint|p2b: Iron Jugulis\n|-end|p2b: Iron Jugulis|Quark Drive|[silent]\n|\n|upkeep\n|\n|t:|1683858759\n|switch|p2b: Flutter Mane|Flutter Mane, L50|100\/100\n|-enditem|p2b: Flutter Mane|Booster Energy\n|-activate|p2b: Flutter Mane|ability: Protosynthesis|[fromitem]\n|-start|p2b: Flutter Mane|protosynthesisspa\n|turn|4\n|\n|t:|1683858782\n|move|p1a: Ripley|Extreme Speed|p2a: Arcanine\n|-damage|p2a: Arcanine|17\/100\n|move|p2b: Flutter Mane|Dazzling Gleam|p1a: Ripley|[spread] p1a,p1b\n|-supereffective|p1b: Baxcalibur\n|-damage|p1a: Ripley|0 fnt\n|-damage|p1b: Baxcalibur|45\/100\n|faint|p1a: Ripley\n|move|p2a: Arcanine|Flare Blitz|p1b: Baxcalibur\n|-damage|p1b: Baxcalibur|6\/100\n|-ability|p1b: Baxcalibur|Thermal Exchange|boost\n|-boost|p1b: Baxcalibur|atk|1\n|-damage|p2a: Arcanine|3\/100|[from] Recoil\n|move|p1b: Baxcalibur|Earthquake|p2a: Arcanine|[spread] p2a,p2b\n|-supereffective|p2a: Arcanine\n|-damage|p2a: Arcanine|0 fnt\n|-damage|p2b: Flutter Mane|0 fnt\n|faint|p2a: Arcanine\n|faint|p2b: Flutter Mane\n|-end|p2b: Flutter Mane|Protosynthesis|[silent]\n|\n|upkeep\n|\n|t:|1683858800\n|switch|p2b: Chien-Pao|Chien-Pao, L50|100\/100\n|switch|p1a: Iron Bundle|Iron Bundle, L50|100\/100\n|-ability|p2b: Chien-Pao|Sword of Ruin\n|-enditem|p1a: Iron Bundle|Booster Energy\n|-activate|p1a: Iron Bundle|ability: Quark Drive|[fromitem]\n|-start|p1a: Iron Bundle|quarkdrivespe\n|turn|5\n|\n|t:|1683858813\n|move|p1a: Iron Bundle|Protect|p1a: Iron Bundle\n|-singleturn|p1a: Iron Bundle|Protect\n|move|p2b: Chien-Pao|Sacred Sword|p1a: Iron Bundle\n|-activate|p1a: Iron Bundle|move: Protect\n|move|p1b: Baxcalibur|Glaive Rush|p2b: Chien-Pao\n|-enditem|p2b: Chien-Pao|Focus Sash\n|-damage|p2b: Chien-Pao|1\/100\n|-singlemove|p1b: Baxcalibur|Glaive Rush|[silent]\n|\n|-sideend|p2: tornadus drill|move: Tailwind\n|upkeep\n|turn|6\n|-message|tornadus drill forfeited.\n|\n|win|thrillcorner\n|raw|thrillcorner's rating: 1311 → 1328<\/strong> (+17 for winning)\n|raw|tornadus drill's rating: 1259 → 1238<\/strong> (-21 for losing)\n|l|\u2606tornadus drill\n|c|\u2606thrillcorner|gg\n","uploadtime":1683858827,"views":53,"p1id":"thrillcorner","p2id":"tornadusdrill","formatid":"gen9vgc2023regulationc","rating":1238,"private":0,"password":""}