{"id":"gen9vgc2023regulationc-1845257660","p1":"kiranearitachi","p2":"phillypls","format":"[Gen 9] VGC 2023 Regulation C","log":"|j|\u2606kiranearitachi\n|j|\u2606phillypls\n|t:|1681703191\n|gametype|doubles\n|player|p1|kiranearitachi|pokekidf-gen8|\n|player|p2|phillypls|265|\n|teamsize|p1|6\n|teamsize|p2|6\n|gen|9\n|tier|[Gen 9] VGC 2023 Regulation C\n|rule|Species Clause: Limit one of each Pok\u00e9mon\n|rule|Item Clause: Limit one of each item\n|clearpoke\n|poke|p1|Chien-Pao, L50|\n|poke|p1|Amoonguss, L50, M|\n|poke|p1|Flutter Mane, L50|\n|poke|p1|Ting-Lu, L50|\n|poke|p1|Palafin, L50, M|\n|poke|p1|Arcanine, L50, M|\n|poke|p2|Gholdengo, L50|\n|poke|p2|Maushold-Four, L50|\n|poke|p2|Roaring Moon, L50|\n|poke|p2|Arcanine, L50, F|\n|poke|p2|Iron Bundle, L50|\n|poke|p2|Annihilape, L50, F|\n|teampreview|4\n|inactive|Battle timer is ON: inactive players will automatically lose when time's up. (requested by kiranearitachi)\n|\n|t:|1681703216\n|start\n|switch|p1a: Flutter Mane|Flutter Mane, L50|100\/100\n|switch|p1b: Amoonguss|Amoonguss, L50, M|100\/100\n|switch|p2a: Maushold|Maushold-Four, L50|100\/100\n|switch|p2b: Annihilape|Annihilape, L50, F|100\/100\n|-enditem|p1a: Flutter Mane|Booster Energy\n|-activate|p1a: Flutter Mane|ability: Protosynthesis|[fromitem]\n|-start|p1a: Flutter Mane|protosynthesisspe\n|turn|1\n|\n|t:|1681703239\n|-terastallize|p1a: Flutter Mane|Fairy\n|move|p1b: Amoonguss|Rage Powder|p1b: Amoonguss\n|-singleturn|p1b: Amoonguss|move: Rage Powder\n|move|p1a: Flutter Mane|Moonblast|p2a: Maushold\n|-damage|p2a: Maushold|17\/100\n|move|p2a: Maushold|Beat Up|p2b: Annihilape\n|-damage|p2b: Annihilape|99\/100\n|-damage|p2b: Annihilape|96\/100\n|-damage|p2b: Annihilape|95\/100\n|-damage|p2b: Annihilape|92\/100\n|-hitcount|p2b: Annihilape|4\n|move|p2b: Annihilape|Rage Fist|p1b: Amoonguss\n|-damage|p1b: Amoonguss|0 fnt\n|faint|p1b: Amoonguss\n|\n|upkeep\n|\n|t:|1681703260\n|switch|p1b: Arcanine|Arcanine, L50, M|100\/100\n|-ability|p1b: Arcanine|Intimidate|boost\n|-unboost|p2a: Maushold|atk|1\n|-unboost|p2b: Annihilape|atk|1\n|-ability|p2b: Annihilape|Defiant|boost\n|-boost|p2b: Annihilape|atk|2\n|turn|2\n|inactive|phillypls has 30 seconds left.\n|\n|t:|1681703287\n|move|p2a: Maushold|Follow Me|p2a: Maushold\n|-singleturn|p2a: Maushold|move: Follow Me\n|move|p1a: Flutter Mane|Dazzling Gleam|p2a: Maushold|[spread] p2a,p2b\n|-supereffective|p2b: Annihilape\n|-damage|p2a: Maushold|0 fnt\n|-damage|p2b: Annihilape|36\/100\n|-enditem|p2b: Annihilape|Sitrus Berry|[eat]\n|-heal|p2b: Annihilape|60\/100|[from] item: Sitrus Berry\n|faint|p2a: Maushold\n|move|p1b: Arcanine|Flare Blitz|p2b: Annihilape\n|-damage|p2b: Annihilape|7\/100\n|-damage|p1b: Arcanine|81\/100|[from] Recoil\n|move|p2b: Annihilape|Rage Fist|p1b: Arcanine\n|-damage|p1b: Arcanine|0 fnt\n|faint|p1b: Arcanine\n|\n|upkeep\n|\n|t:|1681703303\n|switch|p2a: Arcanine|Arcanine, L50, F|100\/100\n|switch|p1b: Ting-Lu|Ting-Lu, L50|100\/100\n|-ability|p2a: Arcanine|Intimidate|boost\n|-unboost|p1a: Flutter Mane|atk|1\n|-unboost|p1b: Ting-Lu|atk|1\n|-ability|p1b: Ting-Lu|Vessel of Ruin\n|turn|3\n|inactive|phillypls has 30 seconds left.\n|\n|t:|1681703330\n|move|p2b: Annihilape|Protect|p2b: Annihilape\n|-singleturn|p2b: Annihilape|Protect\n|move|p1a: Flutter Mane|Dazzling Gleam|p2b: Annihilape|[spread] p2a\n|-activate|p2b: Annihilape|move: Protect\n|-resisted|p2a: Arcanine\n|-damage|p2a: Arcanine|90\/100\n|move|p2a: Arcanine|Snarl|p1b: Ting-Lu|[spread] p1a,p1b\n|-resisted|p1a: Flutter Mane\n|-resisted|p1b: Ting-Lu\n|-damage|p1a: Flutter Mane|97\/100\n|-damage|p1b: Ting-Lu|99\/100\n|-unboost|p1a: Flutter Mane|spa|1\n|-unboost|p1b: Ting-Lu|spa|1\n|move|p1b: Ting-Lu|Stomping Tantrum|p2a: Arcanine\n|-supereffective|p2a: Arcanine\n|-damage|p2a: Arcanine|50\/100\n|\n|upkeep\n|turn|4\n|\n|t:|1681703352\n|move|p1a: Flutter Mane|Dazzling Gleam|p2a: Arcanine|[spread] p2a,p2b\n|-resisted|p2a: Arcanine\n|-supereffective|p2b: Annihilape\n|-damage|p2a: Arcanine|42\/100\n|-damage|p2b: Annihilape|0 fnt\n|faint|p2b: Annihilape\n|move|p2a: Arcanine|Flare Blitz|p1a: Flutter Mane\n|-damage|p1a: Flutter Mane|0 fnt\n|faint|p1a: Flutter Mane\n|-end|p1a: Flutter Mane|Protosynthesis|[silent]\n|-damage|p2a: Arcanine|21\/100|[from] Recoil\n|move|p1b: Ting-Lu|Stomping Tantrum|p2a: Arcanine\n|-supereffective|p2a: Arcanine\n|-damage|p2a: Arcanine|0 fnt\n|faint|p2a: Arcanine\n|\n|upkeep\n|\n|t:|1681703360\n|switch|p2b: Iron Bundle|Iron Bundle, L50|100\/100\n|turn|5\n|\n|t:|1681703371\n|move|p2b: Iron Bundle|Freeze-Dry|p1b: Ting-Lu\n|-supereffective|p1b: Ting-Lu\n|-damage|p1b: Ting-Lu|77\/100\n|move|p1b: Ting-Lu|Fissure|p2b: Iron Bundle\n|-damage|p2b: Iron Bundle|0 fnt\n|faint|p2b: Iron Bundle\n|-end|p2b: Iron Bundle|Quark Drive|[silent]\n|-ohko\n|\n|win|kiranearitachi\n","uploadtime":1681703381,"views":8,"p1id":"kiranearitachi","p2id":"phillypls","formatid":"gen9vgc2023regulationc","rating":0,"private":0,"password":""}