{"id":"gen9vgc2023regulationc-1861193793","p1":"D-scNSe","p2":"drugs fermenting","format":"[Gen 9] VGC 2023 Regulation C","log":"|j|\u2606D-scNSe\n|j|\u2606drugs fermenting\n|t:|1683734733\n|gametype|doubles\n|player|p1|D-scNSe|169|1373\n|player|p2|drugs fermenting|101|1442\n|teamsize|p1|6\n|teamsize|p2|6\n|gen|9\n|tier|[Gen 9] VGC 2023 Regulation C\n|rated|\n|rule|Species Clause: Limit one of each Pok\u00e9mon\n|rule|Item Clause: Limit one of each item\n|clearpoke\n|poke|p1|Flutter Mane, L50|\n|poke|p1|Ting-Lu, L50|\n|poke|p1|Maushold-Four, L50|\n|poke|p1|Annihilape, L50, M|\n|poke|p1|Iron Bundle, L50|\n|poke|p1|Arcanine, L50, M|\n|poke|p2|Glimmora, L50, M|\n|poke|p2|Iron Bundle, L50|\n|poke|p2|Dondozo, L50, F|\n|poke|p2|Dragonite, L50, M|\n|poke|p2|Tatsugiri, L50, F|\n|poke|p2|Chi-Yu, L50|\n|teampreview|4\n|\n|t:|1683734760\n|start\n|switch|p1a: Ting-Lu|Ting-Lu, L50|100\/100\n|switch|p1b: Arcanine|Arcanine, L50, M|100\/100\n|switch|p2a: Dragonite|Dragonite, L50, M|100\/100\n|switch|p2b: Glimmora|Glimmora, L50, M|100\/100\n|-ability|p1b: Arcanine|Intimidate|boost\n|-unboost|p2a: Dragonite|atk|1\n|-unboost|p2b: Glimmora|atk|1\n|-ability|p1a: Ting-Lu|Vessel of Ruin\n|turn|1\n|\n|t:|1683734793\n|-terastallize|p2b: Glimmora|Grass\n|-terastallize|p1a: Ting-Lu|Poison\n|move|p2a: Dragonite|Earthquake|p1b: Arcanine|[spread] p2b,p1a,p1b\n|-resisted|p2b: Glimmora\n|-supereffective|p1a: Ting-Lu\n|-supereffective|p1b: Arcanine\n|-damage|p2b: Glimmora|89\/100\n|-damage|p1a: Ting-Lu|71\/100\n|-damage|p1b: Arcanine|43\/100\n|-activate|p2b: Glimmora|ability: Toxic Debris\n|-sidestart|p1: D-scNSe|move: Toxic Spikes\n|-enditem|p1b: Arcanine|Sitrus Berry|[eat]\n|-heal|p1b: Arcanine|68\/100|[from] item: Sitrus Berry\n|move|p1b: Arcanine|Will-O-Wisp|p2a: Dragonite|[miss]\n|-miss|p1b: Arcanine|p2a: Dragonite\n|move|p2b: Glimmora|Mortal Spin|p1b: Arcanine|[spread] p1a,p1b\n|-resisted|p1a: Ting-Lu\n|-damage|p1a: Ting-Lu|70\/100\n|-damage|p1b: Arcanine|64\/100\n|-status|p1b: Arcanine|psn\n|move|p1a: Ting-Lu|Stomping Tantrum|p2b: Glimmora\n|-resisted|p2b: Glimmora\n|-damage|p2b: Glimmora|75\/100\n|-activate|p2b: Glimmora|ability: Toxic Debris\n|-sidestart|p1: D-scNSe|move: Toxic Spikes\n|\n|-damage|p1b: Arcanine|52\/100 psn|[from] psn\n|upkeep\n|turn|2\n|\n|t:|1683734836\n|move|p1b: Arcanine|Extreme Speed|p2b: Glimmora\n|-damage|p2b: Glimmora|56\/100\n|move|p2a: Dragonite|Earthquake|p1a: Ting-Lu|[spread] p2b,p1a,p1b\n|-resisted|p2b: Glimmora\n|-supereffective|p1a: Ting-Lu\n|-supereffective|p1b: Arcanine\n|-damage|p2b: Glimmora|45\/100\n|-damage|p1a: Ting-Lu|44\/100\n|-damage|p1b: Arcanine|0 fnt\n|faint|p1b: Arcanine\n|move|p2b: Glimmora|Earth Power|p1a: Ting-Lu\n|-supereffective|p1a: Ting-Lu\n|-damage|p1a: Ting-Lu|24\/100\n|move|p1a: Ting-Lu|Ruination|p2a: Dragonite\n|-damage|p2a: Dragonite|50\/100\n|\n|upkeep\n|\n|t:|1683734849\n|switch|p1b: Flutter Mane|Flutter Mane, L50|100\/100\n|-status|p1b: Flutter Mane|tox\n|-enditem|p1b: Flutter Mane|Booster Energy\n|-activate|p1b: Flutter Mane|ability: Protosynthesis|[fromitem]\n|-start|p1b: Flutter Mane|protosynthesisspe\n|turn|3\n|\n|t:|1683734865\n|move|p1b: Flutter Mane|Moonblast|p2a: Dragonite\n|-supereffective|p2a: Dragonite\n|-damage|p2a: Dragonite|0 fnt\n|faint|p2a: Dragonite\n|move|p2b: Glimmora|Power Gem|p1b: Flutter Mane\n|-damage|p1b: Flutter Mane|73\/100 tox\n|move|p1a: Ting-Lu|Heavy Slam|p2b: Glimmora\n|-damage|p2b: Glimmora|16\/100\n|\n|-damage|p1b: Flutter Mane|67\/100 tox|[from] psn\n|upkeep\n|\n|t:|1683734877\n|switch|p2a: Iron Bundle|Iron Bundle, L50|100\/100\n|-enditem|p2a: Iron Bundle|Booster Energy\n|-activate|p2a: Iron Bundle|ability: Quark Drive|[fromitem]\n|-start|p2a: Iron Bundle|quarkdrivespe\n|turn|4\n|\n|t:|1683734896\n|move|p2a: Iron Bundle|Protect|p2a: Iron Bundle\n|-singleturn|p2a: Iron Bundle|Protect\n|move|p1b: Flutter Mane|Thunderbolt|p2a: Iron Bundle\n|-activate|p2a: Iron Bundle|move: Protect\n|move|p2b: Glimmora|Power Gem|p1b: Flutter Mane\n|-damage|p1b: Flutter Mane|44\/100 tox\n|move|p1a: Ting-Lu|Heavy Slam|p2b: Glimmora\n|-damage|p2b: Glimmora|0 fnt\n|faint|p2b: Glimmora\n|\n|-damage|p1b: Flutter Mane|32\/100 tox|[from] psn\n|upkeep\n|\n|t:|1683734909\n|switch|p2b: Chi-Yu|Chi-Yu, L50|100\/100\n|-ability|p2b: Chi-Yu|Beads of Ruin\n|turn|5\n|\n|t:|1683734922\n|move|p2a: Iron Bundle|Freeze-Dry|p1b: Flutter Mane\n|-damage|p1b: Flutter Mane|0 fnt\n|faint|p1b: Flutter Mane\n|-end|p1b: Flutter Mane|Protosynthesis|[silent]\n|move|p2b: Chi-Yu|Dark Pulse|p1a: Ting-Lu\n|-crit|p1a: Ting-Lu\n|-damage|p1a: Ting-Lu|0 fnt\n|faint|p1a: Ting-Lu\n|\n|upkeep\n|\n|t:|1683734931\n|switch|p1b: Iron Bundle|Iron Bundle, L50|100\/100\n|-status|p1b: Iron Bundle|tox\n|turn|6\n|\n|t:|1683734943\n|move|p2a: Iron Bundle|Freeze-Dry|p1b: Iron Bundle\n|-damage|p1b: Iron Bundle|5\/100 tox\n|move|p1b: Iron Bundle|Hydro Pump|p2b: Chi-Yu\n|-supereffective|p2b: Chi-Yu\n|-enditem|p2b: Chi-Yu|Focus Sash\n|-damage|p2b: Chi-Yu|1\/100\n|move|p2b: Chi-Yu|Dark Pulse|p1b: Iron Bundle\n|-damage|p1b: Iron Bundle|0 fnt\n|faint|p1b: Iron Bundle\n|-end|p1b: Iron Bundle|Quark Drive|[silent]\n|\n|win|drugs fermenting\n|raw|D-scNSe's rating: 1373 → 1357<\/strong> (-16 for losing)\n|raw|drugs fermenting's rating: 1442 → 1458<\/strong> (+16 for winning)\n","uploadtime":1683734951,"views":8,"p1id":"dscnse","p2id":"drugsfermenting","formatid":"gen9vgc2023regulationc","rating":1357,"private":0,"password":""}