{"id":"gen9vgc2023regulationc-1859935882","p1":"TrendanBrendan","p2":"GruffuddH","format":"[Gen 9] VGC 2023 Regulation C","log":"|j|\u2606TrendanBrendan\n|j|\u2606GruffuddH\n|t:|1683577264\n|gametype|doubles\n|player|p1|TrendanBrendan|elio|\n|player|p2|GruffuddH|rika|\n|teamsize|p1|6\n|teamsize|p2|6\n|gen|9\n|tier|[Gen 9] VGC 2023 Regulation C\n|rule|Species Clause: Limit one of each Pok\u00e9mon\n|rule|Item Clause: Limit one of each item\n|clearpoke\n|poke|p1|Corviknight, L50, F|\n|poke|p1|Amoonguss, L50, F|\n|poke|p1|Arcanine, L50, M|\n|poke|p1|Palafin, L50, F|\n|poke|p1|Flutter Mane, L50|\n|poke|p1|Ting-Lu, L50|\n|poke|p2|Gastrodon, L50, F|\n|poke|p2|Flutter Mane, L50|\n|poke|p2|Wo-Chien, L50|\n|poke|p2|Chi-Yu, L50|\n|poke|p2|Gyarados, L50, M|\n|poke|p2|Glimmora, L50, F|\n|teampreview|4\nGruffuddH has agreed to open team sheets.\n|\n|t:|1683577297\n|start\n|switch|p1a: Brieze|Palafin, L50, F, shiny|100\/100\n|switch|p1b: Wispa|Flutter Mane, L50|100\/100\n|switch|p2a: PEE-Yu|Chi-Yu, L50|100\/100\n|switch|p2b: BLOW-chien|Wo-Chien, L50|100\/100\n|-ability|p2a: PEE-Yu|Beads of Ruin\n|-ability|p2b: BLOW-chien|Tablets of Ruin\n|turn|1\n|\n|t:|1683577330\n|switch|p2a: ASStrodon|Gastrodon, L50, F|100\/100\n|detailschange|p1a: Brieze|Palafin-Hero, L50, F, shiny\n|switch|p1a: Mooshold|Ting-Lu, L50|100\/100\n|-ability|p1a: Mooshold|Vessel of Ruin\n|-terastallize|p1b: Wispa|Fairy\n|-terastallize|p2b: BLOW-chien|Poison\n|move|p1b: Wispa|Moonblast|p2a: ASStrodon\n|-damage|p2a: ASStrodon|53\/100\n|move|p2b: BLOW-chien|Leech Seed|p1b: Wispa\n|-start|p1b: Wispa|move: Leech Seed\n|\n|-damage|p1b: Wispa|89\/100|[from] Leech Seed|[of] p2b: BLOW-chien\n|upkeep\n|turn|2\n|\n|t:|1683577347\n|switch|p1a: Brieze|Palafin-Hero, L50, F, shiny|100\/100\n|-activate|p1a: Brieze|ability: Zero to Hero\n|move|p1b: Wispa|Moonblast|p2a: ASStrodon\n|-damage|p2a: ASStrodon|0 fnt\n|faint|p2a: ASStrodon\n|move|p2b: BLOW-chien|Leech Seed|p1a: Brieze\n|-start|p1a: Brieze|move: Leech Seed\n|\n|-damage|p1b: Wispa|77\/100|[from] Leech Seed|[of] p2b: BLOW-chien\n|-damage|p1a: Brieze|88\/100|[from] Leech Seed|[of] p2b: BLOW-chien\n|upkeep\n|\n|t:|1683577363\n|switch|p2a: GliBOREa|Glimmora, L50, F|100\/100\n|turn|3\n|\n|t:|1683577380\n|-end|p1b: Wispa|Protosynthesis|[silent]\n|switch|p1b: Mooshold|Ting-Lu, L50|100\/100\n|-ability|p1b: Mooshold|Vessel of Ruin\n|move|p2b: BLOW-chien|Protect|p2b: BLOW-chien\n|-singleturn|p2b: BLOW-chien|Protect\n|move|p2a: GliBOREa|Energy Ball|p1b: Mooshold\n|-supereffective|p1b: Mooshold\n|-damage|p1b: Mooshold|77\/100\n|move|p1a: Brieze|Wave Crash|p2a: GliBOREa\n|-supereffective|p2a: GliBOREa\n|-enditem|p2a: GliBOREa|Focus Sash\n|-damage|p2a: GliBOREa|1\/100\n|-activate|p2a: GliBOREa|ability: Toxic Debris\n|-sidestart|p1: TrendanBrendan|move: Toxic Spikes\n|-damage|p1a: Brieze|63\/100|[from] Recoil\n|\n|-damage|p1a: Brieze|51\/100|[from] Leech Seed|[of] p2b: BLOW-chien\n|upkeep\n|turn|4\n|\n|t:|1683577400\n|move|p1a: Brieze|Jet Punch|p2a: GliBOREa\n|-supereffective|p2a: GliBOREa\n|-damage|p2a: GliBOREa|0 fnt\n|-activate|p2a: GliBOREa|ability: Toxic Debris\n|-sidestart|p1: TrendanBrendan|move: Toxic Spikes\n|faint|p2a: GliBOREa\n|move|p2b: BLOW-chien|Leech Seed|p1b: Mooshold|[miss]\n|-miss|p2b: BLOW-chien|p1b: Mooshold\n|move|p1b: Mooshold|Fissure|p2b: BLOW-chien|[miss]\n|-miss|p1b: Mooshold|p2b: BLOW-chien\n|\n|-damage|p1a: Brieze|39\/100|[from] Leech Seed|[of] p2b: BLOW-chien\n|upkeep\n|\n|t:|1683577411\n|switch|p2a: PEE-Yu|Chi-Yu, L50|100\/100\n|-ability|p2a: PEE-Yu|Beads of Ruin\n|turn|5\n|\n|t:|1683577421\n|switch|p1a: Wispa|Flutter Mane, L50, tera:Fairy|77\/100\n|-status|p1a: Wispa|tox\n|move|p2a: PEE-Yu|Protect|p2a: PEE-Yu\n|-singleturn|p2a: PEE-Yu|Protect\n|move|p2b: BLOW-chien|Leech Seed|p1b: Mooshold\n|-start|p1b: Mooshold|move: Leech Seed\n|move|p1b: Mooshold|Stomping Tantrum|p2a: PEE-Yu\n|-activate|p2a: PEE-Yu|move: Protect\n|\n|-damage|p1b: Mooshold|65\/100|[from] Leech Seed|[of] p2b: BLOW-chien\n|-damage|p1a: Wispa|71\/100 tox|[from] psn\n|upkeep\n|turn|6\n|\n|t:|1683577449\n|move|p2b: BLOW-chien|Protect|p2b: BLOW-chien\n|-singleturn|p2b: BLOW-chien|Protect\n|move|p1a: Wispa|Moonblast|p2a: PEE-Yu\n|-damage|p2a: PEE-Yu|18\/100\n|move|p2a: PEE-Yu|Overheat|p1a: Wispa\n|-damage|p1a: Wispa|5\/100 tox\n|-unboost|p2a: PEE-Yu|spa|2\n|move|p1b: Mooshold|Stomping Tantrum|p2b: BLOW-chien\n|-activate|p2b: BLOW-chien|move: Protect\n|\n|-damage|p1b: Mooshold|53\/100|[from] Leech Seed|[of] p2b: BLOW-chien\n|-damage|p1a: Wispa|0 fnt|[from] psn\n|faint|p1a: Wispa\n|-end|p1a: Wispa|Protosynthesis|[silent]\n|upkeep\n|\n|t:|1683577463\n|switch|p1a: Corviknight|Corviknight, L50, F, shiny|100\/100\n|turn|7\n|\n|t:|1683577482\n|switch|p1b: Brieze|Palafin-Hero, L50, F, shiny|39\/100\n|-status|p1b: Brieze|tox\n|move|p2a: PEE-Yu|Overheat|p1a: Corviknight\n|-supereffective|p1a: Corviknight\n|-damage|p1a: Corviknight|13\/100\n|-unboost|p2a: PEE-Yu|spa|2\n|move|p2b: BLOW-chien|Pollen Puff|p1b: Brieze\n|-damage|p1b: Brieze|14\/100 tox\n|move|p1a: Corviknight|Roost|p1a: Corviknight\n|-heal|p1a: Corviknight|63\/100\n|-singleturn|p1a: Corviknight|move: Roost\n|\n|-damage|p1b: Brieze|8\/100 tox|[from] psn\n|upkeep\n|turn|8\n|\n|t:|1683577512\n|switch|p1b: Mooshold|Ting-Lu, L50|53\/100\n|-status|p1b: Mooshold|tox\n|-ability|p1b: Mooshold|Vessel of Ruin\n|move|p2a: PEE-Yu|Protect|p2a: PEE-Yu\n|-singleturn|p2a: PEE-Yu|Protect\n|move|p2b: BLOW-chien|Pollen Puff|p1b: Mooshold\n|-supereffective|p1b: Mooshold\n|-damage|p1b: Mooshold|34\/100 tox\n|move|p1a: Corviknight|Roost|p1a: Corviknight\n|-heal|p1a: Corviknight|100\/100\n|-singleturn|p1a: Corviknight|move: Roost\n|\n|-damage|p1b: Mooshold|28\/100 tox|[from] psn\n|upkeep\n|turn|9\n|\n|t:|1683577534\n|move|p2a: PEE-Yu|Overheat|p1a: Corviknight\n|-supereffective|p1a: Corviknight\n|-damage|p1a: Corviknight|54\/100\n|-unboost|p2a: PEE-Yu|spa|2\n|move|p2b: BLOW-chien|Pollen Puff|p2a: PEE-Yu\n|-heal|p2a: PEE-Yu|68\/100\n|move|p1a: Corviknight|Brave Bird|p2a: PEE-Yu\n|-damage|p2a: PEE-Yu|14\/100\n|-damage|p1a: Corviknight|42\/100|[from] Recoil\n|move|p1b: Mooshold|Fissure|p2b: BLOW-chien|[miss]\n|-miss|p1b: Mooshold|p2b: BLOW-chien\n|\n|-damage|p1b: Mooshold|16\/100 tox|[from] psn\n|upkeep\n|turn|10\n|\n|t:|1683577554\n|move|p2b: BLOW-chien|Protect|p2b: BLOW-chien\n|-singleturn|p2b: BLOW-chien|Protect\n|move|p2a: PEE-Yu|Overheat|p1a: Corviknight\n|-supereffective|p1a: Corviknight\n|-damage|p1a: Corviknight|6\/100\n|move|p1a: Corviknight|Roost|p1a: Corviknight\n|-heal|p1a: Corviknight|57\/100\n|-singleturn|p1a: Corviknight|move: Roost\n|move|p1b: Mooshold|Stomping Tantrum|p2b: BLOW-chien\n|-activate|p2b: BLOW-chien|move: Protect\n|\n|-damage|p1b: Mooshold|0 fnt|[from] psn\n|faint|p1b: Mooshold\n|upkeep\n|\n|t:|1683577564\n|switch|p1b: Brieze|Palafin-Hero, L50, F, shiny|8\/100 tox\n|turn|11\n|\n|t:|1683577577\n|move|p2a: PEE-Yu|Protect|p2a: PEE-Yu\n|-singleturn|p2a: PEE-Yu|Protect\n|move|p1b: Brieze|Wave Crash|p2b: BLOW-chien\n|-damage|p2b: BLOW-chien|36\/100\n|-damage|p1b: Brieze|0 fnt|[from] Recoil\n|faint|p1b: Brieze\n|move|p2b: BLOW-chien|Leech Seed|p1a: Corviknight\n|-start|p1a: Corviknight|move: Leech Seed\n|move|p1a: Corviknight|Bulk Up|p1a: Corviknight\n|-boost|p1a: Corviknight|atk|1\n|-boost|p1a: Corviknight|def|1\n|\n|-heal|p2b: BLOW-chien|43\/100|[from] item: Leftovers\n|-damage|p1a: Corviknight|44\/100|[from] Leech Seed|[of] p2b: BLOW-chien\n|-heal|p2b: BLOW-chien|56\/100|[silent]\n|upkeep\n|turn|12\n|\n|t:|1683577595\n|move|p2a: PEE-Yu|Overheat|p1a: Corviknight\n|-supereffective|p1a: Corviknight\n|-damage|p1a: Corviknight|0 fnt\n|faint|p1a: Corviknight\n|\n|win|GruffuddH\n|c|\u2606GruffuddH|gg\n|c|\u2606TrendanBrendan|ggwp\n","uploadtime":1683577602,"views":13,"p1id":"trendanbrendan","p2id":"gruffuddh","formatid":"gen9vgc2023regulationc","rating":0,"private":0,"password":""}