{"id":"gen9vgc2023regulationc-1855646076","p1":"zek123","p2":"PanduxD","format":"[Gen 9] VGC 2023 Regulation C","log":"|j|\u2606zek123\n|j|\u2606PanduxD\n|t:|1682969452\n|gametype|doubles\n|player|p1|zek123|1|\n|player|p2|PanduxD|266|\n|teamsize|p1|6\n|teamsize|p2|6\n|gen|9\n|tier|[Gen 9] VGC 2023 Regulation C\n|rule|Species Clause: Limit one of each Pok\u00e9mon\n|rule|Item Clause: Limit one of each item\n|clearpoke\n|poke|p1|Torkoal, L50, M|\n|poke|p1|Great Tusk, L50|\n|poke|p1|Rotom-Wash, L50|\n|poke|p1|Gengar, L50, M|\n|poke|p1|Dragonite, L50, M|\n|poke|p1|Garchomp, L50, M|\n|poke|p2|Muk, L50, M|\n|poke|p2|Talonflame, L50, F|\n|poke|p2|Tauros-Paldea-Aqua, L50, M|\n|poke|p2|Dragonite, L50, F|\n|poke|p2|Great Tusk, L50|\n|poke|p2|Rotom-Wash, L50|\n|teampreview|4\n|j| JhosuaT\n|c|\u2606zek123|Que emoci\u00f3n!!!\n|\n|t:|1682969509\n|start\n|switch|p1a: Gengar|Gengar, L50, M|100\/100\n|switch|p1b: Dragonite|Dragonite, L50, M|100\/100\n|switch|p2a: Kchauros|Tauros-Paldea-Aqua, L50, M|100\/100\n|switch|p2b: Tuskar|Great Tusk, L50|100\/100\n|-ability|p2a: Kchauros|Intimidate|boost\n|-unboost|p1a: Gengar|atk|1\n|-unboost|p1b: Dragonite|atk|1\n|turn|1\n|\n|t:|1682969541\n|switch|p1b: Rotom|Rotom-Wash, L50|100\/100\n|move|p2a: Kchauros|Protect|p2a: Kchauros\n|-singleturn|p2a: Kchauros|Protect\n|move|p1a: Gengar|Icy Wind|p2a: Kchauros|[spread] p2b\n|-activate|p2a: Kchauros|move: Protect\n|-supereffective|p2b: Tuskar\n|-damage|p2b: Tuskar|71\/100\n|-unboost|p2b: Tuskar|spe|1\n|move|p2b: Tuskar|Ice Spinner|p1b: Rotom\n|-resisted|p1b: Rotom\n|-damage|p1b: Rotom|80\/100\n|\n|upkeep\n|turn|2\n|\n|t:|1682969579\n|-terastallize|p2a: Kchauros|Fighting\n|move|p1b: Rotom|Protect|p1b: Rotom\n|-singleturn|p1b: Rotom|Protect\n|move|p1a: Gengar|Shadow Ball|p2b: Tuskar\n|-damage|p2b: Tuskar|28\/100\n|move|p2a: Kchauros|Rock Slide|p1b: Rotom|[spread] p1a\n|-activate|p1b: Rotom|move: Protect\n|-crit|p1a: Gengar\n|-damage|p1a: Gengar|52\/100\n|move|p2b: Tuskar|Headlong Rush|p1a: Gengar\n|-supereffective|p1a: Gengar\n|-damage|p1a: Gengar|0 fnt\n|-unboost|p2b: Tuskar|def|1\n|-unboost|p2b: Tuskar|spd|1\n|-start|p2b: Tuskar|Disable|Headlong Rush|[from] ability: Cursed Body|[of] p1a: Gengar\n|faint|p1a: Gengar\n|\n|upkeep\n|\n|t:|1682969598\n|switch|p1a: Garchomp|Garchomp, L50, M|100\/100\n|turn|3\n|\n|t:|1682969616\n|-end|p2b: Tuskar|Protosynthesis|[silent]\n|switch|p2b: Oster|Rotom-Wash, L50, shiny|100\/100\n|move|p1a: Garchomp|Earthquake|p2a: Kchauros|[spread] p2a\n|-immune|p1b: Rotom|[from] ability: Levitate\n|-immune|p2b: Oster|[from] ability: Levitate\n|-damage|p2a: Kchauros|54\/100\n|move|p2a: Kchauros|Liquidation|p1a: Garchomp\n|-damage|p1a: Garchomp|61\/100\n|-damage|p2a: Kchauros|42\/100|[from] ability: Rough Skin|[of] p1a: Garchomp\n|move|p1b: Rotom|Will-O-Wisp|p2a: Kchauros\n|-status|p2a: Kchauros|brn\n|\n|-damage|p2a: Kchauros|36\/100 brn|[from] brn\n|upkeep\n|turn|4\n|\n|t:|1682969651\n|move|p1a: Garchomp|Protect|p1a: Garchomp\n|-singleturn|p1a: Garchomp|Protect\n|move|p2a: Kchauros|Protect|p2a: Kchauros\n|-singleturn|p2a: Kchauros|Protect\n|move|p1b: Rotom|Discharge|p2a: Kchauros|[spread] p2b\n|-activate|p1a: Garchomp|move: Protect\n|-activate|p2a: Kchauros|move: Protect\n|-damage|p2b: Oster|72\/100\n|move|p2b: Oster|Reflect|p2b: Oster\n|-sidestart|p2: PanduxD|Reflect\n|\n|-heal|p2b: Oster|78\/100|[from] item: Leftovers\n|-damage|p2a: Kchauros|30\/100 brn|[from] brn\n|upkeep\n|turn|5\n|\n|t:|1682969684\n|move|p1a: Garchomp|Swords Dance|p1a: Garchomp\n|-boost|p1a: Garchomp|atk|2\n|-enditem|p2a: Kchauros|Mirror Herb\n|-boost|p2a: Kchauros|atk|2|[from] item: Mirror Herb\n|move|p2a: Kchauros|Liquidation|p1a: Garchomp\n|-damage|p1a: Garchomp|17\/100\n|-damage|p2a: Kchauros|18\/100 brn|[from] ability: Rough Skin|[of] p1a: Garchomp\n|move|p1b: Rotom|Discharge|p2a: Kchauros|[spread] p2a,p2b\n|-immune|p1a: Garchomp\n|-damage|p2a: Kchauros|0 fnt\n|-damage|p2b: Oster|49\/100\n|faint|p2a: Kchauros\n|move|p2b: Oster|Substitute|p2b: Oster\n|-start|p2b: Oster|Substitute\n|-damage|p2b: Oster|24\/100\n|\n|-heal|p2b: Oster|30\/100|[from] item: Leftovers\n|upkeep\n|\n|t:|1682969700\n|switch|p2a: Tobilloflame|Talonflame, L50, F, shiny|100\/100\n|turn|6\n|\n|t:|1682969782\n|move|p1a: Garchomp|Protect|p1a: Garchomp\n|-singleturn|p1a: Garchomp|Protect\n|move|p2a: Tobilloflame|Brave Bird|p1a: Garchomp\n|-activate|p1a: Garchomp|move: Protect\n|move|p1b: Rotom|Discharge|p2a: Tobilloflame|[spread] p2a,p2b\n|-activate|p1a: Garchomp|move: Protect\n|-end|p2b: Oster|Substitute\n|-supereffective|p2a: Tobilloflame\n|-damage|p2a: Tobilloflame|11\/100\n|-status|p2a: Tobilloflame|par\n|move|p2b: Oster|Discharge|p1a: Garchomp|[spread] p2a,p1b\n|-activate|p1a: Garchomp|move: Protect\n|-supereffective|p2a: Tobilloflame\n|-damage|p2a: Tobilloflame|0 fnt\n|-damage|p1b: Rotom|54\/100\n|faint|p2a: Tobilloflame\n|\n|-heal|p2b: Oster|36\/100|[from] item: Leftovers\n|upkeep\n|\n|t:|1682969799\n|switch|p2a: Tuskar|Great Tusk, L50|28\/100\n|turn|7\n|\n|t:|1682969845\n|move|p2b: Oster|Helping Hand|p2a: Tuskar\n|-singleturn|p2a: Tuskar|Helping Hand|[of] p2b: Oster\n|move|p1a: Garchomp|Earthquake|p2b: Oster|[spread] p2a\n|-immune|p1b: Rotom|[from] ability: Levitate\n|-immune|p2b: Oster|[from] ability: Levitate\n|-damage|p2a: Tuskar|0 fnt\n|faint|p2a: Tuskar\n|-end|p2a: Tuskar|Protosynthesis|[silent]\n|move|p1b: Rotom|Discharge|p2b: Oster|[spread] p2b\n|-immune|p1a: Garchomp\n|-crit|p2b: Oster\n|-damage|p2b: Oster|0 fnt\n|faint|p2b: Oster\n|\n|win|zek123\n|c|\u2606PanduxD|gg\n|l|\u2606PanduxD\n","uploadtime":1682969859,"views":21,"p1id":"zek123","p2id":"panduxd","formatid":"gen9vgc2023regulationc","rating":0,"private":0,"password":""}