{"id":"gen9vgc2023regulationc-1864282894","p1":"RelishVGC","p2":"blizzardditto","format":"[Gen 9] VGC 2023 Regulation C","log":"|j|\u2606RelishVGC\n|j|\u2606blizzardditto\n|t:|1684149875\n|gametype|doubles\n|player|p1|RelishVGC|1|1491\n|player|p2|blizzardditto|cynthia-masters|1584\n|teamsize|p1|6\n|teamsize|p2|6\n|gen|9\n|tier|[Gen 9] VGC 2023 Regulation C\n|rated|\n|rule|Species Clause: Limit one of each Pok\u00e9mon\n|rule|Item Clause: Limit one of each item\n|clearpoke\n|poke|p1|Abomasnow, L50, M|\n|poke|p1|Ting-Lu, L50|\n|poke|p1|Iron Hands, L50|\n|poke|p1|Flutter Mane, L50|\n|poke|p1|Bronzong, L50|\n|poke|p1|Iron Bundle, L50|\n|poke|p2|Chi-Yu, L50|\n|poke|p2|Flutter Mane, L50|\n|poke|p2|Ting-Lu, L50|\n|poke|p2|Dondozo, L50, F|\n|poke|p2|Iron Bundle, L50|\n|poke|p2|Dragonite, L50, F|\n|teampreview|4\n|\n|t:|1684149900\n|start\n|switch|p1a: Iron Hands|Iron Hands, L50|100\/100\n|switch|p1b: Iron Bundle|Iron Bundle, L50|100\/100\n|switch|p2a: Dondozo|Dondozo, L50, F|100\/100\n|switch|p2b: Ting-Lu|Ting-Lu, L50|100\/100\n|-ability|p2b: Ting-Lu|Vessel of Ruin\n|turn|1\n|\n|t:|1684149917\n|move|p1a: Iron Hands|Fake Out|p2b: Ting-Lu\n|-damage|p2b: Ting-Lu|92\/100\n|move|p1b: Iron Bundle|Freeze-Dry|p2a: Dondozo\n|-supereffective|p2a: Dondozo\n|-damage|p2a: Dondozo|47\/100\n|-status|p2a: Dondozo|frz\n|cant|p2b: Ting-Lu|flinch\n|cant|p2a: Dondozo|frz\n|\n|-heal|p2a: Dondozo|53\/100 frz|[from] item: Leftovers\n|upkeep\n|turn|2\n|\n|t:|1684149932\n|cant|p2a: Dondozo|frz\n|move|p1b: Iron Bundle|Freeze-Dry|p2b: Ting-Lu\n|-supereffective|p2b: Ting-Lu\n|-damage|p2b: Ting-Lu|46\/100\n|-status|p2b: Ting-Lu|frz\n|-enditem|p2b: Ting-Lu|Sitrus Berry|[eat]\n|-heal|p2b: Ting-Lu|71\/100 frz|[from] item: Sitrus Berry\n|-curestatus|p2b: Ting-Lu|frz|[msg]\n|move|p2b: Ting-Lu|Stealth Rock|p1b: Iron Bundle\n|-sidestart|p1: RelishVGC|move: Stealth Rock\n|move|p1a: Iron Hands|Volt Switch|p2a: Dondozo\n|-supereffective|p2a: Dondozo\n|-damage|p2a: Dondozo|38\/100 frz\n|\n|t:|1684149954\n|-end|p1a: Iron Hands|Quark Drive|[silent]\n|switch|p1a: Abomasnow|Abomasnow, L50, M|100\/100|[from] Volt Switch\n|-damage|p1a: Abomasnow|76\/100|[from] Stealth Rock\n|-weather|Snow|[from] ability: Snow Warning|[of] p1a: Abomasnow\n|\n|-weather|Snow|[upkeep]\n|-heal|p2a: Dondozo|44\/100 frz|[from] item: Leftovers\n|upkeep\n|turn|3\n|\n|t:|1684149974\n|-curestatus|p2a: Dondozo|frz|[msg]\n|move|p2a: Dondozo|Protect|p2a: Dondozo\n|-singleturn|p2a: Dondozo|Protect\n|move|p1b: Iron Bundle|Freeze-Dry|p2a: Dondozo\n|-activate|p2a: Dondozo|move: Protect\n|move|p2b: Ting-Lu|Ruination|p1a: Abomasnow\n|-damage|p1a: Abomasnow|38\/100\n|move|p1a: Abomasnow|Aurora Veil|p1a: Abomasnow\n|-sidestart|p1: RelishVGC|move: Aurora Veil\n|\n|-weather|Snow|[upkeep]\n|-heal|p2a: Dondozo|51\/100|[from] item: Leftovers\n|upkeep\n|turn|4\n|j| harimamomo\n|\n|t:|1684150011\n|move|p1b: Iron Bundle|Freeze-Dry|p2a: Dondozo\n|-supereffective|p2a: Dondozo\n|-damage|p2a: Dondozo|0 fnt\n|faint|p2a: Dondozo\n|move|p2b: Ting-Lu|Ruination|p1b: Iron Bundle\n|-damage|p1b: Iron Bundle|51\/100\n|move|p1a: Abomasnow|Giga Drain|p2b: Ting-Lu\n|-supereffective|p2b: Ting-Lu\n|-damage|p2b: Ting-Lu|43\/100\n|-heal|p1a: Abomasnow|57\/100|[from] drain|[of] p2b: Ting-Lu\n|\n|-weather|Snow|[upkeep]\n|upkeep\n|\n|t:|1684150021\n|switch|p2a: Flutter Mane|Flutter Mane, L50|100\/100\n|turn|5\n|\n|t:|1684150049\n|-end|p1b: Iron Bundle|Quark Drive|[silent]\n|switch|p1b: Flutter Mane|Flutter Mane, L50|100\/100\n|-enditem|p1b: Flutter Mane|Booster Energy\n|-activate|p1b: Flutter Mane|ability: Protosynthesis|[fromitem]\n|-start|p1b: Flutter Mane|protosynthesisspa\n|-damage|p1b: Flutter Mane|89\/100|[from] Stealth Rock\n|switch|p2b: Chi-Yu|Chi-Yu, L50|100\/100\n|-ability|p2b: Chi-Yu|Beads of Ruin\n|-terastallize|p2a: Flutter Mane|Fairy\n|move|p2a: Flutter Mane|Dazzling Gleam|p1b: Flutter Mane|[spread] p1a,p1b\n|-damage|p1a: Abomasnow|5\/100\n|-damage|p1b: Flutter Mane|42\/100\n|move|p1a: Abomasnow|Blizzard|p2a: Flutter Mane|[spread] p2a,p2b\n|-resisted|p2b: Chi-Yu\n|-damage|p2a: Flutter Mane|63\/100\n|-damage|p2b: Chi-Yu|83\/100\n|\n|-weather|Snow|[upkeep]\n|upkeep\n|turn|6\n|\n|t:|1684150087\n|move|p1b: Flutter Mane|Protect|p1b: Flutter Mane\n|-singleturn|p1b: Flutter Mane|Protect\n|move|p2b: Chi-Yu|Heat Wave|p1a: Abomasnow|[spread] p1a\n|-activate|p1b: Flutter Mane|move: Protect\n|-supereffective|p1a: Abomasnow\n|-damage|p1a: Abomasnow|0 fnt\n|faint|p1a: Abomasnow\n|move|p2a: Flutter Mane|Dazzling Gleam|p1b: Flutter Mane\n|-activate|p1b: Flutter Mane|move: Protect\n|\n|-weather|none\n|upkeep\n|\n|t:|1684150111\n|switch|p1a: Iron Hands|Iron Hands, L50|100\/100\n|-damage|p1a: Iron Hands|94\/100|[from] Stealth Rock\n|turn|7\n|\n|t:|1684150122\n|-end|p2a: Flutter Mane|Protosynthesis|[silent]\n|switch|p2a: Ting-Lu|Ting-Lu, L50|43\/100\n|-ability|p2a: Ting-Lu|Vessel of Ruin\n|move|p1a: Iron Hands|Fake Out|p2a: Ting-Lu\n|-damage|p2a: Ting-Lu|35\/100\n|move|p2b: Chi-Yu|Heat Wave|p1a: Iron Hands|[spread] p1b\n|-miss|p2b: Chi-Yu|p1a: Iron Hands\n|-damage|p1b: Flutter Mane|18\/100\n|move|p1b: Flutter Mane|Moonblast|p2a: Ting-Lu\n|-supereffective|p2a: Ting-Lu\n|-damage|p2a: Ting-Lu|0 fnt\n|faint|p2a: Ting-Lu\n|\n|-sideend|p1: RelishVGC|move: Aurora Veil\n|upkeep\n|\n|t:|1684150134\n|switch|p2a: Flutter Mane|Flutter Mane, L50, tera:Fairy|63\/100\n|turn|8\n|\n|t:|1684150170\n|-terastallize|p1a: Iron Hands|Grass\n|move|p2b: Chi-Yu|Heat Wave|p1b: Flutter Mane|[spread] p1a,p1b\n|-supereffective|p1a: Iron Hands\n|-damage|p1a: Iron Hands|37\/100\n|-damage|p1b: Flutter Mane|0 fnt\n|faint|p1b: Flutter Mane\n|-end|p1b: Flutter Mane|Protosynthesis|[silent]\n|move|p2a: Flutter Mane|Dazzling Gleam|p1a: Iron Hands\n|-damage|p1a: Iron Hands|0 fnt\n|faint|p1a: Iron Hands\n|-end|p1a: Iron Hands|Quark Drive|[silent]\n|\n|upkeep\n|\n|t:|1684150177\n|switch|p1b: Iron Bundle|Iron Bundle, L50|51\/100\n|-damage|p1b: Iron Bundle|26\/100|[from] Stealth Rock\n|turn|9\n|\n|t:|1684150180\n|move|p2b: Chi-Yu|Heat Wave|p1b: Iron Bundle\n|-damage|p1b: Iron Bundle|0 fnt\n|faint|p1b: Iron Bundle\n|-end|p1b: Iron Bundle|Quark Drive|[silent]\n|\n|win|blizzardditto\n|raw|RelishVGC's rating: 1491 → 1476<\/strong> (-15 for losing)\n|raw|blizzardditto's rating: 1584 → 1599<\/strong> (+15 for winning)\n|c|\u2606RelishVGC|Gg\n","uploadtime":1684150196,"views":3,"p1id":"relishvgc","p2id":"blizzardditto","formatid":"gen9vgc2023regulationc","rating":1476,"private":0,"password":""}