{"id":"gen9vgc2023regulationc-1845860703","p1":"codyhat","p2":"SlyAbby","format":"[Gen 9] VGC 2023 Regulation C","log":"|j|\u2606codyhat\n|j|\u2606SlyAbby\n|t:|1681772433\n|gametype|doubles\n|player|p1|codyhat|volkner|1265\n|player|p2|SlyAbby|skyla|1318\n|teamsize|p1|6\n|teamsize|p2|6\n|gen|9\n|tier|[Gen 9] VGC 2023 Regulation C\n|rated|\n|rule|Species Clause: Limit one of each Pok\u00e9mon\n|rule|Item Clause: Limit one of each item\n|clearpoke\n|poke|p1|Abomasnow, L50, F|\n|poke|p1|Cetitan, L50, F|\n|poke|p1|Iron Bundle, L50|\n|poke|p1|Arcanine, L50, F|\n|poke|p1|Chi-Yu, L50|\n|poke|p1|Flutter Mane, L50|\n|poke|p2|Baxcalibur, L50, M|\n|poke|p2|Corviknight, L50, F|\n|poke|p2|Rotom-Wash, L50|\n|poke|p2|Ting-Lu, L50|\n|poke|p2|Scizor, L50, F|\n|poke|p2|Amoonguss, L50, M|\n|teampreview|4\n|inactive|Battle timer is ON: inactive players will automatically lose when time's up. (requested by SlyAbby)\nSlyAbby has agreed to open team sheets.\ncodyhat has agreed to open team sheets.\n|inactive|SlyAbby has 60 seconds left.\n|\n|t:|1681772472\n|start\n|switch|p1a: Abomasnow|Abomasnow, L50, F|100\/100\n|switch|p1b: Iron Bundle|Iron Bundle, L50|100\/100\n|switch|p2a: Corviknight|Corviknight, L50, F|100\/100\n|switch|p2b: Ting-Lu|Ting-Lu, L50|100\/100\n|-weather|Snow|[from] ability: Snow Warning|[of] p1a: Abomasnow\n|-ability|p2b: Ting-Lu|Vessel of Ruin\n|-enditem|p1b: Iron Bundle|Booster Energy\n|-activate|p1b: Iron Bundle|ability: Quark Drive|[fromitem]\n|-start|p1b: Iron Bundle|quarkdrivespe\n|turn|1\n|\n|t:|1681772489\n|-terastallize|p2b: Ting-Lu|Poison\n|move|p1b: Iron Bundle|Blizzard|p2a: Corviknight|[spread] p2a,p2b\n|-damage|p2a: Corviknight|75\/100\n|-damage|p2b: Ting-Lu|84\/100\n|move|p1a: Abomasnow|Blizzard|p2b: Ting-Lu|[spread] p2a,p2b\n|-damage|p2a: Corviknight|57\/100\n|-damage|p2b: Ting-Lu|71\/100\n|move|p2a: Corviknight|Bulk Up|p2a: Corviknight\n|-boost|p2a: Corviknight|atk|1\n|-boost|p2a: Corviknight|def|1\n|move|p2b: Ting-Lu|Earthquake|p1b: Iron Bundle|[spread] p1a,p1b\n|-immune|p2a: Corviknight\n|-resisted|p1a: Abomasnow\n|-damage|p1a: Abomasnow|87\/100\n|-damage|p1b: Iron Bundle|70\/100\n|\n|-weather|Snow|[upkeep]\n|upkeep\n|turn|2\n|inactive|SlyAbby has 30 seconds left.\n|\n|t:|1681772516\n|move|p1b: Iron Bundle|Blizzard|p2a: Corviknight|[spread] p2a,p2b\n|-damage|p2a: Corviknight|29\/100\n|-damage|p2b: Ting-Lu|55\/100\n|-enditem|p2a: Corviknight|Sitrus Berry|[eat]\n|-heal|p2a: Corviknight|54\/100|[from] item: Sitrus Berry\n|move|p1a: Abomasnow|Blizzard|p2a: Corviknight|[spread] p2a,p2b\n|-crit|p2a: Corviknight\n|-damage|p2a: Corviknight|27\/100\n|-damage|p2b: Ting-Lu|43\/100\n|move|p2a: Corviknight|Roost|p2a: Corviknight\n|-heal|p2a: Corviknight|77\/100\n|-singleturn|p2a: Corviknight|move: Roost\n|move|p2b: Ting-Lu|Stomping Tantrum|p1b: Iron Bundle\n|-damage|p1b: Iron Bundle|42\/100\n|\n|-weather|Snow|[upkeep]\n|upkeep\n|turn|3\n|\n|t:|1681772537\n|move|p1b: Iron Bundle|Blizzard|p2a: Corviknight|[spread] p2a,p2b\n|-damage|p2a: Corviknight|50\/100\n|-damage|p2b: Ting-Lu|25\/100\n|move|p1a: Abomasnow|Blizzard|p2a: Corviknight|[spread] p2a,p2b\n|-damage|p2a: Corviknight|31\/100\n|-damage|p2b: Ting-Lu|13\/100\n|move|p2a: Corviknight|Brave Bird|p1a: Abomasnow\n|-supereffective|p1a: Abomasnow\n|-damage|p1a: Abomasnow|0 fnt\n|faint|p1a: Abomasnow\n|-damage|p2a: Corviknight|4\/100|[from] Recoil\n|move|p2b: Ting-Lu|Stomping Tantrum|p1b: Iron Bundle\n|-damage|p1b: Iron Bundle|12\/100\n|\n|-weather|Snow|[upkeep]\n|upkeep\n|\n|t:|1681772551\n|switch|p1a: Chi-Yu|Chi-Yu, L50|100\/100\n|-ability|p1a: Chi-Yu|Beads of Ruin\n|turn|4\n|inactive|SlyAbby has 30 seconds left.\n|inactive|SlyAbby has 20 seconds left.\n|inactive|SlyAbby has 15 seconds left.\n|inactive|SlyAbby has 10 seconds left.\n|\n|t:|1681772600\n|switch|p2a: Rotom|Rotom-Wash, L50|100\/100\n|move|p1b: Iron Bundle|Blizzard|p2a: Rotom|[spread] p2a,p2b\n|-resisted|p2a: Rotom\n|-damage|p2a: Rotom|79\/100\n|-damage|p2b: Ting-Lu|0 fnt\n|faint|p2b: Ting-Lu\n|move|p1a: Chi-Yu|Heat Wave|p2a: Rotom\n|-resisted|p2a: Rotom\n|-damage|p2a: Rotom|41\/100\n|\n|-weather|Snow|[upkeep]\n|upkeep\n|\n|t:|1681772610\n|switch|p2b: Baxcalibur|Baxcalibur, L50, M|100\/100\n|turn|5\n|\n|t:|1681772616\n|move|p2a: Rotom|Protect|p2a: Rotom\n|-singleturn|p2a: Rotom|Protect\n|move|p1b: Iron Bundle|Blizzard|p2a: Rotom|[spread] p2b\n|-activate|p2a: Rotom|move: Protect\n|-damage|p2b: Baxcalibur|50\/100\n|move|p1a: Chi-Yu|Heat Wave|p2a: Rotom|[spread] p2b\n|-activate|p2a: Rotom|move: Protect\n|-damage|p2b: Baxcalibur|6\/100\n|-ability|p2b: Baxcalibur|Thermal Exchange|boost\n|-boost|p2b: Baxcalibur|atk|1\n|move|p2b: Baxcalibur|Earthquake|p1b: Iron Bundle|[spread] p1a,p1b\n|-activate|p2a: Rotom|move: Protect\n|-supereffective|p1a: Chi-Yu\n|-damage|p1a: Chi-Yu|0 fnt\n|-damage|p1b: Iron Bundle|0 fnt\n|faint|p1a: Chi-Yu\n|faint|p1b: Iron Bundle\n|-end|p1b: Iron Bundle|Quark Drive|[silent]\n|\n|-weather|none\n|upkeep\n|\n|t:|1681772634\n|switch|p1b: Arcanine|Arcanine, L50, F|100\/100\n|-ability|p1b: Arcanine|Intimidate|boost\n|-unboost|p2a: Rotom|atk|1\n|-fail|p2b: Baxcalibur|unboost|[from] item: Clear Amulet|[of] p2b: Baxcalibur\n|turn|6\n|\n|t:|1681772643\n|-terastallize|p1b: Arcanine|Normal\n|move|p1b: Arcanine|Extreme Speed|p2b: Baxcalibur\n|-damage|p2b: Baxcalibur|0 fnt\n|faint|p2b: Baxcalibur\n|move|p2a: Rotom|Hydro Pump|p1b: Arcanine\n|-damage|p1b: Arcanine|31\/100\n|\n|upkeep\n|\n|t:|1681772650\n|switch|p2b: Corviknight|Corviknight, L50, F|4\/100\n|turn|7\n|\n|t:|1681772654\n|move|p1b: Arcanine|Extreme Speed|p2a: Rotom\n|-damage|p2a: Rotom|0 fnt\n|faint|p2a: Rotom\n|move|p2b: Corviknight|Body Press|p1b: Arcanine\n|-supereffective|p1b: Arcanine\n|-damage|p1b: Arcanine|0 fnt\n|faint|p1b: Arcanine\n|\n|win|SlyAbby\n|raw|codyhat's rating: 1265 → 1244<\/strong> (-21 for losing)\n|raw|SlyAbby's rating: 1318 → 1335<\/strong> (+17 for winning)\n|l|\u2606codyhat\n","uploadtime":1681772678,"views":5,"p1id":"codyhat","p2id":"slyabby","formatid":"gen9vgc2023regulationc","rating":1244,"private":0,"password":""}