{"id":"gen9vgc2023regulationc-1860755103","p1":"Rofus10","p2":"BaltimoreBuizels","format":"[Gen 9] VGC 2023 Regulation C","log":"|j|\u203dRofus10\n|j|\u2606BaltimoreBuizels\n|t:|1683673933\n|gametype|doubles\n|player|p1|Rofus10|170|1253\n|player|p2|BaltimoreBuizels|flannery|1176\n|teamsize|p1|6\n|teamsize|p2|6\n|gen|9\n|tier|[Gen 9] VGC 2023 Regulation C\n|rated|\n|rule|Species Clause: Limit one of each Pok\u00e9mon\n|rule|Item Clause: Limit one of each item\n|clearpoke\n|poke|p1|Torkoal, L50, M|\n|poke|p1|Roaring Moon, L50|\n|poke|p1|Flutter Mane, L50|\n|poke|p1|Ting-Lu, L50|\n|poke|p1|Scream Tail, L50|\n|poke|p1|Arcanine, L50, F|\n|poke|p2|Dragapult, L50, M|\n|poke|p2|Chien-Pao, L50|\n|poke|p2|Talonflame, L50, M|\n|poke|p2|Iron Bundle, L50|\n|poke|p2|Flutter Mane, L50|\n|poke|p2|Amoonguss, L50, M|\n|teampreview|4\n|inactive|Battle timer is ON: inactive players will automatically lose when time's up. (requested by Rofus10)\n|\n|t:|1683673951\n|start\n|switch|p1a: Arcanine|Arcanine, L50, F|100\/100\n|switch|p1b: Ting-Lu|Ting-Lu, L50|100\/100\n|switch|p2a: Fluttercott|Flutter Mane, L50, shiny|100\/100\n|switch|p2b: Turkeyleg|Dragapult, L50, M, shiny|100\/100\n|-ability|p1a: Arcanine|Intimidate|boost\n|-unboost|p2a: Fluttercott|atk|1\n|-fail|p2b: Turkeyleg|unboost|[from] ability: Clear Body|[of] p2b: Turkeyleg\n|-ability|p1b: Ting-Lu|Vessel of Ruin\n|turn|1\n|\n|t:|1683673964\n|switch|p1b: Torkoal|Torkoal, L50, M|100\/100\n|-weather|SunnyDay|[from] ability: Drought|[of] p1b: Torkoal\n|-activate|p2a: Fluttercott|ability: Protosynthesis\n|-start|p2a: Fluttercott|protosynthesisspa\n|-terastallize|p2a: Fluttercott|Water\n|move|p2b: Turkeyleg|Dragon Darts|p1b: Torkoal\n|-damage|p1b: Torkoal|68\/100\n|-anim|p2b: Turkeyleg|Dragon Darts|p1a: Arcanine\n|-damage|p1a: Arcanine|68\/100\n|-damage|p2b: Turkeyleg|91\/100|[from] item: Life Orb\n|move|p2a: Fluttercott|Moonblast|p1b: Torkoal\n|-resisted|p1b: Torkoal\n|-damage|p1b: Torkoal|8\/100\n|move|p1a: Arcanine|Flare Blitz|p2a: Fluttercott\n|-resisted|p2a: Fluttercott\n|-damage|p2a: Fluttercott|35\/100\n|-damage|p1a: Arcanine|53\/100|[from] Recoil\n|\n|-weather|SunnyDay|[upkeep]\n|upkeep\n|turn|2\n|\n|t:|1683673983\n|move|p1a: Arcanine|Extreme Speed|p2a: Fluttercott\n|-damage|p2a: Fluttercott|0 fnt\n|faint|p2a: Fluttercott\n|-end|p2a: Fluttercott|Protosynthesis|[silent]\n|move|p2b: Turkeyleg|Dragon Darts|p1b: Torkoal\n|-damage|p1b: Torkoal|0 fnt\n|-anim|p2b: Turkeyleg|Dragon Darts|p1a: Arcanine\n|-damage|p1a: Arcanine|15\/100\n|faint|p1b: Torkoal\n|-damage|p2b: Turkeyleg|81\/100|[from] item: Life Orb\n|\n|-weather|SunnyDay|[upkeep]\n|upkeep\n|\n|t:|1683673993\n|switch|p2a: Gimbob|Iron Bundle, L50, shiny|100\/100\n|switch|p1b: Scream Tail|Scream Tail, L50|100\/100\n|-activate|p1b: Scream Tail|ability: Protosynthesis\n|-start|p1b: Scream Tail|protosynthesisspe\n|-enditem|p2a: Gimbob|Booster Energy\n|-activate|p2a: Gimbob|ability: Quark Drive|[fromitem]\n|-start|p2a: Gimbob|quarkdrivespe\n|turn|3\n|\n|t:|1683674008\n|move|p1a: Arcanine|Extreme Speed|p2a: Gimbob\n|-damage|p2a: Gimbob|66\/100\n|move|p2a: Gimbob|Freeze-Dry|p1a: Arcanine\n|-resisted|p1a: Arcanine\n|-damage|p1a: Arcanine|1\/100\n|move|p1b: Scream Tail|Howl|p1b: Scream Tail|[spread] p1a,p1b\n|-boost|p1a: Arcanine|atk|1\n|-boost|p1b: Scream Tail|atk|1\n|move|p2b: Turkeyleg|Phantom Force||[still]\n|-prepare|p2b: Turkeyleg|Phantom Force\n|\n|-weather|SunnyDay|[upkeep]\n|upkeep\n|turn|4\n|\n|t:|1683674025\n|-terastallize|p1b: Scream Tail|Steel\n|move|p1a: Arcanine|Extreme Speed|p2a: Gimbob\n|-damage|p2a: Gimbob|13\/100\n|move|p2a: Gimbob|Icy Wind|p1a: Arcanine|[spread] p1a,p1b\n|-resisted|p1a: Arcanine\n|-resisted|p1b: Scream Tail\n|-damage|p1a: Arcanine|0 fnt\n|-damage|p1b: Scream Tail|93\/100\n|-unboost|p1b: Scream Tail|spe|1\n|faint|p1a: Arcanine\n|move|p2b: Turkeyleg|Phantom Force|p1b: Scream Tail|[from]lockedmove\n|-damage|p1b: Scream Tail|52\/100\n|-damage|p2b: Turkeyleg|71\/100|[from] item: Life Orb\n|move|p1b: Scream Tail|Play Rough|p2b: Turkeyleg\n|-supereffective|p2b: Turkeyleg\n|-damage|p2b: Turkeyleg|0 fnt\n|faint|p2b: Turkeyleg\n|\n|-weather|SunnyDay|[upkeep]\n|-heal|p1b: Scream Tail|58\/100|[from] item: Leftovers\n|upkeep\n|\n|t:|1683674042\n|switch|p2b: Whimsi-Pao|Chien-Pao, L50|100\/100\n|switch|p1a: Ting-Lu|Ting-Lu, L50|100\/100\n|-ability|p2b: Whimsi-Pao|Sword of Ruin\n|-ability|p1a: Ting-Lu|Vessel of Ruin\n|turn|5\n|\n|t:|1683674056\n|move|p2a: Gimbob|Freeze-Dry|p1a: Ting-Lu\n|-supereffective|p1a: Ting-Lu\n|-damage|p1a: Ting-Lu|63\/100\n|move|p2b: Whimsi-Pao|Sacred Sword|p1b: Scream Tail\n|-supereffective|p1b: Scream Tail\n|-damage|p1b: Scream Tail|3\/100\n|move|p1b: Scream Tail|Howl|p1b: Scream Tail|[spread] p1a,p1b\n|-boost|p1a: Ting-Lu|atk|1\n|-boost|p1b: Scream Tail|atk|1\n|move|p1a: Ting-Lu|Rock Slide|p2b: Whimsi-Pao|[spread] p2a,p2b\n|-supereffective|p2a: Gimbob\n|-supereffective|p2b: Whimsi-Pao\n|-damage|p2a: Gimbob|0 fnt\n|-damage|p2b: Whimsi-Pao|2\/100\n|faint|p2a: Gimbob\n|-end|p2a: Gimbob|Quark Drive|[silent]\n|-damage|p1a: Ting-Lu|53\/100|[from] item: Life Orb\n|\n|-weather|SunnyDay|[upkeep]\n|-heal|p1b: Scream Tail|9\/100|[from] item: Leftovers\n|upkeep\n|turn|6\n|l|\u203dRofus10\n|inactive|Rofus10 disconnected and has a minute to reconnect!\n|player|p1|\n|inactive|Rofus10 has 30 seconds left.\n|j|\u203dRofus10\n|inactive|Rofus10 reconnected and has 30 seconds left.\n|player|p1|Rofus10|170\n|n|\u203dRofus10|rofus10\n|\n|t:|1683674089\n|move|p2b: Whimsi-Pao|Ice Spinner|p1a: Ting-Lu\n|-supereffective|p1a: Ting-Lu\n|-damage|p1a: Ting-Lu|0 fnt\n|faint|p1a: Ting-Lu\n|move|p1b: Scream Tail|Play Rough|p2b: Whimsi-Pao\n|-supereffective|p2b: Whimsi-Pao\n|-damage|p2b: Whimsi-Pao|0 fnt\n|faint|p2b: Whimsi-Pao\n|\n|win|Rofus10\n|raw|Rofus10's rating: 1253 → 1273<\/strong> (+20 for winning)\n|raw|BaltimoreBuizels's rating: 1176 → 1156<\/strong> (-20 for losing)\n|l|\u203dRofus10\n","uploadtime":1683674103,"views":18,"p1id":"rofus10","p2id":"baltimorebuizels","formatid":"gen9vgc2023regulationc","rating":1156,"private":0,"password":""}