{"id":"gen9vgc2023regulationc-1859470842","p1":"0l0f3rn3","p2":"BapeChiang","format":"[Gen 9] VGC 2023 Regulation C","log":"|j|\u26060l0f3rn3\n|j|\u2606BapeChiang\n|t:|1683472762\n|gametype|doubles\n|player|p1|0l0f3rn3|2|1440\n|player|p2|BapeChiang|roark|1517\n|teamsize|p1|6\n|teamsize|p2|6\n|gen|9\n|tier|[Gen 9] VGC 2023 Regulation C\n|rated|\n|rule|Species Clause: Limit one of each Pok\u00e9mon\n|rule|Item Clause: Limit one of each item\n|clearpoke\n|poke|p1|Torkoal, L50, M|\n|poke|p1|Flutter Mane, L50|\n|poke|p1|Jumpluff, L50, M|\n|poke|p1|Roaring Moon, L50|\n|poke|p1|Brute Bonnet, L50|\n|poke|p1|Farigiraf, L50, M|\n|poke|p2|Ting-Lu, L50|\n|poke|p2|Abomasnow, L50, M|\n|poke|p2|Iron Bundle, L50|\n|poke|p2|Dragonite, L50, M|\n|poke|p2|Orthworm, L50, M|\n|poke|p2|Vivillon-Fancy, L50, M|\n|teampreview|4\n|\n|t:|1683472806\n|start\n|switch|p1a: Brute Bonnet|Brute Bonnet, L50|100\/100\n|switch|p1b: Farigiraf|Farigiraf, L50, M|100\/100\n|switch|p2a: Ting-Lu|Ting-Lu, L50|100\/100\n|switch|p2b: Iron Bundle|Iron Bundle, L50|100\/100\n|-ability|p2a: Ting-Lu|Vessel of Ruin\n|-enditem|p2b: Iron Bundle|Booster Energy\n|-activate|p2b: Iron Bundle|ability: Quark Drive|[fromitem]\n|-start|p2b: Iron Bundle|quarkdrivespe\n|turn|1\n|\n|t:|1683472824\n|-terastallize|p1a: Brute Bonnet|Rock\n|move|p2b: Iron Bundle|Blizzard|p1b: Farigiraf|[spread] p1a\n|-miss|p2b: Iron Bundle|p1b: Farigiraf\n|-damage|p1a: Brute Bonnet|74\/100\n|-status|p1a: Brute Bonnet|frz\n|-enditem|p1a: Brute Bonnet|Lum Berry|[eat]\n|-curestatus|p1a: Brute Bonnet|frz|[msg]\n|move|p1a: Brute Bonnet|Spore|p2a: Ting-Lu\n|-status|p2a: Ting-Lu|slp|[from] move: Spore\n|cant|p2a: Ting-Lu|slp\n|move|p1b: Farigiraf|Trick Room|p1b: Farigiraf\n|-fieldstart|move: Trick Room|[of] p1b: Farigiraf\n|\n|upkeep\n|turn|2\n|\n|t:|1683472859\n|-end|p2b: Iron Bundle|Quark Drive|[silent]\n|switch|p2b: Abomasnow|Abomasnow, L50, M|100\/100\n|-weather|Snow|[from] ability: Snow Warning|[of] p2b: Abomasnow\n|-curestatus|p2a: Ting-Lu|slp|[msg]\n|move|p2a: Ting-Lu|Fissure|p1b: Farigiraf|[miss]\n|-miss|p2a: Ting-Lu|p1b: Farigiraf\n|move|p1a: Brute Bonnet|Close Combat|p2a: Ting-Lu\n|-supereffective|p2a: Ting-Lu\n|-damage|p2a: Ting-Lu|45\/100\n|-unboost|p1a: Brute Bonnet|def|1\n|-unboost|p1a: Brute Bonnet|spd|1\n|move|p1b: Farigiraf|Sunny Day|p1b: Farigiraf\n|-weather|SunnyDay\n|-activate|p1a: Brute Bonnet|ability: Protosynthesis\n|-start|p1a: Brute Bonnet|protosynthesisatk\n|\n|-weather|SunnyDay|[upkeep]\n|upkeep\n|turn|3\n|\n|t:|1683472910\n|move|p2a: Ting-Lu|Earthquake|p1b: Farigiraf|[spread] p2b,p1a,p1b\n|-resisted|p2b: Abomasnow\n|-supereffective|p1a: Brute Bonnet\n|-damage|p2b: Abomasnow|80\/100\n|-damage|p1a: Brute Bonnet|0 fnt\n|-damage|p1b: Farigiraf|69\/100\n|faint|p1a: Brute Bonnet\n|-end|p1a: Brute Bonnet|Protosynthesis|[silent]\n|move|p1b: Farigiraf|Psyshock|p2b: Abomasnow\n|-damage|p2b: Abomasnow|51\/100\n|move|p2b: Abomasnow|Energy Ball|p1b: Farigiraf\n|-damage|p1b: Farigiraf|39\/100\n|-damage|p2b: Abomasnow|42\/100|[from] item: Life Orb\n|\n|-weather|SunnyDay|[upkeep]\n|upkeep\n|\n|t:|1683472922\n|switch|p1a: Torkoal|Torkoal, L50, M|100\/100\n|turn|4\n|inactive|Battle timer is ON: inactive players will automatically lose when time's up. (requested by BapeChiang)\n|\n|t:|1683472950\n|switch|p1b: Flutter Mane|Flutter Mane, L50|100\/100\n|-activate|p1b: Flutter Mane|ability: Protosynthesis\n|-start|p1b: Flutter Mane|protosynthesisspa\n|-terastallize|p2a: Ting-Lu|Water\n|move|p2b: Abomasnow|Protect|p2b: Abomasnow\n|-singleturn|p2b: Abomasnow|Protect\n|move|p1a: Torkoal|Body Press|p2a: Ting-Lu\n|-damage|p2a: Ting-Lu|26\/100\n|move|p2a: Ting-Lu|Earthquake|p1a: Torkoal|[spread] p1a,p1b\n|-activate|p2b: Abomasnow|move: Protect\n|-supereffective|p1a: Torkoal\n|-damage|p1a: Torkoal|47\/100\n|-damage|p1b: Flutter Mane|52\/100\n|\n|-weather|SunnyDay|[upkeep]\n|upkeep\n|turn|5\n|inactive|BapeChiang has 30 seconds left.\n|\n|t:|1683472983\n|move|p2b: Abomasnow|Ice Shard|p1b: Flutter Mane\n|-damage|p1b: Flutter Mane|30\/100\n|-damage|p2b: Abomasnow|32\/100|[from] item: Life Orb\n|move|p1a: Torkoal|Solar Beam||[still]\n|-prepare|p1a: Torkoal|Solar Beam\n|-anim|p1a: Torkoal|Solar Beam|p2a: Ting-Lu\n|-supereffective|p2a: Ting-Lu\n|-damage|p2a: Ting-Lu|5\/100\n|move|p2a: Ting-Lu|Earthquake|p1b: Flutter Mane|[spread] p2b,p1a,p1b\n|-resisted|p2b: Abomasnow\n|-supereffective|p1a: Torkoal\n|-damage|p2b: Abomasnow|12\/100\n|-damage|p1a: Torkoal|0 fnt\n|-damage|p1b: Flutter Mane|0 fnt\n|faint|p1a: Torkoal\n|faint|p1b: Flutter Mane\n|-end|p1b: Flutter Mane|Protosynthesis|[silent]\n|\n|-weather|SunnyDay|[upkeep]\n|-fieldend|move: Trick Room\n|upkeep\n|-message|0l0f3rn3 forfeited.\n|\n|win|BapeChiang\n|raw|0l0f3rn3's rating: 1440 → 1424<\/strong> (-16 for losing)\n|raw|BapeChiang's rating: 1517 → 1533<\/strong> (+16 for winning)\n|l|\u26060l0f3rn3\n","uploadtime":1683473008,"views":16,"p1id":"0l0f3rn3","p2id":"bapechiang","formatid":"gen9vgc2023regulationc","rating":1424,"private":0,"password":""}