{"id":"gen9vgc2023regulationc-1847176649","p1":"Hadrian1917","p2":"Aweea","format":"[Gen 9] VGC 2023 Regulation C","log":"|j|\u2606Hadrian1917\n|j|\u2606Aweea\n|t:|1681925349\n|gametype|doubles\n|player|p1|Hadrian1917|brock|1196\n|player|p2|Aweea|2|1101\n|teamsize|p1|6\n|teamsize|p2|6\n|gen|9\n|tier|[Gen 9] VGC 2023 Regulation C\n|rated|\n|rule|Species Clause: Limit one of each Pok\u00e9mon\n|rule|Item Clause: Limit one of each item\n|clearpoke\n|poke|p1|Flutter Mane, L50|\n|poke|p1|Arcanine, L50, M|\n|poke|p1|Baxcalibur, L50, M|\n|poke|p1|Ting-Lu, L50|\n|poke|p1|Gyarados, L50, M|\n|poke|p1|Amoonguss, L50, F|\n|poke|p2|Meowscarada, L50, F|\n|poke|p2|Tauros-Paldea-Blaze, L50, M|\n|poke|p2|Flamigo, L50, M|\n|poke|p2|Krookodile, L50, M|\n|poke|p2|Indeedee-F, L50, F|\n|poke|p2|Scizor, L50, M|\n|teampreview|4\n|inactive|Battle timer is ON: inactive players will automatically lose when time's up. (requested by Aweea)\n|inactive|Hadrian1917 has 60 seconds left.\n|inactive|Hadrian1917 has 30 seconds left.\n|inactive|Hadrian1917 has 20 seconds left.\n|inactive|Hadrian1917 has 15 seconds left.\n|inactive|Hadrian1917 has 10 seconds left.\n|\n|t:|1681925432\n|start\n|switch|p1a: Arcanine|Arcanine, L50, M|100\/100\n|switch|p1b: Baxcalibur|Baxcalibur, L50, M|100\/100\n|switch|p2a: Scizor|Scizor, L50, M|100\/100\n|switch|p2b: Tauros|Tauros-Paldea-Blaze, L50, M|100\/100\n|-ability|p1a: Arcanine|Intimidate|boost\n|-unboost|p2a: Scizor|atk|1\n|-unboost|p2b: Tauros|atk|1\n|turn|1\n|\n|t:|1681925455\n|move|p2a: Scizor|Bullet Punch|p1b: Baxcalibur\n|-supereffective|p1b: Baxcalibur\n|-damage|p1b: Baxcalibur|50\/100\n|-damage|p2a: Scizor|91\/100|[from] item: Life Orb\n|move|p2b: Tauros|Rock Slide|p1b: Baxcalibur|[spread] p1a,p1b\n|-supereffective|p1a: Arcanine\n|-crit|p1a: Arcanine\n|-supereffective|p1b: Baxcalibur\n|-damage|p1a: Arcanine|52\/100\n|-damage|p1b: Baxcalibur|30\/100\n|move|p1a: Arcanine|Flare Blitz|p2a: Scizor\n|-supereffective|p2a: Scizor\n|-damage|p2a: Scizor|0 fnt\n|faint|p2a: Scizor\n|-damage|p1a: Arcanine|29\/100|[from] Recoil\n|move|p1b: Baxcalibur|Glaive Rush|p2b: Tauros\n|-damage|p2b: Tauros|28\/100\n|-singlemove|p1b: Baxcalibur|Glaive Rush|[silent]\n|\n|-heal|p2b: Tauros|34\/100|[from] item: Leftovers\n|upkeep\n|\n|t:|1681925473\n|switch|p2a: Meowscarada|Meowscarada, L50, F|100\/100\n|turn|2\n|\n|t:|1681925481\n|switch|p1a: Gyarados|Gyarados, L50, M|100\/100\n|-ability|p1a: Gyarados|Intimidate|boost\n|-unboost|p2a: Meowscarada|atk|1\n|-unboost|p2b: Tauros|atk|1\n|move|p1b: Baxcalibur|Protect|p1b: Baxcalibur\n|-singleturn|p1b: Baxcalibur|Protect\n|move|p2a: Meowscarada|Flower Trick|p2b: Tauros\n|-resisted|p2b: Tauros\n|-crit|p2b: Tauros\n|-damage|p2b: Tauros|14\/100\n|-setboost|p2b: Tauros|atk|6|[from] ability: Anger Point\n|move|p2b: Tauros|Earthquake|p1a: Gyarados|[spread] p2a\n|-activate|p1b: Baxcalibur|move: Protect\n|-immune|p1a: Gyarados\n|-resisted|p2a: Meowscarada\n|-damage|p2a: Meowscarada|50\/100\n|\n|-heal|p2b: Tauros|20\/100|[from] item: Leftovers\n|upkeep\n|turn|3\n|inactive|Hadrian1917 has 30 seconds left.\n|\n|t:|1681925513\n|move|p1b: Baxcalibur|Ice Shard|p2b: Tauros\n|-resisted|p2b: Tauros\n|-damage|p2b: Tauros|6\/100\n|move|p2a: Meowscarada|Flower Trick|p1a: Gyarados\n|-crit|p1a: Gyarados\n|-damage|p1a: Gyarados|66\/100\n|move|p2b: Tauros|Rock Slide|p1b: Baxcalibur|[spread] p1a,p1b\n|-supereffective|p1a: Gyarados\n|-supereffective|p1b: Baxcalibur\n|-damage|p1a: Gyarados|0 fnt\n|-damage|p1b: Baxcalibur|0 fnt\n|faint|p1a: Gyarados\n|faint|p1b: Baxcalibur\n|\n|-heal|p2b: Tauros|12\/100|[from] item: Leftovers\n|upkeep\n|\n|t:|1681925527\n|switch|p1b: Flutter Mane|Flutter Mane, L50|100\/100\n|switch|p1a: Arcanine|Arcanine, L50, M|29\/100\n|-ability|p1a: Arcanine|Intimidate|boost\n|-unboost|p2a: Meowscarada|atk|1\n|-unboost|p2b: Tauros|atk|1\n|turn|4\n|inactive|Hadrian1917 has 30 seconds left.\n|\n|t:|1681925555\n|-terastallize|p2b: Tauros|Steel\n|move|p1a: Arcanine|Extreme Speed|p2b: Tauros\n|-resisted|p2b: Tauros\n|-damage|p2b: Tauros|0 fnt\n|faint|p2b: Tauros\n|move|p2a: Meowscarada|Flower Trick|p1b: Flutter Mane\n|-crit|p1b: Flutter Mane\n|-damage|p1b: Flutter Mane|47\/100\n|move|p1b: Flutter Mane|Moonblast|p2a: Meowscarada\n|-supereffective|p2a: Meowscarada\n|-damage|p2a: Meowscarada|0 fnt\n|faint|p2a: Meowscarada\n|\n|upkeep\n|\n|t:|1681925569\n|switch|p2b: Krookodile|Krookodile, L50, M|100\/100\n|turn|5\n|\n|t:|1681925581\n|-terastallize|p1b: Flutter Mane|Fairy\n|move|p1a: Arcanine|Extreme Speed|p2b: Krookodile\n|-damage|p2b: Krookodile|71\/100\n|move|p1b: Flutter Mane|Moonblast|p2b: Krookodile\n|-supereffective|p2b: Krookodile\n|-damage|p2b: Krookodile|0 fnt\n|faint|p2b: Krookodile\n|\n|win|Hadrian1917\n|raw|Hadrian1917's rating: 1196 → 1214<\/strong> (+18 for winning)\n|raw|Aweea's rating: 1101 → 1083<\/strong> (-18 for losing)\n","uploadtime":1681925830,"views":8,"p1id":"hadrian1917","p2id":"aweea","formatid":"gen9vgc2023regulationc","rating":1083,"private":0,"password":""}