{"id":"gen9vgc2023regulationc-1851850198","p1":"tentimesaday4","p2":"Zarroc1994","format":"[Gen 9] VGC 2023 Regulation C","log":"|j|\u2606tentimesaday4\n|j|\u2606Zarroc1994\n|t:|1682494857\n|gametype|doubles\n|player|p1|tentimesaday4|2|1379\n|player|p2|Zarroc1994|169|1442\n|teamsize|p1|6\n|teamsize|p2|6\n|gen|9\n|tier|[Gen 9] VGC 2023 Regulation C\n|rated|\n|rule|Species Clause: Limit one of each Pok\u00e9mon\n|rule|Item Clause: Limit one of each item\n|clearpoke\n|poke|p1|Pelipper, L50, M|\n|poke|p1|Barraskewda, L50, F|\n|poke|p1|Dondozo, L50, F|\n|poke|p1|Tatsugiri, L50, F|\n|poke|p1|Pawmot, L50, F|\n|poke|p1|Indeedee-F, L50, F|\n|poke|p2|Dragonite, L50, M|\n|poke|p2|Palafin, L50, M|\n|poke|p2|Flutter Mane, L50|\n|poke|p2|Arcanine, L50, M|\n|poke|p2|Chien-Pao, L50|\n|poke|p2|Amoonguss, L50, M|\n|teampreview|4\n|inactive|Battle timer is ON: inactive players will automatically lose when time's up. (requested by tentimesaday4)\n|inactive|tentimesaday4 has 60 seconds left.\n|inactive|Zarroc1994 has 60 seconds left.\n|\n|t:|1682494889\n|start\n|switch|p1a: Barraskewda|Barraskewda, L50, F|100\/100\n|switch|p1b: Indeedee|Indeedee-F, L50, F|100\/100\n|switch|p2a: Palafin|Palafin, L50, M|100\/100\n|switch|p2b: Dipset|Flutter Mane, L50|100\/100\n|-fieldstart|move: Psychic Terrain|[from] ability: Psychic Surge|[of] p1b: Indeedee\n|-enditem|p2b: Dipset|Booster Energy\n|-activate|p2b: Dipset|ability: Protosynthesis|[fromitem]\n|-start|p2b: Dipset|protosynthesisspa\n|turn|1\n|\n|t:|1682494908\n|detailschange|p2a: Palafin|Palafin-Hero, L50, M\n|switch|p2a: Skarm|Amoonguss, L50, M|100\/100\n|-terastallize|p1a: Barraskewda|Steel\n|move|p1b: Indeedee|Helping Hand|p1a: Barraskewda\n|-singleturn|p1a: Barraskewda|Helping Hand|[of] p1b: Indeedee\n|move|p2b: Dipset|Protect|p2b: Dipset\n|-singleturn|p2b: Dipset|Protect\n|move|p1a: Barraskewda|Liquidation|p2b: Dipset\n|-activate|p2b: Dipset|move: Protect\n|\n|upkeep\n|turn|2\n|\n|t:|1682494923\n|move|p1b: Indeedee|Follow Me|p1b: Indeedee\n|-singleturn|p1b: Indeedee|move: Follow Me\n|move|p2a: Skarm|Rage Powder|p2a: Skarm\n|-singleturn|p2a: Skarm|move: Rage Powder\n|move|p1a: Barraskewda|Liquidation|p2b: Dipset\n|-damage|p2b: Dipset|34\/100\n|-unboost|p2b: Dipset|def|1\n|move|p2b: Dipset|Shadow Ball|p1b: Indeedee\n|-immune|p1b: Indeedee\n|\n|upkeep\n|turn|3\n|\n|t:|1682494941\n|move|p2b: Dipset|Protect|p2b: Dipset\n|-singleturn|p2b: Dipset|Protect\n|move|p1b: Indeedee|Follow Me|p1b: Indeedee\n|-singleturn|p1b: Indeedee|move: Follow Me\n|move|p1a: Barraskewda|Psychic Fangs|p2b: Dipset\n|-activate|p2b: Dipset|move: Protect\n|move|p2a: Skarm|Spore|p1b: Indeedee\n|-activate|p1b: Indeedee|item: Safety Goggles|Spore\n|\n|upkeep\n|turn|4\n|inactive|Zarroc1994 has 30 seconds left.\n|\n|t:|1682494974\n|-end|p2b: Dipset|Protosynthesis|[silent]\n|switch|p2b: Palafin|Palafin-Hero, L50, M|100\/100\n|-activate|p2b: Palafin|ability: Zero to Hero\n|move|p1b: Indeedee|Follow Me|p1b: Indeedee\n|-singleturn|p1b: Indeedee|move: Follow Me\n|move|p1a: Barraskewda|Liquidation|p2b: Palafin\n|-resisted|p2b: Palafin\n|-crit|p2b: Palafin\n|-damage|p2b: Palafin|73\/100\n|-unboost|p2b: Palafin|def|1\n|move|p2a: Skarm|Pollen Puff|p1b: Indeedee\n|-supereffective|p1b: Indeedee\n|-damage|p1b: Indeedee|65\/100\n|\n|upkeep\n|turn|5\n|inactive|tentimesaday4 has 30 seconds left.\n|inactive|Zarroc1994 has 30 seconds left.\n|inactive|Zarroc1994 has 20 seconds left.\n|\n|t:|1682495014\n|move|p1b: Indeedee|Helping Hand|p1a: Barraskewda\n|-singleturn|p1a: Barraskewda|Helping Hand|[of] p1b: Indeedee\n|move|p2b: Palafin|Protect|p2b: Palafin\n|-singleturn|p2b: Palafin|Protect\n|move|p2a: Skarm|Protect|p2a: Skarm\n|-singleturn|p2a: Skarm|Protect\n|move|p1a: Barraskewda|Close Combat|p2b: Palafin\n|-activate|p2b: Palafin|move: Protect\n|\n|-fieldend|move: Psychic Terrain\n|upkeep\n|turn|6\n|inactive|tentimesaday4 has 30 seconds left.\n|inactive|tentimesaday4 has 20 seconds left.\n|inactive|tentimesaday4 has 15 seconds left.\n|inactive|tentimesaday4 has 10 seconds left.\n|inactive|tentimesaday4 has 5 seconds left.\n|\n|t:|1682495065\n|switch|p1a: Pelipper|Pelipper, L50, M|100\/100\n|-weather|RainDance|[from] ability: Drizzle|[of] p1a: Pelipper\n|switch|p2b: Vhagar|Dragonite, L50, M|100\/100\n|move|p1b: Indeedee|Psyshock|p2b: Vhagar\n|-damage|p2b: Vhagar|88\/100\n|move|p2a: Skarm|Pollen Puff|p2b: Vhagar\n|-heal|p2b: Vhagar|100\/100\n|\n|-weather|RainDance|[upkeep]\n|upkeep\n|turn|7\n|inactive|Zarroc1994 has 30 seconds left.\n|\n|t:|1682495090\n|switch|p1b: Barraskewda|Barraskewda, L50, F, tera:Steel|100\/100\n|move|p2a: Skarm|Protect|p2a: Skarm\n|-singleturn|p2a: Skarm|Protect\n|move|p2b: Vhagar|Outrage|p1a: Pelipper\n|-damage|p1a: Pelipper|0 fnt\n|faint|p1a: Pelipper\n|\n|-weather|RainDance|[upkeep]\n|upkeep\n|\n|t:|1682495110\n|switch|p1a: Indeedee|Indeedee-F, L50, F|65\/100\n|-fieldstart|move: Psychic Terrain|[from] ability: Psychic Surge|[of] p1a: Indeedee\n|turn|8\n|\n|t:|1682495120\n|move|p1b: Barraskewda|Psychic Fangs|p2a: Skarm\n|-supereffective|p2a: Skarm\n|-damage|p2a: Skarm|45\/100\n|-enditem|p2a: Skarm|Sitrus Berry|[eat]\n|-heal|p2a: Skarm|70\/100|[from] item: Sitrus Berry\n|move|p2b: Vhagar|Outrage|p1b: Barraskewda|[from]lockedmove\n|-resisted|p1b: Barraskewda\n|-damage|p1b: Barraskewda|7\/100\n|move|p1a: Indeedee|Psyshock|p2a: Skarm\n|-supereffective|p2a: Skarm\n|-damage|p2a: Skarm|12\/100\n|move|p2a: Skarm|Pollen Puff|p2b: Vhagar\n|-immune|p2b: Vhagar\n|\n|-weather|RainDance|[upkeep]\n|upkeep\n|turn|9\n|inactive|tentimesaday4 has 30 seconds left.\n|\n|t:|1682495155\n|move|p2a: Skarm|Protect|p2a: Skarm\n|-singleturn|p2a: Skarm|Protect\n|move|p1b: Barraskewda|Psychic Fangs|p2b: Vhagar\n|-damage|p2b: Vhagar|84\/100\n|move|p2b: Vhagar|Outrage|p1a: Indeedee|[from]lockedmove\n|-damage|p1a: Indeedee|0 fnt\n|faint|p1a: Indeedee\n|-start|p2b: Vhagar|confusion|[fatigue]\n|\n|-weather|RainDance|[upkeep]\n|upkeep\n|\n|t:|1682495164\n|switch|p1a: Pawmot|Pawmot, L50, F|100\/100\n|turn|10\n|\n|t:|1682495183\n|move|p1a: Pawmot|Revival Blessing|p1a: Pawmot\n|\n|t:|1682495190\n|-heal|p1: Indeedee|50\/100|[from] move: Revival Blessing\n|move|p1b: Barraskewda|Psychic Fangs|p2a: Skarm\n|-supereffective|p2a: Skarm\n|-damage|p2a: Skarm|0 fnt\n|faint|p2a: Skarm\n|-activate|p2b: Vhagar|confusion\n|move|p2b: Vhagar|Outrage|p1b: Barraskewda\n|-resisted|p1b: Barraskewda\n|-damage|p1b: Barraskewda|0 fnt\n|faint|p1b: Barraskewda\n|\n|-weather|RainDance|[upkeep]\n|upkeep\n|-message|tentimesaday4 forfeited.\n|\n|win|Zarroc1994\n|raw|tentimesaday4's rating: 1379 → 1363<\/strong> (-16 for losing)\n|raw|Zarroc1994's rating: 1442 → 1458<\/strong> (+16 for winning)\n|l|\u2606tentimesaday4\n","uploadtime":1682495229,"views":26,"p1id":"tentimesaday4","p2id":"zarroc1994","formatid":"gen9vgc2023regulationc","rating":1363,"private":0,"password":""}