{"id":"gen9vgc2023regulationc-1862151574","p1":"wtfgr","p2":"TonnyDolfing","format":"[Gen 9] VGC 2023 Regulation C","log":"|j|\u2606wtfgr\n|j|\u2606TonnyDolfing\n|t:|1683842561\n|gametype|doubles\n|player|p1|wtfgr|red|1292\n|player|p2|TonnyDolfing|lucas-gen4pt|1207\n|teamsize|p1|6\n|teamsize|p2|6\n|gen|9\n|tier|[Gen 9] VGC 2023 Regulation C\n|rated|\n|rule|Species Clause: Limit one of each Pok\u00e9mon\n|rule|Item Clause: Limit one of each item\n|clearpoke\n|poke|p1|Flutter Mane, L50|\n|poke|p1|Kingambit, L50, M|\n|poke|p1|Iron Bundle, L50|\n|poke|p1|Arcanine, L50, M|\n|poke|p1|Great Tusk, L50|\n|poke|p1|Corviknight, L50, F|\n|poke|p2|Abomasnow, L50, F|\n|poke|p2|Chien-Pao, L50|\n|poke|p2|Kingambit, L50, M|\n|poke|p2|Dondozo, L50, M|\n|poke|p2|Garganacl, L50, F|\n|poke|p2|Ting-Lu, L50|\n|teampreview|4\n|inactive|Battle timer is ON: inactive players will automatically lose when time's up. (requested by wtfgr)\n|inactive|wtfgr has 60 seconds left.\n|inactive|TonnyDolfing has 60 seconds left.\n|\n|t:|1683842598\n|start\n|switch|p1a: Captain Holt|Corviknight, L50, F, shiny|100\/100\n|switch|p1b: Cheddar|Arcanine, L50, M|100\/100\n|switch|p2a: Abomasnow|Abomasnow, L50, F|100\/100\n|switch|p2b: Ting-Lu|Ting-Lu, L50|100\/100\n|-ability|p1b: Cheddar|Intimidate|boost\n|-unboost|p2a: Abomasnow|atk|1\n|-unboost|p2b: Ting-Lu|atk|1\n|-weather|Snow|[from] ability: Snow Warning|[of] p2a: Abomasnow\n|-ability|p2b: Ting-Lu|Vessel of Ruin\n|turn|1\n|inactive|wtfgr has 30 seconds left.\n|\n|t:|1683842624\n|move|p1b: Cheddar|Will-O-Wisp|p2b: Ting-Lu\n|-status|p2b: Ting-Lu|brn\n|move|p1a: Captain Holt|Bulk Up|p1a: Captain Holt\n|-boost|p1a: Captain Holt|atk|1\n|-boost|p1a: Captain Holt|def|1\n|move|p2a: Abomasnow|Aurora Veil|p2a: Abomasnow\n|-sidestart|p2: TonnyDolfing|move: Aurora Veil\n|move|p2b: Ting-Lu|Fissure|p1b: Cheddar|[miss]\n|-miss|p2b: Ting-Lu|p1b: Cheddar\n|\n|-weather|Snow|[upkeep]\n|-damage|p2b: Ting-Lu|94\/100 brn|[from] brn\n|upkeep\n|turn|2\n|\n|t:|1683842646\n|move|p1b: Cheddar|Flare Blitz|p2a: Abomasnow\n|-supereffective|p2a: Abomasnow\n|-damage|p2a: Abomasnow|23\/100\n|-damage|p1b: Cheddar|84\/100|[from] item: Rocky Helmet|[of] p2a: Abomasnow\n|-damage|p1b: Cheddar|56\/100|[from] Recoil\n|move|p1a: Captain Holt|Bulk Up|p1a: Captain Holt\n|-boost|p1a: Captain Holt|atk|1\n|-boost|p1a: Captain Holt|def|1\n|move|p2a: Abomasnow|Sheer Cold|p1a: Captain Holt|[miss]\n|-miss|p2a: Abomasnow|p1a: Captain Holt\n|move|p2b: Ting-Lu|Stomping Tantrum|p1b: Cheddar\n|-supereffective|p1b: Cheddar\n|-damage|p1b: Cheddar|18\/100\n|-enditem|p1b: Cheddar|Sitrus Berry|[eat]\n|-heal|p1b: Cheddar|43\/100|[from] item: Sitrus Berry\n|\n|-weather|Snow|[upkeep]\n|-heal|p2b: Ting-Lu|100\/100 brn|[from] item: Leftovers\n|-damage|p2b: Ting-Lu|94\/100 brn|[from] brn\n|upkeep\n|turn|3\n|inactive|wtfgr has 30 seconds left.\n|\n|t:|1683842673\n|switch|p1b: Boyle|Iron Bundle, L50|100\/100\n|-enditem|p1b: Boyle|Booster Energy\n|-activate|p1b: Boyle|ability: Quark Drive|[fromitem]\n|-start|p1b: Boyle|quarkdrivespe\n|move|p2a: Abomasnow|Protect|p2a: Abomasnow\n|-singleturn|p2a: Abomasnow|Protect\n|move|p1a: Captain Holt|Brave Bird|p2a: Abomasnow\n|-activate|p2a: Abomasnow|move: Protect\n|move|p2b: Ting-Lu|Rock Slide|p1a: Captain Holt|[spread] p1a,p1b\n|-crit|p1a: Captain Holt\n|-supereffective|p1b: Boyle\n|-damage|p1a: Captain Holt|92\/100\n|-damage|p1b: Boyle|93\/100\n|\n|-weather|Snow|[upkeep]\n|-heal|p2b: Ting-Lu|100\/100 brn|[from] item: Leftovers\n|-damage|p2b: Ting-Lu|94\/100 brn|[from] brn\n|upkeep\n|turn|4\n|inactive|wtfgr has 30 seconds left.\n|inactive|TonnyDolfing has 30 seconds left.\n|inactive|TonnyDolfing has 20 seconds left.\n|\n|t:|1683842708\n|move|p1b: Boyle|Hydro Pump|p2a: Abomasnow\n|-resisted|p2a: Abomasnow\n|-damage|p2a: Abomasnow|11\/100\n|move|p1a: Captain Holt|Bulk Up|p1a: Captain Holt\n|-boost|p1a: Captain Holt|atk|1\n|-boost|p1a: Captain Holt|def|1\n|move|p2a: Abomasnow|Sheer Cold|p1a: Captain Holt|[miss]\n|-miss|p2a: Abomasnow|p1a: Captain Holt\n|move|p2b: Ting-Lu|Fissure|p1b: Boyle|[miss]\n|-miss|p2b: Ting-Lu|p1b: Boyle\n|\n|-weather|Snow|[upkeep]\n|-heal|p2b: Ting-Lu|100\/100 brn|[from] item: Leftovers\n|-damage|p2b: Ting-Lu|94\/100 brn|[from] brn\n|upkeep\n|turn|5\n|inactive|wtfgr has 30 seconds left.\n|\n|t:|1683842736\n|move|p1b: Boyle|Hydro Pump|p2b: Ting-Lu\n|-supereffective|p2b: Ting-Lu\n|-damage|p2b: Ting-Lu|62\/100 brn\n|move|p1a: Captain Holt|Brave Bird|p2a: Abomasnow\n|-supereffective|p2a: Abomasnow\n|-damage|p2a: Abomasnow|0 fnt\n|-damage|p1a: Captain Holt|75\/100|[from] item: Rocky Helmet|[of] p2a: Abomasnow\n|faint|p2a: Abomasnow\n|-damage|p1a: Captain Holt|72\/100|[from] Recoil\n|move|p2b: Ting-Lu|Fissure|p1b: Boyle|[miss]\n|-miss|p2b: Ting-Lu|p1b: Boyle\n|\n|-weather|none\n|-heal|p2b: Ting-Lu|68\/100 brn|[from] item: Leftovers\n|-damage|p2b: Ting-Lu|62\/100 brn|[from] brn\n|-sideend|p2: TonnyDolfing|move: Aurora Veil\n|upkeep\n|\n|t:|1683842757\n|switch|p2a: Garganacl|Garganacl, L50, F|100\/100\n|turn|6\n|\n|t:|1683842769\n|move|p1b: Boyle|Hydro Pump|p2a: Garganacl\n|-supereffective|p2a: Garganacl\n|-damage|p2a: Garganacl|40\/100\n|-enditem|p2a: Garganacl|Sitrus Berry|[eat]\n|-heal|p2a: Garganacl|64\/100|[from] item: Sitrus Berry\n|move|p1a: Captain Holt|Brave Bird|p2a: Garganacl\n|-resisted|p2a: Garganacl\n|-damage|p2a: Garganacl|29\/100\n|-damage|p1a: Captain Holt|59\/100|[from] Recoil\n|move|p2b: Ting-Lu|Fissure|p1b: Boyle\n|-damage|p1b: Boyle|0 fnt\n|faint|p1b: Boyle\n|-end|p1b: Boyle|Quark Drive|[silent]\n|-ohko\n|move|p2a: Garganacl|Salt Cure|p1a: Captain Holt\n|-damage|p1a: Captain Holt|54\/100\n|-start|p1a: Captain Holt|Salt Cure\n|\n|-heal|p2b: Ting-Lu|68\/100 brn|[from] item: Leftovers\n|-damage|p2b: Ting-Lu|62\/100 brn|[from] brn\n|-damage|p1a: Captain Holt|29\/100|[from] Salt Cure\n|upkeep\n|\n|t:|1683842782\n|switch|p1b: Cheddar|Arcanine, L50, M|43\/100\n|-ability|p1b: Cheddar|Intimidate|boost\n|-unboost|p2a: Garganacl|atk|1\n|-unboost|p2b: Ting-Lu|atk|1\n|turn|7\n|inactive|TonnyDolfing has 30 seconds left.\n|\n|t:|1683842810\n|move|p1b: Cheddar|Will-O-Wisp|p2a: Garganacl\n|-immune|p2a: Garganacl|[from] ability: Purifying Salt\n|move|p1a: Captain Holt|Roost|p1a: Captain Holt\n|-heal|p1a: Captain Holt|79\/100\n|-singleturn|p1a: Captain Holt|move: Roost\n|move|p2b: Ting-Lu|Fissure|p1b: Cheddar|[miss]\n|-miss|p2b: Ting-Lu|p1b: Cheddar\n|move|p2a: Garganacl|Recover|p2a: Garganacl\n|-heal|p2a: Garganacl|79\/100\n|\n|-heal|p2b: Ting-Lu|68\/100 brn|[from] item: Leftovers\n|-damage|p2b: Ting-Lu|62\/100 brn|[from] brn\n|-damage|p1a: Captain Holt|54\/100|[from] Salt Cure\n|upkeep\n|turn|8\n|\n|t:|1683842829\n|switch|p1b: Scully|Great Tusk, L50|100\/100\n|move|p1a: Captain Holt|Bulk Up|p1a: Captain Holt\n|-boost|p1a: Captain Holt|atk|1\n|-boost|p1a: Captain Holt|def|1\n|move|p2b: Ting-Lu|Rock Slide|p1b: Scully|[spread] p1a\n|-miss|p2b: Ting-Lu|p1b: Scully\n|-damage|p1a: Captain Holt|53\/100\n|move|p2a: Garganacl|Fissure|p1b: Scully|[miss]\n|-miss|p2a: Garganacl|p1b: Scully\n|\n|-heal|p2b: Ting-Lu|68\/100 brn|[from] item: Leftovers\n|-damage|p2b: Ting-Lu|62\/100 brn|[from] brn\n|-damage|p1a: Captain Holt|28\/100|[from] Salt Cure\n|upkeep\n|turn|9\n|\n|t:|1683842853\n|-terastallize|p1b: Scully|Ground\n|move|p1b: Scully|Earthquake|p2b: Ting-Lu|[spread] p2a,p2b\n|-immune|p1a: Captain Holt\n|-supereffective|p2a: Garganacl\n|-damage|p2a: Garganacl|10\/100\n|-damage|p2b: Ting-Lu|36\/100 brn\n|move|p1a: Captain Holt|Roost|p1a: Captain Holt\n|-heal|p1a: Captain Holt|78\/100\n|-singleturn|p1a: Captain Holt|move: Roost\n|move|p2b: Ting-Lu|Fissure|p1b: Scully|[miss]\n|-miss|p2b: Ting-Lu|p1b: Scully\n|move|p2a: Garganacl|Fissure|p1b: Scully|[miss]\n|-miss|p2a: Garganacl|p1b: Scully\n|\n|-heal|p2b: Ting-Lu|42\/100 brn|[from] item: Leftovers\n|-damage|p2b: Ting-Lu|36\/100 brn|[from] brn\n|-damage|p1a: Captain Holt|53\/100|[from] Salt Cure\n|upkeep\n|turn|10\n|inactive|TonnyDolfing has 30 seconds left.\n|\n|t:|1683842883\n|move|p1b: Scully|Earthquake|p2b: Ting-Lu|[spread] p2a,p2b\n|-immune|p1a: Captain Holt\n|-supereffective|p2a: Garganacl\n|-damage|p2a: Garganacl|0 fnt\n|-damage|p2b: Ting-Lu|10\/100 brn\n|faint|p2a: Garganacl\n|move|p1a: Captain Holt|Roost|p1a: Captain Holt\n|-heal|p1a: Captain Holt|100\/100\n|-singleturn|p1a: Captain Holt|move: Roost\n|move|p2b: Ting-Lu|Fissure|p1b: Scully|[miss]\n|-miss|p2b: Ting-Lu|p1b: Scully\n|\n|-heal|p2b: Ting-Lu|17\/100 brn|[from] item: Leftovers\n|-damage|p2b: Ting-Lu|10\/100 brn|[from] brn\n|-damage|p1a: Captain Holt|75\/100|[from] Salt Cure\n|upkeep\n|\n|t:|1683842897\n|switch|p2a: Dondozo|Dondozo, L50, M|100\/100\n|turn|11\n|\n|t:|1683842916\n|-terastallize|p2a: Dondozo|Ground\n|move|p1b: Scully|Earthquake|p2a: Dondozo|[spread] p2a,p2b\n|-immune|p1a: Captain Holt\n|-damage|p2a: Dondozo|72\/100\n|-damage|p2b: Ting-Lu|0 fnt\n|faint|p2b: Ting-Lu\n|move|p1a: Captain Holt|Tailwind|p1a: Captain Holt\n|-sidestart|p1: wtfgr|move: Tailwind\n|move|p2a: Dondozo|Yawn|p1b: Scully\n|-start|p1b: Scully|move: Yawn|[of] p2a: Dondozo\n|\n|-damage|p1a: Captain Holt|50\/100|[from] Salt Cure\n|upkeep\n|turn|12\n|\n|t:|1683842934\n|-end|p1b: Scully|Protosynthesis|[silent]\n|switch|p1b: Cheddar|Arcanine, L50, M|43\/100\n|-ability|p1b: Cheddar|Intimidate|boost\n|-fail|p2a: Dondozo|unboost|Attack|[from] ability: Oblivious|[of] p2a: Dondozo\n|move|p1a: Captain Holt|Brave Bird|p2a: Dondozo\n|-damage|p2a: Dondozo|1\/100\n|-damage|p1a: Captain Holt|19\/100|[from] Recoil\n|move|p2a: Dondozo|Wave Crash|p1a: Captain Holt\n|-damage|p1a: Captain Holt|8\/100\n|-damage|p2a: Dondozo|0 fnt|[from] Recoil\n|faint|p2a: Dondozo\n|\n|win|wtfgr\n|raw|wtfgr's rating: 1292 → 1311<\/strong> (+19 for winning)\n|raw|TonnyDolfing's rating: 1207 → 1188<\/strong> (-19 for losing)\n|l|\u2606wtfgr\n|c|\u2606TonnyDolfing|gg\n","uploadtime":1683842962,"views":7,"p1id":"wtfgr","p2id":"tonnydolfing","formatid":"gen9vgc2023regulationc","rating":1188,"private":0,"password":""}