{"id":"gen9vgc2023regulationc-1863103327","p1":"dusty_quello_faigo","p2":"Ilpiuatteso","format":"[Gen 9] VGC 2023 Regulation C","log":"|j|\u2606dusty_quello_faigo\n|j|\u2606Ilpiuatteso\n|t:|1683970521\n|gametype|doubles\n|player|p1|dusty_quello_faigo|clair|1182\n|player|p2|Ilpiuatteso|fisherman-gen4|1095\n|teamsize|p1|6\n|teamsize|p2|6\n|gen|9\n|tier|[Gen 9] VGC 2023 Regulation C\n|rated|\n|rule|Species Clause: Limit one of each Pok\u00e9mon\n|rule|Item Clause: Limit one of each item\n|clearpoke\n|poke|p1|Sandy Shocks, L50|\n|poke|p1|Espathra, L50, M|\n|poke|p1|Flutter Mane, L50|\n|poke|p1|Baxcalibur, L50, F|\n|poke|p1|Gyarados, L50, F|\n|poke|p1|Kingambit, L50, F|\n|poke|p2|Stantler, L50, F|\n|poke|p2|Wigglytuff, L50, M|\n|poke|p2|Hariyama, L50, F|\n|poke|p2|Chien-Pao, L50|\n|poke|p2|Torkoal, L50, M|\n|poke|p2|Dragonite, L50, F|\n|teampreview|4\n|inactive|Battle timer is ON: inactive players will automatically lose when time's up. (requested by dusty_quello_faigo)\n|\n|t:|1683970561\n|start\n|switch|p1a: Espathra|Espathra, L50, M|100\/100\n|switch|p1b: Sandy Shocks|Sandy Shocks, L50|100\/100\n|switch|p2a: Stantler|Stantler, L50, F|100\/100\n|switch|p2b: Hariyama|Hariyama, L50, F|100\/100\n|-ability|p2a: Stantler|Intimidate|boost\n|-unboost|p1a: Espathra|atk|1\n|-unboost|p1b: Sandy Shocks|atk|1\n|-enditem|p1b: Sandy Shocks|Booster Energy\n|-activate|p1b: Sandy Shocks|ability: Protosynthesis|[fromitem]\n|-start|p1b: Sandy Shocks|protosynthesisspe\n|turn|1\n|inactive|Ilpiuatteso has 30 seconds left.\n|\n|t:|1683970587\n|move|p2b: Hariyama|Fake Out|p1a: Espathra\n|-damage|p1a: Espathra|85\/100\n|move|p1b: Sandy Shocks|Gravity|p1b: Sandy Shocks\n|-fieldstart|move: Gravity\n|cant|p1a: Espathra|flinch\n|move|p2a: Stantler|Trick Room|p2a: Stantler\n|-fieldstart|move: Trick Room|[of] p2a: Stantler\n|\n|-status|p2b: Hariyama|brn|[from] item: Flame Orb\n|-ability|p1a: Espathra|Speed Boost|boost\n|-boost|p1a: Espathra|spe|1\n|upkeep\n|turn|2\n|\n|t:|1683970609\n|move|p2b: Hariyama|Close Combat|p1b: Sandy Shocks\n|-damage|p1b: Sandy Shocks|0 fnt\n|-unboost|p2b: Hariyama|def|1\n|-unboost|p2b: Hariyama|spd|1\n|faint|p1b: Sandy Shocks\n|-end|p1b: Sandy Shocks|Protosynthesis|[silent]\n|move|p2a: Stantler|Hypnosis|p1a: Espathra\n|-status|p1a: Espathra|slp|[from] move: Hypnosis\n|cant|p1a: Espathra|slp\n|\n|-damage|p2b: Hariyama|95\/100 brn|[from] brn\n|-ability|p1a: Espathra|Speed Boost|boost\n|-boost|p1a: Espathra|spe|1\n|upkeep\n|\n|t:|1683970622\n|switch|p1b: Kingambit|Kingambit, L50, F|100\/100\n|turn|3\n|\n|t:|1683970634\n|-terastallize|p1b: Kingambit|Flying\n|move|p2b: Hariyama|Knock Off|p1a: Espathra\n|-supereffective|p1a: Espathra\n|-damage|p1a: Espathra|0 fnt\n|-enditem|p1a: Espathra|Focus Sash|[from] move: Knock Off|[of] p2b: Hariyama\n|faint|p1a: Espathra\n|move|p1b: Kingambit|Brick Break|p2a: Stantler\n|-supereffective|p2a: Stantler\n|-damage|p2a: Stantler|46\/100\n|move|p2a: Stantler|Hypnosis|p1b: Kingambit\n|-status|p1b: Kingambit|slp|[from] move: Hypnosis\n|\n|-damage|p2b: Hariyama|89\/100 brn|[from] brn\n|upkeep\n|\n|t:|1683970646\n|switch|p1a: Gyarados|Gyarados, L50, F|100\/100\n|-ability|p1a: Gyarados|Intimidate|boost\n|-unboost|p2a: Stantler|atk|1\n|-unboost|p2b: Hariyama|atk|1\n|turn|4\n|inactive|Ilpiuatteso has 30 seconds left.\n|\n|t:|1683970672\n|switch|p2a: Dragonite|Dragonite, L50, F|100\/100\n|move|p1a: Gyarados|Protect|p1a: Gyarados\n|-singleturn|p1a: Gyarados|Protect\n|cant|p1b: Kingambit|slp\n|move|p2b: Hariyama|Knock Off|p1b: Kingambit\n|-damage|p1b: Kingambit|75\/100 slp\n|-enditem|p1b: Kingambit|Assault Vest|[from] move: Knock Off|[of] p2b: Hariyama\n|\n|-damage|p2b: Hariyama|83\/100 brn|[from] brn\n|upkeep\n|turn|5\n|inactive|Ilpiuatteso has 30 seconds left.\n|inactive|Ilpiuatteso has 20 seconds left.\n|\n|t:|1683970709\n|-terastallize|p2a: Dragonite|Normal\n|move|p2a: Dragonite|Extreme Speed|p1a: Gyarados\n|-damage|p1a: Gyarados|26\/100\n|-enditem|p1a: Gyarados|Sitrus Berry|[eat]\n|-heal|p1a: Gyarados|50\/100|[from] item: Sitrus Berry\n|move|p2b: Hariyama|Knock Off|p1a: Gyarados\n|-damage|p1a: Gyarados|28\/100\n|cant|p1b: Kingambit|slp\n|move|p1a: Gyarados|Thunder Wave|p2a: Dragonite\n|-status|p2a: Dragonite|par\n|\n|-damage|p2b: Hariyama|77\/100 brn|[from] brn\n|-fieldend|move: Trick Room\n|-fieldend|move: Gravity\n|upkeep\n|turn|6\n|inactive|Ilpiuatteso has 30 seconds left.\n|\n|t:|1683970734\n|move|p2a: Dragonite|Extreme Speed|p1b: Kingambit\n|-crit|p1b: Kingambit\n|-damage|p1b: Kingambit|0 fnt\n|faint|p1b: Kingambit\n|move|p1a: Gyarados|Waterfall|p2b: Hariyama\n|-damage|p2b: Hariyama|19\/100 brn\n|move|p2b: Hariyama|Knock Off|p1a: Gyarados\n|-damage|p1a: Gyarados|4\/100\n|\n|-damage|p2b: Hariyama|13\/100 brn|[from] brn\n|upkeep\n|turn|7\n|-message|dusty_quello_faigo forfeited.\n|\n|win|Ilpiuatteso\n|raw|dusty_quello_faigo's rating: 1182 → 1151<\/strong> (-31 for losing)\n|raw|Ilpiuatteso's rating: 1095 → 1127<\/strong> (+32 for winning)\n|l|\u2606dusty_quello_faigo\n","uploadtime":1683970751,"views":10,"p1id":"dustyquellofaigo","p2id":"ilpiuatteso","formatid":"gen9vgc2023regulationc","rating":1127,"private":0,"password":""}