{"id":"gen9vgc2023regulationc-1845614391","p1":"Doomtheboomkin","p2":"chiiiiiiiiiiiikn","format":"[Gen 9] VGC 2023 Regulation C","log":"|j|\u2606Doomtheboomkin\n|j|\u2606chiiiiiiiiiiiikn\n|t:|1681749577\n|gametype|doubles\n|player|p1|Doomtheboomkin|shadowtriad|1383\n|player|p2|chiiiiiiiiiiiikn|veteran|1371\n|teamsize|p1|6\n|teamsize|p2|6\n|gen|9\n|tier|[Gen 9] VGC 2023 Regulation C\n|rated|\n|rule|Species Clause: Limit one of each Pok\u00e9mon\n|rule|Item Clause: Limit one of each item\n|clearpoke\n|poke|p1|Chien-Pao, L50|\n|poke|p1|Dragonite, L50, F|\n|poke|p1|Arcanine, L50, F|\n|poke|p1|Palafin, L50, F|\n|poke|p1|Iron Hands, L50|\n|poke|p1|Amoonguss, L50, F|\n|poke|p2|Chien-Pao, L50|\n|poke|p2|Arcanine, L50, F|\n|poke|p2|Kingambit, L50, M|\n|poke|p2|Iron Valiant, L50|\n|poke|p2|Palafin, L50, F|\n|poke|p2|Sandy Shocks, L50|\n|teampreview|4\n|inactive|Battle timer is ON: inactive players will automatically lose when time's up. (requested by Doomtheboomkin)\n|inactive|Doomtheboomkin has 60 seconds left.\n|inactive|chiiiiiiiiiiiikn has 60 seconds left.\n|inactive|chiiiiiiiiiiiikn has 30 seconds left.\n|\n|t:|1681749641\n|start\n|switch|p1a: Palafin|Palafin, L50, F|100\/100\n|switch|p1b: Iron Hands|Iron Hands, L50|100\/100\n|switch|p2a: Palafin|Palafin, L50, F|100\/100\n|switch|p2b: Sandy Shocks|Sandy Shocks, L50, shiny|100\/100\n|turn|1\n|inactive|chiiiiiiiiiiiikn has 30 seconds left.\n|inactive|chiiiiiiiiiiiikn has 20 seconds left.\n|\n|t:|1681749680\n|-end|p2b: Sandy Shocks|Protosynthesis|[silent]\n|switch|p2b: Kingambit|Kingambit, L50, M|100\/100\n|detailschange|p2a: Palafin|Palafin-Hero, L50, F\n|switch|p2a: Arcanine|Arcanine, L50, F, shiny|100\/100\n|-ability|p2a: Arcanine|Intimidate|boost\n|-unboost|p1a: Palafin|atk|1\n|-unboost|p1b: Iron Hands|atk|1\n|detailschange|p1a: Palafin|Palafin-Hero, L50, F\n|switch|p1a: Chien-Pao|Chien-Pao, L50|100\/100\n|-ability|p1a: Chien-Pao|Sword of Ruin\n|move|p1b: Iron Hands|Fake Out|p2b: Kingambit\n|-resisted|p2b: Kingambit\n|-damage|p2b: Kingambit|96\/100\n|\n|upkeep\n|turn|2\n|inactive|Doomtheboomkin has 30 seconds left.\n|inactive|chiiiiiiiiiiiikn has 30 seconds left.\n|\n|t:|1681749712\n|-terastallize|p2b: Kingambit|Flying\n|move|p1a: Chien-Pao|Protect|p1a: Chien-Pao\n|-singleturn|p1a: Chien-Pao|Protect\n|move|p2a: Arcanine|Will-O-Wisp|p1b: Iron Hands\n|-status|p1b: Iron Hands|brn\n|move|p1b: Iron Hands|Drain Punch|p2b: Kingambit\n|-resisted|p2b: Kingambit\n|-damage|p2b: Kingambit|89\/100\n|move|p2b: Kingambit|Iron Head|p1a: Chien-Pao\n|-activate|p1a: Chien-Pao|move: Protect\n|\n|-damage|p1b: Iron Hands|95\/100 brn|[from] brn\n|upkeep\n|turn|3\n|\n|t:|1681749734\n|switch|p2b: Palafin|Palafin-Hero, L50, F|100\/100\n|-activate|p2b: Palafin|ability: Zero to Hero\n|move|p1a: Chien-Pao|Ice Spinner|p2b: Palafin\n|-resisted|p2b: Palafin\n|-damage|p2b: Palafin|76\/100\n|move|p2a: Arcanine|Flare Blitz|p1a: Chien-Pao\n|-supereffective|p1a: Chien-Pao\n|-enditem|p1a: Chien-Pao|Focus Sash\n|-damage|p1a: Chien-Pao|1\/100\n|-damage|p2a: Arcanine|74\/100|[from] Recoil\n|move|p1b: Iron Hands|Volt Switch|p2a: Arcanine\n|-damage|p2a: Arcanine|63\/100\n|\n|t:|1681749752\n|-end|p1b: Iron Hands|Quark Drive|[silent]\n|switch|p1b: Palafin|Palafin-Hero, L50, F|100\/100|[from] Volt Switch\n|-activate|p1b: Palafin|ability: Zero to Hero\n|\n|upkeep\n|turn|4\n|\n|t:|1681749771\n|switch|p1a: Arcanine|Arcanine, L50, F|100\/100\n|-ability|p1a: Arcanine|Intimidate|boost\n|-unboost|p2a: Arcanine|atk|1\n|-unboost|p2b: Palafin|atk|1\n|switch|p2a: Kingambit|Kingambit, L50, M, tera:Flying|89\/100\n|move|p2b: Palafin|Jet Punch|p1a: Arcanine\n|-supereffective|p1a: Arcanine\n|-damage|p1a: Arcanine|24\/100\n|move|p1b: Palafin|Jet Punch|p2a: Kingambit\n|-damage|p2a: Kingambit|50\/100\n|\n|upkeep\n|turn|5\n|inactive|chiiiiiiiiiiiikn has 30 seconds left.\n|\n|t:|1681749809\n|-terastallize|p1b: Palafin|Water\n|move|p1a: Arcanine|Protect|p1a: Arcanine\n|-singleturn|p1a: Arcanine|Protect\n|move|p2b: Palafin|Protect|p2b: Palafin\n|-singleturn|p2b: Palafin|Protect\n|move|p2a: Kingambit|Sucker Punch|p1b: Palafin\n|-damage|p1b: Palafin|63\/100\n|move|p1b: Palafin|Wave Crash|p2b: Palafin\n|-activate|p2b: Palafin|move: Protect\n|\n|upkeep\n|turn|6\n|inactive|Doomtheboomkin has 30 seconds left.\n|inactive|chiiiiiiiiiiiikn has 30 seconds left.\n|inactive|Doomtheboomkin has 20 seconds left.\n|\n|t:|1681749845\n|switch|p1a: Iron Hands|Iron Hands, L50|95\/100 brn\n|move|p2b: Palafin|Jet Punch|p1a: Iron Hands\n|-crit|p1a: Iron Hands\n|-damage|p1a: Iron Hands|48\/100 brn\n|move|p1b: Palafin|Wave Crash|p2b: Palafin\n|-resisted|p2b: Palafin\n|-damage|p2b: Palafin|21\/100\n|-damage|p1b: Palafin|46\/100|[from] Recoil\n|move|p2a: Kingambit|Kowtow Cleave|p1b: Palafin\n|-damage|p1b: Palafin|1\/100\n|\n|-damage|p1a: Iron Hands|42\/100 brn|[from] brn\n|upkeep\n|turn|7\n|\n|t:|1681749861\n|switch|p2a: Arcanine|Arcanine, L50, F, shiny|63\/100\n|-ability|p2a: Arcanine|Intimidate|boost\n|-unboost|p1a: Iron Hands|atk|1\n|-unboost|p1b: Palafin|atk|1\n|move|p2b: Palafin|Protect|p2b: Palafin\n|-singleturn|p2b: Palafin|Protect\n|move|p1a: Iron Hands|Fake Out|p2b: Palafin\n|-activate|p2b: Palafin|move: Protect\n|move|p1b: Palafin|Jet Punch|p2a: Arcanine\n|-supereffective|p2a: Arcanine\n|-damage|p2a: Arcanine|0 fnt\n|faint|p2a: Arcanine\n|\n|-damage|p1a: Iron Hands|36\/100 brn|[from] brn\n|upkeep\n|\n|t:|1681749877\n|switch|p2a: Kingambit|Kingambit, L50, M, tera:Flying|50\/100\n|turn|8\n|\n|t:|1681749889\n|move|p2b: Palafin|Jet Punch|p1b: Palafin\n|-resisted|p1b: Palafin\n|-damage|p1b: Palafin|0 fnt\n|faint|p1b: Palafin\n|move|p1a: Iron Hands|Volt Switch|p2b: Palafin\n|-supereffective|p2b: Palafin\n|-damage|p2b: Palafin|0 fnt\n|faint|p2b: Palafin\n|\n|t:|1681749898\n|-end|p1a: Iron Hands|Quark Drive|[silent]\n|switch|p1a: Arcanine|Arcanine, L50, F|24\/100|[from] Volt Switch\n|-ability|p1a: Arcanine|Intimidate|boost\n|-unboost|p2a: Kingambit|atk|1\n|-ability|p2a: Kingambit|Defiant|boost\n|-boost|p2a: Kingambit|atk|2\n|move|p2a: Kingambit|Tera Blast|p1a: Arcanine\n|-damage|p1a: Arcanine|0 fnt\n|faint|p1a: Arcanine\n|\n|upkeep\n|\n|t:|1681749910\n|switch|p1a: Iron Hands|Iron Hands, L50|36\/100 brn\n|switch|p2b: Sandy Shocks|Sandy Shocks, L50, shiny|100\/100\n|switch|p1b: Chien-Pao|Chien-Pao, L50|1\/100\n|-ability|p1b: Chien-Pao|Sword of Ruin\n|turn|9\n|\n|t:|1681749928\n|move|p1a: Iron Hands|Fake Out|p2a: Kingambit\n|-damage|p2a: Kingambit|42\/100\n|cant|p2a: Kingambit|flinch\n|move|p2b: Sandy Shocks|Earth Power|p1b: Chien-Pao\n|-damage|p1b: Chien-Pao|0 fnt\n|faint|p1b: Chien-Pao\n|\n|-damage|p1a: Iron Hands|31\/100 brn|[from] brn\n|upkeep\n|turn|10\n|\n|t:|1681749941\n|move|p2b: Sandy Shocks|Earth Power|p1a: Iron Hands\n|-supereffective|p1a: Iron Hands\n|-damage|p1a: Iron Hands|0 fnt\n|faint|p1a: Iron Hands\n|-end|p1a: Iron Hands|Quark Drive|[silent]\n|\n|win|chiiiiiiiiiiiikn\n|raw|Doomtheboomkin's rating: 1383 → 1362<\/strong> (-21 for losing)\n|raw|chiiiiiiiiiiiikn's rating: 1371 → 1392<\/strong> (+21 for winning)\n|c|\u2606Doomtheboomkin|GG\n|c|\u2606chiiiiiiiiiiiikn|Gg\n|c|\u2606Doomtheboomkin|Did not expect the outspeed\n|l|\u2606chiiiiiiiiiiiikn\n","uploadtime":1681749983,"views":10,"p1id":"doomtheboomkin","p2id":"chiiiiiiiiiiiikn","formatid":"gen9vgc2023regulationc","rating":1362,"private":0,"password":""}