{"id":"gen9vgc2023regulationc-1862874519","p1":"XxKillGore642xX","p2":"JBomber3211","format":"[Gen 9] VGC 2023 Regulation C","log":"|j|\u2606XxKillGore642xX\n|j|\u2606JBomber3211\n|t:|1683932234\n|gametype|doubles\n|player|p1|XxKillGore642xX|2|1149\n|player|p2|JBomber3211|265|1186\n|teamsize|p1|6\n|teamsize|p2|6\n|gen|9\n|tier|[Gen 9] VGC 2023 Regulation C\n|rated|\n|rule|Species Clause: Limit one of each Pok\u00e9mon\n|rule|Item Clause: Limit one of each item\n|clearpoke\n|poke|p1|Gothitelle, L50, F|\n|poke|p1|Garchomp, L50, M|\n|poke|p1|Scream Tail, L50|\n|poke|p1|Torkoal, L50, M|\n|poke|p1|Gyarados, L50, F|\n|poke|p1|Chien-Pao, L50|\n|poke|p2|Cetitan, L50, F|\n|poke|p2|Indeedee-F, L50, F|\n|poke|p2|Garganacl, L50, F|\n|poke|p2|Corviknight, L50, F|\n|poke|p2|Quaquaval, L50, M|\n|poke|p2|Meowscarada, L50, M|\n|teampreview|4\n|\n|t:|1683932277\n|start\n|switch|p1a: Gothitelle|Gothitelle, L50, F|100\/100\n|switch|p1b: Garchomp|Garchomp, L50, M|100\/100\n|switch|p2a: Corviknight|Corviknight, L50, F|100\/100\n|switch|p2b: Meowscarada|Meowscarada, L50, M|100\/100\n|turn|1\n|\n|t:|1683932294\n|move|p1b: Garchomp|Protect|p1b: Garchomp\n|-singleturn|p1b: Garchomp|Protect\n|move|p2b: Meowscarada|Knock Off|p1a: Gothitelle\n|-start|p2b: Meowscarada|typechange|Dark|[from] ability: Protean\n|-supereffective|p1a: Gothitelle\n|-damage|p1a: Gothitelle|1\/100\n|-enditem|p1a: Gothitelle|Kasib Berry|[from] move: Knock Off|[of] p2b: Meowscarada\n|move|p2a: Corviknight|Tailwind|p2a: Corviknight\n|-sidestart|p2: JBomber3211|move: Tailwind\n|move|p1a: Gothitelle|Trick Room|p1a: Gothitelle\n|-fieldstart|move: Trick Room|[of] p1a: Gothitelle\n|\n|upkeep\n|turn|2\n|\n|t:|1683932332\n|move|p1a: Gothitelle|Protect|p1a: Gothitelle\n|-singleturn|p1a: Gothitelle|Protect\n|move|p1b: Garchomp|Earthquake|p2a: Corviknight|[spread] p2b\n|-activate|p1a: Gothitelle|move: Protect\n|-immune|p2a: Corviknight\n|-damage|p2b: Meowscarada|39\/100\n|move|p2a: Corviknight|Iron Head|p1a: Gothitelle\n|-activate|p1a: Gothitelle|move: Protect\n|move|p2b: Meowscarada|Flower Trick|p1b: Garchomp\n|-crit|p1b: Garchomp\n|-damage|p1b: Garchomp|70\/100\n|\n|upkeep\n|turn|3\n|\n|t:|1683932356\n|switch|p1a: Torkoal|Torkoal, L50, M|100\/100\n|-weather|SunnyDay|[from] ability: Drought|[of] p1a: Torkoal\n|move|p1b: Garchomp|Protect|p1b: Garchomp\n|-singleturn|p1b: Garchomp|Protect\n|move|p2b: Meowscarada|Protect|p2b: Meowscarada\n|-singleturn|p2b: Meowscarada|Protect\n|move|p2a: Corviknight|Iron Head|p1a: Torkoal\n|-resisted|p1a: Torkoal\n|-damage|p1a: Torkoal|90\/100\n|\n|-weather|SunnyDay|[upkeep]\n|upkeep\n|turn|4\n|\n|t:|1683932394\n|switch|p2a: Garganacl|Garganacl, L50, F|100\/100\n|move|p1a: Torkoal|Eruption|p2b: Meowscarada|[spread] p2a,p2b\n|-resisted|p2a: Garganacl\n|-crit|p2a: Garganacl\n|-damage|p2a: Garganacl|40\/100\n|-damage|p2b: Meowscarada|0 fnt\n|faint|p2b: Meowscarada\n|move|p1b: Garchomp|Dragon Claw|p2a: Garganacl\n|-damage|p2a: Garganacl|14\/100\n|\n|-weather|SunnyDay|[upkeep]\n|-heal|p2a: Garganacl|20\/100|[from] item: Leftovers\n|-sideend|p2: JBomber3211|move: Tailwind\n|upkeep\n|\n|t:|1683932400\n|switch|p2b: Quaquaval|Quaquaval, L50, M|100\/100\n|turn|5\n|\n|t:|1683932417\n|move|p2a: Garganacl|Protect|p2a: Garganacl\n|-singleturn|p2a: Garganacl|Protect\n|move|p2b: Quaquaval|Protect|p2b: Quaquaval\n|-singleturn|p2b: Quaquaval|Protect\n|move|p1a: Torkoal|Eruption|p2b: Quaquaval|[spread] \n|-activate|p2a: Garganacl|move: Protect\n|-activate|p2b: Quaquaval|move: Protect\n|move|p1b: Garchomp|Iron Head|p2a: Garganacl\n|-activate|p2a: Garganacl|move: Protect\n|\n|-weather|SunnyDay|[upkeep]\n|-heal|p2a: Garganacl|26\/100|[from] item: Leftovers\n|-fieldend|move: Trick Room\n|upkeep\n|turn|6\n|\n|t:|1683932453\n|switch|p1a: Gothitelle|Gothitelle, L50, F|1\/100\n|-terastallize|p2b: Quaquaval|Water\n|move|p2b: Quaquaval|Aqua Step|p1a: Gothitelle\n|-damage|p1a: Gothitelle|0 fnt\n|-boost|p2b: Quaquaval|spe|1\n|faint|p1a: Gothitelle\n|-ability|p2b: Quaquaval|Moxie|boost\n|-boost|p2b: Quaquaval|atk|1\n|-damage|p2b: Quaquaval|91\/100|[from] item: Life Orb\n|move|p2a: Garganacl|Salt Cure|p1b: Garchomp\n|-resisted|p1b: Garchomp\n|-damage|p1b: Garchomp|63\/100\n|-start|p1b: Garchomp|Salt Cure\n|move|p1b: Garchomp|Earthquake|p2b: Quaquaval|[spread] p2a,p2b\n|-supereffective|p2a: Garganacl\n|-damage|p2a: Garganacl|0 fnt\n|-damage|p2b: Quaquaval|31\/100\n|faint|p2a: Garganacl\n|\n|-weather|SunnyDay|[upkeep]\n|-damage|p1b: Garchomp|51\/100|[from] Salt Cure\n|upkeep\n|\n|t:|1683932478\n|switch|p1a: Chien-Pao|Chien-Pao, L50|100\/100\n|switch|p2a: Corviknight|Corviknight, L50, F|100\/100\n|-ability|p1a: Chien-Pao|Sword of Ruin\n|turn|7\n|\n|t:|1683932505\n|move|p1a: Chien-Pao|Protect|p1a: Chien-Pao\n|-singleturn|p1a: Chien-Pao|Protect\n|move|p2b: Quaquaval|Protect|p2b: Quaquaval\n|-singleturn|p2b: Quaquaval|Protect\n|move|p2a: Corviknight|Tailwind|p2a: Corviknight\n|-sidestart|p2: JBomber3211|move: Tailwind\n|move|p1b: Garchomp|Earthquake|p2a: Corviknight|[spread] \n|-activate|p1a: Chien-Pao|move: Protect\n|-activate|p2b: Quaquaval|move: Protect\n|-immune|p2a: Corviknight\n|\n|-weather|none\n|-damage|p1b: Garchomp|39\/100|[from] Salt Cure\n|upkeep\n|turn|8\n|\n|t:|1683932532\n|-terastallize|p1a: Chien-Pao|Dark\n|move|p1a: Chien-Pao|Sucker Punch|p2b: Quaquaval\n|-damage|p2b: Quaquaval|0 fnt\n|faint|p2b: Quaquaval\n|move|p2a: Corviknight|Iron Head|p1a: Chien-Pao\n|-damage|p1a: Chien-Pao|56\/100\n|move|p1b: Garchomp|Dragon Claw|p2a: Corviknight\n|-resisted|p2a: Corviknight\n|-damage|p2a: Corviknight|77\/100\n|\n|-damage|p1b: Garchomp|27\/100|[from] Salt Cure\n|upkeep\n|turn|9\n|-message|JBomber3211 forfeited.\n|\n|win|XxKillGore642xX\n|raw|XxKillGore642xX's rating: 1149 → 1177<\/strong> (+28 for winning)\n|raw|JBomber3211's rating: 1186 → 1158<\/strong> (-28 for losing)\n|l|\u2606JBomber3211\n","uploadtime":1683932549,"views":7,"p1id":"xxkillgore642xx","p2id":"jbomber3211","formatid":"gen9vgc2023regulationc","rating":1158,"private":0,"password":""}