{"id":"gen9vgc2023regulationc-1845988950","p1":"reallove85tw","p2":"jdj95","format":"[Gen 9] VGC 2023 Regulation C","log":"|j|\u2606reallove85tw\n|j|\u2606jdj95\n|t:|1681787904\n|gametype|doubles\n|player|p1|reallove85tw|dawn-gen4pt|1222\n|player|p2|jdj95|170|1206\n|teamsize|p1|6\n|teamsize|p2|6\n|gen|9\n|tier|[Gen 9] VGC 2023 Regulation C\n|rated|\n|rule|Species Clause: Limit one of each Pok\u00e9mon\n|rule|Item Clause: Limit one of each item\n|clearpoke\n|poke|p1|Chi-Yu, L50|\n|poke|p1|Dachsbun, L50, F|\n|poke|p1|Chien-Pao, L50|\n|poke|p1|Dragonite, L50, F|\n|poke|p1|Flutter Mane, L50|\n|poke|p1|Azumarill, L50, M|\n|poke|p2|Wo-Chien, L50|\n|poke|p2|Glimmora, L50, M|\n|poke|p2|Sableye, L50, F|\n|poke|p2|Flutter Mane, L50|\n|poke|p2|Iron Bundle, L50|\n|poke|p2|Arcanine, L50, M|\n|teampreview|4\nreallove85tw has agreed to open team sheets.\n|\n|t:|1681787942\n|start\n|switch|p1a: Chien-Pao|Chien-Pao, L50|100\/100\n|switch|p1b: Dragonite|Dragonite, L50, F|100\/100\n|switch|p2a: Flutter Mane|Flutter Mane, L50|100\/100\n|switch|p2b: Glimmora|Glimmora, L50, M|100\/100\n|-ability|p1a: Chien-Pao|Sword of Ruin\n|turn|1\n|inactive|Battle timer is ON: inactive players will automatically lose when time's up. (requested by jdj95)\n|inactive|reallove85tw has 60 seconds left.\n|\n|t:|1681787980\n|switch|p2b: Arcanine|Arcanine, L50, M|100\/100\n|-ability|p2b: Arcanine|Intimidate|boost\n|-unboost|p1a: Chien-Pao|atk|1\n|-fail|p1b: Dragonite|unboost|[from] item: Clear Amulet|[of] p1b: Dragonite\n|move|p2a: Flutter Mane|Protect|p2a: Flutter Mane\n|-singleturn|p2a: Flutter Mane|Protect\n|move|p1a: Chien-Pao|Sucker Punch||[still]\n|-fail|p1a: Chien-Pao\n|move|p1b: Dragonite|Iron Head|p2b: Arcanine\n|-resisted|p2b: Arcanine\n|-damage|p2b: Arcanine|80\/100\n|\n|upkeep\n|turn|2\n|inactive|jdj95 has 30 seconds left.\n|\n|t:|1681788010\n|switch|p1a: Dachsbun|Dachsbun, L50, F|100\/100\n|-terastallize|p1b: Dragonite|Flying\n|move|p2a: Flutter Mane|Dazzling Gleam|p1b: Dragonite|[spread] p1a,p1b\n|-damage|p1a: Dachsbun|41\/100\n|-damage|p1b: Dragonite|82\/100\n|-damage|p2a: Flutter Mane|90\/100|[from] item: Life Orb\n|move|p2b: Arcanine|Will-O-Wisp|p1b: Dragonite\n|-status|p1b: Dragonite|brn\n|move|p1b: Dragonite|Iron Head|p2a: Flutter Mane\n|-supereffective|p2a: Flutter Mane\n|-damage|p2a: Flutter Mane|16\/100\n|\n|-heal|p1a: Dachsbun|47\/100|[from] item: Leftovers\n|-damage|p1b: Dragonite|76\/100 brn|[from] brn\n|upkeep\n|turn|3\n|\n|t:|1681788035\n|move|p2a: Flutter Mane|Protect|p2a: Flutter Mane\n|-singleturn|p2a: Flutter Mane|Protect\n|move|p2b: Arcanine|Flare Blitz|p1b: Dragonite\n|-damage|p1b: Dragonite|30\/100 brn\n|-damage|p2b: Arcanine|65\/100|[from] Recoil\n|move|p1a: Dachsbun|Yawn|p2b: Arcanine\n|-start|p2b: Arcanine|move: Yawn|[of] p1a: Dachsbun\n|move|p1b: Dragonite|Tera Blast|p2a: Flutter Mane\n|-activate|p2a: Flutter Mane|move: Protect\n|\n|-heal|p1a: Dachsbun|54\/100|[from] item: Leftovers\n|-damage|p1b: Dragonite|24\/100 brn|[from] brn\n|upkeep\n|turn|4\n|inactive|reallove85tw has 30 seconds left.\n|\n|t:|1681788064\n|switch|p2b: Glimmora|Glimmora, L50, M|100\/100\n|move|p2a: Flutter Mane|Dazzling Gleam|p1b: Dragonite|[spread] p1a,p1b\n|-damage|p1a: Dachsbun|4\/100\n|-damage|p1b: Dragonite|0 fnt\n|faint|p1b: Dragonite\n|-damage|p2a: Flutter Mane|6\/100|[from] item: Life Orb\n|move|p1a: Dachsbun|Yawn|p2b: Glimmora\n|-start|p2b: Glimmora|move: Yawn|[of] p1a: Dachsbun\n|\n|-heal|p1a: Dachsbun|10\/100|[from] item: Leftovers\n|upkeep\n|\n|t:|1681788075\n|switch|p1b: Chien-Pao|Chien-Pao, L50|100\/100\n|-ability|p1b: Chien-Pao|Sword of Ruin\n|turn|5\n|\n|t:|1681788084\n|switch|p2b: Arcanine|Arcanine, L50, M|65\/100\n|-ability|p2b: Arcanine|Intimidate|boost\n|-unboost|p1a: Dachsbun|atk|1\n|-unboost|p1b: Chien-Pao|atk|1\n|move|p2a: Flutter Mane|Protect|p2a: Flutter Mane\n|-singleturn|p2a: Flutter Mane|Protect\n|move|p1b: Chien-Pao|Ice Spinner|p2b: Arcanine\n|-resisted|p2b: Arcanine\n|-damage|p2b: Arcanine|48\/100\n|move|p1a: Dachsbun|Body Press|p2b: Arcanine\n|-damage|p2b: Arcanine|12\/100\n|\n|-heal|p1a: Dachsbun|16\/100|[from] item: Leftovers\n|upkeep\n|turn|6\n|inactive|reallove85tw has 30 seconds left.\n|\n|t:|1681788111\n|move|p2b: Arcanine|Extreme Speed|p1b: Chien-Pao\n|-damage|p1b: Chien-Pao|72\/100\n|move|p1b: Chien-Pao|Sucker Punch|p2a: Flutter Mane\n|-damage|p2a: Flutter Mane|0 fnt\n|faint|p2a: Flutter Mane\n|-end|p2a: Flutter Mane|Protosynthesis|[silent]\n|move|p1a: Dachsbun|Body Press|p2b: Arcanine\n|-damage|p2b: Arcanine|0 fnt\n|faint|p2b: Arcanine\n|\n|-heal|p1a: Dachsbun|22\/100|[from] item: Leftovers\n|upkeep\n|\n|t:|1681788122\n|switch|p2a: Iron Bundle|Iron Bundle, L50|100\/100\n|switch|p2b: Glimmora|Glimmora, L50, M|100\/100\n|-enditem|p2a: Iron Bundle|Booster Energy\n|-activate|p2a: Iron Bundle|ability: Quark Drive|[fromitem]\n|-start|p2a: Iron Bundle|quarkdrivespe\n|turn|7\n|\n|t:|1681788136\n|switch|p1b: Flutter Mane|Flutter Mane, L50|100\/100\n|-enditem|p1b: Flutter Mane|Booster Energy\n|-activate|p1b: Flutter Mane|ability: Protosynthesis|[fromitem]\n|-start|p1b: Flutter Mane|protosynthesisspe\n|move|p2a: Iron Bundle|Protect|p2a: Iron Bundle\n|-singleturn|p2a: Iron Bundle|Protect\n|move|p1a: Dachsbun|Yawn|p2a: Iron Bundle\n|-activate|p2a: Iron Bundle|move: Protect\n|move|p2b: Glimmora|Sludge Bomb|p1a: Dachsbun\n|-supereffective|p1a: Dachsbun\n|-damage|p1a: Dachsbun|0 fnt\n|faint|p1a: Dachsbun\n|\n|upkeep\n|\n|t:|1681788147\n|switch|p1a: Chien-Pao|Chien-Pao, L50|72\/100\n|-ability|p1a: Chien-Pao|Sword of Ruin\n|turn|8\n|inactive|jdj95 has 30 seconds left.\n|inactive|jdj95 has 20 seconds left.\n|inactive|jdj95 has 15 seconds left.\n|inactive|jdj95 has 10 seconds left.\n|\n|t:|1681788194\n|-terastallize|p2a: Iron Bundle|Water\n|move|p1a: Chien-Pao|Sucker Punch|p2b: Glimmora\n|-damage|p2b: Glimmora|56\/100\n|-activate|p2b: Glimmora|ability: Toxic Debris\n|-sidestart|p1: reallove85tw|move: Toxic Spikes\n|move|p2a: Iron Bundle|Hydro Pump|p1b: Flutter Mane\n|-damage|p1b: Flutter Mane|25\/100\n|move|p1b: Flutter Mane|Dazzling Gleam|p2a: Iron Bundle|[spread] p2a,p2b\n|-resisted|p2b: Glimmora\n|-damage|p2a: Iron Bundle|31\/100\n|-damage|p2b: Glimmora|45\/100\n|move|p2b: Glimmora|Power Gem|p1a: Chien-Pao\n|-supereffective|p1a: Chien-Pao\n|-damage|p1a: Chien-Pao|0 fnt\n|faint|p1a: Chien-Pao\n|\n|upkeep\n|turn|9\n|inactive|jdj95 has 30 seconds left.\n|\n|t:|1681788221\n|move|p2a: Iron Bundle|Protect|p2a: Iron Bundle\n|-singleturn|p2a: Iron Bundle|Protect\n|move|p1b: Flutter Mane|Dazzling Gleam|p2a: Iron Bundle|[spread] p2b\n|-activate|p2a: Iron Bundle|move: Protect\n|-resisted|p2b: Glimmora\n|-damage|p2b: Glimmora|33\/100\n|move|p2b: Glimmora|Sludge Bomb|p1b: Flutter Mane\n|-damage|p1b: Flutter Mane|0 fnt\n|faint|p1b: Flutter Mane\n|-end|p1b: Flutter Mane|Protosynthesis|[silent]\n|\n|win|jdj95\n|raw|reallove85tw's rating: 1222 → 1196<\/strong> (-26 for losing)\n|raw|jdj95's rating: 1206 → 1232<\/strong> (+26 for winning)\n|l|\u2606reallove85tw\n","uploadtime":1681788231,"views":4,"p1id":"reallove85tw","p2id":"jdj95","formatid":"gen9vgc2023regulationc","rating":1196,"private":0,"password":""}