{"id":"gen9vgc2023regulationc-1851915251","p1":"BullcatVGC","p2":"oopsycanyousee","format":"[Gen 9] VGC 2023 Regulation C","log":"|j|\u2606BullcatVGC\n|j|\u2606oopsycanyousee\n|t:|1682505266\n|gametype|doubles\n|player|p1|BullcatVGC|101|1309\n|player|p2|oopsycanyousee|beauty-gen5bw2|1217\n|teamsize|p1|6\n|teamsize|p2|6\n|gen|9\n|tier|[Gen 9] VGC 2023 Regulation C\n|rated|\n|rule|Species Clause: Limit one of each Pok\u00e9mon\n|rule|Item Clause: Limit one of each item\n|clearpoke\n|poke|p1|Amoonguss, L50, M|\n|poke|p1|Palafin, L50, M|\n|poke|p1|Chien-Pao, L50|\n|poke|p1|Gholdengo, L50|\n|poke|p1|Pelipper, L50, F|\n|poke|p1|Dragonite, L50, M|\n|poke|p2|Arcanine, L50, M|\n|poke|p2|Palafin, L50, F|\n|poke|p2|Amoonguss, L50, F|\n|poke|p2|Flutter Mane, L50|\n|poke|p2|Chien-Pao, L50|\n|poke|p2|Dragonite, L50, M|\n|teampreview|4\n|\n|t:|1682505315\n|start\n|switch|p1a: Gholdengo|Gholdengo, L50|100\/100\n|switch|p1b: Palafin|Palafin, L50, M|100\/100\n|switch|p2a: Flutter Mane|Flutter Mane, L50|100\/100\n|switch|p2b: Amoonguss|Amoonguss, L50, F|100\/100\n|-enditem|p2a: Flutter Mane|Booster Energy\n|-activate|p2a: Flutter Mane|ability: Protosynthesis|[fromitem]\n|-start|p2a: Flutter Mane|protosynthesisspa\n|turn|1\n|inactive|Battle timer is ON: inactive players will automatically lose when time's up. (requested by BullcatVGC)\n|\n|t:|1682505370\n|detailschange|p1b: Palafin|Palafin-Hero, L50, M\n|switch|p1b: Pelipper|Pelipper, L50, F|100\/100\n|-weather|RainDance|[from] ability: Drizzle|[of] p1b: Pelipper\n|-terastallize|p2a: Flutter Mane|Water\n|-terastallize|p1a: Gholdengo|Steel\n|move|p2b: Amoonguss|Protect|p2b: Amoonguss\n|-singleturn|p2b: Amoonguss|Protect\n|move|p2a: Flutter Mane|Shadow Ball|p1a: Gholdengo\n|-damage|p1a: Gholdengo|43\/100\n|-unboost|p1a: Gholdengo|spd|1\n|move|p1a: Gholdengo|Make It Rain|p2a: Flutter Mane|[spread] p2a\n|-activate|p2b: Amoonguss|move: Protect\n|-resisted|p2a: Flutter Mane\n|-damage|p2a: Flutter Mane|56\/100\n|-unboost|p1a: Gholdengo|spa|1\n|\n|-weather|RainDance|[upkeep]\n|upkeep\n|turn|2\n|inactive|BullcatVGC has 30 seconds left.\n|inactive|oopsycanyousee has 30 seconds left.\n|inactive|BullcatVGC has 20 seconds left.\n|inactive|oopsycanyousee has 20 seconds left.\n|inactive|BullcatVGC has 15 seconds left.\n|\n|t:|1682505415\n|switch|p1a: Dragonite|Dragonite, L50, M|100\/100\n|move|p2a: Flutter Mane|Substitute|p2a: Flutter Mane\n|-start|p2a: Flutter Mane|Substitute\n|-damage|p2a: Flutter Mane|32\/100\n|move|p1b: Pelipper|Hurricane|p2b: Amoonguss\n|-supereffective|p2b: Amoonguss\n|-damage|p2b: Amoonguss|23\/100\n|-start|p2b: Amoonguss|confusion\n|-enditem|p2b: Amoonguss|Sitrus Berry|[eat]\n|-heal|p2b: Amoonguss|48\/100|[from] item: Sitrus Berry\n|-activate|p2b: Amoonguss|confusion\n|move|p2b: Amoonguss|Spore|p1b: Pelipper\n|-status|p1b: Pelipper|slp|[from] move: Spore\n|\n|-weather|RainDance|[upkeep]\n|upkeep\n|turn|3\n|inactive|BullcatVGC has 30 seconds left.\n|inactive|oopsycanyousee has 30 seconds left.\n|inactive|BullcatVGC has 20 seconds left.\n|inactive|oopsycanyousee has 20 seconds left.\n|inactive|BullcatVGC has 15 seconds left.\n|inactive|oopsycanyousee has 15 seconds left.\n|\n|t:|1682505457\n|move|p1a: Dragonite|Extreme Speed|p2a: Flutter Mane\n|-end|p2a: Flutter Mane|Substitute\n|move|p2a: Flutter Mane|Moonblast|p1b: Pelipper\n|-enditem|p1b: Pelipper|Focus Sash\n|-damage|p1b: Pelipper|1\/100 slp\n|cant|p1b: Pelipper|slp\n|-end|p2b: Amoonguss|confusion\n|move|p2b: Amoonguss|Spore|p1a: Dragonite\n|-status|p1a: Dragonite|slp|[from] move: Spore\n|\n|-weather|RainDance|[upkeep]\n|upkeep\n|turn|4\n|inactive|oopsycanyousee has 30 seconds left.\n|\n|t:|1682505492\n|cant|p1a: Dragonite|slp\n|move|p2a: Flutter Mane|Moonblast|p1b: Pelipper\n|-damage|p1b: Pelipper|0 fnt\n|faint|p1b: Pelipper\n|move|p2b: Amoonguss|Pollen Puff|p2a: Flutter Mane\n|-heal|p2a: Flutter Mane|82\/100\n|\n|-weather|RainDance|[upkeep]\n|upkeep\n|\n|t:|1682505505\n|switch|p1b: Palafin|Palafin-Hero, L50, M|100\/100\n|-activate|p1b: Palafin|ability: Zero to Hero\n|turn|5\n|inactive|oopsycanyousee has 30 seconds left.\n|\n|t:|1682505532\n|-curestatus|p1a: Dragonite|slp|[msg]\n|move|p1a: Dragonite|Extreme Speed|p2a: Flutter Mane\n|-damage|p2a: Flutter Mane|7\/100\n|move|p2b: Amoonguss|Rage Powder|p2b: Amoonguss\n|-singleturn|p2b: Amoonguss|move: Rage Powder\n|move|p2a: Flutter Mane|Moonblast|p1b: Palafin\n|-damage|p1b: Palafin|39\/100\n|move|p1b: Palafin|Wave Crash|p2b: Amoonguss\n|-resisted|p2b: Amoonguss\n|-damage|p2b: Amoonguss|0 fnt\n|faint|p2b: Amoonguss\n|-damage|p1b: Palafin|22\/100|[from] Recoil\n|\n|-weather|none\n|upkeep\n|\n|t:|1682505556\n|switch|p2b: Dragonite|Dragonite, L50, M|100\/100\n|turn|6\n|\n|t:|1682505563\n|move|p1b: Palafin|Protect|p1b: Palafin\n|-singleturn|p1b: Palafin|Protect\n|move|p2b: Dragonite|Extreme Speed|p1b: Palafin\n|-activate|p1b: Palafin|move: Protect\n|move|p1a: Dragonite|Extreme Speed|p2a: Flutter Mane\n|-damage|p2a: Flutter Mane|0 fnt\n|faint|p2a: Flutter Mane\n|-end|p2a: Flutter Mane|Protosynthesis|[silent]\n|\n|upkeep\n|\n|t:|1682505570\n|switch|p2a: Chien-Pao|Chien-Pao, L50|100\/100\n|-ability|p2a: Chien-Pao|Sword of Ruin\n|turn|7\n|\n|t:|1682505587\n|switch|p1b: Gholdengo|Gholdengo, L50, tera:Steel|43\/100\n|move|p2b: Dragonite|Extreme Speed|p1a: Dragonite\n|-damage|p1a: Dragonite|64\/100\n|move|p1a: Dragonite|Extreme Speed|p2a: Chien-Pao\n|-damage|p2a: Chien-Pao|37\/100\n|move|p2a: Chien-Pao|Ice Spinner|p1a: Dragonite\n|-supereffective|p1a: Dragonite\n|-damage|p1a: Dragonite|0 fnt\n|faint|p1a: Dragonite\n|\n|upkeep\n|\n|t:|1682505602\n|switch|p1a: Palafin|Palafin-Hero, L50, M|22\/100\n|turn|8\n|\n|t:|1682505616\n|move|p2b: Dragonite|Extreme Speed|p1a: Palafin\n|-damage|p1a: Palafin|0 fnt\n|faint|p1a: Palafin\n|move|p2a: Chien-Pao|Sacred Sword|p1b: Gholdengo\n|-supereffective|p1b: Gholdengo\n|-damage|p1b: Gholdengo|0 fnt\n|faint|p1b: Gholdengo\n|\n|win|oopsycanyousee\n|raw|BullcatVGC's rating: 1309 → 1284<\/strong> (-25 for losing)\n|raw|oopsycanyousee's rating: 1217 → 1248<\/strong> (+31 for winning)\n|l|\u2606BullcatVGC\n","uploadtime":1682505678,"views":22,"p1id":"bullcatvgc","p2id":"oopsycanyousee","formatid":"gen9vgc2023regulationc","rating":1248,"private":0,"password":""}