{"id":"gen9vgc2023regulationc-1848786413","p1":"That_Leek","p2":"elmonitor02","format":"[Gen 9] VGC 2023 Regulation C","log":"|j|\u2606That_Leek\n|j|\u2606elmonitor02\n|t:|1682110250\n|gametype|doubles\n|player|p1|That_Leek|170|1231\n|player|p2|elmonitor02|jogger|1191\n|teamsize|p1|6\n|teamsize|p2|6\n|gen|9\n|tier|[Gen 9] VGC 2023 Regulation C\n|rated|\n|rule|Species Clause: Limit one of each Pok\u00e9mon\n|rule|Item Clause: Limit one of each item\n|clearpoke\n|poke|p1|Gholdengo, L50|\n|poke|p1|Gyarados, L50, F|\n|poke|p1|Tyranitar, L50, F|\n|poke|p1|Maushold-Four, L50|\n|poke|p1|Annihilape, L50, M|\n|poke|p1|Volcarona, L50, F|\n|poke|p2|Gholdengo, L50|\n|poke|p2|Murkrow, L50, F|\n|poke|p2|Hydreigon, L50, M|\n|poke|p2|Annihilape, L50, F|\n|poke|p2|Dragonite, L50, F|\n|poke|p2|Armarouge, L50, M|\n|teampreview|4\n|\n|t:|1682110269\n|start\n|switch|p1a: Tyranitar|Tyranitar, L50, F|100\/100\n|switch|p1b: Maushold|Maushold-Four, L50|100\/100\n|switch|p2a: Murkrow|Murkrow, L50, F|100\/100\n|switch|p2b: Gholdengo|Gholdengo, L50|100\/100\n|-weather|Sandstorm|[from] ability: Sand Stream|[of] p1a: Tyranitar\n|turn|1\n|\n|t:|1682110286\n|-terastallize|p2b: Gholdengo|Steel\n|-terastallize|p1a: Tyranitar|Flying\n|move|p1b: Maushold|Protect|p1b: Maushold\n|-singleturn|p1b: Maushold|Protect\n|move|p2a: Murkrow|Tailwind|p2a: Murkrow\n|-sidestart|p2: elmonitor02|move: Tailwind\n|move|p2b: Gholdengo|Make It Rain|p1b: Maushold|[spread] p1a\n|-activate|p1b: Maushold|move: Protect\n|-damage|p1a: Tyranitar|57\/100\n|-unboost|p2b: Gholdengo|spa|1\n|move|p1a: Tyranitar|Crunch|p2b: Gholdengo\n|-damage|p2b: Gholdengo|57\/100\n|\n|-weather|Sandstorm|[upkeep]\n|-damage|p2a: Murkrow|94\/100|[from] Sandstorm\n|-damage|p1a: Tyranitar|51\/100|[from] Sandstorm\n|upkeep\n|turn|2\n|\n|t:|1682110324\n|switch|p2b: Dragonite|Dragonite, L50, F|100\/100\n|move|p1b: Maushold|Follow Me|p1b: Maushold\n|-singleturn|p1b: Maushold|move: Follow Me\n|move|p2a: Murkrow|Foul Play|p1b: Maushold\n|-damage|p1b: Maushold|66\/100\n|move|p1a: Tyranitar|Rock Slide|p2b: Dragonite|[spread] p2a\n|-miss|p1a: Tyranitar|p2b: Dragonite\n|-supereffective|p2a: Murkrow\n|-damage|p2a: Murkrow|35\/100\n|\n|-weather|Sandstorm|[upkeep]\n|-damage|p2a: Murkrow|29\/100|[from] Sandstorm\n|-damage|p2b: Dragonite|94\/100|[from] Sandstorm\n|-damage|p1a: Tyranitar|45\/100|[from] Sandstorm\n|upkeep\n|turn|3\n|\n|t:|1682110352\n|switch|p2a: Armarouge|Armarouge, L50, M|100\/100\n|move|p1b: Maushold|Follow Me|p1b: Maushold\n|-singleturn|p1b: Maushold|move: Follow Me\n|move|p2b: Dragonite|Brick Break|p1b: Maushold\n|-supereffective|p1b: Maushold\n|-crit|p1b: Maushold\n|-damage|p1b: Maushold|0 fnt\n|faint|p1b: Maushold\n|move|p1a: Tyranitar|Rock Slide|p2a: Armarouge|[spread] p2a,p2b\n|-supereffective|p2a: Armarouge\n|-supereffective|p2b: Dragonite\n|-damage|p2a: Armarouge|38\/100\n|-damage|p2b: Dragonite|40\/100\n|\n|-weather|Sandstorm|[upkeep]\n|-damage|p2b: Dragonite|33\/100|[from] Sandstorm\n|-damage|p2a: Armarouge|32\/100|[from] Sandstorm\n|-damage|p1a: Tyranitar|40\/100|[from] Sandstorm\n|upkeep\n|\n|t:|1682110367\n|switch|p1b: Gyarados|Gyarados, L50, F|100\/100\n|-ability|p1b: Gyarados|Intimidate|boost\n|-unboost|p2a: Armarouge|atk|1\n|-fail|p2b: Dragonite|unboost|Attack|[from] ability: Inner Focus|[of] p2b: Dragonite\n|turn|4\n|\n|t:|1682110384\n|move|p2b: Dragonite|Dragon Claw|p1a: Tyranitar\n|-damage|p1a: Tyranitar|1\/100\n|move|p2a: Armarouge|Expanding Force|p1b: Gyarados\n|-damage|p1b: Gyarados|60\/100\n|move|p1b: Gyarados|Dragon Dance|p1b: Gyarados\n|-boost|p1b: Gyarados|atk|1\n|-boost|p1b: Gyarados|spe|1\n|move|p1a: Tyranitar|Rock Slide|p2b: Dragonite|[spread] p2a,p2b\n|-supereffective|p2a: Armarouge\n|-supereffective|p2b: Dragonite\n|-damage|p2a: Armarouge|0 fnt\n|-damage|p2b: Dragonite|0 fnt\n|faint|p2a: Armarouge\n|faint|p2b: Dragonite\n|\n|-weather|Sandstorm|[upkeep]\n|-damage|p1b: Gyarados|54\/100|[from] Sandstorm\n|-damage|p1a: Tyranitar|0 fnt|[from] Sandstorm\n|faint|p1a: Tyranitar\n|-sideend|p2: elmonitor02|move: Tailwind\n|upkeep\n|\n|t:|1682110400\n|switch|p2b: Murkrow|Murkrow, L50, F|29\/100\n|switch|p2a: Gholdengo|Gholdengo, L50, tera:Steel|57\/100\n|switch|p1a: Gholdengo|Gholdengo, L50|100\/100\n|turn|5\n|\n|t:|1682110409\n|move|p2b: Murkrow|Tailwind|p2b: Murkrow\n|-sidestart|p2: elmonitor02|move: Tailwind\n|move|p2a: Gholdengo|Make It Rain|p1b: Gyarados|[spread] p1a,p1b\n|-resisted|p1a: Gholdengo\n|-resisted|p1b: Gyarados\n|-damage|p1a: Gholdengo|47\/100\n|-damage|p1b: Gyarados|6\/100\n|-unboost|p2a: Gholdengo|spa|1\n|-enditem|p1b: Gyarados|Sitrus Berry|[eat]\n|-heal|p1b: Gyarados|31\/100|[from] item: Sitrus Berry\n|move|p1b: Gyarados|Waterfall|p2a: Gholdengo\n|-damage|p2a: Gholdengo|0 fnt\n|faint|p2a: Gholdengo\n|move|p1a: Gholdengo|Shadow Ball|p2b: Murkrow\n|-resisted|p2b: Murkrow\n|-damage|p2b: Murkrow|0 fnt\n|faint|p2b: Murkrow\n|-damage|p1a: Gholdengo|37\/100|[from] item: Life Orb\n|\n|win|That_Leek\n|raw|That_Leek's rating: 1231 → 1253<\/strong> (+22 for winning)\n|raw|elmonitor02's rating: 1191 → 1169<\/strong> (-22 for losing)\n","uploadtime":1682110427,"views":10,"p1id":"thatleek","p2id":"elmonitor02","formatid":"gen9vgc2023regulationc","rating":1169,"private":0,"password":""}