{"id":"gen9vgc2023regulationc-1854795548","p1":"Harlem Haunters","p2":"fangeddragon96","format":"[Gen 9] VGC 2023 Regulation C","log":"|j|\u2606Harlem Haunters\n|j|\u2606fangeddragon96\n|t:|1682866985\n|gametype|doubles\n|player|p1|Harlem Haunters|hilbert|\n|player|p2|fangeddragon96|266|\n|teamsize|p1|6\n|teamsize|p2|6\n|gen|9\n|tier|[Gen 9] VGC 2023 Regulation C\n|rule|Species Clause: Limit one of each Pok\u00e9mon\n|rule|Item Clause: Limit one of each item\n|clearpoke\n|poke|p1|Arcanine, L50, M|\n|poke|p1|Roaring Moon, L50|\n|poke|p1|Pawmot, L50, M|\n|poke|p1|Toedscruel, L50, M|\n|poke|p1|Gardevoir, L50, F|\n|poke|p1|Vaporeon, L50, F|\n|poke|p2|Iron Hands, L50|\n|poke|p2|Espathra, L50, F|\n|poke|p2|Cyclizar, L50, M|\n|poke|p2|Orthworm, L50, F|\n|poke|p2|Stonjourner, L50, M|\n|poke|p2|Rotom-Heat, L50|\n|teampreview|4\n|j| Jay Jingles\n|c|\u2606Harlem Haunters|all good?\n|c|\u2606fangeddragon96|yessir, sorry choosing a little slow lol\n|c|\u2606Harlem Haunters|np\n|c| Jay Jingles|May the winner win\n|\n|t:|1682867510\n|start\n|switch|p1a: Pawmot|Pawmot, L50, M|100\/100\n|switch|p1b: Gardevoir|Gardevoir, L50, F|100\/100\n|switch|p2a: Thunder Thighs|Iron Hands, L50, shiny|100\/100\n|switch|p2b: Stonjourner|Stonjourner, L50, M, shiny|100\/100\n|turn|1\n|j| Kyogre Canucks\n|j| kevsmoreno\n|c| kevsmoreno|Ratio\n|c| Jay Jingles|Kevs...din' ask\n|\n|t:|1682867581\n|-end|p2a: Thunder Thighs|Quark Drive|[silent]\n|switch|p2a: Rotom|Rotom-Heat, L50, shiny|100\/100\n|move|p1a: Pawmot|Fake Out|p2b: Stonjourner\n|-resisted|p2b: Stonjourner\n|-damage|p2b: Stonjourner|95\/100\n|cant|p2b: Stonjourner|flinch\n|move|p1b: Gardevoir|Psychic|p2a: Rotom\n|-damage|p2a: Rotom|16\/100\n|-enditem|p2a: Rotom|Sitrus Berry|[eat]\n|-heal|p2a: Rotom|41\/100|[from] item: Sitrus Berry\n|-damage|p1b: Gardevoir|91\/100|[from] item: Life Orb\n|\n|upkeep\n|turn|2\n|c| kevsmoreno|Is that seth? \ud83e\udd14\n|c|\u2606fangeddragon96|yee\n|c|\u2606fangeddragon96|tis me lol\n|l| kevsmoreno\n|l| Kyogre Canucks\n|\n|t:|1682867643\n|move|p2b: Stonjourner|Earthquake|p1a: Pawmot|[spread] p1a,p1b\n|-immune|p2a: Rotom|[from] ability: Levitate\n|-supereffective|p1a: Pawmot\n|-damage|p1a: Pawmot|16\/100\n|-damage|p1b: Gardevoir|56\/100\n|move|p1a: Pawmot|Close Combat|p2b: Stonjourner\n|-supereffective|p2b: Stonjourner\n|-damage|p2b: Stonjourner|12\/100\n|-unboost|p1a: Pawmot|def|1\n|-unboost|p1a: Pawmot|spd|1\n|move|p2a: Rotom|Overheat|p1a: Pawmot|[miss]\n|-miss|p2a: Rotom|p1a: Pawmot\n|move|p1b: Gardevoir|Psychic|p2b: Stonjourner\n|-damage|p2b: Stonjourner|0 fnt\n|faint|p2b: Stonjourner\n|-damage|p1b: Gardevoir|46\/100|[from] item: Life Orb\n|\n|upkeep\n|\n|t:|1682867668\n|switch|p2b: Espathra|Espathra, L50, F, shiny|100\/100\n|turn|3\n|\n|t:|1682867699\n|move|p2b: Espathra|Protect|p2b: Espathra\n|-singleturn|p2b: Espathra|Protect\n|move|p2a: Rotom|Protect|p2a: Rotom\n|-singleturn|p2a: Rotom|Protect\n|move|p1a: Pawmot|Double Shock|p2b: Espathra\n|-activate|p2b: Espathra|move: Protect\n|move|p1b: Gardevoir|Shadow Ball|p2b: Espathra\n|-activate|p2b: Espathra|move: Protect\n|\n|-ability|p2b: Espathra|Speed Boost|boost\n|-boost|p2b: Espathra|spe|1\n|upkeep\n|turn|4\n|j| kevsmoreno\n|\n|t:|1682867763\n|move|p2b: Espathra|Dazzling Gleam|p1b: Gardevoir|[spread] p1a,p1b\n|-supereffective|p1a: Pawmot\n|-damage|p1a: Pawmot|0 fnt\n|-damage|p1b: Gardevoir|28\/100\n|faint|p1a: Pawmot\n|move|p2a: Rotom|Thunderbolt|p1b: Gardevoir\n|-damage|p1b: Gardevoir|0 fnt\n|faint|p1b: Gardevoir\n|\n|-ability|p2b: Espathra|Speed Boost|boost\n|-boost|p2b: Espathra|spe|1\n|upkeep\n|\n|t:|1682867775\n|switch|p1a: Arcanine|Arcanine, L50, M|100\/100\n|switch|p1b: Roaring Moon|Roaring Moon, L50|100\/100\n|-ability|p1a: Arcanine|Intimidate|boost\n|-unboost|p2a: Rotom|atk|1\n|-unboost|p2b: Espathra|atk|1\n|-enditem|p1b: Roaring Moon|Booster Energy\n|-activate|p1b: Roaring Moon|ability: Protosynthesis|[fromitem]\n|-start|p1b: Roaring Moon|protosynthesisatk\n|turn|5\n|\n|t:|1682867819\n|-terastallize|p1b: Roaring Moon|Ground\n|move|p2b: Espathra|Protect|p2b: Espathra\n|-singleturn|p2b: Espathra|Protect\n|move|p2a: Rotom|Protect|p2a: Rotom\n|-singleturn|p2a: Rotom|Protect\n|move|p1a: Arcanine|Extreme Speed|p2a: Rotom\n|-activate|p2a: Rotom|move: Protect\n|move|p1b: Roaring Moon|Throat Chop|p2b: Espathra\n|-activate|p2b: Espathra|move: Protect\n|\n|-ability|p2b: Espathra|Speed Boost|boost\n|-boost|p2b: Espathra|spe|1\n|upkeep\n|turn|6\n|\n|t:|1682867849\n|move|p1a: Arcanine|Extreme Speed|p2a: Rotom\n|-damage|p2a: Rotom|8\/100\n|move|p2b: Espathra|Lumina Crash|p1b: Roaring Moon\n|-damage|p1b: Roaring Moon|64\/100\n|-unboost|p1b: Roaring Moon|spd|2\n|move|p1b: Roaring Moon|Throat Chop|p2b: Espathra\n|-supereffective|p2b: Espathra\n|-enditem|p2b: Espathra|Focus Sash\n|-damage|p2b: Espathra|1\/100\n|-start|p2b: Espathra|Throat Chop|[silent]\n|move|p2a: Rotom|Overheat|p1b: Roaring Moon\n|-damage|p1b: Roaring Moon|0 fnt\n|-unboost|p2a: Rotom|spa|2\n|faint|p1b: Roaring Moon\n|-end|p1b: Roaring Moon|Protosynthesis|[silent]\n|\n|-ability|p2b: Espathra|Speed Boost|boost\n|-boost|p2b: Espathra|spe|1\n|upkeep\n|turn|7\n|\n|t:|1682867874\n|switch|p2a: Thunder Thighs|Iron Hands, L50, shiny|100\/100\n|move|p2b: Espathra|Protect|p2b: Espathra\n|-singleturn|p2b: Espathra|Protect\n|move|p1a: Arcanine|Extreme Speed|p2b: Espathra\n|-activate|p2b: Espathra|move: Protect\n|\n|-end|p2b: Espathra|Throat Chop|[silent]\n|-ability|p2b: Espathra|Speed Boost|boost\n|-boost|p2b: Espathra|spe|1\n|upkeep\n|turn|8\n|\n|t:|1682867893\n|move|p2b: Espathra|Protect|p2b: Espathra\n|-singleturn|p2b: Espathra|Protect\n|move|p1a: Arcanine|Extreme Speed|p2b: Espathra\n|-activate|p2b: Espathra|move: Protect\n|move|p2a: Thunder Thighs|Earthquake|p1a: Arcanine|[spread] p1a\n|-activate|p2b: Espathra|move: Protect\n|-supereffective|p1a: Arcanine\n|-damage|p1a: Arcanine|29\/100\n|-enditem|p1a: Arcanine|Sitrus Berry|[eat]\n|-heal|p1a: Arcanine|54\/100|[from] item: Sitrus Berry\n|\n|-ability|p2b: Espathra|Speed Boost|boost\n|-boost|p2b: Espathra|spe|1\n|upkeep\n|turn|9\n|\n|t:|1682867908\n|move|p1a: Arcanine|Extreme Speed|p2b: Espathra\n|-damage|p2b: Espathra|0 fnt\n|faint|p2b: Espathra\n|move|p2a: Thunder Thighs|Earthquake|p1a: Arcanine\n|-supereffective|p1a: Arcanine\n|-damage|p1a: Arcanine|0 fnt\n|faint|p1a: Arcanine\n|\n|win|fangeddragon96\n|c|\u2606Harlem Haunters|gg\n|c|\u2606fangeddragon96|ggs\n|l| kevsmoreno\n|l|\u2606Harlem Haunters\n|l|\u2606fangeddragon96\n","uploadtime":1682867917,"views":19,"p1id":"harlemhaunters","p2id":"fangeddragon96","formatid":"gen9vgc2023regulationc","rating":0,"private":0,"password":""}