{"id":"gen9vgc2023regulationc-1849209869","p1":"The Kilboomers","p2":"Serotonin Dealer","format":"[Gen 9] VGC 2023 Regulation C","log":"|j|\u2606The Kilboomers\n|j|\u2606Serotonin Dealer\n|t:|1682173096\n|gametype|doubles\n|player|p1|The Kilboomers|pokemaniac|1040\n|player|p2|Serotonin Dealer|2|1000\n|teamsize|p1|6\n|teamsize|p2|6\n|gen|9\n|tier|[Gen 9] VGC 2023 Regulation C\n|rated|\n|rule|Species Clause: Limit one of each Pok\u00e9mon\n|rule|Item Clause: Limit one of each item\n|clearpoke\n|poke|p1|Abomasnow, L50, M|\n|poke|p1|Dondozo, L50, M|\n|poke|p1|Tatsugiri, L50, F|\n|poke|p1|Flamigo, L50, M|\n|poke|p1|Indeedee-F, L50, F|\n|poke|p1|Armarouge, L50, F|\n|poke|p2|Farigiraf, L50, F|\n|poke|p2|Scizor, L50, F|\n|poke|p2|Iron Bundle, L50|\n|poke|p2|Chi-Yu, L50|\n|poke|p2|Flutter Mane, L50|\n|poke|p2|Iron Hands, L50|\n|teampreview|4\n|inactive|Battle timer is ON: inactive players will automatically lose when time's up. (requested by The Kilboomers)\n|inactive|Serotonin Dealer has 60 seconds left.\nThe Kilboomers has agreed to open team sheets.\n|inactive|Serotonin Dealer has 30 seconds left.\n|inactive|Serotonin Dealer has 20 seconds left.\n|inactive|Serotonin Dealer has 15 seconds left.\n|inactive|Serotonin Dealer has 10 seconds left.\n|\n|t:|1682173197\n|start\n|switch|p1a: Indeedee|Indeedee-F, L50, F|100\/100\n|switch|p1b: Armarouge|Armarouge, L50, F|100\/100\n|switch|p2a: Farigiraf|Farigiraf, L50, F|100\/100\n|switch|p2b: Scizor|Scizor, L50, F|100\/100\n|-fieldstart|move: Psychic Terrain|[from] ability: Psychic Surge|[of] p1a: Indeedee\n|turn|1\n|inactive|Serotonin Dealer has 30 seconds left.\n|inactive|Serotonin Dealer has 20 seconds left.\n|\n|t:|1682173234\n|move|p1a: Indeedee|Follow Me|p1a: Indeedee\n|-singleturn|p1a: Indeedee|move: Follow Me\n|move|p1b: Armarouge|Armor Cannon|p2b: Scizor\n|-supereffective|p2b: Scizor\n|-damage|p2b: Scizor|0 fnt\n|-unboost|p1b: Armarouge|def|1\n|-unboost|p1b: Armarouge|spd|1\n|faint|p2b: Scizor\n|move|p2a: Farigiraf|Psychic|p1a: Indeedee\n|-resisted|p1a: Indeedee\n|-damage|p1a: Indeedee|72\/100\n|\n|upkeep\n|\n|t:|1682173251\n|switch|p2b: Iron Bundle|Iron Bundle, L50|100\/100\n|-enditem|p2b: Iron Bundle|Booster Energy\n|-activate|p2b: Iron Bundle|ability: Quark Drive|[fromitem]\n|-start|p2b: Iron Bundle|quarkdrivespe\n|turn|2\n|inactive|Serotonin Dealer has 30 seconds left.\n|inactive|Serotonin Dealer has 20 seconds left.\n|inactive|Serotonin Dealer has 15 seconds left.\n|inactive|Serotonin Dealer has 10 seconds left.\n|inactive|Serotonin Dealer has 5 seconds left.\n|\n|t:|1682173302\n|move|p1a: Indeedee|Follow Me|p1a: Indeedee\n|-singleturn|p1a: Indeedee|move: Follow Me\n|move|p2b: Iron Bundle|Hydro Pump|p1a: Indeedee\n|-damage|p1a: Indeedee|12\/100\n|move|p1b: Armarouge|Expanding Force|p2b: Iron Bundle|[spread] p2a,p2b\n|-resisted|p2a: Farigiraf\n|-damage|p2a: Farigiraf|67\/100\n|-damage|p2b: Iron Bundle|0 fnt\n|faint|p2b: Iron Bundle\n|-end|p2b: Iron Bundle|Quark Drive|[silent]\n|move|p2a: Farigiraf|Psychic|p1a: Indeedee\n|-resisted|p1a: Indeedee\n|-damage|p1a: Indeedee|0 fnt\n|faint|p1a: Indeedee\n|\n|upkeep\n|\n|t:|1682173314\n|switch|p2b: Flutter Mane|Flutter Mane, L50|100\/100\n|switch|p1a: Tatsugiri|Tatsugiri, L50, F|100\/100\n|turn|3\n|inactive|Serotonin Dealer has 30 seconds left.\n|inactive|Serotonin Dealer has 20 seconds left.\n|inactive|The Kilboomers has 30 seconds left.\n|inactive|Serotonin Dealer has 15 seconds left.\n|\n|t:|1682173358\n|switch|p1b: Dondozo|Dondozo, L50, M|100\/100\n|-activate|p1a: Tatsugiri|ability: Commander|[of] p1b: Dondozo\n|-boost|p1b: Dondozo|atk|2\n|-boost|p1b: Dondozo|spa|2\n|-boost|p1b: Dondozo|spe|2\n|-boost|p1b: Dondozo|def|2\n|-boost|p1b: Dondozo|spd|2\n|move|p2b: Flutter Mane|Moonblast|p1b: Dondozo\n|-damage|p1b: Dondozo|74\/100\n|move|p2a: Farigiraf|Psychic|p1b: Dondozo\n|-damage|p1b: Dondozo|46\/100\n|-unboost|p1b: Dondozo|spd|1\n|\n|-heal|p1b: Dondozo|53\/100|[from] item: Leftovers\n|-status|p1a: Tatsugiri|tox|[from] item: Toxic Orb\n|upkeep\n|turn|4\n|inactive|The Kilboomers has 30 seconds left.\n|inactive|Serotonin Dealer has 30 seconds left.\n|inactive|Serotonin Dealer has 20 seconds left.\n|inactive|Serotonin Dealer has 15 seconds left.\n|\n|t:|1682173400\n|move|p2b: Flutter Mane|Protect|p2b: Flutter Mane\n|-singleturn|p2b: Flutter Mane|Protect\n|move|p1b: Dondozo|Order Up|p2a: Farigiraf\n|-damage|p2a: Farigiraf|23\/100\n|-boost|p1b: Dondozo|atk|1\n|move|p2a: Farigiraf|Psychic|p1b: Dondozo\n|-damage|p1b: Dondozo|18\/100\n|\n|-heal|p1b: Dondozo|24\/100|[from] item: Leftovers\n|-damage|p1a: Tatsugiri|95\/100 tox|[from] psn\n|upkeep\n|turn|5\n|inactive|Serotonin Dealer has 30 seconds left.\n|\n|t:|1682173428\n|move|p2b: Flutter Mane|Moonblast|p1b: Dondozo\n|-damage|p1b: Dondozo|0 fnt\n|faint|p1b: Dondozo\n|move|p2a: Farigiraf|Psychic|p1a: Tatsugiri\n|-damage|p1a: Tatsugiri|38\/100 tox\n|\n|-damage|p1a: Tatsugiri|27\/100 tox|[from] psn\n|upkeep\n|\n|t:|1682173430\n|switch|p1b: Armarouge|Armarouge, L50, F|100\/100\n|turn|6\n|\n|t:|1682173448\n|move|p1a: Tatsugiri|Helping Hand|p1b: Armarouge\n|-singleturn|p1b: Armarouge|Helping Hand|[of] p1a: Tatsugiri\n|move|p2b: Flutter Mane|Shadow Ball|p1b: Armarouge\n|-supereffective|p1b: Armarouge\n|-damage|p1b: Armarouge|35\/100\n|move|p1b: Armarouge|Expanding Force|p2a: Farigiraf|[spread] p2a,p2b\n|-resisted|p2a: Farigiraf\n|-damage|p2a: Farigiraf|0 fnt\n|-damage|p2b: Flutter Mane|4\/100\n|faint|p2a: Farigiraf\n|\n|-damage|p1a: Tatsugiri|10\/100 tox|[from] psn\n|upkeep\n|turn|7\n|\n|t:|1682173467\n|move|p2b: Flutter Mane|Protect|p2b: Flutter Mane\n|-singleturn|p2b: Flutter Mane|Protect\n|move|p1a: Tatsugiri|Surf|p2b: Flutter Mane|[spread] p1b\n|-activate|p2b: Flutter Mane|move: Protect\n|-supereffective|p1b: Armarouge\n|-damage|p1b: Armarouge|0 fnt\n|faint|p1b: Armarouge\n|\n|-damage|p1a: Tatsugiri|0 fnt|[from] psn\n|faint|p1a: Tatsugiri\n|\n|win|Serotonin Dealer\n|upkeep\n|raw|The Kilboomers's rating: 1040 → 1022<\/strong> (-18 for losing)\n|raw|Serotonin Dealer's rating: 1000 → 1045<\/strong> (+45 for winning)\n|c|\u2606Serotonin Dealer|gg\n|c|\u2606The Kilboomers|Gg\n|c|\u2606Serotonin Dealer|it was my 1st gen 9 game\n|c|\u2606The Kilboomers|Nice\n|c|\u2606Serotonin Dealer|it's crazy this gen\n|c|\u2606The Kilboomers|im new to doubles\n|c|\u2606The Kilboomers|it is\n|l|\u2606The Kilboomers\n|c|\u2606Serotonin Dealer|i played some doubles in gen 8\n","uploadtime":1682173534,"views":4,"p1id":"thekilboomers","p2id":"serotonindealer","formatid":"gen9vgc2023regulationc","rating":1022,"private":0,"password":""}