{"id":"gen9vgc2023regulationc-1861374161","p1":"taterstotz","p2":"XL Twin Mattress","format":"[Gen 9] VGC 2023 Regulation C","log":"|j|\u2606taterstotz\n|j|\u2606XL Twin Mattress\n|t:|1683750843\n|gametype|doubles\n|player|p1|taterstotz|266|1353\n|player|p2|XL Twin Mattress|lance-masters|1468\n|teamsize|p1|6\n|teamsize|p2|6\n|gen|9\n|tier|[Gen 9] VGC 2023 Regulation C\n|rated|\n|rule|Species Clause: Limit one of each Pok\u00e9mon\n|rule|Item Clause: Limit one of each item\n|clearpoke\n|poke|p1|Palafin, L50, F|\n|poke|p1|Pelipper, L50, M|\n|poke|p1|Amoonguss, L50, F|\n|poke|p1|Scream Tail, L50|\n|poke|p1|Gothitelle, L50, M|\n|poke|p1|Kingambit, L50, F|\n|poke|p2|Iron Bundle, L50|\n|poke|p2|Chi-Yu, L50|\n|poke|p2|Corviknight, L50, F|\n|poke|p2|Brute Bonnet, L50|\n|poke|p2|Flutter Mane, L50|\n|poke|p2|Dragonite, L50, M|\n|teampreview|4\ntaterstotz has agreed to open team sheets.\nXL Twin Mattress has agreed to open team sheets.\n|inactive|Battle timer is ON: inactive players will automatically lose when time's up. (requested by taterstotz)\n|inactive|XL Twin Mattress has 60 seconds left.\n|\n|t:|1683750904\n|start\n|switch|p1a: Palafin|Palafin, L50, F|100\/100\n|switch|p1b: Scream Tail|Scream Tail, L50|100\/100\n|switch|p2a: Paint Chips|Flutter Mane, L50|100\/100\n|switch|p2b: fish|Chi-Yu, L50|100\/100\n|-ability|p2b: fish|Beads of Ruin\n|-enditem|p1b: Scream Tail|Booster Energy\n|-activate|p1b: Scream Tail|ability: Protosynthesis|[fromitem]\n|-start|p1b: Scream Tail|protosynthesisspe\n|turn|1\n|\n|t:|1683750924\n|-terastallize|p2b: fish|Water\n|-terastallize|p1a: Palafin|Water\n|move|p1a: Palafin|Jet Punch|p2a: Paint Chips\n|-damage|p2a: Paint Chips|16\/100\n|move|p1b: Scream Tail|Play Rough|p2a: Paint Chips\n|-damage|p2a: Paint Chips|0 fnt\n|faint|p2a: Paint Chips\n|-end|p2a: Paint Chips|Protosynthesis|[silent]\n|move|p2b: fish|Nasty Plot|p2b: fish\n|-boost|p2b: fish|spa|2\n|\n|upkeep\n|\n|t:|1683750934\n|switch|p2a: Brute Bonnet|Brute Bonnet, L50|100\/100\n|turn|2\n|\n|t:|1683750942\n|detailschange|p1a: Palafin|Palafin-Hero, L50, F, tera:Water\n|switch|p1a: Gothitelle|Gothitelle, L50, M|100\/100\n|move|p2b: fish|Protect|p2b: fish\n|-singleturn|p2b: fish|Protect\n|move|p1b: Scream Tail|Encore|p2b: fish\n|-activate|p2b: fish|move: Protect\n|move|p2a: Brute Bonnet|Spore|p1b: Scream Tail\n|-status|p1b: Scream Tail|slp|[from] move: Spore\n|\n|upkeep\n|turn|3\n|inactive|XL Twin Mattress has 30 seconds left.\n|\n|t:|1683750970\n|move|p1a: Gothitelle|Fake Out|p2b: fish\n|-damage|p2b: fish|92\/100\n|cant|p1b: Scream Tail|slp\n|cant|p2b: fish|flinch\n|move|p2a: Brute Bonnet|Spore|p1a: Gothitelle\n|-status|p1a: Gothitelle|slp|[from] move: Spore\n|\n|upkeep\n|turn|4\n|\n|t:|1683750992\n|switch|p1a: Pelipper|Pelipper, L50, M|100\/100\n|-weather|RainDance|[from] ability: Drizzle|[of] p1a: Pelipper\n|-curestatus|p1b: Scream Tail|slp|[msg]\n|move|p1b: Scream Tail|Encore|p2b: fish\n|-start|p2b: fish|Encore\n|move|p2b: fish|Protect|p2b: fish\n|-singleturn|p2b: fish|Protect\n|move|p2a: Brute Bonnet|Bullet Seed|p1b: Scream Tail\n|-damage|p1b: Scream Tail|89\/100\n|-damage|p1b: Scream Tail|80\/100\n|-damage|p1b: Scream Tail|70\/100\n|-damage|p1b: Scream Tail|59\/100\n|-hitcount|p1b: Scream Tail|4\n|\n|-weather|RainDance|[upkeep]\n|upkeep\n|turn|5\n|inactive|taterstotz has 30 seconds left.\n|\n|t:|1683751023\n|switch|p2b: Dragonite|Dragonite, L50, M|100\/100\n|switch|p1a: Gothitelle|Gothitelle, L50, M|100\/100 slp\n|move|p1b: Scream Tail|Perish Song|p1b: Scream Tail\n|-start|p1a: Gothitelle|perish3|[silent]\n|-start|p1b: Scream Tail|perish3|[silent]\n|-start|p2a: Brute Bonnet|perish3|[silent]\n|-start|p2b: Dragonite|perish3|[silent]\n|-fieldactivate|move: Perish Song\n|move|p2a: Brute Bonnet|Spore|p1b: Scream Tail\n|-status|p1b: Scream Tail|slp|[from] move: Spore\n|\n|-weather|RainDance|[upkeep]\n|-start|p1b: Scream Tail|perish3\n|-start|p2b: Dragonite|perish3\n|-start|p2a: Brute Bonnet|perish3\n|-start|p1a: Gothitelle|perish3\n|upkeep\n|turn|6\n|inactive|XL Twin Mattress has 30 seconds left.\n|\n|t:|1683751053\n|-end|p1b: Scream Tail|Protosynthesis|[silent]\n|switch|p1b: Pelipper|Pelipper, L50, M|100\/100\n|cant|p1a: Gothitelle|slp\n|move|p2b: Dragonite|Extreme Speed|p1a: Gothitelle\n|-damage|p1a: Gothitelle|78\/100 slp\n|move|p2a: Brute Bonnet|Bullet Seed|p1a: Gothitelle\n|-damage|p1a: Gothitelle|66\/100 slp\n|-damage|p1a: Gothitelle|53\/100 slp\n|-damage|p1a: Gothitelle|42\/100 slp\n|-enditem|p1a: Gothitelle|Sitrus Berry|[eat]\n|-heal|p1a: Gothitelle|67\/100 slp|[from] item: Sitrus Berry\n|-damage|p1a: Gothitelle|54\/100 slp\n|-damage|p1a: Gothitelle|42\/100 slp\n|-hitcount|p1a: Gothitelle|5\n|\n|-weather|RainDance|[upkeep]\n|-start|p2b: Dragonite|perish2\n|-start|p2a: Brute Bonnet|perish2\n|-start|p1a: Gothitelle|perish2\n|upkeep\n|turn|7\n|inactive|XL Twin Mattress has 30 seconds left.\n|\n|t:|1683751082\n|cant|p1a: Gothitelle|slp\n|move|p2b: Dragonite|Extreme Speed|p1b: Pelipper\n|-damage|p1b: Pelipper|68\/100\n|move|p2a: Brute Bonnet|Bullet Seed|p1a: Gothitelle\n|-damage|p1a: Gothitelle|31\/100 slp\n|-damage|p1a: Gothitelle|20\/100 slp\n|-damage|p1a: Gothitelle|10\/100 slp\n|-damage|p1a: Gothitelle|0 fnt\n|faint|p1a: Gothitelle\n|-hitcount|p1: Gothitelle|4\n|move|p1b: Pelipper|Hurricane|p2a: Brute Bonnet\n|-supereffective|p2a: Brute Bonnet\n|-damage|p2a: Brute Bonnet|28\/100\n|-start|p2a: Brute Bonnet|confusion\n|\n|-weather|RainDance|[upkeep]\n|-start|p2b: Dragonite|perish1\n|-start|p2a: Brute Bonnet|perish1\n|upkeep\n|\n|t:|1683751100\n|switch|p1a: Palafin|Palafin-Hero, L50, F, tera:Water|100\/100\n|-activate|p1a: Palafin|ability: Zero to Hero\n|turn|8\n|inactive|XL Twin Mattress has 30 seconds left.\n|\n|t:|1683751129\n|switch|p2b: fish|Chi-Yu, L50, tera:Water|92\/100\n|-ability|p2b: fish|Beads of Ruin\n|move|p1a: Palafin|Protect|p1a: Palafin\n|-singleturn|p1a: Palafin|Protect\n|-activate|p2a: Brute Bonnet|confusion\n|move|p2a: Brute Bonnet|Bullet Seed|p1a: Palafin\n|-activate|p1a: Palafin|move: Protect\n|move|p1b: Pelipper|Hurricane|p2a: Brute Bonnet\n|-supereffective|p2a: Brute Bonnet\n|-damage|p2a: Brute Bonnet|0 fnt\n|faint|p2a: Brute Bonnet\n|-end|p2a: Brute Bonnet|Protosynthesis|[silent]\n|\n|-weather|none\n|upkeep\n|\n|t:|1683751136\n|switch|p2a: Dragonite|Dragonite, L50, M|100\/100\n|turn|9\n|\n|t:|1683751150\n|switch|p1b: Scream Tail|Scream Tail, L50|59\/100 slp\n|move|p2a: Dragonite|Extreme Speed|p1a: Palafin\n|-damage|p1a: Palafin|70\/100\n|move|p1a: Palafin|Jet Punch|p2a: Dragonite\n|-resisted|p2a: Dragonite\n|-damage|p2a: Dragonite|85\/100\n|move|p2b: fish|Dark Pulse|p1a: Palafin\n|-damage|p1a: Palafin|16\/100\n|\n|upkeep\n|turn|10\n|\n|t:|1683751168\n|switch|p1a: Pelipper|Pelipper, L50, M|68\/100\n|-weather|RainDance|[from] ability: Drizzle|[of] p1a: Pelipper\n|move|p2a: Dragonite|Extreme Speed|p1a: Pelipper\n|-damage|p1a: Pelipper|36\/100\n|move|p2b: fish|Dark Pulse|p1b: Scream Tail\n|-damage|p1b: Scream Tail|21\/100 slp\n|cant|p1b: Scream Tail|slp\n|\n|-weather|RainDance|[upkeep]\n|upkeep\n|turn|11\n|\n|t:|1683751180\n|move|p2a: Dragonite|Extreme Speed|p1b: Scream Tail\n|-damage|p1b: Scream Tail|0 fnt\n|faint|p1b: Scream Tail\n|-end|p1b: Scream Tail|Protosynthesis|[silent]\n|move|p2b: fish|Dark Pulse|p1a: Pelipper\n|-damage|p1a: Pelipper|0 fnt\n|faint|p1a: Pelipper\n|\n|-weather|RainDance|[upkeep]\n|upkeep\n|-message|taterstotz forfeited.\n|\n|win|XL Twin Mattress\n|raw|taterstotz's rating: 1353 → 1339<\/strong> (-14 for losing)\n|raw|XL Twin Mattress's rating: 1468 → 1482<\/strong> (+14 for winning)\n|l|\u2606taterstotz\n","uploadtime":1683751188,"views":10,"p1id":"taterstotz","p2id":"xltwinmattress","formatid":"gen9vgc2023regulationc","rating":1339,"private":0,"password":""}