{"id":"gen9vgc2023regulationc-1863017698","p1":"Rillaroartest","p2":"P1atypus","format":"[Gen 9] VGC 2023 Regulation C","log":"|j|\u2606Rillaroartest\n|j|\u2606P1atypus\n|t:|1683953097\n|gametype|doubles\n|player|p1|Rillaroartest|101|\n|player|p2|P1atypus|1|\n|teamsize|p1|6\n|teamsize|p2|6\n|gen|9\n|tier|[Gen 9] VGC 2023 Regulation C\n|rated|Tournament battle\n|rule|Species Clause: Limit one of each Pok\u00e9mon\n|rule|Item Clause: Limit one of each item\n|clearpoke\n|poke|p1|Chansey, L50, F|\n|poke|p1|Flutter Mane, L50|\n|poke|p1|Wo-Chien, L50|\n|poke|p1|Chi-Yu, L50|\n|poke|p1|Iron Bundle, L50|\n|poke|p1|Corviknight, L50, M|\n|poke|p2|Kingambit, L50, F|\n|poke|p2|Arcanine, L50, F|\n|poke|p2|Amoonguss, L50, M|\n|poke|p2|Baxcalibur, L50, M|\n|poke|p2|Tyranitar, L50, F|\n|poke|p2|Azumarill, L50, M|\n|teampreview|4\n|inactive|Battle timer is ON: inactive players will automatically lose when time's up. (requested by P1atypus)\n|j| StupidFlandrs48\nP1atypus has agreed to open team sheets.\n|inactive|P1atypus has 60 seconds left.\n|\n|t:|1683953129\n|start\n|switch|p1a: Chansey|Chansey, L50, F|100\/100\n|switch|p1b: Wo-Chien|Wo-Chien, L50|100\/100\n|switch|p2a: Arcanine|Arcanine, L50, F|100\/100\n|switch|p2b: Tyranitar|Tyranitar, L50, F|100\/100\n|-ability|p2a: Arcanine|Intimidate|boost\n|-unboost|p1a: Chansey|atk|1\n|-unboost|p1b: Wo-Chien|atk|1\n|-ability|p1b: Wo-Chien|Tablets of Ruin\n|-weather|Sandstorm|[from] ability: Sand Stream|[of] p2b: Tyranitar\n|turn|1\n|\n|t:|1683953153\n|-terastallize|p1b: Wo-Chien|Poison\n|move|p2a: Arcanine|Howl|p2a: Arcanine|[spread] p2a,p2b\n|-boost|p2a: Arcanine|atk|1\n|-boost|p2b: Tyranitar|atk|1\n|move|p1b: Wo-Chien|Leech Seed|p2b: Tyranitar\n|-start|p2b: Tyranitar|move: Leech Seed\n|move|p2b: Tyranitar|Low Kick|p1a: Chansey\n|-supereffective|p1a: Chansey\n|-damage|p1a: Chansey|66\/100\n|move|p1a: Chansey|Thunder Wave|p2a: Arcanine\n|-status|p2a: Arcanine|par\n|\n|-weather|Sandstorm|[upkeep]\n|-damage|p1b: Wo-Chien|94\/100|[from] Sandstorm\n|-damage|p1a: Chansey|60\/100|[from] Sandstorm\n|-heal|p1b: Wo-Chien|100\/100|[from] item: Leftovers\n|-damage|p2b: Tyranitar|88\/100|[from] Leech Seed|[of] p1b: Wo-Chien\n|upkeep\n|turn|2\n|j| Gopii\n|inactive|P1atypus has 30 seconds left.\n|\n|t:|1683953187\n|move|p1b: Wo-Chien|Leech Seed|p2b: Tyranitar|[miss]\n|-miss|p1b: Wo-Chien|p2b: Tyranitar\n|move|p2b: Tyranitar|Rock Slide|p1b: Wo-Chien|[spread] p1a,p1b\n|-damage|p1a: Chansey|36\/100\n|-damage|p1b: Wo-Chien|75\/100\n|move|p1a: Chansey|Stealth Rock|p2a: Arcanine\n|-sidestart|p2: P1atypus|move: Stealth Rock\n|move|p2a: Arcanine|Howl|p2a: Arcanine|[spread] p2a,p2b\n|-boost|p2a: Arcanine|atk|1\n|-boost|p2b: Tyranitar|atk|1\n|\n|-weather|Sandstorm|[upkeep]\n|-damage|p1b: Wo-Chien|69\/100|[from] Sandstorm\n|-damage|p1a: Chansey|30\/100|[from] Sandstorm\n|-heal|p1b: Wo-Chien|75\/100|[from] item: Leftovers\n|-damage|p2b: Tyranitar|76\/100|[from] Leech Seed|[of] p1b: Wo-Chien\n|-heal|p1b: Wo-Chien|89\/100|[silent]\n|upkeep\n|turn|3\n|inactive|Rillaroartest has 30 seconds left.\n|inactive|P1atypus has 30 seconds left.\n|inactive|P1atypus has 20 seconds left.\n|inactive|P1atypus has 15 seconds left.\n|\n|t:|1683953231\n|switch|p1a: Corviknight|Corviknight, L50, M, shiny|100\/100\n|move|p1b: Wo-Chien|Leech Seed|p2a: Arcanine|[miss]\n|-miss|p1b: Wo-Chien|p2a: Arcanine\n|move|p2b: Tyranitar|Low Kick|p1a: Corviknight\n|-damage|p1a: Corviknight|67\/100\n|-damage|p2b: Tyranitar|60\/100|[from] item: Rocky Helmet|[of] p1a: Corviknight\n|move|p2a: Arcanine|Howl|p2a: Arcanine|[spread] p2a,p2b\n|-boost|p2a: Arcanine|atk|1\n|-boost|p2b: Tyranitar|atk|1\n|\n|-weather|Sandstorm|[upkeep]\n|-damage|p1b: Wo-Chien|82\/100|[from] Sandstorm\n|-heal|p1b: Wo-Chien|89\/100|[from] item: Leftovers\n|-damage|p2b: Tyranitar|48\/100|[from] Leech Seed|[of] p1b: Wo-Chien\n|-heal|p1b: Wo-Chien|100\/100|[silent]\n|upkeep\n|turn|4\n|\n|t:|1683953248\n|move|p1b: Wo-Chien|Leech Seed|p2a: Arcanine\n|-start|p2a: Arcanine|move: Leech Seed\n|move|p1a: Corviknight|Roost|p1a: Corviknight\n|-heal|p1a: Corviknight|100\/100\n|-singleturn|p1a: Corviknight|move: Roost\n|move|p2b: Tyranitar|Rock Slide|p1a: Corviknight|[spread] p1a,p1b\n|-resisted|p1a: Corviknight\n|-damage|p1a: Corviknight|77\/100\n|-damage|p1b: Wo-Chien|56\/100\n|cant|p2a: Arcanine|par\n|\n|-weather|Sandstorm|[upkeep]\n|-damage|p1b: Wo-Chien|50\/100|[from] Sandstorm\n|-heal|p1b: Wo-Chien|56\/100|[from] item: Leftovers\n|-damage|p2b: Tyranitar|36\/100|[from] Leech Seed|[of] p1b: Wo-Chien\n|-heal|p1b: Wo-Chien|69\/100|[silent]\n|-damage|p2a: Arcanine|88\/100 par|[from] Leech Seed|[of] p1b: Wo-Chien\n|-heal|p1b: Wo-Chien|82\/100|[silent]\n|upkeep\n|turn|5\n|\n|t:|1683953272\n|move|p1b: Wo-Chien|Foul Play|p2a: Arcanine\n|-damage|p2a: Arcanine|0 fnt\n|faint|p2a: Arcanine\n|move|p1a: Corviknight|Iron Head|p2b: Tyranitar\n|-supereffective|p2b: Tyranitar\n|-damage|p2b: Tyranitar|1\/100\n|move|p2b: Tyranitar|Crunch|p1b: Wo-Chien\n|-damage|p1b: Wo-Chien|24\/100\n|\n|-weather|none\n|-heal|p1b: Wo-Chien|30\/100|[from] item: Leftovers\n|-damage|p2b: Tyranitar|0 fnt|[from] Leech Seed|[of] p1b: Wo-Chien\n|-heal|p1b: Wo-Chien|31\/100|[silent]\n|faint|p2b: Tyranitar\n|upkeep\n|\n|t:|1683953284\n|switch|p2a: Amoonguss|Amoonguss, L50, M|100\/100\n|switch|p2b: Baxcalibur|Baxcalibur, L50, M|100\/100\n|-damage|p2b: Baxcalibur|76\/100|[from] Stealth Rock\n|-damage|p2a: Amoonguss|88\/100|[from] Stealth Rock\n|turn|6\n|\n|t:|1683953297\n|-terastallize|p2b: Baxcalibur|Poison\n|move|p1b: Wo-Chien|Protect|p1b: Wo-Chien\n|-singleturn|p1b: Wo-Chien|Protect\n|move|p2b: Baxcalibur|Icicle Spear|p1b: Wo-Chien\n|-activate|p1b: Wo-Chien|move: Protect\n|move|p1a: Corviknight|Iron Head|p2b: Baxcalibur\n|-damage|p2b: Baxcalibur|58\/100\n|move|p2a: Amoonguss|Spore|p1a: Corviknight\n|-status|p1a: Corviknight|slp|[from] move: Spore\n|\n|-heal|p1b: Wo-Chien|37\/100|[from] item: Leftovers\n|upkeep\n|turn|7\n|inactive|Rillaroartest has 30 seconds left.\n|\n|t:|1683953323\n|move|p2b: Baxcalibur|Icicle Spear|p1b: Wo-Chien\n|-damage|p1b: Wo-Chien|28\/100\n|-damage|p1b: Wo-Chien|18\/100\n|-damage|p1b: Wo-Chien|10\/100\n|-damage|p1b: Wo-Chien|2\/100\n|-damage|p1b: Wo-Chien|0 fnt\n|faint|p1b: Wo-Chien\n|-hitcount|p1: Wo-Chien|5\n|cant|p1a: Corviknight|slp\n|move|p2a: Amoonguss|Pollen Puff|p2b: Baxcalibur\n|-heal|p2b: Baxcalibur|100\/100\n|\n|upkeep\n|\n|t:|1683953330\n|switch|p1b: Chi-Yu|Chi-Yu, L50|100\/100\n|-ability|p1b: Chi-Yu|Beads of Ruin\n|turn|8\n|\n|t:|1683953344\n|move|p2a: Amoonguss|Protect|p2a: Amoonguss\n|-singleturn|p2a: Amoonguss|Protect\n|move|p1b: Chi-Yu|Overheat|p2a: Amoonguss\n|-activate|p2a: Amoonguss|move: Protect\n|move|p2b: Baxcalibur|Glaive Rush|p1b: Chi-Yu\n|-damage|p1b: Chi-Yu|24\/100\n|-singlemove|p2b: Baxcalibur|Glaive Rush|[silent]\n|-curestatus|p1a: Corviknight|slp|[msg]\n|move|p1a: Corviknight|Bulk Up|p1a: Corviknight\n|-boost|p1a: Corviknight|atk|1\n|-boost|p1a: Corviknight|def|1\n|\n|upkeep\n|turn|9\n|inactive|P1atypus has 30 seconds left.\n|\n|t:|1683953374\n|move|p2a: Amoonguss|Protect||[still]\n|-fail|p2a: Amoonguss\n|move|p1b: Chi-Yu|Overheat|p2a: Amoonguss\n|-supereffective|p2a: Amoonguss\n|-damage|p2a: Amoonguss|0 fnt\n|-unboost|p1b: Chi-Yu|spa|2\n|faint|p2a: Amoonguss\n|move|p2b: Baxcalibur|Icicle Spear|p1b: Chi-Yu\n|-resisted|p1b: Chi-Yu\n|-damage|p1b: Chi-Yu|17\/100\n|-resisted|p1b: Chi-Yu\n|-damage|p1b: Chi-Yu|9\/100\n|-resisted|p1b: Chi-Yu\n|-damage|p1b: Chi-Yu|2\/100\n|-resisted|p1b: Chi-Yu\n|-damage|p1b: Chi-Yu|0 fnt\n|faint|p1b: Chi-Yu\n|-hitcount|p1: Chi-Yu|4\n|move|p1a: Corviknight|Bulk Up|p1a: Corviknight\n|-boost|p1a: Corviknight|atk|1\n|-boost|p1a: Corviknight|def|1\n|\n|upkeep\n|\n|t:|1683953383\n|switch|p1b: Chansey|Chansey, L50, F|30\/100\n|turn|10\n|\n|t:|1683953397\n|move|p2b: Baxcalibur|Icicle Spear|p1b: Chansey\n|-damage|p1b: Chansey|19\/100\n|-damage|p1b: Chansey|10\/100\n|-crit|p1b: Chansey\n|-damage|p1b: Chansey|0 fnt\n|faint|p1b: Chansey\n|-hitcount|p1: Chansey|3\n|move|p1a: Corviknight|Iron Head|p2b: Baxcalibur\n|-damage|p2b: Baxcalibur|53\/100\n|\n|upkeep\n|turn|11\n|\n|t:|1683953407\n|move|p2b: Baxcalibur|Icicle Spear|p1a: Corviknight\n|-damage|p1a: Corviknight|70\/100\n|-damage|p1a: Corviknight|64\/100\n|-damage|p1a: Corviknight|57\/100\n|-damage|p1a: Corviknight|51\/100\n|-damage|p1a: Corviknight|45\/100\n|-hitcount|p1a: Corviknight|5\n|move|p1a: Corviknight|Iron Head|p2b: Baxcalibur\n|-damage|p2b: Baxcalibur|5\/100\n|\n|upkeep\n|turn|12\n|\n|t:|1683953429\n|move|p2b: Baxcalibur|Icicle Spear|p1a: Corviknight\n|-damage|p1a: Corviknight|39\/100\n|-damage|p1a: Corviknight|33\/100\n|-damage|p1a: Corviknight|26\/100\n|-damage|p1a: Corviknight|20\/100\n|-hitcount|p1a: Corviknight|4\n|move|p1a: Corviknight|Iron Head|p2b: Baxcalibur\n|-damage|p2b: Baxcalibur|0 fnt\n|faint|p2b: Baxcalibur\n|\n|win|Rillaroartest\n|n|\u2606Rillaroartest|rillaroartest\n|n|\u2606P1atypus|p1atypus\n|n| StupidFlandrs48|stupidflandrs48\n|n| Gopii|gopii\n","uploadtime":1683953430,"views":10,"p1id":"rillaroartest","p2id":"p1atypus","formatid":"gen9vgc2023regulationc","rating":0,"private":0,"password":""}