{"id":"gen9vgc2023regulationc-1845135340","p1":"PoGoboy","p2":"BMKing1212","format":"[Gen 9] VGC 2023 Regulation C","log":"|j|\u2606PoGoboy\n|j|\u2606BMKing1212\n|t:|1681687733\n|gametype|doubles\n|player|p1|PoGoboy|rika|1238\n|player|p2|BMKing1212|265|1235\n|teamsize|p1|6\n|teamsize|p2|6\n|gen|9\n|tier|[Gen 9] VGC 2023 Regulation C\n|rated|\n|rule|Species Clause: Limit one of each Pok\u00e9mon\n|rule|Item Clause: Limit one of each item\n|clearpoke\n|poke|p1|Iron Valiant, L50|\n|poke|p1|Talonflame, L50, F|\n|poke|p1|Garchomp, L50, M|\n|poke|p1|Rotom-Wash, L50|\n|poke|p1|Abomasnow, L50, M|\n|poke|p1|Iron Bundle, L50|\n|poke|p2|Ting-Lu, L50|\n|poke|p2|Flutter Mane, L50|\n|poke|p2|Amoonguss, L50, M|\n|poke|p2|Baxcalibur, L50, M|\n|poke|p2|Palafin, L50, F|\n|poke|p2|Tauros-Paldea-Blaze, L50, M|\n|teampreview|4\n|inactive|Battle timer is ON: inactive players will automatically lose when time's up. (requested by PoGoboy)\n|inactive|BMKing1212 has 60 seconds left.\n|\n|t:|1681687788\n|start\n|switch|p1a: Abomasnow|Abomasnow, L50, M, shiny|100\/100\n|switch|p1b: Rotom|Rotom-Wash, L50, shiny|100\/100\n|switch|p2a: Palafin|Palafin, L50, F|100\/100\n|switch|p2b: Tauros|Tauros-Paldea-Blaze, L50, M|100\/100\n|-ability|p2b: Tauros|Intimidate|boost\n|-unboost|p1a: Abomasnow|atk|1\n|-unboost|p1b: Rotom|atk|1\n|-weather|Snow|[from] ability: Snow Warning|[of] p1a: Abomasnow\n|turn|1\n|\n|t:|1681687812\n|detailschange|p2a: Palafin|Palafin-Hero, L50, F\n|switch|p2a: Baxcalibur|Baxcalibur, L50, M|100\/100\n|-terastallize|p1a: Abomasnow|Water\n|move|p2b: Tauros|Protect|p2b: Tauros\n|-singleturn|p2b: Tauros|Protect\n|move|p1b: Rotom|Hydro Pump|p2b: Tauros\n|-activate|p2b: Tauros|move: Protect\n|move|p1a: Abomasnow|Giga Drain|p2a: Baxcalibur\n|-resisted|p2a: Baxcalibur\n|-damage|p2a: Baxcalibur|83\/100\n|-damage|p1a: Abomasnow|91\/100|[from] item: Life Orb\n|\n|-weather|Snow|[upkeep]\n|upkeep\n|turn|2\n|inactive|BMKing1212 has 30 seconds left.\n|\n|t:|1681687840\n|move|p1b: Rotom|Hydro Pump|p2b: Tauros\n|-supereffective|p2b: Tauros\n|-damage|p2b: Tauros|0 fnt\n|faint|p2b: Tauros\n|move|p2a: Baxcalibur|Dragon Dance|p2a: Baxcalibur\n|-boost|p2a: Baxcalibur|atk|1\n|-boost|p2a: Baxcalibur|spe|1\n|move|p1a: Abomasnow|Earth Power|p2a: Baxcalibur\n|-damage|p2a: Baxcalibur|53\/100\n|-damage|p1a: Abomasnow|81\/100|[from] item: Life Orb\n|\n|-weather|Snow|[upkeep]\n|upkeep\n|\n|t:|1681687851\n|switch|p2b: Flutter Mane|Flutter Mane, L50|100\/100\n|turn|3\n|\n|t:|1681687860\n|-terastallize|p2b: Flutter Mane|Fairy\n|move|p1b: Rotom|Hydro Pump|p2b: Flutter Mane\n|-damage|p2b: Flutter Mane|47\/100\n|move|p2b: Flutter Mane|Dazzling Gleam|p1b: Rotom|[spread] p1a,p1b\n|-damage|p1a: Abomasnow|14\/100\n|-damage|p1b: Rotom|16\/100\n|move|p2a: Baxcalibur|Glaive Rush|p1a: Abomasnow\n|-damage|p1a: Abomasnow|0 fnt\n|-singlemove|p2a: Baxcalibur|Glaive Rush|[silent]\n|faint|p1a: Abomasnow\n|\n|-weather|Snow|[upkeep]\n|upkeep\n|\n|t:|1681687870\n|switch|p1a: Garchomp|Garchomp, L50, M|100\/100\n|turn|4\n|inactive|BMKing1212 has 30 seconds left.\n|\n|t:|1681687898\n|-end|p2b: Flutter Mane|Protosynthesis|[silent]\n|switch|p2b: Palafin|Palafin-Hero, L50, F|100\/100\n|-activate|p2b: Palafin|ability: Zero to Hero\n|move|p2a: Baxcalibur|Protect|p2a: Baxcalibur\n|-singleturn|p2a: Baxcalibur|Protect\n|move|p1a: Garchomp|Protect|p1a: Garchomp\n|-singleturn|p1a: Garchomp|Protect\n|move|p1b: Rotom|Hydro Pump|p2b: Palafin|[miss]\n|-miss|p1b: Rotom|p2b: Palafin\n|\n|-weather|Snow|[upkeep]\n|upkeep\n|turn|5\n|\n|t:|1681687922\n|move|p2a: Baxcalibur|Ice Shard|p1a: Garchomp\n|-supereffective|p1a: Garchomp\n|-damage|p1a: Garchomp|0 fnt\n|faint|p1a: Garchomp\n|move|p2b: Palafin|Jet Punch|p1b: Rotom\n|-resisted|p1b: Rotom\n|-damage|p1b: Rotom|0 fnt\n|faint|p1b: Rotom\n|\n|-weather|none\n|upkeep\n|-message|PoGoboy forfeited.\n|\n|win|BMKing1212\n|raw|PoGoboy's rating: 1238 → 1213<\/strong> (-25 for losing)\n|raw|BMKing1212's rating: 1235 → 1260<\/strong> (+25 for winning)\n|l|\u2606PoGoboy\n","uploadtime":1681688521,"views":12,"p1id":"pogoboy","p2id":"bmking1212","formatid":"gen9vgc2023regulationc","rating":1213,"private":0,"password":""}