{"id":"gen9vgc2023regulationc-1857464855","p1":"0l0f3rn3","p2":"tadano-reol","format":"[Gen 9] VGC 2023 Regulation C","log":"|j|\u26060l0f3rn3\n|j|\u2606tadano-reol\n|t:|1683197343\n|gametype|doubles\n|player|p1|0l0f3rn3|101|1206\n|player|p2|tadano-reol|red|1168\n|teamsize|p1|6\n|teamsize|p2|6\n|gen|9\n|tier|[Gen 9] VGC 2023 Regulation C\n|rated|\n|rule|Species Clause: Limit one of each Pok\u00e9mon\n|rule|Item Clause: Limit one of each item\n|clearpoke\n|poke|p1|Torkoal, L50, M|\n|poke|p1|Flutter Mane, L50|\n|poke|p1|Jumpluff, L50, M|\n|poke|p1|Roaring Moon, L50|\n|poke|p1|Brute Bonnet, L50|\n|poke|p1|Farigiraf, L50, M|\n|poke|p2|Armarouge, L50, F|\n|poke|p2|Indeedee-F, L50, F|\n|poke|p2|Roaring Moon, L50|\n|poke|p2|Corviknight, L50, M|\n|poke|p2|Garchomp, L50, M|\n|poke|p2|Flutter Mane, L50|\n|teampreview|4\n|inactive|Battle timer is ON: inactive players will automatically lose when time's up. (requested by tadano-reol)\n|j| hisanory\n|\n|t:|1683197365\n|start\n|switch|p1a: Jumpluff|Jumpluff, L50, M|100\/100\n|switch|p1b: Roaring Moon|Roaring Moon, L50|100\/100\n|switch|p2a: Flutter Mane|Flutter Mane, L50|100\/100\n|switch|p2b: Roaring Moon|Roaring Moon, L50, shiny|100\/100\n|-enditem|p2b: Roaring Moon|Booster Energy\n|-activate|p2b: Roaring Moon|ability: Protosynthesis|[fromitem]\n|-start|p2b: Roaring Moon|protosynthesisspe\n|turn|1\n|\n|t:|1683197387\n|move|p1b: Roaring Moon|Protect|p1b: Roaring Moon\n|-singleturn|p1b: Roaring Moon|Protect\n|move|p2b: Roaring Moon|Tailwind|p2b: Roaring Moon\n|-sidestart|p2: tadano-reol|move: Tailwind\n|move|p2a: Flutter Mane|Moonblast|p1b: Roaring Moon\n|-activate|p1b: Roaring Moon|move: Protect\n|move|p1a: Jumpluff|Tailwind|p1a: Jumpluff\n|-sidestart|p1: 0l0f3rn3|move: Tailwind\n|\n|upkeep\n|turn|2\n|inactive|0l0f3rn3 has 30 seconds left.\n|\n|t:|1683197417\n|-terastallize|p1b: Roaring Moon|Ground\n|move|p2b: Roaring Moon|Acrobatics|p1a: Jumpluff\n|-supereffective|p1a: Jumpluff\n|-damage|p1a: Jumpluff|6\/100\n|move|p2a: Flutter Mane|Moonblast|p1b: Roaring Moon\n|-damage|p1b: Roaring Moon|38\/100\n|move|p1a: Jumpluff|Absorb|p1b: Roaring Moon\n|-supereffective|p1b: Roaring Moon\n|-damage|p1b: Roaring Moon|31\/100\n|-heal|p1a: Jumpluff|9\/100|[from] drain|[of] p1b: Roaring Moon\n|-enditem|p1b: Roaring Moon|Weakness Policy\n|-boost|p1b: Roaring Moon|atk|2|[from] item: Weakness Policy\n|-boost|p1b: Roaring Moon|spa|2|[from] item: Weakness Policy\n|move|p1b: Roaring Moon|Earthquake|p2b: Roaring Moon|[spread] p2a,p2b\n|-immune|p1a: Jumpluff\n|-damage|p2a: Flutter Mane|0 fnt\n|-damage|p2b: Roaring Moon|0 fnt\n|faint|p2a: Flutter Mane\n|-end|p2a: Flutter Mane|Protosynthesis|[silent]\n|faint|p2b: Roaring Moon\n|-end|p2b: Roaring Moon|Protosynthesis|[silent]\n|\n|upkeep\n|\n|t:|1683197434\n|switch|p2a: Corviknight|Corviknight, L50, M|100\/100\n|switch|p2b: Garchomp|Garchomp, L50, M|100\/100\n|turn|3\n|inactive|0l0f3rn3 has 30 seconds left.\n|inactive|0l0f3rn3 has 20 seconds left.\n|inactive|0l0f3rn3 has 15 seconds left.\n|inactive|0l0f3rn3 has 10 seconds left.\n|\n|t:|1683197479\n|-terastallize|p2b: Garchomp|Ground\n|move|p1a: Jumpluff|Protect|p1a: Jumpluff\n|-singleturn|p1a: Jumpluff|Protect\n|move|p1b: Roaring Moon|Protect|p1b: Roaring Moon\n|-singleturn|p1b: Roaring Moon|Protect\n|move|p2b: Garchomp|Earthquake|p1b: Roaring Moon|[spread] \n|-activate|p1a: Jumpluff|move: Protect\n|-activate|p1b: Roaring Moon|move: Protect\n|-immune|p2a: Corviknight\n|move|p2a: Corviknight|Brave Bird|p1b: Roaring Moon\n|-activate|p1b: Roaring Moon|move: Protect\n|\n|upkeep\n|turn|4\n|inactive|0l0f3rn3 has 30 seconds left.\n|inactive|0l0f3rn3 has 20 seconds left.\n|inactive|0l0f3rn3 has 15 seconds left.\n|inactive|0l0f3rn3 has 10 seconds left.\n|\n|t:|1683197526\n|move|p1a: Jumpluff|Rage Powder|p1a: Jumpluff\n|-singleturn|p1a: Jumpluff|move: Rage Powder\n|move|p2b: Garchomp|Earthquake|p1a: Jumpluff|[spread] p1b\n|-immune|p2a: Corviknight\n|-immune|p1a: Jumpluff\n|-damage|p1b: Roaring Moon|0 fnt\n|faint|p1b: Roaring Moon\n|-end|p1b: Roaring Moon|Protosynthesis|[silent]\n|move|p2a: Corviknight|Brave Bird|p1a: Jumpluff\n|-supereffective|p1a: Jumpluff\n|-damage|p1a: Jumpluff|0 fnt\n|faint|p1a: Jumpluff\n|-damage|p2a: Corviknight|98\/100|[from] Recoil\n|\n|-sideend|p1: 0l0f3rn3|move: Tailwind\n|-sideend|p2: tadano-reol|move: Tailwind\n|upkeep\n|\n|t:|1683197542\n|switch|p1a: Torkoal|Torkoal, L50, M|100\/100\n|switch|p1b: Flutter Mane|Flutter Mane, L50|100\/100\n|-weather|SunnyDay|[from] ability: Drought|[of] p1a: Torkoal\n|-activate|p1b: Flutter Mane|ability: Protosynthesis\n|-start|p1b: Flutter Mane|protosynthesisspa\n|turn|5\n|\n|t:|1683197564\n|move|p2b: Garchomp|Earthquake|p1a: Torkoal|[spread] p1a,p1b\n|-immune|p2a: Corviknight\n|-supereffective|p1a: Torkoal\n|-damage|p1a: Torkoal|18\/100\n|-damage|p1b: Flutter Mane|20\/100\n|move|p1b: Flutter Mane|Moonblast|p2b: Garchomp\n|-damage|p2b: Garchomp|0 fnt\n|faint|p2b: Garchomp\n|move|p2a: Corviknight|Tailwind|p2a: Corviknight\n|-sidestart|p2: tadano-reol|move: Tailwind\n|move|p1a: Torkoal|Overheat|p2a: Corviknight\n|-supereffective|p2a: Corviknight\n|-damage|p2a: Corviknight|0 fnt\n|-unboost|p1a: Torkoal|spa|2\n|faint|p2a: Corviknight\n|\n|win|0l0f3rn3\n|raw|0l0f3rn3's rating: 1206 → 1228<\/strong> (+22 for winning)\n|raw|tadano-reol's rating: 1168 → 1146<\/strong> (-22 for losing)\n|l|\u2606tadano-reol\n|l|\u26060l0f3rn3\n","uploadtime":1683197607,"views":12,"p1id":"0l0f3rn3","p2id":"tadanoreol","formatid":"gen9vgc2023regulationc","rating":1146,"private":0,"password":""}