{"id":"gen9vgc2023regulationc-1856687354","p1":"eepy eeper","p2":"hysaaron","format":"[Gen 9] VGC 2023 Regulation C","log":"|j|\u2606eepy eeper\n|j|\u2606hysaaron\n|t:|1683094616\n|gametype|doubles\n|player|p1|eepy eeper|pokemonbreederf-gen4|1037\n|player|p2|hysaaron|266|1133\n|teamsize|p1|6\n|teamsize|p2|6\n|gen|9\n|tier|[Gen 9] VGC 2023 Regulation C\n|rated|\n|rule|Species Clause: Limit one of each Pok\u00e9mon\n|rule|Item Clause: Limit one of each item\n|clearpoke\n|poke|p1|Chi-Yu, L50|\n|poke|p1|Iron Bundle, L50|\n|poke|p1|Flutter Mane, L50|\n|poke|p1|Ting-Lu, L50|\n|poke|p1|Palafin, L50, M|\n|poke|p1|Wo-Chien, L50|\n|poke|p2|Talonflame, L50, M|\n|poke|p2|Great Tusk, L50|\n|poke|p2|Chi-Yu, L50|\n|poke|p2|Flutter Mane, L50|\n|poke|p2|Amoonguss, L50, F|\n|poke|p2|Gyarados, L50, F|\n|teampreview|4\n|inactive|Battle timer is ON: inactive players will automatically lose when time's up. (requested by eepy eeper)\n|\n|t:|1683094639\n|start\n|switch|p1a: Incineroar 13|Chi-Yu, L50|100\/100\n|switch|p1b: Gohan|Palafin, L50, M|100\/100\n|switch|p2a: Talonflame|Talonflame, L50, M, shiny|100\/100\n|switch|p2b: Great Tusk|Great Tusk, L50, shiny|100\/100\n|-ability|p1a: Incineroar 13|Beads of Ruin\n|turn|1\n|inactive|hysaaron has 30 seconds left.\n|inactive|hysaaron has 20 seconds left.\n|inactive|hysaaron has 15 seconds left.\n|inactive|hysaaron has 10 seconds left.\n|\n|t:|1683094687\n|move|p1a: Incineroar 13|Protect|p1a: Incineroar 13\n|-singleturn|p1a: Incineroar 13|Protect\n|move|p2a: Talonflame|Tailwind|p2a: Talonflame\n|-sidestart|p2: hysaaron|move: Tailwind\n|move|p2b: Great Tusk|Earthquake|p1b: Gohan|[spread] p1b\n|-activate|p1a: Incineroar 13|move: Protect\n|-immune|p2a: Talonflame\n|-damage|p1b: Gohan|48\/100\n|move|p1b: Gohan|Wave Crash|p2b: Great Tusk\n|-supereffective|p2b: Great Tusk\n|-damage|p2b: Great Tusk|15\/100\n|-damage|p1b: Gohan|21\/100|[from] Recoil\n|\n|upkeep\n|turn|2\n|inactive|hysaaron has 30 seconds left.\n|\n|t:|1683094714\n|detailschange|p1b: Gohan|Palafin-Hero, L50, M\n|switch|p1b: NowCalcItVs-|Ting-Lu, L50|100\/100\n|-ability|p1b: NowCalcItVs-|Vessel of Ruin\n|-terastallize|p1a: Incineroar 13|Grass\n|move|p2a: Talonflame|Brave Bird|p1a: Incineroar 13\n|-supereffective|p1a: Incineroar 13\n|-damage|p1a: Incineroar 13|25\/100\n|-enditem|p1a: Incineroar 13|Sitrus Berry|[eat]\n|-heal|p1a: Incineroar 13|50\/100|[from] item: Sitrus Berry\n|-damage|p2a: Talonflame|79\/100|[from] Recoil\n|move|p2b: Great Tusk|Earthquake|p1a: Incineroar 13|[spread] p1a,p1b\n|-immune|p2a: Talonflame\n|-resisted|p1a: Incineroar 13\n|-damage|p1a: Incineroar 13|31\/100\n|-damage|p1b: NowCalcItVs-|76\/100\n|move|p1a: Incineroar 13|Will-O-Wisp|p2b: Great Tusk\n|-status|p2b: Great Tusk|brn\n|\n|-damage|p2b: Great Tusk|9\/100 brn|[from] brn\n|upkeep\n|turn|3\n|inactive|eepy eeper has 30 seconds left.\n|inactive|hysaaron has 30 seconds left.\n|inactive|hysaaron has 20 seconds left.\n|inactive|hysaaron has 15 seconds left.\n|\n|t:|1683094755\n|move|p1a: Incineroar 13|Protect|p1a: Incineroar 13\n|-singleturn|p1a: Incineroar 13|Protect\n|move|p2b: Great Tusk|Earthquake|p1a: Incineroar 13|[spread] p1b\n|-activate|p1a: Incineroar 13|move: Protect\n|-immune|p2a: Talonflame\n|-damage|p1b: NowCalcItVs-|63\/100\n|move|p2a: Talonflame|Will-O-Wisp|p1b: NowCalcItVs-\n|-status|p1b: NowCalcItVs-|brn\n|move|p1b: NowCalcItVs-|Ruination|p2a: Talonflame|[miss]\n|-miss|p1b: NowCalcItVs-|p2a: Talonflame\n|\n|-damage|p2b: Great Tusk|3\/100 brn|[from] brn\n|-damage|p1b: NowCalcItVs-|57\/100 brn|[from] brn\n|upkeep\n|turn|4\n|inactive|eepy eeper has 30 seconds left.\n|inactive|hysaaron has 30 seconds left.\n|\n|t:|1683094786\n|switch|p1a: The Rizzler|Flutter Mane, L50|100\/100\n|move|p2b: Great Tusk|Earthquake|p1a: The Rizzler|[spread] p1a,p1b\n|-immune|p2a: Talonflame\n|-damage|p1a: The Rizzler|69\/100\n|-damage|p1b: NowCalcItVs-|45\/100 brn\n|move|p2a: Talonflame|Brave Bird|p1a: The Rizzler\n|-damage|p1a: The Rizzler|2\/100\n|-damage|p2a: Talonflame|59\/100|[from] Recoil\n|move|p1b: NowCalcItVs-|Ruination|p2a: Talonflame\n|-damage|p2a: Talonflame|30\/100\n|\n|-damage|p2b: Great Tusk|0 fnt|[from] brn\n|faint|p2b: Great Tusk\n|-end|p2b: Great Tusk|Protosynthesis|[silent]\n|-damage|p1b: NowCalcItVs-|39\/100 brn|[from] brn\n|-sideend|p2: hysaaron|move: Tailwind\n|upkeep\n|\n|t:|1683094809\n|switch|p2b: Flutter Mane|Flutter Mane, L50|100\/100\n|-enditem|p2b: Flutter Mane|Booster Energy\n|-activate|p2b: Flutter Mane|ability: Protosynthesis|[fromitem]\n|-start|p2b: Flutter Mane|protosynthesisspa\n|turn|5\n|inactive|hysaaron has 30 seconds left.\n|\n|t:|1683094838\n|move|p2b: Flutter Mane|Protect|p2b: Flutter Mane\n|-singleturn|p2b: Flutter Mane|Protect\n|move|p1a: The Rizzler|Shadow Ball|p2a: Talonflame\n|-damage|p2a: Talonflame|0 fnt\n|faint|p2a: Talonflame\n|move|p1b: NowCalcItVs-|Heavy Slam|p2b: Flutter Mane\n|-activate|p2b: Flutter Mane|move: Protect\n|\n|-damage|p1b: NowCalcItVs-|32\/100 brn|[from] brn\n|upkeep\n|\n|t:|1683094849\n|switch|p2a: Chi-Yu|Chi-Yu, L50|100\/100\n|-ability|p2a: Chi-Yu|Beads of Ruin\n|turn|6\n|inactive|hysaaron has 30 seconds left.\n|inactive|hysaaron has 20 seconds left.\n|inactive|hysaaron has 15 seconds left.\n|\n|t:|1683094889\n|-terastallize|p2b: Flutter Mane|Steel\n|move|p1a: The Rizzler|Protect|p1a: The Rizzler\n|-singleturn|p1a: The Rizzler|Protect\n|move|p2a: Chi-Yu|Protect|p2a: Chi-Yu\n|-singleturn|p2a: Chi-Yu|Protect\n|move|p2b: Flutter Mane|Shadow Ball|p1a: The Rizzler\n|-activate|p1a: The Rizzler|move: Protect\n|move|p1b: NowCalcItVs-|Ruination|p2a: Chi-Yu\n|-activate|p2a: Chi-Yu|move: Protect\n|\n|-damage|p1b: NowCalcItVs-|26\/100 brn|[from] brn\n|upkeep\n|turn|7\n|inactive|eepy eeper has 30 seconds left.\n|inactive|hysaaron has 30 seconds left.\n|inactive|hysaaron has 20 seconds left.\n|inactive|hysaaron has 15 seconds left.\n|inactive|hysaaron has 10 seconds left.\n|inactive|hysaaron has 5 seconds left.\n|\n|t:|1683094940\n|move|p1a: The Rizzler|Mystical Fire|p2b: Flutter Mane\n|-supereffective|p2b: Flutter Mane\n|-damage|p2b: Flutter Mane|59\/100\n|-unboost|p2b: Flutter Mane|spa|1\n|move|p2b: Flutter Mane|Shadow Ball|p1a: The Rizzler\n|-supereffective|p1a: The Rizzler\n|-damage|p1a: The Rizzler|0 fnt\n|faint|p1a: The Rizzler\n|-end|p1a: The Rizzler|Protosynthesis|[silent]\n|move|p2a: Chi-Yu|Nasty Plot|p2a: Chi-Yu\n|-boost|p2a: Chi-Yu|spa|2\n|move|p1b: NowCalcItVs-|Stomping Tantrum|p2a: Chi-Yu\n|-supereffective|p2a: Chi-Yu\n|-damage|p2a: Chi-Yu|68\/100\n|\n|-damage|p1b: NowCalcItVs-|20\/100 brn|[from] brn\n|upkeep\n|\n|t:|1683094957\n|switch|p1a: Gohan|Palafin-Hero, L50, M|21\/100\n|-activate|p1a: Gohan|ability: Zero to Hero\n|turn|8\n|inactive|hysaaron has 30 seconds left.\n|inactive|hysaaron has 20 seconds left.\n|inactive|hysaaron has 15 seconds left.\n|inactive|hysaaron has 10 seconds left.\n|\n|t:|1683095006\n|move|p1a: Gohan|Protect|p1a: Gohan\n|-singleturn|p1a: Gohan|Protect\n|move|p2a: Chi-Yu|Protect|p2a: Chi-Yu\n|-singleturn|p2a: Chi-Yu|Protect\n|move|p2b: Flutter Mane|Moonblast|p1a: Gohan\n|-activate|p1a: Gohan|move: Protect\n|move|p1b: NowCalcItVs-|Ruination|p2a: Chi-Yu\n|-activate|p2a: Chi-Yu|move: Protect\n|\n|-damage|p1b: NowCalcItVs-|14\/100 brn|[from] brn\n|upkeep\n|turn|9\n|inactive|hysaaron has 30 seconds left.\n|\n|t:|1683095036\n|move|p2a: Chi-Yu|Protect||[still]\n|-fail|p2a: Chi-Yu\n|move|p1a: Gohan|Jet Punch|p2a: Chi-Yu\n|-supereffective|p2a: Chi-Yu\n|-damage|p2a: Chi-Yu|0 fnt\n|faint|p2a: Chi-Yu\n|move|p2b: Flutter Mane|Moonblast|p1a: Gohan\n|-damage|p1a: Gohan|0 fnt\n|faint|p1a: Gohan\n|move|p1b: NowCalcItVs-|Stomping Tantrum|p2b: Flutter Mane\n|-supereffective|p2b: Flutter Mane\n|-damage|p2b: Flutter Mane|15\/100\n|\n|-damage|p1b: NowCalcItVs-|8\/100 brn|[from] brn\n|upkeep\n|\n|t:|1683095047\n|switch|p1a: Incineroar 13|Chi-Yu, L50, tera:Grass|31\/100\n|-ability|p1a: Incineroar 13|Beads of Ruin\n|turn|10\n|\n|t:|1683095062\n|move|p2b: Flutter Mane|Protect|p2b: Flutter Mane\n|-singleturn|p2b: Flutter Mane|Protect\n|move|p1a: Incineroar 13|Overheat|p2b: Flutter Mane\n|-activate|p2b: Flutter Mane|move: Protect\n|move|p1b: NowCalcItVs-|Stomping Tantrum|p2b: Flutter Mane\n|-activate|p2b: Flutter Mane|move: Protect\n|\n|-damage|p1b: NowCalcItVs-|2\/100 brn|[from] brn\n|upkeep\n|turn|11\n|inactive|hysaaron has 30 seconds left.\n|\n|t:|1683095082\n|move|p2b: Flutter Mane|Protect||[still]\n|-fail|p2b: Flutter Mane\n|move|p1a: Incineroar 13|Overheat|p2b: Flutter Mane\n|-supereffective|p2b: Flutter Mane\n|-damage|p2b: Flutter Mane|0 fnt\n|-unboost|p1a: Incineroar 13|spa|2\n|faint|p2b: Flutter Mane\n|-end|p2b: Flutter Mane|Protosynthesis|[silent]\n|\n|win|eepy eeper\n|inactive|hysaaron has 30 seconds left this turn.\n|raw|eepy eeper's rating: 1037 → 1081<\/strong> (+44 for winning)\n|raw|hysaaron's rating: 1133 → 1101<\/strong> (-32 for losing)\n","uploadtime":1683095084,"views":7,"p1id":"eepyeeper","p2id":"hysaaron","formatid":"gen9vgc2023regulationc","rating":1081,"private":0,"password":""}