{"id":"gen9vgc2023regulationc-1852292513","p1":"Foolafetti","p2":"ScheduledDrop","format":"[Gen 9] VGC 2023 Regulation C","log":"|j|\u2606Foolafetti\n|j|\u2606ScheduledDrop\n|t:|1682540799\n|gametype|doubles\n|player|p1|Foolafetti|brycenman|1140\n|player|p2|ScheduledDrop|alder|1044\n|teamsize|p1|6\n|teamsize|p2|6\n|gen|9\n|tier|[Gen 9] VGC 2023 Regulation C\n|rated|\n|rule|Species Clause: Limit one of each Pok\u00e9mon\n|rule|Item Clause: Limit one of each item\n|clearpoke\n|poke|p1|Jumpluff, L50, F|\n|poke|p1|Torkoal, L50, M|\n|poke|p1|Flutter Mane, L50|\n|poke|p1|Chi-Yu, L50|\n|poke|p1|Great Tusk, L50|\n|poke|p1|Roaring Moon, L50|\n|poke|p2|Dondozo, L50, F|\n|poke|p2|Tatsugiri-Droopy, L50, M|\n|poke|p2|Pelipper, L50, M|\n|poke|p2|Drednaw, L50, M|\n|poke|p2|Dragonite, L50, M|\n|poke|p2|Chien-Pao, L50|\n|teampreview|4\n|inactive|Battle timer is ON: inactive players will automatically lose when time's up. (requested by ScheduledDrop)\nFoolafetti has agreed to open team sheets.\n|inactive|ScheduledDrop has 60 seconds left.\n|\n|t:|1682540837\n|start\n|switch|p1a: Jumpluff|Jumpluff, L50, F|100\/100\n|switch|p1b: Torkoal|Torkoal, L50, M|100\/100\n|switch|p2a: Tatsugiri|Tatsugiri-Droopy, L50, M, shiny|100\/100\n|switch|p2b: Dragonite|Dragonite, L50, M|100\/100\n|-weather|SunnyDay|[from] ability: Drought|[of] p1b: Torkoal\n|turn|1\n|\n|t:|1682540853\n|switch|p2b: Pelipper|Pelipper, L50, M|100\/100\n|-weather|RainDance|[from] ability: Drizzle|[of] p2b: Pelipper\n|move|p2a: Tatsugiri|Icy Wind|p1b: Torkoal|[spread] p1a,p1b\n|-supereffective|p1a: Jumpluff\n|-resisted|p1b: Torkoal\n|-damage|p1a: Jumpluff|48\/100\n|-damage|p1b: Torkoal|91\/100\n|-unboost|p1a: Jumpluff|spe|1\n|-unboost|p1b: Torkoal|spe|1\n|-enditem|p1b: Torkoal|Eject Pack\n|\n|t:|1682540871\n|switch|p1b: Flutter Mane|Flutter Mane, L50|100\/100\n|move|p1a: Jumpluff|Tailwind|p1a: Jumpluff\n|-sidestart|p1: Foolafetti|move: Tailwind\n|\n|-weather|RainDance|[upkeep]\n|upkeep\n|turn|2\n|\n|t:|1682540890\n|switch|p1a: Torkoal|Torkoal, L50, M|91\/100\n|-weather|SunnyDay|[from] ability: Drought|[of] p1a: Torkoal\n|-activate|p1b: Flutter Mane|ability: Protosynthesis\n|-start|p1b: Flutter Mane|protosynthesisspe\n|-terastallize|p2a: Tatsugiri|Steel\n|move|p1b: Flutter Mane|Dazzling Gleam|p2a: Tatsugiri|[spread] p2a,p2b\n|-resisted|p2a: Tatsugiri\n|-damage|p2a: Tatsugiri|71\/100\n|-damage|p2b: Pelipper|36\/100\n|-damage|p1b: Flutter Mane|90\/100|[from] item: Life Orb\n|move|p2a: Tatsugiri|Icy Wind|p1a: Torkoal|[spread] p1a,p1b\n|-resisted|p1a: Torkoal\n|-damage|p1a: Torkoal|82\/100\n|-damage|p1b: Flutter Mane|77\/100\n|-unboost|p1a: Torkoal|spe|1\n|-unboost|p1b: Flutter Mane|spe|1\n|move|p2b: Pelipper|Tailwind|p2b: Pelipper\n|-sidestart|p2: ScheduledDrop|move: Tailwind\n|\n|-weather|SunnyDay|[upkeep]\n|upkeep\n|turn|3\n|inactive|Foolafetti has 30 seconds left.\n|inactive|ScheduledDrop has 30 seconds left.\n|inactive|Foolafetti has 20 seconds left.\n|inactive|Foolafetti has 15 seconds left.\n|inactive|ScheduledDrop has 20 seconds left.\n|inactive|Foolafetti has 10 seconds left.\n|inactive|Foolafetti has 5 seconds left.\n|\n|t:|1682540943\n|switch|p2a: Chien-Pao|Chien-Pao, L50|100\/100\n|-ability|p2a: Chien-Pao|Sword of Ruin\n|move|p1b: Flutter Mane|Dazzling Gleam|p2a: Chien-Pao|[spread] p2a,p2b\n|-supereffective|p2a: Chien-Pao\n|-enditem|p2a: Chien-Pao|Focus Sash\n|-damage|p2a: Chien-Pao|1\/100\n|-damage|p2b: Pelipper|0 fnt\n|faint|p2b: Pelipper\n|-damage|p1b: Flutter Mane|67\/100|[from] item: Life Orb\n|move|p1a: Torkoal|Overheat|p2a: Chien-Pao\n|-supereffective|p2a: Chien-Pao\n|-damage|p2a: Chien-Pao|0 fnt\n|-unboost|p1a: Torkoal|spa|2\n|faint|p2a: Chien-Pao\n|\n|-weather|SunnyDay|[upkeep]\n|upkeep\n|\n|t:|1682540948\n|switch|p2a: Dragonite|Dragonite, L50, M|100\/100\n|switch|p2b: Tatsugiri|Tatsugiri-Droopy, L50, M, shiny, tera:Steel|71\/100\n|turn|4\n|\n|t:|1682540968\n|switch|p1a: Chi-Yu|Chi-Yu, L50|100\/100\n|-ability|p1a: Chi-Yu|Beads of Ruin\n|move|p2a: Dragonite|Protect|p2a: Dragonite\n|-singleturn|p2a: Dragonite|Protect\n|move|p2b: Tatsugiri|Muddy Water|p1a: Chi-Yu|[spread] p1a,p1b\n|-supereffective|p1a: Chi-Yu\n|-damage|p1a: Chi-Yu|62\/100\n|-damage|p1b: Flutter Mane|43\/100\n|-unboost|p1a: Chi-Yu|accuracy|1\n|move|p1b: Flutter Mane|Dazzling Gleam|p2a: Dragonite|[spread] p2b\n|-activate|p2a: Dragonite|move: Protect\n|-resisted|p2b: Tatsugiri\n|-damage|p2b: Tatsugiri|35\/100\n|-damage|p1b: Flutter Mane|33\/100|[from] item: Life Orb\n|\n|-weather|SunnyDay|[upkeep]\n|-heal|p1a: Chi-Yu|68\/100|[from] item: Leftovers\n|-sideend|p1: Foolafetti|move: Tailwind\n|upkeep\n|turn|5\n|\n|t:|1682540986\n|switch|p1a: Jumpluff|Jumpluff, L50, F|48\/100\n|move|p2a: Dragonite|Extreme Speed|p1a: Jumpluff\n|-damage|p1a: Jumpluff|7\/100\n|move|p2b: Tatsugiri|Muddy Water|p1a: Jumpluff|[spread] p1a,p1b\n|-resisted|p1a: Jumpluff\n|-damage|p1a: Jumpluff|0 fnt\n|-damage|p1b: Flutter Mane|16\/100\n|faint|p1a: Jumpluff\n|move|p1b: Flutter Mane|Dazzling Gleam|p2b: Tatsugiri|[spread] p2a,p2b\n|-supereffective|p2a: Dragonite\n|-resisted|p2b: Tatsugiri\n|-damage|p2a: Dragonite|25\/100\n|-damage|p2b: Tatsugiri|6\/100\n|-damage|p1b: Flutter Mane|6\/100|[from] item: Life Orb\n|\n|-weather|SunnyDay|[upkeep]\n|-sideend|p2: ScheduledDrop|move: Tailwind\n|upkeep\n|\n|t:|1682541004\n|switch|p1a: Chi-Yu|Chi-Yu, L50|68\/100\n|-ability|p1a: Chi-Yu|Beads of Ruin\n|turn|6\n|\n|t:|1682541025\n|move|p2a: Dragonite|Extreme Speed|p1a: Chi-Yu\n|-damage|p1a: Chi-Yu|13\/100\n|move|p2b: Tatsugiri|Muddy Water|p1a: Chi-Yu|[spread] p1a,p1b\n|-supereffective|p1a: Chi-Yu\n|-damage|p1a: Chi-Yu|0 fnt\n|-damage|p1b: Flutter Mane|0 fnt\n|faint|p1a: Chi-Yu\n|faint|p1b: Flutter Mane\n|-end|p1b: Flutter Mane|Protosynthesis|[silent]\n|\n|-weather|none\n|upkeep\n|\n|t:|1682541034\n|switch|p1b: Torkoal|Torkoal, L50, M|82\/100\n|-weather|SunnyDay|[from] ability: Drought|[of] p1b: Torkoal\n|turn|7\n|\n|t:|1682541043\n|-terastallize|p1b: Torkoal|Fire\n|move|p2a: Dragonite|Extreme Speed|p1b: Torkoal\n|-damage|p1b: Torkoal|62\/100\n|move|p2b: Tatsugiri|Muddy Water|p1b: Torkoal\n|-supereffective|p1b: Torkoal\n|-damage|p1b: Torkoal|4\/100\n|-unboost|p1b: Torkoal|accuracy|1\n|move|p1b: Torkoal|Eruption|p2b: Tatsugiri|[spread] p2a\n|-miss|p1b: Torkoal|p2b: Tatsugiri\n|-resisted|p2a: Dragonite\n|-damage|p2a: Dragonite|24\/100\n|\n|-weather|SunnyDay|[upkeep]\n|upkeep\n|turn|8\n|c|\u2606Foolafetti|nothing but respect for the scarf tatsu my guy\n|c|\u2606Foolafetti|true american\n|\n|t:|1682541059\n|move|p2a: Dragonite|Extreme Speed|p1b: Torkoal\n|-damage|p1b: Torkoal|0 fnt\n|faint|p1b: Torkoal\n|\n|win|ScheduledDrop\n|raw|Foolafetti's rating: 1140 → 1108<\/strong> (-32 for losing)\n|raw|ScheduledDrop's rating: 1044 → 1086<\/strong> (+42 for winning)\n|c|\u2606ScheduledDrop|gg\n|c|\u2606ScheduledDrop|thx\n","uploadtime":1682541070,"views":11,"p1id":"foolafetti","p2id":"scheduleddrop","formatid":"gen9vgc2023regulationc","rating":1086,"private":0,"password":""}