{"id":"gen9vgc2023regulationc-1856029531","p1":"Atiko0928","p2":"HelpVGC","format":"[Gen 9] VGC 2023 Regulation C","log":"|j|\u2606Atiko0928\n|j|\u2606HelpVGC\n|t:|1683019932\n|gametype|doubles\n|player|p1|Atiko0928|dawn-gen4pt|1214\n|player|p2|HelpVGC|265|1153\n|teamsize|p1|6\n|teamsize|p2|6\n|gen|9\n|tier|[Gen 9] VGC 2023 Regulation C\n|rated|\n|rule|Species Clause: Limit one of each Pok\u00e9mon\n|rule|Item Clause: Limit one of each item\n|clearpoke\n|poke|p1|Talonflame, L50, F|\n|poke|p1|Garchomp, L50, F|\n|poke|p1|Flutter Mane, L50|\n|poke|p1|Chien-Pao, L50|\n|poke|p1|Farigiraf, L50, F|\n|poke|p1|Iron Hands, L50|\n|poke|p2|Iron Hands, L50|\n|poke|p2|Chien-Pao, L50|\n|poke|p2|Sandy Shocks, L50|\n|poke|p2|Espathra, L50, M|\n|poke|p2|Dragonite, L50, F|\n|poke|p2|Chi-Yu, L50|\n|teampreview|4\n|\n|t:|1683019966\n|start\n|switch|p1a: Talonflame|Talonflame, L50, F|100\/100\n|switch|p1b: Garchomp|Garchomp, L50, F|100\/100\n|switch|p2a: Espathra|Espathra, L50, M|100\/100\n|switch|p2b: Sandy Shocks|Sandy Shocks, L50|100\/100\n|turn|1\n|\n|t:|1683019989\n|-end|p2b: Sandy Shocks|Protosynthesis|[silent]\n|switch|p2b: Dragonite|Dragonite, L50, F|100\/100\n|-terastallize|p1b: Garchomp|Fire\n|move|p2a: Espathra|Protect|p2a: Espathra\n|-singleturn|p2a: Espathra|Protect\n|move|p1a: Talonflame|Tailwind|p1a: Talonflame\n|-sidestart|p1: Atiko0928|move: Tailwind\n|move|p1b: Garchomp|Earthquake|p2b: Dragonite|[spread] \n|-activate|p2a: Espathra|move: Protect\n|-immune|p1a: Talonflame\n|-immune|p2b: Dragonite\n|\n|-ability|p2a: Espathra|Speed Boost|boost\n|-boost|p2a: Espathra|spe|1\n|upkeep\n|turn|2\n|\n|t:|1683020014\n|-terastallize|p2a: Espathra|Fairy\n|move|p1a: Talonflame|Will-O-Wisp|p2b: Dragonite\n|-status|p2b: Dragonite|brn\n|-enditem|p2b: Dragonite|Lum Berry|[eat]\n|-curestatus|p2b: Dragonite|brn|[msg]\n|move|p1b: Garchomp|Rock Slide|p2a: Espathra|[spread] p2a,p2b\n|-supereffective|p2b: Dragonite\n|-damage|p2a: Espathra|70\/100\n|-damage|p2b: Dragonite|57\/100\n|cant|p2a: Espathra|flinch\n|move|p2b: Dragonite|Dragon Claw|p1b: Garchomp\n|-damage|p1b: Garchomp|61\/100\n|-damage|p2b: Dragonite|45\/100|[from] ability: Rough Skin|[of] p1b: Garchomp\n|\n|-ability|p2a: Espathra|Speed Boost|boost\n|-boost|p2a: Espathra|spe|1\n|upkeep\n|turn|3\n|\n|t:|1683020047\n|move|p2b: Dragonite|Protect|p2b: Dragonite\n|-singleturn|p2b: Dragonite|Protect\n|move|p1a: Talonflame|Brave Bird|p2a: Espathra\n|-crit|p2a: Espathra\n|-damage|p2a: Espathra|0 fnt\n|faint|p2a: Espathra\n|-damage|p1a: Talonflame|78\/100|[from] Recoil\n|move|p1b: Garchomp|Rock Slide|p2b: Dragonite\n|-activate|p2b: Dragonite|move: Protect\n|\n|upkeep\n|\n|t:|1683020061\n|switch|p2a: Chien-Pao|Chien-Pao, L50|100\/100\n|-ability|p2a: Chien-Pao|Sword of Ruin\n|turn|4\n|\n|t:|1683020081\n|move|p2a: Chien-Pao|Protect|p2a: Chien-Pao\n|-singleturn|p2a: Chien-Pao|Protect\n|move|p2b: Dragonite|Extreme Speed|p1a: Talonflame\n|-damage|p1a: Talonflame|28\/100\n|move|p1a: Talonflame|Will-O-Wisp|p2a: Chien-Pao\n|-activate|p2a: Chien-Pao|move: Protect\n|move|p1b: Garchomp|Rock Slide|p2b: Dragonite|[spread] p2b\n|-activate|p2a: Chien-Pao|move: Protect\n|-supereffective|p2b: Dragonite\n|-damage|p2b: Dragonite|0 fnt\n|faint|p2b: Dragonite\n|\n|-sideend|p1: Atiko0928|move: Tailwind\n|upkeep\n|\n|t:|1683020097\n|switch|p2b: Sandy Shocks|Sandy Shocks, L50|100\/100\n|turn|5\n|\n|t:|1683020107\n|move|p2a: Chien-Pao|Sacred Sword|p1b: Garchomp\n|-damage|p1b: Garchomp|27\/100\n|-damage|p2a: Chien-Pao|88\/100|[from] ability: Rough Skin|[of] p1b: Garchomp\n|move|p1a: Talonflame|Will-O-Wisp|p2a: Chien-Pao\n|-status|p2a: Chien-Pao|brn\n|move|p2b: Sandy Shocks|Earth Power|p1b: Garchomp\n|-supereffective|p1b: Garchomp\n|-damage|p1b: Garchomp|0 fnt\n|faint|p1b: Garchomp\n|\n|-damage|p2a: Chien-Pao|82\/100 brn|[from] brn\n|upkeep\n|\n|t:|1683020122\n|switch|p1b: Flutter Mane|Flutter Mane, L50|100\/100\n|-enditem|p1b: Flutter Mane|Booster Energy\n|-activate|p1b: Flutter Mane|ability: Protosynthesis|[fromitem]\n|-start|p1b: Flutter Mane|protosynthesisspa\n|turn|6\n|\n|t:|1683020132\n|move|p1b: Flutter Mane|Protect|p1b: Flutter Mane\n|-singleturn|p1b: Flutter Mane|Protect\n|move|p2a: Chien-Pao|Ice Shard|p1a: Talonflame\n|-damage|p1a: Talonflame|12\/100\n|move|p1a: Talonflame|Tailwind|p1a: Talonflame\n|-sidestart|p1: Atiko0928|move: Tailwind\n|move|p2b: Sandy Shocks|Thunder|p1b: Flutter Mane\n|-activate|p1b: Flutter Mane|move: Protect\n|\n|-damage|p2a: Chien-Pao|77\/100 brn|[from] brn\n|upkeep\n|turn|7\n|\n|t:|1683020153\n|move|p2a: Chien-Pao|Protect|p2a: Chien-Pao\n|-singleturn|p2a: Chien-Pao|Protect\n|move|p1a: Talonflame|Brave Bird|p2b: Sandy Shocks\n|-resisted|p2b: Sandy Shocks\n|-damage|p2b: Sandy Shocks|74\/100\n|-damage|p1a: Talonflame|4\/100|[from] Recoil\n|move|p1b: Flutter Mane|Dazzling Gleam|p2b: Sandy Shocks|[spread] p2b\n|-activate|p2a: Chien-Pao|move: Protect\n|-damage|p2b: Sandy Shocks|26\/100\n|move|p2b: Sandy Shocks|Earth Power|p1b: Flutter Mane\n|-damage|p1b: Flutter Mane|64\/100\n|\n|-damage|p2a: Chien-Pao|71\/100 brn|[from] brn\n|upkeep\n|turn|8\n|\n|t:|1683020181\n|move|p2a: Chien-Pao|Ice Shard|p1a: Talonflame\n|-damage|p1a: Talonflame|0 fnt\n|faint|p1a: Talonflame\n|move|p1b: Flutter Mane|Dazzling Gleam|p2b: Sandy Shocks|[spread] p2a,p2b\n|-supereffective|p2a: Chien-Pao\n|-damage|p2a: Chien-Pao|0 fnt\n|-damage|p2b: Sandy Shocks|0 fnt\n|faint|p2a: Chien-Pao\n|faint|p2b: Sandy Shocks\n|-end|p2b: Sandy Shocks|Protosynthesis|[silent]\n|\n|win|Atiko0928\n|raw|Atiko0928's rating: 1214 → 1235<\/strong> (+21 for winning)\n|raw|HelpVGC's rating: 1153 → 1132<\/strong> (-21 for losing)\n|l|\u2606HelpVGC\n","uploadtime":1683020330,"views":11,"p1id":"atiko0928","p2id":"helpvgc","formatid":"gen9vgc2023regulationc","rating":1132,"private":0,"password":""}