{"id":"gen9vgc2023regulationc-1859435105","p1":"cydsdad","p2":"Flashfire74","format":"[Gen 9] VGC 2023 Regulation C","log":"|j|\u2606cydsdad\n|j|\u2606Flashfire74\n|t:|1683466857\n|gametype|doubles\n|player|p1|cydsdad|1|1048\n|player|p2|Flashfire74|170|1000\n|teamsize|p1|6\n|teamsize|p2|6\n|gen|9\n|tier|[Gen 9] VGC 2023 Regulation C\n|rated|\n|rule|Species Clause: Limit one of each Pok\u00e9mon\n|rule|Item Clause: Limit one of each item\n|clearpoke\n|poke|p1|Espathra, L50, F|\n|poke|p1|Wo-Chien, L50|\n|poke|p1|Sandy Shocks, L50|\n|poke|p1|Flutter Mane, L50|\n|poke|p1|Sableye, L50, M|\n|poke|p1|Cyclizar, L50, M|\n|poke|p2|Tatsugiri, L50, F|\n|poke|p2|Dondozo, L50, F|\n|poke|p2|Volcarona, L50, F|\n|poke|p2|Annihilape, L50, M|\n|poke|p2|Flutter Mane, L50|\n|poke|p2|Maushold, L50|\n|teampreview|4\nFlashfire74 rejected open team sheets.\n|inactive|Battle timer is ON: inactive players will automatically lose when time's up. (requested by Flashfire74)\n|\n|t:|1683466905\n|start\n|switch|p1a: Wo-Chien|Wo-Chien, L50|100\/100\n|switch|p1b: Sableye|Sableye, L50, M, shiny|100\/100\n|switch|p2a: Dawnspear|Annihilape, L50, M|100\/100\n|switch|p2b: Dory|Tatsugiri, L50, F|100\/100\n|-ability|p1a: Wo-Chien|Tablets of Ruin\n|turn|1\n|inactiveoff|Battle timer is now OFF.\n|\n|t:|1683466929\n|move|p2b: Dory|Icy Wind|p1a: Wo-Chien|[spread] p1a,p1b\n|-supereffective|p1a: Wo-Chien\n|-damage|p1a: Wo-Chien|85\/100\n|-damage|p1b: Sableye|78\/100\n|-unboost|p1a: Wo-Chien|spe|1\n|-unboost|p1b: Sableye|spe|1\n|move|p2a: Dawnspear|Bulk Up|p2a: Dawnspear\n|-boost|p2a: Dawnspear|atk|1\n|-boost|p2a: Dawnspear|def|1\n|move|p1a: Wo-Chien|Reflect|p1a: Wo-Chien\n|-sidestart|p1: cydsdad|Reflect\n|move|p1b: Sableye|Phantom Force||[still]\n|-prepare|p1b: Sableye|Phantom Force\n|\n|upkeep\n|turn|2\n|\n|t:|1683466954\n|move|p2b: Dory|Icy Wind|p1b: Sableye|[spread] p1a\n|-miss|p2b: Dory|p1b: Sableye\n|-supereffective|p1a: Wo-Chien\n|-damage|p1a: Wo-Chien|68\/100\n|-unboost|p1a: Wo-Chien|spe|1\n|move|p2a: Dawnspear|Drain Punch|p1a: Wo-Chien\n|-supereffective|p1a: Wo-Chien\n|-damage|p1a: Wo-Chien|26\/100\n|move|p1b: Sableye|Phantom Force|p2a: Dawnspear|[from]lockedmove\n|-supereffective|p2a: Dawnspear\n|-damage|p2a: Dawnspear|67\/100\n|move|p1a: Wo-Chien|Leech Seed|p2a: Dawnspear\n|-start|p2a: Dawnspear|move: Leech Seed\n|\n|-damage|p2a: Dawnspear|54\/100|[from] Leech Seed|[of] p1a: Wo-Chien\n|-heal|p1a: Wo-Chien|39\/100|[silent]\n|upkeep\n|turn|3\n|inactive|Battle timer is ON: inactive players will automatically lose when time's up. (requested by Flashfire74)\n|\n|t:|1683467005\n|move|p2b: Dory|Icy Wind|p1b: Sableye|[spread] p1a,p1b\n|-supereffective|p1a: Wo-Chien\n|-damage|p1a: Wo-Chien|24\/100\n|-damage|p1b: Sableye|57\/100\n|-unboost|p1a: Wo-Chien|spe|1\n|-unboost|p1b: Sableye|spe|1\n|move|p2a: Dawnspear|Drain Punch|p1a: Wo-Chien\n|-supereffective|p1a: Wo-Chien\n|-damage|p1a: Wo-Chien|0 fnt\n|-heal|p2a: Dawnspear|66\/100|[from] drain|[of] p1a: Wo-Chien\n|faint|p1a: Wo-Chien\n|move|p1b: Sableye|Phantom Force||[still]\n|-prepare|p1b: Sableye|Phantom Force\n|\n|upkeep\n|\n|t:|1683467028\n|switch|p1a: Espathra|Espathra, L50, F, shiny|100\/100\n|turn|4\n|\n|t:|1683467038\n|move|p1a: Espathra|Protect|p1a: Espathra\n|-singleturn|p1a: Espathra|Protect\n|move|p2b: Dory|Icy Wind|p1b: Sableye|[spread] \n|-miss|p2b: Dory|p1b: Sableye\n|-activate|p1a: Espathra|move: Protect\n|move|p2a: Dawnspear|Rage Fist|p1a: Espathra\n|-activate|p1a: Espathra|move: Protect\n|move|p1b: Sableye|Phantom Force|p2a: Dawnspear|[from]lockedmove\n|-supereffective|p2a: Dawnspear\n|-damage|p2a: Dawnspear|15\/100\n|\n|-damage|p2a: Dawnspear|2\/100|[from] Leech Seed|[of] p1a: Espathra\n|upkeep\n|turn|5\n|inactive|cydsdad has 30 seconds left.\n|\n|t:|1683467072\n|move|p1b: Sableye|Quash|p2b: Dory\n|-activate|p2b: Dory|move: Quash\n|move|p1a: Espathra|Substitute|p1a: Espathra\n|-start|p1a: Espathra|Substitute\n|-damage|p1a: Espathra|76\/100\n|move|p2a: Dawnspear|Rage Fist|p1a: Espathra\n|-supereffective|p1a: Espathra\n|-end|p1a: Espathra|Substitute\n|move|p2b: Dory|Icy Wind|p1b: Sableye|[spread] p1a,p1b\n|-damage|p1a: Espathra|59\/100\n|-damage|p1b: Sableye|34\/100\n|-unboost|p1a: Espathra|spe|1\n|-unboost|p1b: Sableye|spe|1\n|\n|-heal|p1a: Espathra|65\/100|[from] item: Leftovers\n|-damage|p2a: Dawnspear|0 fnt|[from] Leech Seed|[of] p1a: Espathra\n|-heal|p1a: Espathra|67\/100|[silent]\n|faint|p2a: Dawnspear\n|upkeep\n|inactiveoff|Battle timer is now OFF.\n|\n|t:|1683467087\n|switch|p2a: BOM DIA|Dondozo, L50, F|100\/100\n|-activate|p2b: Dory|ability: Commander|[of] p2a: BOM DIA\n|-boost|p2a: BOM DIA|atk|2\n|-boost|p2a: BOM DIA|spa|2\n|-boost|p2a: BOM DIA|spe|2\n|-boost|p2a: BOM DIA|def|2\n|-boost|p2a: BOM DIA|spd|2\n|-ability|p1a: Espathra|Opportunist|boost\n|-boost|p1a: Espathra|atk|2\n|-boost|p1a: Espathra|spa|2\n|-boost|p1a: Espathra|spe|2\n|-boost|p1a: Espathra|def|2\n|-boost|p1a: Espathra|spd|2\n|turn|6\n|\n|t:|1683467121\n|move|p1a: Espathra|Hypnosis|p2a: BOM DIA\n|-status|p2a: BOM DIA|slp|[from] move: Hypnosis\n|cant|p2a: BOM DIA|slp\n|move|p1b: Sableye|Phantom Force||[still]\n|-prepare|p1b: Sableye|Phantom Force\n|\n|-heal|p1a: Espathra|73\/100|[from] item: Leftovers\n|upkeep\n|turn|7\n|\n|t:|1683467135\n|move|p1a: Espathra|Lumina Crash|p2a: BOM DIA\n|-damage|p2a: BOM DIA|85\/100 slp\n|-unboost|p2a: BOM DIA|spd|2\n|cant|p2a: BOM DIA|slp\n|move|p1b: Sableye|Phantom Force|p2a: BOM DIA|[from]lockedmove\n|-damage|p2a: BOM DIA|73\/100 slp\n|\n|-heal|p1a: Espathra|79\/100|[from] item: Leftovers\n|-heal|p2a: BOM DIA|79\/100 slp|[from] item: Leftovers\n|upkeep\n|turn|8\n|\n|t:|1683467153\n|switch|p1b: Flutter Mane|Flutter Mane, L50, shiny|100\/100\n|move|p1a: Espathra|Substitute|p1a: Espathra\n|-start|p1a: Espathra|Substitute\n|-damage|p1a: Espathra|54\/100\n|cant|p2a: BOM DIA|slp\n|\n|-heal|p1a: Espathra|60\/100|[from] item: Leftovers\n|-heal|p2a: BOM DIA|85\/100 slp|[from] item: Leftovers\n|-sideend|p1: cydsdad|Reflect\n|upkeep\n|turn|9\n|inactive|Battle timer is ON: inactive players will automatically lose when time's up. (requested by Flashfire74)\n|\n|t:|1683467169\n|move|p1a: Espathra|Lumina Crash|p2a: BOM DIA\n|-damage|p2a: BOM DIA|56\/100 slp\n|-unboost|p2a: BOM DIA|spd|2\n|move|p1b: Flutter Mane|Thunderbolt|p2a: BOM DIA\n|-supereffective|p2a: BOM DIA\n|-damage|p2a: BOM DIA|0 fnt\n|faint|p2a: BOM DIA\n|\n|-heal|p1a: Espathra|66\/100|[from] item: Leftovers\n|upkeep\n|\n|t:|1683467179\n|switch|p2a: 1899|Flutter Mane, L50|100\/100\n|turn|10\n|\n|t:|1683467198\n|move|p1b: Flutter Mane|Protect|p1b: Flutter Mane\n|-singleturn|p1b: Flutter Mane|Protect\n|move|p1a: Espathra|Lumina Crash|p2a: 1899\n|-damage|p2a: 1899|40\/100\n|-unboost|p2a: 1899|spd|2\n|move|p2b: Dory|Icy Wind|p1b: Flutter Mane|[spread] p1a\n|-activate|p1b: Flutter Mane|move: Protect\n|-activate|p1a: Espathra|move: Substitute|[damage]\n|move|p2a: 1899|Shadow Ball|p1a: Espathra\n|-supereffective|p1a: Espathra\n|-end|p1a: Espathra|Substitute\n|-damage|p2a: 1899|30\/100|[from] item: Life Orb\n|\n|-heal|p1a: Espathra|72\/100|[from] item: Leftovers\n|upkeep\n|turn|11\n|inactive|cydsdad has 30 seconds left.\n|inactive|Flashfire74 has 30 seconds left.\n|inactive|cydsdad has 20 seconds left.\n|inactive|Flashfire74 has 20 seconds left.\n|inactive|Flashfire74 has 15 seconds left.\n|\n|t:|1683467244\n|-terastallize|p2b: Dory|Dragon\n|-terastallize|p1b: Flutter Mane|Fairy\n|move|p1a: Espathra|Protect|p1a: Espathra\n|-singleturn|p1a: Espathra|Protect\n|move|p2b: Dory|Icy Wind|p1a: Espathra|[spread] p1b\n|-activate|p1a: Espathra|move: Protect\n|-damage|p1b: Flutter Mane|85\/100\n|-unboost|p1b: Flutter Mane|spe|1\n|move|p2a: 1899|Moonblast|p1a: Espathra\n|-activate|p1a: Espathra|move: Protect\n|move|p1b: Flutter Mane|Dazzling Gleam|p2a: 1899|[spread] p2a,p2b\n|-supereffective|p2b: Dory\n|-damage|p2a: 1899|0 fnt\n|-damage|p2b: Dory|0 fnt\n|faint|p2a: 1899\n|-end|p2a: 1899|Protosynthesis|[silent]\n|faint|p2b: Dory\n|\n|win|cydsdad\n|raw|cydsdad's rating: 1048 → 1076<\/strong> (+28 for winning)\n|raw|Flashfire74's rating: 1000 → 1000<\/strong> (+0 for losing)\n|l|\u2606Flashfire74\n||Ladder isn't responding, score probably updated but might not have (Request timeout).\n","uploadtime":1683467404,"views":4,"p1id":"cydsdad","p2id":"flashfire74","formatid":"gen9vgc2023regulationc","rating":1000,"private":0,"password":""}