{"id":"gen9vgc2023regulationc-1846064957","p1":"Mitsunaga","p2":"ogasep","format":"[Gen 9] VGC 2023 Regulation C","log":"|j|\u2606Mitsunaga\n|j|\u2606ogasep\n|t:|1681800369\n|gametype|doubles\n|player|p1|Mitsunaga|lady-gen4|1206\n|player|p2|ogasep|blue|1209\n|teamsize|p1|6\n|teamsize|p2|6\n|gen|9\n|tier|[Gen 9] VGC 2023 Regulation C\n|rated|\n|rule|Species Clause: Limit one of each Pok\u00e9mon\n|rule|Item Clause: Limit one of each item\n|clearpoke\n|poke|p1|Annihilape, L50, F|\n|poke|p1|Sandy Shocks, L50|\n|poke|p1|Flutter Mane, L50|\n|poke|p1|Armarouge, L50, M|\n|poke|p1|Indeedee-F, L50, F|\n|poke|p1|Talonflame, L50, F|\n|poke|p2|Flutter Mane, L50|\n|poke|p2|Chi-Yu, L50|\n|poke|p2|Amoonguss, L50, M|\n|poke|p2|Ting-Lu, L50|\n|poke|p2|Dragonite, L50, M|\n|poke|p2|Palafin, L50, F|\n|teampreview|4\n|\n|t:|1681800386\n|start\n|switch|p1a: Sandy Shocks|Sandy Shocks, L50|100\/100\n|switch|p1b: Armarouge|Armarouge, L50, M|100\/100\n|switch|p2a: Ting-Lu|Ting-Lu, L50|100\/100\n|switch|p2b: Palafin|Palafin, L50, F|100\/100\n|-ability|p2a: Ting-Lu|Vessel of Ruin\n|-enditem|p1a: Sandy Shocks|Booster Energy\n|-activate|p1a: Sandy Shocks|ability: Protosynthesis|[fromitem]\n|-start|p1a: Sandy Shocks|protosynthesisspe\n|turn|1\n|\n|t:|1681800399\n|move|p2b: Palafin|Protect|p2b: Palafin\n|-singleturn|p2b: Palafin|Protect\n|move|p1b: Armarouge|Protect|p1b: Armarouge\n|-singleturn|p1b: Armarouge|Protect\n|move|p1a: Sandy Shocks|Thunderbolt|p2b: Palafin\n|-activate|p2b: Palafin|move: Protect\n|move|p2a: Ting-Lu|Fissure|p1a: Sandy Shocks|[miss]\n|-miss|p2a: Ting-Lu|p1a: Sandy Shocks\n|\n|upkeep\n|turn|2\n|\n|t:|1681800429\n|detailschange|p2b: Palafin|Palafin-Hero, L50, F\n|switch|p2b: Amoonguss|Amoonguss, L50, M|100\/100\n|move|p1a: Sandy Shocks|Earthquake|p2b: Amoonguss|[spread] p1b,p2a,p2b\n|-supereffective|p1b: Armarouge\n|-damage|p1b: Armarouge|65\/100\n|-damage|p2a: Ting-Lu|91\/100\n|-damage|p2b: Amoonguss|86\/100\n|-ability|p1b: Armarouge|Weak Armor|boost\n|-unboost|p1b: Armarouge|def|1\n|-boost|p1b: Armarouge|spe|2\n|-enditem|p1b: Armarouge|Weakness Policy\n|-boost|p1b: Armarouge|atk|2|[from] item: Weakness Policy\n|-boost|p1b: Armarouge|spa|2|[from] item: Weakness Policy\n|move|p1b: Armarouge|Heat Wave|p2b: Amoonguss|[spread] p2a\n|-miss|p1b: Armarouge|p2b: Amoonguss\n|-damage|p2a: Ting-Lu|68\/100\n|move|p2a: Ting-Lu|Stomping Tantrum|p1a: Sandy Shocks\n|-supereffective|p1a: Sandy Shocks\n|-damage|p1a: Sandy Shocks|0 fnt\n|faint|p1a: Sandy Shocks\n|-end|p1a: Sandy Shocks|Protosynthesis|[silent]\n|\n|upkeep\n|\n|t:|1681800439\n|switch|p1a: Annihilape|Annihilape, L50, F|100\/100\n|turn|3\n|\n|t:|1681800453\n|move|p2b: Amoonguss|Protect|p2b: Amoonguss\n|-singleturn|p2b: Amoonguss|Protect\n|move|p1b: Armarouge|Expanding Force|p2b: Amoonguss\n|-activate|p2b: Amoonguss|move: Protect\n|move|p1a: Annihilape|Final Gambit|p2a: Ting-Lu\n|-damage|p2a: Ting-Lu|0 fnt\n|faint|p1a: Annihilape\n|faint|p2a: Ting-Lu\n|\n|upkeep\n|inactive|Battle timer is ON: inactive players will automatically lose when time's up. (requested by Mitsunaga)\n|\n|t:|1681800479\n|switch|p1a: Indeedee|Indeedee-F, L50, F|100\/100\n|switch|p2a: Palafin|Palafin-Hero, L50, F|100\/100\n|-activate|p2a: Palafin|ability: Zero to Hero\n|-fieldstart|move: Psychic Terrain|[from] ability: Psychic Surge|[of] p1a: Indeedee\n|-enditem|p1a: Indeedee|Psychic Seed\n|-boost|p1a: Indeedee|spd|1|[from] item: Psychic Seed\n|turn|4\n|\n|t:|1681800499\n|move|p2a: Palafin|Protect|p2a: Palafin\n|-singleturn|p2a: Palafin|Protect\n|move|p1a: Indeedee|Follow Me|p1a: Indeedee\n|-singleturn|p1a: Indeedee|move: Follow Me\n|move|p1b: Armarouge|Expanding Force|p2a: Palafin|[spread] p2b\n|-activate|p2a: Palafin|move: Protect\n|-supereffective|p2b: Amoonguss\n|-damage|p2b: Amoonguss|0 fnt\n|faint|p2b: Amoonguss\n|\n|upkeep\n|\n|t:|1681800506\n|switch|p2b: Dragonite|Dragonite, L50, M|100\/100\n|turn|5\n|\n|t:|1681800520\n|-terastallize|p2a: Palafin|Water\n|move|p1a: Indeedee|Follow Me|p1a: Indeedee\n|-singleturn|p1a: Indeedee|move: Follow Me\n|move|p1b: Armarouge|Expanding Force|p2b: Dragonite|[spread] p2a,p2b\n|-damage|p2a: Palafin|0 fnt\n|-damage|p2b: Dragonite|0 fnt\n|faint|p2a: Palafin\n|faint|p2b: Dragonite\n|\n|win|Mitsunaga\n|raw|Mitsunaga's rating: 1206 → 1231<\/strong> (+25 for winning)\n|raw|ogasep's rating: 1209 → 1184<\/strong> (-25 for losing)\n","uploadtime":1681800525,"views":8,"p1id":"mitsunaga","p2id":"ogasep","formatid":"gen9vgc2023regulationc","rating":1184,"private":0,"password":""}