{"id":"gen9vgc2023regulationc-1855077985","p1":"bronzongbroomsvgc","p2":"Lemurro","format":"[Gen 9] VGC 2023 Regulation C","log":"|j|\u2606bronzongbroomsvgc\n|j|\u2606Lemurro\n|t:|1682898598\n|gametype|doubles\n|player|p1|bronzongbroomsvgc|1|\n|player|p2|Lemurro|psychic-gen2|\n|teamsize|p1|6\n|teamsize|p2|6\n|gen|9\n|tier|[Gen 9] VGC 2023 Regulation C\n|rule|Species Clause: Limit one of each Pok\u00e9mon\n|rule|Item Clause: Limit one of each item\n|clearpoke\n|poke|p1|Slowbro, L50, M|\n|poke|p1|Tinkaton, L50, F|\n|poke|p1|Ursaring, L50, F|\n|poke|p1|Great Tusk, L50|\n|poke|p1|Skeledirge, L50, F|\n|poke|p1|Dragonite, L50, F|\n|poke|p2|Iron Bundle, L50|\n|poke|p2|Gholdengo, L50|\n|poke|p2|Great Tusk, L50|\n|poke|p2|Tyranitar, L50, M|\n|poke|p2|Talonflame, L50, F|\n|poke|p2|Farigiraf, L50, M|\n|teampreview|4\n|c|\u2606bronzongbroomsvgc|g2\n|j| DJSen\n|l|\u2606Lemurro\n|player|p2|\n|j| vinithewini\n|c|\u2606bronzongbroomsvgc|glhf\n|j| SpadesHS\n|j|\u2606Lemurro\n|player|p2|Lemurro|psychic-gen2\n|\n|t:|1682898969\n|start\n|switch|p1a: Tinkaton|Tinkaton, L50, F|100\/100\n|switch|p1b: Slowbro|Slowbro, L50, M|100\/100\n|switch|p2a: Timescape|Farigiraf, L50, M|100\/100\n|switch|p2b: the High Ground|Great Tusk, L50|100\/100\n|-ability|p1a: Tinkaton|Mold Breaker\n|turn|1\n|\n|t:|1682898984\n|move|p1a: Tinkaton|Fake Out|p2a: Timescape\n|-damage|p2a: Timescape|89\/100\n|move|p2b: the High Ground|Headlong Rush|p1a: Tinkaton\n|-supereffective|p1a: Tinkaton\n|-damage|p1a: Tinkaton|0 fnt\n|-unboost|p2b: the High Ground|def|1\n|-unboost|p2b: the High Ground|spd|1\n|faint|p1a: Tinkaton\n|cant|p2a: Timescape|flinch\n|move|p1b: Slowbro|Trick Room|p1b: Slowbro\n|-fieldstart|move: Trick Room|[of] p1b: Slowbro\n|\n|upkeep\n|\n|t:|1682899004\n|switch|p1a: Ursaring|Ursaring, L50, F|100\/100\n|turn|2\n|\n|t:|1682899035\n|-end|p2b: the High Ground|Protosynthesis|[silent]\n|switch|p2b: Silicon Avatar|Gholdengo, L50|100\/100\n|-terastallize|p1a: Ursaring|Ghost\n|move|p1b: Slowbro|Iron Defense|p1b: Slowbro\n|-boost|p1b: Slowbro|def|2\n|move|p1a: Ursaring|Facade|p2a: Timescape\n|-damage|p2a: Timescape|48\/100\n|-enditem|p2a: Timescape|Sitrus Berry|[eat]\n|-heal|p2a: Timescape|72\/100|[from] item: Sitrus Berry\n|move|p2a: Timescape|Trick Room|p2a: Timescape\n|-fieldend|move: Trick Room\n|\n|-status|p1a: Ursaring|brn|[from] item: Flame Orb\n|upkeep\n|turn|3\n|\n|t:|1682899091\n|switch|p1b: Great Tusk|Great Tusk, L50|100\/100\n|move|p2b: Silicon Avatar|Shadow Ball|p1a: Ursaring\n|-supereffective|p1a: Ursaring\n|-damage|p1a: Ursaring|8\/100 brn\n|move|p2a: Timescape|Imprison|p2a: Timescape\n|-start|p2a: Timescape|move: Imprison\n|move|p1a: Ursaring|High Horsepower|p2b: Silicon Avatar\n|-supereffective|p2b: Silicon Avatar\n|-damage|p2b: Silicon Avatar|0 fnt\n|faint|p2b: Silicon Avatar\n|\n|-damage|p1a: Ursaring|2\/100 brn|[from] brn\n|upkeep\n|\n|t:|1682899106\n|switch|p2b: the High Ground|Great Tusk, L50|100\/100\n|turn|4\n|\n|t:|1682899140\n|move|p2b: the High Ground|Rock Slide|p1b: Great Tusk|[spread] p1a,p1b\n|-resisted|p1b: Great Tusk\n|-damage|p1a: Ursaring|0 fnt\n|-damage|p1b: Great Tusk|98\/100\n|faint|p1a: Ursaring\n|move|p1b: Great Tusk|Headlong Rush|p2b: the High Ground\n|-damage|p2b: the High Ground|59\/100\n|-unboost|p1b: Great Tusk|def|1\n|-unboost|p1b: Great Tusk|spd|1\n|move|p2a: Timescape|Psyshock|p1b: Great Tusk\n|-supereffective|p1b: Great Tusk\n|-damage|p1b: Great Tusk|12\/100\n|\n|upkeep\n|\n|t:|1682899148\n|switch|p1a: Slowbro|Slowbro, L50, M|100\/100\n|turn|5\n|j| Hiiya Papaya\n|\n|t:|1682899166\n|move|p2b: the High Ground|Headlong Rush|p1a: Slowbro\n|-damage|p1a: Slowbro|45\/100\n|-unboost|p2b: the High Ground|def|1\n|-unboost|p2b: the High Ground|spd|1\n|move|p1b: Great Tusk|Close Combat|p2a: Timescape\n|-crit|p2a: Timescape\n|-damage|p2a: Timescape|0 fnt\n|-unboost|p1b: Great Tusk|def|1\n|-unboost|p1b: Great Tusk|spd|1\n|faint|p2a: Timescape\n|move|p1a: Slowbro|Iron Defense|p1a: Slowbro\n|-boost|p1a: Slowbro|def|2\n|\n|-heal|p1a: Slowbro|51\/100|[from] item: Leftovers\n|upkeep\n|\n|t:|1682899173\n|switch|p2a: 11001001|Iron Bundle, L50|100\/100\n|-enditem|p2a: 11001001|Booster Energy\n|-activate|p2a: 11001001|ability: Quark Drive|[fromitem]\n|-start|p2a: 11001001|quarkdrivespe\n|turn|6\n|\n|t:|1682899216\n|move|p2a: 11001001|Freeze-Dry|p1a: Slowbro\n|-supereffective|p1a: Slowbro\n|-damage|p1a: Slowbro|0 fnt\n|faint|p1a: Slowbro\n|move|p2b: the High Ground|Headlong Rush|p1b: Great Tusk\n|-damage|p1b: Great Tusk|0 fnt\n|-unboost|p2b: the High Ground|def|1\n|-unboost|p2b: the High Ground|spd|1\n|faint|p1b: Great Tusk\n|-end|p1b: Great Tusk|Protosynthesis|[silent]\n|\n|win|Lemurro\n|c|\u2606bronzongbroomsvgc|gg\n|l| vinithewini\n|l| DJSen\n|c|\u2606Lemurro|gg\n|l| Hiiya Papaya\n","uploadtime":1682899249,"views":14,"p1id":"bronzongbroomsvgc","p2id":"lemurro","formatid":"gen9vgc2023regulationc","rating":0,"private":0,"password":""}