{"id":"gen9vgc2023regulationc-1855176023","p1":"Emberbloom","p2":"Alexis_student","format":"[Gen 9] VGC 2023 Regulation C","log":"|j|\u2606Emberbloom\n|j|\u2606Alexis_student\n|t:|1682910757\n|gametype|doubles\n|player|p1|Emberbloom|flannery|1322\n|player|p2|Alexis_student|266|1317\n|teamsize|p1|6\n|teamsize|p2|6\n|gen|9\n|tier|[Gen 9] VGC 2023 Regulation C\n|rated|\n|rule|Species Clause: Limit one of each Pok\u00e9mon\n|rule|Item Clause: Limit one of each item\n|clearpoke\n|poke|p1|Corviknight, L50, M|\n|poke|p1|Tyranitar, L50, M|\n|poke|p1|Garchomp, L50, F|\n|poke|p1|Amoonguss, L50, M|\n|poke|p1|Arcanine, L50, M|\n|poke|p1|Iron Bundle, L50|\n|poke|p2|Chi-Yu, L50|\n|poke|p2|Flutter Mane, L50|\n|poke|p2|Palafin, L50, M|\n|poke|p2|Iron Hands, L50|\n|poke|p2|Dragonite, L50, M|\n|poke|p2|Amoonguss, L50, F|\n|teampreview|4\n|j| DarkRinoRex\n|inactive|Battle timer is ON: inactive players will automatically lose when time's up. (requested by Alexis_student)\n|\n|t:|1682910793\n|start\n|switch|p1a: Corviknight|Corviknight, L50, M, shiny|100\/100\n|switch|p1b: Garchomp|Garchomp, L50, F|100\/100\n|switch|p2a: Flutter Mane|Flutter Mane, L50|100\/100\n|switch|p2b: Palafin|Palafin, L50, M|100\/100\n|turn|1\n|inactive|Emberbloom has 30 seconds left.\n|\n|t:|1682910822\n|detailschange|p2b: Palafin|Palafin-Hero, L50, M\n|switch|p2b: Amoonguss|Amoonguss, L50, F|100\/100\n|-terastallize|p1b: Garchomp|Fire\n|move|p2a: Flutter Mane|Thunderbolt|p1a: Corviknight\n|-supereffective|p1a: Corviknight\n|-damage|p1a: Corviknight|16\/100\n|move|p1b: Garchomp|Tera Blast|p2b: Amoonguss\n|-supereffective|p2b: Amoonguss\n|-damage|p2b: Amoonguss|27\/100\n|-enditem|p2b: Amoonguss|Sitrus Berry|[eat]\n|-heal|p2b: Amoonguss|52\/100|[from] item: Sitrus Berry\n|move|p1a: Corviknight|Tailwind|p1a: Corviknight\n|-sidestart|p1: Emberbloom|move: Tailwind\n|\n|upkeep\n|turn|2\n|\n|t:|1682910845\n|switch|p2b: Palafin|Palafin-Hero, L50, M|100\/100\n|-activate|p2b: Palafin|ability: Zero to Hero\n|move|p1b: Garchomp|Earthquake|p2a: Flutter Mane|[spread] p2a,p2b\n|-immune|p1a: Corviknight\n|-damage|p2a: Flutter Mane|33\/100\n|-damage|p2b: Palafin|65\/100\n|move|p1a: Corviknight|Iron Head|p2a: Flutter Mane\n|-supereffective|p2a: Flutter Mane\n|-damage|p2a: Flutter Mane|0 fnt\n|faint|p2a: Flutter Mane\n|-end|p2a: Flutter Mane|Protosynthesis|[silent]\n|\n|upkeep\n|inactive|Alexis_student has 30 seconds left.\n|\n|t:|1682910876\n|switch|p2a: Dragonite|Dragonite, L50, M|100\/100\n|turn|3\n|inactive|Emberbloom has 30 seconds left.\n|\n|t:|1682910903\n|switch|p1b: Tyranitar|Tyranitar, L50, M, shiny|100\/100\n|-weather|Sandstorm|[from] ability: Sand Stream|[of] p1b: Tyranitar\n|switch|p1a: Arcanine|Arcanine, L50, M|100\/100\n|-ability|p1a: Arcanine|Intimidate|boost\n|-unboost|p2a: Dragonite|atk|1\n|-unboost|p2b: Palafin|atk|1\n|-terastallize|p2b: Palafin|Water\n|move|p2a: Dragonite|Extreme Speed|p1a: Arcanine\n|-damage|p1a: Arcanine|83\/100\n|move|p2b: Palafin|Jet Punch|p1b: Tyranitar\n|-supereffective|p1b: Tyranitar\n|-damage|p1b: Tyranitar|28\/100\n|\n|-weather|Sandstorm|[upkeep]\n|-damage|p2a: Dragonite|95\/100|[from] Sandstorm\n|-damage|p2b: Palafin|59\/100|[from] Sandstorm\n|upkeep\n|turn|4\n|inactive|Emberbloom has 30 seconds left.\n|inactive|Alexis_student has 30 seconds left.\n|\n|t:|1682910934\n|switch|p1b: Corviknight|Corviknight, L50, M, shiny|16\/100\n|move|p1a: Arcanine|Will-O-Wisp|p2b: Palafin\n|-status|p2b: Palafin|brn\n|move|p2a: Dragonite|Low Kick|p1b: Corviknight\n|-damage|p1b: Corviknight|0 fnt\n|faint|p1b: Corviknight\n|move|p2b: Palafin|Haze|p2b: Palafin\n|-clearallboost\n|\n|-weather|Sandstorm|[upkeep]\n|-damage|p2a: Dragonite|89\/100|[from] Sandstorm\n|-damage|p2b: Palafin|53\/100 brn|[from] Sandstorm\n|-damage|p2b: Palafin|47\/100 brn|[from] brn\n|-sideend|p1: Emberbloom|move: Tailwind\n|upkeep\n|\n|t:|1682910940\n|switch|p1b: Garchomp|Garchomp, L50, F, tera:Fire|100\/100\n|turn|5\n|\n|t:|1682910962\n|move|p2a: Dragonite|Extreme Speed|p1b: Garchomp\n|-damage|p1b: Garchomp|73\/100\n|move|p1b: Garchomp|Rock Slide|p2b: Palafin|[spread] p2a,p2b\n|-supereffective|p2a: Dragonite\n|-damage|p2a: Dragonite|52\/100\n|-damage|p2b: Palafin|29\/100 brn\n|move|p2b: Palafin|Wave Crash|p1b: Garchomp\n|-supereffective|p1b: Garchomp\n|-damage|p1b: Garchomp|0 fnt\n|faint|p1b: Garchomp\n|-damage|p2b: Palafin|7\/100 brn|[from] Recoil\n|move|p1a: Arcanine|Will-O-Wisp|p2a: Dragonite\n|-status|p2a: Dragonite|brn\n|-enditem|p2a: Dragonite|Lum Berry|[eat]\n|-curestatus|p2a: Dragonite|brn|[msg]\n|\n|-weather|Sandstorm|[upkeep]\n|-damage|p2a: Dragonite|47\/100|[from] Sandstorm\n|-damage|p2b: Palafin|1\/100 brn|[from] Sandstorm\n|-damage|p2b: Palafin|0 fnt|[from] brn\n|faint|p2b: Palafin\n|upkeep\n|\n|t:|1682910984\n|switch|p1b: Tyranitar|Tyranitar, L50, M, shiny|28\/100\n|switch|p2b: Amoonguss|Amoonguss, L50, F|85\/100\n|turn|6\n|inactive|Emberbloom has 30 seconds left.\n|\n|t:|1682911009\n|move|p2a: Dragonite|Low Kick|p1b: Tyranitar\n|-supereffective|p1b: Tyranitar\n|-damage|p1b: Tyranitar|0 fnt\n|faint|p1b: Tyranitar\n|move|p1a: Arcanine|Will-O-Wisp|p2a: Dragonite\n|-status|p2a: Dragonite|brn\n|move|p2b: Amoonguss|Spore|p1a: Arcanine\n|-activate|p1a: Arcanine|item: Safety Goggles|Spore\n|\n|-weather|Sandstorm|[upkeep]\n|-damage|p2a: Dragonite|41\/100 brn|[from] Sandstorm\n|-damage|p2b: Amoonguss|79\/100|[from] Sandstorm\n|-damage|p2a: Dragonite|35\/100 brn|[from] brn\n|upkeep\n|turn|7\n|\n|t:|1682911029\n|move|p2a: Dragonite|Extreme Speed|p1a: Arcanine\n|-damage|p1a: Arcanine|69\/100\n|move|p1a: Arcanine|Flare Blitz|p2b: Amoonguss\n|-supereffective|p2b: Amoonguss\n|-damage|p2b: Amoonguss|0 fnt\n|faint|p2b: Amoonguss\n|-damage|p1a: Arcanine|40\/100|[from] Recoil\n|\n|-weather|none\n|-damage|p2a: Dragonite|30\/100 brn|[from] brn\n|upkeep\n|turn|8\n|-message|Alexis_student forfeited.\n|\n|win|Emberbloom\n|raw|Emberbloom's rating: 1322 → 1342<\/strong> (+20 for winning)\n|raw|Alexis_student's rating: 1317 → 1297<\/strong> (-20 for losing)\n|l|\u2606Alexis_student\n","uploadtime":1682911044,"views":23,"p1id":"emberbloom","p2id":"alexisstudent","formatid":"gen9vgc2023regulationc","rating":1297,"private":0,"password":""}