{"id":"gen9vgc2023regulationc-1854475834","p1":"spone99","p2":"Sbradyb","format":"[Gen 9] VGC 2023 Regulation C","log":"|j|\u2606spone99\n|j|\u2606Sbradyb\n|t:|1682815782\n|gametype|doubles\n|player|p1|spone99|1|\n|player|p2|Sbradyb|101|\n|teamsize|p1|6\n|teamsize|p2|6\n|gen|9\n|tier|[Gen 9] VGC 2023 Regulation C\n|rule|Species Clause: Limit one of each Pok\u00e9mon\n|rule|Item Clause: Limit one of each item\n|clearpoke\n|poke|p1|Dondozo, L50, F|\n|poke|p1|Tatsugiri-Droopy, L50, F|\n|poke|p1|Pelipper, L50, F|\n|poke|p1|Drednaw, L50, M|\n|poke|p1|Dragonite, L50, M|\n|poke|p1|Chien-Pao, L50|\n|poke|p2|Gholdengo, L50|\n|poke|p2|Iron Bundle, L50|\n|poke|p2|Chi-Yu, L50|\n|poke|p2|Murkrow, L50, M|\n|poke|p2|Flutter Mane, L50|\n|poke|p2|Brute Bonnet, L50|\n|teampreview|4\nspone99 has agreed to open team sheets.\nSbradyb has agreed to open team sheets.\n|inactive|Battle timer is ON: inactive players will automatically lose when time's up. (requested by spone99)\n|inactiveoff|Battle timer is now OFF.\n|\n|t:|1682816023\n|start\n|switch|p1a: Dragonite|Dragonite, L50, M|100\/100\n|switch|p1b: Chien-Pao|Chien-Pao, L50|100\/100\n|switch|p2a: Flutter Mane|Flutter Mane, L50|100\/100\n|switch|p2b: Murkrow|Murkrow, L50, M, shiny|100\/100\n|-ability|p1b: Chien-Pao|Sword of Ruin\n|turn|1\n|\n|t:|1682816107\n|switch|p2b: Gholdengo|Gholdengo, L50|100\/100\n|-terastallize|p1a: Dragonite|Normal\n|move|p1b: Chien-Pao|Sucker Punch|p2a: Flutter Mane\n|-damage|p2a: Flutter Mane|25\/100\n|move|p2a: Flutter Mane|Dazzling Gleam|p1a: Dragonite|[spread] p1a,p1b\n|-supereffective|p1b: Chien-Pao\n|-damage|p1a: Dragonite|79\/100\n|-enditem|p1b: Chien-Pao|Focus Sash\n|-damage|p1b: Chien-Pao|1\/100\n|move|p1a: Dragonite|Ice Spinner|p2a: Flutter Mane\n|-damage|p2a: Flutter Mane|0 fnt\n|faint|p2a: Flutter Mane\n|-end|p2a: Flutter Mane|Protosynthesis|[silent]\n|\n|upkeep\n|\n|t:|1682816138\n|switch|p2a: Iron Bundle|Iron Bundle, L50, shiny|100\/100\n|-enditem|p2a: Iron Bundle|Booster Energy\n|-activate|p2a: Iron Bundle|ability: Quark Drive|[fromitem]\n|-start|p2a: Iron Bundle|quarkdrivespe\n|turn|2\n|\n|t:|1682816220\n|move|p2a: Iron Bundle|Protect|p2a: Iron Bundle\n|-singleturn|p2a: Iron Bundle|Protect\n|move|p1b: Chien-Pao|Protect|p1b: Chien-Pao\n|-singleturn|p1b: Chien-Pao|Protect\n|move|p1a: Dragonite|Extreme Speed|p2a: Iron Bundle\n|-activate|p2a: Iron Bundle|move: Protect\n|move|p2b: Gholdengo|Make It Rain|p1b: Chien-Pao|[spread] p1a\n|-activate|p1b: Chien-Pao|move: Protect\n|-damage|p1a: Dragonite|33\/100\n|-unboost|p2b: Gholdengo|spa|1\n|\n|upkeep\n|turn|3\n|\n|t:|1682816247\n|-end|p2a: Iron Bundle|Quark Drive|[silent]\n|switch|p2a: Murkrow|Murkrow, L50, M, shiny|100\/100\n|-terastallize|p2b: Gholdengo|Water\n|move|p1a: Dragonite|Extreme Speed|p2a: Murkrow\n|-crit|p2a: Murkrow\n|-enditem|p2a: Murkrow|Focus Sash\n|-damage|p2a: Murkrow|1\/100\n|move|p1b: Chien-Pao|Sucker Punch||[still]\n|-fail|p1b: Chien-Pao\n|move|p2b: Gholdengo|Make It Rain|p1a: Dragonite|[spread] p1a,p1b\n|-supereffective|p1b: Chien-Pao\n|-damage|p1a: Dragonite|5\/100\n|-damage|p1b: Chien-Pao|0 fnt\n|-unboost|p2b: Gholdengo|spa|1\n|faint|p1b: Chien-Pao\n|\n|upkeep\n|\n|t:|1682816266\n|switch|p1b: Dondozo|Dondozo, L50, F|100\/100\n|turn|4\n|\n|t:|1682816312\n|switch|p2a: Iron Bundle|Iron Bundle, L50, shiny|100\/100\n|switch|p1a: Tatsugiri|Tatsugiri-Droopy, L50, F, shiny|100\/100\n|-activate|p1a: Tatsugiri|ability: Commander|[of] p1b: Dondozo\n|-boost|p1b: Dondozo|atk|2\n|-boost|p1b: Dondozo|spa|2\n|-boost|p1b: Dondozo|spe|2\n|-boost|p1b: Dondozo|def|2\n|-boost|p1b: Dondozo|spd|2\n|move|p1b: Dondozo|Surf|p2b: Gholdengo|[spread] p2a,p2b\n|-miss|p1b: Dondozo|p1a: Tatsugiri\n|-resisted|p2a: Iron Bundle\n|-resisted|p2b: Gholdengo\n|-damage|p2a: Iron Bundle|38\/100\n|-damage|p2b: Gholdengo|70\/100\n|-damage|p1b: Dondozo|91\/100|[from] item: Life Orb\n|move|p2b: Gholdengo|Nasty Plot|p2b: Gholdengo\n|-boost|p2b: Gholdengo|spa|2\n|\n|-heal|p2b: Gholdengo|76\/100|[from] item: Leftovers\n|upkeep\n|turn|5\n|\n|t:|1682816370\n|move|p2a: Iron Bundle|Freeze-Dry|p1b: Dondozo\n|-supereffective|p1b: Dondozo\n|-damage|p1b: Dondozo|54\/100\n|move|p1b: Dondozo|Wave Crash|p2b: Gholdengo\n|-resisted|p2b: Gholdengo\n|-damage|p2b: Gholdengo|23\/100\n|-damage|p1b: Dondozo|40\/100|[from] Recoil\n|-damage|p1b: Dondozo|30\/100|[from] item: Life Orb\n|move|p2b: Gholdengo|Shadow Ball|p1b: Dondozo\n|-damage|p1b: Dondozo|8\/100\n|\n|-heal|p2b: Gholdengo|29\/100|[from] item: Leftovers\n|upkeep\n|turn|6\n|\n|t:|1682816391\n|move|p2a: Iron Bundle|Freeze-Dry|p1b: Dondozo\n|-supereffective|p1b: Dondozo\n|-damage|p1b: Dondozo|0 fnt\n|faint|p1b: Dondozo\n|move|p2b: Gholdengo|Shadow Ball|p1a: Tatsugiri\n|-damage|p1a: Tatsugiri|41\/100\n|\n|-heal|p2b: Gholdengo|35\/100|[from] item: Leftovers\n|upkeep\n|\n|t:|1682816400\n|switch|p1b: Dragonite|Dragonite, L50, M, tera:Normal|5\/100\n|turn|7\n|\n|t:|1682816415\n|move|p1b: Dragonite|Extreme Speed|p2a: Iron Bundle\n|-damage|p2a: Iron Bundle|0 fnt\n|faint|p2a: Iron Bundle\n|-end|p2a: Iron Bundle|Quark Drive|[silent]\n|move|p1a: Tatsugiri|Draco Meteor|p2b: Gholdengo\n|-damage|p2b: Gholdengo|0 fnt\n|-unboost|p1a: Tatsugiri|spa|2\n|faint|p2b: Gholdengo\n|\n|upkeep\n|-message|Sbradyb forfeited.\n|\n|win|spone99\n|l|\u2606Sbradyb\n","uploadtime":1682816441,"views":9,"p1id":"spone99","p2id":"sbradyb","formatid":"gen9vgc2023regulationc","rating":0,"private":0,"password":""}