{"id":"gen9vgc2023regulationc-1862873224","p1":"aj STRINGCHEESE","p2":"anshar_training","format":"[Gen 9] VGC 2023 Regulation C","log":"|j|\u2606aj STRINGCHEESE\n|j|\u2606anshar_training\n|t:|1683932069\n|gametype|doubles\n|player|p1|aj STRINGCHEESE|2|1362\n|player|p2|anshar_training|colress|1266\n|teamsize|p1|6\n|teamsize|p2|6\n|gen|9\n|tier|[Gen 9] VGC 2023 Regulation C\n|rated|\n|rule|Species Clause: Limit one of each Pok\u00e9mon\n|rule|Item Clause: Limit one of each item\n|clearpoke\n|poke|p1|Tyranitar, L50, F|\n|poke|p1|Lycanroc, L50, M|\n|poke|p1|Dondozo, L50, F|\n|poke|p1|Tatsugiri, L50, M|\n|poke|p1|Maushold, L50|\n|poke|p1|Annihilape, L50, M|\n|poke|p2|Gyarados, L50, F|\n|poke|p2|Flutter Mane, L50|\n|poke|p2|Chi-Yu, L50|\n|poke|p2|Amoonguss, L50, M|\n|poke|p2|Garchomp, L50, M|\n|poke|p2|Kingambit, L50, F|\n|teampreview|4\n|inactive|Battle timer is ON: inactive players will automatically lose when time's up. (requested by anshar_training)\n|inactive|aj STRINGCHEESE also wants the timer to be on.\n|inactive|aj STRINGCHEESE has 60 seconds left.\n|inactive|anshar_training has 60 seconds left.\n|inactive|anshar_training has 30 seconds left.\n|\n|t:|1683932137\n|start\n|switch|p1a: Tyranitar|Tyranitar, L50, F|100\/100\n|switch|p1b: Lycanroc|Lycanroc, L50, M|100\/100\n|switch|p2a: Flutter Mane|Flutter Mane, L50|100\/100\n|switch|p2b: Amoonguss|Amoonguss, L50, M|100\/100\n|-weather|Sandstorm|[from] ability: Sand Stream|[of] p1a: Tyranitar\n|-enditem|p2a: Flutter Mane|Booster Energy\n|-activate|p2a: Flutter Mane|ability: Protosynthesis|[fromitem]\n|-start|p2a: Flutter Mane|protosynthesisspa\n|turn|1\n|inactive|aj STRINGCHEESE has 30 seconds left.\n|inactive|anshar_training has 30 seconds left.\n|\n|t:|1683932172\n|-end|p2a: Flutter Mane|Protosynthesis|[silent]\n|switch|p2a: Garchomp|Garchomp, L50, M|100\/100\n|move|p1b: Lycanroc|Rock Slide|p2a: Garchomp|[spread] p2a,p2b\n|-resisted|p2a: Garchomp\n|-damage|p2a: Garchomp|86\/100\n|-damage|p2b: Amoonguss|75\/100\n|move|p1a: Tyranitar|Rock Slide|p2b: Amoonguss|[spread] p2a,p2b\n|-resisted|p2a: Garchomp\n|-damage|p2a: Garchomp|70\/100\n|-damage|p2b: Amoonguss|51\/100\n|move|p2b: Amoonguss|Spore|p1b: Lycanroc\n|-status|p1b: Lycanroc|slp|[from] move: Spore\n|\n|-weather|Sandstorm|[upkeep]\n|-damage|p2b: Amoonguss|45\/100|[from] Sandstorm\n|-enditem|p2b: Amoonguss|Sitrus Berry|[eat]\n|-heal|p2b: Amoonguss|69\/100|[from] item: Sitrus Berry\n|upkeep\n|turn|2\n|\n|t:|1683932190\n|switch|p2b: Gyarados|Gyarados, L50, F|100\/100\n|-ability|p2b: Gyarados|Intimidate|boost\n|-unboost|p1a: Tyranitar|atk|1\n|-unboost|p1b: Lycanroc|atk|1\n|cant|p1b: Lycanroc|slp\n|move|p1a: Tyranitar|Rock Slide|p2b: Gyarados|[spread] p2a\n|-miss|p1a: Tyranitar|p2b: Gyarados\n|-resisted|p2a: Garchomp\n|-damage|p2a: Garchomp|58\/100\n|move|p2a: Garchomp|Earthquake|p1b: Lycanroc|[spread] p1a,p1b\n|-immune|p2b: Gyarados\n|-supereffective|p1a: Tyranitar\n|-supereffective|p1b: Lycanroc\n|-damage|p1a: Tyranitar|25\/100\n|-enditem|p1b: Lycanroc|Focus Sash\n|-damage|p1b: Lycanroc|1\/100 slp\n|\n|-weather|Sandstorm|[upkeep]\n|-damage|p2b: Gyarados|94\/100|[from] Sandstorm\n|upkeep\n|turn|3\n|\n|t:|1683932211\n|cant|p1b: Lycanroc|slp\n|move|p1a: Tyranitar|Rock Slide|p2a: Garchomp|[spread] p2a,p2b\n|-resisted|p2a: Garchomp\n|-supereffective|p2b: Gyarados\n|-damage|p2a: Garchomp|47\/100\n|-damage|p2b: Gyarados|60\/100\n|move|p2a: Garchomp|Earthquake|p1a: Tyranitar|[spread] p1a,p1b\n|-immune|p2b: Gyarados\n|-supereffective|p1a: Tyranitar\n|-crit|p1a: Tyranitar\n|-supereffective|p1b: Lycanroc\n|-damage|p1a: Tyranitar|0 fnt\n|-damage|p1b: Lycanroc|0 fnt\n|faint|p1a: Tyranitar\n|faint|p1b: Lycanroc\n|cant|p2b: Gyarados|flinch\n|\n|-weather|Sandstorm|[upkeep]\n|-damage|p2b: Gyarados|54\/100|[from] Sandstorm\n|upkeep\n|\n|t:|1683932225\n|switch|p1b: Tatsugiri|Tatsugiri, L50, M|100\/100\n|switch|p1a: Dondozo|Dondozo, L50, F|100\/100\n|-activate|p1b: Tatsugiri|ability: Commander|[of] p1a: Dondozo\n|-boost|p1a: Dondozo|atk|2\n|-boost|p1a: Dondozo|spa|2\n|-boost|p1a: Dondozo|spe|2\n|-boost|p1a: Dondozo|def|2\n|-boost|p1a: Dondozo|spd|2\n|turn|4\n|\n|t:|1683932239\n|switch|p2b: Amoonguss|Amoonguss, L50, M|100\/100\n|move|p2a: Garchomp|Rock Tomb|p1a: Dondozo\n|-damage|p1a: Dondozo|94\/100\n|-unboost|p1a: Dondozo|spe|1\n|move|p1a: Dondozo|Wave Crash|p2b: Amoonguss\n|-resisted|p2b: Amoonguss\n|-damage|p2b: Amoonguss|54\/100\n|-damage|p1a: Dondozo|81\/100|[from] Recoil\n|\n|-weather|Sandstorm|[upkeep]\n|-damage|p1b: Tatsugiri|94\/100|[from] Sandstorm\n|-damage|p1a: Dondozo|75\/100|[from] Sandstorm\n|-damage|p2b: Amoonguss|48\/100|[from] Sandstorm\n|upkeep\n|turn|5\n|\n|t:|1683932254\n|switch|p2b: Gyarados|Gyarados, L50, F|54\/100\n|-ability|p2b: Gyarados|Intimidate|boost\n|-fail|p1a: Dondozo|unboost|Attack|[from] ability: Oblivious|[of] p1a: Dondozo\n|-unboost|p1b: Tatsugiri|atk|1\n|-terastallize|p1a: Dondozo|Grass\n|move|p2a: Garchomp|Rock Tomb|p1a: Dondozo\n|-damage|p1a: Dondozo|68\/100\n|-unboost|p1a: Dondozo|spe|1\n|move|p1a: Dondozo|Wave Crash|p2b: Gyarados\n|-resisted|p2b: Gyarados\n|-damage|p2b: Gyarados|1\/100\n|-enditem|p2b: Gyarados|Aguav Berry|[eat]\n|-heal|p2b: Gyarados|34\/100|[from] item: Aguav Berry\n|-damage|p1a: Dondozo|55\/100|[from] Recoil\n|\n|-weather|none\n|upkeep\n|turn|6\n|\n|t:|1683932276\n|switch|p2a: Amoonguss|Amoonguss, L50, M|82\/100\n|move|p2b: Gyarados|Thunder Wave|p1a: Dondozo\n|-status|p1a: Dondozo|par\n|move|p1a: Dondozo|Wave Crash|p2a: Amoonguss\n|-resisted|p2a: Amoonguss\n|-damage|p2a: Amoonguss|32\/100\n|-damage|p1a: Dondozo|41\/100 par|[from] Recoil\n|\n|upkeep\n|turn|7\n|\n|t:|1683932290\n|move|p2b: Gyarados|Waterfall|p1a: Dondozo\n|-resisted|p1a: Dondozo\n|-damage|p1a: Dondozo|35\/100 par\n|move|p2a: Amoonguss|Pollen Puff|p2b: Gyarados\n|-heal|p2b: Gyarados|84\/100\n|move|p1a: Dondozo|Wave Crash|p2b: Gyarados\n|-resisted|p2b: Gyarados\n|-damage|p2b: Gyarados|26\/100\n|-damage|p1a: Dondozo|20\/100 par|[from] Recoil\n|\n|upkeep\n|turn|8\n|-message|aj STRINGCHEESE forfeited.\n|\n|win|anshar_training\n|raw|aj STRINGCHEESE's rating: 1362 → 1337<\/strong> (-25 for losing)\n|raw|anshar_training's rating: 1266 → 1298<\/strong> (+32 for winning)\n|l|\u2606aj STRINGCHEESE\n","uploadtime":1683932303,"views":5,"p1id":"ajstringcheese","p2id":"anshartraining","formatid":"gen9vgc2023regulationc","rating":1298,"private":0,"password":""}