{"id":"gen9vgc2023regulationc-1847981311","p1":"200 routes","p2":"tracaos","format":"[Gen 9] VGC 2023 Regulation C","log":"|j|\u2606200 routes\n|j|\u2606tracaos\n|t:|1682017786\n|gametype|doubles\n|player|p1|200 routes|rosa|1377\n|player|p2|tracaos|alder|1306\n|teamsize|p1|6\n|teamsize|p2|6\n|gen|9\n|tier|[Gen 9] VGC 2023 Regulation C\n|rated|\n|rule|Species Clause: Limit one of each Pok\u00e9mon\n|rule|Item Clause: Limit one of each item\n|clearpoke\n|poke|p1|Scizor, L50, M|\n|poke|p1|Iron Bundle, L50|\n|poke|p1|Iron Hands, L50|\n|poke|p1|Baxcalibur, L50, M|\n|poke|p1|Amoonguss, L50, F|\n|poke|p1|Flutter Mane, L50|\n|poke|p2|Maushold, L50|\n|poke|p2|Annihilape, L50, M|\n|poke|p2|Glimmora, L50, M|\n|poke|p2|Tatsugiri-Droopy, L50, M|\n|poke|p2|Dondozo, L50, F|\n|poke|p2|Palafin, L50, F|\n|teampreview|4\n|inactive|Battle timer is ON: inactive players will automatically lose when time's up. (requested by tracaos)\ntracaos has agreed to open team sheets.\n200 routes rejected open team sheets.\n|c|\u2606tracaos|Why do you reject OTS?\n|inactive|200 routes has 60 seconds left.\n|inactive|tracaos has 60 seconds left.\n|c|\u2606200 routes|ic\n|c|\u2606tracaos|ok i understand\n|inactive|200 routes has 30 seconds left.\n|inactive|tracaos has 30 seconds left.\n|\n|t:|1682017853\n|start\n|switch|p1a: Flutter Mane|Flutter Mane, L50|100\/100\n|switch|p1b: Baxcalibur|Baxcalibur, L50, M|100\/100\n|switch|p2a: Maushold|Maushold, L50|100\/100\n|switch|p2b: Glimmora|Glimmora, L50, M|100\/100\n|turn|1\n|inactive|200 routes has 30 seconds left.\n|inactive|200 routes has 20 seconds left.\n|inactive|200 routes has 15 seconds left.\n|inactive|200 routes has 10 seconds left.\n|\n|t:|1682017899\n|-end|p1a: Flutter Mane|Protosynthesis|[silent]\n|switch|p1a: Amoonguss|Amoonguss, L50, F|100\/100\n|move|p2a: Maushold|Follow Me|p2a: Maushold\n|-singleturn|p2a: Maushold|move: Follow Me\n|move|p2b: Glimmora|Mortal Spin|p1b: Baxcalibur|[spread] p1a,p1b\n|-damage|p1a: Amoonguss|96\/100\n|-damage|p1b: Baxcalibur|96\/100\n|-status|p1b: Baxcalibur|psn\n|move|p1b: Baxcalibur|Glaive Rush|p2a: Maushold\n|-damage|p2a: Maushold|14\/100\n|-singlemove|p1b: Baxcalibur|Glaive Rush|[silent]\n|\n|-damage|p1b: Baxcalibur|84\/100 psn|[from] psn\n|upkeep\n|turn|2\n|\n|t:|1682017922\n|move|p2a: Maushold|Follow Me|p2a: Maushold\n|-singleturn|p2a: Maushold|move: Follow Me\n|move|p1b: Baxcalibur|Ice Shard|p2a: Maushold\n|-damage|p2a: Maushold|0 fnt\n|faint|p2a: Maushold\n|move|p2b: Glimmora|Power Gem|p1b: Baxcalibur\n|-supereffective|p1b: Baxcalibur\n|-damage|p1b: Baxcalibur|9\/100 psn\n|move|p1a: Amoonguss|Spore|p2b: Glimmora\n|-status|p2b: Glimmora|slp|[from] move: Spore\n|\n|-damage|p1b: Baxcalibur|0 fnt|[from] psn\n|faint|p1b: Baxcalibur\n|upkeep\n|\n|t:|1682017936\n|switch|p2a: Tatsugiri|Tatsugiri-Droopy, L50, M|100\/100\n|switch|p1b: Iron Bundle|Iron Bundle, L50|100\/100\n|-enditem|p1b: Iron Bundle|Booster Energy\n|-activate|p1b: Iron Bundle|ability: Quark Drive|[fromitem]\n|-start|p1b: Iron Bundle|quarkdrivespe\n|turn|3\n|\n|t:|1682017950\n|move|p2a: Tatsugiri|Protect|p2a: Tatsugiri\n|-singleturn|p2a: Tatsugiri|Protect\n|move|p1b: Iron Bundle|Freeze-Dry|p2a: Tatsugiri\n|-activate|p2a: Tatsugiri|move: Protect\n|cant|p2b: Glimmora|slp\n|move|p1a: Amoonguss|Spore|p2b: Glimmora\n|-fail|p2b: Glimmora|slp\n|\n|upkeep\n|turn|4\n|inactive|tracaos has 30 seconds left.\n|\n|t:|1682017983\n|switch|p2b: Dondozo|Dondozo, L50, F|100\/100\n|-activate|p2a: Tatsugiri|ability: Commander|[of] p2b: Dondozo\n|-boost|p2b: Dondozo|atk|2\n|-boost|p2b: Dondozo|spa|2\n|-boost|p2b: Dondozo|spe|2\n|-boost|p2b: Dondozo|def|2\n|-boost|p2b: Dondozo|spd|2\n|move|p1b: Iron Bundle|Freeze-Dry|p2a: Tatsugiri|[miss]\n|-miss|p1b: Iron Bundle|p2a: Tatsugiri\n|move|p1a: Amoonguss|Spore|p2b: Dondozo\n|-status|p2b: Dondozo|slp|[from] move: Spore\n|\n|upkeep\n|turn|5\n|inactive|200 routes has 30 seconds left.\n|\n|t:|1682018012\n|switch|p1a: Flutter Mane|Flutter Mane, L50|100\/100\n|cant|p2b: Dondozo|slp\n|move|p1b: Iron Bundle|Freeze-Dry|p2b: Dondozo\n|-supereffective|p2b: Dondozo\n|-damage|p2b: Dondozo|65\/100 slp\n|\n|-heal|p2b: Dondozo|71\/100 slp|[from] item: Leftovers\n|upkeep\n|turn|6\n|inactive|200 routes has 30 seconds left.\n|inactive|200 routes has 20 seconds left.\n|inactive|200 routes has 15 seconds left.\n|inactive|200 routes has 10 seconds left.\n|\n|t:|1682018060\n|-terastallize|p2b: Dondozo|Grass\n|move|p1b: Iron Bundle|Freeze-Dry|p2b: Dondozo\n|-supereffective|p2b: Dondozo\n|-damage|p2b: Dondozo|33\/100 slp\n|-curestatus|p2b: Dondozo|slp|[msg]\n|move|p2b: Dondozo|Tera Blast|p1b: Iron Bundle\n|-supereffective|p1b: Iron Bundle\n|-damage|p1b: Iron Bundle|0 fnt\n|faint|p1b: Iron Bundle\n|-end|p1b: Iron Bundle|Quark Drive|[silent]\n|move|p1a: Flutter Mane|Shadow Ball|p2b: Dondozo\n|-damage|p2b: Dondozo|2\/100\n|\n|-heal|p2b: Dondozo|8\/100|[from] item: Leftovers\n|upkeep\n|\n|t:|1682018073\n|switch|p1b: Amoonguss|Amoonguss, L50, F|100\/100\n|turn|7\n|inactive|200 routes has 30 seconds left.\n|\n|t:|1682018100\n|-terastallize|p1a: Flutter Mane|Water\n|move|p2b: Dondozo|Protect|p2b: Dondozo\n|-singleturn|p2b: Dondozo|Protect\n|move|p1a: Flutter Mane|Shadow Ball|p2b: Dondozo\n|-activate|p2b: Dondozo|move: Protect\n|move|p1b: Amoonguss|Spore|p2a: Tatsugiri|[miss]\n|-miss|p1b: Amoonguss|p2a: Tatsugiri\n|\n|-heal|p2b: Dondozo|15\/100|[from] item: Leftovers\n|upkeep\n|turn|8\n|\n|t:|1682018114\n|move|p2b: Dondozo|Tera Blast|p1a: Flutter Mane\n|-supereffective|p1a: Flutter Mane\n|-damage|p1a: Flutter Mane|0 fnt\n|faint|p1a: Flutter Mane\n|-end|p1a: Flutter Mane|Protosynthesis|[silent]\n|move|p1b: Amoonguss|Pollen Puff|p2b: Dondozo\n|-supereffective|p2b: Dondozo\n|-damage|p2b: Dondozo|0 fnt\n|faint|p2b: Dondozo\n|\n|upkeep\n|\n|t:|1682018123\n|switch|p2b: Glimmora|Glimmora, L50, M|100\/100 slp\n|turn|9\n|\n|t:|1682018136\n|move|p2a: Tatsugiri|Protect|p2a: Tatsugiri\n|-singleturn|p2a: Tatsugiri|Protect\n|cant|p2b: Glimmora|slp\n|move|p1b: Amoonguss|Spore|p2a: Tatsugiri\n|-activate|p2a: Tatsugiri|move: Protect\n|\n|upkeep\n|turn|10\n|\n|t:|1682018146\n|move|p2a: Tatsugiri|Icy Wind|p1b: Amoonguss\n|-supereffective|p1b: Amoonguss\n|-damage|p1b: Amoonguss|66\/100\n|-unboost|p1b: Amoonguss|spe|1\n|cant|p2b: Glimmora|slp\n|move|p1b: Amoonguss|Spore|p2a: Tatsugiri\n|-status|p2a: Tatsugiri|slp|[from] move: Spore\n|\n|upkeep\n|turn|11\n|\n|t:|1682018160\n|cant|p2a: Tatsugiri|slp\n|-curestatus|p2b: Glimmora|slp|[msg]\n|move|p2b: Glimmora|Earth Power|p1b: Amoonguss\n|-damage|p1b: Amoonguss|40\/100\n|-enditem|p1b: Amoonguss|Sitrus Berry|[eat]\n|-heal|p1b: Amoonguss|65\/100|[from] item: Sitrus Berry\n|move|p1b: Amoonguss|Pollen Puff|p2a: Tatsugiri\n|-damage|p2a: Tatsugiri|75\/100 slp\n|\n|upkeep\n|turn|12\n|\n|t:|1682018175\n|cant|p2a: Tatsugiri|slp\n|move|p2b: Glimmora|Power Gem|p1b: Amoonguss\n|-damage|p1b: Amoonguss|33\/100\n|move|p1b: Amoonguss|Pollen Puff|p2a: Tatsugiri\n|-damage|p2a: Tatsugiri|53\/100 slp\n|\n|upkeep\n|turn|13\n|\n|t:|1682018186\n|cant|p2a: Tatsugiri|slp\n|move|p2b: Glimmora|Power Gem|p1b: Amoonguss\n|-damage|p1b: Amoonguss|0 fnt\n|faint|p1b: Amoonguss\n|\n|win|tracaos\n|raw|200 routes's rating: 1377 → 1353<\/strong> (-24 for losing)\n|raw|tracaos's rating: 1306 → 1330<\/strong> (+24 for winning)\n","uploadtime":1682018191,"views":13,"p1id":"200routes","p2id":"tracaos","formatid":"gen9vgc2023regulationc","rating":1330,"private":0,"password":""}