{"id":"gen9vgc2023regulationc-1863767435","p1":"CbuttyVGC","p2":"Snackard","format":"[Gen 9] VGC 2023 Regulation C","log":"|j|\u2606CbuttyVGC\n|j|\u2606Snackard\n|t:|1684074113\n|gametype|doubles\n|player|p1|CbuttyVGC|acetrainer-gen4dp|\n|player|p2|Snackard|sailor|\n|teamsize|p1|6\n|teamsize|p2|6\n|gen|9\n|tier|[Gen 9] VGC 2023 Regulation C\n|rule|Tera Type Preview: Tera Types are shown at Team Preview\n|rule|Species Clause: Limit one of each Pok\u00e9mon\n|rule|Item Clause: Limit one of each item\n|clearpoke\n|poke|p1|Chien-Pao, L50|\n|poke|p1|Dragapult, L50, F|\n|poke|p1|Slither Wing, L50|\n|poke|p1|Hariyama, L50, F|\n|poke|p1|Venomoth, L50, M|\n|poke|p1|Bombirdier, L50, F|\n|poke|p2|Dragapult, L50, M|\n|poke|p2|Rotom-Wash, L50|\n|poke|p2|Amoonguss, L50, M|\n|poke|p2|Krookodile, L50, M|\n|poke|p2|Scizor, L50, M|\n|poke|p2|Sylveon, L50, F|\n|teampreview|4\n|raw|CbuttyVGC's Tera Types: \/ \/ \/ \/ \/ \n|raw|Snackard's Tera Types: \/ \/ \/ \/ \/ \n|inactive|Battle timer is ON: inactive players will automatically lose when time's up. (requested by CbuttyVGC)\n|c|\u2606Snackard|gl hf!\nSnackard has agreed to open team sheets.\n|inactiveoff|Battle timer is now OFF.\nCbuttyVGC rejected open team sheets.\n|c|\u2606CbuttyVGC|We aren't doing ots\n|c|\u2606CbuttyVGC|Just open Tera\n|c|\u2606Snackard|Oops you right\n|\n|t:|1684074180\n|start\n|switch|p1a: Slither Wing|Slither Wing, L50|100\/100\n|switch|p1b: Bombirdier|Bombirdier, L50, F|100\/100\n|switch|p2a: Scizor|Scizor, L50, M|100\/100\n|switch|p2b: Rotom|Rotom-Wash, L50|100\/100\n|turn|1\n|\n|t:|1684074198\n|move|p1b: Bombirdier|Tailwind|p1b: Bombirdier\n|-sidestart|p1: CbuttyVGC|move: Tailwind\n|move|p1a: Slither Wing|Flame Charge|p2a: Scizor\n|-supereffective|p2a: Scizor\n|-damage|p2a: Scizor|19\/100\n|-boost|p1a: Slither Wing|spe|1\n|move|p2b: Rotom|Will-O-Wisp|p1a: Slither Wing\n|-status|p1a: Slither Wing|brn\n|move|p2a: Scizor|U-turn|p1b: Bombirdier\n|-damage|p1b: Bombirdier|48\/100\n|\n|t:|1684074214\n|switch|p2a: Sylveon|Sylveon, L50, F|100\/100|[from] U-turn\n|\n|-damage|p1a: Slither Wing|95\/100 brn|[from] brn\n|upkeep\n|turn|2\n|\n|t:|1684074234\n|move|p1a: Slither Wing|Close Combat|p2b: Rotom\n|-damage|p2b: Rotom|69\/100\n|-unboost|p1a: Slither Wing|def|1\n|-unboost|p1a: Slither Wing|spd|1\n|move|p1b: Bombirdier|Knock Off|p2a: Sylveon\n|-resisted|p2a: Sylveon\n|-damage|p2a: Sylveon|74\/100\n|-enditem|p2a: Sylveon|Throat Spray|[from] move: Knock Off|[of] p1b: Bombirdier\n|move|p2b: Rotom|Volt Switch|p1a: Slither Wing\n|-damage|p1a: Slither Wing|70\/100 brn\n|\n|t:|1684074248\n|switch|p2b: Dragapult|Dragapult, L50, M|100\/100|[from] Volt Switch\n|move|p2a: Sylveon|Hyper Voice|p1b: Bombirdier|[spread] p1a,p1b\n|-supereffective|p1a: Slither Wing\n|-supereffective|p1b: Bombirdier\n|-damage|p1a: Slither Wing|0 fnt\n|-damage|p1b: Bombirdier|0 fnt\n|faint|p1a: Slither Wing\n|-end|p1a: Slither Wing|Protosynthesis|[silent]\n|faint|p1b: Bombirdier\n|\n|upkeep\n|\n|t:|1684074253\n|switch|p1b: Chien-Pao|Chien-Pao, L50|100\/100\n|switch|p1a: Dragapult|Dragapult, L50, F|100\/100\n|-ability|p1b: Chien-Pao|Sword of Ruin\n|turn|3\n|\n|t:|1684074280\n|-terastallize|p1a: Dragapult|Steel\n|-terastallize|p2b: Dragapult|Steel\n|move|p1b: Chien-Pao|Throat Chop|p2a: Sylveon\n|-resisted|p2a: Sylveon\n|-damage|p2a: Sylveon|39\/100\n|-start|p2a: Sylveon|Throat Chop|[silent]\n|move|p1a: Dragapult|Dragon Darts|p2b: Dragapult\n|-resisted|p2b: Dragapult\n|-damage|p2b: Dragapult|57\/100\n|-anim|p1a: Dragapult|Dragon Darts|p2b: Dragapult\n|-resisted|p2b: Dragapult\n|-damage|p2b: Dragapult|16\/100\n|move|p2b: Dragapult|Dragon Darts|p1a: Dragapult\n|-resisted|p1a: Dragapult\n|-damage|p1a: Dragapult|69\/100\n|-anim|p2b: Dragapult|Dragon Darts|p1b: Chien-Pao\n|-damage|p1b: Chien-Pao|50\/100\n|cant|p2a: Sylveon|move: Throat Chop\n|\n|upkeep\n|turn|4\n|\n|t:|1684074304\n|move|p1b: Chien-Pao|Ice Spinner|p2a: Sylveon\n|-damage|p2a: Sylveon|0 fnt\n|faint|p2a: Sylveon\n|move|p1a: Dragapult|Dragon Darts|p2b: Dragapult\n|-resisted|p2b: Dragapult\n|-damage|p2b: Dragapult|0 fnt\n|faint|p2b: Dragapult\n|\n|-sideend|p1: CbuttyVGC|move: Tailwind\n|upkeep\n|\n|t:|1684074308\n|switch|p2b: Scizor|Scizor, L50, M|19\/100\n|switch|p2a: Rotom|Rotom-Wash, L50|69\/100\n|turn|5\n|\n|t:|1684074319\n|move|p1b: Chien-Pao|Protect|p1b: Chien-Pao\n|-singleturn|p1b: Chien-Pao|Protect\n|move|p2b: Scizor|Bullet Punch|p1b: Chien-Pao\n|-activate|p1b: Chien-Pao|move: Protect\n|move|p1a: Dragapult|Dragon Darts|p2b: Scizor\n|-resisted|p2b: Scizor\n|-damage|p2b: Scizor|0 fnt\n|-anim|p1a: Dragapult|Dragon Darts|p2a: Rotom\n|-damage|p2a: Rotom|17\/100\n|faint|p2b: Scizor\n|move|p2a: Rotom|Will-O-Wisp|p1a: Dragapult\n|-status|p1a: Dragapult|brn\n|\n|-heal|p2a: Rotom|23\/100|[from] item: Leftovers\n|-damage|p1a: Dragapult|63\/100 brn|[from] brn\n|upkeep\n|turn|6\n|c|\u2606CbuttyVGC|Gg\n|\n|t:|1684074331\n|move|p1b: Chien-Pao|Throat Chop|p2a: Rotom\n|-damage|p2a: Rotom|0 fnt\n|faint|p2a: Rotom\n|\n|win|CbuttyVGC\n|c|\u2606Snackard|gg\n","uploadtime":1684074338,"views":22,"p1id":"cbuttyvgc","p2id":"snackard","formatid":"gen9vgc2023regulationc","rating":0,"private":0,"password":""}