{"id":"gen9vgc2023regulationc-1859563780","p1":"NicoBera","p2":"nightamara","format":"[Gen 9] VGC 2023 Regulation C","log":"|j|\u2606NicoBera\n|j|\u2606nightamara\n|t:|1683542371\n|gametype|doubles\n|player|p1|NicoBera|170|1250\n|player|p2|nightamara|greta-gen3|1248\n|teamsize|p1|6\n|teamsize|p2|6\n|gen|9\n|tier|[Gen 9] VGC 2023 Regulation C\n|rated|\n|rule|Species Clause: Limit one of each Pok\u00e9mon\n|rule|Item Clause: Limit one of each item\n|clearpoke\n|poke|p1|Palafin, L50, M|\n|poke|p1|Flutter Mane, L50|\n|poke|p1|Iron Hands, L50|\n|poke|p1|Amoonguss, L50, F|\n|poke|p1|Dragonite, L50, F|\n|poke|p1|Scream Tail, L50|\n|poke|p2|Palafin, L50, M|\n|poke|p2|Arcanine, L50, M|\n|poke|p2|Amoonguss, L50, M|\n|poke|p2|Kingambit, L50, F|\n|poke|p2|Flutter Mane, L50|\n|poke|p2|Dragonite, L50, F|\n|teampreview|4\nnightamara has agreed to open team sheets.\n|\n|t:|1683542387\n|start\n|switch|p1a: Palafin|Palafin, L50, M, shiny|100\/100\n|switch|p1b: Scream Tail|Scream Tail, L50|100\/100\n|switch|p2a: Palafin|Palafin, L50, M|100\/100\n|switch|p2b: Amoonguss|Amoonguss, L50, M|100\/100\n|-enditem|p1b: Scream Tail|Booster Energy\n|-activate|p1b: Scream Tail|ability: Protosynthesis|[fromitem]\n|-start|p1b: Scream Tail|protosynthesisspe\n|turn|1\n|\n|t:|1683542398\n|detailschange|p2a: Palafin|Palafin-Hero, L50, M\n|switch|p2a: Arcanine|Arcanine, L50, M|100\/100\n|-ability|p2a: Arcanine|Intimidate|boost\n|-unboost|p1a: Palafin|atk|1\n|-enditem|p1a: Palafin|Eject Pack\n|-unboost|p1b: Scream Tail|atk|1\n|\n|t:|1683542403\n|detailschange|p1a: Palafin|Palafin-Hero, L50, M, shiny\n|switch|p1a: Amoonguss|Amoonguss, L50, F|100\/100\n|switch|p2b: Flutter Mane|Flutter Mane, L50|100\/100\n|-enditem|p2b: Flutter Mane|Booster Energy\n|-activate|p2b: Flutter Mane|ability: Protosynthesis|[fromitem]\n|-start|p2b: Flutter Mane|protosynthesisspa\n|move|p1b: Scream Tail|Protect||[still]\n|-fail|p1b: Scream Tail\n|\n|upkeep\n|turn|2\n|\n|t:|1683542422\n|move|p1b: Scream Tail|Protect|p1b: Scream Tail\n|-singleturn|p1b: Scream Tail|Protect\n|move|p1a: Amoonguss|Protect|p1a: Amoonguss\n|-singleturn|p1a: Amoonguss|Protect\n|move|p2b: Flutter Mane|Shadow Ball|p1a: Amoonguss\n|-activate|p1a: Amoonguss|move: Protect\n|move|p2a: Arcanine|Flare Blitz|p1a: Amoonguss\n|-activate|p1a: Amoonguss|move: Protect\n|\n|upkeep\n|turn|3\n|\n|t:|1683542434\n|move|p1b: Scream Tail|Disable|p2a: Arcanine\n|-start|p2a: Arcanine|Disable|Flare Blitz\n|move|p2b: Flutter Mane|Shadow Ball|p1a: Amoonguss\n|-damage|p1a: Amoonguss|59\/100\n|cant|p2a: Arcanine|Disable|Flare Blitz\n|move|p1a: Amoonguss|Spore|p2b: Flutter Mane\n|-status|p2b: Flutter Mane|slp|[from] move: Spore\n|\n|upkeep\n|turn|4\n|\n|t:|1683542450\n|-end|p2b: Flutter Mane|Protosynthesis|[silent]\n|switch|p2b: Palafin|Palafin-Hero, L50, M|100\/100\n|-activate|p2b: Palafin|ability: Zero to Hero\n|switch|p1a: Dragonite|Dragonite, L50, F|100\/100\n|move|p1b: Scream Tail|Encore|p2a: Arcanine\n|-start|p2a: Arcanine|Encore\n|cant|p2a: Arcanine|Disable|Flare Blitz\n|\n|upkeep\n|turn|5\n|\n|t:|1683542470\n|switch|p2a: Flutter Mane|Flutter Mane, L50|100\/100 slp\n|-terastallize|p2b: Palafin|Water\n|move|p2b: Palafin|Jet Punch|p1b: Scream Tail\n|-damage|p1b: Scream Tail|50\/100\n|move|p1b: Scream Tail|Dazzling Gleam|p2b: Palafin|[spread] p2a,p2b\n|-damage|p2a: Flutter Mane|87\/100 slp\n|-damage|p2b: Palafin|84\/100\n|move|p1a: Dragonite|Dragon Dance|p1a: Dragonite\n|-boost|p1a: Dragonite|atk|1\n|-boost|p1a: Dragonite|spe|1\n|\n|upkeep\n|turn|6\n|\n|t:|1683542485\n|-end|p1b: Scream Tail|Protosynthesis|[silent]\n|switch|p1b: Amoonguss|Amoonguss, L50, F|92\/100\n|move|p2b: Palafin|Jet Punch|p1b: Amoonguss\n|-resisted|p1b: Amoonguss\n|-damage|p1b: Amoonguss|64\/100\n|move|p1a: Dragonite|Dragon Dance|p1a: Dragonite\n|-boost|p1a: Dragonite|atk|1\n|-boost|p1a: Dragonite|spe|1\n|cant|p2a: Flutter Mane|slp\n|\n|upkeep\n|turn|7\n|\n|t:|1683542499\n|-terastallize|p1a: Dragonite|Flying\n|move|p1a: Dragonite|Tera Blast|p2a: Flutter Mane\n|-damage|p2a: Flutter Mane|0 fnt\n|faint|p2a: Flutter Mane\n|-end|p2a: Flutter Mane|Protosynthesis|[silent]\n|move|p2b: Palafin|Wave Crash|p1b: Amoonguss\n|-resisted|p1b: Amoonguss\n|-damage|p1b: Amoonguss|16\/100\n|-enditem|p1b: Amoonguss|Sitrus Berry|[eat]\n|-heal|p1b: Amoonguss|41\/100|[from] item: Sitrus Berry\n|-damage|p2b: Palafin|67\/100|[from] Recoil\n|move|p1b: Amoonguss|Spore|p2b: Palafin\n|-status|p2b: Palafin|slp|[from] move: Spore\n|\n|upkeep\n|inactive|Battle timer is ON: inactive players will automatically lose when time's up. (requested by NicoBera)\n|\n|t:|1683542514\n|switch|p2a: Arcanine|Arcanine, L50, M|100\/100\n|-ability|p2a: Arcanine|Intimidate|boost\n|-unboost|p1a: Dragonite|atk|1\n|-unboost|p1b: Amoonguss|atk|1\n|turn|8\n|\n|t:|1683542521\n|switch|p1b: Scream Tail|Scream Tail, L50|50\/100\n|move|p1a: Dragonite|Dragon Dance|p1a: Dragonite\n|-boost|p1a: Dragonite|atk|1\n|-boost|p1a: Dragonite|spe|1\n|move|p2a: Arcanine|Flare Blitz|p1b: Scream Tail\n|-damage|p1b: Scream Tail|16\/100\n|-damage|p2a: Arcanine|88\/100|[from] Recoil\n|cant|p2b: Palafin|slp\n|\n|upkeep\n|turn|9\n|\n|t:|1683542545\n|move|p1a: Dragonite|Extreme Speed|p2b: Palafin\n|-crit|p2b: Palafin\n|-damage|p2b: Palafin|0 fnt\n|faint|p2b: Palafin\n|move|p2a: Arcanine|Extreme Speed|p1b: Scream Tail\n|-damage|p1b: Scream Tail|0 fnt\n|faint|p1b: Scream Tail\n|-end|p1b: Scream Tail|Protosynthesis|[silent]\n|\n|upkeep\n|\n|t:|1683542553\n|switch|p1b: Palafin|Palafin-Hero, L50, M, shiny|100\/100\n|switch|p2b: Amoonguss|Amoonguss, L50, M|100\/100\n|-activate|p1b: Palafin|ability: Zero to Hero\n|turn|10\n|\n|t:|1683542568\n|move|p1b: Palafin|Protect|p1b: Palafin\n|-singleturn|p1b: Palafin|Protect\n|move|p1a: Dragonite|Tera Blast|p2b: Amoonguss\n|-supereffective|p2b: Amoonguss\n|-damage|p2b: Amoonguss|0 fnt\n|faint|p2b: Amoonguss\n|move|p2a: Arcanine|Flare Blitz|p1b: Palafin\n|-activate|p1b: Palafin|move: Protect\n|\n|upkeep\n|turn|11\n|\n|t:|1683542579\n|move|p1b: Palafin|Jet Punch|p2a: Arcanine\n|-supereffective|p2a: Arcanine\n|-damage|p2a: Arcanine|23\/100\n|move|p1a: Dragonite|Tera Blast|p2a: Arcanine\n|-damage|p2a: Arcanine|0 fnt\n|faint|p2a: Arcanine\n|\n|win|NicoBera\n|raw|NicoBera's rating: 1250 → 1275<\/strong> (+25 for winning)\n|raw|nightamara's rating: 1248 → 1223<\/strong> (-25 for losing)\n|l|\u2606NicoBera\n","uploadtime":1683542589,"views":8,"p1id":"nicobera","p2id":"nightamara","formatid":"gen9vgc2023regulationc","rating":1223,"private":0,"password":""}