{"id":"gen9vgc2023regulationc-1858720222","p1":"haha you rage quit","p2":"Rickpv","format":"[Gen 9] VGC 2023 Regulation C","log":"|j|\u2606haha you rage quit\n|j|\u2606Rickpv\n|t:|1683347900\n|gametype|doubles\n|player|p1|haha you rage quit|266|1312\n|player|p2|Rickpv|flint|1315\n|teamsize|p1|6\n|teamsize|p2|6\n|gen|9\n|tier|[Gen 9] VGC 2023 Regulation C\n|rated|\n|rule|Species Clause: Limit one of each Pok\u00e9mon\n|rule|Item Clause: Limit one of each item\n|clearpoke\n|poke|p1|Murkrow, L50, M|\n|poke|p1|Flutter Mane, L50|\n|poke|p1|Great Tusk, L50|\n|poke|p1|Chi-Yu, L50|\n|poke|p1|Baxcalibur, L50, M|\n|poke|p1|Talonflame, L50, M|\n|poke|p2|Chi-Yu, L50|\n|poke|p2|Flutter Mane, L50|\n|poke|p2|Gyarados, L50, F|\n|poke|p2|Amoonguss, L50, F|\n|poke|p2|Kingambit, L50, M|\n|poke|p2|Iron Hands, L50|\n|teampreview|4\n|\n|t:|1683347945\n|start\n|switch|p1a: Murkrow|Murkrow, L50, M|100\/100\n|switch|p1b: Great Tusk|Great Tusk, L50, shiny|100\/100\n|switch|p2a: Gyarados|Gyarados, L50, F|100\/100\n|switch|p2b: Iron Hands|Iron Hands, L50|100\/100\n|-ability|p2a: Gyarados|Intimidate|boost\n|-unboost|p1a: Murkrow|atk|1\n|-unboost|p1b: Great Tusk|atk|1\n|turn|1\n|\n|t:|1683347984\n|-end|p1b: Great Tusk|Protosynthesis|[silent]\n|switch|p1b: Baxcalibur|Baxcalibur, L50, M|100\/100\n|move|p1a: Murkrow|Protect|p1a: Murkrow\n|-singleturn|p1a: Murkrow|Protect\n|move|p2b: Iron Hands|Protect|p2b: Iron Hands\n|-singleturn|p2b: Iron Hands|Protect\n|move|p2a: Gyarados|Waterfall|p1b: Baxcalibur\n|-resisted|p1b: Baxcalibur\n|-damage|p1b: Baxcalibur|85\/100\n|\n|upkeep\n|turn|2\n|\n|t:|1683348015\n|-terastallize|p1b: Baxcalibur|Poison\n|move|p1a: Murkrow|Tailwind|p1a: Murkrow\n|-sidestart|p1: haha you rage quit|move: Tailwind\n|move|p1b: Baxcalibur|Icicle Spear|p2a: Gyarados\n|-damage|p2a: Gyarados|87\/100\n|-damage|p2a: Gyarados|73\/100\n|-damage|p2a: Gyarados|58\/100\n|-damage|p2a: Gyarados|43\/100\n|-damage|p2a: Gyarados|28\/100\n|-hitcount|p2a: Gyarados|5\n|move|p2a: Gyarados|Taunt|p1a: Murkrow\n|-start|p1a: Murkrow|move: Taunt\n|move|p2b: Iron Hands|Swords Dance|p2b: Iron Hands\n|-boost|p2b: Iron Hands|atk|2\n|\n|upkeep\n|turn|3\n|\n|t:|1683348048\n|switch|p2a: Chi-Yu|Chi-Yu, L50|100\/100\n|-ability|p2a: Chi-Yu|Beads of Ruin\n|move|p1a: Murkrow|Acrobatics|p2a: Chi-Yu\n|-damage|p2a: Chi-Yu|79\/100\n|move|p1b: Baxcalibur|Icicle Spear|p2b: Iron Hands\n|-damage|p2b: Iron Hands|90\/100\n|-damage|p2b: Iron Hands|79\/100\n|-damage|p2b: Iron Hands|68\/100\n|-damage|p2b: Iron Hands|57\/100\n|-damage|p2b: Iron Hands|45\/100\n|-hitcount|p2b: Iron Hands|5\n|move|p2b: Iron Hands|Drain Punch|p1a: Murkrow\n|-enditem|p1a: Murkrow|Focus Sash\n|-damage|p1a: Murkrow|1\/100\n|-heal|p2b: Iron Hands|73\/100|[from] drain|[of] p1a: Murkrow\n|\n|upkeep\n|turn|4\n|\n|t:|1683348079\n|move|p1a: Murkrow|Acrobatics|p2b: Iron Hands\n|-damage|p2b: Iron Hands|53\/100\n|move|p1b: Baxcalibur|Icicle Spear|p2b: Iron Hands\n|-damage|p2b: Iron Hands|42\/100\n|-damage|p2b: Iron Hands|31\/100\n|-damage|p2b: Iron Hands|20\/100\n|-damage|p2b: Iron Hands|9\/100\n|-crit|p2b: Iron Hands\n|-damage|p2b: Iron Hands|0 fnt\n|faint|p2b: Iron Hands\n|-end|p2b: Iron Hands|Quark Drive|[silent]\n|-hitcount|p2: Iron Hands|5\n|move|p2a: Chi-Yu|Dark Pulse|p1b: Baxcalibur\n|-damage|p1b: Baxcalibur|31\/100\n|\n|upkeep\n|\n|t:|1683348094\n|switch|p2b: Gyarados|Gyarados, L50, F|28\/100\n|-ability|p2b: Gyarados|Intimidate|boost\n|-unboost|p1a: Murkrow|atk|1\n|-unboost|p1b: Baxcalibur|atk|1\n|turn|5\n|\n|t:|1683348113\n|move|p1a: Murkrow|Acrobatics|p2a: Chi-Yu\n|-damage|p2a: Chi-Yu|47\/100\n|move|p1b: Baxcalibur|Icicle Spear|p2b: Gyarados\n|-damage|p2b: Gyarados|18\/100\n|-crit|p2b: Gyarados\n|-damage|p2b: Gyarados|0 fnt\n|faint|p2b: Gyarados\n|-hitcount|p2: Gyarados|2\n|move|p2a: Chi-Yu|Dark Pulse|p1b: Baxcalibur\n|-damage|p1b: Baxcalibur|0 fnt\n|faint|p1b: Baxcalibur\n|\n|-end|p1a: Murkrow|move: Taunt\n|-sideend|p1: haha you rage quit|move: Tailwind\n|upkeep\n|\n|t:|1683348125\n|switch|p1b: Great Tusk|Great Tusk, L50, shiny|100\/100\n|switch|p2b: Flutter Mane|Flutter Mane, L50|100\/100\n|-enditem|p2b: Flutter Mane|Booster Energy\n|-activate|p2b: Flutter Mane|ability: Protosynthesis|[fromitem]\n|-start|p2b: Flutter Mane|protosynthesisspa\n|turn|6\n|\n|t:|1683348134\n|move|p1a: Murkrow|Tailwind|p1a: Murkrow\n|-sidestart|p1: haha you rage quit|move: Tailwind\n|move|p1b: Great Tusk|Earthquake|p2a: Chi-Yu|[spread] p2a,p2b\n|-immune|p1a: Murkrow\n|-supereffective|p2a: Chi-Yu\n|-crit|p2a: Chi-Yu\n|-damage|p2a: Chi-Yu|0 fnt\n|-damage|p2b: Flutter Mane|6\/100\n|faint|p2a: Chi-Yu\n|move|p2b: Flutter Mane|Shadow Ball|p1b: Great Tusk\n|-damage|p1b: Great Tusk|37\/100\n|\n|upkeep\n|turn|7\n|\n|t:|1683348146\n|move|p1a: Murkrow|Acrobatics|p2b: Flutter Mane\n|-damage|p2b: Flutter Mane|0 fnt\n|faint|p2b: Flutter Mane\n|-end|p2b: Flutter Mane|Protosynthesis|[silent]\n|\n|win|haha you rage quit\n|raw|haha you rage quit's rating: 1312 → 1332<\/strong> (+20 for winning)\n|raw|Rickpv's rating: 1315 → 1295<\/strong> (-20 for losing)\n|j| vsNOMEKOPvs\n|l| vsNOMEKOPvs\n|l|\u2606Rickpv\n","uploadtime":1683348162,"views":8,"p1id":"hahayouragequit","p2id":"rickpv","formatid":"gen9vgc2023regulationc","rating":1295,"private":0,"password":""}