{"id":"gen9vgc2023regulationc-1856054009","p1":"Ray Rizzlord","p2":"subChar","format":"[Gen 9] VGC 2023 Regulation C","log":"|j|\u2606Ray Rizzlord\n|j|\u2606subChar\n|t:|1683023834\n|gametype|doubles\n|player|p1|Ray Rizzlord|policeman-gen4|1106\n|player|p2|subChar|rosa|1147\n|teamsize|p1|6\n|teamsize|p2|6\n|gen|9\n|tier|[Gen 9] VGC 2023 Regulation C\n|rated|\n|rule|Species Clause: Limit one of each Pok\u00e9mon\n|rule|Item Clause: Limit one of each item\n|clearpoke\n|poke|p1|Torkoal, L50, F|\n|poke|p1|Jumpluff, L50, M|\n|poke|p1|Great Tusk, L50|\n|poke|p1|Flutter Mane, L50|\n|poke|p1|Gyarados, L50, M|\n|poke|p1|Iron Hands, L50|\n|poke|p2|Armarouge, L50, M|\n|poke|p2|Indeedee-F, L50, F|\n|poke|p2|Torkoal, L50, F|\n|poke|p2|Iron Hands, L50|\n|poke|p2|Ting-Lu, L50|\n|poke|p2|Wo-Chien, L50|\n|teampreview|4\n|\n|t:|1683023872\n|start\n|switch|p1a: Gyarados|Gyarados, L50, M|100\/100\n|switch|p1b: Great Tusk|Great Tusk, L50|100\/100\n|switch|p2a: Indeedee|Indeedee-F, L50, F|100\/100\n|switch|p2b: Armarouge|Armarouge, L50, M|100\/100\n|-fieldstart|move: Psychic Terrain|[from] ability: Psychic Surge|[of] p2a: Indeedee\n|-ability|p1a: Gyarados|Intimidate|boost\n|-unboost|p2a: Indeedee|atk|1\n|-unboost|p2b: Armarouge|atk|1\n|turn|1\n|inactive|Battle timer is ON: inactive players will automatically lose when time's up. (requested by subChar)\n|inactive|subChar has 60 seconds left.\n|\n|t:|1683023908\n|-terastallize|p2b: Armarouge|Grass\n|move|p1a: Gyarados|Helping Hand|p1b: Great Tusk\n|-singleturn|p1b: Great Tusk|Helping Hand|[of] p1a: Gyarados\n|move|p1b: Great Tusk|Earthquake|p2a: Indeedee|[spread] p2a,p2b\n|-immune|p1a: Gyarados\n|-resisted|p2b: Armarouge\n|-damage|p2a: Indeedee|15\/100\n|-damage|p2b: Armarouge|71\/100\n|move|p2b: Armarouge|Expanding Force|p1a: Gyarados|[spread] p1a,p1b\n|-supereffective|p1b: Great Tusk\n|-damage|p1a: Gyarados|41\/100\n|-damage|p1b: Great Tusk|0 fnt\n|faint|p1b: Great Tusk\n|-end|p1b: Great Tusk|Protosynthesis|[silent]\n|move|p2a: Indeedee|Trick Room|p2a: Indeedee\n|-fieldstart|move: Trick Room|[of] p2a: Indeedee\n|\n|upkeep\n|inactive|Ray Rizzlord has 30 seconds left.\n|inactive|Ray Rizzlord has 20 seconds left.\n|inactive|Ray Rizzlord has 15 seconds left.\n|\n|t:|1683023949\n|switch|p1b: Torkoal|Torkoal, L50, F|100\/100\n|-weather|SunnyDay|[from] ability: Drought|[of] p1b: Torkoal\n|turn|2\n|\n|t:|1683023961\n|move|p1a: Gyarados|Helping Hand|p1b: Torkoal\n|-singleturn|p1b: Torkoal|Helping Hand|[of] p1a: Gyarados\n|move|p1b: Torkoal|Clear Smog|p2b: Armarouge\n|-supereffective|p2b: Armarouge\n|-damage|p2b: Armarouge|32\/100\n|-clearboost|p2b: Armarouge\n|move|p2b: Armarouge|Expanding Force|p1a: Gyarados|[spread] p1a,p1b\n|-damage|p1a: Gyarados|0 fnt\n|-damage|p1b: Torkoal|25\/100\n|faint|p1a: Gyarados\n|move|p2a: Indeedee|Psyshock|p1b: Torkoal\n|-damage|p1b: Torkoal|2\/100\n|\n|-weather|SunnyDay|[upkeep]\n|upkeep\n|\n|t:|1683023969\n|switch|p1a: Iron Hands|Iron Hands, L50|100\/100\n|turn|3\n|\n|t:|1683023984\n|-terastallize|p1a: Iron Hands|Fire\n|move|p1b: Torkoal|Protect|p1b: Torkoal\n|-singleturn|p1b: Torkoal|Protect\n|move|p2b: Armarouge|Expanding Force|p1b: Torkoal|[spread] p1a\n|-activate|p1b: Torkoal|move: Protect\n|-damage|p1a: Iron Hands|65\/100\n|move|p1a: Iron Hands|Drain Punch|p2b: Armarouge\n|-damage|p2b: Armarouge|0 fnt\n|-heal|p1a: Iron Hands|78\/100|[from] drain|[of] p2b: Armarouge\n|faint|p2b: Armarouge\n|move|p2a: Indeedee|Psyshock|p1a: Iron Hands\n|-damage|p1a: Iron Hands|56\/100\n|\n|-weather|SunnyDay|[upkeep]\n|upkeep\n|\n|t:|1683024003\n|switch|p2b: Torkoal|Torkoal, L50, F|100\/100\n|turn|4\n|\n|t:|1683024023\n|move|p2a: Indeedee|Follow Me|p2a: Indeedee\n|-singleturn|p2a: Indeedee|move: Follow Me\n|move|p2b: Torkoal|Eruption|p1a: Iron Hands|[spread] p1a,p1b\n|-resisted|p1a: Iron Hands\n|-resisted|p1b: Torkoal\n|-damage|p1a: Iron Hands|36\/100\n|-damage|p1b: Torkoal|0 fnt\n|faint|p1b: Torkoal\n|move|p1a: Iron Hands|Drain Punch|p2a: Indeedee\n|-damage|p2a: Indeedee|0 fnt\n|-heal|p1a: Iron Hands|42\/100|[from] drain|[of] p2a: Indeedee\n|faint|p2a: Indeedee\n|\n|-weather|SunnyDay|[upkeep]\n|upkeep\n|\n|t:|1683024038\n|switch|p2a: Wo-Chien|Wo-Chien, L50|100\/100\n|-ability|p2a: Wo-Chien|Tablets of Ruin\n|turn|5\n|\n|t:|1683024046\n|move|p2b: Torkoal|Eruption|p1a: Iron Hands\n|-resisted|p1a: Iron Hands\n|-damage|p1a: Iron Hands|14\/100\n|move|p2a: Wo-Chien|Dark Pulse|p1a: Iron Hands\n|-damage|p1a: Iron Hands|0 fnt\n|faint|p1a: Iron Hands\n|-end|p1a: Iron Hands|Quark Drive|[silent]\n|-damage|p2a: Wo-Chien|91\/100|[from] item: Life Orb\n|\n|win|subChar\n|raw|Ray Rizzlord's rating: 1125 → 1102<\/strong> (-23 for losing)\n|raw|subChar's rating: 1147 → 1170<\/strong> (+23 for winning)\n","uploadtime":1683024061,"views":7,"p1id":"rayrizzlord","p2id":"subchar","formatid":"gen9vgc2023regulationc","rating":1102,"private":0,"password":""}