{"id":"gen9vgc2023regulationc-1859523187","p1":"We_Love_The_Gong","p2":"Bafio","format":"[Gen 9] VGC 2023 Regulation C","log":"|j|\u2606We_Love_The_Gong\n|j|\u2606Bafio\n|t:|1683535322\n|gametype|doubles\n|player|p1|We_Love_The_Gong|fantina|1439\n|player|p2|Bafio|iris|1450\n|teamsize|p1|6\n|teamsize|p2|6\n|gen|9\n|tier|[Gen 9] VGC 2023 Regulation C\n|rated|\n|rule|Species Clause: Limit one of each Pok\u00e9mon\n|rule|Item Clause: Limit one of each item\n|clearpoke\n|poke|p1|Gholdengo, L50|\n|poke|p1|Ting-Lu, L50|\n|poke|p1|Gyarados, L50, F|\n|poke|p1|Flutter Mane, L50|\n|poke|p1|Amoonguss, L50, M|\n|poke|p1|Baxcalibur, L50, M|\n|poke|p2|Orthworm, L50, M|\n|poke|p2|Dragonite, L50, M|\n|poke|p2|Ting-Lu, L50|\n|poke|p2|Gyarados, L50, M|\n|poke|p2|Flutter Mane, L50|\n|poke|p2|Chi-Yu, L50|\n|teampreview|4\n|inactive|Battle timer is ON: inactive players will automatically lose when time's up. (requested by Bafio)\nWe_Love_The_Gong has agreed to open team sheets.\nBafio has agreed to open team sheets.\n|inactive|We_Love_The_Gong has 60 seconds left.\n|inactive|Bafio has 60 seconds left.\n|inactive|Bafio has 30 seconds left.\n|\n|t:|1683535385\n|start\n|switch|p1a: Ting-Lu|Ting-Lu, L50|100\/100\n|switch|p1b: Flutter Mane|Flutter Mane, L50|100\/100\n|switch|p2a: whoop|Orthworm, L50, M|100\/100\n|switch|p2b: woom|Chi-Yu, L50|100\/100\n|-ability|p2b: woom|Beads of Ruin\n|-ability|p1a: Ting-Lu|Vessel of Ruin\n|turn|1\n|inactive|We_Love_The_Gong has 30 seconds left.\n|\n|t:|1683535413\n|-end|p1b: Flutter Mane|Protosynthesis|[silent]\n|switch|p1b: Gyarados|Gyarados, L50, F|100\/100\n|-ability|p1b: Gyarados|Intimidate|boost\n|-unboost|p2a: whoop|atk|1\n|-unboost|p2b: woom|atk|1\n|move|p2b: woom|Heat Wave|p1b: Gyarados|[spread] p1a,p1b\n|-resisted|p1b: Gyarados\n|-damage|p1a: Ting-Lu|79\/100\n|-damage|p1b: Gyarados|85\/100\n|-damage|p2b: woom|91\/100|[from] item: Life Orb\n|move|p2a: whoop|Shed Tail|p2a: whoop\n|-start|p2a: whoop|Substitute|[from] move: Shed Tail\n|-damage|p2a: whoop|50\/100\n|-enditem|p2a: whoop|Sitrus Berry|[eat]\n|-heal|p2a: whoop|75\/100|[from] item: Sitrus Berry\n|\n|t:|1683535423\n|switch|p2a: fiuum|Dragonite, L50, M|100\/100|[from] Shed Tail\n|move|p1a: Ting-Lu|Stomping Tantrum|p2b: woom\n|-supereffective|p2b: woom\n|-damage|p2b: woom|0 fnt\n|faint|p2b: woom\n|\n|upkeep\n|\n|t:|1683535427\n|switch|p2b: bzzt|Gyarados, L50, M|100\/100\n|-ability|p2b: bzzt|Intimidate|boost\n|-unboost|p1a: Ting-Lu|atk|1\n|-unboost|p1b: Gyarados|atk|1\n|turn|2\n|inactive|We_Love_The_Gong has 30 seconds left.\n|inactive|We_Love_The_Gong has 20 seconds left.\n|inactive|We_Love_The_Gong has 15 seconds left.\n|\n|t:|1683535469\n|move|p2a: fiuum|Dragon Dance|p2a: fiuum\n|-boost|p2a: fiuum|atk|1\n|-boost|p2a: fiuum|spe|1\n|move|p2b: bzzt|Waterfall|p1a: Ting-Lu\n|-supereffective|p1a: Ting-Lu\n|-crit|p1a: Ting-Lu\n|-damage|p1a: Ting-Lu|13\/100\n|move|p1b: Gyarados|Thunder Wave|p2b: bzzt\n|-status|p2b: bzzt|par\n|move|p1a: Ting-Lu|Ruination|p2a: fiuum\n|-end|p2a: fiuum|Substitute\n|\n|upkeep\n|turn|3\n|j| A Borygon\n|inactive|Bafio has 30 seconds left.\n|inactive|We_Love_The_Gong has 30 seconds left.\n|\n|t:|1683535502\n|-terastallize|p2a: fiuum|Flying\n|move|p2a: fiuum|Tera Blast|p1b: Gyarados\n|-damage|p1b: Gyarados|6\/100\n|move|p1b: Gyarados|Taunt|p2a: fiuum\n|-start|p2a: fiuum|move: Taunt\n|move|p1a: Ting-Lu|Rock Slide|p2a: fiuum|[spread] p2a,p2b\n|-supereffective|p2a: fiuum\n|-supereffective|p2b: bzzt\n|-damage|p2a: fiuum|87\/100\n|-damage|p2b: bzzt|79\/100 par\n|cant|p2b: bzzt|par\n|\n|upkeep\n|turn|4\n|\n|t:|1683535523\n|move|p2a: fiuum|Tera Blast|p1a: Ting-Lu\n|-damage|p1a: Ting-Lu|0 fnt\n|faint|p1a: Ting-Lu\n|move|p1b: Gyarados|Waterfall|p2a: fiuum\n|-damage|p2a: fiuum|62\/100\n|move|p2b: bzzt|Waterfall|p1b: Gyarados\n|-resisted|p1b: Gyarados\n|-damage|p1b: Gyarados|0 fnt\n|faint|p1b: Gyarados\n|\n|upkeep\n|\n|t:|1683535526\n|switch|p1b: Baxcalibur|Baxcalibur, L50, M|100\/100\n|switch|p1a: Flutter Mane|Flutter Mane, L50|100\/100\n|turn|5\n|\n|t:|1683535550\n|switch|p2b: whoop|Orthworm, L50, M|75\/100\n|move|p1b: Baxcalibur|Ice Shard|p2a: fiuum\n|-supereffective|p2a: fiuum\n|-damage|p2a: fiuum|12\/100\n|move|p2a: fiuum|Earthquake|p1b: Baxcalibur|[spread] p1a,p1b\n|-heal|p2b: whoop|100\/100|[from] ability: Earth Eater|[of] p2a: fiuum\n|-damage|p1a: Flutter Mane|39\/100\n|-damage|p1b: Baxcalibur|64\/100\n|move|p1a: Flutter Mane|Thunderbolt|p2b: whoop\n|-damage|p2b: whoop|49\/100\n|\n|upkeep\n|turn|6\n|inactive|Bafio has 30 seconds left.\n|inactive|Bafio has 20 seconds left.\n|inactive|Bafio has 15 seconds left.\n|inactive|Bafio has 10 seconds left.\n|\n|t:|1683535599\n|-terastallize|p1b: Baxcalibur|Poison\n|move|p2a: fiuum|Extreme Speed|p1b: Baxcalibur\n|-damage|p1b: Baxcalibur|26\/100\n|move|p1b: Baxcalibur|Ice Shard|p2a: fiuum\n|-supereffective|p2a: fiuum\n|-damage|p2a: fiuum|0 fnt\n|faint|p2a: fiuum\n|move|p1a: Flutter Mane|Thunderbolt|p2b: whoop\n|-damage|p2b: whoop|0 fnt\n|faint|p2b: whoop\n|\n|upkeep\n|\n|t:|1683535610\n|switch|p2b: bzzt|Gyarados, L50, M|79\/100 par\n|-ability|p2b: bzzt|Intimidate|boost\n|-unboost|p1a: Flutter Mane|atk|1\n|-unboost|p1b: Baxcalibur|atk|1\n|turn|7\n|l|\u2606Bafio\n|inactive|Bafio disconnected and has a minute to reconnect!\n|player|p2|\n|c|\u2606We_Love_The_Gong|gg\n|inactive|Bafio has 30 seconds left.\n|inactive|Bafio has 20 seconds left.\n|inactive|Bafio has 15 seconds left.\n|inactive|Bafio has 10 seconds left.\n|inactive|Bafio has 5 seconds left.\n|-message|Bafio lost due to inactivity.\n|\n|win|We_Love_The_Gong\n|raw|We_Love_The_Gong's rating: 1439 → 1460<\/strong> (+21 for winning)\n|raw|Bafio's rating: 1450 → 1429<\/strong> (-21 for losing)\n","uploadtime":1683535672,"views":16,"p1id":"welovethegong","p2id":"bafio","formatid":"gen9vgc2023regulationc","rating":1429,"private":0,"password":""}