{"id":"gen9vgc2023regulationc-1859454807","p1":"jaibee96","p2":"Bout It 27","format":"[Gen 9] VGC 2023 Regulation C","log":"|j|\u2606jaibee96\n|j|\u2606Bout It 27\n|t:|1683470675\n|gametype|doubles\n|player|p1|jaibee96|169|1289\n|player|p2|Bout It 27|266|1297\n|teamsize|p1|6\n|teamsize|p2|6\n|gen|9\n|tier|[Gen 9] VGC 2023 Regulation C\n|rated|\n|rule|Species Clause: Limit one of each Pok\u00e9mon\n|rule|Item Clause: Limit one of each item\n|clearpoke\n|poke|p1|Slowbro, L50, F|\n|poke|p1|Gastrodon, L50, F|\n|poke|p1|Azumarill, L50, F|\n|poke|p1|Barraskewda, L50, F|\n|poke|p1|Palafin, L50, M|\n|poke|p1|Pelipper, L50, M|\n|poke|p2|Murkrow, L50, M|\n|poke|p2|Haxorus, L50, F|\n|poke|p2|Chi-Yu, L50|\n|poke|p2|Amoonguss, L50, M|\n|poke|p2|Garganacl, L50, F|\n|poke|p2|Chien-Pao, L50|\n|teampreview|4\n|inactive|Battle timer is ON: inactive players will automatically lose when time's up. (requested by jaibee96)\n|\n|t:|1683470704\n|start\n|switch|p1a: Slowbro|Slowbro, L50, F|100\/100\n|switch|p1b: Pelipper|Pelipper, L50, M|100\/100\n|switch|p2a: Haxorus|Haxorus, L50, F, shiny|100\/100\n|switch|p2b: Murkrow|Murkrow, L50, M|100\/100\n|-ability|p2a: Haxorus|Mold Breaker\n|-weather|RainDance|[from] ability: Drizzle|[of] p1b: Pelipper\n|turn|1\n|\n|t:|1683470728\n|move|p2a: Haxorus|Breaking Swipe|p1b: Pelipper|[spread] p1a,p1b\n|-damage|p1a: Slowbro|75\/100\n|-damage|p1b: Pelipper|63\/100\n|-unboost|p1a: Slowbro|atk|1\n|-unboost|p1b: Pelipper|atk|1\n|-enditem|p1b: Pelipper|Eject Button\n|-damage|p2a: Haxorus|91\/100|[from] item: Life Orb\n|\n|t:|1683470735\n|switch|p1b: Gastrodon|Gastrodon, L50, F|100\/100\n|move|p2b: Murkrow|Foul Play|p1a: Slowbro\n|-supereffective|p1a: Slowbro\n|-damage|p1a: Slowbro|51\/100\n|move|p1a: Slowbro|Trick Room|p1a: Slowbro\n|-fieldstart|move: Trick Room|[of] p1a: Slowbro\n|\n|-weather|RainDance|[upkeep]\n|upkeep\n|turn|2\n|\n|t:|1683470755\n|switch|p2b: Amoonguss|Amoonguss, L50, M, shiny|100\/100\n|move|p1a: Slowbro|Surf|p2a: Haxorus|[spread] p2a,p2b\n|-ability|p1b: Gastrodon|Storm Drain|boost\n|-boost|p1b: Gastrodon|spa|1\n|-resisted|p2a: Haxorus\n|-resisted|p2b: Amoonguss\n|-damage|p2a: Haxorus|64\/100\n|-damage|p2b: Amoonguss|87\/100\n|move|p1b: Gastrodon|Ice Beam|p2a: Haxorus\n|-supereffective|p2a: Haxorus\n|-damage|p2a: Haxorus|0 fnt\n|faint|p2a: Haxorus\n|\n|-weather|RainDance|[upkeep]\n|upkeep\n|\n|t:|1683470770\n|switch|p2a: Murkrow|Murkrow, L50, M|100\/100\n|turn|3\n|\n|t:|1683470786\n|move|p1a: Slowbro|Surf|p2a: Murkrow|[spread] p2a,p2b\n|-ability|p1b: Gastrodon|Storm Drain|boost\n|-boost|p1b: Gastrodon|spa|1\n|-resisted|p2b: Amoonguss\n|-damage|p2a: Murkrow|63\/100\n|-damage|p2b: Amoonguss|74\/100\n|move|p2b: Amoonguss|Spore|p1b: Gastrodon\n|-status|p1b: Gastrodon|slp|[from] move: Spore\n|cant|p1b: Gastrodon|slp\n|move|p2a: Murkrow|Foul Play|p1a: Slowbro\n|-supereffective|p1a: Slowbro\n|-damage|p1a: Slowbro|30\/100\n|\n|-weather|RainDance|[upkeep]\n|upkeep\n|turn|4\n|inactive|jaibee96 has 30 seconds left.\n|\n|t:|1683470816\n|move|p2a: Murkrow|Haze|p2a: Murkrow\n|-clearallboost\n|move|p1a: Slowbro|Surf|p2a: Murkrow|[spread] p2a,p2b\n|-ability|p1b: Gastrodon|Storm Drain|boost\n|-boost|p1b: Gastrodon|spa|1\n|-resisted|p2b: Amoonguss\n|-damage|p2a: Murkrow|26\/100\n|-damage|p2b: Amoonguss|61\/100\n|move|p2b: Amoonguss|Pollen Puff|p1a: Slowbro\n|-supereffective|p1a: Slowbro\n|-crit|p1a: Slowbro\n|-damage|p1a: Slowbro|0 fnt\n|faint|p1a: Slowbro\n|cant|p1b: Gastrodon|slp\n|\n|-weather|RainDance|[upkeep]\n|upkeep\n|\n|t:|1683470833\n|switch|p1a: Pelipper|Pelipper, L50, M|63\/100\n|turn|5\n|\n|t:|1683470858\n|move|p1a: Pelipper|Helping Hand|p1b: Gastrodon\n|-singleturn|p1b: Gastrodon|Helping Hand|[of] p1a: Pelipper\n|move|p2b: Amoonguss|Spore|p1a: Pelipper\n|-status|p1a: Pelipper|slp|[from] move: Spore\n|cant|p1b: Gastrodon|slp\n|move|p2a: Murkrow|Foul Play|p1a: Pelipper\n|-damage|p1a: Pelipper|47\/100 slp\n|\n|-weather|none\n|-fieldend|move: Trick Room\n|upkeep\n|turn|6\n|\n|t:|1683470875\n|cant|p1a: Pelipper|slp\n|move|p2a: Murkrow|Tailwind|p2a: Murkrow\n|-sidestart|p2: Bout It 27|move: Tailwind\n|move|p2b: Amoonguss|Clear Smog|p1b: Gastrodon\n|-resisted|p1b: Gastrodon\n|-damage|p1b: Gastrodon|94\/100 slp\n|-clearboost|p1b: Gastrodon\n|-curestatus|p1b: Gastrodon|slp|[msg]\n|move|p1b: Gastrodon|Ice Beam|p2b: Amoonguss\n|-supereffective|p2b: Amoonguss\n|-damage|p2b: Amoonguss|24\/100\n|-enditem|p2b: Amoonguss|Sitrus Berry|[eat]\n|-heal|p2b: Amoonguss|49\/100|[from] item: Sitrus Berry\n|\n|upkeep\n|turn|7\n|inactive|jaibee96 has 30 seconds left.\n|\n|t:|1683470900\n|cant|p1a: Pelipper|slp\n|move|p2a: Murkrow|Foul Play|p1b: Gastrodon\n|-damage|p1b: Gastrodon|71\/100\n|move|p2b: Amoonguss|Spore|p1b: Gastrodon\n|-status|p1b: Gastrodon|slp|[from] move: Spore\n|cant|p1b: Gastrodon|slp\n|\n|upkeep\n|turn|8\n|\n|t:|1683470918\n|switch|p1a: Barraskewda|Barraskewda, L50, F|100\/100\n|cant|p1b: Gastrodon|slp\n|move|p2a: Murkrow|Foul Play|p1a: Barraskewda\n|-enditem|p1a: Barraskewda|Focus Sash\n|-damage|p1a: Barraskewda|1\/100\n|move|p2b: Amoonguss|Clear Smog|p1a: Barraskewda\n|-damage|p1a: Barraskewda|0 fnt\n|-clearboost|p1a: Barraskewda\n|faint|p1a: Barraskewda\n|\n|upkeep\n|\n|t:|1683470933\n|switch|p1a: Pelipper|Pelipper, L50, M|47\/100 slp\n|-weather|RainDance|[from] ability: Drizzle|[of] p1a: Pelipper\n|turn|9\n|\n|t:|1683470943\n|cant|p1a: Pelipper|slp\n|move|p2a: Murkrow|Foul Play|p1b: Gastrodon\n|-damage|p1b: Gastrodon|46\/100 slp\n|-enditem|p1b: Gastrodon|Sitrus Berry|[eat]\n|-heal|p1b: Gastrodon|71\/100 slp|[from] item: Sitrus Berry\n|move|p2b: Amoonguss|Pollen Puff|p2a: Murkrow\n|-heal|p2a: Murkrow|76\/100\n|cant|p1b: Gastrodon|slp\n|\n|-weather|RainDance|[upkeep]\n|-sideend|p2: Bout It 27|move: Tailwind\n|upkeep\n|turn|10\n|inactive|Bout It 27 has 30 seconds left.\n|\n|t:|1683470974\n|-curestatus|p1a: Pelipper|slp|[msg]\n|move|p1a: Pelipper|Helping Hand|p1b: Gastrodon\n|-singleturn|p1b: Gastrodon|Helping Hand|[of] p1a: Pelipper\n|move|p2a: Murkrow|Tailwind|p2a: Murkrow\n|-sidestart|p2: Bout It 27|move: Tailwind\n|move|p2b: Amoonguss|Clear Smog|p1a: Pelipper\n|-damage|p1a: Pelipper|26\/100\n|-clearboost|p1a: Pelipper\n|-curestatus|p1b: Gastrodon|slp|[msg]\n|move|p1b: Gastrodon|Ice Beam|p2b: Amoonguss\n|-supereffective|p2b: Amoonguss\n|-damage|p2b: Amoonguss|0 fnt\n|faint|p2b: Amoonguss\n|\n|-weather|RainDance|[upkeep]\n|upkeep\n|\n|t:|1683470992\n|switch|p2b: Garganacl|Garganacl, L50, F|100\/100\n|turn|11\n|\n|t:|1683471006\n|-terastallize|p2b: Garganacl|Flying\n|move|p1a: Pelipper|Helping Hand|p1b: Gastrodon\n|-singleturn|p1b: Gastrodon|Helping Hand|[of] p1a: Pelipper\n|move|p2a: Murkrow|Foul Play|p1a: Pelipper\n|-damage|p1a: Pelipper|8\/100\n|move|p2b: Garganacl|Salt Cure|p1a: Pelipper\n|-supereffective|p1a: Pelipper\n|-damage|p1a: Pelipper|0 fnt\n|faint|p1a: Pelipper\n|move|p1b: Gastrodon|Muddy Water|p2b: Garganacl|[spread] p2a,p2b\n|-damage|p2a: Murkrow|3\/100\n|-damage|p2b: Garganacl|46\/100\n|-unboost|p2b: Garganacl|accuracy|1\n|\n|-weather|RainDance|[upkeep]\n|upkeep\n|turn|12\n|inactive|Bout It 27 has 30 seconds left.\n|\n|t:|1683471032\n|move|p2a: Murkrow|Foul Play|p1b: Gastrodon\n|-damage|p1b: Gastrodon|48\/100\n|move|p2b: Garganacl|Salt Cure|p1b: Gastrodon\n|-resisted|p1b: Gastrodon\n|-damage|p1b: Gastrodon|38\/100\n|-start|p1b: Gastrodon|Salt Cure\n|move|p1b: Gastrodon|Muddy Water|p2b: Garganacl|[spread] p2a,p2b\n|-damage|p2a: Murkrow|0 fnt\n|-damage|p2b: Garganacl|9\/100\n|-enditem|p2b: Garganacl|Figy Berry|[eat]\n|-heal|p2b: Garganacl|42\/100|[from] item: Figy Berry\n|faint|p2a: Murkrow\n|\n|-weather|RainDance|[upkeep]\n|-damage|p1b: Gastrodon|13\/100|[from] Salt Cure\n|upkeep\n|turn|13\n|inactive|jaibee96 has 30 seconds left.\n|\n|t:|1683471059\n|move|p2b: Garganacl|Recover|p2b: Garganacl\n|-heal|p2b: Garganacl|93\/100\n|move|p1b: Gastrodon|Muddy Water|p2b: Garganacl\n|-damage|p2b: Garganacl|42\/100\n|-unboost|p2b: Garganacl|accuracy|1\n|\n|-weather|none\n|-damage|p1b: Gastrodon|0 fnt|[from] Salt Cure\n|faint|p1b: Gastrodon\n|\n|win|Bout It 27\n|upkeep\n|raw|jaibee96's rating: 1289 → 1265<\/strong> (-24 for losing)\n|raw|Bout It 27's rating: 1297 → 1321<\/strong> (+24 for winning)\n|l|\u2606jaibee96\n","uploadtime":1683471082,"views":10,"p1id":"jaibee96","p2id":"boutit27","formatid":"gen9vgc2023regulationc","rating":1265,"private":0,"password":""}