{"id":"gen9vgc2023regulationc-1846538513","p1":"extrafabulous","p2":"Akcolade","format":"[Gen 9] VGC 2023 Regulation C","log":"|j|\u2606extrafabulous\n|j|\u2606Akcolade\n|t:|1681849582\n|gametype|doubles\n|player|p1|extrafabulous|2|1149\n|player|p2|Akcolade|169|1156\n|teamsize|p1|6\n|teamsize|p2|6\n|gen|9\n|tier|[Gen 9] VGC 2023 Regulation C\n|rated|\n|rule|Species Clause: Limit one of each Pok\u00e9mon\n|rule|Item Clause: Limit one of each item\n|clearpoke\n|poke|p1|Amoonguss, L50, M|\n|poke|p1|Palafin, L50, M|\n|poke|p1|Pelipper, L50, M|\n|poke|p1|Gholdengo, L50|\n|poke|p1|Kingambit, L50, M|\n|poke|p1|Drednaw, L50, F|\n|poke|p2|Chi-Yu, L50|\n|poke|p2|Dachsbun, L50, M|\n|poke|p2|Ditto, L50|\n|poke|p2|Breloom, L50, M|\n|poke|p2|Roaring Moon, L50|\n|poke|p2|Gholdengo, L50|\n|teampreview|4\n|inactive|Battle timer is ON: inactive players will automatically lose when time's up. (requested by extrafabulous)\n|\n|t:|1681849606\n|start\n|switch|p1a: Palafin|Palafin, L50, M, shiny|100\/100\n|switch|p1b: Pelipper|Pelipper, L50, M|100\/100\n|switch|p2a: Roaring Moon|Roaring Moon, L50|100\/100\n|switch|p2b: Gholdengo|Gholdengo, L50|100\/100\n|-weather|RainDance|[from] ability: Drizzle|[of] p1b: Pelipper\n|-enditem|p2a: Roaring Moon|Booster Energy\n|-activate|p2a: Roaring Moon|ability: Protosynthesis|[fromitem]\n|-start|p2a: Roaring Moon|protosynthesisspe\n|turn|1\n|\n|t:|1681849628\n|detailschange|p1a: Palafin|Palafin-Hero, L50, M, shiny\n|switch|p1a: Amoonguss|Amoonguss, L50, M, shiny|100\/100\n|move|p2a: Roaring Moon|Dragon Dance|p2a: Roaring Moon\n|-boost|p2a: Roaring Moon|atk|1\n|-boost|p2a: Roaring Moon|spe|1\n|move|p2b: Gholdengo|Shadow Ball|p1b: Pelipper\n|-damage|p1b: Pelipper|5\/100\n|-unboost|p1b: Pelipper|spd|1\n|move|p1b: Pelipper|Tailwind|p1b: Pelipper\n|-sidestart|p1: extrafabulous|move: Tailwind\n|\n|-weather|RainDance|[upkeep]\n|upkeep\n|turn|2\n|inactive|extrafabulous has 30 seconds left.\n|\n|t:|1681849658\n|-terastallize|p2a: Roaring Moon|Flying\n|move|p2a: Roaring Moon|Acrobatics|p1a: Amoonguss\n|-supereffective|p1a: Amoonguss\n|-crit|p1a: Amoonguss\n|-damage|p1a: Amoonguss|0 fnt\n|faint|p1a: Amoonguss\n|move|p1b: Pelipper|Hurricane|p2a: Roaring Moon\n|-damage|p2a: Roaring Moon|52\/100\n|move|p2b: Gholdengo|Shadow Ball|p1b: Pelipper\n|-damage|p1b: Pelipper|0 fnt\n|faint|p1b: Pelipper\n|\n|-weather|RainDance|[upkeep]\n|upkeep\n|\n|t:|1681849667\n|switch|p1b: Gholdengo|Gholdengo, L50|100\/100\n|switch|p1a: Palafin|Palafin-Hero, L50, M, shiny|100\/100\n|-activate|p1a: Palafin|ability: Zero to Hero\n|turn|3\n|\n|t:|1681849685\n|-terastallize|p1b: Gholdengo|Steel\n|move|p1a: Palafin|Jet Punch|p2a: Roaring Moon\n|-crit|p2a: Roaring Moon\n|-damage|p2a: Roaring Moon|0 fnt\n|faint|p2a: Roaring Moon\n|-end|p2a: Roaring Moon|Protosynthesis|[silent]\n|move|p1b: Gholdengo|Shadow Ball|p2b: Gholdengo\n|-supereffective|p2b: Gholdengo\n|-damage|p2b: Gholdengo|0 fnt\n|faint|p2b: Gholdengo\n|\n|-weather|RainDance|[upkeep]\n|upkeep\n|\n|t:|1681849701\n|switch|p2a: Ditto|Ditto, L50|100\/100\n|switch|p2b: Breloom|Breloom, L50, M|100\/100\n|-transform|p2a: Ditto|p1b: Gholdengo|[from] ability: Imposter\n|-start|p2a: Ditto|typechange|Steel\/Ghost|[silent]\n|turn|4\n|inactive|Akcolade has 30 seconds left.\n|\n|t:|1681849733\n|move|p1a: Palafin|Ice Punch|p2b: Breloom\n|-supereffective|p2b: Breloom\n|-damage|p2b: Breloom|10\/100\n|move|p1b: Gholdengo|Shadow Ball|p2a: Ditto\n|-supereffective|p2a: Ditto\n|-enditem|p2a: Ditto|Focus Sash\n|-damage|p2a: Ditto|1\/100\n|-unboost|p2a: Ditto|spd|1\n|move|p2a: Ditto|Thunderbolt|p1a: Palafin\n|-supereffective|p1a: Palafin\n|-damage|p1a: Palafin|23\/100\n|move|p2b: Breloom|Close Combat|p1b: Gholdengo\n|-supereffective|p1b: Gholdengo\n|-damage|p1b: Gholdengo|0 fnt\n|-unboost|p2b: Breloom|def|1\n|-unboost|p2b: Breloom|spd|1\n|faint|p1b: Gholdengo\n|\n|-weather|RainDance|[upkeep]\n|-sideend|p1: extrafabulous|move: Tailwind\n|upkeep\n|turn|5\n|\n|t:|1681849746\n|move|p1a: Palafin|Jet Punch|p2b: Breloom\n|-resisted|p2b: Breloom\n|-damage|p2b: Breloom|0 fnt\n|faint|p2b: Breloom\n|move|p2a: Ditto|Thunderbolt|p1a: Palafin\n|-supereffective|p1a: Palafin\n|-damage|p1a: Palafin|0 fnt\n|faint|p1a: Palafin\n|\n|win|Akcolade\n|raw|extrafabulous's rating: 1149 → 1125<\/strong> (-24 for losing)\n|raw|Akcolade's rating: 1156 → 1180<\/strong> (+24 for winning)\n|l|\u2606extrafabulous\n|c|\u2606Akcolade|Gg\n","uploadtime":1681849764,"views":6,"p1id":"extrafabulous","p2id":"akcolade","formatid":"gen9vgc2023regulationc","rating":1125,"private":0,"password":""}