{"id":"gen9vgc2023regulationc-1856603608","p1":"Emiker","p2":"ppp96","format":"[Gen 9] VGC 2023 Regulation C","log":"|j|\u2606Emiker\n|j|\u2606ppp96\n|t:|1683081255\n|gametype|doubles\n|player|p1|Emiker|red|1377\n|player|p2|ppp96|1|1511\n|teamsize|p1|6\n|teamsize|p2|6\n|gen|9\n|tier|[Gen 9] VGC 2023 Regulation C\n|rated|\n|rule|Species Clause: Limit one of each Pok\u00e9mon\n|rule|Item Clause: Limit one of each item\n|clearpoke\n|poke|p1|Chi-Yu, L50|\n|poke|p1|Glimmora, L50, M|\n|poke|p1|Flutter Mane, L50|\n|poke|p1|Wo-Chien, L50|\n|poke|p1|Dondozo, L50, M|\n|poke|p1|Tatsugiri, L50, F|\n|poke|p2|Iron Bundle, L50|\n|poke|p2|Abomasnow, L50, F|\n|poke|p2|Flutter Mane, L50|\n|poke|p2|Dondozo, L50, M|\n|poke|p2|Glimmora, L50, F|\n|poke|p2|Chi-Yu, L50|\n|teampreview|4\n|inactive|Battle timer is ON: inactive players will automatically lose when time's up. (requested by ppp96)\n|inactive|Emiker has 60 seconds left.\n|\n|t:|1683081295\n|start\n|switch|p1a: Glimmora|Glimmora, L50, M, shiny|100\/100\n|switch|p1b: Chi-Yu|Chi-Yu, L50|100\/100\n|switch|p2a: Dondozo|Dondozo, L50, M|100\/100\n|switch|p2b: Glimmora|Glimmora, L50, F|100\/100\n|-ability|p1b: Chi-Yu|Beads of Ruin\n|turn|1\n|inactive|Emiker has 30 seconds left.\n|\n|t:|1683081323\n|move|p1b: Chi-Yu|Protect|p1b: Chi-Yu\n|-singleturn|p1b: Chi-Yu|Protect\n|move|p2b: Glimmora|Earth Power|p1a: Glimmora\n|-supereffective|p1a: Glimmora\n|-damage|p1a: Glimmora|0 fnt\n|faint|p1a: Glimmora\n|move|p2a: Dondozo|Wave Crash|p1b: Chi-Yu\n|-activate|p1b: Chi-Yu|move: Protect\n|\n|upkeep\n|\n|t:|1683081333\n|switch|p1a: Wo-Chien|Wo-Chien, L50|100\/100\n|-ability|p1a: Wo-Chien|Tablets of Ruin\n|turn|2\n|\n|t:|1683081341\n|switch|p1b: Dondozo|Dondozo, L50, M, shiny|100\/100\n|-terastallize|p1a: Wo-Chien|Poison\n|move|p2b: Glimmora|Toxic|p1a: Wo-Chien\n|-status|p1a: Wo-Chien|tox\n|move|p1a: Wo-Chien|Leech Seed|p2a: Dondozo\n|-start|p2a: Dondozo|move: Leech Seed\n|move|p2a: Dondozo|Wave Crash|p1b: Dondozo\n|-resisted|p1b: Dondozo\n|-damage|p1b: Dondozo|90\/100\n|-damage|p2a: Dondozo|97\/100|[from] Recoil\n|\n|-heal|p1b: Dondozo|95\/100|[from] item: Leftovers\n|-damage|p2a: Dondozo|85\/100|[from] Leech Seed|[of] p1a: Wo-Chien\n|-damage|p1a: Wo-Chien|94\/100 tox|[from] psn\n|upkeep\n|turn|3\n|inactive|Emiker has 30 seconds left.\n|\n|t:|1683081369\n|move|p2b: Glimmora|Toxic|p1b: Dondozo\n|-status|p1b: Dondozo|tox\n|move|p1a: Wo-Chien|Leech Seed|p2b: Glimmora\n|-start|p2b: Glimmora|move: Leech Seed\n|move|p1b: Dondozo|Wave Crash|p2b: Glimmora\n|-supereffective|p2b: Glimmora\n|-damage|p2b: Glimmora|1\/100\n|-damage|p1b: Dondozo|73\/100 tox|[from] Recoil\n|move|p2a: Dondozo|Wave Crash|p1a: Wo-Chien\n|-damage|p1a: Wo-Chien|69\/100 tox\n|-damage|p2a: Dondozo|78\/100|[from] Recoil\n|\n|-heal|p1b: Dondozo|79\/100 tox|[from] item: Leftovers\n|-damage|p2b: Glimmora|0 fnt|[from] Leech Seed|[of] p1a: Wo-Chien\n|-heal|p1a: Wo-Chien|70\/100 tox|[silent]\n|faint|p2b: Glimmora\n|-damage|p2a: Dondozo|66\/100|[from] Leech Seed|[of] p1a: Wo-Chien\n|-heal|p1a: Wo-Chien|86\/100 tox|[silent]\n|-damage|p1a: Wo-Chien|74\/100 tox|[from] psn\n|-damage|p1b: Dondozo|73\/100 tox|[from] psn\n|upkeep\n|inactive|ppp96 has 30 seconds left.\n|\n|t:|1683081394\n|switch|p2b: Abomasnow|Abomasnow, L50, F|100\/100\n|-weather|Snow|[from] ability: Snow Warning|[of] p2b: Abomasnow\n|turn|4\n|inactive|Emiker has 30 seconds left.\n|\n|t:|1683081423\n|move|p1a: Wo-Chien|Foul Play|p2a: Dondozo\n|-damage|p2a: Dondozo|44\/100\n|-enditem|p2a: Dondozo|Sitrus Berry|[eat]\n|-heal|p2a: Dondozo|69\/100|[from] item: Sitrus Berry\n|move|p2b: Abomasnow|Aurora Veil|p2b: Abomasnow\n|-sidestart|p2: ppp96|move: Aurora Veil\n|move|p1b: Dondozo|Wave Crash|p2a: Dondozo\n|-resisted|p2a: Dondozo\n|-damage|p2a: Dondozo|62\/100\n|-damage|p1b: Dondozo|71\/100 tox|[from] Recoil\n|move|p2a: Dondozo|Wave Crash|p1a: Wo-Chien\n|-damage|p1a: Wo-Chien|47\/100 tox\n|-enditem|p1a: Wo-Chien|Sitrus Berry|[eat]\n|-heal|p1a: Wo-Chien|72\/100 tox|[from] item: Sitrus Berry\n|-damage|p2a: Dondozo|55\/100|[from] Recoil\n|\n|-weather|Snow|[upkeep]\n|-heal|p1b: Dondozo|76\/100 tox|[from] item: Leftovers\n|-damage|p2a: Dondozo|43\/100|[from] Leech Seed|[of] p1a: Wo-Chien\n|-heal|p1a: Wo-Chien|89\/100 tox|[silent]\n|-damage|p1a: Wo-Chien|70\/100 tox|[from] psn\n|-damage|p1b: Dondozo|65\/100 tox|[from] psn\n|upkeep\n|turn|5\n|inactive|Emiker has 30 seconds left.\n|inactive|ppp96 has 30 seconds left.\n|\n|t:|1683081455\n|switch|p1b: Chi-Yu|Chi-Yu, L50|100\/100\n|-ability|p1b: Chi-Yu|Beads of Ruin\n|move|p1a: Wo-Chien|Foul Play|p2a: Dondozo\n|-damage|p2a: Dondozo|28\/100\n|move|p2b: Abomasnow|Leech Seed|p1a: Wo-Chien\n|-start|p1a: Wo-Chien|move: Leech Seed\n|move|p2a: Dondozo|Wave Crash|p1a: Wo-Chien\n|-damage|p1a: Wo-Chien|44\/100 tox\n|-damage|p2a: Dondozo|22\/100|[from] Recoil\n|\n|-weather|Snow|[upkeep]\n|-damage|p1a: Wo-Chien|32\/100 tox|[from] Leech Seed|[of] p2b: Abomasnow\n|-damage|p2a: Dondozo|9\/100|[from] Leech Seed|[of] p1a: Wo-Chien\n|-heal|p1a: Wo-Chien|48\/100 tox|[silent]\n|-damage|p1a: Wo-Chien|23\/100 tox|[from] psn\n|upkeep\n|turn|6\n|inactive|ppp96 has 30 seconds left.\n|inactive|ppp96 has 20 seconds left.\n|\n|t:|1683081493\n|switch|p1a: Dondozo|Dondozo, L50, M, shiny|65\/100 tox\n|-terastallize|p2b: Abomasnow|Water\n|move|p1b: Chi-Yu|Protect|p1b: Chi-Yu\n|-singleturn|p1b: Chi-Yu|Protect\n|move|p2b: Abomasnow|Earth Power|p1b: Chi-Yu\n|-activate|p1b: Chi-Yu|move: Protect\n|move|p2a: Dondozo|Wave Crash|p1b: Chi-Yu\n|-activate|p1b: Chi-Yu|move: Protect\n|\n|-weather|Snow|[upkeep]\n|-heal|p1a: Dondozo|71\/100 tox|[from] item: Leftovers\n|-damage|p2a: Dondozo|0 fnt|[from] Leech Seed|[of] p1a: Dondozo\n|-heal|p1a: Dondozo|80\/100 tox|[silent]\n|faint|p2a: Dondozo\n|-damage|p1a: Dondozo|74\/100 tox|[from] psn\n|upkeep\n|\n|t:|1683081512\n|switch|p2a: Iron Bundle|Iron Bundle, L50|100\/100\n|-enditem|p2a: Iron Bundle|Booster Energy\n|-activate|p2a: Iron Bundle|ability: Quark Drive|[fromitem]\n|-start|p2a: Iron Bundle|quarkdrivespe\n|turn|7\n|\n|t:|1683081531\n|switch|p1b: Wo-Chien|Wo-Chien, L50, tera:Poison|23\/100 tox\n|-ability|p1b: Wo-Chien|Tablets of Ruin\n|move|p2a: Iron Bundle|Hydro Pump|p1b: Wo-Chien\n|-damage|p1b: Wo-Chien|0 fnt\n|faint|p1b: Wo-Chien\n|move|p2b: Abomasnow|Earth Power|p1a: Dondozo\n|-damage|p1a: Dondozo|59\/100 tox\n|move|p1a: Dondozo|Earthquake|p2b: Abomasnow|[spread] p2a,p2b\n|-damage|p2a: Iron Bundle|90\/100\n|-damage|p2b: Abomasnow|84\/100\n|\n|-weather|Snow|[upkeep]\n|-heal|p2b: Abomasnow|90\/100|[from] item: Leftovers\n|-heal|p1a: Dondozo|65\/100 tox|[from] item: Leftovers\n|-damage|p1a: Dondozo|53\/100 tox|[from] psn\n|upkeep\n|\n|t:|1683081549\n|switch|p1b: Chi-Yu|Chi-Yu, L50|100\/100\n|-ability|p1b: Chi-Yu|Beads of Ruin\n|turn|8\n|\n|t:|1683081565\n|move|p2a: Iron Bundle|Hydro Pump|p1b: Chi-Yu\n|-supereffective|p1b: Chi-Yu\n|-damage|p1b: Chi-Yu|4\/100\n|move|p1b: Chi-Yu|Dark Pulse|p2a: Iron Bundle\n|-damage|p2a: Iron Bundle|31\/100\n|move|p2b: Abomasnow|Earth Power|p1b: Chi-Yu\n|-supereffective|p1b: Chi-Yu\n|-damage|p1b: Chi-Yu|0 fnt\n|faint|p1b: Chi-Yu\n|move|p1a: Dondozo|Earthquake|p2b: Abomasnow|[spread] p2a,p2b\n|-damage|p2a: Iron Bundle|21\/100\n|-damage|p2b: Abomasnow|73\/100\n|\n|-weather|none\n|-heal|p2b: Abomasnow|79\/100|[from] item: Leftovers\n|-heal|p1a: Dondozo|59\/100 tox|[from] item: Leftovers\n|-damage|p1a: Dondozo|41\/100 tox|[from] psn\n|-sideend|p2: ppp96|move: Aurora Veil\n|upkeep\n|turn|9\n|-message|Emiker forfeited.\n|\n|win|ppp96\n|raw|Emiker's rating: 1377 → 1364<\/strong> (-13 for losing)\n|raw|ppp96's rating: 1511 → 1524<\/strong> (+13 for winning)\n","uploadtime":1683081590,"views":5,"p1id":"emiker","p2id":"ppp96","formatid":"gen9vgc2023regulationc","rating":1364,"private":0,"password":""}