{"id":"gen9vgc2023regulationc-1858434072","p1":"LeafeonLou12","p2":"Sharkrift","format":"[Gen 9] VGC 2023 Regulation C","log":"|j|\u2606LeafeonLou12\n|j|\u2606Sharkrift\n|t:|1683311932\n|gametype|doubles\n|player|p1|LeafeonLou12|2|1346\n|player|p2|Sharkrift|lusamine-nihilego|1267\n|teamsize|p1|6\n|teamsize|p2|6\n|gen|9\n|tier|[Gen 9] VGC 2023 Regulation C\n|rated|\n|rule|Species Clause: Limit one of each Pok\u00e9mon\n|rule|Item Clause: Limit one of each item\n|clearpoke\n|poke|p1|Rotom-Fan, L50|\n|poke|p1|Torkoal, L50, F|\n|poke|p1|Indeedee, L50, M|\n|poke|p1|Drifblim, L50, M|\n|poke|p1|Chi-Yu, L50|\n|poke|p1|Great Tusk, L50|\n|poke|p2|Sableye, L50, F|\n|poke|p2|Flutter Mane, L50|\n|poke|p2|Brute Bonnet, L50|\n|poke|p2|Arcanine, L50, F|\n|poke|p2|Glimmora, L50, M|\n|poke|p2|Roaring Moon, L50|\n|teampreview|4\n|inactive|Battle timer is ON: inactive players will automatically lose when time's up. (requested by Sharkrift)\n|inactive|Sharkrift has 60 seconds left.\n|\n|t:|1683311965\n|start\n|switch|p1a: Drifblim|Drifblim, L50, M|100\/100\n|switch|p1b: Indeedee|Indeedee, L50, M|100\/100\n|switch|p2a: Glimmora|Glimmora, L50, M, shiny|100\/100\n|switch|p2b: Arcanine|Arcanine, L50, F, shiny|100\/100\n|-fieldstart|move: Psychic Terrain|[from] ability: Psychic Surge|[of] p1b: Indeedee\n|-enditem|p1a: Drifblim|Psychic Seed\n|-boost|p1a: Drifblim|spd|1|[from] item: Psychic Seed\n|-ability|p2b: Arcanine|Intimidate|boost\n|-unboost|p1a: Drifblim|atk|1\n|-unboost|p1b: Indeedee|atk|1\n|turn|1\n|inactive|LeafeonLou12 has 30 seconds left.\n|inactive|Sharkrift has 30 seconds left.\n|\n|t:|1683311999\n|move|p1a: Drifblim|Acrobatics|p2a: Glimmora\n|-resisted|p2a: Glimmora\n|-damage|p2a: Glimmora|84\/100\n|-activate|p2a: Glimmora|ability: Toxic Debris\n|-sidestart|p1: LeafeonLou12|move: Toxic Spikes\n|move|p1b: Indeedee|Psychic|p2a: Glimmora\n|-supereffective|p2a: Glimmora\n|-damage|p2a: Glimmora|0 fnt\n|faint|p2a: Glimmora\n|move|p2b: Arcanine|Flare Blitz|p1a: Drifblim\n|-damage|p1a: Drifblim|15\/100\n|-damage|p2b: Arcanine|62\/100|[from] Recoil\n|\n|upkeep\n|inactive|Sharkrift has 30 seconds left.\n|\n|t:|1683312029\n|switch|p2a: Flutter Mane|Flutter Mane, L50, shiny|100\/100\n|turn|2\n|\n|t:|1683312040\n|move|p1a: Drifblim|Tailwind|p1a: Drifblim\n|-sidestart|p1: LeafeonLou12|move: Tailwind\n|move|p1b: Indeedee|Psychic|p2b: Arcanine\n|-damage|p2b: Arcanine|0 fnt\n|faint|p2b: Arcanine\n|move|p2a: Flutter Mane|Dazzling Gleam|p1a: Drifblim|[spread] p1a,p1b\n|-crit|p1b: Indeedee\n|-damage|p1a: Drifblim|0 fnt\n|-damage|p1b: Indeedee|30\/100\n|faint|p1a: Drifblim\n|\n|upkeep\n|c|\u2606Sharkrift|how the hell is both pokemon so fast\n|inactive|Sharkrift has 30 seconds left.\n|inactive|Sharkrift has 20 seconds left.\n|inactive|Sharkrift has 15 seconds left.\n|c|\u2606Sharkrift|you cant have two scarfs\n|inactive|Sharkrift has 10 seconds left.\n|\n|t:|1683312085\n|switch|p2b: Roaring Moon|Roaring Moon, L50, shiny|100\/100\n|switch|p1a: Great Tusk|Great Tusk, L50|100\/100\n|-status|p1a: Great Tusk|psn\n|-enditem|p2b: Roaring Moon|Booster Energy\n|-activate|p2b: Roaring Moon|ability: Protosynthesis|[fromitem]\n|-start|p2b: Roaring Moon|protosynthesisatk\n|turn|3\n|c|\u2606LeafeonLou12|Drif is unburden\n|c|\u2606LeafeonLou12|indeedee is scarf\n|\n|t:|1683312107\n|switch|p1b: Rotom|Rotom-Fan, L50|100\/100\n|-terastallize|p1a: Great Tusk|Ground\n|-terastallize|p2b: Roaring Moon|Flying\n|move|p1a: Great Tusk|Iron Head|p2a: Flutter Mane\n|-supereffective|p2a: Flutter Mane\n|-enditem|p2a: Flutter Mane|Focus Sash\n|-damage|p2a: Flutter Mane|1\/100\n|move|p2b: Roaring Moon|Acrobatics|p1a: Great Tusk\n|-damage|p1a: Great Tusk|50\/100 psn\n|move|p2a: Flutter Mane|Dazzling Gleam|p1b: Rotom|[spread] p1a,p1b\n|-damage|p1a: Great Tusk|21\/100 psn\n|-damage|p1b: Rotom|65\/100\n|\n|-damage|p1a: Great Tusk|9\/100 psn|[from] psn\n|upkeep\n|turn|4\n|inactive|Sharkrift has 30 seconds left.\n|\n|t:|1683312133\n|move|p2a: Flutter Mane|Protect|p2a: Flutter Mane\n|-singleturn|p2a: Flutter Mane|Protect\n|move|p1b: Rotom|Discharge|p2a: Flutter Mane|[spread] p2b\n|-activate|p2a: Flutter Mane|move: Protect\n|-immune|p1a: Great Tusk\n|-supereffective|p2b: Roaring Moon\n|-damage|p2b: Roaring Moon|44\/100\n|move|p1a: Great Tusk|Ice Spinner|p2b: Roaring Moon\n|-supereffective|p2b: Roaring Moon\n|-damage|p2b: Roaring Moon|0 fnt\n|-fieldend|move: Psychic Terrain\n|faint|p2b: Roaring Moon\n|-end|p2b: Roaring Moon|Protosynthesis|[silent]\n|\n|-damage|p1a: Great Tusk|0 fnt|[from] psn\n|faint|p1a: Great Tusk\n|-end|p1a: Great Tusk|Protosynthesis|[silent]\n|upkeep\n|\n|t:|1683312145\n|switch|p1a: Indeedee|Indeedee, L50, M|30\/100\n|-status|p1a: Indeedee|psn\n|-fieldstart|move: Psychic Terrain|[from] ability: Psychic Surge|[of] p1a: Indeedee\n|turn|5\n|-message|Sharkrift forfeited.\n|\n|win|LeafeonLou12\n|raw|LeafeonLou12's rating: 1346 → 1362<\/strong> (+16 for winning)\n|raw|Sharkrift's rating: 1267 → 1248<\/strong> (-19 for losing)\n|l|\u2606Sharkrift\n","uploadtime":1683312152,"views":15,"p1id":"leafeonlou12","p2id":"sharkrift","formatid":"gen9vgc2023regulationc","rating":1248,"private":0,"password":""}