{"id":"gen9vgc2023regulationc-1855742066","p1":"Donkk","p2":"xlesvly","format":"[Gen 9] VGC 2023 Regulation C","log":"|j|\u2606Donkk\n|j|\u2606xlesvly\n|t:|1682978917\n|gametype|doubles\n|player|p1|Donkk|ethan|1268\n|player|p2|xlesvly|iris|1170\n|teamsize|p1|6\n|teamsize|p2|6\n|gen|9\n|tier|[Gen 9] VGC 2023 Regulation C\n|rated|\n|rule|Species Clause: Limit one of each Pok\u00e9mon\n|rule|Item Clause: Limit one of each item\n|clearpoke\n|poke|p1|Roaring Moon, L50|\n|poke|p1|Amoonguss, L50, F|\n|poke|p1|Arcanine, L50, M|\n|poke|p1|Flutter Mane, L50|\n|poke|p1|Palafin, L50, M|\n|poke|p1|Ting-Lu, L50|\n|poke|p2|Ting-Lu, L50|\n|poke|p2|Corviknight, L50, M|\n|poke|p2|Amoonguss, L50, F|\n|poke|p2|Flutter Mane, L50|\n|poke|p2|Gyarados, L50, M|\n|poke|p2|Chi-Yu, L50|\n|teampreview|4\n|inactive|Battle timer is ON: inactive players will automatically lose when time's up. (requested by Donkk)\n|inactive|Donkk has 60 seconds left.\n|inactive|xlesvly has 60 seconds left.\n|\n|t:|1682978970\n|start\n|switch|p1a: Hiro|Palafin, L50, M|100\/100\n|switch|p1b: is fish?|Flutter Mane, L50|100\/100\n|switch|p2a: Corviknight|Corviknight, L50, M|100\/100\n|switch|p2b: Flutter Mane|Flutter Mane, L50|100\/100\n|turn|1\n|\n|t:|1682978990\n|detailschange|p1a: Hiro|Palafin-Hero, L50, M\n|switch|p1a: Dexter|Arcanine, L50, M|100\/100\n|-ability|p1a: Dexter|Intimidate|boost\n|-ability|p2a: Corviknight|Mirror Armor\n|-unboost|p1a: Dexter|atk|1\n|-unboost|p2b: Flutter Mane|atk|1\n|-terastallize|p2b: Flutter Mane|Fairy\n|move|p2b: Flutter Mane|Shadow Ball|p1b: is fish?\n|-supereffective|p1b: is fish?\n|-damage|p1b: is fish?|0 fnt\n|faint|p1b: is fish?\n|-end|p1b: is fish?|Protosynthesis|[silent]\n|move|p2a: Corviknight|Tailwind|p2a: Corviknight\n|-sidestart|p2: xlesvly|move: Tailwind\n|\n|upkeep\n|\n|t:|1682979003\n|switch|p1b: Hiro|Palafin-Hero, L50, M|100\/100\n|-activate|p1b: Hiro|ability: Zero to Hero\n|turn|2\n|\n|t:|1682979022\n|-terastallize|p1b: Hiro|Water\n|move|p1b: Hiro|Jet Punch|p2b: Flutter Mane\n|-damage|p2b: Flutter Mane|0 fnt\n|faint|p2b: Flutter Mane\n|-end|p2b: Flutter Mane|Protosynthesis|[silent]\n|move|p2a: Corviknight|Brave Bird|p1b: Hiro\n|-crit|p1b: Hiro\n|-damage|p1b: Hiro|42\/100\n|-damage|p2a: Corviknight|81\/100|[from] Recoil\n|move|p1a: Dexter|Flare Blitz|p2a: Corviknight\n|-supereffective|p2a: Corviknight\n|-damage|p2a: Corviknight|22\/100\n|-damage|p1a: Dexter|80\/100|[from] Recoil\n|\n|-heal|p2a: Corviknight|28\/100|[from] item: Leftovers\n|upkeep\n|\n|t:|1682979037\n|switch|p2b: Gyarados|Gyarados, L50, M|100\/100\n|-ability|p2b: Gyarados|Intimidate|boost\n|-unboost|p1a: Dexter|atk|1\n|-unboost|p1b: Hiro|atk|1\n|turn|3\n|\n|t:|1682979061\n|move|p1b: Hiro|Protect|p1b: Hiro\n|-singleturn|p1b: Hiro|Protect\n|move|p2b: Gyarados|Waterfall|p1a: Dexter\n|-supereffective|p1a: Dexter\n|-damage|p1a: Dexter|17\/100\n|move|p2a: Corviknight|Roost|p2a: Corviknight\n|-heal|p2a: Corviknight|79\/100\n|-singleturn|p2a: Corviknight|move: Roost\n|cant|p1a: Dexter|flinch\n|\n|-heal|p2a: Corviknight|84\/100|[from] item: Leftovers\n|upkeep\n|turn|4\n|inactive|Donkk has 30 seconds left.\n|\n|t:|1682979088\n|switch|p1b: Tuxedo Cake|Ting-Lu, L50|100\/100\n|-ability|p1b: Tuxedo Cake|Vessel of Ruin\n|move|p1a: Dexter|Extreme Speed|p2a: Corviknight\n|-resisted|p2a: Corviknight\n|-damage|p2a: Corviknight|80\/100\n|move|p2b: Gyarados|Waterfall|p1a: Dexter\n|-supereffective|p1a: Dexter\n|-damage|p1a: Dexter|0 fnt\n|faint|p1a: Dexter\n|move|p2a: Corviknight|Brave Bird|p1b: Tuxedo Cake\n|-damage|p1b: Tuxedo Cake|72\/100\n|-damage|p2a: Corviknight|69\/100|[from] Recoil\n|\n|-heal|p2a: Corviknight|75\/100|[from] item: Leftovers\n|-sideend|p2: xlesvly|move: Tailwind\n|upkeep\n|\n|t:|1682979103\n|switch|p1a: Hiro|Palafin-Hero, L50, M, tera:Water|42\/100\n|turn|5\n|inactive|xlesvly has 30 seconds left.\n|\n|t:|1682979137\n|move|p2b: Gyarados|Waterfall|p1a: Hiro\n|-resisted|p1a: Hiro\n|-damage|p1a: Hiro|27\/100\n|move|p1a: Hiro|Wave Crash|p2a: Corviknight\n|-damage|p2a: Corviknight|0 fnt\n|faint|p2a: Corviknight\n|-damage|p1a: Hiro|2\/100|[from] Recoil\n|move|p1b: Tuxedo Cake|Ruination|p2b: Gyarados\n|-damage|p2b: Gyarados|50\/100\n|\n|upkeep\n|\n|t:|1682979148\n|switch|p2a: Chi-Yu|Chi-Yu, L50|100\/100\n|-ability|p2a: Chi-Yu|Beads of Ruin\n|turn|6\n|\n|t:|1682979160\n|move|p2a: Chi-Yu|Protect|p2a: Chi-Yu\n|-singleturn|p2a: Chi-Yu|Protect\n|move|p1a: Hiro|Protect|p1a: Hiro\n|-singleturn|p1a: Hiro|Protect\n|move|p2b: Gyarados|Waterfall|p1b: Tuxedo Cake\n|-supereffective|p1b: Tuxedo Cake\n|-damage|p1b: Tuxedo Cake|29\/100\n|move|p1b: Tuxedo Cake|Stomping Tantrum|p2a: Chi-Yu\n|-activate|p2a: Chi-Yu|move: Protect\n|\n|upkeep\n|turn|7\n|inactive|xlesvly has 30 seconds left.\n|\n|t:|1682979188\n|move|p1a: Hiro|Jet Punch|p2b: Gyarados\n|-resisted|p2b: Gyarados\n|-damage|p2b: Gyarados|18\/100\n|move|p2a: Chi-Yu|Dark Pulse|p1b: Tuxedo Cake\n|-resisted|p1b: Tuxedo Cake\n|-damage|p1b: Tuxedo Cake|19\/100\n|move|p2b: Gyarados|Waterfall|p1a: Hiro\n|-resisted|p1a: Hiro\n|-damage|p1a: Hiro|0 fnt\n|faint|p1a: Hiro\n|move|p1b: Tuxedo Cake|Stomping Tantrum|p2a: Chi-Yu\n|-supereffective|p2a: Chi-Yu\n|-enditem|p2a: Chi-Yu|Focus Sash\n|-damage|p2a: Chi-Yu|1\/100\n|\n|upkeep\n|turn|8\n|-message|Donkk forfeited.\n|\n|win|xlesvly\n|raw|Donkk's rating: 1268 → 1236<\/strong> (-32 for losing)\n|raw|xlesvly's rating: 1170 → 1202<\/strong> (+32 for winning)\n","uploadtime":1682979209,"views":18,"p1id":"donkk","p2id":"xlesvly","formatid":"gen9vgc2023regulationc","rating":1202,"private":0,"password":""}