{"id":"gen9vgc2023regulationc-1847927322","p1":"Lutraso123","p2":"Donato Glaciale","format":"[Gen 9] VGC 2023 Regulation C","log":"|j|\u203dLutraso123\n|j|\u2606Donato Glaciale\n|t:|1682013338\n|gametype|doubles\n|player|p1|Lutraso123|2|1054\n|player|p2|Donato Glaciale|cynthia-gen4|1082\n|teamsize|p1|6\n|teamsize|p2|6\n|gen|9\n|tier|[Gen 9] VGC 2023 Regulation C\n|rated|\n|rule|Species Clause: Limit one of each Pok\u00e9mon\n|rule|Item Clause: Limit one of each item\n|clearpoke\n|poke|p1|Garchomp, L50, M|\n|poke|p1|Palafin, L50, F|\n|poke|p1|Brute Bonnet, L50|\n|poke|p1|Kilowattrel, L50, F|\n|poke|p1|Chi-Yu, L50|\n|poke|p1|Pawmot, L50, F|\n|poke|p2|Ting-Lu, L50|\n|poke|p2|Amoonguss, L50, F|\n|poke|p2|Flutter Mane, L50|\n|poke|p2|Palafin, L50, F|\n|poke|p2|Arcanine, L50, M|\n|poke|p2|Magneton, L50|\n|teampreview|4\n|inactive|Battle timer is ON: inactive players will automatically lose when time's up. (requested by Donato Glaciale)\nDonato Glaciale has agreed to open team sheets.\n|inactive|Donato Glaciale has 60 seconds left.\n|n|!Donato Glaciale|donatoglaciale\n|inactive|Donato Glaciale has 30 seconds left.\n|inactive|Donato Glaciale has 20 seconds left.\n|inactive|Donato Glaciale has 15 seconds left.\n|\n|t:|1682013415\n|start\n|switch|p1a: Chi-Yu|Chi-Yu, L50|100\/100\n|switch|p1b: Palafin|Palafin, L50, F|100\/100\n|switch|p2a: Magneton|Magneton, L50|100\/100\n|switch|p2b: Arcanine|Arcanine, L50, M|100\/100\n|-ability|p2b: Arcanine|Intimidate|boost\n|-unboost|p1a: Chi-Yu|atk|1\n|-unboost|p1b: Palafin|atk|1\n|-ability|p1a: Chi-Yu|Beads of Ruin\n|turn|1\n|\n|t:|1682013433\n|detailschange|p1b: Palafin|Palafin-Hero, L50, F\n|switch|p1b: Garchomp|Garchomp, L50, M|100\/100\n|move|p2b: Arcanine|Protect|p2b: Arcanine\n|-singleturn|p2b: Arcanine|Protect\n|move|p1a: Chi-Yu|Heat Wave|p2a: Magneton|[spread] p2a\n|-activate|p2b: Arcanine|move: Protect\n|-supereffective|p2a: Magneton\n|-damage|p2a: Magneton|11\/100\n|move|p2a: Magneton|Discharge|p1a: Chi-Yu|[spread] p1a\n|-activate|p2b: Arcanine|move: Protect\n|-immune|p1b: Garchomp\n|-damage|p1a: Chi-Yu|71\/100\n|\n|upkeep\n|turn|2\n|inactive|Lutraso123 has 30 seconds left.\n|-activate|p1a: Chi-Yu|item: Quick Claw\n|\n|t:|1682013459\n|switch|p2a: Palafin|Palafin, L50, F|100\/100\n|move|p1a: Chi-Yu|Heat Wave|p2a: Palafin|[spread] p2a,p2b\n|-resisted|p2a: Palafin\n|-resisted|p2b: Arcanine\n|-crit|p2b: Arcanine\n|-damage|p2a: Palafin|75\/100\n|-damage|p2b: Arcanine|64\/100\n|move|p1b: Garchomp|Dragon Claw|p2b: Arcanine\n|-damage|p2b: Arcanine|1\/100\n|-enditem|p2b: Arcanine|Sitrus Berry|[eat]\n|-heal|p2b: Arcanine|26\/100|[from] item: Sitrus Berry\n|-damage|p1b: Garchomp|91\/100|[from] item: Life Orb\n|move|p2b: Arcanine|Snarl|p1b: Garchomp|[spread] p1a,p1b\n|-resisted|p1a: Chi-Yu\n|-damage|p1a: Chi-Yu|68\/100\n|-damage|p1b: Garchomp|78\/100\n|-unboost|p1a: Chi-Yu|spa|1\n|-unboost|p1b: Garchomp|spa|1\n|\n|upkeep\n|turn|3\n|\n|t:|1682013483\n|detailschange|p2a: Palafin|Palafin-Hero, L50, F\n|switch|p2a: Magneton|Magneton, L50|11\/100\n|move|p2b: Arcanine|Protect|p2b: Arcanine\n|-singleturn|p2b: Arcanine|Protect\n|move|p1b: Garchomp|Dragon Claw|p2b: Arcanine\n|-activate|p2b: Arcanine|move: Protect\n|move|p1a: Chi-Yu|Dark Pulse|p2a: Magneton\n|-damage|p2a: Magneton|0 fnt\n|faint|p2a: Magneton\n|\n|upkeep\n|\n|t:|1682013493\n|switch|p2a: Palafin|Palafin-Hero, L50, F|75\/100\n|-activate|p2a: Palafin|ability: Zero to Hero\n|turn|4\n|\n|t:|1682013510\n|move|p2a: Palafin|Protect|p2a: Palafin\n|-singleturn|p2a: Palafin|Protect\n|move|p1b: Garchomp|Earthquake|p2a: Palafin|[spread] p1a,p2b\n|-activate|p2a: Palafin|move: Protect\n|-supereffective|p1a: Chi-Yu\n|-supereffective|p2b: Arcanine\n|-damage|p1a: Chi-Yu|0 fnt\n|-damage|p2b: Arcanine|0 fnt\n|faint|p1a: Chi-Yu\n|faint|p2b: Arcanine\n|-damage|p1b: Garchomp|68\/100|[from] item: Life Orb\n|\n|upkeep\n|\n|t:|1682013522\n|switch|p2b: Amoonguss|Amoonguss, L50, F|100\/100\n|switch|p1a: Brute Bonnet|Brute Bonnet, L50|100\/100\n|turn|5\n|\n|t:|1682013537\n|move|p2b: Amoonguss|Protect|p2b: Amoonguss\n|-singleturn|p2b: Amoonguss|Protect\n|move|p1b: Garchomp|Dragon Claw|p2a: Palafin\n|-damage|p2a: Palafin|28\/100\n|-damage|p1b: Garchomp|58\/100|[from] item: Life Orb\n|move|p2a: Palafin|Wave Crash|p1b: Garchomp\n|-damage|p1b: Garchomp|0 fnt\n|-damage|p2a: Palafin|16\/100|[from] ability: Rough Skin|[of] p1b: Garchomp\n|faint|p1b: Garchomp\n|-damage|p2a: Palafin|0 fnt|[from] Recoil\n|faint|p2a: Palafin\n|move|p1a: Brute Bonnet|Spore|p2b: Amoonguss\n|-activate|p2b: Amoonguss|move: Protect\n|\n|upkeep\n|\n|t:|1682013556\n|switch|p1b: Palafin|Palafin-Hero, L50, F|100\/100\n|-activate|p1b: Palafin|ability: Zero to Hero\n|turn|6\n|\n|t:|1682013567\n|-terastallize|p2b: Amoonguss|Water\n|move|p1b: Palafin|Drain Punch|p2b: Amoonguss\n|-damage|p2b: Amoonguss|72\/100\n|-damage|p1b: Palafin|84\/100|[from] item: Rocky Helmet|[of] p2b: Amoonguss\n|move|p1a: Brute Bonnet|Spore|p2b: Amoonguss\n|-status|p2b: Amoonguss|slp|[from] move: Spore\n|cant|p2b: Amoonguss|slp\n|\n|upkeep\n|turn|7\n|\n|t:|1682013589\n|move|p1b: Palafin|Drain Punch|p2b: Amoonguss\n|-damage|p2b: Amoonguss|48\/100 slp\n|-heal|p1b: Palafin|98\/100|[from] drain|[of] p2b: Amoonguss\n|-damage|p1b: Palafin|82\/100|[from] item: Rocky Helmet|[of] p2b: Amoonguss\n|move|p1a: Brute Bonnet|Pollen Puff|p2b: Amoonguss\n|-damage|p2b: Amoonguss|33\/100 slp\n|-curestatus|p2b: Amoonguss|slp|[msg]\n|move|p2b: Amoonguss|Pollen Puff|p1a: Brute Bonnet\n|-supereffective|p1a: Brute Bonnet\n|-damage|p1a: Brute Bonnet|58\/100\n|\n|upkeep\n|turn|8\n|\n|t:|1682013609\n|move|p1b: Palafin|Drain Punch|p2b: Amoonguss\n|-damage|p2b: Amoonguss|5\/100\n|-heal|p1b: Palafin|98\/100|[from] drain|[of] p2b: Amoonguss\n|-damage|p1b: Palafin|81\/100|[from] item: Rocky Helmet|[of] p2b: Amoonguss\n|move|p1a: Brute Bonnet|Spore|p2b: Amoonguss\n|-status|p2b: Amoonguss|slp|[from] move: Spore\n|cant|p2b: Amoonguss|slp\n|\n|upkeep\n|turn|9\n|\n|t:|1682013629\n|move|p1b: Palafin|Waterfall|p2b: Amoonguss\n|-resisted|p2b: Amoonguss\n|-damage|p2b: Amoonguss|0 fnt\n|-damage|p1b: Palafin|64\/100|[from] item: Rocky Helmet|[of] p2b: Amoonguss\n|faint|p2b: Amoonguss\n|\n|win|Lutraso123\n|raw|Lutraso123's rating: 1054 → 1088<\/strong> (+34 for winning)\n|raw|Donato Glaciale's rating: 1082 → 1058<\/strong> (-24 for losing)\n|l|!Donato Glaciale\n","uploadtime":1682013395,"views":4,"p1id":"lutraso123","p2id":"donatoglaciale","formatid":"gen9vgc2023regulationc","rating":1058,"private":0,"password":""}