{"id":"gen9vgc2023regulationc-1852189540","p1":"skuchi4","p2":"The8BitKing","format":"[Gen 9] VGC 2023 Regulation C","log":"|j|\u2606skuchi4\n|j|\u2606The8BitKing\n|t:|1682531516\n|gametype|doubles\n|player|p1|skuchi4|clair|1120\n|player|p2|The8BitKing|169|1029\n|teamsize|p1|6\n|teamsize|p2|6\n|gen|9\n|tier|[Gen 9] VGC 2023 Regulation C\n|rated|\n|rule|Species Clause: Limit one of each Pok\u00e9mon\n|rule|Item Clause: Limit one of each item\n|clearpoke\n|poke|p1|Amoonguss, L50, F|\n|poke|p1|Dragonite, L50, M|\n|poke|p1|Arcanine, L50, M|\n|poke|p1|Palafin, L50, F|\n|poke|p1|Magnezone, L50|\n|poke|p1|Annihilape, L50, M|\n|poke|p2|Slowbro, L50, M|\n|poke|p2|Arcanine, L50, M|\n|poke|p2|Gyarados, L50, F|\n|poke|p2|Primeape, L50, M|\n|poke|p2|Electrode, L50|\n|poke|p2|Dragonite, L50, M|\n|teampreview|4\n|\n|t:|1682531545\n|start\n|switch|p1a: Magnezone|Magnezone, L50|100\/100\n|switch|p1b: Amoonguss|Amoonguss, L50, F|100\/100\n|switch|p2a: Primeape|Primeape, L50, M, shiny|100\/100\n|switch|p2b: Arcanine|Arcanine, L50, M, shiny|100\/100\n|-ability|p2b: Arcanine|Intimidate|boost\n|-unboost|p1a: Magnezone|atk|1\n|-unboost|p1b: Amoonguss|atk|1\n|turn|1\n|\n|t:|1682531567\n|-terastallize|p2a: Primeape|Fire\n|move|p2b: Arcanine|Flare Blitz|p1b: Amoonguss\n|-supereffective|p1b: Amoonguss\n|-damage|p1b: Amoonguss|22\/100\n|-status|p1b: Amoonguss|brn\n|-damage|p2b: Arcanine|72\/100|[from] Recoil\n|move|p2a: Primeape|Drain Punch|p1a: Magnezone\n|-supereffective|p1a: Magnezone\n|-damage|p1a: Magnezone|49\/100\n|move|p1a: Magnezone|Thunderbolt|p2a: Primeape\n|-damage|p2a: Primeape|51\/100\n|move|p1b: Amoonguss|Pollen Puff|p1a: Magnezone\n|-heal|p1a: Magnezone|98\/100\n|\n|-heal|p1b: Amoonguss|28\/100 brn|[from] item: Leftovers\n|-damage|p1b: Amoonguss|22\/100 brn|[from] brn\n|upkeep\n|turn|2\n|\n|t:|1682531604\n|-terastallize|p1a: Magnezone|Flying\n|move|p1b: Amoonguss|Rage Powder|p1b: Amoonguss\n|-singleturn|p1b: Amoonguss|move: Rage Powder\n|move|p2b: Arcanine|Flare Blitz|p1a: Magnezone\n|-damage|p1a: Magnezone|59\/100\n|-damage|p2b: Arcanine|60\/100|[from] Recoil\n|move|p2a: Primeape|Drain Punch|p1b: Amoonguss\n|-resisted|p1b: Amoonguss\n|-crit|p1b: Amoonguss\n|-damage|p1b: Amoonguss|6\/100 brn\n|-heal|p2a: Primeape|62\/100|[from] drain|[of] p1b: Amoonguss\n|move|p1a: Magnezone|Thunderbolt|p2a: Primeape\n|-damage|p2a: Primeape|16\/100\n|\n|-heal|p1b: Amoonguss|12\/100 brn|[from] item: Leftovers\n|-damage|p1b: Amoonguss|6\/100 brn|[from] brn\n|upkeep\n|turn|3\n|\n|t:|1682531640\n|move|p2b: Arcanine|Flare Blitz|p1b: Amoonguss\n|-supereffective|p1b: Amoonguss\n|-damage|p1b: Amoonguss|0 fnt\n|faint|p1b: Amoonguss\n|-damage|p2b: Arcanine|58\/100|[from] Recoil\n|move|p2a: Primeape|Rage Fist|p1a: Magnezone\n|-damage|p1a: Magnezone|24\/100\n|move|p1a: Magnezone|Thunderbolt|p2b: Arcanine\n|-damage|p2b: Arcanine|4\/100\n|\n|upkeep\n|\n|t:|1682531651\n|switch|p1b: Arcanine|Arcanine, L50, M|100\/100\n|-ability|p1b: Arcanine|Intimidate|boost\n|-unboost|p2a: Primeape|atk|1\n|-ability|p2a: Primeape|Defiant|boost\n|-boost|p2a: Primeape|atk|2\n|-enditem|p1b: Arcanine|Mirror Herb\n|-boost|p1b: Arcanine|atk|2|[from] item: Mirror Herb\n|-unboost|p2b: Arcanine|atk|1\n|turn|4\n|\n|t:|1682531677\n|move|p1b: Arcanine|Extreme Speed|p2a: Primeape\n|-damage|p2a: Primeape|0 fnt\n|faint|p2a: Primeape\n|move|p2b: Arcanine|Flare Blitz|p1a: Magnezone\n|-damage|p1a: Magnezone|0 fnt\n|faint|p1a: Magnezone\n|-damage|p2b: Arcanine|0 fnt|[from] Recoil\n|faint|p2b: Arcanine\n|\n|upkeep\n|\n|t:|1682531687\n|switch|p2b: Dragonite|Dragonite, L50, M, shiny|100\/100\n|switch|p2a: Slowbro|Slowbro, L50, M, shiny|100\/100\n|switch|p1a: Annihilape|Annihilape, L50, M|100\/100\n|turn|5\n|\n|t:|1682531709\n|move|p2b: Dragonite|Thunder Punch|p1a: Annihilape\n|-damage|p1a: Annihilape|53\/100\n|move|p1b: Arcanine|Will-O-Wisp|p2b: Dragonite\n|-status|p2b: Dragonite|brn\n|move|p1a: Annihilape|Rage Fist|p2a: Slowbro\n|-supereffective|p2a: Slowbro\n|-damage|p2a: Slowbro|29\/100\n|move|p2a: Slowbro|Thunder Wave|p1b: Arcanine\n|-status|p1b: Arcanine|par\n|\n|-heal|p2a: Slowbro|35\/100|[from] item: Leftovers\n|-damage|p2b: Dragonite|95\/100 brn|[from] brn\n|upkeep\n|turn|6\n|\n|t:|1682531730\n|move|p1b: Arcanine|Extreme Speed|p2a: Slowbro\n|-damage|p2a: Slowbro|0 fnt\n|faint|p2a: Slowbro\n|move|p2b: Dragonite|Thunder Punch|p1a: Annihilape\n|-damage|p1a: Annihilape|33\/100\n|move|p1a: Annihilape|Rage Fist|p2b: Dragonite\n|-damage|p2b: Dragonite|9\/100 brn\n|\n|-damage|p2b: Dragonite|3\/100 brn|[from] brn\n|upkeep\n|turn|7\n|-message|The8BitKing forfeited.\n|\n|win|skuchi4\n|raw|skuchi4's rating: 1120 → 1139<\/strong> (+19 for winning)\n|raw|The8BitKing's rating: 1029 → 1018<\/strong> (-11 for losing)\n","uploadtime":1682531745,"views":15,"p1id":"skuchi4","p2id":"the8bitking","formatid":"gen9vgc2023regulationc","rating":1018,"private":0,"password":""}