{"id":"gen9vgc2023regulationc-1857430294","p1":"letcheflan","p2":"Piehead","format":"[Gen 9] VGC 2023 Regulation C","log":"|j|\u2606letcheflan\n|j|\u2606Piehead\n|t:|1683191923\n|gametype|doubles\n|player|p1|letcheflan|2|1083\n|player|p2|Piehead|2|1091\n|teamsize|p1|6\n|teamsize|p2|6\n|gen|9\n|tier|[Gen 9] VGC 2023 Regulation C\n|rated|\n|rule|Species Clause: Limit one of each Pok\u00e9mon\n|rule|Item Clause: Limit one of each item\n|clearpoke\n|poke|p1|Lucario, L50, M|\n|poke|p1|Amoonguss, L50, F|\n|poke|p1|Gyarados, L50, M|\n|poke|p1|Chi-Yu, L50|\n|poke|p1|Raichu, L50, F|\n|poke|p1|Garchomp, L50, F|\n|poke|p2|Dondozo, L50, M|\n|poke|p2|Medicham, L50, M|\n|poke|p2|Chien-Pao, L50|\n|poke|p2|Garchomp, L50, M|\n|poke|p2|Tatsugiri, L50, F|\n|poke|p2|Talonflame, L50, F|\n|teampreview|4\n|\n|t:|1683191945\n|start\n|switch|p1a: Raichu|Raichu, L50, F|100\/100\n|switch|p1b: Gyarados|Gyarados, L50, M|100\/100\n|switch|p2a: Dondozo|Dondozo, L50, M|100\/100\n|switch|p2b: Medicham|Medicham, L50, M|100\/100\n|-ability|p1b: Gyarados|Intimidate|boost\n|-unboost|p2a: Dondozo|atk|1\n|-unboost|p2b: Medicham|atk|1\n|turn|1\n|\n|t:|1683191979\n|move|p2a: Dondozo|Protect|p2a: Dondozo\n|-singleturn|p2a: Dondozo|Protect\n|move|p1a: Raichu|Fake Out|p2b: Medicham\n|-damage|p2b: Medicham|89\/100\n|cant|p2b: Medicham|flinch\n|move|p1b: Gyarados|Dragon Tail|p2a: Dondozo\n|-activate|p2a: Dondozo|move: Protect\n|\n|upkeep\n|turn|2\n|\n|t:|1683191998\n|-terastallize|p2a: Dondozo|Grass\n|move|p1a: Raichu|Nuzzle|p2a: Dondozo\n|-resisted|p2a: Dondozo\n|-damage|p2a: Dondozo|99\/100\n|-status|p2a: Dondozo|par\n|move|p2b: Medicham|Skill Swap|p2a: Dondozo\n|-activate|p2b: Medicham|move: Skill Swap|||[of] p2a: Dondozo\n|move|p2a: Dondozo|Tera Blast|p1b: Gyarados\n|-damage|p1b: Gyarados|43\/100\n|move|p1b: Gyarados|Dragon Tail|p2a: Dondozo\n|-damage|p2a: Dondozo|87\/100 par\n|drag|p2a: Chien-Pao|Chien-Pao, L50|100\/100\n|-ability|p2a: Chien-Pao|Sword of Ruin\n|-item|p2a: Chien-Pao|Air Balloon\n|\n|-heal|p1b: Gyarados|49\/100|[from] item: Leftovers\n|upkeep\n|turn|3\n|\n|t:|1683192026\n|switch|p2b: Dondozo|Dondozo, L50, M, tera:Grass|87\/100 par\n|move|p2a: Chien-Pao|Sucker Punch|p1b: Gyarados\n|-damage|p1b: Gyarados|0 fnt\n|faint|p1b: Gyarados\n|move|p1a: Raichu|Nuzzle|p2a: Chien-Pao\n|-damage|p2a: Chien-Pao|93\/100\n|-status|p2a: Chien-Pao|par\n|-enditem|p2a: Chien-Pao|Air Balloon\n|\n|-heal|p2b: Dondozo|93\/100 par|[from] item: Leftovers\n|upkeep\n|\n|t:|1683192041\n|switch|p1b: Lucario|Lucario, L50, M|100\/100\n|turn|4\n|\n|t:|1683192056\n|move|p2b: Dondozo|Protect|p2b: Dondozo\n|-singleturn|p2b: Dondozo|Protect\n|move|p2a: Chien-Pao|Sucker Punch|p1a: Raichu\n|-damage|p1a: Raichu|30\/100\n|move|p1a: Raichu|Volt Switch|p2b: Dondozo\n|-activate|p2b: Dondozo|move: Protect\n|move|p1b: Lucario|Aura Sphere|p2a: Chien-Pao\n|-supereffective|p2a: Chien-Pao\n|-damage|p2a: Chien-Pao|0 fnt\n|faint|p2a: Chien-Pao\n|-damage|p1b: Lucario|91\/100|[from] item: Life Orb\n|\n|-heal|p2b: Dondozo|99\/100 par|[from] item: Leftovers\n|upkeep\n|\n|t:|1683192067\n|switch|p2a: Medicham|Medicham, L50, M|89\/100\n|turn|5\n|\n|t:|1683192081\n|-terastallize|p1b: Lucario|Ghost\n|move|p1a: Raichu|Volt Switch|p2b: Dondozo\n|-resisted|p2b: Dondozo\n|-damage|p2b: Dondozo|87\/100 par\n|\n|t:|1683192086\n|switch|p1a: Chi-Yu|Chi-Yu, L50|100\/100|[from] Volt Switch\n|-ability|p1a: Chi-Yu|Beads of Ruin\n|move|p1b: Lucario|Shadow Ball|p2a: Medicham\n|-supereffective|p2a: Medicham\n|-damage|p2a: Medicham|0 fnt\n|faint|p2a: Medicham\n|-damage|p1b: Lucario|81\/100|[from] item: Life Orb\n|move|p2b: Dondozo|Earthquake|p1b: Lucario|[spread] p1a,p1b\n|-supereffective|p1a: Chi-Yu\n|-damage|p1a: Chi-Yu|19\/100\n|-damage|p1b: Lucario|40\/100\n|\n|-heal|p2b: Dondozo|93\/100 par|[from] item: Leftovers\n|upkeep\n|\n|t:|1683192101\n|switch|p2a: Tatsugiri|Tatsugiri, L50, F|100\/100\n|-activate|p2a: Tatsugiri|ability: Commander|[of] p2b: Dondozo\n|-boost|p2b: Dondozo|atk|2\n|-boost|p2b: Dondozo|spa|2\n|-boost|p2b: Dondozo|spe|2\n|-boost|p2b: Dondozo|def|2\n|-boost|p2b: Dondozo|spd|2\n|turn|6\n|\n|t:|1683192117\n|move|p1b: Lucario|Shadow Ball|p2b: Dondozo\n|-damage|p2b: Dondozo|61\/100 par\n|-unboost|p2b: Dondozo|spd|1\n|-damage|p1b: Lucario|30\/100|[from] item: Life Orb\n|move|p1a: Chi-Yu|Heat Wave|p2b: Dondozo|[spread] p2b\n|-miss|p1a: Chi-Yu|p2a: Tatsugiri\n|-supereffective|p2b: Dondozo\n|-damage|p2b: Dondozo|0 fnt\n|faint|p2b: Dondozo\n|\n|upkeep\n|turn|7\n|\n|t:|1683192137\n|move|p2a: Tatsugiri|Draco Meteor|p1b: Lucario\n|-damage|p1b: Lucario|0 fnt\n|-unboost|p2a: Tatsugiri|spa|2\n|faint|p1b: Lucario\n|move|p1a: Chi-Yu|Dark Pulse|p2a: Tatsugiri\n|-damage|p2a: Tatsugiri|19\/100\n|\n|upkeep\n|\n|t:|1683192145\n|switch|p1b: Raichu|Raichu, L50, F|30\/100\n|turn|8\n|\n|t:|1683192152\n|move|p1b: Raichu|Fake Out|p2a: Tatsugiri\n|-damage|p2a: Tatsugiri|4\/100\n|cant|p2a: Tatsugiri|flinch\n|move|p1a: Chi-Yu|Dark Pulse|p2a: Tatsugiri\n|-damage|p2a: Tatsugiri|0 fnt\n|faint|p2a: Tatsugiri\n|\n|win|letcheflan\n|raw|letcheflan's rating: 1083 → 1111<\/strong> (+28 for winning)\n|raw|Piehead's rating: 1091 → 1067<\/strong> (-24 for losing)\n|l|\u2606Piehead\n","uploadtime":1683192204,"views":12,"p1id":"letcheflan","p2id":"piehead","formatid":"gen9vgc2023regulationc","rating":1067,"private":0,"password":""}