{"id":"gen9vgc2023regulationc-1845165270","p1":"CaliberChamp","p2":"misak4","format":"[Gen 9] VGC 2023 Regulation C","log":"|j|\u2606CaliberChamp\n|j|\u2606misak4\n|t:|1681691354\n|gametype|doubles\n|player|p1|CaliberChamp|red-masters|1299\n|player|p2|misak4|169|1291\n|teamsize|p1|6\n|teamsize|p2|6\n|gen|9\n|tier|[Gen 9] VGC 2023 Regulation C\n|rated|\n|rule|Species Clause: Limit one of each Pok\u00e9mon\n|rule|Item Clause: Limit one of each item\n|clearpoke\n|poke|p1|Quaquaval, L50, F|\n|poke|p1|Cyclizar, L50, M|\n|poke|p1|Armarouge, L50, M|\n|poke|p1|Ceruledge, L50, F|\n|poke|p1|Iron Bundle, L50|\n|poke|p1|Iron Valiant, L50|\n|poke|p2|Ting-Lu, L50|\n|poke|p2|Orthworm, L50, M|\n|poke|p2|Gyarados, L50, F|\n|poke|p2|Flutter Mane, L50|\n|poke|p2|Iron Bundle, L50|\n|poke|p2|Abomasnow, L50, F|\n|teampreview|4\n|\n|t:|1681691380\n|start\n|switch|p1a: Armarouge|Armarouge, L50, M|100\/100\n|switch|p1b: Ceruledge|Ceruledge, L50, F|100\/100\n|switch|p2a: Ting-Lu|Ting-Lu, L50|100\/100\n|switch|p2b: Orthworm|Orthworm, L50, M|100\/100\n|-ability|p2a: Ting-Lu|Vessel of Ruin\n|turn|1\n|\n|t:|1681691417\n|-terastallize|p2b: Orthworm|Fire\n|move|p1b: Ceruledge|Bulk Up|p1b: Ceruledge\n|-boost|p1b: Ceruledge|atk|1\n|-boost|p1b: Ceruledge|def|1\n|move|p2b: Orthworm|Shed Tail|p2b: Orthworm\n|-start|p2b: Orthworm|Substitute|[from] move: Shed Tail\n|-damage|p2b: Orthworm|50\/100\n|-enditem|p2b: Orthworm|Sitrus Berry|[eat]\n|-heal|p2b: Orthworm|75\/100|[from] item: Sitrus Berry\n|\n|t:|1681691431\n|switch|p2b: Iron Bundle|Iron Bundle, L50|100\/100|[from] Shed Tail\n|-enditem|p2b: Iron Bundle|Booster Energy\n|-activate|p2b: Iron Bundle|ability: Quark Drive|[fromitem]\n|-start|p2b: Iron Bundle|quarkdrivespe\n|move|p2a: Ting-Lu|Earthquake|p1b: Ceruledge|[spread] p2b,p1a,p1b\n|-crit|p2b: Iron Bundle\n|-end|p2b: Iron Bundle|Substitute\n|-supereffective|p1a: Armarouge\n|-supereffective|p1b: Ceruledge\n|-crit|p1b: Ceruledge\n|-damage|p1a: Armarouge|46\/100\n|-damage|p1b: Ceruledge|0 fnt\n|faint|p1b: Ceruledge\n|move|p1a: Armarouge|Lava Plume|p2b: Iron Bundle|[spread] p2a,p2b\n|-damage|p2a: Ting-Lu|90\/100\n|-damage|p2b: Iron Bundle|66\/100\n|\n|upkeep\n|\n|t:|1681691457\n|switch|p1b: Quaquaval|Quaquaval, L50, F|100\/100\n|turn|2\n|\n|t:|1681691471\n|switch|p2a: Abomasnow|Abomasnow, L50, F|100\/100\n|-weather|Snow|[from] ability: Snow Warning|[of] p2a: Abomasnow\n|move|p1a: Armarouge|Wide Guard|p1a: Armarouge\n|-singleturn|p1a: Armarouge|Wide Guard\n|move|p2b: Iron Bundle|Hydro Pump|p1a: Armarouge\n|-supereffective|p1a: Armarouge\n|-damage|p1a: Armarouge|0 fnt\n|faint|p1a: Armarouge\n|move|p1b: Quaquaval|Close Combat|p2b: Iron Bundle\n|-supereffective|p2b: Iron Bundle\n|-damage|p2b: Iron Bundle|0 fnt\n|-unboost|p1b: Quaquaval|def|1\n|-unboost|p1b: Quaquaval|spd|1\n|faint|p2b: Iron Bundle\n|-end|p2b: Iron Bundle|Quark Drive|[silent]\n|-ability|p1b: Quaquaval|Moxie|boost\n|-boost|p1b: Quaquaval|atk|1\n|\n|-weather|Snow|[upkeep]\n|upkeep\n|\n|t:|1681691490\n|switch|p2b: Orthworm|Orthworm, L50, M, tera:Fire|75\/100\n|switch|p1a: Delibundle|Iron Bundle, L50|100\/100\n|turn|3\n|\n|t:|1681691519\n|move|p1a: Delibundle|Freeze-Dry|p2a: Abomasnow\n|-damage|p2a: Abomasnow|62\/100\n|move|p1b: Quaquaval|Aqua Step|p2b: Orthworm\n|-supereffective|p2b: Orthworm\n|-damage|p2b: Orthworm|0 fnt\n|-boost|p1b: Quaquaval|spe|1\n|faint|p2b: Orthworm\n|-ability|p1b: Quaquaval|Moxie|boost\n|-boost|p1b: Quaquaval|atk|1\n|move|p2a: Abomasnow|Giga Drain|p1a: Delibundle\n|-supereffective|p1a: Delibundle\n|-enditem|p1a: Delibundle|Focus Sash\n|-damage|p1a: Delibundle|1\/100\n|-heal|p2a: Abomasnow|96\/100|[from] drain|[of] p1a: Delibundle\n|-damage|p2a: Abomasnow|87\/100|[from] item: Life Orb\n|\n|-weather|Snow|[upkeep]\n|upkeep\n|\n|t:|1681691527\n|switch|p2b: Ting-Lu|Ting-Lu, L50|90\/100\n|-ability|p2b: Ting-Lu|Vessel of Ruin\n|turn|4\n|\n|t:|1681691563\n|move|p1a: Delibundle|Protect|p1a: Delibundle\n|-singleturn|p1a: Delibundle|Protect\n|move|p2a: Abomasnow|Ice Shard|p1a: Delibundle\n|-activate|p1a: Delibundle|move: Protect\n|move|p1b: Quaquaval|Close Combat|p2b: Ting-Lu\n|-supereffective|p2b: Ting-Lu\n|-damage|p2b: Ting-Lu|0 fnt\n|-unboost|p1b: Quaquaval|def|1\n|-unboost|p1b: Quaquaval|spd|1\n|faint|p2b: Ting-Lu\n|-ability|p1b: Quaquaval|Moxie|boost\n|-boost|p1b: Quaquaval|atk|1\n|\n|-weather|Snow|[upkeep]\n|upkeep\n|turn|5\n|\n|t:|1681691591\n|move|p1a: Delibundle|Freeze-Dry|p2a: Abomasnow\n|-damage|p2a: Abomasnow|47\/100\n|move|p1b: Quaquaval|Close Combat|p2a: Abomasnow\n|-supereffective|p2a: Abomasnow\n|-damage|p2a: Abomasnow|0 fnt\n|-unboost|p1b: Quaquaval|def|1\n|-unboost|p1b: Quaquaval|spd|1\n|faint|p2a: Abomasnow\n|\n|win|CaliberChamp\n|raw|CaliberChamp's rating: 1299 → 1323<\/strong> (+24 for winning)\n|raw|misak4's rating: 1291 → 1267<\/strong> (-24 for losing)\n|l|\u2606misak4\n","uploadtime":1681691612,"views":14,"p1id":"caliberchamp","p2id":"misak4","formatid":"gen9vgc2023regulationc","rating":1267,"private":0,"password":""}