{"id":"gen9vgc2023regulationc-1858394222","p1":"UncleLanddrops","p2":"R3M4TCH","format":"[Gen 9] VGC 2023 Regulation C","log":"|j|\u2606UncleLanddrops\n|j|\u2606R3M4TCH\n|t:|1683308243\n|gametype|doubles\n|player|p1|UncleLanddrops|170|1118\n|player|p2|R3M4TCH|2|1129\n|teamsize|p1|6\n|teamsize|p2|6\n|gen|9\n|tier|[Gen 9] VGC 2023 Regulation C\n|rated|\n|rule|Species Clause: Limit one of each Pok\u00e9mon\n|rule|Item Clause: Limit one of each item\n|clearpoke\n|poke|p1|Lycanroc, L50, F|\n|poke|p1|Tyranitar, L50, M|\n|poke|p1|Indeedee-F, L50, F|\n|poke|p1|Armarouge, L50, F|\n|poke|p1|Tatsugiri, L50, F|\n|poke|p1|Dondozo, L50, F|\n|poke|p2|Pelipper, L50, M|\n|poke|p2|Salamence, L50, F|\n|poke|p2|Sableye, L50, M|\n|poke|p2|Breloom, L50, F|\n|poke|p2|Hariyama, L50, M|\n|poke|p2|Gardevoir, L50, M|\n|teampreview|4\nR3M4TCH has agreed to open team sheets.\n|inactive|Battle timer is ON: inactive players will automatically lose when time's up. (requested by UncleLanddrops)\nUncleLanddrops has agreed to open team sheets.\n|\n|t:|1683308292\n|start\n|switch|p1a: Lycanroc|Lycanroc, L50, F, shiny|100\/100\n|switch|p1b: Armarouge|Armarouge, L50, F|100\/100\n|switch|p2a: Grimm|Sableye, L50, M|100\/100\n|switch|p2b: Opera|Gardevoir, L50, M|100\/100\n|turn|1\n|inactive|UncleLanddrops has 30 seconds left.\n|inactive|R3M4TCH has 30 seconds left.\n|inactive|UncleLanddrops has 20 seconds left.\n|inactive|R3M4TCH has 20 seconds left.\n|inactive|UncleLanddrops has 15 seconds left.\n|inactive|R3M4TCH has 15 seconds left.\n|inactive|UncleLanddrops has 10 seconds left.\n|inactive|R3M4TCH has 10 seconds left.\n|\n|t:|1683308340\n|switch|p1b: Tyranitar|Tyranitar, L50, M|100\/100\n|-weather|Sandstorm|[from] ability: Sand Stream|[of] p1b: Tyranitar\n|move|p2a: Grimm|Light Screen|p2a: Grimm\n|-sidestart|p2: R3M4TCH|move: Light Screen\n|move|p1a: Lycanroc|Rock Slide|p2a: Grimm|[spread] p2a,p2b\n|-damage|p2a: Grimm|67\/100\n|-damage|p2b: Opera|47\/100\n|move|p2b: Opera|Psyshock|p1a: Lycanroc\n|-damage|p1a: Lycanroc|21\/100\n|\n|-weather|Sandstorm|[upkeep]\n|-damage|p2b: Opera|42\/100|[from] Sandstorm\n|-damage|p2a: Grimm|62\/100|[from] Sandstorm\n|upkeep\n|turn|2\n|inactive|UncleLanddrops has 30 seconds left.\n|\n|t:|1683308374\n|switch|p2b: Redcap|Breloom, L50, F, shiny|100\/100\n|move|p2a: Grimm|Reflect|p2a: Grimm\n|-sidestart|p2: R3M4TCH|Reflect\n|move|p1a: Lycanroc|Rock Slide|p2b: Redcap|[spread] p2a,p2b\n|-resisted|p2b: Redcap\n|-damage|p2a: Grimm|35\/100\n|-damage|p2b: Redcap|85\/100\n|move|p1b: Tyranitar|Iron Defense|p1b: Tyranitar\n|-boost|p1b: Tyranitar|def|2\n|\n|-weather|Sandstorm|[upkeep]\n|-damage|p2b: Redcap|79\/100|[from] Sandstorm\n|-damage|p2a: Grimm|29\/100|[from] Sandstorm\n|upkeep\n|turn|3\n|inactive|R3M4TCH has 30 seconds left.\n|\n|t:|1683308401\n|move|p1b: Tyranitar|Protect|p1b: Tyranitar\n|-singleturn|p1b: Tyranitar|Protect\n|move|p1a: Lycanroc|Rock Slide|p2b: Redcap|[spread] p2a,p2b\n|-resisted|p2b: Redcap\n|-damage|p2a: Grimm|6\/100\n|-damage|p2b: Redcap|63\/100\n|move|p2b: Redcap|Spore|p1b: Tyranitar\n|-activate|p1b: Tyranitar|move: Protect\n|move|p2a: Grimm|Foul Play|p1a: Lycanroc\n|-damage|p1a: Lycanroc|0 fnt\n|faint|p1a: Lycanroc\n|\n|-weather|Sandstorm|[upkeep]\n|-damage|p2b: Redcap|57\/100|[from] Sandstorm\n|-damage|p2a: Grimm|0 fnt|[from] Sandstorm\n|faint|p2a: Grimm\n|upkeep\n|\n|t:|1683308419\n|switch|p1a: Armarouge|Armarouge, L50, F|100\/100\n|switch|p2a: Honda|Hariyama, L50, M|100\/100\n|turn|4\n|inactive|R3M4TCH has 30 seconds left.\n|inactive|R3M4TCH has 20 seconds left.\n|inactive|R3M4TCH has 15 seconds left.\n|inactive|R3M4TCH has 10 seconds left.\n|\n|t:|1683308465\n|switch|p1b: Indeedee|Indeedee-F, L50, F|100\/100\n|-fieldstart|move: Psychic Terrain|[from] ability: Psychic Surge|[of] p1b: Indeedee\n|-terastallize|p2b: Redcap|Rock\n|-terastallize|p1a: Armarouge|Grass\n|move|p2a: Honda|Fake Out|p1a: Armarouge\n|-activate|p1a: Armarouge|move: Psychic Terrain\n|move|p2b: Redcap|Spore|p1a: Armarouge\n|-immune|p1a: Armarouge\n|move|p1a: Armarouge|Expanding Force|p2b: Redcap|[spread] p2a,p2b\n|-supereffective|p2a: Honda\n|-damage|p2a: Honda|40\/100\n|-damage|p2b: Redcap|0 fnt\n|faint|p2b: Redcap\n|-damage|p1a: Armarouge|91\/100|[from] item: Life Orb\n|\n|-weather|Sandstorm|[upkeep]\n|-damage|p1a: Armarouge|85\/100|[from] Sandstorm\n|-damage|p1b: Indeedee|94\/100|[from] Sandstorm\n|-damage|p2a: Honda|34\/100|[from] Sandstorm\n|upkeep\n|\n|t:|1683308470\n|switch|p2b: Opera|Gardevoir, L50, M|42\/100\n|turn|5\n|inactive|UncleLanddrops has 30 seconds left.\n|inactive|R3M4TCH has 30 seconds left.\n|\n|t:|1683308496\n|move|p1b: Indeedee|Follow Me|p1b: Indeedee\n|-singleturn|p1b: Indeedee|move: Follow Me\n|move|p2b: Opera|Dazzling Gleam|p1a: Armarouge|[spread] p1a,p1b\n|-damage|p1a: Armarouge|49\/100\n|-damage|p1b: Indeedee|69\/100\n|move|p1a: Armarouge|Expanding Force|p2a: Honda|[spread] p2a,p2b\n|-supereffective|p2a: Honda\n|-resisted|p2b: Opera\n|-damage|p2a: Honda|0 fnt\n|-damage|p2b: Opera|12\/100\n|faint|p2a: Honda\n|-damage|p1a: Armarouge|39\/100|[from] item: Life Orb\n|\n|-weather|none\n|upkeep\n|turn|6\n|\n|t:|1683308515\n|move|p2b: Opera|Dazzling Gleam|p1b: Indeedee|[spread] p1a,p1b\n|-crit|p1b: Indeedee\n|-damage|p1a: Armarouge|2\/100\n|-damage|p1b: Indeedee|33\/100\n|-enditem|p1b: Indeedee|Sitrus Berry|[eat]\n|-heal|p1b: Indeedee|58\/100|[from] item: Sitrus Berry\n|move|p1a: Armarouge|Expanding Force|p2b: Opera\n|-resisted|p2b: Opera\n|-damage|p2b: Opera|0 fnt\n|faint|p2b: Opera\n|-damage|p1a: Armarouge|0 fnt|[from] item: Life Orb\n|faint|p1a: Armarouge\n|\n|win|UncleLanddrops\n|raw|UncleLanddrops's rating: 1118 → 1144<\/strong> (+26 for winning)\n|raw|R3M4TCH's rating: 1129 → 1103<\/strong> (-26 for losing)\n","uploadtime":1683308531,"views":11,"p1id":"unclelanddrops","p2id":"r3m4tch","formatid":"gen9vgc2023regulationc","rating":1103,"private":0,"password":""}