{"id":"gen9vgc2023regulationc-1855854362","p1":"044kike","p2":"dunsparcedingo","format":"[Gen 9] VGC 2023 Regulation C","log":"|j|\u2606044kike\n|j|\u2606dunsparcedingo\n|t:|1682992146\n|gametype|doubles\n|player|p1|044kike|102|1190\n|player|p2|dunsparcedingo|zinnia|1124\n|teamsize|p1|6\n|teamsize|p2|6\n|gen|9\n|tier|[Gen 9] VGC 2023 Regulation C\n|rated|\n|rule|Species Clause: Limit one of each Pok\u00e9mon\n|rule|Item Clause: Limit one of each item\n|clearpoke\n|poke|p1|Amoonguss, L50, F|\n|poke|p1|Ceruledge, L50, F|\n|poke|p1|Gyarados, L50, M|\n|poke|p1|Ting-Lu, L50|\n|poke|p1|Flutter Mane, L50|\n|poke|p1|Murkrow, L50, M|\n|poke|p2|Torkoal, L50, F|\n|poke|p2|Jumpluff, L50, F|\n|poke|p2|Chi-Yu, L50|\n|poke|p2|Great Tusk, L50|\n|poke|p2|Scizor, L50, F|\n|poke|p2|Flutter Mane, L50|\n|teampreview|4\ndunsparcedingo has agreed to open team sheets.\n044kike has agreed to open team sheets.\n|\n|t:|1682992180\n|start\n|switch|p1a: Ceruledge|Ceruledge, L50, F|100\/100\n|switch|p1b: Murkrow|Murkrow, L50, M|100\/100\n|switch|p2a: Flutter Mane|Flutter Mane, L50|100\/100\n|switch|p2b: Great Tusk|Great Tusk, L50|100\/100\n|turn|1\n|\n|t:|1682992222\n|-end|p2b: Great Tusk|Protosynthesis|[silent]\n|switch|p2b: Torkoal|Torkoal, L50, F|100\/100\n|-weather|SunnyDay|[from] ability: Drought|[of] p2b: Torkoal\n|-activate|p2a: Flutter Mane|ability: Protosynthesis\n|-start|p2a: Flutter Mane|protosynthesisspe\n|move|p1a: Ceruledge|Protect|p1a: Ceruledge\n|-singleturn|p1a: Ceruledge|Protect\n|move|p1b: Murkrow|Tailwind|p1b: Murkrow\n|-sidestart|p1: 044kike|move: Tailwind\n|move|p2a: Flutter Mane|Dazzling Gleam|p1b: Murkrow|[spread] p1b\n|-activate|p1a: Ceruledge|move: Protect\n|-supereffective|p1b: Murkrow\n|-damage|p1b: Murkrow|24\/100\n|\n|-weather|SunnyDay|[upkeep]\n|upkeep\n|turn|2\n|\n|t:|1682992277\n|switch|p1b: Ting-Lu|Ting-Lu, L50|100\/100\n|-ability|p1b: Ting-Lu|Vessel of Ruin\n|switch|p2b: Great Tusk|Great Tusk, L50|100\/100\n|-activate|p2b: Great Tusk|ability: Protosynthesis\n|-start|p2b: Great Tusk|protosynthesisatk\n|move|p2a: Flutter Mane|Dazzling Gleam|p1a: Ceruledge|[spread] p1a,p1b\n|-resisted|p1a: Ceruledge\n|-supereffective|p1b: Ting-Lu\n|-damage|p1a: Ceruledge|80\/100\n|-damage|p1b: Ting-Lu|62\/100\n|move|p1a: Ceruledge|Bulk Up|p1a: Ceruledge\n|-boost|p1a: Ceruledge|atk|1\n|-boost|p1a: Ceruledge|def|1\n|\n|-weather|SunnyDay|[upkeep]\n|upkeep\n|turn|3\n|\n|t:|1682992337\n|-end|p2a: Flutter Mane|Protosynthesis|[silent]\n|switch|p2a: Torkoal|Torkoal, L50, F|100\/100\n|move|p1a: Ceruledge|Bitter Blade|p2b: Great Tusk\n|-damage|p2b: Great Tusk|29\/100\n|-heal|p1a: Ceruledge|100\/100|[from] drain|[of] p2b: Great Tusk\n|move|p1b: Ting-Lu|Heavy Slam|p2a: Torkoal\n|-resisted|p2a: Torkoal\n|-damage|p2a: Torkoal|87\/100\n|move|p2b: Great Tusk|Close Combat|p1b: Ting-Lu\n|-supereffective|p1b: Ting-Lu\n|-damage|p1b: Ting-Lu|0 fnt\n|-unboost|p2b: Great Tusk|def|1\n|-unboost|p2b: Great Tusk|spd|1\n|faint|p1b: Ting-Lu\n|-damage|p2b: Great Tusk|19\/100|[from] item: Life Orb\n|\n|-weather|SunnyDay|[upkeep]\n|upkeep\n|\n|t:|1682992360\n|switch|p1b: Murkrow|Murkrow, L50, M|24\/100\n|turn|4\n|\n|t:|1682992385\n|-terastallize|p1a: Ceruledge|Grass\n|move|p1b: Murkrow|Protect|p1b: Murkrow\n|-singleturn|p1b: Murkrow|Protect\n|move|p2b: Great Tusk|Protect|p2b: Great Tusk\n|-singleturn|p2b: Great Tusk|Protect\n|move|p1a: Ceruledge|Bulk Up|p1a: Ceruledge\n|-boost|p1a: Ceruledge|atk|1\n|-boost|p1a: Ceruledge|def|1\n|move|p2a: Torkoal|Clear Smog|p1a: Ceruledge\n|-supereffective|p1a: Ceruledge\n|-damage|p1a: Ceruledge|74\/100\n|-clearboost|p1a: Ceruledge\n|\n|-weather|SunnyDay|[upkeep]\n|-sideend|p1: 044kike|move: Tailwind\n|upkeep\n|turn|5\n|\n|t:|1682992429\n|-end|p2b: Great Tusk|Protosynthesis|[silent]\n|switch|p2b: Flutter Mane|Flutter Mane, L50|100\/100\n|-activate|p2b: Flutter Mane|ability: Protosynthesis\n|-start|p2b: Flutter Mane|protosynthesisspe\n|move|p1b: Murkrow|Tailwind|p1b: Murkrow\n|-sidestart|p1: 044kike|move: Tailwind\n|move|p1a: Ceruledge|Tera Blast|p2b: Flutter Mane\n|-damage|p2b: Flutter Mane|21\/100\n|move|p2a: Torkoal|Clear Smog|p1a: Ceruledge\n|-supereffective|p1a: Ceruledge\n|-damage|p1a: Ceruledge|47\/100\n|-clearboost|p1a: Ceruledge\n|\n|-weather|none\n|-end|p2b: Flutter Mane|Protosynthesis\n|upkeep\n|turn|6\n|\n|t:|1682992479\n|-end|p2b: Flutter Mane|Protosynthesis|[silent]\n|switch|p2b: Great Tusk|Great Tusk, L50|19\/100\n|switch|p2a: Scizor|Scizor, L50, F|100\/100\n|move|p1a: Ceruledge|Bitter Blade|p2b: Great Tusk\n|-damage|p2b: Great Tusk|0 fnt\n|-heal|p1a: Ceruledge|61\/100|[from] drain|[of] p2b: Great Tusk\n|faint|p2b: Great Tusk\n|-end|p2b: Great Tusk|Protosynthesis|[silent]\n|move|p1b: Murkrow|Foul Play|p2a: Scizor\n|-damage|p2a: Scizor|46\/100\n|-enditem|p2a: Scizor|Sitrus Berry|[eat]\n|-heal|p2a: Scizor|71\/100|[from] item: Sitrus Berry\n|\n|upkeep\n|\n|t:|1682992514\n|switch|p2b: Flutter Mane|Flutter Mane, L50|21\/100\n|turn|7\n|\n|t:|1682992544\n|-end|p2b: Flutter Mane|Protosynthesis|[silent]\n|switch|p2b: Torkoal|Torkoal, L50, F|87\/100\n|-weather|SunnyDay|[from] ability: Drought|[of] p2b: Torkoal\n|-terastallize|p2a: Scizor|Flying\n|move|p1a: Ceruledge|Bitter Blade|p2a: Scizor\n|-damage|p2a: Scizor|0 fnt\n|-heal|p1a: Ceruledge|96\/100|[from] drain|[of] p2a: Scizor\n|faint|p2a: Scizor\n|move|p1b: Murkrow|Foul Play|p2b: Torkoal\n|-damage|p2b: Torkoal|73\/100\n|\n|-weather|SunnyDay|[upkeep]\n|upkeep\n|\n|t:|1682992555\n|switch|p2a: Flutter Mane|Flutter Mane, L50|21\/100\n|-activate|p2a: Flutter Mane|ability: Protosynthesis\n|-start|p2a: Flutter Mane|protosynthesisspe\n|turn|8\n|\n|t:|1682992573\n|move|p1b: Murkrow|Protect|p1b: Murkrow\n|-singleturn|p1b: Murkrow|Protect\n|move|p2a: Flutter Mane|Dazzling Gleam|p1a: Ceruledge|[spread] p1a\n|-activate|p1b: Murkrow|move: Protect\n|-damage|p1a: Ceruledge|37\/100\n|move|p1a: Ceruledge|Bitter Blade|p2a: Flutter Mane\n|-crit|p2a: Flutter Mane\n|-damage|p2a: Flutter Mane|0 fnt\n|-heal|p1a: Ceruledge|46\/100|[from] drain|[of] p2a: Flutter Mane\n|faint|p2a: Flutter Mane\n|-end|p2a: Flutter Mane|Protosynthesis|[silent]\n|move|p2b: Torkoal|Overheat|p1b: Murkrow\n|-activate|p1b: Murkrow|move: Protect\n|\n|-weather|SunnyDay|[upkeep]\n|-sideend|p1: 044kike|move: Tailwind\n|upkeep\n|turn|9\n|\n|t:|1682992593\n|move|p1b: Murkrow|Tailwind|p1b: Murkrow\n|-sidestart|p1: 044kike|move: Tailwind\n|move|p1a: Ceruledge|Bitter Blade|p2b: Torkoal\n|-resisted|p2b: Torkoal\n|-damage|p2b: Torkoal|48\/100\n|-heal|p1a: Ceruledge|60\/100|[from] drain|[of] p2b: Torkoal\n|move|p2b: Torkoal|Clear Smog|p1a: Ceruledge\n|-supereffective|p1a: Ceruledge\n|-damage|p1a: Ceruledge|34\/100\n|-clearboost|p1a: Ceruledge\n|\n|-weather|SunnyDay|[upkeep]\n|upkeep\n|turn|10\n|\n|t:|1682992610\n|move|p1a: Ceruledge|Bitter Blade|p2b: Torkoal\n|-resisted|p2b: Torkoal\n|-damage|p2b: Torkoal|24\/100\n|-heal|p1a: Ceruledge|47\/100|[from] drain|[of] p2b: Torkoal\n|move|p1b: Murkrow|Foul Play|p2b: Torkoal\n|-damage|p2b: Torkoal|10\/100\n|move|p2b: Torkoal|Clear Smog|p1a: Ceruledge\n|-supereffective|p1a: Ceruledge\n|-damage|p1a: Ceruledge|22\/100\n|-clearboost|p1a: Ceruledge\n|\n|-weather|SunnyDay|[upkeep]\n|upkeep\n|turn|11\n|-message|dunsparcedingo forfeited.\n|\n|win|044kike\n|raw|044kike's rating: 1190 → 1210<\/strong> (+20 for winning)\n|raw|dunsparcedingo's rating: 1124 → 1104<\/strong> (-20 for losing)\n|l|\u2606dunsparcedingo\n","uploadtime":1682992625,"views":12,"p1id":"044kike","p2id":"dunsparcedingo","formatid":"gen9vgc2023regulationc","rating":1104,"private":0,"password":""}