{"id":"gen9vgc2023regulationc-1849950169","p1":"AndrwApple","p2":"Bambambi","format":"[Gen 9] VGC 2023 Regulation C","log":"|j|\u2606AndrwApple\n|j|\u2606Bambambi\n|t:|1682271369\n|gametype|doubles\n|player|p1|AndrwApple|erika-masters|\n|player|p2|Bambambi|wallace-gen6|\n|teamsize|p1|6\n|teamsize|p2|6\n|gen|9\n|tier|[Gen 9] VGC 2023 Regulation C\n|rule|Species Clause: Limit one of each Pok\u00e9mon\n|rule|Item Clause: Limit one of each item\n|clearpoke\n|poke|p1|Flutter Mane, L50|\n|poke|p1|Wo-Chien, L50|\n|poke|p1|Gholdengo, L50|\n|poke|p1|Arcanine, L50, M|\n|poke|p1|Palafin, L50, M|\n|poke|p1|Iron Hands, L50|\n|poke|p2|Flutter Mane, L50|\n|poke|p2|Gothitelle, L50, F|\n|poke|p2|Scream Tail, L50|\n|poke|p2|Chi-Yu, L50|\n|poke|p2|Amoonguss, L50, F|\n|poke|p2|Palafin, L50, M|\n|teampreview|4\nBambambi has agreed to open team sheets.\nAndrwApple has agreed to open team sheets.\n|c|\u2606AndrwApple|Glhf\n|\n|t:|1682271438\n|start\n|switch|p1a: Luke|Palafin, L50, M, shiny|100\/100\n|switch|p1b: C3-P0|Gholdengo, L50|100\/100\n|switch|p2a: Pearls|Flutter Mane, L50|100\/100\n|switch|p2b: Chi-Chi|Chi-Yu, L50|100\/100\n|-ability|p2b: Chi-Chi|Beads of Ruin\n|turn|1\n|\n|t:|1682271478\n|-end|p2a: Pearls|Protosynthesis|[silent]\n|switch|p2a: ALLMIGHTU|Palafin, L50, M, shiny|100\/100\n|detailschange|p1a: Luke|Palafin-Hero, L50, M, shiny\n|switch|p1a: AT-AT|Arcanine, L50, M|100\/100\n|-ability|p1a: AT-AT|Intimidate|boost\n|-unboost|p2a: ALLMIGHTU|atk|1\n|-unboost|p2b: Chi-Chi|atk|1\n|-terastallize|p2b: Chi-Chi|Water\n|-terastallize|p1b: C3-P0|Water\n|move|p2b: Chi-Chi|Snarl|p1a: AT-AT|[spread] p1a,p1b\n|-damage|p1a: AT-AT|72\/100\n|-damage|p1b: C3-P0|80\/100\n|-unboost|p1a: AT-AT|spa|1\n|-unboost|p1b: C3-P0|spa|1\n|move|p1b: C3-P0|Make It Rain|p2b: Chi-Chi|[spread] p2a,p2b\n|-resisted|p2a: ALLMIGHTU\n|-resisted|p2b: Chi-Chi\n|-damage|p2a: ALLMIGHTU|76\/100\n|-damage|p2b: Chi-Chi|87\/100\n|-unboost|p1b: C3-P0|spa|1\n|\n|upkeep\n|turn|2\n|\n|t:|1682271520\n|switch|p1a: Luke|Palafin-Hero, L50, M, shiny|100\/100\n|-activate|p1a: Luke|ability: Zero to Hero\n|switch|p1b: Yoda|Flutter Mane, L50|100\/100\n|move|p2b: Chi-Chi|Snarl|p1a: Luke|[spread] p1a,p1b\n|-damage|p1a: Luke|77\/100\n|-damage|p1b: Yoda|79\/100\n|-unboost|p1a: Luke|spa|1\n|-unboost|p1b: Yoda|spa|1\n|move|p2a: ALLMIGHTU|Wave Crash|p1a: Luke\n|-resisted|p1a: Luke\n|-crit|p1a: Luke\n|-damage|p1a: Luke|40\/100\n|-damage|p2a: ALLMIGHTU|64\/100|[from] Recoil\n|\n|upkeep\n|turn|3\n|\n|t:|1682271540\n|detailschange|p2a: ALLMIGHTU|Palafin-Hero, L50, M, shiny\n|switch|p2a: SSJ3 Jiggly|Scream Tail, L50, shiny|100\/100\n|-enditem|p2a: SSJ3 Jiggly|Booster Energy\n|-activate|p2a: SSJ3 Jiggly|ability: Protosynthesis|[fromitem]\n|-start|p2a: SSJ3 Jiggly|protosynthesisspe\n|move|p2b: Chi-Chi|Protect|p2b: Chi-Chi\n|-singleturn|p2b: Chi-Chi|Protect\n|move|p1b: Yoda|Moonblast|p2b: Chi-Chi\n|-activate|p2b: Chi-Chi|move: Protect\n|move|p1a: Luke|Substitute|p1a: Luke\n|-start|p1a: Luke|Substitute\n|-damage|p1a: Luke|15\/100\n|\n|upkeep\n|turn|4\n|\n|t:|1682271561\n|move|p2a: SSJ3 Jiggly|Reflect|p2a: SSJ3 Jiggly\n|-sidestart|p2: Bambambi|Reflect\n|move|p1b: Yoda|Moonblast|p2b: Chi-Chi\n|-damage|p2b: Chi-Chi|46\/100\n|move|p2b: Chi-Chi|Snarl|p1b: Yoda|[spread] p1a,p1b\n|-damage|p1a: Luke|0 fnt\n|-damage|p1b: Yoda|56\/100\n|-unboost|p1b: Yoda|spa|1\n|faint|p1a: Luke\n|\n|upkeep\n|\n|t:|1682271565\n|switch|p1a: AT-AT|Arcanine, L50, M|72\/100\n|-ability|p1a: AT-AT|Intimidate|boost\n|-unboost|p2a: SSJ3 Jiggly|atk|1\n|-unboost|p2b: Chi-Chi|atk|1\n|turn|5\n|c|\u2606Bambambi|get fricked\n|\n|t:|1682271590\n|move|p2b: Chi-Chi|Protect|p2b: Chi-Chi\n|-singleturn|p2b: Chi-Chi|Protect\n|move|p2a: SSJ3 Jiggly|Play Rough|p1b: Yoda\n|-damage|p1b: Yoda|34\/100\n|-unboost|p1b: Yoda|atk|1\n|move|p1b: Yoda|Moonblast|p2b: Chi-Chi\n|-activate|p2b: Chi-Chi|move: Protect\n|move|p1a: AT-AT|Close Combat|p2b: Chi-Chi\n|-activate|p2b: Chi-Chi|move: Protect\n|\n|upkeep\n|turn|6\n|c|\u2606AndrwApple|I don't get ur plays\n|c|\u2606Bambambi|Im playing offense right now\n|c|\u2606Bambambi|because it works really well into your team\n|c|\u2606Bambambi|ive been playing against it constantly\n|c|\u2606AndrwApple|( it doesn't because i could counterplay but im trying to predict u )\n|\n|t:|1682271639\n|switch|p2b: ALLMIGHTU|Palafin-Hero, L50, M, shiny|64\/100\n|-activate|p2b: ALLMIGHTU|ability: Zero to Hero\n|move|p2a: SSJ3 Jiggly|Protect|p2a: SSJ3 Jiggly\n|-singleturn|p2a: SSJ3 Jiggly|Protect\n|move|p1b: Yoda|Moonblast|p2b: ALLMIGHTU\n|-damage|p2b: ALLMIGHTU|33\/100\n|move|p1a: AT-AT|Close Combat|p2b: ALLMIGHTU\n|-damage|p2b: ALLMIGHTU|11\/100\n|-unboost|p1a: AT-AT|def|1\n|-unboost|p1a: AT-AT|spd|1\n|\n|upkeep\n|turn|7\n|\n|t:|1682271659\n|-end|p1b: Yoda|Protosynthesis|[silent]\n|switch|p1b: C3-P0|Gholdengo, L50, tera:Water|80\/100\n|move|p1a: AT-AT|Protect|p1a: AT-AT\n|-singleturn|p1a: AT-AT|Protect\n|move|p2b: ALLMIGHTU|Jet Punch|p1a: AT-AT\n|-activate|p1a: AT-AT|move: Protect\n|move|p2a: SSJ3 Jiggly|Play Rough|p1b: C3-P0\n|-damage|p1b: C3-P0|63\/100\n|\n|upkeep\n|turn|8\n|\n|t:|1682271678\n|move|p2b: ALLMIGHTU|Protect|p2b: ALLMIGHTU\n|-singleturn|p2b: ALLMIGHTU|Protect\n|move|p1a: AT-AT|Protect||[still]\n|-fail|p1a: AT-AT\n|move|p2a: SSJ3 Jiggly|Play Rough|p1a: AT-AT\n|-resisted|p1a: AT-AT\n|-damage|p1a: AT-AT|59\/100\n|move|p1b: C3-P0|Nasty Plot|p1b: C3-P0\n|-boost|p1b: C3-P0|spa|2\n|\n|-sideend|p2: Bambambi|Reflect\n|upkeep\n|turn|9\n|\n|t:|1682271695\n|switch|p1a: Yoda|Flutter Mane, L50|34\/100\n|move|p2a: SSJ3 Jiggly|Play Rough|p1b: C3-P0|[miss]\n|-miss|p2a: SSJ3 Jiggly|p1b: C3-P0\n|move|p2b: ALLMIGHTU|Wave Crash|p1b: C3-P0\n|-resisted|p1b: C3-P0\n|-damage|p1b: C3-P0|19\/100\n|-enditem|p1b: C3-P0|Sitrus Berry|[eat]\n|-heal|p1b: C3-P0|43\/100|[from] item: Sitrus Berry\n|-damage|p2b: ALLMIGHTU|0 fnt|[from] Recoil\n|faint|p2b: ALLMIGHTU\n|move|p1b: C3-P0|Make It Rain|p2a: SSJ3 Jiggly\n|-supereffective|p2a: SSJ3 Jiggly\n|-damage|p2a: SSJ3 Jiggly|0 fnt\n|-unboost|p1b: C3-P0|spa|1\n|faint|p2a: SSJ3 Jiggly\n|-end|p2a: SSJ3 Jiggly|Protosynthesis|[silent]\n|\n|upkeep\n|\n|t:|1682271710\n|switch|p2a: Pearls|Flutter Mane, L50|100\/100\n|switch|p2b: Chi-Chi|Chi-Yu, L50, tera:Water|46\/100\n|-ability|p2b: Chi-Chi|Beads of Ruin\n|turn|10\n|\n|t:|1682271716\n|move|p2a: Pearls|Dazzling Gleam|p1b: C3-P0|[spread] p1a,p1b\n|-crit|p1b: C3-P0\n|-damage|p1a: Yoda|0 fnt\n|-damage|p1b: C3-P0|0 fnt\n|faint|p1a: Yoda\n|-end|p1a: Yoda|Protosynthesis|[silent]\n|faint|p1b: C3-P0\n|move|p2b: Chi-Chi|Snarl|p1: Yoda|[notarget]\n|-fail|p2b: Chi-Chi\n|\n|upkeep\n|\n|t:|1682271719\n|switch|p1b: AT-AT|Arcanine, L50, M|59\/100\n|-ability|p1b: AT-AT|Intimidate|boost\n|-unboost|p2a: Pearls|atk|1\n|-unboost|p2b: Chi-Chi|atk|1\n|turn|11\n|c|\u2606Bambambi|oof\n|c|\u2606AndrwApple|gg\n|-message|AndrwApple forfeited.\n|\n|win|Bambambi\n|l|\u2606AndrwApple\n|c|\u2606Bambambi|gg\n","uploadtime":1682271762,"views":6,"p1id":"andrwapple","p2id":"bambambi","formatid":"gen9vgc2023regulationc","rating":0,"private":0,"password":""}