{"id":"gen9vgc2023regulationc-1849714808","p1":"EldyOnetrick","p2":"coolbai","format":"[Gen 9] VGC 2023 Regulation C","log":"|j|\u2606EldyOnetrick\n|j|\u2606coolbai\n|t:|1682238006\n|gametype|doubles\n|player|p1|EldyOnetrick|scientist-gen4dp|1108\n|player|p2|coolbai|unknown|1040\n|teamsize|p1|6\n|teamsize|p2|6\n|gen|9\n|tier|[Gen 9] VGC 2023 Regulation C\n|rated|\n|rule|Species Clause: Limit one of each Pok\u00e9mon\n|rule|Item Clause: Limit one of each item\n|clearpoke\n|poke|p1|Spiritomb, L50, M|\n|poke|p1|Gyarados, L50, M|\n|poke|p1|Armarouge, L50, F|\n|poke|p1|Mudsdale, L50, F|\n|poke|p1|Scizor, L50, M|\n|poke|p1|Breloom, L50, M|\n|poke|p2|Armarouge, L50, F|\n|poke|p2|Hawlucha, L50, M|\n|poke|p2|Indeedee-F, L50, F|\n|poke|p2|Dragapult, L50, F|\n|poke|p2|Sableye, L50, F|\n|poke|p2|Gholdengo, L50|\n|teampreview|4\n|\n|t:|1682238031\n|start\n|switch|p1a: Spiritomb|Spiritomb, L50, M|100\/100\n|switch|p1b: Scizor|Scizor, L50, M|100\/100\n|switch|p2a: Armarouge|Armarouge, L50, F|100\/100\n|switch|p2b: Dragapult|Dragapult, L50, F|100\/100\n|turn|1\n|inactive|Battle timer is ON: inactive players will automatically lose when time's up. (requested by EldyOnetrick)\n|\n|t:|1682238054\n|move|p1b: Scizor|Protect|p1b: Scizor\n|-singleturn|p1b: Scizor|Protect\n|move|p2b: Dragapult|U-turn|p2a: Armarouge\n|-damage|p2a: Armarouge|85\/100\n|-ability|p2a: Armarouge|Weak Armor|boost\n|-unboost|p2a: Armarouge|def|1\n|-boost|p2a: Armarouge|spe|2\n|\n|t:|1682238077\n|switch|p2b: Indeedee|Indeedee-F, L50, F|100\/100|[from] U-turn\n|-fieldstart|move: Psychic Terrain|[from] ability: Psychic Surge|[of] p2b: Indeedee\n|move|p2a: Armarouge|Lava Plume|p1a: Spiritomb|[spread] p2b,p1a\n|-activate|p1b: Scizor|move: Protect\n|-damage|p2b: Indeedee|65\/100\n|-damage|p1a: Spiritomb|74\/100\n|move|p1a: Spiritomb|Trick Room|p1a: Spiritomb\n|-fieldstart|move: Trick Room|[of] p1a: Spiritomb\n|\n|upkeep\n|turn|2\n|inactive|coolbai has 30 seconds left.\n|inactive|coolbai has 20 seconds left.\n|inactive|coolbai has 15 seconds left.\n|inactive|coolbai has 10 seconds left.\n|inactive|coolbai has 5 seconds left.\n|\n|t:|1682238130\n|move|p2b: Indeedee|Protect|p2b: Indeedee\n|-singleturn|p2b: Indeedee|Protect\n|move|p1a: Spiritomb|Snarl|p2a: Armarouge|[spread] p2a\n|-activate|p2b: Indeedee|move: Protect\n|-supereffective|p2a: Armarouge\n|-damage|p2a: Armarouge|52\/100\n|-unboost|p2a: Armarouge|spa|1\n|-enditem|p2a: Armarouge|Weakness Policy\n|-boost|p2a: Armarouge|atk|2|[from] item: Weakness Policy\n|-boost|p2a: Armarouge|spa|2|[from] item: Weakness Policy\n|move|p1b: Scizor|U-turn|p2b: Indeedee\n|-activate|p2b: Indeedee|move: Protect\n|move|p2a: Armarouge|Armor Cannon|p1b: Scizor\n|-supereffective|p1b: Scizor\n|-damage|p1b: Scizor|0 fnt\n|-unboost|p2a: Armarouge|def|1\n|-unboost|p2a: Armarouge|spd|1\n|faint|p1b: Scizor\n|\n|upkeep\n|\n|t:|1682238137\n|switch|p1b: Mudsdale|Mudsdale, L50, F|100\/100\n|turn|3\n|\n|t:|1682238153\n|move|p2a: Armarouge|Protect|p2a: Armarouge\n|-singleturn|p2a: Armarouge|Protect\n|move|p1a: Spiritomb|Snarl|p2b: Indeedee|[spread] p2b\n|-activate|p2a: Armarouge|move: Protect\n|-supereffective|p2b: Indeedee\n|-damage|p2b: Indeedee|32\/100\n|-unboost|p2b: Indeedee|spa|1\n|move|p1b: Mudsdale|High Horsepower|p2b: Indeedee\n|-damage|p2b: Indeedee|0 fnt\n|faint|p2b: Indeedee\n|\n|upkeep\n|\n|t:|1682238165\n|switch|p2b: Dragapult|Dragapult, L50, F|100\/100\n|turn|4\n|\n|t:|1682238175\n|-terastallize|p2a: Armarouge|Fire\n|move|p1a: Spiritomb|Snarl|p2b: Dragapult|[spread] p2a,p2b\n|-supereffective|p2b: Dragapult\n|-damage|p2a: Armarouge|28\/100\n|-damage|p2b: Dragapult|62\/100\n|-unboost|p2a: Armarouge|spa|1\n|move|p1b: Mudsdale|High Horsepower|p2a: Armarouge\n|-supereffective|p2a: Armarouge\n|-damage|p2a: Armarouge|0 fnt\n|faint|p2a: Armarouge\n|move|p2b: Dragapult|Draco Meteor|p1b: Mudsdale\n|-damage|p1b: Mudsdale|16\/100\n|-unboost|p2b: Dragapult|spa|2\n|-ability|p1b: Mudsdale|Stamina|boost\n|-boost|p1b: Mudsdale|def|1\n|\n|upkeep\n|\n|t:|1682238185\n|switch|p2a: Hawlucha|Hawlucha, L50, M|100\/100\n|-enditem|p2a: Hawlucha|Psychic Seed\n|-boost|p2a: Hawlucha|spd|1|[from] item: Psychic Seed\n|turn|5\n|\n|t:|1682238196\n|move|p1a: Spiritomb|Will-O-Wisp|p2a: Hawlucha\n|-status|p2a: Hawlucha|brn\n|move|p1b: Mudsdale|High Horsepower|p2b: Dragapult\n|-crit|p2b: Dragapult\n|-damage|p2b: Dragapult|0 fnt\n|faint|p2b: Dragapult\n|move|p2a: Hawlucha|Trailblaze|p1b: Mudsdale\n|-supereffective|p1b: Mudsdale\n|-damage|p1b: Mudsdale|7\/100\n|-boost|p2a: Hawlucha|spe|1\n|-ability|p1b: Mudsdale|Stamina|boost\n|-boost|p1b: Mudsdale|def|1\n|\n|-damage|p2a: Hawlucha|95\/100 brn|[from] brn\n|-fieldend|move: Trick Room\n|-fieldend|move: Psychic Terrain\n|upkeep\n|turn|6\n|\n|t:|1682238214\n|move|p1b: Mudsdale|Protect|p1b: Mudsdale\n|-singleturn|p1b: Mudsdale|Protect\n|move|p2a: Hawlucha|Acrobatics|p1a: Spiritomb\n|-damage|p1a: Spiritomb|45\/100\n|-enditem|p1a: Spiritomb|Sitrus Berry|[eat]\n|-heal|p1a: Spiritomb|70\/100|[from] item: Sitrus Berry\n|move|p1a: Spiritomb|Trick Room|p1a: Spiritomb\n|-fieldstart|move: Trick Room|[of] p1a: Spiritomb\n|\n|-damage|p2a: Hawlucha|89\/100 brn|[from] brn\n|upkeep\n|turn|7\n|-message|coolbai forfeited.\n|\n|win|EldyOnetrick\n|raw|EldyOnetrick's rating: 1108 → 1128<\/strong> (+20 for winning)\n|raw|coolbai's rating: 1040 → 1027<\/strong> (-13 for losing)\n|l|\u2606coolbai\n","uploadtime":1682238228,"views":14,"p1id":"eldyonetrick","p2id":"coolbai","formatid":"gen9vgc2023regulationc","rating":1027,"private":0,"password":""}