{"id":"gen9vgc2023regulationc-1855562709","p1":"VeeGey","p2":"JackThePale","format":"[Gen 9] VGC 2023 Regulation C","log":"|j|\u2606VeeGey\n|j|\u2606JackThePale\n|t:|1682962293\n|gametype|doubles\n|player|p1|VeeGey|265|1125\n|player|p2|JackThePale|102|1000\n|teamsize|p1|6\n|teamsize|p2|6\n|gen|9\n|tier|[Gen 9] VGC 2023 Regulation C\n|rated|\n|rule|Species Clause: Limit one of each Pok\u00e9mon\n|rule|Item Clause: Limit one of each item\n|clearpoke\n|poke|p1|Golduck, L50, F|\n|poke|p1|Pelipper, L50, M|\n|poke|p1|Barraskewda, L50, M|\n|poke|p1|Qwilfish, L50, F|\n|poke|p1|Gastrodon, L50, F|\n|poke|p1|Tsareena, L50, F|\n|poke|p2|Chien-Pao, L50|\n|poke|p2|Arcanine, L50, M|\n|poke|p2|Gholdengo, L50|\n|poke|p2|Volcarona, L50, F|\n|poke|p2|Grimmsnarl, L50, M|\n|poke|p2|Amoonguss, L50, F|\n|teampreview|4\n|inactive|Battle timer is ON: inactive players will automatically lose when time's up. (requested by VeeGey)\n|\n|t:|1682962321\n|start\n|switch|p1a: Pelipper|Pelipper, L50, M|100\/100\n|switch|p1b: Golduck|Golduck, L50, F|100\/100\n|switch|p2a: Chien-Pao|Chien-Pao, L50|100\/100\n|switch|p2b: Grimmsnarl|Grimmsnarl, L50, M|100\/100\n|-ability|p2a: Chien-Pao|Sword of Ruin\n|-weather|RainDance|[from] ability: Drizzle|[of] p1a: Pelipper\n|turn|1\n|inactive|JackThePale has 30 seconds left.\n|\n|t:|1682962350\n|switch|p1a: Tsareena|Tsareena, L50, F|100\/100\n|move|p2b: Grimmsnarl|Fake Out||[still]\n|cant|p1a: Tsareena|ability: Queenly Majesty|Fake Out|[of] p2b: Grimmsnarl\n|move|p1b: Golduck|Power Gem|p2a: Chien-Pao\n|-supereffective|p2a: Chien-Pao\n|-damage|p2a: Chien-Pao|0 fnt\n|faint|p2a: Chien-Pao\n|-damage|p1b: Golduck|91\/100|[from] item: Life Orb\n|\n|-weather|RainDance|[upkeep]\n|upkeep\n|\n|t:|1682962365\n|switch|p2a: Amoonguss|Amoonguss, L50, F|100\/100\n|turn|2\n|\n|t:|1682962378\n|switch|p1a: Barraskewda|Barraskewda, L50, M|100\/100\n|-terastallize|p1b: Golduck|Ice\n|move|p2b: Grimmsnarl|Reflect|p2b: Grimmsnarl\n|-sidestart|p2: JackThePale|Reflect\n|move|p1b: Golduck|Ice Beam|p2a: Amoonguss\n|-supereffective|p2a: Amoonguss\n|-damage|p2a: Amoonguss|23\/100\n|-damage|p1b: Golduck|81\/100|[from] item: Life Orb\n|move|p2a: Amoonguss|Spore|p1b: Golduck\n|-status|p1b: Golduck|slp|[from] move: Spore\n|\n|-weather|RainDance|[upkeep]\n|-heal|p2a: Amoonguss|29\/100|[from] item: Black Sludge\n|upkeep\n|turn|3\n|inactive|JackThePale has 30 seconds left.\n|inactive|JackThePale has 20 seconds left.\n|\n|t:|1682962414\n|switch|p1b: Tsareena|Tsareena, L50, F|100\/100\n|move|p2b: Grimmsnarl|Light Screen|p2b: Grimmsnarl\n|-sidestart|p2: JackThePale|move: Light Screen\n|move|p1a: Barraskewda|Ice Fang|p2a: Amoonguss\n|-supereffective|p2a: Amoonguss\n|-damage|p2a: Amoonguss|0 fnt\n|faint|p2a: Amoonguss\n|\n|-weather|RainDance|[upkeep]\n|upkeep\n|\n|t:|1682962425\n|switch|p2a: Arcanine|Arcanine, L50, M|100\/100\n|-ability|p2a: Arcanine|Intimidate|boost\n|-unboost|p1a: Barraskewda|atk|1\n|-unboost|p1b: Tsareena|atk|1\n|turn|4\n|inactive|VeeGey has 30 seconds left.\n|\n|t:|1682962456\n|switch|p1a: Pelipper|Pelipper, L50, M|100\/100\n|move|p2a: Arcanine|Protect|p2a: Arcanine\n|-singleturn|p2a: Arcanine|Protect\n|move|p2b: Grimmsnarl|Parting Shot||[still]\n|cant|p1b: Tsareena|ability: Queenly Majesty|Parting Shot|[of] p2b: Grimmsnarl\n|move|p1b: Tsareena|Trop Kick|p2a: Arcanine\n|-activate|p2a: Arcanine|move: Protect\n|\n|-weather|RainDance|[upkeep]\n|upkeep\n|turn|5\n|inactive|VeeGey has 30 seconds left.\n|inactive|JackThePale has 30 seconds left.\n|\n|t:|1682962483\n|move|p2b: Grimmsnarl|Parting Shot||[still]\n|cant|p1b: Tsareena|ability: Queenly Majesty|Parting Shot|[of] p2b: Grimmsnarl\n|move|p2a: Arcanine|Heat Wave|p1b: Tsareena|[spread] p1a,p1b\n|-resisted|p1a: Pelipper\n|-crit|p1a: Pelipper\n|-supereffective|p1b: Tsareena\n|-damage|p1a: Pelipper|87\/100\n|-damage|p1b: Tsareena|86\/100\n|move|p1b: Tsareena|Trop Kick|p2a: Arcanine\n|-resisted|p2a: Arcanine\n|-damage|p2a: Arcanine|91\/100\n|-unboost|p2a: Arcanine|atk|1\n|move|p1a: Pelipper|Tailwind|p1a: Pelipper\n|-sidestart|p1: VeeGey|move: Tailwind\n|\n|-weather|RainDance|[upkeep]\n|upkeep\n|turn|6\n|inactive|JackThePale has 30 seconds left.\n|-message|JackThePale forfeited.\n|\n|win|VeeGey\n|raw|VeeGey's rating: 1125 → 1141<\/strong> (+16 for winning)\n|raw|JackThePale's rating: 1000 → 1000<\/strong> (+0 for losing)\n|l|\u2606JackThePale\n","uploadtime":1682962522,"views":20,"p1id":"veegey","p2id":"jackthepale","formatid":"gen9vgc2023regulationc","rating":1000,"private":0,"password":""}