{"id":"gen9vgc2023regulationc-1852212110","p1":"Swaggystegosaurus","p2":"Faygo_n8","format":"[Gen 9] VGC 2023 Regulation C","log":"|j|\u2606Swaggystegosaurus\n|j|\u2606Faygo_n8\n|t:|1682533385\n|gametype|doubles\n|player|p1|Swaggystegosaurus|shauntal|1142\n|player|p2|Faygo_n8|170|1127\n|teamsize|p1|6\n|teamsize|p2|6\n|gen|9\n|tier|[Gen 9] VGC 2023 Regulation C\n|rated|\n|rule|Species Clause: Limit one of each Pok\u00e9mon\n|rule|Item Clause: Limit one of each item\n|clearpoke\n|poke|p1|Arcanine, L50, F|\n|poke|p1|Palafin, L50, F|\n|poke|p1|Amoonguss, L50, M|\n|poke|p1|Dragonite, L50, M|\n|poke|p1|Flutter Mane, L50|\n|poke|p1|Great Tusk, L50|\n|poke|p2|Grafaiai, L50, M|\n|poke|p2|Flutter Mane, L50|\n|poke|p2|Chi-Yu, L50|\n|poke|p2|Dragonite, L50, F|\n|poke|p2|Forretress, L50, F|\n|poke|p2|Meowscarada, L50, M|\n|teampreview|4\n|inactive|Battle timer is ON: inactive players will automatically lose when time's up. (requested by Swaggystegosaurus)\n|\n|t:|1682533448\n|start\n|switch|p1a: Great Tusk|Great Tusk, L50|100\/100\n|switch|p1b: Palafin|Palafin, L50, F|100\/100\n|switch|p2a: Grafaiai|Grafaiai, L50, M, shiny|100\/100\n|switch|p2b: Flutter Mane|Flutter Mane, L50, shiny|100\/100\n|-enditem|p2b: Flutter Mane|Booster Energy\n|-activate|p2b: Flutter Mane|ability: Protosynthesis|[fromitem]\n|-start|p2b: Flutter Mane|protosynthesisspe\n|turn|1\n|inactive|Swaggystegosaurus has 30 seconds left.\n|\n|t:|1682533478\n|detailschange|p1b: Palafin|Palafin-Hero, L50, F\n|switch|p1b: Dragonite|Dragonite, L50, M|100\/100\n|-end|p1a: Great Tusk|Protosynthesis|[silent]\n|switch|p1a: Arcanine|Arcanine, L50, F|100\/100\n|-ability|p1a: Arcanine|Intimidate|boost\n|-unboost|p2a: Grafaiai|atk|1\n|-unboost|p2b: Flutter Mane|atk|1\n|move|p2a: Grafaiai|Switcheroo|p1a: Arcanine\n|-activate|p2a: Grafaiai|move: Trick|[of] p1a: Arcanine\n|-item|p1a: Arcanine|Eject Button|[from] move: Switcheroo\n|-item|p2a: Grafaiai|Rocky Helmet|[from] move: Switcheroo\n|move|p2b: Flutter Mane|Dazzling Gleam|p1a: Arcanine|[spread] p1a,p1b\n|-resisted|p1a: Arcanine\n|-supereffective|p1b: Dragonite\n|-damage|p1a: Arcanine|82\/100\n|-damage|p1b: Dragonite|68\/100\n|-enditem|p1a: Arcanine|Eject Button\n|\n|t:|1682533494\n|switch|p1a: Palafin|Palafin-Hero, L50, F|100\/100\n|-activate|p1a: Palafin|ability: Zero to Hero\n|\n|upkeep\n|turn|2\n|inactive|Swaggystegosaurus has 30 seconds left.\n|\n|t:|1682533526\n|-terastallize|p1a: Palafin|Water\n|move|p2b: Flutter Mane|Protect|p2b: Flutter Mane\n|-singleturn|p2b: Flutter Mane|Protect\n|move|p1b: Dragonite|Extreme Speed|p2a: Grafaiai\n|-damage|p2a: Grafaiai|33\/100\n|-damage|p1b: Dragonite|52\/100|[from] item: Rocky Helmet|[of] p2a: Grafaiai\n|move|p1a: Palafin|Jet Punch|p2b: Flutter Mane\n|-activate|p2b: Flutter Mane|move: Protect\n|move|p2a: Grafaiai|Toxic|p1a: Palafin\n|-status|p1a: Palafin|tox\n|\n|-damage|p1a: Palafin|94\/100 tox|[from] psn\n|upkeep\n|turn|3\n|inactive|Faygo_n8 has 30 seconds left.\n|\n|t:|1682533555\n|move|p1b: Dragonite|Extreme Speed|p2a: Grafaiai\n|-damage|p2a: Grafaiai|0 fnt\n|-damage|p1b: Dragonite|36\/100|[from] item: Rocky Helmet|[of] p2a: Grafaiai\n|faint|p2a: Grafaiai\n|move|p1a: Palafin|Jet Punch|p2b: Flutter Mane\n|-damage|p2b: Flutter Mane|0 fnt\n|faint|p2b: Flutter Mane\n|-end|p2b: Flutter Mane|Protosynthesis|[silent]\n|\n|-damage|p1a: Palafin|82\/100 tox|[from] psn\n|upkeep\n|\n|t:|1682533569\n|switch|p2b: Forretress|Forretress, L50, F|100\/100\n|switch|p2a: Dragonite|Dragonite, L50, F, shiny|100\/100\n|turn|4\n|-activate|p2b: Forretress|item: Quick Claw\n|\n|t:|1682533594\n|switch|p1a: Arcanine|Arcanine, L50, F|82\/100\n|-ability|p1a: Arcanine|Intimidate|boost\n|-unboost|p2a: Dragonite|atk|1\n|-unboost|p2b: Forretress|atk|1\n|move|p1b: Dragonite|Extreme Speed|p2a: Dragonite\n|-damage|p2a: Dragonite|77\/100\n|move|p2b: Forretress|Iron Defense|p2b: Forretress\n|-boost|p2b: Forretress|def|2\n|move|p2a: Dragonite|Dragon Dance|p2a: Dragonite\n|-boost|p2a: Dragonite|atk|1\n|-boost|p2a: Dragonite|spe|1\n|\n|upkeep\n|turn|5\n|inactive|Faygo_n8 has 30 seconds left.\n|-activate|p2b: Forretress|item: Quick Claw\n|\n|t:|1682533626\n|-terastallize|p2b: Forretress|Normal\n|move|p2a: Dragonite|Extreme Speed|p1b: Dragonite\n|-damage|p1b: Dragonite|2\/100\n|move|p1b: Dragonite|Extreme Speed|p2b: Forretress\n|-damage|p2b: Forretress|85\/100\n|move|p2b: Forretress|Body Press|p1a: Arcanine\n|-damage|p1a: Arcanine|30\/100\n|move|p1a: Arcanine|Will-O-Wisp|p2a: Dragonite|[miss]\n|-miss|p1a: Arcanine|p2a: Dragonite\n|\n|upkeep\n|turn|6\n|\n|t:|1682533649\n|move|p2a: Dragonite|Extreme Speed|p1a: Arcanine\n|-damage|p1a: Arcanine|8\/100\n|move|p1b: Dragonite|Extreme Speed|p2a: Dragonite\n|-damage|p2a: Dragonite|30\/100\n|-enditem|p2a: Dragonite|Sitrus Berry|[eat]\n|-heal|p2a: Dragonite|55\/100|[from] item: Sitrus Berry\n|move|p1a: Arcanine|Will-O-Wisp|p2a: Dragonite|[miss]\n|-miss|p1a: Arcanine|p2a: Dragonite\n|move|p2b: Forretress|Iron Defense|p2b: Forretress\n|-boost|p2b: Forretress|def|2\n|\n|upkeep\n|turn|7\n|inactive|Faygo_n8 has 30 seconds left.\n|inactive|Faygo_n8 has 20 seconds left.\n|inactive|Faygo_n8 has 15 seconds left.\n|\n|t:|1682533691\n|move|p2a: Dragonite|Extreme Speed|p1a: Arcanine\n|-damage|p1a: Arcanine|0 fnt\n|faint|p1a: Arcanine\n|move|p1b: Dragonite|Extreme Speed|p2a: Dragonite\n|-damage|p2a: Dragonite|5\/100\n|move|p2b: Forretress|Gyro Ball|p1b: Dragonite\n|-damage|p1b: Dragonite|0 fnt\n|faint|p1b: Dragonite\n|\n|upkeep\n|\n|t:|1682533702\n|switch|p1b: Palafin|Palafin-Hero, L50, F, tera:Water|82\/100 tox\n|switch|p1a: Great Tusk|Great Tusk, L50|100\/100\n|turn|8\n|\n|t:|1682533721\n|move|p2a: Dragonite|Extreme Speed|p1a: Great Tusk\n|-damage|p1a: Great Tusk|79\/100\n|move|p1b: Palafin|Haze|p1b: Palafin\n|-clearallboost\n|move|p1a: Great Tusk|Ice Spinner|p2a: Dragonite\n|-supereffective|p2a: Dragonite\n|-damage|p2a: Dragonite|0 fnt\n|faint|p2a: Dragonite\n|move|p2b: Forretress|Body Press|p1a: Great Tusk\n|-damage|p1a: Great Tusk|56\/100\n|\n|-damage|p1b: Palafin|75\/100 tox|[from] psn\n|upkeep\n|turn|9\n|-activate|p2b: Forretress|item: Quick Claw\n|\n|t:|1682533738\n|move|p2b: Forretress|Explosion|p1b: Palafin|[spread] p1a,p1b\n|-crit|p1a: Great Tusk\n|-damage|p1a: Great Tusk|0 fnt\n|-damage|p1b: Palafin|0 fnt\n|faint|p2b: Forretress\n|faint|p1a: Great Tusk\n|-end|p1a: Great Tusk|Protosynthesis|[silent]\n|faint|p1b: Palafin\n|\n|win|Swaggystegosaurus\n|raw|Swaggystegosaurus's rating: 1142 → 1166<\/strong> (+24 for winning)\n|raw|Faygo_n8's rating: 1127 → 1103<\/strong> (-24 for losing)\n|c|\u2606Swaggystegosaurus|lol'\n","uploadtime":1682533763,"views":12,"p1id":"swaggystegosaurus","p2id":"faygon8","formatid":"gen9vgc2023regulationc","rating":1103,"private":0,"password":""}