{"id":"gen9vgc2023regulationc-1856195981","p1":"Echoes630","p2":"Hadrian1917","format":"[Gen 9] VGC 2023 Regulation C","log":"|j|\u2606Echoes630\n|j|\u2606Hadrian1917\n|t:|1683039663\n|gametype|doubles\n|player|p1|Echoes630|170|1088\n|player|p2|Hadrian1917|brock|1118\n|teamsize|p1|6\n|teamsize|p2|6\n|gen|9\n|tier|[Gen 9] VGC 2023 Regulation C\n|rated|\n|rule|Species Clause: Limit one of each Pok\u00e9mon\n|rule|Item Clause: Limit one of each item\n|clearpoke\n|poke|p1|Abomasnow, L50, F|\n|poke|p1|Iron Hands, L50|\n|poke|p1|Chi-Yu, L50|\n|poke|p1|Glimmora, L50, F|\n|poke|p1|Iron Valiant, L50|\n|poke|p1|Gyarados, L50, M|\n|poke|p2|Flutter Mane, L50|\n|poke|p2|Chi-Yu, L50|\n|poke|p2|Baxcalibur, L50, M|\n|poke|p2|Ting-Lu, L50|\n|poke|p2|Gyarados, L50, M|\n|poke|p2|Amoonguss, L50, F|\n|teampreview|4\n|inactive|Battle timer is ON: inactive players will automatically lose when time's up. (requested by Hadrian1917)\nHadrian1917 has agreed to open team sheets.\n|inactive|Hadrian1917 has 60 seconds left.\n|inactive|Hadrian1917 has 30 seconds left.\n|inactive|Hadrian1917 has 20 seconds left.\n|inactive|Hadrian1917 has 15 seconds left.\n|inactive|Hadrian1917 has 10 seconds left.\n|inactive|Hadrian1917 has 5 seconds left.\n|\n|t:|1683039754\n|start\n|switch|p1a: Functional|Iron Hands, L50|100\/100\n|switch|p1b: Chi-Yu|Chi-Yu, L50|100\/100\n|switch|p2a: Ting-Lu|Ting-Lu, L50|100\/100\n|switch|p2b: Gyarados|Gyarados, L50, M|100\/100\n|-ability|p1b: Chi-Yu|Beads of Ruin\n|-ability|p2b: Gyarados|Intimidate|boost\n|-unboost|p1a: Functional|atk|1\n|-unboost|p1b: Chi-Yu|atk|1\n|-ability|p2a: Ting-Lu|Vessel of Ruin\n|turn|1\n|inactive|Hadrian1917 has 30 seconds left.\n|inactive|Hadrian1917 has 20 seconds left.\n|inactive|Hadrian1917 has 15 seconds left.\n|inactive|Hadrian1917 has 10 seconds left.\n|inactive|Hadrian1917 has 5 seconds left.\n|\n|t:|1683039805\n|switch|p2b: Flutter Mane|Flutter Mane, L50|100\/100\n|-enditem|p2b: Flutter Mane|Booster Energy\n|-activate|p2b: Flutter Mane|ability: Protosynthesis|[fromitem]\n|-start|p2b: Flutter Mane|protosynthesisspa\n|-terastallize|p1b: Chi-Yu|Water\n|move|p1a: Functional|Fake Out|p2a: Ting-Lu\n|-damage|p2a: Ting-Lu|95\/100\n|move|p1b: Chi-Yu|Tera Blast|p2a: Ting-Lu\n|-supereffective|p2a: Ting-Lu\n|-damage|p2a: Ting-Lu|59\/100\n|cant|p2a: Ting-Lu|flinch\n|\n|upkeep\n|turn|2\n|\n|t:|1683039820\n|switch|p1b: Gyarados|Gyarados, L50, M|100\/100\n|-ability|p1b: Gyarados|Intimidate|boost\n|-unboost|p2a: Ting-Lu|atk|1\n|-unboost|p2b: Flutter Mane|atk|1\n|move|p2b: Flutter Mane|Protect|p2b: Flutter Mane\n|-singleturn|p2b: Flutter Mane|Protect\n|move|p2a: Ting-Lu|Ruination|p1a: Functional\n|-damage|p1a: Functional|51\/100\n|move|p1a: Functional|Close Combat|p2a: Ting-Lu\n|-supereffective|p2a: Ting-Lu\n|-damage|p2a: Ting-Lu|8\/100\n|-unboost|p1a: Functional|def|1\n|-unboost|p1a: Functional|spd|1\n|\n|upkeep\n|turn|3\n|inactive|Hadrian1917 has 30 seconds left.\n|inactive|Hadrian1917 has 20 seconds left.\n|inactive|Hadrian1917 has 15 seconds left.\n|\n|t:|1683039866\n|switch|p2a: Amoonguss|Amoonguss, L50, F|100\/100\n|move|p2b: Flutter Mane|Substitute|p2b: Flutter Mane\n|-start|p2b: Flutter Mane|Substitute\n|-damage|p2b: Flutter Mane|76\/100\n|move|p1b: Gyarados|Waterfall|p2a: Amoonguss\n|-resisted|p2a: Amoonguss\n|-damage|p2a: Amoonguss|87\/100\n|move|p1a: Functional|Volt Switch|p2b: Flutter Mane\n|-activate|p2b: Flutter Mane|move: Substitute|[damage]\n|\n|t:|1683039876\n|-end|p1a: Functional|Quark Drive|[silent]\n|switch|p1a: Chi-Yu|Chi-Yu, L50, tera:Water|100\/100|[from] Volt Switch\n|-ability|p1a: Chi-Yu|Beads of Ruin\n|\n|upkeep\n|turn|4\n|inactive|Hadrian1917 has 30 seconds left.\n|\n|t:|1683039910\n|-terastallize|p2b: Flutter Mane|Fairy\n|move|p1a: Chi-Yu|Heat Wave|p2b: Flutter Mane|[spread] p2a,p2b\n|-end|p2b: Flutter Mane|Substitute\n|-supereffective|p2a: Amoonguss\n|-damage|p2a: Amoonguss|6\/100\n|-enditem|p2a: Amoonguss|Sitrus Berry|[eat]\n|-heal|p2a: Amoonguss|31\/100|[from] item: Sitrus Berry\n|move|p2b: Flutter Mane|Moonblast|p1b: Gyarados\n|-damage|p1b: Gyarados|23\/100\n|-enditem|p1b: Gyarados|Sitrus Berry|[eat]\n|-heal|p1b: Gyarados|48\/100|[from] item: Sitrus Berry\n|move|p1b: Gyarados|Waterfall|p2a: Amoonguss\n|-resisted|p2a: Amoonguss\n|-damage|p2a: Amoonguss|16\/100\n|move|p2a: Amoonguss|Pollen Puff|p2b: Flutter Mane\n|-heal|p2b: Flutter Mane|100\/100\n|\n|upkeep\n|turn|5\n|inactive|Hadrian1917 has 30 seconds left.\n|\n|t:|1683039938\n|switch|p2a: Ting-Lu|Ting-Lu, L50|8\/100\n|-ability|p2a: Ting-Lu|Vessel of Ruin\n|move|p1a: Chi-Yu|Heat Wave|p2a: Ting-Lu|[spread] p2a,p2b\n|-damage|p2a: Ting-Lu|0 fnt\n|-damage|p2b: Flutter Mane|67\/100\n|faint|p2a: Ting-Lu\n|move|p2b: Flutter Mane|Moonblast|p1b: Gyarados\n|-damage|p1b: Gyarados|0 fnt\n|faint|p1b: Gyarados\n|\n|upkeep\n|\n|t:|1683039952\n|switch|p1b: Functional|Iron Hands, L50|51\/100\n|switch|p2a: Gyarados|Gyarados, L50, M|100\/100\n|-ability|p2a: Gyarados|Intimidate|boost\n|-unboost|p1a: Chi-Yu|atk|1\n|-unboost|p1b: Functional|atk|1\n|turn|6\n|\n|t:|1683039966\n|move|p2b: Flutter Mane|Protect|p2b: Flutter Mane\n|-singleturn|p2b: Flutter Mane|Protect\n|move|p1b: Functional|Fake Out|p2b: Flutter Mane\n|-activate|p2b: Flutter Mane|move: Protect\n|move|p1a: Chi-Yu|Heat Wave|p2b: Flutter Mane|[spread] p2a\n|-activate|p2b: Flutter Mane|move: Protect\n|-resisted|p2a: Gyarados\n|-damage|p2a: Gyarados|84\/100\n|move|p2a: Gyarados|Thunder Wave|p1a: Chi-Yu\n|-status|p1a: Chi-Yu|par\n|\n|upkeep\n|turn|7\n|\n|t:|1683039986\n|-end|p1b: Functional|Quark Drive|[silent]\n|switch|p1b: cicle|Abomasnow, L50, F, shiny|100\/100\n|-weather|Snow|[from] ability: Snow Warning|[of] p1b: cicle\n|move|p2b: Flutter Mane|Moonblast|p1b: cicle\n|-damage|p1b: cicle|2\/100\n|move|p1a: Chi-Yu|Heat Wave|p2b: Flutter Mane|[spread] p2a,p2b\n|-resisted|p2a: Gyarados\n|-damage|p2a: Gyarados|67\/100\n|-damage|p2b: Flutter Mane|17\/100\n|move|p2a: Gyarados|Waterfall|p1a: Chi-Yu\n|-resisted|p1a: Chi-Yu\n|-damage|p1a: Chi-Yu|81\/100 par\n|\n|-weather|Snow|[upkeep]\n|upkeep\n|turn|8\n|inactive|Hadrian1917 has 30 seconds left.\n|inactive|Hadrian1917 has 20 seconds left.\n|inactive|Hadrian1917 has 15 seconds left.\n|inactive|Hadrian1917 has 10 seconds left.\n|\n|t:|1683040038\n|-end|p2b: Flutter Mane|Protosynthesis|[silent]\n|switch|p2b: Amoonguss|Amoonguss, L50, F|50\/100\n|switch|p1a: Functional|Iron Hands, L50|51\/100\n|move|p2a: Gyarados|Waterfall|p1b: cicle\n|-resisted|p1b: cicle\n|-damage|p1b: cicle|0 fnt\n|faint|p1b: cicle\n|\n|-weather|Snow|[upkeep]\n|upkeep\n|\n|t:|1683040045\n|switch|p1b: Chi-Yu|Chi-Yu, L50, tera:Water|81\/100 par\n|-ability|p1b: Chi-Yu|Beads of Ruin\n|turn|9\n|\n|t:|1683040066\n|move|p2a: Gyarados|Protect|p2a: Gyarados\n|-singleturn|p2a: Gyarados|Protect\n|move|p1a: Functional|Fake Out|p2a: Gyarados\n|-activate|p2a: Gyarados|move: Protect\n|cant|p1b: Chi-Yu|par\n|move|p2b: Amoonguss|Pollen Puff|p1b: Chi-Yu\n|-damage|p1b: Chi-Yu|64\/100 par\n|\n|-weather|Snow|[upkeep]\n|upkeep\n|turn|10\n|\n|t:|1683040090\n|move|p2b: Amoonguss|Rage Powder|p2b: Amoonguss\n|-singleturn|p2b: Amoonguss|move: Rage Powder\n|cant|p1b: Chi-Yu|par\n|move|p2a: Gyarados|Waterfall|p1b: Chi-Yu\n|-resisted|p1b: Chi-Yu\n|-damage|p1b: Chi-Yu|44\/100 par\n|move|p1a: Functional|Volt Switch|p2b: Amoonguss\n|-resisted|p2b: Amoonguss\n|-damage|p2b: Amoonguss|43\/100\n|\n|-weather|Snow|[upkeep]\n|upkeep\n|turn|11\n|inactive|Hadrian1917 has 30 seconds left.\n|\n|t:|1683040124\n|move|p2b: Amoonguss|Rage Powder|p2b: Amoonguss\n|-singleturn|p2b: Amoonguss|move: Rage Powder\n|move|p1b: Chi-Yu|Heat Wave|p2a: Gyarados|[spread] p2a,p2b\n|-resisted|p2a: Gyarados\n|-supereffective|p2b: Amoonguss\n|-damage|p2a: Gyarados|49\/100\n|-damage|p2b: Amoonguss|0 fnt\n|faint|p2b: Amoonguss\n|move|p2a: Gyarados|Waterfall|p1a: Functional\n|-damage|p1a: Functional|28\/100\n|move|p1a: Functional|Wild Charge|p2a: Gyarados\n|-supereffective|p2a: Gyarados\n|-damage|p2a: Gyarados|0 fnt\n|faint|p2a: Gyarados\n|-damage|p1a: Functional|19\/100|[from] Recoil\n|\n|-weather|none\n|upkeep\n|\n|t:|1683040138\n|switch|p2a: Flutter Mane|Flutter Mane, L50, tera:Fairy|17\/100\n|turn|12\n|\n|t:|1683040142\n|move|p2a: Flutter Mane|Moonblast|p1a: Functional\n|-supereffective|p1a: Functional\n|-crit|p1a: Functional\n|-damage|p1a: Functional|0 fnt\n|faint|p1a: Functional\n|-end|p1a: Functional|Quark Drive|[silent]\n|move|p1b: Chi-Yu|Heat Wave|p2a: Flutter Mane\n|-damage|p2a: Flutter Mane|0 fnt\n|faint|p2a: Flutter Mane\n|-end|p2a: Flutter Mane|Protosynthesis|[silent]\n|\n|win|Echoes630\n|raw|Echoes630's rating: 1088 → 1117<\/strong> (+29 for winning)\n|raw|Hadrian1917's rating: 1118 → 1091<\/strong> (-27 for losing)\n|l|\u2606Echoes630\n","uploadtime":1683040186,"views":10,"p1id":"echoes630","p2id":"hadrian1917","formatid":"gen9vgc2023regulationc","rating":1091,"private":0,"password":""}