{"id":"gen9vgc2023regulationc-1850868425","p1":"Rockymoreno2","p2":"crunchmunch6","format":"[Gen 9] VGC 2023 Regulation C","log":"|j|\u2606Rockymoreno2\n|j|\u2606crunchmunch6\n|t:|1682376273\n|gametype|doubles\n|player|p1|Rockymoreno2|266|1307\n|player|p2|crunchmunch6|265|1412\n|teamsize|p1|6\n|teamsize|p2|6\n|gen|9\n|tier|[Gen 9] VGC 2023 Regulation C\n|rated|\n|rule|Species Clause: Limit one of each Pok\u00e9mon\n|rule|Item Clause: Limit one of each item\n|clearpoke\n|poke|p1|Iron Hands, L50|\n|poke|p1|Skeledirge, L50, M|\n|poke|p1|Oranguru, L50, M|\n|poke|p1|Tatsugiri, L50, M|\n|poke|p1|Dondozo, L50, F|\n|poke|p1|Kingambit, L50, F|\n|poke|p2|Dondozo, L50, F|\n|poke|p2|Tatsugiri-Droopy, L50, F|\n|poke|p2|Pelipper, L50, M|\n|poke|p2|Drednaw, L50, M|\n|poke|p2|Kingambit, L50, F|\n|poke|p2|Flutter Mane, L50|\n|teampreview|4\n|inactive|Battle timer is ON: inactive players will automatically lose when time's up. (requested by crunchmunch6)\n|\n|t:|1682376299\n|start\n|switch|p1a: Oranguru|Oranguru, L50, M|100\/100\n|switch|p1b: Iron Hands|Iron Hands, L50|100\/100\n|switch|p2a: Pelipper|Pelipper, L50, M|100\/100\n|switch|p2b: Dondozo|Dondozo, L50, F|100\/100\n|-weather|RainDance|[from] ability: Drizzle|[of] p2a: Pelipper\n|turn|1\n|inactive|crunchmunch6 has 30 seconds left.\n|\n|t:|1682376327\n|move|p2b: Dondozo|Protect|p2b: Dondozo\n|-singleturn|p2b: Dondozo|Protect\n|move|p2a: Pelipper|Hydro Pump|p1a: Oranguru\n|-damage|p1a: Oranguru|43\/100\n|move|p1b: Iron Hands|Swords Dance|p1b: Iron Hands\n|-boost|p1b: Iron Hands|atk|2\n|move|p1a: Oranguru|Yawn|p2b: Dondozo\n|-activate|p2b: Dondozo|move: Protect\n|\n|-weather|RainDance|[upkeep]\n|upkeep\n|turn|2\n|\n|t:|1682376351\n|switch|p2a: Tatsugiri|Tatsugiri-Droopy, L50, F, shiny|100\/100\n|-activate|p2a: Tatsugiri|ability: Commander|[of] p2b: Dondozo\n|-boost|p2b: Dondozo|atk|2\n|-boost|p2b: Dondozo|spa|2\n|-boost|p2b: Dondozo|spe|2\n|-boost|p2b: Dondozo|def|2\n|-boost|p2b: Dondozo|spd|2\n|switch|p1a: Tatsugiri|Tatsugiri, L50, M|100\/100\n|-terastallize|p2b: Dondozo|Water\n|move|p2b: Dondozo|Surf|p1b: Iron Hands|[spread] p1a,p1b\n|-miss|p2b: Dondozo|p2a: Tatsugiri\n|-resisted|p1a: Tatsugiri\n|-damage|p1a: Tatsugiri|64\/100\n|-damage|p1b: Iron Hands|14\/100\n|-damage|p2b: Dondozo|91\/100|[from] item: Life Orb\n|move|p1b: Iron Hands|Wild Charge|p2a: Tatsugiri|[miss]\n|-miss|p1b: Iron Hands|p2a: Tatsugiri\n|\n|-weather|RainDance|[upkeep]\n|upkeep\n|turn|3\n|inactive|Rockymoreno2 has 30 seconds left.\n|\n|t:|1682376383\n|-end|p1b: Iron Hands|Quark Drive|[silent]\n|switch|p1b: Dondozo|Dondozo, L50, F|100\/100\n|-activate|p1a: Tatsugiri|ability: Commander|[of] p1b: Dondozo\n|-boost|p1b: Dondozo|atk|2\n|-boost|p1b: Dondozo|spa|2\n|-boost|p1b: Dondozo|spe|2\n|-boost|p1b: Dondozo|def|2\n|-boost|p1b: Dondozo|spd|2\n|move|p2b: Dondozo|Surf|p1a: Tatsugiri|[spread] p1b\n|-miss|p2b: Dondozo|p2a: Tatsugiri\n|-miss|p2b: Dondozo|p1a: Tatsugiri\n|-resisted|p1b: Dondozo\n|-damage|p1b: Dondozo|79\/100\n|-damage|p2b: Dondozo|81\/100|[from] item: Life Orb\n|\n|-weather|RainDance|[upkeep]\n|-heal|p1b: Dondozo|85\/100|[from] item: Leftovers\n|upkeep\n|turn|4\n|\n|t:|1682376399\n|move|p2b: Dondozo|Wave Crash|p1b: Dondozo\n|-resisted|p1b: Dondozo\n|-damage|p1b: Dondozo|55\/100\n|-damage|p2b: Dondozo|70\/100|[from] Recoil\n|-damage|p2b: Dondozo|61\/100|[from] item: Life Orb\n|move|p1b: Dondozo|Substitute|p1b: Dondozo\n|-start|p1b: Dondozo|Substitute\n|-damage|p1b: Dondozo|30\/100\n|\n|-weather|RainDance|[upkeep]\n|-heal|p1b: Dondozo|36\/100|[from] item: Leftovers\n|upkeep\n|turn|5\n|\n|t:|1682376411\n|move|p1b: Dondozo|Protect|p1b: Dondozo\n|-singleturn|p1b: Dondozo|Protect\n|move|p2b: Dondozo|Wave Crash|p1b: Dondozo\n|-activate|p1b: Dondozo|move: Protect\n|\n|-weather|RainDance|[upkeep]\n|-heal|p1b: Dondozo|43\/100|[from] item: Leftovers\n|upkeep\n|turn|6\n|\n|t:|1682376425\n|move|p2b: Dondozo|Wave Crash|p1b: Dondozo\n|-resisted|p1b: Dondozo\n|-end|p1b: Dondozo|Substitute\n|-damage|p2b: Dondozo|52\/100|[from] Recoil|[of] p1b: Dondozo\n|-damage|p2b: Dondozo|42\/100|[from] item: Life Orb\n|move|p1b: Dondozo|Order Up|p2b: Dondozo\n|-damage|p2b: Dondozo|26\/100\n|-boost|p1b: Dondozo|atk|1\n|\n|-weather|RainDance|[upkeep]\n|-heal|p1b: Dondozo|49\/100|[from] item: Leftovers\n|upkeep\n|turn|7\n|\n|t:|1682376439\n|move|p1b: Dondozo|Protect|p1b: Dondozo\n|-singleturn|p1b: Dondozo|Protect\n|move|p2b: Dondozo|Wave Crash|p1b: Dondozo\n|-activate|p1b: Dondozo|move: Protect\n|\n|-weather|RainDance|[upkeep]\n|-heal|p1b: Dondozo|55\/100|[from] item: Leftovers\n|upkeep\n|turn|8\n|\n|t:|1682376455\n|move|p2b: Dondozo|Wave Crash|p1b: Dondozo\n|-resisted|p1b: Dondozo\n|-damage|p1b: Dondozo|25\/100\n|-damage|p2b: Dondozo|16\/100|[from] Recoil\n|-damage|p2b: Dondozo|6\/100|[from] item: Life Orb\n|move|p1b: Dondozo|Order Up|p2b: Dondozo\n|-damage|p2b: Dondozo|0 fnt\n|faint|p2b: Dondozo\n|-boost|p1b: Dondozo|atk|1\n|\n|-weather|none\n|-heal|p1b: Dondozo|31\/100|[from] item: Leftovers\n|upkeep\n|\n|t:|1682376472\n|switch|p2b: Pelipper|Pelipper, L50, M|100\/100\n|-weather|RainDance|[from] ability: Drizzle|[of] p2b: Pelipper\n|turn|9\n|\n|t:|1682376487\n|move|p1b: Dondozo|Protect|p1b: Dondozo\n|-singleturn|p1b: Dondozo|Protect\n|move|p2a: Tatsugiri|Draco Meteor|p1b: Dondozo\n|-activate|p1b: Dondozo|move: Protect\n|move|p2b: Pelipper|Hurricane|p1b: Dondozo\n|-activate|p1b: Dondozo|move: Protect\n|\n|-weather|RainDance|[upkeep]\n|-heal|p1b: Dondozo|37\/100|[from] item: Leftovers\n|upkeep\n|turn|10\n|\n|t:|1682376505\n|move|p2a: Tatsugiri|Draco Meteor|p1b: Dondozo\n|-damage|p1b: Dondozo|11\/100\n|-unboost|p2a: Tatsugiri|spa|2\n|move|p1b: Dondozo|Order Up|p2b: Pelipper\n|-damage|p2b: Pelipper|38\/100\n|-boost|p1b: Dondozo|atk|1\n|move|p2b: Pelipper|Hurricane|p1b: Dondozo\n|-damage|p1b: Dondozo|0 fnt\n|faint|p1b: Dondozo\n|\n|-weather|RainDance|[upkeep]\n|upkeep\n|\n|t:|1682376524\n|switch|p1b: Oranguru|Oranguru, L50, M|43\/100\n|turn|11\n|\n|t:|1682376540\n|move|p1a: Tatsugiri|Dragon Pulse|p2a: Tatsugiri\n|-supereffective|p2a: Tatsugiri\n|-damage|p2a: Tatsugiri|0 fnt\n|faint|p2a: Tatsugiri\n|move|p2b: Pelipper|Hurricane|p1a: Tatsugiri\n|-damage|p1a: Tatsugiri|0 fnt\n|faint|p1a: Tatsugiri\n|move|p1b: Oranguru|Trick Room|p1b: Oranguru\n|-fieldstart|move: Trick Room|[of] p1b: Oranguru\n|\n|-weather|RainDance|[upkeep]\n|upkeep\n|\n|t:|1682376552\n|switch|p2a: Kingambit|Kingambit, L50, F|100\/100\n|switch|p1a: Iron Hands|Iron Hands, L50|14\/100\n|turn|12\n|\n|t:|1682376569\n|move|p1a: Iron Hands|Protect|p1a: Iron Hands\n|-singleturn|p1a: Iron Hands|Protect\n|move|p2a: Kingambit|Sucker Punch||[still]\n|-fail|p2a: Kingambit\n|move|p1b: Oranguru|Yawn|p2a: Kingambit\n|-start|p2a: Kingambit|move: Yawn|[of] p1b: Oranguru\n|move|p2b: Pelipper|Hurricane|p1a: Iron Hands\n|-activate|p1a: Iron Hands|move: Protect\n|\n|-weather|RainDance|[upkeep]\n|upkeep\n|turn|13\n|inactive|Rockymoreno2 has 30 seconds left.\n|inactive|Rockymoreno2 has 20 seconds left.\n|inactive|Rockymoreno2 has 15 seconds left.\n|\n|t:|1682376609\n|move|p2a: Kingambit|Sucker Punch||[still]\n|-fail|p2a: Kingambit\n|move|p1b: Oranguru|Instruct|p1a: Iron Hands\n|-singleturn|p1a: Iron Hands|move: Instruct|[of] p1b: Oranguru\n|move|p1a: Iron Hands|Protect|p1a: Iron Hands\n|-singleturn|p1a: Iron Hands|Protect\n|move|p1a: Iron Hands|Swords Dance|p1a: Iron Hands\n|-boost|p1a: Iron Hands|atk|2\n|move|p2b: Pelipper|Hurricane|p1a: Iron Hands\n|-activate|p1a: Iron Hands|move: Protect\n|\n|-weather|RainDance|[upkeep]\n|-end|p2a: Kingambit|move: Yawn|[silent]\n|-status|p2a: Kingambit|slp\n|upkeep\n|turn|14\n|inactive|Rockymoreno2 has 30 seconds left.\n|inactive|crunchmunch6 has 30 seconds left.\n|\n|t:|1682376646\n|cant|p2a: Kingambit|slp\n|move|p1b: Oranguru|Instruct|p1a: Iron Hands\n|-singleturn|p1a: Iron Hands|move: Instruct|[of] p1b: Oranguru\n|move|p1a: Iron Hands|Swords Dance|p1a: Iron Hands\n|-boost|p1a: Iron Hands|atk|2\n|move|p1a: Iron Hands|Drain Punch|p2a: Kingambit\n|-supereffective|p2a: Kingambit\n|-damage|p2a: Kingambit|0 fnt\n|-heal|p1a: Iron Hands|60\/100|[from] drain|[of] p2a: Kingambit\n|faint|p2a: Kingambit\n|move|p2b: Pelipper|Hydro Pump|p1a: Iron Hands|[miss]\n|-miss|p2b: Pelipper|p1a: Iron Hands\n|\n|-weather|RainDance|[upkeep]\n|upkeep\n|turn|15\n|-message|crunchmunch6 forfeited.\n|\n|win|Rockymoreno2\n|raw|Rockymoreno2's rating: 1307 → 1333<\/strong> (+26 for winning)\n|raw|crunchmunch6's rating: 1412 → 1386<\/strong> (-26 for losing)\n|l|\u2606crunchmunch6\n|l|\u2606Rockymoreno2\n|j|\u2606Rockymoreno2\n|player|p1|Rockymoreno2|266\n","uploadtime":1682377077,"views":10,"p1id":"rockymoreno2","p2id":"crunchmunch6","formatid":"gen9vgc2023regulationc","rating":1333,"private":0,"password":""}