{"id":"gen9vgc2023regulationc-1854907493","p1":"xXxninu2008","p2":"BumpyBumps","format":"[Gen 9] VGC 2023 Regulation C","log":"|j|\u2606xXxninu2008\n|j|\u2606BumpyBumps\n|t:|1682879479\n|gametype|doubles\n|player|p1|xXxninu2008|2|\n|player|p2|BumpyBumps|wallace|\n|teamsize|p1|6\n|teamsize|p2|6\n|gen|9\n|tier|[Gen 9] VGC 2023 Regulation C\n|rule|Species Clause: Limit one of each Pok\u00e9mon\n|rule|Item Clause: Limit one of each item\n|clearpoke\n|poke|p1|Garchomp, L50, F|\n|poke|p1|Murkrow, L50, F|\n|poke|p1|Annihilape, L50, M|\n|poke|p1|Meowscarada, L50, F|\n|poke|p1|Ceruledge, L50, F|\n|poke|p1|Chien-Pao, L50|\n|poke|p2|Flutter Mane, L50|\n|poke|p2|Chien-Pao, L50|\n|poke|p2|Ting-Lu, L50|\n|poke|p2|Arcanine, L50, F|\n|poke|p2|Dragonite, L50, M|\n|poke|p2|Amoonguss, L50, F|\n|teampreview|4\nBumpyBumps rejected open team sheets.\n|\n|t:|1682879524\n|start\n|switch|p1a: Mother nature?|Meowscarada, L50, F|100\/100\n|switch|p1b: pulse|Murkrow, L50, F, shiny|100\/100\n|switch|p2a: Chien-Pao|Chien-Pao, L50|100\/100\n|switch|p2b: Dragonite|Dragonite, L50, M|100\/100\n|-ability|p2a: Chien-Pao|Sword of Ruin\n|turn|1\n|\n|t:|1682879544\n|move|p1b: pulse|Tailwind|p1b: pulse\n|-sidestart|p1: xXxninu2008|move: Tailwind\n|move|p1a: Mother nature?|Play Rough|p2b: Dragonite\n|-start|p1a: Mother nature?|typechange|Fairy|[from] ability: Protean\n|-supereffective|p2b: Dragonite\n|-damage|p2b: Dragonite|23\/100\n|-damage|p1a: Mother nature?|91\/100|[from] item: Life Orb\n|move|p2a: Chien-Pao|Ice Spinner|p1b: pulse\n|-supereffective|p1b: pulse\n|-damage|p1b: pulse|0 fnt\n|faint|p1b: pulse\n|move|p2b: Dragonite|Ice Spinner|p1a: Mother nature?\n|-damage|p1a: Mother nature?|42\/100\n|\n|upkeep\n|\n|t:|1682879561\n|switch|p1b: Heal|Garchomp, L50, F, shiny|100\/100\n|turn|2\n|\n|t:|1682879575\n|-terastallize|p1a: Mother nature?|Fighting\n|move|p2b: Dragonite|Protect|p2b: Dragonite\n|-singleturn|p2b: Dragonite|Protect\n|move|p1b: Heal|Stomping Tantrum|p2a: Chien-Pao\n|-damage|p2a: Chien-Pao|53\/100\n|move|p1a: Mother nature?|Play Rough|p2b: Dragonite\n|-activate|p2b: Dragonite|move: Protect\n|move|p2a: Chien-Pao|Ice Spinner|p1b: Heal\n|-supereffective|p1b: Heal\n|-damage|p1b: Heal|0 fnt\n|-damage|p2a: Chien-Pao|41\/100|[from] ability: Rough Skin|[of] p1b: Heal\n|faint|p1b: Heal\n|\n|upkeep\n|\n|t:|1682879588\n|switch|p1b: Katty?|Chien-Pao, L50|100\/100\n|-ability|p1b: Katty?|Sword of Ruin\n|turn|3\n|\n|t:|1682879613\n|move|p2b: Dragonite|Extreme Speed|p1b: Katty?\n|-crit|p1b: Katty?\n|-damage|p1b: Katty?|47\/100\n|move|p2a: Chien-Pao|Sucker Punch|p1b: Katty?\n|-resisted|p1b: Katty?\n|-damage|p1b: Katty?|29\/100\n|move|p1b: Katty?|Ice Spinner|p2b: Dragonite\n|-supereffective|p2b: Dragonite\n|-damage|p2b: Dragonite|0 fnt\n|faint|p2b: Dragonite\n|move|p1a: Mother nature?|Thunder Punch|p2a: Chien-Pao\n|-damage|p2a: Chien-Pao|4\/100\n|-damage|p1a: Mother nature?|32\/100|[from] item: Life Orb\n|\n|upkeep\n|\n|t:|1682879621\n|switch|p2b: Arcanine|Arcanine, L50, F|100\/100\n|-ability|p2b: Arcanine|Intimidate|boost\n|-unboost|p1a: Mother nature?|atk|1\n|-unboost|p1b: Katty?|atk|1\n|turn|4\n|j| aquaarmor23\n|\n|t:|1682879648\n|move|p2a: Chien-Pao|Protect|p2a: Chien-Pao\n|-singleturn|p2a: Chien-Pao|Protect\n|move|p1b: Katty?|Ice Spinner|p2a: Chien-Pao\n|-activate|p2a: Chien-Pao|move: Protect\n|move|p1a: Mother nature?|Play Rough|p2b: Arcanine\n|-resisted|p2b: Arcanine\n|-damage|p2b: Arcanine|76\/100\n|-damage|p1a: Mother nature?|22\/100|[from] item: Life Orb\n|move|p2b: Arcanine|Flare Blitz|p1b: Katty?\n|-supereffective|p1b: Katty?\n|-damage|p1b: Katty?|0 fnt\n|faint|p1b: Katty?\n|-damage|p2b: Arcanine|68\/100|[from] Recoil\n|\n|-sideend|p1: xXxninu2008|move: Tailwind\n|upkeep\n|turn|5\n|\n|t:|1682879679\n|move|p2a: Chien-Pao|Sucker Punch|p1a: Mother nature?\n|-resisted|p1a: Mother nature?\n|-damage|p1a: Mother nature?|0 fnt\n|faint|p1a: Mother nature?\n|\n|win|BumpyBumps\n","uploadtime":1682879686,"views":7,"p1id":"xxxninu2008","p2id":"bumpybumps","formatid":"gen9vgc2023regulationc","rating":0,"private":0,"password":""}