{"id":"gen9vgc2023regulationc-1849746161","p1":"Nincesk","p2":"luxusama","format":"[Gen 9] VGC 2023 Regulation C","log":"|j|\u2606Nincesk\n|j|\u2606luxusama\n|t:|1682244188\n|gametype|doubles\n|player|p1|Nincesk|rocketgrunt|1074\n|player|p2|luxusama|266|1000\n|teamsize|p1|6\n|teamsize|p2|6\n|gen|9\n|tier|[Gen 9] VGC 2023 Regulation C\n|rated|\n|rule|Species Clause: Limit one of each Pok\u00e9mon\n|rule|Item Clause: Limit one of each item\n|clearpoke\n|poke|p1|Meowscarada, L50, F|\n|poke|p1|Crabominable, L50, M|\n|poke|p1|Amoonguss, L50, M|\n|poke|p1|Tatsugiri, L50, F|\n|poke|p1|Dondozo, L50, M|\n|poke|p1|Baxcalibur, L50, M|\n|poke|p2|Palafin, L50, M|\n|poke|p2|Pelipper, L50, F|\n|poke|p2|Raichu, L50, M|\n|poke|p2|Chien-Pao, L50|\n|poke|p2|Dragonite, L50, F|\n|poke|p2|Ditto, L50|\n|teampreview|4\n|inactive|Battle timer is ON: inactive players will automatically lose when time's up. (requested by Nincesk)\nNincesk rejected open team sheets.\n|c|\u2606Nincesk|Hello\n|\n|t:|1682244212\n|start\n|switch|p1a: Meow the Scarada|Meowscarada, L50, F|100\/100\n|switch|p1b: Billy|Crabominable, L50, M, shiny|100\/100\n|switch|p2a: Palafin|Palafin, L50, M|100\/100\n|switch|p2b: Pelipper|Pelipper, L50, F|100\/100\n|-weather|RainDance|[from] ability: Drizzle|[of] p2b: Pelipper\n|turn|1\n|inactive|luxusama has 30 seconds left.\n|inactive|luxusama has 20 seconds left.\n|\n|t:|1682244247\n|detailschange|p2a: Palafin|Palafin-Hero, L50, M\n|switch|p2a: Dragonite|Dragonite, L50, F|100\/100\n|-terastallize|p1b: Billy|Steel\n|move|p1a: Meow the Scarada|Flower Trick|p1b: Billy\n|-start|p1a: Meow the Scarada|typechange|Grass|[from] ability: Protean\n|-resisted|p1b: Billy\n|-crit|p1b: Billy\n|-damage|p1b: Billy|83\/100\n|-setboost|p1b: Billy|atk|6|[from] ability: Anger Point\n|move|p2b: Pelipper|Hurricane|p1a: Meow the Scarada\n|-supereffective|p1a: Meow the Scarada\n|-damage|p1a: Meow the Scarada|4\/100\n|move|p1b: Billy|Avalanche|p2b: Pelipper\n|-damage|p2b: Pelipper|0 fnt\n|faint|p2b: Pelipper\n|\n|-weather|RainDance|[upkeep]\n|upkeep\n|\n|t:|1682244269\n|switch|p2b: Palafin|Palafin-Hero, L50, M|100\/100\n|-activate|p2b: Palafin|ability: Zero to Hero\n|turn|2\n|\n|t:|1682244292\n|-terastallize|p2b: Palafin|Water\n|move|p1a: Meow the Scarada|Ally Switch|p1a: Meow the Scarada\n|swap|p1a: Meow the Scarada|1|[from] move: Ally Switch\n|move|p2a: Dragonite|Extreme Speed|p1a: Billy\n|-resisted|p1a: Billy\n|-damage|p1a: Billy|69\/100\n|move|p2b: Palafin|Close Combat|p1b: Meow the Scarada\n|-damage|p1b: Meow the Scarada|0 fnt\n|-unboost|p2b: Palafin|def|1\n|-unboost|p2b: Palafin|spd|1\n|faint|p1b: Meow the Scarada\n|-damage|p2b: Palafin|91\/100|[from] item: Life Orb\n|move|p1a: Billy|Avalanche|p2a: Dragonite\n|-supereffective|p2a: Dragonite\n|-damage|p2a: Dragonite|0 fnt\n|faint|p2a: Dragonite\n|\n|-weather|RainDance|[upkeep]\n|upkeep\n|\n|t:|1682244313\n|switch|p1b: Leader|Amoonguss, L50, M|100\/100\n|switch|p2a: Chien-Pao|Chien-Pao, L50|100\/100\n|-ability|p2a: Chien-Pao|Sword of Ruin\n|turn|3\n|\n|t:|1682244337\n|move|p2a: Chien-Pao|Ice Shard|p1b: Leader\n|-supereffective|p1b: Leader\n|-damage|p1b: Leader|23\/100\n|move|p2b: Palafin|Close Combat|p1a: Billy\n|-supereffective|p1a: Billy\n|-damage|p1a: Billy|0 fnt\n|-unboost|p2b: Palafin|def|1\n|-unboost|p2b: Palafin|spd|1\n|faint|p1a: Billy\n|-damage|p2b: Palafin|81\/100|[from] item: Life Orb\n|move|p1b: Leader|Spore|p2b: Palafin\n|-status|p2b: Palafin|slp|[from] move: Spore\n|\n|-weather|RainDance|[upkeep]\n|-heal|p1b: Leader|29\/100|[from] item: Leftovers\n|upkeep\n|\n|t:|1682244353\n|switch|p1a: Zillagod|Baxcalibur, L50, M|100\/100\n|turn|4\n|\n|t:|1682244371\n|move|p2a: Chien-Pao|Ice Shard|p1b: Leader\n|-supereffective|p1b: Leader\n|-damage|p1b: Leader|0 fnt\n|faint|p1b: Leader\n|move|p1a: Zillagod|Glaive Rush|p2b: Palafin\n|-damage|p2b: Palafin|0 fnt\n|-singlemove|p1a: Zillagod|Glaive Rush|[silent]\n|faint|p2b: Palafin\n|\n|-weather|RainDance|[upkeep]\n|upkeep\n|turn|5\n|\n|t:|1682244382\n|move|p2a: Chien-Pao|Ice Shard|p1a: Zillagod\n|-damage|p1a: Zillagod|13\/100\n|move|p1a: Zillagod|Glaive Rush|p2a: Chien-Pao\n|-damage|p2a: Chien-Pao|0 fnt\n|-singlemove|p1a: Zillagod|Glaive Rush|[silent]\n|faint|p2a: Chien-Pao\n|\n|win|Nincesk\n|raw|Nincesk's rating: 1074 → 1097<\/strong> (+23 for winning)\n|raw|luxusama's rating: 1000 → 1000<\/strong> (+0 for losing)\n|c|\u2606Nincesk|Gg\n|l|\u2606luxusama\n","uploadtime":1682244396,"views":16,"p1id":"nincesk","p2id":"luxusama","formatid":"gen9vgc2023regulationc","rating":1000,"private":0,"password":""}