{"id":"gen9vgc2023regulationc-1851166634","p1":"ErYisus_13","p2":"Rhyfinn20","format":"[Gen 9] VGC 2023 Regulation C","log":"|j|\u2606ErYisus_13\n|j|\u2606Rhyfinn20\n|t:|1682419824\n|gametype|doubles\n|player|p1|ErYisus_13|cynthia|1070\n|player|p2|Rhyfinn20|ninjaboy|1000\n|teamsize|p1|6\n|teamsize|p2|6\n|gen|9\n|tier|[Gen 9] VGC 2023 Regulation C\n|rated|\n|rule|Species Clause: Limit one of each Pok\u00e9mon\n|rule|Item Clause: Limit one of each item\n|clearpoke\n|poke|p1|Flutter Mane, L50|\n|poke|p1|Chi-Yu, L50|\n|poke|p1|Amoonguss, L50, F|\n|poke|p1|Dragonite, L50, F|\n|poke|p1|Garchomp, L50, M|\n|poke|p1|Chien-Pao, L50|\n|poke|p2|Flutter Mane, L50|\n|poke|p2|Chi-Yu, L50|\n|poke|p2|Annihilape, L50, M|\n|poke|p2|Murkrow, L50, M|\n|poke|p2|Arcanine, L50, F|\n|poke|p2|Amoonguss, L50, M|\n|teampreview|4\n|inactive|Battle timer is ON: inactive players will automatically lose when time's up. (requested by Rhyfinn20)\n|inactive|Rhyfinn20 has 60 seconds left.\n|\n|t:|1682419856\n|start\n|switch|p1a: Flutter Mane|Flutter Mane, L50|100\/100\n|switch|p1b: Garchomp|Garchomp, L50, M|100\/100\n|switch|p2a: Tweak or Tweet|Murkrow, L50, M|100\/100\n|switch|p2b: A Bad Hair Day|Flutter Mane, L50|100\/100\n|-enditem|p2b: A Bad Hair Day|Booster Energy\n|-activate|p2b: A Bad Hair Day|ability: Protosynthesis|[fromitem]\n|-start|p2b: A Bad Hair Day|protosynthesisspa\n|turn|1\n|\n|t:|1682419876\n|-terastallize|p1a: Flutter Mane|Flying\n|move|p2b: A Bad Hair Day|Protect|p2b: A Bad Hair Day\n|-singleturn|p2b: A Bad Hair Day|Protect\n|move|p2a: Tweak or Tweet|Tailwind|p2a: Tweak or Tweet\n|-sidestart|p2: Rhyfinn20|move: Tailwind\n|move|p1b: Garchomp|Earthquake|p2a: Tweak or Tweet|[spread] \n|-activate|p2b: A Bad Hair Day|move: Protect\n|-immune|p1a: Flutter Mane\n|-immune|p2a: Tweak or Tweet\n|move|p1a: Flutter Mane|Shadow Ball|p2b: A Bad Hair Day\n|-activate|p2b: A Bad Hair Day|move: Protect\n|\n|upkeep\n|turn|2\n|\n|t:|1682419896\n|-terastallize|p2b: A Bad Hair Day|Fairy\n|move|p2b: A Bad Hair Day|Dazzling Gleam|p1a: Flutter Mane|[spread] p1a,p1b\n|-supereffective|p1b: Garchomp\n|-damage|p1a: Flutter Mane|31\/100\n|-damage|p1b: Garchomp|0 fnt\n|faint|p1b: Garchomp\n|move|p2a: Tweak or Tweet|Icy Wind|p1a: Flutter Mane\n|-supereffective|p1a: Flutter Mane\n|-damage|p1a: Flutter Mane|7\/100\n|-unboost|p1a: Flutter Mane|spe|1\n|move|p1a: Flutter Mane|Shadow Ball|p2b: A Bad Hair Day\n|-damage|p2b: A Bad Hair Day|34\/100\n|-unboost|p2b: A Bad Hair Day|spd|1\n|\n|upkeep\n|\n|t:|1682419913\n|switch|p1b: Amoonguss|Amoonguss, L50, F|100\/100\n|turn|3\n|\n|t:|1682419922\n|move|p2a: Tweak or Tweet|Taunt|p1b: Amoonguss\n|-start|p1b: Amoonguss|move: Taunt\n|move|p2b: A Bad Hair Day|Dazzling Gleam|p1b: Amoonguss|[spread] p1a,p1b\n|-resisted|p1b: Amoonguss\n|-damage|p1a: Flutter Mane|0 fnt\n|-damage|p1b: Amoonguss|74\/100\n|faint|p1a: Flutter Mane\n|-end|p1a: Flutter Mane|Protosynthesis|[silent]\n|cant|p1b: Amoonguss|move: Taunt|Spore\n|\n|upkeep\n|\n|t:|1682419933\n|switch|p1a: Chien-Pao|Chien-Pao, L50|100\/100\n|-ability|p1a: Chien-Pao|Sword of Ruin\n|turn|4\n|inactive|Rhyfinn20 has 30 seconds left.\n|\n|t:|1682419959\n|switch|p2a: Bork|Arcanine, L50, F|100\/100\n|-ability|p2a: Bork|Intimidate|boost\n|-unboost|p1a: Chien-Pao|atk|1\n|-unboost|p1b: Amoonguss|atk|1\n|move|p1a: Chien-Pao|Sucker Punch||[still]\n|-fail|p1a: Chien-Pao\n|move|p2b: A Bad Hair Day|Psyshock|p1b: Amoonguss\n|-supereffective|p1b: Amoonguss\n|-damage|p1b: Amoonguss|0 fnt\n|faint|p1b: Amoonguss\n|\n|-sideend|p2: Rhyfinn20|move: Tailwind\n|upkeep\n|turn|5\n|c|\u2606Rhyfinn20|gg\n|\n|t:|1682419978\n|move|p1a: Chien-Pao|Sacred Sword|p2a: Bork\n|-damage|p2a: Bork|70\/100\n|move|p2b: A Bad Hair Day|Dazzling Gleam|p1a: Chien-Pao\n|-supereffective|p1a: Chien-Pao\n|-enditem|p1a: Chien-Pao|Focus Sash\n|-damage|p1a: Chien-Pao|1\/100\n|move|p2a: Bork|Flare Blitz|p1a: Chien-Pao\n|-supereffective|p1a: Chien-Pao\n|-damage|p1a: Chien-Pao|0 fnt\n|faint|p1a: Chien-Pao\n|-damage|p2a: Bork|70\/100|[from] Recoil\n|\n|win|Rhyfinn20\n|raw|ErYisus_13's rating: 1070 → 1045<\/strong> (-25 for losing)\n|raw|Rhyfinn20's rating: 1000 → 1048<\/strong> (+48 for winning)\n","uploadtime":1682419986,"views":6,"p1id":"eryisus13","p2id":"rhyfinn20","formatid":"gen9vgc2023regulationc","rating":1045,"private":0,"password":""}