{"id":"gen9vgc2023regulationc-1853452287","p1":"haha u rage quit","p2":"Fmzs","format":"[Gen 9] VGC 2023 Regulation C","log":"|j|\u2606haha u rage quit\n|j|\u2606Fmzs\n|t:|1682686644\n|gametype|doubles\n|player|p1|haha u rage quit|pokemaniac|1279\n|player|p2|Fmzs|sage|1327\n|teamsize|p1|6\n|teamsize|p2|6\n|gen|9\n|tier|[Gen 9] VGC 2023 Regulation C\n|rated|\n|rule|Species Clause: Limit one of each Pok\u00e9mon\n|rule|Item Clause: Limit one of each item\n|clearpoke\n|poke|p1|Roaring Moon, L50|\n|poke|p1|Hippowdon, L50, M|\n|poke|p1|Tyranitar, L50, M|\n|poke|p1|Great Tusk, L50|\n|poke|p1|Garchomp, L50, M|\n|poke|p1|Lycanroc, L50, M|\n|poke|p2|Chi-Yu, L50|\n|poke|p2|Flutter Mane, L50|\n|poke|p2|Iron Bundle, L50|\n|poke|p2|Arcanine, L50, M|\n|poke|p2|Amoonguss, L50, F|\n|poke|p2|Delibird, L50, F|\n|teampreview|4\n|inactive|Battle timer is ON: inactive players will automatically lose when time's up. (requested by haha u rage quit)\n|\n|t:|1682686697\n|start\n|switch|p1a: Roaring Moon|Roaring Moon, L50|100\/100\n|switch|p1b: Tyranitar|Tyranitar, L50, M|100\/100\n|switch|p2a: Delibird|Delibird, L50, F|100\/100\n|switch|p2b: Flutter Mane|Flutter Mane, L50|100\/100\n|-weather|Sandstorm|[from] ability: Sand Stream|[of] p1b: Tyranitar\n|-enditem|p1a: Roaring Moon|Booster Energy\n|-activate|p1a: Roaring Moon|ability: Protosynthesis|[fromitem]\n|-start|p1a: Roaring Moon|protosynthesisspe\n|turn|1\n|\n|t:|1682686713\n|-terastallize|p1a: Roaring Moon|Ghost\n|move|p1a: Roaring Moon|Tailwind|p1a: Roaring Moon\n|-sidestart|p1: haha u rage quit|move: Tailwind\n|move|p1b: Tyranitar|Heavy Slam|p2b: Flutter Mane\n|-supereffective|p2b: Flutter Mane\n|-enditem|p2b: Flutter Mane|Focus Sash\n|-damage|p2b: Flutter Mane|1\/100\n|move|p2b: Flutter Mane|Moonblast|p1a: Roaring Moon\n|-damage|p1a: Roaring Moon|48\/100\n|move|p2a: Delibird|Brick Break|p1b: Tyranitar\n|-supereffective|p1b: Tyranitar\n|-damage|p1b: Tyranitar|0 fnt\n|faint|p1b: Tyranitar\n|\n|-weather|Sandstorm|[upkeep]\n|-damage|p1a: Roaring Moon|42\/100|[from] Sandstorm\n|-damage|p2b: Flutter Mane|0 fnt|[from] Sandstorm\n|-damage|p2a: Delibird|95\/100|[from] Sandstorm\n|faint|p2b: Flutter Mane\n|-end|p2b: Flutter Mane|Protosynthesis|[silent]\n|upkeep\n|inactive|haha u rage quit has 30 seconds left.\n|\n|t:|1682686740\n|switch|p2b: Iron Bundle|Iron Bundle, L50|100\/100\n|switch|p1b: Garchomp|Garchomp, L50, M|100\/100\n|-enditem|p2b: Iron Bundle|Booster Energy\n|-activate|p2b: Iron Bundle|ability: Quark Drive|[fromitem]\n|-start|p2b: Iron Bundle|quarkdrivespe\n|turn|2\n|inactive|Fmzs has 30 seconds left.\n|inactive|Fmzs has 20 seconds left.\n|\n|t:|1682686776\n|switch|p2a: Arcanine|Arcanine, L50, M|100\/100\n|-ability|p2a: Arcanine|Intimidate|boost\n|-unboost|p1a: Roaring Moon|atk|1\n|-unboost|p1b: Garchomp|atk|1\n|move|p1a: Roaring Moon|Rock Slide|p2b: Iron Bundle|[spread] p2a,p2b\n|-supereffective|p2a: Arcanine\n|-supereffective|p2b: Iron Bundle\n|-damage|p2a: Arcanine|69\/100\n|-damage|p2b: Iron Bundle|70\/100\n|move|p2b: Iron Bundle|Freeze-Dry|p1a: Roaring Moon\n|-damage|p1a: Roaring Moon|8\/100\n|move|p1b: Garchomp|Rock Slide|p2b: Iron Bundle|[spread] p2a,p2b\n|-supereffective|p2a: Arcanine\n|-supereffective|p2b: Iron Bundle\n|-damage|p2a: Arcanine|37\/100\n|-damage|p2b: Iron Bundle|33\/100\n|\n|-weather|Sandstorm|[upkeep]\n|-damage|p1a: Roaring Moon|2\/100|[from] Sandstorm\n|-damage|p2b: Iron Bundle|27\/100|[from] Sandstorm\n|upkeep\n|turn|3\n|inactive|haha u rage quit has 30 seconds left.\n|inactive|Fmzs has 30 seconds left.\n|\n|t:|1682686804\n|move|p2b: Iron Bundle|Protect|p2b: Iron Bundle\n|-singleturn|p2b: Iron Bundle|Protect\n|move|p1a: Roaring Moon|Rock Slide|p2a: Arcanine|[spread] p2a\n|-activate|p2b: Iron Bundle|move: Protect\n|-supereffective|p2a: Arcanine\n|-damage|p2a: Arcanine|11\/100\n|move|p1b: Garchomp|Rock Slide|p2a: Arcanine|[spread] p2a\n|-activate|p2b: Iron Bundle|move: Protect\n|-supereffective|p2a: Arcanine\n|-damage|p2a: Arcanine|0 fnt\n|faint|p2a: Arcanine\n|\n|-weather|Sandstorm|[upkeep]\n|-damage|p1a: Roaring Moon|0 fnt|[from] Sandstorm\n|-damage|p2b: Iron Bundle|21\/100|[from] Sandstorm\n|faint|p1a: Roaring Moon\n|-end|p1a: Roaring Moon|Protosynthesis|[silent]\n|upkeep\n|\n|t:|1682686813\n|switch|p1a: Great Tusk|Great Tusk, L50, shiny|100\/100\n|switch|p2a: Delibird|Delibird, L50, F|95\/100\n|turn|4\n|\n|t:|1682686831\n|-terastallize|p2a: Delibird|Ground\n|move|p2a: Delibird|Ice Shard|p1b: Garchomp\n|-supereffective|p1b: Garchomp\n|-damage|p1b: Garchomp|4\/100\n|move|p1a: Great Tusk|Close Combat|p2b: Iron Bundle\n|-supereffective|p2b: Iron Bundle\n|-damage|p2b: Iron Bundle|0 fnt\n|-unboost|p1a: Great Tusk|def|1\n|-unboost|p1a: Great Tusk|spd|1\n|faint|p2b: Iron Bundle\n|-end|p2b: Iron Bundle|Quark Drive|[silent]\n|move|p1b: Garchomp|Rock Slide|p2a: Delibird\n|-resisted|p2a: Delibird\n|-damage|p2a: Delibird|67\/100\n|\n|-weather|Sandstorm|[upkeep]\n|-sideend|p1: haha u rage quit|move: Tailwind\n|upkeep\n|turn|5\n|\n|t:|1682686842\n|move|p2a: Delibird|Ice Shard|p1a: Great Tusk\n|-supereffective|p1a: Great Tusk\n|-damage|p1a: Great Tusk|40\/100\n|move|p1a: Great Tusk|Close Combat|p2a: Delibird\n|-damage|p2a: Delibird|0 fnt\n|-unboost|p1a: Great Tusk|def|1\n|-unboost|p1a: Great Tusk|spd|1\n|faint|p2a: Delibird\n|\n|win|haha u rage quit\n|raw|haha u rage quit's rating: 1279 → 1307<\/strong> (+28 for winning)\n|raw|Fmzs's rating: 1327 → 1304<\/strong> (-23 for losing)\n","uploadtime":1682686860,"views":10,"p1id":"hahauragequit","p2id":"fmzs","formatid":"gen9vgc2023regulationc","rating":1304,"private":0,"password":""}