{"id":"gen9vgc2023regulationc-1849878050","p1":"reynordg","p2":"Treshole","format":"[Gen 9] VGC 2023 Regulation C","log":"|j|\u2606reynordg\n|j|\u2606Treshole\n|t:|1682263640\n|gametype|doubles\n|player|p1|reynordg|266|\n|player|p2|Treshole|170|\n|teamsize|p1|6\n|teamsize|p2|6\n|gen|9\n|tier|[Gen 9] VGC 2023 Regulation C\n|rule|Species Clause: Limit one of each Pok\u00e9mon\n|rule|Item Clause: Limit one of each item\n|clearpoke\n|poke|p1|Amoonguss, L50, F|\n|poke|p1|Arcanine, L50, F|\n|poke|p1|Flutter Mane, L50|\n|poke|p1|Palafin, L50, M|\n|poke|p1|Ting-Lu, L50|\n|poke|p1|Baxcalibur, L50, F|\n|poke|p2|Ting-Lu, L50|\n|poke|p2|Amoonguss, L50, F|\n|poke|p2|Arcanine, L50, F|\n|poke|p2|Flutter Mane, L50|\n|poke|p2|Palafin, L50, M|\n|poke|p2|Baxcalibur, L50, F|\n|teampreview|4\n|c|\u2606Treshole|G1\nTreshole has agreed to open team sheets.\nreynordg has agreed to open team sheets.\n|\n|t:|1682263737\n|start\n|switch|p1a: Flutter Mane|Flutter Mane, L50|100\/100\n|switch|p1b: Palafin|Palafin, L50, M|100\/100\n|switch|p2a: Soul Fist|Flutter Mane, L50|100\/100\n|switch|p2b: Totsugeki|Palafin, L50, M|100\/100\n|-enditem|p2a: Soul Fist|Booster Energy\n|-activate|p2a: Soul Fist|ability: Protosynthesis|[fromitem]\n|-start|p2a: Soul Fist|protosynthesisspa\n|turn|1\n|\n|t:|1682263769\n|-end|p1a: Flutter Mane|Protosynthesis|[silent]\n|switch|p1a: Amoonguss|Amoonguss, L50, F|100\/100\n|detailschange|p2b: Totsugeki|Palafin-Hero, L50, M\n|switch|p2b: Kikoken|Amoonguss, L50, F|100\/100\n|move|p2a: Soul Fist|Protect|p2a: Soul Fist\n|-singleturn|p2a: Soul Fist|Protect\n|move|p1b: Palafin|Protect||[still]\n|-fail|p1b: Palafin\n|\n|upkeep\n|turn|2\n|\n|t:|1682263805\n|detailschange|p1b: Palafin|Palafin-Hero, L50, M\n|switch|p1b: Arcanine|Arcanine, L50, F|100\/100\n|-ability|p1b: Arcanine|Intimidate|boost\n|-unboost|p2a: Soul Fist|atk|1\n|-unboost|p2b: Kikoken|atk|1\n|move|p2a: Soul Fist|Substitute|p2a: Soul Fist\n|-start|p2a: Soul Fist|Substitute\n|-damage|p2a: Soul Fist|76\/100\n|move|p1a: Amoonguss|Spore||[still]\n|-fail|p1a: Amoonguss\n|move|p2b: Kikoken|Spore|p1b: Arcanine\n|-activate|p1b: Arcanine|item: Safety Goggles|Spore\n|\n|upkeep\n|turn|3\n|\n|t:|1682263826\n|switch|p2b: Falcon Punch|Arcanine, L50, F|100\/100\n|-ability|p2b: Falcon Punch|Intimidate|boost\n|-unboost|p1a: Amoonguss|atk|1\n|-unboost|p1b: Arcanine|atk|1\n|move|p2a: Soul Fist|Shadow Ball|p1b: Arcanine\n|-damage|p1b: Arcanine|38\/100\n|-unboost|p1b: Arcanine|spd|1\n|move|p1b: Arcanine|Flare Blitz|p2a: Soul Fist\n|-end|p2a: Soul Fist|Substitute\n|-damage|p1b: Arcanine|32\/100|[from] Recoil|[of] p2a: Soul Fist\n|move|p1a: Amoonguss|Spore|p2b: Falcon Punch\n|-activate|p2b: Falcon Punch|item: Safety Goggles|Spore\n|\n|upkeep\n|turn|4\n|\n|t:|1682263858\n|switch|p1b: Palafin|Palafin-Hero, L50, M|100\/100\n|-activate|p1b: Palafin|ability: Zero to Hero\n|-terastallize|p1a: Amoonguss|Water\n|move|p2a: Soul Fist|Shadow Ball|p1b: Palafin\n|-damage|p1b: Palafin|50\/100\n|move|p2b: Falcon Punch|Flare Blitz|p1a: Amoonguss\n|-resisted|p1a: Amoonguss\n|-crit|p1a: Amoonguss\n|-damage|p1a: Amoonguss|63\/100\n|-damage|p2b: Falcon Punch|86\/100|[from] Recoil\n|move|p1a: Amoonguss|Spore|p2a: Soul Fist\n|-status|p2a: Soul Fist|slp|[from] move: Spore\n|\n|upkeep\n|turn|5\n|\n|t:|1682263883\n|switch|p1b: Arcanine|Arcanine, L50, F|32\/100\n|-ability|p1b: Arcanine|Intimidate|boost\n|-unboost|p2a: Soul Fist|atk|1\n|-unboost|p2b: Falcon Punch|atk|1\n|-terastallize|p2b: Falcon Punch|Water\n|cant|p2a: Soul Fist|slp\n|move|p2b: Falcon Punch|Will-O-Wisp|p1b: Arcanine\n|-immune|p1b: Arcanine\n|move|p1a: Amoonguss|Pollen Puff|p1b: Arcanine\n|-heal|p1b: Arcanine|82\/100\n|\n|upkeep\n|turn|6\n|\n|t:|1682263943\n|-end|p2a: Soul Fist|Protosynthesis|[silent]\n|switch|p2a: Totsugeki|Palafin-Hero, L50, M|100\/100\n|-activate|p2a: Totsugeki|ability: Zero to Hero\n|switch|p1a: Flutter Mane|Flutter Mane, L50|100\/100\n|move|p1b: Arcanine|Flare Blitz|p2a: Totsugeki\n|-resisted|p2a: Totsugeki\n|-damage|p2a: Totsugeki|79\/100\n|-damage|p1b: Arcanine|75\/100|[from] Recoil\n|move|p2b: Falcon Punch|Will-O-Wisp|p1a: Flutter Mane\n|-status|p1a: Flutter Mane|brn\n|\n|-damage|p1a: Flutter Mane|95\/100 brn|[from] brn\n|upkeep\n|turn|7\n|\n|t:|1682263966\n|-end|p1a: Flutter Mane|Protosynthesis|[silent]\n|switch|p1a: Amoonguss|Amoonguss, L50, F, tera:Water|96\/100\n|switch|p2b: Kikoken|Amoonguss, L50, F|100\/100\n|move|p1b: Arcanine|Protect|p1b: Arcanine\n|-singleturn|p1b: Arcanine|Protect\n|move|p2a: Totsugeki|Protect||[still]\n|-fail|p2a: Totsugeki\n|\n|upkeep\n|turn|8\n|\n|t:|1682264000\n|switch|p1b: Palafin|Palafin-Hero, L50, M|50\/100\n|move|p2b: Kikoken|Rage Powder|p2b: Kikoken\n|-singleturn|p2b: Kikoken|move: Rage Powder\n|move|p2a: Totsugeki|Jet Punch|p1b: Palafin\n|-resisted|p1b: Palafin\n|-damage|p1b: Palafin|29\/100\n|move|p1a: Amoonguss|Pollen Puff|p2b: Kikoken\n|-damage|p2b: Kikoken|86\/100\n|\n|upkeep\n|turn|9\n|\n|t:|1682264017\n|switch|p1b: Arcanine|Arcanine, L50, F|75\/100\n|-ability|p1b: Arcanine|Intimidate|boost\n|-unboost|p2a: Totsugeki|atk|1\n|-unboost|p2b: Kikoken|atk|1\n|move|p1a: Amoonguss|Rage Powder|p1a: Amoonguss\n|-singleturn|p1a: Amoonguss|move: Rage Powder\n|move|p2b: Kikoken|Rage Powder|p2b: Kikoken\n|-singleturn|p2b: Kikoken|move: Rage Powder\n|move|p2a: Totsugeki|Wave Crash|p1a: Amoonguss\n|-resisted|p1a: Amoonguss\n|-damage|p1a: Amoonguss|65\/100\n|-damage|p2a: Totsugeki|68\/100|[from] Recoil\n|\n|upkeep\n|turn|10\n|\n|t:|1682264040\n|switch|p1b: Palafin|Palafin-Hero, L50, M|29\/100\n|switch|p2a: Falcon Punch|Arcanine, L50, F, tera:Water|86\/100\n|-ability|p2a: Falcon Punch|Intimidate|boost\n|-unboost|p1a: Amoonguss|atk|1\n|-unboost|p1b: Palafin|atk|1\n|move|p1a: Amoonguss|Pollen Puff|p1b: Palafin\n|-heal|p1b: Palafin|79\/100\n|move|p2b: Kikoken|Spore|p1a: Amoonguss\n|-status|p1a: Amoonguss|slp|[from] move: Spore\n|\n|upkeep\n|turn|11\n|\n|t:|1682264076\n|switch|p2a: Totsugeki|Palafin-Hero, L50, M|68\/100\n|switch|p1b: Arcanine|Arcanine, L50, F|75\/100\n|-ability|p1b: Arcanine|Intimidate|boost\n|-unboost|p2a: Totsugeki|atk|1\n|-unboost|p2b: Kikoken|atk|1\n|switch|p1a: Flutter Mane|Flutter Mane, L50|95\/100 brn\n|move|p2b: Kikoken|Pollen Puff|p2a: Totsugeki\n|-heal|p2a: Totsugeki|100\/100\n|\n|-damage|p1a: Flutter Mane|89\/100 brn|[from] brn\n|upkeep\n|turn|12\n|\n|t:|1682264096\n|-end|p1a: Flutter Mane|Protosynthesis|[silent]\n|switch|p1a: Amoonguss|Amoonguss, L50, F, tera:Water|98\/100 slp\n|move|p1b: Arcanine|Protect|p1b: Arcanine\n|-singleturn|p1b: Arcanine|Protect\n|move|p2b: Kikoken|Rage Powder|p2b: Kikoken\n|-singleturn|p2b: Kikoken|move: Rage Powder\n|move|p2a: Totsugeki|Wave Crash|p1b: Arcanine\n|-activate|p1b: Arcanine|move: Protect\n|\n|upkeep\n|turn|13\n|\n|t:|1682264145\n|switch|p1b: Palafin|Palafin-Hero, L50, M|79\/100\n|move|p2a: Totsugeki|Wave Crash|p1b: Palafin\n|-resisted|p1b: Palafin\n|-crit|p1b: Palafin\n|-damage|p1b: Palafin|12\/100\n|-damage|p2a: Totsugeki|78\/100|[from] Recoil\n|cant|p1a: Amoonguss|slp\n|move|p2b: Kikoken|Spore|p1b: Palafin\n|-status|p1b: Palafin|slp|[from] move: Spore\n|\n|upkeep\n|turn|14\n|\n|t:|1682264176\n|switch|p2b: Soul Fist|Flutter Mane, L50|76\/100 slp\n|move|p2a: Totsugeki|Wave Crash|p1b: Palafin\n|-resisted|p1b: Palafin\n|-damage|p1b: Palafin|0 fnt\n|faint|p1b: Palafin\n|-damage|p2a: Totsugeki|74\/100|[from] Recoil\n|cant|p1a: Amoonguss|slp\n|\n|upkeep\n|\n|t:|1682264190\n|switch|p1b: Flutter Mane|Flutter Mane, L50|89\/100 brn\n|turn|15\n|\n|t:|1682264206\n|switch|p2a: Kikoken|Amoonguss, L50, F|100\/100\n|-curestatus|p2b: Soul Fist|slp|[msg]\n|move|p2b: Soul Fist|Protect|p2b: Soul Fist\n|-singleturn|p2b: Soul Fist|Protect\n|cant|p1a: Amoonguss|slp\n|move|p1b: Flutter Mane|Shadow Ball|p2b: Soul Fist\n|-activate|p2b: Soul Fist|move: Protect\n|\n|-damage|p1b: Flutter Mane|83\/100 brn|[from] brn\n|upkeep\n|turn|16\n|\n|t:|1682264222\n|-end|p1b: Flutter Mane|Protosynthesis|[silent]\n|switch|p1b: Arcanine|Arcanine, L50, F|75\/100\n|-ability|p1b: Arcanine|Intimidate|boost\n|-unboost|p2a: Kikoken|atk|1\n|-unboost|p2b: Soul Fist|atk|1\n|move|p2a: Kikoken|Rage Powder|p2a: Kikoken\n|-singleturn|p2a: Kikoken|move: Rage Powder\n|move|p2b: Soul Fist|Shadow Ball|p1b: Arcanine\n|-damage|p1b: Arcanine|32\/100\n|-curestatus|p1a: Amoonguss|slp|[msg]\n|move|p1a: Amoonguss|Spore|p2a: Kikoken\n|-immune|p2a: Kikoken\n|\n|upkeep\n|turn|17\n|c|\u2606reynordg|Mae SD me est\u00e1 seleccionando mal todos los ataques\n|c|\u2606reynordg|Qu\u00e9 raro\n|c|\u2606Treshole|como?\n|\n|t:|1682264276\n|move|p1a: Amoonguss|Protect|p1a: Amoonguss\n|-singleturn|p1a: Amoonguss|Protect\n|move|p2a: Kikoken|Rage Powder|p2a: Kikoken\n|-singleturn|p2a: Kikoken|move: Rage Powder\n|move|p2b: Soul Fist|Shadow Ball|p1b: Arcanine\n|-damage|p1b: Arcanine|0 fnt\n|faint|p1b: Arcanine\n|\n|upkeep\n|c|\u2606Treshole|acuerdese que mi rage powder esta sirviendo contra su amonguss porque es tera agua\n|\n|t:|1682264287\n|switch|p1b: Flutter Mane|Flutter Mane, L50|83\/100 brn\n|turn|18\n|-message|reynordg forfeited.\n|\n|win|Treshole\n|l|\u2606reynordg\n","uploadtime":1682264296,"views":8,"p1id":"reynordg","p2id":"treshole","formatid":"gen9vgc2023regulationc","rating":0,"private":0,"password":""}