{"id":"gen9vgc2023regulationc-1857234246","p1":"Bitt 24","p2":"Memebasedgod","format":"[Gen 9] VGC 2023 Regulation C","log":"|j|\u2606Bitt 24\n|j|\u2606Memebasedgod\n|t:|1683161414\n|gametype|doubles\n|player|p1|Bitt 24|169|\n|player|p2|Memebasedgod|nemona-v|\n|teamsize|p1|6\n|teamsize|p2|6\n|gen|9\n|tier|[Gen 9] VGC 2023 Regulation C\n|rule|Species Clause: Limit one of each Pok\u00e9mon\n|rule|Item Clause: Limit one of each item\n|clearpoke\n|poke|p1|Barraskewda, L50, F|\n|poke|p1|Dragapult, L50, F|\n|poke|p1|Pyroar, L50, M|\n|poke|p1|Dachsbun, L50, F|\n|poke|p1|Clodsire, L50, M|\n|poke|p1|Klefki, L50, M|\n|poke|p2|Ting-Lu, L50|\n|poke|p2|Arcanine, L50, F|\n|poke|p2|Gengar, L50, F|\n|poke|p2|Bronzong, L50|\n|poke|p2|Noivern, L50, M|\n|poke|p2|Pikachu, L50, M|\n|teampreview|4\nBitt 24 rejected open team sheets.\n|c|\u2606Memebasedgod|g1\n|j| glostud8\n|c|\u2606Bitt 24|Glhf!\n|c|\u2606Memebasedgod|glhf sussy\n|j| Toronto 6ix\n|c| Toronto 6ix|Ooooo battle!\n|n| glostud8|glostud8\n|c| glostud8|hola\n|c| Toronto 6ix|Imagine rejecting Open Team sheets smh\n|c|\u2606Bitt 24|Fr\n|c|\u2606Memebasedgod|hola\n|\n|t:|1683161548\n|start\n|switch|p1a: Dachsbun|Dachsbun, L50, F|100\/100\n|switch|p1b: Clodsire|Clodsire, L50, M|100\/100\n|switch|p2a: Taco Bell|Bronzong, L50|100\/100\n|switch|p2b: Space Jam|Ting-Lu, L50|100\/100\n|-ability|p2b: Space Jam|Vessel of Ruin\n|turn|1\n|\n|t:|1683161581\n|move|p1b: Clodsire|Protect|p1b: Clodsire\n|-singleturn|p1b: Clodsire|Protect\n|move|p1a: Dachsbun|Yawn|p2a: Taco Bell\n|-start|p2a: Taco Bell|move: Yawn|[of] p1a: Dachsbun\n|move|p2b: Space Jam|Fissure|p1a: Dachsbun\n|-damage|p1a: Dachsbun|0 fnt\n|faint|p1a: Dachsbun\n|-ohko\n|move|p2a: Taco Bell|Trick Room|p2a: Taco Bell\n|-fieldstart|move: Trick Room|[of] p2a: Taco Bell\n|\n|upkeep\n|c|\u2606Bitt 24|Wtf\n|c|\u2606Memebasedgod|lol\n|\n|t:|1683161593\n|switch|p1a: Barraskewda|Barraskewda, L50, F|100\/100\n|turn|2\n|c| Toronto 6ix|Hahahahahahaha\n|c|\u2606Bitt 24|Omfg\n|c| Toronto 6ix|Turn 1, week 1 fissure count: 1\n|c|\u2606Memebasedgod|pokemon baybee\n|c|\u2606Bitt 24|I can\u2019t lose to fissure smh\n|c|\u2606Bitt 24|Omg\n|\n|t:|1683161647\n|-terastallize|p2b: Space Jam|Poison\n|move|p1b: Clodsire|Stomping Tantrum|p2b: Space Jam\n|-supereffective|p2b: Space Jam\n|-damage|p2b: Space Jam|80\/100\n|move|p2a: Taco Bell|Gravity|p2a: Taco Bell\n|-fieldstart|move: Gravity\n|move|p2b: Space Jam|Stomping Tantrum|p1b: Clodsire\n|-supereffective|p1b: Clodsire\n|-crit|p1b: Clodsire\n|-damage|p1b: Clodsire|26\/100\n|-enditem|p1b: Clodsire|Sitrus Berry|[eat]\n|-heal|p1b: Clodsire|51\/100|[from] item: Sitrus Berry\n|move|p1a: Barraskewda|Liquidation|p2b: Space Jam\n|-damage|p2b: Space Jam|58\/100\n|-unboost|p2b: Space Jam|def|1\n|\n|-heal|p2b: Space Jam|64\/100|[from] item: Leftovers\n|-end|p2a: Taco Bell|move: Yawn|[silent]\n|-status|p2a: Taco Bell|slp\n|upkeep\n|turn|3\n|c| Toronto 6ix|I'm forfeiting w2 lmao\n|j| gazzlb\n|\n|t:|1683161673\n|move|p1b: Clodsire|Recover|p1b: Clodsire\n|-heal|p1b: Clodsire|100\/100\n|cant|p2a: Taco Bell|slp\n|move|p2b: Space Jam|Stomping Tantrum|p1b: Clodsire\n|-supereffective|p1b: Clodsire\n|-damage|p1b: Clodsire|50\/100\n|move|p1a: Barraskewda|Psychic Fangs|p2b: Space Jam\n|-supereffective|p2b: Space Jam\n|-damage|p2b: Space Jam|21\/100\n|\n|-heal|p2b: Space Jam|27\/100|[from] item: Leftovers\n|upkeep\n|turn|4\n|n| Gazzlb|gazzlb\n|\n|t:|1683161692\n|switch|p2b: Paw Patrol|Arcanine, L50, F|100\/100\n|-ability|p2b: Paw Patrol|Intimidate|boost\n|-fail|p1a: Barraskewda|unboost|[from] item: Clear Amulet|[of] p1a: Barraskewda\n|-unboost|p1b: Clodsire|atk|1\n|move|p1b: Clodsire|Protect|p1b: Clodsire\n|-singleturn|p1b: Clodsire|Protect\n|cant|p2a: Taco Bell|slp\n|move|p1a: Barraskewda|Psychic Fangs|p2b: Paw Patrol\n|-damage|p2b: Paw Patrol|73\/100\n|\n|upkeep\n|turn|5\n|\n|t:|1683161714\n|move|p1a: Barraskewda|Protect|p1a: Barraskewda\n|-singleturn|p1a: Barraskewda|Protect\n|move|p1b: Clodsire|Recover|p1b: Clodsire\n|-heal|p1b: Clodsire|99\/100\n|-curestatus|p2a: Taco Bell|slp|[msg]\n|move|p2a: Taco Bell|Night Shade|p1b: Clodsire\n|-damage|p1b: Clodsire|79\/100\n|move|p2b: Paw Patrol|Will-O-Wisp|p1a: Barraskewda\n|-activate|p1a: Barraskewda|move: Protect\n|\n|-fieldend|move: Trick Room\n|upkeep\n|turn|6\n|\n|t:|1683161727\n|switch|p2b: Da Jokah Baybee|Gengar, L50, F|100\/100\n|switch|p1b: Dragapult|Dragapult, L50, F|100\/100\n|move|p1a: Barraskewda|Liquidation|p2b: Da Jokah Baybee\n|-damage|p2b: Da Jokah Baybee|9\/100\n|-unboost|p2b: Da Jokah Baybee|def|1\n|move|p2a: Taco Bell|Hypnosis|p1a: Barraskewda\n|-status|p1a: Barraskewda|slp|[from] move: Hypnosis\n|\n|-fieldend|move: Gravity\n|upkeep\n|turn|7\n|l| Gazzlb\n|j| Gazzlb\n|c| Toronto 6ix|I would quit Vitor lol\n|c|\u2606Bitt 24|Yeah fe\n|c|\u2606Bitt 24|what are these strats man\n|\n|t:|1683161789\n|move|p2b: Da Jokah Baybee|Shadow Ball|p1b: Dragapult\n|-supereffective|p1b: Dragapult\n|-damage|p1b: Dragapult|0 fnt\n|faint|p1b: Dragapult\n|cant|p1a: Barraskewda|slp\n|move|p2a: Taco Bell|Night Shade|p1a: Barraskewda\n|-damage|p1a: Barraskewda|64\/100 slp\n|\n|upkeep\n|\n|t:|1683161792\n|switch|p1b: Clodsire|Clodsire, L50, M|79\/100\n|turn|8\n|\n|t:|1683161805\n|cant|p1a: Barraskewda|slp\n|move|p2b: Da Jokah Baybee|Shadow Ball|p1a: Barraskewda\n|-damage|p1a: Barraskewda|0 fnt\n|faint|p1a: Barraskewda\n|move|p2a: Taco Bell|Night Shade|p1b: Clodsire\n|-damage|p1b: Clodsire|58\/100\n|move|p1b: Clodsire|Stomping Tantrum|p2b: Da Jokah Baybee\n|-supereffective|p2b: Da Jokah Baybee\n|-damage|p2b: Da Jokah Baybee|0 fnt\n|faint|p2b: Da Jokah Baybee\n|\n|upkeep\n|c|\u2606Bitt 24|Space using bs to win\n|c|\u2606Memebasedgod|nooooooo\n|\n|t:|1683161820\n|switch|p2b: Space Jam|Ting-Lu, L50, tera:Poison|27\/100\n|-ability|p2b: Space Jam|Vessel of Ruin\n|turn|9\n|c|\u2606Bitt 24|I didn\u2019t know u could do that\n|l| Gazzlb\n|\n|t:|1683161844\n|move|p2b: Space Jam|Stomping Tantrum|p1b: Clodsire\n|-supereffective|p1b: Clodsire\n|-damage|p1b: Clodsire|4\/100\n|move|p2a: Taco Bell|Night Shade|p1b: Clodsire\n|-damage|p1b: Clodsire|0 fnt\n|faint|p1b: Clodsire\n|\n|win|Memebasedgod\n|c|\u2606Memebasedgod|gg\n|l| Toronto 6ix\n","uploadtime":1683161859,"views":17,"p1id":"bitt24","p2id":"memebasedgod","formatid":"gen9vgc2023regulationc","rating":0,"private":0,"password":""}