{"id":"gen9vgc2023regulationc-1850856546","p1":"NoNotNobody","p2":"FinalGambitVGC","format":"[Gen 9] VGC 2023 Regulation C","log":"|j|\u2606NoNotNobody\n|j|\u2606FinalGambitVGC\n|t:|1682374907\n|gametype|doubles\n|player|p1|NoNotNobody|169|\n|player|p2|FinalGambitVGC|cynthia-masters|\n|teamsize|p1|6\n|teamsize|p2|6\n|gen|9\n|tier|[Gen 9] VGC 2023 Regulation C\n|rule|Species Clause: Limit one of each Pok\u00e9mon\n|rule|Item Clause: Limit one of each item\n|clearpoke\n|poke|p1|Dragapult, L50, F|\n|poke|p1|Staravia, L50, M|\n|poke|p1|Tinkaton, L50, F|\n|poke|p1|Meowscarada, L50, F|\n|poke|p1|Skeledirge, L50, F|\n|poke|p1|Oranguru, L50, M|\n|poke|p2|Fletchinder, L50, F|\n|poke|p2|Sableye, L50, M|\n|poke|p2|Iron Valiant, L50|\n|poke|p2|Mabosstiff, L50, M|\n|poke|p2|Slither Wing, L50|\n|poke|p2|Amoonguss, L50, M|\n|teampreview|4\n|c|\u2606NoNotNobody|Game 1\n|c|\u2606FinalGambitVGC|glhf\n|c|\u2606NoNotNobody|Let's setup all 3 games first\n|j| GIANT OSHAWOTT\n|c|\u2606NoNotNobody|glhf\n|\n|t:|1682375223\n|start\n|switch|p1a: Dragapult|Dragapult, L50, F|100\/100\n|switch|p1b: Tinkaton|Tinkaton, L50, F|100\/100\n|switch|p2a: Sableye|Sableye, L50, M|100\/100\n|switch|p2b: Mabosstiff|Mabosstiff, L50, M|100\/100\n|turn|1\n|\n|t:|1682375284\n|move|p1b: Tinkaton|Fake Out|p2b: Mabosstiff\n|-damage|p2b: Mabosstiff|88\/100\n|move|p2a: Sableye|Fake Out|p1b: Tinkaton\n|-resisted|p1b: Tinkaton\n|-damage|p1b: Tinkaton|96\/100\n|move|p1a: Dragapult|Phantom Force||[still]\n|-prepare|p1a: Dragapult|Phantom Force\n|-enditem|p1a: Dragapult|Power Herb\n|-anim|p1a: Dragapult|Phantom Force|p2a: Sableye\n|-damage|p2a: Sableye|39\/100\n|-enditem|p2a: Sableye|Eject Button\n|\n|t:|1682375293\n|switch|p2a: Amoonguss|Amoonguss, L50, M|100\/100\n|cant|p2b: Mabosstiff|flinch\n|\n|upkeep\n|turn|2\n|\n|t:|1682375328\n|-terastallize|p1a: Dragapult|Flying\n|move|p1a: Dragapult|Acrobatics|p2a: Amoonguss\n|-supereffective|p2a: Amoonguss\n|-damage|p2a: Amoonguss|7\/100\n|move|p1b: Tinkaton|Play Rough|p2b: Mabosstiff\n|-supereffective|p2b: Mabosstiff\n|-damage|p2b: Mabosstiff|0 fnt\n|faint|p2b: Mabosstiff\n|move|p2a: Amoonguss|Spore|p1b: Tinkaton\n|-status|p1b: Tinkaton|slp|[from] move: Spore\n|-enditem|p1b: Tinkaton|Lum Berry|[eat]\n|-curestatus|p1b: Tinkaton|slp|[msg]\n|\n|upkeep\n|\n|t:|1682375338\n|switch|p2b: Iron Valiant|Iron Valiant, L50|100\/100\n|turn|3\n|\n|t:|1682375377\n|switch|p2a: Sableye|Sableye, L50, M|39\/100\n|-terastallize|p2b: Iron Valiant|Fairy\n|move|p1a: Dragapult|Protect|p1a: Dragapult\n|-singleturn|p1a: Dragapult|Protect\n|move|p2b: Iron Valiant|Moonblast|p1a: Dragapult\n|-activate|p1a: Dragapult|move: Protect\n|move|p1b: Tinkaton|Knock Off|p2a: Sableye\n|-damage|p2a: Sableye|20\/100\n|\n|upkeep\n|turn|4\n|\n|t:|1682375392\n|switch|p1a: Staravia|Staravia, L50, M|100\/100\n|-ability|p1a: Staravia|Intimidate|boost\n|-unboost|p2a: Sableye|atk|1\n|-unboost|p2b: Iron Valiant|atk|1\n|move|p2a: Sableye|Fake Out|p1a: Staravia\n|-damage|p1a: Staravia|94\/100\n|move|p2b: Iron Valiant|Moonblast|p1a: Staravia\n|-damage|p1a: Staravia|1\/100\n|move|p1b: Tinkaton|Gigaton Hammer|p2b: Iron Valiant\n|-supereffective|p2b: Iron Valiant\n|-damage|p2b: Iron Valiant|0 fnt\n|faint|p2b: Iron Valiant\n|-end|p2b: Iron Valiant|Quark Drive|[silent]\n|\n|upkeep\n|\n|t:|1682375399\n|switch|p2b: Amoonguss|Amoonguss, L50, M|41\/100\n|turn|5\n|c|\u2606NoNotNobody|Man that staravia is IV ed well\n|\n|t:|1682375451\n|move|p2a: Sableye|Quash|p1b: Tinkaton\n|-activate|p1b: Tinkaton|move: Quash\n|move|p1a: Staravia|Brave Bird|p2a: Sableye\n|-damage|p2a: Sableye|0 fnt\n|faint|p2a: Sableye\n|-damage|p1a: Staravia|0 fnt|[from] Recoil\n|faint|p1a: Staravia\n|move|p2b: Amoonguss|Spore|p1b: Tinkaton\n|-status|p1b: Tinkaton|slp|[from] move: Spore\n|cant|p1b: Tinkaton|slp\n|\n|upkeep\n|\n|t:|1682375457\n|switch|p1a: Dragapult|Dragapult, L50, F, tera:Flying|100\/100\n|turn|6\n|c|\u2606NoNotNobody|gg\n|\n|t:|1682375469\n|move|p1a: Dragapult|Acrobatics|p2b: Amoonguss\n|-supereffective|p2b: Amoonguss\n|-damage|p2b: Amoonguss|0 fnt\n|faint|p2b: Amoonguss\n|\n|win|NoNotNobody\n|l|\u2606FinalGambitVGC\n","uploadtime":1682375518,"views":12,"p1id":"nonotnobody","p2id":"finalgambitvgc","formatid":"gen9vgc2023regulationc","rating":0,"private":0,"password":""}