{"id":"gen9vgc2023regulationc-1845707899","p1":"upswinging","p2":"TingLusing","format":"[Gen 9] VGC 2023 Regulation C","log":"|j|\u2606upswinging\n|j|\u2606TingLusing\n|t:|1681757324\n|gametype|doubles\n|player|p1|upswinging|riley|1580\n|player|p2|TingLusing|marnie-league|1672\n|teamsize|p1|6\n|teamsize|p2|6\n|gen|9\n|tier|[Gen 9] VGC 2023 Regulation C\n|rated|\n|rule|Species Clause: Limit one of each Pok\u00e9mon\n|rule|Item Clause: Limit one of each item\n|clearpoke\n|poke|p1|Murkrow, L50, M|\n|poke|p1|Iron Bundle, L50|\n|poke|p1|Chi-Yu, L50|\n|poke|p1|Gholdengo, L50|\n|poke|p1|Great Tusk, L50|\n|poke|p1|Farigiraf, L50, M|\n|poke|p2|Arcanine, L50, M|\n|poke|p2|Palafin, L50, M|\n|poke|p2|Amoonguss, L50, F|\n|poke|p2|Chien-Pao, L50|\n|poke|p2|Dragonite, L50, F|\n|poke|p2|Gholdengo, L50|\n|teampreview|4\nTingLusing has agreed to open team sheets.\nupswinging has agreed to open team sheets.\n|inactive|Battle timer is ON: inactive players will automatically lose when time's up. (requested by TingLusing)\n|\n|t:|1681757367\n|start\n|switch|p1a: Murkrow|Murkrow, L50, M, shiny|100\/100\n|switch|p1b: Great Tusk|Great Tusk, L50|100\/100\n|switch|p2a: Palafin|Palafin, L50, M|100\/100\n|switch|p2b: Chien-Pao|Chien-Pao, L50|100\/100\n|-ability|p2b: Chien-Pao|Sword of Ruin\n|turn|1\n|\n|t:|1681757385\n|detailschange|p2a: Palafin|Palafin-Hero, L50, M\n|switch|p2a: Arcanine|Arcanine, L50, M|100\/100\n|-ability|p2a: Arcanine|Intimidate|boost\n|-unboost|p1a: Murkrow|atk|1\n|-fail|p1b: Great Tusk|unboost|[from] item: Clear Amulet|[of] p1b: Great Tusk\n|move|p1b: Great Tusk|Protect|p1b: Great Tusk\n|-singleturn|p1b: Great Tusk|Protect\n|move|p1a: Murkrow|Tailwind|p1a: Murkrow\n|-sidestart|p1: upswinging|move: Tailwind\n|move|p2b: Chien-Pao|Ice Spinner|p1a: Murkrow\n|-supereffective|p1a: Murkrow\n|-enditem|p1a: Murkrow|Focus Sash\n|-damage|p1a: Murkrow|1\/100\n|\n|upkeep\n|turn|2\n|inactive|TingLusing has 30 seconds left.\n|inactive|TingLusing has 20 seconds left.\n|inactive|TingLusing has 15 seconds left.\n|j| Donnerfuss\n|\n|t:|1681757430\n|-terastallize|p1b: Great Tusk|Ground\n|move|p2a: Arcanine|Protect|p2a: Arcanine\n|-singleturn|p2a: Arcanine|Protect\n|move|p1a: Murkrow|Sunny Day|p1a: Murkrow\n|-weather|SunnyDay\n|-activate|p1b: Great Tusk|ability: Protosynthesis\n|-start|p1b: Great Tusk|protosynthesisatk\n|move|p1b: Great Tusk|Earthquake|p2a: Arcanine|[spread] p2b\n|-activate|p2a: Arcanine|move: Protect\n|-immune|p1a: Murkrow\n|-enditem|p2b: Chien-Pao|Focus Sash\n|-damage|p2b: Chien-Pao|1\/100\n|move|p2b: Chien-Pao|Ice Spinner|p1b: Great Tusk\n|-supereffective|p1b: Great Tusk\n|-damage|p1b: Great Tusk|17\/100\n|\n|-weather|SunnyDay|[upkeep]\n|upkeep\n|turn|3\n|inactive|upswinging has 30 seconds left.\n|inactive|TingLusing has 30 seconds left.\n|\n|t:|1681757463\n|switch|p1a: Farigiraf|Farigiraf, L50, M|100\/100\n|move|p2b: Chien-Pao|Protect|p2b: Chien-Pao\n|-singleturn|p2b: Chien-Pao|Protect\n|move|p1b: Great Tusk|Headlong Rush|p2a: Arcanine\n|-supereffective|p2a: Arcanine\n|-damage|p2a: Arcanine|0 fnt\n|-unboost|p1b: Great Tusk|def|1\n|-unboost|p1b: Great Tusk|spd|1\n|faint|p2a: Arcanine\n|\n|-weather|SunnyDay|[upkeep]\n|upkeep\n|\n|t:|1681757471\n|switch|p2a: Palafin|Palafin-Hero, L50, M|100\/100\n|-activate|p2a: Palafin|ability: Zero to Hero\n|turn|4\n|inactive|upswinging has 30 seconds left.\n|inactive|upswinging has 20 seconds left.\n|inactive|upswinging has 15 seconds left.\n|inactive|upswinging has 10 seconds left.\n|inactive|upswinging has 5 seconds left.\n|\n|t:|1681757531\n|move|p2a: Palafin|Protect|p2a: Palafin\n|-singleturn|p2a: Palafin|Protect\n|move|p1b: Great Tusk|Headlong Rush|p2a: Palafin\n|-activate|p2a: Palafin|move: Protect\n|move|p2b: Chien-Pao|Ice Spinner|p1b: Great Tusk\n|-supereffective|p1b: Great Tusk\n|-damage|p1b: Great Tusk|0 fnt\n|faint|p1b: Great Tusk\n|-end|p1b: Great Tusk|Protosynthesis|[silent]\n|move|p1a: Farigiraf|Trick Room|p1a: Farigiraf\n|-fieldstart|move: Trick Room|[of] p1a: Farigiraf\n|\n|-weather|SunnyDay|[upkeep]\n|-sideend|p1: upswinging|move: Tailwind\n|upkeep\n|\n|t:|1681757537\n|switch|p1b: Chi-Yu|Chi-Yu, L50|100\/100\n|-ability|p1b: Chi-Yu|Beads of Ruin\n|turn|5\n|\n|t:|1681757548\n|-terastallize|p2a: Palafin|Water\n|move|p2b: Chien-Pao|Protect|p2b: Chien-Pao\n|-singleturn|p2b: Chien-Pao|Protect\n|move|p1a: Farigiraf|Hyper Voice|p2b: Chien-Pao|[spread] p2a\n|-activate|p2b: Chien-Pao|move: Protect\n|-damage|p2a: Palafin|48\/100\n|-damage|p1a: Farigiraf|91\/100|[from] item: Life Orb\n|move|p2a: Palafin|Wave Crash|p1b: Chi-Yu\n|-supereffective|p1b: Chi-Yu\n|-damage|p1b: Chi-Yu|0 fnt\n|faint|p1b: Chi-Yu\n|-damage|p2a: Palafin|26\/100|[from] Recoil\n|\n|-weather|SunnyDay|[upkeep]\n|upkeep\n|\n|t:|1681757558\n|switch|p1b: Murkrow|Murkrow, L50, M, shiny|1\/100\n|turn|6\n|\n|t:|1681757575\n|move|p2a: Palafin|Protect|p2a: Palafin\n|-singleturn|p2a: Palafin|Protect\n|move|p2b: Chien-Pao|Protect||[still]\n|-fail|p2b: Chien-Pao\n|move|p1b: Murkrow|Sunny Day||[still]\n|-fail|p1b: Murkrow\n|move|p1a: Farigiraf|Hyper Voice|p2b: Chien-Pao|[spread] p2b\n|-activate|p2a: Palafin|move: Protect\n|-damage|p2b: Chien-Pao|0 fnt\n|faint|p2b: Chien-Pao\n|-damage|p1a: Farigiraf|81\/100|[from] item: Life Orb\n|\n|-weather|none\n|upkeep\n|\n|t:|1681757582\n|switch|p2b: Gholdengo|Gholdengo, L50|100\/100\n|turn|7\n|\n|t:|1681757594\n|move|p2a: Palafin|Protect||[still]\n|-fail|p2a: Palafin\n|move|p1a: Farigiraf|Dazzling Gleam|p2b: Gholdengo|[spread] p2a,p2b\n|-resisted|p2b: Gholdengo\n|-damage|p2a: Palafin|1\/100\n|-damage|p2b: Gholdengo|85\/100\n|-damage|p1a: Farigiraf|71\/100|[from] item: Life Orb\n|move|p1b: Murkrow|Brave Bird|p2b: Gholdengo\n|-resisted|p2b: Gholdengo\n|-damage|p2b: Gholdengo|55\/100\n|-damage|p1b: Murkrow|0 fnt|[from] Recoil\n|faint|p1b: Murkrow\n|move|p2b: Gholdengo|Make It Rain|p1a: Farigiraf\n|-damage|p1a: Farigiraf|0 fnt\n|-unboost|p2b: Gholdengo|spa|1\n|faint|p1a: Farigiraf\n|\n|win|TingLusing\n|raw|upswinging's rating: 1580 → 1565<\/strong> (-15 for losing)\n|raw|TingLusing's rating: 1672 → 1687<\/strong> (+15 for winning)\n|l|\u2606upswinging\n|l|\u2606TingLusing\n|j|\u2606upswinging\n|player|p1|upswinging|riley\n","uploadtime":1681757607,"views":14,"p1id":"upswinging","p2id":"tinglusing","formatid":"gen9vgc2023regulationc","rating":1565,"private":0,"password":""}