{"id":"gen9vgc2023regulationc-1854278076","p1":"Iwhw","p2":"hyija0910","format":"[Gen 9] VGC 2023 Regulation C","log":"|j|\u2606Iwhw\n|j|\u2606hyija0910\n|t:|1682791776\n|gametype|doubles\n|player|p1|Iwhw|265|1000\n|player|p2|hyija0910|266|1077\n|teamsize|p1|6\n|teamsize|p2|6\n|gen|9\n|tier|[Gen 9] VGC 2023 Regulation C\n|rated|\n|rule|Species Clause: Limit one of each Pok\u00e9mon\n|rule|Item Clause: Limit one of each item\n|clearpoke\n|poke|p1|Primeape, L50, F|\n|poke|p1|Meowscarada, L50, M|\n|poke|p1|Flamigo, L50, M|\n|poke|p1|Indeedee-F, L50, F|\n|poke|p1|Murkrow, L50, M|\n|poke|p1|Flutter Mane, L50|\n|poke|p2|Tsareena, L50, F|\n|poke|p2|Masquerain, L50, M|\n|poke|p2|Brute Bonnet, L50|\n|poke|p2|Kingambit, L50, M|\n|poke|p2|Garchomp, L50, M|\n|poke|p2|Gardevoir, L50, F|\n|teampreview|4\n|inactive|Battle timer is ON: inactive players will automatically lose when time's up. (requested by hyija0910)\n|\n|t:|1682791800\n|start\n|switch|p1a: Primeape|Primeape, L50, F|100\/100\n|switch|p1b: Meowscarada|Meowscarada, L50, M|100\/100\n|switch|p2a: Gardevoir|Gardevoir, L50, F|100\/100\n|switch|p2b: Masquerain|Masquerain, L50, M|100\/100\n|-ability|p2b: Masquerain|Intimidate|boost\n|-unboost|p1a: Primeape|atk|1\n|-unboost|p1b: Meowscarada|atk|1\n|turn|1\n|inactive|Iwhw has 30 seconds left.\n|inactive|hyija0910 has 30 seconds left.\n|\n|t:|1682791832\n|-terastallize|p1a: Primeape|Fire\n|move|p1b: Meowscarada|Flower Trick|p1a: Primeape\n|-start|p1b: Meowscarada|typechange|Grass|[from] ability: Protean\n|-resisted|p1a: Primeape\n|-crit|p1a: Primeape\n|-damage|p1a: Primeape|81\/100\n|-setboost|p1a: Primeape|atk|6|[from] ability: Anger Point\n|move|p1a: Primeape|Rage Fist|p2a: Gardevoir\n|-supereffective|p2a: Gardevoir\n|-damage|p2a: Gardevoir|0 fnt\n|faint|p2a: Gardevoir\n|move|p2b: Masquerain|Tailwind|p2b: Masquerain\n|-sidestart|p2: hyija0910|move: Tailwind\n|\n|upkeep\n|\n|t:|1682791841\n|switch|p2a: Garchomp|Garchomp, L50, M|100\/100\n|turn|2\n|inactive|Iwhw has 30 seconds left.\n|\n|t:|1682791867\n|move|p1a: Primeape|Protect|p1a: Primeape\n|-singleturn|p1a: Primeape|Protect\n|move|p2a: Garchomp|Earthquake|p1a: Primeape|[spread] p1b\n|-activate|p1a: Primeape|move: Protect\n|-immune|p2b: Masquerain\n|-resisted|p1b: Meowscarada\n|-damage|p1b: Meowscarada|66\/100\n|move|p2b: Masquerain|Blizzard|p1b: Meowscarada|[spread] p1b\n|-activate|p1a: Primeape|move: Protect\n|-supereffective|p1b: Meowscarada\n|-damage|p1b: Meowscarada|5\/100\n|move|p1b: Meowscarada|Taunt|p2b: Masquerain\n|-start|p2b: Masquerain|move: Taunt\n|\n|upkeep\n|turn|3\n|inactive|Iwhw has 30 seconds left.\n|inactive|Iwhw has 20 seconds left.\n|inactive|Iwhw has 15 seconds left.\n|inactive|Iwhw has 10 seconds left.\n|inactive|Iwhw has 5 seconds left.\n|\n|t:|1682791921\n|switch|p1b: Flamigo|Flamigo, L50, M|100\/100\n|-copyboost|p1b: Flamigo|p1a: Primeape|[from] ability: Costar\n|move|p2a: Garchomp|Earthquake|p1a: Primeape|[spread] p1a\n|-immune|p2b: Masquerain\n|-immune|p1b: Flamigo\n|-supereffective|p1a: Primeape\n|-damage|p1a: Primeape|0 fnt\n|faint|p1a: Primeape\n|move|p2b: Masquerain|Blizzard|p1b: Flamigo\n|-supereffective|p1b: Flamigo\n|-damage|p1b: Flamigo|3\/100\n|\n|-heal|p1b: Flamigo|9\/100|[from] item: Leftovers\n|upkeep\n|\n|t:|1682791943\n|switch|p1a: Indeedee|Indeedee-F, L50, F|100\/100\n|-fieldstart|move: Psychic Terrain|[from] ability: Psychic Surge|[of] p1a: Indeedee\n|turn|4\n|inactive|Iwhw has 30 seconds left.\n|\n|t:|1682791971\n|move|p1b: Flamigo|Protect|p1b: Flamigo\n|-singleturn|p1b: Flamigo|Protect\n|move|p1a: Indeedee|Follow Me|p1a: Indeedee\n|-singleturn|p1a: Indeedee|move: Follow Me\n|move|p2a: Garchomp|Earthquake|p1a: Indeedee|[spread] p1a\n|-activate|p1b: Flamigo|move: Protect\n|-immune|p2b: Masquerain\n|-damage|p1a: Indeedee|50\/100\n|move|p2b: Masquerain|Blizzard|p1b: Flamigo|[spread] p1a\n|-activate|p1b: Flamigo|move: Protect\n|-damage|p1a: Indeedee|26\/100\n|\n|-heal|p1b: Flamigo|14\/100|[from] item: Leftovers\n|-sideend|p2: hyija0910|move: Tailwind\n|upkeep\n|turn|5\n|inactive|Iwhw has 30 seconds left.\n|\n|t:|1682791998\n|switch|p2b: Tsareena|Tsareena, L50, F|100\/100\n|move|p1b: Flamigo|Brave Bird|p2b: Tsareena\n|-supereffective|p2b: Tsareena\n|-damage|p2b: Tsareena|0 fnt\n|faint|p2b: Tsareena\n|-damage|p1b: Flamigo|0 fnt|[from] Recoil\n|faint|p1b: Flamigo\n|move|p2a: Garchomp|Earthquake|p1a: Indeedee\n|-damage|p1a: Indeedee|0 fnt\n|faint|p1a: Indeedee\n|\n|upkeep\n|-message|Iwhw forfeited.\n|\n|win|hyija0910\n|raw|Iwhw's rating: 1000 → 1000<\/strong> (+0 for losing)\n|raw|hyija0910's rating: 1077 → 1099<\/strong> (+22 for winning)\n|l|\u2606Iwhw\n","uploadtime":1682792024,"views":17,"p1id":"iwhw","p2id":"hyija0910","formatid":"gen9vgc2023regulationc","rating":1000,"private":0,"password":""}