{"id":"gen9vgc2023regulationc-1859977423","p1":"Ilpiuatteso","p2":"Slender3008","format":"[Gen 9] VGC 2023 Regulation C","log":"|j|\u2606Ilpiuatteso\n|j|\u2606Slender3008\n|t:|1683581248\n|gametype|doubles\n|player|p1|Ilpiuatteso|fisherman-gen4|1042\n|player|p2|Slender3008|steven-gen6|1026\n|teamsize|p1|6\n|teamsize|p2|6\n|gen|9\n|tier|[Gen 9] VGC 2023 Regulation C\n|rated|\n|rule|Species Clause: Limit one of each Pok\u00e9mon\n|rule|Item Clause: Limit one of each item\n|clearpoke\n|poke|p1|Chien-Pao, L50|\n|poke|p1|Zangoose, L50, F|\n|poke|p1|Avalugg, L50, M|\n|poke|p1|Glimmora, L50, M|\n|poke|p1|Murkrow, L50, M|\n|poke|p1|Iron Hands, L50|\n|poke|p2|Gyarados, L50, M|\n|poke|p2|Iron Moth, L50|\n|poke|p2|Flutter Mane, L50|\n|poke|p2|Mabosstiff, L50, F|\n|poke|p2|Amoonguss, L50, F|\n|poke|p2|Dragapult, L50, M|\n|teampreview|4\n|inactive|Battle timer is ON: inactive players will automatically lose when time's up. (requested by Slender3008)\n|\n|t:|1683581271\n|start\n|switch|p1a: Murkrow|Murkrow, L50, M|100\/100\n|switch|p1b: Glimmora|Glimmora, L50, M|100\/100\n|switch|p2a: Flutter Mane|Flutter Mane, L50|100\/100\n|switch|p2b: Iron Moth|Iron Moth, L50|100\/100\n|-enditem|p2b: Iron Moth|Booster Energy\n|-activate|p2b: Iron Moth|ability: Quark Drive|[fromitem]\n|-start|p2b: Iron Moth|quarkdrivespe\n|turn|1\n|inactive|Ilpiuatteso has 30 seconds left.\n|\n|t:|1683581305\n|-terastallize|p1b: Glimmora|Grass\n|move|p1a: Murkrow|Tailwind|p1a: Murkrow\n|-sidestart|p1: Ilpiuatteso|move: Tailwind\n|move|p2b: Iron Moth|Acid Spray|p1a: Murkrow\n|-damage|p1a: Murkrow|79\/100\n|-unboost|p1a: Murkrow|spd|2\n|move|p1b: Glimmora|Earth Power|p2b: Iron Moth\n|-supereffective|p2b: Iron Moth\n|-damage|p2b: Iron Moth|0 fnt\n|faint|p2b: Iron Moth\n|-end|p2b: Iron Moth|Quark Drive|[silent]\n|move|p2a: Flutter Mane|Power Gem|p1a: Murkrow\n|-supereffective|p1a: Murkrow\n|-damage|p1a: Murkrow|0 fnt\n|faint|p1a: Murkrow\n|\n|upkeep\n|\n|t:|1683581324\n|switch|p2b: Gyatrados|Gyarados, L50, M, shiny|100\/100\n|switch|p1a: Zangoose|Zangoose, L50, F, shiny|100\/100\n|-ability|p2b: Gyatrados|Intimidate|boost\n|-unboost|p1a: Zangoose|atk|1\n|-unboost|p1b: Glimmora|atk|1\n|turn|2\n|inactive|Slender3008 has 30 seconds left.\n|inactive|Slender3008 has 20 seconds left.\n|\n|t:|1683581360\n|move|p1a: Zangoose|Protect|p1a: Zangoose\n|-singleturn|p1a: Zangoose|Protect\n|move|p1b: Glimmora|Earth Power|p2a: Flutter Mane\n|-damage|p2a: Flutter Mane|48\/100\n|move|p2a: Flutter Mane|Moonblast|p1a: Zangoose\n|-activate|p1a: Zangoose|move: Protect\n|move|p2b: Gyatrados|Taunt|p1b: Glimmora\n|-start|p1b: Glimmora|move: Taunt\n|\n|-status|p1a: Zangoose|tox|[from] item: Toxic Orb\n|upkeep\n|turn|3\n|inactive|Ilpiuatteso has 30 seconds left.\n|inactive|Slender3008 has 30 seconds left.\n|\n|t:|1683581387\n|move|p2a: Flutter Mane|Protect|p2a: Flutter Mane\n|-singleturn|p2a: Flutter Mane|Protect\n|move|p1a: Zangoose|Rock Slide|p2a: Flutter Mane|[spread] p2b\n|-activate|p2a: Flutter Mane|move: Protect\n|-supereffective|p2b: Gyatrados\n|-damage|p2b: Gyatrados|61\/100\n|move|p1b: Glimmora|Earth Power|p2a: Flutter Mane\n|-activate|p2a: Flutter Mane|move: Protect\n|move|p2b: Gyatrados|Thunder Wave|p1b: Glimmora\n|-status|p1b: Glimmora|par\n|\n|-damage|p1a: Zangoose|94\/100 tox|[from] psn\n|upkeep\n|turn|4\n|inactive|Ilpiuatteso has 30 seconds left.\n|inactive|Slender3008 has 30 seconds left.\n|\n|t:|1683581419\n|move|p1a: Zangoose|Facade|p2b: Gyatrados\n|-damage|p2b: Gyatrados|0 fnt\n|faint|p2b: Gyatrados\n|move|p2a: Flutter Mane|Moonblast|p1b: Glimmora\n|-damage|p1b: Glimmora|45\/100 par\n|move|p1b: Glimmora|Earth Power|p2a: Flutter Mane\n|-damage|p2a: Flutter Mane|0 fnt\n|faint|p2a: Flutter Mane\n|-end|p2a: Flutter Mane|Protosynthesis|[silent]\n|\n|-damage|p1a: Zangoose|82\/100 tox|[from] psn\n|-sideend|p1: Ilpiuatteso|move: Tailwind\n|upkeep\n|\n|t:|1683581428\n|switch|p2b: Dragapult|Dragapult, L50, M|100\/100\n|turn|5\n|\n|t:|1683581452\n|move|p1a: Zangoose|Protect|p1a: Zangoose\n|-singleturn|p1a: Zangoose|Protect\n|move|p2b: Dragapult|Dragon Darts|p1b: Glimmora\n|-damage|p1b: Glimmora|8\/100 par\n|-activate|p1b: Glimmora|ability: Toxic Debris\n|-sidestart|p2: Slender3008|move: Toxic Spikes\n|-anim|p2b: Dragapult|Dragon Darts|p1b: Glimmora\n|-damage|p1b: Glimmora|0 fnt\n|-activate|p1b: Glimmora|ability: Toxic Debris\n|-sidestart|p2: Slender3008|move: Toxic Spikes\n|faint|p1b: Glimmora\n|\n|-damage|p1a: Zangoose|64\/100 tox|[from] psn\n|upkeep\n|\n|t:|1683581466\n|switch|p1b: Iron Hands|Iron Hands, L50|100\/100\n|turn|6\n|\n|t:|1683581483\n|move|p2b: Dragapult|Dragon Darts|p1a: Zangoose\n|-damage|p1a: Zangoose|3\/100 tox\n|-anim|p2b: Dragapult|Dragon Darts|p1b: Iron Hands\n|-damage|p1b: Iron Hands|76\/100\n|move|p1a: Zangoose|Rock Slide|p2b: Dragapult|[miss]\n|-miss|p1a: Zangoose|p2b: Dragapult\n|move|p1b: Iron Hands|Wild Charge|p2b: Dragapult\n|-resisted|p2b: Dragapult\n|-damage|p2b: Dragapult|63\/100\n|-damage|p1b: Iron Hands|69\/100|[from] Recoil\n|\n|-damage|p1a: Zangoose|0 fnt|[from] psn\n|faint|p1a: Zangoose\n|upkeep\n|turn|7\n|\n|t:|1683581504\n|move|p2b: Dragapult|Dragon Darts|p1b: Iron Hands\n|-damage|p1b: Iron Hands|43\/100\n|-anim|p2b: Dragapult|Dragon Darts|p1b: Iron Hands\n|-damage|p1b: Iron Hands|18\/100\n|move|p1b: Iron Hands|Heavy Slam|p2b: Dragapult\n|-damage|p2b: Dragapult|4\/100\n|\n|upkeep\n|turn|8\n|-message|Ilpiuatteso forfeited.\n|\n|win|Slender3008\n|raw|Ilpiuatteso's rating: 1042 → 1025<\/strong> (-17 for losing)\n|raw|Slender3008's rating: 1026 → 1064<\/strong> (+38 for winning)\n|l|\u2606Ilpiuatteso\n|c|\u2606Slender3008|gg\n","uploadtime":1683581525,"views":9,"p1id":"ilpiuatteso","p2id":"slender3008","formatid":"gen9vgc2023regulationc","rating":1025,"private":0,"password":""}