{"id":"gen9vgc2023regulationc-1852045770","p1":"DarthIgnus","p2":"NicoHaxVGC","format":"[Gen 9] VGC 2023 Regulation C","log":"|j|\u2606DarthIgnus\n|j|\u2606NicoHaxVGC\n|t:|1682519606\n|gametype|doubles\n|player|p1|DarthIgnus|169|1283\n|player|p2|NicoHaxVGC|red|1341\n|teamsize|p1|6\n|teamsize|p2|6\n|gen|9\n|tier|[Gen 9] VGC 2023 Regulation C\n|rated|\n|rule|Species Clause: Limit one of each Pok\u00e9mon\n|rule|Item Clause: Limit one of each item\n|clearpoke\n|poke|p1|Arcanine, L50, F|\n|poke|p1|Amoonguss, L50, F|\n|poke|p1|Palafin, L50, M|\n|poke|p1|Kingambit, L50, F|\n|poke|p1|Dragonite, L50, M|\n|poke|p1|Flutter Mane, L50|\n|poke|p2|Corviknight, L50, M|\n|poke|p2|Annihilape, L50, M|\n|poke|p2|Amoonguss, L50, F|\n|poke|p2|Ting-Lu, L50|\n|poke|p2|Flutter Mane, L50|\n|poke|p2|Iron Bundle, L50|\n|teampreview|4\n|inactive|Battle timer is ON: inactive players will automatically lose when time's up. (requested by NicoHaxVGC)\nDarthIgnus has agreed to open team sheets.\n|inactive|DarthIgnus has 60 seconds left.\n|inactive|NicoHaxVGC has 60 seconds left.\n|inactive|DarthIgnus has 30 seconds left.\n|\n|t:|1682519676\n|start\n|switch|p1a: Dragonite|Dragonite, L50, M|100\/100\n|switch|p1b: Kingambit|Kingambit, L50, F|100\/100\n|switch|p2a: Robin|Annihilape, L50, M|100\/100\n|switch|p2b: Raven|Corviknight, L50, M|100\/100\n|turn|1\n|inactive|DarthIgnus has 30 seconds left.\n|\n|t:|1682519706\n|-terastallize|p2a: Robin|Fire\n|-terastallize|p1a: Dragonite|Flying\n|move|p2a: Robin|Bulk Up|p2a: Robin\n|-boost|p2a: Robin|atk|1\n|-boost|p2a: Robin|def|1\n|move|p1a: Dragonite|Tera Blast|p2a: Robin\n|-damage|p2a: Robin|54\/100\n|move|p2b: Raven|Tailwind|p2b: Raven\n|-sidestart|p2: NicoHaxVGC|move: Tailwind\n|move|p1b: Kingambit|Swords Dance|p1b: Kingambit\n|-boost|p1b: Kingambit|atk|2\n|\n|-heal|p2a: Robin|61\/100|[from] item: Leftovers\n|upkeep\n|turn|2\n|\n|t:|1682519731\n|switch|p2b: Terra|Amoonguss, L50, F|100\/100\n|move|p1a: Dragonite|Extreme Speed|p2a: Robin\n|-damage|p2a: Robin|37\/100\n|move|p1b: Kingambit|Sucker Punch|p2a: Robin\n|-damage|p2a: Robin|0 fnt\n|faint|p2a: Robin\n|\n|upkeep\n|\n|t:|1682519742\n|switch|p2a: Raven|Corviknight, L50, M|100\/100\n|turn|3\n|inactive|NicoHaxVGC has 30 seconds left.\n|\n|t:|1682519768\n|move|p1b: Kingambit|Protect|p1b: Kingambit\n|-singleturn|p1b: Kingambit|Protect\n|move|p2a: Raven|Iron Head|p1a: Dragonite\n|-damage|p1a: Dragonite|74\/100\n|move|p1a: Dragonite|Tera Blast|p2b: Terra\n|-supereffective|p2b: Terra\n|-damage|p2b: Terra|6\/100\n|-enditem|p2b: Terra|Sitrus Berry|[eat]\n|-heal|p2b: Terra|30\/100|[from] item: Sitrus Berry\n|move|p2b: Terra|Spore|p1a: Dragonite\n|-status|p1a: Dragonite|slp|[from] move: Spore\n|\n|upkeep\n|turn|4\n|inactive|DarthIgnus has 30 seconds left.\n|inactive|DarthIgnus has 20 seconds left.\n|\n|t:|1682519806\n|switch|p2b: Star fire|Flutter Mane, L50|100\/100\n|move|p1b: Kingambit|Sucker Punch|p2a: Raven\n|-damage|p2a: Raven|31\/100\n|move|p2a: Raven|Iron Head|p1a: Dragonite\n|-crit|p1a: Dragonite\n|-damage|p1a: Dragonite|32\/100 slp\n|cant|p1a: Dragonite|slp\n|\n|-sideend|p2: NicoHaxVGC|move: Tailwind\n|upkeep\n|turn|5\n|\n|t:|1682519824\n|switch|p1a: Amoonguss|Amoonguss, L50, F|100\/100\n|switch|p2a: Terra|Amoonguss, L50, F|64\/100\n|move|p1b: Kingambit|Sucker Punch|p2b: Star fire\n|-damage|p2b: Star fire|0 fnt\n|faint|p2b: Star fire\n|-end|p2b: Star fire|Protosynthesis|[silent]\n|\n|upkeep\n|\n|t:|1682519835\n|switch|p2b: Raven|Corviknight, L50, M|31\/100\n|turn|6\n|\n|t:|1682519853\n|switch|p1a: Arcanine|Arcanine, L50, F|100\/100\n|-ability|p1a: Arcanine|Intimidate|boost\n|-unboost|p2a: Terra|atk|1\n|-ability|p2b: Raven|Mirror Armor\n|-unboost|p1a: Arcanine|atk|1\n|move|p1b: Kingambit|Protect|p1b: Kingambit\n|-singleturn|p1b: Kingambit|Protect\n|move|p2a: Terra|Rage Powder|p2a: Terra\n|-singleturn|p2a: Terra|move: Rage Powder\n|move|p2b: Raven|Brave Bird|p1a: Arcanine\n|-damage|p1a: Arcanine|58\/100\n|-damage|p2b: Raven|17\/100|[from] Recoil\n|\n|upkeep\n|turn|7\n|\n|t:|1682519876\n|move|p1a: Arcanine|Flare Blitz|p2a: Terra\n|-supereffective|p2a: Terra\n|-damage|p2a: Terra|16\/100\n|-damage|p1a: Arcanine|41\/100|[from] Recoil\n|move|p2b: Raven|Roost|p2b: Raven\n|-heal|p2b: Raven|67\/100\n|-singleturn|p2b: Raven|move: Roost\n|move|p1b: Kingambit|Kowtow Cleave|p2b: Raven\n|-damage|p2b: Raven|0 fnt\n|faint|p2b: Raven\n|move|p2a: Terra|Spore|p1b: Kingambit\n|-status|p1b: Kingambit|slp|[from] move: Spore\n|-enditem|p1b: Kingambit|Lum Berry|[eat]\n|-curestatus|p1b: Kingambit|slp|[msg]\n|\n|upkeep\n|turn|8\n|\n|t:|1682519894\n|move|p2a: Terra|Rage Powder|p2a: Terra\n|-singleturn|p2a: Terra|move: Rage Powder\n|move|p1a: Arcanine|Flare Blitz|p2a: Terra\n|-supereffective|p2a: Terra\n|-damage|p2a: Terra|0 fnt\n|faint|p2a: Terra\n|-damage|p1a: Arcanine|35\/100|[from] Recoil\n|\n|win|DarthIgnus\n|raw|DarthIgnus's rating: 1283 → 1312<\/strong> (+29 for winning)\n|raw|NicoHaxVGC's rating: 1341 → 1318<\/strong> (-23 for losing)\n|c|\u2606NicoHaxVGC|ggwp\n","uploadtime":1682519908,"views":16,"p1id":"darthignus","p2id":"nicohaxvgc","formatid":"gen9vgc2023regulationc","rating":1312,"private":0,"password":""}