{"id":"gen9vgc2023regulationc-1863629799","p1":"Finally I did it","p2":"Zydroxequil","format":"[Gen 9] VGC 2023 Regulation C","log":"|j|\u2606Finally I did it\n|j|\u2606Zydroxequil\n|t:|1684046994\n|gametype|doubles\n|player|p1|Finally I did it|twins-gen4dp|1307\n|player|p2|Zydroxequil|psychic-gen4|1258\n|teamsize|p1|6\n|teamsize|p2|6\n|gen|9\n|tier|[Gen 9] VGC 2023 Regulation C\n|rated|\n|rule|Species Clause: Limit one of each Pok\u00e9mon\n|rule|Item Clause: Limit one of each item\n|clearpoke\n|poke|p1|Garchomp, L50, M|\n|poke|p1|Tyranitar, L50, M|\n|poke|p1|Wo-Chien, L50|\n|poke|p1|Flutter Mane, L50|\n|poke|p1|Glimmora, L50, F|\n|poke|p1|Gyarados, L50, M|\n|poke|p2|Flutter Mane, L50|\n|poke|p2|Gyarados, L50, F|\n|poke|p2|Tyranitar, L50, F|\n|poke|p2|Garchomp, L50, F|\n|poke|p2|Talonflame, L50, F|\n|poke|p2|Glimmora, L50, F|\n|teampreview|4\n|inactive|Battle timer is ON: inactive players will automatically lose when time's up. (requested by Zydroxequil)\n|\n|t:|1684047078\n|start\n|switch|p1a: Glimmora|Glimmora, L50, F|100\/100\n|switch|p1b: Garchomp|Garchomp, L50, M|100\/100\n|switch|p2a: Saber|Garchomp, L50, F|100\/100\n|switch|p2b: Lancer|Glimmora, L50, F, shiny|100\/100\n|turn|1\n|c|\u2606Finally I did it|lol\n|c|\u2606Zydroxequil|hmm\n|inactive|Finally I did it has 30 seconds left.\n|inactive|Zydroxequil has 30 seconds left.\n|inactive|Finally I did it has 20 seconds left.\n|\n|t:|1684047115\n|-terastallize|p1a: Glimmora|Flying\n|move|p2b: Lancer|Spiky Shield|p2b: Lancer\n|-singleturn|p2b: Lancer|move: Protect\n|move|p2a: Saber|Earthquake|p1b: Garchomp|[spread] p1b\n|-activate|p2b: Lancer|move: Protect\n|-immune|p1a: Glimmora\n|-damage|p1b: Garchomp|64\/100\n|move|p1b: Garchomp|Earthquake|p2a: Saber|[spread] p2a\n|-activate|p2b: Lancer|move: Protect\n|-immune|p1a: Glimmora\n|-damage|p2a: Saber|59\/100\n|move|p1a: Glimmora|Sludge Bomb|p2a: Saber\n|-resisted|p2a: Saber\n|-damage|p2a: Saber|37\/100\n|\n|upkeep\n|turn|2\n|inactive|Finally I did it has 30 seconds left.\n|inactive|Zydroxequil has 30 seconds left.\n|\n|t:|1684047147\n|-terastallize|p2b: Lancer|Grass\n|move|p1b: Garchomp|Protect|p1b: Garchomp\n|-singleturn|p1b: Garchomp|Protect\n|move|p2a: Saber|Rock Slide|p1b: Garchomp|[spread] p1a\n|-activate|p1b: Garchomp|move: Protect\n|-supereffective|p1a: Glimmora\n|-damage|p1a: Glimmora|62\/100\n|-activate|p1a: Glimmora|ability: Toxic Debris\n|-sidestart|p2: Zydroxequil|move: Toxic Spikes\n|move|p2b: Lancer|Mortal Spin|p1a: Glimmora|[spread] p1a\n|-activate|p1b: Garchomp|move: Protect\n|-damage|p1a: Glimmora|57\/100\n|-status|p1a: Glimmora|psn\n|-activate|p1a: Glimmora|ability: Toxic Debris\n|-sidestart|p2: Zydroxequil|move: Toxic Spikes\n|-sideend|p2: Zydroxequil|Toxic Spikes|[from] move: Mortal Spin|[of] p2b: Lancer\n|move|p1a: Glimmora|Sludge Bomb|p2a: Saber\n|-resisted|p2a: Saber\n|-damage|p2a: Saber|16\/100\n|\n|-damage|p1a: Glimmora|45\/100 psn|[from] psn\n|upkeep\n|turn|3\n|inactive|Finally I did it has 30 seconds left.\n|inactive|Zydroxequil has 30 seconds left.\n|inactive|Finally I did it has 20 seconds left.\n|inactive|Zydroxequil has 20 seconds left.\n|\n|t:|1684047184\n|switch|p2b: Archer|Gyarados, L50, F, shiny|100\/100\n|-ability|p2b: Archer|Intimidate|boost\n|-unboost|p1a: Glimmora|atk|1\n|-unboost|p1b: Garchomp|atk|1\n|move|p2a: Saber|Protect|p2a: Saber\n|-singleturn|p2a: Saber|Protect\n|move|p1b: Garchomp|Earthquake|p2b: Archer|[spread] \n|-activate|p2a: Saber|move: Protect\n|-immune|p1a: Glimmora\n|-immune|p2b: Archer\n|move|p1a: Glimmora|Sludge Bomb|p2b: Archer\n|-damage|p2b: Archer|71\/100\n|\n|-damage|p1a: Glimmora|33\/100 psn|[from] psn\n|upkeep\n|turn|4\n|inactive|Zydroxequil has 30 seconds left.\n|inactive|Zydroxequil has 20 seconds left.\n|\n|t:|1684047221\n|switch|p2a: Lancer|Glimmora, L50, F, shiny, tera:Grass|100\/100\n|switch|p1b: Gyarados|Gyarados, L50, M|100\/100\n|-ability|p1b: Gyarados|Intimidate|boost\n|-unboost|p2a: Lancer|atk|1\n|-unboost|p2b: Archer|atk|1\n|move|p2b: Archer|Waterfall|p1a: Glimmora\n|-damage|p1a: Glimmora|11\/100 psn\n|-activate|p1a: Glimmora|ability: Toxic Debris\n|-sidestart|p2: Zydroxequil|move: Toxic Spikes\n|move|p1a: Glimmora|Mortal Spin|p2a: Lancer|[spread] p2a,p2b\n|-supereffective|p2a: Lancer\n|-damage|p2a: Lancer|96\/100\n|-damage|p2b: Archer|68\/100\n|-status|p2a: Lancer|psn\n|-status|p2b: Archer|psn\n|-activate|p2a: Lancer|ability: Toxic Debris\n|-sidestart|p1: Finally I did it|move: Toxic Spikes\n|-sideend|p1: Finally I did it|Toxic Spikes|[from] move: Mortal Spin|[of] p1a: Glimmora\n|\n|-damage|p2b: Archer|55\/100 psn|[from] psn\n|-damage|p2a: Lancer|84\/100 psn|[from] psn\n|-damage|p1a: Glimmora|0 fnt|[from] psn\n|faint|p1a: Glimmora\n|upkeep\n|inactive|Finally I did it has 30 seconds left.\n|\n|t:|1684047250\n|switch|p1a: Garchomp|Garchomp, L50, M|64\/100\n|turn|5\n|inactive|Finally I did it has 30 seconds left.\n|inactive|Zydroxequil has 30 seconds left.\n|inactive|Zydroxequil has 20 seconds left.\n|inactive|Zydroxequil has 15 seconds left.\n|\n|t:|1684047293\n|move|p2b: Archer|Protect|p2b: Archer\n|-singleturn|p2b: Archer|Protect\n|move|p1b: Gyarados|Protect|p1b: Gyarados\n|-singleturn|p1b: Gyarados|Protect\n|move|p1a: Garchomp|Swords Dance|p1a: Garchomp\n|-boost|p1a: Garchomp|atk|2\n|move|p2a: Lancer|Mortal Spin|p1b: Gyarados|[spread] p1a\n|-activate|p1b: Gyarados|move: Protect\n|-resisted|p1a: Garchomp\n|-damage|p1a: Garchomp|63\/100\n|-status|p1a: Garchomp|psn\n|-sideend|p2: Zydroxequil|Toxic Spikes|[from] move: Mortal Spin|[of] p2a: Lancer\n|\n|-damage|p1a: Garchomp|50\/100 psn|[from] psn\n|-damage|p2a: Lancer|72\/100 psn|[from] psn\n|-damage|p2b: Archer|43\/100 psn|[from] psn\n|upkeep\n|turn|6\n|inactive|Finally I did it has 30 seconds left.\n|inactive|Zydroxequil has 30 seconds left.\n|\n|t:|1684047320\n|move|p1a: Garchomp|Dragon Claw|p2b: Archer\n|-damage|p2b: Archer|0 fnt\n|faint|p2b: Archer\n|move|p2a: Lancer|Energy Ball|p1a: Garchomp\n|-damage|p1a: Garchomp|5\/100 psn\n|move|p1b: Gyarados|Iron Head|p2a: Lancer\n|-damage|p2a: Lancer|47\/100 psn\n|-activate|p2a: Lancer|ability: Toxic Debris\n|-sidestart|p1: Finally I did it|move: Toxic Spikes\n|-enditem|p2a: Lancer|Sitrus Berry|[eat]\n|-heal|p2a: Lancer|72\/100 psn|[from] item: Sitrus Berry\n|\n|-damage|p1a: Garchomp|0 fnt|[from] psn\n|faint|p1a: Garchomp\n|-damage|p2a: Lancer|60\/100 psn|[from] psn\n|upkeep\n|\n|t:|1684047337\n|switch|p1a: Wo-Chien|Wo-Chien, L50|100\/100\n|switch|p2b: Saber|Garchomp, L50, F|16\/100\n|-status|p1a: Wo-Chien|psn\n|-ability|p1a: Wo-Chien|Tablets of Ruin\n|turn|7\n|inactive|Finally I did it has 30 seconds left.\n|\n|t:|1684047368\n|move|p2b: Saber|Rock Slide|p1a: Wo-Chien|[spread] p1a,p1b\n|-supereffective|p1b: Gyarados\n|-damage|p1a: Wo-Chien|87\/100 psn\n|-damage|p1b: Gyarados|73\/100\n|move|p2a: Lancer|Mortal Spin|p1a: Wo-Chien|[spread] p1a,p1b\n|-supereffective|p1a: Wo-Chien\n|-damage|p1a: Wo-Chien|83\/100 psn\n|-damage|p1b: Gyarados|71\/100\n|-status|p1b: Gyarados|psn\n|move|p1b: Gyarados|Iron Head|p2b: Saber\n|-damage|p2b: Saber|0 fnt\n|faint|p2b: Saber\n|cant|p1a: Wo-Chien|flinch\n|\n|-heal|p1a: Wo-Chien|89\/100 psn|[from] item: Leftovers\n|-damage|p2a: Lancer|48\/100 psn|[from] psn\n|-damage|p1b: Gyarados|58\/100 psn|[from] psn\n|-damage|p1a: Wo-Chien|77\/100 psn|[from] psn\n|upkeep\n|\n|t:|1684047379\n|switch|p2b: Caster|Flutter Mane, L50|100\/100\n|-enditem|p2b: Caster|Booster Energy\n|-activate|p2b: Caster|ability: Protosynthesis|[fromitem]\n|-start|p2b: Caster|protosynthesisspa\n|turn|8\n|inactive|Finally I did it has 30 seconds left.\n|\n|t:|1684047406\n|move|p1a: Wo-Chien|Protect|p1a: Wo-Chien\n|-singleturn|p1a: Wo-Chien|Protect\n|move|p2b: Caster|Dazzling Gleam|p1a: Wo-Chien|[spread] p1b\n|-activate|p1a: Wo-Chien|move: Protect\n|-damage|p1b: Gyarados|21\/100 psn\n|move|p2a: Lancer|Energy Ball|p1b: Gyarados\n|-damage|p1b: Gyarados|0 fnt\n|faint|p1b: Gyarados\n|\n|-heal|p1a: Wo-Chien|83\/100 psn|[from] item: Leftovers\n|-damage|p2a: Lancer|35\/100 psn|[from] psn\n|-damage|p1a: Wo-Chien|70\/100 psn|[from] psn\n|upkeep\n|turn|9\n|\n|t:|1684047423\n|move|p2b: Caster|Dazzling Gleam|p1a: Wo-Chien\n|-supereffective|p1a: Wo-Chien\n|-damage|p1a: Wo-Chien|0 fnt\n|faint|p1a: Wo-Chien\n|\n|win|Zydroxequil\n|raw|Finally I did it's rating: 1307 → 1284<\/strong> (-23 for losing)\n|raw|Zydroxequil's rating: 1258 → 1287<\/strong> (+29 for winning)\n|l|\u2606Finally I did it\n|c|\u2606Zydroxequil|gg\n","uploadtime":1684047433,"views":8,"p1id":"finallyididit","p2id":"zydroxequil","formatid":"gen9vgc2023regulationc","rating":1284,"private":0,"password":""}