{"id":"gen9vgc2023regulationc-1846677283","p1":"hangentori","p2":"Ace Trainer Lego","format":"[Gen 9] VGC 2023 Regulation C","log":"|j|\u2606hangentori\n|j|\u2606Ace Trainer Lego\n|t:|1681864731\n|gametype|doubles\n|player|p1|hangentori|picnicker|\n|player|p2|Ace Trainer Lego|miriam|\n|teamsize|p1|6\n|teamsize|p2|6\n|gen|9\n|tier|[Gen 9] VGC 2023 Regulation C\n|rule|Species Clause: Limit one of each Pok\u00e9mon\n|rule|Item Clause: Limit one of each item\n|clearpoke\n|poke|p1|Talonflame, L50, M|\n|poke|p1|Garchomp, L50, M|\n|poke|p1|Flutter Mane, L50|\n|poke|p1|Iron Bundle, L50|\n|poke|p1|Ditto, L50|\n|poke|p1|Chien-Pao, L50|\n|poke|p2|Chi-Yu, L50|\n|poke|p2|Stonjourner, L50, M|\n|poke|p2|Dachsbun, L50, F|\n|poke|p2|Ceruledge, L50, F|\n|poke|p2|Baxcalibur, L50, F|\n|poke|p2|Roaring Moon, L50|\n|teampreview|4\nAce Trainer Lego has agreed to open team sheets.\n|\n|t:|1681864836\n|start\n|switch|p1a: Garchomp|Garchomp, L50, M|100\/100\n|switch|p1b: Ditto|Ditto, L50|100\/100\n|switch|p2a: Rawr|Roaring Moon, L50|100\/100\n|switch|p2b: GGGSK|Baxcalibur, L50, F|100\/100\n|-transform|p1b: Ditto|p2a: Rawr|[from] ability: Imposter\n|-enditem|p2a: Rawr|Booster Energy\n|-activate|p2a: Rawr|ability: Protosynthesis|[fromitem]\n|-start|p2a: Rawr|protosynthesisatk\n|turn|1\n|\n|t:|1681864904\n|-terastallize|p1a: Garchomp|Fire\n|move|p2b: GGGSK|Ice Shard|p1a: Garchomp\n|-resisted|p1a: Garchomp\n|-damage|p1a: Garchomp|87\/100\n|move|p1b: Ditto|Tailwind|p1b: Ditto\n|-sidestart|p1: hangentori|move: Tailwind\n|move|p1a: Garchomp|Dragon Claw|p2b: GGGSK\n|-supereffective|p2b: GGGSK\n|-damage|p2b: GGGSK|13\/100\n|-damage|p1a: Garchomp|77\/100|[from] item: Life Orb\n|move|p2a: Rawr|Tailwind|p2a: Rawr\n|-sidestart|p2: Ace Trainer Lego|move: Tailwind\n|\n|upkeep\n|turn|2\n|\n|t:|1681864945\n|-end|p1b: Ditto|Protosynthesis|[silent]\n|switch|p1b: Chien-Pao|Chien-Pao, L50|100\/100\n|-ability|p1b: Chien-Pao|Sword of Ruin\n|move|p2b: GGGSK|Ice Shard|p1b: Chien-Pao\n|-resisted|p1b: Chien-Pao\n|-damage|p1b: Chien-Pao|84\/100\n|move|p1a: Garchomp|Dragon Claw|p2a: Rawr\n|-supereffective|p2a: Rawr\n|-damage|p2a: Rawr|0 fnt\n|faint|p2a: Rawr\n|-end|p2a: Rawr|Protosynthesis|[silent]\n|-damage|p1a: Garchomp|67\/100|[from] item: Life Orb\n|\n|upkeep\n|\n|t:|1681864954\n|switch|p2a: Blub|Chi-Yu, L50|100\/100\n|-ability|p2a: Blub|Beads of Ruin\n|turn|3\n|\n|t:|1681864999\n|move|p1b: Chien-Pao|Protect|p1b: Chien-Pao\n|-singleturn|p1b: Chien-Pao|Protect\n|move|p2a: Blub|Lava Plume|p1b: Chien-Pao|[spread] p2b,p1a\n|-activate|p1b: Chien-Pao|move: Protect\n|-resisted|p1a: Garchomp\n|-damage|p2b: GGGSK|0 fnt\n|-damage|p1a: Garchomp|42\/100\n|faint|p2b: GGGSK\n|move|p1a: Garchomp|Earthquake|p2a: Blub|[spread] p2a\n|-activate|p1b: Chien-Pao|move: Protect\n|-supereffective|p2a: Blub\n|-damage|p2a: Blub|0 fnt\n|faint|p2a: Blub\n|-damage|p1a: Garchomp|32\/100|[from] item: Life Orb\n|\n|upkeep\n|\n|t:|1681865033\n|switch|p2a: XD|Stonjourner, L50, M, shiny|100\/100\n|turn|4\n|\n|t:|1681865058\n|-terastallize|p2a: XD|Ghost\n|move|p1b: Chien-Pao|Ice Spinner|p2a: XD\n|-damage|p2a: XD|61\/100\n|move|p1a: Garchomp|Dragon Claw|p2a: XD\n|-damage|p2a: XD|7\/100\n|-damage|p1a: Garchomp|22\/100|[from] item: Life Orb\n|move|p2a: XD|Rock Slide|p1a: Garchomp|[spread] p1a,p1b\n|-supereffective|p1a: Garchomp\n|-supereffective|p1b: Chien-Pao\n|-damage|p1a: Garchomp|0 fnt\n|-damage|p1b: Chien-Pao|7\/100\n|faint|p1a: Garchomp\n|\n|-sideend|p2: Ace Trainer Lego|move: Tailwind\n|-sideend|p1: hangentori|move: Tailwind\n|upkeep\n|\n|t:|1681865075\n|switch|p1a: Flutter Mane|Flutter Mane, L50|100\/100\n|turn|5\n|-message|Ace Trainer Lego forfeited.\n|\n|win|hangentori\n|l|\u2606Ace Trainer Lego\n","uploadtime":1681865133,"views":13,"p1id":"hangentori","p2id":"acetrainerlego","formatid":"gen9vgc2023regulationc","rating":0,"private":0,"password":""}