{"id":"gen9vgc2023regulationc-1848690284","p1":"jashon12","p2":"DrSleepyDog","format":"[Gen 9] VGC 2023 Regulation C","log":"|j|\u2606jashon12\n|j|\u2606DrSleepyDog\n|t:|1682101120\n|gametype|doubles\n|player|p1|jashon12|1|1260\n|player|p2|DrSleepyDog|101|1210\n|teamsize|p1|6\n|teamsize|p2|6\n|gen|9\n|tier|[Gen 9] VGC 2023 Regulation C\n|rated|\n|rule|Species Clause: Limit one of each Pok\u00e9mon\n|rule|Item Clause: Limit one of each item\n|clearpoke\n|poke|p1|Dondozo, L50, F|\n|poke|p1|Dragonite, L50, M|\n|poke|p1|Tatsugiri, L50, M|\n|poke|p1|Iron Bundle, L50|\n|poke|p1|Glimmora, L50, F|\n|poke|p1|Chien-Pao, L50|\n|poke|p2|Sandy Shocks, L50|\n|poke|p2|Chi-Yu, L50|\n|poke|p2|Espathra, L50, M|\n|poke|p2|Palafin, L50, M|\n|poke|p2|Amoonguss, L50, F|\n|poke|p2|Kingambit, L50, M|\n|teampreview|4\n|inactive|Battle timer is ON: inactive players will automatically lose when time's up. (requested by DrSleepyDog)\nDrSleepyDog has agreed to open team sheets.\n|inactive|DrSleepyDog has 60 seconds left.\n|inactive|DrSleepyDog has 30 seconds left.\n|\n|t:|1682101181\n|start\n|switch|p1a: Glimmora|Glimmora, L50, F, shiny|100\/100\n|switch|p1b: Dragonite|Dragonite, L50, M|100\/100\n|switch|p2a: Palafin|Palafin, L50, M|100\/100\n|switch|p2b: Sandy Shocks|Sandy Shocks, L50|100\/100\n|-enditem|p2b: Sandy Shocks|Booster Energy\n|-activate|p2b: Sandy Shocks|ability: Protosynthesis|[fromitem]\n|-start|p2b: Sandy Shocks|protosynthesisspe\n|turn|1\n|inactive|jashon12 has 30 seconds left.\n|\n|t:|1682101215\n|detailschange|p2a: Palafin|Palafin-Hero, L50, M\n|switch|p2a: Chi-Yu|Chi-Yu, L50|100\/100\n|-ability|p2a: Chi-Yu|Beads of Ruin\n|-terastallize|p1b: Dragonite|Normal\n|move|p2b: Sandy Shocks|Earth Power|p1a: Glimmora\n|-supereffective|p1a: Glimmora\n|-damage|p1a: Glimmora|0 fnt\n|faint|p1a: Glimmora\n|move|p1b: Dragonite|Outrage|p2b: Sandy Shocks\n|-damage|p2b: Sandy Shocks|0 fnt\n|faint|p2b: Sandy Shocks\n|-end|p2b: Sandy Shocks|Protosynthesis|[silent]\n|\n|upkeep\n|\n|t:|1682101233\n|switch|p2b: Palafin|Palafin-Hero, L50, M|100\/100\n|switch|p1a: Dondozo|Dondozo, L50, F|100\/100\n|-activate|p2b: Palafin|ability: Zero to Hero\n|turn|2\n|inactive|DrSleepyDog has 30 seconds left.\n|\n|t:|1682101261\n|switch|p2a: Amoonguss|Amoonguss, L50, F|100\/100\n|move|p2b: Palafin|Protect|p2b: Palafin\n|-singleturn|p2b: Palafin|Protect\n|move|p1b: Dragonite|Outrage|p2b: Palafin|[from]lockedmove\n|-activate|p2b: Palafin|move: Protect\n|move|p1a: Dondozo|Wave Crash|p2a: Amoonguss\n|-resisted|p2a: Amoonguss\n|-damage|p2a: Amoonguss|80\/100\n|-damage|p1a: Dondozo|95\/100|[from] Recoil\n|\n|-heal|p1a: Dondozo|100\/100|[from] item: Leftovers\n|upkeep\n|turn|3\n|\n|t:|1682101279\n|move|p1a: Dondozo|Protect|p1a: Dondozo\n|-singleturn|p1a: Dondozo|Protect\n|move|p2b: Palafin|Jet Punch|p1b: Dragonite\n|-damage|p1b: Dragonite|80\/100\n|move|p1b: Dragonite|Outrage|p2b: Palafin\n|-damage|p2b: Palafin|21\/100\n|move|p2a: Amoonguss|Spore|p1a: Dondozo\n|-activate|p1a: Dondozo|move: Protect\n|\n|upkeep\n|turn|4\n|\n|t:|1682101297\n|-terastallize|p2b: Palafin|Water\n|move|p2b: Palafin|Waterfall|p1b: Dragonite\n|-damage|p1b: Dragonite|10\/100\n|move|p1b: Dragonite|Outrage|p2b: Palafin|[from]lockedmove\n|-damage|p2b: Palafin|0 fnt\n|faint|p2b: Palafin\n|move|p1a: Dondozo|Earthquake|p2a: Amoonguss|[spread] p1b,p2a\n|-damage|p1b: Dragonite|0 fnt\n|-damage|p2a: Amoonguss|65\/100\n|faint|p1b: Dragonite\n|move|p2a: Amoonguss|Pollen Puff|p2: Palafin|[notarget]\n|-fail|p2a: Amoonguss\n|\n|upkeep\n|\n|t:|1682101312\n|switch|p2b: Chi-Yu|Chi-Yu, L50|100\/100\n|switch|p1b: Tatsugiri|Tatsugiri, L50, M, shiny|100\/100\n|-activate|p1b: Tatsugiri|ability: Commander|[of] p1a: Dondozo\n|-boost|p1a: Dondozo|atk|2\n|-boost|p1a: Dondozo|spa|2\n|-boost|p1a: Dondozo|spe|2\n|-boost|p1a: Dondozo|def|2\n|-boost|p1a: Dondozo|spd|2\n|-ability|p2b: Chi-Yu|Beads of Ruin\n|turn|5\n|\n|t:|1682101331\n|move|p1a: Dondozo|Protect|p1a: Dondozo\n|-singleturn|p1a: Dondozo|Protect\n|move|p2b: Chi-Yu|Ruination|p1a: Dondozo\n|-activate|p1a: Dondozo|move: Protect\n|move|p2a: Amoonguss|Spore|p1a: Dondozo\n|-activate|p1a: Dondozo|move: Protect\n|\n|upkeep\n|turn|6\n|\n|t:|1682101341\n|move|p2b: Chi-Yu|Ruination|p1a: Dondozo\n|-damage|p1a: Dondozo|51\/100\n|move|p1a: Dondozo|Wave Crash|p2b: Chi-Yu\n|-supereffective|p2b: Chi-Yu\n|-damage|p2b: Chi-Yu|0 fnt\n|faint|p2b: Chi-Yu\n|-damage|p1a: Dondozo|34\/100|[from] Recoil\n|move|p2a: Amoonguss|Spore|p1a: Dondozo\n|-status|p1a: Dondozo|slp|[from] move: Spore\n|\n|-heal|p1a: Dondozo|40\/100 slp|[from] item: Leftovers\n|upkeep\n|turn|7\n|-message|DrSleepyDog forfeited.\n|\n|win|jashon12\n|raw|jashon12's rating: 1260 → 1281<\/strong> (+21 for winning)\n|raw|DrSleepyDog's rating: 1210 → 1189<\/strong> (-21 for losing)\n|l|\u2606DrSleepyDog\n","uploadtime":1682101373,"views":14,"p1id":"jashon12","p2id":"drsleepydog","formatid":"gen9vgc2023regulationc","rating":1189,"private":0,"password":""}