{"id":"gen9vgc2023regulationc-1847185508","p1":"LuizVentura","p2":"pokemon_and_beer","format":"[Gen 9] VGC 2023 Regulation C","log":"|j|\u2606LuizVentura\n|j|\u2606pokemon_and_beer\n|t:|1681926064\n|gametype|doubles\n|player|p1|LuizVentura|dawn|1419\n|player|p2|pokemon_and_beer|pryce|1515\n|teamsize|p1|6\n|teamsize|p2|6\n|gen|9\n|tier|[Gen 9] VGC 2023 Regulation C\n|rated|\n|rule|Species Clause: Limit one of each Pok\u00e9mon\n|rule|Item Clause: Limit one of each item\n|clearpoke\n|poke|p1|Arcanine, L50, M|\n|poke|p1|Amoonguss, L50, F|\n|poke|p1|Palafin, L50, F|\n|poke|p1|Flutter Mane, L50|\n|poke|p1|Annihilape, L50, M|\n|poke|p1|Ting-Lu, L50|\n|poke|p2|Abomasnow, L50, M|\n|poke|p2|Iron Bundle, L50|\n|poke|p2|Chi-Yu, L50|\n|poke|p2|Azumarill, L50, F|\n|poke|p2|Dragonite, L50, M|\n|poke|p2|Annihilape, L50, M|\n|teampreview|4\n|c|\u2606pokemon_and_beer|gl hf\n|inactive|Battle timer is ON: inactive players will automatically lose when time's up. (requested by pokemon_and_beer)\n|inactive|LuizVentura has 60 seconds left.\n|inactive|pokemon_and_beer has 60 seconds left.\n|\n|t:|1681926126\n|start\n|switch|p1a: Arcanine|Arcanine, L50, M|100\/100\n|switch|p1b: Annihilape|Annihilape, L50, M, shiny|100\/100\n|switch|p2a: Abomasnow|Abomasnow, L50, M|100\/100\n|switch|p2b: Iron Bundle|Iron Bundle, L50|100\/100\n|-ability|p1a: Arcanine|Intimidate|boost\n|-unboost|p2a: Abomasnow|atk|1\n|-unboost|p2b: Iron Bundle|atk|1\n|-weather|Snow|[from] ability: Snow Warning|[of] p2a: Abomasnow\n|-enditem|p2b: Iron Bundle|Booster Energy\n|-activate|p2b: Iron Bundle|ability: Quark Drive|[fromitem]\n|-start|p2b: Iron Bundle|quarkdrivespe\n|turn|1\n|\n|t:|1681926148\n|-terastallize|p1a: Arcanine|Water\n|-terastallize|p2a: Abomasnow|Water\n|move|p2b: Iron Bundle|Aurora Veil|p2b: Iron Bundle\n|-sidestart|p2: pokemon_and_beer|move: Aurora Veil\n|move|p1a: Arcanine|Flare Blitz|p2a: Abomasnow\n|-resisted|p2a: Abomasnow\n|-damage|p2a: Abomasnow|82\/100\n|-damage|p1a: Arcanine|94\/100|[from] Recoil\n|move|p1b: Annihilape|Drain Punch|p2b: Iron Bundle\n|-supereffective|p2b: Iron Bundle\n|-damage|p2b: Iron Bundle|61\/100\n|move|p2a: Abomasnow|Tera Blast|p1a: Arcanine\n|-resisted|p1a: Arcanine\n|-damage|p1a: Arcanine|76\/100\n|\n|-weather|Snow|[upkeep]\n|upkeep\n|turn|2\n|inactive|LuizVentura has 30 seconds left.\n|inactive|LuizVentura has 20 seconds left.\n|inactive|LuizVentura has 15 seconds left.\n|\n|t:|1681926189\n|-end|p2b: Iron Bundle|Quark Drive|[silent]\n|switch|p2b: Azumarill|Azumarill, L50, F|100\/100\n|switch|p1a: Amoonguss|Amoonguss, L50, F|100\/100\n|move|p1b: Annihilape|Bulk Up|p1b: Annihilape\n|-boost|p1b: Annihilape|atk|1\n|-boost|p1b: Annihilape|def|1\n|move|p2a: Abomasnow|Energy Ball|p1a: Amoonguss\n|-resisted|p1a: Amoonguss\n|-damage|p1a: Amoonguss|92\/100\n|\n|-weather|Snow|[upkeep]\n|upkeep\n|turn|3\n|inactive|LuizVentura has 30 seconds left.\n|inactive|LuizVentura has 20 seconds left.\n|\n|t:|1681926228\n|move|p1b: Annihilape|Protect|p1b: Annihilape\n|-singleturn|p1b: Annihilape|Protect\n|move|p2a: Abomasnow|Blizzard|p1b: Annihilape|[spread] p1a\n|-activate|p1b: Annihilape|move: Protect\n|-supereffective|p1a: Amoonguss\n|-damage|p1a: Amoonguss|29\/100\n|-enditem|p1a: Amoonguss|Sitrus Berry|[eat]\n|-heal|p1a: Amoonguss|53\/100|[from] item: Sitrus Berry\n|move|p2b: Azumarill|Play Rough|p1a: Amoonguss\n|-resisted|p1a: Amoonguss\n|-damage|p1a: Amoonguss|28\/100\n|move|p1a: Amoonguss|Spore|p2b: Azumarill\n|-status|p2b: Azumarill|slp|[from] move: Spore\n|-enditem|p2b: Azumarill|Lum Berry|[eat]\n|-curestatus|p2b: Azumarill|slp|[msg]\n|\n|-weather|Snow|[upkeep]\n|upkeep\n|turn|4\n|inactive|LuizVentura has 30 seconds left.\n|inactive|LuizVentura has 20 seconds left.\n|\n|t:|1681926264\n|switch|p1a: Arcanine|Arcanine, L50, M, tera:Water|76\/100\n|-ability|p1a: Arcanine|Intimidate|boost\n|-unboost|p2a: Abomasnow|atk|1\n|-unboost|p2b: Azumarill|atk|1\n|move|p1b: Annihilape|Rage Fist|p2b: Azumarill\n|-damage|p2b: Azumarill|76\/100\n|move|p2a: Abomasnow|Blizzard|p1b: Annihilape|[spread] p1a,p1b\n|-resisted|p1a: Arcanine\n|-damage|p1a: Arcanine|57\/100\n|-damage|p1b: Annihilape|74\/100\n|move|p2b: Azumarill|Play Rough|p1b: Annihilape\n|-supereffective|p1b: Annihilape\n|-damage|p1b: Annihilape|22\/100\n|\n|-weather|Snow|[upkeep]\n|-heal|p1b: Annihilape|28\/100|[from] item: Leftovers\n|upkeep\n|turn|5\n|inactive|LuizVentura has 30 seconds left.\n|inactive|pokemon_and_beer has 30 seconds left.\n|inactive|pokemon_and_beer has 20 seconds left.\n|\n|t:|1681926301\n|switch|p2b: Chi-Yu|Chi-Yu, L50|100\/100\n|-ability|p2b: Chi-Yu|Beads of Ruin\n|move|p1a: Arcanine|Protect|p1a: Arcanine\n|-singleturn|p1a: Arcanine|Protect\n|move|p1b: Annihilape|Protect|p1b: Annihilape\n|-singleturn|p1b: Annihilape|Protect\n|move|p2a: Abomasnow|Energy Ball|p1a: Arcanine\n|-activate|p1a: Arcanine|move: Protect\n|\n|-weather|none\n|-heal|p1b: Annihilape|34\/100|[from] item: Leftovers\n|-sideend|p2: pokemon_and_beer|move: Aurora Veil\n|upkeep\n|turn|6\n|inactive|LuizVentura has 30 seconds left.\n|inactive|LuizVentura has 20 seconds left.\n|inactive|LuizVentura has 15 seconds left.\n|\n|t:|1681926344\n|switch|p1a: Amoonguss|Amoonguss, L50, F|61\/100\n|move|p2b: Chi-Yu|Dark Pulse|p1b: Annihilape\n|-damage|p1b: Annihilape|0 fnt\n|faint|p1b: Annihilape\n|move|p2a: Abomasnow|Energy Ball|p1a: Amoonguss\n|-resisted|p1a: Amoonguss\n|-damage|p1a: Amoonguss|50\/100\n|\n|upkeep\n|\n|t:|1681926355\n|switch|p1b: Flutter Mane|Flutter Mane, L50|100\/100\n|turn|7\n|\n|t:|1681926371\n|switch|p2a: Iron Bundle|Iron Bundle, L50|61\/100\n|switch|p1a: Arcanine|Arcanine, L50, M, tera:Water|57\/100\n|-ability|p1a: Arcanine|Intimidate|boost\n|-unboost|p2a: Iron Bundle|atk|1\n|-unboost|p2b: Chi-Yu|atk|1\n|move|p2b: Chi-Yu|Dark Pulse|p1a: Arcanine\n|-damage|p1a: Arcanine|0 fnt\n|faint|p1a: Arcanine\n|move|p1b: Flutter Mane|Moonblast|p2a: Iron Bundle\n|-damage|p2a: Iron Bundle|0 fnt\n|faint|p2a: Iron Bundle\n|-end|p2a: Iron Bundle|Quark Drive|[silent]\n|\n|upkeep\n|\n|t:|1681926387\n|switch|p2a: Abomasnow|Abomasnow, L50, M, tera:Water|82\/100\n|switch|p1a: Amoonguss|Amoonguss, L50, F|83\/100\n|-weather|Snow|[from] ability: Snow Warning|[of] p2a: Abomasnow\n|turn|8\n|inactive|LuizVentura has 30 seconds left.\n|inactive|LuizVentura has 20 seconds left.\n|\n|t:|1681926424\n|move|p2b: Chi-Yu|Dark Pulse|p1b: Flutter Mane\n|-damage|p1b: Flutter Mane|38\/100\n|move|p1b: Flutter Mane|Moonblast|p2a: Abomasnow\n|-damage|p2a: Abomasnow|44\/100\n|move|p2a: Abomasnow|Blizzard|p1a: Amoonguss|[spread] p1a,p1b\n|-supereffective|p1a: Amoonguss\n|-damage|p1a: Amoonguss|0 fnt\n|-damage|p1b: Flutter Mane|0 fnt\n|faint|p1a: Amoonguss\n|faint|p1b: Flutter Mane\n|-end|p1b: Flutter Mane|Protosynthesis|[silent]\n|\n|win|pokemon_and_beer\n|raw|LuizVentura's rating: 1419 → 1404<\/strong> (-15 for losing)\n|raw|pokemon_and_beer's rating: 1515 → 1530<\/strong> (+15 for winning)\n|c|\u2606pokemon_and_beer|gg\n|l|\u2606LuizVentura\n","uploadtime":1681926441,"views":23,"p1id":"luizventura","p2id":"pokemonandbeer","formatid":"gen9vgc2023regulationc","rating":1404,"private":0,"password":""}