{"id":"gen9vgc2023regulationc-1847848644","p1":"justicethejust","p2":"Hadrian1917","format":"[Gen 9] VGC 2023 Regulation C","log":"|j|\u2606justicethejust\n|j|\u2606Hadrian1917\n|t:|1682006958\n|gametype|doubles\n|player|p1|justicethejust|pokemonranger|1270\n|player|p2|Hadrian1917|brock|1259\n|teamsize|p1|6\n|teamsize|p2|6\n|gen|9\n|tier|[Gen 9] VGC 2023 Regulation C\n|rated|\n|rule|Species Clause: Limit one of each Pok\u00e9mon\n|rule|Item Clause: Limit one of each item\n|clearpoke\n|poke|p1|Maushold-Four, L50|\n|poke|p1|Indeedee-F, L50, F|\n|poke|p1|Chien-Pao, L50|\n|poke|p1|Flutter Mane, L50|\n|poke|p1|Annihilape, L50, F|\n|poke|p1|Ditto, L50|\n|poke|p2|Flutter Mane, L50|\n|poke|p2|Arcanine, L50, M|\n|poke|p2|Baxcalibur, L50, M|\n|poke|p2|Ting-Lu, L50|\n|poke|p2|Gyarados, L50, F|\n|poke|p2|Amoonguss, L50, M|\n|teampreview|4\n|inactive|Battle timer is ON: inactive players will automatically lose when time's up. (requested by justicethejust)\n|inactive|Hadrian1917 has 60 seconds left.\n|\n|t:|1682007002\n|start\n|switch|p1a: Annihilape|Annihilape, L50, F|100\/100\n|switch|p1b: Maushold|Maushold-Four, L50|100\/100\n|switch|p2a: Amoonguss|Amoonguss, L50, M|100\/100\n|switch|p2b: Flutter Mane|Flutter Mane, L50|100\/100\n|turn|1\n|inactive|justicethejust has 30 seconds left.\n|\n|t:|1682007028\n|-terastallize|p2b: Flutter Mane|Fairy\n|move|p2b: Flutter Mane|Moonblast|p1a: Annihilape\n|-supereffective|p1a: Annihilape\n|-damage|p1a: Annihilape|0 fnt\n|faint|p1a: Annihilape\n|move|p1b: Maushold|Tidy Up|p1b: Maushold\n|-boost|p1b: Maushold|atk|1\n|-boost|p1b: Maushold|spe|1\n|move|p2a: Amoonguss|Spore|p1b: Maushold\n|-status|p1b: Maushold|slp|[from] move: Spore\n|\n|upkeep\n|\n|t:|1682007036\n|switch|p1a: Ditto|Ditto, L50|100\/100\n|-transform|p1a: Ditto|p2b: Flutter Mane|[from] ability: Imposter\n|-start|p1a: Ditto|typechange|Ghost\/Fairy|[silent]\n|turn|2\n|\n|t:|1682007053\n|-end|p2b: Flutter Mane|Protosynthesis|[silent]\n|switch|p2b: Arcanine|Arcanine, L50, M|100\/100\n|-ability|p2b: Arcanine|Intimidate|boost\n|-unboost|p1a: Ditto|atk|1\n|-unboost|p1b: Maushold|atk|1\n|move|p1a: Ditto|Moonblast|p2b: Arcanine\n|-resisted|p2b: Arcanine\n|-damage|p2b: Arcanine|79\/100\n|-unboost|p2b: Arcanine|spa|1\n|cant|p1b: Maushold|slp\n|move|p2a: Amoonguss|Spore|p1a: Ditto\n|-status|p1a: Ditto|slp|[from] move: Spore\n|\n|upkeep\n|turn|3\n|\n|t:|1682007072\n|-end|p1a: Ditto|Protosynthesis|[silent]\n|switch|p1a: Indeedee|Indeedee-F, L50, F|100\/100\n|-fieldstart|move: Psychic Terrain|[from] ability: Psychic Surge|[of] p1a: Indeedee\n|-enditem|p1a: Indeedee|Psychic Seed\n|-boost|p1a: Indeedee|spd|1|[from] item: Psychic Seed\n|switch|p2a: Baxcalibur|Baxcalibur, L50, M|100\/100\n|cant|p1b: Maushold|slp\n|move|p2b: Arcanine|Howl|p2b: Arcanine|[spread] p2a,p2b\n|-boost|p2a: Baxcalibur|atk|1\n|-boost|p2b: Arcanine|atk|1\n|\n|upkeep\n|turn|4\n|\n|t:|1682007092\n|move|p1a: Indeedee|Follow Me|p1a: Indeedee\n|-singleturn|p1a: Indeedee|move: Follow Me\n|cant|p1b: Maushold|slp\n|move|p2b: Arcanine|Howl|p2b: Arcanine|[spread] p2a,p2b\n|-boost|p2a: Baxcalibur|atk|1\n|-boost|p2b: Arcanine|atk|1\n|move|p2a: Baxcalibur|Icicle Crash|p1a: Indeedee\n|-damage|p1a: Indeedee|0 fnt\n|faint|p1a: Indeedee\n|\n|upkeep\n|\n|t:|1682007095\n|switch|p1a: Ditto|Ditto, L50|100\/100 slp\n|-transform|p1a: Ditto|p2b: Arcanine|[from] ability: Imposter\n|-ability|p1a: Ditto|Intimidate|boost\n|-fail|p2a: Baxcalibur|unboost|[from] item: Clear Amulet|[of] p2a: Baxcalibur\n|-unboost|p2b: Arcanine|atk|1\n|turn|5\n|inactive|Hadrian1917 has 30 seconds left.\n|\n|t:|1682007122\n|move|p2a: Baxcalibur|Protect|p2a: Baxcalibur\n|-singleturn|p2a: Baxcalibur|Protect\n|-curestatus|p1b: Maushold|slp|[msg]\n|move|p1b: Maushold|Population Bomb|p2a: Baxcalibur\n|-activate|p2a: Baxcalibur|move: Protect\n|cant|p1a: Ditto|slp\n|move|p2b: Arcanine|Flare Blitz|p1b: Maushold\n|-damage|p1b: Maushold|1\/100\n|-damage|p2b: Arcanine|49\/100|[from] Recoil\n|\n|upkeep\n|turn|6\n|inactive|Hadrian1917 has 30 seconds left.\n|\n|t:|1682007147\n|move|p1b: Maushold|Protect|p1b: Maushold\n|-singleturn|p1b: Maushold|Protect\n|-curestatus|p1a: Ditto|slp|[msg]\n|move|p1a: Ditto|Extreme Speed|p2b: Arcanine\n|-activate|p2b: Arcanine|move: Psychic Terrain\n|move|p2b: Arcanine|Flare Blitz|p1b: Maushold\n|-activate|p1b: Maushold|move: Protect\n|move|p2a: Baxcalibur|Icicle Crash|p1b: Maushold\n|-activate|p1b: Maushold|move: Protect\n|\n|upkeep\n|turn|7\n|inactive|Hadrian1917 has 30 seconds left.\n|\n|t:|1682007173\n|move|p1a: Ditto|Extreme Speed|p2b: Arcanine\n|-activate|p2b: Arcanine|move: Psychic Terrain\n|move|p1b: Maushold|Population Bomb|p2a: Baxcalibur\n|-damage|p2a: Baxcalibur|89\/100\n|-damage|p2a: Baxcalibur|79\/100\n|-damage|p2a: Baxcalibur|68\/100\n|-damage|p2a: Baxcalibur|56\/100\n|-crit|p2a: Baxcalibur\n|-damage|p2a: Baxcalibur|39\/100\n|-damage|p2a: Baxcalibur|28\/100\n|-damage|p2a: Baxcalibur|18\/100\n|-damage|p2a: Baxcalibur|8\/100\n|-damage|p2a: Baxcalibur|0 fnt\n|faint|p2a: Baxcalibur\n|-hitcount|p2: Baxcalibur|9\n|move|p2b: Arcanine|Flare Blitz|p1b: Maushold\n|-damage|p1b: Maushold|0 fnt\n|faint|p1b: Maushold\n|-damage|p2b: Arcanine|48\/100|[from] Recoil\n|\n|-fieldend|move: Psychic Terrain\n|upkeep\n|-message|justicethejust forfeited.\n|\n|win|Hadrian1917\n|raw|justicethejust's rating: 1270 → 1244<\/strong> (-26 for losing)\n|raw|Hadrian1917's rating: 1259 → 1285<\/strong> (+26 for winning)\n|l|\u2606justicethejust\n","uploadtime":1682007197,"views":7,"p1id":"justicethejust","p2id":"hadrian1917","formatid":"gen9vgc2023regulationc","rating":1244,"private":0,"password":""}