{"id":"gen9vgc2023regulationc-1853496093","p1":"leempoleon","p2":"GforGamer","format":"[Gen 9] VGC 2023 Regulation C","log":"|j|\u2606leempoleon\n|j|\u203dGforGamer\n|t:|1682690834\n|gametype|doubles\n|player|p1|leempoleon|gentleman-gen4|1120\n|player|p2|GforGamer|palmer|1217\n|teamsize|p1|6\n|teamsize|p2|6\n|gen|9\n|tier|[Gen 9] VGC 2023 Regulation C\n|rated|\n|rule|Species Clause: Limit one of each Pok\u00e9mon\n|rule|Item Clause: Limit one of each item\n|clearpoke\n|poke|p1|Murkrow, L50, F|\n|poke|p1|Azumarill, L50, F|\n|poke|p1|Skeledirge, L50, M|\n|poke|p1|Meowscarada, L50, M|\n|poke|p1|Gholdengo, L50|\n|poke|p1|Indeedee-F, L50, F|\n|poke|p2|Flutter Mane, L50|\n|poke|p2|Chi-Yu, L50|\n|poke|p2|Scream Tail, L50|\n|poke|p2|Dragonite, L50, M|\n|poke|p2|Iron Bundle, L50|\n|poke|p2|Amoonguss, L50, M|\n|teampreview|4\nGforGamer rejected open team sheets.\n|inactive|Battle timer is ON: inactive players will automatically lose when time's up. (requested by GforGamer)\n|c|\u2606leempoleon|WOAH\n|\n|t:|1682690845\n|start\n|switch|p1a: Murkrow|Murkrow, L50, F|100\/100\n|switch|p1b: Azumarill|Azumarill, L50, F|100\/100\n|switch|p2a: Scream Tail|Scream Tail, L50|100\/100\n|switch|p2b: Flutter Mane|Flutter Mane, L50|100\/100\n|-enditem|p2a: Scream Tail|Booster Energy\n|-activate|p2a: Scream Tail|ability: Protosynthesis|[fromitem]\n|-start|p2a: Scream Tail|protosynthesisspe\n|turn|1\n|c|\u2606leempoleon|THATS GFORGAMER\n|\n|t:|1682690857\n|-terastallize|p2b: Flutter Mane|Fairy\n|move|p1a: Murkrow|Protect|p1a: Murkrow\n|-singleturn|p1a: Murkrow|Protect\n|move|p2a: Scream Tail|Fake Tears|p1b: Azumarill\n|-unboost|p1b: Azumarill|spd|2\n|move|p2b: Flutter Mane|Moonblast|p1b: Azumarill\n|-damage|p1b: Azumarill|0 fnt\n|faint|p1b: Azumarill\n|-damage|p2b: Flutter Mane|91\/100|[from] item: Life Orb\n|\n|upkeep\n|\n|t:|1682690876\n|switch|p1b: Skeledirge|Skeledirge, L50, M|100\/100\n|turn|2\n|inactive|leempoleon has 30 seconds left.\n|\n|t:|1682690906\n|move|p1a: Murkrow|Tailwind|p1a: Murkrow\n|-sidestart|p1: leempoleon|move: Tailwind\n|move|p2a: Scream Tail|Fake Tears|p1b: Skeledirge\n|-unboost|p1b: Skeledirge|spd|2\n|move|p2b: Flutter Mane|Shadow Ball|p1b: Skeledirge\n|-supereffective|p1b: Skeledirge\n|-damage|p1b: Skeledirge|0 fnt\n|faint|p1b: Skeledirge\n|-damage|p2b: Flutter Mane|81\/100|[from] item: Life Orb\n|\n|upkeep\n|\n|t:|1682690915\n|switch|p1b: Meowscarada|Meowscarada, L50, M|100\/100\n|turn|3\n|inactive|leempoleon has 30 seconds left.\n|inactive|leempoleon has 20 seconds left.\n|inactive|leempoleon has 15 seconds left.\n|inactive|leempoleon has 10 seconds left.\n|inactive|leempoleon has 5 seconds left.\n|\n|t:|1682690969\n|move|p1a: Murkrow|Protect|p1a: Murkrow\n|-singleturn|p1a: Murkrow|Protect\n|move|p2b: Flutter Mane|Protect|p2b: Flutter Mane\n|-singleturn|p2b: Flutter Mane|Protect\n|move|p1b: Meowscarada|Flower Trick|p2b: Flutter Mane\n|-activate|p2b: Flutter Mane|move: Protect\n|move|p2a: Scream Tail|Fake Tears|p1b: Meowscarada\n|-unboost|p1b: Meowscarada|spd|2\n|\n|upkeep\n|turn|4\n|\n|t:|1682690993\n|-end|p2b: Flutter Mane|Protosynthesis|[silent]\n|switch|p2b: Dragonite|Dragonite, L50, M|100\/100\n|move|p1b: Meowscarada|Play Rough|p2b: Dragonite\n|-supereffective|p2b: Dragonite\n|-damage|p2b: Dragonite|72\/100\n|move|p1a: Murkrow|Air Slash|p2b: Dragonite\n|-damage|p2b: Dragonite|43\/100\n|move|p2a: Scream Tail|Dazzling Gleam|p1a: Murkrow|[spread] p1a,p1b\n|-supereffective|p1a: Murkrow\n|-supereffective|p1b: Meowscarada\n|-damage|p1a: Murkrow|52\/100\n|-damage|p1b: Meowscarada|13\/100\n|\n|upkeep\n|turn|5\n|\n|t:|1682691014\n|move|p1a: Murkrow|Protect|p1a: Murkrow\n|-singleturn|p1a: Murkrow|Protect\n|move|p2b: Dragonite|Extreme Speed|p1b: Meowscarada\n|-damage|p1b: Meowscarada|0 fnt\n|faint|p1b: Meowscarada\n|move|p2a: Scream Tail|Dazzling Gleam|p1a: Murkrow\n|-activate|p1a: Murkrow|move: Protect\n|\n|-sideend|p1: leempoleon|move: Tailwind\n|upkeep\n|turn|6\n|-message|leempoleon forfeited.\n|\n|win|GforGamer\n|raw|leempoleon's rating: 1120 → 1102<\/strong> (-18 for losing)\n|raw|GforGamer's rating: 1217 → 1235<\/strong> (+18 for winning)\n","uploadtime":1682691114,"views":8,"p1id":"leempoleon","p2id":"gforgamer","formatid":"gen9vgc2023regulationc","rating":1102,"private":0,"password":""}