{"id":"gen9vgc2023regulationc-1862691390","p1":"Ciq108","p2":"EncoreVGC","format":"[Gen 9] VGC 2023 Regulation C","log":"|j|\u2606Ciq108\n|j|\u2606EncoreVGC\n|t:|1683912585\n|gametype|doubles\n|player|p1|Ciq108|169|\n|player|p2|EncoreVGC|tuber|\n|teamsize|p1|6\n|teamsize|p2|6\n|gen|9\n|tier|[Gen 9] VGC 2023 Regulation C\n|rule|Species Clause: Limit one of each Pok\u00e9mon\n|rule|Item Clause: Limit one of each item\n|clearpoke\n|poke|p1|Hydreigon, L50, M|\n|poke|p1|Palafin, L50, M|\n|poke|p1|Garchomp, L50, M|\n|poke|p1|Kilowattrel, L50, F|\n|poke|p1|Orthworm, L50, M|\n|poke|p1|Gardevoir, L50, F|\n|poke|p2|Pelipper, L50, M|\n|poke|p2|Drednaw, L50, F|\n|poke|p2|Oranguru, L50, M|\n|poke|p2|Bellibolt, L50, M|\n|poke|p2|Salamence, L50, F|\n|poke|p2|Weavile, L50, M|\n|teampreview|4\n|c|\u2606EncoreVGC|G3\nEncoreVGC rejected open team sheets.\n|j| Toy Time King\n|j| Memebasedgod\n|l|\u2606Ciq108\n|player|p1|\n|j|\u2606Ciq108\n|player|p1|Ciq108|169\n|c|\u2606Ciq108|Glhg\n|c|\u2606Ciq108|Glhf\n|j| TeamInferno Ted\n|j| MattStarVGC\n|\n|t:|1683913916\n|start\n|switch|p1a: da birb boi|Kilowattrel, L50, F|100\/100\n|switch|p1b: da chompy boi|Garchomp, L50, M|100\/100\n|switch|p2a: Salamence|Salamence, L50, F|100\/100\n|switch|p2b: Weavile|Weavile, L50, M|100\/100\n|-ability|p2a: Salamence|Intimidate|boost\n|-unboost|p1a: da birb boi|atk|1\n|-ability|p1a: da birb boi|Competitive|boost\n|-boost|p1a: da birb boi|spa|2\n|-fail|p1b: da chompy boi|unboost|[from] item: Clear Amulet|[of] p1b: da chompy boi\n|turn|1\n|c|\u2606EncoreVGC|Glhf\n|c| TeamInferno Ted|gl guys may the best win :)\n|\n|t:|1683913950\n|switch|p1b: da dolpheen boi|Palafin, L50, M|100\/100\n|move|p1a: da birb boi|Protect|p1a: da birb boi\n|-singleturn|p1a: da birb boi|Protect\n|move|p2b: Weavile|Icy Wind|p1b: da dolpheen boi|[spread] p1b\n|-activate|p1a: da birb boi|move: Protect\n|-resisted|p1b: da dolpheen boi\n|-damage|p1b: da dolpheen boi|96\/100\n|-unboost|p1b: da dolpheen boi|spe|1\n|move|p2a: Salamence|Draco Meteor|p1b: da dolpheen boi\n|-crit|p1b: da dolpheen boi\n|-damage|p1b: da dolpheen boi|0 fnt\n|-unboost|p2a: Salamence|spa|2\n|faint|p1b: da dolpheen boi\n|\n|upkeep\n|c| Memebasedgod|F\n|c| TeamInferno Ted|crit mattered\n|c| MattStarVGC|Crit mattered\n|\n|t:|1683913969\n|switch|p1b: da chompy boi|Garchomp, L50, M|100\/100\n|turn|2\n|\n|t:|1683913987\n|-terastallize|p1b: da chompy boi|Water\n|move|p2b: Weavile|Icy Wind|p1a: da birb boi|[spread] p1a,p1b\n|-supereffective|p1a: da birb boi\n|-resisted|p1b: da chompy boi\n|-damage|p1a: da birb boi|67\/100\n|-damage|p1b: da chompy boi|96\/100\n|-unboost|p1a: da birb boi|spe|1\n|-ability|p1a: da birb boi|Competitive|boost\n|-boost|p1a: da birb boi|spa|2\n|move|p1b: da chompy boi|Substitute|p1b: da chompy boi\n|-start|p1b: da chompy boi|Substitute\n|-damage|p1b: da chompy boi|71\/100\n|move|p2a: Salamence|Draco Meteor|p1a: da birb boi\n|-damage|p1a: da birb boi|5\/100\n|-unboost|p2a: Salamence|spa|2\n|move|p1a: da birb boi|Tailwind|p1a: da birb boi\n|-sidestart|p1: Ciq108|move: Tailwind\n|\n|upkeep\n|turn|3\n|\n|t:|1683914019\n|move|p1b: da chompy boi|Protect|p1b: da chompy boi\n|-singleturn|p1b: da chompy boi|Protect\n|move|p1a: da birb boi|Discharge|p2b: Weavile|[spread] p2a,p2b\n|-activate|p1b: da chompy boi|move: Protect\n|-damage|p2a: Salamence|39\/100\n|-enditem|p2b: Weavile|Focus Sash\n|-damage|p2b: Weavile|1\/100\n|-status|p2a: Salamence|par\n|move|p2b: Weavile|Icy Wind|p1a: da birb boi|[spread] p1a\n|-activate|p1b: da chompy boi|move: Protect\n|-supereffective|p1a: da birb boi\n|-damage|p1a: da birb boi|0 fnt\n|faint|p1a: da birb boi\n|move|p2a: Salamence|Draco Meteor|p1b: da chompy boi\n|-activate|p1b: da chompy boi|move: Protect\n|\n|upkeep\n|\n|t:|1683914035\n|switch|p1a: no burn neck boi|Hydreigon, L50, M|100\/100\n|turn|4\n|\n|t:|1683914047\n|switch|p2b: Pelipper|Pelipper, L50, M|100\/100\n|-weather|RainDance|[from] ability: Drizzle|[of] p2b: Pelipper\n|move|p1b: da chompy boi|Dragon Claw|p2a: Salamence\n|-supereffective|p2a: Salamence\n|-damage|p2a: Salamence|0 fnt\n|faint|p2a: Salamence\n|move|p1a: no burn neck boi|Dark Pulse|p2b: Pelipper\n|-damage|p2b: Pelipper|44\/100\n|-enditem|p2b: Pelipper|Sitrus Berry|[eat]\n|-heal|p2b: Pelipper|69\/100|[from] item: Sitrus Berry\n|\n|-weather|RainDance|[upkeep]\n|upkeep\n|\n|t:|1683914062\n|switch|p2a: Weavile|Weavile, L50, M|1\/100\n|turn|5\n|\n|t:|1683914080\n|move|p2a: Weavile|Fake Out|p1a: no burn neck boi\n|-damage|p1a: no burn neck boi|88\/100\n|move|p1b: da chompy boi|Dragon Claw|p2a: Weavile\n|-damage|p2a: Weavile|0 fnt\n|faint|p2a: Weavile\n|cant|p1a: no burn neck boi|flinch\n|move|p2b: Pelipper|Tailwind|p2b: Pelipper\n|-sidestart|p2: EncoreVGC|move: Tailwind\n|\n|-weather|RainDance|[upkeep]\n|-sideend|p1: Ciq108|move: Tailwind\n|upkeep\n|\n|t:|1683914091\n|switch|p2a: Drednaw|Drednaw, L50, F|100\/100\n|turn|6\n|\n|t:|1683914113\n|move|p2a: Drednaw|Protect|p2a: Drednaw\n|-singleturn|p2a: Drednaw|Protect\n|move|p2b: Pelipper|Hurricane|p1b: da chompy boi\n|-crit|p1b: da chompy boi\n|-end|p1b: da chompy boi|Substitute\n|move|p1b: da chompy boi|Earthquake|p2a: Drednaw|[spread] \n|-activate|p2a: Drednaw|move: Protect\n|-immune|p1a: no burn neck boi|[from] ability: Levitate\n|-immune|p2b: Pelipper\n|move|p1a: no burn neck boi|Draco Meteor|p2b: Pelipper\n|-damage|p2b: Pelipper|0 fnt\n|-unboost|p1a: no burn neck boi|spa|2\n|faint|p2b: Pelipper\n|\n|-weather|RainDance|[upkeep]\n|upkeep\n|turn|7\n|c| TeamInferno Ted|crit mattered\n|\n|t:|1683914131\n|-terastallize|p2a: Drednaw|Grass\n|move|p1b: da chompy boi|Protect|p1b: da chompy boi\n|-singleturn|p1b: da chompy boi|Protect\n|move|p2a: Drednaw|Rock Slide|p1b: da chompy boi|[spread] p1a\n|-activate|p1b: da chompy boi|move: Protect\n|-damage|p1a: no burn neck boi|53\/100\n|-damage|p2a: Drednaw|91\/100|[from] item: Life Orb\n|move|p1a: no burn neck boi|Draco Meteor|p2a: Drednaw\n|-damage|p2a: Drednaw|54\/100\n|-unboost|p1a: no burn neck boi|spa|2\n|\n|-weather|RainDance|[upkeep]\n|upkeep\n|turn|8\n|\n|t:|1683914151\n|move|p2a: Drednaw|Tera Blast|p1b: da chompy boi\n|-supereffective|p1b: da chompy boi\n|-damage|p1b: da chompy boi|0 fnt\n|faint|p1b: da chompy boi\n|-damage|p2a: Drednaw|45\/100|[from] item: Life Orb\n|move|p1a: no burn neck boi|Draco Meteor|p2a: Drednaw\n|-damage|p2a: Drednaw|21\/100\n|-unboost|p1a: no burn neck boi|spa|2\n|\n|-weather|none\n|-sideend|p2: EncoreVGC|move: Tailwind\n|upkeep\n|turn|9\n|\n|t:|1683914162\n|move|p2a: Drednaw|Protect|p2a: Drednaw\n|-singleturn|p2a: Drednaw|Protect\n|move|p1a: no burn neck boi|Draco Meteor|p2a: Drednaw\n|-activate|p2a: Drednaw|move: Protect\n|\n|upkeep\n|turn|10\n|\n|t:|1683914169\n|move|p1a: no burn neck boi|Draco Meteor|p2a: Drednaw\n|-damage|p2a: Drednaw|0 fnt\n|faint|p2a: Drednaw\n|\n|win|Ciq108\n|c|\u2606Ciq108|Ggs\n|c| TeamInferno Ted|ggs\n|c| MattStarVGC|ggs!\n|c|\u2606EncoreVGC|Gg\n|l| TeamInferno Ted\n|l| Memebasedgod\n|l| MattStarVGC\n","uploadtime":1683914181,"views":14,"p1id":"ciq108","p2id":"encorevgc","formatid":"gen9vgc2023regulationc","rating":0,"private":0,"password":""}