{"id":"gen9vgc2023regulationc-1850276184","p1":"superseriousboi","p2":"MAF1001","format":"[Gen 9] VGC 2023 Regulation C","log":"|j|\u2606superseriousboi\n|j|\u2606MAF1001\n|t:|1682309587\n|gametype|doubles\n|player|p1|superseriousboi|102|1146\n|player|p2|MAF1001|unknown|1197\n|teamsize|p1|6\n|teamsize|p2|6\n|gen|9\n|tier|[Gen 9] VGC 2023 Regulation C\n|rated|\n|rule|Species Clause: Limit one of each Pok\u00e9mon\n|rule|Item Clause: Limit one of each item\n|clearpoke\n|poke|p1|Klefki, L50, F|\n|poke|p1|Flutter Mane, L50|\n|poke|p1|Clawitzer, L50, M|\n|poke|p1|Chi-Yu, L50|\n|poke|p1|Garganacl, L50, M|\n|poke|p1|Arboliva, L50, M|\n|poke|p2|Torkoal, L50, M|\n|poke|p2|Great Tusk, L50|\n|poke|p2|Rotom-Wash, L50|\n|poke|p2|Staraptor, L50, M|\n|poke|p2|Annihilape, L50, F|\n|poke|p2|Goodra, L50, F|\n|teampreview|4\n|\n|t:|1682309625\n|start\n|switch|p1a: Klefki|Klefki, L50, F|100\/100\n|switch|p1b: Flutter Mane|Flutter Mane, L50|100\/100\n|switch|p2a: Rotom|Rotom-Wash, L50|100\/100\n|switch|p2b: Staraptor|Staraptor, L50, M|100\/100\n|-ability|p2b: Staraptor|Intimidate|boost\n|-unboost|p1a: Klefki|atk|1\n|-unboost|p1b: Flutter Mane|atk|1\n|turn|1\n|\n|t:|1682309676\n|move|p2a: Rotom|Protect|p2a: Rotom\n|-singleturn|p2a: Rotom|Protect\n|move|p1a: Klefki|Light Screen|p1a: Klefki\n|-sidestart|p1: superseriousboi|move: Light Screen\n|move|p2b: Staraptor|Tailwind|p2b: Staraptor\n|-sidestart|p2: MAF1001|move: Tailwind\n|move|p1b: Flutter Mane|Trick Room|p1b: Flutter Mane\n|-fieldstart|move: Trick Room|[of] p1b: Flutter Mane\n|\n|upkeep\n|turn|2\n|\n|t:|1682309721\n|move|p1a: Klefki|Misty Terrain|p1a: Klefki\n|-fieldstart|move: Misty Terrain\n|move|p1b: Flutter Mane|Dazzling Gleam|p2a: Rotom|[spread] p2a,p2b\n|-damage|p2a: Rotom|55\/100\n|-damage|p2b: Staraptor|41\/100\n|move|p2a: Rotom|Dark Pulse|p1b: Flutter Mane\n|-damage|p1b: Flutter Mane|85\/100\n|move|p2b: Staraptor|Brave Bird|p1b: Flutter Mane\n|-damage|p1b: Flutter Mane|0 fnt\n|faint|p1b: Flutter Mane\n|-end|p1b: Flutter Mane|Protosynthesis|[silent]\n|-damage|p2b: Staraptor|13\/100|[from] Recoil\n|\n|upkeep\n|\n|t:|1682309744\n|switch|p1b: Garganacl|Garganacl, L50, M|100\/100\n|turn|3\n|inactive|Battle timer is ON: inactive players will automatically lose when time's up. (requested by superseriousboi)\n|\n|t:|1682309777\n|switch|p1a: Arboliva|Arboliva, L50, M|100\/100\n|switch|p2a: Annihilape|Annihilape, L50, F|100\/100\n|move|p1b: Garganacl|Salt Cure|p2b: Staraptor\n|-supereffective|p2b: Staraptor\n|-damage|p2b: Staraptor|0 fnt\n|faint|p2b: Staraptor\n|\n|upkeep\n|\n|t:|1682309787\n|switch|p2b: Rotom|Rotom-Wash, L50|55\/100\n|turn|4\n|\n|t:|1682309808\n|move|p2b: Rotom|Protect|p2b: Rotom\n|-singleturn|p2b: Rotom|Protect\n|move|p1b: Garganacl|Salt Cure|p2a: Annihilape\n|-resisted|p2a: Annihilape\n|-damage|p2a: Annihilape|92\/100\n|-start|p2a: Annihilape|Salt Cure\n|move|p1a: Arboliva|Giga Drain|p2b: Rotom\n|-activate|p2b: Rotom|move: Protect\n|move|p2a: Annihilape|Poison Jab|p1a: Arboliva\n|-supereffective|p1a: Arboliva\n|-damage|p1a: Arboliva|43\/100\n|-enditem|p1a: Arboliva|Sitrus Berry|[eat]\n|-heal|p1a: Arboliva|68\/100|[from] item: Sitrus Berry\n|\n|-damage|p2a: Annihilape|80\/100|[from] Salt Cure\n|-sideend|p2: MAF1001|move: Tailwind\n|upkeep\n|turn|5\n|inactive|superseriousboi has 30 seconds left.\n|inactive|MAF1001 has 30 seconds left.\n|\n|t:|1682309836\n|switch|p1b: Klefki|Klefki, L50, F|100\/100\n|switch|p2a: Goodra|Goodra, L50, F|100\/100\n|move|p1a: Arboliva|Giga Drain|p2b: Rotom\n|-supereffective|p2b: Rotom\n|-damage|p2b: Rotom|0 fnt\n|-heal|p1a: Arboliva|87\/100|[from] drain|[of] p2b: Rotom\n|faint|p2b: Rotom\n|\n|-sideend|p1: superseriousboi|move: Light Screen\n|-fieldend|move: Trick Room\n|upkeep\n|\n|t:|1682309846\n|switch|p2b: Annihilape|Annihilape, L50, F|80\/100\n|turn|6\n|inactive|superseriousboi has 30 seconds left.\n|\n|t:|1682309873\n|-terastallize|p2a: Goodra|Fairy\n|move|p1b: Klefki|Reflect|p1b: Klefki\n|-sidestart|p1: superseriousboi|Reflect\n|move|p2b: Annihilape|Poison Jab|p1a: Arboliva\n|-supereffective|p1a: Arboliva\n|-crit|p1a: Arboliva\n|-damage|p1a: Arboliva|13\/100\n|move|p2a: Goodra|Flamethrower|p1b: Klefki\n|-supereffective|p1b: Klefki\n|-damage|p1b: Klefki|18\/100\n|-damage|p2a: Goodra|91\/100|[from] item: Life Orb\n|move|p1a: Arboliva|Leech Seed|p2b: Annihilape\n|-start|p2b: Annihilape|move: Leech Seed\n|\n|-damage|p2b: Annihilape|68\/100|[from] Leech Seed|[of] p1a: Arboliva\n|-heal|p1a: Arboliva|26\/100|[silent]\n|-fieldend|Misty Terrain\n|-item|p1a: Arboliva|Sitrus Berry|[from] ability: Harvest\n|upkeep\n|-enditem|p1a: Arboliva|Sitrus Berry|[eat]\n|-heal|p1a: Arboliva|51\/100|[from] item: Sitrus Berry\n|turn|7\n|inactive|superseriousboi has 30 seconds left.\n|inactive|MAF1001 has 30 seconds left.\n|inactive|superseriousboi has 20 seconds left.\n|inactive|superseriousboi has 15 seconds left.\n|inactive|superseriousboi has 10 seconds left.\n|inactive|superseriousboi has 5 seconds left.\n|\n|t:|1682309928\n|move|p2b: Annihilape|Drain Punch|p1a: Arboliva\n|-supereffective|p1a: Arboliva\n|-damage|p1a: Arboliva|0 fnt\n|-heal|p2b: Annihilape|93\/100|[from] drain|[of] p1a: Arboliva\n|faint|p1a: Arboliva\n|move|p2a: Goodra|Flamethrower|p1b: Klefki\n|-supereffective|p1b: Klefki\n|-damage|p1b: Klefki|0 fnt\n|faint|p1b: Klefki\n|-damage|p2a: Goodra|81\/100|[from] item: Life Orb\n|\n|upkeep\n|\n|t:|1682309933\n|switch|p1a: Garganacl|Garganacl, L50, M|100\/100\n|turn|8\n|inactive|MAF1001 has 30 seconds left.\n|\n|t:|1682309961\n|move|p2b: Annihilape|Rage Fist|p1a: Garganacl\n|-damage|p1a: Garganacl|89\/100\n|move|p2a: Goodra|Chilling Water|p1a: Garganacl\n|-supereffective|p1a: Garganacl\n|-damage|p1a: Garganacl|60\/100\n|-unboost|p1a: Garganacl|atk|1\n|-damage|p2a: Goodra|72\/100|[from] item: Life Orb\n|move|p1a: Garganacl|Salt Cure|p2a: Goodra\n|-damage|p2a: Goodra|57\/100\n|-start|p2a: Goodra|Salt Cure\n|\n|-heal|p1a: Garganacl|66\/100|[from] item: Leftovers\n|-damage|p2b: Annihilape|81\/100|[from] Leech Seed|[of] p1a: Garganacl\n|-heal|p1a: Garganacl|77\/100|[silent]\n|-damage|p2a: Goodra|45\/100|[from] Salt Cure\n|upkeep\n|turn|9\n|\n|t:|1682309982\n|-terastallize|p1a: Garganacl|Flying\n|move|p2b: Annihilape|Drain Punch|p1a: Garganacl\n|-resisted|p1a: Garganacl\n|-damage|p1a: Garganacl|68\/100\n|-heal|p2b: Annihilape|86\/100|[from] drain|[of] p1a: Garganacl\n|move|p2a: Goodra|Chilling Water|p1a: Garganacl\n|-damage|p1a: Garganacl|54\/100\n|-unboost|p1a: Garganacl|atk|1\n|-damage|p2a: Goodra|35\/100|[from] item: Life Orb\n|move|p1a: Garganacl|Salt Cure|p2b: Annihilape\n|-resisted|p2b: Annihilape\n|-damage|p2b: Annihilape|82\/100\n|-start|p2b: Annihilape|Salt Cure\n|\n|-heal|p1a: Garganacl|59\/100|[from] item: Leftovers\n|-damage|p2b: Annihilape|69\/100|[from] Leech Seed|[of] p1a: Garganacl\n|-heal|p1a: Garganacl|71\/100|[silent]\n|-damage|p2b: Annihilape|57\/100|[from] Salt Cure\n|-damage|p2a: Goodra|23\/100|[from] Salt Cure\n|upkeep\n|turn|10\n|inactive|superseriousboi has 30 seconds left.\n|inactive|MAF1001 has 30 seconds left.\n|\n|t:|1682310012\n|move|p2b: Annihilape|Poison Jab|p1a: Garganacl\n|-damage|p1a: Garganacl|59\/100\n|move|p2a: Goodra|Draco Meteor|p1a: Garganacl\n|-damage|p1a: Garganacl|4\/100\n|-unboost|p2a: Goodra|spa|2\n|-damage|p2a: Goodra|14\/100|[from] item: Life Orb\n|move|p1a: Garganacl|Salt Cure|p2a: Goodra\n|-damage|p2a: Goodra|4\/100\n|\n|-heal|p1a: Garganacl|10\/100|[from] item: Leftovers\n|-damage|p2b: Annihilape|45\/100|[from] Leech Seed|[of] p1a: Garganacl\n|-heal|p1a: Garganacl|21\/100|[silent]\n|-damage|p2b: Annihilape|32\/100|[from] Salt Cure\n|-damage|p2a: Goodra|0 fnt|[from] Salt Cure\n|faint|p2a: Goodra\n|-sideend|p1: superseriousboi|Reflect\n|upkeep\n|turn|11\n|\n|t:|1682310033\n|move|p1a: Garganacl|Protect|p1a: Garganacl\n|-singleturn|p1a: Garganacl|Protect\n|move|p2b: Annihilape|Close Combat|p1a: Garganacl\n|-activate|p1a: Garganacl|move: Protect\n|\n|-heal|p1a: Garganacl|27\/100|[from] item: Leftovers\n|-damage|p2b: Annihilape|20\/100|[from] Leech Seed|[of] p1a: Garganacl\n|-heal|p1a: Garganacl|38\/100|[silent]\n|-damage|p2b: Annihilape|7\/100|[from] Salt Cure\n|upkeep\n|turn|12\n|\n|t:|1682310045\n|move|p2b: Annihilape|Close Combat|p1a: Garganacl\n|-resisted|p1a: Garganacl\n|-damage|p1a: Garganacl|13\/100\n|-unboost|p2b: Annihilape|def|1\n|-unboost|p2b: Annihilape|spd|1\n|move|p1a: Garganacl|Recover|p1a: Garganacl\n|-heal|p1a: Garganacl|63\/100\n|\n|-heal|p1a: Garganacl|69\/100|[from] item: Leftovers\n|-damage|p2b: Annihilape|0 fnt|[from] Leech Seed|[of] p1a: Garganacl\n|-heal|p1a: Garganacl|75\/100|[silent]\n|faint|p2b: Annihilape\n|\n|win|superseriousboi\n|upkeep\n|raw|superseriousboi's rating: 1146 → 1175<\/strong> (+29 for winning)\n|raw|MAF1001's rating: 1197 → 1168<\/strong> (-29 for losing)\n|l|\u2606MAF1001\n","uploadtime":1682310062,"views":30,"p1id":"superseriousboi","p2id":"maf1001","formatid":"gen9vgc2023regulationc","rating":1168,"private":0,"password":""}