{"id":"gen9vgc2023regulationc-1845936710","p1":"christian_hvn","p2":"Moonlight Flutter","format":"[Gen 9] VGC 2023 Regulation C","log":"|j|\u2606christian_hvn\n|j|\u2606Moonlight Flutter\n|t:|1681781304\n|gametype|doubles\n|player|p1|christian_hvn|marley|\n|player|p2|Moonlight Flutter|dawn-masters2|\n|teamsize|p1|6\n|teamsize|p2|6\n|gen|9\n|tier|[Gen 9] VGC 2023 Regulation C\n|rule|Species Clause: Limit one of each Pok\u00e9mon\n|rule|Item Clause: Limit one of each item\n|clearpoke\n|poke|p1|Flutter Mane, L50|\n|poke|p1|Chi-Yu, L50|\n|poke|p1|Iron Bundle, L50|\n|poke|p1|Amoonguss, L50, F|\n|poke|p1|Palafin, L50, M|\n|poke|p1|Iron Hands, L50|\n|poke|p2|Flutter Mane, L50|\n|poke|p2|Chi-Yu, L50|\n|poke|p2|Meowscarada, L50, M|\n|poke|p2|Gyarados, L50, M|\n|poke|p2|Baxcalibur, L50, F|\n|poke|p2|Corviknight, L50, F|\n|teampreview|4\nchristian_hvn has agreed to open team sheets.\nMoonlight Flutter has agreed to open team sheets.\n|c|\u2606Moonlight Flutter|glhf\n|c|\u2606christian_hvn|u2\n|\n|t:|1681781379\n|start\n|switch|p1a: catch these hands|Iron Hands, L50|100\/100\n|switch|p1b: LOVE BETRAYAL|Chi-Yu, L50|100\/100\n|switch|p2a: Baxcalibur|Baxcalibur, L50, F|100\/100\n|switch|p2b: Corviknight|Corviknight, L50, F|100\/100\n|-ability|p1b: LOVE BETRAYAL|Beads of Ruin\n|turn|1\n|\n|t:|1681781430\n|switch|p2a: Flutter Mane|Flutter Mane, L50|100\/100\n|-enditem|p2a: Flutter Mane|Booster Energy\n|-activate|p2a: Flutter Mane|ability: Protosynthesis|[fromitem]\n|-start|p2a: Flutter Mane|protosynthesisspa\n|-terastallize|p2b: Corviknight|Fire\n|move|p1a: catch these hands|Fake Out|p2b: Corviknight\n|-damage|p2b: Corviknight|90\/100\n|move|p1b: LOVE BETRAYAL|Nasty Plot|p1b: LOVE BETRAYAL\n|-boost|p1b: LOVE BETRAYAL|spa|2\n|cant|p2b: Corviknight|flinch\n|\n|upkeep\n|turn|2\n|\n|t:|1681781464\n|move|p2a: Flutter Mane|Moonblast|p1b: LOVE BETRAYAL\n|-damage|p1b: LOVE BETRAYAL|39\/100\n|move|p1b: LOVE BETRAYAL|Dark Pulse|p2b: Corviknight\n|-damage|p2b: Corviknight|14\/100\n|move|p2b: Corviknight|Tailwind|p2b: Corviknight\n|-sidestart|p2: Moonlight Flutter|move: Tailwind\n|move|p1a: catch these hands|Wild Charge|p2a: Flutter Mane\n|-damage|p2a: Flutter Mane|26\/100\n|-damage|p1a: catch these hands|89\/100|[from] Recoil\n|\n|upkeep\n|turn|3\n|c|\u2606christian_hvn|woahhh\n|\n|t:|1681781480\n|move|p1b: LOVE BETRAYAL|Protect|p1b: LOVE BETRAYAL\n|-singleturn|p1b: LOVE BETRAYAL|Protect\n|move|p2a: Flutter Mane|Moonblast|p1a: catch these hands\n|-supereffective|p1a: catch these hands\n|-damage|p1a: catch these hands|1\/100\n|-unboost|p1a: catch these hands|spa|1\n|move|p2b: Corviknight|Brave Bird|p1b: LOVE BETRAYAL\n|-activate|p1b: LOVE BETRAYAL|move: Protect\n|move|p1a: catch these hands|Volt Switch|p2b: Corviknight\n|-damage|p2b: Corviknight|4\/100\n|c|\u2606Moonlight Flutter|you actually stay in\n|c|\u2606Moonlight Flutter|oh no\n|\n|t:|1681781493\n|-end|p1a: catch these hands|Quark Drive|[silent]\n|switch|p1a: bundle of bitches|Iron Bundle, L50|100\/100|[from] Volt Switch\n|-enditem|p1a: bundle of bitches|Booster Energy\n|-activate|p1a: bundle of bitches|ability: Quark Drive|[fromitem]\n|-start|p1a: bundle of bitches|quarkdrivespe\n|\n|upkeep\n|turn|4\n|j| AndrwApple\n|\n|t:|1681781514\n|move|p1a: bundle of bitches|Protect|p1a: bundle of bitches\n|-singleturn|p1a: bundle of bitches|Protect\n|move|p2a: Flutter Mane|Moonblast|p1a: bundle of bitches\n|-activate|p1a: bundle of bitches|move: Protect\n|move|p2b: Corviknight|Brave Bird|p1b: LOVE BETRAYAL\n|-damage|p1b: LOVE BETRAYAL|0 fnt\n|faint|p1b: LOVE BETRAYAL\n|-damage|p2b: Corviknight|0 fnt|[from] Recoil\n|faint|p2b: Corviknight\n|\n|upkeep\n|\n|t:|1681781528\n|switch|p1b: catch these hands|Iron Hands, L50|1\/100\n|switch|p2b: Chi-Yu|Chi-Yu, L50|100\/100\n|-ability|p2b: Chi-Yu|Beads of Ruin\n|turn|5\n|\n|t:|1681781551\n|move|p1a: bundle of bitches|Protect||[still]\n|-fail|p1a: bundle of bitches\n|move|p1b: catch these hands|Fake Out|p2b: Chi-Yu\n|-damage|p2b: Chi-Yu|78\/100\n|move|p2a: Flutter Mane|Moonblast|p1a: bundle of bitches\n|-damage|p1a: bundle of bitches|0 fnt\n|faint|p1a: bundle of bitches\n|-end|p1a: bundle of bitches|Quark Drive|[silent]\n|cant|p2b: Chi-Yu|flinch\n|\n|-sideend|p2: Moonlight Flutter|move: Tailwind\n|upkeep\n|j| QuickDartVGC\n|\n|t:|1681781559\n|switch|p1a: flutter ya mane|Flutter Mane, L50|100\/100\n|turn|6\n|c|\u2606christian_hvn|corv living +2 dark pulse really clutched\n|\n|t:|1681781593\n|-terastallize|p1a: flutter ya mane|Fairy\n|move|p1a: flutter ya mane|Dazzling Gleam|p2b: Chi-Yu|[spread] p2a,p2b\n|-damage|p2a: Flutter Mane|0 fnt\n|-damage|p2b: Chi-Yu|12\/100\n|faint|p2a: Flutter Mane\n|-end|p2a: Flutter Mane|Protosynthesis|[silent]\n|move|p2b: Chi-Yu|Heat Wave|p1b: catch these hands|[spread] p1a,p1b\n|-damage|p1a: flutter ya mane|52\/100\n|-damage|p1b: catch these hands|0 fnt\n|faint|p1b: catch these hands\n|-end|p1b: catch these hands|Quark Drive|[silent]\n|\n|upkeep\n|\n|t:|1681781601\n|switch|p2a: Baxcalibur|Baxcalibur, L50, F|100\/100\n|turn|7\n|\n|t:|1681781609\n|move|p2a: Baxcalibur|Ice Shard|p1a: flutter ya mane\n|-damage|p1a: flutter ya mane|11\/100\n|move|p1a: flutter ya mane|Dazzling Gleam|p2a: Baxcalibur|[spread] p2a,p2b\n|-supereffective|p2a: Baxcalibur\n|-damage|p2a: Baxcalibur|0 fnt\n|-damage|p2b: Chi-Yu|0 fnt\n|faint|p2a: Baxcalibur\n|faint|p2b: Chi-Yu\n|\n|win|christian_hvn\n|c|\u2606Moonlight Flutter|gg\n|c| AndrwApple|gg\n|l|\u2606Moonlight Flutter\n|l| AndrwApple\n|c|\u2606christian_hvn|gg\n|l|\u2606christian_hvn\n|j| Bambambi\n|l| Bambambi\n|j|\u2606christian_hvn\n|player|p1|christian_hvn|marley\n","uploadtime":1681781639,"views":10,"p1id":"christianhvn","p2id":"moonlightflutter","formatid":"gen9vgc2023regulationc","rating":0,"private":0,"password":""}