{"id":"gen9vgc2023regulationc-1859892520","p1":"sergio23perez","p2":"Ilpiuatteso","format":"[Gen 9] VGC 2023 Regulation C","log":"|j|\u2606sergio23perez\n|j|\u2606Ilpiuatteso\n|t:|1683573376\n|gametype|doubles\n|player|p1|sergio23perez|2|1079\n|player|p2|Ilpiuatteso|fisherman-gen4|1000\n|teamsize|p1|6\n|teamsize|p2|6\n|gen|9\n|tier|[Gen 9] VGC 2023 Regulation C\n|rated|\n|rule|Species Clause: Limit one of each Pok\u00e9mon\n|rule|Item Clause: Limit one of each item\n|clearpoke\n|poke|p1|Roaring Moon, L50|\n|poke|p1|Amoonguss, L50, F|\n|poke|p1|Ting-Lu, L50|\n|poke|p1|Arcanine, L50, F|\n|poke|p1|Flutter Mane, L50|\n|poke|p1|Palafin, L50, F|\n|poke|p2|Revavroom, L50, F|\n|poke|p2|Chien-Pao, L50|\n|poke|p2|Slither Wing, L50|\n|poke|p2|Zangoose, L50, M|\n|poke|p2|Avalugg, L50, M|\n|poke|p2|Glimmora, L50, M|\n|teampreview|4\n|inactive|Battle timer is ON: inactive players will automatically lose when time's up. (requested by sergio23perez)\n|inactive|Ilpiuatteso also wants the timer to be on.\n|inactive|Ilpiuatteso has 60 seconds left.\nsergio23perez has agreed to open team sheets.\n|\n|t:|1683573417\n|start\n|switch|p1a: Mimi|Flutter Mane, L50|100\/100\n|switch|p1b: Su Novio|Ting-Lu, L50|100\/100\n|switch|p2a: Zangoose|Zangoose, L50, M, shiny|100\/100\n|switch|p2b: Glimmora|Glimmora, L50, M|100\/100\n|-ability|p1b: Su Novio|Vessel of Ruin\n|turn|1\n|inactive|Ilpiuatteso has 30 seconds left.\n|\n|t:|1683573443\n|-end|p1a: Mimi|Protosynthesis|[silent]\n|switch|p1a: Amoonguss|Amoonguss, L50, F, shiny|100\/100\n|-terastallize|p2b: Glimmora|Grass\n|move|p2a: Zangoose|Protect|p2a: Zangoose\n|-singleturn|p2a: Zangoose|Protect\n|move|p2b: Glimmora|Sludge Wave|p1b: Su Novio|[spread] p1a,p1b\n|-activate|p2a: Zangoose|move: Protect\n|-resisted|p1b: Su Novio\n|-damage|p1a: Amoonguss|75\/100\n|-damage|p1b: Su Novio|94\/100\n|move|p1b: Su Novio|Ruination|p2a: Zangoose\n|-activate|p2a: Zangoose|move: Protect\n|\n|-status|p2a: Zangoose|tox|[from] item: Toxic Orb\n|upkeep\n|turn|2\n|inactive|Ilpiuatteso has 30 seconds left.\n|\n|t:|1683573478\n|switch|p2b: Avalugg|Avalugg, L50, M|100\/100\n|move|p2a: Zangoose|Facade|p1a: Amoonguss\n|-damage|p1a: Amoonguss|0 fnt\n|faint|p1a: Amoonguss\n|move|p1b: Su Novio|Ruination|p2a: Zangoose\n|-damage|p2a: Zangoose|51\/100 tox\n|\n|-damage|p2a: Zangoose|45\/100 tox|[from] psn\n|upkeep\n|\n|t:|1683573485\n|switch|p1a: Mimi|Flutter Mane, L50|100\/100\n|turn|3\n|inactive|Ilpiuatteso has 30 seconds left.\n|inactive|Ilpiuatteso has 20 seconds left.\n|\n|t:|1683573525\n|switch|p2a: Glimmora|Glimmora, L50, M, tera:Grass|100\/100\n|-terastallize|p1a: Mimi|Fairy\n|move|p1a: Mimi|Dazzling Gleam|p2a: Glimmora|[spread] p2a,p2b\n|-damage|p2a: Glimmora|64\/100\n|-damage|p2b: Avalugg|44\/100\n|move|p1b: Su Novio|Rock Tomb|p2b: Avalugg\n|-supereffective|p2b: Avalugg\n|-damage|p2b: Avalugg|27\/100\n|-unboost|p2b: Avalugg|spe|1\n|move|p2b: Avalugg|Body Press|p1b: Su Novio\n|-supereffective|p1b: Su Novio\n|-damage|p1b: Su Novio|53\/100\n|\n|upkeep\n|turn|4\n|inactive|Ilpiuatteso has 30 seconds left.\n|\n|t:|1683573550\n|move|p1a: Mimi|Dazzling Gleam|p2a: Glimmora|[spread] p2a,p2b\n|-damage|p2a: Glimmora|27\/100\n|-damage|p2b: Avalugg|0 fnt\n|faint|p2b: Avalugg\n|move|p2a: Glimmora|Sludge Wave|p1b: Su Novio|[spread] p1a,p1b\n|-supereffective|p1a: Mimi\n|-resisted|p1b: Su Novio\n|-damage|p1a: Mimi|41\/100\n|-damage|p1b: Su Novio|46\/100\n|move|p1b: Su Novio|Heavy Slam|p2a: Glimmora\n|-damage|p2a: Glimmora|0 fnt\n|-activate|p2a: Glimmora|ability: Toxic Debris\n|-sidestart|p1: sergio23perez|move: Toxic Spikes\n|faint|p2a: Glimmora\n|\n|upkeep\n|\n|t:|1683573567\n|switch|p2a: Zangoose|Zangoose, L50, M, shiny|45\/100 tox\n|switch|p2b: Slither Wing|Slither Wing, L50|100\/100\n|-enditem|p2b: Slither Wing|Booster Energy\n|-activate|p2b: Slither Wing|ability: Protosynthesis|[fromitem]\n|-start|p2b: Slither Wing|protosynthesisatk\n|turn|5\n|\n|t:|1683573587\n|move|p2a: Zangoose|Protect|p2a: Zangoose\n|-singleturn|p2a: Zangoose|Protect\n|move|p2b: Slither Wing|First Impression|p1a: Mimi\n|-resisted|p1a: Mimi\n|-damage|p1a: Mimi|0 fnt\n|faint|p1a: Mimi\n|-end|p1a: Mimi|Protosynthesis|[silent]\n|move|p1b: Su Novio|Rock Tomb|p2b: Slither Wing\n|-damage|p2b: Slither Wing|81\/100\n|-unboost|p2b: Slither Wing|spe|1\n|\n|-damage|p2a: Zangoose|39\/100 tox|[from] psn\n|upkeep\n|\n|t:|1683573592\n|switch|p1a: Roaring Moon|Roaring Moon, L50|100\/100\n|-status|p1a: Roaring Moon|psn\n|-enditem|p1a: Roaring Moon|Booster Energy\n|-activate|p1a: Roaring Moon|ability: Protosynthesis|[fromitem]\n|-start|p1a: Roaring Moon|protosynthesisatk\n|turn|6\n|\n|t:|1683573616\n|move|p1a: Roaring Moon|Acrobatics|p2b: Slither Wing\n|-supereffective|p2b: Slither Wing\n|-damage|p2b: Slither Wing|0 fnt\n|faint|p2b: Slither Wing\n|-end|p2b: Slither Wing|Protosynthesis|[silent]\n|move|p2a: Zangoose|Facade|p1a: Roaring Moon\n|-damage|p1a: Roaring Moon|0 fnt\n|faint|p1a: Roaring Moon\n|-end|p1a: Roaring Moon|Protosynthesis|[silent]\n|move|p1b: Su Novio|Stomping Tantrum|p2a: Zangoose\n|-damage|p2a: Zangoose|0 fnt\n|faint|p2a: Zangoose\n|\n|win|sergio23perez\n|raw|sergio23perez's rating: 1079 → 1101<\/strong> (+22 for winning)\n|raw|Ilpiuatteso's rating: 1000 → 1000<\/strong> (+0 for losing)\n","uploadtime":1683573631,"views":8,"p1id":"sergio23perez","p2id":"ilpiuatteso","formatid":"gen9vgc2023regulationc","rating":1000,"private":0,"password":""}