{"id":"gen9vgc2023regulationc-1854541990","p1":"Pkfns","p2":"Bambambi","format":"[Gen 9] VGC 2023 Regulation C","log":"|j|\u2606Pkfns\n|j|\u2606Bambambi\n|t:|1682824503\n|gametype|doubles\n|player|p1|Pkfns|pokemaniac|1198\n|player|p2|Bambambi|wallace-gen6|1319\n|teamsize|p1|6\n|teamsize|p2|6\n|gen|9\n|tier|[Gen 9] VGC 2023 Regulation C\n|rated|\n|rule|Species Clause: Limit one of each Pok\u00e9mon\n|rule|Item Clause: Limit one of each item\n|clearpoke\n|poke|p1|Ting-Lu, L50|\n|poke|p1|Annihilape, L50, F|\n|poke|p1|Maushold, L50|\n|poke|p1|Flutter Mane, L50|\n|poke|p1|Amoonguss, L50, F|\n|poke|p1|Arcanine, L50, F|\n|poke|p2|Flutter Mane, L50|\n|poke|p2|Gothitelle, L50, F|\n|poke|p2|Scream Tail, L50|\n|poke|p2|Chi-Yu, L50|\n|poke|p2|Amoonguss, L50, F|\n|poke|p2|Palafin, L50, F|\n|teampreview|4\nPkfns has agreed to open team sheets.\n|c|\u2606Pkfns|Glhf\n|\n|t:|1682824531\n|start\n|switch|p1a: Annihilape|Annihilape, L50, F|100\/100\n|switch|p1b: Maushold|Maushold, L50, shiny|100\/100\n|switch|p2a: Pearls|Flutter Mane, L50|100\/100\n|switch|p2b: Chi-Yu|Chi-Yu, L50|100\/100\n|-ability|p2b: Chi-Yu|Beads of Ruin\n|turn|1\n|\n|t:|1682824557\n|-terastallize|p2b: Chi-Yu|Water\n|move|p1b: Maushold|Feint|p2b: Chi-Yu\n|-damage|p2b: Chi-Yu|89\/100\n|move|p2a: Pearls|Dazzling Gleam|p1a: Annihilape|[spread] p1a,p1b\n|-supereffective|p1a: Annihilape\n|-damage|p1a: Annihilape|36\/100\n|-damage|p1b: Maushold|42\/100\n|move|p2b: Chi-Yu|Nasty Plot|p2b: Chi-Yu\n|-boost|p2b: Chi-Yu|spa|2\n|move|p1a: Annihilape|Drain Punch|p2b: Chi-Yu\n|-damage|p2b: Chi-Yu|34\/100\n|-heal|p1a: Annihilape|56\/100|[from] drain|[of] p2b: Chi-Yu\n|\n|upkeep\n|turn|2\n|\n|t:|1682824576\n|-terastallize|p1a: Annihilape|Water\n|move|p1b: Maushold|Protect|p1b: Maushold\n|-singleturn|p1b: Maushold|Protect\n|move|p2a: Pearls|Dazzling Gleam|p1b: Maushold|[spread] p1a\n|-activate|p1b: Maushold|move: Protect\n|-damage|p1a: Annihilape|22\/100\n|move|p2b: Chi-Yu|Snarl|p1a: Annihilape|[spread] \n|-activate|p1b: Maushold|move: Protect\n|-miss|p2b: Chi-Yu|p1a: Annihilape\n|move|p1a: Annihilape|Drain Punch|p2b: Chi-Yu\n|-damage|p2b: Chi-Yu|0 fnt\n|-heal|p1a: Annihilape|35\/100|[from] drain|[of] p2b: Chi-Yu\n|faint|p2b: Chi-Yu\n|\n|upkeep\n|\n|t:|1682824594\n|switch|p2b: SSJ3 Jiggly|Scream Tail, L50, shiny|100\/100\n|-enditem|p2b: SSJ3 Jiggly|Booster Energy\n|-activate|p2b: SSJ3 Jiggly|ability: Protosynthesis|[fromitem]\n|-start|p2b: SSJ3 Jiggly|protosynthesisspe\n|turn|3\n|\n|t:|1682824603\n|move|p1b: Maushold|Follow Me|p1b: Maushold\n|-singleturn|p1b: Maushold|move: Follow Me\n|move|p2b: SSJ3 Jiggly|Play Rough|p1b: Maushold\n|-damage|p1b: Maushold|9\/100\n|move|p2a: Pearls|Dazzling Gleam|p1a: Annihilape|[spread] p1a,p1b\n|-damage|p1a: Annihilape|11\/100\n|-damage|p1b: Maushold|0 fnt\n|faint|p1b: Maushold\n|move|p1a: Annihilape|Rage Fist|p2a: Pearls\n|-supereffective|p2a: Pearls\n|-crit|p2a: Pearls\n|-enditem|p2a: Pearls|Focus Sash\n|-damage|p2a: Pearls|1\/100\n|\n|upkeep\n|\n|t:|1682824619\n|switch|p1b: Ting-Lu|Ting-Lu, L50|100\/100\n|-ability|p1b: Ting-Lu|Vessel of Ruin\n|turn|4\n|c|\u2606Bambambi|That snarl miss won you the game\n|c|\u2606Bambambi|grats\n|\n|t:|1682824638\n|move|p2a: Pearls|Protect|p2a: Pearls\n|-singleturn|p2a: Pearls|Protect\n|move|p1a: Annihilape|Protect|p1a: Annihilape\n|-singleturn|p1a: Annihilape|Protect\n|move|p2b: SSJ3 Jiggly|Play Rough|p1a: Annihilape\n|-activate|p1a: Annihilape|move: Protect\n|move|p1b: Ting-Lu|Snarl|p2b: SSJ3 Jiggly|[spread] p2b\n|-activate|p2a: Pearls|move: Protect\n|-damage|p2b: SSJ3 Jiggly|94\/100\n|-unboost|p2b: SSJ3 Jiggly|spa|1\n|\n|upkeep\n|turn|5\n|\n|t:|1682824658\n|-end|p2a: Pearls|Protosynthesis|[silent]\n|switch|p2a: Egirl|Gothitelle, L50, F, shiny|100\/100\n|switch|p1a: Arcanine|Arcanine, L50, F|100\/100\n|-ability|p1a: Arcanine|Intimidate|boost\n|-unboost|p2a: Egirl|atk|1\n|-unboost|p2b: SSJ3 Jiggly|atk|1\n|move|p2b: SSJ3 Jiggly|Play Rough|p1a: Arcanine\n|-resisted|p1a: Arcanine\n|-damage|p1a: Arcanine|91\/100\n|move|p1b: Ting-Lu|Snarl|p2b: SSJ3 Jiggly|[spread] p2a,p2b\n|-supereffective|p2a: Egirl\n|-damage|p2a: Egirl|87\/100\n|-damage|p2b: SSJ3 Jiggly|87\/100\n|-unboost|p2a: Egirl|spa|1\n|-unboost|p2b: SSJ3 Jiggly|spa|1\n|\n|-heal|p1a: Arcanine|97\/100|[from] item: Leftovers\n|upkeep\n|turn|6\n|\n|t:|1682824682\n|move|p2a: Egirl|Fake Out|p1a: Arcanine\n|-damage|p1a: Arcanine|94\/100\n|move|p2b: SSJ3 Jiggly|Perish Song|p2b: SSJ3 Jiggly\n|-start|p1a: Arcanine|perish3|[silent]\n|-start|p1b: Ting-Lu|perish3|[silent]\n|-start|p2a: Egirl|perish3|[silent]\n|-start|p2b: SSJ3 Jiggly|perish3|[silent]\n|-fieldactivate|move: Perish Song\n|cant|p1a: Arcanine|flinch\n|move|p1b: Ting-Lu|Heavy Slam|p2b: SSJ3 Jiggly\n|-supereffective|p2b: SSJ3 Jiggly\n|-damage|p2b: SSJ3 Jiggly|20\/100\n|\n|-heal|p1a: Arcanine|99\/100|[from] item: Leftovers\n|-start|p2b: SSJ3 Jiggly|perish3\n|-start|p1a: Arcanine|perish3\n|-start|p2a: Egirl|perish3\n|-start|p1b: Ting-Lu|perish3\n|upkeep\n|turn|7\n|\n|t:|1682824705\n|move|p2a: Egirl|Protect|p2a: Egirl\n|-singleturn|p2a: Egirl|Protect\n|move|p2b: SSJ3 Jiggly|Reflect|p2b: SSJ3 Jiggly\n|-sidestart|p2: Bambambi|Reflect\n|move|p1a: Arcanine|Flare Blitz|p2a: Egirl\n|-activate|p2a: Egirl|move: Protect\n|move|p1b: Ting-Lu|Heavy Slam|p2a: Egirl\n|-activate|p2a: Egirl|move: Protect\n|\n|-heal|p1a: Arcanine|100\/100|[from] item: Leftovers\n|-start|p2b: SSJ3 Jiggly|perish2\n|-start|p1a: Arcanine|perish2\n|-start|p2a: Egirl|perish2\n|-start|p1b: Ting-Lu|perish2\n|upkeep\n|turn|8\n|\n|t:|1682824728\n|move|p2b: SSJ3 Jiggly|Protect|p2b: SSJ3 Jiggly\n|-singleturn|p2b: SSJ3 Jiggly|Protect\n|move|p2a: Egirl|Protect||[still]\n|-fail|p2a: Egirl\n|move|p1a: Arcanine|Flare Blitz|p2b: SSJ3 Jiggly\n|-activate|p2b: SSJ3 Jiggly|move: Protect\n|move|p1b: Ting-Lu|Heavy Slam|p2a: Egirl\n|-damage|p2a: Egirl|62\/100\n|\n|-start|p2b: SSJ3 Jiggly|perish1\n|-start|p1a: Arcanine|perish1\n|-start|p2a: Egirl|perish1\n|-start|p1b: Ting-Lu|perish1\n|upkeep\n|turn|9\n|\n|t:|1682824755\n|move|p2b: SSJ3 Jiggly|Protect|p2b: SSJ3 Jiggly\n|-singleturn|p2b: SSJ3 Jiggly|Protect\n|move|p2a: Egirl|Protect|p2a: Egirl\n|-singleturn|p2a: Egirl|Protect\n|move|p1a: Arcanine|Flare Blitz|p2b: SSJ3 Jiggly\n|-activate|p2b: SSJ3 Jiggly|move: Protect\n|move|p1b: Ting-Lu|Heavy Slam|p2a: Egirl\n|-activate|p2a: Egirl|move: Protect\n|\n|-start|p2b: SSJ3 Jiggly|perish0\n|-start|p1a: Arcanine|perish0\n|-start|p2a: Egirl|perish0\n|-start|p1b: Ting-Lu|perish0\n|faint|p2b: SSJ3 Jiggly\n|-end|p2b: SSJ3 Jiggly|Protosynthesis|[silent]\n|faint|p1a: Arcanine\n|faint|p2a: Egirl\n|faint|p1b: Ting-Lu\n|upkeep\n|\n|t:|1682824759\n|switch|p2a: Pearls|Flutter Mane, L50|1\/100\n|switch|p1b: Annihilape|Annihilape, L50, F, tera:Water|11\/100\n|turn|10\n|c|\u2606Pkfns|Dang lmao\n|c|\u2606Pkfns|Really well played!!\n|\n|t:|1682824772\n|move|p2a: Pearls|Shadow Ball|p1b: Annihilape\n|-damage|p1b: Annihilape|0 fnt\n|faint|p1b: Annihilape\n|\n|win|Bambambi\n|raw|Pkfns's rating: 1198 → 1181<\/strong> (-17 for losing)\n|raw|Bambambi's rating: 1319 → 1332<\/strong> (+13 for winning)\n|c|\u2606Bambambi|Thanks!\n|c|\u2606Bambambi|I didn\u2019t think I could pull it off\n|c|\u2606Pkfns|Id love a rematch if you have time!\n|c|\u2606Bambambi|Sure, I got time. Let\u2019s make it a bo3\n|c|\u2606Pkfns|Yooo!\n|l|\u2606Pkfns\n","uploadtime":1682824823,"views":9,"p1id":"pkfns","p2id":"bambambi","formatid":"gen9vgc2023regulationc","rating":1181,"private":0,"password":""}