{"id":"gen9vgc2023regulationc-1857307828","p1":"shuijunjun","p2":"ItsRayYT","format":"[Gen 9] VGC 2023 Regulation C","log":"|j|\u2606shuijunjun\n|j|\u2606ItsRayYT\n|t:|1683170921\n|gametype|doubles\n|player|p1|shuijunjun|iono|1162\n|player|p2|ItsRayYT|1|1215\n|teamsize|p1|6\n|teamsize|p2|6\n|gen|9\n|tier|[Gen 9] VGC 2023 Regulation C\n|rated|\n|rule|Species Clause: Limit one of each Pok\u00e9mon\n|rule|Item Clause: Limit one of each item\n|clearpoke\n|poke|p1|Armarouge, L50, M|\n|poke|p1|Maushold-Four, L50|\n|poke|p1|Flutter Mane, L50|\n|poke|p1|Iron Bundle, L50|\n|poke|p1|Chien-Pao, L50|\n|poke|p1|Dragonite, L50, F|\n|poke|p2|Palafin, L50, F|\n|poke|p2|Arcanine, L50, F|\n|poke|p2|Flutter Mane, L50|\n|poke|p2|Amoonguss, L50, F|\n|poke|p2|Ting-Lu, L50|\n|poke|p2|Tyranitar, L50, M|\n|teampreview|4\n|inactive|Battle timer is ON: inactive players will automatically lose when time's up. (requested by ItsRayYT)\n|\n|t:|1683170955\n|start\n|switch|p1a: Maushold|Maushold-Four, L50|100\/100\n|switch|p1b: Armarouge|Armarouge, L50, M|100\/100\n|switch|p2a: Tyranitar|Tyranitar, L50, M|100\/100\n|switch|p2b: Palafin|Palafin, L50, F|100\/100\n|-weather|Sandstorm|[from] ability: Sand Stream|[of] p2a: Tyranitar\n|turn|1\n|\n|t:|1683170974\n|-terastallize|p2a: Tyranitar|Rock\n|move|p2a: Tyranitar|Rock Slide|p1b: Armarouge|[spread] p1a,p1b\n|-supereffective|p1b: Armarouge\n|-damage|p1a: Maushold|51\/100\n|-damage|p1b: Armarouge|45\/100\n|-ability|p1b: Armarouge|Weak Armor|boost\n|-unboost|p1b: Armarouge|def|1\n|-boost|p1b: Armarouge|spe|2\n|-enditem|p1b: Armarouge|Weakness Policy\n|-boost|p1b: Armarouge|atk|2|[from] item: Weakness Policy\n|-boost|p1b: Armarouge|spa|2|[from] item: Weakness Policy\n|move|p1a: Maushold|Beat Up|p1b: Armarouge\n|-supereffective|p1b: Armarouge\n|-damage|p1b: Armarouge|40\/100\n|-ability|p1b: Armarouge|Weak Armor|boost\n|-unboost|p1b: Armarouge|def|1\n|-boost|p1b: Armarouge|spe|2\n|-supereffective|p1b: Armarouge\n|-damage|p1b: Armarouge|34\/100\n|-ability|p1b: Armarouge|Weak Armor|boost\n|-unboost|p1b: Armarouge|def|1\n|-boost|p1b: Armarouge|spe|2\n|-supereffective|p1b: Armarouge\n|-damage|p1b: Armarouge|23\/100\n|-ability|p1b: Armarouge|Weak Armor|boost\n|-unboost|p1b: Armarouge|def|1\n|-supereffective|p1b: Armarouge\n|-damage|p1b: Armarouge|10\/100\n|-ability|p1b: Armarouge|Weak Armor|boost\n|-unboost|p1b: Armarouge|def|1\n|-hitcount|p1b: Armarouge|4\n|move|p1b: Armarouge|Aura Sphere|p2a: Tyranitar\n|-supereffective|p2a: Tyranitar\n|-damage|p2a: Tyranitar|26\/100\n|move|p2b: Palafin|Wave Crash|p1b: Armarouge\n|-supereffective|p1b: Armarouge\n|-crit|p1b: Armarouge\n|-damage|p1b: Armarouge|0 fnt\n|faint|p1b: Armarouge\n|-damage|p2b: Palafin|98\/100|[from] Recoil\n|\n|-weather|Sandstorm|[upkeep]\n|-damage|p2b: Palafin|92\/100|[from] Sandstorm\n|upkeep\n|\n|t:|1683170983\n|switch|p1b: Chien-Pao|Chien-Pao, L50|100\/100\n|-ability|p1b: Chien-Pao|Sword of Ruin\n|turn|2\n|\n|t:|1683171006\n|detailschange|p2b: Palafin|Palafin-Hero, L50, F\n|switch|p2b: Arcanine|Arcanine, L50, F|100\/100\n|-ability|p2b: Arcanine|Intimidate|boost\n|-unboost|p1a: Maushold|atk|1\n|-unboost|p1b: Chien-Pao|atk|1\n|move|p1b: Chien-Pao|Sucker Punch|p2a: Tyranitar\n|-damage|p2a: Tyranitar|0 fnt\n|faint|p2a: Tyranitar\n|move|p1a: Maushold|Population Bomb|p2b: Arcanine\n|-damage|p2b: Arcanine|95\/100\n|-damage|p2b: Arcanine|90\/100\n|-damage|p2b: Arcanine|86\/100\n|-damage|p2b: Arcanine|80\/100\n|-hitcount|p2b: Arcanine|4\n|\n|-weather|Sandstorm|[upkeep]\n|-damage|p1b: Chien-Pao|95\/100|[from] Sandstorm\n|upkeep\n|\n|t:|1683171024\n|switch|p2a: Palafin|Palafin-Hero, L50, F|92\/100\n|-activate|p2a: Palafin|ability: Zero to Hero\n|turn|3\n|\n|t:|1683171035\n|move|p2a: Palafin|Protect|p2a: Palafin\n|-singleturn|p2a: Palafin|Protect\n|move|p1b: Chien-Pao|Sucker Punch||[still]\n|-fail|p1b: Chien-Pao\n|move|p1a: Maushold|Population Bomb|p2b: Arcanine\n|-damage|p2b: Arcanine|75\/100\n|-damage|p2b: Arcanine|70\/100\n|-damage|p2b: Arcanine|65\/100\n|-damage|p2b: Arcanine|60\/100\n|-damage|p2b: Arcanine|55\/100\n|-damage|p2b: Arcanine|50\/100\n|-damage|p2b: Arcanine|45\/100\n|-damage|p2b: Arcanine|39\/100\n|-damage|p2b: Arcanine|34\/100\n|-damage|p2b: Arcanine|29\/100\n|-hitcount|p2b: Arcanine|10\n|move|p2b: Arcanine|Flare Blitz|p1b: Chien-Pao\n|-supereffective|p1b: Chien-Pao\n|-damage|p1b: Chien-Pao|0 fnt\n|faint|p1b: Chien-Pao\n|-damage|p2b: Arcanine|5\/100|[from] Recoil\n|\n|-weather|Sandstorm|[upkeep]\n|-damage|p2a: Palafin|86\/100|[from] Sandstorm\n|upkeep\n|\n|t:|1683171039\n|switch|p1b: Dragonite|Dragonite, L50, F|100\/100\n|turn|4\n|inactive|ItsRayYT has 30 seconds left.\n|\n|t:|1683171066\n|move|p1b: Dragonite|Extreme Speed|p2b: Arcanine\n|-damage|p2b: Arcanine|0 fnt\n|faint|p2b: Arcanine\n|-damage|p1b: Dragonite|91\/100|[from] item: Life Orb\n|move|p1a: Maushold|Encore|p2a: Palafin\n|-start|p2a: Palafin|Encore\n|move|p2a: Palafin|Protect||[still]\n|-fail|p2a: Palafin\n|\n|-weather|Sandstorm|[upkeep]\n|-damage|p1b: Dragonite|85\/100|[from] Sandstorm\n|-damage|p2a: Palafin|80\/100|[from] Sandstorm\n|upkeep\n|\n|t:|1683171075\n|switch|p2b: Ting-Lu|Ting-Lu, L50|100\/100\n|-ability|p2b: Ting-Lu|Vessel of Ruin\n|turn|5\n|\n|t:|1683171089\n|move|p2a: Palafin|Protect|p2a: Palafin\n|-singleturn|p2a: Palafin|Protect\n|move|p1a: Maushold|Population Bomb|p2b: Ting-Lu\n|-damage|p2b: Ting-Lu|98\/100\n|-crit|p2b: Ting-Lu\n|-damage|p2b: Ting-Lu|93\/100\n|-damage|p2b: Ting-Lu|91\/100\n|-damage|p2b: Ting-Lu|89\/100\n|-damage|p2b: Ting-Lu|86\/100\n|-damage|p2b: Ting-Lu|84\/100\n|-damage|p2b: Ting-Lu|82\/100\n|-hitcount|p2b: Ting-Lu|7\n|move|p1b: Dragonite|Low Kick|p2b: Ting-Lu\n|-supereffective|p2b: Ting-Lu\n|-damage|p2b: Ting-Lu|17\/100\n|-damage|p1b: Dragonite|75\/100|[from] item: Life Orb\n|move|p2b: Ting-Lu|Fissure|p1a: Maushold|[miss]\n|-miss|p2b: Ting-Lu|p1a: Maushold\n|\n|-weather|none\n|upkeep\n|turn|6\n|\n|t:|1683171111\n|move|p2a: Palafin|Protect||[still]\n|-fail|p2a: Palafin\n|move|p1b: Dragonite|Extreme Speed|p2b: Ting-Lu\n|-crit|p2b: Ting-Lu\n|-damage|p2b: Ting-Lu|0 fnt\n|faint|p2b: Ting-Lu\n|-damage|p1b: Dragonite|66\/100|[from] item: Life Orb\n|move|p1a: Maushold|Population Bomb|p2a: Palafin|[miss]\n|-miss|p1a: Maushold|p2a: Palafin\n|\n|-end|p2a: Palafin|Encore\n|upkeep\n|turn|7\n|\n|t:|1683171126\n|-terastallize|p1b: Dragonite|Normal\n|move|p1a: Maushold|Follow Me|p1a: Maushold\n|-singleturn|p1a: Maushold|move: Follow Me\n|move|p1b: Dragonite|Extreme Speed|p2a: Palafin\n|-damage|p2a: Palafin|30\/100\n|-damage|p1b: Dragonite|56\/100|[from] item: Life Orb\n|move|p2a: Palafin|Jet Punch|p1a: Maushold\n|-damage|p1a: Maushold|0 fnt\n|faint|p1a: Maushold\n|\n|upkeep\n|turn|8\n|\n|t:|1683171140\n|move|p1b: Dragonite|Extreme Speed|p2a: Palafin\n|-damage|p2a: Palafin|0 fnt\n|faint|p2a: Palafin\n|-damage|p1b: Dragonite|46\/100|[from] item: Life Orb\n|\n|win|shuijunjun\n|raw|shuijunjun's rating: 1162 → 1191<\/strong> (+29 for winning)\n|raw|ItsRayYT's rating: 1215 → 1186<\/strong> (-29 for losing)\n|l|\u2606ItsRayYT\n","uploadtime":1683171150,"views":14,"p1id":"shuijunjun","p2id":"itsrayyt","formatid":"gen9vgc2023regulationc","rating":1186,"private":0,"password":""}