{"id":"gen9vgc2023regulationc-1858763949","p1":"pchan1f","p2":"wreckitregenald","format":"[Gen 9] VGC 2023 Regulation C","log":"|j|\u2606pchan1f\n|j|\u2606wreckitregenald\n|t:|1683356250\n|gametype|doubles\n|player|p1|pchan1f|2|1036\n|player|p2|wreckitregenald|169|1111\n|teamsize|p1|6\n|teamsize|p2|6\n|gen|9\n|tier|[Gen 9] VGC 2023 Regulation C\n|rated|\n|rule|Species Clause: Limit one of each Pok\u00e9mon\n|rule|Item Clause: Limit one of each item\n|clearpoke\n|poke|p1|Pincurchin, L50, M|\n|poke|p1|Iron Treads, L50|\n|poke|p1|Iron Bundle, L50|\n|poke|p1|Salamence, L50, M|\n|poke|p1|Rotom-Wash, L50|\n|poke|p1|Pelipper, L50, M|\n|poke|p2|Arcanine, L50, M|\n|poke|p2|Gothitelle, L50, M|\n|poke|p2|Amoonguss, L50, F|\n|poke|p2|Scream Tail, L50|\n|poke|p2|Flutter Mane, L50|\n|poke|p2|Palafin, L50, M|\n|teampreview|4\n|inactive|Battle timer is ON: inactive players will automatically lose when time's up. (requested by wreckitregenald)\nwreckitregenald rejected open team sheets.\n|\n|t:|1683356295\n|start\n|switch|p1a: Pincurchin|Pincurchin, L50, M|100\/100\n|switch|p1b: Rotom|Rotom-Wash, L50|100\/100\n|switch|p2a: Gothitelle|Gothitelle, L50, M|100\/100\n|switch|p2b: Flutter Mane|Flutter Mane, L50|100\/100\n|-fieldstart|move: Electric Terrain|[from] ability: Electric Surge|[of] p1a: Pincurchin\n|-enditem|p1a: Pincurchin|Electric Seed\n|-boost|p1a: Pincurchin|def|1|[from] item: Electric Seed\n|turn|1\n|inactive|wreckitregenald has 30 seconds left.\n|inactive|wreckitregenald has 20 seconds left.\n|\n|t:|1683356332\n|-end|p2b: Flutter Mane|Protosynthesis|[silent]\n|switch|p2b: Amoonguss|Amoonguss, L50, F|100\/100\n|move|p2a: Gothitelle|Fake Out|p1b: Rotom\n|-damage|p1b: Rotom|94\/100\n|cant|p1b: Rotom|flinch\n|move|p1a: Pincurchin|Toxic Spikes|p2a: Gothitelle\n|-sidestart|p2: wreckitregenald|move: Toxic Spikes\n|\n|-heal|p1b: Rotom|99\/100|[from] item: Leftovers\n|upkeep\n|turn|2\n|inactive|pchan1f has 30 seconds left.\n|\n|t:|1683356364\n|move|p2a: Gothitelle|Protect|p2a: Gothitelle\n|-singleturn|p2a: Gothitelle|Protect\n|move|p1b: Rotom|Volt Switch|p2a: Gothitelle\n|-activate|p2a: Gothitelle|move: Protect\n|move|p2b: Amoonguss|Spore|p1b: Rotom\n|-status|p1b: Rotom|slp|[from] move: Spore\n|move|p1a: Pincurchin|Acupressure|p1b: Rotom\n|-boost|p1b: Rotom|spe|2\n|\n|-heal|p1b: Rotom|100\/100 slp|[from] item: Leftovers\n|upkeep\n|turn|3\n|inactive|wreckitregenald has 30 seconds left.\n|\n|t:|1683356392\n|switch|p2a: Scream Tail|Scream Tail, L50|100\/100\n|-enditem|p2a: Scream Tail|Booster Energy\n|-activate|p2a: Scream Tail|ability: Protosynthesis|[fromitem]\n|-start|p2a: Scream Tail|protosynthesisspe\n|-status|p2a: Scream Tail|psn\n|cant|p1b: Rotom|slp\n|move|p2b: Amoonguss|Spore|p1a: Pincurchin\n|-activate|p1a: Pincurchin|move: Electric Terrain\n|move|p1a: Pincurchin|Acupressure|p1b: Rotom\n|-boost|p1b: Rotom|accuracy|2\n|\n|-damage|p2a: Scream Tail|88\/100 psn|[from] psn\n|upkeep\n|turn|4\n|\n|t:|1683356411\n|switch|p2b: Gothitelle|Gothitelle, L50, M|100\/100\n|-status|p2b: Gothitelle|psn\n|move|p2a: Scream Tail|Perish Song|p2a: Scream Tail\n|-start|p1a: Pincurchin|perish3|[silent]\n|-start|p1b: Rotom|perish3|[silent]\n|-start|p2a: Scream Tail|perish3|[silent]\n|-start|p2b: Gothitelle|perish3|[silent]\n|-fieldactivate|move: Perish Song\n|-curestatus|p1b: Rotom|slp|[msg]\n|move|p1b: Rotom|Hydro Pump|p2a: Scream Tail\n|-damage|p2a: Scream Tail|49\/100 psn\n|move|p1a: Pincurchin|Acupressure|p1b: Rotom\n|-boost|p1b: Rotom|spa|2\n|\n|-damage|p2a: Scream Tail|37\/100 psn|[from] psn\n|-damage|p2b: Gothitelle|88\/100 psn|[from] psn\n|-start|p2a: Scream Tail|perish3\n|-start|p1b: Rotom|perish3\n|-start|p2b: Gothitelle|perish3\n|-start|p1a: Pincurchin|perish3\n|upkeep\n|turn|5\n|inactive|pchan1f has 30 seconds left.\n|inactive|wreckitregenald has 30 seconds left.\n|inactive|pchan1f has 20 seconds left.\n|inactive|wreckitregenald has 20 seconds left.\n|inactive|pchan1f has 15 seconds left.\n|inactive|wreckitregenald has 15 seconds left.\n|inactive|pchan1f has 10 seconds left.\n|inactive|wreckitregenald has 10 seconds left.\n|\n|t:|1683356458\n|move|p2a: Scream Tail|Disable|p1b: Rotom\n|-start|p1b: Rotom|Disable|Hydro Pump\n|move|p1b: Rotom|Volt Switch|p2a: Scream Tail\n|-damage|p2a: Scream Tail|0 fnt\n|faint|p2a: Scream Tail\n|-end|p2a: Scream Tail|Protosynthesis|[silent]\n|\n|t:|1683356473\n|switch|p1b: Iron Treads|Iron Treads, L50|100\/100|[from] Volt Switch\n|-activate|p1b: Iron Treads|ability: Quark Drive\n|-start|p1b: Iron Treads|quarkdrivespe\n|move|p2b: Gothitelle|Heal Pulse|p2: Scream Tail|[notarget]\n|-fail|p2b: Gothitelle\n|move|p1a: Pincurchin|Memento|p2b: Gothitelle\n|-unboost|p2b: Gothitelle|atk|2\n|-unboost|p2b: Gothitelle|spa|2\n|faint|p1a: Pincurchin\n|\n|-damage|p2b: Gothitelle|76\/100 psn|[from] psn\n|-start|p2b: Gothitelle|perish2\n|-fieldend|move: Electric Terrain\n|-end|p1b: Iron Treads|Quark Drive\n|upkeep\n|\n|t:|1683356490\n|switch|p2a: Amoonguss|Amoonguss, L50, F|100\/100\n|switch|p1a: Iron Bundle|Iron Bundle, L50|100\/100\n|-sideend|p2: wreckitregenald|move: Toxic Spikes|[of] p2a: Amoonguss\n|turn|6\n|inactive|pchan1f has 30 seconds left.\n|inactive|pchan1f has 20 seconds left.\n|inactive|pchan1f has 15 seconds left.\n|inactive|pchan1f has 10 seconds left.\n|\n|t:|1683356535\n|-terastallize|p1b: Iron Treads|Flying\n|move|p2b: Gothitelle|Protect|p2b: Gothitelle\n|-singleturn|p2b: Gothitelle|Protect\n|move|p1a: Iron Bundle|Freeze-Dry|p2a: Amoonguss\n|-supereffective|p2a: Amoonguss\n|-damage|p2a: Amoonguss|51\/100\n|move|p1b: Iron Treads|Iron Head|p2a: Amoonguss\n|-damage|p2a: Amoonguss|0 fnt\n|faint|p2a: Amoonguss\n|\n|-damage|p2b: Gothitelle|63\/100 psn|[from] psn\n|-start|p2b: Gothitelle|perish1\n|upkeep\n|\n|t:|1683356553\n|switch|p2a: Flutter Mane|Flutter Mane, L50|100\/100\n|turn|7\n|\n|t:|1683356570\n|move|p1a: Iron Bundle|Icy Wind|p2a: Flutter Mane|[spread] p2a,p2b\n|-damage|p2a: Flutter Mane|78\/100\n|-damage|p2b: Gothitelle|47\/100 psn\n|-unboost|p2a: Flutter Mane|spe|1\n|-unboost|p2b: Gothitelle|spe|1\n|-enditem|p2b: Gothitelle|Sitrus Berry|[eat]\n|-heal|p2b: Gothitelle|72\/100 psn|[from] item: Sitrus Berry\n|move|p1b: Iron Treads|Iron Head|p2a: Flutter Mane\n|-supereffective|p2a: Flutter Mane\n|-damage|p2a: Flutter Mane|0 fnt\n|faint|p2a: Flutter Mane\n|-end|p2a: Flutter Mane|Protosynthesis|[silent]\n|move|p2b: Gothitelle|Psychic|p1b: Iron Treads\n|-damage|p1b: Iron Treads|79\/100\n|\n|-damage|p2b: Gothitelle|60\/100 psn|[from] psn\n|-start|p2b: Gothitelle|perish0\n|upkeep\n|faint|p2b: Gothitelle\n|\n|win|pchan1f\n|raw|pchan1f's rating: 1036 → 1078<\/strong> (+42 for winning)\n|raw|wreckitregenald's rating: 1111 → 1081<\/strong> (-30 for losing)\n|l|\u2606wreckitregenald\n","uploadtime":1683356872,"views":8,"p1id":"pchan1f","p2id":"wreckitregenald","formatid":"gen9vgc2023regulationc","rating":1078,"private":0,"password":""}