{"id":"gen9vgc2023regulationc-1851550473","p1":"RisingVoltTackler","p2":"pultrah","format":"[Gen 9] VGC 2023 Regulation C","log":"|j|\u2606RisingVoltTackler\n|j|\u2606pultrah\n|t:|1682454835\n|gametype|doubles\n|player|p1|RisingVoltTackler|bugcatcher-gen4dp|1150\n|player|p2|pultrah|266|1110\n|teamsize|p1|6\n|teamsize|p2|6\n|gen|9\n|tier|[Gen 9] VGC 2023 Regulation C\n|rated|\n|rule|Species Clause: Limit one of each Pok\u00e9mon\n|rule|Item Clause: Limit one of each item\n|clearpoke\n|poke|p1|Abomasnow, L50, M|\n|poke|p1|Hariyama, L50, M|\n|poke|p1|Indeedee-F, L50, F|\n|poke|p1|Armarouge, L50, M|\n|poke|p1|Cetitan, L50, F|\n|poke|p1|Gyarados, L50, M|\n|poke|p2|Ting-Lu, L50|\n|poke|p2|Garganacl, L50, F|\n|poke|p2|Amoonguss, L50, M|\n|poke|p2|Arcanine, L50, M|\n|poke|p2|Roaring Moon, L50|\n|poke|p2|Iron Bundle, L50|\n|teampreview|4\n|inactive|Battle timer is ON: inactive players will automatically lose when time's up. (requested by pultrah)\n|inactive|RisingVoltTackler has 60 seconds left.\n|inactive|pultrah has 60 seconds left.\n|\n|t:|1682454880\n|start\n|switch|p1a: Abomasnow|Abomasnow, L50, M|100\/100\n|switch|p1b: Hariyama|Hariyama, L50, M|100\/100\n|switch|p2a: Garganacl|Garganacl, L50, F|100\/100\n|switch|p2b: Arcanine|Arcanine, L50, M|100\/100\n|-ability|p2b: Arcanine|Intimidate|boost\n|-unboost|p1a: Abomasnow|atk|1\n|-unboost|p1b: Hariyama|atk|1\n|-weather|Snow|[from] ability: Snow Warning|[of] p1a: Abomasnow\n|turn|1\n|inactive|RisingVoltTackler has 30 seconds left.\n|inactive|pultrah has 30 seconds left.\n|\n|t:|1682454912\n|move|p1b: Hariyama|Fake Out|p2b: Arcanine\n|-damage|p2b: Arcanine|91\/100\n|cant|p2b: Arcanine|flinch\n|move|p1a: Abomasnow|Aurora Veil|p1a: Abomasnow\n|-sidestart|p1: RisingVoltTackler|move: Aurora Veil\n|move|p2a: Garganacl|Salt Cure|p1b: Hariyama\n|-resisted|p1b: Hariyama\n|-damage|p1b: Hariyama|95\/100\n|-start|p1b: Hariyama|Salt Cure\n|\n|-weather|Snow|[upkeep]\n|-damage|p1b: Hariyama|83\/100|[from] Salt Cure\n|upkeep\n|turn|2\n|inactive|RisingVoltTackler has 30 seconds left.\n|inactive|pultrah has 30 seconds left.\n|\n|t:|1682454943\n|-terastallize|p2a: Garganacl|Ghost\n|move|p2b: Arcanine|Flare Blitz|p1b: Hariyama\n|-damage|p1b: Hariyama|47\/100\n|-damage|p2b: Arcanine|77\/100|[from] Recoil\n|move|p1a: Abomasnow|Leech Seed|p2b: Arcanine\n|-start|p2b: Arcanine|move: Leech Seed\n|move|p1b: Hariyama|Headlong Rush|p2a: Garganacl\n|-damage|p2a: Garganacl|84\/100\n|-unboost|p1b: Hariyama|def|1\n|-unboost|p1b: Hariyama|spd|1\n|move|p2a: Garganacl|Salt Cure|p1a: Abomasnow\n|-supereffective|p1a: Abomasnow\n|-damage|p1a: Abomasnow|88\/100\n|-start|p1a: Abomasnow|Salt Cure\n|\n|-weather|Snow|[upkeep]\n|-heal|p2a: Garganacl|89\/100|[from] item: Leftovers\n|-damage|p2b: Arcanine|65\/100|[from] Leech Seed|[of] p1a: Abomasnow\n|-heal|p1a: Abomasnow|100\/100|[silent]\n|-damage|p1a: Abomasnow|88\/100|[from] Salt Cure\n|-damage|p1b: Hariyama|34\/100|[from] Salt Cure\n|upkeep\n|turn|3\n|inactive|RisingVoltTackler has 30 seconds left.\n|inactive|pultrah has 30 seconds left.\n|inactive|pultrah has 20 seconds left.\n|inactive|pultrah has 15 seconds left.\n|\n|t:|1682454984\n|switch|p2b: Amoonguss|Amoonguss, L50, M|100\/100\n|switch|p1b: Indeedee|Indeedee-F, L50, F|100\/100\n|-fieldstart|move: Psychic Terrain|[from] ability: Psychic Surge|[of] p1b: Indeedee\n|-enditem|p1b: Indeedee|Psychic Seed\n|-boost|p1b: Indeedee|spd|1|[from] item: Psychic Seed\n|move|p1a: Abomasnow|Blizzard|p2b: Amoonguss|[spread] p2a,p2b\n|-supereffective|p2b: Amoonguss\n|-damage|p2a: Garganacl|69\/100\n|-damage|p2b: Amoonguss|48\/100\n|-enditem|p2b: Amoonguss|Sitrus Berry|[eat]\n|-heal|p2b: Amoonguss|73\/100|[from] item: Sitrus Berry\n|move|p2a: Garganacl|Stealth Rock|p1a: Abomasnow\n|-sidestart|p1: RisingVoltTackler|move: Stealth Rock\n|\n|-weather|Snow|[upkeep]\n|-heal|p2a: Garganacl|75\/100|[from] item: Leftovers\n|-damage|p1a: Abomasnow|76\/100|[from] Salt Cure\n|upkeep\n|turn|4\n|inactive|RisingVoltTackler has 30 seconds left.\n|inactive|RisingVoltTackler has 20 seconds left.\n|inactive|RisingVoltTackler has 15 seconds left.\n|inactive|RisingVoltTackler has 10 seconds left.\n|\n|t:|1682455030\n|switch|p1a: Armarouge|Armarouge, L50, M|100\/100\n|-damage|p1a: Armarouge|76\/100|[from] Stealth Rock\n|move|p1b: Indeedee|Protect|p1b: Indeedee\n|-singleturn|p1b: Indeedee|Protect\n|move|p2b: Amoonguss|Protect|p2b: Amoonguss\n|-singleturn|p2b: Amoonguss|Protect\n|move|p2a: Garganacl|Salt Cure|p1b: Indeedee\n|-activate|p1b: Indeedee|move: Protect\n|\n|-weather|Snow|[upkeep]\n|-heal|p2a: Garganacl|81\/100|[from] item: Leftovers\n|upkeep\n|turn|5\n|inactive|RisingVoltTackler has 30 seconds left.\n|inactive|pultrah has 30 seconds left.\n|inactive|RisingVoltTackler has 20 seconds left.\n|\n|t:|1682455066\n|switch|p2b: Iron Bundle|Iron Bundle, L50|100\/100\n|-terastallize|p1a: Armarouge|Grass\n|move|p1b: Indeedee|Dazzling Gleam|p2a: Garganacl|[spread] p2a,p2b\n|-damage|p2a: Garganacl|72\/100\n|-damage|p2b: Iron Bundle|74\/100\n|move|p1a: Armarouge|Expanding Force|p2a: Garganacl|[spread] p2a,p2b\n|-damage|p2a: Garganacl|26\/100\n|-damage|p2b: Iron Bundle|0 fnt\n|faint|p2b: Iron Bundle\n|-end|p2b: Iron Bundle|Quark Drive|[silent]\n|move|p2a: Garganacl|Salt Cure|p1b: Indeedee\n|-damage|p1b: Indeedee|91\/100\n|-start|p1b: Indeedee|Salt Cure\n|\n|-weather|Snow|[upkeep]\n|-heal|p2a: Garganacl|32\/100|[from] item: Leftovers\n|-damage|p1b: Indeedee|79\/100|[from] Salt Cure\n|-sideend|p1: RisingVoltTackler|move: Aurora Veil\n|upkeep\n|\n|t:|1682455079\n|switch|p2b: Arcanine|Arcanine, L50, M|65\/100\n|-ability|p2b: Arcanine|Intimidate|boost\n|-unboost|p1a: Armarouge|atk|1\n|-unboost|p1b: Indeedee|atk|1\n|turn|6\n|\n|t:|1682455103\n|move|p2b: Arcanine|Protect|p2b: Arcanine\n|-singleturn|p2b: Arcanine|Protect\n|move|p2a: Garganacl|Protect|p2a: Garganacl\n|-singleturn|p2a: Garganacl|Protect\n|move|p1b: Indeedee|Follow Me|p1b: Indeedee\n|-singleturn|p1b: Indeedee|move: Follow Me\n|move|p1a: Armarouge|Expanding Force|p2b: Arcanine|[spread] \n|-activate|p2a: Garganacl|move: Protect\n|-activate|p2b: Arcanine|move: Protect\n|\n|-weather|Snow|[upkeep]\n|-heal|p2a: Garganacl|38\/100|[from] item: Leftovers\n|-damage|p1b: Indeedee|67\/100|[from] Salt Cure\n|upkeep\n|turn|7\n|inactive|pultrah has 30 seconds left.\n|\n|t:|1682455134\n|switch|p2b: Amoonguss|Amoonguss, L50, M|100\/100\n|move|p2a: Garganacl|Protect|p2a: Garganacl\n|-singleturn|p2a: Garganacl|Protect\n|move|p1b: Indeedee|Follow Me|p1b: Indeedee\n|-singleturn|p1b: Indeedee|move: Follow Me\n|move|p1a: Armarouge|Expanding Force|p2b: Amoonguss|[spread] p2b\n|-activate|p2a: Garganacl|move: Protect\n|-supereffective|p2b: Amoonguss\n|-damage|p2b: Amoonguss|0 fnt\n|faint|p2b: Amoonguss\n|\n|-weather|Snow|[upkeep]\n|-heal|p2a: Garganacl|43\/100|[from] item: Leftovers\n|-damage|p1b: Indeedee|54\/100|[from] Salt Cure\n|-fieldend|move: Psychic Terrain\n|upkeep\n|\n|t:|1682455141\n|switch|p2b: Arcanine|Arcanine, L50, M|65\/100\n|-ability|p2b: Arcanine|Intimidate|boost\n|-unboost|p1a: Armarouge|atk|1\n|-unboost|p1b: Indeedee|atk|1\n|turn|8\n|inactive|RisingVoltTackler has 30 seconds left.\n|\n|t:|1682455170\n|move|p1b: Indeedee|Follow Me|p1b: Indeedee\n|-singleturn|p1b: Indeedee|move: Follow Me\n|move|p2b: Arcanine|Flare Blitz|p1b: Indeedee\n|-damage|p1b: Indeedee|5\/100\n|-damage|p2b: Arcanine|50\/100|[from] Recoil\n|move|p1a: Armarouge|Expanding Force|p2a: Garganacl\n|-damage|p2a: Garganacl|10\/100\n|move|p2a: Garganacl|Recover|p2a: Garganacl\n|-heal|p2a: Garganacl|60\/100\n|\n|-weather|none\n|-heal|p2a: Garganacl|66\/100|[from] item: Leftovers\n|-damage|p1b: Indeedee|0 fnt|[from] Salt Cure\n|faint|p1b: Indeedee\n|upkeep\n|inactive|RisingVoltTackler has 30 seconds left.\n|\n|t:|1682455199\n|switch|p1b: Hariyama|Hariyama, L50, M|34\/100\n|-damage|p1b: Hariyama|28\/100|[from] Stealth Rock\n|turn|9\n|\n|t:|1682455214\n|move|p2b: Arcanine|Protect|p2b: Arcanine\n|-singleturn|p2b: Arcanine|Protect\n|move|p1b: Hariyama|Fake Out|p2b: Arcanine\n|-activate|p2b: Arcanine|move: Protect\n|move|p1a: Armarouge|Energy Ball|p2a: Garganacl\n|-damage|p2a: Garganacl|31\/100\n|move|p2a: Garganacl|Recover|p2a: Garganacl\n|-heal|p2a: Garganacl|81\/100\n|\n|-heal|p2a: Garganacl|87\/100|[from] item: Leftovers\n|upkeep\n|turn|10\n|inactive|RisingVoltTackler has 30 seconds left.\n|\n|t:|1682455240\n|switch|p1a: Abomasnow|Abomasnow, L50, M|76\/100\n|-damage|p1a: Abomasnow|51\/100|[from] Stealth Rock\n|-weather|Snow|[from] ability: Snow Warning|[of] p1a: Abomasnow\n|move|p2b: Arcanine|Flare Blitz|p1a: Abomasnow\n|-supereffective|p1a: Abomasnow\n|-damage|p1a: Abomasnow|0 fnt\n|faint|p1a: Abomasnow\n|-damage|p2b: Arcanine|35\/100|[from] Recoil\n|move|p1b: Hariyama|Headlong Rush|p2b: Arcanine\n|-supereffective|p2b: Arcanine\n|-damage|p2b: Arcanine|0 fnt\n|-unboost|p1b: Hariyama|def|1\n|-unboost|p1b: Hariyama|spd|1\n|faint|p2b: Arcanine\n|move|p2a: Garganacl|Salt Cure|p1b: Hariyama\n|-resisted|p1b: Hariyama\n|-damage|p1b: Hariyama|17\/100\n|-start|p1b: Hariyama|Salt Cure\n|\n|-weather|Snow|[upkeep]\n|-heal|p2a: Garganacl|93\/100|[from] item: Leftovers\n|-damage|p1b: Hariyama|5\/100|[from] Salt Cure\n|upkeep\n|\n|t:|1682455264\n|switch|p1a: Armarouge|Armarouge, L50, M, tera:Grass|76\/100\n|-damage|p1a: Armarouge|64\/100|[from] Stealth Rock\n|turn|11\n|\n|t:|1682455279\n|move|p2a: Garganacl|Protect|p2a: Garganacl\n|-singleturn|p2a: Garganacl|Protect\n|move|p1b: Hariyama|Bullet Punch|p2a: Garganacl\n|-activate|p2a: Garganacl|move: Protect\n|move|p1a: Armarouge|Energy Ball|p2a: Garganacl\n|-activate|p2a: Garganacl|move: Protect\n|\n|-weather|Snow|[upkeep]\n|-heal|p2a: Garganacl|99\/100|[from] item: Leftovers\n|-damage|p1b: Hariyama|0 fnt|[from] Salt Cure\n|faint|p1b: Hariyama\n|upkeep\n|turn|12\n|\n|t:|1682455295\n|move|p1a: Armarouge|Energy Ball|p2a: Garganacl\n|-damage|p2a: Garganacl|60\/100\n|move|p2a: Garganacl|Salt Cure|p1a: Armarouge\n|-damage|p1a: Armarouge|50\/100\n|\n|-weather|Snow|[upkeep]\n|-heal|p2a: Garganacl|66\/100|[from] item: Leftovers\n|upkeep\n|turn|13\n|\n|t:|1682455305\n|move|p1a: Armarouge|Energy Ball|p2a: Garganacl\n|-damage|p2a: Garganacl|31\/100\n|move|p2a: Garganacl|Recover|p2a: Garganacl\n|-heal|p2a: Garganacl|81\/100\n|\n|-weather|Snow|[upkeep]\n|-heal|p2a: Garganacl|87\/100|[from] item: Leftovers\n|upkeep\n|turn|14\n|\n|t:|1682455320\n|move|p2a: Garganacl|Protect|p2a: Garganacl\n|-singleturn|p2a: Garganacl|Protect\n|move|p1a: Armarouge|Energy Ball|p2a: Garganacl\n|-activate|p2a: Garganacl|move: Protect\n|\n|-weather|Snow|[upkeep]\n|-heal|p2a: Garganacl|93\/100|[from] item: Leftovers\n|upkeep\n|turn|15\n|\n|t:|1682455330\n|move|p1a: Armarouge|Energy Ball|p2a: Garganacl\n|-damage|p2a: Garganacl|58\/100\n|move|p2a: Garganacl|Salt Cure|p1a: Armarouge\n|-damage|p1a: Armarouge|37\/100\n|\n|-weather|Snow|[upkeep]\n|-heal|p2a: Garganacl|63\/100|[from] item: Leftovers\n|upkeep\n|turn|16\n|\n|t:|1682455341\n|move|p1a: Armarouge|Energy Ball|p2a: Garganacl\n|-damage|p2a: Garganacl|24\/100\n|move|p2a: Garganacl|Recover|p2a: Garganacl\n|-heal|p2a: Garganacl|74\/100\n|\n|-weather|Snow|[upkeep]\n|-heal|p2a: Garganacl|80\/100|[from] item: Leftovers\n|upkeep\n|turn|17\n|inactive|RisingVoltTackler has 30 seconds left.\n|\n|t:|1682455351\n|move|p2a: Garganacl|Protect|p2a: Garganacl\n|-singleturn|p2a: Garganacl|Protect\n|move|p1a: Armarouge|Energy Ball|p2a: Garganacl\n|-activate|p2a: Garganacl|move: Protect\n|\n|-weather|none\n|-heal|p2a: Garganacl|86\/100|[from] item: Leftovers\n|upkeep\n|turn|18\n|inactive|RisingVoltTackler has 25 seconds left this turn.\n|inactive|RisingVoltTackler has 20 seconds left.\n|inactive|RisingVoltTackler has 15 seconds left.\n|\n|t:|1682455362\n|move|p1a: Armarouge|Energy Ball|p2a: Garganacl\n|-damage|p2a: Garganacl|51\/100\n|move|p2a: Garganacl|Salt Cure|p1a: Armarouge\n|-damage|p1a: Armarouge|25\/100\n|\n|-heal|p2a: Garganacl|57\/100|[from] item: Leftovers\n|upkeep\n|turn|19\n|inactive|RisingVoltTackler has 15 seconds left this turn.\n|inactive|RisingVoltTackler has 10 seconds left.\n|\n|t:|1682455371\n|move|p1a: Armarouge|Expanding Force|p2a: Garganacl\n|-damage|p2a: Garganacl|23\/100\n|move|p2a: Garganacl|Recover|p2a: Garganacl\n|-heal|p2a: Garganacl|73\/100\n|\n|-heal|p2a: Garganacl|79\/100|[from] item: Leftovers\n|upkeep\n|turn|20\n|inactive|RisingVoltTackler has 10 seconds left this turn.\n|inactive|RisingVoltTackler has 5 seconds left.\n|\n|t:|1682455380\n|move|p1a: Armarouge|Energy Ball|p2a: Garganacl\n|-damage|p2a: Garganacl|40\/100\n|move|p2a: Garganacl|Salt Cure|p1a: Armarouge\n|-damage|p1a: Armarouge|10\/100\n|\n|-heal|p2a: Garganacl|45\/100|[from] item: Leftovers\n|upkeep\n|turn|21\n|inactive|RisingVoltTackler has 5 seconds left this turn.\n|-message|RisingVoltTackler lost due to inactivity.\n|\n|win|pultrah\n|raw|RisingVoltTackler's rating: 1150 → 1122<\/strong> (-28 for losing)\n|raw|pultrah's rating: 1110 → 1138<\/strong> (+28 for winning)\n","uploadtime":1682455396,"views":9,"p1id":"risingvolttackler","p2id":"pultrah","formatid":"gen9vgc2023regulationc","rating":1122,"private":0,"password":""}