{"id":"gen9vgc2023regulationc-1848457020","p1":"Gabofour","p2":"glitchy_potat","format":"[Gen 9] VGC 2023 Regulation C","log":"|j|\u2606Gabofour\n|j|\u2606glitchy_potat\n|t:|1682080430\n|gametype|doubles\n|player|p1|Gabofour|jogger|1341\n|player|p2|glitchy_potat|nate|1388\n|teamsize|p1|6\n|teamsize|p2|6\n|gen|9\n|tier|[Gen 9] VGC 2023 Regulation C\n|rated|\n|rule|Species Clause: Limit one of each Pok\u00e9mon\n|rule|Item Clause: Limit one of each item\n|clearpoke\n|poke|p1|Amoonguss, L50, M|\n|poke|p1|Ting-Lu, L50|\n|poke|p1|Iron Hands, L50|\n|poke|p1|Kingambit, L50, F|\n|poke|p1|Gyarados, L50, M|\n|poke|p1|Flutter Mane, L50|\n|poke|p2|Palafin, L50, M|\n|poke|p2|Dragonite, L50, M|\n|poke|p2|Brute Bonnet, L50|\n|poke|p2|Armarouge, L50, F|\n|poke|p2|Flutter Mane, L50|\n|poke|p2|Chien-Pao, L50|\n|teampreview|4\n|inactive|Battle timer is ON: inactive players will automatically lose when time's up. (requested by glitchy_potat)\n|inactive|Gabofour also wants the timer to be on.\n|inactive|Gabofour has 60 seconds left.\n|inactive|Gabofour has 30 seconds left.\n|inactive|Gabofour has 20 seconds left.\n|inactive|Gabofour has 15 seconds left.\n|inactive|Gabofour has 10 seconds left.\n|\n|t:|1682080514\n|start\n|switch|p1a: Flutter Mane|Flutter Mane, L50|100\/100\n|switch|p1b: Iron Hands|Iron Hands, L50, shiny|100\/100\n|switch|p2a: Brute Bonnet|Brute Bonnet, L50|100\/100\n|switch|p2b: Dragonite|Dragonite, L50, M, shiny|100\/100\n|-enditem|p1a: Flutter Mane|Booster Energy\n|-activate|p1a: Flutter Mane|ability: Protosynthesis|[fromitem]\n|-start|p1a: Flutter Mane|protosynthesisspa\n|turn|1\n|inactive|glitchy_potat has 30 seconds left.\n|inactive|glitchy_potat has 20 seconds left.\n|inactive|glitchy_potat has 15 seconds left.\n|inactive|glitchy_potat has 10 seconds left.\n|\n|t:|1682080560\n|-terastallize|p2a: Brute Bonnet|Fire\n|move|p1b: Iron Hands|Fake Out|p2b: Dragonite\n|-damage|p2b: Dragonite|94\/100\n|move|p1a: Flutter Mane|Dazzling Gleam|p2a: Brute Bonnet|[spread] p2a,p2b\n|-resisted|p2a: Brute Bonnet\n|-supereffective|p2b: Dragonite\n|-damage|p2a: Brute Bonnet|83\/100\n|-damage|p2b: Dragonite|22\/100\n|cant|p2b: Dragonite|flinch\n|move|p2a: Brute Bonnet|Spore|p1b: Iron Hands\n|-status|p1b: Iron Hands|slp|[from] move: Spore\n|\n|upkeep\n|turn|2\n|inactive|glitchy_potat has 30 seconds left.\n|\n|t:|1682080586\n|switch|p2b: Flutter Mane|Flutter Mane, L50|100\/100\n|-enditem|p2b: Flutter Mane|Booster Energy\n|-activate|p2b: Flutter Mane|ability: Protosynthesis|[fromitem]\n|-start|p2b: Flutter Mane|protosynthesisspe\n|-end|p1b: Iron Hands|Quark Drive|[silent]\n|switch|p1b: Gyarados|Gyarados, L50, M, shiny|100\/100\n|-ability|p1b: Gyarados|Intimidate|boost\n|-unboost|p2a: Brute Bonnet|atk|1\n|-unboost|p2b: Flutter Mane|atk|1\n|move|p2a: Brute Bonnet|Sucker Punch|p1a: Flutter Mane\n|-crit|p1a: Flutter Mane\n|-damage|p1a: Flutter Mane|24\/100\n|move|p1a: Flutter Mane|Dazzling Gleam|p2a: Brute Bonnet|[spread] p2a,p2b\n|-resisted|p2a: Brute Bonnet\n|-damage|p2a: Brute Bonnet|66\/100\n|-damage|p2b: Flutter Mane|60\/100\n|\n|upkeep\n|turn|3\n|inactive|glitchy_potat has 30 seconds left.\n|inactive|glitchy_potat has 20 seconds left.\n|inactive|glitchy_potat has 15 seconds left.\n|\n|t:|1682080630\n|move|p1a: Flutter Mane|Protect|p1a: Flutter Mane\n|-singleturn|p1a: Flutter Mane|Protect\n|move|p2a: Brute Bonnet|Sucker Punch||[still]\n|-fail|p2a: Brute Bonnet\n|move|p2b: Flutter Mane|Dazzling Gleam|p1a: Flutter Mane|[spread] p1b\n|-activate|p1a: Flutter Mane|move: Protect\n|-damage|p1b: Gyarados|76\/100\n|move|p1b: Gyarados|Thunder Wave|p2b: Flutter Mane|[miss]\n|-miss|p1b: Gyarados|p2b: Flutter Mane\n|\n|upkeep\n|turn|4\n|\n|t:|1682080650\n|-end|p1a: Flutter Mane|Protosynthesis|[silent]\n|switch|p1a: Ting-Lu|Ting-Lu, L50|100\/100\n|-ability|p1a: Ting-Lu|Vessel of Ruin\n|move|p2b: Flutter Mane|Dazzling Gleam|p1a: Ting-Lu|[spread] p1a,p1b\n|-supereffective|p1a: Ting-Lu\n|-damage|p1a: Ting-Lu|66\/100\n|-damage|p1b: Gyarados|57\/100\n|move|p1b: Gyarados|Thunder Wave|p2b: Flutter Mane\n|-status|p2b: Flutter Mane|par\n|move|p2a: Brute Bonnet|Spore|p1b: Gyarados\n|-activate|p1b: Gyarados|item: Safety Goggles|Spore\n|\n|-heal|p1a: Ting-Lu|72\/100|[from] item: Leftovers\n|upkeep\n|turn|5\n|inactive|Gabofour has 30 seconds left.\n|inactive|glitchy_potat has 30 seconds left.\n|inactive|glitchy_potat has 20 seconds left.\n|inactive|glitchy_potat has 15 seconds left.\n|\n|t:|1682080692\n|-end|p2a: Brute Bonnet|Protosynthesis|[silent]\n|switch|p2a: Dragonite|Dragonite, L50, M, shiny|22\/100\n|-terastallize|p1a: Ting-Lu|Poison\n|move|p2b: Flutter Mane|Dazzling Gleam|p1a: Ting-Lu|[spread] p1a,p1b\n|-resisted|p1a: Ting-Lu\n|-damage|p1a: Ting-Lu|65\/100\n|-damage|p1b: Gyarados|40\/100\n|move|p1b: Gyarados|Waterfall|p2a: Dragonite\n|-resisted|p2a: Dragonite\n|-damage|p2a: Dragonite|5\/100\n|move|p1a: Ting-Lu|Heavy Slam|p2b: Flutter Mane\n|-supereffective|p2b: Flutter Mane\n|-damage|p2b: Flutter Mane|0 fnt\n|faint|p2b: Flutter Mane\n|-end|p2b: Flutter Mane|Protosynthesis|[silent]\n|\n|-heal|p1a: Ting-Lu|71\/100|[from] item: Leftovers\n|upkeep\n|\n|t:|1682080714\n|switch|p2b: Chien-Pao|Chien-Pao, L50|100\/100\n|-ability|p2b: Chien-Pao|Sword of Ruin\n|turn|6\n|\n|t:|1682080735\n|switch|p1b: Iron Hands|Iron Hands, L50, shiny|100\/100 slp\n|move|p2b: Chien-Pao|Protect|p2b: Chien-Pao\n|-singleturn|p2b: Chien-Pao|Protect\n|move|p2a: Dragonite|Extreme Speed|p1b: Iron Hands\n|-damage|p1b: Iron Hands|74\/100 slp\n|move|p1a: Ting-Lu|Heavy Slam|p2b: Chien-Pao\n|-activate|p2b: Chien-Pao|move: Protect\n|\n|-heal|p1a: Ting-Lu|77\/100|[from] item: Leftovers\n|upkeep\n|turn|7\n|\n|t:|1682080758\n|cant|p1b: Iron Hands|slp\n|move|p2b: Chien-Pao|Ice Spinner|p1a: Ting-Lu\n|-damage|p1a: Ting-Lu|53\/100\n|move|p2a: Dragonite|Iron Head|p1a: Ting-Lu\n|-damage|p1a: Ting-Lu|31\/100\n|move|p1a: Ting-Lu|Heavy Slam|p2b: Chien-Pao\n|-supereffective|p2b: Chien-Pao\n|-crit|p2b: Chien-Pao\n|-enditem|p2b: Chien-Pao|Focus Sash\n|-damage|p2b: Chien-Pao|1\/100\n|\n|-heal|p1a: Ting-Lu|37\/100|[from] item: Leftovers\n|upkeep\n|turn|8\n|inactive|glitchy_potat has 30 seconds left.\n|\n|t:|1682080786\n|switch|p1a: Gyarados|Gyarados, L50, M, shiny|40\/100\n|-ability|p1a: Gyarados|Intimidate|boost\n|-unboost|p2a: Dragonite|atk|1\n|-unboost|p2b: Chien-Pao|atk|1\n|move|p2b: Chien-Pao|Ice Spinner|p1a: Gyarados\n|-damage|p1a: Gyarados|10\/100\n|move|p2a: Dragonite|Thunder Punch|p1a: Gyarados\n|-supereffective|p1a: Gyarados\n|-damage|p1a: Gyarados|0 fnt\n|faint|p1a: Gyarados\n|-curestatus|p1b: Iron Hands|slp|[msg]\n|move|p1b: Iron Hands|Drain Punch|p2a: Dragonite\n|-resisted|p2a: Dragonite\n|-damage|p2a: Dragonite|0 fnt\n|-heal|p1b: Iron Hands|76\/100|[from] drain|[of] p2a: Dragonite\n|faint|p2a: Dragonite\n|\n|upkeep\n|\n|t:|1682080811\n|switch|p1a: Flutter Mane|Flutter Mane, L50|24\/100\n|switch|p2a: Brute Bonnet|Brute Bonnet, L50, tera:Fire|66\/100\n|turn|9\n|\n|t:|1682080827\n|move|p1a: Flutter Mane|Protect|p1a: Flutter Mane\n|-singleturn|p1a: Flutter Mane|Protect\n|move|p2b: Chien-Pao|Ice Spinner|p1a: Flutter Mane\n|-activate|p1a: Flutter Mane|move: Protect\n|move|p2a: Brute Bonnet|Spore|p1b: Iron Hands\n|-status|p1b: Iron Hands|slp|[from] move: Spore\n|cant|p1b: Iron Hands|slp\n|\n|upkeep\n|turn|10\n|inactive|glitchy_potat has 30 seconds left.\n|\n|t:|1682080853\n|move|p2a: Brute Bonnet|Sucker Punch|p1a: Flutter Mane\n|-damage|p1a: Flutter Mane|0 fnt\n|faint|p1a: Flutter Mane\n|-end|p1a: Flutter Mane|Protosynthesis|[silent]\n|move|p2b: Chien-Pao|Ice Spinner|p1b: Iron Hands\n|-damage|p1b: Iron Hands|54\/100 slp\n|cant|p1b: Iron Hands|slp\n|\n|upkeep\n|\n|t:|1682080860\n|switch|p1a: Ting-Lu|Ting-Lu, L50, tera:Poison|37\/100\n|-ability|p1a: Ting-Lu|Vessel of Ruin\n|turn|11\n|\n|t:|1682080878\n|move|p2a: Brute Bonnet|Sucker Punch|p1a: Ting-Lu\n|-damage|p1a: Ting-Lu|8\/100\n|move|p2b: Chien-Pao|Ice Spinner|p1a: Ting-Lu\n|-damage|p1a: Ting-Lu|0 fnt\n|faint|p1a: Ting-Lu\n|-curestatus|p1b: Iron Hands|slp|[msg]\n|move|p1b: Iron Hands|Drain Punch|p2b: Chien-Pao\n|-supereffective|p2b: Chien-Pao\n|-damage|p2b: Chien-Pao|0 fnt\n|-heal|p1b: Iron Hands|54\/100|[from] drain|[of] p2b: Chien-Pao\n|faint|p2b: Chien-Pao\n|\n|upkeep\n|turn|12\n|\n|t:|1682080894\n|move|p2a: Brute Bonnet|Spore|p1b: Iron Hands\n|-status|p1b: Iron Hands|slp|[from] move: Spore\n|cant|p1b: Iron Hands|slp\n|\n|upkeep\n|turn|13\n|\n|t:|1682080905\n|move|p2a: Brute Bonnet|Seed Bomb|p1b: Iron Hands\n|-damage|p1b: Iron Hands|25\/100 slp\n|-enditem|p1b: Iron Hands|Sitrus Berry|[eat]\n|-heal|p1b: Iron Hands|50\/100 slp|[from] item: Sitrus Berry\n|cant|p1b: Iron Hands|slp\n|\n|upkeep\n|turn|14\n|\n|t:|1682080915\n|move|p2a: Brute Bonnet|Seed Bomb|p1b: Iron Hands\n|-damage|p1b: Iron Hands|17\/100 slp\n|cant|p1b: Iron Hands|slp\n|\n|upkeep\n|turn|15\n|\n|t:|1682080921\n|move|p2a: Brute Bonnet|Seed Bomb|p1b: Iron Hands\n|-damage|p1b: Iron Hands|0 fnt\n|faint|p1b: Iron Hands\n|-end|p1b: Iron Hands|Quark Drive|[silent]\n|\n|win|glitchy_potat\n|raw|Gabofour's rating: 1341 → 1324<\/strong> (-17 for losing)\n|raw|glitchy_potat's rating: 1388 → 1405<\/strong> (+17 for winning)\n","uploadtime":1682080930,"views":15,"p1id":"gabofour","p2id":"glitchypotat","formatid":"gen9vgc2023regulationc","rating":1324,"private":0,"password":""}