{"id":"gen9vgc2023regulationc-1856511998","p1":"Dual Tip","p2":"Rockymoreno2","format":"[Gen 9] VGC 2023 Regulation C","log":"|j|\u2606Dual Tip\n|j|\u2606Rockymoreno2\n|t:|1683069977\n|gametype|doubles\n|player|p1|Dual Tip|skierf|1269\n|player|p2|Rockymoreno2|266|1296\n|teamsize|p1|6\n|teamsize|p2|6\n|gen|9\n|tier|[Gen 9] VGC 2023 Regulation C\n|rated|\n|rule|Species Clause: Limit one of each Pok\u00e9mon\n|rule|Item Clause: Limit one of each item\n|clearpoke\n|poke|p1|Abomasnow, L50, M|\n|poke|p1|Iron Bundle, L50|\n|poke|p1|Ceruledge, L50, F|\n|poke|p1|Scream Tail, L50|\n|poke|p1|Baxcalibur, L50, M|\n|poke|p1|Corviknight, L50, M|\n|poke|p2|Iron Hands, L50|\n|poke|p2|Skeledirge, L50, M|\n|poke|p2|Oranguru, L50, M|\n|poke|p2|Tatsugiri, L50, M|\n|poke|p2|Dondozo, L50, F|\n|poke|p2|Kingambit, L50, F|\n|teampreview|4\n|inactive|Battle timer is ON: inactive players will automatically lose when time's up. (requested by Rockymoreno2)\n|inactive|Dual Tip has 60 seconds left.\n|\n|t:|1683070038\n|start\n|switch|p1a: Abomasnow|Abomasnow, L50, M|100\/100\n|switch|p1b: Iron Bundle|Iron Bundle, L50|100\/100\n|switch|p2a: Kingambit|Kingambit, L50, F|100\/100\n|switch|p2b: Oranguru|Oranguru, L50, M|100\/100\n|-weather|Snow|[from] ability: Snow Warning|[of] p1a: Abomasnow\n|-enditem|p1b: Iron Bundle|Booster Energy\n|-activate|p1b: Iron Bundle|ability: Quark Drive|[fromitem]\n|-start|p1b: Iron Bundle|quarkdrivespe\n|turn|1\n|inactive|Dual Tip has 30 seconds left.\n|\n|t:|1683070073\n|move|p1b: Iron Bundle|Blizzard|p2b: Oranguru|[spread] p2a,p2b\n|-resisted|p2a: Kingambit\n|-damage|p2a: Kingambit|87\/100\n|-damage|p2b: Oranguru|68\/100\n|-status|p2a: Kingambit|frz\n|-status|p2b: Oranguru|frz\n|move|p1a: Abomasnow|Aurora Veil|p1a: Abomasnow\n|-sidestart|p1: Dual Tip|move: Aurora Veil\n|cant|p2a: Kingambit|frz\n|cant|p2b: Oranguru|frz\n|\n|-weather|Snow|[upkeep]\n|upkeep\n|turn|2\n|inactive|Rockymoreno2 has 30 seconds left.\n|\n|t:|1683070101\n|-end|p1b: Iron Bundle|Quark Drive|[silent]\n|switch|p1b: Scream Tail|Scream Tail, L50|100\/100\n|switch|p1a: Ceruledge|Ceruledge, L50, F|100\/100\n|cant|p2a: Kingambit|frz\n|cant|p2b: Oranguru|frz\n|\n|-weather|Snow|[upkeep]\n|upkeep\n|turn|3\n|\n|t:|1683070119\n|move|p1b: Scream Tail|Howl|p1b: Scream Tail|[spread] p1a,p1b\n|-boost|p1a: Ceruledge|atk|1\n|-boost|p1b: Scream Tail|atk|1\n|move|p1a: Ceruledge|Bitter Blade|p2b: Oranguru\n|-damage|p2b: Oranguru|12\/100 frz\n|-curestatus|p2b: Oranguru|frz|[msg]\n|cant|p2a: Kingambit|frz\n|move|p2b: Oranguru|Yawn|p1a: Ceruledge\n|-start|p1a: Ceruledge|move: Yawn|[of] p2b: Oranguru\n|\n|-weather|Snow|[upkeep]\n|upkeep\n|turn|4\n|inactive|Rockymoreno2 has 30 seconds left.\n|\n|t:|1683070144\n|move|p1b: Scream Tail|Howl|p1b: Scream Tail|[spread] p1a,p1b\n|-boost|p1a: Ceruledge|atk|1\n|-boost|p1b: Scream Tail|atk|1\n|move|p1a: Ceruledge|Bitter Blade|p2b: Oranguru\n|-damage|p2b: Oranguru|0 fnt\n|faint|p2b: Oranguru\n|-curestatus|p2a: Kingambit|frz|[msg]\n|move|p2a: Kingambit|Iron Head|p1b: Scream Tail\n|-supereffective|p1b: Scream Tail\n|-damage|p1b: Scream Tail|62\/100\n|\n|-weather|Snow|[upkeep]\n|-heal|p1b: Scream Tail|68\/100|[from] item: Leftovers\n|-end|p1a: Ceruledge|move: Yawn|[silent]\n|-status|p1a: Ceruledge|slp\n|upkeep\n|\n|t:|1683070160\n|switch|p2b: Skeledirge|Skeledirge, L50, M|100\/100\n|turn|5\n|\n|t:|1683070172\n|-terastallize|p1a: Ceruledge|Grass\n|move|p1b: Scream Tail|Howl|p1b: Scream Tail|[spread] p1a,p1b\n|-boost|p1a: Ceruledge|atk|1\n|-boost|p1b: Scream Tail|atk|1\n|cant|p1a: Ceruledge|slp\n|move|p2a: Kingambit|Kowtow Cleave|p1a: Ceruledge\n|-damage|p1a: Ceruledge|54\/100 slp\n|move|p2b: Skeledirge|Torch Song|p1b: Scream Tail\n|-damage|p1b: Scream Tail|52\/100\n|-boost|p2b: Skeledirge|spa|1\n|-enditem|p2b: Skeledirge|Throat Spray\n|-boost|p2b: Skeledirge|spa|1|[from] item: Throat Spray\n|\n|-weather|none\n|-heal|p1b: Scream Tail|59\/100|[from] item: Leftovers\n|-sideend|p1: Dual Tip|move: Aurora Veil\n|upkeep\n|turn|6\n|inactive|Rockymoreno2 has 30 seconds left.\n|\n|t:|1683070204\n|move|p1b: Scream Tail|Thunder Wave|p2b: Skeledirge\n|-status|p2b: Skeledirge|par\n|cant|p1a: Ceruledge|slp\n|move|p2a: Kingambit|Iron Head|p1b: Scream Tail\n|-supereffective|p1b: Scream Tail\n|-damage|p1b: Scream Tail|0 fnt\n|faint|p1b: Scream Tail\n|-end|p1b: Scream Tail|Protosynthesis|[silent]\n|move|p2b: Skeledirge|Shadow Ball|p1a: Ceruledge\n|-damage|p1a: Ceruledge|12\/100 slp\n|\n|upkeep\n|\n|t:|1683070222\n|switch|p1b: Iron Bundle|Iron Bundle, L50|100\/100\n|turn|7\n|inactive|Rockymoreno2 has 30 seconds left.\n|inactive|Rockymoreno2 has 20 seconds left.\n|\n|t:|1683070260\n|cant|p2b: Skeledirge|par\n|move|p1b: Iron Bundle|Hydro Pump|p2b: Skeledirge\n|-supereffective|p2b: Skeledirge\n|-damage|p2b: Skeledirge|10\/100 par\n|cant|p1a: Ceruledge|slp\n|move|p2a: Kingambit|Iron Head|p1b: Iron Bundle\n|-damage|p1b: Iron Bundle|43\/100\n|\n|upkeep\n|turn|8\n|inactive|Dual Tip has 30 seconds left.\n|\n|t:|1683070286\n|move|p1b: Iron Bundle|Protect|p1b: Iron Bundle\n|-singleturn|p1b: Iron Bundle|Protect\n|move|p2a: Kingambit|Sucker Punch|p1a: Ceruledge\n|-damage|p1a: Ceruledge|0 fnt\n|faint|p1a: Ceruledge\n|move|p2b: Skeledirge|Torch Song|p1b: Iron Bundle\n|-activate|p1b: Iron Bundle|move: Protect\n|\n|upkeep\n|-message|Dual Tip forfeited.\n|\n|win|Rockymoreno2\n|raw|Dual Tip's rating: 1269 → 1246<\/strong> (-23 for losing)\n|raw|Rockymoreno2's rating: 1296 → 1319<\/strong> (+23 for winning)\n|l|\u2606Dual Tip\n","uploadtime":1683070301,"views":14,"p1id":"dualtip","p2id":"rockymoreno2","formatid":"gen9vgc2023regulationc","rating":1246,"private":0,"password":""}