{"id":"gen9vgc2023regulationc-1856799179","p1":"WhatWasIC00KING","p2":"Tikotron3826","format":"[Gen 9] VGC 2023 Regulation C","log":"|j|\u2606WhatWasIC00KING\n|j|\u2606Tikotron3826\n|t:|1683113145\n|gametype|doubles\n|player|p1|WhatWasIC00KING|gambler|1302\n|player|p2|Tikotron3826|steven|1234\n|teamsize|p1|6\n|teamsize|p2|6\n|gen|9\n|tier|[Gen 9] VGC 2023 Regulation C\n|rated|\n|rule|Species Clause: Limit one of each Pok\u00e9mon\n|rule|Item Clause: Limit one of each item\n|clearpoke\n|poke|p1|Ting-Lu, L50|\n|poke|p1|Annihilape, L50, M|\n|poke|p1|Palafin, L50, F|\n|poke|p1|Flutter Mane, L50|\n|poke|p1|Arcanine, L50, F|\n|poke|p1|Amoonguss, L50, M|\n|poke|p2|Gyarados, L50, F|\n|poke|p2|Tinkaton, L50, F|\n|poke|p2|Ting-Lu, L50|\n|poke|p2|Dragapult, L50, M|\n|poke|p2|Chien-Pao, L50|\n|poke|p2|Armarouge, L50, F|\n|teampreview|4\nWhatWasIC00KING has agreed to open team sheets.\n|inactive|Battle timer is ON: inactive players will automatically lose when time's up. (requested by Tikotron3826)\n|\n|t:|1683113190\n|start\n|switch|p1a: Poseidon|Palafin, L50, F, shiny|100\/100\n|switch|p1b: Eris|Flutter Mane, L50|100\/100\n|switch|p2a: Tinkaton|Tinkaton, L50, F|100\/100\n|switch|p2b: Dragapult|Dragapult, L50, M|100\/100\n|-ability|p2a: Tinkaton|Mold Breaker\n|turn|1\n|inactive|Tikotron3826 has 30 seconds left.\n|\n|t:|1683113216\n|-end|p1b: Eris|Protosynthesis|[silent]\n|switch|p1b: Aeolus|Arcanine, L50, F, shiny|100\/100\n|-ability|p1b: Aeolus|Intimidate|boost\n|-unboost|p2a: Tinkaton|atk|1\n|-fail|p2b: Dragapult|unboost|[from] ability: Clear Body|[of] p2b: Dragapult\n|detailschange|p1a: Poseidon|Palafin-Hero, L50, F, shiny\n|switch|p1a: Ares|Annihilape, L50, M, shiny|100\/100\n|move|p2b: Dragapult|Protect|p2b: Dragapult\n|-singleturn|p2b: Dragapult|Protect\n|move|p2a: Tinkaton|Gigaton Hammer|p1b: Aeolus\n|-resisted|p1b: Aeolus\n|-damage|p1b: Aeolus|85\/100\n|\n|upkeep\n|turn|2\n|\n|t:|1683113235\n|move|p2b: Dragapult|Phantom Force||[still]\n|-prepare|p2b: Dragapult|Phantom Force\n|move|p1b: Aeolus|Will-O-Wisp|p2b: Dragapult|[miss]\n|-miss|p1b: Aeolus|p2b: Dragapult\n|move|p2a: Tinkaton|Thunder Wave|p1b: Aeolus\n|-status|p1b: Aeolus|par\n|move|p1a: Ares|Bulk Up|p1a: Ares\n|-boost|p1a: Ares|atk|1\n|-boost|p1a: Ares|def|1\n|\n|upkeep\n|turn|3\n|\n|t:|1683113249\n|switch|p2a: Chien-Pao|Chien-Pao, L50|100\/100\n|-ability|p2a: Chien-Pao|Sword of Ruin\n|-terastallize|p1a: Ares|Fire\n|move|p2b: Dragapult|Phantom Force|p1a: Ares|[from]lockedmove\n|-damage|p1a: Ares|63\/100\n|move|p1a: Ares|Rage Fist|p2b: Dragapult\n|-supereffective|p2b: Dragapult\n|-damage|p2b: Dragapult|0 fnt\n|faint|p2b: Dragapult\n|move|p1b: Aeolus|Will-O-Wisp|p2a: Chien-Pao\n|-status|p2a: Chien-Pao|brn\n|\n|-heal|p1a: Ares|69\/100|[from] item: Leftovers\n|-damage|p2a: Chien-Pao|95\/100 brn|[from] brn\n|upkeep\n|\n|t:|1683113262\n|switch|p2b: Gyarados|Gyarados, L50, F|100\/100\n|-ability|p2b: Gyarados|Intimidate|boost\n|-unboost|p1a: Ares|atk|1\n|-ability|p1a: Ares|Defiant|boost\n|-boost|p1a: Ares|atk|2\n|-unboost|p1b: Aeolus|atk|1\n|turn|4\n|\n|t:|1683113285\n|move|p1a: Ares|Protect|p1a: Ares\n|-singleturn|p1a: Ares|Protect\n|move|p2a: Chien-Pao|Haze|p2a: Chien-Pao\n|-clearallboost\n|move|p2b: Gyarados|Dragon Dance|p2b: Gyarados\n|-boost|p2b: Gyarados|atk|1\n|-boost|p2b: Gyarados|spe|1\n|move|p1b: Aeolus|Flare Blitz|p2a: Chien-Pao\n|-supereffective|p2a: Chien-Pao\n|-damage|p2a: Chien-Pao|0 fnt\n|faint|p2a: Chien-Pao\n|-damage|p1b: Aeolus|60\/100 par|[from] Recoil\n|\n|-heal|p1a: Ares|75\/100|[from] item: Leftovers\n|upkeep\n|\n|t:|1683113297\n|switch|p2a: Tinkaton|Tinkaton, L50, F|100\/100\n|-ability|p2a: Tinkaton|Mold Breaker\n|turn|5\n|\n|t:|1683113316\n|move|p2a: Tinkaton|Fake Out|p1b: Aeolus\n|-damage|p1b: Aeolus|52\/100 par\n|move|p2b: Gyarados|Waterfall|p1a: Ares\n|-supereffective|p1a: Ares\n|-crit|p1a: Ares\n|-damage|p1a: Ares|0 fnt\n|faint|p1a: Ares\n|cant|p1b: Aeolus|flinch\n|\n|upkeep\n|\n|t:|1683113325\n|switch|p1a: Eris|Flutter Mane, L50|100\/100\n|turn|6\n|\n|t:|1683113337\n|move|p2b: Gyarados|Waterfall|p1a: Eris\n|-crit|p1a: Eris\n|-damage|p1a: Eris|0 fnt\n|faint|p1a: Eris\n|-end|p1a: Eris|Protosynthesis|[silent]\n|move|p2a: Tinkaton|Gigaton Hammer|p1b: Aeolus\n|-resisted|p1b: Aeolus\n|-damage|p1b: Aeolus|30\/100 par\n|cant|p1b: Aeolus|par\n|\n|upkeep\n|\n|t:|1683113346\n|switch|p1a: Poseidon|Palafin-Hero, L50, F, shiny|100\/100\n|-activate|p1a: Poseidon|ability: Zero to Hero\n|turn|7\n|\n|t:|1683113362\n|-terastallize|p2b: Gyarados|Flying\n|move|p2b: Gyarados|Tera Blast|p1a: Poseidon\n|-damage|p1a: Poseidon|23\/100\n|move|p2a: Tinkaton|Thunder Wave|p1a: Poseidon\n|-status|p1a: Poseidon|par\n|cant|p1b: Aeolus|par\n|cant|p1a: Poseidon|par\n|\n|upkeep\n|turn|8\n|c|\u2606WhatWasIC00KING|bruh\n|-message|WhatWasIC00KING forfeited.\n|\n|win|Tikotron3826\n|raw|WhatWasIC00KING's rating: 1302 → 1278<\/strong> (-24 for losing)\n|raw|Tikotron3826's rating: 1234 → 1264<\/strong> (+30 for winning)\n","uploadtime":1683113386,"views":10,"p1id":"whatwasic00king","p2id":"tikotron3826","formatid":"gen9vgc2023regulationc","rating":1264,"private":0,"password":""}