{"id":"gen9vgc2023regulationc-1856531477","p1":"PONLO_A25PRUEBA","p2":"ClessCL","format":"[Gen 9] VGC 2023 Regulation C","log":"|j|\u2606PONLO_A25PRUEBA\n|j|\u2606ClessCL\n|t:|1683072318\n|gametype|doubles\n|player|p1|PONLO_A25PRUEBA|tate|1383\n|player|p2|ClessCL|lance|1336\n|teamsize|p1|6\n|teamsize|p2|6\n|gen|9\n|tier|[Gen 9] VGC 2023 Regulation C\n|rated|\n|rule|Species Clause: Limit one of each Pok\u00e9mon\n|rule|Item Clause: Limit one of each item\n|clearpoke\n|poke|p1|Ting-Lu, L50|\n|poke|p1|Grimmsnarl, L50, M|\n|poke|p1|Gastrodon, L50, F|\n|poke|p1|Annihilape, L50, M|\n|poke|p1|Arcanine, L50, M|\n|poke|p1|Maushold, L50|\n|poke|p2|Flutter Mane, L50|\n|poke|p2|Baxcalibur, L50, M|\n|poke|p2|Iron Moth, L50|\n|poke|p2|Talonflame, L50, M|\n|poke|p2|Oranguru, L50, F|\n|poke|p2|Tyranitar, L50, M|\n|teampreview|4\n|inactive|Battle timer is ON: inactive players will automatically lose when time's up. (requested by ClessCL)\n|inactive|PONLO_A25PRUEBA has 60 seconds left.\n|\n|t:|1683072355\n|start\n|switch|p1a: Annihilape|Annihilape, L50, M|100\/100\n|switch|p1b: Grimmsnarl|Grimmsnarl, L50, M|100\/100\n|switch|p2a: Oranguru|Oranguru, L50, F|100\/100\n|switch|p2b: Iron Moth|Iron Moth, L50|100\/100\n|turn|1\n|\n|t:|1683072367\n|move|p1b: Grimmsnarl|Parting Shot|p2b: Iron Moth\n|-unboost|p2b: Iron Moth|atk|1\n|-unboost|p2b: Iron Moth|spa|1\n|\n|t:|1683072369\n|switch|p1b: Maushold|Maushold, L50|100\/100|[from] Parting Shot\n|move|p2b: Iron Moth|Sludge Wave|p1b: Maushold|[spread] p1a,p1b\n|-activate|p2a: Oranguru|ability: Telepathy\n|-resisted|p1a: Annihilape\n|-damage|p1a: Annihilape|89\/100\n|-damage|p1b: Maushold|61\/100\n|-damage|p2b: Iron Moth|91\/100|[from] item: Life Orb\n|move|p1a: Annihilape|Bulk Up|p1a: Annihilape\n|-boost|p1a: Annihilape|atk|1\n|-boost|p1a: Annihilape|def|1\n|move|p2a: Oranguru|Instruct|p2b: Iron Moth\n|-singleturn|p2b: Iron Moth|move: Instruct|[of] p2a: Oranguru\n|move|p2b: Iron Moth|Sludge Wave|p1b: Maushold|[spread] p1a,p1b\n|-activate|p2a: Oranguru|ability: Telepathy\n|-resisted|p1a: Annihilape\n|-damage|p1a: Annihilape|77\/100\n|-damage|p1b: Maushold|18\/100\n|-status|p1b: Maushold|psn\n|-damage|p2b: Iron Moth|82\/100|[from] item: Life Orb\n|\n|-damage|p1b: Maushold|5\/100 psn|[from] psn\n|upkeep\n|turn|2\n|\n|t:|1683072390\n|move|p1b: Maushold|Protect|p1b: Maushold\n|-singleturn|p1b: Maushold|Protect\n|move|p2b: Iron Moth|Sludge Wave|p1b: Maushold|[spread] p1a\n|-activate|p1b: Maushold|move: Protect\n|-activate|p2a: Oranguru|ability: Telepathy\n|-resisted|p1a: Annihilape\n|-damage|p1a: Annihilape|66\/100\n|-damage|p2b: Iron Moth|72\/100|[from] item: Life Orb\n|move|p1a: Annihilape|Rage Fist|p2b: Iron Moth\n|-damage|p2b: Iron Moth|0 fnt\n|faint|p2b: Iron Moth\n|-end|p2b: Iron Moth|Quark Drive|[silent]\n|move|p2a: Oranguru|Encore|p1a: Annihilape\n|-start|p1a: Annihilape|Encore\n|\n|-damage|p1b: Maushold|0 fnt|[from] psn\n|faint|p1b: Maushold\n|upkeep\n|\n|t:|1683072407\n|switch|p2b: Baxcalibur|Baxcalibur, L50, M|100\/100\n|switch|p1b: Grimmsnarl|Grimmsnarl, L50, M|100\/100\n|turn|3\n|\n|t:|1683072429\n|-terastallize|p2a: Oranguru|Dark\n|move|p1b: Grimmsnarl|Misty Terrain|p1b: Grimmsnarl\n|-fieldstart|move: Misty Terrain\n|move|p1a: Annihilape|Rage Fist|p2b: Baxcalibur\n|-damage|p2b: Baxcalibur|0 fnt\n|faint|p2b: Baxcalibur\n|move|p2a: Oranguru|Foul Play|p1a: Annihilape\n|-damage|p1a: Annihilape|27\/100\n|\n|upkeep\n|\n|t:|1683072437\n|switch|p2b: Talonflame|Talonflame, L50, M|100\/100\n|turn|4\n|\n|t:|1683072455\n|switch|p1a: Arcanine|Arcanine, L50, M|100\/100\n|-ability|p1a: Arcanine|Intimidate|boost\n|-unboost|p2a: Oranguru|atk|1\n|-unboost|p2b: Talonflame|atk|1\n|move|p2b: Talonflame|Tailwind|p2b: Talonflame\n|-sidestart|p2: ClessCL|move: Tailwind\n|move|p2a: Oranguru|Foul Play|p1a: Arcanine\n|-damage|p1a: Arcanine|45\/100\n|move|p1b: Grimmsnarl|Spirit Break|p2a: Oranguru\n|-supereffective|p2a: Oranguru\n|-damage|p2a: Oranguru|33\/100\n|\n|upkeep\n|turn|5\n|-message|ClessCL forfeited.\n|\n|win|PONLO_A25PRUEBA\n|raw|PONLO_A25PRUEBA's rating: 1383 → 1400<\/strong> (+17 for winning)\n|raw|ClessCL's rating: 1336 → 1319<\/strong> (-17 for losing)\n|l|\u2606ClessCL\n|l|\u2606PONLO_A25PRUEBA\n|j|\u2606PONLO_A25PRUEBA\n|player|p1|PONLO_A25PRUEBA|tate\n","uploadtime":1683072656,"views":5,"p1id":"ponloa25prueba","p2id":"clesscl","formatid":"gen9vgc2023regulationc","rating":1319,"private":0,"password":""}