{"id":"gen9vgc2023regulationc-1862792173","p1":"bwahacough","p2":"fissssssssshhhure","format":"[Gen 9] VGC 2023 Regulation C","log":"|j|\u2606bwahacough\n|j|\u2606fissssssssshhhure\n|t:|1683922426\n|gametype|doubles\n|player|p1|bwahacough|madame-gen4|1904\n|player|p2|fissssssssshhhure|veteran|1815\n|teamsize|p1|6\n|teamsize|p2|6\n|gen|9\n|tier|[Gen 9] VGC 2023 Regulation C\n|rated|\n|rule|Species Clause: Limit one of each Pok\u00e9mon\n|rule|Item Clause: Limit one of each item\n|clearpoke\n|poke|p1|Lycanroc, L50, F|\n|poke|p1|Tyranitar, L50, M|\n|poke|p1|Flutter Mane, L50|\n|poke|p1|Chi-Yu, L50|\n|poke|p1|Chien-Pao, L50|\n|poke|p1|Farigiraf, L50, M|\n|poke|p2|Ceruledge, L50, F|\n|poke|p2|Lycanroc, L50, F|\n|poke|p2|Tyranitar, L50, F|\n|poke|p2|Iron Bundle, L50|\n|poke|p2|Dragonite, L50, M|\n|poke|p2|Sylveon, L50, M|\n|teampreview|4\nbwahacough has agreed to open team sheets.\nfissssssssshhhure has agreed to open team sheets.\n|\n|t:|1683922505\n|start\n|switch|p1a: Lycanroc|Lycanroc, L50, F|100\/100\n|switch|p1b: Flutter Mane|Flutter Mane, L50, shiny|100\/100\n|switch|p2a: Lycanroc|Lycanroc, L50, F|100\/100\n|switch|p2b: Dragonite|Dragonite, L50, M|100\/100\n|-enditem|p1b: Flutter Mane|Booster Energy\n|-activate|p1b: Flutter Mane|ability: Protosynthesis|[fromitem]\n|-start|p1b: Flutter Mane|protosynthesisspa\n|turn|1\n|\n|t:|1683922558\n|switch|p2b: Tyranitar|Tyranitar, L50, F, shiny|100\/100\n|-weather|Sandstorm|[from] ability: Sand Stream|[of] p2b: Tyranitar\n|move|p1a: Lycanroc|Protect|p1a: Lycanroc\n|-singleturn|p1a: Lycanroc|Protect\n|move|p2a: Lycanroc|Rock Slide|p1a: Lycanroc|[spread] p1b\n|-activate|p1a: Lycanroc|move: Protect\n|-damage|p1b: Flutter Mane|43\/100\n|move|p1b: Flutter Mane|Dazzling Gleam|p2b: Tyranitar|[spread] p2a,p2b\n|-supereffective|p2b: Tyranitar\n|-damage|p2a: Lycanroc|50\/100\n|-damage|p2b: Tyranitar|69\/100\n|\n|-weather|Sandstorm|[upkeep]\n|-damage|p1b: Flutter Mane|37\/100|[from] Sandstorm\n|upkeep\n|turn|2\n|\n|t:|1683922577\n|move|p1b: Flutter Mane|Protect|p1b: Flutter Mane\n|-singleturn|p1b: Flutter Mane|Protect\n|move|p2a: Lycanroc|Rock Slide|p1a: Lycanroc|[spread] p1a\n|-activate|p1b: Flutter Mane|move: Protect\n|-damage|p1a: Lycanroc|49\/100\n|cant|p1a: Lycanroc|flinch\n|move|p2b: Tyranitar|Crunch|p1a: Lycanroc\n|-damage|p1a: Lycanroc|0 fnt\n|faint|p1a: Lycanroc\n|\n|-weather|Sandstorm|[upkeep]\n|-damage|p1b: Flutter Mane|30\/100|[from] Sandstorm\n|upkeep\n|\n|t:|1683922583\n|switch|p1a: Farigiraf|Farigiraf, L50, M, shiny|100\/100\n|turn|3\n|\n|t:|1683922596\n|-terastallize|p1a: Farigiraf|Water\n|move|p2a: Lycanroc|Rock Slide|p1b: Flutter Mane|[spread] p1b\n|-miss|p2a: Lycanroc|p1a: Farigiraf\n|-damage|p1b: Flutter Mane|0 fnt\n|faint|p1b: Flutter Mane\n|-end|p1b: Flutter Mane|Protosynthesis|[silent]\n|move|p2b: Tyranitar|Crunch|p1a: Farigiraf\n|-damage|p1a: Farigiraf|67\/100\n|move|p1a: Farigiraf|Trick Room|p1a: Farigiraf\n|-fieldstart|move: Trick Room|[of] p1a: Farigiraf\n|\n|-weather|Sandstorm|[upkeep]\n|-damage|p1a: Farigiraf|61\/100|[from] Sandstorm\n|upkeep\n|\n|t:|1683922600\n|switch|p1b: Tyranitar|Tyranitar, L50, M, shiny|100\/100\n|turn|4\n|\n|t:|1683922625\n|move|p2a: Lycanroc|Protect|p2a: Lycanroc\n|-singleturn|p2a: Lycanroc|Protect\n|move|p1a: Farigiraf|Ally Switch|p1a: Farigiraf\n|swap|p1a: Farigiraf|1|[from] move: Ally Switch\n|move|p2b: Tyranitar|Rock Slide|p1b: Farigiraf|[spread] \n|-miss|p2b: Tyranitar|p1a: Tyranitar\n|-miss|p2b: Tyranitar|p1b: Farigiraf\n|move|p1a: Tyranitar|Rock Slide|p2b: Tyranitar|[spread] p2b\n|-activate|p2a: Lycanroc|move: Protect\n|-damage|p2b: Tyranitar|44\/100\n|\n|-weather|Sandstorm|[upkeep]\n|-damage|p1b: Farigiraf|54\/100|[from] Sandstorm\n|upkeep\n|turn|5\n|\n|t:|1683922650\n|move|p1b: Farigiraf|Dazzling Gleam|p2a: Lycanroc|[spread] p2a,p2b\n|-supereffective|p2b: Tyranitar\n|-damage|p2a: Lycanroc|32\/100\n|-damage|p2b: Tyranitar|34\/100\n|move|p2b: Tyranitar|Rock Slide|p1a: Tyranitar|[spread] p1a,p1b\n|-damage|p1a: Tyranitar|77\/100\n|-damage|p1b: Farigiraf|30\/100\n|-enditem|p1b: Farigiraf|Sitrus Berry|[eat]\n|-heal|p1b: Farigiraf|55\/100|[from] item: Sitrus Berry\n|move|p1a: Tyranitar|Rock Slide|p2a: Lycanroc|[spread] p2a,p2b\n|-damage|p2a: Lycanroc|0 fnt\n|-damage|p2b: Tyranitar|8\/100\n|faint|p2a: Lycanroc\n|\n|-weather|none\n|upkeep\n|j| Enrolled Agent\n|\n|t:|1683922678\n|switch|p2a: Sylveon|Sylveon, L50, M|100\/100\n|turn|6\n|\n|t:|1683922689\n|move|p1b: Farigiraf|Dazzling Gleam|p2a: Sylveon|[spread] p2a,p2b\n|-supereffective|p2b: Tyranitar\n|-damage|p2a: Sylveon|93\/100\n|-damage|p2b: Tyranitar|0 fnt\n|faint|p2b: Tyranitar\n|move|p2a: Sylveon|Hyper Voice|p1a: Tyranitar|[spread] p1a,p1b\n|-supereffective|p1a: Tyranitar\n|-damage|p1a: Tyranitar|29\/100\n|-damage|p1b: Farigiraf|25\/100\n|-enditem|p2a: Sylveon|Throat Spray\n|-boost|p2a: Sylveon|spa|1|[from] item: Throat Spray\n|move|p1a: Tyranitar|Rock Slide|p2a: Sylveon\n|-damage|p2a: Sylveon|38\/100\n|\n|upkeep\n|\n|t:|1683922701\n|switch|p2b: Dragonite|Dragonite, L50, M|100\/100\n|turn|7\n|\n|t:|1683922742\n|-terastallize|p2b: Dragonite|Normal\n|move|p2a: Sylveon|Protect|p2a: Sylveon\n|-singleturn|p2a: Sylveon|Protect\n|move|p1a: Tyranitar|Protect|p1a: Tyranitar\n|-singleturn|p1a: Tyranitar|Protect\n|move|p1b: Farigiraf|Psychic|p2a: Sylveon\n|-activate|p2a: Sylveon|move: Protect\n|move|p2b: Dragonite|Earthquake|p1a: Tyranitar|[spread] p1b\n|-activate|p2a: Sylveon|move: Protect\n|-activate|p1a: Tyranitar|move: Protect\n|-damage|p1b: Farigiraf|0 fnt\n|faint|p1b: Farigiraf\n|\n|-fieldend|move: Trick Room\n|upkeep\n|turn|8\n|-message|bwahacough forfeited.\n|\n|win|fissssssssshhhure\n|raw|bwahacough's rating: 1904 → 1879<\/strong> (-25 for losing)\n|raw|fissssssssshhhure's rating: 1815 → 1840<\/strong> (+25 for winning)\n|l|\u2606bwahacough\n|c|\u2606fissssssssshhhure|Gg wp\n|l|\u2606fissssssssshhhure\n","uploadtime":1683922770,"views":41,"p1id":"bwahacough","p2id":"fissssssssshhhure","formatid":"gen9vgc2023regulationc","rating":1840,"private":0,"password":""}