{"id":"gen9vgc2023regulationc-1845028227","p1":"cosplayLover","p2":"Lewlo","format":"[Gen 9] VGC 2023 Regulation C","log":"|j|\u2606cosplayLover\n|j|\u2606Lewlo\n|t:|1681675622\n|gametype|doubles\n|player|p1|cosplayLover|101|1323\n|player|p2|Lewlo|pokemonbreeder-gen4|1334\n|teamsize|p1|6\n|teamsize|p2|6\n|gen|9\n|tier|[Gen 9] VGC 2023 Regulation C\n|rated|\n|rule|Species Clause: Limit one of each Pok\u00e9mon\n|rule|Item Clause: Limit one of each item\n|clearpoke\n|poke|p1|Sylveon, L50, F|\n|poke|p1|Wo-Chien, L50|\n|poke|p1|Arcanine, L50, M|\n|poke|p1|Dragonite, L50, M|\n|poke|p1|Chien-Pao, L50|\n|poke|p1|Glimmora, L50, F|\n|poke|p2|Azumarill, L50, M|\n|poke|p2|Amoonguss, L50, M|\n|poke|p2|Arcanine, L50, M|\n|poke|p2|Orthworm, L50, M|\n|poke|p2|Flutter Mane, L50|\n|poke|p2|Ting-Lu, L50|\n|teampreview|4\n|inactive|Battle timer is ON: inactive players will automatically lose when time's up. (requested by Lewlo)\nLewlo has agreed to open team sheets.\n|inactive|Lewlo has 60 seconds left.\n|\n|t:|1681675658\n|start\n|switch|p1a: Dragonite|Dragonite, L50, M|100\/100\n|switch|p1b: Chien-Pao|Chien-Pao, L50|100\/100\n|switch|p2a: Orthworm|Orthworm, L50, M|100\/100\n|switch|p2b: Arcanine|Arcanine, L50, M|100\/100\n|-ability|p1b: Chien-Pao|Sword of Ruin\n|-ability|p2b: Arcanine|Intimidate|boost\n|-fail|p1a: Dragonite|unboost|Attack|[from] ability: Inner Focus|[of] p1a: Dragonite\n|-unboost|p1b: Chien-Pao|atk|1\n|turn|1\n|inactive|cosplayLover has 30 seconds left.\n|\n|t:|1681675688\n|switch|p1b: Sylveon|Sylveon, L50, F|100\/100\n|-terastallize|p1a: Dragonite|Normal\n|move|p2b: Arcanine|Protect|p2b: Arcanine\n|-singleturn|p2b: Arcanine|Protect\n|move|p1a: Dragonite|Facade|p2b: Arcanine\n|-activate|p2b: Arcanine|move: Protect\n|move|p2a: Orthworm|Shed Tail|p2a: Orthworm\n|-start|p2a: Orthworm|Substitute|[from] move: Shed Tail\n|-damage|p2a: Orthworm|50\/100\n|\n|t:|1681675707\n|switch|p2a: Azumarill|Azumarill, L50, M|100\/100|[from] Shed Tail\n|\n|upkeep\n|turn|2\n|\n|t:|1681675721\n|move|p2b: Arcanine|Howl||[still]|[spread] p2a,p2b\n|-fail|p2b: Arcanine\n|-boost|p2b: Arcanine|atk|1\n|move|p1a: Dragonite|Facade|p2a: Azumarill\n|-end|p2a: Azumarill|Substitute\n|move|p1b: Sylveon|Hyper Voice|p2a: Azumarill|[spread] p2a,p2b\n|-crit|p2a: Azumarill\n|-resisted|p2b: Arcanine\n|-damage|p2a: Azumarill|42\/100\n|-damage|p2b: Arcanine|80\/100\n|-enditem|p2a: Azumarill|Sitrus Berry|[eat]\n|-heal|p2a: Azumarill|67\/100|[from] item: Sitrus Berry\n|move|p2a: Azumarill|Play Rough|p1a: Dragonite\n|-damage|p1a: Dragonite|45\/100\n|\n|upkeep\n|turn|3\n|\n|t:|1681675738\n|-terastallize|p2a: Azumarill|Water\n|move|p2b: Arcanine|Extreme Speed|p1a: Dragonite\n|-damage|p1a: Dragonite|8\/100\n|move|p2a: Azumarill|Aqua Jet|p1b: Sylveon\n|-damage|p1b: Sylveon|56\/100\n|move|p1a: Dragonite|Facade|p2a: Azumarill\n|-damage|p2a: Azumarill|0 fnt\n|faint|p2a: Azumarill\n|move|p1b: Sylveon|Hyper Voice|p2b: Arcanine\n|-resisted|p2b: Arcanine\n|-damage|p2b: Arcanine|54\/100\n|\n|-heal|p1b: Sylveon|62\/100|[from] item: Leftovers\n|upkeep\n|\n|t:|1681675747\n|switch|p2a: Orthworm|Orthworm, L50, M|50\/100\n|turn|4\n|\n|t:|1681675765\n|move|p2b: Arcanine|Extreme Speed|p1a: Dragonite\n|-damage|p1a: Dragonite|0 fnt\n|faint|p1a: Dragonite\n|move|p1b: Sylveon|Hyper Voice|p2a: Orthworm|[spread] p2a,p2b\n|-resisted|p2a: Orthworm\n|-resisted|p2b: Arcanine\n|-damage|p2a: Orthworm|29\/100\n|-damage|p2b: Arcanine|33\/100\n|move|p2a: Orthworm|Coil|p2a: Orthworm\n|-boost|p2a: Orthworm|atk|1\n|-boost|p2a: Orthworm|def|1\n|-boost|p2a: Orthworm|accuracy|1\n|\n|-heal|p1b: Sylveon|68\/100|[from] item: Leftovers\n|-heal|p2a: Orthworm|36\/100|[from] item: Leftovers\n|upkeep\n|\n|t:|1681675783\n|switch|p1a: Chien-Pao|Chien-Pao, L50|100\/100\n|-ability|p1a: Chien-Pao|Sword of Ruin\n|turn|5\n|\n|t:|1681675799\n|move|p2a: Orthworm|Protect|p2a: Orthworm\n|-singleturn|p2a: Orthworm|Protect\n|move|p2b: Arcanine|Extreme Speed|p1b: Sylveon\n|-damage|p1b: Sylveon|5\/100\n|move|p1a: Chien-Pao|Sacred Sword|p2a: Orthworm\n|-activate|p2a: Orthworm|move: Protect\n|move|p1b: Sylveon|Hyper Voice|p2a: Orthworm|[spread] p2b\n|-activate|p2a: Orthworm|move: Protect\n|-resisted|p2b: Arcanine\n|-damage|p2b: Arcanine|12\/100\n|\n|-heal|p1b: Sylveon|11\/100|[from] item: Leftovers\n|-heal|p2a: Orthworm|42\/100|[from] item: Leftovers\n|upkeep\n|turn|6\n|c|\u2606cosplayLover|dude\n|c|\u2606cosplayLover|protect, coil, shed tail\n|c|\u2606Lewlo|?\n|c|\u2606cosplayLover|this is a joke\n|inactive|cosplayLover has 30 seconds left.\n|inactive|Lewlo has 30 seconds left.\n|inactive|Lewlo has 20 seconds left.\n|c|\u2606Lewlo|I mean\n|inactive|Lewlo has 15 seconds left.\n|inactive|Lewlo has 10 seconds left.\n|c|\u2606Lewlo|Its a better joke then ting lu\n|\n|t:|1681675847\n|move|p2b: Arcanine|Extreme Speed|p1b: Sylveon\n|-damage|p1b: Sylveon|0 fnt\n|faint|p1b: Sylveon\n|move|p1a: Chien-Pao|Sacred Sword|p2a: Orthworm\n|-supereffective|p2a: Orthworm\n|-damage|p2a: Orthworm|0 fnt\n|faint|p2a: Orthworm\n|\n|upkeep\n|\n|t:|1681675856\n|switch|p1b: Wo-Chien|Wo-Chien, L50|100\/100\n|switch|p2a: Flutter Mane|Flutter Mane, L50|100\/100\n|-ability|p1b: Wo-Chien|Tablets of Ruin\n|-enditem|p2a: Flutter Mane|Booster Energy\n|-activate|p2a: Flutter Mane|ability: Protosynthesis|[fromitem]\n|-start|p2a: Flutter Mane|protosynthesisspa\n|turn|7\n|c|\u2606cosplayLover|put iron defence body press instead, what the hell\n|inactive|cosplayLover has 30 seconds left.\n|inactive|cosplayLover has 20 seconds left.\n|inactive|cosplayLover has 15 seconds left.\n|inactive|cosplayLover has 10 seconds left.\n|inactive|cosplayLover has 5 seconds left.\n|\n|t:|1681675909\n|move|p1a: Chien-Pao|Protect|p1a: Chien-Pao\n|-singleturn|p1a: Chien-Pao|Protect\n|move|p2b: Arcanine|Extreme Speed|p1a: Chien-Pao\n|-activate|p1a: Chien-Pao|move: Protect\n|move|p2a: Flutter Mane|Dazzling Gleam|p1a: Chien-Pao|[spread] p1b\n|-activate|p1a: Chien-Pao|move: Protect\n|-supereffective|p1b: Wo-Chien\n|-crit|p1b: Wo-Chien\n|-damage|p1b: Wo-Chien|24\/100\n|-enditem|p1b: Wo-Chien|Sitrus Berry|[eat]\n|-heal|p1b: Wo-Chien|49\/100|[from] item: Sitrus Berry\n|move|p1b: Wo-Chien|Leech Seed|p2a: Flutter Mane\n|-start|p2a: Flutter Mane|move: Leech Seed\n|\n|-damage|p2a: Flutter Mane|88\/100|[from] Leech Seed|[of] p1b: Wo-Chien\n|-heal|p1b: Wo-Chien|59\/100|[silent]\n|upkeep\n|turn|8\n|c|\u2606Lewlo|I was thinking that, but I like ohko Flutter mane more\n|inactive|cosplayLover has 30 seconds left.\n|\n|t:|1681675935\n|move|p1b: Wo-Chien|Protect|p1b: Wo-Chien\n|-singleturn|p1b: Wo-Chien|Protect\n|move|p2b: Arcanine|Extreme Speed|p1a: Chien-Pao\n|-damage|p1a: Chien-Pao|57\/100\n|move|p1a: Chien-Pao|Sacred Sword|p2b: Arcanine\n|-damage|p2b: Arcanine|0 fnt\n|faint|p2b: Arcanine\n|move|p2a: Flutter Mane|Dazzling Gleam|p1b: Wo-Chien|[spread] p1a\n|-activate|p1b: Wo-Chien|move: Protect\n|-supereffective|p1a: Chien-Pao\n|-damage|p1a: Chien-Pao|0 fnt\n|faint|p1a: Chien-Pao\n|\n|-damage|p2a: Flutter Mane|76\/100|[from] Leech Seed|[of] p1b: Wo-Chien\n|-heal|p1b: Wo-Chien|68\/100|[silent]\n|upkeep\n|turn|9\n|-message|cosplayLover forfeited.\n|\n|win|Lewlo\n|raw|cosplayLover's rating: 1323 → 1304<\/strong> (-19 for losing)\n|raw|Lewlo's rating: 1334 → 1353<\/strong> (+19 for winning)\n|l|\u2606cosplayLover\n","uploadtime":1681675955,"views":9,"p1id":"cosplaylover","p2id":"lewlo","formatid":"gen9vgc2023regulationc","rating":1304,"private":0,"password":""}