{"id":"gen9vgc2023regulationc-1861895869","p1":"EDUARDO_ASK","p2":"ColorlessHilda","format":"[Gen 9] VGC 2023 Regulation C","log":"|j|\u2606EDUARDO_ASK\n|j|\u2606ColorlessHilda\n|t:|1683818779\n|gametype|doubles\n|player|p1|EDUARDO_ASK|266|1060\n|player|p2|ColorlessHilda|hilda|1139\n|teamsize|p1|6\n|teamsize|p2|6\n|gen|9\n|tier|[Gen 9] VGC 2023 Regulation C\n|rated|\n|rule|Species Clause: Limit one of each Pok\u00e9mon\n|rule|Item Clause: Limit one of each item\n|clearpoke\n|poke|p1|Annihilape, L50, M|\n|poke|p1|Maushold, L50|\n|poke|p1|Abomasnow, L50, F|\n|poke|p1|Iron Bundle, L50|\n|poke|p1|Tauros-Paldea-Blaze, L50, M|\n|poke|p1|Mimikyu, L50, F|\n|poke|p2|Ting-Lu, L50|\n|poke|p2|Grimmsnarl, L50, M|\n|poke|p2|Annihilape, L50, F|\n|poke|p2|Amoonguss, L50, F|\n|poke|p2|Arcanine, L50, F|\n|poke|p2|Baxcalibur, L50, F|\n|teampreview|4\n|\n|t:|1683818828\n|start\n|switch|p1a: Abomasnow|Abomasnow, L50, F|100\/100\n|switch|p1b: Iron Bundle|Iron Bundle, L50|100\/100\n|switch|p2a: Annihilape|Annihilape, L50, F|100\/100\n|switch|p2b: Grimmsnarl|Grimmsnarl, L50, M|100\/100\n|-weather|Snow|[from] ability: Snow Warning|[of] p1a: Abomasnow\n|-enditem|p1b: Iron Bundle|Booster Energy\n|-activate|p1b: Iron Bundle|ability: Quark Drive|[fromitem]\n|-start|p1b: Iron Bundle|quarkdrivespe\n|turn|1\n|\n|t:|1683818871\n|-terastallize|p1a: Abomasnow|Water\n|move|p2b: Grimmsnarl|Fake Out|p1a: Abomasnow\n|-damage|p1a: Abomasnow|87\/100\n|move|p1b: Iron Bundle|Blizzard|p2b: Grimmsnarl|[spread] p2a,p2b\n|-damage|p2a: Annihilape|63\/100\n|-damage|p2b: Grimmsnarl|56\/100\n|move|p2a: Annihilape|Drain Punch|p1b: Iron Bundle\n|-supereffective|p1b: Iron Bundle\n|-damage|p1b: Iron Bundle|31\/100\n|-heal|p2a: Annihilape|84\/100|[from] drain|[of] p1b: Iron Bundle\n|cant|p1a: Abomasnow|flinch\n|\n|-weather|Snow|[upkeep]\n|-heal|p2a: Annihilape|90\/100|[from] item: Leftovers\n|upkeep\n|turn|2\n|\n|t:|1683818892\n|-end|p1b: Iron Bundle|Quark Drive|[silent]\n|switch|p1b: Mimikyu|Mimikyu, L50, F|100\/100\n|move|p2b: Grimmsnarl|Light Screen|p2b: Grimmsnarl\n|-sidestart|p2: ColorlessHilda|move: Light Screen\n|move|p2a: Annihilape|Drain Punch|p1b: Mimikyu\n|-immune|p1b: Mimikyu\n|move|p1a: Abomasnow|Aurora Veil|p1a: Abomasnow\n|-sidestart|p1: EDUARDO_ASK|move: Aurora Veil\n|\n|-weather|Snow|[upkeep]\n|-heal|p2a: Annihilape|96\/100|[from] item: Leftovers\n|upkeep\n|turn|3\n|inactive|Battle timer is ON: inactive players will automatically lose when time's up. (requested by EDUARDO_ASK)\n|inactive|EDUARDO_ASK has 60 seconds left.\n|inactive|EDUARDO_ASK has 30 seconds left.\n|inactive|EDUARDO_ASK has 20 seconds left.\n|inactive|EDUARDO_ASK has 15 seconds left.\n|inactive|EDUARDO_ASK has 10 seconds left.\n|inactive|EDUARDO_ASK has 5 seconds left.\n|\n|t:|1683819021\n|move|p2a: Annihilape|Protect|p2a: Annihilape\n|-singleturn|p2a: Annihilape|Protect\n|move|p1b: Mimikyu|Play Rough|p2b: Grimmsnarl\n|-supereffective|p2b: Grimmsnarl\n|-damage|p2b: Grimmsnarl|0 fnt\n|faint|p2b: Grimmsnarl\n|-damage|p1b: Mimikyu|91\/100|[from] item: Life Orb\n|move|p1a: Abomasnow|Blizzard|p2a: Annihilape\n|-activate|p2a: Annihilape|move: Protect\n|\n|-weather|Snow|[upkeep]\n|-heal|p2a: Annihilape|100\/100|[from] item: Leftovers\n|upkeep\n|\n|t:|1683819030\n|switch|p2b: Arcanine|Arcanine, L50, F|100\/100\n|-ability|p2b: Arcanine|Intimidate|boost\n|-unboost|p1a: Abomasnow|atk|1\n|-unboost|p1b: Mimikyu|atk|1\n|turn|4\n|inactive|EDUARDO_ASK has 30 seconds left.\n|inactive|EDUARDO_ASK has 20 seconds left.\n|inactive|EDUARDO_ASK has 15 seconds left.\n|inactive|EDUARDO_ASK has 10 seconds left.\n|inactive|EDUARDO_ASK has 5 seconds left.\n|\n|t:|1683819085\n|move|p1b: Mimikyu|Play Rough|p2b: Arcanine\n|-resisted|p2b: Arcanine\n|-damage|p2b: Arcanine|82\/100\n|-damage|p1b: Mimikyu|81\/100|[from] item: Life Orb\n|move|p2b: Arcanine|Flare Blitz|p1b: Mimikyu\n|-activate|p1b: Mimikyu|ability: Disguise\n|-damage|p1b: Mimikyu|81\/100\n|detailschange|p1b: Mimikyu|Mimikyu-Busted, L50, F\n|-damage|p1b: Mimikyu|68\/100|[from] pokemon: Mimikyu-Busted\n|move|p2a: Annihilape|Rage Fist|p1b: Mimikyu\n|-supereffective|p1b: Mimikyu\n|-damage|p1b: Mimikyu|0 fnt\n|faint|p1b: Mimikyu\n|move|p1a: Abomasnow|Blizzard|p2a: Annihilape|[spread] p2a,p2b\n|-resisted|p2b: Arcanine\n|-damage|p2a: Annihilape|78\/100\n|-damage|p2b: Arcanine|69\/100\n|\n|-weather|Snow|[upkeep]\n|-heal|p2a: Annihilape|84\/100|[from] item: Leftovers\n|upkeep\n|\n|t:|1683819109\n|switch|p1b: Iron Bundle|Iron Bundle, L50|31\/100\n|turn|5\n|\n|t:|1683819127\n|move|p1b: Iron Bundle|Protect|p1b: Iron Bundle\n|-singleturn|p1b: Iron Bundle|Protect\n|move|p2b: Arcanine|Protect|p2b: Arcanine\n|-singleturn|p2b: Arcanine|Protect\n|move|p2a: Annihilape|Drain Punch|p1b: Iron Bundle\n|-activate|p1b: Iron Bundle|move: Protect\n|move|p1a: Abomasnow|Earth Power|p2b: Arcanine\n|-activate|p2b: Arcanine|move: Protect\n|\n|-weather|none\n|-heal|p2a: Annihilape|90\/100|[from] item: Leftovers\n|upkeep\n|turn|6\n|inactive|EDUARDO_ASK has 30 seconds left.\n|\n|t:|1683819162\n|switch|p2b: Ting-Lu|Ting-Lu, L50|100\/100\n|-ability|p2b: Ting-Lu|Vessel of Ruin\n|move|p1b: Iron Bundle|Hydro Pump|p2a: Annihilape\n|-damage|p2a: Annihilape|65\/100\n|move|p2a: Annihilape|Drain Punch|p1b: Iron Bundle\n|-supereffective|p1b: Iron Bundle\n|-damage|p1b: Iron Bundle|0 fnt\n|-heal|p2a: Annihilape|75\/100|[from] drain|[of] p1b: Iron Bundle\n|faint|p1b: Iron Bundle\n|-end|p1b: Iron Bundle|Quark Drive|[silent]\n|move|p1a: Abomasnow|Earth Power|p2b: Ting-Lu\n|-damage|p2b: Ting-Lu|94\/100\n|\n|-heal|p2a: Annihilape|81\/100|[from] item: Leftovers\n|upkeep\n|\n|t:|1683819180\n|switch|p1b: Tauros|Tauros-Paldea-Blaze, L50, M|100\/100\n|-ability|p1b: Tauros|Intimidate|boost\n|-unboost|p2a: Annihilape|atk|1\n|-ability|p2a: Annihilape|Defiant|boost\n|-boost|p2a: Annihilape|atk|2\n|-unboost|p2b: Ting-Lu|atk|1\n|turn|7\n|inactive|EDUARDO_ASK has 30 seconds left.\n|\n|t:|1683819212\n|switch|p2b: Arcanine|Arcanine, L50, F|69\/100\n|-ability|p2b: Arcanine|Intimidate|boost\n|-unboost|p1a: Abomasnow|atk|1\n|-unboost|p1b: Tauros|atk|1\n|move|p1b: Tauros|Flare Blitz|p2a: Annihilape\n|-damage|p2a: Annihilape|45\/100\n|-damage|p1b: Tauros|85\/100|[from] Recoil\n|move|p2a: Annihilape|Rage Fist|p1a: Abomasnow\n|-damage|p1a: Abomasnow|0 fnt\n|faint|p1a: Abomasnow\n|\n|-heal|p2a: Annihilape|51\/100|[from] item: Leftovers\n|upkeep\n|turn|8\n|\n|t:|1683819233\n|move|p2a: Annihilape|Protect|p2a: Annihilape\n|-singleturn|p2a: Annihilape|Protect\n|move|p1b: Tauros|Flare Blitz|p2a: Annihilape\n|-activate|p2a: Annihilape|move: Protect\n|move|p2b: Arcanine|Will-O-Wisp|p1b: Tauros\n|-immune|p1b: Tauros\n|\n|-heal|p2a: Annihilape|57\/100|[from] item: Leftovers\n|upkeep\n|turn|9\n|inactive|EDUARDO_ASK has 30 seconds left.\n|inactive|EDUARDO_ASK has 20 seconds left.\n|inactive|EDUARDO_ASK has 15 seconds left.\n|inactive|EDUARDO_ASK has 10 seconds left.\n|l|\u2606EDUARDO_ASK\n|inactive|EDUARDO_ASK disconnected and has a minute to reconnect!\n|player|p1|\n|inactive|EDUARDO_ASK has 5 seconds left.\n|-message|EDUARDO_ASK lost due to inactivity.\n|\n|win|ColorlessHilda\n|raw|EDUARDO_ASK's rating: 1060 → 1045<\/strong> (-15 for losing)\n|raw|ColorlessHilda's rating: 1139 → 1158<\/strong> (+19 for winning)\n","uploadtime":1683819293,"views":7,"p1id":"eduardoask","p2id":"colorlesshilda","formatid":"gen9vgc2023regulationc","rating":1045,"private":0,"password":""}