{"id":"gen9vgc2023regulationc-1851813434","p1":"metropegao","p2":"Tempest brute","format":"[Gen 9] VGC 2023 Regulation C","log":"|j|\u2606metropegao\n|j|\u2606Tempest brute\n|t:|1682488386\n|gametype|doubles\n|player|p1|metropegao|1|\n|player|p2|Tempest brute|veteran|\n|teamsize|p1|6\n|teamsize|p2|5\n|gen|9\n|tier|[Gen 9] VGC 2023 Regulation C\n|rated|Tournament battle\n|rule|Species Clause: Limit one of each Pok\u00e9mon\n|rule|Item Clause: Limit one of each item\n|clearpoke\n|poke|p1|Orthworm, L50, M|\n|poke|p1|Dragonite, L50, M|\n|poke|p1|Ting-Lu, L50|\n|poke|p1|Gyarados, L50, F|\n|poke|p1|Flutter Mane, L50|\n|poke|p1|Chien-Pao, L50|\n|poke|p2|Ting-Lu, L50|\n|poke|p2|Roaring Moon, L50|\n|poke|p2|Klefki, L50, F|\n|poke|p2|Skeledirge, L50, F|\n|poke|p2|Iron Bundle, L50|\n|teampreview|4\n|raw| Open Team Sheet for metropegao<\/summary>Orthworm @ Sitrus Berry Ability: Earth Eater Level: 50 Tera Type: Fire - Shed Tail - Body Press - Iron Defense - Heavy Slam Dragonite @ Lum Berry Ability: Multiscale Level: 50 Tera Type: Flying - Dragon Dance - Tera Blast - Earthquake - Extreme Speed Ting-Lu @ Choice Band Ability: Vessel of Ruin Level: 50 Tera Type: Water - Earthquake - Rock Slide - Throat Chop - Bulldoze Gyarados @ Safety Goggles Ability: Intimidate Level: 50 Tera Type: Water - Taunt - Thunder Wave - Waterfall - Bulldoze Flutter Mane @ Choice Specs Ability: Protosynthesis Level: 50 Tera Type: Fairy - Hex - Dazzling Gleam - Moonblast - Icy Wind Chien-Pao @ Focus Sash Ability: Sword of Ruin Level: 50 Tera Type: Dark - Ice Spinner - Sucker Punch - Haze - Protect <\/details><\/div> Open Team Sheet for Tempest brute<\/summary>Ting-Lu @ Leftovers Ability: Vessel of Ruin Level: 50 Tera Type: Water - Body Press - Throat Chop - Whirlwind - Protect Roaring Moon @ Booster Energy Ability: Protosynthesis Level: 50 Tera Type: Flying - Substitute - Acrobatics - Jaw Lock - Protect Klefki @ Light Clay Ability: Prankster Level: 50 Tera Type: Water - Reflect - Light Screen - Thunder Wave - Dazzling Gleam Skeledirge @ Sitrus Berry Ability: Unaware Level: 50 Tera Type: Fairy - Will-O-Wisp - Torch Song - Shadow Ball - Slack Off Iron Bundle @ Safety Goggles Ability: Quark Drive Level: 50 Tera Type: Poison - Hydro Pump - Freeze-Dry - Flip Turn - Protect <\/details><\/div>\n|inactive|Battle timer is ON: inactive players will automatically lose when time's up. (requested by metropegao)\n|j| FunneeMonkee\n|j| DefiAntVGC\n|j| bigtibba\n|j| Wottl3y\n|inactive|metropegao has 60 seconds left.\n|\n|t:|1682488421\n|start\n|switch|p1a: Orthworm|Orthworm, L50, M|100\/100\n|switch|p1b: Dragonite|Dragonite, L50, M|100\/100\n|switch|p2a: Klefki|Klefki, L50, F|100\/100\n|switch|p2b: Skeledirge|Skeledirge, L50, F|100\/100\n|turn|1\n|inactive|metropegao has 30 seconds left.\n|\n|t:|1682488447\n|-terastallize|p1a: Orthworm|Fire\n|move|p2a: Klefki|Thunder Wave|p1b: Dragonite\n|-status|p1b: Dragonite|par\n|-enditem|p1b: Dragonite|Lum Berry|[eat]\n|-curestatus|p1b: Dragonite|par|[msg]\n|move|p1b: Dragonite|Earthquake|p2b: Skeledirge|[spread] p2a,p2b\n|-immune|p1a: Orthworm|[from] ability: Earth Eater\n|-supereffective|p2a: Klefki\n|-supereffective|p2b: Skeledirge\n|-damage|p2a: Klefki|49\/100\n|-damage|p2b: Skeledirge|63\/100\n|move|p1a: Orthworm|Iron Defense|p1a: Orthworm\n|-boost|p1a: Orthworm|def|2\n|move|p2b: Skeledirge|Will-O-Wisp|p1b: Dragonite\n|-status|p1b: Dragonite|brn\n|\n|-damage|p1b: Dragonite|95\/100 brn|[from] brn\n|upkeep\n|turn|2\n|\n|t:|1682488467\n|move|p2a: Klefki|Reflect|p2a: Klefki\n|-sidestart|p2: Tempest brute|Reflect\n|move|p1b: Dragonite|Earthquake|p2a: Klefki|[spread] p2a,p2b\n|-immune|p1a: Orthworm|[from] ability: Earth Eater\n|-supereffective|p2a: Klefki\n|-supereffective|p2b: Skeledirge\n|-damage|p2a: Klefki|32\/100\n|-damage|p2b: Skeledirge|50\/100\n|-enditem|p2b: Skeledirge|Sitrus Berry|[eat]\n|-heal|p2b: Skeledirge|75\/100|[from] item: Sitrus Berry\n|move|p1a: Orthworm|Shed Tail|p1a: Orthworm\n|-start|p1a: Orthworm|Substitute|[from] move: Shed Tail\n|-damage|p1a: Orthworm|50\/100\n|-enditem|p1a: Orthworm|Sitrus Berry|[eat]\n|-heal|p1a: Orthworm|75\/100|[from] item: Sitrus Berry\n|\n|t:|1682488473\n|switch|p1a: Ting-Lu|Ting-Lu, L50|100\/100|[from] Shed Tail\n|-ability|p1a: Ting-Lu|Vessel of Ruin\n|move|p2b: Skeledirge|Slack Off|p2b: Skeledirge\n|-heal|p2b: Skeledirge|100\/100\n|\n|-damage|p1b: Dragonite|89\/100 brn|[from] brn\n|upkeep\n|turn|3\n|\n|t:|1682488480\n|switch|p1b: Orthworm|Orthworm, L50, M, tera:Fire|75\/100\n|switch|p2b: Ting-Lu|Ting-Lu, L50|100\/100\n|-ability|p2b: Ting-Lu|Vessel of Ruin\n|move|p2a: Klefki|Light Screen|p2a: Klefki\n|-sidestart|p2: Tempest brute|move: Light Screen\n|move|p1a: Ting-Lu|Earthquake|p2a: Klefki|[spread] p2a,p2b\n|-heal|p1b: Orthworm|100\/100|[from] ability: Earth Eater|[of] p1a: Ting-Lu\n|-supereffective|p2a: Klefki\n|-crit|p2b: Ting-Lu\n|-damage|p2a: Klefki|0 fnt\n|-damage|p2b: Ting-Lu|64\/100\n|faint|p2a: Klefki\n|\n|-heal|p2b: Ting-Lu|71\/100|[from] item: Leftovers\n|upkeep\n|\n|t:|1682488492\n|switch|p2a: Iron Bundle|Iron Bundle, L50|100\/100\n|turn|4\n|\n|t:|1682488504\n|move|p2a: Iron Bundle|Protect|p2a: Iron Bundle\n|-singleturn|p2a: Iron Bundle|Protect\n|move|p1a: Ting-Lu|Earthquake|p2a: Iron Bundle|[spread] p2b\n|-activate|p2a: Iron Bundle|move: Protect\n|-immune|p1b: Orthworm|[from] ability: Earth Eater\n|-damage|p2b: Ting-Lu|54\/100\n|move|p1b: Orthworm|Iron Defense|p1b: Orthworm\n|-boost|p1b: Orthworm|def|2\n|move|p2b: Ting-Lu|Whirlwind|p1a: Ting-Lu\n|drag|p1a: Chien-Pao|Chien-Pao, L50|100\/100\n|-ability|p1a: Chien-Pao|Sword of Ruin\n|\n|-heal|p2b: Ting-Lu|60\/100|[from] item: Leftovers\n|upkeep\n|turn|5\n|inactive|metropegao has 30 seconds left.\n|\n|t:|1682488534\n|switch|p1b: Dragonite|Dragonite, L50, M|89\/100 brn\n|switch|p2b: Skeledirge|Skeledirge, L50, F|100\/100\n|-terastallize|p2a: Iron Bundle|Poison\n|move|p1a: Chien-Pao|Ice Spinner|p2b: Skeledirge\n|-resisted|p2b: Skeledirge\n|-damage|p2b: Skeledirge|88\/100\n|move|p2a: Iron Bundle|Hydro Pump|p1b: Dragonite\n|-resisted|p1b: Dragonite\n|-crit|p1b: Dragonite\n|-damage|p1b: Dragonite|50\/100 brn\n|\n|-damage|p1b: Dragonite|44\/100 brn|[from] brn\n|upkeep\n|turn|6\n|inactive|metropegao has 30 seconds left.\n|\n|t:|1682488562\n|switch|p1a: Ting-Lu|Ting-Lu, L50|100\/100\n|-ability|p1a: Ting-Lu|Vessel of Ruin\n|move|p2a: Iron Bundle|Protect|p2a: Iron Bundle\n|-singleturn|p2a: Iron Bundle|Protect\n|move|p1b: Dragonite|Dragon Dance|p1b: Dragonite\n|-boost|p1b: Dragonite|atk|1\n|-boost|p1b: Dragonite|spe|1\n|move|p2b: Skeledirge|Will-O-Wisp|p1a: Ting-Lu\n|-status|p1a: Ting-Lu|brn\n|\n|-damage|p1b: Dragonite|38\/100 brn|[from] brn\n|-damage|p1a: Ting-Lu|94\/100 brn|[from] brn\n|upkeep\n|turn|7\n|\n|t:|1682488579\n|move|p1b: Dragonite|Extreme Speed|p2a: Iron Bundle\n|-damage|p2a: Iron Bundle|86\/100\n|move|p2a: Iron Bundle|Freeze-Dry|p1b: Dragonite\n|-supereffective|p1b: Dragonite\n|-damage|p1b: Dragonite|0 fnt\n|faint|p1b: Dragonite\n|move|p1a: Ting-Lu|Earthquake|p2a: Iron Bundle|[spread] p2a,p2b\n|-supereffective|p2a: Iron Bundle\n|-supereffective|p2b: Skeledirge\n|-damage|p2a: Iron Bundle|51\/100\n|-damage|p2b: Skeledirge|64\/100\n|move|p2b: Skeledirge|Torch Song|p1a: Ting-Lu\n|-damage|p1a: Ting-Lu|77\/100 brn\n|-boost|p2b: Skeledirge|spa|1\n|\n|-damage|p1a: Ting-Lu|71\/100 brn|[from] brn\n|upkeep\n|\n|t:|1682488591\n|switch|p1b: Chien-Pao|Chien-Pao, L50|100\/100\n|-ability|p1b: Chien-Pao|Sword of Ruin\n|turn|8\n|\n|t:|1682488602\n|switch|p1b: Orthworm|Orthworm, L50, M, tera:Fire|100\/100\n|move|p2a: Iron Bundle|Protect|p2a: Iron Bundle\n|-singleturn|p2a: Iron Bundle|Protect\n|move|p1a: Ting-Lu|Earthquake|p2b: Skeledirge|[spread] p2b\n|-activate|p2a: Iron Bundle|move: Protect\n|-immune|p1b: Orthworm|[from] ability: Earth Eater\n|-supereffective|p2b: Skeledirge\n|-crit|p2b: Skeledirge\n|-damage|p2b: Skeledirge|7\/100\n|move|p2b: Skeledirge|Slack Off|p2b: Skeledirge\n|-heal|p2b: Skeledirge|57\/100\n|\n|-damage|p1a: Ting-Lu|65\/100 brn|[from] brn\n|upkeep\n|turn|9\n|\n|t:|1682488618\n|move|p2a: Iron Bundle|Hydro Pump|p1b: Orthworm\n|-supereffective|p1b: Orthworm\n|-crit|p1b: Orthworm\n|-damage|p1b: Orthworm|0 fnt\n|faint|p1b: Orthworm\n|move|p1a: Ting-Lu|Earthquake|p2a: Iron Bundle|[spread] p2a,p2b\n|-supereffective|p2a: Iron Bundle\n|-supereffective|p2b: Skeledirge\n|-damage|p2a: Iron Bundle|20\/100\n|-damage|p2b: Skeledirge|31\/100\n|move|p2b: Skeledirge|Shadow Ball|p1a: Ting-Lu\n|-resisted|p1a: Ting-Lu\n|-damage|p1a: Ting-Lu|52\/100 brn\n|-unboost|p1a: Ting-Lu|spd|1\n|\n|-damage|p1a: Ting-Lu|46\/100 brn|[from] brn\n|-sideend|p2: Tempest brute|Reflect\n|upkeep\n|j| w0wells\n|\n|t:|1682488622\n|switch|p1b: Chien-Pao|Chien-Pao, L50|100\/100\n|-ability|p1b: Chien-Pao|Sword of Ruin\n|turn|10\n|\n|t:|1682488644\n|-end|p2a: Iron Bundle|Quark Drive|[silent]\n|switch|p2a: Ting-Lu|Ting-Lu, L50|60\/100\n|-ability|p2a: Ting-Lu|Vessel of Ruin\n|move|p1b: Chien-Pao|Protect|p1b: Chien-Pao\n|-singleturn|p1b: Chien-Pao|Protect\n|move|p1a: Ting-Lu|Earthquake|p2b: Skeledirge|[spread] p2a,p2b\n|-activate|p1b: Chien-Pao|move: Protect\n|-supereffective|p2b: Skeledirge\n|-damage|p2a: Ting-Lu|46\/100\n|-damage|p2b: Skeledirge|0 fnt\n|faint|p2b: Skeledirge\n|\n|-heal|p2a: Ting-Lu|52\/100|[from] item: Leftovers\n|-damage|p1a: Ting-Lu|40\/100 brn|[from] brn\n|-sideend|p2: Tempest brute|move: Light Screen\n|upkeep\n|\n|t:|1682488656\n|switch|p2b: Iron Bundle|Iron Bundle, L50, tera:Poison|20\/100\n|turn|11\n|\n|t:|1682488663\n|move|p1b: Chien-Pao|Ice Spinner|p2a: Ting-Lu\n|-supereffective|p2a: Ting-Lu\n|-damage|p2a: Ting-Lu|6\/100\n|move|p2b: Iron Bundle|Hydro Pump|p1a: Ting-Lu\n|-supereffective|p1a: Ting-Lu\n|-damage|p1a: Ting-Lu|0 fnt\n|faint|p1a: Ting-Lu\n|move|p2a: Ting-Lu|Body Press|p1b: Chien-Pao\n|-supereffective|p1b: Chien-Pao\n|-enditem|p1b: Chien-Pao|Focus Sash\n|-damage|p1b: Chien-Pao|1\/100\n|\n|-heal|p2a: Ting-Lu|12\/100|[from] item: Leftovers\n|upkeep\n|turn|12\n|\n|t:|1682488676\n|move|p1b: Chien-Pao|Sucker Punch|p2b: Iron Bundle\n|-damage|p2b: Iron Bundle|0 fnt\n|faint|p2b: Iron Bundle\n|-end|p2b: Iron Bundle|Quark Drive|[silent]\n|move|p2a: Ting-Lu|Throat Chop|p1b: Chien-Pao\n|-resisted|p1b: Chien-Pao\n|-damage|p1b: Chien-Pao|0 fnt\n|faint|p1b: Chien-Pao\n|\n|win|Tempest brute\n|n|\u2606metropegao|metropegao\n|n|\u2606Tempest brute|tempestbrute\n|n| FunneeMonkee|funneemonkee\n|n| DefiAntVGC|defiantvgc\n|n| bigtibba|bigtibba\n|n| Wottl3y|wottl3y\n|n| w0wells|w0wells\n|c|\u2606Tempest brute|gg\n|c|\u2606metropegao|gg\n|l| Wottl3y\n|l| DefiAntVGC\n","uploadtime":1682488699,"views":21,"p1id":"metropegao","p2id":"tempestbrute","formatid":"gen9vgc2023regulationc","rating":0,"private":0,"password":""}