{"id":"gen9vgc2023regulationc-1847978280","p1":"Landri","p2":"NekoVGC","format":"[Gen 9] VGC 2023 Regulation C","log":"|j|\u2606Landri\n|j|\u2606NekoVGC\n|t:|1682017520\n|gametype|doubles\n|player|p1|Landri|acetrainer-gen4dp|1326\n|player|p2|NekoVGC|red|1226\n|teamsize|p1|6\n|teamsize|p2|6\n|gen|9\n|tier|[Gen 9] VGC 2023 Regulation C\n|rated|\n|rule|Species Clause: Limit one of each Pok\u00e9mon\n|rule|Item Clause: Limit one of each item\n|clearpoke\n|poke|p1|Gyarados, L50, F|\n|poke|p1|Volcarona, L50, F|\n|poke|p1|Flutter Mane, L50|\n|poke|p1|Ting-Lu, L50|\n|poke|p1|Dragonite, L50, F|\n|poke|p1|Chien-Pao, L50|\n|poke|p2|Flutter Mane, L50|\n|poke|p2|Wo-Chien, L50|\n|poke|p2|Ceruledge, L50, M|\n|poke|p2|Gastrodon, L50, F|\n|poke|p2|Corviknight, L50, F|\n|poke|p2|Maushold, L50|\n|teampreview|4\n|inactive|Battle timer is ON: inactive players will automatically lose when time's up. (requested by Landri)\n|inactive|Landri has 60 seconds left.\n|inactive|NekoVGC has 60 seconds left.\n|\n|t:|1682017578\n|start\n|switch|p1a: Ting-Lu|Ting-Lu, L50|100\/100\n|switch|p1b: Flutter Mane|Flutter Mane, L50|100\/100\n|switch|p2a: Silver|Corviknight, L50, F, shiny|100\/100\n|switch|p2b: El Jose|Ceruledge, L50, M|100\/100\n|-ability|p1a: Ting-Lu|Vessel of Ruin\n|-enditem|p1b: Flutter Mane|Booster Energy\n|-activate|p1b: Flutter Mane|ability: Protosynthesis|[fromitem]\n|-start|p1b: Flutter Mane|protosynthesisspa\n|turn|1\n|inactive|NekoVGC has 30 seconds left.\n|inactive|NekoVGC has 20 seconds left.\n|inactive|NekoVGC has 15 seconds left.\n|inactive|NekoVGC has 10 seconds left.\n|inactive|NekoVGC has 5 seconds left.\n|\n|t:|1682017628\n|-end|p1b: Flutter Mane|Protosynthesis|[silent]\n|switch|p1b: Chien-Pao|Chien-Pao, L50|100\/100\n|-ability|p1b: Chien-Pao|Sword of Ruin\n|-terastallize|p1a: Ting-Lu|Poison\n|move|p2b: El Jose|Protect|p2b: El Jose\n|-singleturn|p2b: El Jose|Protect\n|move|p2a: Silver|Iron Defense|p2a: Silver\n|-boost|p2a: Silver|def|2\n|move|p1a: Ting-Lu|Tera Blast|p2b: El Jose\n|-activate|p2b: El Jose|move: Protect\n|\n|upkeep\n|turn|2\n|\n|t:|1682017650\n|move|p1b: Chien-Pao|Sacred Sword|p2a: Silver\n|-damage|p2a: Silver|72\/100\n|move|p2b: El Jose|Swords Dance|p2b: El Jose\n|-boost|p2b: El Jose|atk|2\n|move|p2a: Silver|Body Press|p1b: Chien-Pao\n|-supereffective|p1b: Chien-Pao\n|-enditem|p1b: Chien-Pao|Focus Sash\n|-damage|p1b: Chien-Pao|1\/100\n|move|p1a: Ting-Lu|Stomping Tantrum|p2b: El Jose\n|-supereffective|p2b: El Jose\n|-damage|p2b: El Jose|12\/100\n|\n|upkeep\n|turn|3\n|inactive|Landri has 30 seconds left.\n|inactive|NekoVGC has 30 seconds left.\n|inactive|NekoVGC has 20 seconds left.\n|inactive|NekoVGC has 15 seconds left.\n|inactive|NekoVGC has 10 seconds left.\n|\n|t:|1682017697\n|move|p2b: El Jose|Protect|p2b: El Jose\n|-singleturn|p2b: El Jose|Protect\n|move|p1b: Chien-Pao|Sucker Punch||[still]\n|-fail|p1b: Chien-Pao\n|move|p2a: Silver|Body Press|p1b: Chien-Pao\n|-supereffective|p1b: Chien-Pao\n|-damage|p1b: Chien-Pao|0 fnt\n|faint|p1b: Chien-Pao\n|move|p1a: Ting-Lu|Snarl|p2b: El Jose|[spread] p2a\n|-activate|p2b: El Jose|move: Protect\n|-damage|p2a: Silver|64\/100\n|-ability|p2a: Silver|Mirror Armor\n|-unboost|p1a: Ting-Lu|spa|1\n|\n|upkeep\n|\n|t:|1682017703\n|switch|p1b: Volcarona|Volcarona, L50, F|100\/100\n|turn|4\n|\n|t:|1682017724\n|move|p1b: Volcarona|Overheat|p2a: Silver\n|-supereffective|p2a: Silver\n|-damage|p2a: Silver|0 fnt\n|-unboost|p1b: Volcarona|spa|2\n|faint|p2a: Silver\n|move|p2b: El Jose|Bitter Blade|p1a: Ting-Lu\n|-damage|p1a: Ting-Lu|50\/100\n|-heal|p2b: El Jose|49\/100|[from] drain|[of] p1a: Ting-Lu\n|move|p1a: Ting-Lu|Stomping Tantrum|p2b: El Jose\n|-supereffective|p2b: El Jose\n|-damage|p2b: El Jose|0 fnt\n|faint|p2b: El Jose\n|\n|upkeep\n|\n|t:|1682017737\n|switch|p2b: SilviaCharro|Flutter Mane, L50|100\/100\n|switch|p2a: MLAK|Gastrodon, L50, F, shiny|100\/100\n|turn|5\n|\n|t:|1682017744\n|move|p2b: SilviaCharro|Protect|p2b: SilviaCharro\n|-singleturn|p2b: SilviaCharro|Protect\n|move|p1b: Volcarona|Rage Powder|p1b: Volcarona\n|-singleturn|p1b: Volcarona|move: Rage Powder\n|move|p1a: Ting-Lu|Heavy Slam|p2b: SilviaCharro\n|-activate|p2b: SilviaCharro|move: Protect\n|move|p2a: MLAK|Earth Power|p1b: Volcarona\n|-damage|p1b: Volcarona|80\/100\n|\n|upkeep\n|turn|6\n|inactive|NekoVGC has 30 seconds left.\n|inactive|NekoVGC has 20 seconds left.\n|inactive|NekoVGC has 15 seconds left.\n|\n|t:|1682017787\n|move|p1b: Volcarona|Rage Powder|p1b: Volcarona\n|-singleturn|p1b: Volcarona|move: Rage Powder\n|move|p2b: SilviaCharro|Shadow Ball|p1b: Volcarona\n|-damage|p1b: Volcarona|49\/100\n|-enditem|p1b: Volcarona|Sitrus Berry|[eat]\n|-heal|p1b: Volcarona|74\/100|[from] item: Sitrus Berry\n|move|p1a: Ting-Lu|Heavy Slam|p2b: SilviaCharro\n|-supereffective|p2b: SilviaCharro\n|-enditem|p2b: SilviaCharro|Focus Sash\n|-damage|p2b: SilviaCharro|1\/100\n|move|p2a: MLAK|Earth Power|p1b: Volcarona\n|-damage|p1b: Volcarona|51\/100\n|\n|upkeep\n|turn|7\n|inactive|NekoVGC has 30 seconds left.\n|\n|t:|1682017822\n|move|p2b: SilviaCharro|Protect|p2b: SilviaCharro\n|-singleturn|p2b: SilviaCharro|Protect\n|move|p1b: Volcarona|Rage Powder|p1b: Volcarona\n|-singleturn|p1b: Volcarona|move: Rage Powder\n|move|p1a: Ting-Lu|Snarl|p2b: SilviaCharro|[spread] p2a\n|-activate|p2b: SilviaCharro|move: Protect\n|-crit|p2a: MLAK\n|-damage|p2a: MLAK|89\/100\n|move|p2a: MLAK|Earth Power|p1b: Volcarona\n|-crit|p1b: Volcarona\n|-damage|p1b: Volcarona|18\/100\n|\n|upkeep\n|turn|8\n|\n|t:|1682017837\n|move|p1b: Volcarona|Rage Powder|p1b: Volcarona\n|-singleturn|p1b: Volcarona|move: Rage Powder\n|move|p2b: SilviaCharro|Shadow Ball|p1b: Volcarona\n|-damage|p1b: Volcarona|0 fnt\n|faint|p1b: Volcarona\n|move|p1a: Ting-Lu|Heavy Slam|p2b: SilviaCharro\n|-supereffective|p2b: SilviaCharro\n|-damage|p2b: SilviaCharro|0 fnt\n|faint|p2b: SilviaCharro\n|-end|p2b: SilviaCharro|Protosynthesis|[silent]\n|move|p2a: MLAK|Earth Power|p1a: Ting-Lu\n|-supereffective|p1a: Ting-Lu\n|-damage|p1a: Ting-Lu|31\/100\n|\n|upkeep\n|\n|t:|1682017848\n|switch|p1b: Flutter Mane|Flutter Mane, L50|100\/100\n|turn|9\n|-message|NekoVGC forfeited.\n|\n|win|Landri\n|raw|Landri's rating: 1326 → 1340<\/strong> (+14 for winning)\n|raw|NekoVGC's rating: 1226 → 1208<\/strong> (-18 for losing)\n|l|\u2606NekoVGC\n","uploadtime":1682017856,"views":13,"p1id":"landri","p2id":"nekovgc","formatid":"gen9vgc2023regulationc","rating":1208,"private":0,"password":""}