{"id":"gen9vgc2023regulationc-1862276748","p1":"RonJohn","p2":"CordonBleuPlus","format":"[Gen 9] VGC 2023 Regulation C","log":"|j|\u2606RonJohn\n|j|\u2606CordonBleuPlus\n|t:|1683858582\n|gametype|doubles\n|player|p1|RonJohn|2|1224\n|player|p2|CordonBleuPlus|rocketgruntf|1243\n|teamsize|p1|6\n|teamsize|p2|6\n|gen|9\n|tier|[Gen 9] VGC 2023 Regulation C\n|rated|\n|rule|Species Clause: Limit one of each Pok\u00e9mon\n|rule|Item Clause: Limit one of each item\n|clearpoke\n|poke|p1|Flutter Mane, L50|\n|poke|p1|Orthworm, L50, M|\n|poke|p1|Dragonite, L50, F|\n|poke|p1|Amoonguss, L50, F|\n|poke|p1|Gyarados, L50, F|\n|poke|p1|Ting-Lu, L50|\n|poke|p2|Maushold, L50|\n|poke|p2|Lucario, L50, F|\n|poke|p2|Flutter Mane, L50|\n|poke|p2|Iron Hands, L50|\n|poke|p2|Amoonguss, L50, M|\n|poke|p2|Chien-Pao, L50|\n|teampreview|4\n|inactive|Battle timer is ON: inactive players will automatically lose when time's up. (requested by CordonBleuPlus)\nRonJohn has agreed to open team sheets.\n|inactive|CordonBleuPlus has 60 seconds left.\n|\n|t:|1683858622\n|start\n|switch|p1a: Gyarados|Gyarados, L50, F|100\/100\n|switch|p1b: Ting-Lu|Ting-Lu, L50|100\/100\n|switch|p2a: Maushold|Maushold, L50|100\/100\n|switch|p2b: Lucario|Lucario, L50, F|100\/100\n|-ability|p1a: Gyarados|Intimidate|boost\n|-unboost|p2a: Maushold|atk|1\n|-unboost|p2b: Lucario|atk|1\n|-ability|p1b: Ting-Lu|Vessel of Ruin\n|turn|1\n|\n|t:|1683858644\n|-terastallize|p2b: Lucario|Flying\n|move|p2a: Maushold|Beat Up|p2b: Lucario\n|-damage|p2b: Lucario|99\/100\n|-ability|p2b: Lucario|Justified|boost\n|-boost|p2b: Lucario|atk|1\n|-damage|p2b: Lucario|98\/100\n|-ability|p2b: Lucario|Justified|boost\n|-boost|p2b: Lucario|atk|1\n|-damage|p2b: Lucario|97\/100\n|-ability|p2b: Lucario|Justified|boost\n|-boost|p2b: Lucario|atk|1\n|-damage|p2b: Lucario|95\/100\n|-ability|p2b: Lucario|Justified|boost\n|-boost|p2b: Lucario|atk|1\n|-hitcount|p2b: Lucario|4\n|move|p1a: Gyarados|Taunt|p2a: Maushold\n|-start|p2a: Maushold|move: Taunt\n|move|p2b: Lucario|Ice Punch|p1b: Ting-Lu\n|-supereffective|p1b: Ting-Lu\n|-damage|p1b: Ting-Lu|40\/100\n|move|p1b: Ting-Lu|Earthquake|p2a: Maushold|[spread] p2a\n|-immune|p1a: Gyarados\n|-immune|p2b: Lucario\n|-damage|p2a: Maushold|68\/100\n|\n|upkeep\n|turn|2\n|inactive|RonJohn has 30 seconds left.\n|inactive|CordonBleuPlus has 30 seconds left.\n|inactive|RonJohn has 20 seconds left.\n|inactive|RonJohn has 15 seconds left.\n|inactive|RonJohn has 10 seconds left.\n|\n|t:|1683858690\n|switch|p1b: Orthworm|Orthworm, L50, M|100\/100\n|move|p2a: Maushold|Beat Up|p2b: Lucario\n|-damage|p2b: Lucario|94\/100\n|-ability|p2b: Lucario|Justified|boost\n|-boost|p2b: Lucario|atk|1\n|-damage|p2b: Lucario|92\/100\n|-ability|p2b: Lucario|Justified|boost\n|-boost|p2b: Lucario|atk|1\n|-damage|p2b: Lucario|90\/100\n|-ability|p2b: Lucario|Justified|boost\n|-boost|p2b: Lucario|atk|1\n|-damage|p2b: Lucario|89\/100\n|-hitcount|p2b: Lucario|4\n|move|p1a: Gyarados|Thunder Wave|p2b: Lucario\n|-status|p2b: Lucario|par\n|-enditem|p2b: Lucario|Lum Berry|[eat]\n|-curestatus|p2b: Lucario|par|[msg]\n|move|p2b: Lucario|Ice Punch|p1b: Orthworm\n|-resisted|p1b: Orthworm\n|-damage|p1b: Orthworm|74\/100\n|\n|upkeep\n|turn|3\n|inactive|RonJohn has 30 seconds left.\n|inactive|CordonBleuPlus has 30 seconds left.\n|inactive|RonJohn has 20 seconds left.\n|inactive|RonJohn has 15 seconds left.\n|inactive|CordonBleuPlus has 20 seconds left.\n|inactive|CordonBleuPlus has 15 seconds left.\n|\n|t:|1683858741\n|switch|p2a: Iron Hands|Iron Hands, L50|100\/100\n|move|p2b: Lucario|Extreme Speed|p1a: Gyarados\n|-damage|p1a: Gyarados|15\/100\n|move|p1a: Gyarados|Thunder Wave|p2b: Lucario\n|-status|p2b: Lucario|par\n|move|p1b: Orthworm|Shed Tail|p1b: Orthworm\n|-start|p1b: Orthworm|Substitute|[from] move: Shed Tail\n|-damage|p1b: Orthworm|24\/100\n|-enditem|p1b: Orthworm|Sitrus Berry|[eat]\n|-heal|p1b: Orthworm|49\/100|[from] item: Sitrus Berry\n|\n|t:|1683858756\n|switch|p1b: Dragonite|Dragonite, L50, F|100\/100|[from] Shed Tail\n|\n|upkeep\n|turn|4\n|inactive|CordonBleuPlus has 30 seconds left.\n|\n|t:|1683858791\n|switch|p1a: Ting-Lu|Ting-Lu, L50|40\/100\n|-ability|p1a: Ting-Lu|Vessel of Ruin\n|move|p2b: Lucario|Extreme Speed|p1b: Dragonite\n|-end|p1b: Dragonite|Substitute\n|move|p1b: Dragonite|Dragon Dance|p1b: Dragonite\n|-boost|p1b: Dragonite|atk|1\n|-boost|p1b: Dragonite|spe|1\n|move|p2a: Iron Hands|Volt Switch|p1a: Ting-Lu\n|-immune|p1a: Ting-Lu\n|\n|upkeep\n|turn|5\n|inactive|RonJohn has 30 seconds left.\n|inactive|CordonBleuPlus has 30 seconds left.\n|inactive|CordonBleuPlus has 20 seconds left.\n|inactive|CordonBleuPlus has 15 seconds left.\n|\n|t:|1683858834\n|move|p1b: Dragonite|Ice Spinner|p2b: Lucario\n|-supereffective|p2b: Lucario\n|-damage|p2b: Lucario|0 fnt\n|faint|p2b: Lucario\n|move|p1a: Ting-Lu|Earthquake|p2a: Iron Hands|[spread] p2a\n|-immune|p1b: Dragonite\n|-supereffective|p2a: Iron Hands\n|-damage|p2a: Iron Hands|54\/100\n|move|p2a: Iron Hands|Drain Punch|p1b: Dragonite\n|-resisted|p1b: Dragonite\n|-damage|p1b: Dragonite|90\/100\n|-heal|p2a: Iron Hands|58\/100|[from] drain|[of] p1b: Dragonite\n|\n|upkeep\n|\n|t:|1683858843\n|switch|p2b: Amoonguss|Amoonguss, L50, M|100\/100\n|turn|6\n|\n|t:|1683858863\n|-terastallize|p1a: Ting-Lu|Grass\n|move|p2b: Amoonguss|Protect|p2b: Amoonguss\n|-singleturn|p2b: Amoonguss|Protect\n|move|p1b: Dragonite|Ice Spinner|p2b: Amoonguss\n|-activate|p2b: Amoonguss|move: Protect\n|move|p1a: Ting-Lu|Earthquake|p2b: Amoonguss|[spread] p2a\n|-activate|p2b: Amoonguss|move: Protect\n|-immune|p1b: Dragonite\n|-supereffective|p2a: Iron Hands\n|-damage|p2a: Iron Hands|11\/100\n|move|p2a: Iron Hands|Drain Punch|p1a: Ting-Lu\n|-damage|p1a: Ting-Lu|16\/100\n|-heal|p2a: Iron Hands|23\/100|[from] drain|[of] p1a: Ting-Lu\n|\n|upkeep\n|turn|7\n|inactive|RonJohn has 30 seconds left.\n|inactive|CordonBleuPlus has 30 seconds left.\n|inactive|RonJohn has 20 seconds left.\n|\n|t:|1683858899\n|-end|p2a: Iron Hands|Quark Drive|[silent]\n|switch|p2a: Maushold|Maushold, L50|68\/100\n|move|p1b: Dragonite|Ice Spinner|p2b: Amoonguss\n|-supereffective|p2b: Amoonguss\n|-damage|p2b: Amoonguss|45\/100\n|-enditem|p2b: Amoonguss|Sitrus Berry|[eat]\n|-heal|p2b: Amoonguss|70\/100|[from] item: Sitrus Berry\n|move|p1a: Ting-Lu|Earthquake|p2a: Maushold|[spread] p2a,p2b\n|-immune|p1b: Dragonite\n|-damage|p2a: Maushold|30\/100\n|-damage|p2b: Amoonguss|52\/100\n|move|p2b: Amoonguss|Spore|p1b: Dragonite\n|-status|p1b: Dragonite|slp|[from] move: Spore\n|-enditem|p1b: Dragonite|Lum Berry|[eat]\n|-curestatus|p1b: Dragonite|slp|[msg]\n|\n|upkeep\n|turn|8\n|-message|CordonBleuPlus forfeited.\n|\n|win|RonJohn\n|raw|RonJohn's rating: 1224 → 1250<\/strong> (+26 for winning)\n|raw|CordonBleuPlus's rating: 1243 → 1217<\/strong> (-26 for losing)\n|l|\u2606CordonBleuPlus\n|c|\u2606RonJohn|gg\n","uploadtime":1683858928,"views":29,"p1id":"ronjohn","p2id":"cordonbleuplus","formatid":"gen9vgc2023regulationc","rating":1217,"private":0,"password":""}