{"id":"gen9vgc2023regulationc-1862115648","p1":"shucklesrevenge95","p2":"IeroTenparansu","format":"[Gen 9] VGC 2023 Regulation C","log":"|j|\u2606shucklesrevenge95\n|j|\u2606IeroTenparansu\n|t:|1683838556\n|gametype|doubles\n|player|p1|shucklesrevenge95|barry|1369\n|player|p2|IeroTenparansu|madame-gen4dp|1300\n|teamsize|p1|6\n|teamsize|p2|6\n|gen|9\n|tier|[Gen 9] VGC 2023 Regulation C\n|rated|\n|rule|Species Clause: Limit one of each Pok\u00e9mon\n|rule|Item Clause: Limit one of each item\n|clearpoke\n|poke|p1|Hawlucha, L50, M|\n|poke|p1|Indeedee-F, L50, F|\n|poke|p1|Armarouge, L50, M|\n|poke|p1|Palafin, L50, F|\n|poke|p1|Sandy Shocks, L50|\n|poke|p1|Chien-Pao, L50|\n|poke|p2|Dondozo, L50, M|\n|poke|p2|Tatsugiri, L50, F|\n|poke|p2|Chi-Yu, L50|\n|poke|p2|Iron Bundle, L50|\n|poke|p2|Flutter Mane, L50|\n|poke|p2|Glimmora, L50, M|\n|teampreview|4\nIeroTenparansu has agreed to open team sheets.\nshucklesrevenge95 has agreed to open team sheets.\n|\n|t:|1683838625\n|start\n|switch|p1a: Palafin|Palafin, L50, F, shiny|100\/100\n|switch|p1b: Hawlucha|Hawlucha, L50, M, shiny|100\/100\n|switch|p2a: Flutter Mane|Flutter Mane, L50, shiny|100\/100\n|switch|p2b: Glimmora|Glimmora, L50, M, shiny|100\/100\n|turn|1\n|\n|t:|1683838654\n|detailschange|p1a: Palafin|Palafin-Hero, L50, F, shiny\n|switch|p1a: Indeedee|Indeedee-F, L50, F|100\/100\n|-fieldstart|move: Psychic Terrain|[from] ability: Psychic Surge|[of] p1a: Indeedee\n|-enditem|p1b: Hawlucha|Psychic Seed\n|-boost|p1b: Hawlucha|spd|1|[from] item: Psychic Seed\n|-terastallize|p1b: Hawlucha|Steel\n|move|p1b: Hawlucha|Acrobatics|p2a: Flutter Mane\n|-damage|p2a: Flutter Mane|25\/100\n|move|p2a: Flutter Mane|Dazzling Gleam|p1b: Hawlucha|[spread] p1a,p1b\n|-resisted|p1b: Hawlucha\n|-damage|p1a: Indeedee|56\/100\n|-damage|p1b: Hawlucha|76\/100\n|move|p2b: Glimmora|Mortal Spin|p1b: Hawlucha|[spread] p1a\n|-immune|p1b: Hawlucha\n|-damage|p1a: Indeedee|52\/100\n|-status|p1a: Indeedee|psn\n|\n|-damage|p1a: Indeedee|40\/100 psn|[from] psn\n|upkeep\n|turn|2\n|\n|t:|1683838684\n|move|p1b: Hawlucha|Acrobatics|p2a: Flutter Mane\n|-damage|p2a: Flutter Mane|0 fnt\n|faint|p2a: Flutter Mane\n|-end|p2a: Flutter Mane|Protosynthesis|[silent]\n|move|p2b: Glimmora|Earth Power|p1b: Hawlucha\n|-supereffective|p1b: Hawlucha\n|-damage|p1b: Hawlucha|21\/100\n|move|p1a: Indeedee|Psychic|p2b: Glimmora\n|-supereffective|p2b: Glimmora\n|-damage|p2b: Glimmora|50\/100\n|\n|-damage|p1a: Indeedee|28\/100 psn|[from] psn\n|upkeep\n|\n|t:|1683838695\n|switch|p2a: Dondozo|Dondozo, L50, M|100\/100\n|turn|3\n|\n|t:|1683838722\n|move|p1b: Hawlucha|Detect|p1b: Hawlucha\n|-singleturn|p1b: Hawlucha|Protect\n|move|p2b: Glimmora|Earth Power|p1b: Hawlucha\n|-activate|p1b: Hawlucha|move: Protect\n|move|p1a: Indeedee|Psychic|p2a: Dondozo\n|-damage|p2a: Dondozo|65\/100\n|move|p2a: Dondozo|Wave Crash|p1a: Indeedee\n|-crit|p1a: Indeedee\n|-damage|p1a: Indeedee|0 fnt\n|faint|p1a: Indeedee\n|-damage|p2a: Dondozo|58\/100|[from] Recoil\n|\n|-heal|p2a: Dondozo|64\/100|[from] item: Leftovers\n|upkeep\n|\n|t:|1683838741\n|switch|p1a: Chien-Pao|Chien-Pao, L50|100\/100\n|-ability|p1a: Chien-Pao|Sword of Ruin\n|turn|4\n|\n|t:|1683838759\n|move|p1a: Chien-Pao|Protect|p1a: Chien-Pao\n|-singleturn|p1a: Chien-Pao|Protect\n|move|p2a: Dondozo|Protect|p2a: Dondozo\n|-singleturn|p2a: Dondozo|Protect\n|move|p1b: Hawlucha|Acrobatics|p2a: Dondozo\n|-activate|p2a: Dondozo|move: Protect\n|move|p2b: Glimmora|Power Gem|p1a: Chien-Pao\n|-activate|p1a: Chien-Pao|move: Protect\n|\n|-heal|p2a: Dondozo|70\/100|[from] item: Leftovers\n|upkeep\n|turn|5\n|\n|t:|1683838778\n|switch|p1a: Palafin|Palafin-Hero, L50, F, shiny|100\/100\n|-activate|p1a: Palafin|ability: Zero to Hero\n|switch|p2a: Tatsugiri|Tatsugiri, L50, F|100\/100\n|move|p1b: Hawlucha|Acrobatics|p2a: Tatsugiri\n|-damage|p2a: Tatsugiri|14\/100\n|move|p2b: Glimmora|Power Gem|p1a: Palafin\n|-damage|p1a: Palafin|62\/100\n|\n|-fieldend|move: Psychic Terrain\n|upkeep\n|turn|6\n|\n|t:|1683838821\n|switch|p2a: Dondozo|Dondozo, L50, M|70\/100\n|-terastallize|p2b: Glimmora|Grass\n|move|p1a: Palafin|Jet Punch|p2b: Glimmora\n|-resisted|p2b: Glimmora\n|-damage|p2b: Glimmora|35\/100\n|-activate|p2b: Glimmora|ability: Toxic Debris\n|-sidestart|p1: shucklesrevenge95|move: Toxic Spikes\n|move|p1b: Hawlucha|Acrobatics|p2b: Glimmora\n|-supereffective|p2b: Glimmora\n|-damage|p2b: Glimmora|0 fnt\n|-activate|p2b: Glimmora|ability: Toxic Debris\n|-sidestart|p1: shucklesrevenge95|move: Toxic Spikes\n|faint|p2b: Glimmora\n|\n|-heal|p2a: Dondozo|76\/100|[from] item: Leftovers\n|upkeep\n|\n|t:|1683838835\n|switch|p2b: Tatsugiri|Tatsugiri, L50, F|14\/100\n|-activate|p2b: Tatsugiri|ability: Commander|[of] p2a: Dondozo\n|-boost|p2a: Dondozo|atk|2\n|-boost|p2a: Dondozo|spa|2\n|-boost|p2a: Dondozo|spe|2\n|-boost|p2a: Dondozo|def|2\n|-boost|p2a: Dondozo|spd|2\n|turn|7\n|\n|t:|1683838851\n|move|p1a: Palafin|Protect|p1a: Palafin\n|-singleturn|p1a: Palafin|Protect\n|move|p1b: Hawlucha|Acrobatics|p2a: Dondozo\n|-damage|p2a: Dondozo|56\/100\n|move|p2a: Dondozo|Tera Blast|p1a: Palafin\n|-activate|p1a: Palafin|move: Protect\n|\n|-heal|p2a: Dondozo|62\/100|[from] item: Leftovers\n|upkeep\n|turn|8\n|\n|t:|1683838887\n|move|p1b: Hawlucha|Acrobatics|p2a: Dondozo\n|-damage|p2a: Dondozo|45\/100\n|move|p2a: Dondozo|Earthquake|p1b: Hawlucha|[spread] p1a,p1b\n|-miss|p2a: Dondozo|p2b: Tatsugiri\n|-supereffective|p1b: Hawlucha\n|-damage|p1a: Palafin|21\/100\n|-damage|p1b: Hawlucha|0 fnt\n|faint|p1b: Hawlucha\n|move|p1a: Palafin|Close Combat|p2a: Dondozo\n|-damage|p2a: Dondozo|27\/100\n|-unboost|p1a: Palafin|def|1\n|-unboost|p1a: Palafin|spd|1\n|-enditem|p1a: Palafin|Eject Pack\n|\n|t:|1683838898\n|switch|p1a: Chien-Pao|Chien-Pao, L50|100\/100\n|-status|p1a: Chien-Pao|tox\n|-ability|p1a: Chien-Pao|Sword of Ruin\n|\n|-heal|p2a: Dondozo|33\/100|[from] item: Leftovers\n|-damage|p1a: Chien-Pao|95\/100 tox|[from] psn\n|upkeep\n|\n|t:|1683838906\n|switch|p1b: Palafin|Palafin-Hero, L50, F, shiny|21\/100\n|-status|p1b: Palafin|tox\n|turn|9\n|\n|t:|1683838917\n|move|p2a: Dondozo|Protect|p2a: Dondozo\n|-singleturn|p2a: Dondozo|Protect\n|move|p1a: Chien-Pao|Haze|p1a: Chien-Pao\n|-clearallboost\n|move|p1b: Palafin|Close Combat|p2a: Dondozo\n|-activate|p2a: Dondozo|move: Protect\n|\n|-heal|p2a: Dondozo|39\/100|[from] item: Leftovers\n|-damage|p1a: Chien-Pao|83\/100 tox|[from] psn\n|-damage|p1b: Palafin|15\/100 tox|[from] psn\n|upkeep\n|turn|10\n|\n|t:|1683838930\n|move|p2a: Dondozo|Protect||[still]\n|-fail|p2a: Dondozo\n|move|p1a: Chien-Pao|Throat Chop|p2a: Dondozo\n|-damage|p2a: Dondozo|2\/100\n|-start|p2a: Dondozo|Throat Chop|[silent]\n|move|p1b: Palafin|Close Combat|p2a: Dondozo\n|-damage|p2a: Dondozo|0 fnt\n|-unboost|p1b: Palafin|def|1\n|-unboost|p1b: Palafin|spd|1\n|faint|p2a: Dondozo\n|\n|-damage|p1a: Chien-Pao|66\/100 tox|[from] psn\n|-damage|p1b: Palafin|4\/100 tox|[from] psn\n|upkeep\n|turn|11\n|\n|t:|1683838953\n|move|p1b: Palafin|Jet Punch|p2b: Tatsugiri\n|-resisted|p2b: Tatsugiri\n|-damage|p2b: Tatsugiri|0 fnt\n|faint|p2b: Tatsugiri\n|\n|win|shucklesrevenge95\n|raw|shucklesrevenge95's rating: 1369 → 1385<\/strong> (+16 for winning)\n|raw|IeroTenparansu's rating: 1300 → 1280<\/strong> (-20 for losing)\n","uploadtime":1683838958,"views":15,"p1id":"shucklesrevenge95","p2id":"ierotenparansu","formatid":"gen9vgc2023regulationc","rating":1280,"private":0,"password":""}