{"id":"gen9vgc2023regulationc-1850822295","p1":"MAJOLION","p2":"Lucario3021","format":"[Gen 9] VGC 2023 Regulation C","log":"|j|\u2606MAJOLION\n|j|\u2606Lucario3021\n|t:|1682371217\n|gametype|doubles\n|player|p1|MAJOLION|266|1038\n|player|p2|Lucario3021|clavell-s|1000\n|teamsize|p1|6\n|teamsize|p2|6\n|gen|9\n|tier|[Gen 9] VGC 2023 Regulation C\n|rated|\n|rule|Species Clause: Limit one of each Pok\u00e9mon\n|rule|Item Clause: Limit one of each item\n|clearpoke\n|poke|p1|Palafin, L50, M|\n|poke|p1|Amoonguss, L50, F|\n|poke|p1|Arcanine, L50, F|\n|poke|p1|Flutter Mane, L50|\n|poke|p1|Ting-Lu, L50|\n|poke|p1|Torkoal, L50, F|\n|poke|p2|Sandy Shocks, L50|\n|poke|p2|Pyroar, L50, F|\n|poke|p2|Garchomp, L50, M|\n|poke|p2|Talonflame, L50, M|\n|poke|p2|Tauros-Paldea-Blaze, L50, M|\n|poke|p2|Tyranitar, L50, M|\n|teampreview|4\n|inactive|Battle timer is ON: inactive players will automatically lose when time's up. (requested by Lucario3021)\nLucario3021 rejected open team sheets.\n|\n|t:|1682371228\n|start\n|switch|p1a: Ting-Lu|Ting-Lu, L50|100\/100\n|switch|p1b: Torkoal|Torkoal, L50, F|100\/100\n|switch|p2a: Pyroar|Pyroar, L50, F|100\/100\n|switch|p2b: Garchomp|Garchomp, L50, M|100\/100\n|-ability|p1a: Ting-Lu|Vessel of Ruin\n|-weather|SunnyDay|[from] ability: Drought|[of] p1b: Torkoal\n|turn|1\n|\n|t:|1682371237\n|-terastallize|p1b: Torkoal|Flying\n|move|p2a: Pyroar|Entrainment|p2b: Garchomp\n|-endability|p2b: Garchomp|Rough Skin|[from] move: Entrainment\n|-ability|p2b: Garchomp|Moxie|[from] move: Entrainment\n|move|p1a: Ting-Lu|Stealth Rock|p2a: Pyroar\n|-sidestart|p2: Lucario3021|move: Stealth Rock\n|move|p2b: Garchomp|Earthquake|p1a: Ting-Lu|[spread] p2a,p1a\n|-immune|p1b: Torkoal\n|-supereffective|p2a: Pyroar\n|-damage|p2a: Pyroar|0 fnt\n|-damage|p1a: Ting-Lu|71\/100\n|faint|p2a: Pyroar\n|-ability|p2b: Garchomp|Moxie|boost\n|-boost|p2b: Garchomp|atk|1\n|move|p1b: Torkoal|Yawn|p2b: Garchomp\n|-start|p2b: Garchomp|move: Yawn|[of] p1b: Torkoal\n|\n|-weather|SunnyDay|[upkeep]\n|upkeep\n|\n|t:|1682371250\n|switch|p2a: Sandy Shocks|Sandy Shocks, L50|100\/100\n|-damage|p2a: Sandy Shocks|94\/100|[from] Stealth Rock\n|-activate|p2a: Sandy Shocks|ability: Protosynthesis\n|-start|p2a: Sandy Shocks|protosynthesisspe\n|turn|2\n|\n|t:|1682371261\n|switch|p1a: Palafin|Palafin, L50, M|100\/100\n|move|p1b: Torkoal|Protect|p1b: Torkoal\n|-singleturn|p1b: Torkoal|Protect\n|move|p2a: Sandy Shocks|Gravity|p2a: Sandy Shocks\n|-fieldstart|move: Gravity\n|move|p2b: Garchomp|Earthquake|p1b: Torkoal|[spread] p2a,p1a\n|-activate|p1b: Torkoal|move: Protect\n|-supereffective|p2a: Sandy Shocks\n|-damage|p2a: Sandy Shocks|0 fnt\n|-damage|p1a: Palafin|11\/100\n|faint|p2a: Sandy Shocks\n|-end|p2a: Sandy Shocks|Protosynthesis|[silent]\n|-ability|p2b: Garchomp|Moxie|boost\n|-boost|p2b: Garchomp|atk|1\n|\n|-weather|SunnyDay|[upkeep]\n|-end|p2b: Garchomp|move: Yawn|[silent]\n|-status|p2b: Garchomp|slp\n|upkeep\n|inactive|Lucario3021 has 30 seconds left.\n|\n|t:|1682371290\n|switch|p2a: Talonflame|Talonflame, L50, M|100\/100\n|-damage|p2a: Talonflame|51\/100|[from] Stealth Rock\n|turn|3\n|\n|t:|1682371299\n|move|p1a: Palafin|Protect|p1a: Palafin\n|-singleturn|p1a: Palafin|Protect\n|move|p2a: Talonflame|Tailwind|p2a: Talonflame\n|-sidestart|p2: Lucario3021|move: Tailwind\n|cant|p2b: Garchomp|slp\n|move|p1b: Torkoal|Yawn|p2a: Talonflame\n|-start|p2a: Talonflame|move: Yawn|[of] p1b: Torkoal\n|\n|-weather|SunnyDay|[upkeep]\n|-heal|p2a: Talonflame|57\/100|[from] item: Leftovers\n|upkeep\n|turn|4\n|\n|t:|1682371314\n|move|p2a: Talonflame|Will-O-Wisp|p1a: Palafin\n|-status|p1a: Palafin|brn\n|cant|p2b: Garchomp|slp\n|move|p1a: Palafin|Focus Blast|p2b: Garchomp\n|-crit|p2b: Garchomp\n|-damage|p2b: Garchomp|74\/100 slp\n|move|p1b: Torkoal|Overheat|p2b: Garchomp\n|-resisted|p2b: Garchomp\n|-damage|p2b: Garchomp|51\/100 slp\n|-unboost|p1b: Torkoal|spa|2\n|-enditem|p1b: Torkoal|Eject Pack\n|\n|t:|1682371326\n|switch|p1b: Arcanine|Arcanine, L50, F|100\/100\n|-ability|p1b: Arcanine|Intimidate|boost\n|-unboost|p2a: Talonflame|atk|1\n|-unboost|p2b: Garchomp|atk|1\n|\n|-weather|SunnyDay|[upkeep]\n|-heal|p2a: Talonflame|63\/100|[from] item: Leftovers\n|-damage|p1a: Palafin|6\/100 brn|[from] brn\n|-end|p2a: Talonflame|move: Yawn|[silent]\n|-status|p2a: Talonflame|slp\n|upkeep\n|turn|5\n|\n|t:|1682371337\n|cant|p2a: Talonflame|slp\n|-curestatus|p2b: Garchomp|slp|[msg]\n|move|p2b: Garchomp|Earthquake|p1a: Palafin|[spread] p2a,p1a,p1b\n|-supereffective|p2a: Talonflame\n|-supereffective|p1b: Arcanine\n|-damage|p2a: Talonflame|0 fnt\n|-damage|p1a: Palafin|0 fnt\n|-damage|p1b: Arcanine|0 fnt\n|faint|p2a: Talonflame\n|faint|p1a: Palafin\n|faint|p1b: Arcanine\n|-ability|p2b: Garchomp|Moxie|boost\n|-boost|p2b: Garchomp|atk|3\n|\n|-weather|none\n|upkeep\n|\n|t:|1682371342\n|switch|p1a: Ting-Lu|Ting-Lu, L50|71\/100\n|switch|p1b: Torkoal|Torkoal, L50, F, tera:Flying|100\/100\n|-ability|p1a: Ting-Lu|Vessel of Ruin\n|-weather|SunnyDay|[from] ability: Drought|[of] p1b: Torkoal\n|turn|6\n|\n|t:|1682371349\n|move|p1b: Torkoal|Helping Hand|p1a: Ting-Lu\n|-singleturn|p1a: Ting-Lu|Helping Hand|[of] p1b: Torkoal\n|move|p2b: Garchomp|Earthquake|p1a: Ting-Lu|[spread] p1a,p1b\n|-damage|p1a: Ting-Lu|0 fnt\n|-damage|p1b: Torkoal|12\/100\n|faint|p1a: Ting-Lu\n|-ability|p2b: Garchomp|Moxie|boost\n|-boost|p2b: Garchomp|atk|1\n|\n|-weather|SunnyDay|[upkeep]\n|-sideend|p2: Lucario3021|move: Tailwind\n|-fieldend|move: Gravity\n|upkeep\n|turn|7\n|-message|MAJOLION forfeited.\n|\n|win|Lucario3021\n|raw|MAJOLION's rating: 1038 → 1021<\/strong> (-17 for losing)\n|raw|Lucario3021's rating: 1000 → 1044<\/strong> (+44 for winning)\n|l|\u2606MAJOLION\n","uploadtime":1682371362,"views":25,"p1id":"majolion","p2id":"lucario3021","formatid":"gen9vgc2023regulationc","rating":1021,"private":0,"password":""}