{"id":"gen9vgc2023regulationc-1848125335","p1":"madelaine2","p2":"palibruh","format":"[Gen 9] VGC 2023 Regulation C","log":"|j|\u2606madelaine2\n|j|\u2606palibruh\n|t:|1682032634\n|gametype|doubles\n|player|p1|madelaine2|caitlin|1383\n|player|p2|palibruh|1|1357\n|teamsize|p1|6\n|teamsize|p2|6\n|gen|9\n|tier|[Gen 9] VGC 2023 Regulation C\n|rated|\n|rule|Species Clause: Limit one of each Pok\u00e9mon\n|rule|Item Clause: Limit one of each item\n|clearpoke\n|poke|p1|Chi-Yu, L50|\n|poke|p1|Flutter Mane, L50|\n|poke|p1|Pawmot, L50, F|\n|poke|p1|Dragonite, L50, M|\n|poke|p1|Amoonguss, L50, F|\n|poke|p1|Palafin, L50, F|\n|poke|p2|Orthworm, L50, F|\n|poke|p2|Dragonite, L50, F|\n|poke|p2|Ting-Lu, L50|\n|poke|p2|Gyarados, L50, F|\n|poke|p2|Flutter Mane, L50|\n|poke|p2|Chien-Pao, L50|\n|teampreview|4\n|inactive|Battle timer is ON: inactive players will automatically lose when time's up. (requested by palibruh)\npalibruh has agreed to open team sheets.\n|\n|t:|1682032661\n|start\n|switch|p1a: Chi-Yu|Chi-Yu, L50|100\/100\n|switch|p1b: Amoonguss|Amoonguss, L50, F|100\/100\n|switch|p2a: Orthworm|Orthworm, L50, F|100\/100\n|switch|p2b: Ting-Lu|Ting-Lu, L50|100\/100\n|-ability|p1a: Chi-Yu|Beads of Ruin\n|-ability|p2b: Ting-Lu|Vessel of Ruin\n|turn|1\n|\n|t:|1682032683\n|-terastallize|p2a: Orthworm|Fire\n|move|p1a: Chi-Yu|Heat Wave|p2a: Orthworm|[spread] p2a,p2b\n|-resisted|p2a: Orthworm\n|-damage|p2a: Orthworm|75\/100\n|-damage|p2b: Ting-Lu|71\/100\n|move|p2b: Ting-Lu|Earthquake|p1b: Amoonguss|[spread] p1a,p1b\n|-heal|p2a: Orthworm|99\/100|[from] ability: Earth Eater|[of] p2b: Ting-Lu\n|-supereffective|p1a: Chi-Yu\n|-damage|p1a: Chi-Yu|0 fnt\n|-damage|p1b: Amoonguss|62\/100\n|faint|p1a: Chi-Yu\n|move|p2a: Orthworm|Iron Defense|p2a: Orthworm\n|-boost|p2a: Orthworm|def|2\n|move|p1b: Amoonguss|Spore|p2b: Ting-Lu\n|-status|p2b: Ting-Lu|slp|[from] move: Spore\n|\n|upkeep\n|\n|t:|1682032700\n|switch|p1a: Dragonite|Dragonite, L50, M|100\/100\n|turn|2\n|\n|t:|1682032711\n|-terastallize|p1a: Dragonite|Normal\n|move|p1a: Dragonite|Extreme Speed|p2a: Orthworm\n|-damage|p2a: Orthworm|75\/100\n|cant|p2b: Ting-Lu|slp\n|move|p2a: Orthworm|Iron Defense|p2a: Orthworm\n|-boost|p2a: Orthworm|def|2\n|move|p1b: Amoonguss|Spore|p2a: Orthworm\n|-status|p2a: Orthworm|slp|[from] move: Spore\n|\n|upkeep\n|turn|3\n|\n|t:|1682032727\n|switch|p2b: Gyarados|Gyarados, L50, F|100\/100\n|-ability|p2b: Gyarados|Intimidate|boost\n|-fail|p1a: Dragonite|unboost|Attack|[from] ability: Inner Focus|[of] p1a: Dragonite\n|-unboost|p1b: Amoonguss|atk|1\n|switch|p1b: Flutter Mane|Flutter Mane, L50|100\/100\n|-enditem|p1b: Flutter Mane|Booster Energy\n|-activate|p1b: Flutter Mane|ability: Protosynthesis|[fromitem]\n|-start|p1b: Flutter Mane|protosynthesisspa\n|move|p1a: Dragonite|Extreme Speed|p2a: Orthworm\n|-damage|p2a: Orthworm|60\/100 slp\n|cant|p2a: Orthworm|slp\n|\n|upkeep\n|turn|4\n|\n|t:|1682032744\n|move|p1a: Dragonite|Extreme Speed|p2b: Gyarados\n|-damage|p2b: Gyarados|31\/100\n|move|p1b: Flutter Mane|Shadow Ball|p2a: Orthworm\n|-damage|p2a: Orthworm|0 fnt\n|faint|p2a: Orthworm\n|move|p2b: Gyarados|Thunder Wave|p1b: Flutter Mane\n|-status|p1b: Flutter Mane|par\n|\n|upkeep\n|\n|t:|1682032755\n|switch|p2a: Flutter Mane|Flutter Mane, L50|100\/100\n|turn|5\n|\n|t:|1682032762\n|move|p1a: Dragonite|Extreme Speed|p2b: Gyarados\n|-damage|p2b: Gyarados|0 fnt\n|faint|p2b: Gyarados\n|move|p2a: Flutter Mane|Hex|p1b: Flutter Mane\n|-supereffective|p1b: Flutter Mane\n|-damage|p1b: Flutter Mane|0 fnt\n|faint|p1b: Flutter Mane\n|-end|p1b: Flutter Mane|Protosynthesis|[silent]\n|\n|upkeep\n|\n|t:|1682032771\n|switch|p1b: Amoonguss|Amoonguss, L50, F|96\/100\n|switch|p2b: Ting-Lu|Ting-Lu, L50|71\/100 slp\n|-ability|p2b: Ting-Lu|Vessel of Ruin\n|turn|6\n|\n|t:|1682032785\n|move|p1a: Dragonite|Extreme Speed|p2b: Ting-Lu\n|-damage|p2b: Ting-Lu|30\/100 slp\n|move|p2a: Flutter Mane|Hex|p1b: Amoonguss\n|-damage|p1b: Amoonguss|64\/100\n|-curestatus|p2b: Ting-Lu|slp|[msg]\n|move|p2b: Ting-Lu|Rock Slide|p1a: Dragonite|[spread] p1a,p1b\n|-damage|p1a: Dragonite|78\/100\n|-damage|p1b: Amoonguss|45\/100\n|-enditem|p1b: Amoonguss|Sitrus Berry|[eat]\n|-heal|p1b: Amoonguss|70\/100|[from] item: Sitrus Berry\n|cant|p1b: Amoonguss|flinch\n|\n|upkeep\n|turn|7\n|\n|t:|1682032804\n|move|p1a: Dragonite|Extreme Speed|p2b: Ting-Lu\n|-damage|p2b: Ting-Lu|0 fnt\n|faint|p2b: Ting-Lu\n|move|p2a: Flutter Mane|Hex|p1b: Amoonguss\n|-damage|p1b: Amoonguss|30\/100\n|move|p1b: Amoonguss|Spore|p2a: Flutter Mane\n|-status|p2a: Flutter Mane|slp|[from] move: Spore\n|\n|upkeep\n|turn|8\n|\n|t:|1682032817\n|move|p1a: Dragonite|Extreme Speed|p2a: Flutter Mane\n|-immune|p2a: Flutter Mane\n|cant|p2a: Flutter Mane|slp\n|move|p1b: Amoonguss|Pollen Puff|p2a: Flutter Mane\n|-resisted|p2a: Flutter Mane\n|-damage|p2a: Flutter Mane|97\/100 slp\n|\n|upkeep\n|turn|9\n|c|\u2606madelaine2|gg\n|c|\u2606palibruh|gg\n|\n|t:|1682032833\n|move|p1a: Dragonite|Extreme Speed|p2a: Flutter Mane\n|-immune|p2a: Flutter Mane\n|cant|p2a: Flutter Mane|slp\n|move|p1b: Amoonguss|Pollen Puff|p2a: Flutter Mane\n|-resisted|p2a: Flutter Mane\n|-damage|p2a: Flutter Mane|93\/100 slp\n|\n|upkeep\n|turn|10\n|\n|t:|1682032853\n|-curestatus|p2a: Flutter Mane|slp|[msg]\n|move|p2a: Flutter Mane|Hex|p1b: Amoonguss\n|-damage|p1b: Amoonguss|0 fnt\n|faint|p1b: Amoonguss\n|-activate|p1a: Dragonite|move: Struggle\n|move|p1a: Dragonite|Struggle|p2a: Flutter Mane\n|-damage|p2a: Flutter Mane|51\/100\n|-damage|p1a: Dragonite|53\/100|[from] recoil\n|\n|upkeep\n|turn|11\n|\n|t:|1682032862\n|move|p2a: Flutter Mane|Hex|p1a: Dragonite\n|-immune|p1a: Dragonite\n|-activate|p1a: Dragonite|move: Struggle\n|move|p1a: Dragonite|Struggle|p2a: Flutter Mane\n|-crit|p2a: Flutter Mane\n|-damage|p2a: Flutter Mane|0 fnt\n|faint|p2a: Flutter Mane\n|-end|p2a: Flutter Mane|Protosynthesis|[silent]\n|-damage|p1a: Dragonite|28\/100|[from] recoil\n|\n|win|madelaine2\n|raw|madelaine2's rating: 1383 → 1402<\/strong> (+19 for winning)\n|raw|palibruh's rating: 1357 → 1338<\/strong> (-19 for losing)\n|c|\u2606madelaine2|WHAT\n|l|\u2606palibruh\n|c|\u2606madelaine2|I thought struggle was normal\n","uploadtime":1682032883,"views":7,"p1id":"madelaine2","p2id":"palibruh","formatid":"gen9vgc2023regulationc","rating":1338,"private":0,"password":""}