{"id":"gen9vgc2023regulationc-1848090578","p1":"testinbabylon","p2":"A_Wild_Ymir","format":"[Gen 9] VGC 2023 Regulation C","log":"|j|\u2606testinbabylon\n|j|\u2606A_Wild_Ymir\n|t:|1682028576\n|gametype|doubles\n|player|p1|testinbabylon|iris|1109\n|player|p2|A_Wild_Ymir|pokemonbreeder-gen4|1056\n|teamsize|p1|6\n|teamsize|p2|6\n|gen|9\n|tier|[Gen 9] VGC 2023 Regulation C\n|rated|\n|rule|Species Clause: Limit one of each Pok\u00e9mon\n|rule|Item Clause: Limit one of each item\n|clearpoke\n|poke|p1|Scream Tail, L50|\n|poke|p1|Kingambit, L50, F|\n|poke|p1|Chi-Yu, L50|\n|poke|p1|Amoonguss, L50, M|\n|poke|p1|Gyarados, L50, M|\n|poke|p1|Flutter Mane, L50|\n|poke|p2|Flutter Mane, L50|\n|poke|p2|Kingambit, L50, F|\n|poke|p2|Dragonite, L50, M|\n|poke|p2|Amoonguss, L50, F|\n|poke|p2|Iron Bundle, L50|\n|poke|p2|Arcanine, L50, F|\n|teampreview|4\n|inactive|Battle timer is ON: inactive players will automatically lose when time's up. (requested by A_Wild_Ymir)\ntestinbabylon has agreed to open team sheets.\nA_Wild_Ymir has agreed to open team sheets.\n|inactive|testinbabylon has 60 seconds left.\n|inactive|A_Wild_Ymir has 60 seconds left.\n|inactive|testinbabylon has 30 seconds left.\n|\n|t:|1682028642\n|start\n|switch|p1a: Scream Tail|Scream Tail, L50|100\/100\n|switch|p1b: Kingambit|Kingambit, L50, F|100\/100\n|switch|p2a: Amoonguss|Amoonguss, L50, F|100\/100\n|switch|p2b: Arcanine|Arcanine, L50, F|100\/100\n|-ability|p2b: Arcanine|Intimidate|boost\n|-unboost|p1a: Scream Tail|atk|1\n|-unboost|p1b: Kingambit|atk|1\n|-ability|p1b: Kingambit|Defiant|boost\n|-boost|p1b: Kingambit|atk|2\n|-enditem|p1a: Scream Tail|Booster Energy\n|-activate|p1a: Scream Tail|ability: Protosynthesis|[fromitem]\n|-start|p1a: Scream Tail|protosynthesisspe\n|turn|1\n|inactive|A_Wild_Ymir has 30 seconds left.\n|\n|t:|1682028672\n|-terastallize|p1b: Kingambit|Dark\n|move|p2b: Arcanine|Protect|p2b: Arcanine\n|-singleturn|p2b: Arcanine|Protect\n|move|p1a: Scream Tail|Howl|p1a: Scream Tail|[spread] p1a,p1b\n|-boost|p1a: Scream Tail|atk|1\n|-boost|p1b: Kingambit|atk|1\n|move|p1b: Kingambit|Kowtow Cleave|p2b: Arcanine\n|-activate|p2b: Arcanine|move: Protect\n|move|p2a: Amoonguss|Spore|p1a: Scream Tail\n|-status|p1a: Scream Tail|slp|[from] move: Spore\n|\n|upkeep\n|turn|2\n|inactive|testinbabylon has 30 seconds left.\n|\n|t:|1682028700\n|move|p1b: Kingambit|Protect|p1b: Kingambit\n|-singleturn|p1b: Kingambit|Protect\n|move|p2a: Amoonguss|Rage Powder|p2a: Amoonguss\n|-singleturn|p2a: Amoonguss|move: Rage Powder\n|cant|p1a: Scream Tail|slp\n|move|p2b: Arcanine|Flare Blitz|p1b: Kingambit\n|-activate|p1b: Kingambit|move: Protect\n|\n|upkeep\n|turn|3\n|\n|t:|1682028720\n|move|p1b: Kingambit|Sucker Punch|p2b: Arcanine\n|-damage|p2b: Arcanine|0 fnt\n|faint|p2b: Arcanine\n|cant|p1a: Scream Tail|slp\n|move|p2a: Amoonguss|Spore|p1b: Kingambit\n|-status|p1b: Kingambit|slp|[from] move: Spore\n|\n|upkeep\n|\n|t:|1682028728\n|switch|p2b: Flutter Mane|Flutter Mane, L50|100\/100\n|turn|4\n|\n|t:|1682028737\n|switch|p1b: Amoonguss|Amoonguss, L50, M|100\/100\n|switch|p2a: Dragonite|Dragonite, L50, M|100\/100\n|-terastallize|p2b: Flutter Mane|Fairy\n|-curestatus|p1a: Scream Tail|slp|[msg]\n|move|p1a: Scream Tail|Protect|p1a: Scream Tail\n|-singleturn|p1a: Scream Tail|Protect\n|move|p2b: Flutter Mane|Dazzling Gleam|p1b: Amoonguss|[spread] p1b\n|-activate|p1a: Scream Tail|move: Protect\n|-resisted|p1b: Amoonguss\n|-damage|p1b: Amoonguss|78\/100\n|\n|upkeep\n|turn|5\n|inactive|testinbabylon has 30 seconds left.\n|inactive|testinbabylon has 20 seconds left.\n|inactive|testinbabylon has 15 seconds left.\n|\n|t:|1682028778\n|move|p2a: Dragonite|Extreme Speed|p1b: Amoonguss\n|-damage|p1b: Amoonguss|30\/100\n|-enditem|p1b: Amoonguss|Sitrus Berry|[eat]\n|-heal|p1b: Amoonguss|55\/100|[from] item: Sitrus Berry\n|move|p1a: Scream Tail|Fake Tears|p2b: Flutter Mane\n|-unboost|p2b: Flutter Mane|spd|2\n|move|p2b: Flutter Mane|Dazzling Gleam|p1a: Scream Tail|[spread] p1a,p1b\n|-resisted|p1b: Amoonguss\n|-damage|p1a: Scream Tail|55\/100\n|-damage|p1b: Amoonguss|34\/100\n|move|p1b: Amoonguss|Spore|p2b: Flutter Mane\n|-status|p2b: Flutter Mane|slp|[from] move: Spore\n|\n|upkeep\n|turn|6\n|\n|t:|1682028802\n|switch|p1b: Flutter Mane|Flutter Mane, L50|100\/100\n|move|p2a: Dragonite|Extreme Speed|p1b: Flutter Mane\n|-immune|p1b: Flutter Mane\n|move|p1a: Scream Tail|Dazzling Gleam|p2b: Flutter Mane|[spread] p2a,p2b\n|-supereffective|p2a: Dragonite\n|-damage|p2a: Dragonite|67\/100\n|-damage|p2b: Flutter Mane|66\/100 slp\n|cant|p2b: Flutter Mane|slp\n|\n|upkeep\n|turn|7\n|-message|A_Wild_Ymir forfeited.\n|\n|win|testinbabylon\n|raw|testinbabylon's rating: 1109 → 1130<\/strong> (+21 for winning)\n|raw|A_Wild_Ymir's rating: 1056 → 1040<\/strong> (-16 for losing)\n|l|\u2606A_Wild_Ymir\n","uploadtime":1682028820,"views":6,"p1id":"testinbabylon","p2id":"awildymir","formatid":"gen9vgc2023regulationc","rating":1040,"private":0,"password":""}