{"id":"gen9vgc2023regulationc-1859610074","p1":"mdyfeiju","p2":"DigDogSuspension","format":"[Gen 9] VGC 2023 Regulation C","log":"|j|\u2606mdyfeiju\n|j|\u2606DigDogSuspension\n|t:|1683548515\n|gametype|doubles\n|player|p1|mdyfeiju|102|1176\n|player|p2|DigDogSuspension|2|1088\n|teamsize|p1|6\n|teamsize|p2|6\n|gen|9\n|tier|[Gen 9] VGC 2023 Regulation C\n|rated|\n|rule|Species Clause: Limit one of each Pok\u00e9mon\n|rule|Item Clause: Limit one of each item\n|clearpoke\n|poke|p1|Arcanine, L50, F|\n|poke|p1|Chien-Pao, L50|\n|poke|p1|Palafin, L50, M|\n|poke|p1|Amoonguss, L50, F|\n|poke|p1|Flutter Mane, L50|\n|poke|p1|Scizor, L50, F|\n|poke|p2|Flutter Mane, L50|\n|poke|p2|Amoonguss, L50, M|\n|poke|p2|Arcanine, L50, M|\n|poke|p2|Palafin, L50, F|\n|poke|p2|Ting-Lu, L50|\n|poke|p2|Dragonite, L50, F|\n|teampreview|4\n|\n|t:|1683548550\n|start\n|switch|p1a: Palafin|Palafin, L50, M|100\/100\n|switch|p1b: Arcanine|Arcanine, L50, F|100\/100\n|switch|p2a: Ting-Lu|Ting-Lu, L50|100\/100\n|switch|p2b: Palafin|Palafin, L50, F|100\/100\n|-ability|p1b: Arcanine|Intimidate|boost\n|-unboost|p2a: Ting-Lu|atk|1\n|-unboost|p2b: Palafin|atk|1\n|-ability|p2a: Ting-Lu|Vessel of Ruin\n|turn|1\n|\n|t:|1683548594\n|detailschange|p1a: Palafin|Palafin-Hero, L50, M\n|switch|p1a: Amoonguss|Amoonguss, L50, F|100\/100\n|switch|p2a: Flutter Mane|Flutter Mane, L50|100\/100\n|move|p2b: Palafin|Jet Punch|p1b: Arcanine\n|-supereffective|p1b: Arcanine\n|-damage|p1b: Arcanine|64\/100\n|move|p1b: Arcanine|Will-O-Wisp|p2a: Flutter Mane\n|-status|p2a: Flutter Mane|brn\n|\n|-damage|p2a: Flutter Mane|94\/100 brn|[from] brn\n|upkeep\n|turn|2\n|\n|t:|1683548627\n|move|p2b: Palafin|Jet Punch|p1b: Arcanine\n|-supereffective|p1b: Arcanine\n|-damage|p1b: Arcanine|23\/100\n|move|p2a: Flutter Mane|Thunderbolt|p1b: Arcanine\n|-damage|p1b: Arcanine|0 fnt\n|faint|p1b: Arcanine\n|move|p1a: Amoonguss|Spore|p2b: Palafin\n|-status|p2b: Palafin|slp|[from] move: Spore\n|\n|-damage|p2a: Flutter Mane|88\/100 brn|[from] brn\n|upkeep\n|\n|t:|1683548639\n|switch|p1b: Scizor|Scizor, L50, F, shiny|100\/100\n|turn|3\n|\n|t:|1683548655\n|detailschange|p2b: Palafin|Palafin-Hero, L50, F\n|switch|p2b: Arcanine|Arcanine, L50, M|100\/100\n|-ability|p2b: Arcanine|Intimidate|boost\n|-unboost|p1a: Amoonguss|atk|1\n|-unboost|p1b: Scizor|atk|1\n|move|p1a: Amoonguss|Rage Powder|p1a: Amoonguss\n|-singleturn|p1a: Amoonguss|move: Rage Powder\n|move|p2a: Flutter Mane|Thunderbolt|p1a: Amoonguss\n|-resisted|p1a: Amoonguss\n|-damage|p1a: Amoonguss|83\/100\n|move|p1b: Scizor|Swords Dance|p1b: Scizor\n|-boost|p1b: Scizor|atk|2\n|\n|-damage|p2a: Flutter Mane|82\/100 brn|[from] brn\n|upkeep\n|turn|4\n|\n|t:|1683548689\n|-terastallize|p1b: Scizor|Poison\n|move|p1a: Amoonguss|Rage Powder|p1a: Amoonguss\n|-singleturn|p1a: Amoonguss|move: Rage Powder\n|move|p1b: Scizor|Bullet Punch|p2a: Flutter Mane\n|-supereffective|p2a: Flutter Mane\n|-damage|p2a: Flutter Mane|0 fnt\n|faint|p2a: Flutter Mane\n|-end|p2a: Flutter Mane|Protosynthesis|[silent]\n|move|p2b: Arcanine|Will-O-Wisp|p1b: Scizor|[miss]\n|-miss|p2b: Arcanine|p1b: Scizor\n|\n|upkeep\n|\n|t:|1683548700\n|switch|p2a: Ting-Lu|Ting-Lu, L50|100\/100\n|-ability|p2a: Ting-Lu|Vessel of Ruin\n|turn|5\n|\n|t:|1683548716\n|switch|p1b: Palafin|Palafin-Hero, L50, M|100\/100\n|-activate|p1b: Palafin|ability: Zero to Hero\n|move|p2b: Arcanine|Flare Blitz|p1a: Amoonguss\n|-supereffective|p1a: Amoonguss\n|-damage|p1a: Amoonguss|0 fnt\n|faint|p1a: Amoonguss\n|-damage|p2b: Arcanine|70\/100|[from] Recoil\n|move|p2a: Ting-Lu|Fissure|p1b: Palafin\n|-damage|p1b: Palafin|0 fnt\n|faint|p1b: Palafin\n|-ohko\n|\n|upkeep\n|\n|t:|1683548732\n|switch|p1b: Scizor|Scizor, L50, F, shiny, tera:Poison|100\/100\n|turn|6\n|l|\u2606mdyfeiju\n|player|p1|\n|\n|t:|1683548754\n|move|p2b: Arcanine|Will-O-Wisp|p1b: Scizor\n|-status|p1b: Scizor|brn\n|move|p1b: Scizor|Close Combat|p2b: Arcanine\n|-damage|p2b: Arcanine|44\/100\n|-unboost|p1b: Scizor|def|1\n|-unboost|p1b: Scizor|spd|1\n|move|p2a: Ting-Lu|Ruination|p1b: Scizor\n|-damage|p1b: Scizor|51\/100 brn\n|\n|-damage|p1b: Scizor|45\/100 brn|[from] brn\n|upkeep\n|turn|7\n|inactive|Battle timer is ON: inactive players will automatically lose when time's up. (requested by DigDogSuspension)\n|c|\u2606DigDogSuspension|Go\n|inactive|mdyfeiju has 30 seconds to reconnect!\n|c|\u2606DigDogSuspension|take your turn bro\n|inactive|mdyfeiju has 20 seconds to reconnect!\n|inactive|mdyfeiju has 15 seconds to reconnect!\n|inactive|mdyfeiju has 10 seconds to reconnect!\n|inactive|mdyfeiju has 5 seconds to reconnect!\n|-message|mdyfeiju lost due to inactivity.\n|\n|win|DigDogSuspension\n|raw|mdyfeiju's rating: 1176 → 1145<\/strong> (-31 for losing)\n|raw|DigDogSuspension's rating: 1088 → 1121<\/strong> (+33 for winning)\n","uploadtime":1683548875,"views":7,"p1id":"mdyfeiju","p2id":"digdogsuspension","formatid":"gen9vgc2023regulationc","rating":1121,"private":0,"password":""}