{"id":"gen9vgc2023regulationc-1860076589","p1":"Vengeful potato","p2":"Kyogre33","format":"[Gen 9] VGC 2023 Regulation C","log":"|j|\u2606Vengeful potato\n|j|\u2606Kyogre33\n|t:|1683592463\n|gametype|doubles\n|player|p1|Vengeful potato|swimmer-gen4|1397\n|player|p2|Kyogre33|steven|1443\n|teamsize|p1|6\n|teamsize|p2|6\n|gen|9\n|tier|[Gen 9] VGC 2023 Regulation C\n|rated|\n|rule|Species Clause: Limit one of each Pok\u00e9mon\n|rule|Item Clause: Limit one of each item\n|clearpoke\n|poke|p1|Dudunsparce-*, L50, M|\n|poke|p1|Hariyama, L50, M|\n|poke|p1|Gengar, L50, F|\n|poke|p1|Corviknight, L50, F|\n|poke|p1|Rotom-Wash, L50|\n|poke|p1|Baxcalibur, L50, F|\n|poke|p2|Torkoal, L50, F|\n|poke|p2|Great Tusk, L50|\n|poke|p2|Flutter Mane, L50|\n|poke|p2|Jumpluff, L50, F|\n|poke|p2|Kingambit, L50, F|\n|poke|p2|Chien-Pao, L50|\n|teampreview|4\nKyogre33 has agreed to open team sheets.\n|inactive|Battle timer is ON: inactive players will automatically lose when time's up. (requested by Kyogre33)\nVengeful potato has agreed to open team sheets.\n|\n|t:|1683592498\n|start\n|switch|p1a: Double Trouble|Dudunsparce, L50, M|100\/100\n|switch|p1b: THICC|Hariyama, L50, M, shiny|100\/100\n|switch|p2a: Jumpluff|Jumpluff, L50, F|100\/100\n|switch|p2b: Torkoal|Torkoal, L50, F|100\/100\n|-weather|SunnyDay|[from] ability: Drought|[of] p2b: Torkoal\n|turn|1\n|\n|t:|1683592517\n|move|p1b: THICC|Fake Out|p2b: Torkoal\n|-damage|p2b: Torkoal|91\/100\n|move|p2a: Jumpluff|Encore|p1b: THICC\n|-start|p1b: THICC|Encore\n|move|p1a: Double Trouble|Glare|p2a: Jumpluff\n|-status|p2a: Jumpluff|par\n|cant|p2b: Torkoal|flinch\n|\n|-weather|SunnyDay|[upkeep]\n|upkeep\n|turn|2\n|inactive|Vengeful potato has 30 seconds left.\n|\n|t:|1683592543\n|switch|p1b: Status Enjoyer|Gengar, L50, F, shiny|100\/100\n|move|p2a: Jumpluff|Sleep Powder|p1a: Double Trouble|[miss]\n|-miss|p2a: Jumpluff|p1a: Double Trouble\n|move|p1a: Double Trouble|Rock Slide|p2b: Torkoal|[spread] p2a,p2b\n|-supereffective|p2a: Jumpluff\n|-supereffective|p2b: Torkoal\n|-damage|p2a: Jumpluff|61\/100 par\n|-damage|p2b: Torkoal|71\/100\n|cant|p2b: Torkoal|flinch\n|\n|-weather|SunnyDay|[upkeep]\n|upkeep\n|turn|3\n|\n|t:|1683592563\n|move|p1a: Double Trouble|Protect|p1a: Double Trouble\n|-singleturn|p1a: Double Trouble|Protect\n|move|p2a: Jumpluff|Sleep Powder|p1a: Double Trouble\n|-activate|p1a: Double Trouble|move: Protect\n|move|p1b: Status Enjoyer|Sludge Bomb|p2b: Torkoal\n|-damage|p2b: Torkoal|1\/100\n|move|p2b: Torkoal|Overheat|p1b: Status Enjoyer\n|-damage|p1b: Status Enjoyer|0 fnt\n|-unboost|p2b: Torkoal|spa|2\n|-enditem|p2b: Torkoal|Eject Pack\n|-start|p2b: Torkoal|Disable|Overheat|[from] ability: Cursed Body|[of] p1b: Status Enjoyer\n|faint|p1b: Status Enjoyer\n|\n|t:|1683592576\n|switch|p2b: Flutter Mane|Flutter Mane, L50|100\/100\n|-activate|p2b: Flutter Mane|ability: Protosynthesis\n|-start|p2b: Flutter Mane|protosynthesisspa\n|\n|-weather|SunnyDay|[upkeep]\n|upkeep\n|\n|t:|1683592585\n|switch|p1b: THICC|Hariyama, L50, M, shiny|100\/100\n|turn|4\n|\n|t:|1683592593\n|switch|p1a: Polished|Corviknight, L50, F, shiny|100\/100\n|-terastallize|p2b: Flutter Mane|Fairy\n|-terastallize|p1b: THICC|Steel\n|move|p1b: THICC|Bullet Punch|p2b: Flutter Mane\n|-supereffective|p2b: Flutter Mane\n|-damage|p2b: Flutter Mane|40\/100\n|cant|p2a: Jumpluff|par\n|move|p2b: Flutter Mane|Dazzling Gleam|p1b: THICC|[spread] p1a,p1b\n|-resisted|p1a: Polished\n|-crit|p1a: Polished\n|-resisted|p1b: THICC\n|-damage|p1a: Polished|50\/100\n|-damage|p1b: THICC|59\/100\n|\n|-weather|SunnyDay|[upkeep]\n|upkeep\n|turn|5\n|inactive|Vengeful potato has 30 seconds left.\n|\n|t:|1683592619\n|-end|p2b: Flutter Mane|Protosynthesis|[silent]\n|switch|p2b: Kingambit|Kingambit, L50, F|100\/100\n|move|p1b: THICC|Bullet Punch|p2a: Jumpluff\n|-damage|p2a: Jumpluff|35\/100 par\n|move|p2a: Jumpluff|Sleep Powder|p1a: Polished\n|-activate|p1a: Polished|item: Safety Goggles|Sleep Powder\n|move|p1a: Polished|Roost|p1a: Polished\n|-heal|p1a: Polished|99\/100\n|-singleturn|p1a: Polished|move: Roost\n|\n|-weather|none\n|upkeep\n|turn|6\n|\n|t:|1683592637\n|move|p1a: Polished|Brave Bird|p2a: Jumpluff\n|-supereffective|p2a: Jumpluff\n|-damage|p2a: Jumpluff|0 fnt\n|faint|p2a: Jumpluff\n|-damage|p1a: Polished|91\/100|[from] Recoil\n|move|p1b: THICC|Drain Punch|p2b: Kingambit\n|-supereffective|p2b: Kingambit\n|-damage|p2b: Kingambit|0 fnt\n|-heal|p1b: THICC|100\/100|[from] drain|[of] p2b: Kingambit\n|faint|p2b: Kingambit\n|\n|upkeep\n|\n|t:|1683592645\n|switch|p2a: Torkoal|Torkoal, L50, F|1\/100\n|switch|p2b: Flutter Mane|Flutter Mane, L50, tera:Fairy|40\/100\n|-weather|SunnyDay|[from] ability: Drought|[of] p2a: Torkoal\n|-activate|p2b: Flutter Mane|ability: Protosynthesis\n|-start|p2b: Flutter Mane|protosynthesisspa\n|turn|7\n|\n|t:|1683592656\n|move|p1b: THICC|Bullet Punch|p2b: Flutter Mane\n|-supereffective|p2b: Flutter Mane\n|-damage|p2b: Flutter Mane|0 fnt\n|faint|p2b: Flutter Mane\n|-end|p2b: Flutter Mane|Protosynthesis|[silent]\n|move|p1a: Polished|Brave Bird|p2a: Torkoal\n|-damage|p2a: Torkoal|0 fnt\n|faint|p2a: Torkoal\n|-damage|p1a: Polished|91\/100|[from] Recoil\n|\n|win|Vengeful potato\n|raw|Vengeful potato's rating: 1397 → 1420<\/strong> (+23 for winning)\n|raw|Kyogre33's rating: 1443 → 1420<\/strong> (-23 for losing)\n|c|\u2606Vengeful potato|Ggs\n|l|\u2606Kyogre33\n","uploadtime":1683592664,"views":9,"p1id":"vengefulpotato","p2id":"kyogre33","formatid":"gen9vgc2023regulationc","rating":1420,"private":0,"password":""}