{"id":"gen9vgc2023regulationc-1862489022","p1":"Bakonlikescufant","p2":"Alexd770","format":"[Gen 9] VGC 2023 Regulation C","log":"|j|\u2606Bakonlikescufant\n|j|\u2606Alexd770\n|t:|1683893435\n|gametype|doubles\n|player|p1|Bakonlikescufant|iono|1093\n|player|p2|Alexd770|169|1185\n|teamsize|p1|6\n|teamsize|p2|6\n|gen|9\n|tier|[Gen 9] VGC 2023 Regulation C\n|rated|\n|rule|Species Clause: Limit one of each Pok\u00e9mon\n|rule|Item Clause: Limit one of each item\n|clearpoke\n|poke|p1|Maushold-Four, L50|\n|poke|p1|Annihilape, L50, M|\n|poke|p1|Chien-Pao, L50|\n|poke|p1|Dragonite, L50, F|\n|poke|p1|Iron Bundle, L50|\n|poke|p1|Amoonguss, L50, M|\n|poke|p2|Chi-Yu, L50|\n|poke|p2|Iron Bundle, L50|\n|poke|p2|Great Tusk, L50|\n|poke|p2|Murkrow, L50, M|\n|poke|p2|Dragonite, L50, M|\n|poke|p2|Flutter Mane, L50|\n|teampreview|4\n|inactive|Battle timer is ON: inactive players will automatically lose when time's up. (requested by Alexd770)\n|inactive|Bakonlikescufant also wants the timer to be on.\nBakonlikescufant has agreed to open team sheets.\n|inactive|Bakonlikescufant has 60 seconds left.\n|inactive|Alexd770 has 60 seconds left.\n|\n|t:|1683893470\n|start\n|switch|p1a: Iron Bumdle|Maushold-Four, L50|100\/100\n|switch|p1b: Dragonte|Annihilape, L50, M|100\/100\n|switch|p2a: Dragonite|Dragonite, L50, M|100\/100\n|switch|p2b: Great Tusk|Great Tusk, L50|100\/100\n|turn|1\n|inactive|Bakonlikescufant has 30 seconds left.\n|inactive|Alexd770 has 30 seconds left.\n|inactive|Alexd770 has 20 seconds left.\n|\n|t:|1683893508\n|-terastallize|p1b: Dragonte|Fire\n|-terastallize|p2a: Dragonite|Flying\n|move|p2b: Great Tusk|Protect|p2b: Great Tusk\n|-singleturn|p2b: Great Tusk|Protect\n|move|p1a: Iron Bumdle|Beat Up|p1b: Dragonte\n|-damage|p1b: Dragonte|99\/100\n|-damage|p1b: Dragonte|96\/100\n|-damage|p1b: Dragonte|95\/100\n|-damage|p1b: Dragonte|92\/100\n|-hitcount|p1b: Dragonte|4\n|move|p1b: Dragonte|Bulk Up|p1b: Dragonte\n|-boost|p1b: Dragonte|atk|1\n|-boost|p1b: Dragonte|def|1\n|move|p2a: Dragonite|Tera Blast|p1b: Dragonte\n|-damage|p1b: Dragonte|63\/100\n|\n|-heal|p1b: Dragonte|69\/100|[from] item: Leftovers\n|upkeep\n|turn|2\n|inactive|Bakonlikescufant has 30 seconds left.\n|inactive|Alexd770 has 30 seconds left.\n|\n|t:|1683893536\n|move|p1a: Iron Bumdle|Follow Me|p1a: Iron Bumdle\n|-singleturn|p1a: Iron Bumdle|move: Follow Me\n|move|p2b: Great Tusk|Earthquake|p1a: Iron Bumdle|[spread] p1a,p1b\n|-immune|p2a: Dragonite\n|-supereffective|p1b: Dragonte\n|-damage|p1a: Iron Bumdle|34\/100\n|-damage|p1b: Dragonte|19\/100\n|-damage|p2b: Great Tusk|91\/100|[from] item: Life Orb\n|move|p1b: Dragonte|Rage Fist|p2b: Great Tusk\n|-damage|p2b: Great Tusk|0 fnt\n|faint|p2b: Great Tusk\n|-end|p2b: Great Tusk|Protosynthesis|[silent]\n|move|p2a: Dragonite|Tera Blast|p1a: Iron Bumdle\n|-damage|p1a: Iron Bumdle|0 fnt\n|faint|p1a: Iron Bumdle\n|\n|-heal|p1b: Dragonte|25\/100|[from] item: Leftovers\n|upkeep\n|inactive|Alexd770 has 30 seconds left.\n|inactive|Alexd770 has 20 seconds left.\n|\n|t:|1683893576\n|switch|p1a: Mausold-Four|Chien-Pao, L50|100\/100\n|switch|p2b: Flutter Mane|Flutter Mane, L50|100\/100\n|-ability|p1a: Mausold-Four|Sword of Ruin\n|turn|3\n|inactive|Alexd770 has 30 seconds left.\n|\n|t:|1683893606\n|move|p1b: Dragonte|Protect|p1b: Dragonte\n|-singleturn|p1b: Dragonte|Protect\n|move|p2a: Dragonite|Extreme Speed|p1a: Mausold-Four\n|-damage|p1a: Mausold-Four|55\/100\n|move|p2b: Flutter Mane|Dazzling Gleam|p1a: Mausold-Four|[spread] p1a\n|-activate|p1b: Dragonte|move: Protect\n|-supereffective|p1a: Mausold-Four\n|-damage|p1a: Mausold-Four|0 fnt\n|faint|p1a: Mausold-Four\n|\n|-heal|p1b: Dragonte|31\/100|[from] item: Leftovers\n|upkeep\n|\n|t:|1683893618\n|switch|p1a: Anihilape|Iron Bundle, L50|100\/100\n|-enditem|p1a: Anihilape|Booster Energy\n|-activate|p1a: Anihilape|ability: Quark Drive|[fromitem]\n|-start|p1a: Anihilape|quarkdrivespe\n|turn|4\n|inactive|Alexd770 has 30 seconds left.\n|inactive|Alexd770 has 20 seconds left.\n|inactive|Alexd770 has 15 seconds left.\n|inactive|Alexd770 has 10 seconds left.\n|\n|t:|1683893665\n|-end|p2b: Flutter Mane|Protosynthesis|[silent]\n|switch|p2b: Chi-Yu|Chi-Yu, L50|100\/100\n|-ability|p2b: Chi-Yu|Beads of Ruin\n|move|p1a: Anihilape|Freeze-Dry|p2a: Dragonite\n|-supereffective|p2a: Dragonite\n|-damage|p2a: Dragonite|45\/100\n|-status|p2a: Dragonite|frz\n|move|p1b: Dragonte|Rage Fist|p2b: Chi-Yu\n|-resisted|p2b: Chi-Yu\n|-damage|p2b: Chi-Yu|0 fnt\n|faint|p2b: Chi-Yu\n|cant|p2a: Dragonite|frz\n|\n|-heal|p1b: Dragonte|37\/100|[from] item: Leftovers\n|upkeep\n|\n|t:|1683893677\n|switch|p2b: Flutter Mane|Flutter Mane, L50|100\/100\n|turn|5\n|inactive|Bakonlikescufant has 30 seconds left.\n|inactive|Alexd770 has 30 seconds left.\n|inactive|Alexd770 has 20 seconds left.\n|\n|t:|1683893713\n|move|p1b: Dragonte|Protect|p1b: Dragonte\n|-singleturn|p1b: Dragonte|Protect\n|move|p1a: Anihilape|Freeze-Dry|p2b: Flutter Mane\n|-damage|p2b: Flutter Mane|63\/100\n|move|p2b: Flutter Mane|Shadow Ball|p1b: Dragonte\n|-activate|p1b: Dragonte|move: Protect\n|cant|p2a: Dragonite|frz\n|\n|-heal|p1b: Dragonte|43\/100|[from] item: Leftovers\n|upkeep\n|turn|6\n|\n|t:|1683893730\n|move|p1a: Anihilape|Freeze-Dry|p2a: Dragonite\n|-supereffective|p2a: Dragonite\n|-damage|p2a: Dragonite|0 fnt\n|faint|p2a: Dragonite\n|move|p2b: Flutter Mane|Shadow Ball|p1b: Dragonte\n|-damage|p1b: Dragonte|5\/100\n|move|p1b: Dragonte|Rage Fist|p2b: Flutter Mane\n|-supereffective|p2b: Flutter Mane\n|-damage|p2b: Flutter Mane|0 fnt\n|faint|p2b: Flutter Mane\n|-end|p2b: Flutter Mane|Protosynthesis|[silent]\n|\n|win|Bakonlikescufant\n|raw|Bakonlikescufant's rating: 1093 → 1126<\/strong> (+33 for winning)\n|raw|Alexd770's rating: 1185 → 1154<\/strong> (-31 for losing)\n|l|\u2606Alexd770\n|l|\u2606Bakonlikescufant\n|j|\u2606Bakonlikescufant\n|player|p1|Bakonlikescufant|iono\n|l|\u2606Bakonlikescufant\n|player|p1|\n|j| viaan\n|l| viaan\n|j| Lifetouches\n|l| Lifetouches\n|j| xdddfrttggrt\n|l| xdddfrttggrt\n|j|\u2606Bakonlikescufant\n|player|p1|Bakonlikescufant|iono\n","uploadtime":1683893845,"views":12,"p1id":"bakonlikescufant","p2id":"alexd770","formatid":"gen9vgc2023regulationc","rating":1126,"private":0,"password":""}