{"id":"gen9vgc2023regulationc-1847326457","p1":"Ricardo Randorez","p2":"Draxolotl","format":"[Gen 9] VGC 2023 Regulation C","log":"|j|\u2606Ricardo Randorez\n|j|\u2606Draxolotl\n|t:|1681938759\n|gametype|doubles\n|player|p1|Ricardo Randorez|1|1193\n|player|p2|Draxolotl|iris-gen5bw2|1208\n|teamsize|p1|6\n|teamsize|p2|6\n|gen|9\n|tier|[Gen 9] VGC 2023 Regulation C\n|rated|\n|rule|Species Clause: Limit one of each Pok\u00e9mon\n|rule|Item Clause: Limit one of each item\n|clearpoke\n|poke|p1|Pachirisu, L50, M|\n|poke|p1|Gholdengo, L50|\n|poke|p1|Azumarill, L50, M|\n|poke|p1|Chien-Pao, L50|\n|poke|p1|Dragonite, L50, M|\n|poke|p1|Brute Bonnet, L50|\n|poke|p2|Grimmsnarl, L50, M|\n|poke|p2|Flutter Mane, L50|\n|poke|p2|Chi-Yu, L50|\n|poke|p2|Gyarados, L50, F|\n|poke|p2|Amoonguss, L50, F|\n|poke|p2|Talonflame, L50, M|\n|teampreview|4\n|inactive|Battle timer is ON: inactive players will automatically lose when time's up. (requested by Draxolotl)\nDraxolotl has agreed to open team sheets.\n|inactive|Draxolotl has 60 seconds left.\n|l|\u2606Ricardo Randorez\n|inactive|Ricardo Randorez disconnected and has a minute to reconnect!\n|player|p1|\n|j|\u2606Ricardo Randorez\n|inactive|Ricardo Randorez reconnected.\n|player|p1|Ricardo Randorez|1\n|\n|t:|1681938815\n|start\n|switch|p1a: Pachirisu|Pachirisu, L50, M|100\/100\n|switch|p1b: Gholdengo|Gholdengo, L50|100\/100\n|switch|p2a: Talonflame|Talonflame, L50, M|100\/100\n|switch|p2b: Gyarados|Gyarados, L50, F|100\/100\n|-ability|p2b: Gyarados|Intimidate|boost\n|-unboost|p1a: Pachirisu|atk|1\n|-unboost|p1b: Gholdengo|atk|1\n|turn|1\n|inactive|Ricardo Randorez has 30 seconds left.\n|\n|t:|1681938842\n|move|p2b: Gyarados|Protect|p2b: Gyarados\n|-singleturn|p2b: Gyarados|Protect\n|move|p1b: Gholdengo|Protect|p1b: Gholdengo\n|-singleturn|p1b: Gholdengo|Protect\n|move|p2a: Talonflame|Tailwind|p2a: Talonflame\n|-sidestart|p2: Draxolotl|move: Tailwind\n|move|p1a: Pachirisu|Nuzzle|p2b: Gyarados\n|-activate|p2b: Gyarados|move: Protect\n|\n|upkeep\n|turn|2\n|inactive|Draxolotl has 30 seconds left.\n|\n|t:|1681938868\n|switch|p2a: Chi-Yu|Chi-Yu, L50|100\/100\n|-ability|p2a: Chi-Yu|Beads of Ruin\n|move|p2b: Gyarados|Waterfall|p1a: Pachirisu\n|-damage|p1a: Pachirisu|51\/100\n|move|p1b: Gholdengo|Nasty Plot|p1b: Gholdengo\n|-boost|p1b: Gholdengo|spa|2\n|move|p1a: Pachirisu|Nuzzle|p2b: Gyarados\n|-supereffective|p2b: Gyarados\n|-damage|p2b: Gyarados|88\/100\n|-status|p2b: Gyarados|par\n|\n|upkeep\n|turn|3\n|inactive|Ricardo Randorez has 30 seconds left.\n|inactive|Draxolotl has 30 seconds left.\n|inactive|Ricardo Randorez has 20 seconds left.\n|inactive|Ricardo Randorez has 15 seconds left.\n|\n|t:|1681938912\n|move|p1b: Gholdengo|Protect|p1b: Gholdengo\n|-singleturn|p1b: Gholdengo|Protect\n|move|p2a: Chi-Yu|Heat Wave|p1b: Gholdengo|[spread] p1a\n|-activate|p1b: Gholdengo|move: Protect\n|-damage|p1a: Pachirisu|8\/100\n|-enditem|p1a: Pachirisu|Sitrus Berry|[eat]\n|-heal|p1a: Pachirisu|33\/100|[from] item: Sitrus Berry\n|cant|p2b: Gyarados|par\n|move|p1a: Pachirisu|Nuzzle|p2a: Chi-Yu\n|-damage|p2a: Chi-Yu|96\/100\n|-status|p2a: Chi-Yu|par\n|\n|upkeep\n|turn|4\n|inactive|Ricardo Randorez has 30 seconds left.\n|\n|t:|1681938940\n|-terastallize|p1b: Gholdengo|Water\n|cant|p2a: Chi-Yu|par\n|move|p2b: Gyarados|Dragon Dance|p2b: Gyarados\n|-boost|p2b: Gyarados|atk|1\n|-boost|p2b: Gyarados|spe|1\n|move|p1b: Gholdengo|Nasty Plot|p1b: Gholdengo\n|-boost|p1b: Gholdengo|spa|2\n|move|p1a: Pachirisu|Super Fang|p2a: Chi-Yu\n|-damage|p2a: Chi-Yu|48\/100 par\n|\n|-sideend|p2: Draxolotl|move: Tailwind\n|upkeep\n|turn|5\n|\n|t:|1681938963\n|move|p1a: Pachirisu|Follow Me|p1a: Pachirisu\n|-singleturn|p1a: Pachirisu|move: Follow Me\n|move|p1b: Gholdengo|Make It Rain|p2b: Gyarados|[spread] p2a,p2b\n|-resisted|p2a: Chi-Yu\n|-resisted|p2b: Gyarados\n|-damage|p2a: Chi-Yu|0 fnt\n|-damage|p2b: Gyarados|0 fnt\n|-unboost|p1b: Gholdengo|spa|1\n|faint|p2a: Chi-Yu\n|faint|p2b: Gyarados\n|\n|upkeep\n|\n|t:|1681938973\n|switch|p2a: Talonflame|Talonflame, L50, M|100\/100\n|switch|p2b: Flutter Mane|Flutter Mane, L50|100\/100\n|-enditem|p2b: Flutter Mane|Booster Energy\n|-activate|p2b: Flutter Mane|ability: Protosynthesis|[fromitem]\n|-start|p2b: Flutter Mane|protosynthesisspa\n|turn|6\n|\n|t:|1681938994\n|-terastallize|p2b: Flutter Mane|Fairy\n|move|p1b: Gholdengo|Protect|p1b: Gholdengo\n|-singleturn|p1b: Gholdengo|Protect\n|move|p2a: Talonflame|Brave Bird|p1b: Gholdengo\n|-activate|p1b: Gholdengo|move: Protect\n|move|p2b: Flutter Mane|Dazzling Gleam|p1a: Pachirisu|[spread] p1a\n|-activate|p1b: Gholdengo|move: Protect\n|-damage|p1a: Pachirisu|0 fnt\n|faint|p1a: Pachirisu\n|\n|upkeep\n|\n|t:|1681939012\n|switch|p1a: Azumarill|Azumarill, L50, M|100\/100\n|turn|7\n|\n|t:|1681939021\n|move|p2a: Talonflame|Brave Bird|p1b: Gholdengo\n|-damage|p1b: Gholdengo|66\/100\n|-damage|p2a: Talonflame|89\/100|[from] Recoil\n|move|p1a: Azumarill|Aqua Jet|p2a: Talonflame\n|-supereffective|p2a: Talonflame\n|-damage|p2a: Talonflame|24\/100\n|move|p2b: Flutter Mane|Dazzling Gleam|p1b: Gholdengo|[spread] p1a,p1b\n|-damage|p1a: Azumarill|63\/100\n|-damage|p1b: Gholdengo|3\/100\n|move|p1b: Gholdengo|Make It Rain|p2b: Flutter Mane|[spread] p2a,p2b\n|-resisted|p2a: Talonflame\n|-supereffective|p2b: Flutter Mane\n|-damage|p2a: Talonflame|0 fnt\n|-damage|p2b: Flutter Mane|0 fnt\n|-unboost|p1b: Gholdengo|spa|1\n|faint|p2a: Talonflame\n|faint|p2b: Flutter Mane\n|-end|p2b: Flutter Mane|Protosynthesis|[silent]\n|\n|win|Ricardo Randorez\n|raw|Ricardo Randorez's rating: 1193 → 1219<\/strong> (+26 for winning)\n|raw|Draxolotl's rating: 1208 → 1182<\/strong> (-26 for losing)\n|c|\u2606Draxolotl|gg\n|l|\u2606Draxolotl\n","uploadtime":1681939041,"views":5,"p1id":"ricardorandorez","p2id":"draxolotl","formatid":"gen9vgc2023regulationc","rating":1182,"private":0,"password":""}