{"id":"gen9vgc2023regulationc-1851688489","p1":"MarckXXcore","p2":"holasoymalo","format":"[Gen 9] VGC 2023 Regulation C","log":"|j|\u2606MarckXXcore\n|j|\u2606holasoymalo\n|t:|1682470137\n|gametype|doubles\n|player|p1|MarckXXcore|red|\n|player|p2|holasoymalo|170|\n|teamsize|p1|6\n|teamsize|p2|6\n|gen|9\n|tier|[Gen 9] VGC 2023 Regulation C\n|rule|Species Clause: Limit one of each Pok\u00e9mon\n|rule|Item Clause: Limit one of each item\n|clearpoke\n|poke|p1|Arcanine, L50, F|\n|poke|p1|Amoonguss, L50, M|\n|poke|p1|Flutter Mane, L50|\n|poke|p1|Roaring Moon, L50|\n|poke|p1|Palafin, L50, M|\n|poke|p1|Ting-Lu, L50|\n|poke|p2|Arcanine, L50, F|\n|poke|p2|Azumarill, L50, F|\n|poke|p2|Chien-Pao, L50|\n|poke|p2|Amoonguss, L50, F|\n|poke|p2|Flutter Mane, L50|\n|poke|p2|Annihilape, L50, M|\n|teampreview|4\n|c|\u2606holasoymalo|g1\n|c|\u2606holasoymalo|listo\n|\n|t:|1682470308\n|start\n|switch|p1a: Palafin|Palafin, L50, M, shiny|100\/100\n|switch|p1b: Amoonguss|Amoonguss, L50, M|100\/100\n|switch|p2a: Arcanine|Arcanine, L50, F|100\/100\n|switch|p2b: Annihilape|Annihilape, L50, M|100\/100\n|-ability|p2a: Arcanine|Intimidate|boost\n|-unboost|p1a: Palafin|atk|1\n|-unboost|p1b: Amoonguss|atk|1\n|turn|1\n|\n|t:|1682470339\n|detailschange|p1a: Palafin|Palafin-Hero, L50, M, shiny\n|switch|p1a: Ting-Lu|Ting-Lu, L50|100\/100\n|-ability|p1a: Ting-Lu|Vessel of Ruin\n|-terastallize|p2a: Arcanine|Water\n|-terastallize|p1b: Amoonguss|Water\n|move|p2a: Arcanine|Will-O-Wisp|p1a: Ting-Lu\n|-status|p1a: Ting-Lu|brn\n|move|p2b: Annihilape|Bulk Up|p2b: Annihilape\n|-boost|p2b: Annihilape|atk|1\n|-boost|p2b: Annihilape|def|1\n|move|p1b: Amoonguss|Spore|p2b: Annihilape\n|-status|p2b: Annihilape|slp|[from] move: Spore\n|\n|-damage|p1a: Ting-Lu|94\/100 brn|[from] brn\n|upkeep\n|turn|2\n|\n|t:|1682470378\n|move|p2a: Arcanine|Flare Blitz|p1a: Ting-Lu\n|-damage|p1a: Ting-Lu|75\/100 brn\n|-damage|p2a: Arcanine|92\/100|[from] Recoil\n|cant|p2b: Annihilape|slp\n|move|p1a: Ting-Lu|Sand Tomb|p2a: Arcanine\n|-damage|p2a: Arcanine|87\/100\n|-activate|p2a: Arcanine|move: Sand Tomb|[of] p1a: Ting-Lu\n|move|p1b: Amoonguss|Spore|p2a: Arcanine\n|-activate|p2a: Arcanine|item: Safety Goggles|Spore\n|\n|-damage|p1a: Ting-Lu|68\/100 brn|[from] brn\n|-damage|p2a: Arcanine|75\/100|[from] move: Sand Tomb|[partiallytrapped]\n|upkeep\n|turn|3\n|\n|t:|1682470398\n|switch|p1b: Arcanine|Arcanine, L50, F|100\/100\n|-ability|p1b: Arcanine|Intimidate|boost\n|-unboost|p2a: Arcanine|atk|1\n|-unboost|p2b: Annihilape|atk|1\n|-ability|p2b: Annihilape|Defiant|boost\n|-boost|p2b: Annihilape|atk|2\n|move|p2a: Arcanine|Flare Blitz|p1a: Ting-Lu\n|-damage|p1a: Ting-Lu|55\/100 brn\n|-damage|p2a: Arcanine|69\/100|[from] Recoil\n|cant|p2b: Annihilape|slp\n|move|p1a: Ting-Lu|Sand Tomb|p2b: Annihilape\n|-crit|p2b: Annihilape\n|-damage|p2b: Annihilape|91\/100 slp\n|-activate|p2b: Annihilape|move: Sand Tomb|[of] p1a: Ting-Lu\n|\n|-heal|p2b: Annihilape|97\/100 slp|[from] item: Leftovers\n|-damage|p1a: Ting-Lu|49\/100 brn|[from] brn\n|-damage|p2a: Arcanine|56\/100|[from] move: Sand Tomb|[partiallytrapped]\n|-damage|p2b: Annihilape|84\/100 slp|[from] move: Sand Tomb|[partiallytrapped]\n|upkeep\n|turn|4\n|\n|t:|1682470421\n|move|p1b: Arcanine|Flare Blitz|p2b: Annihilape\n|-damage|p2b: Annihilape|53\/100 slp\n|-damage|p1b: Arcanine|89\/100|[from] Recoil\n|move|p2a: Arcanine|Snarl|p1b: Arcanine|[spread] p1a,p1b\n|-resisted|p1a: Ting-Lu\n|-crit|p1a: Ting-Lu\n|-damage|p1a: Ting-Lu|46\/100 brn\n|-damage|p1b: Arcanine|83\/100\n|-unboost|p1a: Ting-Lu|spa|1\n|-unboost|p1b: Arcanine|spa|1\n|-curestatus|p2b: Annihilape|slp|[msg]\n|move|p2b: Annihilape|Rage Fist|p1b: Arcanine\n|-damage|p1b: Arcanine|0 fnt\n|faint|p1b: Arcanine\n|move|p1a: Ting-Lu|Ruination|p2b: Annihilape\n|-damage|p2b: Annihilape|27\/100\n|\n|-heal|p2b: Annihilape|33\/100|[from] item: Leftovers\n|-damage|p1a: Ting-Lu|39\/100 brn|[from] brn\n|-damage|p2a: Arcanine|44\/100|[from] move: Sand Tomb|[partiallytrapped]\n|-damage|p2b: Annihilape|21\/100|[from] move: Sand Tomb|[partiallytrapped]\n|upkeep\n|\n|t:|1682470443\n|switch|p1b: Palafin|Palafin-Hero, L50, M, shiny|100\/100\n|-activate|p1b: Palafin|ability: Zero to Hero\n|turn|5\n|\n|t:|1682470457\n|move|p1b: Palafin|Protect|p1b: Palafin\n|-singleturn|p1b: Palafin|Protect\n|move|p2b: Annihilape|Protect|p2b: Annihilape\n|-singleturn|p2b: Annihilape|Protect\n|move|p2a: Arcanine|Will-O-Wisp|p1b: Palafin\n|-activate|p1b: Palafin|move: Protect\n|move|p1a: Ting-Lu|Stomping Tantrum|p2a: Arcanine\n|-damage|p2a: Arcanine|32\/100\n|\n|-heal|p2b: Annihilape|27\/100|[from] item: Leftovers\n|-damage|p1a: Ting-Lu|33\/100 brn|[from] brn\n|-damage|p2a: Arcanine|20\/100|[from] move: Sand Tomb|[partiallytrapped]\n|-damage|p2b: Annihilape|14\/100|[from] move: Sand Tomb|[partiallytrapped]\n|upkeep\n|turn|6\n|\n|t:|1682470486\n|switch|p1b: Amoonguss|Amoonguss, L50, M, tera:Water|100\/100\n|move|p2a: Arcanine|Will-O-Wisp|p1b: Amoonguss\n|-status|p1b: Amoonguss|brn\n|move|p2b: Annihilape|Rage Fist|p1b: Amoonguss\n|-damage|p1b: Amoonguss|0 fnt\n|faint|p1b: Amoonguss\n|move|p1a: Ting-Lu|Ruination|p2a: Arcanine\n|-damage|p2a: Arcanine|11\/100\n|\n|-heal|p2b: Annihilape|20\/100|[from] item: Leftovers\n|-damage|p1a: Ting-Lu|27\/100 brn|[from] brn\n|-damage|p2a: Arcanine|0 fnt|[from] move: Sand Tomb|[partiallytrapped]\n|faint|p2a: Arcanine\n|-damage|p2b: Annihilape|8\/100|[from] move: Sand Tomb|[partiallytrapped]\n|upkeep\n|\n|t:|1682470510\n|switch|p2a: Chien-Pao|Chien-Pao, L50|100\/100\n|switch|p1b: Palafin|Palafin-Hero, L50, M, shiny|100\/100\n|-ability|p2a: Chien-Pao|Sword of Ruin\n|turn|7\n|\n|t:|1682470525\n|move|p2a: Chien-Pao|Ice Spinner|p1a: Ting-Lu\n|-supereffective|p1a: Ting-Lu\n|-crit|p1a: Ting-Lu\n|-damage|p1a: Ting-Lu|0 fnt\n|faint|p1a: Ting-Lu\n|move|p1b: Palafin|Haze|p1b: Palafin\n|-clearallboost\n|move|p2b: Annihilape|Drain Punch|p1b: Palafin\n|-damage|p1b: Palafin|52\/100\n|-heal|p2b: Annihilape|27\/100|[from] drain|[of] p1b: Palafin\n|\n|-heal|p2b: Annihilape|33\/100|[from] item: Leftovers\n|-end|p2b: Annihilape|Sand Tomb|[partiallytrapped]\n|upkeep\n|turn|8\n|\n|t:|1682470541\n|move|p2a: Chien-Pao|Sucker Punch|p1b: Palafin\n|-damage|p1b: Palafin|7\/100\n|move|p1b: Palafin|Jet Punch|p2b: Annihilape\n|-damage|p2b: Annihilape|0 fnt\n|faint|p2b: Annihilape\n|\n|upkeep\n|\n|t:|1682470548\n|switch|p2b: Flutter Mane|Flutter Mane, L50, shiny|100\/100\n|turn|9\n|\n|t:|1682470558\n|move|p1b: Palafin|Protect|p1b: Palafin\n|-singleturn|p1b: Palafin|Protect\n|move|p2a: Chien-Pao|Sucker Punch||[still]\n|-fail|p2a: Chien-Pao\n|move|p2b: Flutter Mane|Moonblast|p1b: Palafin\n|-activate|p1b: Palafin|move: Protect\n|\n|upkeep\n|turn|10\n|\n|t:|1682470568\n|move|p1b: Palafin|Jet Punch|p2b: Flutter Mane\n|-damage|p2b: Flutter Mane|0 fnt\n|faint|p2b: Flutter Mane\n|-end|p2b: Flutter Mane|Protosynthesis|[silent]\n|move|p2a: Chien-Pao|Ice Spinner|p1b: Palafin\n|-resisted|p1b: Palafin\n|-damage|p1b: Palafin|0 fnt\n|faint|p1b: Palafin\n|\n|win|holasoymalo\n|l|\u2606MarckXXcore\n","uploadtime":1682470579,"views":13,"p1id":"marckxxcore","p2id":"holasoymalo","formatid":"gen9vgc2023regulationc","rating":0,"private":0,"password":""}