{"id":"gen9vgc2023regulationc-1857134701","p1":"BIGHAXORUSFAN147","p2":"Gab98","format":"[Gen 9] VGC 2023 Regulation C","log":"|j|\u2606BIGHAXORUSFAN147\n|j|\u2606Gab98\n|t:|1683149365\n|gametype|doubles\n|player|p1|BIGHAXORUSFAN147|grimsley-masters|1476\n|player|p2|Gab98|lucas|1486\n|teamsize|p1|6\n|teamsize|p2|6\n|gen|9\n|tier|[Gen 9] VGC 2023 Regulation C\n|rated|\n|rule|Species Clause: Limit one of each Pok\u00e9mon\n|rule|Item Clause: Limit one of each item\n|clearpoke\n|poke|p1|Chien-Pao, L50|\n|poke|p1|Palafin, L50, M|\n|poke|p1|Dragonite, L50, F|\n|poke|p1|Amoonguss, L50, M|\n|poke|p1|Arcanine, L50, M|\n|poke|p1|Flutter Mane, L50|\n|poke|p2|Kingambit, L50, M|\n|poke|p2|Chien-Pao, L50|\n|poke|p2|Ceruledge, L50, M|\n|poke|p2|Dragonite, L50, M|\n|poke|p2|Flutter Mane, L50|\n|poke|p2|Gyarados, L50, M|\n|teampreview|4\nBIGHAXORUSFAN147 has agreed to open team sheets.\n|j| blind chef\n|\n|t:|1683149408\n|start\n|switch|p1a: Iris|Chien-Pao, L50|100\/100\n|switch|p1b: Celeste|Flutter Mane, L50|100\/100\n|switch|p2a: Kingambit|Kingambit, L50, M|100\/100\n|switch|p2b: Gyarados|Gyarados, L50, M, shiny|100\/100\n|-ability|p1a: Iris|Sword of Ruin\n|-ability|p2b: Gyarados|Intimidate|boost\n|-unboost|p1a: Iris|atk|1\n|-unboost|p1b: Celeste|atk|1\n|turn|1\n|c|\u2606Gab98|ita?\n|\n|t:|1683149446\n|-terastallize|p2a: Kingambit|Fire\n|move|p2b: Gyarados|Protect|p2b: Gyarados\n|-singleturn|p2b: Gyarados|Protect\n|move|p1a: Iris|Sacred Sword|p2a: Kingambit\n|-damage|p2a: Kingambit|80\/100\n|move|p1b: Celeste|Dazzling Gleam|p2b: Gyarados|[spread] p2a\n|-activate|p2b: Gyarados|move: Protect\n|-resisted|p2a: Kingambit\n|-damage|p2a: Kingambit|64\/100\n|move|p2a: Kingambit|Iron Head|p1b: Celeste\n|-supereffective|p1b: Celeste\n|-damage|p1b: Celeste|0 fnt\n|faint|p1b: Celeste\n|-end|p1b: Celeste|Protosynthesis|[silent]\n|\n|upkeep\n|\n|t:|1683149455\n|switch|p1b: Avery|Dragonite, L50, F, shiny|100\/100\n|turn|2\n|\n|t:|1683149477\n|-terastallize|p1b: Avery|Flying\n|move|p1a: Iris|Ice Spinner|p2b: Gyarados\n|-damage|p2b: Gyarados|71\/100\n|move|p2b: Gyarados|Waterfall|p1b: Avery\n|-damage|p1b: Avery|77\/100\n|move|p1b: Avery|Tera Blast|p2a: Kingambit\n|-damage|p2a: Kingambit|0 fnt\n|faint|p2a: Kingambit\n|\n|upkeep\n|\n|t:|1683149488\n|switch|p2a: Dragonite|Dragonite, L50, M|100\/100\n|turn|3\n|\n|t:|1683149505\n|move|p1b: Avery|Extreme Speed|p2a: Dragonite\n|-damage|p2a: Dragonite|80\/100\n|move|p1a: Iris|Ice Spinner|p2a: Dragonite\n|-supereffective|p2a: Dragonite\n|-damage|p2a: Dragonite|0 fnt\n|faint|p2a: Dragonite\n|move|p2b: Gyarados|Waterfall|p1a: Iris\n|-damage|p1a: Iris|58\/100\n|\n|upkeep\n|\n|t:|1683149510\n|switch|p2a: Chien-Pao|Chien-Pao, L50|100\/100\n|-ability|p2a: Chien-Pao|Sword of Ruin\n|turn|4\n|\n|t:|1683149536\n|move|p2a: Chien-Pao|Protect|p2a: Chien-Pao\n|-singleturn|p2a: Chien-Pao|Protect\n|move|p1b: Avery|Extreme Speed|p2b: Gyarados\n|-damage|p2b: Gyarados|33\/100\n|move|p1a: Iris|Ice Spinner|p2b: Gyarados\n|-damage|p2b: Gyarados|4\/100\n|-enditem|p2b: Gyarados|Iapapa Berry|[eat]\n|-heal|p2b: Gyarados|38\/100|[from] item: Iapapa Berry\n|move|p2b: Gyarados|Thunder Wave|p1a: Iris\n|-status|p1a: Iris|par\n|\n|upkeep\n|turn|5\n|\n|t:|1683149556\n|move|p1b: Avery|Extreme Speed|p2b: Gyarados\n|-crit|p2b: Gyarados\n|-damage|p2b: Gyarados|0 fnt\n|faint|p2b: Gyarados\n|move|p2a: Chien-Pao|Ice Spinner|p1b: Avery\n|-supereffective|p1b: Avery\n|-damage|p1b: Avery|0 fnt\n|faint|p1b: Avery\n|cant|p1a: Iris|par\n|\n|upkeep\n|\n|t:|1683149565\n|switch|p1b: Adam|Arcanine, L50, M|100\/100\n|-ability|p1b: Adam|Intimidate|boost\n|-unboost|p2a: Chien-Pao|atk|1\n|turn|6\n|\n|t:|1683149579\n|move|p2a: Chien-Pao|Ice Spinner|p1a: Iris\n|-resisted|p1a: Iris\n|-damage|p1a: Iris|38\/100 par\n|move|p1b: Adam|Flare Blitz|p2a: Chien-Pao\n|-supereffective|p2a: Chien-Pao\n|-enditem|p2a: Chien-Pao|Focus Sash\n|-damage|p2a: Chien-Pao|1\/100\n|-status|p2a: Chien-Pao|brn\n|-damage|p1b: Adam|74\/100|[from] Recoil\n|move|p1a: Iris|Sacred Sword|p2a: Chien-Pao\n|-supereffective|p2a: Chien-Pao\n|-damage|p2a: Chien-Pao|0 fnt\n|faint|p2a: Chien-Pao\n|\n|win|BIGHAXORUSFAN147\n|raw|BIGHAXORUSFAN147's rating: 1476 → 1497<\/strong> (+21 for winning)\n|raw|Gab98's rating: 1486 → 1465<\/strong> (-21 for losing)\n","uploadtime":1683149589,"views":8,"p1id":"bighaxorusfan147","p2id":"gab98","formatid":"gen9vgc2023regulationc","rating":1465,"private":0,"password":""}