{"id":"gen9vgc2023regulationc-1862282421","p1":"RonJohn","p2":"Auraen","format":"[Gen 9] VGC 2023 Regulation C","log":"|j|\u2606RonJohn\n|j|\u2606Auraen\n|t:|1683859353\n|gametype|doubles\n|player|p1|RonJohn|2|1227\n|player|p2|Auraen|flannery|1262\n|teamsize|p1|6\n|teamsize|p2|6\n|gen|9\n|tier|[Gen 9] VGC 2023 Regulation C\n|rated|\n|rule|Species Clause: Limit one of each Pok\u00e9mon\n|rule|Item Clause: Limit one of each item\n|clearpoke\n|poke|p1|Flutter Mane, L50|\n|poke|p1|Orthworm, L50, F|\n|poke|p1|Dragonite, L50, F|\n|poke|p1|Amoonguss, L50, F|\n|poke|p1|Gyarados, L50, M|\n|poke|p1|Ting-Lu, L50|\n|poke|p2|Flutter Mane, L50|\n|poke|p2|Tauros-Paldea-Aqua, L50, M|\n|poke|p2|Corviknight, L50, F|\n|poke|p2|Iron Moth, L50|\n|poke|p2|Wo-Chien, L50|\n|poke|p2|Hariyama, L50, M|\n|teampreview|4\nRonJohn has agreed to open team sheets.\n|\n|t:|1683859382\n|start\n|switch|p1a: Ting-Lu|Ting-Lu, L50|100\/100\n|switch|p1b: Gyarados|Gyarados, L50, M|100\/100\n|switch|p2a: Corviknight|Corviknight, L50, F|100\/100\n|switch|p2b: Tauros|Tauros-Paldea-Aqua, L50, M|100\/100\n|-ability|p2b: Tauros|Intimidate|boost\n|-unboost|p1a: Ting-Lu|atk|1\n|-unboost|p1b: Gyarados|atk|1\n|-ability|p1b: Gyarados|Intimidate|boost\n|-ability|p2a: Corviknight|Mirror Armor\n|-unboost|p1b: Gyarados|atk|1\n|-unboost|p2b: Tauros|atk|1\n|-ability|p1a: Ting-Lu|Vessel of Ruin\n|turn|1\n|c|\u2606RonJohn|Yay stall\n|\n|t:|1683859426\n|switch|p2b: Hariyama|Hariyama, L50, M|100\/100\n|move|p1b: Gyarados|Taunt|p2a: Corviknight\n|-start|p2a: Corviknight|move: Taunt\n|cant|p2a: Corviknight|move: Taunt|Taunt\n|move|p1a: Ting-Lu|Ruination|p2b: Hariyama\n|-damage|p2b: Hariyama|51\/100\n|\n|upkeep\n|turn|2\n|\n|t:|1683859454\n|switch|p2a: Tauros|Tauros-Paldea-Aqua, L50, M|100\/100\n|-ability|p2a: Tauros|Intimidate|boost\n|-unboost|p1a: Ting-Lu|atk|1\n|-unboost|p1b: Gyarados|atk|1\n|switch|p1a: Flutter Mane|Flutter Mane, L50|100\/100\n|move|p1b: Gyarados|Thunder Wave|p2a: Tauros\n|-status|p2a: Tauros|par\n|move|p2b: Hariyama|Close Combat|p1a: Flutter Mane\n|-immune|p1a: Flutter Mane\n|\n|upkeep\n|turn|3\n|\n|t:|1683859499\n|switch|p1b: Amoonguss|Amoonguss, L50, F|100\/100\n|switch|p2b: Corviknight|Corviknight, L50, F|100\/100\n|-terastallize|p2a: Tauros|Water\n|move|p1a: Flutter Mane|Thunderbolt|p2a: Tauros\n|-supereffective|p2a: Tauros\n|-damage|p2a: Tauros|0 fnt\n|faint|p2a: Tauros\n|\n|upkeep\n|inactive|Battle timer is ON: inactive players will automatically lose when time's up. (requested by Auraen)\n|\n|t:|1683859510\n|switch|p2a: Flutter Mane|Flutter Mane, L50|100\/100\n|-enditem|p2a: Flutter Mane|Booster Energy\n|-activate|p2a: Flutter Mane|ability: Protosynthesis|[fromitem]\n|-start|p2a: Flutter Mane|protosynthesisspa\n|turn|4\n|inactive|RonJohn has 30 seconds left.\n|\n|t:|1683859544\n|-end|p1a: Flutter Mane|Protosynthesis|[silent]\n|switch|p1a: Ting-Lu|Ting-Lu, L50|100\/100\n|-ability|p1a: Ting-Lu|Vessel of Ruin\n|switch|p2b: Hariyama|Hariyama, L50, M|51\/100\n|move|p2a: Flutter Mane|Substitute|p2a: Flutter Mane\n|-start|p2a: Flutter Mane|Substitute\n|-damage|p2a: Flutter Mane|76\/100\n|move|p1b: Amoonguss|Spore||[still]\n|-fail|p1b: Amoonguss\n|\n|upkeep\n|turn|5\n|\n|t:|1683859571\n|move|p2b: Hariyama|Fake Out|p1a: Ting-Lu\n|-damage|p1a: Ting-Lu|93\/100\n|move|p2a: Flutter Mane|Moonblast|p1a: Ting-Lu\n|-supereffective|p1a: Ting-Lu\n|-damage|p1a: Ting-Lu|39\/100\n|-unboost|p1a: Ting-Lu|spa|1\n|cant|p1a: Ting-Lu|flinch\n|move|p1b: Amoonguss|Spore|p2b: Hariyama\n|-status|p2b: Hariyama|slp|[from] move: Spore\n|\n|upkeep\n|turn|6\n|inactive|RonJohn has 30 seconds left.\n|\n|t:|1683859605\n|move|p1b: Amoonguss|Rage Powder|p1b: Amoonguss\n|-singleturn|p1b: Amoonguss|move: Rage Powder\n|move|p2a: Flutter Mane|Moonblast|p1b: Amoonguss\n|-resisted|p1b: Amoonguss\n|-damage|p1b: Amoonguss|81\/100\n|move|p1a: Ting-Lu|Heavy Slam|p2a: Flutter Mane\n|-supereffective|p2a: Flutter Mane\n|-end|p2a: Flutter Mane|Substitute\n|cant|p2b: Hariyama|slp\n|\n|-heal|p1b: Amoonguss|87\/100|[from] item: Leftovers\n|upkeep\n|turn|7\n|\n|t:|1683859624\n|move|p1b: Amoonguss|Rage Powder|p1b: Amoonguss\n|-singleturn|p1b: Amoonguss|move: Rage Powder\n|move|p2a: Flutter Mane|Substitute|p2a: Flutter Mane\n|-start|p2a: Flutter Mane|Substitute\n|-damage|p2a: Flutter Mane|51\/100\n|move|p1a: Ting-Lu|Heavy Slam|p2a: Flutter Mane\n|-supereffective|p2a: Flutter Mane\n|-end|p2a: Flutter Mane|Substitute\n|cant|p2b: Hariyama|slp\n|\n|-heal|p1b: Amoonguss|93\/100|[from] item: Leftovers\n|upkeep\n|turn|8\n|\n|t:|1683859640\n|switch|p2b: Corviknight|Corviknight, L50, F|100\/100\n|move|p2a: Flutter Mane|Protect|p2a: Flutter Mane\n|-singleturn|p2a: Flutter Mane|Protect\n|move|p1b: Amoonguss|Rage Powder|p1b: Amoonguss\n|-singleturn|p1b: Amoonguss|move: Rage Powder\n|move|p1a: Ting-Lu|Heavy Slam|p2a: Flutter Mane\n|-activate|p2a: Flutter Mane|move: Protect\n|\n|-heal|p1b: Amoonguss|99\/100|[from] item: Leftovers\n|upkeep\n|turn|9\n|inactive|RonJohn has 30 seconds left.\n|\n|t:|1683859672\n|switch|p1a: Gyarados|Gyarados, L50, M|100\/100\n|-ability|p1a: Gyarados|Intimidate|boost\n|-unboost|p2a: Flutter Mane|atk|1\n|-ability|p2b: Corviknight|Mirror Armor\n|-unboost|p1a: Gyarados|atk|1\n|move|p2a: Flutter Mane|Substitute|p2a: Flutter Mane\n|-start|p2a: Flutter Mane|Substitute\n|-damage|p2a: Flutter Mane|26\/100\n|move|p2b: Corviknight|Taunt|p1b: Amoonguss\n|-start|p1b: Amoonguss|move: Taunt\n|move|p1b: Amoonguss|Pollen Puff|p1a: Gyarados\n|-immune|p1a: Gyarados\n|\n|-heal|p1b: Amoonguss|100\/100|[from] item: Leftovers\n|upkeep\n|turn|10\n|inactive|RonJohn has 30 seconds left.\n|\n|t:|1683859703\n|switch|p1b: Ting-Lu|Ting-Lu, L50|39\/100\n|-ability|p1b: Ting-Lu|Vessel of Ruin\n|move|p2a: Flutter Mane|Shadow Ball|p1b: Ting-Lu\n|-resisted|p1b: Ting-Lu\n|-damage|p1b: Ting-Lu|28\/100\n|-unboost|p1b: Ting-Lu|spd|1\n|move|p1a: Gyarados|Taunt|p2b: Corviknight\n|-start|p2b: Corviknight|move: Taunt\n|move|p2b: Corviknight|Brave Bird|p1b: Ting-Lu\n|-damage|p1b: Ting-Lu|0 fnt\n|faint|p1b: Ting-Lu\n|-damage|p2b: Corviknight|90\/100|[from] Recoil\n|\n|upkeep\n|\n|t:|1683859725\n|switch|p1b: Flutter Mane|Flutter Mane, L50|100\/100\n|turn|11\n|\n|t:|1683859749\n|move|p1b: Flutter Mane|Shadow Ball|p2a: Flutter Mane\n|-supereffective|p2a: Flutter Mane\n|-end|p2a: Flutter Mane|Substitute\n|move|p2a: Flutter Mane|Shadow Ball|p1b: Flutter Mane\n|-supereffective|p1b: Flutter Mane\n|-damage|p1b: Flutter Mane|0 fnt\n|faint|p1b: Flutter Mane\n|-end|p1b: Flutter Mane|Protosynthesis|[silent]\n|move|p1a: Gyarados|Thunder Wave|p2b: Corviknight\n|-status|p2b: Corviknight|par\n|-enditem|p2b: Corviknight|Lum Berry|[eat]\n|-curestatus|p2b: Corviknight|par|[msg]\n|move|p2b: Corviknight|Brave Bird|p1a: Gyarados\n|-damage|p1a: Gyarados|45\/100\n|-damage|p2b: Corviknight|71\/100|[from] Recoil\n|\n|upkeep\n|\n|t:|1683859765\n|switch|p1b: Amoonguss|Amoonguss, L50, F|100\/100\n|turn|12\n|\n|t:|1683859795\n|move|p1b: Amoonguss|Rage Powder|p1b: Amoonguss\n|-singleturn|p1b: Amoonguss|move: Rage Powder\n|move|p2a: Flutter Mane|Shadow Ball|p1b: Amoonguss\n|-damage|p1b: Amoonguss|54\/100\n|move|p1a: Gyarados|Thunder Wave|p2b: Corviknight\n|-status|p2b: Corviknight|par\n|move|p2b: Corviknight|Brave Bird|p1b: Amoonguss\n|-supereffective|p1b: Amoonguss\n|-damage|p1b: Amoonguss|0 fnt\n|faint|p1b: Amoonguss\n|-damage|p2b: Corviknight|52\/100 par|[from] Recoil\n|\n|-end|p2b: Corviknight|move: Taunt\n|upkeep\n|turn|13\n|\n|t:|1683859810\n|move|p2a: Flutter Mane|Moonblast|p1a: Gyarados\n|-damage|p1a: Gyarados|0 fnt\n|faint|p1a: Gyarados\n|\n|win|Auraen\n|raw|RonJohn's rating: 1227 → 1205<\/strong> (-22 for losing)\n|raw|Auraen's rating: 1262 → 1284<\/strong> (+22 for winning)\n|c|\u2606RonJohn|gg\n","uploadtime":1683859820,"views":31,"p1id":"ronjohn","p2id":"auraen","formatid":"gen9vgc2023regulationc","rating":1205,"private":0,"password":""}