{"id":"gen9vgc2023regulationc-1851397886","p1":"710lyfe","p2":"Spaghett Man","format":"[Gen 9] VGC 2023 Regulation C","log":"|j|\u2606710lyfe\n|j|\u2606Spaghett Man\n|t:|1682441888\n|gametype|doubles\n|player|p1|710lyfe|266|1000\n|player|p2|Spaghett Man|wattson|1000\n|teamsize|p1|6\n|teamsize|p2|6\n|gen|9\n|tier|[Gen 9] VGC 2023 Regulation C\n|rated|\n|rule|Species Clause: Limit one of each Pok\u00e9mon\n|rule|Item Clause: Limit one of each item\n|clearpoke\n|poke|p1|Pelipper, L50, M|\n|poke|p1|Kilowattrel, L50, F|\n|poke|p1|Annihilape, L50, M|\n|poke|p1|Armarouge, L50, M|\n|poke|p1|Kingambit, L50, F|\n|poke|p1|Iron Treads, L50|\n|poke|p2|Wo-Chien, L50|\n|poke|p2|Ting-Lu, L50|\n|poke|p2|Amoonguss, L50, F|\n|poke|p2|Gyarados, L50, M|\n|poke|p2|Arcanine, L50, M|\n|poke|p2|Glimmora, L50, M|\n|teampreview|4\n|\n|t:|1682441935\n|start\n|switch|p1a: Pelipper|Pelipper, L50, M|100\/100\n|switch|p1b: Kilowattrel|Kilowattrel, L50, F|100\/100\n|switch|p2a: Ting-Lu|Ting-Lu, L50|100\/100\n|switch|p2b: Gyarados|Gyarados, L50, M|100\/100\n|-ability|p2b: Gyarados|Intimidate|boost\n|-unboost|p1a: Pelipper|atk|1\n|-unboost|p1b: Kilowattrel|atk|1\n|-weather|RainDance|[from] ability: Drizzle|[of] p1a: Pelipper\n|-ability|p2a: Ting-Lu|Vessel of Ruin\n|turn|1\n|\n|t:|1682441956\n|move|p2b: Gyarados|Protect|p2b: Gyarados\n|-singleturn|p2b: Gyarados|Protect\n|move|p1b: Kilowattrel|Weather Ball|p2a: Ting-Lu\n|-supereffective|p2a: Ting-Lu\n|-damage|p2a: Ting-Lu|69\/100\n|move|p1a: Pelipper|Tailwind|p1a: Pelipper\n|-sidestart|p1: 710lyfe|move: Tailwind\n|-start|p1b: Kilowattrel|Charge|Tailwind|[from] ability: Wind Power\n|move|p2a: Ting-Lu|Heavy Slam|p1a: Pelipper\n|-resisted|p1a: Pelipper\n|-damage|p1a: Pelipper|77\/100\n|\n|-weather|RainDance|[upkeep]\n|upkeep\n|turn|2\n|\n|t:|1682441984\n|move|p1b: Kilowattrel|Weather Ball|p2a: Ting-Lu\n|-supereffective|p2a: Ting-Lu\n|-damage|p2a: Ting-Lu|38\/100\n|move|p1a: Pelipper|Icy Wind|p2b: Gyarados|[spread] p2a,p2b\n|-supereffective|p2a: Ting-Lu\n|-damage|p2a: Ting-Lu|28\/100\n|-damage|p2b: Gyarados|90\/100\n|-unboost|p2a: Ting-Lu|spe|1\n|-unboost|p2b: Gyarados|spe|1\n|move|p2b: Gyarados|Waterfall|p1b: Kilowattrel\n|-enditem|p1b: Kilowattrel|Focus Sash\n|-damage|p1b: Kilowattrel|1\/100\n|move|p2a: Ting-Lu|Heavy Slam|p1b: Kilowattrel\n|-resisted|p1b: Kilowattrel\n|-damage|p1b: Kilowattrel|0 fnt\n|faint|p1b: Kilowattrel\n|\n|-weather|RainDance|[upkeep]\n|upkeep\n|\n|t:|1682442008\n|switch|p1b: Kingambit|Kingambit, L50, F|100\/100\n|-activate|p1b: Kingambit|ability: Supreme Overlord\n|-start|p1b: Kingambit|fallen1|[silent]\n|turn|3\n|\n|t:|1682442024\n|move|p1a: Pelipper|Hydro Pump|p2a: Ting-Lu\n|-supereffective|p2a: Ting-Lu\n|-damage|p2a: Ting-Lu|0 fnt\n|faint|p2a: Ting-Lu\n|move|p1b: Kingambit|Kowtow Cleave|p2b: Gyarados\n|-damage|p2b: Gyarados|0 fnt\n|faint|p2b: Gyarados\n|\n|-weather|RainDance|[upkeep]\n|upkeep\n|\n|t:|1682442033\n|switch|p2b: Glimmora|Glimmora, L50, M|100\/100\n|switch|p2a: Amoonguss|Amoonguss, L50, F|100\/100\n|turn|4\n|\n|t:|1682442048\n|move|p2a: Amoonguss|Rage Powder|p2a: Amoonguss\n|-singleturn|p2a: Amoonguss|move: Rage Powder\n|move|p1a: Pelipper|Icy Wind|p2a: Amoonguss|[spread] p2a\n|-miss|p1a: Pelipper|p2b: Glimmora\n|-supereffective|p2a: Amoonguss\n|-damage|p2a: Amoonguss|79\/100\n|-unboost|p2a: Amoonguss|spe|1\n|move|p2b: Glimmora|Mortal Spin|p1a: Pelipper|[spread] p1a\n|-immune|p1b: Kingambit\n|-damage|p1a: Pelipper|71\/100\n|-status|p1a: Pelipper|psn\n|move|p1b: Kingambit|Kowtow Cleave|p2a: Amoonguss\n|-damage|p2a: Amoonguss|11\/100\n|-enditem|p2a: Amoonguss|Sitrus Berry|[eat]\n|-heal|p2a: Amoonguss|36\/100|[from] item: Sitrus Berry\n|\n|-weather|RainDance|[upkeep]\n|-damage|p1a: Pelipper|59\/100 psn|[from] psn\n|-sideend|p1: 710lyfe|move: Tailwind\n|upkeep\n|turn|5\n|\n|t:|1682442133\n|move|p2a: Amoonguss|Protect|p2a: Amoonguss\n|-singleturn|p2a: Amoonguss|Protect\n|move|p2b: Glimmora|Earth Power|p1b: Kingambit\n|-supereffective|p1b: Kingambit\n|-damage|p1b: Kingambit|42\/100\n|move|p1a: Pelipper|Hydro Pump|p2b: Glimmora|[miss]\n|-miss|p1a: Pelipper|p2b: Glimmora\n|move|p1b: Kingambit|Kowtow Cleave|p2a: Amoonguss\n|-activate|p2a: Amoonguss|move: Protect\n|\n|-weather|RainDance|[upkeep]\n|-damage|p1a: Pelipper|47\/100 psn|[from] psn\n|upkeep\n|turn|6\n|\n|t:|1682442154\n|move|p2a: Amoonguss|Rage Powder|p2a: Amoonguss\n|-singleturn|p2a: Amoonguss|move: Rage Powder\n|move|p2b: Glimmora|Earth Power|p1b: Kingambit\n|-supereffective|p1b: Kingambit\n|-damage|p1b: Kingambit|0 fnt\n|faint|p1b: Kingambit\n|-end|p1b: Kingambit|fallen1|[silent]\n|move|p1a: Pelipper|Icy Wind|p2a: Amoonguss|[spread] p2a,p2b\n|-supereffective|p2a: Amoonguss\n|-damage|p2a: Amoonguss|14\/100\n|-damage|p2b: Glimmora|84\/100\n|-unboost|p2a: Amoonguss|spe|1\n|-unboost|p2b: Glimmora|spe|1\n|\n|-weather|RainDance|[upkeep]\n|-damage|p1a: Pelipper|35\/100 psn|[from] psn\n|upkeep\n|\n|t:|1682442167\n|switch|p1b: Armarouge|Armarouge, L50, M|100\/100\n|turn|7\n|\n|t:|1682442192\n|move|p2b: Glimmora|Spiky Shield|p2b: Glimmora\n|-singleturn|p2b: Glimmora|move: Protect\n|move|p1b: Armarouge|Psychic|p2b: Glimmora\n|-activate|p2b: Glimmora|move: Protect\n|move|p1a: Pelipper|Hydro Pump|p2a: Amoonguss|[miss]\n|-miss|p1a: Pelipper|p2a: Amoonguss\n|move|p2a: Amoonguss|Spore|p1b: Armarouge\n|-status|p1b: Armarouge|slp|[from] move: Spore\n|\n|-weather|RainDance|[upkeep]\n|-damage|p1a: Pelipper|23\/100 psn|[from] psn\n|upkeep\n|turn|8\n|\n|t:|1682442220\n|-terastallize|p2b: Glimmora|Flying\n|move|p2a: Amoonguss|Rage Powder|p2a: Amoonguss\n|-singleturn|p2a: Amoonguss|move: Rage Powder\n|move|p2b: Glimmora|Power Gem|p1b: Armarouge\n|-supereffective|p1b: Armarouge\n|-damage|p1b: Armarouge|2\/100 slp\n|move|p1a: Pelipper|Hydro Pump|p2a: Amoonguss\n|-resisted|p2a: Amoonguss\n|-damage|p2a: Amoonguss|0 fnt\n|faint|p2a: Amoonguss\n|cant|p1b: Armarouge|slp\n|\n|-weather|none\n|-damage|p1a: Pelipper|11\/100 psn|[from] psn\n|upkeep\n|turn|9\n|\n|t:|1682442238\n|move|p2b: Glimmora|Earth Power|p1b: Armarouge\n|-supereffective|p1b: Armarouge\n|-damage|p1b: Armarouge|0 fnt\n|faint|p1b: Armarouge\n|move|p1a: Pelipper|Hydro Pump|p2b: Glimmora\n|-damage|p2b: Glimmora|19\/100\n|\n|-damage|p1a: Pelipper|0 fnt|[from] psn\n|faint|p1a: Pelipper\n|\n|win|Spaghett Man\n|upkeep\n|raw|710lyfe's rating: 1000 → 1000<\/strong> (+0 for losing)\n|raw|Spaghett Man's rating: 1000 → 1040<\/strong> (+40 for winning)\n","uploadtime":1682442245,"views":17,"p1id":"710lyfe","p2id":"spaghettman","formatid":"gen9vgc2023regulationc","rating":1000,"private":0,"password":""}