{"id":"gen9vgc2023regulationc-1848653925","p1":"Mandrokor94","p2":"RadimirS","format":"[Gen 9] VGC 2023 Regulation C","log":"|j|\u2606Mandrokor94\n|j|\u2606RadimirS\n|t:|1682097978\n|gametype|doubles\n|player|p1|Mandrokor94|ghetsis-gen5bw|1245\n|player|p2|RadimirS|hugh|1251\n|teamsize|p1|6\n|teamsize|p2|6\n|gen|9\n|tier|[Gen 9] VGC 2023 Regulation C\n|rated|\n|rule|Species Clause: Limit one of each Pok\u00e9mon\n|rule|Item Clause: Limit one of each item\n|clearpoke\n|poke|p1|Gyarados, L50, F|\n|poke|p1|Ting-Lu, L50|\n|poke|p1|Iron Hands, L50|\n|poke|p1|Mimikyu, L50, M|\n|poke|p1|Tyranitar, L50, F|\n|poke|p1|Iron Moth, L50|\n|poke|p2|Dachsbun, L50, M|\n|poke|p2|Chi-Yu, L50|\n|poke|p2|Iron Bundle, L50|\n|poke|p2|Annihilape, L50, M|\n|poke|p2|Tinkaton, L50, F|\n|poke|p2|Pelipper, L50, M|\n|teampreview|4\nMandrokor94 has agreed to open team sheets.\n|inactive|Battle timer is ON: inactive players will automatically lose when time's up. (requested by RadimirS)\n|\n|t:|1682098005\n|start\n|switch|p1a: Mimikyu|Mimikyu, L50, M|100\/100\n|switch|p1b: Ting-Lu|Ting-Lu, L50|100\/100\n|switch|p2a: Iron Bundle|Iron Bundle, L50, shiny|100\/100\n|switch|p2b: Annihilape|Annihilape, L50, M, shiny|100\/100\n|-ability|p1b: Ting-Lu|Vessel of Ruin\n|-enditem|p2a: Iron Bundle|Booster Energy\n|-activate|p2a: Iron Bundle|ability: Quark Drive|[fromitem]\n|-start|p2a: Iron Bundle|quarkdrivespe\n|turn|1\n|inactive|Mandrokor94 has 30 seconds left.\n|inactive|RadimirS has 30 seconds left.\n|\n|t:|1682098039\n|move|p2a: Iron Bundle|Freeze-Dry|p1a: Mimikyu\n|-activate|p1a: Mimikyu|ability: Disguise\n|-damage|p1a: Mimikyu|100\/100\n|detailschange|p1a: Mimikyu|Mimikyu-Busted, L50, M\n|-damage|p1a: Mimikyu|88\/100|[from] pokemon: Mimikyu-Busted\n|move|p2b: Annihilape|Rage Fist|p1a: Mimikyu\n|-supereffective|p1a: Mimikyu\n|-damage|p1a: Mimikyu|10\/100\n|move|p1b: Ting-Lu|Body Press|p2a: Iron Bundle\n|-supereffective|p2a: Iron Bundle\n|-damage|p2a: Iron Bundle|28\/100\n|move|p1a: Mimikyu|Trick Room|p1a: Mimikyu\n|-fieldstart|move: Trick Room|[of] p1a: Mimikyu\n|\n|upkeep\n|turn|2\n|inactive|Mandrokor94 has 30 seconds left.\n|inactive|RadimirS has 30 seconds left.\n|inactive|RadimirS has 20 seconds left.\n|\n|t:|1682098077\n|move|p2a: Iron Bundle|Protect|p2a: Iron Bundle\n|-singleturn|p2a: Iron Bundle|Protect\n|move|p1b: Ting-Lu|Body Press|p2a: Iron Bundle\n|-activate|p2a: Iron Bundle|move: Protect\n|move|p2b: Annihilape|Bulk Up|p2b: Annihilape\n|-boost|p2b: Annihilape|atk|1\n|-boost|p2b: Annihilape|def|1\n|move|p1a: Mimikyu|Play Rough|p2b: Annihilape\n|-supereffective|p2b: Annihilape\n|-damage|p2b: Annihilape|42\/100\n|\n|-heal|p2b: Annihilape|48\/100|[from] item: Leftovers\n|upkeep\n|turn|3\n|inactive|RadimirS has 30 seconds left.\n|inactive|RadimirS has 20 seconds left.\n|\n|t:|1682098115\n|-end|p2a: Iron Bundle|Quark Drive|[silent]\n|switch|p2a: Tinkaton|Tinkaton, L50, F, shiny|100\/100\n|-ability|p2a: Tinkaton|Mold Breaker\n|-terastallize|p2b: Annihilape|Fire\n|move|p1a: Mimikyu|Shadow Sneak|p2b: Annihilape\n|-damage|p2b: Annihilape|37\/100\n|move|p1b: Ting-Lu|Body Press|p2a: Tinkaton\n|-damage|p2a: Tinkaton|66\/100\n|move|p2b: Annihilape|Drain Punch|p1b: Ting-Lu\n|-supereffective|p1b: Ting-Lu\n|-damage|p1b: Ting-Lu|49\/100\n|-heal|p2b: Annihilape|68\/100|[from] drain|[of] p1b: Ting-Lu\n|\n|-heal|p2b: Annihilape|74\/100|[from] item: Leftovers\n|upkeep\n|turn|4\n|inactive|Mandrokor94 has 30 seconds left.\n|inactive|Mandrokor94 has 20 seconds left.\n|inactive|Mandrokor94 has 15 seconds left.\n|inactive|Mandrokor94 has 10 seconds left.\n|\n|t:|1682098161\n|switch|p1a: Tyranitar|Tyranitar, L50, F|100\/100\n|-weather|Sandstorm|[from] ability: Sand Stream|[of] p1a: Tyranitar\n|move|p2a: Tinkaton|Fake Out|p1b: Ting-Lu\n|-damage|p1b: Ting-Lu|45\/100\n|cant|p1b: Ting-Lu|flinch\n|move|p2b: Annihilape|Bulk Up|p2b: Annihilape\n|-boost|p2b: Annihilape|atk|1\n|-boost|p2b: Annihilape|def|1\n|\n|-weather|Sandstorm|[upkeep]\n|-damage|p2b: Annihilape|68\/100|[from] Sandstorm\n|-heal|p2b: Annihilape|74\/100|[from] item: Leftovers\n|upkeep\n|turn|5\n|inactive|Mandrokor94 has 30 seconds left.\n|\n|t:|1682098191\n|switch|p2a: Pelipper|Pelipper, L50, M, shiny|100\/100\n|-weather|RainDance|[from] ability: Drizzle|[of] p2a: Pelipper\n|-terastallize|p1a: Tyranitar|Flying\n|move|p2b: Annihilape|Protect|p2b: Annihilape\n|-singleturn|p2b: Annihilape|Protect\n|move|p1b: Ting-Lu|Stomping Tantrum|p2b: Annihilape\n|-activate|p2b: Annihilape|move: Protect\n|move|p1a: Tyranitar|Rock Slide|p2a: Pelipper|[spread] p2a\n|-activate|p2b: Annihilape|move: Protect\n|-supereffective|p2a: Pelipper\n|-damage|p2a: Pelipper|17\/100\n|\n|-weather|RainDance|[upkeep]\n|-heal|p2b: Annihilape|80\/100|[from] item: Leftovers\n|-fieldend|move: Trick Room\n|upkeep\n|turn|6\n|inactive|Mandrokor94 has 30 seconds left.\n|inactive|RadimirS has 30 seconds left.\n|inactive|Mandrokor94 has 20 seconds left.\n|inactive|RadimirS has 20 seconds left.\n|inactive|Mandrokor94 has 15 seconds left.\n|\n|t:|1682098233\n|move|p2a: Pelipper|Wide Guard|p2a: Pelipper\n|-singleturn|p2a: Pelipper|Wide Guard\n|move|p2b: Annihilape|Drain Punch|p1b: Ting-Lu\n|-supereffective|p1b: Ting-Lu\n|-damage|p1b: Ting-Lu|0 fnt\n|-heal|p2b: Annihilape|100\/100|[from] drain|[of] p1b: Ting-Lu\n|faint|p1b: Ting-Lu\n|move|p1a: Tyranitar|Rock Slide|p2b: Annihilape|[spread] \n|-activate|p2a: Pelipper|move: Wide Guard\n|-activate|p2b: Annihilape|move: Wide Guard\n|\n|-weather|RainDance|[upkeep]\n|upkeep\n|\n|t:|1682098250\n|switch|p1b: Iron Hands|Iron Hands, L50|100\/100\n|turn|7\n|\n|t:|1682098267\n|switch|p2a: Iron Bundle|Iron Bundle, L50, shiny|28\/100\n|move|p2b: Annihilape|Protect|p2b: Annihilape\n|-singleturn|p2b: Annihilape|Protect\n|move|p1b: Iron Hands|Fake Out|p2b: Annihilape\n|-activate|p2b: Annihilape|move: Protect\n|move|p1a: Tyranitar|Crunch|p2a: Iron Bundle\n|-damage|p2a: Iron Bundle|0 fnt\n|faint|p2a: Iron Bundle\n|-end|p2a: Iron Bundle|Quark Drive|[silent]\n|\n|-weather|RainDance|[upkeep]\n|upkeep\n|\n|t:|1682098278\n|switch|p2a: Tinkaton|Tinkaton, L50, F, shiny|66\/100\n|-ability|p2a: Tinkaton|Mold Breaker\n|turn|8\n|inactive|RadimirS has 30 seconds left.\n|\n|t:|1682098304\n|move|p2a: Tinkaton|Fake Out|p1a: Tyranitar\n|-damage|p1a: Tyranitar|92\/100\n|move|p2b: Annihilape|Rage Fist|p1b: Iron Hands\n|-damage|p1b: Iron Hands|12\/100\n|cant|p1a: Tyranitar|flinch\n|move|p1b: Iron Hands|Drain Punch|p2a: Tinkaton\n|-damage|p2a: Tinkaton|10\/100\n|-heal|p1b: Iron Hands|32\/100|[from] drain|[of] p2a: Tinkaton\n|\n|-weather|RainDance|[upkeep]\n|upkeep\n|turn|9\n|inactive|RadimirS has 30 seconds left.\n|inactive|RadimirS has 20 seconds left.\n|\n|t:|1682098342\n|switch|p2a: Pelipper|Pelipper, L50, M, shiny|17\/100\n|-end|p1b: Iron Hands|Quark Drive|[silent]\n|switch|p1b: Mimikyu|Mimikyu-Busted, L50, M|10\/100\n|move|p2b: Annihilape|Rage Fist|p1b: Mimikyu\n|-supereffective|p1b: Mimikyu\n|-damage|p1b: Mimikyu|0 fnt\n|faint|p1b: Mimikyu\n|move|p1a: Tyranitar|Rock Slide|p2a: Pelipper|[spread] p2a,p2b\n|-supereffective|p2a: Pelipper\n|-supereffective|p2b: Annihilape\n|-damage|p2a: Pelipper|0 fnt\n|-damage|p2b: Annihilape|69\/100\n|faint|p2a: Pelipper\n|\n|-weather|none\n|-heal|p2b: Annihilape|75\/100|[from] item: Leftovers\n|upkeep\n|\n|t:|1682098356\n|switch|p1b: Iron Hands|Iron Hands, L50|32\/100\n|switch|p2a: Tinkaton|Tinkaton, L50, F, shiny|10\/100\n|-ability|p2a: Tinkaton|Mold Breaker\n|turn|10\n|inactive|Mandrokor94 has 30 seconds left.\n|inactive|Mandrokor94 has 20 seconds left.\n|\n|t:|1682098391\n|move|p1a: Tyranitar|Protect|p1a: Tyranitar\n|-singleturn|p1a: Tyranitar|Protect\n|move|p2a: Tinkaton|Fake Out|p1b: Iron Hands\n|-damage|p1b: Iron Hands|26\/100\n|cant|p1b: Iron Hands|flinch\n|move|p2b: Annihilape|Rage Fist|p1a: Tyranitar\n|-activate|p1a: Tyranitar|move: Protect\n|\n|-heal|p2b: Annihilape|81\/100|[from] item: Leftovers\n|upkeep\n|turn|11\n|inactive|RadimirS has 30 seconds left.\n|inactive|RadimirS has 20 seconds left.\n|inactive|RadimirS has 15 seconds left.\n|inactive|RadimirS has 10 seconds left.\n|inactive|RadimirS has 5 seconds left.\n|\n|t:|1682098443\n|move|p2b: Annihilape|Rage Fist|p1a: Tyranitar\n|-damage|p1a: Tyranitar|0 fnt\n|faint|p1a: Tyranitar\n|move|p2a: Tinkaton|Gigaton Hammer|p1b: Iron Hands\n|-resisted|p1b: Iron Hands\n|-damage|p1b: Iron Hands|9\/100\n|move|p1b: Iron Hands|Drain Punch|p2a: Tinkaton\n|-damage|p2a: Tinkaton|0 fnt\n|-heal|p1b: Iron Hands|12\/100|[from] drain|[of] p2a: Tinkaton\n|faint|p2a: Tinkaton\n|\n|-heal|p2b: Annihilape|87\/100|[from] item: Leftovers\n|upkeep\n|turn|12\n|\n|t:|1682098456\n|move|p2b: Annihilape|Rage Fist|p1b: Iron Hands\n|-damage|p1b: Iron Hands|0 fnt\n|faint|p1b: Iron Hands\n|-end|p1b: Iron Hands|Quark Drive|[silent]\n|\n|win|RadimirS\n|raw|Mandrokor94's rating: 1245 → 1220<\/strong> (-25 for losing)\n|raw|RadimirS's rating: 1251 → 1276<\/strong> (+25 for winning)\n|l|\u2606Mandrokor94\n","uploadtime":1682098462,"views":7,"p1id":"mandrokor94","p2id":"radimirs","formatid":"gen9vgc2023regulationc","rating":1220,"private":0,"password":""}