{"id":"gen9vgc2023regulationc-1861348634","p1":"redstonejesus","p2":"Protecties","format":"[Gen 9] VGC 2023 Regulation C","log":"|j|\u2606redstonejesus\n|j|\u2606Protecties\n|t:|1683748324\n|gametype|doubles\n|player|p1|redstonejesus|170|1144\n|player|p2|Protecties|bugcatcher-gen4dp|1096\n|teamsize|p1|6\n|teamsize|p2|6\n|gen|9\n|tier|[Gen 9] VGC 2023 Regulation C\n|rated|\n|rule|Species Clause: Limit one of each Pok\u00e9mon\n|rule|Item Clause: Limit one of each item\n|clearpoke\n|poke|p1|Great Tusk, L50|\n|poke|p1|Murkrow, L50, F|\n|poke|p1|Flutter Mane, L50|\n|poke|p1|Iron Bundle, L50|\n|poke|p1|Kingambit, L50, M|\n|poke|p1|Amoonguss, L50, F|\n|poke|p2|Talonflame, L50, M|\n|poke|p2|Maushold-Four, L50|\n|poke|p2|Palafin, L50, F|\n|poke|p2|Kilowattrel, L50, M|\n|poke|p2|Brambleghast, L50, M|\n|poke|p2|Gholdengo, L50|\n|teampreview|4\n|inactive|Battle timer is ON: inactive players will automatically lose when time's up. (requested by Protecties)\nredstonejesus has agreed to open team sheets.\n|inactive|Protecties has 60 seconds left.\n|\n|t:|1683748358\n|start\n|switch|p1a: Goodlife|Great Tusk, L50, shiny|100\/100\n|switch|p1b: Nevermore|Murkrow, L50, F|100\/100\n|switch|p2a: Talonflame|Talonflame, L50, M|100\/100\n|switch|p2b: Palafin|Palafin, L50, F|100\/100\n|turn|1\n|\n|t:|1683748381\n|move|p2a: Talonflame|Tailwind|p2a: Talonflame\n|-sidestart|p2: Protecties|move: Tailwind\n|move|p1b: Nevermore|Tailwind|p1b: Nevermore\n|-sidestart|p1: redstonejesus|move: Tailwind\n|move|p1a: Goodlife|Headlong Rush|p2b: Palafin\n|-damage|p2b: Palafin|22\/100\n|-unboost|p1a: Goodlife|def|1\n|-unboost|p1a: Goodlife|spd|1\n|move|p2b: Palafin|Flip Turn|p1a: Goodlife\n|-supereffective|p1a: Goodlife\n|-damage|p1a: Goodlife|40\/100\n|\n|t:|1683748397\n|detailschange|p2b: Palafin|Palafin-Hero, L50, F\n|switch|p2b: Brambleghast|Brambleghast, L50, M|100\/100|[from] Flip Turn\n|-ability|p2b: Brambleghast|Wind Rider|boost\n|-boost|p2b: Brambleghast|atk|1\n|\n|upkeep\n|turn|2\n|\n|t:|1683748408\n|move|p2a: Talonflame|Brave Bird|p1b: Nevermore\n|-damage|p1b: Nevermore|56\/100\n|-damage|p2a: Talonflame|84\/100|[from] Recoil\n|move|p2b: Brambleghast|Shadow Sneak|p1b: Nevermore\n|-resisted|p1b: Nevermore\n|-damage|p1b: Nevermore|41\/100\n|move|p1b: Nevermore|Haze|p1b: Nevermore\n|-clearallboost\n|move|p1a: Goodlife|Headlong Rush|p2b: Brambleghast\n|-resisted|p2b: Brambleghast\n|-damage|p2b: Brambleghast|41\/100\n|-unboost|p1a: Goodlife|def|1\n|-unboost|p1a: Goodlife|spd|1\n|\n|upkeep\n|turn|3\n|inactive|Protecties has 30 seconds left.\n|\n|t:|1683748434\n|move|p2b: Brambleghast|Protect|p2b: Brambleghast\n|-singleturn|p2b: Brambleghast|Protect\n|move|p1b: Nevermore|Haze|p1b: Nevermore\n|-clearallboost\n|move|p1a: Goodlife|Headlong Rush|p2b: Brambleghast\n|-activate|p2b: Brambleghast|move: Protect\n|move|p2a: Talonflame|Will-O-Wisp|p1a: Goodlife\n|-status|p1a: Goodlife|brn\n|\n|-damage|p1a: Goodlife|34\/100 brn|[from] brn\n|upkeep\n|turn|4\n|\n|t:|1683748451\n|move|p2b: Brambleghast|Shadow Sneak|p1b: Nevermore\n|-resisted|p1b: Nevermore\n|-damage|p1b: Nevermore|31\/100\n|move|p1a: Goodlife|Headlong Rush|p2b: Brambleghast\n|-resisted|p2b: Brambleghast\n|-damage|p2b: Brambleghast|10\/100\n|-unboost|p1a: Goodlife|def|1\n|-unboost|p1a: Goodlife|spd|1\n|move|p2a: Talonflame|Brave Bird|p1b: Nevermore\n|-damage|p1b: Nevermore|0 fnt\n|faint|p1b: Nevermore\n|-damage|p2a: Talonflame|73\/100|[from] Recoil\n|\n|-damage|p1a: Goodlife|28\/100 brn|[from] brn\n|-sideend|p2: Protecties|move: Tailwind\n|-sideend|p1: redstonejesus|move: Tailwind\n|upkeep\n|\n|t:|1683748465\n|switch|p1b: Move Along|Iron Bundle, L50|100\/100\n|-enditem|p1b: Move Along|Booster Energy\n|-activate|p1b: Move Along|ability: Quark Drive|[fromitem]\n|-start|p1b: Move Along|quarkdrivespe\n|turn|5\n|\n|t:|1683748478\n|move|p2b: Brambleghast|Shadow Sneak|p1a: Goodlife\n|-damage|p1a: Goodlife|8\/100 brn\n|move|p1b: Move Along|Freeze-Dry|p2a: Talonflame\n|-damage|p2a: Talonflame|23\/100\n|move|p1a: Goodlife|Headlong Rush|p2b: Brambleghast\n|-resisted|p2b: Brambleghast\n|-damage|p2b: Brambleghast|0 fnt\n|-unboost|p1a: Goodlife|def|1\n|-unboost|p1a: Goodlife|spd|1\n|faint|p2b: Brambleghast\n|move|p2a: Talonflame|Tailwind|p2a: Talonflame\n|-sidestart|p2: Protecties|move: Tailwind\n|\n|-damage|p1a: Goodlife|2\/100 brn|[from] brn\n|upkeep\n|\n|t:|1683748493\n|switch|p2b: Palafin|Palafin-Hero, L50, F|22\/100\n|-activate|p2b: Palafin|ability: Zero to Hero\n|turn|6\n|\n|t:|1683748508\n|move|p2b: Palafin|Protect|p2b: Palafin\n|-singleturn|p2b: Palafin|Protect\n|move|p2a: Talonflame|Brave Bird|p1b: Move Along\n|-damage|p1b: Move Along|46\/100\n|-damage|p2a: Talonflame|7\/100|[from] Recoil\n|move|p1b: Move Along|Icy Wind|p2a: Talonflame|[spread] p2a\n|-activate|p2b: Palafin|move: Protect\n|-crit|p2a: Talonflame\n|-damage|p2a: Talonflame|0 fnt\n|faint|p2a: Talonflame\n|move|p1a: Goodlife|Headlong Rush|p2b: Palafin\n|-activate|p2b: Palafin|move: Protect\n|\n|-damage|p1a: Goodlife|0 fnt|[from] brn\n|faint|p1a: Goodlife\n|-end|p1a: Goodlife|Protosynthesis|[silent]\n|upkeep\n|\n|t:|1683748526\n|switch|p2a: Gholdengo|Gholdengo, L50|100\/100\n|switch|p1a: Kingslayer|Flutter Mane, L50|100\/100\n|turn|7\n|\n|t:|1683748548\n|-terastallize|p1a: Kingslayer|Fairy\n|move|p2b: Palafin|Jet Punch|p1a: Kingslayer\n|-damage|p1a: Kingslayer|36\/100\n|move|p1b: Move Along|Icy Wind|p2b: Palafin|[spread] p2a,p2b\n|-resisted|p2a: Gholdengo\n|-resisted|p2b: Palafin\n|-damage|p2a: Gholdengo|88\/100\n|-damage|p2b: Palafin|10\/100\n|-unboost|p2a: Gholdengo|spe|1\n|-unboost|p2b: Palafin|spe|1\n|move|p2a: Gholdengo|Nasty Plot|p2a: Gholdengo\n|-boost|p2a: Gholdengo|spa|2\n|move|p1a: Kingslayer|Shadow Ball|p2a: Gholdengo\n|-supereffective|p2a: Gholdengo\n|-damage|p2a: Gholdengo|0 fnt\n|faint|p2a: Gholdengo\n|\n|upkeep\n|turn|8\n|l|\u2606Protecties\n|inactive|Protecties disconnected and has a minute to reconnect!\n|player|p2|\n|inactive|Protecties has 30 seconds left.\n|inactive|Protecties has 20 seconds left.\n|inactive|Protecties has 15 seconds left.\n|inactive|Protecties has 10 seconds left.\n|inactive|Protecties has 5 seconds left.\n|-message|Protecties lost due to inactivity.\n|\n|win|redstonejesus\n|raw|redstonejesus's rating: 1144 → 1166<\/strong> (+22 for winning)\n|raw|Protecties's rating: 1096 → 1075<\/strong> (-21 for losing)\n","uploadtime":1683748606,"views":13,"p1id":"redstonejesus","p2id":"protecties","formatid":"gen9vgc2023regulationc","rating":1075,"private":0,"password":""}