{"id":"gen9vgc2023regulationc-1851807640","p1":"gemifi","p2":"VonZeal_McZeal","format":"[Gen 9] VGC 2023 Regulation C","log":"|j|\u2606gemifi\n|j|\u2606VonZeal_McZeal\n|t:|1682487272\n|gametype|doubles\n|player|p1|gemifi|aromalady|1281\n|player|p2|VonZeal_McZeal|1|1243\n|teamsize|p1|6\n|teamsize|p2|6\n|gen|9\n|tier|[Gen 9] VGC 2023 Regulation C\n|rated|\n|rule|Species Clause: Limit one of each Pok\u00e9mon\n|rule|Item Clause: Limit one of each item\n|clearpoke\n|poke|p1|Gastrodon, L50, M|\n|poke|p1|Mudsdale, L50, F|\n|poke|p1|Maushold-Four, L50|\n|poke|p1|Tyranitar, L50, M|\n|poke|p1|Flutter Mane, L50|\n|poke|p1|Houndstone, L50, M|\n|poke|p2|Dachsbun, L50, M|\n|poke|p2|Wo-Chien, L50|\n|poke|p2|Chi-Yu, L50|\n|poke|p2|Gastrodon, L50, M|\n|poke|p2|Baxcalibur, L50, F|\n|poke|p2|Flutter Mane, L50|\n|teampreview|4\n|\n|t:|1682487302\n|start\n|switch|p1a: Arthur Morgan|Mudsdale, L50, F|100\/100\n|switch|p1b: Gastrodon|Gastrodon, L50, M|100\/100\n|switch|p2a: Chi-Yu|Chi-Yu, L50|100\/100\n|switch|p2b: Dachsbun|Dachsbun, L50, M|100\/100\n|-ability|p2a: Chi-Yu|Beads of Ruin\n|turn|1\n|\n|t:|1682487322\n|-terastallize|p1a: Arthur Morgan|Rock\n|move|p2a: Chi-Yu|Lava Plume|p1a: Arthur Morgan|[spread] p1a,p1b\n|-ability|p2b: Dachsbun|Well-Baked Body|boost\n|-boost|p2b: Dachsbun|def|2\n|-resisted|p1a: Arthur Morgan\n|-resisted|p1b: Gastrodon\n|-damage|p1a: Arthur Morgan|79\/100\n|-damage|p1b: Gastrodon|78\/100\n|-status|p1b: Gastrodon|brn\n|-ability|p1a: Arthur Morgan|Stamina|boost\n|-boost|p1a: Arthur Morgan|def|1\n|move|p2b: Dachsbun|Body Press|p1b: Gastrodon\n|-damage|p1b: Gastrodon|22\/100 brn\n|move|p1b: Gastrodon|Clear Smog|p2b: Dachsbun\n|-supereffective|p2b: Dachsbun\n|-damage|p2b: Dachsbun|59\/100\n|-clearboost|p2b: Dachsbun\n|move|p1a: Arthur Morgan|Heavy Slam|p2b: Dachsbun\n|-supereffective|p2b: Dachsbun\n|-damage|p2b: Dachsbun|4\/100\n|-enditem|p2b: Dachsbun|Aguav Berry|[eat]\n|-heal|p2b: Dachsbun|37\/100|[from] item: Aguav Berry\n|\n|-heal|p1a: Arthur Morgan|85\/100|[from] item: Leftovers\n|-damage|p1b: Gastrodon|16\/100 brn|[from] brn\n|upkeep\n|turn|2\n|\n|t:|1682487368\n|switch|p2a: Flutter Mane|Flutter Mane, L50|100\/100\n|switch|p1b: Tyranitar|Tyranitar, L50, M|100\/100\n|-weather|Sandstorm|[from] ability: Sand Stream|[of] p1b: Tyranitar\n|move|p2b: Dachsbun|Yawn|p1a: Arthur Morgan\n|-start|p1a: Arthur Morgan|move: Yawn|[of] p2b: Dachsbun\n|move|p1a: Arthur Morgan|Heavy Slam|p2b: Dachsbun\n|-supereffective|p2b: Dachsbun\n|-damage|p2b: Dachsbun|0 fnt\n|faint|p2b: Dachsbun\n|\n|-weather|Sandstorm|[upkeep]\n|-damage|p2a: Flutter Mane|94\/100|[from] Sandstorm\n|-heal|p1a: Arthur Morgan|90\/100|[from] item: Leftovers\n|upkeep\n|\n|t:|1682487404\n|switch|p2b: Chi-Yu|Chi-Yu, L50|100\/100\n|-ability|p2b: Chi-Yu|Beads of Ruin\n|turn|3\n|\n|t:|1682487417\n|switch|p1b: Gastrodon|Gastrodon, L50, M|16\/100 brn\n|move|p2a: Flutter Mane|Protect|p2a: Flutter Mane\n|-singleturn|p2a: Flutter Mane|Protect\n|move|p2b: Chi-Yu|Will-O-Wisp|p1b: Gastrodon\n|-fail|p1b: Gastrodon|brn\n|move|p1a: Arthur Morgan|Heavy Slam|p2a: Flutter Mane\n|-activate|p2a: Flutter Mane|move: Protect\n|\n|-weather|Sandstorm|[upkeep]\n|-damage|p2b: Chi-Yu|95\/100|[from] Sandstorm\n|-damage|p2a: Flutter Mane|88\/100|[from] Sandstorm\n|-heal|p1a: Arthur Morgan|96\/100|[from] item: Leftovers\n|-damage|p1b: Gastrodon|10\/100 brn|[from] brn\n|-end|p1a: Arthur Morgan|move: Yawn|[silent]\n|-status|p1a: Arthur Morgan|slp\n|upkeep\n|turn|4\n|\n|t:|1682487440\n|switch|p2b: Wo-Chien|Wo-Chien, L50|100\/100\n|-ability|p2b: Wo-Chien|Tablets of Ruin\n|move|p2a: Flutter Mane|Dazzling Gleam|p1b: Gastrodon|[spread] p1a,p1b\n|-damage|p1a: Arthur Morgan|74\/100 slp\n|-damage|p1b: Gastrodon|0 fnt\n|-ability|p1a: Arthur Morgan|Stamina|boost\n|-boost|p1a: Arthur Morgan|def|1\n|faint|p1b: Gastrodon\n|cant|p1a: Arthur Morgan|slp\n|\n|-weather|Sandstorm|[upkeep]\n|-damage|p2a: Flutter Mane|82\/100|[from] Sandstorm\n|-damage|p2b: Wo-Chien|94\/100|[from] Sandstorm\n|-heal|p1a: Arthur Morgan|80\/100 slp|[from] item: Leftovers\n|upkeep\n|\n|t:|1682487452\n|switch|p1b: Ness|Flutter Mane, L50|100\/100\n|-enditem|p1b: Ness|Booster Energy\n|-activate|p1b: Ness|ability: Protosynthesis|[fromitem]\n|-start|p1b: Ness|protosynthesisspe\n|turn|5\n|\n|t:|1682487478\n|-terastallize|p2b: Wo-Chien|Poison\n|move|p1b: Ness|Shadow Ball|p2a: Flutter Mane\n|-supereffective|p2a: Flutter Mane\n|-damage|p2a: Flutter Mane|7\/100\n|move|p2a: Flutter Mane|Shadow Ball|p1b: Ness\n|-supereffective|p1b: Ness\n|-damage|p1b: Ness|11\/100\n|move|p2b: Wo-Chien|Leech Seed|p1a: Arthur Morgan\n|-start|p1a: Arthur Morgan|move: Leech Seed\n|-curestatus|p1a: Arthur Morgan|slp|[msg]\n|move|p1a: Arthur Morgan|Body Press|p2b: Wo-Chien\n|-resisted|p2b: Wo-Chien\n|-damage|p2b: Wo-Chien|79\/100\n|\n|-weather|Sandstorm|[upkeep]\n|-damage|p1b: Ness|5\/100|[from] Sandstorm\n|-damage|p2a: Flutter Mane|0 fnt|[from] Sandstorm\n|-damage|p2b: Wo-Chien|73\/100|[from] Sandstorm\n|faint|p2a: Flutter Mane\n|-end|p2a: Flutter Mane|Protosynthesis|[silent]\n|-heal|p1a: Arthur Morgan|86\/100|[from] item: Leftovers\n|-damage|p1a: Arthur Morgan|74\/100|[from] Leech Seed|[of] p2b: Wo-Chien\n|-heal|p2b: Wo-Chien|86\/100|[silent]\n|upkeep\n|\n|t:|1682487497\n|switch|p2a: Chi-Yu|Chi-Yu, L50|95\/100\n|-ability|p2a: Chi-Yu|Beads of Ruin\n|turn|6\n|\n|t:|1682487539\n|move|p1b: Ness|Shadow Ball|p2b: Wo-Chien\n|-damage|p2b: Wo-Chien|53\/100\n|move|p2a: Chi-Yu|Will-O-Wisp|p1a: Arthur Morgan\n|-status|p1a: Arthur Morgan|brn\n|move|p2b: Wo-Chien|Leech Seed|p1b: Ness\n|-start|p1b: Ness|move: Leech Seed\n|move|p1a: Arthur Morgan|Body Press|p2a: Chi-Yu\n|-supereffective|p2a: Chi-Yu\n|-damage|p2a: Chi-Yu|40\/100\n|\n|-weather|none\n|-heal|p1a: Arthur Morgan|80\/100 brn|[from] item: Leftovers\n|-damage|p1b: Ness|0 fnt|[from] Leech Seed|[of] p2b: Wo-Chien\n|-heal|p2b: Wo-Chien|56\/100|[silent]\n|faint|p1b: Ness\n|-end|p1b: Ness|Protosynthesis|[silent]\n|-damage|p1a: Arthur Morgan|68\/100 brn|[from] Leech Seed|[of] p2b: Wo-Chien\n|-heal|p2b: Wo-Chien|69\/100|[silent]\n|-damage|p1a: Arthur Morgan|62\/100 brn|[from] brn\n|upkeep\n|\n|t:|1682487555\n|switch|p1b: Tyranitar|Tyranitar, L50, M|100\/100\n|-weather|Sandstorm|[from] ability: Sand Stream|[of] p1b: Tyranitar\n|turn|7\n|\n|t:|1682487566\n|move|p2a: Chi-Yu|Will-O-Wisp|p1b: Tyranitar\n|-status|p1b: Tyranitar|brn\n|move|p2b: Wo-Chien|Leech Seed|p1b: Tyranitar\n|-start|p1b: Tyranitar|move: Leech Seed\n|move|p1b: Tyranitar|Rock Blast|p2a: Chi-Yu\n|-supereffective|p2a: Chi-Yu\n|-damage|p2a: Chi-Yu|22\/100\n|-supereffective|p2a: Chi-Yu\n|-damage|p2a: Chi-Yu|6\/100\n|-hitcount|p2a: Chi-Yu|2\n|move|p1a: Arthur Morgan|Heavy Slam|p2b: Wo-Chien\n|-damage|p2b: Wo-Chien|59\/100\n|\n|-weather|Sandstorm|[upkeep]\n|-damage|p2a: Chi-Yu|0 fnt|[from] Sandstorm\n|-damage|p2b: Wo-Chien|53\/100|[from] Sandstorm\n|faint|p2a: Chi-Yu\n|-heal|p1a: Arthur Morgan|68\/100 brn|[from] item: Leftovers\n|-damage|p1b: Tyranitar|88\/100 brn|[from] Leech Seed|[of] p2b: Wo-Chien\n|-heal|p2b: Wo-Chien|66\/100|[silent]\n|-damage|p1a: Arthur Morgan|56\/100 brn|[from] Leech Seed|[of] p2b: Wo-Chien\n|-heal|p2b: Wo-Chien|79\/100|[silent]\n|-damage|p1b: Tyranitar|83\/100 brn|[from] brn\n|-damage|p1a: Arthur Morgan|50\/100 brn|[from] brn\n|upkeep\n|turn|8\n|\n|t:|1682487604\n|move|p2b: Wo-Chien|Protect|p2b: Wo-Chien\n|-singleturn|p2b: Wo-Chien|Protect\n|move|p1b: Tyranitar|Outrage|p2b: Wo-Chien\n|-activate|p2b: Wo-Chien|move: Protect\n|move|p1a: Arthur Morgan|Stone Edge|p2b: Wo-Chien\n|-activate|p2b: Wo-Chien|move: Protect\n|\n|-weather|Sandstorm|[upkeep]\n|-damage|p2b: Wo-Chien|73\/100|[from] Sandstorm\n|-heal|p1a: Arthur Morgan|56\/100 brn|[from] item: Leftovers\n|-damage|p1b: Tyranitar|71\/100 brn|[from] Leech Seed|[of] p2b: Wo-Chien\n|-heal|p2b: Wo-Chien|86\/100|[silent]\n|-damage|p1a: Arthur Morgan|43\/100 brn|[from] Leech Seed|[of] p2b: Wo-Chien\n|-heal|p2b: Wo-Chien|99\/100|[silent]\n|-damage|p1b: Tyranitar|65\/100 brn|[from] brn\n|-damage|p1a: Arthur Morgan|38\/100 brn|[from] brn\n|upkeep\n|turn|9\n|\n|t:|1682487626\n|move|p2b: Wo-Chien|Ruination|p1b: Tyranitar\n|-damage|p1b: Tyranitar|33\/100 brn\n|move|p1b: Tyranitar|Rock Blast|p2b: Wo-Chien\n|-damage|p2b: Wo-Chien|94\/100\n|-damage|p2b: Wo-Chien|89\/100\n|-hitcount|p2b: Wo-Chien|2\n|move|p1a: Arthur Morgan|Stone Edge|p2b: Wo-Chien|[miss]\n|-miss|p1a: Arthur Morgan|p2b: Wo-Chien\n|\n|-weather|Sandstorm|[upkeep]\n|-damage|p2b: Wo-Chien|83\/100|[from] Sandstorm\n|-heal|p1a: Arthur Morgan|43\/100 brn|[from] item: Leftovers\n|-damage|p1b: Tyranitar|21\/100 brn|[from] Leech Seed|[of] p2b: Wo-Chien\n|-heal|p2b: Wo-Chien|96\/100|[silent]\n|-damage|p1a: Arthur Morgan|31\/100 brn|[from] Leech Seed|[of] p2b: Wo-Chien\n|-heal|p2b: Wo-Chien|100\/100|[silent]\n|-damage|p1b: Tyranitar|15\/100 brn|[from] brn\n|-damage|p1a: Arthur Morgan|26\/100 brn|[from] brn\n|upkeep\n|turn|10\n|-message|gemifi forfeited.\n|\n|win|VonZeal_McZeal\n|raw|gemifi's rating: 1281 → 1253<\/strong> (-28 for losing)\n|raw|VonZeal_McZeal's rating: 1243 → 1271<\/strong> (+28 for winning)\n|l|\u2606gemifi\n","uploadtime":1682487829,"views":15,"p1id":"gemifi","p2id":"vonzealmczeal","formatid":"gen9vgc2023regulationc","rating":1253,"private":0,"password":""}