{"id":"gen9vgc2023regulationc-1848711020","p1":"Otark","p2":"MarioReLSD","format":"[Gen 9] VGC 2023 Regulation C","log":"|j|\u2606Otark\n|j|\u2606MarioReLSD\n|t:|1682102942\n|gametype|doubles\n|player|p1|Otark|lucas|\n|player|p2|MarioReLSD|pokemonranger-gen4|\n|teamsize|p1|6\n|teamsize|p2|6\n|gen|9\n|tier|[Gen 9] VGC 2023 Regulation C\n|rule|Species Clause: Limit one of each Pok\u00e9mon\n|rule|Item Clause: Limit one of each item\n|clearpoke\n|poke|p1|Palafin, L50, M|\n|poke|p1|Flutter Mane, L50|\n|poke|p1|Arcanine, L50, M|\n|poke|p1|Ting-Lu, L50|\n|poke|p1|Amoonguss, L50, M|\n|poke|p1|Kingambit, L50, M|\n|poke|p2|Wo-Chien, L50|\n|poke|p2|Ting-Lu, L50|\n|poke|p2|Garganacl, L50, F|\n|poke|p2|Dondozo, L50, M|\n|poke|p2|Toxapex, L50, F|\n|poke|p2|Glimmora, L50, M|\n|teampreview|4\n|c|\u2606MarioReLSD|g2\nOtark has agreed to open team sheets.\n|j| Sirwings\n|j| beranmagudanarruwa\n|j| Uxilon\n|j| Zenadark\n|j| Jadiwi\n|l| Jadiwi\n|j| RoiDadadou\n|j| Squash\n|j| Ectoboggan\n|j| Shiif\n|j| Herv Zero to Hero\n|j| RUF1 Mimil\nMarioReLSD has agreed to open team sheets.\n|j| Lshfyxbz\n|j| Masskeauuu\n|j| tierlist fromages\n|j| FOU2SECONDS\n|j| OmBrArch\n|\n|t:|1682103542\n|start\n|switch|p1a: Ashe|Ting-Lu, L50|100\/100\n|switch|p1b: Samira|Flutter Mane, L50|100\/100\n|switch|p2a: OopsIDidItAgain|Ting-Lu, L50|100\/100\n|switch|p2b: Gimme More|Garganacl, L50, F|100\/100\n|-ability|p1a: Ashe|Vessel of Ruin\n|-ability|p2a: OopsIDidItAgain|Vessel of Ruin\n|-enditem|p1b: Samira|Booster Energy\n|-activate|p1b: Samira|ability: Protosynthesis|[fromitem]\n|-start|p1b: Samira|protosynthesisspa\n|turn|1\n|j| Brayz\n|j| Jadiwi\n|\n|t:|1682103582\n|-terastallize|p2a: OopsIDidItAgain|Grass\n|move|p1b: Samira|Moonblast|p2a: OopsIDidItAgain\n|-damage|p2a: OopsIDidItAgain|80\/100\n|-unboost|p2a: OopsIDidItAgain|spa|1\n|move|p1a: Ashe|Ruination|p2a: OopsIDidItAgain\n|-damage|p2a: OopsIDidItAgain|40\/100\n|move|p2a: OopsIDidItAgain|Fissure|p1a: Ashe|[miss]\n|-miss|p2a: OopsIDidItAgain|p1a: Ashe\n|move|p2b: Gimme More|Fissure|p1a: Ashe\n|-damage|p1a: Ashe|0 fnt\n|faint|p1a: Ashe\n|-ohko\n|\n|upkeep\n|\n|t:|1682103595\n|switch|p1a: Sett|Arcanine, L50, M|100\/100\n|-ability|p1a: Sett|Intimidate|boost\n|-unboost|p2a: OopsIDidItAgain|atk|1\n|-unboost|p2b: Gimme More|atk|1\n|turn|2\n|j| Zsynaps\n|\n|t:|1682103612\n|switch|p2a: Toxic|Toxapex, L50, F, shiny|100\/100\n|-terastallize|p1a: Sett|Flying\n|move|p1b: Samira|Moonblast|p2b: Gimme More\n|-damage|p2b: Gimme More|51\/100\n|-unboost|p2b: Gimme More|spa|1\n|move|p1a: Sett|Flare Blitz|p2a: Toxic\n|-resisted|p2a: Toxic\n|-damage|p2a: Toxic|80\/100\n|-damage|p1a: Sett|95\/100|[from] Recoil\n|move|p2b: Gimme More|Fissure|p1b: Samira|[miss]\n|-miss|p2b: Gimme More|p1b: Samira\n|\n|-heal|p2b: Gimme More|57\/100|[from] item: Leftovers\n|upkeep\n|turn|3\n|\n|t:|1682103639\n|move|p1b: Samira|Moonblast|p2b: Gimme More\n|-damage|p2b: Gimme More|9\/100\n|-unboost|p2b: Gimme More|spa|1\n|move|p1a: Sett|Flare Blitz|p2b: Gimme More\n|-resisted|p2b: Gimme More\n|-damage|p2b: Gimme More|0 fnt\n|faint|p2b: Gimme More\n|-damage|p1a: Sett|92\/100|[from] Recoil\n|move|p2a: Toxic|Toxic|p1b: Samira\n|-status|p1b: Samira|tox\n|\n|-damage|p1b: Samira|95\/100 tox|[from] psn\n|upkeep\n|l| Zsynaps\n|\n|t:|1682103663\n|switch|p2b: Circus|Dondozo, L50, M|100\/100\n|turn|4\n|j| Zsynaps\n|\n|t:|1682103686\n|move|p1b: Samira|Moonblast|p2b: Circus\n|-damage|p2b: Circus|49\/100\n|move|p1a: Sett|Will-O-Wisp|p2b: Circus\n|-status|p2b: Circus|brn\n|move|p2a: Toxic|Toxic|p1a: Sett\n|-status|p1a: Sett|tox\n|move|p2b: Circus|Wave Crash|p1a: Sett\n|-damage|p1a: Sett|73\/100 tox\n|-damage|p2b: Circus|44\/100 brn|[from] Recoil\n|\n|-damage|p1b: Samira|83\/100 tox|[from] psn\n|-damage|p1a: Sett|66\/100 tox|[from] psn\n|-damage|p2b: Circus|38\/100 brn|[from] brn\n|upkeep\n|turn|5\n|l| Zsynaps\n|\n|t:|1682103718\n|switch|p1a: Leblanc|Kingambit, L50, M|100\/100\n|move|p1b: Samira|Moonblast|p2b: Circus\n|-damage|p2b: Circus|0 fnt\n|faint|p2b: Circus\n|move|p2a: Toxic|Infestation|p1a: Leblanc\n|-damage|p1a: Leblanc|97\/100\n|-activate|p1a: Leblanc|move: Infestation|[of] p2a: Toxic\n|\n|-damage|p1b: Samira|66\/100 tox|[from] psn\n|-damage|p1a: Leblanc|85\/100|[from] move: Infestation|[partiallytrapped]\n|upkeep\n|\n|t:|1682103729\n|switch|p2b: OopsIDidItAgain|Ting-Lu, L50, tera:Grass|40\/100\n|-ability|p2b: OopsIDidItAgain|Vessel of Ruin\n|turn|6\n|\n|t:|1682103745\n|-end|p1b: Samira|Protosynthesis|[silent]\n|switch|p1b: Sett|Arcanine, L50, M, tera:Flying|66\/100 tox\n|-ability|p1b: Sett|Intimidate|boost\n|-unboost|p2a: Toxic|atk|1\n|-unboost|p2b: OopsIDidItAgain|atk|1\n|move|p1a: Leblanc|Swords Dance|p1a: Leblanc\n|-boost|p1a: Leblanc|atk|2\n|move|p2b: OopsIDidItAgain|Fissure|p1a: Leblanc|[miss]\n|-miss|p2b: OopsIDidItAgain|p1a: Leblanc\n|move|p2a: Toxic|Infestation|p1b: Sett\n|-resisted|p1b: Sett\n|-damage|p1b: Sett|65\/100 tox\n|-activate|p1b: Sett|move: Infestation|[of] p2a: Toxic\n|\n|-damage|p1b: Sett|59\/100 tox|[from] psn\n|-damage|p1b: Sett|47\/100 tox|[from] move: Infestation|[partiallytrapped]\n|-damage|p1a: Leblanc|73\/100|[from] move: Infestation|[partiallytrapped]\n|upkeep\n|turn|7\n|j| Johan Liebenberg\n|\n|t:|1682103772\n|move|p1b: Sett|Flare Blitz|p2b: OopsIDidItAgain\n|-supereffective|p2b: OopsIDidItAgain\n|-damage|p2b: OopsIDidItAgain|0 fnt\n|faint|p2b: OopsIDidItAgain\n|-damage|p1b: Sett|29\/100 tox|[from] Recoil\n|move|p1a: Leblanc|Kowtow Cleave|p2a: Toxic\n|-damage|p2a: Toxic|0 fnt\n|faint|p2a: Toxic\n|\n|win|Otark\n|c|\u2606MarioReLSD|gg\n|c|\u2606Otark|gg\n|c|\u2606MarioReLSD|ptit flop mdr\n|l| Shiif\n|l| Lshfyxbz\n|l| Jadiwi\n|l|\u2606MarioReLSD\n|l| Zenadark\n|l| Ectoboggan\n|l| Squash\n|l| Masskeauuu\n|l| Sirwings\n|l| Brayz\n|l| FOU2SECONDS\n|l| beranmagudanarruwa\n|l| RoiDadadou\n|l| Uxilon\n|j|+Brumirage\n|l| Johan Liebenberg\n|j| Lyliath\n|l|+Brumirage\n|l| Lyliath\n","uploadtime":1682103781,"views":22,"p1id":"otark","p2id":"mariorelsd","formatid":"gen9vgc2023regulationc","rating":0,"private":0,"password":""}