{"id":"gen9vgc2023regulationc-1856016993","p1":"LoafOfGodlyBread","p2":"HoodWNKD","format":"[Gen 9] VGC 2023 Regulation C","log":"|j|\u2606LoafOfGodlyBread\n|j|\u2606HoodWNKD\n|t:|1683017789\n|gametype|doubles\n|player|p1|LoafOfGodlyBread|marshal|\n|player|p2|HoodWNKD|juan|\n|teamsize|p1|6\n|teamsize|p2|6\n|gen|9\n|tier|[Gen 9] VGC 2023 Regulation C\n|rated|Tournament battle\n|rule|Species Clause: Limit one of each Pok\u00e9mon\n|rule|Item Clause: Limit one of each item\n|clearpoke\n|poke|p1|Dondozo, L50, F|\n|poke|p1|Tatsugiri-Droopy, L50, M|\n|poke|p1|Ting-Lu, L50|\n|poke|p1|Flutter Mane, L50|\n|poke|p1|Rotom-Heat, L50|\n|poke|p1|Amoonguss, L50, F|\n|poke|p2|Amoonguss, L50, M|\n|poke|p2|Arcanine, L50, F|\n|poke|p2|Rotom-Wash, L50|\n|poke|p2|Annihilape, L50, M|\n|poke|p2|Chien-Pao, L50|\n|poke|p2|Ting-Lu, L50|\n|teampreview|4\n|raw| Open Team Sheet for LoafOfGodlyBread<\/summary>Mayo (Dondozo) @ Leftovers Ability: Unaware Level: 50 Shiny: Yes Tera Type: Ground - Wave Crash - Earthquake - Facade - Protect Imposter (Tatsugiri-Droopy) @ Choice Scarf Ability: Commander Level: 50 Tera Type: Dragon - Icy Wind - Draco Meteor - Muddy Water - Taunt Fruit-loops (Ting-Lu) @ Assault Vest Ability: Vessel of Ruin Level: 50 Tera Type: Water - Throat Chop - Stomping Tantrum - Fissure - Heavy Slam Mia Fey (Flutter Mane) @ Choice Specs Ability: Protosynthesis Level: 50 Tera Type: Fairy - Moonblast - Shadow Ball - Dazzling Gleam - Icy Wind Dinner's ready! (Rotom-Heat) @ Safety Goggles Ability: Levitate Level: 50 Shiny: Yes Tera Type: Fire - Overheat - Will-O-Wisp - Volt Switch - Protect Crewmate (Amoonguss) @ Sitrus Berry Ability: Regenerator Level: 50 Shiny: Yes Tera Type: Flying - Spore - Rage Powder - Pollen Puff - Protect <\/details><\/div> Open Team Sheet for HoodWNKD<\/summary>Amoonguss @ Rocky Helmet Ability: Regenerator Level: 50 Tera Type: Dark - Pollen Puff - Clear Smog - Spore - Rage Powder Arcanine @ Sitrus Berry Ability: Intimidate Level: 50 Tera Type: Water - Flare Blitz - Extreme Speed - Helping Hand - Will-O-Wisp Rotom (Rotom-Wash) @ Life Orb Ability: Levitate Level: 50 Tera Type: Grass - Thunderbolt - Hydro Pump - Nasty Plot - Protect Annihilape @ Leftovers Ability: Defiant Level: 50 Tera Type: Fire - Rage Fist - Drain Punch - Bulk Up - Protect Chien-Pao @ Focus Sash Ability: Sword of Ruin Level: 50 Tera Type: Ghost - Ice Spinner - Sucker Punch - Sacred Sword - Protect Ting-Lu @ Assault Vest Ability: Vessel of Ruin Level: 50 Tera Type: Poison - Stomping Tantrum - Rock Slide - Throat Chop - Heavy Slam <\/details><\/div>\n|c|\u2606LoafOfGodlyBread|not dozo? what has this world come to\n|c|\u2606LoafOfGodlyBread|glhf\n|c|\u2606HoodWNKD|this world is capable of many horrors\n|\n|t:|1683017845\n|start\n|switch|p1a: Mia Fey|Flutter Mane, L50|100\/100\n|switch|p1b: Fruit-loops|Ting-Lu, L50|100\/100\n|switch|p2a: Amoonguss|Amoonguss, L50, M|100\/100\n|switch|p2b: Annihilape|Annihilape, L50, M|100\/100\n|-ability|p1b: Fruit-loops|Vessel of Ruin\n|turn|1\n|j|^Finabas\n|\n|t:|1683017888\n|-terastallize|p1b: Fruit-loops|Water\n|move|p2b: Annihilape|Protect|p2b: Annihilape\n|-singleturn|p2b: Annihilape|Protect\n|move|p1a: Mia Fey|Dazzling Gleam|p2a: Amoonguss|[spread] p2a\n|-activate|p2b: Annihilape|move: Protect\n|-resisted|p2a: Amoonguss\n|-damage|p2a: Amoonguss|86\/100\n|move|p1b: Fruit-loops|Stomping Tantrum|p2b: Annihilape\n|-activate|p2b: Annihilape|move: Protect\n|move|p2a: Amoonguss|Spore|p1b: Fruit-loops\n|-status|p1b: Fruit-loops|slp|[from] move: Spore\n|\n|upkeep\n|turn|2\n|\n|t:|1683017915\n|-terastallize|p2b: Annihilape|Fire\n|move|p1a: Mia Fey|Dazzling Gleam|p2b: Annihilape|[spread] p2a,p2b\n|-resisted|p2a: Amoonguss\n|-resisted|p2b: Annihilape\n|-damage|p2a: Amoonguss|70\/100\n|-damage|p2b: Annihilape|85\/100\n|move|p2b: Annihilape|Rage Fist|p1a: Mia Fey\n|-supereffective|p1a: Mia Fey\n|-damage|p1a: Mia Fey|0 fnt\n|faint|p1a: Mia Fey\n|-end|p1a: Mia Fey|Protosynthesis|[silent]\n|cant|p1b: Fruit-loops|slp\n|move|p2a: Amoonguss|Pollen Puff|p2b: Annihilape\n|-heal|p2b: Annihilape|100\/100\n|\n|upkeep\n|\n|t:|1683017929\n|switch|p1a: Mayo|Dondozo, L50, F, shiny|100\/100\n|turn|3\n|\n|t:|1683017954\n|switch|p2a: Rotom|Rotom-Wash, L50|100\/100\n|move|p1a: Mayo|Protect|p1a: Mayo\n|-singleturn|p1a: Mayo|Protect\n|move|p2b: Annihilape|Rage Fist|p1b: Fruit-loops\n|-damage|p1b: Fruit-loops|70\/100 slp\n|-curestatus|p1b: Fruit-loops|slp|[msg]\n|move|p1b: Fruit-loops|Fissure|p2b: Annihilape\n|-damage|p2b: Annihilape|0 fnt\n|faint|p2b: Annihilape\n|-ohko\n|\n|upkeep\n|\n|t:|1683017973\n|switch|p2b: Arcanine|Arcanine, L50, F|100\/100\n|-ability|p2b: Arcanine|Intimidate|boost\n|-unboost|p1a: Mayo|atk|1\n|-unboost|p1b: Fruit-loops|atk|1\n|turn|4\n|c|\u2606LoafOfGodlyBread|i need to stop cooking\n|c|\u2606HoodWNKD|nah bro this is the grand finale of masterchef\n|c|\u2606HoodWNKD|never stop cooking\n|\n|t:|1683018034\n|switch|p2b: Amoonguss|Amoonguss, L50, M|100\/100\n|move|p2a: Rotom|Nasty Plot|p2a: Rotom\n|-boost|p2a: Rotom|spa|2\n|move|p1a: Mayo|Wave Crash|p2b: Amoonguss\n|-resisted|p2b: Amoonguss\n|-damage|p2b: Amoonguss|87\/100\n|-damage|p1a: Mayo|84\/100|[from] item: Rocky Helmet|[of] p2b: Amoonguss\n|-damage|p1a: Mayo|80\/100|[from] Recoil\n|move|p1b: Fruit-loops|Throat Chop|p2a: Rotom\n|-damage|p2a: Rotom|69\/100\n|-start|p2a: Rotom|Throat Chop|[silent]\n|\n|-heal|p1a: Mayo|86\/100|[from] item: Leftovers\n|upkeep\n|turn|5\n|\n|t:|1683018063\n|move|p1a: Mayo|Protect|p1a: Mayo\n|-singleturn|p1a: Mayo|Protect\n|move|p2a: Rotom|Thunderbolt|p1a: Mayo\n|-activate|p1a: Mayo|move: Protect\n|move|p1b: Fruit-loops|Throat Chop|p2a: Rotom\n|-damage|p2a: Rotom|42\/100\n|move|p2b: Amoonguss|Pollen Puff|p2a: Rotom\n|-heal|p2a: Rotom|92\/100\n|\n|-heal|p1a: Mayo|92\/100|[from] item: Leftovers\n|-end|p2a: Rotom|Throat Chop|[silent]\n|upkeep\n|turn|6\n|\n|t:|1683018085\n|switch|p1b: Imposter|Tatsugiri-Droopy, L50, M|100\/100\n|-activate|p1b: Imposter|ability: Commander|[of] p1a: Mayo\n|-boost|p1a: Mayo|atk|2\n|-boost|p1a: Mayo|spa|2\n|-boost|p1a: Mayo|spe|2\n|-boost|p1a: Mayo|def|2\n|-boost|p1a: Mayo|spd|2\n|move|p1a: Mayo|Facade|p2a: Rotom\n|-damage|p2a: Rotom|60\/100\n|move|p2a: Rotom|Thunderbolt|p1a: Mayo\n|-supereffective|p1a: Mayo\n|-damage|p1a: Mayo|37\/100\n|-damage|p2a: Rotom|50\/100|[from] item: Life Orb\n|move|p2b: Amoonguss|Spore|p1b: Imposter|[miss]\n|-miss|p2b: Amoonguss|p1b: Imposter\n|\n|-heal|p1a: Mayo|43\/100|[from] item: Leftovers\n|upkeep\n|turn|7\n|\n|t:|1683018112\n|move|p2b: Amoonguss|Rage Powder|p2b: Amoonguss\n|-singleturn|p2b: Amoonguss|move: Rage Powder\n|move|p1a: Mayo|Wave Crash|p2b: Amoonguss\n|-resisted|p2b: Amoonguss\n|-damage|p2b: Amoonguss|58\/100\n|-damage|p1a: Mayo|27\/100|[from] item: Rocky Helmet|[of] p2b: Amoonguss\n|-damage|p1a: Mayo|17\/100|[from] Recoil\n|move|p2a: Rotom|Thunderbolt|p1a: Mayo\n|-supereffective|p1a: Mayo\n|-damage|p1a: Mayo|0 fnt\n|faint|p1a: Mayo\n|-damage|p2a: Rotom|40\/100|[from] item: Life Orb\n|\n|upkeep\n|c|\u2606LoafOfGodlyBread|and i've just been called an idiot sandwich by ramsey\n|\n|t:|1683018139\n|switch|p1a: Fruit-loops|Ting-Lu, L50, tera:Water|70\/100\n|-ability|p1a: Fruit-loops|Vessel of Ruin\n|turn|8\n|c|\u2606HoodWNKD|its all good, chef\n|\n|t:|1683018152\n|switch|p2b: Arcanine|Arcanine, L50, F|100\/100\n|-ability|p2b: Arcanine|Intimidate|boost\n|-unboost|p1a: Fruit-loops|atk|1\n|-unboost|p1b: Imposter|atk|1\n|move|p2a: Rotom|Protect|p2a: Rotom\n|-singleturn|p2a: Rotom|Protect\n|move|p1b: Imposter|Icy Wind|p2b: Arcanine|[spread] p2b\n|-activate|p2a: Rotom|move: Protect\n|-resisted|p2b: Arcanine\n|-damage|p2b: Arcanine|94\/100\n|-unboost|p2b: Arcanine|spe|1\n|move|p1a: Fruit-loops|Throat Chop|p2a: Rotom\n|-activate|p2a: Rotom|move: Protect\n|\n|upkeep\n|turn|9\n|\n|t:|1683018179\n|move|p1b: Imposter|Icy Wind|p2a: Rotom|[spread] p2a,p2b\n|-resisted|p2a: Rotom\n|-resisted|p2b: Arcanine\n|-damage|p2a: Rotom|32\/100\n|-damage|p2b: Arcanine|87\/100\n|-unboost|p2a: Rotom|spe|1\n|-unboost|p2b: Arcanine|spe|1\n|move|p2a: Rotom|Thunderbolt|p1b: Imposter\n|-damage|p1b: Imposter|0 fnt\n|faint|p1b: Imposter\n|-damage|p2a: Rotom|23\/100|[from] item: Life Orb\n|move|p1a: Fruit-loops|Throat Chop|p2a: Rotom\n|-damage|p2a: Rotom|0 fnt\n|faint|p2a: Rotom\n|move|p2b: Arcanine|Will-O-Wisp|p1a: Fruit-loops|[miss]\n|-miss|p2b: Arcanine|p1a: Fruit-loops\n|\n|upkeep\n|\n|t:|1683018193\n|switch|p2a: Amoonguss|Amoonguss, L50, M|91\/100\n|turn|10\n|\n|t:|1683018200\n|move|p2b: Arcanine|Extreme Speed|p1a: Fruit-loops\n|-damage|p1a: Fruit-loops|53\/100\n|move|p1a: Fruit-loops|Fissure|p2b: Arcanine|[miss]\n|-miss|p1a: Fruit-loops|p2b: Arcanine\n|move|p2a: Amoonguss|Spore|p1a: Fruit-loops\n|-status|p1a: Fruit-loops|slp|[from] move: Spore\n|\n|upkeep\n|turn|11\n|\n|t:|1683018215\n|move|p2b: Arcanine|Extreme Speed|p1a: Fruit-loops\n|-damage|p1a: Fruit-loops|38\/100 slp\n|cant|p1a: Fruit-loops|slp\n|move|p2a: Amoonguss|Clear Smog|p2b: Arcanine\n|-damage|p2b: Arcanine|74\/100\n|-clearboost|p2b: Arcanine\n|\n|upkeep\n|turn|12\n|c|\u2606LoafOfGodlyBread|just cooked my last course\n|c|\u2606HoodWNKD|gg chef\n|c|\u2606LoafOfGodlyBread|gg\n|\n|t:|1683018229\n|move|p2b: Arcanine|Extreme Speed|p1a: Fruit-loops\n|-damage|p1a: Fruit-loops|21\/100 slp\n|cant|p1a: Fruit-loops|slp\n|move|p2a: Amoonguss|Pollen Puff|p2b: Arcanine\n|-heal|p2b: Arcanine|100\/100\n|\n|upkeep\n|turn|13\n|\n|t:|1683018238\n|move|p2b: Arcanine|Extreme Speed|p1a: Fruit-loops\n|-damage|p1a: Fruit-loops|4\/100 slp\n|move|p2a: Amoonguss|Rage Powder|p2a: Amoonguss\n|-singleturn|p2a: Amoonguss|move: Rage Powder\n|cant|p1a: Fruit-loops|slp\n|\n|upkeep\n|turn|14\n|\n|t:|1683018246\n|move|p2b: Arcanine|Extreme Speed|p1a: Fruit-loops\n|-damage|p1a: Fruit-loops|0 fnt\n|faint|p1a: Fruit-loops\n|\n|win|HoodWNKD\n|n|\u2606LoafOfGodlyBread|loafofgodlybread\n|n|\u2606HoodWNKD|hoodwnkd\n|n| Finabas|finabas\n","uploadtime":1683018247,"views":15,"p1id":"loafofgodlybread","p2id":"hoodwnkd","formatid":"gen9vgc2023regulationc","rating":0,"private":0,"password":""}