{"id":"gen9vgc2023regulationc-1857283759","p1":"GB Seraphix","p2":"Masarute2","format":"[Gen 9] VGC 2023 Regulation C","log":"|j|\u2606GB Seraphix\n|j|\u2606Masarute2\n|t:|1683167668\n|gametype|doubles\n|player|p1|GB Seraphix|rosa|1119\n|player|p2|Masarute2|hilbert-wonderlauncher|1063\n|teamsize|p1|6\n|teamsize|p2|6\n|gen|9\n|tier|[Gen 9] VGC 2023 Regulation C\n|rated|\n|rule|Species Clause: Limit one of each Pok\u00e9mon\n|rule|Item Clause: Limit one of each item\n|clearpoke\n|poke|p1|Lurantis, L50, F|\n|poke|p1|Hatterene, L50, F|\n|poke|p1|Torkoal, L50, M|\n|poke|p1|Indeedee-F, L50, F|\n|poke|p1|Oranguru, L50, M|\n|poke|p1|Hariyama, L50, M|\n|poke|p2|Pelipper, L50, F|\n|poke|p2|Clodsire, L50, M|\n|poke|p2|Klefki, L50, M|\n|poke|p2|Goodra, L50, M|\n|poke|p2|Barraskewda, L50, M|\n|poke|p2|Beartic, L50, M|\n|teampreview|4\n|inactive|Battle timer is ON: inactive players will automatically lose when time's up. (requested by Masarute2)\n|\n|t:|1683167715\n|start\n|switch|p1a: Sambalilo|Hatterene, L50, F|100\/100\n|switch|p1b: Ganryu|Hariyama, L50, M|100\/100\n|switch|p2a: Pelipper|Pelipper, L50, F|100\/100\n|switch|p2b: Clodsire|Clodsire, L50, M|100\/100\n|-weather|RainDance|[from] ability: Drizzle|[of] p2a: Pelipper\n|turn|1\n|\n|t:|1683167738\n|switch|p1b: Preggy|Indeedee-F, L50, F|100\/100\n|-fieldstart|move: Psychic Terrain|[from] ability: Psychic Surge|[of] p1b: Preggy\n|-enditem|p1b: Preggy|Psychic Seed\n|-boost|p1b: Preggy|spd|1|[from] item: Psychic Seed\n|move|p2a: Pelipper|Tailwind|p2a: Pelipper\n|-sidestart|p2: Masarute2|move: Tailwind\n|move|p2b: Clodsire|Earthquake|p1b: Preggy|[spread] p1a,p1b\n|-immune|p2a: Pelipper\n|-damage|p1a: Sambalilo|76\/100\n|-damage|p1b: Preggy|82\/100\n|move|p1a: Sambalilo|Trick Room|p1a: Sambalilo\n|-fieldstart|move: Trick Room|[of] p1a: Sambalilo\n|\n|-weather|RainDance|[upkeep]\n|upkeep\n|turn|2\n|inactive|GB Seraphix has 30 seconds left.\n|inactive|Masarute2 has 30 seconds left.\n|\n|t:|1683167763\n|move|p1b: Preggy|Helping Hand|p1a: Sambalilo\n|-singleturn|p1a: Sambalilo|Helping Hand|[of] p1b: Preggy\n|move|p1a: Sambalilo|Dazzling Gleam|p2a: Pelipper|[spread] p2a,p2b\n|-resisted|p2b: Clodsire\n|-damage|p2a: Pelipper|0 fnt\n|-damage|p2b: Clodsire|81\/100\n|faint|p2a: Pelipper\n|-damage|p1a: Sambalilo|67\/100|[from] item: Life Orb\n|move|p2b: Clodsire|Poison Jab|p1a: Sambalilo\n|-supereffective|p1a: Sambalilo\n|-damage|p1a: Sambalilo|17\/100\n|-status|p1a: Sambalilo|psn\n|\n|-weather|RainDance|[upkeep]\n|-heal|p2b: Clodsire|87\/100|[from] item: Black Sludge\n|-damage|p1a: Sambalilo|6\/100 psn|[from] psn\n|upkeep\n|\n|t:|1683167785\n|switch|p2a: Klefki|Klefki, L50, M|100\/100\n|turn|3\n|\n|t:|1683167793\n|move|p1b: Preggy|Helping Hand|p1a: Sambalilo\n|-singleturn|p1a: Sambalilo|Helping Hand|[of] p1b: Preggy\n|move|p2a: Klefki|Light Screen|p2a: Klefki\n|-sidestart|p2: Masarute2|move: Light Screen\n|move|p1a: Sambalilo|Psychic|p2b: Clodsire\n|-supereffective|p2b: Clodsire\n|-damage|p2b: Clodsire|0 fnt\n|faint|p2b: Clodsire\n|-damage|p1a: Sambalilo|0 fnt|[from] item: Life Orb\n|faint|p1a: Sambalilo\n|\n|-weather|RainDance|[upkeep]\n|upkeep\n|\n|t:|1683167804\n|switch|p1a: Pawikan|Torkoal, L50, M|100\/100\n|switch|p2b: Goodra|Goodra, L50, M|100\/100\n|-weather|SunnyDay|[from] ability: Drought|[of] p1a: Pawikan\n|turn|4\n|\n|t:|1683167819\n|-terastallize|p1a: Pawikan|Fire\n|move|p1b: Preggy|Helping Hand|p1a: Pawikan\n|-singleturn|p1a: Pawikan|Helping Hand|[of] p1b: Preggy\n|move|p2a: Klefki|Rain Dance|p2a: Klefki\n|-weather|RainDance\n|move|p1a: Pawikan|Eruption|p2b: Goodra|[spread] p2a,p2b\n|-supereffective|p2a: Klefki\n|-resisted|p2b: Goodra\n|-damage|p2a: Klefki|32\/100\n|-damage|p2b: Goodra|94\/100\n|move|p2b: Goodra|Thunder|p1b: Preggy\n|-damage|p1b: Preggy|59\/100\n|\n|-weather|RainDance|[upkeep]\n|-heal|p2a: Klefki|38\/100|[from] item: Leftovers\n|-sideend|p2: Masarute2|move: Tailwind\n|upkeep\n|turn|5\n|inactive|Masarute2 has 30 seconds left.\n|\n|t:|1683167851\n|move|p1b: Preggy|Helping Hand|p1a: Pawikan\n|-singleturn|p1a: Pawikan|Helping Hand|[of] p1b: Preggy\n|move|p1a: Pawikan|Eruption|p2b: Goodra|[spread] p2a,p2b\n|-supereffective|p2a: Klefki\n|-resisted|p2b: Goodra\n|-damage|p2a: Klefki|0 fnt\n|-damage|p2b: Goodra|87\/100\n|faint|p2a: Klefki\n|move|p2b: Goodra|Surf|p1b: Preggy|[spread] p1a,p1b\n|-supereffective|p1a: Pawikan\n|-damage|p1a: Pawikan|13\/100\n|-damage|p1b: Preggy|38\/100\n|\n|-weather|RainDance|[upkeep]\n|-fieldend|move: Trick Room\n|-fieldend|move: Psychic Terrain\n|upkeep\n|turn|6\n|\n|t:|1683167865\n|move|p1a: Pawikan|Protect|p1a: Pawikan\n|-singleturn|p1a: Pawikan|Protect\n|move|p2b: Goodra|Surf|p1b: Preggy|[spread] p1b\n|-activate|p1a: Pawikan|move: Protect\n|-damage|p1b: Preggy|17\/100\n|move|p1b: Preggy|Trick Room|p1b: Preggy\n|-fieldstart|move: Trick Room|[of] p1b: Preggy\n|\n|-weather|RainDance|[upkeep]\n|upkeep\n|turn|7\n|\n|t:|1683167883\n|move|p1b: Preggy|Helping Hand|p1a: Pawikan\n|-singleturn|p1a: Pawikan|Helping Hand|[of] p1b: Preggy\n|move|p1a: Pawikan|Heat Wave|p2b: Goodra\n|-resisted|p2b: Goodra\n|-damage|p2b: Goodra|81\/100\n|move|p2b: Goodra|Surf|p1a: Pawikan|[spread] p1a,p1b\n|-supereffective|p1a: Pawikan\n|-crit|p1b: Preggy\n|-damage|p1a: Pawikan|0 fnt\n|-damage|p1b: Preggy|0 fnt\n|faint|p1a: Pawikan\n|faint|p1b: Preggy\n|\n|-weather|RainDance|[upkeep]\n|-sideend|p2: Masarute2|move: Light Screen\n|upkeep\n|\n|t:|1683167896\n|switch|p1a: Ganryu|Hariyama, L50, M|100\/100\n|turn|8\n|\n|t:|1683167908\n|move|p1a: Ganryu|Knock Off|p2b: Goodra\n|-damage|p2b: Goodra|32\/100\n|-enditem|p2b: Goodra|Assault Vest|[from] move: Knock Off|[of] p1a: Ganryu\n|move|p2b: Goodra|Thunder|p1a: Ganryu\n|-damage|p1a: Ganryu|68\/100\n|\n|-weather|none\n|-status|p1a: Ganryu|brn|[from] item: Flame Orb\n|upkeep\n|turn|9\n|\n|t:|1683167920\n|-terastallize|p2b: Goodra|Dragon\n|move|p1a: Ganryu|Close Combat|p2b: Goodra\n|-damage|p2b: Goodra|0 fnt\n|-unboost|p1a: Ganryu|def|1\n|-unboost|p1a: Ganryu|spd|1\n|faint|p2b: Goodra\n|\n|win|GB Seraphix\n|raw|GB Seraphix's rating: 1119 → 1140<\/strong> (+21 for winning)\n|raw|Masarute2's rating: 1063 → 1047<\/strong> (-16 for losing)\n|l|\u2606Masarute2\n","uploadtime":1683167929,"views":11,"p1id":"gbseraphix","p2id":"masarute2","formatid":"gen9vgc2023regulationc","rating":1047,"private":0,"password":""}