{"id":"gen9vgc2023regulationc-1844996454","p1":"Micciu20250","p2":"Alekso","format":"[Gen 9] VGC 2023 Regulation C","log":"|j|\u2606Micciu20250\n|j|\u2606Alekso\n|t:|1681672228\n|gametype|doubles\n|player|p1|Micciu20250|dawn-gen4pt|\n|player|p2|Alekso|lucas|\n|teamsize|p1|6\n|teamsize|p2|6\n|gen|9\n|tier|[Gen 9] VGC 2023 Regulation C\n|rule|Species Clause: Limit one of each Pok\u00e9mon\n|rule|Item Clause: Limit one of each item\n|clearpoke\n|poke|p1|Maushold, L50|\n|poke|p1|Gholdengo, L50|\n|poke|p1|Dragonite, L50, M|\n|poke|p1|Kingambit, L50, F|\n|poke|p1|Chien-Pao, L50|\n|poke|p1|Garchomp, L50, F|\n|poke|p2|Amoonguss, L50, F|\n|poke|p2|Talonflame, L50, F|\n|poke|p2|Garchomp, L50, F|\n|poke|p2|Chien-Pao, L50|\n|poke|p2|Flutter Mane, L50|\n|poke|p2|Rotom-Wash, L50|\n|teampreview|4\n|c|\u2606Micciu20250|G2\n|j| Mimilucha\n|j| Sharow\n|j| Neco0s\n|j| Beka\n|l| Beka\n|j| Beka\n|j| DonSalvatore\n|j| SiTuM.\n|j| John1240\nMicciu20250 has agreed to open team sheets.\n|j| Sirwings\n|j| Nineveh\nAlekso has agreed to open team sheets.\n|j| Toadow\n|j|+Tuthur\n|j| Quartos\n|l| Beka\n|j| Masskeauuu\n|j| CaptainEikichi\n|j| useless sentiments\n|c|+Tuthur|ALLEZ ALEKSO\n|j| EvianOCB\n|c|+Tuthur|MONTRE LEUR\n|l| EvianOCB\n|c|+Tuthur|PREPAPRE LE TERRAIN POUR RIYAD DE RIYADLAND\n|l| CaptainEikichi\n|j| EvianOCB\n|c| EvianOCB|Alekso tu dois \u00eatre \u00e9clatant comme CBUM\n|j| BlazingDark\n|\n|t:|1681673039\n|start\n|switch|p1a: Alola Mon Ami|Dragonite, L50, M|100\/100\n|switch|p1b: :bontoutou:|Chien-Pao, L50|100\/100\n|switch|p2a: Talonflame|Talonflame, L50, F|100\/100\n|switch|p2b: Garchomp|Garchomp, L50, F|100\/100\n|-ability|p1b: :bontoutou:|Sword of Ruin\n|turn|1\n|j|+Unamed\n|j| CaptainEikichi\n|j| Hurtadoo\n|j| Bilel Jean\n|\n|t:|1681673069\n|-terastallize|p2b: Garchomp|Fire\n|move|p2a: Talonflame|Tailwind|p2a: Talonflame\n|-sidestart|p2: Alekso|move: Tailwind\n|move|p2b: Garchomp|Dragon Claw|p1b: :bontoutou:\n|-crit|p1b: :bontoutou:\n|-enditem|p1b: :bontoutou:|Focus Sash\n|-damage|p1b: :bontoutou:|1\/100\n|-damage|p2b: Garchomp|91\/100|[from] item: Life Orb\n|move|p1b: :bontoutou:|Ice Spinner|p2a: Talonflame\n|-damage|p2a: Talonflame|37\/100\n|move|p1a: Alola Mon Ami|Tailwind|p1a: Alola Mon Ami\n|-sidestart|p1: Micciu20250|move: Tailwind\n|\n|upkeep\n|turn|2\n|j| Farfetch'best\n|l| Bilel Jean\n|\n|t:|1681673089\n|-terastallize|p1a: Alola Mon Ami|Flying\n|move|p1b: :bontoutou:|Ice Spinner|p2a: Talonflame\n|-damage|p2a: Talonflame|0 fnt\n|faint|p2a: Talonflame\n|move|p2b: Garchomp|Dragon Claw|p1a: Alola Mon Ami\n|-damage|p1a: Alola Mon Ami|68\/100\n|-damage|p2b: Garchomp|81\/100|[from] item: Life Orb\n|move|p1a: Alola Mon Ami|Tera Blast|p2b: Garchomp\n|-damage|p2b: Garchomp|12\/100\n|\n|upkeep\n|\n|t:|1681673104\n|switch|p2a: Chien-Pao|Chien-Pao, L50|100\/100\n|-ability|p2a: Chien-Pao|Sword of Ruin\n|turn|3\n|j| Hyss\n|\n|t:|1681673137\n|move|p1b: :bontoutou:|Protect|p1b: :bontoutou:\n|-singleturn|p1b: :bontoutou:|Protect\n|move|p1a: Alola Mon Ami|Extreme Speed|p2b: Garchomp\n|-damage|p2b: Garchomp|0 fnt\n|-damage|p1a: Alola Mon Ami|56\/100|[from] ability: Rough Skin|[of] p2b: Garchomp\n|faint|p2b: Garchomp\n|move|p2a: Chien-Pao|Sucker Punch||[still]\n|-fail|p2a: Chien-Pao\n|\n|upkeep\n|j| KyogreF4N\n|\n|t:|1681673142\n|switch|p2b: Flutter Mane|Flutter Mane, L50|100\/100\n|-enditem|p2b: Flutter Mane|Booster Energy\n|-activate|p2b: Flutter Mane|ability: Protosynthesis|[fromitem]\n|-start|p2b: Flutter Mane|protosynthesisspa\n|turn|4\n|j| RandomDuVGCFR\n|l| EvianOCB\n|l| BlazingDark\n|j| littlepops\n|\n|t:|1681673216\n|switch|p1b: S\u00e9rie 1 Clause|Garchomp, L50, F, shiny|100\/100\n|move|p1a: Alola Mon Ami|Extreme Speed|p2a: Chien-Pao\n|-damage|p2a: Chien-Pao|58\/100\n|move|p2a: Chien-Pao|Sucker Punch||[still]\n|-fail|p2a: Chien-Pao\n|move|p2b: Flutter Mane|Moonblast|p1a: Alola Mon Ami\n|-damage|p1a: Alola Mon Ami|0 fnt\n|faint|p1a: Alola Mon Ami\n|\n|-sideend|p1: Micciu20250|move: Tailwind\n|-sideend|p2: Alekso|move: Tailwind\n|upkeep\n|\n|t:|1681673228\n|switch|p1a: :bontoutou:|Chien-Pao, L50|1\/100\n|-ability|p1a: :bontoutou:|Sword of Ruin\n|turn|5\n|\n|t:|1681673238\n|move|p2a: Chien-Pao|Sucker Punch|p1a: :bontoutou:\n|-resisted|p1a: :bontoutou:\n|-damage|p1a: :bontoutou:|0 fnt\n|faint|p1a: :bontoutou:\n|move|p2b: Flutter Mane|Moonblast|p1b: S\u00e9rie 1 Clause\n|-supereffective|p1b: S\u00e9rie 1 Clause\n|-damage|p1b: S\u00e9rie 1 Clause|0 fnt\n|faint|p1b: S\u00e9rie 1 Clause\n|\n|upkeep\n|j| Beka\n|\n|t:|1681673241\n|switch|p1a: Eh Oh Sois Cool|Gholdengo, L50|100\/100\n|turn|6\n|c|\u2606Micciu20250|sorry team\n|l| Hyss\n|\n|t:|1681673252\n|move|p2a: Chien-Pao|Sucker Punch|p1a: Eh Oh Sois Cool\n|-supereffective|p1a: Eh Oh Sois Cool\n|-damage|p1a: Eh Oh Sois Cool|7\/100\n|move|p2b: Flutter Mane|Shadow Ball|p1a: Eh Oh Sois Cool\n|-supereffective|p1a: Eh Oh Sois Cool\n|-damage|p1a: Eh Oh Sois Cool|0 fnt\n|faint|p1a: Eh Oh Sois Cool\n|\n|win|Alekso\n|c|\u2606Micciu20250|ggs\n|c|\u2606Alekso|gg\n|l| CaptainEikichi\n|l| DonSalvatore\n|l|\u2606Micciu20250\n|j| EvianOCB\n|l|+Tuthur\n|l| Masskeauuu\n|l|+Unamed\n|l| Beka\n|l| littlepops\n|l| useless sentiments\n|l| RandomDuVGCFR\n|l| EvianOCB\n|l| Sharow\n|j| Obithanhax\n|l| Farfetch'best\n|l| Obithanhax\n|l| SiTuM.\n|l|\u2606Alekso\n|l| John1240\n|l| KyogreF4N\n|l| Nineveh\n|l| Neco0s\n|j|+Tuthur\n","uploadtime":1681673296,"views":17,"p1id":"micciu20250","p2id":"alekso","formatid":"gen9vgc2023regulationc","rating":0,"private":0,"password":""}