{"id":"gen9vgc2023regulationc-1851596604","p1":"test team acct","p2":"Shark_enjoyer1","format":"[Gen 9] VGC 2023 Regulation C","log":"|j|\u2606test team acct\n|j|\u2606Shark_enjoyer1\n|t:|1682459441\n|gametype|doubles\n|player|p1|test team acct|266|1138\n|player|p2|Shark_enjoyer1|steven|1190\n|teamsize|p1|6\n|teamsize|p2|6\n|gen|9\n|tier|[Gen 9] VGC 2023 Regulation C\n|rated|\n|rule|Species Clause: Limit one of each Pok\u00e9mon\n|rule|Item Clause: Limit one of each item\n|clearpoke\n|poke|p1|Chi-Yu, L50|\n|poke|p1|Wo-Chien, L50|\n|poke|p1|Torkoal, L50, F|\n|poke|p1|Annihilape, L50, M|\n|poke|p1|Rabsca, L50, F|\n|poke|p1|Gothorita, L50, M|\n|poke|p2|Baxcalibur, L50, M|\n|poke|p2|Maushold-Four, L50|\n|poke|p2|Iron Bundle, L50|\n|poke|p2|Dondozo, L50, M|\n|poke|p2|Tatsugiri-Stretchy, L50, F|\n|poke|p2|Amoonguss, L50, F|\n|teampreview|4\n|inactive|Battle timer is ON: inactive players will automatically lose when time's up. (requested by test team acct)\n|\n|t:|1682459462\n|start\n|switch|p1a: Wo-Chien|Wo-Chien, L50|100\/100\n|switch|p1b: Gothorita|Gothorita, L50, M|100\/100\n|switch|p2a: Maushold|Maushold-Four, L50|100\/100\n|switch|p2b: Iron Bundle|Iron Bundle, L50|100\/100\n|-ability|p1a: Wo-Chien|Tablets of Ruin\n|turn|1\n|\n|t:|1682459481\n|-terastallize|p1a: Wo-Chien|Dark\n|move|p2b: Iron Bundle|Protect|p2b: Iron Bundle\n|-singleturn|p2b: Iron Bundle|Protect\n|move|p1b: Gothorita|Fake Out|p2b: Iron Bundle\n|-activate|p2b: Iron Bundle|move: Protect\n|move|p2a: Maushold|Taunt|p1b: Gothorita\n|-start|p1b: Gothorita|move: Taunt\n|move|p1a: Wo-Chien|Leech Seed|p2a: Maushold\n|-start|p2a: Maushold|move: Leech Seed\n|\n|-damage|p2a: Maushold|88\/100|[from] Leech Seed|[of] p1a: Wo-Chien\n|upkeep\n|turn|2\n|inactive|Shark_enjoyer1 has 30 seconds left.\n|\n|t:|1682459507\n|move|p1a: Wo-Chien|Protect|p1a: Wo-Chien\n|-singleturn|p1a: Wo-Chien|Protect\n|move|p2b: Iron Bundle|Freeze-Dry|p1b: Gothorita\n|-damage|p1b: Gothorita|66\/100\n|-status|p1b: Gothorita|frz\n|move|p2a: Maushold|Super Fang|p1b: Gothorita|[miss]\n|-miss|p2a: Maushold|p1b: Gothorita\n|cant|p1b: Gothorita|frz\n|\n|-damage|p2a: Maushold|76\/100|[from] Leech Seed|[of] p1a: Wo-Chien\n|upkeep\n|turn|3\n|inactive|test team acct has 30 seconds left.\n|\n|t:|1682459534\n|move|p2b: Iron Bundle|Encore|p1a: Wo-Chien\n|-start|p1a: Wo-Chien|Encore\n|move|p2a: Maushold|Super Fang|p1b: Gothorita|[miss]\n|-miss|p2a: Maushold|p1b: Gothorita\n|move|p1a: Wo-Chien|Protect||[still]\n|-fail|p1a: Wo-Chien\n|cant|p1b: Gothorita|frz\n|\n|-damage|p2a: Maushold|64\/100|[from] Leech Seed|[of] p1a: Wo-Chien\n|upkeep\n|turn|4\n|\n|t:|1682459547\n|move|p1a: Wo-Chien|Protect|p1a: Wo-Chien\n|-singleturn|p1a: Wo-Chien|Protect\n|move|p2b: Iron Bundle|Freeze-Dry|p1a: Wo-Chien\n|-activate|p1a: Wo-Chien|move: Protect\n|move|p2a: Maushold|Super Fang|p1a: Wo-Chien\n|-activate|p1a: Wo-Chien|move: Protect\n|cant|p1b: Gothorita|frz\n|\n|-damage|p2a: Maushold|52\/100|[from] Leech Seed|[of] p1a: Wo-Chien\n|-end|p1b: Gothorita|move: Taunt\n|upkeep\n|turn|5\n|\n|t:|1682459561\n|move|p1a: Wo-Chien|Protect|p1a: Wo-Chien\n|-singleturn|p1a: Wo-Chien|Protect\n|move|p2b: Iron Bundle|Freeze-Dry|p1b: Gothorita\n|-damage|p1b: Gothorita|37\/100 frz\n|move|p2a: Maushold|Super Fang|p1b: Gothorita\n|-damage|p1b: Gothorita|19\/100 frz\n|cant|p1b: Gothorita|frz\n|\n|-damage|p2a: Maushold|40\/100|[from] Leech Seed|[of] p1a: Wo-Chien\n|-end|p1a: Wo-Chien|Encore\n|upkeep\n|turn|6\n|\n|t:|1682459586\n|-curestatus|p1b: Gothorita|frz|[msg]\n|move|p1b: Gothorita|Protect|p1b: Gothorita\n|-singleturn|p1b: Gothorita|Protect\n|move|p2b: Iron Bundle|Encore|p1a: Wo-Chien\n|-start|p1a: Wo-Chien|Encore\n|move|p2a: Maushold|Taunt|p1b: Gothorita\n|-activate|p1b: Gothorita|move: Protect\n|move|p1a: Wo-Chien|Protect||[still]\n|-fail|p1a: Wo-Chien\n|\n|-damage|p2a: Maushold|28\/100|[from] Leech Seed|[of] p1a: Wo-Chien\n|upkeep\n|turn|7\n|\n|t:|1682459608\n|switch|p1a: Torkoal|Torkoal, L50, F|100\/100\n|-weather|SunnyDay|[from] ability: Drought|[of] p1a: Torkoal\n|move|p2b: Iron Bundle|Freeze-Dry|p1b: Gothorita\n|-damage|p1b: Gothorita|0 fnt\n|faint|p1b: Gothorita\n|move|p2a: Maushold|Taunt|p1a: Torkoal\n|-start|p1a: Torkoal|move: Taunt\n|\n|-weather|SunnyDay|[upkeep]\n|-damage|p2a: Maushold|15\/100|[from] Leech Seed|[of] p1a: Torkoal\n|upkeep\n|\n|t:|1682459625\n|switch|p1b: Chi-Yu|Chi-Yu, L50|100\/100\n|-ability|p1b: Chi-Yu|Beads of Ruin\n|turn|8\n|\n|t:|1682459644\n|move|p1b: Chi-Yu|Heat Wave|p2b: Iron Bundle|[spread] p2a,p2b\n|-damage|p2a: Maushold|0 fnt\n|-enditem|p2b: Iron Bundle|Focus Sash\n|-damage|p2b: Iron Bundle|1\/100\n|faint|p2a: Maushold\n|move|p2b: Iron Bundle|Hydro Pump|p1a: Torkoal\n|-supereffective|p1a: Torkoal\n|-damage|p1a: Torkoal|0 fnt\n|faint|p1a: Torkoal\n|\n|-weather|SunnyDay|[upkeep]\n|upkeep\n|\n|t:|1682459655\n|switch|p2a: Dondozo|Dondozo, L50, M|100\/100\n|switch|p1a: Wo-Chien|Wo-Chien, L50, tera:Dark|100\/100\n|-ability|p1a: Wo-Chien|Tablets of Ruin\n|turn|9\n|\n|t:|1682459673\n|move|p1b: Chi-Yu|Heat Wave|p2b: Iron Bundle|[spread] p2a,p2b\n|-resisted|p2a: Dondozo\n|-damage|p2a: Dondozo|63\/100\n|-damage|p2b: Iron Bundle|0 fnt\n|faint|p2b: Iron Bundle\n|-end|p2b: Iron Bundle|Quark Drive|[silent]\n|move|p1a: Wo-Chien|Leech Seed|p2a: Dondozo\n|-start|p2a: Dondozo|move: Leech Seed\n|move|p2a: Dondozo|Substitute|p2a: Dondozo\n|-start|p2a: Dondozo|Substitute\n|-damage|p2a: Dondozo|39\/100\n|\n|-weather|SunnyDay|[upkeep]\n|-heal|p2a: Dondozo|45\/100|[from] item: Leftovers\n|-damage|p2a: Dondozo|32\/100|[from] Leech Seed|[of] p1a: Wo-Chien\n|upkeep\n|\n|t:|1682459676\n|switch|p2b: Tatsugiri|Tatsugiri-Stretchy, L50, F|100\/100\n|-activate|p2b: Tatsugiri|ability: Commander|[of] p2a: Dondozo\n|-boost|p2a: Dondozo|atk|2\n|-boost|p2a: Dondozo|spa|2\n|-boost|p2a: Dondozo|spe|2\n|-boost|p2a: Dondozo|def|2\n|-boost|p2a: Dondozo|spd|2\n|turn|10\n|\n|t:|1682459694\n|move|p1a: Wo-Chien|Protect|p1a: Wo-Chien\n|-singleturn|p1a: Wo-Chien|Protect\n|move|p1b: Chi-Yu|Heat Wave|p2b: Tatsugiri|[spread] p2a\n|-miss|p1b: Chi-Yu|p2b: Tatsugiri\n|-resisted|p2a: Dondozo\n|-activate|p2a: Dondozo|move: Substitute|[damage]\n|move|p2a: Dondozo|Wave Crash|p1b: Chi-Yu\n|-supereffective|p1b: Chi-Yu\n|-damage|p1b: Chi-Yu|0 fnt\n|faint|p1b: Chi-Yu\n|-damage|p2a: Dondozo|15\/100|[from] Recoil\n|\n|-weather|SunnyDay|[upkeep]\n|-heal|p2a: Dondozo|21\/100|[from] item: Leftovers\n|-damage|p2a: Dondozo|9\/100|[from] Leech Seed|[of] p1a: Wo-Chien\n|upkeep\n|turn|11\n|\n|t:|1682459708\n|move|p1a: Wo-Chien|Protect||[still]\n|-fail|p1a: Wo-Chien\n|move|p2a: Dondozo|Wave Crash|p1a: Wo-Chien\n|-damage|p1a: Wo-Chien|71\/100\n|-damage|p2a: Dondozo|1\/100|[from] Recoil\n|\n|-weather|SunnyDay|[upkeep]\n|-heal|p2a: Dondozo|7\/100|[from] item: Leftovers\n|-heal|p1a: Wo-Chien|77\/100|[from] item: Leftovers\n|-damage|p2a: Dondozo|0 fnt|[from] Leech Seed|[of] p1a: Wo-Chien\n|-heal|p1a: Wo-Chien|86\/100|[silent]\n|faint|p2a: Dondozo\n|upkeep\n|turn|12\n|\n|t:|1682459726\n|-terastallize|p2b: Tatsugiri|Dragon\n|move|p2b: Tatsugiri|Draco Meteor|p1a: Wo-Chien\n|-damage|p1a: Wo-Chien|30\/100\n|-unboost|p2b: Tatsugiri|spa|2\n|move|p1a: Wo-Chien|Leech Seed|p2b: Tatsugiri\n|-start|p2b: Tatsugiri|move: Leech Seed\n|\n|-weather|SunnyDay|[upkeep]\n|-heal|p1a: Wo-Chien|36\/100|[from] item: Leftovers\n|-damage|p2b: Tatsugiri|88\/100|[from] Leech Seed|[of] p1a: Wo-Chien\n|-heal|p1a: Wo-Chien|47\/100|[silent]\n|upkeep\n|turn|13\n|\n|t:|1682459736\n|move|p1a: Wo-Chien|Protect|p1a: Wo-Chien\n|-singleturn|p1a: Wo-Chien|Protect\n|move|p2b: Tatsugiri|Draco Meteor|p1a: Wo-Chien\n|-activate|p1a: Wo-Chien|move: Protect\n|\n|-weather|SunnyDay|[upkeep]\n|-heal|p1a: Wo-Chien|53\/100|[from] item: Leftovers\n|-damage|p2b: Tatsugiri|76\/100|[from] Leech Seed|[of] p1a: Wo-Chien\n|-heal|p1a: Wo-Chien|64\/100|[silent]\n|upkeep\n|turn|14\n|\n|t:|1682459748\n|move|p2b: Tatsugiri|Draco Meteor|p1a: Wo-Chien\n|-damage|p1a: Wo-Chien|31\/100\n|-unboost|p2b: Tatsugiri|spa|2\n|move|p1a: Wo-Chien|Pollen Puff|p2b: Tatsugiri\n|-damage|p2b: Tatsugiri|55\/100\n|\n|-weather|none\n|-heal|p1a: Wo-Chien|37\/100|[from] item: Leftovers\n|-damage|p2b: Tatsugiri|43\/100|[from] Leech Seed|[of] p1a: Wo-Chien\n|-heal|p1a: Wo-Chien|48\/100|[silent]\n|upkeep\n|turn|15\n|\n|t:|1682459759\n|move|p1a: Wo-Chien|Protect|p1a: Wo-Chien\n|-singleturn|p1a: Wo-Chien|Protect\n|move|p2b: Tatsugiri|Draco Meteor|p1a: Wo-Chien\n|-activate|p1a: Wo-Chien|move: Protect\n|\n|-heal|p1a: Wo-Chien|54\/100|[from] item: Leftovers\n|-damage|p2b: Tatsugiri|31\/100|[from] Leech Seed|[of] p1a: Wo-Chien\n|-heal|p1a: Wo-Chien|65\/100|[silent]\n|upkeep\n|turn|16\n|\n|t:|1682459768\n|move|p2b: Tatsugiri|Draco Meteor|p1a: Wo-Chien\n|-damage|p1a: Wo-Chien|45\/100\n|-unboost|p2b: Tatsugiri|spa|2\n|move|p1a: Wo-Chien|Ruination|p2b: Tatsugiri\n|-damage|p2b: Tatsugiri|16\/100\n|\n|-heal|p1a: Wo-Chien|52\/100|[from] item: Leftovers\n|-damage|p2b: Tatsugiri|4\/100|[from] Leech Seed|[of] p1a: Wo-Chien\n|-heal|p1a: Wo-Chien|62\/100|[silent]\n|upkeep\n|turn|17\n|\n|t:|1682459778\n|move|p1a: Wo-Chien|Protect|p1a: Wo-Chien\n|-singleturn|p1a: Wo-Chien|Protect\n|move|p2b: Tatsugiri|Draco Meteor|p1a: Wo-Chien\n|-activate|p1a: Wo-Chien|move: Protect\n|\n|-heal|p1a: Wo-Chien|69\/100|[from] item: Leftovers\n|-damage|p2b: Tatsugiri|0 fnt|[from] Leech Seed|[of] p1a: Wo-Chien\n|-heal|p1a: Wo-Chien|72\/100|[silent]\n|faint|p2b: Tatsugiri\n|\n|win|test team acct\n|upkeep\n|raw|test team acct's rating: 1138 → 1167<\/strong> (+29 for winning)\n|raw|Shark_enjoyer1's rating: 1190 → 1161<\/strong> (-29 for losing)\n|l|\u2606Shark_enjoyer1\n","uploadtime":1682459785,"views":20,"p1id":"testteamacct","p2id":"sharkenjoyer1","formatid":"gen9vgc2023regulationc","rating":1161,"private":0,"password":""}