{"id":"gen9vgc2023regulationc-1857554176","p1":"nik993","p2":"tommy2436","format":"[Gen 9] VGC 2023 Regulation C","log":"|j|\u2606nik993\n|j|\u2606tommy2436\n|t:|1683207727\n|gametype|doubles\n|player|p1|nik993|265|1527\n|player|p2|tommy2436|265|1458\n|teamsize|p1|6\n|teamsize|p2|6\n|gen|9\n|tier|[Gen 9] VGC 2023 Regulation C\n|rated|\n|rule|Species Clause: Limit one of each Pok\u00e9mon\n|rule|Item Clause: Limit one of each item\n|clearpoke\n|poke|p1|Palafin, L50, M|\n|poke|p1|Iron Hands, L50|\n|poke|p1|Amoonguss, L50, F|\n|poke|p1|Arcanine, L50, M|\n|poke|p1|Chien-Pao, L50|\n|poke|p1|Dragonite, L50, F|\n|poke|p2|Garchomp, L50, M|\n|poke|p2|Talonflame, L50, F|\n|poke|p2|Chien-Pao, L50|\n|poke|p2|Flutter Mane, L50|\n|poke|p2|Indeedee-F, L50, F|\n|poke|p2|Dragapult, L50, F|\n|teampreview|4\nnik993 has agreed to open team sheets.\n|inactive|Battle timer is ON: inactive players will automatically lose when time's up. (requested by nik993)\n|\n|t:|1683207773\n|start\n|switch|p1a: Iron Hands|Iron Hands, L50|100\/100\n|switch|p1b: Dragonite|Dragonite, L50, F|100\/100\n|switch|p2a: Indeedee|Indeedee-F, L50, F|100\/100\n|switch|p2b: Dragapult|Dragapult, L50, F|100\/100\n|-fieldstart|move: Psychic Terrain|[from] ability: Psychic Surge|[of] p2a: Indeedee\n|turn|1\n|inactive|nik993 has 30 seconds left.\n|inactive|tommy2436 has 30 seconds left.\n|\n|t:|1683207803\n|switch|p1b: Amoonguss|Amoonguss, L50, F|100\/100\n|move|p2b: Dragapult|Dragon Darts|p1b: Amoonguss\n|-damage|p1b: Amoonguss|70\/100\n|-anim|p2b: Dragapult|Dragon Darts|p1a: Iron Hands\n|-damage|p1a: Iron Hands|77\/100\n|move|p2a: Indeedee|Hyper Voice|p1a: Iron Hands|[spread] p1a,p1b\n|-damage|p1a: Iron Hands|65\/100\n|-damage|p1b: Amoonguss|48\/100\n|-enditem|p2a: Indeedee|Throat Spray\n|-boost|p2a: Indeedee|spa|1|[from] item: Throat Spray\n|move|p1a: Iron Hands|Drain Punch|p2a: Indeedee\n|-damage|p2a: Indeedee|46\/100\n|-heal|p1a: Iron Hands|85\/100|[from] drain|[of] p2a: Indeedee\n|\n|upkeep\n|turn|2\n|\n|t:|1683207828\n|switch|p2b: Garchomp|Garchomp, L50, M|100\/100\n|move|p1b: Amoonguss|Protect|p1b: Amoonguss\n|-singleturn|p1b: Amoonguss|Protect\n|move|p2a: Indeedee|Psyshock|p1b: Amoonguss\n|-activate|p1b: Amoonguss|move: Protect\n|move|p1a: Iron Hands|Drain Punch|p2a: Indeedee\n|-damage|p2a: Indeedee|0 fnt\n|-heal|p1a: Iron Hands|100\/100|[from] drain|[of] p2a: Indeedee\n|faint|p2a: Indeedee\n|\n|upkeep\n|\n|t:|1683207839\n|switch|p2a: Talonflame|Talonflame, L50, F|100\/100\n|turn|3\n|\n|t:|1683207852\n|-terastallize|p2b: Garchomp|Steel\n|move|p2a: Talonflame|Tailwind|p2a: Talonflame\n|-sidestart|p2: tommy2436|move: Tailwind\n|move|p2b: Garchomp|Swords Dance|p2b: Garchomp\n|-boost|p2b: Garchomp|atk|2\n|move|p1a: Iron Hands|Wild Charge|p2a: Talonflame\n|-supereffective|p2a: Talonflame\n|-damage|p2a: Talonflame|0 fnt\n|faint|p2a: Talonflame\n|-damage|p1a: Iron Hands|82\/100|[from] Recoil\n|move|p1b: Amoonguss|Spore|p2b: Garchomp\n|-status|p2b: Garchomp|slp|[from] move: Spore\n|-enditem|p2b: Garchomp|Lum Berry|[eat]\n|-curestatus|p2b: Garchomp|slp|[msg]\n|\n|upkeep\n|\n|t:|1683207867\n|switch|p2a: Dragapult|Dragapult, L50, F|100\/100\n|turn|4\n|inactive|nik993 has 30 seconds left.\n|inactive|nik993 has 20 seconds left.\n|\n|t:|1683207906\n|move|p1b: Amoonguss|Protect|p1b: Amoonguss\n|-singleturn|p1b: Amoonguss|Protect\n|move|p2a: Dragapult|Phantom Force||[still]\n|-prepare|p2a: Dragapult|Phantom Force\n|move|p2b: Garchomp|Earthquake|p1a: Iron Hands|[spread] p1a\n|-miss|p2b: Garchomp|p2a: Dragapult\n|-activate|p1b: Amoonguss|move: Protect\n|-supereffective|p1a: Iron Hands\n|-damage|p1a: Iron Hands|0 fnt\n|faint|p1a: Iron Hands\n|-end|p1a: Iron Hands|Quark Drive|[silent]\n|\n|upkeep\n|\n|t:|1683207929\n|switch|p1a: Chien-Pao|Chien-Pao, L50|100\/100\n|-ability|p1a: Chien-Pao|Sword of Ruin\n|turn|5\n|\n|t:|1683207940\n|move|p2a: Dragapult|Phantom Force|p1b: Amoonguss|[from]lockedmove\n|-damage|p1b: Amoonguss|0 fnt\n|-damage|p2a: Dragapult|84\/100|[from] item: Rocky Helmet|[of] p1b: Amoonguss\n|faint|p1b: Amoonguss\n|move|p2b: Garchomp|Rock Slide|p1a: Chien-Pao\n|-supereffective|p1a: Chien-Pao\n|-enditem|p1a: Chien-Pao|Focus Sash\n|-damage|p1a: Chien-Pao|1\/100\n|move|p1a: Chien-Pao|Ice Spinner|p2a: Dragapult\n|-supereffective|p2a: Dragapult\n|-damage|p2a: Dragapult|0 fnt\n|-fieldend|move: Psychic Terrain\n|faint|p2a: Dragapult\n|\n|upkeep\n|\n|t:|1683207949\n|switch|p1b: Dragonite|Dragonite, L50, F|100\/100\n|turn|6\n|\n|t:|1683207973\n|move|p1a: Chien-Pao|Sucker Punch|p2b: Garchomp\n|-damage|p2b: Garchomp|54\/100\n|-damage|p1a: Chien-Pao|0 fnt|[from] ability: Rough Skin|[of] p2b: Garchomp\n|faint|p1a: Chien-Pao\n|move|p2b: Garchomp|Rock Slide|p1b: Dragonite\n|-supereffective|p1b: Dragonite\n|-damage|p1b: Dragonite|0 fnt\n|faint|p1b: Dragonite\n|\n|win|tommy2436\n|raw|nik993's rating: 1527 → 1503<\/strong> (-24 for losing)\n|raw|tommy2436's rating: 1458 → 1482<\/strong> (+24 for winning)\n","uploadtime":1683207986,"views":5,"p1id":"nik993","p2id":"tommy2436","formatid":"gen9vgc2023regulationc","rating":1482,"private":0,"password":""}