{"id":"gen9vgc2023regulationc-1848048605","p1":"pls be kind to me","p2":"donpapa22","format":"[Gen 9] VGC 2023 Regulation C","log":"|j|\u2606pls be kind to me\n|j|\u2606donpapa22\n|t:|1682024080\n|gametype|doubles\n|player|p1|pls be kind to me|flannery|1134\n|player|p2|donpapa22|101|1093\n|teamsize|p1|6\n|teamsize|p2|6\n|gen|9\n|tier|[Gen 9] VGC 2023 Regulation C\n|rated|\n|rule|Species Clause: Limit one of each Pok\u00e9mon\n|rule|Item Clause: Limit one of each item\n|clearpoke\n|poke|p1|Chi-Yu, L50|\n|poke|p1|Flutter Mane, L50|\n|poke|p1|Corviknight, L50, F|\n|poke|p1|Baxcalibur, L50, M|\n|poke|p1|Scream Tail, L50|\n|poke|p1|Dachsbun, L50, F|\n|poke|p2|Dachsbun, L50, F|\n|poke|p2|Chi-Yu, L50|\n|poke|p2|Palafin, L50, F|\n|poke|p2|Farigiraf, L50, F|\n|poke|p2|Ting-Lu, L50|\n|poke|p2|Bisharp, L50, M|\n|teampreview|4\npls be kind to me has agreed to open team sheets.\n|\n|t:|1682024123\n|start\n|switch|p1a: Dachsbun|Dachsbun, L50, F|100\/100\n|switch|p1b: Baxcalibur|Baxcalibur, L50, M|100\/100\n|switch|p2a: Bisharp|Bisharp, L50, M|100\/100\n|switch|p2b: Palafin|Palafin, L50, F|100\/100\n|turn|1\n|\n|t:|1682024165\n|switch|p1b: Corviknight|Corviknight, L50, F, shiny|100\/100\n|-terastallize|p1a: Dachsbun|Steel\n|move|p2b: Palafin|Close Combat|p1b: Corviknight\n|-damage|p1b: Corviknight|82\/100\n|-unboost|p2b: Palafin|def|1\n|-unboost|p2b: Palafin|spd|1\n|move|p1a: Dachsbun|Body Press|p2a: Bisharp\n|-supereffective|p2a: Bisharp\n|-damage|p2a: Bisharp|38\/100\n|move|p2a: Bisharp|Iron Head|p1b: Corviknight\n|-resisted|p1b: Corviknight\n|-damage|p1b: Corviknight|66\/100\n|\n|upkeep\n|turn|2\n|inactive|Battle timer is ON: inactive players will automatically lose when time's up. (requested by pls be kind to me)\n|inactive|pls be kind to me has 60 seconds left.\n|\n|t:|1682024206\n|detailschange|p2b: Palafin|Palafin-Hero, L50, F\n|switch|p2b: Ting-Lu|Ting-Lu, L50|100\/100\n|-ability|p2b: Ting-Lu|Vessel of Ruin\n|move|p2a: Bisharp|Protect|p2a: Bisharp\n|-singleturn|p2a: Bisharp|Protect\n|move|p1a: Dachsbun|Body Press|p2a: Bisharp\n|-activate|p2a: Bisharp|move: Protect\n|move|p1b: Corviknight|Brave Bird|p2b: Ting-Lu\n|-damage|p2b: Ting-Lu|80\/100\n|-damage|p1b: Corviknight|57\/100|[from] Recoil\n|\n|upkeep\n|turn|3\n|inactive|donpapa22 has 30 seconds left.\n|inactive|donpapa22 has 20 seconds left.\n|inactive|donpapa22 has 15 seconds left.\n|\n|t:|1682024249\n|move|p1a: Dachsbun|Body Press|p2a: Bisharp\n|-supereffective|p2a: Bisharp\n|-damage|p2a: Bisharp|0 fnt\n|faint|p2a: Bisharp\n|move|p1b: Corviknight|Roost|p1b: Corviknight\n|-heal|p1b: Corviknight|100\/100\n|-singleturn|p1b: Corviknight|move: Roost\n|move|p2b: Ting-Lu|Fissure|p1a: Dachsbun|[miss]\n|-miss|p2b: Ting-Lu|p1a: Dachsbun\n|\n|upkeep\n|\n|t:|1682024260\n|switch|p2a: Palafin|Palafin-Hero, L50, F|100\/100\n|-activate|p2a: Palafin|ability: Zero to Hero\n|turn|4\n|\n|t:|1682024272\n|move|p2a: Palafin|Close Combat|p1a: Dachsbun\n|-supereffective|p1a: Dachsbun\n|-damage|p1a: Dachsbun|25\/100\n|-unboost|p2a: Palafin|def|1\n|-unboost|p2a: Palafin|spd|1\n|move|p1a: Dachsbun|Yawn|p2b: Ting-Lu\n|-start|p2b: Ting-Lu|move: Yawn|[of] p1a: Dachsbun\n|move|p1b: Corviknight|Tailwind|p1b: Corviknight\n|-sidestart|p1: pls be kind to me|move: Tailwind\n|move|p2b: Ting-Lu|Stomping Tantrum|p1a: Dachsbun\n|-supereffective|p1a: Dachsbun\n|-damage|p1a: Dachsbun|0 fnt\n|faint|p1a: Dachsbun\n|\n|upkeep\n|\n|t:|1682024291\n|switch|p1a: Scream Tail|Scream Tail, L50|100\/100\n|-enditem|p1a: Scream Tail|Booster Energy\n|-activate|p1a: Scream Tail|ability: Protosynthesis|[fromitem]\n|-start|p1a: Scream Tail|protosynthesisspe\n|turn|5\n|inactive|pls be kind to me has 30 seconds left.\n|\n|t:|1682024326\n|switch|p2a: Dachsbun|Dachsbun, L50, F|100\/100\n|move|p1a: Scream Tail|Dazzling Gleam|p2a: Dachsbun|[spread] p2a,p2b\n|-supereffective|p2b: Ting-Lu\n|-damage|p2a: Dachsbun|86\/100\n|-damage|p2b: Ting-Lu|61\/100\n|move|p1b: Corviknight|Brave Bird|p2a: Dachsbun\n|-damage|p2a: Dachsbun|58\/100\n|-damage|p1b: Corviknight|93\/100|[from] Recoil\n|move|p2b: Ting-Lu|Fissure|p1a: Scream Tail\n|-damage|p1a: Scream Tail|0 fnt\n|faint|p1a: Scream Tail\n|-end|p1a: Scream Tail|Protosynthesis|[silent]\n|-ohko\n|\n|-heal|p2a: Dachsbun|64\/100|[from] item: Leftovers\n|-end|p2b: Ting-Lu|move: Yawn|[silent]\n|-status|p2b: Ting-Lu|slp\n|upkeep\n|\n|t:|1682024335\n|switch|p1a: Baxcalibur|Baxcalibur, L50, M|100\/100\n|turn|6\n|\n|t:|1682024359\n|-terastallize|p2a: Dachsbun|Steel\n|move|p1a: Baxcalibur|Icicle Spear|p2a: Dachsbun\n|-resisted|p2a: Dachsbun\n|-damage|p2a: Dachsbun|58\/100\n|-resisted|p2a: Dachsbun\n|-damage|p2a: Dachsbun|51\/100\n|-resisted|p2a: Dachsbun\n|-damage|p2a: Dachsbun|44\/100\n|-resisted|p2a: Dachsbun\n|-damage|p2a: Dachsbun|38\/100\n|-hitcount|p2a: Dachsbun|4\n|move|p1b: Corviknight|Iron Head|p2a: Dachsbun\n|-resisted|p2a: Dachsbun\n|-damage|p2a: Dachsbun|29\/100\n|cant|p2a: Dachsbun|flinch\n|cant|p2b: Ting-Lu|slp\n|\n|-heal|p2a: Dachsbun|35\/100|[from] item: Leftovers\n|upkeep\n|turn|7\n|inactive|donpapa22 has 30 seconds left.\n|inactive|pls be kind to me has 30 seconds left.\n|inactive|donpapa22 has 20 seconds left.\n|inactive|donpapa22 has 15 seconds left.\n|l|\u2606donpapa22\n|inactive|donpapa22 disconnected and has a minute to reconnect!\n|player|p2|\n|inactive|donpapa22 has 10 seconds left.\n|j|\u2606donpapa22\n|inactive|donpapa22 reconnected and has 10 seconds left.\n|player|p2|donpapa22|101\n|inactive|donpapa22 has 5 seconds left.\n|\n|t:|1682024412\n|move|p1a: Baxcalibur|Protect|p1a: Baxcalibur\n|-singleturn|p1a: Baxcalibur|Protect\n|move|p1b: Corviknight|Iron Head|p2a: Dachsbun\n|-resisted|p2a: Dachsbun\n|-damage|p2a: Dachsbun|27\/100\n|cant|p2a: Dachsbun|flinch\n|cant|p2b: Ting-Lu|slp\n|\n|-heal|p2a: Dachsbun|33\/100|[from] item: Leftovers\n|-sideend|p1: pls be kind to me|move: Tailwind\n|upkeep\n|turn|8\n|\n|t:|1682024427\n|move|p2a: Dachsbun|Protect|p2a: Dachsbun\n|-singleturn|p2a: Dachsbun|Protect\n|move|p1a: Baxcalibur|Icicle Spear|p2b: Ting-Lu\n|-supereffective|p2b: Ting-Lu\n|-damage|p2b: Ting-Lu|44\/100 slp\n|-supereffective|p2b: Ting-Lu\n|-damage|p2b: Ting-Lu|27\/100 slp\n|-supereffective|p2b: Ting-Lu\n|-damage|p2b: Ting-Lu|11\/100 slp\n|-supereffective|p2b: Ting-Lu\n|-damage|p2b: Ting-Lu|0 fnt\n|faint|p2b: Ting-Lu\n|-hitcount|p2: Ting-Lu|4\n|move|p1b: Corviknight|Tailwind|p1b: Corviknight\n|-sidestart|p1: pls be kind to me|move: Tailwind\n|\n|-heal|p2a: Dachsbun|39\/100|[from] item: Leftovers\n|upkeep\n|\n|t:|1682024440\n|switch|p2b: Palafin|Palafin-Hero, L50, F|100\/100\n|turn|9\n|inactive|pls be kind to me has 30 seconds left.\n|inactive|pls be kind to me has 20 seconds left.\n|\n|t:|1682024479\n|move|p2a: Dachsbun|Helping Hand|p2b: Palafin\n|-singleturn|p2b: Palafin|Helping Hand|[of] p2a: Dachsbun\n|move|p1a: Baxcalibur|Protect|p1a: Baxcalibur\n|-singleturn|p1a: Baxcalibur|Protect\n|move|p2b: Palafin|Jet Punch|p1a: Baxcalibur\n|-activate|p1a: Baxcalibur|move: Protect\n|move|p1b: Corviknight|Brave Bird|p2b: Palafin\n|-damage|p2b: Palafin|62\/100\n|-damage|p1b: Corviknight|81\/100|[from] Recoil\n|\n|-heal|p2a: Dachsbun|45\/100|[from] item: Leftovers\n|upkeep\n|turn|10\n|inactive|donpapa22 has 30 seconds left.\n|\n|t:|1682024505\n|move|p1a: Baxcalibur|Glaive Rush|p2b: Palafin\n|-damage|p2b: Palafin|1\/100\n|-singlemove|p1a: Baxcalibur|Glaive Rush|[silent]\n|move|p1b: Corviknight|Brave Bird|p2b: Palafin\n|-damage|p2b: Palafin|0 fnt\n|faint|p2b: Palafin\n|-damage|p1b: Corviknight|80\/100|[from] Recoil\n|move|p2a: Dachsbun|Wish|p2a: Dachsbun\n|\n|-heal|p2a: Dachsbun|51\/100|[from] item: Leftovers\n|upkeep\n|turn|11\n|\n|t:|1682024522\n|move|p2a: Dachsbun|Protect|p2a: Dachsbun\n|-singleturn|p2a: Dachsbun|Protect\n|move|p1a: Baxcalibur|Ice Shard|p2a: Dachsbun\n|-activate|p2a: Dachsbun|move: Protect\n|move|p1b: Corviknight|Iron Head|p2a: Dachsbun\n|-activate|p2a: Dachsbun|move: Protect\n|\n|-heal|p2a: Dachsbun|100\/100|[from] move: Wish|[wisher] Dachsbun\n|-sideend|p1: pls be kind to me|move: Tailwind\n|upkeep\n|turn|12\n|\n|t:|1682024542\n|move|p2a: Dachsbun|Wish|p2a: Dachsbun\n|move|p1a: Baxcalibur|Icicle Spear|p2a: Dachsbun\n|-resisted|p2a: Dachsbun\n|-damage|p2a: Dachsbun|94\/100\n|-resisted|p2a: Dachsbun\n|-damage|p2a: Dachsbun|88\/100\n|-resisted|p2a: Dachsbun\n|-damage|p2a: Dachsbun|82\/100\n|-resisted|p2a: Dachsbun\n|-damage|p2a: Dachsbun|77\/100\n|-hitcount|p2a: Dachsbun|4\n|move|p1b: Corviknight|Tailwind|p1b: Corviknight\n|-sidestart|p1: pls be kind to me|move: Tailwind\n|\n|-heal|p2a: Dachsbun|83\/100|[from] item: Leftovers\n|upkeep\n|turn|13\n|\n|t:|1682024557\n|move|p1a: Baxcalibur|Icicle Spear|p2a: Dachsbun\n|-resisted|p2a: Dachsbun\n|-damage|p2a: Dachsbun|77\/100\n|-resisted|p2a: Dachsbun\n|-damage|p2a: Dachsbun|71\/100\n|-resisted|p2a: Dachsbun\n|-damage|p2a: Dachsbun|66\/100\n|-resisted|p2a: Dachsbun\n|-damage|p2a: Dachsbun|59\/100\n|-resisted|p2a: Dachsbun\n|-crit|p2a: Dachsbun\n|-damage|p2a: Dachsbun|50\/100\n|-hitcount|p2a: Dachsbun|5\n|move|p1b: Corviknight|Iron Head|p2a: Dachsbun\n|-resisted|p2a: Dachsbun\n|-damage|p2a: Dachsbun|41\/100\n|move|p2a: Dachsbun|Body Press|p1a: Baxcalibur\n|-supereffective|p1a: Baxcalibur\n|-damage|p1a: Baxcalibur|56\/100\n|\n|-heal|p2a: Dachsbun|91\/100|[from] move: Wish|[wisher] Dachsbun\n|-heal|p2a: Dachsbun|97\/100|[from] item: Leftovers\n|upkeep\n|turn|14\n|inactive|donpapa22 has 30 seconds left.\n|\n|t:|1682024585\n|move|p1a: Baxcalibur|Icicle Spear|p2a: Dachsbun\n|-resisted|p2a: Dachsbun\n|-damage|p2a: Dachsbun|91\/100\n|-resisted|p2a: Dachsbun\n|-damage|p2a: Dachsbun|85\/100\n|-resisted|p2a: Dachsbun\n|-damage|p2a: Dachsbun|80\/100\n|-resisted|p2a: Dachsbun\n|-damage|p2a: Dachsbun|74\/100\n|-resisted|p2a: Dachsbun\n|-damage|p2a: Dachsbun|68\/100\n|-hitcount|p2a: Dachsbun|5\n|move|p1b: Corviknight|Iron Head|p2a: Dachsbun\n|-resisted|p2a: Dachsbun\n|-damage|p2a: Dachsbun|58\/100\n|cant|p2a: Dachsbun|flinch\n|\n|-heal|p2a: Dachsbun|65\/100|[from] item: Leftovers\n|upkeep\n|turn|15\n|\n|t:|1682024604\n|move|p1a: Baxcalibur|Icicle Spear|p2a: Dachsbun\n|-resisted|p2a: Dachsbun\n|-damage|p2a: Dachsbun|59\/100\n|-resisted|p2a: Dachsbun\n|-damage|p2a: Dachsbun|53\/100\n|-resisted|p2a: Dachsbun\n|-damage|p2a: Dachsbun|47\/100\n|-resisted|p2a: Dachsbun\n|-damage|p2a: Dachsbun|42\/100\n|-resisted|p2a: Dachsbun\n|-damage|p2a: Dachsbun|36\/100\n|-hitcount|p2a: Dachsbun|5\n|move|p1b: Corviknight|Iron Head|p2a: Dachsbun\n|-resisted|p2a: Dachsbun\n|-damage|p2a: Dachsbun|27\/100\n|move|p2a: Dachsbun|Body Press|p1a: Baxcalibur\n|-supereffective|p1a: Baxcalibur\n|-damage|p1a: Baxcalibur|12\/100\n|\n|-heal|p2a: Dachsbun|33\/100|[from] item: Leftovers\n|-sideend|p1: pls be kind to me|move: Tailwind\n|upkeep\n|turn|16\n|\n|t:|1682024621\n|move|p2a: Dachsbun|Protect|p2a: Dachsbun\n|-singleturn|p2a: Dachsbun|Protect\n|move|p1a: Baxcalibur|Protect|p1a: Baxcalibur\n|-singleturn|p1a: Baxcalibur|Protect\n|move|p1b: Corviknight|Tailwind|p1b: Corviknight\n|-sidestart|p1: pls be kind to me|move: Tailwind\n|\n|-heal|p2a: Dachsbun|39\/100|[from] item: Leftovers\n|upkeep\n|turn|17\n|\n|t:|1682024633\n|move|p1a: Baxcalibur|Glaive Rush|p2a: Dachsbun\n|-resisted|p2a: Dachsbun\n|-damage|p2a: Dachsbun|13\/100\n|-singlemove|p1a: Baxcalibur|Glaive Rush|[silent]\n|move|p1b: Corviknight|Brave Bird|p2a: Dachsbun\n|-resisted|p2a: Dachsbun\n|-damage|p2a: Dachsbun|0 fnt\n|faint|p2a: Dachsbun\n|-damage|p1b: Corviknight|77\/100|[from] Recoil\n|\n|win|pls be kind to me\n|raw|pls be kind to me's rating: 1134 → 1156<\/strong> (+22 for winning)\n|raw|donpapa22's rating: 1093 → 1072<\/strong> (-21 for losing)\n|l|\u2606donpapa22\n","uploadtime":1682024640,"views":8,"p1id":"plsbekindtome","p2id":"donpapa22","formatid":"gen9vgc2023regulationc","rating":1072,"private":0,"password":""}