{"id":"gen9vgc2023regulationc-1852056932","p1":"Landri","p2":"Hal8","format":"[Gen 9] VGC 2023 Regulation C","log":"|j|\u2606Landri\n|j|\u2606Hal8\n|t:|1682520556\n|gametype|doubles\n|player|p1|Landri|acetrainer-gen4dp|1334\n|player|p2|Hal8|101|1239\n|teamsize|p1|6\n|teamsize|p2|6\n|gen|9\n|tier|[Gen 9] VGC 2023 Regulation C\n|rated|\n|rule|Species Clause: Limit one of each Pok\u00e9mon\n|rule|Item Clause: Limit one of each item\n|clearpoke\n|poke|p1|Abomasnow, L50, M|\n|poke|p1|Chi-Yu, L50|\n|poke|p1|Flutter Mane, L50|\n|poke|p1|Baxcalibur, L50, M|\n|poke|p1|Kingambit, L50, M|\n|poke|p1|Palafin, L50, M|\n|poke|p2|Dondozo, L50, M|\n|poke|p2|Tatsugiri-Droopy, L50, M|\n|poke|p2|Pelipper, L50, M|\n|poke|p2|Drednaw, L50, F|\n|poke|p2|Dragonite, L50, F|\n|poke|p2|Chien-Pao, L50|\n|teampreview|4\n|inactive|Battle timer is ON: inactive players will automatically lose when time's up. (requested by Landri)\n|inactive|Hal8 also wants the timer to be on.\nHal8 has agreed to open team sheets.\n|inactive|Landri has 60 seconds left.\n|\n|t:|1682520599\n|start\n|switch|p1a: Flutter Mane|Flutter Mane, L50|100\/100\n|switch|p1b: Palafin|Palafin, L50, M|100\/100\n|switch|p2a: Dragonite|Dragonite, L50, F|100\/100\n|switch|p2b: Drednaw|Drednaw, L50, F|100\/100\n|turn|1\n|\n|t:|1682520621\n|switch|p2b: Pelipper|Pelipper, L50, M|100\/100\n|-weather|RainDance|[from] ability: Drizzle|[of] p2b: Pelipper\n|detailschange|p1b: Palafin|Palafin-Hero, L50, M\n|switch|p1b: Abomasnow|Abomasnow, L50, M|100\/100\n|-weather|Snow|[from] ability: Snow Warning|[of] p1b: Abomasnow\n|move|p1a: Flutter Mane|Power Gem|p2a: Dragonite\n|-supereffective|p2a: Dragonite\n|-damage|p2a: Dragonite|19\/100\n|move|p2a: Dragonite|Thunder Punch|p1b: Abomasnow\n|-resisted|p1b: Abomasnow\n|-damage|p1b: Abomasnow|89\/100\n|\n|-weather|Snow|[upkeep]\n|upkeep\n|turn|2\n|inactive|Landri has 30 seconds left.\n|\n|t:|1682520652\n|switch|p2b: Chien-Pao|Chien-Pao, L50|100\/100\n|-ability|p2b: Chien-Pao|Sword of Ruin\n|move|p2a: Dragonite|Protect|p2a: Dragonite\n|-singleturn|p2a: Dragonite|Protect\n|move|p1a: Flutter Mane|Power Gem|p2a: Dragonite\n|-activate|p2a: Dragonite|move: Protect\n|move|p1b: Abomasnow|Aurora Veil|p1b: Abomasnow\n|-sidestart|p1: Landri|move: Aurora Veil\n|\n|-weather|Snow|[upkeep]\n|upkeep\n|turn|3\n|inactive|Hal8 has 30 seconds left.\n|\n|t:|1682520678\n|-terastallize|p1a: Flutter Mane|Fairy\n|move|p2a: Dragonite|Extreme Speed|p1b: Abomasnow\n|-damage|p1b: Abomasnow|65\/100\n|move|p1a: Flutter Mane|Power Gem|p2b: Chien-Pao\n|-supereffective|p2b: Chien-Pao\n|-enditem|p2b: Chien-Pao|Focus Sash\n|-damage|p2b: Chien-Pao|1\/100\n|move|p2b: Chien-Pao|Sacred Sword|p1b: Abomasnow\n|-supereffective|p1b: Abomasnow\n|-damage|p1b: Abomasnow|23\/100\n|move|p1b: Abomasnow|Blizzard|p2a: Dragonite|[spread] p2a,p2b\n|-supereffective|p2a: Dragonite\n|-resisted|p2b: Chien-Pao\n|-damage|p2a: Dragonite|0 fnt\n|-damage|p2b: Chien-Pao|0 fnt\n|faint|p2a: Dragonite\n|faint|p2b: Chien-Pao\n|\n|-weather|Snow|[upkeep]\n|upkeep\n|\n|t:|1682520695\n|switch|p2b: Drednaw|Drednaw, L50, F|100\/100\n|switch|p2a: Pelipper|Pelipper, L50, M|100\/100\n|-weather|RainDance|[from] ability: Drizzle|[of] p2a: Pelipper\n|turn|4\n|inactive|Hal8 has 30 seconds left.\n|\n|t:|1682520729\n|switch|p1b: Kingambit|Kingambit, L50, M|100\/100\n|move|p2b: Drednaw|Rock Slide|p1a: Flutter Mane|[spread] p1a,p1b\n|-resisted|p1b: Kingambit\n|-damage|p1a: Flutter Mane|37\/100\n|-damage|p1b: Kingambit|89\/100\n|move|p1a: Flutter Mane|Power Gem|p2a: Pelipper\n|-supereffective|p2a: Pelipper\n|-damage|p2a: Pelipper|0 fnt\n|faint|p2a: Pelipper\n|\n|-weather|RainDance|[upkeep]\n|upkeep\n|turn|5\n|-message|Hal8 forfeited.\n|\n|win|Landri\n|raw|Landri's rating: 1334 → 1349<\/strong> (+15 for winning)\n|raw|Hal8's rating: 1239 → 1221<\/strong> (-18 for losing)\n|l|\u2606Hal8\n","uploadtime":1682520773,"views":16,"p1id":"landri","p2id":"hal8","formatid":"gen9vgc2023regulationc","rating":1221,"private":0,"password":""}