{"id":"gen9vgc2023regulationc-1858153215","p1":"Grass658","p2":"ChrisTheTree256","format":"[Gen 9] VGC 2023 Regulation C","log":"|j|\u2606Grass658\n|j|\u2606ChrisTheTree256\n|t:|1683284166\n|gametype|doubles\n|player|p1|Grass658|marlon|1076\n|player|p2|ChrisTheTree256|ingo|1004\n|teamsize|p1|6\n|teamsize|p2|6\n|gen|9\n|tier|[Gen 9] VGC 2023 Regulation C\n|rated|\n|rule|Species Clause: Limit one of each Pok\u00e9mon\n|rule|Item Clause: Limit one of each item\n|clearpoke\n|poke|p1|Dragonite, L50, M|\n|poke|p1|Coalossal, L50, M|\n|poke|p1|Torkoal, L50, F|\n|poke|p1|Chi-Yu, L50|\n|poke|p1|Amoonguss, L50, F|\n|poke|p1|Flutter Mane, L50|\n|poke|p2|Ceruledge, L50, F|\n|poke|p2|Palafin, L50, M|\n|poke|p2|Amoonguss, L50, M|\n|poke|p2|Indeedee-F, L50, F|\n|poke|p2|Annihilape, L50, F|\n|poke|p2|Kingambit, L50, F|\n|teampreview|4\n|inactive|Battle timer is ON: inactive players will automatically lose when time's up. (requested by Grass658)\n|\n|t:|1683284195\n|start\n|switch|p1a: Dragonite|Dragonite, L50, M|100\/100\n|switch|p1b: Coalossal|Coalossal, L50, M|100\/100\n|switch|p2a: Ceruledge|Ceruledge, L50, F|100\/100\n|switch|p2b: Palafin|Palafin, L50, M|100\/100\n|turn|1\n|\n|t:|1683284215\n|move|p1b: Coalossal|Protect|p1b: Coalossal\n|-singleturn|p1b: Coalossal|Protect\n|move|p2b: Palafin|Flip Turn|p1b: Coalossal\n|-activate|p1b: Coalossal|move: Protect\n|move|p2a: Ceruledge|Bitter Blade|p1a: Dragonite\n|-resisted|p1a: Dragonite\n|-damage|p1a: Dragonite|78\/100\n|move|p1a: Dragonite|Thunder Wave|p2b: Palafin\n|-status|p2b: Palafin|par\n|\n|-heal|p1a: Dragonite|84\/100|[from] item: Leftovers\n|upkeep\n|turn|2\n|inactive|Grass658 has 30 seconds left.\n|inactive|Grass658 has 20 seconds left.\n|\n|t:|1683284252\n|-terastallize|p1b: Coalossal|Ground\n|move|p2a: Ceruledge|Shadow Sneak|p1a: Dragonite\n|-damage|p1a: Dragonite|65\/100\n|move|p1a: Dragonite|Thunder Wave|p2a: Ceruledge\n|-status|p2a: Ceruledge|par\n|move|p2b: Palafin|Flip Turn|p1b: Coalossal\n|-supereffective|p1b: Coalossal\n|-damage|p1b: Coalossal|62\/100\n|-ability|p1b: Coalossal|Steam Engine|boost\n|-boost|p1b: Coalossal|spe|6\n|-enditem|p1b: Coalossal|Weakness Policy\n|-boost|p1b: Coalossal|atk|2|[from] item: Weakness Policy\n|-boost|p1b: Coalossal|spa|2|[from] item: Weakness Policy\n|\n|t:|1683284275\n|detailschange|p2b: Palafin|Palafin-Hero, L50, M\n|switch|p2b: Indeedee|Indeedee-F, L50, F|100\/100|[from] Flip Turn\n|move|p1b: Coalossal|Tera Blast|p2b: Indeedee\n|-damage|p2b: Indeedee|34\/100\n|\n|-heal|p1a: Dragonite|71\/100|[from] item: Leftovers\n|upkeep\n|turn|3\n|\n|t:|1683284294\n|move|p1b: Coalossal|Protect|p1b: Coalossal\n|-singleturn|p1b: Coalossal|Protect\n|move|p2b: Indeedee|Dazzling Gleam|p1b: Coalossal|[spread] p1a\n|-activate|p1b: Coalossal|move: Protect\n|-supereffective|p1a: Dragonite\n|-damage|p1a: Dragonite|53\/100\n|move|p1a: Dragonite|Tailwind|p1a: Dragonite\n|-sidestart|p1: Grass658|move: Tailwind\n|move|p2a: Ceruledge|Will-O-Wisp|p1b: Coalossal\n|-activate|p1b: Coalossal|move: Protect\n|\n|-heal|p1a: Dragonite|59\/100|[from] item: Leftovers\n|upkeep\n|turn|4\n|\n|t:|1683284310\n|move|p1a: Dragonite|Aqua Jet|p2a: Ceruledge\n|-supereffective|p2a: Ceruledge\n|-damage|p2a: Ceruledge|63\/100 par\n|move|p1b: Coalossal|Tera Blast|p2a: Ceruledge\n|-supereffective|p2a: Ceruledge\n|-damage|p2a: Ceruledge|0 fnt\n|faint|p2a: Ceruledge\n|move|p2b: Indeedee|Dazzling Gleam|p1a: Dragonite|[spread] p1a,p1b\n|-supereffective|p1a: Dragonite\n|-damage|p1a: Dragonite|43\/100\n|-damage|p1b: Coalossal|49\/100\n|\n|-heal|p1a: Dragonite|49\/100|[from] item: Leftovers\n|upkeep\n|\n|t:|1683284325\n|switch|p2a: Annihilape|Annihilape, L50, F|100\/100\n|turn|5\n|inactive|ChrisTheTree256 has 30 seconds left.\n|\n|t:|1683284353\n|move|p2b: Indeedee|Helping Hand|p2a: Annihilape\n|-singleturn|p2a: Annihilape|Helping Hand|[of] p2b: Indeedee\n|move|p1b: Coalossal|Tera Blast|p2b: Indeedee\n|-damage|p2b: Indeedee|0 fnt\n|faint|p2b: Indeedee\n|move|p1a: Dragonite|Thunder Wave|p2a: Annihilape\n|-status|p2a: Annihilape|par\n|move|p2a: Annihilape|Ice Punch|p1a: Dragonite\n|-supereffective|p1a: Dragonite\n|-damage|p1a: Dragonite|0 fnt\n|faint|p1a: Dragonite\n|\n|upkeep\n|\n|t:|1683284366\n|switch|p2b: Palafin|Palafin-Hero, L50, M|100\/100 par\n|switch|p1a: Torkoal|Torkoal, L50, F|100\/100\n|-activate|p2b: Palafin|ability: Zero to Hero\n|-weather|SunnyDay|[from] ability: Drought|[of] p1a: Torkoal\n|turn|6\n|inactive|Grass658 has 30 seconds left.\n|\n|t:|1683284399\n|move|p1a: Torkoal|Helping Hand|p1b: Coalossal\n|-singleturn|p1b: Coalossal|Helping Hand|[of] p1a: Torkoal\n|move|p1b: Coalossal|Heat Wave|p2b: Palafin|[spread] p2b\n|-miss|p1b: Coalossal|p2a: Annihilape\n|-resisted|p2b: Palafin\n|-damage|p2b: Palafin|19\/100 par\n|move|p2b: Palafin|Waterfall|p1a: Torkoal\n|-supereffective|p1a: Torkoal\n|-damage|p1a: Torkoal|60\/100\n|move|p2a: Annihilape|Ice Punch|p1b: Coalossal\n|-supereffective|p1b: Coalossal\n|-crit|p1b: Coalossal\n|-damage|p1b: Coalossal|0 fnt\n|faint|p1b: Coalossal\n|\n|-weather|SunnyDay|[upkeep]\n|-sideend|p1: Grass658|move: Tailwind\n|upkeep\n|\n|t:|1683284411\n|switch|p1b: Chi-Yu|Chi-Yu, L50|100\/100\n|-ability|p1b: Chi-Yu|Beads of Ruin\n|turn|7\n|\n|t:|1683284426\n|move|p1b: Chi-Yu|Heat Wave|p2b: Palafin|[spread] p2a,p2b\n|-resisted|p2b: Palafin\n|-damage|p2a: Annihilape|16\/100 par\n|-damage|p2b: Palafin|0 fnt\n|faint|p2b: Palafin\n|cant|p2a: Annihilape|par\n|move|p1a: Torkoal|Heat Wave|p2a: Annihilape\n|-damage|p2a: Annihilape|0 fnt\n|faint|p2a: Annihilape\n|\n|win|Grass658\n|raw|Grass658's rating: 1076 → 1099<\/strong> (+23 for winning)\n|raw|ChrisTheTree256's rating: 1004 → 1000<\/strong> (-4 for losing)\n|l|\u2606ChrisTheTree256\n","uploadtime":1683284438,"views":12,"p1id":"grass658","p2id":"christhetree256","formatid":"gen9vgc2023regulationc","rating":1000,"private":0,"password":""}