{"id":"gen9vgc2023regulationc-1857698737","p1":"Hidro17","p2":"AootyPooty","format":"[Gen 9] VGC 2023 Regulation C","log":"|j|\u2606Hidro17\n|j|\u2606AootyPooty\n|t:|1683223371\n|gametype|doubles\n|player|p1|Hidro17|policeman|1125\n|player|p2|AootyPooty|drayden|1164\n|teamsize|p1|6\n|teamsize|p2|6\n|gen|9\n|tier|[Gen 9] VGC 2023 Regulation C\n|rated|\n|rule|Species Clause: Limit one of each Pok\u00e9mon\n|rule|Item Clause: Limit one of each item\n|clearpoke\n|poke|p1|Orthworm, L50, F|\n|poke|p1|Palafin, L50, F|\n|poke|p1|Arboliva, L50, M|\n|poke|p1|Great Tusk, L50|\n|poke|p1|Chi-Yu, L50|\n|poke|p1|Jolteon, L50, M|\n|poke|p2|Pincurchin, L50, M|\n|poke|p2|Farigiraf, L50, M|\n|poke|p2|Iron Bundle, L50|\n|poke|p2|Iron Thorns, L50|\n|poke|p2|Cetitan, L50, M|\n|poke|p2|Abomasnow, L50, M|\n|teampreview|4\n|inactive|Battle timer is ON: inactive players will automatically lose when time's up. (requested by Hidro17)\n|\n|t:|1683223417\n|start\n|switch|p1a: Great Tusk|Great Tusk, L50|100\/100\n|switch|p1b: Orthworm|Orthworm, L50, F, shiny|100\/100\n|switch|p2a: Iron Thorns|Iron Thorns, L50, shiny|100\/100\n|switch|p2b: Abomasnow|Abomasnow, L50, M, shiny|100\/100\n|-weather|Snow|[from] ability: Snow Warning|[of] p2b: Abomasnow\n|turn|1\n|\n|t:|1683223442\n|-terastallize|p1a: Great Tusk|Steel\n|-terastallize|p2a: Iron Thorns|Flying\n|move|p2b: Abomasnow|Protect|p2b: Abomasnow\n|-singleturn|p2b: Abomasnow|Protect\n|move|p1a: Great Tusk|Earthquake|p2a: Iron Thorns|[spread] \n|-activate|p2b: Abomasnow|move: Protect\n|-immune|p1b: Orthworm|[from] ability: Earth Eater\n|-immune|p2a: Iron Thorns\n|move|p2a: Iron Thorns|Dragon Dance|p2a: Iron Thorns\n|-boost|p2a: Iron Thorns|atk|1\n|-boost|p2a: Iron Thorns|spe|1\n|move|p1b: Orthworm|Iron Defense|p1b: Orthworm\n|-boost|p1b: Orthworm|def|2\n|\n|-weather|Snow|[upkeep]\n|upkeep\n|turn|2\n|inactive|AootyPooty has 30 seconds left.\n|inactive|AootyPooty has 20 seconds left.\n|inactive|AootyPooty has 15 seconds left.\n|inactive|AootyPooty has 10 seconds left.\n|\n|t:|1683223487\n|move|p1a: Great Tusk|Ice Spinner|p2a: Iron Thorns\n|-supereffective|p2a: Iron Thorns\n|-damage|p2a: Iron Thorns|58\/100\n|move|p2a: Iron Thorns|Thunder Punch|p1a: Great Tusk\n|-damage|p1a: Great Tusk|66\/100\n|-status|p1a: Great Tusk|par\n|move|p1b: Orthworm|Body Press|p2b: Abomasnow\n|-supereffective|p2b: Abomasnow\n|-damage|p2b: Abomasnow|14\/100\n|move|p2b: Abomasnow|Aurora Veil|p2b: Abomasnow\n|-sidestart|p2: AootyPooty|move: Aurora Veil\n|\n|-weather|Snow|[upkeep]\n|upkeep\n|turn|3\n|inactive|Hidro17 has 30 seconds left.\n|\n|t:|1683223517\n|move|p2b: Abomasnow|Protect|p2b: Abomasnow\n|-singleturn|p2b: Abomasnow|Protect\n|move|p2a: Iron Thorns|Dragon Dance|p2a: Iron Thorns\n|-boost|p2a: Iron Thorns|atk|1\n|-boost|p2a: Iron Thorns|spe|1\n|move|p1b: Orthworm|Iron Defense|p1b: Orthworm\n|-boost|p1b: Orthworm|def|2\n|cant|p1a: Great Tusk|par\n|\n|-weather|Snow|[upkeep]\n|upkeep\n|turn|4\n|\n|t:|1683223535\n|switch|p2b: Pincurchin|Pincurchin, L50, M, shiny|100\/100\n|-fieldstart|move: Electric Terrain|[from] ability: Electric Surge|[of] p2b: Pincurchin\n|-activate|p2a: Iron Thorns|ability: Quark Drive\n|-start|p2a: Iron Thorns|quarkdriveatk\n|-item|p2b: Pincurchin|Air Balloon\n|move|p2a: Iron Thorns|Thunder Punch|p1a: Great Tusk\n|-crit|p1a: Great Tusk\n|-damage|p1a: Great Tusk|0 fnt\n|faint|p1a: Great Tusk\n|-end|p1a: Great Tusk|Protosynthesis|[silent]\n|move|p1b: Orthworm|Iron Head|p2a: Iron Thorns\n|-damage|p2a: Iron Thorns|44\/100\n|\n|-weather|Snow|[upkeep]\n|upkeep\n|\n|t:|1683223551\n|switch|p1a: Chi-Yu|Chi-Yu, L50|100\/100\n|-ability|p1a: Chi-Yu|Beads of Ruin\n|turn|5\n|\n|t:|1683223567\n|move|p1a: Chi-Yu|Protect|p1a: Chi-Yu\n|-singleturn|p1a: Chi-Yu|Protect\n|move|p2a: Iron Thorns|Rock Blast|p1a: Chi-Yu\n|-activate|p1a: Chi-Yu|move: Protect\n|move|p1b: Orthworm|Body Press|p2b: Pincurchin\n|-damage|p2b: Pincurchin|36\/100\n|-enditem|p2b: Pincurchin|Air Balloon\n|move|p2b: Pincurchin|Thunder Wave|p1b: Orthworm\n|-status|p1b: Orthworm|par\n|\n|-weather|none\n|upkeep\n|turn|6\n|inactive|Hidro17 has 30 seconds left.\n|\n|t:|1683223598\n|move|p2a: Iron Thorns|Rock Blast|p1a: Chi-Yu\n|-supereffective|p1a: Chi-Yu\n|-damage|p1a: Chi-Yu|15\/100\n|-supereffective|p1a: Chi-Yu\n|-damage|p1a: Chi-Yu|0 fnt\n|faint|p1a: Chi-Yu\n|-hitcount|p1: Chi-Yu|2\n|move|p1b: Orthworm|Iron Head|p2a: Iron Thorns\n|-crit|p2a: Iron Thorns\n|-damage|p2a: Iron Thorns|15\/100\n|move|p2b: Pincurchin|Zing Zap|p1b: Orthworm\n|-damage|p1b: Orthworm|91\/100 par\n|\n|-heal|p1b: Orthworm|97\/100 par|[from] item: Leftovers\n|-sideend|p2: AootyPooty|move: Aurora Veil\n|upkeep\n|\n|t:|1683223611\n|switch|p1a: Jolteon|Jolteon, L50, M|100\/100\n|turn|7\n|\n|t:|1683223628\n|move|p1a: Jolteon|Detect|p1a: Jolteon\n|-singleturn|p1a: Jolteon|Protect\n|move|p2b: Pincurchin|Sucker Punch||[still]\n|-fail|p2b: Pincurchin\n|move|p2a: Iron Thorns|Rock Blast|p1a: Jolteon\n|-activate|p1a: Jolteon|move: Protect\n|cant|p1b: Orthworm|par\n|\n|-heal|p1b: Orthworm|100\/100 par|[from] item: Leftovers\n|-status|p1a: Jolteon|brn|[from] item: Flame Orb\n|upkeep\n|turn|8\n|inactive|AootyPooty has 30 seconds left.\n|\n|t:|1683223660\n|switch|p2b: Iron Bundle|Iron Bundle, L50, shiny|100\/100\n|-activate|p2b: Iron Bundle|ability: Quark Drive\n|-start|p2b: Iron Bundle|quarkdrivespa\n|-enditem|p2b: Iron Bundle|Electric Seed\n|-boost|p2b: Iron Bundle|def|1|[from] item: Electric Seed\n|move|p1a: Jolteon|Thunderbolt|p2a: Iron Thorns\n|-supereffective|p2a: Iron Thorns\n|-damage|p2a: Iron Thorns|0 fnt\n|faint|p2a: Iron Thorns\n|-end|p2a: Iron Thorns|Quark Drive|[silent]\n|cant|p1b: Orthworm|par\n|\n|-damage|p1a: Jolteon|94\/100 brn|[from] brn\n|-fieldend|move: Electric Terrain\n|-end|p2b: Iron Bundle|Quark Drive\n|upkeep\n|\n|t:|1683223675\n|switch|p2a: Abomasnow|Abomasnow, L50, M, shiny|14\/100\n|-weather|Snow|[from] ability: Snow Warning|[of] p2a: Abomasnow\n|turn|9\n|\n|t:|1683223687\n|move|p2b: Iron Bundle|Protect|p2b: Iron Bundle\n|-singleturn|p2b: Iron Bundle|Protect\n|move|p1a: Jolteon|Thunderbolt|p2b: Iron Bundle\n|-activate|p2b: Iron Bundle|move: Protect\n|move|p2a: Abomasnow|Blizzard|p1b: Orthworm|[spread] p1a,p1b\n|-crit|p1a: Jolteon\n|-resisted|p1b: Orthworm\n|-damage|p1a: Jolteon|29\/100 brn\n|-damage|p1b: Orthworm|80\/100 par\n|move|p1b: Orthworm|Body Press|p2a: Abomasnow\n|-supereffective|p2a: Abomasnow\n|-damage|p2a: Abomasnow|0 fnt\n|faint|p2a: Abomasnow\n|\n|-weather|Snow|[upkeep]\n|-heal|p1b: Orthworm|86\/100 par|[from] item: Leftovers\n|-damage|p1a: Jolteon|22\/100 brn|[from] brn\n|upkeep\n|\n|t:|1683223701\n|switch|p2a: Pincurchin|Pincurchin, L50, M, shiny|36\/100\n|-fieldstart|move: Electric Terrain|[from] ability: Electric Surge|[of] p2a: Pincurchin\n|-activate|p2b: Iron Bundle|ability: Quark Drive\n|-start|p2b: Iron Bundle|quarkdrivedef\n|turn|10\n|\n|t:|1683223714\n|move|p2a: Pincurchin|Sucker Punch|p1a: Jolteon\n|-crit|p1a: Jolteon\n|-damage|p1a: Jolteon|0 fnt\n|faint|p1a: Jolteon\n|move|p2b: Iron Bundle|Water Pulse|p1b: Orthworm\n|-damage|p1b: Orthworm|46\/100 par\n|-start|p1b: Orthworm|confusion\n|-activate|p1b: Orthworm|confusion\n|move|p1b: Orthworm|Body Press|p2b: Iron Bundle\n|-supereffective|p2b: Iron Bundle\n|-damage|p2b: Iron Bundle|33\/100\n|\n|-weather|Snow|[upkeep]\n|-heal|p1b: Orthworm|52\/100 par|[from] item: Leftovers\n|upkeep\n|turn|11\n|\n|t:|1683223731\n|move|p2b: Iron Bundle|Water Pulse|p1b: Orthworm\n|-damage|p1b: Orthworm|13\/100 par\n|-activate|p1b: Orthworm|confusion\n|cant|p1b: Orthworm|par\n|move|p2a: Pincurchin|Zing Zap|p1b: Orthworm\n|-damage|p1b: Orthworm|3\/100 par\n|\n|-weather|Snow|[upkeep]\n|-heal|p1b: Orthworm|9\/100 par|[from] item: Leftovers\n|upkeep\n|turn|12\n|\n|t:|1683223744\n|move|p2b: Iron Bundle|Water Pulse|p1b: Orthworm\n|-damage|p1b: Orthworm|0 fnt\n|faint|p1b: Orthworm\n|\n|win|AootyPooty\n|raw|Hidro17's rating: 1125 → 1103<\/strong> (-22 for losing)\n|raw|AootyPooty's rating: 1164 → 1186<\/strong> (+22 for winning)\n","uploadtime":1683223763,"views":14,"p1id":"hidro17","p2id":"aootypooty","formatid":"gen9vgc2023regulationc","rating":1103,"private":0,"password":""}