{"id":"gen9vgc2023regulationc-1862120099","p1":"GGzs","p2":"Piccolo Ruiz","format":"[Gen 9] VGC 2023 Regulation C","log":"|j|\u2606GGzs\n|j|\u2606Piccolo Ruiz\n|t:|1683839040\n|gametype|doubles\n|player|p1|GGzs|n|1178\n|player|p2|Piccolo Ruiz|valerie|1278\n|teamsize|p1|6\n|teamsize|p2|6\n|gen|9\n|tier|[Gen 9] VGC 2023 Regulation C\n|rated|\n|rule|Species Clause: Limit one of each Pok\u00e9mon\n|rule|Item Clause: Limit one of each item\n|clearpoke\n|poke|p1|Dragonite, L50, F|\n|poke|p1|Iron Hands, L50|\n|poke|p1|Gholdengo, L50|\n|poke|p1|Scream Tail, L50|\n|poke|p1|Ceruledge, L50, F|\n|poke|p1|Skeledirge, L50, F|\n|poke|p2|Flutter Mane, L50|\n|poke|p2|Amoonguss, L50, F|\n|poke|p2|Gyarados, L50, F|\n|poke|p2|Chi-Yu, L50|\n|poke|p2|Garchomp, L50, F|\n|poke|p2|Iron Hands, L50|\n|teampreview|4\n|inactive|Battle timer is ON: inactive players will automatically lose when time's up. (requested by Piccolo Ruiz)\n|inactive|GGzs has 60 seconds left.\n|inactive|Piccolo Ruiz has 60 seconds left.\n|inactive|Piccolo Ruiz has 30 seconds left.\nGGzs has agreed to open team sheets.\nPiccolo Ruiz rejected open team sheets.\n|\n|t:|1683839110\n|start\n|switch|p1a: Gholdengo|Gholdengo, L50|100\/100\n|switch|p1b: Scream Tail|Scream Tail, L50|100\/100\n|switch|p2a: Mo Heart|Chi-Yu, L50|100\/100\n|switch|p2b: Mistress|Iron Hands, L50|100\/100\n|-ability|p2a: Mo Heart|Beads of Ruin\n|-enditem|p1b: Scream Tail|Booster Energy\n|-activate|p1b: Scream Tail|ability: Protosynthesis|[fromitem]\n|-start|p1b: Scream Tail|protosynthesisspe\n|turn|1\n|inactive|GGzs has 30 seconds left.\n|inactive|Piccolo Ruiz has 30 seconds left.\n|inactive|Piccolo Ruiz has 20 seconds left.\n|\n|t:|1683839147\n|switch|p1a: Dragonite|Dragonite, L50, F|100\/100\n|move|p2b: Mistress|Fake Out|p1b: Scream Tail\n|-damage|p1b: Scream Tail|90\/100\n|cant|p1b: Scream Tail|flinch\n|move|p2a: Mo Heart|Dark Pulse|p1a: Dragonite\n|-damage|p1a: Dragonite|76\/100\n|\n|upkeep\n|turn|2\n|inactive|GGzs has 30 seconds left.\n|inactive|Piccolo Ruiz has 30 seconds left.\n|inactive|GGzs has 20 seconds left.\n|\n|t:|1683839183\n|move|p1b: Scream Tail|Light Screen|p1b: Scream Tail\n|-sidestart|p1: GGzs|move: Light Screen\n|move|p2a: Mo Heart|Dark Pulse|p1a: Dragonite\n|-damage|p1a: Dragonite|44\/100\n|move|p1a: Dragonite|Earthquake|p2b: Mistress|[spread] p1b,p2a,p2b\n|-supereffective|p2a: Mo Heart\n|-supereffective|p2b: Mistress\n|-damage|p1b: Scream Tail|60\/100\n|-damage|p2a: Mo Heart|0 fnt\n|-damage|p2b: Mistress|45\/100\n|faint|p2a: Mo Heart\n|move|p2b: Mistress|Volt Switch|p1a: Dragonite\n|-damage|p1a: Dragonite|36\/100\n|\n|t:|1683839196\n|-end|p2b: Mistress|Quark Drive|[silent]\n|switch|p2b: Cynthia|Garchomp, L50, F|100\/100|[from] Volt Switch\n|\n|upkeep\n|\n|t:|1683839200\n|switch|p2a: Sasha Colby|Flutter Mane, L50|100\/100\n|-enditem|p2a: Sasha Colby|Booster Energy\n|-activate|p2a: Sasha Colby|ability: Protosynthesis|[fromitem]\n|-start|p2a: Sasha Colby|protosynthesisspa\n|turn|3\n|inactive|GGzs has 30 seconds left.\n|\n|t:|1683839234\n|move|p1b: Scream Tail|Reflect|p1b: Scream Tail\n|-sidestart|p1: GGzs|Reflect\n|move|p2a: Sasha Colby|Dazzling Gleam|p1a: Dragonite|[spread] p1a,p1b\n|-supereffective|p1a: Dragonite\n|-damage|p1a: Dragonite|0 fnt\n|-damage|p1b: Scream Tail|41\/100\n|faint|p1a: Dragonite\n|move|p2b: Cynthia|Rock Slide|p1b: Scream Tail\n|-damage|p1b: Scream Tail|30\/100\n|\n|upkeep\n|\n|t:|1683839253\n|switch|p1a: Gholdengo|Gholdengo, L50|100\/100\n|turn|4\n|\n|t:|1683839267\n|-terastallize|p1a: Gholdengo|Flying\n|move|p2a: Sasha Colby|Protect|p2a: Sasha Colby\n|-singleturn|p2a: Sasha Colby|Protect\n|move|p1b: Scream Tail|Play Rough|p2b: Cynthia\n|-supereffective|p2b: Cynthia\n|-damage|p2b: Cynthia|57\/100\n|-damage|p1b: Scream Tail|18\/100|[from] ability: Rough Skin|[of] p2b: Cynthia\n|move|p2b: Cynthia|Earthquake|p1b: Scream Tail|[spread] p1b\n|-activate|p2a: Sasha Colby|move: Protect\n|-immune|p1a: Gholdengo\n|-damage|p1b: Scream Tail|0 fnt\n|faint|p1b: Scream Tail\n|-end|p1b: Scream Tail|Protosynthesis|[silent]\n|move|p1a: Gholdengo|Make It Rain|p2a: Sasha Colby|[spread] p2b\n|-activate|p2a: Sasha Colby|move: Protect\n|-damage|p2b: Cynthia|0 fnt\n|-unboost|p1a: Gholdengo|spa|1\n|faint|p2b: Cynthia\n|\n|upkeep\n|\n|t:|1683839291\n|switch|p2b: Mistress|Iron Hands, L50|45\/100\n|switch|p1b: Iron Hands|Iron Hands, L50|100\/100\n|turn|5\n|inactive|Piccolo Ruiz has 30 seconds left.\n|\n|t:|1683839319\n|-terastallize|p2a: Sasha Colby|Fairy\n|move|p1b: Iron Hands|Fake Out|p2b: Mistress\n|-damage|p2b: Mistress|34\/100\n|move|p2a: Sasha Colby|Moonblast|p1b: Iron Hands\n|-supereffective|p1b: Iron Hands\n|-damage|p1b: Iron Hands|40\/100\n|move|p1a: Gholdengo|Make It Rain|p2b: Mistress|[spread] p2a,p2b\n|-supereffective|p2a: Sasha Colby\n|-resisted|p2b: Mistress\n|-damage|p2a: Sasha Colby|2\/100\n|-damage|p2b: Mistress|22\/100\n|-unboost|p1a: Gholdengo|spa|1\n|cant|p2b: Mistress|flinch\n|\n|upkeep\n|turn|6\n|inactive|GGzs has 30 seconds left.\n|inactive|Piccolo Ruiz has 30 seconds left.\n|inactive|GGzs has 20 seconds left.\n|inactive|Piccolo Ruiz has 20 seconds left.\n|inactive|GGzs has 15 seconds left.\n|inactive|Piccolo Ruiz has 15 seconds left.\n|inactive|GGzs has 10 seconds left.\n|inactive|Piccolo Ruiz has 10 seconds left.\n|\n|t:|1683839368\n|move|p2a: Sasha Colby|Moonblast|p1b: Iron Hands\n|-supereffective|p1b: Iron Hands\n|-damage|p1b: Iron Hands|0 fnt\n|faint|p1b: Iron Hands\n|-end|p1b: Iron Hands|Quark Drive|[silent]\n|move|p1a: Gholdengo|Make It Rain|p2b: Mistress|[spread] p2a,p2b\n|-supereffective|p2a: Sasha Colby\n|-resisted|p2b: Mistress\n|-damage|p2a: Sasha Colby|0 fnt\n|-damage|p2b: Mistress|12\/100\n|-unboost|p1a: Gholdengo|spa|1\n|faint|p2a: Sasha Colby\n|-end|p2a: Sasha Colby|Protosynthesis|[silent]\n|move|p2b: Mistress|Volt Switch|p1a: Gholdengo\n|-supereffective|p1a: Gholdengo\n|-damage|p1a: Gholdengo|80\/100\n|\n|-sideend|p1: GGzs|move: Light Screen\n|upkeep\n|turn|7\n|\n|t:|1683839388\n|move|p1a: Gholdengo|Make It Rain|p2b: Mistress\n|-resisted|p2b: Mistress\n|-damage|p2b: Mistress|2\/100\n|-unboost|p1a: Gholdengo|spa|1\n|move|p2b: Mistress|Wild Charge|p1a: Gholdengo\n|-supereffective|p1a: Gholdengo\n|-damage|p1a: Gholdengo|0 fnt\n|faint|p1a: Gholdengo\n|-damage|p2b: Mistress|0 fnt|[from] Recoil\n|faint|p2b: Mistress\n|-end|p2b: Mistress|Quark Drive|[silent]\n|\n|win|Piccolo Ruiz\n|raw|GGzs's rating: 1178 → 1160<\/strong> (-18 for losing)\n|raw|Piccolo Ruiz's rating: 1278 → 1296<\/strong> (+18 for winning)\n|c|\u2606Piccolo Ruiz|gg\n","uploadtime":1683839406,"views":14,"p1id":"ggzs","p2id":"piccoloruiz","formatid":"gen9vgc2023regulationc","rating":1160,"private":0,"password":""}