{"id":"gen9vgc2023regulationc-1860608547","p1":"tantomisso","p2":"Ziggymon12","format":"[Gen 9] VGC 2023 Regulation C","log":"|j|\u2606tantomisso\n|j|\u2606Ziggymon12\n|t:|1683658640\n|gametype|doubles\n|player|p1|tantomisso|bellelba|\n|player|p2|Ziggymon12|red|\n|teamsize|p1|6\n|teamsize|p2|6\n|gen|9\n|tier|[Gen 9] VGC 2023 Regulation C\n|rated|Tournament battle\n|rule|Species Clause: Limit one of each Pok\u00e9mon\n|rule|Item Clause: Limit one of each item\n|clearpoke\n|poke|p1|Iron Hands, L50|\n|poke|p1|Ting-Lu, L50|\n|poke|p1|Amoonguss, L50, M|\n|poke|p1|Gyarados, L50, F|\n|poke|p1|Iron Bundle, L50|\n|poke|p1|Flutter Mane, L50|\n|poke|p2|Iron Bundle, L50|\n|poke|p2|Abomasnow, L50, F|\n|poke|p2|Iron Hands, L50|\n|poke|p2|Farigiraf, L50, M|\n|poke|p2|Ceruledge, L50, M|\n|poke|p2|Gyarados, L50, F|\n|teampreview|4\n|raw| Open Team Sheet for tantomisso<\/summary>Morandi (Iron Hands) @ Safety Goggles Ability: Quark Drive Level: 50 Tera Type: Fire - Fake Out - Swords Dance - Drain Punch - Wild Charge Ting-pao (Ting-Lu) @ Assault Vest Ability: Vessel of Ruin Level: 50 Tera Type: Water - Stomping Tantrum - Ruination - Rock Slide - Heavy Slam Hutsassa (Amoonguss) (M) @ Sitrus Berry Ability: Regenerator Level: 50 Tera Type: Water - Spore - Pollen Puff - Rage Powder - Clear Smog Gyaratres (Gyarados) @ Aguav Berry Ability: Intimidate Level: 50 Shiny: Yes Tera Type: Fairy - Waterfall - Thunder Wave - Taunt - Protect IronPalle (Iron Bundle) @ Booster Energy Ability: Quark Drive Level: 50 Tera Type: Ghost - Freeze-Dry - Icy Wind - Encore - Protect FlutterPalle (Flutter Mane) @ Choice Specs Ability: Protosynthesis Level: 50 Tera Type: Fairy - Moonblast - Shadow Ball - Dazzling Gleam - Power Gem <\/details><\/div> Open Team Sheet for Ziggymon12<\/summary>Iron Bundle @ Booster Energy Ability: Quark Drive Level: 50 Shiny: Yes Tera Type: Ice - Blizzard - Hydro Pump - Freeze-Dry - Protect Abomasnow @ Focus Sash Ability: Snow Warning Level: 50 Shiny: Yes Tera Type: Water - Blizzard - Giga Drain - Aurora Veil - Protect Iron Hands @ Assault Vest Ability: Quark Drive Level: 50 Tera Type: Flying - Fake Out - Drain Punch - Wild Charge - Volt Switch Farigiraf @ Throat Spray Ability: Armor Tail Level: 50 Shiny: Yes Tera Type: Fairy - Hyper Voice - Psychic - Trick Room - Protect Ceruledge (M) @ Clear Amulet Ability: Flash Fire Level: 50 Shiny: Yes Tera Type: Grass - Bitter Blade - Shadow Sneak - Bulk Up - Protect Gyarados @ Lum Berry Ability: Intimidate Level: 50 Shiny: Yes Tera Type: Grass - Waterfall - Thunder Wave - Taunt - Protect <\/details><\/div>\n|inactive|Battle timer is ON: inactive players will automatically lose when time's up. (requested by tantomisso)\n|j| NeuroticTC\n|c|\u2606Ziggymon12|gl hf\n|j| Radio Free C-Side\n|c|\u2606tantomisso|u2\n|inactive|tantomisso has 60 seconds left.\n|inactive|Ziggymon12 has 60 seconds left.\n|inactive|tantomisso has 30 seconds left.\n|inactive|tantomisso has 20 seconds left.\n|inactive|tantomisso has 15 seconds left.\n|inactive|tantomisso has 10 seconds left.\n|\n|t:|1683658722\n|start\n|switch|p1a: IronPalle|Iron Bundle, L50|100\/100\n|switch|p1b: FlutterPalle|Flutter Mane, L50|100\/100\n|switch|p2a: Ceruledge|Ceruledge, L50, M, shiny|100\/100\n|switch|p2b: Gyarados|Gyarados, L50, F, shiny|100\/100\n|-ability|p2b: Gyarados|Intimidate|boost\n|-unboost|p1a: IronPalle|atk|1\n|-unboost|p1b: FlutterPalle|atk|1\n|-enditem|p1a: IronPalle|Booster Energy\n|-activate|p1a: IronPalle|ability: Quark Drive|[fromitem]\n|-start|p1a: IronPalle|quarkdrivespe\n|turn|1\n|inactive|tantomisso has 30 seconds left.\n|inactive|Ziggymon12 has 30 seconds left.\n|inactive|Ziggymon12 has 20 seconds left.\n|\n|t:|1683658758\n|-terastallize|p2a: Ceruledge|Grass\n|move|p2b: Gyarados|Protect|p2b: Gyarados\n|-singleturn|p2b: Gyarados|Protect\n|move|p1a: IronPalle|Freeze-Dry|p2b: Gyarados\n|-activate|p2b: Gyarados|move: Protect\n|move|p1b: FlutterPalle|Shadow Ball|p2b: Gyarados\n|-activate|p2b: Gyarados|move: Protect\n|move|p2a: Ceruledge|Bitter Blade|p1a: IronPalle\n|-damage|p1a: IronPalle|53\/100\n|\n|upkeep\n|turn|2\n|j| iagovc\n|inactive|tantomisso has 30 seconds left.\n|inactive|tantomisso has 20 seconds left.\n|\n|t:|1683658797\n|move|p1a: IronPalle|Protect|p1a: IronPalle\n|-singleturn|p1a: IronPalle|Protect\n|move|p1b: FlutterPalle|Shadow Ball|p2a: Ceruledge\n|-damage|p2a: Ceruledge|50\/100\n|move|p2b: Gyarados|Thunder Wave|p1b: FlutterPalle\n|-status|p1b: FlutterPalle|par\n|move|p2a: Ceruledge|Bitter Blade|p1a: IronPalle\n|-activate|p1a: IronPalle|move: Protect\n|\n|upkeep\n|turn|3\n|\n|t:|1683658811\n|move|p2a: Ceruledge|Protect|p2a: Ceruledge\n|-singleturn|p2a: Ceruledge|Protect\n|move|p1a: IronPalle|Freeze-Dry|p2b: Gyarados\n|-supereffective|p2b: Gyarados\n|-damage|p2b: Gyarados|0 fnt\n|faint|p2b: Gyarados\n|move|p1b: FlutterPalle|Shadow Ball|p2a: Ceruledge\n|-activate|p2a: Ceruledge|move: Protect\n|\n|upkeep\n|\n|t:|1683658817\n|switch|p2b: Iron Bundle|Iron Bundle, L50, shiny|100\/100\n|-enditem|p2b: Iron Bundle|Booster Energy\n|-activate|p2b: Iron Bundle|ability: Quark Drive|[fromitem]\n|-start|p2b: Iron Bundle|quarkdrivespe\n|turn|4\n|\n|t:|1683658831\n|switch|p2a: Abomasnow|Abomasnow, L50, F, shiny|100\/100\n|-weather|Snow|[from] ability: Snow Warning|[of] p2a: Abomasnow\n|move|p1a: IronPalle|Protect|p1a: IronPalle\n|-singleturn|p1a: IronPalle|Protect\n|move|p2b: Iron Bundle|Blizzard|p1a: IronPalle|[spread] p1b\n|-activate|p1a: IronPalle|move: Protect\n|-damage|p1b: FlutterPalle|63\/100 par\n|move|p1b: FlutterPalle|Shadow Ball|p2a: Abomasnow\n|-damage|p2a: Abomasnow|45\/100\n|\n|-weather|Snow|[upkeep]\n|upkeep\n|turn|5\n|j| tor kawaii apu\n|inactive|tantomisso has 30 seconds left.\n|inactive|tantomisso has 20 seconds left.\n|j| FunneeMonkee\n|inactive|tantomisso has 15 seconds left.\n|\n|t:|1683658871\n|move|p2b: Iron Bundle|Freeze-Dry|p1a: IronPalle\n|-damage|p1a: IronPalle|0 fnt\n|faint|p1a: IronPalle\n|-end|p1a: IronPalle|Quark Drive|[silent]\n|move|p1b: FlutterPalle|Shadow Ball|p2b: Iron Bundle\n|-damage|p2b: Iron Bundle|0 fnt\n|faint|p2b: Iron Bundle\n|-end|p2b: Iron Bundle|Quark Drive|[silent]\n|move|p2a: Abomasnow|Giga Drain|p1b: FlutterPalle\n|-damage|p1b: FlutterPalle|32\/100 par\n|-heal|p2a: Abomasnow|58\/100|[from] drain|[of] p1b: FlutterPalle\n|\n|-weather|Snow|[upkeep]\n|upkeep\n|\n|t:|1683658882\n|switch|p1a: Morandi|Iron Hands, L50|100\/100\n|switch|p2b: Ceruledge|Ceruledge, L50, M, shiny, tera:Grass|50\/100\n|turn|6\n|\n|t:|1683658897\n|move|p2b: Ceruledge|Protect|p2b: Ceruledge\n|-singleturn|p2b: Ceruledge|Protect\n|move|p2a: Abomasnow|Protect|p2a: Abomasnow\n|-singleturn|p2a: Abomasnow|Protect\n|move|p1a: Morandi|Fake Out|p2b: Ceruledge\n|-activate|p2b: Ceruledge|move: Protect\n|move|p1b: FlutterPalle|Shadow Ball|p2a: Abomasnow\n|-activate|p2a: Abomasnow|move: Protect\n|\n|-weather|Snow|[upkeep]\n|upkeep\n|turn|7\n|\n|t:|1683658913\n|move|p2b: Ceruledge|Shadow Sneak|p1b: FlutterPalle\n|-supereffective|p1b: FlutterPalle\n|-damage|p1b: FlutterPalle|0 fnt\n|faint|p1b: FlutterPalle\n|-end|p1b: FlutterPalle|Protosynthesis|[silent]\n|move|p2a: Abomasnow|Blizzard|p1a: Morandi\n|-damage|p1a: Morandi|63\/100\n|-status|p1a: Morandi|frz\n|cant|p1a: Morandi|frz\n|\n|-weather|Snow|[upkeep]\n|upkeep\n|\n|t:|1683658922\n|switch|p1b: Hutsassa|Amoonguss, L50, M|100\/100\n|turn|8\n|\n|t:|1683658930\n|-terastallize|p1b: Hutsassa|Water\n|move|p2b: Ceruledge|Bitter Blade|p1b: Hutsassa\n|-resisted|p1b: Hutsassa\n|-damage|p1b: Hutsassa|81\/100\n|-heal|p2b: Ceruledge|63\/100|[from] drain|[of] p1b: Hutsassa\n|move|p2a: Abomasnow|Blizzard|p1b: Hutsassa|[spread] p1a,p1b\n|-resisted|p1b: Hutsassa\n|-damage|p1a: Morandi|34\/100 frz\n|-damage|p1b: Hutsassa|66\/100\n|cant|p1a: Morandi|frz\n|move|p1b: Hutsassa|Pollen Puff|p1a: Morandi\n|-heal|p1a: Morandi|83\/100 frz\n|\n|-weather|none\n|upkeep\n|turn|9\n|\n|t:|1683658949\n|move|p2b: Ceruledge|Bulk Up|p2b: Ceruledge\n|-boost|p2b: Ceruledge|atk|1\n|-boost|p2b: Ceruledge|def|1\n|move|p2a: Abomasnow|Giga Drain|p1b: Hutsassa\n|-supereffective|p1b: Hutsassa\n|-damage|p1b: Hutsassa|6\/100\n|-heal|p2a: Abomasnow|91\/100|[from] drain|[of] p1b: Hutsassa\n|-enditem|p1b: Hutsassa|Sitrus Berry|[eat]\n|-heal|p1b: Hutsassa|31\/100|[from] item: Sitrus Berry\n|cant|p1a: Morandi|frz\n|move|p1b: Hutsassa|Pollen Puff|p1a: Morandi\n|-heal|p1a: Morandi|100\/100 frz\n|\n|upkeep\n|turn|10\n|\n|t:|1683658965\n|move|p2b: Ceruledge|Bulk Up|p2b: Ceruledge\n|-boost|p2b: Ceruledge|atk|1\n|-boost|p2b: Ceruledge|def|1\n|move|p2a: Abomasnow|Giga Drain|p1b: Hutsassa\n|-supereffective|p1b: Hutsassa\n|-damage|p1b: Hutsassa|0 fnt\n|-heal|p2a: Abomasnow|100\/100|[from] drain|[of] p1b: Hutsassa\n|faint|p1b: Hutsassa\n|cant|p1a: Morandi|frz\n|\n|upkeep\n|turn|11\n|-message|tantomisso forfeited.\n|\n|win|Ziggymon12\n|n|\u2606tantomisso|tantomisso\n|n|\u2606Ziggymon12|ziggymon12\n|n| NeuroticTC|neurotictc\n|n| Radio Free C-Side|radiofreecside\n|n| iagovc|iagovc\n|n| tor kawaii apu|torkawaiiapu\n|n| FunneeMonkee|funneemonkee\n","uploadtime":1683658982,"views":7,"p1id":"tantomisso","p2id":"ziggymon12","formatid":"gen9vgc2023regulationc","rating":0,"private":0,"password":""}