{"id":"gen9vgc2023regulationc-1845560145","p1":"Ab0ve5029","p2":"Raceto1700s","format":"[Gen 9] VGC 2023 Regulation C","log":"|j|\u2606Ab0ve5029\n|j|\u2606Raceto1700s\n|t:|1681745049\n|gametype|doubles\n|player|p1|Ab0ve5029|n|\n|player|p2|Raceto1700s|pokekid|\n|teamsize|p1|6\n|teamsize|p2|6\n|gen|9\n|tier|[Gen 9] VGC 2023 Regulation C\n|rated|Tournament battle\n|rule|Species Clause: Limit one of each Pok\u00e9mon\n|rule|Item Clause: Limit one of each item\n|clearpoke\n|poke|p1|Chien-Pao, L50|\n|poke|p1|Kingambit, L50, F|\n|poke|p1|Palafin, L50, F|\n|poke|p1|Flutter Mane, L50|\n|poke|p1|Arcanine, L50, F|\n|poke|p1|Amoonguss, L50, F|\n|poke|p2|Maushold, L50|\n|poke|p2|Annihilape, L50, M|\n|poke|p2|Roaring Moon, L50|\n|poke|p2|Ting-Lu, L50|\n|poke|p2|Amoonguss, L50, M|\n|poke|p2|Arcanine, L50, M|\n|teampreview|4\n|raw| Open Team Sheet for Ab0ve5029<\/summary>Astrumy (Chien-Pao) @ Focus Sash Ability: Sword of Ruin Level: 50 Tera Type: Ghost - Ice Spinner - Throat Chop - Sacred Sword - Protect hancec (Kingambit) @ Lum Berry Ability: Defiant Level: 50 Tera Type: Dark - Kowtow Cleave - Sucker Punch - Swords Dance - Protect Above (Palafin) @ Mystic Water Ability: Zero to Hero Level: 50 Tera Type: Water - Wave Crash - Jet Punch - Haze - Protect RulingWillB (Flutter Mane) @ Booster Energy Ability: Protosynthesis Level: 50 Tera Type: Grass - Shadow Ball - Dazzling Gleam - Energy Ball - Protect CaLdAbOoS (Arcanine) @ Safety Goggles Ability: Intimidate Level: 50 Tera Type: Water - Flare Blitz - Extreme Speed - Will-O-Wisp - Protect Whynus (Amoonguss) @ Sitrus Berry Ability: Regenerator Level: 50 Tera Type: Water - Pollen Puff - Spore - Rage Powder - Protect <\/details><\/div> Open Team Sheet for Raceto1700s<\/summary>Maushold @ Safety Goggles Ability: Friend Guard Level: 50 Tera Type: Fairy - Beat Up - Follow Me - Super Fang - Protect Annihilape @ Leftovers Ability: Vital Spirit Level: 50 Tera Type: Poison - Drain Punch - Rage Fist - Bulk Up - Protect Roaring Moon @ Booster Energy Ability: Protosynthesis Level: 50 Tera Type: Flying - Acrobatics - Breaking Swipe - Tailwind - Protect Ting-Lu @ Assault Vest Ability: Vessel of Ruin Level: 50 Tera Type: Water - Stomping Tantrum - Heavy Slam - Rock Slide - Snarl Amoonguss @ Wiki Berry Ability: Regenerator Level: 50 Tera Type: Water - Pollen Puff - Rage Powder - Spore - Giga Drain Arcanine @ Sitrus Berry Ability: Intimidate Level: 50 Tera Type: Grass - Flare Blitz - Extreme Speed - Howl - Will-O-Wisp <\/details><\/div>\n|j| kiyonamivgc\n|c|\u2606Ab0ve5029|glhf\n|c|\u2606Raceto1700s|u2\n|\n|t:|1681745111\n|start\n|switch|p1a: Above|Palafin, L50, F|100\/100\n|switch|p1b: RulingWillB|Flutter Mane, L50|100\/100\n|switch|p2a: Maushold|Maushold, L50|100\/100\n|switch|p2b: Annihilape|Annihilape, L50, M|100\/100\n|-enditem|p1b: RulingWillB|Booster Energy\n|-activate|p1b: RulingWillB|ability: Protosynthesis|[fromitem]\n|-start|p1b: RulingWillB|protosynthesisspa\n|turn|1\n|\n|t:|1681745158\n|-terastallize|p1a: Above|Water\n|-terastallize|p2b: Annihilape|Poison\n|move|p1b: RulingWillB|Dazzling Gleam|p2b: Annihilape|[spread] p2a,p2b\n|-resisted|p2b: Annihilape\n|-damage|p2a: Maushold|60\/100\n|-damage|p2b: Annihilape|88\/100\n|move|p2a: Maushold|Beat Up|p2b: Annihilape\n|-damage|p2b: Annihilape|86\/100\n|-damage|p2b: Annihilape|83\/100\n|-damage|p2b: Annihilape|81\/100\n|-damage|p2b: Annihilape|79\/100\n|-hitcount|p2b: Annihilape|4\n|move|p1a: Above|Wave Crash|p2b: Annihilape\n|-damage|p2b: Annihilape|26\/100\n|-damage|p1a: Above|82\/100|[from] Recoil\n|move|p2b: Annihilape|Rage Fist|p1a: Above\n|-damage|p1a: Above|0 fnt\n|faint|p1a: Above\n|\n|-heal|p2b: Annihilape|32\/100|[from] item: Leftovers\n|upkeep\n|\n|t:|1681745169\n|switch|p1a: Astrumy|Chien-Pao, L50|100\/100\n|-ability|p1a: Astrumy|Sword of Ruin\n|turn|2\n|\n|t:|1681745180\n|move|p2b: Annihilape|Protect|p2b: Annihilape\n|-singleturn|p2b: Annihilape|Protect\n|move|p1a: Astrumy|Sacred Sword|p2a: Maushold\n|-supereffective|p2a: Maushold\n|-damage|p2a: Maushold|0 fnt\n|faint|p2a: Maushold\n|move|p1b: RulingWillB|Shadow Ball|p2b: Annihilape\n|-activate|p2b: Annihilape|move: Protect\n|\n|-heal|p2b: Annihilape|39\/100|[from] item: Leftovers\n|upkeep\n|\n|t:|1681745186\n|switch|p2a: Roaring Moon|Roaring Moon, L50|100\/100\n|-enditem|p2a: Roaring Moon|Booster Energy\n|-activate|p2a: Roaring Moon|ability: Protosynthesis|[fromitem]\n|-start|p2a: Roaring Moon|protosynthesisspe\n|turn|3\n|j| prunyy\n|l| prunyy\n|\n|t:|1681745234\n|move|p1b: RulingWillB|Protect|p1b: RulingWillB\n|-singleturn|p1b: RulingWillB|Protect\n|move|p2a: Roaring Moon|Tailwind|p2a: Roaring Moon\n|-sidestart|p2: Raceto1700s|move: Tailwind\n|move|p2b: Annihilape|Drain Punch|p1a: Astrumy\n|-supereffective|p1a: Astrumy\n|-enditem|p1a: Astrumy|Focus Sash\n|-damage|p1a: Astrumy|1\/100\n|-heal|p2b: Annihilape|75\/100|[from] drain|[of] p1a: Astrumy\n|move|p1a: Astrumy|Throat Chop|p2b: Annihilape\n|-damage|p2b: Annihilape|29\/100\n|-start|p2b: Annihilape|Throat Chop|[silent]\n|\n|-heal|p2b: Annihilape|35\/100|[from] item: Leftovers\n|upkeep\n|turn|4\n|\n|t:|1681745251\n|-end|p1b: RulingWillB|Protosynthesis|[silent]\n|switch|p1b: Whynus|Amoonguss, L50, F|100\/100\n|move|p2a: Roaring Moon|Breaking Swipe|p1b: Whynus|[spread] p1a,p1b\n|-crit|p1a: Astrumy\n|-damage|p1a: Astrumy|0 fnt\n|-damage|p1b: Whynus|76\/100\n|-unboost|p1b: Whynus|atk|1\n|faint|p1a: Astrumy\n|move|p2b: Annihilape|Rage Fist|p1b: Whynus\n|-damage|p1b: Whynus|0 fnt\n|faint|p1b: Whynus\n|\n|-heal|p2b: Annihilape|41\/100|[from] item: Leftovers\n|-end|p2b: Annihilape|Throat Chop|[silent]\n|upkeep\n|\n|t:|1681745256\n|switch|p1b: RulingWillB|Flutter Mane, L50|100\/100\n|turn|5\n|\n|t:|1681745261\n|move|p1b: RulingWillB|Protect|p1b: RulingWillB\n|-singleturn|p1b: RulingWillB|Protect\n|move|p2a: Roaring Moon|Acrobatics|p1b: RulingWillB\n|-activate|p1b: RulingWillB|move: Protect\n|move|p2b: Annihilape|Rage Fist|p1b: RulingWillB\n|-activate|p1b: RulingWillB|move: Protect\n|\n|-heal|p2b: Annihilape|48\/100|[from] item: Leftovers\n|upkeep\n|turn|6\n|l| kiyonamivgc\n|\n|t:|1681745265\n|move|p2a: Roaring Moon|Acrobatics|p1b: RulingWillB\n|-damage|p1b: RulingWillB|49\/100\n|move|p2b: Annihilape|Rage Fist|p1b: RulingWillB\n|-supereffective|p1b: RulingWillB\n|-crit|p1b: RulingWillB\n|-damage|p1b: RulingWillB|0 fnt\n|faint|p1b: RulingWillB\n|-end|p1b: RulingWillB|Protosynthesis|[silent]\n|\n|win|Raceto1700s\n|n|\u2606Ab0ve5029|ab0ve5029\n|n|\u2606Raceto1700s|raceto1700s\n|c|\u2606Ab0ve5029|gg\n|c|\u2606Raceto1700s|gg\n|l|\u2606Ab0ve5029\n|j| LasermanZ111\n|l| LasermanZ111\n","uploadtime":1681746629,"views":11,"p1id":"ab0ve5029","p2id":"raceto1700s","formatid":"gen9vgc2023regulationc","rating":0,"private":0,"password":""}