{"id":"gen9vgc2023regulationc-1854285042","p1":"thrillcorner","p2":"ts02942461","format":"[Gen 9] VGC 2023 Regulation C","log":"|j|\u2606thrillcorner\n|j|\u2606ts02942461\n|t:|1682792564\n|gametype|doubles\n|player|p1|thrillcorner|red-masters2|1022\n|player|p2|ts02942461|265|1100\n|teamsize|p1|6\n|teamsize|p2|6\n|gen|9\n|tier|[Gen 9] VGC 2023 Regulation C\n|rated|\n|rule|Species Clause: Limit one of each Pok\u00e9mon\n|rule|Item Clause: Limit one of each item\n|clearpoke\n|poke|p1|Arcanine, L50, M|\n|poke|p1|Amoonguss, L50, F|\n|poke|p1|Kingambit, L50, M|\n|poke|p1|Flutter Mane, L50|\n|poke|p1|Ting-Lu, L50|\n|poke|p1|Palafin, L50, F|\n|poke|p2|Armarouge, L50, F|\n|poke|p2|Torkoal, L50, F|\n|poke|p2|Sandy Shocks, L50|\n|poke|p2|Indeedee-F, L50, F|\n|poke|p2|Gastrodon, L50, F|\n|poke|p2|Baxcalibur, L50, M|\n|teampreview|4\n|\n|t:|1682792607\n|start\n|switch|p1a: Mugman|Ting-Lu, L50|100\/100\n|switch|p1b: Willow|Flutter Mane, L50|100\/100\n|switch|p2a: Indeedee|Indeedee-F, L50, F|100\/100\n|switch|p2b: Torkoal|Torkoal, L50, F|100\/100\n|-fieldstart|move: Psychic Terrain|[from] ability: Psychic Surge|[of] p2a: Indeedee\n|-enditem|p2a: Indeedee|Psychic Seed\n|-boost|p2a: Indeedee|spd|1|[from] item: Psychic Seed\n|-ability|p1a: Mugman|Vessel of Ruin\n|-weather|SunnyDay|[from] ability: Drought|[of] p2b: Torkoal\n|-activate|p1b: Willow|ability: Protosynthesis\n|-start|p1b: Willow|protosynthesisspa\n|turn|1\n|\n|t:|1682792646\n|move|p2b: Torkoal|Protect|p2b: Torkoal\n|-singleturn|p2b: Torkoal|Protect\n|move|p1b: Willow|Moonblast|p2a: Indeedee\n|-damage|p2a: Indeedee|51\/100\n|-unboost|p2a: Indeedee|spa|1\n|move|p1a: Mugman|Stomping Tantrum|p2a: Indeedee\n|-damage|p2a: Indeedee|15\/100\n|move|p2a: Indeedee|Trick Room|p2a: Indeedee\n|-fieldstart|move: Trick Room|[of] p2a: Indeedee\n|\n|-weather|SunnyDay|[upkeep]\n|upkeep\n|turn|2\n|\n|t:|1682792673\n|-terastallize|p2b: Torkoal|Fire\n|-terastallize|p1a: Mugman|Water\n|move|p2a: Indeedee|Helping Hand|p2b: Torkoal\n|-singleturn|p2b: Torkoal|Helping Hand|[of] p2a: Indeedee\n|move|p2b: Torkoal|Eruption|p1a: Mugman|[spread] p1a,p1b\n|-resisted|p1a: Mugman\n|-damage|p1a: Mugman|71\/100\n|-damage|p1b: Willow|0 fnt\n|faint|p1b: Willow\n|-end|p1b: Willow|Protosynthesis|[silent]\n|move|p1a: Mugman|Earthquake|p2b: Torkoal|[spread] p2a,p2b\n|-supereffective|p2b: Torkoal\n|-damage|p2a: Indeedee|0 fnt\n|-damage|p2b: Torkoal|45\/100\n|faint|p2a: Indeedee\n|\n|-weather|SunnyDay|[upkeep]\n|upkeep\n|\n|t:|1682792693\n|switch|p2a: Baxcalibur|Baxcalibur, L50, M|100\/100\n|switch|p1b: Blueshido|Kingambit, L50, M, shiny|100\/100\n|turn|3\n|\n|t:|1682792703\n|switch|p2a: Gastrodon|Gastrodon, L50, F|100\/100\n|move|p1b: Blueshido|Protect|p1b: Blueshido\n|-singleturn|p1b: Blueshido|Protect\n|move|p2b: Torkoal|Yawn|p1a: Mugman\n|-start|p1a: Mugman|move: Yawn|[of] p2b: Torkoal\n|move|p1a: Mugman|Earthquake|p2a: Gastrodon|[spread] p2a,p2b\n|-activate|p1b: Blueshido|move: Protect\n|-supereffective|p2b: Torkoal\n|-damage|p2a: Gastrodon|73\/100\n|-damage|p2b: Torkoal|0 fnt\n|faint|p2b: Torkoal\n|\n|-weather|SunnyDay|[upkeep]\n|upkeep\n|\n|t:|1682792719\n|switch|p2b: Baxcalibur|Baxcalibur, L50, M|100\/100\n|turn|4\n|\n|t:|1682792728\n|switch|p1a: Ripley|Arcanine, L50, M|100\/100\n|-ability|p1a: Ripley|Intimidate|boost\n|-unboost|p2a: Gastrodon|atk|1\n|-fail|p2b: Baxcalibur|unboost|[from] item: Clear Amulet|[of] p2b: Baxcalibur\n|move|p2a: Gastrodon|Earth Power|p1b: Blueshido\n|-supereffective|p1b: Blueshido\n|-damage|p1b: Blueshido|42\/100\n|move|p1b: Blueshido|Swords Dance|p1b: Blueshido\n|-boost|p1b: Blueshido|atk|2\n|move|p2b: Baxcalibur|Glaive Rush|p1b: Blueshido\n|-resisted|p1b: Blueshido\n|-damage|p1b: Blueshido|14\/100\n|-singlemove|p2b: Baxcalibur|Glaive Rush|[silent]\n|\n|-weather|SunnyDay|[upkeep]\n|upkeep\n|turn|5\n|\n|t:|1682792752\n|move|p1b: Blueshido|Protect|p1b: Blueshido\n|-singleturn|p1b: Blueshido|Protect\n|move|p2b: Baxcalibur|Ice Shard|p1b: Blueshido\n|-activate|p1b: Blueshido|move: Psychic Terrain\n|move|p2a: Gastrodon|Earth Power|p1a: Ripley\n|-supereffective|p1a: Ripley\n|-damage|p1a: Ripley|42\/100\n|move|p1a: Ripley|Howl|p1a: Ripley|[spread] p1a,p1b\n|-boost|p1a: Ripley|atk|1\n|-boost|p1b: Blueshido|atk|1\n|\n|-weather|none\n|-fieldend|move: Trick Room\n|-fieldend|move: Psychic Terrain\n|upkeep\n|turn|6\n|\n|t:|1682792779\n|move|p2b: Baxcalibur|Protect|p2b: Baxcalibur\n|-singleturn|p2b: Baxcalibur|Protect\n|move|p1a: Ripley|Flare Blitz|p2b: Baxcalibur\n|-activate|p2b: Baxcalibur|move: Protect\n|move|p1b: Blueshido|Kowtow Cleave|p2b: Baxcalibur\n|-activate|p2b: Baxcalibur|move: Protect\n|move|p2a: Gastrodon|Earth Power|p1b: Blueshido\n|-supereffective|p1b: Blueshido\n|-damage|p1b: Blueshido|0 fnt\n|faint|p1b: Blueshido\n|\n|upkeep\n|\n|t:|1682792789\n|switch|p1b: Mugman|Ting-Lu, L50, tera:Water|71\/100\n|-ability|p1b: Mugman|Vessel of Ruin\n|turn|7\n|\n|t:|1682792808\n|move|p1a: Ripley|Flare Blitz|p2b: Baxcalibur\n|-damage|p2b: Baxcalibur|47\/100\n|-ability|p2b: Baxcalibur|Thermal Exchange|boost\n|-boost|p2b: Baxcalibur|atk|1\n|-damage|p1a: Ripley|22\/100|[from] Recoil\n|move|p2b: Baxcalibur|Glaive Rush|p1b: Mugman\n|-damage|p1b: Mugman|0 fnt\n|-singlemove|p2b: Baxcalibur|Glaive Rush|[silent]\n|faint|p1b: Mugman\n|move|p2a: Gastrodon|Earth Power|p1a: Ripley\n|-supereffective|p1a: Ripley\n|-damage|p1a: Ripley|0 fnt\n|faint|p1a: Ripley\n|\n|win|ts02942461\n|raw|thrillcorner's rating: 1022 → 1012<\/strong> (-10 for losing)\n|raw|ts02942461's rating: 1100 → 1119<\/strong> (+19 for winning)\n","uploadtime":1682792821,"views":23,"p1id":"thrillcorner","p2id":"ts02942461","formatid":"gen9vgc2023regulationc","rating":1012,"private":0,"password":""}