{"id":"gen9vgc2023regulationc-1853040209","p1":"ZootZootCaboot","p2":"tanobaum","format":"[Gen 9] VGC 2023 Regulation C","log":"|j|\u2606ZootZootCaboot\n|j|\u2606tanobaum\n|t:|1682628401\n|gametype|doubles\n|player|p1|ZootZootCaboot|266|1647\n|player|p2|tanobaum|norman|1605\n|teamsize|p1|6\n|teamsize|p2|6\n|gen|9\n|tier|[Gen 9] VGC 2023 Regulation C\n|rated|\n|rule|Species Clause: Limit one of each Pok\u00e9mon\n|rule|Item Clause: Limit one of each item\n|clearpoke\n|poke|p1|Dondozo, L50, F|\n|poke|p1|Tatsugiri-Stretchy, L50, F|\n|poke|p1|Glimmora, L50, F|\n|poke|p1|Iron Bundle, L50|\n|poke|p1|Chi-Yu, L50|\n|poke|p1|Pelipper, L50, M|\n|poke|p2|Flutter Mane, L50|\n|poke|p2|Palafin, L50, F|\n|poke|p2|Amoonguss, L50, M|\n|poke|p2|Ting-Lu, L50|\n|poke|p2|Arcanine, L50, F|\n|poke|p2|Baxcalibur, L50, M|\n|teampreview|4\n|inactive|Battle timer is ON: inactive players will automatically lose when time's up. (requested by tanobaum)\nZootZootCaboot has agreed to open team sheets.\ntanobaum has agreed to open team sheets.\n|inactive|ZootZootCaboot has 60 seconds left.\n|inactive|tanobaum has 60 seconds left.\n|j| efrgebgf\n|\n|t:|1682628448\n|start\n|switch|p1a: Dondozo|Dondozo, L50, F, shiny|100\/100\n|switch|p1b: Glimmora|Glimmora, L50, F|100\/100\n|switch|p2a: Palafin|Palafin, L50, F|100\/100\n|switch|p2b: Ting-Lu|Ting-Lu, L50|100\/100\n|-ability|p2b: Ting-Lu|Vessel of Ruin\n|turn|1\n|inactive|tanobaum has 30 seconds left.\n|inactive|ZootZootCaboot has 30 seconds left.\n|inactive|tanobaum has 20 seconds left.\n|inactive|tanobaum has 15 seconds left.\n|inactive|tanobaum has 10 seconds left.\n|\n|t:|1682628494\n|-terastallize|p1b: Glimmora|Grass\n|move|p2a: Palafin|Protect|p2a: Palafin\n|-singleturn|p2a: Palafin|Protect\n|move|p1a: Dondozo|Protect|p1a: Dondozo\n|-singleturn|p1a: Dondozo|Protect\n|move|p1b: Glimmora|Mortal Spin|p2a: Palafin|[spread] p2b\n|-activate|p2a: Palafin|move: Protect\n|-resisted|p2b: Ting-Lu\n|-damage|p2b: Ting-Lu|99\/100\n|-status|p2b: Ting-Lu|psn\n|move|p2b: Ting-Lu|Stomping Tantrum|p1b: Glimmora\n|-resisted|p1b: Glimmora\n|-damage|p1b: Glimmora|81\/100\n|\n|-damage|p2b: Ting-Lu|87\/100 psn|[from] psn\n|upkeep\n|turn|2\n|inactive|ZootZootCaboot has 30 seconds left.\n|\n|t:|1682628524\n|detailschange|p2a: Palafin|Palafin-Hero, L50, F\n|switch|p2a: Arcanine|Arcanine, L50, F|100\/100\n|-ability|p2a: Arcanine|Intimidate|boost\n|-unboost|p1a: Dondozo|atk|1\n|-unboost|p1b: Glimmora|atk|1\n|move|p1b: Glimmora|Mortal Spin|p2a: Arcanine|[spread] p2a,p2b\n|-resisted|p2b: Ting-Lu\n|-damage|p2a: Arcanine|97\/100\n|-damage|p2b: Ting-Lu|86\/100 psn\n|-status|p2a: Arcanine|psn\n|move|p1a: Dondozo|Wave Crash|p2b: Ting-Lu\n|-supereffective|p2b: Ting-Lu\n|-damage|p2b: Ting-Lu|45\/100 psn\n|-damage|p1a: Dondozo|86\/100|[from] Recoil\n|-damage|p1a: Dondozo|77\/100|[from] item: Life Orb\n|move|p2b: Ting-Lu|Ruination|p1a: Dondozo\n|-damage|p1a: Dondozo|39\/100\n|\n|-damage|p2a: Arcanine|85\/100 psn|[from] psn\n|-damage|p2b: Ting-Lu|33\/100 psn|[from] psn\n|upkeep\n|turn|3\n|inactive|tanobaum has 30 seconds left.\n|inactive|tanobaum has 20 seconds left.\n|inactive|tanobaum has 15 seconds left.\n|\n|t:|1682628564\n|switch|p1b: Tatsugiri|Tatsugiri-Stretchy, L50, F|100\/100\n|-activate|p1b: Tatsugiri|ability: Commander|[of] p1a: Dondozo\n|-boost|p1a: Dondozo|atk|2\n|-boost|p1a: Dondozo|spa|2\n|-boost|p1a: Dondozo|spe|2\n|-boost|p1a: Dondozo|def|2\n|-boost|p1a: Dondozo|spd|2\n|switch|p2b: Palafin|Palafin-Hero, L50, F|100\/100\n|-activate|p2b: Palafin|ability: Zero to Hero\n|-terastallize|p2a: Arcanine|Grass\n|move|p1a: Dondozo|Surf|p2a: Arcanine|[spread] p2a,p2b\n|-miss|p1a: Dondozo|p1b: Tatsugiri\n|-resisted|p2a: Arcanine\n|-resisted|p2b: Palafin\n|-damage|p2a: Arcanine|49\/100 psn\n|-damage|p2b: Palafin|70\/100\n|-damage|p1a: Dondozo|29\/100|[from] item: Life Orb\n|move|p2a: Arcanine|Flare Blitz|p1b: Tatsugiri|[miss]\n|-miss|p2a: Arcanine|p1b: Tatsugiri\n|\n|-damage|p2a: Arcanine|37\/100 psn|[from] psn\n|upkeep\n|turn|4\n|\n|t:|1682628582\n|switch|p2a: Amoonguss|Amoonguss, L50, M|100\/100\n|move|p1a: Dondozo|Wave Crash|p2b: Palafin\n|-resisted|p2b: Palafin\n|-damage|p2b: Palafin|33\/100\n|-damage|p1a: Dondozo|18\/100|[from] Recoil\n|-damage|p1a: Dondozo|8\/100|[from] item: Life Orb\n|move|p2b: Palafin|Substitute|p2b: Palafin\n|-start|p2b: Palafin|Substitute\n|-damage|p2b: Palafin|8\/100\n|\n|upkeep\n|turn|5\n|j| Withoutexcuse\n|inactive|tanobaum has 30 seconds left.\n|l| efrgebgf\n|inactive|ZootZootCaboot has 30 seconds left.\n|\n|t:|1682628618\n|move|p2b: Palafin|Jet Punch|p1a: Dondozo\n|-resisted|p1a: Dondozo\n|-damage|p1a: Dondozo|0 fnt\n|faint|p1a: Dondozo\n|move|p2a: Amoonguss|Pollen Puff|p2b: Palafin\n|-heal|p2b: Palafin|58\/100\n|\n|upkeep\n|j| firemind12\n|\n|t:|1682628623\n|switch|p1a: Iron Bundle|Iron Bundle, L50|100\/100\n|-enditem|p1a: Iron Bundle|Booster Energy\n|-activate|p1a: Iron Bundle|ability: Quark Drive|[fromitem]\n|-start|p1a: Iron Bundle|quarkdrivespe\n|turn|6\n|inactive|tanobaum has 30 seconds left.\n|\n|t:|1682628651\n|switch|p2a: Ting-Lu|Ting-Lu, L50|33\/100 psn\n|-ability|p2a: Ting-Lu|Vessel of Ruin\n|move|p1a: Iron Bundle|Protect|p1a: Iron Bundle\n|-singleturn|p1a: Iron Bundle|Protect\n|move|p1b: Tatsugiri|Draco Meteor|p2a: Ting-Lu\n|-damage|p2a: Ting-Lu|8\/100 psn\n|-unboost|p1b: Tatsugiri|spa|2\n|move|p2b: Palafin|Wave Crash|p1b: Tatsugiri\n|-resisted|p1b: Tatsugiri\n|-damage|p1b: Tatsugiri|60\/100\n|-damage|p2b: Palafin|49\/100|[from] Recoil\n|\n|-damage|p2a: Ting-Lu|0 fnt|[from] psn\n|faint|p2a: Ting-Lu\n|upkeep\n|\n|t:|1682628669\n|switch|p2a: Amoonguss|Amoonguss, L50, M|100\/100\n|turn|7\n|\n|t:|1682628673\n|-end|p1a: Iron Bundle|Quark Drive|[silent]\n|switch|p1a: Glimmora|Glimmora, L50, F, tera:Grass|81\/100\n|move|p1b: Tatsugiri|Draco Meteor|p2b: Palafin\n|-end|p2b: Palafin|Substitute\n|-unboost|p1b: Tatsugiri|spa|2\n|move|p2b: Palafin|Wave Crash|p1b: Tatsugiri\n|-resisted|p1b: Tatsugiri\n|-damage|p1b: Tatsugiri|15\/100\n|-damage|p2b: Palafin|38\/100|[from] Recoil\n|move|p2a: Amoonguss|Spore|p1a: Glimmora\n|-immune|p1a: Glimmora\n|\n|upkeep\n|turn|8\n|\n|t:|1682628694\n|move|p1b: Tatsugiri|Draco Meteor|p2b: Palafin\n|-damage|p2b: Palafin|17\/100\n|-unboost|p1b: Tatsugiri|spa|2\n|move|p1a: Glimmora|Mortal Spin|p2a: Amoonguss|[spread] p2a,p2b\n|-damage|p2a: Amoonguss|96\/100\n|-damage|p2b: Palafin|13\/100\n|-status|p2a: Amoonguss|psn\n|-status|p2b: Palafin|psn\n|move|p2b: Palafin|Substitute|p2b: Palafin\n|-fail|p2b: Palafin|move: Substitute|[weak]\n|move|p2a: Amoonguss|Spore|p1b: Tatsugiri\n|-status|p1b: Tatsugiri|slp|[from] move: Spore\n|\n|-damage|p2b: Palafin|0 fnt|[from] psn\n|faint|p2b: Palafin\n|-damage|p2a: Amoonguss|84\/100 psn|[from] psn\n|upkeep\n|\n|t:|1682628701\n|switch|p2b: Arcanine|Arcanine, L50, F, tera:Grass|37\/100 psn\n|-ability|p2b: Arcanine|Intimidate|boost\n|-unboost|p1a: Glimmora|atk|1\n|-unboost|p1b: Tatsugiri|atk|1\n|turn|9\n|inactive|ZootZootCaboot has 30 seconds left.\n|\n|t:|1682628727\n|cant|p1b: Tatsugiri|slp\n|move|p2b: Arcanine|Flare Blitz|p1a: Glimmora\n|-supereffective|p1a: Glimmora\n|-damage|p1a: Glimmora|0 fnt\n|faint|p1a: Glimmora\n|-damage|p2b: Arcanine|12\/100 psn|[from] Recoil\n|move|p2a: Amoonguss|Pollen Puff|p2b: Arcanine\n|-heal|p2b: Arcanine|62\/100 psn\n|\n|-damage|p2b: Arcanine|49\/100 psn|[from] psn\n|-damage|p2a: Amoonguss|72\/100 psn|[from] psn\n|upkeep\n|\n|t:|1682628731\n|switch|p1a: Iron Bundle|Iron Bundle, L50|100\/100\n|turn|10\n|\n|t:|1682628751\n|cant|p1b: Tatsugiri|slp\n|move|p1a: Iron Bundle|Freeze-Dry|p2a: Amoonguss\n|-supereffective|p2a: Amoonguss\n|-damage|p2a: Amoonguss|23\/100 psn\n|-enditem|p2a: Amoonguss|Sitrus Berry|[eat]\n|-heal|p2a: Amoonguss|48\/100 psn|[from] item: Sitrus Berry\n|move|p2b: Arcanine|Flare Blitz|p1b: Tatsugiri\n|-resisted|p1b: Tatsugiri\n|-damage|p1b: Tatsugiri|0 fnt\n|faint|p1b: Tatsugiri\n|-damage|p2b: Arcanine|46\/100 psn|[from] Recoil\n|move|p2a: Amoonguss|Pollen Puff|p2b: Arcanine\n|-heal|p2b: Arcanine|96\/100 psn\n|\n|-damage|p2b: Arcanine|83\/100 psn|[from] psn\n|-damage|p2a: Amoonguss|35\/100 psn|[from] psn\n|upkeep\n|turn|11\n|\n|t:|1682628766\n|move|p1a: Iron Bundle|Freeze-Dry|p2a: Amoonguss\n|-supereffective|p2a: Amoonguss\n|-damage|p2a: Amoonguss|0 fnt\n|faint|p2a: Amoonguss\n|move|p2b: Arcanine|Flare Blitz|p1a: Iron Bundle\n|-damage|p1a: Iron Bundle|56\/100\n|-status|p1a: Iron Bundle|brn\n|-damage|p2b: Arcanine|72\/100 psn|[from] Recoil\n|\n|-damage|p2b: Arcanine|60\/100 psn|[from] psn\n|-damage|p1a: Iron Bundle|49\/100 brn|[from] brn\n|upkeep\n|turn|12\n|\n|t:|1682628776\n|move|p1a: Iron Bundle|Protect|p1a: Iron Bundle\n|-singleturn|p1a: Iron Bundle|Protect\n|move|p2b: Arcanine|Flare Blitz|p1a: Iron Bundle\n|-activate|p1a: Iron Bundle|move: Protect\n|\n|-damage|p2b: Arcanine|47\/100 psn|[from] psn\n|-damage|p1a: Iron Bundle|43\/100 brn|[from] brn\n|upkeep\n|turn|13\n|\n|t:|1682628779\n|move|p1a: Iron Bundle|Freeze-Dry|p2b: Arcanine\n|-supereffective|p2b: Arcanine\n|-damage|p2b: Arcanine|0 fnt\n|faint|p2b: Arcanine\n|\n|win|ZootZootCaboot\n|raw|ZootZootCaboot's rating: 1647 → 1665<\/strong> (+18 for winning)\n|raw|tanobaum's rating: 1605 → 1587<\/strong> (-18 for losing)\n|c|\u2606tanobaum|gg\n","uploadtime":1682628785,"views":13,"p1id":"zootzootcaboot","p2id":"tanobaum","formatid":"gen9vgc2023regulationc","rating":1587,"private":0,"password":""}