{"id":"gen9vgc2023regulationc-1864111091","p1":"BUNDA MOLE VGC","p2":"josephbanananas","format":"[Gen 9] VGC 2023 Regulation C","log":"|j|\u2606BUNDA MOLE VGC\n|j|\u2606josephbanananas\n|t:|1684118970\n|gametype|doubles\n|player|p1|BUNDA MOLE VGC|bruno|1180\n|player|p2|josephbanananas|byron|1186\n|teamsize|p1|6\n|teamsize|p2|6\n|gen|9\n|tier|[Gen 9] VGC 2023 Regulation C\n|rated|\n|rule|Species Clause: Limit one of each Pok\u00e9mon\n|rule|Item Clause: Limit one of each item\n|clearpoke\n|poke|p1|Gothitelle, L50, M|\n|poke|p1|Ting-Lu, L50|\n|poke|p1|Scream Tail, L50|\n|poke|p1|Amoonguss, L50, M|\n|poke|p1|Gothorita, L50, M|\n|poke|p1|Flutter Mane, L50|\n|poke|p2|Lucario, L50, F|\n|poke|p2|Flutter Mane, L50|\n|poke|p2|Dragonite, L50, F|\n|poke|p2|Chien-Pao, L50|\n|poke|p2|Amoonguss, L50, M|\n|poke|p2|Gastrodon, L50, F|\n|teampreview|4\n|inactive|Battle timer is ON: inactive players will automatically lose when time's up. (requested by BUNDA MOLE VGC)\n|\n|t:|1684118996\n|start\n|switch|p1a: Ting-Lu|Ting-Lu, L50|100\/100\n|switch|p1b: Flutter Mane|Flutter Mane, L50|100\/100\n|switch|p2a: Gastrodon|Gastrodon, L50, F|100\/100\n|switch|p2b: Flutter Mane|Flutter Mane, L50|100\/100\n|-ability|p1a: Ting-Lu|Vessel of Ruin\n|turn|1\n|\n|t:|1684119004\n|move|p2a: Gastrodon|Helping Hand|p2b: Flutter Mane\n|-singleturn|p2b: Flutter Mane|Helping Hand|[of] p2a: Gastrodon\n|move|p1b: Flutter Mane|Perish Song|p1b: Flutter Mane\n|-start|p1a: Ting-Lu|perish3|[silent]\n|-start|p1b: Flutter Mane|perish3|[silent]\n|-start|p2a: Gastrodon|perish3|[silent]\n|-start|p2b: Flutter Mane|perish3|[silent]\n|-fieldactivate|move: Perish Song\n|move|p2b: Flutter Mane|Dazzling Gleam|p1a: Ting-Lu|[spread] p1a,p1b\n|-supereffective|p1a: Ting-Lu\n|-damage|p1a: Ting-Lu|34\/100\n|-damage|p1b: Flutter Mane|41\/100\n|move|p1a: Ting-Lu|Heavy Slam|p2b: Flutter Mane\n|-supereffective|p2b: Flutter Mane\n|-damage|p2b: Flutter Mane|0 fnt\n|faint|p2b: Flutter Mane\n|-end|p2b: Flutter Mane|Protosynthesis|[silent]\n|\n|-start|p1b: Flutter Mane|perish3\n|-start|p1a: Ting-Lu|perish3\n|-start|p2a: Gastrodon|perish3\n|upkeep\n|\n|t:|1684119016\n|switch|p2b: Chien-Pao|Chien-Pao, L50|100\/100\n|-ability|p2b: Chien-Pao|Sword of Ruin\n|turn|2\n|\n|t:|1684119035\n|move|p2b: Chien-Pao|Sucker Punch|p1b: Flutter Mane\n|-damage|p1b: Flutter Mane|0 fnt\n|faint|p1b: Flutter Mane\n|-end|p1b: Flutter Mane|Protosynthesis|[silent]\n|move|p1a: Ting-Lu|Sand Tomb|p2a: Gastrodon\n|-damage|p2a: Gastrodon|81\/100\n|-activate|p2a: Gastrodon|move: Sand Tomb|[of] p1a: Ting-Lu\n|move|p2a: Gastrodon|Ice Beam|p1a: Ting-Lu\n|-supereffective|p1a: Ting-Lu\n|-damage|p1a: Ting-Lu|12\/100\n|-enditem|p1a: Ting-Lu|Wiki Berry|[eat]\n|-heal|p1a: Ting-Lu|46\/100|[from] item: Wiki Berry\n|-start|p1a: Ting-Lu|confusion\n|\n|-damage|p2a: Gastrodon|69\/100|[from] move: Sand Tomb|[partiallytrapped]\n|-start|p1a: Ting-Lu|perish2\n|-start|p2a: Gastrodon|perish2\n|upkeep\n|\n|t:|1684119052\n|switch|p1b: Scream Tail|Scream Tail, L50|100\/100\n|turn|3\n|\n|t:|1684119071\n|-activate|p1a: Ting-Lu|confusion\n|move|p1a: Ting-Lu|Protect|p1a: Ting-Lu\n|-singleturn|p1a: Ting-Lu|Protect\n|move|p2b: Chien-Pao|Ice Spinner|p1a: Ting-Lu\n|-activate|p1a: Ting-Lu|move: Protect\n|move|p1b: Scream Tail|Perish Song|p1b: Scream Tail\n|-start|p1b: Scream Tail|perish3|[silent]\n|-start|p2b: Chien-Pao|perish3|[silent]\n|-fieldactivate|move: Perish Song\n|move|p2a: Gastrodon|Ice Beam|p1a: Ting-Lu\n|-activate|p1a: Ting-Lu|move: Protect\n|\n|-damage|p2a: Gastrodon|57\/100|[from] move: Sand Tomb|[partiallytrapped]\n|-start|p2b: Chien-Pao|perish3\n|-start|p1b: Scream Tail|perish3\n|-start|p1a: Ting-Lu|perish1\n|-start|p2a: Gastrodon|perish1\n|upkeep\n|turn|4\n|\n|t:|1684119092\n|switch|p1a: Amoonguss|Amoonguss, L50, M|100\/100\n|move|p2a: Gastrodon|Helping Hand|p2b: Chien-Pao\n|-singleturn|p2b: Chien-Pao|Helping Hand|[of] p2a: Gastrodon\n|move|p2b: Chien-Pao|Ice Spinner|p1b: Scream Tail\n|-damage|p1b: Scream Tail|52\/100\n|move|p1b: Scream Tail|Play Rough|p2b: Chien-Pao\n|-supereffective|p2b: Chien-Pao\n|-damage|p2b: Chien-Pao|47\/100\n|\n|-end|p2a: Gastrodon|Sand Tomb|[partiallytrapped]|[silent]\n|-start|p2b: Chien-Pao|perish2\n|-start|p1b: Scream Tail|perish2\n|-start|p2a: Gastrodon|perish0\n|upkeep\n|faint|p2a: Gastrodon\n|\n|t:|1684119100\n|switch|p2a: Amoonguss|Amoonguss, L50, M|100\/100\n|turn|5\n|\n|t:|1684119118\n|move|p1b: Scream Tail|Protect|p1b: Scream Tail\n|-singleturn|p1b: Scream Tail|Protect\n|move|p2b: Chien-Pao|Ice Spinner|p1b: Scream Tail\n|-activate|p1b: Scream Tail|move: Protect\n|move|p2a: Amoonguss|Pollen Puff|p2b: Chien-Pao\n|-heal|p2b: Chien-Pao|97\/100\n|move|p1a: Amoonguss|Spore|p2b: Chien-Pao\n|-status|p2b: Chien-Pao|slp|[from] move: Spore\n|\n|-start|p2b: Chien-Pao|perish1\n|-start|p1b: Scream Tail|perish1\n|upkeep\n|turn|6\n|-message|josephbanananas forfeited.\n|\n|win|BUNDA MOLE VGC\n|raw|BUNDA MOLE VGC's rating: 1180 → 1205<\/strong> (+25 for winning)\n|raw|josephbanananas's rating: 1186 → 1161<\/strong> (-25 for losing)\n|l|\u2606josephbanananas\n","uploadtime":1684119138,"views":10,"p1id":"bundamolevgc","p2id":"josephbanananas","formatid":"gen9vgc2023regulationc","rating":1161,"private":0,"password":""}