{"id":"gen9vgc2023regulationc-1852655288","p1":"amendoleaa","p2":"Ytterby","format":"[Gen 9] VGC 2023 Regulation C","log":"|j|\u2606amendoleaa\n|j|\u2606Ytterby\n|t:|1682591955\n|gametype|doubles\n|player|p1|amendoleaa|101|1120\n|player|p2|Ytterby|brycenman|1115\n|teamsize|p1|6\n|teamsize|p2|6\n|gen|9\n|tier|[Gen 9] VGC 2023 Regulation C\n|rated|\n|rule|Species Clause: Limit one of each Pok\u00e9mon\n|rule|Item Clause: Limit one of each item\n|clearpoke\n|poke|p1|Gastrodon, L50, F|\n|poke|p1|Rotom-Heat, L50|\n|poke|p1|Wo-Chien, L50|\n|poke|p1|Flutter Mane, L50|\n|poke|p1|Dragonite, L50, M|\n|poke|p1|Gyarados, L50, F|\n|poke|p2|Flutter Mane, L50|\n|poke|p2|Arcanine, L50, F|\n|poke|p2|Torkoal, L50, M|\n|poke|p2|Maushold, L50|\n|poke|p2|Annihilape, L50, F|\n|poke|p2|Noivern, L50, M|\n|teampreview|4\n|\n|t:|1682591999\n|start\n|switch|p1a: Flutter Mane|Flutter Mane, L50|100\/100\n|switch|p1b: Rotom|Rotom-Heat, L50|100\/100\n|switch|p2a: Farter Man|Flutter Mane, L50|100\/100\n|switch|p2b: Arcanine|Arcanine, L50, F|100\/100\n|-ability|p2b: Arcanine|Intimidate|boost\n|-unboost|p1a: Flutter Mane|atk|1\n|-unboost|p1b: Rotom|atk|1\n|-enditem|p1a: Flutter Mane|Booster Energy\n|-activate|p1a: Flutter Mane|ability: Protosynthesis|[fromitem]\n|-start|p1a: Flutter Mane|protosynthesisspe\n|turn|1\n|\n|t:|1682592029\n|move|p2a: Farter Man|Protect|p2a: Farter Man\n|-singleturn|p2a: Farter Man|Protect\n|move|p1a: Flutter Mane|Shadow Ball|p2a: Farter Man\n|-activate|p2a: Farter Man|move: Protect\n|move|p2b: Arcanine|Snarl|p1b: Rotom|[spread] p1a,p1b\n|-damage|p1a: Flutter Mane|86\/100\n|-damage|p1b: Rotom|86\/100\n|-unboost|p1a: Flutter Mane|spa|1\n|-unboost|p1b: Rotom|spa|1\n|move|p1b: Rotom|Thunderbolt|p2a: Farter Man\n|-activate|p2a: Farter Man|move: Protect\n|\n|upkeep\n|turn|2\n|inactive|Battle timer is ON: inactive players will automatically lose when time's up. (requested by amendoleaa)\n|\n|t:|1682592082\n|switch|p2b: Torkoal|Torkoal, L50, M|100\/100\n|-weather|SunnyDay|[from] ability: Drought|[of] p2b: Torkoal\n|-activate|p2a: Farter Man|ability: Protosynthesis\n|-start|p2a: Farter Man|protosynthesisspe\n|move|p2a: Farter Man|Shadow Ball|p1a: Flutter Mane\n|-supereffective|p1a: Flutter Mane\n|-damage|p1a: Flutter Mane|0 fnt\n|faint|p1a: Flutter Mane\n|-end|p1a: Flutter Mane|Protosynthesis|[silent]\n|-damage|p2a: Farter Man|91\/100|[from] item: Life Orb\n|move|p1b: Rotom|Thunderbolt|p2a: Farter Man\n|-damage|p2a: Farter Man|63\/100\n|\n|-weather|SunnyDay|[upkeep]\n|upkeep\n|\n|t:|1682592100\n|switch|p1a: Gyarados|Gyarados, L50, F|100\/100\n|-ability|p1a: Gyarados|Intimidate|boost\n|-unboost|p2a: Farter Man|atk|1\n|-unboost|p2b: Torkoal|atk|1\n|turn|3\n|inactive|Ytterby has 30 seconds left.\n|inactive|Ytterby has 20 seconds left.\n|\n|t:|1682592136\n|switch|p2b: Arcanine|Arcanine, L50, F|100\/100\n|-ability|p2b: Arcanine|Intimidate|boost\n|-unboost|p1a: Gyarados|atk|1\n|-unboost|p1b: Rotom|atk|1\n|move|p2a: Farter Man|Moonblast|p1a: Gyarados\n|-damage|p1a: Gyarados|36\/100\n|-unboost|p1a: Gyarados|spa|1\n|-enditem|p1a: Gyarados|Sitrus Berry|[eat]\n|-heal|p1a: Gyarados|61\/100|[from] item: Sitrus Berry\n|-damage|p2a: Farter Man|54\/100|[from] item: Life Orb\n|move|p1b: Rotom|Thunderbolt|p2b: Arcanine\n|-damage|p2b: Arcanine|67\/100\n|move|p1a: Gyarados|Waterfall|p2b: Arcanine\n|-supereffective|p2b: Arcanine\n|-damage|p2b: Arcanine|28\/100\n|\n|-weather|SunnyDay|[upkeep]\n|upkeep\n|turn|4\n|inactive|Ytterby has 30 seconds left.\n|\n|t:|1682592168\n|switch|p1b: Wo-Chien|Wo-Chien, L50|100\/100\n|-ability|p1b: Wo-Chien|Tablets of Ruin\n|-terastallize|p1a: Gyarados|Steel\n|move|p2a: Farter Man|Moonblast|p1a: Gyarados\n|-resisted|p1a: Gyarados\n|-damage|p1a: Gyarados|32\/100\n|-damage|p2a: Farter Man|45\/100|[from] item: Life Orb\n|move|p2b: Arcanine|Snarl|p1a: Gyarados|[spread] p1a,p1b\n|-resisted|p1b: Wo-Chien\n|-damage|p1a: Gyarados|20\/100\n|-damage|p1b: Wo-Chien|96\/100\n|-unboost|p1a: Gyarados|spa|1\n|-unboost|p1b: Wo-Chien|spa|1\n|move|p1a: Gyarados|Tera Blast|p2a: Farter Man\n|-supereffective|p2a: Farter Man\n|-damage|p2a: Farter Man|0 fnt\n|faint|p2a: Farter Man\n|-end|p2a: Farter Man|Protosynthesis|[silent]\n|\n|-weather|SunnyDay|[upkeep]\n|-heal|p1b: Wo-Chien|100\/100|[from] item: Leftovers\n|upkeep\n|\n|t:|1682592187\n|switch|p2a: Annihilape|Annihilape, L50, F|100\/100\n|turn|5\n|\n|t:|1682592212\n|move|p2a: Annihilape|Close Combat|p1b: Wo-Chien\n|-supereffective|p1b: Wo-Chien\n|-damage|p1b: Wo-Chien|49\/100\n|-unboost|p2a: Annihilape|def|1\n|-unboost|p2a: Annihilape|spd|1\n|move|p2b: Arcanine|Heat Wave|p1b: Wo-Chien|[spread] p1a,p1b\n|-supereffective|p1a: Gyarados\n|-supereffective|p1b: Wo-Chien\n|-damage|p1a: Gyarados|0 fnt\n|-damage|p1b: Wo-Chien|0 fnt\n|faint|p1a: Gyarados\n|faint|p1b: Wo-Chien\n|\n|-weather|SunnyDay|[upkeep]\n|upkeep\n|-message|amendoleaa forfeited.\n|\n|win|Ytterby\n|raw|amendoleaa's rating: 1120 → 1095<\/strong> (-25 for losing)\n|raw|Ytterby's rating: 1115 → 1140<\/strong> (+25 for winning)\n|l|\u2606amendoleaa\n","uploadtime":1682592228,"views":9,"p1id":"amendoleaa","p2id":"ytterby","formatid":"gen9vgc2023regulationc","rating":1095,"private":0,"password":""}