{"id":"gen9vgc2023regulationc-1860363755","p1":"StevyPKM","p2":"SpikeMike","format":"[Gen 9] VGC 2023 Regulation C","log":"|j|\u2606StevyPKM\n|j|\u2606SpikeMike\n|t:|1683637398\n|gametype|doubles\n|player|p1|StevyPKM|hilbert|1015\n|player|p2|SpikeMike|giacomo|1057\n|teamsize|p1|6\n|teamsize|p2|6\n|gen|9\n|tier|[Gen 9] VGC 2023 Regulation C\n|rated|\n|rule|Species Clause: Limit one of each Pok\u00e9mon\n|rule|Item Clause: Limit one of each item\n|clearpoke\n|poke|p1|Eelektross, L50, F|\n|poke|p1|Amoonguss, L50, F|\n|poke|p1|Gyarados, L50, M|\n|poke|p1|Talonflame, L50, F|\n|poke|p1|Flutter Mane, L50|\n|poke|p1|Baxcalibur, L50, F|\n|poke|p2|Medicham, L50, M|\n|poke|p2|Tinkaton, L50, F|\n|poke|p2|Chien-Pao, L50|\n|poke|p2|Flutter Mane, L50|\n|poke|p2|Kingambit, L50, F|\n|poke|p2|Amoonguss, L50, F|\n|teampreview|4\n|inactive|Battle timer is ON: inactive players will automatically lose when time's up. (requested by SpikeMike)\n|inactive|StevyPKM has 60 seconds left.\n|\n|t:|1683637435\n|start\n|switch|p1a: Amoonguss|Amoonguss, L50, F|100\/100\n|switch|p1b: Flutter Mane|Flutter Mane, L50|100\/100\n|switch|p2a: Medicham|Medicham, L50, M|100\/100\n|switch|p2b: Tinkaton|Tinkaton, L50, F|100\/100\n|turn|1\n|inactive|SpikeMike has 30 seconds left.\n|inactive|SpikeMike has 20 seconds left.\n|inactive|SpikeMike has 15 seconds left.\n|\n|t:|1683637477\n|move|p2b: Tinkaton|Fake Out|p1a: Amoonguss\n|-damage|p1a: Amoonguss|92\/100\n|cant|p1a: Amoonguss|flinch\n|move|p1b: Flutter Mane|Mystical Fire|p2b: Tinkaton\n|-supereffective|p2b: Tinkaton\n|-damage|p2b: Tinkaton|58\/100\n|-unboost|p2b: Tinkaton|spa|1\n|move|p2a: Medicham|Skill Swap|p2b: Tinkaton\n|-activate|p2a: Medicham|move: Skill Swap|||[of] p2b: Tinkaton\n|\n|upkeep\n|turn|2\n|inactive|StevyPKM has 30 seconds left.\n|inactive|SpikeMike has 30 seconds left.\n|inactive|StevyPKM has 20 seconds left.\n|\n|t:|1683637519\n|-terastallize|p2b: Tinkaton|Fire\n|move|p1a: Amoonguss|Rage Powder|p1a: Amoonguss\n|-singleturn|p1a: Amoonguss|move: Rage Powder\n|move|p1b: Flutter Mane|Dazzling Gleam|p2a: Medicham|[spread] p2a,p2b\n|-supereffective|p2a: Medicham\n|-resisted|p2b: Tinkaton\n|-enditem|p2a: Medicham|Focus Sash\n|-damage|p2a: Medicham|1\/100\n|-damage|p2b: Tinkaton|47\/100\n|move|p2b: Tinkaton|Gigaton Hammer|p1a: Amoonguss\n|-damage|p1a: Amoonguss|0 fnt\n|faint|p1a: Amoonguss\n|move|p2a: Medicham|Drain Punch|p1b: Flutter Mane\n|-immune|p1b: Flutter Mane\n|\n|upkeep\n|\n|t:|1683637540\n|switch|p1a: Baxcalibur|Baxcalibur, L50, F|100\/100\n|turn|3\n|\n|t:|1683637555\n|move|p2a: Medicham|Protect|p2a: Medicham\n|-singleturn|p2a: Medicham|Protect\n|move|p1b: Flutter Mane|Dazzling Gleam|p2b: Tinkaton|[spread] p2b\n|-activate|p2a: Medicham|move: Protect\n|-resisted|p2b: Tinkaton\n|-damage|p2b: Tinkaton|37\/100\n|move|p1a: Baxcalibur|Dragon Dance|p1a: Baxcalibur\n|-boost|p1a: Baxcalibur|atk|1\n|-boost|p1a: Baxcalibur|spe|1\n|move|p2b: Tinkaton|Play Rough|p1a: Baxcalibur\n|-supereffective|p1a: Baxcalibur\n|-crit|p1a: Baxcalibur\n|-damage|p1a: Baxcalibur|0 fnt\n|faint|p1a: Baxcalibur\n|\n|upkeep\n|\n|t:|1683637568\n|switch|p1a: Talonflame|Talonflame, L50, F|100\/100\n|turn|4\n|\n|t:|1683637581\n|move|p1a: Talonflame|Brave Bird|p2b: Tinkaton\n|-damage|p2b: Tinkaton|0 fnt\n|faint|p2b: Tinkaton\n|-damage|p1a: Talonflame|88\/100|[from] Recoil\n|move|p1b: Flutter Mane|Dazzling Gleam|p2a: Medicham\n|-supereffective|p2a: Medicham\n|-damage|p2a: Medicham|0 fnt\n|faint|p2a: Medicham\n|\n|upkeep\n|\n|t:|1683637592\n|switch|p2b: Flutter Mane|Flutter Mane, L50|100\/100\n|switch|p2a: Chien-Pao|Chien-Pao, L50|100\/100\n|-ability|p2a: Chien-Pao|Sword of Ruin\n|-enditem|p2b: Flutter Mane|Booster Energy\n|-activate|p2b: Flutter Mane|ability: Protosynthesis|[fromitem]\n|-start|p2b: Flutter Mane|protosynthesisspe\n|turn|5\n|inactive|StevyPKM has 30 seconds left.\n|\n|t:|1683637618\n|-terastallize|p1b: Flutter Mane|Fire\n|move|p2a: Chien-Pao|Protect|p2a: Chien-Pao\n|-singleturn|p2a: Chien-Pao|Protect\n|move|p2b: Flutter Mane|Shadow Ball|p1b: Flutter Mane\n|-damage|p1b: Flutter Mane|51\/100\n|move|p1b: Flutter Mane|Shadow Ball|p2b: Flutter Mane\n|-supereffective|p2b: Flutter Mane\n|-damage|p2b: Flutter Mane|12\/100\n|move|p1a: Talonflame|Tailwind|p1a: Talonflame\n|-sidestart|p1: StevyPKM|move: Tailwind\n|\n|upkeep\n|turn|6\n|\n|t:|1683637641\n|move|p2b: Flutter Mane|Protect|p2b: Flutter Mane\n|-singleturn|p2b: Flutter Mane|Protect\n|move|p2a: Chien-Pao|Sucker Punch|p1b: Flutter Mane\n|-damage|p1b: Flutter Mane|0 fnt\n|faint|p1b: Flutter Mane\n|-end|p1b: Flutter Mane|Protosynthesis|[silent]\n|-damage|p2a: Chien-Pao|91\/100|[from] item: Life Orb\n|move|p1a: Talonflame|Brave Bird|p2b: Flutter Mane\n|-activate|p2b: Flutter Mane|move: Protect\n|\n|upkeep\n|turn|7\n|c|\u2606SpikeMike|I misplayed\n|c|\u2606SpikeMike|WAIT\n|c|\u2606SpikeMike|POGGG\n|\n|t:|1683637658\n|move|p2a: Chien-Pao|Sucker Punch|p1a: Talonflame\n|-damage|p1a: Talonflame|0 fnt\n|faint|p1a: Talonflame\n|-damage|p2a: Chien-Pao|81\/100|[from] item: Life Orb\n|\n|win|SpikeMike\n|raw|StevyPKM's rating: 1015 → 1004<\/strong> (-11 for losing)\n|raw|SpikeMike's rating: 1057 → 1085<\/strong> (+28 for winning)\n|l|\u2606StevyPKM\n","uploadtime":1683637664,"views":9,"p1id":"stevypkm","p2id":"spikemike","formatid":"gen9vgc2023regulationc","rating":1004,"private":0,"password":""}