{"id":"gen9vgc2023regulationc-1845783492","p1":"Keveloper","p2":"21cm","format":"[Gen 9] VGC 2023 Regulation C","log":"|j|\u2606Keveloper\n|j|\u260621cm\n|t:|1681764175\n|gametype|doubles\n|player|p1|Keveloper|ash|1327\n|player|p2|21cm|169|1312\n|teamsize|p1|6\n|teamsize|p2|6\n|gen|9\n|tier|[Gen 9] VGC 2023 Regulation C\n|rated|\n|rule|Species Clause: Limit one of each Pok\u00e9mon\n|rule|Item Clause: Limit one of each item\n|clearpoke\n|poke|p1|Orthworm, L50, F|\n|poke|p1|Dragonite, L50, F|\n|poke|p1|Ting-Lu, L50|\n|poke|p1|Gyarados, L50, M|\n|poke|p1|Flutter Mane, L50|\n|poke|p1|Chien-Pao, L50|\n|poke|p2|Dachsbun, L50, M|\n|poke|p2|Chi-Yu, L50|\n|poke|p2|Torkoal, L50, F|\n|poke|p2|Oranguru, L50, F|\n|poke|p2|Amoonguss, L50, F|\n|poke|p2|Iron Hands, L50|\n|teampreview|4\n|inactive|Battle timer is ON: inactive players will automatically lose when time's up. (requested by 21cm)\n|inactive|Keveloper has 60 seconds left.\n|\n|t:|1681764212\n|start\n|switch|p1a: Orthworm|Orthworm, L50, F|100\/100\n|switch|p1b: Gyarados|Gyarados, L50, M|100\/100\n|switch|p2a: Chi-Yu|Chi-Yu, L50|100\/100\n|switch|p2b: Dachsbun|Dachsbun, L50, M|100\/100\n|-ability|p2a: Chi-Yu|Beads of Ruin\n|-ability|p1b: Gyarados|Intimidate|boost\n|-unboost|p2a: Chi-Yu|atk|1\n|-unboost|p2b: Dachsbun|atk|1\n|turn|1\n|\n|t:|1681764231\n|-terastallize|p2a: Chi-Yu|Ghost\n|-terastallize|p1a: Orthworm|Fire\n|move|p2a: Chi-Yu|Lava Plume|p1b: Gyarados|[spread] p1a,p1b\n|-ability|p2b: Dachsbun|Well-Baked Body|boost\n|-boost|p2b: Dachsbun|def|2\n|-resisted|p1a: Orthworm\n|-resisted|p1b: Gyarados\n|-damage|p1a: Orthworm|73\/100\n|-damage|p1b: Gyarados|85\/100\n|-status|p1b: Gyarados|brn\n|move|p1b: Gyarados|Bulldoze|p2b: Dachsbun|[spread] p2a,p2b\n|-heal|p1a: Orthworm|98\/100|[from] ability: Earth Eater|[of] p1b: Gyarados\n|-damage|p2a: Chi-Yu|90\/100\n|-damage|p2b: Dachsbun|98\/100\n|-unboost|p2a: Chi-Yu|spe|1\n|-unboost|p2b: Dachsbun|spe|1\n|move|p1a: Orthworm|Shed Tail|p1a: Orthworm\n|-start|p1a: Orthworm|Substitute|[from] move: Shed Tail\n|-damage|p1a: Orthworm|48\/100\n|-enditem|p1a: Orthworm|Sitrus Berry|[eat]\n|-heal|p1a: Orthworm|73\/100|[from] item: Sitrus Berry\n|inactive|Keveloper has 30 seconds left.\n|\n|t:|1681764257\n|switch|p1a: Dragonite|Dragonite, L50, F|100\/100|[from] Shed Tail\n|move|p2b: Dachsbun|Body Press|p1a: Dragonite\n|-resisted|p1a: Dragonite\n|-activate|p1a: Dragonite|move: Substitute|[damage]\n|\n|-heal|p2b: Dachsbun|100\/100|[from] item: Leftovers\n|-damage|p1b: Gyarados|79\/100 brn|[from] brn\n|upkeep\n|turn|2\n|\n|t:|1681764278\n|switch|p2a: Iron Hands|Iron Hands, L50|100\/100\n|move|p1a: Dragonite|Earthquake|p2b: Dachsbun|[spread] p2a,p2b\n|-immune|p1b: Gyarados\n|-supereffective|p2a: Iron Hands\n|-damage|p2a: Iron Hands|70\/100\n|-damage|p2b: Dachsbun|91\/100\n|move|p1b: Gyarados|Thunder Wave|p2b: Dachsbun\n|-status|p2b: Dachsbun|par\n|move|p2b: Dachsbun|Body Press|p1a: Dragonite\n|-resisted|p1a: Dragonite\n|-end|p1a: Dragonite|Substitute\n|\n|-heal|p2b: Dachsbun|97\/100 par|[from] item: Leftovers\n|-damage|p1b: Gyarados|73\/100 brn|[from] brn\n|upkeep\n|turn|3\n|inactive|Keveloper has 30 seconds left.\n|inactive|Keveloper has 20 seconds left.\n|\n|t:|1681764317\n|move|p1a: Dragonite|Earthquake|p2b: Dachsbun|[spread] p2a,p2b\n|-immune|p1b: Gyarados\n|-supereffective|p2a: Iron Hands\n|-damage|p2a: Iron Hands|36\/100\n|-damage|p2b: Dachsbun|85\/100 par\n|move|p1b: Gyarados|Bulldoze|p2b: Dachsbun|[spread] p2a,p2b\n|-immune|p1a: Dragonite\n|-supereffective|p2a: Iron Hands\n|-damage|p2a: Iron Hands|27\/100\n|-damage|p2b: Dachsbun|83\/100 par\n|-unboost|p2a: Iron Hands|spe|1\n|-unboost|p2b: Dachsbun|spe|1\n|move|p2a: Iron Hands|Volt Switch|p1b: Gyarados\n|-supereffective|p1b: Gyarados\n|-damage|p1b: Gyarados|35\/100 brn\n|\n|t:|1681764339\n|-end|p2a: Iron Hands|Quark Drive|[silent]\n|switch|p2a: Chi-Yu|Chi-Yu, L50, tera:Ghost|90\/100|[from] Volt Switch\n|-ability|p2a: Chi-Yu|Beads of Ruin\n|move|p2b: Dachsbun|Body Press|p1a: Dragonite\n|-resisted|p1a: Dragonite\n|-damage|p1a: Dragonite|87\/100\n|\n|-heal|p2b: Dachsbun|89\/100 par|[from] item: Leftovers\n|-damage|p1b: Gyarados|29\/100 brn|[from] brn\n|upkeep\n|turn|4\n|inactive|Keveloper has 30 seconds left.\n|\n|t:|1681764369\n|switch|p1b: Orthworm|Orthworm, L50, F, tera:Fire|73\/100\n|move|p2a: Chi-Yu|Lava Plume|p1b: Orthworm|[spread] p1a,p1b\n|-ability|p2b: Dachsbun|Well-Baked Body|boost\n|-boost|p2b: Dachsbun|def|2\n|-resisted|p1a: Dragonite\n|-resisted|p1b: Orthworm\n|-damage|p1a: Dragonite|64\/100\n|-damage|p1b: Orthworm|48\/100\n|-status|p1a: Dragonite|brn\n|-enditem|p1a: Dragonite|Lum Berry|[eat]\n|-curestatus|p1a: Dragonite|brn|[msg]\n|move|p1a: Dragonite|Earthquake|p2b: Dachsbun|[spread] p2a,p2b\n|-heal|p1b: Orthworm|73\/100|[from] ability: Earth Eater|[of] p1a: Dragonite\n|-damage|p2a: Chi-Yu|47\/100\n|-damage|p2b: Dachsbun|82\/100 par\n|move|p2b: Dachsbun|Body Press|p1a: Dragonite\n|-resisted|p1a: Dragonite\n|-damage|p1a: Dragonite|23\/100\n|\n|-heal|p2b: Dachsbun|88\/100 par|[from] item: Leftovers\n|upkeep\n|turn|5\n|inactive|Keveloper has 30 seconds left.\n|\n|t:|1681764400\n|switch|p1a: Gyarados|Gyarados, L50, M|29\/100 brn\n|-ability|p1a: Gyarados|Intimidate|boost\n|-unboost|p2a: Chi-Yu|atk|1\n|-unboost|p2b: Dachsbun|atk|1\n|move|p2a: Chi-Yu|Lava Plume|p1a: Gyarados|[spread] p1a,p1b\n|-ability|p2b: Dachsbun|Well-Baked Body|boost\n|-boost|p2b: Dachsbun|def|2\n|-resisted|p1a: Gyarados\n|-resisted|p1b: Orthworm\n|-damage|p1a: Gyarados|10\/100 brn\n|-damage|p1b: Orthworm|48\/100\n|move|p1b: Orthworm|Heavy Slam|p2a: Chi-Yu\n|-damage|p2a: Chi-Yu|0 fnt\n|faint|p2a: Chi-Yu\n|move|p2b: Dachsbun|Body Press|p1b: Orthworm\n|-crit|p1b: Orthworm\n|-damage|p1b: Orthworm|0 fnt\n|faint|p1b: Orthworm\n|\n|-heal|p2b: Dachsbun|94\/100 par|[from] item: Leftovers\n|-damage|p1a: Gyarados|4\/100 brn|[from] brn\n|upkeep\n|\n|t:|1681764424\n|switch|p2a: Amoonguss|Amoonguss, L50, F|100\/100\n|switch|p1b: Ting-Lu|Ting-Lu, L50|100\/100\n|-ability|p1b: Ting-Lu|Vessel of Ruin\n|turn|6\n|\n|t:|1681764435\n|move|p2a: Amoonguss|Protect|p2a: Amoonguss\n|-singleturn|p2a: Amoonguss|Protect\n|move|p1a: Gyarados|Taunt|p2a: Amoonguss\n|-activate|p2a: Amoonguss|move: Protect\n|move|p1b: Ting-Lu|Rock Slide|p2a: Amoonguss|[spread] \n|-activate|p2a: Amoonguss|move: Protect\n|-miss|p1b: Ting-Lu|p2b: Dachsbun\n|move|p2b: Dachsbun|Body Press|p1b: Ting-Lu\n|-supereffective|p1b: Ting-Lu\n|-damage|p1b: Ting-Lu|0 fnt\n|faint|p1b: Ting-Lu\n|\n|-heal|p2b: Dachsbun|100\/100 par|[from] item: Leftovers\n|-damage|p1a: Gyarados|0 fnt|[from] brn\n|faint|p1a: Gyarados\n|upkeep\n|\n|t:|1681764445\n|switch|p1b: Dragonite|Dragonite, L50, F|23\/100\n|turn|7\n|\n|t:|1681764455\n|move|p1b: Dragonite|Earthquake|p2a: Amoonguss|[spread] p2a,p2b\n|-damage|p2a: Amoonguss|79\/100\n|-damage|p2b: Dachsbun|96\/100 par\n|move|p2a: Amoonguss|Spore|p1b: Dragonite\n|-status|p1b: Dragonite|slp|[from] move: Spore\n|cant|p2b: Dachsbun|par\n|\n|-heal|p2b: Dachsbun|100\/100 par|[from] item: Leftovers\n|upkeep\n|turn|8\n|-message|Keveloper forfeited.\n|\n|win|21cm\n|raw|Keveloper's rating: 1327 → 1306<\/strong> (-21 for losing)\n|raw|21cm's rating: 1312 → 1333<\/strong> (+21 for winning)\n","uploadtime":1681764471,"views":7,"p1id":"keveloper","p2id":"21cm","formatid":"gen9vgc2023regulationc","rating":1306,"private":0,"password":""}