{"id":"gen9vgc2023regulationc-1862493243","p1":"jakedfc","p2":"Poketata","format":"[Gen 9] VGC 2023 Regulation C","log":"|j|\u2606jakedfc\n|j|\u2606Poketata\n|t:|1683893943\n|gametype|doubles\n|player|p1|jakedfc|102|1066\n|player|p2|Poketata|266|1040\n|teamsize|p1|6\n|teamsize|p2|5\n|gen|9\n|tier|[Gen 9] VGC 2023 Regulation C\n|rated|\n|rule|Species Clause: Limit one of each Pok\u00e9mon\n|rule|Item Clause: Limit one of each item\n|clearpoke\n|poke|p1|Ursaring, L50, F|\n|poke|p1|Weavile, L50, F|\n|poke|p1|Murkrow, L50, F|\n|poke|p1|Houndoom, L50, M|\n|poke|p1|Torkoal, L50, F|\n|poke|p1|Flutter Mane, L50|\n|poke|p2|Electrode, L50|\n|poke|p2|Cloyster, L50, F|\n|poke|p2|Corviknight, L50, M|\n|poke|p2|Garchomp, L50, M|\n|poke|p2|Iron Valiant, L50|\n|teampreview|4\n|inactive|Battle timer is ON: inactive players will automatically lose when time's up. (requested by Poketata)\nPoketata rejected open team sheets.\n|inactive|Poketata has 60 seconds left.\n|\n|t:|1683893987\n|start\n|switch|p1a: Torkoal|Torkoal, L50, F|100\/100\n|switch|p1b: Murkrow|Murkrow, L50, F|100\/100\n|switch|p2a: Cloyster|Cloyster, L50, F, shiny|100\/100\n|switch|p2b: Corviknight|Corviknight, L50, M, shiny|100\/100\n|-ability|p2b: Corviknight|Unnerve\n|-weather|SunnyDay|[from] ability: Drought|[of] p1a: Torkoal\n|turn|1\n|inactive|Poketata has 30 seconds left.\n|\n|t:|1683894013\n|-terastallize|p2b: Corviknight|Dragon\n|move|p2a: Cloyster|Protect|p2a: Cloyster\n|-singleturn|p2a: Cloyster|Protect\n|move|p1b: Murkrow|Foul Play|p2a: Cloyster\n|-activate|p2a: Cloyster|move: Protect\n|move|p2b: Corviknight|Tailwind|p2b: Corviknight\n|-sidestart|p2: Poketata|move: Tailwind\n|move|p1a: Torkoal|Overheat|p2a: Cloyster\n|-activate|p2a: Cloyster|move: Protect\n|\n|-weather|SunnyDay|[upkeep]\n|upkeep\n|turn|2\n|\n|t:|1683894037\n|move|p2a: Cloyster|Rock Blast|p1a: Torkoal\n|-supereffective|p1a: Torkoal\n|-damage|p1a: Torkoal|90\/100\n|-supereffective|p1a: Torkoal\n|-damage|p1a: Torkoal|80\/100\n|-supereffective|p1a: Torkoal\n|-damage|p1a: Torkoal|70\/100\n|-supereffective|p1a: Torkoal\n|-damage|p1a: Torkoal|61\/100\n|-supereffective|p1a: Torkoal\n|-damage|p1a: Torkoal|50\/100\n|-hitcount|p1a: Torkoal|5\n|move|p2b: Corviknight|Brave Bird|p1a: Torkoal\n|-crit|p1a: Torkoal\n|-damage|p1a: Torkoal|2\/100\n|-damage|p2b: Corviknight|87\/100|[from] Recoil\n|move|p1b: Murkrow|Foul Play|p2a: Cloyster\n|-damage|p2a: Cloyster|77\/100\n|move|p1a: Torkoal|Overheat|p2a: Cloyster\n|-damage|p2a: Cloyster|0 fnt\n|-unboost|p1a: Torkoal|spa|2\n|-enditem|p1a: Torkoal|Eject Pack\n|faint|p2a: Cloyster\n|\n|t:|1683894059\n|switch|p1a: Flutter Mane|Flutter Mane, L50|100\/100\n|-activate|p1a: Flutter Mane|ability: Protosynthesis\n|-start|p1a: Flutter Mane|protosynthesisspe\n|\n|-weather|SunnyDay|[upkeep]\n|upkeep\n|\n|t:|1683894066\n|switch|p2a: Garchomp|Garchomp, L50, M, shiny|100\/100\n|turn|3\n|\n|t:|1683894080\n|move|p1b: Murkrow|Tailwind|p1b: Murkrow\n|-sidestart|p1: jakedfc|move: Tailwind\n|move|p1a: Flutter Mane|Dazzling Gleam|p2a: Garchomp|[spread] p2a,p2b\n|-supereffective|p2a: Garchomp\n|-supereffective|p2b: Corviknight\n|-damage|p2a: Garchomp|27\/100\n|-damage|p2b: Corviknight|36\/100\n|move|p2a: Garchomp|Earthquake|p1b: Murkrow|[spread] p2b,p1a\n|-immune|p1b: Murkrow\n|-crit|p2b: Corviknight\n|-damage|p2b: Corviknight|0 fnt\n|-damage|p1a: Flutter Mane|0 fnt\n|faint|p2b: Corviknight\n|faint|p1a: Flutter Mane\n|-end|p1a: Flutter Mane|Protosynthesis|[silent]\n|-damage|p2a: Garchomp|17\/100|[from] item: Life Orb\n|\n|-weather|SunnyDay|[upkeep]\n|upkeep\n|\n|t:|1683894096\n|switch|p1a: Houndoom|Houndoom, L50, M|100\/100\n|switch|p2b: Iron Valiant|Iron Valiant, L50, shiny|100\/100\n|-enditem|p2b: Iron Valiant|Booster Energy\n|-activate|p2b: Iron Valiant|ability: Quark Drive|[fromitem]\n|-start|p2b: Iron Valiant|quarkdriveatk\n|turn|4\n|\n|t:|1683894114\n|-terastallize|p1a: Houndoom|Fire\n|move|p2b: Iron Valiant|Protect|p2b: Iron Valiant\n|-singleturn|p2b: Iron Valiant|Protect\n|move|p1b: Murkrow|Quash|p2a: Garchomp\n|-activate|p2a: Garchomp|move: Quash\n|move|p1a: Houndoom|Sludge Bomb|p2b: Iron Valiant\n|-activate|p2b: Iron Valiant|move: Protect\n|move|p2a: Garchomp|Earthquake|p1a: Houndoom|[spread] p1a\n|-activate|p2b: Iron Valiant|move: Protect\n|-immune|p1b: Murkrow\n|-supereffective|p1a: Houndoom\n|-damage|p1a: Houndoom|0 fnt\n|faint|p1a: Houndoom\n|-damage|p2a: Garchomp|8\/100|[from] item: Life Orb\n|\n|-weather|SunnyDay|[upkeep]\n|-sideend|p2: Poketata|move: Tailwind\n|upkeep\n|\n|t:|1683894122\n|switch|p1a: Torkoal|Torkoal, L50, F|2\/100\n|turn|5\n|\n|t:|1683894144\n|move|p1b: Murkrow|Foul Play|p2b: Iron Valiant\n|-resisted|p2b: Iron Valiant\n|-damage|p2b: Iron Valiant|85\/100\n|move|p2b: Iron Valiant|Spirit Break|p1b: Murkrow\n|-supereffective|p1b: Murkrow\n|-damage|p1b: Murkrow|0 fnt\n|faint|p1b: Murkrow\n|move|p2a: Garchomp|Dragon Claw|p1a: Torkoal\n|-damage|p1a: Torkoal|0 fnt\n|faint|p1a: Torkoal\n|-damage|p2a: Garchomp|0 fnt|[from] item: Life Orb\n|faint|p2a: Garchomp\n|\n|win|Poketata\n|raw|jakedfc's rating: 1066 → 1045<\/strong> (-21 for losing)\n|raw|Poketata's rating: 1040 → 1077<\/strong> (+37 for winning)\n|l|\u2606jakedfc\n","uploadtime":1683894157,"views":18,"p1id":"jakedfc","p2id":"poketata","formatid":"gen9vgc2023regulationc","rating":1045,"private":0,"password":""}