{"id":"gen9vgc2023regulationc-1859844296","p1":"dhhrooov","p2":"fkhg","format":"[Gen 9] VGC 2023 Regulation C","log":"|j|\u2606dhhrooov\n|j|\u2606fkhg\n|t:|1683569243\n|gametype|doubles\n|player|p1|dhhrooov|2|1191\n|player|p2|fkhg|1|1209\n|teamsize|p1|6\n|teamsize|p2|6\n|gen|9\n|tier|[Gen 9] VGC 2023 Regulation C\n|rated|\n|rule|Species Clause: Limit one of each Pok\u00e9mon\n|rule|Item Clause: Limit one of each item\n|clearpoke\n|poke|p1|Grimmsnarl, L50, M|\n|poke|p1|Arcanine, L50, F|\n|poke|p1|Iron Hands, L50|\n|poke|p1|Gastrodon, L50, M|\n|poke|p1|Flutter Mane, L50|\n|poke|p1|Talonflame, L50, M|\n|poke|p2|Glimmora, L50, M|\n|poke|p2|Gothitelle, L50, M|\n|poke|p2|Flutter Mane, L50|\n|poke|p2|Iron Moth, L50|\n|poke|p2|Great Tusk, L50|\n|poke|p2|Salamence, L50, F|\n|teampreview|4\n|\n|t:|1683569289\n|start\n|switch|p1a: Grimmsnarl|Grimmsnarl, L50, M|100\/100\n|switch|p1b: Talonflame|Talonflame, L50, M|100\/100\n|switch|p2a: Glimmora|Glimmora, L50, M|100\/100\n|switch|p2b: Salamence|Salamence, L50, F|100\/100\n|-ability|p2b: Salamence|Intimidate|boost\n|-unboost|p1a: Grimmsnarl|atk|1\n|-unboost|p1b: Talonflame|atk|1\n|turn|1\n|inactive|Battle timer is ON: inactive players will automatically lose when time's up. (requested by dhhrooov)\n|\n|t:|1683569309\n|switch|p1b: Arcanine|Arcanine, L50, F|100\/100\n|-ability|p1b: Arcanine|Intimidate|boost\n|-unboost|p2a: Glimmora|atk|1\n|-fail|p2b: Salamence|unboost|[from] item: Clear Amulet|[of] p2b: Salamence\n|move|p1a: Grimmsnarl|Reflect|p1a: Grimmsnarl\n|-sidestart|p1: dhhrooov|Reflect\n|move|p2b: Salamence|Tailwind|p2b: Salamence\n|-sidestart|p2: fkhg|move: Tailwind\n|move|p2a: Glimmora|Mortal Spin|p1b: Arcanine|[spread] p1a,p1b\n|-supereffective|p1a: Grimmsnarl\n|-damage|p1a: Grimmsnarl|97\/100\n|-damage|p1b: Arcanine|98\/100\n|-status|p1a: Grimmsnarl|psn\n|-status|p1b: Arcanine|psn\n|\n|-damage|p1b: Arcanine|86\/100 psn|[from] psn\n|-damage|p1a: Grimmsnarl|84\/100 psn|[from] psn\n|upkeep\n|turn|2\n|inactive|dhhrooov has 30 seconds left.\n|inactive|fkhg has 30 seconds left.\n|\n|t:|1683569336\n|switch|p1b: Flutter Mane|Flutter Mane, L50|100\/100\n|-enditem|p1b: Flutter Mane|Booster Energy\n|-activate|p1b: Flutter Mane|ability: Protosynthesis|[fromitem]\n|-start|p1b: Flutter Mane|protosynthesisspa\n|move|p2b: Salamence|Dual Wingbeat|p2a: Glimmora\n|-resisted|p2a: Glimmora\n|-damage|p2a: Glimmora|87\/100\n|-activate|p2a: Glimmora|ability: Toxic Debris\n|-sidestart|p1: dhhrooov|move: Toxic Spikes\n|-resisted|p2a: Glimmora\n|-damage|p2a: Glimmora|75\/100\n|-activate|p2a: Glimmora|ability: Toxic Debris\n|-sidestart|p1: dhhrooov|move: Toxic Spikes\n|-hitcount|p2a: Glimmora|2\n|move|p2a: Glimmora|Venoshock|p1a: Grimmsnarl\n|-supereffective|p1a: Grimmsnarl\n|-damage|p1a: Grimmsnarl|0 fnt\n|faint|p1a: Grimmsnarl\n|\n|upkeep\n|inactive|dhhrooov has 30 seconds left.\n|\n|t:|1683569362\n|switch|p1a: Talonflame|Talonflame, L50, M|100\/100\n|turn|3\n|inactive|dhhrooov has 30 seconds left.\n|inactive|dhhrooov has 20 seconds left.\n|\n|t:|1683569401\n|-terastallize|p2b: Salamence|Fire\n|move|p1a: Talonflame|Tailwind|p1a: Talonflame\n|-sidestart|p1: dhhrooov|move: Tailwind\n|move|p2b: Salamence|Dual Wingbeat|p1b: Flutter Mane\n|-damage|p1b: Flutter Mane|79\/100\n|-damage|p1b: Flutter Mane|57\/100\n|-hitcount|p1b: Flutter Mane|2\n|move|p1b: Flutter Mane|Moonblast|p2b: Salamence\n|-resisted|p2b: Salamence\n|-damage|p2b: Salamence|60\/100\n|move|p2a: Glimmora|Power Gem|p1a: Talonflame\n|-supereffective|p1a: Talonflame\n|-damage|p1a: Talonflame|0 fnt\n|faint|p1a: Talonflame\n|\n|upkeep\n|\n|t:|1683569415\n|switch|p1a: Arcanine|Arcanine, L50, F|86\/100 psn\n|-ability|p1a: Arcanine|Intimidate|boost\n|-unboost|p2a: Glimmora|atk|1\n|-fail|p2b: Salamence|unboost|[from] item: Clear Amulet|[of] p2b: Salamence\n|turn|4\n|\n|t:|1683569433\n|move|p1a: Arcanine|Extreme Speed|p2b: Salamence\n|-damage|p2b: Salamence|25\/100\n|move|p2b: Salamence|Dual Wingbeat|p1b: Flutter Mane\n|-damage|p1b: Flutter Mane|36\/100\n|-damage|p1b: Flutter Mane|12\/100\n|-hitcount|p1b: Flutter Mane|2\n|move|p1b: Flutter Mane|Shadow Ball|p2b: Salamence\n|-damage|p2b: Salamence|0 fnt\n|faint|p2b: Salamence\n|move|p2a: Glimmora|Power Gem|p1a: Arcanine\n|-supereffective|p1a: Arcanine\n|-damage|p1a: Arcanine|29\/100 psn\n|\n|-damage|p1a: Arcanine|17\/100 psn|[from] psn\n|-sideend|p2: fkhg|move: Tailwind\n|upkeep\n|\n|t:|1683569449\n|switch|p2b: Flutter Mane|Flutter Mane, L50|100\/100\n|turn|5\n|-message|dhhrooov forfeited.\n|\n|win|fkhg\n|raw|dhhrooov's rating: 1191 → 1167<\/strong> (-24 for losing)\n|raw|fkhg's rating: 1209 → 1233<\/strong> (+24 for winning)\n|l|\u2606dhhrooov\n|l|\u2606fkhg\n|j|\u2606fkhg\n|player|p2|fkhg|1\n","uploadtime":1683569469,"views":16,"p1id":"dhhrooov","p2id":"fkhg","formatid":"gen9vgc2023regulationc","rating":1167,"private":0,"password":""}