{"id":"gen9vgc2023regulationc-1851373543","p1":"ericlynch03","p2":"tukeydukey","format":"[Gen 9] VGC 2023 Regulation C","log":"|j|\u2606ericlynch03\n|j|\u2606tukeydukey\n|t:|1682439920\n|gametype|doubles\n|player|p1|ericlynch03|gentleman-gen4dp|1154\n|player|p2|tukeydukey|elesa|1214\n|teamsize|p1|6\n|teamsize|p2|6\n|gen|9\n|tier|[Gen 9] VGC 2023 Regulation C\n|rated|\n|rule|Species Clause: Limit one of each Pok\u00e9mon\n|rule|Item Clause: Limit one of each item\n|clearpoke\n|poke|p1|Flutter Mane, L50|\n|poke|p1|Iron Hands, L50|\n|poke|p1|Wo-Chien, L50|\n|poke|p1|Glimmora, L50, F|\n|poke|p1|Gyarados, L50, M|\n|poke|p1|Chi-Yu, L50|\n|poke|p2|Iron Bundle, L50|\n|poke|p2|Talonflame, L50, M|\n|poke|p2|Garchomp, L50, F|\n|poke|p2|Gyarados, L50, M|\n|poke|p2|Amoonguss, L50, F|\n|poke|p2|Ting-Lu, L50|\n|teampreview|4\n|inactive|Battle timer is ON: inactive players will automatically lose when time's up. (requested by ericlynch03)\n|inactive|ericlynch03 has 60 seconds left.\n|inactive|tukeydukey has 60 seconds left.\nericlynch03 has agreed to open team sheets.\n|\n|t:|1682439966\n|start\n|switch|p1a: Gyarados|Gyarados, L50, M|100\/100\n|switch|p1b: Iron Hands|Iron Hands, L50|100\/100\n|switch|p2a: Talonflame|Talonflame, L50, M|100\/100\n|switch|p2b: Garchomp|Garchomp, L50, F|100\/100\n|-ability|p1a: Gyarados|Intimidate|boost\n|-unboost|p2a: Talonflame|atk|1\n|-fail|p2b: Garchomp|unboost|[from] item: Clear Amulet|[of] p2b: Garchomp\n|turn|1\n|\n|t:|1682439990\n|move|p1b: Iron Hands|Fake Out|p2a: Talonflame\n|-damage|p2a: Talonflame|81\/100\n|move|p2a: Talonflame|Tailwind|p2a: Talonflame\n|-sidestart|p2: tukeydukey|move: Tailwind\n|move|p2b: Garchomp|Swords Dance|p2b: Garchomp\n|-boost|p2b: Garchomp|atk|2\n|move|p1a: Gyarados|Dragon Dance|p1a: Gyarados\n|-boost|p1a: Gyarados|atk|1\n|-boost|p1a: Gyarados|spe|1\n|\n|upkeep\n|turn|2\n|inactive|ericlynch03 has 30 seconds left.\n|\n|t:|1682440016\n|-end|p1b: Iron Hands|Quark Drive|[silent]\n|switch|p1b: Wo-Chien|Wo-Chien, L50|100\/100\n|-ability|p1b: Wo-Chien|Tablets of Ruin\n|move|p2a: Talonflame|Will-O-Wisp|p1a: Gyarados\n|-status|p1a: Gyarados|brn\n|-enditem|p1a: Gyarados|Lum Berry|[eat]\n|-curestatus|p1a: Gyarados|brn|[msg]\n|move|p2b: Garchomp|Rock Slide|p1b: Wo-Chien|[spread] p1b\n|-miss|p2b: Garchomp|p1a: Gyarados\n|-damage|p1b: Wo-Chien|75\/100\n|move|p1a: Gyarados|Waterfall|p2b: Garchomp\n|-damage|p2b: Garchomp|53\/100\n|-damage|p1a: Gyarados|88\/100|[from] ability: Rough Skin|[of] p2b: Garchomp\n|\n|-heal|p1b: Wo-Chien|82\/100|[from] item: Leftovers\n|upkeep\n|turn|3\n|inactive|ericlynch03 has 30 seconds left.\n|\n|t:|1682440046\n|move|p1b: Wo-Chien|Protect|p1b: Wo-Chien\n|-singleturn|p1b: Wo-Chien|Protect\n|move|p2a: Talonflame|Brave Bird|p1b: Wo-Chien\n|-activate|p1b: Wo-Chien|move: Protect\n|move|p2b: Garchomp|Rock Slide|p1b: Wo-Chien|[spread] p1a\n|-activate|p1b: Wo-Chien|move: Protect\n|-supereffective|p1a: Gyarados\n|-damage|p1a: Gyarados|15\/100\n|move|p1a: Gyarados|Waterfall|p2b: Garchomp\n|-damage|p2b: Garchomp|6\/100\n|-damage|p1a: Gyarados|3\/100|[from] ability: Rough Skin|[of] p2b: Garchomp\n|\n|-heal|p1b: Wo-Chien|88\/100|[from] item: Leftovers\n|upkeep\n|turn|4\n|\n|t:|1682440064\n|switch|p1b: Iron Hands|Iron Hands, L50|100\/100\n|move|p2b: Garchomp|Protect|p2b: Garchomp\n|-singleturn|p2b: Garchomp|Protect\n|move|p1a: Gyarados|Protect|p1a: Gyarados\n|-singleturn|p1a: Gyarados|Protect\n|move|p2a: Talonflame|Brave Bird|p1a: Gyarados\n|-activate|p1a: Gyarados|move: Protect\n|\n|-sideend|p2: tukeydukey|move: Tailwind\n|upkeep\n|turn|5\n|inactive|tukeydukey has 30 seconds left.\n|\n|t:|1682440093\n|switch|p2b: Amoonguss|Amoonguss, L50, F|100\/100\n|move|p1b: Iron Hands|Fake Out|p2b: Amoonguss\n|-damage|p2b: Amoonguss|85\/100\n|move|p2a: Talonflame|Brave Bird|p1a: Gyarados\n|-damage|p1a: Gyarados|0 fnt\n|faint|p1a: Gyarados\n|-damage|p2a: Talonflame|80\/100|[from] Recoil\n|\n|upkeep\n|\n|t:|1682440106\n|switch|p1a: Wo-Chien|Wo-Chien, L50|88\/100\n|-ability|p1a: Wo-Chien|Tablets of Ruin\n|turn|6\n|\n|t:|1682440122\n|move|p1a: Wo-Chien|Protect|p1a: Wo-Chien\n|-singleturn|p1a: Wo-Chien|Protect\n|move|p2a: Talonflame|Tailwind|p2a: Talonflame\n|-sidestart|p2: tukeydukey|move: Tailwind\n|move|p2b: Amoonguss|Spore|p1b: Iron Hands\n|-status|p1b: Iron Hands|slp|[from] move: Spore\n|cant|p1b: Iron Hands|slp\n|\n|-heal|p1a: Wo-Chien|94\/100|[from] item: Leftovers\n|upkeep\n|turn|7\n|\n|t:|1682440140\n|-terastallize|p1a: Wo-Chien|Poison\n|move|p2a: Talonflame|Will-O-Wisp|p1a: Wo-Chien\n|-status|p1a: Wo-Chien|brn\n|move|p2b: Amoonguss|Pollen Puff|p1a: Wo-Chien\n|-resisted|p1a: Wo-Chien\n|-damage|p1a: Wo-Chien|89\/100 brn\n|move|p1a: Wo-Chien|Leech Seed|p2a: Talonflame\n|-start|p2a: Talonflame|move: Leech Seed\n|-curestatus|p1b: Iron Hands|slp|[msg]\n|move|p1b: Iron Hands|Wild Charge|p2a: Talonflame\n|-supereffective|p2a: Talonflame\n|-damage|p2a: Talonflame|0 fnt\n|faint|p2a: Talonflame\n|-damage|p1b: Iron Hands|86\/100|[from] Recoil\n|\n|-heal|p1a: Wo-Chien|95\/100 brn|[from] item: Leftovers\n|-damage|p1a: Wo-Chien|89\/100 brn|[from] brn\n|upkeep\n|\n|t:|1682440147\n|switch|p2a: Garchomp|Garchomp, L50, F|6\/100\n|turn|8\n|inactive|ericlynch03 has 30 seconds left.\n|\n|t:|1682440173\n|move|p2a: Garchomp|Protect|p2a: Garchomp\n|-singleturn|p2a: Garchomp|Protect\n|move|p1a: Wo-Chien|Protect|p1a: Wo-Chien\n|-singleturn|p1a: Wo-Chien|Protect\n|move|p2b: Amoonguss|Spore|p1b: Iron Hands\n|-status|p1b: Iron Hands|slp|[from] move: Spore\n|cant|p1b: Iron Hands|slp\n|\n|-heal|p1a: Wo-Chien|95\/100 brn|[from] item: Leftovers\n|-damage|p1a: Wo-Chien|89\/100 brn|[from] brn\n|upkeep\n|turn|9\n|\n|t:|1682440193\n|move|p2b: Amoonguss|Protect|p2b: Amoonguss\n|-singleturn|p2b: Amoonguss|Protect\n|move|p2a: Garchomp|Earthquake|p1a: Wo-Chien|[spread] p1a,p1b\n|-activate|p2b: Amoonguss|move: Protect\n|-supereffective|p1a: Wo-Chien\n|-supereffective|p1b: Iron Hands\n|-damage|p1a: Wo-Chien|37\/100 brn\n|-damage|p1b: Iron Hands|49\/100 slp\n|move|p1a: Wo-Chien|Giga Drain|p2a: Garchomp\n|-damage|p2a: Garchomp|0 fnt\n|-heal|p1a: Wo-Chien|41\/100 brn|[from] drain|[of] p2a: Garchomp\n|faint|p2a: Garchomp\n|cant|p1b: Iron Hands|slp\n|\n|-heal|p1a: Wo-Chien|47\/100 brn|[from] item: Leftovers\n|-damage|p1a: Wo-Chien|41\/100 brn|[from] brn\n|-sideend|p2: tukeydukey|move: Tailwind\n|upkeep\n|\n|t:|1682440199\n|switch|p2a: Iron Bundle|Iron Bundle, L50|100\/100\n|-enditem|p2a: Iron Bundle|Booster Energy\n|-activate|p2a: Iron Bundle|ability: Quark Drive|[fromitem]\n|-start|p2a: Iron Bundle|quarkdrivespe\n|turn|10\n|inactive|tukeydukey has 30 seconds left.\n|\n|t:|1682440225\n|-terastallize|p2a: Iron Bundle|Ice\n|move|p2a: Iron Bundle|Freeze-Dry|p1b: Iron Hands\n|-damage|p1b: Iron Hands|20\/100 slp\n|move|p1a: Wo-Chien|Giga Drain|p2a: Iron Bundle\n|-crit|p2a: Iron Bundle\n|-damage|p2a: Iron Bundle|56\/100\n|-heal|p1a: Wo-Chien|60\/100 brn|[from] drain|[of] p2a: Iron Bundle\n|cant|p1b: Iron Hands|slp\n|move|p2b: Amoonguss|Pollen Puff|p2a: Iron Bundle\n|-heal|p2a: Iron Bundle|100\/100\n|\n|-heal|p1a: Wo-Chien|66\/100 brn|[from] item: Leftovers\n|-damage|p1a: Wo-Chien|60\/100 brn|[from] brn\n|upkeep\n|turn|11\n|\n|t:|1682440248\n|move|p2a: Iron Bundle|Freeze-Dry|p1b: Iron Hands\n|-damage|p1b: Iron Hands|0 fnt\n|faint|p1b: Iron Hands\n|-end|p1b: Iron Hands|Quark Drive|[silent]\n|move|p1a: Wo-Chien|Giga Drain|p2a: Iron Bundle\n|-damage|p2a: Iron Bundle|69\/100\n|-heal|p1a: Wo-Chien|73\/100 brn|[from] drain|[of] p2a: Iron Bundle\n|move|p2b: Amoonguss|Pollen Puff|p2a: Iron Bundle\n|-heal|p2a: Iron Bundle|100\/100\n|\n|-heal|p1a: Wo-Chien|80\/100 brn|[from] item: Leftovers\n|-damage|p1a: Wo-Chien|73\/100 brn|[from] brn\n|upkeep\n|\n|t:|1682440261\n|switch|p1b: Flutter Mane|Flutter Mane, L50|100\/100\n|-enditem|p1b: Flutter Mane|Booster Energy\n|-activate|p1b: Flutter Mane|ability: Protosynthesis|[fromitem]\n|-start|p1b: Flutter Mane|protosynthesisspe\n|turn|12\n|\n|t:|1682440277\n|move|p1b: Flutter Mane|Protect|p1b: Flutter Mane\n|-singleturn|p1b: Flutter Mane|Protect\n|move|p2a: Iron Bundle|Icy Wind|p1a: Wo-Chien|[spread] p1a\n|-activate|p1b: Flutter Mane|move: Protect\n|-damage|p1a: Wo-Chien|56\/100 brn\n|-unboost|p1a: Wo-Chien|spe|1\n|move|p1a: Wo-Chien|Leech Seed|p2a: Iron Bundle\n|-start|p2a: Iron Bundle|move: Leech Seed\n|move|p2b: Amoonguss|Spore|p1b: Flutter Mane\n|-activate|p1b: Flutter Mane|move: Protect\n|\n|-heal|p1a: Wo-Chien|62\/100 brn|[from] item: Leftovers\n|-damage|p2a: Iron Bundle|88\/100|[from] Leech Seed|[of] p1a: Wo-Chien\n|-heal|p1a: Wo-Chien|72\/100 brn|[silent]\n|-damage|p1a: Wo-Chien|66\/100 brn|[from] brn\n|upkeep\n|turn|13\n|\n|t:|1682440296\n|move|p2a: Iron Bundle|Protect|p2a: Iron Bundle\n|-singleturn|p2a: Iron Bundle|Protect\n|move|p1b: Flutter Mane|Shadow Ball|p2b: Amoonguss\n|-damage|p2b: Amoonguss|52\/100\n|move|p1a: Wo-Chien|Giga Drain|p2b: Amoonguss\n|-resisted|p2b: Amoonguss\n|-damage|p2b: Amoonguss|47\/100\n|-heal|p1a: Wo-Chien|69\/100 brn|[from] drain|[of] p2b: Amoonguss\n|-enditem|p2b: Amoonguss|Sitrus Berry|[eat]\n|-heal|p2b: Amoonguss|72\/100|[from] item: Sitrus Berry\n|move|p2b: Amoonguss|Spore|p1b: Flutter Mane\n|-status|p1b: Flutter Mane|slp|[from] move: Spore\n|\n|-heal|p1a: Wo-Chien|75\/100 brn|[from] item: Leftovers\n|-damage|p2a: Iron Bundle|76\/100|[from] Leech Seed|[of] p1a: Wo-Chien\n|-heal|p1a: Wo-Chien|85\/100 brn|[silent]\n|-damage|p1a: Wo-Chien|79\/100 brn|[from] brn\n|upkeep\n|turn|14\n|\n|t:|1682440321\n|cant|p1b: Flutter Mane|slp\n|move|p2a: Iron Bundle|Icy Wind|p1b: Flutter Mane|[spread] p1a,p1b\n|-damage|p1a: Wo-Chien|61\/100 brn\n|-damage|p1b: Flutter Mane|70\/100 slp\n|-unboost|p1a: Wo-Chien|spe|1\n|-unboost|p1b: Flutter Mane|spe|1\n|move|p2b: Amoonguss|Pollen Puff|p2a: Iron Bundle\n|-heal|p2a: Iron Bundle|100\/100\n|move|p1a: Wo-Chien|Giga Drain|p2a: Iron Bundle\n|-damage|p2a: Iron Bundle|69\/100\n|-heal|p1a: Wo-Chien|75\/100 brn|[from] drain|[of] p2a: Iron Bundle\n|\n|-heal|p1a: Wo-Chien|81\/100 brn|[from] item: Leftovers\n|-damage|p2a: Iron Bundle|57\/100|[from] Leech Seed|[of] p1a: Wo-Chien\n|-heal|p1a: Wo-Chien|92\/100 brn|[silent]\n|-damage|p1a: Wo-Chien|85\/100 brn|[from] brn\n|upkeep\n|turn|15\n|\n|t:|1682440346\n|move|p2a: Iron Bundle|Freeze-Dry|p1b: Flutter Mane\n|-damage|p1b: Flutter Mane|20\/100 slp\n|cant|p1b: Flutter Mane|slp\n|move|p2b: Amoonguss|Pollen Puff|p2a: Iron Bundle\n|-heal|p2a: Iron Bundle|100\/100\n|move|p1a: Wo-Chien|Foul Play|p2b: Amoonguss\n|-damage|p2b: Amoonguss|62\/100\n|\n|-heal|p1a: Wo-Chien|92\/100 brn|[from] item: Leftovers\n|-damage|p2a: Iron Bundle|88\/100|[from] Leech Seed|[of] p1a: Wo-Chien\n|-heal|p1a: Wo-Chien|100\/100 brn|[silent]\n|-damage|p1a: Wo-Chien|94\/100 brn|[from] brn\n|upkeep\n|turn|16\n|\n|t:|1682440363\n|move|p2a: Iron Bundle|Freeze-Dry|p1b: Flutter Mane\n|-damage|p1b: Flutter Mane|0 fnt\n|faint|p1b: Flutter Mane\n|-end|p1b: Flutter Mane|Protosynthesis|[silent]\n|move|p2b: Amoonguss|Pollen Puff|p2a: Iron Bundle\n|-heal|p2a: Iron Bundle|100\/100\n|move|p1a: Wo-Chien|Giga Drain|p2a: Iron Bundle\n|-damage|p2a: Iron Bundle|69\/100\n|-heal|p1a: Wo-Chien|100\/100 brn|[from] drain|[of] p2a: Iron Bundle\n|\n|-damage|p2a: Iron Bundle|56\/100|[from] Leech Seed|[of] p1a: Wo-Chien\n|-damage|p1a: Wo-Chien|94\/100 brn|[from] brn\n|upkeep\n|turn|17\n|\n|t:|1682440377\n|move|p2a: Iron Bundle|Freeze-Dry|p1a: Wo-Chien\n|-damage|p1a: Wo-Chien|67\/100 brn\n|move|p2b: Amoonguss|Pollen Puff|p2a: Iron Bundle\n|-heal|p2a: Iron Bundle|100\/100\n|move|p1a: Wo-Chien|Giga Drain|p2a: Iron Bundle\n|-damage|p2a: Iron Bundle|71\/100\n|-heal|p1a: Wo-Chien|80\/100 brn|[from] drain|[of] p2a: Iron Bundle\n|\n|-heal|p1a: Wo-Chien|86\/100 brn|[from] item: Leftovers\n|-damage|p2a: Iron Bundle|59\/100|[from] Leech Seed|[of] p1a: Wo-Chien\n|-heal|p1a: Wo-Chien|96\/100 brn|[silent]\n|-damage|p1a: Wo-Chien|90\/100 brn|[from] brn\n|upkeep\n|turn|18\n|\n|t:|1682440399\n|move|p2a: Iron Bundle|Freeze-Dry|p1a: Wo-Chien\n|-damage|p1a: Wo-Chien|63\/100 brn\n|move|p2b: Amoonguss|Pollen Puff|p2a: Iron Bundle\n|-heal|p2a: Iron Bundle|100\/100\n|move|p1a: Wo-Chien|Giga Drain|p2a: Iron Bundle\n|-damage|p2a: Iron Bundle|70\/100\n|-heal|p1a: Wo-Chien|76\/100 brn|[from] drain|[of] p2a: Iron Bundle\n|\n|-heal|p1a: Wo-Chien|82\/100 brn|[from] item: Leftovers\n|-damage|p2a: Iron Bundle|58\/100|[from] Leech Seed|[of] p1a: Wo-Chien\n|-heal|p1a: Wo-Chien|93\/100 brn|[silent]\n|-damage|p1a: Wo-Chien|86\/100 brn|[from] brn\n|upkeep\n|turn|19\n|\n|t:|1682440424\n|move|p2a: Iron Bundle|Freeze-Dry|p1a: Wo-Chien\n|-damage|p1a: Wo-Chien|58\/100 brn\n|move|p2b: Amoonguss|Pollen Puff|p2a: Iron Bundle\n|-heal|p2a: Iron Bundle|100\/100\n|move|p1a: Wo-Chien|Giga Drain|p2a: Iron Bundle\n|-damage|p2a: Iron Bundle|69\/100\n|-heal|p1a: Wo-Chien|72\/100 brn|[from] drain|[of] p2a: Iron Bundle\n|\n|-heal|p1a: Wo-Chien|78\/100 brn|[from] item: Leftovers\n|-damage|p2a: Iron Bundle|56\/100|[from] Leech Seed|[of] p1a: Wo-Chien\n|-heal|p1a: Wo-Chien|89\/100 brn|[silent]\n|-damage|p1a: Wo-Chien|82\/100 brn|[from] brn\n|upkeep\n|turn|20\n|\n|t:|1682440441\n|move|p1a: Wo-Chien|Protect|p1a: Wo-Chien\n|-singleturn|p1a: Wo-Chien|Protect\n|move|p2a: Iron Bundle|Freeze-Dry|p1a: Wo-Chien\n|-activate|p1a: Wo-Chien|move: Protect\n|move|p2b: Amoonguss|Pollen Puff|p2a: Iron Bundle\n|-heal|p2a: Iron Bundle|100\/100\n|\n|-heal|p1a: Wo-Chien|89\/100 brn|[from] item: Leftovers\n|-damage|p2a: Iron Bundle|88\/100|[from] Leech Seed|[of] p1a: Wo-Chien\n|-heal|p1a: Wo-Chien|99\/100 brn|[silent]\n|-damage|p1a: Wo-Chien|93\/100 brn|[from] brn\n|upkeep\n|turn|21\n|\n|t:|1682440454\n|move|p2a: Iron Bundle|Encore|p1a: Wo-Chien\n|-start|p1a: Wo-Chien|Encore\n|move|p2b: Amoonguss|Pollen Puff|p2a: Iron Bundle\n|-heal|p2a: Iron Bundle|100\/100\n|move|p1a: Wo-Chien|Protect||[still]\n|-fail|p1a: Wo-Chien\n|\n|-heal|p1a: Wo-Chien|99\/100 brn|[from] item: Leftovers\n|-damage|p2a: Iron Bundle|88\/100|[from] Leech Seed|[of] p1a: Wo-Chien\n|-heal|p1a: Wo-Chien|100\/100 brn|[silent]\n|-damage|p1a: Wo-Chien|94\/100 brn|[from] brn\n|upkeep\n|turn|22\n|\n|t:|1682440466\n|move|p1a: Wo-Chien|Protect|p1a: Wo-Chien\n|-singleturn|p1a: Wo-Chien|Protect\n|move|p2a: Iron Bundle|Freeze-Dry|p1a: Wo-Chien\n|-activate|p1a: Wo-Chien|move: Protect\n|move|p2b: Amoonguss|Pollen Puff|p1a: Wo-Chien\n|-activate|p1a: Wo-Chien|move: Protect\n|\n|-heal|p1a: Wo-Chien|100\/100 brn|[from] item: Leftovers\n|-damage|p2a: Iron Bundle|76\/100|[from] Leech Seed|[of] p1a: Wo-Chien\n|-damage|p1a: Wo-Chien|94\/100 brn|[from] brn\n|upkeep\n|turn|23\n|inactive|ericlynch03 has 30 seconds left.\n|\n|t:|1682440478\n|move|p1a: Wo-Chien|Protect|p1a: Wo-Chien\n|-singleturn|p1a: Wo-Chien|Protect\n|move|p2a: Iron Bundle|Freeze-Dry|p1a: Wo-Chien\n|-activate|p1a: Wo-Chien|move: Protect\n|move|p2b: Amoonguss|Pollen Puff|p2a: Iron Bundle\n|-heal|p2a: Iron Bundle|100\/100\n|\n|-heal|p1a: Wo-Chien|100\/100 brn|[from] item: Leftovers\n|-damage|p2a: Iron Bundle|88\/100|[from] Leech Seed|[of] p1a: Wo-Chien\n|-damage|p1a: Wo-Chien|94\/100 brn|[from] brn\n|-end|p1a: Wo-Chien|Encore\n|upkeep\n|turn|24\n|inactive|ericlynch03 has 30 seconds left this turn.\n|inactive|ericlynch03 has 20 seconds left.\n|\n|t:|1682440492\n|move|p2a: Iron Bundle|Freeze-Dry|p1a: Wo-Chien\n|-damage|p1a: Wo-Chien|68\/100 brn\n|move|p2b: Amoonguss|Pollen Puff|p1a: Wo-Chien\n|-resisted|p1a: Wo-Chien\n|-damage|p1a: Wo-Chien|62\/100 brn\n|move|p1a: Wo-Chien|Giga Drain|p2a: Iron Bundle\n|-damage|p2a: Iron Bundle|57\/100\n|-heal|p1a: Wo-Chien|76\/100 brn|[from] drain|[of] p2a: Iron Bundle\n|\n|-heal|p1a: Wo-Chien|82\/100 brn|[from] item: Leftovers\n|-damage|p2a: Iron Bundle|45\/100|[from] Leech Seed|[of] p1a: Wo-Chien\n|-heal|p1a: Wo-Chien|93\/100 brn|[silent]\n|-damage|p1a: Wo-Chien|86\/100 brn|[from] brn\n|upkeep\n|turn|25\n|inactive|ericlynch03 has 20 seconds left this turn.\n|inactive|ericlynch03 has 15 seconds left.\n|inactive|ericlynch03 has 10 seconds left.\n|\n|t:|1682440507\n|move|p2a: Iron Bundle|Freeze-Dry|p1a: Wo-Chien\n|-damage|p1a: Wo-Chien|58\/100 brn\n|move|p2b: Amoonguss|Pollen Puff|p2a: Iron Bundle\n|-heal|p2a: Iron Bundle|94\/100\n|move|p1a: Wo-Chien|Giga Drain|p2a: Iron Bundle\n|-damage|p2a: Iron Bundle|65\/100\n|-heal|p1a: Wo-Chien|71\/100 brn|[from] drain|[of] p2a: Iron Bundle\n|\n|-heal|p1a: Wo-Chien|77\/100 brn|[from] item: Leftovers\n|-damage|p2a: Iron Bundle|53\/100|[from] Leech Seed|[of] p1a: Wo-Chien\n|-heal|p1a: Wo-Chien|87\/100 brn|[silent]\n|-damage|p1a: Wo-Chien|81\/100 brn|[from] brn\n|upkeep\n|turn|26\n|inactive|ericlynch03 has 10 seconds left this turn.\n|inactive|ericlynch03 has 5 seconds left.\n|-message|ericlynch03 lost due to inactivity.\n|\n|win|tukeydukey\n|raw|ericlynch03's rating: 1154 → 1133<\/strong> (-21 for losing)\n|raw|tukeydukey's rating: 1214 → 1235<\/strong> (+21 for winning)\n|l|\u2606ericlynch03\n","uploadtime":1682440522,"views":7,"p1id":"ericlynch03","p2id":"tukeydukey","formatid":"gen9vgc2023regulationc","rating":1133,"private":0,"password":""}