{"id":"gen9vgc2023regulationc-1852368447","p1":"Axel316","p2":"dwalk2196","format":"[Gen 9] VGC 2023 Regulation C","log":"|j|\u2606Axel316\n|j|\u2606dwalk2196\n|t:|1682549066\n|gametype|doubles\n|player|p1|Axel316|265|\n|player|p2|dwalk2196|265|\n|teamsize|p1|6\n|teamsize|p2|6\n|gen|9\n|tier|[Gen 9] VGC 2023 Regulation C\n|rule|Species Clause: Limit one of each Pok\u00e9mon\n|rule|Item Clause: Limit one of each item\n|clearpoke\n|poke|p1|Drednaw, L50, F|\n|poke|p1|Pelipper, L50, M|\n|poke|p1|Medicham, L50, M|\n|poke|p1|Palafin, L50, M|\n|poke|p1|Salamence, L50, M|\n|poke|p1|Espeon, L50, F|\n|poke|p2|Chi-Yu, L50|\n|poke|p2|Eiscue, L50, F|\n|poke|p2|Primeape, L50, M|\n|poke|p2|Gyarados, L50, F|\n|poke|p2|Maushold, L50|\n|poke|p2|Murkrow, L50, M|\n|teampreview|4\n|\n|t:|1682549108\n|start\n|switch|p1a: Drednaw|Drednaw, L50, F|100\/100\n|switch|p1b: Salamence|Salamence, L50, M|100\/100\n|switch|p2a: Eiscue|Eiscue, L50, F|100\/100\n|switch|p2b: Maushold|Maushold, L50|100\/100\n|turn|1\n|\n|t:|1682549134\n|move|p1a: Drednaw|Protect|p1a: Drednaw\n|-singleturn|p1a: Drednaw|Protect\n|move|p2b: Maushold|Follow Me|p2b: Maushold\n|-singleturn|p2b: Maushold|move: Follow Me\n|move|p1b: Salamence|Earthquake|p2a: Eiscue|[spread] p2a,p2b\n|-activate|p1a: Drednaw|move: Protect\n|-activate|p2a: Eiscue|ability: Ice Face\n|-damage|p2a: Eiscue|100\/100\n|-damage|p2b: Maushold|75\/100\n|detailschange|p2a: Eiscue|Eiscue-Noice, L50, F\n|move|p2a: Eiscue|Belly Drum|p2a: Eiscue\n|-damage|p2a: Eiscue|50\/100\n|-setboost|p2a: Eiscue|atk|6|[from] move: Belly Drum\n|-enditem|p2a: Eiscue|Sitrus Berry|[eat]\n|-heal|p2a: Eiscue|75\/100|[from] item: Sitrus Berry\n|\n|upkeep\n|turn|2\n|\n|t:|1682549162\n|switch|p2b: Gyarados|Gyarados, L50, F|100\/100\n|-ability|p2b: Gyarados|Intimidate|boost\n|-unboost|p1a: Drednaw|atk|1\n|-unboost|p1b: Salamence|atk|1\n|switch|p1b: Espeon|Espeon, L50, F, shiny|100\/100\n|move|p2a: Eiscue|Ice Spinner|p1b: Espeon\n|-damage|p1b: Espeon|0 fnt\n|faint|p1b: Espeon\n|move|p1a: Drednaw|Rock Slide|p2a: Eiscue|[spread] p2a,p2b\n|-supereffective|p2a: Eiscue\n|-supereffective|p2b: Gyarados\n|-damage|p2a: Eiscue|18\/100\n|-damage|p2b: Gyarados|58\/100\n|\n|upkeep\n|\n|t:|1682549177\n|switch|p1b: Medicham|Medicham, L50, M|100\/100\n|turn|3\n|\n|t:|1682549208\n|move|p2a: Eiscue|Ice Spinner|p1b: Medicham\n|-enditem|p1b: Medicham|Focus Sash\n|-damage|p1b: Medicham|1\/100\n|move|p1b: Medicham|Skill Swap|p1a: Drednaw\n|-activate|p1b: Medicham|move: Skill Swap|||[of] p1a: Drednaw\n|move|p1a: Drednaw|Rock Slide|p2b: Gyarados|[spread] p2a,p2b\n|-supereffective|p2a: Eiscue\n|-supereffective|p2b: Gyarados\n|-damage|p2a: Eiscue|0 fnt\n|-damage|p2b: Gyarados|0 fnt\n|faint|p2a: Eiscue\n|faint|p2b: Gyarados\n|\n|upkeep\n|\n|t:|1682549220\n|switch|p2a: Maushold|Maushold, L50|75\/100\n|switch|p2b: Chi-Yu|Chi-Yu, L50|100\/100\n|-ability|p2b: Chi-Yu|Beads of Ruin\n|turn|4\n|\n|t:|1682549255\n|-terastallize|p2b: Chi-Yu|Grass\n|move|p1b: Medicham|Bullet Punch|p2a: Maushold\n|-damage|p2a: Maushold|63\/100\n|move|p2a: Maushold|Super Fang|p1a: Drednaw\n|-damage|p1a: Drednaw|50\/100\n|move|p2b: Chi-Yu|Heat Wave|p1b: Medicham|[spread] p1a\n|-miss|p2b: Chi-Yu|p1b: Medicham\n|-resisted|p1a: Drednaw\n|-damage|p1a: Drednaw|25\/100\n|-enditem|p1a: Drednaw|Aguav Berry|[eat]\n|-heal|p1a: Drednaw|59\/100|[from] item: Aguav Berry\n|move|p1a: Drednaw|Rock Slide|p2a: Maushold|[spread] p2a,p2b\n|-damage|p2a: Maushold|17\/100\n|-damage|p2b: Chi-Yu|56\/100\n|-enditem|p2a: Maushold|Aguav Berry|[eat]\n|-heal|p2a: Maushold|50\/100|[from] item: Aguav Berry\n|\n|upkeep\n|turn|5\n|\n|t:|1682549282\n|switch|p1b: Salamence|Salamence, L50, M|100\/100\n|move|p2a: Maushold|Super Fang|p1a: Drednaw\n|-damage|p1a: Drednaw|30\/100\n|move|p2b: Chi-Yu|Heat Wave|p1a: Drednaw|[spread] p1a,p1b\n|-resisted|p1a: Drednaw\n|-resisted|p1b: Salamence\n|-damage|p1a: Drednaw|5\/100\n|-damage|p1b: Salamence|56\/100\n|-status|p1b: Salamence|brn\n|move|p1a: Drednaw|Rock Slide|p2b: Chi-Yu|[spread] p2a,p2b\n|-damage|p2a: Maushold|7\/100\n|-damage|p2b: Chi-Yu|16\/100\n|\n|-damage|p1b: Salamence|50\/100 brn|[from] brn\n|upkeep\n|turn|6\n|\n|t:|1682549315\n|move|p1a: Drednaw|Protect|p1a: Drednaw\n|-singleturn|p1a: Drednaw|Protect\n|move|p2a: Maushold|Beat Up|p1a: Drednaw\n|-activate|p1a: Drednaw|move: Protect\n|move|p2b: Chi-Yu|Heat Wave|p1a: Drednaw|[spread] p1b\n|-activate|p1a: Drednaw|move: Protect\n|-resisted|p1b: Salamence\n|-damage|p1b: Salamence|9\/100 brn\n|move|p1b: Salamence|Earthquake|p2a: Maushold|[spread] p2a,p2b\n|-activate|p1a: Drednaw|move: Protect\n|-resisted|p2b: Chi-Yu\n|-damage|p2a: Maushold|0 fnt\n|-damage|p2b: Chi-Yu|10\/100\n|faint|p2a: Maushold\n|-ability|p1b: Salamence|Moxie|boost\n|-boost|p1b: Salamence|atk|1\n|\n|-damage|p1b: Salamence|3\/100 brn|[from] brn\n|upkeep\n|turn|7\n|\n|t:|1682549354\n|move|p1a: Drednaw|Protect|p1a: Drednaw\n|-singleturn|p1a: Drednaw|Protect\n|move|p2b: Chi-Yu|Heat Wave|p1b: Salamence|[spread] p1b\n|-activate|p1a: Drednaw|move: Protect\n|-resisted|p1b: Salamence\n|-damage|p1b: Salamence|0 fnt\n|faint|p1b: Salamence\n|\n|upkeep\n|\n|t:|1682549363\n|switch|p1b: Medicham|Medicham, L50, M|1\/100\n|turn|8\n|\n|t:|1682549371\n|move|p1b: Medicham|Fake Out|p2b: Chi-Yu\n|-crit|p2b: Chi-Yu\n|-damage|p2b: Chi-Yu|0 fnt\n|faint|p2b: Chi-Yu\n|\n|win|Axel316\n|l|\u2606Axel316\n","uploadtime":1682549378,"views":16,"p1id":"axel316","p2id":"dwalk2196","formatid":"gen9vgc2023regulationc","rating":0,"private":0,"password":""}