{"id":"gen9vgc2023regulationc-1852555229","p1":"n30_b1a5t","p2":"Crusaderofni","format":"[Gen 9] VGC 2023 Regulation C","log":"|j|\u2606n30_b1a5t\n|j|\u2606Crusaderofni\n|t:|1682575312\n|gametype|doubles\n|player|p1|n30_b1a5t|266|1365\n|player|p2|Crusaderofni|170|1431\n|teamsize|p1|6\n|teamsize|p2|6\n|gen|9\n|tier|[Gen 9] VGC 2023 Regulation C\n|rated|\n|rule|Species Clause: Limit one of each Pok\u00e9mon\n|rule|Item Clause: Limit one of each item\n|clearpoke\n|poke|p1|Annihilape, L50, M|\n|poke|p1|Gholdengo, L50|\n|poke|p1|Maushold, L50|\n|poke|p1|Arcanine, L50, F|\n|poke|p1|Roaring Moon, L50|\n|poke|p1|Iron Bundle, L50|\n|poke|p2|Tyranitar, L50, F|\n|poke|p2|Lycanroc, L50, M|\n|poke|p2|Iron Bundle, L50|\n|poke|p2|Arcanine, L50, F|\n|poke|p2|Annihilape, L50, F|\n|poke|p2|Maushold-Four, L50|\n|teampreview|4\n|\n|t:|1682575361\n|start\n|switch|p1a: KoolAid|Gholdengo, L50|100\/100\n|switch|p1b: Cupid|Maushold, L50|100\/100\n|switch|p2a: Monke|Annihilape, L50, F|100\/100\n|switch|p2b: Robot Chicken|Iron Bundle, L50|100\/100\n|-enditem|p2b: Robot Chicken|Booster Energy\n|-activate|p2b: Robot Chicken|ability: Quark Drive|[fromitem]\n|-start|p2b: Robot Chicken|quarkdrivespe\n|turn|1\n|\n|t:|1682575382\n|move|p1b: Cupid|Follow Me|p1b: Cupid\n|-singleturn|p1b: Cupid|move: Follow Me\n|move|p2b: Robot Chicken|Icy Wind|p1b: Cupid|[spread] p1a,p1b\n|-resisted|p1a: KoolAid\n|-damage|p1a: KoolAid|94\/100\n|-damage|p1b: Cupid|78\/100\n|-unboost|p1a: KoolAid|spe|1\n|-unboost|p1b: Cupid|spe|1\n|move|p2a: Monke|Drain Punch|p1b: Cupid\n|-supereffective|p1b: Cupid\n|-damage|p1b: Cupid|0 fnt\n|faint|p1b: Cupid\n|move|p1a: KoolAid|Nasty Plot|p1a: KoolAid\n|-boost|p1a: KoolAid|spa|2\n|\n|-heal|p1a: KoolAid|99\/100|[from] item: Leftovers\n|upkeep\n|\n|t:|1682575395\n|switch|p1b: Alice|Roaring Moon, L50|100\/100\n|-enditem|p1b: Alice|Booster Energy\n|-activate|p1b: Alice|ability: Protosynthesis|[fromitem]\n|-start|p1b: Alice|protosynthesisspe\n|turn|2\n|\n|t:|1682575411\n|-terastallize|p2a: Monke|Fire\n|move|p1a: KoolAid|Protect|p1a: KoolAid\n|-singleturn|p1a: KoolAid|Protect\n|move|p2b: Robot Chicken|Icy Wind|p1b: Alice|[spread] p1b\n|-activate|p1a: KoolAid|move: Protect\n|-supereffective|p1b: Alice\n|-damage|p1b: Alice|64\/100\n|-unboost|p1b: Alice|spe|1\n|move|p1b: Alice|Tailwind|p1b: Alice\n|-sidestart|p1: n30_b1a5t|move: Tailwind\n|move|p2a: Monke|Rage Fist|p1a: KoolAid\n|-activate|p1a: KoolAid|move: Protect\n|\n|-heal|p1a: KoolAid|100\/100|[from] item: Leftovers\n|upkeep\n|turn|3\n|\n|t:|1682575433\n|move|p1b: Alice|Acrobatics|p2a: Monke\n|-damage|p2a: Monke|59\/100\n|move|p2b: Robot Chicken|Icy Wind|p1a: KoolAid|[spread] p1a,p1b\n|-resisted|p1a: KoolAid\n|-supereffective|p1b: Alice\n|-damage|p1a: KoolAid|91\/100\n|-damage|p1b: Alice|24\/100\n|-unboost|p1a: KoolAid|spe|1\n|-unboost|p1b: Alice|spe|1\n|move|p1a: KoolAid|Make It Rain|p2a: Monke|[spread] p2a,p2b\n|-resisted|p2a: Monke\n|-damage|p2a: Monke|13\/100\n|-damage|p2b: Robot Chicken|0 fnt\n|-unboost|p1a: KoolAid|spa|1\n|faint|p2b: Robot Chicken\n|-end|p2b: Robot Chicken|Quark Drive|[silent]\n|move|p2a: Monke|Rage Fist|p1a: KoolAid\n|-supereffective|p1a: KoolAid\n|-damage|p1a: KoolAid|0 fnt\n|faint|p1a: KoolAid\n|\n|-heal|p2a: Monke|19\/100|[from] item: Leftovers\n|upkeep\n|\n|t:|1682575458\n|switch|p2b: The Rock|Tyranitar, L50, F|100\/100\n|switch|p1a: Nexus|Arcanine, L50, F|100\/100\n|-ability|p1a: Nexus|Intimidate|boost\n|-unboost|p2a: Monke|atk|1\n|-ability|p2a: Monke|Defiant|boost\n|-boost|p2a: Monke|atk|2\n|-unboost|p2b: The Rock|atk|1\n|-weather|Sandstorm|[from] ability: Sand Stream|[of] p2b: The Rock\n|turn|4\n|\n|t:|1682575477\n|-terastallize|p1a: Nexus|Grass\n|move|p2a: Monke|Protect|p2a: Monke\n|-singleturn|p2a: Monke|Protect\n|move|p1b: Alice|Breaking Swipe|p2b: The Rock|[spread] p2b\n|-activate|p2a: Monke|move: Protect\n|-damage|p2b: The Rock|80\/100\n|-unboost|p2b: The Rock|atk|1\n|move|p1a: Nexus|Close Combat|p2b: The Rock\n|-supereffective|p2b: The Rock\n|-damage|p2b: The Rock|0 fnt\n|-unboost|p1a: Nexus|def|1\n|-unboost|p1a: Nexus|spd|1\n|faint|p2b: The Rock\n|\n|-weather|Sandstorm|[upkeep]\n|-damage|p1b: Alice|18\/100|[from] Sandstorm\n|-damage|p1a: Nexus|94\/100|[from] Sandstorm\n|-damage|p2a: Monke|13\/100|[from] Sandstorm\n|-heal|p2a: Monke|19\/100|[from] item: Leftovers\n|upkeep\n|\n|t:|1682575497\n|switch|p2b: Good Boy|Arcanine, L50, F|100\/100\n|-ability|p2b: Good Boy|Intimidate|boost\n|-unboost|p1a: Nexus|atk|1\n|-unboost|p1b: Alice|atk|1\n|turn|5\n|\n|t:|1682575523\n|move|p2a: Monke|Protect||[still]\n|-fail|p2a: Monke\n|move|p1b: Alice|Breaking Swipe|p2a: Monke|[spread] p2a,p2b\n|-damage|p2a: Monke|2\/100\n|-damage|p2b: Good Boy|81\/100\n|-unboost|p2a: Monke|atk|1\n|-ability|p2a: Monke|Defiant|boost\n|-boost|p2a: Monke|atk|2\n|-unboost|p2b: Good Boy|atk|1\n|move|p1a: Nexus|Close Combat|p2b: Good Boy\n|-damage|p2b: Good Boy|50\/100\n|-unboost|p1a: Nexus|def|1\n|-unboost|p1a: Nexus|spd|1\n|move|p2b: Good Boy|Flare Blitz|p1a: Nexus\n|-supereffective|p1a: Nexus\n|-damage|p1a: Nexus|0 fnt\n|faint|p1a: Nexus\n|-damage|p2b: Good Boy|21\/100|[from] Recoil\n|\n|-weather|Sandstorm|[upkeep]\n|-damage|p1b: Alice|12\/100|[from] Sandstorm\n|-damage|p2a: Monke|0 fnt|[from] Sandstorm\n|faint|p2a: Monke\n|-sideend|p1: n30_b1a5t|move: Tailwind\n|upkeep\n|turn|6\n|c|\u2606n30_b1a5t|damn gg\n|\n|t:|1682575550\n|move|p2b: Good Boy|Protect|p2b: Good Boy\n|-singleturn|p2b: Good Boy|Protect\n|move|p1b: Alice|Acrobatics|p2b: Good Boy\n|-activate|p2b: Good Boy|move: Protect\n|\n|-weather|Sandstorm|[upkeep]\n|-damage|p1b: Alice|6\/100|[from] Sandstorm\n|upkeep\n|turn|7\n|\n|t:|1682575563\n|move|p2b: Good Boy|Protect|p2b: Good Boy\n|-singleturn|p2b: Good Boy|Protect\n|move|p1b: Alice|Acrobatics|p2b: Good Boy\n|-activate|p2b: Good Boy|move: Protect\n|\n|-weather|Sandstorm|[upkeep]\n|-damage|p1b: Alice|0 fnt|[from] Sandstorm\n|faint|p1b: Alice\n|-end|p1b: Alice|Protosynthesis|[silent]\n|\n|win|Crusaderofni\n|upkeep\n|raw|n30_b1a5t's rating: 1365 → 1349<\/strong> (-16 for losing)\n|raw|Crusaderofni's rating: 1431 → 1447<\/strong> (+16 for winning)\n|l|\u2606n30_b1a5t\n","uploadtime":1682575590,"views":15,"p1id":"n30b1a5t","p2id":"crusaderofni","formatid":"gen9vgc2023regulationc","rating":1349,"private":0,"password":""}