{"id":"gen9vgc2023regulationc-1854338666","p1":"hit my whip","p2":"BIGHAXORUSFAN147","format":"[Gen 9] VGC 2023 Regulation C","log":"|j|\u2606hit my whip\n|j|\u2606BIGHAXORUSFAN147\n|t:|1682798750\n|gametype|doubles\n|player|p1|hit my whip|acetrainerf-gen4dp|1417\n|player|p2|BIGHAXORUSFAN147|grimsley-masters|1449\n|teamsize|p1|6\n|teamsize|p2|6\n|gen|9\n|tier|[Gen 9] VGC 2023 Regulation C\n|rated|\n|rule|Species Clause: Limit one of each Pok\u00e9mon\n|rule|Item Clause: Limit one of each item\n|clearpoke\n|poke|p1|Iron Bundle, L50|\n|poke|p1|Abomasnow, L50, M|\n|poke|p1|Pincurchin, L50, F|\n|poke|p1|Iron Hands, L50|\n|poke|p1|Dragapult, L50, F|\n|poke|p1|Iron Treads, L50|\n|poke|p2|Chi-Yu, L50|\n|poke|p2|Iron Bundle, L50|\n|poke|p2|Flutter Mane, L50|\n|poke|p2|Dragonite, L50, F|\n|poke|p2|Kingambit, L50, F|\n|poke|p2|Amoonguss, L50, M|\n|teampreview|4\n|inactive|Battle timer is ON: inactive players will automatically lose when time's up. (requested by hit my whip)\nBIGHAXORUSFAN147 has agreed to open team sheets.\n|inactive|BIGHAXORUSFAN147 has 60 seconds left.\n|\n|t:|1682798792\n|start\n|switch|p1a: Dragapult|Dragapult, L50, F|100\/100\n|switch|p1b: Iron Bundle|Iron Bundle, L50|100\/100\n|switch|p2a: Chi-Yu|Chi-Yu, L50|100\/100\n|switch|p2b: Flutter Mane|Flutter Mane, L50|100\/100\n|-ability|p2a: Chi-Yu|Beads of Ruin\n|turn|1\n|inactive|BIGHAXORUSFAN147 has 30 seconds left.\n|\n|t:|1682798817\n|-terastallize|p1a: Dragapult|Steel\n|-terastallize|p2b: Flutter Mane|Fairy\n|move|p1a: Dragapult|Tera Blast|p2b: Flutter Mane\n|-supereffective|p2b: Flutter Mane\n|-damage|p2b: Flutter Mane|0 fnt\n|faint|p2b: Flutter Mane\n|-end|p2b: Flutter Mane|Protosynthesis|[silent]\n|move|p1b: Iron Bundle|Water Pulse|p2a: Chi-Yu\n|-supereffective|p2a: Chi-Yu\n|-damage|p2a: Chi-Yu|19\/100\n|move|p2a: Chi-Yu|Heat Wave|p1b: Iron Bundle|[spread] p1a,p1b\n|-supereffective|p1a: Dragapult\n|-damage|p1a: Dragapult|0 fnt\n|-damage|p1b: Iron Bundle|9\/100\n|faint|p1a: Dragapult\n|\n|upkeep\n|\n|t:|1682798833\n|switch|p1a: Pincurchin|Pincurchin, L50, F|100\/100\n|switch|p2b: Iron Bundle|Iron Bundle, L50, shiny|100\/100\n|-fieldstart|move: Electric Terrain|[from] ability: Electric Surge|[of] p1a: Pincurchin\n|-activate|p1b: Iron Bundle|ability: Quark Drive\n|-start|p1b: Iron Bundle|quarkdrivespe\n|-activate|p2b: Iron Bundle|ability: Quark Drive\n|-start|p2b: Iron Bundle|quarkdrivespe\n|turn|2\n|\n|t:|1682798856\n|move|p2a: Chi-Yu|Protect|p2a: Chi-Yu\n|-singleturn|p2a: Chi-Yu|Protect\n|move|p2b: Iron Bundle|Icy Wind|p1b: Iron Bundle|[spread] p1b\n|-miss|p2b: Iron Bundle|p1a: Pincurchin\n|-resisted|p1b: Iron Bundle\n|-damage|p1b: Iron Bundle|0 fnt\n|faint|p1b: Iron Bundle\n|-end|p1b: Iron Bundle|Quark Drive|[silent]\n|move|p1a: Pincurchin|Zing Zap|p2b: Iron Bundle\n|-supereffective|p2b: Iron Bundle\n|-damage|p2b: Iron Bundle|0 fnt\n|faint|p2b: Iron Bundle\n|-end|p2b: Iron Bundle|Quark Drive|[silent]\n|-damage|p1a: Pincurchin|91\/100|[from] item: Life Orb\n|\n|upkeep\n|\n|t:|1682798865\n|switch|p1b: Abomasnow|Abomasnow, L50, M|100\/100\n|switch|p2b: Kingambit|Kingambit, L50, F|100\/100\n|-weather|Snow|[from] ability: Snow Warning|[of] p1b: Abomasnow\n|turn|3\n|\n|t:|1682798876\n|move|p1b: Abomasnow|Ice Shard|p2a: Chi-Yu\n|-resisted|p2a: Chi-Yu\n|-crit|p2a: Chi-Yu\n|-damage|p2a: Chi-Yu|7\/100\n|move|p1a: Pincurchin|Sucker Punch|p2a: Chi-Yu\n|-resisted|p2a: Chi-Yu\n|-damage|p2a: Chi-Yu|0 fnt\n|faint|p2a: Chi-Yu\n|-damage|p1a: Pincurchin|81\/100|[from] item: Life Orb\n|move|p2b: Kingambit|Iron Head|p1b: Abomasnow\n|-supereffective|p1b: Abomasnow\n|-damage|p1b: Abomasnow|26\/100\n|\n|-weather|Snow|[upkeep]\n|upkeep\n|turn|4\n|\n|t:|1682798889\n|move|p1b: Abomasnow|Blizzard|p2b: Kingambit\n|-resisted|p2b: Kingambit\n|-damage|p2b: Kingambit|86\/100\n|-status|p2b: Kingambit|frz\n|cant|p2b: Kingambit|frz\n|move|p1a: Pincurchin|Zing Zap|p2b: Kingambit\n|-damage|p2b: Kingambit|33\/100 frz\n|-damage|p1a: Pincurchin|71\/100|[from] item: Life Orb\n|\n|-weather|Snow|[upkeep]\n|upkeep\n|turn|5\n|c|\u2606BIGHAXORUSFAN147|lmao\n|\n|t:|1682798906\n|move|p1b: Abomasnow|Blizzard|p2b: Kingambit\n|-resisted|p2b: Kingambit\n|-damage|p2b: Kingambit|20\/100 frz\n|cant|p2b: Kingambit|frz\n|move|p1a: Pincurchin|Zing Zap|p2b: Kingambit\n|-damage|p2b: Kingambit|0 fnt\n|faint|p2b: Kingambit\n|-damage|p1a: Pincurchin|62\/100|[from] item: Life Orb\n|\n|win|hit my whip\n|raw|hit my whip's rating: 1417 → 1439<\/strong> (+22 for winning)\n|raw|BIGHAXORUSFAN147's rating: 1449 → 1427<\/strong> (-22 for losing)\n|l|\u2606hit my whip\n","uploadtime":1682798924,"views":18,"p1id":"hitmywhip","p2id":"bighaxorusfan147","formatid":"gen9vgc2023regulationc","rating":1427,"private":0,"password":""}