{"id":"gen9vgc2023regulationc-1854909630","p1":"BumpyBumps","p2":"xXxninu2008","format":"[Gen 9] VGC 2023 Regulation C","log":"|j|\u2606BumpyBumps\n|j|\u2606xXxninu2008\n|t:|1682879715\n|gametype|doubles\n|player|p1|BumpyBumps|wallace|\n|player|p2|xXxninu2008|2|\n|teamsize|p1|6\n|teamsize|p2|6\n|gen|9\n|tier|[Gen 9] VGC 2023 Regulation C\n|rule|Species Clause: Limit one of each Pok\u00e9mon\n|rule|Item Clause: Limit one of each item\n|clearpoke\n|poke|p1|Flutter Mane, L50|\n|poke|p1|Chien-Pao, L50|\n|poke|p1|Ting-Lu, L50|\n|poke|p1|Arcanine, L50, M|\n|poke|p1|Dragonite, L50, F|\n|poke|p1|Amoonguss, L50, F|\n|poke|p2|Garchomp, L50, F|\n|poke|p2|Murkrow, L50, F|\n|poke|p2|Annihilape, L50, M|\n|poke|p2|Meowscarada, L50, M|\n|poke|p2|Ceruledge, L50, M|\n|poke|p2|Chien-Pao, L50|\n|teampreview|4\n|\n|t:|1682879764\n|start\n|switch|p1a: Dragonite|Dragonite, L50, F|100\/100\n|switch|p1b: Arcanine|Arcanine, L50, M|100\/100\n|switch|p2a: Aizen|Ceruledge, L50, M|100\/100\n|switch|p2b: Mother nature?|Meowscarada, L50, M|100\/100\n|-ability|p1b: Arcanine|Intimidate|boost\n|-unboost|p2a: Aizen|atk|1\n|-unboost|p2b: Mother nature?|atk|1\n|turn|1\n|\n|t:|1682879785\n|move|p2b: Mother nature?|Play Rough|p1a: Dragonite\n|-start|p2b: Mother nature?|typechange|Fairy|[from] ability: Protean\n|-supereffective|p1a: Dragonite\n|-damage|p1a: Dragonite|67\/100\n|-damage|p2b: Mother nature?|91\/100|[from] item: Life Orb\n|move|p2a: Aizen|Bulk Up|p2a: Aizen\n|-boost|p2a: Aizen|atk|1\n|-boost|p2a: Aizen|def|1\n|move|p1a: Dragonite|Ice Spinner|p2b: Mother nature?\n|-damage|p2b: Mother nature?|50\/100\n|move|p1b: Arcanine|Flare Blitz|p2b: Mother nature?\n|-damage|p2b: Mother nature?|0 fnt\n|faint|p2b: Mother nature?\n|-damage|p1b: Arcanine|85\/100|[from] Recoil\n|\n|upkeep\n|j| aquaarmor23\n|\n|t:|1682879802\n|switch|p2b: Shinigami|Annihilape, L50, M|100\/100\n|turn|2\n|\n|t:|1682879852\n|move|p2b: Shinigami|Final Gambit|p1b: Arcanine\n|-damage|p1b: Arcanine|0 fnt\n|faint|p2b: Shinigami\n|faint|p1b: Arcanine\n|move|p2a: Aizen|Bulk Up|p2a: Aizen\n|-boost|p2a: Aizen|atk|1\n|-boost|p2a: Aizen|def|1\n|move|p1a: Dragonite|Dragon Claw|p2a: Aizen\n|-damage|p2a: Aizen|69\/100\n|\n|-heal|p2a: Aizen|75\/100|[from] item: Leftovers\n|upkeep\n|\n|t:|1682879862\n|switch|p2b: Katty?|Chien-Pao, L50|100\/100\n|switch|p1b: Ting-Lu|Ting-Lu, L50|100\/100\n|-ability|p2b: Katty?|Sword of Ruin\n|-ability|p1b: Ting-Lu|Vessel of Ruin\n|turn|3\n|\n|t:|1682879934\n|-terastallize|p2a: Aizen|Grass\n|-terastallize|p1a: Dragonite|Normal\n|move|p1a: Dragonite|Extreme Speed|p2b: Katty?\n|-damage|p2b: Katty?|49\/100\n|move|p2b: Katty?|Ice Spinner|p1a: Dragonite\n|-damage|p1a: Dragonite|17\/100\n|move|p2a: Aizen|Tera Blast|p1b: Ting-Lu\n|-supereffective|p1b: Ting-Lu\n|-damage|p1b: Ting-Lu|6\/100\n|move|p1b: Ting-Lu|Fissure|p2a: Aizen|[miss]\n|-miss|p1b: Ting-Lu|p2a: Aizen\n|\n|-heal|p2a: Aizen|81\/100|[from] item: Leftovers\n|upkeep\n|turn|4\n|j| awesome10billion\n|\n|t:|1682879959\n|move|p1a: Dragonite|Extreme Speed|p2b: Katty?\n|-damage|p2b: Katty?|0 fnt\n|faint|p2b: Katty?\n|move|p2a: Aizen|Shadow Sneak|p1a: Dragonite\n|-immune|p1a: Dragonite\n|move|p1b: Ting-Lu|Stomping Tantrum|p2a: Aizen\n|-resisted|p2a: Aizen\n|-damage|p2a: Aizen|59\/100\n|\n|-heal|p2a: Aizen|65\/100|[from] item: Leftovers\n|upkeep\n|turn|5\n|\n|t:|1682879972\n|move|p1a: Dragonite|Protect|p1a: Dragonite\n|-singleturn|p1a: Dragonite|Protect\n|move|p2a: Aizen|Bitter Blade|p1a: Dragonite\n|-activate|p1a: Dragonite|move: Protect\n|move|p1b: Ting-Lu|Fissure|p2a: Aizen|[miss]\n|-miss|p1b: Ting-Lu|p2a: Aizen\n|\n|-heal|p2a: Aizen|71\/100|[from] item: Leftovers\n|upkeep\n|turn|6\n|\n|t:|1682879988\n|move|p2a: Aizen|Bitter Blade|p1b: Ting-Lu\n|-damage|p1b: Ting-Lu|0 fnt\n|-heal|p2a: Aizen|75\/100|[from] drain|[of] p1b: Ting-Lu\n|faint|p1b: Ting-Lu\n|move|p1a: Dragonite|Ice Spinner|p2a: Aizen\n|-supereffective|p2a: Aizen\n|-damage|p2a: Aizen|30\/100\n|\n|-heal|p2a: Aizen|36\/100|[from] item: Leftovers\n|upkeep\n|\n|t:|1682879995\n|switch|p1b: Chien-Pao|Chien-Pao, L50|100\/100\n|-ability|p1b: Chien-Pao|Sword of Ruin\n|turn|7\n|\n|t:|1682880002\n|move|p1b: Chien-Pao|Ice Spinner|p2a: Aizen\n|-supereffective|p2a: Aizen\n|-damage|p2a: Aizen|0 fnt\n|faint|p2a: Aizen\n|\n|win|BumpyBumps\n|l| aquaarmor23\n|l|\u2606xXxninu2008\n|l| awesome10billion\n","uploadtime":1682880008,"views":8,"p1id":"bumpybumps","p2id":"xxxninu2008","formatid":"gen9vgc2023regulationc","rating":0,"private":0,"password":""}