{"id":"gen9vgc2023regulationc-1857158410","p1":"Deuda Publica","p2":"VGC world","format":"[Gen 9] VGC 2023 Regulation C","log":"|j|\u2606Deuda Publica\n|j|\u2606VGC world\n|t:|1683152077\n|gametype|doubles\n|player|p1|Deuda Publica|n|1099\n|player|p2|VGC world|jupiter|1000\n|teamsize|p1|6\n|teamsize|p2|6\n|gen|9\n|tier|[Gen 9] VGC 2023 Regulation C\n|rated|\n|rule|Species Clause: Limit one of each Pok\u00e9mon\n|rule|Item Clause: Limit one of each item\n|clearpoke\n|poke|p1|Gothitelle, L50, F|\n|poke|p1|Flutter Mane, L50|\n|poke|p1|Wo-Chien, L50|\n|poke|p1|Corviknight, L50, F|\n|poke|p1|Garganacl, L50, F|\n|poke|p1|Glimmora, L50, F|\n|poke|p2|Flutter Mane, L50|\n|poke|p2|Iron Hands, L50|\n|poke|p2|Baxcalibur, L50, M|\n|poke|p2|Amoonguss, L50, M|\n|poke|p2|Gyarados, L50, M|\n|poke|p2|Iron Bundle, L50|\n|teampreview|4\n|\n|t:|1683152131\n|start\n|switch|p1a: Gothitelle|Gothitelle, L50, F|100\/100\n|switch|p1b: Glimmora|Glimmora, L50, F|100\/100\n|switch|p2a: Gyarados|Gyarados, L50, M, shiny|100\/100\n|switch|p2b: Flutter Mane|Flutter Mane, L50|100\/100\n|-ability|p2a: Gyarados|Intimidate|boost\n|-unboost|p1a: Gothitelle|atk|1\n|-unboost|p1b: Glimmora|atk|1\n|turn|1\n|\n|t:|1683152153\n|move|p2a: Gyarados|Protect|p2a: Gyarados\n|-singleturn|p2a: Gyarados|Protect\n|move|p1a: Gothitelle|Fake Out|p2a: Gyarados\n|-activate|p2a: Gyarados|move: Protect\n|move|p2b: Flutter Mane|Shadow Ball|p1b: Glimmora\n|-damage|p1b: Glimmora|30\/100\n|move|p1b: Glimmora|Mortal Spin|p2a: Gyarados|[spread] p2b\n|-activate|p2a: Gyarados|move: Protect\n|-damage|p2b: Flutter Mane|94\/100\n|-status|p2b: Flutter Mane|psn\n|\n|-damage|p2b: Flutter Mane|82\/100 psn|[from] psn\n|upkeep\n|turn|2\n|\n|t:|1683152209\n|move|p2b: Flutter Mane|Shadow Ball|p1b: Glimmora\n|-crit|p1b: Glimmora\n|-damage|p1b: Glimmora|0 fnt\n|faint|p1b: Glimmora\n|move|p2a: Gyarados|Taunt|p1a: Gothitelle\n|-start|p1a: Gothitelle|move: Taunt\n|cant|p1a: Gothitelle|move: Taunt|Taunt\n|\n|-damage|p2b: Flutter Mane|70\/100 psn|[from] psn\n|upkeep\n|\n|t:|1683152218\n|switch|p1b: Garganacl|Garganacl, L50, F|100\/100\n|turn|3\n|\n|t:|1683152234\n|-terastallize|p1b: Garganacl|Poison\n|move|p2b: Flutter Mane|Shadow Ball|p1a: Gothitelle\n|-supereffective|p1a: Gothitelle\n|-damage|p1a: Gothitelle|18\/100\n|-enditem|p1a: Gothitelle|Sitrus Berry|[eat]\n|-heal|p1a: Gothitelle|43\/100|[from] item: Sitrus Berry\n|move|p2a: Gyarados|Waterfall|p1b: Garganacl\n|-damage|p1b: Garganacl|81\/100\n|move|p1a: Gothitelle|Psychic|p2b: Flutter Mane\n|-damage|p2b: Flutter Mane|41\/100 psn\n|move|p1b: Garganacl|Salt Cure|p2a: Gyarados\n|-supereffective|p2a: Gyarados\n|-damage|p2a: Gyarados|72\/100\n|-start|p2a: Gyarados|Salt Cure\n|\n|-damage|p2b: Flutter Mane|29\/100 psn|[from] psn\n|-damage|p2a: Gyarados|47\/100|[from] Salt Cure\n|upkeep\n|turn|4\n|\n|t:|1683152253\n|move|p2b: Flutter Mane|Shadow Ball|p1a: Gothitelle\n|-supereffective|p1a: Gothitelle\n|-damage|p1a: Gothitelle|0 fnt\n|faint|p1a: Gothitelle\n|move|p2a: Gyarados|Taunt|p1b: Garganacl\n|-start|p1b: Garganacl|move: Taunt\n|move|p1b: Garganacl|Salt Cure|p2b: Flutter Mane\n|-damage|p2b: Flutter Mane|3\/100 psn\n|-start|p2b: Flutter Mane|Salt Cure\n|\n|-damage|p2b: Flutter Mane|0 fnt|[from] psn\n|faint|p2b: Flutter Mane\n|-end|p2b: Flutter Mane|Protosynthesis|[silent]\n|-damage|p2a: Gyarados|22\/100|[from] Salt Cure\n|upkeep\n|\n|t:|1683152273\n|switch|p2b: Iron Bundle|Iron Bundle, L50|100\/100\n|switch|p1a: Corviknight|Corviknight, L50, F|100\/100\n|turn|5\n|\n|t:|1683152285\n|-terastallize|p2b: Iron Bundle|Ice\n|move|p2b: Iron Bundle|Freeze-Dry|p1b: Garganacl\n|-damage|p1b: Garganacl|39\/100\n|move|p2a: Gyarados|Thunder Wave|p1a: Corviknight\n|-status|p1a: Corviknight|par\n|move|p1b: Garganacl|Salt Cure|p2b: Iron Bundle\n|-supereffective|p2b: Iron Bundle\n|-damage|p2b: Iron Bundle|68\/100\n|-start|p2b: Iron Bundle|Salt Cure\n|move|p1a: Corviknight|Brave Bird|p2b: Iron Bundle\n|-damage|p2b: Iron Bundle|20\/100\n|-damage|p1a: Corviknight|90\/100 par|[from] Recoil\n|\n|-damage|p2b: Iron Bundle|7\/100|[from] Salt Cure\n|-damage|p2a: Gyarados|0 fnt|[from] Salt Cure\n|faint|p2a: Gyarados\n|upkeep\n|\n|t:|1683152297\n|switch|p2a: Iron Hands|Iron Hands, L50|100\/100\n|turn|6\n|\n|t:|1683152308\n|move|p1a: Corviknight|Protect|p1a: Corviknight\n|-singleturn|p1a: Corviknight|Protect\n|move|p2b: Iron Bundle|Freeze-Dry|p1b: Garganacl\n|-damage|p1b: Garganacl|0 fnt\n|faint|p1b: Garganacl\n|move|p2a: Iron Hands|Wild Charge|p1a: Corviknight\n|-activate|p1a: Corviknight|move: Protect\n|\n|-damage|p2b: Iron Bundle|0 fnt|[from] Salt Cure\n|faint|p2b: Iron Bundle\n|-end|p2b: Iron Bundle|Quark Drive|[silent]\n|upkeep\n|turn|7\n|\n|t:|1683152318\n|move|p2a: Iron Hands|Wild Charge|p1a: Corviknight\n|-supereffective|p1a: Corviknight\n|-damage|p1a: Corviknight|10\/100 par\n|-damage|p2a: Iron Hands|83\/100|[from] Recoil\n|cant|p1a: Corviknight|par\n|\n|upkeep\n|turn|8\n|-message|Deuda Publica forfeited.\n|\n|win|VGC world\n|raw|Deuda Publica's rating: 1099 → 1067<\/strong> (-32 for losing)\n|raw|VGC world's rating: 1000 → 1051<\/strong> (+51 for winning)\n|l|\u2606Deuda Publica\n","uploadtime":1683152329,"views":10,"p1id":"deudapublica","p2id":"vgcworld","formatid":"gen9vgc2023regulationc","rating":1051,"private":0,"password":""}