{"id":"gen9vgc2023regulationc-1861667518","p1":"Montendoz","p2":"Vasy98ita","format":"[Gen 9] VGC 2023 Regulation C","log":"|j|\u2606Montendoz\n|j|\u2606Vasy98ita\n|t:|1683791127\n|gametype|doubles\n|player|p1|Montendoz|265|1287\n|player|p2|Vasy98ita|riley|1205\n|teamsize|p1|6\n|teamsize|p2|6\n|gen|9\n|tier|[Gen 9] VGC 2023 Regulation C\n|rated|\n|rule|Species Clause: Limit one of each Pok\u00e9mon\n|rule|Item Clause: Limit one of each item\n|clearpoke\n|poke|p1|Arcanine, L50, M|\n|poke|p1|Annihilape, L50, M|\n|poke|p1|Ting-Lu, L50|\n|poke|p1|Scream Tail, L50|\n|poke|p1|Torkoal, L50, F|\n|poke|p1|Masquerain, L50, F|\n|poke|p2|Amoonguss, L50, F|\n|poke|p2|Arcanine, L50, M|\n|poke|p2|Flutter Mane, L50|\n|poke|p2|Chi-Yu, L50|\n|poke|p2|Iron Hands, L50|\n|poke|p2|Palafin, L50, F|\n|teampreview|4\n|inactive|Battle timer is ON: inactive players will automatically lose when time's up. (requested by Montendoz)\n|inactive|Montendoz has 60 seconds left.\n|inactive|Vasy98ita has 60 seconds left.\n|\n|t:|1683791168\n|start\n|switch|p1a: Masquerain|Masquerain, L50, F|100\/100\n|switch|p1b: Annihilape|Annihilape, L50, M|100\/100\n|switch|p2a: Amoonguss|Amoonguss, L50, F|100\/100\n|switch|p2b: Iron Hands|Iron Hands, L50|100\/100\n|-ability|p1a: Masquerain|Intimidate|boost\n|-unboost|p2a: Amoonguss|atk|1\n|-unboost|p2b: Iron Hands|atk|1\n|turn|1\n|inactive|Montendoz has 30 seconds left.\n|\n|t:|1683791198\n|-terastallize|p1a: Masquerain|Ghost\n|move|p1a: Masquerain|Tailwind|p1a: Masquerain\n|-sidestart|p1: Montendoz|move: Tailwind\n|move|p1b: Annihilape|Bulk Up|p1b: Annihilape\n|-boost|p1b: Annihilape|atk|1\n|-boost|p1b: Annihilape|def|1\n|move|p2b: Iron Hands|Volt Switch|p1b: Annihilape\n|-damage|p1b: Annihilape|89\/100\n|\n|t:|1683791210\n|-end|p2b: Iron Hands|Quark Drive|[silent]\n|switch|p2b: Flutter Mane|Flutter Mane, L50|100\/100|[from] Volt Switch\n|-enditem|p2b: Flutter Mane|Booster Energy\n|-activate|p2b: Flutter Mane|ability: Protosynthesis|[fromitem]\n|-start|p2b: Flutter Mane|protosynthesisspe\n|move|p2a: Amoonguss|Spore|p1a: Masquerain\n|-status|p1a: Masquerain|slp|[from] move: Spore\n|\n|-heal|p1b: Annihilape|95\/100|[from] item: Leftovers\n|upkeep\n|turn|2\n|inactive|Montendoz has 30 seconds left.\n|\n|t:|1683791235\n|move|p1b: Annihilape|Protect|p1b: Annihilape\n|-singleturn|p1b: Annihilape|Protect\n|move|p2a: Amoonguss|Rage Powder|p2a: Amoonguss\n|-singleturn|p2a: Amoonguss|move: Rage Powder\n|cant|p1a: Masquerain|slp\n|move|p2b: Flutter Mane|Shadow Ball|p1b: Annihilape\n|-activate|p1b: Annihilape|move: Protect\n|\n|-heal|p1b: Annihilape|100\/100|[from] item: Leftovers\n|upkeep\n|turn|3\n|inactive|Montendoz has 30 seconds left.\n|\n|t:|1683791267\n|move|p2a: Amoonguss|Rage Powder|p2a: Amoonguss\n|-singleturn|p2a: Amoonguss|move: Rage Powder\n|-curestatus|p1a: Masquerain|slp|[msg]\n|move|p1a: Masquerain|Aqua Jet|p2a: Amoonguss\n|-resisted|p2a: Amoonguss\n|-damage|p2a: Amoonguss|98\/100\n|move|p2b: Flutter Mane|Shadow Ball|p1a: Masquerain\n|-supereffective|p1a: Masquerain\n|-damage|p1a: Masquerain|6\/100\n|move|p1b: Annihilape|Rage Fist|p2a: Amoonguss\n|-damage|p2a: Amoonguss|36\/100\n|-enditem|p2a: Amoonguss|Sitrus Berry|[eat]\n|-heal|p2a: Amoonguss|60\/100|[from] item: Sitrus Berry\n|\n|upkeep\n|turn|4\n|inactive|Vasy98ita has 30 seconds left.\n|\n|t:|1683791293\n|move|p2a: Amoonguss|Protect|p2a: Amoonguss\n|-singleturn|p2a: Amoonguss|Protect\n|move|p2b: Flutter Mane|Shadow Ball|p1b: Annihilape\n|-supereffective|p1b: Annihilape\n|-damage|p1b: Annihilape|18\/100\n|move|p1a: Masquerain|Power Split|p2b: Flutter Mane\n|-activate|p1a: Masquerain|move: Power Split|[of] p2b: Flutter Mane\n|move|p1b: Annihilape|Rage Fist|p2b: Flutter Mane\n|-supereffective|p2b: Flutter Mane\n|-damage|p2b: Flutter Mane|0 fnt\n|faint|p2b: Flutter Mane\n|-end|p2b: Flutter Mane|Protosynthesis|[silent]\n|\n|-heal|p1b: Annihilape|24\/100|[from] item: Leftovers\n|-sideend|p1: Montendoz|move: Tailwind\n|upkeep\n|\n|t:|1683791304\n|switch|p2b: Chi-Yu|Chi-Yu, L50|100\/100\n|-ability|p2b: Chi-Yu|Beads of Ruin\n|turn|5\n|\n|t:|1683791323\n|switch|p2a: Iron Hands|Iron Hands, L50|100\/100\n|move|p1b: Annihilape|Protect|p1b: Annihilape\n|-singleturn|p1b: Annihilape|Protect\n|move|p2b: Chi-Yu|Heat Wave|p1a: Masquerain|[spread] p1a\n|-activate|p1b: Annihilape|move: Protect\n|-damage|p1a: Masquerain|0 fnt\n|faint|p1a: Masquerain\n|\n|-heal|p1b: Annihilape|30\/100|[from] item: Leftovers\n|upkeep\n|\n|t:|1683791335\n|switch|p1a: Ting-Lu|Ting-Lu, L50|100\/100\n|-ability|p1a: Ting-Lu|Vessel of Ruin\n|turn|6\n|\n|t:|1683791357\n|switch|p1b: Torkoal|Torkoal, L50, F|100\/100\n|-weather|SunnyDay|[from] ability: Drought|[of] p1b: Torkoal\n|move|p2a: Iron Hands|Fake Out|p1a: Ting-Lu\n|-damage|p1a: Ting-Lu|91\/100\n|move|p2b: Chi-Yu|Heat Wave|p1a: Ting-Lu|[spread] p1a,p1b\n|-resisted|p1b: Torkoal\n|-damage|p1a: Ting-Lu|46\/100\n|-damage|p1b: Torkoal|49\/100\n|cant|p1a: Ting-Lu|flinch\n|\n|-weather|SunnyDay|[upkeep]\n|upkeep\n|turn|7\n|\n|t:|1683791379\n|move|p1a: Ting-Lu|Protect|p1a: Ting-Lu\n|-singleturn|p1a: Ting-Lu|Protect\n|move|p2b: Chi-Yu|Heat Wave|p1b: Torkoal|[spread] p1b\n|-activate|p1a: Ting-Lu|move: Protect\n|-resisted|p1b: Torkoal\n|-damage|p1b: Torkoal|0 fnt\n|faint|p1b: Torkoal\n|move|p2a: Iron Hands|Drain Punch|p1a: Ting-Lu\n|-activate|p1a: Ting-Lu|move: Protect\n|\n|-weather|SunnyDay|[upkeep]\n|upkeep\n|\n|t:|1683791389\n|switch|p1b: Annihilape|Annihilape, L50, M|30\/100\n|turn|8\n|\n|t:|1683791398\n|move|p2b: Chi-Yu|Heat Wave|p1a: Ting-Lu|[spread] p1a,p1b\n|-damage|p1a: Ting-Lu|0 fnt\n|-damage|p1b: Annihilape|0 fnt\n|faint|p1a: Ting-Lu\n|faint|p1b: Annihilape\n|\n|win|Vasy98ita\n|raw|Montendoz's rating: 1287 → 1256<\/strong> (-31 for losing)\n|raw|Vasy98ita's rating: 1205 → 1236<\/strong> (+31 for winning)\n|l|\u2606Montendoz\n","uploadtime":1683791406,"views":10,"p1id":"montendoz","p2id":"vasy98ita","formatid":"gen9vgc2023regulationc","rating":1236,"private":0,"password":""}