{"id":"gen9vgc2023regulationc-1857056315","p1":"XANAWott","p2":"Vengeful potato","format":"[Gen 9] VGC 2023 Regulation C","log":"|j|\u2606XANAWott\n|j|\u2606Vengeful potato\n|t:|1683141508\n|gametype|doubles\n|player|p1|XANAWott|n|1146\n|player|p2|Vengeful potato|swimmer-gen4|1228\n|teamsize|p1|6\n|teamsize|p2|6\n|gen|9\n|tier|[Gen 9] VGC 2023 Regulation C\n|rated|\n|rule|Species Clause: Limit one of each Pok\u00e9mon\n|rule|Item Clause: Limit one of each item\n|clearpoke\n|poke|p1|Sylveon, L50, F|\n|poke|p1|Maushold-Four, L50|\n|poke|p1|Chi-Yu, L50|\n|poke|p1|Amoonguss, L50, F|\n|poke|p1|Gastrodon-East, L50, F|\n|poke|p1|Iron Valiant, L50|\n|poke|p2|Dudunsparce-*, L50, M|\n|poke|p2|Hariyama, L50, M|\n|poke|p2|Gholdengo, L50|\n|poke|p2|Salamence, L50, F|\n|poke|p2|Toedscruel, L50, F|\n|poke|p2|Rotom-Wash, L50|\n|teampreview|4\n|inactive|Battle timer is ON: inactive players will automatically lose when time's up. (requested by XANAWott)\n|\n|t:|1683141525\n|start\n|switch|p1a: Sylveon|Sylveon, L50, F, shiny|100\/100\n|switch|p1b: Maushold|Maushold-Four, L50|100\/100\n|switch|p2a: Double Down|Dudunsparce, L50, M|100\/100\n|switch|p2b: THICC|Hariyama, L50, M, shiny|100\/100\n|turn|1\n|\n|t:|1683141542\n|-terastallize|p1a: Sylveon|Fairy\n|move|p1b: Maushold|Helping Hand|p1a: Sylveon\n|-singleturn|p1a: Sylveon|Helping Hand|[of] p1b: Maushold\n|move|p2b: THICC|Fake Out|p1a: Sylveon\n|-damage|p1a: Sylveon|89\/100\n|move|p2a: Double Down|Glare|p1b: Maushold\n|-status|p1b: Maushold|par\n|cant|p1a: Sylveon|flinch\n|\n|upkeep\n|turn|2\n|\n|t:|1683141552\n|move|p2b: THICC|Wide Guard|p2b: THICC\n|-singleturn|p2b: THICC|Wide Guard\n|move|p2a: Double Down|Glare|p1a: Sylveon\n|-status|p1a: Sylveon|par\n|move|p1b: Maushold|Taunt|p2a: Double Down\n|-start|p2a: Double Down|move: Taunt\n|move|p1a: Sylveon|Hyper Voice|p2a: Double Down|[spread] \n|-activate|p2a: Double Down|move: Wide Guard\n|-activate|p2b: THICC|move: Wide Guard\n|\n|upkeep\n|turn|3\n|\n|t:|1683141568\n|switch|p2b: Big Stonks|Gholdengo, L50|100\/100\n|move|p2a: Double Down|Rock Slide|p1a: Sylveon|[spread] p1a,p1b\n|-damage|p1a: Sylveon|76\/100 par\n|-damage|p1b: Maushold|84\/100 par\n|cant|p1b: Maushold|flinch\n|cant|p1a: Sylveon|flinch\n|\n|upkeep\n|turn|4\n|\n|t:|1683141583\n|switch|p1a: Chi-Yu|Chi-Yu, L50|100\/100\n|-ability|p1a: Chi-Yu|Beads of Ruin\n|move|p2a: Double Down|Rock Slide|p1b: Maushold|[spread] p1a,p1b\n|-supereffective|p1a: Chi-Yu\n|-damage|p1a: Chi-Yu|70\/100\n|-damage|p1b: Maushold|66\/100 par\n|move|p2b: Big Stonks|Make It Rain|p1b: Maushold|[spread] p1a,p1b\n|-resisted|p1a: Chi-Yu\n|-damage|p1a: Chi-Yu|40\/100\n|-damage|p1b: Maushold|0 fnt\n|-unboost|p2b: Big Stonks|spa|1\n|faint|p1b: Maushold\n|\n|upkeep\n|\n|t:|1683141585\n|switch|p1b: Amoonguss|Amoonguss, L50, F|100\/100\n|turn|5\n|\n|t:|1683141602\n|switch|p2b: THICC|Hariyama, L50, M, shiny|100\/100\n|move|p1a: Chi-Yu|Heat Wave|p2b: THICC|[spread] p2a,p2b\n|-damage|p2a: Double Down|37\/100\n|-damage|p2b: THICC|71\/100\n|-enditem|p2a: Double Down|Sitrus Berry|[eat]\n|-heal|p2a: Double Down|62\/100|[from] item: Sitrus Berry\n|-damage|p1a: Chi-Yu|30\/100|[from] item: Life Orb\n|move|p2a: Double Down|Rock Slide|p1a: Chi-Yu|[spread] p1a\n|-miss|p2a: Double Down|p1b: Amoonguss\n|-supereffective|p1a: Chi-Yu\n|-damage|p1a: Chi-Yu|0 fnt\n|faint|p1a: Chi-Yu\n|move|p1b: Amoonguss|Pollen Puff|p1: Chi-Yu|[notarget]\n|-fail|p1b: Amoonguss\n|\n|-end|p2a: Double Down|move: Taunt\n|upkeep\n|\n|t:|1683141605\n|switch|p1a: Sylveon|Sylveon, L50, F, shiny, tera:Fairy|76\/100 par\n|turn|6\n|\n|t:|1683141626\n|move|p2b: THICC|Fake Out|p1a: Sylveon\n|-damage|p1a: Sylveon|62\/100 par\n|move|p2a: Double Down|Glare|p1b: Amoonguss\n|-status|p1b: Amoonguss|par\n|cant|p1a: Sylveon|flinch\n|cant|p1b: Amoonguss|par\n|\n|upkeep\n|turn|7\n|\n|t:|1683141639\n|switch|p2b: Big Stonks|Gholdengo, L50|100\/100\n|move|p2a: Double Down|Protect|p2a: Double Down\n|-singleturn|p2a: Double Down|Protect\n|move|p1a: Sylveon|Psyshock|p2b: Big Stonks\n|-resisted|p2b: Big Stonks\n|-damage|p2b: Big Stonks|89\/100\n|move|p1b: Amoonguss|Spore|p2a: Double Down\n|-activate|p2a: Double Down|move: Protect\n|\n|upkeep\n|turn|8\n|\n|t:|1683141651\n|cant|p1a: Sylveon|par\n|move|p2a: Double Down|Rock Slide|p1a: Sylveon|[spread] p1a,p1b\n|-damage|p1a: Sylveon|46\/100 par\n|-damage|p1b: Amoonguss|88\/100 par\n|move|p2b: Big Stonks|Make It Rain|p1a: Sylveon|[spread] p1a,p1b\n|-supereffective|p1a: Sylveon\n|-damage|p1a: Sylveon|0 fnt\n|-damage|p1b: Amoonguss|25\/100 par\n|-unboost|p2b: Big Stonks|spa|1\n|-enditem|p1b: Amoonguss|Sitrus Berry|[eat]\n|-heal|p1b: Amoonguss|49\/100 par|[from] item: Sitrus Berry\n|faint|p1a: Sylveon\n|move|p1b: Amoonguss|Spore|p2a: Double Down\n|-status|p2a: Double Down|slp|[from] move: Spore\n|\n|upkeep\n|turn|9\n|-message|XANAWott forfeited.\n|\n|win|Vengeful potato\n|raw|XANAWott's rating: 1146 → 1127<\/strong> (-19 for losing)\n|raw|Vengeful potato's rating: 1228 → 1247<\/strong> (+19 for winning)\n|l|\u2606XANAWott\n|c|\u2606Vengeful potato|Ggs\n","uploadtime":1683141670,"views":7,"p1id":"xanawott","p2id":"vengefulpotato","formatid":"gen9vgc2023regulationc","rating":1127,"private":0,"password":""}