{"id":"gen9vgc2023regulationc-1862137823","p1":"ArcTheGreat","p2":"Xaytiggy","format":"[Gen 9] VGC 2023 Regulation C","log":"|j|\u2606ArcTheGreat\n|j|\u2606Xaytiggy\n|t:|1683841002\n|gametype|doubles\n|player|p1|ArcTheGreat|fisherman-gen4|1000\n|player|p2|Xaytiggy|265|1047\n|teamsize|p1|6\n|teamsize|p2|6\n|gen|9\n|tier|[Gen 9] VGC 2023 Regulation C\n|rated|\n|rule|Species Clause: Limit one of each Pok\u00e9mon\n|rule|Item Clause: Limit one of each item\n|clearpoke\n|poke|p1|Qwilfish, L50, M|\n|poke|p1|Glimmora, L50, M|\n|poke|p1|Pelipper, L50, F|\n|poke|p1|Amoonguss, L50, M|\n|poke|p1|Goodra, L50, F|\n|poke|p1|Tinkaton, L50, F|\n|poke|p2|Skeledirge, L50, F|\n|poke|p2|Great Tusk, L50|\n|poke|p2|Flutter Mane, L50|\n|poke|p2|Cetitan, L50, M|\n|poke|p2|Murkrow, L50, F|\n|poke|p2|Espathra, L50, F|\n|teampreview|4\n|\n|t:|1683841043\n|start\n|switch|p1a: Glimmora|Glimmora, L50, M|100\/100\n|switch|p1b: Qwilfish|Qwilfish, L50, M|100\/100\n|switch|p2a: Great Tusk|Great Tusk, L50|100\/100\n|switch|p2b: Cetitan|Cetitan, L50, M|100\/100\n|turn|1\n|\n|t:|1683841062\n|switch|p1a: Pelipper|Pelipper, L50, F|100\/100\n|-weather|RainDance|[from] ability: Drizzle|[of] p1a: Pelipper\n|switch|p2b: Espathra|Espathra, L50, F|100\/100\n|-terastallize|p1b: Qwilfish|Water\n|move|p1b: Qwilfish|Swords Dance|p1b: Qwilfish\n|-boost|p1b: Qwilfish|atk|2\n|move|p2a: Great Tusk|Headlong Rush|p1b: Qwilfish\n|-damage|p1b: Qwilfish|5\/100\n|-unboost|p2a: Great Tusk|def|1\n|-unboost|p2a: Great Tusk|spd|1\n|\n|-weather|RainDance|[upkeep]\n|upkeep\n|turn|2\n|\n|t:|1683841105\n|-end|p2a: Great Tusk|Protosynthesis|[silent]\n|switch|p2a: Cetitan|Cetitan, L50, M|100\/100\n|move|p1b: Qwilfish|Liquidation|p2a: Cetitan\n|-damage|p2a: Cetitan|0 fnt\n|faint|p2a: Cetitan\n|move|p2b: Espathra|Reflect|p2b: Espathra\n|-sidestart|p2: Xaytiggy|Reflect\n|move|p1a: Pelipper|Hurricane|p2b: Espathra\n|-damage|p2b: Espathra|58\/100\n|\n|-weather|RainDance|[upkeep]\n|-ability|p2b: Espathra|Speed Boost|boost\n|-boost|p2b: Espathra|spe|1\n|upkeep\n|\n|t:|1683841119\n|switch|p2a: Skeledirge|Skeledirge, L50, F|100\/100\n|turn|3\n|\n|t:|1683841140\n|-terastallize|p2a: Skeledirge|Normal\n|move|p1b: Qwilfish|Liquidation|p2a: Skeledirge\n|-damage|p2a: Skeledirge|53\/100\n|-unboost|p2a: Skeledirge|def|1\n|move|p2b: Espathra|Lumina Crash|p1a: Pelipper\n|-damage|p1a: Pelipper|63\/100\n|-unboost|p1a: Pelipper|spd|2\n|move|p1a: Pelipper|Hurricane|p2b: Espathra\n|-damage|p2b: Espathra|12\/100\n|-start|p2b: Espathra|confusion\n|-enditem|p2b: Espathra|Aguav Berry|[eat]\n|-heal|p2b: Espathra|45\/100|[from] item: Aguav Berry\n|move|p2a: Skeledirge|Torch Song|p1b: Qwilfish\n|-resisted|p1b: Qwilfish\n|-damage|p1b: Qwilfish|0 fnt\n|-boost|p2a: Skeledirge|spa|1\n|faint|p1b: Qwilfish\n|\n|-weather|RainDance|[upkeep]\n|-ability|p2b: Espathra|Speed Boost|boost\n|-boost|p2b: Espathra|spe|1\n|upkeep\n|\n|t:|1683841160\n|switch|p1b: Glimmora|Glimmora, L50, M|100\/100\n|turn|4\n|\n|t:|1683841174\n|-activate|p2b: Espathra|confusion\n|move|p2b: Espathra|Lumina Crash|p1b: Glimmora\n|-supereffective|p1b: Glimmora\n|-damage|p1b: Glimmora|43\/100\n|-unboost|p1b: Glimmora|spd|2\n|move|p1b: Glimmora|Mortal Spin|p2a: Skeledirge|[spread] p2a,p2b\n|-damage|p2a: Skeledirge|48\/100\n|-damage|p2b: Espathra|41\/100\n|-status|p2a: Skeledirge|psn\n|-status|p2b: Espathra|psn\n|move|p1a: Pelipper|U-turn|p2b: Espathra\n|-supereffective|p2b: Espathra\n|-damage|p2b: Espathra|26\/100 psn\n|\n|t:|1683841185\n|switch|p1a: Amoonguss|Amoonguss, L50, M|100\/100|[from] U-turn\n|move|p2a: Skeledirge|Hyper Voice|p1a: Amoonguss|[spread] p1a,p1b\n|-resisted|p1b: Glimmora\n|-damage|p1a: Amoonguss|60\/100\n|-damage|p1b: Glimmora|12\/100\n|\n|-weather|RainDance|[upkeep]\n|-heal|p1b: Glimmora|18\/100|[from] item: Black Sludge\n|-damage|p2b: Espathra|14\/100 psn|[from] psn\n|-damage|p2a: Skeledirge|36\/100 psn|[from] psn\n|-ability|p2b: Espathra|Speed Boost|boost\n|-boost|p2b: Espathra|spe|1\n|upkeep\n|turn|5\n|\n|t:|1683841214\n|move|p1b: Glimmora|Protect|p1b: Glimmora\n|-singleturn|p1b: Glimmora|Protect\n|move|p1a: Amoonguss|Protect|p1a: Amoonguss\n|-singleturn|p1a: Amoonguss|Protect\n|-activate|p2b: Espathra|confusion\n|-damage|p2b: Espathra|8\/100 psn|[from] confusion\n|move|p2a: Skeledirge|Hyper Voice|p1a: Amoonguss|[spread] \n|-activate|p1a: Amoonguss|move: Protect\n|-activate|p1b: Glimmora|move: Protect\n|\n|-weather|RainDance|[upkeep]\n|-heal|p1b: Glimmora|24\/100|[from] item: Black Sludge\n|-damage|p2b: Espathra|0 fnt|[from] psn\n|faint|p2b: Espathra\n|-damage|p2a: Skeledirge|24\/100 psn|[from] psn\n|upkeep\n|\n|t:|1683841228\n|switch|p2b: Great Tusk|Great Tusk, L50|100\/100\n|turn|6\n|\n|t:|1683841251\n|move|p1b: Glimmora|Power Gem|p2a: Skeledirge\n|-damage|p2a: Skeledirge|0 fnt\n|faint|p2a: Skeledirge\n|move|p2b: Great Tusk|Iron Head|p1b: Glimmora\n|-supereffective|p1b: Glimmora\n|-damage|p1b: Glimmora|0 fnt\n|faint|p1b: Glimmora\n|move|p1a: Amoonguss|Spore|p2b: Great Tusk\n|-status|p2b: Great Tusk|slp|[from] move: Spore\n|\n|-weather|RainDance|[upkeep]\n|-sideend|p2: Xaytiggy|Reflect\n|upkeep\n|\n|t:|1683841258\n|switch|p1b: Pelipper|Pelipper, L50, F|63\/100\n|turn|7\n|\n|t:|1683841267\n|cant|p2b: Great Tusk|slp\n|move|p1b: Pelipper|Hurricane|p2b: Great Tusk\n|-supereffective|p2b: Great Tusk\n|-damage|p2b: Great Tusk|33\/100 slp\n|move|p1a: Amoonguss|Pollen Puff|p1b: Pelipper\n|-heal|p1b: Pelipper|100\/100\n|\n|-weather|RainDance|[upkeep]\n|upkeep\n|turn|8\n|-message|Xaytiggy forfeited.\n|\n|win|ArcTheGreat\n|raw|ArcTheGreat's rating: 1000 → 1045<\/strong> (+45 for winning)\n|raw|Xaytiggy's rating: 1047 → 1028<\/strong> (-19 for losing)\n|l|\u2606Xaytiggy\n","uploadtime":1683841278,"views":8,"p1id":"arcthegreat","p2id":"xaytiggy","formatid":"gen9vgc2023regulationc","rating":1028,"private":0,"password":""}