{"id":"gen9vgc2023regulationc-1846962706","p1":"fernandopuerta","p2":"Alaskan_fisher","format":"[Gen 9] VGC 2023 Regulation C","log":"|j|\u2606fernandopuerta\n|j|\u2606Alaskan_fisher\n|t:|1681906597\n|gametype|doubles\n|player|p1|fernandopuerta|1|1074\n|player|p2|Alaskan_fisher|fisherman-gen4|1151\n|teamsize|p1|6\n|teamsize|p2|6\n|gen|9\n|tier|[Gen 9] VGC 2023 Regulation C\n|rated|\n|rule|Species Clause: Limit one of each Pok\u00e9mon\n|rule|Item Clause: Limit one of each item\n|clearpoke\n|poke|p1|Roaring Moon, L50|\n|poke|p1|Corviknight, L50, F|\n|poke|p1|Volcarona, L50, M|\n|poke|p1|Klefki, L50, M|\n|poke|p1|Garchomp, L50, F|\n|poke|p1|Iron Bundle, L50|\n|poke|p2|Maushold-Four, L50|\n|poke|p2|Annihilape, L50, M|\n|poke|p2|Palafin, L50, F|\n|poke|p2|Ting-Lu, L50|\n|poke|p2|Flutter Mane, L50|\n|poke|p2|Arcanine, L50, F|\n|teampreview|4\nAlaskan_fisher has agreed to open team sheets.\n|inactive|Battle timer is ON: inactive players will automatically lose when time's up. (requested by fernandopuerta)\n|\n|t:|1681906655\n|start\n|switch|p1a: Iron Bundle|Iron Bundle, L50|100\/100\n|switch|p1b: Roaring Moon|Roaring Moon, L50|100\/100\n|switch|p2a: Annihilape|Annihilape, L50, M|100\/100\n|switch|p2b: Palafin|Palafin, L50, F|100\/100\n|-enditem|p1b: Roaring Moon|Booster Energy\n|-activate|p1b: Roaring Moon|ability: Protosynthesis|[fromitem]\n|-start|p1b: Roaring Moon|protosynthesisatk\n|turn|1\n|inactive|fernandopuerta has 30 seconds left.\n|inactive|Alaskan_fisher has 30 seconds left.\n|inactive|fernandopuerta has 20 seconds left.\n|\n|t:|1681906695\n|detailschange|p2b: Palafin|Palafin-Hero, L50, F\n|switch|p2b: Maushold|Maushold-Four, L50|100\/100\n|move|p1a: Iron Bundle|Icy Wind|p2a: Annihilape|[spread] p2a,p2b\n|-crit|p2a: Annihilape\n|-damage|p2a: Annihilape|82\/100\n|-damage|p2b: Maushold|76\/100\n|-unboost|p2a: Annihilape|spe|1\n|-unboost|p2b: Maushold|spe|1\n|move|p1b: Roaring Moon|Dragon Dance|p1b: Roaring Moon\n|-boost|p1b: Roaring Moon|atk|1\n|-boost|p1b: Roaring Moon|spe|1\n|move|p2a: Annihilape|Drain Punch|p1a: Iron Bundle\n|-supereffective|p1a: Iron Bundle\n|-crit|p1a: Iron Bundle\n|-damage|p1a: Iron Bundle|5\/100\n|-heal|p2a: Annihilape|100\/100|[from] drain|[of] p1a: Iron Bundle\n|\n|upkeep\n|turn|2\n|inactive|fernandopuerta has 30 seconds left.\n|inactive|Alaskan_fisher has 30 seconds left.\n|inactive|Alaskan_fisher has 20 seconds left.\n|\n|t:|1681906734\n|-terastallize|p2a: Annihilape|Fire\n|move|p2b: Maushold|Protect|p2b: Maushold\n|-singleturn|p2b: Maushold|Protect\n|move|p1b: Roaring Moon|Acrobatics|p2a: Annihilape\n|-damage|p2a: Annihilape|50\/100\n|move|p1a: Iron Bundle|Hydro Pump|p2b: Maushold\n|-activate|p2b: Maushold|move: Protect\n|move|p2a: Annihilape|Drain Punch|p1b: Roaring Moon\n|-supereffective|p1b: Roaring Moon\n|-damage|p1b: Roaring Moon|23\/100\n|-heal|p2a: Annihilape|83\/100|[from] drain|[of] p1b: Roaring Moon\n|\n|-heal|p2a: Annihilape|89\/100|[from] item: Leftovers\n|upkeep\n|turn|3\n|inactive|Alaskan_fisher has 30 seconds left.\n|\n|t:|1681906764\n|-terastallize|p1b: Roaring Moon|Flying\n|move|p2b: Maushold|Follow Me|p2b: Maushold\n|-singleturn|p2b: Maushold|move: Follow Me\n|move|p1b: Roaring Moon|Acrobatics|p2b: Maushold\n|-damage|p2b: Maushold|0 fnt\n|faint|p2b: Maushold\n|move|p1a: Iron Bundle|Hydro Pump|p2a: Annihilape\n|-supereffective|p2a: Annihilape\n|-damage|p2a: Annihilape|0 fnt\n|faint|p2a: Annihilape\n|\n|upkeep\n|\n|t:|1681906775\n|switch|p2b: Flutter Mane|Flutter Mane, L50|100\/100\n|switch|p2a: Palafin|Palafin-Hero, L50, F|100\/100\n|-activate|p2a: Palafin|ability: Zero to Hero\n|turn|4\n|\n|t:|1681906794\n|move|p2a: Palafin|Jet Punch|p1b: Roaring Moon\n|-damage|p1b: Roaring Moon|0 fnt\n|faint|p1b: Roaring Moon\n|-end|p1b: Roaring Moon|Protosynthesis|[silent]\n|move|p2b: Flutter Mane|Shadow Ball|p1a: Iron Bundle\n|-damage|p1a: Iron Bundle|0 fnt\n|faint|p1a: Iron Bundle\n|-end|p1a: Iron Bundle|Quark Drive|[silent]\n|\n|upkeep\n|\n|t:|1681906800\n|switch|p1a: Klefki|Klefki, L50, M|100\/100\n|switch|p1b: Volcarona|Volcarona, L50, M|100\/100\n|turn|5\n|\n|t:|1681906814\n|move|p1b: Volcarona|Protect|p1b: Volcarona\n|-singleturn|p1b: Volcarona|Protect\n|move|p1a: Klefki|Light Screen|p1a: Klefki\n|-sidestart|p1: fernandopuerta|move: Light Screen\n|move|p2b: Flutter Mane|Shadow Ball|p1b: Volcarona\n|-activate|p1b: Volcarona|move: Protect\n|move|p2a: Palafin|Wave Crash|p1b: Volcarona\n|-activate|p1b: Volcarona|move: Protect\n|\n|upkeep\n|turn|6\n|inactive|fernandopuerta has 30 seconds left.\n|inactive|fernandopuerta has 20 seconds left.\n|inactive|fernandopuerta has 15 seconds left.\n|\n|t:|1681906856\n|move|p1a: Klefki|Thunder Wave|p2a: Palafin\n|-status|p2a: Palafin|par\n|move|p2b: Flutter Mane|Shadow Ball|p1b: Volcarona\n|-damage|p1b: Volcarona|60\/100\n|move|p1b: Volcarona|Giga Drain|p2a: Palafin\n|-supereffective|p2a: Palafin\n|-damage|p2a: Palafin|43\/100 par\n|-heal|p1b: Volcarona|97\/100|[from] drain|[of] p2a: Palafin\n|move|p2a: Palafin|Wave Crash|p1b: Volcarona\n|-supereffective|p1b: Volcarona\n|-damage|p1b: Volcarona|0 fnt\n|faint|p1b: Volcarona\n|-damage|p2a: Palafin|18\/100 par|[from] Recoil\n|\n|upkeep\n|turn|7\n|\n|t:|1681906876\n|move|p1a: Klefki|Thunder Wave|p2b: Flutter Mane\n|-status|p2b: Flutter Mane|par\n|move|p2a: Palafin|Jet Punch|p1a: Klefki\n|-damage|p1a: Klefki|51\/100\n|cant|p2b: Flutter Mane|par\n|\n|upkeep\n|turn|8\n|\n|t:|1681906886\n|move|p1a: Klefki|Dazzling Gleam|p2b: Flutter Mane|[spread] p2a,p2b\n|-damage|p2a: Palafin|2\/100 par\n|-damage|p2b: Flutter Mane|84\/100 par\n|move|p2b: Flutter Mane|Shadow Ball|p1a: Klefki\n|-damage|p1a: Klefki|9\/100\n|move|p2a: Palafin|Wave Crash|p1a: Klefki\n|-damage|p1a: Klefki|0 fnt\n|faint|p1a: Klefki\n|-damage|p2a: Palafin|0 fnt|[from] Recoil\n|faint|p2a: Palafin\n|\n|win|Alaskan_fisher\n|raw|fernandopuerta's rating: 1074 → 1058<\/strong> (-16 for losing)\n|raw|Alaskan_fisher's rating: 1151 → 1171<\/strong> (+20 for winning)\n|l|\u2606fernandopuerta\n","uploadtime":1681906896,"views":11,"p1id":"fernandopuerta","p2id":"alaskanfisher","formatid":"gen9vgc2023regulationc","rating":1058,"private":0,"password":""}