{"id":"gen9vgc2023regulationc-1863085953","p1":"Arcacagne","p2":"Shutmylazer","format":"[Gen 9] VGC 2023 Regulation C","log":"|j|\u2606Arcacagne\n|j|\u2606Shutmylazer\n|t:|1683966973\n|gametype|doubles\n|player|p1|Arcacagne|169|1334\n|player|p2|Shutmylazer|harlequin|1285\n|teamsize|p1|6\n|teamsize|p2|6\n|gen|9\n|tier|[Gen 9] VGC 2023 Regulation C\n|rated|\n|rule|Species Clause: Limit one of each Pok\u00e9mon\n|rule|Item Clause: Limit one of each item\n|clearpoke\n|poke|p1|Chi-Yu, L50|\n|poke|p1|Flutter Mane, L50|\n|poke|p1|Amoonguss, L50, M|\n|poke|p1|Ting-Lu, L50|\n|poke|p1|Iron Hands, L50|\n|poke|p1|Gyarados, L50, M|\n|poke|p2|Talonflame, L50, F|\n|poke|p2|Great Tusk, L50|\n|poke|p2|Flutter Mane, L50|\n|poke|p2|Iron Bundle, L50|\n|poke|p2|Chi-Yu, L50|\n|poke|p2|Kingambit, L50, F|\n|teampreview|4\n|inactive|Battle timer is ON: inactive players will automatically lose when time's up. (requested by Shutmylazer)\n|\n|t:|1683966999\n|start\n|switch|p1a: Ting-Lu|Ting-Lu, L50|100\/100\n|switch|p1b: Iron Hands|Iron Hands, L50|100\/100\n|switch|p2a: Flutter Mane|Flutter Mane, L50|100\/100\n|switch|p2b: Chi-Yu|Chi-Yu, L50|100\/100\n|-ability|p2b: Chi-Yu|Beads of Ruin\n|-ability|p1a: Ting-Lu|Vessel of Ruin\n|turn|1\n|\n|t:|1683967011\n|-end|p1b: Iron Hands|Quark Drive|[silent]\n|switch|p1b: Gyarados|Gyarados, L50, M|100\/100\n|-ability|p1b: Gyarados|Intimidate|boost\n|-unboost|p2a: Flutter Mane|atk|1\n|-unboost|p2b: Chi-Yu|atk|1\n|-terastallize|p2b: Chi-Yu|Ghost\n|-terastallize|p1a: Ting-Lu|Poison\n|move|p2a: Flutter Mane|Moonblast|p1a: Ting-Lu\n|-resisted|p1a: Ting-Lu\n|-damage|p1a: Ting-Lu|71\/100\n|move|p2b: Chi-Yu|Heat Wave|p1b: Gyarados|[spread] p1a,p1b\n|-resisted|p1b: Gyarados\n|-damage|p1a: Ting-Lu|43\/100\n|-damage|p1b: Gyarados|86\/100\n|move|p1a: Ting-Lu|Earthquake|p2b: Chi-Yu|[spread] p2a,p2b\n|-immune|p1b: Gyarados\n|-damage|p2a: Flutter Mane|20\/100\n|-damage|p2b: Chi-Yu|24\/100\n|\n|upkeep\n|turn|2\n|inactive|Arcacagne has 30 seconds left.\n|inactive|Arcacagne has 20 seconds left.\n|\n|t:|1683967049\n|move|p2a: Flutter Mane|Moonblast|p1b: Gyarados\n|-damage|p1b: Gyarados|26\/100\n|move|p2b: Chi-Yu|Overheat|p1a: Ting-Lu\n|-damage|p1a: Ting-Lu|0 fnt\n|-unboost|p2b: Chi-Yu|spa|2\n|faint|p1a: Ting-Lu\n|move|p1b: Gyarados|Thunder Wave|p2a: Flutter Mane\n|-status|p2a: Flutter Mane|par\n|\n|upkeep\n|\n|t:|1683967059\n|switch|p1a: Chi-Yu|Chi-Yu, L50|100\/100\n|-ability|p1a: Chi-Yu|Beads of Ruin\n|turn|3\n|\n|t:|1683967072\n|switch|p1b: Iron Hands|Iron Hands, L50|100\/100\n|move|p2b: Chi-Yu|Overheat|p1a: Chi-Yu\n|-resisted|p1a: Chi-Yu\n|-damage|p1a: Chi-Yu|80\/100\n|-unboost|p2b: Chi-Yu|spa|2\n|move|p1a: Chi-Yu|Heat Wave|p2a: Flutter Mane|[spread] p2a,p2b\n|-damage|p2a: Flutter Mane|0 fnt\n|-damage|p2b: Chi-Yu|0 fnt\n|faint|p2a: Flutter Mane\n|-end|p2a: Flutter Mane|Protosynthesis|[silent]\n|faint|p2b: Chi-Yu\n|\n|upkeep\n|\n|t:|1683967084\n|switch|p2a: Great Tusk|Great Tusk, L50|100\/100\n|switch|p2b: Iron Bundle|Iron Bundle, L50|100\/100\n|-enditem|p2b: Iron Bundle|Booster Energy\n|-activate|p2b: Iron Bundle|ability: Quark Drive|[fromitem]\n|-start|p2b: Iron Bundle|quarkdrivespe\n|turn|4\n|\n|t:|1683967098\n|switch|p1a: Gyarados|Gyarados, L50, M|26\/100\n|-ability|p1a: Gyarados|Intimidate|boost\n|-unboost|p2a: Great Tusk|atk|1\n|-unboost|p2b: Iron Bundle|atk|1\n|move|p2b: Iron Bundle|Protect|p2b: Iron Bundle\n|-singleturn|p2b: Iron Bundle|Protect\n|move|p1b: Iron Hands|Fake Out|p2a: Great Tusk\n|-damage|p2a: Great Tusk|91\/100\n|cant|p2a: Great Tusk|flinch\n|\n|upkeep\n|turn|5\n|inactive|Arcacagne has 30 seconds left.\n|inactive|Arcacagne has 20 seconds left.\n|\n|t:|1683967134\n|move|p1a: Gyarados|Protect|p1a: Gyarados\n|-singleturn|p1a: Gyarados|Protect\n|move|p2b: Iron Bundle|Freeze-Dry|p1a: Gyarados\n|-activate|p1a: Gyarados|move: Protect\n|move|p2a: Great Tusk|Headlong Rush|p1b: Iron Hands\n|-supereffective|p1b: Iron Hands\n|-damage|p1b: Iron Hands|16\/100\n|-unboost|p2a: Great Tusk|def|1\n|-unboost|p2a: Great Tusk|spd|1\n|-damage|p2a: Great Tusk|81\/100|[from] item: Life Orb\n|move|p1b: Iron Hands|Swords Dance|p1b: Iron Hands\n|-boost|p1b: Iron Hands|atk|2\n|\n|upkeep\n|turn|6\n|l|\u2606Shutmylazer\n|inactive|Shutmylazer disconnected and has a minute to reconnect!\n|player|p2|\n|inactive|Shutmylazer has 30 seconds left.\n|inactive|Shutmylazer has 20 seconds left.\n|j|\u2606Shutmylazer\n|inactive|Shutmylazer reconnected and has 20 seconds left.\n|player|p2|Shutmylazer|harlequin\n|inactive|Shutmylazer has 15 seconds left.\n|\n|t:|1683967178\n|switch|p1a: Chi-Yu|Chi-Yu, L50|80\/100\n|-ability|p1a: Chi-Yu|Beads of Ruin\n|move|p2b: Iron Bundle|Icy Wind|p1b: Iron Hands|[spread] p1b\n|-miss|p2b: Iron Bundle|p1a: Chi-Yu\n|-damage|p1b: Iron Hands|0 fnt\n|faint|p1b: Iron Hands\n|-end|p1b: Iron Hands|Quark Drive|[silent]\n|move|p2a: Great Tusk|Rock Slide|p1a: Chi-Yu\n|-supereffective|p1a: Chi-Yu\n|-damage|p1a: Chi-Yu|0 fnt\n|faint|p1a: Chi-Yu\n|-damage|p2a: Great Tusk|71\/100|[from] item: Life Orb\n|\n|upkeep\n|-message|Arcacagne forfeited.\n|\n|win|Shutmylazer\n|raw|Arcacagne's rating: 1334 → 1311<\/strong> (-23 for losing)\n|raw|Shutmylazer's rating: 1285 → 1314<\/strong> (+29 for winning)\n|l|\u2606Shutmylazer\n","uploadtime":1683967198,"views":9,"p1id":"arcacagne","p2id":"shutmylazer","formatid":"gen9vgc2023regulationc","rating":1311,"private":0,"password":""}