{"id":"gen9vgc2023regulationc-1849968845","p1":"Specs Hex Pex","p2":"FuratBang","format":"[Gen 9] VGC 2023 Regulation C","log":"|j|\u2606Specs Hex Pex\n|j|\u2606FuratBang\n|t:|1682273360\n|gametype|doubles\n|player|p1|Specs Hex Pex|lady|\n|player|p2|FuratBang|crasherwake|\n|teamsize|p1|6\n|teamsize|p2|6\n|gen|9\n|tier|[Gen 9] VGC 2023 Regulation C\n|rule|Species Clause: Limit one of each Pok\u00e9mon\n|rule|Item Clause: Limit one of each item\n|clearpoke\n|poke|p1|Tsareena, L50, F|\n|poke|p1|Tyranitar, L50, M|\n|poke|p1|Houndstone, L50, M|\n|poke|p1|Chien-Pao, L50|\n|poke|p1|Rabsca, L50, M|\n|poke|p1|Talonflame, L50, M|\n|poke|p2|Flutter Mane, L50|\n|poke|p2|Great Tusk, L50|\n|poke|p2|Arcanine, L50, M|\n|poke|p2|Kilowattrel, L50, F|\n|poke|p2|Iron Thorns, L50|\n|poke|p2|Gastrodon, L50, F|\n|teampreview|4\n|c|\u2606Specs Hex Pex|gl hf\n|j| Jstardude\n|j| jayballester\n|j| deathdragon25o\n|c| jayballester|sundays are the new mondays huh\n|j| F3athers\n|c|\u2606FuratBang|glhf\n|c| F3athers|LMAO yea doesnt the season start tmr\n|c| Jstardude|bruh why are we playing 3 games before we can legally play games\n|c| deathdragon25o|shhhhh\n|c|\u2606Specs Hex Pex|We're efficient\n|c|\u2606FuratBang|oh lol\n|c|\u2606FuratBang|didnot even know\n|c|\u2606Specs Hex Pex|Me neither\n|c| jayballester|well we were waiting for jq and he didnt show up so we starting now np\n|l| deathdragon25o\n|j| deathdragon25o\n|l| deathdragon25o\n|j| deathdragon25o\n|n| deathdragon25o|deathdragon25o\n|c| deathdragon25o|Bro I\u2019m in another VGC leuge and I got obliterated w1 I hope that doesn\u2019t happen to me here\n|\n|t:|1682273575\n|start\n|switch|p1a: Tsareena|Tsareena, L50, F|100\/100\n|switch|p1b: Houndstone|Houndstone, L50, M|100\/100\n|switch|p2a: Arcanine|Arcanine, L50, M|100\/100\n|switch|p2b: Kilowattrel|Kilowattrel, L50, F|100\/100\n|-ability|p2a: Arcanine|Intimidate|boost\n|-fail|p1a: Tsareena|unboost|[from] item: Clear Amulet|[of] p1a: Tsareena\n|-unboost|p1b: Houndstone|atk|1\n|turn|1\n|l| deathdragon25o\n|c| Jstardude|void lost to scatterbug\n|\n|t:|1682273661\n|switch|p1b: Tyranitar|Tyranitar, L50, M|100\/100\n|-weather|Sandstorm|[from] ability: Sand Stream|[of] p1b: Tyranitar\n|-terastallize|p1a: Tsareena|Rock\n|move|p2b: Kilowattrel|Tailwind|p2b: Kilowattrel\n|-sidestart|p2: FuratBang|move: Tailwind\n|-start|p2b: Kilowattrel|Charge|Tailwind|[from] ability: Wind Power\n|move|p2a: Arcanine|Flare Blitz|p1a: Tsareena\n|-resisted|p1a: Tsareena\n|-damage|p1a: Tsareena|72\/100\n|-damage|p2a: Arcanine|91\/100|[from] Recoil\n|move|p1a: Tsareena|Tera Blast|p2a: Arcanine\n|-supereffective|p2a: Arcanine\n|-damage|p2a: Arcanine|3\/100\n|-enditem|p2a: Arcanine|Aguav Berry|[eat]\n|-heal|p2a: Arcanine|36\/100|[from] item: Aguav Berry\n|\n|-weather|Sandstorm|[upkeep]\n|-damage|p2b: Kilowattrel|95\/100|[from] Sandstorm\n|-damage|p2a: Arcanine|30\/100|[from] Sandstorm\n|upkeep\n|turn|2\n|c| Jstardude|tera rock???\n|c|\u2606Specs Hex Pex|I felt like that would be the best\n|c| F3athers|bring out the heat yessir\n|\n|t:|1682273737\n|switch|p2a: Great Tusk|Great Tusk, L50|100\/100\n|-enditem|p2a: Great Tusk|Booster Energy\n|-activate|p2a: Great Tusk|ability: Protosynthesis|[fromitem]\n|-start|p2a: Great Tusk|protosynthesisatk\n|move|p1a: Tsareena|Protect|p1a: Tsareena\n|-singleturn|p1a: Tsareena|Protect\n|move|p2b: Kilowattrel|Discharge|p1a: Tsareena|[spread] p1b\n|-activate|p1a: Tsareena|move: Protect\n|-immune|p2a: Great Tusk\n|-damage|p1b: Tyranitar|67\/100\n|-status|p1b: Tyranitar|par\n|-end|p2b: Kilowattrel|Charge|[silent]\n|move|p1b: Tyranitar|Earthquake|p2b: Kilowattrel|[spread] p2a\n|-activate|p1a: Tsareena|move: Protect\n|-immune|p2b: Kilowattrel\n|-damage|p2a: Great Tusk|80\/100\n|\n|-weather|Sandstorm|[upkeep]\n|-damage|p2b: Kilowattrel|89\/100|[from] Sandstorm\n|upkeep\n|turn|3\n|\n|t:|1682273792\n|switch|p1b: Rabsca|Rabsca, L50, M|100\/100\n|move|p2b: Kilowattrel|Protect|p2b: Kilowattrel\n|-singleturn|p2b: Kilowattrel|Protect\n|move|p2a: Great Tusk|Headlong Rush|p1a: Tsareena\n|-supereffective|p1a: Tsareena\n|-damage|p1a: Tsareena|0 fnt\n|-unboost|p2a: Great Tusk|def|1\n|-unboost|p2a: Great Tusk|spd|1\n|faint|p1a: Tsareena\n|\n|-weather|Sandstorm|[upkeep]\n|-damage|p2b: Kilowattrel|83\/100|[from] Sandstorm\n|-damage|p1b: Rabsca|94\/100|[from] Sandstorm\n|-heal|p1b: Rabsca|100\/100|[from] item: Leftovers\n|upkeep\n|c| Jstardude|no eq?\n|c|\u2606Specs Hex Pex|Nope\n|\n|t:|1682273816\n|switch|p1a: Houndstone|Houndstone, L50, M|100\/100\n|turn|4\n|c| Jstardude|thats weird\n|\n|t:|1682273860\n|move|p2b: Kilowattrel|Air Slash|p1b: Rabsca\n|-supereffective|p1b: Rabsca\n|-damage|p1b: Rabsca|24\/100\n|move|p2a: Great Tusk|Rock Slide|p1a: Houndstone|[spread] p1a,p1b\n|-supereffective|p1b: Rabsca\n|-damage|p1a: Houndstone|72\/100\n|-damage|p1b: Rabsca|0 fnt\n|faint|p1b: Rabsca\n|move|p1a: Houndstone|Play Rough|p2a: Great Tusk\n|-supereffective|p2a: Great Tusk\n|-damage|p2a: Great Tusk|6\/100\n|-damage|p1a: Houndstone|63\/100|[from] item: Life Orb\n|\n|-weather|Sandstorm|[upkeep]\n|-damage|p2b: Kilowattrel|77\/100|[from] Sandstorm\n|-sideend|p2: FuratBang|move: Tailwind\n|upkeep\n|\n|t:|1682273874\n|switch|p1b: Tyranitar|Tyranitar, L50, M|67\/100 par\n|turn|5\n|\n|t:|1682273903\n|move|p1a: Houndstone|Last Respects|p2a: Great Tusk\n|-damage|p2a: Great Tusk|0 fnt\n|faint|p2a: Great Tusk\n|-end|p2a: Great Tusk|Protosynthesis|[silent]\n|-damage|p1a: Houndstone|53\/100|[from] item: Life Orb\n|move|p2b: Kilowattrel|Discharge|p1b: Tyranitar|[spread] p1a,p1b\n|-damage|p1a: Houndstone|21\/100\n|-damage|p1b: Tyranitar|51\/100 par\n|-status|p1a: Houndstone|par\n|move|p1b: Tyranitar|Rock Slide|p2b: Kilowattrel\n|-supereffective|p2b: Kilowattrel\n|-damage|p2b: Kilowattrel|0 fnt\n|faint|p2b: Kilowattrel\n|\n|-weather|none\n|upkeep\n|\n|t:|1682273928\n|switch|p2b: Flutter Mane|Flutter Mane, L50|100\/100\n|switch|p2a: Arcanine|Arcanine, L50, M|30\/100\n|-ability|p2a: Arcanine|Intimidate|boost\n|-unboost|p1a: Houndstone|atk|1\n|-unboost|p1b: Tyranitar|atk|1\n|turn|6\n|\n|t:|1682274020\n|-terastallize|p2a: Arcanine|Normal\n|move|p1a: Houndstone|Helping Hand|p1b: Tyranitar\n|-singleturn|p1b: Tyranitar|Helping Hand|[of] p1a: Houndstone\n|move|p2b: Flutter Mane|Dazzling Gleam|p1a: Houndstone|[spread] p1a,p1b\n|-supereffective|p1b: Tyranitar\n|-damage|p1a: Houndstone|0 fnt\n|-damage|p1b: Tyranitar|3\/100 par\n|-enditem|p1b: Tyranitar|Weakness Policy\n|-boost|p1b: Tyranitar|atk|2|[from] item: Weakness Policy\n|-boost|p1b: Tyranitar|spa|2|[from] item: Weakness Policy\n|faint|p1a: Houndstone\n|move|p2a: Arcanine|Flare Blitz|p1b: Tyranitar\n|-resisted|p1b: Tyranitar\n|-damage|p1b: Tyranitar|0 fnt\n|faint|p1b: Tyranitar\n|-damage|p2a: Arcanine|30\/100|[from] Recoil\n|\n|win|FuratBang\n|c|\u2606FuratBang|gg\n|c|\u2606Specs Hex Pex|Gg\n|c| Jstardude|big reveal of weakness policy\n","uploadtime":1682274058,"views":12,"p1id":"specshexpex","p2id":"furatbang","formatid":"gen9vgc2023regulationc","rating":0,"private":0,"password":""}