{"id":"gen9vgc2023regulationc-1863387167","p1":"Arcacagne","p2":"ItsKrov","format":"[Gen 9] VGC 2023 Regulation C","log":"|j|\u2606Arcacagne\n|j|\u2606ItsKrov\n|t:|1684010467\n|gametype|doubles\n|player|p1|Arcacagne|169|1344\n|player|p2|ItsKrov|steven|1321\n|teamsize|p1|6\n|teamsize|p2|6\n|gen|9\n|tier|[Gen 9] VGC 2023 Regulation C\n|rated|\n|rule|Species Clause: Limit one of each Pok\u00e9mon\n|rule|Item Clause: Limit one of each item\n|clearpoke\n|poke|p1|Chi-Yu, L50|\n|poke|p1|Flutter Mane, L50|\n|poke|p1|Amoonguss, L50, F|\n|poke|p1|Ting-Lu, L50|\n|poke|p1|Iron Hands, L50|\n|poke|p1|Gyarados, L50, M|\n|poke|p2|Indeedee-F, L50, F|\n|poke|p2|Torkoal, L50, F|\n|poke|p2|Copperajah, L50, F|\n|poke|p2|Iron Hands, L50|\n|poke|p2|Hatterene, L50, F|\n|poke|p2|Chi-Yu, L50|\n|teampreview|4\n|\n|t:|1684010487\n|start\n|switch|p1a: Ting-Lu|Ting-Lu, L50|100\/100\n|switch|p1b: Chi-Yu|Chi-Yu, L50|100\/100\n|switch|p2a: Indeedee|Indeedee-F, L50, F|100\/100\n|switch|p2b: Hatterene|Hatterene, L50, F|100\/100\n|-ability|p1b: Chi-Yu|Beads of Ruin\n|-ability|p1a: Ting-Lu|Vessel of Ruin\n|-fieldstart|move: Psychic Terrain|[from] ability: Psychic Surge|[of] p2a: Indeedee\n|turn|1\n|\n|t:|1684010508\n|move|p2a: Indeedee|Follow Me|p2a: Indeedee\n|-singleturn|p2a: Indeedee|move: Follow Me\n|move|p1b: Chi-Yu|Dark Pulse|p2a: Indeedee\n|-supereffective|p2a: Indeedee\n|-damage|p2a: Indeedee|11\/100\n|move|p1a: Ting-Lu|Heavy Slam|p2a: Indeedee\n|-damage|p2a: Indeedee|0 fnt\n|faint|p2a: Indeedee\n|move|p2b: Hatterene|Trick Room|p2b: Hatterene\n|-fieldstart|move: Trick Room|[of] p2b: Hatterene\n|\n|upkeep\n|\n|t:|1684010524\n|switch|p2a: Iron Hands|Iron Hands, L50|100\/100\n|-enditem|p2a: Iron Hands|Booster Energy\n|-activate|p2a: Iron Hands|ability: Quark Drive|[fromitem]\n|-start|p2a: Iron Hands|quarkdriveatk\n|turn|2\n|\n|t:|1684010538\n|switch|p1b: Gyarados|Gyarados, L50, M|100\/100\n|-ability|p1b: Gyarados|Intimidate|boost\n|-unboost|p2a: Iron Hands|atk|1\n|-unboost|p2b: Hatterene|atk|1\n|-terastallize|p2a: Iron Hands|Grass\n|-terastallize|p1a: Ting-Lu|Poison\n|move|p2b: Hatterene|Dazzling Gleam|p1a: Ting-Lu|[spread] p1a,p1b\n|-resisted|p1a: Ting-Lu\n|-damage|p1a: Ting-Lu|89\/100\n|-damage|p1b: Gyarados|72\/100\n|-damage|p2b: Hatterene|91\/100|[from] item: Life Orb\n|move|p2a: Iron Hands|Drain Punch|p1a: Ting-Lu\n|-resisted|p1a: Ting-Lu\n|-damage|p1a: Ting-Lu|76\/100\n|move|p1a: Ting-Lu|Heavy Slam|p2b: Hatterene\n|-supereffective|p2b: Hatterene\n|-damage|p2b: Hatterene|0 fnt\n|faint|p2b: Hatterene\n|\n|upkeep\n|\n|t:|1684010554\n|switch|p2b: Copperajah|Copperajah, L50, F|100\/100\n|turn|3\n|\n|t:|1684010565\n|switch|p1a: Iron Hands|Iron Hands, L50|100\/100\n|move|p1b: Gyarados|Protect|p1b: Gyarados\n|-singleturn|p1b: Gyarados|Protect\n|move|p2b: Copperajah|Stomping Tantrum|p1a: Iron Hands\n|-supereffective|p1a: Iron Hands\n|-damage|p1a: Iron Hands|63\/100\n|move|p2a: Iron Hands|Thunder Punch|p1b: Gyarados\n|-activate|p1b: Gyarados|move: Protect\n|\n|upkeep\n|turn|4\n|\n|t:|1684010595\n|switch|p1b: Ting-Lu|Ting-Lu, L50, tera:Poison|76\/100\n|-ability|p1b: Ting-Lu|Vessel of Ruin\n|move|p2b: Copperajah|Play Rough|p1a: Iron Hands\n|-supereffective|p1a: Iron Hands\n|-damage|p1a: Iron Hands|8\/100\n|move|p2a: Iron Hands|Swords Dance|p2a: Iron Hands\n|-boost|p2a: Iron Hands|atk|2\n|move|p1a: Iron Hands|Drain Punch|p2b: Copperajah\n|-supereffective|p2b: Copperajah\n|-damage|p2b: Copperajah|21\/100\n|-heal|p1a: Iron Hands|39\/100|[from] drain|[of] p2b: Copperajah\n|\n|upkeep\n|turn|5\n|\n|t:|1684010624\n|-end|p1a: Iron Hands|Quark Drive|[silent]\n|switch|p1a: Gyarados|Gyarados, L50, M|72\/100\n|-ability|p1a: Gyarados|Intimidate|boost\n|-unboost|p2a: Iron Hands|atk|1\n|-unboost|p2b: Copperajah|atk|1\n|move|p2b: Copperajah|Stomping Tantrum|p1b: Ting-Lu\n|-supereffective|p1b: Ting-Lu\n|-damage|p1b: Ting-Lu|55\/100\n|move|p2a: Iron Hands|Drain Punch|p1a: Gyarados\n|-resisted|p1a: Gyarados\n|-damage|p1a: Gyarados|42\/100\n|move|p1b: Ting-Lu|Stomping Tantrum|p2b: Copperajah\n|-supereffective|p2b: Copperajah\n|-damage|p2b: Copperajah|0 fnt\n|faint|p2b: Copperajah\n|\n|-fieldend|move: Trick Room\n|-fieldend|move: Psychic Terrain\n|upkeep\n|turn|6\n|\n|t:|1684010653\n|switch|p1b: Iron Hands|Iron Hands, L50|39\/100\n|move|p1a: Gyarados|Thunder Wave|p2a: Iron Hands\n|-status|p2a: Iron Hands|par\n|move|p2a: Iron Hands|Thunder Punch|p1b: Iron Hands\n|-resisted|p1b: Iron Hands\n|-damage|p1b: Iron Hands|19\/100\n|\n|upkeep\n|turn|7\n|c|\u2606Arcacagne|gg\n|\n|t:|1684010671\n|move|p1a: Gyarados|Waterfall|p2a: Iron Hands\n|-resisted|p2a: Iron Hands\n|-damage|p2a: Iron Hands|88\/100 par\n|move|p1b: Iron Hands|Swords Dance|p1b: Iron Hands\n|-boost|p1b: Iron Hands|atk|2\n|move|p2a: Iron Hands|Thunder Punch|p1b: Iron Hands\n|-resisted|p1b: Iron Hands\n|-damage|p1b: Iron Hands|0 fnt\n|faint|p1b: Iron Hands\n|-end|p1b: Iron Hands|Quark Drive|[silent]\n|\n|upkeep\n|\n|t:|1684010681\n|switch|p1b: Chi-Yu|Chi-Yu, L50|100\/100\n|-ability|p1b: Chi-Yu|Beads of Ruin\n|turn|8\n|\n|t:|1684010690\n|move|p1b: Chi-Yu|Overheat|p2a: Iron Hands\n|-supereffective|p2a: Iron Hands\n|-damage|p2a: Iron Hands|0 fnt\n|-unboost|p1b: Chi-Yu|spa|2\n|faint|p2a: Iron Hands\n|-end|p2a: Iron Hands|Quark Drive|[silent]\n|\n|win|Arcacagne\n|raw|Arcacagne's rating: 1344 → 1363<\/strong> (+19 for winning)\n|raw|ItsKrov's rating: 1321 → 1302<\/strong> (-19 for losing)\n","uploadtime":1684010700,"views":18,"p1id":"arcacagne","p2id":"itskrov","formatid":"gen9vgc2023regulationc","rating":1302,"private":0,"password":""}