{"id":"gen9vgc2023regulationc-1856039221","p1":"haburasigosi","p2":"bombart","format":"[Gen 9] VGC 2023 Regulation C","log":"|j|\u2606haburasigosi\n|j|\u2606bombart\n|t:|1683021495\n|gametype|doubles\n|player|p1|haburasigosi|265|1561\n|player|p2|bombart|benga|1521\n|teamsize|p1|6\n|teamsize|p2|6\n|gen|9\n|tier|[Gen 9] VGC 2023 Regulation C\n|rated|\n|rule|Species Clause: Limit one of each Pok\u00e9mon\n|rule|Item Clause: Limit one of each item\n|clearpoke\n|poke|p1|Amoonguss, L50, F|\n|poke|p1|Dragonite, L50, M|\n|poke|p1|Arcanine, L50, M|\n|poke|p1|Flutter Mane, L50|\n|poke|p1|Palafin, L50, M|\n|poke|p1|Chien-Pao, L50|\n|poke|p2|Baxcalibur, L50, M|\n|poke|p2|Iron Hands, L50|\n|poke|p2|Gyarados, L50, M|\n|poke|p2|Iron Bundle, L50|\n|poke|p2|Chi-Yu, L50|\n|poke|p2|Amoonguss, L50, F|\n|teampreview|4\n|l|\u2606bombart\n|player|p2|\n|inactive|Battle timer is ON: inactive players will automatically lose when time's up. (requested by haburasigosi)\n|j| poolsideguy\n|inactive|bombart has 30 seconds to reconnect!\n|inactive|bombart has 20 seconds to reconnect!\n|inactive|bombart has 15 seconds to reconnect!\n|inactive|bombart has 10 seconds to reconnect!\nhaburasigosi rejected open team sheets.\n|inactive|bombart has 5 seconds to reconnect!\n|j|\u2606bombart\n|inactive|bombart reconnected and has 35 seconds left.\n|player|p2|bombart|benga\n|inactive|bombart has 30 seconds left.\n|inactive|bombart has 20 seconds left.\n|\n|t:|1683021646\n|start\n|switch|p1a: Flutter Mane|Flutter Mane, L50|100\/100\n|switch|p1b: Amoonguss|Amoonguss, L50, F|100\/100\n|switch|p2a: Iron Hands|Iron Hands, L50|100\/100\n|switch|p2b: Amoonguss|Amoonguss, L50, F|100\/100\n|turn|1\n|\n|t:|1683021667\n|-terastallize|p1a: Flutter Mane|Fairy\n|move|p2a: Iron Hands|Fake Out|p1b: Amoonguss\n|-damage|p1b: Amoonguss|86\/100\n|move|p1a: Flutter Mane|Moonblast|p2a: Iron Hands\n|-supereffective|p2a: Iron Hands\n|-damage|p2a: Iron Hands|0 fnt\n|faint|p2a: Iron Hands\n|-end|p2a: Iron Hands|Quark Drive|[silent]\n|cant|p1b: Amoonguss|flinch\n|move|p2b: Amoonguss|Spore|p1a: Flutter Mane\n|-status|p1a: Flutter Mane|slp|[from] move: Spore\n|\n|upkeep\n|\n|t:|1683021680\n|switch|p2a: Chi-Yu|Chi-Yu, L50|100\/100\n|-ability|p2a: Chi-Yu|Beads of Ruin\n|turn|2\n|\n|t:|1683021694\n|cant|p1a: Flutter Mane|slp\n|move|p2a: Chi-Yu|Heat Wave|p1a: Flutter Mane|[spread] p1a\n|-miss|p2a: Chi-Yu|p1b: Amoonguss\n|-damage|p1a: Flutter Mane|33\/100 slp\n|-damage|p2a: Chi-Yu|91\/100|[from] item: Life Orb\n|move|p1b: Amoonguss|Spore|p2a: Chi-Yu\n|-status|p2a: Chi-Yu|slp|[from] move: Spore\n|move|p2b: Amoonguss|Spore|p1b: Amoonguss\n|-immune|p1b: Amoonguss\n|\n|upkeep\n|turn|3\n|j| Ran Kob\n|\n|t:|1683021709\n|cant|p1a: Flutter Mane|slp\n|cant|p2a: Chi-Yu|slp\n|move|p1b: Amoonguss|Pollen Puff|p1a: Flutter Mane\n|-heal|p1a: Flutter Mane|82\/100 slp\n|move|p2b: Amoonguss|Clear Smog|p1a: Flutter Mane\n|-supereffective|p1a: Flutter Mane\n|-damage|p1a: Flutter Mane|45\/100 slp\n|-clearboost|p1a: Flutter Mane\n|\n|upkeep\n|turn|4\n|l| poolsideguy\n|\n|t:|1683021722\n|-curestatus|p1a: Flutter Mane|slp|[msg]\n|move|p1a: Flutter Mane|Moonblast|p2a: Chi-Yu\n|-damage|p2a: Chi-Yu|0 fnt\n|faint|p2a: Chi-Yu\n|move|p1b: Amoonguss|Pollen Puff|p1a: Flutter Mane\n|-heal|p1a: Flutter Mane|94\/100\n|move|p2b: Amoonguss|Clear Smog|p1a: Flutter Mane\n|-supereffective|p1a: Flutter Mane\n|-damage|p1a: Flutter Mane|63\/100\n|-clearboost|p1a: Flutter Mane\n|\n|upkeep\n|\n|t:|1683021735\n|switch|p2a: Baxcalibur|Baxcalibur, L50, M|100\/100\n|turn|5\n|\n|t:|1683021741\n|move|p2a: Baxcalibur|Protect|p2a: Baxcalibur\n|-singleturn|p2a: Baxcalibur|Protect\n|move|p1b: Amoonguss|Rage Powder|p1b: Amoonguss\n|-singleturn|p1b: Amoonguss|move: Rage Powder\n|move|p1a: Flutter Mane|Moonblast|p2a: Baxcalibur\n|-activate|p2a: Baxcalibur|move: Protect\n|move|p2b: Amoonguss|Clear Smog|p1a: Flutter Mane\n|-supereffective|p1a: Flutter Mane\n|-damage|p1a: Flutter Mane|33\/100\n|-clearboost|p1a: Flutter Mane\n|\n|upkeep\n|turn|6\n|\n|t:|1683021757\n|move|p2b: Amoonguss|Rage Powder|p2b: Amoonguss\n|-singleturn|p2b: Amoonguss|move: Rage Powder\n|move|p1a: Flutter Mane|Moonblast|p2b: Amoonguss\n|-resisted|p2b: Amoonguss\n|-crit|p2b: Amoonguss\n|-damage|p2b: Amoonguss|28\/100\n|move|p2a: Baxcalibur|Icicle Crash|p1b: Amoonguss\n|-supereffective|p1b: Amoonguss\n|-damage|p1b: Amoonguss|0 fnt\n|faint|p1b: Amoonguss\n|\n|-heal|p2b: Amoonguss|34\/100|[from] item: Leftovers\n|upkeep\n|\n|t:|1683021769\n|switch|p1b: Dragonite|Dragonite, L50, M|100\/100\n|turn|7\n|\n|t:|1683021791\n|-terastallize|p2a: Baxcalibur|Poison\n|move|p1b: Dragonite|Extreme Speed|p2b: Amoonguss\n|-damage|p2b: Amoonguss|1\/100\n|move|p1a: Flutter Mane|Moonblast|p2a: Baxcalibur\n|-resisted|p2a: Baxcalibur\n|-damage|p2a: Baxcalibur|54\/100\n|move|p2a: Baxcalibur|Icicle Crash|p1b: Dragonite\n|-supereffective|p1b: Dragonite\n|-damage|p1b: Dragonite|0 fnt\n|faint|p1b: Dragonite\n|move|p2b: Amoonguss|Pollen Puff|p2a: Baxcalibur\n|-heal|p2a: Baxcalibur|100\/100\n|\n|-heal|p2b: Amoonguss|7\/100|[from] item: Leftovers\n|upkeep\n|\n|t:|1683021797\n|switch|p1b: Chien-Pao|Chien-Pao, L50|100\/100\n|-ability|p1b: Chien-Pao|Sword of Ruin\n|turn|8\n|\n|t:|1683021816\n|move|p2a: Baxcalibur|Ice Shard|p1a: Flutter Mane\n|-damage|p1a: Flutter Mane|0 fnt\n|faint|p1a: Flutter Mane\n|-end|p1a: Flutter Mane|Protosynthesis|[silent]\n|move|p1b: Chien-Pao|Ice Spinner|p2b: Amoonguss\n|-supereffective|p2b: Amoonguss\n|-damage|p2b: Amoonguss|0 fnt\n|faint|p2b: Amoonguss\n|\n|upkeep\n|turn|9\n|\n|t:|1683021832\n|move|p1b: Chien-Pao|Ice Spinner|p2a: Baxcalibur\n|-damage|p2a: Baxcalibur|47\/100\n|move|p2a: Baxcalibur|Glaive Rush|p1b: Chien-Pao\n|-enditem|p1b: Chien-Pao|Focus Sash\n|-damage|p1b: Chien-Pao|1\/100\n|-singlemove|p2a: Baxcalibur|Glaive Rush|[silent]\n|\n|upkeep\n|turn|10\n|\n|t:|1683021841\n|move|p2a: Baxcalibur|Protect|p2a: Baxcalibur\n|-singleturn|p2a: Baxcalibur|Protect\n|move|p1b: Chien-Pao|Sucker Punch||[still]\n|-fail|p1b: Chien-Pao\n|\n|upkeep\n|turn|11\n|\n|t:|1683021848\n|move|p1b: Chien-Pao|Sucker Punch|p2a: Baxcalibur\n|-damage|p2a: Baxcalibur|6\/100\n|move|p2a: Baxcalibur|Ice Shard|p1b: Chien-Pao\n|-resisted|p1b: Chien-Pao\n|-damage|p1b: Chien-Pao|0 fnt\n|faint|p1b: Chien-Pao\n|\n|win|bombart\n|raw|haburasigosi's rating: 1561 → 1539<\/strong> (-22 for losing)\n|raw|bombart's rating: 1521 → 1543<\/strong> (+22 for winning)\n|l|\u2606bombart\n|l| Ran Kob\n","uploadtime":1683022161,"views":6,"p1id":"haburasigosi","p2id":"bombart","formatid":"gen9vgc2023regulationc","rating":1539,"private":0,"password":""}