{"id":"gen9vgc2023regulationc-1855055938","p1":"Felipe.Miller.V","p2":"zaqwesdxc","format":"[Gen 9] VGC 2023 Regulation C","log":"|j|\u2606Felipe.Miller.V\n|j|\u2606zaqwesdxc\n|t:|1682895935\n|gametype|doubles\n|player|p1|Felipe.Miller.V|1|1200\n|player|p2|zaqwesdxc|erika|1180\n|teamsize|p1|6\n|teamsize|p2|6\n|gen|9\n|tier|[Gen 9] VGC 2023 Regulation C\n|rated|\n|rule|Species Clause: Limit one of each Pok\u00e9mon\n|rule|Item Clause: Limit one of each item\n|clearpoke\n|poke|p1|Azumarill, L50, M|\n|poke|p1|Copperajah, L50, M|\n|poke|p1|Sylveon, L50, M|\n|poke|p1|Hatterene, L50, F|\n|poke|p1|Heracross, L50, M|\n|poke|p1|Oranguru, L50, F|\n|poke|p2|Chi-Yu, L50|\n|poke|p2|Flutter Mane, L50|\n|poke|p2|Slither Wing, L50|\n|poke|p2|Tsareena, L50, F|\n|poke|p2|Gyarados, L50, F|\n|poke|p2|Baxcalibur, L50, M|\n|teampreview|4\n|inactive|Battle timer is ON: inactive players will automatically lose when time's up. (requested by Felipe.Miller.V)\n|\n|t:|1682896023\n|start\n|switch|p1a: Copperajah|Copperajah, L50, M|100\/100\n|switch|p1b: Oranguru|Oranguru, L50, F, shiny|100\/100\n|switch|p2a: Slither Wing|Slither Wing, L50|100\/100\n|switch|p2b: Chi-Yu|Chi-Yu, L50|100\/100\n|-ability|p2b: Chi-Yu|Beads of Ruin\n|turn|1\n|inactive|zaqwesdxc has 30 seconds left.\n|\n|t:|1682896057\n|-terastallize|p1a: Copperajah|Dragon\n|move|p2a: Slither Wing|First Impression|p1b: Oranguru\n|-supereffective|p1b: Oranguru\n|-damage|p1b: Oranguru|20\/100\n|move|p2b: Chi-Yu|Inferno|p1b: Oranguru|[miss]\n|-miss|p2b: Chi-Yu|p1b: Oranguru\n|move|p1a: Copperajah|Curse|p1a: Copperajah\n|-unboost|p1a: Copperajah|spe|1\n|-boost|p1a: Copperajah|atk|1\n|-boost|p1a: Copperajah|def|1\n|move|p1b: Oranguru|Trick Room|p1b: Oranguru\n|-fieldstart|move: Trick Room|[of] p1b: Oranguru\n|\n|upkeep\n|turn|2\n|inactive|zaqwesdxc has 30 seconds left.\n|\n|t:|1682896088\n|-terastallize|p2a: Slither Wing|Steel\n|move|p1a: Copperajah|Rock Slide|p2b: Chi-Yu|[spread] p2a,p2b\n|-resisted|p2a: Slither Wing\n|-supereffective|p2b: Chi-Yu\n|-damage|p2a: Slither Wing|73\/100\n|-damage|p2b: Chi-Yu|0 fnt\n|faint|p2b: Chi-Yu\n|move|p1b: Oranguru|Psyshock|p2a: Slither Wing\n|-resisted|p2a: Slither Wing\n|-damage|p2a: Slither Wing|59\/100\n|move|p2a: Slither Wing|U-turn|p1b: Oranguru\n|-supereffective|p1b: Oranguru\n|-damage|p1b: Oranguru|0 fnt\n|faint|p1b: Oranguru\n|\n|t:|1682896095\n|-end|p2a: Slither Wing|Protosynthesis|[silent]\n|switch|p2a: Tsareena|Tsareena, L50, F|100\/100|[from] U-turn\n|\n|upkeep\n|\n|t:|1682896108\n|switch|p1b: Heracross|Heracross, L50, M, shiny|100\/100\n|switch|p2b: Slither Wing|Slither Wing, L50, tera:Steel|59\/100\n|turn|3\n|inactive|Felipe.Miller.V has 30 seconds left.\n|\n|t:|1682896140\n|move|p2a: Tsareena|Protect|p2a: Tsareena\n|-singleturn|p2a: Tsareena|Protect\n|move|p1b: Heracross|Protect|p1b: Heracross\n|-singleturn|p1b: Heracross|Protect\n|move|p2b: Slither Wing|First Impression|p1b: Heracross\n|-activate|p1b: Heracross|move: Protect\n|move|p1a: Copperajah|Curse|p1a: Copperajah\n|-unboost|p1a: Copperajah|spe|1\n|-boost|p1a: Copperajah|atk|1\n|-boost|p1a: Copperajah|def|1\n|\n|upkeep\n|turn|4\n|inactive|zaqwesdxc has 30 seconds left.\n|\n|t:|1682896170\n|move|p2a: Tsareena|Helping Hand|p2b: Slither Wing\n|-singleturn|p2b: Slither Wing|Helping Hand|[of] p2a: Tsareena\n|move|p1a: Copperajah|Rock Slide|p2a: Tsareena|[spread] p2a,p2b\n|-resisted|p2b: Slither Wing\n|-damage|p2a: Tsareena|33\/100\n|-damage|p2b: Slither Wing|21\/100\n|move|p2b: Slither Wing|U-turn|p1a: Copperajah\n|-damage|p1a: Copperajah|68\/100\n|\n|t:|1682896178\n|-end|p2b: Slither Wing|Protosynthesis|[silent]\n|switch|p2b: Flutter Mane|Flutter Mane, L50|100\/100|[from] U-turn\n|-enditem|p2b: Flutter Mane|Booster Energy\n|-activate|p2b: Flutter Mane|ability: Protosynthesis|[fromitem]\n|-start|p2b: Flutter Mane|protosynthesisspa\n|move|p1b: Heracross|Pin Missile|p2a: Tsareena\n|-supereffective|p2a: Tsareena\n|-damage|p2a: Tsareena|8\/100\n|-supereffective|p2a: Tsareena\n|-damage|p2a: Tsareena|0 fnt\n|faint|p2a: Tsareena\n|-ability|p1b: Heracross|Moxie|boost\n|-boost|p1b: Heracross|atk|1\n|-hitcount|p2: Tsareena|2\n|\n|upkeep\n|\n|t:|1682896180\n|switch|p2a: Slither Wing|Slither Wing, L50, tera:Steel|21\/100\n|turn|5\n|inactive|Felipe.Miller.V has 30 seconds left.\n|inactive|zaqwesdxc has 30 seconds left.\n|\n|t:|1682896211\n|move|p2b: Flutter Mane|Protect|p2b: Flutter Mane\n|-singleturn|p2b: Flutter Mane|Protect\n|move|p2a: Slither Wing|First Impression|p1b: Heracross\n|-resisted|p1b: Heracross\n|-damage|p1b: Heracross|68\/100\n|move|p1a: Copperajah|Rock Slide|p2a: Slither Wing|[spread] p2a\n|-activate|p2b: Flutter Mane|move: Protect\n|-resisted|p2a: Slither Wing\n|-damage|p2a: Slither Wing|0 fnt\n|faint|p2a: Slither Wing\n|-end|p2a: Slither Wing|Protosynthesis|[silent]\n|move|p1b: Heracross|Bullet Seed|p2b: Flutter Mane\n|-activate|p2b: Flutter Mane|move: Protect\n|\n|-fieldend|move: Trick Room\n|upkeep\n|turn|6\n|\n|t:|1682896230\n|move|p1b: Heracross|Protect|p1b: Heracross\n|-singleturn|p1b: Heracross|Protect\n|move|p2b: Flutter Mane|Moonblast|p1b: Heracross\n|-activate|p1b: Heracross|move: Protect\n|move|p1a: Copperajah|Iron Head|p2b: Flutter Mane\n|-supereffective|p2b: Flutter Mane\n|-damage|p2b: Flutter Mane|0 fnt\n|faint|p2b: Flutter Mane\n|-end|p2b: Flutter Mane|Protosynthesis|[silent]\n|\n|win|Felipe.Miller.V\n|raw|Felipe.Miller.V's rating: 1200 → 1224<\/strong> (+24 for winning)\n|raw|zaqwesdxc's rating: 1180 → 1156<\/strong> (-24 for losing)\n|l|\u2606zaqwesdxc\n","uploadtime":1682896242,"views":15,"p1id":"felipemillerv","p2id":"zaqwesdxc","formatid":"gen9vgc2023regulationc","rating":1156,"private":0,"password":""}