{"id":"gen9vgc2023regulationc-1861309493","p1":"sillydylly","p2":"Piccius","format":"[Gen 9] VGC 2023 Regulation C","log":"|j|\u2606sillydylly\n|j|\u2606Piccius\n|t:|1683744613\n|gametype|doubles\n|player|p1|sillydylly|265|1126\n|player|p2|Piccius|hiker-gen4|1215\n|teamsize|p1|6\n|teamsize|p2|6\n|gen|9\n|tier|[Gen 9] VGC 2023 Regulation C\n|rated|\n|rule|Species Clause: Limit one of each Pok\u00e9mon\n|rule|Item Clause: Limit one of each item\n|clearpoke\n|poke|p1|Flutter Mane, L50|\n|poke|p1|Scream Tail, L50|\n|poke|p1|Gothitelle, L50, M|\n|poke|p1|Amoonguss, L50, F|\n|poke|p1|Palafin, L50, F|\n|poke|p1|Arcanine, L50, M|\n|poke|p2|Garchomp, L50, F|\n|poke|p2|Iron Hands, L50|\n|poke|p2|Flutter Mane, L50|\n|poke|p2|Murkrow, L50, F|\n|poke|p2|Arcanine, L50, F|\n|poke|p2|Chien-Pao, L50|\n|teampreview|4\n|\n|t:|1683744633\n|start\n|switch|p1a: Flutter Mane|Flutter Mane, L50|100\/100\n|switch|p1b: Palafin|Palafin, L50, F|100\/100\n|switch|p2a: Garchomp|Garchomp, L50, F|100\/100\n|switch|p2b: Iron Hands|Iron Hands, L50|100\/100\n|turn|1\n|\n|t:|1683744655\n|-end|p2b: Iron Hands|Quark Drive|[silent]\n|switch|p2b: Arcanine|Arcanine, L50, F|100\/100\n|-ability|p2b: Arcanine|Intimidate|boost\n|-unboost|p1a: Flutter Mane|atk|1\n|-unboost|p1b: Palafin|atk|1\n|-terastallize|p2a: Garchomp|Steel\n|move|p1a: Flutter Mane|Moonblast|p2b: Arcanine\n|-resisted|p2b: Arcanine\n|-damage|p2b: Arcanine|73\/100\n|-unboost|p2b: Arcanine|spa|1\n|move|p2a: Garchomp|Iron Head|p1a: Flutter Mane\n|-supereffective|p1a: Flutter Mane\n|-enditem|p1a: Flutter Mane|Focus Sash\n|-damage|p1a: Flutter Mane|1\/100\n|move|p1b: Palafin|Close Combat|p2b: Arcanine\n|-damage|p2b: Arcanine|54\/100\n|-unboost|p1b: Palafin|def|1\n|-unboost|p1b: Palafin|spd|1\n|\n|upkeep\n|turn|2\n|\n|t:|1683744684\n|detailschange|p1b: Palafin|Palafin-Hero, L50, F\n|switch|p1b: Scream Tail|Scream Tail, L50|100\/100\n|-enditem|p1b: Scream Tail|Booster Energy\n|-activate|p1b: Scream Tail|ability: Protosynthesis|[fromitem]\n|-start|p1b: Scream Tail|protosynthesisspe\n|move|p2a: Garchomp|Protect|p2a: Garchomp\n|-singleturn|p2a: Garchomp|Protect\n|move|p1a: Flutter Mane|Perish Song|p1a: Flutter Mane\n|-start|p1a: Flutter Mane|perish3|[silent]\n|-start|p1b: Scream Tail|perish3|[silent]\n|-start|p2a: Garchomp|perish3|[silent]\n|-start|p2b: Arcanine|perish3|[silent]\n|-fieldactivate|move: Perish Song\n|move|p2b: Arcanine|Will-O-Wisp|p1b: Scream Tail\n|-status|p1b: Scream Tail|brn\n|\n|-damage|p1b: Scream Tail|95\/100 brn|[from] brn\n|-start|p1b: Scream Tail|perish3\n|-start|p1a: Flutter Mane|perish3\n|-start|p2a: Garchomp|perish3\n|-start|p2b: Arcanine|perish3\n|upkeep\n|turn|3\n|\n|t:|1683744712\n|-end|p1a: Flutter Mane|Protosynthesis|[silent]\n|switch|p1a: Gothitelle|Gothitelle, L50, M|100\/100\n|switch|p2a: Flutter Mane|Flutter Mane, L50|100\/100\n|switch|p2b: Iron Hands|Iron Hands, L50|100\/100\n|move|p1b: Scream Tail|Protect||[still]\n|-fail|p1b: Scream Tail\n|\n|-damage|p1b: Scream Tail|89\/100 brn|[from] brn\n|-start|p1b: Scream Tail|perish2\n|upkeep\n|turn|4\n|\n|t:|1683744739\n|-terastallize|p1b: Scream Tail|Steel\n|move|p1b: Scream Tail|Play Rough|p2b: Iron Hands\n|-supereffective|p2b: Iron Hands\n|-damage|p2b: Iron Hands|86\/100\n|move|p2a: Flutter Mane|Shadow Ball|p1a: Gothitelle\n|-supereffective|p1a: Gothitelle\n|-damage|p1a: Gothitelle|6\/100\n|-enditem|p1a: Gothitelle|Sitrus Berry|[eat]\n|-heal|p1a: Gothitelle|30\/100|[from] item: Sitrus Berry\n|move|p1a: Gothitelle|Psychic|p2b: Iron Hands\n|-supereffective|p2b: Iron Hands\n|-damage|p2b: Iron Hands|60\/100\n|move|p2b: Iron Hands|Heavy Slam|p1b: Scream Tail\n|-resisted|p1b: Scream Tail\n|-damage|p1b: Scream Tail|73\/100 brn\n|\n|-damage|p1b: Scream Tail|67\/100 brn|[from] brn\n|-start|p1b: Scream Tail|perish1\n|upkeep\n|turn|5\n|\n|t:|1683744760\n|switch|p1a: Palafin|Palafin-Hero, L50, F|100\/100\n|-activate|p1a: Palafin|ability: Zero to Hero\n|move|p1b: Scream Tail|Protect|p1b: Scream Tail\n|-singleturn|p1b: Scream Tail|Protect\n|move|p2a: Flutter Mane|Shadow Ball|p1a: Palafin\n|-damage|p1a: Palafin|41\/100\n|-unboost|p1a: Palafin|spd|1\n|move|p2b: Iron Hands|Close Combat|p1b: Scream Tail\n|-activate|p1b: Scream Tail|move: Protect\n|\n|-damage|p1b: Scream Tail|61\/100 brn|[from] brn\n|-start|p1b: Scream Tail|perish0\n|faint|p1b: Scream Tail\n|-end|p1b: Scream Tail|Protosynthesis|[silent]\n|upkeep\n|\n|t:|1683744776\n|switch|p1b: Gothitelle|Gothitelle, L50, M|30\/100\n|turn|6\n|\n|t:|1683744793\n|move|p1b: Gothitelle|Fake Out|p2b: Iron Hands\n|-damage|p2b: Iron Hands|57\/100\n|move|p2a: Flutter Mane|Shadow Ball|p1a: Palafin\n|-crit|p1a: Palafin\n|-damage|p1a: Palafin|0 fnt\n|faint|p1a: Palafin\n|cant|p2b: Iron Hands|flinch\n|\n|upkeep\n|inactive|Battle timer is ON: inactive players will automatically lose when time's up. (requested by Piccius)\n|inactive|sillydylly has 60 seconds left.\n|-message|sillydylly forfeited.\n|\n|win|Piccius\n|raw|sillydylly's rating: 1126 → 1107<\/strong> (-19 for losing)\n|raw|Piccius's rating: 1215 → 1234<\/strong> (+19 for winning)\n|l|\u2606sillydylly\n","uploadtime":1683744931,"views":11,"p1id":"sillydylly","p2id":"piccius","formatid":"gen9vgc2023regulationc","rating":1107,"private":0,"password":""}