{"id":"gen9vgc2023regulationc-1853205741","p1":"PuniHina","p2":"clockwork_mango","format":"[Gen 9] VGC 2023 Regulation C","log":"|j|\u2606PuniHina\n|j|\u2606clockwork_mango\n|t:|1682648440\n|gametype|doubles\n|player|p1|PuniHina|marley|1615\n|player|p2|clockwork_mango|170|1519\n|teamsize|p1|6\n|teamsize|p2|6\n|gen|9\n|tier|[Gen 9] VGC 2023 Regulation C\n|rated|\n|rule|Species Clause: Limit one of each Pok\u00e9mon\n|rule|Item Clause: Limit one of each item\n|clearpoke\n|poke|p1|Talonflame, L50, F|\n|poke|p1|Great Tusk, L50|\n|poke|p1|Chi-Yu, L50|\n|poke|p1|Flutter Mane, L50|\n|poke|p1|Gyarados, L50, M|\n|poke|p1|Indeedee-F, L50, F|\n|poke|p2|Orthworm, L50, M|\n|poke|p2|Baxcalibur, L50, M|\n|poke|p2|Murkrow, L50, M|\n|poke|p2|Rotom-Wash, L50|\n|poke|p2|Corviknight, L50, F|\n|poke|p2|Glimmora, L50, F|\n|teampreview|4\n|j| moognwnrbjsqe\n|inactive|Battle timer is ON: inactive players will automatically lose when time's up. (requested by PuniHina)\n|j| manwtfisthis\n|inactive|clockwork_mango has 60 seconds left.\n|inactive|clockwork_mango has 30 seconds left.\n|inactive|clockwork_mango has 20 seconds left.\n|\n|t:|1682648557\n|start\n|switch|p1a: Talonflame|Talonflame, L50, F|100\/100\n|switch|p1b: Chi-Yu|Chi-Yu, L50|100\/100\n|switch|p2a: Catacomb|Glimmora, L50, F|100\/100\n|switch|p2b: Meelo|Murkrow, L50, M|100\/100\n|-ability|p1b: Chi-Yu|Beads of Ruin\n|turn|1\n|inactive|clockwork_mango has 30 seconds left.\n|\n|t:|1682648590\n|move|p1a: Talonflame|Tailwind|p1a: Talonflame\n|-sidestart|p1: PuniHina|move: Tailwind\n|move|p2b: Meelo|Tailwind|p2b: Meelo\n|-sidestart|p2: clockwork_mango|move: Tailwind\n|move|p1b: Chi-Yu|Dark Pulse|p2a: Catacomb\n|-damage|p2a: Catacomb|15\/100\n|-enditem|p2a: Catacomb|Red Card|[of] p1b: Chi-Yu\n|drag|p1b: Indeedee|Indeedee-F, L50, F|100\/100\n|-fieldstart|move: Psychic Terrain|[from] ability: Psychic Surge|[of] p1b: Indeedee\n|-enditem|p1b: Indeedee|Psychic Seed\n|-boost|p1b: Indeedee|spd|1|[from] item: Psychic Seed\n|move|p2a: Catacomb|Power Gem|p1a: Talonflame\n|-supereffective|p1a: Talonflame\n|-damage|p1a: Talonflame|0 fnt\n|faint|p1a: Talonflame\n|\n|upkeep\n|\n|t:|1682648608\n|switch|p1a: Chi-Yu|Chi-Yu, L50|100\/100\n|-ability|p1a: Chi-Yu|Beads of Ruin\n|turn|2\n|\n|t:|1682648629\n|move|p2a: Catacomb|Spiky Shield|p2a: Catacomb\n|-singleturn|p2a: Catacomb|move: Protect\n|move|p1b: Indeedee|Follow Me|p1b: Indeedee\n|-singleturn|p1b: Indeedee|move: Follow Me\n|move|p2b: Meelo|Haze|p2b: Meelo\n|-clearallboost\n|move|p1a: Chi-Yu|Heat Wave|p2a: Catacomb|[spread] p2b\n|-activate|p2a: Catacomb|move: Protect\n|-damage|p2b: Meelo|23\/100\n|\n|upkeep\n|turn|3\n|inactive|clockwork_mango has 30 seconds left.\n|inactive|clockwork_mango has 20 seconds left.\n|inactive|clockwork_mango has 15 seconds left.\n|inactive|clockwork_mango has 10 seconds left.\n|\n|t:|1682648675\n|switch|p2a: The Mechanist|Rotom-Wash, L50|100\/100\n|move|p1a: Chi-Yu|Heat Wave|p2b: Meelo|[spread] p2a,p2b\n|-resisted|p2a: The Mechanist\n|-damage|p2a: The Mechanist|69\/100\n|-damage|p2b: Meelo|0 fnt\n|faint|p2b: Meelo\n|move|p1b: Indeedee|Psychic|p2a: The Mechanist\n|-damage|p2a: The Mechanist|19\/100\n|\n|upkeep\n|\n|t:|1682648686\n|switch|p2b: War Balloon|Corviknight, L50, F|100\/100\n|turn|4\n|inactive|clockwork_mango has 30 seconds left.\n|inactive|clockwork_mango has 20 seconds left.\n|\n|t:|1682648723\n|-terastallize|p2b: War Balloon|Fire\n|move|p2a: The Mechanist|Protect|p2a: The Mechanist\n|-singleturn|p2a: The Mechanist|Protect\n|move|p1b: Indeedee|Follow Me|p1b: Indeedee\n|-singleturn|p1b: Indeedee|move: Follow Me\n|move|p1a: Chi-Yu|Heat Wave|p2a: The Mechanist|[spread] p2b\n|-activate|p2a: The Mechanist|move: Protect\n|-resisted|p2b: War Balloon\n|-damage|p2b: War Balloon|65\/100\n|move|p2b: War Balloon|Brave Bird|p1b: Indeedee\n|-damage|p1b: Indeedee|29\/100\n|-damage|p2b: War Balloon|44\/100|[from] Recoil\n|\n|-sideend|p2: clockwork_mango|move: Tailwind\n|-sideend|p1: PuniHina|move: Tailwind\n|upkeep\n|turn|5\n|\n|t:|1682648746\n|move|p1a: Chi-Yu|Heat Wave|p2b: War Balloon|[spread] p2a,p2b\n|-resisted|p2a: The Mechanist\n|-resisted|p2b: War Balloon\n|-damage|p2a: The Mechanist|0 fnt\n|-damage|p2b: War Balloon|6\/100\n|faint|p2a: The Mechanist\n|move|p1b: Indeedee|Psychic|p2b: War Balloon\n|-damage|p2b: War Balloon|0 fnt\n|faint|p2b: War Balloon\n|\n|-fieldend|move: Psychic Terrain\n|upkeep\n|\n|t:|1682648759\n|switch|p2a: Catacomb|Glimmora, L50, F|15\/100\n|turn|6\n|\n|t:|1682648765\n|move|p1a: Chi-Yu|Heat Wave|p2a: Catacomb\n|-resisted|p2a: Catacomb\n|-damage|p2a: Catacomb|0 fnt\n|faint|p2a: Catacomb\n|\n|win|PuniHina\n|raw|PuniHina's rating: 1615 → 1630<\/strong> (+15 for winning)\n|raw|clockwork_mango's rating: 1519 → 1504<\/strong> (-15 for losing)\n|c|\u2606clockwork_mango|Damn gg\n|c|\u2606PuniHina|gg\n","uploadtime":1682648781,"views":6,"p1id":"punihina","p2id":"clockworkmango","formatid":"gen9vgc2023regulationc","rating":1504,"private":0,"password":""}