{"id":"gen9vgc2023regulationc-1847219688","p1":"PrinceVgcIsBack","p2":"AediionVGC","format":"[Gen 9] VGC 2023 Regulation C","log":"|j|\u2606PrinceVgcIsBack\n|j|\u2606AediionVGC\n|t:|1681928828\n|gametype|doubles\n|player|p1|PrinceVgcIsBack|170|\n|player|p2|AediionVGC|169|\n|teamsize|p1|6\n|teamsize|p2|6\n|gen|9\n|tier|[Gen 9] VGC 2023 Regulation C\n|rule|Species Clause: Limit one of each Pok\u00e9mon\n|rule|Item Clause: Limit one of each item\n|clearpoke\n|poke|p1|Palafin, L50, F|\n|poke|p1|Flutter Mane, L50|\n|poke|p1|Arcanine, L50, F|\n|poke|p1|Amoonguss, L50, F|\n|poke|p1|Ting-Lu, L50|\n|poke|p1|Baxcalibur, L50, M|\n|poke|p2|Torkoal, L50, F|\n|poke|p2|Lilligant, L50, F|\n|poke|p2|Azumarill, L50, M|\n|poke|p2|Brute Bonnet, L50|\n|poke|p2|Slowking, L50, M|\n|poke|p2|Staraptor, L50, M|\n|teampreview|4\n|c|\u2606AediionVGC|insanely close game for that first one jeez\n|c|\u2606PrinceVgcIsBack|true\n|c|\u2606PrinceVgcIsBack|gg\n|c|\u2606AediionVGC|gg\n|\n|t:|1681928898\n|start\n|switch|p1a: Palafin|Palafin, L50, F|100\/100\n|switch|p1b: Ting-Lu|Ting-Lu, L50|100\/100\n|switch|p2a: Torkoal|Torkoal, L50, F|100\/100\n|switch|p2b: Lilligant|Lilligant, L50, F|100\/100\n|-ability|p1b: Ting-Lu|Vessel of Ruin\n|-weather|SunnyDay|[from] ability: Drought|[of] p2a: Torkoal\n|turn|1\n|\n|t:|1681928922\n|-terastallize|p1b: Ting-Lu|Fire\n|move|p1a: Palafin|Protect|p1a: Palafin\n|-singleturn|p1a: Palafin|Protect\n|move|p2b: Lilligant|Sleep Powder|p1b: Ting-Lu\n|-status|p1b: Ting-Lu|slp|[from] move: Sleep Powder\n|cant|p1b: Ting-Lu|slp\n|move|p2a: Torkoal|Eruption|p1b: Ting-Lu|[spread] p1b\n|-activate|p1a: Palafin|move: Protect\n|-resisted|p1b: Ting-Lu\n|-damage|p1b: Ting-Lu|79\/100 slp\n|\n|-weather|SunnyDay|[upkeep]\n|upkeep\n|turn|2\n|\n|t:|1681928938\n|detailschange|p1a: Palafin|Palafin-Hero, L50, F\n|switch|p1a: Arcanine|Arcanine, L50, F|100\/100\n|-ability|p1a: Arcanine|Intimidate|boost\n|-unboost|p2a: Torkoal|atk|1\n|-unboost|p2b: Lilligant|atk|1\n|-terastallize|p2a: Torkoal|Fire\n|move|p2b: Lilligant|Helping Hand|p2a: Torkoal\n|-singleturn|p2a: Torkoal|Helping Hand|[of] p2b: Lilligant\n|cant|p1b: Ting-Lu|slp\n|move|p2a: Torkoal|Eruption|p1a: Arcanine|[spread] p1a,p1b\n|-resisted|p1a: Arcanine\n|-resisted|p1b: Ting-Lu\n|-crit|p1b: Ting-Lu\n|-damage|p1a: Arcanine|32\/100\n|-damage|p1b: Ting-Lu|7\/100 slp\n|\n|-weather|SunnyDay|[upkeep]\n|upkeep\n|turn|3\n|c|\u2606PrinceVgcIsBack|noooo\n|\n|t:|1681928961\n|move|p1a: Arcanine|Protect|p1a: Arcanine\n|-singleturn|p1a: Arcanine|Protect\n|cant|p1b: Ting-Lu|slp\n|move|p2b: Lilligant|Pollen Puff|p1b: Ting-Lu\n|-resisted|p1b: Ting-Lu\n|-damage|p1b: Ting-Lu|1\/100 slp\n|move|p2a: Torkoal|Earth Power|p1a: Arcanine\n|-activate|p1a: Arcanine|move: Protect\n|\n|-weather|SunnyDay|[upkeep]\n|upkeep\n|turn|4\n|\n|t:|1681928988\n|move|p1a: Arcanine|Extreme Speed|p2a: Torkoal\n|-crit|p2a: Torkoal\n|-damage|p2a: Torkoal|71\/100\n|move|p2b: Lilligant|After You|p2a: Torkoal\n|-activate|p2a: Torkoal|move: After You\n|move|p2a: Torkoal|Eruption|p1a: Arcanine|[spread] p1a,p1b\n|-resisted|p1a: Arcanine\n|-resisted|p1b: Ting-Lu\n|-damage|p1a: Arcanine|0 fnt\n|-damage|p1b: Ting-Lu|0 fnt\n|faint|p1a: Arcanine\n|faint|p1b: Ting-Lu\n|\n|-weather|SunnyDay|[upkeep]\n|upkeep\n|\n|t:|1681928999\n|switch|p1a: Palafin|Palafin-Hero, L50, F|100\/100\n|switch|p1b: Amoonguss|Amoonguss, L50, F|100\/100\n|-activate|p1a: Palafin|ability: Zero to Hero\n|turn|5\n|\n|t:|1681929014\n|move|p1a: Palafin|Protect|p1a: Palafin\n|-singleturn|p1a: Palafin|Protect\n|move|p1b: Amoonguss|Protect|p1b: Amoonguss\n|-singleturn|p1b: Amoonguss|Protect\n|move|p2b: Lilligant|After You|p2a: Torkoal\n|-activate|p2a: Torkoal|move: After You\n|move|p2a: Torkoal|Solar Beam||[still]\n|-prepare|p2a: Torkoal|Solar Beam\n|-anim|p2a: Torkoal|Solar Beam|p1a: Palafin\n|-activate|p1a: Palafin|move: Protect\n|\n|-weather|none\n|upkeep\n|turn|6\n|\n|t:|1681929050\n|move|p2b: Lilligant|Sleep Powder|p1a: Palafin\n|-status|p1a: Palafin|slp|[from] move: Sleep Powder\n|cant|p1a: Palafin|slp\n|move|p1b: Amoonguss|Spore|p2a: Torkoal\n|-status|p2a: Torkoal|slp|[from] move: Spore\n|cant|p2a: Torkoal|slp\n|\n|upkeep\n|turn|7\n|\n|t:|1681929072\n|move|p2b: Lilligant|Pollen Puff|p2a: Torkoal\n|-heal|p2a: Torkoal|100\/100 slp\n|-curestatus|p1a: Palafin|slp|[msg]\n|move|p1a: Palafin|Wave Crash|p2a: Torkoal\n|-supereffective|p2a: Torkoal\n|-damage|p2a: Torkoal|0 fnt\n|faint|p2a: Torkoal\n|-damage|p1a: Palafin|72\/100|[from] Recoil\n|move|p1b: Amoonguss|Pollen Puff|p2b: Lilligant\n|-supereffective|p2b: Lilligant\n|-crit|p2b: Lilligant\n|-damage|p2b: Lilligant|33\/100\n|\n|upkeep\n|\n|t:|1681929089\n|switch|p2a: Brute Bonnet|Brute Bonnet, L50|100\/100\n|turn|8\n|c|\u2606PrinceVgcIsBack|crit fiesta\n|\n|t:|1681929117\n|move|p1a: Palafin|Jet Punch|p2b: Lilligant\n|-resisted|p2b: Lilligant\n|-damage|p2b: Lilligant|4\/100\n|move|p2b: Lilligant|Pollen Puff|p1b: Amoonguss\n|-damage|p1b: Amoonguss|79\/100\n|move|p2a: Brute Bonnet|Spore|p1a: Palafin\n|-status|p1a: Palafin|slp|[from] move: Spore\n|move|p1b: Amoonguss|Pollen Puff|p1a: Palafin\n|-heal|p1a: Palafin|100\/100 slp\n|\n|upkeep\n|turn|9\n|\n|t:|1681929138\n|move|p2b: Lilligant|Helping Hand|p2a: Brute Bonnet\n|-singleturn|p2a: Brute Bonnet|Helping Hand|[of] p2b: Lilligant\n|move|p2a: Brute Bonnet|Sucker Punch|p1a: Palafin\n|-damage|p1a: Palafin|59\/100 slp\n|cant|p1a: Palafin|slp\n|move|p1b: Amoonguss|Pollen Puff|p2b: Lilligant\n|-supereffective|p2b: Lilligant\n|-damage|p2b: Lilligant|0 fnt\n|faint|p2b: Lilligant\n|\n|upkeep\n|\n|t:|1681929147\n|switch|p2b: Azumarill|Azumarill, L50, M|100\/100\n|turn|10\n|\n|t:|1681929158\n|-curestatus|p1a: Palafin|slp|[msg]\n|move|p1a: Palafin|Protect|p1a: Palafin\n|-singleturn|p1a: Palafin|Protect\n|move|p2b: Azumarill|Protect|p2b: Azumarill\n|-singleturn|p2b: Azumarill|Protect\n|move|p2a: Brute Bonnet|Spore|p1a: Palafin\n|-activate|p1a: Palafin|move: Protect\n|move|p1b: Amoonguss|Spore|p2b: Azumarill\n|-activate|p2b: Azumarill|move: Protect\n|\n|upkeep\n|turn|11\n|\n|t:|1681929204\n|move|p2a: Brute Bonnet|Sucker Punch|p1a: Palafin\n|-damage|p1a: Palafin|33\/100\n|move|p1a: Palafin|Wave Crash|p2b: Azumarill\n|-resisted|p2b: Azumarill\n|-damage|p2b: Azumarill|51\/100\n|-damage|p1a: Palafin|16\/100|[from] Recoil\n|move|p2b: Azumarill|Play Rough|p1a: Palafin|[miss]\n|-miss|p2b: Azumarill|p1a: Palafin\n|move|p1b: Amoonguss|Pollen Puff|p1a: Palafin\n|-heal|p1a: Palafin|66\/100\n|\n|upkeep\n|turn|12\n|\n|t:|1681929224\n|move|p2a: Brute Bonnet|Rage Powder|p2a: Brute Bonnet\n|-singleturn|p2a: Brute Bonnet|move: Rage Powder\n|move|p1a: Palafin|Wave Crash|p2a: Brute Bonnet\n|-resisted|p2a: Brute Bonnet\n|-damage|p2a: Brute Bonnet|62\/100\n|-damage|p1a: Palafin|52\/100|[from] Recoil\n|move|p2b: Azumarill|Play Rough|p1a: Palafin\n|-damage|p1a: Palafin|0 fnt\n|faint|p1a: Palafin\n|move|p1b: Amoonguss|Pollen Puff|p1: Palafin|[notarget]\n|-fail|p1b: Amoonguss\n|\n|upkeep\n|turn|13\n|c|\u2606PrinceVgcIsBack|gg\n|c|\u2606AediionVGC|gg\n|-message|PrinceVgcIsBack forfeited.\n|\n|win|AediionVGC\n|l|\u2606PrinceVgcIsBack\n","uploadtime":1681929508,"views":14,"p1id":"princevgcisback","p2id":"aediionvgc","formatid":"gen9vgc2023regulationc","rating":0,"private":0,"password":""}