{"id":"gen9vgc2023regulationc-1861444514","p1":"Ginger&LemonTea","p2":"Arcacagne","format":"[Gen 9] VGC 2023 Regulation C","log":"|j|\u2606Ginger&LemonTea\n|j|\u2606Arcacagne\n|t:|1683758664\n|gametype|doubles\n|player|p1|Ginger&LemonTea|gentleman|1385\n|player|p2|Arcacagne|265|1330\n|teamsize|p1|6\n|teamsize|p2|6\n|gen|9\n|tier|[Gen 9] VGC 2023 Regulation C\n|rated|\n|rule|Species Clause: Limit one of each Pok\u00e9mon\n|rule|Item Clause: Limit one of each item\n|clearpoke\n|poke|p1|Gyarados, L50, M|\n|poke|p1|Tyranitar, L50, M|\n|poke|p1|Amoonguss, L50, F|\n|poke|p1|Houndstone, L50, F|\n|poke|p1|Flutter Mane, L50|\n|poke|p1|Chi-Yu, L50|\n|poke|p2|Chi-Yu, L50|\n|poke|p2|Flutter Mane, L50|\n|poke|p2|Amoonguss, L50, M|\n|poke|p2|Ting-Lu, L50|\n|poke|p2|Iron Hands, L50|\n|poke|p2|Gyarados, L50, F|\n|teampreview|4\n|inactive|Battle timer is ON: inactive players will automatically lose when time's up. (requested by Ginger&LemonTea)\nGinger&LemonTea has agreed to open team sheets.\n|inactive|Arcacagne has 60 seconds left.\n|\n|t:|1683758712\n|start\n|switch|p1a: Tyranitar|Tyranitar, L50, M|100\/100\n|switch|p1b: Amoonguss|Amoonguss, L50, F|100\/100\n|switch|p2a: Ting-Lu|Ting-Lu, L50|100\/100\n|switch|p2b: Iron Hands|Iron Hands, L50|100\/100\n|-weather|Sandstorm|[from] ability: Sand Stream|[of] p1a: Tyranitar\n|-ability|p2a: Ting-Lu|Vessel of Ruin\n|turn|1\n|\n|t:|1683758734\n|switch|p1a: Gyarados|Gyarados, L50, M|100\/100\n|-ability|p1a: Gyarados|Intimidate|boost\n|-unboost|p2a: Ting-Lu|atk|1\n|-fail|p2b: Iron Hands|unboost|[from] item: Clear Amulet|[of] p2b: Iron Hands\n|switch|p2a: Gyarados|Gyarados, L50, F|100\/100\n|-ability|p2a: Gyarados|Intimidate|boost\n|-unboost|p1a: Gyarados|atk|1\n|-unboost|p1b: Amoonguss|atk|1\n|-terastallize|p2b: Iron Hands|Grass\n|move|p2b: Iron Hands|Drain Punch|p1a: Gyarados\n|-resisted|p1a: Gyarados\n|-damage|p1a: Gyarados|82\/100\n|move|p1b: Amoonguss|Spore|p2b: Iron Hands\n|-immune|p2b: Iron Hands\n|\n|-weather|Sandstorm|[upkeep]\n|-damage|p1a: Gyarados|76\/100|[from] Sandstorm\n|-damage|p2b: Iron Hands|95\/100|[from] Sandstorm\n|-damage|p1b: Amoonguss|95\/100|[from] Sandstorm\n|upkeep\n|turn|2\n|inactive|Ginger&LemonTea has 30 seconds left.\n|inactive|Ginger&LemonTea has 20 seconds left.\n|inactive|Ginger&LemonTea has 15 seconds left.\n|\n|t:|1683758775\n|switch|p1b: Tyranitar|Tyranitar, L50, M|100\/100\n|move|p2a: Gyarados|Thunder Wave|p1a: Gyarados\n|-status|p1a: Gyarados|par\n|-enditem|p1a: Gyarados|Lum Berry|[eat]\n|-curestatus|p1a: Gyarados|par|[msg]\n|move|p1a: Gyarados|Thunder Wave|p2a: Gyarados\n|-status|p2a: Gyarados|par\n|move|p2b: Iron Hands|Swords Dance|p2b: Iron Hands\n|-boost|p2b: Iron Hands|atk|2\n|\n|-weather|Sandstorm|[upkeep]\n|-damage|p1a: Gyarados|70\/100|[from] Sandstorm\n|-damage|p2b: Iron Hands|89\/100|[from] Sandstorm\n|upkeep\n|turn|3\n|inactive|Ginger&LemonTea has 30 seconds left.\n|\n|t:|1683758801\n|switch|p2a: Ting-Lu|Ting-Lu, L50|100\/100\n|-ability|p2a: Ting-Lu|Vessel of Ruin\n|-terastallize|p1b: Tyranitar|Flying\n|move|p1a: Gyarados|Thunder Wave|p2b: Iron Hands\n|-status|p2b: Iron Hands|par\n|move|p1b: Tyranitar|Tera Blast|p2b: Iron Hands\n|-supereffective|p2b: Iron Hands\n|-damage|p2b: Iron Hands|36\/100 par\n|move|p2b: Iron Hands|Thunder Punch|p1a: Gyarados\n|-supereffective|p1a: Gyarados\n|-damage|p1a: Gyarados|0 fnt\n|faint|p1a: Gyarados\n|\n|-weather|Sandstorm|[upkeep]\n|-damage|p1b: Tyranitar|95\/100|[from] Sandstorm\n|-damage|p2b: Iron Hands|30\/100 par|[from] Sandstorm\n|upkeep\n|\n|t:|1683758819\n|switch|p1a: Amoonguss|Amoonguss, L50, F|100\/100\n|turn|4\n|\n|t:|1683758829\n|-end|p2b: Iron Hands|Quark Drive|[silent]\n|switch|p2b: Gyarados|Gyarados, L50, F|100\/100 par\n|-ability|p2b: Gyarados|Intimidate|boost\n|-unboost|p1a: Amoonguss|atk|1\n|-unboost|p1b: Tyranitar|atk|1\n|move|p1b: Tyranitar|Tera Blast|p2b: Gyarados\n|-damage|p2b: Gyarados|71\/100 par\n|move|p2a: Ting-Lu|Earthquake|p1b: Tyranitar|[spread] p1a\n|-immune|p2b: Gyarados\n|-immune|p1b: Tyranitar\n|-damage|p1a: Amoonguss|75\/100\n|move|p1a: Amoonguss|Spore|p2a: Ting-Lu\n|-status|p2a: Ting-Lu|slp|[from] move: Spore\n|\n|-weather|Sandstorm|[upkeep]\n|-damage|p1b: Tyranitar|89\/100|[from] Sandstorm\n|-damage|p1a: Amoonguss|69\/100|[from] Sandstorm\n|upkeep\n|turn|5\n|inactive|Ginger&LemonTea has 30 seconds left.\n|inactive|Arcacagne has 30 seconds left.\n|\n|t:|1683758862\n|move|p1a: Amoonguss|Rage Powder|p1a: Amoonguss\n|-singleturn|p1a: Amoonguss|move: Rage Powder\n|move|p1b: Tyranitar|Low Kick|p2a: Ting-Lu\n|-supereffective|p2a: Ting-Lu\n|-damage|p2a: Ting-Lu|72\/100 slp\n|cant|p2a: Ting-Lu|slp\n|cant|p2b: Gyarados|par\n|\n|-weather|none\n|upkeep\n|turn|6\n|\n|t:|1683758887\n|switch|p2a: Flutter Mane|Flutter Mane, L50|100\/100\n|-enditem|p2a: Flutter Mane|Booster Energy\n|-activate|p2a: Flutter Mane|ability: Protosynthesis|[fromitem]\n|-start|p2a: Flutter Mane|protosynthesisspa\n|move|p1b: Tyranitar|Rock Slide|p2b: Gyarados|[spread] p2a,p2b\n|-supereffective|p2b: Gyarados\n|-crit|p2b: Gyarados\n|-damage|p2a: Flutter Mane|72\/100\n|-damage|p2b: Gyarados|0 fnt\n|faint|p2b: Gyarados\n|move|p1a: Amoonguss|Clear Smog|p1b: Tyranitar\n|-damage|p1b: Tyranitar|80\/100\n|-clearboost|p1b: Tyranitar\n|\n|upkeep\n|\n|t:|1683758900\n|switch|p2b: Iron Hands|Iron Hands, L50, tera:Grass|30\/100 par\n|turn|7\n|\n|t:|1683758914\n|switch|p1b: Houndstone|Houndstone, L50, F|100\/100\n|move|p2b: Iron Hands|Fake Out|p1a: Amoonguss\n|-damage|p1a: Amoonguss|59\/100\n|move|p2a: Flutter Mane|Substitute|p2a: Flutter Mane\n|-start|p2a: Flutter Mane|Substitute\n|-damage|p2a: Flutter Mane|47\/100\n|cant|p1a: Amoonguss|flinch\n|\n|upkeep\n|turn|8\n|\n|t:|1683758938\n|move|p1a: Amoonguss|Rage Powder|p1a: Amoonguss\n|-singleturn|p1a: Amoonguss|move: Rage Powder\n|move|p2a: Flutter Mane|Shadow Ball|p1a: Amoonguss\n|-damage|p1a: Amoonguss|11\/100\n|-enditem|p1a: Amoonguss|Sitrus Berry|[eat]\n|-heal|p1a: Amoonguss|35\/100|[from] item: Sitrus Berry\n|move|p1b: Houndstone|Play Rough|p2b: Iron Hands\n|-damage|p2b: Iron Hands|12\/100 par\n|move|p2b: Iron Hands|Swords Dance|p2b: Iron Hands\n|-boost|p2b: Iron Hands|atk|2\n|\n|upkeep\n|turn|9\n|\n|t:|1683758958\n|move|p1a: Amoonguss|Rage Powder|p1a: Amoonguss\n|-singleturn|p1a: Amoonguss|move: Rage Powder\n|move|p2a: Flutter Mane|Shadow Ball|p1a: Amoonguss\n|-damage|p1a: Amoonguss|0 fnt\n|faint|p1a: Amoonguss\n|move|p1b: Houndstone|Last Respects|p2b: Iron Hands\n|-damage|p2b: Iron Hands|0 fnt\n|faint|p2b: Iron Hands\n|-end|p2b: Iron Hands|Quark Drive|[silent]\n|\n|upkeep\n|\n|t:|1683758969\n|switch|p2b: Ting-Lu|Ting-Lu, L50|72\/100 slp\n|switch|p1a: Tyranitar|Tyranitar, L50, M, tera:Flying|80\/100\n|-weather|Sandstorm|[from] ability: Sand Stream|[of] p1a: Tyranitar\n|-ability|p2b: Ting-Lu|Vessel of Ruin\n|turn|10\n|\n|t:|1683758987\n|move|p1b: Houndstone|Last Respects|p2a: Flutter Mane\n|-supereffective|p2a: Flutter Mane\n|-end|p2a: Flutter Mane|Substitute\n|move|p2a: Flutter Mane|Moonblast|p1a: Tyranitar\n|-damage|p1a: Tyranitar|52\/100\n|move|p1a: Tyranitar|Assurance|p2a: Flutter Mane\n|-damage|p2a: Flutter Mane|0 fnt\n|faint|p2a: Flutter Mane\n|-end|p2a: Flutter Mane|Protosynthesis|[silent]\n|cant|p2b: Ting-Lu|slp\n|\n|-weather|Sandstorm|[upkeep]\n|-damage|p1a: Tyranitar|46\/100|[from] Sandstorm\n|upkeep\n|turn|11\n|-message|Arcacagne forfeited.\n|\n|win|Ginger&LemonTea\n|raw|Ginger&LemonTea's rating: 1385 → 1402<\/strong> (+17 for winning)\n|raw|Arcacagne's rating: 1330 → 1313<\/strong> (-17 for losing)\n","uploadtime":1683759005,"views":8,"p1id":"gingerlemontea","p2id":"arcacagne","formatid":"gen9vgc2023regulationc","rating":1313,"private":0,"password":""}