{"id":"gen9vgc2023regulationc-1855743458","p1":"Edoardo.Versari","p2":"arieshasarisen","format":"[Gen 9] VGC 2023 Regulation C","log":"|j|\u2606Edoardo.Versari\n|j|\u2606arieshasarisen\n|t:|1682979067\n|gametype|doubles\n|player|p1|Edoardo.Versari|101|1313\n|player|p2|arieshasarisen|170|1385\n|teamsize|p1|6\n|teamsize|p2|6\n|gen|9\n|tier|[Gen 9] VGC 2023 Regulation C\n|rated|\n|rule|Species Clause: Limit one of each Pok\u00e9mon\n|rule|Item Clause: Limit one of each item\n|clearpoke\n|poke|p1|Grimmsnarl, L50, M|\n|poke|p1|Chi-Yu, L50|\n|poke|p1|Gholdengo, L50|\n|poke|p1|Iron Hands, L50|\n|poke|p1|Gyarados, L50, F|\n|poke|p1|Orthworm, L50, M|\n|poke|p2|Iron Treads, L50|\n|poke|p2|Dragonite, L50, M|\n|poke|p2|Flutter Mane, L50|\n|poke|p2|Rotom-Wash, L50|\n|poke|p2|Iron Moth, L50|\n|poke|p2|Brute Bonnet, L50|\n|teampreview|4\n|inactive|Battle timer is ON: inactive players will automatically lose when time's up. (requested by arieshasarisen)\n|inactive|Edoardo.Versari also wants the timer to be on.\n|inactive|Edoardo.Versari has 60 seconds left.\n|inactive|Edoardo.Versari has 30 seconds left.\n|\n|t:|1682979130\n|start\n|switch|p1a: Gyarados|Gyarados, L50, F|100\/100\n|switch|p1b: Orthworm|Orthworm, L50, M|100\/100\n|switch|p2a: Dragonite|Dragonite, L50, M|100\/100\n|switch|p2b: Rotom|Rotom-Wash, L50|100\/100\n|-ability|p1a: Gyarados|Intimidate|boost\n|-unboost|p2a: Dragonite|atk|1\n|-unboost|p2b: Rotom|atk|1\n|turn|1\n|\n|t:|1682979146\n|switch|p1a: Iron Hands|Iron Hands, L50|100\/100\n|move|p2b: Rotom|Discharge|p1b: Orthworm|[spread] p2a,p1a,p1b\n|-resisted|p1a: Iron Hands\n|-damage|p2a: Dragonite|89\/100\n|-damage|p1a: Iron Hands|93\/100\n|-damage|p1b: Orthworm|72\/100\n|-status|p1b: Orthworm|par\n|move|p2a: Dragonite|Tailwind|p2a: Dragonite\n|-sidestart|p2: arieshasarisen|move: Tailwind\n|move|p1b: Orthworm|Shed Tail|p1b: Orthworm\n|-start|p1b: Orthworm|Substitute|[from] move: Shed Tail\n|-damage|p1b: Orthworm|22\/100 par\n|-enditem|p1b: Orthworm|Sitrus Berry|[eat]\n|-heal|p1b: Orthworm|47\/100 par|[from] item: Sitrus Berry\n|\n|t:|1682979160\n|switch|p1b: Gholdengo|Gholdengo, L50|100\/100|[from] Shed Tail\n|\n|upkeep\n|turn|2\n|inactive|Edoardo.Versari has 30 seconds left.\n|inactive|Edoardo.Versari has 20 seconds left.\n|\n|t:|1682979198\n|-terastallize|p2b: Rotom|Fire\n|move|p1a: Iron Hands|Fake Out|p2b: Rotom\n|-damage|p2b: Rotom|84\/100\n|move|p2a: Dragonite|Extreme Speed|p1a: Iron Hands\n|-damage|p1a: Iron Hands|81\/100\n|cant|p2b: Rotom|flinch\n|move|p1b: Gholdengo|Nasty Plot|p1b: Gholdengo\n|-boost|p1b: Gholdengo|spa|2\n|\n|upkeep\n|turn|3\n|\n|t:|1682979218\n|move|p2b: Rotom|Tera Blast|p1b: Gholdengo\n|-supereffective|p1b: Gholdengo\n|-end|p1b: Gholdengo|Substitute\n|move|p2a: Dragonite|Iron Head|p1b: Gholdengo\n|-resisted|p1b: Gholdengo\n|-damage|p1b: Gholdengo|91\/100\n|cant|p1b: Gholdengo|flinch\n|move|p1a: Iron Hands|Thunder Punch|p2a: Dragonite\n|-damage|p2a: Dragonite|55\/100\n|\n|-heal|p1b: Gholdengo|97\/100|[from] item: Leftovers\n|upkeep\n|turn|4\n|\n|t:|1682979239\n|switch|p2a: Iron Treads|Iron Treads, L50|100\/100\n|-enditem|p2a: Iron Treads|Booster Energy\n|-activate|p2a: Iron Treads|ability: Quark Drive|[fromitem]\n|-start|p2a: Iron Treads|quarkdriveatk\n|-terastallize|p1b: Gholdengo|Water\n|move|p2b: Rotom|Tera Blast|p1b: Gholdengo\n|-resisted|p1b: Gholdengo\n|-damage|p1b: Gholdengo|79\/100\n|move|p1b: Gholdengo|Make It Rain|p2b: Rotom|[spread] p2a,p2b\n|-resisted|p2a: Iron Treads\n|-resisted|p2b: Rotom\n|-damage|p2a: Iron Treads|33\/100\n|-damage|p2b: Rotom|48\/100\n|-unboost|p1b: Gholdengo|spa|1\n|move|p1a: Iron Hands|Drain Punch|p2b: Rotom\n|-damage|p2b: Rotom|2\/100\n|-heal|p1a: Iron Hands|96\/100|[from] drain|[of] p2b: Rotom\n|\n|-heal|p1b: Gholdengo|85\/100|[from] item: Leftovers\n|-sideend|p2: arieshasarisen|move: Tailwind\n|upkeep\n|turn|5\n|inactive|arieshasarisen has 30 seconds left.\n|\n|t:|1682979267\n|move|p2a: Iron Treads|Earthquake|p1b: Gholdengo|[spread] p1a,p1b\n|-immune|p2b: Rotom|[from] ability: Levitate\n|-supereffective|p1a: Iron Hands\n|-damage|p1a: Iron Hands|44\/100\n|-damage|p1b: Gholdengo|44\/100\n|move|p2b: Rotom|Discharge|p1a: Iron Hands|[spread] p1a,p1b\n|-immune|p2a: Iron Treads\n|-resisted|p1a: Iron Hands\n|-supereffective|p1b: Gholdengo\n|-damage|p1a: Iron Hands|36\/100\n|-damage|p1b: Gholdengo|0 fnt\n|faint|p1b: Gholdengo\n|move|p1a: Iron Hands|Volt Switch|p2b: Rotom\n|-damage|p2b: Rotom|0 fnt\n|faint|p2b: Rotom\n|\n|t:|1682979279\n|-end|p1a: Iron Hands|Quark Drive|[silent]\n|switch|p1a: Gyarados|Gyarados, L50, F|100\/100|[from] Volt Switch\n|-ability|p1a: Gyarados|Intimidate|boost\n|-unboost|p2a: Iron Treads|atk|1\n|\n|upkeep\n|\n|t:|1682979292\n|switch|p2b: Dragonite|Dragonite, L50, M|55\/100\n|switch|p1b: Iron Hands|Iron Hands, L50|36\/100\n|turn|6\n|\n|t:|1682979307\n|move|p2a: Iron Treads|Protect|p2a: Iron Treads\n|-singleturn|p2a: Iron Treads|Protect\n|move|p1b: Iron Hands|Fake Out|p2a: Iron Treads\n|-activate|p2a: Iron Treads|move: Protect\n|move|p2b: Dragonite|Tailwind|p2b: Dragonite\n|-sidestart|p2: arieshasarisen|move: Tailwind\n|move|p1a: Gyarados|Waterfall|p2a: Iron Treads\n|-activate|p2a: Iron Treads|move: Protect\n|\n|upkeep\n|turn|7\n|\n|t:|1682979325\n|-end|p1b: Iron Hands|Quark Drive|[silent]\n|switch|p1b: Orthworm|Orthworm, L50, M|47\/100 par\n|move|p2b: Dragonite|Extreme Speed|p1a: Gyarados\n|-damage|p1a: Gyarados|70\/100\n|move|p2a: Iron Treads|Earthquake|p1a: Gyarados|[spread] \n|-heal|p1b: Orthworm|72\/100 par|[from] ability: Earth Eater|[of] p2a: Iron Treads\n|-immune|p2b: Dragonite\n|-immune|p1a: Gyarados\n|move|p1a: Gyarados|Waterfall|p2a: Iron Treads\n|-supereffective|p2a: Iron Treads\n|-damage|p2a: Iron Treads|0 fnt\n|faint|p2a: Iron Treads\n|-end|p2a: Iron Treads|Quark Drive|[silent]\n|\n|upkeep\n|\n|t:|1682979342\n|switch|p2a: Iron Moth|Iron Moth, L50|100\/100\n|turn|8\n|\n|t:|1682979359\n|move|p2b: Dragonite|Extreme Speed|p1a: Gyarados\n|-damage|p1a: Gyarados|43\/100\n|move|p2a: Iron Moth|Heat Wave|p1a: Gyarados|[spread] p1a,p1b\n|-resisted|p1a: Gyarados\n|-supereffective|p1b: Orthworm\n|-damage|p1a: Gyarados|27\/100\n|-damage|p1b: Orthworm|0 fnt\n|faint|p1b: Orthworm\n|move|p1a: Gyarados|Thunder Wave|p2b: Dragonite\n|-status|p2b: Dragonite|par\n|-enditem|p2b: Dragonite|Lum Berry|[eat]\n|-curestatus|p2b: Dragonite|par|[msg]\n|\n|upkeep\n|\n|t:|1682979365\n|switch|p1b: Iron Hands|Iron Hands, L50|36\/100\n|turn|9\n|\n|t:|1682979389\n|move|p2a: Iron Moth|Protect|p2a: Iron Moth\n|-singleturn|p2a: Iron Moth|Protect\n|move|p1b: Iron Hands|Fake Out|p2a: Iron Moth\n|-activate|p2a: Iron Moth|move: Protect\n|move|p2b: Dragonite|Extreme Speed|p1a: Gyarados\n|-damage|p1a: Gyarados|0 fnt\n|faint|p1a: Gyarados\n|\n|-sideend|p2: arieshasarisen|move: Tailwind\n|upkeep\n|turn|10\n|-message|Edoardo.Versari forfeited.\n|\n|win|arieshasarisen\n|raw|Edoardo.Versari's rating: 1313 → 1297<\/strong> (-16 for losing)\n|raw|arieshasarisen's rating: 1385 → 1401<\/strong> (+16 for winning)\n|l|\u2606Edoardo.Versari\n","uploadtime":1682979410,"views":33,"p1id":"edoardoversari","p2id":"arieshasarisen","formatid":"gen9vgc2023regulationc","rating":1297,"private":0,"password":""}