{"id":"gen9vgc2023regulationc-1854809897","p1":"Regcreg","p2":"thecomplainman","format":"[Gen 9] VGC 2023 Regulation C","log":"|j|\u2606Regcreg\n|j|\u2606thecomplainman\n|t:|1682868687\n|gametype|doubles\n|player|p1|Regcreg|170|1302\n|player|p2|thecomplainman|unknown|1339\n|teamsize|p1|6\n|teamsize|p2|6\n|gen|9\n|tier|[Gen 9] VGC 2023 Regulation C\n|rated|\n|rule|Species Clause: Limit one of each Pok\u00e9mon\n|rule|Item Clause: Limit one of each item\n|clearpoke\n|poke|p1|Amoonguss, L50, F|\n|poke|p1|Flutter Mane, L50|\n|poke|p1|Arcanine, L50, M|\n|poke|p1|Palafin, L50, F|\n|poke|p1|Dragonite, L50, F|\n|poke|p1|Chien-Pao, L50|\n|poke|p2|Flutter Mane, L50|\n|poke|p2|Chi-Yu, L50|\n|poke|p2|Maushold-Four, L50|\n|poke|p2|Azumarill, L50, F|\n|poke|p2|Gastrodon, L50, F|\n|poke|p2|Scizor, L50, F|\n|teampreview|4\n|inactive|Battle timer is ON: inactive players will automatically lose when time's up. (requested by Regcreg)\nthecomplainman has agreed to open team sheets.\n|inactive|thecomplainman has 60 seconds left.\n|\n|t:|1682868729\n|start\n|switch|p1a: Flutter Mane|Flutter Mane, L50|100\/100\n|switch|p1b: Palafin|Palafin, L50, F|100\/100\n|switch|p2a: Scizor|Scizor, L50, F|100\/100\n|switch|p2b: Flutter Mane|Flutter Mane, L50|100\/100\n|turn|1\n|\n|t:|1682868740\n|-end|p1a: Flutter Mane|Protosynthesis|[silent]\n|switch|p1a: Arcanine|Arcanine, L50, M|100\/100\n|-ability|p1a: Arcanine|Intimidate|boost\n|-fail|p2a: Scizor|unboost|[from] item: Clear Amulet|[of] p2a: Scizor\n|-unboost|p2b: Flutter Mane|atk|1\n|-end|p2b: Flutter Mane|Protosynthesis|[silent]\n|switch|p2b: Gastrodon|Gastrodon, L50, F|100\/100\n|detailschange|p1b: Palafin|Palafin-Hero, L50, F\n|switch|p1b: Amoonguss|Amoonguss, L50, F|100\/100\n|move|p2a: Scizor|Bullet Punch|p1a: Arcanine\n|-resisted|p1a: Arcanine\n|-damage|p1a: Arcanine|78\/100\n|\n|upkeep\n|turn|2\n|inactive|thecomplainman has 30 seconds left.\n|\n|t:|1682868767\n|switch|p1a: Palafin|Palafin-Hero, L50, F|100\/100\n|-activate|p1a: Palafin|ability: Zero to Hero\n|-terastallize|p2a: Scizor|Fire\n|move|p2a: Scizor|Aerial Ace|p1b: Amoonguss\n|-supereffective|p1b: Amoonguss\n|-damage|p1b: Amoonguss|48\/100\n|-enditem|p1b: Amoonguss|Sitrus Berry|[eat]\n|-heal|p1b: Amoonguss|73\/100|[from] item: Sitrus Berry\n|move|p2b: Gastrodon|Muddy Water|p1b: Amoonguss|[spread] p1a,p1b\n|-resisted|p1a: Palafin\n|-resisted|p1b: Amoonguss\n|-damage|p1a: Palafin|86\/100\n|-damage|p1b: Amoonguss|63\/100\n|-unboost|p1a: Palafin|accuracy|1\n|move|p1b: Amoonguss|Spore|p2b: Gastrodon\n|-status|p2b: Gastrodon|slp|[from] move: Spore\n|\n|-heal|p1a: Palafin|93\/100|[from] item: Leftovers\n|upkeep\n|turn|3\n|l|\u2606Regcreg\n|inactive|Regcreg disconnected and has a minute to reconnect!\n|player|p1|\n|j|\u2606Regcreg\n|inactive|Regcreg reconnected and has 35 seconds left.\n|player|p1|Regcreg|170\n|inactive|Regcreg has 30 seconds left.\n|inactive|Regcreg has 20 seconds left.\n|\n|t:|1682868802\n|switch|p1a: Arcanine|Arcanine, L50, M|78\/100\n|-ability|p1a: Arcanine|Intimidate|boost\n|-fail|p2a: Scizor|unboost|[from] item: Clear Amulet|[of] p2a: Scizor\n|-unboost|p2b: Gastrodon|atk|1\n|move|p2a: Scizor|Aerial Ace|p1b: Amoonguss\n|-supereffective|p1b: Amoonguss\n|-damage|p1b: Amoonguss|8\/100\n|cant|p2b: Gastrodon|slp\n|move|p1b: Amoonguss|Spore|p2a: Scizor\n|-status|p2a: Scizor|slp|[from] move: Spore\n|\n|upkeep\n|turn|4\n|inactive|Regcreg has 30 seconds left.\n|\n|t:|1682868828\n|switch|p1b: Flutter Mane|Flutter Mane, L50|100\/100\n|cant|p2a: Scizor|slp\n|move|p1a: Arcanine|Flare Blitz|p2a: Scizor\n|-resisted|p2a: Scizor\n|-damage|p2a: Scizor|70\/100 slp\n|-damage|p1a: Arcanine|69\/100|[from] Recoil\n|-curestatus|p2b: Gastrodon|slp|[msg]\n|move|p2b: Gastrodon|Muddy Water|p1b: Flutter Mane|[spread] p1a\n|-miss|p2b: Gastrodon|p1b: Flutter Mane\n|-supereffective|p1a: Arcanine\n|-damage|p1a: Arcanine|9\/100\n|-unboost|p1a: Arcanine|accuracy|1\n|\n|upkeep\n|turn|5\n|\n|t:|1682868843\n|switch|p1a: Palafin|Palafin-Hero, L50, F|93\/100\n|cant|p2a: Scizor|slp\n|move|p1b: Flutter Mane|Shadow Ball|p2a: Scizor\n|-damage|p2a: Scizor|0 fnt\n|faint|p2a: Scizor\n|move|p2b: Gastrodon|Muddy Water|p1b: Flutter Mane|[spread] p1a,p1b\n|-resisted|p1a: Palafin\n|-damage|p1a: Palafin|79\/100\n|-damage|p1b: Flutter Mane|77\/100\n|-unboost|p1b: Flutter Mane|accuracy|1\n|\n|-heal|p1a: Palafin|86\/100|[from] item: Leftovers\n|upkeep\n|\n|t:|1682868852\n|switch|p2a: Azumarill|Azumarill, L50, F|100\/100\n|turn|6\n|\n|t:|1682868861\n|switch|p1a: Arcanine|Arcanine, L50, M|9\/100\n|-ability|p1a: Arcanine|Intimidate|boost\n|-unboost|p2a: Azumarill|atk|1\n|-unboost|p2b: Gastrodon|atk|1\n|move|p2b: Gastrodon|Protect|p2b: Gastrodon\n|-singleturn|p2b: Gastrodon|Protect\n|move|p1b: Flutter Mane|Shadow Ball|p2a: Azumarill\n|-damage|p2a: Azumarill|54\/100\n|-unboost|p2a: Azumarill|spd|1\n|move|p2a: Azumarill|Play Rough|p1b: Flutter Mane|[miss]\n|-miss|p2a: Azumarill|p1b: Flutter Mane\n|\n|upkeep\n|turn|7\n|\n|t:|1682868879\n|-end|p1b: Flutter Mane|Protosynthesis|[silent]\n|switch|p1b: Palafin|Palafin-Hero, L50, F|86\/100\n|switch|p1a: Amoonguss|Amoonguss, L50, F|41\/100\n|move|p2a: Azumarill|Aqua Jet|p2b: Gastrodon\n|-activate|p2b: Gastrodon|ability: Storm Drain\n|-ability|p2b: Gastrodon|Storm Drain|boost\n|-boost|p2b: Gastrodon|spa|1\n|move|p2b: Gastrodon|Muddy Water|p1a: Amoonguss|[spread] p1b\n|-miss|p2b: Gastrodon|p1a: Amoonguss\n|-resisted|p1b: Palafin\n|-damage|p1b: Palafin|66\/100\n|\n|-heal|p1b: Palafin|72\/100|[from] item: Leftovers\n|upkeep\n|turn|8\n|\n|t:|1682868896\n|switch|p2a: Flutter Mane|Flutter Mane, L50|100\/100\n|move|p1b: Palafin|Bulk Up|p1b: Palafin\n|-boost|p1b: Palafin|atk|1\n|-boost|p1b: Palafin|def|1\n|move|p2b: Gastrodon|Ice Beam|p1a: Amoonguss\n|-supereffective|p1a: Amoonguss\n|-damage|p1a: Amoonguss|0 fnt\n|faint|p1a: Amoonguss\n|\n|-heal|p1b: Palafin|78\/100|[from] item: Leftovers\n|upkeep\n|\n|t:|1682868904\n|switch|p1a: Flutter Mane|Flutter Mane, L50|77\/100\n|turn|9\n|\n|t:|1682868916\n|-terastallize|p1a: Flutter Mane|Fairy\n|move|p1a: Flutter Mane|Shadow Ball|p2a: Flutter Mane\n|-supereffective|p2a: Flutter Mane\n|-damage|p2a: Flutter Mane|0 fnt\n|faint|p2a: Flutter Mane\n|-end|p2a: Flutter Mane|Protosynthesis|[silent]\n|move|p1b: Palafin|Drain Punch|p2b: Gastrodon\n|-damage|p2b: Gastrodon|52\/100\n|-heal|p1b: Palafin|100\/100|[from] drain|[of] p2b: Gastrodon\n|move|p2b: Gastrodon|Muddy Water|p1b: Palafin|[spread] p1a,p1b\n|-resisted|p1b: Palafin\n|-damage|p1a: Flutter Mane|40\/100\n|-damage|p1b: Palafin|82\/100\n|-unboost|p1b: Palafin|accuracy|1\n|\n|-heal|p1b: Palafin|88\/100|[from] item: Leftovers\n|-heal|p2b: Gastrodon|58\/100|[from] item: Leftovers\n|upkeep\n|\n|t:|1682868926\n|switch|p2a: Azumarill|Azumarill, L50, F|54\/100\n|turn|10\n|\n|t:|1682868933\n|-end|p1a: Flutter Mane|Protosynthesis|[silent]\n|switch|p1a: Arcanine|Arcanine, L50, M|9\/100\n|-ability|p1a: Arcanine|Intimidate|boost\n|-unboost|p2a: Azumarill|atk|1\n|-unboost|p2b: Gastrodon|atk|1\n|move|p2b: Gastrodon|Protect|p2b: Gastrodon\n|-singleturn|p2b: Gastrodon|Protect\n|move|p1b: Palafin|Drain Punch|p2b: Gastrodon\n|-activate|p2b: Gastrodon|move: Protect\n|move|p2a: Azumarill|Play Rough|p1b: Palafin\n|-damage|p1b: Palafin|62\/100\n|\n|-heal|p1b: Palafin|68\/100|[from] item: Leftovers\n|-heal|p2b: Gastrodon|64\/100|[from] item: Leftovers\n|upkeep\n|turn|11\n|\n|t:|1682868947\n|switch|p1b: Flutter Mane|Flutter Mane, L50, tera:Fairy|40\/100\n|move|p1a: Arcanine|Protect|p1a: Arcanine\n|-singleturn|p1a: Arcanine|Protect\n|move|p2a: Azumarill|Aqua Jet|p2b: Gastrodon\n|-activate|p2b: Gastrodon|ability: Storm Drain\n|-ability|p2b: Gastrodon|Storm Drain|boost\n|-boost|p2b: Gastrodon|spa|1\n|move|p2b: Gastrodon|Clear Smog|p1b: Flutter Mane\n|-supereffective|p1b: Flutter Mane\n|-damage|p1b: Flutter Mane|0 fnt\n|-clearboost|p1b: Flutter Mane\n|faint|p1b: Flutter Mane\n|-end|p1b: Flutter Mane|Protosynthesis|[silent]\n|\n|-heal|p2b: Gastrodon|70\/100|[from] item: Leftovers\n|upkeep\n|\n|t:|1682868951\n|switch|p1b: Palafin|Palafin-Hero, L50, F|68\/100\n|turn|12\n|\n|t:|1682868972\n|move|p1a: Arcanine|Extreme Speed|p2a: Azumarill\n|-crit|p2a: Azumarill\n|-damage|p2a: Azumarill|9\/100\n|move|p1b: Palafin|Drain Punch|p2b: Gastrodon\n|-damage|p2b: Gastrodon|38\/100\n|-heal|p1b: Palafin|88\/100|[from] drain|[of] p2b: Gastrodon\n|move|p2a: Azumarill|Play Rough|p1b: Palafin\n|-damage|p1b: Palafin|50\/100\n|move|p2b: Gastrodon|Muddy Water|p1b: Palafin|[spread] p1a,p1b\n|-supereffective|p1a: Arcanine\n|-resisted|p1b: Palafin\n|-damage|p1a: Arcanine|0 fnt\n|-damage|p1b: Palafin|23\/100\n|faint|p1a: Arcanine\n|\n|-heal|p1b: Palafin|29\/100|[from] item: Leftovers\n|-heal|p2b: Gastrodon|44\/100|[from] item: Leftovers\n|upkeep\n|turn|13\n|\n|t:|1682868991\n|move|p2b: Gastrodon|Protect|p2b: Gastrodon\n|-singleturn|p2b: Gastrodon|Protect\n|move|p1b: Palafin|Drain Punch|p2b: Gastrodon\n|-activate|p2b: Gastrodon|move: Protect\n|move|p2a: Azumarill|Play Rough|p1b: Palafin\n|-damage|p1b: Palafin|0 fnt\n|faint|p1b: Palafin\n|\n|win|thecomplainman\n|raw|Regcreg's rating: 1302 → 1284<\/strong> (-18 for losing)\n|raw|thecomplainman's rating: 1339 → 1357<\/strong> (+18 for winning)\n|l|\u2606Regcreg\n","uploadtime":1682869016,"views":14,"p1id":"regcreg","p2id":"thecomplainman","formatid":"gen9vgc2023regulationc","rating":1284,"private":0,"password":""}