{"id":"gen9vgc2023regulationc-1858635804","p1":"Justdemian","p2":"zaborneycaleb","format":"[Gen 9] VGC 2023 Regulation C","log":"|j|\u2606Justdemian\n|j|\u2606zaborneycaleb\n|t:|1683335380\n|gametype|doubles\n|player|p1|Justdemian|2|1159\n|player|p2|zaborneycaleb|169|1075\n|teamsize|p1|6\n|teamsize|p2|6\n|gen|9\n|tier|[Gen 9] VGC 2023 Regulation C\n|rated|\n|rule|Species Clause: Limit one of each Pok\u00e9mon\n|rule|Item Clause: Limit one of each item\n|clearpoke\n|poke|p1|Palafin, L50, M|\n|poke|p1|Flutter Mane, L50|\n|poke|p1|Arcanine, L50, M|\n|poke|p1|Ting-Lu, L50|\n|poke|p1|Amoonguss, L50, M|\n|poke|p1|Kingambit, L50, F|\n|poke|p2|Murkrow, L50, M|\n|poke|p2|Gholdengo, L50|\n|poke|p2|Iron Bundle, L50|\n|poke|p2|Abomasnow, L50, F|\n|poke|p2|Baxcalibur, L50, M|\n|poke|p2|Ting-Lu, L50|\n|teampreview|4\n|inactive|Battle timer is ON: inactive players will automatically lose when time's up. (requested by Justdemian)\n|inactive|Justdemian has 60 seconds left.\n|inactive|zaborneycaleb has 60 seconds left.\n|inactive|Justdemian has 30 seconds left.\n|\n|t:|1683335441\n|start\n|switch|p1a: Arcanine|Arcanine, L50, M|100\/100\n|switch|p1b: Kingambit|Kingambit, L50, F|100\/100\n|switch|p2a: Abomasnow|Abomasnow, L50, F|100\/100\n|switch|p2b: Murkrow|Murkrow, L50, M|100\/100\n|-ability|p1a: Arcanine|Intimidate|boost\n|-unboost|p2a: Abomasnow|atk|1\n|-unboost|p2b: Murkrow|atk|1\n|-weather|Snow|[from] ability: Snow Warning|[of] p2a: Abomasnow\n|turn|1\n|inactive|Justdemian has 30 seconds left.\n|inactive|zaborneycaleb has 30 seconds left.\n|\n|t:|1683335476\n|-terastallize|p2a: Abomasnow|Ground\n|move|p2b: Murkrow|Tailwind|p2b: Murkrow\n|-sidestart|p2: zaborneycaleb|move: Tailwind\n|move|p2a: Abomasnow|Earth Power|p1b: Kingambit\n|-supereffective|p1b: Kingambit\n|-damage|p1b: Kingambit|45\/100\n|move|p1a: Arcanine|Howl|p1a: Arcanine|[spread] p1a,p1b\n|-boost|p1a: Arcanine|atk|1\n|-boost|p1b: Kingambit|atk|1\n|move|p1b: Kingambit|Swords Dance|p1b: Kingambit\n|-boost|p1b: Kingambit|atk|2\n|\n|-weather|Snow|[upkeep]\n|upkeep\n|turn|2\n|\n|t:|1683335496\n|move|p1b: Kingambit|Protect|p1b: Kingambit\n|-singleturn|p1b: Kingambit|Protect\n|move|p2b: Murkrow|Haze|p2b: Murkrow\n|-clearallboost\n|move|p2a: Abomasnow|Earth Power|p1b: Kingambit\n|-activate|p1b: Kingambit|move: Protect\n|move|p1a: Arcanine|Will-O-Wisp|p2a: Abomasnow\n|-status|p2a: Abomasnow|brn\n|\n|-weather|Snow|[upkeep]\n|-damage|p2a: Abomasnow|94\/100 brn|[from] brn\n|upkeep\n|turn|3\n|\n|t:|1683335515\n|switch|p1b: Palafin|Palafin, L50, M|100\/100\n|move|p2b: Murkrow|Taunt|p1a: Arcanine\n|-start|p1a: Arcanine|move: Taunt\n|move|p2a: Abomasnow|Earth Power|p1b: Palafin\n|-damage|p1b: Palafin|61\/100\n|move|p1a: Arcanine|Flare Blitz|p2b: Murkrow\n|-damage|p2b: Murkrow|28\/100\n|-status|p2b: Murkrow|brn\n|-damage|p1a: Arcanine|80\/100|[from] Recoil\n|\n|-weather|Snow|[upkeep]\n|-damage|p2b: Murkrow|22\/100 brn|[from] brn\n|-damage|p2a: Abomasnow|88\/100 brn|[from] brn\n|upkeep\n|turn|4\n|\n|t:|1683335539\n|move|p1a: Arcanine|Extreme Speed|p2b: Murkrow\n|-damage|p2b: Murkrow|0 fnt\n|faint|p2b: Murkrow\n|move|p2a: Abomasnow|Giga Drain|p1b: Palafin\n|-supereffective|p1b: Palafin\n|-damage|p1b: Palafin|0 fnt\n|-heal|p2a: Abomasnow|100\/100 brn|[from] drain|[of] p1b: Palafin\n|faint|p1b: Palafin\n|\n|-weather|Snow|[upkeep]\n|-damage|p2a: Abomasnow|94\/100 brn|[from] brn\n|-sideend|p2: zaborneycaleb|move: Tailwind\n|upkeep\n|\n|t:|1683335553\n|switch|p1b: Kingambit|Kingambit, L50, F|45\/100\n|switch|p2b: Ting-Lu|Ting-Lu, L50|100\/100\n|-ability|p2b: Ting-Lu|Vessel of Ruin\n|turn|5\n|inactive|Justdemian has 30 seconds left.\n|inactive|zaborneycaleb has 30 seconds left.\n|inactive|Justdemian has 20 seconds left.\n|inactive|Justdemian has 15 seconds left.\n|\n|t:|1683335594\n|switch|p1a: Ting-Lu|Ting-Lu, L50|100\/100\n|-ability|p1a: Ting-Lu|Vessel of Ruin\n|move|p1b: Kingambit|Protect|p1b: Kingambit\n|-singleturn|p1b: Kingambit|Protect\n|move|p2a: Abomasnow|Earth Power|p1b: Kingambit\n|-activate|p1b: Kingambit|move: Protect\n|move|p2b: Ting-Lu|Fissure|p1a: Ting-Lu\n|-damage|p1a: Ting-Lu|0 fnt\n|faint|p1a: Ting-Lu\n|-ohko\n|\n|-weather|none\n|-damage|p2a: Abomasnow|88\/100 brn|[from] brn\n|upkeep\n|\n|t:|1683335607\n|switch|p1a: Arcanine|Arcanine, L50, M|80\/100\n|-ability|p1a: Arcanine|Intimidate|boost\n|-unboost|p2a: Abomasnow|atk|1\n|-unboost|p2b: Ting-Lu|atk|1\n|turn|6\n|\n|t:|1683335627\n|-terastallize|p1a: Arcanine|Flying\n|move|p1b: Kingambit|Protect|p1b: Kingambit\n|-singleturn|p1b: Kingambit|Protect\n|move|p1a: Arcanine|Howl|p1a: Arcanine|[spread] p1a,p1b\n|-boost|p1a: Arcanine|atk|1\n|-boost|p1b: Kingambit|atk|1\n|move|p2a: Abomasnow|Earth Power|p1b: Kingambit\n|-activate|p1b: Kingambit|move: Protect\n|move|p2b: Ting-Lu|Stomping Tantrum|p1a: Arcanine\n|-immune|p1a: Arcanine\n|\n|-damage|p2a: Abomasnow|82\/100 brn|[from] brn\n|upkeep\n|turn|7\n|inactive|Justdemian has 30 seconds left.\n|\n|t:|1683335653\n|move|p1b: Kingambit|Sucker Punch|p2a: Abomasnow\n|-damage|p2a: Abomasnow|5\/100 brn\n|move|p1a: Arcanine|Flare Blitz|p2a: Abomasnow\n|-damage|p2a: Abomasnow|0 fnt\n|faint|p2a: Abomasnow\n|-damage|p1a: Arcanine|79\/100|[from] Recoil\n|move|p2b: Ting-Lu|Throat Chop|p1a: Arcanine\n|-crit|p1a: Arcanine\n|-damage|p1a: Arcanine|22\/100\n|-start|p1a: Arcanine|Throat Chop|[silent]\n|\n|upkeep\n|\n|t:|1683335664\n|switch|p2a: Gholdengo|Gholdengo, L50|100\/100\n|turn|8\n|\n|t:|1683335682\n|move|p2a: Gholdengo|Protect|p2a: Gholdengo\n|-singleturn|p2a: Gholdengo|Protect\n|move|p1b: Kingambit|Sucker Punch|p2b: Ting-Lu\n|-resisted|p2b: Ting-Lu\n|-damage|p2b: Ting-Lu|80\/100\n|move|p1a: Arcanine|Flare Blitz|p2a: Gholdengo\n|-activate|p2a: Gholdengo|move: Protect\n|move|p2b: Ting-Lu|Stomping Tantrum|p1b: Kingambit\n|-supereffective|p1b: Kingambit\n|-damage|p1b: Kingambit|10\/100\n|\n|-end|p1a: Arcanine|Throat Chop|[silent]\n|upkeep\n|turn|9\n|inactive|Justdemian has 30 seconds left.\n|\n|t:|1683335712\n|move|p1b: Kingambit|Sucker Punch|p2a: Gholdengo\n|-supereffective|p2a: Gholdengo\n|-damage|p2a: Gholdengo|0 fnt\n|faint|p2a: Gholdengo\n|move|p1a: Arcanine|Flare Blitz|p2b: Ting-Lu\n|-damage|p2b: Ting-Lu|38\/100\n|-damage|p1a: Arcanine|3\/100|[from] Recoil\n|move|p2b: Ting-Lu|Stomping Tantrum|p1b: Kingambit\n|-supereffective|p1b: Kingambit\n|-damage|p1b: Kingambit|0 fnt\n|faint|p1b: Kingambit\n|\n|upkeep\n|turn|10\n|\n|t:|1683335728\n|move|p1a: Arcanine|Flare Blitz|p2b: Ting-Lu\n|-damage|p2b: Ting-Lu|0 fnt\n|faint|p2b: Ting-Lu\n|-damage|p1a: Arcanine|0 fnt|[from] Recoil\n|faint|p1a: Arcanine\n|\n|win|Justdemian\n|raw|Justdemian's rating: 1159 → 1178<\/strong> (+19 for winning)\n|raw|zaborneycaleb's rating: 1075 → 1059<\/strong> (-16 for losing)\n|c|\u2606Justdemian|bruh\n|l|\u2606zaborneycaleb\n","uploadtime":1683335740,"views":15,"p1id":"justdemian","p2id":"zaborneycaleb","formatid":"gen9vgc2023regulationc","rating":1059,"private":0,"password":""}