{"id":"gen9vgc2023regulationc-1846511782","p1":"Rin Itachi","p2":"JIMJIM2000","format":"[Gen 9] VGC 2023 Regulation C","log":"|j|\u2606Rin Itachi\n|j|\u2606JIMJIM2000\n|t:|1681847168\n|gametype|doubles\n|player|p1|Rin Itachi|marley|1270\n|player|p2|JIMJIM2000|rocketgrunt|1196\n|teamsize|p1|6\n|teamsize|p2|6\n|gen|9\n|tier|[Gen 9] VGC 2023 Regulation C\n|rated|\n|rule|Species Clause: Limit one of each Pok\u00e9mon\n|rule|Item Clause: Limit one of each item\n|clearpoke\n|poke|p1|Talonflame, L50, M|\n|poke|p1|Great Tusk, L50|\n|poke|p1|Chi-Yu, L50|\n|poke|p1|Flutter Mane, L50|\n|poke|p1|Gyarados, L50, F|\n|poke|p1|Indeedee-F, L50, F|\n|poke|p2|Amoonguss, L50, M|\n|poke|p2|Arcanine, L50, F|\n|poke|p2|Maushold, L50|\n|poke|p2|Palafin, L50, M|\n|poke|p2|Annihilape, L50, M|\n|poke|p2|Gholdengo, L50|\n|teampreview|4\n|\n|t:|1681847203\n|start\n|switch|p1a: Chi-Yu|Chi-Yu, L50|100\/100\n|switch|p1b: Itachi Rin|Flutter Mane, L50|100\/100\n|switch|p2a: DeadMau5|Maushold, L50|100\/100\n|switch|p2b: Young Dolph|Palafin, L50, M|100\/100\n|-ability|p1a: Chi-Yu|Beads of Ruin\n|-enditem|p1b: Itachi Rin|Booster Energy\n|-activate|p1b: Itachi Rin|ability: Protosynthesis|[fromitem]\n|-start|p1b: Itachi Rin|protosynthesisspa\n|turn|1\n|\n|t:|1681847231\n|detailschange|p2b: Young Dolph|Palafin-Hero, L50, M\n|switch|p2b: Tech Nine|Arcanine, L50, F|100\/100\n|-terastallize|p1a: Chi-Yu|Grass\n|move|p2a: DeadMau5|Beat Up|p2b: Tech Nine\n|-damage|p2b: Tech Nine|99\/100\n|-ability|p2b: Tech Nine|Justified|boost\n|-boost|p2b: Tech Nine|atk|1\n|-damage|p2b: Tech Nine|97\/100\n|-ability|p2b: Tech Nine|Justified|boost\n|-boost|p2b: Tech Nine|atk|1\n|-damage|p2b: Tech Nine|94\/100\n|-ability|p2b: Tech Nine|Justified|boost\n|-boost|p2b: Tech Nine|atk|1\n|-damage|p2b: Tech Nine|93\/100\n|-ability|p2b: Tech Nine|Justified|boost\n|-boost|p2b: Tech Nine|atk|1\n|-hitcount|p2b: Tech Nine|4\n|move|p1b: Itachi Rin|Substitute|p1b: Itachi Rin\n|-start|p1b: Itachi Rin|Substitute\n|-damage|p1b: Itachi Rin|76\/100\n|move|p1a: Chi-Yu|Tera Blast|p2b: Tech Nine\n|-resisted|p2b: Tech Nine\n|-damage|p2b: Tech Nine|68\/100\n|\n|upkeep\n|turn|2\n|\n|t:|1681847258\n|switch|p1a: Indeedee|Indeedee-F, L50, F|100\/100\n|-fieldstart|move: Psychic Terrain|[from] ability: Psychic Surge|[of] p1a: Indeedee\n|-enditem|p1a: Indeedee|Psychic Seed\n|-boost|p1a: Indeedee|spd|1|[from] item: Psychic Seed\n|move|p2a: DeadMau5|Follow Me|p2a: DeadMau5\n|-singleturn|p2a: DeadMau5|move: Follow Me\n|move|p2b: Tech Nine|Extreme Speed|p1a: Indeedee\n|-activate|p1a: Indeedee|move: Psychic Terrain\n|move|p1b: Itachi Rin|Moonblast|p2a: DeadMau5\n|-damage|p2a: DeadMau5|16\/100\n|\n|upkeep\n|turn|3\n|inactive|Battle timer is ON: inactive players will automatically lose when time's up. (requested by JIMJIM2000)\n|\n|t:|1681847274\n|move|p2a: DeadMau5|Follow Me|p2a: DeadMau5\n|-singleturn|p2a: DeadMau5|move: Follow Me\n|move|p1b: Itachi Rin|Moonblast|p2a: DeadMau5\n|-damage|p2a: DeadMau5|0 fnt\n|faint|p2a: DeadMau5\n|move|p2b: Tech Nine|Crunch|p1b: Itachi Rin\n|-end|p1b: Itachi Rin|Substitute\n|move|p1a: Indeedee|Psychic|p2b: Tech Nine\n|-damage|p2b: Tech Nine|35\/100\n|\n|upkeep\n|\n|t:|1681847277\n|switch|p2a: Young Dolph|Palafin-Hero, L50, M|100\/100\n|-activate|p2a: Young Dolph|ability: Zero to Hero\n|turn|4\n|\n|t:|1681847298\n|-terastallize|p2b: Tech Nine|Normal\n|move|p1a: Indeedee|Follow Me|p1a: Indeedee\n|-singleturn|p1a: Indeedee|move: Follow Me\n|move|p1b: Itachi Rin|Shadow Ball|p2b: Tech Nine\n|-immune|p2b: Tech Nine\n|move|p2a: Young Dolph|Wave Crash|p1a: Indeedee\n|-damage|p1a: Indeedee|2\/100\n|-damage|p2a: Young Dolph|73\/100|[from] Recoil\n|move|p2b: Tech Nine|Crunch|p1a: Indeedee\n|-supereffective|p1a: Indeedee\n|-damage|p1a: Indeedee|0 fnt\n|faint|p1a: Indeedee\n|\n|upkeep\n|\n|t:|1681847309\n|switch|p1a: Chi-Yu|Chi-Yu, L50, tera:Grass|100\/100\n|-ability|p1a: Chi-Yu|Beads of Ruin\n|turn|5\n|\n|t:|1681847322\n|move|p1b: Itachi Rin|Moonblast|p2b: Tech Nine\n|-damage|p2b: Tech Nine|0 fnt\n|faint|p2b: Tech Nine\n|move|p1a: Chi-Yu|Tera Blast|p2a: Young Dolph\n|-supereffective|p2a: Young Dolph\n|-damage|p2a: Young Dolph|0 fnt\n|faint|p2a: Young Dolph\n|\n|upkeep\n|\n|t:|1681847326\n|switch|p2b: Gholdengo|Gholdengo, L50|100\/100\n|turn|6\n|-message|JIMJIM2000 forfeited.\n|\n|win|Rin Itachi\n|raw|Rin Itachi's rating: 1270 → 1290<\/strong> (+20 for winning)\n|raw|JIMJIM2000's rating: 1196 → 1176<\/strong> (-20 for losing)\n|l|\u2606JIMJIM2000\n","uploadtime":1681847337,"views":9,"p1id":"rinitachi","p2id":"jimjim2000","formatid":"gen9vgc2023regulationc","rating":1176,"private":0,"password":""}