{"id":"gen9vgc2023regulationc-1860093952","p1":"blisterpod42","p2":"taterstotz","format":"[Gen 9] VGC 2023 Regulation C","log":"|j|\u2606blisterpod42\n|j|\u2606taterstotz\n|t:|1683594469\n|gametype|doubles\n|player|p1|blisterpod42|iris|1099\n|player|p2|taterstotz|170|1179\n|teamsize|p1|6\n|teamsize|p2|6\n|gen|9\n|tier|[Gen 9] VGC 2023 Regulation C\n|rated|\n|rule|Species Clause: Limit one of each Pok\u00e9mon\n|rule|Item Clause: Limit one of each item\n|clearpoke\n|poke|p1|Lycanroc, L50, F|\n|poke|p1|Flutter Mane, L50|\n|poke|p1|Tyranitar, L50, F|\n|poke|p1|Gothitelle, L50, M|\n|poke|p1|Garchomp, L50, F|\n|poke|p1|Corviknight, L50, F|\n|poke|p2|Grafaiai, L50, M|\n|poke|p2|Maushold, L50|\n|poke|p2|Annihilape, L50, M|\n|poke|p2|Ting-Lu, L50|\n|poke|p2|Gyarados, L50, M|\n|poke|p2|Tyranitar, L50, M|\n|teampreview|4\n|inactive|Battle timer is ON: inactive players will automatically lose when time's up. (requested by blisterpod42)\ntaterstotz has agreed to open team sheets.\n|\n|t:|1683594490\n|start\n|switch|p1a: Lycanroc|Lycanroc, L50, F|100\/100\n|switch|p1b: Tyranitar|Tyranitar, L50, F|100\/100\n|switch|p2a: Annihilape|Annihilape, L50, M|100\/100\n|switch|p2b: Grafaiai|Grafaiai, L50, M|100\/100\n|-weather|Sandstorm|[from] ability: Sand Stream|[of] p1b: Tyranitar\n|turn|1\n|\n|t:|1683594511\n|switch|p1b: Flutter Mane|Flutter Mane, L50|100\/100\n|-enditem|p1b: Flutter Mane|Booster Energy\n|-activate|p1b: Flutter Mane|ability: Protosynthesis|[fromitem]\n|-start|p1b: Flutter Mane|protosynthesisspe\n|move|p2b: Grafaiai|Doodle|p1a: Lycanroc\n|-endability|p2a: Annihilape|Defiant|[from] move: Doodle\n|-ability|p2a: Annihilape|Sand Rush|[from] move: Doodle\n|-endability|p2b: Grafaiai|Prankster|[from] move: Doodle\n|-ability|p2b: Grafaiai|Sand Rush|[from] move: Doodle\n|move|p1a: Lycanroc|Rock Slide|p2a: Annihilape|[spread] p2a,p2b\n|-resisted|p2a: Annihilape\n|-damage|p2a: Annihilape|86\/100\n|-damage|p2b: Grafaiai|59\/100\n|move|p2a: Annihilape|Bulk Up|p2a: Annihilape\n|-boost|p2a: Annihilape|atk|1\n|-boost|p2a: Annihilape|def|1\n|\n|-weather|Sandstorm|[upkeep]\n|-damage|p1b: Flutter Mane|94\/100|[from] Sandstorm\n|-heal|p2a: Annihilape|92\/100|[from] item: Leftovers\n|upkeep\n|turn|2\n|inactive|blisterpod42 has 30 seconds left.\n|inactive|taterstotz has 30 seconds left.\n|\n|t:|1683594542\n|-terastallize|p1b: Flutter Mane|Fairy\n|move|p1a: Lycanroc|Rock Slide|p2a: Annihilape|[spread] p2a,p2b\n|-resisted|p2a: Annihilape\n|-damage|p2a: Annihilape|82\/100\n|-damage|p2b: Grafaiai|23\/100\n|move|p1b: Flutter Mane|Dazzling Gleam|p2a: Annihilape|[spread] p2a,p2b\n|-supereffective|p2a: Annihilape\n|-resisted|p2b: Grafaiai\n|-damage|p2a: Annihilape|10\/100\n|-damage|p2b: Grafaiai|0 fnt\n|faint|p2b: Grafaiai\n|move|p2a: Annihilape|Rage Fist|p1b: Flutter Mane\n|-damage|p1b: Flutter Mane|0 fnt\n|faint|p1b: Flutter Mane\n|-end|p1b: Flutter Mane|Protosynthesis|[silent]\n|\n|-weather|Sandstorm|[upkeep]\n|-heal|p2a: Annihilape|16\/100|[from] item: Leftovers\n|upkeep\n|inactive|taterstotz has 30 seconds left.\n|\n|t:|1683594570\n|switch|p1b: Garchomp|Garchomp, L50, F|100\/100\n|switch|p2b: Gyarados|Gyarados, L50, M|100\/100\n|-ability|p2b: Gyarados|Intimidate|boost\n|-unboost|p1a: Lycanroc|atk|1\n|-unboost|p1b: Garchomp|atk|1\n|turn|3\n|\n|t:|1683594585\n|move|p2a: Annihilape|Protect|p2a: Annihilape\n|-singleturn|p2a: Annihilape|Protect\n|move|p1a: Lycanroc|Rock Slide|p2b: Gyarados|[spread] p2b\n|-activate|p2a: Annihilape|move: Protect\n|-supereffective|p2b: Gyarados\n|-damage|p2b: Gyarados|63\/100\n|move|p2b: Gyarados|Thunder Wave|p1a: Lycanroc\n|-status|p1a: Lycanroc|par\n|move|p1b: Garchomp|Substitute|p1b: Garchomp\n|-start|p1b: Garchomp|Substitute\n|-damage|p1b: Garchomp|76\/100\n|\n|-weather|Sandstorm|[upkeep]\n|-damage|p2b: Gyarados|57\/100|[from] Sandstorm\n|-heal|p2a: Annihilape|22\/100|[from] item: Leftovers\n|-heal|p1b: Garchomp|82\/100|[from] item: Leftovers\n|upkeep\n|turn|4\n|\n|t:|1683594601\n|move|p2a: Annihilape|Drain Punch|p1a: Lycanroc\n|-supereffective|p1a: Lycanroc\n|-enditem|p1a: Lycanroc|Focus Sash\n|-damage|p1a: Lycanroc|1\/100 par\n|-heal|p2a: Annihilape|55\/100|[from] drain|[of] p1a: Lycanroc\n|cant|p1a: Lycanroc|par\n|move|p2b: Gyarados|Waterfall|p1a: Lycanroc\n|-supereffective|p1a: Lycanroc\n|-damage|p1a: Lycanroc|0 fnt\n|faint|p1a: Lycanroc\n|move|p1b: Garchomp|Earthquake|p2b: Gyarados|[spread] p2a\n|-immune|p2b: Gyarados\n|-damage|p2a: Annihilape|38\/100\n|\n|-weather|Sandstorm|[upkeep]\n|-damage|p2b: Gyarados|51\/100|[from] Sandstorm\n|-heal|p2a: Annihilape|44\/100|[from] item: Leftovers\n|-heal|p1b: Garchomp|88\/100|[from] item: Leftovers\n|upkeep\n|\n|t:|1683594614\n|switch|p1a: Tyranitar|Tyranitar, L50, F|100\/100\n|turn|5\n|\n|t:|1683594623\n|move|p2a: Annihilape|Protect|p2a: Annihilape\n|-singleturn|p2a: Annihilape|Protect\n|move|p1a: Tyranitar|Protect|p1a: Tyranitar\n|-singleturn|p1a: Tyranitar|Protect\n|move|p2b: Gyarados|Waterfall|p1b: Garchomp|[miss]\n|-miss|p2b: Gyarados|p1b: Garchomp\n|move|p1b: Garchomp|Dragon Claw|p2a: Annihilape\n|-activate|p2a: Annihilape|move: Protect\n|\n|-weather|none\n|-heal|p2a: Annihilape|50\/100|[from] item: Leftovers\n|-heal|p1b: Garchomp|94\/100|[from] item: Leftovers\n|upkeep\n|turn|6\n|\n|t:|1683594634\n|move|p2b: Gyarados|Waterfall|p1b: Garchomp\n|-end|p1b: Garchomp|Substitute\n|move|p1b: Garchomp|Dragon Claw|p2a: Annihilape\n|-damage|p2a: Annihilape|30\/100\n|move|p2a: Annihilape|Drain Punch|p1a: Tyranitar\n|-supereffective|p1a: Tyranitar\n|-damage|p1a: Tyranitar|0 fnt\n|-heal|p2a: Annihilape|78\/100|[from] drain|[of] p1a: Tyranitar\n|faint|p1a: Tyranitar\n|\n|-heal|p1b: Garchomp|99\/100|[from] item: Leftovers\n|-heal|p2a: Annihilape|84\/100|[from] item: Leftovers\n|upkeep\n|turn|7\n|\n|t:|1683594646\n|switch|p2b: Maushold|Maushold, L50|100\/100\n|move|p1b: Garchomp|Dragon Claw|p2a: Annihilape\n|-damage|p2a: Annihilape|69\/100\n|move|p2a: Annihilape|Rage Fist|p1b: Garchomp\n|-damage|p1b: Garchomp|0 fnt\n|faint|p1b: Garchomp\n|\n|win|taterstotz\n|raw|blisterpod42's rating: 1099 → 1080<\/strong> (-19 for losing)\n|raw|taterstotz's rating: 1179 → 1198<\/strong> (+19 for winning)\n","uploadtime":1683595090,"views":10,"p1id":"blisterpod42","p2id":"taterstotz","formatid":"gen9vgc2023regulationc","rating":1080,"private":0,"password":""}