{"id":"gen9vgc2023regulationc-1857641693","p1":"oOPrimeHunterOo","p2":"Larry08","format":"[Gen 9] VGC 2023 Regulation C","log":"|j|\u2606oOPrimeHunterOo\n|j|\u2606Larry08\n|t:|1683217078\n|gametype|doubles\n|player|p1|oOPrimeHunterOo|dawn|1112\n|player|p2|Larry08|ninjaboy|1047\n|teamsize|p1|6\n|teamsize|p2|6\n|gen|9\n|tier|[Gen 9] VGC 2023 Regulation C\n|rated|\n|rule|Species Clause: Limit one of each Pok\u00e9mon\n|rule|Item Clause: Limit one of each item\n|clearpoke\n|poke|p1|Abomasnow, L50, M|\n|poke|p1|Glaceon, L50, F|\n|poke|p1|Baxcalibur, L50, M|\n|poke|p1|Cloyster, L50, M|\n|poke|p1|Frosmoth, L50, M|\n|poke|p1|Chien-Pao, L50|\n|poke|p2|Gothitelle, L50, F|\n|poke|p2|Maushold, L50|\n|poke|p2|Flutter Mane, L50|\n|poke|p2|Dragonite, L50, F|\n|poke|p2|Arcanine, L50, M|\n|poke|p2|Ceruledge, L50, F|\n|teampreview|4\n|inactive|Battle timer is ON: inactive players will automatically lose when time's up. (requested by oOPrimeHunterOo)\n|inactive|oOPrimeHunterOo has 60 seconds left.\n|inactive|Larry08 has 60 seconds left.\n|inactive|oOPrimeHunterOo has 30 seconds left.\n|inactive|oOPrimeHunterOo has 20 seconds left.\n|inactive|oOPrimeHunterOo has 15 seconds left.\n|\n|t:|1683217156\n|start\n|switch|p1a: Cloyster|Cloyster, L50, M|100\/100\n|switch|p1b: Abomasnow|Abomasnow, L50, M|100\/100\n|switch|p2a: Maushold|Maushold, L50|100\/100\n|switch|p2b: Ceruledge|Ceruledge, L50, F|100\/100\n|-weather|Snow|[from] ability: Snow Warning|[of] p1b: Abomasnow\n|turn|1\n|\n|t:|1683217174\n|-terastallize|p1a: Cloyster|Water\n|move|p2a: Maushold|After You|p2b: Ceruledge\n|-activate|p2b: Ceruledge|move: After You\n|move|p2b: Ceruledge|Bitter Blade|p1b: Abomasnow\n|-supereffective|p1b: Abomasnow\n|-damage|p1b: Abomasnow|0 fnt\n|faint|p1b: Abomasnow\n|move|p1a: Cloyster|Shell Smash|p1a: Cloyster\n|-unboost|p1a: Cloyster|def|1\n|-unboost|p1a: Cloyster|spd|1\n|-boost|p1a: Cloyster|atk|2\n|-boost|p1a: Cloyster|spa|2\n|-boost|p1a: Cloyster|spe|2\n|-enditem|p1a: Cloyster|White Herb\n|-clearnegativeboost|p1a: Cloyster|[silent]\n|\n|-weather|Snow|[upkeep]\n|upkeep\n|\n|t:|1683217197\n|switch|p1b: Glaceon|Glaceon, L50, F|100\/100\n|turn|2\n|\n|t:|1683217203\n|move|p1b: Glaceon|Protect|p1b: Glaceon\n|-singleturn|p1b: Glaceon|Protect\n|move|p1a: Cloyster|Surf|p2a: Maushold|[spread] p2a,p2b\n|-activate|p1b: Glaceon|move: Protect\n|-supereffective|p2b: Ceruledge\n|-damage|p2a: Maushold|4\/100\n|-damage|p2b: Ceruledge|0 fnt\n|faint|p2b: Ceruledge\n|move|p2a: Maushold|After You|p2: Ceruledge|[notarget]\n|-fail|p2a: Maushold\n|\n|-weather|Snow|[upkeep]\n|upkeep\n|\n|t:|1683217214\n|switch|p2b: Flutter Mane|Flutter Mane, L50|100\/100\n|-enditem|p2b: Flutter Mane|Booster Energy\n|-activate|p2b: Flutter Mane|ability: Protosynthesis|[fromitem]\n|-start|p2b: Flutter Mane|protosynthesisspe\n|turn|3\n|inactive|Larry08 has 30 seconds left.\n|\n|t:|1683217247\n|move|p1a: Cloyster|Protect|p1a: Cloyster\n|-singleturn|p1a: Cloyster|Protect\n|move|p2a: Maushold|Protect|p2a: Maushold\n|-singleturn|p2a: Maushold|Protect\n|move|p2b: Flutter Mane|Shadow Ball|p1a: Cloyster\n|-activate|p1a: Cloyster|move: Protect\n|move|p1b: Glaceon|Blizzard|p2b: Flutter Mane|[spread] p2b\n|-activate|p2a: Maushold|move: Protect\n|-damage|p2b: Flutter Mane|74\/100\n|\n|-weather|Snow|[upkeep]\n|upkeep\n|turn|4\n|inactive|oOPrimeHunterOo has 30 seconds left.\n|\n|t:|1683217279\n|move|p2b: Flutter Mane|Moonblast|p1a: Cloyster\n|-damage|p1a: Cloyster|0 fnt\n|faint|p1a: Cloyster\n|move|p2a: Maushold|After You||[still]\n|-fail|p2a: Maushold\n|move|p1b: Glaceon|Blizzard|p2b: Flutter Mane|[spread] p2a,p2b\n|-damage|p2a: Maushold|0 fnt\n|-damage|p2b: Flutter Mane|42\/100\n|-status|p2b: Flutter Mane|frz\n|faint|p2a: Maushold\n|\n|-weather|Snow|[upkeep]\n|upkeep\n|\n|t:|1683217291\n|switch|p2a: Arcanine|Arcanine, L50, M|100\/100\n|switch|p1a: Chien-Pao|Chien-Pao, L50|100\/100\n|-ability|p1a: Chien-Pao|Sword of Ruin\n|-ability|p2a: Arcanine|Intimidate|boost\n|-unboost|p1a: Chien-Pao|atk|1\n|-unboost|p1b: Glaceon|atk|1\n|turn|5\n|inactive|oOPrimeHunterOo has 30 seconds left.\n|inactive|oOPrimeHunterOo has 20 seconds left.\n|inactive|Larry08 has 30 seconds left.\n|inactive|oOPrimeHunterOo has 15 seconds left.\n|inactive|oOPrimeHunterOo has 10 seconds left.\n|inactive|oOPrimeHunterOo has 5 seconds left.\n|\n|t:|1683217346\n|cant|p2b: Flutter Mane|frz\n|move|p1b: Glaceon|Protect|p1b: Glaceon\n|-singleturn|p1b: Glaceon|Protect\n|move|p1a: Chien-Pao|Ice Spinner|p2b: Flutter Mane\n|-damage|p2b: Flutter Mane|0 fnt\n|faint|p2b: Flutter Mane\n|-end|p2b: Flutter Mane|Protosynthesis|[silent]\n|move|p2a: Arcanine|Flamethrower|p1b: Glaceon\n|-activate|p1b: Glaceon|move: Protect\n|\n|-weather|none\n|upkeep\n|turn|6\n|\n|t:|1683217361\n|move|p1a: Chien-Pao|Ice Spinner|p2a: Arcanine\n|-resisted|p2a: Arcanine\n|-damage|p2a: Arcanine|77\/100\n|move|p2a: Arcanine|Flamethrower|p1a: Chien-Pao\n|-supereffective|p1a: Chien-Pao\n|-damage|p1a: Chien-Pao|0 fnt\n|faint|p1a: Chien-Pao\n|move|p1b: Glaceon|Freeze-Dry|p2a: Arcanine\n|-resisted|p2a: Arcanine\n|-damage|p2a: Arcanine|57\/100\n|\n|upkeep\n|turn|7\n|\n|t:|1683217374\n|move|p2a: Arcanine|Morning Sun|p2a: Arcanine\n|-heal|p2a: Arcanine|100\/100\n|move|p1b: Glaceon|Freeze-Dry|p2a: Arcanine\n|-resisted|p2a: Arcanine\n|-damage|p2a: Arcanine|83\/100\n|\n|upkeep\n|turn|8\n|inactive|oOPrimeHunterOo has 30 seconds left.\n|\n|t:|1683217399\n|move|p2a: Arcanine|Flamethrower|p1b: Glaceon\n|-supereffective|p1b: Glaceon\n|-damage|p1b: Glaceon|27\/100\n|-enditem|p1b: Glaceon|Weakness Policy\n|-boost|p1b: Glaceon|atk|2|[from] item: Weakness Policy\n|-boost|p1b: Glaceon|spa|2|[from] item: Weakness Policy\n|move|p1b: Glaceon|Blizzard|p2a: Arcanine\n|-resisted|p2a: Arcanine\n|-damage|p2a: Arcanine|20\/100\n|-status|p2a: Arcanine|frz\n|\n|upkeep\n|turn|9\n|\n|t:|1683217411\n|cant|p2a: Arcanine|frz\n|move|p1b: Glaceon|Freeze-Dry|p2a: Arcanine\n|-resisted|p2a: Arcanine\n|-damage|p2a: Arcanine|0 fnt\n|faint|p2a: Arcanine\n|\n|win|oOPrimeHunterOo\n|raw|oOPrimeHunterOo's rating: 1112 → 1132<\/strong> (+20 for winning)\n|raw|Larry08's rating: 1047 → 1033<\/strong> (-14 for losing)\n|c|\u2606oOPrimeHunterOo|omg\n|l|\u2606oOPrimeHunterOo\n","uploadtime":1683217494,"views":14,"p1id":"ooprimehunteroo","p2id":"larry08","formatid":"gen9vgc2023regulationc","rating":1033,"private":0,"password":""}