{"id":"gen9vgc2023regulationc-1864353292","p1":"itsukizyaaa","p2":"Kur0Desu","format":"[Gen 9] VGC 2023 Regulation C","log":"|j|\u2606itsukizyaaa\n|j|\u2606Kur0Desu\n|t:|1684158702\n|gametype|doubles\n|player|p1|itsukizyaaa|may-contest|1277\n|player|p2|Kur0Desu|lillie-masters2|1346\n|teamsize|p1|6\n|teamsize|p2|6\n|gen|9\n|tier|[Gen 9] VGC 2023 Regulation C\n|rated|\n|rule|Species Clause: Limit one of each Pok\u00e9mon\n|rule|Item Clause: Limit one of each item\n|clearpoke\n|poke|p1|Pelipper, L50, F|\n|poke|p1|Palafin, L50, F|\n|poke|p1|Amoonguss, L50, M|\n|poke|p1|Baxcalibur, L50, M|\n|poke|p1|Gholdengo, L50|\n|poke|p1|Flutter Mane, L50|\n|poke|p2|Iron Hands, L50|\n|poke|p2|Chien-Pao, L50|\n|poke|p2|Amoonguss, L50, F|\n|poke|p2|Ting-Lu, L50|\n|poke|p2|Palafin, L50, F|\n|poke|p2|Arcanine, L50, M|\n|teampreview|4\n|inactive|Battle timer is ON: inactive players will automatically lose when time's up. (requested by Kur0Desu)\n|inactive|itsukizyaaa has 60 seconds left.\n|inactive|itsukizyaaa has 30 seconds left.\n|inactive|itsukizyaaa has 20 seconds left.\n|inactive|itsukizyaaa has 15 seconds left.\n|\n|t:|1684158822\n|start\n|switch|p1a: Flutter Mane|Flutter Mane, L50|100\/100\n|switch|p1b: Palafin|Palafin, L50, F|100\/100\n|switch|p2a: Iron Hands|Iron Hands, L50|100\/100\n|switch|p2b: Palafin|Palafin, L50, F|100\/100\n|-enditem|p1a: Flutter Mane|Booster Energy\n|-activate|p1a: Flutter Mane|ability: Protosynthesis|[fromitem]\n|-start|p1a: Flutter Mane|protosynthesisspa\n|-enditem|p2a: Iron Hands|Booster Energy\n|-activate|p2a: Iron Hands|ability: Quark Drive|[fromitem]\n|-start|p2a: Iron Hands|quarkdriveatk\n|turn|1\n|\n|t:|1684158841\n|detailschange|p2b: Palafin|Palafin-Hero, L50, F\n|switch|p2b: Arcanine|Arcanine, L50, M|100\/100\n|-ability|p2b: Arcanine|Intimidate|boost\n|-unboost|p1a: Flutter Mane|atk|1\n|-unboost|p1b: Palafin|atk|1\n|move|p1a: Flutter Mane|Protect|p1a: Flutter Mane\n|-singleturn|p1a: Flutter Mane|Protect\n|move|p1b: Palafin|Protect|p1b: Palafin\n|-singleturn|p1b: Palafin|Protect\n|move|p2a: Iron Hands|Heavy Slam|p1a: Flutter Mane\n|-activate|p1a: Flutter Mane|move: Protect\n|\n|upkeep\n|turn|2\n|inactive|itsukizyaaa has 30 seconds left.\n|inactive|Kur0Desu has 30 seconds left.\n|\n|t:|1684158877\n|detailschange|p1b: Palafin|Palafin-Hero, L50, F\n|switch|p1b: Baxcalibur|Baxcalibur, L50, M|100\/100\n|-terastallize|p1a: Flutter Mane|Water\n|move|p1a: Flutter Mane|Moonblast|p2a: Iron Hands\n|-supereffective|p2a: Iron Hands\n|-damage|p2a: Iron Hands|0 fnt\n|faint|p2a: Iron Hands\n|-end|p2a: Iron Hands|Quark Drive|[silent]\n|move|p2b: Arcanine|Flare Blitz|p1a: Flutter Mane\n|-resisted|p1a: Flutter Mane\n|-damage|p1a: Flutter Mane|52\/100\n|-status|p1a: Flutter Mane|brn\n|-damage|p2b: Arcanine|89\/100|[from] Recoil\n|\n|-damage|p1a: Flutter Mane|46\/100 brn|[from] brn\n|upkeep\n|\n|t:|1684158897\n|switch|p2a: Palafin|Palafin-Hero, L50, F|100\/100\n|-activate|p2a: Palafin|ability: Zero to Hero\n|turn|3\n|inactive|itsukizyaaa has 30 seconds left.\n|inactive|itsukizyaaa has 20 seconds left.\n|inactive|itsukizyaaa has 15 seconds left.\n|inactive|itsukizyaaa has 10 seconds left.\n|\n|t:|1684158944\n|-terastallize|p2a: Palafin|Water\n|move|p2b: Arcanine|Extreme Speed|p1b: Baxcalibur\n|-damage|p1b: Baxcalibur|78\/100\n|move|p2a: Palafin|Jet Punch|p1a: Flutter Mane\n|-resisted|p1a: Flutter Mane\n|-crit|p1a: Flutter Mane\n|-damage|p1a: Flutter Mane|0 fnt\n|faint|p1a: Flutter Mane\n|-end|p1a: Flutter Mane|Protosynthesis|[silent]\n|move|p1b: Baxcalibur|Glaive Rush|p2b: Arcanine\n|-damage|p2b: Arcanine|8\/100\n|-singlemove|p1b: Baxcalibur|Glaive Rush|[silent]\n|\n|upkeep\n|inactive|itsukizyaaa has 30 seconds left.\n|inactive|itsukizyaaa has 20 seconds left.\n|l|\u2606Kur0Desu\n|inactive|Kur0Desu disconnected and has a minute to reconnect!\n|player|p2|\n|\n|t:|1684158984\n|switch|p1a: Amoonguss|Amoonguss, L50, M|100\/100\n|turn|4\n|inactive|Kur0Desu has 30 seconds left.\n|inactive|Kur0Desu has 20 seconds left.\n|inactive|Kur0Desu has 15 seconds left.\n|inactive|Kur0Desu has 10 seconds left.\n|inactive|Kur0Desu has 5 seconds left.\n|j|\u2606Kur0Desu\n|inactive|Kur0Desu reconnected and has 5 seconds left.\n|player|p2|Kur0Desu|lillie-masters2\n|\n|t:|1684159039\n|move|p2a: Palafin|Jet Punch|p1a: Amoonguss\n|-resisted|p1a: Amoonguss\n|-damage|p1a: Amoonguss|60\/100\n|move|p1b: Baxcalibur|Ice Shard|p2b: Arcanine\n|-resisted|p2b: Arcanine\n|-damage|p2b: Arcanine|0 fnt\n|faint|p2b: Arcanine\n|move|p1a: Amoonguss|Spore|p2a: Palafin\n|-status|p2a: Palafin|slp|[from] move: Spore\n|\n|upkeep\n|\n|t:|1684159044\n|switch|p2b: Chien-Pao|Chien-Pao, L50|100\/100\n|-ability|p2b: Chien-Pao|Sword of Ruin\n|turn|5\n|\n|t:|1684159068\n|move|p1a: Amoonguss|Rage Powder|p1a: Amoonguss\n|-singleturn|p1a: Amoonguss|move: Rage Powder\n|cant|p2a: Palafin|slp\n|move|p2b: Chien-Pao|Ice Spinner|p1a: Amoonguss\n|-supereffective|p1a: Amoonguss\n|-damage|p1a: Amoonguss|0 fnt\n|faint|p1a: Amoonguss\n|move|p1b: Baxcalibur|Glaive Rush|p2a: Palafin\n|-damage|p2a: Palafin|14\/100 slp\n|-singlemove|p1b: Baxcalibur|Glaive Rush|[silent]\n|\n|upkeep\n|\n|t:|1684159076\n|switch|p1a: Palafin|Palafin-Hero, L50, F|100\/100\n|-activate|p1a: Palafin|ability: Zero to Hero\n|turn|6\n|inactive|itsukizyaaa has 30 seconds left.\n|inactive|itsukizyaaa has 20 seconds left.\n|\n|t:|1684159113\n|cant|p2a: Palafin|slp\n|move|p1a: Palafin|Jet Punch|p2a: Palafin\n|-resisted|p2a: Palafin\n|-damage|p2a: Palafin|0 fnt\n|faint|p2a: Palafin\n|move|p1b: Baxcalibur|Ice Shard|p2b: Chien-Pao\n|-resisted|p2b: Chien-Pao\n|-damage|p2b: Chien-Pao|84\/100\n|move|p2b: Chien-Pao|Sacred Sword|p1b: Baxcalibur\n|-supereffective|p1b: Baxcalibur\n|-damage|p1b: Baxcalibur|12\/100\n|\n|upkeep\n|turn|7\n|-message|Kur0Desu forfeited.\n|\n|win|itsukizyaaa\n|raw|itsukizyaaa's rating: 1277 → 1307<\/strong> (+30 for winning)\n|raw|Kur0Desu's rating: 1346 → 1322<\/strong> (-24 for losing)\n|l|\u2606Kur0Desu\n","uploadtime":1684159130,"views":4,"p1id":"itsukizyaaa","p2id":"kur0desu","formatid":"gen9vgc2023regulationc","rating":1307,"private":0,"password":""}