{"id":"gen9vgc2023regulationc-1846671534","p1":"Bob Couch","p2":"AmazingMrMax","format":"[Gen 9] VGC 2023 Regulation C","log":"|j|\u2606Bob Couch\n|j|\u2606AmazingMrMax\n|t:|1681864069\n|gametype|doubles\n|player|p1|Bob Couch|byron|1250\n|player|p2|AmazingMrMax|juggler|1196\n|teamsize|p1|6\n|teamsize|p2|6\n|gen|9\n|tier|[Gen 9] VGC 2023 Regulation C\n|rated|\n|rule|Species Clause: Limit one of each Pok\u00e9mon\n|rule|Item Clause: Limit one of each item\n|clearpoke\n|poke|p1|Pelipper, L50, M|\n|poke|p1|Iron Bundle, L50|\n|poke|p1|Chi-Yu, L50|\n|poke|p1|Amoonguss, L50, F|\n|poke|p1|Palafin, L50, M|\n|poke|p1|Flutter Mane, L50|\n|poke|p2|Garganacl, L50, M|\n|poke|p2|Great Tusk, L50|\n|poke|p2|Houndstone, L50, F|\n|poke|p2|Tyranitar, L50, M|\n|poke|p2|Bombirdier, L50, F|\n|poke|p2|Ting-Lu, L50|\n|teampreview|4\n|inactive|Battle timer is ON: inactive players will automatically lose when time's up. (requested by AmazingMrMax)\n|c|\u2606AmazingMrMax|Gl\n|c|\u2606AmazingMrMax|Hf!\n|c|\u2606Bob Couch|glhf\n|\n|t:|1681864112\n|start\n|switch|p1a: Palafin|Palafin, L50, M|100\/100\n|switch|p1b: Iron Bundle|Iron Bundle, L50|100\/100\n|switch|p2a: Garganacl|Garganacl, L50, M|100\/100\n|switch|p2b: Bombirdier|Bombirdier, L50, F|100\/100\n|turn|1\n|inactive|Bob Couch has 30 seconds left.\n|\n|t:|1681864138\n|move|p1a: Palafin|Protect|p1a: Palafin\n|-singleturn|p1a: Palafin|Protect\n|move|p1b: Iron Bundle|Freeze-Dry|p2b: Bombirdier\n|-supereffective|p2b: Bombirdier\n|-damage|p2b: Bombirdier|12\/100\n|-enditem|p2b: Bombirdier|Sitrus Berry|[eat]\n|-heal|p2b: Bombirdier|37\/100|[from] item: Sitrus Berry\n|move|p2b: Bombirdier|Rock Slide|p1a: Palafin|[spread] p1b\n|-activate|p1a: Palafin|move: Protect\n|-supereffective|p1b: Iron Bundle\n|-damage|p1b: Iron Bundle|55\/100\n|move|p2a: Garganacl|Salt Cure|p1b: Iron Bundle\n|-supereffective|p1b: Iron Bundle\n|-damage|p1b: Iron Bundle|18\/100\n|\n|upkeep\n|turn|2\n|inactive|Bob Couch has 30 seconds left.\n|\n|t:|1681864163\n|-end|p1b: Iron Bundle|Quark Drive|[silent]\n|switch|p1b: Pelipper|Pelipper, L50, M|100\/100\n|-weather|RainDance|[from] ability: Drizzle|[of] p1b: Pelipper\n|-terastallize|p1a: Palafin|Water\n|-terastallize|p2a: Garganacl|Ghost\n|move|p2b: Bombirdier|Protect|p2b: Bombirdier\n|-singleturn|p2b: Bombirdier|Protect\n|move|p1a: Palafin|Wave Crash|p2a: Garganacl\n|-damage|p2a: Garganacl|49\/100\n|-damage|p1a: Palafin|83\/100|[from] Recoil\n|move|p2a: Garganacl|Salt Cure|p1a: Palafin\n|-damage|p1a: Palafin|66\/100\n|-start|p1a: Palafin|Salt Cure\n|\n|-weather|RainDance|[upkeep]\n|-heal|p1a: Palafin|72\/100|[from] item: Leftovers\n|-heal|p2a: Garganacl|55\/100|[from] item: Leftovers\n|-damage|p1a: Palafin|47\/100|[from] Salt Cure\n|upkeep\n|turn|3\n|\n|t:|1681864185\n|switch|p2b: Tyranitar|Tyranitar, L50, M|100\/100\n|-weather|Sandstorm|[from] ability: Sand Stream|[of] p2b: Tyranitar\n|detailschange|p1a: Palafin|Palafin-Hero, L50, M, tera:Water\n|switch|p1a: Amoonguss|Amoonguss, L50, F|100\/100\n|move|p1b: Pelipper|Wide Guard|p1b: Pelipper\n|-singleturn|p1b: Pelipper|Wide Guard\n|move|p2a: Garganacl|Recover|p2a: Garganacl\n|-heal|p2a: Garganacl|100\/100\n|\n|-weather|Sandstorm|[upkeep]\n|-damage|p1b: Pelipper|95\/100|[from] Sandstorm\n|-damage|p2a: Garganacl|95\/100|[from] Sandstorm\n|-damage|p1a: Amoonguss|95\/100|[from] Sandstorm\n|-heal|p2a: Garganacl|100\/100|[from] item: Leftovers\n|upkeep\n|turn|4\n|inactive|Bob Couch has 30 seconds left.\n|inactive|Bob Couch has 20 seconds left.\n|\n|t:|1681864221\n|switch|p1b: Palafin|Palafin-Hero, L50, M, tera:Water|47\/100\n|-activate|p1b: Palafin|ability: Zero to Hero\n|switch|p2b: Ting-Lu|Ting-Lu, L50|100\/100\n|-ability|p2b: Ting-Lu|Vessel of Ruin\n|move|p1a: Amoonguss|Rage Powder|p1a: Amoonguss\n|-singleturn|p1a: Amoonguss|move: Rage Powder\n|move|p2a: Garganacl|Salt Cure|p1a: Amoonguss\n|-damage|p1a: Amoonguss|83\/100\n|-start|p1a: Amoonguss|Salt Cure\n|\n|-weather|Sandstorm|[upkeep]\n|-damage|p1b: Palafin|41\/100|[from] Sandstorm\n|-damage|p2a: Garganacl|95\/100|[from] Sandstorm\n|-damage|p1a: Amoonguss|77\/100|[from] Sandstorm\n|-heal|p1b: Palafin|47\/100|[from] item: Leftovers\n|-heal|p2a: Garganacl|100\/100|[from] item: Leftovers\n|-damage|p1a: Amoonguss|65\/100|[from] Salt Cure\n|upkeep\n|turn|5\n|\n|t:|1681864244\n|move|p2a: Garganacl|Protect|p2a: Garganacl\n|-singleturn|p2a: Garganacl|Protect\n|move|p1b: Palafin|Substitute|p1b: Palafin\n|-start|p1b: Palafin|Substitute\n|-damage|p1b: Palafin|22\/100\n|move|p2b: Ting-Lu|Fissure|p1b: Palafin\n|-ohko\n|-end|p1b: Palafin|Substitute\n|move|p1a: Amoonguss|Pollen Puff|p1b: Palafin\n|-heal|p1b: Palafin|72\/100\n|\n|-weather|Sandstorm|[upkeep]\n|-damage|p1b: Palafin|66\/100|[from] Sandstorm\n|-damage|p2a: Garganacl|95\/100|[from] Sandstorm\n|-damage|p1a: Amoonguss|59\/100|[from] Sandstorm\n|-heal|p1b: Palafin|72\/100|[from] item: Leftovers\n|-heal|p2a: Garganacl|100\/100|[from] item: Leftovers\n|-damage|p1a: Amoonguss|47\/100|[from] Salt Cure\n|upkeep\n|-enditem|p1a: Amoonguss|Sitrus Berry|[eat]\n|-heal|p1a: Amoonguss|72\/100|[from] item: Sitrus Berry\n|turn|6\n|inactive|Bob Couch has 30 seconds left.\n|\n|t:|1681864274\n|switch|p1a: Pelipper|Pelipper, L50, M|95\/100\n|-weather|RainDance|[from] ability: Drizzle|[of] p1a: Pelipper\n|move|p1b: Palafin|Wave Crash|p2b: Ting-Lu\n|-supereffective|p2b: Ting-Lu\n|-crit|p2b: Ting-Lu\n|-damage|p2b: Ting-Lu|0 fnt\n|faint|p2b: Ting-Lu\n|-damage|p1b: Palafin|28\/100|[from] Recoil\n|move|p2a: Garganacl|Salt Cure|p1b: Palafin\n|-damage|p1b: Palafin|14\/100\n|-start|p1b: Palafin|Salt Cure\n|\n|-weather|RainDance|[upkeep]\n|-heal|p1b: Palafin|20\/100|[from] item: Leftovers\n|-damage|p1b: Palafin|0 fnt|[from] Salt Cure\n|faint|p1b: Palafin\n|upkeep\n|\n|t:|1681864285\n|switch|p1b: Amoonguss|Amoonguss, L50, F|100\/100\n|switch|p2b: Tyranitar|Tyranitar, L50, M|100\/100\n|-weather|Sandstorm|[from] ability: Sand Stream|[of] p2b: Tyranitar\n|turn|7\n|\n|t:|1681864308\n|move|p1a: Pelipper|Wide Guard|p1a: Pelipper\n|-singleturn|p1a: Pelipper|Wide Guard\n|move|p2b: Tyranitar|Rock Slide|p1b: Amoonguss|[spread] \n|-activate|p1a: Pelipper|move: Wide Guard\n|-activate|p1b: Amoonguss|move: Wide Guard\n|move|p2a: Garganacl|Salt Cure|p1b: Amoonguss\n|-damage|p1b: Amoonguss|88\/100\n|-start|p1b: Amoonguss|Salt Cure\n|move|p1b: Amoonguss|Spore|p2b: Tyranitar\n|-status|p2b: Tyranitar|slp|[from] move: Spore\n|\n|-weather|Sandstorm|[upkeep]\n|-damage|p1a: Pelipper|89\/100|[from] Sandstorm\n|-damage|p2a: Garganacl|95\/100|[from] Sandstorm\n|-damage|p1b: Amoonguss|82\/100|[from] Sandstorm\n|-heal|p2a: Garganacl|100\/100|[from] item: Leftovers\n|-damage|p1b: Amoonguss|70\/100|[from] Salt Cure\n|upkeep\n|turn|8\n|inactive|Bob Couch has 30 seconds left.\n|\n|t:|1681864334\n|switch|p1b: Iron Bundle|Iron Bundle, L50|18\/100\n|move|p1a: Pelipper|Hydro Pump|p2b: Tyranitar\n|-supereffective|p2b: Tyranitar\n|-damage|p2b: Tyranitar|62\/100 slp\n|cant|p2b: Tyranitar|slp\n|move|p2a: Garganacl|Salt Cure|p1a: Pelipper\n|-supereffective|p1a: Pelipper\n|-damage|p1a: Pelipper|55\/100\n|-start|p1a: Pelipper|Salt Cure\n|\n|-weather|Sandstorm|[upkeep]\n|-damage|p1b: Iron Bundle|12\/100|[from] Sandstorm\n|-damage|p1a: Pelipper|49\/100|[from] Sandstorm\n|-damage|p2a: Garganacl|95\/100|[from] Sandstorm\n|-heal|p2a: Garganacl|100\/100|[from] item: Leftovers\n|-damage|p1a: Pelipper|25\/100|[from] Salt Cure\n|upkeep\n|turn|9\n|\n|t:|1681864349\n|switch|p1a: Amoonguss|Amoonguss, L50, F|100\/100\n|move|p1b: Iron Bundle|Protect|p1b: Iron Bundle\n|-singleturn|p1b: Iron Bundle|Protect\n|cant|p2b: Tyranitar|slp\n|move|p2a: Garganacl|Salt Cure|p1b: Iron Bundle\n|-activate|p1b: Iron Bundle|move: Protect\n|\n|-weather|Sandstorm|[upkeep]\n|-damage|p1b: Iron Bundle|6\/100|[from] Sandstorm\n|-damage|p2a: Garganacl|95\/100|[from] Sandstorm\n|-damage|p1a: Amoonguss|95\/100|[from] Sandstorm\n|-heal|p2a: Garganacl|100\/100|[from] item: Leftovers\n|upkeep\n|turn|10\n|inactive|Bob Couch has 30 seconds left.\n|\n|t:|1681864379\n|switch|p1a: Pelipper|Pelipper, L50, M|25\/100\n|-weather|RainDance|[from] ability: Drizzle|[of] p1a: Pelipper\n|move|p1b: Iron Bundle|Hydro Pump|p2b: Tyranitar|[miss]\n|-miss|p1b: Iron Bundle|p2b: Tyranitar\n|cant|p2b: Tyranitar|slp\n|move|p2a: Garganacl|Salt Cure|p1a: Pelipper\n|-supereffective|p1a: Pelipper\n|-damage|p1a: Pelipper|0 fnt\n|faint|p1a: Pelipper\n|\n|-weather|RainDance|[upkeep]\n|upkeep\n|\n|t:|1681864387\n|switch|p1a: Amoonguss|Amoonguss, L50, F|100\/100\n|turn|11\n|\n|t:|1681864398\n|move|p1b: Iron Bundle|Icy Wind|p2b: Tyranitar|[spread] p2a,p2b\n|-damage|p2a: Garganacl|80\/100\n|-damage|p2b: Tyranitar|50\/100 slp\n|-unboost|p2a: Garganacl|spe|1\n|-unboost|p2b: Tyranitar|spe|1\n|move|p1a: Amoonguss|Pollen Puff|p1b: Iron Bundle\n|-heal|p1b: Iron Bundle|55\/100\n|-curestatus|p2b: Tyranitar|slp|[msg]\n|move|p2b: Tyranitar|Rock Slide|p1b: Iron Bundle|[spread] p1a,p1b\n|-supereffective|p1b: Iron Bundle\n|-damage|p1a: Amoonguss|72\/100\n|-damage|p1b: Iron Bundle|0 fnt\n|faint|p1b: Iron Bundle\n|-end|p1b: Iron Bundle|Quark Drive|[silent]\n|move|p2a: Garganacl|Salt Cure|p1a: Amoonguss\n|-damage|p1a: Amoonguss|60\/100\n|-start|p1a: Amoonguss|Salt Cure\n|\n|-weather|RainDance|[upkeep]\n|-heal|p2a: Garganacl|86\/100|[from] item: Leftovers\n|-damage|p1a: Amoonguss|47\/100|[from] Salt Cure\n|upkeep\n|turn|12\n|\n|t:|1681864418\n|move|p2a: Garganacl|Protect|p2a: Garganacl\n|-singleturn|p2a: Garganacl|Protect\n|move|p1a: Amoonguss|Pollen Puff|p2b: Tyranitar\n|-supereffective|p2b: Tyranitar\n|-damage|p2b: Tyranitar|27\/100\n|move|p2b: Tyranitar|Bulldoze|p1a: Amoonguss|[spread] p1a\n|-activate|p2a: Garganacl|move: Protect\n|-damage|p1a: Amoonguss|34\/100\n|-unboost|p1a: Amoonguss|spe|1\n|\n|-weather|RainDance|[upkeep]\n|-heal|p2a: Garganacl|92\/100|[from] item: Leftovers\n|-damage|p1a: Amoonguss|22\/100|[from] Salt Cure\n|upkeep\n|turn|13\n|inactive|AmazingMrMax has 30 seconds left.\n|\n|t:|1681864443\n|move|p2b: Tyranitar|Tera Blast|p1a: Amoonguss\n|-damage|p1a: Amoonguss|5\/100\n|move|p2a: Garganacl|Salt Cure|p1a: Amoonguss\n|-damage|p1a: Amoonguss|0 fnt\n|faint|p1a: Amoonguss\n|\n|win|AmazingMrMax\n|raw|Bob Couch's rating: 1250 → 1221<\/strong> (-29 for losing)\n|raw|AmazingMrMax's rating: 1196 → 1225<\/strong> (+29 for winning)\n","uploadtime":1681864487,"views":16,"p1id":"bobcouch","p2id":"amazingmrmax","formatid":"gen9vgc2023regulationc","rating":1221,"private":0,"password":""}