{"id":"gen9vgc2023regulationc-1863742221","p1":"rt5gh","p2":"tatsulol","format":"[Gen 9] VGC 2023 Regulation C","log":"|j|\u2606rt5gh\n|j|\u2606tatsulol\n|t:|1684070545\n|gametype|doubles\n|player|p1|rt5gh|170|1097\n|player|p2|tatsulol|lucas|1012\n|teamsize|p1|6\n|teamsize|p2|6\n|gen|9\n|tier|[Gen 9] VGC 2023 Regulation C\n|rated|\n|rule|Species Clause: Limit one of each Pok\u00e9mon\n|rule|Item Clause: Limit one of each item\n|clearpoke\n|poke|p1|Palafin, L50, M|\n|poke|p1|Chi-Yu, L50|\n|poke|p1|Flutter Mane, L50|\n|poke|p1|Iron Valiant, L50|\n|poke|p1|Amoonguss, L50, M|\n|poke|p1|Talonflame, L50, F|\n|poke|p2|Chi-Yu, L50|\n|poke|p2|Flutter Mane, L50|\n|poke|p2|Amoonguss, L50, M|\n|poke|p2|Kingambit, L50, F|\n|poke|p2|Arcanine, L50, M|\n|poke|p2|Great Tusk, L50|\n|teampreview|4\n|inactive|Battle timer is ON: inactive players will automatically lose when time's up. (requested by tatsulol)\ntatsulol has agreed to open team sheets.\n|inactive|rt5gh has 60 seconds left.\n|inactive|rt5gh has 30 seconds left.\n|inactive|rt5gh has 20 seconds left.\n|inactive|rt5gh has 15 seconds left.\n|\n|t:|1684070620\n|start\n|switch|p1a: Talonflame|Talonflame, L50, F|100\/100\n|switch|p1b: Iron Valiant|Iron Valiant, L50|100\/100\n|switch|p2a: Arcanine|Arcanine, L50, M|100\/100\n|switch|p2b: Flutter Mane|Flutter Mane, L50|100\/100\n|-ability|p2a: Arcanine|Intimidate|boost\n|-unboost|p1a: Talonflame|atk|1\n|-unboost|p1b: Iron Valiant|atk|1\n|-enditem|p2b: Flutter Mane|Booster Energy\n|-activate|p2b: Flutter Mane|ability: Protosynthesis|[fromitem]\n|-start|p2b: Flutter Mane|protosynthesisspe\n|turn|1\n|inactive|rt5gh has 30 seconds left.\n|inactive|tatsulol has 30 seconds left.\n|inactive|rt5gh has 20 seconds left.\n|inactive|tatsulol has 20 seconds left.\n|inactive|rt5gh has 15 seconds left.\n|inactive|tatsulol has 15 seconds left.\n|inactive|rt5gh has 10 seconds left.\n|inactive|tatsulol has 10 seconds left.\n|\n|t:|1684070669\n|move|p1a: Talonflame|Tailwind|p1a: Talonflame\n|-sidestart|p1: rt5gh|move: Tailwind\n|move|p1b: Iron Valiant|Moonblast|p2b: Flutter Mane\n|-damage|p2b: Flutter Mane|24\/100\n|move|p2b: Flutter Mane|Dazzling Gleam|p1a: Talonflame|[spread] p1a,p1b\n|-resisted|p1a: Talonflame\n|-supereffective|p1b: Iron Valiant\n|-damage|p1a: Talonflame|79\/100\n|-damage|p1b: Iron Valiant|0 fnt\n|faint|p1b: Iron Valiant\n|-end|p1b: Iron Valiant|Quark Drive|[silent]\n|move|p2a: Arcanine|Will-O-Wisp|p1a: Talonflame\n|-immune|p1a: Talonflame\n|\n|upkeep\n|inactive|rt5gh has 30 seconds left.\n|\n|t:|1684070699\n|switch|p1b: Chi-Yu|Chi-Yu, L50|100\/100\n|-ability|p1b: Chi-Yu|Beads of Ruin\n|turn|2\n|\n|t:|1684070722\n|move|p2b: Flutter Mane|Protect|p2b: Flutter Mane\n|-singleturn|p2b: Flutter Mane|Protect\n|move|p2a: Arcanine|Extreme Speed|p1b: Chi-Yu\n|-damage|p1b: Chi-Yu|67\/100\n|move|p1a: Talonflame|Brave Bird|p2b: Flutter Mane\n|-activate|p2b: Flutter Mane|move: Protect\n|move|p1b: Chi-Yu|Nasty Plot|p1b: Chi-Yu\n|-boost|p1b: Chi-Yu|spa|2\n|\n|upkeep\n|turn|3\n|inactive|tatsulol has 30 seconds left.\n|inactive|rt5gh has 30 seconds left.\n|inactive|tatsulol has 20 seconds left.\n|inactive|tatsulol has 15 seconds left.\n|\n|t:|1684070766\n|move|p2a: Arcanine|Extreme Speed|p1b: Chi-Yu\n|-damage|p1b: Chi-Yu|34\/100\n|move|p1a: Talonflame|Brave Bird|p2b: Flutter Mane\n|-damage|p2b: Flutter Mane|0 fnt\n|faint|p2b: Flutter Mane\n|-end|p2b: Flutter Mane|Protosynthesis|[silent]\n|-damage|p1a: Talonflame|73\/100|[from] Recoil\n|move|p1b: Chi-Yu|Dark Pulse|p2a: Arcanine\n|-damage|p2a: Arcanine|0 fnt\n|faint|p2a: Arcanine\n|\n|upkeep\n|\n|t:|1684070780\n|switch|p2b: Kingambit|Kingambit, L50, F, shiny|100\/100\n|switch|p2a: Amoonguss|Amoonguss, L50, M|100\/100\n|turn|4\n|\n|t:|1684070803\n|-terastallize|p2b: Kingambit|Water\n|move|p2a: Amoonguss|Protect|p2a: Amoonguss\n|-singleturn|p2a: Amoonguss|Protect\n|move|p1a: Talonflame|Taunt|p2a: Amoonguss\n|-activate|p2a: Amoonguss|move: Protect\n|move|p1b: Chi-Yu|Heat Wave|p2a: Amoonguss|[spread] p2b\n|-activate|p2a: Amoonguss|move: Protect\n|-resisted|p2b: Kingambit\n|-damage|p2b: Kingambit|66\/100\n|move|p2b: Kingambit|Kowtow Cleave|p1a: Talonflame\n|-damage|p1a: Talonflame|11\/100\n|\n|-sideend|p1: rt5gh|move: Tailwind\n|upkeep\n|turn|5\n|inactive|rt5gh has 30 seconds left.\n|inactive|tatsulol has 30 seconds left.\n|inactive|rt5gh has 20 seconds left.\n|inactive|rt5gh has 15 seconds left.\n|inactive|rt5gh has 10 seconds left.\n|\n|t:|1684070849\n|move|p2b: Kingambit|Sucker Punch|p1b: Chi-Yu\n|-resisted|p1b: Chi-Yu\n|-damage|p1b: Chi-Yu|3\/100\n|move|p1a: Talonflame|Will-O-Wisp|p2b: Kingambit\n|-status|p2b: Kingambit|brn\n|move|p1b: Chi-Yu|Heat Wave|p2a: Amoonguss|[spread] p2a,p2b\n|-supereffective|p2a: Amoonguss\n|-resisted|p2b: Kingambit\n|-damage|p2a: Amoonguss|0 fnt\n|-damage|p2b: Kingambit|33\/100 brn\n|faint|p2a: Amoonguss\n|\n|-damage|p2b: Kingambit|27\/100 brn|[from] brn\n|upkeep\n|turn|6\n|-message|tatsulol forfeited.\n|\n|win|rt5gh\n|raw|rt5gh's rating: 1097 → 1116<\/strong> (+19 for winning)\n|raw|tatsulol's rating: 1012 → 1003<\/strong> (-9 for losing)\n|l|\u2606tatsulol\n","uploadtime":1684070864,"views":14,"p1id":"rt5gh","p2id":"tatsulol","formatid":"gen9vgc2023regulationc","rating":1003,"private":0,"password":""}