{"id":"gen9vgc2023regulationc-1851719770","p1":"tofu24","p2":"Dick Vanderclief","format":"[Gen 9] VGC 2023 Regulation C","log":"|j|\u2606tofu24\n|j|\u2606Dick Vanderclief\n|t:|1682473937\n|gametype|doubles\n|player|p1|tofu24|cyclist|1262\n|player|p2|Dick Vanderclief|red-masters|1275\n|teamsize|p1|6\n|teamsize|p2|6\n|gen|9\n|tier|[Gen 9] VGC 2023 Regulation C\n|rated|\n|rule|Species Clause: Limit one of each Pok\u00e9mon\n|rule|Item Clause: Limit one of each item\n|clearpoke\n|poke|p1|Garganacl, L50, M|\n|poke|p1|Gothitelle, L50, F|\n|poke|p1|Scream Tail, L50|\n|poke|p1|Palafin, L50, M|\n|poke|p1|Flutter Mane, L50|\n|poke|p1|Glimmora, L50, M|\n|poke|p2|Palafin, L50, F|\n|poke|p2|Amoonguss, L50, F|\n|poke|p2|Dragonite, L50, M|\n|poke|p2|Chien-Pao, L50|\n|poke|p2|Chi-Yu, L50|\n|poke|p2|Iron Bundle, L50|\n|teampreview|4\n|\n|t:|1682473976\n|start\n|switch|p1a: Scream Tail|Scream Tail, L50|100\/100\n|switch|p1b: Palafin|Palafin, L50, M|100\/100\n|switch|p2a: Iron Bundle|Iron Bundle, L50|100\/100\n|switch|p2b: Palafin|Palafin, L50, F|100\/100\n|-enditem|p2a: Iron Bundle|Booster Energy\n|-activate|p2a: Iron Bundle|ability: Quark Drive|[fromitem]\n|-start|p2a: Iron Bundle|quarkdrivespe\n|-enditem|p1a: Scream Tail|Booster Energy\n|-activate|p1a: Scream Tail|ability: Protosynthesis|[fromitem]\n|-start|p1a: Scream Tail|protosynthesisspe\n|turn|1\n|\n|t:|1682473999\n|detailschange|p1b: Palafin|Palafin-Hero, L50, M\n|switch|p1b: Gothitelle|Gothitelle, L50, F|100\/100\n|-terastallize|p2b: Palafin|Water\n|move|p2a: Iron Bundle|Freeze-Dry|p1b: Gothitelle\n|-damage|p1b: Gothitelle|72\/100\n|move|p1a: Scream Tail|Perish Song|p1a: Scream Tail\n|-start|p1a: Scream Tail|perish3|[silent]\n|-start|p1b: Gothitelle|perish3|[silent]\n|-start|p2a: Iron Bundle|perish3|[silent]\n|-start|p2b: Palafin|perish3|[silent]\n|-fieldactivate|move: Perish Song\n|move|p2b: Palafin|Wave Crash|p1b: Gothitelle\n|-damage|p1b: Gothitelle|8\/100\n|-enditem|p1b: Gothitelle|Sitrus Berry|[eat]\n|-heal|p1b: Gothitelle|33\/100|[from] item: Sitrus Berry\n|-damage|p2b: Palafin|82\/100|[from] Recoil\n|\n|-start|p2a: Iron Bundle|perish3\n|-start|p1a: Scream Tail|perish3\n|-start|p2b: Palafin|perish3\n|-start|p1b: Gothitelle|perish3\n|upkeep\n|turn|2\n|\n|t:|1682474056\n|move|p2b: Palafin|Protect|p2b: Palafin\n|-singleturn|p2b: Palafin|Protect\n|move|p1b: Gothitelle|Protect|p1b: Gothitelle\n|-singleturn|p1b: Gothitelle|Protect\n|move|p2a: Iron Bundle|Hydro Pump|p1a: Scream Tail\n|-damage|p1a: Scream Tail|59\/100\n|move|p1a: Scream Tail|Encore|p2b: Palafin\n|-activate|p2b: Palafin|move: Protect\n|\n|-start|p2a: Iron Bundle|perish2\n|-start|p1a: Scream Tail|perish2\n|-start|p2b: Palafin|perish2\n|-start|p1b: Gothitelle|perish2\n|upkeep\n|turn|3\n|\n|t:|1682474083\n|move|p2a: Iron Bundle|Helping Hand|p2b: Palafin\n|-singleturn|p2b: Palafin|Helping Hand|[of] p2a: Iron Bundle\n|move|p2b: Palafin|Jet Punch|p1b: Gothitelle\n|-damage|p1b: Gothitelle|0 fnt\n|faint|p1b: Gothitelle\n|move|p1a: Scream Tail|Encore|p2b: Palafin\n|-start|p2b: Palafin|Encore\n|\n|-start|p2a: Iron Bundle|perish1\n|-start|p1a: Scream Tail|perish1\n|-start|p2b: Palafin|perish1\n|upkeep\n|\n|t:|1682474098\n|switch|p1b: Palafin|Palafin-Hero, L50, M|100\/100\n|-activate|p1b: Palafin|ability: Zero to Hero\n|turn|4\n|\n|t:|1682474110\n|-end|p2a: Iron Bundle|Quark Drive|[silent]\n|switch|p2a: Dragonite|Dragonite, L50, M|100\/100\n|-end|p1a: Scream Tail|Protosynthesis|[silent]\n|switch|p1a: Garganacl|Garganacl, L50, M|100\/100\n|-terastallize|p1b: Palafin|Water\n|move|p2b: Palafin|Jet Punch|p1a: Garganacl\n|-supereffective|p1a: Garganacl\n|-damage|p1a: Garganacl|56\/100\n|move|p1b: Palafin|Wave Crash|p2a: Dragonite\n|-resisted|p2a: Dragonite\n|-damage|p2a: Dragonite|37\/100\n|-damage|p1b: Palafin|81\/100|[from] Recoil\n|\n|-heal|p1a: Garganacl|62\/100|[from] item: Leftovers\n|-start|p2b: Palafin|perish0\n|upkeep\n|faint|p2b: Palafin\n|\n|t:|1682474126\n|switch|p2b: Iron Bundle|Iron Bundle, L50|100\/100\n|turn|5\n|\n|t:|1682474139\n|move|p1b: Palafin|Jet Punch|p2a: Dragonite\n|-resisted|p2a: Dragonite\n|-damage|p2a: Dragonite|10\/100\n|move|p2b: Iron Bundle|Freeze-Dry|p1b: Palafin\n|-supereffective|p1b: Palafin\n|-damage|p1b: Palafin|17\/100\n|move|p2a: Dragonite|Iron Head|p1a: Garganacl\n|-supereffective|p1a: Garganacl\n|-damage|p1a: Garganacl|4\/100\n|move|p1a: Garganacl|Salt Cure|p2b: Iron Bundle\n|-supereffective|p2b: Iron Bundle\n|-damage|p2b: Iron Bundle|68\/100\n|-start|p2b: Iron Bundle|Salt Cure\n|\n|-heal|p1a: Garganacl|10\/100|[from] item: Leftovers\n|-damage|p2b: Iron Bundle|44\/100|[from] Salt Cure\n|upkeep\n|turn|6\n|\n|t:|1682474165\n|-end|p2b: Iron Bundle|Quark Drive|[silent]\n|switch|p2b: Chi-Yu|Chi-Yu, L50|100\/100\n|-ability|p2b: Chi-Yu|Beads of Ruin\n|move|p1b: Palafin|Protect|p1b: Palafin\n|-singleturn|p1b: Palafin|Protect\n|move|p1a: Garganacl|Protect|p1a: Garganacl\n|-singleturn|p1a: Garganacl|Protect\n|move|p2a: Dragonite|Iron Head|p1a: Garganacl\n|-activate|p1a: Garganacl|move: Protect\n|\n|-heal|p1a: Garganacl|15\/100|[from] item: Leftovers\n|upkeep\n|turn|7\n|\n|t:|1682474185\n|switch|p2b: Iron Bundle|Iron Bundle, L50|44\/100\n|move|p1a: Garganacl|Wide Guard|p1a: Garganacl\n|-singleturn|p1a: Garganacl|Wide Guard\n|move|p1b: Palafin|Jet Punch|p2a: Dragonite\n|-resisted|p2a: Dragonite\n|-damage|p2a: Dragonite|0 fnt\n|faint|p2a: Dragonite\n|\n|-heal|p1a: Garganacl|21\/100|[from] item: Leftovers\n|upkeep\n|\n|t:|1682474191\n|switch|p2a: Chi-Yu|Chi-Yu, L50|100\/100\n|-ability|p2a: Chi-Yu|Beads of Ruin\n|turn|8\n|\n|t:|1682474211\n|move|p1b: Palafin|Jet Punch|p2a: Chi-Yu\n|-supereffective|p2a: Chi-Yu\n|-damage|p2a: Chi-Yu|0 fnt\n|faint|p2a: Chi-Yu\n|move|p2b: Iron Bundle|Freeze-Dry|p1b: Palafin\n|-supereffective|p1b: Palafin\n|-damage|p1b: Palafin|0 fnt\n|faint|p1b: Palafin\n|move|p1a: Garganacl|Recover|p1a: Garganacl\n|-heal|p1a: Garganacl|72\/100\n|\n|-heal|p1a: Garganacl|77\/100|[from] item: Leftovers\n|upkeep\n|-message|Dick Vanderclief forfeited.\n|\n|win|tofu24\n|raw|tofu24's rating: 1262 → 1288<\/strong> (+26 for winning)\n|raw|Dick Vanderclief's rating: 1275 → 1249<\/strong> (-26 for losing)\n","uploadtime":1682474223,"views":21,"p1id":"tofu24","p2id":"dickvanderclief","formatid":"gen9vgc2023regulationc","rating":1249,"private":0,"password":""}