{"id":"gen9vgc2023regulationc-1845719632","p1":"Valhala Alfa","p2":"Evgervegegg","format":"[Gen 9] VGC 2023 Regulation C","log":"|j|\u2606Valhala Alfa\n|j|\u2606Evgervegegg\n|t:|1681758347\n|gametype|doubles\n|player|p1|Valhala Alfa|1|1208\n|player|p2|Evgervegegg|266|1152\n|teamsize|p1|6\n|teamsize|p2|6\n|gen|9\n|tier|[Gen 9] VGC 2023 Regulation C\n|rated|\n|rule|Species Clause: Limit one of each Pok\u00e9mon\n|rule|Item Clause: Limit one of each item\n|clearpoke\n|poke|p1|Gyarados, L50, M|\n|poke|p1|Maushold, L50|\n|poke|p1|Annihilape, L50, F|\n|poke|p1|Ampharos, L50, M|\n|poke|p1|Baxcalibur, L50, F|\n|poke|p1|Amoonguss, L50, F|\n|poke|p2|Sandy Shocks, L50|\n|poke|p2|Chi-Yu, L50|\n|poke|p2|Maushold-Four, L50|\n|poke|p2|Annihilape, L50, M|\n|poke|p2|Amoonguss, L50, F|\n|poke|p2|Gyarados, L50, M|\n|teampreview|4\n|inactive|Battle timer is ON: inactive players will automatically lose when time's up. (requested by Valhala Alfa)\nValhala Alfa rejected open team sheets.\n|inactive|Valhala Alfa has 60 seconds left.\n|\n|t:|1681758405\n|start\n|switch|p1a: Maushold|Maushold, L50|100\/100\n|switch|p1b: Annihilape|Annihilape, L50, F|100\/100\n|switch|p2a: Greed|Annihilape, L50, M, shiny|100\/100\n|switch|p2b: Sloth|Amoonguss, L50, F|100\/100\n|turn|1\n|inactive|Valhala Alfa has 30 seconds left.\n|\n|t:|1681758431\n|move|p1a: Maushold|Taunt|p2b: Sloth\n|-start|p2b: Sloth|move: Taunt\n|move|p2a: Greed|Bulk Up|p2a: Greed\n|-boost|p2a: Greed|atk|1\n|-boost|p2a: Greed|def|1\n|move|p1b: Annihilape|Rage Fist|p2a: Greed\n|-supereffective|p2a: Greed\n|-damage|p2a: Greed|68\/100\n|cant|p2b: Sloth|move: Taunt|Spore\n|\n|-heal|p2a: Greed|74\/100|[from] item: Leftovers\n|upkeep\n|turn|2\n|inactive|Evgervegegg has 30 seconds left.\n|\n|t:|1681758456\n|switch|p2b: Wrath|Chi-Yu, L50|100\/100\n|-ability|p2b: Wrath|Beads of Ruin\n|move|p2a: Greed|Protect|p2a: Greed\n|-singleturn|p2a: Greed|Protect\n|move|p1a: Maushold|Beat Up|p1b: Annihilape\n|-damage|p1b: Annihilape|99\/100\n|-damage|p1b: Annihilape|97\/100\n|-damage|p1b: Annihilape|95\/100\n|-damage|p1b: Annihilape|94\/100\n|-hitcount|p1b: Annihilape|4\n|move|p1b: Annihilape|Rage Fist|p2a: Greed\n|-activate|p2a: Greed|move: Protect\n|\n|-heal|p2a: Greed|80\/100|[from] item: Leftovers\n|-heal|p1b: Annihilape|99\/100|[from] item: Leftovers\n|upkeep\n|turn|3\n|\n|t:|1681758471\n|switch|p2b: Sloth|Amoonguss, L50, F|100\/100\n|-terastallize|p2a: Greed|Fire\n|move|p1a: Maushold|Follow Me|p1a: Maushold\n|-singleturn|p1a: Maushold|move: Follow Me\n|move|p2a: Greed|Drain Punch|p1a: Maushold\n|-supereffective|p1a: Maushold\n|-damage|p1a: Maushold|0 fnt\n|-heal|p2a: Greed|100\/100|[from] drain|[of] p1a: Maushold\n|faint|p1a: Maushold\n|move|p1b: Annihilape|Rage Fist|p2a: Greed\n|-damage|p2a: Greed|24\/100\n|\n|-heal|p2a: Greed|31\/100|[from] item: Leftovers\n|-heal|p1b: Annihilape|100\/100|[from] item: Leftovers\n|upkeep\n|\n|t:|1681758485\n|switch|p1a: Gyarados|Gyarados, L50, M, shiny|100\/100\n|-ability|p1a: Gyarados|Intimidate|boost\n|-unboost|p2a: Greed|atk|1\n|-ability|p2a: Greed|Defiant|boost\n|-boost|p2a: Greed|atk|2\n|-unboost|p2b: Sloth|atk|1\n|turn|4\n|inactive|Valhala Alfa has 30 seconds left.\n|inactive|Valhala Alfa has 20 seconds left.\n|\n|t:|1681758523\n|-terastallize|p1a: Gyarados|Flying\n|move|p2a: Greed|Protect|p2a: Greed\n|-singleturn|p2a: Greed|Protect\n|move|p1b: Annihilape|Protect|p1b: Annihilape\n|-singleturn|p1b: Annihilape|Protect\n|move|p2b: Sloth|Protect|p2b: Sloth\n|-singleturn|p2b: Sloth|Protect\n|move|p1a: Gyarados|Tera Blast|p2b: Sloth\n|-activate|p2b: Sloth|move: Protect\n|\n|-heal|p2a: Greed|37\/100|[from] item: Leftovers\n|upkeep\n|turn|5\n|inactive|Evgervegegg has 30 seconds left.\n|\n|t:|1681758550\n|move|p2b: Sloth|Rage Powder|p2b: Sloth\n|-singleturn|p2b: Sloth|move: Rage Powder\n|move|p1a: Gyarados|Waterfall|p2a: Greed\n|-supereffective|p2a: Greed\n|-damage|p2a: Greed|0 fnt\n|faint|p2a: Greed\n|move|p1b: Annihilape|Substitute|p1b: Annihilape\n|-start|p1b: Annihilape|Substitute\n|-damage|p1b: Annihilape|76\/100\n|\n|-heal|p1b: Annihilape|82\/100|[from] item: Leftovers\n|upkeep\n|\n|t:|1681758556\n|switch|p2a: Lust|Sandy Shocks, L50, shiny|100\/100\n|-enditem|p2a: Lust|Booster Energy\n|-activate|p2a: Lust|ability: Protosynthesis|[fromitem]\n|-start|p2a: Lust|protosynthesisspe\n|turn|6\n|\n|t:|1681758565\n|move|p2a: Lust|Protect|p2a: Lust\n|-singleturn|p2a: Lust|Protect\n|move|p1a: Gyarados|Protect|p1a: Gyarados\n|-singleturn|p1a: Gyarados|Protect\n|move|p2b: Sloth|Protect|p2b: Sloth\n|-singleturn|p2b: Sloth|Protect\n|move|p1b: Annihilape|Rage Fist|p2a: Lust\n|-activate|p2a: Lust|move: Protect\n|\n|-heal|p1b: Annihilape|88\/100|[from] item: Leftovers\n|upkeep\n|turn|7\n|inactive|Evgervegegg has 30 seconds left.\n|inactive|Evgervegegg has 20 seconds left.\n|inactive|Evgervegegg has 15 seconds left.\n|\n|t:|1681758609\n|switch|p2b: Wrath|Chi-Yu, L50|100\/100\n|-ability|p2b: Wrath|Beads of Ruin\n|move|p2a: Lust|Thunderbolt|p1a: Gyarados\n|-supereffective|p1a: Gyarados\n|-damage|p1a: Gyarados|0 fnt\n|faint|p1a: Gyarados\n|move|p1b: Annihilape|Rage Fist|p2a: Lust\n|-damage|p2a: Lust|0 fnt\n|faint|p2a: Lust\n|-end|p2a: Lust|Protosynthesis|[silent]\n|\n|-heal|p1b: Annihilape|94\/100|[from] item: Leftovers\n|upkeep\n|\n|t:|1681758621\n|switch|p2a: Sloth|Amoonguss, L50, F|100\/100\n|switch|p1a: Baxcalibur|Baxcalibur, L50, F|100\/100\n|turn|8\n|\n|t:|1681758646\n|move|p2a: Sloth|Rage Powder|p2a: Sloth\n|-singleturn|p2a: Sloth|move: Rage Powder\n|move|p2b: Wrath|Heat Wave|p1b: Annihilape|[spread] p1a,p1b\n|-end|p1b: Annihilape|Substitute\n|-damage|p1a: Baxcalibur|44\/100\n|-ability|p1a: Baxcalibur|Thermal Exchange|boost\n|-boost|p1a: Baxcalibur|atk|1\n|-damage|p2b: Wrath|91\/100|[from] item: Life Orb\n|move|p1b: Annihilape|Rage Fist|p2a: Sloth\n|-damage|p2a: Sloth|9\/100\n|-enditem|p2a: Sloth|Sitrus Berry|[eat]\n|-heal|p2a: Sloth|34\/100|[from] item: Sitrus Berry\n|move|p1a: Baxcalibur|Glaive Rush|p2a: Sloth\n|-damage|p2a: Sloth|0 fnt\n|-singlemove|p1a: Baxcalibur|Glaive Rush|[silent]\n|faint|p2a: Sloth\n|\n|-heal|p1b: Annihilape|99\/100|[from] item: Leftovers\n|upkeep\n|turn|9\n|inactive|Valhala Alfa has 30 seconds left.\n|inactive|Evgervegegg has 30 seconds left.\n|inactive|Evgervegegg has 20 seconds left.\n|inactive|Evgervegegg has 15 seconds left.\n|inactive|Evgervegegg has 10 seconds left.\n|inactive|Evgervegegg has 5 seconds left.\n|\n|t:|1681758701\n|move|p2b: Wrath|Protect|p2b: Wrath\n|-singleturn|p2b: Wrath|Protect\n|move|p1b: Annihilape|Protect|p1b: Annihilape\n|-singleturn|p1b: Annihilape|Protect\n|move|p1a: Baxcalibur|Ice Shard|p2b: Wrath\n|-activate|p2b: Wrath|move: Protect\n|\n|-heal|p1b: Annihilape|100\/100|[from] item: Leftovers\n|upkeep\n|turn|10\n|c|\u2606Evgervegegg|Sub and taunt is such a counter to this lol ggs guess I\u2019m running the same thanks!\n|\n|t:|1681758715\n|move|p2b: Wrath|Heat Wave|p1b: Annihilape|[spread] p1a,p1b\n|-damage|p1a: Baxcalibur|0 fnt\n|-damage|p1b: Annihilape|47\/100\n|faint|p1a: Baxcalibur\n|-damage|p2b: Wrath|81\/100|[from] item: Life Orb\n|move|p1b: Annihilape|Drain Punch|p2b: Wrath\n|-supereffective|p2b: Wrath\n|-crit|p2b: Wrath\n|-damage|p2b: Wrath|0 fnt\n|-heal|p1b: Annihilape|71\/100|[from] drain|[of] p2b: Wrath\n|faint|p2b: Wrath\n|\n|win|Valhala Alfa\n|raw|Valhala Alfa's rating: 1208 → 1229<\/strong> (+21 for winning)\n|raw|Evgervegegg's rating: 1152 → 1131<\/strong> (-21 for losing)\n|c|\u2606Valhala Alfa|<3\n","uploadtime":1681758744,"views":17,"p1id":"valhalaalfa","p2id":"evgervegegg","formatid":"gen9vgc2023regulationc","rating":1131,"private":0,"password":""}