{"id":"gen9vgc2023regulationc-1853209835","p1":"xiyaya","p2":"zhz2021","format":"[Gen 9] VGC 2023 Regulation C","log":"|j|\u2606xiyaya\n|j|\u2606zhz2021\n|t:|1682648991\n|gametype|doubles\n|player|p1|xiyaya|buck|1548\n|player|p2|zhz2021|marley|1648\n|teamsize|p1|6\n|teamsize|p2|6\n|gen|9\n|tier|[Gen 9] VGC 2023 Regulation C\n|rated|\n|rule|Species Clause: Limit one of each Pok\u00e9mon\n|rule|Item Clause: Limit one of each item\n|clearpoke\n|poke|p1|Garchomp, L50, M|\n|poke|p1|Roaring Moon, L50|\n|poke|p1|Iron Bundle, L50|\n|poke|p1|Tyranitar, L50, M|\n|poke|p1|Gholdengo, L50|\n|poke|p1|Lucario, L50, M|\n|poke|p2|Roaring Moon, L50|\n|poke|p2|Brambleghast, L50, F|\n|poke|p2|Iron Hands, L50|\n|poke|p2|Maushold-Four, L50|\n|poke|p2|Flutter Mane, L50|\n|poke|p2|Chi-Yu, L50|\n|teampreview|4\n|j| Flexologist\n|inactive|Battle timer is ON: inactive players will automatically lose when time's up. (requested by zhz2021)\n|\n|t:|1682649043\n|start\n|switch|p1a: Roaring Moon|Roaring Moon, L50|100\/100\n|switch|p1b: Garchomp|Garchomp, L50, M|100\/100\n|switch|p2a: \u9b3c\u6708|Roaring Moon, L50|100\/100\n|switch|p2b: \u8349\u738b|Brambleghast, L50, F, shiny|100\/100\n|-enditem|p2a: \u9b3c\u6708|Booster Energy\n|-activate|p2a: \u9b3c\u6708|ability: Protosynthesis|[fromitem]\n|-start|p2a: \u9b3c\u6708|protosynthesisspe\n|-enditem|p1a: Roaring Moon|Booster Energy\n|-activate|p1a: Roaring Moon|ability: Protosynthesis|[fromitem]\n|-start|p1a: Roaring Moon|protosynthesisspe\n|turn|1\n|\n|t:|1682649061\n|-terastallize|p1b: Garchomp|Fire\n|-terastallize|p2b: \u8349\u738b|Fire\n|move|p2a: \u9b3c\u6708|Tailwind|p2a: \u9b3c\u6708\n|-sidestart|p2: zhz2021|move: Tailwind\n|-ability|p2b: \u8349\u738b|Wind Rider|boost\n|-boost|p2b: \u8349\u738b|atk|1\n|move|p2b: \u8349\u738b|Bullet Seed|p1b: Garchomp\n|-resisted|p1b: Garchomp\n|-damage|p1b: Garchomp|91\/100\n|-resisted|p1b: Garchomp\n|-damage|p1b: Garchomp|82\/100\n|-resisted|p1b: Garchomp\n|-damage|p1b: Garchomp|72\/100\n|-resisted|p1b: Garchomp\n|-damage|p1b: Garchomp|64\/100\n|-hitcount|p1b: Garchomp|4\n|move|p1a: Roaring Moon|Tailwind|p1a: Roaring Moon\n|-sidestart|p1: xiyaya|move: Tailwind\n|move|p1b: Garchomp|Tera Blast|p2b: \u8349\u738b\n|-resisted|p2b: \u8349\u738b\n|-damage|p2b: \u8349\u738b|60\/100\n|\n|upkeep\n|turn|2\n|inactive|xiyaya has 30 seconds left.\n|inactive|xiyaya has 20 seconds left.\n|inactive|xiyaya has 15 seconds left.\n|inactive|xiyaya has 10 seconds left.\n|\n|t:|1682649110\n|move|p2a: \u9b3c\u6708|Breaking Swipe|p1a: Roaring Moon|[spread] p1a,p1b\n|-supereffective|p1a: Roaring Moon\n|-crit|p1b: Garchomp\n|-damage|p1a: Roaring Moon|35\/100\n|-damage|p1b: Garchomp|27\/100\n|-unboost|p1a: Roaring Moon|atk|1\n|-damage|p2a: \u9b3c\u6708|88\/100|[from] ability: Rough Skin|[of] p1b: Garchomp\n|move|p1a: Roaring Moon|Acrobatics|p2a: \u9b3c\u6708\n|-damage|p2a: \u9b3c\u6708|55\/100\n|move|p1b: Garchomp|Stomping Tantrum|p2b: \u8349\u738b\n|-supereffective|p2b: \u8349\u738b\n|-damage|p2b: \u8349\u738b|0 fnt\n|faint|p2b: \u8349\u738b\n|\n|upkeep\n|\n|t:|1682649123\n|switch|p2b: \u5929\u9053|Chi-Yu, L50|100\/100\n|-ability|p2b: \u5929\u9053|Beads of Ruin\n|turn|3\n|j| moognwnrbjsqe\n|\n|t:|1682649134\n|move|p1b: Garchomp|Protect|p1b: Garchomp\n|-singleturn|p1b: Garchomp|Protect\n|move|p2b: \u5929\u9053|Protect|p2b: \u5929\u9053\n|-singleturn|p2b: \u5929\u9053|Protect\n|move|p2a: \u9b3c\u6708|Breaking Swipe|p1a: Roaring Moon|[spread] p1a\n|-activate|p1b: Garchomp|move: Protect\n|-supereffective|p1a: Roaring Moon\n|-damage|p1a: Roaring Moon|0 fnt\n|faint|p1a: Roaring Moon\n|-end|p1a: Roaring Moon|Protosynthesis|[silent]\n|\n|upkeep\n|\n|t:|1682649155\n|switch|p1a: Iron Bundle|Iron Bundle, L50|100\/100\n|turn|4\n|\n|t:|1682649170\n|switch|p2b: \u91d1\u521a|Iron Hands, L50|100\/100\n|move|p2a: \u9b3c\u6708|Breaking Swipe|p1b: Garchomp|[spread] p1a,p1b\n|-damage|p1a: Iron Bundle|71\/100\n|-damage|p1b: Garchomp|1\/100\n|-unboost|p1a: Iron Bundle|atk|1\n|-damage|p2a: \u9b3c\u6708|43\/100|[from] ability: Rough Skin|[of] p1b: Garchomp\n|move|p1a: Iron Bundle|Freeze-Dry|p2a: \u9b3c\u6708\n|-supereffective|p2a: \u9b3c\u6708\n|-damage|p2a: \u9b3c\u6708|0 fnt\n|faint|p2a: \u9b3c\u6708\n|-end|p2a: \u9b3c\u6708|Protosynthesis|[silent]\n|move|p1b: Garchomp|Stomping Tantrum|p2b: \u91d1\u521a\n|-supereffective|p2b: \u91d1\u521a\n|-damage|p2b: \u91d1\u521a|50\/100\n|\n|-sideend|p1: xiyaya|move: Tailwind\n|-sideend|p2: zhz2021|move: Tailwind\n|upkeep\n|\n|t:|1682649176\n|switch|p2a: \u5929\u9053|Chi-Yu, L50|100\/100\n|-ability|p2a: \u5929\u9053|Beads of Ruin\n|turn|5\n|\n|t:|1682649191\n|move|p1a: Iron Bundle|Protect|p1a: Iron Bundle\n|-singleturn|p1a: Iron Bundle|Protect\n|move|p1b: Garchomp|Protect|p1b: Garchomp\n|-singleturn|p1b: Garchomp|Protect\n|move|p2b: \u91d1\u521a|Fake Out|p1a: Iron Bundle\n|-activate|p1a: Iron Bundle|move: Protect\n|move|p2a: \u5929\u9053|Heat Wave|p1a: Iron Bundle|[spread] \n|-activate|p1a: Iron Bundle|move: Protect\n|-activate|p1b: Garchomp|move: Protect\n|\n|upkeep\n|turn|6\n|\n|t:|1682649216\n|move|p2a: \u5929\u9053|Protect|p2a: \u5929\u9053\n|-singleturn|p2a: \u5929\u9053|Protect\n|move|p1a: Iron Bundle|Hydro Pump|p2a: \u5929\u9053\n|-activate|p2a: \u5929\u9053|move: Protect\n|move|p1b: Garchomp|Stomping Tantrum|p2b: \u91d1\u521a\n|-supereffective|p2b: \u91d1\u521a\n|-damage|p2b: \u91d1\u521a|0 fnt\n|faint|p2b: \u91d1\u521a\n|-end|p2b: \u91d1\u521a|Quark Drive|[silent]\n|\n|upkeep\n|turn|7\n|-message|zhz2021 forfeited.\n|\n|win|xiyaya\n|raw|xiyaya's rating: 1548 → 1574<\/strong> (+26 for winning)\n|raw|zhz2021's rating: 1648 → 1622<\/strong> (-26 for losing)\n|l|\u2606zhz2021\n|l|\u2606xiyaya\n|l| Flexologist\n","uploadtime":1682649252,"views":12,"p1id":"xiyaya","p2id":"zhz2021","formatid":"gen9vgc2023regulationc","rating":1574,"private":0,"password":""}