{"id":"gen9vgc2023regulationc-1863509913","p1":"Antonimo17","p2":"adpg.2007","format":"[Gen 9] VGC 2023 Regulation C","log":"|j|\u2606Antonimo17\n|j|\u2606adpg.2007\n|t:|1684027227\n|gametype|doubles\n|player|p1|Antonimo17|hilbert|\n|player|p2|adpg.2007|hilbert-wonderlauncher|\n|teamsize|p1|6\n|teamsize|p2|6\n|gen|9\n|tier|[Gen 9] VGC 2023 Regulation C\n|rule|Species Clause: Limit one of each Pok\u00e9mon\n|rule|Item Clause: Limit one of each item\n|clearpoke\n|poke|p1|Torkoal, L50, M|\n|poke|p1|Chi-Yu, L50|\n|poke|p1|Dachsbun, L50, F|\n|poke|p1|Iron Hands, L50|\n|poke|p1|Gastrodon-East, L50, M|\n|poke|p1|Chien-Pao, L50|\n|poke|p2|Dragapult, L50, M|\n|poke|p2|Armarouge, L50, M|\n|poke|p2|Iron Bundle, L50|\n|poke|p2|Indeedee-F, L50, F|\n|poke|p2|Chien-Pao, L50|\n|poke|p2|Chi-Yu, L50|\n|teampreview|4\n|\n|t:|1684027278\n|start\n|switch|p1a: Chien-Pao|Chien-Pao, L50|100\/100\n|switch|p1b: Iron Hands|Iron Hands, L50|100\/100\n|switch|p2a: Chien-Pao|Chien-Pao, L50|100\/100\n|switch|p2b: Dragapult|Dragapult, L50, M|100\/100\n|-ability|p2a: Chien-Pao|Sword of Ruin\n|-ability|p1a: Chien-Pao|Sword of Ruin\n|turn|1\n|\n|t:|1684027296\n|switch|p2b: Chi-Yu|Chi-Yu, L50|100\/100\n|-ability|p2b: Chi-Yu|Beads of Ruin\n|move|p2a: Chien-Pao|Protect|p2a: Chien-Pao\n|-singleturn|p2a: Chien-Pao|Protect\n|move|p1a: Chien-Pao|Sucker Punch||[still]\n|-fail|p1a: Chien-Pao\n|move|p1b: Iron Hands|Drain Punch|p2a: Chien-Pao\n|-activate|p2a: Chien-Pao|move: Protect\n|\n|upkeep\n|turn|2\n|\n|t:|1684027319\n|switch|p1a: Dachsbun|Dachsbun, L50, F, shiny|100\/100\n|move|p2a: Chien-Pao|Sacred Sword|p1a: Dachsbun\n|-resisted|p1a: Dachsbun\n|-damage|p1a: Dachsbun|86\/100\n|move|p2b: Chi-Yu|Heat Wave|p1b: Iron Hands|[spread] p1b\n|-ability|p1a: Dachsbun|Well-Baked Body|boost\n|-boost|p1a: Dachsbun|def|2\n|-damage|p1b: Iron Hands|56\/100\n|move|p1b: Iron Hands|Drain Punch|p2a: Chien-Pao\n|-supereffective|p2a: Chien-Pao\n|-enditem|p2a: Chien-Pao|Focus Sash\n|-damage|p2a: Chien-Pao|1\/100\n|-heal|p1b: Iron Hands|86\/100|[from] drain|[of] p2a: Chien-Pao\n|\n|upkeep\n|turn|3\n|\n|t:|1684027355\n|switch|p2b: Dragapult|Dragapult, L50, M|100\/100\n|move|p2a: Chien-Pao|Ice Spinner|p1b: Iron Hands\n|-damage|p1b: Iron Hands|55\/100\n|move|p1a: Dachsbun|Body Press|p2b: Dragapult\n|-immune|p2b: Dragapult\n|move|p1b: Iron Hands|Volt Switch|p2a: Chien-Pao\n|-damage|p2a: Chien-Pao|0 fnt\n|faint|p2a: Chien-Pao\n|\n|t:|1684027362\n|-end|p1b: Iron Hands|Quark Drive|[silent]\n|switch|p1b: Chien-Pao|Chien-Pao, L50|100\/100|[from] Volt Switch\n|-ability|p1b: Chien-Pao|Sword of Ruin\n|\n|upkeep\n|\n|t:|1684027380\n|switch|p2a: Iron Bundle|Iron Bundle, L50|100\/100\n|-enditem|p2a: Iron Bundle|Booster Energy\n|-activate|p2a: Iron Bundle|ability: Quark Drive|[fromitem]\n|-start|p2a: Iron Bundle|quarkdrivespe\n|turn|4\n|\n|t:|1684027405\n|-terastallize|p2b: Dragapult|Dragon\n|move|p1b: Chien-Pao|Sucker Punch|p2a: Iron Bundle\n|-damage|p2a: Iron Bundle|34\/100\n|-damage|p1b: Chien-Pao|91\/100|[from] item: Life Orb\n|move|p2a: Iron Bundle|Hydro Pump|p1a: Dachsbun\n|-damage|p1a: Dachsbun|10\/100\n|-enditem|p1a: Dachsbun|Aguav Berry|[eat]\n|-heal|p1a: Dachsbun|42\/100|[from] item: Aguav Berry\n|move|p2b: Dragapult|Dragon Darts|p1b: Chien-Pao\n|-damage|p1b: Chien-Pao|21\/100\n|-anim|p2b: Dragapult|Dragon Darts|p1b: Chien-Pao\n|-damage|p1b: Chien-Pao|0 fnt\n|faint|p1b: Chien-Pao\n|move|p1a: Dachsbun|Play Rough|p2b: Dragapult\n|-supereffective|p2b: Dragapult\n|-damage|p2b: Dragapult|22\/100\n|\n|upkeep\n|\n|t:|1684027423\n|switch|p1b: Gastrodon|Gastrodon-East, L50, M|100\/100\n|turn|5\n|\n|t:|1684027450\n|-terastallize|p1b: Gastrodon|Fire\n|move|p1a: Dachsbun|Protect|p1a: Dachsbun\n|-singleturn|p1a: Dachsbun|Protect\n|move|p2a: Iron Bundle|Freeze-Dry|p1a: Dachsbun\n|-activate|p1a: Dachsbun|move: Protect\n|move|p2b: Dragapult|Dragon Darts|p1b: Gastrodon\n|-damage|p1b: Gastrodon|47\/100\n|-anim|p2b: Dragapult|Dragon Darts|p1b: Gastrodon\n|-damage|p1b: Gastrodon|0 fnt\n|faint|p1b: Gastrodon\n|\n|upkeep\n|\n|t:|1684027461\n|switch|p1b: Iron Hands|Iron Hands, L50|55\/100\n|turn|6\n|\n|t:|1684027493\n|move|p1b: Iron Hands|Fake Out|p2a: Iron Bundle\n|-damage|p2a: Iron Bundle|13\/100\n|cant|p2a: Iron Bundle|flinch\n|move|p2b: Dragapult|Dragon Darts|p1b: Iron Hands\n|-damage|p1b: Iron Hands|23\/100\n|-anim|p2b: Dragapult|Dragon Darts|p1b: Iron Hands\n|-damage|p1b: Iron Hands|0 fnt\n|faint|p1b: Iron Hands\n|-end|p1b: Iron Hands|Quark Drive|[silent]\n|move|p1a: Dachsbun|Body Press|p2a: Iron Bundle\n|-supereffective|p2a: Iron Bundle\n|-damage|p2a: Iron Bundle|0 fnt\n|faint|p2a: Iron Bundle\n|-end|p2a: Iron Bundle|Quark Drive|[silent]\n|\n|upkeep\n|\n|t:|1684027509\n|switch|p2a: Chi-Yu|Chi-Yu, L50|100\/100\n|-ability|p2a: Chi-Yu|Beads of Ruin\n|turn|7\n|\n|t:|1684027519\n|move|p2b: Dragapult|Dragon Darts|p1a: Dachsbun\n|-immune|p1a: Dachsbun\n|move|p2a: Chi-Yu|Dark Pulse|p1a: Dachsbun\n|-resisted|p1a: Dachsbun\n|-damage|p1a: Dachsbun|0 fnt\n|faint|p1a: Dachsbun\n|\n|win|adpg.2007\n","uploadtime":1684027536,"views":7,"p1id":"antonimo17","p2id":"adpg2007","formatid":"gen9vgc2023regulationc","rating":0,"private":0,"password":""}