{"id":"gen9vgc2023regulationc-1857101488","p1":"T8XICIDAD","p2":"Lukarioks","format":"[Gen 9] VGC 2023 Regulation C","log":"|j|\u2606T8XICIDAD\n|j|\u2606Lukarioks\n|t:|1683145918\n|gametype|doubles\n|player|p1|T8XICIDAD|clair|1110\n|player|p2|Lukarioks|101|1088\n|teamsize|p1|6\n|teamsize|p2|6\n|gen|9\n|tier|[Gen 9] VGC 2023 Regulation C\n|rated|\n|rule|Species Clause: Limit one of each Pok\u00e9mon\n|rule|Item Clause: Limit one of each item\n|clearpoke\n|poke|p1|Amoonguss, L50, M|\n|poke|p1|Palafin, L50, M|\n|poke|p1|Arcanine, L50, F|\n|poke|p1|Flutter Mane, L50|\n|poke|p1|Ting-Lu, L50|\n|poke|p1|Kingambit, L50, F|\n|poke|p2|Gyarados, L50, M|\n|poke|p2|Hydreigon, L50, M|\n|poke|p2|Chien-Pao, L50|\n|poke|p2|Lucario, L50, M|\n|poke|p2|Grimmsnarl, L50, M|\n|poke|p2|Flutter Mane, L50|\n|teampreview|4\n|inactive|Battle timer is ON: inactive players will automatically lose when time's up. (requested by Lukarioks)\nLukarioks rejected open team sheets.\n|inactive|T8XICIDAD has 60 seconds left.\n|\n|t:|1683145950\n|start\n|switch|p1a: Kingambit|Kingambit, L50, F|100\/100\n|switch|p1b: Arcanine|Arcanine, L50, F|100\/100\n|switch|p2a: Hydreigon|Hydreigon, L50, M|100\/100\n|switch|p2b: Gyarados|Gyarados, L50, M|100\/100\n|-ability|p2b: Gyarados|Intimidate|boost\n|-unboost|p1a: Kingambit|atk|1\n|-ability|p1a: Kingambit|Defiant|boost\n|-boost|p1a: Kingambit|atk|2\n|-unboost|p1b: Arcanine|atk|1\n|-ability|p1b: Arcanine|Intimidate|boost\n|-unboost|p2a: Hydreigon|atk|1\n|-unboost|p2b: Gyarados|atk|1\n|turn|1\n|inactive|Lukarioks has 30 seconds left.\n|inactive|Lukarioks has 20 seconds left.\n|inactive|T8XICIDAD has 30 seconds left.\n|inactive|Lukarioks has 15 seconds left.\n|inactive|Lukarioks has 10 seconds left.\n|\n|t:|1683145995\n|switch|p1b: Flutter Mane|Flutter Mane, L50|100\/100\n|-enditem|p1b: Flutter Mane|Booster Energy\n|-activate|p1b: Flutter Mane|ability: Protosynthesis|[fromitem]\n|-start|p1b: Flutter Mane|protosynthesisspe\n|move|p1a: Kingambit|Protect|p1a: Kingambit\n|-singleturn|p1a: Kingambit|Protect\n|move|p2a: Hydreigon|Tailwind|p2a: Hydreigon\n|-sidestart|p2: Lukarioks|move: Tailwind\n|move|p2b: Gyarados|Earthquake|p1a: Kingambit|[spread] p1b\n|-activate|p1a: Kingambit|move: Protect\n|-immune|p2a: Hydreigon|[from] ability: Levitate\n|-damage|p1b: Flutter Mane|72\/100\n|\n|upkeep\n|turn|2\n|inactive|Lukarioks has 30 seconds left.\n|inactive|Lukarioks has 20 seconds left.\n|inactive|Lukarioks has 15 seconds left.\n|inactive|Lukarioks has 10 seconds left.\n|\n|t:|1683146041\n|switch|p2a: Lucario|Lucario, L50, M|100\/100\n|move|p1b: Flutter Mane|Protect|p1b: Flutter Mane\n|-singleturn|p1b: Flutter Mane|Protect\n|move|p2b: Gyarados|Iron Head|p1b: Flutter Mane\n|-activate|p1b: Flutter Mane|move: Protect\n|move|p1a: Kingambit|Swords Dance|p1a: Kingambit\n|-boost|p1a: Kingambit|atk|2\n|\n|upkeep\n|turn|3\n|\n|t:|1683146062\n|-end|p1b: Flutter Mane|Protosynthesis|[silent]\n|switch|p1b: Arcanine|Arcanine, L50, F|100\/100\n|-ability|p1b: Arcanine|Intimidate|boost\n|-unboost|p2a: Lucario|atk|1\n|-unboost|p2b: Gyarados|atk|1\n|move|p1a: Kingambit|Protect|p1a: Kingambit\n|-singleturn|p1a: Kingambit|Protect\n|move|p2a: Lucario|Aura Sphere|p1a: Kingambit\n|-activate|p1a: Kingambit|move: Protect\n|move|p2b: Gyarados|Iron Head|p1b: Arcanine\n|-resisted|p1b: Arcanine\n|-damage|p1b: Arcanine|93\/100\n|\n|upkeep\n|turn|4\n|inactive|T8XICIDAD has 30 seconds left.\n|inactive|Lukarioks has 30 seconds left.\n|\n|t:|1683146098\n|-terastallize|p1a: Kingambit|Dark\n|move|p2a: Lucario|Aura Sphere|p1a: Kingambit\n|-supereffective|p1a: Kingambit\n|-damage|p1a: Kingambit|22\/100\n|move|p2b: Gyarados|Dragon Dance|p2b: Gyarados\n|-boost|p2b: Gyarados|atk|1\n|-boost|p2b: Gyarados|spe|1\n|move|p1b: Arcanine|Flare Blitz|p2a: Lucario\n|-supereffective|p2a: Lucario\n|-damage|p2a: Lucario|0 fnt\n|faint|p2a: Lucario\n|-damage|p1b: Arcanine|68\/100|[from] Recoil\n|move|p1a: Kingambit|Kowtow Cleave|p2b: Gyarados\n|-damage|p2b: Gyarados|0 fnt\n|faint|p2b: Gyarados\n|\n|-sideend|p2: Lukarioks|move: Tailwind\n|upkeep\n|\n|t:|1683146120\n|switch|p2a: Flutter Mane|Flutter Mane, L50|100\/100\n|switch|p2b: Hydreigon|Hydreigon, L50, M|100\/100\n|-enditem|p2a: Flutter Mane|Booster Energy\n|-activate|p2a: Flutter Mane|ability: Protosynthesis|[fromitem]\n|-start|p2a: Flutter Mane|protosynthesisspa\n|turn|5\n|\n|t:|1683146144\n|switch|p1b: Amoonguss|Amoonguss, L50, M|100\/100\n|move|p1a: Kingambit|Sucker Punch|p2a: Flutter Mane\n|-damage|p2a: Flutter Mane|0 fnt\n|faint|p2a: Flutter Mane\n|-end|p2a: Flutter Mane|Protosynthesis|[silent]\n|move|p2b: Hydreigon|Nasty Plot|p2b: Hydreigon\n|-boost|p2b: Hydreigon|spa|2\n|\n|upkeep\n|turn|6\n|\n|t:|1683146159\n|move|p1b: Amoonguss|Rage Powder|p1b: Amoonguss\n|-singleturn|p1b: Amoonguss|move: Rage Powder\n|move|p2b: Hydreigon|Dark Pulse|p1b: Amoonguss\n|-damage|p1b: Amoonguss|30\/100\n|move|p1a: Kingambit|Kowtow Cleave|p2b: Hydreigon\n|-resisted|p2b: Hydreigon\n|-damage|p2b: Hydreigon|0 fnt\n|faint|p2b: Hydreigon\n|\n|win|T8XICIDAD\n|raw|T8XICIDAD's rating: 1110 → 1133<\/strong> (+23 for winning)\n|raw|Lukarioks's rating: 1088 → 1066<\/strong> (-22 for losing)\n","uploadtime":1683146168,"views":8,"p1id":"t8xicidad","p2id":"lukarioks","formatid":"gen9vgc2023regulationc","rating":1066,"private":0,"password":""}