{"id":"gen9vgc2023regulationc-1851373367","p1":"TGH_sr","p2":"Areota","format":"[Gen 9] VGC 2023 Regulation C","log":"|j|\u2606TGH_sr\n|j|\u2606Areota\n|t:|1682439906\n|gametype|doubles\n|player|p1|TGH_sr|steven|1366\n|player|p2|Areota|265|1300\n|teamsize|p1|6\n|teamsize|p2|6\n|gen|9\n|tier|[Gen 9] VGC 2023 Regulation C\n|rated|\n|rule|Species Clause: Limit one of each Pok\u00e9mon\n|rule|Item Clause: Limit one of each item\n|clearpoke\n|poke|p1|Gyarados, L50, F|\n|poke|p1|Flutter Mane, L50|\n|poke|p1|Garchomp, L50, F|\n|poke|p1|Talonflame, L50, F|\n|poke|p1|Palafin, L50, F|\n|poke|p1|Amoonguss, L50, M|\n|poke|p2|Palafin, L50, M|\n|poke|p2|Chien-Pao, L50|\n|poke|p2|Amoonguss, L50, M|\n|poke|p2|Arcanine, L50, F|\n|poke|p2|Flutter Mane, L50|\n|poke|p2|Roaring Moon, L50|\n|teampreview|4\nTGH_sr has agreed to open team sheets.\n|inactive|Battle timer is ON: inactive players will automatically lose when time's up. (requested by Areota)\n|\n|t:|1682439945\n|start\n|switch|p1a: Amoonguss|Amoonguss, L50, M|100\/100\n|switch|p1b: Garchomp|Garchomp, L50, F|100\/100\n|switch|p2a: Flutter Mane|Flutter Mane, L50|100\/100\n|switch|p2b: Amoonguss|Amoonguss, L50, M, shiny|100\/100\n|turn|1\n|inactive|TGH_sr has 30 seconds left.\n|inactive|TGH_sr has 20 seconds left.\n|inactive|TGH_sr has 15 seconds left.\n|inactive|TGH_sr has 10 seconds left.\n|\n|t:|1682439993\n|switch|p2b: Arcanine|Arcanine, L50, F, shiny|100\/100\n|-ability|p2b: Arcanine|Intimidate|boost\n|-unboost|p1a: Amoonguss|atk|1\n|-fail|p1b: Garchomp|unboost|[from] item: Clear Amulet|[of] p1b: Garchomp\n|move|p1b: Garchomp|Protect|p1b: Garchomp\n|-singleturn|p1b: Garchomp|Protect\n|move|p2a: Flutter Mane|Psyshock|p1a: Amoonguss\n|-supereffective|p1a: Amoonguss\n|-damage|p1a: Amoonguss|30\/100\n|-enditem|p1a: Amoonguss|Sitrus Berry|[eat]\n|-heal|p1a: Amoonguss|55\/100|[from] item: Sitrus Berry\n|move|p1a: Amoonguss|Spore|p2a: Flutter Mane\n|-status|p2a: Flutter Mane|slp|[from] move: Spore\n|\n|upkeep\n|turn|2\n|\n|t:|1682440017\n|-end|p2a: Flutter Mane|Protosynthesis|[silent]\n|switch|p2a: Amoonguss|Amoonguss, L50, M, shiny|100\/100\n|-terastallize|p2b: Arcanine|Flying\n|move|p1a: Amoonguss|Rage Powder|p1a: Amoonguss\n|-singleturn|p1a: Amoonguss|move: Rage Powder\n|move|p1b: Garchomp|Swords Dance|p1b: Garchomp\n|-boost|p1b: Garchomp|atk|2\n|move|p2b: Arcanine|Will-O-Wisp|p1b: Garchomp\n|-status|p1b: Garchomp|brn\n|\n|-damage|p1b: Garchomp|94\/100 brn|[from] brn\n|upkeep\n|turn|3\n|inactive|TGH_sr has 30 seconds left.\n|inactive|Areota has 30 seconds left.\n|inactive|TGH_sr has 20 seconds left.\n|inactive|TGH_sr has 15 seconds left.\n|\n|t:|1682440062\n|switch|p2a: Flutter Mane|Flutter Mane, L50|100\/100 slp\n|-terastallize|p1a: Amoonguss|Flying\n|move|p1b: Garchomp|Earthquake|p2a: Flutter Mane|[spread] p2a\n|-immune|p1a: Amoonguss\n|-immune|p2b: Arcanine\n|-damage|p2a: Flutter Mane|47\/100 slp\n|move|p2b: Arcanine|Flare Blitz|p1a: Amoonguss\n|-damage|p1a: Amoonguss|17\/100\n|-damage|p2b: Arcanine|87\/100|[from] Recoil\n|move|p1a: Amoonguss|Spore|p2b: Arcanine\n|-activate|p2b: Arcanine|item: Safety Goggles|Spore\n|\n|-damage|p1b: Garchomp|88\/100 brn|[from] brn\n|upkeep\n|turn|4\n|inactive|TGH_sr has 30 seconds left.\n|inactive|Areota has 30 seconds left.\n|inactive|TGH_sr has 20 seconds left.\n|inactive|TGH_sr has 15 seconds left.\n|inactive|TGH_sr has 10 seconds left.\n|\n|t:|1682440110\n|-end|p2a: Flutter Mane|Protosynthesis|[silent]\n|switch|p2a: Amoonguss|Amoonguss, L50, M, shiny|100\/100\n|move|p2b: Arcanine|Protect|p2b: Arcanine\n|-singleturn|p2b: Arcanine|Protect\n|move|p1b: Garchomp|Earthquake|p2b: Arcanine|[spread] p2a\n|-activate|p2b: Arcanine|move: Protect\n|-immune|p1a: Amoonguss\n|-damage|p2a: Amoonguss|69\/100\n|move|p1a: Amoonguss|Pollen Puff|p1b: Garchomp\n|-heal|p1b: Garchomp|100\/100 brn\n|\n|-damage|p1b: Garchomp|94\/100 brn|[from] brn\n|upkeep\n|turn|5\n|\n|t:|1682440135\n|switch|p1a: Talonflame|Talonflame, L50, F|100\/100\n|move|p1b: Garchomp|Protect|p1b: Garchomp\n|-singleturn|p1b: Garchomp|Protect\n|move|p2b: Arcanine|Extreme Speed|p1a: Talonflame\n|-damage|p1a: Talonflame|71\/100\n|-damage|p2b: Arcanine|70\/100|[from] item: Rocky Helmet|[of] p1a: Talonflame\n|move|p2a: Amoonguss|Clear Smog|p1b: Garchomp\n|-activate|p1b: Garchomp|move: Protect\n|\n|-damage|p1b: Garchomp|88\/100 brn|[from] brn\n|upkeep\n|turn|6\n|inactive|TGH_sr has 30 seconds left.\n|inactive|TGH_sr has 20 seconds left.\n|inactive|TGH_sr has 15 seconds left.\n|\n|t:|1682440179\n|switch|p1b: Flutter Mane|Flutter Mane, L50|100\/100\n|move|p1a: Talonflame|Taunt|p2a: Amoonguss\n|-start|p2a: Amoonguss|move: Taunt\n|move|p2b: Arcanine|Flare Blitz|p1a: Talonflame\n|-resisted|p1a: Talonflame\n|-damage|p1a: Talonflame|36\/100\n|-damage|p2b: Arcanine|54\/100|[from] item: Rocky Helmet|[of] p1a: Talonflame\n|-damage|p2b: Arcanine|44\/100|[from] Recoil\n|move|p2a: Amoonguss|Clear Smog|p1b: Flutter Mane\n|-damage|p1b: Flutter Mane|84\/100\n|-clearboost|p1b: Flutter Mane\n|\n|upkeep\n|turn|7\n|\n|t:|1682440204\n|move|p2b: Arcanine|Extreme Speed|p1a: Talonflame\n|-damage|p1a: Talonflame|10\/100\n|-damage|p2b: Arcanine|27\/100|[from] item: Rocky Helmet|[of] p1a: Talonflame\n|move|p1a: Talonflame|Brave Bird|p2a: Amoonguss\n|-supereffective|p2a: Amoonguss\n|-damage|p2a: Amoonguss|8\/100\n|-enditem|p2a: Amoonguss|Sitrus Berry|[eat]\n|-heal|p2a: Amoonguss|33\/100|[from] item: Sitrus Berry\n|-damage|p1a: Talonflame|0 fnt|[from] Recoil\n|faint|p1a: Talonflame\n|move|p1b: Flutter Mane|Thunderbolt|p2b: Arcanine\n|-supereffective|p2b: Arcanine\n|-damage|p2b: Arcanine|0 fnt\n|faint|p2b: Arcanine\n|move|p2a: Amoonguss|Pollen Puff|p2: Arcanine|[notarget]\n|-fail|p2a: Amoonguss\n|\n|upkeep\n|\n|t:|1682440223\n|switch|p1a: Garchomp|Garchomp, L50, F|88\/100 brn\n|switch|p2b: Roaring Moon|Roaring Moon, L50, shiny|100\/100\n|-enditem|p2b: Roaring Moon|Booster Energy\n|-activate|p2b: Roaring Moon|ability: Protosynthesis|[fromitem]\n|-start|p2b: Roaring Moon|protosynthesisspe\n|turn|8\n|\n|t:|1682440244\n|-end|p1b: Flutter Mane|Protosynthesis|[silent]\n|switch|p1b: Amoonguss|Amoonguss, L50, M, tera:Flying|51\/100\n|switch|p2a: Flutter Mane|Flutter Mane, L50|47\/100 slp\n|move|p1a: Garchomp|Protect|p1a: Garchomp\n|-singleturn|p1a: Garchomp|Protect\n|move|p2b: Roaring Moon|Acrobatics|p1b: Amoonguss\n|-damage|p1b: Amoonguss|17\/100\n|\n|-damage|p1a: Garchomp|82\/100 brn|[from] brn\n|upkeep\n|turn|9\n|inactive|TGH_sr has 30 seconds left.\n|inactive|TGH_sr has 20 seconds left.\n|\n|t:|1682440280\n|move|p2b: Roaring Moon|Protect|p2b: Roaring Moon\n|-singleturn|p2b: Roaring Moon|Protect\n|move|p1b: Amoonguss|Rage Powder|p1b: Amoonguss\n|-singleturn|p1b: Amoonguss|move: Rage Powder\n|cant|p2a: Flutter Mane|slp\n|move|p1a: Garchomp|Earthquake|p2b: Roaring Moon|[spread] p2a\n|-activate|p2b: Roaring Moon|move: Protect\n|-immune|p1b: Amoonguss\n|-damage|p2a: Flutter Mane|20\/100 slp\n|\n|-damage|p1a: Garchomp|76\/100 brn|[from] brn\n|upkeep\n|turn|10\n|inactive|TGH_sr has 30 seconds left.\n|\n|t:|1682440314\n|move|p1b: Amoonguss|Rage Powder|p1b: Amoonguss\n|-singleturn|p1b: Amoonguss|move: Rage Powder\n|move|p2b: Roaring Moon|Dragon Dance|p2b: Roaring Moon\n|-boost|p2b: Roaring Moon|atk|1\n|-boost|p2b: Roaring Moon|spe|1\n|-curestatus|p2a: Flutter Mane|slp|[msg]\n|move|p2a: Flutter Mane|Moonblast|p1b: Amoonguss\n|-crit|p1b: Amoonguss\n|-damage|p1b: Amoonguss|0 fnt\n|faint|p1b: Amoonguss\n|move|p1a: Garchomp|Earthquake|p2b: Roaring Moon|[spread] p2a,p2b\n|-damage|p2a: Flutter Mane|0 fnt\n|-damage|p2b: Roaring Moon|74\/100\n|faint|p2a: Flutter Mane\n|-end|p2a: Flutter Mane|Protosynthesis|[silent]\n|\n|-damage|p1a: Garchomp|70\/100 brn|[from] brn\n|upkeep\n|\n|t:|1682440330\n|switch|p2a: Amoonguss|Amoonguss, L50, M, shiny|66\/100\n|switch|p1b: Flutter Mane|Flutter Mane, L50|84\/100\n|turn|11\n|inactive|TGH_sr has 30 seconds left.\n|\n|t:|1682440362\n|move|p1a: Garchomp|Protect|p1a: Garchomp\n|-singleturn|p1a: Garchomp|Protect\n|move|p2b: Roaring Moon|Acrobatics|p1b: Flutter Mane\n|-damage|p1b: Flutter Mane|0 fnt\n|faint|p1b: Flutter Mane\n|-end|p1b: Flutter Mane|Protosynthesis|[silent]\n|move|p2a: Amoonguss|Pollen Puff|p2b: Roaring Moon\n|-heal|p2b: Roaring Moon|100\/100\n|\n|-damage|p1a: Garchomp|64\/100 brn|[from] brn\n|upkeep\n|turn|12\n|c|\u2606Areota|Gg\n|c|\u2606TGH_sr|gg\n|\n|t:|1682440386\n|move|p2b: Roaring Moon|Acrobatics|p1a: Garchomp\n|-damage|p1a: Garchomp|5\/100 brn\n|-damage|p2b: Roaring Moon|88\/100|[from] ability: Rough Skin|[of] p1a: Garchomp\n|move|p1a: Garchomp|Earthquake|p2b: Roaring Moon|[spread] p2a,p2b\n|-damage|p2a: Amoonguss|49\/100\n|-damage|p2b: Roaring Moon|61\/100\n|move|p2a: Amoonguss|Pollen Puff|p2b: Roaring Moon\n|-heal|p2b: Roaring Moon|100\/100\n|\n|-damage|p1a: Garchomp|0 fnt|[from] brn\n|faint|p1a: Garchomp\n|\n|win|Areota\n|upkeep\n|raw|TGH_sr's rating: 1366 → 1342<\/strong> (-24 for losing)\n|raw|Areota's rating: 1300 → 1330<\/strong> (+30 for winning)\n|l|\u2606TGH_sr\n","uploadtime":1682440407,"views":8,"p1id":"tghsr","p2id":"areota","formatid":"gen9vgc2023regulationc","rating":1330,"private":0,"password":""}