{"id":"gen9vgc2023regulationc-1861807700","p1":"PixelDupe1","p2":"rambah","format":"[Gen 9] VGC 2023 Regulation C","log":"|j|\u2606PixelDupe1\n|j|\u2606rambah\n|t:|1683810759\n|gametype|doubles\n|player|p1|PixelDupe1|palmer|1414\n|player|p2|rambah|dawn|1335\n|teamsize|p1|6\n|teamsize|p2|6\n|gen|9\n|tier|[Gen 9] VGC 2023 Regulation C\n|rated|\n|rule|Species Clause: Limit one of each Pok\u00e9mon\n|rule|Item Clause: Limit one of each item\n|clearpoke\n|poke|p1|Iron Hands, L50|\n|poke|p1|Oranguru, L50, M|\n|poke|p1|Abomasnow, L50, F|\n|poke|p1|Iron Bundle, L50|\n|poke|p1|Flutter Mane, L50|\n|poke|p1|Garganacl, L50, M|\n|poke|p2|Iron Bundle, L50|\n|poke|p2|Flutter Mane, L50|\n|poke|p2|Chi-Yu, L50|\n|poke|p2|Kingambit, L50, M|\n|poke|p2|Amoonguss, L50, M|\n|poke|p2|Iron Hands, L50|\n|teampreview|4\nrambah has agreed to open team sheets.\nPixelDupe1 has agreed to open team sheets.\n|\n|t:|1683810812\n|start\n|switch|p1a: Mr. Hands|Iron Hands, L50|100\/100\n|switch|p1b: Bell|Oranguru, L50, M|100\/100\n|switch|p2a: Iron Hands|Iron Hands, L50|100\/100\n|switch|p2b: Chi-Yu|Chi-Yu, L50|100\/100\n|-ability|p2b: Chi-Yu|Beads of Ruin\n|turn|1\n|inactive|Battle timer is ON: inactive players will automatically lose when time's up. (requested by rambah)\n|inactive|PixelDupe1 has 60 seconds left.\n|\n|t:|1683810851\n|-terastallize|p1a: Mr. Hands|Fire\n|move|p2a: Iron Hands|Fake Out|p1b: Bell\n|-damage|p1b: Bell|86\/100\n|move|p2b: Chi-Yu|Nasty Plot|p2b: Chi-Yu\n|-boost|p2b: Chi-Yu|spa|2\n|move|p1a: Mr. Hands|Drain Punch|p2b: Chi-Yu\n|-supereffective|p2b: Chi-Yu\n|-damage|p2b: Chi-Yu|0 fnt\n|faint|p2b: Chi-Yu\n|move|p1b: Bell|Trick Room|p1b: Bell\n|-fieldstart|move: Trick Room|[of] p1b: Bell\n|\n|upkeep\n|\n|t:|1683810862\n|switch|p2b: Kingambit|Kingambit, L50, M|100\/100\n|turn|2\n|\n|t:|1683810883\n|-terastallize|p2b: Kingambit|Flying\n|move|p1b: Bell|Instruct|p1a: Mr. Hands\n|-singleturn|p1a: Mr. Hands|move: Instruct|[of] p1b: Bell\n|move|p1a: Mr. Hands|Drain Punch|p2b: Kingambit\n|-resisted|p2b: Kingambit\n|-damage|p2b: Kingambit|84\/100\n|move|p2b: Kingambit|Swords Dance|p2b: Kingambit\n|-boost|p2b: Kingambit|atk|2\n|move|p2a: Iron Hands|Drain Punch|p1a: Mr. Hands\n|-damage|p1a: Mr. Hands|73\/100\n|move|p1a: Mr. Hands|Wild Charge|p2b: Kingambit\n|-supereffective|p2b: Kingambit\n|-damage|p2b: Kingambit|0 fnt\n|faint|p2b: Kingambit\n|-damage|p1a: Mr. Hands|54\/100|[from] Recoil\n|\n|upkeep\n|\n|t:|1683810898\n|switch|p2b: Flutter Mane|Flutter Mane, L50|100\/100\n|-enditem|p2b: Flutter Mane|Booster Energy\n|-activate|p2b: Flutter Mane|ability: Protosynthesis|[fromitem]\n|-start|p2b: Flutter Mane|protosynthesisspe\n|turn|3\n|\n|t:|1683810913\n|move|p2b: Flutter Mane|Protect|p2b: Flutter Mane\n|-singleturn|p2b: Flutter Mane|Protect\n|move|p1b: Bell|Instruct|p1a: Mr. Hands\n|-singleturn|p1a: Mr. Hands|move: Instruct|[of] p1b: Bell\n|move|p1a: Mr. Hands|Wild Charge|p2b: Flutter Mane\n|-activate|p2b: Flutter Mane|move: Protect\n|move|p2a: Iron Hands|Drain Punch|p1a: Mr. Hands\n|-damage|p1a: Mr. Hands|25\/100\n|move|p1a: Mr. Hands|Drain Punch|p2a: Iron Hands\n|-damage|p2a: Iron Hands|71\/100\n|-heal|p1a: Mr. Hands|40\/100|[from] drain|[of] p2a: Iron Hands\n|\n|upkeep\n|turn|4\n|\n|t:|1683810934\n|move|p1b: Bell|Instruct|p1a: Mr. Hands\n|-singleturn|p1a: Mr. Hands|move: Instruct|[of] p1b: Bell\n|move|p1a: Mr. Hands|Drain Punch|p2a: Iron Hands\n|-damage|p2a: Iron Hands|39\/100\n|-heal|p1a: Mr. Hands|58\/100|[from] drain|[of] p2a: Iron Hands\n|move|p2a: Iron Hands|Drain Punch|p1b: Bell\n|-damage|p1b: Bell|47\/100\n|-heal|p2a: Iron Hands|55\/100|[from] drain|[of] p1b: Bell\n|-enditem|p1b: Bell|Sitrus Berry|[eat]\n|-heal|p1b: Bell|72\/100|[from] item: Sitrus Berry\n|move|p1a: Mr. Hands|Wild Charge|p2b: Flutter Mane\n|-damage|p2b: Flutter Mane|0 fnt\n|faint|p2b: Flutter Mane\n|-end|p2b: Flutter Mane|Protosynthesis|[silent]\n|-damage|p1a: Mr. Hands|43\/100|[from] Recoil\n|\n|upkeep\n|turn|5\n|-message|rambah forfeited.\n|\n|win|PixelDupe1\n|raw|PixelDupe1's rating: 1414 → 1430<\/strong> (+16 for winning)\n|raw|rambah's rating: 1335 → 1319<\/strong> (-16 for losing)\n|l|\u2606rambah\n|l|\u2606PixelDupe1\n|j|\u2606PixelDupe1\n|player|p1|PixelDupe1|palmer\n","uploadtime":1683810961,"views":17,"p1id":"pixeldupe1","p2id":"rambah","formatid":"gen9vgc2023regulationc","rating":1319,"private":0,"password":""}