{"id":"gen9vgc2023regulationc-1850476481","p1":"memeshe","p2":"paddy13","format":"[Gen 9] VGC 2023 Regulation C","log":"|j|\u2606memeshe\n|j|\u2606paddy13\n|t:|1682341037\n|gametype|doubles\n|player|p1|memeshe|169|1117\n|player|p2|paddy13|265|1179\n|teamsize|p1|6\n|teamsize|p2|6\n|gen|9\n|tier|[Gen 9] VGC 2023 Regulation C\n|rated|\n|rule|Species Clause: Limit one of each Pok\u00e9mon\n|rule|Item Clause: Limit one of each item\n|clearpoke\n|poke|p1|Numel, L50, F|\n|poke|p1|Dachsbun, L50, F|\n|poke|p1|Tatsugiri, L50, M|\n|poke|p1|Bombirdier, L50, F|\n|poke|p1|Espathra, L50, M|\n|poke|p1|Vivillon, L50, M|\n|poke|p2|Grafaiai, L50, M|\n|poke|p2|Tinkaton, L50, F|\n|poke|p2|Flamigo, L50, M|\n|poke|p2|Arcanine, L50, M|\n|poke|p2|Flutter Mane, L50|\n|poke|p2|Espathra, L50, F|\n|teampreview|4\n|inactive|Battle timer is ON: inactive players will automatically lose when time's up. (requested by paddy13)\n|inactive|memeshe also wants the timer to be on.\n|inactive|memeshe has 60 seconds left.\n|\n|t:|1682341074\n|start\n|switch|p1a: Numel|Numel, L50, F|100\/100\n|switch|p1b: Vivillon|Vivillon, L50, M|100\/100\n|switch|p2a: Tinkaton|Tinkaton, L50, F|100\/100\n|switch|p2b: Espathra|Espathra, L50, F|100\/100\n|turn|1\n|inactive|memeshe has 30 seconds left.\n|\n|t:|1682341099\n|-terastallize|p1b: Vivillon|Ghost\n|move|p2a: Tinkaton|Fake Out|p1a: Numel\n|-damage|p1a: Numel|91\/100\n|move|p1b: Vivillon|Pollen Puff|p1a: Numel\n|-heal|p1a: Numel|100\/100\n|move|p2b: Espathra|Lumina Crash|p1b: Vivillon\n|-damage|p1b: Vivillon|42\/100\n|-unboost|p1b: Vivillon|spd|2\n|cant|p1a: Numel|flinch\n|\n|-ability|p2b: Espathra|Speed Boost|boost\n|-boost|p2b: Espathra|spe|1\n|upkeep\n|turn|2\n|\n|t:|1682341120\n|move|p1b: Vivillon|Protect|p1b: Vivillon\n|-singleturn|p1b: Vivillon|Protect\n|move|p2b: Espathra|Lumina Crash|p1b: Vivillon\n|-activate|p1b: Vivillon|move: Protect\n|move|p2a: Tinkaton|Gigaton Hammer|p1a: Numel\n|-resisted|p1a: Numel\n|-damage|p1a: Numel|71\/100\n|move|p1a: Numel|Stockpile|p1a: Numel\n|-start|p1a: Numel|stockpile1\n|-boost|p1a: Numel|def|2\n|-boost|p1a: Numel|spd|2\n|\n|-ability|p2b: Espathra|Speed Boost|boost\n|-boost|p2b: Espathra|spe|1\n|upkeep\n|turn|3\n|\n|t:|1682341141\n|switch|p2a: Flamigo|Flamigo, L50, M|100\/100\n|-copyboost|p2a: Flamigo|p2b: Espathra|[from] ability: Costar\n|move|p1b: Vivillon|Rage Powder|p1b: Vivillon\n|-singleturn|p1b: Vivillon|move: Rage Powder\n|move|p2b: Espathra|Lumina Crash|p1b: Vivillon\n|-damage|p1b: Vivillon|0 fnt\n|faint|p1b: Vivillon\n|move|p1a: Numel|Stockpile|p1a: Numel\n|-start|p1a: Numel|stockpile2\n|-boost|p1a: Numel|def|2\n|-boost|p1a: Numel|spd|2\n|\n|-ability|p2b: Espathra|Speed Boost|boost\n|-boost|p2b: Espathra|spe|1\n|upkeep\n|\n|t:|1682341156\n|switch|p1b: Dachsbun|Dachsbun, L50, F, shiny|100\/100\n|turn|4\n|\n|t:|1682341169\n|-terastallize|p2a: Flamigo|Flying\n|move|p2a: Flamigo|Brave Bird|p1a: Numel\n|-damage|p1a: Numel|45\/100\n|-damage|p2a: Flamigo|91\/100|[from] Recoil\n|move|p2b: Espathra|Lumina Crash|p1b: Dachsbun\n|-damage|p1b: Dachsbun|78\/100\n|-unboost|p1b: Dachsbun|spd|2\n|move|p1b: Dachsbun|Snarl|p2b: Espathra|[spread] p2a,p2b\n|-supereffective|p2b: Espathra\n|-damage|p2a: Flamigo|82\/100\n|-damage|p2b: Espathra|88\/100\n|-unboost|p2a: Flamigo|spa|1\n|-unboost|p2b: Espathra|spa|1\n|move|p1a: Numel|Lava Plume|p2a: Flamigo|[spread] p2a,p2b\n|-ability|p1b: Dachsbun|Well-Baked Body|boost\n|-boost|p1b: Dachsbun|def|2\n|-damage|p2a: Flamigo|57\/100\n|-damage|p2b: Espathra|68\/100\n|-status|p2a: Flamigo|brn\n|\n|-heal|p2b: Espathra|74\/100|[from] item: Leftovers\n|-damage|p2a: Flamigo|52\/100 brn|[from] brn\n|-ability|p2b: Espathra|Speed Boost|boost\n|-boost|p2b: Espathra|spe|1\n|upkeep\n|turn|5\n|inactive|memeshe has 30 seconds left.\n|inactive|paddy13 has 30 seconds left.\n|\n|t:|1682341196\n|move|p2a: Flamigo|Brave Bird|p1a: Numel\n|-damage|p1a: Numel|32\/100\n|-damage|p2a: Flamigo|47\/100 brn|[from] Recoil\n|move|p2b: Espathra|Lumina Crash|p1b: Dachsbun\n|-damage|p1b: Dachsbun|50\/100\n|-unboost|p1b: Dachsbun|spd|2\n|move|p1b: Dachsbun|Snarl|p2a: Flamigo|[spread] p2a,p2b\n|-supereffective|p2b: Espathra\n|-damage|p2a: Flamigo|38\/100 brn\n|-damage|p2b: Espathra|59\/100\n|-unboost|p2a: Flamigo|spa|1\n|-unboost|p2b: Espathra|spa|1\n|move|p1a: Numel|Lava Plume|p2a: Flamigo|[spread] p2a,p2b\n|-ability|p1b: Dachsbun|Well-Baked Body|boost\n|-boost|p1b: Dachsbun|def|2\n|-damage|p2a: Flamigo|16\/100 brn\n|-damage|p2b: Espathra|40\/100\n|-status|p2b: Espathra|brn\n|\n|-heal|p2b: Espathra|46\/100 brn|[from] item: Leftovers\n|-damage|p2a: Flamigo|10\/100 brn|[from] brn\n|-damage|p2b: Espathra|40\/100 brn|[from] brn\n|-ability|p2b: Espathra|Speed Boost|boost\n|-boost|p2b: Espathra|spe|1\n|upkeep\n|turn|6\n|inactive|memeshe has 30 seconds left.\n|inactive|paddy13 has 30 seconds left.\n|\n|t:|1682341223\n|move|p2a: Flamigo|Brave Bird|p1a: Numel\n|-damage|p1a: Numel|17\/100\n|-damage|p2a: Flamigo|5\/100 brn|[from] Recoil\n|move|p2b: Espathra|Lumina Crash|p1a: Numel\n|-damage|p1a: Numel|13\/100\n|-unboost|p1a: Numel|spd|4\n|move|p1b: Dachsbun|Body Press|p2b: Espathra\n|-resisted|p2b: Espathra\n|-damage|p2b: Espathra|9\/100 brn\n|move|p1a: Numel|Lava Plume|p2a: Flamigo|[spread] p2a,p2b\n|-ability|p1b: Dachsbun|Well-Baked Body|boost\n|-boost|p1b: Dachsbun|def|2\n|-damage|p2a: Flamigo|0 fnt\n|-damage|p2b: Espathra|0 fnt\n|faint|p2a: Flamigo\n|faint|p2b: Espathra\n|\n|upkeep\n|\n|t:|1682341238\n|switch|p2a: Flutter Mane|Flutter Mane, L50|100\/100\n|switch|p2b: Tinkaton|Tinkaton, L50, F|100\/100\n|-enditem|p2a: Flutter Mane|Booster Energy\n|-activate|p2a: Flutter Mane|ability: Protosynthesis|[fromitem]\n|-start|p2a: Flutter Mane|protosynthesisspa\n|turn|7\n|\n|t:|1682341259\n|move|p1a: Numel|Protect|p1a: Numel\n|-singleturn|p1a: Numel|Protect\n|move|p2b: Tinkaton|Fake Out|p1b: Dachsbun\n|-damage|p1b: Dachsbun|47\/100\n|move|p2a: Flutter Mane|Shadow Ball|p1a: Numel\n|-activate|p1a: Numel|move: Protect\n|cant|p1b: Dachsbun|flinch\n|\n|upkeep\n|turn|8\n|\n|t:|1682341275\n|move|p2a: Flutter Mane|Shadow Ball|p1a: Numel\n|-damage|p1a: Numel|0 fnt\n|faint|p1a: Numel\n|move|p2b: Tinkaton|Gigaton Hammer|p1b: Dachsbun\n|-supereffective|p1b: Dachsbun\n|-damage|p1b: Dachsbun|21\/100\n|move|p1b: Dachsbun|Snarl|p2b: Tinkaton|[spread] p2b\n|-miss|p1b: Dachsbun|p2a: Flutter Mane\n|-resisted|p2b: Tinkaton\n|-damage|p2b: Tinkaton|98\/100\n|-unboost|p2b: Tinkaton|spa|1\n|\n|upkeep\n|\n|t:|1682341287\n|switch|p1a: Bombirdier|Bombirdier, L50, F|100\/100\n|turn|9\n|\n|t:|1682341303\n|move|p1a: Bombirdier|Sucker Punch|p2a: Flutter Mane\n|-damage|p2a: Flutter Mane|0 fnt\n|faint|p2a: Flutter Mane\n|-end|p2a: Flutter Mane|Protosynthesis|[silent]\n|move|p2b: Tinkaton|Play Rough|p1a: Bombirdier\n|-supereffective|p1a: Bombirdier\n|-damage|p1a: Bombirdier|0 fnt\n|faint|p1a: Bombirdier\n|move|p1b: Dachsbun|Body Press|p2b: Tinkaton\n|-damage|p2b: Tinkaton|0 fnt\n|faint|p2b: Tinkaton\n|\n|win|memeshe\n|raw|memeshe's rating: 1117 → 1146<\/strong> (+29 for winning)\n|raw|paddy13's rating: 1179 → 1150<\/strong> (-29 for losing)\n","uploadtime":1682341320,"views":29,"p1id":"memeshe","p2id":"paddy13","formatid":"gen9vgc2023regulationc","rating":1146,"private":0,"password":""}