{"id":"gen9vgc2023regulationc-1858222679","p1":"HoodWNKD","p2":"nhubhuk","format":"[Gen 9] VGC 2023 Regulation C","log":"|j|\u2606HoodWNKD\n|j|\u2606nhubhuk\n|t:|1683292666\n|gametype|doubles\n|player|p1|HoodWNKD|juan|1200\n|player|p2|nhubhuk|lucas|1245\n|teamsize|p1|6\n|teamsize|p2|6\n|gen|9\n|tier|[Gen 9] VGC 2023 Regulation C\n|rated|\n|rule|Species Clause: Limit one of each Pok\u00e9mon\n|rule|Item Clause: Limit one of each item\n|clearpoke\n|poke|p1|Amoonguss, L50, F|\n|poke|p1|Arcanine, L50, F|\n|poke|p1|Rotom-Wash, L50|\n|poke|p1|Annihilape, L50, M|\n|poke|p1|Chien-Pao, L50|\n|poke|p1|Ting-Lu, L50|\n|poke|p2|Coalossal, L50, M|\n|poke|p2|Dragapult, L50, F|\n|poke|p2|Chien-Pao, L50|\n|poke|p2|Marill, L50, M|\n|poke|p2|Palafin, L50, M|\n|poke|p2|Orthworm, L50, F|\n|teampreview|4\nHoodWNKD has agreed to open team sheets.\n|\n|t:|1683292712\n|start\n|switch|p1a: Annihilape|Annihilape, L50, M|100\/100\n|switch|p1b: Amoonguss|Amoonguss, L50, F|100\/100\n|switch|p2a: Dragapult|Dragapult, L50, F, shiny|100\/100\n|switch|p2b: Chien-Pao|Chien-Pao, L50|100\/100\n|-ability|p2b: Chien-Pao|Sword of Ruin\n|turn|1\n|\n|t:|1683292741\n|move|p2a: Dragapult|U-turn|p1b: Amoonguss\n|-damage|p1b: Amoonguss|65\/100\n|-damage|p2a: Dragapult|84\/100|[from] item: Rocky Helmet|[of] p1b: Amoonguss\n|\n|t:|1683292746\n|switch|p2a: Orthworm|Orthworm, L50, F|100\/100|[from] U-turn\n|move|p2b: Chien-Pao|Ice Spinner|p1b: Amoonguss\n|-supereffective|p1b: Amoonguss\n|-damage|p1b: Amoonguss|0 fnt\n|-damage|p2b: Chien-Pao|84\/100|[from] item: Rocky Helmet|[of] p1b: Amoonguss\n|faint|p1b: Amoonguss\n|move|p1a: Annihilape|Drain Punch|p2a: Orthworm\n|-supereffective|p2a: Orthworm\n|-damage|p2a: Orthworm|28\/100\n|-enditem|p2a: Orthworm|Sitrus Berry|[eat]\n|-heal|p2a: Orthworm|53\/100|[from] item: Sitrus Berry\n|\n|upkeep\n|\n|t:|1683292760\n|switch|p1b: Arcanine|Arcanine, L50, F|100\/100\n|-ability|p1b: Arcanine|Intimidate|boost\n|-unboost|p2a: Orthworm|atk|1\n|-unboost|p2b: Chien-Pao|atk|1\n|turn|2\n|\n|t:|1683292777\n|switch|p2a: Marill|Marill, L50, M, shiny|100\/100\n|move|p2b: Chien-Pao|Protect|p2b: Chien-Pao\n|-singleturn|p2b: Chien-Pao|Protect\n|move|p1b: Arcanine|Flare Blitz|p2a: Marill\n|-resisted|p2a: Marill\n|-damage|p2a: Marill|62\/100\n|-damage|p1b: Arcanine|89\/100|[from] Recoil\n|move|p1a: Annihilape|Bulk Up|p1a: Annihilape\n|-boost|p1a: Annihilape|atk|1\n|-boost|p1a: Annihilape|def|1\n|\n|upkeep\n|turn|3\n|\n|t:|1683292793\n|switch|p2b: Orthworm|Orthworm, L50, F|53\/100\n|move|p1b: Arcanine|Flare Blitz|p2b: Orthworm\n|-supereffective|p2b: Orthworm\n|-damage|p2b: Orthworm|0 fnt\n|faint|p2b: Orthworm\n|-damage|p1b: Arcanine|74\/100|[from] Recoil\n|move|p1a: Annihilape|Bulk Up|p1a: Annihilape\n|-boost|p1a: Annihilape|atk|1\n|-boost|p1a: Annihilape|def|1\n|move|p2a: Marill|Perish Song|p2a: Marill\n|-start|p1a: Annihilape|perish3|[silent]\n|-start|p1b: Arcanine|perish3|[silent]\n|-start|p2a: Marill|perish3|[silent]\n|-fieldactivate|move: Perish Song\n|\n|-start|p1b: Arcanine|perish3\n|-start|p1a: Annihilape|perish3\n|-start|p2a: Marill|perish3\n|upkeep\n|\n|t:|1683292808\n|switch|p2b: Chien-Pao|Chien-Pao, L50|84\/100\n|-ability|p2b: Chien-Pao|Sword of Ruin\n|turn|4\n|\n|t:|1683292815\n|switch|p1b: Rotom|Rotom-Wash, L50|100\/100\n|move|p2b: Chien-Pao|Protect|p2b: Chien-Pao\n|-singleturn|p2b: Chien-Pao|Protect\n|move|p2a: Marill|Protect|p2a: Marill\n|-singleturn|p2a: Marill|Protect\n|move|p1a: Annihilape|Drain Punch|p2b: Chien-Pao\n|-activate|p2b: Chien-Pao|move: Protect\n|\n|-start|p1a: Annihilape|perish2\n|-start|p2a: Marill|perish2\n|upkeep\n|turn|5\n|\n|t:|1683292830\n|switch|p2b: Dragapult|Dragapult, L50, F, shiny|84\/100\n|move|p1a: Annihilape|Drain Punch|p2b: Dragapult\n|-immune|p2b: Dragapult\n|move|p1b: Rotom|Nasty Plot|p1b: Rotom\n|-boost|p1b: Rotom|spa|2\n|move|p2a: Marill|Perish Song|p2a: Marill\n|-start|p1b: Rotom|perish3|[silent]\n|-start|p2b: Dragapult|perish3|[silent]\n|-fieldactivate|move: Perish Song\n|\n|-start|p2b: Dragapult|perish3\n|-start|p1a: Annihilape|perish1\n|-start|p1b: Rotom|perish3\n|-start|p2a: Marill|perish1\n|upkeep\n|turn|6\n|\n|t:|1683292862\n|switch|p2a: Chien-Pao|Chien-Pao, L50|84\/100\n|-ability|p2a: Chien-Pao|Sword of Ruin\n|-terastallize|p2b: Dragapult|Ghost\n|move|p2b: Dragapult|Tera Blast|p1b: Rotom\n|-damage|p1b: Rotom|0 fnt\n|faint|p1b: Rotom\n|move|p1a: Annihilape|Drain Punch|p2a: Chien-Pao\n|-supereffective|p2a: Chien-Pao\n|-damage|p2a: Chien-Pao|0 fnt\n|faint|p2a: Chien-Pao\n|\n|-start|p2b: Dragapult|perish2\n|-start|p1a: Annihilape|perish0\n|upkeep\n|faint|p1a: Annihilape\n|\n|t:|1683292877\n|switch|p2a: Marill|Marill, L50, M, shiny|62\/100\n|switch|p1b: Arcanine|Arcanine, L50, F|74\/100\n|-ability|p1b: Arcanine|Intimidate|boost\n|-unboost|p2a: Marill|atk|1\n|-fail|p2b: Dragapult|unboost|[from] ability: Clear Body|[of] p2b: Dragapult\n|turn|7\n|\n|t:|1683292892\n|-terastallize|p1b: Arcanine|Water\n|move|p2b: Dragapult|Tera Blast|p1b: Arcanine\n|-damage|p1b: Arcanine|0 fnt\n|faint|p1b: Arcanine\n|\n|win|nhubhuk\n|raw|HoodWNKD's rating: 1200 → 1178<\/strong> (-22 for losing)\n|raw|nhubhuk's rating: 1245 → 1267<\/strong> (+22 for winning)\n|l|\u2606HoodWNKD\n","uploadtime":1683293669,"views":6,"p1id":"hoodwnkd","p2id":"nhubhuk","formatid":"gen9vgc2023regulationc","rating":1178,"private":0,"password":""}