{"id":"gen9vgc2023regulationc-1845653456","p1":"Kuantize","p2":"vividcandy","format":"[Gen 9] VGC 2023 Regulation C","log":"|j|\u2606Kuantize\n|j|\u203dvividcandy\n|t:|1681752807\n|gametype|doubles\n|player|p1|Kuantize|cynthia-gen4|1373\n|player|p2|vividcandy|102|1377\n|teamsize|p1|6\n|teamsize|p2|6\n|gen|9\n|tier|[Gen 9] VGC 2023 Regulation C\n|rated|\n|rule|Species Clause: Limit one of each Pok\u00e9mon\n|rule|Item Clause: Limit one of each item\n|clearpoke\n|poke|p1|Dondozo, L50, M|\n|poke|p1|Tatsugiri-Droopy, L50, M|\n|poke|p1|Pelipper, L50, F|\n|poke|p1|Drednaw, L50, F|\n|poke|p1|Dragonite, L50, M|\n|poke|p1|Chien-Pao, L50|\n|poke|p2|Amoonguss, L50, M|\n|poke|p2|Arcanine, L50, M|\n|poke|p2|Palafin, L50, M|\n|poke|p2|Flutter Mane, L50|\n|poke|p2|Ting-Lu, L50|\n|poke|p2|Dragonite, L50, F|\n|teampreview|4\n|\n|t:|1681752825\n|start\n|switch|p1a: Pelipper|Pelipper, L50, F|100\/100\n|switch|p1b: Drednaw|Drednaw, L50, F|100\/100\n|switch|p2a: Palafin|Palafin, L50, M|100\/100\n|switch|p2b: Arcanine|Arcanine, L50, M|100\/100\n|-ability|p2b: Arcanine|Intimidate|boost\n|-unboost|p1a: Pelipper|atk|1\n|-unboost|p1b: Drednaw|atk|1\n|-weather|RainDance|[from] ability: Drizzle|[of] p1a: Pelipper\n|turn|1\n|\n|t:|1681752864\n|switch|p2b: Amoonguss|Amoonguss, L50, M|100\/100\n|move|p1b: Drednaw|Earthquake|p2a: Palafin|[spread] p2a,p2b\n|-immune|p1a: Pelipper\n|-damage|p2a: Palafin|71\/100\n|-damage|p2b: Amoonguss|82\/100\n|move|p2a: Palafin|Wave Crash|p1b: Drednaw\n|-damage|p1b: Drednaw|8\/100\n|-damage|p2a: Palafin|47\/100|[from] Recoil\n|move|p1a: Pelipper|Hurricane|p2b: Amoonguss\n|-supereffective|p2b: Amoonguss\n|-damage|p2b: Amoonguss|0 fnt\n|faint|p2b: Amoonguss\n|\n|-weather|RainDance|[upkeep]\n|upkeep\n|\n|t:|1681752891\n|switch|p2b: Dragonite|Dragonite, L50, F|100\/100\n|turn|2\n|\n|t:|1681752916\n|detailschange|p2a: Palafin|Palafin-Hero, L50, M\n|switch|p2a: Arcanine|Arcanine, L50, M|100\/100\n|-ability|p2a: Arcanine|Intimidate|boost\n|-unboost|p1a: Pelipper|atk|1\n|-unboost|p1b: Drednaw|atk|1\n|move|p2b: Dragonite|Extreme Speed|p1a: Pelipper\n|-damage|p1a: Pelipper|49\/100\n|move|p1b: Drednaw|Earthquake|p2b: Dragonite|[spread] p2a\n|-immune|p1a: Pelipper\n|-immune|p2b: Dragonite\n|-supereffective|p2a: Arcanine\n|-damage|p2a: Arcanine|62\/100\n|move|p1a: Pelipper|Hydro Pump|p2a: Arcanine\n|-supereffective|p2a: Arcanine\n|-damage|p2a: Arcanine|0 fnt\n|faint|p2a: Arcanine\n|\n|-weather|RainDance|[upkeep]\n|upkeep\n|\n|t:|1681752933\n|switch|p2a: Palafin|Palafin-Hero, L50, M|47\/100\n|-activate|p2a: Palafin|ability: Zero to Hero\n|turn|3\n|\n|t:|1681752952\n|move|p1a: Pelipper|Protect|p1a: Pelipper\n|-singleturn|p1a: Pelipper|Protect\n|move|p2b: Dragonite|Extreme Speed|p1a: Pelipper\n|-activate|p1a: Pelipper|move: Protect\n|move|p2a: Palafin|Jet Punch|p1b: Drednaw\n|-damage|p1b: Drednaw|0 fnt\n|faint|p1b: Drednaw\n|\n|-weather|RainDance|[upkeep]\n|upkeep\n|\n|t:|1681752964\n|switch|p1b: Dondozo|Dondozo, L50, M|100\/100\n|turn|4\n|\n|t:|1681752983\n|switch|p1a: Tatsugiri|Tatsugiri-Droopy, L50, M, shiny|100\/100\n|-activate|p1a: Tatsugiri|ability: Commander|[of] p1b: Dondozo\n|-boost|p1b: Dondozo|atk|2\n|-boost|p1b: Dondozo|spa|2\n|-boost|p1b: Dondozo|spe|2\n|-boost|p1b: Dondozo|def|2\n|-boost|p1b: Dondozo|spd|2\n|-terastallize|p1b: Dondozo|Water\n|move|p2b: Dragonite|Extreme Speed|p1b: Dondozo\n|-damage|p1b: Dondozo|82\/100\n|move|p1b: Dondozo|Surf|p2b: Dragonite|[spread] p2a,p2b\n|-miss|p1b: Dondozo|p1a: Tatsugiri\n|-resisted|p2a: Palafin\n|-resisted|p2b: Dragonite\n|-damage|p2a: Palafin|0 fnt\n|-damage|p2b: Dragonite|71\/100\n|faint|p2a: Palafin\n|-damage|p1b: Dondozo|73\/100|[from] item: Life Orb\n|\n|-weather|RainDance|[upkeep]\n|upkeep\n|turn|5\n|-message|vividcandy forfeited.\n|\n|win|Kuantize\n|raw|Kuantize's rating: 1373 → 1393<\/strong> (+20 for winning)\n|raw|vividcandy's rating: 1377 → 1357<\/strong> (-20 for losing)\n|l|\u203dvividcandy\n","uploadtime":1681753024,"views":16,"p1id":"kuantize","p2id":"vividcandy","formatid":"gen9vgc2023regulationc","rating":1357,"private":0,"password":""}