{"id":"gen9vgc2023regulationc-1844814522","p1":"LiluziHit","p2":"jayballester","format":"[Gen 9] VGC 2023 Regulation C","log":"|j|\u2606LiluziHit\n|j|\u2606jayballester\n|t:|1681651735\n|gametype|doubles\n|player|p1|LiluziHit|blue|\n|player|p2|jayballester|riley|\n|teamsize|p1|6\n|teamsize|p2|6\n|gen|9\n|tier|[Gen 9] VGC 2023 Regulation C\n|rule|Species Clause: Limit one of each Pok\u00e9mon\n|rule|Item Clause: Limit one of each item\n|clearpoke\n|poke|p1|Chi-Yu, L50|\n|poke|p1|Iron Jugulis, L50|\n|poke|p1|Gholdengo, L50|\n|poke|p1|Farigiraf, L50, M|\n|poke|p1|Hariyama, L50, F|\n|poke|p1|Wigglytuff, L50, M|\n|poke|p2|Great Tusk, L50|\n|poke|p2|Murkrow, L50, M|\n|poke|p2|Magnezone, L50|\n|poke|p2|Oranguru, L50, F|\n|poke|p2|Sylveon, L50, F|\n|poke|p2|Salamence, L50, F|\n|teampreview|4\n|c|\u2606LiluziHit|gl\n|c|\u2606jayballester|u2\n|\n|t:|1681651802\n|start\n|switch|p1a: Spicy Goldfish|Chi-Yu, L50|100\/100\n|switch|p1b: Hydreigon LITE|Iron Jugulis, L50|100\/100\n|switch|p2a: Great Tusk|Great Tusk, L50|100\/100\n|switch|p2b: Murkrow|Murkrow, L50, M|100\/100\n|-ability|p1a: Spicy Goldfish|Beads of Ruin\n|-enditem|p1b: Hydreigon LITE|Booster Energy\n|-activate|p1b: Hydreigon LITE|ability: Quark Drive|[fromitem]\n|-start|p1b: Hydreigon LITE|quarkdrivespe\n|turn|1\n|\n|t:|1681651832\n|move|p1a: Spicy Goldfish|Protect|p1a: Spicy Goldfish\n|-singleturn|p1a: Spicy Goldfish|Protect\n|move|p2b: Murkrow|Tailwind|p2b: Murkrow\n|-sidestart|p2: jayballester|move: Tailwind\n|move|p2a: Great Tusk|Headlong Rush|p1a: Spicy Goldfish\n|-activate|p1a: Spicy Goldfish|move: Protect\n|move|p1b: Hydreigon LITE|Tailwind|p1b: Hydreigon LITE\n|-sidestart|p1: LiluziHit|move: Tailwind\n|\n|upkeep\n|turn|2\n|\n|t:|1681651848\n|-terastallize|p1a: Spicy Goldfish|Grass\n|move|p2b: Murkrow|Scary Face|p1a: Spicy Goldfish\n|-fail|p1a: Spicy Goldfish|unboost|[from] item: Clear Amulet|[of] p1a: Spicy Goldfish\n|move|p1b: Hydreigon LITE|Air Slash|p2a: Great Tusk\n|-supereffective|p2a: Great Tusk\n|-damage|p2a: Great Tusk|12\/100\n|move|p1a: Spicy Goldfish|Tera Blast|p2a: Great Tusk\n|-supereffective|p2a: Great Tusk\n|-damage|p2a: Great Tusk|0 fnt\n|faint|p2a: Great Tusk\n|-end|p2a: Great Tusk|Protosynthesis|[silent]\n|\n|upkeep\n|c|\u2606jayballester|Why the amulet lol\n|c|\u2606LiluziHit|idk\n|c|\u2606LiluziHit|just wanted it on\n|\n|t:|1681651878\n|switch|p2a: Salamence|Salamence, L50, F|100\/100\n|-ability|p2a: Salamence|Intimidate|boost\n|-fail|p1a: Spicy Goldfish|unboost|[from] item: Clear Amulet|[of] p1a: Spicy Goldfish\n|-unboost|p1b: Hydreigon LITE|atk|1\n|turn|3\n|\n|t:|1681651900\n|switch|p1a: Wigglybuff|Wigglytuff, L50, M, shiny|100\/100\n|move|p2b: Murkrow|Rain Dance|p2b: Murkrow\n|-weather|RainDance\n|move|p1b: Hydreigon LITE|Snarl|p2b: Murkrow|[spread] p2a,p2b\n|-resisted|p2b: Murkrow\n|-damage|p2a: Salamence|79\/100\n|-damage|p2b: Murkrow|93\/100\n|-unboost|p2a: Salamence|spa|1\n|-unboost|p2b: Murkrow|spa|1\n|move|p2a: Salamence|Hurricane|p1a: Wigglybuff\n|-damage|p1a: Wigglybuff|66\/100\n|\n|-weather|RainDance|[upkeep]\n|upkeep\n|turn|4\n|\n|t:|1681651931\n|move|p1b: Hydreigon LITE|Snarl|p2a: Salamence|[spread] p2a,p2b\n|-resisted|p2b: Murkrow\n|-damage|p2a: Salamence|56\/100\n|-damage|p2b: Murkrow|87\/100\n|-unboost|p2a: Salamence|spa|1\n|-unboost|p2b: Murkrow|spa|1\n|move|p2a: Salamence|Hurricane|p1b: Hydreigon LITE\n|-damage|p1b: Hydreigon LITE|72\/100\n|-start|p1b: Hydreigon LITE|confusion\n|move|p2b: Murkrow|Brave Bird|p1b: Hydreigon LITE\n|-damage|p1b: Hydreigon LITE|34\/100\n|-damage|p2b: Murkrow|72\/100|[from] Recoil\n|move|p1a: Wigglybuff|Hyper Voice|p2b: Murkrow|[spread] p2a,p2b\n|-damage|p2a: Salamence|29\/100\n|-damage|p2b: Murkrow|55\/100\n|-enditem|p1a: Wigglybuff|Throat Spray\n|-boost|p1a: Wigglybuff|spa|1|[from] item: Throat Spray\n|\n|-weather|RainDance|[upkeep]\n|-sideend|p1: LiluziHit|move: Tailwind\n|-sideend|p2: jayballester|move: Tailwind\n|upkeep\n|turn|5\n|\n|t:|1681651965\n|switch|p2a: Sylveon|Sylveon, L50, F|100\/100\n|-activate|p1b: Hydreigon LITE|confusion\n|move|p1b: Hydreigon LITE|Snarl|p2b: Murkrow|[spread] p2a,p2b\n|-resisted|p2a: Sylveon\n|-resisted|p2b: Murkrow\n|-damage|p2a: Sylveon|95\/100\n|-damage|p2b: Murkrow|48\/100\n|-unboost|p2a: Sylveon|spa|1\n|-unboost|p2b: Murkrow|spa|1\n|move|p2b: Murkrow|Brave Bird|p1b: Hydreigon LITE\n|-damage|p1b: Hydreigon LITE|0 fnt\n|faint|p1b: Hydreigon LITE\n|-end|p1b: Hydreigon LITE|Quark Drive|[silent]\n|-damage|p2b: Murkrow|35\/100|[from] Recoil\n|move|p1a: Wigglybuff|Hyper Voice|p2a: Sylveon|[spread] p2a,p2b\n|-crit|p2b: Murkrow\n|-damage|p2a: Sylveon|73\/100\n|-damage|p2b: Murkrow|0 fnt\n|faint|p2b: Murkrow\n|\n|-weather|RainDance|[upkeep]\n|upkeep\n|\n|t:|1681651982\n|switch|p1b: Gholdilocks|Gholdengo, L50|100\/100\n|switch|p2b: Salamence|Salamence, L50, F|29\/100\n|-ability|p2b: Salamence|Intimidate|boost\n|-unboost|p1a: Wigglybuff|atk|1\n|-ability|p1a: Wigglybuff|Competitive|boost\n|-boost|p1a: Wigglybuff|spa|2\n|-unboost|p1b: Gholdilocks|atk|1\n|turn|6\n|c|\u2606LiluziHit|gg\n|\n|t:|1681652022\n|-terastallize|p2a: Sylveon|Ground\n|move|p2b: Salamence|Hurricane|p1a: Wigglybuff\n|-damage|p1a: Wigglybuff|19\/100\n|move|p1b: Gholdilocks|Make It Rain|p2a: Sylveon|[spread] p2a,p2b\n|-damage|p2a: Sylveon|32\/100\n|-damage|p2b: Salamence|0 fnt\n|-unboost|p1b: Gholdilocks|spa|1\n|faint|p2b: Salamence\n|-damage|p1b: Gholdilocks|91\/100|[from] item: Life Orb\n|move|p2a: Sylveon|Tera Blast|p1b: Gholdilocks\n|-supereffective|p1b: Gholdilocks\n|-crit|p1b: Gholdilocks\n|-damage|p1b: Gholdilocks|0 fnt\n|faint|p1b: Gholdilocks\n|move|p1a: Wigglybuff|Hyper Voice|p2a: Sylveon\n|-damage|p2a: Sylveon|0 fnt\n|faint|p2a: Sylveon\n|\n|win|LiluziHit\n|c|\u2606jayballester|gg\n|c|\u2606LiluziHit|throat spray wiggly\n|c|\u2606LiluziHit|another one?\n|c|\u2606jayballester|Sure\n|c|\u2606LiluziHit|ok\n","uploadtime":1681652072,"views":11,"p1id":"liluzihit","p2id":"jayballester","formatid":"gen9vgc2023regulationc","rating":0,"private":0,"password":""}