{"id":"gen9vgc2023regulationc-1853093742","p1":"zbhandy","p2":"Bdogplatinum","format":"[Gen 9] VGC 2023 Regulation C","log":"|j|\u2606zbhandy\n|j|\u2606Bdogplatinum\n|t:|1682634349\n|gametype|doubles\n|player|p1|zbhandy|265|1466\n|player|p2|Bdogplatinum|cress|1534\n|teamsize|p1|6\n|teamsize|p2|6\n|gen|9\n|tier|[Gen 9] VGC 2023 Regulation C\n|rated|\n|rule|Species Clause: Limit one of each Pok\u00e9mon\n|rule|Item Clause: Limit one of each item\n|clearpoke\n|poke|p1|Lycanroc, L50, F|\n|poke|p1|Tyranitar, L50, F|\n|poke|p1|Tatsugiri, L50, F|\n|poke|p1|Dondozo, L50, M|\n|poke|p1|Chi-Yu, L50|\n|poke|p1|Flutter Mane, L50|\n|poke|p2|Iron Valiant, L50|\n|poke|p2|Bellibolt, L50, M|\n|poke|p2|Gyarados, L50, M|\n|poke|p2|Corviknight, L50, M|\n|poke|p2|Chi-Yu, L50|\n|poke|p2|Wo-Chien, L50|\n|teampreview|4\n|\n|t:|1682634427\n|start\n|switch|p1a: Lycanroc|Lycanroc, L50, F|100\/100\n|switch|p1b: Chi-Yu|Chi-Yu, L50|100\/100\n|switch|p2a: Bellibolt|Bellibolt, L50, M|100\/100\n|switch|p2b: Gyarados|Gyarados, L50, M|100\/100\n|-ability|p1b: Chi-Yu|Beads of Ruin\n|-ability|p2b: Gyarados|Intimidate|boost\n|-unboost|p1a: Lycanroc|atk|1\n|-unboost|p1b: Chi-Yu|atk|1\n|turn|1\n|\n|t:|1682634471\n|move|p1a: Lycanroc|Rock Slide|p2a: Bellibolt|[spread] p2a\n|-miss|p1a: Lycanroc|p2b: Gyarados\n|-damage|p2a: Bellibolt|84\/100\n|-start|p2a: Bellibolt|Charge|Rock Slide|[from] ability: Electromorphosis\n|move|p1b: Chi-Yu|Taunt|p2b: Gyarados\n|-start|p2b: Gyarados|move: Taunt\n|move|p2b: Gyarados|Waterfall|p1b: Chi-Yu\n|-supereffective|p1b: Chi-Yu\n|-damage|p1b: Chi-Yu|4\/100\n|cant|p2a: Bellibolt|flinch\n|-end|p2a: Bellibolt|Charge|[silent]\n|\n|upkeep\n|turn|2\n|\n|t:|1682634490\n|switch|p1b: Tyranitar|Tyranitar, L50, F|100\/100\n|-weather|Sandstorm|[from] ability: Sand Stream|[of] p1b: Tyranitar\n|move|p1a: Lycanroc|Rock Slide|p2a: Bellibolt|[spread] p2a\n|-miss|p1a: Lycanroc|p2b: Gyarados\n|-damage|p2a: Bellibolt|68\/100\n|-start|p2a: Bellibolt|Charge|Rock Slide|[from] ability: Electromorphosis\n|move|p2b: Gyarados|Waterfall|p1a: Lycanroc\n|-supereffective|p1a: Lycanroc\n|-enditem|p1a: Lycanroc|Focus Sash\n|-damage|p1a: Lycanroc|1\/100\n|move|p2a: Bellibolt|Volt Switch|p1b: Tyranitar\n|-damage|p1b: Tyranitar|77\/100\n|-end|p2a: Bellibolt|Charge|[silent]\n|\n|t:|1682634504\n|switch|p2a: Iron Valiant|Iron Valiant, L50|100\/100|[from] Volt Switch\n|-enditem|p2a: Iron Valiant|Booster Energy\n|-activate|p2a: Iron Valiant|ability: Quark Drive|[fromitem]\n|-start|p2a: Iron Valiant|quarkdrivespe\n|\n|-weather|Sandstorm|[upkeep]\n|-damage|p2a: Iron Valiant|94\/100|[from] Sandstorm\n|upkeep\n|turn|3\n|\n|t:|1682634523\n|switch|p2b: Wo-Chien|Wo-Chien, L50|100\/100\n|-ability|p2b: Wo-Chien|Tablets of Ruin\n|move|p1a: Lycanroc|Protect|p1a: Lycanroc\n|-singleturn|p1a: Lycanroc|Protect\n|move|p2a: Iron Valiant|Shadow Sneak|p1a: Lycanroc\n|-activate|p1a: Lycanroc|move: Protect\n|move|p1b: Tyranitar|Rock Slide|p2a: Iron Valiant|[spread] p2a,p2b\n|-resisted|p2a: Iron Valiant\n|-damage|p2a: Iron Valiant|79\/100\n|-damage|p2b: Wo-Chien|84\/100\n|\n|-weather|Sandstorm|[upkeep]\n|-damage|p2a: Iron Valiant|73\/100|[from] Sandstorm\n|-damage|p2b: Wo-Chien|78\/100|[from] Sandstorm\n|upkeep\n|turn|4\n|\n|t:|1682634548\n|switch|p1a: Flutter Mane|Flutter Mane, L50|100\/100\n|-enditem|p1a: Flutter Mane|Booster Energy\n|-activate|p1a: Flutter Mane|ability: Protosynthesis|[fromitem]\n|-start|p1a: Flutter Mane|protosynthesisspe\n|-terastallize|p2a: Iron Valiant|Ghost\n|-terastallize|p1b: Tyranitar|Flying\n|move|p2a: Iron Valiant|Shadow Sneak|p1a: Flutter Mane\n|-supereffective|p1a: Flutter Mane\n|-damage|p1a: Flutter Mane|59\/100\n|move|p2b: Wo-Chien|Leech Seed|p1b: Tyranitar|[miss]\n|-miss|p2b: Wo-Chien|p1b: Tyranitar\n|move|p1b: Tyranitar|Tera Blast|p2a: Iron Valiant\n|-damage|p2a: Iron Valiant|29\/100\n|\n|-weather|Sandstorm|[upkeep]\n|-damage|p1a: Flutter Mane|53\/100|[from] Sandstorm\n|-damage|p2a: Iron Valiant|22\/100|[from] Sandstorm\n|-damage|p2b: Wo-Chien|72\/100|[from] Sandstorm\n|-damage|p1b: Tyranitar|71\/100|[from] Sandstorm\n|upkeep\n|turn|5\n|\n|t:|1682634589\n|move|p2a: Iron Valiant|Protect|p2a: Iron Valiant\n|-singleturn|p2a: Iron Valiant|Protect\n|move|p1a: Flutter Mane|Moonblast|p2b: Wo-Chien\n|-supereffective|p2b: Wo-Chien\n|-damage|p2b: Wo-Chien|5\/100\n|-unboost|p2b: Wo-Chien|spa|1\n|-enditem|p2b: Wo-Chien|Sitrus Berry|[eat]\n|-heal|p2b: Wo-Chien|30\/100|[from] item: Sitrus Berry\n|move|p2b: Wo-Chien|Foul Play|p1b: Tyranitar\n|-damage|p1b: Tyranitar|24\/100\n|move|p1b: Tyranitar|Assurance|p2a: Iron Valiant\n|-activate|p2a: Iron Valiant|move: Protect\n|\n|-weather|Sandstorm|[upkeep]\n|-damage|p1a: Flutter Mane|47\/100|[from] Sandstorm\n|-damage|p2a: Iron Valiant|16\/100|[from] Sandstorm\n|-damage|p2b: Wo-Chien|24\/100|[from] Sandstorm\n|-damage|p1b: Tyranitar|18\/100|[from] Sandstorm\n|upkeep\n|turn|6\n|\n|t:|1682634611\n|move|p1a: Flutter Mane|Protect|p1a: Flutter Mane\n|-singleturn|p1a: Flutter Mane|Protect\n|move|p2a: Iron Valiant|Shadow Sneak|p1a: Flutter Mane\n|-activate|p1a: Flutter Mane|move: Protect\n|move|p2b: Wo-Chien|Foul Play|p1b: Tyranitar\n|-damage|p1b: Tyranitar|0 fnt\n|faint|p1b: Tyranitar\n|\n|-weather|none\n|upkeep\n|\n|t:|1682634628\n|switch|p1b: Chi-Yu|Chi-Yu, L50|4\/100\n|-ability|p1b: Chi-Yu|Beads of Ruin\n|turn|7\n|\n|t:|1682634651\n|move|p2a: Iron Valiant|Protect|p2a: Iron Valiant\n|-singleturn|p2a: Iron Valiant|Protect\n|move|p1a: Flutter Mane|Moonblast|p2b: Wo-Chien\n|-supereffective|p2b: Wo-Chien\n|-damage|p2b: Wo-Chien|0 fnt\n|faint|p2b: Wo-Chien\n|move|p1b: Chi-Yu|Dark Pulse|p2a: Iron Valiant\n|-activate|p2a: Iron Valiant|move: Protect\n|\n|upkeep\n|\n|t:|1682634657\n|switch|p2b: Bellibolt|Bellibolt, L50, M|68\/100\n|turn|8\n|\n|t:|1682634676\n|move|p1a: Flutter Mane|Protect|p1a: Flutter Mane\n|-singleturn|p1a: Flutter Mane|Protect\n|move|p2a: Iron Valiant|Shadow Sneak|p1b: Chi-Yu\n|-resisted|p1b: Chi-Yu\n|-damage|p1b: Chi-Yu|0 fnt\n|faint|p1b: Chi-Yu\n|move|p2b: Bellibolt|Thunderbolt|p1a: Flutter Mane\n|-activate|p1a: Flutter Mane|move: Protect\n|\n|upkeep\n|\n|t:|1682634686\n|switch|p1b: Lycanroc|Lycanroc, L50, F|1\/100\n|turn|9\n|\n|t:|1682634697\n|move|p2a: Iron Valiant|Shadow Sneak|p1a: Flutter Mane\n|-supereffective|p1a: Flutter Mane\n|-damage|p1a: Flutter Mane|0 fnt\n|faint|p1a: Flutter Mane\n|-end|p1a: Flutter Mane|Protosynthesis|[silent]\n|move|p1b: Lycanroc|Rock Slide|p2b: Bellibolt|[spread] p2a,p2b\n|-damage|p2a: Iron Valiant|0 fnt\n|-damage|p2b: Bellibolt|43\/100\n|-start|p2b: Bellibolt|Charge|Rock Slide|[from] ability: Electromorphosis\n|faint|p2a: Iron Valiant\n|-end|p2a: Iron Valiant|Quark Drive|[silent]\n|move|p2b: Bellibolt|Parabolic Charge|p1b: Lycanroc\n|-damage|p1b: Lycanroc|0 fnt\n|-heal|p2b: Bellibolt|44\/100|[from] drain|[of] p1b: Lycanroc\n|faint|p1b: Lycanroc\n|-end|p2b: Bellibolt|Charge|[silent]\n|\n|win|Bdogplatinum\n|raw|zbhandy's rating: 1466 → 1450<\/strong> (-16 for losing)\n|raw|Bdogplatinum's rating: 1534 → 1550<\/strong> (+16 for winning)\n|l|\u2606Bdogplatinum\n|l|\u2606zbhandy\n|j|\u2606Bdogplatinum\n|player|p2|Bdogplatinum|cress\n|l|\u2606Bdogplatinum\n|player|p2|\n|j|\u2606Bdogplatinum\n|player|p2|Bdogplatinum|cress\n","uploadtime":1682634766,"views":13,"p1id":"zbhandy","p2id":"bdogplatinum","formatid":"gen9vgc2023regulationc","rating":1450,"private":0,"password":""}