{"id":"gen9vgc2023regulationc-1855931810","p1":"CityD169","p2":"Majorstoner420","format":"[Gen 9] VGC 2023 Regulation C","log":"|j|\u2606CityD169\n|j|\u2606Majorstoner420\n|t:|1683002570\n|gametype|doubles\n|player|p1|CityD169|caitlin-masters|1132\n|player|p2|Majorstoner420|roughneck-gen4|1179\n|teamsize|p1|6\n|teamsize|p2|6\n|gen|9\n|tier|[Gen 9] VGC 2023 Regulation C\n|rated|\n|rule|Species Clause: Limit one of each Pok\u00e9mon\n|rule|Item Clause: Limit one of each item\n|clearpoke\n|poke|p1|Kingambit, L50, M|\n|poke|p1|Rotom-Heat, L50|\n|poke|p1|Slowking, L50, M|\n|poke|p1|Garchomp, L50, M|\n|poke|p1|Glaceon, L50, F|\n|poke|p1|Iron Valiant, L50|\n|poke|p2|Iron Bundle, L50|\n|poke|p2|Abomasnow, L50, M|\n|poke|p2|Volcarona, L50, F|\n|poke|p2|Flutter Mane, L50|\n|poke|p2|Gholdengo, L50|\n|poke|p2|Murkrow, L50, M|\n|teampreview|4\n|inactive|Battle timer is ON: inactive players will automatically lose when time's up. (requested by Majorstoner420)\n|\n|t:|1683002608\n|start\n|switch|p1a: Rotom|Rotom-Heat, L50|100\/100\n|switch|p1b: Glaceon|Glaceon, L50, F|100\/100\n|switch|p2a: Iron Bundle|Iron Bundle, L50, shiny|100\/100\n|switch|p2b: Abomasnow|Abomasnow, L50, M, shiny|100\/100\n|-weather|Snow|[from] ability: Snow Warning|[of] p2b: Abomasnow\n|-enditem|p2a: Iron Bundle|Booster Energy\n|-activate|p2a: Iron Bundle|ability: Quark Drive|[fromitem]\n|-start|p2a: Iron Bundle|quarkdrivespe\n|turn|1\n|inactive|CityD169 has 30 seconds left.\n|inactive|CityD169 has 20 seconds left.\n|inactive|CityD169 has 15 seconds left.\n|\n|t:|1683002649\n|-terastallize|p2b: Abomasnow|Fire\n|move|p1b: Glaceon|Detect|p1b: Glaceon\n|-singleturn|p1b: Glaceon|Protect\n|move|p2a: Iron Bundle|Aurora Veil|p2a: Iron Bundle\n|-sidestart|p2: Majorstoner420|move: Aurora Veil\n|move|p1a: Rotom|Electric Terrain|p1a: Rotom\n|-fieldstart|move: Electric Terrain\n|move|p2b: Abomasnow|Giga Drain|p1b: Glaceon\n|-activate|p1b: Glaceon|move: Protect\n|\n|-weather|Snow|[upkeep]\n|upkeep\n|turn|2\n|inactive|CityD169 has 30 seconds left.\n|inactive|CityD169 has 20 seconds left.\n|\n|t:|1683002686\n|-terastallize|p1b: Glaceon|Electric\n|move|p2a: Iron Bundle|Icy Wind|p1a: Rotom|[spread] p1a,p1b\n|-resisted|p1a: Rotom\n|-damage|p1a: Rotom|92\/100\n|-damage|p1b: Glaceon|82\/100\n|-unboost|p1a: Rotom|spe|1\n|-unboost|p1b: Glaceon|spe|1\n|move|p2b: Abomasnow|Giga Drain|p1b: Glaceon\n|-damage|p1b: Glaceon|46\/100\n|move|p1a: Rotom|Light Screen|p1a: Rotom\n|-sidestart|p1: CityD169|move: Light Screen\n|move|p1b: Glaceon|Tera Blast|p2a: Iron Bundle\n|-supereffective|p2a: Iron Bundle\n|-damage|p2a: Iron Bundle|0 fnt\n|faint|p2a: Iron Bundle\n|-end|p2a: Iron Bundle|Quark Drive|[silent]\n|\n|-weather|Snow|[upkeep]\n|upkeep\n|\n|t:|1683002701\n|switch|p2a: Volcarona|Volcarona, L50, F, shiny|100\/100\n|turn|3\n|\n|t:|1683002719\n|move|p2a: Volcarona|Quiver Dance|p2a: Volcarona\n|-boost|p2a: Volcarona|spa|1\n|-boost|p2a: Volcarona|spd|1\n|-boost|p2a: Volcarona|spe|1\n|move|p2b: Abomasnow|Earth Power|p1b: Glaceon\n|-supereffective|p1b: Glaceon\n|-damage|p1b: Glaceon|8\/100\n|move|p1a: Rotom|Overheat|p2a: Volcarona\n|-damage|p2a: Volcarona|79\/100\n|-unboost|p1a: Rotom|spa|2\n|move|p1b: Glaceon|Tera Blast|p2a: Volcarona\n|-damage|p2a: Volcarona|53\/100\n|\n|-weather|Snow|[upkeep]\n|upkeep\n|turn|4\n|inactive|Majorstoner420 has 30 seconds left.\n|\n|t:|1683002753\n|move|p1b: Glaceon|Detect|p1b: Glaceon\n|-singleturn|p1b: Glaceon|Protect\n|move|p2a: Volcarona|Quiver Dance|p2a: Volcarona\n|-boost|p2a: Volcarona|spa|1\n|-boost|p2a: Volcarona|spd|1\n|-boost|p2a: Volcarona|spe|1\n|move|p2b: Abomasnow|Blizzard|p1a: Rotom|[spread] p1a\n|-activate|p1b: Glaceon|move: Protect\n|-resisted|p1a: Rotom\n|-damage|p1a: Rotom|80\/100\n|move|p1a: Rotom|Thunder Wave|p2a: Volcarona\n|-status|p2a: Volcarona|par\n|\n|-weather|Snow|[upkeep]\n|upkeep\n|turn|5\n|inactive|CityD169 has 30 seconds left.\n|\n|t:|1683002787\n|move|p2a: Volcarona|Protect|p2a: Volcarona\n|-singleturn|p2a: Volcarona|Protect\n|move|p2b: Abomasnow|Blizzard|p1b: Glaceon|[spread] p1a,p1b\n|-resisted|p1a: Rotom\n|-damage|p1a: Rotom|67\/100\n|-damage|p1b: Glaceon|0 fnt\n|-status|p1a: Rotom|frz\n|faint|p1b: Glaceon\n|cant|p1a: Rotom|frz\n|\n|-weather|none\n|-sideend|p2: Majorstoner420|move: Aurora Veil\n|-fieldend|move: Electric Terrain\n|upkeep\n|\n|t:|1683002806\n|switch|p1b: Iron Valiant|Iron Valiant, L50, shiny|100\/100\n|turn|6\n|inactive|Majorstoner420 has 30 seconds left.\n|\n|t:|1683002838\n|move|p1b: Iron Valiant|Close Combat|p2a: Volcarona\n|-resisted|p2a: Volcarona\n|-damage|p2a: Volcarona|0 fnt\n|-unboost|p1b: Iron Valiant|def|1\n|-unboost|p1b: Iron Valiant|spd|1\n|faint|p2a: Volcarona\n|-damage|p1b: Iron Valiant|91\/100|[from] item: Life Orb\n|move|p2b: Abomasnow|Giga Drain|p1b: Iron Valiant\n|-damage|p1b: Iron Valiant|17\/100\n|-curestatus|p1a: Rotom|frz|[msg]\n|move|p1a: Rotom|Electric Terrain|p1a: Rotom\n|-fieldstart|move: Electric Terrain\n|-activate|p1b: Iron Valiant|ability: Quark Drive\n|-start|p1b: Iron Valiant|quarkdrivespe\n|\n|-sideend|p1: CityD169|move: Light Screen\n|upkeep\n|inactive|Majorstoner420 has 30 seconds left.\n|\n|t:|1683002863\n|switch|p2a: Murkrow|Murkrow, L50, M, shiny|100\/100\n|turn|7\n|inactive|CityD169 has 30 seconds left.\n|inactive|Majorstoner420 has 30 seconds left.\n|\n|t:|1683002898\n|switch|p1a: Kingambit|Kingambit, L50, M|100\/100\n|move|p1b: Iron Valiant|Moonblast|p2a: Murkrow\n|-supereffective|p2a: Murkrow\n|-damage|p2a: Murkrow|0 fnt\n|faint|p2a: Murkrow\n|-damage|p1b: Iron Valiant|8\/100|[from] item: Life Orb\n|move|p2b: Abomasnow|Giga Drain|p1b: Iron Valiant\n|-damage|p1b: Iron Valiant|0 fnt\n|faint|p1b: Iron Valiant\n|-end|p1b: Iron Valiant|Quark Drive|[silent]\n|\n|upkeep\n|\n|t:|1683002908\n|switch|p1b: Rotom|Rotom-Heat, L50|67\/100\n|turn|8\n|\n|t:|1683002927\n|move|p1a: Kingambit|Protect|p1a: Kingambit\n|-singleturn|p1a: Kingambit|Protect\n|move|p1b: Rotom|Light Screen|p1b: Rotom\n|-sidestart|p1: CityD169|move: Light Screen\n|move|p2b: Abomasnow|Tera Blast|p1a: Kingambit\n|-activate|p1a: Kingambit|move: Protect\n|\n|upkeep\n|turn|9\n|\n|t:|1683002939\n|move|p1b: Rotom|Thunder Wave|p2b: Abomasnow\n|-status|p2b: Abomasnow|par\n|move|p1a: Kingambit|Kowtow Cleave|p2b: Abomasnow\n|-damage|p2b: Abomasnow|26\/100 par\n|move|p2b: Abomasnow|Tera Blast|p1a: Kingambit\n|-supereffective|p1a: Kingambit\n|-damage|p1a: Kingambit|52\/100\n|\n|upkeep\n|turn|10\n|-message|Majorstoner420 forfeited.\n|\n|win|CityD169\n|raw|CityD169's rating: 1132 → 1160<\/strong> (+28 for winning)\n|raw|Majorstoner420's rating: 1179 → 1151<\/strong> (-28 for losing)\n|l|\u2606Majorstoner420\n|c|\u2606CityD169|cute Strats gg\n","uploadtime":1683002977,"views":13,"p1id":"cityd169","p2id":"majorstoner420","formatid":"gen9vgc2023regulationc","rating":1151,"private":0,"password":""}