{"id":"gen9vgc2023regulationc-1851226914","p1":"Hacker tumbleweed","p2":"DontRespectFissure","format":"[Gen 9] VGC 2023 Regulation C","log":"|j|\u2606Hacker tumbleweed\n|j|\u2606DontRespectFissure\n|t:|1682427178\n|gametype|doubles\n|player|p1|Hacker tumbleweed|silver|1086\n|player|p2|DontRespectFissure|pokefan|1155\n|teamsize|p1|6\n|teamsize|p2|6\n|gen|9\n|tier|[Gen 9] VGC 2023 Regulation C\n|rated|\n|rule|Species Clause: Limit one of each Pok\u00e9mon\n|rule|Item Clause: Limit one of each item\n|clearpoke\n|poke|p1|Iron Hands, L50|\n|poke|p1|Amoonguss, L50, M|\n|poke|p1|Klefki, L50, F|\n|poke|p1|Sableye, L50, M|\n|poke|p1|Azumarill, L50, F|\n|poke|p1|Pincurchin, L50, F|\n|poke|p2|Flutter Mane, L50|\n|poke|p2|Baxcalibur, L50, M|\n|poke|p2|Amoonguss, L50, F|\n|poke|p2|Talonflame, L50, M|\n|poke|p2|Palafin, L50, M|\n|poke|p2|Chi-Yu, L50|\n|teampreview|4\nDontRespectFissure has agreed to open team sheets.\n|inactive|Battle timer is ON: inactive players will automatically lose when time's up. (requested by Hacker tumbleweed)\n|\n|t:|1682427216\n|start\n|switch|p1a: Sableye|Sableye, L50, M|100\/100\n|switch|p1b: Klefki|Klefki, L50, F, shiny|100\/100\n|switch|p2a: Talonflame|Talonflame, L50, M|100\/100\n|switch|p2b: Chi-Yu|Chi-Yu, L50|100\/100\n|-ability|p2b: Chi-Yu|Beads of Ruin\n|turn|1\n|inactive|DontRespectFissure has 30 seconds left.\n|\n|t:|1682427248\n|move|p1a: Sableye|Fake Out|p2b: Chi-Yu\n|-crit|p2b: Chi-Yu\n|-damage|p2b: Chi-Yu|79\/100\n|move|p1b: Klefki|Light Screen|p1b: Klefki\n|-sidestart|p1: Hacker tumbleweed|move: Light Screen\n|cant|p2b: Chi-Yu|flinch\n|move|p2a: Talonflame|Taunt|p1a: Sableye\n|-start|p1a: Sableye|move: Taunt\n|\n|upkeep\n|turn|2\n|\n|t:|1682427262\n|move|p2b: Chi-Yu|Heat Wave|p1a: Sableye|[spread] p1a\n|-miss|p2b: Chi-Yu|p1b: Klefki\n|-damage|p1a: Sableye|54\/100\n|move|p2a: Talonflame|Taunt|p1b: Klefki\n|-start|p1b: Klefki|move: Taunt\n|move|p1a: Sableye|Knock Off|p2b: Chi-Yu\n|-resisted|p2b: Chi-Yu\n|-damage|p2b: Chi-Yu|54\/100\n|-enditem|p2b: Chi-Yu|Choice Scarf|[from] move: Knock Off|[of] p1a: Sableye\n|cant|p1b: Klefki|move: Taunt|Trick Room\n|\n|upkeep\n|turn|3\n|\n|t:|1682427284\n|move|p2a: Talonflame|Brave Bird|p1a: Sableye\n|-damage|p1a: Sableye|11\/100\n|-enditem|p1a: Sableye|Figy Berry|[eat]\n|-heal|p1a: Sableye|44\/100|[from] item: Figy Berry\n|-damage|p2a: Talonflame|89\/100|[from] Recoil\n|move|p2b: Chi-Yu|Flamethrower|p1b: Klefki\n|-supereffective|p1b: Klefki\n|-damage|p1b: Klefki|0 fnt\n|faint|p1b: Klefki\n|move|p1a: Sableye|Knock Off|p2a: Talonflame\n|-damage|p2a: Talonflame|53\/100\n|-enditem|p2a: Talonflame|Safety Goggles|[from] move: Knock Off|[of] p1a: Sableye\n|\n|upkeep\n|\n|t:|1682427294\n|switch|p1b: Iron Hands|Iron Hands, L50|100\/100\n|turn|4\n|\n|t:|1682427310\n|switch|p1a: Pincurchin|Pincurchin, L50, F, shiny|100\/100\n|-fieldstart|move: Electric Terrain|[from] ability: Electric Surge|[of] p1a: Pincurchin\n|-activate|p1b: Iron Hands|ability: Quark Drive\n|-start|p1b: Iron Hands|quarkdriveatk\n|-terastallize|p2a: Talonflame|Ghost\n|-terastallize|p1b: Iron Hands|Ground\n|move|p2a: Talonflame|Will-O-Wisp|p1b: Iron Hands|[miss]\n|-miss|p2a: Talonflame|p1b: Iron Hands\n|move|p2b: Chi-Yu|Heat Wave|p1b: Iron Hands|[spread] p1b\n|-miss|p2b: Chi-Yu|p1a: Pincurchin\n|-damage|p1b: Iron Hands|78\/100\n|move|p1b: Iron Hands|Belly Drum|p1b: Iron Hands\n|-damage|p1b: Iron Hands|28\/100\n|-setboost|p1b: Iron Hands|atk|6|[from] move: Belly Drum\n|\n|upkeep\n|turn|5\n|inactive|DontRespectFissure has 30 seconds left.\n|\n|t:|1682427337\n|move|p2a: Talonflame|Will-O-Wisp|p1b: Iron Hands\n|-status|p1b: Iron Hands|brn\n|move|p2b: Chi-Yu|Heat Wave|p1b: Iron Hands|[spread] p1a,p1b\n|-damage|p1a: Pincurchin|59\/100\n|-damage|p1b: Iron Hands|1\/100 brn\n|-status|p1a: Pincurchin|brn\n|-enditem|p1b: Iron Hands|Aguav Berry|[eat]\n|-heal|p1b: Iron Hands|35\/100 brn|[from] item: Aguav Berry\n|move|p1b: Iron Hands|Rock Slide|p2a: Talonflame|[spread] p2b\n|-miss|p1b: Iron Hands|p2a: Talonflame\n|-supereffective|p2b: Chi-Yu\n|-damage|p2b: Chi-Yu|0 fnt\n|faint|p2b: Chi-Yu\n|move|p1a: Pincurchin|Acupressure|p1b: Iron Hands\n|-boost|p1b: Iron Hands|def|2\n|\n|-damage|p1b: Iron Hands|28\/100 brn|[from] brn\n|-damage|p1a: Pincurchin|53\/100 brn|[from] brn\n|upkeep\n|\n|t:|1682427359\n|switch|p2b: Baxcalibur|Baxcalibur, L50, M|100\/100\n|turn|6\n|\n|t:|1682427373\n|move|p2a: Talonflame|Taunt|p1a: Pincurchin\n|-start|p1a: Pincurchin|move: Taunt\n|move|p2b: Baxcalibur|Icicle Crash|p1b: Iron Hands\n|-supereffective|p1b: Iron Hands\n|-damage|p1b: Iron Hands|0 fnt\n|faint|p1b: Iron Hands\n|-end|p1b: Iron Hands|Quark Drive|[silent]\n|cant|p1a: Pincurchin|move: Taunt|Acupressure\n|\n|-damage|p1a: Pincurchin|48\/100 brn|[from] brn\n|upkeep\n|\n|t:|1682427379\n|switch|p1b: Sableye|Sableye, L50, M|44\/100\n|turn|7\n|\n|t:|1682427403\n|move|p2b: Baxcalibur|Protect|p2b: Baxcalibur\n|-singleturn|p2b: Baxcalibur|Protect\n|move|p1b: Sableye|Fake Out|p2b: Baxcalibur\n|-activate|p2b: Baxcalibur|move: Protect\n|move|p2a: Talonflame|Taunt|p1b: Sableye\n|-start|p1b: Sableye|move: Taunt\n|move|p1a: Pincurchin|Chilling Water|p2a: Talonflame\n|-damage|p2a: Talonflame|39\/100\n|-unboost|p2a: Talonflame|atk|1\n|\n|-damage|p1a: Pincurchin|42\/100 brn|[from] brn\n|upkeep\n|turn|8\n|\n|t:|1682427426\n|move|p2a: Talonflame|Brave Bird|p1b: Sableye\n|-damage|p1b: Sableye|13\/100\n|-damage|p2a: Talonflame|31\/100|[from] Recoil\n|move|p2b: Baxcalibur|Glaive Rush|p1b: Sableye\n|-damage|p1b: Sableye|0 fnt\n|-singlemove|p2b: Baxcalibur|Glaive Rush|[silent]\n|faint|p1b: Sableye\n|move|p1a: Pincurchin|Chilling Water|p2b: Baxcalibur\n|-resisted|p2b: Baxcalibur\n|-damage|p2b: Baxcalibur|91\/100\n|-unboost|p2b: Baxcalibur|atk|1\n|\n|-damage|p1a: Pincurchin|36\/100 brn|[from] brn\n|-end|p1a: Pincurchin|move: Taunt\n|-sideend|p1: Hacker tumbleweed|move: Light Screen\n|upkeep\n|turn|9\n|\n|t:|1682427444\n|switch|p2b: Flutter Mane|Flutter Mane, L50, shiny|100\/100\n|-enditem|p2b: Flutter Mane|Booster Energy\n|-activate|p2b: Flutter Mane|ability: Protosynthesis|[fromitem]\n|-start|p2b: Flutter Mane|protosynthesisspa\n|move|p2a: Talonflame|Taunt|p1a: Pincurchin\n|-start|p1a: Pincurchin|move: Taunt\n|cant|p1a: Pincurchin|move: Taunt|Recover\n|\n|-damage|p1a: Pincurchin|31\/100 brn|[from] brn\n|upkeep\n|turn|10\n|-message|Hacker tumbleweed forfeited.\n|\n|win|DontRespectFissure\n|raw|Hacker tumbleweed's rating: 1086 → 1068<\/strong> (-18 for losing)\n|raw|DontRespectFissure's rating: 1155 → 1175<\/strong> (+20 for winning)\n|l|\u2606Hacker tumbleweed\n","uploadtime":1682427517,"views":12,"p1id":"hackertumbleweed","p2id":"dontrespectfissure","formatid":"gen9vgc2023regulationc","rating":1068,"private":0,"password":""}