{"id":"gen9vgc2023regulationc-1856415681","p1":"soraesc","p2":"adverzaire","format":"[Gen 9] VGC 2023 Regulation C","log":"|j|\u2606soraesc\n|j|\u2606adverzaire\n|t:|1683059293\n|gametype|doubles\n|player|p1|soraesc|clair|1195\n|player|p2|adverzaire|maid|1126\n|teamsize|p1|6\n|teamsize|p2|6\n|gen|9\n|tier|[Gen 9] VGC 2023 Regulation C\n|rated|\n|rule|Species Clause: Limit one of each Pok\u00e9mon\n|rule|Item Clause: Limit one of each item\n|clearpoke\n|poke|p1|Palafin, L50, F|\n|poke|p1|Pelipper, L50, M|\n|poke|p1|Ting-Lu, L50|\n|poke|p1|Dragonite, L50, M|\n|poke|p1|Chien-Pao, L50|\n|poke|p1|Flutter Mane, L50|\n|poke|p2|Wo-Chien, L50|\n|poke|p2|Glimmora, L50, M|\n|poke|p2|Flutter Mane, L50|\n|poke|p2|Tauros-Paldea-Aqua, L50, M|\n|poke|p2|Annihilape, L50, M|\n|poke|p2|Chansey, L50, F|\n|teampreview|4\n|inactive|Battle timer is ON: inactive players will automatically lose when time's up. (requested by soraesc)\n|inactive|adverzaire has 60 seconds left.\n|inactive|adverzaire has 30 seconds left.\n|\n|t:|1683059358\n|start\n|switch|p1a: Ting-Lu|Ting-Lu, L50|100\/100\n|switch|p1b: Palafin|Palafin, L50, F|100\/100\n|switch|p2a: Glimmora|Glimmora, L50, M|100\/100\n|switch|p2b: Tauros|Tauros-Paldea-Aqua, L50, M|100\/100\n|-ability|p2b: Tauros|Intimidate|boost\n|-unboost|p1a: Ting-Lu|atk|1\n|-unboost|p1b: Palafin|atk|1\n|-ability|p1a: Ting-Lu|Vessel of Ruin\n|turn|1\n|\n|t:|1683059374\n|switch|p2b: Wo-Chien|Wo-Chien, L50|100\/100\n|-ability|p2b: Wo-Chien|Tablets of Ruin\n|detailschange|p1b: Palafin|Palafin-Hero, L50, F\n|switch|p1b: Pelipper|Pelipper, L50, M|100\/100\n|-weather|RainDance|[from] ability: Drizzle|[of] p1b: Pelipper\n|-terastallize|p1a: Ting-Lu|Poison\n|move|p2a: Glimmora|Mortal Spin|p1a: Ting-Lu|[spread] p1a,p1b\n|-resisted|p1a: Ting-Lu\n|-damage|p1a: Ting-Lu|99\/100\n|-damage|p1b: Pelipper|98\/100\n|-status|p1b: Pelipper|psn\n|move|p1a: Ting-Lu|Fissure|p2b: Wo-Chien|[miss]\n|-miss|p1a: Ting-Lu|p2b: Wo-Chien\n|\n|-weather|RainDance|[upkeep]\n|-damage|p1b: Pelipper|86\/100 psn|[from] psn\n|upkeep\n|turn|2\n|inactive|adverzaire has 30 seconds left.\n|\n|t:|1683059400\n|switch|p2a: Tauros|Tauros-Paldea-Aqua, L50, M|100\/100\n|-ability|p2a: Tauros|Intimidate|boost\n|-unboost|p1a: Ting-Lu|atk|1\n|-unboost|p1b: Pelipper|atk|1\n|move|p2b: Wo-Chien|Leech Seed|p1a: Ting-Lu\n|-start|p1a: Ting-Lu|move: Leech Seed\n|move|p1b: Pelipper|Hydro Pump|p2a: Tauros|[miss]\n|-miss|p1b: Pelipper|p2a: Tauros\n|move|p1a: Ting-Lu|Fissure|p2a: Tauros|[miss]\n|-miss|p1a: Ting-Lu|p2a: Tauros\n|\n|-weather|RainDance|[upkeep]\n|-damage|p1a: Ting-Lu|88\/100|[from] Leech Seed|[of] p2b: Wo-Chien\n|-damage|p1b: Pelipper|74\/100 psn|[from] psn\n|upkeep\n|turn|3\n|\n|t:|1683059421\n|move|p2a: Tauros|Raging Bull|p1a: Ting-Lu\n|-damage|p1a: Ting-Lu|58\/100\n|move|p2b: Wo-Chien|Leech Seed|p1b: Pelipper\n|-start|p1b: Pelipper|move: Leech Seed\n|move|p1b: Pelipper|Hurricane|p2a: Tauros\n|-supereffective|p2a: Tauros\n|-damage|p2a: Tauros|17\/100\n|move|p1a: Ting-Lu|Fissure|p2b: Wo-Chien\n|-damage|p2b: Wo-Chien|0 fnt\n|faint|p2b: Wo-Chien\n|-ohko\n|\n|-weather|RainDance|[upkeep]\n|-damage|p1b: Pelipper|62\/100 psn|[from] psn\n|upkeep\n|\n|t:|1683059432\n|switch|p2b: Annihilape|Annihilape, L50, M|100\/100\n|turn|4\n|\n|t:|1683059452\n|switch|p2a: Glimmora|Glimmora, L50, M|100\/100\n|move|p2b: Annihilape|Protect|p2b: Annihilape\n|-singleturn|p2b: Annihilape|Protect\n|move|p1b: Pelipper|Hurricane|p2b: Annihilape\n|-activate|p2b: Annihilape|move: Protect\n|move|p1a: Ting-Lu|Earthquake|p2a: Glimmora|[spread] p2a\n|-activate|p2b: Annihilape|move: Protect\n|-immune|p1b: Pelipper\n|-supereffective|p2a: Glimmora\n|-damage|p2a: Glimmora|23\/100\n|-activate|p2a: Glimmora|ability: Toxic Debris\n|-sidestart|p1: soraesc|move: Toxic Spikes\n|\n|-weather|RainDance|[upkeep]\n|-damage|p1b: Pelipper|50\/100 psn|[from] Leech Seed|[of] p2b: Annihilape\n|-damage|p1a: Ting-Lu|45\/100|[from] Leech Seed|[of] p2b: Annihilape\n|-damage|p1b: Pelipper|38\/100 psn|[from] psn\n|upkeep\n|turn|5\n|\n|t:|1683059476\n|switch|p2a: Tauros|Tauros-Paldea-Aqua, L50, M|17\/100\n|-ability|p2a: Tauros|Intimidate|boost\n|-unboost|p1a: Ting-Lu|atk|1\n|-unboost|p1b: Pelipper|atk|1\n|-terastallize|p2b: Annihilape|Steel\n|move|p1b: Pelipper|Protect|p1b: Pelipper\n|-singleturn|p1b: Pelipper|Protect\n|move|p2b: Annihilape|Bulk Up|p2b: Annihilape\n|-boost|p2b: Annihilape|atk|1\n|-boost|p2b: Annihilape|def|1\n|move|p1a: Ting-Lu|Earthquake|p2b: Annihilape|[spread] p2a,p2b\n|-activate|p1b: Pelipper|move: Protect\n|-supereffective|p2b: Annihilape\n|-damage|p2a: Tauros|4\/100\n|-damage|p2b: Annihilape|86\/100\n|\n|-weather|none\n|-damage|p1b: Pelipper|26\/100 psn|[from] Leech Seed|[of] p2b: Annihilape\n|-heal|p2b: Annihilape|96\/100|[silent]\n|-damage|p1a: Ting-Lu|33\/100|[from] Leech Seed|[of] p2b: Annihilape\n|-heal|p2b: Annihilape|100\/100|[silent]\n|-damage|p1b: Pelipper|14\/100 psn|[from] psn\n|upkeep\n|turn|6\n|\n|t:|1683059497\n|move|p2b: Annihilape|Protect|p2b: Annihilape\n|-singleturn|p2b: Annihilape|Protect\n|move|p2a: Tauros|Aqua Jet|p1b: Pelipper\n|-resisted|p1b: Pelipper\n|-damage|p1b: Pelipper|5\/100 psn\n|move|p1b: Pelipper|Tailwind|p1b: Pelipper\n|-sidestart|p1: soraesc|move: Tailwind\n|move|p1a: Ting-Lu|Fissure|p2b: Annihilape\n|-activate|p2b: Annihilape|move: Protect\n|\n|-damage|p1b: Pelipper|0 fnt|[from] Leech Seed|[of] p2b: Annihilape\n|faint|p1b: Pelipper\n|-damage|p1a: Ting-Lu|21\/100|[from] Leech Seed|[of] p2b: Annihilape\n|upkeep\n|\n|t:|1683059500\n|switch|p1b: Flutter Mane|Flutter Mane, L50|100\/100\n|-status|p1b: Flutter Mane|psn\n|turn|7\n|inactive|adverzaire has 30 seconds left.\n|\n|t:|1683059527\n|move|p2a: Tauros|Aqua Jet|p1b: Flutter Mane\n|-damage|p1b: Flutter Mane|68\/100 psn\n|move|p1b: Flutter Mane|Dazzling Gleam|p2a: Tauros|[spread] p2a,p2b\n|-supereffective|p2a: Tauros\n|-resisted|p2b: Annihilape\n|-damage|p2a: Tauros|0 fnt\n|-damage|p2b: Annihilape|86\/100\n|faint|p2a: Tauros\n|move|p1a: Ting-Lu|Fissure|p2b: Annihilape\n|-damage|p2b: Annihilape|0 fnt\n|faint|p2b: Annihilape\n|-ohko\n|\n|-damage|p1b: Flutter Mane|56\/100 psn|[from] psn\n|upkeep\n|l|\u2606adverzaire\n|inactive|adverzaire disconnected and has a minute to reconnect!\n|player|p2|\n|inactive|adverzaire has 30 seconds left.\n|inactive|adverzaire has 20 seconds left.\n|inactive|adverzaire has 15 seconds left.\n|inactive|adverzaire has 10 seconds left.\n|inactive|adverzaire has 5 seconds left.\n|-message|adverzaire lost due to inactivity.\n|\n|win|soraesc\n|raw|soraesc's rating: 1195 → 1215<\/strong> (+20 for winning)\n|raw|adverzaire's rating: 1126 → 1106<\/strong> (-20 for losing)\n","uploadtime":1683059586,"views":10,"p1id":"soraesc","p2id":"adverzaire","formatid":"gen9vgc2023regulationc","rating":1106,"private":0,"password":""}