{"id":"gen9vgc2023regulationc-1860064741","p1":"littensalt","p2":"kkkhop","format":"[Gen 9] VGC 2023 Regulation C","log":"|j|\u2606littensalt\n|j|\u2606kkkhop\n|t:|1683591056\n|gametype|doubles\n|player|p1|littensalt|hugh|1137\n|player|p2|kkkhop|ninjaboy|1088\n|teamsize|p1|6\n|teamsize|p2|6\n|gen|9\n|tier|[Gen 9] VGC 2023 Regulation C\n|rated|\n|rule|Species Clause: Limit one of each Pok\u00e9mon\n|rule|Item Clause: Limit one of each item\n|clearpoke\n|poke|p1|Indeedee-F, L50, F|\n|poke|p1|Armarouge, L50, F|\n|poke|p1|Gholdengo, L50|\n|poke|p1|Murkrow, L50, F|\n|poke|p1|Meowscarada, L50, M|\n|poke|p1|Great Tusk, L50|\n|poke|p2|Dachsbun, L50, F|\n|poke|p2|Chi-Yu, L50|\n|poke|p2|Maushold, L50|\n|poke|p2|Dragonite, L50, F|\n|poke|p2|Flutter Mane, L50|\n|poke|p2|Annihilape, L50, F|\n|teampreview|4\n|\n|t:|1683591074\n|start\n|switch|p1a: Indeedee|Indeedee-F, L50, F|100\/100\n|switch|p1b: Gholdengo|Gholdengo, L50|100\/100\n|switch|p2a: Dachsbun|Dachsbun, L50, F|100\/100\n|switch|p2b: Chi-Yu|Chi-Yu, L50|100\/100\n|-ability|p2b: Chi-Yu|Beads of Ruin\n|-fieldstart|move: Psychic Terrain|[from] ability: Psychic Surge|[of] p1a: Indeedee\n|-enditem|p1a: Indeedee|Psychic Seed\n|-boost|p1a: Indeedee|spd|1|[from] item: Psychic Seed\n|turn|1\n|\n|t:|1683591097\n|move|p2b: Chi-Yu|Lava Plume|p1a: Indeedee|[spread] p1a,p1b\n|-ability|p2a: Dachsbun|Well-Baked Body|boost\n|-boost|p2a: Dachsbun|def|2\n|-supereffective|p1b: Gholdengo\n|-damage|p1a: Indeedee|78\/100\n|-damage|p1b: Gholdengo|0 fnt\n|faint|p1b: Gholdengo\n|move|p2a: Dachsbun|Body Press|p1a: Indeedee\n|-damage|p1a: Indeedee|0 fnt\n|faint|p1a: Indeedee\n|\n|upkeep\n|\n|t:|1683591108\n|switch|p1b: Great Tusk|Great Tusk, L50|100\/100\n|switch|p1a: Armarouge|Armarouge, L50, F|100\/100\n|-enditem|p1b: Great Tusk|Booster Energy\n|-activate|p1b: Great Tusk|ability: Protosynthesis|[fromitem]\n|-start|p1b: Great Tusk|protosynthesisatk\n|turn|2\n|\n|t:|1683591123\n|-terastallize|p1b: Great Tusk|Ground\n|move|p2b: Chi-Yu|Lava Plume|p1a: Armarouge|[spread] p1b\n|-ability|p2a: Dachsbun|Well-Baked Body|boost\n|-boost|p2a: Dachsbun|def|2\n|-start|p1a: Armarouge|ability: Flash Fire\n|-damage|p1b: Great Tusk|37\/100\n|-status|p1b: Great Tusk|brn\n|move|p1b: Great Tusk|Headlong Rush|p2b: Chi-Yu\n|-supereffective|p2b: Chi-Yu\n|-damage|p2b: Chi-Yu|0 fnt\n|-unboost|p1b: Great Tusk|def|1\n|-unboost|p1b: Great Tusk|spd|1\n|faint|p2b: Chi-Yu\n|move|p2a: Dachsbun|Body Press|p1a: Armarouge\n|-resisted|p1a: Armarouge\n|-damage|p1a: Armarouge|73\/100\n|move|p1a: Armarouge|Trick Room|p1a: Armarouge\n|-fieldstart|move: Trick Room|[of] p1a: Armarouge\n|\n|-damage|p1b: Great Tusk|31\/100 brn|[from] brn\n|upkeep\n|\n|t:|1683591141\n|switch|p2b: Dragonite|Dragonite, L50, F|100\/100\n|turn|3\n|\n|t:|1683591159\n|move|p2b: Dragonite|Extreme Speed|p1a: Armarouge\n|-activate|p1a: Armarouge|move: Psychic Terrain\n|move|p1a: Armarouge|Expanding Force|p2a: Dachsbun|[spread] p2a,p2b\n|-damage|p2a: Dachsbun|15\/100\n|-damage|p2b: Dragonite|66\/100\n|-damage|p1a: Armarouge|63\/100|[from] item: Life Orb\n|move|p2a: Dachsbun|Body Press|p1b: Great Tusk\n|-damage|p1b: Great Tusk|0 fnt\n|faint|p1b: Great Tusk\n|-end|p1b: Great Tusk|Protosynthesis|[silent]\n|\n|-heal|p2a: Dachsbun|21\/100|[from] item: Leftovers\n|upkeep\n|turn|4\n|\n|t:|1683591176\n|move|p2b: Dragonite|Extreme Speed|p1a: Armarouge\n|-activate|p1a: Armarouge|move: Psychic Terrain\n|move|p1a: Armarouge|Expanding Force|p2a: Dachsbun|[spread] p2a,p2b\n|-damage|p2a: Dachsbun|0 fnt\n|-damage|p2b: Dragonite|0 fnt\n|faint|p2a: Dachsbun\n|faint|p2b: Dragonite\n|-damage|p1a: Armarouge|53\/100|[from] item: Life Orb\n|\n|upkeep\n|\n|t:|1683591187\n|switch|p2b: Maushold|Maushold, L50|100\/100\n|turn|5\n|\n|t:|1683591192\n|move|p1a: Armarouge|Armor Cannon|p2b: Maushold\n|-damage|p2b: Maushold|0 fnt\n|-unboost|p1a: Armarouge|def|1\n|-unboost|p1a: Armarouge|spd|1\n|faint|p2b: Maushold\n|-damage|p1a: Armarouge|43\/100|[from] item: Life Orb\n|\n|win|littensalt\n|raw|littensalt's rating: 1137 → 1158<\/strong> (+21 for winning)\n|raw|kkkhop's rating: 1088 → 1068<\/strong> (-20 for losing)\n|l|\u2606kkkhop\n|c|\u2606littensalt|gg\n","uploadtime":1683591202,"views":10,"p1id":"littensalt","p2id":"kkkhop","formatid":"gen9vgc2023regulationc","rating":1068,"private":0,"password":""}