{"id":"gen9vgc2023regulationc-1846624987","p1":"Stempe","p2":"zapdos95","format":"[Gen 9] VGC 2023 Regulation C","log":"|j|\u2606Stempe\n|j|\u2606zapdos95\n|t:|1681858616\n|gametype|doubles\n|player|p1|Stempe|266|1309\n|player|p2|zapdos95|101|1358\n|teamsize|p1|6\n|teamsize|p2|6\n|gen|9\n|tier|[Gen 9] VGC 2023 Regulation C\n|rated|\n|rule|Species Clause: Limit one of each Pok\u00e9mon\n|rule|Item Clause: Limit one of each item\n|clearpoke\n|poke|p1|Flutter Mane, L50|\n|poke|p1|Chi-Yu, L50|\n|poke|p1|Ceruledge, L50, M|\n|poke|p1|Murkrow, L50, F|\n|poke|p1|Great Tusk, L50|\n|poke|p1|Dachsbun, L50, M|\n|poke|p2|Baxcalibur, L50, M|\n|poke|p2|Amoonguss, L50, F|\n|poke|p2|Ting-Lu, L50|\n|poke|p2|Arcanine, L50, M|\n|poke|p2|Palafin, L50, F|\n|poke|p2|Flutter Mane, L50|\n|teampreview|4\nStempe has agreed to open team sheets.\nzapdos95 rejected open team sheets.\n|inactive|Battle timer is ON: inactive players will automatically lose when time's up. (requested by Stempe)\n|c|\u2606zapdos95|so sick of meme teams\n|inactive|zapdos95 has 60 seconds left.\n|c|\u2606Stempe|shoulda just accepted team sheets then\n|inactive|zapdos95 has 30 seconds left.\n|c|\u2606Stempe|im sick of amoongus palafin arcanine flutter lol\n|n|!zapdos95|zapdos95\n|inactive|zapdos95 has 20 seconds left.\n|inactive|zapdos95 has 15 seconds left.\n|inactive|zapdos95 has 10 seconds left.\n|\n|t:|1681858749\n|start\n|switch|p1a: Chi-Yu|Chi-Yu, L50|100\/100\n|switch|p1b: Ceruledge|Ceruledge, L50, M|100\/100\n|switch|p2a: Palafin|Palafin, L50, F|100\/100\n|switch|p2b: Ting-Lu|Ting-Lu, L50|100\/100\n|-ability|p1a: Chi-Yu|Beads of Ruin\n|-ability|p2b: Ting-Lu|Vessel of Ruin\n|turn|1\n|inactive|zapdos95 has 30 seconds left.\n|inactive|zapdos95 has 20 seconds left.\n|inactive|zapdos95 has 15 seconds left.\n|inactive|zapdos95 has 10 seconds left.\n|\n|t:|1681858795\n|switch|p1b: Dachsbun|Dachsbun, L50, M|100\/100\n|move|p2a: Palafin|Protect|p2a: Palafin\n|-singleturn|p2a: Palafin|Protect\n|move|p1a: Chi-Yu|Lava Plume|p2a: Palafin|[spread] p2b\n|-activate|p2a: Palafin|move: Protect\n|-ability|p1b: Dachsbun|Well-Baked Body|boost\n|-boost|p1b: Dachsbun|def|2\n|-damage|p2b: Ting-Lu|83\/100\n|move|p2b: Ting-Lu|Stomping Tantrum|p1a: Chi-Yu\n|-supereffective|p1a: Chi-Yu\n|-damage|p1a: Chi-Yu|0 fnt\n|faint|p1a: Chi-Yu\n|\n|upkeep\n|\n|t:|1681858806\n|switch|p1a: Flutter Mane|Flutter Mane, L50|100\/100\n|-enditem|p1a: Flutter Mane|Booster Energy\n|-activate|p1a: Flutter Mane|ability: Protosynthesis|[fromitem]\n|-start|p1a: Flutter Mane|protosynthesisspe\n|turn|2\n|inactive|zapdos95 has 30 seconds left.\n|\n|t:|1681858838\n|detailschange|p2a: Palafin|Palafin-Hero, L50, F\n|switch|p2a: Flutter Mane|Flutter Mane, L50|100\/100\n|-terastallize|p2b: Ting-Lu|Poison\n|move|p1a: Flutter Mane|Moonblast|p2b: Ting-Lu\n|-resisted|p2b: Ting-Lu\n|-damage|p2b: Ting-Lu|74\/100\n|move|p1b: Dachsbun|Yawn|p2a: Flutter Mane\n|-start|p2a: Flutter Mane|move: Yawn|[of] p1b: Dachsbun\n|move|p2b: Ting-Lu|Heavy Slam|p1a: Flutter Mane\n|-supereffective|p1a: Flutter Mane\n|-damage|p1a: Flutter Mane|0 fnt\n|faint|p1a: Flutter Mane\n|-end|p1a: Flutter Mane|Protosynthesis|[silent]\n|\n|upkeep\n|\n|t:|1681858845\n|switch|p1a: Ceruledge|Ceruledge, L50, M|100\/100\n|turn|3\n|inactive|zapdos95 has 30 seconds left.\n|\n|t:|1681858877\n|-end|p2a: Flutter Mane|Protosynthesis|[silent]\n|switch|p2a: Baxcalibur|Baxcalibur, L50, M|100\/100\n|-terastallize|p1a: Ceruledge|Grass\n|move|p1b: Dachsbun|Body Press|p2a: Baxcalibur\n|-supereffective|p2a: Baxcalibur\n|-damage|p2a: Baxcalibur|1\/100\n|move|p1a: Ceruledge|Bitter Blade|p2a: Baxcalibur\n|-crit|p2a: Baxcalibur\n|-damage|p2a: Baxcalibur|0 fnt\n|faint|p2a: Baxcalibur\n|move|p2b: Ting-Lu|Ruination|p1b: Dachsbun\n|-damage|p1b: Dachsbun|50\/100\n|\n|-heal|p1b: Dachsbun|57\/100|[from] item: Leftovers\n|upkeep\n|\n|t:|1681858895\n|switch|p2a: Flutter Mane|Flutter Mane, L50|100\/100\n|turn|4\n|\n|t:|1681858916\n|move|p2a: Flutter Mane|Protect|p2a: Flutter Mane\n|-singleturn|p2a: Flutter Mane|Protect\n|move|p1b: Dachsbun|Yawn|p2b: Ting-Lu\n|-start|p2b: Ting-Lu|move: Yawn|[of] p1b: Dachsbun\n|move|p1a: Ceruledge|Bitter Blade|p2b: Ting-Lu\n|-damage|p2b: Ting-Lu|44\/100\n|move|p2b: Ting-Lu|Heavy Slam|p1b: Dachsbun\n|-supereffective|p1b: Dachsbun\n|-damage|p1b: Dachsbun|17\/100\n|\n|-heal|p1b: Dachsbun|23\/100|[from] item: Leftovers\n|upkeep\n|turn|5\n|inactive|zapdos95 has 30 seconds left.\n|\n|t:|1681858945\n|move|p1b: Dachsbun|Protect|p1b: Dachsbun\n|-singleturn|p1b: Dachsbun|Protect\n|move|p2a: Flutter Mane|Moonblast|p1a: Ceruledge\n|-damage|p1a: Ceruledge|58\/100\n|move|p1a: Ceruledge|Bitter Blade|p2a: Flutter Mane\n|-damage|p2a: Flutter Mane|9\/100\n|-heal|p1a: Ceruledge|98\/100|[from] drain|[of] p2a: Flutter Mane\n|move|p2b: Ting-Lu|Heavy Slam|p1b: Dachsbun\n|-activate|p1b: Dachsbun|move: Protect\n|\n|-heal|p1b: Dachsbun|29\/100|[from] item: Leftovers\n|-end|p2b: Ting-Lu|move: Yawn|[silent]\n|-status|p2b: Ting-Lu|slp\n|upkeep\n|turn|6\n|inactive|zapdos95 has 30 seconds left.\n|\n|t:|1681858972\n|move|p2a: Flutter Mane|Protect|p2a: Flutter Mane\n|-singleturn|p2a: Flutter Mane|Protect\n|move|p1a: Ceruledge|Shadow Sneak|p2a: Flutter Mane\n|-activate|p2a: Flutter Mane|move: Protect\n|move|p1b: Dachsbun|Body Press|p2b: Ting-Lu\n|-resisted|p2b: Ting-Lu\n|-damage|p2b: Ting-Lu|29\/100 slp\n|cant|p2b: Ting-Lu|slp\n|\n|-heal|p1b: Dachsbun|35\/100|[from] item: Leftovers\n|upkeep\n|turn|7\n|inactive|zapdos95 has 30 seconds left.\n|\n|t:|1681859002\n|-end|p2a: Flutter Mane|Protosynthesis|[silent]\n|switch|p2a: Palafin|Palafin-Hero, L50, F|100\/100\n|-activate|p2a: Palafin|ability: Zero to Hero\n|move|p1b: Dachsbun|Protect|p1b: Dachsbun\n|-singleturn|p1b: Dachsbun|Protect\n|move|p1a: Ceruledge|Bitter Blade|p2b: Ting-Lu\n|-damage|p2b: Ting-Lu|2\/100 slp\n|-heal|p1a: Ceruledge|100\/100|[from] drain|[of] p2b: Ting-Lu\n|cant|p2b: Ting-Lu|slp\n|\n|-heal|p1b: Dachsbun|41\/100|[from] item: Leftovers\n|upkeep\n|turn|8\n|inactive|zapdos95 has 30 seconds left.\n|inactive|zapdos95 has 20 seconds left.\n|\n|t:|1681859040\n|move|p1b: Dachsbun|Body Press|p2a: Palafin\n|-damage|p2a: Palafin|52\/100\n|move|p1a: Ceruledge|Bitter Blade|p2b: Ting-Lu\n|-damage|p2b: Ting-Lu|0 fnt\n|faint|p2b: Ting-Lu\n|move|p2a: Palafin|Wave Crash|p1a: Ceruledge\n|-resisted|p1a: Ceruledge\n|-damage|p1a: Ceruledge|35\/100\n|-damage|p2a: Palafin|37\/100|[from] Recoil\n|\n|-heal|p1b: Dachsbun|47\/100|[from] item: Leftovers\n|upkeep\n|\n|t:|1681859050\n|switch|p2b: Flutter Mane|Flutter Mane, L50|9\/100\n|turn|9\n|c|\u2606Stempe|gg\n|inactive|zapdos95 has 30 seconds left.\n|inactive|zapdos95 has 20 seconds left.\n|inactive|zapdos95 has 15 seconds left.\n|inactive|zapdos95 has 10 seconds left.\n|\n|t:|1681859098\n|move|p2b: Flutter Mane|Protect|p2b: Flutter Mane\n|-singleturn|p2b: Flutter Mane|Protect\n|move|p1a: Ceruledge|Shadow Sneak|p2b: Flutter Mane\n|-activate|p2b: Flutter Mane|move: Protect\n|move|p2a: Palafin|Jet Punch|p1a: Ceruledge\n|-resisted|p1a: Ceruledge\n|-damage|p1a: Ceruledge|2\/100\n|move|p1b: Dachsbun|Body Press|p2a: Palafin\n|-damage|p2a: Palafin|0 fnt\n|faint|p2a: Palafin\n|\n|-heal|p1b: Dachsbun|54\/100|[from] item: Leftovers\n|upkeep\n|turn|10\n|\n|t:|1681859119\n|move|p1a: Ceruledge|Shadow Sneak|p2b: Flutter Mane\n|-supereffective|p2b: Flutter Mane\n|-damage|p2b: Flutter Mane|0 fnt\n|faint|p2b: Flutter Mane\n|-end|p2b: Flutter Mane|Protosynthesis|[silent]\n|\n|win|Stempe\n|raw|Stempe's rating: 1309 → 1332<\/strong> (+23 for winning)\n|raw|zapdos95's rating: 1358 → 1335<\/strong> (-23 for losing)\n","uploadtime":1681858737,"views":9,"p1id":"stempe","p2id":"zapdos95","formatid":"gen9vgc2023regulationc","rating":1332,"private":0,"password":""}