{"id":"gen9vgc2023regulationc-1858648092","p1":"omg_its_daddy","p2":"Goatdozo","format":"[Gen 9] VGC 2023 Regulation C","log":"|j|\u2606omg_its_daddy\n|j|\u2606Goatdozo\n|t:|1683337079\n|gametype|doubles\n|player|p1|omg_its_daddy|li|\n|player|p2|Goatdozo|cyclistf|\n|teamsize|p1|6\n|teamsize|p2|6\n|gen|9\n|tier|[Gen 9] VGC 2023 Regulation C\n|rule|Species Clause: Limit one of each Pok\u00e9mon\n|rule|Item Clause: Limit one of each item\n|clearpoke\n|poke|p1|Sableye, L50, F|\n|poke|p1|Dragalge, L50, F|\n|poke|p1|Flareon, L50, F|\n|poke|p1|Gyarados, L50, F|\n|poke|p1|Drowzee, L50, F|\n|poke|p1|Iron Valiant, L50|\n|poke|p2|Flutter Mane, L50|\n|poke|p2|Indeedee-F, L50, F|\n|poke|p2|Dugtrio, L50, F|\n|poke|p2|Eelektrik, L50, M|\n|poke|p2|Armarouge, L50, M|\n|poke|p2|Azumarill, L50, F|\n|teampreview|4\n|c|\u2606omg_its_daddy|g2\nomg_its_daddy rejected open team sheets.\n|\n|t:|1683337570\n|start\n|switch|p1a: Iron Valiant|Iron Valiant, L50|100\/100\n|switch|p1b: Sableye|Sableye, L50, F, shiny|100\/100\n|switch|p2a: Thongs|Flutter Mane, L50|100\/100\n|switch|p2b: Iced Vovo|Azumarill, L50, F|100\/100\n|-enditem|p2a: Thongs|Booster Energy\n|-activate|p2a: Thongs|ability: Protosynthesis|[fromitem]\n|-start|p2a: Thongs|protosynthesisspa\n|turn|1\n|\n|t:|1683337619\n|move|p1b: Sableye|Light Screen|p1b: Sableye\n|-sidestart|p1: omg_its_daddy|move: Light Screen\n|move|p2a: Thongs|Taunt|p1b: Sableye\n|-start|p1b: Sableye|move: Taunt\n|-enditem|p1b: Sableye|Mental Herb\n|-end|p1b: Sableye|move: Taunt\n|move|p1a: Iron Valiant|Knock Off|p2a: Thongs\n|-damage|p2a: Thongs|41\/100\n|move|p2b: Iced Vovo|Aqua Ring|p2b: Iced Vovo\n|-start|p2b: Iced Vovo|Aqua Ring\n|\n|upkeep\n|turn|2\n|\n|t:|1683337645\n|move|p1b: Sableye|Reflect|p1b: Sableye\n|-sidestart|p1: omg_its_daddy|Reflect\n|move|p2a: Thongs|Moonblast|p1a: Iron Valiant\n|-supereffective|p1a: Iron Valiant\n|-enditem|p1a: Iron Valiant|Focus Sash\n|-damage|p1a: Iron Valiant|1\/100\n|move|p1a: Iron Valiant|Knock Off|p2a: Thongs\n|-damage|p2a: Thongs|0 fnt\n|faint|p2a: Thongs\n|-end|p2a: Thongs|Protosynthesis|[silent]\n|move|p2b: Iced Vovo|Play Rough|p1a: Iron Valiant\n|-supereffective|p1a: Iron Valiant\n|-damage|p1a: Iron Valiant|0 fnt\n|faint|p1a: Iron Valiant\n|-end|p1a: Iron Valiant|Quark Drive|[silent]\n|\n|upkeep\n|\n|t:|1683337657\n|switch|p2a: Jillaroo|Indeedee-F, L50, F|100\/100\n|switch|p1a: Dragalge|Dragalge, L50, F, shiny|100\/100\n|-fieldstart|move: Psychic Terrain|[from] ability: Psychic Surge|[of] p2a: Jillaroo\n|turn|3\n|\n|t:|1683337679\n|move|p2b: Iced Vovo|Amnesia|p2b: Iced Vovo\n|-boost|p2b: Iced Vovo|spd|2\n|move|p1b: Sableye|Snarl|p2b: Iced Vovo|[spread] p2a,p2b\n|-supereffective|p2a: Jillaroo\n|-resisted|p2b: Iced Vovo\n|-damage|p2a: Jillaroo|81\/100\n|-damage|p2b: Iced Vovo|98\/100\n|-unboost|p2a: Jillaroo|spa|1\n|-unboost|p2b: Iced Vovo|spa|1\n|move|p1a: Dragalge|Sludge Bomb|p2b: Iced Vovo\n|-supereffective|p2b: Iced Vovo\n|-damage|p2b: Iced Vovo|56\/100\n|-status|p2b: Iced Vovo|psn\n|move|p2a: Jillaroo|Trick Room|p2a: Jillaroo\n|-fieldstart|move: Trick Room|[of] p2a: Jillaroo\n|\n|-heal|p2b: Iced Vovo|62\/100 psn|[from] item: Leftovers\n|-heal|p2b: Iced Vovo|68\/100 psn|[from] Aqua Ring\n|-damage|p2b: Iced Vovo|56\/100 psn|[from] psn\n|upkeep\n|turn|4\n|\n|t:|1683337707\n|move|p2a: Jillaroo|Follow Me|p2a: Jillaroo\n|-singleturn|p2a: Jillaroo|move: Follow Me\n|move|p1a: Dragalge|Sludge Bomb|p2a: Jillaroo\n|-damage|p2a: Jillaroo|24\/100\n|-enditem|p2a: Jillaroo|Sitrus Berry|[eat]\n|-heal|p2a: Jillaroo|48\/100|[from] item: Sitrus Berry\n|move|p1b: Sableye|Snarl|p2b: Iced Vovo|[spread] p2a,p2b\n|-supereffective|p2a: Jillaroo\n|-resisted|p2b: Iced Vovo\n|-damage|p2a: Jillaroo|27\/100\n|-damage|p2b: Iced Vovo|54\/100 psn\n|-unboost|p2a: Jillaroo|spa|1\n|-unboost|p2b: Iced Vovo|spa|1\n|move|p2b: Iced Vovo|Play Rough|p1b: Sableye\n|-supereffective|p1b: Sableye\n|-damage|p1b: Sableye|22\/100\n|-unboost|p1b: Sableye|atk|1\n|\n|-heal|p2b: Iced Vovo|59\/100 psn|[from] item: Leftovers\n|-heal|p2b: Iced Vovo|65\/100 psn|[from] Aqua Ring\n|-damage|p2b: Iced Vovo|53\/100 psn|[from] psn\n|upkeep\n|turn|5\n|\n|t:|1683337734\n|move|p2a: Jillaroo|Follow Me|p2a: Jillaroo\n|-singleturn|p2a: Jillaroo|move: Follow Me\n|move|p1a: Dragalge|Sludge Bomb|p2a: Jillaroo\n|-damage|p2a: Jillaroo|0 fnt\n|faint|p2a: Jillaroo\n|move|p1b: Sableye|Snarl|p2b: Iced Vovo\n|-resisted|p2b: Iced Vovo\n|-damage|p2b: Iced Vovo|50\/100 psn\n|-unboost|p2b: Iced Vovo|spa|1\n|move|p2b: Iced Vovo|Play Rough|p1b: Sableye\n|-supereffective|p1b: Sableye\n|-damage|p1b: Sableye|0 fnt\n|faint|p1b: Sableye\n|\n|-heal|p2b: Iced Vovo|56\/100 psn|[from] item: Leftovers\n|-heal|p2b: Iced Vovo|62\/100 psn|[from] Aqua Ring\n|-damage|p2b: Iced Vovo|50\/100 psn|[from] psn\n|-sideend|p1: omg_its_daddy|move: Light Screen\n|upkeep\n|\n|t:|1683337746\n|switch|p1b: Gyarados|Gyarados, L50, F, shiny|100\/100\n|switch|p2a: Jackaroo|Armarouge, L50, M|100\/100\n|turn|6\n|\n|t:|1683337799\n|-terastallize|p2a: Jackaroo|Steel\n|move|p1a: Dragalge|Sludge Bomb|p2b: Iced Vovo\n|-supereffective|p2b: Iced Vovo\n|-damage|p2b: Iced Vovo|4\/100 psn\n|move|p2b: Iced Vovo|Play Rough|p1b: Gyarados\n|-damage|p1b: Gyarados|70\/100\n|-unboost|p1b: Gyarados|atk|1\n|move|p2a: Jackaroo|Expanding Force|p1a: Dragalge|[spread] p1a,p1b\n|-supereffective|p1a: Dragalge\n|-damage|p1a: Dragalge|10\/100\n|-damage|p1b: Gyarados|0 fnt\n|faint|p1b: Gyarados\n|-damage|p2a: Jackaroo|90\/100|[from] item: Life Orb\n|\n|-heal|p2b: Iced Vovo|9\/100 psn|[from] item: Leftovers\n|-heal|p2b: Iced Vovo|15\/100 psn|[from] Aqua Ring\n|-damage|p2b: Iced Vovo|3\/100 psn|[from] psn\n|-sideend|p1: omg_its_daddy|Reflect\n|upkeep\n|turn|7\n|\n|t:|1683337843\n|move|p1a: Dragalge|Focus Blast|p2a: Jackaroo|[miss]\n|-miss|p1a: Dragalge|p2a: Jackaroo\n|move|p2b: Iced Vovo|Play Rough|p1a: Dragalge\n|-damage|p1a: Dragalge|0 fnt\n|faint|p1a: Dragalge\n|\n|win|Goatdozo\n|c|\u2606omg_its_daddy|gg!\n|c|\u2606Goatdozo|gg\n","uploadtime":1683338284,"views":36,"p1id":"omgitsdaddy","p2id":"goatdozo","formatid":"gen9vgc2023regulationc","rating":0,"private":0,"password":""}