{"id":"gen9vgc2023regulationc-1857510014","p1":"reeyo","p2":"NicoHaxVGC","format":"[Gen 9] VGC 2023 Regulation C","log":"|j|\u2606reeyo\n|j|\u2606NicoHaxVGC\n|t:|1683203202\n|gametype|doubles\n|player|p1|reeyo|medium|1337\n|player|p2|NicoHaxVGC|hilbert-wonderlauncher|1252\n|teamsize|p1|6\n|teamsize|p2|6\n|gen|9\n|tier|[Gen 9] VGC 2023 Regulation C\n|rated|\n|rule|Species Clause: Limit one of each Pok\u00e9mon\n|rule|Item Clause: Limit one of each item\n|clearpoke\n|poke|p1|Ceruledge, L50, F|\n|poke|p1|Scizor, L50, M|\n|poke|p1|Salamence, L50, M|\n|poke|p1|Maushold, L50|\n|poke|p1|Chien-Pao, L50|\n|poke|p1|Ting-Lu, L50|\n|poke|p2|Corviknight, L50, F|\n|poke|p2|Ting-Lu, L50|\n|poke|p2|Annihilape, L50, M|\n|poke|p2|Maushold, L50|\n|poke|p2|Iron Bundle, L50|\n|poke|p2|Flutter Mane, L50|\n|teampreview|4\n|inactive|Battle timer is ON: inactive players will automatically lose when time's up. (requested by NicoHaxVGC)\n|inactive|reeyo has 60 seconds left.\n|\n|t:|1683203242\n|start\n|switch|p1a: Scizor|Scizor, L50, M|100\/100\n|switch|p1b: Chien-Pao|Chien-Pao, L50|100\/100\n|switch|p2a: Cyborg|Iron Bundle, L50|100\/100\n|switch|p2b: Raven|Corviknight, L50, F|100\/100\n|-ability|p1b: Chien-Pao|Sword of Ruin\n|-enditem|p2a: Cyborg|Booster Energy\n|-activate|p2a: Cyborg|ability: Quark Drive|[fromitem]\n|-start|p2a: Cyborg|quarkdrivespe\n|turn|1\n|\n|t:|1683203263\n|move|p1b: Chien-Pao|Sucker Punch|p2a: Cyborg\n|-crit|p2a: Cyborg\n|-damage|p2a: Cyborg|28\/100\n|move|p1a: Scizor|Bullet Punch|p2a: Cyborg\n|-crit|p2a: Cyborg\n|-damage|p2a: Cyborg|0 fnt\n|faint|p2a: Cyborg\n|-end|p2a: Cyborg|Quark Drive|[silent]\n|move|p2b: Raven|Brave Bird|p1a: Scizor\n|-damage|p1a: Scizor|46\/100\n|-damage|p2b: Raven|85\/100|[from] Recoil\n|\n|upkeep\n|\n|t:|1683203276\n|switch|p2a: Aure-Corne|Maushold, L50|100\/100\n|turn|2\n|inactive|reeyo has 30 seconds left.\n|\n|t:|1683203303\n|-terastallize|p2a: Aure-Corne|Ghost\n|move|p2a: Aure-Corne|Follow Me|p2a: Aure-Corne\n|-singleturn|p2a: Aure-Corne|move: Follow Me\n|move|p1a: Scizor|Bullet Punch|p2a: Aure-Corne\n|-damage|p2a: Aure-Corne|46\/100\n|move|p1b: Chien-Pao|Sacred Sword|p2a: Aure-Corne\n|-immune|p2a: Aure-Corne\n|move|p2b: Raven|Brave Bird|p1a: Scizor\n|-damage|p1a: Scizor|0 fnt\n|faint|p1a: Scizor\n|-damage|p2b: Raven|72\/100|[from] Recoil\n|\n|upkeep\n|\n|t:|1683203327\n|switch|p1a: Salamence|Salamence, L50, M|100\/100\n|-ability|p1a: Salamence|Intimidate|boost\n|-unboost|p2a: Aure-Corne|atk|1\n|-ability|p2b: Raven|Mirror Armor\n|-unboost|p1a: Salamence|atk|1\n|turn|3\n|\n|t:|1683203346\n|move|p2a: Aure-Corne|Protect|p2a: Aure-Corne\n|-singleturn|p2a: Aure-Corne|Protect\n|move|p1b: Chien-Pao|Ice Spinner|p2a: Aure-Corne\n|-activate|p2a: Aure-Corne|move: Protect\n|move|p1a: Salamence|Rock Slide|p2b: Raven|[spread] p2b\n|-activate|p2a: Aure-Corne|move: Protect\n|-damage|p2b: Raven|61\/100\n|cant|p2b: Raven|flinch\n|\n|upkeep\n|turn|4\n|inactive|reeyo has 30 seconds left.\n|\n|t:|1683203376\n|switch|p1a: Ceruledge|Ceruledge, L50, F|100\/100\n|move|p1b: Chien-Pao|Ice Spinner|p2a: Aure-Corne\n|-damage|p2a: Aure-Corne|0 fnt\n|faint|p2a: Aure-Corne\n|move|p2b: Raven|Iron Head|p1b: Chien-Pao\n|-supereffective|p1b: Chien-Pao\n|-damage|p1b: Chien-Pao|23\/100\n|\n|upkeep\n|\n|t:|1683203385\n|switch|p2a: Star fire|Flutter Mane, L50|100\/100\n|turn|5\n|inactive|reeyo has 30 seconds left.\n|\n|t:|1683203417\n|move|p1b: Chien-Pao|Sucker Punch|p2a: Star fire\n|-damage|p2a: Star fire|21\/100\n|move|p2a: Star fire|Dazzling Gleam|p1b: Chien-Pao|[spread] p1a,p1b\n|-resisted|p1a: Ceruledge\n|-supereffective|p1b: Chien-Pao\n|-damage|p1a: Ceruledge|76\/100\n|-damage|p1b: Chien-Pao|0 fnt\n|faint|p1b: Chien-Pao\n|move|p1a: Ceruledge|Bitter Blade|p2b: Raven\n|-supereffective|p2b: Raven\n|-crit|p2b: Raven\n|-damage|p2b: Raven|0 fnt\n|-heal|p1a: Ceruledge|100\/100|[from] drain|[of] p2b: Raven\n|faint|p2b: Raven\n|\n|upkeep\n|\n|t:|1683203428\n|switch|p1b: Salamence|Salamence, L50, M|100\/100\n|-ability|p1b: Salamence|Intimidate|boost\n|-unboost|p2a: Star fire|atk|1\n|turn|6\n|c|\u2606NicoHaxVGC|gg\n|\n|t:|1683203441\n|-terastallize|p1b: Salamence|Steel\n|move|p1a: Ceruledge|Shadow Sneak|p2a: Star fire\n|-supereffective|p2a: Star fire\n|-damage|p2a: Star fire|0 fnt\n|faint|p2a: Star fire\n|-end|p2a: Star fire|Protosynthesis|[silent]\n|\n|win|reeyo\n|raw|reeyo's rating: 1337 → 1352<\/strong> (+15 for winning)\n|raw|NicoHaxVGC's rating: 1252 → 1233<\/strong> (-19 for losing)\n|c|\u2606reeyo|gg\n","uploadtime":1683203452,"views":8,"p1id":"reeyo","p2id":"nicohaxvgc","formatid":"gen9vgc2023regulationc","rating":1233,"private":0,"password":""}