{"id":"gen9vgc2023regulationc-1860621275","p1":"RodolfoFSantos","p2":"Mast3rCruz","format":"[Gen 9] VGC 2023 Regulation C","log":"|j|\u2606RodolfoFSantos\n|j|\u2606Mast3rCruz\n|t:|1683659812\n|gametype|doubles\n|player|p1|RodolfoFSantos|2|1060\n|player|p2|Mast3rCruz|dragontamer|1076\n|teamsize|p1|6\n|teamsize|p2|6\n|gen|9\n|tier|[Gen 9] VGC 2023 Regulation C\n|rated|\n|rule|Species Clause: Limit one of each Pok\u00e9mon\n|rule|Item Clause: Limit one of each item\n|clearpoke\n|poke|p1|Amoonguss, L50, M|\n|poke|p1|Palafin, L50, F|\n|poke|p1|Arcanine, L50, M|\n|poke|p1|Flutter Mane, L50|\n|poke|p1|Scizor, L50, F|\n|poke|p1|Meowscarada, L50, F|\n|poke|p2|Amoonguss, L50, F|\n|poke|p2|Armarouge, L50, M|\n|poke|p2|Gyarados, L50, M|\n|poke|p2|Hydreigon, L50, M|\n|poke|p2|Iron Hands, L50|\n|poke|p2|Iron Treads, L50|\n|teampreview|4\n|\n|t:|1683659856\n|start\n|switch|p1a: Arcanine|Arcanine, L50, M|100\/100\n|switch|p1b: Palafin|Palafin, L50, F|100\/100\n|switch|p2a: Bismarck|Gyarados, L50, M|100\/100\n|switch|p2b: IntoTheFire|Armarouge, L50, M|100\/100\n|-ability|p2a: Bismarck|Intimidate|boost\n|-unboost|p1a: Arcanine|atk|1\n|-unboost|p1b: Palafin|atk|1\n|-ability|p1a: Arcanine|Intimidate|boost\n|-unboost|p2a: Bismarck|atk|1\n|-unboost|p2b: IntoTheFire|atk|1\n|turn|1\n|inactive|Battle timer is ON: inactive players will automatically lose when time's up. (requested by Mast3rCruz)\n|inactive|Mast3rCruz has 60 seconds left.\n|\n|t:|1683659898\n|detailschange|p1b: Palafin|Palafin-Hero, L50, F\n|switch|p1b: Amoonguss|Amoonguss, L50, M|100\/100\n|switch|p2a: Midway|Amoonguss, L50, F|100\/100\n|-terastallize|p2b: IntoTheFire|Grass\n|move|p1a: Arcanine|Protect|p1a: Arcanine\n|-singleturn|p1a: Arcanine|Protect\n|move|p2b: IntoTheFire|Trick Room|p2b: IntoTheFire\n|-fieldstart|move: Trick Room|[of] p2b: IntoTheFire\n|\n|upkeep\n|turn|2\n|inactive|RodolfoFSantos has 30 seconds left.\n|inactive|Mast3rCruz has 30 seconds left.\n|\n|t:|1683659931\n|move|p1b: Amoonguss|Protect|p1b: Amoonguss\n|-singleturn|p1b: Amoonguss|Protect\n|move|p2a: Midway|Spore|p1a: Arcanine\n|-activate|p1a: Arcanine|item: Safety Goggles|Spore\n|move|p2b: IntoTheFire|Armor Cannon|p1b: Amoonguss\n|-activate|p1b: Amoonguss|move: Protect\n|move|p1a: Arcanine|Flare Blitz|p2a: Midway\n|-supereffective|p2a: Midway\n|-damage|p2a: Midway|45\/100\n|-enditem|p2a: Midway|Sitrus Berry|[eat]\n|-heal|p2a: Midway|69\/100|[from] item: Sitrus Berry\n|-damage|p1a: Arcanine|80\/100|[from] Recoil\n|\n|upkeep\n|turn|3\n|inactive|Mast3rCruz has 30 seconds left.\n|\n|t:|1683659958\n|switch|p1a: Palafin|Palafin-Hero, L50, F|100\/100\n|-activate|p1a: Palafin|ability: Zero to Hero\n|-terastallize|p1b: Amoonguss|Water\n|move|p2a: Midway|Rage Powder|p2a: Midway\n|-singleturn|p2a: Midway|move: Rage Powder\n|move|p1b: Amoonguss|Spore|p2a: Midway\n|-immune|p2a: Midway\n|move|p2b: IntoTheFire|Armor Cannon|p1b: Amoonguss\n|-resisted|p1b: Amoonguss\n|-damage|p1b: Amoonguss|72\/100\n|-unboost|p2b: IntoTheFire|def|1\n|-unboost|p2b: IntoTheFire|spd|1\n|\n|upkeep\n|turn|4\n|inactive|RodolfoFSantos has 30 seconds left.\n|\n|t:|1683659985\n|switch|p2b: Bismarck|Gyarados, L50, M|100\/100\n|-ability|p2b: Bismarck|Intimidate|boost\n|-unboost|p1a: Palafin|atk|1\n|-unboost|p1b: Amoonguss|atk|1\n|move|p1b: Amoonguss|Protect|p1b: Amoonguss\n|-singleturn|p1b: Amoonguss|Protect\n|move|p1a: Palafin|Jet Punch|p2b: Bismarck\n|-resisted|p2b: Bismarck\n|-damage|p2b: Bismarck|84\/100\n|move|p2a: Midway|Spore|p1a: Palafin\n|-status|p1a: Palafin|slp|[from] move: Spore\n|\n|upkeep\n|turn|5\n|inactive|Mast3rCruz has 30 seconds left.\n|\n|t:|1683660011\n|switch|p1a: Arcanine|Arcanine, L50, M|80\/100\n|-ability|p1a: Arcanine|Intimidate|boost\n|-unboost|p2a: Midway|atk|1\n|-unboost|p2b: Bismarck|atk|1\n|move|p2a: Midway|Rage Powder|p2a: Midway\n|-singleturn|p2a: Midway|move: Rage Powder\n|move|p1b: Amoonguss|Spore|p2a: Midway\n|-immune|p2a: Midway\n|move|p2b: Bismarck|Dragon Dance|p2b: Bismarck\n|-boost|p2b: Bismarck|atk|1\n|-boost|p2b: Bismarck|spe|1\n|\n|-fieldend|move: Trick Room\n|upkeep\n|turn|6\n|\n|t:|1683660033\n|move|p1b: Amoonguss|Rage Powder|p1b: Amoonguss\n|-singleturn|p1b: Amoonguss|move: Rage Powder\n|move|p2a: Midway|Rage Powder|p2a: Midway\n|-singleturn|p2a: Midway|move: Rage Powder\n|move|p2b: Bismarck|Waterfall|p1b: Amoonguss\n|-resisted|p1b: Amoonguss\n|-damage|p1b: Amoonguss|56\/100\n|-damage|p2b: Bismarck|67\/100|[from] item: Rocky Helmet|[of] p1b: Amoonguss\n|move|p1a: Arcanine|Wild Charge|p2b: Bismarck\n|-supereffective|p2b: Bismarck\n|-damage|p2b: Bismarck|0 fnt\n|faint|p2b: Bismarck\n|-damage|p1a: Arcanine|65\/100|[from] Recoil\n|\n|upkeep\n|\n|t:|1683660054\n|switch|p2b: IntoTheFire|Armarouge, L50, M, tera:Grass|100\/100\n|turn|7\n|\n|t:|1683660079\n|move|p1a: Arcanine|Flare Blitz|p2a: Midway\n|-supereffective|p2a: Midway\n|-damage|p2a: Midway|0 fnt\n|faint|p2a: Midway\n|-damage|p1a: Arcanine|40\/100|[from] Recoil\n|move|p2b: IntoTheFire|Energy Ball|p1b: Amoonguss\n|-supereffective|p1b: Amoonguss\n|-damage|p1b: Amoonguss|0 fnt\n|faint|p1b: Amoonguss\n|\n|upkeep\n|\n|t:|1683660090\n|switch|p1b: Flutter Mane|Flutter Mane, L50|100\/100\n|switch|p2a: Shiroyama|Iron Hands, L50|100\/100\n|-enditem|p1b: Flutter Mane|Booster Energy\n|-activate|p1b: Flutter Mane|ability: Protosynthesis|[fromitem]\n|-start|p1b: Flutter Mane|protosynthesisspa\n|turn|8\n|\n|t:|1683660108\n|move|p1b: Flutter Mane|Protect|p1b: Flutter Mane\n|-singleturn|p1b: Flutter Mane|Protect\n|move|p1a: Arcanine|Protect|p1a: Arcanine\n|-singleturn|p1a: Arcanine|Protect\n|move|p2b: IntoTheFire|Armor Cannon|p1b: Flutter Mane\n|-activate|p1b: Flutter Mane|move: Protect\n|move|p2a: Shiroyama|Wild Charge|p1b: Flutter Mane\n|-activate|p1b: Flutter Mane|move: Protect\n|\n|upkeep\n|turn|9\n|\n|t:|1683660128\n|move|p1b: Flutter Mane|Shadow Ball|p2b: IntoTheFire\n|-damage|p2b: IntoTheFire|43\/100\n|move|p1a: Arcanine|Will-O-Wisp|p2a: Shiroyama|[miss]\n|-miss|p1a: Arcanine|p2a: Shiroyama\n|move|p2a: Shiroyama|Wild Charge|p1b: Flutter Mane\n|-damage|p1b: Flutter Mane|0 fnt\n|faint|p1b: Flutter Mane\n|-end|p1b: Flutter Mane|Protosynthesis|[silent]\n|-damage|p2a: Shiroyama|87\/100|[from] Recoil\n|move|p2b: IntoTheFire|Trick Room|p2b: IntoTheFire\n|-fieldstart|move: Trick Room|[of] p2b: IntoTheFire\n|\n|upkeep\n|\n|t:|1683660139\n|switch|p1b: Palafin|Palafin-Hero, L50, F|100\/100 slp\n|turn|10\n|\n|t:|1683660153\n|cant|p1b: Palafin|slp\n|move|p2a: Shiroyama|Wild Charge|p1b: Palafin\n|-supereffective|p1b: Palafin\n|-damage|p1b: Palafin|0 fnt\n|faint|p1b: Palafin\n|-damage|p2a: Shiroyama|68\/100|[from] Recoil\n|move|p2b: IntoTheFire|Energy Ball|p1a: Arcanine\n|-resisted|p1a: Arcanine\n|-damage|p1a: Arcanine|15\/100\n|move|p1a: Arcanine|Will-O-Wisp|p2a: Shiroyama\n|-status|p2a: Shiroyama|brn\n|\n|-damage|p2a: Shiroyama|62\/100 brn|[from] brn\n|upkeep\n|turn|11\n|-message|RodolfoFSantos forfeited.\n|\n|win|Mast3rCruz\n|raw|RodolfoFSantos's rating: 1060 → 1042<\/strong> (-18 for losing)\n|raw|Mast3rCruz's rating: 1076 → 1103<\/strong> (+27 for winning)\n|l|\u2606RodolfoFSantos\n","uploadtime":1683660175,"views":16,"p1id":"rodolfofsantos","p2id":"mast3rcruz","formatid":"gen9vgc2023regulationc","rating":1042,"private":0,"password":""}