{"id":"gen9vgc2023regulationc-1844825248","p1":"Alvarolm22","p2":"waitingfortheworms","format":"[Gen 9] VGC 2023 Regulation C","log":"|j|\u2606Alvarolm22\n|j|\u2606waitingfortheworms\n|t:|1681653171\n|gametype|doubles\n|player|p1|Alvarolm22|101|1007\n|player|p2|waitingfortheworms|morty-gen2|1083\n|teamsize|p1|6\n|teamsize|p2|6\n|gen|9\n|tier|[Gen 9] VGC 2023 Regulation C\n|rated|\n|rule|Species Clause: Limit one of each Pok\u00e9mon\n|rule|Item Clause: Limit one of each item\n|clearpoke\n|poke|p1|Great Tusk, L50|\n|poke|p1|Gastrodon-East, L50, F|\n|poke|p1|Corviknight, L50, F|\n|poke|p1|Amoonguss, L50, F|\n|poke|p1|Arcanine, L50, M|\n|poke|p1|Iron Thorns, L50|\n|poke|p2|Iron Valiant, L50|\n|poke|p2|Iron Bundle, L50|\n|poke|p2|Dragonite, L50, M|\n|poke|p2|Gholdengo, L50|\n|poke|p2|Flutter Mane, L50|\n|poke|p2|Kingambit, L50, F|\n|teampreview|4\n|\n|t:|1681653231\n|start\n|switch|p1a: Corviknight|Corviknight, L50, F|100\/100\n|switch|p1b: Amoonguss|Amoonguss, L50, F|100\/100\n|switch|p2a: Dragonite|Dragonite, L50, M|100\/100\n|switch|p2b: Iron Bundle|Iron Bundle, L50|100\/100\n|-enditem|p2b: Iron Bundle|Booster Energy\n|-activate|p2b: Iron Bundle|ability: Quark Drive|[fromitem]\n|-start|p2b: Iron Bundle|quarkdrivespe\n|turn|1\n|\n|t:|1681653247\n|-terastallize|p2a: Dragonite|Normal\n|move|p2b: Iron Bundle|Protect|p2b: Iron Bundle\n|-singleturn|p2b: Iron Bundle|Protect\n|move|p2a: Dragonite|Extreme Speed|p1b: Amoonguss\n|-damage|p1b: Amoonguss|51\/100\n|move|p1b: Amoonguss|Rage Powder|p1b: Amoonguss\n|-singleturn|p1b: Amoonguss|move: Rage Powder\n|move|p1a: Corviknight|Tailwind|p1a: Corviknight\n|-sidestart|p1: Alvarolm22|move: Tailwind\n|\n|upkeep\n|turn|2\n|\n|t:|1681653274\n|move|p1a: Corviknight|Protect|p1a: Corviknight\n|-singleturn|p1a: Corviknight|Protect\n|move|p2a: Dragonite|Extreme Speed|p1b: Amoonguss\n|-damage|p1b: Amoonguss|3\/100\n|move|p2b: Iron Bundle|Hydro Pump|p1a: Corviknight\n|-activate|p1a: Corviknight|move: Protect\n|move|p1b: Amoonguss|Spore|p2b: Iron Bundle\n|-status|p2b: Iron Bundle|slp|[from] move: Spore\n|\n|upkeep\n|turn|3\n|\n|t:|1681653303\n|move|p2a: Dragonite|Extreme Speed|p1b: Amoonguss\n|-damage|p1b: Amoonguss|0 fnt\n|faint|p1b: Amoonguss\n|cant|p2b: Iron Bundle|slp\n|move|p1a: Corviknight|Brave Bird|p2b: Iron Bundle\n|-damage|p2b: Iron Bundle|50\/100 slp\n|-damage|p1a: Corviknight|87\/100|[from] Recoil\n|\n|-heal|p1a: Corviknight|93\/100|[from] item: Leftovers\n|upkeep\n|\n|t:|1681653316\n|switch|p1b: Arcanine|Arcanine, L50, M|100\/100\n|-ability|p1b: Arcanine|Intimidate|boost\n|-unboost|p2a: Dragonite|atk|1\n|-unboost|p2b: Iron Bundle|atk|1\n|turn|4\n|\n|t:|1681653337\n|cant|p2b: Iron Bundle|slp\n|move|p1b: Arcanine|Will-O-Wisp|p2a: Dragonite|[miss]\n|-miss|p1b: Arcanine|p2a: Dragonite\n|move|p1a: Corviknight|Brave Bird|p2b: Iron Bundle\n|-damage|p2b: Iron Bundle|4\/100 slp\n|-damage|p1a: Corviknight|81\/100|[from] Recoil\n|move|p2a: Dragonite|Tailwind|p2a: Dragonite\n|-sidestart|p2: waitingfortheworms|move: Tailwind\n|\n|-heal|p1a: Corviknight|87\/100|[from] item: Leftovers\n|-sideend|p1: Alvarolm22|move: Tailwind\n|upkeep\n|turn|5\n|\n|t:|1681653356\n|switch|p2a: Flutter Mane|Flutter Mane, L50|100\/100\n|move|p1a: Corviknight|Protect|p1a: Corviknight\n|-singleturn|p1a: Corviknight|Protect\n|move|p1b: Arcanine|Extreme Speed|p2b: Iron Bundle\n|-damage|p2b: Iron Bundle|0 fnt\n|faint|p2b: Iron Bundle\n|-end|p2b: Iron Bundle|Quark Drive|[silent]\n|\n|-heal|p1a: Corviknight|93\/100|[from] item: Leftovers\n|upkeep\n|\n|t:|1681653367\n|switch|p2b: Iron Valiant|Iron Valiant, L50|100\/100\n|turn|6\n|\n|t:|1681653376\n|move|p2a: Flutter Mane|Protect|p2a: Flutter Mane\n|-singleturn|p2a: Flutter Mane|Protect\n|move|p2b: Iron Valiant|Thunderbolt|p1a: Corviknight\n|-supereffective|p1a: Corviknight\n|-damage|p1a: Corviknight|19\/100\n|-damage|p2b: Iron Valiant|91\/100|[from] item: Life Orb\n|move|p1b: Arcanine|Snarl|p2b: Iron Valiant|[spread] p2b\n|-activate|p2a: Flutter Mane|move: Protect\n|-resisted|p2b: Iron Valiant\n|-damage|p2b: Iron Valiant|87\/100\n|-unboost|p2b: Iron Valiant|spa|1\n|move|p1a: Corviknight|Brave Bird|p2b: Iron Valiant\n|-supereffective|p2b: Iron Valiant\n|-damage|p2b: Iron Valiant|0 fnt\n|faint|p2b: Iron Valiant\n|-end|p2b: Iron Valiant|Quark Drive|[silent]\n|-damage|p1a: Corviknight|0 fnt|[from] Recoil\n|faint|p1a: Corviknight\n|\n|upkeep\n|\n|t:|1681653396\n|switch|p2b: Dragonite|Dragonite, L50, M, tera:Normal|100\/100\n|switch|p1a: Great Tusk|Great Tusk, L50|100\/100\n|-enditem|p1a: Great Tusk|Booster Energy\n|-activate|p1a: Great Tusk|ability: Protosynthesis|[fromitem]\n|-start|p1a: Great Tusk|protosynthesisatk\n|turn|7\n|\n|t:|1681653419\n|-terastallize|p1a: Great Tusk|Ground\n|move|p1a: Great Tusk|Protect|p1a: Great Tusk\n|-singleturn|p1a: Great Tusk|Protect\n|move|p2b: Dragonite|Extreme Speed|p1a: Great Tusk\n|-activate|p1a: Great Tusk|move: Protect\n|move|p2a: Flutter Mane|Moonblast|p1a: Great Tusk\n|-activate|p1a: Great Tusk|move: Protect\n|move|p1b: Arcanine|Snarl|p2b: Dragonite|[spread] p2a,p2b\n|-damage|p2a: Flutter Mane|92\/100\n|-damage|p2b: Dragonite|97\/100\n|-unboost|p2a: Flutter Mane|spa|1\n|-unboost|p2b: Dragonite|spa|1\n|\n|-sideend|p2: waitingfortheworms|move: Tailwind\n|upkeep\n|turn|8\n|\n|t:|1681653449\n|move|p2a: Flutter Mane|Protect|p2a: Flutter Mane\n|-singleturn|p2a: Flutter Mane|Protect\n|move|p2b: Dragonite|Extreme Speed|p1a: Great Tusk\n|-damage|p1a: Great Tusk|58\/100\n|move|p1a: Great Tusk|Close Combat|p2b: Dragonite\n|-supereffective|p2b: Dragonite\n|-damage|p2b: Dragonite|0 fnt\n|-unboost|p1a: Great Tusk|def|1\n|-unboost|p1a: Great Tusk|spd|1\n|faint|p2b: Dragonite\n|move|p1b: Arcanine|Will-O-Wisp|p2a: Flutter Mane\n|-activate|p2a: Flutter Mane|move: Protect\n|\n|upkeep\n|turn|9\n|\n|t:|1681653471\n|move|p2a: Flutter Mane|Shadow Ball|p1a: Great Tusk\n|-damage|p1a: Great Tusk|0 fnt\n|faint|p1a: Great Tusk\n|-end|p1a: Great Tusk|Protosynthesis|[silent]\n|move|p1b: Arcanine|Snarl|p2a: Flutter Mane\n|-damage|p2a: Flutter Mane|79\/100\n|-unboost|p2a: Flutter Mane|spa|1\n|\n|upkeep\n|turn|10\n|\n|t:|1681653482\n|move|p2a: Flutter Mane|Shadow Ball|p1b: Arcanine\n|-damage|p1b: Arcanine|82\/100\n|move|p1b: Arcanine|Snarl|p2a: Flutter Mane\n|-damage|p2a: Flutter Mane|67\/100\n|-unboost|p2a: Flutter Mane|spa|1\n|\n|upkeep\n|turn|11\n|\n|t:|1681653490\n|move|p2a: Flutter Mane|Shadow Ball|p1b: Arcanine\n|-damage|p1b: Arcanine|66\/100\n|move|p1b: Arcanine|Snarl|p2a: Flutter Mane\n|-damage|p2a: Flutter Mane|55\/100\n|-unboost|p2a: Flutter Mane|spa|1\n|\n|upkeep\n|turn|12\n|\n|t:|1681653501\n|move|p2a: Flutter Mane|Shadow Ball|p1b: Arcanine\n|-damage|p1b: Arcanine|54\/100\n|move|p1b: Arcanine|Snarl|p2a: Flutter Mane\n|-damage|p2a: Flutter Mane|42\/100\n|-unboost|p2a: Flutter Mane|spa|1\n|\n|upkeep\n|turn|13\n|\n|t:|1681653513\n|move|p2a: Flutter Mane|Shadow Ball|p1b: Arcanine\n|-damage|p1b: Arcanine|43\/100\n|move|p1b: Arcanine|Flare Blitz|p2a: Flutter Mane\n|-damage|p2a: Flutter Mane|0 fnt\n|faint|p2a: Flutter Mane\n|-end|p2a: Flutter Mane|Protosynthesis|[silent]\n|-damage|p1b: Arcanine|34\/100|[from] Recoil\n|\n|win|Alvarolm22\n|raw|Alvarolm22's rating: 1000 → 1049<\/strong> (+49 for winning)\n|raw|waitingfortheworms's rating: 1083 → 1055<\/strong> (-28 for losing)\n","uploadtime":1681653532,"views":9,"p1id":"alvarolm22","p2id":"waitingfortheworms","formatid":"gen9vgc2023regulationc","rating":1049,"private":0,"password":""}