{"id":"gen9vgc2023regulationc-1851784148","p1":"w0wells","p2":"lttrm","format":"[Gen 9] VGC 2023 Regulation C","log":"|j|\u2606w0wells\n|j|\u2606lttrm\n|t:|1682483103\n|gametype|doubles\n|player|p1|w0wells|cyclist|1319\n|player|p2|lttrm|janitor|1395\n|teamsize|p1|6\n|teamsize|p2|6\n|gen|9\n|tier|[Gen 9] VGC 2023 Regulation C\n|rated|\n|rule|Species Clause: Limit one of each Pok\u00e9mon\n|rule|Item Clause: Limit one of each item\n|clearpoke\n|poke|p1|Scizor, L50, M|\n|poke|p1|Grimmsnarl, L50, M|\n|poke|p1|Mimikyu, L50, M|\n|poke|p1|Amoonguss, L50, M|\n|poke|p1|Gastrodon-East, L50, M|\n|poke|p1|Chi-Yu, L50|\n|poke|p2|Garchomp, L50, F|\n|poke|p2|Murkrow, L50, F|\n|poke|p2|Meowscarada, L50, M|\n|poke|p2|Iron Hands, L50|\n|poke|p2|Iron Bundle, L50|\n|poke|p2|Gyarados, L50, F|\n|teampreview|4\nw0wells has agreed to open team sheets.\n|inactive|Battle timer is ON: inactive players will automatically lose when time's up. (requested by w0wells)\n|inactive|lttrm has 60 seconds left.\n|\n|t:|1682483165\n|start\n|switch|p1a: Mimikyu|Mimikyu, L50, M|100\/100\n|switch|p1b: Grimmsnarl|Grimmsnarl, L50, M|100\/100\n|switch|p2a: Meowscarada|Meowscarada, L50, M|100\/100\n|switch|p2b: Iron Bundle|Iron Bundle, L50|100\/100\n|-enditem|p2b: Iron Bundle|Booster Energy\n|-activate|p2b: Iron Bundle|ability: Quark Drive|[fromitem]\n|-start|p2b: Iron Bundle|quarkdrivespe\n|turn|1\n|inactive|lttrm has 30 seconds left.\n|\n|t:|1682483197\n|move|p1b: Grimmsnarl|Fake Out|p2a: Meowscarada\n|-damage|p2a: Meowscarada|83\/100\n|move|p2b: Iron Bundle|Encore|p1b: Grimmsnarl\n|-start|p1b: Grimmsnarl|Encore\n|cant|p2a: Meowscarada|flinch\n|move|p1a: Mimikyu|Trick Room|p1a: Mimikyu\n|-fieldstart|move: Trick Room|[of] p1a: Mimikyu\n|\n|upkeep\n|turn|2\n|inactive|w0wells has 30 seconds left.\n|inactive|lttrm has 30 seconds left.\n|inactive|w0wells has 20 seconds left.\n|inactive|lttrm has 20 seconds left.\n|inactive|lttrm has 15 seconds left.\n|\n|t:|1682483246\n|switch|p1b: Chi-Yu|Chi-Yu, L50|100\/100\n|-ability|p1b: Chi-Yu|Beads of Ruin\n|move|p2a: Meowscarada|Protect|p2a: Meowscarada\n|-singleturn|p2a: Meowscarada|Protect\n|move|p1a: Mimikyu|Play Rough|p2a: Meowscarada\n|-activate|p2a: Meowscarada|move: Protect\n|move|p2b: Iron Bundle|Encore|p1a: Mimikyu\n|-start|p1a: Mimikyu|Encore\n|\n|upkeep\n|turn|3\n|inactive|w0wells has 30 seconds left.\n|\n|t:|1682483279\n|switch|p1a: Gastrodon|Gastrodon-East, L50, M|100\/100\n|switch|p2a: Gyarados|Gyarados, L50, F|100\/100\n|-ability|p2a: Gyarados|Intimidate|boost\n|-unboost|p1a: Gastrodon|atk|1\n|-unboost|p1b: Chi-Yu|atk|1\n|move|p2b: Iron Bundle|Protect|p2b: Iron Bundle\n|-singleturn|p2b: Iron Bundle|Protect\n|move|p1b: Chi-Yu|Flamethrower|p2a: Gyarados\n|-resisted|p2a: Gyarados\n|-crit|p2a: Gyarados\n|-damage|p2a: Gyarados|53\/100\n|\n|upkeep\n|turn|4\n|inactive|w0wells has 30 seconds left.\n|inactive|lttrm has 30 seconds left.\n|\n|t:|1682483313\n|-end|p2b: Iron Bundle|Quark Drive|[silent]\n|switch|p2b: Iron Hands|Iron Hands, L50|100\/100\n|-terastallize|p1a: Gastrodon|Fire\n|move|p2a: Gyarados|Protect|p2a: Gyarados\n|-singleturn|p2a: Gyarados|Protect\n|move|p1a: Gastrodon|Ice Beam|p2a: Gyarados\n|-activate|p2a: Gyarados|move: Protect\n|move|p1b: Chi-Yu|Dark Pulse|p2b: Iron Hands\n|-resisted|p2b: Iron Hands\n|-damage|p2b: Iron Hands|80\/100\n|\n|upkeep\n|turn|5\n|inactive|lttrm has 30 seconds left.\n|inactive|lttrm has 20 seconds left.\n|inactive|lttrm has 15 seconds left.\n|\n|t:|1682483355\n|switch|p1a: Mimikyu|Mimikyu, L50, M|100\/100\n|move|p1b: Chi-Yu|Protect|p1b: Chi-Yu\n|-singleturn|p1b: Chi-Yu|Protect\n|move|p2b: Iron Hands|Stomping Tantrum|p1a: Mimikyu\n|-activate|p1a: Mimikyu|ability: Disguise\n|-damage|p1a: Mimikyu|100\/100\n|detailschange|p1a: Mimikyu|Mimikyu-Busted, L50, M\n|-damage|p1a: Mimikyu|89\/100|[from] pokemon: Mimikyu-Busted\n|move|p2a: Gyarados|Dragon Dance|p2a: Gyarados\n|-boost|p2a: Gyarados|atk|1\n|-boost|p2a: Gyarados|spe|1\n|\n|-fieldend|move: Trick Room\n|upkeep\n|turn|6\n|inactive|w0wells has 30 seconds left.\n|inactive|lttrm has 30 seconds left.\n|inactive|lttrm has 20 seconds left.\n|\n|t:|1682483391\n|switch|p1b: Grimmsnarl|Grimmsnarl, L50, M|100\/100\n|move|p2a: Gyarados|Waterfall|p1a: Mimikyu\n|-damage|p1a: Mimikyu|6\/100\n|move|p2b: Iron Hands|Drain Punch|p1b: Grimmsnarl\n|-damage|p1b: Grimmsnarl|52\/100\n|-heal|p2b: Iron Hands|99\/100|[from] drain|[of] p1b: Grimmsnarl\n|move|p1a: Mimikyu|Trick Room|p1a: Mimikyu\n|-fieldstart|move: Trick Room|[of] p1a: Mimikyu\n|\n|upkeep\n|turn|7\n|c|\u2606lttrm|wah\n|c|\u2606lttrm|bulky\n|c|\u2606w0wells|dang i didn\n|inactive|w0wells has 30 seconds left.\n|inactive|lttrm has 30 seconds left.\n|c|\u2606w0wells|'t think u would waterfall\n|inactive|w0wells has 20 seconds left.\n|inactive|lttrm has 20 seconds left.\n|inactive|w0wells has 15 seconds left.\n|inactive|lttrm has 15 seconds left.\n|inactive|w0wells has 10 seconds left.\n|inactive|lttrm has 10 seconds left.\n|inactive|lttrm has 5 seconds left.\n|\n|t:|1682483442\n|switch|p1a: Gastrodon|Gastrodon-East, L50, M, tera:Fire|100\/100\n|move|p2a: Gyarados|Protect|p2a: Gyarados\n|-singleturn|p2a: Gyarados|Protect\n|move|p1b: Grimmsnarl|Fake Out|p2b: Iron Hands\n|-damage|p2b: Iron Hands|91\/100\n|cant|p2b: Iron Hands|flinch\n|\n|upkeep\n|turn|8\n|inactive|lttrm has 30 seconds left.\n|\n|t:|1682483470\n|-terastallize|p2a: Gyarados|Flying\n|move|p1b: Grimmsnarl|Reflect|p1b: Grimmsnarl\n|-sidestart|p1: w0wells|Reflect\n|move|p1a: Gastrodon|Ice Beam|p2a: Gyarados\n|-supereffective|p2a: Gyarados\n|-crit|p2a: Gyarados\n|-damage|p2a: Gyarados|0 fnt\n|faint|p2a: Gyarados\n|move|p2b: Iron Hands|Stomping Tantrum|p1a: Gastrodon\n|-supereffective|p1a: Gastrodon\n|-damage|p1a: Gastrodon|28\/100\n|\n|upkeep\n|\n|t:|1682483478\n|switch|p2a: Meowscarada|Meowscarada, L50, M|83\/100\n|turn|9\n|inactive|lttrm has 30 seconds left.\n|\n|t:|1682483508\n|move|p1a: Gastrodon|Recover|p1a: Gastrodon\n|-heal|p1a: Gastrodon|78\/100\n|move|p2b: Iron Hands|Stomping Tantrum|p1a: Gastrodon\n|-supereffective|p1a: Gastrodon\n|-damage|p1a: Gastrodon|37\/100\n|move|p1b: Grimmsnarl|Spirit Break|p2a: Meowscarada\n|-supereffective|p2a: Meowscarada\n|-damage|p2a: Meowscarada|0 fnt\n|faint|p2a: Meowscarada\n|\n|upkeep\n|\n|t:|1682483515\n|switch|p2a: Iron Bundle|Iron Bundle, L50|100\/100\n|turn|10\n|\n|t:|1682483528\n|switch|p1b: Chi-Yu|Chi-Yu, L50|100\/100\n|-ability|p1b: Chi-Yu|Beads of Ruin\n|move|p2a: Iron Bundle|Protect|p2a: Iron Bundle\n|-singleturn|p2a: Iron Bundle|Protect\n|move|p1a: Gastrodon|Earth Power|p2b: Iron Hands\n|-supereffective|p2b: Iron Hands\n|-damage|p2b: Iron Hands|35\/100\n|move|p2b: Iron Hands|Drain Punch|p1b: Chi-Yu\n|-supereffective|p1b: Chi-Yu\n|-damage|p1b: Chi-Yu|6\/100\n|-heal|p2b: Iron Hands|59\/100|[from] drain|[of] p1b: Chi-Yu\n|\n|-fieldend|move: Trick Room\n|upkeep\n|turn|11\n|\n|t:|1682483552\n|move|p1b: Chi-Yu|Protect|p1b: Chi-Yu\n|-singleturn|p1b: Chi-Yu|Protect\n|move|p2a: Iron Bundle|Icy Wind|p1a: Gastrodon|[spread] p1a\n|-activate|p1b: Chi-Yu|move: Protect\n|-resisted|p1a: Gastrodon\n|-damage|p1a: Gastrodon|25\/100\n|move|p2b: Iron Hands|Stomping Tantrum|p1a: Gastrodon\n|-supereffective|p1a: Gastrodon\n|-damage|p1a: Gastrodon|0 fnt\n|faint|p1a: Gastrodon\n|\n|upkeep\n|\n|t:|1682483567\n|switch|p1a: Grimmsnarl|Grimmsnarl, L50, M|52\/100\n|turn|12\n|\n|t:|1682483590\n|move|p2a: Iron Bundle|Protect|p2a: Iron Bundle\n|-singleturn|p2a: Iron Bundle|Protect\n|move|p1a: Grimmsnarl|Fake Out|p2b: Iron Hands\n|-damage|p2b: Iron Hands|51\/100\n|move|p1b: Chi-Yu|Flamethrower|p2b: Iron Hands\n|-damage|p2b: Iron Hands|4\/100\n|cant|p2b: Iron Hands|flinch\n|\n|upkeep\n|turn|13\n|\n|t:|1682483614\n|switch|p1a: Mimikyu|Mimikyu-Busted, L50, M|6\/100\n|move|p1b: Chi-Yu|Protect|p1b: Chi-Yu\n|-singleturn|p1b: Chi-Yu|Protect\n|move|p2a: Iron Bundle|Encore||[still]\n|-fail|p2a: Iron Bundle\n|move|p2b: Iron Hands|Drain Punch|p1b: Chi-Yu\n|-activate|p1b: Chi-Yu|move: Protect\n|\n|upkeep\n|turn|14\n|\n|t:|1682483639\n|switch|p1b: Grimmsnarl|Grimmsnarl, L50, M|52\/100\n|move|p1a: Mimikyu|Shadow Sneak|p2b: Iron Hands\n|-damage|p2b: Iron Hands|0 fnt\n|faint|p2b: Iron Hands\n|-end|p2b: Iron Hands|Quark Drive|[silent]\n|-damage|p1a: Mimikyu|0 fnt|[from] item: Life Orb\n|faint|p1a: Mimikyu\n|move|p2a: Iron Bundle|Icy Wind|p1b: Grimmsnarl\n|-damage|p1b: Grimmsnarl|31\/100\n|-unboost|p1b: Grimmsnarl|spe|1\n|\n|upkeep\n|\n|t:|1682483648\n|switch|p1a: Chi-Yu|Chi-Yu, L50|6\/100\n|-ability|p1a: Chi-Yu|Beads of Ruin\n|turn|15\n|inactive|w0wells has 30 seconds left.\n|\n|t:|1682483673\n|move|p2a: Iron Bundle|Protect|p2a: Iron Bundle\n|-singleturn|p2a: Iron Bundle|Protect\n|move|p1b: Grimmsnarl|Fake Out|p2a: Iron Bundle\n|-activate|p2a: Iron Bundle|move: Protect\n|move|p1a: Chi-Yu|Dark Pulse|p2a: Iron Bundle\n|-activate|p2a: Iron Bundle|move: Protect\n|\n|-sideend|p1: w0wells|Reflect\n|upkeep\n|turn|16\n|inactive|lttrm has 30 seconds left.\n|inactive|lttrm has 20 seconds left.\n|\n|t:|1682483698\n|move|p1a: Chi-Yu|Protect|p1a: Chi-Yu\n|-singleturn|p1a: Chi-Yu|Protect\n|move|p2a: Iron Bundle|Icy Wind|p1a: Chi-Yu|[spread] p1b\n|-activate|p1a: Chi-Yu|move: Protect\n|-damage|p1b: Grimmsnarl|10\/100\n|-unboost|p1b: Grimmsnarl|spe|1\n|move|p1b: Grimmsnarl|Spirit Break|p2a: Iron Bundle\n|-damage|p2a: Iron Bundle|68\/100\n|-unboost|p2a: Iron Bundle|spa|1\n|\n|upkeep\n|turn|17\n|inactive|lttrm has 20 seconds left this turn.\n|inactive|lttrm has 15 seconds left.\n|\n|t:|1682483713\n|move|p2a: Iron Bundle|Icy Wind|p1b: Grimmsnarl|[spread] p1a,p1b\n|-resisted|p1a: Chi-Yu\n|-damage|p1a: Chi-Yu|0 fnt\n|-damage|p1b: Grimmsnarl|0 fnt\n|faint|p1a: Chi-Yu\n|faint|p1b: Grimmsnarl\n|\n|win|lttrm\n|inactive|lttrm has 15 seconds left this turn.\n|raw|w0wells's rating: 1319 → 1303<\/strong> (-16 for losing)\n|raw|lttrm's rating: 1395 → 1411<\/strong> (+16 for winning)\n|c|\u2606lttrm|gg\n|c|\u2606w0wells|gg\n|c|\u2606lttrm|really hard game\n|c|\u2606w0wells|close one\n","uploadtime":1682483736,"views":17,"p1id":"w0wells","p2id":"lttrm","formatid":"gen9vgc2023regulationc","rating":1303,"private":0,"password":""}