{"id":"gen9vgc2023regulationc-1847466886","p1":"That_Leek","p2":"Marioluvera","format":"[Gen 9] VGC 2023 Regulation C","log":"|j|\u2606That_Leek\n|j|\u2606Marioluvera\n|t:|1681958649\n|gametype|doubles\n|player|p1|That_Leek|blue|1259\n|player|p2|Marioluvera|2|1271\n|teamsize|p1|6\n|teamsize|p2|6\n|gen|9\n|tier|[Gen 9] VGC 2023 Regulation C\n|rated|\n|rule|Species Clause: Limit one of each Pok\u00e9mon\n|rule|Item Clause: Limit one of each item\n|clearpoke\n|poke|p1|Tyranitar, L50, M|\n|poke|p1|Gyarados, L50, M|\n|poke|p1|Scizor, L50, M|\n|poke|p1|Sandy Shocks, L50|\n|poke|p1|Amoonguss, L50, M|\n|poke|p1|Flutter Mane, L50|\n|poke|p2|Dragapult, L50, F|\n|poke|p2|Gholdengo, L50|\n|poke|p2|Great Tusk, L50|\n|poke|p2|Hydreigon, L50, F|\n|poke|p2|Palafin, L50, M|\n|poke|p2|Arcanine, L50, F|\n|teampreview|4\nThat_Leek has agreed to open team sheets.\n|\n|t:|1681958679\n|start\n|switch|p1a: Gyarados|Gyarados, L50, M|100\/100\n|switch|p1b: Flutter Mane|Flutter Mane, L50|100\/100\n|switch|p2a: Dragapult|Dragapult, L50, F|100\/100\n|switch|p2b: Arcanine|Arcanine, L50, F|100\/100\n|-ability|p2b: Arcanine|Intimidate|boost\n|-unboost|p1a: Gyarados|atk|1\n|-unboost|p1b: Flutter Mane|atk|1\n|-ability|p1a: Gyarados|Intimidate|boost\n|-fail|p2a: Dragapult|unboost|[from] ability: Clear Body|[of] p2a: Dragapult\n|-unboost|p2b: Arcanine|atk|1\n|turn|1\n|\n|t:|1681958699\n|switch|p2b: Hydreigon|Hydreigon, L50, F|100\/100\n|move|p2a: Dragapult|Phantom Force||[still]\n|-prepare|p2a: Dragapult|Phantom Force\n|move|p1b: Flutter Mane|Dazzling Gleam|p2b: Hydreigon|[spread] p2b\n|-miss|p1b: Flutter Mane|p2a: Dragapult\n|-supereffective|p2b: Hydreigon\n|-damage|p2b: Hydreigon|0 fnt\n|faint|p2b: Hydreigon\n|move|p1a: Gyarados|Waterfall|p2a: Dragapult|[miss]\n|-miss|p1a: Gyarados|p2a: Dragapult\n|\n|upkeep\n|\n|t:|1681958708\n|switch|p2b: Arcanine|Arcanine, L50, F|100\/100\n|-ability|p2b: Arcanine|Intimidate|boost\n|-unboost|p1a: Gyarados|atk|1\n|-unboost|p1b: Flutter Mane|atk|1\n|turn|2\n|\n|t:|1681958716\n|-end|p1b: Flutter Mane|Protosynthesis|[silent]\n|switch|p1b: Tyranitar|Tyranitar, L50, M|100\/100\n|-weather|Sandstorm|[from] ability: Sand Stream|[of] p1b: Tyranitar\n|switch|p1a: Sandy Shocks|Sandy Shocks, L50|100\/100\n|move|p2a: Dragapult|Phantom Force|p1b: Tyranitar|[from]lockedmove\n|-resisted|p1b: Tyranitar\n|-damage|p1b: Tyranitar|73\/100\n|move|p2b: Arcanine|Howl|p2b: Arcanine|[spread] p2a,p2b\n|-boost|p2a: Dragapult|atk|1\n|-boost|p2b: Arcanine|atk|1\n|\n|-weather|Sandstorm|[upkeep]\n|-damage|p2a: Dragapult|94\/100|[from] Sandstorm\n|-damage|p2b: Arcanine|94\/100|[from] Sandstorm\n|upkeep\n|turn|3\n|\n|t:|1681958728\n|switch|p2b: Great Tusk|Great Tusk, L50|100\/100\n|move|p2a: Dragapult|Phantom Force||[still]\n|-prepare|p2a: Dragapult|Phantom Force\n|move|p1a: Sandy Shocks|Earth Power|p2b: Great Tusk\n|-damage|p2b: Great Tusk|44\/100\n|-damage|p1a: Sandy Shocks|91\/100|[from] item: Life Orb\n|move|p1b: Tyranitar|Crunch|p2a: Dragapult|[miss]\n|-miss|p1b: Tyranitar|p2a: Dragapult\n|\n|-weather|Sandstorm|[upkeep]\n|-damage|p2a: Dragapult|88\/100|[from] Sandstorm\n|upkeep\n|turn|4\n|\n|t:|1681958741\n|-end|p1a: Sandy Shocks|Protosynthesis|[silent]\n|switch|p1a: Gyarados|Gyarados, L50, M|100\/100\n|-ability|p1a: Gyarados|Intimidate|boost\n|-fail|p2a: Dragapult|unboost|[from] ability: Clear Body|[of] p2a: Dragapult\n|-unboost|p2b: Great Tusk|atk|1\n|-terastallize|p1b: Tyranitar|Flying\n|move|p2a: Dragapult|Phantom Force|p1a: Gyarados|[from]lockedmove\n|-crit|p1a: Gyarados\n|-damage|p1a: Gyarados|0 fnt\n|faint|p1a: Gyarados\n|move|p2b: Great Tusk|Close Combat|p1b: Tyranitar\n|-resisted|p1b: Tyranitar\n|-damage|p1b: Tyranitar|54\/100\n|-unboost|p2b: Great Tusk|def|1\n|-unboost|p2b: Great Tusk|spd|1\n|move|p1b: Tyranitar|Crunch|p2a: Dragapult\n|-supereffective|p2a: Dragapult\n|-damage|p2a: Dragapult|0 fnt\n|faint|p2a: Dragapult\n|\n|-weather|Sandstorm|[upkeep]\n|-damage|p1b: Tyranitar|48\/100|[from] Sandstorm\n|upkeep\n|\n|t:|1681958753\n|switch|p2a: Arcanine|Arcanine, L50, F|94\/100\n|switch|p1a: Sandy Shocks|Sandy Shocks, L50|91\/100\n|-ability|p2a: Arcanine|Intimidate|boost\n|-unboost|p1a: Sandy Shocks|atk|1\n|-unboost|p1b: Tyranitar|atk|1\n|turn|5\n|\n|t:|1681958762\n|move|p1a: Sandy Shocks|Earth Power|p2a: Arcanine\n|-supereffective|p2a: Arcanine\n|-damage|p2a: Arcanine|0 fnt\n|faint|p2a: Arcanine\n|-damage|p1a: Sandy Shocks|81\/100|[from] item: Life Orb\n|move|p2b: Great Tusk|Ice Spinner|p1b: Tyranitar\n|-supereffective|p1b: Tyranitar\n|-damage|p1b: Tyranitar|16\/100\n|move|p1b: Tyranitar|Tera Blast|p2b: Great Tusk\n|-supereffective|p2b: Great Tusk\n|-damage|p2b: Great Tusk|0 fnt\n|faint|p2b: Great Tusk\n|-end|p2b: Great Tusk|Protosynthesis|[silent]\n|\n|win|That_Leek\n|raw|That_Leek's rating: 1259 → 1285<\/strong> (+26 for winning)\n|raw|Marioluvera's rating: 1271 → 1245<\/strong> (-26 for losing)\n|l|\u2606Marioluvera\n","uploadtime":1681958770,"views":3,"p1id":"thatleek","p2id":"marioluvera","formatid":"gen9vgc2023regulationc","rating":1245,"private":0,"password":""}