{"id":"gen9vgc2023regulationc-1851868279","p1":"bennoVGC","p2":"Rockymoreno2","format":"[Gen 9] VGC 2023 Regulation C","log":"|j|\u2606bennoVGC\n|j|\u2606Rockymoreno2\n|t:|1682497835\n|gametype|doubles\n|player|p1|bennoVGC|170|1373\n|player|p2|Rockymoreno2|170|1360\n|teamsize|p1|6\n|teamsize|p2|6\n|gen|9\n|tier|[Gen 9] VGC 2023 Regulation C\n|rated|\n|rule|Species Clause: Limit one of each Pok\u00e9mon\n|rule|Item Clause: Limit one of each item\n|clearpoke\n|poke|p1|Palafin, L50, F|\n|poke|p1|Arcanine, L50, M|\n|poke|p1|Flutter Mane, L50|\n|poke|p1|Amoonguss, L50, M|\n|poke|p1|Ting-Lu, L50|\n|poke|p1|Pawmot, L50, M|\n|poke|p2|Iron Hands, L50|\n|poke|p2|Skeledirge, L50, M|\n|poke|p2|Oranguru, L50, M|\n|poke|p2|Tatsugiri, L50, M|\n|poke|p2|Dondozo, L50, F|\n|poke|p2|Kingambit, L50, F|\n|teampreview|4\nbennoVGC has agreed to open team sheets.\n|inactive|Battle timer is ON: inactive players will automatically lose when time's up. (requested by Rockymoreno2)\nRockymoreno2 has agreed to open team sheets.\n|inactive|bennoVGC has 60 seconds left.\n|\n|t:|1682497904\n|start\n|switch|p1a: Ting-Lu|Ting-Lu, L50|100\/100\n|switch|p1b: Pawmot|Pawmot, L50, M, shiny|100\/100\n|switch|p2a: Oranguru|Oranguru, L50, M|100\/100\n|switch|p2b: Iron Hands|Iron Hands, L50|100\/100\n|-ability|p1a: Ting-Lu|Vessel of Ruin\n|turn|1\n|\n|t:|1682497923\n|move|p1b: Pawmot|Fake Out|p2b: Iron Hands\n|-damage|p2b: Iron Hands|92\/100\n|cant|p2b: Iron Hands|flinch\n|move|p1a: Ting-Lu|Fissure|p2a: Oranguru\n|-damage|p2a: Oranguru|0 fnt\n|faint|p2a: Oranguru\n|-ohko\n|\n|upkeep\n|inactive|Rockymoreno2 has 30 seconds left.\n|\n|t:|1682497954\n|switch|p2a: Skeledirge|Skeledirge, L50, M|100\/100\n|turn|2\n|inactive|bennoVGC has 30 seconds left.\n|\n|t:|1682497986\n|-terastallize|p2b: Iron Hands|Grass\n|move|p1b: Pawmot|Close Combat|p2b: Iron Hands\n|-damage|p2b: Iron Hands|50\/100\n|-unboost|p1b: Pawmot|def|1\n|-unboost|p1b: Pawmot|spd|1\n|move|p2b: Iron Hands|Drain Punch|p1a: Ting-Lu\n|-supereffective|p1a: Ting-Lu\n|-damage|p1a: Ting-Lu|52\/100\n|-heal|p2b: Iron Hands|77\/100|[from] drain|[of] p1a: Ting-Lu\n|move|p1a: Ting-Lu|Fissure|p2a: Skeledirge|[miss]\n|-miss|p1a: Ting-Lu|p2a: Skeledirge\n|move|p2a: Skeledirge|Torch Song|p1b: Pawmot\n|-damage|p1b: Pawmot|51\/100\n|-boost|p2a: Skeledirge|spa|1\n|-enditem|p2a: Skeledirge|Throat Spray\n|-boost|p2a: Skeledirge|spa|1|[from] item: Throat Spray\n|\n|upkeep\n|turn|3\n|inactive|bennoVGC has 30 seconds left.\n|inactive|Rockymoreno2 has 30 seconds left.\n|inactive|bennoVGC has 20 seconds left.\n|inactive|Rockymoreno2 has 20 seconds left.\n|inactive|bennoVGC has 15 seconds left.\n|inactive|Rockymoreno2 has 15 seconds left.\n|\n|t:|1682498030\n|-terastallize|p1a: Ting-Lu|Poison\n|move|p2a: Skeledirge|Protect|p2a: Skeledirge\n|-singleturn|p2a: Skeledirge|Protect\n|move|p1b: Pawmot|Close Combat|p2b: Iron Hands\n|-crit|p2b: Iron Hands\n|-damage|p2b: Iron Hands|18\/100\n|-unboost|p1b: Pawmot|def|1\n|-unboost|p1b: Pawmot|spd|1\n|move|p2b: Iron Hands|Drain Punch|p1b: Pawmot\n|-damage|p1b: Pawmot|0 fnt\n|-heal|p2b: Iron Hands|34\/100|[from] drain|[of] p1b: Pawmot\n|faint|p1b: Pawmot\n|move|p1a: Ting-Lu|Stomping Tantrum|p2b: Iron Hands\n|-resisted|p2b: Iron Hands\n|-damage|p2b: Iron Hands|14\/100\n|\n|upkeep\n|\n|t:|1682498044\n|switch|p1b: Palafin|Palafin, L50, F, shiny|100\/100\n|turn|4\n|inactive|Rockymoreno2 has 30 seconds left.\n|\n|t:|1682498069\n|detailschange|p1b: Palafin|Palafin-Hero, L50, F, shiny\n|switch|p1b: Amoonguss|Amoonguss, L50, M, shiny|100\/100\n|switch|p2a: Kingambit|Kingambit, L50, F|100\/100\n|move|p2b: Iron Hands|Wild Charge|p1b: Amoonguss\n|-resisted|p1b: Amoonguss\n|-damage|p1b: Amoonguss|77\/100\n|-damage|p2b: Iron Hands|8\/100|[from] Recoil\n|move|p1a: Ting-Lu|Stomping Tantrum|p2a: Kingambit\n|-supereffective|p2a: Kingambit\n|-damage|p2a: Kingambit|60\/100\n|\n|upkeep\n|turn|5\n|inactive|Rockymoreno2 has 30 seconds left.\n|inactive|Rockymoreno2 has 20 seconds left.\n|inactive|Rockymoreno2 has 15 seconds left.\n|\n|t:|1682498111\n|move|p2b: Iron Hands|Drain Punch|p1a: Ting-Lu\n|-resisted|p1a: Ting-Lu\n|-damage|p1a: Ting-Lu|40\/100\n|-heal|p2b: Iron Hands|15\/100|[from] drain|[of] p1a: Ting-Lu\n|move|p2a: Kingambit|Kowtow Cleave|p1a: Ting-Lu\n|-damage|p1a: Ting-Lu|11\/100\n|move|p1a: Ting-Lu|Stomping Tantrum|p2a: Kingambit\n|-supereffective|p2a: Kingambit\n|-crit|p2a: Kingambit\n|-damage|p2a: Kingambit|0 fnt\n|faint|p2a: Kingambit\n|move|p1b: Amoonguss|Pollen Puff|p1a: Ting-Lu\n|-heal|p1a: Ting-Lu|61\/100\n|\n|upkeep\n|\n|t:|1682498123\n|switch|p2a: Skeledirge|Skeledirge, L50, M|100\/100\n|turn|6\n|\n|t:|1682498141\n|move|p1b: Amoonguss|Protect|p1b: Amoonguss\n|-singleturn|p1b: Amoonguss|Protect\n|move|p2b: Iron Hands|Swords Dance|p2b: Iron Hands\n|-boost|p2b: Iron Hands|atk|2\n|move|p1a: Ting-Lu|Ruination|p2a: Skeledirge\n|-damage|p2a: Skeledirge|51\/100\n|move|p2a: Skeledirge|Torch Song|p1a: Ting-Lu\n|-damage|p1a: Ting-Lu|52\/100\n|-boost|p2a: Skeledirge|spa|1\n|\n|upkeep\n|turn|7\n|inactive|bennoVGC has 30 seconds left.\n|inactive|bennoVGC has 20 seconds left.\n|inactive|Rockymoreno2 has 30 seconds left.\n|\n|t:|1682498179\n|move|p2b: Iron Hands|Protect|p2b: Iron Hands\n|-singleturn|p2b: Iron Hands|Protect\n|move|p1a: Ting-Lu|Stomping Tantrum|p2b: Iron Hands\n|-activate|p2b: Iron Hands|move: Protect\n|move|p2a: Skeledirge|Torch Song|p1a: Ting-Lu\n|-damage|p1a: Ting-Lu|37\/100\n|-boost|p2a: Skeledirge|spa|1\n|move|p1b: Amoonguss|Pollen Puff|p1a: Ting-Lu\n|-heal|p1a: Ting-Lu|87\/100\n|\n|upkeep\n|turn|8\n|inactive|bennoVGC has 30 seconds left.\n|inactive|Rockymoreno2 has 30 seconds left.\n|inactive|Rockymoreno2 has 20 seconds left.\n|\n|t:|1682498215\n|move|p2b: Iron Hands|Drain Punch|p1b: Amoonguss\n|-resisted|p1b: Amoonguss\n|-damage|p1b: Amoonguss|38\/100\n|-heal|p2b: Iron Hands|34\/100|[from] drain|[of] p1b: Amoonguss\n|-enditem|p1b: Amoonguss|Sitrus Berry|[eat]\n|-heal|p1b: Amoonguss|63\/100|[from] item: Sitrus Berry\n|move|p1a: Ting-Lu|Ruination|p2a: Skeledirge\n|-damage|p2a: Skeledirge|26\/100\n|move|p2a: Skeledirge|Torch Song|p1b: Amoonguss\n|-supereffective|p1b: Amoonguss\n|-damage|p1b: Amoonguss|0 fnt\n|-boost|p2a: Skeledirge|spa|1\n|faint|p1b: Amoonguss\n|\n|upkeep\n|\n|t:|1682498226\n|switch|p1b: Palafin|Palafin-Hero, L50, F, shiny|100\/100\n|-activate|p1b: Palafin|ability: Zero to Hero\n|turn|9\n|inactive|bennoVGC has 30 seconds left.\n|\n|t:|1682498253\n|move|p1b: Palafin|Protect|p1b: Palafin\n|-singleturn|p1b: Palafin|Protect\n|move|p2b: Iron Hands|Drain Punch|p1b: Palafin\n|-activate|p1b: Palafin|move: Protect\n|move|p1a: Ting-Lu|Stomping Tantrum|p2a: Skeledirge\n|-supereffective|p2a: Skeledirge\n|-damage|p2a: Skeledirge|0 fnt\n|faint|p2a: Skeledirge\n|\n|upkeep\n|turn|10\n|\n|t:|1682498264\n|move|p1b: Palafin|Haze|p1b: Palafin\n|-clearallboost\n|move|p2b: Iron Hands|Drain Punch|p1b: Palafin\n|-damage|p1b: Palafin|54\/100\n|-heal|p2b: Iron Hands|53\/100|[from] drain|[of] p1b: Palafin\n|move|p1a: Ting-Lu|Stomping Tantrum|p2b: Iron Hands\n|-resisted|p2b: Iron Hands\n|-damage|p2b: Iron Hands|44\/100\n|\n|upkeep\n|turn|11\n|\n|t:|1682498287\n|move|p1b: Palafin|Wave Crash|p2b: Iron Hands\n|-resisted|p2b: Iron Hands\n|-damage|p2b: Iron Hands|18\/100\n|-damage|p1b: Palafin|44\/100|[from] Recoil\n|move|p2b: Iron Hands|Drain Punch|p1a: Ting-Lu\n|-resisted|p1a: Ting-Lu\n|-damage|p1a: Ting-Lu|73\/100\n|-heal|p2b: Iron Hands|27\/100|[from] drain|[of] p1a: Ting-Lu\n|move|p1a: Ting-Lu|Fissure|p2b: Iron Hands|[miss]\n|-miss|p1a: Ting-Lu|p2b: Iron Hands\n|\n|upkeep\n|turn|12\n|\n|t:|1682498304\n|move|p2b: Iron Hands|Protect|p2b: Iron Hands\n|-singleturn|p2b: Iron Hands|Protect\n|move|p1b: Palafin|Wave Crash|p2b: Iron Hands\n|-activate|p2b: Iron Hands|move: Protect\n|move|p1a: Ting-Lu|Stomping Tantrum|p2b: Iron Hands\n|-activate|p2b: Iron Hands|move: Protect\n|\n|upkeep\n|turn|13\n|\n|t:|1682498314\n|move|p1b: Palafin|Wave Crash|p2b: Iron Hands\n|-resisted|p2b: Iron Hands\n|-damage|p2b: Iron Hands|0 fnt\n|faint|p2b: Iron Hands\n|-end|p2b: Iron Hands|Quark Drive|[silent]\n|-damage|p1b: Palafin|33\/100|[from] Recoil\n|\n|win|bennoVGC\n|raw|bennoVGC's rating: 1373 → 1392<\/strong> (+19 for winning)\n|raw|Rockymoreno2's rating: 1360 → 1341<\/strong> (-19 for losing)\n|c|\u2606bennoVGC|gg\n|c|\u2606Rockymoreno2|GG tus muertos\n|c|\u2606Rockymoreno2|Suertudo\n","uploadtime":1682498321,"views":17,"p1id":"bennovgc","p2id":"rockymoreno2","formatid":"gen9vgc2023regulationc","rating":1341,"private":0,"password":""}