{"id":"gen9vgc2023regulationc-1847483183","p1":"PinkPikaBean","p2":"Ultra35","format":"[Gen 9] VGC 2023 Regulation C","log":"|j|\u2606PinkPikaBean\n|j|\u2606Ultra35\n|t:|1681960766\n|gametype|doubles\n|player|p1|PinkPikaBean|valerie|1230\n|player|p2|Ultra35|266|1132\n|teamsize|p1|6\n|teamsize|p2|6\n|gen|9\n|tier|[Gen 9] VGC 2023 Regulation C\n|rated|\n|rule|Species Clause: Limit one of each Pok\u00e9mon\n|rule|Item Clause: Limit one of each item\n|clearpoke\n|poke|p1|Clawitzer, L50, M|\n|poke|p1|Mimikyu, L50, F|\n|poke|p1|Hatterene, L50, F|\n|poke|p1|Grimmsnarl, L50, M|\n|poke|p1|Iron Hands, L50|\n|poke|p1|Tsareena, L50, F|\n|poke|p2|Torkoal, L50, F|\n|poke|p2|Scovillain, L50, F|\n|poke|p2|Flutter Mane, L50|\n|poke|p2|Roaring Moon, L50|\n|poke|p2|Chien-Pao, L50|\n|poke|p2|Heracross, L50, M|\n|teampreview|4\n|inactive|Battle timer is ON: inactive players will automatically lose when time's up. (requested by PinkPikaBean)\n|c|\u2606PinkPikaBean|hi glhf\n|c|\u2606Ultra35|and you!\n|c|\u2606PinkPikaBean|ty!\n|inactive|PinkPikaBean has 60 seconds left.\n|inactive|Ultra35 has 60 seconds left.\n|inactive|PinkPikaBean has 30 seconds left.\n|inactive|PinkPikaBean has 20 seconds left.\n|inactive|PinkPikaBean has 15 seconds left.\n|inactive|PinkPikaBean has 10 seconds left.\n|inactive|PinkPikaBean has 5 seconds left.\n|\n|t:|1681960852\n|start\n|switch|p1a: Eugene Krabs|Clawitzer, L50, M, shiny|100\/100\n|switch|p1b: Pearl|Hatterene, L50, F|100\/100\n|switch|p2a: Heracross|Heracross, L50, M, shiny|100\/100\n|switch|p2b: Chien-Pao|Chien-Pao, L50|100\/100\n|-ability|p2b: Chien-Pao|Sword of Ruin\n|turn|1\n|inactive|PinkPikaBean has 30 seconds left.\n|\n|t:|1681960881\n|move|p2b: Chien-Pao|Ice Spinner|p1a: Eugene Krabs\n|-resisted|p1a: Eugene Krabs\n|-damage|p1a: Eugene Krabs|72\/100\n|move|p2a: Heracross|Bullet Seed|p1a: Eugene Krabs\n|-supereffective|p1a: Eugene Krabs\n|-damage|p1a: Eugene Krabs|43\/100\n|-supereffective|p1a: Eugene Krabs\n|-damage|p1a: Eugene Krabs|13\/100\n|-supereffective|p1a: Eugene Krabs\n|-damage|p1a: Eugene Krabs|0 fnt\n|faint|p1a: Eugene Krabs\n|-ability|p2a: Heracross|Moxie|boost\n|-boost|p2a: Heracross|atk|1\n|-hitcount|p1: Eugene Krabs|3\n|move|p1b: Pearl|Trick Room|p1b: Pearl\n|-fieldstart|move: Trick Room|[of] p1b: Pearl\n|\n|upkeep\n|\n|t:|1681960895\n|switch|p1a: Mindy|Tsareena, L50, F|100\/100\n|turn|2\n|\n|t:|1681960915\n|-terastallize|p1a: Mindy|Flying\n|move|p2a: Heracross|Protect|p2a: Heracross\n|-singleturn|p2a: Heracross|Protect\n|move|p2b: Chien-Pao|Protect|p2b: Chien-Pao\n|-singleturn|p2b: Chien-Pao|Protect\n|move|p1b: Pearl|Dazzling Gleam|p2a: Heracross|[spread] \n|-activate|p2a: Heracross|move: Protect\n|-activate|p2b: Chien-Pao|move: Protect\n|move|p1a: Mindy|Trop Kick|p2b: Chien-Pao\n|-activate|p2b: Chien-Pao|move: Protect\n|\n|upkeep\n|turn|3\n|inactive|PinkPikaBean has 30 seconds left.\n|inactive|PinkPikaBean has 20 seconds left.\n|\n|t:|1681960950\n|switch|p2b: Scovillain|Scovillain, L50, F|100\/100\n|-terastallize|p2a: Heracross|Rock\n|move|p1b: Pearl|Dazzling Gleam|p2a: Heracross|[spread] p2a,p2b\n|-resisted|p2b: Scovillain\n|-damage|p2a: Heracross|65\/100\n|-damage|p2b: Scovillain|74\/100\n|move|p1a: Mindy|High Jump Kick|p2b: Scovillain|[miss]\n|-miss|p1a: Mindy|p2b: Scovillain\n|-damage|p1a: Mindy|51\/100|[from] highjumpkick\n|move|p2a: Heracross|Rock Blast|p1a: Mindy\n|-supereffective|p1a: Mindy\n|-damage|p1a: Mindy|7\/100\n|-enditem|p1a: Mindy|Sitrus Berry|[eat]\n|-heal|p1a: Mindy|32\/100|[from] item: Sitrus Berry\n|-supereffective|p1a: Mindy\n|-damage|p1a: Mindy|0 fnt\n|faint|p1a: Mindy\n|-ability|p2a: Heracross|Moxie|boost\n|-boost|p2a: Heracross|atk|1\n|-hitcount|p1: Mindy|2\n|\n|upkeep\n|c|\u2606PinkPikaBean|f on my part rip\n|\n|t:|1681960974\n|switch|p1a: CPU Wife|Iron Hands, L50|100\/100\n|-enditem|p1a: CPU Wife|Booster Energy\n|-activate|p1a: CPU Wife|ability: Quark Drive|[fromitem]\n|-start|p1a: CPU Wife|quarkdriveatk\n|turn|4\n|c|\u2606Ultra35|big oof in the chat\n|c|\u2606Ultra35|I will grant you that\n|inactive|PinkPikaBean has 30 seconds left.\n|\n|t:|1681961006\n|move|p2b: Scovillain|Protect|p2b: Scovillain\n|-singleturn|p2b: Scovillain|Protect\n|move|p2a: Heracross|Protect|p2a: Heracross\n|-singleturn|p2a: Heracross|Protect\n|move|p1a: CPU Wife|Fake Out|p2a: Heracross\n|-activate|p2a: Heracross|move: Protect\n|move|p1b: Pearl|Psychic|p2b: Scovillain\n|-activate|p2b: Scovillain|move: Protect\n|\n|upkeep\n|turn|5\n|inactive|PinkPikaBean has 30 seconds left.\n|inactive|Ultra35 has 30 seconds left.\n|\n|t:|1681961034\n|move|p2b: Scovillain|Rage Powder|p2b: Scovillain\n|-singleturn|p2b: Scovillain|move: Rage Powder\n|move|p1b: Pearl|Dazzling Gleam|p2a: Heracross|[spread] p2a,p2b\n|-resisted|p2b: Scovillain\n|-damage|p2a: Heracross|30\/100\n|-damage|p2b: Scovillain|48\/100\n|move|p1a: CPU Wife|Thunder Punch|p2b: Scovillain\n|-resisted|p2b: Scovillain\n|-damage|p2b: Scovillain|6\/100\n|move|p2a: Heracross|Pin Missile|p1b: Pearl\n|-damage|p1b: Pearl|70\/100\n|-damage|p1b: Pearl|42\/100\n|-damage|p1b: Pearl|9\/100\n|-damage|p1b: Pearl|0 fnt\n|faint|p1b: Pearl\n|-ability|p2a: Heracross|Moxie|boost\n|-boost|p2a: Heracross|atk|1\n|-hitcount|p1: Pearl|4\n|\n|-fieldend|move: Trick Room\n|upkeep\n|turn|6\n|c|\u2606PinkPikaBean|ggs wp!\n|inactive|Ultra35 has 30 seconds left.\n|inactive|Ultra35 has 20 seconds left.\n|c|\u2606Ultra35|and you! Happy to see some Clawitzer : D I wish I was able to find a place for it in my teams\n|\n|t:|1681961073\n|move|p2a: Heracross|Bullet Seed|p1a: CPU Wife\n|-damage|p1a: CPU Wife|85\/100\n|-damage|p1a: CPU Wife|71\/100\n|-damage|p1a: CPU Wife|56\/100\n|-damage|p1a: CPU Wife|42\/100\n|-hitcount|p1a: CPU Wife|4\n|move|p2b: Scovillain|Flamethrower|p1a: CPU Wife\n|-damage|p1a: CPU Wife|0 fnt\n|faint|p1a: CPU Wife\n|-end|p1a: CPU Wife|Quark Drive|[silent]\n|-damage|p2b: Scovillain|0 fnt|[from] item: Life Orb\n|faint|p2b: Scovillain\n|\n|win|Ultra35\n|raw|PinkPikaBean's rating: 1230 → 1198<\/strong> (-32 for losing)\n|raw|Ultra35's rating: 1132 → 1164<\/strong> (+32 for winning)\n|c|\u2606PinkPikaBean|your team is really cool too!\n|c|\u2606Ultra35|you are too too kind\n","uploadtime":1681961090,"views":10,"p1id":"pinkpikabean","p2id":"ultra35","formatid":"gen9vgc2023regulationc","rating":1164,"private":0,"password":""}