{"id":"gen9vgc2023regulationc-1861978644","p1":"Gill x Mayhem","p2":"LUMOO","format":"[Gen 9] VGC 2023 Regulation C","log":"|j|\u2606Gill x Mayhem\n|j|\u2606LUMOO\n|t:|1683825856\n|gametype|doubles\n|player|p1|Gill x Mayhem|265|1398\n|player|p2|LUMOO|266|1327\n|teamsize|p1|6\n|teamsize|p2|6\n|gen|9\n|tier|[Gen 9] VGC 2023 Regulation C\n|rated|\n|rule|Species Clause: Limit one of each Pok\u00e9mon\n|rule|Item Clause: Limit one of each item\n|clearpoke\n|poke|p1|Chien-Pao, L50|\n|poke|p1|Dragonite, L50, M|\n|poke|p1|Annihilape, L50, M|\n|poke|p1|Maushold-Four, L50|\n|poke|p1|Iron Bundle, L50|\n|poke|p1|Gholdengo, L50|\n|poke|p2|Farigiraf, L50, M|\n|poke|p2|Iron Hands, L50|\n|poke|p2|Gyarados, L50, M|\n|poke|p2|Ceruledge, L50, F|\n|poke|p2|Amoonguss, L50, M|\n|poke|p2|Ting-Lu, L50|\n|teampreview|4\n|\n|t:|1683825893\n|start\n|switch|p1a: Maushold|Maushold-Four, L50|100\/100\n|switch|p1b: Annihilape|Annihilape, L50, M|100\/100\n|switch|p2a: Farigiraf|Farigiraf, L50, M, shiny|100\/100\n|switch|p2b: Iron Hands|Iron Hands, L50, shiny|100\/100\n|-enditem|p2b: Iron Hands|Booster Energy\n|-activate|p2b: Iron Hands|ability: Quark Drive|[fromitem]\n|-start|p2b: Iron Hands|quarkdriveatk\n|turn|1\n|\n|t:|1683825914\n|move|p1a: Maushold|Protect|p1a: Maushold\n|-singleturn|p1a: Maushold|Protect\n|move|p1b: Annihilape|Bulk Up|p1b: Annihilape\n|-boost|p1b: Annihilape|atk|1\n|-boost|p1b: Annihilape|def|1\n|move|p2a: Farigiraf|Psyshock|p1b: Annihilape\n|-supereffective|p1b: Annihilape\n|-damage|p1b: Annihilape|70\/100\n|move|p2b: Iron Hands|Wild Charge|p1b: Annihilape\n|-damage|p1b: Annihilape|36\/100\n|-damage|p2b: Iron Hands|93\/100|[from] Recoil\n|\n|-heal|p1b: Annihilape|42\/100|[from] item: Leftovers\n|upkeep\n|turn|2\n|\n|t:|1683825935\n|-terastallize|p1b: Annihilape|Poison\n|-terastallize|p2a: Farigiraf|Fairy\n|move|p1a: Maushold|Follow Me|p1a: Maushold\n|-singleturn|p1a: Maushold|move: Follow Me\n|move|p1b: Annihilape|Drain Punch|p2a: Farigiraf\n|-resisted|p2a: Farigiraf\n|-damage|p2a: Farigiraf|76\/100\n|-heal|p1b: Annihilape|55\/100|[from] drain|[of] p2a: Farigiraf\n|move|p2a: Farigiraf|Dazzling Gleam|p1b: Annihilape|[spread] p1a,p1b\n|-resisted|p1b: Annihilape\n|-damage|p1a: Maushold|72\/100\n|-damage|p1b: Annihilape|49\/100\n|move|p2b: Iron Hands|Drain Punch|p1a: Maushold\n|-supereffective|p1a: Maushold\n|-damage|p1a: Maushold|0 fnt\n|-heal|p2b: Iron Hands|100\/100|[from] drain|[of] p1a: Maushold\n|faint|p1a: Maushold\n|\n|-heal|p1b: Annihilape|55\/100|[from] item: Leftovers\n|upkeep\n|\n|t:|1683825952\n|switch|p1a: Chien-Pao|Chien-Pao, L50|100\/100\n|-ability|p1a: Chien-Pao|Sword of Ruin\n|turn|3\n|\n|t:|1683825966\n|move|p1a: Chien-Pao|Protect|p1a: Chien-Pao\n|-singleturn|p1a: Chien-Pao|Protect\n|move|p1b: Annihilape|Rage Fist|p2a: Farigiraf\n|-damage|p2a: Farigiraf|0 fnt\n|faint|p2a: Farigiraf\n|move|p2b: Iron Hands|Drain Punch|p1a: Chien-Pao\n|-activate|p1a: Chien-Pao|move: Protect\n|\n|-heal|p1b: Annihilape|61\/100|[from] item: Leftovers\n|upkeep\n|\n|t:|1683825978\n|switch|p2a: Ting-Lu|Ting-Lu, L50|100\/100\n|-ability|p2a: Ting-Lu|Vessel of Ruin\n|turn|4\n|\n|t:|1683825984\n|move|p2b: Iron Hands|Protect|p2b: Iron Hands\n|-singleturn|p2b: Iron Hands|Protect\n|move|p1a: Chien-Pao|Ice Spinner|p2b: Iron Hands\n|-activate|p2b: Iron Hands|move: Protect\n|move|p1b: Annihilape|Rage Fist|p2b: Iron Hands\n|-activate|p2b: Iron Hands|move: Protect\n|move|p2a: Ting-Lu|Earthquake|p1a: Chien-Pao|[spread] p1a,p1b\n|-activate|p2b: Iron Hands|move: Protect\n|-supereffective|p1b: Annihilape\n|-damage|p1a: Chien-Pao|54\/100\n|-damage|p1b: Annihilape|3\/100\n|\n|-heal|p1b: Annihilape|10\/100|[from] item: Leftovers\n|upkeep\n|turn|5\n|inactive|Battle timer is ON: inactive players will automatically lose when time's up. (requested by Gill x Mayhem)\n|\n|t:|1683826010\n|move|p1a: Chien-Pao|Ice Spinner|p2b: Iron Hands\n|-damage|p2b: Iron Hands|67\/100\n|move|p1b: Annihilape|Rage Fist|p2b: Iron Hands\n|-damage|p2b: Iron Hands|0 fnt\n|faint|p2b: Iron Hands\n|-end|p2b: Iron Hands|Quark Drive|[silent]\n|move|p2a: Ting-Lu|Stomping Tantrum|p1b: Annihilape\n|-supereffective|p1b: Annihilape\n|-damage|p1b: Annihilape|0 fnt\n|faint|p1b: Annihilape\n|\n|upkeep\n|inactive|Gill x Mayhem has 30 seconds left.\n|inactive|Gill x Mayhem has 20 seconds left.\n|\n|t:|1683826049\n|switch|p1b: Iron Bundle|Iron Bundle, L50|100\/100\n|switch|p2b: Ceruledge|Ceruledge, L50, F|100\/100\n|-enditem|p1b: Iron Bundle|Booster Energy\n|-activate|p1b: Iron Bundle|ability: Quark Drive|[fromitem]\n|-start|p1b: Iron Bundle|quarkdrivespe\n|turn|6\n|\n|t:|1683826073\n|move|p1b: Iron Bundle|Chilling Water|p2b: Ceruledge\n|-supereffective|p2b: Ceruledge\n|-damage|p2b: Ceruledge|64\/100\n|move|p1a: Chien-Pao|Ice Spinner|p2a: Ting-Lu\n|-supereffective|p2a: Ting-Lu\n|-damage|p2a: Ting-Lu|30\/100\n|move|p2b: Ceruledge|Bitter Blade|p1b: Iron Bundle\n|-damage|p1b: Iron Bundle|18\/100\n|-heal|p2b: Ceruledge|97\/100|[from] drain|[of] p1b: Iron Bundle\n|move|p2a: Ting-Lu|Stomping Tantrum|p1b: Iron Bundle\n|-damage|p1b: Iron Bundle|0 fnt\n|faint|p1b: Iron Bundle\n|-end|p1b: Iron Bundle|Quark Drive|[silent]\n|\n|upkeep\n|turn|7\n|\n|t:|1683826097\n|move|p1a: Chien-Pao|Sucker Punch|p2b: Ceruledge\n|-supereffective|p2b: Ceruledge\n|-damage|p2b: Ceruledge|0 fnt\n|faint|p2b: Ceruledge\n|move|p2a: Ting-Lu|Stomping Tantrum|p1a: Chien-Pao\n|-damage|p1a: Chien-Pao|4\/100\n|\n|upkeep\n|turn|8\n|\n|t:|1683826107\n|move|p1a: Chien-Pao|Ice Spinner|p2a: Ting-Lu\n|-supereffective|p2a: Ting-Lu\n|-damage|p2a: Ting-Lu|0 fnt\n|faint|p2a: Ting-Lu\n|\n|win|Gill x Mayhem\n|raw|Gill x Mayhem's rating: 1398 → 1414<\/strong> (+16 for winning)\n|raw|LUMOO's rating: 1327 → 1311<\/strong> (-16 for losing)\n|l|\u2606LUMOO\n","uploadtime":1683826116,"views":11,"p1id":"gillxmayhem","p2id":"lumoo","formatid":"gen9vgc2023regulationc","rating":1311,"private":0,"password":""}