{"id":"gen9vgc2023regulationc-1858317836","p1":"878g","p2":"Mortipherus","format":"[Gen 9] VGC 2023 Regulation C","log":"|j|\u2606878g\n|j|\u2606Mortipherus\n|t:|1683301445\n|gametype|doubles\n|player|p1|878g|colress|1061\n|player|p2|Mortipherus|hooligans|1148\n|teamsize|p1|6\n|teamsize|p2|6\n|gen|9\n|tier|[Gen 9] VGC 2023 Regulation C\n|rated|\n|rule|Species Clause: Limit one of each Pok\u00e9mon\n|rule|Item Clause: Limit one of each item\n|clearpoke\n|poke|p1|Ceruledge, L50, F|\n|poke|p1|Clawitzer, L50, F|\n|poke|p1|Tatsugiri-Droopy, L50, F|\n|poke|p1|Annihilape, L50, F|\n|poke|p1|Chien-Pao, L50|\n|poke|p1|Dondozo, L50, M|\n|poke|p2|Dondozo, L50, F|\n|poke|p2|Tatsugiri, L50, F|\n|poke|p2|Salamence, L50, M|\n|poke|p2|Amoonguss, L50, M|\n|poke|p2|Ceruledge, L50, M|\n|poke|p2|Iron Valiant, L50|\n|teampreview|4\n|inactive|Battle timer is ON: inactive players will automatically lose when time's up. (requested by 878g)\n|inactive|Mortipherus has 60 seconds left.\n|\n|t:|1683301480\n|start\n|switch|p1a: Dondozo|Dondozo, L50, M|100\/100\n|switch|p1b: Tatsugiri|Tatsugiri-Droopy, L50, F|100\/100\n|switch|p2a: Ceruledge|Ceruledge, L50, M|100\/100\n|switch|p2b: Iron Valiant|Iron Valiant, L50|100\/100\n|-activate|p1b: Tatsugiri|ability: Commander|[of] p1a: Dondozo\n|-boost|p1a: Dondozo|atk|2\n|-boost|p1a: Dondozo|spa|2\n|-boost|p1a: Dondozo|spe|2\n|-boost|p1a: Dondozo|def|2\n|-boost|p1a: Dondozo|spd|2\n|-enditem|p2b: Iron Valiant|Booster Energy\n|-activate|p2b: Iron Valiant|ability: Quark Drive|[fromitem]\n|-start|p2b: Iron Valiant|quarkdrivespe\n|turn|1\n|\n|t:|1683301500\n|switch|p2a: Amoonguss|Amoonguss, L50, M|100\/100\n|move|p2b: Iron Valiant|Thunderbolt|p1a: Dondozo\n|-supereffective|p1a: Dondozo\n|-damage|p1a: Dondozo|73\/100\n|move|p1a: Dondozo|Bulldoze|p2b: Iron Valiant|[spread] p2a,p2b\n|-miss|p1a: Dondozo|p1b: Tatsugiri\n|-damage|p2a: Amoonguss|69\/100\n|-damage|p2b: Iron Valiant|48\/100\n|-unboost|p2a: Amoonguss|spe|1\n|-unboost|p2b: Iron Valiant|spe|1\n|-damage|p1a: Dondozo|64\/100|[from] item: Life Orb\n|\n|upkeep\n|turn|2\n|\n|t:|1683301518\n|move|p2b: Iron Valiant|Protect|p2b: Iron Valiant\n|-singleturn|p2b: Iron Valiant|Protect\n|move|p1a: Dondozo|Bulldoze|p2b: Iron Valiant|[spread] p2a\n|-miss|p1a: Dondozo|p1b: Tatsugiri\n|-activate|p2b: Iron Valiant|move: Protect\n|-damage|p2a: Amoonguss|38\/100\n|-unboost|p2a: Amoonguss|spe|1\n|-enditem|p2a: Amoonguss|Sitrus Berry|[eat]\n|-heal|p2a: Amoonguss|63\/100|[from] item: Sitrus Berry\n|-damage|p1a: Dondozo|54\/100|[from] item: Life Orb\n|move|p2a: Amoonguss|Spore|p1a: Dondozo\n|-status|p1a: Dondozo|slp|[from] move: Spore\n|\n|upkeep\n|turn|3\n|\n|t:|1683301537\n|move|p2b: Iron Valiant|Thunderbolt|p1a: Dondozo\n|-supereffective|p1a: Dondozo\n|-damage|p1a: Dondozo|23\/100 slp\n|cant|p1a: Dondozo|slp\n|move|p2a: Amoonguss|Clear Smog|p1a: Dondozo\n|-damage|p1a: Dondozo|15\/100 slp\n|-clearboost|p1a: Dondozo\n|\n|upkeep\n|turn|4\n|\n|t:|1683301551\n|move|p2b: Iron Valiant|Thunderbolt|p1a: Dondozo\n|-supereffective|p1a: Dondozo\n|-damage|p1a: Dondozo|0 fnt\n|faint|p1a: Dondozo\n|move|p2a: Amoonguss|Spore|p1b: Tatsugiri\n|-status|p1b: Tatsugiri|slp|[from] move: Spore\n|\n|upkeep\n|\n|t:|1683301562\n|switch|p1a: Annihilape|Annihilape, L50, F|100\/100\n|turn|5\n|inactive|878g has 30 seconds left.\n|\n|t:|1683301592\n|move|p2b: Iron Valiant|Moonblast|p1a: Annihilape\n|-supereffective|p1a: Annihilape\n|-damage|p1a: Annihilape|6\/100\n|move|p1a: Annihilape|Rage Fist|p2b: Iron Valiant\n|-damage|p2b: Iron Valiant|0 fnt\n|faint|p2b: Iron Valiant\n|-end|p2b: Iron Valiant|Quark Drive|[silent]\n|cant|p1b: Tatsugiri|slp\n|move|p2a: Amoonguss|Pollen Puff|p2: Iron Valiant|[notarget]\n|-fail|p2a: Amoonguss\n|\n|upkeep\n|\n|t:|1683301604\n|switch|p2b: Ceruledge|Ceruledge, L50, M|100\/100\n|turn|6\n|\n|t:|1683301620\n|move|p2a: Amoonguss|Rage Powder|p2a: Amoonguss\n|-singleturn|p2a: Amoonguss|move: Rage Powder\n|move|p2b: Ceruledge|Shadow Sneak|p1a: Annihilape\n|-supereffective|p1a: Annihilape\n|-damage|p1a: Annihilape|0 fnt\n|faint|p1a: Annihilape\n|-curestatus|p1b: Tatsugiri|slp|[msg]\n|move|p1b: Tatsugiri|Nasty Plot|p1b: Tatsugiri\n|-boost|p1b: Tatsugiri|spa|2\n|\n|upkeep\n|\n|t:|1683301627\n|switch|p1a: Chien-Pao|Chien-Pao, L50|100\/100\n|-ability|p1a: Chien-Pao|Sword of Ruin\n|turn|7\n|\n|t:|1683301647\n|switch|p2a: Salamence|Salamence, L50, M|100\/100\n|-ability|p2a: Salamence|Intimidate|boost\n|-unboost|p1a: Chien-Pao|atk|1\n|-unboost|p1b: Tatsugiri|atk|1\n|-terastallize|p1b: Tatsugiri|Dragon\n|move|p1a: Chien-Pao|Crunch|p2b: Ceruledge\n|-supereffective|p2b: Ceruledge\n|-damage|p2b: Ceruledge|24\/100\n|move|p1b: Tatsugiri|Dragon Pulse|p2a: Salamence\n|-supereffective|p2a: Salamence\n|-damage|p2a: Salamence|0 fnt\n|faint|p2a: Salamence\n|move|p2b: Ceruledge|Bulk Up|p2b: Ceruledge\n|-boost|p2b: Ceruledge|atk|1\n|-boost|p2b: Ceruledge|def|1\n|\n|-heal|p2b: Ceruledge|30\/100|[from] item: Leftovers\n|upkeep\n|\n|t:|1683301665\n|switch|p2a: Amoonguss|Amoonguss, L50, M|96\/100\n|turn|8\n|\n|t:|1683301683\n|-terastallize|p2a: Amoonguss|Water\n|move|p2b: Ceruledge|Protect|p2b: Ceruledge\n|-singleturn|p2b: Ceruledge|Protect\n|move|p1a: Chien-Pao|Psychic Fangs|p2a: Amoonguss\n|-damage|p2a: Amoonguss|76\/100\n|move|p1b: Tatsugiri|Muddy Water|p2a: Amoonguss|[spread] p2a\n|-activate|p2b: Ceruledge|move: Protect\n|-resisted|p2a: Amoonguss\n|-damage|p2a: Amoonguss|48\/100\n|-unboost|p2a: Amoonguss|accuracy|1\n|move|p2a: Amoonguss|Spore|p1b: Tatsugiri\n|-status|p1b: Tatsugiri|slp|[from] move: Spore\n|\n|-heal|p2b: Ceruledge|36\/100|[from] item: Leftovers\n|upkeep\n|turn|9\n|\n|t:|1683301702\n|move|p2a: Amoonguss|Rage Powder|p2a: Amoonguss\n|-singleturn|p2a: Amoonguss|move: Rage Powder\n|move|p1a: Chien-Pao|Crunch|p2a: Amoonguss\n|-damage|p2a: Amoonguss|20\/100\n|cant|p1b: Tatsugiri|slp\n|move|p2b: Ceruledge|Bitter Blade|p1a: Chien-Pao\n|-supereffective|p1a: Chien-Pao\n|-enditem|p1a: Chien-Pao|Focus Sash\n|-damage|p1a: Chien-Pao|1\/100\n|-heal|p2b: Ceruledge|78\/100|[from] drain|[of] p1a: Chien-Pao\n|\n|-heal|p2b: Ceruledge|84\/100|[from] item: Leftovers\n|upkeep\n|turn|10\n|\n|t:|1683301720\n|move|p2b: Ceruledge|Shadow Sneak|p1a: Chien-Pao\n|-resisted|p1a: Chien-Pao\n|-damage|p1a: Chien-Pao|0 fnt\n|faint|p1a: Chien-Pao\n|cant|p1b: Tatsugiri|slp\n|move|p2a: Amoonguss|Clear Smog|p1b: Tatsugiri\n|-damage|p1b: Tatsugiri|83\/100 slp\n|-clearboost|p1b: Tatsugiri\n|\n|-heal|p1b: Tatsugiri|89\/100 slp|[from] item: Leftovers\n|-heal|p2b: Ceruledge|90\/100|[from] item: Leftovers\n|upkeep\n|turn|11\n|\n|t:|1683301737\n|-curestatus|p1b: Tatsugiri|slp|[msg]\n|move|p1b: Tatsugiri|Muddy Water|p2b: Ceruledge|[spread] p2a,p2b\n|-resisted|p2a: Amoonguss\n|-supereffective|p2b: Ceruledge\n|-damage|p2a: Amoonguss|5\/100\n|-damage|p2b: Ceruledge|23\/100\n|move|p2b: Ceruledge|Bitter Blade|p1b: Tatsugiri\n|-resisted|p1b: Tatsugiri\n|-damage|p1b: Tatsugiri|21\/100\n|-heal|p2b: Ceruledge|49\/100|[from] drain|[of] p1b: Tatsugiri\n|move|p2a: Amoonguss|Spore|p1b: Tatsugiri|[miss]\n|-miss|p2a: Amoonguss|p1b: Tatsugiri\n|\n|-heal|p1b: Tatsugiri|27\/100|[from] item: Leftovers\n|-heal|p2b: Ceruledge|55\/100|[from] item: Leftovers\n|upkeep\n|turn|12\n|inactive|Mortipherus has 30 seconds left.\n|\n|t:|1683301772\n|move|p2b: Ceruledge|Shadow Sneak|p1b: Tatsugiri\n|-damage|p1b: Tatsugiri|0 fnt\n|faint|p1b: Tatsugiri\n|\n|win|Mortipherus\n|raw|878g's rating: 1061 → 1047<\/strong> (-14 for losing)\n|raw|Mortipherus's rating: 1148 → 1167<\/strong> (+19 for winning)\n|l|\u2606878g\n","uploadtime":1683301790,"views":6,"p1id":"878g","p2id":"mortipherus","formatid":"gen9vgc2023regulationc","rating":1047,"private":0,"password":""}