{"id":"gen9vgc2023regulationc-1864023763","p1":"Matildo","p2":"KhiidBrazil","format":"[Gen 9] VGC 2023 Regulation C","log":"|j|\u2606Matildo\n|j|\u2606KhiidBrazil\n|t:|1684106718\n|gametype|doubles\n|player|p1|Matildo|101|1235\n|player|p2|KhiidBrazil|1|1300\n|teamsize|p1|6\n|teamsize|p2|6\n|gen|9\n|tier|[Gen 9] VGC 2023 Regulation C\n|rated|\n|rule|Species Clause: Limit one of each Pok\u00e9mon\n|rule|Item Clause: Limit one of each item\n|clearpoke\n|poke|p1|Dondozo, L50, M|\n|poke|p1|Tatsugiri-Droopy, L50, F|\n|poke|p1|Pelipper, L50, M|\n|poke|p1|Drednaw, L50, F|\n|poke|p1|Dragonite, L50, F|\n|poke|p1|Palafin, L50, M|\n|poke|p2|Kingambit, L50, F|\n|poke|p2|Dragonite, L50, F|\n|poke|p2|Abomasnow, L50, F|\n|poke|p2|Great Tusk, L50|\n|poke|p2|Iron Bundle, L50|\n|poke|p2|Flutter Mane, L50|\n|teampreview|4\n|inactive|Battle timer is ON: inactive players will automatically lose when time's up. (requested by Matildo)\nMatildo rejected open team sheets.\n|inactive|KhiidBrazil has 60 seconds left.\n|\n|t:|1684106758\n|start\n|switch|p1a: Pelipper|Pelipper, L50, M, shiny|100\/100\n|switch|p1b: Dondozo|Dondozo, L50, M|100\/100\n|switch|p2a: Abomasnow|Abomasnow, L50, F|100\/100\n|switch|p2b: Iron Bundle|Iron Bundle, L50|100\/100\n|-weather|RainDance|[from] ability: Drizzle|[of] p1a: Pelipper\n|-weather|Snow|[from] ability: Snow Warning|[of] p2a: Abomasnow\n|turn|1\n|\n|t:|1684106775\n|switch|p1a: Tatsugiri|Tatsugiri-Droopy, L50, F|100\/100\n|-activate|p1a: Tatsugiri|ability: Commander|[of] p1b: Dondozo\n|-boost|p1b: Dondozo|atk|2\n|-boost|p1b: Dondozo|spa|2\n|-boost|p1b: Dondozo|spe|2\n|-boost|p1b: Dondozo|def|2\n|-boost|p1b: Dondozo|spd|2\n|-terastallize|p2b: Iron Bundle|Ice\n|move|p2a: Abomasnow|Helping Hand|p2b: Iron Bundle\n|-singleturn|p2b: Iron Bundle|Helping Hand|[of] p2a: Abomasnow\n|move|p1b: Dondozo|Surf|p2a: Abomasnow|[spread] p2a,p2b\n|-miss|p1b: Dondozo|p1a: Tatsugiri\n|-resisted|p2a: Abomasnow\n|-damage|p2a: Abomasnow|68\/100\n|-damage|p2b: Iron Bundle|0 fnt\n|faint|p2b: Iron Bundle\n|-end|p2b: Iron Bundle|Quark Drive|[silent]\n|\n|-weather|Snow|[upkeep]\n|upkeep\n|\n|t:|1684106793\n|switch|p2b: Kingambit|Kingambit, L50, F|100\/100\n|turn|2\n|\n|t:|1684106802\n|move|p1b: Dondozo|Surf|p2a: Abomasnow|[spread] p2a,p2b\n|-miss|p1b: Dondozo|p1a: Tatsugiri\n|-resisted|p2a: Abomasnow\n|-damage|p2a: Abomasnow|32\/100\n|-damage|p2b: Kingambit|52\/100\n|move|p2a: Abomasnow|Leaf Storm|p1b: Dondozo\n|-supereffective|p1b: Dondozo\n|-damage|p1b: Dondozo|38\/100\n|-unboost|p2a: Abomasnow|spa|2\n|move|p2b: Kingambit|Low Kick|p1b: Dondozo\n|-damage|p1b: Dondozo|18\/100\n|\n|-weather|Snow|[upkeep]\n|upkeep\n|turn|3\n|\n|t:|1684106816\n|move|p2b: Kingambit|Sucker Punch|p1b: Dondozo\n|-damage|p1b: Dondozo|0 fnt\n|faint|p1b: Dondozo\n|move|p2a: Abomasnow|Leaf Storm|p1a: Tatsugiri\n|-damage|p1a: Tatsugiri|59\/100\n|-unboost|p2a: Abomasnow|spa|2\n|\n|-weather|Snow|[upkeep]\n|upkeep\n|\n|t:|1684106827\n|switch|p1b: Espa\u00f1ita|Dragonite, L50, F|100\/100\n|turn|4\n|\n|t:|1684106834\n|move|p1a: Tatsugiri|Draco Meteor|p2a: Abomasnow|[miss]\n|-miss|p1a: Tatsugiri|p2a: Abomasnow\n|move|p1b: Espa\u00f1ita|Low Kick|p2b: Kingambit\n|-supereffective|p2b: Kingambit\n|-damage|p2b: Kingambit|0 fnt\n|faint|p2b: Kingambit\n|move|p2a: Abomasnow|Aurora Veil|p2a: Abomasnow\n|-sidestart|p2: KhiidBrazil|move: Aurora Veil\n|\n|-weather|Snow|[upkeep]\n|upkeep\n|\n|t:|1684106842\n|switch|p2b: Flutter Mane|Flutter Mane, L50|100\/100\n|-enditem|p2b: Flutter Mane|Booster Energy\n|-activate|p2b: Flutter Mane|ability: Protosynthesis|[fromitem]\n|-start|p2b: Flutter Mane|protosynthesisspa\n|turn|5\n|\n|t:|1684106856\n|switch|p1a: Pelipper|Pelipper, L50, M, shiny|100\/100\n|-weather|RainDance|[from] ability: Drizzle|[of] p1a: Pelipper\n|-terastallize|p1b: Espa\u00f1ita|Electric\n|move|p2a: Abomasnow|Helping Hand|p2b: Flutter Mane\n|-singleturn|p2b: Flutter Mane|Helping Hand|[of] p2a: Abomasnow\n|move|p2b: Flutter Mane|Dazzling Gleam|p1b: Espa\u00f1ita|[spread] p1a,p1b\n|-damage|p1a: Pelipper|41\/100\n|-damage|p1b: Espa\u00f1ita|80\/100\n|move|p1b: Espa\u00f1ita|Thunder|p2b: Flutter Mane\n|-damage|p2b: Flutter Mane|71\/100\n|\n|-weather|RainDance|[upkeep]\n|upkeep\n|turn|6\n|inactive|Matildo has 30 seconds left.\n|\n|t:|1684106890\n|move|p2b: Flutter Mane|Dazzling Gleam|p1b: Espa\u00f1ita|[spread] p1a,p1b\n|-damage|p1a: Pelipper|3\/100\n|-damage|p1b: Espa\u00f1ita|53\/100\n|move|p1b: Espa\u00f1ita|Thunder|p2b: Flutter Mane\n|-damage|p2b: Flutter Mane|43\/100\n|-status|p2b: Flutter Mane|par\n|move|p1a: Pelipper|Hurricane|p2b: Flutter Mane\n|-damage|p2b: Flutter Mane|21\/100 par\n|-start|p2b: Flutter Mane|confusion\n|move|p2a: Abomasnow|Blizzard|p1b: Espa\u00f1ita|[spread] p1b\n|-miss|p2a: Abomasnow|p1a: Pelipper\n|-damage|p1b: Espa\u00f1ita|46\/100\n|\n|-weather|RainDance|[upkeep]\n|upkeep\n|turn|7\n|inactive|Matildo has 30 seconds left.\n|inactive|Matildo has 20 seconds left.\n|\n|t:|1684106925\n|-activate|p2b: Flutter Mane|confusion\n|move|p2b: Flutter Mane|Protect|p2b: Flutter Mane\n|-singleturn|p2b: Flutter Mane|Protect\n|move|p1b: Espa\u00f1ita|Thunder|p2b: Flutter Mane\n|-activate|p2b: Flutter Mane|move: Protect\n|move|p1a: Pelipper|Hurricane|p2a: Abomasnow\n|-supereffective|p2a: Abomasnow\n|-damage|p2a: Abomasnow|0 fnt\n|faint|p2a: Abomasnow\n|\n|-weather|RainDance|[upkeep]\n|upkeep\n|turn|8\n|\n|t:|1684106937\n|move|p1b: Espa\u00f1ita|Thunder|p2b: Flutter Mane\n|-damage|p2b: Flutter Mane|0 fnt\n|faint|p2b: Flutter Mane\n|-end|p2b: Flutter Mane|Protosynthesis|[silent]\n|\n|win|Matildo\n|raw|Matildo's rating: 1235 → 1265<\/strong> (+30 for winning)\n|raw|KhiidBrazil's rating: 1300 → 1270<\/strong> (-30 for losing)\n|l|\u2606Matildo\n","uploadtime":1684106943,"views":7,"p1id":"matildo","p2id":"khiidbrazil","formatid":"gen9vgc2023regulationc","rating":1265,"private":0,"password":""}