{"id":"gen9vgc2023regulationc-1847009317","p1":"Souls31","p2":"johan250","format":"[Gen 9] VGC 2023 Regulation C","log":"|j|\u2606Souls31\n|j|\u2606johan250\n|t:|1681911331\n|gametype|doubles\n|player|p1|Souls31|2|1107\n|player|p2|johan250|ethan|1040\n|teamsize|p1|6\n|teamsize|p2|6\n|gen|9\n|tier|[Gen 9] VGC 2023 Regulation C\n|rated|\n|rule|Species Clause: Limit one of each Pok\u00e9mon\n|rule|Item Clause: Limit one of each item\n|clearpoke\n|poke|p1|Chien-Pao, L50|\n|poke|p1|Chi-Yu, L50|\n|poke|p1|Iron Valiant, L50|\n|poke|p1|Flutter Mane, L50|\n|poke|p1|Dragonite, L50, F|\n|poke|p1|Grimmsnarl, L50, M|\n|poke|p2|Arcanine, L50, F|\n|poke|p2|Grimmsnarl, L50, M|\n|poke|p2|Kingambit, L50, M|\n|poke|p2|Dragonite, L50, M|\n|poke|p2|Dragapult, L50, M|\n|poke|p2|Sylveon, L50, F|\n|teampreview|4\n|\n|t:|1681911357\n|start\n|switch|p1a: Chien-Pao|Chien-Pao, L50|100\/100\n|switch|p1b: Iron Valiant|Iron Valiant, L50, shiny|100\/100\n|switch|p2a: Kingambit|Kingambit, L50, M|100\/100\n|switch|p2b: Dragapult|Dragapult, L50, M|100\/100\n|-ability|p1a: Chien-Pao|Sword of Ruin\n|turn|1\n|c|\u2606johan250|hi\n|\n|t:|1681911372\n|switch|p2b: Arcanine|Arcanine, L50, F|100\/100\n|-ability|p2b: Arcanine|Intimidate|boost\n|-unboost|p1a: Chien-Pao|atk|1\n|-unboost|p1b: Iron Valiant|atk|1\n|move|p1a: Chien-Pao|Sucker Punch||[still]\n|-fail|p1a: Chien-Pao\n|move|p1b: Iron Valiant|Drain Punch|p2a: Kingambit\n|-supereffective|p2a: Kingambit\n|-damage|p2a: Kingambit|0 fnt\n|faint|p2a: Kingambit\n|-end|p2a: Kingambit|fallenundefined|[silent]\n|-damage|p1b: Iron Valiant|91\/100|[from] item: Life Orb\n|\n|upkeep\n|\n|t:|1681911390\n|switch|p2a: Sylveon|Sylveon, L50, F|100\/100\n|turn|2\n|\n|t:|1681911416\n|switch|p1a: Flutter Mane|Flutter Mane, L50, shiny|100\/100\n|move|p2a: Sylveon|Moonblast|p1b: Iron Valiant\n|-supereffective|p1b: Iron Valiant\n|-damage|p1b: Iron Valiant|0 fnt\n|faint|p1b: Iron Valiant\n|-end|p1b: Iron Valiant|Quark Drive|[silent]\n|move|p2b: Arcanine|Will-O-Wisp|p1a: Flutter Mane\n|-status|p1a: Flutter Mane|brn\n|\n|-damage|p1a: Flutter Mane|94\/100 brn|[from] brn\n|upkeep\n|\n|t:|1681911426\n|switch|p1b: Chi-Yu|Chi-Yu, L50|100\/100\n|-ability|p1b: Chi-Yu|Beads of Ruin\n|turn|3\n|\n|t:|1681911461\n|switch|p2b: Dragapult|Dragapult, L50, M|100\/100\n|move|p1b: Chi-Yu|Dark Pulse|p2b: Dragapult\n|-supereffective|p2b: Dragapult\n|-damage|p2b: Dragapult|0 fnt\n|faint|p2b: Dragapult\n|move|p1a: Flutter Mane|Power Gem|p2a: Sylveon\n|-damage|p2a: Sylveon|51\/100\n|move|p2a: Sylveon|Moonblast|p1b: Chi-Yu\n|-damage|p1b: Chi-Yu|52\/100\n|\n|-damage|p1a: Flutter Mane|88\/100 brn|[from] brn\n|upkeep\n|\n|t:|1681911473\n|switch|p2b: Arcanine|Arcanine, L50, F|100\/100\n|-ability|p2b: Arcanine|Intimidate|boost\n|-unboost|p1a: Flutter Mane|atk|1\n|-unboost|p1b: Chi-Yu|atk|1\n|turn|4\n|\n|t:|1681911491\n|-terastallize|p2a: Sylveon|Fairy\n|move|p1b: Chi-Yu|Dark Pulse|p2a: Sylveon\n|-resisted|p2a: Sylveon\n|-damage|p2a: Sylveon|28\/100\n|move|p1a: Flutter Mane|Power Gem|p2b: Arcanine\n|-supereffective|p2b: Arcanine\n|-damage|p2b: Arcanine|0 fnt\n|faint|p2b: Arcanine\n|cant|p2a: Sylveon|flinch\n|\n|-damage|p1a: Flutter Mane|82\/100 brn|[from] brn\n|upkeep\n|turn|5\n|\n|t:|1681911504\n|move|p1b: Chi-Yu|Dark Pulse|p2a: Sylveon\n|-resisted|p2a: Sylveon\n|-damage|p2a: Sylveon|3\/100\n|move|p1a: Flutter Mane|Power Gem|p2a: Sylveon\n|-damage|p2a: Sylveon|0 fnt\n|faint|p2a: Sylveon\n|\n|win|Souls31\n|raw|Souls31's rating: 1107 → 1127<\/strong> (+20 for winning)\n|raw|johan250's rating: 1040 → 1027<\/strong> (-13 for losing)\n|l|\u2606johan250\n|c|\u2606Souls31|Gg\n","uploadtime":1681911540,"views":9,"p1id":"souls31","p2id":"johan250","formatid":"gen9vgc2023regulationc","rating":1027,"private":0,"password":""}