{"id":"gen9vgc2023regulationc-1859728398","p1":"SeydouVGC","p2":"Aleatrio3124","format":"[Gen 9] VGC 2023 Regulation C","log":"|j|\u2606SeydouVGC\n|j|\u2606Aleatrio3124\n|t:|1683559621\n|gametype|doubles\n|player|p1|SeydouVGC|flint|\n|player|p2|Aleatrio3124|pokemaniac|\n|teamsize|p1|6\n|teamsize|p2|6\n|gen|9\n|tier|[Gen 9] VGC 2023 Regulation C\n|rated|Tournament battle\n|rule|Species Clause: Limit one of each Pok\u00e9mon\n|rule|Item Clause: Limit one of each item\n|clearpoke\n|poke|p1|Flutter Mane, L50|\n|poke|p1|Chi-Yu, L50|\n|poke|p1|Roaring Moon, L50|\n|poke|p1|Jumpluff, L50, F|\n|poke|p1|Wo-Chien, L50|\n|poke|p1|Torkoal, L50, M|\n|poke|p2|Abomasnow, L50, F|\n|poke|p2|Kilowattrel, L50, M|\n|poke|p2|Rotom-Frost, L50|\n|poke|p2|Arcanine, L50, F|\n|poke|p2|Garchomp, L50, M|\n|poke|p2|Gholdengo, L50|\n|teampreview|4\n|raw| Open Team Sheet for SeydouVGC<\/summary>Flutter Mane @ Power Anklet Ability: Protosynthesis Level: 50 Shiny: Yes Tera Type: Grass - Dazzling Gleam - Shadow Ball - Trick Room - Substitute Chi-Yu @ Safety Goggles Ability: Beads of Ruin Level: 50 Tera Type: Grass - Protect - Flamethrower - Tera Blast - Dark Pulse Roaring Moon @ Weakness Policy Ability: Protosynthesis Level: 50 Shiny: Yes Tera Type: Ground - Protect - Earthquake - Acrobatics - Rock Slide Jumpluff (F) @ Focus Sash Ability: Chlorophyll Level: 50 Tera Type: Ghost - Rage Powder - Absorb - Sleep Powder - Protect Wo-Chien @ Eject Pack Ability: Tablets of Ruin Level: 50 Tera Type: Dark - Substitute - Pollen Puff - Leaf Storm - Dark Pulse Torkoal @ Choice Specs Ability: Drought Level: 50 Shiny: Yes Tera Type: Fire - Eruption - Heat Wave - Helping Hand - Flamethrower <\/details><\/div> Open Team Sheet for Aleatrio3124<\/summary>Abomasnow @ Babiri Berry Ability: Snow Warning Level: 50 Tera Type: Water - Aurora Veil - Earth Power - Protect - Blizzard Kilowattrel @ Focus Sash Ability: Competitive Level: 50 Tera Type: Flying - Tailwind - Air Slash - Thunderbolt - Protect Rotom (Rotom-Frost) @ Assault Vest Ability: Levitate Level: 50 Tera Type: Water - Tera Blast - Blizzard - Discharge - Thunderbolt Arcanine @ Sitrus Berry Ability: Intimidate Level: 50 Tera Type: Normal - Flare Blitz - Extreme Speed - Snarl - Protect Garchomp @ Choice Band Ability: Rough Skin Level: 50 Tera Type: Ground - Dragon Claw - Earthquake - Rock Slide - Stomping Tantrum Gholdengo @ Life Orb Ability: Good as Gold Level: 50 Tera Type: Flying - Substitute - Protect - Shadow Ball - Make It Rain <\/details><\/div>\n|inactive|Battle timer is ON: inactive players will automatically lose when time's up. (requested by Aleatrio3124)\n|inactive|SeydouVGC has 60 seconds left.\n|inactive|Aleatrio3124 has 60 seconds left.\n|inactive|SeydouVGC has 30 seconds left.\n|inactive|Aleatrio3124 has 30 seconds left.\n|\n|t:|1683559697\n|start\n|switch|p1a: Jumpluff|Jumpluff, L50, F|100\/100\n|switch|p1b: Torkoal|Torkoal, L50, M, shiny|100\/100\n|switch|p2a: Abomasnow|Abomasnow, L50, F|100\/100\n|switch|p2b: Garchomp|Garchomp, L50, M|100\/100\n|-weather|Snow|[from] ability: Snow Warning|[of] p2a: Abomasnow\n|-weather|SunnyDay|[from] ability: Drought|[of] p1b: Torkoal\n|turn|1\n|inactive|SeydouVGC has 30 seconds left.\n|\n|t:|1683559723\n|switch|p2a: Kilowattrel|Kilowattrel, L50, M|100\/100\n|switch|p1b: Roaring Moon|Roaring Moon, L50, shiny|100\/100\n|-activate|p1b: Roaring Moon|ability: Protosynthesis\n|-start|p1b: Roaring Moon|protosynthesisatk\n|move|p1a: Jumpluff|Sleep Powder|p2b: Garchomp\n|-status|p2b: Garchomp|slp|[from] move: Sleep Powder\n|cant|p2b: Garchomp|slp\n|\n|-weather|SunnyDay|[upkeep]\n|upkeep\n|turn|2\n|\n|t:|1683559740\n|switch|p2b: Abomasnow|Abomasnow, L50, F|100\/100\n|-weather|Snow|[from] ability: Snow Warning|[of] p2b: Abomasnow\n|-end|p1b: Roaring Moon|Protosynthesis\n|-terastallize|p1b: Roaring Moon|Ground\n|move|p1a: Jumpluff|Protect|p1a: Jumpluff\n|-singleturn|p1a: Jumpluff|Protect\n|move|p2a: Kilowattrel|Tailwind|p2a: Kilowattrel\n|-sidestart|p2: Aleatrio3124|move: Tailwind\n|move|p1b: Roaring Moon|Earthquake|p2b: Abomasnow|[spread] p2b\n|-activate|p1a: Jumpluff|move: Protect\n|-immune|p2a: Kilowattrel\n|-resisted|p2b: Abomasnow\n|-damage|p2b: Abomasnow|83\/100\n|\n|-weather|Snow|[upkeep]\n|upkeep\n|turn|3\n|\n|t:|1683559764\n|switch|p1a: Torkoal|Torkoal, L50, M, shiny|100\/100\n|-weather|SunnyDay|[from] ability: Drought|[of] p1a: Torkoal\n|-activate|p1b: Roaring Moon|ability: Protosynthesis\n|-start|p1b: Roaring Moon|protosynthesisatk\n|move|p2a: Kilowattrel|Air Slash|p1b: Roaring Moon\n|-crit|p1b: Roaring Moon\n|-damage|p1b: Roaring Moon|52\/100\n|move|p2b: Abomasnow|Blizzard|p1b: Roaring Moon|[spread] p1a,p1b\n|-resisted|p1a: Torkoal\n|-supereffective|p1b: Roaring Moon\n|-damage|p1a: Torkoal|82\/100\n|-damage|p1b: Roaring Moon|2\/100\n|-enditem|p1b: Roaring Moon|Weakness Policy\n|-boost|p1b: Roaring Moon|atk|2|[from] item: Weakness Policy\n|-boost|p1b: Roaring Moon|spa|2|[from] item: Weakness Policy\n|move|p1b: Roaring Moon|Rock Slide|p2b: Abomasnow|[spread] p2a,p2b\n|-supereffective|p2a: Kilowattrel\n|-supereffective|p2b: Abomasnow\n|-enditem|p2a: Kilowattrel|Focus Sash\n|-damage|p2a: Kilowattrel|1\/100\n|-damage|p2b: Abomasnow|0 fnt\n|faint|p2b: Abomasnow\n|\n|-weather|SunnyDay|[upkeep]\n|upkeep\n|\n|t:|1683559772\n|switch|p2b: Garchomp|Garchomp, L50, M|100\/100 slp\n|turn|4\n|\n|t:|1683559794\n|switch|p2b: Rotom|Rotom-Frost, L50|100\/100\n|move|p2a: Kilowattrel|Protect|p2a: Kilowattrel\n|-singleturn|p2a: Kilowattrel|Protect\n|move|p1b: Roaring Moon|Protect|p1b: Roaring Moon\n|-singleturn|p1b: Roaring Moon|Protect\n|move|p1a: Torkoal|Heat Wave|p2a: Kilowattrel|[spread] p2b\n|-activate|p2a: Kilowattrel|move: Protect\n|-supereffective|p2b: Rotom\n|-damage|p2b: Rotom|0 fnt\n|faint|p2b: Rotom\n|\n|-weather|SunnyDay|[upkeep]\n|upkeep\n|\n|t:|1683559803\n|switch|p2b: Garchomp|Garchomp, L50, M|100\/100 slp\n|turn|5\n|\n|t:|1683559822\n|switch|p1a: Jumpluff|Jumpluff, L50, F|100\/100\n|-terastallize|p2b: Garchomp|Ground\n|move|p2a: Kilowattrel|Air Slash|p1b: Roaring Moon\n|-damage|p1b: Roaring Moon|0 fnt\n|faint|p1b: Roaring Moon\n|-end|p1b: Roaring Moon|Protosynthesis|[silent]\n|cant|p2b: Garchomp|slp\n|\n|-weather|SunnyDay|[upkeep]\n|-sideend|p2: Aleatrio3124|move: Tailwind\n|upkeep\n|\n|t:|1683559835\n|switch|p1b: Torkoal|Torkoal, L50, M, shiny|82\/100\n|turn|6\n|\n|t:|1683559856\n|move|p1a: Jumpluff|Rage Powder|p1a: Jumpluff\n|-singleturn|p1a: Jumpluff|move: Rage Powder\n|move|p2a: Kilowattrel|Tailwind|p2a: Kilowattrel\n|-sidestart|p2: Aleatrio3124|move: Tailwind\n|-curestatus|p2b: Garchomp|slp|[msg]\n|move|p2b: Garchomp|Earthquake|p1b: Torkoal|[spread] p1b\n|-immune|p2a: Kilowattrel\n|-immune|p1a: Jumpluff\n|-supereffective|p1b: Torkoal\n|-damage|p1b: Torkoal|0 fnt\n|faint|p1b: Torkoal\n|\n|-weather|SunnyDay|[upkeep]\n|upkeep\n|\n|t:|1683559867\n|switch|p1b: Wo-Chien|Wo-Chien, L50|100\/100\n|-ability|p1b: Wo-Chien|Tablets of Ruin\n|turn|7\n|\n|t:|1683559888\n|move|p2a: Kilowattrel|Protect|p2a: Kilowattrel\n|-singleturn|p2a: Kilowattrel|Protect\n|move|p1a: Jumpluff|Sleep Powder|p2b: Garchomp\n|-status|p2b: Garchomp|slp|[from] move: Sleep Powder\n|cant|p2b: Garchomp|slp\n|move|p1b: Wo-Chien|Substitute|p1b: Wo-Chien\n|-start|p1b: Wo-Chien|Substitute\n|-damage|p1b: Wo-Chien|76\/100\n|\n|-weather|none\n|upkeep\n|turn|8\n|\n|t:|1683559910\n|move|p1a: Jumpluff|Protect|p1a: Jumpluff\n|-singleturn|p1a: Jumpluff|Protect\n|move|p2a: Kilowattrel|Thunderbolt|p1a: Jumpluff\n|-activate|p1a: Jumpluff|move: Protect\n|cant|p2b: Garchomp|slp\n|move|p1b: Wo-Chien|Pollen Puff|p2a: Kilowattrel\n|-resisted|p2a: Kilowattrel\n|-damage|p2a: Kilowattrel|0 fnt\n|faint|p2a: Kilowattrel\n|\n|upkeep\n|turn|9\n|\n|t:|1683559925\n|cant|p2b: Garchomp|slp\n|move|p1a: Jumpluff|Absorb|p2b: Garchomp\n|-supereffective|p2b: Garchomp\n|-damage|p2b: Garchomp|91\/100 slp\n|move|p1b: Wo-Chien|Leaf Storm|p2b: Garchomp\n|-supereffective|p2b: Garchomp\n|-damage|p2b: Garchomp|0 fnt\n|-unboost|p1b: Wo-Chien|spa|2\n|faint|p2b: Garchomp\n|\n|win|SeydouVGC\n|n|\u2606SeydouVGC|seydouvgc\n|n|\u2606Aleatrio3124|aleatrio3124\n|l|\u2606Aleatrio3124\n","uploadtime":1683559941,"views":9,"p1id":"seydouvgc","p2id":"aleatrio3124","formatid":"gen9vgc2023regulationc","rating":0,"private":0,"password":""}